code,internal_code,name,manufacturer_name,manufacture_country,manufacturer_item_description,unit_qty,quantity,unit_of_measure,weighted,qty_in_package,price,unit_of_measure_price,allow_discount,status,item_id
40084107,false,ביצת שוקולד הפתעה קינדר,פרדי קונדטוריה אס פי,IT,ביצת הפתעה,גרמים,20.00,100 גרם,false,1,5.30,26.50,true,1,
40111216,false,באונטי חטיף קוקוס ושוקולד 57ג',"נארז ע""י : א.ג. גילר",NL,חטיף באונטי,גרמים,57.00,100 גרם,false,0,3.90,6.84,true,1,
40434995,false,מברשת כלים רגילה ק55,המברשת רוחמה,IL,מברשת כלים רגי,יחידה,1.00,יחידה,false,0,6.00,6.00,true,1,
42102021,false,מסטיק אורביט פרופשונל10י,ריגלי,PL,מסטיק אורביט,יחידה,1.00,יחידה,false,0,3.10,3.10,true,1,
42123873,false,אורביט פרופשיונל ספירמיט,ריגלי,PL,מסטיק אורביט,יחידה,1.00,יחידה,false,0,3.10,3.10,true,1,
42124351,false,סוכ.מינטס ט.מנטה קלאסי18,ריגלי,PL,סוכריות מינטס,גרמים,18.00,100 גרם,false,0,3.00,16.67,true,1,
42154655,false,אורביט פפרמינט אר' מעטפה,ריגלי,FR,אורביט פפרמינט,גרמים,27.00,100 גרם,false,0,5.80,21.48,true,1,
42154662,false,אורביט באריזת מעטפה ספירמינט מסטיק,ריגלי צרפת,FR,מסטיק אורביט,גרמים,27.00,100 גרם,false,0,5.80,21.48,true,1,
42155034,false,מסטיק פירות מעטפה 27 גרם,ריגלי,FR,מסטיק אורביט,גרמים,27.00,100 גרם,false,0,5.80,21.48,true,1,
42174479,false,אורביט מעטפה תות 27 גרם,ריגלי צרפת,FR,אורביט מעטפה,גרמים,27.00,100 גרם,false,1,5.80,21.48,true,1,
42182085,false,5 בטעם פירות טרופיים31גר,ריגלי,FR,5 פירות טרופיים,גרמים,31.00,100 גרם,false,0,6.80,21.94,true,1,
42182108,false,מסטיק פייב פפרמינט 12 סטיקס,מרס נדרלנד,FR,5 בטעם מנטה,גרמים,31.00,100 גרם,false,0,6.80,21.94,true,1,
42182115,false,אורביט פייב ספירמינט 12 סטיקס 29 גר,מרס נדרלנד,FR,5 מנטה עדינה,גרמים,31.00,100 גרם,false,0,6.80,21.94,true,1,
42211860,false,אורביט סטיקס פפרמינט31ג,ריגלי,FR,אורביט סטיקס,גרמים,31.00,100 גרם,false,0,5.70,18.39,true,1,
42211877,false,אורביט סטיקס ספירמינט31ג,ריגלי,FR,אורביט סטיקס,גרמים,31.00,100 גרם,false,0,5.70,18.39,true,1,
42247388,false,מסטיק אורביט בבלמינט14יח,ריגלי,PL,אורביט בליסטר,גרמים,14.00,100 גרם,false,0,3.10,22.14,true,1,
42247555,false,מסטיק 5 אוכמניות רימון31,ריגלי,FR,מסטיק 5 אוכמניות,גרמים,31.00,100 גרם,false,0,6.80,21.94,true,1,
42247722,false,פייב אסנשיאל אבטיח19גרם,ריגלי,FR,מסטיק פייב,גרמים,19.00,100 גרם,false,0,5.00,26.32,true,1,
42268086,false,אורביט סקיני תות 31 גרם,ריגלי,FR,אורביט סקיני,גרמים,31.00,100 גרם,false,0,5.70,18.39,true,1,
42268222,false,מסטיק 5 פירות יער 31 גרם,ריגלי,FR,מסטיק 5 פירות,גרמים,31.00,100 גרם,false,1,6.80,21.94,true,1,
42268253,false,אורביט בליסטר אוכמניות14,ריגלי,PL,אורביט בליסטר,גרמים,14.00,100 גרם,false,0,3.10,22.14,true,1,
46024824,false,נקסט פייןPP חפיסה,פיליפ מוריס,,נקסט יח',יחידה,1.00,יחידה,false,0,27.50,27.50,false,1,
50204649,false,גלייד מוצק לבנדר 150גרם,ג'ונסון,GB,גלייד מטהר מוצק,גרמים,150.00,100 גרם,false,0,8.80,5.87,true,1,
54051140,false,מעדן סויה טעם וניל אלפרו רביעיה * 125 ג',הנסיך- מפעל לייצור ט,BE,מעדן סויה 4יח',גרמים,500.00,100 גרם,false,0,18.90,3.78,true,1,
54051157,false,מעדן סויה טעם שוקו אלפרו רביעיה 125 ג',קריות זול,BE,אלפרו מעדן ט.שוקו125X4גר,גרמים,500.00,100 גרם,false,0,18.90,3.78,true,1,
57300443,false,כבד דג שיבוט מעושן 120גר,אקראבורג,IS,כבד דג מעושן,גרמים,120.00,100 גרם,false,0,13.60,11.33,true,1,
72917275,false,חטיף טורטית 40 גר,STRAUSS-ISRAEL,IL,וופל טורטית,גרמים,40.00,100 גרם,false,0,3.90,9.75,true,1,
72917329,false,חטיף אגוזי 45 גר,STRAUSS-ISRAEL,IL,חטיף אגוזי,גרמים,45.00,100 גרם,false,0,3.90,8.67,true,1,
72917367,false,חטיף טעמי 40 גרם,"שטראוס גרופ בע""מ",IL,חטיף טעמי,גרמים,40.00,100 גרם,false,0,3.90,9.75,true,1,
72917589,false,מקופלת חלב 25 גרם,"שטראוס גרופ בע""מ",IL,מקופלת חלב,גרמים,25.00,100 גרם,false,0,3.90,15.60,true,1,
72917893,false,וופל פסק זמן חלב 45 גרם,STRAUSS-ISRAEL,IL,פסק זמן חלב,גרמים,45.00,100 גרם,false,0,4.90,10.89,true,1,
72918388,false,חטיף טוויסט 28 גר,"שטראוס גרופ בע""מ",IL,חטיף טוויסט,גרמים,28.00,100 גרם,false,0,3.90,13.93,true,1,
72940761,false,"מילקי מעדן שוקולד עם קצפת שטראוס 133 מ""ל",מיוצר עי קונדיטוריית,IL,מילקי טעם שוקולד,מיליליטרים,170.00,"100 מ""ל",false,0,2.80,1.65,true,1,
72940976,false,סלט כרוב אדום אחלה 250 גרם,מיוצר עי קונדיטוריית,IL,סלט כרוב אדום,גרמים,250.00,100 גרם,false,0,7.40,2.96,true,1,
72945308,false,קוביית שמרים טריים לאפיה שמרית 50 גרם,"פאקא תעשיות בע""\מ",IL,קוביות שמרים,גרמים,50.00,100 גרם,false,0,3.20,6.40,true,1,
72961216,false,**אשד מהדרין 5% 200מל,תנובה מרכז שיתופי לש,IL,"אשד 200 מ""ל",מיליליטרים,200.00,"100 מ""ל",false,0,1.55,0.78,true,1,
72961223,false,"גילה 3% תנובה 200 מ""ל",תנובה מרכז שיתופי לש,IL,גילה 3%,מיליליטרים,200.00,"100 מ""ל",false,0,1.40,0.70,true,1,
72961506,false,יוגורט עם תות 1.5% שומן 125 ג' פרילי,מיוצר עי קונדיטוריית,IL,פרילי תות,גרמים,125.00,100 גרם,false,0,3.50,2.80,true,1,
72961513,false,יוגורט פרילי משמש 1.5% שומן 125 גרם,תנובה מרכז שיתופי לש,IL,פרילי משמש,מיליליטרים,125.00,"100 מ""ל",false,0,3.50,2.80,true,1,
72961520,false,"פרילי יוגורט עם אננס 1.5% תנובה 125 מ""ל",מיוצר עי קונדיטוריית,IL,פרילי אננס 1.5%,גרמים,125.00,100 גרם,false,0,3.50,2.80,true,1,
72961544,false,"באדי יוגורט בטעם תות שדה 3% תנובה 125 מ""ל",מחלבת אלון תבור,IL,מעדן באדי תות 3%,גרמים,125.00,100 גרם,false,0,2.80,2.24,true,1,
72963104,false,חמאה מפוסטרת תנובה 1,תנובה,IL,חמאה,גרמים,100.00,100 גרם,false,0,3.80,3.80,true,1,
72963753,false,שמנת אורגינל של פעם 27% שומן 200 ג' תנובה,תנובה מרכז שיתופי לש,IL,שמנת חמוצה תנובה,גרמים,200.00,100 גרם,false,0,3.90,1.95,true,1,
72963920,false,דנובה יוגורט 4% 200מל,תנובה,IL,יוגורט דנובה,גרמים,200.00,100 גרם,false,0,3.40,1.70,true,1,
72964132,false,פרילי טבע יוגורט עם גרנולה 200 גרם,מיוצר עי קונדיטוריית,IL,פרילי טבע גרנולה,גרמים,200.00,100 גרם,false,0,4.50,2.25,true,1,
72964422,false,יוגורט פרחים 4.5% שומן 200 גרם,מחלבת תנובה,IL,יוגורט תנובה4.5%,מיליליטרים,200.00,"100 מ""ל",false,0,2.50,1.25,true,1,
72983416,false,ל.מ. בלו ארוך בוקס חפ,פיליפ מוריס,,ל.מ בלו חפ.,יחידה,1.00,יחידה,false,0,31.50,31.50,false,1,
72983997,false,קופסה גולף גולד ארוך בוקס,דובק,,גולף גולד,יחידה,1.00,יחידה,false,0,29.00,29.00,false,1,
72986448,false,"גלידת בן & ג'ריס פיינטים טופי קראנץ 500מ""ל",מוצרי איכות אמריקאיים בע,US,גלידה בן & ג'ר,מיליליטרים,500.00,"100 מ""ל",false,0,25.50,5.10,true,1,
72986455,false,"גלידה בן& ג'ריס ניו יורק סופר פאדג' צ'אנק 500 מ""ל",מוצרי איכות אמריקאיים בע,US,גלידה בן & ג'ר,מיליליטרים,500.00,"100 מ""ל",false,0,25.50,5.10,true,1,
72986479,false,"גלידה שוקולד אגוז עם בננות בן וג'ירי 500 מ""ל",מוצרי איכות אמריקאיים בע,US,גלידה בן & ג'ר,מיליליטרים,500.00,"100 מ""ל",false,0,25.50,5.10,true,1,
72991374,false,סיגריות טיים רד חפיס,דובק,IL,טיים RED יחידה,יחידה,1.00,יחידה,false,0,28.00,28.00,false,1,
72991381,false,סיגריות טיים 100 RED בודד,דובק,IL,טיים RED 100,יחידה,1.00,יחידה,false,0,28.00,28.00,false,1,
72991404,false,סיגריות אירופה חפיסה,דובק,IL,אירופה יחידה,יחידה,1.00,יחידה,false,0,28.00,28.00,false,1,
72991411,false,סיגריות ברודווי 80 ח,דובק,IL,ברודווי 80,יחידה,1.00,יחידה,false,0,28.00,28.00,false,1,
72991428,false,קופסה ברודווי ארוך,דובק,IL,ברודווי 100 יח,יחידה,1.00,יחידה,false,0,28.00,28.00,false,1,
72992357,false,חטיף פסק זמן ביג ביי,STRAUSS-ISRAEL,IL,פסק זמן BIG,גרמים,52.00,100 גרם,false,0,4.90,9.42,true,1,
72993637,false,מעדן חלב בטעם שוקולד 125 ג' דני,"שטראוס גרופ בע""\מ",IL,דני שוקולד 1.5%,גרמים,125.00,100 גרם,false,0,2.60,2.08,true,1,
72993781,false,פסק זמן גלילית לבן 40גרם,שטראוס גרופ,IL,פסק זמן גלילית,גרמים,40.00,100 גרם,false,0,4.90,12.25,true,1,
72993927,false,נקסט פיין 100PP חפיס,פיליפ מוריס,,נקסט 100 חפיסה,יחידה,1.00,יחידה,false,0,27.50,27.50,false,1,
80042563,false,רסק עגבניות 700 ג' (צהוב) MUTTI,"איי, בי, אינבוו",,רסק עגבניות,גרמים,700.00,100 גרם,false,0,12.30,1.76,true,1,
80176800,false,נוטלה ממרח שוקולד 750 גרם,פררו תעשיות איטליה ס,PL,ממרח נוטלה,גרמים,750.00,100 גרם,false,0,23.90,3.19,true,1,
80177173,false,ממרח שוקולד נוטלה 350 גרם,פררו - אלבה,IT,ממרח נוטלה,גרמים,350.00,100 גרם,false,0,14.00,4.00,true,1,
80177609,false,אצבעות שוקולד קינדר Kinder ארבע יחידות,פררו - אלבה,IT,אצבעות קינדר,גרמים,50.00,100 גרם,false,0,4.30,8.60,true,1,
80761761,false,קינדר בואנו לבן בודד 39 גרם,ליימן שליסל,,קינדר בואנו לבן,גרמים,39.00,100 גרם,false,0,4.90,12.56,true,1,
80765790,false,מסטיק מנטוס3D אניגמה33ג,פרפטי ואן מלה,TR,מסטיק מנטוס 3D,גרמים,33.00,100 גרם,false,0,6.90,20.91,true,1,
80767091,false,מסטיק מנטוס פירות אדומ90,פרפטי ואן מלה,TR,מסטיק מנטוס,גרמים,90.00,100 גרם,false,0,17.10,19.00,true,1,
80769699,false,מסטיק מנטוס -מנטוס וויט פירות מנטה,הדקלאים אגודת שיתופי,TR,מנטוס וויט,גרמים,60.00,100 גרם,false,0,9.90,16.50,true,1,
80817109,false,מסטיק מנטוס 3D תפוח/פטל,פרפטי ואן מלה,TR,מסטיק מנטוס,גרמים,33.00,100 גרם,false,0,6.90,20.91,true,1,
80828174,false,מנטוס וויט בטעם מנטה מתוקה 40 יח,"פרפטי ואן מלה ג'ידה,סאן",TR,מנטוס וויט,גרמים,60.00,100 גרם,false,0,9.90,16.50,true,1,
80828266,false,מסטיק מנטוס מנטה 90 גרם,פרפטי ואן מלה,TR,מסטיק מנטוס,גרמים,90.00,100 גרם,false,0,17.10,19.00,true,1,
80850885,false,גומי לעיסה מנטוס וויט בטעם מנטה עדינה ללא סוכר,פרפטי ואן מלה ברדה,TR,מנטוס וויט,גרמים,60.00,100 גרם,false,0,9.90,16.50,true,1,
80869580,false,מסטיק מנטוס ספירמינט90ג,פרפטי ואן מלה,TR,מסטיק מנטוס,גרמים,90.00,100 גרם,false,0,17.10,19.00,true,1,
80938828,false,מסט.מנטוס 3D אבטיח/אננס,פרפטי ואן מלה,TR,מסטיק מנטוס,גרמים,33.00,100 גרם,false,0,6.90,20.91,true,1,
87304770,false,סוכריות מנטוס BOX מנטה64,פרפטי ואן מלה ברדה,NL,סוכריות מנטוס,גרמים,64.00,100 גרם,false,0,6.40,10.00,true,1,
90162602,true,רד בול משקה אנרגיה פח250,רד בול ג'\י.אם.בי. אץ'\,AT,רד בול,מיליליטרים,250.00,"100 מ""ל",false,0,8.10,3.24,true,1,
13495113506,false,קליק ביסקוויט 75 גרם,יוניליוור ישראל מזון בע\,IL,קליק ביסקוויט,גרמים,75.00,100 גרם,false,0,5.90,7.87,true,1,
13495113513,false,קליק שוקולד חלב 75 גרם,יוניליוור ישראל מזון בע\,IL,קליק שוקולד,גרמים,75.00,100 גרם,false,0,5.90,7.87,true,1,
13495113537,false,קליק חום לבן מעורב 75 גר,אתר צפת חטיפים - Foo,IL,קליק מעורב,גרמים,75.00,100 גרם,false,0,5.90,7.87,true,1,
13495113582,false,קליק כריות 75 גרם,יוניליוור ישראל מזון בע\,IL,קליק כריות,גרמים,75.00,100 גרם,false,0,5.90,7.87,true,1,
16000423534,false,חטיפי גרנולה קראנצ'י עם שיבולת שועל ושוקולד מריר נייצ'ר ואלי 5*42 גרם,ג'נרל מילס סאן אדריאן,US,חטיף נייצ'ר ואלי,גרמים,210.00,100 גרם,false,0,19.90,9.48,true,1,
16000548404,false,חטיפי גרנולה קראנצ'י עם שיבולת שועל ודבש נייצ'ר ואלי 5*42 גרם,ג'נרל מילס סאן אדריאן,US,חטיף נייטשר ואלי,גרמים,210.00,100 גרם,false,0,19.90,9.48,true,1,
16000548503,false,חטיפי גרנולה קראנצ'י עם מייפל וסוכר חום נייצ'ר ואלי 5*42 גרם,ג'נרל מילס סאן אדריאן,US,חטיף נייטשר ואלי,גרמים,210.00,100 גרם,false,0,19.90,9.48,true,1,
18000701223,false,"פילסברי, עוגה בטעם שוקולד, תערובת להכנת עוגה בטעם שוקולד. 500 גרם",הדקלאים אגודת שיתופי,IL,תערובת לעוגה,גרמים,500.00,100 גרם,false,0,17.90,3.58,true,1,
18000703494,false,"פילסברי, עוגה בטעם וניל, תערובת להכנת עוגה בטעם וניל. 500 גרם.",הדקלאים אגודת שיתופי,IL,תערובת לעוגה,גרמים,500.00,100 גרם,false,0,17.90,3.58,true,1,
24000154617,false,אננס שלם בסירופ,,,אננס שלם בסירופ,גרמים,825.00,100 גרם,false,0,9.70,1.18,true,1,
25675120020,false,סאוור סטיקס Sour Sticks בטעם אוכמניות,פשקס קנדי,BE,חמצוצים פטל,גרמים,100.00,100 גרם,false,0,8.40,8.40,true,1,
27000609040,false,רוטב היקורי מעושן 510גרם,קונגרה,US,רוטב ברביקיו,גרמים,510.00,100 גרם,false,0,13.70,2.69,true,1,
28200106902,false,מרלבורו גולד קצר בוקס10י,פיליפ מוריס,US,מרלבורו גולד ק,יחידה,1.00,יחידה,false,0,319.90,319.90,false,1,
28200133502,false,מרלבורו רד קצר בוקס 10יח,פיליפ מוריס,IL,מרלבורו רד חבילה,יחידה,1.00,יחידה,false,0,319.90,319.90,false,1,
28200145109,false,ל.מ. סילבר לייבל 10 יח,פיליפ מוריס,,ל.מ. סילבר ליי,יחידה,1.00,יחידה,false,0,299.90,299.90,false,1,
28200152701,false,ל.מ. בלו לייבל קצר 10,פיליפ מוריס,US,ל.מ. בלו לייבל,יחידה,1.00,יחידה,false,0,299.90,299.90,false,1,
33200147701,false,פרש&סופט דפים למייבש בניחוח טרופי 100 יח,פרש אנד סופט Frash'n soft,US,דפים למייבש,יחידה,1.00,יחידה,false,0,29.90,29.90,true,1,
34000124138,false,ממרח בוטנים וקקאו 368גרם,הרשי שוקולד,US,ממרח בוטנים/קקאו,גרמים,368.00,100 גרם,false,1,19.70,5.35,true,1,
34000146208,false,נטיפי שוקולד לאפייה283גר,הרשי שוקולד,US,נטיפי שוקולד,גרמים,283.00,100 גרם,false,1,18.70,6.61,true,1,
34000312177,false,הרשי סירופ בטעם שוקולד 680 גרם,ליימן מותגים,US,סירופ שוקולד,גרמים,680.00,100 גרם,false,0,19.70,2.90,true,1,
36000258295,false,ממחטות טישו אלוורה קלינקס 75יח',קלינקס,IL,קלינקס לושן,יחידה,1.00,יחידה,false,0,10.80,10.80,true,1,
36000258660,false,קלינקס לושן אלוורה 120יח,קלינקס,IL,קלינקס לושן,יחידה,1.00,יחידה,false,0,16.80,16.80,true,1,
37600207188,false,חמאת בוטנים קלאסי סקיפי 462 גרם,חברת המזון אלגוד,US,חמאת בוטנים,גרמים,462.00,100 גרם,false,0,17.90,3.87,true,1,
37600207256,false,חמאת בוטנים סקיפי עם שברי בוטנים 462 גרם,חברת המזון אלגוד,US,חמאת בוטנים,גרמים,462.00,100 גרם,false,0,17.90,3.87,true,1,
38000844966,false,חטיף פרינגלס אורגינל161ג,פרוקטר & גמבל,IL,חטיף פרינגלס,גרמים,161.00,100 גרם,false,0,9.90,6.15,true,1,
38000844973,false,חטיף פרינגלס ברביקיו169ג,פרוקטר & גמבל,IL,חטיף פרינגלס,גרמים,169.00,100 גרם,false,0,9.90,5.86,true,1,
38000845000,false,פרינגלס שמנת בצל 169 גר,פרוקטר & גמבל,US,פרינגלס שמנת בצל,גרמים,169.00,100 גרם,false,0,9.90,5.86,true,1,
38000845017,false,חטיף פרינגלס חלפינו169,פרוקטר & גמבל,US,חטיף פרינגלס,גרמים,169.00,100 גרם,false,0,9.90,5.86,true,1,
38527591053,false,קואקר דגנים מרובעים שיבולת שועל וקינמון,קוואקר אוטס קומפני,,דגנים מרובעים קינמון412ג,גרמים,412.00,100 גרם,false,0,19.90,4.83,true,1,
38527591060,false,דגני קוואקר מרובעים Quaker Squares עם סוכר חום,קוואקר אוטס קומפני,,דגנים מרובעים קוואקר412ג,גרמים,412.00,100 גרם,false,0,19.90,4.83,true,1,
38527591145,false,דגנים קפטן בוטנים355גרם,BEVERAGES FOODS & SE,,קפטן דגנים,גרמים,355.00,100 גרם,false,0,19.90,5.61,true,1,
38900015312,false,חתיכות אננס דול,,PH,חתיכות אננס דול,גרמים,681.00,100 גרם,false,0,15.10,2.22,true,1,
38900770174,false,קוקטייל טרופי,,PH,קוקטייל טרופי,גרמים,681.00,100 גרם,false,0,15.10,2.22,true,1,
39800011367,false,סוללות אנרגייזר 2 יח,אנרג'\ייזר,US,סוללות C,יחידה,1.00,יחידה,false,0,28.60,28.60,true,1,
40000470700,false,עדשי שוק. מ&מ'ס שוקו226ג,מרס,US,עדשי שוקולד מ&מ,גרמים,226.00,100 גרם,false,0,14.90,6.59,true,1,
41390010309,false,"רוטב טריאקי קיקומן 444 מ""ל",קיקומן פודז אינק,US,רוטב טריאקי,מיליליטרים,444.00,"100 מ""ל",false,0,18.90,4.26,true,1,
44738018432,false,חלב קוקוס צ'אוקה 400 מל' T.C.C,אסיאטיק אגרו אינדוסטרי,TH,מי קוקוס,מיליליטרים,400.00,"100 מ""ל",false,0,8.50,2.13,true,1,
46214731552,false,עוגיות שוקולד צ'יפס 37% גודיס 225 גרם,קריניציה ויטמינה אס,NL,עוגיות ש.צ'יפס,גרמים,225.00,100 גרם,false,0,10.90,4.84,true,1,
47400179660,false,מאך 3 סכיני גילוח 4י,פרוקטר & גמבל,IL,סכיני גילוח,יחידה,1.00,יחידה,false,0,39.60,39.60,true,1,
48256222203,false,אסטוניש לתנורים 500 גרם,אסטוניש -לידס,IL,אסטוניש משחה,גרמים,500.00,100 גרם,false,0,11.90,2.38,true,1,
50000421541,false,פריסקיז בודד דגי אוקיאנוס וטונה,נסטלה פורינה USA קר,US,פריסקיז לחתול,גרמים,156.00,100 גרם,false,0,6.30,4.04,true,1,
50000423347,false,פריסקיז לח סלמון 156 גרם,נסטלה פורינה USA קר,US,פריסקיז לח לחתול,גרמים,156.00,100 גרם,false,0,6.30,4.04,true,1,
50000424948,false,פריסקיז דגי אוקיינוס וטונה 156ג',נסטלה פורינה USA קר,US,פריסקיז לחתול,גרמים,156.00,100 גרם,false,0,6.30,4.04,true,1,
50000429448,false,פריסקיז פנסי פיסט פטה מוס סלמון 85 גרם,נסטלה פורינה USA סט,US,פנסי פיסט לחתול,גרמים,85.00,100 גרם,false,0,5.90,6.94,true,1,
50000429646,false,פריסקיז פנסי פיסט לח דג אוקיאנוס 85 גרם,נסטלה פורינה USA ג',US,פנסי פיסט לחתול,גרמים,85.00,100 גרם,false,0,5.90,6.94,true,1,
52100070865,false,"תמצית וניל טהור מקורמיק 29 מ""ל",מקורמיק האנט ואלי,US,תמצית וניל,מיליליטרים,29.00,"100 מ""ל",false,0,24.00,82.76,true,1,
55500012046,false,כלורוקס קלין אפ מרסס נוזל לניקוי רב תכלי,כלורוקס אוקלנד,US,כלורקס מרסס,מיליליטרים,946.00,"100 מ""ל",false,0,15.70,1.66,true,1,
64144090013,false,פאם תרסיס על בסיס שמן קנולה בטעם חמאה,קונאגרה פודס,IL,תרסיס שמן,גרמים,141.00,100 גרם,false,0,19.20,13.62,true,1,
64144090051,false,"ספריי שמן PAM קנולה אורגינל 148 מ""ל",קונאגרה פודס,US,תרסיס שמן קנולה,מיליליטרים,148.00,"100 מ""ל",false,0,19.20,12.97,true,1,
70450020873,false,שזיפים מגולענים סנסוויט 500 גרם,סנסוויט גרוורס קליפו,US,שזיפים סנסוויט,גרמים,500.00,100 גרם,false,0,29.90,5.98,true,1,
76840100125,false,"גלידה בן&ג'ריס צ'אבי וניל פאדג' 550מ""ל",מוצרי איכות אמריקאיים בע,IL,גל בןאנדג'רי,גרמים,473.00,100 גרם,false,0,25.50,5.39,true,1,
76840100156,false,"בן אנד גריס גלידת צרי גרסיה 500 מ""ל",מוצרי איכות אמריקאיים בע,IL,גלידה צ'רי גרסיה,מיליליטרים,500.00,"100 מ""ל",false,0,25.50,5.10,true,1,
76840100583,false,גלידה וניל +בצק עוגיות ושוקולד צי'פס 473ג,מוצרי איכות אמריקאיים בע,IL,גל.בןאנדג'ריס,מיליליטרים,473.00,"100 מ""ל",false,0,25.50,5.39,true,1,
76840100811,false,בן&גריס פיינט שמנת בטעם ח.בוטנים עם בוטנ,מוצרי איכות אמריקאיים בע,IL,גלידה בן& ג'רי,גרמים,428.00,100 גרם,false,0,25.50,5.96,true,1,
76840102051,false,גלידה בן&ג'ריס פיינט עוגת קינמון 500 גר',מוצרי איכות אמריקאיים בע,IL,גלידת שמנת קרמל וקינמון,מיליליטרים,473.00,"100 מ""ל",false,0,25.50,5.39,true,1,
76840280544,false,גל.יוגורט וניל דבש 396גר,מוצרי איכות אמריקאיים,IL,גל.יוגורט וניל דבש 396גר,גרמים,396.00,100 גרם,false,0,25.30,6.39,true,1,
76840400218,false,"גלידה בן&ג'ריס תות שדה ועוגת גבינה 500מ""ל",מוצרי איכות אמריקאיים בע,IL,גל.עוגת גבינ.תות,גרמים,420.00,100 גרם,false,0,25.50,6.07,true,1,
77245110597,false,סוכריות מאסט לימון 80גרם,MIESZKO S.A - MS. JO,PL,סוכריות מאסט,גרמים,80.00,100 גרם,false,0,7.50,9.38,true,1,
77245110610,false,סוכריות מאסט ללא סוכר בטעם מנטה 80 ג'עלית,MIESZKO S.A - MS. JO,PL,סוכריות מאסט,גרמים,80.00,100 גרם,false,0,7.50,9.38,true,1,
77975022757,false,בייגלה קשה מבצק שאור בסגנון אמריקאי,סניידרס אוף האנובר,US,בייגלה אמריקאי,גרמים,382.00,100 גרם,false,0,16.80,4.40,true,1,
77975091784,false,טורטיות צ'יפס תירס צ354ג,סניידרס,US,טורטיות צ'יפס,גרמים,354.00,100 גרם,false,1,15.90,4.49,true,1,
80432400432,false,וויסקי שיבאס רגאל 12 שנה - ליטר,מזקקת האחים שיבאס,GB,וויסקי שיבס,ליטרים,1.00,ליטר,false,0,149.90,149.90,true,1,
195480030088,false,שוקולד צמקאו מריר אופנהיימר לאפייה ובישול 300ג',אופנהיימר,IL,צימקאו מריר,גרמים,300.00,100 גרם,false,1,9.90,3.30,true,1,
639138513238,false,פילה הרינג מעושן צ'צ'יק 190 גרם,רוג'ין פיש,DE,פילה הרינג,גרמים,190.00,100 גרם,false,0,12.40,6.53,true,1,
728229123590,false,טרה אורגינל חטיף על בסיס ירקות שורש בטעם טבעי 110 גרם,הונדורס צ'יפס יצור א,IL,צ'יפס,גרמים,110.00,100 גרם,false,0,13.80,12.55,true,1,
728229123811,false,טרה חטיף על בסיס ירקות שורש בתיבול ים תיכוני 110 גרם,הונדורס צ'יפס יצור א,US,צ'יפס מתובל,גרמים,110.00,100 גרם,false,0,13.80,12.55,true,1,
768404001640,false,"גלידה בן&ג'ריס קפה משפחתית 500מ""ל",מוצרי איכות אמריקאיים בע,IL,"גלידת בטעם קפה 500 מ""ל",מיליליטרים,500.00,"100 מ""ל",false,0,25.50,5.10,true,1,
783007983780,false,18 טמפוני פלייטקס רגולר,אנרג'ייזר,IL,טמפוני פלייטקס,יחידה,1.00,יחידה,false,0,26.10,26.10,true,1,
783007983858,false,18 טמפוני פלייטקס סופר,מיוצר עי קונדיטוריית,IL,טמפוני פלייטקס,יחידה,1.00,יחידה,false,0,26.10,26.10,true,1,
835811005421,false,"שיפודים עבים 25 ס""מ 75 יח` הנמל",שוורצקוף& הנקל דיסלד,,מקלות עבים לשיפודים 75יח,יחידה,1.00,יחידה,false,0,4.00,4.00,true,1,
835811006053,false,הנמל קורנפלור 200 גר,ר.ס חברה ליבוא ויצור,IL,קורנפלור 200 גרם,גרמים,200.00,100 גרם,false,0,3.30,1.65,true,1,
835811008361,false,"שעועית 1 ק""ג",הנמל,IL,שעועית,קילוגרמים,1.00,"ק""ג",false,0,11.80,11.80,true,1,
856591000062,false,עוגיות מזרחיות עם מלח עבאדי 400 גרם,מאפיית יוסף ושמחה עבאדי,IL,עוגיות מזרחיות,גרמים,400.00,100 גרם,false,0,17.40,4.35,true,1,
856591000109,false,עבאדי עוגיות מזרחיות פריך במיוחד 400 גרם,מאפיית יוסף ושמחה עבאדי,IL,עוגיות מזרחיות,גרמים,400.00,100 גרם,false,0,17.40,4.35,true,1,
856591000123,false,עוגיות מזרחיות עבאדי700ג,עבאדי,IL,עוגיות מזרחיות עבאדי700ג,גרמים,700.00,100 גרם,false,0,22.00,3.14,true,1,
856591000437,false,מיני מזרחיות פלאפל200,עבאדי,IL,עוגיות מזרחיות,גרמים,200.00,100 גרם,false,0,10.80,5.40,true,1,
856591000444,false,מיני מזרח.חריף בקטנה200ג,עבאדי,IL,עוגיות מזרחיות,גרמים,200.00,100 גרם,false,0,10.80,5.40,true,1,
856591000512,false,עוגיות מזרחיות מקלונים עם שומשום עבאדי 400 גרם,מאפיית יוסף ושמחה עבאדי,IL,עוגיות מזרחיות,גרמים,400.00,100 גרם,false,0,17.40,4.35,true,1,
884912014245,false,דגני בוקר האני בנצ'ס דבש פוסט 411 גרם,הנסיך- מפעל לייצור ט,US,פוסט הני בנצ'ס,גרמים,411.00,100 גרם,false,0,23.70,5.77,true,1,
884912032171,false,האני באנצ'ס פקאן 411 גרם,פוסט,US,האני באנצ'ס,גרמים,411.00,100 גרם,false,0,23.70,5.77,true,1,
884912126115,false,גרייט גריינס דגני בוקר עם פירות יבשים פוסט 453 גרם,הנסיך- מפעל לייצור ט,US,דגני גרייט גרינס,גרמים,453.00,100 גרם,false,0,19.90,4.39,true,1,
3014260001476,false,2 אדוונטג' סופט35 להלבנה,פרוקטר & גמבל,IE,2 אדוונטג' סופט35 להלבנה,יחידה,1.00,יחידה,false,0,26.90,26.90,true,1,
3014260214692,false,"ג'ל גילוח ג'ילט סירייס לעור רגיש 200 מ""ל",פרוקטר אנד גמבל,IL,ג'ל גילוח סירייס,מיליליטרים,200.00,"100 מ""ל",false,0,21.70,10.85,true,1,
3014260227104,false,ג'ל גילוח סירייס 200P.Lמ,פרוקטר & גמבל,GB,ג'ל גילוח סירייס,מיליליטרים,200.00,"100 מ""ל",false,0,21.70,10.85,true,1,
3014260262228,false,מברשת אורל בי גילאי 2-4,פרוקטר אנד גמבל,IE,מברשת שיניים,יחידה,1.00,יחידה,false,0,17.60,17.60,true,1,
3014260262709,false,סכיני גילוח לאישה 3 להבים,ג'ילט ונוס Gillette Venus,US,סכיני גילוח ונ,יחידה,1.00,יחידה,false,0,47.20,47.20,true,1,
3014260836399,false,מב.פרו אקספורט סופט מס35,פרוקטר & גמבל,IL,מברשת אורל בי,יחידה,1.00,יחידה,false,0,28.90,28.90,true,1,
3046920028363,false,לינדט אקסלנס 85% מוצקי קקאו 100 גרם,לינדט ושפרונגלי קילשברג,FR,שוקולד לינדט 85%,גרמים,100.00,100 גרם,false,0,16.00,16.00,true,1,
3059940007768,false,"מבשם אוויר אירוויק ספריי וניל אורכידאה 240 מ""ל",איירוויק Air Wick,GB,אירויק ספריי,מיליליטרים,240.00,"100 מ""ל",false,0,9.90,4.13,true,1,
3059943016507,false,"אירוויק ספריי בניחוח לבנדר וקמומיל 240 מ""ל",איירוויק Air Wick,GB,אירויק ספריי,מיליליטרים,240.00,"100 מ""ל",false,0,9.90,4.13,true,1,
3068320014067,false,מים מינרלים אוויאן 750 מל,קריניציה ויטמינה אס,,מים אוויאן ספורט,מיליליטרים,750.00,"100 מ""ל",false,0,16.10,2.15,true,1,
3141360050001,false,"קלגון ג'ל 750 מ""ל",רקיט בנקיזר,IL,"קלגון ג'ל 750מ""ל",מיליליטרים,750.00,"100 מ""ל",false,0,29.60,3.95,true,1,
3161911366429,false,חמאה צרפתית מלוחה רכה למריחה אלוויר 250 גר',אלוויר,FR,חמאה רכה מלוחה,גרמים,250.00,100 גרם,false,0,20.50,8.20,true,1,
3228022910023,false,חמאת צרפתית פרזידנט 200 גרם,סוסייטה בארייר דה אי,FR,חמאה פרזידנט,גרמים,200.00,100 גרם,false,0,14.80,7.40,true,1,
3387390320244,false,פיטנס דגני בוקר מחיטה מלאה עם פירות נסטלה 375 גרם,נסטלה צרפת איטנקורט,FR,דגני פיטנס,גרמים,375.00,100 גרם,false,0,20.90,5.57,true,1,
3387390525960,false,קראנץ' דגני בוקר עם שוקולד חלב נסטלה 500 גרם,הנסיך- מפעל לייצור ט,FR,קראנץ דגני בוקר,גרמים,500.00,100 גרם,false,0,23.00,4.60,true,1,
3387390730852,false,פיטנס דגנים מחיטה מלאה ואורז נסטלה 375 גרם,נסטלה צרפת איטנקורט,FR,דגני בוקר פיטנס 375 גרם,גרמים,375.00,100 גרם,false,0,20.90,5.57,true,1,
3556420200553,false,קרואסון חמאה 325גרם,אדיר,IL,קרואסון חמאה,גרמים,325.00,100 גרם,false,1,19.90,6.12,true,1,
3556420200560,false,קרואסון שוקולד 350גרם,אדיר,IL,קרואסון שוקולד,גרמים,350.00,100 גרם,false,1,19.90,5.69,true,1,
3563490014898,false,ריין דיז'ון חרדל דיז'ון 265 גרם,ריין דיז'ון reine dijon,FR,חרדל דיז'ון,גרמים,265.00,100 גרם,false,0,11.90,4.49,true,1,
3574660089547,false,טמפונים נורמל קלאסי אובה 32 יחידות,ג'\ונסון אנד ג'\ונסון,DE,טמפוני או בה,יחידה,1.00,יחידה,false,0,32.90,32.90,true,1,
3574660115154,false,או-בה טמפונים קלאסי סופר 32יח',ג'\ונסון אנד ג'\ונסון,DE,טמפוני או בה,יחידה,1.00,יחידה,false,0,32.90,32.90,true,1,
3574660239829,false,קרם ידיים קל סדרה נורבגית נוטרוגינה 50 מ,ניוטרוג'ינה Neutrogena,FR,קרם ידיים קליל,מיליליטרים,75.00,"100 מ""ל",false,0,19.90,26.53,true,1,
3574660292794,false,שמן לתינוק ג'ונסון 500מל,ג'ונסון,IL,שמן לתינוק,מיליליטרים,500.00,"100 מ""ל",false,0,29.80,5.96,true,1,
3574660322576,false,מגן תחתון קרפרי רגיל,ג'ונסון אנד ג'ונסון,IT,קרפרי רגיל 58 יחידות,יחידה,1.00,יחידה,false,0,20.20,20.20,true,1,
3574660463965,false,30קרפרי מגן תחתון כותנה,ג'ונסון,IT,קרפרי מגן תחתון,יחידה,1.00,יחידה,false,0,16.80,16.80,true,1,
3574660464337,false,מגני תחתון קרפרי נורמל אוורירי מבושם,ג'\ונסון אנד ג'\ונסון,IT,76 קרפרי מבושם מגה פאק,יחידה,1.00,יחידה,false,0,22.50,22.50,true,1,
3574660464368,false,קרפרי מגן תחתון אוורירי אלוורה 76 יח'',גונסון אנד גונסון,IT,76 קרפרי אלוורה מגה פאק,יחידה,1.00,יחידה,false,0,22.50,22.50,true,1,
3574660464399,false,64 קרפרי מגה פאק מקסי L,ג'ונסון,IT,מגן תחתון קרפרי,יחידה,1.00,יחידה,false,0,22.50,22.50,true,1,
3574660464429,false,מגני תחתון קרפרי נורמל אוורירי עם מעטפת כותנה,ג'\ונסון אנד ג'\ונסון,IT,76 קרפרי אוורירי מגה פאק,יחידה,1.00,יחידה,false,0,22.50,22.50,true,1,
3574660535198,false,30קרפרי מגן תחתון אלוורה,ג'ונסון,IT,קרפרי מגן תחתון,יחידה,1.00,יחידה,false,0,16.80,16.80,true,1,
3574660619652,false,"גונסון ביבי אלסבון 750מ""ל",Johnson Toilet-IT,IT,אל סבון ג'ונסון,מיליליטרים,750.00,"100 מ""ל",false,0,22.00,2.93,true,1,
3574661069456,false,שמפו גונסונס משאבה750מ,CILAG GMBH INTERNATI,IL,שמפו גונסונס,מיליליטרים,750.00,"100 מ""ל",false,0,26.20,3.49,true,1,
3600523154746,false,"מרכך אלביב קולור 600מ""ל",קוסמטיקס,TR,מרכך אלביב,מיליליטרים,600.00,"100 מ""ל",false,1,14.90,2.48,true,1,
3600523154777,false,"שמפו אלביב ארג'נין600מ""ל",קוסמטיקס,TR,שמפו אלביב,מיליליטרים,600.00,"100 מ""ל",false,1,14.90,2.48,true,1,
3600523154791,false,"מרכך אלביב ארג'נין600מ""ל",קוסמטיקס,TR,מרכך אלביב,מיליליטרים,600.00,"100 מ""ל",false,1,14.90,2.48,true,1,
3600523154838,false,שמפו אלביב קולור פרופ600,קוסמטיקס,TR,שמפו אלביב,מיליליטרים,600.00,"100 מ""ל",false,1,14.90,2.48,true,1,
3600523154845,false,שמפו אלביב נוטרי גלוס600,קוסמטיקס,TR,שמפו אלביב נוטרי גלוס600,מיליליטרים,600.00,"100 מ""ל",false,1,14.90,2.48,true,1,
3600523154869,false,שמפו אלביב רה-נוטרישן600,קוסמטיקס,TR,שמפו אלביב,מיליליטרים,600.00,"100 מ""ל",false,1,14.90,2.48,true,1,
3600523159178,false,מרכך אלביב רה-נוטרישן600,קוסמטיקס,TR,מרכך אלביב,מיליליטרים,600.00,"100 מ""ל",false,1,14.90,2.48,true,1,
3600523171040,false,מרכך אלביב 6 שמנים 600מל,קוסמטיקס,TR,מרכך אלביב,מיליליטרים,600.00,"100 מ""ל",false,1,14.90,2.48,true,1,
3600541126046,false,ק.ידיים גרנייה אלוורה100,סופרויאל,IL,ק.ידיים גרנייה אלוורה100,מיליליטרים,100.00,"100 מ""ל",false,0,9.70,9.70,true,1,
3607346373873,false,נאוטיקה וויאג בודי ספריי 150 מל,דנשר,ES,נאוטיקה ספריי,מיליליטרים,150.00,"100 מ""ל",false,1,24.70,16.47,true,1,
3661163934952,false,דאו.סטיק אדידס אייס 51גר,מיוצר עי קונדיטוריית,MC,דאודורנט אדידס,גרמים,51.00,100 גרם,false,0,17.90,35.10,true,1,
4000417022004,false,ריטר ספורט שוקולד חלב מעולה עם צימוקים ואגוזי לוז 100 גרם,ריטר ספורט Ritter sport,DE,שוקולד ריטר,גרמים,100.00,100 גרם,false,0,9.30,9.30,true,1,
4000417025005,false,שוקולד מריר במילוי מרציפן ריטר ספורט 100 גרם,ריטר ספורט Ritter sport,DE,שוקולד ריטר,גרמים,100.00,100 גרם,false,0,9.30,9.30,true,1,
4001518102961,false,פת חיטה 250 גרם,גריסון,DE,פת חיטה,גרמים,250.00,100 גרם,false,0,11.10,4.44,true,1,
4002448017684,false,"סיליט באנג ספריי ניקוי כללי מסיר אבנית 750 מ""ל",הדקלאים אגודת שיתופי,IL,סיליט באנג ספריי,מיליליטרים,750.00,"100 מ""ל",false,0,10.00,1.33,true,1,
4002448019480,false,"סיליט באנג מסיר שומנים רב שימושי 750 מ""ל",סיליט באנג Cillit Bang,IT,סיליט באנג,מיליליטרים,750.00,"100 מ""ל",false,0,10.00,1.33,true,1,
4005808850716,false,שפתון לבלו דובדבן,,,שפתון לבלו,יחידה,1.00,יחידה,false,0,14.10,14.10,true,1,
4006508200009,false,מליטה 40 נייר פילטר מס2',Kaffee Melitta,DE,מליטה 40 נייר פילטר מס2',יחידה,1.00,יחידה,false,0,8.90,8.90,true,1,
4009300522881,false,תה ירוק לימונית ותות20שק,טייקנה,IL,תה ירוק לימונית,גרמים,30.00,100 גרם,false,0,19.70,65.67,true,1,
4009300522935,false,תה ירוק פומפדור לימונית ולואיזה 20 יחידות,"איטיליאן פוד, אס.פי.",DE,תה ירוק לואיזה,גרמים,30.00,100 גרם,false,0,19.70,65.67,true,1,
4009900013581,false,מסטיק אורביט ספרמינט סטיקס משפחתי-חמישיות,ריגלי צרפת,FR,מארז אורביט,גרמים,65.00,100 גרם,false,0,9.90,15.23,true,1,
4009900360937,false,איירווייז מיני אקליפטו42,ריגלי,PL,איירווייז מיני,גרמים,42.00,100 גרם,false,0,5.70,13.57,true,1,
4009900376600,false,איירווייז מיני אוכמניו42,ריגלי,PL,איירווייז מיני,גרמים,42.00,100 גרם,false,0,5.70,13.57,true,1,
4009900385824,false,מסטיק אורביט פפרמינט סטיקס משפחתי-חמישיות,ריגלי צרפת,FR,מארז אורביט,גרמים,65.00,100 גרם,false,0,9.90,15.23,true,1,
4009900402965,false,אורביט וויט בטעם פירות בקבוקון 46מלבניות,ריגלי פולין,PL,אורביט בקבוקון,גרמים,64.00,100 גרם,false,0,9.90,15.47,true,1,
4009900403023,false,אורביט וויט בטעם מנטה בקבוקון 46 מלבניות,"ב.א מזון בע""מ",PL,אורביט בקבוקון,גרמים,64.00,100 גרם,false,0,9.90,15.47,true,1,
4009900405713,false,איירווייז מיני אניס+מנ42,ריגלי,PL,איירווייז מיני,גרמים,42.00,100 גרם,false,0,5.70,13.57,true,1,
4009900479998,false,אורביט וויט אוכמניות בקבוקון 46 מלבניות,ריגלי פולין,PL,אורביט בקבוקון,גרמים,64.00,100 גרם,false,0,9.90,15.47,true,1,
4009900482417,false,מסטיק אורביט פירות מנטה בקבוקון באבל מינט 45יח,ריגלי פולין,PL,אורביט באבל מינט,גרמים,64.00,100 גרם,false,0,9.90,15.47,true,1,
4009900484091,false,מסטיק אורביט פרופשיונל בטעם מנטה ללא סוכר,ריגלי פולין,PL,אורביט בקבוק,גרמים,84.00,100 גרם,false,0,13.90,16.55,true,1,
4009900487283,false,אורביט ילדים קלאסי סט' משפחתי-חמישיות,ריגלי צרפת,FR,מארז אורביט,גרמים,65.00,100 גרם,false,0,9.90,15.23,true,1,
4009900503952,false,אורביט בבלמינט grab&go,ריגלי,PL,מסטיק אורביט,גרמים,56.00,100 גרם,false,1,10.90,19.46,true,1,
4009900504218,false,אורביט וויט בטעם תפוז בקבוקון 46 מלבניות,חברת ריגלי בעמ,PL,אורביט בקבוקון,גרמים,64.00,100 גרם,false,1,9.90,15.47,true,1,
4011800630515,false,חטיף קורני שוקולד חלב ובננה 6 יח 150 גר,מיוצר עי קונדיטוריית,DE,קורני חטיף דגנים,גרמים,150.00,100 גרם,false,0,10.90,7.27,true,1,
4011800632519,false,"מארז חטיפי שוקולד חלב וקוקוס ""קורני""",מיוצר עי קונדיטוריית,DE,קורני חטיף דגנים,גרמים,150.00,100 גרם,false,0,10.90,7.27,true,1,
4014400400007,false,טופיפי 125 גרם,שטורק,DE,טופיפי,גרמים,125.00,100 גרם,false,0,10.90,8.72,true,1,
4014400901191,false,בונבונריית מרסי מבחר ממתקי שוקולד 250 גרם,אוגוסט שטורק,DE,בונבוניירת מרסי,גרמים,250.00,100 גרם,false,0,27.30,10.92,true,1,
4014400907902,false,"וורטרס אורגינל סוכריות חמאה ללא סוכר בקופסה
42 גרם",וורטר'ס אורגינל,DE,סוכריות וורטר,גרמים,42.00,100 גרם,false,0,6.20,14.76,true,1,
4015000280372,false,"דאודורנט רול און בניחוח לימון פה 50 מ""ל",שוורצקופף והנקל,DE,דאודורנט FA,מיליליטרים,50.00,"100 מ""ל",false,0,10.00,20.00,true,1,
4015000941013,false,מסיכה גליס אולטימייטריפר,הנקל סוד,DE,מסיכה גליס,מיליליטרים,200.00,"100 מ""ל",false,0,27.90,13.95,true,1,
4015000976268,false,שמפו גליס Gliss למראה שיער מבריק Million Gloss,"הובי קוסמטיק, חברת ייצור",DE,שמפו גליס,מיליליטרים,400.00,"100 מ""ל",false,0,14.90,3.73,true,1,
4015000976275,false,מרכך גליס Gliss למראה שיער מבריק Million Gloss,שוורצקופף והנקל,DE,מרכך גליס,מיליליטרים,400.00,"100 מ""ל",false,0,14.90,3.73,true,1,
4015000998680,false,פה ספריי אולטימייט 200מ,הנקל סוד,DE,דאודורנט פה,מיליליטרים,200.00,"100 מ""ל",false,0,10.00,5.00,true,1,
4015001011371,false,"פה ספריי פרש&דריי 200מ""ל",הנקל סוד,DE,דאודורנט פה,מיליליטרים,200.00,"100 מ""ל",false,1,10.00,5.00,true,1,
4015400057369,false,אולוויז עבה לילה 12 יחידות,פרוקטר אנד גמבל,DE,תחבושות אולוויז,יחידה,1.00,יחידה,false,0,14.40,14.40,true,1,
4015400264491,false,43 פמפרס ניו בייבי שלב1,פרוקטר אנד גמבל,PL,חיתולי פמפרס,יחידה,1.00,יחידה,false,0,32.40,32.40,true,1,
4015400428657,false,15 אולוויז עבה לונג+,פרוקטר אנד גמבל,DE,15 אולוויז עבה לונג+,יחידה,1.00,יחידה,false,0,14.40,14.40,true,1,
4015400556916,false,80מגני תח.אולוייז מגה פק,פרוקטר אנד גמבל,DE,מגן תחתון אולויז,יחידה,1.00,יחידה,false,0,22.90,22.90,true,1,
4015400564454,false,מגני תחתון אולוויז לארג' עם ניחוח מגה פק,פרוקטר אנד גמבל,IL,מגן תחתון אולויז,יחידה,1.00,יחידה,false,0,22.90,22.90,true,1,
4015400598329,false,תחבושות אולוויז קוואטרו נורמל פלוס 56 יחידות,פרוקטר אנד גמבל,IL,תחבושות אולוויז,יחידה,1.00,יחידה,false,0,36.90,36.90,true,1,
4015400598381,false,תחבושות היגייניות אולטרה לונג - מארז קוואטרו 48 יח',פרוקטר אנד גמבל,IL,תחבושות אולוויז,יחידה,1.00,יחידה,false,0,36.90,36.90,true,1,
4015400598411,false,תחבושות היגייניות יום ולילה Day & Night - מארז 40 יח',פרוקטר אנד גמבל,IL,תחבושות אולוויז,יחידה,1.00,יחידה,false,0,36.90,36.90,true,1,
4015400603467,false,8אולוויז אינפיניטי לילה,פרוקטר & גמבל,IL,תחבושות אולוויז,יחידה,1.00,יחידה,false,0,21.80,21.80,true,1,
4015400649724,false,46פמפרס אקטיב בייבי שלב4,פרוקטר אנד גמבל,IL,חיתולי פמפרס,יחידה,1.00,יחידה,false,0,49.50,49.50,true,1,
4015400649809,false,36פמפרס אקטיב בייבי שלב5,פרוקטר & גמבל,IL,36פמפרס אקטיב בייבי שלב5,יחידה,1.00,יחידה,false,0,49.50,49.50,true,1,
4015400657149,false,72אולוויז טוויטס מגה N,פרוקטר & גמבל,IL,מגן תחתון אולויז,יחידה,1.00,יחידה,false,0,26.70,26.70,true,1,
4015400669098,false,52 מגן תח.אולוייז דואו N,פרוקטר & גמבל,DE,מגן תחתון אולויז,יחידה,1.00,יחידה,false,1,19.90,19.90,true,1,
4015400681670,false,תחבושות אולוויז וליו פק לילה בטוח 18 יחידות,פרוקטר אנד גמבל,,תחבושות אולוייז,יחידה,1.00,יחידה,false,0,22.90,22.90,true,1,
4015400699811,false,28תח.אולוייז דואו נורמל+,,,תחבושות אולוייז,יחידה,1.00,יחידה,false,0,22.90,22.90,true,1,
4015400699958,false,32 תח.אולוייז משי נורמל,,,תחבושות אולוייז,יחידה,1.00,יחידה,false,0,22.90,22.90,true,1,
4015400737315,false,96פמפרס אקטיב בייב שלב+4,פרוקטר & גמבל,PL,חיתולי פמפרס,יחידה,1.00,יחידה,false,1,89.90,89.90,true,1,
4015400742913,false,62 מגני תחתון אוולוויז L,,,מגן תחתון אולויז,יחידה,1.00,יחידה,false,0,22.90,22.90,true,1,
4015400824701,false,טמפונים טמפקס פלאש סופר פלוס 30 יחידות,פרוקטר אנד גמבל,UA,טמפקס פלאש,יחידה,1.00,יחידה,false,0,31.60,31.60,true,1,
4015600515492,false,פיירי פלטינום לימון720מל,פרוקטר & גמבל,CZ,נוזל לכלים פיירי,מיליליטרים,720.00,"100 מ""ל",false,0,9.80,1.36,true,1,
4015600515614,false,פיירי פלטינום נוזל 720מל,פרוקטר & גמבל,CZ,פיירי נוזל לכלים,מיליליטרים,720.00,"100 מ""ל",false,0,9.80,1.36,true,1,
4015600581848,false,26טבליות למדיח הכל באחד,פרוקטר אנד גמבל,GB,טבליות למדיח,יחידה,1.00,יחידה,false,0,26.70,26.70,true,1,
4015600581992,false,65טבליות פיירי הכל ב1,פרוקטר & גמבל,GB,טבליות למדיח,יחידה,1.00,יחידה,false,0,42.90,42.90,true,1,
4015600582111,false,20טבליות פיירי פלטינום,פרוקטר & גמבל,GB,טבליות למדיח,יחידה,1.00,יחידה,false,0,26.70,26.70,true,1,
4015600609146,false,פנטן מסכה לשיער שמן 200מ,פרוקטר & גמבל,IL,מסיכה פנטן,מיליליטרים,200.00,"100 מ""ל",false,0,25.90,12.95,true,1,
4015600762780,false,שמפו וקונדישינר יומיומי למניעת קשקשים הנוסחה הקלאסית 2in1,הד אנד שולדרס H&S,IL,שמפו הד&שולדרס 2ב1- 500,מיליליטרים,500.00,"100 מ""ל",false,0,19.60,3.92,true,1,
4015600763251,false,שמפו הד&שולדרס קלאסי600מ,פרוקטר אנד גמבל,IL,שמפו הד&שולדרס,מיליליטרים,600.00,"100 מ""ל",false,0,23.90,3.98,true,1,
4015600763299,false,הד&שולדרס 600 שמפו 2ב1 קלאסי,פרוקטר אנד גמבל,IL,שמפו הד&שולדרס,מיליליטרים,600.00,"100 מ""ל",false,0,23.90,3.98,true,1,
4015600763411,false,שמפו הד&שולדרס מנטול 600,פרוקטר אנד גמבל,IL,שמפו הד&שולדרס,מיליליטרים,600.00,"100 מ""ל",false,0,23.90,3.98,true,1,
4015600763459,false,שמפו הד&שולדרס תפוח600מל,פרוקטר אנד גמבל,IL,שמפו הד&שולדרס,מיליליטרים,600.00,"100 מ""ל",false,0,23.90,3.98,true,1,
4015600763572,false,שמפו הד&שולדרס לאישה 600,פרוקטר & גמבל,IL,שמפו הד&שולדרס,מיליליטרים,600.00,"100 מ""ל",false,0,23.90,3.98,true,1,
4015600768966,false,הד&שולדרס עם לחות 600מ,פרוקטר אנד גמבל,IL,שמפו הד&שולדרס,מיליליטרים,600.00,"100 מ""ל",false,0,23.90,3.98,true,1,
4015600770228,false,פנטן שמפו שמן משקם 600 מ,פרוקטר אנד גמבל,FR,שמפו פנטן שמן,מיליליטרים,600.00,"100 מ""ל",false,0,21.90,3.65,true,1,
4015600770488,false,מרכך פנטן שמן משקם 600 מ,פרוקטר אנד גמבל,FR,מרכך פנטן שמן,מיליליטרים,600.00,"100 מ""ל",false,0,21.90,3.65,true,1,
4015600815233,false,"פנטן שמפו לחות מוגברת 600 מ""ל",פרוקטר & גמבל,IL,פנטן שמפו,מיליליטרים,600.00,"100 מ""ל",false,0,21.90,3.65,true,1,
4015600815271,false,פנטן מרכך לחות מוגברת600,פרוקטר & גמבל,IL,פנטן מרכך,מיליליטרים,600.00,"100 מ""ל",false,0,21.90,3.65,true,1,
4015600815318,false,שמפו פנטן מגע קטיפתי600מ,פרוקטר & גמבל,FR,שמפו פנטן,מיליליטרים,600.00,"100 מ""ל",false,0,21.90,3.65,true,1,
4015600815394,false,"פנטן 2ב1 מגע משי 600 מ""",פרוקטר & גמבל,FR,פנטן 2ב1 מגע משי,מיליליטרים,600.00,"100 מ""ל",false,0,21.90,3.65,true,1,
4015600815431,false,שמפו פנטן לשיער צבוע600מ,פרוקטר & גמבל,FR,שמפו פנטן,מיליליטרים,600.00,"100 מ""ל",false,0,21.90,3.65,true,1,
4015600815516,false,שמפ.פנטן נוסחה קלאסית600,פרוקטר & גמבל,FR,שמפו פנטן,מיליליטרים,600.00,"100 מ""ל",false,0,21.90,3.65,true,1,
4015600815554,false,מרכך פנטן נוסחה קלאס600.,פרוקטר אנד גמבל,FR,מרכך פנטן,מיליליטרים,600.00,"100 מ""ל",false,0,21.90,3.65,true,1,
4015600815592,false,שמפו+מרכך פנטן קלאסי600מ,פרוקטר & גמבל,FR,שמפו + מרכך פנטן,מיליליטרים,600.00,"100 מ""ל",false,0,21.90,3.65,true,1,
4015600815639,false,"שמפו פנטן טבע 600 מ""ל",פרוקטר אנד גמבל,FR,שמפו פנטן טבע,מיליליטרים,600.00,"100 מ""ל",false,0,21.90,3.65,true,1,
4015600815677,false,"מרכך פנטן טבע 600 מ""ל",פרוקטר אנד גמבל,FR,מרכך פנטן טבע,מיליליטרים,600.00,"100 מ""ל",false,0,21.90,3.65,true,1,
4023103134119,false,מגב וילדה עם סטופר+מקל,וילדה,DE,מגב וילדה,יחידה,1.00,יחידה,false,0,42.30,42.30,true,1,
4043400204988,false,מגב לחלונות,המברשת רוחמה,IL,מגב לחלונות,יחידה,1.00,יחידה,false,0,14.20,14.20,true,1,
4043400522020,false,רולר לניקוי בגדים,המברשת רוחמה,IL,מברשת רולר,יחידה,1.00,יחידה,false,0,11.00,11.00,true,1,
4053700292455,false,ויט רצועות שעווה מוכנות להסרת שיער לעור רגיל 12 יחידות,רקיט בנקיזר צרפת,FR,רצועות שעווה ויט,יחידה,1.00,יחידה,false,0,24.90,24.90,true,1,
4067600706059,false,כבד דג שיבוט,,DK,כבד דג שיבוט,גרמים,115.00,100 גרם,false,0,9.50,8.26,true,1,
4084500065536,false,פנטן קרם לחות מוגברת לעיצוב שיער 300 מל,פרוקטר אנד גמבל,IL,קרם לשיער פנטן,מיליליטרים,300.00,"100 מ""ל",false,0,22.80,7.60,true,1,
4084500078758,false,אריאל פודס קפסולות 28 יח,פרוקטר & גמבל,IL,אריאל פודס,יחידה,1.00,יחידה,false,0,39.90,39.90,true,1,
4084500078796,false,טבליות כביסה אריאל קולור,פרוקטר & גמבל,IL,אריאל פודס קולור,יחידה,1.00,יחידה,false,0,39.90,39.90,true,1,
4084500149526,false,טייד גל כביסה 2.48 ליטר אלפים רענן,פרוקטר אנד גמבל,IL,טייד ג'ל,ליטרים,2.48,ליטר,false,0,27.70,11.17,true,1,
4084500178137,false,נוזל כביסה טייד 4 ליטר,פרוקטר אנד גמבל,IL,טייד ג'ל כביסה,ליטרים,4.00,ליטר,false,0,37.60,9.40,true,1,
4084500264397,false,שמפו הד&שולדרס 2ב1- 600,פרוקטר & גמבל,IL,שמפו הד&שולדרס,מיליליטרים,600.00,"100 מ""ל",false,1,23.90,3.98,true,1,
4084500371422,false,"אבקת כביסה אריאל שושן צחור 8 ק""ג",פרוקטר & גמבל,IL,אריאל שושן צחור,קילוגרמים,8.00,"ק""ג",false,0,64.90,8.11,true,1,
4084500371453,false,"אבקת כביסה אלפיין 8 ק""ג טייד",פרוקטר אנד גמבל,CH,"אבקת כביסה טייד 8 ק""ג",קילוגרמים,8.00,"ק""ג",false,0,49.90,6.24,true,1,
4084500513723,false,אריאל ג'ל נח.מרענן2.47ל,פרוקטר & גמבל,IL,אריאל ג'ל נח.מרענן2.47ל,ליטרים,2.47,ליטר,false,0,33.60,13.60,true,1,
4084500514027,false,אריאל ג'ל נח.הרים 3.95ל,פרוקטר & גמבל,IL,אריאל ג'ל,ליטרים,3.95,ליטר,false,0,39.90,10.10,true,1,
4084500853553,false,פיירי נוזל כלים קלאסי אורגינל 650 מל,פרוקטר אנד גמבל,GB,נוזל כלים פיירי,מיליליטרים,650.00,"100 מ""ל",false,1,10.90,1.68,true,1,
4084500853836,false,"נוזל כלים פיירי ורדים ומשי 515 מ""ל בד""צ",פרוקטר אנד גמבל,GB,פיירי נוזל לכלים,מיליליטרים,515.00,"100 מ""ל",false,1,10.90,2.12,true,1,
4084500853898,false,"נוזל כלים פיירי אלוורה ומלפפונים 515 מ""ל בד""צ",פרוקטר אנד גמבל,GB,פיירי נוזל לכלים,מיליליטרים,515.00,"100 מ""ל",false,1,10.90,2.12,true,1,
4084500854048,false,נוזל כלים פיירי לימון שקוף 1.24 ליטר,פרוקטר אנד גמבל,GB,נוזל כלים פיירי,ליטרים,1.24,ליטר,false,1,15.90,12.82,true,1,
4084500920880,false,נוזל כלים פיירי אורגינל ירוק 1.24 ליטר,פרוקטר אנד גמבל,GB,נוזל כלים פיירי,ליטרים,1.24,ליטר,false,1,15.90,12.82,true,1,
4210201043577,false,מברשת חשמלית ויטליטי,פרוקטר & גמבל,IL,מברשת חשמלית,יחידה,1.00,יחידה,false,0,99.90,99.90,true,1,
4603400000043,false,"וודקה רוסקיי סטנדרט 700 מ""ל",רוסקי סטנדרט וודקה,,וודקה רוסקי,מיליליטרים,700.00,"100 מ""ל",false,0,64.90,9.27,true,1,
4606203001293,false,נקסט 10 יח',פיליפ מוריס,,נקסט חבילה,יחידה,1.00,יחידה,false,0,259.90,259.90,false,1,
4607026530212,false,יורוסטנדרט כוסמת 900,אגרופרודקט,,כוסמת,גרמים,900.00,100 גרם,false,0,14.90,1.66,true,1,
4751004281181,false,שפרוטים,,,שפרוטים,גרמים,240.00,100 גרם,false,0,11.00,4.58,true,1,
4770209043431,false,חלב ממותק לינה 400 ג,מרגיניה פולס,LE,חלב מרוכז ממותק,גרמים,397.00,100 גרם,false,0,8.50,2.14,true,1,
4800888148957,false,"דאו' רקסונה רולאון נשים טלק 50מ""ל",יוניליוור פיליפינים,PH,דאודורנט רקסונה,מיליליטרים,50.00,"100 מ""ל",false,0,18.70,37.40,true,1,
4800888150103,false,דאב דאו רולאון כחול אורגינל 50 מל,יוניליוור HPC,IL,דאודורנט דאב,מיליליטרים,50.00,"100 מ""ל",false,0,21.90,43.80,true,1,
4800888160171,false,"דאו.רקסונה רולאון 50 מ""ל",יוניליוור,IL,דאודורנט רקסונה,מיליליטרים,50.00,"100 מ""ל",false,0,18.70,37.40,true,1,
4903001925784,false,"רוטב סויה יאמאסה פרמיום דל מלח 500 מ""ל",הדקלאים אגודת שיתופי,JP,רוטב סויה,מיליליטרים,500.00,"100 מ""ל",false,0,19.90,3.98,true,1,
5000159409179,false,מארז חטיפי מיני סניקרס Snickers,מרס הולנד בי.וי.,DE,מיני סניקרס,גרמים,403.00,100 גרם,false,0,19.90,4.94,true,1,
5000204658064,false,"ספוגית הברקה קיווי אקספרס שחור 6 מ""ל",המאפיה של הרמן,FR,קיווי ספוג הברקה,יחידה,1.00,יחידה,false,0,14.90,14.90,true,1,
5000204658125,false,"קיווי נוזל נעליים קראון חום 75 מ""ל",אס' סי' ג'ונסון במה,FR,קיווי נוזל,מיליליטרים,75.00,"100 מ""ל",false,0,14.90,19.87,true,1,
5000204658187,false,"קיווי נוזל נעליים קראון שחור 75 מ""ל",אס' סי' ג'ונסון במה,FR,קיווי נוזל,מיליליטרים,75.00,"100 מ""ל",false,0,14.90,19.87,true,1,
5000267014234,false,וויסקי ג'וני ווקר רד לייבל Red label,ג'וני ווקר Johnnie walker,,ג'וני ווקר אדום,מיליליטרים,700.00,"100 מ""ל",false,0,79.90,11.41,true,1,
5000267024202,false,וויסקי ג'וני ווקר שחור,אלכוהול (איי.בי.בי),,ויסקי ג'וני ווקר,מיליליטרים,700.00,"100 מ""ל",false,0,139.90,19.99,true,1,
5000394076730,false,זוג סוללות דורסל בייסיקD,פרוקטר & גמבל,IL,סוללות דורסל,יחידה,1.00,יחידה,false,0,32.90,32.90,true,1,
5000394076761,false,זוג סוללות בייסיק C,פרוקטר & גמבל,IL,סוללה בייסיק,יחידה,1.00,יחידה,false,0,32.90,32.90,true,1,
5000394077164,false,4סוללות דורסל AAA,פרוקטר & גמבל,IL,4סוללות דורסלAAA,יחידה,1.00,יחידה,false,0,14.80,14.80,true,1,
5010103800259,false,"וויסקי גיי אנד בי 700 מ""ל",גסטוריני אנד ברוקס,IL,וויסקי ג'יי & בי,מיליליטרים,700.00,"100 מ""ל",false,0,89.90,12.84,true,1,
5010182997253,false,רייד תרסיס קוטל ג'וקים/תיקנים 300 מל,אס.סי.ג'ונסון מידרכט,NL,רייד מקס,מיליליטרים,300.00,"100 מ""ל",false,0,17.90,5.97,true,1,
5010182997338,false,דאק ג'ל לניקוי אסלות בניחוח רענן 55 מל,"איטיליאן פוד, אס.פי.",GB,דאק ג'ל נוזלי,מיליליטרים,55.00,"100 מ""ל",false,0,12.60,22.91,true,1,
5010182997680,false,"ארוסול-קוטל זוחלים אדום 400 מ""ל",אס.סי.ג'ונסון מידרכט,NL,רייד נמלים,מיליליטרים,300.00,"100 מ""ל",false,0,17.90,5.97,true,1,
5010182997918,false,דאק ג'ל לניקוי אסלות בניחוח ים 55 מל,"איטיליאן פוד, אס.פי.",IT,טואלט דאק ג'ל,מיליליטרים,55.00,"100 מ""ל",false,0,12.60,22.91,true,1,
5010327000046,false,וויסקי גרנט'ס סקוטי,"וויליאם גראנט ובניו בע""\",SC,וויסקי גרנט'ס,מיליליטרים,700.00,"100 מ""ל",false,0,79.90,11.41,true,1,
5010677551281,false,"בקרדי בריזר לימון 275 מ""ל בקבוק",בקרדי בריזר Bacardi Breezer,DE,בקרדי בריזר,מיליליטרים,275.00,"100 מ""ל",false,0,13.90,5.05,true,1,
5010677552387,false,"בקרדי בריזר אננס 275 מ""ל בקבוק",בקרדי בריזר Bacardi Breezer,DE,בקרדי בריזר,מיליליטרים,275.00,"100 מ""ל",false,0,13.90,5.05,true,1,
5011099006090,false,חמאה אירלנדית 227 גרם,טופ אוף מונוגן,IE,חמאה אירלנדית,גרמים,227.00,100 גרם,false,1,10.90,4.80,true,1,
5011157630281,false,אורז לבן ארוך בסמטי טילדה Tilda,אלסקה/ טילדה,GB,"אורז טילדה המשלי 1 ק""ג",קילוגרמים,1.00,"ק""ג",false,0,24.70,24.70,true,1,
5011417540916,false,פיניש קואנטום 20טבליות,רקיט בנקיזר,PL,פיניש קואנטום 20טבליות,יחידה,1.00,יחידה,false,0,24.90,24.90,true,1,
5011417552247,false,"אירוויק מבשם אויר נטול גז בניחוח פשתן ופרחי לילך 345 מ""ל",איירוויק Air Wick,PL,אירוויק מבשם,מיליליטרים,345.00,"100 מ""ל",false,0,14.90,4.32,true,1,
5013965747656,false,מרכך הד&שולדרס קלאסי400מ,פרוקטר & גמבל,IL,מרכך הד&שולדרס,מיליליטרים,400.00,"100 מ""ל",false,0,20.90,5.23,true,1,
5013965747687,false,מרכך הד&שולדרס מ.משי400מ,פרוקטר & גמבל,IL,מרכך הד&שולדרס,מיליליטרים,400.00,"100 מ""ל",false,0,20.90,5.23,true,1,
5014271310428,false,מעדן בטעם דובדבנים שחורים סאן דלפור 284 גרם,סאן דלפור - שמבור,FR,מעדן דובדבן שחור,גרמים,284.00,100 גרם,false,0,19.90,7.01,true,1,
5014271330426,false,מעדן אוכמניות כחולות ללא תוספת סוכר 284 גרם,סאן דלפור - שמבור,FR,מעדן אוכמניות,גרמים,284.00,100 גרם,false,0,19.90,7.01,true,1,
5014271350424,false,מעדן ארבעה פירות ללא תוספת סוכר 284 גרם,סאן דלפור - שמבור,FR,מעדן 4 פירות,גרמים,284.00,100 גרם,false,0,19.90,7.01,true,1,
5014271360423,false,"מעדן תפוזים לל""ס סאן דלפור 284 גרם",סאן דלפור - שמבור,FR,מעדן תפוזים,גרמים,284.00,100 גרם,false,0,19.90,7.01,true,1,
5014271370422,false,מעדן אפרסקים ללא תוספת סוכר 284 גרם,סאן דלפור - שמבור,FR,מעדן אפרסק 284 גרם,גרמים,284.00,100 גרם,false,0,19.90,7.01,true,1,
5014271390420,false,מע.פטל ללא תוספת סוכר284,סאן דלפור - שמבור,FR,מעדן פטל,גרמים,284.00,100 גרם,false,0,19.90,7.01,true,1,
5014271400426,false,"מעדן בטעם תות שדה לל""ס סאן דלפור 284 גרם",סאן דלפור - שמבור,FR,מעדן תות שדה 284 גרם,גרמים,284.00,100 גרם,false,0,19.90,7.01,true,1,
5014271560427,false,מעדן תפוז וג'ינג'ר ללא סוכר סאן דלפור 284 גר,סאן דלפור - שמבור,FR,מעדן תפוז+ג'ינג'ר 284גרם,גרמים,284.00,100 גרם,false,0,19.90,7.01,true,1,
5014271796147,false,מעדן רימון ופטל 284 גרם,סאן דלפור - שמבור,FR,מעדן רימון ופטל,גרמים,284.00,100 גרם,false,0,19.90,7.01,true,1,
5029053000619,false,ממחטות קלינקס פוקט עשירייה,חוגלה קימברלי,IT,ממחטות אולטרה,יחידה,1.00,יחידה,false,0,8.50,8.50,true,1,
5029053009834,false,קלינקס קולקשן קוביה 56יח,חוגלה קימברלי,IL,ממחטות קלינקס,יחידה,1.00,יחידה,false,0,7.90,7.90,true,1,
5029053032566,false,ממחטות מנטול,,IL,ממחטות מנטול,יחידה,1.00,יחידה,false,0,6.40,6.40,true,1,
5029053510811,false,תחבושות נורמל פלוס עם כנפיים קוטקס 28 יחידות,קימברלי קלארק,IL,תחבושות קוטקס,יחידה,1.00,יחידה,false,0,16.90,16.90,true,1,
5029053510828,false,תחבושות סופר פלוס עם כנפיים קוטקס 22יחידות,חוגלה קימברלי,IL,תחבושות קוטקס,יחידה,1.00,יחידה,false,0,16.90,16.90,true,1,
5029053523446,false,קוטקס - תחבושות אולטרה נייט + כנפיים 20 יח',חוגלה קימברלי,IL,תחבושות קוטקס,יחידה,1.00,יחידה,false,0,16.90,16.90,true,1,
5029053527598,false,תחתוני ספיגה בנים לתופעת הרטבת לילה 8-15 האגיס,חוגלה קימברלי,IL,תחתוני ספיגה האג,יחידה,1.00,יחידה,false,0,38.00,38.00,true,1,
5029053531267,false,האגיס פרידום בנים פול אפס לארג 14יח',חוגלה קימברלי,IL,האגיס פול אפס,יחידה,1.00,יחידה,false,0,39.00,39.00,true,1,
5029053534589,false,קוטקס טמפוני מיני B נורמל 32 יחידות,חוגלה קימברלי,CZ,טמפוני קוטקס,יחידה,1.00,יחידה,false,0,29.00,29.00,true,1,
5029053534596,false,קוטקס טמפוני נורמל ללא מוליך 32 יח,קימברלי קלארק,CZ,טמפוני קוטקס,יחידה,1.00,יחידה,false,0,29.00,29.00,true,1,
5035766044673,false,"סטרונגבואו גולד, סיידר תפוחים אלכוהולי, בקבוק 330 מ''ל",האי נאם סי או אל.טי.,BE,סיידר תפוח,מיליליטרים,330.00,"100 מ""ל",false,0,7.40,2.24,true,1,
5099864006704,false,סימילאק אדבנס+שלב 1 900ג,אבוט,IE,סימילאק אדבנס,גרמים,900.00,100 גרם,false,0,79.90,8.88,true,1,
5099864006711,false,סימילאק אדבנס+שלב 2 900ג,אבוט,IE,סימילאק אדבנס,גרמים,900.00,100 גרם,false,0,79.90,8.88,true,1,
5099864006728,false,סימילאק אדבנס+שלב 3 900ג,אבוט,IE,סימילאק אדבנס,גרמים,900.00,100 גרם,false,0,79.90,8.88,true,1,
5200351240017,false,גליליות קרם אגוז+קקאו400,גולדן ברייק,GR,גליליות קרם אגוז,גרמים,400.00,100 גרם,false,0,17.70,4.43,true,1,
5201178801047,false,"ניוואה קרם רב שימושי 150מ""ל",ביירסדורף,DE,קרם לחות ניוואה,מיליליטרים,150.00,"100 מ""ל",false,0,21.90,14.60,true,1,
5201940010110,false,זיתים שחורים קלמטה וילי פוד 250 גרם,סיוארס אס.איי,,זיתים שחורים קלמטה454גרם,גרמים,454.00,100 גרם,false,0,15.10,3.33,true,1,
5410076353057,false,אב.כביסה תינוקלין 3קג,פרוקטר & גמבל,TR,אבקת תינוקלין,קילוגרמים,3.00,"ק""ג",false,0,45.90,15.30,true,1,
5410076379378,false,אבקת כביסה טייד קולור,פרוקטר & גמבל,TR,אבקת טייד קולור,קילוגרמים,5.00,"ק""ג",false,1,39.90,7.98,true,1,
5410076518784,false,משחת אורל בי מנטה 100מל,פרוקטר & גמבל,IL,משחת אורל בי,מיליליטרים,100.00,"100 מ""ל",false,0,21.80,21.80,true,1,
5410076518814,false,משחת אורל בי רעננות 100מ,פרוקטר & גמבל,IL,משחת אורל בי,מיליליטרים,100.00,"100 מ""ל",false,0,21.80,21.80,true,1,
5410126006087,false,עוגיות לוטוס ארוזות בתפזורת 700 גרם,לוטוס ביקרי נ.וי.,BE,ביסקוויט לוטוס,גרמים,700.00,100 גרם,false,0,26.90,3.84,true,1,
5410126106183,false,עוגיות לוטוס 50 יחידות ארוזות בנפרד 312 גרם,כלורוקס אוקלנד,BE,ביסקוויט לוטוס,גרמים,312.00,100 גרם,false,0,16.80,5.38,true,1,
5410126116953,false,ממרח ביסקוויט קרמל לוטוס 400 גרם,לוטוס בייקרי בלגיה נ,BE,ממרח ביסקוויט,גרמים,400.00,100 גרם,false,0,19.90,4.98,true,1,
5410126716016,false,"עוגיות לוטוס ביסקויט קרמל בד""צ 250 גרם",לוטוס ביקרי בלגיה,BE,ביסקויט לוטוס,גרמים,250.00,100 גרם,false,0,11.80,4.72,true,1,
5410126726947,false,ממרח ביסקוויט קרמל קראנץ' לוטוס 380 גרם,לוטוס בייקרי בלגיה נ,BE,ממרח עוגיות,גרמים,380.00,100 גרם,false,0,19.90,5.24,true,1,
5410316983693,false,"סמירנוף אייס בקבוק 275 מ""ל",סמירנוף אייס Smirnoff ice,IT,אייס סמירנוף,מיליליטרים,275.00,"100 מ""ל",false,0,11.40,4.15,true,1,
5410316994019,false,"וודקה סמירנוף אדום 700מ""ל",דיאג'ו אופריישנס איט,GB,וודקה סמירנוף,מיליליטרים,700.00,"100 מ""ל",false,0,64.90,9.27,true,1,
5411188096108,false,"אלפרו שמנת צמחית לבישול לייט 250מ""ל",אלפרו C.V.A,IL,שמנת צמחית,מיליליטרים,250.00,"100 מ""ל",false,0,9.90,3.96,true,1,
5411188110842,false,אלפרו משקה אגוזים 1 ליטר,הנסיך- מפעל לייצור ט,IL,אלפלרו משקה אגוז,ליטרים,1.00,ליטר,false,0,15.80,15.80,true,1,
5411188111375,false,משקה אורז וניל 1 ליטר,אלפרו,IL,משקה אורז וניל,ליטרים,1.00,ליטר,false,0,15.80,15.80,true,1,
5411188115366,false,משקה קוקוס אלפרו 1 ליטר משקה שיבולת שועל 1 ליטר,הנסיך- מפעל לייצור ט,BE,משקה אלפרו,מיליליטרים,1000.00,"100 מ""ל",false,0,15.80,1.58,true,1,
5411188116592,false,משקה קוקוס אורז אלפרו 1ל,אלפרו C.V.A,BE,אלפרו משקה קוקוס,מיליליטרים,1000.00,"100 מ""ל",false,0,15.80,1.58,true,1,
5411188118282,false,שמנת לבישול קוקוס250מל,אלפרו,BE,שמנת לבישול,מיליליטרים,250.00,"100 מ""ל",false,1,9.90,3.96,true,1,
5412533406672,false,"נוזל לניקוי כלים 750 מ""ל",אקובר,BE,נוזל לכלים,מיליליטרים,750.00,"100 מ""ל",false,0,13.40,1.79,true,1,
5413149922907,false,"אבקת כביסה קולור וסטייל 5 ק""ג אריאל",פרוקטר אנד גמבל,TR,"אריאל קולור 5ק""ג",קילוגרמים,5.00,"ק""ג",false,1,51.90,10.38,true,1,
5413149922938,false,"אריאל אבקת כביסה שושן צחור, 5 ק""ג",פרוקטר אנד גמבל,TR,אבקת כביסה אריאל,קילוגרמים,5.00,"ק""ג",false,1,51.90,10.38,true,1,
5425000191001,false,קוקנט דרים אורז וקוקוס1,היין,DE,קוקנט דרים,ליטרים,1.00,ליטר,false,0,15.90,15.90,true,1,
5425000191025,false,רייס דרים משקה אגוזים1ל,היין,BE,משקה אגוזים,ליטרים,1.00,ליטר,false,0,15.90,15.90,true,1,
5600395030719,false,סרדין בשמן זית נפטון115ג,קופיסה אס.איי,PT,סרדין בשמן זית,גרמים,115.00,100 גרם,false,0,7.00,6.09,true,1,
5600395033116,false,פילה סרדינים בשמן זית120,קלנג מקנאן,PT,פילה סרדינים,גרמים,120.00,100 גרם,false,0,11.80,9.83,true,1,
5601008200444,false,עוגיות גודיס טבעות מצופות שוקולד חלב מרבה 150 גרם,הנסיך- מפעל לייצור ט,NL,עוגיות גודיס,גרמים,150.00,100 גרם,false,0,8.80,5.87,true,1,
5601008200451,false,עוגיות גודיס טבעות מצופות שוקולד מריר מרבה 150 גרם,מרבה Merba,NL,עוגיות גודיס,גרמים,150.00,100 גרם,false,0,8.80,5.87,true,1,
5601008200468,false,עוגיות גודיס טבעות מצופות שוקולד לבו מרבה 150 גרם,קריניציה ויטמינה אס,PT,עוגיות גודיס,גרמים,150.00,100 גרם,false,0,8.80,5.87,true,1,
5701092108708,false,פיניש קוואנטום לימון20טב,רקיט בנקיזר,PL,טבליות קוואנטום,יחידה,1.00,יחידה,false,0,24.90,24.90,true,1,
5701932026964,false,"הוטפופ גרעיני תירס להכנת פופקורן במיקרוגל בטעם טבעי, בתוספת מלח, 600 גרם",ליימן מותגים,IL,פופקורן הוט פופ,גרמים,600.00,100 גרם,false,0,14.90,2.48,true,1,
5701932026971,false,הוטפופ גרעיני תירס להכנת פופקורן במיקרוגל בטעם חמאה 600 גרם,ליימן מותגים,US,פופקורן הוטפופ,גרמים,600.00,100 גרם,false,0,14.90,2.48,true,1,
5706516031358,false,פופקורן להכנה במיקרוגל בטעם טבעי מופחת שומן 5 שקיות,ליימן מותגים,US,הוט פופ 100 קל',גרמים,160.00,100 גרם,false,0,14.90,9.31,true,1,
5740900402218,false,ממרח חמאה אורגני 200 גרם,ארלה פודס אמבא,DK,ממרח חמאה,גרמים,200.00,100 גרם,false,1,18.70,9.35,true,1,
5900020015174,false,פיטנס חטיפי אנרגיה דגנים בטעם שוקולד נסטלה 6*23.5 גרם,מיוצר עי קונדיטוריית,PL,חטיפי פיטנס 6 יח,גרמים,141.00,100 גרם,false,0,16.90,11.99,true,1,
5900020018182,false,פיטנס חט.דגנים טרמיסו6יח,נסטלה,PL,חטיפי פיטנס,גרמים,141.00,100 גרם,false,0,16.90,11.99,true,1,
5900020018908,false,פיטנס חטיפי אנרגיה דגנים בטעם קרם עוגיות נסטלה 6*23.5 גרם,מיוצר עי קונדיטוריית,PL,חטיפי פיטנס 6 יח,גרמים,141.00,100 גרם,false,0,16.90,11.99,true,1,
5900627044362,false,40טבליות קוואנטום לימון,רקיט בנקיזר,PL,טבליות קוואנטום,יחידה,1.00,יחידה,false,0,39.90,39.90,true,1,
5900907000583,false,מלפפונים שלמים בחומץ900ג,סגל דברים טובים,PL,מלפפונים בחומץ,גרמים,900.00,100 גרם,false,0,15.00,1.67,true,1,
5900951020889,false,אוכל לחתולים ויסקס צ,ויסקס Whiskas,PL,ויסקס צ'יקן,גרמים,400.00,100 גרם,false,1,9.80,2.45,true,1,
5901367005019,false,כוסמת קלויה 500 גרם,RAISIO,,כוסמת קלויה,גרמים,500.00,100 גרם,false,0,10.30,2.06,true,1,
5901480000519,false,קפה נמס ג'קובס קרוננג200,מונדלייז,DE,קפה נמס ג'קובס,גרמים,200.00,100 גרם,false,1,27.90,13.95,true,1,
5901588017617,false,שוק.חלב קרם טירמיסו293גר,וודל,PL,שוקולד טירמיסו,גרמים,293.00,100 גרם,false,1,14.80,5.05,true,1,
5901588017792,false,שוק.חלב קרם בראוניז 290ג,וודל,PL,שוקולד בראוניז,גרמים,290.00,100 גרם,false,1,14.80,5.10,true,1,
5906485301012,false,"משקה אנרגיה XL פחית 250 מ""ל","טמפו משקאות בע""מ",IL,משקה אנרגיה XL,מיליליטרים,250.00,"100 מ""ל",false,0,3.80,1.52,true,1,
5906485301098,false,משקה אנרגיה,,IL,משקה אנרגיה,מיליליטרים,250.00,"100 מ""ל",false,0,3.80,1.52,true,1,
5906485301470,false,"XL דאבל קיק 250 מ""ל",,IL,משקה אנרגיה,מיליליטרים,250.00,"100 מ""ל",false,0,3.80,1.52,true,1,
6001067017523,false,מברשת שיניים קולגייט לילדים מגיל חמש 1 יחידה,יבואן ומשווק: ש. שסט,IL,מברשת שיניים,יחידה,1.00,יחידה,false,0,16.80,16.80,true,1,
6001067017530,false,מברשת שיניים קולגייט לילדים מגיל שנתיים עד חמש 1 יחידה,יבואן ומשווק: ש. שסט,IL,מברשת לילדים,יחידה,1.00,יחידה,false,0,19.00,19.00,true,1,
6001067025122,false,קולגייט מקס פרש וויט100מ,קולגייט-פלמוליב,BR,משחת שיניים,מיליליטרים,100.00,"100 מ""ל",false,0,15.00,15.00,true,1,
6001298987701,false,גלייד מילוי אב.רענן 269מ,מיוצר עי קונדיטוריית,IL,גלייד מילוי אביב,מיליליטרים,269.00,"100 מ""ל",false,0,15.00,5.58,true,1,
6001298987916,false,גלייד מבשם מילוי 269מל,vaill aerosol coster,TR,גלייד מילוי,מיליליטרים,269.00,"100 מ""ל",false,0,15.00,5.58,true,1,
6001298987930,false,גלייד לבנדר מילוי 269מל,vaill aerosol coster,TR,גלייד מילוי,מיליליטרים,269.00,"100 מ""ל",false,0,15.00,5.58,true,1,
6111094000259,false,קוסקוס דארי בינוני 500ג'18X,דארי קוספאט אס. איי. או,MA,קוסקוס דארי,גרמים,500.00,100 גרם,false,1,8.80,1.76,true,1,
6281001510390,false,מברשת שיניים לילדים אקסטרא סופט לגילאי 0-2,קולגייט-פלמוליב,CN,מברשת שיניים,יחידה,1.00,יחידה,false,0,15.90,15.90,true,1,
6928740700544,false,"תפוחונים-תפו""ע מיובשים22",,CN,חטיף תפוחונים,גרמים,22.00,100 גרם,false,0,4.50,20.45,true,1,
6937266703366,false,שיק היידרו 5 מכשיר פאוור,אנרג'יזר Energizer,US,שיק הידרו מכשיר,יחידה,1.00,יחידה,false,0,27.90,27.90,true,1,
7290000000022,true,עגבניות חממה,קטיף.,IL,עגבניות חממה,קילוגרמים,0.00,"ק""ג",true,0,4.90,4.90,true,1,
7290000000046,true,מלפפונים,קטיף.,IL,מלפפונים,קילוגרמים,0.00,"ק""ג",true,0,6.90,6.90,true,1,
7290000000053,true,קישואים,קטיף.,IL,קשואים,קילוגרמים,0.00,"ק""ג",true,0,8.90,8.90,true,1,
7290000000084,true,פלפל ירוק בהיר,שותפות מזרחי,IL,פלפל בהיר,קילוגרמים,0.00,"ק""ג",true,0,9.90,9.90,true,1,
7290000000091,true,פלפל אדום,קטיף.,IL,פלפל אדום,קילוגרמים,0.00,"ק""ג",true,0,8.90,8.90,true,1,
7290000000107,true,פלפל ירוק כהה,קטיף.,IL,פלפל כהה,קילוגרמים,0.00,"ק""ג",true,0,8.90,8.90,true,1,
7290000000114,true,חצילים,קטיף.,IL,חצילים,קילוגרמים,0.00,"ק""ג",true,0,7.90,7.90,true,1,
7290000000121,true,גזר ארוז,קטיף.,IL,גזר ארוז,קילוגרמים,0.00,"ק""ג",true,0,4.90,4.90,true,1,
7290000000138,true,כרוב לבן,קטיף.,IL,כרוב לבן,קילוגרמים,0.00,"ק""ג",true,0,4.90,4.90,true,1,
7290000000145,true,כרוב אדום,קטיף.,IL,כרוב אדום,קילוגרמים,0.00,"ק""ג",true,0,5.90,5.90,true,1,
7290000000176,true,כרובית,קטיף.,IL,כרובית,קילוגרמים,0.00,"ק""ג",true,0,6.90,6.90,true,1,
7290000000183,true,סלק,קטיף.,IL,סלק,קילוגרמים,0.00,"ק""ג",true,0,6.90,6.90,true,1,
7290000000190,true,לפת,קטיף.,IL,לפת,קילוגרמים,0.00,"ק""ג",true,0,5.90,5.90,true,1,
7290000000206,true,צנון,קטיף.,IL,צנון,קילוגרמים,0.00,"ק""ג",true,0,5.90,5.90,true,1,
7290000000220,true,קולורבי,קטיף.,IL,קולורבי,קילוגרמים,0.00,"ק""ג",true,0,7.90,7.90,true,1,
7290000000251,true,שעועית הולנדית - יח',קטיף,IL,שעועית הולנדית,יחידה,1.00,יחידה,false,0,13.90,13.90,true,1,
7290000000282,true,חסה ערבית יחידה,קטיף,IL,חסה ערבית-יח',יחידה,1.00,יחידה,false,0,4.90,4.90,true,1,
7290000000299,true,חסה עגולה יחידה,קטיף.,IL,חסה עגולה-יח',יחידה,1.00,יחידה,false,0,5.90,5.90,true,1,
7290000000312,true,ארטישוק,קטיף,IL,ארטישוק,קילוגרמים,0.00,"ק""ג",true,0,14.90,14.90,true,1,
7290000000350,true,מנגולד )סלק עלים( יחידה,קטיף.,IL,פזיל-יח',יחידה,1.00,יחידה,false,0,5.00,5.00,true,1,
7290000000374,true,פטריות שמפניון יחידה,קטיף.,IL,שמפניון-יח',יחידה,1.00,יחידה,false,0,9.00,9.00,true,1,
7290000000411,true,שום - רביעייה במארז,קטיף.,XX,שום - רביעייה במארז,יחידה,1.00,יחידה,false,0,7.90,7.90,true,1,
7290000000428,true,בטטות מובחר,קטיף.,IL,בטטות מובחר,קילוגרמים,0.00,"ק""ג",true,0,8.90,8.90,true,1,
7290000000435,true,סלרי עלים יחידה,קטיף,IL,סלרי עלים -יח',יחידה,1.00,יחידה,false,0,5.90,5.90,true,1,
7290000000442,true,נבטים סיניים יחידה,קטיף,IL,נבטים סיניים-יח',יחידה,1.00,יחידה,false,0,6.00,6.00,true,1,
7290000000459,true,נבטי אלפלפא יחידה,קטיף.,IL,נבטי אלפלפא-יח',יחידה,1.00,יחידה,false,0,6.00,6.00,true,1,
7290000000466,true,בצל ירוק יחידה,קטיף.,IL,בצל ירוק-יח',יחידה,1.00,יחידה,false,0,5.50,5.50,true,1,
7290000000480,true,בצל יבש,קטיף.,IL,בצל יבש,קילוגרמים,0.00,"ק""ג",true,0,4.90,4.90,true,1,
7290000000503,true,תפוח אדמה קטן ארוז,קטיף.,IL,"תפו""א קטן ארוז",קילוגרמים,0.00,"ק""ג",true,0,2.90,2.90,true,1,
7290000000510,true,פטרוזיליה יחידה,קטיף.,IL,פטרוזיליה-יח',יחידה,1.00,יחידה,false,0,3.90,3.90,true,1,
7290000000527,true,שמיר יחידה,קטיף,IL,שמיר יח',יחידה,1.00,יחידה,false,0,3.90,3.90,true,1,
7290000000534,true,סלרי ראש יחידה,קטיף,IL,סלרי ראש-יח',יחידה,1.00,יחידה,false,0,5.90,5.90,true,1,
7290000000541,true,שורש פטרוזיליה,קטיף,IL,שורש יח',יחידה,1.00,יחידה,false,0,5.90,5.90,true,1,
7290000000558,true,כוסברה יחידה,קטיף.,IL,כוסברה יח',יחידה,1.00,יחידה,false,0,3.90,3.90,true,1,
7290000000565,true,נענע יחידה,קטיף,IL,נענע יח',יחידה,1.00,יחידה,false,0,3.90,3.90,true,1,
7290000000572,true,שומר,קטיף.,IL,שומר,קילוגרמים,0.00,"ק""ג",true,0,6.90,6.90,true,1,
7290000000589,true,"ארטישוק/תפו""א ירושלמי",קטיף.,IL,"תפו""א ירושלמי",קילוגרמים,0.00,"ק""ג",true,0,12.90,12.90,true,1,
7290000000619,true,פלפל חריף,שותפות מזרחי,IL,פלפל חריף,קילוגרמים,0.00,"ק""ג",true,0,9.90,9.90,true,1,
7290000000626,true,ברוקולי,קטיף.,IL,ברוקולי,קילוגרמים,0.00,"ק""ג",true,0,12.90,12.90,true,1,
7290000000633,true,עירית יחידה,קטיף,IL,עירית-יח',יחידה,1.00,יחידה,false,0,5.00,5.00,true,1,
7290000000695,true,אספרגוס יחידה,קטיף.,IL,אספרגוס יחידה,יחידה,1.00,יחידה,false,0,29.90,29.90,true,1,
7290000000718,true,פטריות חורש במשקל,קטיף.,IL,פטריות חורש במשק,קילוגרמים,0.00,"ק""ג",true,0,34.90,34.90,true,1,
7290000000732,true,דלורית,קטיף.,IL,דלורית,קילוגרמים,0.00,"ק""ג",true,0,8.90,8.90,true,1,
7290000000855,true,פלפל צהוב,קטיף.,IL,פלפל צהוב,קילוגרמים,0.00,"ק""ג",true,0,8.90,8.90,true,1,
7290000000930,true,קישוא עגול,קטיף.,IL,קישוא עגול,קילוגרמים,0.00,"ק""ג",true,0,14.90,14.90,true,1,
7290000000954,true,רוקט ג.נחל חידה,קטיף.,IL,רוקט+ג.נחל-יח,יחידה,1.00,יחידה,false,0,5.00,5.00,true,1,
7290000000978,true,ח.ערבית כשר יחידה,קטיף,IL,חסה ערבית חסלט,יחידה,1.00,יחידה,false,0,6.90,6.90,true,1,
7290000001036,true,בצל יבש אדום,קטיף.,XX,בצל יבש אדום,קילוגרמים,0.00,"ק""ג",true,0,5.90,5.90,true,1,
7290000001050,true,בזיליקום יחידה,קטיף,IL,בזילקום-יח',יחידה,1.00,יחידה,false,0,5.00,5.00,true,1,
7290000001104,true,פטריות חורש יחידה,קטיף.,IL,פטריות חורש-יח',יחידה,1.00,יחידה,false,0,9.00,9.00,true,1,
7290000001692,true,תפוח אדמה אדום ארוז,קטיף.,IL,תפוח אדמה אדום ארוז,קילוגרמים,0.00,"ק""ג",true,0,4.90,4.90,true,1,
7290000001715,true,תפוח אדמה לבן ארוז,קטיף.,IL,תפוא לבן ארוז,קילוגרמים,0.00,"ק""ג",true,0,3.90,3.90,true,1,
7290000001722,true,תפוח אדמה אדום תפזורת,קטיף.,IL,"תפו""א אדום תפז'",קילוגרמים,0.00,"ק""ג",true,0,5.50,5.50,true,1,
7290000002026,true,לחם אחיד 750 גרם,מאפית ברמן,IL,לחם אחיד 750 גרם,גרמים,750.00,100 גרם,false,0,4.90,0.65,true,1,
7290000002040,true,חלה רגילה 500 גרם,מאפית ברמן,IL,חלה רגילה,גרמים,500.00,100 גרם,false,0,5.00,1.00,true,1,
7290000023083,false,ערק אשקלון 40% בקבוק,"יקבי ברקן בע""\מ",IL,ערק אשקלון,מיליליטרים,700.00,"100 מ""ל",false,0,49.90,7.13,true,1,
7290000023816,false,"יין קלאסיק אמרלד ריזלינג ברקן 750 מ""ל",יקבי ברקן שיווק והפצה בע,IL,ריזלינג קלאסיק,מיליליטרים,750.00,"100 מ""ל",false,0,24.90,3.32,true,1,
7290000023953,false,יין פטיט סירה קלאסיק750מ,יקבי ברקן,IL,פטיט סירה קלאס,מיליליטרים,750.00,"100 מ""ל",false,0,24.90,3.32,true,1,
7290000023977,false,"יין ברקן קלאסיק מרלו 750 מ""ל",יקבי ברקן שיווק והפצה בע,IL,מרלו קלאסיק,מיליליטרים,750.00,"100 מ""ל",false,0,24.90,3.32,true,1,
7290000024202,false,"יין רזרב קברנה סוביניון ברקן 750 מ""ל",ברקן שיווק והפצה בעמ,IL,ברקן רזרב,מיליליטרים,750.00,"100 מ""ל",false,0,29.90,3.99,true,1,
7290000024264,false,"יין ברקן רזרב מרלו 750 מ""ל","כרמי צבי - אחים סגל בע""\",IL,מרלו רזרב,מיליליטרים,750.00,"100 מ""ל",false,0,29.90,3.99,true,1,
7290000040042,false,יופלה יוגורט תות %3 גביע 150 גרם,תנובה חלב,IL,יופלה תות 3%,גרמים,150.00,100 גרם,false,0,5.00,3.33,true,1,
7290000040066,false,יוגורט יופלה דובדבן 3% שומן 150 גרם,תנובה מרכז שיתופי לש,IL,יופלה דובדבן3%,גרמים,150.00,100 גרם,false,0,5.00,3.33,true,1,
7290000040080,false,יופלה יוגורט אפרסק %3 גביע 150 גרם,תנובה בעמ,IL,יופלה אפרסק3%,גרמים,150.00,100 גרם,false,0,5.00,3.33,true,1,
7290000040974,false,חלב דל לקטוז 2% תנובה קרטון 1 ליטר,תנובה מרכז שיתופי לש,IL,חלב טרי דל לקטוז,ליטרים,1.00,ליטר,false,0,7.00,7.00,true,1,
7290000041858,false,"שמנת חמוצה 15% יטבתה 200 מ""ל מהדרין",מחלבת יטבתה,IL,שמנת חמוצה יטבתה,מיליליטרים,200.00,"100 מ""ל",false,0,2.40,1.20,true,1,
7290000041865,false,"לבן 4.5% שומן מהדרין ""יטבתה""",שטראוס גרופ,IL,לבן יטבתה4.5%,מיליליטרים,200.00,"100 מ""ל",false,0,2.00,1.00,true,1,
7290000041872,false,"לבן 3% יטבתה 200מ""ל מהדרין",מחלבת יטבתה,IL,לבן יטבתה 3%,מיליליטרים,200.00,"100 מ""ל",false,0,2.00,1.00,true,1,
7290000042008,false,חלב תנובה טרי 3% שקית 1 ל',"תנובה, מחלבת רחובות",IL,חלב 3% בשקית,ליטרים,1.00,ליטר,false,0,4.90,4.90,true,1,
7290000042015,false,"חלב שתייה תנובה בד""צ בשקית 1 ליטר",תנובה מרכז שיתופי לש,IL,חלב 3% שקית,ליטרים,1.00,ליטר,false,0,4.90,4.90,true,1,
7290000042022,false,חלב על הבוקר1%קרט+.פקק1ל,תנובה מרכז שיתופי לש,IL,חלב על הבוקר 1%,ליטרים,1.00,ליטר,false,0,7.90,7.90,true,1,
7290000042176,false,חלב שתיה1% שומן-כדית 2ל,תנובה,IL,חלב מיכל 1% שומן,ליטרים,2.00,ליטר,false,0,10.80,5.40,true,1,
7290000042244,false,חלב 3% שומן בכד 2 ליטר,"תנובה, מחלבת רחובות",IL,חלב 3% כד 2 ליטר,ליטרים,2.00,ליטר,false,0,11.50,5.75,true,1,
7290000042404,false,חלב 3% בשקית יטבתה 1 ליטר מהדרין,מחלבת יטבתה,IL,חלב 3% בשקית,ליטרים,1.00,ליטר,false,0,5.90,5.90,true,1,
7290000042435,false,חלב דל שומן בקרטון+פקק תנובה 1 ליטר,תנובה מרכז שיתופי לש,IL,חלב %1 בקרטון,ליטרים,1.00,ליטר,false,0,5.40,5.40,true,1,
7290000042466,false,חלב מועשר 1% בקרטון 1 ל',פארייפאבה אגרואינדוס,IL,חלב מועשר בקרטון,ליטרים,1.00,ליטר,false,0,7.90,7.90,true,1,
7290000042671,false,חלב עמיד %3 קרטון 1 ל בהכשר בדצ,תנובה מרכז שיתופי לש,IL,חלב עמיד 3% שומן 1 ליטר,ליטרים,1.00,ליטר,false,0,6.70,6.70,true,1,
7290000042732,false,שוקו תנובה כד 2 ליטר,תנובה,IL,שוקו כד 2 ליטר,ליטרים,2.00,ליטר,false,0,20.80,10.40,true,1,
7290000042855,false,"שוקו בשקית 250 מ""ל ""יטבתה""",שטראוס גרופ,IL,שוקו בשקית,מיליליטרים,225.00,"100 מ""ל",false,0,2.50,1.11,true,1,
7290000043111,false,תנובה חמאה 200 גרם - מוצר בפיקוח,תנובה מרכז שיתופי לש,IL,חמאה תנובה,גרמים,200.00,100 גרם,false,0,7.60,3.80,true,1,
7290000043159,false,חמאה מלוחה 200 גרם,תנובה,IL,חמאה מלוחה תנובה,גרמים,200.00,100 גרם,false,0,9.20,4.60,true,1,
7290000043814,false,השף הלבן שמנת להקצפה 38% שומן 250 מל - מוצר בפיקוח,תנובה מרכז שיתופי לש,IL,שמנת עמידה לקצפת,מיליליטרים,250.00,"100 מ""ל",false,0,5.95,2.38,true,1,
7290000043890,false,תנובה רויון לבן מחלב מפסוטר 1.5%,תנובה מרכז שיתופי לש,IL,רויון בקרטון1.5%,ליטרים,1.00,ליטר,false,0,10.90,10.90,true,1,
7290000043944,false,כד יוגורט תנובה 4% שומן 1.5 ליטר,מיוצר עי קונדיטוריית,IL,יוגורט בכד 4%,ליטרים,1.50,ליטר,false,0,15.40,10.27,true,1,
7290000044248,false,רויון בקרטון 1.5% 500 מל,תנובה,IL,רויון בקרטון,מיליליטרים,500.00,"100 מ""ל",false,0,6.00,1.20,true,1,
7290000044712,false,יוגורט עם תות 1.5% שומן 500 ג' פרילי,מיוצר עי קונדיטוריית,IL,פרילי תות-שדה,גרמים,500.00,100 גרם,false,0,10.30,2.06,true,1,
7290000044880,false,באדי יוגורט תות 3% שומן 500 ג' תנובה,מיוצר עי קונדיטוריית,IL,מעדן באדי תות 3%,גרמים,500.00,100 גרם,false,0,8.40,1.68,true,1,
7290000045573,false,גבינת מותכת משולשים 25% שומן 200 ג' נעמה,תנובה חלב,IL,גבינת נעמה מותכת,גרמים,200.00,100 גרם,false,0,13.80,6.90,true,1,
7290000045580,false,גבינה מותכת נעמה חורש תנובה 240 גרם,תנובה מרכז שיתופי לש,IL,גבינת נעמה מותכת,גרמים,240.00,100 גרם,false,0,13.90,5.79,true,1,
7290000045771,false,יוגורט לבן 4% תנובה 3 ליטר,תנובה מרכז שיתופי לש,IL,יוגורט בכד4.5%,ליטרים,3.00,ליטר,false,0,28.70,9.57,true,1,
7290000045917,false,תנובה פרומעז גבינה מותכת מחלב עיזים 23% שומן,קריות זול,IL,גבינת פרומעז,גרמים,200.00,100 גרם,false,0,25.70,12.85,true,1,
7290000046006,false,גבינה צהובה עמק בלוק,תנובה מרכז שיתופי לש,IL,גב.עמק 28% במשקל,קילוגרמים,0.00,"ק""ג",true,0,41.30,41.30,true,1,
7290000046020,false,גלבוע גבינה שמנה במש,תנובה מרכז שיתופי לש,IL,גב.גלבוע 22% במשקל,קילוגרמים,0.00,"ק""ג",true,0,39.25,39.25,true,1,
7290000046181,false,גב.טיראן 28% במשקל,טנא נוגה,IL,גבינת טיראן,קילוגרמים,0.00,"ק""ג",true,0,41.30,41.30,true,1,
7290000046303,false,גב.גוש חלב פרוסה 200 גר,תנובה,IL,גבינת גוש חלב,גרמים,200.00,100 גרם,false,0,13.50,6.75,true,1,
7290000046327,false,גלבוע גבינה צהובה פרוסה 22% תנובה 200 גרם,תנובה מרכז שיתופי לש,IL,גבינת גלבוע פרוס,גרמים,200.00,100 גרם,false,0,12.60,6.30,true,1,
7290000046501,false,"גב.טל העמק32% 1 ק""ג משקל",קריות זול,IL,גבינת טל העמק,גרמים,0.00,"ק""ג",true,0,57.00,57.00,true,1,
7290000046563,false,גב.קולאז' פרמזן 23%במשקל,תנובה מרכז שיתופי לש,IL,גב.קולאז' פרמזן 23%במשקל,גרמים,0.00,"ק""ג",true,0,106.00,106.00,true,1,
7290000046662,false,גב.קשה סקנדינבית31%משקל,תנובה מרכז שיתופי לש,IL,גב.קשה סקנדינבית31%משקל,קילוגרמים,0.00,"ק""ג",true,0,71.00,71.00,true,1,
7290000047027,false,גב.קולאז' גלעד 27% במשקל,תנובה מרכז שיתופי לש,IL,גב.קולאז' גלעד 27% במשקל,קילוגרמים,0.00,"ק""ג",true,0,120.00,120.00,true,1,
7290000047485,false,גבינה בולגרית במשקל,תנובה מרכז שיתופי לש,IL,גב.בולגרית 24%במשקל,קילוגרמים,0.00,"ק""ג",true,0,58.00,58.00,true,1,
7290000047546,false,השף הלבן כנען גבינה לבנה דלת נתרן 5% תנובה 500 גרם,תנובה מרכז שיתופי לש,IL,גבינת כנען 5%,גרמים,500.00,100 גרם,false,0,23.00,4.60,true,1,
7290000047621,false,גבינה לבנה רכה 5% תנובה 250ג' מהדרין,תנובה מרכז שיתופי לש,IL,גבינה %5 מהדרי,גרמים,250.00,100 גרם,false,0,4.60,1.84,true,1,
7290000048185,false,גבינה לבנה 5% תנובה 250 גרם מהדרין,מיוצר עי קונדיטוריית,IL,גבינה לבנה 5%,גרמים,250.00,100 גרם,false,0,4.60,1.84,true,1,
7290000048192,false,גבינה לבנה 9% תנובה 250 גרם מהדרין,מחלבת אלון תבור,IL,גבינה לבנה 9%,גרמים,250.00,100 גרם,false,0,4.60,1.84,true,1,
7290000048307,false,גבינת קוטג 5% עם זיתים 250ירוקים גרם,מיוצר עי קונדיטוריית,IL,קוטג' עם זיתים5%,גרמים,250.00,100 גרם,false,0,5.70,2.28,true,1,
7290000048437,false,פיראוס צפתית 5% שומן 200 גרם,פארייפאבה אגרואינדוס,IL,גבינה צפתית 5%,גרמים,200.00,100 גרם,false,0,12.90,6.45,true,1,
7290000049458,false,גבינת פטה עיזים 16% גביע פיראוס 250 ג',תנובה מרכז שיתופי לש,IL,פטה עיזים פיראוס,גרמים,250.00,100 גרם,false,0,26.50,10.60,true,1,
7290000050065,false,"יופלה 360 קלאסי 100*6מ""ל",תנובה,IL,יופלה 360 קלאסי,מיליליטרים,600.00,"100 מ""ל",false,0,12.30,2.05,true,1,
7290000050072,false,"יופלה 360 תות 100*6 מ""ל",תנובה,IL,יופלה 360 תות,מיליליטרים,600.00,"100 מ""ל",false,0,12.30,2.05,true,1,
7290000050270,false,פיראוס צפתית עיזים5% 200,תנובה,IL,פיראוס צפתית 5%,גרמים,200.00,100 גרם,false,0,15.90,7.95,true,1,
7290000050300,false,גבינה תנובה 5% 125 ג,,IL,גבינה לבנה 5%,גרמים,125.00,100 גרם,false,0,2.40,1.92,true,1,
7290000050447,false,"יוגורט ביו בטעם תות YYY יופלה 500 מ""ל",מיוצר עי קונדיטוריית,IL,יופלה תות,גרמים,500.00,100 גרם,false,0,13.40,2.68,true,1,
7290000050454,false,יוגורט יופלה אפרסק 3% שומן 500 גרם,מיוצר עי קונדיטוריית,IL,יופלה אפרסק,גרמים,500.00,100 גרם,false,0,13.40,2.68,true,1,
7290000050638,false,גבינה גוש חלב 28% 400גרם,תנובה מרכז שיתופי לש,IL,גבינה גוש חלב,גרמים,400.00,100 גרם,false,1,25.40,6.35,true,1,
7290000050997,false,יופלה שטוזים בננה 100*4ג,תנובה,IL,יופלה שטוזים 4יח,גרמים,400.00,100 גרם,false,0,9.90,2.48,true,1,
7290000051024,false,יופלה שטוזים תות 100*4גר,תנובה,IL,יופלה שטוזים 4יח,גרמים,400.00,100 גרם,false,0,9.90,2.48,true,1,
7290000051352,false,חלב מלא בטעם של פעם 3.4% תנובה קרטון 1 ל',הרדוף תוצרת מזון אור,IL,חלב של פעם מלא,ליטרים,1.00,ליטר,false,0,7.50,7.50,true,1,
7290000051376,false,יוגורט יופלה דיאט אננס 0% שומן 150 גרם,תנובה מרכז שיתופי לש,IL,יופלה דיאט אננס,גרמים,150.00,100 גרם,false,0,5.00,3.33,true,1,
7290000052250,false,יופלהYYYפירות יער3% 500ג,תנובה בעמ,IL,יופלה YYY פ.יער,גרמים,500.00,100 גרם,false,0,13.40,2.68,true,1,
7290000052298,false,משקה מוקה בקבוק 1 ליטר,תנובה,,משקה מוקה בקבוק,מיליליטרים,1000.00,"100 מ""ל",false,0,10.00,1.00,true,1,
7290000052304,false,"משקה מוקה בקבוק 340 מ""ל",תנובה,IL,משקה מוקה בקבוק,מיליליטרים,340.00,"100 מ""ל",false,0,6.30,1.85,true,1,
7290000052311,false,גבינה צהובה עמק לייט 15% שומן 200 גרם,תנובה מרכז שיתופי לש,IL,עמק 15% פרוס,גרמים,200.00,100 גרם,false,0,15.30,7.65,true,1,
7290000052649,false,גבינת לאבנה 5% שומן 500 ג' פיראוס,תנובה מרכז שיתופי לש,IL,פיראוס לבנה 5%,גרמים,500.00,100 גרם,false,0,19.70,3.94,true,1,
7290000052717,false,גבינת קוטג' שום שמיר 5% תנובה 250 גרם,מיוצר עי קונדיטוריית,IL,קוטג' +שום שמיר,גרמים,250.00,100 גרם,false,0,5.70,2.28,true,1,
7290000054995,false,יוגורט עיזים פיראוס 500מ,תנובה,IL,יוגורט עיזים,מיליליטרים,500.00,"100 מ""ל",false,0,11.80,2.36,true,1,
7290000055015,false,פיראוס גבינת פטה כבשים 5% תנובה 250 גרם,תנובה מחלבת טנא נוגה,IL,פיראוס פטה כבשים,גרמים,250.00,100 גרם,false,0,25.90,10.36,true,1,
7290000055206,false,גבינה לבנה 5% בטעם בצל מטוגן 250 ג' תנובה,מחלבת אלון תבור,IL,גבינה לבנה 5%,גרמים,250.00,100 גרם,false,0,5.40,2.16,true,1,
7290000055329,false,"משקה בוקר יוגורט 1.5% בטעם תות מלון יופלה 250 מ""ל",תנובה מרכז שיתופי לש,IL,משקה יוגורט,גרמים,250.00,100 גרם,false,0,5.30,2.12,true,1,
7290000055336,false,"משקה יוגורט 1.5% בטעם בננה אפרסק יופלה 250 מ""ל",תנובה מרכז שיתופי לש,IL,משקה יוגורט,גרמים,250.00,100 גרם,false,0,5.30,2.12,true,1,
7290000055343,false,משקה יוגורט יופלה פירות טרופיים 250 גרם,תנובה מרכז שיתופי לש,IL,משקה יוגורט,גרמים,250.00,100 גרם,false,0,5.30,2.12,true,1,
7290000055350,false,גבינה צהובה חריץ עמק 28% במשקל,תנובה מרכז שיתופי לש,IL,גבינת עמק 28%,קילוגרמים,0.00,"ק""ג",true,1,41.30,41.30,true,1,
7290000055565,false,שלגונים מצופים 10 כשלפ,תות תעשיות מזון (201,IL,שלגונים מצופים 10 כשלפ,גרמים,600.00,100 גרם,false,0,30.50,5.08,true,1,
7290000056272,false,גבינה לבנה 5% עם זיתים ירוקים 250 ג' תנובה,תנובה מרכז שיתופי לש,,גבינה לבנה 5%,גרמים,250.00,100 גרם,false,0,5.40,2.16,true,1,
7290000056845,false,תנובה חלב טרי 3% שומן 1.5 ליטר - מוצר בפיקוח,פארייפאבה אגרואינדוס,,חלב תנובה 3%,ליטרים,1.50,ליטר,false,0,8.62,5.75,true,1,
7290000056883,false,שמיניית יוגורט יופלה 3% טעמים שונים 150 גרם,תנובה מרכז שיתופי לש,IL,יופלה 8 יח במארז,קילוגרמים,1.20,"ק""ג",false,0,29.90,24.92,true,1,
7290000056890,false,שמיניית דיאט יופלה 0% טעמים שונים 150 גרם,מיוצר עי קונדיטוריית,IL,יופלה 0% 8 יח,קילוגרמים,1.20,"ק""ג",false,0,29.90,24.92,true,1,
7290000056906,false,מאגדת לבן טבעי 1.5% שומן 8 יח' * 150 ג' יופלה,מחלבת אלון תבור,IL,יופלה לבן 1.5%,קילוגרמים,1.20,"ק""ג",false,0,17.90,14.92,true,1,
7290000056951,false,"תנובה, השף הלבן, שמנת לבישול 15% שומן 500 מל",תנובה מרכז שיתופי לש,,שמנת לבישול 15%,מיליליטרים,500.00,"100 מ""ל",false,0,15.70,3.14,true,1,
7290000056968,false,"שמנת עמידה מתוקה לקצפת 38% תנובה 500מ""ל",תנובה,,שמנת38%,מיליליטרים,500.00,"100 מ""ל",false,0,11.90,2.38,true,1,
7290000057088,false,עמק גבינה צהובה פרוסה דק דק 28% תנובה 200 גרם,תנובה מרכז שיתופי לש,IL,גבינת עמק דק 28%,גרמים,200.00,100 גרם,false,0,15.30,7.65,true,1,
7290000057118,false,גבינה צהובה עמק 28% שומן ואקום 400 גרם,תנובה מרכז שיתופי לש,,גבינת עמק פרוסה,גרמים,400.00,100 גרם,false,0,21.60,5.40,true,1,
7290000057132,false,יוגורט תנובה טבעי 1.5% גביע 200 גרם,מחלבת אלון תבור,,יוגורט תנובה1.5%,גרמים,200.00,100 גרם,false,0,3.00,1.50,true,1,
7290000057149,false,יוגורט תנובה טבעי 3% גביע 200 גרם,מיוצר עי קונדיטוריית,,יוגורט תנובה 3%,גרמים,200.00,100 גרם,false,0,3.00,1.50,true,1,
7290000057552,false,יופלה דיאט עוגת גבינה ותות 0% גביע 150ג',תנובה בעמ,IL,יופלה עוגת גבינה,גרמים,150.00,100 גרם,false,0,5.00,3.33,true,1,
7290000058030,false,"שמיניית יופלה שטוזים משקה יוגורט תות 100 מ""ל",מיוצר עי קונדיטוריית,IL,8שטוזים משקה תות,מיליליטרים,800.00,"100 מ""ל",false,0,20.30,2.54,true,1,
7290000058283,false,פיראוס גבינת עיזים ל,,,גבינת עיזים 5%,גרמים,240.00,100 גרם,false,0,14.50,6.04,true,1,
7290000060163,false,פסטה אסם אטריות דקות 400גר,"אסם השקעות בע""מ",IL,אטריות דקות,גרמים,400.00,100 גרם,false,0,6.90,1.73,true,1,
7290000060200,false,פסטה אסם פתיתים אפויים קוסקוס 500גר,"אסם תעשיות בע""מ",IL,פתיתים אפויים,גרמים,500.00,100 גרם,false,0,6.90,1.38,true,1,
7290000060217,false,פסטה מקרוני מספר 7 אסם 500 גרם,פסטה זארה,IT,פסטה מקרוני 7,גרמים,500.00,100 גרם,false,0,5.40,1.08,true,1,
7290000060248,false,פסטה אסם פתיתים תלתלים 500 גר',קריות זול,IT,פסטה תלתלים,גרמים,500.00,100 גרם,false,0,5.40,1.08,true,1,
7290000060330,false,פרפקטו פרפקטו ספיראלי גירף 500 גר,אסם פרפקטו,IT,ספירלי פרפקטו,גרמים,500.00,100 גרם,false,0,7.60,1.52,true,1,
7290000060415,false,"פסטה פרפקטו לאזניה 500 ג' ""אסם""",אסם פרפקטו,IT,לזניה פרפקטו,גרמים,500.00,100 גרם,false,0,14.40,2.88,true,1,
7290000060491,false,פסטה פרפקטו קיפרי ריגאטי 500 ג' אסם,פסטה זארה,IT,פסטה קיפרי ריגטי,גרמים,500.00,100 גרם,false,0,7.60,1.52,true,1,
7290000060538,false,פסטה פרפקטו ניוקי 500 ג' אסם,פסטה זארה,IT,פרפקטו צדפים,גרמים,500.00,100 גרם,false,0,7.60,1.52,true,1,
7290000060576,false,פתיתים אפויים כוכבים אסם 500 גרם,"אסם השקעות בע""\מ",IL,פתיתים אפויים,גרמים,500.00,100 גרם,false,0,6.90,1.38,true,1,
7290000060781,false,פסטה אסם פתיתים מסולסלים 500גר,קריות זול,IT,פסטה מסולסלת,גרמים,500.00,100 גרם,false,0,5.40,1.08,true,1,
7290000060828,false,פסטה קרניים בינוניות אסם 500 גרם,קריות זול,IT,פסטה קרניים,גרמים,500.00,100 גרם,false,0,5.40,1.08,true,1,
7290000060859,false,פסטה אסם פתיתים צדפים קטנים 500גר,פסטה זארה,IT,פסטה צדפים,גרמים,500.00,100 גרם,false,0,5.40,1.08,true,1,
7290000060880,false,פסטה ספגטי מספר 8 אסם 500 גרם,פסטה זארה,IT,ספגטי מס' 8,גרמים,500.00,100 גרם,false,0,5.40,1.08,true,1,
7290000060903,false,פסטה אסם פתיתים אפויים אורז 500גר,"אסם השקעות בע""\מ",IL,פתיתים אפויים,גרמים,500.00,100 גרם,false,0,6.90,1.38,true,1,
7290000060958,false,פסטה אסם אטריות בינוניות 400 גרם,"אסם השקעות בע""\מ",IL,אטריות בינוניות,גרמים,400.00,100 גרם,false,0,6.90,1.73,true,1,
7290000060965,false,פסטה אסם אטריות רחבות 400גר,"אסם השקעות בע""\מ",IL,אטריות רחבות,גרמים,400.00,100 גרם,false,0,6.90,1.73,true,1,
7290000060972,false,פסטה אסם אטריות דקיקות 400 גרם,פסטה זארה,IT,אטריות דקיקות,גרמים,400.00,100 גרם,false,0,6.90,1.73,true,1,
7290000061085,false,"רוטב צילי מתוק 290 מ""ל-בקבוק","אסם השקעות בע""\מ",IL,רוטב צ'ילי אסם,מיליליטרים,290.00,"100 מ""ל",false,0,9.90,3.41,true,1,
7290000061108,false,"רוטב טריאקי 290 מ""ל-בקבוק","אסם השקעות בע""\מ",IL,רוטב טריאקי,מיליליטרים,290.00,"100 מ""ל",false,0,9.90,3.41,true,1,
7290000061245,false,עוגיות שוקוצ'יפס במילוי שוקולד אסם 220 גרם,מיוצר עי קונדיטוריית,IL,עוגיות ש.צ'יפס,גרמים,220.00,100 גרם,false,0,10.60,4.82,true,1,
7290000061283,false,שקדי מרק 400 גרם25%+חינם,"אסם השקעות בע""\מ",IL,שקדי מרק,גרמים,500.00,100 גרם,false,0,10.00,2.00,true,1,
7290000061764,false,קפה נמס מגורען רד מאג 200 גרם,נסטלה ספרד קפה,ES,נסקפה רד מאג,גרמים,200.00,100 גרם,false,0,19.90,9.95,true,1,
7290000062242,false,דובנים שמנת בצל 40 ג' אסם,"אסם השקעות בע""\מ",IL,דובונים שמנת בצל,גרמים,40.00,100 גרם,false,0,4.30,10.75,true,1,
7290000062709,false,לחמית שיפון אריזת חס,אסם,IL,קרקר לחמית שיפון,גרמים,920.00,100 גרם,false,0,21.70,2.36,true,1,
7290000062952,false,אוסם - מיני קרוטונים למרק ולסלט 250 גרם,עינת תעשיות מזון אגו,IL,מיני קרוטונים,גרמים,250.00,100 גרם,false,0,13.90,5.56,true,1,
7290000063096,false,קטשופ בקב.לחיץ 750*2 גרם,"אסם השקעות בע""\מ",IL,קטשופ זוג,קילוגרמים,1.50,"ק""ג",false,0,19.30,12.87,true,1,
7290000063102,false,אסם קמח עוגה תופח מאליו 350 גרם,"אסם השקעות בע""\מ",IL,קמח תופח מאליו,גרמים,350.00,100 גרם,false,0,4.90,1.40,true,1,
7290000063133,false,אסם שקדי מרק רכיבים טבעיים 24*100גרם,"אסם השקעות בע""מ",IL,שקדי מרק אסם,גרמים,100.00,100 גרם,false,0,5.40,5.40,true,1,
7290000063157,false,"קמח עוגה תופח מאליו אסם 1 ק""ג","אסם השקעות בע""\מ",IL,קמח תופח מאליו,קילוגרמים,1.00,"ק""ג",false,0,8.50,8.50,true,1,
7290000063294,false,סירופ ויטמינצ'יק ענבים2ל,בית השיטה עסיס תעשיו,IL,ויטמינצ'יק ענבים,ליטרים,2.00,ליטר,false,0,22.30,11.15,true,1,
7290000063300,false,סירופ ויטמינצ'יק פטל 2ל',בית-השיטה עסיס תעשיות מז,IL,ויטמינצ'יק פטל,ליטרים,2.00,ליטר,false,0,22.30,11.15,true,1,
7290000064758,false,קוסקוס בינוני אמיתי אסם 350 ג',"מיוצר ע""י קוד יצרן K",IL,קוסקוס בינוני,גרמים,350.00,100 גרם,false,0,7.90,2.26,true,1,
7290000064871,false,"אוסם - מנה חמה פירה תפו""א עם בצל 56 גרם","אסם השקעות בע""מ",IL,מנה חמה פירה,גרמים,56.00,100 גרם,false,0,5.90,10.54,true,1,
7290000065267,false,דגנים קראנץ' רולס נו,אסם,IL,קראנץ רולס,גרמים,450.00,100 גרם,false,0,23.00,5.11,true,1,
7290000065557,false,אוסם - מנה חמה קוסקוס עם ירקות 84 גרם,"אסם תעשיות מזון בע""מ",IL,מנה חמה קוסקוס,גרמים,84.00,100 גרם,false,0,5.90,7.02,true,1,
7290000065717,false,סירופ ויטמינצ'יק פטל 1ל',בית-השיטה עסיס תעשיות מז,IL,ויטמינצ'יק פטל,ליטרים,1.00,ליטר,false,0,12.90,12.90,true,1,
7290000065724,false,סירופ ויטמינצ'יק לימון1ל,בית-השיטה עסיס תעשיות מז,IL,ויטמינצ'יק לימון,ליטרים,1.00,ליטר,false,0,12.90,12.90,true,1,
7290000066134,false,ביסלי חטיף בטעם פלאפל אסם 70 גרם,"אסם השקעות בע""\מ",IL,ביסלי פלאפל,גרמים,70.00,100 גרם,false,0,4.20,6.00,true,1,
7290000066141,false,ביסלי חטיף בטעם גריל אסם 70 גרם,"אסם השקעות בע""\מ",IL,ביסלי גריל,גרמים,70.00,100 גרם,false,0,4.20,6.00,true,1,
7290000066158,false,ביסלי בצל 67 גרם,מיוצר עי קונדיטוריית,IL,ביסלי בטעם בצל,גרמים,67.00,100 גרם,false,0,4.20,6.27,true,1,
7290000066165,false,ביסלי ברביקיו 67 גרם,מיוצר עי קונדיטוריית,IL,ביסלי ברביקיו,גרמים,67.00,100 גרם,false,0,4.20,6.27,true,1,
7290000066189,false,ביסלי חטיף בטעם פלאפל אסם 200 גרם,"אסם השקעות בע""\מ",IL,ביסלי פלאפל,גרמים,200.00,100 גרם,false,0,6.90,3.45,true,1,
7290000066196,false,ביסלי חטיף בטעם גריל אסם 200 גרם,מיוצר עי קונדיטוריית,IL,ביסלי גריל,גרמים,200.00,100 גרם,false,0,6.90,3.45,true,1,
7290000066219,false,ביסלי גדול בטעם ברבי,מיוצר עי קונדיטוריית,IL,ביסלי ברביקיו,גרמים,190.00,100 גרם,false,0,6.90,3.63,true,1,
7290000066226,false,ביסלי חטיף בטעם פיצה אסם 200 גרם,מיוצר עי קונדיטוריית,IL,ביסלי בטעם פיצה,גרמים,200.00,100 גרם,false,0,6.90,3.45,true,1,
7290000066264,false,דובונים חטיף תפוחי אדמה אסם 40 גרם,"אסם השקעות בע""\מ",IL,חטיפי דובונים,גרמים,40.00,100 גרם,false,0,4.30,10.75,true,1,
7290000066295,false,אסם במבה תות מחומרים טבעיים 30גר,מיוצר עי קונדיטוריית,IL,במבה מתוקה,גרמים,30.00,100 גרם,false,0,2.60,8.67,true,1,
7290000066318,false,במבה חטיף בוטנים אסם 80 גרם,"אסם השקעות בע""\מ",IL,במבה,גרמים,80.00,100 גרם,false,0,4.50,5.63,true,1,
7290000066332,false,אפרופו חטיף תירס אסם 50 גרם,מיוצר עי קונדיטוריית,IL,חטיף אפרופו,גרמים,50.00,100 גרם,false,0,5.10,10.20,true,1,
7290000066349,false,אפרופו חטיף תירס אסם 100 גרם,מיוצר עי קונדיטוריית,IL,אפרופו חטיף תירס,גרמים,100.00,100 גרם,false,0,8.30,8.30,true,1,
7290000066431,false,פופקו חטיף פופקורן בטעם חמאה ודבש אסם 80 גרם,מיוצר עי קונדיטוריית,IL,חטיף פופקו,גרמים,80.00,100 גרם,false,0,5.40,6.75,true,1,
7290000066950,false,"ויטמינצ'יק סירופ תפו""ע1ל",בית-השיטה עסיס תעשיות מז,IL,"ויטמינצ'יק תפו""ע",ליטרים,1.00,ליטר,false,0,12.90,12.90,true,1,
7290000067070,false,עוג.מיני ממולא.שוקולד300,מיוצר עי קונדיטוריית,IL,עוגיות ממולאות,גרמים,300.00,100 גרם,false,0,11.40,3.80,true,1,
7290000067544,false,פירורית זהב פירורי לחם אסם 200 גרם,עינת תעשיות מזון אגו,IL,פירורית זהב,גרמים,200.00,100 גרם,false,0,6.00,3.00,true,1,
7290000067599,false,אוסם - מנה חמה ספגטי רוטב בולנז 65 גרם,"אסם השקעות בע""\מ",IL,מנה חמה בולונז,גרמים,65.00,100 גרם,false,0,5.90,9.08,true,1,
7290000067735,false,פרפקטו ניוקי בצקיות תפוחי אדמה 500 ג' אסם,גרנדי פסטי,IT,ניוקי פרפקטו,גרמים,500.00,100 גרם,false,0,11.00,2.20,true,1,
7290000068138,false,אינסטנט פודינג בטעם וניל אסם 80 גרם,מיוצר עי קונדיטוריית,IL,אינסטנט פודינג,גרמים,80.00,100 גרם,false,0,5.20,6.50,true,1,
7290000068169,false,אינסטנט פודינג שוקולד95ג,"אסם השקעות בע""מ",IL,אינסטנט פודינג,גרמים,95.00,100 גרם,false,0,5.20,5.47,true,1,
7290000068190,false,אסם ג'לי תות שדה צבעים טבעיים 90 גרם,מיוצר עי קונדיטוריית,IL,ג'לי בטעם תות,גרמים,90.00,100 גרם,false,0,6.40,7.11,true,1,
7290000068237,false,אבקה להכנת ג'לי בטעם פטל אסם 85 גרם,מיוצר עי קונדיטוריית,IL,ג'לי בטעם פטל,גרמים,85.00,100 גרם,false,0,6.40,7.53,true,1,
7290000068701,false,אסם שקדי מרק רכיבים טבע.מיכל 400 גרם,"אסם תעשיות בע""מ",IL,שקדי מרק במיכל,גרמים,400.00,100 גרם,false,0,16.30,4.08,true,1,
7290000068787,false,במבה יום הולדת חטיף בוטנים אסם 25 גרם,מיוצר עי קונדיטוריית,IL,"במבה יום הולדת 25ג בד""צ",גרמים,25.00,100 גרם,false,0,2.20,8.80,true,1,
7290000069258,false,פסטה פרפקטו פנה ריגאטה 500 ג' אסם,קריות זול,IT,פנה ריגאטה,גרמים,500.00,100 גרם,false,0,7.60,1.52,true,1,
7290000070308,false,אבקת מרק עוף אמיתי בשרי אסם 400 גרם,"אסם השקעות בע""\מ",IL,מרק עוף אמיתי,גרמים,400.00,100 גרם,false,0,18.70,4.68,true,1,
7290000072081,false,פירורית זהב זוג *350 ג',עינת,IL,פירורית זהב 2 יח,גרמים,700.00,100 גרם,false,0,11.90,1.70,true,1,
7290000072203,false,רוטב אלף האיים אסם 290מל,אסם,IL,רוטב אלף האיים,מיליליטרים,290.00,"100 מ""ל",false,0,9.90,3.41,true,1,
7290000072227,false,"רוטב סויה בסגנון סיני אסם 290 מ""ל","אסם השקעות בע""\מ",IL,רוטב סויה,מיליליטרים,290.00,"100 מ""ל",false,0,9.90,3.41,true,1,
7290000072241,false,"רוטב פיצה 290 מ""ל-בקבוק","אסם השקעות בע""\מ",IL,רוטב לפיצה אסם,מיליליטרים,290.00,"100 מ""ל",false,0,9.90,3.41,true,1,
7290000072548,false,מאגדת לייט וניל עוגי180ג,נסטלה,IL,מאגדת לייט וניל עוגי180ג,גרמים,180.00,100 גרם,false,0,24.90,13.83,true,1,
7290000072623,false,קטשופ אסם בקבוק לחיץ 750 גרם,"אסם השקעות בע""מ",IL,קטשופ בקבוק לחיץ,גרמים,750.00,100 גרם,false,0,10.90,1.45,true,1,
7290000072630,false,קטשופ אסם חריף 750 גרם-בקבוק,"אסם השקעות בע""מ",IL,קטשופ חריף,גרמים,750.00,100 גרם,false,0,13.80,1.84,true,1,
7290000072692,false,רוטב ספגטי 500 גרם,אסם,IL,רוטב ספגטי אסם,גרמים,500.00,100 גרם,false,0,14.70,2.94,true,1,
7290000072753,false,קפה נמס מגורען טסטרס צ'ויס 200 גרם-,לוטה נסטלה קוריאה,KR,נסקפה טסטרס צויס,גרמים,200.00,100 גרם,false,0,34.90,17.45,true,1,
7290000072784,false,קפה טייסטר צויס נטול קופאין 100 גר',נסטלה קוריאה - קפה,KR,קפה טסטרס צויס,גרמים,100.00,100 גרם,false,0,29.60,29.60,true,1,
7290000072890,false,רוטב אלף האיים 2% 290מ,אסם,IL,רוטב אלף האיים,מיליליטרים,290.00,"100 מ""ל",false,0,9.90,3.41,true,1,
7290000072913,false,"רוטב שום 2% שומן 290 מ""ל",אסם,IL,רוטב שום לייט,מיליליטרים,290.00,"100 מ""ל",false,0,9.90,3.41,true,1,
7290000072968,false,דגני בוקר סיני מיניס חיטה מלאה וקינמון נסטלה 500 גרם,נסטלה פולין דגני בוק,PL,דגני נסטלה,גרמים,500.00,100 גרם,false,0,23.70,4.74,true,1,
7290000073125,false,מנה חמה פסטה ברוטב עגבניות אסם 62 גרם,"אסם השקעות בע""\מ",IL,מנה חמה פסטה,גרמים,62.00,100 גרם,false,0,5.90,9.52,true,1,
7290000073415,false,אוסם - מנה חמה פסטה ברוטב פיצה 61 גרם,"אסם השקעות בע""\מ",IL,מנה חמה פסטה,גרמים,61.00,100 גרם,false,0,5.90,9.67,true,1,
7290000073699,false,סלט חומוס סלטי צבר 1,סלטי צבר,IL,סלט חומוס צבר,גרמים,150.00,100 גרם,false,0,4.90,3.27,true,1,
7290000073750,false,מנה חמה נודלס אטר+ירקות טעם עוף 70 גרם,PUB FOODS PRESIDENT THAI,TH,מנה חמה נודלס,גרמים,70.00,100 גרם,false,0,6.90,9.86,true,1,
7290000073774,false,מנה חמה נודלס אטר+ירקות טעם צילי 70 גרם,טאי רזידנט,TH,מנה חמה נודלס,גרמים,70.00,100 גרם,false,0,6.90,9.86,true,1,
7290000073835,false,צ'יפסי 4 * 50 גרם,אסם,IL,צ'יפסי 4 יחידות,גרמים,200.00,100 גרם,false,0,10.90,5.45,true,1,
7290000074153,false,ביסקוויט פתי בר שוקולד אסם 500 גרם,מיוצר עי קונדיטוריית,IL,פתי בר שוקו,גרמים,500.00,100 גרם,false,0,13.30,2.66,true,1,
7290000074184,false,אוסם - פתי בר בינוני 500 גרם,"אסם השקעות בע""\מ",IL,ביסקוויט פתי בר,גרמים,500.00,100 גרם,false,0,10.90,2.18,true,1,
7290000074245,false,אוסם - קרם קרקר אסם 250 גרם,"אסם השקעות בע""\מ",IL,קרם קרקר אסם,גרמים,250.00,100 גרם,false,0,9.80,3.92,true,1,
7290000074252,false,קרקר שומשון אסם 250 גרם,"אסם השקעות בע""\מ",IL,קרקר שומשום אסם,גרמים,250.00,100 גרם,false,0,9.50,3.80,true,1,
7290000074290,false,לחמית סובין חיטה אסם 230ג',"אסם השקעות בע""מ",IL,לחמית אסם,גרמים,230.00,100 גרם,false,0,8.90,3.87,true,1,
7290000074375,false,אוסם - קרקר זהב 150 גרם,"אסם השקעות בע""\מ",IL,קרקר זהב אסם,גרמים,150.00,100 גרם,false,0,7.00,4.67,true,1,
7290000074481,false,לחמית אגוזים אסם 160 גרם,"אסם השקעות בע""\מ",IL,לחמית אגוזים,גרמים,160.00,100 גרם,false,0,9.00,5.63,true,1,
7290000074641,false,סלט כרוב אדום צבר 140 גר,צבר,IL,כרוב אדום צבר,גרמים,140.00,100 גרם,false,0,5.90,4.21,true,1,
7290000074658,false,"ביסקוויט פתי בר 1 ק""ג","אסם השקעות בע""\מ",IL,ביסקוויט פתי בר,קילוגרמים,1.00,"ק""ג",false,0,18.70,18.70,true,1,
7290000074696,false,"קרם קרקר 1 ק""ג אוסם","אסם השקעות בע""\מ",IL,קרם קרקר,קילוגרמים,1.00,"ק""ג",false,0,28.70,28.70,true,1,
7290000074740,false,לחמית חיטה מלאה משופ,אסם,IL,לחמית חיטה מלאה,קילוגרמים,1.00,"ק""ג",false,0,21.70,21.70,true,1,
7290000075143,false,אסם עוגיות שוקוצ'יפס קלאסי 200 גרם,מיוצר עי קונדיטוריית,IL,עוגיות שוקוצ'יפס,גרמים,200.00,100 גרם,false,0,10.80,5.40,true,1,
7290000075204,false,אוסם - לחמית חיטה מלאה 250 גרם,"אסם השקעות בע""\מ",IL,לחמית חיטה מלאה,גרמים,250.00,100 גרם,false,0,8.90,3.56,true,1,
7290000075693,false,עוגת הבית שמרים בריוש שוקולד אסם 360 גרם,מיוצר עי קונדיטוריית,IL,עוגת בריוש,גרמים,360.00,100 גרם,false,0,16.80,4.67,true,1,
7290000076157,false,נסקוויק אבקה להכ.שוקו450,אסם,IL,נסקוויק שוקו,גרמים,450.00,100 גרם,false,0,13.90,3.09,true,1,
7290000076645,false,טוסטעים פת קלויה חיטה מלאה אסם 100 גרם,ון דר מולן האלום,NL,טוסטעיםחיטה מלאה,גרמים,100.00,100 גרם,false,0,10.50,10.50,true,1,
7290000076775,false,מאגדת לייט יוגורט חמוציו,נסטלה,IL,מאגדת לייט יוגורט חמוציו,גרמים,258.00,100 גרם,false,0,24.90,9.65,true,1,
7290000077017,false,עוגיות קרמוגית במילוי קרם שוקולד אסם 200 גרם,מיוצר עי קונדיטוריית,IL,קרמוגית שוקולד,גרמים,200.00,100 גרם,false,0,10.90,5.45,true,1,
7290000077253,false,אוסם - לחמית כפרית עם דגנים מלאים 190 גרם,"אסם השקעות בע""\מ",IL,לחמית כפרית,גרמים,190.00,100 גרם,false,0,9.00,4.74,true,1,
7290000081168,false,חטיף צ'יפסי מלוח 50 גרם,אסם,IL,חטיף צ'יפסי,גרמים,50.00,100 גרם,false,0,3.40,6.80,true,1,
7290000094083,true,לחמניה גידרול,גידרון,IL,לחמניה גידרול,יחידה,1.00,יחידה,false,0,4.50,4.50,true,1,
7290000096032,true,חצי בגט,גידרון,IL,חצי בגט,יחידה,1.00,יחידה,false,0,2.90,2.90,true,1,
7290000096445,true,אוזני המן שוקולד במשקל,גידרון,IL,אוזני המן שוקולד,קילוגרמים,0.00,"ק""ג",true,0,39.00,39.00,true,1,
7290000096452,true,אוזני המן אגוזים במשקל,גידרון,IL,אוזני המן אגוזים,קילוגרמים,0.00,"ק""ג",true,0,39.00,39.00,true,1,
7290000096476,true,אוזני המן פרג במשקל,גידרון,IL,אוזני המן פרג,קילוגרמים,0.00,"ק""ג",true,0,39.00,39.00,true,1,
7290000096513,true,אוזני המן תמרים במשקל,גידרון,IL,אוזני המן תמרים,קילוגרמים,0.00,"ק""ג",true,0,39.00,39.00,true,1,
7290000097633,true,לחמניית קשר,גידרון,IL,לחמניית קשר,יחידה,1.00,יחידה,false,0,2.90,2.90,true,1,
7290000097657,true,לחמניית חלה,גידרון,IL,לחמניית חלה,יחידה,1.00,יחידה,false,0,3.90,3.90,true,1,
7290000098296,true,לחמניית אצבע,גידרון,IL,לחמניית אצבע,יחידה,1.00,יחידה,false,0,2.00,2.00,true,1,
7290000103426,false,אורז עם אפונה וגזר 700גר,סנפרוסט,IL,אורז עם אפונה וגזר 700גר,גרמים,700.00,100 גרם,false,0,16.40,2.34,true,1,
7290000103464,false,אפונת גינה 500גרם,תנובה,IL,אפונת גינה,גרמים,500.00,100 גרם,false,1,11.90,2.38,true,1,
7290000103471,false,מיני ברוקולי סנפרוסט 600 גרם,"סנפרוסט בע""\מ",IL,מיני ברוקולי,גרמים,600.00,100 גרם,false,14,17.90,2.98,true,1,
7290000103730,false,לקט להקפצה עם פסטה פוזילי סנפרוסט 800 גרם,"איי, בי, אינבוו",IL,לקט להקפצה,גרמים,800.00,100 גרם,false,0,24.50,3.06,true,1,
7290000103747,false,לקט להקפצה פסטה פנה 800,סנפרוסט,IL,לקט להקפצה פסטה פנה 800,גרמים,800.00,100 גרם,false,0,22.70,2.84,true,1,
7290000103822,false,ירקות שמלווים עוף סנפרוסט 800ג',"סנפרוסט בע""\מ",IL,לקט לעוף 800גרם,גרמים,800.00,100 גרם,false,0,23.00,2.88,true,1,
7290000103846,false,מרק אפונה עשיר בירקות סנפרוסט 570 גרם,"סנפרוסט בע""\מ",IL,מרק אפונה,גרמים,572.00,100 גרם,false,0,17.90,3.13,true,1,
7290000103860,false,מרק עדשים עשיר בירקות סנפרוסט 570 גרם,"איי, בי, אינבוו",IL,מרק עדשים,גרמים,572.00,100 גרם,false,0,17.90,3.13,true,1,
7290000103877,false,מרק שעועית עשיר בירקות סנפרוסט 640 גרם,"סנפרוסט בע""\מ",IL,מרק שעועית,גרמים,644.00,100 גרם,false,0,17.90,2.78,true,1,
7290000104072,false,עדשים ירוקות מבושלות מוקפאות 800 ג' סנפרוסט,"איי, בי, אינבוו",IL,עדשים ירוקות מבושלות 800,גרמים,800.00,100 גרם,false,0,18.70,2.34,true,1,
7290000104201,false,אפונה עדינה סנפרוסט 600 גרם,"איי, בי, אינבוו",IL,אפונה עדינה 600 גרם,גרמים,600.00,100 גרם,false,0,17.90,2.98,true,1,
7290000104218,false,סנפרוסט במיה 600 גרם,"איי, בי, אינבוו",IL,במיה מוקפאת,גרמים,600.00,100 גרם,false,0,15.80,2.63,true,1,
7290000104676,false,אפונה קפואה סנפרוסט 800 גרם,"איי, בי, אינבוו",IL,אפונה ירוקה מוקפאת 800גר,גרמים,800.00,100 גרם,false,0,18.90,2.36,true,1,
7290000104683,false,שעועית ירוקה שלמה סנפרוסט 800 גרם,"סנפרוסט בע""\מ",IL,שעועית שלמה מוקפאת 800 ג,גרמים,800.00,100 גרם,false,0,19.90,2.49,true,1,
7290000104690,false,תירס גרעינים 800 גרם סנפרוסט,"איי, בי, אינבוו",IL,גרעיני תירס קפוא,גרמים,800.00,100 גרם,false,0,17.90,2.24,true,1,
7290000104706,false,גזר גמדי סנפרוסט 800 גרם,"סנפרוסט בע""\מ",IL,גזר גמדי מוקפא,גרמים,800.00,100 גרם,false,0,17.60,2.20,true,1,
7290000104713,false,פול ירוק סנפרוסט 800 גרם,"איי, בי, אינבוו",IL,פול ירוק מוקפא,גרמים,800.00,100 גרם,false,0,22.70,2.84,true,1,
7290000104720,false,שעועית ירוקה חתוכה סנפרוסט 800 גרם,"סנפרוסט בע""\מ",IL,שעועית ירוקה חתוכה 800 ג,גרמים,800.00,100 גרם,false,0,18.70,2.34,true,1,
7290000104737,false,שעועית צהובה חתוכה סנפרוסט 800 גרם,"סנפרוסט בע""\מ",IL,שעועית צהובה,גרמים,800.00,100 גרם,false,0,19.00,2.38,true,1,
7290000104744,false,כרובית סנפרוסט 800 גרם,"סנפרוסט בע""\מ",IL,כרובית מוקפאת,גרמים,800.00,100 גרם,false,0,23.90,2.99,true,1,
7290000104751,false,"כרוב ניצנים 800 גרם ""סנפרוסט""","איי, בי, אינבוו",IL,כרוב ניצנים קפוא,גרמים,800.00,100 גרם,false,0,23.90,2.99,true,1,
7290000104768,false,עלי תרד סנפרוסט 800 גרם,"איי, בי, אינבוו",IL,תרד עלים מוקפא,גרמים,800.00,100 גרם,false,0,25.60,3.20,true,1,
7290000104775,false,תרד מדליונים סנפרוסט 800 גרם,"איי, בי, אינבוו",IL,מדליוני תרד קפ,גרמים,800.00,100 גרם,false,0,25.60,3.20,true,1,
7290000104799,false,שעועית לבנה מבושלת סנפרוסט 800 גרם,"איי, בי, אינבוו",IL,שעועית לבנה,גרמים,800.00,100 גרם,false,0,19.80,2.48,true,1,
7290000104805,false,גרגירי חומוס מבושלים סנפרוסט 800 גרם,"איי, בי, אינבוו",IL,גרגרי חומוס מבושל 800גרם,גרמים,800.00,100 גרם,false,0,19.70,2.46,true,1,
7290000104829,false,קלחי תירס חתוכים סנפרוסט 1 קילו,"איי, בי, אינבוו",IL,"קלחוני תירס 1 ק""ג",קילוגרמים,1.00,"ק""ג",false,0,19.70,19.70,true,1,
7290000104836,false,שעועית ירוקה עדינה שלמה סנפרוסט 600 גרם,"סנפרוסט בע""\מ",IL,שעועית שלמה קפוא,גרמים,600.00,100 גרם,false,0,22.90,3.82,true,1,
7290000104904,false,לקט ירקות מעורבים סנפרוסט 800 גרם,"איי, בי, אינבוו",IL,לקט ירקות מעור,גרמים,800.00,100 גרם,false,0,21.70,2.71,true,1,
7290000104911,false,לקט נורמנדי סנפרוסט 800 גרם,"איי, בי, אינבוו",IL,לקט נורמנדי קפוא,גרמים,800.00,100 גרם,false,0,22.70,2.84,true,1,
7290000107165,false,חטיף סויה אדממה סנפרוסט 400 גרם,"איי, בי, אינבוו",IL,חטיף פולי סויה 400 גרם,גרמים,400.00,100 גרם,false,0,14.10,3.53,true,1,
7290000107189,false,תחתיות ארטישוק 400 גרם סנפרוסט,"איי, בי, אינבוו",IL,תחתיות ארטישוק,גרמים,400.00,100 גרם,false,0,21.70,5.43,true,1,
7290000107295,false,תפרחות ברוקולי סנפרוסט 800 גרם,"איי, בי, אינבוו",IL,ברוקולי מוקפא,גרמים,800.00,100 גרם,false,0,25.90,3.24,true,1,
7290000107677,false,שעועית צהובה עדינה 600גר,"סנפרוסט בע""\מ",IL,שעועית צהובה עדינה 600גר,גרמים,600.00,100 גרם,false,0,23.80,3.97,true,1,
7290000110035,false,מרגר.בלובנד לבישול 200גר,אתר חיפה מרגרינה,IL,מרגרינה בלובנד,גרמים,200.00,100 גרם,false,0,4.30,2.15,true,1,
7290000110059,false,"מרגרינה בלובנד ללת""ס200ג",יוניליוור ישראל מזון בע\,IL,מרגרינה בלו-בנד,גרמים,200.00,100 גרם,false,0,4.50,2.25,true,1,
7290000110073,false,מרגרינה בטעם חמאה 200גר,אתר חיפה מרגרינה,IL,מחמאה מרגרינה,גרמים,200.00,100 גרם,false,0,4.80,2.40,true,1,
7290000111063,false,מיונז תלמה אמיתי250 גרם,יוניליוור ישראל מזון בע\,IL,מיונז אמיתי תלמה,גרמים,250.00,100 גרם,false,0,6.40,2.56,true,1,
7290000111117,false,בדין מרכך כביסה לבן 4 ליטר,יוניליור ישראל טיפוח איש,IL,מרכך כביסה בדין,ליטרים,4.00,ליטר,false,0,21.90,5.48,true,1,
7290000111186,false,"מיונז אמיתי תלמה 500 גרם בד""צ",יוניליוור ישראל מזון בע\,IL,מיונז אמיתי,גרמים,500.00,100 גרם,false,0,9.50,1.90,true,1,
7290000111360,false,"חרדל אמיתי תלמה 250 גרם בד""צ",יוניליוור ישראל מזו,IL,חרדל אמיתי תלמה,גרמים,250.00,100 גרם,false,0,5.90,2.36,true,1,
7290000112220,false,טחינה גולמית שומשום טהור בארכה 500 גרם,"רושדי תעשיות מזון בע""\מ",IL,טחינה גולמית,גרמים,500.00,100 גרם,false,0,14.90,2.98,true,1,
7290000112497,false,מרק עשיר עוף אטריות קנור 75 גרם - שקיות,יוניליוור ישראל מזון בע\,IL,מרק עוף איטריות,גרמים,68.00,100 גרם,false,0,8.00,11.76,true,1,
7290000112503,false,מרק עשיר ירקות קנור 69 גרם - שקיות,יוניליוור ישראל מזון בע\,IL,מרק ירקות קנור,גרמים,61.00,100 גרם,false,0,8.00,13.11,true,1,
7290000112510,false,מרק עשיר קנור-פטריות ויטליטי 83 ג',אתר חיפה אבקות - Foo,IL,מרק פטריות,גרמים,83.00,100 גרם,false,0,8.00,9.64,true,1,
7290000112619,false,אבקת מרק עוף אמיתי קנור 400 ג' כשלפ,"יוניליוור ישראל מזון בע""",IL,מרק עוף אמיתי,גרמים,400.00,100 גרם,false,0,16.90,4.23,true,1,
7290000113654,false,נמס בכוס לייט ירקות17*2ג,אתר חיפה אבקות,IL,נמס בכוס לייט,גרמים,34.00,100 גרם,false,0,6.90,20.29,true,1,
7290000114897,false,קורנפלקס כספי 750 גרם- BP,יוניליוור,IL,קורנפלקס תלמה,גרמים,750.00,100 גרם,false,0,14.90,1.99,true,1,
7290000116204,false,"אבקת מרק דגש בטעם עוף 1ק""ג קנור",יוניליוור ישראל מזון בע\,IL,מרק דגש טעם עוף,קילוגרמים,1.00,"ק""ג",false,0,14.90,14.90,true,1,
7290000116884,false,"רוטב ברביקיו קנור 300 גרם בד""צ",יוניליוור ישראל מזון בע\,IL,רוטב ברביקיו,מיליליטרים,300.00,"100 מ""ל",false,0,10.00,3.33,true,1,
7290000116921,false,רוטב צ'ילי מתוק 340 גרם קנור,יוניליוור ישראל מזון בע\,IL,רוטב צ'ילי מתוק,מיליליטרים,300.00,"100 מ""ל",false,0,10.00,3.33,true,1,
7290000116945,false,"רוטב סויה קלאסי קנור בד""צ 350 גרם","יוניליוור ישראל מזון בע""",IL,רוטב סויה קלאסי,מיליליטרים,300.00,"100 מ""ל",false,0,10.90,3.63,true,1,
7290000117720,false,נמס בכוס פטריות קנור 21.5 גרם מארז זוגי,יוניליוור ישראל מזון בע\,IL,מרק נמס בכוס,גרמים,43.00,100 גרם,false,0,6.90,16.05,true,1,
7290000117799,false,מרק נמס בכוס ברוקולי42גר,אתר חיפה אבקות,IL,מרק נמס בכוס,גרמים,42.00,100 גרם,false,0,6.90,16.43,true,1,
7290000120393,false,סיף ג'ל אקונומ.לימון750מ,יונילוור - תורכיה,IL,סיף אקונומיקה,מיליליטרים,750.00,"100 מ""ל",false,0,12.60,1.68,true,1,
7290000120836,false,"מיונז אמיתי 394 גרם ""הלמנס""",קונפקו אינק' די.בי.א,US,מיונז הלמנס,גרמים,394.00,100 גרם,false,0,9.90,2.51,true,1,
7290000120874,false,מיונז הלמנס לייט מופחת קלוריות 424ג,"יונילוור ארה""ב - HPC",US,מיונז הלמנס,גרמים,424.00,100 גרם,false,0,9.90,2.33,true,1,
7290000121079,false,גבינה מותכת למריחה עם שום שמיר 9% מון בלאן 120 גרם,שלושת האופים,IL,גבינת מון בלאן,גרמים,120.00,100 גרם,false,0,10.00,8.33,true,1,
7290000121093,false,גבינה מותכת לייט בטעם שוויצרי 7% מון בלאן 120 גר',האי נאם סי או אל.טי.,IL,גבינת מון בלאן,גרמים,120.00,100 גרם,false,0,10.00,8.33,true,1,
7290000121109,false,גבינה מותכת לייט עם זיתים 7% מון בלאן 120 גרם,האי נאם סי או אל.טי.,IL,גבינת מון בלאן,גרמים,120.00,100 גרם,false,0,10.00,8.33,true,1,
7290000121147,false,גבינה מותכת לייט בטעם פיקנטי 7% מון בלאן 120 גרם,"שלושת האופים בע""מ",IL,גבינת מון בלאן,גרמים,120.00,100 גרם,false,0,10.00,8.33,true,1,
7290000121154,false,גבינה מותכת לייט עם סלמון 7% מון בלאן 120 גרם,האי נאם סי או אל.טי.,IL,גבינת מון בלאן,גרמים,120.00,100 גרם,false,0,10.00,8.33,true,1,
7290000121239,false,מיוקל 5% שומן ללא כולסטרול תלמה 500ג',יוניליוור ישראל מזון בע\,IL,מיוקל 5% שומן,גרמים,500.00,100 גרם,false,0,12.90,2.58,true,1,
7290000121369,false,קונפ778. תות שדה לייט300,יוניליוור,IL,קונפיטורה 778,גרמים,300.00,100 גרם,false,0,11.70,3.90,true,1,
7290000121376,false,778 קונפ' אוכמניות לייט 300 גרם,יוניליוור,IL,קונפיטורה 778,גרמים,300.00,100 גרם,false,0,11.70,3.90,true,1,
7290000122175,false,"תמצית וניל אפיכל 50 מ""ל",יוניליוור ישראל מזון,IL,תמצית וניל,מיליליטרים,50.00,"100 מ""ל",false,0,4.40,8.80,true,1,
7290000122687,false,סירופ שוקולד אפיכל 600גר,יוניליוור ישראל מזון בע\,IL,סירופ שוקולד,גרמים,600.00,100 גרם,false,0,13.10,2.18,true,1,
7290000122700,false,סירופ מייפל 600 גרם,יוניליוור ישראל מזון,IL,סירופ מייפל,גרמים,600.00,100 גרם,false,0,13.10,2.18,true,1,
7290000123158,false,מזולה בטעם חמאה 250 גר',"יוניליוור ישראל מזון בע""",IL,מזולה טעם חמאה,גרמים,250.00,100 גרם,false,0,10.40,4.16,true,1,
7290000123172,false,מזולה בגביע טעם טבעי250ג,אתר חיפה מרגרינה,IL,מזולה בגביע,גרמים,250.00,100 גרם,false,0,9.20,3.68,true,1,
7290000123257,false,מזולה לייט+שמן זית 250גר,אתר חיפה מרגרינה,IL,מזולה לייט,גרמים,250.00,100 גרם,false,0,10.40,4.16,true,1,
7290000124841,false,ורד הגליל שוקולד חלב מארז שלישיה 300 גרם,יוניליוור ישראל מזון בע\,IL,שוקולד חלב 3 יח',גרמים,300.00,100 גרם,false,0,13.90,4.63,true,1,
7290000125251,false,בדין שמפו לכביסה עדינה 2 ליטר,"זוהר דליה, קיבוץ דליה, 1",IL,בדין שמפו לכביסה,ליטרים,2.00,ליטר,false,0,22.90,11.45,true,1,
7290000127224,false,קונפיטורה תות 778 340גרם,יוניליוור,IL,קונפיטורת תות,גרמים,340.00,100 גרם,false,0,12.00,3.53,true,1,
7290000129099,false,תיבוליות עשבי תיבול 72גר,"יוניליוור ישראל מזון בע""",IL,תיבוליות,גרמים,72.00,100 גרם,false,0,7.90,10.97,true,1,
7290000129457,false,אבקת רוטב פטריות קנור 28 ג' שקית,"יוניליוור ישראל מזון בע""",IL,רוטב פטריות,גרמים,28.00,100 גרם,false,0,3.90,13.93,true,1,
7290000129785,false,בדין מרכך כביסה 4 ליטר ירוק,יוניליור ישראל טיפוח איש,IL,מרכך כביסה בדין,ליטרים,4.00,ליטר,false,0,21.90,5.48,true,1,
7290000134116,false,תבלין פפריקה מתוקה 40 גר',תבליני טעם וריח,IL,פפריקה מתוקה,גרמים,40.00,100 גרם,false,0,7.80,19.50,true,1,
7290000134123,false,"פלפל שחור טחון 40 גרם ""טעם וריח""",תבליני טעם וריח,IL,פלפל שחור טחון,גרמים,40.00,100 גרם,false,0,10.80,27.00,true,1,
7290000134307,false,קינמון טחון 50 גרם טעם וריח,"תבליני טעם וריח בע""מ",IL,קינמון טחון,גרמים,50.00,100 גרם,false,0,6.80,13.60,true,1,
7290000134314,false,פיצה תערובת תיבול 120 גרם מיכל גדול,"תבליני טעם וריח בע""מ",IL,תיבול לפיצה,גרמים,120.00,100 גרם,false,0,10.80,9.00,true,1,
7290000134376,false,פפריקה בשמן בקופ' 90 גר' טעם וריח,"תבליני טעם וריח בע""מ",IL,פפריקה מתוקה,גרמים,90.00,100 גרם,false,0,11.80,13.11,true,1,
7290000134550,false,עלי דפנה 20 גר' טעם וריח,"תבליני טעם וריח בע""מ",IL,עלי דפנה בשקית,גרמים,20.00,100 גרם,false,0,8.80,44.00,true,1,
7290000134666,false,רוזמרין 15 גר מיכל ק,תבליני טעם וריח,IL,רוזמרין,גרמים,15.00,100 גרם,false,0,6.80,45.33,true,1,
7290000134741,false,תיבול לספגטי/פסטה 80 גרם,תבליני טעם וריח,IL,תיבול פסטה,גרמים,80.00,100 גרם,false,0,11.80,14.75,true,1,
7290000134826,false,זעתר מעורב בקופ' 100 גר' טעם וריח,"תבליני טעם וריח בע""מ",IL,זעתר מעורב,גרמים,100.00,100 גרם,false,0,11.80,11.80,true,1,
7290000134833,false,כמון טחון בקופ' 100 גר' טעם וריח,"תבליני טעם וריח בע""מ",IL,כמון טחון,גרמים,100.00,100 גרם,false,0,11.80,11.80,true,1,
7290000134864,false,פפריקה חריפה בקופ' 100 גר' טעם וריח,"תבליני טעם וריח בע""\מ",IL,פפריקה במיכל,גרמים,100.00,100 גרם,false,0,11.80,11.80,true,1,
7290000134871,false,פלפל שחור טחון בקופ' 100 גר' טעם וריח,"תבליני טעם וריח בע""מ",IL,פלפל שחור במיכ,גרמים,100.00,100 גרם,false,0,16.40,16.40,true,1,
7290000134970,false,חוואיג' בקופ' 100 גר' טעם וריח,"תבליני טעם וריח בע""מ",IL,חוואיג',גרמים,100.00,100 גרם,false,0,13.80,13.80,true,1,
7290000134987,false,פלפל שחור גרוס בקופ' 90 גר' טעם וריח,"תבליני טעם וריח בע""מ",IL,פלפל שחור גרוס,גרמים,90.00,100 גרם,false,0,16.40,18.22,true,1,
7290000134994,false,טימין 20 גר מיכל קטן,"תבליני טעם וריח בע""מ",IL,טימין,גרמים,20.00,100 גרם,false,0,6.80,34.00,true,1,
7290000136721,false,ג'אמפ תפוזים 1.5 ליטר,טמפו 7.5%,IL,ג'אמפ תפוזים,ליטרים,1.50,ליטר,false,0,5.90,3.93,true,1,
7290000136738,false,ג'אמפ אשכוליות 1.5 ליטר,טמפו 7.5%,IL,ג'אמפ אשכוליות,ליטרים,1.50,ליטר,false,0,5.90,3.93,true,1,
7290000136745,false,ג'אמפ תות בננה 1.5 ליטר,"טמפו משקאות בע""מ",IL,ג'אמפ תות בננה,ליטרים,1.50,ליטר,false,0,5.90,3.93,true,1,
7290000137513,false,גלידונית גלידה וניל בציפוי שוקולד 60 יח' קרמיסימו,"גלידת שטראוס בע""\מ, רחוב",IL,גלידונית וניל 60יח 630גר,גרמים,630.00,100 גרם,false,0,49.50,7.86,true,1,
7290000137643,false,שלגוני טעמקור בטעם שוקו וניל שטראוס 8*50 גרם,"גלידת שטראוס בע""\מ, רחוב",IL,8יח טעמקור משפחתיות 50 ג,גרמים,400.00,100 גרם,false,0,39.00,9.75,true,1,
7290000139258,false,שלווה דבש וסוכר חום אשבול 200 גרם,אשבל מזון פונקציונלי,IL,שלווה טבע,גרמים,200.00,100 גרם,false,0,8.30,4.15,true,1,
7290000143187,false,"הוואי שמפו 2 ב 1 לגבר 700 מ""ל",שוורצקוף& הנקל דיסלד,IL,שמפו הוואי לגבר,מיליליטרים,700.00,"100 מ""ל",false,0,9.90,1.41,true,1,
7290000143194,false,"הוואי שמפו+מרכך 2 ב 1 לשיער רגיל 700 מ""ל",טרופיקל דגיל בעמ,IL,שמפו+מרכך הוואי,מיליליטרים,700.00,"100 מ""ל",false,0,9.90,1.41,true,1,
7290000143200,false,"הוואי - מרכך לשיער יבש 700 מ""ל",שוורצקוף& הנקל דיסלד,IL,מרכך הוואי לשיער יבש700מ,מיליליטרים,700.00,"100 מ""ל",false,0,9.90,1.41,true,1,
7290000143217,false,"הוואי שמפו יבש מסולסל 700 מ""ל",שוורצקוף& הנקל דיסלד,IL,שמפו הוואי,מיליליטרים,700.00,"100 מ""ל",false,0,9.90,1.41,true,1,
7290000143255,false,"שמפו לשיער רגיל הוואי 700 מ""ל",שוורצקוף& הנקל דיסלד,IL,"שמפו הוואי ירוק 700 מ""ל",מיליליטרים,700.00,"100 מ""ל",false,0,9.90,1.41,true,1,
7290000143279,false,"הוואי שמפו לשיער נגד קשקשים 700 מ""ל",שוורצקוף& הנקל דיסלד,IL,"הוואי שמפו אדום 700 מ""ל",מיליליטרים,700.00,"100 מ""ל",false,0,9.90,1.41,true,1,
7290000143286,false,"הוואי מרכך לשיער רגיל 700 מ""ל",שוורצקוף& הנקל דיסלד,IL,"הוואי מרכך ירוק 700 מ""ל",מיליליטרים,700.00,"100 מ""ל",false,0,9.90,1.41,true,1,
7290000144160,false,"שמן זית כתית ארומתי מודגש עץ הזית 750 מ""ל","מרקאולאו, ספרד.אבסה,",IL,שמן זית מודגש,מיליליטרים,750.00,"100 מ""ל",false,0,33.90,4.52,true,1,
7290000144467,false,שמן חמניות מועשר בנוגדי חמצון 1 ל' עץ הזית,"נארז ע""י : א.ג. גילר",IL,שמן חמניות,ליטרים,1.00,ליטר,false,0,16.40,16.40,true,1,
7290000144474,false,שמן עץ הזית קנולה 1 ליטר בריאות מהטבע,שמן תעשיות בעמ,IL,שמן קנולה מועשר 1 ליטר,ליטרים,1.00,ליטר,false,0,15.00,15.00,true,1,
7290000144825,false,שמן קנולה פלוס אומגה9 1ל,שמן תעשיות,IL,שמן קנולה מועשר,ליטרים,1.00,ליטר,false,0,15.80,15.80,true,1,
7290000145341,false,פרסיל סופרא 30 טבליות,הנקל סוד,DE,טבליות פרסיל,קילוגרמים,0.03,"ק""ג",false,0,29.60,986.67,true,1,
7290000145358,false,פרסיל קולור 30 טבליות,הנקל סוד,DE,פרסיל טבליות,יחידה,1.00,יחידה,false,1,29.60,29.60,true,1,
7290000146645,false,הוואי - סבון מוצק שחור מסתורי 100 גרם רביעייה,טרופיקל דגיל קוסמטיק,IL,סבון הוואי 4 יח,גרמים,400.00,100 גרם,false,0,11.90,2.98,true,1,
7290000146676,false,הוואי - סבון מוצק לגבר 100 גרם רביעייה,טרופיקל דגיל קוסמטיק,PL,סבון הוואי 4 יח,גרמים,400.00,100 גרם,false,0,11.90,2.98,true,1,
7290000146683,false,הוואי - סבון מוצק אפקט דאודורנט 100 גרם רביעייה,טרופיקל דגיל קוסמטיק,PL,סבון הוואי 4 יח,גרמים,400.00,100 גרם,false,0,11.90,2.98,true,1,
7290000146713,false,סבון הוואי לגונה 100*4 ג,טרופיקל דגיל,IL,סבון הוואי 4 יח,גרמים,400.00,100 גרם,false,0,11.90,2.98,true,1,
7290000146997,false,משחת שיניים לילדים מסטיק טום וג'רי 50 מל,טרופיקל דגיל קוסמטיק,IL,משחת טום וג'רי מסטיק 50מ,מיליליטרים,50.00,"100 מ""ל",false,0,9.20,18.40,true,1,
7290000148045,false,נקטר תפוח פריגת בקרטון1ל,פריגת,IL,נקטר תפוחים,ליטרים,1.00,ליטר,false,0,5.20,5.20,true,1,
7290000149578,false,סופטקר אל סבון 1 ליטר,נקה,IL,תחליב לחות לרחצה,ליטרים,1.00,ליטר,false,0,14.90,14.90,true,1,
7290000149615,false,רביעיית סבון מוצק קלאסי לתינוק נקה 7 4*100 גרם,גליל כימיקלים בעממשו,IL,סבון נקה 4X 7,גרמים,400.00,100 גרם,false,0,11.90,2.98,true,1,
7290000149851,false,סבון לניקוי והסרת כתמים סינטבון 460 גרם,יבואן ומשווק: ש. שסט,IL,סינטבון נקה כפול,גרמים,460.00,100 גרם,false,0,9.60,2.09,true,1,
7290000151472,false,פסטרמה אמריקאית 300 גרם,עוף טוב,IL,פסטרמה אמריקאית,גרמים,300.00,100 גרם,false,0,24.90,8.30,true,1,
7290000152943,false,מארז פסטרמה כפרית וסלמי כפרי עוף טוב 2*350 גרם,מוצרי עוף טוב (2001) בע\,IL,פסטרמה + סלמי,גרמים,700.00,100 גרם,false,0,28.40,4.06,true,1,
7290000155661,false,מארז נקניקיות עוף טוב 4*400 גרם,מוצרי עוף טוב (2001),IL,נקניקיות 4 יח,קילוגרמים,1.60,"ק""ג",false,0,34.10,21.31,true,1,
7290000156545,false,פסטרמה מקסיקנית 300גרם,מוצרי עוף טוב (2001) בע\,IL,פסטרמה מקסיקנית,גרמים,300.00,100 גרם,false,0,24.90,8.30,true,1,
7290000158105,false,שניצל עוף מיני דינוזאור ללא אנטיביוטיקה מ100% ר.טבעי,"מוצרי עוף טוב (2001) בע""",IL,שניצל דינוזאור,גרמים,700.00,100 גרם,false,0,37.00,5.29,true,1,
7290000158211,false,שניצל דק ענק עוף טוב,עוף טוב,,שניצל דק ענק,גרמים,700.00,100 גרם,false,0,37.90,5.41,true,1,
7290000158235,false,שניצל עוף דקיק צ'יפס שמח,"מוצרי עוף טוב (2001) בע""",IL,שניצל דק בציפוי,גרמים,700.00,100 גרם,false,0,37.90,5.41,true,1,
7290000159034,false,שניצל אמיתי קריספי 700גר,"מוצרי עוף טוב (2001) בע""",IL,שניצל קריספי בית,גרמים,0.00,100 גרם,false,0,46.00,46.00,true,1,
7290000159096,false,חזה עוף צלוי ברביקיו 500 גר רכיבים טבעיי,מוצרי עוף טוב (2001),IL,חזה עוף צלוי,גרמים,500.00,100 גרם,false,0,42.00,8.40,true,1,
7290000159423,false,קציצות עוף קלאסי ע.טוב 4,עוף טוב,IL,קציצות עוף טוב,גרמים,400.00,100 גרם,false,0,14.90,3.73,true,1,
7290000160252,false,דאב תרחיץ פנים רגיל180מל,יוניליוור,IL,דאב תרחיץ פנים,מיליליטרים,180.00,"100 מ""ל",false,0,16.90,9.39,true,1,
7290000160269,false,דאב תרחיץ פנים רגיש180מל,יוניליוור,IL,דאב תרחיץ פנים,מיליליטרים,180.00,"100 מ""ל",false,0,16.90,9.39,true,1,
7290000160450,false,עוף ולתנור צ'ילי מתוק63ג,יוניליוור,IL,עוף ולתנור,גרמים,63.00,100 גרם,false,0,6.30,10.00,true,1,
7290000160467,false,עוף ולתנור גריל 49 גרם,יוניליוור,IL,עוף ולתנור גריל,גרמים,49.00,100 גרם,false,0,6.30,12.86,true,1,
7290000161150,false,יורוטאב - גולדבנד גב,אתר חיפה מרגרינה,IL,מרגרינה גולדבנד,גרמים,250.00,100 גרם,false,0,9.20,3.68,true,1,
7290000161358,false,תלמה מיונז אמיתי משמן קנולה 500 גרם,יוניליוור ישראל מזון בע\,IL,מיונז אמיתי תלמה,גרמים,500.00,100 גרם,false,0,13.80,2.76,true,1,
7290000162515,false,"קורנפלקס וניל בד""צ500גרם",יוניליוור,,קורנפלקס וניל,גרמים,500.00,100 גרם,false,0,19.50,3.90,true,1,
7290000162805,false,"בדין מרכך אקסטרה גרדניה סיגליות 960מ""ל",יונילוור - תורכיה,TR,מרכך בדין960מ,מיליליטרים,960.00,"100 מ""ל",false,0,18.90,1.97,true,1,
7290000162812,false,מיקספלקס פלוס טרופי400גר,דליסר,,מיקספלקס פלוס,גרמים,400.00,100 גרם,false,0,25.70,6.43,true,1,
7290000163024,false,רוטב חרדל דבש לייט305גרם,יוניליוור,IL,רוטב חרדל דבש,גרמים,305.00,100 גרם,false,0,9.90,3.25,true,1,
7290000164632,false,בדין אקסטרה בייבי 960 מל,יונילוור - תורכיה,TR,בדין אקסטרה,מיליליטרים,960.00,"100 מ""ל",false,0,19.90,2.07,true,1,
7290000164847,false,דאו.רקסונה ללא סימן50מ,יוניליוור,MX,דאודורנט רקסונה,מיליליטרים,50.00,"100 מ""ל",false,0,22.60,45.20,true,1,
7290000164885,false,אקס סטיק אנרכי לגבר 76 ג,יוניליוור,US,דאו. אקס סטיק,גרמים,76.00,100 גרם,false,0,22.90,30.13,true,1,
7290000165073,false,סיף קרם ניקוי לימון 500מ,יוניליוור,TR,סיף קרם לימון,מיליליטרים,500.00,"100 מ""ל",false,0,10.90,2.18,true,1,
7290000165684,false,"שמפו שמן אבוקדו 700 מ""ל",יוניליוור,IL,שמפו שמן אבוקדו,מיליליטרים,700.00,"100 מ""ל",false,0,10.00,1.43,true,1,
7290000165691,false,"מרכך שמן אבוקדו 700 מ""ל",יוניליוור,IL,מרכך שמן אבוקדו,מיליליטרים,700.00,"100 מ""ל",false,0,10.00,1.43,true,1,
7290000166018,false,דא. דאב סטיק אינביזיבל50,יוניליוור,IL,דאודורנט דאב,גרמים,50.00,100 גרם,false,0,28.00,56.00,true,1,
7290000166148,false,דאב בייבי תחליב רחצה700מ,יוניליוור ישראל טיפו,IL,תחליב רחצה דאב,מיליליטרים,700.00,"100 מ""ל",false,0,19.00,2.71,true,1,
7290000166414,false,מזולה לאפיה ללא מלח200ג,יוניליוור,IL,מזולה ללא מלח,גרמים,200.00,100 גרם,false,0,6.20,3.10,true,1,
7290000166728,false,קוקומן20% מופחת סוכר500ג,יוניליוור,IL,קוקומןמופחת סוכר,גרמים,500.00,100 גרם,false,0,15.90,3.18,true,1,
7290000167510,false,רוטב ויניגרט מעודן305ג,יוניליוור,IL,רוטב ויניגרט,גרמים,305.00,100 גרם,false,0,9.90,3.25,true,1,
7290000167756,false,קינמונים 500 גרם,דליסר,IL,קינמונים,גרמים,500.00,100 גרם,false,0,20.00,4.00,true,1,
7290000168081,false,דאו אקס אפולו סטיק 76 גר,יוניליוור,IL,דאו אקס סטיק,גרמים,76.00,100 גרם,false,0,22.90,30.13,true,1,
7290000168173,false,"ברנפלקס קרנצ'ים תלמה בד""ץ 375 גרם",יוניליור ישראל מזון,IL,ברנפלקס קרנצ'ים,גרמים,375.00,100 גרם,false,0,21.90,5.84,true,1,
7290000168289,false,שמפו פינוק שמן מרוקאי700,יוניליוור ישראל טיפוח אי,IL,שמפו פינוק,מיליליטרים,700.00,"100 מ""ל",false,0,10.00,1.43,true,1,
7290000168296,false,"פינוק מרכך שמן מרוקאי 700 מ""ל",יוניליוור ישראל טיפוח אי,IL,מרכך פינוק,מיליליטרים,700.00,"100 מ""ל",false,0,10.00,1.43,true,1,
7290000168302,false,תחליב פינוק שמן מרוקא700,יוניליוור ישראל טיפוח אי,IL,תחליב רחצה פינוק,מיליליטרים,700.00,"100 מ""ל",false,0,10.00,1.43,true,1,
7290000168418,false,רוטב סויה סיני 25% פחות,אתר חיפה 778,IL,רוטב סויה סיני,מיליליטרים,300.00,"100 מ""ל",false,0,10.00,3.33,true,1,
7290000169071,false,מרק גורמה בטעם בטטה82ג,יוניליוור,IL,מרק גורמה קנור,גרמים,82.00,100 גרם,false,0,9.80,11.95,true,1,
7290000169156,false,רקסונה ספריי V8 לגבר 150,יוניליוור,AR,דאו. רקסונה,יחידה,1.00,יחידה,false,0,17.70,17.70,true,1,
7290000169521,false,נמס בכוס ירקות וקרוטונים,אתר חיפה אבקות,IL,נמס בכוס,גרמים,56.00,100 גרם,false,0,6.90,12.32,true,1,
7290000169712,false,קורנפלקס מלא 500 גרם,יוניליוור,IL,קורנפלקס מלא,גרמים,500.00,100 גרם,false,0,18.70,3.74,true,1,
7290000169743,false,קוקומן ח.לבן מופחת סוכר,יוניליוור,IL,קוקומן חום לבן,גרמים,375.00,100 גרם,false,0,15.90,4.24,true,1,
7290000169798,false,"עוגי מופחת סוכר 20% פצפוצי שוקו' 500ג' בד""צ","יוניליוור ישראל מזון בע""",IL,עוגי מופחת סוכר,גרמים,500.00,100 גרם,false,0,15.90,3.18,true,1,
7290000169897,false,"רקסונה ספריי כותנה150מ""ל",קוסטר,TR,דאו.רקסונה,מיליליטרים,150.00,"100 מ""ל",false,0,17.70,11.80,true,1,
7290000169903,false,דאו.רקסונה טלק ספריי 150,קוסטר,IL,דאו.רקסונה,מיליליטרים,150.00,"100 מ""ל",false,0,17.70,11.80,true,1,
7290000169927,false,רקסונה ספריי לינן דר150,קוסטר,TR,דאו.רקסונה,מיליליטרים,150.00,"100 מ""ל",false,0,17.70,11.80,true,1,
7290000170053,false,שוקולד חלב 100 גרם בדץ,"שטראוס גרופ בע""\מ.",IL,שוקולד פרה חלב,גרמים,100.00,100 גרם,false,0,5.50,5.50,true,1,
7290000170077,false,פרה שוקולד מריר 100 גרם,"שטראוס גרופ בע""\מ.",IL,שוקולד מריר,גרמים,100.00,100 גרם,false,0,5.50,5.50,true,1,
7290000171470,false,כיף כף חטיף שוקולד עלית 45ג',"שטראוס גרופ בע""מ",IL,כיף כף,גרמים,45.00,100 גרם,false,0,3.90,8.67,true,1,
7290000174044,false,"בפלות בטעם שוקולד 1 ק""ג",STRAUSS-ISRAEL,IL,בפלות טעם שוקולד,קילוגרמים,1.00,"ק""ג",false,0,18.40,18.40,true,1,
7290000174099,false,בפלות בטעם שוקולד 500 גר,STRAUSS-ISRAEL,IL,בפלות שוקולד,גרמים,500.00,100 גרם,false,0,12.40,2.48,true,1,
7290000174723,false,שוקולית אבקה להכנת משקה שוקו 500 גרם,הנסיך- מפעל לייצור ט,IL,שוקולית,גרמים,500.00,100 גרם,false,0,12.90,2.58,true,1,
7290000175027,false,ממרח בטעם שוקולד ממר,STRAUSS-ISRAEL,IL,ממרחית שוקולד,גרמים,500.00,100 גרם,false,0,9.60,1.92,true,1,
7290000176062,false,קפה טורקי בשקית 100 ג' עלית,שטראוס קפה בי.ויn\.,IL,קפה טורקי בצלופן,גרמים,100.00,100 גרם,false,0,8.50,8.50,true,1,
7290000176079,false,קפה עלית טורקי עם הל 100 גרם,הנסיך- מפעל לייצור ט,IL,קפה טורקי עם הל,גרמים,100.00,100 גרם,false,0,8.60,8.60,true,1,
7290000176093,false,קפה אלדין טורקי ואקום200,הנסיך- מפעל לייצור ט,IL,קפה טורקי אלדין,גרמים,200.00,100 גרם,false,0,17.90,8.95,true,1,
7290000176420,false,קפה נמס פחית עלית 200 גרם,שטראוס קפה בי.וי,IL,קפה נמס,גרמים,200.00,100 גרם,false,0,19.90,9.95,true,1,
7290000176475,false,האג קפה נמס נטול קפאין עלית 200 גרם,שטראוס גרופ,IL,קפה נמס האג,גרמים,200.00,100 גרם,false,0,33.50,16.75,true,1,
7290000176857,false,שוקולד לבן פרה 100 ג,STRAUSS-ISRAEL,IL,שוקולד לבן,גרמים,100.00,100 גרם,false,0,5.50,5.50,true,1,
7290000177694,false,קפה טורקי עלית וואקום 200ג',שטראוס קפה בי.ויn\.,IL,קפה טורקי ואקום,גרמים,200.00,100 גרם,false,0,18.90,9.45,true,1,
7290000178660,false,בפלות מצופים שוקולד 500ג,שטראוס,IL,בפלות מצופים,גרמים,500.00,100 גרם,false,0,15.50,3.10,true,1,
7290000178707,false,תפוצ'יפס בטעם טבעי 50 גרם,"שטראוס פריטו ליי בע""\מ )",IL,חטיף תפוצ'יפס,גרמים,50.00,100 גרם,false,0,3.80,7.60,true,1,
7290000178721,false,תפוצ'יפס בטעם טבעי 200 גרם,"שטראוס פריטו ליי בע""\מ )",IL,חטיף תפוצ'יפס,גרמים,200.00,100 גרם,false,0,10.00,5.00,true,1,
7290000180212,false,שוקולד מריר אגוז 100 גרם,STRAUSS-ISRAEL,IL,שוקולד מריר,גרמים,100.00,100 גרם,false,0,5.50,5.50,true,1,
7290000186535,false,נייר טואלט תלת שכבתי לבן לילי 32 יחידות,לילי נייר טואלט חוגלה,IL,נ.טואלט לילי,מטרים,537.00,100 מטר,false,0,46.90,8.73,true,1,
7290000186931,false,ניקול כריות קרצוף חתוכות 12 יח',ניקול,IL,כריות קרצוף,יחידה,1.00,יחידה,false,0,10.00,10.00,true,1,
7290000187709,false,נ.טואלט לילי קלאסיק 48גל,חוגלה קימברלי,IL,נייר טואלט לילי,מטרים,883.00,100 מטר,false,0,51.90,5.88,true,1,
7290000187921,false,נייר טואלט דו שכבתי לבן לילי 32 יחידות,לילי נייר טואלט חוגלה,IL,נייר טואלט לילי,מטרים,588.00,100 מטר,false,0,36.90,6.28,true,1,
7290000188270,false,ממחטות אף אולטרה סופט קלינקס 2*80 יחידות,חוגלה קימברלי,IL,קלינקס אולטרה,יחידה,1.00,יחידה,false,0,14.80,14.80,true,1,
7290000188355,false,מגבות מטבח ניקול לבנה שישייה,קימברלי-קלארק,IL,מגבות ניקול,מטרים,65.00,מטר,false,0,9.90,0.15,true,1,
7290000188553,false,קוטקס מגן תחתון יאנג ביג 60 יחידות,חוגלה קימברלי,CN,מגן תחתון קוטקס,יחידה,1.00,יחידה,false,0,16.90,16.90,true,1,
7290000188560,false,מגן תחתון לארג' קוטקס 52 יחידות,קימברלי קלארק,CN,מגן תחתון קוטקס,יחידה,1.00,יחידה,false,0,16.90,16.90,true,1,
7290000188591,false,קוטקס מגן תחתון יאנג ביג 60 יחידות,חוגלה קימברלי,CN,מגן תחתון קוטקס,יחידה,1.00,יחידה,false,0,16.90,16.90,true,1,
7290000188850,false,מגבוני האגיס 24*3 טו-גו,חוגלה קימברלי,IL,מגבוני האגיס3יח,יחידה,1.00,יחידה,false,0,9.80,9.80,true,1,
7290000188973,false,23 תח.קוטקס דיזיין +N,חוגלה קימברלי,IL,תחבושות קוטקס,יחידה,1.00,יחידה,false,0,16.90,16.90,true,1,
7290000188980,false,תח.קוטקס דיזיין סופר 20,קוטקס,IL,תחבושות קוטקס,יחידה,1.00,יחידה,false,0,16.90,16.90,true,1,
7290000189208,false,מטלית הקסם למשטחים 1 יח',חוגלה קימברלי,CN,מטלית הקסם,יחידה,1.00,יחידה,false,0,7.80,7.80,true,1,
7290000189215,false,מטלית הקסם לרצפה ניקול,חוגלה קימברלי,IL,מטלית רצפה ניקול,יחידה,1.00,יחידה,false,0,11.00,11.00,true,1,
7290000189505,false,ניקול תבנית אפייה מקרטון אינגליש קייק ניקול 5 יחידות,"דוקארט בעמ, קיבוץ כפ",IL,תבניות קרטון,יחידה,1.00,יחידה,false,0,9.90,9.90,true,1,
7290000189550,false,"שקיות אשפה ענקיות עם שרוך 78 * 90 ס""מ ניקול 2 * 10 יחידות",חוגלה קימברלי,IL,זוג אשפתון ענק,יחידה,1.00,יחידה,false,0,19.90,19.90,true,1,
7290000189659,false,מטליות לחות לרצפה ניקול 10 יח'-מרכז,עלבד משואות יצחק בעמ,IL,מטליות רצפה לחות,יחידה,1.00,יחידה,false,0,10.00,10.00,true,1,
7290000189949,false,נייר טואלט בצבע,,IL,נייר טואלט בצבע,מטרים,537.00,מטר,false,0,29.90,0.06,true,1,
7290000190174,false,מפיות חד שכבתי זוג 85 יח,חוגלה קימברלי,IL,מפיות חד שכבתי,יחידה,1.00,יחידה,false,0,11.90,11.90,true,1,
7290000190198,false,מטליות לחות לניקוי וחיטוי 99.9% ניקול 50 יחידה,עלבד משואות יצחק בעמ,IL,מטליות ניקוי,יחידה,1.00,יחידה,false,0,10.90,10.90,true,1,
7290000190532,false,50מפיות ניקול 2P מודפסות,חוגלה קימברלי,,מפיות דו שכבתי,יחידה,1.00,יחידה,false,0,7.90,7.90,true,1,
7290000190563,false,מפיות חד שכבתי מודפס זוג,חוגלה קימברלי,,מפיות ניקול זוג,יחידה,1.00,יחידה,false,0,11.90,11.90,true,1,
7290000191225,false,חיתולים ליטל בייביז מידה 2 האגיס 46 יחידות,קימברלי קלארק שיווק,IL,האגיס ליטל בייבי,יחידה,1.00,יחידה,false,1,29.90,29.90,true,1,
7290000191539,false,חמישיית ממחטות טישו צבועני לילי 100 יחידות,חוגלה קימברלי,IL,מגבוני לילי 100,יחידה,1.00,יחידה,false,0,11.90,11.90,true,1,
7290000191546,false,ממחטות טישו צבעוני 2 שכבות לילי מארז 100X3יח',חוגלה קימברלי,IL,לילי צבעוני100*3,יחידה,1.00,יחידה,false,0,9.70,9.70,true,1,
7290000191645,false,"חיתולים האגיס ליטל בייביס ניו בורן שלב 1 עד 4 ק""ג",קימברלי קלארק ארהב,IL,חיתולי האגיס,יחידה,1.00,יחידה,false,0,30.90,30.90,true,1,
7290000193014,false,מגן תחתון פדיות אינטרלוד לילי 50 יחידות,חוגלה קימברלי,IL,לילי פדים,יחידה,1.00,יחידה,false,0,9.90,9.90,true,1,
7290000193083,false,נובה-לי תחבושות היגייניות לילי 28 יחידות,חוגלה קימברלי,IL,תחבושות נובה לי,יחידה,1.00,יחידה,false,0,9.70,9.70,true,1,
7290000193205,false,תחבושות עם כנפיים ללילה נטורל לילי 20 יחידות,חוגלה קימברלי,,תחבושות לילי,יחידה,1.00,יחידה,false,0,16.00,16.00,true,1,
7290000193410,false,נ.ט מולט קומפקט,,IL,נ.ט מולט קומפקט,מטרים,716.00,מטר,false,0,34.90,0.05,true,1,
7290000193472,false,מגן תחתון נורמל נטורל לילי 60 יחידות,חוגלה קימברלי,IL,פדיות לילי,יחידה,1.00,יחידה,false,0,16.00,16.00,true,1,
7290000193540,false,מגן תחתון ארוך נטורל לילי 52 יחידות,חוגלה קימברלי,IL,פדיות לילי,יחידה,1.00,יחידה,false,0,16.00,16.00,true,1,
7290000193793,false,לילי תחבושות אינטימי נורמל אולט' 24 יח',חוגלה קימברלי,IL,תחבושות לילי,יחידה,1.00,יחידה,false,0,16.00,16.00,true,1,
7290000194837,false,ניקול - שקיות מזון + ידיות קשירה אקסטרה לארג' 200 יח',לחמנו,IL,שקיות מזון,יחידה,1.00,יחידה,false,0,12.80,12.80,true,1,
7290000195216,false,נייר אפייה בשקית ניקול 50 יחידות,ניקול,IL,נייר אפיה,יחידה,1.00,יחידה,false,0,9.90,9.90,true,1,
7290000195513,false,מגב.טיטולים ל.בישום 72*5,חוגלה קימברלי,IL,5 מגבוני טיטולים,יחידה,1.00,יחידה,false,0,29.60,29.60,true,1,
7290000195537,false,האגיס - מגבוני האגיס דיילי קר לא מבושם 64 יח' * 4,חוגלה קימברלי,IL,מגבוני האגיס 4יח,יחידה,1.00,יחידה,false,0,23.90,23.90,true,1,
7290000195544,false,האגיס מגבונים רביעייה מילוי נטורל מבושם,חוגלה קימברלי,IL,מגבוני האגיס 4יח,יחידה,1.00,יחידה,false,0,23.90,23.90,true,1,
7290000195773,false,האגיס - מגבוני האגיס סנסטיב קר לא מבושם 64 יח' * 4,חוגלה קימברלי,IL,מגבוני האגיס 4יח,יחידה,1.00,יחידה,false,0,23.90,23.90,true,1,
7290000196039,false,"מפות שולחן איריס ח""פ ניקול 2 יח'",חוגלה קימברלי,IL,מפת שולחן,יחידה,1.00,יחידה,false,0,12.00,12.00,true,1,
7290000196343,false,מפת שולחן מהודרת ניקול 1 יחידה,חוגלה קימברלי,IL,מפת שולחן דמוי ב,יחידה,1.00,יחידה,false,0,11.50,11.50,true,1,
7290000196763,false,"שקיות אשפה חזקות במיוחד עם שרוך 52 * 65 ס""מ ניקול 40 יחידות","אשפלסט תעשיות בע""מ",,שקיות אשפה,יחידה,1.00,יחידה,false,0,25.90,25.90,true,1,
7290000197081,false,ניקול ניילון נצמד 150 מטר+מתקן לחיתוך קל,חוגלה קימברלי,IL,ניילן נצמד,מטרים,150.00,מטר,false,0,31.90,0.21,true,1,
7290000197128,false,100 האגיס מגה פק שלב3,חוגלה קימברלי,IL,100 האגיס מגה פק שלב3,יחידה,1.00,יחידה,false,0,69.90,69.90,true,1,
7290000197197,false,84 האגיס מגה פק שלב4,חוגלה קימברלי,IL,84 האגיס מגה פק שלב4,יחידה,1.00,יחידה,false,0,69.90,69.90,true,1,
7290000197210,false,76 האגיס מגה פק שלב+4,חוגלה קימברלי,IL,76 האגיס מגה פק שלב+4,יחידה,1.00,יחידה,false,0,69.90,69.90,true,1,
7290000197227,false,72 האגיס מגה פק שלב5,חוגלה קימברלי,IL,חיתולי האגיס,יחידה,1.00,יחידה,false,0,69.90,69.90,true,1,
7290000197258,false,64 האגיס מגה פק שלב6,חוגלה קימברלי,IL,חיתולי האגיס,יחידה,1.00,יחידה,false,1,69.90,69.90,true,1,
7290000197265,false,ניקול המגבת הבריאה 1גל,חוגלה קימברלי,IL,המגבת הבריאה,מטרים,26.00,מטר,false,1,7.90,0.30,true,1,
7290000197432,false,שקיות אוכל סנדביצ'ון ניקול מארז 150X2יח',"אשפלסט תעשיות בע""מ",IL,סנדוויצ'ון זוג,יחידה,1.00,יחידה,false,0,13.40,13.40,true,1,
7290000197456,false,חיתולים פרידום דריי שלב 4 האגיס 44 יחידות,קימברלי קלארק ישראל,IL,חיתולי האגיס,יחידה,1.00,יחידה,false,0,42.90,42.90,true,1,
7290000197463,false,חיתולים פרידום דריי שלב +4 האגיס 40 יחידות,קימברלי קלארק ישראל,IL,חיתולי האגיס,יחידה,1.00,יחידה,false,0,42.90,42.90,true,1,
7290000197470,false,שקיות רב שימושיות מתכלות ניקול 250 יחידות,"אשפלסט תעשיות בע""מ",IL,"שקיות רב""ש מארז",יחידה,1.00,יחידה,false,0,13.80,13.80,true,1,
7290000197548,false,חיתולים פרידום דריי שלב 5 האגיס 36 יחידות,קימברלי קלארק ישראל,IL,חיתולי האגיס,יחידה,1.00,יחידה,false,0,42.90,42.90,true,1,
7290000197654,false,שקיות אשפה ענקיות נשלפות 75*90 ניקול 50 יחידות,"אשפלסט תעשיות בע""מ",IL,אשפתון ניקול,יחידה,1.00,יחידה,false,0,21.80,21.80,true,1,
7290000197678,false,חיתולי האגיס פרידום דריי שלב 6 30 יחידות,קימברלי קלארק ישראל,IL,חיתולי האגיס,יחידה,1.00,יחידה,false,0,42.90,42.90,true,1,
7290000197753,false,ניילון נצמד אנטי בטקריאלי ניקול 30X2מ',חוגלה קימברלי,IL,ניילון נצמד זוג,מטרים,60.00,מטר,false,0,10.00,0.17,true,1,
7290000197883,false,תבניות אלומיניום גדולות ניקול 5 יחידות,חוגלה קימברלי,IL,4 מגשית 100 מוכספת ניקול,יחידה,1.00,יחידה,false,0,9.70,9.70,true,1,
7290000199313,false,תחבושות עם כנפיים נורמל פלוס קוטקס 30 יחידות,חוגלה קימברלי,IL,קוטקס תחבושות,יחידה,1.00,יחידה,false,0,16.90,16.90,true,1,
7290000201795,false,"האגיס מגבונים לתינוק מבושם מארז, שלישיה * 64 יח'",חוגלה קימברלי,IL,מגבוני האגיס,יחידה,1.00,יחידה,false,1,14.90,14.90,true,1,
7290000201849,false,טיטולים פרימיום שלב 4 42 יח' (8-14),חוגלה קימברלי,IL,טיטולים פרימיום,יחידה,1.00,יחידה,false,1,33.90,33.90,true,1,
7290000203188,false,נייר טואלט לילי,,IL,נייר טואלט לילי,מטרים,588.00,100 מטר,false,0,38.80,6.60,true,1,
7290000203553,false,קלינקס אקליפטוס,,IL,קלינקס אקליפטוס,יחידה,1.00,יחידה,false,0,10.70,10.70,true,1,
7290000204086,false,ניקול כרית קרצוף מארז שלישייה,חוגלה קימברלי,IL,ניקול כרית קרצוף,יחידה,1.00,יחידה,false,0,10.00,10.00,true,1,
7290000204147,false,רביעיית כרית יפנית עבה ניקול 4 יחידות,חוגלה קימברלי,IL,כריות יפניות 4X,יחידה,1.00,יחידה,false,0,10.00,10.00,true,1,
7290000204215,false,שישיית כרית יפנית ניקול 6 יחידות,חוגלה קימברלי,IL,כריות יפניות,יחידה,1.00,יחידה,false,0,10.00,10.00,true,1,
7290000204253,false,מטליות רב שימושיות לניקיון ניקול 9 יחידות,נועם אורים-קיבוץ אור,IL,מטליות ניקול,יחידה,1.00,יחידה,false,0,10.00,10.00,true,1,
7290000204307,false,מטלית רב שימושית בגליל ניקול 40 יחידות,נועם אורים-קיבוץ אור,IL,מטליות ניקול,יחידה,1.00,יחידה,false,0,21.50,21.50,true,1,
7290000204611,false,שישיית ספוגית הקסם ניקול 6 יחידות,חוגלה קימברלי,IL,ניקול ספוגיות,יחידה,1.00,יחידה,false,0,10.00,10.00,true,1,
7290000205526,false,פיסגה נוזל ריחני לשטיפת רצפות סנו 2 ליטר,"סנו מפעלי ברונוס בע""",IL,פיסגה ניקוי רצפה,ליטרים,2.00,ליטר,false,0,9.70,4.85,true,1,
7290000207162,false,רוטב עגבניות מרכיב טבעי 100 ג' יכין,"זנלכל בע""\מ",IL,רסק עגבניות,גרמים,100.00,100 גרם,false,0,1.90,1.90,true,1,
7290000208091,false,אפונה קטנה עדינה יכין 550 גרם,"זנלכל בע""\מ",IL,אפונת גינה קטנה,גרמים,550.00,100 גרם,false,0,6.40,1.16,true,1,
7290000208114,false,"אפונה וגזר יכין A2 פ""ק בית יוסף","זנלכל בע""\מ",IL,אפונת גינה וגז,גרמים,550.00,100 גרם,false,0,6.50,1.18,true,1,
7290000208145,false,גרעיני תירס מתוק לייט 550 גרם יכין,"זנלכל בע""\מ",IL,תירס לייט יכין,גרמים,550.00,100 גרם,false,0,5.90,1.07,true,1,
7290000208213,false,שעועית לבנה אפויה A2 ברוטב עגבניות יכין 560ג',היינץ צפון אמריקה מק,IL,שעועית ברוטב,גרמים,580.00,100 גרם,false,0,6.60,1.14,true,1,
7290000208312,false,גרעיני תירס מתוק בואקום יכין 400 גר',"זנלכל בע""\מ",IL,תירס ואקום,גרמים,340.00,100 גרם,false,0,5.40,1.59,true,1,
7290000208329,false,גרעיני תירס מתוק 550 גרם יכין,"זנלכל בע""\מ",IL,גרעיני תירס מתוק,גרמים,550.00,100 גרם,false,0,6.50,1.18,true,1,
7290000208336,false,רסק יכין 240גר 22% יכין בית יוסף,"זנלכל בע""\מ",IL,רסק עגבניות,גרמים,260.00,100 גרם,false,0,4.20,1.62,true,1,
7290000208404,false,A2 פול מצרי 550 גרם יכין,"זנלכל בע""\מ",IL,פול מצרי,גרמים,550.00,100 גרם,false,0,5.40,0.98,true,1,
7290000208428,false,חומוס יכין שלם 550 גר A/2,היינץ צפון אמריקה מק,IL,חומוס שלם,גרמים,560.00,100 גרם,false,0,5.90,1.05,true,1,
7290000208855,false,רוטב לפסטה קלאסי 240 גרם יכין,"זנלכל בע""\מ",IL,רוטב פסטה,גרמים,260.00,100 גרם,false,0,4.70,1.81,true,1,
7290000208947,false,עגבניות מרוסקות 240 גרם יכין,היינץ צפון אמריקה מק,IL,עגבניות מרוסקות,גרמים,260.00,100 גרם,false,0,4.70,1.81,true,1,
7290000208978,false,רוטב עגבניות פריכוז יכין 100 גרם,"זנלכל בע""\מ",IL,רסק פריכוז,גרמים,100.00,100 גרם,false,0,2.10,2.10,true,1,
7290000209500,false,סירופ דיאט תפוזים1ל'יכין,זנלכל,IL,סירופ דיאט תפוזי,ליטרים,1.00,ליטר,false,0,7.60,7.60,true,1,
7290000209517,false,סירופ דיאט בטעם לימון יכין 1 ליטר,היינץ צפון אמריקה מק,IL,סירופ דיאט לימון,ליטרים,1.00,ליטר,false,0,7.60,7.60,true,1,
7290000209562,false,סירופ מנגו דיאט 1ל' יכין,זנלכל,IL,סירופ מנגו דיאט,ליטרים,1.00,ליטר,false,0,7.60,7.60,true,1,
7290000209708,false,עגבניות מרוסקות עם בזיליקום יכין 240 גרם,היינץ צפון אמריקה מק,IL,עגבניות מרוסקות,גרמים,260.00,100 גרם,false,0,4.70,1.81,true,1,
7290000209722,false,רסק עגבניות 28% פריכוז 580 גרם יכין,"זנלכל בע""\מ",IL,תרכיז עגבניות,גרמים,580.00,100 גרם,false,0,7.50,1.29,true,1,
7290000209951,false,רוטב עגבניות לפיצה 240 גרם יכין,"זנלכל בע""\מ",IL,רוטב עגבניות,גרמים,260.00,100 גרם,false,0,4.70,1.81,true,1,
7290000211169,false,"אורז תאילנדי אחד אחד סוגת 1 ק""ג",האי נאם סי או אל.טי.,IL,"אורז תאילנדי 1 ק""ג",קילוגרמים,1.00,"ק""ג",false,0,5.00,5.00,true,1,
7290000211312,false,סוגת אורז מלא פרסי אחד אחד 1 קג,האי נאם סי או אל.טי.,IL,אורז מלא ארוך,קילוגרמים,1.00,"ק""ג",false,0,8.90,8.90,true,1,
7290000211374,false,"קמח חיטה מלא סוגת 1 ק""ג",טחנת קמח דגן-שטיבל,IL,קמח חיטה מלא,קילוגרמים,1.00,"ק""ג",false,0,7.80,7.80,true,1,
7290000211381,false,"סוכר חום כהה בשקית סוגת 1 ק""ג","טונגט היולט שוגר בע""",IL,סוכר חום כהה,קילוגרמים,1.00,"ק""ג",false,0,10.50,10.50,true,1,
7290000211442,false,"סוגת אורז פרסי קלאסי שקית 1 ק""ג",האי נאם סי או אל.טי.,IL,אורז פרסי קלאסי,קילוגרמים,1.00,"ק""ג",false,0,8.50,8.50,true,1,
7290000211985,false,"אורז ריזוטו עגול סוגת 1 ק""ג","סוגת תעשיות בע""\מ",IL,אורז עגול סוגת,קילוגרמים,1.00,"ק""ג",false,0,8.80,8.80,true,1,
7290000212401,false,וופלים מצופית מנעמים 400 גרם,"מנעמים תעשיות מזון בע""\מ",IL,מצופית 400 גרם,גרמים,400.00,100 גרם,false,0,8.30,2.08,true,1,
7290000212579,false,וופלים מצופים מנעמים 800 גרם מארז 40 יחידות,מנעמים,IL,ופלים מצופים,גרמים,800.00,100 גרם,false,0,15.70,1.96,true,1,
7290000214115,false,מרק עוף בצנצנת ויטה 400 גרם,"פרי הגליל בע""""מ",IL,מרק עוף צנצנת,גרמים,400.00,100 גרם,false,0,9.90,2.48,true,1,
7290000238029,false,"בצק עלים צרפתי מרודד מעדנות 1 ק""ג",מיוצר עי קונדיטוריית,IL,בצק עלים מרודד,קילוגרמים,1.00,"ק""ג",false,0,21.90,21.90,true,1,
7290000238036,false,מלאווח בקופסא מעדנות 700 גרם,מיוצר עי קונדיטוריית,IL,מלווח מעדנות 700 גרם,גרמים,700.00,100 גרם,false,0,16.90,2.41,true,1,
7290000238173,false,בורקס גבינה מעדנות 800 גרם,מיוצר עי קונדיטוריית,IL,בורקס גבינה קפוא,גרמים,800.00,100 גרם,false,0,19.70,2.46,true,1,
7290000238180,false,בורקס תפוחי אדמה מעדנות 800 גרם,מיוצר עי קונדיטוריית,IL,"בורקס תפו""א קפוא",גרמים,800.00,100 גרם,false,0,19.70,2.46,true,1,
7290000240541,false,ריבועי בצק עלים מעדנות 800 גרם,מיוצר עי קונדיטוריית,IL,ריבועי בצק עלים,גרמים,800.00,100 גרם,false,0,24.80,3.10,true,1,
7290000244112,false,שמפו הוואי קולורין 700מל,טרופיקל דגיל,IL,שמפו הוואי,מיליליטרים,700.00,"100 מ""ל",false,0,9.90,1.41,true,1,
7290000244129,false,מרכך הוואי שיער צבוע700מ,טרופיקל דגיל,IL,מרכך הוואי שיער צבוע700מ,מיליליטרים,700.00,"100 מ""ל",false,0,9.90,1.41,true,1,
7290000244143,false,"הוואי - קרם לאחר גילוח 120 מ""ל",טרופיקל דגיל קוסמטיק,IL,קרם הוואי לאחר גילוח120ג,גרמים,120.00,100 גרם,false,0,23.90,19.92,true,1,
7290000245157,false,סוד סופט מרכך כביסה סנסיישן 4 ליטר,"הנקל סוד בע""\מ",IL,מרכך סוד סנסיישן 4 ל',ליטרים,4.00,ליטר,false,0,18.90,4.73,true,1,
7290000245294,false,"א.כ. פרסיל סופרא שקית 2.5 ק""ג","הנקל סוד בע""\מ",IL,אבקת כביסה פרסיל,קילוגרמים,2.50,"ק""ג",false,0,24.90,9.96,true,1,
7290000245775,false,פרסיל ג'ל לכביסה ירוק 3ל,הנקל סוד,IL,פרסיל ג'ל 3 ליטר,ליטרים,3.00,ליטר,false,0,30.00,10.00,true,1,
7290000245782,false,סוד סופט מרכך כביסה ורוד 4 ליטר,"הנקל סוד בע""\מ",IL,מרכך כביסה סוד ורוד 4 ל',ליטרים,4.00,ליטר,false,0,18.90,4.73,true,1,
7290000245799,false,סוד סופט מרכך כביסה כחול 4 ליטר,"הנקל סוד בע""\מ",IL,מרכך כביסה סוד כחול 4 ל',ליטרים,4.00,ליטר,false,0,18.90,4.73,true,1,
7290000254807,false,צ'יטוס גבינה 100 גרם,עלית,IL,צ'יטוס גבינה,גרמים,100.00,100 גרם,false,0,6.40,6.40,true,1,
7290000256252,false,פיצפולייט אורז תפוח450גר,עדין,IL,פיצפולייט,גרמים,450.00,100 גרם,false,0,18.40,4.09,true,1,
7290000256269,false,פיצפוצית 450 גרם,,IL,פיצפוצית,גרמים,450.00,100 גרם,false,0,18.40,4.09,true,1,
7290000256276,false,פיצפוטבע 450 גרם,עדין,IL,פיצפוטבע,גרמים,450.00,100 גרם,false,0,18.40,4.09,true,1,
7290000260839,false,ספרינג משקה תפוזים 1.5ל',יפאורה שותפות מובגלת לשיווק,IL,ספרינג תפוזים,ליטרים,1.50,ליטר,false,0,6.20,4.13,true,1,
7290000260853,false,ספרינג משקה מנגו 1.5 ל',יפאורה שותפות מובגלת לשיווק,IL,ספרינג מנגו,ליטרים,1.50,ליטר,false,0,6.20,4.13,true,1,
7290000260860,false,ספרינג משקה אפרסק 1.5 ל',יפאורה שותפות מובגלת לשיווק,IL,ספרינג אפרסק,ליטרים,1.50,ליטר,false,0,6.20,4.13,true,1,
7290000262239,false,נייר טואלט מולט 48 גלילים,קימברלי-קלארק,,נייר טואלט מולט,מטרים,843.00,100 מטר,false,0,36.90,4.38,true,1,
7290000263359,false,חיתולים ליטל בייביז מידה 1 האגיס 40 יחידות,קימברלי קלארק שיווק,IL,חיתולי האגיס,יחידה,1.00,יחידה,false,0,29.90,29.90,true,1,
7290000267012,false,שקד מולבן שלם100ג'שקדיה,"דין שיווק וקלייה בע""",IL,שקד מולבן שלם,גרמים,100.00,100 גרם,false,0,12.80,12.80,true,1,
7290000267029,false,שקדים מולבנים חצויים השף 100 גרם,"דין שיווק וקליה בע""מ",IL,שקד מולבן חצוי,גרמים,100.00,100 גרם,false,0,12.80,12.80,true,1,
7290000267043,false,שקדים מולבנים פרוסים השף 100 גרם,"דין שיווק וקלייה בע""",IL,שקד מולבן פרוס,גרמים,100.00,100 גרם,false,0,12.80,12.80,true,1,
7290000267050,false,שקדים טבעיים טחונים השף 100 גרם,"דין שיווק וקליה בע""מ",IL,שקד טבעי טחון,גרמים,100.00,100 גרם,false,0,12.80,12.80,true,1,
7290000267104,false,שקד מולבן גרוס/מרוסק 100 גרם,"דין שיווק וקליה בע""מ",IL,שקד טבעי גרוס,גרמים,100.00,100 גרם,false,0,12.80,12.80,true,1,
7290000267500,false,קליפות הדר מצופות שוקולד מריר שקדיה 200 גרם,"דין שיווק וקלייה בע""",IL,קליפות הדר בשוק,גרמים,200.00,100 גרם,false,0,14.80,7.40,true,1,
7290000267548,false,אגוזי מלך טחונים השף 100 גרם,"דין שיווק וקלייה בע""",IL,אגוז מלך טחון,גרמים,100.00,100 גרם,false,0,12.80,12.80,true,1,
7290000267609,false,פיסטוק חלבי קלוף 150גרם,שקדיה,IL,פיסטוק חלבי קלוף,גרמים,150.00,100 גרם,false,0,28.70,19.13,true,1,
7290000267616,false,צנובר 100גרם,שקדיה,IL,צנובר 100 גרם,גרמים,100.00,100 גרם,false,0,28.70,28.70,true,1,
7290000267678,false,גרעיני דלעת טבעי קלוף שקדיה 150 ג',"דין שיווק וקלייה בע""",IL,גרעין דלעת קלוף,גרמים,150.00,100 גרם,false,0,16.80,11.20,true,1,
7290000267777,false,אננס מיובש 200גרם,שקדיה,IL,אננס מיובש,גרמים,200.00,100 גרם,false,0,13.80,6.90,true,1,
7290000272344,false,סירופ פטל עסיס 2 ליטר,בית השיטה,IL,סירופ בטעם פטל,ליטרים,2.00,ליטר,false,0,20.70,10.35,true,1,
7290000272351,false,סירופ ענבים עסיס 2 ליטר,בית השיטה,IL,סירופ ענבים,ליטרים,2.00,ליטר,false,0,20.70,10.35,true,1,
7290000272375,false,סירופ אננס עסיס 2 ליטר,בית השיטה,IL,סירופ אננס,ליטרים,2.00,ליטר,false,0,20.70,10.35,true,1,
7290000272436,false,סירופ לימון דיאט 1 ליטר,בית השיטה,IL,סירופ דיאט לימון,ליטרים,1.00,ליטר,false,0,10.40,10.40,true,1,
7290000272443,false,סירופ דיאט בטעם תפוזים עסיס 1 ליטר,בית-השיטה עסיס תעשיות מז,IL,סירופ דיאט תפוז,ליטרים,1.00,ליטר,false,0,10.40,10.40,true,1,
7290000272696,false,מיץ לימון עסיס משומר 1 ליטר-בקבוק,בית-השיטה עסיס תעשיות מז,IL,מיץ לימון משומר,ליטרים,1.00,ליטר,false,0,8.90,8.90,true,1,
7290000272726,false,חומץ רכיבים רכיבים טבעיים 5% עסיס 1 ליטר,בית-השיטה עסיס תעשיות מז,IL,חומץ 5%,ליטרים,1.00,ליטר,false,0,6.70,6.70,true,1,
7290000275901,false,חומוסטחינה צנובר צבר400ג,סלטי אסם 2 ב 25,IL,חומוסטחינה צנובר,גרמים,400.00,100 גרם,false,1,14.20,3.55,true,1,
7290000275970,false,מלך החומוס+גרגירים 400גר,צבר,IL,מלך החומוס צבר,גרמים,400.00,100 גרם,false,1,12.40,3.10,true,1,
7290000284316,false,קוקה -קולה בקבוק 1.5 ליטר,החברה המרכזית לייצור משקאות,IL,קוקה קולה,ליטרים,1.50,ליטר,false,0,6.20,4.13,true,1,
7290000284347,false,קינלי סודה בקבוק 1.5,החברה המרכזית לייצור משקאות,IL,קינלי סודה,ליטרים,1.50,ליטר,false,0,4.00,2.67,true,1,
7290000284361,false,קולה דיאט בקבוק 1.5 ל',החברה המרכזית לייצור משקאות,IL,קוקה קולה דיאט,ליטרים,1.50,ליטר,false,0,6.20,4.13,true,1,
7290000284743,false,דיאט קולה נ.קופאין 1.5 ל,החברה המרכזית לייצור משקאות,IL,דיאט קולה,ליטרים,1.50,ליטר,false,0,6.80,4.53,true,1,
7290000285849,false,שוופס מי סודה 1.5 ליטר,יפאורה שותפות מובגלת לשיווק,IL,שוופס מי סודה,ליטרים,1.50,ליטר,false,0,3.30,2.20,true,1,
7290000286228,false,ספוגיות לניקוי כללי סנו סושי 6 יחידות,סנו מפעלי ברונו בעמ,IL,ספוגי סנו סושי,יחידה,1.00,יחידה,false,0,10.00,10.00,true,1,
7290000286297,false,"אנטי קאלק מסיר אבנית מקומקום סנו 700 מ""ל",סנו מפעלי ברונוס בעמ,IL,סנו מסיר אבן,מיליליטרים,700.00,"100 מ""ל",false,0,7.90,1.13,true,1,
7290000286549,false,מטליות לניקוי כללי סנו סושי 9 יחידות,נועם אורים תעשיות בע,IL,מטליות רב שימוש 9 יח',יחידה,1.00,יחידה,false,0,8.90,8.90,true,1,
7290000286761,false,ניילון נצמד סנו סושי פלסטיק מארז 30X2 מ',מיוצר עי קונדיטוריית,IL,צמד ניילון נצמד,מטרים,60.00,מטר,false,0,9.90,0.17,true,1,
7290000286891,false,"נוזל ריצפה מגן קריסטל 1 ליטר ""סנו""","סנו מפעלי ברונוס בע""",IL,סנו מגן קריסטל,ליטרים,1.00,ליטר,false,0,28.00,28.00,true,1,
7290000286921,false,"ספריי להסרת כתמים סנו קל 750 מ""ל",סנו מפעלי ברונוס בעמ,IL,סנוקל רסס וכבס,מיליליטרים,750.00,"100 מ""ל",false,0,10.00,1.33,true,1,
7290000286945,false,"נוזל+אקדח לניקוי רהיט ""סנו""","סנו מפעלי ברונוס בע""\מ",IL,סנו רהיט מרסס,מיליליטרים,500.00,"100 מ""ל",false,0,20.00,4.00,true,1,
7290000287195,false,"סנו רהיט לניקוי ושמירה על רהיטים 300 מ""ל",מיוצר עי קונדיטוריית,IL,סנו רהיט מרסס,מיליליטרים,305.00,"100 מ""ל",false,0,10.00,3.28,true,1,
7290000287355,false,סופר פוליש מבריק רצפות סנו 1 ליטר,קריות זול,IL,סנו סופר פוליש,ליטרים,1.00,ליטר,false,0,32.70,32.70,true,1,
7290000287492,false,"סנובון נוזל לניקוי אסלות בריח לימון סנו 750 מ""ל","סנו מפעלי ברונוס בע""מ",IL,סנובון נוזלי,מיליליטרים,750.00,"100 מ""ל",false,0,11.80,1.57,true,1,
7290000287607,false,"אקוה בלו סבון לניאגרה סנו 150 מ""ל",סנו מפעלי ברונוס בעמ,IL,סנו בלו לאסלה,גרמים,150.00,100 גרם,false,0,20.50,13.67,true,1,
7290000287621,false,"אנטי קאלק נוזל לניקוי אסלות סנו 750 מ""ל",מיוצר עי קונדיטוריית,IL,סנו מנקה אסלות,מיליליטרים,750.00,"100 מ""ל",false,0,12.80,1.71,true,1,
7290000288000,false,4 סנו ארון פרש קלאסיק,סנו,IL,סנו ארון פרש,יחידה,1.00,יחידה,false,0,20.90,20.90,true,1,
7290000288024,false,סנו - ז'אוול אקונומיקה בריח לימון 4 ליטר,"סנו מפעלי ברונוס בע""מ",IL,סנו JAVEL אקונומ,ליטרים,4.00,ליטר,false,0,15.90,3.98,true,1,
7290000288031,false,"אקונומיקה תו תקן 4 ליטר ""סנו""","סנו מפעלי ברונוס בע""\מ",IL,סנו אקונמיקה,ליטרים,4.00,ליטר,false,0,10.60,2.65,true,1,
7290000288048,false,סנו זאוול מרסס מונבלאן 1 ליטר,"סנו מפעלי ברונוס בע""מ",IL,סנו ג'אוול לבנדר,ליטרים,1.00,ליטר,false,0,10.00,10.00,true,1,
7290000288086,false,אבקת ניקוי עם אקונומיקה בריח לימון סנו ז'אוול 600 ג',מיוצר עי קונדיטוריית,IL,סנו ג'אוול אבק,גרמים,600.00,100 גרם,false,0,10.90,1.82,true,1,
7290000288352,false,"קוטל חרקים וזוחלים K-300 סנו 630 מ""ל","סנו מפעלי ברונוס בע""מ",IL,300-K קוטל חרק,מיליליטרים,630.00,"100 מ""ל",false,0,19.90,3.16,true,1,
7290000288413,false,סנו-די דוחה יתושים כדורי סנו 50 גרם,גוד פוד פרודקטס S.p,IL,סנו די כדורי,מיליליטרים,50.00,"100 מ""ל",false,0,17.70,35.40,true,1,
7290000288642,false,מקסימה מרכך כביסה סנסיטיב בייבי סנו 4 ליטר,"סנו מפעלי ברונוס בע""\מ",IL,מרכך כביסה,ליטרים,4.00,ליטר,false,0,19.90,4.98,true,1,
7290000288840,false,סנו - מים מזוקקים 2 ליטר,החברה הדרומית,IL,סנו מים מזוקקים,ליטרים,2.00,ליטר,false,0,14.10,7.05,true,1,
7290000289496,false,"סנו - ז'אוול ג'ל קרם לניקוי כללי לימון 750 מ""ל","סנו מפעלי ברונוס בע""\מ",IL,ג'אוול ג'ל קרם,מיליליטרים,750.00,"100 מ""ל",false,0,10.00,1.33,true,1,
7290000289595,false,"אורביטול משחת שיניים לילדים בטעם תות שדה 145 מ""ל",טרופיקל דגיל תעשיות קוסמ,IL,משחת שיניים,גרמים,145.00,100 גרם,false,0,7.40,5.10,true,1,
7290000289748,false,"מסיר שומנים לתנורים פורטה פלוס סנו 750 מ""ל","סנו מפעלי ברונוס בע""\מ",IL,סנו פורטה פלוס,מיליליטרים,750.00,"100 מ""ל",false,0,10.00,1.33,true,1,
7290000291932,false,"סנובון נוזל לניקוי אסלה בניחוח לבנדר סנו 750 מ""ל","סנו מפעלי ברונוס בע""מ",IL,סנובון נוזלי,מיליליטרים,750.00,"100 מ""ל",false,0,11.80,1.57,true,1,
7290000292137,false,"נוזל לניקוי וטיפול מוצרי עור סנו 500 מ""ל",מיוצר עי קונדיטוריית,IL,סנו לניקוי עור,מיליליטרים,500.00,"100 מ""ל",false,0,30.00,6.00,true,1,
7290000292687,false,סנובון מוצק לניקוי אסלה קלאסיק כחול סנו 3 יחידות,מיוצר עי קונדיטוריית,IL,סנובון כחול 3 יח,גרמים,165.00,100 גרם,false,0,15.00,9.09,true,1,
7290000292915,false,"תרסיס לניקוי כללי רסס ונגב סנו 750 מ""ל","סנו מפעלי ברונוס בע""\מ",IL,סנו רסס נגב מרסס,מיליליטרים,750.00,"100 מ""ל",false,0,10.00,1.33,true,1,
7290000293073,false,מקסימה מרכך כביסה ביו לבן סנו 4 ליטר,"סנו מפעלי ברונוס בע""\מ",IL,מרכך כביסה,ליטרים,4.00,ליטר,false,0,19.90,4.98,true,1,
7290000293561,false,"תרסיס להסרת כתמי עובש עם אקונומיקה סנו 750 מ""ל","סנו מפעלי ברונוס בע""\מ",IL,סנו מסיר עובש,מיליליטרים,750.00,"100 מ""ל",false,0,19.70,2.63,true,1,
7290000293943,false,"מרסס לבן מסיר אבנית 1 ליטר אנטי קאלק ""סנו""",מיוצר עי קונדיטוריית,IL,סנו אנטי קאלק,ליטרים,1.00,ליטר,false,0,15.80,15.80,true,1,
7290000294391,false,נוזל לניקוי כללי בניחוח סחלבים סנו ג'ט 4 ליטר,סנו מפעלי ברונוס בעמ,IL,סנו ג'ט,ליטרים,4.00,ליטר,false,0,15.00,3.75,true,1,
7290000294575,false,סנו סושי רב מגבת 63 דפים בגליל,סנו מפעלי ברונוס בעמ,IL,רב מגבת סנו סושי,מטרים,14.00,מטר,false,0,14.90,1.06,true,1,
7290000294773,false,אקונומיקה בריח לבנדר סנו ז'אוול 4 ליטר,"סנו מפעלי ברונוס בע""\מ",IL,סנו ג'אוול 4 ליט,ליטרים,4.00,ליטר,false,0,15.90,3.98,true,1,
7290000294780,false,אקונומיקה סמיכה בריח לימון סנו ז'אוול 4 ליטר,"סנו מפעלי ברונוס בע""מ",IL,סנו ג'אוול 4 ל,ליטרים,4.00,ליטר,false,0,15.90,3.98,true,1,
7290000295299,false,סנו סושי כריות הפלא רב תכלתיות רביעייה,סנו מפעלי ברונו בעמ,IL,סנו סושי 4 כריות,יחידה,1.00,יחידה,false,0,9.70,9.70,true,1,
7290000295367,false,"מקסימה אבקת כביסה אפקט ז'אוול סנו 2.5 ק""ג",סנו מקסימה,IL,אבקת כביסה,קילוגרמים,2.50,"ק""ג",false,0,20.00,8.00,true,1,
7290000295404,false,שקיות אשפה עם שרוך 54 * 65 סנו סושי 60 יחידות,מיוצר עי קונדיטוריית,IL,שקיות אשפה,יחידה,1.00,יחידה,false,0,21.60,21.60,true,1,
7290000295503,false,זוג שקיות מזון טבע 19*25 סנו סושי 150 יחידות,"אשפלסט תעשיות בע""מ",IL,שקיות אוכל צמד,יחידה,1.00,יחידה,false,0,12.90,12.90,true,1,
7290000295541,false,רב מגבת ג'מבו סנו סושי 75 יחידות,מיוצר עי קונדיטוריית,IL,סנו סושי רב מגבת,מטרים,21.00,מטר,false,0,16.90,0.80,true,1,
7290000295572,false,"מארז זוגי מנקה אסלות 00 סנו 750 מ""ל",מיוצר עי קונדיטוריית,IL,צמד מנקה אסלות,ליטרים,1.50,ליטר,false,0,16.40,10.93,true,1,
7290000300139,false,המבורגר מן הצומח 750 גרם,טבעול,IL,המבורגר מן הצומח,גרמים,750.00,100 גרם,false,0,34.60,4.61,true,1,
7290000300337,false,נקנקיה וינר מן הצומח 750,טבעול,IL,נקניקיה מן הצומח,גרמים,750.00,100 גרם,false,0,31.90,4.25,true,1,
7290000300689,false,שניצל ברוקולי 750 גרם,טבעול,IL,שניצל ברוקולי,גרמים,750.00,100 גרם,false,0,31.70,4.23,true,1,
7290000300924,false,שניצל תרד 750 גרם,טבעול,IL,שניצל תרד,גרמים,750.00,100 גרם,false,0,31.30,4.17,true,1,
7290000301655,false,חטיפי תירס 600 גרם,טבעול,IL,חטיפי תירס טבעול,גרמים,600.00,100 גרם,false,0,26.10,4.35,true,1,
7290000302027,false,סיגריות טיים אדום פא,"דובק בע""מ",IL,טיים RED חבילה,יחידה,1.00,יחידה,false,0,264.90,264.90,false,1,
7290000302041,false,פאקט טיים ארוך אדום,"דובק בע""מ",IL,טיים 100 חבילה,יחידה,1.00,יחידה,false,0,264.90,264.90,false,1,
7290000302089,false,ברודווי ארוך פאקט,"דובק בע""מ",IL,ברודווי 100,יחידה,1.00,יחידה,false,0,264.90,264.90,false,1,
7290000302881,false,גולף גולד 100 פ.ע עשירייה,"דובק בע""מ",,גולף גולד,יחידה,1.00,יחידה,false,0,274.90,274.90,false,1,
7290000302898,false,גולף סילבר ארוך פאקט,"דובק בע""מ",,גולף סילבר חב,יחידה,1.00,יחידה,false,0,274.90,274.90,false,1,
7290000303598,false,שעועית לבנה ברוטב עגבניות פרי הגליל 570 גרם,"פרי הגליל בע""""מ",IL,שעועית ברוטב,גרמים,570.00,100 גרם,false,0,8.20,1.44,true,1,
7290000303604,false,חומוס גרגירים 560 ג' פרי הגליל,"פרי הגליל בע""""מ",IL,חומוס שלם,גרמים,550.00,100 גרם,false,0,6.20,1.13,true,1,
7290000305042,false,סרדין סטאר 2-5 120 גרם,.אל.גי.אם.סי,IL,סרדין סטאר,גרמים,120.00,100 גרם,false,0,6.00,5.00,true,1,
7290000305882,false,אס הרינג עם ירקות ברוטב עגבניות 120 גרם,"סטארקיסט פודור בע""מ",IL,אס דגים+ירקות,גרמים,120.00,100 גרם,false,0,5.60,4.67,true,1,
7290000307015,false,אפונת גינה בינונית פרי הגליל 550 גרם,"פרי הגליל בע""""מ",IL,אפונת גינה,גרמים,550.00,100 גרם,false,0,6.80,1.24,true,1,
7290000307046,false,אפונת גינה וגזר פרי הגליל 550 גרם,"פרי הגליל בע""""מ",IL,אפונת גינה וגזר,גרמים,550.00,100 גרם,false,0,6.50,1.18,true,1,
7290000307220,false,גרעיני תירס מתוק בואקום פרי הגליל 285 גרם,"פרי הגליל בע""""מ",IL,גרעיני תירס,גרמים,340.00,100 גרם,false,0,6.20,1.82,true,1,
7290000307237,false,גרעיני תירס מתוק פרי הגליל 550 גרם,"פרי הגליל בע""""מ",IL,גרעיני תירס,גרמים,550.00,100 גרם,false,0,6.40,1.16,true,1,
7290000307343,false,שעועית ירוקה חתוכה פרי הגליל 550 גרם,"פרי הגליל בע""""מ",IL,שעועית ירוקה,גרמים,550.00,100 גרם,false,0,6.90,1.25,true,1,
7290000309156,false,מגב רצפה גומי עם מקל,המברשת רוחמה,IL,מגב רצפה עם מקל,יחידה,1.00,יחידה,false,0,33.30,33.30,true,1,
7290000309675,false,יעה מתקפל,המברשת רוחמה,IL,יעה מתקפל,יחידה,1.00,יחידה,false,0,22.10,22.10,true,1,
7290000309736,false,מטאטא עץ+מקל,המברשת רוחמה,IL,מטאטא+מקל,יחידה,1.00,יחידה,false,0,29.90,29.90,true,1,
7290000311203,false,"וופלים בטעם שוקולד ""מן"" 200 גרם",תות ממתקי איכות,IL,ופלים טעם שוקולד,גרמים,200.00,100 גרם,false,0,4.40,2.20,true,1,
7290000311210,false,"וופלים בטעם לימון ""מן"" 200 גרם","רוקחמן בע""מ",IL,וופלים לימון,גרמים,200.00,100 גרם,false,0,4.40,2.20,true,1,
7290000313184,false,עוגיות חברים ביסקויט גן חיות 250 גרם,"הגביע מוצרי וופלים בע""\מ",IL,עוגיות גן חיות,גרמים,250.00,100 גרם,false,0,7.60,3.04,true,1,
7290000315157,false,מיונז אמיתי לחיץ 385 גרם,בסט פודס,IL,מיונז אמיתי לחיץ,גרמים,385.00,100 גרם,false,0,14.80,3.84,true,1,
7290000315560,false,מיונז לחיץ לייט 385 גרם,בסט פודס,IL,מיונז לחיץ לייט,גרמים,385.00,100 גרם,false,0,14.80,3.84,true,1,
7290000315713,false,מיקספלקס וניל קראנצ20*6',יוניליוור,AT,חטיף מיקספלקס,גרמים,120.00,100 גרם,false,0,18.20,15.17,true,1,
7290000316833,false,נשנושי ברנפלקס 375 גרם,יוניליוור,IL,נשנושי ברנפלקס,גרמים,375.00,100 גרם,false,0,21.90,5.84,true,1,
7290000318677,false,נקניק סלמי סרוולט יחיעם 150 גרם,מעדני יחיעם 1993,IL,סלמי סרוולט,גרמים,150.00,100 גרם,false,0,21.70,14.47,true,1,
7290000319520,false,נקניק סלמי צרפתי יחיעם 100 גרם,מעדני יחיעם 1993,IL,סלמי צרפתי,גרמים,100.00,100 גרם,false,0,19.00,19.00,true,1,
7290000319834,false,קבנוס פפרוני קלאסי 125 גרם,תאי פרזידנט פוד פאבל,IL,קבנוס פפרוני,גרמים,125.00,100 גרם,false,5,14.90,11.92,true,1,
7290000327372,false,ג'אמפ אשכוליות דיאט1.5ל',טמפו,IL,ג'אמפ דיאט,ליטרים,1.50,ליטר,false,0,5.90,3.93,true,1,
7290000327440,false,ג'אמפ מנגו פסיפלורה 1.5ל,טמפו משקאות בעמ,IL,ג'אמפ מנגו,ליטרים,1.50,ליטר,false,0,5.90,3.93,true,1,
7290000327624,false,מי סודה טמפו 1.5 ליטר,"טמפו משקאות בע""מ",IL,מי סודה,ליטרים,1.50,ליטר,false,0,2.50,1.67,true,1,
7290000327693,false,טמפו סודה פירות יער 1.5 ליטר,"טמפו משקאות בע""ם.",IL,סודה פירות יער,ליטרים,1.50,ליטר,false,0,4.00,2.67,true,1,
7290000327709,false,סודה ט.אדלברי ליצ'י 1.5ל,,IL,סודה אדלברי ליצי,ליטרים,1.50,ליטר,false,0,4.00,2.67,true,1,
7290000327716,false,סודה טמפו אננס 1.5 ל,,IL,סודה אננס,ליטרים,1.50,ליטר,false,0,4.00,2.67,true,1,
7290000327778,false,סודה בטעם אבטיח 1.5 ליטר,,IL,סודה בטעם אבטיח,ליטרים,1.50,ליטר,false,0,4.00,2.67,true,1,
7290000334141,false,"תפוגן 1,2,3 750 גרם",תפוגן,IL,"תפוגן 1,2,3",גרמים,750.00,100 גרם,false,0,21.90,2.92,true,1,
7290000334233,false,"תפוגן 2 ק""ג",תפוגן,IL,תפוגן צ'פס מובחר,קילוגרמים,2.00,"ק""ג",false,0,31.30,15.65,true,1,
7290000334325,false,ציפס למיקרו מארז שלישיה 125 ג' תפוגן,"תעשיות תפוגן בע""\מ",IL,ציפס למיקרו,גרמים,375.00,100 גרם,false,0,13.80,3.68,true,1,
7290000334400,false,שניצל מן הצומח 750 גרם,תפוגן,IL,שניצל מן הצומח 750 גרם,גרמים,750.00,100 גרם,false,0,19.70,2.63,true,1,
7290000334424,false,שניצל תפוגן ירקות 75,תפוגן,IL,שניצל ירקות,גרמים,750.00,100 גרם,false,0,22.70,3.03,true,1,
7290000334431,false,שניצל תירס 750 גרם,תפוגן,IL,שניצל תירס 750 גרם,גרמים,750.00,100 גרם,false,0,19.70,2.63,true,1,
7290000334554,false,חטיפי תירס 600 גרם,תפוגן,IL,חטיפי תירס,גרמים,600.00,100 גרם,false,0,19.70,3.28,true,1,
7290000334684,false,תפוגן טבעות בצל 700 גרם,"תעשיות תפוגן בע""\מ",IL,טבעות בצל לתנור,גרמים,700.00,100 גרם,false,0,16.80,2.40,true,1,
7290000334745,false,"אמריקאן צ'יפס תפוגן 1.5 ק""ג","תעשיות תפוגן בע""מ",IL,"אמריקן צ'יפס 1.5 ק""ג",קילוגרמים,1.50,"ק""ג",false,0,26.90,17.93,true,1,
7290000339191,false,אבקת הלבנה רן ללא כל,יוניליוור ניקיון,IL,רן אבקת הלבנה,גרמים,350.00,100 גרם,false,0,18.60,5.31,true,1,
7290000339566,false,בדין מרכך כביסה ורוד 4 ליטר,יוניליור ישראל טיפוח איש,IL,מרכך כביסה בדין,ליטרים,4.00,ליטר,false,0,21.90,5.48,true,1,
7290000339597,false,חומצת מלח לאסלה/כיורים1ל,קליר כימיקלים,IL,חומצת מלח לאסל,ליטרים,1.00,ליטר,false,0,11.80,11.80,true,1,
7290000342832,false,בדין מרכך כביסה 4 ליטר צהוב,יוניליוור פארם,IL,מרכך כביסה בדין,ליטרים,4.00,ליטר,false,0,21.90,5.48,true,1,
7290000342856,false,מרכך כביסה כחול בדין 4 ליטר,יוניליור ישראל טיפוח איש,IL,מרכך כביסה בדין,ליטרים,4.00,ליטר,false,0,21.90,5.48,true,1,
7290000345055,false,תה עלים ארל גריי ויסוצקי 100 גרם,מולינו ניקולי s.p.a,IL,ארל גריי תה עלים 100 גרם,גרמים,100.00,100 גרם,false,0,14.00,14.00,true,1,
7290000345116,false,תה ויסוצקי ירוק 125 גרם,תה ויסוצקי,IL,תה ירוק עלים,גרמים,125.00,100 גרם,false,0,14.40,11.52,true,1,
7290000345215,false,תה כחול קלאסיק ויסוצקי 100 יחידות,מולינו ניקולי s.p.a,IL,תה ויסוצקי כחול 100שק1*ג,גרמים,100.00,100 גרם,false,0,15.90,15.90,true,1,
7290000345277,false,תה קלאסיק מעטפות ויסוצקי 50 יחידות,מולינו ניקולי s.p.a,IL,תה ויסוצקי 50שק1.5* גרם,גרמים,75.00,100 גרם,false,0,12.90,17.20,true,1,
7290000345284,false,תה ויסוצקי קלאסי אריזה ירוקה מרובעת (100 שקיקים),מולינו ניקולי s.p.a,IL,תה ויסוצקי ירוק,גרמים,150.00,100 גרם,false,0,17.90,11.93,true,1,
7290000345307,false,תה ארל גריי 50 שקיקים ויסוצקי,מולינו ניקולי s.p.a,IL,תה ארל גריי 50שק,גרמים,75.00,100 גרם,false,0,29.90,39.87,true,1,
7290000345536,false,תה נענע ויסוצקי 25 יחידות,מולינו ניקולי s.p.a,IL,תה נענע 25 שקX. 1.5 גרם,גרמים,37.00,100 גרם,false,0,16.50,44.59,true,1,
7290000346120,false,חליטת קינמון הגן הקסום ויסוצקי 25 יחידות,תה ויסוצקי,IL,חליטת קינמון,גרמים,62.00,100 גרם,false,0,12.80,20.65,true,1,
7290000346137,false,חליטת הילולי פירות הגן הקסום ויסוצקי 25 יחידות,תה ויסוצקי,IL,חליטת פירות,גרמים,62.00,100 גרם,false,0,12.80,20.65,true,1,
7290000346168,false,הגן הקסום חליטת שומר ויסוצקי 25 יחידות,תה ויסוצקי,IL,חליטת שומר,גרמים,37.00,100 גרם,false,0,12.80,34.59,true,1,
7290000346199,false,חליטת פירות יער הגן הקסום ויסוצקי 25 יחידות,תה ויסוצקי,IL,חליטת פירות היער,גרמים,67.00,100 גרם,false,0,12.80,19.10,true,1,
7290000346212,false,חליטת מנטה הגן הקסום ויסוצקי 25 יחידות,תה ויסוצקי,IL,חליטת מנטה,גרמים,50.00,100 גרם,false,0,12.80,25.60,true,1,
7290000346229,false,הגן הקסום תה ורד הבר והיביסקוס ויסוצקי 25 יחידות,תה ויסוצקי,IL,חליטת ורד הבר,גרמים,75.00,100 גרם,false,0,12.80,17.07,true,1,
7290000346236,false,חליטת לואיזה וורבנה הגן הקסום ויסוצקי 25 יחידות,תה ויסוצקי,IL,תה לואיזה וורבנה,גרמים,50.00,100 גרם,false,0,12.80,25.60,true,1,
7290000351810,false,מטחנה לקט פלפל 30 גרם,תבליני טעם וריח,IL,מטחנה לקט פלפל,גרמים,30.00,100 גרם,false,0,11.70,39.00,true,1,
7290000355757,false,עגבניות מרוסקות טל וטרי 800 גרם,"מילוז(1989)בע""""מ",IL,עגבניות מרוסקות,גרמים,800.00,100 גרם,false,0,7.60,0.95,true,1,
7290000356631,false,עגבנ.מרוסק.טל וטרי300X2ג,מילוז,IL,עגבנ.מרוסקות 2יח,גרמים,600.00,100 גרם,false,0,9.60,1.60,true,1,
7290000356730,false,רסק עגבניות 330X2 גרם,מילוז,IL,רסק עגבניות,גרמים,660.00,100 גרם,false,0,10.30,1.56,true,1,
7290000357386,false,פילה מרלוזה קפוא מחיר לפ,פריגוצאקו / פרגוואי,AR,פילה מרלוזה,קילוגרמים,0.00,"ק""ג",true,0,29.90,29.90,true,1,
7290000363462,false,סלמי מעושן איטלקי טי,טירת- צבי,IL,מעושן איטלקי,קילוגרמים,0.00,"ק""ג",true,0,72.00,72.00,true,1,
7290000363486,false,נקניק תה טירת צבי מע,טירת- צבי,IL,נקניק תה,קילוגרמים,0.00,"ק""ג",true,0,52.00,52.00,true,1,
7290000364261,false,"דקניקים, סלסולי פסטרמה כתף בקר מעושנת 120 גרם",הנסיך- מפעל לייצור ט,IL,דקניקים כתף בקר,גרמים,120.00,100 גרם,false,0,15.30,12.75,true,1,
7290000364278,false,דקניקים סלסולי סלמי איטלקי משובח טירת צבי 120 גרם,הנסיך- מפעל לייצור ט,IL,דקניקים סלמי דק,גרמים,120.00,100 גרם,false,0,15.30,12.75,true,1,
7290000364285,false,דקניקים סלסולי פסטרמה הודו טירת צבי 120 גרם,הנסיך- מפעל לייצור ט,IL,דקניקים פסטרמה,גרמים,120.00,100 גרם,false,0,15.30,12.75,true,1,
7290000364292,false,דקניקים סלסולי פסטרמה הודו על גחלים 1% טירת צבי 120 גרם,הנסיך- מפעל לייצור ט,IL,דקמיקים פסטרמה,גרמים,120.00,100 גרם,false,0,15.30,12.75,true,1,
7290000364773,false,נקניקיות עוף תפזורת משקל,טירת- צבי,IL,נקניקיות עוף,קילוגרמים,0.00,"ק""ג",true,0,23.90,23.90,true,1,
7290000364858,false,"נקניקיות עוף טרי טירת צבי 1 ק""ג",הנסיך- מפעל לייצור ט,IL,נקניקיות עוף,קילוגרמים,1.00,"ק""ג",false,0,29.90,29.90,true,1,
7290000364872,false,נקניקיות עוף טירת צבי 400 גרם,טיב טירת צבי 2000,IL,נקניקיות עוף,גרמים,400.00,100 גרם,false,0,14.10,3.53,true,1,
7290000364957,false,נקניקיות עוף מיני מיני טירת צבי 700 גרם,הנסיך- מפעל לייצור ט,IL,נקניקיות מיני,גרמים,700.00,100 גרם,false,0,27.30,3.90,true,1,
7290000365046,false,פסטרמה כתף בקר מעושן,טירת- צבי,IL,כתף בקר מעושן,קילוגרמים,0.00,"ק""ג",true,0,98.00,98.00,true,1,
7290000365398,false,חזה הודו בדבשטירת צבי,טירת- צבי,IL,חזה הודו בדבש,קילוגרמים,0.00,"ק""ג",true,0,84.00,84.00,true,1,
7290000365756,false,פסטרמה על גחלים ד.ש משקל,טירת צבי,IL,פסטרמה על גחלים,קילוגרמים,0.00,"ק""ג",true,0,84.00,84.00,true,1,
7290000365909,false,פסטרמה הודו מעושנתטירת צבי,טירת- צבי,IL,פסטרמה טבעית,קילוגרמים,0.00,"ק""ג",true,0,84.00,84.00,true,1,
7290000365954,false,פסטרמה על גחלים משקל,טירת- צבי,IL,פסטרמה על גחלי,קילוגרמים,0.00,"ק""ג",true,0,84.00,84.00,true,1,
7290000367590,false,פסטרמה כפרית וסלמי פריזר כפרי טירת צבי 2*400 גרם,טיב טירת צבי 2000,IL,צמד כפרי נקניקים,גרמים,800.00,100 גרם,false,0,34.90,4.36,true,1,
7290000377612,false,מיץ תפוזים סחוט טבעי פריגת 400 מל,גת גבעת חיים,IL,מיץ תפוזים,מיליליטרים,400.00,"100 מ""ל",false,0,5.00,1.25,true,1,
7290000379128,false,חלה פרוס.וארוז500.גרם231,מאפיית שלמה א. אנג'\ל בע,IL,חלה פרוס.וארוז500.גרם231,גרמים,500.00,100 גרם,false,0,9.20,1.84,true,1,
7290000379142,false,לחם עינן מחיטה מלאה פרוס 750 גרם(מרובע),מאפיית שלמה א. אנג'\ל בע,IL,לחם עינן פרוס וארוז 750ג,גרמים,750.00,100 גרם,false,0,14.90,1.99,true,1,
7290000379203,false,לחם עינן קל פרוס מחיטה מלאה אנג'ל 500 גרם,מאפיית שלמה א. אנג'\ל בע,IL,לחם עינן קל 500 גרם,גרמים,500.00,100 גרם,false,0,14.80,2.96,true,1,
7290000379357,false,חלה קלה פרוסה 500 גרם,מאפיית שלמה א. אנג'\ל בע,IL,חלה קלה פרוסה 500 גרם,גרמים,500.00,100 גרם,false,0,13.80,2.76,true,1,
7290000408316,false,יוגורט דנונה דל לקטוז 200 גרם,מיוצר עי קונדיטוריית,IL,יוגורט ביו 3%,גרמים,200.00,100 גרם,false,0,3.60,1.80,true,1,
7290000408354,false,יוגורט עם אורז מצופה שוקולד קקאו 175 ג' דנונה,"שטראוס בריאות בע""\מ",IL,דנונה בר פצפוצים,גרמים,173.00,100 גרם,false,0,4.50,2.60,true,1,
7290000412139,false,נוזל רצפות בניחוח אורנים ריצפז 3 ליטר,"סנו מפעלי ברונוס בע""\מ",IL,ריצפז אורנים,ליטרים,3.00,ליטר,false,0,14.80,4.93,true,1,
7290000412481,false,נוזל לניקוי אסלות 00 סנו 1 ליטר,מיוצר עי קונדיטוריית,IL,"מנקה אסלות 00""",ליטרים,1.00,ליטר,false,0,7.80,7.80,true,1,
7290000416021,false,ממרח בטעם שוקולד השחר חלבי 500,השחר העולה,IL,ממרח השחר,גרמים,500.00,100 גרם,false,0,11.90,2.38,true,1,
7290000416045,false,"ממרח בטעם שוקולד השחר 1 ק""ג",השחר העולה תעשייות מ,IL,ממרח השחר,קילוגרמים,1.00,"ק""ג",false,0,22.70,22.70,true,1,
7290000416076,false,"צימקאו לאפייה וציפוי השחר 400 גרם כשל""פ",השחר העולה תעשייות מ,IL,צימקאו לאפיה,גרמים,400.00,100 גרם,false,0,11.90,2.98,true,1,
7290000416168,false,קרם למריחה בשפופרת330ג,השחר,IL,קרם למריחה,גרמים,330.00,100 גרם,false,0,9.90,3.00,true,1,
7290000416618,false,"ממרח שוקולד פרווה השחר 400 גרם כשל""פ",השחר העולה תעשייות מ,IL,ממרח בטעם שוקולד,גרמים,400.00,100 גרם,false,0,10.90,2.73,true,1,
7290000416632,false,"ממרח שוקולד פרווה השחר 1 ק""ג כשל""פ",השחר העולה תעשייות מ,IL,ממרח שוקולד השחר,קילוגרמים,1.00,"ק""ג",false,0,22.90,22.90,true,1,
7290000418131,false,תחבושות טופ פד מקופלת 18 יח',מוצרי נייר עמיר,IL,תחבושות טופ פד,יחידה,1.00,יחידה,false,0,6.70,6.70,true,1,
7290000418155,false,תחבושות טופ-פד סופר-פלוס 16 יחידות,מוצרי נייר עמיר,IL,תחבושות טופ פד,יחידה,1.00,יחידה,false,0,6.70,6.70,true,1,
7290000419107,false,לנדוור קפה מקורי לבוקר טחון טורקי 100 גרם,"קפה לנדוור בע""\מ",IL,קפה שחור לנדוור,גרמים,100.00,100 גרם,false,0,7.90,7.90,true,1,
7290000419114,false,קפה טחון טורקי לנדור200ג,"קפה לנדוור בע""\מ",IL,קפה שחור לנדוור,גרמים,200.00,100 גרם,false,0,15.80,7.90,true,1,
7290000419367,false,קפה לנדוור מקורי 70*4גרם,קפה לנדוור,,קפה לנדוור 4 יח',גרמים,280.00,100 גרם,false,0,19.70,7.04,true,1,
7290000419893,false,לנדוור קפה שחור חזק טחון טורקי 100 גרם,מולינו ניקולי s.p.a,IL,קפה לנדור לבוקר טחון100ג,גרמים,100.00,100 גרם,false,0,7.90,7.90,true,1,
7290000419909,false,לנדוור קפה שחור לבוקר טחון טורקי 100 גרם,מולינו ניקולי s.p.a,IL,קפה בטעם אספרסו,גרמים,100.00,100 גרם,false,0,7.90,7.90,true,1,
7290000420325,false,"פופסטאר פופקורן למקירוגל בטעם טבעי 5 שקיות,500 גרם",פרסטון פארמס,US,פופקורן למיקרו,גרמים,500.00,100 גרם,false,0,12.90,2.58,true,1,
7290000420332,false,פופסטאר פופקורן למיקרוגל בטעם חמאה 5 יחידות 500 גרם,פרסטון פארמס,US,פופקורן למיקרו,גרמים,500.00,100 גרם,false,0,12.90,2.58,true,1,
7290000420417,false,גלילונית שקיות אשפה 52X65 עם שרוך 60 יחידות,"איטיליאן פוד, אס.פי.",IL,גלילונית שרוך,יחידה,1.00,יחידה,false,0,18.90,18.90,true,1,
7290000432182,false,נר נשמה בכוס 24 שעות,פאלאס תעשיות נטו (20,IL,נר נשמה בכוס,יחידה,1.00,יחידה,false,0,4.00,4.00,true,1,
7290000432335,false,נר זכרון בכוס פאלאס,פאלאס תעשיות נטו (20,IL,נר נשמה בכוס,יחידה,1.00,יחידה,false,0,6.90,6.90,true,1,
7290000432632,false,נרות שבת מס 4 180 גר,פאלאס,IL,נרות שבת,יחידה,1.00,יחידה,false,0,4.10,4.10,true,1,
7290000432649,false,נרות שבת 6 יחידות,פאלאס,IL,נרות שבת,יחידה,1.00,יחידה,false,0,4.10,4.10,true,1,
7290000432656,false,נרות שבת 8 יחידות,,IL,נרות שבת,יחידה,1.00,יחידה,false,0,4.10,4.10,true,1,
7290000432687,false,נרות שבת מס' 16 ציון,"פאלאס בע""מ",IL,נרות שבת,יחידה,1.00,יחידה,false,0,4.10,4.10,true,1,
7290000433684,false,פפסי קולה 1.5 ליטר,"טמפו משקאות בע""מ",IL,פפסי קולה,ליטרים,1.50,ליטר,false,0,5.30,3.53,true,1,
7290000433714,false,סבן אפ 1.5 ליטר,"טמפו משקאות בע""\מ",IL,סבן אפ,ליטרים,1.50,ליטר,false,0,5.90,3.93,true,1,
7290000433745,false,מירינדה 1.5 ליטר,"טמפו משקאות בע""מ",IL,מירינדה תפוזים,ליטרים,1.50,ליטר,false,0,5.90,3.93,true,1,
7290000433899,false,דיאט סבן אפ 1.5 ליטר,טמפו,IL,דיאט סבן אפ,ליטרים,1.50,ליטר,false,0,5.90,3.93,true,1,
7290000433974,false,פפסי מקס 1.5 ליטר,"טמפו משקאות בע""מ",IL,פפסי מקס,ליטרים,1.50,ליטר,false,0,5.90,3.93,true,1,
7290000442587,false,"קרם רב שימושי תוספת 33% גינקו 220 מ""ל.",כ.צ.ט,IL,קרם רב שימושי,מיליליטרים,250.00,"100 מ""ל",false,0,20.60,8.24,true,1,
7290000446615,false,אתרוג מסוכר 150גרם,קטיף,IL,150 אתרוג מסוכר,גרמים,150.00,100 גרם,false,0,12.80,8.53,true,1,
7290000453019,false,שמרים טריים לאפייה שקית שמרית 50 ג',"פאקא תעשיות בע""\מ",IL,שמרית-שמרים טרי,גרמים,50.00,100 גרם,false,0,4.20,8.40,true,1,
7290000453125,false,שמרית שמרים טריים לאפיה +משפר אפיה 100ג,"פאקא תעשיות בע""\מ",IL,שמרית+ משפר אפיה,גרמים,100.00,100 גרם,false,0,7.40,7.40,true,1,
7290000461625,false,בייגלה שמיניות מלח בייגל בייגל 400 ג',בייגל את בייגל מזון 198),IL,בייגלה שמיניות,גרמים,400.00,100 גרם,false,0,10.40,2.60,true,1,
7290000462103,false,סחוג תימני אדום חריף עדין זהבי הכרם 150 גרם,קריניסה ויטמין אס אי,IL,סחוג זהבי אדום,גרמים,150.00,100 גרם,false,0,7.40,4.93,true,1,
7290000462141,false,סחוג אדום תימני מקורי חריף מאוד זהבי 150 גרם,קריניסה ויטמין אס אי,IL,זחוק אדום חריף,גרמים,150.00,100 גרם,false,0,7.40,4.93,true,1,
7290000462172,false,סחוג תימני ירוק חריף זהבי הכרם 150 גרם,קריניסה ויטמין אס אי,IL,סחוג זהבי ירוק,גרמים,150.00,100 גרם,false,0,7.40,4.93,true,1,
7290000465494,false,זית סורי מבוקע 560 גרם,בית השיטה,IL,זית סורי מבוקע,גרמים,560.00,100 גרם,false,0,11.10,1.98,true,1,
7290000466101,false,חומוסטחינה חריף צבר 400ג,צבר,IL,חומוסטחינה חריף,גרמים,400.00,100 גרם,false,1,14.20,3.55,true,1,
7290000466170,false,מלפפונים במלח בינוני,בית-השיטה עסיס תעשיות מז,IL,מלפפונים במלח,גרמים,560.00,100 גרם,false,0,6.50,1.16,true,1,
7290000466194,false,מלפפונ.במלח18-25 560 גרם,בית-השיטה עסיס תעשיות מז,IL,מלפפונים במלח,גרמים,560.00,100 גרם,false,0,11.50,2.05,true,1,
7290000467153,false,מלך החומוס סמיר הגדול 400 גרם צבר,סלטי צבר,IL,חומוס סמיר הגדול,גרמים,400.00,100 גרם,false,0,12.40,3.10,true,1,
7290000467160,false,מלפפון בחומץ גדול7-9 560,בית השיטה,IL,מלפפונים בחומץ,גרמים,560.00,100 גרם,false,0,5.90,1.05,true,1,
7290000467177,false,מלפפון 12-10 בחומץ 560גר,בית השיטה,IL,מלפפונים בחומץ,גרמים,560.00,100 גרם,false,0,6.50,1.16,true,1,
7290000467184,false,מלפפונים בחומץ קטנים,בית-השיטה עסיס תעשיות מז,IL,מלפפונים בחומץ,גרמים,560.00,100 גרם,false,0,9.20,1.64,true,1,
7290000467191,false,מלפ.בחומץ18-25 560 גרם,בית-השיטה עסיס תעשיות מז,IL,מלפפונים בחומץ,גרמים,560.00,100 גרם,false,0,11.50,2.05,true,1,
7290000467320,false,מלך החומוס אבו מרוואן 400 גרם,סלטי צבר,IL,מלך החומוס צבר,גרמים,400.00,100 גרם,false,0,12.40,3.10,true,1,
7290000474021,false,חלב 3% טרה שקית 1 ל' מהדרין,Unknown,IL,חלב טרה שקית 3%3,ליטרים,1.00,ליטר,false,0,4.80,4.80,true,1,
7290000474076,false,"חלב קרטון 3%-1 ליטר ""טרה""-מוצר בפיקוח",הפריט בפיקוח,IL,חלב טרי טרה 3%,ליטרים,1.00,ליטר,false,0,5.75,5.75,true,1,
7290000474090,false,"חלב בקרטון 1%- 1 ליטר בד""צ - מוצר בפיקוח",מילקו תעשיות בעמ,IL,חלב טרי טרה 1%,ליטרים,1.00,ליטר,false,0,5.40,5.40,true,1,
7290000474373,false,"שמנת חמוצה 15% שומן 200 מ""ל טרה",קריות זול,IL,שמנת חמוצה15%,מיליליטרים,200.00,"100 מ""ל",false,0,2.20,1.10,true,1,
7290000474410,false,טרה חמאה מהדרין 100ג,Unknown,IL,חמאה טרה,גרמים,100.00,100 גרם,false,0,3.80,3.80,true,1,
7290000474502,false,גבינה לבנה טרה 5% מרכיבים טבעיים,הפריט בפיקוח,IL,גבינה לבנה 5%,גרמים,250.00,100 גרם,false,0,4.60,1.84,true,1,
7290000474540,false,טוב טעם גבינה לבנה 3% טרה 250 גרם,קריות זול,IL,גבינת טוב טעם3%,גרמים,250.00,100 גרם,false,0,10.80,4.32,true,1,
7290000480107,false,קוואקר שיבולת שועל פחית 500 גרם,וולקרס סנקס לימיטד,GB,קואקר שיבולת,גרמים,500.00,100 גרם,false,0,13.40,2.68,true,1,
7290000480329,false,ממתיק הרמזית טבליות,הרמס סוויטנרס,CH,ממתיק הרמזית,גרמים,9.00,100 גרם,false,0,24.70,274.44,true,1,
7290000480442,false,קוואקר שיבולת שועל בשקית 500 גרם,פריטו ליי FRITO-LAY,GB,קואקר,גרמים,500.00,100 גרם,false,0,12.80,2.56,true,1,
7290000481746,false,לחמנ.חיטה מלאה ילדים75*8,דגנית עין בר,IL,לחמניות חיטה מלא,גרמים,600.00,100 גרם,false,1,13.90,2.32,true,1,
7290000481883,false,דגנית עין בר מארז לחמניות 10 יח'*75 ג',דגנית עין בר תעשיות מזון,IL,לחמניות אצבע 75*10 גרם,גרמים,750.00,100 גרם,false,0,15.40,2.05,true,1,
7290000481944,false,לחם דגנים קל 500 גרם,מאפ. דגנית עין-בר,IL,לחם דגנים קל 500 גרם,גרמים,500.00,100 גרם,false,0,15.90,3.18,true,1,
7290000481951,false,6 לחמניות דגנים קלות300ג,,IL,6 לחמניות דגנים קלות300ג,גרמים,300.00,100 גרם,false,0,12.80,4.27,true,1,
7290000490717,false,מאגדת גלית- שלגון חלבי בטעם וניל עם ציפו,הגלידות של פלדמן,IL,מאגדות גלית 8י,גרמים,560.00,100 גרם,false,0,27.20,4.86,true,1,
7290000490762,false,גלידל שוקו פלדמן מארז שמינייה,הגלידות של פלדמן,IL,גלידל שוקו 8יח,גרמים,400.00,100 גרם,false,0,33.50,8.38,true,1,
7290000493176,false,אסם אבקת רוטב צלי לבשר 22 ג',"אסם השקעות בע""\מ",IL,רוטב צלי לבשר,גרמים,22.00,100 גרם,false,0,3.60,16.36,true,1,
7290000493183,false,אבקת רוטב פטריות לבשר-30 גרם,"אסם השקעות בע""\מ",IL,רוטב פטריות,גרמים,30.00,100 גרם,false,0,4.00,13.33,true,1,
7290000497044,false,"לחם אקטיב 750 גרם ""ברמן""",מאפית י את א ברמן בע,IL,לחם ברמן אקטיב 750 גרם,גרמים,750.00,100 גרם,false,0,13.90,1.85,true,1,
7290000497228,false,לחמניה רגילה בשקית ברמן 6יח',מאפית י את א ברמן בע,IL,6 לחמניות רגילות בשקית,גרמים,450.00,100 גרם,false,0,10.80,2.40,true,1,
7290000497303,false,"שישיית לחמניות מקמח מלא ""ברמן""",מאפית י את א ברמן בע,IL,6 לחמניות מקמח מלא בשקית,גרמים,450.00,100 גרם,false,0,10.80,2.40,true,1,
7290000497426,false,לחם ברמן לענין פלוס 500 גרם,מאפית י את א ברמן בע,IL,לחם ברמן קל לענין 500גרם,גרמים,500.00,100 גרם,false,0,13.80,2.76,true,1,
7290000497532,false,"לחם מקמח מלא""לעניין"" 750 גר'",מאפית י את א ברמן בע,IL,לחם ברמן לענין 750 גרם,גרמים,750.00,100 גרם,false,0,14.30,1.91,true,1,
7290000497570,false,לחם דגנים פלוס ברמן 500 גרם,מאפית י את א ברמן בע,IL,לחם דגני קלות פרוס 500גר,גרמים,500.00,100 גרם,false,0,13.80,2.76,true,1,
7290000504049,false,סוכרזית קלאסי קנקן 1200 טבליות,אף.סי תבליני בגליל ב,IL,סוכרזית טבליות,גרמים,98.00,100 גרם,false,0,20.90,21.33,true,1,
7290000504209,false,"סוכרזית דיאט טיפ נוזלי 220 מ""ל",אף.סי תבליני בגליל ב,IL,נוזל של סוכרזית,מיליליטרים,220.00,"100 מ""ל",false,0,16.90,7.68,true,1,
7290000504278,false,ממתיק סוכרזית אריזת פטנט 700 טבליות,אף.סי תבליני בגליל ב,IL,סוכרזית טבליות,גרמים,57.00,100 גרם,false,0,15.90,27.89,true,1,
7290000518169,false,ממתיק מתוק וקל 1000 טבליות,קריות זול,IL,מתוק וקל,גרמים,80.00,100 גרם,false,0,8.80,11.00,true,1,
7290000518251,false,ממתיק זהב מתוק וקל 100 יחידות,קריות זול,IL,מתוק וקל זהב 100 שקיות,יחידה,1.00,יחידה,false,0,11.80,11.80,true,1,
7290000521015,false,"יין לבן יבש של סגל750מ""ל","מיוצר ע""י כרמי צבי-",IL,יין לבן של סגל,מיליליטרים,750.00,"100 מ""ל",false,0,19.90,2.65,true,1,
7290000521022,false,"של סגל, יין לבן חצי יבש 750 מ""ל","מיוצר ע""י כרמי צבי-",IL,יין לבן חצי יבש,מיליליטרים,750.00,"100 מ""ל",false,0,19.90,2.65,true,1,
7290000521404,false,"יין מרום גליל קברנה סוביניון סינגל 750 מ""ל",כרמי צבי אחים סגל בע,IL,מרום גליל קברנה,מיליליטרים,750.00,"100 מ""ל",false,0,29.90,3.99,true,1,
7290000522142,false,חלב הרים טהור-עמיד- קרטון 1 לי 3%,"מחלבות רמת הגולן בע""",IL,חלב הרים טהור 3% 1 ליטר,ליטרים,1.00,ליטר,false,0,7.90,7.90,true,1,
7290000522159,false,חלב הרים טהור-עמיד- קרטון 1 לי 1%,"מחלבות רמת הגולן בע""",IL,חלב הרים טהור 1% 1 ליטר,מיליליטרים,1000.00,"100 מ""ל",false,0,8.60,0.86,true,1,
7290000522166,false,חלב הרים טהור-עמיד- נטול לקטוז 1 לי 3%,"מחלבות רמת הגולן בע""",IL,חלב הרים נטול לקטוז3% 1ל,ליטרים,1.00,ליטר,false,0,10.40,10.40,true,1,
7290000522241,false,רוטב פטריות שמנת15% 450מ,מחלבות רמת הגולן,IL,רוטב פטריות שמנת,מיליליטרים,450.00,"100 מ""ל",false,1,17.70,3.93,true,1,
7290000523118,false,"מלח ים יבש 1 ק""ג",תעשיות מלח לישראל,IL,"מלח ים יבש 1 ק""ג",קילוגרמים,1.00,"ק""ג",false,0,6.70,6.70,true,1,
7290000523125,false,מלח הארץ הים האדום 250 ג' עדין,"חברת מלח הארץ אילת בע""\מ",IL,מלח ים יבש,גרמים,250.00,100 גרם,false,0,3.90,1.56,true,1,
7290000523224,false,מלח הארץ הים האדום 500 ג' עדין,"חברת מלח הארץ אילת בע""\מ",IL,מלח ים שולחני,גרמים,500.00,100 גרם,false,0,7.30,1.46,true,1,
7290000523514,false,מלח ים יבש מלח הארץ 250 גרם מופחת נתרן,"חברת מלח הארץ אילת בע""\מ",IL,מלח דל נתרן,גרמים,250.00,100 גרם,false,0,10.50,4.20,true,1,
7290000523521,false,מלח ים מלח הארץ 250 גרם מועשר ביוד,חברת מלח הארץ אילת ב,IL,מלח ים מועשר,גרמים,250.00,100 גרם,false,0,5.90,2.36,true,1,
7290000523804,false,"מלח הים האדום דק בצנצנת 1 ק""ג","חברת מלח הארץ אילת בע""\מ",,"מלח הארץ עדין צנצנת 1ק""ג",קילוגרמים,1.00,"ק""ג",false,0,6.80,6.80,true,1,
7290000523811,false,"צנצנת מלח גס 1 ק""ג מלח הארץ","חברת מלח הארץ אילת בע""\מ",IL,"מלח הארץ גס צנצנת 1 ק""ג",קילוגרמים,1.00,"ק""ג",false,0,6.80,6.80,true,1,
7290000525952,false,"נקטר תפו""ע פרימור 1 ליטר",גניר,IL,"נקטר תפו""ע",ליטרים,1.00,ליטר,false,0,5.20,5.20,true,1,
7290000530024,false,נקניק תה מעושן רחב במשקל,זוגלובק,IL,נקניק תה מעושן,קילוגרמים,0.00,"ק""ג",true,0,50.00,50.00,true,1,
7290000530031,false,סלמי פיין צר זוגלובק,זוגלובק,IL,פיין סלמי צר,קילוגרמים,0.00,"ק""ג",true,0,64.00,64.00,true,1,
7290000530048,false,נקניק סלמי פפרוני במ,זוגלובק,IL,סלמי פפרוני,גרמים,0.00,"ק""ג",true,0,56.00,56.00,true,1,
7290000530062,false,נקניק מעושן איטלקי במשקל,זוגלובק,IL,נקניק איטלקי,קילוגרמים,0.00,"ק""ג",true,0,80.00,80.00,true,1,
7290000530086,false,נקניק סלמי מעושן זוגלובק 600 גרם,נקניק נהריה כשר זוגל,IL,נקניק מעושן,גרמים,600.00,100 גרם,false,0,34.00,5.67,true,1,
7290000530109,false,קבנוס זוגי בואקום זוגלובק 180ג',נקניק נהריה כשר זוגל,IL,זוג קבנוס בואקום,גרמים,360.00,100 גרם,false,0,27.10,7.53,true,1,
7290000530178,false,נקניק קוניאק זוגלובק,זוגלובק,IL,נקניק קוניאק,קילוגרמים,0.00,"ק""ג",true,0,85.00,85.00,true,1,
7290000530260,false,נקניק מרטדלה רחב במשקל,זוגלובק,IL,נקניק מרטדלה,קילוגרמים,0.00,"ק""ג",true,0,35.00,35.00,true,1,
7290000530369,false,גולן ח.הודו מעוש.שלם משק,זוגלובק,IL,גולן חזה הודו,קילוגרמים,0.00,"ק""ג",true,0,79.00,79.00,true,1,
7290000530413,false,המבורגר זהב זוגלובק 400 גרם,נקניק נהריה כשר זוגל,IL,המבורגר זהב,גרמים,400.00,100 גרם,false,0,19.70,4.93,true,1,
7290000530444,false,כתף בקר מעושן אורלנדו מש,זוגלובק,IL,כתף בקר מעושן,קילוגרמים,0.00,"ק""ג",true,0,109.00,109.00,true,1,
7290000530703,false,פסטרמה חרמון כפרית ונקניק תה מעושן זוגלובק 2*400 גרם,נקניק נהריה כשר זוגל,IL,מארז חרמון+תה,גרמים,800.00,100 גרם,false,0,32.40,4.05,true,1,
7290000531410,false,פסטרממיה בדבש טהור במשקל,זוגלובק,IL,פסטרממיה בדבש,קילוגרמים,0.00,"ק""ג",true,0,79.00,79.00,true,1,
7290000531496,false,קבנוס בואקום 180 גרם,זוגלובק,IL,קבנוס,גרמים,180.00,100 גרם,false,0,18.30,10.17,true,1,
7290000531601,false,סטייקבורגר זהב זוגלובק 400 גרם,נקניק נהריה כשר זוגל,IL,סטייק בורגר 00,גרמים,400.00,100 גרם,false,0,20.70,5.18,true,1,
7290000531977,false,בורקס גבינה זוגלובק 800 גרם,נקניק נהריה כשר זוגל,IL,בורקס גבינה,גרמים,800.00,100 גרם,false,0,17.70,2.21,true,1,
7290000532400,false,חזה הודו ברביקיו במשקל,זוגלובק,IL,חזה הודו ברבקי,קילוגרמים,0.00,"ק""ג",true,0,79.00,79.00,true,1,
7290000532721,false,כתף בקר בפלפל טורו במשקל,זוגלובק,IL,כתף בקר בפלפל,קילוגרמים,0.00,"ק""ג",true,0,109.00,109.00,true,1,
7290000533353,false,"בצק עלים צרפתי 1 ק""ג זוגלובק",מאפיית אריאל וגידרון,IL,בצק עלים,גרמים,1000.00,100 גרם,false,0,13.80,1.38,true,1,
7290000534718,false,חזה הודו תבור דל שומן מש,זוגלובק,IL,חזה הודו תבור,קילוגרמים,0.00,"ק""ג",true,0,79.00,79.00,true,1,
7290000534800,false,פסטרמה הודו רומני במשקל,זוגלובק,IL,פסטרמה הודו,קילוגרמים,0.00,"ק""ג",true,0,79.00,79.00,true,1,
7290000534824,false,חזה הודו חרמון(מעוצב)משק,זוגלובק,IL,חזה הודו חרמון,קילוגרמים,0.00,"ק""ג",true,0,55.00,55.00,true,1,
7290000536316,false,"שניצל מן הצומח 1 ק""ג זוגלובק",נקניק נהריה כשר זוגל,IL,שניצל מן הצומח,גרמים,1000.00,100 גרם,false,0,28.50,2.85,true,1,
7290000536743,false,שניצלונים קריספי ט. תירס 500 גר' זוגלובק,נקניק נהריה כשר זוגל,IL,מקלוני תירס,גרמים,500.00,100 גרם,false,0,18.70,3.74,true,1,
7290000536750,false,מקלוני גזר ובטטה 500גרם,זוגלובק,IL,מקלוני גזר ובטטה,גרמים,500.00,100 גרם,false,0,18.70,3.74,true,1,
7290000536910,false,נקנקיה בלחמניה יח,זוגלובק,IL,נקניקיה בלחמניה,גרמים,140.00,100 גרם,false,0,11.80,8.43,true,1,
7290000537566,false,נקניקיות עוף טרי 400 ג' זוגלובק,נקניק נהריה כשר זוגל,IL,נקניקיות עוף,גרמים,400.00,100 גרם,false,0,14.60,3.65,true,1,
7290000537603,false,"נקניקיות עוף זוגלובק 1 ק""ג",זוגלובק,IL,נקניקיות עוף,קילוגרמים,1.00,"ק""ג",false,0,29.20,29.20,true,1,
7290000551555,false,בשר זרוע מס 8 מוכשר קג,פריגוצאקו / פרגוואי,XX,בשר זרוע מס 8,גרמים,0.00,"ק""ג",true,0,44.90,44.90,true,1,
7290000552569,false,סטייקבורגר בקר טיבון ויל 400 גרם,"טיבון ויל אחזקות בע""\מ",IL,סטייק בורגר,גרמים,400.00,100 גרם,false,0,20.70,5.18,true,1,
7290000552927,false,עוף טחון טיבון ויל 500 גרם,"טיבון ויל אחזקות בע""\מ",IL,טחון עוף,גרמים,500.00,100 גרם,false,0,14.80,2.96,true,1,
7290000552934,false,בשר הודו טחון טיבון ויל 500 גרם,"טיבון ויל אחזקות בע""\מ",IL,טחון הודו 500גרם,גרמים,500.00,100 גרם,false,0,14.40,2.88,true,1,
7290000552989,false,בשר טחון טיבון ויל 500 גרם,"טיבון ויל אחזקות בע""\מ",IL,בשר טחון מובחר,גרמים,500.00,100 גרם,false,0,29.30,5.86,true,1,
7290000554457,false,גבינה צפתית 5% 350 גרם - רבנות,"מחלבות גד בע""\מ",IL,גבינה צפתית5%,גרמים,350.00,100 גרם,false,0,16.90,4.83,true,1,
7290000554471,false,נקניק מוצרלה 22 אחוז 180גרם גד מהדרין,"מחלבות גד בע""\מ",IL,גבינת מוצרלה 22%,גרמים,180.00,100 גרם,false,0,12.90,7.17,true,1,
7290000554532,false,גבינה צפתית מעודנת במלח ים 5% 200 ג' גד,הנסיך- מפעל לייצור ט,IL,צפתית מעודנת 5%,גרמים,200.00,100 גרם,false,0,14.50,7.25,true,1,
7290000554600,false,מוצרלה מגורדת 22 אחוז 300גרם גד מהדרין,מחלבות גד בעמ,IL,מוצרלה מגורדת,גרמים,300.00,100 גרם,false,0,23.70,7.90,true,1,
7290000554686,false,גבינת לאבנה בתוספת שמן זית וזעתר 5% גד 250 גרם,מחלבות גד בעמ,IL,לאבנה בשמן זית5%,גרמים,250.00,100 גרם,false,0,13.80,5.52,true,1,
7290000554822,false,ריקוטה גבינה לבנה בסגנון איטלקי 5% גד 250 גרם,מחלבות גד בעמ,IL,גבינת ריקוטה 5%,גרמים,250.00,100 גרם,false,0,13.80,5.52,true,1,
7290000554839,false,מסקרפונה שמנת מתוקה קשה בסגנון איטלקי 40% גד 250 גרם,מחלבות גד בעמ,IL,גבינה מסקרפונה,גרמים,250.00,100 גרם,false,0,19.80,7.92,true,1,
7290000560533,false,אדג' ג'ל ירוק לעור רגיל 198גרם,אס.סי ג'ונסון ובניו,US,אדג' ג'ל לגילוח,מיליליטרים,200.00,"100 מ""ל",false,0,17.90,8.95,true,1,
7290000560540,false,אדג' ג'ל כתום לעור רגיש 198גרם,המאפיה של הרמן,US,אדג' ג'ל לגילוח,מיליליטרים,200.00,"100 מ""ל",false,0,17.90,8.95,true,1,
7290000571386,false,המחלבה יוגורמה יוגורט מחלב כבשים 5% 850 גרם,גבינות משק אחים מאיר בית,IL,יוגורמה 5%,גרמים,850.00,100 גרם,false,0,25.90,3.05,true,1,
7290000572628,false,חטיפי חלווה ללא סוכר בקופסא 250 גרם,שוורצקוף& הנקל דיסלד,IL,חטיף חלווה לייט,גרמים,275.00,100 גרם,false,0,12.90,4.69,true,1,
7290000574066,false,לחם מלא פלוס שיפון 750 ג' דגנית עין בר,דגנית עין בר תעשיות מזון,IL,לחם מלא פלוס שיפון 750 ג,גרמים,750.00,100 גרם,false,0,14.90,1.99,true,1,
7290000574110,false,לחם טבע קל 750 גרם,דגנית עין בר,IL,לחם טבע קל 750 גרם,גרמים,750.00,100 גרם,false,0,14.80,1.97,true,1,
7290000574141,false,לחם חיטה מלא 750ג' דגנית עין בר,דגנית עין בר תעשיות מזון,IL,לחם חיטה מלא 750 גרם,גרמים,750.00,100 גרם,false,0,10.90,1.45,true,1,
7290000574172,false,לחם קל מחיטה מלאה 750 ג' דגנית עין בר,דגנית עין בר תעשיות מזון,IL,לחם קל מחיטה מלאה 750גרם,גרמים,750.00,100 גרם,false,0,14.50,1.93,true,1,
7290000574257,false,לחם אחיד פרוס קל דגנית 750 גרם,מאפ. דגנית עין-בר,IL,לחם שחור קל פרוס 750 גרם,גרמים,750.00,100 גרם,false,0,15.10,2.01,true,1,
7290000574370,false,לחם שיפון אמיתי קל 750 ג' דגנית עין בר,דגנית עין בר תעשיות מזון,IL,לחם שיפון קל 750 גרם,גרמים,750.00,100 גרם,false,0,15.10,2.01,true,1,
7290000574455,false,לחם חיטה מלא פלוס כוסמין 750 ג' דגנית עין בר,פריט ללא פיקוח,IL,לחם חיטה מלא,גרמים,750.00,100 גרם,false,1,13.90,1.85,true,1,
7290000574509,false,מארז 6 לחמניות אצבע דגנית,מאפ. דגנית עין-בר,IL,6 לחמנ.חצויות 450 גרם,גרמים,450.00,100 גרם,false,0,11.80,2.62,true,1,
7290000604022,false,ביצים גדולות L תנובה 12 יחידות,ביצי תנובה,,ביצים L 12 יח',יחידה,1.00,יחידה,false,0,11.45,11.45,true,1,
7290000604879,false,"תמר מג'הול בקופסא 1 ק""ג",הדיקלאים,IL,"תמר מג'הול 1 ק""ג",קילוגרמים,1.00,"ק""ג",false,0,29.90,29.90,true,1,
7290000606873,false,"תמרים לחים בד""ץ 500גרם",הדיקלאים,IL,תמרים לחים500ג,גרמים,500.00,100 גרם,false,0,9.90,1.98,true,1,
7290000630021,false,עוף קפוא מס' 3 קג,תנובה,IL,עוף קפוא מס 3,קילוגרמים,0.00,"ק""ג",true,0,16.80,16.80,true,1,
7290000630076,false,עוף קפוא מס' 2 עטרה מחיר,עטרה,IL,עוף קפוא מס' 2 עטרה מחיר,קילוגרמים,0.00,"ק""ג",true,0,24.70,24.70,true,1,
7290000632209,false,חזה עוף קפוא עטרה מחיר ל,שונות,IL,חזה עוף קפוא,קילוגרמים,0.00,"ק""ג",true,0,34.60,34.60,true,1,
7290000632391,false,כרעיים עוף קפוא עטרה מחי,שונות,IL,כרעיים עוף קפוא עטרה מחי,קילוגרמים,0.00,"ק""ג",true,0,33.60,33.60,true,1,
7290000632407,false,כרעיים עוף קפוא ארו,,IL,כרעיים עוף קפוא,קילוגרמים,0.00,"ק""ג",true,0,25.30,25.30,true,1,
7290000632599,false,ירכיים פטם קפוא עטרה מחי,שונות,IL,ירכיים פטם קפוא עטרה מחי,קילוגרמים,0.00,"ק""ג",true,0,33.60,33.60,true,1,
7290000632698,false,שוקיים עוף קפוא עטרה מחי,שונות,IL,שוקיים עוף קפוא עטרה מחי,קילוגרמים,0.00,"ק""ג",true,0,36.60,36.60,true,1,
7290000633800,false,כנפיים עוף קפוא עטרה מחי,שונות,IL,כנפיים עוף קפוא עטרה מחי,קילוגרמים,0.00,"ק""ג",true,0,17.70,17.70,true,1,
7290000644783,false,מנות פילה סלמון קפוא קג,דגי תנובה,IL,פילה סלמון מנות,קילוגרמים,0.00,"ק""ג",true,0,74.60,74.60,true,1,
7290000659312,false,דגי תנובה פילה סלומון קפוא בוואקום,דגי תנובה,IL,פילה סלמון ממותג קפוא קג,קילוגרמים,0.00,"ק""ג",true,0,68.90,68.90,true,1,
7290000679440,false,"קמיל בלו משחת החתלה לתינוק ד""ר פישר 100 גרם",פישר מעבדות פרמצבטיות בע,IL,משחה לתינוק,גרמים,100.00,100 גרם,false,0,10.00,10.00,true,1,
7290000688114,false,מים מינרלים מי עדן 1.5 ליטר,מים מינרליים,IL,מי-עדן מים מינרלים 1.5 ל,ליטרים,1.50,ליטר,false,0,5.00,3.33,true,1,
7290000688374,false,"מים מינרליים מי עדן בייבי 6*330 מ""ל","מופק ממקור בזלתי עדן ,1",IL,מי עדן בייבי 6יח,ליטרים,1.50,ליטר,false,0,15.00,10.00,true,1,
7290000688381,false,שישיית מי עדן פקק ספורט 0.5 ליטר,"מופק ממקור בזלתי עדן ,1",IL,מי עדן אישי 6 בק,ליטרים,3.00,ליטר,false,0,12.90,4.30,true,1,
7290000688503,false,"מים מינרלים פקק ספורט מי עדן 6*750 מ""ל","מופק ממקור בזלתי עדן ,1",IL,מי עדן ספורטאים,ליטרים,4.50,ליטר,false,0,14.90,3.31,true,1,
7290000688732,false,שישיית מי עדן 1.5 ליטר משפחתי,"מופק ממקור בזלתי עדן ,1",IL,מי עדן 6 יח,ליטרים,9.00,ליטר,false,0,11.00,1.22,true,1,
7290000692210,false,נוזל לניקוי כללי ורצפות בניחוח לבנדר אג'קס 2 ליטר,הנסיך- מפעל לייצור ט,GR,אג'קס ניקוי כללי,ליטרים,2.00,ליטר,false,0,21.90,10.95,true,1,
7290000692227,false,נוזל כלים פלמוליב צילינדר קלאסי 1 ליטר,יבואן ומשווק: ש. שסט,GR,פלמוליב לכלים,ליטרים,1.00,ליטר,false,0,12.70,12.70,true,1,
7290000692302,false,אג'קס נוז.נ.כללי כחול 2ל,קולגייט פלמוליב,GR,אג'קס ניקוי כללי,ליטרים,2.00,ליטר,false,0,21.90,10.95,true,1,
7290000692456,false,אג'קס חלונות זוג 750*2 מל ספריי ורפיל,הנסיך- מפעל לייצור ט,GR,אג'קס לחלונות,ליטרים,1.50,ליטר,false,0,24.90,16.60,true,1,
7290000803180,false,"מרידול-שטיפת פה דנטלית 400 מ""ל",קולגייט פלמוליב,CH,שטיפה מרידול,מיליליטרים,400.00,"100 מ""ל",false,0,25.00,6.25,true,1,
7290000805795,false,"חול חתולים יורוקיטי 10 ק""ג",שחם גבעת עדה,IL,חול לחתולים,קילוגרמים,10.00,"ק""ג",false,0,32.20,3.22,true,1,
7290000902630,true,מקרון צבעוני 6יח בטעמים,סהרון,IL,מארז מקרון,יחידה,1.00,יחידה,false,1,23.40,23.40,true,1,
7290000910406,true,"פילה עוף טרי ת עצמי ק""ג",שונות,IL,פילה עוף טרי,קילוגרמים,0.00,"ק""ג",true,0,32.90,32.90,true,1,
7290000922591,true,עוף שלם טרי תפזורת עצמי,שונות,IL,עוף שלם טרי,קילוגרמים,0.00,"ק""ג",true,0,18.90,18.90,true,1,
7290000928241,true,סלמון פרוס לא מעובד שופר,ויליגר תעשיות בעמ,IL,סלמון פרוס,קילוגרמים,0.00,"ק""ג",true,0,59.90,59.90,true,1,
7290000928265,true,פילה סלמון קפוא נורווגי,ויליגר תעשיות בעמ,IL,פילהה סלמון קפוא,קילוגרמים,0.00,"ק""ג",true,0,59.90,59.90,true,1,
7290000928746,true,כתף טלה טרי )עצמי( מחיר,שונות,IL,כתף טלה טרי,קילוגרמים,0.00,"ק""ג",true,0,128.80,128.80,true,1,
7290000929415,true,חזה הודו נ.טרי ת עצמי לק,שופרסל,IL,חזה הודו טרי,קילוגרמים,0.00,"ק""ג",true,0,29.90,29.90,true,1,
7290000929422,true,שוארמה הודו נ.טרי תפזורת,שונות,IL,שוארמה הודו טרי,קילוגרמים,0.00,"ק""ג",true,0,54.90,54.90,true,1,
7290000929439,true,נתחי הודו טרי ת עצמי לקג,שונות,IL,נתחי הודו טרי,קילוגרמים,0.00,"ק""ג",true,0,27.90,27.90,true,1,
7290000929484,true,כנף הודו נ.טרי ת.עצמי קג,שונות,IL,כנף הודו טרי,קילוגרמים,0.00,"ק""ג",true,0,17.90,17.90,true,1,
7290000929514,true,גרון הודו נ.טרי ת.עצמי ל,שונות,IL,גרון הודו טרי,קילוגרמים,0.00,"ק""ג",true,0,23.90,23.90,true,1,
7290000929620,true,שוק הודו מפורק טרי תעצמי,שונות,IL,שוק הודו מפורק,קילוגרמים,0.00,"ק""ג",true,0,44.90,44.90,true,1,
7290000940694,true,נבטי חמניות יחידה,קטיף,IL,נבטי חמניות-יח',יחידה,1.00,יחידה,false,0,8.00,8.00,true,1,
7290000961552,true,פלפל כתום,קטיף.,IL,פלפל כתום,קילוגרמים,0.00,"ק""ג",true,0,9.90,9.90,true,1,
7290000961606,true,שורש ג'ינגר במשקל,קטיף.,XX,שורש גינגר במשקל,קילוגרמים,0.00,"ק""ג",true,0,35.90,35.90,true,1,
7290000961804,true,דלעת ארוזה,קטיף.,IL,דלעת ארוזה,קילוגרמים,0.00,"ק""ג",true,0,8.90,8.90,true,1,
7290000962535,true,רוזמרין יחידה,קטיף.,IL,רוזמרין-יח',יחידה,1.00,יחידה,false,0,5.00,5.00,true,1,
7290000962559,true,קורנית יחידה,קטיף.,IL,קורנית-יח',יחידה,1.00,יחידה,false,0,5.00,5.00,true,1,
7290000962573,true,אורגנו יחידה,קטיף.,IL,אורגנו-יח',יחידה,1.00,יחידה,false,0,5.00,5.00,true,1,
7290000962580,true,מרווה יחידה,קטיף,IL,מרווה-יח',יחידה,1.00,יחידה,false,0,5.00,5.00,true,1,
7290000963136,true,תפוח עץ מוזהב 65,קטיף.,XX,תפוח עץ מוזהב,קילוגרמים,0.00,"ק""ג",true,0,8.90,8.90,true,1,
7290000963174,true,תפוח עץ יונתן יבוא,קטיף.,XX,תפוח עץ יונתן,קילוגרמים,0.00,"ק""ג",true,0,11.90,11.90,true,1,
7290000963297,true,תפוח עץ סטרקינג 65,קטיף.,XX,"ת""ע סטרקינג",קילוגרמים,0.00,"ק""ג",true,0,8.90,8.90,true,1,
7290000963310,true,תפוח עץ קנזי יבוא,קטיף.,XX,"תפו""ע קנזי",קילוגרמים,0.00,"ק""ג",true,0,12.90,12.90,true,1,
7290000963365,true,תפוח עץ פינקריספי 65,קטיף.,XX,"תפו""ע פינקריספי",קילוגרמים,0.00,"ק""ג",true,0,12.90,12.90,true,1,
7290000963563,true,תפוח עץ סמיט65,קטיף.,XX,תפוח עץ סמיט65,קילוגרמים,0.00,"ק""ג",true,0,8.90,8.90,true,1,
7290000963686,true,תפוח עץ גאלה יבוא,קטיף.,XX,תפוח עץ גאלה,קילוגרמים,0.00,"ק""ג",true,0,10.90,10.90,true,1,
7290000963754,true,אגס קונפרנס,קטיף.,ES,אגס קונפרנס,קילוגרמים,0.00,"ק""ג",true,0,9.90,9.90,true,1,
7290000964300,true,תפוז,קטיף.,IL,תפוז,קילוגרמים,0.00,"ק""ג",true,0,5.90,5.90,true,1,
7290000964348,true,תפוז ברשת למיץ,קטיף.,IL,תפוז ברשת למיץ,קילוגרמים,0.00,"ק""ג",true,0,3.90,3.90,true,1,
7290000964362,true,פומלה לבנה,קטיף.,IL,פומלה לבנה,קילוגרמים,0.00,"ק""ג",true,0,7.90,7.90,true,1,
7290000964379,true,אשכולית לבנה,קטיף.,IL,אשכולית לבנה,קילוגרמים,0.00,"ק""ג",true,0,5.90,5.90,true,1,
7290000964393,true,אשכולית אדומה,קטיף.,IL,אשכולית אדומה,קילוגרמים,0.00,"ק""ג",true,0,5.90,5.90,true,1,
7290000964461,true,פומלית,קטיף.,IL,פומלית,קילוגרמים,0.00,"ק""ג",true,0,5.90,5.90,true,1,
7290000964492,true,לימון תפזורת,קטיף.,IL,לימון,קילוגרמים,0.00,"ק""ג",true,0,6.90,6.90,true,1,
7290000964560,true,קלמנטינה,קטיף.,IL,קלמנטינה,קילוגרמים,0.00,"ק""ג",true,0,5.90,5.90,true,1,
7290000964775,true,בננות,קטיף.,IL,בננות,קילוגרמים,0.00,"ק""ג",true,0,7.90,7.90,true,1,
7290000964836,true,אגס ספדונה גודל 60,קטיף.,IL,אגס ספדונה,קילוגרמים,0.00,"ק""ג",true,0,9.90,9.90,true,1,
7290000964980,true,אבוקדו,קטיף.,IL,אבוקדו,קילוגרמים,0.00,"ק""ג",true,0,12.90,12.90,true,1,
7290000965024,true,אבטיח בקרטון,קטיף.,IL,אבטיח,קילוגרמים,0.00,"ק""ג",true,0,7.90,7.90,true,1,
7290000965604,true,פסיפלורה שעונית יחידה,קטיף,IL,פסיפלורה יח',יחידה,1.00,יחידה,false,0,18.90,18.90,true,1,
7290000966502,true,אננס ראש חמישיות יחידה,קטיף.,IL,אננס ראש גדול יח,יחידה,1.00,יחידה,false,0,29.90,29.90,true,1,
7290000966564,true,רימון,קטיף.,IL,רימון,קילוגרמים,0.00,"ק""ג",true,0,5.90,5.90,true,1,
7290000966663,true,קיווי שקיל,קטיף.,IL,קיווי,קילוגרמים,0.00,"ק""ג",true,0,14.90,14.90,true,1,
7290000966779,true,תות שדה 500גרם,קטיף,IL,תות שדה יח,יחידה,1.00,יחידה,false,0,15.90,15.90,true,1,
7290000972268,true,קוקוס ראש-יחידה,קטיף.,IL,קוקוס ראש-יח',יחידה,1.00,יחידה,false,0,5.90,5.90,true,1,
7290000972367,true,ערמונים-תפזורת,קטיף.,IL,ערמונים-תפזורת,גרמים,0.00,"ק""ג",true,0,14.90,14.90,true,1,
7290000978949,true,ברוקומיני יח',קטיף,IL,ברוקומיני,יחידה,1.00,יחידה,false,0,7.90,7.90,true,1,
7290000979700,true,חסה לבבות יחידה,קטיף.,IL,לבבות חסה,יחידה,1.00,יחידה,false,0,8.50,8.50,true,1,
7290000982939,true,כרישה )לוף( יחידה,קטיף.,IL,לוף פרסה-יחידה,יחידה,1.00,יחידה,false,0,7.90,7.90,true,1,
7290000987071,true,שום בתפזורת,קטיף,XX,שום בתפזורת,קילוגרמים,0.00,"ק""ג",true,0,30.00,30.00,true,1,
7290000993195,true,ענב לבן - יחידה,קטיף.,XX,ענב לבן -יחידה,יחידה,1.00,יחידה,false,0,16.90,16.90,true,1,
7290000993362,true,שום ישראלי -יחידה,קטיף,IL,שום ישראלי -יחידה,יחידה,1.00,יחידה,false,0,7.90,7.90,true,1,
7290000995441,true,קייל - יחידה,קטיף.,IL,קייל - יחידה,יחידה,1.00,יחידה,false,0,12.00,12.00,true,1,
7290000998220,true,חסה ארוזה יח,קטיף,IL,חסה ארוזה,יחידה,1.00,יחידה,false,0,5.00,5.00,true,1,
7290001012123,false,פרש וואנס קייר כחול 72*4,על בד,IL,פרש וואנס,יחידה,1.00,יחידה,false,0,19.90,19.90,true,1,
7290001045237,false,משקה לימון עם נענע 2ליטר,"גניר (1992) בע""מ",IL,משקה לימון נענע,ליטרים,2.00,ליטר,false,0,23.90,11.95,true,1,
7290001121054,false,צמד חמד פסטרמה וסלמי יחיעם 700 גרם,תאי פרזידנט פוד פאבל,IL,צמד חמד,גרמים,700.00,100 גרם,false,0,25.70,3.67,true,1,
7290001121979,false,נקניק סלמי הרץ מעדני יחיעם 150 גרם,תאי פרזידנט פוד פאבל,IL,סלמי הרץ,גרמים,150.00,100 גרם,false,0,21.90,14.60,true,1,
7290001123775,false,שווארמה אמיתית פרגיות טיבון ויל 500 גרם,"טיבול ויל אחזקות בע""",IL,שווארמה פרגית,גרמים,500.00,100 גרם,false,0,23.70,4.74,true,1,
7290001123782,false,שווארמה אמיתית הודו טיבון ויל 500 גרם,טיבון ויל - נטו,IL,שווארמה הודו,גרמים,500.00,100 גרם,false,0,23.70,4.74,true,1,
7290001124611,false,שומן כבש טיבון ויל 200 גרם,טיבון ויל אחזקות בעמ,IL,שומן כבש 200גרם,גרמים,200.00,100 גרם,false,0,19.70,9.85,true,1,
7290001126141,false,רוסטביף קפוא ברשת לקג,טיבון ויל - נטו,IL,רוסטביף ברשת,קילוגרמים,0.00,"ק""ג",true,0,49.90,49.90,true,1,
7290001126165,false,סטייק עין 800 גרם,טיבון ויל - נטו,IL,סטייק עין 800ג,גרמים,800.00,100 גרם,false,0,80.70,10.09,true,1,
7290001128046,false,פילדלפיה לייט בגביע227גר,נטו,US,גבינת פילדלפיה,גרמים,227.00,100 גרם,false,0,15.00,6.61,true,1,
7290001136683,false,"מרכך לשיער רגיל בבושם פרחים נקה 7 750 מ""ל","אמיליה קוסמטיקס בע""מ",IL,קונדישינר נקה 7,מיליליטרים,750.00,"100 מ""ל",false,0,9.90,1.32,true,1,
7290001136799,false,נקה 7 תחליב רחצה ארומה ורוד יסמין 1 ל',מיוצר בסין.יבוא ושיו,IL,תחליב רחצה נקה 7,ליטרים,1.00,ליטר,false,0,12.90,12.90,true,1,
7290001136973,false,נקה 7 תחליב רחצה ארומה קמומיל לבן 1 ל',טרופיקל דגיל תעשיות,IL,תחליב רחצה נקה 7,ליטרים,1.00,ליטר,false,0,12.90,12.90,true,1,
7290001158500,false,כנפי עוף טרי תפזורת עצמי,שונות,IL,כנפיים עוף טרי,קילוגרמים,0.00,"ק""ג",true,0,11.90,11.90,true,1,
7290001158517,false,כרעי עוף טרי תפזורת עצמי,שופרסל,IL,כרעיים עוף טרי,קילוגרמים,0.00,"ק""ג",true,0,27.90,27.90,true,1,
7290001158524,false,שניצל עוף פרוס)עצמי(לקג,שונות,IL,שניצל עוף טרי,קילוגרמים,0.00,"ק""ג",true,0,34.90,34.90,true,1,
7290001158531,false,שוקי עוף טרי תפזורת עצמי,שונות,IL,שוקיים עוף טרי,קילוגרמים,0.00,"ק""ג",true,0,32.90,32.90,true,1,
7290001158661,false,שווארמה פרגיות)עצמי(לקג,שונות,IL,פרגיות עוף טרי,קילוגרמים,0.00,"ק""ג",true,0,54.90,54.90,true,1,
7290001158722,false,חזה עוף טרי תפזורת עצמי,שונות,IL,חזה עוף טרי,קילוגרמים,0.00,"ק""ג",true,0,31.90,31.90,true,1,
7290001208601,false,חלבה וניל במשקל עדן,"עדן תעשיות חלבה בע""מ",IL,חלבה וניל במשקל,קילוגרמים,0.00,"ק""ג",true,0,42.00,42.00,true,1,
7290001208649,false,חלבה שוקולד אגוזים במשקל,,IL,חלבה שוקולד אגוזים במשקל,קילוגרמים,0.00,"ק""ג",true,0,42.00,42.00,true,1,
7290001209158,false,שניצל עוף פרוס עטרה קפוא,שונות,IL,שניצל עוף פרוס עטרה קפוא,קילוגרמים,0.00,"ק""ג",true,0,37.60,37.60,true,1,
7290001209516,false,סטייק עין עטרה מעובד עטרה 800 גרם,טיבון ויל אחזקות בעמ,IL,סטייק עין 800 גרם,גרמים,800.00,100 גרם,false,0,60.00,7.50,true,1,
7290001216040,false,טחינה גולמית שומשום טהור אל ארז 500 גרם,אגס ירוק מסחר ושירותים,IL,טחינה גולמית 500 גרם,גרמים,500.00,100 גרם,false,0,15.90,3.18,true,1,
7290001216231,false,טחינה גולמית שומשום מלא אל ארז 500 גרם,אגס ירוק מסחר ושירותים,IL,טחינה מלאה,גרמים,500.00,100 גרם,false,0,17.90,3.58,true,1,
7290001247006,false,גזוז בטעם קולה קריסטל 2ל,יפאורה שותפות מובגלת לשיווק,IL,קריסטל קולה,ליטרים,2.00,ליטר,false,0,3.60,1.80,true,1,
7290001247020,false,קריסטל תפוזים 2 ליטר,יפאורה שותפות מובגלת לשיווק,IL,קריסטל אורנג',ליטרים,2.00,ליטר,false,0,3.60,1.80,true,1,
7290001247037,false,גזוז בטעם מנטה קריסטל 2ל,יפאורה שותפות מובגלת לשיווק,IL,גזוז בטעם מנטה,ליטרים,2.00,ליטר,false,0,3.60,1.80,true,1,
7290001247051,false,קריסטל למון ליים 2 ליטר,יפאורה שותפות מובגלת לשיווק,IL,גזוז לימון ליים,ליטרים,2.00,ליטר,false,0,3.60,1.80,true,1,
7290001247068,false,קרטונית נקטר ספרינג תות בננה 1 ליטר,יפאורה שותפות מובגלת לשיווק,IL,נקטר תות בננה,ליטרים,1.00,ליטר,false,0,4.90,4.90,true,1,
7290001247082,false,מיץ עגבניות רכיבים טבעיים ספרינג 1 ליטר,יפאורה שותפות מובגלת לשיווק,IL,נקטר עגבניות,ליטרים,1.00,ליטר,false,0,4.90,4.90,true,1,
7290001247099,false,קרטונית נקטר ספרינג מנגו 1 ליטר,יפאורה שותפות מובגלת לשיווק,IL,נקטר ספרינג מנגו,ליטרים,1.00,ליטר,false,0,4.90,4.90,true,1,
7290001247105,false,קרטונית נקטר ספרינג אפרסק 1 ליטר,יפאורה שותפות מובגלת לשיווק,IL,נקטר אפרסק,ליטרים,1.00,ליטר,false,0,4.90,4.90,true,1,
7290001247112,false,קרטונית נקטר ספרינג לימונענע 1 ליטר,יפאורה שותפות מובגלת לשיווק,IL,משקה לימונענע,ליטרים,1.00,ליטר,false,0,4.90,4.90,true,1,
7290001247129,false,נקטר ספרינג תפוזים קרטונית 1 ל',יפאורה שותפות מובגלת לשיווק,IL,נקטר ספרינג תפוז,ליטרים,1.00,ליטר,false,0,4.90,4.90,true,1,
7290001247143,false,קרטונית נקטר ספרינג תפוחים 1 ליטר,יפאורה שותפות מובגלת לשיווק,IL,נקטר ספרינג תפוח,ליטרים,1.00,ליטר,false,0,4.90,4.90,true,1,
7290001247211,false,קריסטל ענבים מוגז 2 ליטר,יפאורה שותפות מובגלת לשיווק,IL,קריסטל ענבים,ליטרים,2.00,ליטר,false,0,3.60,1.80,true,1,
7290001247952,false,"תפוזינה משק""ל ענבים1.5ל",יפאורה שותפות מובגלת לשיווק,IL,תפוזינה ענבים,ליטרים,1.50,ליטר,false,0,5.90,3.93,true,1,
7290001265116,false,דייסת גם וגם קונפלור300ג,"מעבדות מטרנה בע""מ",IL,דייסת מטרנה,גרמים,300.00,100 גרם,false,0,18.90,6.30,true,1,
7290001265123,false,דייסת גם וגם 8דגנים300גר,נסטלה,IL,דייסת מטרנה,גרמים,300.00,100 גרם,false,0,18.90,6.30,true,1,
7290001265642,false,"מזון חתולים מעדני פטה 1.2 ק""ג מארז 3 יחידות",קריות זול,FR,מעדני לה קט 3 יח,קילוגרמים,1.20,"ק""ג",false,0,19.10,15.92,true,1,
7290001274422,false,שלגונים ציפוי בננה מאגדת שמינייה 560 ג',גלידות פלדמן,IL,מאגדת בליסימו,יחידה,1.00,יחידה,false,0,19.80,19.80,true,1,
7290001274934,false,"שמיניית גלידל פרי לימון ""פלדמן""",הגלידות של פלדמן,IL,גלידל פרי לימון,גרמים,640.00,100 גרם,false,0,26.80,4.19,true,1,
7290001274941,false,"שמיניית גלידל פרי פטל ""פלדמן""",הגלידות של פלדמן,IL,גלידל פרי פטל,גרמים,640.00,100 גרם,false,0,26.80,4.19,true,1,
7290001305188,false,"נוזל לניקוי כלים בריח לימון פלמוליב 750 מ""ל",יבואן ומשווק: ש. שסט,GR,פלמוליב לכלים,מיליליטרים,750.00,"100 מ""ל",false,0,9.70,1.29,true,1,
7290001312995,false,בגט 280 גרם,גידרון,IL,באגט,יחידה,1.00,יחידה,false,0,4.00,4.00,true,1,
7290001327029,false,מאגדת מיקס 7 יחידות,שטראוס,IL,מאגדת מיקס 7 יחידות,גרמים,440.00,100 גרם,false,0,32.90,7.48,true,1,
7290001327227,false,קרמיסימו ריבת חלב 1.33ל',"גלידת שטראוס בע""\מ",IL,קרמיסימו ריבת חלב 1.33ל',ליטרים,1.33,ליטר,false,0,18.90,14.21,true,1,
7290001327838,false,מאגדת מיני מגנום פולטיפק,שטראוס,IL,מאגדת מיני מגנום פולטיפק,גרמים,250.00,100 גרם,false,0,27.90,11.16,true,1,
7290001407547,false,טחינה גולמית משומשום מלא פי 6 בארכה 500ג',"רושדי תעשיות מזון בע""\מ",IL,טחינה שומשום מלא,גרמים,500.00,100 גרם,false,1,15.80,3.16,true,1,
7290001407769,false,טחינה גולמית שומשום מלא בארכה 500 גרם,"רושדי תעשיות מזון בע""\מ",IL,טחינה שומשום,גרמים,500.00,100 גרם,false,0,15.80,3.16,true,1,
7290001407813,false,חלבה שאמית פיסטוק בקטנה בארכה 350ג',"רושדי תעשיות מזון בע""\מ",IL,חלבה פיסטוק,גרמים,350.00,100 גרם,false,0,14.80,4.23,true,1,
7290001407844,false,חלבה קלאסית בטעם וניל בארכה 350 גרם,"רושדי תעשיות מזון בע""\מ",IL,חלבה וניל,גרמים,350.00,100 גרם,false,0,15.80,4.51,true,1,
7290001462010,false,אריסה מרוקאית יוחאי ביטון 250 גרם,נטו,IL,אריסה מרוקאית,גרמים,250.00,100 גרם,false,0,14.10,5.64,true,1,
7290001485019,false,גבינת קרם שמנת טבעי 5% טרה 200 גרם,קריות זול,IL,גבינת שמנת 5%,גרמים,200.00,100 גרם,false,0,10.80,5.40,true,1,
7290001485026,false,גבינת קרם שמנת זיתים 5% טרה 200 גרם,Unknown,IL,גבינת שמנת+זיתים,גרמים,200.00,100 גרם,false,0,10.80,5.40,true,1,
7290001491010,false,תה ירוק יסמין ויסוצקי 25 יחידות,תה ויסוצקי,IL,תה ירוק יסמין25שק1.5Xגרם,גרמים,37.00,100 גרם,false,0,25.90,70.00,true,1,
7290001491096,false,תה ירוק בתוספת לימונית ולואיזה 50 שקיקים ויסוצקי,תה ויסוצקי,IL,תה ירוק לימונ+לואיזה50שק,גרמים,75.00,100 גרם,false,0,45.50,60.67,true,1,
7290001507032,false,וופל חרובים,,IL,וופל חרובים,גרמים,20.00,100 גרם,false,0,4.10,20.50,true,1,
7290001594568,false,"בירה בפחית קרלסברג 500 מ""ל",מבשלות בירה בינלאומיות ב,IL,בירה קרלסברג פח,מיליליטרים,500.00,"100 מ""ל",false,0,8.80,1.76,true,1,
7290001594865,false,"שישייה בירה קרלסברג בקבוק 330 מ""ל",מבשלות בירה בינלאומיות ב,IL,בירה קרלסברג 6יח,ליטרים,1.98,ליטר,false,0,39.90,20.15,true,1,
7290001648643,false,מארז קפה טורקי כתר 100X3 גרם,רוני רג'ואן ושות,IL,מארז טורקי כתר,גרמים,300.00,100 גרם,false,0,13.80,4.60,true,1,
7290001696002,false,"עוגיות כתר תות ק""ג",מאפ גדרון,IL,עוגיות כתר תות,קילוגרמים,0.00,"ק""ג",true,6,35.00,35.00,true,1,
7290001696057,false,מאפה צמה חלבה יח',מאפ גדרון,IL,מאפה צמה חלבה,יחידה,1.00,יחידה,false,50,6.90,6.90,true,1,
7290001696064,false,מאפה צמה טעם שוקולד יח',מאפ גדרון,IL,מאפה צמה טעם שוק,יחידה,1.00,יחידה,false,50,6.90,6.90,true,1,
7290001696088,false,מאפה צמה מלוח יח',מאפ גדרון,IL,מאפה צמה מלוח,יחידה,1.00,יחידה,false,80,6.90,6.90,true,1,
7290001710135,false,"סטייק עוף קפוא ארוז ק""ג",מעדני הטלה והעגל,IL,"סטייק עוף קפוא ארוז ק""ג",קילוגרמים,0.00,"ק""ג",true,0,32.00,32.00,true,1,
7290001710159,false,גולש עגל קפוא ארוז מ,לאטי עזרא גלם ודגים,IL,גולש עגל קפוא קג,קילוגרמים,0.00,"ק""ג",true,0,55.40,55.40,true,1,
7290001713853,false,אקונומיקה מבושמת 4 ליטר,קומפלקס כימיקלים בעמ,IL,אקונומיקה מבושמת,ליטרים,4.00,ליטר,false,0,9.90,2.48,true,1,
7290001723340,false,מוצץ סיל' אורטו' לילה -קצר340זוג,NX,DE,מוצץ סיליקון קצר,יחידה,1.00,יחידה,false,0,20.00,20.00,true,1,
7290001723364,false,מוצץ סיל' אורט' ידית קצר-זוג-מרכז.,NX,DE,מוצץ סיליקון זוג,יחידה,1.00,יחידה,false,0,20.00,20.00,true,1,
7290001727539,false,דלי 12 ליטר,המברשת רוחמה,IL,דלי 12 ליטר,יחידה,1.00,יחידה,false,0,13.30,13.30,true,1,
7290001780428,false,מאגדת גלידת לייט שוקולד נסטלה 6יח' 312ג',גלידות נסטלה )נגה גלידות,IL,גלידיאט שוקו+ 6יח'כשלפ,גרמים,360.00,100 גרם,false,0,29.90,8.31,true,1,
7290001791349,false,פיסגה אקונומיקה ריחנית סנו 4 ליטר,"סנו מפעלי ברונוס בע""מ",IL,אקונומיקה פיסגה,ליטרים,4.00,ליטר,false,0,10.00,2.50,true,1,
7290001791363,false,"מטהר אויר בניחוח וניל קוקוס מילוי סנו 250 מ""ל",סנו מפעלי ברונוס בעמ,IL,סנופרש אוטומטי,מיליליטרים,250.00,"100 מ""ל",false,0,16.90,6.76,true,1,
7290001813881,false,פתי בר בטעם חמאה 500 גרם,STRAUSS-ISRAEL,IL,פתי בר עלית,גרמים,500.00,100 גרם,false,0,9.90,1.98,true,1,
7290001814147,false,ממרח בטעם שוקולד פרה500ג,STRAUSS-ISRAEL,IL,ממרח בטעם שוקולד,גרמים,500.00,100 גרם,false,0,9.90,1.98,true,1,
7290001817063,false,סוכ.טופי מזל וברכות850גר,STRAUSS-ISRAEL,IL,טופי ברכות פירות,גרמים,850.00,100 גרם,false,0,15.10,1.78,true,1,
7290001817377,false,צ'יטוס חטיף איקס עיגול פיצה 60 גרם,"שטראוס פריטו ליי בע""\מ )",IL,צ'יטוס איקס,גרמים,60.00,100 גרם,false,0,3.50,5.83,true,1,
7290001817582,false,צ'יטוס כאפה 15*10 גרם,עלית,IL,מארז צ'יטוס כאפה,גרמים,150.00,100 גרם,false,0,9.90,6.60,true,1,
7290001865439,false,פמילי אל סבון נוזלי בניחוח וניל 1 ליטר,אף.סי תבליני בגליל ב,IL,סבון פמלי לבן +משאבה 1ל',ליטרים,1.00,ליטר,false,0,14.20,14.20,true,1,
7290001865453,false,פמילי לקשרי 1 ליטר לבנדר ארומטי+משאבה,מיוצר עי קונדיטוריית,IL,סבון נוזלי פמלי,ליטרים,1.00,ליטר,false,0,14.20,14.20,true,1,
7290001902103,false,לחם קמח מלא 510 גרם,"גידרון תעשיות בע""מ",IL,לחם קמח מלא,גרמים,510.00,100 גרם,false,0,11.90,2.33,true,1,
7290001902301,false,חלה מתוקה קלועה 450 גרם,"גידרון תעשיות בע""מ",IL,חלה מתוקה קלוע,יחידה,1.00,יחידה,false,0,10.90,10.90,true,1,
7290001902318,false,חלה מתוקה קלוע+צימוקקפוא,"גידרון תעשיות בע""מ",IL,חלה מתוקה קלוע,יחידה,1.00,יחידה,false,0,10.90,10.90,true,1,
7290001902325,false,חלה קלועה שופרסל,"גידרון תעשיות בע""מ",IL,"חלת ""גדרון""",יחידה,1.00,יחידה,false,0,10.90,10.90,true,1,
7290001902776,false,לחמנית עם דגנים קפוא,"גידרון תעשיות בע""מ",IL,לחמנית עם דגנים,יחידה,1.00,יחידה,false,0,4.50,4.50,true,1,
7290001929889,false,מגש פ.יבשים600גרם-שקדיה,דין שיווק וקלייה בעמ,IL,מגש פ.יבשים,גרמים,600.00,100 גרם,false,0,36.60,6.10,true,1,
7290001946404,false,שום כתוש 250 גרם,יוחאי ביטון,IL,שום כתוש,גרמים,250.00,100 גרם,false,0,14.10,5.64,true,1,
7290001975435,false,פריגת פאלפ אשכו.אדומה1.5,פריגת,IL,פריגת אשכולית,ליטרים,1.50,ליטר,false,0,6.50,4.33,true,1,
7290001985311,false,מאגדת מיני מגנום לבן+שקד,שטראוס,IL,מאגדת מיני מגנום לבן+שקד,גרמים,250.00,100 גרם,false,0,27.90,11.16,true,1,
7290001985953,false,קרחון לימון+אשכולית לייט,שטראוס,IL,קרחון לימון לייט,יחידה,1.00,יחידה,false,0,26.90,26.90,true,1,
7290001990094,false,"סוכר חום כהה צנצנת קלאסי סוגת 1ק""ג",האי נאם סי או אל.טי.,IL,"סוכר חום בצנצנת 1 ק""ג",קילוגרמים,1.00,"ק""ג",false,0,11.70,11.70,true,1,
7290001990148,false,"סוכר גולדן קלאסי בצנצנת סוגת 1 ק""ג",האי נאם סי או אל.טי.,IL,סוכר גולדן,קילוגרמים,1.00,"ק""ג",false,0,10.40,10.40,true,1,
7290001990261,false,"סוגת חומוס 1 ק""ג","סוגת תעשיות בע""\מ",IL,חומוס,קילוגרמים,1.00,"ק""ג",false,0,12.60,12.60,true,1,
7290001990278,false,"שעועית לבנה סוגת 1 ק""ג","סוגת תעשיות בע""\מ",IL,שעועית לבנה,קילוגרמים,1.00,"ק""ג",false,0,22.70,22.70,true,1,
7290001990391,false,אפונה יבשה 1קג סוגת,"סוגת תעשיות בע""\מ",IL,אפונה,קילוגרמים,1.00,"ק""ג",false,0,9.40,9.40,true,1,
7290001990407,false,"סוגת עדשים ירוקים 1 ק""ג","סוגת תעשיות בע""\מ",IL,עדשים ירוקות,קילוגרמים,1.00,"ק""ג",false,0,11.40,11.40,true,1,
7290001990414,false,"עדשים אדומות סוגת 1 ק""ג","סוגת תעשיות בע""\מ",IL,עדשים אדומות,קילוגרמים,1.00,"ק""ג",false,0,11.40,11.40,true,1,
7290001990421,false,"פופקורן גרעינים סוגת 1 ק""ג","סוגת תעשיות בע""\מ",IL,"פופקורן 1 ק""ג",קילוגרמים,1.00,"ק""ג",false,0,9.80,9.80,true,1,
7290002000136,false,מגע הדבש -שעווה להסרת שיער למיקרוגל 500 גרם,"ש. שוורץ )באר שבע( בע""\מ",IL,שעוות הדבש משי מיקרו500ג,גרמים,500.00,100 גרם,false,0,17.60,3.52,true,1,
7290002002857,false,"מגע הדבש, ניירות להסרת שיער בשעווה, 50 יחידות","איטיליאן פוד, אס.פי.",IL,נייר שעווה,יחידה,1.00,יחידה,false,0,16.80,16.80,true,1,
7290002007371,false,פירורי לחם הנמל 500 ג',הנמל,IL,פירורי לחם,גרמים,500.00,100 גרם,false,0,4.90,0.98,true,1,
7290002007500,false,קיסמי שיניים הנמל במבוק 500 יחידות,הנמל אריזות ושיווק בעמ,IL,קיסמי שיניים,יחידה,1.00,יחידה,false,0,3.00,3.00,true,1,
7290002008040,false,שיפודי במבוק הנמל 100 יחידות,"הנמל אריזות ושיווק בע""\מ",IL,מקלות לשיפודים,יחידה,1.00,יחידה,false,0,3.00,3.00,true,1,
7290002008187,false,קשים מתקפלים לשתיה הנמל 40 יחידות,יבוא ושיווק: הנמל אריזות,IL,קשים מתקפלים,יחידה,1.00,יחידה,false,0,0.90,0.90,true,1,
7290002008224,false,סוכריות לקישוט צבעונית הנמל 100 ג',ממתקי עלה בעמ,IL,סוכריות לקישוט,גרמים,100.00,100 גרם,false,0,5.70,5.70,true,1,
7290002008354,false,מפת שולחן פלסטיק 8 יחידו,"איטיליאן פוד, אס.פי.",IL,מפת שולחן פלסטיק,יחידה,1.00,יחידה,false,0,9.50,9.50,true,1,
7290002008934,false,סוכריות צבעוניות לקישוט לעוגה 200 גר,ממתקי עלה יצור שיווק,IL,סוכריות לקישוט 200 גרם,גרמים,200.00,100 גרם,false,0,7.80,3.90,true,1,
7290002008989,false,קישקשים קשים לשתיה 225יח הנמל,שיווק: הנמל אריזות ושיוו,IL,קישקשים בקופסא,יחידה,1.00,יחידה,false,0,5.90,5.90,true,1,
7290002013006,false,פסטרמה מקסיקנית במשקל,זוגלובק,IL,פסטרמה מקסיקנית,קילוגרמים,0.00,"ק""ג",true,0,79.00,79.00,true,1,
7290002013037,false,פסטרמה פרגית זוגלובק,זוגלובק,IL,פסטרמה פרגיות,קילוגרמים,0.00,"ק""ג",true,0,79.00,79.00,true,1,
7290002013884,false,פסטרמה תבור ללא משמר לקג,זוגלובק,IL,פסטרמה תבור,קילוגרמים,0.00,"ק""ג",true,1,89.00,89.00,true,1,
7290002013907,false,סלמי תה ללא חומר משמר לק,זוגלובק,IL,סלמי תה,קילוגרמים,0.00,"ק""ג",true,1,55.00,55.00,true,1,
7290002019114,false,רוטב עגבניות מרוכז מאד 28-30BX פריניר,פרי ניר,IL,תרכיז עגבניות,גרמים,580.00,100 גרם,false,0,6.10,1.05,true,1,
7290002019763,false,עגבניות מרוסקות פרי ניר 800 גרם,פרי ניר,IL,עגבניות מרוסקות,גרמים,800.00,100 גרם,false,0,5.00,0.63,true,1,
7290002019787,false,רוטב עגבניות מרוכז מאוד 260 גרם פריניר,פריניר ( הדס 1987) ב,IL,רסק עגבניות,גרמים,260.00,100 גרם,false,0,3.40,1.31,true,1,
7290002019794,false,רוטב עגבניות מרוכז מאוד 100 גרם פריניר,פריניר ( הדס 1987) ב,IL,רסק עגבניות,גרמים,100.00,100 גרם,false,0,1.90,1.90,true,1,
7290002020134,false,חלת בריוש,גידרון,IL,חלת בריוש פרווה,יחידה,1.00,יחידה,false,0,14.80,14.80,true,1,
7290002020219,false,פלטה שמרים פרג במשקל,גידרון,IL,פלטה שמרים פרג,קילוגרמים,0.00,"ק""ג",true,0,30.00,30.00,true,1,
7290002020455,false,חלת גידרון אפוי קפוא,"גידרון תעשיות בע""מ",IL,חלת גידרון,יחידה,1.00,יחידה,false,0,10.90,10.90,true,1,
7290002022046,false,כרמית מרשמלו ורוד לבן 180גרם,כרמית,IL,מרשמלו ורוד לבן,גרמים,180.00,100 גרם,false,0,7.80,4.33,true,1,
7290002026341,false,צ'יפס אריסטו רגיל שקיות רשת,מוצרי איכות אמריקאיים,IL,ציפס בטטה,גרמים,500.00,100 גרם,false,12,19.70,3.94,true,1,
7290002026358,false,צ'יפס אריסטו זיג זג שקיות רשת,מוצרי איכות אמריקאיים,IL,ציפס בטטה זיג זג,גרמים,500.00,100 גרם,false,1,19.70,3.94,true,1,
7290002026365,false,טבעות בצל אריסטו קראנץ' 500 גרם,מוצרי איכות אמריקאיים,IL,טבעות בצל,גרמים,500.00,100 גרם,false,20,14.80,2.96,true,1,
7290002026433,false,ופל בלגי קפוא ופל בלגי ק,מוצרי איכות אמריקאיים,IL,ופל בלגי קפוא,גרמים,220.00,100 גרם,false,0,15.30,6.95,true,1,
7290002026440,false,פרצלס בייגלה בראנץ אנד קראנץ 280 ג',מוצרי איכות אמריקאיים בע,IL,פרצלס קפוא 280גר,גרמים,280.00,100 גרם,false,0,15.30,5.46,true,1,
7290002040019,false,קוסקוס רגיל הנמל 350 גרם,"קוסקוס מזון בע""מ",IL,קוסקוס רגיל,גרמים,350.00,100 גרם,false,0,4.90,1.40,true,1,
7290002040064,false,קוסקוס דק הנמל 350 גרם,טרופיקל דגיל תעשיות,IL,קוסקוס דק,גרמים,350.00,100 גרם,false,0,4.90,1.40,true,1,
7290002040071,false,קוסקוס עבה שקית 350 גרם הנמל,"קוסקוס מזון בע""מ",IL,קוסקוס עבה,גרמים,350.00,100 גרם,false,0,4.90,1.40,true,1,
7290002040088,false,קוסקוס מלא הנמל 350 גרם,"קוסקוס מזון בע""מ",IL,קוסקוס מלא,גרמים,350.00,100 גרם,false,0,6.30,1.80,true,1,
7290002053361,false,נודלס איטריות ביצים400גר,אוריינט,IL,איטריות נודלס,גרמים,400.00,100 גרם,false,0,9.90,2.48,true,1,
7290002057031,false,זיתים מבוקעים פיקנטי קבוצת יבנה 340 גרם,קבוצת יבנה,IL,זית מבוקע בשמן,גרמים,540.00,100 גרם,false,0,7.70,1.43,true,1,
7290002057048,false,זית סורי מתובל בשמן קבוצת יבנה 560 גרם,קבוצת יבנה,IL,זית סורי מבוקע,גרמים,540.00,100 גרם,false,0,11.10,2.06,true,1,
7290002057062,false,זיתים מנזנילו ירוק בינוני קבוצת יבנה 340 גרם,קבוצת יבנה,IL,זית מנזנילו,גרמים,540.00,100 גרם,false,0,7.80,1.44,true,1,
7290002057093,false,זיתים מנזנילו גדול קבוצת יבנה 340 גרם,קבוצת יבנה,IL,זית מנזנילו יר,גרמים,540.00,100 גרם,false,0,8.20,1.52,true,1,
7290002057123,false,זיתים ירוקים מנזנילו קבוצת יבנה 560 גרם,קבוצת יבנה,IL,זית ללא גלעין,גרמים,540.00,100 גרם,false,0,8.50,1.57,true,1,
7290002057130,false,זיתים חרוזית קבוצת יבנה 650 גרם,קבוצת יבנה,IL,זית ללא גלעין,קילוגרמים,1.25,"ק""ג",false,0,20.70,16.56,true,1,
7290002057161,false,זיתים מרינט ביין גדול מאד קבוצת יבנה 340 גרם,קבוצת יבנה,IL,זית חתוך במרינד,גרמים,540.00,100 גרם,false,0,8.70,1.61,true,1,
7290002057185,false,טבעות זיתים ירוקים קבוצת יבנה 560 גרם,קבוצת יבנה,IL,טבעות זיתים,גרמים,540.00,100 גרם,false,0,8.90,1.65,true,1,
7290002057352,false,מלפפונים במלח ‏9‏-‏7‏ קבוצת יבנה 320 גרם,קבוצת יבנה מוצרי מזון,IL,מלפפון במלח 7-9,גרמים,540.00,100 גרם,false,0,5.90,1.09,true,1,
7290002057369,false,מלפפונים במלח ‏12‏-‏10‏ קבוצת יבנה 320 גרם,קבוצת יבנה,IL,מלפפונים במלח,גרמים,540.00,100 גרם,false,0,6.50,1.20,true,1,
7290002057376,false,מלפפונים במלח ‏17‏-‏13‏ קבוצת יבנה 320 גרם,קבוצת יבנה,IL,מלפפונים במלח,גרמים,540.00,100 גרם,false,0,8.80,1.63,true,1,
7290002057383,false,מלפפון יבנה במלח קטנים מאוד 18-25 320 גר יבנה,קבוצת יבנה,IL,מלפפונים במלח,גרמים,540.00,100 גרם,false,0,10.80,2.00,true,1,
7290002057475,false,מלפפונים בחומץ ‏17‏-‏13 קבוצת יבנה 290 גרם,קבוצת יבנה,IL,מלפפונים בחומץ,גרמים,540.00,100 גרם,false,0,8.80,1.63,true,1,
7290002057628,false,טבעות זיתים מושחר קבוצת יבנה 275 גרם,קבוצת יבנה,IL,טבעות זיתים מושחרים540גר,גרמים,540.00,100 גרם,false,0,9.80,1.81,true,1,
7290002065555,false,שישיית לחמנייה הכי רכה בהפסקה אנג'ל 450 גרם,מאפיית שלמה א. אנג'\ל בע,IL,לחמניות בשקית 6יח75X'גרם,גרמים,450.00,100 גרם,false,0,10.40,2.31,true,1,
7290002065616,false,לחם שיפון גרעינים פרוס אחדות 750 גרם,מאפיית שלמה א. אנג'\ל בע,IL,לחם שיפון גרעינים 750גרם,גרמים,750.00,100 גרם,false,0,10.90,1.45,true,1,
7290002065623,false,לחם שיפון של פעם כפרי פרוס אורנים 750 גרם,מאפיית שלמה א. אנג'\ל בע,IL,לחם שיפון כפרי 750 גרם,גרמים,750.00,100 גרם,false,0,10.90,1.45,true,1,
7290002107019,false,גב.צפתית מעודנת5% 250גרם,משק צוריאל תבור,IL,צפתית מעודנת5%,גרמים,250.00,100 גרם,false,0,12.90,5.16,true,1,
7290002107422,false,בולגרית גלילית 5% במשקל,משק צוריאל תבור,IL,בולגרית המשק 5% במשקל,קילוגרמים,0.00,"ק""ג",true,0,58.00,58.00,true,1,
7290002107491,false,גבינה לבנה מחלב עיזים למריחה 5% משק צוריאל 250 גרם,מחלבת משק צוריאל,IL,גבינת עיזים 5%,גרמים,250.00,100 גרם,false,0,14.80,5.92,true,1,
7290002107743,false,צפתית מעודנת5%משק צוריאל,מחלבת משק צוריאל,IL,צפתית מעודנת5%משק צוריאל,קילוגרמים,0.00,"ק""ג",true,0,56.00,56.00,true,1,
7290002107798,false,גבינה בולגרית מעודנת 5% משק צוריאל 250 גרם,מחלבת משק צוריאל,IL,גבינה בולגרית 5%,גרמים,250.00,100 גרם,false,0,16.90,6.76,true,1,
7290002109334,false,קציצות דג סלמון לבישול 0,דלידג - נטו,GB,קציצות דג,גרמים,750.00,100 גרם,false,0,30.60,4.08,true,1,
7290002109372,false,בורקס פילו אצבעות בולגרי 700 ג' שלושת האופים,שלושת האופים שגמור,IL,בורקס פילו גבינה בולגרית,גרמים,700.00,100 גרם,false,0,20.70,2.96,true,1,
7290002130567,false,דבש דבורים טהור פרחי בר יד מרדכי 350 גרם,מכוורת יד מרדכי שטראוס ב,IL,דבש טהור,גרמים,350.00,100 גרם,false,0,19.90,5.69,true,1,
7290002130574,false,דבש טהור מפרחי בר בזכוכית 500 ג' יד מרדכי,מכוורת יד מרדכי שטראוס ב,IL,דבש מפרחי בר יד מרדכי500,גרמים,500.00,100 גרם,false,0,24.70,4.94,true,1,
7290002130581,false,"דבש טהור מפרחי בר בזכוכית 1 ק""ג",מכוורת יד מרדכי שטראוס ב,IL,דבש טהור,קילוגרמים,1.00,"ק""ג",false,0,41.50,41.50,true,1,
7290002150251,false,רביולי בטטה 800 גרם,"אדריה בע""מ",IL,רביולי בטטה,גרמים,800.00,100 גרם,false,0,26.00,3.25,true,1,
7290002150336,false,"פלאפל אמיתי בד""צ 800",חמים וטעים,IL,פלאפל 800 גרם,גרמים,800.00,100 גרם,false,0,17.90,2.24,true,1,
7290002150404,false,סיגרים מרוקאים במילו,חמים וטעים,IL,"סיגר תפו""א 1קג",יחידה,1.00,יחידה,false,0,25.20,25.20,true,1,
7290002150527,false,"פסטל במילוי תפו""א",חמים וטעים,IL,"פסטל תפו""א 1קג",גרמים,1000.00,100 גרם,false,0,25.20,2.52,true,1,
7290002150671,false,קרפלך במילוי בשר 1 ק'ג,חמים וטעים,IL,קרפלך במילוי בשר 1 ק'ג,יחידה,1.00,יחידה,false,0,27.20,27.20,true,1,
7290002150695,false,קובה למרק במילוי בשר,חמים וטעים,IL,קובה למרק 1קג יח,גרמים,1000.00,100 גרם,false,0,31.20,3.12,true,1,
7290002153665,false,קמח מצה 200 גר,"אם החיטה בע""מ",IL,קמח מצה חמץ,גרמים,200.00,100 גרם,false,0,4.00,2.00,true,1,
7290002241225,false,רגל עגל פרוסה חלב מחיר ל,טיבון ויל - נטו,IL,רגל עגל פרוסה,קילוגרמים,0.00,"ק""ג",true,0,35.90,35.90,true,1,
7290002253006,false,שום כתוש דורות בצנצנת 200 גרם,עיצובים 2020 (3.8),IL,שום טרי כתוש,גרמים,200.00,100 גרם,false,0,12.90,6.45,true,1,
7290002253105,false,קוביות שום כתוש טרי דורות 80 גרם,עיצובים 2020 (3.8),IL,שום כתוש קפוא,גרמים,80.00,100 גרם,false,0,10.40,13.00,true,1,
7290002253150,false,קוביות בזיליקום קצוץ דורות 70 גרם,עיצובים 2020 (3.8),IL,בזיליקום קצוץ,גרמים,70.00,100 גרם,false,0,10.40,14.86,true,1,
7290002253167,false,דורות פטרוזיליה קצוצה 70 גרם,עיצובים 2020 (3.8),IL,פטרוזיליה מוקפאת,גרמים,70.00,100 גרם,false,0,9.90,14.14,true,1,
7290002253198,false,ג'ינג'ר טרי כתוש במגשית 70 ג' דורות,עיצובים 2020 (3.8),IL,גינג'ר כתוש קפוא,גרמים,70.00,100 גרם,false,0,9.90,14.14,true,1,
7290002253242,false,דורות רוטב סצ'ואן 160 גר,דורות,IL,דורות רוטב סצ'וא,גרמים,160.00,100 גרם,false,16,11.80,7.38,true,1,
7290002266037,false,לחם חי פרוס 500 גרם,מאפיית שלמה א. אנג'ל,IL,לחם חי פרוס 500 גרם,גרמים,500.00,100 גרם,false,0,11.80,2.36,true,1,
7290002304203,false,קונפיטורה ביתית תות לייט 600 גר,ענבי ציון,IL,קונפיטורה תות,גרמים,600.00,100 גרם,false,0,19.90,3.32,true,1,
7290002304210,false,קונפיטורה ביתית משמש לייט 600 גר,ענבי ציון,IL,קונפיטורה מישמש,גרמים,600.00,100 גרם,false,0,19.90,3.32,true,1,
7290002304241,false,קונפיטורה ביתית פירות יער לייט 600 גר,ענבי ציון,IL,קונפ.פירות יער,גרמים,600.00,100 גרם,false,0,19.90,3.32,true,1,
7290002304609,false,קונפיטורה ביתי ענבי ציון תות 600 גרם,ענבי ציון,IL,קונפ. תות שדה,גרמים,600.00,100 גרם,false,0,14.90,2.48,true,1,
7290002323198,false,ספרינג מיץ תפוחים 1.5 ל',יפאורה שותפות מובגלת לשיווק,IL,ספרינג תפוחים,ליטרים,1.50,ליטר,false,0,6.20,4.13,true,1,
7290002323204,false,ספרינג תפוחים לייט 1.5 ל,יפאורה שותפות מובגלת לשיווק,IL,ספרינג תפוח דיאט,ליטרים,1.50,ליטר,false,0,6.20,4.13,true,1,
7290002323815,false,משקה קל תפוזים קריסטל 2ל,יפאורה שותפות מובגלת לשיווק,IL,משקה קל תפוזים,ליטרים,2.00,ליטר,false,0,3.60,1.80,true,1,
7290002323839,false,משקה קל ענבים קריסטל 2ל',יפאורה שותפות מובגלת לשיווק,IL,משקה קל ענבים,ליטרים,2.00,ליטר,false,0,3.60,1.80,true,1,
7290002323846,false,קריסטל מיץ מנגו 2 לי,יפאורה שותפות מובגלת לשיווק,IL,קריסטל מנגו,ליטרים,2.00,ליטר,false,0,3.60,1.80,true,1,
7290002327028,false,ג'חנון תימני 3 האופים 650 גר',TLV צ'יף,IL,ג'חנון 650 גרם,גרמים,650.00,100 גרם,false,0,17.60,2.71,true,1,
7290002327042,false,"בורקס תפו""א 800 גר' שלושת האופים קהילות",שלושת האופים,IL,"בורקס תפו""א 800 גרם",גרמים,800.00,100 גרם,false,0,20.00,2.50,true,1,
7290002327066,false,קונכיות בצק למילוי 625 גרם שלושת האופים,שלושת האופים,IL,קונכיות למילוי,גרמים,625.00,100 גרם,false,0,25.10,4.02,true,1,
7290002327912,false,מיני בורקס גבינה 700 ג' שלושת האופים,שלושת האופים,IL,מיני בורקס גבינה,גרמים,700.00,100 גרם,false,0,25.10,3.59,true,1,
7290002327929,false,"מיני בורקס תפו""א 700 ג' שלושת האופים",TLV צ'יף,IL,מיני בורקס תפוא,גרמים,700.00,100 גרם,false,0,23.10,3.30,true,1,
7290002331117,false,נביעות+טעם ענבים 1.5ליטר,"נביעות טבע הגליל בע""\מ",IL,נביעות+ענבים,ליטרים,1.50,ליטר,false,0,7.30,4.87,true,1,
7290002331124,false,נביעות+ מים מינרליים בטעם תפוח,נביעות טבע הגליל בעמ,IL,נביעות תפוח,מיליליטרים,500.00,"100 מ""ל",false,0,5.70,1.14,true,1,
7290002331148,false,נביעות+טעם תפוח 1.5 ליטר,נביעות טבע הגליל בעמ,IL,נביעות+תפוח,ליטרים,1.50,ליטר,false,0,7.30,4.87,true,1,
7290002331179,false,נביעות+טעם אפרסק 1.5ליטר,"נביעות טבע הגליל בע""\מ ,",IL,נביעות+אפרסק,ליטרים,1.50,ליטר,false,0,7.30,4.87,true,1,
7290002331322,false,שישיית מים נביעות 1.5 ליטר,נביעות טבע הגליל בעמ,IL,מים נביעות 6 יח,ליטרים,9.00,ליטר,false,0,10.00,1.11,true,1,
7290002331360,false,"נביעות מים מינרליים טו גו מארז 500X6מ""ל",נביעות טבע,IL,נביעות ספורט 6יח,ליטרים,3.00,ליטר,false,0,11.90,3.97,true,1,
7290002331421,false,"שישיית מים מינרליים GO TO נביעות 755 מ""ל",נביעות טבע הגליל בעמ,IL,נביעות פקק טוגו,ליטרים,4.53,ליטר,false,0,17.50,3.86,true,1,
7290002331483,false,"שישיית נביעות אישי בייבי 320 מ""ל",נביעות טבע הגליל בעמ,IL,נביעות בייבי 6יח,ליטרים,1.92,ליטר,false,0,14.90,7.76,true,1,
7290002331490,false,מים מינרליים נביעות 1 ליטר,נביעות טבע הגליל בעמ,IL,מים נביעות,ליטרים,1.00,ליטר,false,0,3.30,3.30,true,1,
7290002331643,false,נביעות מוגז מארז 1.5X6 ל',נביעות טבע הגליל בעמ,IL,נביעות מוגז 1.5*6 ליטר,ליטרים,9.00,ליטר,false,0,11.90,1.32,true,1,
7290002332022,false,נביעות+משמש אננס 1.5ליטר,נביעות טבע,IL,נביעות+משמש אננס,ליטרים,1.50,ליטר,false,0,7.30,4.87,true,1,
7290002332251,false,פילה אמנון ישראלי קפוא ר,דגת הארץ,IL,פילה אמנון רמבו,קילוגרמים,0.00,"ק""ג",true,0,44.50,44.50,true,1,
7290002346050,false,משחת נעליים חומה,,TR,משחת נעליים חומה,מיליליטרים,50.00,"100 מ""ל",false,0,12.20,24.40,true,1,
7290002346074,false,קצף להברקת דברי כסף 150מ,דלו,DE,קצף להברקת דברי כסף 150מ,מיליליטרים,150.00,"100 מ""ל",false,0,31.20,20.80,true,1,
7290002346272,false,משחת נעליים שחור,,TR,משחת נעליים שחור,מיליליטרים,50.00,"100 מ""ל",false,0,7.10,14.20,true,1,
7290002348283,false,לפתן אפרסק חצאים ויל,הלניק ג'וס אינדוסטרי,GR,חצאי אפרסקים,גרמים,820.00,100 גרם,false,0,6.80,0.83,true,1,
7290002353324,false,אוראו עוגיות ממולאות,מונדלייז,ES,עוגיות אוראו,גרמים,176.00,100 גרם,false,0,8.90,5.06,true,1,
7290002360155,false,חליטת תה פרחי שומר פומפדור 20 שקיקים,TEEKANNE- POMPADOU,IL,חליטת שומר,גרמים,40.00,100 גרם,false,0,17.60,44.00,true,1,
7290002360278,false,חליטת צמחים פומפדור מנטה 20 יחידות,"איטיליאן פוד, אס.פי.",IL,חליטת מנטה,גרמים,45.00,100 גרם,false,0,17.60,39.11,true,1,
7290002363798,false,יין לקידוש עונג שבת750מל,הכורמים,IL,יין לקידוש עונג שבת750מל,מיליליטרים,750.00,"100 מ""ל",false,0,15.40,2.05,true,1,
7290002371403,false,טירת צבי מארז זוגות 600 ג',טיב טירת צבי 2000,IL,פסטרמה+נקניק,גרמים,600.00,100 גרם,false,0,28.40,4.73,true,1,
7290002371533,false,דקניקים סלסולי פסטרמה דבש טירת צבי 120 גרם,הנסיך- מפעל לייצור ט,IL,סלסולי פסטרמה,גרמים,120.00,100 גרם,false,0,15.30,12.75,true,1,
7290002371854,false,נקניקיות עוף חריפות טירת צבי 2 * 500 גרם,הנסיך- מפעל לייצור ט,IL,נקניקיות עוף,קילוגרמים,1.00,"ק""ג",false,0,31.10,31.10,true,1,
7290002374640,false,שמן בריאות קנולה פלוס אומגה 3 עץ הזית 1 ליטר,שמן תעשיות,IL,שמן קנולה פלוס אומגה3 1ל,ליטרים,1.00,ליטר,false,0,15.80,15.80,true,1,
7290002410348,false,"רוסטביף עגל ברשת קפוא ק""",מעדני הטלה,IL,"רוסטביף עגל ברשת קפוא ק""",קילוגרמים,0.00,"ק""ג",true,0,67.30,67.30,true,1,
7290002410874,false,רבעי פרגיות ממולאות קג,לאטי עזרא גלם ודגים,,רבעי פרגיות ממולאות קג,קילוגרמים,0.00,"ק""ג",true,0,49.50,49.50,true,1,
7290002439080,false,פיצה ביס 100%גבינה 700גר,נטו,IL,פיצה ביס 100%גבי,גרמים,700.00,100 גרם,false,8,26.70,3.81,true,1,
7290002439189,false,ג.צהובה מגורד27%עלמה500ג,מלקפול אלוורטוסקה,PL,גבינה עלמה מגורד,גרמים,500.00,100 גרם,false,1,19.50,3.90,true,1,
7290002439271,false,פורל נחלים נקי קפוא 650ג,דלידג - נטו,TR,פורל נחלים קפוא,גרמים,650.00,100 גרם,false,1,44.50,6.85,true,1,
7290002439400,false,פיצה ביס גבינה+זיתים 700,נטו,IL,פיצה ביס זיתים,גרמים,700.00,100 גרם,false,8,27.70,3.96,true,1,
7290002439417,false,זוג פיצה משפ.גבינה 700ג,נטו,IL,זוג פיצה משפחתית,גרמים,700.00,100 גרם,false,6,24.90,3.56,true,1,
7290002439424,false,מארז פיצה אישית100%גבינה,נטו,IL,פיצה אישית 100%,גרמים,800.00,100 גרם,false,6,26.70,3.34,true,1,
7290002439455,false,סירופ להכנת משקה תה750מ,בורג טאר אר.בא.וא,NL,סירופ להכנת משקה,מיליליטרים,750.00,"100 מ""ל",false,1,12.90,1.72,true,1,
7290002448921,false,מעדן לחתול,,IL,מעדן לחתול,גרמים,156.00,100 גרם,false,0,5.90,3.78,true,1,
7290002472186,false,עוגת מאפין שוקו צ'יפס550,"גידרון תעשיות בע""מ",IL,עוגת מאפין שוק,יחידה,1.00,יחידה,false,0,20.90,20.90,true,1,
7290002472247,false,מאפין אינגליש קייק 550גר,גידרון,IL,מאפין אינגליש,יחידה,1.00,יחידה,false,0,20.90,20.90,true,1,
7290002472254,false,עוגת מאפין אגוזים 550גרם,"גידרון תעשיות בע""מ",IL,מאפין אגוזים,יחידה,1.00,יחידה,false,0,20.90,20.90,true,1,
7290002472841,false,עוגת סבתא שוקולד 850 גרם,"גידרון תעשיות בע""מ",IL,עוגת סבתא שוקו,יחידה,1.00,יחידה,false,0,23.70,23.70,true,1,
7290002479109,false,"דבש פרחי בר עמק חפר 1 ק""ג",מכוורת עמק חפר,IL,דבש מפרחי בר,גרמים,1000.00,100 גרם,false,0,41.20,4.12,true,1,
7290002479352,false,דבש טהור מפרחי בר עמק חפר 350 גרם,מכוורת עמק חפר,IL,דבש מפרחי בר,גרמים,350.00,100 גרם,false,0,17.10,4.89,true,1,
7290002479925,false,דבש מפרחי הדרים לחיץ 350 גרם,מכוורת עמק חפר,IL,דבש לחיץ,גרמים,350.00,100 גרם,false,0,21.90,6.26,true,1,
7290002485094,false,קישוא+אגוזי מלך אהרונ250,סלטי שמיר,IL,סלט קישוא+אגוזים,גרמים,250.00,100 גרם,false,0,13.80,5.52,true,1,
7290002485148,false,חציל קוביות+טחינה אהרוני,סלטי שמיר,IL,סלט חציל בטחינה,גרמים,280.00,100 גרם,false,0,13.80,4.93,true,1,
7290002485339,false,אבוקדו +ביצים אהרוני250ג,סלטי שמיר,IL,סלט אבוקדו+ביצים,גרמים,250.00,100 גרם,false,0,17.70,7.08,true,1,
7290002485346,false,סלט ביצים אהרוני 250 גרם,סלטי שמיר,IL,סלט ביצים,גרמים,250.00,100 גרם,false,0,17.70,7.08,true,1,
7290002485445,false,טונה עם ירקות אהרוני250ג,סלטי שמיר,IL,סלט טונה+ירקות,גרמים,250.00,100 גרם,false,0,17.70,7.08,true,1,
7290002487425,false,עוג.אוראו שוקולד חלב176ג,מונדלייז,ES,עוגיות אוראו,גרמים,176.00,100 גרם,false,0,8.90,5.06,true,1,
7290002487739,false,עוג.אוראו פאדג שוק.חל246,מונדלייז,ES,עוגיות אוראו,גרמים,246.00,100 גרם,false,0,14.90,6.06,true,1,
7290002487746,false,עוג.אוראו פאדג שוק.לב246,מונדלייז,ES,עוגיות אוראו,גרמים,246.00,100 גרם,false,0,14.90,6.06,true,1,
7290002515333,false,"ד""ר פישר - קמיל בלו סנסיטיב אל סבון עדין לתינוק 500 מ""ל",פישר מעבדות פרמצבטיות בע,IL,אלסבון קמיל בלו,מיליליטרים,500.00,"100 מ""ל",false,0,14.90,2.98,true,1,
7290002515371,false,"קמיל בלו אל סבון לתינוקות ד""ר פישר 1 ליטר",פישר מעבדות פרמצבטיות בע,IL,קמיל בלו לתינוק,ליטרים,1.00,ליטר,false,0,15.00,15.00,true,1,
7290002517269,false,"פלפל שחור שלם 350 גרם ""טעם וריח""",תבליני טעם וריח,IL,פלפל שחור שלם,גרמים,35.00,100 גרם,false,0,10.80,30.86,true,1,
7290002517276,false,פלפל אנגלי שלם 25 גר' טעם וריח,תות ממתקי איכות,IL,פלפל אנגלי שלם,גרמים,25.00,100 גרם,false,0,8.80,35.20,true,1,
7290002517283,false,תבלין פלפל שחור גרוס 40 גר' מיכל,תות ממתקי איכות,IL,פלפל שחור,גרמים,40.00,100 גרם,false,0,10.80,27.00,true,1,
7290002517337,false,אורגנו עלים 20 גר' טעם וריח,"תבליני טעם וריח בע""מ",IL,אורגנו עלים,גרמים,20.00,100 גרם,false,0,6.80,34.00,true,1,
7290002517573,false,תערובת תיבול לבשר- 80 גרם,תבליני טעם וריח,IL,תיבול לבשר,גרמים,80.00,100 גרם,false,0,10.70,13.38,true,1,
7290002517580,false,"תערובת תיבול לעוף 80 גרם ""טעם וריח""",תבליני טעם וריח,IL,תיבול לעוף,גרמים,80.00,100 גרם,false,0,10.70,13.38,true,1,
7290002517733,false,תבלין קצח טעם וריח 4,תבליני טעם וריח,IL,קצח,גרמים,40.00,100 גרם,false,0,6.80,17.00,true,1,
7290002517818,false,הל טחון מיכל קטן,תבליני טעם וריח,IL,הל טחון,גרמים,30.00,100 גרם,false,0,12.80,42.67,true,1,
7290002542506,false,"בקבוק בירה קורונה 355 מ""ל",קריניציה ויטמינה אס,MX,בירה קורונה,מיליליטרים,355.00,"100 מ""ל",false,0,10.80,3.04,true,1,
7290002543121,false,קלוגס אול בראן פלקס עם צימוקים 500 גרם,קלוג'ס,GB,קלוגס סולטנה,גרמים,500.00,100 גרם,false,0,23.70,4.74,true,1,
7290002543237,false,דגני בוקר קלוגס קורנפלקס 750 גרם,קלוגס קומפני אוף גרייט ב,GB,קורנפלקס קלוגס,גרמים,750.00,100 גרם,false,0,16.90,2.25,true,1,
7290002543381,false,קלוג'ס ספיישל K 375 גרם,קלוג'ס,GB,קלוג'ס ספיישל,גרמים,375.00,100 גרם,false,0,22.70,6.05,true,1,
7290002551003,false,סטארקיסט טונה בשמן בודד 160ג',סטאר קיסט,IL,טונה סטארקיסט,גרמים,160.00,100 גרם,false,0,6.50,4.06,true,1,
7290002651116,false,גחנון חמסי ארוז 1 קג,מאפיית אריאל,IL,ג'חנון חמסי,גרמים,1000.00,100 גרם,false,0,14.80,1.48,true,1,
7290002651123,false,מלאווח חמסי ארוז 1 ק,מאפיית אריאל,IL,מלווח חמסי,גרמים,1000.00,100 גרם,false,0,14.80,1.48,true,1,
7290002657866,false,"פילה אמנון""דלידג מהדרין",גואנדונג יוג'יה סיפו,IL,פילה אמנון,קילוגרמים,0.00,"ק""ג",true,0,39.90,39.90,true,1,
7290002661115,false,לחם שיפון הולנדי 1.2 מהדרין,מאפית י את א ברמן בע,IL,"לחם הולנדי 1.200 ק""ג",קילוגרמים,1.20,"ק""ג",false,0,16.50,13.75,true,1,
7290002661153,false,"לחם דני קל ברמן 1 ק""",מאפית י את א ברמן בע,IL,"לחם דני קל 1 ק""ג",גרמים,1000.00,100 גרם,false,0,16.50,1.65,true,1,
7290002661177,false,לחם כנעני 750גר ברמן,מאפית י את א ברמן בע,IL,לחם כנעני 750 גרם,גרמים,750.00,100 גרם,false,0,10.00,1.33,true,1,
7290002661214,false,ברמן לחם גליל קל מהדרין 750 גרם,מאפית י את א ברמן בע,IL,לחם גלילי קל 750 גרם,גרמים,750.00,100 גרם,false,0,10.00,1.33,true,1,
7290002663522,false,תפוזינה משקה קל תפוז1.5ל,יפאורה שותפות מובגלת לשיווק,IL,תפוזינה תפוזים,ליטרים,1.50,ליטר,false,0,5.90,3.93,true,1,
7290002663539,false,תפוזינה אשכוליות 1.5ליטר,יפאורה שותפות מובגלת לשיווק,IL,תפוזינה אשכוליות,ליטרים,1.50,ליטר,false,0,5.90,3.93,true,1,
7290002663805,false,משקה שוופס מי טוניק,יפאורה שותפות מובגלת לשיווק,IL,שוופס מי טוניק,ליטרים,1.50,ליטר,false,0,7.90,5.27,true,1,
7290002663812,false,שוופס ג'ינג'ר 1.5 ליטר,יפאורה שותפות מובגלת לשיווק,IL,שוופס ג'ינג'ר,ליטרים,1.50,ליטר,false,0,7.90,5.27,true,1,
7290002663829,false,שוופס ביטר לימון 1.5ליטר,יפאורה שותפות מובגלת לשיווק,IL,שוופס ביטר לימון,ליטרים,1.50,ליטר,false,0,7.90,5.27,true,1,
7290002692393,false,שמן קנולה מזוכך מועשר עץ הזית 1 ליטר,שמן תעשיות בעמ,IL,שמן קנולה מועשר,ליטרים,1.00,ליטר,false,0,13.80,13.80,true,1,
7290002692478,false,"שמן זית כתית מעולה קלאסי מעודן 750 מ""ל עץ הזית","מרקאולאו, ספרד.אבסה,",IL,שמן זית מעודן,מיליליטרים,750.00,"100 מ""ל",false,0,33.90,4.52,true,1,
7290002692553,false,שמן זיתולה עשיר באומ,שמן תעשיות,IL,זיתולה עץ הזית,מיליליטרים,750.00,"100 מ""ל",false,0,12.90,1.72,true,1,
7290002692768,false,"תרסיס שמן קנולה מזוכך ללא תוספת גז עץ הזית 200 מ""ל",טרנסומס פוד איי בי,US,תרסיס שמן קנולה,מיליליטרים,200.00,"100 מ""ל",false,0,14.90,7.45,true,1,
7290002706731,false,דלידג רצועות פילה הנסיכה קפוא 100%,דלידג ק.מלאכי,IL,"רצועות פילה נילוס בעל""ז",קילוגרמים,0.00,"ק""ג",true,0,54.90,54.90,true,1,
7290002706915,false,"פילה נסיכת הנילוס קפוא עד""ח",דלידג - נטו,IL,פילה נסיכת נילוס,קילוגרמים,0.00,"ק""ג",true,0,39.90,39.90,true,1,
7290002715375,false,קבב יווני טיבון ויל 400 גרם,טיבון ויל אחזקות בעמ,IL,קבב יווני,גרמים,400.00,100 גרם,false,0,19.70,4.93,true,1,
7290002715504,false,ארוחת נודלס בטעם עוף מג'יק 70 גרם,טאט הוי פוד בעמ,,מג'יק נודלס,גרמים,70.00,100 גרם,false,0,4.50,6.43,true,1,
7290002730262,false,"נוזל לניקוי כלים קלאסי פלמוליב 750 מ""ל",יבואן ומשווק: ש. שסט,GR,פלמוליב לכלים,מיליליטרים,750.00,"100 מ""ל",false,0,9.70,1.29,true,1,
7290002730675,false,"קולגייט משחת שיניים אדומה משפחתי 100 מ""ל",קולגייט-פלמוליב,PL,"משחת קולגייט אדום 100מ""ל",מיליליטרים,100.00,"100 מ""ל",false,0,9.50,9.50,true,1,
7290002730910,false,סב.פלמוליב פרי הדר 90*4ג,קולגייט פלמוליב,TR,סבון פלמוליב 4יח,גרמים,400.00,100 גרם,false,0,16.80,4.20,true,1,
7290002730927,false,סב.פלמוליב חלב ודבש100*4,קולגייט-פלמוליב,TR,סבון פלמוליב 4יח,גרמים,400.00,100 גרם,false,0,16.80,4.20,true,1,
7290002730941,false,כדורי צמר גפן בלונס 100 יחידות,הנסיך- מפעל לייצור ט,GR,צמר גפן פרוס,גרמים,100.00,100 גרם,false,0,5.90,5.90,true,1,
7290002730958,false,סבון מוצק בניחוח זיתים ואלוורה פלמוליב 4*100 גרם,הנסיך- מפעל לייצור ט,TR,סבון פלמוליב 4יח,גרמים,400.00,100 גרם,false,0,16.80,4.20,true,1,
7290002731467,false,פיצה דקה עגולה תפ' יח,שלושת האופים,IL,פיצה דקה עגולה תפ' יח,יחידה,1.00,יחידה,false,0,2.50,2.50,true,1,
7290002731474,false,פיצה דקה משולש תפ' יח,שלושת האופים,IL,פיצה דקה משולש תפ' יח,יחידה,1.00,יחידה,false,0,2.50,2.50,true,1,
7290002741077,false,כריות צוקולדה 750 גרם,"יוניליוור ישראל מזון בע""",IL,כריות צוקולדה,גרמים,750.00,100 גרם,false,0,19.90,2.65,true,1,
7290002752349,false,סוכריות מנטוס מנטה 40יח' בגליל 38ג',פרפטי ואן מלה,NL,סוכריות מנטוס,גרמים,37.00,100 גרם,false,0,3.30,8.92,true,1,
7290002752493,false,רביעיה סוכריות מנטה 4* 16 ג' טיק טק,פררו - אלבה,EC,סוכריות טיק טק,גרמים,64.00,100 גרם,false,0,10.90,17.03,true,1,
7290002753223,false,רביעייה סוכריות תפוז 4*16 ג' טיק טק,פררו - אלבה,EC,סוכריות טיק טק,גרמים,64.00,100 גרם,false,0,10.90,17.03,true,1,
7290002757139,false,מלאווח תימני מקורי 3 האופים 700 גר',שלושת האופים,IL,מלווח 700 גרם,גרמים,700.00,100 גרם,false,0,13.80,1.97,true,1,
7290002757146,false,"קובה חמוסטה למרק שלושת האופים 1 ק""ג","שלושת האופים בע""\מ",IL,קובה חמוסטה,גרמים,1000.00,100 גרם,false,0,24.90,2.49,true,1,
7290002757535,false,בורקס פילו אצבעות גבינה שלושת האופים 700 גרם,שלושת האופים שגמור,IL,בור.פילו אצבעות גב700.גר,גרמים,700.00,100 גרם,false,0,20.70,2.96,true,1,
7290002757689,false,אמפנדס במילוי בשר 1,שלושת האופים,IL,אמפנדס 1קג,יחידה,1.00,יחידה,false,0,29.00,29.00,true,1,
7290002759126,false,מארז 10יח מיני פיתהאסלית,מעיין תעשיות מאפה,IL,מיני פיתה 10 יח',גרמים,500.00,100 גרם,false,0,9.90,1.98,true,1,
7290002766056,false,עגבניות שרי לב אדום יח',רון שרי,IL,שרי לב אדום,יחידה,1.00,יחידה,false,1,8.90,8.90,true,1,
7290002768043,false,"תיאדנט מי-פה ענק פלאוריד 150 מ""ל",אמיליה קוסמטיקס בע'\'\מ,IL,מי פה תיאדנט,מיליליטרים,150.00,"100 מ""ל",false,0,13.90,9.27,true,1,
7290002768074,false,אל סבון נוזלי רגיל דרמפון 1 ליטר,"אמיליה קוסמטיקס בע""מ",IL,דרמפון אל סבון,ליטרים,1.00,ליטר,false,0,16.90,16.90,true,1,
7290002768159,false,"קצף אמבט בת אורן קרליין 500 מ""ל","אמיליה קוסמטיקס בע""מ",IL,סבון אמבט בת אור,מיליליטרים,500.00,"100 מ""ל",false,0,18.60,3.72,true,1,
7290002775010,false,מיני בורקס פילו גבינה שלושת האופים מהדרין 650 ג',שלושת האופים שגמור,IL,מיני בורקס פילו,גרמים,650.00,100 גרם,false,0,20.70,3.18,true,1,
7290002787204,false,טונה בשמן קנולה 140*3גרם,,IL,טונה בשמן קנולה 140*3גרם,גרמים,420.00,100 גרם,false,0,16.80,4.00,true,1,
7290002787464,false,פילה ברבוניה מגש 400,דלידג - נטו,IL,פילה ברבוניה,גרמים,400.00,100 גרם,false,1,24.70,6.18,true,1,
7290002787709,false,גבינת אדם עלמה 150 גרם,מלקפול,PL,גבינת אדם עלמה,גרמים,150.00,100 גרם,false,1,6.50,4.33,true,1,
7290002787754,false,קציצות דג וכרישה 500 גרם,דלידג - נטו,IL,קציצות דג כרישה,גרמים,500.00,100 גרם,false,1,34.60,6.92,true,1,
7290002787822,false,גב.גאודה עלמה פרוסה 400ג,מלקפול,PL,גבינת גאודה,גרמים,400.00,100 גרם,false,1,15.50,3.88,true,1,
7290002787884,false,"מקלות פילו תפו""א 600 גרם שלושת האופים",שגמור,IL,מקלות בורקס פילו,גרמים,600.00,100 גרם,false,10,20.70,3.45,true,1,
7290002787891,false,מקלות פילו תרד 600 גרם שלושת האופים,שגמור,IL,מקלות בורקס פילו,גרמים,600.00,100 גרם,false,10,20.70,3.45,true,1,
7290002812522,false,סיגריות פרלמנט (חפיס,פיליפ מוריס,,פרלמנט ארוך יח,יחידה,1.00,יחידה,false,0,36.00,36.00,false,1,
7290002814023,false,"אסלונית לניקוי אסלות סנט מוריץ 800 מ""ל",קומפלקס כימיקלים בעמ,IL,אסלונית,מיליליטרים,750.00,"100 מ""ל",false,0,7.80,1.04,true,1,
7290002814047,false,אקונומיקה קצף ניקוי750מ,קומפלקס כימיקלים,IL,אקונומיקה קצף,מיליליטרים,750.00,"100 מ""ל",false,1,10.80,1.44,true,1,
7290002814078,false,סנט מוריץ נוזל לניקוי אמבט אנטרטיק 1ל',"קומפלקס כימיקלים בע""",IL,אנטרטיק לאמבט,ליטרים,1.00,ליטר,false,0,9.30,9.30,true,1,
7290002814214,false,קצף ניקוי כלים סינטריים סנט מוריץ 750מל,קומפלקס כימיקלים,IL,קצף ניקוי,מיליליטרים,750.00,"100 מ""ל",false,0,10.30,1.37,true,1,
7290002814412,false,סנט מוריץ נוזל כלים 1.6 ליטר לימון ליים 18%,קומפלקס כימיקלים בעמ,IL,שמפו לכלים,ליטרים,1.50,ליטר,false,0,10.00,6.67,true,1,
7290002814928,false,סיגריות פרלמנט (חפיס,פיליפ מוריס,IL,פרלמנט קצר בודד,יחידה,1.00,יחידה,false,0,36.00,36.00,false,1,
7290002824183,false,"גבינה לבנה סקי 500 גרם 5% ""שטראוס"" -מוצר בפיקוח",מיוצר עי קונדיטוריית,IL,גבינת סקי 5%,גרמים,500.00,100 גרם,false,0,9.20,1.84,true,1,
7290002824466,false,יוגורט דנונה ביו לבן 0% שומן 200 גרם,"שטראוס בריאות בע""\מ",IL,יוגורט ביו 0%,גרמים,200.00,100 גרם,false,0,3.60,1.80,true,1,
7290002824640,false,"גבינת סקי 250 גרם 5% ""שטראוס"" -מוצר בפיקוח",מיוצר עי קונדיטוריית,IL,גבינת סקי 5%,גרמים,250.00,100 גרם,false,0,4.60,1.84,true,1,
7290002825722,false,סלט כרוב אדום אחלה 500 גרם,מיוצר עי קונדיטוריית,IL,סלט כרוב אחלה,גרמים,500.00,100 גרם,false,0,13.80,2.76,true,1,
7290002830207,false,גפילטע פיש בצנצנת 520גרם,דלידג,IL,גפילטע פיש,גרמים,520.00,100 גרם,false,0,13.90,2.67,true,1,
7290002833525,false,מרלבורו רד קצר בוקס חפ.,פיליפ מוריס,,מרלבורו רד חפיסה,יחידה,1.00,יחידה,false,0,33.50,33.50,false,1,
7290002852724,false,ל.מ. בלו לייבל קצר,פיליפ מוריס,US,ל.מ. בלו לייבל,יחידה,1.00,יחידה,false,0,31.50,31.50,false,1,
7290002862031,false,אריסה 250מתובלת הררית,"הררית מזון בע""מ",,אריסה חריפה,גרמים,250.00,100 גרם,false,0,12.00,4.80,true,1,
7290002862369,false,עמבה בצנצנת,,IL,עמבה בצנצנת,גרמים,260.00,100 גרם,false,0,11.90,4.58,true,1,
7290002868996,false,"קוטג' 5% שומן, רכיבים טבעיים, 250 גרם",קריות זול,IL,קוטג' 5% מועשר,גרמים,250.00,100 גרם,false,0,5.20,2.08,true,1,
7290002871248,false,"בירה טובורג רד בקבוק 500 מ""ל חוזר",מבשלות בירה בינלאומיות ב,IL,בירה טובורג רד,מיליליטרים,500.00,"100 מ""ל",false,0,8.40,1.68,true,1,
7290002871361,false,"בירה קרלסברג בקבוק 500 מ""ל חוזר",מבשלות בירה בינלאומיות ב,IL,בירה קרלסברג,מיליליטרים,500.00,"100 מ""ל",false,0,8.40,1.68,true,1,
7290002871446,false,פריגת 1.5 ליטר ענבים,מבשלות בירה בינלאומיות ב,IL,פריגת ענבים,ליטרים,1.50,ליטר,false,0,6.50,4.33,true,1,
7290002871460,false,משקה קל תפוזים פריגת,מבשלות בירה בינלאומיות ב,IL,פריגת תפוזים,ליטרים,1.50,ליטר,false,0,6.50,4.33,true,1,
7290002871477,false,פריגת אשכוליות 1.5 ליטר,מבשלות בירה בינלאומיות ב,IL,פריגת אשכוליות,ליטרים,1.50,ליטר,false,0,6.50,4.33,true,1,
7290002871484,false,דיאט פריגת תפוזים 1.5 ל',מבשלות בירה בינלאומיות ב,IL,פריגת דיאט תפוז,ליטרים,1.50,ליטר,false,0,6.50,4.33,true,1,
7290002871491,false,דיאט פריגת אשכוליות1.5ל,מבשלות בירה בינלאומיות ב,IL,פריגת דיאט אשכול,ליטרים,1.50,ליטר,false,0,6.50,4.33,true,1,
7290002874629,false,פרלמנט ארוך RCB בלו חפ,פיליפ מוריס,,פרלמנט ארוך יח,יחידה,1.00,יחידה,false,0,36.00,36.00,false,1,
7290002881216,false,רסק תפוחי עץ לא ממותק תומר 700 גרם,KONSERVENFABRIEK BALTUSSEN,NL,"רסק תפו""ע דיאט",גרמים,700.00,100 גרם,false,0,10.00,1.43,true,1,
7290002881920,false,מרלבורו גולד ארוך בוקס ח,פיליפ מוריס,IL,מרלבורו גולד,יחידה,1.00,יחידה,false,0,33.50,33.50,false,1,
7290002886925,false,מרלבורו גולד קצר בוקס,פיליפ מוריס,US,מרלבורו גולד קצר,יחידה,1.00,יחידה,false,0,33.50,33.50,false,1,
7290002900566,false,פסטרמה ברביקיו דל שומן טירת צבי 400 גרם,הנסיך- מפעל לייצור ט,IL,פסטרמה ברביקיו,גרמים,360.00,100 גרם,false,0,29.90,8.31,true,1,
7290002909415,false,"פילה סול ארוז ק""ג",בלדי,IL,פילה סול ארוז,קילוגרמים,0.00,"ק""ג",true,1,22.90,22.90,true,1,
7290002923466,false,"בקר טחון טיבון ויל 1 ק""ג",טיבון ויל אחזקות בעמ,IL,בקר טחון קפוא,גרמים,1000.00,100 גרם,false,0,39.60,3.96,true,1,
7290002929512,false,שלושת האופים פלאפל 5,האי נאם סי או אל.טי.,IL,פלאפל 500 גרם,גרמים,500.00,100 גרם,false,0,13.80,2.76,true,1,
7290002929543,false,קובה לחמין פטפונייה 600,שלושת האופים,IL,קובה לחמין פטפונ,גרמים,600.00,100 גרם,false,0,16.80,2.80,true,1,
7290002929642,false,רביעיית טונה בשמן ויליגר 140 גרם,דיאמנט פוד פרודקט קו,IL,טונה בשמן 4 יח,גרמים,560.00,100 גרם,false,0,17.90,3.20,true,1,
7290002946700,false,"מדליק פחמים נוזלי הנמל 200מ""ל","ויק ליין תעשיות בע""מ",IL,מצית פחם נוזלי,מיליליטרים,200.00,"100 מ""ל",false,0,9.90,4.95,true,1,
7290002987963,false,"סלט חומוס אחלה 1 ק""ג",מיוצר עי קונדיטוריית,IL,"חומוס אחלה 1 ק""ג",קילוגרמים,1.00,"ק""ג",false,0,13.90,13.90,true,1,
7290003009145,false,"סירופ ענבים פריגת 750מ""ל",פריגת,IL,סירופ ענבים,מיליליטרים,750.00,"100 מ""ל",false,0,11.90,1.59,true,1,
7290003009183,false,"סירופ דיאט תפוחים בקבוק 750 מ""ל",סירופ - גבעת חיים,IL,סירופ תפוחים,מיליליטרים,750.00,"100 מ""ל",false,0,17.00,2.27,true,1,
7290003009572,false,סירופ תפוזים פריגת 1.5ל',סירופ - גבעת חיים,IL,סירופ תפוזים,ליטרים,1.50,ליטר,false,0,19.70,13.13,true,1,
7290003009619,false,סירופ ענבים פריגת 1.5 ל',סירופ - גבעת חיים,IL,סירופ ענבים,ליטרים,1.50,ליטר,false,0,19.70,13.13,true,1,
7290003009626,false,סירופ פטל פריגת 1.5 ליטר,סירופ - גבעת חיים,IL,סירופ פטל,ליטרים,1.50,ליטר,false,0,19.70,13.13,true,1,
7290003009633,false,סירופ לימונים פריגת 1.5ל,סירופ - גבעת חיים,IL,סירופ לימונים,ליטרים,1.50,ליטר,false,0,19.70,13.13,true,1,
7290003015467,false,תחליב רחצה בייבי כיף 1ל,טרופיקל דגיל תעשיות,IL,תחליב רחצה בייבי,ליטרים,1.00,ליטר,false,0,19.70,19.70,true,1,
7290003015474,false,מגבונ.עבים בייבי כיף72*4,מיוצר עי טרופיקל דגי,IL,מגבוני בייבי כיף,יחידה,1.00,יחידה,false,0,17.90,17.90,true,1,
7290003015627,false,"נוזל רצפות אפרסק 2 ליטר ""ריצפז פרש""","סנו מפעלי ברונוס בע""",IL,ריצפז פרש,ליטרים,2.00,ליטר,false,0,15.00,7.50,true,1,
7290003015634,false,"נוזל רצפות פסיפלורה 2 ליטר ""ריצפז פרש""",סנו ריצפז,IL,ריצפז פרש,ליטרים,2.00,ליטר,false,0,15.00,7.50,true,1,
7290003023165,false,שוקו יטבתה בכד פלסטי,מחלבת יטבתה,IL,שוקו בכד יטבתה,ליטרים,2.00,ליטר,false,0,19.90,9.95,true,1,
7290003026036,false,"ד""ר פישר - קמיל בלו סנסיטיב אל סבון עדין לתינוק 1 ליטר",פישר מעבדות פרמצבטיות בע,IL,קמיל בלו סנסיטיב ורוד 1ל,ליטרים,1.00,ליטר,false,0,20.00,20.00,true,1,
7290003029181,false,משקה יטבתה שוקו' בקבוק 1ל מהדרין,שטראוס גרופ,IL,שוקו יטבתה,ליטרים,1.00,ליטר,false,0,11.80,11.80,true,1,
7290003029433,false,"משקה יטבתה שוקו פקק 250 מ""ל מהדרין",מחלבת יטבתה,IL,שוקו יטבתה,מיליליטרים,250.00,"100 מ""ל",false,0,5.30,2.12,true,1,
7290003029617,false,יטבתה שמנת מנה אישית 15% 125מל,מחלבת יטבתה,IL,שמנת מנה אישית,מיליליטרים,100.00,"100 מ""ל",false,0,1.90,1.90,true,1,
7290003029792,false,"משקה יטבתה שוקו שקיות מהדרין מארז 225X8מ""ל",מחלבת יטבתה,IL,שקיות שוקו 8 יח',ליטרים,1.80,ליטר,false,0,18.90,10.50,true,1,
7290003029815,false,כד חלב 3% יטבתה 2 ליטר מהדרין,שטראוס גרופ,IL,חלב מועשר יטבתה,ליטרים,2.00,ליטר,false,0,15.00,7.50,true,1,
7290003031702,false,"נקניקיות הודו מחפוד וואקום 1 ק""ג טירת צבי",טיב טירת צבי 2000,IL,נקניקיות הודו,קילוגרמים,1.00,"ק""ג",false,0,26.90,26.90,true,1,
7290003031740,false,טירתצבי פסטרמה בדבש קופ. מחפוד 400ג,טיב טירת צבי 2000,IL,פסטרמה הודו בדבש,גרמים,400.00,100 גרם,false,0,31.40,7.85,true,1,
7290003047635,false,ליפטון ילו לייבל25שק1.5*,יוניליוור,IN,תה ילו לייבל,גרמים,37.00,100 גרם,false,0,7.50,20.27,true,1,
7290003047642,false,תה שחור יילו לייבל 100*1.5 ג' שקיק ליפטון,"יונילוור רוסייה בע""מ",IN,תה ילו לייבל,גרמים,150.00,100 גרם,false,0,11.90,7.93,true,1,
7290003054657,false,חרדל ריין דיז'ון אקסטרה פורטה 370 גרם,מרום את קונפינו,FR,חרדל דיז'ון,גרמים,370.00,100 גרם,false,0,11.60,3.14,true,1,
7290003069583,false,סטייק סלמון פרוס נורווגי,דלידג - נטו,XX,סטייק סלמון,קילוגרמים,0.00,"ק""ג",true,0,49.50,49.50,true,1,
7290003069682,false,בצק פילאס קפוא 500 גרם שלושת האופים,שלושת האופים שגמור,IL,בצק פילאס,גרמים,500.00,100 גרם,false,0,18.70,3.74,true,1,
7290003069958,false,קובה מטפונייה בשר 1קג,שלושת האופים,IL,קובה בשר,גרמים,1000.00,100 גרם,false,0,21.90,2.19,true,1,
7290003081066,false,מגבונים הלו קיטי,,IL,מגבונים הלו קיטי,יחידה,1.00,יחידה,false,0,5.90,5.90,true,1,
7290003107216,false,קמח 1 קג שימורי איכ,טחנת קמח דגן לישראל,IL,קמח לבן,קילוגרמים,1.00,"ק""ג",false,0,4.90,4.90,true,1,
7290003107223,false,טחנת קמח דגן סולת 1קג,טחנת קמח דגן לישראל,IL,סולת,קילוגרמים,1.00,"ק""ג",false,0,4.90,4.90,true,1,
7290003107247,false,שמרים יבשים אינסטנט33גרם,שטיבל,IL,שמרים יבשים,גרמים,33.00,100 גרם,false,0,5.00,15.15,true,1,
7290003107353,false,שטיבל משפר אפייה ביתי 3 * 10 גרם,ט.ק דגן טכנולוגיות ב,,משפר אפייה ביתי,גרמים,30.00,100 גרם,false,0,5.90,19.67,true,1,
7290003119110,false,שישיית קוקה קולה 1.5 ליטר,החברה המרכזית לייצור משקאות,IL,קוקה קולה 1.5*6ל,ליטרים,9.00,ליטר,false,0,34.90,3.88,true,1,
7290003119196,false,ספרייט דיאט 1.5*6 ליטר,החברה המרכזית לייצור משקאות,IL,ספרייט דיאט 1.5*6 ליטר,ליטרים,9.00,ליטר,false,0,35.90,3.99,true,1,
7290003126712,false,יוגורט עיזים מחלב מלא 3.7% משק צוריאל 150 גרם,מחלבת משק צוריאל,IL,יוגורט ביו 3%,גרמים,140.00,100 גרם,false,0,5.70,4.07,true,1,
7290003126958,false,טופו גבינה גוש בואקום צוריאל 300 ג',א.י.ן תעשיות מזון בע,IL,טופו טבעי בוואקום 300גרם,גרמים,300.00,100 גרם,false,0,12.80,4.27,true,1,
7290003130184,false,"פיניש מלח למדיח 2*2 ק""ג",רקיט בנקיזר,IL,מלח למדיח 2 יח,קילוגרמים,4.00,"ק""ג",false,0,26.40,6.60,true,1,
7290003142613,false,הוטפופ בתוספת מלח100*5ג,פופז,US,הוטפופ מלח,גרמים,500.00,100 גרם,false,0,10.90,2.18,true,1,
7290003144082,false,עוגות אישיות צ'וקטה300גר,קונדיטוריה אס.פי.אי,IT,עוגות אישיות,גרמים,300.00,100 גרם,false,1,10.00,3.33,true,1,
7290003144204,false,עוגות אישיות מריר 240גרם,"פרדי קונדיטוריה אס,פי.אי",IT,עוגות אישיות,גרמים,240.00,100 גרם,false,1,10.00,4.17,true,1,
7290003144297,false,עוגה מגולגלת קקאו300ג,קונדיטוריה אס.פי.אי,IT,עוגה מגולגלת,גרמים,300.00,100 גרם,false,1,7.90,2.63,true,1,
7290003153831,false,שוש חטיף בוטנים 80 גרם,"שטראוס פריטו ליי בע""\מ )",IL,שוש חטיף בוטנים,גרמים,80.00,100 גרם,false,0,3.90,4.88,true,1,
7290003158195,false,פלטה שוקולד במשקל,גידרון,IL,פלטה שוקולד,קילוגרמים,0.00,"ק""ג",true,0,51.00,51.00,true,1,
7290003185719,false,קבב רומני טיבון ויל 500 גרם,טיבון ויל אחזקות בעמ,IL,קבב רומני,גרמים,500.00,100 גרם,false,0,21.30,4.26,true,1,
7290003185726,false,קבב מזרחי טיבון ויל 500 גרם,טיבון ויל אחזקות בעמ,IL,קבב מזרחי,גרמים,500.00,100 גרם,false,0,19.30,3.86,true,1,
7290003186822,false,שניצל נסיכה(במבינו700)גר,דלידג - נטו,IL,שניצל נסיכה700גר,גרמים,700.00,100 גרם,false,0,24.70,3.53,true,1,
7290003187843,false,עגל טחון טיבון ויל 500 גרם,טיבון ויל אחזקות בעמ,IL,טחון עגל 100%,גרמים,500.00,100 גרם,false,0,29.30,5.86,true,1,
7290003229109,false,פסטרמה הודו בפפריקה טירת צבי 400 גרם,הנסיך- מפעל לייצור ט,IL,פסטרמה בפפריקה,גרמים,400.00,100 גרם,false,0,31.40,7.85,true,1,
7290003229116,false,פסטרמה הודו בדבש שומן טירת צבי 400 גרם,הנסיך- מפעל לייצור ט,IL,פסטרמה הודו בדבש,גרמים,400.00,100 גרם,false,0,31.40,7.85,true,1,
7290003229123,false,פסטרמה הודו על גחלים 2% טירת צבי 400 גרם,הנסיך- מפעל לייצור ט,IL,פסטרמה על גחלים,גרמים,400.00,100 גרם,false,0,31.70,7.93,true,1,
7290003229154,false,נקניק סלמי קוניאק טירת צבי 300 גרם,הנסיך- מפעל לייצור ט,IL,סלמי קוניאק,גרמים,300.00,100 גרם,false,0,28.90,9.63,true,1,
7290003229178,false,סרוולד 250 גרם,טירת צבי,IL,סרוולד,גרמים,250.00,100 גרם,false,0,38.20,15.28,true,1,
7290003229192,false,נקניק כתף בקר מעושן 2% טירת צבי 400 גרם,טיב טירת צבי 2000,IL,כתף בקר מעושן,גרמים,400.00,100 גרם,false,0,32.40,8.10,true,1,
7290003231508,false,שמפו פינוק עם קרטין700מל,יוניליוור ישראל טיפוח אי,IL,שמפו פינוק,מיליליטרים,700.00,"100 מ""ל",false,0,10.00,1.43,true,1,
7290003231607,false,מרכך פינוק עם קרטין 700,יוניליוור ישראל טיפוח אי,IL,מרכך פינוק,מיליליטרים,700.00,"100 מ""ל",false,0,10.00,1.43,true,1,
7290003231614,false,סבון פינוק עם קרטין 700,יוניליוור,IL,סבון פינוק,מיליליטרים,700.00,"100 מ""ל",false,0,10.00,1.43,true,1,
7290003249022,false,עוף מס' 2 קפוא עוף הארץ,.,IL,עוף מספר 2,קילוגרמים,0.00,"ק""ג",true,0,16.80,16.80,true,1,
7290003268252,false,לחם חיטה מלא לילדים 750 ג' דגנית עין בר,דגנית עין בר תעשיות מזון,IL,לחם חיטה מלא,גרמים,750.00,100 גרם,false,1,13.90,1.85,true,1,
7290003268429,false,לחם ירוק מקמח מלא 750 ג' דגנית עין בר,דגנית עין בר תעשיות מזון,IL,לחם ירוק מקמח מלא 750 גר,גרמים,750.00,100 גרם,false,0,14.90,1.99,true,1,
7290003319121,false,גפילטע פיש 4 קציצות470גר,,,גפילטע פיש 4 קציצות470גר,גרמים,470.00,100 גרם,false,0,15.80,3.36,true,1,
7290003319428,false,גפילטע פיש 6 קציצות 670ג,הדג המיוחד,IL,גפילטע פיש 6יח,גרמים,670.00,100 גרם,false,0,19.70,2.94,true,1,
7290003321155,false,יוגורט בר עם פקאן מצופה שוקולד 183 ג' דנונה,"שטראוס בריאות בע""\מ",IL,דנונה בר פקאן,גרמים,183.00,100 גרם,false,0,4.50,2.46,true,1,
7290003321292,false,גבינה לבנה 9% שומן 250 ג' שטראוס,מיוצר עי קונדיטוריית,IL,גבינת סקי 9%,גרמים,250.00,100 גרם,false,0,4.60,1.84,true,1,
7290003401376,false,"קרם לחות ועיצוב לשיער אלוורה נטורל 400 מ""ל","אמיליה קוסמטיקס בע""מ",IL,קרם לחות לשיער,מיליליטרים,400.00,"100 מ""ל",false,0,21.80,5.45,true,1,
7290003401420,false,"קרם לחות לשיער סיליקון כתום נטורל 400 מ""ל","אמיליה קוסמטיקס בע""מ",IL,קרם לחות לשיער,מיליליטרים,400.00,"100 מ""ל",false,0,21.80,5.45,true,1,
7290003401642,false,"קרם לחות לתלתלים טבעיים נטורל פורמולה 400 מ""ל","אמיליה קוסמטיקס בע""מ",IL,קרם לחות לשיער,מיליליטרים,400.00,"100 מ""ל",false,0,21.80,5.45,true,1,
7290003411238,false,שמרים יבשים נמסים הנ,ברוגמאן גנט,BE,שמרים יבשים,גרמים,500.00,100 גרם,false,0,14.00,2.80,true,1,
7290003411993,false,גפרורים הנמל 10 יחידות,"איטיליאן פוד, אס.פי.",IL,גפרורים,יחידה,1.00,יחידה,false,0,3.20,3.20,true,1,
7290003414406,false,הרשי ריזס נטיפי אפייה בוטנים 283 גר',ליימן מותגים,US,ריז נטיפים,גרמים,283.00,100 גרם,false,1,16.60,5.87,true,1,
7290003427024,false,שמן זית כת.מעולה זיתא 1ל,זיתא,IL,שמן זית כת.מעולה זיתא 1ל,ליטרים,1.00,ליטר,false,0,45.50,45.50,true,1,
7290003427154,false,"שמן זית כתית מעולה טעם מעודן זיתא 750 מ""ל",זיתא תעשיות שמן זיתt\,IL,שמן זית כתית,מיליליטרים,750.00,"100 מ""ל",false,0,35.90,4.79,true,1,
7290003438013,false,ממרח זיתים ירוקים אוליביה 190 גרם,קריות זול,IL,ממרח זיתים,גרמים,190.00,100 גרם,false,0,12.90,6.79,true,1,
7290003438020,false,ממרח עגבניות מיובשות אוליביה 190 גרם,מיוצר עי קונדיטוריית,IL,ממרח עגבניות,גרמים,190.00,100 גרם,false,0,12.90,6.79,true,1,
7290003438624,false,אריסה מתוקה עם לימון140ג,אוליביה,,אריסה מתוקה,גרמים,140.00,100 גרם,false,0,7.90,5.64,true,1,
7290003438709,false,ממרח אולביה זיתים שחורים וירוקים 190 ג',גוד פוד פרודקטס S.p,IL,ממרח זיתים,גרמים,190.00,100 גרם,false,0,12.90,6.79,true,1,
7290003438990,false,עיטורי עגבניות מיובשות וזיתים אוליביה 280 ג',אוליביה גורמה בעמ,IL,עגבניות מיובשות,גרמים,280.00,100 גרם,false,0,16.70,5.96,true,1,
7290003444009,false,הרשי ריזס חטיף במילוי בוטנים 42 גרם,ליימן מותגים,US,חטיף שוקולד חלב,גרמים,42.00,100 גרם,false,0,3.90,9.29,true,1,
7290003450022,false,מיולייט היינץ 430 גרם,היינץ,IL,מיולייט היינץ,גרמים,430.00,100 גרם,false,0,11.90,2.77,true,1,
7290003450091,false,מיונז אמיתי היינץ 430גרם,היינץ,ES,מיונז היינץ,גרמים,430.00,100 גרם,false,0,11.90,2.77,true,1,
7290003450404,false,שעועית אפויה היינץ 410גר,היינץ,CA,שעועית ברוטב,גרמים,410.00,100 גרם,false,0,7.80,1.90,true,1,
7290003450602,false,חרדל אמיתי צהוב בקבוק לחיץ 255 גר,היינץ צפון אמריקה מקבוצת ה.י.היינץ,US,חרדל אמיתי,גרמים,255.00,100 גרם,false,0,10.80,4.24,true,1,
7290003451012,false,בקלה צעיר קפוא,,IL,בקלה צעיר קפוא,קילוגרמים,0.00,"ק""ג",true,0,17.90,17.90,true,1,
7290003451050,false,פילה בקלה ארוז קפוא,בלדי,CN,פילה בקלה ארוז,קילוגרמים,0.00,"ק""ג",true,0,19.70,19.70,true,1,
7290003451180,false,פילה טונה קפוא,,IL,פילה טונה קפוא,קילוגרמים,0.00,"ק""ג",true,0,47.50,47.50,true,1,
7290003457991,false,טילון קורנטו וניל עם וופל ואגוזי לוז מסוכרים,"גלידת שטראוס בע""\מ, רחוב",IL,6חטיפי גל.קורנטו קלאסיקו,גרמים,300.00,100 גרם,false,0,33.60,11.20,true,1,
7290003495085,false,מארז בייגל שמינייה 4 יח,"גידרון תעשיות בע""מ",IL,בגט רוסטיק,יחידה,1.00,יחידה,false,0,7.90,7.90,true,1,
7290003495481,false,חלה מתוק צימוק אפוי קפוא,גידרון,IL,חלה גידרון,יחידה,1.00,יחידה,false,0,10.90,10.90,true,1,
7290003495993,false,לחם שיפון קל אפוי קפא520,גידרון,IL,לחם שיפון קל,גרמים,520.00,100 גרם,false,0,11.80,2.27,true,1,
7290003514007,false,מנה שקדי מרק מנה 400 גרם,מנה Mana,IL,שקדי מרק מנה,גרמים,400.00,100 גרם,false,0,8.80,2.20,true,1,
7290003514038,false,קראנצ'וס גריל 70 גרם,מנה,IL,קראנצ'וס גריל 70 גרם,גרמים,70.00,100 גרם,false,0,3.60,5.14,true,1,
7290003514045,false,קראנצ'וס ברביקיו 70 גרם,מנה,IL,קראנצ'וס ברביקיו 70 גרם,גרמים,70.00,100 גרם,false,0,3.60,5.14,true,1,
7290003514052,false,קראנצ'וס פלאפל 70 גרם,מנה,IL,קראנצ'וס פלאפל,גרמים,70.00,100 גרם,false,0,3.60,5.14,true,1,
7290003514069,false,קראנצ'וס בצל 70 גרם,מנה,IL,קראנצ'וס בצל,גרמים,70.00,100 גרם,false,0,3.60,5.14,true,1,
7290003514120,false,חטיף קראנצ'וס גריל 35*6ג,מנה,IL,קראנצ'וס 6 יח,גרמים,210.00,100 גרם,false,0,10.80,5.14,true,1,
7290003514571,false,מנה פריכיות אורז עם מלח 100 גרם,מנה Mana,IL,פריכיות אורז,גרמים,100.00,100 גרם,false,0,5.60,5.60,true,1,
7290003514618,false,פרונטו קלאסי 50 גרם,מנה,IL,פרונטו קלאסי,גרמים,50.00,100 גרם,false,0,4.50,9.00,true,1,
7290003514625,false,פרונטו נאצ'וס 50 גרם,מנה,IL,פרונטו נאצ'וס,גרמים,50.00,100 גרם,false,0,4.50,9.00,true,1,
7290003521166,false,"ד""ר פישר - סרקל קרם רוזמרין לילדים 325 מ""ל",פישר מעבדות פרמצבטיות בע,IL,סרקל קרם רוזמרין,מיליליטרים,325.00,"100 מ""ל",false,0,26.10,8.03,true,1,
7290003524297,false,אספרגוס לבן שלם בצנצנת ויליגר 330 גרם,צ'אמפהאוס טרידייג קו,IL,אספרגוס לבן שלם 330 גרם,גרמים,330.00,100 גרם,false,0,8.90,2.70,true,1,
7290003525461,false,סלט טונה פיקנטי ויליגר 160 גרם,ויליגר,IL,סלט טונה פיקנטי,גרמים,160.00,100 גרם,false,0,6.00,3.75,true,1,
7290003525478,false,סלט טונה ויליגר 160 גרם,"ויליגר, תעשיות בע""מ",IL,סלט טונה,גרמים,160.00,100 גרם,false,0,6.00,3.75,true,1,
7290003527366,false,אטריות ביצים נודלס400גרם,ויליגר,CN,אטריות ביצים נודלס400גרם,גרמים,400.00,100 גרם,false,0,4.40,1.10,true,1,
7290003539123,false,פפאיה יבשה 200גרם שקדיה,שקדיה,IL,פפאיה יבשה 200ג,גרמים,200.00,100 גרם,false,0,13.80,6.90,true,1,
7290003539161,false,תפוח עץ יבש 200גרם,שקדיה,IL,תפוח עץ יבש,גרמים,200.00,100 גרם,false,0,14.80,7.40,true,1,
7290003550753,false,רביעיית טונה בשמן פוסידון 108 גרם,"מיוצר עי וליגר בעמ,",IL,טונה בשמן 4 יח',גרמים,432.00,100 גרם,false,0,22.90,5.30,true,1,
7290003550937,false,רגל פרוסה קפואה במגש,טיבון ויל - נטו,IL,רגל פרוסה קג,קילוגרמים,0.00,"ק""ג",true,0,35.90,35.90,true,1,
7290003578412,false,לפתן חצאי אפרסק 820 גרם ויליפוד,וילי פוד,CN,חצאי אפרסק בסירופ 820גרם,גרמים,820.00,100 גרם,false,0,7.00,0.85,true,1,
7290003608089,false,ספרינג תות-בננה 1.5 ליטר,יפאורה שותפות מובגלת לשיווק,IL,ספרינג תות בננה,ליטרים,1.50,ליטר,false,0,6.20,4.13,true,1,
7290003608546,false,תפוזינה תות בננה 1.5ליטר,יפאורה שותפות מובגלת לשיווק,IL,תפוזינה תות בננה,ליטרים,1.50,ליטר,false,0,5.90,3.93,true,1,
7290003608560,false,קולה RC בקבוק 1.5 ליטר,יפאורה שותפות מובגלת לשיווק,IL,R.C קולה,ליטרים,1.50,ליטר,false,0,4.60,3.07,true,1,
7290003608621,false,קולה RC מארז 1.5*6 ליטר,יפאורה שותפות מובגלת לשיווק,IL,RC קולה 6 יח',ליטרים,9.00,ליטר,false,0,23.90,2.66,true,1,
7290003608898,false,תפוזינה תפוזים לייט1.5ל,יפאורה שותפות מובגלת לשיווק,IL,תפוזינה דיאט,ליטרים,1.50,ליטר,false,0,5.90,3.93,true,1,
7290003643004,false,"אורז בסמטי קלאסי סוגת 1 ק""ג",האי נאם סי או אל.טי.,IL,אורז בסמטי קלאסי,קילוגרמים,1.00,"ק""ג",false,0,12.90,12.90,true,1,
7290003643325,false,סוגת קוסקוס בינוני 350 גרם,"אסיף תעשיות מזון בע""\מ",IL,קוסקוס בינוני,גרמים,350.00,100 גרם,false,0,4.90,1.40,true,1,
7290003643387,false,"סוכר לבן בצנצנת 1 ק""ג סוגת",האי נאם סי או אל.טי.,IL,"סוכר לבן צנצנת 1 ק""ג",קילוגרמים,1.00,"ק""ג",false,0,5.90,5.90,true,1,
7290003643646,false,"סוכר דמררה קלאסי בצנצנת סוגת 1 ק""ג",האי נאם סי או אל.טי.,IL,"סוכר דמררה צנצנת 1 ק""ג",קילוגרמים,1.00,"ק""ג",false,0,10.90,10.90,true,1,
7290003643684,false,אפונה יבשה סוגת 500 גר',האי נאם סי או אל.טי.,IL,אפונה 500 גרם,גרמים,500.00,100 גרם,false,0,5.90,1.18,true,1,
7290003643714,false,חומוס גרגירים 500 גרם סוגת,האי נאם סי או אל.טי.,IL,חומוס לבן,גרמים,500.00,100 גרם,false,0,6.10,1.22,true,1,
7290003643738,false,חיטה 500 גרם סוגת,האי נאם סי או אל.טי.,IL,חיטה 500 גרם,גרמים,500.00,100 גרם,false,0,5.90,1.18,true,1,
7290003643745,false,כוסמת סוגת 500 גרם,האי נאם סי או אל.טי.,IL,כוסמת,גרמים,500.00,100 גרם,false,0,5.90,1.18,true,1,
7290003643752,false,עדשים ירוקים יבש סוגת 500 גר',האי נאם סי או אל.טי.,IL,עדשים ירוקות,גרמים,500.00,100 גרם,false,0,5.90,1.18,true,1,
7290003643769,false,עדשים אדומים יבש סוגת 500 גר',"סוגת תעשיות בע""\מ",IL,עדשים אדומות,גרמים,500.00,100 גרם,false,0,5.90,1.18,true,1,
7290003643776,false,"פופקורן גרעינים סוגת 500 ג' כשל""פ",האי נאם סי או אל.טי.,IL,פופקורן 500 גרם,גרמים,500.00,100 גרם,false,0,5.90,1.18,true,1,
7290003643806,false,שעועית לבנה יבשה סוגת 500 ג',האי נאם סי או אל.טי.,IL,שעועית לבנה,גרמים,500.00,100 גרם,false,0,11.80,2.36,true,1,
7290003643813,false,שעועית אדומה יבשה סוגת 500 גר',האי נאם סי או אל.טי.,IL,שעועית אדומה,גרמים,500.00,100 גרם,false,0,10.70,2.14,true,1,
7290003667109,false,פאנטה בטעם אורנג' 1.5 ל',החברה המרכזית לייצור משקאות,IL,פאנטה אורנג',ליטרים,1.50,ליטר,false,0,6.90,4.60,true,1,
7290003667369,false,פריגת מיקס תות-בננה1.5ל,מבשלות בירה בינלאומיות ב,IL,פריגת תות בננה,ליטרים,1.50,ליטר,false,0,6.50,4.33,true,1,
7290003667673,false,פנטה דיאט אורנג' 1.5ליטר,החברה המרכזית לייצור משקאות,IL,פנטה דיאט אורנג',ליטרים,1.50,ליטר,false,0,6.90,4.60,true,1,
7290003719259,false,"ליבו לחם טבעי אקסקלוסיבי 1 ק""ג",מאפית י את א ברמן בע,IL,לחם אקסקלוסיבי שיפ.מלא1ק,קילוגרמים,1.00,"ק""ג",false,0,14.80,14.80,true,1,
7290003719280,false,לחם ליבו דגנים 750 ג,מאפיית ליבו,IL,לחם דגנים 750 גרם,גרמים,750.00,100 גרם,false,0,15.80,2.11,true,1,
7290003727667,false,"סלט חומוס צבר 1 ק""ג",סלטי צבר,IL,סלט חומוס צבר,קילוגרמים,1.00,"ק""ג",false,0,14.90,14.90,true,1,
7290003804238,false,ריבועים של אלופים 500ג,יוניליוור,IL,ריבועים אלופים,גרמים,500.00,100 גרם,false,0,16.90,3.38,true,1,
7290003804252,false,תיבולית קנור בנוסח הודי 72 גרם,יוניליוור ישראל מזון בע\,IL,תיבוליות קנור,גרמים,72.00,100 גרם,false,0,7.90,10.97,true,1,
7290003804320,false,תיבולית שום ופטרוזיליה קנור 72 גרם,יוניליוור ישראל מזון בע\,IL,תיבוליות קנור,גרמים,72.00,100 גרם,false,0,7.90,10.97,true,1,
7290003804368,false,"תיבוליות בזיליקום קנור 72 גרם בד""צ",יוניליוור ישראל מזון בע\,IL,תיבוליות קנור,גרמים,72.00,100 גרם,false,0,7.90,10.97,true,1,
7290003804382,false,"תיבוליות פטריות קנור 72 גרם בד""צ",יוניליוור ישראל מזון בע\,IL,תיבוליות פטריות,גרמים,72.00,100 גרם,false,0,7.90,10.97,true,1,
7290003805501,false,"פתית בסגנון שוודי תלמה בד""צ 300 גרם",יוניליוור ישראל מזון בע\,IL,פתית קרקר שוודי,גרמים,300.00,100 גרם,false,0,17.50,5.83,true,1,
7290003805525,false,קורנפלקס 750 גרם,יוניליוור,IL,קורנפלקס תלמה,גרמים,750.00,100 גרם,false,0,14.90,1.99,true,1,
7290003805556,false,"ברנפלקס חיטה מלא בד""ץ500",אתר שפע - Food,IL,ברנפלקס תלמה,גרמים,500.00,100 גרם,false,0,21.90,4.38,true,1,
7290003805587,false,"פתית חיטה מלאה בד""צ 250 גרם-קופסא",יוניליוור ישראל מזון בע\,IL,פתית חיטה מלאה,גרמים,250.00,100 גרם,false,0,17.50,7.00,true,1,
7290003805648,false,אקס ספריי לגוף בלאק 150מ,יוניליוור,GB,אקס ספריי לגוף,מיליליטרים,150.00,"100 מ""ל",false,0,14.90,9.93,true,1,
7290003805709,false,"כריות נוגט בד""צ 750 גרם",יוניליוור ישראל מזון בע\,IL,כריות נוגט,גרמים,750.00,100 גרם,false,0,23.90,3.19,true,1,
7290003805716,false,נמס בכוס ט.עוף 24*2 גרם,יוניליוור ישראל מזון,IL,נמס בכוס ועוד,גרמים,48.00,100 גרם,false,0,6.90,14.38,true,1,
7290003805730,false,נמס בכוס עגבנ.קנור 32*2ג,יוניליוור,IL,נמס בכוס ועוד,גרמים,64.00,100 גרם,false,0,6.90,10.78,true,1,
7290003806126,false,קליק לייבל פקאן מקורמל50,יוניליוור,IL,חטיף קליק לייבל,גרמים,50.00,100 גרם,false,0,6.40,12.80,true,1,
7290003806836,false,"בדין אקסטרא לילך 960 מ""ל",יוניליוור,TR,מרכך בדין אקסטרא,מיליליטרים,960.00,"100 מ""ל",false,0,18.90,1.97,true,1,
7290003807178,false,"רוטב קנור סויה בסגנון סיני 300 מ""ל",יוניליוור ישראל מזון בע\,IL,רוטב סויה,מיליליטרים,300.00,"100 מ""ל",false,0,10.00,3.33,true,1,
7290003807482,false,קנור רוטב טריאקי מופחת נתרן 370 גרם,יוניליוור ישראל מזון בע\,IL,רוטב טריאקי,מיליליטרים,300.00,"100 מ""ל",false,0,10.00,3.33,true,1,
7290003864485,false,סרדינים ברוטב עגבנ יות ויליפוד 110ג' פתח קל,גולדן פרייז קאנינג א,PH,סרדינים ברוטב,גרמים,110.00,100 גרם,false,0,5.30,4.82,true,1,
7290003864492,false,סרדינים בשמן צמחי חריף פתח קל ויליפוד 110ג',גולדן פרייז קאנינג א,IL,סרדין פיקנטי,גרמים,110.00,100 גרם,false,0,5.30,4.82,true,1,
7290003882953,false,עלי גפן ממולא,,IL,עלי גפן ממולא,קילוגרמים,2.00,"ק""ג",false,0,25.00,12.50,true,1,
7290003893416,false,פילה אמנון 5-7,בלדי,IL,פילה אמנון,קילוגרמים,0.00,"ק""ג",true,0,39.90,39.90,true,1,
7290003903788,false,עלית קפוצינו טעם וניל פחית 200ג,שטראס קפה בי.וי,IL,קפוצ'ינו וניל,גרמים,200.00,100 גרם,false,0,24.20,12.10,true,1,
7290003904389,false,שוק.פרה מריר ללא סוכר100,שטראוס,IL,שוקולד פרה דיאט,גרמים,100.00,100 גרם,false,0,9.40,9.40,true,1,
7290003905331,false,שוק.חלב+שברי אגוזים100גר,STRAUSS-ISRAEL,IL,שוק.חלב אגוזים,גרמים,100.00,100 גרם,false,0,5.50,5.50,true,1,
7290003905362,false,שוק.חלב ל.תוספת סוכר100ג,STRAUSS-ISRAEL,IL,שוקולד פרה דיאט,גרמים,100.00,100 גרם,false,0,9.40,9.40,true,1,
7290003956111,false,כפפות לטקס קלין L 100 יח,קליר כימיקלים,,כפפות לטקס,יחידה,1.00,יחידה,false,0,24.90,24.90,true,1,
7290003989096,false,סלט חצילים פיקנטי אחלה 500 גרם,מיוצר עי קונדיטוריית,IL,חציל פיקנטי אחלה,גרמים,500.00,100 גרם,false,0,14.90,2.98,true,1,
7290003989539,false,לורנצו רביולי במילוי גבינה,מיוצר עי קונדיטוריית,IL,רביולי גבינה,גרמים,400.00,100 גרם,false,0,19.90,4.98,true,1,
7290003989553,false,פסטה טורטליני גבינה ופטריות 400 גרם,מיוצר עי קונדיטוריית,IL,טורטליני פטריות,גרמים,400.00,100 גרם,false,0,19.90,4.98,true,1,
7290003996544,false,חסה אייסברג קצוצה 300 גרם חסלט כפרי טרי,יעל ירק עלים,IL,חסה אייסברג,גרמים,280.00,100 גרם,false,0,11.00,3.93,true,1,
7290004011284,false,ריצ בסיס להכנת קצפת 25% 212מל,ריצ' פרודקטס קורפריי,US,ריצ' להכנת קצפת,מיליליטרים,212.00,"100 מ""ל",false,0,7.90,3.73,true,1,
7290004011291,false,"קצפת ריץ' בסיס קרטונית 425 מ""ל",כלורוקס אוקלנד,US,בסיס להכנת קצפת,מיליליטרים,425.00,"100 מ""ל",false,0,15.80,3.72,true,1,
7290004011338,false,"ספריי קצפת מתוקה מוכנה ריץ' 250 מ""ל",האי נאם סי או אל.טי.,IT,קצפת ריצ' במיכל,מיליליטרים,250.00,"100 מ""ל",false,0,16.80,6.72,true,1,
7290004011345,false,"ספריי קצפת מתוקה מוכנה פרווה ריץ' 238 מ""ל",האי נאם סי או אל.טי.,IT,קצפת מתוקה,גרמים,250.00,100 גרם,false,0,16.80,6.72,true,1,
7290004011819,false,המבורגר ריב אנטריקוט אל גאוצ'ו 360 גרם,האי נאם סי או אל.טי.,IL,המבורגר ריב,גרמים,360.00,100 גרם,false,0,23.70,6.58,true,1,
7290004011826,false,מיני המבורגר ריב אנטריקוט,טיבון ויל אחזקות בעמ,IL,מיני המבורגר,גרמים,320.00,100 גרם,false,0,23.70,7.41,true,1,
7290004030216,false,משקה בטעם חמוציות 1 ליטר פריניב,הנסיך- מפעל לייצור ט,IL,נקטר חמוציות,ליטרים,1.00,ליטר,false,1,11.20,11.20,true,1,
7290004030322,false,מיץ תפוח גזר וסלק 1 ליטר,פריניב,IL,מיץ תפוח גזר סלק,ליטרים,1.00,ליטר,false,0,17.50,17.50,true,1,
7290004030353,false,נקטר תות בננה,,IL,נקטר תות בננה,ליטרים,1.00,ליטר,false,0,11.20,11.20,true,1,
7290004030414,false,מיץ תפוזים 2ליטר פרי,פרי ניב,IL,מיץ תפוזים מצונן,ליטרים,2.00,ליטר,false,0,17.90,8.95,true,1,
7290004030445,false,מיץ תפוזים סחוט רכיבים טבעיים 1 ליטר פרי ניב,הנסיך- מפעל לייצור ט,IL,מיץ תפוזים סחוט,ליטרים,1.00,ליטר,false,0,11.20,11.20,true,1,
7290004030568,false,מיץ אשכולית סחוט,,IL,מיץ אשכולית סחוט,ליטרים,2.00,ליטר,false,0,17.90,8.95,true,1,
7290004030612,false,"מיץ תפוח, קיווי אגס ללא תוספת סוכר 1 ליטר פרי ניב",הנסיך- מפעל לייצור ט,IL,משקה תפוח קיווי,ליטרים,1.00,ליטר,false,0,11.90,11.90,true,1,
7290004030667,false,מיץ סחוט מצונן2ל,,IL,מיץ סחוט מצונן2ל,ליטרים,2.00,ליטר,false,0,17.90,8.95,true,1,
7290004030698,false,נקטר פריניב חמוציות,פריניב בעמ,IL,נקטר חמוציות,ליטרים,2.00,ליטר,false,0,17.70,8.85,true,1,
7290004030957,false,משקה קל לימונדה בלאד,,IL,משקה קל מצנון 2ל,ליטרים,2.00,ליטר,false,0,17.90,8.95,true,1,
7290004048679,false,"קובה למרק 1 ק""ג שלושת האופים","שלושת האופים בע""\מ",IL,קובה למרק 1 קג',גרמים,1000.00,100 גרם,false,0,24.90,2.49,true,1,
7290004078225,false,"שטיפת פה קולגייט פלקס מינט ירוק 500מ""ל",קולגייט- פלמוליב,BR,מי פה קולגייט,מיליליטרים,500.00,"100 מ""ל",false,0,31.60,6.32,true,1,
7290004078263,false,בלונס צמרוני אוזניים בקופסא זוג,ספטונה,GR,מקלוני כותנה,יחידה,1.00,יחידה,false,0,8.90,8.90,true,1,
7290004078270,false,נוזל לניקוי כלים בריח לימון פלמוליב 1 ליטר,יבואן ומשווק: ש. שסט,GR,פלמוליב לכלים,ליטרים,1.00,ליטר,false,0,12.70,12.70,true,1,
7290004078379,false,"קולגייט משחת שיניים טוטל פרש סטריפ 100מ""ל",קולגייט-פלמוליב,PL,משחת שיניים,מיליליטרים,100.00,"100 מ""ל",false,0,14.90,14.90,true,1,
7290004078942,false,ליידי ספיד סטיק - דאודורנט ג'ל לאישה 65 גרם,קולגייט-פלמוליב,US,דאודורנט,גרמים,65.00,100 גרם,false,0,24.90,38.31,true,1,
7290004085377,false,מגב ריצפה+מקל,המברשת רוחמה,IL,מגב ריצפה+מקל,יחידה,1.00,יחידה,false,0,46.30,46.30,true,1,
7290004119133,false,כד יוגורט תנובה 6.5% שומן 1.5 ליטר,מיוצר עי קונדיטוריית,IL,יוגורט בכד,ליטרים,1.50,ליטר,false,0,16.40,10.93,true,1,
7290004119225,false,יופלה יוגורט אננס %3 גביע 150 גרם,תנובה מרכז שיתופי לש,IL,יופלה אננס 3%,גרמים,150.00,100 גרם,false,0,5.00,3.33,true,1,
7290004119928,false,מעדן חלב בטעם וניל 2% קרלו תנובה 125 גרם,מחלבת אלון תבור,IL,מעדן קרלו וניל3%,גרמים,125.00,100 גרם,false,0,2.80,2.24,true,1,
7290004119973,false,קרלו מעדן שוקו רביעיה גביע 1.5% 125 גרם,תנובה מרכז שיתופי לש,IL,קרלו שוקולדה,גרמים,125.00,100 גרם,false,0,2.80,2.24,true,1,
7290004120061,false,מעדן חלב בטעם שוקו וניל שוניל 2% קרלו 125 גרם,תנובה מרכז שיתופי לש,IL,מעדן קרלו שוניל,גרמים,125.00,100 גרם,false,0,2.90,2.32,true,1,
7290004120108,false,יוגורט יופלה דיאט דובדבן 0% שומן 150גרם,תנובה מרכז שיתופי לש,IL,יופלה דיאט 0%,גרמים,150.00,100 גרם,false,0,5.00,3.33,true,1,
7290004120566,false,פיראוס 24% גבינה בולגרית 250 גרם,תנובה חלב,IL,גבינה בולגרית24%,גרמים,250.00,100 גרם,false,0,21.90,8.76,true,1,
7290004120573,false,גבינה בולגרית 16% פיראוס 250 גרם,תנובה מרכז שיתופי לש,IL,גבינה בולגרית16%,גרמים,250.00,100 גרם,false,0,21.90,8.76,true,1,
7290004120634,false,גבינה בולגרית 5% פיראוס 250 גרם,תנובה מרכז שיתופי לש,IL,גבינה בולגרית5%,גרמים,250.00,100 גרם,false,0,21.90,8.76,true,1,
7290004120832,false,"חלב 2 ליטר 3% כד ""תנובה""- מוצר בפיקוח",תנובה מרכז שיתופי לש,IL,חלב שתיה 3%,ליטרים,2.00,ליטר,false,0,11.50,5.75,true,1,
7290004121488,false,יופלה דיאט אפרסק 0% גביע 150 גרם,תנובה מרכז שיתופי לש,IL,יופלה דיאט אפרסק,גרמים,150.00,100 גרם,false,0,5.00,3.33,true,1,
7290004121525,false,יופלה מאגדת פרי 4 תות 4 אפרסק 3% 8 יח'*150 ג',תנובה מרכז שיתופי לש,IL,יופלה 3% 8 יח',קילוגרמים,1.20,"ק""ג",false,0,29.90,24.92,true,1,
7290004121754,false,יוגורט ביו עוגת גבינה ותות 3% יופלה 150 גרם,תנובה בעמ,IL,יופלה קרם גבינה,גרמים,150.00,100 גרם,false,0,5.00,3.33,true,1,
7290004121839,false,גבינת פטה כבשים 20% פיראוס 250 גרם,תנובה מרכז שיתופי לש,IL,גבינת פטה כבשים,גרמים,250.00,100 גרם,false,0,25.90,10.36,true,1,
7290004121853,false,גבינה בולגרית 5% קוביות פיראוס 200 גרם,תנובה מרכז שיתופי לש,IL,קוביות בולגרית5%,גרמים,200.00,100 גרם,false,0,20.50,10.25,true,1,
7290004121945,false,חלב תנובה 2%,,IL,חלב תנובה 2%,ליטרים,1.50,ליטר,false,0,8.40,5.60,true,1,
7290004122089,false,פתיתי גבינת עמק 200 גרם,תנובה,IL,פתיתי גבינת עמק,גרמים,200.00,100 גרם,false,0,13.90,6.95,true,1,
7290004122119,false,פתיתי פרמזן 23% לפסטה השף הלבן 100 גרם,פ.פ.ח. שאביט,IL,פתיתי פרמזן,גרמים,100.00,100 גרם,false,0,11.80,11.80,true,1,
7290004122195,false,גוש חלב גבינה צהובה פרוסה 28% תנובה 200 גרם,קריות זול,IL,גבינה גוש חלב,גרמים,200.00,100 גרם,false,0,13.50,6.75,true,1,
7290004122270,false,עמק קלאסית פרוסות גבינה חצי קשה 28% 200 גרם,תנובה מרכז שיתופי לש,IL,גבינת עמק פרוס,גרמים,200.00,100 גרם,false,0,15.30,7.65,true,1,
7290004122348,false,גבינת עמק לייט פרוס בקופסא 200 גרם,תנובה מרכז שיתופי לש,IL,גבינת עמק לייט,גרמים,200.00,100 גרם,false,0,16.00,8.00,true,1,
7290004122560,false,פתיתי עמק השף הלבן 500גר,תנובה,IL,פתיתי גבינת עמק,גרמים,500.00,100 גרם,false,0,32.00,6.40,true,1,
7290004122683,false,עמק חטיף אצבעות גבינה חצי קשה 28% שומן,תנובה מרכז שיתופי לש,IL,אצבעות עמק,גרמים,172.00,100 גרם,false,0,15.90,9.24,true,1,
7290004123284,false,גב.לבנה רכה5%ללא מלח250ג,תנובה,IL,גבינה לבנה רכה5%,גרמים,250.00,100 גרם,false,0,4.60,1.84,true,1,
7290004124205,false,יופלה דיאט יוגורט תות %0 גביע 150 גרם,תנובה מרכז שיתופי לש,IL,יופלה דיאט תות0%,גרמים,150.00,100 גרם,false,0,5.00,3.33,true,1,
7290004124847,false,"קצפת צמחית השף הלבן 500 מ""ל תנובה",תנובה מרכז שיתופי לש,IL,קצפת צמחית,מיליליטרים,500.00,"100 מ""ל",false,0,16.40,3.28,true,1,
7290004124892,false,יופלה פירות יבשים4% 150ג,תנובה בעמ,IL,יופלה פירות יבש.,גרמים,150.00,100 גרם,false,0,5.00,3.33,true,1,
7290004125370,false,"שמנת חמוצה 9% מופחתת שומן תנובה 200 מ""ל מהדרין",תנובה מרכז שיתופי לש,IL,שמנת חמוצה 9%,מיליליטרים,200.00,"100 מ""ל",false,0,3.40,1.70,true,1,
7290004125400,false,"אשל שלי מהדרין 200 מ""ל 4.5% ""תנובה""- מוצר בפיקוח",פארייפאבה אגרואינדוס,IL,אשל 4.5% שומן,מיליליטרים,200.00,"100 מ""ל",false,0,1.55,0.78,true,1,
7290004125417,false,"גיל 3% שלי 200 מ""ל ""תנובה"" -מוצר בפיקוח",תנובה מרכז שיתופי לש,IL,גיל לבן 3%שומן,מיליליטרים,200.00,"100 מ""ל",false,0,1.40,0.70,true,1,
7290004125455,false,"שמנת חמוצה 200 מ""ל 15% ""תנובה"" -מוצר בפיקוח",תנובה מרכז שיתופי לש,IL,שמנת תנובה 15%,מיליליטרים,200.00,"100 מ""ל",false,0,2.20,1.10,true,1,
7290004125509,false,"שמנת חמוצה 15% מועשרת תנובה 100 מ""ל",תנובה מרכז שיתופי לש,IL,שמנת חמוצה,מיליליטרים,100.00,"100 מ""ל",false,0,1.70,1.70,true,1,
7290004125578,false,משקה סויה מעושר בסידן תנובה 1ל',תנובה מרכז שיתופי לש,IL,'משקה סויה מועשר בסידן1ל,ליטרים,1.00,ליטר,false,0,9.90,9.90,true,1,
7290004125585,false,משקה סויה בטעם וניל תנובה 1 ליטר,תנובה מרכז שיתופי לש,IL,משקה סויה על הבוקר 1ליטר,ליטרים,1.00,ליטר,false,0,9.90,9.90,true,1,
7290004125721,false,"השף הלבן שמנת עמידה לבישול 15% תנובה 250 מ""ל",תנובה מרכז שיתופי לש,IL,שמנת לבישול15%,מיליליטרים,250.00,"100 מ""ל",false,0,8.10,3.24,true,1,
7290004125738,false,שמנת מתוקה להקצפה32% 250מל עמיד השף הלבן,תנובה מרכז שיתופי לש,IL,שמנת להקצפה32%,מיליליטרים,250.00,"100 מ""ל",false,0,6.50,2.60,true,1,
7290004125776,false,גבינה צהובה עמק 28% 400 גרם בקופסא,קריות זול,IL,גבינת עמק פרוס,גרמים,400.00,100 גרם,false,0,28.40,7.10,true,1,
7290004126650,false,גבינה צפתית 5% תנובה,תנובה מרכז שיתופי לש,IL,גבינה צפתית 5% משקל,קילוגרמים,0.00,"ק""ג",true,0,47.00,47.00,true,1,
7290004126674,false,טל העמק פרוסות גבינה חצי קשה לייט %9 200 גרם בקופסא,תנובה מרכז שיתופי לש,IL,גבינה טל העמק,גרמים,200.00,100 גרם,false,0,17.70,8.85,true,1,
7290004126759,false,יוגורט דיאט יופלה פירות יער 150 גרם,תנובה בעמ,IL,יופלה דיאט,גרמים,150.00,100 גרם,false,0,5.00,3.33,true,1,
7290004126872,false,משקאות חלב תנובה שוקו בקבוק 250מל,תנובה חלב,IL,שוקו בקבוק,מיליליטרים,250.00,"100 מ""ל",false,0,5.20,2.08,true,1,
7290004127077,false,קוטג תנובה 3% גביע 250 גרם מהדרין,מיוצר עי קונדיטוריית,IL,קוטג' 3% שומן,גרמים,250.00,100 גרם,false,0,5.50,2.20,true,1,
7290004127329,false,קוטג תנובה גביע 250 גרם %5 ו.מהדרין,מיוצר עי קונדיטוריית,IL,קוטג' תנובה 5%,גרמים,250.00,100 גרם,false,0,5.50,2.20,true,1,
7290004127336,false,קוטג תנובה גביע 250 גרם %9 ו.מהדרין,מיוצר עי קונדיטוריית,IL,קוטג' תנובה 9%,גרמים,250.00,100 גרם,false,0,5.50,2.20,true,1,
7290004127800,false,"גבינה לבנה 500 גרם 5% ""תנובה"" -מוצר בפיקוח",מיוצר עי קונדיטוריית,IL,גבינה לבנה 5%,גרמים,500.00,100 גרם,false,0,9.20,1.84,true,1,
7290004127817,false,גבינה לבנה 9% שומן 500 ג' תנובה,מיוצר עי קונדיטוריית,IL,גבינה לבנה 9%,גרמים,500.00,100 גרם,false,0,9.20,1.84,true,1,
7290004127862,false,"גבינה לבנה 750 גרם 5% ""תנובה"" - מוצר בפיקוח",תנובה מרכז שיתופי לש,IL,גבינה לבנה 5%,גרמים,750.00,100 גרם,false,0,13.80,1.84,true,1,
7290004128272,false,גבינה אדם לייט9% 200 גרם,תנובה,IL,גבינה אדם לייט,גרמים,200.00,100 גרם,false,0,15.90,7.95,true,1,
7290004128333,false,לאבנה על בסיס יוגורט %9 שומן 500 ג' פיראוס,קריות זול,IL,לבנה פיראוס 9%,גרמים,500.00,100 גרם,false,0,19.70,3.94,true,1,
7290004128340,false,קרם גבינת שמנת %5 בטעם טבעי 200 ג' תנובה,קריות זול,IL,גבינת שמנת,גרמים,200.00,100 גרם,false,0,10.80,5.40,true,1,
7290004128364,false,קרם גבינת שמנת 5% עם זיתים ירוקים 200 ג' תנובה,"תנובה, מחלבת תל יוסף",IL,גבינת שמנת זיתים,גרמים,200.00,100 גרם,false,0,10.80,5.40,true,1,
7290004129101,false,גבינת שמנת 25% בטעם טבעי 225 ג' נפוליאון,תנובה מרכז שיתופי לש,IL,גבינת נפוליאון,גרמים,225.00,100 גרם,false,0,10.00,4.44,true,1,
7290004129118,false,גבינת שמנת 24% עם זיתים ירוקים 225 ג' נפוליאון,מחלבת אלון תבור,IL,גבינת נפוליאון,גרמים,225.00,100 גרם,false,0,10.00,4.44,true,1,
7290004129156,false,גבינת שמנת25% עם שום שמיר 225 ג' נפוליאון,תנובה מרכז שיתופי לש,IL,גבינת נפוליאון,גרמים,225.00,100 גרם,false,0,10.00,4.44,true,1,
7290004129545,false,גבינה למריחה 3% 250 גרם,מחלבת אלון תבור,IL,גבינה לבנה 3%,גרמים,250.00,100 גרם,false,0,4.60,1.84,true,1,
7290004129569,false,נפוליאון שום שמיר25%משקל,תנובה,IL,גב.שמנת שום שמיר25% משקל,קילוגרמים,0.00,"ק""ג",true,0,45.00,45.00,true,1,
7290004129576,false,גבינת שמנת+זיתים24% משקל,תנובה,IL,גבינת שמנת+זיתים24% משקל,קילוגרמים,0.00,"ק""ג",true,0,45.00,45.00,true,1,
7290004129668,false,יופלה+מכסה פצפוצי שוק167,תנובה מרכז שיתופי לש,IL,יופלה+פצפוצי שוק,גרמים,167.00,100 גרם,false,0,5.20,3.11,true,1,
7290004129736,false,יופלה לבן מעודן 1.5% גביע 200 גרם,תנובה מרכז שיתופי לש,IL,יופלהלבן מעודן,גרמים,200.00,100 גרם,false,0,4.10,2.05,true,1,
7290004129767,false,"3% 'יופלה לבן מארז שמינייה 1.2 ק""ג",תנובה מרכז שיתופי לש,IL,יופלה לבן 3%,קילוגרמים,1.20,"ק""ג",false,0,17.90,14.92,true,1,
7290004130695,false,משקאות חלב תנובה אייס קפה בבקבוק 1ל,תנובה מרכז שיתופי לש,IL,משקה אייס קפה,ליטרים,1.00,ליטר,false,0,12.10,12.10,true,1,
7290004130794,false,משקה סויה במתיקות מופחתת תנובה 1 ליטר,תנובה מרכז שיתופי לש,IL,משקה סויה במתיקות מופחתת,ליטרים,1.00,ליטר,false,0,9.90,9.90,true,1,
7290004130916,false,יוגורט יופלה פירות יער בשמנת 3% 150 גרם,תנובה מרכז שיתופי לש,IL,יופלה פירות יער,גרמים,150.00,100 גרם,false,0,5.00,3.33,true,1,
7290004131074,false,"חלב 1 ליטר 3% קרטון ""תנובה""- מוצר בפיקוח",תנובה מרכז שיתופי לש,IL,חלב בקרטון 3%,ליטרים,1.00,ליטר,false,0,5.75,5.75,true,1,
7290004131227,false,תנובה גבינה לבנה 3%,מחלבת אלון תבור,IL,גבינה לבנה 3%,גרמים,500.00,100 גרם,false,0,9.20,1.84,true,1,
7290004131432,false,יוגורט יופלה לבן ביו 3% 200 גרם,מיוצר עי קונדיטוריית,IL,יופלה לבן 3%,גרמים,200.00,100 גרם,false,0,3.80,1.90,true,1,
7290004131456,false,יוגורט ביו 1.5% שומן 200 ג' יופלה,מיוצר עי קונדיטוריית,IL,יופלה לבן 1.5%,גרמים,200.00,100 גרם,false,0,3.90,1.95,true,1,
7290004131531,false,משקאות חלב תנובה שוקו בקבוק 1ל,פארייפאבה אגרואינדוס,IL,שוקו בקבוק,ליטרים,1.00,ליטר,false,0,10.00,10.00,true,1,
7290004131814,false,גבינה צפתית 5% מעודנת 200 ג' פיראוס,פארייפאבה אגרואינדוס,IL,פיראוס צפתית5%,גרמים,200.00,100 גרם,false,0,12.90,6.45,true,1,
7290004132231,false,חלב פלוס לקפה 3.5% שומן,"תנובה, מחלבת רחובות",IL,חלב פלוס לקפה,מיליליטרים,800.00,"100 מ""ל",false,0,6.50,0.81,true,1,
7290004132507,false,יופלה+מכסה דגנים מצופה,תנובה מרכז שיתופי לש,IL,יופלה עם מכסה,גרמים,167.00,100 גרם,false,0,5.20,3.11,true,1,
7290004132514,false,משקה שוקו בננה בקבוק,פארייפאבה אגרואינדוס,IL,משקה שוק בננה,ליטרים,1.00,ליטר,false,0,10.00,10.00,true,1,
7290004132552,false,משקה סויה בטעם טבעי לייט תנובה 1 ליטר,תנובה מרכז שיתופי לש,IL,משקה סויה,ליטרים,1.00,ליטר,false,0,9.90,9.90,true,1,
7290004132606,false,"קרלו מעדן חלב בטעם וניל 2% תנובה 8*100 מ""ל",תנובה מרכז שיתופי לש,IL,קרלו וניל 8 יח',גרמים,800.00,100 גרם,false,0,13.20,1.65,true,1,
7290004133009,false,"קרם צמחי לבישול 250 מ""ל",תנובה,IL,קרם צמחי לבישול,מיליליטרים,250.00,"100 מ""ל",false,1,9.50,3.80,true,1,
7290004133108,false,יופלה לבן+מכסה גרנולה170,תנובה מרכז שיתופי לש,IL,יופלה עם מכסה,גרמים,170.00,100 גרם,false,0,5.10,3.00,true,1,
7290004133207,false,יופלה לבן 0% שומן 200גרם,מחלבת אלון תבור,IL,יופלה לבן 0%שומן,גרמים,200.00,100 גרם,false,0,3.80,1.90,true,1,
7290004133511,false,יופלה מאגדת לבן 1.5% מעודן 8 יח' * 150 ג',מיוצר עי קונדיטוריית,IL,יופלה מעודן 8 יח,קילוגרמים,1.20,"ק""ג",false,0,19.90,16.58,true,1,
7290004133627,false,חלב על הבוקר וניל 3% 1 ל,תנובה מרכז שיתופי לש,IL,חלב על הבוקר 3%,ליטרים,1.00,ליטר,false,0,7.90,7.90,true,1,
7290004133900,false,קצפת צמחית השף הלבן250מל,סוי מג'יק,IL,קצפת צמחית,מיליליטרים,250.00,"100 מ""ל",false,0,9.00,3.60,true,1,
7290004134198,false,"משקה בננה בקבוק 250 מ""ל",תנובה,IL,משקה בננה בקבוק,מיליליטרים,250.00,"100 מ""ל",false,0,5.20,2.08,true,1,
7290004134945,false,יוגורט מוקה 3% שומן 150 ג' יופלה,תנובה מרכז שיתופי לש,IL,יופלה מוקה 3%,גרמים,150.00,100 גרם,false,0,5.00,3.33,true,1,
7290004134983,false,פרוסות גבינת עמק 5% 200ג,תנובה,IL,גבינת עמק 5%,גרמים,200.00,100 גרם,false,0,17.20,8.60,true,1,
7290004135058,false,שמיניית קרלו מיני שוקולד 100 גרם מהדרין,תנובה מרכז שיתופי לש,,קרלו שוקולד 8 יח,גרמים,800.00,100 גרם,false,0,13.20,1.65,true,1,
7290004135225,false,מעדן חלב דל קלוריות בטעם שוקולד 0.2שומ,תנובה מרכז שיתופי לש,IL,מעדן דיאט שוקולד,גרמים,150.00,100 גרם,false,0,3.80,2.53,true,1,
7290004135324,false,פיראוס בולגרית מע5%משקל,תנובה מרכז שיתופי לש,IL,פיראוס בולגרית מע5%משקל,קילוגרמים,0.00,"ק""ג",true,0,49.00,49.00,true,1,
7290004135614,false,גבינה בולגרית מעודנת 5% פיראוס 250 גרם,תנובה חלב,IL,בולגרית פיראוס5%,גרמים,250.00,100 גרם,false,0,20.90,8.36,true,1,
7290004135621,false,בולג. מעוד.פיראוס 2503%ג,תנובה,IL,בולגרית פיראוס3%,גרמים,250.00,100 גרם,false,0,20.90,8.36,true,1,
7290004136130,false,"שוקו תנובה בקבוק 340 מ""ל",תנובה,IL,שוקו תנובה בקבוק,מיליליטרים,340.00,"100 מ""ל",false,0,6.30,1.85,true,1,
7290004136154,false,"משקה חלב אייס קפה תנובה בבקבוק 340 מ""ל",גוד פוד פרודקטס S.p,IL,משקה אייס קפה,מיליליטרים,340.00,"100 מ""ל",false,0,6.30,1.85,true,1,
7290004136192,false,מילק שייק פונץ בננה 250מ,תנובה,IL,מילק שייק פונץ,מיליליטרים,250.00,"100 מ""ל",false,0,5.80,2.32,true,1,
7290004136598,false,מארז הפסקת אוכל עם קורנפלקס ומשקה חלב עמיד בטעם וניל,פארייפאבה אגרואינדוס,IL,חלב עם דגנים,יחידה,1.00,יחידה,false,0,8.80,8.80,true,1,
7290004136857,false,מעדן גלי פטל תנובה 125 גרם,תנובה מרכז שיתופי לש,IL,מעדן ג'לי פטל,גרמים,125.00,100 גרם,false,0,2.30,1.84,true,1,
7290004136871,false,מעדן ג'לי בטעם אפרסק עם חתיכות תנובה 125 גרם,תנובה מרכז שיתופי לש,,מעדן ג'לי אפרסק,גרמים,125.00,100 גרם,false,0,2.80,2.24,true,1,
7290004137021,false,"שמנת עמידה לבישול מופחת שומן 10% השף הלבן 250 מ""ל",תנובה מרכז שיתופי לש,IL,שמנת לבישול10%,מיליליטרים,250.00,"100 מ""ל",false,0,8.10,3.24,true,1,
7290004137311,false,עמק לייט משפחתית 9% 400ג-ועדת מהדרין,תנובה חלב,IL,גבינת עמק לייט,גרמים,400.00,100 גרם,false,0,29.80,7.45,true,1,
7290004165017,false,"רסק תפו""ע 600 גרם טבעי ללא סוכר יכין","זנלכל בע""\מ",IL,"רסק תפו""ע בלי סוכר560גרם",גרמים,560.00,100 גרם,false,0,5.90,1.05,true,1,
7290004199166,false,כפפות לאטקס 100 יח' EASY TOUCH- S,הדקלאים אגודת שיתופי,IL,כפפות לטקס,יחידה,1.00,יחידה,false,0,20.00,20.00,true,1,
7290004219819,false,קומפלטה מלבין קפה הולנדי 200ג,פריזלנד פודס קיוויט,NL,מלבין קפה,גרמים,200.00,100 גרם,false,0,9.90,4.95,true,1,
7290004225025,false,בסגנון פטה במשקל,מאמן,IL,סגנון פטה,קילוגרמים,0.00,"ק""ג",true,0,39.00,39.00,true,1,
7290004225513,false,כתף מיושן אלגאוצ'ו קג,אלגרצ'ו,IL,כתף מיושן אלגאוצ'ו קג,קילוגרמים,0.00,"ק""ג",true,0,59.90,59.90,true,1,
7290004225537,false,אנטריקוט מעובד מופשר קג,אלגרצ'ו,IL,אנטריקוט מיושןאג,קילוגרמים,0.00,"ק""ג",true,0,99.90,99.90,true,1,
7290004225544,false,צלי כתף מיושן אלגאוצ'ו ק,אלגרצ'ו,IL,צלי כתף מיושן אלגאוצ'ו ק,קילוגרמים,0.00,"ק""ג",true,0,84.20,84.20,true,1,
7290004225582,false,שריר מיושן אל גאוצ'ו קג,אלגרצ'ו,IL,שריר מיושן אל גאוצ'ו קג,קילוגרמים,0.00,"ק""ג",true,0,54.90,54.90,true,1,
7290004230067,false,פיצה משפחתית שגב 350גרם,שגב,IL,פיצה משפחתית שגב,גרמים,350.00,100 גרם,false,1,16.90,4.83,true,1,
7290004230081,false,קציצות עוף ברוטב עגבניות שגב 800 גרם,"טיבון ויל אחזקות בע""\מ",IL,קציצות עוף ברוטב,גרמים,800.00,100 גרם,false,0,34.60,4.33,true,1,
7290004230104,false,קציצות בקר ברוטב עגבניות שגב,טיבון ויל אחזקות בעמ,IL,קציצות בקר ברוטב,גרמים,800.00,100 גרם,false,14,34.60,4.33,true,1,
7290004230265,false,שוארמה מזרחית שגב 500גרם,טיבון ויל,IL,שוארמה מזרחית,גרמים,500.00,100 גרם,false,1,39.60,7.92,true,1,
7290004230326,false,"שטרודל פילו תפ""ע שגב לנדא",שלושת האופים שגמור,IL,מקלות פילו ת.עץ,גרמים,600.00,100 גרם,false,0,20.70,3.45,true,1,
7290004230340,false,מקלות בורקס פילו תרד ובצל שגב 600 ג,האי נאם סי או אל.טי.,IL,מקלות בורקס פילו תרד בצל,גרמים,600.00,100 גרם,false,0,20.70,3.45,true,1,
7290004230364,false,שגב מקלות בורקס פילו גבינה צרפתי 600 גר,שלושת האופים שגמור,IL,מקלות בורקס פילו צרפתי 6,גרמים,600.00,100 גרם,false,0,20.70,3.45,true,1,
7290004230470,false,סופלה שוקולד בלגי 360 גר,שגב,IL,סופלה שוקולד בלגי 360 גר,גרמים,360.00,100 גרם,false,0,18.70,5.19,true,1,
7290004263027,false,קבב בקר בית יוסף 500 גרם,טיבון ויל אחזקות בעמ,IL,קבב בקר בית יוסף 500 גרם,גרמים,500.00,100 גרם,false,0,19.20,3.84,true,1,
7290004263034,false,בורגר חלק קפוא למהדרין עטרה 500 גרם,טיבון ויל אחזקות בעמ,IL,המבורגר בית יוסף יח,גרמים,500.00,100 גרם,false,0,19.20,3.84,true,1,
7290004263041,false,גולש בקר מחיר לפי משקל,עטרה,IL,גולש בקר מחיר לפי משקל,קילוגרמים,0.00,"ק""ג",true,0,42.50,42.50,true,1,
7290004263652,false,נקניקיות עוף עטרה 400 גרם,מעדני הטלה והעגל,IL,נקניקיות עוף 400 גרם,גרמים,400.00,100 גרם,false,0,11.80,2.95,true,1,
7290004369620,false,לדר 100גרם,ששון,IL,לדר 100גרם,גרמים,100.00,100 גרם,false,0,10.00,10.00,true,1,
7290004423353,false,משקה פריגת תפוחים 1.5 ל',מבשלות בירה בינלאומיות ב,IL,פריגת תפוחים,ליטרים,1.50,ליטר,false,0,6.50,4.33,true,1,
7290004492311,false,בייגלה שמיניות לל.מלח400,יוניליוור,IL,בייגלה גדול,גרמים,400.00,100 גרם,false,0,13.80,3.45,true,1,
7290004492755,false,נישנושים בצל שמנת 300גרם,גוצ'מולר,IL,נישנושים בצל,גרמים,300.00,100 גרם,false,0,10.00,3.33,true,1,
7290004492762,false,"נשנושים תירס אפוי טעם טבעי בייגל בייגל 325 גרם בד""צ",בייגל את בייגל מזון 198),IL,נישנושים תירס,גרמים,325.00,100 גרם,false,0,10.00,3.08,true,1,
7290004492779,false,נישנושים זעתר 300 גרם,גוצ'מולר,IL,נישנושים זעתר,גרמים,300.00,100 גרם,false,0,10.00,3.33,true,1,
7290004532338,false,קוקטייל יבשים350ג פ.הטיב,פיצוחי הטיב,IL,קוקטייל פ.יבשים,גרמים,350.00,100 גרם,false,0,24.70,7.06,true,1,
7290004536022,false,ספונטקס - כפפות זוג מס' 7,ספונטקס,FR,כפפות ספונטקס,יחידה,1.00,יחידה,false,0,6.70,6.70,true,1,
7290004584351,false,גבינה לבנה סימפוניה עם תוספות 200 ג' חמישית 200,"שטראוס בריאות בע""\מ",IL,גבינת סימפוניה,גרמים,200.00,100 גרם,false,0,10.90,5.45,true,1,
7290004584528,false,יוגורט דנונה ביו לבן 1.7% שומן 200 גרם,מיוצר עי קונדיטוריית,IL,יוגורט ביו 1.7%,גרמים,200.00,100 גרם,false,0,3.60,1.80,true,1,
7290004585907,false,דני ועדן וניל 1.5% 125ג' שטראוס,מיוצר עי קונדיטוריית,IL,דני וניל 1.5%,גרמים,125.00,100 גרם,false,0,2.60,2.08,true,1,
7290004603175,false,מלח הים האדום גס מלח הארץ 500 גרם,"חברת מלח הארץ אילת בע""\מ",IL,מלח ים גס,גרמים,500.00,100 גרם,false,0,7.30,1.46,true,1,
7290004611590,false,עוף טרי מחולק פ4- (עצמי),שונות,IL,עוף טרי מחולק,קילוגרמים,0.00,"ק""ג",true,0,21.90,21.90,true,1,
7290004639006,false,קוסקוס טוניסאי קפוא 800 גר,מטעמי פאר,IL,קוסקוס מוקפא,גרמים,800.00,100 גרם,false,0,15.80,1.98,true,1,
7290004658953,false,יין סוביניון בלאן פרייבט קולקשן יקבי כרמל,"כד בני דרום בע""מ",IL,סוביניון בלאן,מיליליטרים,750.00,"100 מ""ל",false,0,29.60,3.95,true,1,
7290004685010,false,לחם 100% שיפון פלוס לחם הארץ 500 גר',מאפית י את א ברמן בע,IL,לחם 100% שיפון קל 500 גר,גרמים,500.00,100 גרם,false,0,14.90,2.98,true,1,
7290004685027,false,לחם חיטה מלאה פלוס לחם הארץ 500 גרם,מאפית י את א ברמן בע,IL,לחם מחיטה מלאה קל 500 גר,גרמים,500.00,100 גרם,false,0,14.90,2.98,true,1,
7290004685140,false,לחם הארץ שיפון 750 גרם,מאפית ברמן,IL,לחם הארץ שיפון 750 גרם,גרמים,750.00,100 גרם,false,0,14.90,1.99,true,1,
7290004685157,false,לחם שיפון 100% 750 גרם לחם הארץ,מאפית י את א ברמן בע,IL,לחם שיפון 100%פרוס 750ג,גרמים,750.00,100 גרם,false,0,14.90,1.99,true,1,
7290004685195,false,לחם 10 דגנים לחם הארץ 750 גרם,מאפית י את א ברמן בע,IL,לחם 10 דגנים פרוס 750גרם,גרמים,750.00,100 גרם,false,0,14.90,1.99,true,1,
7290004685225,false,לחם הארץ שיפון פומפרניקל 750 גרם,מאפית י את א ברמן בע,IL,לחם פומפרניקל 750 גרם,גרמים,750.00,100 גרם,false,0,14.90,1.99,true,1,
7290004731076,false,אל סבון נוזלי עם אלוורה כיף 1 ליטר,טרופיקל דגיל תעשיות,IL,אל סבון כיף,ליטרים,1.00,ליטר,false,0,10.00,10.00,true,1,
7290004731083,false,כיף אל סבון גנסינג 1 ליטר משאבה,טרופיקל דגיל תעשיות,IL,אל סבון כיף,ליטרים,1.00,ליטר,false,0,10.00,10.00,true,1,
7290004731090,false,אלסבון כיף קמומיל 1 ליטר,קוסמופארם בע'\'\מ,IL,אל סבון כיף קמומיל 1ליטר,ליטרים,1.00,ליטר,false,0,10.00,10.00,true,1,
7290004731137,false,קרמה קרם ידיים לעור יבש,קוסמופארם,IL,קרמה קרם ידיים,מיליליטרים,100.00,"100 מ""ל",false,0,10.80,10.80,true,1,
7290004731281,false,ספא אלסבון פצ'ולי לבנדר קרמה,קוסמופארם בעמ,IL,קרמה ספא אלסבו,מיליליטרים,500.00,"100 מ""ל",false,0,12.90,2.58,true,1,
7290004731298,false,קרמה ספא אלסבון וניל500מ,קוסמופארם,IL,קרמה ספא אלסבו,מיליליטרים,500.00,"100 מ""ל",false,0,12.90,2.58,true,1,
7290004731472,false,"אל סבון צבעוני כיף שלישיה* 500 מ""ל",טרופיקל דגיל תעשיות,IL,שלישית אלסבון,ליטרים,1.50,ליטר,false,0,18.70,12.47,true,1,
7290004731670,false,"מטהר אוויר דואופרש פצ'ולי לבנדר סנו 300 מ""ל","סנו מפעלי ברונוס בע""\מ",IL,סנו דואו פרש,מיליליטרים,300.00,"100 מ""ל",false,0,10.00,3.33,true,1,
7290004869120,false,לחם אחיד קל פרוס 750 גרם,מאפיית שלמה א. אנג'ל,IL,לחם אחיד קל פרוס 750 גרם,גרמים,750.00,100 גרם,false,0,14.90,1.99,true,1,
7290004923099,false,שישיית מים עין גדי 2 ליטר,עין גדי מיים מינרלים,IL,מים עין גדי 6 יח,ליטרים,12.00,ליטר,false,0,10.90,0.91,true,1,
7290005008153,false,3 מברשות קולגייט זיג זג,הנסיך- מפעל לייצור ט,VN,3 מברשות שיניים,יחידה,1.00,יחידה,false,0,21.80,21.80,true,1,
7290005008191,false,"סבון נוזלי ארומה בניחוח לבנדר פטצ'ולי וילנג ילנג פלמוליב 500 מ""ל",הנסיך- מפעל לייצור ט,IT,סב.נוזלי פלמוליב,מיליליטרים,500.00,"100 מ""ל",false,0,15.00,3.00,true,1,
7290005041129,false,מעדני הטלה קבב גמבו,לאטי עזרא גלם ודגים,IL,קבב ג'מבו מזרחי,גרמים,1000.00,100 גרם,false,0,57.40,5.74,true,1,
7290005041198,false,מעדני הטלה קבב ביתי,לאטי עזרא גלם ודגים,IL,קבב ביתי,גרמים,1000.00,100 גרם,false,0,57.40,5.74,true,1,
7290005068058,false,תירס קל מופחת קלוריות 550 ג' פרי הגליל,"פרי הגליל בע""""מ",IL,תירס קל,גרמים,550.00,100 גרם,false,0,7.70,1.40,true,1,
7290005079221,false,בולגרית מעודנת במשקל,מחלבת משק צוריאל,IL,בולגרית מעודנת5% משקל,קילוגרמים,0.00,"ק""ג",true,0,58.00,58.00,true,1,
7290005079238,false,פטה עיזים מעודנת16% משקל,מחלבת משק צוריאל,IL,פטה עיזים מעודנת16% משקל,קילוגרמים,0.00,"ק""ג",true,0,99.00,99.00,true,1,
7290005079320,false,בולגרית גלילית 24% במשקל,משק צוריאל תבור,IL,גבינה בולגרית 24% במשקל,קילוגרמים,0.00,"ק""ג",true,1,55.00,55.00,true,1,
7290005084355,false,"סנסודיין - משחת שיניים דואל קר זהב 75 מ""ל",גלקסו סמית קליין,GB,משחת שיניים,מיליליטרים,75.00,"100 מ""ל",false,0,19.70,26.27,true,1,
7290005111761,false,"מזון לכלבים בונזו מזון כלבים בשר 3 ק""ג","ביופט בע""מ",IL,בונזו בשר,קילוגרמים,3.00,"ק""ג",false,0,41.90,13.97,true,1,
7290005174513,false,סלט חצילים במיונז אחלה 500 גרם,מיוצר עי קונדיטוריית,IL,סלט חציל מיונז,גרמים,500.00,100 גרם,false,0,15.90,3.18,true,1,
7290005174551,false,סלט חומוס עם צנוברים 125 ג' אחלה,מיוצר עי קונדיטוריית,IL,חומוס יום יום,גרמים,125.00,100 גרם,false,0,4.80,3.84,true,1,
7290005174575,false,טחינה אחלה יום יום משובחת 125ג',מיוצר עי קונדיטוריית,IL,טחינה יום יום,גרמים,125.00,100 גרם,false,0,4.80,3.84,true,1,
7290005182136,false,סוכרה דיאט 100 יחידות80ג,מתוק וקל,IL,סוכרה דיאט 100 יחידות80ג,גרמים,80.00,100 גרם,false,0,25.90,32.38,true,1,
7290005191602,false,משקה סויה-סידן 3יח250X'ג,אלפרו,BE,משקה סויה-סידן 3יח250X'ג,מיליליטרים,750.00,"100 מ""ל",false,0,13.70,1.83,true,1,
7290005197628,false,שוקולד חלב פרה 100*6 גרם,"שטראוס גרופ בע""\מ.",IL,שוקולד חלב 6 יח,גרמים,600.00,100 גרם,false,0,24.90,4.15,true,1,
7290005197635,false,שוקולד מריר פרה 100*6 גר,STRAUSS-ISRAEL,IL,שוקולד מריר 6 יח,גרמים,600.00,100 גרם,false,0,24.90,4.15,true,1,
7290005199622,false,עד חצות ביסקוויט פרי,STRAUSS-ISRAEL,IL,עד חצות מריר,גרמים,200.00,100 גרם,false,0,12.90,6.45,true,1,
7290005200908,false,שוק.פרה עם ביסקוויט 100ג,מיוצר עי קונדיטוריית,IL,שוקולד+ביסקויט,גרמים,100.00,100 גרם,false,0,5.70,5.70,true,1,
7290005201455,false,קפה נמס מגורען ארומה קלאסי עלית 200 גרם,"אינסטנטה בע""מ",IL,קפה נמס ארומה,גרמים,200.00,100 גרם,false,0,23.90,11.95,true,1,
7290005201882,false,קפה טורקי בצלופן עלית 200 גרם,הנסיך- מפעל לייצור ט,IL,קפה טורקי בצלופן,גרמים,200.00,100 גרם,false,0,15.90,7.95,true,1,
7290005270000,false,עלי סיגר מרוקאי 500,"חמים וטעים בע""מ",IL,עלי סיגר מרוקאי,גרמים,500.00,100 גרם,false,0,11.80,2.36,true,1,
7290005287077,false,טונה בשמן צמחי 110*4 גרם,סטארקיסט,IL,טונה סטארקיסט4יח,גרמים,440.00,100 גרם,false,0,22.70,5.16,true,1,
7290005287206,false,טונה סטארקיסט רביעיות בשמן 492 גרם,"סטארקיסט פודור בע""מ",IL,טונה סטארקיסט4יח,גרמים,640.00,100 גרם,false,0,26.90,4.20,true,1,
7290005287251,false,רביעיית טונה במים סטארקיסט 160 גרם,"סטארקיסט פודור בע""מ",IL,טונה סטארקיסט4יח,גרמים,640.00,100 גרם,false,0,26.90,4.20,true,1,
7290005287510,false,"סטארקיסט טונה בשמן עם פלפל חריף 160 גרם בד""צ","סטארקיסט פודור בע""מ",IL,טונה עם פלפל,גרמים,160.00,100 גרם,false,0,6.80,4.25,true,1,
7290005287527,false,"סטארקיסט טונה בשמן עם לימון 160 גרם בד""צ","סטארקיסט פודור בע""מ",IL,טונה עם לימון,גרמים,160.00,100 גרם,false,0,6.80,4.25,true,1,
7290005287749,false,סטארקיסט טונה 5% טבעי 160ג,סטארקיסט,IL,טונה 5%טעם טבעי,גרמים,160.00,100 גרם,false,0,6.80,4.25,true,1,
7290005287978,false,פילה טונה מעושנת 110 גרם,סטארקיסט,IL,פילה טונה,גרמים,110.00,100 גרם,false,0,12.90,11.73,true,1,
7290005326523,false,ממרח פסטו פטרוזיליה ונענע אוליביה 180 גרם,אוליביה,IL,פסטו פטרוזיליה,גרמים,180.00,100 גרם,false,1,12.90,7.17,true,1,
7290005423543,false,משחת שיניים מלבינה לבן אורביטול 145 גרם,טרופיקל דגיל קוסמטיק,IL,משחת שיניים,גרמים,145.00,100 גרם,false,0,9.90,6.83,true,1,
7290005423635,false,ריצפז נוזל רצפות דוחה תיקנים סנו 2 ליטר,מיוצר עי קונדיטוריית,IL,ריצפז דוחה חרקים,ליטרים,2.00,ליטר,false,0,20.90,10.45,true,1,
7290005423734,false,מרכך כביסה מרוכז אולטרא פרש סנו מקסימה 4 ליטר,"סנו מפעלי ברונוס בע""\מ",IL,מרכך כביסה,ליטרים,4.00,ליטר,false,0,19.90,4.98,true,1,
7290005423833,false,פוליויקס נוזל לניקוי פרקט סנו 2 ליטר,"סנו מפעלי ברונוס בע""\מ",IL,פוליויקס פרקט,ליטרים,2.00,ליטר,false,0,29.90,14.95,true,1,
7290005423871,false,שלישיית משחת שיניים מנטול אורביטול 145 גרם,טרופיקל דגיל תעשיות קוסמ,IL,משחת אורביטול145*3ג,גרמים,435.00,100 גרם,false,0,15.00,3.45,true,1,
7290005423918,false,סנו - מקסימה מרכך כביסה היפואלרגני אלוורה 4 ליטר,"סנו מפעלי ברונוס בע""\מ",IL,מרכך כביסה,ליטרים,4.00,ליטר,false,0,20.80,5.20,true,1,
7290005424311,false,"קוטל חרקים רב קוטל K סנו 500 מ""ל",מיוצר עי קונדיטוריית,IL,סנו K רב קוטל,מיליליטרים,500.00,"100 מ""ל",false,0,19.90,3.98,true,1,
7290005424403,false,"אל סבון כיף אצות ים קטיפתי 1ליטר,",טרופיקל דגיל תעשיות,IL,אל סבון כיף,ליטרים,1.00,ליטר,false,0,10.00,10.00,true,1,
7290005424694,false,"קרמה קלאסי - תחליב רחצה 750 מ""ל",טרופיקל דגיל תעשיות,IL,קרמה תחליב רחצה,מיליליטרים,750.00,"100 מ""ל",false,0,15.00,2.00,true,1,
7290005424762,false,ריצפז פלוס ווקס נוזל להברקת רצפות דוחה תיקנים סנו 2 ליטר,"סנו מפעלי ברונוס בע""\מ",IL,ריצפז פלוס+ווקס,ליטרים,2.00,ליטר,false,0,26.30,13.15,true,1,
7290005424915,false,"סנומוד מבשם אויר בניחוח לבנדר פטצ'ולי סנו 150 מ""ל",סנו מפעלי בורונוס בע,IL,סומוד פצ'ולי לבנ,מיליליטרים,150.00,"100 מ""ל",false,0,11.90,7.93,true,1,
7290005425011,false,סנו ג'ט 80 מטליות לחות לניקוי כללי,פאלאס,IL,סנו ג'ט מטליות,יחידה,1.00,יחידה,false,0,14.70,14.70,true,1,
7290005425073,false,"מטהר אויר בניחוח יסמין ועץ סאנדלווד סנו 300 מ""ל","סנו מפעלי ברונוס בע""\מ",IL,סנו דואו פרש,מיליליטרים,300.00,"100 מ""ל",false,0,10.00,3.33,true,1,
7290005425196,false,"מקסימה אבקת כביסה סנסיטיב סנו 2.5 ק""ג",מיוצר עי קונדיטוריית,IL,אבקת כביסה,קילוגרמים,2.50,"ק""ג",false,0,20.00,8.00,true,1,
7290005425202,false,אבקת כביסה ביו מקסימה לכתמים קשים,"סנו מפעלי ברונוס בע""\מ",IL,אבקת כביסה,קילוגרמים,2.50,"ק""ג",false,0,20.00,8.00,true,1,
7290005425646,false,קליר נוזל לניקוי חלונות רב תכליתי סנו 1 ליטר,"סנו מפעלי ברונוס בע""\מ",IL,סנוקליר 1 ליטר,ליטרים,1.00,ליטר,false,0,9.50,9.50,true,1,
7290005425745,false,אורביטול - משחת שיניים אלפיין פרש 145 גרם,טרופיקל דגיל,IL,משחת שיניים,גרמים,145.00,100 גרם,false,0,9.90,6.83,true,1,
7290005425783,false,קרם גוף קרמה קלאסי 500מל,קוסמופארם בע'\'\מ,IL,קרם גוף קרמה,מיליליטרים,500.00,"100 מ""ל",false,0,21.70,4.34,true,1,
7290005425912,false,אוקסיג'ן ג'ל להסרת כתמים עם חמצן פעיל סנו 4 ליטר,סנו אוקסיג'ן,IL,ג'ל אוקסיג'ן 4ל',ליטרים,4.00,ליטר,false,0,30.00,7.50,true,1,
7290005425998,false,אל סבון בייבי כיף 1 ליטר,קוסמופארם,IL,אל סבון בייבי,ליטרים,1.00,ליטר,false,0,19.70,19.70,true,1,
7290005426230,false,מטלית הפלא לרצפה מיקרופייבר סנו 1יח',סנו סושי,IL,מטליות הפלא רצפה,יחידה,1.00,יחידה,false,0,10.00,10.00,true,1,
7290005426360,false,קרמה תח.רחצה חלב ודבש750,קוסמופארם,IL,קרמה תחליב רחצ,מיליליטרים,750.00,"100 מ""ל",false,0,15.00,2.00,true,1,
7290005426940,false,"סנו K-300 מדביר חרקים 475 מ""ל",טרופיקל דגיל תעשיות,IL,300-K פלוס,מיליליטרים,400.00,"100 מ""ל",false,0,17.50,4.38,true,1,
7290005426971,false,סנובון סבון לאסלה תפוח כחול סנו 3 יחידות,סנו מפעלי ברונו בעמ,IL,סנובון שלישיה,גרמים,150.00,100 גרם,false,0,15.00,10.00,true,1,
7290005427107,false,סנו - סושי מגבות נייר הפלא 6 יחידות,מיוצר עי קונדיטוריית,IL,מגבות נייר סנו,מטרים,63.00,מטר,false,0,9.90,0.16,true,1,
7290005427497,false,מרכך כיף לשיער רגיל 750מ,קוסמופארם בע''מ,IL,מרכך כיף,מיליליטרים,750.00,"100 מ""ל",false,0,10.00,1.33,true,1,
7290005427503,false,מרכך כיף לשיער יבש 750מל,קוסמופארם,IL,מרכך כיף לשיער,מיליליטרים,750.00,"100 מ""ל",false,0,10.00,1.33,true,1,
7290005427541,false,תחליב רח.כיף חלב שקד750מ,קוסמופארם,IL,תחליב רחצה כיף,מיליליטרים,750.00,"100 מ""ל",false,0,10.00,1.33,true,1,
7290005427558,false,תחליב רח.כיף חלב ודבש750,קוסמופארם,IL,תחליב רחצה כיף,מיליליטרים,750.00,"100 מ""ל",false,0,10.00,1.33,true,1,
7290005427565,false,שמפו כיף לשיער רגיל 750מ,קוסמופארם,IL,שמפו כיף,מיליליטרים,750.00,"100 מ""ל",false,0,10.00,1.33,true,1,
7290005427572,false,שמפו כיף לשיער יבש 750מל,קוסמופארם,IL,שמפו כיף,מיליליטרים,750.00,"100 מ""ל",false,0,10.00,1.33,true,1,
7290005427602,false,"שמפו + מרכך כיף 750 מ""ל",קוסמופארם,IL,שמפו+מרכך כיף,מיליליטרים,750.00,"100 מ""ל",false,0,10.00,1.33,true,1,
7290005427633,false,"כיף גל לשיער לשיער חזק במיוחד 1 ק""ג",קוסמופארם,IL,ג'ל כיף לשיער,קילוגרמים,1.00,"ק""ג",false,0,24.90,24.90,true,1,
7290005427923,false,קרמה תח.רחצה פסיפלורה750,קוסמופארם,IL,קרמה תחליב רחצ,מיליליטרים,750.00,"100 מ""ל",false,0,15.00,2.00,true,1,
7290005427978,false,"תחליב רחצה לפנים פילינג קרמה 180 מ""ל",גוד פוד פרודקטס S.p,IL,תחליב רחצה לפנים,מיליליטרים,180.00,"100 מ""ל",false,0,12.90,7.17,true,1,
7290005428852,false,ממחטות טישו צבעוניים סנו סופט 5 יח' *100דף,ישרפייפר,IL,מגבוני סנו סופט,יחידה,1.00,יחידה,false,0,12.90,12.90,true,1,
7290005429279,false,סנו מקסימה קומפקט קומפקט אפקט גאוול 6 ק,סנו מפעלי ברונוס בעמ,IL,אבקת כביסה,קילוגרמים,6.00,"ק""ג",false,0,44.90,7.48,true,1,
7290005429286,false,"אבקת כביסה ביו סנו מקסימה 6 ק""ג",סנו מקסימה,IL,אבקת מקסימה קומפקט ביו6ק,קילוגרמים,6.00,"ק""ג",false,0,44.90,7.48,true,1,
7290005430480,false,"מטליות פלא מייקרופייבר כחול ""סנוסושי""",קריות זול,IL,מטלית הפלא,יחידה,1.00,יחידה,false,0,7.90,7.90,true,1,
7290005430602,false,"סנו אוקסיג'ן ספריי להסרת כתמים עם חמצן פעיל 750 מ""ל","סנו מפעלי ברונוס בע""",IL,אוקסיג'ן מ.כתמים,מיליליטרים,750.00,"100 מ""ל",false,0,15.00,2.00,true,1,
7290005431609,false,מעדן טירמיסו עדן זוג,יושלם,IL,טירמיסו 2 יח,גרמים,172.00,100 גרם,false,0,12.20,7.09,true,1,
7290005431692,false,עוג.גבינה אוכמניות90*2גר,תנובה,IL,זוג עוגות גבינה,גרמים,180.00,100 גרם,false,1,12.20,6.78,true,1,
7290005431708,false,עוגת גבינה ושוקולד90*2גר,תנובה,IL,זוג עוגות גבינה,גרמים,180.00,100 גרם,false,1,12.20,6.78,true,1,
7290005477669,false,סבון נוזלי דרמפון מועשר לחות קרליין 1 ליטר,"אמיליה קוסמטיקס בע""מ",IL,דרמפון סבון לחות,ליטרים,1.00,ליטר,false,0,16.90,16.90,true,1,
7290005509445,false,עוגיות מיני קוקיס חמאה בצנצנת כרמית 600 גרם,כרמית תעשיות ממתקים,IL,מיני קוקיס,גרמים,750.00,100 גרם,false,0,19.60,2.61,true,1,
7290005540448,false,קפסולות אספרסו זהב 50גרם,ורנינו,IT,קפסולות אספרסו,גרמים,50.00,100 גרם,false,1,15.90,31.80,true,1,
7290005559587,false,מאפה נקניקיה בבצק מעדנות 800ג',"מעדנות בע""\מ",IL,מאפה נקניקיות,גרמים,800.00,100 גרם,false,0,28.10,3.51,true,1,
7290005559907,false,פיצה משפחתית 100% גבינה מעדנות 500 גרם,מיוצר עי קונדיטוריית,IL,פיצה משפחתית גבינה 500גר,גרמים,500.00,100 גרם,false,0,23.70,4.74,true,1,
7290005559914,false,פיצה משפחתית עם 100% גבינה בתוספת זיתים מעדנות 550 גרם,מיוצר עי קונדיטוריית,IL,פיצה משפחתית,גרמים,550.00,100 גרם,false,0,24.70,4.49,true,1,
7290005559969,false,משולש פיצה אישי גבינה750,"מעדנות בע""מ",IL,מארז משולשי פיצה,גרמים,750.00,100 גרם,false,0,36.00,4.80,true,1,
7290005559983,false,חטיפי פיצה גבינה 650 גרם,"מעדנות בע""מ",IL,חטיפי פיצה גבינה,גרמים,650.00,100 גרם,false,0,33.00,5.08,true,1,
7290005559990,false,בצק פילאס תורכי מעדנות 600 גרם,מיוצר עי קונדיטוריית,IL,בצק פילאס תורכי,גרמים,600.00,100 גרם,false,0,24.00,4.00,true,1,
7290005564680,false,תפוזינה לימונדה ורודה1.5,יפאורה שותפות מובגלת לשיווק,IL,משקה לימונדה,ליטרים,1.50,ליטר,false,0,5.90,3.93,true,1,
7290005591761,false,דבש טהור מפרחי בר בלחיץ 400 ג' יד מרדכי,מכוורת יד מרדכי שטרא,IL,דבש מפרחי בר,גרמים,400.00,100 גרם,false,0,22.90,5.73,true,1,
7290005604133,false,פריגת מנגו 1.5 ליטר,מבשלות בירה בינלאומיות ב,IL,פריגת מנגו,ליטרים,1.50,ליטר,false,0,6.50,4.33,true,1,
7290005605901,false,פאנטה בטעם אקזוטי 1.5 לי,החברה המרכזית לייצור משקאות,IL,פאנטה אקזוטי,ליטרים,1.50,ליטר,false,0,6.90,4.60,true,1,
7290005610509,false,צנונית ארוז דוד משה 500ג',ביכורי השקמה,IL,צנונית -יח',יחידה,1.00,יחידה,false,0,5.50,5.50,true,1,
7290005678073,false,פלפל צ'ילי זהבי יחידה,מושב לכיש,IL,פלפל צ'ילי זהבי,יחידה,1.00,יחידה,false,0,5.50,5.50,true,1,
7290005718038,false,"שטרודל תפו""ע","גידרון תעשיות בע""מ",IL,"שטרודל תפו""ע",יחידה,1.00,יחידה,false,0,17.90,17.90,true,1,
7290005780868,false,אנרג'י מיזלי 500 גרם,שטראוס,BE,אנרג'י מוזלי,גרמים,500.00,100 גרם,false,0,15.90,3.18,true,1,
7290005838002,false,מעדן גבינה ויוגורט בטעם וניל 88 ג' דניאלה,"שטראוס בריאות בע""מ",IL,מעדן דניאלה,מיליליטרים,150.00,"100 מ""ל",false,0,4.10,2.73,true,1,
7290005838613,false,"סקי וניל בודד 125 גרם ""שטראוס""","שטראוס בריאות בע""\מ",IL,גבינת סקי וניל,גרמים,125.00,100 גרם,false,0,3.70,2.96,true,1,
7290005838972,false,גבינת יום יום 5% שטראוס 125ג',מיוצר עי קונדיטוריית,IL,גבינת סקי,גרמים,125.00,100 גרם,false,0,3.10,2.48,true,1,
7290005839078,false,שמיניית יוגורט לבן 3% ביו דנונה 150 גרם,מיוצר עי קונדיטוריית,IL,דנונה ביו 8 יח,קילוגרמים,1.20,"ק""ג",false,0,16.90,14.08,true,1,
7290005839108,false,גבינה לבנה סימפוניה עם תוספות 200 ג'+זיתים 5%,"שטראוס בריאות בע""\מ",IL,גבינת סימפוניה,גרמים,200.00,100 גרם,false,0,10.90,5.45,true,1,
7290005839313,false,"מילקי טופ מגולגלת שטראוס 170 מ""ל",מיוצר עי קונדיטוריית,IL,מילקי טופ,מיליליטרים,170.00,"100 מ""ל",false,0,4.90,2.88,true,1,
7290005896439,false,"בירה מכבי, בקבוק חוזר 500 מ''ל","טמפו משקאות בע""מ",IL,בירה מכבי,מיליליטרים,500.00,"100 מ""ל",false,0,5.90,1.18,true,1,
7290005896828,false,סאן בנדטו - מים מינרלים - מארז שישיית 1.5 ליטר,אקווה מינרלה סאן בנדטו ב,IT,מים סן בנדטו 6יח,ליטרים,9.00,ליטר,false,0,14.90,1.66,true,1,
7290005896835,false,סאן בנדטו - שישיית 1.5 ליטר מוגז עדין,טמפו,IT,מים מינרלים 6 יח,ליטרים,9.00,ליטר,false,0,15.90,1.77,true,1,
7290005896972,false,שישיית משקה פפסי מקס,טמפו 7.5%,IL,פפסי מקס 6 יח',ליטרים,9.00,ליטר,false,0,29.90,3.32,true,1,
7290005938030,false,פסטו זעתר פרסקו 220 גרם,נטו מלינדה,IL,פסטו זעתר,גרמים,220.00,100 גרם,false,0,19.50,8.86,true,1,
7290005938245,false,ממרח פסטו קלאסי פרסקו 220ג' מצונן,מיוצר עי פרסקו חצבה,IL,פסטו קלאסי,גרמים,220.00,100 גרם,false,0,19.50,8.86,true,1,
7290005966033,false,"יין הר חרמון לבן 750 מ""ל",יקבי רמת הגולן קצרין,IL,יין לבן חרמון,מיליליטרים,750.00,"100 מ""ל",false,0,29.90,3.99,true,1,
7290005966088,false,"יין הר חרמון אדום עברית 750 מ""ל",יקבי רמת הגולן קצרין,IL,יין אדום חרמון,מיליליטרים,750.00,"100 מ""ל",false,0,29.90,3.99,true,1,
7290005966392,false,גולן קברנה סוביניון750מל,יקבי רמת הגולן קצרין,IL,גולן קברנה סוביניון750מל,מיליליטרים,750.00,"100 מ""ל",false,0,29.90,3.99,true,1,
7290005966903,false,"גולן שיאון אדום 750 מ""ל",יקבי רמת הגולן קצרין,IL,גולן שיאון אדום,מיליליטרים,750.00,"100 מ""ל",false,0,19.90,2.65,true,1,
7290005992018,false,"יוגורט עיזים לשתיה 3% מחלבות גד 500 מ""ל","מיוצר ע""\י קוד יצרן MKN",IL,יוגורט חלב עיזים,מיליליטרים,500.00,"100 מ""ל",false,0,11.90,2.38,true,1,
7290005992735,false,לאבנה טבעית 5% 250 גר' - רבנות,הנסיך- מפעל לייצור ט,IL,גבינת לאבנה גד5%,גרמים,250.00,100 גרם,false,0,11.50,4.60,true,1,
7290006185501,false,"פנינה רוזנבלום -אל סבון נוזלי ורוד,1 ליטר",פנינה רוזנבלום,IL,סבון נוזלי ורוד,ליטרים,1.00,ליטר,false,0,9.80,9.80,true,1,
7290006185518,false,"פנינה רוזנבלום -אל סבון נוזלי כחול,1 ליטר",פנינה רוזנבלום,IL,סבון נוזלי פנינה,ליטרים,1.00,ליטר,false,0,9.80,9.80,true,1,
7290006199027,false,מאגדת גלידל וניל מצופה סורבה תות שדה [8],הגלידות של פלדמן,IL,שלגוני וניל מצופ,גרמים,600.00,100 גרם,false,0,33.50,5.58,true,1,
7290006199331,false,"גלידל אשכול אדום כשל""פ8",גלידות פלדמן,IL,גלידל פרי,גרמים,640.00,100 גרם,false,0,26.80,4.19,true,1,
7290006199942,false,"שמיניית גלידל פרי דובדבן ""פלדמן""",הגלידות של פלדמן,IL,פרי דובדבן 8יח,גרמים,640.00,100 גרם,false,0,26.80,4.19,true,1,
7290006229069,false,ג'אמפ ענבים 1.5 ליטר,טמפו 7.5%,IL,ג'אמפ ענבים,ליטרים,1.50,ליטר,false,0,5.90,3.93,true,1,
7290006241085,false,מיץ סחוט קלמנטינות 2 ל',פריגת,IL,מיץ סחוט קלמנטינות 2 ל',ליטרים,2.00,ליטר,false,0,20.90,10.45,true,1,
7290006251107,false,תה צ'אי מסאלה ויסוצקי 25 יחידות,מולינו ניקולי s.p.a,IL,תה מסאלה צ'אי 25שק2*גרם,גרמים,50.00,100 גרם,false,0,17.50,35.00,true,1,
7290006267191,false,יין אדמה קברנה סובני,תבור,IL,קברנה טרה רוסו,מיליליטרים,750.00,"100 מ""ל",false,0,49.90,6.65,true,1,
7290006267238,false,"יין אדמה מרלו בזלת ""הר תבור""",תבור,IL,מרלו בזלת,מיליליטרים,750.00,"100 מ""ל",false,0,49.90,6.65,true,1,
7290006271174,false,ג'חנון לאפיה בתנור מעדנות 700 גרם,מיוצר עי קונדיטוריית,IL,ג'חנון בצק,גרמים,700.00,100 גרם,false,0,18.70,2.67,true,1,
7290006271181,false,ג'חנון אפוי למיקרוגל מעדנות 750 גרם,מיוצר עי קונדיטוריית,IL,ג'חנון אפוי,גרמים,750.00,100 גרם,false,0,24.70,3.29,true,1,
7290006271273,false,"מיני בורקס תפו""א 800 גרם","מעדנות בע""מ",IL,"מיני בורקס תפו""א",גרמים,800.00,100 גרם,false,0,22.70,2.84,true,1,
7290006271280,false,מיני בורקס גבינה 800 גרם,"מעדנות בע""מ",IL,מיני בורקס גבינה,גרמים,800.00,100 גרם,false,0,26.10,3.26,true,1,
7290006271631,false,חטיפי פיצה זיתים 710 גרם,"מעדנות בע""מ",IL,חטיפי פיצה זיתים,גרמים,710.00,100 גרם,false,0,34.60,4.87,true,1,
7290006271761,false,מיני ג'חנון אפוי מעדנות,מיוצר עי קונדיטוריית,IL,מיני ג'חנון אפוי 600 גרם,גרמים,600.00,100 גרם,false,0,22.70,3.78,true,1,
7290006272430,false,בצק עלים חמאה מעדנות 600 גרם,מיוצר עי קונדיטוריית,IL,בצק עלים חמאה,גרמים,600.00,100 גרם,false,0,27.70,4.62,true,1,
7290006273284,false,עוגת שמרים אספרסו+שוק380,לחמי,IL,עוגת שמרים,גרמים,450.00,100 גרם,false,0,12.90,2.87,true,1,
7290006306319,false,רביולי במילוי בטטה 400 ג' פסטה נונה,דורום תעשיות מזון ופסטה,IL,רביולי בטטה,גרמים,400.00,100 גרם,false,0,19.90,4.98,true,1,
7290006390806,false,חצי ג'בטה אפוי קפוא,גידרון,IL,חצי ג'בטה,יחידה,1.00,יחידה,false,0,3.90,3.90,true,1,
7290006401366,false,"סבון לשטיפה אינטימית ליגיניה פרוטקטיב 200 מ""ל",)פייזר (קונסיומר הלט קר,IT,ליגיניה סבון,מיליליטרים,200.00,"100 מ""ל",false,0,37.10,18.55,true,1,
7290006439444,false,"אורז בסמתי ""גולד"" מוזהב 1 ק""ג שוקחה",צימאן לאל סאטיה-דלהי,IL,אורז בסמתי,קילוגרמים,1.00,"ק""ג",false,0,12.80,12.80,true,1,
7290006459039,false,חלבה פ.יבשים ושקד במשקל,"עדן תעשיות חלבה בע""מ",,חלבה שקדים במשקל,קילוגרמים,0.00,"ק""ג",true,0,42.00,42.00,true,1,
7290006492432,false,גבינת מוצרלה בייבי 18% גד 150 גרם,מחלבות גד בעמ,IL,גבינה מוצרלה,גרמים,150.00,100 גרם,false,0,13.80,9.20,true,1,
7290006492616,false,גבינה בולגרית מעודנת פרוסות 5% גד 250 גרם,DSH עבור מחלבות גד ב,IL,גבינה בולגרית,גרמים,250.00,100 גרם,false,0,24.70,9.88,true,1,
7290006492852,false,גבינת עיזים למריחה 5% 250 גרם רובין,קריות זול,IL,גבינת עיזים גד,גרמים,250.00,100 גרם,false,0,15.00,6.00,true,1,
7290006498052,false,דנונה ביו יוגורט טבעי מהדרין 3% 150 ג',שטראוס גרופ,IL,יוגורט לבן 3%,גרמים,150.00,100 גרם,false,0,2.60,1.73,true,1,
7290006511157,false,"פטריות שלמות ויליפוד 400 גרם בד""ץ",אוקצ'מפס אס.איי אויי,IN,פטריות שלמות,גרמים,400.00,100 גרם,false,0,6.80,1.70,true,1,
7290006550972,false,"טחון בקר עטרה קפוא1 ק""ג",טיבון ויל אחזקות בעמ,IL,טחון בקר ארוז 1 קג,גרמים,1000.00,100 גרם,false,0,39.60,3.96,true,1,
7290006567260,false,עוג.שוקוצ'יפס פיטנס25*6ג,אסם,IL,עוגיות פיטנס 6יח,גרמים,150.00,100 גרם,false,0,13.80,9.20,true,1,
7290006582270,false,קליפות הדר 200 גרם,שקדיה,IL,קליפות הדר,גרמים,200.00,100 גרם,false,0,13.80,6.90,true,1,
7290006618078,false,"מרסס לניקוי יסודי מטבח אסטוניש 750 מ""ל",יעקובי אסטוניש,GB,אסטוניש מרסס לניקוי 750מ,מיליליטרים,750.00,"100 מ""ל",false,0,11.90,1.59,true,1,
7290006618146,false,"הפי מדליק פחמים נוזלי יעקבי 500 מ""ל",תות תעשיות מזון (201,NL,הפי מדליק פחם,מיליליטרים,500.00,"100 מ""ל",false,0,17.70,3.54,true,1,
7290006644589,false,משקה קל אשכוליות דיאט 2ל,יפאורה שותפות מובגלת לשיווק,IL,אשכוליות דיאט,ליטרים,2.00,ליטר,false,0,3.60,1.80,true,1,
7290006644626,false,ספרינג פירות טרופיים1.5ל,יפאורה שותפות מובגלת לשיווק,IL,משקה ספרינג,ליטרים,1.50,ליטר,false,0,6.20,4.13,true,1,
7290006644756,false,רביעיית אר סי קולה 1,יפאורה שותפות מובגלת לשיווק,IL,RCQ לימון ליים 1.5*4ל,ליטרים,6.00,ליטר,false,0,14.00,2.33,true,1,
7290006644763,false,משקה אר סי למון ליים,יפאורה שותפות מובגלת לשיווק,US,RCQ דיאט 4 יח,ליטרים,6.00,ליטר,false,0,14.00,2.33,true,1,
7290006651570,false,"קמיל בלו צמחי מרפא שמפו ואל סבון ד""ר פישר 750 מ""ל",פישר מעבדות פרמצבטיות בע,IL,שמפו/אל סבון,מיליליטרים,750.00,"100 מ""ל",false,0,15.00,2.00,true,1,
7290006652027,false,במבה חטיף בוטנים אסם 20*15 גרם,מיוצר עי קונדיטוריית,IL,במבה 20 יח',גרמים,300.00,100 גרם,false,0,23.90,7.97,true,1,
7290006653475,false,"רוטב אלף האיים 600 מ""ל",אסם,IL,רוטב אלף האיים,מיליליטרים,600.00,"100 מ""ל",false,0,15.90,2.65,true,1,
7290006653819,false,פתיתי קוסקוס דק 350 גרם,"מיוצר ע""י קוד יצרן K",IL,קוסקוס דק,גרמים,350.00,100 גרם,false,0,7.90,2.26,true,1,
7290006653857,false,"ארנבונים חטיף תפו""א 40גר","אסם השקעות בע""\מ",IL,"ארנבונים חטיף תפו""א 40גר",גרמים,40.00,100 גרם,false,0,4.30,10.75,true,1,
7290006664037,false,גמדים דגנים ארוחת בוקר מארז 100X4ג',"שטראוס בריאות בע""\מ",IL,סופר גמדים 4 יח,גרמים,400.00,100 גרם,false,0,11.50,2.88,true,1,
7290006664051,false,"אקטימל לבן 1.51 ק""ג מארז 14 יחידות",מיוצר עי קונדיטוריית,IL,אקטימל מארז14יח',ליטרים,1.40,ליטר,false,0,29.90,21.36,true,1,
7290006664167,false,סימפוניה+שום שמיר3% 200ג,שטראוס,IL,גבינת סימפוניה3%,גרמים,200.00,100 גרם,false,0,10.90,5.45,true,1,
7290006664310,false,גבינה לבנה 3% שומן 250 ג' שטראוס,מיוצר עי קונדיטוריית,IL,גבינת סקי 3%,גרמים,250.00,100 גרם,false,0,4.60,1.84,true,1,
7290006664402,false,גבינה לבנה סקי 5% שומן 750 גרם,מיוצר עי קונדיטוריית,IL,גבינת סקי5%,גרמים,750.00,100 גרם,false,0,13.80,1.84,true,1,
7290006664655,false,"אקטימל לבן טבעי מארז 100X8 מ""ל",מיוצר עי קונדיטוריית,IL,אקטימל לבן 8 יח,מיליליטרים,800.00,"100 מ""ל",false,0,20.90,2.61,true,1,
7290006664693,false,יוגורט עם אפרסק 3% שומן 150 ג' דנונה,מיוצר עי קונדיטוריית,IL,דנונה אפרסק %3,גרמים,150.00,100 גרם,false,0,4.90,3.27,true,1,
7290006664969,false,דנונה יוגורט מעודן 2.0% מארז 150X8 ג',STRAUSS-ISRAEL,IL,יוגורט מעודן 2%,קילוגרמים,1.20,"ק""ג",false,0,18.30,15.25,true,1,
7290006664990,false,"יוגורט דנונה ביו לבן 1.7% שומן 8*150 מ""ל",מיוצר עי קונדיטוריית,IL,דנונה ביו 8 יח',קילוגרמים,1.20,"ק""ג",false,0,16.90,14.08,true,1,
7290006681577,false,מאגדת קרחון אסקימו לימון דובדובן 10 יח' שטראוס,"מיוצר ע""\י גלידת שטראוס",IL,אסקימו לימון דובדבן 8+2,גרמים,700.00,100 גרם,false,0,16.90,2.41,true,1,
7290006681843,false,גלידה לייט פרי 6 יחידות,"גלידת שטראוס בע""\מ, רחוב",IL,מאגדת גלידה לייט,גרמים,300.00,100 גרם,false,0,26.90,8.97,true,1,
7290006681904,false,מאגדת מצופים 8+2יח,שטראוס,IL,מאגדת מצופים 8+2יח,גרמים,600.00,100 גרם,false,0,33.70,5.62,true,1,
7290006704788,false,מלפפון בייבי יחידה,קטיף.,IL,מלפפון בייבי-יח',יחידה,1.00,יחידה,false,0,9.90,9.90,true,1,
7290006712981,false,"משחת שיניים קולגייט ספיידרמן מגיל שש 50 מ""ל",הנסיך- מפעל לייצור ט,IL,משחת שיניים,מיליליטרים,50.00,"100 מ""ל",false,0,13.80,27.60,true,1,
7290006732668,false,עוגת שושנים טריפל שוק400,לחמי,IL,עוגת שושנים,גרמים,400.00,100 גרם,false,0,12.90,3.23,true,1,
7290006738103,false,פסטרמה בדבש טהור דק 150ג,זוגלובק,IL,פסטרמה בדבש דק,גרמים,150.00,100 גרם,false,0,15.10,10.07,true,1,
7290006738110,false,פסטרמה ברביקיו דק דק150ג,זוגלובק,IL,פסטרמה ברביקיו,גרמים,150.00,100 גרם,false,0,15.10,10.07,true,1,
7290006738127,false,חזה בקר דק דק 150 גרם,זוגלובק,IL,חזה בקר דק דק,גרמים,150.00,100 גרם,false,0,15.10,10.07,true,1,
7290006738424,false,מיני סלמי פיקנטי 250 גרם,נקניק נהריה כשר זוגל,IL,מיני סלמי פיקנטי,גרמים,250.00,100 גרם,false,0,15.10,6.04,true,1,
7290006739247,false,פסטרמה איטלקית זוגלו,זוגלובק,IL,פסטרמה איטלקית,קילוגרמים,0.00,"ק""ג",true,0,79.00,79.00,true,1,
7290006739292,false,נקניק פסטרמה פרגיות ציפוי תירס,נקניק נהריה כשר זוגל,IL,פסטרמה תבור,גרמים,330.00,100 גרם,false,0,29.90,9.06,true,1,
7290006739407,false,שניצל תירס לייט זוגלובק 600 גרם,נקניק נהריה כשר זוגל,IL,שניצל תירס,גרמים,630.00,100 גרם,false,0,29.70,4.71,true,1,
7290006739414,false,נקניק סלמי קוניאק זוגלובק 300 גרם,נקניק נהריה כשר זוגל,IL,סלמי קוניאק,גרמים,300.00,100 גרם,false,0,28.70,9.57,true,1,
7290006739544,false,נקניק כתף בקר 3% 300 גרם,זוגלובק,IL,כתף בקר,גרמים,300.00,100 גרם,false,0,32.40,10.80,true,1,
7290006740212,false,נקניקיות ג'מבו-שקילה,זוגלובק,IL,נקניקיות ג'מבו,קילוגרמים,0.00,"ק""ג",true,0,21.80,21.80,true,1,
7290006740274,false,המבורגר טקסס 400גרם,זוגלובק,IL,המבורגר טקסס,גרמים,400.00,100 גרם,false,0,19.50,4.88,true,1,
7290006741363,false,בורקס תפוחי אדמה זוגלובק 800 גרם,מאפיית אריאל וגידרון,IL,"בורקס תפו""א",גרמים,800.00,100 גרם,false,0,14.80,1.85,true,1,
7290006741387,false,"מלאווח תימני זוגלובק 700 ג' בד""צ",נקניק נהריה כשר זוגל,IL,מלוואח תימני,גרמים,700.00,100 גרם,false,0,13.90,1.99,true,1,
7290006742162,false,המבורגר מזרחי זוגלובק 400 גרם,נקניק נהריה כשר זוגל,IL,המבורגר מזרחי,גרמים,400.00,100 גרם,false,0,21.60,5.40,true,1,
7290006742209,false,שניצל תירס 750גרם%33+,זוגלובק,IL,שניצל תירס,גרמים,1000.00,100 גרם,false,0,29.90,2.99,true,1,
7290006742278,false,פסטרמה הודו צלויה על לבנים 330 ג' זוגלובק,נקניק נהריה כשר זוגל,IL,פסטרמה צלויה,גרמים,330.00,100 גרם,false,0,29.90,9.06,true,1,
7290006742292,false,פסטרמה הודו בדבש 330 ג' זוגלובק,נקניק נהריה כשר זוגל,IL,פסטרמה בדבש,גרמים,330.00,100 גרם,false,0,29.90,9.06,true,1,
7290006742315,false,פסטרמה חזה הודו ברביקיו 2% זוגלובק 330 גרם,נקניק נהריה כשר זוגל,IL,חזה הודו ברביקיו,גרמים,330.00,100 גרם,false,0,29.90,9.06,true,1,
7290006742339,false,פסטרמה חזה עוף מעושן,נקניק נהריה כשר זוגל,IL,פסטרמה חזה עוף,גרמים,330.00,100 גרם,false,0,29.90,9.06,true,1,
7290006755469,false,שניצל תירס לייט 630 גרם,טבעול,IL,שניצל תירס לייט,גרמים,630.00,100 גרם,false,0,25.70,4.08,true,1,
7290006764058,false,"נשר בירה לבנה נשר בקבוק חוזר 500 מ""ל","טמפו משקאות בע""\מt\",IL,בירה נשר לבן,מיליליטרים,500.00,"100 מ""ל",false,0,5.20,1.04,true,1,
7290006764065,false,בירה נשר מאלט ללא אלכוהול 500 מל,"טמפו משקאות בע""\ם.",IL,בירה נשר מאלט,מיליליטרים,500.00,"100 מ""ל",false,0,4.50,0.90,true,1,
7290006764072,false,"בירה גולדסטאר בקבוק 500 מ""ל חוזר","טמפו משקאות בע""\מ",IL,בירה גולדסטאר,מיליליטרים,500.00,"100 מ""ל",false,0,6.90,1.38,true,1,
7290006764348,false,בירה שחורה מאלט סטאר,טמפו 7.5%,IL,מאלטסטאר,ליטרים,1.50,ליטר,false,0,6.60,4.40,true,1,
7290006764713,false,משקה מירנדה 1.5 ל שי,"טמפו משקאות בע""\מ",IL,מירינדה 6 יחידות,ליטרים,9.00,ליטר,false,0,21.90,2.43,true,1,
7290006784339,false,"תרסיס לניקוי רהיט סנט מוריץ 300 מ""ל",קומפלקס כימיקלים,IL,סנט מוריץ לרהיט,מיליליטרים,300.00,"100 מ""ל",false,0,11.90,3.97,true,1,
7290006788016,false,"שמפו לשיער יבש 700 מ""ל קרליין",מיוצר עי : אמיליה קוסמטי,IL,שמפו 10 לשיער,מיליליטרים,700.00,"100 מ""ל",false,0,10.00,1.43,true,1,
7290006788023,false,"שמפו מחייה צבע לשיער צבוע 700 מ""ל קרליין",מיוצר עי : אמיליה קו,IL,שמפו 10 לשיער,מיליליטרים,700.00,"100 מ""ל",false,0,10.00,1.43,true,1,
7290006788030,false,"שמפו לתלתלים מלאי חיים 700 מ""ל קרליין",מיוצר עי : אמיליה קוסמטי,IL,שמפו 10 לשיער,מיליליטרים,700.00,"100 מ""ל",false,0,10.00,1.43,true,1,
7290006788054,false,קרליין שמפו-לסירוק קל,מיוצר עי : אמיליה קו,IL,שמפו 10 לשיער,מיליליטרים,700.00,"100 מ""ל",false,0,10.00,1.43,true,1,
7290006788061,false,"מרכך קרליין 10 לשיער רגיל 700 מ""ל",מיוצר עי : אמיליה קוסמטי,IL,מרכך קרליין,מיליליטרים,700.00,"100 מ""ל",false,0,10.00,1.43,true,1,
7290006788399,false,"דאו רול און נושם סנסיטיב ירוק קרליין 75 מ""ל",אמיליה קוסמטיקס בעמ,IL,דאודורנט קרליין,גרמים,75.00,100 גרם,false,0,12.90,17.20,true,1,
7290006788450,false,"קרליין - נושם סנסטיב דאודורנט ספריי לאישה ירוק 200 מ""ל",מיוצר עי : אמיליה קו,IL,דאודורנט קרליין,מיליליטרים,200.00,"100 מ""ל",false,0,12.90,6.45,true,1,
7290006788672,false,"שמפו למניעת קשקשים 700 מ""ל קרליין",מיוצר עי : אמיליה קוסמטי,IL,שמפו 10 לשיער,מיליליטרים,700.00,"100 מ""ל",false,0,10.00,1.43,true,1,
7290006805355,false,"פילסברי, כדורים בטעם שוקולד, תערובת להכנת כדורים בטעם שוקולד. 500 גרם.",הדקלאים אגודת שיתופי,IL,כדורי שוקולד,גרמים,500.00,100 גרם,false,0,17.90,3.58,true,1,
7290006805850,false,פילסברי פנקייק תערובת להכנת חביתיות,הדקלאים אגודת שיתופי,IL,תערובת לפנקייק,גרמים,500.00,100 גרם,false,0,17.90,3.58,true,1,
7290006822192,false,נקטר דיאט חמוציות אושן ספריי פריגת 1 ליטר,מבשלות בירה בינלאומיות ב,IL,נקטר חמוציות,ליטרים,1.00,ליטר,false,0,10.20,10.20,true,1,
7290006822840,false,בירה שחורה מאלטי 1.5,מבשלות בירה בינלאומיות ב,IL,בירה מאלטי,ליטרים,1.50,ליטר,false,0,7.40,4.93,true,1,
7290006869128,false,לרוויה-לבן 1.5% שומן 1ל',טרה,IL,לרוויה-לבן 1.5%,ליטרים,1.00,ליטר,false,0,10.80,10.80,true,1,
7290006869449,false,"לבן 3% שומן 150 מ""ל",טרה,IL,לבן 3% שומן טרה,מיליליטרים,150.00,"100 מ""ל",false,0,1.05,0.70,true,1,
7290006936059,false,משח.כלים בריח לימון 3.5ק,קליר כימיקלים,,משחת כלים,קילוגרמים,3.50,"ק""ג",false,0,28.50,8.14,true,1,
7290006982704,false,צ'יפסי מארז 20*10 גרם,אסם,IL,צ'יפסי 10 יח,גרמים,200.00,100 גרם,false,0,17.50,8.75,true,1,
7290006983152,false,קרוטונים מתובלים למרק אסם 400 גרם,עינת תעשיות מזון אגו,IL,קרוטונים מתובלים,גרמים,400.00,100 גרם,false,0,19.60,4.90,true,1,
7290006983176,false,אוסם - לחמית שיפון 250 גרם,"אסם השקעות בע""\מ",IL,לחמית שיפון אסם,גרמים,230.00,100 גרם,false,0,8.90,3.87,true,1,
7290006983763,false,עוגת הבית שוקולד 400 גרם אסם.,מיוצר עי קונדיטוריית,IL,עוגת שוקולד,גרמים,400.00,100 גרם,false,0,11.90,2.98,true,1,
7290006983770,false,עוגת הבית שיש אסם 400 גרם,מיוצר עי קונדיטוריית,IL,עוגת שיש,גרמים,400.00,100 גרם,false,0,11.90,2.98,true,1,
7290006983787,false,עוגת הבית שוקולד צ'יפס אסם 400 גרם,מיוצר עי קונדיטוריית,IL,עוגת שוקוצ'יפס,גרמים,400.00,100 גרם,false,0,11.90,2.98,true,1,
7290006983794,false,עוגת הבית בטעם תפוז אסם 400 גרם,מיוצר עי קונדיטוריית,IL,עוגת תפוז,גרמים,400.00,100 גרם,false,0,11.90,2.98,true,1,
7290006989529,false,50אטבי טיטניום מחוזקים,המברשת רוחמה,IL,אטבי טיטניום,יחידה,1.00,יחידה,false,0,20.30,20.30,true,1,
7290006992161,false,מטרנה - דייסת קורנפלור פרוביוטי 200 גרם,מולינו ניקולי s.p.a,IL,דייסת מטרנה,גרמים,200.00,100 גרם,false,0,13.90,6.95,true,1,
7290006992185,false,"מטרנה - דייסת אורז פרוביוטי כשל""פ 200 גרם",מולינו ניקולי s.p.a,IL,דייסת אורז,גרמים,200.00,100 גרם,false,0,13.90,6.95,true,1,
7290006992192,false,דייסה מטרנה סולת פרוביוטיקה,מטרנה תעשיות ש.מ,IL,דייסת סולת מטרנה,גרמים,200.00,100 גרם,false,0,13.90,6.95,true,1,
7290008000826,false,"משחת שיניים לילדים בטעם פירות לגילאים 2-6 כצט 50 מ""ל",כצט נוביס,IL,משחת שיניים ברבי,מיליליטרים,50.00,"100 מ""ל",false,0,10.70,21.40,true,1,
7290008018661,false,"מרכך פינוק לילדים 700מ""ל",יוניליוור ישראל טיפו,IL,מרכך פינוק,מיליליטרים,700.00,"100 מ""ל",false,0,13.80,1.97,true,1,
7290008021043,false,שמפו פינוק שיער רגיל700מ,יוניליוור ישראל טיפוח אי,IL,שמפו פינוק,מיליליטרים,700.00,"100 מ""ל",false,0,10.00,1.43,true,1,
7290008021050,false,שמפו פינוק יבש מאוד700מל,יוניליוור ישראל טיפוח אי,IL,שמפו פינוק,מיליליטרים,700.00,"100 מ""ל",false,0,10.00,1.43,true,1,
7290008021098,false,"שמפו פינוק קשקשים 700מ""ל",יוניליוור,IL,שמפו פינוק,מיליליטרים,700.00,"100 מ""ל",false,0,10.00,1.43,true,1,
7290008021104,false,"מרכך פינוק רגיל 700 מ""ל",יוניליוור ישראל טיפוח אי,IL,מרכך שיער פינוק,מיליליטרים,700.00,"100 מ""ל",false,0,10.00,1.43,true,1,
7290008021111,false,מרכ.פינוק יבש מאוד 700מל,יוניליוור ישראל טיפוח אי,IL,מרכך שיער פינוק,מיליליטרים,700.00,"100 מ""ל",false,0,10.00,1.43,true,1,
7290008021128,false,"מרכך פינוק עדין 700 מ""ל",יוניליוור,IL,מרכך שיער פינו,מיליליטרים,700.00,"100 מ""ל",false,0,10.00,1.43,true,1,
7290008021135,false,"שמפו פינוק 2 ב1 לשיער רגיל 700מ""ל",יוניליוור ישראל טיפוח אי,IL,שמפו+מרכך פינוק,מיליליטרים,700.00,"100 מ""ל",false,0,10.00,1.43,true,1,
7290008084956,false,בייבי פסטה משחה לתינוק,בייבי פסטה,IL,בייבי פסטה,גרמים,120.00,100 גרם,false,0,14.90,12.42,true,1,
7290008093583,false,משחה מרידול לרגישות 75 מ,גאבה,DE,משחת שיניים,מיליליטרים,75.00,"100 מ""ל",false,0,14.80,19.73,true,1,
7290008094061,false,משחת שיניים פרודונטקס50ג,"מאסטרפוד אוסטריה בע""מ",GB,משחת פרודונטקס,מיליליטרים,50.00,"100 מ""ל",false,0,16.90,33.80,true,1,
7290008154802,false,שניצל עוף עם תירס 700 גר,עוף טוב,IL,שניצל עוף תירס,גרמים,700.00,100 גרם,false,0,35.00,5.00,true,1,
7290008175814,false,וילי פוד פטריות שמפיניון חתוך בדץ 400ג,"אוקצ'מפ אס, איי אויי",IL,פטריות חתוכות 400 גרם,גרמים,400.00,100 גרם,false,0,4.50,1.13,true,1,
7290008175821,false,פטריות חתוך 800 ג',,IL,פטריות חתוכות,גרמים,800.00,100 גרם,false,0,8.90,1.11,true,1,
7290008190909,false,עוגיות מיני קוקיס שוקולד צ'יפס בצנצנת כרמית 600 גרם,כרמית תעשיות ממתקים,IL,מיני קוקיס,גרמים,600.00,100 גרם,false,0,19.60,3.27,true,1,
7290008328197,false,תות שדה במיץ,,IL,תות שדה במיץ,גרמים,410.00,100 גרם,false,0,8.80,2.15,true,1,
7290008330107,false,בדין מרכך כביסה סגול 4 ליטר,יוניליור ישראל טיפוח איש,IL,מרכך כביסה בדין,ליטרים,4.00,ליטר,false,0,21.90,5.48,true,1,
7290008333115,false,אבקת ג'לטין טהור נטו 28 גרם,מאיר עזרא ובניו,IL,אבקת ג'לטין,גרמים,28.00,100 גרם,false,0,9.50,33.93,true,1,
7290008340618,false,סלמון מעושן מצונן דלידג 100 ג',ויליגר תעשיות בעמ,IL,סלמון מעושן,גרמים,100.00,100 גרם,false,0,14.90,14.90,true,1,
7290008343466,false,בצק פילו 500 גרם שלושת האופים,שלושת האופים שגמור,IL,בצק פילו 500 גרם,גרמים,500.00,100 גרם,false,0,20.70,4.14,true,1,
7290008343473,false,עלים לסיגרים שלושת האופים 500 ג',שגמור בעמ,IL,עלי בצק לסיגר,גרמים,450.00,100 גרם,false,20,11.80,2.62,true,1,
7290008343503,false,גחנון אפוי 650 גר' שלושת האופים קהילות,שלושת האופים,IL,ג'חנון אפוי 650 גרם,גרמים,650.00,100 גרם,false,0,21.90,3.37,true,1,
7290008343510,false,ג'חנון מיני אפוי למיקרו 3 האופים 650 ג',שלושת האופים ירכא,IL,מיני ג'חנון אפוי 650 גרם,גרמים,650.00,100 גרם,false,0,23.90,3.68,true,1,
7290008343558,false,"סיגרים בשר 1 ק""ג שלושת האופים","שלושת האופים בע""\מ",IL,סיגרים בשר 1 ק'ג שלושת,קילוגרמים,1.00,"ק""ג",false,0,24.90,24.90,true,1,
7290008343565,false,"סיגרים תפו""א 1 ק""ג שלושת האופים","שלושת האופים בע""\מ",IL,סיגרים תפו'א 1 ק'ג שלוש,קילוגרמים,1.00,"ק""ג",false,0,24.90,24.90,true,1,
7290008343572,false,"אגרול סיני 1 ק""ג שלושת האופים","שלושת האופים בע""\מ",IL,אגרול סיני,גרמים,1000.00,100 גרם,false,0,24.90,2.49,true,1,
7290008343602,false,"קובה בשר 1 ק""ג שלושת האופים","שלושת האופים בע""\מ",IL,קובה בשר מטוגן 1 ק'ג של,קילוגרמים,1.00,"ק""ג",false,0,24.90,24.90,true,1,
7290008343619,false,"פסטלים תפו""א שלושת האופים 1 ק""ג","שלושת האופים בע""\מ",IL,"פסטלים תפו""א 1קג משלוש י",קילוגרמים,1.00,"ק""ג",false,0,24.90,24.90,true,1,
7290008343626,false,"כדורי פלאפל 1 ק""ג שלושת האופים","שלושת האופים בע""\מ",IL,פלאפל 1קג,גרמים,1000.00,100 גרם,false,0,24.90,2.49,true,1,
7290008344258,false,המבורגר מזרחי טיבון ויל 400 גרם,"טיבון ויל אחזקות בע""\מ",IL,המבורגר מזרחי,גרמים,400.00,100 גרם,false,0,20.70,5.18,true,1,
7290008344272,false,המבורגר 100% טיבון ויל 400 גרם,טיבון ויל אחזקות בעמ,IL,המבורגר בקר,גרמים,400.00,100 גרם,false,0,21.70,5.43,true,1,
7290008345576,false,סלט איקרה ביתית לבנה 300 גרם דלידג,כלורוקס אוקלנד,IL,איקרה ביתית לבנה,גרמים,300.00,100 גרם,false,0,16.20,5.40,true,1,
7290008345583,false,איקרה ביתית ורוד 300 גרם דלידג,כלורוקס אוקלנד,IL,איקרה ביתית,גרמים,300.00,100 גרם,false,0,16.20,5.40,true,1,
7290008347211,false,אצבעות דג מצופות דלידג 700 גרם,אף.סי תבליני בגליל ב,IL,אצבעות דג,גרמים,700.00,100 גרם,false,0,22.70,3.24,true,1,
7290008347877,false,ג'לטין בקר 28 גרם,נטו,IT,ג'לטין בקר 28 גרם,גרמים,28.00,100 גרם,false,0,8.30,29.64,true,1,
7290008380775,false,קפסולות אספרסו ירוק50גרם,ורנינו,IT,קפסולות אספרסו,גרמים,50.00,100 גרם,false,1,15.90,31.80,true,1,
7290008409124,false,מאמא עוף קפוא שניצל ג'ונגל פריך 700 גרם,תנובה גליל שותפות מוגבלת,IL,שניצל ג'ונגל 700 גרם,גרמים,700.00,100 גרם,false,0,36.60,5.23,true,1,
7290008409216,false,מאמא עוף קפוא שניצל דק פריך 700 גרם,תנובה גליל,IL,שניצל דק דק פריך 700 גרם,גרמים,700.00,100 גרם,false,0,41.90,5.99,true,1,
7290008409223,false,שניצל דק דק מתובל מאמא עוף 700 גרם,תנובה גליל שותפות מוגבלת,IL,שניצל דק מתובל 700 גרם,גרמים,700.00,100 גרם,false,0,41.90,5.99,true,1,
7290008409407,false,שניצל דק צ'יפס מאמא עוף 700 גרם,תנובה גליל שותפות מוגבלת,IL,שניצל דק בציפוי צ'יפס 00,גרמים,700.00,100 גרם,false,0,41.90,5.99,true,1,
7290008409551,false,שניצל עוף אמיתי בציפוי מעודן 700 ג' מאמא עוף,תנובה גליל שותפות מוגבלת,IL,שניצל עוף אמיתי מעודן700,גרמים,700.00,100 גרם,false,0,41.70,5.96,true,1,
7290008409575,false,פילה עוף שומשום 700 גרם,תנובה,IL,פילה עוף שומשום 700 גרם,גרמים,700.00,100 גרם,false,0,41.70,5.96,true,1,
7290008409582,false,שניצל עוף אמיתי בציפוי ביתי מאמא עוף 700 גרם,תנובה גליל שותפות מוגבלת,IL,שניצל אמיתי ביתי 700 גרם,גרמים,700.00,100 גרם,false,0,41.70,5.96,true,1,
7290008409667,false,טבעות עוף בציפוי 700 גרם,תנובה גליל שותפות מוגבלת,IL,טבעות עוף בציפוי 700 גרם,גרמים,700.00,100 גרם,false,0,35.20,5.03,true,1,
7290008415514,false,צבר חומוס עם חריף עגול 150 גרם,סלטי צבר,IL,חומוס עם חריף,גרמים,150.00,100 גרם,false,0,4.90,3.27,true,1,
7290008443630,false,"שמפו לשיער מתולתל סגול נקה 7 750 מ""ל",אמיליה קוסמטיקס בע'\'\מ,IL,שמפו נקה 7,מיליליטרים,750.00,"100 מ""ל",false,0,9.90,1.32,true,1,
7290008443647,false,"מרכך לשיער מתולתל סגול, 750 מ""ל נקה 7","אמיליה קוסמטיקס בע""מ",IL,קונדישנר נקה 7,מיליליטרים,750.00,"100 מ""ל",false,0,9.90,1.32,true,1,
7290008462204,false,חרדל דיז'ון מקורי נטו מאי 380 גרם,יוליניבר,FR,חרדל דיז'ון,גרמים,380.00,100 גרם,false,0,17.20,4.53,true,1,
7290008464000,false,שישיית משקה סבן אפ 1,טמפו 7.5%,IL,סבן אפ 6 יחידות,ליטרים,9.00,ליטר,false,0,21.90,2.43,true,1,
7290008464017,false,שישיית משקה דיאט סבן,"טמפו משקאות בע""\מ",IL,סבן אפ דיאט 6 יח,ליטרים,9.00,ליטר,false,0,24.90,2.77,true,1,
7290008464024,false,"בירה גולדסטאר Unfiltered, בירה לא מסוננת, פחית 500 מ""ל","טמפו משקאות בע""מ",IL,גולדסטאר בפחית,מיליליטרים,500.00,"100 מ""ל",false,0,9.40,1.88,true,1,
7290008464130,false,"בירה גולדסטאר Unfiltered, בירה לא מסוננת, מארז שישייה, בקבוק 330 מ""ל",טמפו,IL,בירה גולדסטאר6יח,ליטרים,1.98,ליטר,false,0,44.90,22.68,true,1,
7290008464468,false,"בירה גולדסטאר, פחית 500 מ""ל",פארייפאבה אגרואינדוס,IL,בירה גולדסטאר,מיליליטרים,500.00,"100 מ""ל",false,0,8.40,1.68,true,1,
7290008464475,false,"בירה מכבי, פחית 500 מ""ל","טמפו משקאות בע""\מ",IL,בירה מכבי פחית,מיליליטרים,500.00,"100 מ""ל",false,0,6.80,1.36,true,1,
7290008464512,false,ג'אמפ מוגז אשכ.אדומה1.5ל,טמפו,IL,ג'אמפ אשכוליות,ליטרים,1.50,ליטר,false,1,5.90,3.93,true,1,
7290008464529,false,ג'אמפ מוגז ענבים 1.5ל,טמפו,IL,ג'אמפ ענבים,ליטרים,1.50,ליטר,false,1,5.90,3.93,true,1,
7290008464536,false,ג'אמפ מוגז תפוחים 1.5ל,טמפו,IL,ג'אמפ תפוחים,ליטרים,1.50,ליטר,false,1,5.90,3.93,true,1,
7290008464697,false,"בירה מכבי 7.9%, בירה חזקה, מארז שישייה, בקבוק 330 מ""ל",טמפו,IL,בירה מכבי 6 יח,ליטרים,1.98,ליטר,false,0,29.90,15.10,true,1,
7290008464703,false,"שישיית בירה מכבי בקבוק 330 מ""ל",טמפו משקאות בע''מ,IL,בירה מכבי 6 בקב.,ליטרים,1.98,ליטר,false,0,33.60,16.97,true,1,
7290008464741,false,"בירה גולדסטאר, מארז שישייה, בקבוק 330 מ''ל","טמפו משקאות בע""\מ",IL,גולדסטאר 6 יח',ליטרים,1.98,ליטר,false,0,34.90,17.63,true,1,
7290008464796,false,"בירה היינקן, מארז שישייה, בקבוק 330 מ''ל",טמפו משקאות בע''מ,IL,בירה הייניקן 6יח,ליטרים,1.98,ליטר,false,0,47.50,23.99,true,1,
7290008464987,false,שישיית מי סודה טמפו 1.5 ליטר,"טמפו משקאות בע""מ",IL,סודה טמפו שישיה,ליטרים,9.00,ליטר,false,0,14.80,1.64,true,1,
7290008470766,false,שמינייה אורביט סטיקס בטעם פפרמינט,ריגלי צרפת,FR,אורביט סטיקס 8יח,גרמים,104.00,100 גרם,false,0,15.30,14.71,true,1,
7290008470827,false,מסטיק פייב אבטיח 4 יח,ריגלי,FR,מסטיק פייב 4 יח,גרמים,76.00,100 גרם,false,0,17.70,23.29,true,1,
7290008493406,false,גריסיני שומשום 175 גרם,מאיר את ביגל,IL,גריסיני שומשום,גרמים,175.00,100 גרם,false,0,9.40,5.37,true,1,
7290008493413,false,פירורי לחם מאיר בייגל פירורי גריסיני 200 גרם,מאיר את ביגל,IL,פירורי גריסיני,גרמים,200.00,100 גרם,false,0,5.00,2.50,true,1,
7290008493499,false,בייגלה שטוחל'ה מלח350גרם,מאיר את ביגל,IL,בייגלה שטוחל'ה,גרמים,350.00,100 גרם,false,0,7.90,2.26,true,1,
7290008493505,false,בייגלה שטוחל'ה שומשום300,מאיר את ביגל,IL,בייגלה שטוחלה,גרמים,300.00,100 גרם,false,0,7.90,2.63,true,1,
7290008493574,false,בייגלה שטוחלה פינוקים300,מאיר את ביגל,IL,שטוחלה פינוקים,גרמים,300.00,100 גרם,false,0,7.90,2.63,true,1,
7290008493710,false,פירורי לחם מאיר בייגל פרורי גריסני זהב 200 גרם,מאיר את ביגל,IL,פירורי גריסיני,גרמים,200.00,100 גרם,false,1,5.00,2.50,true,1,
7290008515221,false,עלים לסיגרים 500 גרם,יסמין,IL,עלים לסיגרים,גרמים,500.00,100 גרם,false,0,11.80,2.36,true,1,
7290008644112,false,סלט מטבוחה יום יום אחלה 125 גרם,"שטראוס גרופ בע""\מ",IL,מטבוחה יום יום,גרמים,125.00,100 גרם,false,0,4.80,3.84,true,1,
7290008670142,false,"יין רקנאטי יסמין אדום 2019 750 מ""ל",תות ממתקי איכות,IL,רקנאטי יסמין,מיליליטרים,750.00,"100 מ""ל",false,0,32.90,4.39,true,1,
7290008679428,false,כפפות הנדי לבית ולמטבח בינוני,קריות זול,IL,זוג כפפות בית,יחידה,1.00,יחידה,false,0,5.90,5.90,true,1,
7290008690164,false,ק.קולה לימון דיאט1.5ליטר,החברה המרכזית לייצור משקאות,IL,קולה דיאט לימון,ליטרים,1.50,ליטר,false,0,6.80,4.53,true,1,
7290008693134,false,מעדן גבינה ויוגורט בטעם תות 5% שומן 88 ג' דניאלה,"שטראוס בריאות בע""מ",IL,דניאלה תות מוקצף,מיליליטרים,150.00,"100 מ""ל",false,0,4.10,2.73,true,1,
7290008713016,false,לחם שבעה דגנים קל 500גרם,מאפיית שלמה א. אנג'\ל בע,IL,לחם שבעה דגנים קל 500גרם,גרמים,500.00,100 גרם,false,0,13.80,2.76,true,1,
7290008713696,false,הלחמניה המלאה 75*6 גרם,מאפיית שלמה א. אנג'ל,IL,הלחמניה המלאה 75*6 גרם,גרמים,450.00,100 גרם,false,0,13.20,2.93,true,1,
7290008713900,false,לחם שיפון עגול פרוס אנג'ל 750 גרם,מאפיית אנג'\ל אורנים מאפ,IL,לחם שיפון עגול 750 גרם,גרמים,750.00,100 גרם,false,0,10.90,1.45,true,1,
7290008713917,false,לחם שיפון כהה פרוס מאפיית אחדות 750 גרם,מאפיית שלמה א. אנג'\ל בע,IL,לחם שיפון כהה 750 גרם,גרמים,750.00,100 גרם,false,0,10.90,1.45,true,1,
7290008713924,false,לחם שיפון+גרעינ.דלעת750ג,מאפיית שלמה א. אנג'ל,IL,לחם שיפון+גרעינ.דלעת750ג,גרמים,750.00,100 גרם,false,0,10.90,1.45,true,1,
7290008745239,false,תפוצ'יפס קראנצ' בטעם טבעי עלית 50 גרם,"שטראוס פריטו ליי בע""\מ )",IL,תפוצ'יפס קראנצ',גרמים,50.00,100 גרם,false,0,3.80,7.60,true,1,
7290008745345,false,ממרח ט.שוקלד פרה מגד500ג,STRAUSS-ISRAEL,IL,ממרח בטעם שוקולד,גרמים,500.00,100 גרם,false,0,9.90,1.98,true,1,
7290008747424,false,שוקולד במילוי תות 100גרם,STRAUSS-ISRAEL,IL,שוקולד במלוי תות,גרמים,100.00,100 גרם,false,0,5.50,5.50,true,1,
7290008748384,false,שוקולד ספלנדיד מריר100גר,STRAUSS-ISRAEL,IL,שוקולד ספלנדיד,גרמים,100.00,100 גרם,false,0,10.90,10.90,true,1,
7290008750400,false,שוקולד לבן+עוגיות100 גרם,שטראוס גרופ,IL,שוקולדלבן עוגיות,גרמים,100.00,100 גרם,false,0,5.50,5.50,true,1,
7290008752244,false,תפוצ'יפס קראנץ' בטעם גריל עלית 50 גרם,"שטראוס פריטו ליי בע""\מ )",IL,תפוצ'יפס גריל,גרמים,50.00,100 גרם,false,0,3.80,7.60,true,1,
7290008753111,false,תפוצ'יפס קראנץ' בטעם מקסיקני עלית 50 גרם,"שטראוס פריטו ליי בע""\מ )",IL,תפוצ'יפס קראנצ',גרמים,50.00,100 גרם,false,0,3.80,7.60,true,1,
7290008753876,false,בפלות עוגת גבינה+פירו350,STRAUSS-ISRAEL,IL,בפלות פירורים,גרמים,350.00,100 גרם,false,0,15.40,4.40,true,1,
7290008753982,false,שוקולד חלב אוורירי 85גרם,STRAUSS-ISRAEL,IL,שוקולד אוורירי,גרמים,85.00,100 גרם,false,0,5.50,6.47,true,1,
7290008754415,false,גומי מאסט בטעם ספירמינט עדין פליפטופ 28 ג' עלית,"שטראוס גרופ בע""מ",IL,מסטיק מאסט LL,גרמים,28.00,100 גרם,false,0,4.30,15.36,true,1,
7290008754422,false,גומי מאסט בטעם פפרמינט קלאסי פליפטופ 28 ג' עלית,"שטראוס גרופ בע""מ",IL,מסטיק LL MUST,גרמים,28.00,100 גרם,false,0,4.30,15.36,true,1,
7290008754613,false,רולדת שוקולד מצופה 350גר,STRAUSS-ISRAEL,IL,רולדת שוקולד,גרמים,350.00,100 גרם,false,0,14.80,4.23,true,1,
7290008754682,false,רולדת קוקוס מצופה 350גרם,STRAUSS-ISRAEL,IL,רולדת קוקוס,גרמים,350.00,100 גרם,false,0,14.80,4.23,true,1,
7290008757737,false,RCQ אורנג' 1.5*4 ליטר,יפאורה שותפות מובגלת לשיווק,IL,RCQ אורנג' 1.5*4 ליטר,ליטרים,6.00,ליטר,false,0,14.00,2.33,true,1,
7290008757980,false,קרטונית ספרינג נקטר רימונים 1 ליטר,יפאורה שותפות מובגלת לשיווק,IL,נקטר רימונים,ליטרים,1.00,ליטר,false,0,4.90,4.90,true,1,
7290008775731,false,"רוטב וינגרט קלאסי 290מ""ל",אסם,IL,רוטב ויניגרט אסם,מיליליטרים,290.00,"100 מ""ל",false,0,9.90,3.41,true,1,
7290008775816,false,ערגליות עוגיות במילוי שוקולד אסם 300 גרם,מיוצר עי קונדיטוריית,IL,ערגליות שוקו,גרמים,300.00,100 גרם,false,0,10.30,3.43,true,1,
7290008775823,false,ערגליות עוגיות תות שדה אסם 300 גרם,מיוצר עי קונדיטוריית,IL,ערגליות תות 300 גרם,גרמים,300.00,100 גרם,false,0,10.30,3.43,true,1,
7290008801010,false,"יין קברנה סוביניון מרלו פרייוט קולקשן 750 מ""ל",אגודת הכורמים הקאופו,,קברנה מרלו P.C,מיליליטרים,750.00,"100 מ""ל",false,0,29.90,3.99,true,1,
7290008801454,false,"יין היובל ישן נושן650מ""ל",יקבי כרמל,IL,יין ישן נושן,מיליליטרים,650.00,"100 מ""ל",false,0,15.90,2.45,true,1,
7290008801522,false,יין קינג דויד קונקורד אדום מתוק 750 מל,אגודת הכורמים הקואופרטיב,IL,יין קונקורד,מיליליטרים,750.00,"100 מ""ל",false,0,17.90,2.39,true,1,
7290008803014,false,"כרמל הוק אורגינל 750 מ""ל",יקבי כרמל,IL,כרמל הוק אורגינל,מיליליטרים,750.00,"100 מ""ל",false,0,21.90,2.92,true,1,
7290008803021,false,"כרמל אדום עתיק 750 מ""ל",כרמל מזרחי,IL,יין אדום עתיק,מיליליטרים,750.00,"100 מ""ל",false,0,19.90,2.65,true,1,
7290008805049,false,סלקטד זינפנדל כרמל מזרחי 750 מל,"כד בני דרום בע""מ",IL,זינפנדל סמוק,מיליליטרים,750.00,"100 מ""ל",false,0,22.90,3.05,true,1,
7290008805933,false,"יין רכס אדום 750 מ""ל",יקבי כרמל,IL,יין רכס אדום,מיליליטרים,750.00,"100 מ""ל",false,0,24.70,3.29,true,1,
7290008805964,false,יין קברנה שיראז גליל עליון סדרה אזורית יקבי כרמל,אגודת הכורמים הקואופרטיב,IL,קברנה שיראז,מיליליטרים,750.00,"100 מ""ל",false,0,44.90,5.99,true,1,
7290008806268,false,גלידה קורנטו ביס 12יח',שטראוס,IL,גלידה קורנטו ביס 12יח',גרמים,144.00,100 גרם,false,0,30.90,21.46,true,1,
7290008806909,false,גלידה לייט שוקו וניל1.33,שטראוס,IL,גלידה לייט שוקו וניל1.33,ליטרים,1.33,ליטר,false,0,18.90,14.21,true,1,
7290008806961,false,גלידה שוקולד שבבי שוקולד פרה 1.33 ל' קרמיסימו,"גלידת שטראוס בע""\מ, רחוב",IL,קרמיסימו פרה שוקולד1.33ל,ליטרים,1.33,ליטר,false,0,18.90,14.21,true,1,
7290008807029,false,"יין טבע אמרלד ריזלינג 750 מ""ל",יקבי בינימינה,IL,אמרלד ריזלינג,מיליליטרים,750.00,"100 מ""ל",false,0,19.90,2.65,true,1,
7290008807067,false,"טבע מרלו אדום יבש 750מ""ל",אליעז בנימינה,IL,טבע מרלו,מיליליטרים,750.00,"100 מ""ל",false,0,19.90,2.65,true,1,
7290008858045,false,עלים לקרם שניט 400 גרם,אשבל,IL,עלים לקרם שניט,גרמים,400.00,100 גרם,false,0,20.10,5.03,true,1,
7290008909440,false,פאנטה אורנג' מנגו 1.5 ל',החברה המרכזית לייצור משקאות,IL,פאנטה אורנג',ליטרים,1.50,ליטר,false,0,6.90,4.60,true,1,
7290008909860,false,קוקה קולה זירו בקבוק 1.5ל,החברה המרכזית לייצור משקאות,IL,קוקה קולה ZERO,ליטרים,1.50,ליטר,false,0,6.90,4.60,true,1,
7290008909877,false,קוקה קולה זירו בקבוק 6*1.5ל,החברה המרכזית לייצור משקאות,IL,קולה זירו 1.5*6ל,ליטרים,9.00,ליטר,false,0,35.90,3.99,true,1,
7290008945172,false,"שקיות אשפה עם שרוך 52 * 65 ס""מ גלילונית 40 יחידות","אשפלסט תעשיות בע""מ",IL,גלילונית לפח,יחידה,1.00,יחידה,false,0,16.80,16.80,true,1,
7290008975551,false,תחליף חלב מטרנה מהדרין שלב 3 חלבי 700 גרם,מולינו ניקולי s.p.a,IL,מטרנה מהדרין 3,גרמים,700.00,100 גרם,false,0,49.90,7.13,true,1,
7290009127485,true,אנטריקוט טרי חלק אנגוס,פניסקו,AR,אנטריקוט טרי חלק,קילוגרמים,0.00,"ק""ג",true,0,139.90,139.90,true,1,
7290009127508,true,צלעות טרי חלק אנגוס לקג,פניסקו,AR,צלעות טרי חלק,קילוגרמים,0.00,"ק""ג",true,0,79.90,79.90,true,1,
7290009127676,true,כתף טרי חלק אנגוס לקג,פניסקו,AR,כתף טרי חלק,קילוגרמים,0.00,"ק""ג",true,0,84.90,84.90,true,1,
7290009127874,true,צלי כתף טרי חלק אנגוס לק,פניסקו,AR,צלי כתף טרי חלק,קילוגרמים,0.00,"ק""ג",true,0,89.90,89.90,true,1,
7290009164916,true,קבב בקר עם כבש 840גרם,"טיבון ויל אחזקות בע""\מ",IL,קבב בקר עם כבש,גרמים,840.00,100 גרם,false,1,44.50,5.30,true,1,
7290009330168,true,פילה מדומה טרי חלק אנגוס,שופרסל,IL,פילה מדומה טרי ח,קילוגרמים,0.00,"ק""ג",true,1,89.90,89.90,true,1,
7290009330540,true,שריר טרי חלק אנגוס קג,שופרסל,IL,שריר טרי חלק,קילוגרמים,0.00,"ק""ג",true,1,69.90,69.90,true,1,
7290009330854,true,צוואר טרי חלק אנגוס קג,שופרסל,IL,צוואר טרי חלק,קילוגרמים,0.00,"ק""ג",true,1,59.90,59.90,true,1,
7290009395037,true,כבד עוף טרי תפזורת עצמי,שונות,IL,כבד עוף טרי,קילוגרמים,0.00,"ק""ג",true,0,17.90,17.90,true,1,
7290009395044,true,לב עוף טרי תפזורת עצמי ק,שונות,IL,לב עוף טרי,קילוגרמים,0.00,"ק""ג",true,0,23.90,23.90,true,1,
7290009395051,true,קורקבן עוף טרי ת.עצמי,שונות,IL,קרקבן עוף טרי,קילוגרמים,0.00,"ק""ג",true,0,9.90,9.90,true,1,
7290009397642,true,חמישית מאפין שוקו 200גרם,גידרון,IL,חמישית מאפין,גרמים,200.00,100 גרם,false,0,8.00,4.00,true,1,
7290009397697,true,מאפין שוק.צ'יפס 5י גדרון,גידרון,IL,חמישית מאפין,גרמים,200.00,100 גרם,false,0,8.00,4.00,true,1,
7290009398021,true,לחמניית ביס באגט,גידרון,IL,ביס באגט לבן,יחידה,1.00,יחידה,false,0,1.50,1.50,true,1,
7290009398113,true,חלה אפויה קפואה 560 גרם,גידרון,,חלה גידרון,יחידה,1.00,יחידה,false,0,10.90,10.90,true,1,
7290009398786,true,מארז פיתות אסלית 5יח100*,מאפיית אנג'ל,IL,חמישיית פיתות,גרמים,500.00,100 גרם,false,0,6.90,1.38,true,1,
7290009401790,true,מארז פיתה כפרית 5יח100*ג,מאפיית אנג'ל,IL,פיתה כפרית 5יח,גרמים,500.00,100 גרם,false,0,7.90,1.58,true,1,
7290009802146,true,עוף שלם טרי ארוז עצמי,.,IL,עוף שלם טרי,קילוגרמים,0.00,"ק""ג",true,1,18.90,18.90,true,1,
7290009802191,true,עוף שלם טרי א.דיל ארוז,.,IL,עוף שלם טרי,קילוגרמים,0.00,"ק""ג",true,1,18.90,18.90,true,1,
7290009802221,true,כרעי עוף טרי א.דיל עצמי,.,IL,כרעי עוף טרי,קילוגרמים,0.00,"ק""ג",true,1,27.90,27.90,true,1,
7290009802481,true,קוקטייל טרי א.דיל עצמי,.,IL,קוקטייל טרי,קילוגרמים,0.00,"ק""ג",true,1,27.90,27.90,true,1,
7290009804591,true,כנפי עוף טרי א.דיל עצמי,.,IL,כנפי עוף טרי,קילוגרמים,0.00,"ק""ג",true,1,11.90,11.90,true,1,
7290009806571,true,חזה עוף טרי א.דיל עצמי,.,IL,חזה עוף טרי,קילוגרמים,0.00,"ק""ג",true,1,31.90,31.90,true,1,
7290009807592,true,כבד עוף טרי א.דיל עצמי,.,IL,כבד עוף טרי,קילוגרמים,0.00,"ק""ג",true,1,17.90,17.90,true,1,
7290009807622,true,לב עוף טרי א.דיל ארוז,.,IL,לב עוף טרי,קילוגרמים,0.00,"ק""ג",true,1,23.90,23.90,true,1,
7290009810967,true,שוקי עוף טרי א.דיל עצמי,.,IL,שוקי עוף טרי,קילוגרמים,0.00,"ק""ג",true,1,32.90,32.90,true,1,
7290009811490,true,שניצל עוף טרי א.דיל עצמי,.,IL,שניצל עוף טרי,קילוגרמים,0.00,"ק""ג",true,1,34.90,34.90,true,1,
7290009811896,true,פרגיות עוף טרי אדיל עצמי,.,IL,פרגיות עוף טרי,קילוגרמים,0.00,"ק""ג",true,1,54.90,54.90,true,1,
7290009814316,true,פילה עוף טרי א.דיל עצמי,.,IL,פילה עוף טרי,קילוגרמים,0.00,"ק""ג",true,1,32.90,32.90,true,1,
7290009814347,true,קורקבן עוף טריא.דיל עצמי,,,קורקבן עוף טרי,קילוגרמים,0.00,"ק""ג",true,0,9.90,9.90,true,1,
7290009819137,true,שניצל דק טרי א.דיל עצמי,.,IL,שניצל דק טרי,קילוגרמים,0.00,"ק""ג",true,1,39.90,39.90,true,1,
7290009819144,true,נתחי הודו טרי ארוז עצמי,.,IL,נתחי הודו טרי,קילוגרמים,0.00,"ק""ג",true,1,27.90,27.90,true,1,
7290009819175,true,שוארמה הודו נ.טרי א.עצמי,.,IL,שוארמה הודו טרי,קילוגרמים,0.00,"ק""ג",true,1,54.90,54.90,true,1,
7290009819212,true,גרון הודו נ.טרי א.עצמי,.,IL,גרון הודו טרי,קילוגרמים,0.00,"ק""ג",true,1,23.90,23.90,true,1,
7290009819267,true,חזה הודו נ.טרי ארוז עצמי,.,IL,חזה הודו טרי,קילוגרמים,0.00,"ק""ג",true,1,29.90,29.90,true,1,
7290009819274,true,שוק הודו מפורק טרי א.עצמ,.,IL,שוק הודו מפורק,קילוגרמים,0.00,"ק""ג",true,1,44.90,44.90,true,1,
7290009951899,true,מאפה מלוח משקל,גידרון,IL,מאפה מלוח משקל,קילוגרמים,0.00,"ק""ג",true,0,34.00,34.00,true,1,
7290009951912,true,מאפה מתוק משקל,גידרון,IL,מאפה מתוק משקל,קילוגרמים,0.00,"ק""ג",true,0,34.00,34.00,true,1,
7290009952063,true,מים מינרליים מצוננים500מ,,,מים מינרליים מצוננים500מ,מיליליטרים,500.00,"100 מ""ל",false,0,5.30,1.06,true,1,
7290009954234,true,נועם גב.צהובה9%חריץ משקל,טרה,IL,גבינת נועם 9% ריץ משקל,קילוגרמים,0.00,"ק""ג",true,0,68.00,68.00,true,1,
7290009954241,true,נועם ג.צהובה22%חריץ משקל,"טרופיקל דגיל תעשיות קוסמטיקה בע""מ",IL,גבינת נועם 22% ריץ משקל,קילוגרמים,0.00,"ק""ג",true,0,37.90,37.90,true,1,
7290009954258,true,נועם ג.צהובה28%חריץ משקל,י. מלכי מוצרים,IL,גבינת נועם 28% ריץ משקל,קילוגרמים,0.00,"ק""ג",true,0,39.90,39.90,true,1,
7290009954357,true,גב.עמק מגורדת במשקל,,IL,גבינת עמק מגורדת,קילוגרמים,0.00,"ק""ג",true,0,41.30,41.30,true,1,
7290009954364,true,גב.גלבוע מגורדת במשקל,תנובה,IL,גב.גלבוע מגורדת,קילוגרמים,0.00,"ק""ג",true,0,39.25,39.25,true,1,
7290009955187,true,פסטרמה מעושנת שופרסל קג,עוף טוב,IL,פסטרמה מעושנת,קילוגרמים,0.00,"ק""ג",true,0,68.00,68.00,true,1,
7290009955217,true,"סלמי קוניאק שופרסל ק""ג",עוף טוב,IL,סלמי קוניאק,קילוגרמים,0.00,"ק""ג",true,0,58.00,58.00,true,1,
7290009955224,true,"נקניק תה שופרסל ק""ג",עוף טוב,IL,נקניק תה,קילוגרמים,0.00,"ק""ג",true,0,39.00,39.00,true,1,
7290009955231,true,"סלמי איטלקי שופרסל ק""ג",עוף טוב,IL,סלמי איטלקי,קילוגרמים,0.00,"ק""ג",true,0,58.00,58.00,true,1,
7290009955255,true,חזה הודו דבש נתח שלם שופ,עוף טוב,IL,חזה הודו דבש נתח שלם שופ,קילוגרמים,0.00,"ק""ג",true,0,68.00,68.00,true,1,
7290009955262,true,חזה הודו ברביקיו נתח שלם,עוף טוב,IL,חזה הודו ברביקיו נתח שלם,קילוגרמים,0.00,"ק""ג",true,0,68.00,68.00,true,1,
7290009955309,true,גב.פרמז'ן27% שופרסל משקל,ז'נטי אס.פי.אי,IT,גבינת פרמז'ן,קילוגרמים,0.00,"ק""ג",true,1,98.00,98.00,true,1,
7290009955323,true,גאודה 29% שופרסל משקל,רובין,NL,גבינת גאודה,קילוגרמים,0.00,"ק""ג",true,1,47.00,47.00,true,1,
7290009955330,true,גב.מוצרלה21% שופרסל משקל,אס סי מודסט,LE,גבינה מוצרלה 21%,קילוגרמים,0.00,"ק""ג",true,1,58.00,58.00,true,1,
7290010002023,false,כורכום הודי טחון תבליני מימון 100 גרם,א.ל ייצור ושיווק תבלינים,IL,כורכום טחון,גרמים,100.00,100 גרם,false,0,9.70,9.70,true,1,
7290010002078,false,פלפל שחור טחון תבליני מימון 100 גרם,א.ל ייצור ושיווק תבלינים,IL,פלפל שחור טחון,גרמים,100.00,100 גרם,false,0,15.10,15.10,true,1,
7290010002092,false,תבלין פלפל שחור גרוס דק תבליני מימון 90,א.ל ייצור ושיווק תבלינים,IL,פלפל שחור גרוס,גרמים,90.00,100 גרם,false,0,15.10,16.78,true,1,
7290010002122,false,פפריקה הונגרית מתוקה תבליני מימון 100 גרם,א.ל ייצור ושיווק תבלינים,IL,פפריקה הונגרית,גרמים,100.00,100 גרם,false,0,10.90,10.90,true,1,
7290010002207,false,תבלין קינמון טחון תבליני מימון 100 גרם,א.ל ייצור ושיווק תבלינים,IL,קינמון טחון,גרמים,100.00,100 גרם,false,0,8.30,8.30,true,1,
7290010002283,false,תיבול על האש תבליני מימון 100 גרם,א.ל ייצור ושיווק תבלינים,IL,תבלין על האש,גרמים,100.00,100 גרם,false,0,8.30,8.30,true,1,
7290010002313,false,תבלין ראס אל חנות תבליני מימון 100 גרם,א.ל ייצור ושיווק תבלינים,IL,תבלין לקציצות,גרמים,100.00,100 גרם,false,0,10.90,10.90,true,1,
7290010002368,false,תערובת חווויג' תבליני מימון 100 גרם,א.ל ייצור ושיווק תבלינים,IL,חוויאג' למרק,גרמים,100.00,100 גרם,false,0,9.70,9.70,true,1,
7290010002382,false,תבלין אורגנו תבליני מימון 40 גרם,א.ל ייצור ושיווק תבלינים,IL,אורגנו,גרמים,40.00,100 גרם,false,0,9.30,23.25,true,1,
7290010002399,false,תבלין בזיליקום תבליני מימון 40 גרם,א.ל ייצור ושיווק תבלינים,IL,בזיליקום(ריחן),גרמים,40.00,100 גרם,false,0,9.30,23.25,true,1,
7290010003051,false,פפריקה הונגרית מתוקה תבליני מימון 400 גרם,א.ל ייצור ושיווק תבלינים,IL,פפריקה הונגרית,גרמים,400.00,100 גרם,false,0,23.90,5.98,true,1,
7290010003709,false,פלפל שחור טחון בשקית תבליני מימון 50 גרם,א.ל ייצור ושיווק תבל,IL,פלפל שחור טחון,גרמים,50.00,100 גרם,false,0,5.60,11.20,true,1,
7290010003754,false,כמון טחון בשקית תבליני תבליני מימון 50 גרם,א.ל ייצור ושיווק תבל,IL,כמון טחון,גרמים,50.00,100 גרם,false,0,5.80,11.60,true,1,
7290010003761,false,כורכום טחון בשקית תבליני מימון 80 גרם,א.ל ייצור ושיווק תבל,IL,כורכום טחון,גרמים,80.00,100 גרם,false,0,5.80,7.25,true,1,
7290010003778,false,תיבול לגריל עוף בשקית תבליני מימון 80 גרם,א.ל ייצור ושיווק תבל,IL,תיבול לעוף,גרמים,80.00,100 גרם,false,0,5.80,7.25,true,1,
7290010023141,false,תה לימונענע הגן הקסום ויסוצקי 25 יחידות,תה ויסוצקי,IL,חליטת לימונענע,גרמים,55.00,100 גרם,false,0,12.80,23.27,true,1,
7290010023622,false,תה קלאסי עם נגיעות נענע ויסוצקי 100 יחידות,תה ויסוצקי,IL,תה קלאסיק+נענע,גרמים,100.00,100 גרם,false,0,17.70,17.70,true,1,
7290010045013,false,עוגיות חמאה צרפתיות 200 גרם לחמי,קונדטוריות לחמי,IL,עוגיות חמאה,גרמים,250.00,100 גרם,false,0,18.00,7.20,true,1,
7290010049028,false,מרמולייט תרכיז פטל דיאט 1 ליטר,מרמולייט,IL,תרכיז דיט פטל,ליטרים,1.00,ליטר,false,0,10.80,10.80,true,1,
7290010065271,false,פרינוק - מחית תפוחי עץ 130 גרם,פרינוק,CZ,פרינוק מחית,גרמים,130.00,100 גרם,false,0,4.80,3.69,true,1,
7290010065295,false,פרינוק - מחית תפוחי עץ ובננה 130 גרם,פרינוק,IL,פרינוק מחית,גרמים,130.00,100 גרם,false,0,4.80,3.69,true,1,
7290010065301,false,פרינוק - מחית סלט פירות 130 גרם,פרינוק,CZ,פרינוק מחית,גרמים,130.00,100 גרם,false,0,4.80,3.69,true,1,
7290010065332,false,מחית תפוח עץ בננה ג'וניור פרינוק 190 גרם,פרוטה פודווין איי.אס,IL,פריניוק ג'וניור,גרמים,190.00,100 גרם,false,0,5.50,2.89,true,1,
7290010065349,false,מחית סלט פירות ג'וניור פרינוק 190 גרם,פרוטה פודווין איי.אס,IL,פריניק ג'וניור,גרמים,190.00,100 גרם,false,0,5.50,2.89,true,1,
7290010066001,false,נתחי טונה עם שמן צמחי פילטונה 960 גרם,תעשיות פילטונה,IL,נתחי טונה בשמן,גרמים,960.00,100 גרם,false,0,33.60,3.50,true,1,
7290010066513,false,נתחי טונה בשמן צמחי רביעיה *158ג' פילטונה,תעשיות פילטונה,IL,טונה בשמן 4 יח,גרמים,632.00,100 גרם,false,0,19.90,3.15,true,1,
7290010066575,false,נתחי טונה במים רביעיה *158ג' פילטונה,תעשיות פילטונה,IL,טונה במי מלח 4יח,גרמים,632.00,100 גרם,false,0,19.90,3.15,true,1,
7290010066582,false,נתחי טונה בשמן קנולה רביעיה * 158 ג' פילטונה,תעשיות פילטונה,IL,טונה בשמן 4 יח,גרמים,632.00,100 גרם,false,0,19.90,3.15,true,1,
7290010066599,false,רביעיית נתחי טונה בשמן זית פילטונה 158X4 גרם,תעשיות פילטונה,IL,טונה בשמן זית4יח,גרמים,632.00,100 גרם,false,0,29.90,4.73,true,1,
7290010066940,false,נתחי טונה במי מלח960ג,תעשיות פילטונה,IL,נתחי טונה,גרמים,960.00,100 גרם,false,0,33.60,3.50,true,1,
7290010066957,false,נתחי טונה קטנה בשמן צמחי 960ג' פרינס,תעשיות פילטונה,IL,נתחי טונה בשמן,גרמים,960.00,100 גרם,false,0,29.60,3.08,true,1,
7290010115938,false,פתיבר שוקו פריך עשיר500ג,STRAUSS-ISRAEL,IL,פתיבר שוקו,גרמים,500.00,100 גרם,false,0,9.90,1.98,true,1,
7290010116348,false,מיקס חטיפים מגדים 390 גר,"שטראוס גרופ בע""מ",IL,מיקס חטיפים עלית,גרמים,390.00,100 גרם,false,0,21.90,5.62,true,1,
7290010116898,false,שוקולד אוורירי מריר85גרם,שטראוס,IL,שוקולד אוורירי,גרמים,85.00,100 גרם,false,0,5.50,6.47,true,1,
7290010116980,false,אבקת שוקולית שקית עלית 850 ג',הנסיך- מפעל לייצור ט,IL,שוקולית עלית,גרמים,850.00,100 גרם,false,0,17.90,2.11,true,1,
7290010118113,false,שוש 10 * 20 גרם,עלית,IL,מארז שוש 10 יח,גרמים,200.00,100 גרם,false,0,10.00,5.00,true,1,
7290010129003,false,עוגיות אוזניים 600 גרם,ק.א. ומשווק בבלעדיות על,IL,עוגיות אוזניים,גרמים,600.00,100 גרם,false,0,17.90,2.98,true,1,
7290010129034,false,עוגיות שוקו ציפס 600 גרם,דולצ'ה ויטה,IL,עוגיות שוקו ציפס,גרמים,600.00,100 גרם,false,0,17.90,2.98,true,1,
7290010129300,false,עוגיות רייף מרוקאיות 350 גרם,קונדטוריית אנגל,IL,עוגיות מרוקאיות,גרמים,350.00,100 גרם,false,0,16.80,4.80,true,1,
7290010129348,false,עוגיות בטעם שוקולד 600גר,ק.א. ומשווק בבלעדיות על,IL,עוגיות שוקולד,גרמים,600.00,100 גרם,false,0,17.90,2.98,true,1,
7290010154005,false,סחוג תימני יוחאי ביטון 250 גרם,תבליני יוחאי ביטון,IL,סחוג תימני,גרמים,250.00,100 גרם,false,0,14.10,5.64,true,1,
7290010154012,false,לימון בלאדי כבוש תבליני ביטון 250 גרם,תבליני ביטון יוחאי,IL,לימון בלאדי,גרמים,250.00,100 גרם,false,0,14.10,5.64,true,1,
7290010154029,false,אריסה מתוקה יוחאי ביטון 250 גרם,תבליני ביטון יוחאי,IL,אריסה מתוקה,גרמים,250.00,100 גרם,false,0,14.10,5.64,true,1,
7290010154241,false,סלט חזרת ריף ביטון 250 ג',תבליני ביטון יוחאי,IL,חזרת ביתית,גרמים,250.00,100 גרם,false,0,14.10,5.64,true,1,
7290010154265,false,פלפל צ'ומה תבליני ביטון 250 גרם,תבליני יוחאי ביטון,IL,פלפל צ'ומה,גרמים,250.00,100 גרם,false,0,14.10,5.64,true,1,
7290010163632,false,שזיף ללא גלעין400ג'שקדיה,שקדיה,IL,שזיף ללא גלעין,גרמים,400.00,100 גרם,false,0,26.70,6.68,true,1,
7290010163663,false,אגוזי קאשיו טבעיים 200ג,שקדיה,IL,אגוז קאשיו טבעי,גרמים,200.00,100 גרם,false,0,23.70,11.85,true,1,
7290010163700,false,שקד קלוף טבעי200ג' שקדיה,שקדיה,IL,שקד טבעי,גרמים,200.00,100 גרם,false,0,24.70,12.35,true,1,
7290010163748,false,פקאן מסוכר 200גרם-שקדיה,שקדיה,IL,פקאן מסוכר,גרמים,200.00,100 גרם,false,0,24.70,12.35,true,1,
7290010173044,false,"יין בר הרי גליל מרלו 750 מ""ל","כד בני דרום בע""מ",IL,מרלו הרי גליל,מיליליטרים,750.00,"100 מ""ל",false,0,29.90,3.99,true,1,
7290010196678,false,שקיות ענק לצליה בתנור קוקי 2*5 יח,ש.שסטוביץ,IL,קוקי שקיות אפיה ענק 10יח,יחידה,1.00,יחידה,false,0,21.60,21.60,true,1,
7290010237548,false,"פפסי מקס דל קלוריות 500 מ""ל בקבוק",טמפו משקאות בעמ,IL,פפסי מקס,מיליליטרים,500.00,"100 מ""ל",false,0,3.90,0.78,true,1,
7290010237623,false,בירה נשר מאלט 1.5 ליטר,"טמפו משקאות בע""מ",IL,נשר מאלט,ליטרים,1.50,ליטר,false,0,6.90,4.60,true,1,
7290010237630,false,בירה נשר מאלט דיאט 1.5 ל,"טמפו משקאות בע""מ",IL,נשר מאלט דיאט,ליטרים,1.50,ליטר,false,0,6.90,4.60,true,1,
7290010237784,false,בירה שנדי בתוספת משקה לימון ליים - שישייה,"טמפו משקאות בע""\מ",IL,מכבי שנדי 6 יח,ליטרים,1.98,ליטר,false,0,28.90,14.60,true,1,
7290010237890,false,"בירה הייניקן בקבוק 500 מ""ל חוזר",טמפו משקאות בע''מ,IL,בירה הייניקן,מיליליטרים,500.00,"100 מ""ל",false,0,8.90,1.78,true,1,
7290010259823,false,מנת השף-מרק עם נודלס בטעם עוף ויליפוד,נמצ'או(תאילנד) בעמ,IL,מנת השף נודלס,גרמים,70.00,100 גרם,false,0,4.50,6.43,true,1,
7290010259830,false,מנת השף נודלס בסגנון סיני פיקנטי וילי פוד 70 גרם,נמצ'או(תאילנד) בעמ,IL,מנת השף נודלס,גרמים,70.00,100 גרם,false,0,4.50,6.43,true,1,
7290010314140,false,חזה בגריל מן הצומח 630גר,טבעול,IL,חזה בגריל,גרמים,630.00,100 גרם,false,0,36.60,5.81,true,1,
7290010329595,false,אפיפיות בטעם שוקולד בציפוי שוקולד חלב 110 גר בית יוסף,קריות זול,IL,אגו שוקולד,גרמים,130.00,100 גרם,false,0,5.90,4.54,true,1,
7290010329984,false,שוקולד כרמית ציפס מר,כרמית תעשיות ממתקים בעמ,IL,שוקולד צ'יפס,גרמים,250.00,100 גרם,false,0,9.70,3.88,true,1,
7290010378500,false,סופטקר שמפו אל דמע 1ליטר,אמיליה קוסמטיקס,IL,שמפו לתינוק,ליטרים,1.00,ליטר,false,0,14.90,14.90,true,1,
7290010417315,false,יין גולן מרלו 750 מל,יקבי רמת הגולן קצרין,IL,"גולן מרלו 750 מ""ל",מיליליטרים,750.00,"100 מ""ל",false,0,29.90,3.99,true,1,
7290010429295,false,מעדן פרי מישמש100% 250ג,יד מרדכי,IL,מעדן מישמש,גרמים,250.00,100 גרם,false,0,13.70,5.48,true,1,
7290010429301,false,מעדן תות 100% יד מורדכי,אף.סי תבליני בגליל ב,IL,מעדן תות,גרמים,250.00,100 גרם,false,0,13.70,5.48,true,1,
7290010429554,false,"שמן זית כתית מעולה יד מרדכי 2 קלאסי, 750 מ""ל",מכוורת יד מרדכי שטראוס ב,IL,שמן זית 2 קלאסי,מיליליטרים,750.00,"100 מ""ל",false,0,34.90,4.65,true,1,
7290010472307,false,"שמיניית משקה גמדים תות בננה דיסני 108 מ""ל",מיוצר עי קונדיטוריית,IL,גמדים לשתיה 8 יח,מיליליטרים,800.00,"100 מ""ל",false,0,20.00,2.50,true,1,
7290010472390,false,מארז 8 יחידות מעדן דני בטעם שוקולד 1.5%,מיוצר עי קונדיטוריית,IL,דני שוקולד 8 יח',קילוגרמים,1.00,"ק""ג",false,0,15.90,15.90,true,1,
7290010472765,false,סופר גמדים תות 100*4 גרם,"שטראוס בריאות בע""\מ",IL,סופר גמדים 4 יח,גרמים,400.00,100 גרם,false,0,11.50,2.88,true,1,
7290010582037,false,פלפלון סוויט בייט יחידה,חקלאי,IL,פלפלון סוויט,יחידה,1.00,יחידה,false,0,7.90,7.90,true,1,
7290010617241,false,זוג מוצצים סיליקון אורטודנטיים M,אריסטוקרט,TH,מוצץ פרח זוג בינוני,יחידה,1.00,יחידה,false,0,18.70,18.70,true,1,
7290010617258,false,מוצץ סיליקון קטן לרך נולד פרח זוגי,אריסטוקרט,TH,מוצץ פרח זוג קטן,יחידה,1.00,יחידה,false,0,18.70,18.70,true,1,
7290010632404,false,נובי5305-מיכל לאבקת חלב,מולינו ניקולי s.p.a,CN,מיכל לאבקת חלב,יחידה,1.00,יחידה,false,0,18.90,18.90,true,1,
7290010632558,false,כפית ארוכה נובי 18יחידות,E. I. CO Ltd,CN,כפית ארוכה,יחידה,1.00,יחידה,false,0,20.90,20.90,true,1,
7290010632787,false,צימרוני אוזניים מעץ 300 יח,הדקלאים אגודת שיתופי,CN,צמרוני אוזניים,יחידה,1.00,יחידה,false,0,3.90,3.90,true,1,
7290010639632,false,תירס גמדי אויליו,,IL,תירס גמדי אויליו,גרמים,400.00,100 גרם,false,0,5.80,1.45,true,1,
7290010650033,false,בצלצלי שאלוט ארוז לי,חוות פטריות תקוע,IL,בצלצלי שאלוט,יחידה,1.00,יחידה,false,0,14.00,14.00,true,1,
7290010650101,false,עגבניות מיובשות חוות תקוע 100 גרם,חוות פטריות תקוע,IL,עגבניות מיובשות,גרמים,100.00,100 גרם,false,0,11.80,11.80,true,1,
7290010650354,false,שורש כורכום טרי חוות תקוע 120 גרם,חוות תקוע,IL,כורכום טרי-יח',יחידה,1.00,יחידה,false,0,15.00,15.00,true,1,
7290010740512,false,שניצל דק מהצומח ביתי 700,טבעול,IL,שניצל דק ביתי,גרמים,700.00,100 גרם,false,0,34.60,4.94,true,1,
7290010740857,false,שניצל תירס 750גרם33%+ 1ק,טבעול,IL,שניצל תירס טבעול,גרמים,1000.00,100 גרם,false,0,29.90,2.99,true,1,
7290010748891,false,אפקטיב קר קרם גוף מולטי ויטמין לעור רגיל יבש ח 7,פישר מעבדות פרמצבטיות בע,IL,קרם גוף,מיליליטרים,700.00,"100 מ""ל",false,0,27.00,3.86,true,1,
7290010759323,false,עוגיות מרוקאיות שקד 700ג,,,עוגיות מרוקאיות שקד 700ג,גרמים,700.00,100 גרם,false,0,11.90,1.70,true,1,
7290010760947,false,עוגיות שקד בדליים מאפיית אריאל 600 גרם,,IL,עוגיות שקד בדלי,גרמים,600.00,100 גרם,false,0,11.90,1.98,true,1,
7290010838219,false,ממתיק על בסיס צמח הסטיביה - שקיות,"קיפל טבליות וממתיקים בע""מ",IL,ממתיק מרמולייט,גרמים,100.00,100 גרם,false,0,32.80,32.80,true,1,
7290010838424,false,ג'ל לניקוי מתקדם בניחוח רענן - מארז זוג,"איטיליאן פוד, אס.פי.",NL,טואלט דאק זוג,ליטרים,1.50,ליטר,false,0,16.90,11.27,true,1,
7290010838431,false,דאק נוזל לניקוי אסלות זוג בניחוח ים 2*750 מל,מיוצר עי קונדיטוריית,NL,טואלט דאק זוג,ליטרים,1.50,ליטר,false,0,16.90,11.27,true,1,
7290010838806,false,סב.נוזלי פמילי תות 500X3,אברנסל קוסמטיקס,TR,סב.נוזלי פמילי,ליטרים,1.50,ליטר,false,0,15.80,10.53,true,1,
7290010849512,false,יין למברוסקו די לואיג'ירוזטו אמבילה,פארייפאבה אגרואינדוס,IT,למברוסקו רוזאטו,מיליליטרים,750.00,"100 מ""ל",false,0,24.90,3.32,true,1,
7290010883042,false,"סנובון נוזלי אפקט קצף פעיל רענן תות 750 מ""ל",סנו מפעלי ברונוס בעמ,IL,סנובון נוזלי,מיליליטרים,750.00,"100 מ""ל",false,0,11.80,1.57,true,1,
7290010883356,false,כפפות אלוורה רב שימושיות גדולות L סנו סושי,סנו סושי,IL,סנו סושי כפפות,יחידה,1.00,יחידה,false,0,10.40,10.40,true,1,
7290010883363,false,כפפות אלוורה רב שימושיות קטנות S סנו סושי,האי נאם סי או אל.טי.,,סנו סושי כפפות,יחידה,1.00,יחידה,false,0,10.40,10.40,true,1,
7290010883370,false,כפפות אלוורה רב שימושיות בינוניות M סנו סושי,האי נאם סי או אל.טי.,,סנו סוש כפפות,יחידה,1.00,יחידה,false,0,10.40,10.40,true,1,
7290010921034,false,מיץ רימונים,,IL,מיץ רימונים,ליטרים,1.00,ליטר,false,0,11.80,11.80,true,1,
7290010945146,false,קוטג' 3% מועשר בסידן טרה 250 ג' מהדרין,קריות זול,IL,קוטג' 3% מועשר,גרמים,250.00,100 גרם,false,0,5.20,2.08,true,1,
7290010945306,false,חלב 3% בקרטון טרה 2 ליטר,הפריט בפיקוח,IL,חלב 3% בקרטון,ליטרים,2.00,ליטר,false,0,10.90,5.45,true,1,
7290010945450,false,גבינה לבנה 3% 250 גר מועשר בסידן וויטמין,הפריט בפיקוח,IL,גבינה לבנה3%,גרמים,250.00,100 גרם,false,0,5.10,2.04,true,1,
7290010945481,false,גבינה לבנה טרה 5% מרכיבים טבעיים,הפריט בפיקוח,IL,גבינה לבנה 5%,גרמים,500.00,100 גרם,false,0,8.90,1.78,true,1,
7290010970100,false,שמן שומשום כבישה קרה 250 מיל טעמים,"ג.מ טעם הארץ בע""\ם",IL,שמן שומשום,מיליליטרים,250.00,"100 מ""ל",false,1,29.60,11.84,true,1,
7290010970261,false,טעמים-חומץ תפוחי עץ,"ג.מ טעם הארץ בע""\ם",IL,חומץ תפוחי עץ,מיליליטרים,500.00,"100 מ""ל",false,0,15.20,3.04,true,1,
7290010970551,false,שמן אבוקדו מעודן 250 מ`ל טעמים,"ג.מ טעם הארץ בע""\ם",IL,שמן אבוקדו,מיליליטרים,250.00,"100 מ""ל",false,1,29.60,11.84,true,1,
7290010984015,false,פרוסות מלפפונים בחומץ400,"כד בני דרום בע""מ",IL,פרוסות מלפפונים,גרמים,400.00,100 גרם,false,1,10.00,2.50,true,1,
7290010984060,false,זית סורי מבוקע 320 גרם,"כד בני דרום בע""מ",IL,זית סורי מבוקע,גרמים,320.00,100 גרם,false,1,10.00,3.13,true,1,
7290010984183,false,ממרח עגבניות מיובשות155ג,"כד בני דרום בע""מ",IL,ממרח עגבניות,גרמים,155.00,100 גרם,false,1,10.00,6.45,true,1,
7290010984206,false,ממרח פלפלים קלויים 155 ג,"כד בני דרום בע""מ",IL,ממרח פלפלים,גרמים,155.00,100 גרם,false,1,10.00,6.45,true,1,
7290010984251,false,סחוג עדני 155 גרם,"כד בני דרום בע""מ",IL,סחוג עדני,גרמים,155.00,100 גרם,false,1,10.00,6.45,true,1,
7290011015862,false,"סירופ דיאט לימונענע פריגת 750 מ""ל",סירופ - גבעת חיים,IL,סירופ לימונענע,מיליליטרים,750.00,"100 מ""ל",false,0,17.00,2.27,true,1,
7290011017606,false,פאנטה לימונדה 1.5 ליטר,החברה המרכזית לייצור משקאות,IL,פאנטה לימונדה,ליטרים,1.50,ליטר,false,0,6.90,4.60,true,1,
7290011017873,false,"פחיות קוקה קולה זירו 330 מ""ל",החברה המרכזית לייצור משקאות,IL,קוקה זירו,מיליליטרים,330.00,"100 מ""ל",false,0,5.90,1.79,true,1,
7290011017880,false,דיאט קוקה קולה פחית סליק 330מל,החברה המרכזית לייצור משקאות,IL,קוקה קולה דיאט,מיליליטרים,330.00,"100 מ""ל",false,0,5.90,1.79,true,1,
7290011017910,false,פריגת קלמנטינות+חתיכות,פריגת,IL,פריגת קלמנטינות,ליטרים,1.50,ליטר,false,0,6.50,4.33,true,1,
7290011018252,false,פיוז טי תה קר בטעם מנגו אננס,FUZE TEA,IL,תה מנגו אננס,ליטרים,1.50,ליטר,false,0,5.90,3.93,true,1,
7290011018276,false,פיוז תה אקזוטי 1.5ל',,IL,תה אקזוטי,ליטרים,1.50,ליטר,false,0,5.90,3.93,true,1,
7290011018283,false,תה קר פיוז אפרסק 1.5,FUZE TEA,IL,פיוז תה אפרסק,ליטרים,1.50,ליטר,false,0,5.90,3.93,true,1,
7290011018306,false,תה קר פיוז דייאט אפר,FUZE TEA,IL,תה אפרסק דיאט,ליטרים,1.50,ליטר,false,0,5.90,3.93,true,1,
7290011018313,false,מארז 4 יח פיוז תה אפ,FUZE TEA,IL,תה אפרסק 4 יח',ליטרים,6.00,ליטר,false,0,23.60,3.93,true,1,
7290011018580,false,משקה פיוז תה ענבים 1,FUZE TEA,IL,פיוז טי ענבים,ליטרים,1.50,ליטר,false,0,5.90,3.93,true,1,
7290011051136,false,שוופס סודה 1.5 ל'- רביעייה,יפאורה שותפות מובגלת לשיווק,IL,שוופס סודה 1.5*4 ליטר,ליטרים,6.00,ליטר,false,0,10.90,1.82,true,1,
7290011051297,false,שוופס סודה לימון 1.5ליטר,יפאורה שותפות מובגלת לשיווק,IL,שוופס סודה לימון,ליטרים,1.50,ליטר,false,0,3.30,2.20,true,1,
7290011051327,false,קריסטל אשכוליות מוגז 2ל',יפאורה שותפות מובגלת לשיווק,IL,גזוז טעם אשכולית,ליטרים,2.00,ליטר,false,0,3.60,1.80,true,1,
7290011051341,false,שוופס סודה לימון 1.5*4 ל,יפאורה שותפות מובגלת לשיווק,IL,שוופס סודה לימון 1.5*4 ל,ליטרים,6.00,ליטר,false,0,10.90,1.82,true,1,
7290011051372,false,שוופס מוגז תפוח ליים1.5ל,יפאורה שותפות מובגלת לשיווק,IL,שוופס תפוח ליים,ליטרים,1.50,ליטר,false,0,6.50,4.33,true,1,
7290011051389,false,שוופס פירות יער מוגז1.5ל,יפאורה שותפות מובגלת לשיווק,IL,שוופס מוגז עדין,ליטרים,1.50,ליטר,false,0,6.50,4.33,true,1,
7290011051396,false,שוופס מוגז עדין אפרסק 1.5 ליטר,יפאורה שותפות מובגלת לשיווק,IL,שוופס אפרסק,ליטרים,1.50,ליטר,false,0,6.50,4.33,true,1,
7290011051488,false,תה ספרינג אפרסק 1.5 ליטר,יפאורה שותפות מובגלת לשיווק,IL,ספרינג תה אפרסק,ליטרים,1.50,ליטר,false,0,6.20,4.13,true,1,
7290011051495,false,תה ספרינג ירוק לימון1.5ל,יפאורה שותפות מובגלת לשיווק,IL,תה ספרינג ירוק,ליטרים,1.50,ליטר,false,0,6.20,4.13,true,1,
7290011051655,false,שוופס ריזלינג מוגז 1.5ל',יפאורה שותפות מובגלת לשיווק,IL,שוופס ריזלינג,ליטרים,1.50,ליטר,false,0,6.50,4.33,true,1,
7290011051785,false,קריסטל דיאט אשכול.מוגז2ל,יפאורה שותפות מובגלת לשיווק,IL,קריסטל מוגז,ליטרים,2.00,ליטר,false,0,3.60,1.80,true,1,
7290011051938,false,תפוזינה תפוח רענן 1.5 ל',יפאורה שותפות מובגלת לשיווק,IL,תפוזינה תפוח,ליטרים,1.50,ליטר,false,0,5.90,3.93,true,1,
7290011051976,false,קולה RC ללא סוכר FREE בקבוק 1.5ל',יפאורה שותפות מובגלת לשיווק,IL,R.C FREE,ליטרים,1.50,ליטר,false,0,4.40,2.93,true,1,
7290011051990,false,אר סי קולה דל קלוריו,יפאורה שותפות מובגלת לשיווק,US,FREE RC מארז6יח,ליטרים,9.00,ליטר,false,0,22.90,2.54,true,1,
7290011081690,false,קרמיסימו פרווה שוקו ציפ+וניל ציפ 1.33ל,"גלידת שטראוס בע""\מ, רחוב",IL,גל.קרמיסימו צ'יפ וניל/שו,ליטרים,1.33,ליטר,false,0,18.90,14.21,true,1,
7290011115166,false,נקה 7 ארומה סבון נוזלי לבנדר 1 ל',טרופיקל דגיל תעשיות,IL,תחליב רחצה נקה 7,ליטרים,1.00,ליטר,false,0,12.90,12.90,true,1,
7290011115258,false,אל סבון מוצק מבושם בניחוח עדין קלאסיק - מארז רביעיה,"גליל כימיכלים בע""מ",,נקה 7 סבון 4 יח,גרמים,400.00,100 גרם,false,0,11.90,2.98,true,1,
7290011115272,false,אל סבון מוצק מועשר בקרם לחות צמחים - מארז רביעיה,קוסמופארם בע'\'\מ,,סבון נקה 4X 7,גרמים,400.00,100 גרם,false,0,11.90,2.98,true,1,
7290011115289,false,אל סבון מוצק מבושם בניחוח עדין קלאסיק - מארז רביעיה,"גליל כימיכלים בע""מ",IL,סבון נקה 4X 7,מיליליטרים,400.00,"100 מ""ל",false,0,11.90,2.98,true,1,
7290011126452,false,הגן הקסום תה בטעם קמומיל ונענע ויסוצקי 25 יחידות,תה ויסוצקי,IL,חליטת קמומיל,גרמים,37.00,100 גרם,false,0,12.80,34.59,true,1,
7290011126469,false,חליטת צמחים וקמומיל הגן הקסום ויסוצקי 25 יחידות,תה ויסוצקי,IL,חליטת קמומיל+דבש,גרמים,37.00,100 גרם,false,0,12.80,34.59,true,1,
7290011126483,false,תה לורד גריי 25 שק1.5Xגר,ויסוצקי,IL,תה לורד גריי 25 שק1.5Xגר,גרמים,37.00,100 גרם,false,0,15.40,41.62,true,1,
7290011131203,false,תערובת מיזלי גרין תפ,וויטליה,IL,מיזלי תפוח בדבש,קילוגרמים,1.00,"ק""ג",false,0,26.90,26.90,true,1,
7290011131333,false,גרנולה אגוזים 500 גרם,וויטליה,IL,גרנולה אגוזים,גרמים,500.00,100 גרם,false,0,14.80,2.96,true,1,
7290011131340,false,גרין גרנולה פקאן 500,ויטליה ניקולא דו,IL,גרנולה פקאן,גרמים,500.00,100 גרם,false,0,14.80,2.96,true,1,
7290011131357,false,מיזלי פירות 500 גרם,וויטליה,IL,מיזלי פירות,גרמים,500.00,100 גרם,false,0,14.80,2.96,true,1,
7290011131364,false,גריו גרנולה פירות 50,וויטליה,IL,גרנולה פירות,גרמים,500.00,100 גרם,false,0,14.80,2.96,true,1,
7290011131371,false,"מוזלי שקדים ואגוזים 1 ק""ג גרין",ויטליאה ניקולה דו,PL,מיזלי שקדים,קילוגרמים,1.00,"ק""ג",false,0,26.90,26.90,true,1,
7290011131395,false,"מוזלי בתוספת 30% פירות 1 ק""ג גרין",ויטליאה ניקולה דו,PL,מיזלי קראנץ,קילוגרמים,1.00,"ק""ג",false,0,26.90,26.90,true,1,
7290011131814,false,"מיזלי מיקס חלווה 1 ק""ג",גרין Green,MK,מיזלי מיקס חלווה,קילוגרמים,1.00,"ק""ג",false,1,26.90,26.90,true,1,
7290011131821,false,מיזלי מיקס חלווה 500 גרם,וויטליה,MK,מיזלי מיקס חלווה,גרמים,500.00,100 גרם,false,1,14.80,2.96,true,1,
7290011133207,false,סודה למון ליים 1.5 ליטר,טמפו,IL,סודה למון ליים,ליטרים,1.50,ליטר,false,1,3.90,2.60,true,1,
7290011133252,false,טמפו סודה לימון ליים 4*1.5ל,טמפו משקאות בעמ,IL,סודה למון ליים 1.5*4ליטר,ליטרים,6.00,ליטר,false,1,10.80,1.80,true,1,
7290011148904,false,פלפל צ'ילי חריף יחידה,חקלאי,IL,פלפל צילי אמיתי,יחידה,1.00,יחידה,false,0,5.50,5.50,true,1,
7290011194215,false,מעדן גבינה ויוגורט בטעם בננה 5% שומן 88 ג' דניאלה,"שטראוס בריאות בע""מ",IL,דניאלה בננה,גרמים,100.00,100 גרם,false,0,4.10,4.10,true,1,
7290011194246,false,קוטג' 5% עם סידן 250 ג' שטראוס,מיוצר עי קונדיטוריית,IL,קוטג' 5% שומן,גרמים,250.00,100 גרם,false,0,5.80,2.32,true,1,
7290011194741,false,משקה אקטיביה לבן1.5% 250,מיוצר עי קונדיטוריית,IL,משקה אקטיביה לבן,מיליליטרים,250.00,"100 מ""ל",false,0,4.90,1.96,true,1,
7290011223229,false,"טואלט דאק ג'ל לאסלה טיפות טל רעננות 55 מ""ל","איטיליאן פוד, אס.פי.",GB,דאק ג'ל טל רענן,מיליליטרים,55.00,"100 מ""ל",false,0,12.60,22.91,true,1,
7290011223243,false,"טואלט דאק ג'ל לאסלה בניחוח לבנדר 55 מ""ל","איטיליאן פוד, אס.פי.",GB,דאק ג'ל נוזלי,מיליליטרים,55.00,"100 מ""ל",false,0,12.60,22.91,true,1,
7290011223786,false,סבון פמילי מעורב3 * 500מ,אברנסל קוסמטיקס,IL,סבון פמילי,ליטרים,1.50,ליטר,false,0,15.80,10.53,true,1,
7290011308117,false,קרקר 6 דגנים 200 גרם,אפיפית,IL,קרקר 6 דגנים,גרמים,200.00,100 גרם,false,0,7.20,3.60,true,1,
7290011308780,false,בייגלה טבעות שומשום300גר,יוניליוור,IL,בייגלה טבעות,גרמים,300.00,100 גרם,false,0,9.90,3.30,true,1,
7290011349288,false,שניצל דק בטעם חריף D700,טבעול,IL,שניצל דק צ'ילי,גרמים,700.00,100 גרם,false,0,37.00,5.29,true,1,
7290011378028,false,חלבה קלאסית וניל ללא תוספת סוכר בארכה 350 גרם,"רושדי תעשיות מזון בע""\מ",IL,"חלבה ללת""ס",גרמים,350.00,100 גרם,false,0,15.80,4.51,true,1,
7290011378769,false,חטיף חלווה וניל בארכה 126 גרם מארז 7 יחידות,"רושדי תעשיות מזון בע""\מ",IL,חטיפי חלבה 7 יח,גרמים,126.00,100 גרם,false,0,12.40,9.84,true,1,
7290011378776,false,חטיף חלווה פיסטוק בארכה 126 גרם מארז 7 יחידות,"רושדי תעשיות מזון בע""\מ",IL,חטיפי חלבה 7 יח,גרמים,126.00,100 גרם,false,0,12.40,9.84,true,1,
7290011378783,false,חטיף חלבה שוקו וניל18*7ג,רושדי תעשיות מזון,IL,חטיפי חלבה 7 יח,גרמים,126.00,100 גרם,false,0,12.40,9.84,true,1,
7290011379018,false,מארז משפחתי שמפיניון 500 ג' מרינה,מרינה פטריות הגליל,IL,פטריות מארז משפחתי יח',יחידה,1.00,יחידה,false,0,14.90,14.90,true,1,
7290011435226,false,דבש מפרחי בר לחיץ 650 ג' יד מרדכי,מכוורת יד מרדכי שטראוס ב,IL,דבש לחיץ,גרמים,650.00,100 גרם,false,0,34.90,5.37,true,1,
7290011438517,false,שוקו יטבתה בקבוק150*8גרם,יטבתה,IL,שוקו יטבתה 8 יח',קילוגרמים,1.20,"ק""ג",false,0,18.60,15.50,true,1,
7290011442033,false,סופט מרכך מרוכז כחול 1ל,קומפלקס כימיקלים,IL,סופר מרכך מרוכז,ליטרים,1.00,ליטר,false,1,9.90,9.90,true,1,
7290011442040,false,סופט מרכך מרוכז ורוד 1ל,קומפלקס כימיקלים,IL,סופר מרכך מרוכז,ליטרים,1.00,ליטר,false,1,9.90,9.90,true,1,
7290011447267,false,מטרנה פרימיום חלבי שלב 1 700 גרם חיסכון,מטרנה תעשיות ש.מ,IL,מטרנה חלבי,גרמים,700.00,100 גרם,false,0,54.90,7.84,true,1,
7290011447281,false,מטרנה פרימיום חלבי שלב 2 700 גרם חיסכון,מטרנה תעשיות ש.מ,IL,מטרנה חלבי שלב 2,גרמים,700.00,100 גרם,false,0,54.90,7.84,true,1,
7290011447304,false,מטרנה פרימיום חלבי שלב 3 700 גרם חיסכון,מטרנה תעשיות ש.מ,IL,מטרנה חלבי שלב 3,גרמים,700.00,100 גרם,false,0,54.90,7.84,true,1,
7290011447359,false,תחליף חלב מטרנה מהדרין שלב 1 חלבי 700 גרם,מולינו ניקולי s.p.a,IL,מטרנה מהדרין,גרמים,700.00,100 גרם,false,0,49.90,7.13,true,1,
7290011447373,false,תחליף חלב מטרנה מהדרין שלב 2 חלבי 700 גרם,מטרנה תעשיות ש.מ,IL,מטרנה מהדרין,גרמים,700.00,100 גרם,false,0,49.90,7.13,true,1,
7290011468002,false,טחינה גולמית הנסיך500גרם,STRAUSS-ISRAEL,IL,טחינה גולמית הנסיך500גרם,גרמים,500.00,100 גרם,false,0,17.40,3.48,true,1,
7290011468026,false,טחינה נסיך שומשום מלא500,הנסיך,IL,טחינה הנסיך,גרמים,500.00,100 גרם,false,0,17.40,3.48,true,1,
7290011499105,false,בולגרית מסורתית 5% 250 גרם -רבנות,ג'נרל מילס סאן אדריא,IL,גבינה בולגרית 5%,גרמים,250.00,100 גרם,false,0,16.90,6.76,true,1,
7290011499129,false,גבינה בולגרית מעודנת קוביות קטנות 5% גד 200 גרם,קוד יצרן DSH,IL,קוביות בולגרית,גרמים,200.00,100 גרם,false,0,19.70,9.85,true,1,
7290011499303,false,פטה עיזים מעודנת 5% בגביע 250 גרם - רבנות,ג'נרל מילס סאן אדריא,,בולגרית מעודנת,גרמים,250.00,100 גרם,false,0,26.70,10.68,true,1,
7290011499327,false,גבינה בולגרית מעודנת 5% 250 גרם - רבנות,מיוצר על ידי DSH עבו,,בולגרית מעודנת5%,גרמים,250.00,100 גרם,false,0,16.90,6.76,true,1,
7290011499365,false,גד חלומי 24% 200 גרם רובין,"מחלבות גד בע""\מ",IL,חלומי גד 24%,גרמים,200.00,100 גרם,false,0,19.60,9.80,true,1,
7290011501617,false,חמוציות ברכז תפוחים ללא תוספת סוכר 250 גרם,"דין שיווק וקלייה בע""",IL,חמוציות דל סוכר,גרמים,250.00,100 גרם,false,0,19.70,7.88,true,1,
7290011515683,false,מאגדת טילון אקסטרים וניל נסטלה 6 יחידות,תות תעשיות מזון (201,IL,מאגדת אקסטרים וניל 6יח,גרמים,432.00,100 גרם,false,0,33.90,7.85,true,1,
7290011515911,false,מאגדת לייט ריבת חלב נסטלה 6 יחידות,גלידות נסטלה )נגה גלידות,IL,מאגדת לייט ריבת חלב כשלפ,גרמים,312.00,100 גרם,false,0,27.00,8.65,true,1,
7290011518561,false,"אקטימל תות 1.51 ק""ג מארז 14 יחידות",מיוצר עי קונדיטוריית,IL,אקטימל מארז14יח',ליטרים,1.40,ליטר,false,0,29.90,21.36,true,1,
7290011570507,false,קמח כרגיל ללא גלוטן 450 גרם,אשבל מזון פונקציונלי בע\,IL,קמח רב תכליתי,גרמים,450.00,100 גרם,false,1,19.30,4.29,true,1,
7290011570644,false,קמח רב תכליתי ללא גלוטן אשבל 450 גרם,אשבל מזון פונקציונלי בע\,IL,קמח לחם,גרמים,500.00,100 גרם,false,1,19.30,3.86,true,1,
7290011598211,false,"סנו - אנטי קאלק מרסס ניקוי כללי 4 ב-1 700 מ""ל",מיוצר עי קונדיטוריית,IL,סנו אנטי קאלק,מיליליטרים,700.00,"100 מ""ל",false,0,10.00,1.43,true,1,
7290011598402,false,מקסימה מרכך כביסה ארומתרפי מאסק סנו 4 ליטר,"סנו מפעלי ברונוס בע""\מ",,מרכך כביסה,ליטרים,4.00,ליטר,false,0,19.90,4.98,true,1,
7290011598457,false,נייר טואלט דו שכבתי - מארז 48 גלילים,סנו סופט Soft,IL,נייר טואלט סופט,מטרים,883.00,מטר,false,0,37.90,0.04,true,1,
7290011607197,false,"אבקת כביסה קולון 101 5 ק""ג",רקיט בנקיזר,,אבקת כביסה קולון,קילוגרמים,5.00,"ק""ג",false,0,29.90,5.98,true,1,
7290011615260,false,"טורטייה 20 ס""מ קוטר וילי פוד 540 גר",מוטלוקל גידה סאנאי ט,,טורטיות,גרמים,540.00,100 גרם,false,0,10.90,2.02,true,1,
7290011618124,false,נגיסי אורז לתינוקות בטעם ירקות,גואנז'ו יונג וואנט פ,CN,בייבי ביס טעם ירקות 50 ג,גרמים,50.00,100 גרם,false,0,10.90,21.80,true,1,
7290011618216,false,נגיסי אורז בייבי ביס בננה 50 גרם,גואנז'ו יונג וואנט פ,CN,בייבי ביס,גרמים,50.00,100 גרם,false,0,10.90,21.80,true,1,
7290011618483,false,רייד מכשיר חשמלי + 2נוזל 90לילות,"איטיליאן פוד, אס.פי.",CN,רייד בליסטר 2מילוי+מכשיר,יחידה,1.00,יחידה,false,0,42.50,42.50,true,1,
7290011622398,false,ראשונים דגנים לפעוט 200ג,אשבל,IL,דגני בוקר לפעוט,גרמים,200.00,100 גרם,false,1,14.90,7.45,true,1,
7290011622428,false,כתמטמינים-חטיף בריאות לתינוקות וילדים 45 ג',מיוצר עבור גולדן האר,,חטיף בריאות,גרמים,45.00,100 גרם,false,0,5.80,12.89,true,1,
7290011668570,false,בריא מהטבע גרנולה פירות יבשים 450 גרם פנינה רוזנבלום,בריא מהטבע פנינה רוזנבלום,IL,חגיגת גרנולה,גרמים,500.00,100 גרם,false,0,23.90,4.78,true,1,
7290011688103,false,פילה סול פוטית לקג,שונות,XX,פילה סול,קילוגרמים,0.00,"ק""ג",true,0,22.90,22.90,true,1,
7290011745714,false,משחה אקווה פרש מרענן100מ,גלקסוסמיתקליין,GB,משחת שיניים,מיליליטרים,100.00,"100 מ""ל",false,0,11.80,11.80,true,1,
7290011758479,false,דגנים טויסטר,,,דגנים טויסטר,גרמים,750.00,100 גרם,false,0,14.80,1.97,true,1,
7290011765088,false,ג'ל גילוח לעור רגיל מנטול Cool,טרופיקל דגיל תעשיות,IL,ג'ל גילוח קרמה,מיליליטרים,200.00,"100 מ""ל",false,0,12.90,6.45,true,1,
7290011765118,false,קצף גילוח קרמה מן דליקט 200 מל,"אביאפ, איסטנבול, תור",IL,קצף גילוח קרמה,מיליליטרים,200.00,"100 מ""ל",false,0,9.70,4.85,true,1,
7290011765408,false,"בוב ספוג שמפו ומרכך לשיער לסירוק קל כיף 750 מ""ל",קוסמופארם בע''מ,IL,שמפו+מרכך כיף,מיליליטרים,750.00,"100 מ""ל",false,0,11.90,1.59,true,1,
7290011765446,false,משחת שיניים לילדים בוב ספוג בטעם מיץ ענבים עם פלואוריד למניעת עששת,טרופיקל דגיל תעשיות קוסמ,IL,משחת שיניים,גרמים,70.00,100 גרם,false,0,6.90,9.86,true,1,
7290011778118,false,תבנית 12 ביצים L - מוצר בפיקוח,יושלם,,ביצים ארוזות L 12 יחידות,יחידה,1.00,יחידה,false,0,11.45,11.45,true,1,
7290011778132,false,ביצים XL 12 יח',,,ביצים XL 12 יח',יחידה,1.00,יחידה,false,0,12.50,12.50,true,1,
7290011800642,false,צבר מטבוחה מרוקאית רפי כהן 400 גר',רפי כהן / צבר,IL,סלט מטבוחה,גרמים,400.00,100 גרם,false,0,15.90,3.98,true,1,
7290011800703,false,פלפלים קלויים רפי כהן400,סלטי צבר,IL,סלט פלפלים,גרמים,400.00,100 גרם,false,0,15.90,3.98,true,1,
7290011800840,false,רפי כהן סלט טחינה בלאדי צבר 400 גרם,רפי כהן / צבר,IL,סלט טחינה בלאדי,גרמים,400.00,100 גרם,false,0,15.90,3.98,true,1,
7290011830830,false,חטיף ציקי מאנקי אורגני 20 גר השדה,השדה מוצרים אורגניים,IL,צ'יקי מאנקי,גרמים,20.00,100 גרם,false,0,2.90,14.50,true,1,
7290011860271,false,ביסבול כדורי פירה מתפוחי אדמה תפוגן 700 גרם,"תעשיות תפוגן בע""\מ",IL,ביסבול טבעי,גרמים,700.00,100 גרם,false,0,15.80,2.26,true,1,
7290011860721,false,"פלחים-פלחי תפו""א 700 גרם",תפוגן,IL,"פלחי תפו""א",גרמים,700.00,100 גרם,false,0,13.30,1.90,true,1,
7290011860912,false,שניצל דק ביתי 750 גרם,תפוגן,IL,שניצל דק ביתי 750 גרם,גרמים,750.00,100 גרם,false,0,19.70,2.63,true,1,
7290011870232,false,8 סוללות פוג'יקום AAA,פוג'יקום,CN,סוללות פוג'יקום,יחידה,1.00,יחידה,false,0,9.90,9.90,true,1,
7290011870263,false,8 סוללות פוג'יקום AA,פוג'יקום,CN,סוללות פוג'יקום,יחידה,1.00,יחידה,false,0,9.90,9.90,true,1,
7290011870720,false,סוללה פוגיקום גדול D,פוג'יקום,CN,סוללת פוגי',יחידה,1.00,יחידה,false,0,25.20,25.20,true,1,
7290011870737,false,סוללה פוגיקום בינוני,פוג'יקום,CN,סוללת פוג'י,יחידה,1.00,יחידה,false,0,22.10,22.10,true,1,
7290011876944,false,קציצות עוף והודו 400גרם,תנובה,IL,קציצות עוף,גרמים,400.00,100 גרם,false,0,12.80,3.20,true,1,
7290011877156,false,"מבשם אוויר, בגדים וארונות פרש בניחוח מאסק",מיוצר עי קונדיטוריית,,סנו פרש ענק,מיליליטרים,375.00,"100 מ""ל",false,0,9.80,2.61,true,1,
7290011877446,false,קרם נגד גירויים לתינוק עם הנוסחה המשולשת SBC,קוסמופארם בע'\'\מ,IL,בייבי כיף קרם,מיליליטרים,100.00,"100 מ""ל",false,0,11.90,11.90,true,1,
7290011877828,false,מגבוני כיף בוב ספוג72*4,קוסמופארם,IL,מגבונים לחים,יחידה,1.00,יחידה,false,0,20.00,20.00,true,1,
7290011877859,false,סנו אינסטלטור חדש פותח סתימות 200ג',מיוצר עי קונדיטוריית,IL,סנו אינסטלטור,גרמים,200.00,100 גרם,false,0,13.40,6.70,true,1,
7290011877866,false,"מקסימה אבקת כביסה בניחוח מאסק סנו 6 ק""ג","סנו מפעלי ברונוס בע""\מ",IL,"א.כביסה מקסימה מאסק 6ק""ג",קילוגרמים,6.00,"ק""ג",false,0,44.90,7.48,true,1,
7290011889418,false,מאגדת לייט מיני וניל,שטראוס,IL,מיני לייט וניל,גרמים,210.00,100 גרם,false,0,26.90,12.81,true,1,
7290011920920,false,קלין מנקה הכל מגבונים לניקוי כללי קלין 50,קלין,IL,מטליות לחות,יחידה,1.00,יחידה,false,0,10.70,10.70,true,1,
7290011947279,false,זית ירוק איטלקי 215גרם,זיתא – י.ט.ב תעשיות,IL,זית ירוק מתובל,גרמים,215.00,100 גרם,false,0,9.90,4.60,true,1,
7290011964658,false,מלח לימון בקופ' 170 גר' טעם וריח,"תבליני טעם וריח בע""מ",IL,מלח לימון,גרמים,170.00,100 גרם,false,0,10.80,6.35,true,1,
7290011969769,false,כוסות שתיה פס כסף 10 יח',שופרסל,IL,כוסות שתיה,יחידה,1.00,יחידה,false,0,10.00,10.00,true,1,
7290012001994,false,חרדל דיז'ון גרעינים 350 ג' ריין דיזון,ריין דיז'ון reine dijon,FR,חרדל דיז'ון ריין,גרמים,350.00,100 גרם,false,0,11.90,3.40,true,1,
7290012019258,false,מחית תפוחי עץ רביעיה 4 * 113 ג' תומר,אינדיאן סאמר קו אופ אינק,US,"רסק תפו""ע",גרמים,454.00,100 גרם,false,0,10.60,2.33,true,1,
7290012019272,false,רביעיית מחית תפוח עץ וקינמון תומר 113 גרם,אינדיאן סאמר קו אופ אינק,US,"רסק תפו""ע",גרמים,452.00,100 גרם,false,0,10.60,2.35,true,1,
7290012028007,false,ל.מ. וייב סלימס 10 יח',פיליפ מוריס,,א.ל וייב חב,יחידה,1.00,יחידה,false,0,299.90,299.90,false,1,
7290012028052,false,נקסט 100 10 יח',פיליפ מוריס,,נקסט 100 חבילה,יחידה,1.00,יחידה,false,0,259.90,259.90,false,1,
7290012086113,false,עגבניה שרי אשכולות מובחר,קטיף.,IL,שרי אשכולות,יחידה,1.00,יחידה,false,0,8.90,8.90,true,1,
7290012116360,false,פוליויקס נוזל לניקוי רצפות גרניט פורצלן סנו 2 ליטר,"מפעלי סנו ברונוס בע""",IL,סנו פוליויקס,ליטרים,2.00,ליטר,false,0,15.00,7.50,true,1,
7290012116537,false,"מקסימה אבקת כביסה בניחוח מאסק סנו 2.5 ק""ג",טרופיקל דגיל תעשיות,IL,אבקת כביסה,קילוגרמים,2.50,"ק""ג",false,0,20.00,8.00,true,1,
7290012116551,false,אנטי קאלק נוזל לניקוי כללי סנו 2 ליטר,מיוצר עי קונדיטוריית,IL,סנו אנטי קאלק,ליטרים,2.00,ליטר,false,0,20.90,10.45,true,1,
7290012116605,false,אורביטול 2משחות2+מברשות,קוסמופארם,IL,2 משחות 2+מברשות,יחידה,1.00,יחידה,false,0,20.00,20.00,true,1,
7290012116629,false,תחליב רול און דוחה יתושים לתינוקות ולילדים סנו די,מיוצר עי קונדיטוריית,IL,סנו די לתינוקות,מיליליטרים,50.00,"100 מ""ל",false,0,18.60,37.20,true,1,
7290012117039,false,נוזל לניקוי אמבטיה 00 סנו 1 ליטר,סנו מפעלי ברונוס בעמ,IL,"סנו ""00"" לאמבטיה",ליטרים,1.00,ליטר,false,0,9.80,9.80,true,1,
7290012117046,false,סושי60שקיות אשפה ירוקות,סנו,IL,שקיות סנו סושי,יחידה,1.00,יחידה,false,0,21.90,21.90,true,1,
7290012117091,false,"אבקת כביסה סנסיטיב סנו מקסימה 6 ק""ג",סנו מקסימה,IL,אב.כביסה מקסימה,קילוגרמים,6.00,"ק""ג",false,0,44.90,7.48,true,1,
7290012117275,false,"קליר שקית מילוי לניקוי חלונות סנו 750 מ""ל",טרופיקל דגיל תעשיות,IL,סנוקליר מילוי,מיליליטרים,750.00,"100 מ""ל",false,0,7.80,1.04,true,1,
7290012117428,false,"ג'ל רחצה ושמפו מעיינות מנטה קרמה מן 700 מ""ל",טרופיקל דגיל תעשיות,IL,קרמה ג'ל רחצה,מיליליטרים,700.00,"100 מ""ל",false,0,17.70,2.53,true,1,
7290012117435,false,"קרמה - שמפו וג'ל רחצה 2 ב-1 אלוורה 700 מ""ל",טרופיקל דגיל תעשיות,IL,קרמה ג'ל רחצה,מיליליטרים,700.00,"100 מ""ל",false,0,17.70,2.53,true,1,
7290012117534,false,מרכך כביסה מרוכז תכלת קול סנו מקסימה 1 ליטר,"סנו מפעלי ברונוס בע""\מ",IL,מקסימה ס.מרוכז,ליטרים,1.00,ליטר,false,0,14.90,14.90,true,1,
7290012117558,false,מקסימה מרכך כביסה מרוכז ורוד בניחוח מאסק סנו 1 ליטר,"סנו מפעלי ברונוס בע""\מ",IL,מקסימה ס.מרוכז,ליטרים,1.00,ליטר,false,0,14.90,14.90,true,1,
7290012139482,false,בג עצם לחוצה מעושנת בציפוי עוף 3 מקט ח,PINGYANG LELE PET PR,CN,בונזו ג'וי,גרמים,160.00,100 גרם,false,0,17.90,11.19,true,1,
7290012193125,false,ממתיק על בסיס סוכרלוז - טבליות,"קיפל טבליות וממתיקים בע""מ",IL,סוכרלוז,יחידה,1.00,יחידה,false,0,25.70,25.70,true,1,
7290012193286,false,פרש וואנס SENSITIVE מגבונים ללא בישום רביעייה 72 יחידות,על בד,IL,פרש וואנס,יחידה,1.00,יחידה,false,0,19.90,19.90,true,1,
7290012226007,false,נקניקיות מרגז 400 גרם,נקניק נהריה כשר זוגל,IL,נקנ' מרגז,גרמים,400.00,100 גרם,false,0,20.90,5.23,true,1,
7290012226120,false,"קבנוס 135 גרם ""זוגלובק""",נקניק נהריה כשר זוגל,IL,קבנוס,גרמים,135.00,100 גרם,false,0,10.70,7.93,true,1,
7290012226786,false,חטיפי קבנוס 120גרם,זוגלובק,IL,חטיפי קבנוס,גרמים,120.00,100 גרם,false,10,9.80,8.17,true,1,
7290012226922,false,קבנוס בטעם שום זוגלובק 135 גרם,נקניק נהריה כשר זוגל,IL,קבנוס בטעם שום,גרמים,135.00,100 גרם,false,0,10.70,7.93,true,1,
7290012226953,false,קבב 100% 360גרם,זוגלובק,IL,קבב 100%,גרמים,360.00,100 גרם,false,0,21.90,6.08,true,1,
7290012226960,false,מיני בורגר %100 בקר 360,זוגלובק,IL,מיני בורגר,גרמים,360.00,100 גרם,false,0,21.90,6.08,true,1,
7290012226977,false,המבורגר %100 בקר 360גרם,נקניק נהריה כשר זוגל,IL,המבורגר,גרמים,360.00,100 גרם,false,0,21.90,6.08,true,1,
7290012227172,false,חרמן הודו בדבש וברביקיו זוג במארז 600 ג' זוגלובק,נקניק נהריה כשר זוגל,IL,מארז כפרית חרמון,גרמים,600.00,100 גרם,false,0,33.30,5.55,true,1,
7290012227219,false,שלישית פיצה משפ' 1500גרם,זוגלובק,,פיצה משפ',קילוגרמים,1.50,"ק""ג",false,0,34.60,23.07,true,1,
7290012227349,false,בסיס מאפה אישי 650 גרם,זוגלובק,IL,בסיס מאפה אישי,גרמים,650.00,100 גרם,false,0,14.80,2.28,true,1,
7290012227394,false,שניצל תירס דק דק 650גרם,זוגלובק,IL,שניצל תירס דק דק,גרמים,650.00,100 גרם,false,0,26.60,4.09,true,1,
7290012227509,false,נקניקיית ע.רכיבים טבעיים,זוגלובק,IL,נקניקיית עוף,גרמים,400.00,100 גרם,false,1,17.90,4.48,true,1,
7290012227646,false,נקניקיות ע.רכיבים טבעיים,זוגלובק,IL,נקניקיות עוף,גרמים,800.00,100 גרם,false,1,29.90,3.74,true,1,
7290012227714,false,נקניקיות וינר רכיבים טבע,זוגלובק,IL,נקניקיות וינר,גרמים,500.00,100 גרם,false,1,18.90,3.78,true,1,
7290012227851,false,קריספי סטיקס פלאפל 500גר,זוגלובק,IL,קריספי סטיקס פלא,גרמים,500.00,100 גרם,false,12,18.90,3.78,true,1,
7290012244018,false,עוג.מוס ר.חלב+שוק.לבן1קג,"גידרון תעשיות בע""מ",IL,עוגת מוס,יחידה,1.00,יחידה,false,0,59.40,59.40,true,1,
7290012244032,false,עוגת היער השחור 850 גרם,גידרון,,עוגת יער שחור,יחידה,1.00,יחידה,false,0,59.40,59.40,true,1,
7290012244070,false,עוגת שכבות שוקולד 920גרם,"גידרון תעשיות בע""מ",IL,עוגת שכבות,יחידה,1.00,יחידה,false,0,59.40,59.40,true,1,
7290012244407,false,עוגת סופלה שוקולד 150X2ג,גידרון,IL,מארז עוגת סופלה,גרמים,300.00,100 גרם,false,0,17.80,5.93,true,1,
7290012244834,false,מוס שוק.קלאסי פרווה 880ג,גידרון,IL,עוגת מוס שוקולד,גרמים,880.00,100 גרם,false,0,59.40,6.75,true,1,
7290012367717,false,"ד""ר פישר - אפקטיב קר קרם ידיים שיבולת שועל 150 מ""ל",פישר מעבדות פרמצבטיות בע,,קרם ידיים,מיליליטרים,150.00,"100 מ""ל",false,0,16.10,10.73,true,1,
7290012404146,false,שוופס מוגז תפוחים1.5ל',יפאורה שותפות מובגלת לשיווק,IL,שוופס תפוחים,ליטרים,1.50,ליטר,false,0,6.60,4.40,true,1,
7290012404160,false,שוופס מוגז אשכולית אדומה,יפאורה שותפות מובגלת לשיווק,IL,שוופס אשכולית,ליטרים,1.50,ליטר,false,0,6.60,4.40,true,1,
7290012404238,false,שוופס ראש'ן 1.5 ליטר,יפאורה שותפות מובגלת לשיווק,IL,שוופס ראש'ן,ליטרים,1.50,ליטר,false,0,7.90,5.27,true,1,
7290012404283,false,תפוזינה מנגו עסיס 1.5 ל',יפאורה שותפות מובגלת לשיווק,IL,תפוזינה מנגו,ליטרים,1.50,ליטר,false,0,5.90,3.93,true,1,
7290012404320,false,ספרינג ענבים 1.5 ליטר,יפאורה שותפות מובגלת לשיווק,IL,ספרינג ענבים,ליטרים,1.50,ליטר,false,0,6.20,4.13,true,1,
7290012413704,false,חליטת דבש+לימון 25 שק',ויסוצקי,IL,חליטת גן קסום,גרמים,67.00,100 גרם,false,0,12.80,19.10,true,1,
7290012413919,false,תה ירוק תות 1.5גרם25Xשק,תה ויסוצקי,,תה ירוק תות,גרמים,38.00,100 גרם,false,0,25.90,68.16,true,1,
7290012483615,false,תחתיות ארטישוק,,IL,תחתיות ארטישוק,גרמים,400.00,100 גרם,false,0,17.90,4.48,true,1,
7290012522581,false,טבעול שניצל תירס ללא גלוטן טבעול 664 גרם,עיצובים 2020 (4.8),,שניצל תירס,גרמים,664.00,100 גרם,false,0,21.90,3.30,true,1,
7290012522789,false,שניצל ברוקולי מופחת שומן,טבעול,IL,שניצל ברוקולי מופחת שומן,גרמים,630.00,100 גרם,false,0,33.00,5.24,true,1,
7290012642678,false,אננס בכוסות פלס. רביעיות 113 גר,FOODS HUIZIANG JIANGSU,CN,אננס חתוך 4 יח,גרמים,452.00,100 גרם,false,0,11.80,2.61,true,1,
7290012642692,false,קוקטייל פירות בכוסות פלס. רביעיות 113 גר,FOODS HUIZIANG JIANGSU,IL,קוקטייל פירות 4י,גרמים,452.00,100 גרם,false,0,14.90,3.30,true,1,
7290012665301,false,רביולי במילוי גבינה 700ג,"אדריה בע""מ",IL,רביולי גבינה,גרמים,700.00,100 גרם,false,0,28.30,4.04,true,1,
7290012696206,false,גביעי נייר,,IL,גביעי נייר,יחידה,1.00,יחידה,false,0,5.90,5.90,true,1,
7290012696213,false,125 גביעי נייר גודל 3,.,,גביעי נייר,יחידה,1.00,יחידה,false,0,5.90,5.90,true,1,
7290012697081,false,סוכרזית מהטבע סטיוויה 100 טבליות,"סוכרזית בע""מ",IL,סוכרזית סטיוויה,גרמים,100.00,100 גרם,false,0,29.30,29.30,true,1,
7290012697371,false,סוכרלייט 150 טבליות,"ביסקול בע""מ",IL,סוכרלייט,גרמים,150.00,100 גרם,false,0,19.10,12.73,true,1,
7290012803352,false,רייד תרסיס קוטל יתושים/זבובים 300 מל,אס.סי.ג'ונסון מידרכט,NL,רייד קוטל מעופפי,מיליליטרים,300.00,"100 מ""ל",false,0,17.90,5.97,true,1,
7290012823251,false,אל סבון נוזלי יסמין ולבנדר כיף 1 ליטר,קוסמופארם בע'\'\מ,,אל סבון כיף,ליטרים,1.00,ליטר,false,0,10.00,10.00,true,1,
7290012823374,false,אנטי קאלק מטליות לחות לניקוי כללי סנו 50 יחידות,מיוצר עי קונדיטוריית,,מטליות אנטי קאלק,יחידה,1.00,יחידה,false,0,10.00,10.00,true,1,
7290012823381,false,מקסימה מרכך כביסה מרוכז סנסטיב בייבי סנו 1 ליטר,"סנו מפעלי ברונוס בע""\מ",IL,מרכך כביסה,ליטרים,1.00,ליטר,false,0,14.90,14.90,true,1,
7290012823541,false,ריצפז פרש מטליות לחות לרצפה בניחוח לבנדר 10 יחידות,"סנו מפעלי ברונוס בע""\מ",IL,מטליות ריצפה,יחידה,1.00,יחידה,false,0,10.90,10.90,true,1,
7290012823558,false,"מטליות לחות לרצפה 40*70 ס""מ סנו סושי 10 יחידות",סנו מפעלי ברונוס בעמ,IL,מטליות רצפה לחות,יחידה,1.00,יחידה,false,0,10.90,10.90,true,1,
7290012823800,false,תח.רחצה כיף חלב קוקוס750,קוסמופארם,IL,תחליב רחצה כיף,מיליליטרים,750.00,"100 מ""ל",false,0,10.00,1.33,true,1,
7290012823817,false,תח.רחצה כיף חלב לבנדר750,קוסמופארם,IL,תחליב רחצה כיף,מיליליטרים,750.00,"100 מ""ל",false,0,10.00,1.33,true,1,
7290012823916,false,גל כביסה סנו מקסימ מרוכז קריסטל נואר 5 ל,"סנו מפעלי ברונוס בע""\מ",IL,מקסימה ג'ל,ליטרים,5.00,ליטר,false,0,54.40,10.88,true,1,
7290012849930,false,דייסה בטעם וניל 200 גרם,נאופארם,IL,דייסה בטעם וניל,גרמים,200.00,100 גרם,false,0,11.90,5.95,true,1,
7290012849947,false,דייסת 8 דגנים 200 גרם,נאופארם,IL,דייסת 8 דגנים,גרמים,200.00,100 גרם,false,0,11.90,5.95,true,1,
7290012849985,false,מחית תפוח עץ 100 גרם,נאופארם,IL,מחית תפוח,גרמים,100.00,100 גרם,false,0,4.90,4.90,true,1,
7290012850035,false,מחית בוליווד תפוח ואפרסק 190 גרם,NOVOFRUCHT SK S.R.O,IL,מחית תפוח ואפרסק,גרמים,190.00,100 גרם,false,0,5.70,3.00,true,1,
7290012850332,false,וופלונים מקמח מלא 100 גר,נאופארם,IL,וופלונים קמח מלא,גרמים,100.00,100 גרם,false,0,16.90,16.90,true,1,
7290012851902,false,"מי פה ליסטרין 750ZEROמ""ל",ג'ונסון,IL,מי פה ליסטרין,מיליליטרים,750.00,"100 מ""ל",false,0,48.90,6.52,true,1,
7290012884979,false,נקניקיות מן הצומח 900 גר,תפוגן,IL,נקניקיות מן הצומ,גרמים,900.00,100 גרם,false,0,21.60,2.40,true,1,
7290012931611,false,כריות ברזל לקרצוף חזק שייני 3 יחידות,מ.א ייצור ושיווק מטל,CN,כריות ברזל,יחידה,1.00,יחידה,false,0,6.90,6.90,true,1,
7290012938405,false,"רדיד אלומיניום עבה במיוחד לבישול,אפייה והקפאה.",ריינולדס,,רדיד אלומיניום,מטרים,7.00,מטר,false,0,15.30,2.19,true,1,
7290012938580,false,"סנסודיין - משחת שיניים הלבנה עדינה 75 מ""ל",גלקסוסמית'\קליין קונסיומ,,משחת סנסודיין,מיליליטרים,75.00,"100 מ""ל",false,0,19.70,26.27,true,1,
7290012938597,false,"משחת שיניים סנסודיין רפיד רליף 75 מ""ל","סמיתקליין ביצ'ם בע""מ",SI,משחת סנסודיין,מיליליטרים,75.00,"100 מ""ל",false,0,21.70,28.93,true,1,
7290012962448,false,"מדליק פחם נוזלי 250 מ""ל עם פקק ביטחון EASY LIGHT",איזי לייט Easy light,NL,מדליק פחם,מיליליטרים,250.00,"100 מ""ל",false,0,6.90,2.76,true,1,
7290012984228,false,מאגדת מנגו פסיפלורה 6יח,נסטלה,IL,מאגדת מנגו פסיפלורה 6יח,גרמים,468.00,100 גרם,false,0,24.30,5.19,true,1,
7290012984419,false,מאגדת אקסטרים שוקו וניל,נסטלה,IL,מאגדת אקסטרים שוקו וניל,גרמים,6.00,100 גרם,false,0,33.90,565.00,true,1,
7290013027016,false,לחם קמח מלא+100%דגנים750,מאפיית שלמה א. אנג'ל,IL,לחם קמח מלא+100%דגנים750,גרמים,750.00,100 גרם,false,0,12.80,1.71,true,1,
7290013027399,false,לחם קמח מלא קל בתוספת שיפון 750 ג' אנג'ל,מאפיית שלמה א. אנג'\ל בע,IL,לחם מלא+100%שיפון-קל750ג,גרמים,750.00,100 גרם,false,0,11.90,1.59,true,1,
7290013027535,false,לחם שיפון קל 750 ג' אנג'ל,מאפיית שלמה א. אנג'ל,IL,לחם שיפון קל 750 גרם,גרמים,750.00,100 גרם,false,0,12.80,1.71,true,1,
7290013027849,false,לחם אנג'ל100קל+שיפון500,מאפיית שלמה א. אנג'ל,IL,לחם אנג'ל100קל+שיפון500,גרמים,500.00,100 גרם,false,0,12.80,2.56,true,1,
7290013027917,false,לחם מלא קל 500 גרם,מאפיית שלמה א. אנג'ל,IL,לחם מלא קל 500 גרם,גרמים,500.00,100 גרם,false,0,15.80,3.16,true,1,
7290013038005,false,ג'אמפ תפוחים 1.5 ליטר,טמפו,IL,ג'אמפ תפוחים,ליטרים,1.50,ליטר,false,0,5.90,3.93,true,1,
7290013038234,false,מים אקווה נובה 2*6 ליטר,"טמפו משקאות בע""\מ",IL,אקווה נובה 6 בקב,ליטרים,12.00,ליטר,false,0,9.90,0.83,true,1,
7290013068361,false,שמן זית אליעד כתית מ,אליעד בית בד בגולן,IL,שמן זית,מיליליטרים,750.00,"100 מ""ל",false,0,36.90,4.92,true,1,
7290013068460,false,סרדינים בשמן צמחי 120 גר,סוסיאטה דמסה,MA,סרדינים בשמן,גרמים,120.00,100 גרם,false,0,6.00,5.00,true,1,
7290013068484,false,סרדינים בשמן צמחי חריף 1,סוסיאטה דמסה,MA,סרדינים בשמן,גרמים,120.00,100 גרם,false,0,6.00,5.00,true,1,
7290013068781,false,גרעיני תירס מתוק,,TH,גרעיני תירס מתוק,גרמים,340.00,100 גרם,false,0,5.50,1.62,true,1,
7290013068873,false,נתחי טונה אויליו,,TH,נתחי טונה אויליו,גרמים,560.00,100 גרם,false,0,21.70,3.88,true,1,
7290013068903,false,נתחי טונה אויליו,,TH,נתחי טונה אויליו,גרמים,560.00,100 גרם,false,0,21.70,3.88,true,1,
7290013083678,false,"מטרנה אקסטרה קר שלב 2 חסכון 700 גרם תמ""ל",מולינו ניקולי s.p.a,IL,מטרנה אקסטרה קר,גרמים,700.00,100 גרם,false,0,59.90,8.56,true,1,
7290013083685,false,תחליף חלב מטרנה אקסטרה קר שלב 3 חסכון 700 גרם,מטרנה תעשיות ש.מ,IL,מטרנה אקסטרה קר,גרמים,700.00,100 גרם,false,0,59.90,8.56,true,1,
7290013117212,false,בורקס פילו במילוי גבינה מעדנות 600 גר,מיוצר עי קונדיטוריית,IL,בורקס פילו גבינה 600 גרם,גרמים,600.00,100 גרם,false,0,20.70,3.45,true,1,
7290013117243,false,בורקס פילו בולגרית מעדנות 600 גרם,מיוצר עי קונדיטוריית,IL,בורקס בולגרית,גרמים,600.00,100 גרם,false,0,20.70,3.45,true,1,
7290013117410,false,בצק פריך מרודד למאפים מתוקים 900 ג' מעדנות,מיוצר עי קונדיטוריית,IL,בצק פריך,גרמים,900.00,100 גרם,false,0,24.80,2.76,true,1,
7290013117427,false,בצק פריך מרודד למאפים מלוחים מעדנות 2*450 גרם,מיוצר עי קונדיטוריית,IL,בצק פריך,גרמים,900.00,100 גרם,false,0,24.80,2.76,true,1,
7290013117441,false,בורקס פילו פטריות 600 גר,"מעדנות בע""מ",IL,בורקס פילו,גרמים,600.00,100 גרם,false,0,20.70,3.45,true,1,
7290013117526,false,בצק שמרים מרודד למאפים מתוקים מעדנות 900 גרם,"מעדנות בע""\מ",IL,בצק שמרים,גרמים,900.00,100 גרם,false,0,23.70,2.63,true,1,
7290013128003,false,"תמר מג'הול 1 ק""ג-דוד חי","דוד חי ואפי שלאו בע""מ",IL,"תמר מהג'ול 1ק""ג",קילוגרמים,1.00,"ק""ג",false,0,29.90,29.90,true,1,
7290013144201,false,מיימונס תערובת פנקייק 400 גרם,א.ל ייצור ושיווק תבלינים,IL,תערובת פנקייק,גרמים,400.00,100 גרם,false,0,11.90,2.98,true,1,
7290013144218,false,מיימונס תערובת עוגת וניל 560 גרם.,א.ל ייצור ושיווק תבלינים,IL,תערובת עוגה וניל,גרמים,560.00,100 גרם,false,0,11.90,2.13,true,1,
7290013144232,false,מיימונס פודינג בטעם וניל 80 גרם,א.ל ייצור ושיווק תבלינים,IL,פודינג וניל,גרמים,80.00,100 גרם,false,0,5.40,6.75,true,1,
7290013144393,false,"תמצית בטעם וניל מימונס 50 מ""ל",א.ל ייצור ושיווק תבלינים,IL,תמצית וניל,מיליליטרים,50.00,"100 מ""ל",false,0,4.30,8.60,true,1,
7290013144409,false,תמצית בטעם רום מימונס 50 גרם,א.ל ייצור ושיווק תבלינים,IL,תמצית רום,מיליליטרים,50.00,"100 מ""ל",false,0,4.30,8.60,true,1,
7290013144416,false,"תמצית בטעם שקדים מימונס 50 מ""ל",א.ל ייצור ושיווק תבלינים,IL,תמצית שקדים,מיליליטרים,50.00,"100 מ""ל",false,0,4.30,8.60,true,1,
7290013144539,false,מימונס צבע מאכל אדום 50 גרם,א.ל ייצור ושיווק תבלינים,IL,צבע מאכל אדום,מיליליטרים,50.00,"100 מ""ל",false,0,3.90,7.80,true,1,
7290013144546,false,"תמצית בטעם ברנדי 50 מ""ל",א.ל ייצור ושיווק תבלינים,IL,תמצית ברנדי,מיליליטרים,50.00,"100 מ""ל",false,0,8.80,17.60,true,1,
7290013144614,false,"מיימונס סירופ מייפל אמיתי 100% מקנדה 236 מ""ל",הנסיך- מפעל לייצור ט,,סירופ מייפל,גרמים,236.00,100 גרם,false,0,39.20,16.61,true,1,
7290013144768,false,סירופ בטעם שוקולד מימונס 500 גרם,א.ל ייצור ושיווק תבלינים,IL,סירופ טעם שוקולד,גרמים,500.00,100 גרם,false,0,10.90,2.18,true,1,
7290013145017,false,אגוז מלך קלוף מיימונס 100 גרם,א.ל ייצור ושיווק תבלינים,IL,אגוז מלך קלוף,גרמים,100.00,100 גרם,false,0,11.90,11.90,true,1,
7290013145031,false,אגוזי לוז מסוכרים מיימונס 100 גרם,א.ל ייצור ושיווק תבלינים,IL,ברס אגוזי לוז,גרמים,100.00,100 גרם,false,0,12.70,12.70,true,1,
7290013145055,false,פרג שלם מיימונס 100 גרם,א.ל ייצור ושיווק תבלינים,IL,פרג שלם,גרמים,100.00,100 גרם,false,0,6.20,6.20,true,1,
7290013145093,false,"שקד מולבן גרוס 100 גרם ""מיימונס",א.ל ייצור ושיווק תבלינים,IL,שקד מולבן גרוס,גרמים,100.00,100 גרם,false,0,11.70,11.70,true,1,
7290013145109,false,שקד מולבון טחון מימונס 100 גרם,א.ל ייצור ושיווק תבלינים,IL,שקד מולבן טחון,גרמים,100.00,100 גרם,false,0,11.70,11.70,true,1,
7290013145123,false,מיימונס שקד מולבן פרוס 100 גרם,א.ל ייצור ושיווק תבלינים,IL,שקד מולבן פרוס,גרמים,100.00,100 גרם,false,0,11.70,11.70,true,1,
7290013145178,false,קוקוס טחון לבן מיימונס 100 גרם,א.ל ייצור ושיווק תבלינים,IL,קוקוס טחון לבן,גרמים,100.00,100 גרם,false,0,4.50,4.50,true,1,
7290013145192,false,שומשום מיימונס 100 גרם,א.ל ייצור ושיווק תבלינים,IL,שומשום,גרמים,100.00,100 גרם,false,0,3.90,3.90,true,1,
7290013145215,false,שומשום מימונס 400 גרם,א.ל ייצור ושיווק תבלינים,IL,שומשום,גרמים,400.00,100 גרם,false,0,12.40,3.10,true,1,
7290013145406,false,שוקולד צ'יפס לבן מיימונס 250 גרם,אינטרגטה תעשיות מזון 19),IL,שוקולד צ'יפס,גרמים,250.00,100 גרם,false,0,9.90,3.96,true,1,
7290013145437,false,שוקולד מריר מעולה ציפס מימונס 250 ג',אינטרגטה תעשיות מזון 19),IL,שוקולד צ'יפס,גרמים,250.00,100 גרם,false,0,12.70,5.08,true,1,
7290013145529,false,סוכריות צבעוניות לקישוט מיימונס 90 גרם,א.ל ייצור ושיווק תבלינים,IL,סוכריות לקישוט,גרמים,90.00,100 גרם,false,0,4.90,5.44,true,1,
7290013145567,false,מיימונס מיני מיני עדשים 90 גרם.,א.ל ייצור ושיווק תבלינים,,מיני מיני עדשים,גרמים,90.00,100 גרם,false,0,10.30,11.44,true,1,
7290013145574,false,מיימונס ערכה לקישוט 100 גרם,א.ל ייצור ושיווק תבלינים,IL,ערכה לקישוט,גרמים,100.00,100 גרם,false,0,10.80,10.80,true,1,
7290013145628,false,סוכריות צבעוניות לקישוט מימונס 200 גרם,א.ל ייצור ושיווק תבלינים,IL,סוכריות צבעוניות,גרמים,200.00,100 גרם,false,0,8.80,4.40,true,1,
7290013145673,false,קמח שמרים חצי זמן תפיחה,א.ל ייצור ושיווק תבלינים,IL,קמח שמרים,קילוגרמים,1.00,"ק""ג",false,1,9.80,9.80,true,1,
7290013145680,false,קמח שמרים פיצה ופוקצה1ק,א.ל ייצור ושיווק תבלינים,IL,קמח שמרים,קילוגרמים,1.00,"ק""ג",false,1,9.80,9.80,true,1,
7290013145840,false,סוכר וניל מיימונס 10 יחידות,א.ל ייצור ושיווק תבלינים,IL,סוכר וניל בצלופן 10 יח',יחידה,1.00,יחידה,false,0,2.20,2.20,true,1,
7290013145871,false,שמרים יבשים סטיק מימונס 5*11 ג',מימונס אפייה,,שמרים יבשים,גרמים,55.00,100 גרם,false,0,10.00,18.18,true,1,
7290013145918,false,אבקת סוכר מיימונס 100 גרם,א.ל ייצור ושיווק תבלינים,IL,אבקת סוכר,גרמים,100.00,100 גרם,false,0,1.70,1.70,true,1,
7290013145932,false,אבקת סוכר חום 100 גרם,"י.כהן בע""מ",IL,אבקת סוכר חום,גרמים,100.00,100 גרם,false,0,5.00,5.00,true,1,
7290013145956,false,שמרים יבשים בוואקום מיימונס 500 גרם,הנסיך- מפעל לייצור ט,CN,שמרים יבשים,גרמים,500.00,100 גרם,false,0,10.90,2.18,true,1,
7290013145963,false,שמרים יבשים בוואקום מיימונס 125 גרם,מימונס אפייה,CN,שמרים יבשים,גרמים,125.00,100 גרם,false,0,5.20,4.16,true,1,
7290013146083,false,מיימונס מלית חלבה 400 גרם,אינטרגטה תעשיות מזון 19),,מלית חלבה,גרמים,400.00,100 גרם,false,0,14.90,3.73,true,1,
7290013146854,false,קוקוס לבן טחון מימונס 400 ג',א.ל ייצור ושיווק תבלינים,IL,קוקוס לבן 400 גר,גרמים,400.00,100 גרם,false,0,12.70,3.18,true,1,
7290013153401,false,מיץ סחוט תפוז אדום 2ליטר,פריגת,IL,סחוט תפוז אדום,ליטרים,2.00,ליטר,false,1,20.90,10.45,true,1,
7290013156273,false,נשיקות מיני טעם וניל100ג,גידרון,IL,נשיקות מיני וניל,גרמים,100.00,100 גרם,false,0,19.70,19.70,true,1,
7290013189219,false,מטאטא טופ+מקל,המברשת רוחמה,IL,מטאטא+מקל,יחידה,1.00,יחידה,false,0,24.90,24.90,true,1,
7290013267566,false,גל.קרמיסימו בומבה 1.33לי,שטראוס,IL,גל.קרמיסימו בומבה 1.33לי,ליטרים,1.30,ליטר,false,0,18.90,14.54,true,1,
7290013268020,false,מקסימה מרכך כביסה מרוכז בניחוח אולטרא פרש סנו 1 ליטר,"סנו מפעלי ברונוס בע""\מ",IL,מרכך כביסה,ליטרים,1.00,ליטר,false,0,14.90,14.90,true,1,
7290013268037,false,מקסימה מרכך כביסה מרוכז בניחוח לבנדר פצ'ולי סנו 1 ליטר,"סנו מפעלי ברונוס בע""\מ",IL,מרכך כביסה,ליטרים,1.00,ליטר,false,0,14.90,14.90,true,1,
7290013268198,false,תחליב רחצה כיף מאסק 750מ,קוסמופארם,IL,תחליב רחצה כיף,מיליליטרים,750.00,"100 מ""ל",false,0,10.00,1.33,true,1,
7290013268563,false,"קרמה - דאודורנט ספריי לגבר ללא אלומיניום כחול קול 200 מ""ל","אמיליה קוסמטיקס בע""מ",IL,דאודורנט קרמה מן,מיליליטרים,200.00,"100 מ""ל",false,0,13.90,6.95,true,1,
7290013268624,false,"שמפו כיף גלואו 750 מ""ל",קוסמופארם,IL,שמפו כיף,מיליליטרים,750.00,"100 מ""ל",false,0,10.00,1.33,true,1,
7290013268648,false,"שמפו כיף רומנס 750 מ""ל",קוסמופארם,IL,שמפו כיף,מיליליטרים,750.00,"100 מ""ל",false,0,10.00,1.33,true,1,
7290013268662,false,"מרכך כיף גלואו 750 מ""ל",קוסמופארם,IL,מרכך כיף,מיליליטרים,750.00,"100 מ""ל",false,0,10.00,1.33,true,1,
7290013268686,false,"מרכך כיף רומנס 750 מ""ל",קוסמופארם,IL,מרכך כיף,מיליליטרים,750.00,"100 מ""ל",false,0,10.00,1.33,true,1,
7290013268884,false,"נוזל רצפות מאסק 2 ליטר ""ריצפז פרש""",מיוצר עי קונדיטוריית,IL,ריצפז פרש לרצפות,ליטרים,2.00,ליטר,false,0,15.00,7.50,true,1,
7290013268891,false,אוקסיג'ן ג'ל ללא אקונומיקה עם חמצן פעיל סנו 3 ליטר,"סנו מפעלי ברונוס בע""\מ",,אוקסיג'ן ג'ל,ליטרים,3.00,ליטר,false,0,27.90,9.30,true,1,
7290013268907,false,ג'ל כביסה ביו בטמפרטורות נמוכות,"סנו מפעלי ברונוס בע""\מ",IL,מקסימה ג'ל,ליטרים,3.00,ליטר,false,0,29.60,9.87,true,1,
7290013269263,false,ג'ל כביסה מרוכז מקסימה בבישום קריסטל נואר,סנו מפעלי ברונוס בעמ,IL,מקסימה ג'ל,ליטרים,3.00,ליטר,false,0,29.60,9.87,true,1,
7290013269287,false,סנו - מקסימה ג'ל כביסה מרוכז מאסק 3 ליטר,"סנו מפעלי ברונוס בע""\מ",IL,ג'ל כביסה מרוכז,ליטרים,3.00,ליטר,false,0,29.60,9.87,true,1,
7290013269300,false,ניילון נצמד פלוס סנו סושי 150 מטר,"מיוצר בהונג קונג, סי",IL,ניילון נצמד פלוס,מטרים,150.00,מטר,false,0,26.50,0.18,true,1,
7290013269560,false,קרמה תחליב רחצה מאסק750מ,קוסמופארם,,קרמה תחליב רחצה,מיליליטרים,750.00,"100 מ""ל",false,0,15.00,2.00,true,1,
7290013269652,false,פוליויקס נוזל לניקוי רצפות גרניט פורצלן סנו 2 ליטר,סנו כימיקלים,IL,פוליויקס מאסק,ליטרים,2.00,ליטר,false,0,15.00,7.50,true,1,
7290013269690,false,סנובון ג'ל לניקוי האסלה בניחוח לימון,Nicolas polandמשווק,IL,סנובון לאסלה,מיליליטרים,55.00,"100 מ""ל",false,0,12.10,22.00,true,1,
7290013269850,false,נייר אפיה אקולוגי סנו סושי 50 יחידות,מולינו ניקולי s.p.a,,נייר אפיה,יחידה,1.00,יחידה,false,0,16.10,16.10,true,1,
7290013284051,false,זיתים פריניר טריו 56,פריניר ( הדס 1987) ב,,טריו זיתים,גרמים,560.00,100 גרם,false,0,11.70,2.09,true,1,
7290013284105,false,זיתים ירוקים טבעות 560 גר,פריניר,,טבעות זיתים,גרמים,500.00,100 גרם,false,0,8.80,1.76,true,1,
7290013284112,false,פריניר זית חרוזית יר,פריניר ( הדס 1987) ב,,זיתים ירוקים,גרמים,560.00,100 גרם,false,0,7.90,1.41,true,1,
7290013284136,false,מלפפונים פריניר במלח,פריניר,,מלפפונים במלח,גרמים,560.00,100 גרם,false,0,6.10,1.09,true,1,
7290013284150,false,מלפפונים פריניר במלח,פריניר,,מלפפונים במלח 13-17 560ג,גרמים,560.00,100 גרם,false,0,9.00,1.61,true,1,
7290013284174,false,פריניר מלפפונים בחומ,פריניר,,מלפפונים בחומץ,גרמים,560.00,100 גרם,false,0,6.10,1.09,true,1,
7290013284181,false,פריניר מלפפונים בחומ,פריניר,,מלפפונים בחומץ,גרמים,560.00,100 גרם,false,0,6.80,1.21,true,1,
7290013284273,false,זיתים ירוקים,,IL,זיתים ירוקים,גרמים,560.00,100 גרם,false,0,7.90,1.41,true,1,
7290013284303,false,פריניר זית ירוק גדול 560גר,,IL,זיתים ירוקים,גרמים,560.00,100 גרם,false,0,9.90,1.77,true,1,
7290013284310,false,רוטב פסטה לילדים פריניר 240 גרם,פריניר ( הדס 1987) ב,IL,רוטב פסטה,גרמים,240.00,100 גרם,false,0,5.50,2.29,true,1,
7290013284662,false,רוטב פיצה פיתה לילדים 240 ג' פריניר,פריניר ( הדס 1987) ב,IL,רוטב פיצה פיתה 240 גרם,גרמים,240.00,100 גרם,false,0,5.50,2.29,true,1,
7290013284709,false,רוטב לשקשוקה 380 גרם,פרי ניר,IL,רוטב לשקשוקה,גרמים,380.00,100 גרם,false,1,7.80,2.05,true,1,
7290013284723,false,רוטב ארביאטה 380 גרם,פרי ניר,IL,רוטב ארביאטה,גרמים,380.00,100 גרם,false,1,7.80,2.05,true,1,
7290013284754,false,עגבניות מרוסקות 280 גרם,פרי ניר,IL,עגבניות מרוסקות,גרמים,280.00,100 גרם,false,1,5.90,2.11,true,1,
7290013284785,false,רוטב פפרונטה 380 גרם,פרי ניר,IL,רוטב פפרונטה,גרמים,380.00,100 גרם,false,1,7.80,2.05,true,1,
7290013284808,false,פרי ניר זיתים ירוקים מבוקעים 340 גרם,פרי ניר,IL,זיתים ירוקים,גרמים,560.00,100 גרם,false,1,8.80,1.57,true,1,
7290013310064,false,חוט דנטלי בטעם מנטה מצופה שעווה,הוסטס Hostess,CN,חוט דנטלי רפואי,יחידה,1.00,יחידה,false,0,9.80,9.80,true,1,
7290013310163,false,מדליק פחם מוצק 40 יח' EASY LIGHT,הדקלאים אגודת שיתופי,DE,מדליק פחם מוצק,יחידה,1.00,יחידה,false,0,6.50,6.50,true,1,
7290013358295,false,קראנצוס גריל 200 גרם,מנה,IL,קראנצוס 200 גרם,גרמים,200.00,100 גרם,false,0,5.00,2.50,true,1,
7290013358301,false,קראנצוס ברביקיו 200 גרם,מנה,IL,קראנצוס 200 גרם,גרמים,200.00,100 גרם,false,0,5.00,2.50,true,1,
7290013358394,false,קמח קונדיטור מאסטר שף1ק,שטיבל,IL,קמח מאסטר שף,קילוגרמים,1.00,"ק""ג",false,0,6.90,6.90,true,1,
7290013358486,false,מאסטר שף פירורים מוזהבים ללא צורך בביצה 300 ג,"מיוצר ע""י מנה י.א בע",IL,פירורי לחם,גרמים,300.00,100 גרם,false,0,9.90,3.30,true,1,
7290013358608,false,קוסקוס רגיל 350 גרם,"חטיפים מין הטבע בע""מ",IL,קוסקוס רגיל,גרמים,350.00,100 גרם,false,1,5.90,1.69,true,1,
7290013358691,false,קוסקוס מלא 350 גרם,"חטיפים מין הטבע בע""מ",IL,קוסקוס מלא,יחידה,1.00,יחידה,false,1,6.80,6.80,true,1,
7290013358868,false,פריכיות שום עשבי תיבול85,מנה,IL,פריכיות אורז,גרמים,85.00,100 גרם,false,0,5.60,6.59,true,1,
7290013358882,false,אייר פופס טורטייה טבעי40,דיאבטיקום,IL,חטיף אייר פופס,גרמים,40.00,100 גרם,false,0,5.00,12.50,true,1,
7290013358905,false,טורטיה רולס ספייס צילי70,NV LOCO POCO FOOD SNACK,BE,טורטיה רולס,גרמים,70.00,100 גרם,false,1,3.50,5.00,true,1,
7290013358912,false,טורטיה רולס טבעי70גר,NV LOCO POCO FOOD SNACK,BE,טורטיה רולס,גרמים,70.00,100 גרם,false,1,3.50,5.00,true,1,
7290013358929,false,צ'יפס בטעם טבעי מנה 45גר,FLAPER.S.A APERITIVOS,ES,צ'יפס טבעי מנה,גרמים,45.00,100 גרם,false,1,3.00,6.67,true,1,
7290013366634,false,כרמל יבולים חסה סלנו,שמיניית מעדן חלב שוק,IL,חסה סלנובה,יחידה,1.00,יחידה,false,0,12.00,12.00,true,1,
7290013366658,false,חסה סלנובה עלים חתוך,מרינה פטריות הגליל,IL,עלי סלנובה יחידה,יחידה,1.00,יחידה,false,1,12.00,12.00,true,1,
7290013424174,false,תירס צעיר שלם 410 גרם,LTD GUANGFA LONGHAI,CN,תירס צעיר שלם,גרמים,410.00,100 גרם,false,0,5.20,1.27,true,1,
7290013424358,false,"רוטב סויה קיקומן 296 מ""ל",קיקומן פודז אינק,US,"רוטב סויה קיקומן 296 מ""ל",מיליליטרים,296.00,"100 מ""ל",false,1,16.90,5.71,true,1,
7290013472199,false,ערמונים קלופים וקלויים 105 גרם,בייג'גג פוינונג,CN,ערמונים 105גרם,גרמים,105.00,100 גרם,false,0,8.80,8.38,true,1,
7290013472328,false,מקרלים בשמן צמחי,,PT,מקרלים בשמן צמחי,גרמים,120.00,100 גרם,false,0,5.90,4.92,true,1,
7290013474063,false,בייגלה שמיניות 60 גרם,יוניליוור,IL,בייגלה שמיניות,גרמים,60.00,100 גרם,false,0,3.00,5.00,true,1,
7290013474377,false,בייגלה דקים מלח ים300גרם,יוניליוור,IL,בייגלה דקים,גרמים,300.00,100 גרם,false,0,9.90,3.30,true,1,
7290013474384,false,בייגלה דקים שמנת בצל300ג,יוניליוור,IL,בייגלה דקים,גרמים,300.00,100 גרם,false,0,9.90,3.30,true,1,
7290013474438,false,בייגלה דקים שומשום300גרם,יוניליוור,IL,בייגלה דקים,גרמים,300.00,100 גרם,false,0,9.90,3.30,true,1,
7290013531117,false,רוטב פסטה לילדים 240 גרם יכין,"זנלכל בע""\מ",IL,רוטב פסטה,גרמים,260.00,100 גרם,false,0,4.70,1.81,true,1,
7290013540225,false,נתחי טונה קטנה 158*4 גרם,תעשיות פילטונה,IL,נתחי טונה 4 יח,גרמים,632.00,100 גרם,false,0,20.70,3.28,true,1,
7290013540584,false,סרדינים בשמן צמחי 125גרם,תעשיות פילטונה,MA,סרדינים בשמן צמח,גרמים,125.00,100 גרם,false,0,5.90,4.72,true,1,
7290013540614,false,סרדינים בשמן זית 125 גרם,תעשיות פילטונה,MA,סרדינים בשמן זית,גרמים,125.00,100 גרם,false,0,6.80,5.44,true,1,
7290013566867,false,מאגדת חמשושים,נסטלה,IL,מאגדת חמשושים,גרמים,220.00,100 גרם,false,0,26.70,12.14,true,1,
7290013584175,false,ספרייט מופחת 6*1.5 ליטר,החברה המרכזית לייצור משקאות,IL,ספרייט שישייה,ליטרים,9.00,ליטר,false,0,35.90,3.99,true,1,
7290013584182,false,ספרייט בקבוק 1.5 לי,החברה המרכזית לייצור משקאות,IL,ספרייט בקבוק,ליטרים,1.50,ליטר,false,0,6.50,4.33,true,1,
7290013584816,false,"משק""ל פריגת לימונענע1.5ל",מבשלות בירה בינלאומיות ב,IL,"משק""ל פריגת",ליטרים,1.50,ליטר,false,0,6.50,4.33,true,1,
7290013585233,false,"ספרייט זירו פחית סליק 330 מ""ל",החברה המרכזית לייצור משקאות,IL,ספרייט זירו,מיליליטרים,330.00,"100 מ""ל",false,1,5.90,1.79,true,1,
7290013585240,false,ספרייט זירו 1.5 ליטר,החברה המרכזית לייצור משקאות,IL,ספרייט זירו,ליטרים,1.50,ליטר,false,1,6.50,4.33,true,1,
7290013585271,false,ספרייט זירו מארז שישייה,החברה המרכזית לייצור משקאות,IL,ספרייט זירו 6 יח,ליטרים,9.00,ליטר,false,1,35.90,3.99,true,1,
7290013585325,false,קוקה קולה שישיות 2 ל,החברה המרכזית לייצור משקאות,IL,קוקה קולה 2*6 ל,ליטרים,12.00,ליטר,false,1,41.90,3.49,true,1,
7290013585356,false,פיוז תה פירות יער 1.5ל',מבשלות בירה בינלאומיות,IL,פיוז תה,ליטרים,1.50,ליטר,false,1,5.90,3.93,true,1,
7290013585370,false,קוקה קולה בקבוק 2 ל,החברה המרכזית לייצור משקאות,IL,קוקה קולה,ליטרים,2.00,ליטר,false,1,7.80,3.90,true,1,
7290013585387,false,קוקה קולה זירו בקבוק,החברה המרכזית לייצור משקאות,IL,קולה זירו,ליטרים,1.00,ליטר,false,1,5.50,5.50,true,1,
7290013585394,false,קוקה קולה 1ליטר בודד,החברה המרכזית לייצור משקאות,IL,קוקה קולה,ליטרים,1.00,ליטר,false,1,5.50,5.50,true,1,
7290013585462,false,קוקה קולה זירו 2*6 ליטר,החברה המרכזית לייצור משקאות,IL,קולה זירו 6 * 2ל,ליטרים,12.00,ליטר,false,1,41.90,3.49,true,1,
7290013585479,false,קוקה קולה זירו 2 ליטר,החברה המרכזית לייצור משקאות,IL,קולה זירו,ליטרים,2.00,ליטר,false,1,7.80,3.90,true,1,
7290013585493,false,פריגת אננס פסיפלורה1.5ל,מבשלות בירה בינלאומיות,IL,"משק""ל פריגת",ליטרים,1.50,ליטר,false,1,6.50,4.33,true,1,
7290013585868,false,"משק""ל אשכולית פומלית1.5ל",מבשלות בירה בינלאומיות,IL,"משק""ל אשכולית",ליטרים,1.50,ליטר,false,1,6.50,4.33,true,1,
7290013591173,false,מטרנה לילה טוב 400 גרם,נסטלה,IL,מטרנה לילה טוב,גרמים,400.00,100 גרם,false,0,36.20,9.05,true,1,
7290013591524,false,מטרנה אקסט.קר קומפורט400,נסטלה,IL,מטרנה אקסטרה,גרמים,400.00,100 גרם,false,0,44.50,11.13,true,1,
7290013608086,false,מיץ פירות הדר100%טבעי1ל,גניר,IL,מיץ פירות הדר,ליטרים,1.00,ליטר,false,0,14.80,14.80,true,1,
7290013608260,false,מיץ רימונים 100%מיץ סחוט טרי מצונן 1ליט,"גניר (1992) בע""מ",IL,מיץ רימונים,ליטרים,1.00,ליטר,false,0,22.00,22.00,true,1,
7290013608352,false,מיץ תפוזים 100% 3 ליטר,גניר,IL,מיץ תפוזים,ליטרים,3.00,ליטר,false,1,25.00,8.33,true,1,
7290013675095,false,שניצל ביתי אפוי 500גרם,תנובה,IL,שניצל ביתי אפוי 500גרם,גרמים,500.00,100 גרם,false,0,29.60,5.92,true,1,
7290013675118,false,שניצל נאגטס אפוי 500גרם,תנובה,IL,שניצל נאגטס אפוי 500גרם,גרמים,500.00,100 גרם,false,0,29.60,5.92,true,1,
7290013675163,false,שניצל קריספי מ.עוף 500ג,תנובה,IL,שניצל קריספי מ.עוף 500ג,גרמים,500.00,100 גרם,false,1,29.90,5.98,true,1,
7290013675170,false,שניצל קריספי שומשום עוף,תנובה,IL,שניצל קריספי שומשום עוף,גרמים,500.00,100 גרם,false,1,29.90,5.98,true,1,
7290013683601,false,עוגת קצפת היער השחור1.3ק,גידרון,IL,עוגת קצפת,קילוגרמים,1.30,"ק""ג",false,0,79.90,61.46,true,1,
7290013683625,false,עוגת קצפת ריבת חלב 1.3קג,גידרון,IL,עוגת קצפת,קילוגרמים,1.30,"ק""ג",false,0,79.90,61.46,true,1,
7290013683632,false,עוגת קצפת עם אגוזים1.3קג,גידרון,IL,עוגת קצפת,קילוגרמים,1.30,"ק""ג",false,0,79.90,61.46,true,1,
7290013702005,false,מים טעם פירות יער 1.5 ל,יפאורה שותפות מובגלת לשיווק,IL,מים פירות יער,ליטרים,1.50,ליטר,false,0,5.90,3.93,true,1,
7290013702036,false,שוופס וואטר אפרסק 500 מל,יפאורה שותפות מובגלת לשיווק,IL,שוופס אפרסק,מיליליטרים,500.00,"100 מ""ל",false,0,7.50,1.50,true,1,
7290013702043,false,שוופס מים טעם ענבים 1.5ל,יפאורה שותפות מובגלת לשיווק,IL,מים בטעם ענבים,ליטרים,1.50,ליטר,false,0,5.90,3.93,true,1,
7290013702371,false,שוופס מים בטעם תפוח 1.5ל,יפאורה שותפות מובגלת לשיווק,IL,שוופס מים תפוח,ליטרים,1.50,ליטר,false,0,5.90,3.93,true,1,
7290013702470,false,שוופס מוגז לימונדה ורודה,יפאורה שותפות מובגלת לשיווק,IL,שוופס לימונדה,ליטרים,1.50,ליטר,false,0,6.60,4.40,true,1,
7290013702555,false,שוופס מוגז עדין אננס1.5ל,יפאורה שותפות מובגלת לשיווק,IL,שוופס מוגז עדין,ליטרים,15.00,ליטר,false,0,6.50,0.43,true,1,
7290013702852,false,"שוופס ראשן פחית 330 מ""ל",יפאורה שותפות מובגלת לשיווק,IL,שוופס ראשן,מיליליטרים,330.00,"100 מ""ל",false,0,5.80,1.76,true,1,
7290013702999,false,שוופס מוגז גוארנה1.5ל,יפאורה שותפות מובגלת לשיווק,IL,שוופס גוארנה,ליטרים,1.50,ליטר,false,0,6.60,4.40,true,1,
7290013809391,false,אבקת ניקוי+הברקה,,IL,אבקת ניקוי+הברקה,גרמים,600.00,100 גרם,false,0,7.00,1.17,true,1,
7290013847157,false,טונה שמ.זית כ.מעולה110*4,סטארקיסט,IL,טונה בשמן זית4יח,גרמים,440.00,100 גרם,false,0,29.60,6.73,true,1,
7290013847522,false,טונה עם קנולה 140*2 גרם,סטארקיסט,IL,טונה עם קנולה 140*2 גרם,גרמים,280.00,100 גרם,false,0,18.70,6.68,true,1,
7290013847607,false,סטארקיסט לסלט שמן שום160,סטארקיסט,IL,סטארקיסט לה סלט,גרמים,160.00,100 גרם,false,1,7.80,4.88,true,1,
7290013847614,false,סטארקיסט לסלט ויניגרט160,סטארקיסט,IL,סטארקיסט לה סלט,גרמים,160.00,100 גרם,false,1,7.80,4.88,true,1,
7290013847669,false,סטארקיסט לסנדביץ צ'ילי,סטארקיסט,IL,סטארקיסט לסנדביץ,גרמים,200.00,100 גרם,false,1,8.80,4.40,true,1,
7290013848130,false,תחליב רח.כיף אוקיינוס750,קוסמופארם,IL,תחליב רחצה כיף,מיליליטרים,750.00,"100 מ""ל",false,0,10.00,1.33,true,1,
7290013848635,false,קרמה אלפא שמפו רגיל 700,קוסמופארם,IL,שמפו שיער קרמה,מיליליטרים,700.00,"100 מ""ל",false,0,12.90,1.84,true,1,
7290013848642,false,קרמה אלפא שמפו יבש 700 מ,קוסמופארם,IL,שמפו שיער קרמה,מיליליטרים,700.00,"100 מ""ל",false,0,12.90,1.84,true,1,
7290013848659,false,קרמה אלפא שמפו צבוע 700מ,קוסמופארם,IL,שמפו שיער קרמה,מיליליטרים,700.00,"100 מ""ל",false,0,12.90,1.84,true,1,
7290013848673,false,קרמה אלפא שמפו ומרכך700מ,קוסמופארם,IL,מרכך שיער קרמה,מיליליטרים,700.00,"100 מ""ל",false,0,12.90,1.84,true,1,
7290013848680,false,קרמה אלפא מרכך רגיל 700מ,קוסמופארם,IL,מרכך שיער קרמה,מיליליטרים,700.00,"100 מ""ל",false,0,12.90,1.84,true,1,
7290013848703,false,קרמה אלפא מרכך צבוע700מ,קוסמופארם,IL,מרכך שיער קרמה,מיליליטרים,700.00,"100 מ""ל",false,0,12.90,1.84,true,1,
7290013848758,false,מקסימה גל כביסה מרוכז בייבי 3ליטר סנסטיב,"סנו מפעלי ברונוס בע""\מ",IL,ג'ל לכביסה בייבי,ליטרים,3.00,ליטר,false,0,36.90,12.30,true,1,
7290013848789,false,אל סבון מוצק דבש - מארז רביעיה,יבואן ומשווק: ש. שסט,IL,רביעיית סבון כיף,גרמים,400.00,100 גרם,false,0,10.80,2.70,true,1,
7290013848802,false,כייף רביעייה אל סבון מוצק לבנדר,קוסמופארם,IL,רביעיית סבון כיף,גרמים,400.00,100 גרם,false,0,10.80,2.70,true,1,
7290013861979,false,שקד קלוף קלוי 200גרם,שקדיה,IL,שקד קלוף קלוי,גרמים,200.00,100 גרם,false,0,22.70,11.35,true,1,
7290013883445,false,"אסטוניש קרם מטבח 550 מ""ל",אסטוניש -לידס,IL,אסטוניש קרם מטבח,מיליליטרים,550.00,"100 מ""ל",false,0,18.70,3.40,true,1,
7290013906212,false,"נקנקיות וינר טירת 1 ק""ג טירת צבי",הנסיך- מפעל לייצור ט,IL,נקניקיות וינר,קילוגרמים,1.00,"ק""ג",false,0,31.90,31.90,true,1,
7290013906496,false,פסטרמה עגל בסגנון רומני טירת צבי 120 גר,הנסיך- מפעל לייצור ט,IL,פסטרמה עגל רומני,גרמים,120.00,100 גרם,false,0,15.30,12.75,true,1,
7290013997180,false,"נקניקיה דלישס צמחי 1 ק""ג",טבעול,IL,נקניקיה דלישס,גרמים,1000.00,100 גרם,false,0,37.60,3.76,true,1,
7290014002074,false,ויסוצקידס פטל 20 שקיקים,ויסוצקי,IL,ויסוצקידס פטל,גרמים,54.00,100 גרם,false,0,12.80,23.70,true,1,
7290014002128,false,תה ירוק לימונית ומנטה 25 שקיקים ויסוצקי,ויסוצקי ירוק,IL,תה ירוק לימונית,גרמים,37.00,100 גרם,false,0,25.90,70.00,true,1,
7290014002173,false,תה ירוק תפוז מנדרין 25 שקיקים ויסוצקי,תה ויסוצקי,IL,תה ירוק תפוז,גרמים,75.00,100 גרם,false,0,25.90,34.53,true,1,
7290014002203,false,חליטת לימונית ולואיזה הגן הקסום ויסוצקי 25 יחידות,תה ויסוצקי,IL,חליטת לימונים,גרמים,75.00,100 גרם,false,0,12.80,17.07,true,1,
7290014002678,false,חליטת ארכינצאה סמבוק20שק,ויסוצקי,IL,חליטת ארכינצאה,גרמים,30.00,100 גרם,false,0,12.80,42.67,true,1,
7290014002982,false,תה ירוק לימונית ולואיזה ויסוצקי 25 יחידות תוספת סטיביה,ויסוצקי ירוק,IL,תה ירוק סטיביה+לימונית25,גרמים,37.00,100 גרם,false,0,25.90,70.00,true,1,
7290014059085,false,"משחת שיניים סנסודיין 75 מ""ל פרימיום לשיקום והגנה","סמית קליין ביצ'ם בע""",SI,משחת סנסודיין,מיליליטרים,75.00,"100 מ""ל",false,0,21.70,28.93,true,1,
7290014059443,false,סנסודין משחה דואל קר 75 מל שלישיה,גלקסוסמיתקליין,IL,משחת סנסודיין3יח,מיליליטרים,225.00,"100 מ""ל",false,0,34.90,15.51,true,1,
7290014083424,false,אורז פרסי מובחר 1 קג,תאי,TH,אורז פרסי,קילוגרמים,1.00,"ק""ג",false,0,5.30,5.30,true,1,
7290014083806,false,עוגיות בטעם חמאה 350 גרם בפח,וילי פוד,PT,עוגיות טעם חמאה,גרמים,350.00,100 גרם,false,0,11.80,3.37,true,1,
7290014094062,false,גרעין שחור קלוי 200גרם,שקדיה,IL,גרעין שחור קלוי,גרמים,200.00,100 גרם,false,0,7.80,3.90,true,1,
7290014094079,false,בוטן קלוף קלוי 200גרם,שקדיה,IL,בוטן קלוף קלוי,גרמים,200.00,100 גרם,false,0,9.80,4.90,true,1,
7290014094123,false,בוטן אמריקאי 200גרם,שקדיה,IL,בוטן אמריקאי,גרמים,200.00,100 גרם,false,0,8.80,4.40,true,1,
7290014094130,false,גרעין אבטיח קלוי 200גרם,שקדיה,IL,גרעין אבטיח,גרמים,200.00,100 גרם,false,0,15.80,7.90,true,1,
7290014095052,false,פקאן מסוכר 150גרם,שקדיה,IL,פקאן מסוכר,גרמים,150.00,100 גרם,false,1,18.70,12.47,true,1,
7290014095861,false,שיבולת שועל דקה בשקית שקדיה 500 גרם,"דין שיווק וקליה בע""מ",IL,שיבולת שועל,גרמים,500.00,100 גרם,false,0,6.80,1.36,true,1,
7290014095922,false,"דבש מפרחי הדר 1 ק""ג",שקדיה,IL,דבש מפרחי הדר,קילוגרמים,1.00,"ק""ג",false,0,40.00,40.00,true,1,
7290014095960,false,שיבולת שועל עבה בשקית שקדיה 500 גרם,"דין שיווק וקליה בע""מ",IL,שיבולת שועל,גרמים,500.00,100 גרם,false,0,6.80,1.36,true,1,
7290014126077,false,מיסטר מאסל למטבח 5 ב,ג'ונסון,CN,מר מאסל למטבח,מיליליטרים,500.00,"100 מ""ל",false,0,16.80,3.36,true,1,
7290014126275,false,נוזל לרצפות פרחי בר2.5ל,AMBALAJ APS,TR,מר מאסל לרצפות,ליטרים,2.50,ליטר,false,0,16.90,6.76,true,1,
7290014126787,false,שוק.מריר מעולה 72% 100ג,אלטינמארקה,TR,שוקולד מריר,גרמים,100.00,100 גרם,false,0,11.80,11.80,true,1,
7290014217065,false,אורגנו עלים בקופ' 30 גר' טעם וריח,"תבליני טעם וריח בע""מ",IL,אורגנו,גרמים,30.00,100 גרם,false,0,9.80,32.67,true,1,
7290014217157,false,"מיכל טוסקנה תיבול 120 גר ""טעם וריח""","תבליני טעם וריח בע""מ",IL,תערובת טוסקנה,גרמים,120.00,100 גרם,false,1,8.80,7.33,true,1,
7290014217225,false,גריל עוף בקופ' 120 גר' טעם וריח,"תבליני טעם וריח בע""מ",IL,גריל עוף,גרמים,120.00,100 גרם,false,0,10.80,9.00,true,1,
7290014217362,false,תיבול לקציצות בקופ' 100 גר' טעם וריח,"תבליני טעם וריח בע""מ",IL,תיבול לקציצות,גרמים,100.00,100 גרם,false,0,10.80,10.80,true,1,
7290014218086,false,זוג פיצות משפחתית בחבק,"מעדנות בע""מ",IL,זוג פיצות משפחתי,גרמים,1000.00,100 גרם,false,5,29.60,2.96,true,1,
7290014218130,false,פיצה דקה גבינה 380גרם,"מעדנות בע""\מ",IL,פיצה דקה גבינה,גרמים,380.00,100 גרם,false,10,16.90,4.45,true,1,
7290014218154,false,פיצה דקה מעדנות בתיב,"מעדנות בע""\מ",IL,פיצה דקה שום,גרמים,410.00,100 גרם,false,10,16.90,4.12,true,1,
7290014218307,false,בצק פילו קמח מלא 500גרם,תנובה,IL,בצק פילו קמח מלא,גרמים,500.00,100 גרם,false,1,23.90,4.78,true,1,
7290014241589,false,מיקס אגוזים טבעי וחמוציות 150 גרם,פיצוחי הטיב,IL,מיקס אגוזים,גרמים,150.00,100 גרם,false,0,14.80,9.87,true,1,
7290014256620,false,"יין מבעבע קריניאנו באזז יקבי כרמל 750 מ""ל",יקבי כרמל Carmel Winery,IL,קריניאנו באזז,מיליליטרים,750.00,"100 מ""ל",false,0,22.90,3.05,true,1,
7290014258556,false,מטרנה אקסטרה קר קומפ675,נסטלה,IL,מטרנה אקסטרה קר,גרמים,675.00,100 גרם,false,0,69.30,10.27,true,1,
7290014338203,false,מנצ'ס פיקנטי 200גרם,קסין דיי ברייט,CN,מנצ'ס פיקנטי200ג,גרמים,200.00,100 גרם,false,0,8.90,4.45,true,1,
7290014373778,false,עוגיות רולדה תמרים 300 ג,לחמי,IL,עוגיות רולדה,גרמים,300.00,100 גרם,false,0,14.90,4.97,true,1,
7290014373785,false,עוגיות רולדה תות 300 גרם,לחמי,IL,עוגיות רולדה,גרמים,300.00,100 גרם,false,0,14.90,4.97,true,1,
7290014397279,false,שקיות מזון גדולות XL סנו סושי 300 יחידות,"אשפלסט תעשיות בע""מ",IL,שקיות מזון,יחידה,1.00,יחידה,false,0,10.00,10.00,true,1,
7290014397286,false,מרכך כביסה מרוכז חלב ודבש סנו מקסימה 1 ליטר,סנו-מקסימה,IL,מרכך כביסה מרוכז,ליטרים,1.00,ליטר,false,0,14.90,14.90,true,1,
7290014397293,false,מקסימה מרכך כביסה מרוכז פריחה לבנה סנו 1 ליטר,סנו-מקסימה,IL,מרכך כביסה מרוכז,ליטרים,1.00,ליטר,false,0,14.90,14.90,true,1,
7290014397514,false,"מבשם אויר סנו פרש הום בניחוח כותנה מלטפת 350 מ""ל","סנו מפעלי ברונוס בע""",IL,סנופרש כותנה,מיליליטרים,350.00,"100 מ""ל",false,0,10.00,2.86,true,1,
7290014397675,false,מקסימה מרכך כביסה חלב ודבש סנו 4 ליטר,סנו מקסימה,IL,מרכך כביסה 4ליטר,ליטרים,4.00,ליטר,false,0,19.90,4.98,true,1,
7290014397736,false,מרכך כביסה מקסימה מרוכז פריחה לבנה 4 ל סנו,סנו,IL,מ. כביסה מקסימה,ליטרים,4.00,ליטר,false,0,19.90,4.98,true,1,
7290014397750,false,סנו אבן קיסר שיש וגר,סנו מפעלי ברונוס בעמ,IL,סנו אבן קיסר שיש,מיליליטרים,500.00,"100 מ""ל",false,0,20.00,4.00,true,1,
7290014397767,false,סנו ריצפז פרש הום 2 ליטר בניחוח כותנה-מרכז,"סנו מפעלי ברונוס בע""",IL,ריצפז פרש הום,ליטרים,2.00,ליטר,false,0,19.30,9.65,true,1,
7290014397781,false,סנו ריצפז פרש הום 2 ליטר בניחוח סבון,סנו פרש Fresh,IL,ריצפז פרש הום,ליטרים,2.00,ליטר,false,0,19.30,9.65,true,1,
7290014435803,false,מטיאס הולנדי (פרובנציאל) עם בצל בשמן 180 גרם,שבעת הימים - שמיר,IL,מטיאס הולנדי+בצל,גרמים,180.00,100 גרם,false,0,15.80,8.78,true,1,
7290014435834,false,מקרל מעושן פרוס בשמן שמיר 180 גרם,"סלטי שמיר 2006 בע""מ",IL,מקרל מעושן פרוס,גרמים,180.00,100 גרם,false,0,17.60,9.78,true,1,
7290014455245,false,גבינת גרנה פדנו משולש 29% 200 גרם בית יוסף,מחלבת סוציאלה מנטובה,IT,גבינה גרנה פדנו,גרמים,200.00,100 גרם,false,1,23.20,11.60,true,1,
7290014455252,false,גבינה קשה מגורדת גרנה פדנו 29% שומן,מחלבות גד שיווק 1992,IT,גבינה גרנה פדנו,גרמים,200.00,100 גרם,false,1,9.90,4.95,true,1,
7290014455320,false,גבינה כדורי מוצרלה פרסקה גד 100ג',מוצרלה פרסקה 2 ב 15,IL,מוצרלה פרסקה,גרמים,100.00,100 גרם,false,1,9.40,9.40,true,1,
7290014459083,false,"ציפס כפרי 1.5 ק""ג",תפוגן,IL,ציפס כפרי,קילוגרמים,1.50,"ק""ג",false,0,26.90,17.93,true,1,
7290014459151,false,שניצל תירס לייט תפוגן630,תפוגן,IL,שניצל תירס לייט,גרמים,630.00,100 גרם,false,0,22.70,3.60,true,1,
7290014459366,false,נאגטס תירס ללא מרכיב מחי,תפוגן,IL,נאגטס תירס,גרמים,600.00,100 גרם,false,9,19.70,3.28,true,1,
7290014459373,false,"צ'יפס קראנצ'י לתנור קפוא תפוגן 1.5ק""ג","תעשיות תפוגן בע""\מ",IL,ציפס קראנצי,יחידה,1.00,יחידה,false,1,26.90,26.90,true,1,
7290014466173,false,"גמלא מרלו 750 מ""ל",יקבי רמת הגולן קצרין,IL,גמלא מרלו,מיליליטרים,750.00,"100 מ""ל",false,1,54.90,7.32,true,1,
7290014466265,false,"גמלא פינו נואר 750 מ""ל",יקבי רמת הגולן קצרין,IL,גמלא פינו נואר,מיליליטרים,750.00,"100 מ""ל",false,0,49.90,6.65,true,1,
7290014466272,false,גמלא קברנה סוביניון750מ,יקבי רמת הגולן קצרין,IL,גמלא קברנה,מיליליטרים,750.00,"100 מ""ל",false,0,60.00,8.00,true,1,
7290014466463,false,"יין הר חרמון מסקטו עברית 750 מ""ל",יקבי רמת הגולן קצרין,IL,הר חרמון מוסקטו,מיליליטרים,750.00,"100 מ""ל",false,0,29.90,3.99,true,1,
7290014471023,false,צ'וקטה עוגיות 70 גרם,תות ממתקי איכות,IL,צ'וקטה עוגיות,גרמים,70.00,100 גרם,false,0,4.90,7.00,true,1,
7290014503373,false,"יובלים פריים קברנה750מ""ל",יקב דלתון,IL,יובלים קברנה,מיליליטרים,750.00,"100 מ""ל",false,0,59.40,7.92,true,1,
7290014525085,false,עוג.שוקוציפס ללא סוכר200,מרבה,DE,עוגיות ללא סוכר,גרמים,200.00,100 גרם,false,0,17.40,8.70,true,1,
7290014525283,false,עוגיות בוקר דגנים/חלב228,סלים דליס,NL,עוגיות בוקר מרבה,גרמים,228.00,100 גרם,false,0,10.00,4.39,true,1,
7290014603004,false,מאגדת מיני סולרו תות 295,שטראוס,IL,מאגדת מיני סולרו תות 295,גרמים,295.00,100 גרם,false,0,22.70,7.69,true,1,
7290014603073,false,מאגדת מיני מגנום דאבל גר,שטראוס,IL,מאגדת מיני מגנום,גרמים,310.00,100 גרם,false,0,27.90,9.00,true,1,
7290014603110,false,קארט דור שוקולד פאדג520,שטראוס,IL,קארט דור שוקולד פאדג520,מיליליטרים,520.00,"100 מ""ל",false,15,19.70,3.79,true,1,
7290014603547,false,גל.קרמיסימו וניל+שוק1.3.,שטראוס,IL,גל.קרמיסימו וניל+שוק1.3.,מיליליטרים,665.00,"100 מ""ל",false,0,18.90,2.84,true,1,
7290014603646,false,קורנפלקס שוגי ללא גל,מולינו - איטליה,IT,שוגי ללא גלוטן,יחידה,1.00,יחידה,false,0,22.90,22.90,true,1,
7290014603653,false,כריות נוגט ללא גלוטן375ג,יוניליוור,IL,כריות נוגט,גרמים,375.00,100 גרם,false,0,20.90,5.57,true,1,
7290014603660,false,מאגדת מיני מגנום בראוניז,שטראוס,IL,מאגדת מיני מגנום,גרמים,265.00,100 גרם,false,0,27.90,10.53,true,1,
7290014603813,false,קרמיסימו מסטיק וניל 1330,גלידות 2 ב 36,IL,גלידת קרמיסימו,ליטרים,1.33,ליטר,false,0,18.90,14.21,true,1,
7290014603820,false,קרמיסימו ונילה פקאן 1330,שטראוס,IL,גלידת קרמיסימו,ליטרים,1.33,ליטר,false,0,18.90,14.21,true,1,
7290014603851,false,קארט דור עוגת גבינה 520,שטראוס,IL,קארט דור עוגת גבינה 520,מיליליטרים,520.00,"100 מ""ל",false,15,19.70,3.79,true,1,
7290014603998,false,"קארט דור בראוניז 520 מ""ל",שטראוס,IL,"קארט דור בראוניז 520 מ""ל",מיליליטרים,520.00,"100 מ""ל",false,15,19.70,3.79,true,1,
7290014651982,false,דובדבן מסוכר 200גרם,פיצוחי הטיב,IL,דובדבן מסוכר,גרמים,200.00,100 גרם,false,1,10.00,5.00,true,1,
7290014651999,false,קליפות אשכולית מסוכרת200,פיצוחי הטיב,IL,קליפות אשכולית,גרמים,200.00,100 גרם,false,1,10.00,5.00,true,1,
7290014725294,false,סוכרזית סוכרלוז סטיוויה 100 שקית,"סוכרזית בע""מ",IL,סוכרזית סוכרלוז,גרמים,100.00,100 גרם,false,0,18.90,18.90,true,1,
7290014745612,false,קציצות ע.חציל וטחינה 600,עוף טוב,IL,קציצות ע.חציל תח,גרמים,600.00,100 גרם,false,0,28.90,4.82,true,1,
7290014746565,false,שניצל ביתי עדין מופחת מל,מוצרי עוף טוב (2001) בע\,IL,שניצל מעודן,גרמים,700.00,100 גרם,false,1,44.50,6.36,true,1,
7290014747319,false,שניצל עוף LOVE ללא אנטיב,אסם,IL,שניצל עוף LOVE,גרמים,700.00,100 גרם,false,1,37.90,5.41,true,1,
7290014758100,false,מאגדת יוגורט ביו 3% שומן 8 יח' *150ג' תנובה,מיוצר עי קונדיטוריית,IL,יוגורט ביו 8 יח,קילוגרמים,1.20,"ק""ג",false,0,16.00,13.33,true,1,
7290014758117,false,מאגדת יוגורט ביו 1.5% שומן 8 יח' *150 ג' תנובה,מיוצר עי קונדיטוריית,IL,יוגורט ביו 8 יח,קילוגרמים,1.20,"ק""ג",false,0,16.00,13.33,true,1,
7290014758162,false,חלב עיזים מלא 3.6% קרטון 1 ל' תנובה,הרדוף תוצרת מזון אור,IL,חלב עיזים מלא 1ל,ליטרים,1.00,ליטר,false,0,14.80,14.80,true,1,
7290014758346,false,מעדן סויה שוק2%. 125*2גר,,IL,מעדן סויה שוק2%. 125*2גר,גרמים,250.00,100 גרם,false,0,8.20,3.28,true,1,
7290014758360,false,מעדן סויה תות1.6% 125*2ג,,IL,מעדן סויה תות1.6% 125*2ג,גרמים,250.00,100 גרם,false,0,8.20,3.28,true,1,
7290014758681,false,קוטג תנובה 1% גביע 250 גרם,מיוצר עי קונדיטוריית,IL,קוטג 1% שומן,גרמים,250.00,100 גרם,false,0,5.50,2.20,true,1,
7290014759084,false,גבינת שמנת נפוליאון 16% מופחת שומן תנובה 225 גרם,תנובה מרכז שיתופי לש,IL,גבינת נפוליאון,גרמים,225.00,100 גרם,false,0,10.00,4.44,true,1,
7290014759534,false,גבינה בולגרית למריחה טבעי 5% 200 ג' פיראוס,"תנובה, מחלבת תל יוסף",IL,בולגרית למריחה5%,גרמים,200.00,100 גרם,false,0,10.90,5.45,true,1,
7290014759909,false,גבינה פטה עזים פיראוס 5% 250 גרם,"תנובה, מחלבת טנא נוג",IL,פטה עיזים פיראוס,גרמים,250.00,100 גרם,false,0,26.50,10.60,true,1,
7290014760141,false,משקה שקדים תנובה E אלטרנטיב,תנובה Alternative,IL,משקה שקדים,ליטרים,1.00,ליטר,false,1,13.80,13.80,true,1,
7290014760837,false,יופלה 0% תות בתחתית 150ג,מיוצר עי קונדיטוריית,IL,יופלה דיאט 0%,גרמים,150.00,100 גרם,false,1,5.00,3.33,true,1,
7290014760844,false,יופלה 0% אפרסק פסיפל150ג,תנובה,IL,יופלה דיאט 0%,גרמים,150.00,100 גרם,false,1,5.00,3.33,true,1,
7290014761056,false,מעדן שוקולד חלב יולו תנובה 123 גרם,מיוצר עי קונדיטוריית,IL,יולו שוקולד חלב,גרמים,123.00,100 גרם,false,0,4.30,3.50,true,1,
7290014761063,false,מעדן שוקולד מריר יולו תנובה 123 גרם,מיוצר עי קונדיטוריית,IL,יולו שוקולד מריר,גרמים,123.00,100 גרם,false,0,4.30,3.50,true,1,
7290014761070,false,מעדן שוקולד לבן יולו תנובה 123 גרם,מיוצר עי קונדיטוריית,IL,יולו שוקולד לבן,גרמים,123.00,100 גרם,false,0,4.30,3.50,true,1,
7290014761193,false,יוגורט עם פירות יער 1.5% שומן 125 ג' פרילי,תנובה מרכז שיתופי לש,IL,פרילי פירות יער,גרמים,125.00,100 גרם,false,0,3.50,2.80,true,1,
7290014761414,false,יולו מעדן שכבות שוקולד חלב ולבן 123 גר,מיוצר עי קונדיטוריית,IL,יולו שכבות שוקו.,גרמים,123.00,100 גרם,false,0,4.30,3.50,true,1,
7290014761544,false,גבינת שמנת +5%פלפלים200ג,תנובה,IL,גבינת שמנת 5%,גרמים,200.00,100 גרם,false,0,10.80,5.40,true,1,
7290014761612,false,מעדן שכבות שוקולד מריר ולבן יולו 122 גרם,מיוצר עי קונדיטוריית,IL,יולו שכבות שוקו.,גרמים,122.00,100 גרם,false,1,4.30,3.52,true,1,
7290014761681,false,בולגרית למריחה ציזיקי200,תנובה,IL,בולגרית למריחה ציזיקי200,גרמים,200.00,100 גרם,false,0,10.90,5.45,true,1,
7290014761858,false,"שטוזים וניל מוקצף 125מ""ל",תנובה 8+2 הזול מבניה,IL,שטוזים מטקצף,מיליליטרים,125.00,"100 מ""ל",false,1,2.60,2.08,true,1,
7290014762527,false,יולו חלב בנגיעת קפה 150,תנובה,IL,יולו שוקולד חלב,גרמים,150.00,100 גרם,false,1,4.30,2.87,true,1,
7290014762534,false,יולו שוק.חלב+אגוז לוז123,תנובה,IL,יולו מעדן שוקולד,גרמים,123.00,100 גרם,false,1,4.30,3.50,true,1,
7290014762701,false,יופלה5% וניל+שבבי שוק160,תנובה,IL,יופלה 5% וניל,גרמים,160.00,100 גרם,false,1,5.00,3.13,true,1,
7290014762718,false,יופלה5% קפוצ'ינו+שוק160ג,תנובה,IL,יופלה5% קפוצ'ינו,גרמים,160.00,100 גרם,false,1,5.00,3.13,true,1,
7290014762725,false,יופלה5% פ.אדומים+שוק160ג,תנובה,IL,יופלה5% פ.אדומים,גרמים,160.00,100 גרם,false,1,5.00,3.13,true,1,
7290014762756,false,גבינת שמנת נפוליאון 16% עם בצל תנובה 225 גרם,תנובה חלב,IL,גבינת נפוליאון,גרמים,225.00,100 גרם,false,1,10.00,4.44,true,1,
7290014789814,false,רוטב ברביקיו אורגינל538ג,היינץ,US,רוטב ברביקיו,גרמים,538.00,100 גרם,false,0,18.10,3.36,true,1,
7290014789913,false,עוגיות אוראו קרם בטעם וניל מארז 176 גרם,מונדלייז,ES,עוגיות אוראו 3יח,גרמים,528.00,100 גרם,false,0,24.70,4.68,true,1,
7290014791077,false,ספרינג תה ענבים 1.5 ליטר,יפאורה שותפות מובגלת לשיווק,IL,ספרינג תה ענבים,ליטרים,1.50,ליטר,false,0,6.20,4.13,true,1,
7290014791091,false,"שוויפס לימונייד 500 מ""ל",יפאורה שותפות מובגלת לשיווק,IL,שוופס לימונייד,מיליליטרים,500.00,"100 מ""ל",false,0,4.60,0.92,true,1,
7290014791237,false,שוופס מים 0קלור.אפרסק1.5,יפאורה שותפות מובגלת לשיווק,IL,שוופס מים אפרסק,ליטרים,1.50,ליטר,false,0,5.90,3.93,true,1,
7290014791541,false,שוופס גולד ראשן 1.5 ליטר,יפאורה שותפות מובגלת לשיווק,IL,שוופס גולד ראשן,ליטרים,1.50,ליטר,false,0,7.90,5.27,true,1,
7290014791558,false,שוופס סודה נענע 1.5 ל'- רביעייה,יפאורה שותפות מובגלת לשיווק,IL,שוופס סודה נענע לי1.5*4ל,ליטרים,6.00,ליטר,false,0,10.90,1.82,true,1,
7290014791565,false,שוופס מוגז ענבים 1.5ליטר,יפאורה שותפות מובגלת לשיווק,IL,שוופס ענבים,ליטרים,1.50,ליטר,false,1,6.60,4.40,true,1,
7290014791596,false,תפוזינה לימונדה ורודה1.5,יפאורה שותפות מובגלת לשיווק,IL,תפוזינה לימונדה,ליטרים,1.50,ליטר,false,0,5.90,3.93,true,1,
7290014791770,false,פרוט ווטר ענבים 1.5 ליטר,יפאורה שותפות מובגלת לשיווק,IL,פרוט ווטר ענבים,ליטרים,1.50,ליטר,false,1,5.90,3.93,true,1,
7290014791787,false,פרוט ווטר אננס 1.5 ליטר,יפאורה שותפות מובגלת לשיווק,IL,פרוט ווטר אננס,ליטרים,1.50,ליטר,false,1,5.90,3.93,true,1,
7290014791794,false,פרוט ווטר תפוח 1.5 ליטר,יפאורה שותפות מובגלת לשיווק,IL,פרוט ווטר תפוח,ליטרים,1.50,ליטר,false,1,5.90,3.93,true,1,
7290014791800,false,פרוט ווטר אפרסק 1.5 ליטר,יפאורה שותפות מובגלת לשיווק,IL,פרוט ווטר אפרסק,ליטרים,1.50,ליטר,false,1,5.90,3.93,true,1,
7290014791824,false,פרוט ווטר תות 1.5 ליטר,יפאורה שותפות מובגלת לשיווק,IL,פרוט ווטר תות,ליטרים,1.50,ליטר,false,1,5.90,3.93,true,1,
7290014875074,false,שווארמה מן הצומח טיבעול,טבעול,IL,שווארמה מן הצומח,גרמים,400.00,100 גרם,false,0,21.90,5.48,true,1,
7290014900035,false,ג'ל רחצה סטייל,,IL,ג'ל רחצה סטייל,מיליליטרים,750.00,"100 מ""ל",false,0,12.90,1.72,true,1,
7290014901308,false,משחת שיניים לשיניים רגישות Complete protection,"סמית קליין ביצ'ם בע""",IL,משחת סנסודיין,מיליליטרים,75.00,"100 מ""ל",false,0,21.70,28.93,true,1,
7290014940086,false,הלחמניה להמבורגר 50*8ג,מאפיית שלמה א. אנג'ל,IL,הלחמניה להמבורגר 50*8ג,גרמים,400.00,100 גרם,false,0,9.90,2.48,true,1,
7290014940901,false,לחם פשוט מלא אנג'ל 750 גרם,מאפיית שלמה א. אנג'\ל בע,IL,לחם מלא,גרמים,750.00,100 גרם,false,1,12.90,1.72,true,1,
7290014949652,false,מעדן פרי תות ל.ת.סוכר250,"מעבדות מטרנה בע""מ",IL,מעדן תות,גרמים,250.00,100 גרם,false,0,14.80,5.92,true,1,
7290014949669,false,"מעדן פרי דובדבן ללת""ס250","מעבדות מטרנה בע""מ",IL,מעדן דובדבן,גרמים,250.00,100 גרם,false,0,14.80,5.92,true,1,
7290015025942,false,"קרם ידיים קלאסי עם שמן שקדים פנג'ל 80 מ""ל",מיוצר עי קונדיטוריית,IL,קרם ידיים פנג'ל,מיליליטרים,80.00,"100 מ""ל",false,1,8.00,10.00,true,1,
7290015037204,false,כרוב לבן קצוץ 400 גרם אוצר הארץ,קטיף.,IL,כרוב לבן 400גרם א.הארץ,גרמים,400.00,100 גרם,false,0,10.90,2.73,true,1,
7290015037211,false,כרוב אדום קצוץ 400 גרם אוצר הארץ,קטיף.,IL,כרוב אדום א.הארץ 400גרם,גרמים,400.00,100 גרם,false,0,10.90,2.73,true,1,
7290015037228,false,סלט קולסלו 400 גר אוצר הארץ,קטיף.,IL,קולסלאו 400גרם א.הארץ,גרמים,400.00,100 גרם,false,0,10.90,2.73,true,1,
7290015037273,false,פטרוזיליה אוצר הארץ - מהדרין,נסטלה שוויץ - רורשאך,IL,פטרוזליה א.הארץ,יחידה,1.00,יחידה,false,0,5.90,5.90,true,1,
7290015037280,false,כוסברה אוצר הארץ - מהדרין,ס.ר.ל פוסטל,IL,כוסברה א.הארץ,יחידה,1.00,יחידה,false,0,5.90,5.90,true,1,
7290015037297,false,שמיר אוצר הארץ - מהדרין,סאאדת,IL,שמיר אוצר הארץ,יחידה,1.00,יחידה,false,0,5.90,5.90,true,1,
7290015037419,false,סלרי אמריקאי אוצר הארץ,עבאדי,IL,סלרי אוצר הארץ יחידה,יחידה,1.00,יחידה,false,0,7.90,7.90,true,1,
7290015037426,false,‏עלי סלק שקית - אוצר הארץ,סאן רייז,IL,עלי סלק אוצר הארץ יחידה,יחידה,1.00,יחידה,false,0,6.90,6.90,true,1,
7290015037433,false,חסה ערבית אוצר הארץ יחיד,נסטלה קוריאה - קפה,IL,חסה ערבית א.הארץ,יחידה,1.00,יחידה,false,0,6.90,6.90,true,1,
7290015037440,false,"כרוב לבן שלם 1 ק""ג -א. הארץ",סאסאטק,IL,כרוב לבן שלם א.הארץ,גרמים,0.00,"ק""ג",true,0,13.90,13.90,true,1,
7290015039246,false,נתחי טונה בשמן צמחי רביעיה * 160 ג' וילי פוד,וילי פוד,TH,נתחי טונה בשמן,גרמים,640.00,100 גרם,false,0,21.90,3.42,true,1,
7290015039499,false,ויליפוד עוגיות חמאה איטלקיות מובחרות 1ק,טדסקו אס.אר.אל ויה ד,IT,עוגיות איטלקיות,קילוגרמים,1.00,"ק""ג",false,0,13.80,13.80,true,1,
7290015055000,false,עגבניה שרי ליקופ,,IL,שרי יובל ליקופן,יחידה,1.00,יחידה,false,0,10.00,10.00,true,1,
7290015055017,false,עגבניות איתן במשקל,קטיף,IL,עגבניות איתן,קילוגרמים,0.00,"ק""ג",true,1,8.90,8.90,true,1,
7290015116800,false,תפוח אדמה נשיקות ארוז במ,קטיף.,IL,תפוח אדמה נשיקות,קילוגרמים,0.00,"ק""ג",true,0,3.90,3.90,true,1,
7290015150033,false,תה ירוק ספייסי נענע 25שק,תה ויסוצקי,IL,תה ירוק נענע,גרמים,38.00,100 גרם,false,0,25.90,68.16,true,1,
7290015150064,false,ביסקוויט סנדוויץ וניל240,אלגוריאגה ברנדס,ES,ביסקוויט סנדוויץ,גרמים,240.00,100 גרם,false,1,6.90,2.88,true,1,
7290015150071,false,עוג.סנדוויץ סופר או'ז165,סירו פודס,ES,עוגיות סנדוויץ,גרמים,165.00,100 גרם,false,1,7.80,4.73,true,1,
7290015150101,false,ויסוצקידס נענע 20 שקיקים,ויסוצקי,IL,ויסוצקידס נענע,גרמים,54.00,100 גרם,false,0,12.80,23.70,true,1,
7290015150606,false,חליטת קמומיל ודבש נרגש20,ויסוצקי,IL,חליטת חורף,גרמים,54.00,100 גרם,false,1,12.80,23.70,true,1,
7290015174046,false,פרוסות אננס,,ID,פרוסות אננס,גרמים,825.00,100 גרם,false,0,9.80,1.19,true,1,
7290015257909,false,מפיות תלת שכבתי מודפס,.,CN,מפיות תלת שכבתי,יחידה,1.00,יחידה,false,1,7.90,7.90,true,1,
7290015324007,false,פלפל שחור גרוס 80 גר' טעם וריח,"תבליני טעם וריח בע""מ",IL,פלפל שחור גרוס,גרמים,80.00,100 גרם,false,0,13.20,16.50,true,1,
7290015324014,false,"פלפל שחור טחון בשקית 80 גרם ""טעם וריח""","תבליני טעם וריח בע""מ",IL,פלפל שחור טחון,גרמים,80.00,100 גרם,false,0,13.20,16.50,true,1,
7290015324045,false,תבלין פפריקה חריפה 80 גר' שק',"תבליני טעם וריח בע""מ",IL,פפריקה חריפה,גרמים,80.00,100 גרם,false,0,5.20,6.50,true,1,
7290015324069,false,גריל עוף 80 גר' טעם וריח,"תבליני טעם וריח בע""מ",IL,גריל עוף,גרמים,80.00,100 גרם,false,0,5.90,7.38,true,1,
7290015324076,false,זעתר מעורב 80 גר' טעם וריח,"תבליני טעם וריח בע""מ",IL,זעתר,גרמים,80.00,100 גרם,false,0,7.80,9.75,true,1,
7290015324090,false,כמון טחון 80 גר' טעם וריח,"תבליני טעם וריח בע""מ",IL,כמון,גרמים,80.00,100 גרם,false,0,7.80,9.75,true,1,
7290015324106,false,כורכום טחון 80 גר' טעם וריח,"תבליני טעם וריח בע""מ",IL,כורכום,גרמים,80.00,100 גרם,false,0,7.80,9.75,true,1,
7290015324113,false,טעם וריח בהרט שקית 8,"תבליני טעם וריח בע""מ",IL,בהרט,גרמים,80.00,100 גרם,false,0,7.80,9.75,true,1,
7290015324120,false,שום גבישי 80 גר' טעם וריח,"תבליני טעם וריח בע""מ",IL,שום גבישי,גרמים,80.00,100 גרם,false,0,10.80,13.50,true,1,
7290015324168,false,תבלין על האש תיבול 80 גר' שק',"תבליני טעם וריח בע""מ",IL,על האש,גרמים,80.00,100 גרם,false,0,5.90,7.38,true,1,
7290015324199,false,מרינדה עוף קלאסי 25 גרם,תבליני טעם וריח,IL,תיבול מרינדה עוף,גרמים,25.00,100 גרם,false,0,4.90,19.60,true,1,
7290015324205,false,מרינדה עוף פיקנטי 25 גרם,תבליני טעם וריח,IL,תיבול מרינדה עוף,גרמים,25.00,100 גרם,false,0,4.90,19.60,true,1,
7290015324212,false,מרינדה עוף איטלקי 25 גרם,תבליני טעם וריח,IL,תיבול מרינדה עוף,גרמים,25.00,100 גרם,false,0,4.90,19.60,true,1,
7290015325066,false,מגבונים הלו קיטי,,IL,מגבונים הלו קיטי,יחידה,1.00,יחידה,false,0,19.70,19.70,true,1,
7290015325172,false,שמפו הלו קיטי,,IL,שמפו הלו קיטי,מיליליטרים,750.00,"100 מ""ל",false,0,9.70,1.29,true,1,
7290015325226,false,אל סבון הלו קיטי,,IL,אל סבון הלו קיטי,מיליליטרים,750.00,"100 מ""ל",false,0,10.80,1.44,true,1,
7290015353663,false,מיונז לחיץ היינץ 400 גרם,היינץ,NL,מיונז בקבוק לחיץ,גרמים,400.00,100 גרם,false,1,14.10,3.53,true,1,
7290015353670,false,ממרח במרקם קרמי 425 גרם,היינץ,NL,ממרח במרקם קרמי,גרמים,425.00,100 גרם,false,1,14.10,3.32,true,1,
7290015395014,false,תערובת פיצוחים קלויה170ג,שקדיה,IL,תערובת פיצוחים,גרמים,170.00,100 גרם,false,0,16.80,9.88,true,1,
7290015395045,false,"קינואה בשקית שקדיה 400 גרם בד""ץ","דין שיווק וקליה בע""מ",IL,קינואה,גרמים,400.00,100 גרם,false,0,15.90,3.98,true,1,
7290015568623,false,ניילון נצמד 60 מטר במתקן,חי פלסטיק תעשיות,IL,ניילו נצמד במתקן,מטרים,60.00,מטר,false,1,18.70,0.31,true,1,
7290015596244,false,"אלכוג'ל טבעי 100 מ""ל",פישר מעבדות פרמצבטיות,IL,אלכוג'ל,יחידה,1.00,יחידה,false,0,10.00,10.00,true,1,
7290015597012,false,מאגדת מיני מגנום ברולה 8,שטראוס,IL,מאגדת מיני מגנום,גרמים,285.00,100 גרם,false,0,27.90,9.79,true,1,
7290015597036,false,מאגדת מיני מגנום טירמיסו,שטראוס,IL,מאגדת מיני מגנום,גרמים,285.00,100 גרם,false,0,27.90,9.79,true,1,
7290015626224,false,אגוז מלך קלוף 150גרם,ששון,IL,אגוז מלך קלוף,גרמים,150.00,100 גרם,false,0,14.80,9.87,true,1,
7290015626392,false,אגוז קשיו קלוף 250גרם,ששון מלוינסקי,IL,אגוז קשיו קלוף,גרמים,250.00,100 גרם,false,1,25.90,10.36,true,1,
7290015626408,false,אגוז פקאן קלוף טבעי 200ג,ששון מלוינסקי,IL,אגוז פקאן קלוף,גרמים,200.00,100 גרם,false,1,29.90,14.95,true,1,
7290015626415,false,אגוז ברזיל קלוף 200גרם,ששון מלוינסקי,IL,אגוז ברזיל קלוף,גרמים,200.00,100 גרם,false,1,21.90,10.95,true,1,
7290015626422,false,פיסטוק קלוף 130 גרם,ששון מלוינסקי,IL,פיסטוק קלוף 130ג,גרמים,130.00,100 גרם,false,1,32.90,25.31,true,1,
7290015626439,false,אגוז מלך קלוף טבעי 300ג,ששון מלוינסקי,IL,אגוז מלך קלוף,גרמים,300.00,100 גרם,false,1,32.90,10.97,true,1,
7290015626446,false,פרוסות שקד מולבן 130גרם,ששון מלוינסקי,IL,פרוסות שקד מולבן,גרמים,130.00,100 גרם,false,1,18.90,14.54,true,1,
7290015626460,false,שקד קלוף טבעי 250גרם,ששון מלוינסקי,IL,שקד קלוף טבעי,גרמים,250.00,100 גרם,false,1,29.90,11.96,true,1,
7290015626477,false,צנובר קלוף 130גרם,ששון מלוינסקי,IL,צנובר קלוף 130ג,גרמים,130.00,100 גרם,false,1,32.90,25.31,true,1,
7290015626484,false,חמוציות מיובשות חתוכות,ששון מלוינסקי,IL,חמוציות מיובשות,גרמים,400.00,100 גרם,false,1,16.90,4.23,true,1,
7290015626491,false,צימוק בהיר 500גרם,ששון מלוינסקי,IL,צימוקים בהירים,גרמים,500.00,100 גרם,false,1,25.90,5.18,true,1,
7290015626507,false,צימוק כהה 500גרם,ששון מלוינסקי,IL,צימוקים כהים,גרמים,500.00,100 גרם,false,1,19.90,3.98,true,1,
7290015626521,false,פלחי פפאיה מסוכרת 200גרם,ששון מלוינסקי,IL,פלחי פפאיה,גרמים,200.00,100 גרם,false,1,10.00,5.00,true,1,
7290015626552,false,אננס טבעי מיובש 100גרם,ששון מלוינסקי,IL,אננס טבעי מיובש,גרמים,100.00,100 גרם,false,1,15.00,15.00,true,1,
7290015626606,false,פלחי אננס מסוכרות ירוק,ששון מלוינסקי,IL,פלחי אננס ירוק,גרמים,200.00,100 גרם,false,1,10.00,5.00,true,1,
7290015626613,false,פקאן סיני 250גרם,ששון מלוינסקי,IL,פקאן סיני 250גרם,גרמים,250.00,100 גרם,false,1,28.90,11.56,true,1,
7290015626620,false,בננות ציפס פרוסות 250גרם,ששון מלוינסקי,IL,בננות ציפס,גרמים,250.00,100 גרם,false,1,10.00,4.00,true,1,
7290015626644,false,משמש מיובש 200גרם,ששון מלוינסקי,IL,משמש מיובש,גרמים,200.00,100 גרם,false,1,15.90,7.95,true,1,
7290015626668,false,תאנים מיובשות 350גרם,ששון מלוינסקי,IL,תאנים מיובשות,גרמים,350.00,100 גרם,false,1,21.90,6.26,true,1,
7290015652070,false,קשוי קלוי בשקית ששון הקולה 150 גרם,"דין שיווק וקלייה בע""",IL,קשיו קלוי 150גרם,גרמים,150.00,100 גרם,false,1,12.90,8.60,true,1,
7290015652087,false,תערובת פיצוחים בשקית ששון הקולה 150 גרם,דין שיווק,IL,תערובת פיצוחים,גרמים,150.00,100 גרם,false,1,12.90,8.60,true,1,
7290015652711,false,אגוז מלך טבעי 150גרם,שקדיה,IL,אגוז מלך טבעי,גרמים,150.00,100 גרם,false,1,12.80,8.53,true,1,
7290015726085,false,לחם שאור שיפון יח אפוי,מאפ גדרון,IL,לחם שיפון,יחידה,1.00,יחידה,false,12,14.90,14.90,true,1,
7290015726108,false,לחם מקמח מלא עם תמרים יח,מאפ גדרון,IL,לחם מקמח מלא,יחידה,1.00,יחידה,false,11,14.90,14.90,true,1,
7290015726115,false,לחם שאור קמח מלא אפוי670,מאפ גדרון,IL,לחם קמח מלא,יחידה,1.00,יחידה,false,11,14.90,14.90,true,1,
7290015872133,false,סלמון מעושן טוביםה2 150ג,סלטי שמיר,IL,סלמון מעושן,גרמים,150.00,100 גרם,false,1,22.30,14.87,true,1,
7290016087000,false,זית ירוק נטולי גלעין560ג,פרי ניר,IL,זיתים ירוקים,גרמים,560.00,100 גרם,false,1,7.90,1.41,true,1,
7290016087055,false,רסק עגבניות 22% 100 גרם,פרי ניר,IL,רסק עגבניות,גרמים,100.00,100 גרם,false,1,1.90,1.90,true,1,
7290016087062,false,רסק עגבניות 22% 260 גרם,פרי ניר,IL,רסק עגבניות,גרמים,260.00,100 גרם,false,1,3.40,1.31,true,1,
7290019297215,false,"פולי סויה אדממה 1ק""ג",שקדיה,IL,פולי סויה אדממה,גרמים,1000.00,100 גרם,false,0,17.70,1.77,true,1,
7290019297222,false,פולי סויה אדממה 450גרם,שקדיה,IL,פולי סויה אדממה 450גרם,גרמים,450.00,100 גרם,false,0,9.90,2.20,true,1,
7290019297802,false,מיקס ילדים פירות יבש,"דין שיווק וקלייה בע""",IL,מיקס לילד 200גרם,גרמים,200.00,100 גרם,false,0,16.80,8.40,true,1,
7290019297864,false,קשיו קלוי שקדיה 170גרם,שקדיה,IL,קשיו קלוי 170גרם,גרמים,170.00,100 גרם,false,0,16.80,9.88,true,1,
7290100240632,false,קרקר פתית 200-300ג' 6 דגנים 250 גרם,יוניליוור ישראל מזון בע\,IL,פתית 6 דגנים,גרמים,250.00,100 גרם,false,0,17.50,7.00,true,1,
7290100240656,false,"פתית שיפון בד""צ חדש 300X24 גר'",יוניליוור ישראל מזון בע\,IL,פתית שיפון,גרמים,300.00,100 גרם,false,0,17.50,5.83,true,1,
7290100241707,false,מרכך כביסה בדין פירות 4ל,יוניליוור,IL,מרכך כביסה בדין,ליטרים,4.00,ליטר,false,0,21.90,5.48,true,1,
7290100243664,false,"בדין אקסטרה סגול 960 מ""ל",יוניליוור,TR,מרכך כביסה בדין,מיליליטרים,960.00,"100 מ""ל",false,0,18.90,1.97,true,1,
7290100243688,false,"בדין אקסטרא ורוד- 960 מ""ל",יונילוור - תורכיה,TR,מרכך כביסה בדין,מיליליטרים,960.00,"100 מ""ל",false,0,18.90,1.97,true,1,
7290100244586,false,רוטב אלף האיים לייט290מל,יוניליוור,IL,אלף האיים לייט,מיליליטרים,290.00,"100 מ""ל",false,0,9.90,3.41,true,1,
7290100244609,false,רוטב לסלט אלף האיים290מל,יוניליוור ישראל מזון בעמ,IL,רוטב אלף האיים,מיליליטרים,290.00,"100 מ""ל",false,0,9.90,3.41,true,1,
7290100245231,false,נמס בכוס מרק בטעם עוף עם אטריות ושקדי מרק-2 שקיות,יוניליוור ישראל מזון בע\,IL,נמס בכוס ט.עוף,גרמים,50.00,100 גרם,false,0,6.90,13.80,true,1,
7290100246634,false,דאו.רקסונה סטיק כותנה50מ,יוניליוור,MX,דאודורנט רקסונה,גרמים,50.00,100 גרם,false,0,22.60,45.20,true,1,
7290100247068,false,"פינוק תחליב רחצה לבנדר ווניל700 מ""ל-",יוניליוור ישראל טיפוח אי,IL,תחליב רחצה פינוק,מיליליטרים,700.00,"100 מ""ל",false,0,10.00,1.43,true,1,
7290100247761,false,מרק עגבניות עם אורז105גר,יוניליוור,IL,מרק עגבניות,גרמים,105.00,100 גרם,false,0,8.00,7.62,true,1,
7290100247778,false,מרק פטריות מוקרם 79 גרם,יוניליוור,IL,מרק פטריות,גרמים,79.00,100 גרם,false,0,8.00,10.13,true,1,
7290100247808,false,נמס בכוס ט.עוף אקסטרה28ג,יוניליוור ישראל מזון בע\,IL,נמס בכוס טעם עוף,גרמים,28.00,100 גרם,false,0,4.30,15.36,true,1,
7290100247815,false,נמס בכוס עגבנ.אקסטרה39גר,אתר חיפה אבקות,IL,נמס בכוס עגבניות,גרמים,39.00,100 גרם,false,0,4.30,11.03,true,1,
7290100247839,false,נמס בכוס ירקות אקסטרה35ג,"יוניליוור ישראל מזון בע""",IL,נמס בכוס ירקות,גרמים,35.00,100 גרם,false,0,4.30,12.29,true,1,
7290100249352,false,מרק טעם עוף 400 גרם,יוניליוור ישראל מזון בע\,IL,מרק טעם עוף,גרמים,400.00,100 גרם,false,0,15.30,3.83,true,1,
7290100249376,false,מרק בצל 400 גרם,יוניליוור,IL,מרק בצל,גרמים,400.00,100 גרם,false,0,23.70,5.93,true,1,
7290100249383,false,מרק פטריות 400 גרם,יוניליוור,IL,מרק פטריות,גרמים,400.00,100 גרם,false,0,23.70,5.93,true,1,
7290100249390,false,מרק טעם עוף ר.טבעיים400ג,יוניליוור,IL,מרק טעם עוף,גרמים,400.00,100 גרם,false,0,18.70,4.68,true,1,
7290100249482,false,נמס בכוס אפונה 25*2 גרם,יוניליוור ישראל מזון,IL,נמס בכוס אפונה,גרמים,50.00,100 גרם,false,0,6.90,13.80,true,1,
7290100249512,false,פירה בטעם ביתי 130X2 גרם,"יוניליוור ישראל מזון בע""",IL,פירה בטעם ביתי,גרמים,260.00,100 גרם,false,0,10.90,4.19,true,1,
7290100249598,false,"רוטב לעוף שום ודבש קנור 320 גרם בד""צ",יוניליוור ישראל מזון בע\,IL,רוטב לעוף,גרמים,320.00,100 גרם,false,0,10.00,3.13,true,1,
7290100249611,false,רוטב עוף שום ועשבי תיבול,יוניליוור,IL,רוטב לעוף,גרמים,320.00,100 גרם,false,0,10.00,3.13,true,1,
7290100249628,false,רוטב עוף ברביקיו סויה310,יוניליוור,IL,רוטב ברביקיו,גרמים,310.00,100 גרם,false,0,10.00,3.23,true,1,
7290100249918,false,דאו.אקס אקסייט 76 גרם,יוניליוור,US,דאודורנט אקס,גרמים,76.00,100 גרם,false,0,22.90,30.13,true,1,
7290100613603,false,גרעין אבטיח קלוי 200גרם,א.ע.ש. קליית ציון,IL,גרעין אבטיח קלוי,גרמים,200.00,100 גרם,false,0,18.70,9.35,true,1,
7290100613627,false,גרעין דלעת קלוי וממולח,א.ע.ש. קליית ציון,IL,גרעין דלעת קלוי,גרמים,200.00,100 גרם,false,0,11.80,5.90,true,1,
7290100613658,false,גרעין חמניה קלוי וממולח,א.ע.ש. קליית ציון,IL,גרעין חמניה קלוי,גרמים,200.00,100 גרם,false,0,7.80,3.90,true,1,
7290100613665,false,גרעין חמניה קליה כורדית,א.ע.ש. קליית ציון,IL,גרעין חמניה,גרמים,200.00,100 גרם,false,0,7.80,3.90,true,1,
7290100659090,false,פרי חטיפים ללא גלוטן ותוספת סוכר מארז 5 תמרים וקינמון,טבעית מוצרים מן הטבע בעמ,IL,חטיף FREE תמרים,גרמים,100.00,100 גרם,false,0,18.00,18.00,true,1,
7290100680667,false,מנה חמה נודלס-אטריות+ירקות טעם סצ'ואן,PUB FOODS PRESIDENT THAI,TH,מנה חמה נודלס,גרמים,76.00,100 גרם,false,0,6.90,9.08,true,1,
7290100680711,false,פירורית זהב אסם זהב 350ג',עינת תעשיות מזון אגו,IL,פירורית זהב אסם,גרמים,350.00,100 גרם,false,0,8.40,2.40,true,1,
7290100680728,false,פירורית רגילה שקית 350 גרם,מיוצר עי קונדיטוריית,IL,פירורית אסם,גרמים,350.00,100 גרם,false,0,7.60,2.17,true,1,
7290100681138,false,מארז אפרופו חטיף תירס 3 יחידות,"אסם השקעות בע""\מ",IL,אפרופו 3יח במארז,גרמים,150.00,100 גרם,false,0,12.60,8.40,true,1,
7290100681503,false,עסיס סירופ לימונענע דיאטטי 1 ליטר,בית-השיטה עסיס תעשיות מז,IL,סירופ דיאט,ליטרים,1.00,ליטר,false,0,10.40,10.40,true,1,
7290100683217,false,"ויטמינצ'יק תפו""ע 2 ליטר",בית-השיטה עסיס תעשיות מז,IL,"ויטמינצ'יק תפו""ע",ליטרים,2.00,ליטר,false,0,22.30,11.15,true,1,
7290100685136,false,"אבקת מרק בטעם עוף אסם 1 ק""ג","אסם השקעות בע""\מ",IL,"מרק טעם עוף פרווה 1 ק""ג",קילוגרמים,1.00,"ק""ג",false,0,15.70,15.70,true,1,
7290100685334,false,אבקת מרק עוף אמיתי בשרי רכיבים טבעיים אסם 400 גרם,"אסם השקעות בע""\מ",IL,מרק עוף רכיבים טבעיים400,גרמים,400.00,100 גרם,false,0,21.70,5.43,true,1,
7290100685341,false,אבקת מרק טעם עוף זך רכיבים טבעיים אסם 400 גרם,"אסם השקעות בע""\מ",IL,מרק ט.עוף רכ' טבעיים400ג,גרמים,400.00,100 גרם,false,0,15.80,3.95,true,1,
7290100686164,false,מארז מולטיפק ביסלי ברביקיו 6 יח 35 גר יח,מיוצר עי קונדיטוריית,IL,ביסלי מארז 6 יח,גרמים,210.00,100 גרם,false,0,12.00,5.71,true,1,
7290100686171,false,מארז מולטיפק ביסלי גריל 6 יח 35 גר ליח,"אסם השקעות בע""\מ",IL,ביסלי מארז 6 יח,גרמים,210.00,100 גרם,false,0,12.00,5.71,true,1,
7290100689264,false,האני נאט צ'יריוס 615 גרם,ג'נרל מילס,US,הני נאט צ'יריוס,גרמים,615.00,100 גרם,false,0,25.90,4.21,true,1,
7290100689301,false,אבקת מרק בטעם עוף זך עדיף אסם 400 גרם,"אסם השקעות בע""\מ",IL,מרק בטעם עוף זך,גרמים,400.00,100 גרם,false,0,13.60,3.40,true,1,
7290100700006,false,"חיטה סוגת 1 ק""ג","סוגת תעשיות בע""\מ",IL,חיטה,קילוגרמים,1.00,"ק""ג",false,0,8.80,8.80,true,1,
7290100700020,false,גריסי פנינה 500 גרם סוגת,האי נאם סי או אל.טי.,IL,גריסי פנינה,גרמים,500.00,100 גרם,false,0,5.90,1.18,true,1,
7290100700242,false,"אורז מלא עגול 1 ק""ג סוגת","סוגת תעשיות בע""\מ",IL,אורז מלא עגול,קילוגרמים,1.00,"ק""ג",false,0,8.80,8.80,true,1,
7290100700365,false,"שעועית אדומה 1 ק""ג סוגת",סוגת תעשיות בעמ,IL,שעועית אדומה 1קג,קילוגרמים,1.00,"ק""ג",false,0,21.60,21.60,true,1,
7290100700372,false,"אורז בסמטי מלא סוגת 1 ק""ג",האי נאם סי או אל.טי.,IL,אורז בסמטי מלא,קילוגרמים,1.00,"ק""ג",false,0,16.80,16.80,true,1,
7290100700396,false,"אורז יסמין קלאסי 1 ק""ג סוגת",האי נאם סי או אל.טי.,IL,אורז יסמין סוגת,קילוגרמים,1.00,"ק""ג",false,0,11.90,11.90,true,1,
7290100700402,false,"סוגת חומוס ענק 1 ק""ג",סוגת תעשיות בעמ,IL,חומוס ענק,קילוגרמים,1.00,"ק""ג",false,0,14.80,14.80,true,1,
7290100700419,false,"סוגת בורגול 1 ק""ג","סוגת תעשיות בע""\מ",IL,"בורגול 1 ק""ג",קילוגרמים,1.00,"ק""ג",false,0,7.40,7.40,true,1,
7290100700587,false,"בורגול ""סוגת"" 500 גרם",האי נאם סי או אל.טי.,IL,בורגול 500 גרם,גרמים,500.00,100 גרם,false,0,5.90,1.18,true,1,
7290100701454,false,גרישה בורגול דק סוגת 500 גרם,"סוגת תעשיות בע""\מ",IL,גרישה 500 גרם,גרמים,500.00,100 גרם,false,0,4.90,0.98,true,1,
7290100701881,false,קמח פיצה ופוקצ'ה- קמח חיטה לבן בהיר שטיבל,"שטיבל בע""\מ - טחנת קמח",IL,"קמח פיצה ופוקצ'ה 1 ק""ג",קילוגרמים,1.00,"ק""ג",false,0,7.80,7.80,true,1,
7290100702383,false,קמח תופח מס' 13 סוגת,"שטיבל בע""\מ - טחנות קמח",IL,"קמח תופח 1 ק""ג",קילוגרמים,1.00,"ק""ג",false,0,7.80,7.80,true,1,
7290100702611,false,פתיתים אפויים אורז סוגת 500 גרם,"אסיף תעשיות מזון בע""\מ",IL,פתיתים סוגת,גרמים,500.00,100 גרם,false,0,4.90,0.98,true,1,
7290100702628,false,פתיתים אפויים קוסקוס סוגת 500 גרם,"אסיף תעשיות מזון בע""\מ",IL,פתיתים סוגת,גרמים,500.00,100 גרם,false,0,4.90,0.98,true,1,
7290100850008,false,שוקולד חלב+סוכ.קופצות85ג,STRAUSS-ISRAEL,IL,שוקולד וסוכריות,גרמים,85.00,100 גרם,false,0,5.50,6.47,true,1,
7290100850343,false,מקופלת מיני שוק.חלב,STRAUSS-ISRAEL,IL,מיני מקופלת,גרמים,200.00,100 גרם,false,0,15.90,7.95,true,1,
7290100850411,false,חטיף מיני מיקס מעורב,שטראוס גרופ,IL,מיקס חטיפים,גרמים,190.00,100 גרם,false,0,15.90,8.37,true,1,
7290100850459,false,מיקס חטיפים 390 גרם,STRAUSS-ISRAEL,IL,מיקס חטיפים,גרמים,390.00,100 גרם,false,0,21.90,5.62,true,1,
7290100850909,false,דוריטוס נאצ'ו מקסיקני 70 גרם,"שטראוס פריטו ליי בע""\מ",IL,דוריטוס נאצ'ו,גרמים,70.00,100 גרם,false,0,3.60,5.14,true,1,
7290100850916,false,דוריטוס חמוץ חריף מעודן 70 גרם כשר לפסח,"שטראוס פריטו ליי בע""\מ )",IL,דוריטוס חמוץ ח,גרמים,70.00,100 גרם,false,0,3.60,5.14,true,1,
7290100850923,false,דוריטוס בטעם גריל 70 גרם,"שטראוס פריטו ליי בע""\מ )",IL,דוריטוס גריל,גרמים,70.00,100 גרם,false,0,3.60,5.14,true,1,
7290100850930,false,דוריטוס בטעם טבעי 70 גרם,"שטראוס פריטו ליי בע""\מ )",IL,חטיף דוריטוס דיפ,גרמים,70.00,100 גרם,false,0,3.60,5.14,true,1,
7290100852606,false,קפה טורקי 100*4 גרם,שטראוס קפה בי.ויn\.,IL,קפה טורקי 4 יח,גרמים,400.00,100 גרם,false,0,29.90,7.48,true,1,
7290100853689,false,בראוניס שוקולד עשירה380ג,STRAUSS-ISRAEL,IL,בראוניס שוקולד,גרמים,380.00,100 גרם,false,0,16.00,4.21,true,1,
7290100854266,false,שוקולד מריר 60%קקאו100ג,STRAUSS-ISRAEL,IL,שוקולד מריר,גרמים,100.00,100 גרם,false,0,7.40,7.40,true,1,
7290100856253,false,ממרח שוק.ל.תוס.סוכר300ג,שטראוס,IL,ממרח שוקולד פרה,גרמים,300.00,100 גרם,false,0,15.90,5.30,true,1,
7290100857045,false,שוק.ספלנדיד מריר קפה100ג,STRAUSS-ISRAEL,IL,שוקולד ספלנדיד,גרמים,100.00,100 גרם,false,0,10.90,10.90,true,1,
7290100858219,false,טבלת פסק זמן טראפלס110גר,STRAUSS-ISRAEL,IL,טבלת פסק זמן,גרמים,110.00,100 גרם,false,0,8.10,7.36,true,1,
7290100858226,false,טבלת פסק זמן קלאסי110גרם,STRAUSS-ISRAEL,IL,טבלת פסק זמן,גרמים,110.00,100 גרם,false,0,8.10,7.36,true,1,
7290100858592,false,אבקת קקאו עלית שקית 150 ג',הנסיך- מפעל לייצור ט,IL,קקאו עלית,גרמים,150.00,100 גרם,false,0,9.30,6.20,true,1,
7290100858608,false,אבקת קקאו עלית שקית 500 ג',שטראוס קפה בי.ויn\.,IL,קקאו עלית 500 גרם,גרמים,500.00,100 גרם,false,0,24.90,4.98,true,1,
7290100858653,false,מיקס חטיפים סגול 390 גרם,STRAUSS-ISRAEL,IL,מיקס חטיפים,גרמים,390.00,100 גרם,false,0,21.90,5.62,true,1,
7290100859209,false,מסטיק מאסט עלמה אוכמני28,שטראוס,IL,מסטיק מאסט,גרמים,28.00,100 גרם,false,0,4.30,15.36,true,1,
7290100921173,false,שמפו הוואי שמני הזנה700מ,טרופיקל דגיל,IL,שמפו הוואי שמני הזנה700מ,מיליליטרים,700.00,"100 מ""ל",false,0,9.90,1.41,true,1,
7290100921197,false,שמפו הוואי ביו רימון700מ,טרופיקל דגיל,IL,שמפו הוואי,מיליליטרים,700.00,"100 מ""ל",false,0,9.90,1.41,true,1,
7290100921258,false,"שמפו הוואי מרענן 700מ""ל",טרופיקל דגיל,IL,שמפו הוואי,מיליליטרים,700.00,"100 מ""ל",false,0,9.90,1.41,true,1,
7290100921418,false,"הוואי - מרכך קרטין מחזק 700 מ""ל",טרופיקל דגיל קוסמטיק,IL,מרכך הוואי,מיליליטרים,700.00,"100 מ""ל",false,0,9.90,1.41,true,1,
7290100921517,false,שמפו הוואי משקם ומטפח700,טרופיקל דגיל,IL,"שמפו הוואי שיאה 700 מ""ל",מיליליטרים,700.00,"100 מ""ל",false,0,9.90,1.41,true,1,
7290100921524,false,מרכך הוואי משקם ומטפח700,טרופיקל דגיל,IL,"מרכך הוואי שיאה 700 מ""ל",מיליליטרים,700.00,"100 מ""ל",false,0,9.90,1.41,true,1,
7290100921609,false,סוד סבון לאסלה 4 כדוריות בניחוח אוקיינוס 50 ג',"הנקל סוד בע""\מ",IL,סבון אסלה,גרמים,50.00,100 גרם,false,0,9.80,19.60,true,1,
7290100921616,false,סוד סבון לאסלה 4 כדוריות בניחוח אורנים 50 ג',הנקל סוד,IL,סבון אסלה,גרמים,50.00,100 גרם,false,0,9.80,19.60,true,1,
7290100921623,false,מנקה אסלה סוד 4 כדוריות נתלה אקונומיקה נתלה 50 ג',"הנקל סוד בע""\מ",IL,סבון אסלה,גרמים,50.00,100 גרם,false,0,9.80,19.60,true,1,
7290100921630,false,ג'ל לניקוי אסלות,,IL,ג'ל לניקוי אסלות,מיליליטרים,700.00,"100 מ""ל",false,0,10.80,1.54,true,1,
7290100921678,false,פרסיל סופר קאפס 14יח,,IL,פרסיל סופר קאפס 14יח,יחידה,1.00,יחידה,false,0,27.70,27.70,true,1,
7290100921692,false,סוד מרכך אדום 900מל,הנקל סוד,IL,סוד מרכך אדום,מיליליטרים,900.00,"100 מ""ל",false,1,12.90,1.43,true,1,
7290100921784,false,ג'ל רחצה הוואי אשכול750מ,טרופיקל דגיל,IL,ג'ל רחצה הוואי,מיליליטרים,750.00,"100 מ""ל",false,0,10.90,1.45,true,1,
7290100921791,false,ג'ל רחצה הוואי מלון 750,טרופיקל דגיל,IL,ג'ל רחצה הוואי,מיליליטרים,750.00,"100 מ""ל",false,0,10.90,1.45,true,1,
7290100922354,false,הוואי סבון מלון 100*4ג,טרופיקל דגיל,IL,סבון הוואי 4 יח,גרמים,400.00,100 גרם,false,0,14.80,3.70,true,1,
7290100922385,false,שמפו הוואי נקטר מזין 700,טרופיקל דגיל,IL,שמפו הוואי נקטר מזין 700,מיליליטרים,700.00,"100 מ""ל",false,0,9.90,1.41,true,1,
7290100922392,false,מרכך הוואי נקטר מזין 700,טרופיקל דגיל,IL,מרכך הוואי,מיליליטרים,700.00,"100 מ""ל",false,0,9.90,1.41,true,1,
7290100922408,false,תחליב רחצה הוואי נקטר750,טרופיקל דגיל,IL,תחליב רחצה הוואי נקטר750,מיליליטרים,750.00,"100 מ""ל",false,0,10.90,1.45,true,1,
7290100922538,false,הוואי סבון יוגורט100*4ג,טרופיקל דגיל,IL,4 סבון הוואי מוצ,גרמים,400.00,100 גרם,false,0,14.80,3.70,true,1,
7290100922545,false,שמפו הוואי קריסטל גלו700,טרופיקל דגיל,IL,שמפו הוואי קריסטל גלו700,מיליליטרים,700.00,"100 מ""ל",false,1,9.90,1.41,true,1,
7290100922552,false,מרכך הוואי קריסטל גלו700,טרופיקל דגיל,IL,מרכך הוואי,מיליליטרים,700.00,"100 מ""ל",false,1,9.90,1.41,true,1,
7290100923122,false,תח.רחצה הוואי יוגורט 750,טרופיקל דגיל,IL,תחליב רחצה הוואי,מיליליטרים,750.00,"100 מ""ל",false,0,10.90,1.45,true,1,
7290100923146,false,תחליב רחצה הוואי משי750מ,טרופיקל דגיל,IL,תחליב רחצה הוואי,מיליליטרים,750.00,"100 מ""ל",false,0,10.90,1.45,true,1,
7290100924204,false,"פרסיל אבקה לכביסה רגיל 8 ק""ג",פרסיל Persil,IL,אבקת כביסה פרסיל,קילוגרמים,8.00,"ק""ג",false,0,49.90,6.24,true,1,
7290100924549,false,סוד נוזל רצפות בריליאנט ורוד 1.25 ליטר,"הנקל סוד בע""\מ",ES,בריליאנט לרצפות,ליטרים,1.25,ליטר,false,1,18.90,15.12,true,1,
7290100924556,false,סוד נוזל רצפות בריליאנט כחול 1.25 ליטר,הנקל סוד,ES,בריליאנט לרצפות,מיליליטרים,1250.00,"100 מ""ל",false,1,18.90,1.51,true,1,
7290100924563,false,ג'ל לאסלה הסרת כתמים700,הנקל סוד,SI,סוד ג'ל לאסלה,מיליליטרים,700.00,"100 מ""ל",false,1,10.90,1.56,true,1,
7290100924587,false,ג'ל לאסלה הלבנה עוצמתית,הנקל סוד,SI,סוד ג'ל לאסלה,מיליליטרים,700.00,"100 מ""ל",false,1,10.90,1.56,true,1,
7290100924594,false,סוד מרכך מרוכז ורוד900מ,הנקל סוד,IL,סוד מרכך ורוד,מיליליטרים,900.00,"100 מ""ל",false,1,12.90,1.43,true,1,
7290100924600,false,סוד מרכך מרוכז כחול900מ,הנקל סוד,IL,סוד מרכך כחול,מיליליטרים,900.00,"100 מ""ל",false,1,12.90,1.43,true,1,
7290100924617,false,סוד מרכך מרוכז סגול900מ,הנקל סוד,IL,סוד מרכך סגול,מיליליטרים,900.00,"100 מ""ל",false,1,12.90,1.43,true,1,
7290100924693,false,סבון סוד 4 כדוריות מוצק כחול אקטיבי-אקנומיקה 50ג',"הנקל סוד בע""\מ",HU,סבון לאסלה כחול אקנומיקה,גרמים,50.00,100 גרם,false,1,9.80,19.60,true,1,
7290100924723,false,סוד ג'ל לאסלה לימון50מ,הנקל סוד,HU,סוד ג'ל לאסלה,מיליליטרים,50.00,"100 מ""ל",false,1,10.80,21.60,true,1,
7290100924778,false,פרסיל סופר קאפס 14יח,הנקל סוד,HU,פרסיל סופר קאפס,יחידה,1.00,יחידה,false,1,19.70,19.70,true,1,
7290100924815,false,סוד נוזל כלים קלאסי 650מ,קליר כימיקלים,IL,נוזל כלים קלאסי,מיליליטרים,650.00,"100 מ""ל",false,1,5.90,0.91,true,1,
7290100924822,false,סוד נוזל כלים לימון650מ,הנקל סוד,IL,נוזל כלים לימון,מיליליטרים,650.00,"100 מ""ל",false,1,5.90,0.91,true,1,
7290100925478,false,פרסיל ג'ל כביסה 5 ליטר,הנקל סוד,IL,פרסיל ג'ל כביסה,ליטרים,5.00,ליטר,false,0,54.90,10.98,true,1,
7290100925959,false,מרכך סוד מרוכז בייבי 1ל',הנקל סוד,TR,מרכך כביסה סוד,ליטרים,1.00,ליטר,false,0,17.50,17.50,true,1,
7290100925973,false,מרכך כב.סוד מרוכז ורוד1ל,הנקל סוד,,מרכך כביסה סוד,ליטרים,1.00,ליטר,false,0,14.90,14.90,true,1,
7290100926147,false,אבקת כביסה פרסיל קולור שקית 2.5 קג,"הנקל סוד בע""מ",IL,אבקת כביסה פרסיל,קילוגרמים,2.50,"ק""ג",false,0,24.90,9.96,true,1,
7290100928639,false,סוד נוזל רצפות בניחו,,IL,נוזל לרצפות כחול 2ל,ליטרים,2.00,ליטר,false,0,15.00,7.50,true,1,
7290100928646,false,סוד נוזל רצפות בניחוח מרכך ורוד2 ליטר,"הנקל סוד בע""מ",IL,סוד נוזל לרצפות,ליטרים,2.00,ליטר,false,0,15.00,7.50,true,1,
7290100928653,false,נוזל לרצפות צהוב 2ל,,IL,נוזל לרצפות צהוב 2ל,ליטרים,2.00,ליטר,false,0,15.00,7.50,true,1,
7290100928752,false,"נוזל הברקה למדיח 750 מ""ל",יושלם,IL,נוזל הברקה למדיח,מיליליטרים,750.00,"100 מ""ל",false,0,19.70,2.63,true,1,
7290100928820,false,שמפו הוואי לברק קורן 700,טרופיקל דגיל,IL,שמפו הוואי,מיליליטרים,700.00,"100 מ""ל",false,0,9.90,1.41,true,1,
7290100928837,false,מרכך הוואי לברק קורן 700,טרופיקל דגיל,IL,מרכך הוואי,מיליליטרים,700.00,"100 מ""ל",false,0,9.90,1.41,true,1,
7290100929681,false,ג'ל רח.הוואי גבר כתום750,טרופיקל דגיל,IL,ג'ל רחצה הוואי,מיליליטרים,750.00,"100 מ""ל",false,0,10.90,1.45,true,1,
7290100929698,false,ג'ל רח.הוואי גבר כחול750,טרופיקל דגיל,IL,ג'ל רחצה הוואי,מיליליטרים,750.00,"100 מ""ל",false,0,10.90,1.45,true,1,
7290100929728,false,מרכך ארומה סגול 900מל,סוד,IL,מרכך מרוכז ארומה,מיליליטרים,900.00,"100 מ""ל",false,0,14.80,1.64,true,1,
7290100929735,false,מרכך מרוכז ארומה,,IL,מרכך מרוכז ארומה,מיליליטרים,900.00,"100 מ""ל",false,0,14.80,1.64,true,1,
7290100929742,false,מרכך מרוכז ארומה,,IL,מרכך מרוכז ארומה,מיליליטרים,900.00,"100 מ""ל",false,0,14.80,1.64,true,1,
7290100929766,false,סומט קפסולות,,DE,סומט קפסולות,יחידה,1.00,יחידה,false,0,22.90,22.90,true,1,
7290101110163,false,גלידה בליסימו וניל עוגיות 1.3 ל' פלדמן,גלידות פלדמן,IL,גל.פלדמן,ליטרים,1.30,ליטר,false,0,21.70,16.69,true,1,
7290101110460,false,גלידה בליסימו וניל צרפתי 1.3 ל' פלדמן,גלידות פלדמן,IL,גל.פלדמן,ליטרים,1.30,ליטר,false,0,21.70,16.69,true,1,
7290101111429,false,גל.שוק.וניל דובדבן1.3כשל,גלידות פלדמן,IL,גל.פלדמן,ליטרים,1.30,ליטר,false,0,21.70,16.69,true,1,
7290101112075,false,מאגדת שייק מנגו פסיפלורה,גלידות פלדמן,IL,מאגדת שייק פירות,גרמים,480.00,100 גרם,false,0,31.90,6.65,true,1,
7290101112082,false,מאגדת שייק תות בננה 6יח',גלידות פלדמן,IL,מאגדת שייק פירות,גרמים,480.00,100 גרם,false,0,31.90,6.65,true,1,
7290101112099,false,מאגדת שייק יוגורט פרי יע,גלידות פלדמן,IL,מאגדת שייק פירות,גרמים,320.00,100 גרם,false,0,25.70,8.03,true,1,
7290101112167,false,מאגדת יוגורטיה 4 יח',גלידות פלדמן,IL,מאגדת יוגורטיה,גרמים,320.00,100 גרם,false,0,24.70,7.72,true,1,
7290101112211,false,מאגדת שייק אננס,גלידות פלדמן,IL,מאגדת שייק אננס,גרמים,480.00,100 גרם,false,0,31.90,6.65,true,1,
7290101112228,false,"שמיניית גלידל פרי אננס ""פלדמן""",הגלידות של פלדמן,IL,מאגדת גלידל פרי,יחידה,1.00,יחידה,false,48,26.80,26.80,true,1,
7290101112433,false,מאגדת מיקס חטיפים6יח',פלקו,IL,מאגדת מיקס,יחידה,1.00,יחידה,false,6,18.70,18.70,true,1,
7290101112518,false,שישיית גרניטה חלב אייס קפוצ'ינו פלדמן,גלידות פלדמן,IL,מאגדת אייס קפה,יחידה,1.00,יחידה,false,7,27.70,27.70,true,1,
7290101112525,false,מאגדת שלגוץ תות בננה 6יח,גלידות פלדמן,IL,מאגדת שלגוץ,יחידה,1.00,יחידה,false,7,24.70,24.70,true,1,
7290101484080,false,משקה אורז וניל 1ליטר,היין,IL,משקה אורז,ליטרים,1.00,ליטר,false,0,15.90,15.90,true,1,
7290101486688,false,חטיף דגנים עם שוקולד ללא גלוטן וסוכר פרי 5*20 גרם,טבעית מוצרים מן הטבע בעמ,IL,חטיף FREE עם שוקולד 5יח',גרמים,100.00,100 גרם,false,0,18.00,18.00,true,1,
7290101487470,false,לייד ס.סטיק אלוורה כחול,קולגייט-פלמוליב,US,דאודורנט סטיק,גרמים,45.00,100 גרם,false,0,19.90,44.22,true,1,
7290101488248,false,"ליידי ספיד סטיק - דאודורנט רול און לאישה ורוד פרש פיושן 50 מ""ל",ליידי ספיד סטיק Lady Speed Stick,MX,ליידי ספיד סטיק,מיליליטרים,50.00,"100 מ""ל",false,0,15.00,30.00,true,1,
7290101488255,false,ליידי ס.סטיק רולאון 50גר,קולגייט-פלמוליב,MX,דאודורנט,גרמים,50.00,100 גרם,false,0,15.00,30.00,true,1,
7290101489306,false,משקה שיבולת שועל 1 ליטר,היין,IL,משקה שיבולת שועל,ליטרים,1.00,ליטר,false,0,15.90,15.90,true,1,
7290101489313,false,רייס דרים מועשר בסידן 1ל,היין,BE,משקה רייס דרים,ליטרים,1.00,ליטר,false,0,15.90,15.90,true,1,
7290101580089,false,יין יוגב קברנה סוביניון,בנימינה Binyamina,IL,יוגב קברנה,מיליליטרים,750.00,"100 מ""ל",false,1,29.90,3.99,true,1,
7290101864127,false,"ספריי להסרת כתמים 750 מ""ל וניש קליה",קליה וניש Kalia Vanish,PL,וניש קליה ספריי,מיליליטרים,750.00,"100 מ""ל",false,0,14.90,1.99,true,1,
7290101865261,false,"נוזל הברקה למדיח פיניש 800 מ""ל",רקיט בנקיזר,PL,פיניש נוזל הברקה,מיליליטרים,800.00,"100 מ""ל",false,0,20.00,2.50,true,1,
7290101866176,false,קולון101 ג'ל כביסה3ליטר,רקיט בנקיזר,,קולון ג'ל,ליטרים,3.00,ליטר,false,0,24.90,8.30,true,1,
7290101866633,false,וניש קליה גל להסרת כתמים 3 ליטר אוקסיפרש,קליה וניש Kalia Vanish,,וניש קליה ג'ל,ליטרים,3.00,ליטר,false,0,24.90,8.30,true,1,
7290101866787,false,וניש קליה נוזל מסיר כתמים לכביסה לבנה 3 ליטר,קליה וניש Kalia Vanish,IL,וניש לכביסה לבנה,ליטרים,3.00,ליטר,false,0,24.90,8.30,true,1,
7290101868460,false,"אבקת כביסה 101 8 ק""ג קולון",רקיט בנקיזר,IL,"קולון 101 8 ק""ג",קילוגרמים,8.00,"ק""ג",false,0,49.40,6.18,true,1,
7290101868958,false,פיניש נוזל הברקה למדיח בניחוח לימון,רקיט בנקיזר,PL,פיניש נוזל הברקה,מיליליטרים,800.00,"100 מ""ל",false,0,20.00,2.50,true,1,
7290101868996,false,פיניש AIO הכל ב1 60טבליו,רקיט בנקיזר,PL,פיניש טבליות,יחידה,1.00,יחידה,false,1,39.90,39.90,true,1,
7290101869481,false,פיניש AIO הכל ב1 60+30טב,רקיט בנקיזר,PL,פיניש טבליות,יחידה,1.00,יחידה,false,1,39.90,39.90,true,1,
7290101869511,false,קולון גל כביסה לבנדר,רקיט בנקיזר,IL,קולון ג'ל לבנדר,ליטרים,3.00,ליטר,false,0,24.90,8.30,true,1,
7290101869528,false,קולון ג'ל כביסה מאסק 3ל',רקיט בנקיזר,IL,קולון ג'ל מאסק,ליטרים,3.00,ליטר,false,0,24.90,8.30,true,1,
7290101869733,false,פיניש ג'ל למדיח כלים בניחוח לימון 1 ליטר ALL IN 1,רקיט בנקיזר,PL,פיניש ג'ל למדיח,ליטרים,1.00,ליטר,false,1,35.00,35.00,true,1,
7290101869764,false,אירוויק מכשיר אוטומט+מילוי בניחוח חלום ליל קיץ,רקיט בנקיזר,PL,אירויק מכשיר,מיליליטרים,250.00,"100 מ""ל",false,1,34.90,13.96,true,1,
7290101869788,false,"אירוויק ספריי אוטומטי מילוי בניחוח אואזיס 250 מ""ל*",איירוויק Air Wick,PL,אירוויק מילוי,מיליליטרים,250.00,"100 מ""ל",false,1,14.90,5.96,true,1,
7290101869849,false,אירוויק ספריי אוטמטי חטאים מתוקים,רקיט בנקיזר,PL,אירוויק מילוי,מיליליטרים,19.00,"100 מ""ל",false,1,15.00,78.95,true,1,
7290101869900,false,איירוויק מילוי 250מל,רקיט בנקיזר,PL,אירוויק מילוי,מיליליטרים,250.00,"100 מ""ל",false,1,14.90,5.96,true,1,
7290101869962,false,"אירוויק מקלות ריחניים בניחוח חלום ליל קיץ 30 מ""ל",איירוויק Air Wick,PL,מקלות ריחניים,יחידה,1.00,יחידה,false,1,14.90,14.90,true,1,
7290101990451,false,סוכריות קופצות,,CN,סוכריות קופצות,גרמים,73.00,100 גרם,false,0,9.80,13.42,true,1,
7290102032334,false,אבקה להכנת משקה קפה בטעם וניל,שטראוס קפה בי.וי,IL,קפה נמס וניל 200 גרם,גרמים,200.00,100 גרם,false,0,26.70,13.35,true,1,
7290102033546,false,דוריטוס נאצ'ו 200 גרם,עלית,IL,דוריטוס נאצ'ו 200 גרם,גרמים,200.00,100 גרם,false,0,8.40,4.20,true,1,
7290102033553,false,דוריטוס חמוץ חריף 200גרם,עלית,IL,דוריטוס חמוץ חריף 200גרם,גרמים,200.00,100 גרם,false,0,8.40,4.20,true,1,
7290102035007,false,גומי לעיסה ללא סוכר בטעם בזוקה,STRAUSS-ISRAEL,IL,מסטיק מאסט,גרמים,28.00,100 גרם,false,0,4.30,15.36,true,1,
7290102060764,false,מרידול מברשת שיניים אריזת זוג,יבואן ומשווק: ש. שסט,CH,2 מברשות שיניים,יחידה,1.00,יחידה,false,0,20.00,20.00,true,1,
7290102060955,false,משחה מרידול משפחתי 100מל,קולגייט-פלמוליב,DE,משחת שיניים,מיליליטרים,100.00,"100 מ""ל",false,0,19.20,19.20,true,1,
7290102064380,false,מי פה מרידול הליטוזיס400,גאבה,DE,מי פה מרידול הליטוזיס400,מיליליטרים,400.00,"100 מ""ל",false,0,25.00,6.25,true,1,
7290102064403,false,משחת מרידול הליטוזיס 75מ,קולגייט-פלמוליב,DE,משחת מרידול,מיליליטרים,75.00,"100 מ""ל",false,0,15.00,20.00,true,1,
7290102390427,false,יוגורט ביו עם קציפת תות 3% שומן 150 ג' מולר,מולר Muller,IL,יוגורט מולר תות,מיליליטרים,150.00,"100 מ""ל",false,0,5.00,3.33,true,1,
7290102391844,false,יוגורט ביו עם קציפת פירות יער3% שומן 150 ג' מולר,מולר Muller,IL,יוגורט מולר,מיליליטרים,150.00,"100 מ""ל",false,0,5.00,3.33,true,1,
7290102392049,false,גבינה לאפיה תבור ללא תוספת מלח 5% משק צוריאל 500 גרם,מחלבת משק צוריאל,IL,תבור גבינה לאפיה,גרמים,500.00,100 גרם,false,0,24.00,4.80,true,1,
7290102392094,false,חלב עיזים 3.7% בקרטון משק צוריאל 1 ליטר,מחלבת משק צוריאל,IL,חלב עיזים קרטון,ליטרים,1.00,ליטר,false,0,14.90,14.90,true,1,
7290102392254,false,"חלב בקרטון 1% 2 ליטר בד""צ - מוצר בפיקוח",מילקו תעשיות בעמ,IL,חלב 1% בקרטון,ליטרים,2.00,ליטר,false,0,10.80,5.40,true,1,
7290102392728,false,יוגורט ביו ביאנקו 2.8% מולר 200 גרם,"טרה, פארק תעשיות בע""",IL,יוגורט לבן ביו,גרמים,200.00,100 גרם,false,0,4.00,2.00,true,1,
7290102393039,false,"יוגורט ביו קרמי מיקס פצפוצי שוקולד 7.6% מולר 170 מ""ל",קריות זול,IL,יוגורט מולר מיקס,גרמים,150.00,100 גרם,false,0,5.80,3.87,true,1,
7290102393060,false,"יוגורט ביו קרמי מיקס גלילי ופל ואגוזים 5.9% מולר 170 מ""ל",קריות זול,IL,יוגורט מולר מיקס,גרמים,150.00,100 גרם,false,0,5.80,3.87,true,1,
7290102393169,false,"יוגורט סימפלי פרוט בטעם תות 3% מולר 150 מ""ל",מולר Muller,IL,יוגורט מולר תות,גרמים,150.00,100 גרם,false,0,4.90,3.27,true,1,
7290102393190,false,"יוגורט סימפלי פרוט בטעם פירות יער 3% מולר 150 מ""ל",מילקו תעשיות בעמ,IL,יוגורט מולר,גרמים,150.00,100 גרם,false,0,4.90,3.27,true,1,
7290102393268,false,"גבינה לבנה 5% שומן, רכיבים טבעיים 750 גרם",הפריט בפיקוח,IL,גבינה לבנה 5%,גרמים,750.00,100 גרם,false,0,13.30,1.77,true,1,
7290102394081,false,"יוגורט ביו קרמי מיקס קורנפלקס מצופה שוקולד מולר 170 מ""ל",מילקו תעשייה בעמ,IL,יוגורט מולר מיקס,גרמים,180.00,100 גרם,false,0,5.80,3.22,true,1,
7290102394326,false,בולגרית 5% 250 גרם,משק צוריאל תבור,IL,בולגרית 5%,גרמים,250.00,100 גרם,false,0,14.70,5.88,true,1,
7290102394463,false,נעם גבינה צהובה פרוסה ואקום 28% טרה 500 גרם,Unknown,IL,גבינה צהובה 28%,גרמים,500.00,100 גרם,false,0,26.70,5.34,true,1,
7290102394821,false,נעם גבינה צהובה פרוסה 28% טרה 200 גרם,מילקו תעשיות בעמ,IL,גבינה צהובה דק,גרמים,200.00,100 גרם,false,0,15.30,7.65,true,1,
7290102394845,false,נעם גבינה צהובה לייט פרוסה דק דק 9% טרה 200 גרם,מילקו תעשיות בעמ,IL,גבינה צהובה דק9%,גרמים,200.00,100 גרם,false,0,14.80,7.40,true,1,
7290102395101,false,ממרח גבינה ושוקולד מוו טרה 200 גרם,מילקו תעשיות בעמ,IL,ממרח גבינה מו,גרמים,200.00,100 גרם,false,0,10.90,5.45,true,1,
7290102395217,false,"יוגורט ביאנקו 2% במתיקות מעודנת מולר 1.2 ק""ג",מולר Muller,IL,יוגורט מולר 8י,קילוגרמים,1.20,"ק""ג",false,0,17.90,14.92,true,1,
7290102395224,false,שמיניית יוגורט ביו ביאנקו 1.7% מולר 150 גרם,מולר Muller,IL,יוגורט ביאנקו 8י,קילוגרמים,1.20,"ק""ג",false,0,17.90,14.92,true,1,
7290102395231,false,שמיניית יוגורט ביו ביאנקו 2.8% מולר 150 גרם,מולר Muller,IL,יוגורט ביאנקו 8י,קילוגרמים,1.20,"ק""ג",false,0,17.90,14.92,true,1,
7290102395262,false,מארז 8 גביעים יוגורט בטעם תות שדה ואפרסק 3% Simply Fruit,מולר Muller,IL,מולר תות 8 יח,קילוגרמים,1.20,"ק""ג",false,0,29.60,24.67,true,1,
7290102395378,false,נעם גבינה צהובה פרוסה ואקום 28% טרה 360 גרם,טרה,IL,גבינה צהובה 28%,גרמים,360.00,100 גרם,false,0,19.40,5.39,true,1,
7290102395477,false,מעדן חלב בטעם שוקולד עם קצפת 123 ג' טרה,Unknown,IL,מו שוקולד וקצפת,גרמים,123.00,100 גרם,false,0,2.80,2.28,true,1,
7290102395521,false,"שמנת לבישול 15% שומן 500 מ""ל טרה",מילקו תעשיות בעמ,IL,שמנת לבישול,מיליליטרים,500.00,"100 מ""ל",false,0,15.70,3.14,true,1,
7290102395774,false,צפתית מעודנת5% 200 גרם,משק צוריאל תבור,IL,צפתית מעודנת 5%,גרמים,200.00,100 גרם,false,0,11.40,5.70,true,1,
7290102396245,false,יוגורט נטורל+פ.יער 150ג,טרה,IL,יוגורט נטורל,גרמים,150.00,100 גרם,false,1,3.90,2.60,true,1,
7290102396399,false,שמיניית מעדן שוקולד מוו 1.5% טרה 100 גרם,Unknown,IL,מעדן שוקולד 8 יח,גרמים,800.00,100 גרם,false,0,13.40,1.68,true,1,
7290102396405,false,מארז 8 יחידות מעדן חלב בטעם וניל 1.5%,Unknown,IL,מעדן וניל 8 יח,גרמים,800.00,100 גרם,false,0,13.40,1.68,true,1,
7290102396436,false,"מעדן מוו שוקולד 1.5% 125 גרם בד""צ",מילקו תעשיות בעמ,IL,מעדן שוקולד,גרמים,125.00,100 גרם,false,0,2.80,2.24,true,1,
7290102396443,false,"מעדן מוו וניל 1.5% 125 גרם בד""צ",מילקו תעשיות בעמ,IL,מעדן וניל,גרמים,125.00,100 גרם,false,0,2.80,2.24,true,1,
7290102396474,false,יוג.פרופ מלון בננ.תמר150,טרה,IL,יוגורט פרופ פרי,גרמים,150.00,100 גרם,false,0,5.00,3.33,true,1,
7290102396481,false,יוג.אפרסק/פסיפלו/אננס150,טרה,IL,יוגורט פרופ פרי,גרמים,150.00,100 גרם,false,0,5.00,3.33,true,1,
7290102396498,false,מעדן יוגורט תות מוו 125ג,מילקו תעשיות בעמ,IL,מעדן יוגורט תות,גרמים,125.00,100 גרם,false,0,2.80,2.24,true,1,
7290102396597,false,מעדן מוו וניל ומוס שוקולד טרה 118 גרם,טרה,IL,מעדן מו וניל,גרמים,123.00,100 גרם,false,0,2.80,2.28,true,1,
7290102396672,false,"גבנ""צ דק דק נעם פתיחה חוזרת 9% 360 גרם",מילקו תעשיות בעמ,IL,גבינה צהובה נעם,גרמים,360.00,100 גרם,false,1,24.90,6.92,true,1,
7290102396733,false,יוגורט0%סימפלי פ.יער150ג,מילקו תעשיות בעמ,IL,יוגורט פירות יער,גרמים,150.00,100 גרם,false,0,4.90,3.27,true,1,
7290102396757,false,שוקו מוו קרטון 1 ליטר,טרה,IL,שוקו מוו בקרטון,ליטרים,1.00,ליטר,false,0,9.90,9.90,true,1,
7290102396764,false,שוקו מוו קרטון 2 ליטר,טרה,IL,שוקו מוו 2 ליטר,ליטרים,2.00,ליטר,false,0,16.90,8.45,true,1,
7290102396924,false,מעדן מוו בננה+מוס שוק118,טרה,IL,מעדן מוו בננה,גרמים,118.00,100 גרם,false,1,2.80,2.37,true,1,
7290102396931,false,מעדן מוו בננה 1.5% 125גר,טרה,IL,מעדן מוו בננה,גרמים,125.00,100 גרם,false,1,2.80,2.24,true,1,
7290102397006,false,חלב במתיקות מעודנת3% 1ל',טרה,IL,חלב במתיקות 3%,ליטרים,1.00,ליטר,false,1,7.50,7.50,true,1,
7290102397150,false,משקה יוגsip.אפרסק/פספ250,טרה,IL,משקה יוגורט מולר,מיליליטרים,250.00,"100 מ""ל",false,1,5.10,2.04,true,1,
7290102397167,false,משקה יוגsip. תות בננה250,טרה,IL,משקה יוגורט מולר,מיליליטרים,250.00,"100 מ""ל",false,1,5.10,2.04,true,1,
7290102397174,false,משקה יוגsip. תפוז גזר250,טרה,IL,משקה יוגורט מולר,מיליליטרים,250.00,"100 מ""ל",false,1,5.10,2.04,true,1,
7290102397181,false,משקה יוגורט sip תות בננה,טרה,IL,משקה יוגורט מולר,מיליליטרים,750.00,"100 מ""ל",false,1,13.40,1.79,true,1,
7290102397204,false,"גבנ""צ דק דק נעם פתיחה חוזרת 22% 200 גרם",מילקו תעשיות בעמ,IL,גבינה צהובה נעם,גרמים,200.00,100 גרם,false,1,15.30,7.65,true,1,
7290103120658,false,דאודורנט ספיד סטיק גל שחור 85 גרם,הנסיך- מפעל לייצור ט,US,דאודורנט,גרמים,85.00,100 גרם,false,0,24.90,29.29,true,1,
7290103124588,false,"סבון נוזלי ארומה בניחוח לבנדר פטצ'ולי פלמוליב 750 מ""ל",הנסיך- מפעל לייצור ט,TH,סבון פלמוליב,מיליליטרים,750.00,"100 מ""ל",false,0,18.90,2.52,true,1,
7290103124601,false,"תחליב רחצה נוזל חלב ודבש משאבה 750מ""ל פלמוליב",הנסיך- מפעל לייצור ט,TH,סבון פלמוליב,מיליליטרים,750.00,"100 מ""ל",false,0,18.90,2.52,true,1,
7290103126674,false,משחה קולגייט הרבל ג'ל100,הנסיך- מפעל לייצור ט,BR,משחת שיניים,מיליליטרים,100.00,"100 מ""ל",false,0,12.50,12.50,true,1,
7290103126797,false,"משחת שיניים קולגייט סנסיטיב פרו רליף 75 מ""ל",הנסיך- מפעל לייצור ט,BR,משחת קולגייט,מיליליטרים,75.00,"100 מ""ל",false,0,25.30,33.73,true,1,
7290103129378,false,ספיד סטיק - דאודורנט ג'ל לגבר איקס 5 85 גרם,הנסיך- מפעל לייצור ט,MX,דאו. ספיד סטיק,גרמים,85.00,100 גרם,false,0,24.90,29.29,true,1,
7290103401382,false,קפה נמס פרא אפריקאי200גר,STRAUSS-ISRAEL,IL,קפה פרא אפריקאי,גרמים,200.00,100 גרם,false,0,24.90,12.45,true,1,
7290103401429,false,קפה קצב ברזילאי אוריגינס 200 גר,הנסיך- מפעל לייצור ט,IL,קפה נמס ברזילאי,גרמים,200.00,100 גרם,false,0,24.90,12.45,true,1,
7290103402815,false,אצבעות שוקולד+קרם חלב96ג,STRAUSS-ISRAEL,IL,אצבעות שוקולד,גרמים,96.00,100 גרם,false,0,7.60,7.92,true,1,
7290103402839,false,אצבעות שוקולד+עדשים96גרם,שטראוס,IL,אצבעות שוקולד,גרמים,96.00,100 גרם,false,0,7.60,7.92,true,1,
7290103403874,false,טבלת פסק זמן לבן 110 גרם,STRAUSS-ISRAEL,IL,טבלת פסק זמן,גרמים,110.00,100 גרם,false,0,8.10,7.36,true,1,
7290103404024,false,"אנרג'י שייפ אגוז ללת""ס",שטראוס,IL,חטיפי אנרג'י 6יח,גרמים,120.00,100 גרם,false,0,16.80,14.00,true,1,
7290103404758,false,סלט כרוב אדום במיונז אחלה 120 גרם,מיוצר עי קונדיטוריית,IL,כרוב אדום אחלה,גרמים,120.00,100 גרם,false,0,4.80,4.00,true,1,
7290103407209,false,תפוצ'יפס קידס 30*6 גרם,עלית,IL,תפוצ'יפס קידס6יח,גרמים,180.00,100 גרם,false,0,11.00,6.11,true,1,
7290103407223,false,אצבעות שוק+סוכ.קופצות96ג,STRAUSS-ISRAEL,IL,אצבעות שוקולד,גרמים,96.00,100 גרם,false,0,7.60,7.92,true,1,
7290103407421,false,פסק זמן ללא סוכר מאר,שטראוס גרופ,IL,פסק זמן שלישיה,גרמים,135.00,100 גרם,false,0,16.80,12.44,true,1,
7290103680701,false,יין תבור גוורצטרמינר,יקב תבור,IL,יין גוורצטרמינר,מיליליטרים,750.00,"100 מ""ל",false,0,29.90,3.99,true,1,
7290104060403,false,מסטיק מאסט בזוקה ענבים28,שטראוס גרופ,IL,מסטיק מאסט בזוקה,גרמים,28.00,100 גרם,false,0,4.30,15.36,true,1,
7290104061219,false,רבע לשבע אצבעות אגוז120ג,"שטראוס גרופ בע""מ",IL,רבע לשבע אגוז,גרמים,120.00,100 גרם,false,0,11.90,9.92,true,1,
7290104061431,false,סלט חומוס עם צנובר אחלה 400 גרם,"שטראוס גרופ בע""\מ",IL,חומוס צנובר אחלה,גרמים,400.00,100 גרם,false,0,10.90,2.73,true,1,
7290104061448,false,סלט חומוס עם חריף אחלה 400 גרם,מיוצר עי קונדיטוריית,IL,חומוס חריף אחלה,גרמים,400.00,100 גרם,false,0,10.90,2.73,true,1,
7290104062599,false,מארז 8 יחידות מעדן גמדים בטעמי תות ובננה,"שטראוס בריאות בע""\מ",IL,גמדים תות בננה,גרמים,800.00,100 גרם,false,0,18.50,2.31,true,1,
7290104062681,false,סוכריות מאסט פטל לימון80,MIESZKO S.A - MS. JO,PL,סוכריות מאסט,גרמים,80.00,100 גרם,false,0,7.50,9.38,true,1,
7290104064111,false,אנרג'י שייפ שוק.מריר 6יח,שטראוס,IL,חטיפי אנרג'י 6יח,גרמים,156.00,100 גרם,false,0,15.00,9.62,true,1,
7290104064630,false,דנונה תפוח 3% 150 גרם,שטראוס,IL,דנונה תפוח 3%,גרמים,150.00,100 גרם,false,0,4.90,3.27,true,1,
7290104066016,false,מעדן מילקי טופ עדשים 170 ג',"שטראוס גרופ בע""\מ",IL,מילקי טופ עדשים,מיליליטרים,170.00,"100 מ""ל",false,0,4.90,2.88,true,1,
7290104066566,false,טחינה משומשום מלא 500 ג' אחלה,מיוצר עי קונדיטוריית,IL,טחינה אחלה 500גר,גרמים,500.00,100 גרם,false,0,14.20,2.84,true,1,
7290104067198,false,ספלנדיד מריר 70%תפוז100ג,STRAUSS-ISRAEL,IL,שוקולד ספלנדיד,גרמים,100.00,100 גרם,false,0,10.90,10.90,true,1,
7290104068539,false,מאסט פליפטופ מלון ואבטיח ללא גרעינים,"שטראוס גרופ בע""מ",IL,מסטיק מאסט,גרמים,28.00,100 גרם,false,0,4.30,15.36,true,1,
7290104068546,false,גומי מאסט בטעם לימון קולה ללא סוכר 28 ג' עלית,"שטראוס גרופ בע""מ",IL,מסטיק מאסט,גרמים,28.00,100 גרם,false,0,4.30,15.36,true,1,
7290104500572,false,אפרופו חטיף תירס איטליאנו אסם 50 גרם,מיוצר עי קונדיטוריית,,אפרופו איטליאנו,גרמים,50.00,100 גרם,false,0,5.10,10.20,true,1,
7290104502903,false,ביסקוויט ללא גלוטן 200גר,אסם,IL,ביסקוויט,גרמים,200.00,100 גרם,false,0,11.90,5.95,true,1,
7290104504228,false,מיני דובונים אסם 100 גרם מארז 5 יחידות,"אסם השקעות בע""\מ",IL,מיני דובונים 5יח,גרמים,100.00,100 גרם,false,0,13.00,13.00,true,1,
7290104508943,false,במבה חטיף בוטנים אסם 200 גרם,"אסם השקעות בע""\מ",IL,במבה חטיף בוטנים,גרמים,200.00,100 גרם,false,0,8.40,4.20,true,1,
7290104570162,false,תמרים ללא חרצנים תמר כבוש 500 גרם,תמר העמקים בית שאן,IL,תמר כבוש500גרם,גרמים,500.00,100 גרם,false,0,16.90,3.38,true,1,
7290104722219,false,עוגת יומולדת ק.שוקולד330,"שטראוס גרופ בע""\מ.",IL,עוגת יומולדת,גרמים,330.00,100 גרם,false,0,16.20,4.91,true,1,
7290104723353,false,מארז קפה טורקי לדרך140גר,עלית,IL,מארז טורקי לדרך,גרמים,140.00,100 גרם,false,0,16.00,11.43,true,1,
7290104725845,false,דנכול בטעם מעודן 100*6ג,שטראוס,IL,דנכול 6 יח,גרמים,600.00,100 גרם,false,0,22.00,3.67,true,1,
7290104726224,false,גלי לימבו בטעם פטל 1,STRAUSS-ISRAEL,IL,לימבו פטל,גרמים,125.00,100 גרם,false,0,2.10,1.68,true,1,
7290104726262,false,רביעייה מעדן דני שוקולד דיסני לבנים 125 גרם,מיוצר עי קונדיטוריית,IL,דני לשתיה 4 יח,גרמים,500.00,100 גרם,false,0,10.90,2.18,true,1,
7290104726712,false,מארז 8 יחידות מעדן מילקי בטעם שוקולד עם קצפת,"שטראוס גרופ בע""\מ",IL,מארז מילקי 8 יח',ליטרים,1.36,ליטר,false,0,20.90,15.37,true,1,
7290104728242,false,צ'יקו תחליף קפה 130 גרם,STRAUSS-ISRAEL,IL,צ'יקו תחליף קפה 130 גרם,גרמים,130.00,100 גרם,false,0,22.90,17.62,true,1,
7290104728310,false,"שמנת מתוקה עמידה 38% שומן ""יטבתה"" -מוצר בפיקוח",מחלבת יטבתה,IL,שמנת עמידה לקצפת,גרמים,250.00,100 גרם,false,0,5.95,2.38,true,1,
7290104728747,false,החומוסיה של אבי חלק400ג,שטראוס,IL,החומוסיה של אבי,גרמים,400.00,100 גרם,false,0,10.90,2.73,true,1,
7290104729539,false,אנרג'י אגוזים+שוק.חלב6יח,שטראוס,IL,חטיפי אנרג'י,גרמים,180.00,100 גרם,false,0,15.00,8.33,true,1,
7290104852046,false,"גביעי יין לקידוש ח""פ5יח",,IL,גביעי יין לקידוש,יחידה,1.00,יחידה,false,0,8.00,8.00,true,1,
7290104852718,false,כוס קרטון +מכסה 20 יח,,IL,כוס קרטון +מכסה 20 יח,יחידה,1.00,יחידה,false,0,14.20,14.20,true,1,
7290104960246,false,"נקה 7 - תחליב רחצה ורד ויסמין 750 מ""ל",טרופיקל דגיל תעשיות קוסמ,IL,תחליב רחצה נקה 7,מיליליטרים,750.00,"100 מ""ל",false,0,9.90,1.32,true,1,
7290104960253,false,"תחליב רחצה נקה 7 לבנדר סגול 750מ""ל",טרופיקל דגיל תעשיות קוסמ,IL,תחליב רחצה נרה 7,מיליליטרים,750.00,"100 מ""ל",false,0,9.90,1.32,true,1,
7290104960338,false,"נקה 7 תחליב רחצה ארומה אלוורה ותה ירוק 750מ""ל",טרופיקל דגיל תעשיות קוסמ,IL,תחליב רחצה נקה 7,מיליליטרים,750.00,"100 מ""ל",false,0,9.90,1.32,true,1,
7290104960970,false,דאודורנט ספריי טיטניום מטאל Titanium Metal,אמיליה קוסמטיקס בעמ,,דאו.טיטניום,מיליליטרים,150.00,"100 מ""ל",false,0,14.90,9.93,true,1,
7290104961243,false,"נקה 7 תחליב רחצה מגע קטיפה קוקוס ליים 750 מ""ל",טרופיקל דגיל תעשיות קוסמ,IL,תחליב רחצה,מיליליטרים,750.00,"100 מ""ל",false,0,9.90,1.32,true,1,
7290104961526,false,דאודורנט ספריי גוף טיטניום קלאסיק Titanium Classic,"אמיליה קוסמטיקס בע""מ",IL,טיטניום ספריי,מיליליטרים,150.00,"100 מ""ל",false,0,10.00,6.67,true,1,
7290104961878,false,"שמפו לשיער קרטין אינטנס פורמולה 400 מ""ל נטורל",נטורל פורמולה Natural Formula,IL,שמפו קרטין,מיליליטרים,400.00,"100 מ""ל",false,0,29.90,7.48,true,1,
7290104961991,false,"סבון בניחוח חמאה שיאה שחור נקה 7 שלישייה * 500 מ""ל",אמיליה קוסמטיקס,IL,נקה 7 סבון 3 יח,ליטרים,1.50,ליטר,false,0,19.70,13.13,true,1,
7290104962073,false,דאודורנט ספריי גוף טיטניום גולד Titanium Gold,"אמיליה קוסמטיקס בע""מ",IL,דאו.טיטניום,מיליליטרים,180.00,"100 מ""ל",false,0,14.90,8.28,true,1,
7290104962110,false,דאודורנט קרליין ספריי נושם לנערות ללא אלומיניום,מיוצר עי : אמיליה קוסמטי,IL,ספריי נושם,מיליליטרים,150.00,"100 מ""ל",false,0,12.90,8.60,true,1,
7290104962134,false,דאודורנט קרליין רול און נושם לנערות ללא אלומיניום,מיוצר עי : אמיליה קוסמטי,IL,רול און נושם,מיליליטרים,75.00,"100 מ""ל",false,0,12.90,17.20,true,1,
7290104962844,false,"שמפו אמפולה לטיפול אינטנסיבי לשיער יבש, צבוע ופגום",נטורל פורמולה Natural Formula,IL,שמפו אמפולה,מיליליטרים,400.00,"100 מ""ל",false,1,29.90,7.48,true,1,
7290104962868,false,"מסכת אמפולה לטיפול אינטנסיבי לשיער יבש, צבוע ופגום",נטורל פורמולה Natural Formula,IL,מסכת אמפולה,מיליליטרים,350.00,"100 מ""ל",false,1,40.00,11.43,true,1,
7290105180193,false,בקבוק יחיד ללא ביספינול סדרות שונות,אריסטוקרט,IL,"בקבוק צר 125מ""ל",יחידה,1.00,יחידה,false,0,6.80,6.80,true,1,
7290105362193,false,עוגות אישיות מגולגלות245,עלית,IL,עוגות אישיות,גרמים,245.00,100 גרם,false,0,13.80,5.63,true,1,
7290105362339,false,"שמנת לבישול 15% 250 מ""ל יטבתה מהדרין",מחלבת יטבתה,IL,שמנת לבישול 15%,מיליליטרים,250.00,"100 מ""ל",false,0,8.40,3.36,true,1,
7290105364289,false,מקלות כיף כף פצפוצים עלית 40 גרם,שולן צ'\יקולטה גידה סאן.,IL,כיף כף מקלות,גרמים,40.00,100 גרם,false,0,4.60,11.50,true,1,
7290105364302,false,"עלית חטיף שוקולד כיף כף מקלות אגוזים, 40 גרם",שולן צ'\יקולטה גידה סאן.,IL,כיף כף מקלות,גרמים,42.00,100 גרם,false,0,4.60,10.95,true,1,
7290105364678,false,"אקטיביה משקה יוגורט בטעם אפרסק שטראוס 250 מ""ל",מיוצר עי קונדיטוריית,IL,משקה אקטיביה,מיליליטרים,250.00,"100 מ""ל",false,0,4.90,1.96,true,1,
7290105364784,false,שוקולד ביסקוויט לבן 100ג,STRAUSS-ISRAEL,IL,שוקולד ביסקוויט,גרמים,100.00,100 גרם,false,0,5.70,5.70,true,1,
7290105364890,false,שוק.מריר 60%ללא סוכר100ג,שטראוס,IL,שוקולד מריר,גרמים,100.00,100 גרם,false,0,9.40,9.40,true,1,
7290105366047,false,טחינה לבנה אחלה 400 גרם,מיוצר עי קונדיטוריית,IL,טחינה לבנה,גרמים,400.00,100 גרם,false,0,15.90,3.98,true,1,
7290105366054,false,טחינה עם פטרוזיליה 400גר,"שטראוס גרופ בע""\מ",IL,טחינה+פטרוזיליה,גרמים,400.00,100 גרם,false,0,15.90,3.98,true,1,
7290105366061,false,חציל בלאדי עם טחינה400גר,שטראוס,IL,חציל בלאדי+טחינה,גרמים,400.00,100 גרם,false,0,15.90,3.98,true,1,
7290105366504,false,אצבעות שוקולד לבן 96 גרם,שטראוס,IL,אצבעות שוקולד,גרמים,96.00,100 גרם,false,0,7.60,7.92,true,1,
7290105366986,false,סימפ.חציל קלוי ושום 200ג,שטראוס,IL,סימפוניה חציל,גרמים,200.00,100 גרם,false,0,10.90,5.45,true,1,
7290105367020,false,סימפוניה טבעי 25% 210גרם,שטראוס,IL,גבינת סימפוניה,גרמים,210.00,100 גרם,false,0,12.80,6.10,true,1,
7290105367600,false,דנונה דיאט אכמניות תחתית,שטראוס,IL,דנונה פרי 3%,גרמים,150.00,100 גרם,false,0,4.90,3.27,true,1,
7290105368331,false,מעדן מילקי בטעם תות עם קצפת,מחלבת אחיהוד,IL,מילקי טעם תות,מיליליטרים,170.00,"100 מ""ל",false,0,2.80,1.65,true,1,
7290105368355,false,מילקי שוקולד עשיר 133גרם,שטראוס,IL,מילקי שוקולד,גרמים,133.00,100 גרם,false,1,3.90,2.93,true,1,
7290105368379,false,מילקי שוקולד ופצופצים133,שטראוס,IL,מילקי שוקולד,גרמים,133.00,100 גרם,false,1,3.90,2.93,true,1,
7290105368485,false,חומוס לניגוב+מטבוחה 400ג,שטראוס,IL,חומוס לניגוב,גרמים,400.00,100 גרם,false,0,10.90,2.73,true,1,
7290105368881,false,חלב יטבתה מועשר3% 1.75ל,שטראוס,IL,חלב יטבתה מועשר,ליטרים,1.75,ליטר,false,0,13.10,7.49,true,1,
7290105368904,false,"שמנת מתוקה להקצפה 32% שומן 250 מ""ל יוטבתה",שטראוס גרופ,IL,שמנת מתוקה32%,מיליליטרים,250.00,"100 מ""ל",false,0,7.60,3.04,true,1,
7290105368928,false,שמנת 9% יטבתה 200 ג' מהדרין,שטראוס גרופ,IL,שמנת 9% יטבתה,מיליליטרים,200.00,"100 מ""ל",false,0,3.10,1.55,true,1,
7290105369147,false,שוק.ספלנדיד פירות יער100,STRAUSS-ISRAEL,IL,שוקולד ספלנדיד,גרמים,100.00,100 גרם,false,0,10.90,10.90,true,1,
7290105369802,false,צ'יטוס קראנצ' גבינה30*6ג,עלית,IL,צ'יטוס מארז 6 יח,גרמים,180.00,100 גרם,false,0,11.00,6.11,true,1,
7290105430458,false,"פלמוליב - תחליב רחצה נטורלס שקדים 750 מ""ל",הנסיך- מפעל לייצור ט,TR,סבון פלמוליב,מיליליטרים,750.00,"100 מ""ל",false,0,18.90,2.52,true,1,
7290105430496,false,ליידי ספיד סטיק סטיינגארד ספריי,קולגייט-פלמוליב,IL,דאו.ספיד סטיק,מיליליטרים,165.00,"100 מ""ל",false,0,15.00,9.09,true,1,
7290105430502,false,ספיד סטיק סטיין גארד סטיק 50 גרם,קולגייט-פלמוליב,IL,דאו.ספיד סטיק,גרמים,50.00,100 גרם,false,0,19.90,39.80,true,1,
7290105431868,false,"פלמוליב ספא קוקוס גרגרים נוזלי 500 מ""ל",הנסיך- מפעל לייצור ט,TR,פלמוליב ספא,מיליליטרים,500.00,"100 מ""ל",false,0,15.00,3.00,true,1,
7290105431950,false,ליידי ספיד סטיק פרש אסנס דאו ספריי פרפקט,קולגייט-פלמוליב,IL,ליידי ספיד סטיק,מיליליטרים,150.00,"100 מ""ל",false,0,15.00,10.00,true,1,
7290105434012,false,ספיד סטיק נוטרו סטיק 50,קולגייט-פלמוליב,US,דאו.ספיד סטיק,גרמים,50.00,100 גרם,false,0,19.90,39.80,true,1,
7290105434067,false,ספיד סטיק - דאודורנט סטיק לגבר XL אושן סרף 85 גרם,קולגייט פלמוליב,,דאו. ספיד סטיק,יחידה,1.00,יחידה,false,0,24.90,24.90,true,1,
7290105437150,false,מי פה קומפליט קייר500מל,קולגייט-פלמוליב,BR,מי פה פלקס,מיליליטרים,500.00,"100 מ""ל",false,1,31.60,6.32,true,1,
7290105438539,false,קוקי נייר אפייה 40 דפים,אופל אריזות,IL,קוקי נייר אפיה,יחידה,1.00,יחידה,false,0,9.90,9.90,true,1,
7290105438546,false,קוקי נייר אפייה פרימיום 40 יח',אופל אריזות,IL,קוקי נייר אפיה,יחידה,1.00,יחידה,false,0,10.90,10.90,true,1,
7290105439345,false,תבנית אפיה חד פעמי מלבני,.,IL,תבנית אפיה,יחידה,1.00,יחידה,false,1,2.50,2.50,true,1,
7290105439369,false,"תבנית אפיה ח""פ אינגליש ק",.,IL,תבנית אפיה,יחידה,1.00,יחידה,false,1,2.20,2.20,true,1,
7290105439376,false,תבנית אפיה חד פעמי מתומן,.,IL,תבנית אפיה,יחידה,1.00,יחידה,false,1,2.90,2.90,true,1,
7290105474056,false,לה קט מוס סלמון 155 גר',PRODUCTS FOOD HIQ,IL,לה קט מעדן מוס,גרמים,155.00,100 גרם,false,0,5.90,3.81,true,1,
7290105690715,false,מרק נמס תירס 27*2גרם,אסם,IL,מרק נמס תירס,גרמים,54.00,100 גרם,false,0,6.30,11.67,true,1,
7290105691088,false,ביסלי גריל 70*3 גרם,אסם,IL,ביסלי גריל 3 יח,גרמים,210.00,100 גרם,false,0,10.90,5.19,true,1,
7290105691415,false,בייגלה שמיניות ללא גלוטן,"אסם השקעות בע""\מ",IL,בייגלה שמיניות,גרמים,250.00,100 גרם,false,0,13.80,5.52,true,1,
7290105691934,false,קמח שמרים אסם 1 קילו,תאי פרזידנט פוד פאבל,IL,"קמח שמרים 1 ק""ג",קילוגרמים,1.00,"ק""ג",false,0,9.40,9.40,true,1,
7290105693341,false,מארז עשיריית במבה אסם 25*10 גרם,"אסם השקעות בע""\מ",,במבה 10 יח,גרמים,250.00,100 גרם,false,0,14.90,5.96,true,1,
7290105693457,false,עוגת הבית דמקה שוקו וניל אסם 320 גרם,מיוצר עי קונדיטוריית,IL,עוגת הבית,גרמים,320.00,100 גרם,false,0,11.90,3.72,true,1,
7290105694775,false,טריקס פירות דגני תירס480,ג'נרל מילס,US,טריקס בטעם פירות,גרמים,480.00,100 גרם,false,0,24.40,5.08,true,1,
7290105694904,false,אבקת מרק פטריות רכיבים טבעיים 220 ג' אסם,"אסם השקעות בע""\מ",IL,מרק פטריות רכיבים טבעיים,גרמים,220.00,100 גרם,false,0,17.60,8.00,true,1,
7290105694928,false,אבקת מרק בצל רכיבים טבעיים אסם 220 גרם,"אסם השקעות בע""\מ",IL,מרק בצל,גרמים,220.00,100 גרם,false,0,17.60,8.00,true,1,
7290105695024,false,אסם פתיתים אפויים אורז עם איטריות 500 גר,"אסם השקעות בע""\מ",IL,פתיתים אפויים,גרמים,500.00,100 גרם,false,0,6.90,1.38,true,1,
7290105695215,false,מרק נמס XL ירקות+שקד מרק,אסם,IL,מרק נמס XL,גרמים,28.00,100 גרם,false,0,3.70,13.21,true,1,
7290105695321,false,עוגת הבית בראוניס פאדג' אסם 380 גרם,מיוצר עי קונדיטוריית,IL,עוגת בראוניס,גרמים,380.00,100 גרם,false,0,16.00,4.21,true,1,
7290105695994,false,"רוטב סויה טבעי 290מ""ל אסם","אסם השקעות בע""\מ",IL,רוטב סויה טבעי,מיליליטרים,290.00,"100 מ""ל",false,0,14.40,4.97,true,1,
7290105961518,false,עוגת שוקו קרם טראפלס330ג,עלית,IL,עוגת שוקו,גרמים,330.00,100 גרם,false,0,15.00,4.55,true,1,
7290105961525,false,שוק.ספלנדיד מריר85% 100ג,"שטראוס גרופ בע""\מ",IL,שוקולד ספלנדיד,גרמים,100.00,100 גרם,false,0,10.90,10.90,true,1,
7290105964915,false,פופקורן טבעי 80 גרם,שטראוס,IL,פופקורן טבעי,גרמים,80.00,100 גרם,false,0,5.10,6.38,true,1,
7290105965509,false,ספלנדיד מריר 62% עם מוס גאנדויה,שטראוס גרופ,IL,שוקולד ספלנדיד,גרמים,105.00,100 גרם,false,1,10.90,10.38,true,1,
7290105965516,false,ספלנדיד חלב 36% עם מוס אספרסו,שטראוס גרופ,IL,שוקולד ספלנדיד,גרמים,105.00,100 גרם,false,1,10.90,10.38,true,1,
7290105965707,false,דנונה לשתיה תות בננה850ג,שטראוס,IL,דנונה לשתיה,גרמים,850.00,100 גרם,false,0,14.40,1.69,true,1,
7290105965738,false,יוגורט לשתיה בטעם תות בננה267 ג' דנונה,מיוצר עי קונדיטוריית,IL,דנונה לשתיה,גרמים,267.00,100 גרם,false,0,5.00,1.87,true,1,
7290105966377,false,"משקה סחלב מהדרין 850 מ""ל",יטבתה,IL,משקה סחלב,מיליליטרים,850.00,"100 מ""ל",false,0,11.10,1.31,true,1,
7290105968449,false,עוג.אישיות מגולג.טופי245,עלית,IL,עוגות אישיות,גרמים,245.00,100 גרם,false,1,13.80,5.63,true,1,
7290105968630,false,"אנרגי אגוז מצופה ללת""ס",עלית,IL,חטיפי אנרג'י,גרמים,168.00,100 גרם,false,0,16.80,10.00,true,1,
7290105968654,false,רביולי בטטה פרווה פסטה נונה 400 ג',מיוצר עי קונדיטוריית,IL,רביולי בטטה 400ג,גרמים,400.00,100 גרם,false,0,19.90,4.98,true,1,
7290105968777,false,פריכיות 5 דגנים עם תחתית שוקולד מריר 70 גרם,"טחנת האבן תעשיות בע""",IL,פריכיות אנרג'י,גרמים,70.00,100 גרם,false,0,7.80,11.14,true,1,
7290106504479,false,36 תחבושות אולוויז לילה,פרוקטר & גמבל,ES,תחבושות אולוויז,יחידה,1.00,יחידה,false,1,36.90,36.90,true,1,
7290106504783,false,פמפרס פרימיום מידה4 20*4,פרוקטר & גמבל,IL,רביעיית פמפרס,יחידה,1.00,יחידה,false,1,89.90,89.90,true,1,
7290106520011,false,חיוכים שוקו וניל 600 גרם,עלית,IL,חיוכים שוקו וניל,גרמים,600.00,100 גרם,false,0,17.90,2.98,true,1,
7290106520066,false,"רבע לשבע שוקולד חלב במילוי אגוזים עלית 160 גרם בד""צ","הגביע מוצרי וופלים בע""\מ",IL,רבע לשבע 160 גרם,גרמים,160.00,100 גרם,false,0,11.90,7.44,true,1,
7290106520295,false,דנונה פרו לבן 2.9% 150גר,STRAUSS-ISRAEL,IL,דנונה פרו לבן,גרמים,150.00,100 גרם,false,1,4.90,3.27,true,1,
7290106520417,false,JOYבר שוקולד+ופל מצופ140,שטראוס,IL,JOY בר שוקולד,גרמים,140.00,100 גרם,false,1,4.20,3.00,true,1,
7290106520424,false,JOY בר שוקו.מריר+אגוז140,שטראוס,IL,JOY בר שוקולד,גרמים,140.00,100 גרם,false,1,4.20,3.00,true,1,
7290106520462,false,עוגיות אישיות מילקי,TSC,IT,מילקי קייק 4יח,גרמים,136.00,100 גרם,false,1,10.90,8.01,true,1,
7290106520813,false,תפוצ'יפס בטעם טבעי 50*6ג,"שטראוס פריטו ליי בע""\מ )",IL,תפוצ'יפס 6 יח,גרמים,300.00,100 גרם,false,0,14.60,4.87,true,1,
7290106520899,false,חציל בלאדי במיונז400ג,שטראוס,IL,חציל בלאדי אחלה,גרמים,400.00,100 גרם,false,0,15.90,3.98,true,1,
7290106520912,false,"שמנת 9% לבישול יטבתה 250 מ""ל מהדרין",מחלבת יטבתה,IL,שמנת לבישול 9%,מיליליטרים,250.00,"100 מ""ל",false,0,8.40,3.36,true,1,
7290106521049,false,אחלה טעמי השוק קוביות סלק 400 גר,מיוצר עי קונדיטוריית,IL,סלט קוביות סלק,גרמים,400.00,100 גרם,false,0,15.90,3.98,true,1,
7290106523142,false,יוג.יווני טבעי7% 130*4גר,שטראוס,IL,יוגורט יווני 4יח,גרמים,520.00,100 גרם,false,0,13.00,2.50,true,1,
7290106523432,false,דוריטוס דיפ טבעי 200 גרם,עלית,IL,דוריטוס דיפ טבעי 200 גרם,גרמים,200.00,100 גרם,false,0,8.40,4.20,true,1,
7290106525504,false,חטיף טעמי חלב עם שבר,שטראוס גרופ,IL,טעמי בייגלה,גרמים,42.00,100 גרם,false,0,3.90,9.29,true,1,
7290106525962,false,חומוס אבי תטבילה 400גרם,שטראוס,IL,חומוס אבי תטבילה,גרמים,400.00,100 גרם,false,0,10.90,2.73,true,1,
7290106526327,false,"שמן זית כתית מעולה650מ""ל",יד מרדכי,IL,שמן זית,מיליליטרים,650.00,"100 מ""ל",false,0,29.90,4.60,true,1,
7290106528864,false,מאסט פפרמינט ממולא25גרם,שטראוס,IL,מסטיק מאסט,גרמים,25.00,100 גרם,false,1,4.90,19.60,true,1,
7290106571037,false,"מאגדת גומיגם 5יח כשל""פ",גלידות נסטלה )נגה גלידות,IL,מאגדת גומיגם,גרמים,450.00,100 גרם,false,0,28.50,6.33,true,1,
7290106571273,false,מאגדת קראנצ שוקולד5יכשלפ,נסטלה,IL,מאגדת קראנצ שוקולד5יכשלפ,גרמים,360.00,100 גרם,false,0,34.70,9.64,true,1,
7290106571563,false,אפרופו משפחתי 200 גר',"אסם השקעות בע""\מ",IL,אפרופו,גרמים,200.00,100 גרם,false,0,11.00,5.50,true,1,
7290106571877,false,בייגלה שטוחים 60*6 גרם,אסם,IL,בייגלה שטוח 6 יח,גרמים,360.00,100 גרם,false,0,14.30,3.97,true,1,
7290106571907,false,פיטנס עוגיות שוקולד ציפס,מיוצר עי קונדיטוריית,IL,עוגיות פיטנס,גרמים,180.00,100 גרם,false,0,11.90,6.61,true,1,
7290106571945,false,עוג.שוקולד מריר פיטנס180,"אסם תעשיות בע""מ",IL,עוגיות פיטנס,גרמים,180.00,100 גרם,false,1,11.90,6.61,true,1,
7290106572652,false,דובונים גן חיות 40 גרם,"אסם תעשיות בע""מ",IL,דובונים גן חיות,גרמים,40.00,100 גרם,false,0,4.30,10.75,true,1,
7290106573086,false,קוסקוס בינוני אמיתי 350X2ג' אסם,"מיוצר ע""י קוד יצרן K",IL,קוסקוס 2 יח,גרמים,700.00,100 גרם,false,0,12.80,1.83,true,1,
7290106573574,false,חומוס ירושלמי צבר 400גרם,סלטי צבר,IL,חומוס צבר,גרמים,400.00,100 גרם,false,0,10.80,2.70,true,1,
7290106573598,false,צבר חומוס לבנוני 400 גרם,סלטי צבר,IL,חומוס לבנוני צבר,גרמים,400.00,100 גרם,false,0,11.20,2.80,true,1,
7290106573642,false,חומוס צנובר צבר 400 גרם,סלטי צבר,IL,חומוס צנובר,גרמים,400.00,100 גרם,false,0,11.90,2.98,true,1,
7290106573819,false,חומוס אבו גוש צבר 400 גר,סלטי צבר,IL,חומוס אבו גוש,גרמים,400.00,100 גרם,false,0,10.90,2.73,true,1,
7290106573963,false,ביסלי ברביקיו 67*3 גרם,אסם,IL,ביסלי ברבקיו 3יח,גרמים,201.00,100 גרם,false,0,10.90,5.42,true,1,
7290106574793,false,עוגת הבית בטעם שוקו-שוקוצ'יפס 350 ג' אסם,מיוצר עי קונדיטוריית,IL,עוגת הבית,גרמים,350.00,100 גרם,false,0,11.90,3.40,true,1,
7290106574953,false,בייגלה שטוחים כעכים שטוחים עם שומשום,מיוצר עי קונדיטוריית,IL,בייגלה שטוחים,גרמים,300.00,100 גרם,false,0,10.50,3.50,true,1,
7290106574977,false,בייגלה שטוחים כעכים שטוחים עם מלח,מיוצר עי קונדיטוריית,IL,בייגלה שטוחים,גרמים,300.00,100 גרם,false,0,10.50,3.50,true,1,
7290106576513,false,חומוס חלק צבר 400 גר,סלטי צבר,IL,חומוס צבר,גרמים,400.00,100 גרם,false,0,9.50,2.38,true,1,
7290106576537,false,חומוס מסעדות צבר 700 גרם,סלטי צבר,IL,חומוס מסעדה צבר,גרמים,700.00,100 גרם,false,0,8.90,1.27,true,1,
7290106576810,false,גלידה לה קרמריה ריבת חלב 1.4 ל' נסטלה,לה קרמריה- נסטלה,IL,"לה קרמריה צמחי,",ליטרים,1.40,ליטר,false,0,21.90,15.64,true,1,
7290106576834,false,גלידה לה קרמריה פונטש בננה1.4 ל' נסטלה,תות תעשיות מזון (201,IL,"לה קרמריה כשל""פ",ליטרים,1.40,ליטר,false,0,21.90,15.64,true,1,
7290106576858,false,גלידה לה קרמריה תותים בשמנת 1.4 ל' נסטלה,גלידות נסטלה )נגה גלידות,IL,"לה קרמריה כשל""פ",ליטרים,1.40,ליטר,false,0,21.90,15.64,true,1,
7290106576896,false,לה קרמריה וניל קוק. כשלפ,נסטלה,IL,"לה קרמריה כשל""פ",ליטרים,1.40,ליטר,false,0,21.90,15.64,true,1,
7290106576919,false,גלידה קרמריה סורבה תות לימון 1.4 ליטר,גלידות נסטלה )נגה גלידות,IL,"לח קרמריה כשל""פ",ליטרים,1.40,ליטר,false,0,21.90,15.64,true,1,
7290106576926,false,לה קרמריה שוקו וניל לייט,נסטלה,IL,לה קרמריה לייט,ליטרים,1.40,ליטר,false,0,21.90,15.64,true,1,
7290106576971,false,גלידה לה קרמריה שוקולד בלגי 1.4 ל' נסטלה,תות תעשיות מזון (201,IL,"לה קרמריה כשל""פ",ליטרים,1.40,ליטר,false,0,21.90,15.64,true,1,
7290106577039,false,גלידה לה קרמריה שוקו וניל פליק 1.4 ל' נסטלה,תות תעשיות מזון (201,IL,"לא קרמריה כשל""פ",ליטרים,1.40,ליטר,false,0,21.90,15.64,true,1,
7290106577282,false,טחינה אמיתית מרובע 400 ג' צבר,סלטי צבר,IL,טחינה צבר,גרמים,400.00,100 גרם,false,0,11.80,2.95,true,1,
7290106577503,false,חציל במיונז מרובע 400גרם,סלטי צבר,IL,חציל במיונז צבר,גרמים,400.00,100 גרם,false,0,11.80,2.95,true,1,
7290106577541,false,צבר כרוב אדום מרובע 400גרם,סלטי צבר,IL,כרוב אדום צבר,גרמים,400.00,100 גרם,false,0,11.80,2.95,true,1,
7290106577572,false,מטבוחה אמיתית מרובע 400 ג' צבר,סלטי צבר,IL,מטבוחה צבר,גרמים,400.00,100 גרם,false,0,10.90,2.73,true,1,
7290106578333,false,חציל על האש מרובע צבר400,לחמנו,IL,חציל על האש צבר,גרמים,400.00,100 גרם,false,0,11.60,2.90,true,1,
7290106578692,false,ביסלי במבה מיקס מהדורת אליפות אסם 80 גרם,פרו מן יו פתרונות אר,IL,במבה ביסלי מיקס,גרמים,80.00,100 גרם,false,0,4.90,6.13,true,1,
7290106578821,false,הבית עוגת שמרים קלאסית בטעם שוקולד 350גר.,מיוצר עי קונדיטוריית,IL,עוגת שמרים,גרמים,350.00,100 גרם,false,0,16.80,4.80,true,1,
7290106579156,false,פרפקטו פארפאלה 450 גרם,זארה,IT,פרפקטו פארפאלה,גרמים,450.00,100 גרם,false,0,7.50,1.67,true,1,
7290106579231,false,עוגיות תפוז פיטנס 180גרם,אסם,IL,עוגיות פיטנס,גרמים,180.00,100 גרם,false,0,11.90,6.61,true,1,
7290106651272,false,פרכיות אנרגי מיני טבעי25,,IL,פריכיות אנרג'י,גרמים,25.00,100 גרם,false,0,4.40,17.60,true,1,
7290106651296,false,פרכ.אנרגי סוכר קינמון25ג,,IL,פריכיות אנרג'י,גרמים,25.00,100 גרם,false,0,4.40,17.60,true,1,
7290106651401,false,דנונה3% 4תות+ 4אפרסק150ג,שטראוס,IL,מארז דנונה 4+4,קילוגרמים,1.20,"ק""ג",false,0,27.70,23.08,true,1,
7290106652484,false,בפלות שוקולד קרנאץ 300גר,שטראוס,IL,בפלות קראנץ,גרמים,300.00,100 גרם,false,0,5.00,1.67,true,1,
7290106652491,false,בפלות לימון קראנץ 300גר,עלית,IL,בפלות קראנץ,גרמים,300.00,100 גרם,false,0,5.00,1.67,true,1,
7290106652705,false,חטיף שוקולד ואגוזים,STRAUSS-ISRAEL,IL,פסק זמן 3 יחידות,גרמים,135.00,100 גרם,false,0,11.90,8.81,true,1,
7290106653207,false,פיתה קראנצ' זעתר 300 גרם,"שטראוס פריטו ליי בע""\מ )",IL,פיתה קראנצ',גרמים,300.00,100 גרם,false,0,12.80,4.27,true,1,
7290106653429,false,פיתה קראנצ מחיטה מלאה300,עלית,IL,פיתה קראנצ',גרמים,300.00,100 גרם,false,0,12.80,4.27,true,1,
7290106654235,false,טופי בטעם בזוקה 290 גרם,עלית,IL,טופי בזוקה,גרמים,290.00,100 גרם,false,0,10.40,3.59,true,1,
7290106654365,false,אינסטנט פודינג וניל80גרם,שטראוס,IL,אינסטנט פודינג,יחידה,1.00,יחידה,false,0,5.40,5.40,true,1,
7290106654921,false,תפוציפס אקסטרה טבעי 50 גרם,"שטראוס פריטו ליי בע""\מ )",IL,תפוצ'יפס אקסטרא,גרמים,50.00,100 גרם,false,0,3.90,7.80,true,1,
7290106654945,false,תפוציפס אקסטרא ברבקיו50ג,שטראוס,IL,תפוצ'יפס אקסטרא,גרמים,50.00,100 גרם,false,0,3.90,7.80,true,1,
7290106654969,false,חומוס כפרי אחלה750גרם,שטראוס,IL,חומוס כפרי אחלה,גרמים,750.00,100 גרם,false,0,8.90,1.19,true,1,
7290106655966,false,אנרג'י שוק.מריר+אגוז זוג,עלית,IL,חטיפי אנרג'י זוג,גרמים,312.00,100 גרם,false,0,25.90,8.30,true,1,
7290106656512,false,וופל טורטית עם קרם ש,שטראוס גרופ,IL,בפלות טורטית,גרמים,360.00,100 גרם,false,0,15.80,4.39,true,1,
7290106656543,false,קפה באלאנס לתחושת שוב180,שטראוס גרופ,IL,קפה באלאנס,גרמים,180.00,100 גרם,false,0,28.70,15.94,true,1,
7290106656727,false,"עוגיות חיוכים שוקולד עלית 600 גרם בד""צ",אפיפית נצרת תעשיות ב,IL,חיוכים שוקולד,גרמים,600.00,100 גרם,false,0,17.90,2.98,true,1,
7290106656901,false,סימפוניה25% זיתים 210ג,שטראוס,IL,גבינת סימפוניה,גרמים,210.00,100 גרם,false,0,12.80,6.10,true,1,
7290106657137,false,תפוציפס אקסטרא טבעי200ג,שטראוס,IL,תפוצ'יפס אקסטרא,גרמים,200.00,100 גרם,false,0,10.00,5.00,true,1,
7290106660410,false,"רביולי תרד וגבינה 400 גרם ""שטראוס""",מיוצר עי קונדיטוריית,IL,רביולי תרד גבינה,גרמים,400.00,100 גרם,false,0,19.90,4.98,true,1,
7290106660809,false,"מילקי ריפיל 170*8מ""ל",שטראוס,IL,מילקי ריפיל 8 יח,קילוגרמים,1.36,"ק""ג",false,0,20.90,15.37,true,1,
7290106660960,false,טעמי קרם עוגיות וניל40גר,שטראוס,IL,חטיף טעמי,גרמים,40.00,100 גרם,false,1,3.90,9.75,true,1,
7290106661806,false,סמפוניה סמטאות שוק5% 200,שטראוס,IL,גבינת סימפוניה,גרמים,200.00,100 גרם,false,1,10.90,5.45,true,1,
7290106662582,false,JOYמעד.שוקו מריר3.9% 130,שטראוס,IL,JOY מעדן שוקולד,גרמים,130.00,100 גרם,false,1,3.30,2.54,true,1,
7290106662605,false,JOY מעדן שוקולד3.9% 130ג,שטראוס,IL,JOY מעדן שוקולד,גרמים,130.00,100 גרם,false,1,3.30,2.54,true,1,
7290106662612,false,JOY מעדן וניל 3.9% 130גר,שטראוס,IL,JOY מעדן וניל,גרמים,130.00,100 גרם,false,1,3.30,2.54,true,1,
7290106662629,false,JOYמעדן טעם וניל0% 130ג,שטראוס,IL,JOY מעדן וניל 0%,גרמים,130.00,100 גרם,false,1,3.30,2.54,true,1,
7290106662636,false,JOYשוקולד מריר 0% 130ג,שטראוס,IL,JOY מעדן שוקולד,גרמים,130.00,100 גרם,false,1,3.30,2.54,true,1,
7290106662643,false,JOYמעדן שוקולד 0% 130ג,שטראוס,IL,JOY מעדן שוקולד,גרמים,130.00,100 גרם,false,1,3.30,2.54,true,1,
7290106662650,false,טחינה לניגוב 400 גרם,שטראוס,IL,טחינה לניגוב,גרמים,400.00,100 גרם,false,1,10.90,2.73,true,1,
7290106663053,false,סימפוניה ערב בפריז5% 200,שטראוס,IL,גבינת סימפוניה,גרמים,200.00,100 גרם,false,1,10.90,5.45,true,1,
7290106663084,false,סימפוניה פלפל שום25% 200,שטראוס,IL,גבינת סימפוניה,גרמים,200.00,100 גרם,false,1,12.80,6.40,true,1,
7290106663091,false,"לאבנה 9 % עם שמן זית 500 גר' ""שטראוס""",הדקלאים אגודת שיתופי,IL,לאבנה 9%,גרמים,500.00,100 גרם,false,1,18.50,3.70,true,1,
7290106663121,false,"עוגה אישית במילוי קרם חלב ""מילקי קייק"" שטראוס",בובארד איטליה אס.פי.איי,IT,מילקי קייק,גרמים,34.00,100 גרם,false,1,3.00,8.82,true,1,
7290106663244,false,חציל זעלוק 400 גרם,שטראוס,IL,חציל זעלוק 400גר,גרמים,400.00,100 גרם,false,1,15.90,3.98,true,1,
7290106663527,false,קונפיטורה משמש לייט230ג,"בית אל מזון בע""מ",IL,קונפיטורה משמש,גרמים,230.00,100 גרם,false,0,13.70,5.96,true,1,
7290106663534,false,"רוטב מנגו קארי 280 מ""ל",בית אל מזון,IL,רוטב מנגו קארי,מיליליטרים,280.00,"100 מ""ל",false,1,14.80,5.29,true,1,
7290106663541,false,רוטב צ'ילי שום מתוק280מל,"ב.א. מזון בע""\מ",IL,רוטב צ'ילי שום,מיליליטרים,280.00,"100 מ""ל",false,1,14.80,5.29,true,1,
7290106663565,false,אבקה חלבית מלבין קפה עלית 300ג',STRAUSS-ISRAEL,IL,חלבית - חלבי,גרמים,300.00,100 גרם,false,1,17.60,5.87,true,1,
7290106664067,false,לאבנה עם שמן זית וזעתר 10% שטראוס 400 ג',הדקלאים אגודת שיתופי,IL,לאבנה שמן זית,גרמים,400.00,100 גרם,false,1,14.50,3.63,true,1,
7290106664548,false,רוטב שמנת4+גבינות9% 250מ,STRAUSS-ISRAEL,IL,רוטב שמנת גבינות,מיליליטרים,250.00,"100 מ""ל",false,1,10.00,4.00,true,1,
7290106664562,false,רוטב שמנת עם פטריות 9% שומן 258 ג' יוטבתה,מחלבת יטבתה,IL,רוטב שמנת פטריות,מיליליטרים,250.00,"100 מ""ל",false,1,10.00,4.00,true,1,
7290106668010,false,בפלות מוקצף 800 גרם,שטראוס,IL,בפלות מוקצף,גרמים,800.00,100 גרם,false,1,19.90,2.49,true,1,
7290106668225,false,מיני מקופלת פרווה 400גרם,עלית,IL,מיני מקופלת,גרמים,400.00,100 גרם,false,1,21.90,5.48,true,1,
7290106668638,false,"קופי שוט שוק.חלב 80*4מ""ל",יטבתה,IL,מארז קופי שוט,מיליליטרים,320.00,"100 מ""ל",false,1,18.70,5.84,true,1,
7290106668720,false,דנונה לשתיה פירות יער850,שטראוס,IL,דנונה לשתיה,גרמים,850.00,100 גרם,false,1,14.40,1.69,true,1,
7290106668737,false,דנונה לשתיה דיאט תות267ג,שטראוס,IL,דנונה לשתיה,גרמים,267.00,100 גרם,false,1,5.00,1.87,true,1,
7290106669314,false,סימפוניה בנגקוק 5% 200ג,שטראוס,IL,גבינת סימפוניה,גרמים,200.00,100 גרם,false,1,10.90,5.45,true,1,
7290106720039,false,מאסט ספירמינט ממולא25גרם,שטראוס,IL,מסטיק מאסט,גרמים,25.00,100 גרם,false,1,4.90,19.60,true,1,
7290106720145,false,פודינג וניל שקית 80 גרם,עלית,IL,פודינג וניל שקית,גרמים,80.00,100 גרם,false,0,4.90,6.13,true,1,
7290106720435,false,סוכר.מאסט מנטה אקליפטו80,עלית,IL,סוכריות מאסט,גרמים,80.00,100 גרם,false,0,7.50,9.38,true,1,
7290106720695,false,מיקס חטיפים צהוב 182גרם,STRAUSS-ISRAEL,IL,מיקס חטיפים צהוב,גרמים,182.00,100 גרם,false,0,10.80,5.93,true,1,
7290106721258,false,קפה הפוך שוקולד חלב150גר,עלית,IL,קפה הפוך שוקולד,גרמים,150.00,100 גרם,false,0,19.70,13.13,true,1,
7290106721371,false,דוריטוס חמוץ מתוק 200גרם,עלית,IL,דוריטוס חמוץ,גרמים,200.00,100 גרם,false,0,8.40,4.20,true,1,
7290106721531,false,דוריטוס חמוץ מתוק 70 גרם,"שטראוס פריטו ליי בע""מ )פ",IL,דוריטוס חמוץ,גרמים,70.00,100 גרם,false,0,3.60,5.14,true,1,
7290106721906,false,מסטיק בזוקה צ'יקלט 66גרם,שטראוס גרופ,IL,מסטיק בזוקה,גרמים,66.00,100 גרם,false,1,9.80,14.85,true,1,
7290106721913,false,מסטיק מאסט MUST ללא סוכר בטעם מנטה מרעננת,"שטראוס גרופ בע""מ",IL,מסטיק מרעננת,גרמים,66.00,100 גרם,false,1,9.80,14.85,true,1,
7290106721920,false,צנצנת מסטיק מאסט בטעם ספירמינט עדין 66 ג' עלית,"שטראוס גרופ בע""\מ.",IL,מסטיק ספירמינט,גרמים,66.00,100 גרם,false,1,9.80,14.85,true,1,
7290106721999,false,מאסט אננס הדר ממולא25גרם,שטראוס,IL,מסטיק מאסט,גרמים,25.00,100 גרם,false,1,4.90,19.60,true,1,
7290106722057,false,באגט קראנצ זיתים עגבנ300,עלית,IL,באגט קראנצ זיתים,גרמים,300.00,100 גרם,false,1,12.80,4.27,true,1,
7290106722095,false,באגט קראנצ שום 300 גרם,עלית,IL,באגט קראנצ שום,גרמים,300.00,100 גרם,false,0,12.80,4.27,true,1,
7290106722101,false,באגט קראנצ טבעי 300 גרם,עלית,IL,באגט קראנצ טבעי,גרמים,300.00,100 גרם,false,0,12.80,4.27,true,1,
7290106724433,false,מסטיק קוביות ספירמינט63ג,עלית,IL,מסטיק קוביות,גרמים,63.00,100 גרם,false,1,11.80,18.73,true,1,
7290106724518,false,החומוסיה של אבי מסבחה400,שטראוס,IL,החומוסיה של אבי,גרמים,400.00,100 גרם,false,0,10.90,2.73,true,1,
7290106724617,false,סביח 400 גרם,שטראוס,IL,סביח אחלה,גרמים,400.00,100 גרם,false,1,15.90,3.98,true,1,
7290106724778,false,טעמי קרם עוגיות שוקולד40,שטראוס,IL,חטיף טעמי,גרמים,40.00,100 גרם,false,1,3.90,9.75,true,1,
7290106724808,false,סוכריות נוסטלגיה מנטה80ג,עלית,IL,סוכריות מנטה,גרמים,80.00,100 גרם,false,1,4.90,6.13,true,1,
7290106725430,false,מסטיק קוב.אננס הדרים63ג,עלית,IL,מסטיק קוביות,גרמים,63.00,100 גרם,false,1,11.80,18.73,true,1,
7290106725522,false,"רוטב שזיף רימון 280 מ""ל",בית אל מזון,IL,רוטב שזיף רימון,מיליליטרים,280.00,"100 מ""ל",false,1,14.80,5.29,true,1,
7290106726161,false,דנונה פרו אפרסק2.4% 150ג,"שטראוס בריאות בע""מ",IL,דנונה פרו אפרסק,גרמים,150.00,100 גרם,false,1,4.90,3.27,true,1,
7290106726178,false,יוגורט PRO עם פירות יער 2.4% 10 גרם חלבון בגביע,מיוצר עי קונדיטוריית,IL,דנונה פרו פ.יער,גרמים,150.00,100 גרם,false,1,4.90,3.27,true,1,
7290106726307,false,רוטב ירוק ישראלי חריף220,שטראוס,IL,רוטב ירוק חריף,גרמים,220.00,100 גרם,false,1,12.90,5.86,true,1,
7290106726314,false,רוטב אדום ישראלי חריף220,שטראוס,IL,רוטב אדום חריף,גרמים,220.00,100 גרם,false,1,12.90,5.86,true,1,
7290106727045,false,יוגורט דנונה פרו אננ,STRAUSS-ISRAEL,IL,דנונה פרו אננס,גרמים,150.00,100 גרם,false,1,4.90,3.27,true,1,
7290106728127,false,חלב טבעי בקבוק3.6% 1ליטר,מחלבת יטבתה,IL,חלב טבעי בקבוק,ליטרים,1.00,ליטר,false,1,7.50,7.50,true,1,
7290106729087,false,מילקי טופ פצפוצים 143גרם,שטראוס,IL,מילקי פיצפוצים,גרמים,143.00,100 גרם,false,1,4.90,3.43,true,1,
7290107280037,false,50 מטליות לחות לניקוי כללי גדולות ועבות,דינאמיק תעשיות,IL,מגבונים לניקוי,יחידה,1.00,יחידה,false,0,9.90,9.90,true,1,
7290107280105,false,מגבוני אף רכים במיוחד סנו סופט 120 יח,סנו סופט,IL,מגבוני טישו,יחידה,1.00,יחידה,false,0,12.80,12.80,true,1,
7290107280167,false,תחליב רחצה קרמה וניל750מ,קוסמופארם בע'\'\מ,IL,תחליב רחצה קרמה,מיליליטרים,750.00,"100 מ""ל",false,0,15.00,2.00,true,1,
7290107280198,false,תחליב רחצה קרמה פרח750מ,קוסמופארם,IL,תחליב רחצה קרמה,מיליליטרים,750.00,"100 מ""ל",false,1,15.00,2.00,true,1,
7290107280389,false,"סנו - ג'ט מרסס לניקוי בחדר האמבטיה 750 מ""ל","איי, בי, אינבוו",IL,מתז ג'ט לאמבט,מיליליטרים,750.00,"100 מ""ל",false,0,10.00,1.33,true,1,
7290107280402,false,סנו ג'יט ניקוי כללי ורצפות 2 ל',סנו ג'ט Jet,IL,ג'ט לניקוי כללי,ליטרים,2.00,ליטר,false,0,10.00,5.00,true,1,
7290107280471,false,ספארק טבליות למדיח 30 יח,סנו,IL,טבליות למדיח,יחידה,1.00,יחידה,false,0,20.00,20.00,true,1,
7290107280495,false,סבון אסלה מוצק לימון,swrzedz dramers,IL,סנובון WAVE,גרמים,45.00,100 גרם,false,0,9.80,21.78,true,1,
7290107280679,false,ספארק טבליות למדיח 70 יח,סנו,IL,טבליות למדיח,יחידה,1.00,יחידה,false,0,44.90,44.90,true,1,
7290107280716,false,מלח למדיח להגנה מפני אבנית סנו ספארק Spark,סנו ספארק,IL,ספארק מלח למדיח,קילוגרמים,2.00,"ק""ג",false,1,13.80,6.90,true,1,
7290107280747,false,נוזל לניקוי כלים סנו ספארק Spark קלאסי,סנו כימיקלים,IL,נוזל לכלים קלאסי,מיליליטרים,700.00,"100 מ""ל",false,0,7.90,1.13,true,1,
7290107280761,false,נוזל לניקוי כלים בניחוח לימון רענן סנו ספארק Spark,מיוצר עי קונדיטוריית,IL,נוזל כלים לימון,ליטרים,1.00,ליטר,false,0,10.00,10.00,true,1,
7290107280815,false,"K301 קוטל זוחלים 300 מ""ל","סנו מפעלי ברונוס בע""מ",IL,K301 קוטל זוחלים,מיליליטרים,300.00,"100 מ""ל",false,1,15.00,5.00,true,1,
7290107280822,false,סנו ריצפז פרש הום 2 ליטר בניחוח ספא,"סנו מפעלי ברונוס בע""\מ",IL,ריצפז פרש הום,ליטרים,2.00,ליטר,false,0,19.30,9.65,true,1,
7290107640190,false,פינוק שמפו למגע משי700מל,יוניליוור,IL,שמפו פינוק,מיליליטרים,700.00,"100 מ""ל",false,0,10.00,1.43,true,1,
7290107640213,false,פינוק ת.רחצה למגע משי700,יוניליוור,IL,תחליב רחצה פינוק,מיליליטרים,700.00,"100 מ""ל",false,0,10.00,1.43,true,1,
7290107640428,false,"פינוק ת.רחצה רגוע 700מ""ל",יוניליוור,IL,תחליב רחצה פינוק,מיליליטרים,700.00,"100 מ""ל",false,1,10.00,1.43,true,1,
7290107641012,false,נשנושי ברנפלקס שקדים375ג,יוניליוור,IL,נישנושי ברנפלקס,גרמים,375.00,100 גרם,false,1,21.90,5.84,true,1,
7290107641081,false,שמפו פינוק קשקש.מנטול700,יוניליוור,IL,שמפו פינוק,מיליליטרים,700.00,"100 מ""ל",false,1,10.00,1.43,true,1,
7290107641098,false,פינוק 2ב1 קשקשים 700 מל,יוניליוור,IL,שמפו פינוק,מיליליטרים,700.00,"100 מ""ל",false,1,10.00,1.43,true,1,
7290107641159,false,בייגלה פרוזן 300 גרם,יוניליוור,IL,בייגלה פרוזן,גרמים,300.00,100 גרם,false,1,10.40,3.47,true,1,
7290107641654,false,דליתות 400 גרם,יוניליוור,IL,דליתות,גרמים,400.00,100 גרם,false,1,17.90,4.48,true,1,
7290107641845,false,פניני נסיכות טעם דבש300ג,יוניליוור,IL,דגנים נסיכות,גרמים,300.00,100 גרם,false,1,15.90,5.30,true,1,
7290107642002,false,כריות מיקס 750 גרם,יוניליוור,IL,כריות מיקס,גרמים,750.00,100 גרם,false,1,19.90,2.65,true,1,
7290107642675,false,"שמפו פינוק2ב1לגבר 700מ""ל",יוניליוור ישראל טיפוח אי,IL,שמפו פינוק לגבר,מיליליטרים,700.00,"100 מ""ל",false,1,10.00,1.43,true,1,
7290107870443,false,מאגדת לייט יוגורט מנ258,נגה גלידות,IL,מאגדת לייט יוגורט מנ258,גרמים,258.00,100 גרם,false,7,23.70,9.19,true,1,
7290107870641,false,גלידת סמרטיס נסטלה 900מל,נסטלה,IL,גלידת סמרטיס נסטלה 900מל,מיליליטרים,900.00,"100 מ""ל",false,0,20.90,2.32,true,1,
7290107870832,false,מרק פטריות לבישול 89 גרם,אסם,IL,מרק פטריות,גרמים,89.00,100 גרם,false,0,10.00,11.24,true,1,
7290107871761,false,לחמית ירקות קלויים 160גר,אסם,IL,לחמית ירקות,גרמים,160.00,100 גרם,false,1,9.00,5.63,true,1,
7290107871990,false,"פסטה צינורות 500 גרם ""אסם""",פסטה זארה,IT,פסטה צינורות,גרמים,500.00,100 גרם,false,0,5.40,1.08,true,1,
7290107872188,false,רוטב עגבניות לספגטי420ג,אסם,IL,רוטב עגבניות,גרמים,420.00,100 גרם,false,0,12.80,3.05,true,1,
7290107873062,false,פתי בר שוקולד מריר500גרם,"אסם השקעות בע""\מ",IL,פתיבר שוקולד,גרמים,500.00,100 גרם,false,1,10.90,2.18,true,1,
7290107873086,false,פתיתים אפויים פלוס עדשים,אסם,IL,פתיתים אפויים,גרמים,400.00,100 גרם,false,0,6.90,1.73,true,1,
7290107873161,false,סלט פריקסה צבר 320 גרם,צבר,IL,סלט פריקסה צבר,גרמים,320.00,100 גרם,false,0,13.80,4.31,true,1,
7290107873185,false,מלך החומוס+פלפל חריף400ג,צבר,IL,מלך החומוס צבר,גרמים,400.00,100 גרם,false,1,12.40,3.10,true,1,
7290107873208,false,חומוס עשיר בטחינה 400גרם,צבר,IL,מלך החומוס צבר,גרמים,400.00,100 גרם,false,1,12.40,3.10,true,1,
7290107873239,false,פתי בר קרמל 500גרם,אסם,IL,פתיבר קרמל,גרמים,500.00,100 גרם,false,1,10.90,2.18,true,1,
7290107874366,false,ביסלי נאצ'וס חמוץ חריף50,דוגוס,TR,ביסלי נאצ'וס,גרמים,50.00,100 גרם,false,1,3.30,6.60,true,1,
7290107874632,false,"מאגדת שלגון אימוג'י כל""פ",נגה גלידות,IL,מאגדת שלגון אימוג'י 260ג,גרמים,260.00,100 גרם,false,4,26.70,10.27,true,1,
7290107874687,false,ביסלי נאצ'וס צ'לי 50 גרם,דוגוס,TR,ביסלי נאצ'וס,גרמים,50.00,100 גרם,false,1,3.30,6.60,true,1,
7290107874700,false,ביסלי נאצ'וס אקסט.צ'יז50,דוגוס,TR,ביסלי נאצ'וס,גרמים,50.00,100 גרם,false,1,3.30,6.60,true,1,
7290107875400,false,גלידה לה קרמריה פיסטוק מוקה 1.4 ל' נסטלה,גלידות נסטלה )נגה גלידות,IL,להקרמריה,ליטרים,1.40,ליטר,false,0,21.70,15.50,true,1,
7290107875820,false,קרוטונים אפויים בתיבול ביתי אוסם 180 ג',עינת תעשיות מזון,IL,קרוטונים אפויים,גרמים,180.00,100 גרם,false,1,11.80,6.56,true,1,
7290107875912,false,מנה חמה פסטה עגבניות62ג,אסם,IL,מנה חמה,גרמים,62.00,100 גרם,false,1,5.90,9.52,true,1,
7290107876032,false,שקדי מרק ואטריות 400 גרם,אסם,IL,שקדי מרק ואטריות,גרמים,400.00,100 גרם,false,1,12.90,3.23,true,1,
7290107876568,false,מרק נמס עגבניות 19*5 גרם,אסם,IL,מרק נמס עגבנ5.יח,גרמים,95.00,100 גרם,false,1,10.00,10.53,true,1,
7290107876605,false,מרק נמס פטריות 17*5 גרם,אסם,IL,מרק נמס פטריות5*,גרמים,85.00,100 גרם,false,1,10.00,11.76,true,1,
7290107876650,false,מלפפונים במלח 7-9 670גרם,בית השיטה,IL,מלפפונים במלח,גרמים,670.00,100 גרם,false,1,5.90,0.88,true,1,
7290107876711,false,הבית עוגת שמרים עם ריבת חלב,אסם,IL,עוגת שמרים,גרמים,340.00,100 גרם,false,1,16.80,4.94,true,1,
7290107876735,false,עוגת שמרים קינמון 340גרם,אסם,IL,עוגת שמרים,גרמים,340.00,100 גרם,false,1,16.80,4.94,true,1,
7290107876803,false,זיתים חרוזית 560 גרם,בית השיטה,IL,זיתים חרוזית,גרמים,560.00,100 גרם,false,1,8.90,1.59,true,1,
7290107876827,false,טבעות זיתים 560 גרם,בית השיטה,IL,טבעות זיתים,גרמים,560.00,100 גרם,false,1,9.80,1.75,true,1,
7290107876841,false,זיתים ירוקים טעם שום560ג,בית השיטה,IL,זיתים טעם שום,גרמים,560.00,100 גרם,false,1,10.80,1.93,true,1,
7290107877763,false,במבה במביני 60 גרם,אסם,IL,במבה במביני,גרמים,60.00,100 גרם,false,1,4.30,7.17,true,1,
7290107877961,false,פרפקטו ספגטי 600 גרם,פסטה זארה,IT,פרפקטו ספגטי,גרמים,600.00,100 גרם,false,1,7.60,1.27,true,1,
7290107877992,false,פרפקטו ספירלי 600 גרם,פסטה זארה,IT,פרפקטו ספירלי,גרמים,600.00,100 גרם,false,1,7.60,1.27,true,1,
7290107878050,false,פייבר וואן צימוקים 489גר,ג'נרל מילס,US,דגנים פייבר וואן,גרמים,489.00,100 גרם,false,1,20.90,4.27,true,1,
7290107878074,false,פייבר וואן שקד+אגוז456גר,ג'נרל מילס,US,דגנים פייבר וואן,גרמים,489.00,100 גרם,false,1,20.90,4.27,true,1,
7290107878418,false,"ג'ויה חמאת בוטנים500מ""ל",נסטלה,IL,ג'ויה חמאת בוטני,מיליליטרים,500.00,"100 מ""ל",false,6,19.70,3.94,true,1,
7290107878845,false,עוגת שוק.ציפוי אגוזים320,אסם,IL,עוגת שוקולד הבית,גרמים,380.00,100 גרם,false,1,11.90,3.13,true,1,
7290107878869,false,עוגת שוקולד דאבל ציפס340,אסם,IL,עוגת שוקולד הבית,גרמים,340.00,100 גרם,false,1,11.90,3.50,true,1,
7290107878920,false,קוקטייל זיתים 560 גרם,בית השיטה,IL,קוקטייל זיתים,גרמים,560.00,100 גרם,false,1,10.80,1.93,true,1,
7290107930963,false,שוק.פרה חלב אוריגמי 100ג,שטראוס,IL,שוקולד פרה,גרמים,100.00,100 גרם,false,1,5.50,5.50,true,1,
7290107931830,false,סלט משוויה 400 גרם,שטראוס,IL,סלט משוויה,גרמים,400.00,100 גרם,false,1,15.90,3.98,true,1,
7290107932080,false,חלב מועשר יוטבתה בבקבוק 3% 1 ליטר,מחלבת יטבתה,IL,חלב מועשר 3%,ליטרים,1.00,ליטר,false,1,7.50,7.50,true,1,
7290107932127,false,חלב מועשר2% בקבוק 1ליטר,STRAUSS-ISRAEL,IL,חלב מועשר 2%,ליטרים,1.00,ליטר,false,1,7.50,7.50,true,1,
7290107932134,false,חלב מועשר יוטבתה בבקבוק 1% 1 ליטר,מחלבת יטבתה,IL,חלב מועשר 1%,ליטרים,1.00,ליטר,false,1,7.50,7.50,true,1,
7290107932264,false,בזוקה קוביות ממולא25גרם,שטראוס,IL,מסטיק בזוקה,גרמים,25.00,100 גרם,false,1,4.90,19.60,true,1,
7290107933315,false,חלב דל לקטוז בקבוק2% 1ל,מחלבת יטבתה,IL,חלבדל לקטוז 2%,ליטרים,1.00,ליטר,false,1,7.50,7.50,true,1,
7290107934367,false,דנונה אקטיביה 0% 150*4מל,שטראוס,IL,אקטביה 0% 4 יח',מיליליטרים,600.00,"100 מ""ל",false,1,12.40,2.07,true,1,
7290107934480,false,מארז אקטיביה שמינייה,שטראוס,IL,אקטביה 3% 8 יח,ליטרים,1.20,ליטר,false,1,21.90,18.25,true,1,
7290107934497,false,דנונה אקטיביה1.5% 150*4מ,שטראוס,IL,אקטביה1.5% 4 יח,מיליליטרים,600.00,"100 מ""ל",false,1,12.40,2.07,true,1,
7290107934503,false,דנונה אקטיביה 3% 150*4מל,שטראוס,IL,אקטביה 3% 4 יח,מיליליטרים,600.00,"100 מ""ל",false,1,12.40,2.07,true,1,
7290107970198,false,משחת קולגייט אדומה 2 75*,קולגייט-פלמוליב,PL,משחת קולגייט,מיליליטרים,75.00,"100 מ""ל",false,1,14.90,19.87,true,1,
7290107970310,false,"תערובת ללחם שיפון 1 ק""ג",פלאקטורפר מולה,DE,תערובת ללחם שיפו,קילוגרמים,1.00,"ק""ג",false,1,10.90,10.90,true,1,
7290107970952,false,זוג טוטל פסים + מברשת,קולגייט-פלמוליב,PL,מארז טוטל,יחידה,1.00,יחידה,false,1,29.90,29.90,true,1,
7290107970969,false,זוג טוטל להלבנה + מברשת,קולגייט-פלמוליב,PL,מארז טוטל,יחידה,1.00,יחידה,false,1,29.90,29.90,true,1,
7290108200188,false,"ג'ל כביסה ורוד קליה אוקסי גולד 940 מ""ל וניש",רקיט בנקיזר,IT,וניש גולד ג'ל,מיליליטרים,940.00,"100 מ""ל",false,1,19.70,2.10,true,1,
7290108200201,false,וניש מסיר כתמים ורוד 1350 גר,רקיט בנקיזר,IT,גולד אבקה,קילוגרמים,1.35,"ק""ג",false,1,30.90,22.89,true,1,
7290108200218,false,גולד אבקה לכב.לבנה 1.35ק,רקיט בנקיזר,IT,וניש גולד אבקה,קילוגרמים,1.35,"ק""ג",false,1,30.90,22.89,true,1,
7290108200225,false,אבקת כביסה ורוד קליה אוקסי גולד 470 ג' וניש,רקיט בנקיזר,IT,וניש גולד אבקה,גרמים,470.00,100 גרם,false,1,14.90,3.17,true,1,
7290108200454,false,קולון ג'ל כביסה לבנדר5ל,רקיט בנקיזר,IL,ג'ל כביסה קולון,ליטרים,5.00,ליטר,false,1,34.90,6.98,true,1,
7290108350135,false,נייר טואלט סופט,,IL,נייר טואלט סופט,מטרים,552.00,מטר,false,0,28.70,0.05,true,1,
7290108350142,false,"שקיות רב שימושיות גדולות 25*35 ס""מ סנו סושי 270 יחידות",אשפלסט תעשיות,IL,"שקיות רב""ש",יחידה,1.00,יחידה,false,1,12.90,12.90,true,1,
7290108350210,false,סנו סושי 30 שקיות אשפה XL חזקות במיוחד,מיוצר עי קונדיטוריית,IL,שקיות אשפה חזקות,יחידה,1.00,יחידה,false,1,23.90,23.90,true,1,
7290108350531,false,סנו ספארק נוזל כלים בניחוח קלאסי עם משאבה 1 ל',מיוצר עי קונדיטוריית,IL,ספארק לכלים,ליטרים,1.00,ליטר,false,1,10.00,10.00,true,1,
7290108500257,false,"עוגיות בצורת חיות 1 ק""ג",טרסקו,IT,עוגיות צורת חיות,קילוגרמים,1.00,"ק""ג",false,1,13.80,13.80,true,1,
7290108500592,false,פרופיטרולים קרם וניל 500,ויליפוד,IL,פרופיטרולים,גרמים,500.00,100 גרם,false,1,26.90,5.38,true,1,
7290109351025,false,מלך החומוס חומוסטחינה 40% טחינה גולמית,סלטי צבר,IL,חומוסטחינה צבר,גרמים,400.00,100 גרם,false,1,14.20,3.55,true,1,
7296073001928,false,"נקטר תפ""ע צלול שופרסל 1ל",שופרסל,IL,"נקטר תפו""ע צלול",ליטרים,1.00,ליטר,false,0,4.20,4.20,true,1,
7296073001942,false,נקטר תפוזים שופרסל 1ליטר,שופרסל,IL,נקטר תפוזים,ליטרים,1.00,ליטר,false,0,4.20,4.20,true,1,
7296073002543,false,שקיות אשפה,,TR,שקיות אשפה,יחידה,1.00,יחידה,false,0,18.90,18.90,true,1,
7296073002567,false,10שקיות אשפה+שרוך שופרסל,שופרסל,TR,שקיות אשפה,יחידה,1.00,יחידה,false,0,11.80,11.80,true,1,
7296073002574,false,50 שקיות אשפה ענק.שופרסל,שופרסל,HK,שקיות אשפה,יחידה,1.00,יחידה,false,0,13.40,13.40,true,1,
7296073002604,false,200שקיות אוכל19X25סמ גלי,שופרסל,IL,שקיות אוכל,יחידה,1.00,יחידה,false,0,7.80,7.80,true,1,
7296073002611,false,"100 שקיות להקפאה25X35ס""מ",שופרסל,HK,שקיות להקפאה,יחידה,1.00,יחידה,false,0,5.50,5.50,true,1,
7296073002635,false,נייר טואלט סופר דיל 48גל,שופרסל,IL,נייר טואלט,מטרים,883.00,100 מטר,false,0,37.90,4.29,true,1,
7296073005735,false,עוג.סנדוויץ שוק.שופרס150,"אחים פפושדו ובניהם בע""\מ",IL,עוגיות סנדוויץ,גרמים,150.00,100 גרם,false,0,4.00,2.67,true,1,
7296073005742,false,עוג.סנדוויץ וניל שופרסל,"אחים פפושדו ובניהם בע""\מ",IL,עוגיות סנדוויץ,גרמים,150.00,100 גרם,false,0,4.00,2.67,true,1,
7296073005841,false,אפונה ירוקה שופרסל500גרם,מיה,IL,אפונה ירוקה,גרמים,500.00,100 גרם,false,0,5.90,1.18,true,1,
7296073005858,false,בורגול שופרסל 500 גרם,מיה,IL,בורגול,גרמים,500.00,100 גרם,false,0,4.90,0.98,true,1,
7296073005865,false,גריסי פנינה שופרסל500גרם,מיה,IL,גריסי פנינה,גרמים,500.00,100 גרם,false,0,4.90,0.98,true,1,
7296073005872,false,חומוס גדול שופרסל 500גרם,מיה,IL,חומוס גדול,גרמים,500.00,100 גרם,false,0,5.00,1.00,true,1,
7296073005889,false,חומוס לבן ענק שופרסל500ג,מיה,IL,חומוס לבן ענק,גרמים,500.00,100 גרם,false,0,6.90,1.38,true,1,
7296073005896,false,חיטה שופרסל 500 גרם,מיה,IL,חיטה שופרסל,גרמים,500.00,100 גרם,false,0,4.90,0.98,true,1,
7296073005902,false,כוסמת שופרסל 500 גרם,מיה,IL,כוסמת שופרסל,גרמים,500.00,100 גרם,false,0,7.30,1.46,true,1,
7296073005919,false,עדשים ירוקות שופרסל500ג,מיה,IL,עדשים ירוקות,גרמים,500.00,100 גרם,false,0,4.80,0.96,true,1,
7296073005957,false,שעועית לבנה שופרסל500גרם,מיה,IL,שעועית לבנה,גרמים,500.00,100 גרם,false,0,5.00,1.00,true,1,
7296073006008,false,"שעועית לבנה שופרסל 1 ק""ג",מיה,IL,שעועית לבנה,קילוגרמים,1.00,"ק""ג",false,0,17.70,17.70,true,1,
7296073006015,false,"חומוס גדול שופרסל 1 ק""ג",מיה,IL,חומוס גדול,קילוגרמים,1.00,"ק""ג",false,0,9.80,9.80,true,1,
7296073006060,false,חומוס לבן ענק שופרסל 1קג,מיה,IL,חומוס לבן ענק,קילוגרמים,1.00,"ק""ג",false,0,12.80,12.80,true,1,
7296073006107,false,"אפונה ירוקה שופרסל 1 ק""ג",מיה,IL,אפונה ירוקה,קילוגרמים,1.00,"ק""ג",false,0,7.80,7.80,true,1,
7296073006114,false,"עדשים ירוקות שופרסל 1ק""ג",מיה,IL,עדשים ירוקות,קילוגרמים,1.00,"ק""ג",false,0,9.80,9.80,true,1,
7296073006121,false,"עדשים אדומות שופרסל 1ק""ג",מיה,IL,עדשים אדומות,קילוגרמים,1.00,"ק""ג",false,0,11.60,11.60,true,1,
7296073006138,false,"חיטה שופרסל 1 ק""ג",שופרסל,IL,"חיטה 1 ק""ג",קילוגרמים,1.00,"ק""ג",false,0,7.80,7.80,true,1,
7296073006176,false,"סוכר שופרסל 1 ק""ג","סוגת תעשיות בע""\מ",IL,סוכר לבן,קילוגרמים,1.00,"ק""ג",false,0,3.90,3.90,true,1,
7296073006374,false,חרוזי זיתים ירוק.שופר560,שופרסל,,חרוזי זיתים,גרמים,560.00,100 גרם,false,0,8.30,1.48,true,1,
7296073006381,false,מנזנילו בינונ.שופרסל560ג,שופרסל,IL,זיתים ירוקים,גרמים,560.00,100 גרם,false,0,6.30,1.13,true,1,
7296073006398,false,מנזנילו גדול ירוק 560 גר,שופרסל,IL,זיתי מנזנילו,גרמים,560.00,100 גרם,false,0,6.80,1.21,true,1,
7296073006411,false,מלפפונים במלח בינוניים,בני דרום,IL,מלפפון במלח12-,גרמים,560.00,100 גרם,false,0,5.90,1.05,true,1,
7296073006428,false,מלפ.במלח 13-17שופרסל560ג,שופרסל,IL,מלפפון במלח,גרמים,560.00,100 גרם,false,0,8.40,1.50,true,1,
7296073006435,false,מלפפונים במלח קטנים מאוד,שופרסל,IL,מלפפון במלח,גרמים,560.00,100 גרם,false,0,9.40,1.68,true,1,
7296073006497,false,גביעי גלידה שופרסל 30יח',"א.ג. גילרו בע""\מ",IL,גביעי גלידה,גרמים,115.00,100 גרם,false,0,8.90,7.74,true,1,
7296073006541,false,גריסים שופרסל 500 גרם,מיה,IL,גריסים שופרסל,גרמים,500.00,100 גרם,false,0,4.50,0.90,true,1,
7296073007951,false,100 שק.אשפה+שרוך שופרסל,שופרסל,,שקיות אשפה,יחידה,1.00,יחידה,false,0,32.60,32.60,true,1,
7296073009771,false,מים מינרליים שופרסל1.5*6,שופרסל,IT,מים שופרסל 6 יח,ליטרים,9.00,ליטר,false,0,9.90,1.10,true,1,
7296073011101,false,קוסקוס עבה שופרסל 350גרם,"אסיף תעשיות מזון בע""\מ",IL,קוסקוס עבה,גרמים,350.00,100 גרם,false,0,4.90,1.40,true,1,
7296073011118,false,קוסקוס דק שופרסל 350 גרם,"אסיף תעשיות מזון בע""\מ",IL,קוסקוס דק,גרמים,350.00,100 גרם,false,0,4.90,1.40,true,1,
7296073011217,false,פסטה פנה ריגטה31שופר500ג,שופרסל,IT,פסטה פנה ריגטה,גרמים,500.00,100 גרם,false,0,4.90,0.98,true,1,
7296073011224,false,פסטה פוסילי36שופר 500גרם,שופרסל,IL,פסטה פוסילי,גרמים,500.00,100 גרם,false,0,4.90,0.98,true,1,
7296073011248,false,פסטה פרפלה מס57שופרסל500,שופרסל,IT,פסטה פרפלה,גרמים,500.00,100 גרם,false,0,4.90,0.98,true,1,
7296073012009,false,קוסקוס בינוני שופרסל350ג,"אסיף תעשיות מזון בע""\מ",IL,קוסקוס בינוני,גרמים,350.00,100 גרם,false,0,4.90,1.40,true,1,
7296073020356,false,150כוס שתייה קרה בייסיק,שופרסל,,"כוסות ח""פ",יחידה,1.00,יחידה,false,0,6.90,6.90,true,1,
7296073020363,false,"50כוסות יין ח""פ שופרסל",שופרסל,IL,"כוסות ח""פ ליין",יחידה,1.00,יחידה,false,0,4.40,4.40,true,1,
7296073020370,false,צלחות גדולות שופרסל 100,שופרסל,IL,"צלחות ח""פ גדולות",יחידה,1.00,יחידה,false,0,17.90,17.90,true,1,
7296073020394,false,"קעריות ח""פ שופרסל 50 יח'",שופרסל,IL,"קעריות ח""פ",יחידה,1.00,יחידה,false,0,12.90,12.90,true,1,
7296073020431,false,מפיות חד שכבתיות שופרסל,שופרסל,IL,מפיות חד שכבתי,יחידה,1.00,יחידה,false,0,6.90,6.90,true,1,
7296073020462,false,טחינה גולמית שופרסל 500ג,רושדי תעשיות מזון,IL,טחינה גולמית,גרמים,500.00,100 גרם,false,0,12.90,2.58,true,1,
7296073020936,false,פטריות חתוכות שופרסל400ג,פרוצ'אמפ,DE,פטריות חתוכות,גרמים,400.00,100 גרם,false,0,4.20,1.05,true,1,
7296073021568,false,"קמח חיטה לבן בהיר 1 ק""ג",שופרסל,IL,קמח לבן,קילוגרמים,1.00,"ק""ג",false,0,3.60,3.60,true,1,
7296073021575,false,"קמח תופח שופרסל 1 ק""ג",שופרסל,IL,קמח תופח מאיליו,קילוגרמים,1.00,"ק""ג",false,0,5.90,5.90,true,1,
7296073021582,false,"סולת חיטה שופרסל 1 ק""ג",שופרסל,IL,סולת חיטה,קילוגרמים,1.00,"ק""ג",false,0,4.00,4.00,true,1,
7296073027713,false,מפיות חד שכבתי 180 יח,שופרסל,IL,מפיות חד שכבתי,יחידה,1.00,יחידה,false,0,8.90,8.90,true,1,
7296073033752,false,שמן קנולה שופרסל 1 ליטר,NV AOR,BE,שמן קנולה 1 ל',ליטרים,1.00,ליטר,false,0,6.90,6.90,true,1,
7296073036500,false,שמן קנולה שופרסל 3 ל',NV AOR,BE,שמן קנולה 3 ל',ליטרים,3.00,ליטר,false,0,19.90,6.63,true,1,
7296073048916,false,"אורז תאילנדי שופרסל 1ק""ג",מיה,IL,אורז תאילנדי,קילוגרמים,1.00,"ק""ג",false,0,4.80,4.80,true,1,
7296073048954,false,אורז לבן עגול שופרסל 1קג,מיה,IL,אורז ריזוטו,קילוגרמים,1.00,"ק""ג",false,0,7.50,7.50,true,1,
7296073048978,false,קרוטונים לסלט שופרסל400ג,"חטיפים מן הטבע בע""\מ",IL,קרוטונים לסלט,גרמים,400.00,100 גרם,false,0,15.10,3.78,true,1,
7296073049043,false,פסטרמה ברבקיו שופרסל300ג,שופרסל,IL,פסטרמה ברבקיו,גרמים,300.00,100 גרם,false,0,19.90,6.63,true,1,
7296073049074,false,סלמי קוניאק שופרסל 300גר,מעדני יחיעם,IL,סלמי קוניאק,גרמים,300.00,100 גרם,false,0,21.70,7.23,true,1,
7296073053743,false,פסטה קונקיליוני39 שופרסל,שופרסל,IT,פסטה קונקיליוני,גרמים,500.00,100 גרם,false,0,4.90,0.98,true,1,
7296073053750,false,פסטה לומקה ריגטה 48 שופר,שופרסל,IT,פסטה לומקה,גרמים,500.00,100 גרם,false,0,4.90,0.98,true,1,
7296073053767,false,דפי לזניה שופרסל 500 גרם,שופרסל,IT,דפי לזניה,גרמים,500.00,100 גרם,false,0,12.80,2.56,true,1,
7296073058984,false,גרנולה קראנץ פירות+אג400,בריגן קי. ג'י,DE,גרנולה קראנץ,גרמים,400.00,100 גרם,false,0,13.90,3.48,true,1,
7296073058991,false,מוזלי שופרסל 500 גרם,בריגן קי ג'י,IL,מוזלי שופרסל,גרמים,500.00,100 גרם,false,0,13.90,2.78,true,1,
7296073059059,false,ברנפלקס שופרסל 500 גרם,בריגן קי. ג'י,DE,ברנפלקס שופרסל,גרמים,500.00,100 גרם,false,0,15.00,3.00,true,1,
7296073059615,false,קרוטונים לסלט שופרסל250ג,שופרסל,IL,קרוטונים לסלט,גרמים,250.00,100 גרם,false,0,9.70,3.88,true,1,
7296073059790,false,"צלחות מרכזיות ח""פ שופרסל",שופרסל,IL,"צלחות מרכז.ח""פ",יחידה,1.00,יחידה,false,0,9.90,9.90,true,1,
7296073059851,false,טחינה שומשום מלא שופ500ג,רושדי תעשיות מזון,IL,טחינה שומשום מלא,גרמים,500.00,100 גרם,false,0,14.80,2.96,true,1,
7296073059998,false,מפיות מודפסות שופרסל 20,שופרסל,IL,מפיות מודפסות,יחידה,1.00,יחידה,false,0,7.90,7.90,true,1,
7296073060024,false,"צלחות קטנות ח""פ שופרסל 1",שופרסל,,"צלחות קטנות ח""פ",יחידה,1.00,יחידה,false,0,12.90,12.90,true,1,
7296073062974,false,"מים מינרל.שופרסל500*6מ""ל",תבינה אס.פי.אי,IT,מים מינרלים 6יח',ליטרים,3.00,ליטר,false,0,11.70,3.90,true,1,
7296073064367,false,"בורקס תפו""א שופרסל 800 ג",שופרסל,IL,"800 בורקס תפו""א",גרמים,800.00,100 גרם,false,0,13.80,1.73,true,1,
7296073064398,false,בורקס גבינה שופרסל 800 ג,מאפ גדרון,,בורקס גבינה800,גרמים,800.00,100 גרם,false,0,14.80,1.85,true,1,
7296073066354,false,חטיפי חלווה שופרסל 250 ג,"אחדות בע""מ א.ת. ברקן",IL,חטיפי חלווה,גרמים,250.00,100 גרם,false,0,9.70,3.88,true,1,
7296073066378,false,עוג.סנדוויץ בטעם וניל900,"אחים פפושדו ובניהם בע""\מ",IL,עוגיות סנדביץ,גרמים,900.00,100 גרם,false,0,17.70,1.97,true,1,
7296073074434,false,פתי בר גדול שופרסל500גרם,שופרסל,IL,פתי בר שופרסל,גרמים,500.00,100 גרם,false,0,8.90,1.78,true,1,
7296073074441,false,פתי בר שוקו גדול שופר500,שופרסל,IL,פתי בר שוקו,גרמים,500.00,100 גרם,false,0,8.90,1.78,true,1,
7296073074533,false,חומץ טבעי 5% שופרסל 1 ל,שופרסל,IL,חומץ טבעי,ליטרים,1.00,ליטר,false,0,5.90,5.90,true,1,
7296073074649,false,קנלוני שופרסל 250 גרם,שופרסל,IT,קנלוני שופרסל,גרמים,250.00,100 גרם,false,0,8.80,3.52,true,1,
7296073078555,false,בצק עלים מרודד מוקפא,שופרסל,IL,בצק עלים 1קג,קילוגרמים,1.00,"ק""ג",false,0,13.80,13.80,true,1,
7296073078579,false,דבש טבעי מפרחי שדה 350 ג,שופרסל,IL,דבש טבעי,גרמים,350.00,100 גרם,false,0,16.40,4.69,true,1,
7296073078586,false,דבש טבעי שופרסל צנצ500גר,שופרסל,IL,דבש טבעי שופרסל,גרמים,500.00,100 גרם,false,0,22.80,4.56,true,1,
7296073078609,false,"דבש טבעי שופרסל 1 ק""ג",מכוורת עמק חפר,IL,דבש טבעי,קילוגרמים,1.00,"ק""ג",false,0,37.90,37.90,true,1,
7296073078791,false,ממחטות אף בקופסא 150*2יח,שופרסל,IL,מגבוני נייר,יחידה,1.00,יחידה,false,0,11.80,11.80,true,1,
7296073078821,false,4 כריות יפניות שופרסל,פלסטו פוליש,IL,כריות יפניות,יחידה,1.00,יחידה,false,0,7.70,7.70,true,1,
7296073078838,false,6 כריות יפניות שופרסל,פלסטו פוליש,IL,כריות יפניות,יחידה,1.00,יחידה,false,0,8.80,8.80,true,1,
7296073078883,false,9 מטליות ניקוי כללי שופר,שופרסל,IL,מטליות ניקוי 9יח,יחידה,1.00,יחידה,false,0,8.80,8.80,true,1,
7296073078890,false,15מטליות ניקוי כללי שופר,שופרסל,,מטליות לניקוי,יחידה,1.00,יחידה,false,0,13.80,13.80,true,1,
7296073078975,false,פריכיות אורז מלא שופר100,שופרסל,IL,פריכיות אורז,גרמים,100.00,100 גרם,false,0,5.90,5.90,true,1,
7296073078982,false,פריכ.אורז 5דגנים שופר100,שופרסל,IL,פריכיות אורז,גרמים,100.00,100 גרם,false,0,5.90,5.90,true,1,
7296073078999,false,פריכ.אורז שיבולת שופר100,שופרסל,IL,פריכיות אורז,גרמים,100.00,100 גרם,false,0,5.90,5.90,true,1,
7296073079002,false,פריכ.דקות אורז מלא ש100.,"פרח תעשיות מזון בע""\מ",IL,פריכיות דקות,גרמים,100.00,100 גרם,false,0,6.40,6.40,true,1,
7296073079019,false,פריכיות דק.קצח 100ג שופר,"פרח תעשיות מזון בע""\מ",IL,פריכיות דקות,גרמים,100.00,100 גרם,false,0,6.40,6.40,true,1,
7296073079040,false,פריכיות זעתר שופרסל 50גר,"פרח תעשיות מזון בע""\מ",IL,פריכיות אורז,גרמים,50.00,100 גרם,false,0,6.90,13.80,true,1,
7296073079057,false,פריכיות מעושן שופרסל50גר,שופרסל,IL,פריכיות שופרסל,גרמים,50.00,100 גרם,false,0,6.90,13.80,true,1,
7296073079354,false,72 מגבונים שופרסל רפיל,שופרסל,IL,מגבונים שופרסל,יחידה,1.00,יחידה,false,0,5.90,5.90,true,1,
7296073079361,false,מגבונים לחים שופר72*6יח,שופרסל,IL,מגבונים לחים 6יח,יחידה,1.00,יחידה,false,0,20.00,20.00,true,1,
7296073079873,false,רוטב עגבנ.מרוכז מאוד580ג,פריניר,IL,רכז עגבניות 28%,גרמים,580.00,100 גרם,false,0,5.90,1.02,true,1,
7296073079880,false,רסק עגבניות 22%שופר570ג,פריניר,IL,רסק עגבניות,גרמים,570.00,100 גרם,false,0,5.40,0.95,true,1,
7296073079903,false,רוטב עגבניות 22%שופר100ג,פריניר,IL,רסק עגבניות,גרמים,100.00,100 גרם,false,0,1.70,1.70,true,1,
7296073080237,false,ופלים ט.שוקולד שופרסל1קג,שופרסל,IL,ופלים שוקולד,קילוגרמים,1.00,"ק""ג",false,0,14.80,14.80,true,1,
7296073080497,false,שעועית אפויה שופרסל 570ג,פרי גליל,IL,שעועית אפויה,גרמים,570.00,100 גרם,false,0,6.40,1.12,true,1,
7296073080503,false,אפונה בינונית שופרסל550ג,פרי גליל,IL,אפונה גדולה,גרמים,550.00,100 גרם,false,0,5.40,0.98,true,1,
7296073080510,false,חומוס שלם שופרסל 560 גרם,פרי גליל,IL,חומוס שלם,גרמים,560.00,100 גרם,false,0,5.40,0.96,true,1,
7296073080534,false,גרעיני תירס מתוק 550 גרם,פרי גליל,IL,תירס גרעינים,גרמים,550.00,100 גרם,false,0,5.80,1.05,true,1,
7296073080541,false,אפונה וגזר שופרסל 550 גר,פרי גליל,IL,אפונה וגזר,גרמים,550.00,100 גרם,false,0,5.40,0.98,true,1,
7296073080558,false,תירס לייט שופרסל 550 גרם,פרי גליל,IL,תירס לייט,גרמים,550.00,100 גרם,false,0,6.50,1.18,true,1,
7296073080824,false,שקיות אוכל שופרסל150*2יח,שופרסל,IL,שקיות אוכל 2 יח,יחידה,1.00,יחידה,false,0,9.90,9.90,true,1,
7296073080831,false,שקיות הקפאה שופרסל 100X2,שופרסל,HK,שקיות הקפאה,יחידה,1.00,יחידה,false,0,9.80,9.80,true,1,
7296073081241,false,בייגל.שמיניו.מלוח שופ400,שופרסל,IL,בייגלה שמיניות,גרמים,400.00,100 גרם,false,0,8.80,2.20,true,1,
7296073081449,false,פירורי לחם מוזהב שופר200,"חטיפים מן הטבע בע""\מ",IL,פירורי לחם,גרמים,200.00,100 גרם,false,0,5.50,2.75,true,1,
7296073081470,false,ציפוי לשניצל שום שופר400,שופרסל,IL,ציפוי לשניצל,גרמים,400.00,100 גרם,false,0,7.70,1.93,true,1,
7296073081487,false,ציפוי לשניצל פיקנטי 400ג,שופרסל,IL,ציפוי לשניצל,גרמים,400.00,100 גרם,false,0,7.70,1.93,true,1,
7296073081494,false,ציפוי מוזהב לשניצל 400גר,שופרסל,IL,ציפוי לשניצל,גרמים,400.00,100 גרם,false,0,7.70,1.93,true,1,
7296073081548,false,צמר גפן רפואי שופרסל100ג,שופרסל,IL,צמר גפן רפואי,גרמים,100.00,100 גרם,false,0,5.90,5.90,true,1,
7296073081555,false,צמר גפן גלי שופרסל 100X2,שופרסל,IL,צמר גפן גלי,גרמים,200.00,100 גרם,false,0,11.70,5.85,true,1,
7296073081579,false,צמר גפן נתלש שופרסל100גר,שופרסל,IL,צמר גפן נתלש,גרמים,100.00,100 גרם,false,0,6.90,6.90,true,1,
7296073081654,false,סבון אסלה כחול שופר50X3ג,שופרסל,IL,סבון אסלה 3 יח,גרמים,165.00,100 גרם,false,0,14.80,8.97,true,1,
7296073081661,false,מזון יבש לכלבים שופר3.קג,סנשיין מילס,US,מזון יבש לכלבים,קילוגרמים,3.00,"ק""ג",false,0,37.90,12.63,true,1,
7296073081685,false,מזון יבש לחתול שופר1.5.ק,Tuffy's,US,מזון לחתולים,קילוגרמים,1.50,"ק""ג",false,0,22.90,15.27,true,1,
7296073081692,false,מזון יבש לחתול שופרסל3קג,Tuffy's,US,מזון לחתולים,קילוגרמים,3.00,"ק""ג",false,0,45.50,15.17,true,1,
7296073081845,false,9 כריות יפניות שופרסל,פלסטו פוליש,IL,כריות יפניות,יחידה,1.00,יחידה,false,0,9.80,9.80,true,1,
7296073083771,false,פירורי לחם מתובל.שופר200,שופרסל,IL,פירורי לחם,גרמים,200.00,100 גרם,false,0,5.20,2.60,true,1,
7296073087175,false,ריבת תות שופרסל 370 גרם,LTD 99 CIMA,BG,ריבת תות שדה,גרמים,370.00,100 גרם,false,0,9.00,2.43,true,1,
7296073087182,false,ריבת מישמש שופרסל 370גרם,LTD 99 CIMA,BG,ריבת מישמש שופרסל 370גרם,גרמים,370.00,100 גרם,false,0,9.00,2.43,true,1,
7296073087243,false,קונפ.דובדבנים שופרסל370ג,LTD 99 CIMA,BG,קונפ.דובדבנים,גרמים,370.00,100 גרם,false,0,10.00,2.70,true,1,
7296073087250,false,קונפ.אוכמניות שופרסל370ג,LTD 99 CIMA,BG,קונפ.אוכמניות,גרמים,370.00,100 גרם,false,0,10.00,2.70,true,1,
7296073087274,false,קונפ.שזיפים שופרסל 370גר,LTD 99 CIMA,BG,קונפיט.שזיפים,גרמים,370.00,100 גרם,false,0,10.00,2.70,true,1,
7296073087281,false,קונפ.תות שדה שופרסל 370ג,LTD 99 CIMA,BG,קונפיטורת תות,גרמים,370.00,100 גרם,false,0,10.00,2.70,true,1,
7296073087458,false,טונה במי מלח שופרסל160גר,תעשיות פילטונה,IL,טונה במי מלח,גרמים,160.00,100 גרם,false,0,6.20,3.88,true,1,
7296073087472,false,טונה בשמן שופרסל 160*4גר,תעשיות פילטונה,IL,טונה בשמן 4 יח,גרמים,640.00,100 גרם,false,0,19.90,3.11,true,1,
7296073090502,false,צמר פלדה שופרסל 350 גרם,פלסטו פוליש,IL,צמר פלדה,גרמים,350.00,100 גרם,false,0,12.40,3.54,true,1,
7296073091134,false,שמן זית כתית מעולה750מ,שופרסל,IL,שמן זית כתית,מיליליטרים,750.00,"100 מ""ל",false,0,29.90,3.99,true,1,
7296073091226,false,פופקורן גרעינים שופר1.קג,מיה,IL,פופקורן גרעינים,קילוגרמים,1.00,"ק""ג",false,0,8.80,8.80,true,1,
7296073091394,false,גרעין לבן קלוי400גשופרסל,ששון,IL,גרעין לבן קלוי,גרמים,400.00,100 גרם,false,0,20.90,5.23,true,1,
7296073091417,false,בוטן קלוי בקליפה400שופרס,ששון,IL,בוטן קלוי בקליפה,גרמים,400.00,100 גרם,false,0,15.80,3.95,true,1,
7296073091462,false,פיסטוק קלוי וממולח 200ג,ששון,IL,פיסטוק חלבי קלוי,גרמים,200.00,100 גרם,false,0,24.90,12.45,true,1,
7296073091486,false,אגוזי קשיו קלויים ומומלח,ששון,IL,אגוז קשיו קלוי,גרמים,200.00,100 גרם,false,0,19.90,9.95,true,1,
7296073091493,false,גרעין שחור קלוי200גשופרס,ששון,IL,גרעין שחור קלוי,גרמים,200.00,100 גרם,false,0,6.80,3.40,true,1,
7296073091530,false,שזיף מיובש400גרם שופרסל,ששון,IL,שזיף מיובש,גרמים,400.00,100 גרם,false,0,22.90,5.73,true,1,
7296073091547,false,צימוק בהיר 400ג שופרסל,ששון,IL,צימוק בהיר,גרמים,400.00,100 גרם,false,0,20.90,5.23,true,1,
7296073091554,false,צימוקים כהים 400 גרם,ששון,IL,צימוק כהה,גרמים,400.00,100 גרם,false,0,17.90,4.48,true,1,
7296073091608,false,אגוזי קשיו קלופים טבעיים,ששון,IL,אגוזי קשיו טבעי,גרמים,200.00,100 גרם,false,0,21.90,10.95,true,1,
7296073091622,false,אגוז ברזיל טבעי 200גשופר,ששון,IL,אגוז ברזיל טבעי,גרמים,200.00,100 גרם,false,0,21.70,10.85,true,1,
7296073091646,false,צנוברים קלופים 100גרם,ששון,IL,צנובר 100גרם,גרמים,100.00,100 גרם,false,0,26.70,26.70,true,1,
7296073091653,false,בננה צ'יפס 250ג שופרסל,ששון,IL,בננה צ'יפס,גרמים,250.00,100 גרם,false,0,11.90,4.76,true,1,
7296073091677,false,חמוציות 250גרם שופרסל,ששון,IL,חמוציות 250גרם,גרמים,250.00,100 גרם,false,0,15.90,6.36,true,1,
7296073093169,false,פלפל חריף שיפקה שופר540ג,שופרסל,IL,פלפל שיפקה,גרמים,540.00,100 גרם,false,0,4.30,0.80,true,1,
7296073093213,false,אבקת שוקו שופרסל 500 גרם,שופרסל,IL,אבקת שוקו,גרמים,500.00,100 גרם,false,0,10.80,2.16,true,1,
7296073094203,false,שעוות דבש טבעית למיקרוגל,שופרסל,IL,שעווה דבש טבעית,גרמים,500.00,100 גרם,false,0,13.80,2.76,true,1,
7296073094753,false,חלווה וניל שופרסל 500 גר,"אחדות בע""מ א.ת. ברקן",IL,חלווה וניל,גרמים,500.00,100 גרם,false,0,12.20,2.44,true,1,
7296073094760,false,טונה במי מלח שופרסל160*4,תעשיות פילטונה,IL,טונה במי מלח 4יח,גרמים,640.00,100 גרם,false,0,19.90,3.11,true,1,
7296073095439,false,16 כוסות קפה+מכסה שופרסל,שופרסל,IL,כוסות קפה 16יח',יחידה,1.00,יחידה,false,0,11.90,11.90,true,1,
7296073095446,false,דפי שעווה שופרסל 50 יח',שופרסל,IL,דפי שעווה שופרסל,יחידה,1.00,יחידה,false,0,14.90,14.90,true,1,
7296073095552,false,מסיר לק כחול שופרסל150מל,שופרסל,IL,מסיר לק כחול,מיליליטרים,150.00,"100 מ""ל",false,0,7.80,5.20,true,1,
7296073095569,false,מסיר לק ורוד שופרסל150מל,שופרסל,IL,מסיר לק ורוד,מיליליטרים,150.00,"100 מ""ל",false,0,7.80,5.20,true,1,
7296073095583,false,"אצטון שופרסל 100 מ""ל","ש. שוורץ )באר שבע( בע""\מ",IL,אצטון שופרסל,מיליליטרים,100.00,"100 מ""ל",false,0,2.80,2.80,true,1,
7296073098263,false,גזר גמדי מוקפא שופרסל800,פרי גליל,IL,גזר גמדי 800גר,גרמים,800.00,100 גרם,false,0,13.80,1.73,true,1,
7296073098270,false,אפונה וגזר מוקפא שופרסל,פרי גליל,IL,אפונה וגזר 800,גרמים,800.00,100 גרם,false,0,13.80,1.73,true,1,
7296073098287,false,לקט מעורבים שופרסל קפוא,פרי גליל,IL,לקט בורגונדי,גרמים,800.00,100 גרם,false,0,17.80,2.23,true,1,
7296073098294,false,ברוקולי מוקפא שופרסל 800,פרי גליל,IL,ברוקולי 800 גר,גרמים,800.00,100 גרם,false,0,22.70,2.84,true,1,
7296073103844,false,תפוח אדמה למיקרו,קטיף.,IL,תפוח אדמה למיקרו,יחידה,1.00,יחידה,false,0,5.50,5.50,true,1,
7296073106098,false,פריכיות דק.כוסמת שופר100,"פרח תעשיות מזון בע""\מ",IL,פריכיות כוסמת,גרמים,100.00,100 גרם,false,0,6.40,6.40,true,1,
7296073106241,false,מטליות רצפה 6X,,,מטליות רצפה 6X,יחידה,1.00,יחידה,false,0,14.80,14.80,true,1,
7296073107392,false,גרנולה צימוק שקד תפוח400,בריגן קי ג'י,DE,גרנולה שופרסל,גרמים,400.00,100 גרם,false,0,13.90,3.48,true,1,
7296073107408,false,גרנולה שוקו.פקאן שופר400,בריגן קי ג'י,IL,גרנולה שוקולד,גרמים,400.00,100 גרם,false,0,13.90,3.48,true,1,
7296073107828,false,שמן סויה שופרסל 1 ליטר,שופרסל,,שמן סויה,ליטרים,1.00,ליטר,false,0,6.90,6.90,true,1,
7296073107989,false,גרעיני תירס שופרסל 800 ג,פרי גליל,IL,גרעיני תירס,גרמים,800.00,100 גרם,false,0,14.80,1.85,true,1,
7296073107996,false,פול ירוק שופרסל 800 גרם,פרי גליל,IL,פול ירוק,גרמים,800.00,100 גרם,false,0,20.70,2.59,true,1,
7296073108061,false,קלחי תירס שופרסל 1 קג,פרי גליל,IL,קלחי תירס 1קג,קילוגרמים,1.00,"ק""ג",false,0,17.70,17.70,true,1,
7296073108085,false,שעועית צהובה חתוכה שופרס,פרי גליל,IL,שעועית צהובה,גרמים,800.00,100 גרם,false,0,15.80,1.98,true,1,
7296073108122,false,לקט סיני שופרסל 800 גרם,פרי גליל,IL,לקט סיני,גרמים,800.00,100 גרם,false,0,16.80,2.10,true,1,
7296073108245,false,עלי תרד בייבי שטופים200ג,פרסקו,IL,עלי תרד שטופים,גרמים,200.00,100 גרם,false,0,9.00,4.50,true,1,
7296073108252,false,עלי בייבי שטופים לאכילה,פרסקו,IL,עלי בייבי שטופים,גרמים,110.00,100 גרם,false,0,9.50,8.64,true,1,
7296073108269,false,חסה ערבית שטופה לאכילה,פרסקו,IL,חסה ערבית שטופה,גרמים,250.00,100 גרם,false,0,8.90,3.56,true,1,
7296073108320,false,שבבי גזר שטופים לאכילה,פרסקו,IL,שבבי גזר שטופים,גרמים,400.00,100 גרם,false,0,8.00,2.00,true,1,
7296073108344,false,לקט קלאסי שטוף לאכילה,"פרסקו חצבה 2006 בע""\מ",IL,לקט קלאסי שטוף,גרמים,350.00,100 גרם,false,0,9.90,2.83,true,1,
7296073108351,false,חסה אייסברג שטופה לאכילה,"פרסקו חצבה 2006 בע""\מ",IL,חסה אייסברג שטוף,גרמים,300.00,100 גרם,false,0,9.90,3.30,true,1,
7296073108368,false,לקט הגינה שטוף לאכילה,פרסקו,IL,לקט הגינה שטוף,גרמים,300.00,100 גרם,false,0,9.90,3.30,true,1,
7296073108375,false,כרוב לבן שטוף לאכילה400ג,"פרסקו חצבה 2006 בע""\מ",IL,כרוב לבן שטוף,גרמים,400.00,100 גרם,false,0,8.00,2.00,true,1,
7296073108443,false,"קמח מלא שופרסל 1 ק""ג",שופרסל,IL,קמח חיטה מלא,קילוגרמים,1.00,"ק""ג",false,0,6.00,6.00,true,1,
7296073108467,false,תבניות מאורכות שופרסל 5,שופרסל,IL,תבניות 5 יח',יחידה,1.00,יחידה,false,0,6.90,6.90,true,1,
7296073108474,false,תבניות עם מכסה שופרסל 4,שופרסל,IL,תבניות עם מכסה,יחידה,1.00,יחידה,false,0,9.90,9.90,true,1,
7296073108504,false,תבניות גדולות שופרסל 5 י,שופרסל,IL,תבניות גדולות,יחידה,1.00,יחידה,false,0,9.90,9.90,true,1,
7296073108511,false,3 תבניות ענקיות שופרסל,שופרסל,IL,תבניות ענקיות,יחידה,1.00,יחידה,false,0,9.90,9.90,true,1,
7296073108573,false,קרם קרקר שופרסל 230 גרם,מגדנית הדר,IL,קרם קרקר,גרמים,230.00,100 גרם,false,0,7.50,3.26,true,1,
7296073109099,false,"תירוש ענבים טבעי 750מ""ל*",הכורמים,IL,תירוש ענבים,מיליליטרים,750.00,"100 מ""ל",false,0,10.00,1.33,true,1,
7296073109105,false,תירוש ענבים טבעי 1 ליטר*,הכורמים,IL,תירוש ענבים,ליטרים,1.00,ליטר,false,0,15.90,15.90,true,1,
7296073109457,false,עוג.ממולאות שוק.שופר300ג,שופרסל,IL,עוגיות ממולאות,גרמים,300.00,100 גרם,false,0,7.80,2.60,true,1,
7296073109822,false,תמר מג'הול מעולה 400 גרם,הדיקלאים,IL,תמר מג'הול 400ג,גרמים,400.00,100 גרם,false,0,16.90,4.23,true,1,
7296073112396,false,100צמרונים פלסטיק שופרסל,שופרסל,IL,צמרונים פלסטיק,יחידה,1.00,יחידה,false,0,2.00,2.00,true,1,
7296073112402,false,300צמרונים קופ.פטנט שופר,שופרסל,IL,מקלוני צמר גפן,יחידה,1.00,יחידה,false,0,10.10,10.10,true,1,
7296073112419,false,65 צמרונים לתינוק שופרסל,שופרסל,IL,צמרונים לתינוק,יחידה,1.00,יחידה,false,0,5.90,5.90,true,1,
7296073112426,false,צמרונים שופרסל 200 יח',שופרסל,IL,צמרונים שופרסל 200 יח',יחידה,1.00,יחידה,false,0,5.30,5.30,true,1,
7296073112433,false,צמרונים שופרסל 400 יח',שופרסל,IL,מקלוני צמר גפן,יחידה,1.00,יחידה,false,0,10.10,10.10,true,1,
7296073112464,false,פוסילי מקמח חיטה מלא500ג,שופרסל,IT,פוזילי שופרסל,גרמים,500.00,100 גרם,false,0,7.50,1.50,true,1,
7296073112471,false,ספגטי חיטה מלאה שופר500ג,שופרסל,IT,ספגטי שופרסל,גרמים,500.00,100 גרם,false,0,7.50,1.50,true,1,
7296073112617,false,6 ספוג.לניקוי מופלא שופר,"סדובסקי בע""\מ",DE,6 ספוג.לניקוי מופלא שופר,יחידה,1.00,יחידה,false,0,8.80,8.80,true,1,
7296073113256,false,חרדל דיזון+גרגיר.שופר350,שופרסל,FR,חרדל דיז'ון,גרמים,370.00,100 גרם,false,0,5.90,1.59,true,1,
7296073113263,false,חרדל צרפתי שופרסל 370גרם,שופרסל,FR,חרדל צרפתי,גרמים,370.00,100 גרם,false,0,6.50,1.76,true,1,
7296073115717,false,סודה לשתיה שופרסל 50 גרם,שופרסל,,סודה לשתיה,גרמים,50.00,100 גרם,false,0,2.10,4.20,true,1,
7296073115724,false,אבקת אפיה שופרסל10*10 גר,שופרסל,IL,אבקת אפיה 10יח,גרמים,100.00,100 גרם,false,0,3.00,3.00,true,1,
7296073115731,false,אבקת סוכר שופרסל 100 גרם,שופרסל,IL,אבקת סוכר,גרמים,100.00,100 גרם,false,0,1.80,1.80,true,1,
7296073115748,false,סוכר וניל שופרסל 10X10גר,שופרסל,IL,סוכר וניל 10יח,גרמים,100.00,100 גרם,false,0,2.50,2.50,true,1,
7296073115755,false,קורנפלור שופרסל 500 גרם,שופרסל,,קורנפלור,גרמים,500.00,100 גרם,false,0,4.90,0.98,true,1,
7296073115762,false,קורנפלור שופרסל 200 גרם,שופרסל,IL,קורנפלור,גרמים,200.00,100 גרם,false,0,3.50,1.75,true,1,
7296073116769,false,קוקוס טחון שופרסל 100גרם,מיה,IL,קוקוס טחון,גרמים,100.00,100 גרם,false,0,3.80,3.80,true,1,
7296073116776,false,קוקוס טחון שופרסל 400גרם,מיה,IL,קוקוס טחון,גרמים,400.00,100 גרם,false,0,11.70,2.93,true,1,
7296073116783,false,שומשום שופרסל 100 גרם,מיה,IL,שומשום שופרסל,גרמים,100.00,100 גרם,false,0,3.50,3.50,true,1,
7296073116790,false,שומשום שופרסל 400 גרם,מיה,IL,שומשום שופרסל,גרמים,400.00,100 גרם,false,0,10.90,2.73,true,1,
7296073116806,false,שמן סויה שופרסל 3 ליטר,שופרסל,,שמן סויה,ליטרים,3.00,ליטר,false,0,20.40,6.80,true,1,
7296073116813,false,קמח תירס שופרסל 400 גרם,מיה תעשיות מזון,IL,קמח תירס,גרמים,400.00,100 גרם,false,0,5.50,1.38,true,1,
7296073116837,false,קוואקר שופרסל קופסא500ג,בריגן קי ג'י,DE,קוואקר שופרסל,גרמים,500.00,100 גרם,false,0,9.60,1.92,true,1,
7296073117094,false,שוק.צ'יפס מריר שופרסל300,אופנהיימר,IL,שוקולד צ'יפס,גרמים,300.00,100 גרם,false,0,9.80,3.27,true,1,
7296073117605,false,30 כפפות לטקס שופרסל,שופרסל,IL,כפפות לטקס,יחידה,1.00,יחידה,false,0,11.80,11.80,true,1,
7296073117629,false,זוג כפפות גומי S שופרסל,שופרסל,IL,כפפות גומי,יחידה,1.00,יחידה,false,0,7.80,7.80,true,1,
7296073118770,false,עלי בייבי שטופים לאכילה,"פרסקו חצבה 2006 בע""\מ",IL,עלי בייבי שטופים,גרמים,300.00,100 גרם,false,0,12.90,4.30,true,1,
7296073119302,false,60 שקיות מתכלות שופרסל,שופרסל,TR,שקיות אשפה,יחידה,1.00,יחידה,false,0,19.80,19.80,true,1,
7296073119456,false,תער'חסה+עלי בייבי שטופים,פרסקו,IL,תער' חסה+ע.בייבי,גרמים,350.00,100 גרם,false,0,9.90,2.83,true,1,
7296073121176,false,תמר חלאוי 400ג שופרסל,הדיקלאים,IL,תמר חלאוי400גרם,גרמים,400.00,100 גרם,false,0,12.90,3.23,true,1,
7296073121183,false,תמר דקל נור 400ג שופרסל,ערדום תמרים,IL,תמר דקל נור 400ג,גרמים,400.00,100 גרם,false,0,12.90,3.23,true,1,
7296073121190,false,תמר אמרי 400גרם שופרסל,הדיקלאים,IL,תמר אמרי 400 גרם,גרמים,400.00,100 גרם,false,0,12.90,3.23,true,1,
7296073121589,false,בייגלה אצבעות שומשום330ג,שופרסל,IL,בייגלה אצבעות,גרמים,330.00,100 גרם,false,0,8.80,2.67,true,1,
7296073122296,false,פסטרמה מסורתית שופר300.ג,שופרסל,IL,פסטרמה מסורתית,גרמים,300.00,100 גרם,false,0,21.70,7.23,true,1,
7296073122333,false,שקדי מרק מרכיבים טבעיים,שופרסל,IL,שקדי מרק בשקית,גרמים,400.00,100 גרם,false,0,6.90,1.73,true,1,
7296073123675,false,מיץ עגבניות בק.זכוכית 1ל,שופרסל,IL,מיץ עגבניות,ליטרים,1.00,ליטר,false,0,6.80,6.80,true,1,
7296073123712,false,"תמצית רום שופרסל 50 מ""ל",מיה,,תמצית רום,מיליליטרים,50.00,"100 מ""ל",false,0,3.80,7.60,true,1,
7296073123729,false,"תמצית וניל שופרסל 50 מ""ל",מיה,IL,תמצית וניל,מיליליטרים,50.00,"100 מ""ל",false,0,3.80,7.60,true,1,
7296073123965,false,ניוקי שופרסל 500 גרם,שופרסל,,ניוקי,גרמים,500.00,100 גרם,false,0,9.80,1.96,true,1,
7296073123972,false,ניוקי קטנים שופרסל500גרם,שופרסל,IT,ניוקי קטנים,גרמים,500.00,100 גרם,false,0,9.80,1.96,true,1,
7296073123996,false,שעועית מש שופרסל 500 גרם,מיה,IL,שעועית מש,גרמים,500.00,100 גרם,false,0,9.80,1.96,true,1,
7296073124016,false,עדשים שחורות שופרסל 500ג,מיה,IL,עדשים שחורות,גרמים,500.00,100 גרם,false,0,8.00,1.60,true,1,
7296073124160,false,שום קפוא מגשית שופרסל 80,שופרסל,IL,שום קפוא מגשית,גרמים,80.00,100 גרם,false,0,8.80,11.00,true,1,
7296073124177,false,שום כתוש צנצנת שופרסל200,שופרסל,IL,שום כתוש,גרמים,200.00,100 גרם,false,0,11.90,5.95,true,1,
7296073124399,false,ספגטי מספר 5 שופרסל 500ג,שופרסל,IT,ספגטי מס' 5,גרמים,500.00,100 גרם,false,0,4.90,0.98,true,1,
7296073125303,false,מלפפונים בחומץ 7-9 560גר,קבוצת יבנה מוצרי מזון,,מלפפונים בחומץ,גרמים,540.00,100 גרם,false,0,5.30,0.98,true,1,
7296073125334,false,מלפפונים קטנים בחומץ560ג,קבוצת יבנה מוצרי מזון,IL,מלפפונים בחומץ,גרמים,540.00,100 גרם,false,0,8.40,1.56,true,1,
7296073125341,false,מלפפונים בחומץ18-25 540ג,קבוצת יבנה מוצרי מזון,IL,מלפפונים בחומץ,גרמים,540.00,100 גרם,false,0,9.40,1.74,true,1,
7296073125358,false,מלפפ.במלח7-9שופר560ג20%+,שופרסל,IL,מלפפונים במלח,גרמים,650.00,100 גרם,false,0,5.30,0.82,true,1,
7296073125525,false,עוגות אישיות קרם שוקו350,שופרסל,IT,עוגות אישיות,גרמים,350.00,100 גרם,false,0,10.00,2.86,true,1,
7296073125532,false,עוגות אישיות ק.חלב350גרם,שופרסל,IT,עוגות אישיות,גרמים,350.00,100 גרם,false,0,10.00,2.86,true,1,
7296073125822,false,שמן חמניות שופרסל 1 ליטר,NV AOR,BE,שמן חמניות,ליטרים,1.00,ליטר,false,0,12.50,12.50,true,1,
7296073125914,false,מי פה ט.מרענן שופרסל500מ,מעבדות בוניקט,ES,מי פה טעם מרענן,מיליליטרים,500.00,"100 מ""ל",false,0,16.80,3.36,true,1,
7296073125952,false,"אורז יסמין שופרסל 1 ק""ג",ltd co produce Uthai,TH,אורז יסמין,קילוגרמים,1.00,"ק""ג",false,0,9.80,9.80,true,1,
7296073126621,false,טונה בשמן שופרסל 160 גרם,שופרסל,,טונה בשמן,גרמים,160.00,100 גרם,false,0,6.20,3.88,true,1,
7296073128229,false,שופרסל מעדן תות שדה284גר,LTD 99 CIMA,BG,מעדן תות שדה,גרמים,284.00,100 גרם,false,0,10.00,3.52,true,1,
7296073128267,false,מעדן פירות אדומ.שופר284ג,LTD 99 CIMA,BG,מעדן פירות אדומ.,גרמים,284.00,100 גרם,false,0,10.00,3.52,true,1,
7296073129431,false,פתיתים קוסקוס שופרסל500ג,"אסיף תעשיות מזון בע""\מ",IL,פתיתים קוסקוס,גרמים,500.00,100 גרם,false,0,4.90,0.98,true,1,
7296073129448,false,פתיתים טבעות שופרסל500גר,"אסיף תעשיות מזון בע""\מ",IL,פתיתים טבעות,גרמים,500.00,100 גרם,false,0,4.90,0.98,true,1,
7296073129455,false,פתיתים אורז שופרסל 500גר,"אסיף תעשיות מזון בע""\מ",IL,פתיתים אורז,גרמים,500.00,100 גרם,false,0,4.90,0.98,true,1,
7296073129479,false,פתיתים כוכבים שופרסל500ג,אסיף תעשיות מזון,IL,פתיתים כוכבים,גרמים,500.00,100 גרם,false,0,4.90,0.98,true,1,
7296073129516,false,נר נשמה 24 שעות שופרסל,שופרסל,IL,נר נשמה,יחידה,1.00,יחידה,false,0,2.00,2.00,true,1,
7296073129523,false,נר נשמה שבועי שופרסל,שופרסל,IL,נר נשמה שבועי,יחידה,1.00,יחידה,false,0,12.20,12.20,true,1,
7296073129530,false,נרות חימום בשקית 50 יח',שופרסל,IL,נרות חימום,יחידה,1.00,יחידה,false,0,9.90,9.90,true,1,
7296073129547,false,קנולה כבישה קרה שופרסל1ל,NV AOR,BE,שמן קנולה,ליטרים,1.00,ליטר,false,0,13.10,13.10,true,1,
7296073130499,false,"מיץ לימון שופרסל 200 מ""ל",סי פרווידר,IT,מיץ לימון שופרסל,מיליליטרים,200.00,"100 מ""ל",false,0,5.50,2.75,true,1,
7296073130635,false,נקטר אקזוטי שופרסל 1ליטר,שופרסל,IL,נקטר אקזוטי,ליטרים,1.00,ליטר,false,0,4.20,4.20,true,1,
7296073132165,false,ממרח קרם קקאו+אגוזים350ג,שופרסל,IT,ממרח קרם קקאו,גרמים,350.00,100 גרם,false,0,8.90,2.54,true,1,
7296073132448,false,שמן תירס שופרסל 1 ליטר,NV AOR,BE,שמן תירס שופרסל,ליטרים,1.00,ליטר,false,0,13.00,13.00,true,1,
7296073132462,false,לבבות דקל חתוכ.שופר400.ג,אינדוסטריה אגריקולה,EC,לבבות דקל,גרמים,400.00,100 גרם,false,0,8.00,2.00,true,1,
7296073132806,false,חרוזי זיתים שופרסל560גרם,קבוצת יבנה מוצרי מזון,IL,חרוזי זיתים,גרמים,560.00,100 גרם,false,0,8.30,1.48,true,1,
7296073132820,false,סלק בואקום 500 גרם,שופרסל,XX,סלק בואקום 500ג,גרמים,500.00,100 גרם,false,0,8.00,1.60,true,1,
7296073132936,false,עוגת מאפין שיש שופרסל400,גידרון,IL,עוגת מאפין,גרמים,400.00,100 גרם,false,0,9.90,2.48,true,1,
7296073132943,false,עוגת מאפין שוק.שופרסל400,גידרון,IL,עוגת מאפין,גרמים,400.00,100 גרם,false,0,9.90,2.48,true,1,
7296073132950,false,עוגת מאפין וניל שופר400ג,גידרון,IL,עוגת מאפין,גרמים,400.00,100 גרם,false,0,9.90,2.48,true,1,
7296073132967,false,מגבוני אף לתינוק 30 יח',שופרסל,IL,מגבוני אף לתינוק,יחידה,1.00,יחידה,false,0,8.00,8.00,true,1,
7296073132974,false,צלחות גדולות לבן שופרסל,שופרסל,,צלחות גדולות,יחידה,1.00,יחידה,false,0,19.90,19.90,true,1,
7296073132981,false,25צלחות בינונ.לבן שופרסל,שופרסל,IL,צלחות בינוניות,יחידה,1.00,יחידה,false,0,12.90,12.90,true,1,
7296073132998,false,25צלחות קטנות לבן שופרסל,שופרסל,IL,צלחות קטנות,יחידה,1.00,יחידה,false,0,9.90,9.90,true,1,
7296073133001,false,קערית מרק לבן אלגנט 25יח,שופרסל,,קעריות מרק,יחידה,1.00,יחידה,false,0,9.90,9.90,true,1,
7296073133056,false,צלחות קרם אלגנט גדולות,שופרסל,IL,צלחות קרם גדולות,יחידה,1.00,יחידה,false,0,19.90,19.90,true,1,
7296073133094,false,מגשים אובליים קרם שופרסל,שופרסל,,מגשים אובליים,יחידה,1.00,יחידה,false,0,19.90,19.90,true,1,
7296073133131,false,"מלח למדיח שופרסל 2 ק""ג",מלח הארץ אילת,IL,מלח למדיח שופרסל,קילוגרמים,2.00,"ק""ג",false,0,10.80,5.40,true,1,
7296073134534,false,קפה טורקי שופרסל 100 גרם,שופרסל,IL,קפה טורקי שופרסל,גרמים,100.00,100 גרם,false,0,5.00,5.00,true,1,
7296073134879,false,"משק""ל תפוזים שופרסל 1.5ל",שופרסל,IL,משקה קל תפוזים,ליטרים,1.50,ליטר,false,0,4.90,3.27,true,1,
7296073134886,false,"משק""ל אשכוליות שופרסל1.5",שופרסל,IL,משקה קל אשכוליות,ליטרים,1.50,ליטר,false,0,4.90,3.27,true,1,
7296073134916,false,"משק""ל ענבים שופרסל 1.5 ל",שופרסל,IL,משקה קל ענבים,ליטרים,1.50,ליטר,false,0,4.90,3.27,true,1,
7296073137382,false,ספוג אובלי לרחצה שופרסל,שופרסל,CN,ספוג אובלי לרחצה,יחידה,1.00,יחידה,false,0,5.00,5.00,true,1,
7296073137603,false,זוג חצי בגט כמעט אפוי,שופרסל,FR,זוג חצי בגט,גרמים,300.00,100 גרם,false,0,7.80,2.60,true,1,
7296073137627,false,לחמניות חצי אפוי שופר4יח,שופרסל,FR,לחמניות 4יח',גרמים,300.00,100 גרם,false,0,7.80,2.60,true,1,
7296073140184,false,עוגת מאפין תפוז שופר400ג,גידרון,IL,עוגת מאפין תפוז,גרמים,400.00,100 גרם,false,0,9.90,2.48,true,1,
7296073140672,false,ממרח קרם קקאו שופרסל750ג,שופרסל,,ממרח קרם קקאו,גרמים,750.00,100 גרם,false,0,18.70,2.49,true,1,
7296073140979,false,60מגן תחתון נורמל שופרסל,קוראטקס,IL,מגן תחתון שופרסל,יחידה,1.00,יחידה,false,0,11.90,11.90,true,1,
7296073140986,false,52מגן תחתון לארג' שופרסל,שופרסל,IL,מגן תחתון שופרסל,יחידה,1.00,יחידה,false,0,11.90,11.90,true,1,
7296073140993,false,28 תחבושות נורמל+ שופרסל,קוראטקס,DE,תחבושות שופרסל,יחידה,1.00,יחידה,false,0,11.80,11.80,true,1,
7296073141006,false,24 תחבושות סופר+ שופרסל,קוראטקס,DE,תחבושות שופרסל,יחידה,1.00,יחידה,false,0,11.80,11.80,true,1,
7296073141082,false,נרות חימום בשקית,,IL,נרות חימום בשקית,יחידה,1.00,יחידה,false,0,19.60,19.60,true,1,
7296073141143,false,שוקולד חלב שופרסל100 גרם,"שוקולד פריי בע""מ",CH,שוקולד חלב,גרמים,100.00,100 גרם,false,0,5.00,5.00,true,1,
7296073141150,false,שוקולד מריר שוויצרי100ג,"שוקולד פריי בע""מ",CH,שוקולד מריר,גרמים,100.00,100 גרם,false,0,5.00,5.00,true,1,
7296073141907,false,צלחות קטנות שופרסל כחול,שופרסל,IL,צלחות קטנות,יחידה,1.00,יחידה,false,0,9.90,9.90,true,1,
7296073143727,false,פתיתים אפויים 3 צבעים500,"אסיף תעשיות מזון בע""\מ",IL,פתיתים קוסקוס,גרמים,500.00,100 גרם,false,0,5.90,1.18,true,1,
7296073143758,false,עוגת בראוניס שופרסל400גר,גידרון,IL,עוגת בראוניס,גרמים,400.00,100 גרם,false,0,13.80,3.45,true,1,
7296073146636,false,לפתן פירות,,TH,לפתן פירות,גרמים,850.00,100 גרם,false,0,8.40,0.99,true,1,
7296073146933,false,שוק.אוורירי מריר שופר100,"שוקולד פריי בע""מ",CH,שוקולד אוורירי,גרמים,100.00,100 גרם,false,0,5.00,5.00,true,1,
7296073150435,false,תערובת לעוגה,,,תערובת לעוגה,גרמים,560.00,100 גרם,false,0,14.00,2.50,true,1,
7296073150442,false,תערובת לכדורי שוקולד500ג,"י.כהן בע""מ",IL,תערובת לכדורים,גרמים,500.00,100 גרם,false,0,14.00,2.80,true,1,
7296073150466,false,תערובת לפנקייק שופרסל400,שופרסל,IL,תערובת לפנקייק,גרמים,400.00,100 גרם,false,0,14.00,3.50,true,1,
7296073150527,false,קורנפלקס שופרסל 750 גרם,שופרסל,,קורנפלקס שופרסל,גרמים,750.00,100 גרם,false,0,10.90,1.45,true,1,
7296073151463,false,פריכיות דקות דל נתרן100ג,"פרח תעשיות מזון בע""\מ",IL,פריכיות דקות,גרמים,100.00,100 גרם,false,0,6.40,6.40,true,1,
7296073151470,false,פריכיות קטנות 3דגנים 50ג,שופרסל,IL,פריכיות קטנות,גרמים,50.00,100 גרם,false,0,6.90,13.80,true,1,
7296073151487,false,פריכיות מיני תפוח 50 גרם,פרח תעשיות מזון,IL,פריכיות תפוח,גרמים,50.00,100 גרם,false,0,6.90,13.80,true,1,
7296073151524,false,צנימים שופרסל 320 גרם,שופרסל,IT,צנימים שופרסל,גרמים,320.00,100 גרם,false,0,8.60,2.69,true,1,
7296073151548,false,מלח בישול גס שופרסל 1 קג,מלח הארץ אילת,IL,מלח בישול שופרסל,קילוגרמים,1.00,"ק""ג",false,0,1.80,1.80,true,1,
7296073151555,false,מלח שולחן דק שופרסל 1 קג,מלח הארץ אילת,IL,מלח שולחן שופרסל,קילוגרמים,1.00,"ק""ג",false,0,1.80,1.80,true,1,
7296073151562,false,ג'ל אסלה ורוד שופרסל 55מ,שופרסל,,ג'ל אסלה ורוד,מיליליטרים,55.00,"100 מ""ל",false,0,8.80,16.00,true,1,
7296073153290,false,מזון לחתול מיקס שופרסל3ק,Tuffy's,IL,מזון לחתולים,קילוגרמים,3.00,"ק""ג",false,0,48.00,16.00,true,1,
7296073153337,false,מקרוני בוקטיני מס14 500ג,שופרסל,IT,מקרוני בוקטיני,גרמים,500.00,100 גרם,false,0,4.90,0.98,true,1,
7296073153849,false,זוג רדידי אלומיניום 7.2X,שופרסל,IL,זוג רדידי אלומינ,מטרים,15.00,מטר,false,0,9.80,0.65,true,1,
7296073153870,false,זוג רדידי אלומיניום רחב,שופרסל,IL,זוג רדידי אלומינ,מטרים,15.00,מטר,false,0,15.80,1.05,true,1,
7296073156246,false,עוגת בראוניס ש.צ'יפס400ג,גידרון,IL,עוגת בראוניס,גרמים,400.00,100 גרם,false,0,13.80,3.45,true,1,
7296073160663,false,פסטה פוסיליני מהירה500גר,שופרסל,,פסטה פוזילי,גרמים,500.00,100 גרם,false,0,5.90,1.18,true,1,
7296073161417,false,סודה ממים מינרליים 1.5ל',שופרסל,IT,משקה סודה,ליטרים,1.50,ליטר,false,0,2.90,1.93,true,1,
7296073161479,false,פריכ.תירס+זרעי פשתן 100ג,"פרח תעשיות מזון בע""\מ",IL,פריכיות תירס,גרמים,100.00,100 גרם,false,0,6.40,6.40,true,1,
7296073161516,false,שוק.מריר+אגוזים שלמ100*3,שופרסל,,שוקולד אגוז 3 יח,גרמים,300.00,100 גרם,false,0,14.90,4.97,true,1,
7296073161721,false,נייר אפיה שופרסל 50 דפים,שופרסל,NO,נייר אפיה שופרסל,יחידה,1.00,יחידה,false,0,12.90,12.90,true,1,
7296073161806,false,מנצ'ס 400גרם שופרסל,שופרסל,CN,מנצ'ס 400גרם,גרמים,400.00,100 גרם,false,0,12.90,3.23,true,1,
7296073161981,false,עוג.מילוי קרם שוק.שופ150,ויסנצ'י,,עוגיות קרם שוקו,גרמים,150.00,100 גרם,false,0,7.50,5.00,true,1,
7296073161998,false,עוג.מילוי קרם קפה שופ150,שופרסל,,עוגיות קרם קפה,גרמים,150.00,100 גרם,false,0,7.50,5.00,true,1,
7296073162520,false,ברזלית בצלינדר שופרסל6יח,פלסטו פוליש,IL,ברזלית בצלינדר,יחידה,1.00,יחידה,false,0,13.80,13.80,true,1,
7296073163084,false,נקניקיות וינר שופרסל400ג,מעדני יחיעם,IL,נקניקיות וינר,גרמים,400.00,100 גרם,false,0,11.80,2.95,true,1,
7296073163107,false,נקניקיות וינר שופרסל1.5ק,שופרסל,IL,נקניקיות וינר,קילוגרמים,1.50,"ק""ג",false,0,28.90,19.27,true,1,
7296073163114,false,נקניקיות מיני שופרסל600ג,מעדני יחיעם,IL,נקניקיות מיני,גרמים,600.00,100 גרם,false,0,15.30,2.55,true,1,
7296073169239,false,רוטב עגבניות לשקשוקה240ג,"זנלכל בע""\מ",,רוטב לשקשוקה,גרמים,260.00,100 גרם,false,0,3.90,1.50,true,1,
7296073169246,false,רוטב עגבניות לפסטה260גרם,"זנלכל בע""\מ",,רוטב לפסטה,גרמים,260.00,100 גרם,false,0,3.90,1.50,true,1,
7296073169543,false,40 מטליות רב שימושיות,שופרסל,IL,"מטליות רב""ש",יחידה,1.00,יחידה,false,0,18.70,18.70,true,1,
7296073169550,false,3 מטליות מיקרופייבר שופר,שופרסל,,מטליות מיקרופיבר,יחידה,1.00,יחידה,false,0,5.00,5.00,true,1,
7296073169796,false,שוקולד מריר נוגט+שקד100ג,שופרסל,,שוקולד מריר נוגט,גרמים,100.00,100 גרם,false,0,7.80,7.80,true,1,
7296073169802,false,שוק.חלב נוגט+שקד+שופר100,שופרסל,,שוקולד חלב נוגט,גרמים,100.00,100 גרם,false,0,7.80,7.80,true,1,
7296073169840,false,שוק.חלב ל.סוכר שופרסל100,"שוקולד פריי בע""מ",,שוקולד ללא סוכר,גרמים,100.00,100 גרם,false,0,8.80,8.80,true,1,
7296073170143,false,מטליות לניקוי כללי 50יח,שופרסל,,מטליות לחות,יחידה,1.00,יחידה,false,0,9.90,9.90,true,1,
7296073170150,false,דפים למייבש שופרסל 100יח,שופרסל,,דפים למייבש,יחידה,1.00,יחידה,false,0,19.70,19.70,true,1,
7296073170167,false,וופל בלגי מצופה שופרס400,גילרו,IL,ופל בלגי מצופה,גרמים,400.00,100 גרם,false,0,9.80,2.45,true,1,
7296073170464,false,סודה ממים מינרלים 1.5*4ל,שופרסל,,סודה שופרסל 4 יח,ליטרים,6.00,ליטר,false,0,9.40,1.57,true,1,
7296073170839,false,שוקולד לבן שוויצרי 100גר,"שוקולד פריי בע""מ",,שוקולד לבן,גרמים,100.00,100 גרם,false,0,5.00,5.00,true,1,
7296073170853,false,צ'יפס קלאסי שופרסל 2.5קג,"תעשיות תפוגן בע""\מ",IL,צ'יפס קלאסי,קילוגרמים,2.50,"ק""ג",false,0,29.90,11.96,true,1,
7296073170860,false,צ'יפס קלאסי שופרסל 1.5קג,"תעשיות תפוגן בע""\מ",IL,צ'יפס קלאסי,קילוגרמים,1.50,"ק""ג",false,0,22.90,15.27,true,1,
7296073170877,false,צ'יפס אמריקאי שופרסל 1.5,"תעשיות תפוגן בע""\מ",IL,צ'יפס אמריקאי,קילוגרמים,1.50,"ק""ג",false,0,22.90,15.27,true,1,
7296073170884,false,סטייק צ'יפס שופרסל 1.5קג,"תעשיות תפוגן בע""\מ",IL,סטייק צ'יפס,קילוגרמים,1.50,"ק""ג",false,0,22.90,15.27,true,1,
7296073170891,false,צ'יפס זיגזג שופרסל 1.5קג,"תעשיות תפוגן בע""\מ",IL,צ'יפס זיגזג,קילוגרמים,1.50,"ק""ג",false,0,22.90,15.27,true,1,
7296073170921,false,30 מגני תחתון פלקסיפורם,שופרסל,IL,מגני תחתון,יחידה,1.00,יחידה,false,0,6.80,6.80,true,1,
7296073170938,false,44 מגני תחתון לונג +,קוראטקס,IL,מגני תחתון,יחידה,1.00,יחידה,false,0,11.90,11.90,true,1,
7296073171126,false,שוק.לבן שוויצרי 100*3 גר,"שוקולד פריי בע""מ",,שוקולד לבן 3 יח',גרמים,300.00,100 גרם,false,0,13.80,4.60,true,1,
7296073173199,false,אפונה ירוקה עדינה שופרסל,שופרסל,IL,אפונה עדינה,גרמים,600.00,100 גרם,false,0,14.90,2.48,true,1,
7296073173229,false,שעועית ירוקה חתוכה שופרס,ARDO,BE,שעועית ירוקה,גרמים,800.00,100 גרם,false,0,14.80,1.85,true,1,
7296073173304,false,"קמח חיטה לאפיית לחם 1ק""ג",שופרסל,,קמח לאפית לחם,קילוגרמים,1.00,"ק""ג",false,0,5.90,5.90,true,1,
7296073174189,false,תבניות קרטון,,,תבניות קרטון,יחידה,1.00,יחידה,false,0,8.90,8.90,true,1,
7296073174721,false,אטבי כביסה שופרסל 48 יח',שופרסל,,אטבי כביסה,יחידה,1.00,יחידה,false,0,19.70,19.70,true,1,
7296073178828,false,ממחטות אף שופרסל 230 יח',שופרסל,,ממחטות אף שופרסל,יחידה,1.00,יחידה,false,0,6.80,6.80,true,1,
7296073178972,false,"חומץ בלסמי שופרסל 500מ""ל",שופרסל,,חומץ בלסמי,מיליליטרים,500.00,"100 מ""ל",false,0,17.90,3.58,true,1,
7296073179405,false,לקט ירקות שופרסל 800גרם,COMPANY FRESH IBERFRESCO,IL,לקט ירקות,גרמים,800.00,100 גרם,false,0,16.80,2.10,true,1,
7296073179689,false,עינוגי פקאן שופרסל 400גר,שופרסל,DE,עינוגי פקאן,גרמים,400.00,100 גרם,false,0,17.90,4.48,true,1,
7296073179863,false,דבש טבעי לחיץ שופרסל250ג,שופרסל,,דבש לחיץ,גרמים,250.00,100 גרם,false,0,14.90,5.96,true,1,
7296073180425,false,רוטב פסטה שום+אורגנו350ג,,,רוטב לפסטה,גרמים,350.00,100 גרם,false,0,10.80,3.09,true,1,
7296073180432,false,רוטב לפסטה בזיליקום 350ג,,,רוטב לפסטה,גרמים,350.00,100 גרם,false,0,10.80,3.09,true,1,
7296073180449,false,רוטב לפסטה,,,רוטב לפסטה,גרמים,350.00,100 גרם,false,0,10.80,3.09,true,1,
7296073180630,false,מטליות לחות לרצפה 10יח,טרופיקל דגיל,IL,מטליות לחות,יחידה,1.00,יחידה,false,0,9.80,9.80,true,1,
7296073180852,false,חטיפי דגנים 5 יח,,,חטיפי דגנים 5 יח,גרמים,210.00,100 גרם,false,0,11.90,5.67,true,1,
7296073180869,false,חטיפי דגנים 5 יח,,,חטיפי דגנים 5 יח,גרמים,210.00,100 גרם,false,0,11.90,5.67,true,1,
7296073180944,false,מטלית רצפה,,CN,מטלית רצפה,יחידה,1.00,יחידה,false,0,8.80,8.80,true,1,
7296073187363,false,פחם דרום אמריקאי,,PY,פחם דרום אמריקאי,קילוגרמים,2.00,"ק""ג",false,0,12.90,6.45,true,1,
7296073188520,false,נייר סנדביץ,,PL,נייר סנדביץ,יחידה,1.00,יחידה,false,0,11.70,11.70,true,1,
7296073188674,false,חטיפי קרקר,,,חטיפי קרקר,גרמים,350.00,100 גרם,false,0,8.90,2.54,true,1,
7296073188711,false,חטיפי קרקר,,,חטיפי קרקר,גרמים,350.00,100 גרם,false,0,8.90,2.54,true,1,
7296073189282,false,פולי סויה בקליפה 450גרם,LTD NEWLAND,CN,פולי סויה,גרמים,450.00,100 גרם,false,0,11.90,2.64,true,1,
7296073189558,false,קרקר מלוח,,IL,קרקר מלוח,גרמים,220.00,100 גרם,false,0,6.40,2.91,true,1,
7296073189572,false,פקאן סיני 200גרם שופרסל,שקרצי,IL,פקאן סיני 200גרם,גרמים,200.00,100 גרם,false,0,22.70,11.35,true,1,
7296073189589,false,פקאן טבעי 200גרם שופרסל,שקרצי,IL,פקאן טבעי 200גרם,גרמים,200.00,100 גרם,false,0,24.70,12.35,true,1,
7296073189596,false,בוטן מטוגן200גרם שופרסל,שקרצי,IL,בוטן מטוגן200גרם,גרמים,200.00,100 גרם,false,0,8.80,4.40,true,1,
7296073189602,false,בוטן מטוגן 400גרם שופרסל,שקרצי,IL,בוטן מטוגן,גרמים,400.00,100 גרם,false,0,15.90,3.98,true,1,
7296073190615,false,פריכיות אורז,,,פריכיות אורז,גרמים,264.00,100 גרם,false,0,13.90,5.27,true,1,
7296073190783,false,מדליק פחמים,,DE,מדליק פחמים,יחידה,1.00,יחידה,false,0,6.80,6.80,true,1,
7296073191162,false,יין אדום מתוק קדרון650מל,הכורמים,IL,יין אדום קדרון,מיליליטרים,650.00,"100 מ""ל",false,0,10.00,1.54,true,1,
7296073191421,false,קפה טורקי 4 יח,,IL,קפה טורקי 4 יח,גרמים,400.00,100 גרם,false,0,17.90,4.48,true,1,
7296073191445,false,ג'ל מסיר כתמים,,IL,ג'ל מסיר כתמים,ליטרים,3.00,ליטר,false,0,22.70,7.57,true,1,
7296073191452,false,מסיר כתמים מרסס,,IL,מסיר כתמים מרסס,מיליליטרים,750.00,"100 מ""ל",false,0,9.80,1.31,true,1,
7296073192633,false,שעועית לבנה שופרסל 800גר,פרי גליל,GB,שעועית לבנה,גרמים,800.00,100 גרם,false,0,16.80,2.10,true,1,
7296073192657,false,גרגרי חומוס שופרסל 800גר,פרי גליל,GB,גרגרי חומוס,גרמים,800.00,100 גרם,false,0,15.80,1.98,true,1,
7296073192893,false,סבון כחול שופרסל 500*3,אמיליה קוסמטיקס,IL,סבון שופרסל,ליטרים,1.50,ליטר,false,0,13.80,9.20,true,1,
7296073192930,false,סבון ורוד שופרסל 500*3,אמיליה קוסמטיקס,IL,סבון שופרסל,ליטרים,1.50,ליטר,false,0,13.80,9.20,true,1,
7296073195115,false,דייסת קורנפלור שופרסל200,שופרסל,IL,דייסת קורנפלור,גרמים,200.00,100 גרם,false,0,7.90,3.95,true,1,
7296073195146,false,דייסת שיבולת שופרסל200,שופרסל,IL,דייסת שיבולת,גרמים,200.00,100 גרם,false,0,7.90,3.95,true,1,
7296073195252,false,פריכיות אורז מלא גרין100,"פרח תעשיות מזון בע""\מ",IL,פריכיות אורז מלא,גרמים,100.00,100 גרם,false,0,6.80,6.80,true,1,
7296073195269,false,פריכיות אורז מלא+קינואה,פרח תעשיות מזון,IL,פריכיות קינואה,גרמים,100.00,100 גרם,false,0,6.80,6.80,true,1,
7296073195894,false,אטריות דקיקות שופרסל400ג,שיבולים בני דרום,IL,אטריות דקיקות,גרמים,400.00,100 גרם,false,0,4.90,1.23,true,1,
7296073195900,false,אטריות דקות שופרסל 400ג,שיבולים בני דרום,IL,אטריות דקות,גרמים,400.00,100 גרם,false,0,4.90,1.23,true,1,
7296073195924,false,אטריות רחבות שופרסל400ג,שיבולים בני דרום,IL,אטריות דקות,גרמים,400.00,100 גרם,false,0,4.90,1.23,true,1,
7296073197461,false,שוקולד חלב 100*3 גרם,"שוקולד פריי בע""מ",CH,שוקולד חלב 3 יח,גרמים,300.00,100 גרם,false,0,12.90,4.30,true,1,
7296073197478,false,שוקולד מריר שוויצרי100*3,"שוקולד פריי בע""מ",CH,שוקולד מריר 3 יח,גרמים,300.00,100 גרם,false,0,12.90,4.30,true,1,
7296073199014,false,נודלס דק להקפצה 400 גרם,INDUSTRY ANLIDA LONGHAI FUJIAN,CN,נודלס דק להקפצה,גרמים,400.00,100 גרם,false,0,9.80,2.45,true,1,
7296073199274,false,קמח חיטה מלאה,,IL,קמח חיטה מלאה,קילוגרמים,1.00,"ק""ג",false,0,8.80,8.80,true,1,
7296073199342,false,סכינים חד פעמי,,CN,סכינים חד פעמי,יחידה,1.00,יחידה,false,0,5.90,5.90,true,1,
7296073199380,false,רוטב צ'ילי מתוק שופר810ג,תאי פרידה אינדסטרי,TH,רוטב צ'ילי מתוק,גרמים,810.00,100 גרם,false,0,12.80,1.58,true,1,
7296073200758,false,מיני קרוטונים,,AT,מיני קרוטונים,גרמים,400.00,100 גרם,false,0,19.70,4.93,true,1,
7296073200987,false,פטריות חתוכות 3 * 400 גר,פרוצ'אמפ,DE,פטריות חתוכות3יח,קילוגרמים,1.20,"ק""ג",false,0,11.90,9.92,true,1,
7296073201410,false,נודלס רחב להקפצה 400ג,פרוצ'אמפ,CN,נודלס רחב להקפצה,גרמים,400.00,100 גרם,false,0,9.80,2.45,true,1,
7296073201427,false,סילאן 350 גרם,,IL,סילאן 350 גרם,גרמים,350.00,100 גרם,false,0,8.80,2.51,true,1,
7296073201434,false,סילאן שופרסל,,IL,סילאן שופרסל,גרמים,900.00,100 גרם,false,0,13.80,1.53,true,1,
7296073202493,false,שוק.חלב שופרסל 100*6 גרם,"שוקולד פריי בע""מ",CH,שוקולד חלב 6 יח,גרמים,600.00,100 גרם,false,0,22.90,3.82,true,1,
7296073203391,false,"מיקס מזון לכלבים 3 ק""ג",EFFEFFE,IT,מיקס מזון לכלבים,קילוגרמים,3.00,"ק""ג",false,0,39.60,13.20,true,1,
7296073204879,false,שניצל תירס שופרסל 750גרם,תפוגן,IL,שניצל תירס,גרמים,750.00,100 גרם,false,0,18.90,2.52,true,1,
7296073204886,false,חטיפי תירס שופרסל 600גרם,תפוגן,IL,חטיפי תירס,גרמים,600.00,100 גרם,false,0,18.70,3.12,true,1,
7296073205081,false,מיונז,,IL,מיונז,גרמים,500.00,100 גרם,false,0,6.90,1.38,true,1,
7296073206682,false,טונה בשמן קנולה 160*4ג,"תעשיות פילטונה בע""מ",IL,טונה בשמן 4 יח,גרמים,640.00,100 גרם,false,0,19.90,3.11,true,1,
7296073207030,false,אל סבון לתינוק שופרסל750,אמיליה קוסמטיקס,IL,אל סבון לתינוק,מיליליטרים,750.00,"100 מ""ל",false,0,10.80,1.44,true,1,
7296073207047,false,"שמן לתינוק שופרסל 400מ""ל",אמיליה קוסמטיקס,IL,שמן לתינוק,מיליליטרים,400.00,"100 מ""ל",false,0,15.80,3.95,true,1,
7296073207078,false,בוטן קלוף קלוי וממולח300,ששון,IL,בוטן קלוף קלוי,גרמים,300.00,100 גרם,false,0,11.80,3.93,true,1,
7296073208136,false,סרדינים ש.סויה פיקנטי110,,TH,סרדינים פיקנטיים,גרמים,110.00,100 גרם,false,0,5.30,4.82,true,1,
7296073208624,false,סירופ סילאן לחיץ,,IL,סילאן לחיץ,גרמים,400.00,100 גרם,false,0,11.80,2.95,true,1,
7296073209249,false,ספגיות קירצוף 6 יחידות,פלסטו פוליש,IL,ספוגיות קירצוף,יחידה,1.00,יחידה,false,0,4.90,4.90,true,1,
7296073209928,false,בייגלה שטוח,,IL,בייגלה שטוח,גרמים,300.00,100 גרם,false,0,7.90,2.63,true,1,
7296073209935,false,בייגלה שטוח,,IL,בייגלה שטוח,גרמים,300.00,100 גרם,false,0,7.90,2.63,true,1,
7296073211624,false,פילה אמנון קפוא קג,שופרסל,CN,פילה אמנון,קילוגרמים,0.00,"ק""ג",true,0,39.90,39.90,true,1,
7296073211679,false,קורנפלקס ל.גלוטן גרין500,נקסקוב מילס,DK,קורנפלקס,גרמים,500.00,100 גרם,false,0,15.80,3.16,true,1,
7296073211693,false,לחם ללא גלוטן,,IL,לחם ללא גלוטן,יחידה,1.00,יחידה,false,0,14.80,14.80,true,1,
7296073211822,false,"רוטב סויה לבישול 700 מ""ל",תאי פרידה אינדסטרי,TH,רוטב סויה,מיליליטרים,700.00,"100 מ""ל",false,0,12.80,1.83,true,1,
7296073211969,false,וופל בלגי שופרסל 200 גרם,"גילרו בע""\מ",IL,וופל בלגי,גרמים,200.00,100 גרם,false,0,4.00,2.00,true,1,
7296073212089,false,מרק פטריות שופרסל 400גרם,פרי גליל,IL,מרק פטריות,גרמים,400.00,100 גרם,false,0,15.80,3.95,true,1,
7296073212126,false,מרק בצל שופרסל 400 גרם,פרי גליל,IL,מרק בצל,גרמים,400.00,100 גרם,false,0,15.80,3.95,true,1,
7296073213949,false,ג'ל כביסה מרוכז,,IL,ג'ל כביסה מרוכז,ליטרים,3.00,ליטר,false,0,21.70,7.23,true,1,
7296073214113,false,חצאי משמש בסירופ,,CN,חצאי משמש בסירופ,גרמים,820.00,100 גרם,false,0,8.80,1.07,true,1,
7296073214137,false,פלחי אפרסקים,,CN,פלחי אפרסקים,גרמים,820.00,100 גרם,false,0,7.90,0.96,true,1,
7296073214144,false,פלחי אפרסקים,,IL,פלחי אפרסקים,גרמים,312.00,100 גרם,false,0,4.90,1.57,true,1,
7296073215820,false,כורכום טחון,,IL,כורכום טחון,גרמים,100.00,100 גרם,false,0,7.70,7.70,true,1,
7296073215844,false,כורכום טחון,,IL,כורכום טחון,גרמים,40.00,100 גרם,false,0,5.90,14.75,true,1,
7296073215851,false,כורכום במיכל,,IL,כורכום במיכל,גרמים,100.00,100 גרם,false,0,9.80,9.80,true,1,
7296073215875,false,כמון טחון,,IL,כמון טחון,גרמים,100.00,100 גרם,false,0,7.70,7.70,true,1,
7296073215899,false,כמון טחון,,IL,כמון טחון,גרמים,100.00,100 גרם,false,0,10.80,10.80,true,1,
7296073215936,false,קנמון טחון,,IL,קנמון טחון,גרמים,80.00,100 גרם,false,0,9.80,12.25,true,1,
7296073215943,false,אורגנו בשקית,,IL,אורגנו בשקית,גרמים,20.00,100 גרם,false,0,5.30,26.50,true,1,
7296073215967,false,שוםגבישי,,IL,שוםגבישי,גרמים,100.00,100 גרם,false,0,9.50,9.50,true,1,
7296073215974,false,שום גבישי,,IL,שום גבישי,גרמים,120.00,100 גרם,false,0,10.80,9.00,true,1,
7296073216001,false,תערובת תיבול עוף,,IL,תערובת תיבול עוף,גרמים,100.00,100 גרם,false,0,7.70,7.70,true,1,
7296073216018,false,תערובת תיבול,,IL,תערובת תיבול,גרמים,100.00,100 גרם,false,0,7.70,7.70,true,1,
7296073216032,false,תערובת גריל עוף,,IL,תערובת גריל עוף,גרמים,150.00,100 גרם,false,0,10.80,7.20,true,1,
7296073216049,false,תערוב תיבול,,IL,תערוב תיבול,גרמים,100.00,100 גרם,false,0,6.30,6.30,true,1,
7296073216056,false,תיבול לשווארמה,,IL,תיבול לשווארמה,גרמים,100.00,100 גרם,false,0,7.70,7.70,true,1,
7296073216063,false,חוואג' למרק,,IL,חוואג' למרק,גרמים,100.00,100 גרם,false,0,7.70,7.70,true,1,
7296073216087,false,עלי דפנה,,IL,עלי דפנה,גרמים,20.00,100 גרם,false,0,6.00,30.00,true,1,
7296073216100,false,צ'ילי כתוש,,IL,צ'ילי כתוש,גרמים,25.00,100 גרם,false,0,6.00,24.00,true,1,
7296073216117,false,תערובת תיבול קאר,,IL,אבקת קרי,גרמים,100.00,100 גרם,false,0,5.60,5.60,true,1,
7296073216131,false,טימין,,IL,טימין,גרמים,20.00,100 גרם,false,0,6.70,33.50,true,1,
7296073216148,false,פלפל שחור טחון,,IL,פלפל שחור טחון,גרמים,100.00,100 גרם,false,0,12.20,12.20,true,1,
7296073216162,false,פלפל שחור,,IL,פלפל שחור,גרמים,100.00,100 גרם,false,0,12.90,12.90,true,1,
7296073216193,false,פלפל שחור,,IL,פלפל שחור,גרמים,90.00,100 גרם,false,0,14.90,16.56,true,1,
7296073216223,false,פפריקה מתוקה,,IL,פפריקה מתוקה,גרמים,80.00,100 גרם,false,0,6.10,7.63,true,1,
7296073216247,false,פפריקה מתוקה,,IL,פפריקה מתוקה,גרמים,100.00,100 גרם,false,0,10.80,10.80,true,1,
7296073216254,false,פפריקה מתוקה,,IL,פפריקה מתוקה,גרמים,400.00,100 גרם,false,0,22.70,5.68,true,1,
7296073216261,false,פפריקה מתוקה,,IL,פפריקה מתוקה,גרמים,80.00,100 גרם,false,0,6.10,7.63,true,1,
7296073216278,false,פפריקה מרוקאית,,IL,פפריקה מרוקאית,גרמים,90.00,100 גרם,false,0,8.80,9.78,true,1,
7296073216285,false,פפריקה מתוקה,,IL,פפריקה מתוקה,גרמים,400.00,100 גרם,false,0,22.80,5.70,true,1,
7296073216292,false,פפריקה חריפה,,IL,פפריקה חריפה,גרמים,80.00,100 גרם,false,0,6.10,7.63,true,1,
7296073216308,false,פפריקה חריפה,,IL,פפריקה חריפה,גרמים,100.00,100 גרם,false,0,10.80,10.80,true,1,
7296073216315,false,מלח לימון,,IL,מלח לימון,גרמים,100.00,100 גרם,false,0,6.60,6.60,true,1,
7296073216339,false,מלח לימון,,IL,מלח לימון,גרמים,700.00,100 גרם,false,0,22.70,3.24,true,1,
7296073218173,false,תיבול גריל דג,,IL,תיבול גריל דג,גרמים,100.00,100 גרם,false,0,5.60,5.60,true,1,
7296073218661,false,מטליות לרצפה 3יח,,CN,מטליות לרצפה 3יח,יחידה,1.00,יחידה,false,0,15.00,15.00,true,1,
7296073218753,false,פתי בר שופרסל 500 גרם,BV BISCUIT PALLY,NL,פתי בר,גרמים,500.00,100 גרם,false,0,5.00,1.00,true,1,
7296073218807,false,בישקוטים,,IT,בישקוטים,גרמים,200.00,100 גרם,false,0,6.80,3.40,true,1,
7296073218920,false,לחם אחיד פרוס שופרסל 750,מאפיית שלמה א. אנג'\ל בע,IL,לחם אחיד פרוס,גרמים,750.00,100 גרם,false,0,5.90,0.79,true,1,
7296073219101,false,אבקת כביסה,,IL,אבקת כביסה,קילוגרמים,7.00,"ק""ג",false,0,39.60,5.66,true,1,
7296073219118,false,אבקת כביסה,,IL,אבקת כביסה,קילוגרמים,2.50,"ק""ג",false,0,15.90,6.36,true,1,
7296073219149,false,פירורי לחם מוזהב,,IL,פירורי לחם מוזהב,גרמים,350.00,100 גרם,false,0,6.90,1.97,true,1,
7296073219156,false,פירורי לחם לבן,,IL,פירורי לחם לבן,גרמים,350.00,100 גרם,false,0,5.90,1.69,true,1,
7296073219255,false,קפה נמס,,IL,קפה נמס,גרמים,200.00,100 גרם,false,0,12.80,6.40,true,1,
7296073219262,false,קפה טורקי עם הל,,IL,קפה טורקי עם הל,גרמים,100.00,100 גרם,false,0,5.90,5.90,true,1,
7296073219347,false,לחם אחיד פרוס750ג שופרסל,מאפית ברמן,IL,לחם אחיד פרוס,גרמים,750.00,100 גרם,false,0,5.90,0.79,true,1,
7296073219354,false,משטח לייבוש כלים,,CN,משטח לייבוש כלים,יחידה,1.00,יחידה,false,0,8.80,8.80,true,1,
7296073219576,false,שקיות אשפה,,IL,שקיות אשפה,יחידה,1.00,יחידה,false,0,19.80,19.80,true,1,
7296073219675,false,פלפל שחור גרוס,,IL,פלפל שחור גרוס,גרמים,80.00,100 גרם,false,0,9.70,12.13,true,1,
7296073219897,false,פודינג וניל,,IL,פודינג וניל,גרמים,80.00,100 גרם,false,0,4.50,5.63,true,1,
7296073219927,false,ג'לי תות,,IL,ג'לי תות,גרמים,85.00,100 גרם,false,0,5.00,5.88,true,1,
7296073219941,false,חטיף דגנים שוקו+שוק23*6ג,back and Snack,AT,חטיף דגנים,גרמים,138.00,100 גרם,false,0,9.90,7.17,true,1,
7296073219958,false,חט.דגנים שוקו+מריר23*6ג,back and Snack,AT,חטיף דגנים,גרמים,138.00,100 גרם,false,0,9.90,7.17,true,1,
7296073219965,false,חט.דגנים שוק.חלב+בוט23*6,back and Snack,AT,חטיף בוטנים,גרמים,138.00,100 גרם,false,0,9.90,7.17,true,1,
7296073220008,false,ממתיק על בסיס סוכרלוז100,"ביסקול בע""מ",IL,ממתיק סוכרלוז,גרמים,100.00,100 גרם,false,0,17.70,17.70,true,1,
7296073220022,false,אבקת קקאו,,IL,אבקת קקאו,גרמים,150.00,100 גרם,false,0,8.80,5.87,true,1,
7296073220183,false,עוגיות שוקוצ'יפס,,DE,עוגיות שוקוצ'יפס,גרמים,225.00,100 גרם,false,0,7.90,3.51,true,1,
7296073220275,false,וופל ט.שוקולד שופרסל500ג,"מנעמים תעשיות מזון בע""\מ",IL,וופל טעם שוקולד,גרמים,500.00,100 גרם,false,0,8.90,1.78,true,1,
7296073220282,false,וופלים ט.לימון שופרסל500,"מנעמים תעשיות מזון בע""\מ",IL,וופל טעם לימון,גרמים,500.00,100 גרם,false,0,8.90,1.78,true,1,
7296073220398,false,חטיפי קרח,,IL,חטיפי קרח,מיליליטרים,800.00,"100 מ""ל",false,0,6.50,0.81,true,1,
7296073220404,false,פטל אדום קפוא שופרסל 300,d.o.o Lukowa,YU,פטל אדום,גרמים,300.00,100 גרם,false,0,16.90,5.63,true,1,
7296073220411,false,אוכמניות קפוא שופרסל 300,d.o.o Lukowa,YU,אוכמניות,גרמים,300.00,100 גרם,false,0,16.90,5.63,true,1,
7296073220435,false,מיקס פירות יער קפוא 300,d.o.o Lukowa,YU,מיקס פירות יער,גרמים,300.00,100 גרם,false,0,16.90,5.63,true,1,
7296073221319,false,מארז כפות בצבע קרם,.,IL,"כף קרם ח""פ",יחידה,1.00,יחידה,false,0,7.90,7.90,true,1,
7296073221326,false,"כפית קרם 100 יח,' 1.4גרם",.,IL,"כפית קרם ח""פ",יחידה,1.00,יחידה,false,0,5.90,5.90,true,1,
7296073221333,false,מארז מזלגות בצבע קרם,.,IL,"מזלג קרם ח""פ",יחידה,1.00,יחידה,false,0,7.90,7.90,true,1,
7296073221340,false,מארז סכינים בצבע קרם,.,IL,"סכין קרם ח""פ",יחידה,1.00,יחידה,false,0,7.90,7.90,true,1,
7296073221791,false,ופלים בטעם אגוזים 400 גר,"מנעמים תעשיות מזון בע""\מ",IL,וופל אגוזים,גרמים,400.00,100 גרם,false,0,8.90,2.23,true,1,
7296073222200,false,פסטרמה הודו על גחלים שופ,מעדני יחיעם,IL,פסטרמה הודו,גרמים,300.00,100 גרם,false,0,19.90,6.63,true,1,
7296073222217,false,צמד חמד שופרסל 600 גרם,מעדני יחיעם,IL,צמד חמד נקניק,גרמים,600.00,100 גרם,false,0,21.90,3.65,true,1,
7296073222224,false,פסטרמה ברביקיו דק דק140ג,מעדני יחיעם,IL,פסטרמה ברביקיו,גרמים,140.00,100 גרם,false,0,10.90,7.79,true,1,
7296073222231,false,פסטרמה בדבש דק דק 140 גר,מעדני יחיעם,IL,פסטרמה בדבש,גרמים,140.00,100 גרם,false,0,10.90,7.79,true,1,
7296073222262,false,קבנוס שופרסל 100 גרם,מעדני יחיעם,IL,קבנוס,גרמים,100.00,100 גרם,false,0,6.80,6.80,true,1,
7296073222279,false,נקניקיות וינר שופרסל 1קג,מעדני יחיעם,IL,נקניקיות וינר,קילוגרמים,1.00,"ק""ג",false,0,22.80,22.80,true,1,
7296073222309,false,ג'חנון קפוא שופרסל 650 ג,אופרה,IL,ג'חנון קפוא שופר,גרמים,650.00,100 גרם,false,0,11.80,1.82,true,1,
7296073222316,false,ג'חנון אפוי שופרסל 650ג,אופרה,IL,ג'חנון אפוי שופר,גרמים,650.00,100 גרם,false,0,14.80,2.28,true,1,
7296073222323,false,מלווח קפוא שופרסל700ג,אופרה,IL,מלווח קפוא שופרס,גרמים,700.00,100 גרם,false,0,11.80,1.69,true,1,
7296073222774,false,"כוסות קפה ח""פ",,IL,"כוסות קפה ח""פ",יחידה,1.00,יחידה,false,0,9.90,9.90,true,1,
7296073222866,false,פרוסות אננס בסירופ 820ג,Foods Tipco,TH,פרוסות אננס,גרמים,820.00,100 גרם,false,0,8.50,1.04,true,1,
7296073222880,false,סט עגול לבן עם פס כסף חד,.,IL,סט אוכל עגול לבן,יחידה,1.00,יחידה,false,0,79.00,79.00,true,1,
7296073223009,false,שמן זית,,IT,שמן זית,מיליליטרים,750.00,"100 מ""ל",false,0,29.90,3.99,true,1,
7296073223061,false,תה ירוק,,LK,תה ירוק,גרמים,37.00,100 גרם,false,0,14.80,40.00,true,1,
7296073223078,false,תה ירוק,,LK,תה ירוק,גרמים,37.00,100 גרם,false,0,14.80,40.00,true,1,
7296073223085,false,תה ירוק,,LK,תה ירוק,גרמים,37.00,100 גרם,false,0,14.80,40.00,true,1,
7296073223108,false,תה ארל גריי 25שק,,LK,תה ארל גריי 25שק,גרמים,37.00,100 גרם,false,0,9.80,26.49,true,1,
7296073223115,false,תה קלאסי,,LK,תה קלאסי,גרמים,150.00,100 גרם,false,0,7.90,5.27,true,1,
7296073223993,false,מזון חתולים,,IL,מזון חתולים,גרמים,400.00,100 גרם,false,0,6.90,1.73,true,1,
7296073224037,false,מזון כלבים,,FR,מזון כלבים,גרמים,400.00,100 גרם,false,0,6.80,1.70,true,1,
7296073224051,false,מזון כלבים,,FR,מזון כלבים,גרמים,400.00,100 גרם,false,0,6.80,1.70,true,1,
7296073224068,false,פילה סלמון קפוא שופרסל ק,שופרסל-ייבוא,XX,פילה סלמון קפוא,קילוגרמים,0.00,"ק""ג",true,1,59.90,59.90,true,1,
7296073224563,false,סלט טחינה שופרסל 400 גרם,סלטי שמיר,IL,סלט טחינה,גרמים,400.00,100 גרם,false,0,8.50,2.13,true,1,
7296073224570,false,חומוס אסלי שופרסל 400גרם,סלטי שמיר,IL,חומוס אסלי,גרמים,400.00,100 גרם,false,0,8.50,2.13,true,1,
7296073224587,false,כרוב אדום שופרסל 400 גרם,סלטי שמיר,IL,סלט כרוב אדום,גרמים,400.00,100 גרם,false,0,8.50,2.13,true,1,
7296073224594,false,סלט חציל במיונז שופר400ג,סלטי שמיר,IL,סלט חצילים מיונז,גרמים,400.00,100 גרם,false,0,8.50,2.13,true,1,
7296073224600,false,"חומוס שופרסל 1 ק""ג",סלטי שמיר,IL,סלט חומוס,קילוגרמים,1.00,"ק""ג",false,0,9.90,9.90,true,1,
7296073224631,false,"אורז פרסי שופרסל 1 ק""ג",ltd co produce Uthai,TH,אורז פרסי,קילוגרמים,1.00,"ק""ג",false,0,5.90,5.90,true,1,
7296073224761,false,חליטת נענע שופרסל 25שק,רפאלס,DE,חליטת נענע,גרמים,50.00,100 גרם,false,0,10.00,20.00,true,1,
7296073224778,false,חליטת ורד הבר שופרסל25שק,רפאלס,DE,חליטת ורד הבר,גרמים,62.00,100 גרם,false,0,10.00,16.13,true,1,
7296073224785,false,חליטת קמומיל שופרסל 25שק,רפאלס,DE,חליטת קמומיל,גרמים,37.00,100 גרם,false,0,10.00,27.03,true,1,
7296073224808,false,ג'ל כביסה שופרסל,,IL,ג'ל כביסה שופרסל,יחידה,1.00,יחידה,false,0,19.80,19.80,true,1,
7296073224815,false,מרכך מרוכז כחול,,IL,מרכך מרוכז כחול,ליטרים,1.00,ליטר,false,0,8.90,8.90,true,1,
7296073224822,false,מרכך מרוכז ורוד,,IL,מרכך מרוכז ורוד,ליטרים,1.00,ליטר,false,0,8.90,8.90,true,1,
7296073224839,false,מרכך מרוכז לבן,,IL,מרכך מרוכז לבן,ליטרים,1.00,ליטר,false,0,8.90,8.90,true,1,
7296073224846,false,מרכך מרוכז סגול,,IL,מרכך מרוכז סגול,ליטרים,1.00,ליטר,false,0,8.90,8.90,true,1,
7296073224884,false,לקט ירקות מעורבים 800גרם,ARDO,BE,לקט ירקות,גרמים,800.00,100 גרם,false,0,16.80,2.10,true,1,
7296073224891,false,אפונה ירוקה קפואה שופרסל,ARDO,BE,אפונה ירוקה,גרמים,800.00,100 גרם,false,0,11.90,1.49,true,1,
7296073224914,false,פלסטרים מבד,,IL,פלסטרים מבד,יחידה,1.00,יחידה,false,0,6.80,6.80,true,1,
7296073224976,false,חצאי אפרסקים,,GR,חצאי אפרסקים,גרמים,820.00,100 גרם,false,0,6.40,0.78,true,1,
7296073225003,false,לפתן ליצ'י,,CN,לפתן ליצ'י,גרמים,567.00,100 גרם,false,0,5.00,0.88,true,1,
7296073225072,false,לחמניות שופרסל 6יח75*גר,מאפיית שלמה א. אנג'\ל בע,IL,לחמניות 6יחידות,גרמים,450.00,100 גרם,false,0,8.90,1.98,true,1,
7296073225157,false,עוגת שמרים עם פרג 400גרם,גידרון,IL,עוגת שמרים,גרמים,400.00,100 גרם,false,0,13.80,3.45,true,1,
7296073225164,false,עוגת שמרים עם שוקולד400ג,גידרון,IL,עוגת שמרים,גרמים,400.00,100 גרם,false,0,13.80,3.45,true,1,
7296073225171,false,עוגת שמרים עם קינמון400ג,גידרון,IL,עוגת שמרים,גרמים,400.00,100 גרם,false,0,13.80,3.45,true,1,
7296073225256,false,גרעין חמנייה קליית עפולה,ששון,IL,גרעין חמנייה,גרמים,200.00,100 גרם,false,0,6.80,3.40,true,1,
7296073225270,false,עוגיות בציפוי,,IT,עוגיות בציפוי,גרמים,300.00,100 גרם,false,0,5.00,1.67,true,1,
7296073225287,false,עוגיות חיטה מלאה,,IT,עוגיות חיטה מלאה,גרמים,300.00,100 גרם,false,0,5.00,1.67,true,1,
7296073225454,false,פטל שחור קפוא שופרסל 300,d.o.o Lukowa,YU,פטל שחור קפוא,גרמים,300.00,100 גרם,false,0,16.90,5.63,true,1,
7296073225461,false,פיצה מרגריטה 350גרם,SOCICO CON S.R.L AR,IT,פיצה מרגריטה,גרמים,350.00,100 גרם,false,0,14.90,4.26,true,1,
7296073225478,false,פיצה מרגריטה עם זיתים360,SOCICO CON S.R.L AR,IT,פיצה עם זיתים,יחידה,1.00,יחידה,false,0,15.80,15.80,true,1,
7296073225492,false,רוטב עגבני.מרוכז22% 260ג,פריניר,IL,רסק עגבניות,גרמים,260.00,100 גרם,false,0,3.10,1.19,true,1,
7296073225508,false,כוסות קפה גדולות שופרסל,.,CN,כוסות קפה גדולות,יחידה,1.00,יחידה,false,0,12.90,12.90,true,1,
7296073225515,false,"מכסים לכוסות קפה ח""פ 50",.,CN,מכסים לכוסות קפה,יחידה,1.00,יחידה,false,0,8.90,8.90,true,1,
7296073225522,false,כוסות אספרסו חד פעמי 50,.,CN,"כוסות אספרסו ח""פ",יחידה,1.00,יחידה,false,0,5.90,5.90,true,1,
7296073225560,false,"ופלים שוקולד ללת""ס200גרם","מנעמים תעשיות מזון בע""\מ",IL,וופל שוקולד ללתס,גרמים,200.00,100 גרם,false,0,6.80,3.40,true,1,
7296073225577,false,"וופל בלגי שוקו.ללת""ס200ג",גילרו,IL,וופל בלגי שוקולד,גרמים,200.00,100 גרם,false,0,7.80,3.90,true,1,
7296073225591,false,אורז בסמטי,,IN,אורז בסמטי,קילוגרמים,1.00,"ק""ג",false,0,12.80,12.80,true,1,
7296073225607,false,חטיפי קרקר,,IT,חטיפי קרקר,גרמים,150.00,100 גרם,false,0,7.80,5.20,true,1,
7296073225744,false,חצילים על האש שופרסל400ג,סלטי שמיר,IL,סלט חצילים,גרמים,400.00,100 גרם,false,0,8.50,2.13,true,1,
7296073225751,false,חציל בטחינה 400 גרם,סלטי שמיר,IL,סלט חציל בטיחנה,גרמים,400.00,100 גרם,false,0,8.50,2.13,true,1,
7296073225768,false,סלט מטבוחה שופרסל 400גרם,סלטי שמיר,IL,סלט מטבוחה,גרמים,400.00,100 גרם,false,0,8.50,2.13,true,1,
7296073225775,false,רצועות סלק שופרסל 400גרם,סלטי שמיר,IL,סלט סלק שופרסל,גרמים,400.00,100 גרם,false,0,8.50,2.13,true,1,
7296073225782,false,פוקט טישיו 6 יח,,IT,פוקט טישיו 6 יח,יחידה,1.00,יחידה,false,0,9.80,9.80,true,1,
7296073226154,false,ביסקוויט שוקולד מריר125,.,DE,ביסקוויט מצופה,גרמים,125.00,100 גרם,false,0,5.00,4.00,true,1,
7296073226161,false,ביסקוויט שוקולד חלב125גר,.,DE,ביסקוויט מצופה,גרמים,125.00,100 גרם,false,0,5.00,4.00,true,1,
7296073226291,false,חיתולים שופרסל,,IL,חיתולים שופרסל,יחידה,1.00,יחידה,false,0,29.90,29.90,true,1,
7296073226307,false,חיתולים שופרסל,,IL,חיתולים שופרסל,יחידה,1.00,יחידה,false,0,29.90,29.90,true,1,
7296073226314,false,חיתולים שופרסל,,IL,חיתולים שופרסל,יחידה,1.00,יחידה,false,0,29.90,29.90,true,1,
7296073226321,false,חיתולים שופרסל,,IL,חיתולים שופרסל,יחידה,1.00,יחידה,false,0,29.90,29.90,true,1,
7296073226338,false,חיתולים שופרסל,,IL,חיתולים שופרסל,יחידה,1.00,יחידה,false,0,29.90,29.90,true,1,
7296073226529,false,וופל קוביות שוקולד 250גר,בלקוני,IT,וופל קוביות,גרמים,250.00,100 גרם,false,0,10.80,4.32,true,1,
7296073226536,false,וופל קוביות קרם אגוז250ג,בלקוני,IT,וופל קוביות,גרמים,250.00,100 גרם,false,0,10.80,4.32,true,1,
7296073226680,false,חט.דגנים שוק.חלב+ביסקויט,back and Snack,IL,חטיף דגנים,גרמים,138.00,100 גרם,false,0,9.90,7.17,true,1,
7296073226970,false,סלט חומוס+טחינה שופר400ג,סלטי שמיר,IL,חומוס עם טחינה,גרמים,400.00,100 גרם,false,0,8.50,2.13,true,1,
7296073226987,false,סלט חומוס+מסבחה שופר400ג,סלטי שמיר,IL,חומוס עם מסבחה,גרמים,400.00,100 גרם,false,0,8.50,2.13,true,1,
7296073226994,false,סלט חומוס עם חריף 400גרם,סלטי שמיר,IL,חומוס עם חריף,גרמים,400.00,100 גרם,false,0,8.50,2.13,true,1,
7296073227069,false,משקה בטעם ענבים,,IL,מים בטעם ענבים,ליטרים,1.50,ליטר,false,0,4.90,3.27,true,1,
7296073227083,false,משקה בטעם תפוח,,IL,מים בטעם תפוח,ליטרים,1.50,ליטר,false,0,4.90,3.27,true,1,
7296073227090,false,משקה בטעם אפרסק,,IL,מים בטעם אפרסק,ליטרים,1.50,ליטר,false,0,4.90,3.27,true,1,
7296073228851,false,מגבונ.ללא בישום 64*5יח,שופרסל,IL,מגבונים,יחידה,1.00,יחידה,false,0,23.90,23.90,true,1,
7296073229667,false,סירופ טעם מייפל,,IL,סירופ טעם מייפל,גרמים,600.00,100 גרם,false,0,10.80,1.80,true,1,
7296073229704,false,ג'ל רחצה פפאיה שופרסל750,"טרופיקל דגיל תעשיות קוסמטיקה בע""מ",IL,ג'ל רחצה,מיליליטרים,750.00,"100 מ""ל",false,0,8.80,1.17,true,1,
7296073229711,false,ג'ל רח.פסיפלורה שופרס750,"טרופיקל דגיל תעשיות קוסמטיקה בע""מ",IL,ג'ל רחצה,מיליליטרים,750.00,"100 מ""ל",false,0,8.80,1.17,true,1,
7296073229735,false,תחליב רח.קלאסי שופרסל750,"טרופיקל דגיל תעשיות קוסמטיקה בע""מ",IL,תחליב רחצה,מיליליטרים,750.00,"100 מ""ל",false,0,8.80,1.17,true,1,
7296073229759,false,תחליב רח.ונילה שופרסל750,"טרופיקל דגיל תעשיות קוסמטיקה בע""מ",IL,תחליב רחצה,מיליליטרים,750.00,"100 מ""ל",false,0,8.80,1.17,true,1,
7296073229872,false,קטשופ שופרסל 750 גרם,סוגל,PT,קטשופ,גרמים,750.00,100 גרם,false,0,8.80,1.17,true,1,
7296073229889,false,"קטשופ שופרסל 1 ק""ג",סוגל,PT,קטשופ,קילוגרמים,1.00,"ק""ג",false,0,11.40,11.40,true,1,
7296073229940,false,"אורז בסמטי בצנצנת 1 ק""ג",.,IN,אורז בסמטי,קילוגרמים,1.00,"ק""ג",false,0,13.90,13.90,true,1,
7296073229964,false,פיצוצי שוקו,,IL,פיצוצי שוקו,גרמים,750.00,100 גרם,false,0,14.80,1.97,true,1,
7296073230021,false,מנקה רצפות כחול 2 ליטר,קליר כימיקלים,IL,מנקה רצפות כחול,ליטרים,2.00,ליטר,false,0,10.00,5.00,true,1,
7296073230038,false,מנקה רצפות ורוד 2 ליטר,קליר כימיקלים,IL,מנקה רצפות,ליטרים,2.00,ליטר,false,0,10.00,5.00,true,1,
7296073230045,false,מנקה רצפות סגול 2 ליטר,קליר כימיקלים,IL,מנקה רצפות,ליטרים,2.00,ליטר,false,0,10.00,5.00,true,1,
7296073230052,false,מנקה רצפות דוחה חרקים2ל,קליר כימיקלים,IL,מנקה רצפות,ליטרים,2.00,ליטר,false,0,15.00,7.50,true,1,
7296073230069,false,מנקה רצפות פרקט 2 ליטר,קליר כימיקלים,IL,מנקה רצפות,ליטרים,2.00,ליטר,false,0,15.00,7.50,true,1,
7296073230076,false,מנקה רצפות שיש וקרמיקה2ל,קליר כימיקלים,IL,מנקה רצפות,ליטרים,2.00,ליטר,false,0,15.00,7.50,true,1,
7296073230106,false,"סלט תפו""א שופרסל 400 גרם",סלטי שמיר,IL,"סלט תפו""א",גרמים,400.00,100 גרם,false,0,8.50,2.13,true,1,
7296073230113,false,לפתן פירות בסירופ קל225ג,.,CN,לפתן פירות,גרמים,225.00,100 גרם,false,0,4.50,2.00,true,1,
7296073230410,false,"כוסות קפה ח""פ",,IL,"כוסות קפה ח""פ",יחידה,1.00,יחידה,false,0,7.90,7.90,true,1,
7296073230519,false,ניילון נצמד 150 מטר,אופל אריזות,IL,ניילון נצמד,מטרים,150.00,מטר,false,0,25.70,0.17,true,1,
7296073230618,false,"אורז תאילנדי 1 ק""ג",ltd co produce Uthai,TH,אורז תאילנדי,קילוגרמים,1.00,"ק""ג",false,0,4.80,4.80,true,1,
7296073230632,false,דגני טבעות דבש 500 גרם,UAB FOODS CERERA,LT,טבעות דבש,גרמים,500.00,100 גרם,false,0,10.00,2.00,true,1,
7296073230663,false,מגבות נייר שופרסל 8 גל.,"שניב תעשיות נייר בע""\מ",IL,מגבות נייר,מטרים,84.00,מטר,false,0,11.90,0.14,true,1,
7296073230700,false,אקונומיקה מבושמת 4 ליטר,קליר כימיקלים,IL,אקונומיקה מבושמת,ליטרים,4.00,ליטר,false,0,8.90,2.23,true,1,
7296073230724,false,אקונומיקה 4 ליטר,קליר כימיקלים,IL,אקונומיקה 4 ליטר,ליטרים,4.00,ליטר,false,0,8.80,2.20,true,1,
7296073230731,false,נוזל כלים 24% תפוח 750מל,קליר כימיקלים,IL,נוזל לכלים תפוח,מיליליטרים,750.00,"100 מ""ל",false,0,6.90,0.92,true,1,
7296073230755,false,מיץ ענבים תירוש 1 ליטר,יקבי ירושלים,IL,מיץ ענבים תירוש,ליטרים,1.00,ליטר,false,0,10.00,10.00,true,1,
7296073230816,false,נוזל לכלים 24% לימון750מ,קליר כימיקלים,IL,נוזל לכלים לימון,מיליליטרים,750.00,"100 מ""ל",false,0,6.90,0.92,true,1,
7296073230823,false,"מסיר לק שופרסל 150 מ""ל",ש.שוורץ,IL,מסיר לק,מיליליטרים,150.00,"100 מ""ל",false,0,9.80,6.53,true,1,
7296073230854,false,קינואה שופרסל 500 גרם,granos dr procesadora,PE,קינואה,גרמים,500.00,100 גרם,false,0,11.90,2.38,true,1,
7296073230885,false,גלילי וופל קרם אגוזים100,"מנעמים תעשיות מזון בע""\מ",IL,גלילי וופל,גרמים,100.00,100 גרם,false,1,4.90,4.90,true,1,
7296073230939,false,מים מינרלים שופרסל1.5*6ל,LTD TRADE NOVA,BG,מים שופרסל 6 יח,ליטרים,9.00,ליטר,false,0,9.90,1.10,true,1,
7296073231240,false,חט.פריכיות שוקו חלב18*5ג,בנליין פודס,YU,חטיף פריכיות,גרמים,90.00,100 גרם,false,1,8.90,9.89,true,1,
7296073231271,false,מרכ.כביסה ורוד שופרסל 4ל,גליל כימיקלים,IL,מרכך כביסה,ליטרים,4.00,ליטר,false,1,12.90,3.23,true,1,
7296073231288,false,מרכך כביסה סגול 4 ליטר,גליל כימיקלים,IL,מרכך כביסה,ליטרים,4.00,ליטר,false,1,12.90,3.23,true,1,
7296073231295,false,מרכ.כביסה כחול שופרסל 4ל,גליל כימיקלים,IL,מרכך כביסה,ליטרים,4.00,ליטר,false,1,12.90,3.23,true,1,
7296073231547,false,חלב 1% בקרטון שופרסל 1ל,מחלבות רמת הגולן,IL,חלב 1% קרטון 1ל',ליטרים,1.00,ליטר,false,1,5.00,5.00,true,1,
7296073231554,false,חלב 3% בקרטון שופרסל 1ל,מחלבות רמת הגולן,IL,חלב 3% קרטון 1ל',ליטרים,1.00,ליטר,false,1,5.10,5.10,true,1,
7296073231561,false,שמנת עמידה לקצפת38% 250ג,מחלבות רמת הגולן,IL,שמנת עמידה 38%,מיליליטרים,250.00,"100 מ""ל",false,1,5.50,2.20,true,1,
7296073231578,false,שוקו בקרטון שופרסל 1 ל',מחלבות רמת הגולן,IL,שוקו קרטון 1ליטר,ליטרים,1.00,ליטר,false,1,8.90,8.90,true,1,
7296073231707,false,"שוקו בשקית שופרסל225 מ""ל",מחלבות רמת הגולן,IL,שוקו בשקית,מיליליטרים,225.00,"100 מ""ל",false,1,2.20,0.98,true,1,
7296073231752,false,סינמון- דגני קינמון 50גר,סררה פודס,LT,סינמון דגנים,גרמים,50.00,100 גרם,false,1,2.50,5.00,true,1,
7296073231769,false,חול לחתולים נטול ריח10ק,בנטס בנטוניט,TR,חול לחתלים,קילוגרמים,10.00,"ק""ג",false,1,54.90,5.49,true,1,
7296073232124,false,גב.פרמז'ן קשה27%שופר200ג,.,IT,משולש פרמז'ן,גרמים,200.00,100 גרם,false,1,20.90,10.45,true,1,
7296073232377,false,חלב1% נטול לקטוז גרין1ל,מחלבת רמת-הגולן,IL,חלב נטול לקטוז,ליטרים,1.00,ליטר,false,1,7.90,7.90,true,1,
7296073232384,false,שוקו נטול לקטוז1%גרין1ל,מחלבות רמת הגולן,IL,שוקו נטול לקטוז,ליטרים,1.00,ליטר,false,1,7.90,7.90,true,1,
7296073232391,false,"סוכר לבן שופרסל 1 ק""ג","אגרנה צוקר בע""מ",AT,סוכר לבן,קילוגרמים,1.00,"ק""ג",false,1,3.90,3.90,true,1,
7296073232438,false,משקה חלב מועשר 1% 1ליטר,מחלבות רמת הגולן,IL,משקה חלב מועשר1%,ליטרים,1.00,ליטר,false,1,7.90,7.90,true,1,
7296073232445,false,משקה חלב מועשר 3% 1 ליטר,מחלבות רמת הגולן,IL,משקה חלב מועשר3%,ליטרים,1.00,ליטר,false,1,7.90,7.90,true,1,
7296073232629,false,מרגרינה ללא מלח 200 גרם,בסלר גידה וה קימייה סאן,TR,מרגרינה ללא מלח,גרמים,200.00,100 גרם,false,1,3.80,1.90,true,1,
7296073232636,false,מרגרינה בטעם חמאה 200 גר,בסלר גידה וה קימייה סאן,TR,מרגרינה ט.חמאה,גרמים,200.00,100 גרם,false,1,3.80,1.90,true,1,
7296073232643,false,חטיפי וופל קרם אגוזים150,חברת איבר קקאו,ES,חטיפי וופל,גרמים,150.00,100 גרם,false,1,5.00,3.33,true,1,
7296073234098,false,עוגיות סנדוויץ תות 600גר,גידרון,IL,עוגיות סנדוויץ,גרמים,600.00,100 גרם,false,1,16.80,2.80,true,1,
7296073234104,false,עוגיות וניל שוקוצ'יפס600,גידרון,IL,עוגיות טעם וניל,גרמים,600.00,100 גרם,false,1,16.80,2.80,true,1,
7296073234111,false,עוגיות מרוקאיות מקלות600,גידרון,IL,עוגיות מרוקאיות,גרמים,600.00,100 גרם,false,1,16.80,2.80,true,1,
7296073234128,false,עוגיות מיני פרפריות 600,גידרון,IL,עוגיות פרפריות,גרמים,600.00,100 גרם,false,1,16.80,2.80,true,1,
7296073234678,false,חטיף בוטנים שופרסל 80 גר,חטיפי העמק,IL,חטיף בוטנים,גרמים,80.00,100 גרם,false,1,3.50,4.38,true,1,
7296073234692,false,חטיף חיטה בטעם גריל 70ג,מנה,IL,חטיף חיטה גריל,גרמים,70.00,100 גרם,false,1,3.40,4.86,true,1,
7296073234708,false,חטיף בטעם גריל 200 גרם,מנה,IL,חטיף בטעם גריל 200 גרם,גרמים,200.00,100 גרם,false,1,5.90,2.95,true,1,
7296073234715,false,חטיף חיטה בטעם בצל 70גרם,מנה,IL,חטיף חיטה בצל,גרמים,70.00,100 גרם,false,1,3.40,4.86,true,1,
7296073234722,false,חטיף בטעם בצל 200 גרם,מנה,IL,חטיף בטעם בצל 200 גרם,גרמים,200.00,100 גרם,false,1,5.90,2.95,true,1,
7296073234739,false,חטיף חיטה טעם ברביקיו70ג,מנה,IL,חטיף חיטה ברבקיו,גרמים,70.00,100 גרם,false,1,3.40,4.86,true,1,
7296073234746,false,חטיף בטעם ברביקיו 200גרם,מנה,IL,חטיף בטעם ברביקיו 200גרם,גרמים,200.00,100 גרם,false,1,5.90,2.95,true,1,
7296073234753,false,חטיף תירס קלאסי 50 גרם,מנה,IL,חטיף תירס קלאסי 50 גרם,גרמים,50.00,100 גרם,false,1,4.30,8.60,true,1,
7296073234777,false,חטיף תפוחי אדמה 40 גרם,מנה,IL,חטיף תפוחי אדמה,גרמים,40.00,100 גרם,false,1,3.70,9.25,true,1,
7296073235187,false,עוגיות מלוחות אפויות600ג,גידרון,IL,עוגיות מלוחות,גרמים,600.00,100 גרם,false,1,16.80,2.80,true,1,
7296073235613,false,ממרח תמרים 450 גרם,חצר כנרת מוצרי תמר,IL,ממרח תמרים,גרמים,450.00,100 גרם,false,1,5.40,1.20,true,1,
7296073235774,false,נוזל לניקוי אסלות 1ליטר,קליר כימיקלים,IL,נוזל לאסלות,ליטרים,1.00,ליטר,false,1,5.80,5.80,true,1,
7296073236122,false,"צלחת ח""פ9"" עבה במיוחד66",.,CN,צלחת חד פעמית,יחידה,1.00,יחידה,false,1,22.90,22.90,true,1,
7296073236221,false,גרעיני תירס ואקום 340ג,"צ'אנג 1959 בע""מ",TH,גרעיני תירס,גרמים,340.00,100 גרם,false,1,5.00,1.47,true,1,
7296073236238,false,"סכין שקוף עבה ח""פ 100 יח",.,TR,סכין שקוף עבה,יחידה,1.00,יחידה,false,1,12.90,12.90,true,1,
7296073236290,false,חט.קראנצ+'שוקולד מריר5יח,ויטליה ניקול,MK,חטיפי קראנצ' 5יח,גרמים,210.00,100 גרם,false,1,11.90,5.67,true,1,
7296073236313,false,ג'ל אקונומיקה שופרסל 4ל,קליר כימיקלים,IL,ג'ל אקונומיקה,ליטרים,4.00,ליטר,false,1,11.80,2.95,true,1,
7296073236412,false,50 דפי שעווה שופרסל,שופרסל,CN,דפי שעווה שופרסל,יחידה,1.00,יחידה,false,1,14.90,14.90,true,1,
7296073236603,false,"שמנת לבישול 15% 250 מ""ל",מחלבת רמת-הגולן,IL,שמנת לבישול 15%,מיליליטרים,250.00,"100 מ""ל",false,1,6.50,2.60,true,1,
7296073236658,false,לקט לקוסקוס שופרסל 800גר,שופרסל,IL,לקט לקוסקוס,גרמים,800.00,100 גרם,false,12,17.90,2.24,true,1,
7296073236764,false,סירופ בטעם פטל 1 ליטר,"פרי נטו משקאות בע""מ",IL,סירופ פטל,ליטרים,1.00,ליטר,false,1,10.80,10.80,true,1,
7296073236771,false,סירופ בטעם תפוחים 1 ליטר,"פרי נטו משקאות בע""מ",IL,סירופ תפוחים,ליטרים,1.00,ליטר,false,1,10.80,10.80,true,1,
7296073236788,false,סירופ בטעם ענבים 1 ליטר,"פרי נטו משקאות בע""מ",IL,סירופ ענבים,ליטרים,1.00,ליטר,false,1,10.80,10.80,true,1,
7296073236818,false,גרנולה פירות יבשים 90גרם,ויטליה,MK,גרנולה פירות יבש,גרמים,90.00,100 גרם,false,1,5.90,6.56,true,1,
7296073236825,false,גרנולה אגוזים+צימוקים90ג,ויטליה,MK,גרנולה אגוזים,גרמים,90.00,100 גרם,false,1,5.90,6.56,true,1,
7296073236887,false,סלט גזר מרוקאי 400 גרם,סלטי שמיר,IL,סלט גזר מרוקאי,גרמים,400.00,100 גרם,false,1,8.50,2.13,true,1,
7296073236894,false,סלט קולסלאו 400 גרם,סלטי שמיר,IL,סלט קולסלאו,גרמים,400.00,100 גרם,false,1,8.50,2.13,true,1,
7296073236900,false,סלט חומוס עם טחינה 400גר,סלטי שמיר,IL,סלט חומס+טחינה,גרמים,400.00,100 גרם,false,1,8.50,2.13,true,1,
7296073237112,false,חט.שוקס כדורי דגנ.שוקו70,שקדיה,IL,חטיף שוקס,גרמים,70.00,100 גרם,false,1,4.90,7.00,true,1,
7296073237129,false,חטיף שוקס וופל חלב70גרם,שקדיה,IL,חטיף שוקס,גרמים,70.00,100 גרם,false,1,4.90,7.00,true,1,
7296073237136,false,חט.שוקס ביסקויט שוק.חלב,שקדיה,IL,חטיף שוקולד שוקס,גרמים,70.00,100 גרם,false,1,4.90,7.00,true,1,
7296073237143,false,חט.שוקס ביסקוויט מיקס70ג,שקדיה,IL,חטיף שוקס,גרמים,70.00,100 גרם,false,1,4.90,7.00,true,1,
7296073237167,false,חט.שוקס קורנפלקס חלב70ג,שקדיה,IL,חטיף שוקס,גרמים,70.00,100 גרם,false,1,4.90,7.00,true,1,
7296073237655,false,שוק.מריר 72% קקאו 100 גר,"שוקולד פריי בע""מ",CH,שוקולד מריר 72%,גרמים,100.00,100 גרם,false,1,10.00,10.00,true,1,
7296073237747,false,חמאה הולנדית 200 גרם,SPRL MATHOT,BE,חמאה הולדית,גרמים,200.00,100 גרם,false,1,6.80,3.40,true,1,
7296073237754,false,חמאה הולנדית 100 גרם,SPRL MATHOT,BE,חמאה הולנדית,גרמים,100.00,100 גרם,false,1,3.40,3.40,true,1,
7296073237853,false,קפסולות קפה שופרסל סגול,רוני רג'ואן ושות,IL,קפסולות קפה,גרמים,50.00,100 גרם,false,1,14.90,29.80,true,1,
7296073237860,false,קפסולות קפה שופרסל חום,רוני רג'ואן ושות,IL,קפסולות קפה,גרמים,50.00,100 גרם,false,1,14.90,29.80,true,1,
7296073237877,false,קפסולות קפה שופרסל זהב,רוני רג'ואן ושות,IL,קפסולות קפה,גרמים,50.00,100 גרם,false,1,14.90,29.80,true,1,
7296073237884,false,קפסולות קפה שופרסל שחור,רוני רג'ואן ושות,IL,קפסולות קפה,גרמים,50.00,100 גרם,false,1,14.90,29.80,true,1,
7296073237891,false,קפסולות קפה שופרסל אדום,רוני רג'ואן ושות,IL,קפסולות קפה,גרמים,50.00,100 גרם,false,1,14.90,29.80,true,1,
7296073238096,false,עוג.מדליון קפוצ'ינו100גר,מידור,CH,עוגיות קפוצ'ינו,גרמים,100.00,100 גרם,false,1,11.90,11.90,true,1,
7296073238133,false,עוגיות מרנג קרם קקאו100ג,מידור,CH,עוגיות מרנג,גרמים,100.00,100 גרם,false,1,11.90,11.90,true,1,
7296073239239,false,כוסות קפה פרימיום 50 יח',.,IL,"כוסות קפה ח""פ",יחידה,1.00,יחידה,false,1,9.90,9.90,true,1,
7296073239376,false,פרלינים בלגים שופרסל250ג,דוקדו,BE,פרלינים בלגים,גרמים,250.00,100 גרם,false,1,24.90,9.96,true,1,
7296073239383,false,מיני פרלין שופרסל 100 גר,דוקדו,BE,מיני פרלין,גרמים,100.00,100 גרם,false,1,10.00,10.00,true,1,
7296073239956,false,כוס שתיה חמה אספרסו120מל,.,CN,"כוסות אספרסו ח""פ",יחידה,1.00,יחידה,false,1,5.90,5.90,true,1,
7296073240204,false,כוסות יהלום לשתיה קרה,.,CN,40כוסות יהלום,יחידה,1.00,יחידה,false,1,7.90,7.90,true,1,
7296073240211,false,נייר טואלט דו שכבתי 32 ג,שניב תעשיות נייר,IL,נייר טואלט,מטרים,573.00,מטר,false,1,24.90,0.04,true,1,
7296073241522,false,ממחטות אף 100*5 יח,שניב תעשיות נייר,IL,ממחטות אף 5 יח,יחידה,1.00,יחידה,false,1,9.80,9.80,true,1,
7296073241553,false,"שוקו בשקית 225*6 מ""ל",מחלבות רמת הגולן,IL,שוקו בשקית 6 יח,ליטרים,1.35,ליטר,false,1,12.50,9.26,true,1,
7296073242062,false,64מגבונים מבושמים שופרסל,דינמיק,IL,מגבונים מבושמים,יחידה,1.00,יחידה,false,1,6.80,6.80,true,1,
7296073242277,false,תאנים מיובשות300ג שופרסל,SA AKCA OSMAN,TR,תאנים 300גרם,גרמים,300.00,100 גרם,false,1,12.90,4.30,true,1,
7296073243403,false,ביצים L שופרסל 12 יחידות,.,IL,ביצים 12יחידות L,יחידה,1.00,יחידה,false,1,11.45,11.45,true,1,
7296107000026,false,מלפפונים במלח13-17 540ג,פרי חן,IL,מלפפונים במלח,גרמים,540.00,100 גרם,false,1,5.00,0.93,true,1,
7312040017683,false,"אבסולוט וודקה, 700 מ''ל","איי, בי, אינבוו",SE,וודקה אבסולוט,מיליליטרים,700.00,"100 מ""ל",false,0,64.90,9.27,true,1,
7501013100037,false,"נקטר ג'ומקס מנגו 500 מ""ל",COMERCIALIZADORA ELO,MX,ג'ומקס נקטר מנגו,מיליליטרים,500.00,"100 מ""ל",false,1,7.80,1.56,true,1,
7501013100051,false,נקטר גומקס אפרסק 500,COMERCIALIZADORA ELO,MX,ג'ומקסנקטר אפרסק,מיליליטרים,500.00,"100 מ""ל",false,0,7.80,1.56,true,1,
7501013100112,false,נקטר גומקס אננס טבעי,COMERCIALIZADORA ELO,MX,מיץ אננס טבעי,מיליליטרים,500.00,"100 מ""ל",false,0,7.80,1.56,true,1,
7610023050215,false,פמיליה קראנץ' איקס תערובת דגנים פריכים בתוספת צימוקים ואגוזי לוז 500 גרם,פמיליה familia,CH,קרנצ' X דגנים,גרמים,500.00,100 גרם,false,0,25.50,5.10,true,1,
7610400068505,false,לינדט לינדור בונבוניירה שוקולד חלב 200 גרם,לינדט ושפרונגלי קילשברג,CH,בונבונירה לינדור,גרמים,200.00,100 גרם,false,0,32.40,16.20,true,1,
7610400069397,false,שוקולד לינדט מוס מריר140,לינדט ושפרונגלי קילשברג,CH,שוקולד לינדט,גרמים,140.00,100 גרם,false,0,20.00,14.29,true,1,
7613031608850,false,פיטנס דגנים מחיטה מלאה ואורז נסטלה 625 גרם,נסטלה צרפת איטנקורט,FR,דגני בוקר פיטנס 625 גרם,גרמים,625.00,100 גרם,false,0,27.70,4.43,true,1,
7613032416157,false,דגני פיטנס שקדים ודבש355,נסטלה,FR,דגני פיטנס שקדים,גרמים,355.00,100 גרם,false,0,20.90,5.89,true,1,
7613033539022,false,"מחית תפו""ע שלב 1 130 גרם",נסטלה,PL,מחית שלב 1 מטרנה,גרמים,130.00,100 גרם,false,0,5.00,3.85,true,1,
7613033539107,false,מחית תפוח בננה שלב2 130ג,נסטלה,PL,מחית שלב 2 מטרנה,גרמים,130.00,100 גרם,false,0,5.00,3.85,true,1,
7613033539206,false,מחית ירקות שלב 2 130 גרם,נסטלה,PL,מחית שלב 2 מטרנה,גרמים,130.00,100 גרם,false,0,6.50,5.00,true,1,
7613033548192,false,פיטנס - דגני בוקר שוקולד מריר 375 גרם,נסטלה צרפת איטנקורט,FR,פיטנס שוקולד,גרמים,375.00,100 גרם,false,0,20.90,5.57,true,1,
7613033592843,false,"דוגלי גזע קטן 3 ק""ג",נסטלה פורינה,HU,דוגלי גזע קטן,קילוגרמים,3.00,"ק""ג",false,0,49.00,16.33,true,1,
7613033592867,false,"דוגלי בשר וכבד 3 ק""ג",נסטלה פורינה,HU,דוגלי בשר וכבד,קילוגרמים,3.00,"ק""ג",false,0,43.20,14.40,true,1,
7613033692383,false,"מחית תפו""ע+דגנ.שלב2 130ג",נסטלה,PL,מחית שלב 2 מטרנה,גרמים,130.00,100 גרם,false,0,5.00,3.85,true,1,
7613033975554,false,ביסקוויט מטרנה ט.טבעי180,נסטלה,IL,ביסקוויט מטרנה,גרמים,180.00,100 גרם,false,0,13.90,7.72,true,1,
7616500553460,false,שוקולד פריי מהודר מריר תפוז 100 ג',צוקולאט פריי אייץגיץ,CH,שוקולד מריר,גרמים,100.00,100 גרם,false,0,9.90,9.90,true,1,
7616500553484,false,שוקולד פריי מהודר מריר 78% 100גר,צוקולאט פריי אייץגיץ,CH,שוקולד מריר,גרמים,100.00,100 גרם,false,0,9.90,9.90,true,1,
7616500553507,false,שוקולד ממולא,,CH,שוקולד ממולא,גרמים,100.00,100 גרם,false,0,9.90,9.90,true,1,
7616500630161,false,פריי שוקולד מריר 85% קקאו 100גר,צוקולאט פריי אייץגיץ,CH,שוקולד מריר פריי,גרמים,100.00,100 גרם,false,0,9.90,9.90,true,1,
7617014149354,false,קפסולות קפה,,,קפסולות קפה,גרמים,96.00,100 גרם,false,0,29.60,30.83,true,1,
7617014149385,false,קפסולות קפה,,,קפסולות קפה,גרמים,96.00,100 גרם,false,0,29.60,30.83,true,1,
7617014149408,false,קפסולות קפה פר מקיאטו96ג,,,קפסולות קפה,גרמים,96.00,100 גרם,false,0,29.60,30.83,true,1,
7617014154105,false,קפסולות קפה וניל,,CH,קפסולות קפה וניל,גרמים,96.00,100 גרם,false,0,29.60,30.83,true,1,
7622300001568,false,קפה ג'קובס קרוננג 200 גר,מונדלייז,DE,קפה נמס ג'קובס,גרמים,200.00,100 גרם,false,0,27.90,13.95,true,1,
7622300270506,false,מילקה גריינס - עוגיות שיבולת שועל מצופות שוקולד 168 ג',מונדלז פולסקה פרודקש,PL,עוגיות מילקה,גרמים,168.00,100 גרם,false,0,14.70,8.75,true,1,
7622300356767,false,מילקה - עוגיות עם גרנולה וחתיכות של שוקולד חלב,מונדלז פולסקה פרודקש,PL,עוגיות שוקוצ'יפס,גרמים,168.00,100 גרם,false,0,14.70,8.75,true,1,
7622300495046,false,מילקה שוקולד חלב עם אקסטרה קקאו 100 גרם,מנדלז דויצ'\לנד סנקס פרו,DE,שוקולד מילקה,גרמים,100.00,100 גרם,false,0,8.40,8.40,true,1,
7622300503079,false,עוגיות ביסקוויט מצופה שוקולד חלב מילקה 200 גרם,מונדלז פולסקה פרודקש,PL,ביסקוויט מצופה,גרמים,200.00,100 גרם,false,0,14.70,7.35,true,1,
7640110242018,false,"חטיף תפו""א בצל ושמנת160ג",קלנג מקנאן,MY,חטיף תפוח אדמה,גרמים,160.00,100 גרם,false,1,7.80,4.88,true,1,
7702018852475,false,4סכינ.גילוח פיוז'ן פאוור,פרוקטר & גמבל,DE,סכיני גילוח,יחידה,1.00,יחידה,false,0,92.00,92.00,true,1,
7702018978106,false,"ג'ילט - דאודורנט ג'ל לגבר ארטיק אייס 70 מ""ל",פרוקטר אנד גמבל,CZ,דאו.קליר ג'ל,מיליליטרים,70.00,"100 מ""ל",false,0,30.00,42.86,true,1,
7702018978120,false,"ג'ילט - דאודורנט ג'ל לגבר קול וייב 70 מ""ל",פרוקטר אנד גמבל,CZ,דאו.קליר ג'ל,מיליליטרים,70.00,"100 מ""ל",false,0,30.00,42.86,true,1,
7702174066457,false,סוכ.יוגטה ריבת חלב ל.סוכ,אלדור,CO,סוכריות יוגטה,גרמים,80.00,100 גרם,false,0,7.90,9.88,true,1,
7702174066709,false,סוכ.ללא סוכר טעם קפה80גר,1 יחידה,CO,סוכריות ללא סוכר,גרמים,80.00,100 גרם,false,0,7.90,9.88,true,1,
7702174068826,false,יוגטה מבחר סוכריות לקקן קשות ממולאות טופי בטעמי יוגורט ופירות 204 גרם,הדקלאים אגודת שיתופי,CO,לקקן יוגטה פירות,גרמים,216.00,100 גרם,false,0,7.90,3.66,true,1,
7702174070201,false,יוגטה לקקן בטעם מסטיק ממולא טופי בטעם תות 12 יח' 204 גרם,הדקלאים אגודת שיתופי,CO,לקקן יוגטה מג'יק,גרמים,216.00,100 גרם,false,0,7.90,3.66,true,1,
7790580106966,false,בון בון צהוב 288 גרם,ארקור,AR,בון בון צהוב,גרמים,288.00,100 גרם,false,1,18.90,6.56,true,1,
7792798007547,false,"בירה קילמס 340 מ""ל",סירויזה קילמס,AR,בירה קילמס,מיליליטרים,340.00,"100 מ""ל",false,1,8.80,2.59,true,1,
7804414000877,false,"יין דון חוליו מרלו 750 מ""ל",צ'ילה לואיס פיליפה אדוארדס,CL,דון חוליו מרלו,מיליליטרים,750.00,"100 מ""ל",false,0,29.90,3.99,true,1,
7891024100363,false,קולגייט סנסיטיב פרו רליף,קולגייט-פלמוליב,BR,משחת קולגייט,מיליליטרים,75.00,"100 מ""ל",false,0,25.30,33.73,true,1,
7891024124826,false,"משחת שיניים אופטיק ווייט קולגייט 75 מ""ל",הנסיך- מפעל לייצור ט,IL,משחת קולגייט,מיליליטרים,75.00,"100 מ""ל",false,0,26.70,35.60,true,1,
7891024128824,false,"משחת שיניים קולגיט טריפל אקשן 100 מ""ל",קולגייט-פלמוליב,BR,משחת קולגייט,מיליליטרים,100.00,"100 מ""ל",false,0,9.80,9.80,true,1,
7891024131077,false,קולגייט מי פה קומפליט250,קולגייט-פלמוליב,BR,קולגייט מי פה,מיליליטרים,250.00,"100 מ""ל",false,1,17.90,7.16,true,1,
8000040500012,false,"וויסקי בורבון ווילד טורקי 81 700 מ""ל",אוסטין ניקולס,US,וויסקי,מיליליטרים,700.00,"100 מ""ל",false,1,89.90,12.84,true,1,
8000113003402,false,"קמח תירס בוואקום 1 ק""ג",מולינו ניקולי אס.פי.,IT,קמח תירס,קילוגרמים,1.00,"ק""ג",false,0,16.20,16.20,true,1,
8000380001958,false,ממרח אגוזים לואקר 320גרם,לואקר,IT,ממרח אגוזים,גרמים,320.00,100 גרם,false,0,19.70,6.16,true,1,
8000380004676,false,קוביות וופל סנדוויץ Sandwich עם וניל וחלב,"א. לואקר, קונפקט ג'י",IT,ופלים לואקר,גרמים,200.00,100 גרם,false,0,12.80,6.40,true,1,
8000380004911,false,קוביות וופל קואדרטיני Quadratini קרם אגוזים,קריניציה ויטמינה אס,IT,ופל קואדרטיני,גרמים,250.00,100 גרם,false,0,13.20,5.28,true,1,
8000380007219,false,וופלים בטעם אגוזים לואקר 175 גרם,ליימן מותגים,IT,ופלים לואקר,גרמים,175.00,100 גרם,false,0,11.80,6.74,true,1,
8000380007257,false,וופל גרדנה אגוזים לואקר 200 גרם,קריניציה ויטמינה אס,IT,ופלים גרדנה,גרמים,200.00,100 גרם,false,0,14.40,7.20,true,1,
8000380106028,false,טורטינה לואקר וופל שוקולד ואגוזים שישיה 125ג',קריניציה ויטמינה אס,IT,וופל טורטינה,גרמים,125.00,100 גרם,false,0,17.60,14.08,true,1,
8000380153534,false,מארז וופל שוקולד טורטינה Tortina שוקולד לבן,א. לואקר אס. פי. אי-אי.,IT,טורטינה לבן,גרמים,125.00,100 גרם,false,0,17.60,14.08,true,1,
8000392203159,false,מברשת מגהץ,המברשת רוחמה,IL,מברשת מגהץ,יחידה,1.00,יחידה,false,0,14.90,14.90,true,1,
8000392303200,false,מברשת כלים דו צדדית,המברשת רוחמה,IL,מברשת כלים,יחידה,1.00,יחידה,false,0,13.60,13.60,true,1,
8000500023624,false,חטיפי הפי היפו Happy Hippo במילוי קרם חלב וקקאו,פררו - אלבה,IT,קינדר הפי היפו,גרמים,102.00,100 גרם,false,0,11.90,11.67,true,1,
8000500037874,false,בונבונרייה פררו רושר 200 גרם,פררו - אלבה,IT,בונבונירה רושר,גרמים,200.00,100 גרם,false,0,25.30,12.65,true,1,
8000500148433,false,טיק טק דובד+פסיפלור16*4ג,פררו - אלבה,EC,4 סוכריות טיק טק,גרמים,64.00,100 גרם,false,0,10.90,17.03,true,1,
8001620011935,false,"סן בנדטו- מים מינרלים מוגז - מארז שישיית 500 מ""ל",אקווה מינרלה סאן בנד,IT,סאן בנדטו 6 יח',ליטרים,3.00,ליטר,false,0,10.90,3.63,true,1,
8002450201008,false,"רספברי ספרקלטיני 750 מ""ל",איטליה בוסקה,IT,רספברי ספרקלטיני,מיליליטרים,750.00,"100 מ""ל",false,0,19.90,2.65,true,1,
8002450204009,false,ורדי ספרקלטיני אפרסק,"איי, בי, אינבוו",IT,ורדי אפרסק,מיליליטרים,750.00,"100 מ""ל",false,0,19.90,2.65,true,1,
8002450206003,false,ורדי רימונים ספרקלטיני,"איי, בי, אינבוו",IT,ורדי רימונים,מיליליטרים,750.00,"100 מ""ל",false,0,19.90,2.65,true,1,
8003440982600,false,מנטוס סטיקס מנטה19*4גרם,פרפטי ואן מלה,TR,מנטוס סטיקס,גרמים,76.00,100 גרם,false,1,10.40,13.68,true,1,
8003440982617,false,מסטיק סטיקס מלון+לימונ4י,פרפטי ואן מלה,TR,מנטוס סטיקס,גרמים,76.00,100 גרם,false,1,10.40,13.68,true,1,
8003440982624,false,מסטיק סטיקס פטל תפוז19*4,פרפטי ואן מלה,TR,מנטוס סטיקס,גרמים,76.00,100 גרם,false,1,10.40,13.68,true,1,
8004030022010,false,ירקות גינה עם טונה ריו מרה אינסלטיסימי 160 ג',"בולטון אלימנטרי בע""\מ",IT,ירקות עם טונה,גרמים,160.00,100 גרם,false,1,14.90,9.31,true,1,
8004030081024,false,נתחי טונה עם שום ופלפל אדום ריו מרה 160 ג',"בולטון אלימנטרי בע""\מ",IT,טונה בשמן זית,גרמים,160.00,100 גרם,false,0,14.90,9.31,true,1,
8004030344938,false,"ריו מרה טונה בשמן זית 3X80 גרם מתכון חדש כשל""פ","בולטון אלימנטרי בע""\מ",IT,טונה ריו מרה 3יח,גרמים,240.00,100 גרם,false,0,26.70,11.13,true,1,
8005110060007,false,עגבניות מקולפות 400 גרם MUTTI,,,עגבניות מקולפות,גרמים,400.00,100 גרם,false,0,6.70,1.68,true,1,
8005200496525,false,נסטי בטעם אפרסק 1.5 ליטר,סן-פלגרינו,IT,נסטי בטעם אפרסק,ליטרים,1.50,ליטר,false,0,7.50,5.00,true,1,
8005200516520,false,נסטי דיאט טעם אפרסק 1.5ל,סן-פלגרינו,IT,נסטי דיאט אפרסק,ליטרים,1.50,ליטר,false,0,7.50,5.00,true,1,
8005200556526,false,נסטי בטעם לימון 1.5 ליטר,סן-פלגרינו,IT,נסטי בטעם לימון,ליטרים,1.50,ליטר,false,0,7.50,5.00,true,1,
8005200786527,false,נסטי בטעם תפוח 1.5 ליטר,סן-פלגרינו,IT,נסטי בטעם תפוח,ליטרים,1.50,ליטר,false,0,7.50,5.00,true,1,
8005200826537,false,נסטי מוגז בטעם לימון1.5ל,סן-פלגרינו,IT,נסטי מוגז לימון,ליטרים,1.50,ליטר,false,1,7.50,5.00,true,1,
8005200846535,false,נסטי מוגז אפרסק דיאט1.5ל,סן-פלגרינו,IT,נסטי מוגז אפרסק,ליטרים,1.50,ליטר,false,1,7.50,5.00,true,1,
8010225000084,false,מגב רצפה + מקל,המברשת רוחמה,IL,מגב רצפה + מקל,יחידה,1.00,יחידה,false,0,29.20,29.20,true,1,
8010445003308,false,שמן זית כתית מעולה 750 מ,CLEMENTE OLEARIA,IT,שמן זית,גרמים,750.00,100 גרם,false,0,34.60,4.61,true,1,
8011033011279,false,קוסקוס אמיתי 1 קג מר,אמירה,IT,קוסקוס מרקש,קילוגרמים,1.00,"ק""ג",false,0,9.90,9.90,true,1,
8014515330059,false,עגבניות שלמות מקולפות400,שופרסל-ייבוא,IT,עגבניות שלמות,גרמים,400.00,100 גרם,false,0,5.90,1.48,true,1,
8014515330738,false,קוביות עגבניות פומו400גר,שופרסל-ייבוא,,קוביות עגבניות,גרמים,400.00,100 גרם,false,0,5.90,1.48,true,1,
8017128193264,false,מטאטא לכה + מקל,המברשת רוחמה,IL,מטאטא לכה+מקל,יחידה,1.00,יחידה,false,0,34.20,34.20,true,1,
8017128301270,false,יעה פס גומי,המברשת רוחמה,IL,יעה פס גומי,יחידה,1.00,יחידה,false,0,6.90,6.90,true,1,
8032880800243,false,פיקניק הפתעה - אגוזי לוז ומקלות אפויים,"הוסטה איטליה, ס.ר.ל.",IT,פיקניק הפתעה,גרמים,50.00,100 גרם,false,0,7.40,14.80,true,1,
8076800000139,false,ברילה פרפלה (פרפר) 265 - 500 גרם,פסטה ברילה 3 ב 14,IT,פסטה פארפלה,גרמים,500.00,100 גרם,false,1,7.90,1.58,true,1,
8076800195019,false,ברילה - צ.א ספגטי מס1 קפליני 500 גרם,ברילה גי.אי.אר פרטלי ס.פ,IT,ספגטי ברילה,גרמים,500.00,100 גרם,false,0,7.90,1.58,true,1,
8076800195033,false,ברילה - צ.א ספגטיני מס3 חדש 500 גרם,ברילה גי.אי.אר פרטלי ס.פ,IT,ספגטיני מס' 3,גרמים,500.00,100 גרם,false,0,7.90,1.58,true,1,
8076800315479,false,פסטה דיטלוני ריגוטוני500,ברילה,IL,פסטה מיסטה,גרמים,500.00,100 גרם,false,0,7.90,1.58,true,1,
8076802085738,false,ברילה - צ.ק פנה רגטה חדש 500 גרם,ברילה גי.אי.אר פרטלי ס.פ,IL,פנה ריגטה ברילה,גרמים,500.00,100 גרם,false,0,7.90,1.58,true,1,
8076808050440,false,פסטה מקרוני מספר 44 ברילה 500 גרם,ברילה Barilla,IT,מקרוני ברילה,גרמים,500.00,100 גרם,false,0,7.90,1.58,true,1,
8076808060654,false,פסטה פרפלה מספר 65 ברילה 500 גרם,ברילה גי.אי.אר פרטלי ס.פ,IL,פסטה פרפלה ברילה,גרמים,500.00,100 גרם,false,0,7.90,1.58,true,1,
8076809513388,false,רוטב לפסטה ארביאטה ברילה 400 גרם,ברילה גי.אי.אר פרטלי ס.פ,IT,רוטב לפסטה,גרמים,400.00,100 גרם,false,0,13.90,3.48,true,1,
8076809513395,false,ברילה פומודורו רוטב עגבניות קלאסי 400 גר,ברילה גי.אי.אר פרטלי ס.פ,IT,רוטב פומודורו ברילה 400ג,גרמים,400.00,100 גרם,false,0,13.90,3.48,true,1,
8076809513654,false,בסיס רוטב עגבניות לבולונז ברילה 400 גרם,ברילה גי.אי.אר פרטלי ס.פ,IT,בסיס לרוטב,גרמים,400.00,100 גרם,false,0,13.90,3.48,true,1,
8076809513692,false,רוטב עגבניות נפולטנה בתוספת ירקות,ברילה גי.אי.אר פרטלי ס.פ,IT,רוטב לפסטה,גרמים,400.00,100 גרם,false,0,13.90,3.48,true,1,
8076809513739,false,ברילה רוטב עגבניות עם בזיליקום 400 גרם,ברילה גי.אי.אר פרטלי ס.פ,IT,רוטב בזיליקום,גרמים,400.00,100 גרם,false,0,13.90,3.48,true,1,
8076809523561,false,ברילה - רוטב פסטה בטעם טוסקנה 400 גרם,ברילה גי.אי.אר פרטלי ס.פ,IT,רוטב עגבניות,גרמים,400.00,100 גרם,false,0,13.90,3.48,true,1,
8076809523738,false,דפי לזניה ברילה 500 גרם,ברילה גי.אי.אר פרטלי ס.פ,IT,לזניה ברילה,גרמים,500.00,100 גרם,false,0,21.70,4.34,true,1,
8076809529419,false,ספגטי מחיטה מלאה מס' 5 500 ג' ברילה,ברילה גי. אי. אר פרט,IT,ספגטי חיטה מלא,גרמים,500.00,100 גרם,false,0,10.00,2.00,true,1,
8076809529433,false,פסטה פנה ריגטה חיטה מלאה ברילה 500 גרם,"ש. שסטוביץ בע""\מ",IT,פנטה רגטה,גרמים,500.00,100 גרם,false,0,10.00,2.00,true,1,
8410076610270,false,נייטשר ואלי פופקורן שקד5,ג'נרל מילס,ES,חטיף נייטשר ואלי,גרמים,100.00,100 גרם,false,1,19.70,19.70,true,1,
8410076610287,false,חמישייה נייציר ואלי פופקורן ציפוי יוגורט,ג'נרל מילס,ES,חטיף נייטשר ואלי,גרמים,100.00,100 גרם,false,1,19.70,19.70,true,1,
8410104133092,false,מסיר אבנית קלגון,רקיט בנקיזר,PL,"קלגון אבקה 1 ק""ג",קילוגרמים,1.00,"ק""ג",false,0,34.70,34.70,true,1,
8410179007496,false,ספגטי בורחס 500 גרם,דה מטיאס אגרו,IT,ספגטי בורחס,גרמים,500.00,100 גרם,false,0,7.10,1.42,true,1,
8410179007502,false,פסטה פנה ריגטה בורחס500ג,דה מטיאס אגרו,IT,פסטה פנה,גרמים,500.00,100 גרם,false,0,7.10,1.42,true,1,
8410179100043,false,שמן זית בורחס מעולה750מל,PONTU BORGES ACEITES,ES,שמן זית בורחס,מיליליטרים,750.00,"100 מ""ל",false,0,36.90,4.92,true,1,
8410510015005,false,שוקולד חלב ממולא תפוז100,חברת איבר קקאו,ES,שוקולד ממולא,גרמים,100.00,100 גרם,false,0,4.90,4.90,true,1,
8410510015012,false,שוקולד ממולא,,ES,שוקולד ממולא,גרמים,100.00,100 גרם,false,0,4.90,4.90,true,1,
8410510015029,false,שוקולד ממולא,,ES,שוקולד ממולא,גרמים,100.00,100 גרם,false,0,4.90,4.90,true,1,
8410644611203,false,יין קאווה איבריקה לבן יבש Cava Iberica,יוסף מסאקס ס.ל.,ES,קאווה אימבריקה,מיליליטרים,750.00,"100 מ""ל",false,0,24.90,3.32,true,1,
8411640001043,false,"וודקה ליים ספיריט 275מ""ל",דסטילריאס מ.ג,ES,וודקה ליים,מיליליטרים,275.00,"100 מ""ל",false,0,13.80,5.02,true,1,
8412674000903,false,עוגיות סנדוויץ שוקולד250,,ES,עוגיות סנדוויץ שוקולד250,גרמים,250.00,100 גרם,false,0,6.90,2.76,true,1,
8412674103109,false,עוגיות סנדוויץ,,ES,עוגיות סנדוויץ,גרמים,250.00,100 גרם,false,0,6.90,2.76,true,1,
8420241129575,false,חטיפי מיני וופל קרמל 200,נטרה,ES,חטיפי מיני וופל,גרמים,200.00,100 גרם,false,0,9.80,4.90,true,1,
8420241129582,false,חטיפי מיני נוגט בוטני200,נטרה,ES,חטיפי מיני נוגט,גרמים,200.00,100 גרם,false,0,9.80,4.90,true,1,
8423207206495,false,סלים דליס חטיף דגנים מצופה שוקולד מריר מרבה 6*20 גרם,אף.סי תבליני בגליל ב,ES,חטיפי דגנים מרבה,גרמים,120.00,100 גרם,false,0,10.00,8.33,true,1,
8425206000081,false,ריבת חלב מרדל 450 גרם,כלורוקס אוקלנד,IL,ריבת חלב,גרמים,450.00,100 גרם,false,0,19.70,4.38,true,1,
8590160891652,false,קפה נמס ג'קובס גולד200ג,מונדלייז,DE,קפה גיקובס גולד,גרמים,200.00,100 גרם,false,0,27.90,13.95,true,1,
8690572760260,false,שמפו סאיוס מאיץ ברק 750מ,הנקל סוד,DE,שמפו סאיוס,מיליליטרים,750.00,"100 מ""ל",false,0,12.90,1.72,true,1,
8690632054469,false,וופל פריך פתיתי אורז 35ג,נסטלה,TR,וופל פתיתי אורז,גרמים,35.00,100 גרם,false,0,3.40,9.71,true,1,
8690637073373,false,תה ארל גריי בטעם ברגמוט ליפטון 25 שקיקים,יונילוור - תורכיה,TR,תה ארל גריי 25שק,גרמים,50.00,100 גרם,false,0,8.40,16.80,true,1,
8690637617966,false,רקסונה רולאון שאוור 50מ,יוניליוור,TR,דאו.רקסונה,מיליליטרים,50.00,"100 מ""ל",false,0,18.70,37.40,true,1,
8690637631009,false,אקס בודי ספריי אפולו 150,יוניליוור,IL,אקס בודי ספריי,מיליליטרים,150.00,"100 מ""ל",false,0,14.90,9.93,true,1,
8690637673887,false,אקס בודי ספריי גולד 150מ,יוניליוור,TR,אקס ספריי לגוף,מיליליטרים,150.00,"100 מ""ל",false,0,14.90,9.93,true,1,
8690637682537,false,בדין אקסטרה זהב 960מל,יוניליוור,IL,בדין אקסטרה,מיליליטרים,960.00,"100 מ""ל",false,0,18.90,1.97,true,1,
8690637682575,false,בדין אקסטרה אדום960מל,יוניליוור,IL,בדין אקסטרה,מיליליטרים,960.00,"100 מ""ל",false,0,18.90,1.97,true,1,
8690637704291,false,שמפו לשיקום אינטנסיבי לשיער פגום,יוניליוור טורקיה. אז,TR,דאב שמפו משקם,מיליליטרים,600.00,"100 מ""ל",false,0,19.30,3.22,true,1,
8690637704376,false,"שמפו לטיפוח יום יומי דאב 600 מ""ל",יוניליוור סנאיי וי טיקאר,TR,שמפו דאב,מיליליטרים,600.00,"100 מ""ל",false,0,19.30,3.22,true,1,
8690637704413,false,מרכך לשיקום אינטנסיבי לשיער פגום,יוניליוור טורקיה. אז,TR,דאב מרכך משקם,מיליליטרים,600.00,"100 מ""ל",false,0,19.30,3.22,true,1,
8690770322598,false,שמרים יבשים פוליבה הנמל 125 גרם,בראבו Bravo,,שמרים יבשים 125 גרם,גרמים,125.00,100 גרם,false,0,4.60,3.68,true,1,
8690777206051,false,חציל קלוי על האש סרה ויליפוד 650 גרם,קוראהן פזלרמה וי דיס,TR,חציל קלוי,גרמים,650.00,100 גרם,false,0,11.90,1.83,true,1,
8690777221405,false,פלפל אדום קלוי סרה ויליפוד 650 גרם,קוראהן פזלרמה וי דיס,,פלפל אדום קלוי,גרמים,650.00,100 גרם,false,0,11.90,1.83,true,1,
8690784211802,false,גלייד אירוסול לבנדר 300מ,vaill aerosol coster,TR,גלייד מטהר אוויר,מיליליטרים,300.00,"100 מ""ל",false,0,9.30,3.10,true,1,
8690784211901,false,גלייד מטהר אוויר 300 מל,vaill aerosol coster,TR,גלייד מטהר אוויר,מיליליטרים,300.00,"100 מ""ל",false,0,9.30,3.10,true,1,
8693323012908,false,סוכ.ג'לי פטל ואוכמניו800,סאאדת,IL,סוכריות ג'לי,גרמים,800.00,100 גרם,false,0,15.90,1.99,true,1,
8693323031909,false,מרשמלו ממולא גלי 90 גרם,סאאדת,IL,מרשמלו ממולא גלי 90 גרם,גרמים,90.00,100 גרם,false,0,4.20,4.67,true,1,
8693323690106,false,סוכ. גומי בטעם בננה100ג,סאאדת,TR,סוכריות גומי,גרמים,100.00,100 גרם,false,1,4.90,4.90,true,1,
8693323690113,false,סוכ. ג'לי דובונים 100גרם,סאדאט,TR,סוכריות ג'לי,גרמים,100.00,100 גרם,false,1,4.90,4.90,true,1,
8693323690137,false,סוכ. ג'לי פטל+אוכמנ100גר,1 יחידה,TR,סוכריות ג'לי,גרמים,100.00,100 גרם,false,1,4.90,4.90,true,1,
8693495006972,false,"משחה קולגייט טוטל 75 מ""ל",קולגייט-פלמוליב,CH,משחת שיניים,מיליליטרים,75.00,"100 מ""ל",false,0,19.80,26.40,true,1,
8693495041249,false,סבון נוזלי ספורט לגבר500,קולגייט-פלמוליב,TR,סבון נוזלי,מיליליטרים,500.00,"100 מ""ל",false,1,15.00,3.00,true,1,
8697530910743,false,סיגריות פאל מאל כחול קצר מטאליק,Unknown,TR,פאל מאל חפ.,יחידה,1.00,יחידה,false,0,27.50,27.50,false,1,
8697530911276,false,סיגריות קנט קצר חפיס,גלוברנדס,TR,קנט קצר חפיסה,יחידה,1.00,יחידה,false,0,33.50,33.50,false,1,
8698720485515,false,תרסיס שמן זית 142 גרם,גאטה,TR,תרסיס שמן זית,גרמים,142.00,100 גרם,false,1,14.90,10.49,true,1,
8698720485522,false,תרסיס שמן קנולה 142 גרם,גאטה,TR,תרסיס שמן קנולה,גרמים,142.00,100 גרם,false,1,14.90,10.49,true,1,
8710502064814,false,עוגיות מרבה שוקולד ציפס במרקם רך 175 גר,בנקטבקריי מרבה בי.וי,NL,עוגיות מרבה,גרמים,175.00,100 גרם,false,1,10.90,6.23,true,1,
8710502139017,false,עוגיות טריפל שוקולד צ'יפס מרבה 180 גרם,בנקטבקריי מרבה בי.וי,NL,עוגיות שוקוצ'יפס,גרמים,180.00,100 גרם,false,0,10.90,6.06,true,1,
8710502470028,false,עוגיות שוקולד צ'יפס ממולאות בקרם נוגט,קריניציה ויטמינה אס,NL,עוגיות שוקוצ'יפס,גרמים,160.00,100 גרם,false,0,10.90,6.81,true,1,
8711600359659,false,ג'ל רחצה אקס אקסייט 400מ,יוניליוור,IL,ג'ל רחצה אקס,מיליליטרים,400.00,"100 מ""ל",false,0,10.00,2.50,true,1,
8711700665834,false,סבון מוצק Beauty cream bar בניחוח מלפפון ותה ירוק - מארז שישיה,יוניליוור גרמניה (בו,IL,סבון דאב שישייה,גרמים,600.00,100 גרם,false,0,19.90,3.32,true,1,
8711700796712,false,אקס ג'ל רחצה אפולו 400מ,יוניליוור גרמניה (בו,IL,אקס ג'ל רחצה,מיליליטרים,400.00,"100 מ""ל",false,0,10.00,2.50,true,1,
8712400802512,false,תרכובת מזון המשך לפעוטות על בסיס חלב שלב 2,נוטרישיה קאלק ב. ו.,NL,נוטרילון שלב2-,גרמים,800.00,100 גרם,false,0,64.90,8.11,true,1,
8712561234122,false,"אקס ג'ל רחצה פיס 400 מ""ל",יוניליוור,DE,אקס ג'ל רחצה,מיליליטרים,400.00,"100 מ""ל",false,0,10.00,2.50,true,1,
8712561594608,false,"דאב תחליב רחיצה להזנה עמוקה 750 מ""ל","יוניליוור גרמניה, Gmbh &",DE,תחליב רחצה דאב,מיליליטרים,750.00,"100 מ""ל",false,1,20.90,2.79,true,1,
8712561611183,false,דאב סבון נוזלי 500 תמציות מלפפונים ותה,"יוניליוור גרמניה, Gmbh &",DE,תחליב רחצה דאב,מיליליטרים,500.00,"100 מ""ל",false,1,17.90,3.58,true,1,
8712561611411,false,"תחליב רחצה בניחוח מלפפון ותה ירוק דאב 750 מ""ל","יוניליוור גרמניה, Gmbh &",DE,תחליב רחצה דאב,מיליליטרים,750.00,"100 מ""ל",false,1,20.90,2.79,true,1,
8712561626286,false,"דאב תחליב רחצה זוהר כמשי 750 מ""ל",יוניליוור גרמניה (בו,DE,תחליב רחצה דאב,מיליליטרים,750.00,"100 מ""ל",false,1,20.90,2.79,true,1,
8712561646116,false,תחליב רחצה דאב פיסטוק750,יוניליוור,DE,תחליב רחצה דאב,מיליליטרים,750.00,"100 מ""ל",false,1,20.90,2.79,true,1,
8712561650366,false,"אקס ג'ל רחצה בלאק 400מ""ל",יוניליוור,GB,אקס ג'ל רחצה,מיליליטרים,400.00,"100 מ""ל",false,0,10.00,2.50,true,1,
8712561653220,false,תחליב רחצה דאב תאנה 750,יוניליוור,DE,תחליב רחצה דאב,מיליליטרים,750.00,"100 מ""ל",false,1,20.90,2.79,true,1,
8712566127931,false,תה ירוק לימון מליסה20שק',יוניליוור,RU,תה ירוק,גרמים,32.00,100 גרם,false,0,16.50,51.56,true,1,
8714599513866,false,"קפה נמס מיובש בהקפאה קרונג צנצנת ג'ייקובס 200 גרם לל""ס",אל.אל.סי גייקובס דאו,RU,קפה נמס ג'קובס,גרמים,200.00,100 גרם,false,1,27.90,13.95,true,1,
8714789095653,false,"קולגייט משחת שיניים הרבל 100מ""ל",הנסיך- מפעל לייצור ט,IL,משחת שיניים,מיליליטרים,100.00,"100 מ""ל",false,0,12.50,12.50,true,1,
8714789177229,false,רבעיית מברשות שיניים קולגייט אקסטרה קלין 1 יחידה,הנסיך- מפעל לייצור ט,VN,4 מברשות שיניים,יחידה,1.00,יחידה,false,0,14.80,14.80,true,1,
8714789213033,false,מברשת קולגייט מדיום 2 יח,יבואן ומשווק: ש. שסט,CN,2 מברשות שיניים,יחידה,1.00,יחידה,false,0,40.10,40.10,true,1,
8714789292915,false,2 מברש.קולגייט מקס פרש M,קולגייט-פלמוליב,CN,2 מברשות שיניים,יחידה,1.00,יחידה,false,0,20.00,20.00,true,1,
8714789402932,false,נוזל לניקוי כללי ורצפות בניחוח ורדי בוקר אג'קס 1.5 ליטר,הנסיך- מפעל לייצור ט,GR,אג'קס לניקוי,ליטרים,1.50,ליטר,false,0,19.90,13.27,true,1,
8714789473970,false,קולגייט טוטל אדוונס 100מ,קולגייט-פלמוליב,PL,קולגייט טוטל אדוונס 100מ,מיליליטרים,100.00,"100 מ""ל",false,0,14.90,14.90,true,1,
8714789554655,false,קולגייט טוטל להלבנה 100,קולגייט-פלמוליב,PL,משחת קולגייט,מיליליטרים,100.00,"100 מ""ל",false,1,18.70,18.70,true,1,
8714789582764,false,אג'קס ספריי לניקוי חלונות ומשטחים,הנסיך- מפעל לייצור ט,IL,מרסס לניקוי חלונות 750 מ,מיליליטרים,750.00,"100 מ""ל",false,0,15.30,2.04,true,1,
8714789682334,false,קולגייט טוטל מתקדם 100מל,קולגייט-פלמוליב,PL,משחת קולגייט,מיליליטרים,100.00,"100 מ""ל",false,1,18.70,18.70,true,1,
8714789682358,false,קולגייט טוטל לרגישות100מ,קולגייט-פלמוליב,PL,משחת קולגייט,מיליליטרים,100.00,"100 מ""ל",false,1,18.70,18.70,true,1,
8714789722610,false,משחת קולגייט סנסטיב 75מל,קולגייט-פלמוליב,PL,משחת קולגייט,מיליליטרים,75.00,"100 מ""ל",false,0,12.90,17.20,true,1,
8714789831275,false,מברשת שיניים 360 אופטיק ווייט קולגייט 2 יחידות,קולגייט-פלמוליב,IL,מברשות קולגייט,יחידה,1.00,יחידה,false,0,40.10,40.10,true,1,
8714789834467,false,פלמוליב נוזל לניקוי כלים קלאסי 1.5 ליטר,קולגייט פלמוליב,GR,פלמוליב לכלים,ליטרים,1.50,ליטר,false,0,12.80,8.53,true,1,
8714789861852,false,קולגייט מקס פרש קלין100מ,קולגייט-פלמוליב,PL,משחת קולגייט,מיליליטרים,100.00,"100 מ""ל",false,1,15.00,15.00,true,1,
8714789930848,false,"משחת שיניים אופטיק וייט הלבנה מיידית קולגייט 75 מ""ל",הנסיך- מפעל לייצור ט,PL,משחת קולגייט,מיליליטרים,75.00,"100 מ""ל",false,0,26.70,35.60,true,1,
8715700419718,false,מתבל עגבניות היינץ 910 גרם,ה.י. היינץ,NL,מתבל עגבניות,גרמים,910.00,100 גרם,false,1,12.80,1.41,true,1,
8715700419732,false,היינץ מתבל עגבניות 700 גרם,ה.י. היינץ,NL,מתבל עגבניות,גרמים,700.00,100 גרם,false,0,12.90,1.84,true,1,
8717163559802,false,דאב קרם גוף לעור יבש 400,יוניליוור,DE,דאב קרם גוף,מיליליטרים,400.00,"100 מ""ל",false,0,25.90,6.48,true,1,
8718114047249,false,שישיית סבון מוצק דאב 100 גרם ליח',יוניליוור גרמניה (בו,DE,סבון דאב שישייה,גרמים,600.00,100 גרם,false,0,19.90,3.32,true,1,
8718951007963,false,פלמוליב לכלים לימון500מל,קולגייט-פלמוליב,GR,פלמוליב לכלים,מיליליטרים,500.00,"100 מ""ל",false,1,6.90,1.38,true,1,
8801055706976,false,נסקפה קפוצינו וניל 10*18.5 גרם,לוטה נסטלה קוריאה,KR,קפוצ'ינו וניל,גרמים,185.00,100 גרם,false,0,19.30,10.43,true,1,
8801055707010,false,נסקפה קפוצינו קלאסיק 10*12.5 גרם,נסטלה קוריאה - קפה,KR,נס קפה קפוצ'ינו,גרמים,125.00,100 גרם,false,0,19.30,15.44,true,1,
8801055707188,false,נסקפה קפוצינו אגוזים 10*18 גרם,נסטלה קוריאה - קפה,KR,נס קפה קפוצ'ינו,גרמים,180.00,100 גרם,false,0,19.30,10.72,true,1,
8801055707423,false,נסקפה קפוצינו שוק.לבן180,נסטלה,KR,נסקפה קפוצ'ינו,גרמים,180.00,100 גרם,false,0,19.30,10.72,true,1,
8850389105825,false,משקה אלוורה בטעם ענבים סאפה 1 ליטר,סאפה פובליק קומפני לימיט,TH,סאפה ענבים,ליטרים,1.00,ליטר,false,0,10.00,10.00,true,1,
8850389105832,false,סאפה משקה אלוורה בטעם תפוח עם קוביות אלוורה 1 ליטר,סאפה פובליק קומפני לימיט,TH,סאפה תפוחים,ליטרים,1.00,ליטר,false,0,10.00,10.00,true,1,
8850389105849,false,סאפה משקה אלוורה מופחת קלוריות בטעם אפרסק 1 ליטר,סאפה פובליק קומפני לימיט,TH,סאפה אפרסק,ליטרים,1.00,ליטר,false,0,10.00,10.00,true,1,
8850632604259,false,"יוגטה, חיספוסים, ממתק חמוץ בצורת מקלות בטעם תות שדה,50 גרם",ג'נרל קנדי בעמ,TH,יוגטה ממתק חמוץ,גרמים,50.00,100 גרם,false,0,4.60,9.20,true,1,
8850632604266,false,"יוגטה, ממתק חמוץ בצורת מקלות בטעם קולה, 50 גרם",ג'נרל קנדי בעמ,TH,יוגטה ממתק חמוץ,גרמים,50.00,100 גרם,false,0,4.60,9.20,true,1,
8857101301008,false,רוטב צילי מתוק וילי 700 מל יצרןמותג: פאן,פאן אינטר,TH,רוטב צ'ילי,מיליליטרים,700.00,"100 מ""ל",false,0,8.90,1.27,true,1,
8888111030053,false,"מיץ אננס SW טבעי מארז 240X4מ""ל פרימיום",אקו - ביט,PH,מיץ אננס 4 יח,מיליליטרים,960.00,"100 מ""ל",false,1,11.90,1.24,true,1,
8888111030107,false,מיץ תפוחים100%טבעי240*4מ,"פילד פרש פודס בע""מ",IN,מיץ תפוחים 4 יח,מיליליטרים,960.00,"100 מ""ל",false,1,11.90,1.24,true,1,
8901030004384,false,ואזלין תחליב גוף לבן725מ,יוניליוור,IL,תחליב גוף ואזלין,מיליליטרים,725.00,"100 מ""ל",false,0,31.90,4.40,true,1,
8901537024014,false,"אורז בסמטי מובחר 1 ק""ג - דוואט) יורה דיעה",הנסיך- מפעל לייצור ט,IN,אורז בסמטי,קילוגרמים,1.00,"ק""ג",false,0,13.90,13.90,true,1,
8992760221028,false,עוגיות אוראו 137 גרם,מונדלייז,ID,עוגיות אוראו,גרמים,137.00,100 גרם,false,1,6.90,5.04,true,1,
9000100930628,false,סומט גולד 44טבליות למדיח,הנקל סוד,DE,סומט טבליות,יחידה,1.00,יחידה,false,1,35.00,35.00,true,1,
9001616202186,false,"בקבוק לתינוק 330 מ""ל 4+ חודשים Easy Active",טרופיקל דגיל תעשיות,,מאמ בקבוק,יחידה,1.00,יחידה,false,0,34.90,34.90,true,1,
9001616669927,false,מאם בקבוק אנטי קוליק 260 מל אפור,מאם Mam,HU,מאמ בקבוק 260,יחידה,1.00,יחידה,false,0,34.90,34.90,true,1,
9300632078431,false,קולגייט פרו רילף מולטי75,קולגייט-פלמוליב,IL,משחת קולגייט,מיליליטרים,75.00,"100 מ""ל",false,0,25.30,33.73,true,1,
9310072000282,false,טים טם ביסקויט שו.חלב200,ארנולטס,AU,ביסקויט טים טאם,גרמים,200.00,100 גרם,false,0,15.90,7.95,true,1,
9720188060108,false,ממרח על בסיס סויה בסגון שמנת טופוטי 340 גרם,טופוטי ברנדס אינק.ג',US,ממרח טופו בטעם טבעי340גר,גרמים,340.00,100 גרם,false,0,19.90,5.85,true,1,
