code,internal_code,name,manufacturer_name,manufacture_country,manufacturer_item_description,unit_qty,quantity,unit_of_measure,weighted,qty_in_package,price,unit_of_measure_price,allow_discount,status,item_id
40084107,false,ביצת הפתעה קינדר,פרדי קונדטוריה אס פי,IT,פררו,גרמים,20.00,100 גרם,false,,5.50,0.2750,true,1,26136
40111216,false,באונטי חטיף בודד 57,מרס,NL,מרס,גרמים,57.00,100 גרם,false,,3.90,0.0684,true,1,3822
42061939,false,בקבוק בירה בקס 500 מ,Beck and Co,DE,בקבוק בירה בקס 500 מ,מיליליטרים,500.00,"100 מ""ל",false,,9.90,0.0198,true,1,53037
42101666,false,אירוובס מנטה אקליפטו,ריגלי,GB,ארוויבז,גרמים,42.00,100 גרם,false,,5.90,0.1405,true,1,26020
42299363,false,ניוואה דאו רול און פ,ביירסדורף,DE,ניוואה,מיליליטרים,200.00,"100 מ""ל",false,,19.90,0.0995,true,1,27071
42306788,false,אירוובס מנטה אוכמניו,ריגלי,GB,ארוויבז,גרמים,42.00,100 גרם,false,,5.90,0.1405,true,1,26055
50398904,false,קרם חמצן 6% בקבוק 60,גדעון קוסמטיקס,IL,אינדולה,מיליליטרים,60.00,"100 מ""ל",false,,4.90,0.0817,true,1,5586
54051157,false,אלפרו מעדן סויה בטעם,ALPRO,BE,אלפרו,מיליליטרים,500.00,"100 מ""ל",false,,16.90,0.0338,true,1,19944
59013662,false,דאב רול און קקאו,יוניליוור  פיליפינים,PH,DOVE,מיליליטרים,50.00,"100 מ""ל",false,,14.90,0.2980,true,1,56822
59082637,false,דאו רקסונה רול און,יוניליוור  פיליפינים,PH,REXONA,מיליליטרים,50.00,"100 מ""ל",false,,12.90,0.2580,true,1,52203
72940754,false,מילקי בטעם וניל,שטראוס גרופ,IL,שטראוס,גרמים,134.00,100 גרם,false,,2.90,0.0216,true,1,16353
72940761,false,מילקי בטעם שוקולד,שטראוס גרופ,IL,שטראוס,גרמים,134.00,100 גרם,false,,2.90,0.0216,true,1,16354
72940952,false,מילקי אקסטרה קצפת,שטראוס גרופ,IL,שטראוס,גרמים,111.00,100 גרם,false,,3.90,0.0351,true,1,16355
72940983,false,חומוס אחלה 250,שטראוס גרופ,IL,שטראוס,גרמים,250.00,100 גרם,false,,6.90,0.0276,true,1,16357
72941041,false,מיני מילקי בטעם שוקו,שטראוס גרופ,IL,שטראוס,גרמים,71.00,100 גרם,false,,2.00,0.0282,true,1,16358
72945308,false,שמרים טריים בקוביה 2,"פאקא תעשיות בע""מ",IL,תוצרת מסחרית,גרמים,50.00,100 גרם,false,,3.50,0.0700,true,1,16359
72961209,false,שמנית 15% 200מל בדצ,תנובה,IL,תנובה,מיליליטרים,200.00,"100 מ""ל",false,,2.40,0.0120,true,1,19158
72961223,false,גיל 3% 200מל בדצ,תנובה,IL,תנובה,מיליליטרים,200.00,"100 מ""ל",false,,1.51,0.0076,true,1,19160
72961506,false,פרילי תות גביע 125 ג,תנובה,IL,פרילי,גרמים,125.00,100 גרם,false,,3.40,0.0272,true,1,19161
72961520,false,פרילי אננס גביע 125,תנובה,IL,פרילי,גרמים,125.00,100 גרם,false,,3.50,0.0280,true,1,19163
72961544,false,באדי יוגרט תות גביע,תנובה,IL,באדי,גרמים,125.00,100 גרם,false,,2.90,0.0232,true,1,19164
72964132,false,פרילי טבע 1.9% גביע,תנובה,IL,פרילי,גרמים,200.00,100 גרם,false,,5.00,0.0250,true,1,19170
72986370,false,*מבצע* פיינט גלידה ב,מוצרי איכות אמריקאיי,IL,בן & ג'ריס,מיליליטרים,500.00,"100 מ""ל",false,,18.90,0.0378,true,1,20839
72986424,false,*מבצע* פיינט גלידה ב,מוצרי איכות אמריקאיי,IL,בן & ג'ריס,מיליליטרים,500.00,"100 מ""ל",false,,18.90,0.0378,true,1,20840
72986448,false,*מבצע* פיינט גלידה ב,מוצרי איכות אמריקאיי,IL,בן & ג'ריס,מיליליטרים,500.00,"100 מ""ל",false,,18.90,0.0378,true,1,20841
72986455,false,*מבצע* פיינט גלידה ב,מוצרי איכות אמריקאיי,IL,בן & ג'ריס,מיליליטרים,500.00,"100 מ""ל",false,,18.90,0.0378,true,1,20842
72986479,false,*מבצע* פיינט צאנקי מ,מוצרי איכות אמריקאיי,IL,בן & ג'ריס,גרמים,500.00,100 גרם,false,,18.90,0.0378,true,1,20843
72989425,false,*מבצע* פיינט גלידה ב,מוצרי איכות אמריקאיי,IL,בן & ג'ריס,מיליליטרים,500.00,"100 מ""ל",false,,18.90,0.0378,true,1,20844
72991886,false,*מבצע* פיינט דולצ`ה,מוצרי איכות אמריקאיי,IL,בן & ג'ריס,גרמים,500.00,100 גרם,false,,18.90,0.0378,true,1,20845
72993637,false,דני שוקולד,שטראוס גרופ,IL,שטראוס,גרמים,125.00,100 גרם,false,,2.70,0.0216,true,1,16364
80042563,false,פאסטה עגבניות בבקבוק,mutti s.p.a,IT,mutti,גרמים,700.00,100 גרם,false,,12.90,0.0184,true,1,27045
80050025,false,טיק טק תפוז,פררו,ZA,פררו,גרמים,16.00,100 גרם,false,,3.20,0.2000,true,1,26138
80050124,false,טיק טק מנטה,פררו,ZA,פררו,גרמים,16.00,100 גרם,false,,3.20,0.2000,true,1,26139
80050278,false,פררו רושה שלישיה,פררו,IT,פררו,גרמים,37.50,100 גרם,false,,5.50,0.1467,true,1,26140
80052760,false,קינדר בואנו שוקולד,פררו,PL,פררו,גרמים,43.00,100 גרם,false,,3.90,0.0907,true,1,26144
80136194,false,קינדר הפי-היפו חמישי,פררו,IT,פררו,גרמים,103.00,100 גרם,false,,11.90,0.1155,true,1,29419
80176800,false,ממרח נוטלה 750 גרם,פררו,IT,פררו,גרמים,750.00,100 גרם,false,,25.90,0.0345,true,1,26145
80177173,false,ממרח נוטלה 350 גרם,פררו,IT,פררו,גרמים,350.00,100 גרם,false,,13.90,0.0397,true,1,26146
80177180,false,קינדר קאונטרי,פררו,IT,פררו,גרמים,24.00,100 גרם,false,,2.50,0.1042,true,1,26147
80177609,false,קינדר 50 גרם,פררו,IT,פררו,גרמים,50.00,100 גרם,false,,3.90,0.0780,true,1,26148
80177616,false,קינדר 100,פררו,IT,פררו,גרמים,100.00,100 גרם,false,,7.50,0.0750,true,1,37588
80310891,false,ביצת קינדר גוי,פררו,,ביצת קינדר גוי,גרמים,20.00,100 גרם,false,,4.90,0.2450,true,1,66976
80761761,false,קינדר בואנו לבן,פררו,PL,פררו,גרמים,39.00,100 גרם,false,,3.90,0.1000,true,1,26150
80773429,false,מנטוס פיור פרש תות ב,פרפטי ואן מלה,TR,מנטוס,גרמים,60.00,100 גרם,false,,9.90,0.1650,true,1,30484
80773443,false,מנטוס פיור פרש מנטה,פרפטי ואן מלה,TR,מנטוס,גרמים,60.00,100 גרם,false,,9.90,0.1650,true,1,12910
80776307,false,מנטוס פיור פרש פירות,פרפטי ואן מלה,TR,מנטוס,גרמים,90.00,100 גרם,false,,16.90,0.1878,true,1,12911
80790990,false,מנטוס פיור פרש פירות,פרפטי ואן מלה,TR,מנטוס,גרמים,60.00,100 גרם,false,,9.90,0.1650,true,1,12913
80794233,false,מנטוס פיור פרש מנטה,פרפטי ואן מלה,TR,מנטוס,גרמים,90.00,100 גרם,false,,16.90,0.1878,true,1,12915
80831402,false,סוכריות מנטוס מרעננו,פרפטי ואן מלה,TR,מנטוס,גרמים,21.00,100 גרם,false,,6.90,0.3286,true,1,54310
80843184,false,מנטוס פיור פרש טעם ע,פרפטי ואן מלה,TR,מנטוס,גרמים,60.00,100 גרם,false,,9.90,0.1650,true,1,60170
80854753,false,סוכריות מנטוס מנטה ל,פרפטי ואן מלה,TR,מנטוס,גרמים,21.00,100 גרם,false,,6.90,0.3286,true,1,54311
80864295,false,מנטוס וויט מנטה עדינ,פרפטי ואן מלה,TR,מנטוס,גרמים,60.00,100 גרם,false,,9.90,0.1650,true,1,60281
80896081,false,מנטוס פיור פרש אבטיח,פרפטי ואן מלה,TR,מנטוס,גרמים,60.00,100 גרם,false,,9.90,0.1650,true,1,30485
80913467,false,מנטוס פיור פרש מנטה,פרפטי ואן מלה,TR,מנטוס,גרמים,60.00,100 גרם,false,,9.90,0.1650,true,1,12931
80936848,false,טיק טק תות שדה,פררו,ZA,פררו,גרמים,16.00,100 גרם,false,,3.20,0.2000,true,1,26152
80945468,false,מנטוס וויט מנטה מתוק,פרפטי ואן מלה,TR,מנטוס,גרמים,60.00,100 גרם,false,,9.90,0.1650,true,1,60282
80957706,false,מסטיק פיור וויט XXL,פרפטי ואן מלה,TR,מסטיק פיור וויט XXL,גרמים,150.00,100 גרם,false,,16.90,0.1127,true,1,63179
80974215,false,מנטוס פיור פרש תות ב,פרפטי ואן מלה,TR,מנטוס,גרמים,90.00,100 גרם,false,,16.90,0.1878,true,1,47571
80979128,false,מנטוס פיור פרש טעם ד,פרפטי ואן מלה,TR,מנטוס,גרמים,60.00,100 גרם,false,,9.90,0.1650,true,1,60171
80986348,false,מנטוס וויט טעם מנטה,פרפטי ואן מלה,TR,מנטוס,גרמים,60.00,100 גרם,false,,9.90,0.1650,true,1,60283
87108538,false,מנטוס תות,פרפטי ואן מלה,NL,מנטוס,גרמים,37.50,100 גרם,false,,3.50,0.0933,true,1,12941
87108651,false,מנטוס רביעייה,פרפטי ואן מלה,NL,מנטוס,גרמים,160.00,100 גרם,false,,10.90,0.0681,true,1,12942
87108712,false,מנטוס רביעייה,פרפטי ואן מלה,NL,מנטוס,גרמים,160.00,100 גרם,false,,10.90,0.0681,true,1,12943
88888017,true,י מחפוד ארוז זכיינות,,,י מחפוד ארוז זכיינות,,0.00,,false,,0.00,0.0000,true,1,53351
88888018,true,קפואים מחפוד זכיינות,,,קפואים מחפוד זכיינות,,0.00,,false,,0.00,0.0000,true,1,53352
88888020,true,מחלקת חלב,,,מחלקת חלב,,0.00,,false,,0.00,0.0000,true,1,56274
88888032,true,פיצוחיה יוחננוף,,,פיצוחיה יוחננוף,,0.00,,false,,0.00,0.0000,true,1,62493
88888038,true,גורמה כנאפה/בקלאווה,,,גורמה כנאפה/בקלאווה,,0.00,,false,,0.00,0.0000,true,1,61905
88888050,true,לחמים ומאפים,,,לחמים ומאפים,,0.00,,false,,0.00,0.0000,true,1,56304
88888051,true,סנדביצים טליה,,,סנדביצים טליה,,0.00,,false,,0.00,0.0000,true,1,62261
88888052,true,סלטים ונקניקים,,,סלטים ונקניקים,,0.00,,false,,0.00,0.0000,true,1,56335
88888053,true,ללא גלוטן וללא סוכר,,,ללא גלוטן וללא סוכר,,0.00,,false,,0.00,0.0000,true,1,56336
88888054,true,בעלי חיים,,,בעלי חיים,,0.00,,false,,0.00,0.0000,true,1,56337
88888055,true,זול סטוק,,,זול סטוק,,0.00,,false,,0.00,0.0000,true,1,62705
88888100,true,א. יעקב,,,א. יעקב,,0.00,,false,,0.00,0.0000,true,1,62039
88888993,true,סלטים טיב השדה,,,סלטים טיב השדה,,0.00,,false,,0.00,0.0000,true,1,48086
90087066,false,*מבצע* מיץ תפוזים 10,ראוך,HU,מיץ תפוזים 1 ל,ליטרים,1.00,ליטר,false,,9.90,9.9000,true,1,29614
90087547,false,*מבצע* מיץ עגב 100%,ראוך,HU,*מבצע* מיץ עגב 100%,ליטרים,1.00,ליטר,false,,9.90,9.9000,true,1,47772
90087974,false,"חומץ תפוחים 750 מ""ל",ראוך,AT,ראוך,מיליליטרים,750.00,"100 מ""ל",false,,11.90,0.0159,true,1,19502
90162602,false,רד בול משקה אנרגיה 2,רד בול,AT,משקה רד בול,מיליליטרים,250.00,"100 מ""ל",false,,6.90,0.0276,true,1,36232
90446269,false,"רד בול אבטיח 250 מ""ל",רד בול,AT,רד בול,מיליליטרים,250.00,"100 מ""ל",false,,6.90,0.0276,true,1,64546
96137130,false,דאב רולאון גו פרש אג,יוניליוור  פיליפינים,GB,DOVE,מיליליטרים,50.00,"100 מ""ל",false,,14.90,0.2980,true,1,46655
8112100298,false,שמן שומשום טהור,flavor full foods,TW,flavor,מיליליטרים,185.00,"100 מ""ל",false,,14.90,0.0805,true,1,26339
9800800056,false,נוטלה אנד גו,פררו,DE,נוטלה,גרמים,52.00,100 גרם,false,,5.50,0.1058,true,1,26154
11210000094,false,"טבסקו רגיל 60 מ""ל",מקאילהייני קו,US,טבסקו,מיליליטרים,60.00,"100 מ""ל",false,,10.90,0.1817,true,1,15785
11210007253,false,"טבסקו שום 60 מ""ל",חב' מקאילהייני,US,טבסקו,מיליליטרים,60.00,"100 מ""ל",false,,10.90,0.1817,true,1,15786
11210009387,false,טבסקו פלפל ירוק 60 מ,חב' מקאילהייני,US,טבסקו,מיליליטרים,60.00,"100 מ""ל",false,,10.90,0.1817,true,1,15787
11210607040,false,"טבסקו מעושן ""ציפוטלי",חב' מקאילהייני,US,טבסקו,מיליליטרים,60.00,"100 מ""ל",false,,10.90,0.1817,true,1,15788
11210698055,false,טבסקו סורירצ'ה חריף,מקאילהייני קו,US,טבסקו סורירצ'ה חריף,גרמים,566.00,100 גרם,false,,24.90,0.0440,true,1,52950
16000185517,false,פייבר וואן 555 גרם,נסטלה,PT,FIBER ONE,גרמים,555.00,100 גרם,false,,24.90,0.0449,true,1,61560
16000423534,false,חטיפי קראנצי שוקולד,ג'נרל מילס,US,נייטשר ואלי,גרמים,210.00,100 גרם,false,,18.90,0.0900,true,1,12954
16000548404,false,חטיפי קראנצי דבש חמי,ג'נרל מילס,ES,נייטשר ואלי,גרמים,210.00,100 גרם,false,,18.90,0.0900,true,1,12957
16000548503,false,חטיפי קראנצי מייפל ח,ג'נרל מילס,ES,נייטשר ואלי,גרמים,210.00,100 גרם,false,,18.90,0.0900,true,1,12958
16000548909,false,חטיפי קראנצי מיקס חמ,ג'נרל מילס,ES,נייטשר ואלי,גרמים,210.00,100 גרם,false,,18.90,0.0900,true,1,12960
16229924263,false,קרם קוקוס 250 מ,ויט ורלד קומפני,,קרם קוקוס 250 מ,מיליליטרים,250.00,"100 מ""ל",false,,9.90,0.0396,true,1,29396
18000701223,false,תערובת לעוגת שוקולד,ג'נרל מילס,IL,פילסברי,גרמים,500.00,100 גרם,false,,17.90,0.0358,true,1,12962
18000703494,false,תערובת לעוגת וניל פי,ג'נרל מילס,IL,פילסברי,גרמים,500.00,100 גרם,false,,17.90,0.0358,true,1,12963
21200513152,false,ספוגי קרצוף שלישיה,M3,CA,סקוטש-ברייט,יח',3.00,יח',false,,14.90,4.9667,true,1,9345
21200572357,false,ספוגי קרצוף שלישיה,M3,CA,סקוטש-ברייט,יח',3.00,יח',false,,14.90,4.9667,true,1,9346
25675301108,false,מקלות 50 גר תות,פאסין,NL,פשקס,גרמים,50.00,100 גרם,false,,4.90,0.0980,true,1,10763
25675301153,false,מקלות 50ג פטל ח,פאסין,NL,פשקס,גרמים,50.00,100 גרם,false,,4.90,0.0980,true,1,10764
25675301177,false,מקלות חמוצים 50 גרם,פאסין,NL,פשקס,גרמים,50.00,100 גרם,false,,4.90,0.0980,true,1,10765
25675301207,false,מקלות 50ג ת`ע,פאסין,NL,פשקס,גרמים,50.00,100 גרם,false,,4.90,0.0980,true,1,10767
25700005650,false,שקיות זיפלוק גדולות,אס.סי.גונסון ובניו,US,שקיות זיפלוק גדולות,יחי,14.00,יחי,false,,12.90,0.9214,true,1,57551
30000315989,false,קוואקר פרוטאין חמוצי,BEVERAGES FOODS & SE,US,קוואקר,גרמים,372.00,100 גרם,false,,21.90,0.0589,true,1,50188
31290140190,false,שוקולד גודייבה פיור,גודייבה,TR,גודייבה,גרמים,90.00,100 גרם,false,,14.90,0.1656,true,1,56217
33617000026,false,ואזה מקמח מלאה,,,פת מקמח מלא 260 גרם,גרמים,260.00,100 גרם,false,,12.90,0.0496,true,1,7697
33617340610,false,ואזה מקמח שיפון,,,פת מקמח שיפון 275 גרם,גרמים,275.00,100 גרם,false,,12.90,0.0469,true,1,7700
34000544028,false,מקלות ליקריץ תות 198,הרשי,US,הרשי,גרמים,198.00,100 גרם,false,,7.50,0.0379,true,1,12976
35000458476,true,*מבצע* קולגייט מברשת,קולגייט פלמוליב,VN,קולגייט,יח',4.00,יח',false,,17.90,4.4750,true,1,50611
37600207188,false,חמאת בוטנים סקיפי קל,הורמל,US,סקיפי,גרמים,462.00,100 גרם,false,,18.90,0.0409,true,1,22585
37600207256,false,חמאת בוטנים סקיפי עם,הורמל,US,סקיפי,גרמים,462.00,100 גרם,false,,18.90,0.0409,true,1,22586
38000138638,false,פרינגלס פיצה 158 גרם,פרינגלס,US,פרינגלס,גרמים,158.00,100 גרם,false,,8.90,0.0563,true,1,22591
38000183928,false,פרינגלס חרדל ודבש 15,פרינגלס,US,פרינגלס,גרמים,158.00,100 גרם,false,,8.90,0.0563,true,1,57591
38000232152,false,פרינגלס ברביקיו 158,פרינגלס,US,פרינגלס,גרמים,158.00,100 גרם,false,,8.90,0.0563,true,1,54028
38000232176,false,פרינגלס שמנת בצל 158,פרינגלס,US,פרינגלס,גרמים,158.00,100 גרם,false,,8.90,0.0563,true,1,54029
38000232183,false,פרינגלס אורגינל 149,פרינגלס,US,פרינגלס,גרמים,149.00,100 גרם,false,,8.90,0.0597,true,1,54030
38527591053,false,*מבצע* קוואקר ריבועי,BEVERAGES FOODS & SE,US,קוואקר,גרמים,411.00,100 גרם,false,,16.90,0.0411,true,1,15271
38527591060,false,*מבצע* קוואקר ריבועי,BEVERAGES FOODS & SE,US,קוואקר,גרמים,411.00,100 גרם,false,,16.90,0.0411,true,1,15272
40232885518,false,אוכמניות,,,אוכמניות,יח,1.00,יח,false,,9.90,9.9000,true,1,57189
41390001079,false,רוטב סויה דל מלח קיק,קיקומן פודז אינק,US,קיקומן,מיליליטרים,444.00,"100 מ""ל",false,,19.90,0.0448,true,1,22604
41390010309,false,רוטב טריאקי קיקומן 4,קיקומן פודז אינק,US,קיקומן,מיליליטרים,444.00,"100 מ""ל",false,,19.90,0.0448,true,1,22605
42400108153,false,דגני פוסט טוטי פרוטי,,,דגני פוסט טוטי פרוטי,גרמים,354.00,100 גרם,false,,19.90,0.0562,true,1,57644
46214731552,false,מרבה עוגיות  37% שוק,Merba BV,NL,מרבה,גרמים,225.00,100 גרם,false,,9.90,0.0440,true,1,19955
50000100347,false,פריסקיז מעדני החתול,נסטלה פורינה  USA מק,US,FRISKIES,קילוגרמים,4.43,"ק""ג",false,,35.90,8.1038,true,1,53424
50000237951,false,פריסקיז פארטי מיקס ג,,,פריסקיז פארטי מיקס ג,גרמים,60.00,100 גרם,false,,14.90,0.2483,true,1,65757
50000238910,false,פריסקיז פארטי מיקס א,,,פריסקיז פארטי מיקס א,גרמים,60.00,100 גרם,false,,14.90,0.2483,true,1,64589
50000429448,false,פנסי פיסט פטה מוס סל,נסטלה פורינה  USA סט,US,FANCY FEAST,גרמים,85.00,100 גרם,false,,5.90,0.0694,true,1,4818
50000429844,false,פנסי פיסט פטה הודו ו,נסטלה פורינה  USA ג',US,FANCY FEAST,גרמים,85.00,100 גרם,false,,5.90,0.0694,true,1,4820
51500255162,false,*מבצע* JIF חמאת בוטנ,smuckers,US,*מבצע* JIF חמאת בוטנ,גרמים,454.00,100 גרם,false,,14.90,0.0328,true,1,59919
54881000048,false,*מבצע* תה במבחר פרי,אחמד תה אנגליה,,*מבצע* תה במבחר פרי,יח',20.00,יח',false,,8.90,0.4450,true,1,61862
54881000062,false,*מבצע* תה שחור לימונ,אחמד תה אנגליה,,*מבצע* תה שחור לימונ,יח',20.00,יח',false,,8.90,0.4450,true,1,60880
54881005654,false,*מבצע* תה ירוק  יסמי,אחמד תה אנגליה,,*מבצע* תה ירוק  יסמי,יח',20.00,יח',false,,9.90,0.4950,true,1,61865
54881006958,false,*מבצע* תה שחור קינמו,אחמד תה אנגליה,,*מבצע* תה שחור קינמו,יח',20.00,יח',false,,8.90,0.4450,true,1,60877
54881006996,false,*מבצע* תה אפרסק ופסי,אחמד תה אנגליה,,*מבצע* תה אפרסק ופסי,יח',20.00,יח',false,,8.90,0.4450,true,1,61866
54881007115,false,*מבצע* תה שחור וניל,אחמד תה אנגליה,,*מבצע* תה שחור וניל,יח',20.00,יח',false,,8.90,0.4450,true,1,60882
54881007511,false,*מבצע* תה ירוק בטעם,אחמד תה אנגליה,,*מבצע* תה ירוק בטעם,יח',20.00,יח',false,,9.90,0.4950,true,1,60883
54881008945,false,*מבצע* תה ירוק אחמד,אחמד תה אנגליה,,*מבצע* תה ירוק אחמד,יח',20.00,יח',false,,9.90,0.4950,true,1,60885
54881009522,false,*מבצע* תה שחור פטל א,אחמד תה אנגליה,,*מבצע* תה שחור פטל א,יח',20.00,יח',false,,8.90,0.4450,true,1,60878
54881012423,false,*מבצע* תה ירוק בטעם,אחמד תה אנגליה,,*מבצע* תה ירוק בטעם,יח',20.00,יח',false,,9.90,0.4950,true,1,60886
55369902564,false,"רביעיות רסק תפו""ע לל",ליהי אורצ'דאניק,CA,אפלסנקס,גרמים,452.00,100 גרם,false,,13.90,0.0308,true,1,15794
64144090020,false,תרסיס שמן זית פאם,קונגרה,US,פאם,מיליליטרים,148.00,"100 מ""ל",false,,17.90,0.1209,true,1,12984
64144090051,false,תרסיס שמן קנולה פאם,קונגרה,US,פאם,מיליליטרים,148.00,"100 מ""ל",false,,17.90,0.1209,true,1,12985
76840100156,false,*מבצע* גלידת שמנת עם,מוצרי איכות אמריקאיי,IL,בן & ג'ריס,מיליליטרים,473.00,"100 מ""ל",false,,18.90,0.0400,true,1,20851
76840100583,false,*מבצע* פיינט גלידה ב,מוצרי איכות אמריקאיי,IL,בן & ג'ריס,מיליליטרים,473.00,"100 מ""ל",false,,18.90,0.0400,true,1,20852
76840620029,false,*מבצע* פיינט גלידה ב,מוצרי איכות אמריקאיי,IL,בן & ג'ריס,מיליליטרים,476.00,"100 מ""ל",false,,18.90,0.0397,true,1,20868
77245110610,false,סוכריות מאסט ללא סוכ,MIESZKO S.A - MS. JO,PL,עלית,גרמים,80.00,100 גרם,false,,7.50,0.0938,true,1,14681
77343000233,false,נרות חימום 50 יח יצו,"מנורה שי נר בע""מ",IL,מנורה,יח',50.00,יח',false,,8.90,0.1780,true,1,14141
77975093085,false,בייגלה סנידרס בציפוי,סניידרס,US,בייגלה סנידרס בציפוי,גרמים,141.00,100 גרם,false,,16.90,0.1199,true,1,64444
77975094624,false,שברי בייגלה במילוי ח,סניידרס,US,סניידרס,גרמים,283.50,100 גרם,false,,15.90,0.0561,true,1,56614
77975094631,false,סנדוויץ בייגלה במילו,סניידרס,US,סניידרס,גרמים,226.00,100 גרם,false,,15.90,0.0704,true,1,56615
77975094761,false,שברי בייגלה צדר סניי,סניידרס,US,סניידרס,גרמים,340.00,100 גרם,false,,15.90,0.0468,true,1,58972
77975094778,false,שברי בייגלה דבש וחרד,סניידרס,US,סניידרס,גרמים,340.00,100 גרם,false,,15.90,0.0468,true,1,59251
77975095164,false,שברי בייגלה פרמזן וש,סניידרס,US,סניידרס,גרמים,318.00,100 גרם,false,,15.90,0.0500,true,1,67661
80432400432,false,ויסקי שיבאס 1 ליטר,,,ויסקי שיבאס 1 ליטר,ליטרים,1.00,ליטר,false,,139.90,139.9000,true,1,12024
80518532743,false,בלונים 50 יח,NORTHERN,CN,שמחה זה אנחנו,יח',50.00,יח',false,,11.90,0.2380,true,1,17193
84909008046,false,נוזל אגוז קוקוס 400,סיאנד אי,TH,מזרח ומערב,מיליליטרים,400.00,"100 מ""ל",false,,6.90,0.0173,true,1,15804
183837123408,false,אורז בסמטי אוצרות הו,,IN,אורז בסמטי אוצרות הו,קילוגרמים,5.00,"ק""ג",false,,32.90,6.5800,true,1,65596
305210416383,false,ווזלין תחליב גוף נספ,יוניליוור,US,יוניליוור,מיליליטרים,600.00,"100 מ""ל",false,,19.90,0.0332,true,1,29287
611745285685,false,אבוקדו בשל ארוז יחיד,משתנה,IL,פטריות פורטובלה,יח',1.00,יח',false,,7.90,7.9000,true,1,52837
613008742348,false,אריזונה ג'נסנג דבש ל,נובה טרייד אל טי די,BG,אריזונה,ליטרים,1.00,ליטר,false,,11.90,11.9000,true,1,56980
613008742409,false,אריזונה אפרסק ליטר,נובה טרייד אל טי די,BG,אריזונה,ליטרים,1.00,ליטר,false,,11.90,11.9000,true,1,56981
613008755461,false,אריזונה אוכמניות ליט,נובה טרייד אל טי די,BG,אריזונה,ליטרים,1.00,ליטר,false,,11.90,11.9000,true,1,56982
645173911038,false,קורנישון מיני 670 גר,קולמן,IN,תומר,גרמים,720.00,100 גרם,false,,10.90,0.0151,true,1,19503
649870161550,false,סיגר בפאלו עוף (5יח),,,סיגר בפאלו עוף (5יח),יחידה,0.00,יחידה,false,,24.90,0.0000,true,1,54740
649870162809,false,דונאט בופלו מצופה,,,דונאט בופלו מצופה,יחידה,0.00,יחידה,false,,19.90,0.0000,true,1,54756
649870166135,false,נייטיב טונה ברוטב לח,,TH,נייטיב טונה ברוטב לח,גרמים,85.00,100 גרם,false,,4.90,0.0576,true,1,60062
693493028929,false,סלרי חתוך יח',,,סלרי חתוך יח',יח',1.00,יח',false,,5.90,5.9000,true,1,51714
693493034456,false,סרדין בשמן זית,U.P.A,MA,U.P.A,גרמים,90.00,100 גרם,false,,5.90,0.0656,true,1,54228
693493034470,false,פילה מקרל בשמן חמניו,U.P.A,MA,U.P.A,גרמים,125.00,100 גרם,false,,5.90,0.0472,true,1,54230
693493034487,false,פילה סרדינים בשמן זי,יוניון דה פחריס אפרי,MA,פילה סרדינים בשמן זי,גרמים,125.00,100 גרם,false,,6.50,0.0520,true,1,54231
693493135467,false,מסכה חד פעמית 50 יח',,,מסכה חד פעמית 50 יח',יח',50.00,יח',false,,8.90,0.1780,true,1,59844
693493168786,false,"תמר מג'הול 1 ק""ג פרמ",,,"תמר מג'הול 1 ק""ג פרמ",קילוגרמים,1.00,"ק""ג",false,,24.90,24.9000,true,1,66930
693493168823,false,תמר דקל נור 400 גרם,,,תמר דקל נור 400 גרם,גרמים,400.00,100 גרם,false,,10.90,0.0273,true,1,66937
728229123811,false,טרה ציפס ירקות ים תי,Global Gourmet Produ,IL,טרה,גרמים,110.00,100 גרם,false,,14.90,0.1355,true,1,8707
728229124764,false,טרה ציפס בטטה עם מלח,Global Gourmet Produ,IL,טרה,גרמים,110.00,100 גרם,false,,14.90,0.1355,true,1,46940
728229124771,false,טרה מבטטה בטעם ברביק,Global Gourmet Produ,US,טרה,גרמים,110.00,100 גרם,false,,14.90,0.1355,true,1,8708
728229130154,false,טרה ציפס בטטה וסלק,Global Gourmet Produ,IL,טרה,גרמים,110.00,100 גרם,false,,14.90,0.1355,true,1,8709
753182231761,false,משקה אנרגיה בלו ללא,אקוביט,PL,בלו,מיליליטרים,250.00,"100 מ""ל",false,,4.20,0.0168,true,1,8300
768404001640,false,*מבצע* פיינט גלידה ב,מוצרי איכות אמריקאיי,IL,בן & ג'ריס,גרמים,500.00,100 גרם,false,,18.90,0.0378,true,1,20869
769904000997,false,דגש שקדי מרק.,משובח תעשיות מזון,IL,משובח,גרמים,200.00,100 גרם,false,,13.90,0.0695,true,1,2316
818570007066,false,תמצית וניל טהור ווטק,וטקינס,US,תמצית וניל טהור ווטק,מיליליטרים,29.00,"100 מ""ל",false,,29.90,1.0310,true,1,29000
835811000396,false,נייר אפיה לתבנית מוא,הנמל,,נייר אפיה לתבנית מוא,יח,30.00,יח,false,,9.90,0.3300,true,1,53568
835811000419,false,כפיות 50 יח`  קרם עב,"גרנג יוניברס , הונג",TR,הנמל,יח',50.00,יח',false,,12.90,0.2580,true,1,49020
835811000433,false,סכינים 50 יח` קרם  ע,"גרנג יוניברס , הונג",TR,הנמל,יח',50.00,יח',false,,12.90,0.2580,true,1,49022
835811001232,false,נייר אפיה עגול 10 יח,,,נייר אפיה עגול 10 יח,יח,10.00,יח,false,,10.90,1.0900,true,1,56458
835811001713,false,ניילון נצמד  150 מ`,,,ניילון נצמד  150 מ`,מטרים,150.00,מטר,false,,14.90,0.0993,true,1,10509
835811001843,false,מגש אינגליש קייק שקו,,,מגש אינגליש קייק שקו,יח',1.00,יח',false,,5.90,5.9000,true,1,10515
835811003427,false,*מבצע* צלחות גדול מק,,,*מבצע* צלחות גדול מק,יח,67.00,יח,false,,29.90,0.4463,true,1,65486
835811003472,false,כפות אלגנט שקוף 50 י,,,כפות אלגנט שקוף 50 י,יח',50.00,יח',false,,7.90,0.1580,true,1,65487
835811003489,false,כפיות אלגנט שקוף 50,,,כפיות אלגנט שקוף 50,יח',50.00,יח',false,,7.90,0.1580,true,1,65485
835811004202,false,מפה שולחן  6 יח` עבה,,,מפה שולחן  6 יח` עבה,יח',6.00,יח',false,,8.90,1.4833,true,1,50759
835811004219,false,מפה שולחן 8 יח עבה נ,,,מפה שולחן 8 יח עבה נ,יח',8.00,יח',false,,8.90,1.1125,true,1,50760
835811004226,false,מפת ניילון  בגליל  4,,,מפת ניילון  בגליל  4,מטרים,45.00,מטר,false,,29.90,0.6644,true,1,50761
835811004455,false,קש מנייר 125 יח',הנמל,,קש מנייר 125 יח',יח',1.00,יח',false,,8.90,8.9000,true,1,60371
835811004790,false,מגש הגשה  עגול מחולק,פולין חד פעמי סין,CN,הנמל,יח',1.00,יח',false,,8.90,8.9000,true,1,10547
835811004943,false,קסרול שקוף אלגנט  10,"אינפלסטיק בע""מ",IL,הנמל,יח',10.00,יח',false,,12.90,1.2900,true,1,10550
835811005117,false,קערה מעוטרת קטנה 1 י,בי רייט,CN,הנמל,יח',1.00,יח',false,,4.90,4.9000,true,1,10554
835811005247,false,קערה 16 אונז` 4 יח`,הנג טונג,CN,הנמל,יח',4.00,יח',false,,7.90,1.9750,true,1,10559
835811005339,false,זוג שקיות אוכל ארוז,,,שקיות אוכל זוג בקרטו,יח',300.00,יח',false,,7.90,0.0263,true,1,10562
835811005728,false,עלים ל-קרמשניט 400 ג,"רונית מאפים בע""מ",IL,הנמל,גרמים,400.00,100 גרם,false,,14.90,0.0373,true,1,10569
835811006176,false,כוס קינוח קריסטל 60,,,כוס קינוח קריסטל 60,יח',24.00,יח',false,,12.90,0.5375,true,1,50013
835811006213,false,קערות למרק  מקנה סוכ,,,קערות למרק  מקנה סוכ,יח',25.00,יח',false,,13.90,0.5560,true,1,10586
835811006220,false,צלחות ענק מקנה סוכר,,,צלחות ענק מקנה סוכר,יח',25.00,יח',false,,14.90,0.5960,true,1,10587
835811006237,false,צלחות קטנות מקנה סוכ,,,צלחות קטנות מקנה סוכ,יח',25.00,יח',false,,9.90,0.3960,true,1,10588
835811006244,false,צלחות גדולות מקנה סו,,,צלחות גדולות מקנה סו,יח',25.00,יח',false,,13.90,0.5560,true,1,10589
835811006534,false,כוסות קרטון 50 יח' 1,,,כוסות קרטון 50 יח' 1,יח',50.00,יח',false,,22.90,0.4580,true,1,61773
835811007166,false,כוסות קפה לדרך + מכס,"צח ייבוא ושיווק בע""מ",IL,הנמל,יח',16.00,יח',false,,11.90,0.7438,true,1,10618
835811007296,false,כפיות אלגנט 50 יח,,,כפיות אלגנט 50 יח,יח',50.00,יח',false,,7.90,0.1580,true,1,65488
835811007302,false,כפות אלגנט  50 יח,,,כפות אלגנט  50 יח,יח',50.00,יח',false,,7.90,0.1580,true,1,65489
835811007319,false,מזלגות אלגנט  50 יח,,,מזלגות אלגנט  50 יח,יח',50.00,יח',false,,7.90,0.1580,true,1,65490
835811007494,false,גלטין טהור מדגים  2,,,גלטין טהור מדגים  2,גרמים,28.00,100 גרם,false,,8.90,0.3179,true,1,10628
835811008699,false,כפות 50 יח` שקוף עבה,"גרנג יוניברס , הונג",TR,הנמל,יח',50.00,יח',false,,12.90,0.2580,true,1,10634
835811008934,false,מזלגות 50 יח`  שקוף,"גרנג יוניברס , הונג",TR,הנמל,יח',50.00,יח',false,,12.90,0.2580,true,1,10643
835811008958,false,כפיות 50 יח`  שקוף ע,"גרנג יוניברס , הונג",TR,הנמל,יח',50.00,יח',false,,12.90,0.2580,true,1,10645
835811008989,false,כוסות קרטון 50  12OZ,,,כוסות קרטון 50  12OZ,יח',50.00,יח',false,,19.90,0.3980,true,1,10647
835811008996,false,כוסות קרטון  50  10O,,,כוסות קרטון  50  10O,יח',50.00,יח',false,,14.90,0.2980,true,1,10648
835811009115,false,מגש מלבן 1 יח` שקוף,בי רייט,CN,הנמל,יח',1.00,יח',false,,5.90,5.9000,true,1,10652
839762000641,false,משקה איילנד מנגו,The Egyptian Co. for,EG,??????,ליטרים,1.00,ליטר,false,,11.90,11.9000,true,1,12025
839762000658,false,משקה איילנד גויאבה,The Egyptian Co. for,EG,איילנד,ליטרים,1.00,ליטר,false,,11.90,11.9000,true,1,12026
856591000055,false,עוגיות מזרחיות קריספ,עבאדי,IL,עבאדי,גרמים,400.00,100 גרם,false,,17.90,0.0447,true,1,17817
856591000970,false,*מבצע* מאפה חיטה מקל,,,*מבצע* מאפה חיטה מקל,גרמים,400.00,100 גרם,false,,14.90,0.0373,true,1,62899
884912129512,false,דגני פוסט בטעם קקאו,פוסט,US,פוסט,גרמים,311.00,100 גרם,false,,19.90,0.0640,true,1,65349
884912359155,false,דגני בוקר האני בנצ'ס,פוסט,US,האניבנצס רוסטד,גרמים,340.00,100 גרם,false,,21.90,0.0644,true,1,63284
884912359162,false,דגני בוקר האני בנצ'ס,פוסט,US,האניבנצס אלמונד,גרמים,340.00,100 גרם,false,,21.90,0.0644,true,1,63283
884912359421,false,דגני בוקר האני באנצ',פוסט,US,האניבנצס רוסטד,גרמים,340.00,100 גרם,false,,21.90,0.0644,true,1,63285
884912365200,false,דגני אוראו 311 גרם,,,דגני אוראו 311 גרם,גרמים,311.00,100 גרם,false,,19.90,0.0640,true,1,66715
893594002051,false,פופקורנס גבינת צ'דר,pepsico inc.frito la,US,פופקורנס גבינת צ'דר,גרמים,28.00,100 גרם,false,,5.50,0.1964,true,1,65598
893594002068,false,פופקורנס מלח ים 28 ג,pepsico inc.frito la,US,פופקורנס מלח ים 28 ג,גרמים,28.00,100 גרם,false,,5.50,0.1964,true,1,65599
2122607011109,false,עמק לייט חריץ במשקל,תנובה,IL,תנובה,קילוגרמים,1.00,"ק""ג",true,,72.00,72.0000,true,1,61703
3014260228842,false,גילט קצף גילוח,פרוקטר אנד גמבל,GB,Gillette,מיליליטרים,200.00,"100 מ""ל",false,,13.90,0.0695,true,1,9029
3014260240226,false,גילט קצף גילוח,פרוקטר אנד גמבל,GB,Gillette,מיליליטרים,200.00,"100 מ""ל",false,,13.90,0.0695,true,1,9030
3014260287030,false,גילט חמישייה,פרוקטר אנד גמבל,PL,Gillette,יח',5.00,יח',false,,8.90,1.7800,true,1,9038
3046920010801,false,לינדט אקסלנס הזלנט 1,לינדט,FR,לינדט,גרמים,100.00,100 גרם,false,,14.90,0.1490,true,1,3842
3046920027281,false,לינדט אקסלנס שוקולד,לינדט,FR,לינדט,גרמים,100.00,100 גרם,false,,14.90,0.1490,true,1,3849
3046920028363,false,לינדט אקסלנס שוקולד,לינדט,FR,לינדט,גרמים,100.00,100 גרם,false,,14.90,0.1490,true,1,3852
3046920028721,false,לינדט אקסלנס שוקולד,לינדט,FR,לינדט,גרמים,50.00,100 גרם,false,,14.90,0.2980,true,1,3854
3046920028752,false,לינדט אקסלנס שוקולד,לינדט,FR,לינדט,גרמים,100.00,100 גרם,false,,14.90,0.1490,true,1,3855
3046920029681,false,לינדט אקסלנס שוקולד,לינדט,FR,לינדט,גרמים,100.00,100 גרם,false,,14.90,0.1490,true,1,56167
3059940007768,false,איירוויק ספריי וניל,RECKITT BENCKISER UK,GB,איירויק,מיליליטרים,240.00,"100 מ""ל",false,,9.90,0.0413,true,1,8023
3059943016507,false,איירוויק ספריי לבנדר,RECKITT BENCKISER UK,GB,איירויק,מיליליטרים,240.00,"100 מ""ל",false,,9.90,0.0413,true,1,8028
3059943016569,false,איירוויק ספריי פריסי,RECKITT BENCKISER UK,GB,איירויק,מיליליטרים,240.00,"100 מ""ל",false,,9.90,0.0413,true,1,8030
3059944022415,false,*מבצע* ויט ארומטיק ר,RECKITT BENCKISER FR,FR,ויט,יח',10.00,יח',false,,19.90,1.9900,true,1,8035
3069900201327,false,זיתים שחורים בואקום,קרטייר סאדה,MA,קרטייר סאדה,גרמים,400.00,100 גרם,false,,10.90,0.0273,true,1,20785
3073781161663,false,גבינה מותכת לוואש קי,פרומאג'רי בל דום סאם,FR,לואש קירי,גרמים,128.00,100 גרם,false,,11.90,0.0930,true,1,59591
3073781161687,false,גבינה לוואש קירי 256,פרומאג'רי בל דום סאם,FR,לואש קירי,גרמים,256.00,100 גרם,false,,22.90,0.0895,true,1,59592
3073781161700,false,גבינה לוואש קירי 480,פרומאג'רי בל דום סאם,FR,לואש קירי,גרמים,480.00,100 גרם,false,,37.90,0.0790,true,1,59593
3073781177220,false,*מבצע* בייבי בל רול,בל,FR,*מבצע* בייבי בל רול,גרמים,102.00,100 גרם,false,,16.90,0.1657,true,1,65811
3161911366429,false,*מבצע* חמאה רכה מלוח,אלוויר,FR,אלוויר,גרמים,250.00,100 גרם,false,,19.90,0.0796,true,1,27157
3178530407938,false,עוגיות מיני מדלן עם,סן מישל,FR,סן מישל,גרמים,175.00,100 גרם,false,,11.90,0.0680,true,1,30173
3178530412703,false,*מבצע* דונאט עם שוקו,סן מישל,FR,סן מישל,גרמים,180.00,100 גרם,false,,11.90,0.0661,true,1,51932
3178530417418,false,*מבצע* דונאט עם שוקו,סן מישל,FR,סן מישל,גרמים,180.00,100 גרם,false,,11.90,0.0661,true,1,51934
3179732348913,false,מים מינרליים פרייה 1,ברקן סגל,FR,פרייה,ליטרים,1.00,ליטר,false,,8.90,8.9000,true,1,12030
3246513243177,false,סלסלה,,,סלסלה,יח',1.00,יח',false,,7.90,7.9000,true,1,62674
3387390320244,false,פיטנס פירות 375 גרם,נסטלה צרפת איטנקורט,FR,FITNESS,גרמים,375.00,100 גרם,false,,19.90,0.0531,true,1,4826
3387390525960,false,דגני קראנץ 500 גרם,נסטלה צרפת רומילי,FR,CRUNCH,גרמים,500.00,100 גרם,false,,19.90,0.0398,true,1,4827
3387390730852,false,דגני פיטנס 375 גרם.,נסטלה צרפת איטנקורט,FR,FITNESS,גרמים,375.00,100 גרם,false,,19.90,0.0531,true,1,4828
3523230025638,false,בושה עיזים טבעי 125,אוריאל,FR,בושה עיזים טבעי 125,גרמים,125.00,100 גרם,false,,24.90,0.1992,true,1,37944
3523230026888,false,*מבצע* גבינת עיזים ש,אוריאל,FR,מרסי שף,גרמים,140.00,100 גרם,false,,19.90,0.1421,true,1,27171
3523230038959,false,בושה עיזים מפוחם 125,אוריאל,FR,בושה עיזים מפוחם 125,גרמים,125.00,100 גרם,false,,24.90,0.1992,true,1,54187
3563490014898,false,חרדל דיזון לחיץ 265,REINE DE DIJON S.A,FR,ריין דיז'ון,גרמים,265.00,100 גרם,false,,10.90,0.0411,true,1,22609
3574660089547,false,*מבצע* אובה קלאסי נו,Johnson Toilet-IT,GR,אובה,יח',32.00,יח',false,,20.90,0.6531,true,1,19960
3574660115154,false,*מבצע* אובה קלאסי סו,Johnson Toilet-IT,GR,אובה,יח',32.00,יח',false,,20.90,0.6531,true,1,19962
3574661003924,false,"מי פה ליסטרין 500 מ""",גונסון אנד גונסון,IT,ליסטרין,מיליליטרים,500.00,"100 מ""ל",false,,18.90,0.0378,true,1,48087
3574661363998,false,"מי פה ליסטרין 500 מ""",גונסון אנד גונסון,IT,ליסטרין,מיליליטרים,500.00,"100 מ""ל",false,,18.90,0.0378,true,1,48089
3574661487328,false,קרפרי מגן תחתון רגיל,Johnson Toilet-IT,GR,קרפרי,יח',56.00,יח',false,,15.90,0.2839,true,1,51230
3574661487618,false,קרפרי מגן תחתון מקסי,Johnson Toilet-IT,GR,קרפרי,יח',48.00,יח',false,,15.90,0.3313,true,1,51232
3574661487625,false,קרפרי מגן תחתון מקסי,Johnson Toilet-IT,GR,קרפרי,יח',48.00,יח',false,,15.90,0.3313,true,1,51233
3574661487632,false,קרפרי מגן תחתון לארג,Johnson Toilet-IT,GR,קרפרי,יח',64.00,יח',false,,22.90,0.3578,true,1,51234
3574661491806,false,"מי פה ליסטרין 500 מ""",גונסון אנד גונסון,IT,ליסטרין,מיליליטרים,500.00,"100 מ""ל",false,,18.90,0.0378,true,1,57877
3574661552576,false,קרפרי מגן תחתון רגיל,Johnson Toilet-IT,GR,קרפרי,יח',56.00,יח',false,,15.90,0.2839,true,1,54361
3574661552804,false,קרפרי מגן תחתון אלוו,Johnson Toilet-IT,GR,קרפרי,יח',56.00,יח',false,,15.90,0.2839,true,1,56578
3574661552811,false,קרפרי כותון אוורירי,Johnson Toilet-IT,GR,קרפרי,יח',56.00,יח',false,,15.90,0.2839,true,1,56118
3574661554884,false,קרפרי רגיל טנגה ריחנ,Johnson Toilet-IT,GR,קרפרי,יח',56.00,יח',false,,15.90,0.2839,true,1,56220
3600523605972,false,קרם לחות מועשר בשמן,CANAN KOZMETIK,DE,אלביב,גרמים,300.00,100 גרם,false,,24.90,0.0830,true,1,30521
3600523642489,false,מסכת הזנה אינטנסיבית,CANAN KOZMETIK,TR,אלביב,גרמים,300.00,100 גרם,false,,24.90,0.0830,true,1,49241
3600523652228,false,מרכך שיער משקם לשיער,לוריאל,TR,מרכך שיער משקם לשיער,מיליליטרים,550.00,"100 מ""ל",false,,15.90,0.0289,true,1,31361
3600523652242,false,שמפו מטפח קולור פרוט,לוריאל,TR,שמפו מטפח קולור פרוט,מיליליטרים,550.00,"100 מ""ל",false,,15.90,0.0289,true,1,31363
3600523652259,false,מרכך שיער מטפח קולור,לוריאל,TR,מרכך שיער מטפח קולור,מיליליטרים,550.00,"100 מ""ל",false,,15.90,0.0289,true,1,31364
3600523652280,false,שמפו 6 שמנים מופלאים,לוריאל,TR,שמפו 6 שמנים מופלאים,מיליליטרים,550.00,"100 מ""ל",false,,15.90,0.0289,true,1,31367
3600523652297,false,מרכך שיער 6 שמנים מו,לוריאל,TR,מרכך שיער 6 שמנים מו,מיליליטרים,550.00,"100 מ""ל",false,,15.90,0.0289,true,1,31368
3600523782567,false,שמפו משקם לשיער ארוך,לוריאל,TR,שמפו משקם לשיער ארוך,מיליליטרים,500.00,"100 מ""ל",false,,15.90,0.0318,true,1,50015
3600523782574,false,מסכת אס או אס לשיער,LOREAL PRODUKTION DE,DE,אלביב,מיליליטרים,300.00,"100 מ""ל",false,,24.90,0.0830,true,1,50020
3600523782581,false,מרכך שיער מתיר קשרים,לוריאל,TR,מרכך שיער מתיר קשרים,מיליליטרים,500.00,"100 מ""ל",false,,15.90,0.0318,true,1,50016
3600524051334,false,מרכך אלביב יאלורונית,לוריאל,TR,מרכך אלביב יאלורונית,מיליליטרים,400.00,"100 מ""ל",false,,13.90,0.0348,true,1,66273
3600541402270,false,*מבצע* דאודורנט ספרי,סופרוקוס,FR,גרנייה,מיליליטרים,150.00,"100 מ""ל",false,,11.90,0.0793,true,1,6458
3600541740006,false,*מבצע* דאודורנט ספרי,סופרוקוס,FR,גרנייה,מיליליטרים,150.00,"100 מ""ל",false,,11.90,0.0793,true,1,6471
3600542216623,false,*מבצע* דאודורנט רול,סופרוקוס,FR,גרנייה,מיליליטרים,150.00,"100 מ""ל",false,,11.90,0.0793,true,1,52579
3600542310444,false,*מבצע* דאו ספריי מגנ,,,*מבצע* דאו ספריי מגנ,מיליליטרים,150.00,"100 מ""ל",false,,11.90,0.0793,true,1,65875
3600542385091,false,*מבצע* דאודרנט רול,קוסמופול,PL,גרנייה,מיליליטרים,50.00,"100 מ""ל",false,,11.90,0.2380,true,1,58545
3600542385268,false,*מבצע* דאודרנט רול,קוסמופול,PL,גרנייה,מיליליטרים,50.00,"100 מ""ל",false,,11.90,0.2380,true,1,58549
3600542385275,false,*מבצע* דאודרנט רול,,,דאודרנט רול גרנייה,מיליליטרים,50.00,"100 מ""ל",false,,11.90,0.2380,true,1,58550
3600542397926,false,*מבצע* דאודרנט ספריי,סופרוקוס,FR,גרנייה,מיליליטרים,150.00,"100 מ""ל",false,,11.90,0.0793,true,1,58552
3600542431828,false,צבע לשיער שחור מספר,קוסמופול,PL,גרנייה,יח',1.00,יח',false,,19.90,19.9000,true,1,62035
3600542431835,false,צבע לשיער חום כהה מא,קוסמופול,PL,גרנייה,יח',1.00,יח',false,,19.90,19.9000,true,1,62037
3600542431842,false,צבע לשיער חום כהה מס,קוסמופול,PL,גרנייה,יח',1.00,יח',false,,19.90,19.9000,true,1,62038
3600542431866,false,צבע לשיער חום בהיר מ,קוסמופול,PL,גרנייה,יח',1.00,יח',false,,19.90,19.9000,true,1,62041
3600542431903,false,צבע לשיער בלונד סופר,קוסמופול,PL,גרנייה,יח',1.00,יח',false,,19.90,19.9000,true,1,62044
3600542431910,false,צבע לשיער שחור כחול,קוסמופול,PL,גרנייה,יח',1.00,יח',false,,19.90,19.9000,true,1,62045
3600542431941,false,צבע לשיער חום זהוב 5,קוסמופול,PL,גרנייה,יח',1.00,יח',false,,19.90,19.9000,true,1,62116
3600542431972,false,צבע לשיער בלונד אפור,קוסמופול,PL,גרנייה,יח',1.00,יח',false,,19.90,19.9000,true,1,62048
3600542432009,false,צבע לשיער חום שוקולד,קוסמופול,PL,גרנייה,יח',1.00,יח',false,,19.90,19.9000,true,1,62119
3600542432092,false,צבע לשיער חום שלג 5.,קוסמופול,PL,גרנייה,יח',1.00,יח',false,,19.90,19.9000,true,1,62127
3607345264912,false,דאודורנט ספריי לגבר,,,פיוזן ספריי גוף,מיליליטרים,150.00,"100 מ""ל",false,,16.90,0.1127,true,1,8730
3800020423578,false,קיט קאט צאנקי 40 גרם,נסטלה,BG,נסטלה,גרמים,40.00,100 גרם,false,,3.90,0.0975,true,1,13000
3838824127163,false,*מבצע* צבע לשיער פאל,שוורצקופף והנקל,DE,שוורצקוף,יח',1.00,יח',false,,16.90,16.9000,true,1,5595
3838824127200,false,*מבצע* צבע לשיער פאל,שוורצקופף והנקל,DE,שוורצקוף,יח',1.00,יח',false,,16.90,16.9000,true,1,5596
3838824127224,false,*מבצע* צבע לשיער פאל,שוורצקופף והנקל,DE,שוורצקוף,יח',1.00,יח',false,,16.90,16.9000,true,1,5597
3838824127248,false,*מבצע* צבע לשיער פאל,שוורצקופף והנקל,DE,שוורצקוף,יח',1.00,יח',false,,16.90,16.9000,true,1,5598
3838824127286,false,*מבצע* צבע לשיער פאל,שוורצקופף והנקל,DE,שוורצקוף,יח',1.00,יח',false,,16.90,16.9000,true,1,5600
3838824127361,false,*מבצע* צבע לשיער פאל,שוורצקופף והנקל,DE,שוורצקוף,יח',1.00,יח',false,,16.90,16.9000,true,1,5603
3838824127507,false,*מבצע* צבע לשיער פאל,שוורצקופף והנקל,DE,שוורצקוף,יח',1.00,יח',false,,16.90,16.9000,true,1,5605
3838824127583,false,*מבצע* צבע לשיער פאל,שוורצקופף והנקל,DE,שוורצקוף,יח',1.00,יח',false,,16.90,16.9000,true,1,5606
3838824127644,false,*מבצע* צבע לשיער פאל,שוורצקופף והנקל,DE,שוורצקוף,יח',1.00,יח',false,,16.90,16.9000,true,1,5607
3838824193915,false,*מבצע* צבע לשיער פאל,שוורצקופף והנקל,DE,שוורצקוף,יח',1.00,יח',false,,16.90,16.9000,true,1,5614
3838824240275,false,*מבצע* צבע לשיער פאל,שוורצקופף והנקל,DE,פלטה,יח',1.00,יח',false,,16.90,16.9000,true,1,5617
3838824276007,false,*מבצע* צבע לשיער פאל,שוורצקופף והנקל,DE,שוורצקוף,יח',1.00,יח',false,,16.90,16.9000,true,1,5619
4000415004408,false,שוקולד שוגטן מריר אג,לודוויג שוקולד,DE,שוגטן,גרמים,100.00,100 גרם,false,,5.90,0.0590,true,1,52540
4000415039707,false,שוקולד שוגטן בלאק אנ,לודוויג שוקולד,DE,שוגטן,גרמים,100.00,100 גרם,false,,5.90,0.0590,true,1,20545
4000415040109,false,שוקולד שוגטן קרמל בר,לודוויג שוקולד,DE,שוגטן,גרמים,100.00,100 גרם,false,,5.90,0.0590,true,1,20546
4000415065904,false,שוקולד סאלוט אגוזים,,,שוקולד סאלוט אגוזים 100 ג,גרמים,100.00,100 גרם,false,,3.90,0.0390,true,1,65590
4000415066000,false,שוקולד סאלוט חלב 100,,,שוקולד סאלוט חלב 100,גרמים,100.00,100 גרם,false,,4.90,0.0490,true,1,65591
4000415143800,false,שוקולד שוגטן טרילוגי,לודוויג שוקולד,DE,שוגטן,גרמים,100.00,100 גרם,false,,5.90,0.0590,true,1,20556
4000415440701,false,שוקו פאן שישיות בוטנ,,,שוקו פאן שישיות בוטנ,גרמים,216.00,100 גרם,false,,9.90,0.0458,true,1,65594
4000415440909,false,שוקו פאן קרמל שישיות,,,שוקו פאן קרמל שישיות,גרמים,216.00,100 גרם,false,,9.90,0.0458,true,1,65595
4000415730109,false,שוקולד שוגטן מריר אג,לודוויג שוקולד,DE,שוגטן,גרמים,100.00,100 גרם,false,,5.90,0.0590,true,1,63488
4000415749606,false,שוקולד שוגטן יום הול,לודוויג שוקולד,DE,שוגטן,גרמים,100.00,100 גרם,false,,5.90,0.0590,true,1,63489
4000415756406,false,שוגטן עוגת גבינה 100,לודוויג שוקולד,DE,שוגטן,גרמים,100.00,100 גרם,false,,5.90,0.0590,true,1,64464
4000415756802,false,שוגטן טארט שוקולד 10,לודוויג שוקולד,DE,שוגטן,גרמים,100.00,100 גרם,false,,5.90,0.0590,true,1,64465
4000415851705,false,שוקולד שוגטן נוגט 10,לודוויג שוקולד,DE,שוגטן,גרמים,100.00,100 גרם,false,,5.90,0.0590,true,1,20562
4000415856601,false,שוקולד שוגטן לבן,לודוויג שוקולד,DE,שוגטן,גרמים,100.00,100 גרם,false,,5.90,0.0590,true,1,20563
4000417019004,false,*מבצע* שוקולד ריטר ח,ריטר ספורט,DE,ריטר ספורט,גרמים,100.00,100 גרם,false,,8.90,0.0890,true,1,13004
4000417022004,false,שוקולד ריטר צימוק אג,ריטר ספורט,DE,ריטר ספורט,גרמים,100.00,100 גרם,false,,8.50,0.0850,true,1,13005
4000417023001,false,*מבצע* שוקולד ריטר ח,ריטר ספורט,DE,ריטר ספורט,גרמים,100.00,100 גרם,false,,8.90,0.0890,true,1,13006
4000417025005,false,שוקולד ריטר מרציפן,ריטר ספורט,DE,ריטר ספורט,גרמים,100.00,100 גרם,false,,8.50,0.0850,true,1,13008
4000417026002,false,שוקולד ריטר פרלין,ריטר ספורט,DE,ריטר ספורט,גרמים,100.00,100 גרם,false,,8.50,0.0850,true,1,13009
4000417101211,false,גלילי וופל  אמיצ'לי,,,גלילי וופל  אמיצ'לי,גרמים,150.00,100 גרם,false,,17.90,0.1193,true,1,61197
4000417211002,false,שוקולד ריטר מוס קרמל,ריטר ספורט,DE,ריטר ספורט,גרמים,100.00,100 גרם,false,,8.50,0.0850,true,1,13011
4000417212009,false,שוקולד ריטר מריר תפו,ריטר ספורט,DE,ריטר ספורט,גרמים,100.00,100 גרם,false,,8.50,0.0850,true,1,49060
4000417222008,false,שוקולד ריטר חלב עם ש,ריטר ספורט,DE,ריטר ספורט,גרמים,100.00,100 גרם,false,,8.50,0.0850,true,1,13013
4000417224002,false,*מבצע* שוקולד ריטר מ,ריטר ספורט,DE,ריטר ספורט,גרמים,100.00,100 גרם,false,,8.90,0.0890,true,1,13014
4000417294005,false,שוקולד ריטר 100 גרם,ריטר ספורט,DE,ריטר ספורט,גרמים,100.00,100 גרם,false,,8.50,0.0850,true,1,13019
4000539280726,false,לינדט אקסלנס שוקולד,לינדט,FR,לינדט,גרמים,100.00,100 גרם,false,,14.90,0.1490,true,1,65022
4000607850004,false,שוגטן חלב,לודוויג שוקולד,,שוגטן חלב,גרמים,100.00,100 גרם,false,,5.90,0.0590,true,1,20566
4000607851001,false,שוקולד שוגטן אגוזים,לודוויג שוקולד,DE,שוגטן,גרמים,100.00,100 גרם,false,,5.90,0.0590,true,1,20567
4000607852008,false,שוקולד שוגטן מריר,לודוויג שוקולד,DE,שוגטן,גרמים,100.00,100 גרם,false,,5.90,0.0590,true,1,20568
4000607854705,false,שוקולד שוגטן תות,לודוויג שוקולד,DE,שוגטן,גרמים,100.00,100 גרם,false,,5.90,0.0590,true,1,20570
4001432773230,false,*מבצע* בלו ווין מוסק,לנגוט טראבן,DE,בלו ווין,מיליליטרים,1000.00,"100 מ""ל",false,,44.90,0.0449,true,1,53345
4002448017684,false,סיליט באנג ספרי 750,RECKITT BENCKISER PR,PL,סיליט,מיליליטרים,750.00,"100 מ""ל",false,,12.90,0.0172,true,1,8042
4002448019480,false,סיליט באנג מסיר שומנ,RECKITT BENCKISER PR,PL,סיליט,מיליליטרים,750.00,"100 מ""ל",false,,12.90,0.0172,true,1,8043
4004666042004,false,מלרוד מרסס משמיד עוב,מלרוד,DE,מלרוד,מיליליטרים,500.00,"100 מ""ל",false,,29.90,0.0598,true,1,12455
4005808229390,false,*מבצע* תחליב רחצה לג,ביירסדורף,DE,ניוואה,מיליליטרים,500.00,"100 מ""ל",false,,12.90,0.0258,true,1,27074
4005900036506,false,ניוואה דאו רול און ל,ביירסדורף,DE,ניוואה,מיליליטרים,50.00,"100 מ""ל",false,,19.90,0.3980,true,1,27088
4005900036568,false,ניוואה דאו ספריי לאש,ביירסדורף,DE,ניוואה,מיליליטרים,150.00,"100 מ""ל",false,,18.90,0.1260,true,1,27514
4005900845733,false,דאודורנט ספריי קול ק,ביירסדורף,DE,ניוואה,מיליליטרים,150.00,"100 מ""ל",false,,18.90,0.1260,true,1,60129
4006387112363,false,*מבצע* מארז קנקן מיר,סודה סטרים,,*מבצע* מארז קנקן מיר,יח',1.00,יח',false,,149.00,149.0000,true,1,61017
4006529002170,false,עוגיות גולד רינג 400,,,עוגיות גולד רינג 400,גרמים,400.00,100 גרם,false,,8.90,0.0223,true,1,63187
4008287051032,false,קרומבאכר פילס פחית 0,קרומבכר בראורי,DE,קרומבאכר פילס פחית 0,מיליליטרים,500.00,"100 מ""ל",false,,9.90,0.0198,true,1,58939
4008287058161,false,*מבצע* קרומבאכר פילס,קרומבכר בראורי,DE,*מבצע* קרומבאכר פילס,ליטרים,1.98,ליטר,false,,29.90,15.1010,true,1,58940
4008287905786,false,קרומבאכר חיטה פחית 0,קרומבכר בראורי,DE,קרומבאכר חיטה פחית 0,מיליליטרים,500.00,"100 מ""ל",false,,9.90,0.0198,true,1,58942
4008400290126,false,עוגת ספוג מצופה שוקו,פררו,TR,עוגת ספוג מצופה שוקו,גרמים,30.00,100 גרם,false,,3.90,0.1300,true,1,59216
4009300522935,false,*מבצע* פומפדור תה יר,TEEKANNE- POMPADOU,DE,פומפדור,גרמים,30.00,100 גרם,false,,14.90,0.4967,true,1,20006
4009300524588,false,*מבצע* פומפדור חליטת,TEEKANNE- POMPADOU,DE,פומפדור,גרמים,30.00,100 גרם,false,,10.90,0.3633,true,1,20008
4009300525684,false,*מבצע* פומפדור חליטת,,,*מבצע* פומפדור חליטת,גרמים,30.00,100 גרם,false,,10.90,0.3633,true,1,28142
4009300526438,false,*מבצע* פומפדור תה יר,TEEKANNE- POMPADOU,DE,פומפדור,גרמים,30.00,100 גרם,false,,14.90,0.4967,true,1,20009
4009900402965,false,אורביט וויט פירות בק,ריגלי,PL,אורביט,יח',46.00,יח',false,,9.90,0.2152,true,1,26064
4009900403023,false,אורביט וויט קלאסי בק,ריגלי,PL,אורביט,יח',46.00,יח',false,,9.90,0.2152,true,1,26065
4009900420129,false,אורביט פרופשנל פפרמי,ריגלי,PL,אורביט,יח',46.00,יח',false,,9.90,0.2152,true,1,48211
4009900426039,false,אירוובס מנטה אקליפטו,מרס,PL,איירוויבז,יח',46.00,יח',false,,9.90,0.2152,true,1,26070
4009900426121,false,אירוובס אוכמניות בקב,מרס,PL,איירוויבז,יח',46.00,יח',false,,9.90,0.2152,true,1,26071
4009900455299,false,סקיטלס בטעם פירות 17,ריגלי,CZ,סקיטלס,גרמים,174.00,100 גרם,false,,8.90,0.0511,true,1,26072
4009900479998,false,אורביט אוכמניות בקבו,ריגלי,PL,אורביט,יח',46.00,יח',false,,9.90,0.2152,true,1,26078
4009900482417,false,אורביט בקבוקון בבלמי,ריגלי,PL,אורביט,גרמים,14.00,100 גרם,false,,9.90,0.7071,true,1,26080
4009900484060,false,אורביט בקבוק פפרמינט,ריגלי,GB,אורביט,גרמים,84.00,100 גרם,false,,12.90,0.1536,true,1,26082
4009900484695,false,שקית אורביט ספירמינט,מרס,PL,אורביט,יח',42.00,יח',false,,7.90,0.1881,true,1,49564
4009900484732,false,שקית אורביט פפרמינט,מרס,PL,אורביט,יח',42.00,יח',false,,7.90,0.1881,true,1,49714
4009900521581,false,אורביט פרופשונל מינט,מרס,PL,אורביט,גרמים,77.00,100 גרם,false,,9.90,0.1286,true,1,28152
4009900521611,false,אורביט פרופשונל מינט,מרס,PL,אורביט,גרמים,77.00,100 גרם,false,,9.90,0.1286,true,1,28153
4009900531122,false,אורביט פרופשיונל ספי,ריגלי,PL,אורביט,יח',46.00,יח',false,,9.90,0.2152,true,1,48212
4009900531573,false,סקיטלס סמודיס 174ג',ריגלי,CZ,סקיטלס,גרמים,174.00,100 גרם,false,,8.90,0.0511,true,1,49560
4009900534918,false,סקיטלס בטעם פירות 17,ריגלי,CZ,סקיטלס,גרמים,174.00,100 גרם,false,,8.90,0.0511,true,1,61172
4009900536257,false,אורביט רפרשרס ספירמי,ריגלי,PL,מרס ריגלי,גרמים,67.00,100 גרם,false,,11.90,0.1776,true,1,58339
4009900536288,false,אורביט רפרשרס פפרמינ,ריגלי,PL,מרס ריגלי,גרמים,67.00,100 גרם,false,,11.90,0.1776,true,1,58340
4009900536486,false,אורביט רפרשרס באבלמי,ריגלי,PL,מרס ריגלי,גרמים,67.00,100 גרם,false,,11.90,0.1776,true,1,58341
4009900539685,false,מסטיק פייב באונס בטע,דרמרס,PL,מסטיק פייב באונס בטע,גרמים,61.80,100 גרם,false,,11.90,0.1926,true,1,62651
4009900539746,false,מסטיק פייב באונס בטע,דרמרס,PL,מסטיק פייב באונס בטע,גרמים,61.80,100 גרם,false,,11.90,0.1926,true,1,62652
4009900540551,false,אורביט רפרשרס טרופיק,ריגלי,PL,מרס ריגלי,גרמים,67.00,100 גרם,false,,11.90,0.1776,true,1,61613
4011800628512,false,קורני חטיפי דגנים+שו,Schwartauer,DE,קורני,גרמים,150.00,100 גרם,false,,12.90,0.0860,true,1,8772
4011800630515,false,קורני חטיפי דגנים שו,Schwartauer,DE,קורני,גרמים,150.00,100 גרם,false,,12.90,0.0860,true,1,8774
4011800632519,false,קורני חטיפי דגנים קו,Schwartauer,DE,קורני,גרמים,150.00,100 גרם,false,,12.90,0.0860,true,1,8776
4011800633516,false,קורני חטיפי דגנים שו,Schwartauer,DE,קורני,גרמים,138.00,100 גרם,false,,12.90,0.0935,true,1,8777
4011800636517,false,קורני חטיפי  FREE שו,Schwartauer,DE,קורני,גרמים,120.00,100 גרם,false,,12.90,0.1075,true,1,8779
4014388000213,false,פחית בירה רדברגר 50,פילזנר,DE,פילזנר,מיליליטרים,500.00,"100 מ""ל",false,,8.90,0.0178,true,1,48751
4014400901191,false,מרסי 250 גרם,שטורק,DE,מרסי,גרמים,250.00,100 גרם,false,,24.90,0.0996,true,1,13036
4014400904376,false,סוכריות שוקולד,שטורק,DE,שטורק,גרמים,325.00,100 גרם,false,,14.90,0.0458,true,1,13041
4014400904390,false,סוכריות וולמיש,שטורק,DE,שטורק,גרמים,325.00,100 גרם,false,,14.90,0.0458,true,1,13042
4014400910063,false,סוכריות חמאה וורטר,שטורק,DE,וורטרס אורגינל,גרמים,135.00,100 גרם,false,,8.90,0.0659,true,1,13046
4014400913910,false,סוכריות חמאה וורטר ב,שטורק,DE,וורטרס אורגינל,גרמים,125.00,100 גרם,false,,8.90,0.0712,true,1,13047
4014400914696,false,סוכריות וורטר חמאה,שטורק,DE,וורטרס אורגינל,גרמים,80.00,100 גרם,false,,8.90,0.1113,true,1,13052
4014400914924,false,סוכריות וורטר קפה,שטורק,DE,וורטרס אורגינל,גרמים,80.00,100 גרם,false,,8.90,0.1113,true,1,13053
4014400923711,false,טופיפי 125 גרם,שטורק,DE,טופיפי,גרמים,125.00,100 גרם,false,,11.90,0.0952,true,1,13057
4015000031394,false,ספטיל משחה,הנקל סוד,IL,הנקל סוד,מיליליטרים,200.00,"100 מ""ל",false,,14.90,0.0745,true,1,22800
4015000280211,false,*מבצע* דאודורנט רול,שוורצקופף והנקל,DE,פה,מיליליטרים,50.00,"100 מ""ל",false,,9.90,0.1980,true,1,5624
4015000280372,false,*מבצע* דאודורנט רול,שוורצקופף והנקל,DE,פה,מיליליטרים,50.00,"100 מ""ל",false,,9.90,0.1980,true,1,5625
4015000615891,false,*מבצע* דאודורנט ספרי,שוורצקופף והנקל,DE,פה,מיליליטרים,200.00,"100 מ""ל",false,,9.90,0.0495,true,1,5639
4015000995122,false,*מבצע* דאודורנט ספרי,שוורצקופף והנקל,DE,פה,מיליליטרים,200.00,"100 מ""ל",false,,9.90,0.0495,true,1,5657
4015000997430,false,*מבצע* דאודורנט ספרי,שוורצקופף והנקל,DE,פה,מיליליטרים,200.00,"100 מ""ל",false,,9.90,0.0495,true,1,5663
4015400564034,false,מגן תח.אולוויז +L מג,פרוקטר אנד גמבל,DE,אולוויז,יח',68.00,יח',false,,18.90,0.2779,true,1,9062
4015400564454,false,מגן תח.אולוויז L מגה,פרוקטר אנד גמבל,DE,אולוויז,יח',68.00,יח',false,,18.90,0.2779,true,1,9064
4015400681670,false,אולוויז לילה 18 יח,פרוקטר אנד גמבל,DE,אולוויז,יח',18.00,יח',false,,18.90,1.0500,true,1,9079
4015400690498,false,טמפונים טמפקס קומפאק,p&g,HU,טמפקס,יח',18.00,יח',false,,20.90,1.1611,true,1,9084
4015400731719,false,אולוויז דואו נייט 20,פרוקטר אנד גמבל,DE,Fem Care,יח',20.00,יח',false,,18.90,0.9450,true,1,9089
4015400746812,false,מגן תח.אולוויז N מגה,פרוקטר אנד גמבל,DE,אולוויז,יח',80.00,יח',false,,18.90,0.2362,true,1,9099
4015400755241,false,אולוויז דואו נורמל +,פרוקטר אנד גמבל,DE,Fem Care,יח',28.00,יח',false,,18.90,0.6750,true,1,9101
4015400755487,false,אולוויז דואו לונג +,פרוקטר אנד גמבל,DE,Fem Care,יח',24.00,יח',false,,18.90,0.7875,true,1,9103
4015600762742,false,"שמפו שולדרס 500 מ""ל",פרוקטר אנד גמבל,FR,H&S,מיליליטרים,500.00,"100 מ""ל",false,,18.90,0.0378,true,1,9117
4015600762780,false,"שמפו שולדרס 500 מ""ל",פרוקטר אנד גמבל,FR,H&S,מיליליטרים,500.00,"100 מ""ל",false,,18.90,0.0378,true,1,9118
4015600762902,false,"שמפו שולדרס 500 מ""ל",פרוקטר אנד גמבל,FR,H&S,מיליליטרים,500.00,"100 מ""ל",false,,18.90,0.0378,true,1,9121
4015600763022,false,"שמפו שולדרס 500 מ""ל",פרוקטר אנד גמבל,FR,Head&shoulders,מיליליטרים,500.00,"100 מ""ל",false,,18.90,0.0378,true,1,9124
4015600766900,false,"שמפו שולדרס 500 מ""ל",פרוקטר אנד גמבל,FR,Head&shoulders,מיליליטרים,500.00,"100 מ""ל",false,,18.90,0.0378,true,1,9128
4017100198151,false,עוגיות היט וניל 220,באלסן,PL,עוגיות היט וניל 220 גרם,גרמים,220.00,100 גרם,false,,8.50,0.0386,true,1,13061
4017100290008,false,בסקוויט בלזן מצופה ש,בלזן פולסקה,PL,בלזן,גרמים,125.00,100 גרם,false,,10.90,0.0872,true,1,13068
4017100364112,false,עוגיות היט שוקולד 22,באלסן,PL,עוגיות היט שוקולד 220 גרם,גרמים,220.00,100 גרם,false,,8.50,0.0386,true,1,13073
4018344564672,false,*מבצע* לרסן פילה הרי,ס.י.א קרבלה,LV,*מבצע* לרסן פילה הרי,גרמים,200.00,100 גרם,false,,8.90,0.0445,true,1,64028
4022025001905,false,*מבצע* בלו ווין מבעב,היי סישל סוהן טראבן,DE,*מבצע* בלו ווין מבעב,מיליליטרים,750.00,"100 מ""ל",false,,49.90,0.0665,true,1,48230
4022025001929,false,*מבצע* בלו ווין מבעב,היי סישל סוהן טראבן,DE,*מבצע* בלו ווין מבעב,מיליליטרים,750.00,"100 מ""ל",false,,49.90,0.0665,true,1,48231
4022025002100,false,*מבצע* בלו ווין מבעב,היי סישל סוהן טראבן,DE,*מבצע* בלו ווין מבעב,מיליליטרים,750.00,"100 מ""ל",false,,49.90,0.0665,true,1,51538
4022025261002,false,*מבצע* בלו ווין גוור,לנגוט טראבן,DE,בלו ווין,מיליליטרים,750.00,"100 מ""ל",false,,44.90,0.0599,true,1,26206
4025700001962,false,מילקה שוקולד לבן 100,מונדלייז,DE,מילקה,גרמים,100.00,100 גרם,false,,5.90,0.0590,true,1,54577
4045787068221,false,*מבצע* צבע לשיער פרו,שוורצקופף והנקל,DE,אינדולה,יח',1.00,יח',false,,13.90,13.9000,true,1,5670
4045787068252,false,*מבצע* צבע לשיער פרו,שוורצקופף והנקל,DE,אינדולה,יח',1.00,יח',false,,13.90,13.9000,true,1,5673
4045787068306,false,*מבצע* צבע לשיער פרו,שוורצקופף והנקל,DE,אינדולה,יח',1.00,יח',false,,13.90,13.9000,true,1,5676
4045787068375,false,*מבצע* צבע לשיער פרו,שוורצקופף והנקל,DE,אינדולה,יח',1.00,יח',false,,13.90,13.9000,true,1,5683
4045787068467,false,*מבצע* צבע לשיער פרו,שוורצקופף והנקל,DE,אינדולה,יח',1.00,יח',false,,13.90,13.9000,true,1,5691
4045787068542,false,*מבצע* צבע לשיער פרו,שוורצקופף והנקל,DE,אינדולה,יח',1.00,יח',false,,13.90,13.9000,true,1,5697
4052197000925,false,*מבצע* בירה בנדקטינר,ביטבורגר,DE,בנקטינר,מיליליטרים,500.00,"100 מ""ל",false,,9.90,0.0198,true,1,8348
4052197001281,false,בירה בנדקטינר פחית 0,ביטבורגר,DE,בנדקטינר,מיליליטרים,500.00,"100 מ""ל",false,,7.90,0.0158,true,1,8349
4053700288205,false,*מבצע* ויט קרם הסרת,RECKITT BENCKISER FR,FR,ויט,מיליליטרים,100.00,"100 מ""ל",false,,24.90,0.2490,true,1,8044
4056800943739,false,קרם חמצן 6% לצביעת ה,פרוקטר אנד גמבל,FR,Wella,מיליליטרים,60.00,"100 מ""ל",false,,3.90,0.0650,true,1,9157
4056800943791,false,קרם חמצן להבהרת השיע,פרוקטר אנד גמבל,FR,Wella,מיליליטרים,60.00,"100 מ""ל",false,,3.90,0.0650,true,1,9158
4066600601920,false,"פאולנר פחית 500 מ""ל",,,"פאולנר פחית 500 מ""ל",מיליליטרים,500.00,"100 מ""ל",false,,9.90,0.0198,true,1,55455
4067700014849,false,"יגרמייסטר 70 ס""ל",יגרמייסטר,DE,יגרמייסטר,מיליליטרים,700.00,"100 מ""ל",false,,79.90,0.1141,true,1,11716
4072700001188,false,בקבוק פרנסיסקאנר דונ,Franziskaner,DE,Franziskaner,מיליליטרים,500.00,"100 מ""ל",false,,10.90,0.0218,true,1,12416
4084500065536,false,פנטן קרם לחות 300 מל,פרוקטר אנד גמבל,DE,Pantene,מיליליטרים,300.00,"100 מ""ל",false,,15.90,0.0530,true,1,9160
4084500065598,false,פנטן קרם לתלתלים 300,פרוקטר אנד גמבל,DE,Pantene,מיליליטרים,300.00,"100 מ""ל",false,,15.90,0.0530,true,1,9161
4084500739253,false,אורל בי משחה לובן מה,,,אורל בי משחה לובן מה,יח,1.00,יח,false,,19.90,19.9000,true,1,58396
4084500853836,false,פיירי ורדים ומשי 515,פרוקטר אנד גמבל,GB,פיירי,מיליליטרים,515.00,"100 מ""ל",false,,9.90,0.0192,true,1,9173
4084500853898,false,פיירי אלוורה ומלפפונ,פרוקטר אנד גמבל,GB,פיירי,מיליליטרים,515.00,"100 מ""ל",false,,9.90,0.0192,true,1,9174
4100130937163,false,*מבצע* בירה בקס שישי,Beck and Co,DE,Beck and Co,ליטרים,1.65,ליטר,false,,21.90,13.2727,true,1,12420
4105120623941,false,"בירה ויינשטפן 500 מ""",קרלסברג ישראל,DE,"בירה ויינשטפן 500 מ""",מיליליטרים,500.00,"100 מ""ל",false,,10.90,0.0218,true,1,28480
4210201354369,false,אורל בי ראש חשמלי קר,פרוקטר אנד גמבל,IE,Oral B,יח',1.00,יח',false,,79.90,79.9000,true,1,61268
4600659010854,false,*מבצע* סטולי פרימיום,אס פי איי,RU,וודקה סטולי אדום,מיליליטרים,700.00,"100 מ""ל",false,,59.90,0.0856,true,1,11717
4603400000043,false,*מבצע* וודקה רוסקי ס,,,וודקה רוסקי סטנדרט 700,מיליליטרים,700.00,"100 מ""ל",false,,59.90,0.0856,true,1,7592
4605561010305,false,פילה הרינג עם שמיר ב,,,פילה הרינג עם שמיר ב,גרמים,500.00,100 גרם,false,,25.90,0.0518,true,1,61667
4605561010343,false,פילה הרינג בשמן חתיכ,,,פילה הרינג בשמן חתיכ,גרמים,500.00,100 גרם,false,,25.90,0.0518,true,1,61668
4605561011975,false,חתיכות פילה הרינג בש,,,חתיכות פילה הרינג בש,גרמים,150.00,100 גרם,false,,7.90,0.0527,true,1,55793
4607012351005,false,גרעיני חמניות מרטין,מרטין,RU,מרטין,גרמים,200.00,100 גרם,false,,12.90,0.0645,true,1,50320
4607012351999,false,גרעיני מרטין עם מלח,מרטין,RU,מרטין,גרמים,200.00,100 גרם,false,,12.90,0.0645,true,1,50322
4607012352453,false,גרעיני חמניות מרטין,מרטין,RU,מרטין,גרמים,150.00,100 גרם,false,,9.90,0.0660,true,1,50323
4640018993343,false,*מבצע* טבליות פיניש,רקיט בנקיזר,PL,*מבצע* טבליות פיניש,יח',30.00,יח',false,,34.90,1.1633,true,1,54539
4640018993398,false,פיניש קוואנטום 60 יח,רקיט בנקיזר,PL,פיניש קוואנטום 60 יח,יח',60.00,יח',false,,59.90,0.9983,true,1,55638
4710068001692,false,מאסטר קפה לאטה 240 מ,L.S XILAGORA,TW,מאסטר קפה,מיליליטרים,240.00,"100 מ""ל",false,,6.50,0.0271,true,1,12032
4710068001715,false,מאסטר קפה טרמיסו 240,L.S XILAGORA,TW,מאסטר קפה,מיליליטרים,240.00,"100 מ""ל",false,,6.50,0.0271,true,1,12033
4710068001739,false,מאסטר קפה קולומביאני,L.S XILAGORA,TW,מאסטר קפה,מיליליטרים,240.00,"100 מ""ל",false,,6.50,0.0271,true,1,12034
4710068002798,false,מאסטר קפה ווניל 240,L.S XILAGORA,TW,מאסטר קפה,מיליליטרים,240.00,"100 מ""ל",false,,6.50,0.0271,true,1,50351
4710964170799,false,שומשום שחור קלוי 91,flavor full foods,CN,מזרח ומערב,גרמים,91.00,100 גרם,false,,16.90,0.1857,true,1,26358
4740098098331,false,קוקטייל בלו לאגון 0.,אה לי קוק,EE,אה לי קוק,מיליליטרים,330.00,"100 מ""ל",false,,9.90,0.0300,true,1,64496
4740098098355,false,קוקטייל מוחיטו 0.33,אה לי קוק,EE,אה לי קוק,מיליליטרים,330.00,"100 מ""ל",false,,9.90,0.0300,true,1,62911
4740098098393,false,קוקטייל סקס און דה ב,אה לי קוק,EE,אה לי קוק,מיליליטרים,330.00,"100 מ""ל",false,,9.90,0.0300,true,1,62913
4750142003426,false,בירה פילזנר אקסטרה פ,צ'סו אלוס,LV,פילזנר,מיליליטרים,500.00,"100 מ""ל",false,,6.90,0.0138,true,1,57417
4750142016518,false,בירה צ'סו לא מסוננת,צ'סו אלוס,LV,צ'סו,מיליליטרים,568.00,"100 מ""ל",false,,8.90,0.0157,true,1,50337
4750142021505,false,בירה פילזנר פחית 0.5,צ'סו אלוס,LV,פילזנר,מיליליטרים,500.00,"100 מ""ל",false,,6.90,0.0138,true,1,50338
4770237049443,false,גלידה קרם ברולה פלומ,פיאנו זיואיגזדס,LV,גלידה קרם ברולה פלומ,גרמים,70.00,100 גרם,false,,4.90,0.0700,true,1,31568
4770237052092,false,גלידה סליבויצ'נויה ב,פיאנו זיואיגזדס,LV,גלידה סליבויצ'נויה ב,גרמים,85.00,100 גרם,false,,4.90,0.0576,true,1,31572
4770237054423,false,גלידה יוגורט עם מנגו,פיאנו זיואיגזדס,LV,גלידה יוגורט עם מנגו,גרמים,85.00,100 גרם,false,,4.90,0.0576,true,1,31578
4770237055574,false,גלידה סליבוצ'נאיה עם,פיאנו זיואיגזדס,LV,גלידה סליבוצ'נאיה עם,גרמים,85.00,100 גרם,false,,4.90,0.0576,true,1,37963
4791021003588,false,תה צהוב 1.5 גרם 100,,,תה צהוב 150ג,גרמים,150.00,100 גרם,false,,12.90,0.0860,true,1,3754
4791021944720,false,תה ארל גריי ספיישל 2,,,תה ארל גריי ספיישל 200 גר,גרמים,200.00,100 גרם,false,,23.90,0.1195,true,1,35915
4796019790013,false,גרין קוקו - שמן קוקו,,,גרין קוקו - שמן קוקו,גרמים,300.00,100 גרם,false,,19.90,0.0663,true,1,64159
4800888150080,false,דאב דאו רולאון,יוניליוור  פיליפינים,PH,DOVE,מיליליטרים,50.00,"100 מ""ל",false,,14.90,0.2980,true,1,18326
4800888190529,false,דאב דאו סטיק לאישה,,,דאב דאו סטיק לאישה,גרמים,50.00,100 גרם,false,,14.90,0.2980,true,1,18334
4800888219534,false,דאב דאו סטיק אוריגינ,,,דאב דאו סטיק לאישה,גרמים,50.00,100 גרם,false,,14.90,0.2980,true,1,59362
4801234159863,false,גלייד מיני גל,SC Jonson,ID,גלייד,גרמים,75.00,100 גרם,false,,6.90,0.0920,true,1,8790
4810168000011,false,פילה דג הרינג מלוח מ,סנטה ברמור,BY,פילה דג הרינג מלוח מ,גרמים,250.00,100 גרם,false,,12.90,0.0516,true,1,48583
4810168000066,false,פילה דג הרינג מלוח מ,סנטה ברמור,BY,פילה דג הרינג מלוח מ,גרמים,250.00,100 גרם,false,,12.90,0.0516,true,1,48587
4810168000998,false,חתיכות פילה דג הרינג,סנטה ברמור,BY,חתיכות פילה דג הרינג,גרמים,260.00,100 גרם,false,,17.90,0.0688,true,1,48584
4810168018795,false,חתיכות פילה דג הרינג,סנטה ברמור,BY,חתיכות פילה דג הרינג,גרמים,200.00,100 גרם,false,,12.90,0.0645,true,1,48588
4810168019051,false,חתיכות פילה דג הרינג,סנטה ברמור,BY,חתיכות פילה דג הרינג,גרמים,200.00,100 גרם,false,,12.90,0.0645,true,1,48589
4810168038267,false,גלידה פלומביר אסקימו,Santa Bremor,BY,גלידה פלומביר אסקימו,גרמים,65.00,100 גרם,false,,4.90,0.0754,true,1,46697
4810168038984,false,גלידה פלומביר בריקט,Santa Bremor,BY,גלידה פלומביר בריקט,גרמים,80.00,100 גרם,false,,4.90,0.0613,true,1,46699
4810168038991,false,גלידה שוקולד פלומביר,Santa Bremor,BY,גלידה שוקולד פלומביר,גרמים,75.00,100 גרם,false,,4.90,0.0653,true,1,46700
4810168045432,false,גלידה טרופל אסקימו י,Santa Bremor,BY,גלידה טרופל אסקימו י,גרמים,65.00,100 גרם,false,,4.90,0.0754,true,1,47601
4810168058975,false,חתיכות פילה דג הרינג,סנטה ברמור,BY,חתיכות פילה דג הרינג,גרמים,260.00,100 גרם,false,,17.90,0.0688,true,1,65233
4810168058982,false,חתיכות פילה דג הרינג,סנטה ברמור,BY,חתיכות פילה דג הרינג,גרמים,400.00,100 גרם,false,,26.90,0.0672,true,1,65261
4810168058999,false,פילה דג הרינג מלוח מ,סנטה ברמור,BY,פילה דג הרינג מלוח מ,גרמים,250.00,100 גרם,false,,12.90,0.0516,true,1,63878
4820080720584,false,וודקה חלבנדר 700 מיל,,,וודקה חלבנדר 700 מיל,מיליליטרים,700.00,"100 מ""ל",false,,54.90,0.0784,true,1,7597
4820229031311,false,חורטיצה 0.7 פלטינום,אוקראיניאן דיסטריביו,UA,חורטיצה,מיליליטרים,700.00,"100 מ""ל",false,,54.90,0.0784,true,1,56613
4860019001346,false,מים מינרלים בורזומי,,,מים מינרלים בורזומי 500,מיליליטרים,500.00,"100 מ""ל",false,,6.90,0.0138,true,1,7599
4860019001414,false,מים בורזומי 750 מל,,,מים בורזומי 750 מל,מיליליטרים,750.00,"100 מ""ל",false,,7.90,0.0105,true,1,7600
4891228430047,false,*מבצע* שיק אקזקטה2 ר,Schick,CN,שיק,יח',10.00,יח',false,,19.90,1.9900,true,1,20017
4891228430061,false,*מבצע* שיק אקזקטה2 נ,Schick,CN,שיק,יח',10.00,יח',false,,19.90,1.9900,true,1,20018
4891228430085,false,שיק אקסטרים 3 קומפור,Schick,CN,שיק,יח',4.00,יח',false,,15.90,3.9750,true,1,20019
4891228430092,false,שיק אקסטרים 3 קומפור,Schick,CN,שיק,יח',4.00,יח',false,,15.90,3.9750,true,1,20020
4903001904192,false,"רוטב סויה 500 מ""ל יא",יאמאסה,JP,"רוטב סויה 500 מ""ל",מיליליטרים,500.00,"100 מ""ל",false,,18.90,0.0378,true,1,13077
4903001925784,false,רוטב סויה פרימיום דל,,,רוטב סויה פרימיום דל,מיליליטרים,500.00,"100 מ""ל",false,,18.90,0.0378,true,1,13078
4903001930993,false,"רוטב טריאקי 500 מ""ל",יאמאסה,JP,"רוטב סויה 500 מ""ל",מיליליטרים,500.00,"100 מ""ל",false,,18.90,0.0378,true,1,50767
5000054351900,false,פריסקיז פטה דג אוקיי,,,פריסקיז פטה דג אוקיי,גרמים,156.00,100 גרם,false,,6.90,0.0442,true,1,64945
5000054357100,false,פריסקיז פטה מיקס גרי,,,פריסקיז פטה מיקס גרי,גרמים,156.00,100 גרם,false,,6.90,0.0442,true,1,64949
5000054359500,false,פריסקיז פטה כבד ועוף,,,פריסקיז פטה כבד ועוף,גרמים,156.00,100 גרם,false,,6.90,0.0442,true,1,64947
5000157143365,false,היינץ מיוקטשופ 425 ג,HEINZ,PL,היינץ,מיליליטרים,425.00,"100 מ""ל",false,,14.90,0.0351,true,1,53151
5000159407236,false,מרס חטיף בודד 51 גרם,מרס,NL,מרס,גרמים,51.00,100 גרם,false,,3.90,0.0765,true,1,3869
5000159452540,false,מארז סניקרס חמישייה,מרס,NL,מארז סניקרס חמישייה,גרמים,250.00,100 גרם,false,,9.90,0.0396,true,1,55462
5000159461122,false,סניקרס חטיף בודד 50,מרס,NL,מרס,גרמים,50.00,100 גרם,false,,3.90,0.0780,true,1,3875
5000168199245,false,שוקולד גודייבה פיור,גודייבה,TR,גודייבה,גרמים,90.00,100 גרם,false,,14.90,0.1656,true,1,47920
5000189974579,false,קיט קט מיני 200 גרם,נסטלה,DE,סמרטיס,גרמים,200.00,100 גרם,false,,13.90,0.0695,true,1,30498
5000204114867,false,*מבצע* גלייד אורסול,coster aerosol vail,TR,גלייד,מיליליטרים,300.00,"100 מ""ל",false,,7.90,0.0263,true,1,52743
5000204155723,false,גלייד מכשיר + מילוי,coster aerosol vail,TR,גלייד,מיליליטרים,269.00,"100 מ""ל",false,,39.90,0.1483,true,1,56549
5000204167856,false,גלייד מילוי ספריי או,coster aerosol vail,TR,גלייד,מיליליטרים,269.00,"100 מ""ל",false,,17.90,0.0665,true,1,61199
5000204182026,false,*מבצע* גלייד ג'ל בני,במה פולסקה,PL,*מבצע* גלייד ג'ל בני,גרמים,180.00,100 גרם,false,,9.90,0.0550,true,1,61145
5000204196689,false,רייד מכשיר חשמלי + 2,SC Jonson,CN,רייד,יח',1.00,יח',false,,39.90,39.9000,true,1,59378
5000299609347,false,וויסקי גלנליווט 700,,,וויסקי גלנליווט 700,מיליליטרים,700.00,"100 מ""ל",false,,144.90,0.2070,true,1,35677
5000394140820,false,דורסל שישיות AA פלוס,דורסל,BE,דורסל,יח,6.00,יח,false,,21.90,3.6500,true,1,61089
5000394141209,false,דורסל שישיות AA פלוס,דורסל,BE,דורסל,יח,6.00,יח,false,,21.90,3.6500,true,1,61090
5000394141988,false,דורסל D פלוס פאוור 2,דורסל,US,דורסל,יח',2.00,יח',false,,24.90,12.4500,true,1,67183
5000396037548,false,מקוויטיס ביסקוויט מצ,mcvities digestive,GB,MCVITIES DIGESTIVE,גרמים,200.00,100 גרם,false,,10.90,0.0545,true,1,28054
5000396037944,false,מקוויטיס ביסקוויט קל,mcvities digestive,GB,MCVITIES DIGESTIVE,גרמים,250.00,100 גרם,false,,10.90,0.0436,true,1,28056
5010106113073,false,וויסקי בלנטיין פינסט,,,וויסקי בלנטיין פינסט,מיליליטרים,700.00,"00000000000000000מ""ל",false,,79.90,0.1141,true,1,12035
5010123703585,false,"ליסטרין מי פה 500 מ""",גונסון אנד גונסון,IT,ליסטרין,מיליליטרים,500.00,"100 מ""ל",false,,14.90,0.0298,true,1,25460
5010182996799,false,דאק ג'ל אסלה פרחי בר,DEOFLOR,IT,דאק,מיליליטרים,55.00,"100 מ""ל",false,,9.90,0.1800,true,1,8795
5010182997253,false,רייד מקס,SC Jonson,NL,רייד,מיליליטרים,300.00,"100 מ""ל",false,,14.90,0.0497,true,1,8797
5010182997338,false,דאק ג'ל אסלה רענן יר,DEOFLOR,IT,דאק,מיליליטרים,55.00,"100 מ""ל",false,,9.90,0.1800,true,1,8798
5010182997918,false,דאק ג'ל אסלה ים כחול,DEOFLOR,IT,דאק,גרמים,55.00,100 גרם,false,,9.90,0.1800,true,1,8802
5010182998847,false,"דאק נוזל ים 750 מ""ל",,,"דאק נוזל ים 750 מ""ל",מיליליטרים,750.00,"100 מ""ל",false,,8.90,0.0119,true,1,8803
5010327000046,false,"וויסקי גרנטס 700 מ""ל",גרנט'ס,,וויסקי גרנטס,מיליליטרים,700.00,"100 מ""ל",false,,69.90,0.0999,true,1,11719
5010327399614,false,*מבצע* גלנפידיך 12 א,גלנפידיך,GB,*מבצע* גלנפידיך 12 א,מיליליטרים,700.00,"100 מ""ל",false,,149.00,0.2129,true,1,66975
5010677551281,false,בקרדי בריזר לימון,טמפו,DE,בקרדי,מיליליטרים,275.00,"100 מ""ל",false,,13.90,0.0505,true,1,12038
5010677551397,false,בקרדי בריזר לימון לי,"בקרדי בע""מ",DE,בקרדי בריזר לימון ליים,מיליליטרים,275.00,"100 מ""ל",false,,13.90,0.0505,true,1,12039
5010677552387,false,בקרדי בריזר אננס,טמפו,DE,בקרדי,מיליליטרים,275.00,"100 מ""ל",false,,13.90,0.0505,true,1,12040
5010677554398,false,בקרדי בריזר אבטיח,טמפו,DE,בקרדי,מיליליטרים,275.00,"100 מ""ל",false,,13.90,0.0505,true,1,12041
5010677850100,false,"וודקה גרייגוס 700 מ""",,,"וודקה גרייגוס 700 מ""",מיליליטרים,700.00,"100 מ""ל",false,,109.90,0.1570,true,1,49696
5010852000917,false,וויסקי בארקליס 0.7,,,וויסקי בארקליס 0.7,מיליליטרים,700.00,"100 מ""ל",false,,59.90,0.0856,true,1,7601
5011157630281,false,"אורז טילדה 1 ק""ג",TILDA,GB,טילדה,קילוגרמים,1.00,"ק""ג",false,,19.90,19.9000,true,1,20031
5011417547885,false,איירוויק מקלות ריחני,רקיט בנקיזר,HU,אירוויק,מיליליטרים,30.00,"100 מ""ל",false,,14.90,0.4967,true,1,8053
5011417552247,false,איירוויק נטול גז,RECKITT BENCKISER PR,PL,איירויק,מיליליטרים,345.00,"100 מ""ל",false,,12.90,0.0374,true,1,8058
5011417554760,false,איירוויק נטול גז,RECKITT BENCKISER PR,PL,איירויק,מיליליטרים,345.00,"100 מ""ל",false,,12.90,0.0374,true,1,8059
5014271300429,false,סאנט דלפור משמש 284,סאנטדלפור,FR,סאנטדלפור,גרמים,284.00,100 גרם,false,,19.90,0.0701,true,1,27180
5014271310428,false,סאנט דלפור דובדבן 28,סאנטדלפור,FR,סאנטדלפור,גרמים,284.00,100 גרם,false,,19.90,0.0701,true,1,27181
5014271330426,false,סאנט דלפור אוכמניות,סאנטדלפור,FR,סאנטדלפור,גרמים,284.00,100 גרם,false,,19.90,0.0701,true,1,27182
5014271350424,false,סאנט דלפור ארבע פירו,סאנטדלפור,FR,סאנטדלפור,גרמים,284.00,100 גרם,false,,19.90,0.0701,true,1,27183
5014271360423,false,סאנט דלפור תפוז 284,סאנטדלפור,FR,סאנטדלפור,גרמים,284.00,100 גרם,false,,19.90,0.0701,true,1,27184
5014271400426,false,סאנט דלפור תות שדה 2,סאנטדלפור,FR,סאנטדלפור,גרמים,284.00,100 גרם,false,,19.90,0.0701,true,1,27187
5014379009972,false,פחית בירה באדוויזר 5,איי.בי. אינבוו,GB,פחית בירה באדוויזר 5,מיליליטרים,500.00,"100 מ""ל",false,,9.90,0.0198,true,1,51813
5024546366609,false,*מבצע* ויסקי לאודרס,,,וויסקי לאודרס,מיליליטרים,700.00,"100 מ""ל",false,,69.90,0.0999,true,1,8371
5029053039725,false,טישו נטורל פרש קלינק,קימברלי קלארק,FR,טישו נטורל פרש קלינק,יח',72.00,יח',false,,9.90,0.1375,true,1,60973
5029053535210,false,טמפון+מוליך מיני קוט,,,טמפון+מוליך מיני קוט,יח',1.00,יח',false,,21.90,21.9000,true,1,11556
5029053535227,false,טמפון+מוליך נורמל קו,KC Czech,CZ,קוטקס,יח',16.00,יח',false,,21.90,1.3687,true,1,11557
5035766044673,false,סיידר תפוחים סטרונגב,,,סיידר תפוחים סטרונגבאו 33,מיליליטרים,330.00,"100 מ""ל",false,,7.50,0.0227,true,1,12046
5059001003713,false,איירוויק מקלות תאנה,רקיט בנקיזר,HU,אירוויק,מיליליטרים,30.00,"100 מ""ל",false,,14.90,0.4967,true,1,67411
5060517886486,false,משקה אנרגיה מונסטר א,מונסטר אנרג'י לימטד,RS,מונסטר,מיליליטרים,500.00,"100 מ""ל",false,,6.90,0.0138,true,1,56338
5060517886516,false,משקה אנרגיה מונסטר א,מונסטר אנרג'י לימטד,RS,משקה אנרגיה מונסטר א,מיליליטרים,500.00,"100 מ""ל",false,,6.70,0.0134,true,1,56339
5060639128051,false,משקה אנרגיה מונסטר א,מונסטר אנרג'י לימטד,RS,משקה אנרגיה מונסטר א,מיליליטרים,500.00,"100 מ""ל",false,,6.70,0.0134,true,1,56341
5060639129102,false,משקה אנרגיה מונסטר מ,מונסטר אנרג'י לימטד,RS,משקה אנרגיה מונסטר מ,מיליליטרים,500.00,"100 מ""ל",false,,6.90,0.0138,true,1,58413
5060751218173,false,משקה אנרגיה מונסטר א,מונסטר אנרג'י לימטד,RS,משקה אנרגיה מונסטר א,מיליליטרים,500.00,"100 מ""ל",false,,6.90,0.0138,true,1,63891
5060751219033,false,משקה אנרגיה מונסטר א,מונסטר אנרג'י לימטד,RS,משקה אנרגיה מונסטר א,מיליליטרים,500.00,"100 מ""ל",false,,6.70,0.0134,true,1,63892
5099864006377,false,סימילאק מהדרין שלב 1,אבוט מעבדות רפואיות,ES,סימילאק,גרמים,900.00,100 גרם,false,,69.90,0.0777,true,1,16966
5099864006384,false,סימילאק מהדרין שלב 2,אבוט מעבדות רפואיות,ES,סימילאק,גרמים,900.00,100 גרם,false,,69.90,0.0777,true,1,16967
5099864006391,false,סימילאק מהדרין שלב 3,אבוט מעבדות רפואיות,ES,סימילאק,גרמים,900.00,100 גרם,false,,69.90,0.0777,true,1,16968
5200133120476,false,גליליות וופלים 400 ג,"ד.פ.מ בע""מ",GR,גולדן ברייק,גרמים,400.00,100 גרם,false,,16.90,0.0422,true,1,31688
5201085540084,false,סוכריות ג'לי 700 גרם,פאלאס אס איי,GR,סוכריות ג'לי 700 גרם,גרמים,700.00,100 גרם,false,,14.90,0.0213,true,1,8302
5201178801047,false,*מבצע* ניוואה קרם רב,ביירסדורף,DE,ניוואה,מיליליטרים,150.00,"100 מ""ל",false,,16.90,0.1127,true,1,27519
5201340003385,false,*מבצע* טונה מעושנת ש,נורט אגיאוסי קנריס,GR,*מבצע* טונה מעושנת ש,גרמים,160.00,100 גרם,false,,11.90,0.0744,true,1,60871
5201340003392,false,*מבצע* טונה מעושנת ב,נורט אגיאוסי קנריס,GR,*מבצע* טונה מעושנת ב,גרמים,160.00,100 גרם,false,,11.90,0.0744,true,1,60872
5201340026704,false,*מבצע* טונה מעושנת פ,נורט אגיאוסי קנריס,GR,*מבצע* טונה מעושנת פ,גרמים,160.00,100 גרם,false,,11.90,0.0744,true,1,60873
5201347160326,false,"קלגון גל 750 מ""ל",RECKITT BENCKISER It,IT,קלגון,מיליליטרים,750.00,"100 מ""ל",false,,29.90,0.0399,true,1,28124
5201347400545,false,*מבצע* ויט ארומטיק ר,RECKITT BENCKISER FR,FR,ויט,יח',20.00,יח',false,,19.90,0.9950,true,1,8090
5202300014595,false,וולה פלקס מוס 200 מל,פרוקטר אנד גמבל,DE,Wella,מיליליטרים,200.00,"100 מ""ל",false,,25.90,0.1295,true,1,9211
5202300043168,false,צבע לשיער קולסטון קר,פרוקטר אנד גמבל,DE,Wella,מיליליטרים,60.00,"100 מ""ל",false,,18.90,0.3150,true,1,9220
5202390015618,false,צהובה טבעונית אורגינ,,GR,צהובה טבעונית אורגינ,גרמים,200.00,100 גרם,false,,21.90,0.1095,true,1,28837
5202390020407,false,בסגנון פטה טבעונית 2,אריביה אס.אי,GR,בסגנון פטה טבעונית 2,גרמים,200.00,100 גרם,false,,24.90,0.1245,true,1,48097
5206759020503,false,סוכריות ג'לי אקזוטי,a.n.p,GR,סוכריות ג'לי אקזוטי,גרמים,500.00,100 גרם,false,,9.90,0.0198,true,1,63515
5391523057936,false,סימילאק גולד שלב 2 7,אבוט מעבדות רפואיות,ES,סימילאק,גרמים,700.00,100 גרם,false,,69.90,0.0999,true,1,31298
5391523057943,false,סימילאק גולד שלב 3 7,אבוט מעבדות רפואיות,ES,סימילאק,גרמים,700.00,100 גרם,false,,69.90,0.0999,true,1,31299
5391523058070,false,סימילאק אדבנס שלב  3,אבוט מעבדות רפואיות,IE,סימילאק,גרמים,700.00,100 גרם,false,,64.90,0.0927,true,1,32186
5391523058087,false,סימילאק אדבנס שלב  2,אבוט מעבדות רפואיות,IE,סימילאק,גרמים,700.00,100 גרם,false,,64.90,0.0927,true,1,32187
5410091677992,false,*מבצע* ספריי לשיער ל,שוורצקופף והנקל,DE,פלטה,מיליליטרים,400.00,"100 מ""ל",false,,24.90,0.0622,true,1,5714
5410091708955,false,*מבצע* ספריי לשיער ק,שוורצקופף והנקל,DE,פלטה,מיליליטרים,400.00,"100 מ""ל",false,,24.90,0.0622,true,1,5717
5410126006087,false,עוגיות לוטוס 700 גרם,לוטוס ביקרי נ.וי.,BE,לוטוס,גרמים,700.00,100 גרם,false,,23.90,0.0341,true,1,22626
5410126006360,false,לוטוס עוגיות סנדוויץ,לוטס,BE,לוטוס,גרמים,150.00,100 גרם,false,,9.90,0.0660,true,1,60590
5410126006377,false,לוטוס עוגיות סנדוויץ,לוטס,BE,לוטוס,גרמים,150.00,100 גרם,false,,9.90,0.0660,true,1,60591
5410126116953,false,ממרח עוגיות לוטוס קר,לוטוס ביקרי נ.וי.,BE,לוטוס,גרמים,400.00,100 גרם,false,,19.90,0.0497,true,1,22630
5410126716016,false,ביסקויט בטעם קרמל לו,לוטוס ביקרי נ.וי.,BE,לוטוס,גרמים,250.00,100 גרם,false,,11.90,0.0476,true,1,22631
5410126726947,false,ממרח עוגיות לוטוס קר,לוטוס ביקרי נ.וי.,BE,לוטוס,גרמים,380.00,100 גרם,false,,19.90,0.0524,true,1,22632
5410228267515,false,*מבצע* שישיית בקבוקי,איי.בי. אינבוו,GB,*מבצע* שישיית בקבוקי,מיליליטרים,1980.00,"100 מ""ל",false,,27.90,0.0141,true,1,51814
5410316983693,false,סמירנוף אייס,IBBLS,IT,סמירנוף אייס,מיליליטרים,250.00,"100 מ""ל",false,,12.90,0.0516,true,1,9601
5410769800097,false,בקבוק צ'רי שוף 330 מ,דובל,BE,דובל,מיליליטרים,330.00,"100 מ""ל",false,,14.90,0.0452,true,1,27923
5411188081852,false,אלפרו סויה וניל 1 לי,ALPRO,BE,אלפרו,ליטרים,1.00,ליטר,false,,14.90,14.9000,true,1,20033
5411188094173,false,אלפרו מעדן סויה בטעם,ALPRO,BE,אלפרו,מיליליטרים,500.00,"100 מ""ל",false,,16.90,0.0338,true,1,20035
5411188110835,false,אלפרו משקה שקדים 1 ל,ALPRO,BE,אלפרו,ליטרים,1.00,ליטר,false,,13.90,13.9000,true,1,20038
5411188112549,false,אלפרו משקה אורז 1ליט,ALPRO,BE,אלפרו,ליטרים,1.00,ליטר,false,,13.90,13.9000,true,1,20041
5411188112709,false,אלפרו משקה שקדים ללא,ALPRO,BE,אלפרו,ליטרים,1.00,ליטר,false,,13.90,13.9000,true,1,20042
5411188115366,false,אלפרו משקה שיבולת שו,ALPRO,BE,אלפרו,ליטרים,1.00,ליטר,false,,13.90,13.9000,true,1,20045
5411188115434,false,אלפרו משקה בריסטה סו,ALPRO,BE,אלפרו,ליטרים,1.00,ליטר,false,,13.90,13.9000,true,1,61995
5411188118732,false,אלפרו משקה קוקוס ושק,ALPRO,BE,אלפרו,ליטרים,1.00,ליטר,false,,13.90,13.9000,true,1,20049
5411188120742,false,אלפרו משקה שקדים בטע,ALPRO,BE,אלפרו,ליטרים,1.00,ליטר,false,,13.90,13.9000,true,1,20052
5411188120957,false,*מבצע* אלפרו תערובת,ALPRO,BE,אלפרו,מיליליטרים,250.00,"100 מ""ל",false,,7.90,0.0316,true,1,27732
5411188121923,false,אלפרו סויה סידן שליש,ALPRO,BE,אלפרו,מיליליטרים,750.00,"100 מ""ל",false,,15.90,0.0212,true,1,30410
5411188121978,false,אלפרו סויה סידן שליש,ALPRO,BE,אלפרו,מיליליטרים,750.00,"100 מ""ל",false,,15.90,0.0212,true,1,29764
5411188124689,false,אלפרו משקה שיבולת שו,ALPRO,BE,אלפרו,ליטרים,1.00,ליטר,false,,13.90,13.9000,true,1,56997
5411188126195,false,אלפרו משקה שקדים אור,ALPRO,BE,אלפרו,ליטרים,1.00,ליטר,false,,13.90,13.9000,true,1,32081
5411188127697,false,אלפרו בריסטה שיבולת,ALPRO,BE,אלפרו,ליטרים,1.00,ליטר,false,,13.90,13.9000,true,1,56287
5411188129899,false,אלפרו בריסטה שקדים 1,ALPRO,BE,אלפרו,ליטרים,1.00,ליטר,false,,13.90,13.9000,true,1,56290
5411188133476,false,משקה סויה שוקו עם חל,אלפרו,BE,משקה סויה שוקו עם חל,גרמים,250.00,100 גרם,false,,6.90,0.0276,true,1,60802
5411188133490,false,משקה סויה קפה קרמל ע,אלפרו,BE,משקה סויה קפה קרמל ע,גרמים,250.00,100 גרם,false,,6.90,0.0276,true,1,60803
5411188134985,false,אלפרו 3.5% שומן שבול,אלפרו,BE,אלפרו 3.5% שומן שבול,ליטרים,1.00,ליטר,false,,13.90,13.9000,true,1,59951
5411188135005,false,אלפרו 1.8% שומן שבול,אלפרו,BE,אלפרו 1.8% שומן שבול,ליטרים,1.00,ליטר,false,,13.90,13.9000,true,1,59952
5411188300328,false,אלפרו סויה שוקו 1 לי,ALPRO,BE,אלפרו,ליטרים,1.00,ליטר,false,,12.90,12.9000,true,1,20057
5411188513483,false,אלפרו סויה לבישול 14,אלפרו,BE,אלפרו סויה לבישול 14,מיליליטרים,250.00,"100 מ""ל",false,,9.90,0.0396,true,1,61982
5411188543398,false,אלפרו סויה ללס 1 ליט,ALPRO,BE,אלפרו,ליטרים,1.00,ליטר,false,,13.90,13.9000,true,1,56291
5411223030081,false,בקבוק לינדמנס KRIEK,לינדמנס,BE,לינדמנס,מיליליטרים,250.00,"100 מ""ל",false,,13.90,0.0556,true,1,11726
5411681014005,false,"בקבוק דובל 330 מ""ל",דובל,BE,דובל,מיליליטרים,330.00,"100 מ""ל",false,,12.90,0.0391,true,1,11727
5411681038001,false,בקבוק מרדסו 10 טריפל,דובל,BE,דובל,מיליליטרים,330.00,"100 מ""ל",false,,12.90,0.0391,true,1,11728
5413149655522,false,אריאל 1.25 קג,פרוקטר אנד גמבל,TR,Ariel,קילוגרמים,1.25,"ק""ג",false,,17.90,14.3200,true,1,9248
5413149922907,false,"אריאל קולור 5 ק""ג",,,"אריאל קולור 5 ק""ג",קילוגרמים,5.00,"ק""ג",false,,34.90,6.9800,true,1,9252
5413149922938,false,"אריאל 5 ק""ג",פרוקטר אנד גמבל,TR,Ariel,קילוגרמים,5.00,"ק""ג",false,,34.90,6.9800,true,1,9253
5601008200444,false,מרבה גודיס שוקולד חל,Goodies,PT,מרבה,גרמים,150.00,100 גרם,false,,5.90,0.0393,true,1,20058
5601008200468,false,מרבה גודיס שוקולד לב,Goodies,PT,מרבה,גרמים,150.00,100 גרם,false,,5.90,0.0393,true,1,20059
5601036205534,false,*מבצע* צבע לשיער אקס,ליברמו,BE,לוריאל אקסלנס,יח',1.00,יח',false,,35.90,35.9000,true,1,6487
5601036205558,false,*מבצע* צבע לשיער אקס,ליברמו,BE,לוריאל אקסלנס,יח',1.00,יח',false,,35.90,35.9000,true,1,6489
5601036205589,false,*מבצע* צבע לשיער אקס,ליברמו,BE,לוריאל אקסלנס,יח',1.00,יח',false,,35.90,35.9000,true,1,6492
5601036205626,false,*מבצע* צבע לשיער אקס,ליברמו,BE,לוריאל אקסלנס,יח',1.00,יח',false,,35.90,35.9000,true,1,6496
5601036205664,false,*מבצע* צבע לשיער אקס,ליברמו,BE,לוריאל אקסלנס,יח',1.00,יח',false,,35.90,35.9000,true,1,6498
5601036205671,false,*מבצע* צבע לשיער אקס,ליברמו,BE,לוריאל אקסלנס,יח',1.00,יח',false,,35.90,35.9000,true,1,6499
5601217129420,false,דפים לכביסה שומר צבע,מוטרסיו,IT,וולייט,יח',20.00,יח',false,,19.90,0.9950,true,1,28125
5701932026964,false,פופקורן הוטפופ מלח,פופז,US,הוטפופ,גרמים,600.00,100 גרם,false,,15.90,0.0265,true,1,13090
5701932026971,false,פופקורן הוטפופ חמאה,פופז,US,הוטפופ,גרמים,600.00,100 גרם,false,,15.90,0.0265,true,1,13091
5701932026995,false,פופקורן הוטפופ לייט,פופז,US,הוטפופ,גרמים,510.00,100 גרם,false,,15.90,0.0312,true,1,13092
5706516031358,false,פופקורן הוטפופ מופחת,פופז,US,הוטפופ,גרמים,600.00,100 גרם,false,,15.90,0.0265,true,1,13093
5711953103285,true,פטינה 21% שומן במשקל,ארלה,DK,פטינה,קילוגרמים,1.00,"ק""ג",true,,30.00,30.0000,true,1,50844
5711953105807,false,בלוז בסגנון דנאבלו,ארלה,DK,בלוז,קילוגרמים,1.00,"ק""ג",true,,69.00,69.0000,true,1,50840
5711953106583,false,ארלה גבינת שמנת טבעי,ארלה,DK,ארלה,גרמים,200.00,100 גרם,false,,15.90,0.0795,true,1,51762
5711953106590,false,ארלה גבינת שמנת שום,ארלה,DK,ארלה,גרמים,200.00,100 גרם,false,,15.90,0.0795,true,1,51763
5711953106606,false,ארלה גבינת שמנת עשבי,ארלה,DK,ארלה,גרמים,200.00,100 גרם,false,,15.90,0.0795,true,1,51764
5740900108264,false,ממרח לורפק ללא מלח,ארלה,DK,חמאה,קילוגרמים,1.00,"ק""ג",true,,39.00,39.0000,true,1,56633
5740900403222,false,ממרח לורפק עם מלח מו,ארלה,DK,ארלה,גרמים,250.00,100 גרם,false,,16.90,0.0676,true,1,47367
5740900403239,false,ממרח לורפק בלי מלח 2,ארלה,DK,ארלה,גרמים,250.00,100 גרם,false,,16.90,0.0676,true,1,47368
5740900403246,false,ממרח לורפק בלי מלח 5,ארלה,DK,ארלה,גרמים,500.00,100 גרם,false,,28.90,0.0578,true,1,47365
5740900403253,false,ממרח לורפק עם מלח 50,ארלה,DK,ארלה,גרמים,500.00,100 גרם,false,,28.90,0.0578,true,1,47366
5740900403260,false,ממרח לורפק ללא מלח מ,ארלה,DK,ארלה,גרמים,250.00,100 גרם,false,,16.90,0.0676,true,1,47369
5900017062419,false,*מבצע* ניוואה קרם רח,ביירסדורף,DE,ניוואה,מיליליטרים,750.00,"100 מ""ל",false,,12.90,0.0172,true,1,59350
5900020012814,false,נסקוויק 500 גרם,נסטלה פולין דגני בוק,PL,NESQUIK,גרמים,500.00,100 גרם,false,,19.90,0.0398,true,1,4829
5900020015174,false,חטיפי דגנים פיטנס דג,נסטלה פולין ברים,PL,FITNESS,גרמים,141.00,100 גרם,false,,14.90,0.1057,true,1,4830
5900020018908,false,חטיפי דגנים פיטנס דג,נסטלה פולין ברים,PL,FITNESS,גרמים,141.00,100 גרם,false,,14.90,0.1057,true,1,4835
5900020020710,false,חטיף דגנים שוקו וניל,נסטלה פולין ברים,PL,CRUNCH,גרמים,150.00,100 גרם,false,,14.90,0.0993,true,1,4836
5900020020741,false,נסקויק בר דגנים שוקו,נסטלה פולין ברים,PL,NESQUIK,גרמים,150.00,100 גרם,false,,14.90,0.0993,true,1,4837
5900020026552,false,צ'ריוס האני נאט 625,ג.נרל מילס,US,CHEERIOS,גרמים,625.00,100 גרם,false,,19.90,0.0318,true,1,4850
5900020029669,false,חטיפי דגנים פיטנס דג,נסטלה פולין ברים,PL,FITNESS,גרמים,141.00,100 גרם,false,,14.90,0.1057,true,1,28207
5900020031877,false,חטיף דגנים צ'יריוס 2,נסטלה פולין דגני בוק,PL,CINI-MINIS,גרמים,132.00,100 גרם,false,,14.90,0.1129,true,1,31984
5900020032454,false,חטיפי דגנים פיטנס עו,נסטלה פולין ברים,PL,FITNESS,גרמים,188.00,100 גרם,false,,14.90,0.0793,true,1,59060
5900020033314,false,חטיף דגנים ליון 25*6,נסטלה פולין דגני בוק,PL,CINI-MINIS,גרמים,150.00,100 גרם,false,,14.90,0.0993,true,1,47069
5900020034021,false,פיטנס חטיף דגנים שוק,סי.פי.פולין,PL,FITNESS,גרמים,141.00,100 גרם,false,,14.90,0.1057,true,1,48943
5900020034991,false,קראנץ' צדפים 450 גרם,אסם,IL,CRUNCH,גרמים,450.00,100 גרם,false,,19.90,0.0442,true,1,52881
5900020036407,false,דגני שוקולד וקרמל לי,ג.נרל מילס,US,CHEERIOS,גרמים,480.00,100 גרם,false,,19.90,0.0415,true,1,54547
5900020037916,false,ציריוס שבולת שועל 37,ג.נרל מילס,US,CHEERIOS,גרמים,375.00,100 גרם,false,,15.90,0.0424,true,1,57578
5900020039590,false,חטיפי דגנים פיטנס קל,סי.פי.פולין,PL,FITNESS,גרמים,141.00,100 גרם,false,,14.90,0.1057,true,1,60141
5900020039620,false,חטיפי דגנים פיטנס שק,סי.פי.פולין,PL,FITNESS,גרמים,141.00,100 גרם,false,,14.90,0.1057,true,1,60142
5900352002866,false,חטיף אליבי 49 גרם,,,חטיף אליבי 49 גרם,גרמים,49.00,100 גרם,false,,2.50,0.0510,true,1,20576
5900352012605,false,חטיף אליבי קוקוס 49,,,חטיף אליבי 49 גרם,גרמים,49.00,100 גרם,false,,2.50,0.0510,true,1,20577
5900394009762,false,וופל אידלה 47 גרם,,,וופל אידלה 47 גרם,גרמים,47.00,100 גרם,false,,2.50,0.0532,true,1,68069
5900627063233,false,טבליות פיניש 50 יח A,RECKITT BENCKISER PR,PL,?????,יח',50.00,יח',false,,39.90,0.7980,true,1,31372
5900627066715,false,טבליות פיניש AIO 100,RECKITT BENCKISER PR,PL,פיניש,יח',100.00,יח',false,,59.90,0.5990,true,1,8100
5900907000583,false,מלפפון בחומץ 920 גרם,סגל דברים טובים,PL,מלפפון בחוצץ 430ג,גרמים,430.00,100 גרם,false,,15.50,0.0360,true,1,3772
5900951283963,false,סניקרס קרימי ח.בוטני,מרס,NL,מרס,גרמים,50.00,100 גרם,false,,3.90,0.0780,true,1,59375
5901414200411,false,עוגיות היט מיניס 130,בלזן פולסקה,PL,בלזן,גרמים,130.00,100 גרם,false,,5.90,0.0454,true,1,13094
5901483060060,false,תה שומר 2 גרם 20 שקי,ביופלוייד,PL,חליטות תה,גרמים,50.00,100 גרם,false,,8.90,0.1780,true,1,3787
5901483060305,false,תה מליסה 2 גרם 20 שק,,,חליטת תה מליסה 40ג,גרמים,40.00,100 גרם,false,,8.90,0.2225,true,1,3790
5901483081027,false,תה לואיזה 1.75 גרם 2,,,חליטת לואיזה 35ג,גרמים,35.00,100 גרם,false,,8.90,0.2543,true,1,3793
5902198160403,false,אקס אל משקה אנרגיה,טמפו,IL,XL,מיליליטרים,250.00,"100 מ""ל",false,,4.10,0.0164,true,1,12058
5904941750312,false,משקה אנרגיה מוחיטו,אקוביט,PL,בלו,מיליליטרים,250.00,"100 מ""ל",false,,4.20,0.0168,true,1,8303
5904941751302,false,משקה אנרגיה בלו,אקוביט,PL,בלו,מיליליטרים,250.00,"100 מ""ל",false,,3.90,0.0156,true,1,8304
5904941751524,false,משקה אנרגיה אבטיח,אקוביט,PL,בלו,מיליליטרים,250.00,"100 מ""ל",false,,4.20,0.0168,true,1,8306
5904941751920,false,משקה אנרגיה בלו דיי,אקוביט,PL,בלו,מיליליטרים,250.00,"100 מ""ל",false,,4.20,0.0168,true,1,8312
5904941751975,false,משקה אנרגיה בלו דיי,אקוביט,PL,בלו,מיליליטרים,250.00,"100 מ""ל",false,,4.20,0.0168,true,1,56630
5906485301012,false,אקס אל משקה אנרגיה,טמפו,IL,XL,מיליליטרים,250.00,"100 מ""ל",false,,4.30,0.0172,true,1,12059
5949152110838,false,מבשם אוויר איירוויק,רקיט בנקיזר,PL,מבשם אוויר איירוויק,מיליליטרים,237.00,"100 מ""ל",false,,14.90,0.0629,true,1,66784
5997321701806,false,קלגון 1 קג,RECKITT BENCKISER PR,PL,קלגון,קילוגרמים,1.00,"ק""ג",false,,29.90,29.9000,true,1,8101
5997321770307,false,*מבצע* ויט רצועות שע,RECKITT BENCKISER FR,FR,ויט,יח',12.00,יח',false,,19.90,1.6583,true,1,28797
5998623526739,false,*מבצע* גוורצטרמינר 7,דנוביאנה,HU,*מבצע* גוורצטרמינר 7,מיליליטרים,750.00,"100 מ""ל",false,,29.90,0.0399,true,1,49697
6001067017523,false,קולגייט מברשת ילדים,CP- China-SH,CN,קולגייט,יח',1.00,יח',false,,9.90,9.9000,true,1,20060
6001067017530,false,קולגייט מברשת ילדים,CP- China-SH,CN,קולגייט,יח',1.00,יח',false,,9.90,9.9000,true,1,20061
6001067027324,false,*מבצע* קולגייט מברשת,קולגייט פלמוליב,IL,קולגייט מברשת ילדים,יח',1.00,יח',false,,29.90,29.9000,true,1,20069
6009188004828,false,קיט קאט צ'אנקי לבן 4,נסטלה,DE,נסטלה,גרמים,40.00,100 גרם,false,,3.90,0.0975,true,1,67120
6111049000051,false,סרדין חריף 125 גרם,U.P.A,MA,U.P.A,גרמים,125.00,100 גרם,false,,4.90,0.0392,true,1,20791
6111094000013,false,קוסקוס בינוני 1 קג,Marchesi srl,MA,תומר,קילוגרמים,1.00,"ק""ג",false,,17.90,17.9000,true,1,19510
6111094000198,false,קוסקוס דארי דק 350 ג,קרמה מן,MA,דארי,גרמים,350.00,100 גרם,false,,6.90,0.0197,true,1,28493
6111094000228,false,"קוסקוס דארי 1ק""ג",,,"קוסקוס 1ק""ג+10%",קילוגרמים,1.00,"ק""ג",false,,17.90,17.9000,true,1,19511
6111094000808,false,קוסקוס דארי 1.1 קג,,,"קוסקוס 1ק""ג+10%",קילוגרמים,1.10,"ק""ג",false,,17.90,16.2727,true,1,19512
6111094002123,false,דארי אט' מרוקאיות 50,דארי,MA,דארי אט' מרוקאיות 50,גרמים,550.00,100 גרם,false,,8.90,0.0162,true,1,67311
6111119000011,false,"קוסקוס בינוני 1 ק""ג",אטלס קוסקוס,MA,אטלס קוסקוס,קילוגרמים,1.00,"ק""ג",false,,12.90,12.9000,true,1,20796
6112012100051,false,סט תפירה גדול,,,סט תפירה גדול,יח',1.00,יח',false,,14.90,14.9000,true,1,23226
6112012100075,false,קולפן פלסטיק,,,קולפן פלסטיק,יח',1.00,יח',false,,12.90,12.9000,true,1,23227
6112012100358,false,שישיית קולבי פלסטיק,,,שישיית קולבי פלסטיק,יח',6.00,יח',false,,9.90,1.6500,true,1,23233
6112012100600,false,שלישיית קולבי קטיפה,,,שלישיית קולבי קטיפה,יח',3.00,יח',false,,11.90,3.9667,true,1,23241
6112012100655,false,מגב לשיש מהודר,,,מגב לשיש מהודר,יח',1.00,יח',false,,7.90,7.9000,true,1,23244
6112012100662,false,כותש שום,,,כותש שום,יח',1.00,יח',false,,12.90,12.9000,true,1,23245
6112012100693,false,משטח לייבוש כלים,,,משטח לייבוש כלים,יח',1.00,יח',false,,14.90,14.9000,true,1,23246
6112012100808,false,פינג'ן גדול,,,פינג'ן גדול,יח',1.00,יח',false,,19.90,19.9000,true,1,23254
6112012100969,false,פורס ביצים פלסטיק,,,פורס ביצים פלסטיק,יח',1.00,יח',false,,11.90,11.9000,true,1,23262
6112012100976,false,כפות גדולות,,,כפות גדולות,יח',6.00,יח',false,,9.90,1.6500,true,1,23263
6112012100983,false,מזלגות גדולות,,,מזלגות גדולות,יח',6.00,יח',false,,9.90,1.6500,true,1,23264
6112012100990,false,כפיות קטנות,,,כפיות קטנות,יח',6.00,יח',false,,8.90,1.4833,true,1,23265
6112013100128,false,קולפן נירוסטה פשוט,,,קולפן נירוסטה פשוט,יח',1.00,יח',false,,7.90,7.9000,true,1,23271
6112013100166,false,מרית רחבה + ידית קרי,,,מרית רחבה + ידית קרי,יח',1.00,יח',false,,13.90,13.9000,true,1,23274
6112013100180,false,סכין לפיצה,,,סכין לפיצה,יח',1.00,יח',false,,9.90,9.9000,true,1,23276
6112013100869,false,פומפיה ישרה קטנה,,,פומפיה ישרה קטנה,יח',1.00,יח',false,,9.90,9.9000,true,1,23300
6112013100999,false,סוגרים לשקיות,,,סוגרים לשקיות,יח',8.00,יח',false,,9.90,1.2375,true,1,23302
6112014100493,false,מידות צבעוניות לאפיה,,,מידות צבעוניות לאפיה,יח',1.00,יח',false,,14.90,14.9000,true,1,23340
6112015100157,false,זוג מתלים,,,זוג מתלים,יח',1.00,יח',false,,9.90,9.9000,true,1,23377
6112015100294,false,מגב מתכת,,,מגב מתכת,יח',1.00,יח',false,,21.90,21.9000,true,1,29037
6112015100454,false,מברשת ידנית,,,מברשת ידנית,יח',1.00,יח',false,,9.90,9.9000,true,1,28376
6112015100508,false,מברשת לאסלה,,,מברשת לאסלה,יח',1.00,יח',false,,3.90,3.9000,true,1,28378
6112015100867,false,שלישיית מברשות,,,שלישיית מברשות,יח',3.00,יח',false,,9.90,3.3000,true,1,29038
6112015100959,false,מגב,,,מגב,יח',1.00,יח',false,,16.90,16.9000,true,1,28385
6112016100514,false,תחתית לסיר מברזל,,,תחתית לסיר מברזל,יח',1.00,יח',false,,9.90,9.9000,true,1,27271
6112016100682,false,מסנן רשת לכיור,,,מסנן רשת לכיור,יח',1.00,יח',false,,10.90,10.9000,true,1,23391
6112016100712,false,סוגרים לשקיות,,,סוגרים לשקיות,יח',12.00,יח',false,,11.90,0.9917,true,1,27272
6112017101350,false,מצע לירקות,,,מצע לירקות,יח',1.00,יח',false,,9.90,9.9000,true,1,23396
6112017101534,false,מברשת לאסלה,,,מברשת לאסלה,יח',1.00,יח',false,,19.90,19.9000,true,1,28401
6112017102784,false,מברשת ניקוי,,,מברשת ניקוי,יח',1.00,יח',false,,5.90,5.9000,true,1,31661
6112017102791,false,מברשת ג'מבו לניקוי +,,,מברשת ג'מבו לניקוי +,יח',1.00,יח',false,,8.90,8.9000,true,1,31662
6112017102807,false,מברשת ניקוי,,,מברשת ניקוי,יח',1.00,יח',false,,5.90,5.9000,true,1,31663
6112017103354,false,אטבי כביסה סיליקון 1,,,אטבי כביסה סיליקון 1,יח',12.00,יח',false,,7.90,0.6583,true,1,47386
6112017103620,false,כף הגשה עגול,,,כף הגשה עגול,יח',1.00,יח',false,,9.90,9.9000,true,1,47391
6112017103644,false,כף הגשה ישרה,,,כף הגשה ישרה,יח',1.00,יח',false,,9.90,9.9000,true,1,47393
6112017103651,false,"מועך תפו""א",,,"מועך תפו""א",יח',1.00,יח',false,,9.90,9.9000,true,1,47394
6112017103897,false,סכין שלישייה צבעוני,,,סכין שלישייה צבעוני,יח',1.00,יח',false,,9.90,9.9000,true,1,50980
6112017104573,false,מטאטא שחור לבן,,,מטאטא שחור לבן,יח',1.00,יח',false,,23.90,23.9000,true,1,50983
6112017104580,false,מטאטא,,,מטאטא,יח',1.00,יח',false,,39.90,39.9000,true,1,50984
6112017105327,false,משטח קריסטל,,,משטח קריסטל,יח',1.00,יח',false,,9.90,9.9000,true,1,51780
6112017105778,false,"מגב סיליקון 40 ס""מ",,,"מגב סיליקון 40 ס""מ",יח',1.00,יח',false,,19.90,19.9000,true,1,53041
6112017105822,false,מגב פטנט,,,מגב פטנט,יח,1.00,יח,false,,26.90,26.9000,true,1,52902
6112017105853,false,מגב מתכת,,,מגב מתכת,יח,1.00,יח,false,,26.90,26.9000,true,1,52903
6112017105914,false,מפה לפיקניק,,,מפה לפיקניק,יח,1.00,יח,false,,19.90,19.9000,true,1,53547
6112017106034,false,כף מסננת,,,כף מסננת,יח,1.00,יח,false,,13.90,13.9000,true,1,53051
6112017106096,false,מסנן כיור אמריקאי,,,מסנן כיור אמריקאי,יח,1.00,יח,false,,14.90,14.9000,true,1,53089
6112017106133,false,כפפת סיליקון בשילוב,,,כפפת סיליקון בשילוב,יחידה,0.00,יחידה,false,,29.90,0.0000,true,1,53784
6112017106140,false,מגן למזרן זוגי,,,מגן למזרן זוגי,יח,1.00,יח,false,,49.90,49.9000,true,1,53052
6112017106195,false,מגן לכרית זוג,,,מגן לכרית זוג,יח,1.00,יח,false,,32.90,32.9000,true,1,53054
6112017106614,false,מקל מטאטא,,,מקל מטאטא,יח',1.00,יח',false,,5.90,5.9000,true,1,56588
6112017106676,false,מברשת לניקוי גב עץ,,,מברשת לניקוי גב עץ,יח,1.00,יח,false,,12.90,12.9000,true,1,55594
6185238870916,false,מתלה כביסה,,,מתלה כביסה,יח',1.00,יח',false,,59.90,59.9000,true,1,28139
6322210482990,false,מכונית שלט,,,מכונית שלט,יח',1.00,יח',false,,39.90,39.9000,true,1,67892
6322211596474,false,רכבי שלט,,,רכבי שלט,יח',1.00,יח',false,,39.90,39.9000,true,1,67798
6322218979096,false,מסוק רחף,,,מסוק רחף,יח',1.00,יח',false,,39.90,39.9000,true,1,67799
6322218982096,false,כדור אורות,,,כדור אורות,יח',1.00,יח',false,,39.90,39.9000,true,1,67800
6901022100409,false,ג'ינג'ר כתוש - לירון,,,ג'ינג'ר כתוש - לירון,יח',1.00,יח',false,,4.90,4.9000,true,1,67339
6901022100416,false,שום כתוש - לירון,,,שום כתוש - לירון,יח',1.00,יח',false,,4.90,4.9000,true,1,67340
6906539758181,false,כפפות 100 יח' M,,,כפפות 100 יח' M,יח',100.00,יח',false,,9.90,0.0990,true,1,59542
6906539758198,false,כפפות 100 יח' L,,,כפפות 100 יח' L,יח',100.00,יח',false,,9.90,0.0990,true,1,59543
6910191800287,false,אצות נורי בלו,nantong haida aquati,CN,מזרח ומערב,יח',10.00,יח',false,,11.90,1.1900,true,1,26359
6913245102030,false,נורת לד 10 וואט לבן,,,נורת לד 10 וואט לבן,יח',1.00,יח',false,,9.90,9.9000,true,1,23402
6920354824395,false,קולגייט נטורל תמציות,קולגייט פלמוליב,BR,קולגייט,מיליליטרים,71.00,"100 מ""ל",false,,29.90,0.4211,true,1,59655
6921052701001,false,אצות וואקמה 40 גרם,qingdao sun growing,CN,אצות וואקמה 40 גרם,גרמים,40.00,100 גרם,false,,8.90,0.2225,true,1,50904
6921850614695,false,נורת לד 10 וואט שליש,,,נורת לד 10 וואט שליש,יח',3.00,יח',false,,24.90,8.3000,true,1,51368
6922276100083,false,מחית וואסבי חזרת,qingdao sun growing,CN,wasabi,גרמים,43.00,100 גרם,false,,8.90,0.2070,true,1,26360
6922822407697,false,מגנטים בייסיק 110 יח,,,מגנטים בייסיק 110 יח,יח',110.00,יח',false,,89.90,0.8173,true,1,67789
6922822407703,false,מגנטים לונה פארק 100,,,מגנטים לונה פארק 100,יח',100.00,יח',false,,89.90,0.8990,true,1,67790
6925374202437,false,שלישיית מתלים פלסטיק,,,שלישיית מתלים פלסטיק,יח',3.00,יח',false,,9.90,3.3000,true,1,23410
6925454151662,false,טיימר שקע תקע 24 שעו,,,טיימר שקע תקע 24 שעו,יח',1.00,יח',false,,22.90,22.9000,true,1,23411
6931191500076,false,מספריים לבשר,,,מספריים לבשר,יח',1.00,יח',false,,11.90,11.9000,true,1,23414
6931191500434,false,מועך תפוחי אדמה,,,מועך תפוחי אדמה,יח',1.00,יח',false,,9.90,9.9000,true,1,23423
6933960500089,false,קנפיו רצועות דלעת כב,qingdao sun growing,CN,qingdao,גרמים,100.00,100 גרם,false,,12.90,0.1290,true,1,26367
6934731200078,false,אטריות טריות דקות 20,,,אטריות טריות דקות 20,גרמים,200.00,100 גרם,false,,6.90,0.0345,true,1,49542
6934931267246,false,מצית גז,,,מצית גז,יח,1.00,יח,false,,9.90,9.9000,true,1,59167
6936065430442,false,כבל USB אורך 2 מטר,,,כבל USB אורך 2 מטר,1,1.00,1,false,,12.90,12.9000,true,1,64536
6936065431036,false,כבל מולטי,,,כבל מולטי,1,1.00,1,false,,24.90,24.9000,true,1,67044
6936065498749,false,כבל USB אורך 2 מטר,,,כבל USB אורך 2 מטר,1,1.00,1,false,,12.90,12.9000,true,1,64537
6936065498848,false,כבל USB אורך 2 מטר,,,כבל USB אורך 2 מטר,1,1.00,1,false,,12.90,12.9000,true,1,64538
6945305614047,false,רביעיית מתלים ניקל,,,רביעיית מתלים ניקל,יח',4.00,יח',false,,9.90,2.4750,true,1,23442
6955107669206,false,דבק סופר גלו אפור,,,דבק סופר גלו אפור,גרמים,20.00,100 גרם,false,,9.90,0.4950,true,1,23456
6973350163388,false,מסכה חד פעמית 50 יח',,,מסכה חד פעמית 50 יח',יח',50.00,יח',false,,8.90,0.1780,true,1,55721
6985425120011,false,זוג מסנן פרפר,,,זוג מסנן פרפר,יח',2.00,יח',false,,8.90,4.4500,true,1,23457
6985425120028,false,רביעיית ספוגי רחצה,,,רביעיית ספוגי רחצה,יח',4.00,יח',false,,9.90,2.4750,true,1,23458
6985425120103,false,דבק סלוטייפ,,,דבק סלוטייפ,יח',1.00,יח',false,,9.90,9.9000,true,1,23462
6985425120134,false,מזלף למקלחת מטר,,,מזלף למקלחת מטר,יח',1.00,יח',false,,29.90,29.9000,true,1,23464
6985425120301,false,אטבי כביסה 30 יחידות,,,אטבי כביסה 30 יחידות,יח',30.00,יח',false,,8.90,0.2967,true,1,23466
6985425120462,false,מנעול אופניים,,,מנעול אופניים,יח',1.00,יח',false,,22.90,22.9000,true,1,23470
6985425120578,false,קרש חיתוך זוג,,,קרש חיתוך זוג,יח',2.00,יח',false,,19.90,9.9500,true,1,23472
6985425120844,false,סט ששת,,,סט ששת,יח',5.00,יח',false,,19.90,3.9800,true,1,23481
6985425120950,false,זוג ידיות לסיר עליון,,,זוג ידיות לסיר עליון,יח',2.00,יח',false,,9.90,4.9500,true,1,23485
7162109046020,false,סט מצעים דגם קלאופטר,,,סט מצעים דגם קלאופטר,יח',1.00,יח',false,,59.90,59.9000,true,1,66119
7162111052026,false,סט מצעים דגם אריאן ז,,,סט מצעים דגם אריאן ז,יח',1.00,יח',false,,59.90,59.9000,true,1,66139
7162203034008,false,פוך חורף מסה יחיד,,,פוך חורף מסה יחיד,יח',1.00,יח',false,,69.90,69.9000,true,1,67675
7162203034015,false,פוך חורף מסה זוגי,,,פוך חורף מסה זוגי,יח',1.00,יח',false,,79.90,79.9000,true,1,67676
7270137700194,false,מדליק פחם מוצק,,,מדליק פחם מוצק,יח',1.00,יח',false,,4.90,4.9000,true,1,46810
7271730901261,false,מקרוני אנד צ'יז אדום,,,פסטה עם גבינה,גרמים,156.00,100 גרם,false,,10.90,0.0699,true,1,8554
7290000000002,false,לחם אחיד כהה 750 גרם,אנג'ל,IL,אנג'ל,גרמים,750.00,100 גרם,false,,3.90,0.0052,true,1,6207
7290000000005,false,חלה רגילה,,IL,חלה רגילה,יח',1.00,יח',false,,3.90,3.9000,true,1,6208
7290000000015,false,עיתון ידיעות שבת,,,עיתון ידיעות שבת,יח',1.00,יח',false,,16.50,16.5000,true,1,12429
7290000000056,false,משלוח בתוך העיר,,,משלוח בתוך העיר,יח',1.00,יח',false,,30.00,30.0000,true,1,23014
7290000000079,false,מים 1.5 ליטר קר,,,מים 1.5 ליטר קר,ליטרים,1.50,ליטר,false,,5.00,3.3333,true,1,23017
7290000000090,false,עיתון לאשה,,,עיתון לאשה,יח',1.00,יח',false,,21.90,21.9000,true,1,12430
7290000000245,false,עגבניות שרי - ארוז,,,עגבניות שרי - ארוז,יח',1.00,יח',false,,8.90,8.9000,true,1,51437
7290000000311,false,"תפו""א אדום אפייה",,,"תפו""א אדום אפייה",קילוגרמים,1.00,"ק""ג",true,,3.90,3.9000,true,1,50839
7290000000343,false,גזר בתפזורת,משתנה,IL,גזר בתפזורת,קילוגרמים,1.00,"ק""ג",true,,4.90,4.9000,true,1,610
7290000000344,false,"תפו""א אדום בתפזורת",משתנה,IL,"תפו""א אדום בתפזורת",קילוגרמים,1.00,"ק""ג",true,,5.90,5.9000,true,1,611
7290000000345,false,"תפו""א לבן בתפזורת",משתנה,IL,"תפו""א לבן בתפזורת",קילוגרמים,1.00,"ק""ג",true,,4.90,4.9000,true,1,612
7290000000374,false,פטריות שמפניון,משתנה,IL,פטריות שמפניון,יח',1.00,יח',false,,8.90,8.9000,true,1,8424
7290000000473,false,קישוא זוקיני,משתנה,IL,קישוא זוקיני,קילוגרמים,1.00,"ק""ג",true,,9.90,9.9000,true,1,614
7290000000503,false,"תפו""א אדום אפייה",,,"תפו""א אדום אפייה",קילוגרמים,1.00,"ק""ג",true,,3.90,3.9000,true,1,60649
7290000000594,false,"תפ""ע נאשי",,,"תפ""ע נאשי",קילוגרמים,1.00,"ק""ג",true,,13.90,13.9000,true,1,28089
7290000000602,false,אגס,משתנה,IL,אגס,קילוגרמים,1.00,"ק""ג",true,,12.90,12.9000,true,1,616
7290000000606,false,אבוקדו,משתנה,IL,אבוקדו,קילוגרמים,1.00,"ק""ג",true,,9.90,9.9000,true,1,617
7290000000608,false,אפרסמון,,,אפרסמון,קילוגרמים,1.00,"ק""ג",true,,9.90,9.9000,true,1,27940
7290000000610,false,חבוש,,,חבוש,קילוגרמים,1.00,"ק""ג",true,,12.90,12.9000,true,1,27715
7290000000612,false,"תפו""א ירושלמי",משתנה,IL,"תפו""א ירושלמי",קילוגרמים,1.00,"ק""ג",true,,12.90,12.9000,true,1,619
7290000000613,false,רימון,,,רימון,קילוגרמים,1.00,"ק""ג",true,,6.90,6.9000,true,1,620
7290000000619,false,בצל אדום,משתנה,IL,בצל אדום,קילוגרמים,1.00,"ק""ג",true,,6.90,6.9000,true,1,622
7290000000620,false,בצל יבש,משתנה,IL,בצל יבש,קילוגרמים,1.00,"ק""ג",true,,3.90,3.9000,true,1,623
7290000000622,false,בטטה,משתנה,IL,בטטה,קילוגרמים,1.00,"ק""ג",true,,7.90,7.9000,true,1,624
7290000000623,false,בננה,משתנה,IL,בננה,קילוגרמים,1.00,"ק""ג",true,,6.90,6.9000,true,1,625
7290000000625,false,דלורית,משתנה,IL,דלורית,קילוגרמים,1.00,"ק""ג",true,,4.90,4.9000,true,1,627
7290000000635,false,גזר ארוז,משתנה,IL,גזר ארוז,קילוגרמים,1.00,"ק""ג",true,,2.90,2.9000,true,1,628
7290000000644,false,דלעת ערמונים,משתנה,IL,דלעת ערמונים,קילוגרמים,1.00,"ק""ג",true,,12.90,12.9000,true,1,631
7290000000646,false,פומלית,,,פומלית,קילוגרמים,1.00,"ק""ג",true,,5.90,5.9000,true,1,28090
7290000000648,false,פלפל כתום,משתנה,IL,פלפל כתום,קילוגרמים,1.00,"ק""ג",true,,7.90,7.9000,true,1,632
7290000000660,false,חסה ערבית,משתנה,IL,חסה,יח',1.00,יח',false,,3.90,3.9000,true,1,634
7290000000661,false,חציל,משתנה,IL,חציל,קילוגרמים,1.00,"ק""ג",true,,5.90,5.9000,true,1,635
7290000000662,false,חסה עגולה,משתנה,IL,חסה עגולה,יח',1.00,יח',false,,5.90,5.9000,true,1,636
7290000000665,false,חציל בלאדי,משתנה,IL,חציל בלאדי,קילוגרמים,1.00,"ק""ג",true,,7.90,7.9000,true,1,57450
7290000000666,false,פטריות בתפזורת,משתנה,IL,פטריות בתפזורת,קילוגרמים,1.00,"ק""ג",true,,31.90,31.9000,true,1,8426
7290000000681,false,כרוב לבן,משתנה,IL,כרוב לבן,קילוגרמים,1.00,"ק""ג",true,,2.90,2.9000,true,1,638
7290000000682,false,כרוב אדום,משתנה,IL,כרוב אדום,קילוגרמים,1.00,"ק""ג",true,,3.90,3.9000,true,1,639
7290000000691,false,לימון,משתנה,IL,לימון,קילוגרמים,1.00,"ק""ג",true,,6.90,6.9000,true,1,640
7290000000695,false,מלפפון,משתנה,IL,מלפפון,קילוגרמים,1.00,"ק""ג",true,,5.90,5.9000,true,1,48612
7290000000696,false,מלון,משתנה,IL,מלון,קילוגרמים,1.00,"ק""ג",true,,6.90,6.9000,true,1,642
7290000000701,false,מנגו,נטרה,IL,מנגו,קילוגרמים,1.00,"ק""ג",true,,9.90,9.9000,true,1,20525
7290000000715,false,סלק,משתנה,IL,סלק,קילוגרמים,1.00,"ק""ג",true,,3.90,3.9000,true,1,644
7290000000722,false,אפרסמון  קרמבו,,,אפרסמון  קרמבו,קילוגרמים,1.00,"ק""ג",true,,10.90,10.9000,true,1,57137
7290000000725,false,עגבניה,משתנה,IL,עגבניה,קילוגרמים,1.00,"ק""ג",true,,5.90,5.9000,true,1,645
7290000000728,false,עגבניות שרי שקיל,משתנה,IL,עגבניה שרי במשקל,קילוגרמים,1.00,"ק""ג",true,,12.90,12.9000,true,1,647
7290000000731,false,סברס,משתנה,IL,סברס,קילוגרמים,1.00,"ק""ג",true,,24.90,24.9000,true,1,648
7290000000734,false,פלפל צהוב,משתנה,IL,פלפל צהוב,קילוגרמים,1.00,"ק""ג",true,,7.90,7.9000,true,1,649
7290000000735,false,פלפל ירוק,משתנה,IL,פלפל ירוק,קילוגרמים,1.00,"ק""ג",true,,7.90,7.9000,true,1,650
7290000000737,false,פלפל בהיר,משתנה,IL,פלפל בהיר,קילוגרמים,1.00,"ק""ג",true,,7.90,7.9000,true,1,651
7290000000739,false,פלפל חריף,משתנה,IL,פלפל חריף,קילוגרמים,1.00,"ק""ג",true,,9.90,9.9000,true,1,652
7290000000740,false,ענבים לבנים במשקל,משתנה,IL,ענבים לבנים,קילוגרמים,1.00,"ק""ג",true,,24.90,24.9000,true,1,653
7290000000741,false,ענבים שחורים במשקל,משתנה,IL,ענבים שחורים,קילוגרמים,1.00,"ק""ג",true,,19.90,19.9000,true,1,654
7290000000742,false,פלפל אדום,משתנה,IL,פלפל אדום,קילוגרמים,1.00,"ק""ג",true,,7.90,7.9000,true,1,655
7290000000744,false,פומלה,,,פומלה,קילוגרמים,1.00,"ק""ג",true,,5.90,5.9000,true,1,27786
7290000000745,false,גויאבה,,,גויאבה,קילוגרמים,1.00,"ק""ג",true,,14.90,14.9000,true,1,27716
7290000000748,false,פטאיה,,,פטאיה,קילוגרמים,1.00,"ק""ג",true,,19.90,19.9000,true,1,47081
7290000000750,false,צנונית ארוזה,משתנה,IL,צנונית חבילה,יח',1.00,יח',false,,4.90,4.9000,true,1,657
7290000000753,false,קישוא עגול,משתנה,IL,קישוא עגול,קילוגרמים,1.00,"ק""ג",true,,9.90,9.9000,true,1,658
7290000000754,false,קלמנטינה,משתנה,IL,קלמנטינה,קילוגרמים,1.00,"ק""ג",true,,5.90,5.9000,true,1,27588
7290000000755,false,קישואים,משתנה,IL,קישואים,קילוגרמים,1.00,"ק""ג",true,,6.90,6.9000,true,1,659
7290000000756,false,קולורבי,משתנה,IL,קולורבי,קילוגרמים,1.00,"ק""ג",true,,7.90,7.9000,true,1,660
7290000000757,false,קיווי,משתנה,IL,קיווי,קילוגרמים,1.00,"ק""ג",true,,11.90,11.9000,true,1,661
7290000000764,false,אשכולית אדומה,משתנה,IL,אשכולית אדומה,קילוגרמים,1.00,"ק""ג",true,,5.90,5.9000,true,1,28136
7290000000775,false,שומר,משתנה,IL,שומר,קילוגרמים,1.00,"ק""ג",true,,6.90,6.9000,true,1,663
7290000000783,false,"תפו""א אדום ארוז",משתנה,IL,"תפו""א אדום ארוז",קילוגרמים,1.00,"ק""ג",true,,4.90,4.9000,true,1,666
7290000000785,false,"תפו""א לבן ארוז",משתנה,IL,"תפו""א לבן ארוז",קילוגרמים,1.00,"ק""ג",true,,3.90,3.9000,true,1,668
7290000000787,false,"תפ""ע חרמון",משתנה,IL,"תפו""ע חרמון",קילוגרמים,1.00,"ק""ג",true,,9.90,9.9000,true,1,669
7290000000788,false,"תפ""ע סמיט",משתנה,IL,"תפו""ע סמיט",קילוגרמים,1.00,"ק""ג",true,,9.90,9.9000,true,1,670
7290000000789,false,תירס.,משתנה,IL,תירס,קילוגרמים,1.00,"ק""ג",true,,8.90,8.9000,true,1,671
7290000000792,false,"תפ""ע זהוב",משתנה,IL,"תפו""ע מוזהב",קילוגרמים,1.00,"ק""ג",true,,9.90,9.9000,true,1,673
7290000000797,false,תפוז,משתנה,IL,תפוז גדול,קילוגרמים,1.00,"ק""ג",true,,5.90,5.9000,true,1,674
7290000000803,false,אנונה,משתנה,IL,אנונה,קילוגרמים,1.00,"ק""ג",true,,17.90,17.9000,true,1,28137
7290000000897,false,"תפ""ע פינק ליידי",משתנה,IL,"תפו""ע פינק ליידי",קילוגרמים,1.00,"ק""ג",true,,15.90,15.9000,true,1,680
7290000000947,false,דלעת ספגטי,משתנה,IL,דלעת ספגטי,קילוגרמים,1.00,"ק""ג",true,,9.90,9.9000,true,1,683
7290000002217,false,מים מינרלים קטן,,,מים מינרלים קטן,יח',1.00,יח',false,,2.50,2.5000,true,1,23022
7290000002220,false,מים מינרלים גדול,,,מים מינרלים גדול,יח',1.00,יח',false,,2.50,2.5000,true,1,23023
7290000005999,false,שקית גופיה בודד,,,שקית גופיה בודד,00000000000000000יח',1.00,00000000000000000יח',false,,0.10,0.1000,true,1,3704
7290000006550,false,שקית גופיה יוחננוף,,,שקית גופיה יוחננוף,יח',1.00,יח',false,,0.10,0.1000,true,1,3705
7290000006888,false,שום יבש יחידה,משתנה,IL,שום יבש יחידה,יח',1.00,יח',false,,3.90,3.9000,true,1,686
7290000014050,false,לחמניה מאפית 3.9,,,לחמניה מאפית 3.9,יח,1.00,יח,false,,3.90,3.9000,true,1,59063
7290000014074,false,חלה מאפית,,,חלה מאפית,יח,1.00,יח,false,,10.90,10.9000,true,1,59064
7290000014081,false,מאפים במשקל,,,מאפים במשקל,קילוגרמים,1.00,"ק""ג",true,,42.00,42.0000,true,1,59065
7290000014098,false,בייגלה מאפית בטעמים,,,בייגלה מאפית בטעמים,יח,1.00,יח,false,,3.90,3.9000,true,1,59066
7290000014128,false,גבטה מאפית,,,גבטה מאפית,יח,1.00,יח,false,,3.90,3.9000,true,1,59068
7290000014265,false,מארז בייגלה 3 יח,,,מארז בייגלה 3 יח,יח,3.00,יח,false,,11.00,3.6667,true,1,59071
7290000014289,false,מאפים במשקל בשקית,,,מאפים במשקל בשקית,קילוגרמים,1.00,"ק""ג",true,,42.00,42.0000,true,1,59072
7290000014296,false,מאפים במשקל בקופסא,,,מאפים במשקל בקופסא,קילוגרמים,1.00,"ק""ג",true,,42.00,42.0000,true,1,59073
7290000014364,false,מארז גבטה 3 יח,,,מארז גבטה 3 יח,יח,3.00,יח,false,,11.00,3.6667,true,1,59074
7290000015255,false,חצי באגט 4 יח,,,חצי באגט 4 יח,יחידה,0.00,יחידה,false,,10.90,0.0000,true,1,59076
7290000015354,false,חליות 8 יח,,,חליות 8 יח,יח,8.00,יח,false,,13.90,1.7375,true,1,59077
7290000015521,false,דונטס א.ח נוכרי,,,דונטס א.ח נוכרי,יח,1.00,יח,false,,7.50,7.5000,true,1,59078
7290000023007,false,ברנדי שטוק 84,ברקן סגל,IL,שטוק,מיליליטרים,750.00,"100 מ""ל",false,,69.90,0.0932,true,1,33621
7290000023083,false,"עארק אשקלון 700 מ""ל",ברקן סגל,IL,ערק אשקלון,מיליליטרים,700.00,"100 מ""ל",false,,49.90,0.0713,true,1,33622
7290000023816,false,אמרלד ריזלינג קלאסיק,ברקן סגל,IL,קלאסיק,מיליליטרים,750.00,"100 מ""ל",false,,32.90,0.0439,true,1,33624
7290000023977,false,מרלו קלאסיק,ברקן סגל,IL,קלאסיק,מיליליטרים,750.00,"100 מ""ל",false,,32.90,0.0439,true,1,33626
7290000024202,false,יין רזרב קברנה,ברקן סגל,IL,ספיישל רזרב,מיליליטרים,750.00,"100 מ""ל",false,,39.90,0.0532,true,1,33627
7290000024523,false,מיץ ענבים תירוש סגל,ברקן סגל,IL,מיץ ענבים תירוש סגל,ליטרים,1.00,ליטר,false,,12.90,12.9000,true,1,37856
7290000024530,false,יין אדום מתוק לקידוש,ברקן סגל,IL,סגל,מיליליטרים,750.00,"100 מ""ל",false,,13.90,0.0185,true,1,33629
7290000024561,false,יין אסמבלאז' איתן 20,ברקן סגל,IL,יין אסמבלאז' איתן 20,מיליליטרים,750.00,"100 מ""ל",false,,54.90,0.0732,true,1,50181
7290000024851,false,חלת באגט,,,חלת באגט,יח',1.00,יח',false,,7.90,7.9000,true,1,63465
7290000024905,false,וודקה קגלביץ קלאסיקה,ברקן סגל,IL,קגלביץ,מיליליטרים,700.00,"100 מ""ל",false,,49.90,0.0713,true,1,33630
7290000031903,false,שווארמה עגל במשקל,יצור עצמי,IL,שווארמה פרגית,קילוגרמים,1.00,"ק""ג",true,,99.00,99.0000,true,1,62325
7290000034560,false,שקית גופיה יוחננוף,,,שקית גופיה יוחננוף,יח',1.00,יח',false,,0.10,0.1000,true,1,3706
7290000036144,false,קורפלור 200 גר גלעם,גלעם,IL,גלעם,גרמים,200.00,100 גרם,false,,3.50,0.0175,true,1,34976
7290000040035,false,פרגית עם עצם לתנור,משתנה,IL,פרגית לתנור גורמה,קילוגרמים,1.00,"ק""ג",true,,59.90,59.9000,true,1,24174
7290000040066,false,יופלה יוגורט דובדבן,תנובה,IL,יופלה,גרמים,150.00,100 גרם,false,,4.90,0.0327,true,1,34745
7290000040080,false,יופלה יוגורט אפרסק %,תנובה,IL,יופלה,גרמים,150.00,100 גרם,false,,4.90,0.0327,true,1,34746
7290000040301,false,קממבר עין גדי חפיסה,תנובה,IL,קולאז,גרמים,125.00,100 גרם,false,,17.90,0.1432,true,1,34747
7290000040318,false,ברי עדי חפיסה 24%  1,תנובה,IL,קולאז,גרמים,125.00,100 גרם,false,,18.90,0.1512,true,1,34748
7290000040974,false,חלב טרי דל לקטוז 1 ל,תנובה,IL,תנובה,ליטרים,1.00,ליטר,false,,6.90,6.9000,true,1,34750
7290000041407,false,גיל גביע 125 מל 3% ב,תנובה,IL,תנובה,מיליליטרים,125.00,"100 מ""ל",false,,0.94,0.0075,true,1,34751
7290000041452,false,קוטג תנובה גביע 250,תנובה,IL,תנובה,גרמים,250.00,100 גרם,false,,5.70,0.0228,true,1,37026
7290000041865,false,לבן 4.5% שומן- מהדרי,שטראוס גרופ,IL,יטבתה,גרמים,207.00,100 גרם,false,,2.00,0.0097,true,1,34421
7290000041872,false,לבן 3% שומן- מהדרין,שטראוס גרופ,IL,יטבתה,גרמים,206.00,100 גרם,false,,2.00,0.0097,true,1,34422
7290000042404,false,חלב שקית מהדרין 3% מ,שטראוס גרופ,IL,יטבתה,ליטרים,1.00,ליטר,false,,5.90,5.9000,true,1,34423
7290000042435,false,חלב תנובה טרי קרט+ פ,תנובה,IL,תנובה,ליטרים,1.00,ליטר,false,,5.86,5.8600,true,1,34759
7290000042640,false,חלב עמיד קרטון 250 מ,תנובה,IL,תנובה,מיליליטרים,250.00,"100 מ""ל",false,,2.70,0.0108,true,1,34763
7290000042855,false,שוקו יטבתה שקית,שטראוס גרופ,IL,יטבתה,מיליליטרים,225.00,"100 מ""ל",false,,2.70,0.0120,true,1,34424
7290000043012,false,שוק.שוקו עמיד 2% בקר,תנובה,IL,תנובה,מיליליטרים,250.00,"100 מ""ל",false,,4.90,0.0196,true,1,34765
7290000043814,false,שמנת להקצפה  38% 250,תנובה,IL,השף הלבן,מיליליטרים,250.00,"100 מ""ל",false,,6.47,0.0259,true,1,34768
7290000043890,false,רוויון קרטון 1 ליטר,תנובה,IL,רוויון,ליטרים,1.00,ליטר,false,,11.50,11.5000,true,1,34769
7290000044446,false,גבינת עמק 28%,תנובה,IL,עמק,קילוגרמים,1.00,"ק""ג",true,,41.30,41.3000,true,1,18789
7290000044712,false,פרילי תות גביע 500 ג,תנובה,IL,פרילי,גרמים,500.00,100 גרם,false,,10.50,0.0210,true,1,34772
7290000044880,false,באדי יוגורט תות גביע,תנובה,IL,באדי,גרמים,500.00,100 גרם,false,,9.00,0.0180,true,1,34774
7290000045283,false,לחמניות יאמיס 8 יח,,,לחמניות יאמיס 8 יח,יח,8.00,יח,false,,13.90,1.7375,true,1,61121
7290000045573,false,נעמה משולשים 200 גרם,תנובה,IL,נעמה,גרמים,200.00,100 גרם,false,,14.90,0.0745,true,1,34775
7290000045580,false,נעמה חורש משולשים 24,תנובה,IL,חורש,גרמים,240.00,100 גרם,false,,17.50,0.0729,true,1,34776
7290000045917,false,פרומעז גבינת עזים גל,תנובה,IL,קולאז,גרמים,200.00,100 גרם,false,,25.90,0.1295,true,1,34778
7290000046006,false,גבינת עמק 28%.,תנובה,IL,עמק,קילוגרמים,1.00,"ק""ג",true,,44.79,44.7900,true,1,18798
7290000046020,false,גבינה גלבוע חריץ %22,תנובה,IL,גלבוע,קילוגרמים,1.00,"ק""ג",true,,42.58,42.5800,true,1,45389
7290000046327,false,גלבוע פרוס 200 גרם %,תנובה,IL,גלבוע,גרמים,200.00,100 גרם,false,,12.90,0.0645,true,1,34780
7290000046563,false,קולאז פרמזן 23%,תנובה,IL,קולאז,קילוגרמים,1.00,"ק""ג",true,,110.00,110.0000,true,1,18807
7290000046662,false,סקנדינבי 31%,תנובה,IL,עמק,קילוגרמים,1.00,"ק""ג",true,,79.00,79.0000,true,1,18808
7290000047027,false,קולאז קשקבל 27%,תנובה,IL,קולאז,קילוגרמים,1.00,"ק""ג",true,,119.00,119.0000,true,1,18809
7290000047485,false,בולגרית 24%,תנובה,IL,פיראוס,קילוגרמים,1.00,"ק""ג",true,,59.00,59.0000,true,1,45391
7290000047546,false,כנען גבינה לבנה 5% 5,תנובה,IL,השף הלבן,גרמים,500.00,100 גרם,false,,23.90,0.0478,true,1,34783
7290000047942,false,גבינה לבנה  9% 250 ג,תנובה,IL,תנובה,גרמים,250.00,100 גרם,false,,4.75,0.0190,true,1,34785
7290000048185,false,גבינה לבנה  5% 250 ג,תנובה,IL,תנובה,גרמים,250.00,100 גרם,false,,4.98,0.0199,true,1,34786
7290000048192,false,גבינה לבנה  9% 250 ג,תנובה,IL,תנובה,גרמים,250.00,100 גרם,false,,4.75,0.0190,true,1,34787
7290000048413,false,פיראוס חמד שקית 250,תנובה,IL,פיראוס,גרמים,250.00,100 גרם,false,,18.50,0.0740,true,1,34789
7290000048437,false,פיראוס צפתית גביע 20,תנובה,IL,פיראוס,גרמים,200.00,100 גרם,false,,14.90,0.0745,true,1,34790
7290000049458,false,פיראוס פטה עזים 16%,תנובה,IL,פיראוס,גרמים,250.00,100 גרם,false,,28.50,0.1140,true,1,34792
7290000050447,false,יופלה תות 3% גביע 50,תנובה,IL,יופלה,גרמים,500.00,100 גרם,false,,12.90,0.0258,true,1,34795
7290000050454,false,יופלה אפרסק 3% גביע,תנובה,IL,יופלה,גרמים,500.00,100 גרם,false,,12.90,0.0258,true,1,34796
7290000051307,false,הפסקת אוכל דגני עוגי,תנובה,IL,תנובה,קילוגרמים,1.00,"ק""ג",false,,9.50,9.5000,true,1,34798
7290000051352,false,חלב מלא בטעם של פעם,תנובה,IL,תנובה,ליטרים,1.00,ליטר,false,,7.40,7.4000,true,1,34799
7290000051710,false,פיראוס לאבנה9% עם שמ,תנובה,IL,פיראוס,גרמים,263.00,100 גרם,false,,13.90,0.0529,true,1,34801
7290000052311,false,עמק לייט פרוס 200 גר,תנובה,IL,תנובה,גרמים,200.00,100 גרם,false,,15.90,0.0795,true,1,34807
7290000052649,false,פיראוס לאבנה 5% גביע,תנובה,IL,פיראוס,גרמים,500.00,100 גרם,false,,19.90,0.0398,true,1,34808
7290000052946,false,מאגדת 8*150גרם גביעי,תנובה,IL,יופלה,קילוגרמים,1.20,"ק""ג",false,,19.90,16.5833,true,1,34810
7290000053219,false,טל העמק 32%,תנובה,IL,עמק,קילוגרמים,1.00,"ק""ג",true,,58.00,58.0000,true,1,48634
7290000054285,false,שעועית ירוקה ברוטב,,,שעועית ירוקה ברוטב,קילוגרמים,1.00,"ק""ג",true,,45.00,45.0000,true,1,284
7290000055015,false,פיראוס פטה כבשים 5%,תנובה,IL,פיראוס,גרמים,250.00,100 גרם,false,,26.90,0.1076,true,1,34816
7290000055329,false,יופלה משקה יוגורט תו,תנובה,IL,יופלה,גרמים,250.00,100 גרם,false,,5.30,0.0212,true,1,34818
7290000055336,false,יופלה משקה יוגורט בנ,תנובה,IL,יופלה,גרמים,250.00,100 גרם,false,,5.40,0.0216,true,1,34819
7290000055343,false,יופלה משקה יוגורט טר,תנובה,IL,יופלה,גרמים,250.00,100 גרם,false,,5.30,0.0212,true,1,34820
7290000055350,false,גבינת עמק 28%,תנובה,IL,עמק,קילוגרמים,1.00,"ק""ג",true,,41.30,41.3000,true,1,18862
7290000055893,false,חמאה משמנת מפוסטרת 2,תנובה,IL,תנובה,גרמים,200.00,100 גרם,false,,7.80,0.0390,true,1,37041
7290000056753,false,עמק 28% 200גר פרוס ב,תנובה,IL,תנובה,גרמים,200.00,100 גרם,false,,15.90,0.0795,true,1,34824
7290000056845,false,חלב טרי 1.5 ליטר 3%,תנובה,IL,תנובה,ליטרים,1.50,ליטר,false,,9.34,6.2267,true,1,34825
7290000056890,false,מאג 8*150ג דיאט יופל,תנובה,IL,יופלה,ליטרים,1.20,ליטר,false,,29.90,24.9167,true,1,34827
7290000056906,false,מאג 8*150ג יופלה לבן,תנובה,IL,יופלה,ליטרים,1.20,ליטר,false,,17.50,14.5833,true,1,34828
7290000056951,false,שמנת לבישול 15% 500,תנובה,IL,השף הלבן,מיליליטרים,500.00,"100 מ""ל",false,,15.90,0.0318,true,1,34829
7290000057088,false,עמק פרוס דק דק 200 ג,תנובה,IL,תנובה,גרמים,200.00,100 גרם,false,,15.90,0.0795,true,1,34831
7290000057118,false,עמק פרוס סמי מעדנייה,תנובה,IL,תנובה,גרמים,400.00,100 גרם,false,,20.90,0.0522,true,1,34832
7290000057132,false,יוגורט תנובה טבעי 1.,תנובה,IL,תנובה,גרמים,200.00,100 גרם,false,,3.20,0.0160,true,1,34833
7290000057149,false,יוגורט תנובה טבעי 3%,תנובה,IL,תנובה,גרמים,200.00,100 גרם,false,,3.20,0.0160,true,1,34834
7290000057453,false,"עמק בד""צ 28%.",תנובה,IL,תנובה,קילוגרמים,1.00,"ק""ג",true,,44.79,44.7900,true,1,18894
7290000057477,false,חלב טרי 1.5 ליטר 3%,תנובה,IL,תנובה,ליטרים,1.50,ליטר,false,,9.34,6.2267,true,1,34835
7290000057552,false,יופלה דיאט עוגת גבינ,תנובה,IL,יופלה,גרמים,150.00,100 גרם,false,,4.90,0.0327,true,1,34836
7290000058030,false,יופלה משקה יוגורט תו,תנובה,IL,יופלה,מיליליטרים,800.00,"100 מ""ל",false,,20.50,0.0256,true,1,34837
7290000058047,false,שמנת להקצפה 38% 500,תנובה,IL,השף הלבן,מיליליטרים,500.00,"100 מ""ל",false,,12.90,0.0258,true,1,37047
7290000058467,false,רול שווארמה,,,רול שווארמה,קילוגרמים,1.00,"ק""ג",true,,69.00,69.0000,true,1,11606
7290000058979,false,גיל בטעם תות 3% 125,תנובה,IL,תנובה,גרמים,125.00,100 גרם,false,,1.40,0.0112,true,1,37051
7290000059624,false,חזה בריסקט מעושן,,,חזה בריסקט מעושן,קילוגרמים,1.00,"ק""ג",true,,119.90,119.9000,true,1,62710
7290000060071,false,אסם חטיפי פריכונים ט,פרח תעשיות,IL,אסם,גרמים,80.00,100 גרם,false,,7.90,0.0988,true,1,32475
7290000060088,false,בייגלה מקלות מלוחים,אסם,IL,אסם,גרמים,400.00,100 גרם,false,,9.90,0.0248,true,1,32476
7290000060163,false,אטריות דקות 400 גרם,אסם,IL,אסם,גרמים,400.00,100 גרם,false,,6.90,0.0173,true,1,32478
7290000060200,false,פתיתים אפויים קוסקוס,אסם,IL,אסם,גרמים,500.00,100 גרם,false,,6.90,0.0138,true,1,32479
7290000060217,false,מקרוני 500 גרם,זארה,IT,אסם,גרמים,500.00,100 גרם,false,,5.70,0.0114,true,1,32480
7290000060316,false,פרפקטו ספגטי 3 500 ג,זארה,IT,פרפקטו,גרמים,500.00,100 גרם,false,,7.50,0.0150,true,1,32482
7290000060330,false,פרפקטו ספירלי 500 גר,זארה,IT,פרפקטו,גרמים,500.00,100 גרם,false,,7.50,0.0150,true,1,32484
7290000060408,false,פתיתים אפויים טבעות,אסם,IL,אסם,גרמים,500.00,100 גרם,false,,6.90,0.0138,true,1,32485
7290000060415,false,פרפקטו לזאניה 500 גר,פסטה לנסי,IT,פרפקטו,גרמים,500.00,100 גרם,false,,13.90,0.0278,true,1,32486
7290000060781,false,פסטה מסולסלים 500 גר,זארה,IT,אסם,גרמים,500.00,100 גרם,false,,5.70,0.0114,true,1,32490
7290000060828,false,פסטה קרניים בינוניות,זארה,IT,אסם,גרמים,500.00,100 גרם,false,,5.70,0.0114,true,1,32491
7290000060842,false,פסטה צדפים גדולים 50,זארה,IT,אסם,גרמים,500.00,100 גרם,false,,5.70,0.0114,true,1,32492
7290000060880,false,ספגטי 500 גרם,זארה,IT,אסם,גרמים,500.00,100 גרם,false,,5.70,0.0114,true,1,32494
7290000060903,false,פתיתים אורז 500 גרם,אסם,IL,אסם,גרמים,500.00,100 גרם,false,,6.90,0.0138,true,1,32495
7290000060958,false,אטריות בינוניות 400,אסם,IL,אסם,גרמים,400.00,100 גרם,false,,6.90,0.0173,true,1,32496
7290000060965,false,אטריות רחבות 400 גרם,אסם,IL,אסם,גרמים,400.00,100 גרם,false,,6.90,0.0173,true,1,32497
7290000061085,false,רוטב צ'ילי מתוק 290,אסם,IL,אסם,מיליליטרים,290.00,"100 מ""ל",false,,9.90,0.0341,true,1,32500
7290000061108,false,רוטב טריאקי 290 מל',אסם,IL,אסם,מיליליטרים,290.00,"100 מ""ל",false,,9.90,0.0341,true,1,32501
7290000061214,false,פתיתים קוסקוס עם בצל,אסם,IL,אסם,גרמים,500.00,100 גרם,false,,6.90,0.0138,true,1,32502
7290000061764,false,נס קפה רד מאג 200 גר,נסטלה ספרד קפה,ES,NESCAFE,גרמים,200.00,100 גרם,false,,19.90,0.0995,true,1,32505
7290000061771,false,רד מאג 50 גרם,נסטלה ספרד קפה,ES,NESCAFE,גרמים,50.00,100 גרם,false,,5.90,0.1180,true,1,32506
7290000062129,false,אסם פודינג אינסטנט ו,אסם,IL,אסם,קילוגרמים,1.00,"ק""ג",false,,24.90,24.9000,true,1,32507
7290000062952,false,מיני קרוטונים למרק ו,עינת תעשיות מזון אגו,IL,אסם,גרמים,250.00,100 גרם,false,,14.90,0.0596,true,1,32510
7290000063102,false,קמח עוגה תופח מאליו,אסם,IL,אסם,גרמים,350.00,100 גרם,false,,4.90,0.0140,true,1,32513
7290000063140,false,שקדי מרק רכיבים טבעי,אסם,IL,אסם,גרמים,400.00,100 גרם,false,,9.90,0.0248,true,1,32515
7290000063157,false,קמח עוגה תופח מאליו,אסם,IL,אסם,קילוגרמים,1.00,"ק""ג",false,,9.90,9.9000,true,1,32516
7290000064758,false,קוסקוס אמיתי 350 גרם,קוסקוס,IL,אסם,גרמים,350.00,100 גרם,false,,7.50,0.0214,true,1,32522
7290000064871,false,"מנה חמה פירה תפו""א ו",אסם,IL,מנה חמה,גרמים,87.00,100 גרם,false,,5.90,0.0678,true,1,32523
7290000065090,false,מיני קרוטונים למרק ו,עינת תעשיות מזון אגו,IL,אסם,גרמים,400.00,100 גרם,false,,22.90,0.0572,true,1,32524
7290000065557,false,מנה חמה קוסקוס רכיבי,אסם,IL,מנה חמה,גרמים,84.00,100 גרם,false,,5.90,0.0702,true,1,32527
7290000065977,false,אסם חטיפי פריכונים ת,פרח תעשיות,IL,אסם,גרמים,80.00,100 גרם,false,,7.90,0.0988,true,1,32532
7290000066141,false,ביסלי גריל 70 גרם,אסם,IL,ביסלי,גרמים,70.00,100 גרם,false,,4.30,0.0614,true,1,32534
7290000066196,false,ביסלי גריל 200 גרם,אסם,IL,ביסלי,גרמים,200.00,100 גרם,false,,7.90,0.0395,true,1,32539
7290000066295,false,במבה מתוקה מחומרים ט,אסם,IL,במבה,גרמים,30.00,100 גרם,false,,2.90,0.0967,true,1,32544
7290000066318,false,במבה קלאסי 80 גרם,אסם,IL,במבה,גרמים,80.00,100 גרם,false,,4.30,0.0537,true,1,32545
7290000066332,false,אפרופו 50 גרם,אסם,IL,אפרופו,גרמים,50.00,100 גרם,false,,4.50,0.0900,true,1,32546
7290000066349,false,אפרופו 100 גרם,אסם,IL,אפרופו,גרמים,100.00,100 גרם,false,,8.90,0.0890,true,1,32547
7290000066431,false,פופקו חמאה ודבש 80 ג,אסם,IL,פופקו,גרמים,80.00,100 גרם,false,,5.00,0.0625,true,1,32548
7290000067544,false,פירורית פירורי לחם ז,עינת תעשיות מזון אגו,IL,אסם,גרמים,200.00,100 גרם,false,,6.50,0.0325,true,1,32554
7290000067599,false,מנה חמה ספגטי בולונז,אסם,IL,מנה חמה,גרמים,55.00,100 גרם,false,,5.90,0.1073,true,1,32556
7290000068138,false,אינסטנט פודינג וניל,אסם,IL,אסם,גרמים,80.00,100 גרם,false,,5.50,0.0688,true,1,32561
7290000068190,false,ג'לי תות שדה צבעים ט,אסם,IL,אסם,גרמים,85.00,100 גרם,false,,6.50,0.0765,true,1,32564
7290000068206,false,ג'לי משמש צבעים טבעי,אסם,IL,אסם,גרמים,85.00,100 גרם,false,,6.50,0.0765,true,1,32565
7290000068237,false,ג'לי פטל צבעים טבעיי,אסם,IL,אסם,גרמים,85.00,100 גרם,false,,6.50,0.0765,true,1,32566
7290000068343,false,פריכונים מאורז מלא 1,פרח תעשיות,IL,אסם,גרמים,140.00,100 גרם,false,,7.90,0.0564,true,1,32570
7290000068770,false,במבה יום הולדת 80 גר,אסם,IL,במבה,גרמים,80.00,100 גרם,false,,4.30,0.0537,true,1,32572
7290000068787,false,במבה יום הולדת 25 גר,אסם,IL,במבה,גרמים,25.00,100 גרם,false,,2.30,0.0920,true,1,32573
7290000069258,false,פרפקטו פנה ריגאטה 50,זארה,IT,פרפקטו,גרמים,500.00,100 גרם,false,,7.50,0.0150,true,1,32575
7290000069364,false,אסם פריכונים עגול או,פרח תעשיות,IL,אסם,גרמים,140.00,100 גרם,false,,7.90,0.0564,true,1,32576
7290000069609,false,חטיפי קרקר זעתר 300,אסם,IL,אסם,גרמים,300.00,100 גרם,false,,11.90,0.0397,true,1,32578
7290000069715,false,חטיפי קרקר מלוח 300,אסם,IL,אסם,גרמים,300.00,100 גרם,false,,11.90,0.0397,true,1,32580
7290000070308,false,מרק עוף אמיתי 400 גר,אסם,IL,אסם,גרמים,400.00,100 גרם,false,,16.90,0.0422,true,1,32584
7290000070322,false,אבקת מרק פטריות רכיב,אסם,IL,אסם,גרמים,400.00,100 גרם,false,,23.90,0.0597,true,1,32585
7290000070919,false,בייגלה רשתות מלח 400,אסם,IL,אסם,גרמים,400.00,100 גרם,false,,11.90,0.0298,true,1,32588
7290000071008,false,בייגלה שטוחים מלח 60,אסם,IL,אסם,גרמים,60.00,100 גרם,false,,3.20,0.0533,true,1,32589
7290000072067,false,במבה במילוי קרם חלבה,אסם,IL,במבה,גרמים,60.00,100 גרם,false,,4.90,0.0817,true,1,32590
7290000072241,false,רוטב פיצה 290 מל,אסם,IL,אסם,מיליליטרים,290.00,"100 מ""ל",false,,9.90,0.0341,true,1,32593
7290000072623,false,קטשופ אסם 750 גרם,אסם,IL,אסם,גרמים,750.00,100 גרם,false,,9.90,0.0132,true,1,32595
7290000072753,false,טסטר צויס 200 גר',נסטלה קוריאה - קפה,KR,TASTER'S CHOICE,גרמים,200.00,100 גרם,false,,29.90,0.1495,true,1,32598
7290000072777,false,טסטרס צויס נטול קופא,,,טסטרס צויס נטול קופאין 20,גרמים,200.00,100 גרם,false,,35.90,0.1795,true,1,32599
7290000072968,false,סיני מיניס 500 גרם,נסטלה פולין דגני בוק,PL,CINI-MINIS,גרמים,500.00,100 גרם,false,,19.90,0.0398,true,1,32602
7290000073125,false,מ.חמה פסטה עם עגב חר,אסם,IL,מנה חמה,גרמים,62.00,100 גרם,false,,5.90,0.0952,true,1,32603
7290000073415,false,מ.חמה פסטה ברוטב פיצ,אסם,IL,מנה חמה,גרמים,61.00,100 גרם,false,,5.90,0.0967,true,1,32604
7290000073750,false,מ.חמה נודלס טעם עוף,טאי רזידנט,TH,מנה חמה,גרמים,70.00,100 גרם,false,,5.90,0.0843,true,1,32605
7290000073767,false,מ.חמה נודלס טעם בקר,טאי רזידנט,TH,מנה חמה,גרמים,76.00,100 גרם,false,,5.90,0.0776,true,1,32606
7290000073774,false,מ.חמה נודלס טעם צילי,טאי רזידנט,TH,מנה חמה,גרמים,70.00,100 גרם,false,,5.90,0.0843,true,1,32607
7290000074153,false,פתי בר שוקו 500 גרם,אסם,IL,אסם,גרמים,500.00,100 גרם,false,,9.90,0.0198,true,1,32609
7290000074184,false,פתי בר 500 גרם,אסם,IL,אסם,גרמים,500.00,100 גרם,false,,9.90,0.0198,true,1,32610
7290000074245,false,קרם קרקר 250 גרם,אסם,IL,אסם,גרמים,250.00,100 גרם,false,,9.90,0.0396,true,1,32611
7290000074276,false,קרקר קלאסי 250 גרם,אסם,IL,אסם,גרמים,250.00,100 גרם,false,,9.90,0.0396,true,1,32613
7290000074375,false,קרקר זהב 150 גרם,אסם,IL,אסם,גרמים,150.00,100 גרם,false,,7.50,0.0500,true,1,32616
7290000074481,false,לחמית אגוזים 160 גרם,אסם,IL,לחמית,גרמים,160.00,100 גרם,false,,9.90,0.0619,true,1,32617
7290000074696,false,קרם קרקר 1קג,אסם,IL,אסם,קילוגרמים,1.00,"ק""ג",false,,22.90,22.9000,true,1,32618
7290000075204,false,לחמית חיטה מלאה 250,אסם,IL,לחמית,גרמים,250.00,100 גרם,false,,8.90,0.0356,true,1,32625
7290000075693,false,עוגת הבית שמרים בריו,אסם,IL,הבית,גרמים,350.00,100 גרם,false,,15.90,0.0454,true,1,32626
7290000076126,false,בייגלה שמיניות קטנות,אסם,IL,אסם,גרמים,80.00,100 גרם,false,,3.20,0.0400,true,1,32627
7290000076133,false,בייגלה שמיניות קטנות,אסם,IL,אסם,גרמים,400.00,100 גרם,false,,9.90,0.0248,true,1,32628
7290000076645,false,אסם טוסטעים חיטה מלא,ון-דר-מולן,NL,אסם,גרמים,100.00,100 גרם,false,,10.90,0.1090,true,1,32630
7290000077253,false,לחמית כפרית 190 גרם,אסם,IL,לחמית,גרמים,190.00,100 גרם,false,,9.90,0.0521,true,1,32632
7290000078212,false,קרוטונים מתובלים 250,עינת תעשיות מזון אגו,IL,אסם,גרמים,250.00,100 גרם,false,,13.90,0.0556,true,1,32634
7290000078762,false,חטיפי פריכונים אורז,הרטו בלגיה,BE,אסם,גרמים,80.00,100 גרם,false,,7.90,0.0988,true,1,32635
7290000079233,false,קרם קרקר דל נתרן 250,אסם,IL,אסם,גרמים,250.00,100 גרם,false,,9.90,0.0396,true,1,32636
7290000080758,false,אסם טוסטעים 14*100גר,ון-דר-מולן,NL,אסם,גרמים,100.00,100 גרם,false,,10.90,0.1090,true,1,32641
7290000080765,false,אסם טוסטעים עם שומשו,ון-דר-מולן,NL,אסם,גרמים,100.00,100 גרם,false,,10.90,0.1090,true,1,32642
7290000081663,false,בייגלה טבעות שומשום,אסם,IL,אסם,גרמים,300.00,100 גרם,false,,9.90,0.0330,true,1,32644
7290000089188,false,פומפידיתא יין אדום מ,אליעז בנימינה,IL,בנימינה,ליטרים,1.00,ליטר,false,,17.90,17.9000,true,1,34249
7290000100128,false,תות מוקפא 300 גרם,"סנפרוסט בע""מ",IL,סנפרוסט,גרמים,300.00,100 גרם,false,,12.90,0.0430,true,1,37474
7290000100135,false,דובדבן מוקפא 300 גרם,"סנפרוסט בע""מ",IL,סנפרוסט,גרמים,300.00,100 גרם,false,,12.90,0.0430,true,1,37475
7290000100593,false,פרוסות אנטיפסטי לתנו,"סנפרוסט בע""מ",IL,סנפרוסט,גרמים,600.00,100 גרם,false,,22.90,0.0382,true,1,53334
7290000101114,false,תרומה לבית אלמוג שיל,,,תרומה לבית אלמוג שיל,יח',1.00,יח',false,,10.00,10.0000,true,1,23053
7290000101132,false,לקט לחמין 800 גרם,"סנפרוסט בע""מ",IL,סנפרוסט,גרמים,800.00,100 גרם,false,,21.90,0.0274,true,1,35310
7290000101934,false,מיקס פירות יער מוקפא,"סנפרוסט בע""מ",IL,סנפרוסט,גרמים,300.00,100 גרם,false,,12.90,0.0430,true,1,35314
7290000101941,false,אננס מוקפא 300 גרם,"סנפרוסט בע""מ",IL,סנפרוסט,גרמים,300.00,100 גרם,false,,12.90,0.0430,true,1,35315
7290000101958,false,מנגו מוקפא 300 גרם,"סנפרוסט בע""מ",IL,סנפרוסט,גרמים,300.00,100 גרם,false,,12.90,0.0430,true,1,35316
7290000103365,false,מרק ירקות סנפרוסט 55,"סנפרוסט בע""מ",IL,סנפרוסט,גרמים,550.00,100 גרם,false,,16.90,0.0307,true,1,37476
7290000103433,false,*מבצע* לקט ירקות לתנ,"סנפרוסט בע""מ",IL,סנפרוסט,גרמים,800.00,100 גרם,false,,16.90,0.0211,true,1,35319
7290000103730,false,לקט להקפצה עם פסטה,"סנפרוסט בע""מ",IL,סנפרוסט,גרמים,800.00,100 גרם,false,,22.90,0.0286,true,1,35323
7290000103815,false,לקט להקפצה בסגנון,"סנפרוסט בע""מ",IL,סנפרוסט,גרמים,800.00,100 גרם,false,,22.90,0.0286,true,1,35326
7290000103839,false,מרק כתום סנפרוסט  57,"סנפרוסט בע""מ",IL,סנפרוסט,גרמים,570.00,100 גרם,false,,16.90,0.0296,true,1,35328
7290000103846,false,מרק אפונה סנפרוסט 57,"סנפרוסט בע""מ",IL,סנפרוסט,גרמים,570.00,100 גרם,false,,16.90,0.0296,true,1,37483
7290000103877,false,מרק שעועית סנפרוסט 6,"סנפרוסט בע""מ",IL,סנפרוסט,גרמים,640.00,100 גרם,false,,16.90,0.0264,true,1,35329
7290000104072,false,עדשים ירוקות סנפרוסט,"סנפרוסט בע""מ",IL,סנפרוסט,גרמים,800.00,100 גרם,false,,19.90,0.0249,true,1,35330
7290000104188,false,שעועית אדומה סנפרוסט,"סנפרוסט בע""מ",IL,סנפרוסט,גרמים,800.00,100 גרם,false,,18.90,0.0236,true,1,37485
7290000104201,false,אפונה עדינה סנפרוסט,"סנפרוסט בע""מ",IL,סנפרוסט,גרמים,600.00,100 גרם,false,,16.90,0.0282,true,1,35331
7290000104218,false,במיה קפואה סנפרוסט,"סנפרוסט בע""מ",IL,סנפרוסט,גרמים,600.00,100 גרם,false,,15.90,0.0265,true,1,35332
7290000104676,false,אפונה סנפרוסט,"סנפרוסט בע""מ",IL,סנפרוסט,גרמים,800.00,100 גרם,false,,14.90,0.0186,true,1,35335
7290000104683,false,שעועית שלמה סנפרוסט,"סנפרוסט בע""מ",IL,סנפרוסט,גרמים,800.00,100 גרם,false,,19.90,0.0249,true,1,35336
7290000104713,false,*מבצע* פול ירוק 800,"סנפרוסט בע""מ",IL,סנפרוסט,גרמים,800.00,100 גרם,false,,20.90,0.0261,true,1,35339
7290000104720,false,שעועית ירוקה חתוכה ס,"סנפרוסט בע""מ",IL,סנפרוסט,גרמים,800.00,100 גרם,false,,17.90,0.0224,true,1,35340
7290000104744,false,כרובית סנפרוסט,"סנפרוסט בע""מ",IL,סנפרוסט,גרמים,800.00,100 גרם,false,,23.90,0.0299,true,1,35342
7290000104775,false,תרד מדליונים,"סנפרוסט בע""מ",IL,סנפרוסט,גרמים,800.00,100 גרם,false,,23.90,0.0299,true,1,35345
7290000104799,false,*מבצע* שעועית לבנה ס,"סנפרוסט בע""מ",IL,סנפרוסט,גרמים,800.00,100 גרם,false,,14.90,0.0186,true,1,35346
7290000104805,false,גרגירי חומוס,"סנפרוסט בע""מ",IL,סנפרוסט,גרמים,800.00,100 גרם,false,,18.90,0.0236,true,1,35347
7290000104829,false,תירס קלחונים,"סנפרוסט בע""מ",IL,סנפרוסט,קילוגרמים,1.00,"ק""ג",false,,19.90,19.9000,true,1,35348
7290000104836,false,שעועית עדינה ירוקה,"סנפרוסט בע""מ",IL,סנפרוסט,גרמים,600.00,100 גרם,false,,19.90,0.0332,true,1,35349
7290000104874,false,*מבצע* לקט לקוסקוס,"סנפרוסט בע""מ",IL,סנפרוסט,גרמים,800.00,100 גרם,false,,16.90,0.0211,true,1,35350
7290000104911,false,*מבצע* לקט נורמנדי 8,"סנפרוסט בע""מ",IL,סנפרוסט,גרמים,800.00,100 גרם,false,,16.90,0.0211,true,1,35353
7290000105307,false,סנדוויץ רוסטיק 4 יח',,,סנדוויץ רוסטיק 4 יח',יח',4.00,יח',false,,13.90,3.4750,true,1,66960
7290000107189,false,תחתיות ארטישוק 400 ג,"סנפרוסט בע""מ",IL,סנפרוסט,גרמים,400.00,100 גרם,false,,20.90,0.0522,true,1,35355
7290000107295,false,ברוקולי תפרחת 800 גר,"סנפרוסט בע""מ",IL,סנפרוסט,גרמים,800.00,100 גרם,false,,24.90,0.0311,true,1,35356
7290000107622,false,פסטה וירקות סנפרוסט,"סנפרוסט בע""מ",IL,סנפרוסט,גרמים,800.00,100 גרם,false,,22.90,0.0286,true,1,50453
7290000110844,false,כיפלי גריל,אתר שפע - Food,IL,TELMA,גרמים,70.00,100 גרם,false,,4.90,0.0700,true,1,17957
7290000111063,false,מיונז תלמה 250גר' 12,אתר חיפה ממרחים - Fo,IL,TELMA,גרמים,250.00,100 גרם,false,,6.70,0.0268,true,1,17959
7290000111186,false,מיונז תלמה 500גר ***,אתר חיפה ממרחים - Fo,IL,TELMA,גרמים,500.00,100 גרם,false,,8.90,0.0178,true,1,17962
7290000111224,false,פאל מאל כחול בודד,BAT,TR,פאל מאל,יח',20.00,יח',false,,29.60,1.4800,true,1,50475
7290000111225,false,פאל מאל אדום בודד,BAT,TR,פאל מאל,יח',20.00,יח',false,,29.60,1.4800,true,1,50476
7290000111226,false,פאל מאל אדום ארוך בו,BAT,TR,פאל מאל,יח',20.00,יח',false,,29.60,1.4800,true,1,50477
7290000111227,false,פאל מאל ס.ס כחול בוד,BAT,TR,פאל מאל,יח',20.00,יח',false,,29.60,1.4800,true,1,50478
7290000111228,false,פאל מאל כח ארוך סטרי,BAT,TR,פאל מאל,יח',20.00,יח',false,,29.60,1.4800,true,1,50479
7290000111229,false,נקסט אורגינל בודד,פיליפ מוריס,TR,NEXT,יח',20.00,יח',false,,29.60,1.4800,true,1,50480
7290000111230,false,נקסט פיין טייסט בודד,פיליפ מוריס,TR,NEXT,יח',20.00,יח',false,,29.60,1.4800,true,1,50481
7290000111231,false,נקסט פיין טייסט 100,פיליפ מוריס,TR,NEXT,יח',20.00,יח',false,,29.60,1.4800,true,1,50482
7290000111235,false,מרלבורו גולד קצר בוד,פיליפ מוריס,TR,Marlboro,יח',20.00,יח',false,,35.10,1.7550,true,1,50486
7290000111236,false,מרלבורו רד קצר בודד,פיליפ מוריס,TR,Marlboro,יח',20.00,יח',false,,35.10,1.7550,true,1,50487
7290000111237,false,מרלבורו גולד קצר סופ,פיליפ מוריס,TR,Marlboro,יח',20.00,יח',false,,32.90,1.6450,true,1,50488
7290000111239,false,מרלבורו גולד 100 בוד,פיליפ מוריס,TR,Marlboro,יח',20.00,יח',false,,35.10,1.7550,true,1,50490
7290000111241,false,וינסטון כחול בודד,JTI,CH,winston,יח',20.00,יח',false,,32.90,1.6450,true,1,50493
7290000111243,false,וינסטון אקווה בודד,JTI,CH,winston,יח',20.00,יח',false,,30.70,1.5350,true,1,50495
7290000111244,false,וינסטון קוד בודד,JTI,CH,winston,יח',20.00,יח',false,,30.70,1.5350,true,1,50496
7290000111246,false,ל.מ בלו קצר,פיליפ מוריס,TR,l&m,יח',20.00,יח',false,,30.70,1.5350,true,1,50498
7290000111248,false,ל.מ בלו ארוך בודד,פיליפ מוריס,TR,l&m,יח',20.00,יח',false,,30.70,1.5350,true,1,50500
7290000111250,false,פרלמנט קצר בלו בודד,פיליפ מוריס,TR,Parliament,יח',20.00,יח',false,,40.60,2.0300,true,1,50502
7290000111253,false,פרלמנט 100 בודד,פיליפ מוריס,TR,Parliament,יח',20.00,יח',false,,40.60,2.0300,true,1,50505
7290000111256,false,פאל מאל כחול ארוך,BAT,TR,פאל מאל,יח',20.00,יח',false,,29.60,1.4800,true,1,50492
7290000111257,false,קנט קצר בודד,BAT,TR,kent,יח',20.00,יח',false,,37.30,1.8650,true,1,50507
7290000111258,false,קנט ארוך בודד,BAT,TR,kent,יח',20.00,יח',false,,37.30,1.8650,true,1,50508
7290000111259,false,סיגריות טיים בודד,דובק,IL,time,יח',20.00,יח',false,,29.60,1.4800,true,1,50509
7290000111262,false,סיגריות כאמל בודד,JTI,CH,כאמל,יח',20.00,יח',false,,30.70,1.5350,true,1,50511
7290000111265,false,גולף ארוך בודד,דובק,IL,גולף,יח',20.00,יח',false,,30.70,1.5350,true,1,50514
7290000111268,false,סיגריות נובלס בודד,דובק,IL,נובלס,יח',20.00,יח',false,,29.60,1.4800,true,1,50517
7290000111270,false,רוטמנס כחול בודד,JTI,TR,רוטמנס,יח',20.00,יח',false,,27.50,1.3750,true,1,50519
7290000111271,false,אל די כחול בודד,JTI,TR,אל די,יח',20.00,יח',false,,27.50,1.3750,true,1,50520
7290000111279,false,"מרלבורו טאץ' 5 מ""ג",פיליפ מוריס,TR,Marlboro,גרמים,5.00,100 גרם,false,,30.70,6.1400,true,1,50527
7290000111296,false,ל.מ וייב סלימס,פיליפ מוריס,TR,l&m,יח',20.00,יח',false,,30.70,1.5350,true,1,27585
7290000111353,false,מיונז 1קג ***,אתר חיפה ממרחים - Fo,IL,TELMA,קילוגרמים,1.00,"ק""ג",false,,16.90,16.9000,true,1,17963
7290000111360,false,חרדל תלמה 250גר' 12X,אתר חיפה ממרחים - Fo,IL,TELMA,גרמים,250.00,100 גרם,false,,6.50,0.0260,true,1,17964
7290000111384,false,חרדל תלמה 550גר' 12X,אתר חיפה ממרחים - Fo,IL,TELMA,גרמים,550.00,100 גרם,false,,7.90,0.0144,true,1,17965
7290000112220,false,טחינה בארכה 500 גרם,,,טחינה בארכה 500 גרם,גרמים,500.00,100 גרם,false,,13.90,0.0278,true,1,32645
7290000112237,false,"טחינה בארכה 1 ק""ג",,,"טחינה שומשום 1 ק""ג",קילוגרמים,1.00,"ק""ג",false,,19.90,19.9000,true,1,32646
7290000112497,false,מרק עשיר עוף עם אטרי,אתר חיפה אבקות - Foo,IL,KNORR,גרמים,68.00,100 גרם,false,,10.90,0.1603,true,1,17969
7290000112619,false,*מבצע* קנור עוף אמית,אתר חיפה אבקות - Foo,IL,KNORR,גרמים,400.00,100 גרם,false,,16.90,0.0422,true,1,17972
7290000116204,false,"*מבצע* דגש ט.עוף בד""",אתר חיפה אבקות - Foo,IL,KNORR,קילוגרמים,1.00,"ק""ג",false,,14.90,14.9000,true,1,17982
7290000116884,false,קנור ברביקיו מופחת נ,אתר חיפה  778 - Food,IL,KNORR,מיליליטרים,300.00,"100 מ""ל",false,,10.90,0.0363,true,1,17983
7290000116921,false,רוטב צ'ילי מתוק 370ג,אתר חיפה  778 - Food,IL,KNORR,מיליליטרים,300.00,"100 מ""ל",false,,10.90,0.0363,true,1,17984
7290000117171,false,קנור מ.ט.עוף דל קל ב,יוניליוור,IL,KNORR,גרמים,48.00,100 גרם,false,,6.90,0.1438,true,1,17988
7290000117720,false,נמס בכוס פטריות 43ג,אתר חיפה אבקות - Foo,IL,KNORR,גרמים,43.00,100 גרם,false,,6.90,0.1605,true,1,17992
7290000118277,false,קנור קניידל 12*130גר,אתר חיפה אבקות - Foo,IL,KNORR,גרמים,130.00,100 גרם,false,,9.90,0.0762,true,1,17995
7290000120836,false,הלמנס מיונז אמיתי 39,"יונילוור ארה""ב - HPC",US,HELLMANNS,גרמים,394.00,100 גרם,false,,12.90,0.0327,true,1,18002
7290000120874,false,הלמנ'ס לייט 424גר',"יונילוור ארה""ב - HPC",US,HELLMANNS,גרמים,424.00,100 גרם,false,,12.90,0.0304,true,1,18003
7290000121031,false,גבינה מותכת למריחה ה,שלושת האופים,IL,מון בלאן,גרמים,120.00,100 גרם,false,,9.90,0.0825,true,1,33985
7290000121079,false,מון-בלאן שום ושמ,שלושת האופים,IL,מון בלאן,גרמים,120.00,100 גרם,false,,9.90,0.0825,true,1,33987
7290000121093,false,מון-בלאן שווצרית 120,שלושת האופים,IL,מון בלאן,גרמים,120.00,100 גרם,false,,9.90,0.0825,true,1,33988
7290000121109,false,מון-בלאן עם זיתי,שלושת האופים,IL,מון בלאן,גרמים,120.00,100 גרם,false,,9.90,0.0825,true,1,33989
7290000121154,false,מון בלאן סלומון,שלושת האופים,IL,מון בלאן,גרמים,120.00,100 גרם,false,,9.90,0.0825,true,1,33990
7290000122830,false,רוטב סצ'ואן בקבוק 37,אתר חיפה  778 - Food,IL,KNORR,מיליליטרים,300.00,"100 מ""ל",false,,10.90,0.0363,true,1,18015
7290000125251,false,בדין לכביסה ביד 2 לי,אתר ליוור - HPC,IL,BADIN,ליטרים,2.00,ליטר,false,,23.90,11.9500,true,1,18024
7290000129457,false,קנור רוטב פטריות באב,אתר חיפה אבקות - Foo,IL,KNORR,גרמים,28.00,100 גרם,false,,4.50,0.1607,true,1,18033
7290000131009,false,בצק פילו 500 גרם,,,בצק פילו 500 גרם,גרמים,500.00,100 גרם,false,,14.90,0.0298,true,1,34104
7290000131023,false,"בצק עלים 1 ק""ג",,,"בצק עלים 1 ק""ג",קילוגרמים,1.00,"ק""ג",false,,11.90,11.9000,true,1,36843
7290000131122,false,"בצק עלים 1.5 ק""ג",,,"בצק עלים 1.5 ק""ג",קילוגרמים,1.50,"ק""ג",false,,16.90,11.2667,true,1,34105
7290000133904,false,דאופרש פסיפלורה,סנו,IL,דואופרש,מיליליטרים,300.00,"100 מ""ל",false,,10.90,0.0363,true,1,33101
7290000134147,false,מוסקט טחון 40 גרם,"תבליני טעם וריח בע""מ",IL,"תבליני טעם וריח בע""מ",גרמים,40.00,100 גרם,false,,12.90,0.3225,true,1,35127
7290000134307,false,קינמון טחון שקית 50,"תבליני טעם וריח בע""מ",IL,"תבליני טעם וריח בע""מ",גרמים,50.00,100 גרם,false,,5.90,0.1180,true,1,35128
7290000134314,false,תבלין לפיצה 120 גרם,"תבליני טעם וריח בע""מ",IL,"תבליני טעם וריח בע""מ",גרמים,120.00,100 גרם,false,,9.90,0.0825,true,1,35129
7290000134338,false,אבקת שום 90 גרם,"תבליני טעם וריח בע""מ",IL,"תבליני טעם וריח בע""מ",גרמים,90.00,100 גרם,false,,9.90,0.1100,true,1,35130
7290000134352,false,קינמון טחון 90 גרם,"תבליני טעם וריח בע""מ",IL,"תבליני טעם וריח בע""מ",גרמים,80.00,100 גרם,false,,9.90,0.1238,true,1,35131
7290000134376,false,פפריקה בשמן 90 גרם,"תבליני טעם וריח בע""מ",IL,"תבליני טעם וריח בע""מ",גרמים,90.00,100 גרם,false,,9.90,0.1100,true,1,35132
7290000134550,false,עלי דפנה בשקית 12 יח,"תבליני טעם וריח בע""מ",IL,"תבליני טעם וריח בע""מ",גרמים,20.00,100 גרם,false,,5.90,0.2950,true,1,35133
7290000134673,false,ג'ינג'ר טחון (זנגביל,"תבליני טעם וריח בע""מ",IL,"תבליני טעם וריח בע""מ",גרמים,30.00,100 גרם,false,,6.90,0.2300,true,1,35135
7290000134758,false,"תערובת תיבול לתפו""א","תבליני טעם וריח בע""מ",IL,"תבליני טעם וריח בע""מ",גרמים,100.00,100 גרם,false,,9.90,0.0990,true,1,35137
7290000134826,false,זעתר 100 גרם,"תבליני טעם וריח בע""מ",IL,"תבליני טעם וריח בע""מ",גרמים,100.00,100 גרם,false,,9.90,0.0990,true,1,35138
7290000134833,false,כמון 100 גרם,"תבליני טעם וריח בע""מ",IL,"תבליני טעם וריח בע""מ",גרמים,100.00,100 גרם,false,,9.90,0.0990,true,1,35139
7290000134840,false,כורכום 100 גרם,"תבליני טעם וריח בע""מ",IL,"תבליני טעם וריח בע""מ",גרמים,100.00,100 גרם,false,,9.90,0.0990,true,1,35140
7290000134857,false,פפריקה מתוקה 100 גרם,"תבליני טעם וריח בע""מ",IL,"תבליני טעם וריח בע""מ",גרמים,100.00,100 גרם,false,,9.90,0.0990,true,1,35141
7290000134864,false,פפריקה חריפה 100 גרם,"תבליני טעם וריח בע""מ",IL,"תבליני טעם וריח בע""מ",גרמים,100.00,100 גרם,false,,9.90,0.0990,true,1,35142
7290000134871,false,פלפל שחור טחון 100 ג,"תבליני טעם וריח בע""מ",IL,"תבליני טעם וריח בע""מ",גרמים,90.00,100 גרם,false,,12.90,0.1433,true,1,35143
7290000134970,false,חוואיג' 100 גרם,"תבליני טעם וריח בע""מ",IL,"תבליני טעם וריח בע""מ",גרמים,100.00,100 גרם,false,,9.90,0.0990,true,1,35144
7290000134987,false,פלפל שחור גרוס 90 גר,"תבליני טעם וריח בע""מ",IL,"תבליני טעם וריח בע""מ",גרמים,90.00,100 גרם,false,,12.90,0.1433,true,1,35145
7290000134994,false,טימין 20 גרם,"תבליני טעם וריח בע""מ",IL,"תבליני טעם וריח בע""מ",גרמים,20.00,100 גרם,false,,6.90,0.3450,true,1,35146
7290000135045,false,אקס אל תפוח משקה אנר,טמפו,IL,XL,מיליליטרים,250.00,"100 מ""ל",false,,4.10,0.0164,true,1,49467
7290000135052,false,אקס אל מנגו משקה אנר,טמפו,IL,XL,מיליליטרים,250.00,"100 מ""ל",false,,4.10,0.0164,true,1,49468
7290000135311,false,פפסי מקס ליים 1.5 לי,טמפו,IL,פפסי מקס,ליטרים,1.50,ליטר,false,,6.90,4.6000,true,1,55680
7290000136141,false,פפסי קולה 1.5 ליטר,טמפו,IL,פפסי קולה 1.5 ליטר,ליטרים,1.50,ליטר,false,,7.50,5.0000,true,1,61366
7290000136158,false,פפסי מקס 1.5 ליטר,טמפו,IL,פפסי מקס 1.5 ליטר,ליטרים,1.50,ליטר,false,,6.90,4.6000,true,1,61370
7290000136165,false,מירנדה  1.5 ליטר,טמפו,IL,מירנדה  1.5 ליטר,ליטרים,1.50,ליטר,false,,7.50,5.0000,true,1,61367
7290000136172,false,סבן אפ 1.5 ליטר,טמפו,IL,סבן אפ 1.5 ליטר,ליטרים,1.50,ליטר,false,,7.50,5.0000,true,1,61368
7290000136189,false,סבן אפ דיאט 1.5 ליטר,טמפו,IL,סבן אפ דיאט 1.5 ליטר,ליטרים,1.50,ליטר,false,,7.50,5.0000,true,1,61369
7290000136240,false,סודה 1.5 ליטר,טמפו,IL,סודה 1.5 ליטר,ליטרים,1.50,ליטר,false,,3.20,2.1333,true,1,61361
7290000136257,false,פאנק טוניק 1.5 ליטר,טמפו,IL,פאנק טוניק 1.5 ליטר,ליטרים,1.50,ליטר,false,,9.90,6.6000,true,1,61341
7290000136264,false,מי טוניק 1.5 ליטר,טמפו,IL,מי טוניק 1.5 ליטר,ליטרים,1.50,ליטר,false,,9.90,6.6000,true,1,61342
7290000136288,false,ג'ויסר סירופ בטעם תפ,טמפו,IL,סיידר,מיליליטרים,330.00,"100 מ""ל",false,,12.90,0.0391,true,1,66778
7290000136295,false,ג'ויסר סירופ בטעם פט,טמפו,IL,סיידר,מיליליטרים,330.00,"100 מ""ל",false,,12.90,0.0391,true,1,66779
7290000136301,false,ג'ויסר סירופ בטעם ענ,טמפו,IL,סיידר,מיליליטרים,330.00,"100 מ""ל",false,,12.90,0.0391,true,1,66780
7290000136431,false,ג'אמפ אפרסק צלול 1.5,טמפו,IL,ג'אמפ,ליטרים,1.50,ליטר,false,,7.50,5.0000,true,1,61354
7290000136455,false,ג'אמפ אשכוליות 1.5 ל,טמפו,IL,ג'אמפ,ליטרים,1.50,ליטר,false,,7.50,5.0000,true,1,61343
7290000136516,false,ג'אמפ מנגו 1.5 ליטר,טמפו,IL,ג'אמפ,ליטרים,1.50,ליטר,false,,7.50,5.0000,true,1,61345
7290000136523,false,ג'אמפ ענבים 1.5 ליטר,טמפו,IL,ג'אמפ,ליטרים,1.50,ליטר,false,,7.50,5.0000,true,1,61346
7290000136561,false,ג'אמפ תות בננה 1.5 ל,טמפו,IL,ג'אמפ,ליטרים,1.50,ליטר,false,,7.50,5.0000,true,1,61347
7290000136585,false,ג'אמפ תפוזים 1.5 ליט,טמפו,IL,ג'אמפ,ליטרים,1.50,ליטר,false,,7.50,5.0000,true,1,61348
7290000136646,false,נשר מאלט 1.5 ליטר,טמפו,IL,נשר מאלט 1.5 ליטר,ליטרים,1.50,ליטר,false,,8.90,5.9333,true,1,61350
7290000136653,false,נשר מאלט  דיאט 1.5 ל,טמפו,IL,נשר מאלט  דיאט 1.5 ל,ליטרים,1.50,ליטר,false,,8.90,5.9333,true,1,61351
7290000136776,false,פפסי מקס שישייה 1.5,טמפו,IL,פפסי מקס שישייה 1.5,ליטרים,9.00,ליטר,false,,36.90,4.1000,true,1,61372
7290000136790,false,סודה 1.5 ליטר שישייה,טמפו,IL,סודה 1.5 ליטר שישייה,ליטרים,9.00,ליטר,false,,17.70,1.9667,true,1,61360
7290000136844,false,אקווה נובה שישייה 2,טמפו,IL,אקווה נובה,ליטרים,12.00,ליטר,false,,11.30,0.9417,true,1,61339
7290000136868,false,סאן בנדטו שישייה 1.5,טמפו,IL,סאן בנדטו,ליטרים,9.00,ליטר,false,,18.90,2.1000,true,1,61352
7290000136875,false,סאן בנדטו  מוגז שישי,טמפו,IL,סאן בנדטו,ליטרים,9.00,ליטר,false,,18.90,2.1000,true,1,61353
7290000137513,false,גלידונית בטעם וניל ב,גלידות שטראוס,IL,קרמיסימו,מיליליטרים,950.00,"100 מ""ל",false,,49.90,0.0525,true,1,32917
7290000137643,false,מאגדת טעמקור באריזה,גלידות שטראוס,IL,שטראוס,גרמים,400.00,100 גרם,false,,37.90,0.0947,true,1,32918
7290000144160,false,*מבצע* שמן זית כתית,שמן תעשיות,IL,עץ הזית,מיליליטרים,750.00,"100 מ""ל",false,,29.90,0.0399,true,1,34524
7290000144467,false,*מבצע* שמן חמניות בר,שמן תעשיות,IL,עץ הזית,ליטרים,1.00,ליטר,false,,13.90,13.9000,true,1,34525
7290000144474,false,שמן קנולה בריאות מהט,שמן תעשיות,IL,עץ הזית,ליטרים,1.00,ליטר,false,,15.90,15.9000,true,1,34526
7290000146928,false,טום וג'רי משחת שיניי,טרופיקל דגיל קוסמטיק,IL,טום וגרי,מיליליטרים,50.00,"100 מ""ל",false,,9.90,0.1980,true,1,32792
7290000146997,false,טום וג'רי משחת שיניי,טרופיקל דגיל קוסמטיק,IL,טום וגרי,מיליליטרים,50.00,"100 מ""ל",false,,9.90,0.1980,true,1,32793
7290000148380,false,*מבצע* פיסטוק קלית ג,"ג'י אנד ג'י בע""מ",IL,קליית גת,גרמים,200.00,100 גרם,false,,15.90,0.0795,true,1,36664
7290000148489,false,גרעיני דלעת,"ג'י אנד ג'י בע""מ",IL,קליית גת,גרמים,200.00,100 גרם,false,,8.90,0.0445,true,1,33817
7290000148618,false,*מבצע* קשיו מטוגן,"ג'י אנד ג'י בע""מ",IL,קליית גת,גרמים,200.00,100 גרם,false,,15.90,0.0795,true,1,33818
7290000148748,false,גרעיני חמניה,"ג'י אנד ג'י בע""מ",IL,קליית גת,גרמים,200.00,100 גרם,false,,5.90,0.0295,true,1,33819
7290000149615,false,סבון נקה מוצק רביעיה,"גליל כימיכלים בע""מ",IL,נקה 7,גרמים,400.00,100 גרם,false,,10.90,0.0273,true,1,33102
7290000149851,false,סינטבון כפול,סנו,IL,סינטבון,גרמים,460.00,100 גרם,false,,9.90,0.0215,true,1,33103
7290000149905,false,טקסטיל שמפו נוזל,סנו,IL,טקסטיל,ליטרים,1.00,ליטר,false,,13.90,13.9000,true,1,33104
7290000150352,false,פסטרמה איטלקית,עוף טוב,IL,עוף טוב,קילוגרמים,1.00,"ק""ג",true,,65.00,65.0000,true,1,4531
7290000150451,false,נקניק סלמי איטלקי,עוף טוב,IL,עוף טוב,קילוגרמים,1.00,"ק""ג",true,,55.00,55.0000,true,1,4533
7290000150956,false,עוף טוב מקלוני קבנוס,,,עוף טוב מקלוני קבנוס,גרמים,160.00,100 גרם,false,,9.90,0.0619,true,1,28868
7290000151106,false,פסטרמה אמריקאית,עוף טוב,IL,עוף טוב,קילוגרמים,1.00,"ק""ג",true,,65.00,65.0000,true,1,4539
7290000152943,false,סלמי+פסטרמה 350 גרם,עוף טוב,IL,עוף טוב,גרמים,700.00,100 גרם,false,,22.90,0.0327,true,1,32652
7290000153469,false,קציצות עוף קלאסיות 6,עוף טוב,IL,עוף טוב,גרמים,600.00,100 גרם,false,,29.90,0.0498,true,1,32655
7290000155524,false,פסטרמה פולנית,עוף טוב,IL,עוף טוב,קילוגרמים,1.00,"ק""ג",true,,65.00,65.0000,true,1,4560
7290000158105,false,*מבצע* שניצל עוף מינ,עוף טוב,IL,עוף טוב,גרמים,700.00,100 גרם,false,,24.90,0.0356,true,1,32659
7290000166605,false,*מבצע* סיף כללי 4 ל,אתר ליוור - HPC,IL,CIF,ליטרים,4.00,ליטר,false,,17.90,4.4750,true,1,18095
7290000169798,false,עוגי מופחת סוכר 500,אתר שפע - Food,IL,TELMA,גרמים,500.00,100 גרם,false,,19.90,0.0398,true,1,18142
7290000174723,false,שוקולית בקופסא 500 ג,שטראוס גרופ,IL,עלית,גרמים,500.00,100 גרם,false,,11.90,0.0238,true,1,34148
7290000176062,false,קפה טורקי 100 גרם,שטראוס גרופ,IL,עלית,גרמים,100.00,100 גרם,false,,8.90,0.0890,true,1,34150
7290000176079,false,קפה עם הל,שטראוס גרופ,IL,עלית,גרמים,100.00,100 גרם,false,,8.90,0.0890,true,1,34151
7290000176116,false,"קפה טורקי 1 ק""ג",שטראוס גרופ,IL,עלית,קילוגרמים,1.00,"ק""ג",false,,76.90,76.9000,true,1,36887
7290000176413,false,קפה נמס 50 גרם,שטראוס גרופ,IL,עלית,גרמים,50.00,100 גרם,false,,8.90,0.1780,true,1,34155
7290000176420,false,קפה נמס עלית 200  גר,שטראוס גרופ,IL,עלית,גרמים,200.00,100 גרם,false,,19.90,0.0995,true,1,34156
7290000176475,false,קפה האג נמס 200,שטראוס גרופ,IL,האג,גרמים,200.00,100 גרם,false,,34.90,0.1745,true,1,34158
7290000178707,false,תפוציפס 50 גר,שטראוס פריטו ליי (מל,IL,עלית,גרמים,50.00,100 גרם,false,,3.90,0.0780,true,1,34233
7290000178721,false,תפוציפס 200 גר,שטראוס פריטו ליי (מל,IL,עלית,גרמים,200.00,100 גרם,false,,9.90,0.0495,true,1,34234
7290000185330,false,*מבצע* סילאן טבעי תמ,טעמי הגליל,IL,*מבצע* סילאן טבעי תמ,גרמים,900.00,100 גרם,false,,21.90,0.0243,true,1,64691
7290000185590,false,*מבצע* סילאן טבעי בב,חצר כינרת מוצרי תמר,IL,*מבצע* סילאן טבעי בב,גרמים,635.00,100 גרם,false,,17.90,0.0282,true,1,59457
7290000186931,false,סקוטש ניקול חתוך 12,UFO,US,ניקול,יח',12.00,יח',false,,10.90,0.9083,true,1,33478
7290000188355,false,מגבות נייר ניקול שיש,חוגלה קימברלי,IL,ניקול,מטרים,64.80,מטר,false,,11.80,0.1821,true,1,33485
7290000188386,false,מגבות מטבח ניקול 12,חוגלה קימברלי,IL,ניקול,מטרים,129.70,מטר,false,,19.90,0.1534,true,1,36460
7290000189079,false,תבניות אינגליש 6 יח,בראבו,CN,ניקול,יח',6.00,יח',false,,10.90,1.8167,true,1,33492
7290000189116,false,תבניות עגולות 5 יח נ,בראבו,CN,ניקול,יח',5.00,יח',false,,10.90,2.1800,true,1,33493
7290000189277,false,תבניות מלבניות גדולו,בראבו,CN,ניקול,יח',3.00,יח',false,,10.90,3.6333,true,1,33499
7290000189598,false,מטליות לחות לניקוי כ,על בד,IL,ניקול,יח',50.00,יח',false,,10.90,0.2180,true,1,33504
7290000189734,false,מטליות לחות לפרקט,על בד,IL,ניקול,יח',10.00,יח',false,,11.90,1.1900,true,1,33506
7290000190198,false,מטליות לחות לניקוי נ,על בד,IL,ניקול,יח',50.00,יח',false,,10.90,0.2180,true,1,33511
7290000193014,false,אינטרלוד פדיות,Ontex,CZ,אינטרלוד,יח',50.00,יח',false,,10.90,0.2180,true,1,33518
7290000193076,false,מטליות לרצפה ניקול ש,עופרטקס,IL,ניקול,יח',3.00,יח',false,,10.90,3.6333,true,1,33519
7290000193083,false,נובה לי גמבו 28 יח,Ontex,CZ,נובה לי,יח',28.00,יח',false,,10.90,0.3893,true,1,33520
7290000193472,false,מגן תחתון לילי,,,מגן תחתון לילי,יח',62.00,יח',false,,15.90,0.2565,true,1,33522
7290000193540,false,לילי פדיות,,,לילי פדיות,יח',52.00,יח',false,,15.90,0.3058,true,1,33523
7290000193618,false,מגן תחתון לילי,,,מגן תחתון לילי,יח',62.00,יח',false,,15.90,0.2565,true,1,33524
7290000193793,false,לילי נטורל נורמל,Ontex,BE,לילי נטורל,יח',20.00,יח',false,,15.90,0.7950,true,1,51983
7290000194288,false,משטח החתלה האגיס,Ontex,BE,האגיס,יח',10.00,יח',false,,19.90,1.9900,true,1,33527
7290000195216,false,נייר אפייה 50 יח,אופל,IL,ניקול,יח',50.00,יח',false,,9.90,0.1980,true,1,33529
7290000196039,false,מפות ניקול זוג,דיספובד,IL,ניקול,יח',2.00,יח',false,,10.90,5.4500,true,1,33533
7290000196763,false,שקיות ניקול סטרץ 40י,"אשפלסט תעשיות בע""מ",IL,ניקול,יח',40.00,יח',false,,21.90,0.5475,true,1,33534
7290000197012,false,שקיות ריץ רץ קטנות ע,קילת,IL,ניקול,יח',15.00,יח',false,,12.90,0.8600,true,1,29387
7290000197029,false,שקיות ריץ רץ לאחסון,קילת,IL,ניקול,יח',12.00,יח',false,,12.90,1.0750,true,1,33535
7290000197326,false,רדיד אלומניום זוג ני,אופל,IL,ניקול,מטרים,7.50,מטר,false,,10.90,1.4533,true,1,33542
7290000197340,false,רדיד אלומיניום זוג ר,אופל,IL,ניקול,מטרים,7.50,מטר,false,,15.90,2.1200,true,1,33543
7290000197456,false,האגיס פרידום דריי של,,,האגיס פרידום דריי שלב 4,יח',44.00,יח',false,,41.90,0.9523,true,1,33546
7290000197463,false,האגיס פרידום דריי של,,,האגיס פרידום דריי שלב +4,יח',40.00,יח',false,,41.90,1.0475,true,1,33547
7290000197548,false,האגיס פרידום דריי של,,,האגיס פרידום דריי שלב 5,יח',36.00,יח',false,,41.90,1.1639,true,1,33549
7290000197678,false,האגיס פרידום דריי של,,,האגיס פרידום דריי שלב 6,יח',30.00,יח',false,,41.90,1.3967,true,1,33551
7290000197753,false,נילונית זוג,GTC,CN,ניקול,מטרים,30.00,מטר,false,,10.90,0.3633,true,1,33552
7290000197876,false,תבנית אלומיניום בינו,פאלאס,IL,ניקול,יח',4.00,יח',false,,9.90,2.4750,true,1,33553
7290000197951,false,תבנית אלומיניום ענקי,פאלאס,IL,ניקול,יח',3.00,יח',false,,9.90,3.3000,true,1,33555
7290000201832,false,טיטולים פרימיום שלב,,,טיטולים פרימיום שלב 3 52,יח',50.00,יח',false,,29.90,0.5980,true,1,33560
7290000201849,false,טיטולים פרימיום שלב,,,טיטולים פרימיום שלב 4 42,יח',40.00,יח',false,,29.90,0.7475,true,1,33561
7290000201856,false,טיטולים פרימיום שלב,,,טיטולים פרימיום שלב 4+ 40,יח',38.00,יח',false,,29.90,0.7868,true,1,33562
7290000201863,false,טיטולים פרימיום שלב,,,טיטולים פרימיום שלב 5 36,יח',34.00,יח',false,,29.90,0.8794,true,1,33563
7290000201870,false,טיטולים פרימיום שלב,,,טיטולים פרימיום שלב 6 34,יח',30.00,יח',false,,29.90,0.9967,true,1,33564
7290000204086,false,סקוטש ניקול שלישיה,UFO,US,ניקול,יח',3.00,יח',false,,10.90,3.6333,true,1,33566
7290000204147,false,כרית יפנית רביעיה,פלסטו פוליש,IL,ניקול,יח',4.00,יח',false,,10.90,2.7250,true,1,33567
7290000204215,false,כרית יפנית ניקול שיש,פלסטו פוליש,IL,ניקול,יח',8.00,יח',false,,10.90,1.3625,true,1,33568
7290000204253,false,מטליות ניקול תשיעיה,נועם אורים תעשיות בע,IL,ניקול,יח',9.00,יח',false,,10.90,1.2111,true,1,33570
7290000204307,false,ניקול מטליות בגליל,נועם אורים תעשיות בע,IL,ניקול,יח',40.00,יח',false,,20.90,0.5225,true,1,33571
7290000204611,false,ספוגית הקסם שישיה,UFO,US,ניקול,יח',6.00,יח',false,,10.90,1.8167,true,1,33573
7290000205762,false,האגיס אקסטרה קייר מי,חוגלה קימברלי,IL,האגיס,יח',48.00,יח',false,,46.90,0.9771,true,1,33574
7290000205915,false,האגיס אקסטרה קייר מי,חוגלה קימברלי,IL,האגיס,יח',40.00,יח',false,,46.90,1.1725,true,1,33575
7290000207063,false,פריכוז יכין 240 גרם,זנלכל,IL,רסק עגבניות 260 גרם,גרמים,240.00,100 גרם,false,,4.90,0.0204,true,1,33469
7290000207162,false,רוטב עגבניות 22% יכי,זנלכל,IL,רסק עגבניות 100 גרם,גרמים,100.00,100 גרם,false,,2.50,0.0250,true,1,33470
7290000207438,false,עגבניות קוביות יכין,זנלכל,IL,עגבניות קוביות יכין 800 ג,גרמים,800.00,100 גרם,false,,9.90,0.0124,true,1,47277
7290000208008,false,חריסה יכין 570 גרם,זנלכל,IL,חריסה,גרמים,570.00,100 גרם,false,,9.50,0.0167,true,1,47270
7290000208022,false,עגבניות מרוסקות יכין,זנלכל,IL,עגבניות מרוסקות יכין,גרמים,800.00,100 גרם,false,,9.90,0.0124,true,1,47278
7290000208077,false,אפונה יכין 550 גרם,זנלכל,IL,אפונה גדולה 550 גרם,גרמים,550.00,100 גרם,false,,8.50,0.0155,true,1,47279
7290000208091,false,אפונה קטנה יכין 550,זנלכל,IL,אפונה קטנה יכין 550,גרמים,550.00,100 גרם,false,,9.90,0.0180,true,1,47280
7290000208114,false,אפונה וגזר יכין 550,זנלכל,IL,אפונה וגזר יכין 550 גרם,גרמים,550.00,100 גרם,false,,8.50,0.0155,true,1,47281
7290000208138,false,סירופ דיאט ענבים 1 ל,,,סירופ דיאט ענבים 1 ל,מיליליטרים,1000.00,"100 מ""ל",false,,16.90,0.0169,true,1,47356
7290000208145,false,תירס לייט יכין 550 ג,זנלכל,IL,תירס לייט יכין 550 ג,גרמים,550.00,100 גרם,false,,9.90,0.0180,true,1,47272
7290000208176,false,"תפו""א יכין 550 גרם",זנלכל,IL,תפוא בקופסא 550 גרם יכין,גרמים,550.00,100 גרם,false,,9.90,0.0180,true,1,47290
7290000208213,false,שעועית ברוטב יכין 58,זנלכל,IL,שעועית אפויה יכין 580 גרם,גרמים,580.00,100 גרם,false,,8.90,0.0153,true,1,47291
7290000208244,false,רוטב שקשוקה יכין 570,זנלכל,IL,רוטב שקשוקה יכין 570,גרמים,570.00,100 גרם,false,,9.50,0.0167,true,1,47271
7290000208251,false,שעועית ירוקה יכין 55,זנלכל,IL,שעועית ירוקה יכין,גרמים,550.00,100 גרם,false,,9.90,0.0180,true,1,47293
7290000208268,false,שעועית צהובה יכין 55,זנלכל,IL,שעועית צהובה יכין,גרמים,550.00,100 גרם,false,,9.90,0.0180,true,1,47294
7290000208312,false,תירס מתוק יכין 400 ג,זנלכל,IL,תירס מתוק יכין 400 ג,גרמים,400.00,100 גרם,false,,6.90,0.0173,true,1,47273
7290000208329,false,תירס  מתוק יכין 550,זנלכל,IL,תירס יכין 550 גרם,גרמים,550.00,100 גרם,false,,8.50,0.0155,true,1,33471
7290000208336,false,רוטב עגבניות 22% יכי,זנלכל,IL,רסק עגבניות 260 גרם,גרמים,240.00,100 גרם,false,,4.50,0.0188,true,1,33472
7290000208343,false,עגבניות מרוסקות עם ש,זנלכל,IL,עגבניות מרוסקות עם שום 80,גרמים,800.00,100 גרם,false,,9.90,0.0124,true,1,47282
7290000208367,false,עגבניות מרוסקות בזיל,זנלכל,IL,עגבניות מרוסקות 800 גרם,גרמים,800.00,100 גרם,false,,9.90,0.0124,true,1,47286
7290000208404,false,פול יכין 550 גרם,זנלכל,IL,פול 550 גרם,גרמים,550.00,100 גרם,false,,8.90,0.0162,true,1,47295
7290000208428,false,חומוס יכין 550 גרם,זנלכל,IL,חומוס 550 גרם,גרמים,550.00,100 גרם,false,,8.90,0.0162,true,1,33473
7290000208459,false,"לקט תפו""א יכין 550 ג",זנלכל,IL,"לקט תפו""א יכין 550 ג",גרמים,550.00,100 גרם,false,,9.90,0.0180,true,1,47296
7290000208855,false,רוטב עגבניות לפסטה י,זנלכל,IL,רוטב פסטה 260 גרם,גרמים,240.00,100 גרם,false,,5.90,0.0246,true,1,47301
7290000208930,false,עגבניות קצוצות עם שו,זנלכל,IL,רוטב פסטה 260 גרם,גרמים,240.00,100 גרם,false,,5.90,0.0246,true,1,47302
7290000208947,false,עגבניות קצוצות יכין,זנלכל,IL,רוטב פסטה 260 גרם,גרמים,240.00,100 גרם,false,,5.90,0.0246,true,1,47303
7290000209012,false,חומץ 5% 1יכין  ליטר,זנלכל,IL,חומץ הדרים 1 ליטר,ליטרים,1.00,ליטר,false,,6.90,6.9000,true,1,33474
7290000209043,false,רוטב לימון יכין 1 לי,זנלכל,IL,מיץ לימון משומר 1 ליטר,ליטרים,1.00,ליטר,false,,6.90,6.9000,true,1,33475
7290000209173,false,חומצה אצטית 5% יכין,זנלכל,IL,חומצה אצטית 5% יכין,מיליליטרים,1000.00,"100 מ""ל",false,,4.90,0.0049,true,1,47310
7290000209371,false,מארז שלישיית תירס מת,זנלכל,IL,מארז שלישיית תירס מת,גרמים,600.00,100 גרם,false,,14.90,0.0248,true,1,47328
7290000209388,false,תירס לייט יכין 200*3,זנלכל,IL,תירס לייט יכין 200*3,גרמים,600.00,100 גרם,false,,14.90,0.0248,true,1,47329
7290000209524,false,סירופ דיאט פטל 1 ליט,,,סירופ דיאט פטל 1 ליטר,ליטרים,1.00,ליטר,false,,16.90,16.9000,true,1,47357
7290000209579,false,סירופ דיאט אננס 1 לי,,,סירופ דיאט אננס 1 לי,מיליליטרים,1000.00,"100 מ""ל",false,,16.90,0.0169,true,1,47359
7290000209708,false,עגבניות קצוצות עם בז,זנלכל,IL,רוטב פסטה 260 גרם,גרמים,240.00,100 גרם,false,,5.90,0.0246,true,1,47304
7290000209722,false,פריכוז עגבניות יכין,זנלכל,IL,פריכוז עגבניות 580 גרם,גרמים,580.00,100 גרם,false,,10.90,0.0188,true,1,35430
7290000209906,false,עגבניות קצוצות עם בצ,זנלכל,IL,רוטב פסטה 260 גרם,גרמים,240.00,100 גרם,false,,5.90,0.0246,true,1,47305
7290000209913,false,קוביות עגבניות במיץ,זנלכל,IL,רוטב פסטה 260 גרם,גרמים,240.00,100 גרם,false,,5.90,0.0246,true,1,47306
7290000209944,false,רוטב שקשוקה יכין 240,זנלכל,IL,רוטב שקשוקה 260 גרם,גרמים,240.00,100 גרם,false,,5.90,0.0246,true,1,47307
7290000209951,false,רוטב פיצה יכין 240 ג,זנלכל,IL,רוטב פיצה 260 גרם,גרמים,240.00,100 גרם,false,,5.90,0.0246,true,1,47308
7290000209968,false,רוטב לזניה יכין 240,זנלכל,IL,רוטב לזניה 260 גרם,גרמים,240.00,100 גרם,false,,5.90,0.0246,true,1,47309
7290000210896,false,רוטב בולונז יכין  24,זנלכל,IL,רוטב פסטה בולונז 260 גרם,גרמים,240.00,100 גרם,false,,5.90,0.0246,true,1,33477
7290000211169,false,אורז תאילנדי 1 קג,סוגת תעשיות בעמ,IL,סוגת,קילוגרמים,1.00,"ק""ג",false,,6.90,6.9000,true,1,32293
7290000211312,false,"*מבצע* אורז מלא 1 ק""",סוגת תעשיות בעמ,IL,סוגת,קילוגרמים,1.00,"ק""ג",false,,6.90,6.9000,true,1,32294
7290000211374,false,"קמח מלא 1 ק""ג",טחנת קמח דגן-שטיבל,IL,סוגת,קילוגרמים,1.00,"ק""ג",false,,6.90,6.9000,true,1,32295
7290000211381,false,*מבצע* סוכר חום בשקי,"טונגט היולט שוגר בע""",ZA,סוגת,קילוגרמים,1.00,"ק""ג",false,,10.90,10.9000,true,1,32296
7290000211442,false,*מבצע* אורז פרסי 1 ק,סוגת תעשיות בעמ,IL,סוגת,קילוגרמים,1.00,"ק""ג",false,,9.90,9.9000,true,1,32297
7290000211503,false,"סוכר 1 ק""ג","סוגת תעשיות בע""מ",IL,סוגת,קילוגרמים,1.00,"ק""ג",false,,4.50,4.5000,true,1,32298
7290000211626,false,"אורז חיש 1 ק""ג",,,"אורז חיש 1 ק""ג",קילוגרמים,1.00,"ק""ג",false,,7.90,7.9000,true,1,32299
7290000211985,false,*מבצע* אורז עגול 1 ק,סוגת תעשיות בעמ,IL,סוגת,קילוגרמים,1.00,"ק""ג",false,,7.90,7.9000,true,1,32300
7290000212272,false,"ופלים בטעם שוקו 1 ק""",,,"ופלים בטעם שוקו 1 ק""",קילוגרמים,1.00,"ק""ג",false,,15.90,15.9000,true,1,64749
7290000212401,false,מצופים שוקו 400,,,מצופים שוקו 400,גרמים,400.00,100 גרם,false,,8.90,0.0223,true,1,34538
7290000222363,false,לחמניות 4 יח,,,לחמניות 4 יח,יח,4.00,יח,false,,13.90,3.4750,true,1,59081
7290000225449,false,קופון יוחננוף כדוריו,,,קופון יוחננוף כדוריו,יח',1.00,יח',false,,0.01,0.0100,true,1,67995
7290000226569,false,עוגת טורט קצפת שוקול,קפולסקי שיווק וקמעונ,IL,קפולסקי,קילוגרמים,1.00,"ק""ג",false,,64.90,64.9000,true,1,37562
7290000231785,false,מארז פחיות קוקה קולה,,,מארז פחיות קוקה קולה,ליטרים,4.95,ליטר,false,,34.90,7.0505,true,1,62460
7290000238029,false,בצק עלים מעדנות 1 קג,מעדנות,IL,מעדנות,קילוגרמים,1.00,"ק""ג",false,,16.90,16.9000,true,1,35282
7290000238036,false,*מבצע* מלאווח מעדנות,מעדנות,IL,מעדנות,גרמים,700.00,100 גרם,false,,12.90,0.0184,true,1,35283
7290000238173,false,בורקס גבינה 800 גרם,מעדנות,IL,מעדנות,גרמים,800.00,100 גרם,false,,16.90,0.0211,true,1,35284
7290000238180,false,"בורקס תפו""א 800 גרם",מעדנות,IL,מעדנות,גרמים,800.00,100 גרם,false,,16.90,0.0211,true,1,35285
7290000245072,false,*מבצע* מ. כביסה סוד,הנקל סוד,IL,הנקל סוד,ליטרים,4.00,ליטר,false,,16.90,4.2250,true,1,35223
7290000245089,false,*מבצע* מ. כביסה סוד,הנקל סוד,IL,הנקל סוד,ליטרים,4.00,ליטר,false,,16.90,4.2250,true,1,35224
7290000245270,false,פרסיל מילוי,הנקל סוד,IL,הנקל סוד,קילוגרמים,1.25,"ק""ג",false,,14.90,11.9200,true,1,35226
7290000245287,false,פרסיל מילוי,הנקל סוד,IL,הנקל סוד,קילוגרמים,1.25,"ק""ג",false,,14.90,11.9200,true,1,35227
7290000245515,false,קומפקט סוד 1.25,הנקל סוד,IL,הנקל סוד,קילוגרמים,1.25,"ק""ג",false,,12.90,10.3200,true,1,35230
7290000245539,false,קומפקט סוד 1.25,הנקל סוד,IL,הנקל סוד,קילוגרמים,1.25,"ק""ג",false,,12.90,10.3200,true,1,35231
7290000245782,false,*מבצע* מ. כביסה סוד,הנקל סוד,IL,הנקל סוד,ליטרים,4.00,ליטר,false,,16.90,4.2250,true,1,35232
7290000245799,false,*מבצע* מ. כביסה סוד,הנקל סוד,IL,הנקל סוד,ליטרים,4.00,ליטר,false,,16.90,4.2250,true,1,35233
7290000247984,false,פחית קוקה קולה 330 מ,קוקה קולה ישראל,IL,קוקה קולה,מיליליטרים,330.00,"100 מ""ל",false,,5.00,0.0152,true,1,63769
7290000248875,false,קופון יוחננוף שעועית,,,קופון יוחננוף שעועית,יח',1.00,יח',false,,0.01,0.0100,true,1,67996
7290000253220,false,שוקולד ציפס 260 גר,אופנהיימר,IL,אופנהיימר,גרמים,300.00,100 גרם,false,,11.90,0.0397,true,1,32430
7290000253459,false,שוקולד ציפס בטעם קרמ,אופנהיימר,IL,אופנהיימר,גרמים,250.00,100 גרם,false,,11.90,0.0476,true,1,56214
7290000262413,false,האגיס אקסטרה קייר מי,חוגלה קימברלי,IL,האגיס,יח',34.00,יח',false,,46.90,1.3794,true,1,33579
7290000263359,false,חיתולים ליטל בייביז,KC Turkey,TR,האגיס,יח',1.00,יח',false,,29.90,29.9000,true,1,33583
7290000267029,false,שקד מולבן חצוי 100 ג,"דין שיווק וקלייה בע""",US,השף,גרמים,100.00,100 גרם,false,,9.90,0.0990,true,1,32401
7290000267036,false,שקד מולבן 100 גרם,"דין שיווק וקלייה בע""",US,השף,גרמים,100.00,100 גרם,false,,9.90,0.0990,true,1,32402
7290000267043,false,שקד פרוס 100 גרם,"דין שיווק וקלייה בע""",US,השף,גרמים,100.00,100 גרם,false,,9.90,0.0990,true,1,32403
7290000267050,false,שקדים טחונים 100 גרם,"דין שיווק וקלייה בע""",US,השף,גרמים,100.00,100 גרם,false,,9.90,0.0990,true,1,32404
7290000267500,false,קליפות הדר 200 גרם,"דין שיווק וקלייה בע""",IL,שקדיה,גרמים,200.00,100 גרם,false,,11.90,0.0595,true,1,32407
7290000267548,false,אגוז גרוס 100 גרם,"דין שיווק וקלייה בע""",US,השף,גרמים,100.00,100 גרם,false,,9.90,0.0990,true,1,32408
7290000272443,false,עסיס סירופ תפוז דיאט,בית השיטה עסיס תעשיו,IL,עסיס,ליטרים,1.00,ליטר,false,,16.90,16.9000,true,1,32668
7290000272467,false,עסיס סירופ פטל דיאט,בית השיטה עסיס תעשיו,IL,עסיס,ליטרים,1.00,ליטר,false,,16.90,16.9000,true,1,32669
7290000272696,false,עסיס מיץ לימון משומר,בית השיטה עסיס תעשיו,IL,עסיס,ליטרים,1.00,ליטר,false,,9.90,9.9000,true,1,32670
7290000272726,false,עסיס חומץ טבעי 5% 1ל,בית השיטה עסיס תעשיו,IL,עסיס,ליטרים,1.00,ליטר,false,,6.90,6.9000,true,1,32671
7290000284316,false,קוקה קולה 1.5 ליטר,קוקה קולה ישראל,IL,קוקה קולה,ליטרים,1.50,ליטר,false,,8.90,5.9333,true,1,33040
7290000286228,false,סנו סושי כריות שישיה,סדובסקי,IL,סנו סושי,יח',6.00,יח',false,,10.90,1.8167,true,1,33108
7290000286297,false,אנטי קאלק מסיר אבן 7,סנו,IL,אנטי קאלק,מיליליטרים,700.00,"100 מ""ל",false,,9.90,0.0141,true,1,33109
7290000286525,false,ספוג לרחצה פרינה,קוסמופארם,IL,כיף,יח',1.00,יח',false,,9.90,9.9000,true,1,33110
7290000286549,false,מטליות תשיעייה,נועם אורים תעשיות בע,IL,סנו סושי,יח',9.00,יח',false,,10.90,1.2111,true,1,33111
7290000286594,false,סנו איקס מיכל,סנו,IL,סנו,גרמים,600.00,100 גרם,false,,9.90,0.0165,true,1,33112
7290000286761,false,ניילון נצמד סושי זוג,FV.HK,CN,סנו סושי,מטרים,60.00,מטר,false,,10.90,0.1817,true,1,33114
7290000286907,false,סנו מסיר כתמים,סנו,IL,סנו,מיליליטרים,170.00,"100 מ""ל",false,,24.90,0.1465,true,1,33116
7290000286921,false,סנו רסס כבס,סנו,IL,סנו,מיליליטרים,750.00,"100 מ""ל",false,,11.90,0.0159,true,1,33117
7290000287195,false,סנו רהיט ארוסול,סנו,IL,סנו,מיליליטרים,300.00,"100 מ""ל",false,,14.90,0.0497,true,1,33120
7290000287430,false,סנובון שלישיה,סנו,IL,סנובון,יח',3.00,יח',false,,10.90,3.6333,true,1,33123
7290000287485,false,סנובון שלישיה,סנו,IL,סנובון,גרמים,165.00,100 גרם,false,,10.90,0.0661,true,1,33124
7290000288017,false,אקונומיקה זאוול 1 לי,סנו,IL,סנו ז'אוול,ליטרים,1.00,ליטר,false,,8.90,8.9000,true,1,33129
7290000288024,false,אקונומיקה זאוול 4 לי,סנו,IL,סנו ז'אוול,ליטרים,4.00,ליטר,false,,16.90,4.2250,true,1,33130
7290000288048,false,זאוול מרסס 1 ליטר,סנו,IL,סנו ז'אוול,ליטרים,1.00,ליטר,false,,17.90,17.9000,true,1,33132
7290000288109,false,מקסימה אבקה 1.250,סנו,IL,מקסימה,קילוגרמים,1.25,"ק""ג",false,,13.90,11.1200,true,1,33134
7290000288253,false,קיי 400,סנו,IL,סנו,מיליליטרים,630.00,"100 מ""ל",false,,20.90,0.0332,true,1,33135
7290000288291,false,סנומט דוחה יתושים,זובאלה,IT,סנומט,יח',30.00,יח',false,,12.90,0.4300,true,1,33136
7290000288352,false,קיי 300,סנו,IL,סנו,מיליליטרים,630.00,"100 מ""ל",false,,20.90,0.0332,true,1,33138
7290000288642,false,מרכך מקסימה 4 ליטר,סנו,IL,מקסימה,ליטרים,4.00,ליטר,false,,21.90,5.4750,true,1,33144
7290000288727,false,מקסימה אבקה 1.250,סנו,IL,מקסימה,קילוגרמים,1.25,"ק""ג",false,,13.90,11.1200,true,1,33146
7290000288840,false,מים מזוקקים 2 ליטר,סנו,IL,סנו,ליטרים,2.00,ליטר,false,,11.90,5.9500,true,1,33147
7290000289069,false,זאוול מרסס 1 ליטר,סנו,IL,סנו ז'אוול,ליטרים,1.00,ליטר,false,,17.90,17.9000,true,1,33150
7290000289748,false,סנו פורטה פלוס 750 מ,סנו,IL,סנו,מיליליטרים,750.00,"100 מ""ל",false,,13.90,0.0185,true,1,33153
7290000289885,false,סנופרש ענק,סנו,IL,סנופרש,מיליליטרים,375.00,"100 מ""ל",false,,10.90,0.0291,true,1,33154
7290000289915,false,סנופרש יבש,סנו,IL,סנופרש,מיליליטרים,375.00,"100 מ""ל",false,,10.90,0.0291,true,1,33156
7290000291963,false,אקונומיקה זאוול 1 לי,סנו,IL,סנו ז'אוול,ליטרים,1.00,ליטר,false,,8.90,8.9000,true,1,33158
7290000292007,false,סנו קיי 3 פיתיון קוט,סנו,IL,סנו קיי 3 פיתיון קוט,גרמים,10.00,100 גרם,false,,49.90,4.9900,true,1,49165
7290000292137,false,סנו עור 500 מיל,סנו,IL,סנו,מיליליטרים,500.00,"100 מ""ל",false,,29.90,0.0598,true,1,33159
7290000292557,false,סנומט מילוי נוזל,זובאלה,IT,סנומט,יח',1.00,יח',false,,15.90,15.9000,true,1,33162
7290000292564,false,קי 2000 ללא ריח,סנו,IL,סנו,מיליליטרים,750.00,"100 מ""ל",false,,29.90,0.0399,true,1,33163
7290000292687,false,*מבצע* סנובון כחול ש,סנו,IL,סנובון,יח',3.00,יח',false,,12.90,4.3000,true,1,33164
7290000292939,false,סנו אקווה בלו 100 גר,סנו,IL,סנו,גרמים,100.00,100 גרם,false,,12.90,0.1290,true,1,33166
7290000293073,false,מרכך מקסימה 4 ליטר,סנו,IL,מקסימה,ליטרים,4.00,ליטר,false,,21.90,5.4750,true,1,33167
7290000293530,false,סנו סופג לחות,סנו,IL,סנו,גרמים,340.00,100 גרם,false,,12.90,0.0379,true,1,33169
7290000294773,false,אקונומיקה זאוול 4 לי,סנו,IL,סנו ז'אוול,יח',1.00,יח',false,,16.90,16.9000,true,1,33175
7290000294780,false,אקונומיקה זאוול סמיכ,סנו,IL,סנו ז'אוול,ליטרים,4.00,ליטר,false,,16.90,4.2250,true,1,33176
7290000295367,false,"מקסימה 2.5 ק""ג",סנו,IL,מקסימה,קילוגרמים,2.50,"ק""ג",false,,24.90,9.9600,true,1,33180
7290000295404,false,*מבצע* שקיות אשפה סו,"אשפלסט תעשיות בע""מ",IL,סנו סושי,יח',60.00,יח',false,,17.90,0.2983,true,1,33181
7290000295558,false,צמד נייר אלומניום קצ,בורסה פזרי,TR,סנו סושי,מטרים,15.00,מטר,false,,10.90,0.7267,true,1,33184
7290000295565,false,צמד נייר אלומניום אר,בורסה פזרי,TR,סנו סושי,מטרים,15.00,מטר,false,,16.90,1.1267,true,1,33185
7290000295589,false,טלק סנו 200 גרם,קוסמופארם,IL,בייבי כיף,גרמים,200.00,100 גרם,false,,15.90,0.0795,true,1,36370
7290000295749,false,ספוג סאקי מסאג,קוסמופארם,IL,כיף,יח',1.00,יח',false,,10.90,10.9000,true,1,33187
7290000295794,false,ספוגיות מתכת 3 יח' ס,,,ספוגיות מתכת 3 יח' ס,יח',3.00,יח',false,,9.90,3.3000,true,1,67115
7290000295824,false,רדיד אלומיניום צר עם,פרגמק,IL,סנו סושי,מטרים,100.00,מטר,false,,49.90,0.4990,true,1,33188
7290000300900,false,טבעול שניצל תירס 750,טבעול ישראל,IL,טבעול,גרמים,750.00,100 גרם,false,,24.90,0.0332,true,1,32677
7290000303581,false,פול מצרי,"פרי הגליל בע""""מ",IL,פרי הגליל,גרמים,340.00,100 גרם,false,,7.90,0.0232,true,1,34254
7290000303598,false,שעועית אפויה 580 גרם,"פרי הגליל בע""""מ",IL,פרי הגליל,גרמים,580.00,100 גרם,false,,7.90,0.0136,true,1,34255
7290000303604,false,גרגירי חומוס 550 גרם,"פרי הגליל בע""""מ",IL,פרי הגליל,גרמים,550.00,100 גרם,false,,7.90,0.0144,true,1,34256
7290000305882,false,קוליאס 120גרם,"סטארקיסט פודור בע""מ",IL,יונה,גרמים,120.00,100 גרם,false,,4.90,0.0408,true,1,35172
7290000307015,false,אפונה בקופסא 550 גרם,"פרי הגליל בע""""מ",IL,פרי הגליל,גרמים,550.00,100 גרם,false,,7.90,0.0144,true,1,34257
7290000307046,false,אפונה וגזר 550 גרם,"פרי הגליל בע""""מ",IL,פרי הגליל,גרמים,550.00,100 גרם,false,,7.90,0.0144,true,1,34258
7290000307220,false,תירס ואקום פרי הגליל,"פרי הגליל בע""""מ",IL,פרי הגליל,גרמים,340.00,100 גרם,false,,4.90,0.0144,true,1,34259
7290000307237,false,תירס פרי גליל 550 גר,"פרי הגליל בע""""מ",IL,פרי הגליל,גרמים,550.00,100 גרם,false,,7.90,0.0144,true,1,34260
7290000311128,false,עוגיות מן חמאה 300 ג,"רוקחמן בע""מ",IL,מן,גרמים,300.00,100 גרם,false,,6.50,0.0217,true,1,32949
7290000311135,false,עוגיות שוקו סטיקס 30,"רוקחמן בע""מ",IL,מן,גרמים,300.00,100 גרם,false,,6.50,0.0217,true,1,56488
7290000311180,false,וופלית צבעונית 10 יח,"רוקחמן בע""מ",IL,מן,גרמים,250.00,100 גרם,false,,6.90,0.0276,true,1,36302
7290000311203,false,וופל מן שוקו 200 גרם,"רוקחמן בע""מ",IL,מן,גרמים,200.00,100 גרם,false,,4.30,0.0215,true,1,32950
7290000311210,false,וופל מן לימון 200 גר,"רוקחמן בע""מ",IL,מן,גרמים,200.00,100 גרם,false,,4.30,0.0215,true,1,32951
7290000311227,false,וופל מן 200 גרם קפה,"רוקחמן בע""מ",IL,מן,גרמים,200.00,100 גרם,false,,4.30,0.0215,true,1,56487
7290000311234,false,וופל מן וניל 200 גרם,"רוקחמן בע""מ",IL,מן,גרמים,200.00,100 גרם,false,,4.30,0.0215,true,1,32952
7290000311258,false,וופלים מצופים מן 250,"רוקחמן בע""מ",IL,מן,גרמים,250.00,100 גרם,false,,6.50,0.0260,true,1,47835
7290000311272,false,וופל מן חלבה 180 גרם,"רוקחמן בע""מ",IL,מן,גרמים,180.00,100 גרם,false,,4.30,0.0239,true,1,32953
7290000311357,false,וופל אגוזית עשיריה 2,"רוקחמן בע""מ",IL,מן,גרמים,200.00,100 גרם,false,,9.90,0.0495,true,1,56491
7290000311425,false,וופל מצופה עשירייה מ,"רוקחמן בע""מ",IL,מן,גרמים,220.00,100 גרם,false,,6.90,0.0314,true,1,32957
7290000311432,false,עוגיות מן גרנולה קינ,"רוקחמן בע""מ",IL,מן,גרמים,200.00,100 גרם,false,,8.90,0.0445,true,1,59845
7290000311463,false,עוגיות מן חיטה בטעם,"רוקחמן בע""מ",IL,מן,גרמים,200.00,100 גרם,false,,8.90,0.0445,true,1,59207
7290000311470,false,מיני וופלים בטעם שוק,"רוקחמן בע""מ",IL,מיני וופלים בטעם שוק,גרמים,200.00,100 גרם,false,,8.90,0.0445,true,1,65604
7290000311500,false,וופל מן שוקו 500 גרם,"רוקחמן בע""מ",IL,מן,גרמים,500.00,100 גרם,false,,8.90,0.0178,true,1,32958
7290000311708,false,עוגיות מן חיטה מלאה,"רוקחמן בע""מ",IL,מן,גרמים,300.00,100 גרם,false,,6.50,0.0217,true,1,32959
7290000311715,false,עוגיות מן שוקו 300 ג,"רוקחמן בע""מ",IL,מן,גרמים,500.00,100 גרם,false,,6.50,0.0130,true,1,32960
7290000311746,false,עוגיות מן קרמל 300 ג,"רוקחמן בע""מ",IL,מן,גרמים,300.00,100 גרם,false,,6.50,0.0217,true,1,32963
7290000311753,false,עוגיות מן חיטה מלאה,"רוקחמן בע""מ",IL,מן,גרמים,250.00,100 גרם,false,,6.50,0.0260,true,1,56489
7290000311845,false,עוגיות מן חיטה מלאה,"רוקחמן בע""מ",IL,מן,גרמים,200.00,100 גרם,false,,8.90,0.0445,true,1,32964
7290000311869,false,וופל מן שוקולד ללא ס,"רוקחמן בע""מ",IL,מן,גרמים,180.00,100 גרם,false,,7.90,0.0439,true,1,36305
7290000311876,false,וופל מן וניל ללא סוכ,"רוקחמן בע""מ",IL,מן,גרמים,180.00,100 גרם,false,,7.90,0.0439,true,1,32965
7290000311883,false,עוגיות מן גרנולה ללא,"רוקחמן בע""מ",IL,מן,גרמים,200.00,100 גרם,false,,8.90,0.0445,true,1,32966
7290000313160,false,עוגיות שוקולד זהבה 2,אסם,IL,אסם,גרמים,250.00,100 גרם,false,,8.50,0.0340,true,1,32681
7290000313184,false,עוגיות גן חיות וניל,אסם,IL,אסם,גרמים,250.00,100 גרם,false,,8.50,0.0340,true,1,32682
7290000313290,false,נודלס אטריות מסולסלו,טאי רזידנט,TH,אסם,גרמים,200.00,100 גרם,false,,8.90,0.0445,true,1,32684
7290000315126,false,קנור ציר עוף 300גר,אתר חיפה אבקות - Foo,IL,KNORR,גרמים,300.00,100 גרם,false,,25.90,0.0863,true,1,18146
7290000315140,false,קורנפלקס מלא 500 גרם,אתר שפע - Food,IL,TELMA,גרמים,500.00,100 גרם,false,,18.90,0.0378,true,1,18148
7290000318127,false,נקניקיות ביס 380 גרם,מעדני יחיעם,IL,יחיעם,גרמים,380.00,100 גרם,false,,11.90,0.0313,true,1,32369
7290000318493,false,כתף בקר מפולפל,מעדני יחיעם,IL,יחיעם,קילוגרמים,1.00,"ק""ג",true,,99.00,99.0000,true,1,3130
7290000318530,false,רוסטביף יחיעם,מעדני יחיעם,IL,יחיעם,קילוגרמים,1.00,"ק""ג",true,,134.00,134.0000,true,1,3131
7290000318677,false,סלמי סרוולט 150גר,מעדני יחיעם,IL,יחיעם,גרמים,150.00,100 גרם,false,,22.90,0.1527,true,1,32372
7290000318707,false,נקניק סלמי מעושן 500,מעדני יחיעם,IL,יחיעם,גרמים,500.00,100 גרם,false,,29.90,0.0598,true,1,32374
7290000318806,false,נקניק סרוולד,מעדני יחיעם,IL,יחיעם,קילוגרמים,1.00,"ק""ג",true,,139.00,139.0000,true,1,3136
7290000318837,false,קורנדביף בקר,מעדני יחיעם,IL,יחיעם,קילוגרמים,1.00,"ק""ג",true,,99.00,99.0000,true,1,3137
7290000318929,false,סלמי בנוסח צרפתי,מעדני יחיעם,IL,יחיעם,קילוגרמים,1.00,"ק""ג",true,,139.00,139.0000,true,1,3142
7290000318943,false,פסטרמה של פעם 200 גר,מעדני יחיעם,IL,יחיעם,גרמים,200.00,100 גרם,false,,21.90,0.1095,true,1,53145
7290000319124,false,סרוולד 250 גרם,מעדני יחיעם,IL,יחיעם,גרמים,250.00,100 גרם,false,,33.90,0.1356,true,1,32375
7290000319131,false,*מבצע* נקניקיות עוף,מעדני יחיעם,IL,יחיעם,גרמים,400.00,100 גרם,false,,10.90,0.0273,true,1,35856
7290000319704,false,כתף בקר מעושן,מעדני יחיעם,IL,יחיעם,קילוגרמים,1.00,"ק""ג",true,,109.00,109.0000,true,1,3157
7290000319728,false,איטלקי מפולפל,מעדני יחיעם,IL,יחיעם,קילוגרמים,1.00,"ק""ג",true,,69.00,69.0000,true,1,3158
7290000319803,false,קבנוס קלאסי יחיעם 12,מעדני יחיעם,IL,יחיעם,גרמים,125.00,100 גרם,false,,12.90,0.1032,true,1,32380
7290000319834,false,קבנוס פפרוני קלאסי 1,מעדני יחיעם,IL,יחיעם,גרמים,125.00,100 גרם,false,,12.90,0.1032,true,1,32381
7290000321004,false,סופגניה מיוחדת,,,סופגניה מיוחדת,יח,1.00,יח,false,,4.50,4.5000,true,1,60688
7290000334684,false,טבעות בצל 700 גרם,תפוגן,IL,תפוגן,גרמים,700.00,100 גרם,false,,16.90,0.0241,true,1,32687
7290000339191,false,רן אבקת הלבנה,זוהר דליה - 3P Local,IL,BADIN,גרמים,350.00,100 גרם,false,,18.90,0.0540,true,1,18164
7290000341071,false,בדין בייבי 2 ל,אתר ליוור - HPC,IL,BADIN,ליטרים,2.00,ליטר,false,,15.90,7.9500,true,1,18170
7290000345260,false,תה קלאסי 25 יח,ויסוצקי,IL,ויסוצקי,גרמים,38.00,100 גרם,false,,7.90,0.2079,true,1,34544
7290000345284,false,תה קלאסיק 100/1.5 טע,ויסוצקי,IL,ויסוצקי,גרמים,150.00,100 גרם,false,,16.90,0.1127,true,1,34545
7290000345291,false,ארל גריי 25,ויסוצקי,IL,ויסוצקי,גרמים,38.00,100 גרם,false,,15.90,0.4184,true,1,34546
7290000345307,false,*מבצע* ארל גריי 50,ויסוצקי,IL,ויסוצקי,גרמים,75.00,100 גרם,false,,22.90,0.3053,true,1,34547
7290000345536,false,נענע 25,ויסוצקי,IL,ויסוצקי,גרמים,38.00,100 גרם,false,,18.90,0.4974,true,1,34548
7290000346120,false,*מבצע* קסם הקינמון,ויסוצקי,IL,ויסוצקי,גרמים,75.00,100 גרם,false,,16.90,0.2253,true,1,34551
7290000346137,false,*מבצע* הילולי פירות,ויסוצקי,IL,ויסוצקי,גרמים,75.00,100 גרם,false,,16.90,0.2253,true,1,34552
7290000346199,false,*מבצע* פירות יער,ויסוצקי,IL,ויסוצקי,גרמים,75.00,100 גרם,false,,16.90,0.2253,true,1,34556
7290000346205,false,*מבצע* קמומיל 25,ויסוצקי,IL,ויסוצקי,גרמים,38.00,100 גרם,false,,16.90,0.4447,true,1,34557
7290000346212,false,*מבצע* מנטה 25,ויסוצקי,IL,ויסוצקי,גרמים,50.00,100 גרם,false,,16.90,0.3380,true,1,34558
7290000347738,false,*מבצע* תה ירוק נענע,ויסוצקי,IL,ויסוצקי,גרמים,937.00,100 גרם,false,,17.90,0.0191,true,1,34562
7290000347752,false,*מבצע* תה ירוק לימונ,ויסוצקי,IL,ויסוצקי,גרמים,937.50,100 גרם,false,,17.90,0.0191,true,1,34563
7290000355382,false,עגבניות מרוסקות בזיל,"מילוז(1989)בע""""מ",IL,טל,גרמים,800.00,100 גרם,false,,6.90,0.0086,true,1,34267
7290000355412,false,עגבניות מרוסקות עם ש,"מילוז(1989)בע""""מ",IL,טל,גרמים,800.00,100 גרם,false,,6.90,0.0086,true,1,34270
7290000355757,false,עגבניות מרוסקות טל,"מילוז(1989)בע""""מ",IL,טל,גרמים,800.00,100 גרם,false,,6.90,0.0086,true,1,34274
7290000360515,false,מנת קייטרינג הזמנות,יצור עצמי,IL,"מנה 28 ש""ח",יח',1.00,יח',false,,37.00,37.0000,true,1,66781
7290000363011,false,סלמי קוניאק,טירת- צבי,IL,טירת- צבי,קילוגרמים,1.00,"ק""ג",true,,79.00,79.0000,true,1,24490
7290000363189,false,סרוולד,טירת- צבי,IL,טירת- צבי,קילוגרמים,1.00,"ק""ג",true,,145.00,145.0000,true,1,24491
7290000363462,false,סלמי איטלקי,טירת- צבי,IL,טירת- צבי,קילוגרמים,1.00,"ק""ג",true,,79.00,79.0000,true,1,24495
7290000363486,false,סלמי תה,טירת- צבי,IL,טירת- צבי,קילוגרמים,1.00,"ק""ג",true,,50.00,50.0000,true,1,24496
7290000364278,false,סלסולי סלמי איטלקי 1,טירת- צבי,IL,טירת- צבי,גרמים,120.00,100 גרם,false,,13.90,0.1158,true,1,35255
7290000364285,false,סלסולי פסטרמה הודו 1,טירת- צבי,IL,טירת- צבי,גרמים,120.00,100 גרם,false,,13.90,0.1158,true,1,35256
7290000364292,false,סלסולי פסטרמה גחלים,טירת- צבי,IL,טירת- צבי,גרמים,120.00,100 גרם,false,,13.90,0.1158,true,1,35257
7290000364858,false,"נקניקיות עוף  1 ק""ג",טירת- צבי,IL,טירת- צבי,קילוגרמים,1.00,"ק""ג",false,,24.90,24.9000,true,1,35259
7290000364872,false,נקניקיות עוף 400 ג,טירת- צבי,IL,טירת- צבי,גרמים,400.00,100 גרם,false,,10.90,0.0273,true,1,35260
7290000365046,false,כתף בקר מעושן,טירת- צבי,IL,טירת- צבי,קילוגרמים,1.00,"ק""ג",true,,89.00,89.0000,true,1,24512
7290000365107,false,כתף בקר מפולפל,טירת- צבי,IL,טירת- צבי,קילוגרמים,1.00,"ק""ג",true,,89.00,89.0000,true,1,24514
7290000365398,false,פסטרמה הודו בדבש,טירת- צבי,IL,טירת- צבי,קילוגרמים,1.00,"ק""ג",true,,79.00,79.0000,true,1,24517
7290000365909,false,פסטרמה הודו מעושנת,טירת- צבי,IL,טירת- צבי,קילוגרמים,1.00,"ק""ג",true,,79.00,79.0000,true,1,24522
7290000365954,false,פסטרמה הודו גחלים,טירת- צבי,IL,טירת- צבי,קילוגרמים,1.00,"ק""ג",true,,79.00,79.0000,true,1,24523
7290000369341,false,לאבנה אבו גוש 12%,גבינות ניצן,IL,גבינות ניצן,קילוגרמים,1.00,"ק""ג",true,,50.00,50.0000,true,1,6865
7290000377209,false,בוטן מטוגן 200 גרם,"ג'י אנד ג'י בע""מ",IL,קליית גת,גרמים,200.00,100 גרם,false,,6.90,0.0345,true,1,33821
7290000377445,false,מנצס 200 גרם,"ג'י אנד ג'י בע""מ",IL,קליית גת,גרמים,200.00,100 גרם,false,,7.90,0.0395,true,1,33822
7290000377452,false,גרעיני אבטיח קליית ג,"ששון ושות' בע""מ",IL,קליית גת,גרמים,200.00,100 גרם,false,,11.90,0.0595,true,1,33823
7290000379128,false,חלה פרוסה,אנג'ל,IL,אנג'ל,גרמים,500.00,100 גרם,false,,8.90,0.0178,true,1,32356
7290000379258,false,חלה קונדיטוריה ארוזה,אנג'ל,IL,אנג'ל,גרמים,500.00,100 גרם,false,,12.90,0.0258,true,1,35795
7290000400013,false,עוף טרי שלם,משתנה,IL,עוף שלם גורמה,קילוגרמים,1.00,"ק""ג",true,,19.90,19.9000,true,1,24176
7290000400020,false,עוף טרי מפורק,משתנה,IL,עוף מפורק גורמה,קילוגרמים,1.00,"ק""ג",true,,21.90,21.9000,true,1,24177
7290000400037,false,כרעיים עוף טרי פרימי,משתנה,IL,כרעיים עוף גורמה,קילוגרמים,1.00,"ק""ג",true,,29.90,29.9000,true,1,24178
7290000400044,false,שוקיים עוף טרי פרימי,משתנה,IL,שוקיים עוף גורמה,קילוגרמים,1.00,"ק""ג",true,,39.90,39.9000,true,1,24179
7290000400051,false,ירכיים עוף טרי פרימי,משתנה,IL,ירכיים עוף גורמה,קילוגרמים,1.00,"ק""ג",true,,29.90,29.9000,true,1,24180
7290000400068,false,כנפיים עוף טרי פרימי,משתנה,IL,כנפיים עוף גורמה,קילוגרמים,1.00,"ק""ג",true,,16.90,16.9000,true,1,24181
7290000400075,false,חזה עוף חצוי טרי נקי,משתנה,IL,חזה עוף שלם גורמה,קילוגרמים,1.00,"ק""ג",true,,42.90,42.9000,true,1,24182
7290000400082,false,פילה עוף טרי פרימיום,משתנה,IL,פילה שניצל גורמה,קילוגרמים,1.00,"ק""ג",true,,49.90,49.9000,true,1,24183
7290000400099,false,שניצל עוף טרי דק דק,משתנה,IL,שניצל עוף גורמה,קילוגרמים,1.00,"ק""ג",true,,49.90,49.9000,true,1,24184
7290000400112,false,שיפודי פרגיות טרי,משתנה,IL,שיפודי פרגיות גורמה,קילוגרמים,1.00,"ק""ג",true,,69.90,69.9000,true,1,24185
7290000400129,false,סטייק פרגית טרי פרימ,משתנה,IL,סטייק פרגיות גורמה,קילוגרמים,1.00,"ק""ג",true,,69.90,69.9000,true,1,24186
7290000400228,false,טחון עוף טרי,משתנה,IL,טחון עוף גורמה,קילוגרמים,1.00,"ק""ג",true,,49.90,49.9000,true,1,24191
7290000400303,false,שניצל טרי ארוז,,,שניצל טרי ארוז,קילוגרמים,1.00,"ק""ג",true,,32.90,32.9000,true,1,59813
7290000400440,false,פילה עוף טרי ארוז,,,פילה עוף טרי ארוז,קילוגרמים,1.00,"ק""ג",true,,34.90,34.9000,true,1,63494
7290000400617,false,חזה כבש טרי,משתנה,IL,חזה טלה גורמה,קילוגרמים,1.00,"ק""ג",true,,54.90,54.9000,true,1,24198
7290000400624,false,אצבעות אנטריקוט,משתנה,IL,אצבעות אנטריקוט מתובל גור,קילוגרמים,1.00,"ק""ג",true,,79.90,79.9000,true,1,24199
7290000400655,false,כבד בקר טרי,משתנה,IL,כבד בקר טרי גורמה,קילוגרמים,1.00,"ק""ג",true,,29.90,29.9000,true,1,24201
7290000400679,false,לבבות עוף טרי,משתנה,IL,לבבות עוף גורמה,קילוגרמים,1.00,"ק""ג",true,,29.90,29.9000,true,1,24203
7290000400693,false,פרגיות טרי פרימיום,משתנה,IL,פרגיות גורמה,קילוגרמים,1.00,"ק""ג",true,,69.90,69.9000,true,1,24205
7290000400709,false,צוואר כבש טרי,משתנה,IL,צוואר טלה גורמה,קילוגרמים,1.00,"ק""ג",true,,74.90,74.9000,true,1,24206
7290000400716,false,צלעות כבש טרי,משתנה,IL,צלעות טלה גורמה,קילוגרמים,1.00,"ק""ג",true,,189.90,189.9000,true,1,24207
7290000400761,false,כבד עוף טרי,משתנה,IL,כבד עוף טרי גורמה,קילוגרמים,1.00,"ק""ג",true,,24.90,24.9000,true,1,24211
7290000400785,false,גרון עוף טרי,משתנה,IL,גרון עוף גורמה,קילוגרמים,1.00,"ק""ג",true,,12.90,12.9000,true,1,24213
7290000401027,false,חזה הודו טרי,משתנה,IL,חזה הודו נקבה גורמה,קילוגרמים,1.00,"ק""ג",true,,34.90,34.9000,true,1,24216
7290000401034,false,כנפיים הודו טרי,משתנה,IL,כנפיים הודו נקבה גורמה,קילוגרמים,1.00,"ק""ג",true,,15.90,15.9000,true,1,24217
7290000401041,false,גרון הודו טרי פרימיו,משתנה,IL,גרון הודו גורמה,קילוגרמים,1.00,"ק""ג",true,,29.90,29.9000,true,1,24218
7290000401058,false,הודו אדום טרי נקבה,משתנה,IL,הודו אדום נקבה גורמה,קילוגרמים,1.00,"ק""ג",true,,54.90,54.9000,true,1,24219
7290000401089,false,שווארמה הודו טרי,משתנה,IL,שווארמה הודו נקבה גורמה,קילוגרמים,1.00,"ק""ג",true,,69.90,69.9000,true,1,24221
7290000401096,false,רצועות שווארמה טרי,משתנה,IL,רצועות שווארמה גורמה,קילוגרמים,1.00,"ק""ג",true,,74.90,74.9000,true,1,24222
7290000401171,false,טחון הודו אדום טרי,משתנה,IL,טחון הודו אדום גורמה,קילוגרמים,1.00,"ק""ג",true,,59.90,59.9000,true,1,24224
7290000401225,false,שוקיים הודו טרי נקבה,משתנה,IL,שוקיים הודו נקבה גורמה,קילוגרמים,1.00,"ק""ג",true,,29.90,29.9000,true,1,24225
7290000403021,false,צלעות בקר טרי,משתנה,IL,צלעות בקר טרי גורמה,קילוגרמים,1.00,"ק""ג",true,,79.90,79.9000,true,1,24243
7290000403045,false,כתף בקר טרי,משתנה,IL,כתף בקר טרי גורמה,קילוגרמים,1.00,"ק""ג",true,,79.90,79.9000,true,1,24244
7290000403052,false,צלי כתף טרי,משתנה,IL,צלי כתף טרי גורמה,קילוגרמים,1.00,"ק""ג",true,,94.90,94.9000,true,1,24245
7290000403069,false,פילה מדומה טרי,משתנה,IL,פילה מדומה טרי גורמה,קילוגרמים,1.00,"ק""ג",true,,79.90,79.9000,true,1,24246
7290000403076,false,שריר הזרוע טרי,משתנה,IL,שריר הזרוע טרי גורמה,קילוגרמים,1.00,"ק""ג",true,,69.90,69.9000,true,1,24247
7290000403083,false,צוואר בקר טרי ללא עצ,משתנה,IL,צוואר טרי גורמה,קילוגרמים,1.00,"ק""ג",true,,59.90,59.9000,true,1,24248
7290000403175,false,אנטריקוט טרי עם עצם,משתנה,IL,סטייק אנטריקוט עם עצם טרי,קילוגרמים,1.00,"ק""ג",true,,119.90,119.9000,true,1,24251
7290000403182,false,חזה בקר טרי עם עצם,משתנה,IL,חזה עם עצם גורמה,קילוגרמים,1.00,"ק""ג",true,,59.90,59.9000,true,1,24252
7290000403199,false,אסאדו טרי עם עצם,משתנה,IL,אסאדו\ שפונדרה טרי גורמה,קילוגרמים,1.00,"ק""ג",true,,64.90,64.9000,true,1,24253
7290000403205,false,צוואר בקר טרי עם עצם,משתנה,IL,צוואר עם עצם טרי גורמה,קילוגרמים,1.00,"ק""ג",true,,59.90,59.9000,true,1,24254
7290000403212,false,אוסובוקו עגל טרי,משתנה,IL,אוסובוקו טרי גורמה,קילוגרמים,1.00,"ק""ג",true,,69.90,69.9000,true,1,24255
7290000403236,false,עצמות מח,משתנה,IL,עצמות מח גורמה,קילוגרמים,1.00,"ק""ג",true,,34.90,34.9000,true,1,24256
7290000403243,false,עצמות בקר,משתנה,IL,עצמות בקר גורמה,קילוגרמים,1.00,"ק""ג",true,,19.90,19.9000,true,1,24257
7290000405568,false,קוקטייל עוף מקוצב,משתנה,IL,מעורב ירושלמי גורמה,קילוגרמים,1.00,"ק""ג",true,,59.90,59.9000,true,1,24289
7290000405575,false,פילה עוף טרי גורמה,משתנה,IL,פילה שניצל גורמה,קילוגרמים,1.00,"ק""ג",true,,46.90,46.9000,true,1,24290
7290000405582,false,בשר טחון דל שומן טרי,משתנה,IL,בשר טחון דל שומן גורמה,קילוגרמים,1.00,"ק""ג",true,,59.90,59.9000,true,1,24291
7290000405674,false,שייטל טרי,משתנה,IL,שייטל טרי,קילוגרמים,1.00,"ק""ג",true,,99.90,99.9000,true,1,24298
7290000405698,false,שפיץ צאך טרי,משתנה,IL,שייטל טרי,קילוגרמים,1.00,"ק""ג",true,,139.90,139.9000,true,1,24300
7290000405728,false,אונטריב טרי,משתנה,IL,פרגית לתנור גורמה,קילוגרמים,1.00,"ק""ג",true,,79.90,79.9000,true,1,24303
7290000405759,false,כבד הודו טרי,משתנה,IL,כבד הודו טרי גורמה,קילוגרמים,1.00,"ק""ג",true,,16.90,16.9000,true,1,24306
7290000405780,false,אסאדו טרי ללא עצם,משתנה,,שפונדרה טרי ללא עצם,קילוגרמים,1.00,"ק""ג",true,,69.90,69.9000,true,1,24309
7290000405896,false,כתף כבש טרי,משתנה,IL,כתף כבש טרי גורמה,קילוגרמים,1.00,"ק""ג",true,,119.90,119.9000,true,1,24318
7290000405940,false,רצועות פרגית להקפצה,משתנה,IL,רצועות פרגית להקפצה,קילוגרמים,1.00,"ק""ג",true,,64.90,64.9000,true,1,24323
7290000406077,false,שניצל עגל טרי,משתנה,IL,שניצל עגל טרי,קילוגרמים,1.00,"ק""ג",true,,89.90,89.9000,true,1,24334
7290000407227,false,סינטה דק דק טרי,משתנה,,סינטה דק דק טרי,קילוגרמים,1.00,"ק""ג",true,,149.90,149.9000,true,1,29101
7290000407234,false,שומן כבש,משתנה,,שומן כבש,קילוגרמים,1.00,"ק""ג",true,,89.90,89.9000,true,1,29102
7290000407326,false,טחון בקר פרימיום טרי,מעדני גורמה,IL,טחון בקר פרימיום טרי,קילוגרמים,1.00,"ק""ג",true,,59.90,59.9000,true,1,30782
7290000407456,false,דנוור סטייק,משתנה,,דנוור סטייק,קילוגרמים,1.00,"ק""ג",true,,119.90,119.9000,true,1,35700
7290000407470,false,רוסטביף טרי לתנור,משתנה,,רוסטביף טרי לתנור,קילוגרמים,1.00,"ק""ג",true,,84.90,84.9000,true,1,37911
7290000407517,false,כנפית עוף טרי,משתנה,IL,כנפית עוף טרי,קילוגרמים,1.00,"ק""ג",true,,19.90,19.9000,true,1,47702
7290000407524,false,שוקית כנף עוף טרי,משתנה,IL,שוקית כנף עוף טרי,קילוגרמים,1.00,"ק""ג",true,,19.90,19.9000,true,1,47703
7290000407562,false,אוסובוקו הודו,משתנה,,אוסובוקו הודו,קילוגרמים,1.00,"ק""ג",true,,39.90,39.9000,true,1,47983
7290000407586,false,אוסובוקו עוף,משתנה,,אוסובוקו עוף,קילוגרמים,1.00,"ק""ג",true,,29.90,29.9000,true,1,48068
7290000407692,false,כרעיים טרי ארוז,משתנה,,כרעיים טרי ארוז,קילוגרמים,1.00,"ק""ג",true,,24.90,24.9000,true,1,51441
7290000407708,false,חזה עוף ארוז טרי,משתנה,,חזה עוף ארוז טרי,קילוגרמים,1.00,"ק""ג",true,,26.90,26.9000,true,1,51442
7290000407739,false,מעורב ישראלי,,,מעורב ישראלי,קילוגרמים,1.00,"ק""ג",true,,69.90,69.9000,true,1,51561
7290000408156,false,רצועות חזה להקפצה,משתנה,,רצועות חזה להקפצה,קילוגרמים,1.00,"ק""ג",true,,49.90,49.9000,true,1,52681
7290000408316,false,דנונה ביו  3% 200 גר,שטראוס גרופ,IL,שטראוס,גרמים,200.00,100 גרם,false,,3.70,0.0185,true,1,34426
7290000408354,false,בר דנונה פצפוצים,שטראוס גרופ,IL,שטראוס,גרמים,175.00,100 גרם,false,,4.60,0.0263,true,1,34427
7290000409207,false,דואט למרק,,,דואט למרק,קילוגרמים,1.00,"ק""ג",true,,16.90,16.9000,true,1,57154
7290000409252,false,טחון בקר טרי גס פרימ,מעדני גורמה,IL,טחון בקר טרי גס פרימ,קילוגרמים,1.00,"ק""ג",true,,59.90,59.9000,true,1,58405
7290000409313,false,שוקיים טרי ארוז,משתנה,,שוקיים טרי ארוז,קילוגרמים,1.00,"ק""ג",true,,26.90,26.9000,true,1,58812
7290000409344,false,אנטריקוט טרי פרימיום,,,אנטריקוט טרי פרימיום,קילוגרמים,1.00,"ק""ג",true,,179.90,179.9000,true,1,59320
7290000409351,false,אנטריקוט טרי דק פרימ,,,אנטריקוט טרי דק פרימ,קילוגרמים,1.00,"ק""ג",true,,179.90,179.9000,true,1,59321
7290000412481,false,מנקה אסלות 1 ליטר,סנו,IL,OO,ליטרים,1.00,ליטר,false,,8.90,8.9000,true,1,33190
7290000416021,false,ממרח השחר 500 גרם,,,ממרח השחר 500 גרם,גרמים,500.00,100 גרם,false,,13.90,0.0278,true,1,33030
7290000416045,false,"ממרח השחר 1 ק""ג",השחר העולה תעשייות מ,IL,השחר העולה,קילוגרמים,1.00,"ק""ג",false,,23.90,23.9000,true,1,33031
7290000416618,false,ממרח השחר פרווה 400,השחר העולה תעשייות מ,IL,השחר העולה,גרמים,400.00,100 גרם,false,,11.90,0.0298,true,1,33034
7290000416632,false,"ממרח השחר פרווה 1 ק""",השחר העולה תעשייות מ,IL,השחר העולה,קילוגרמים,1.00,"ק""ג",false,,22.90,22.9000,true,1,33035
7290000416854,false,קקאו השחר 150 ג,השחר העולה תעשייות מ,IL,השחר העולה,גרמים,150.00,100 גרם,false,,8.90,0.0593,true,1,33037
7290000418131,false,טופ פד סופר 18,DPL,IL,DPL,יח',18.00,יח',false,,5.90,0.3278,true,1,36964
7290000419107,false,לנדוור כחול המקורי ט,קפה לנדוור,IL,לנדוור,גרמים,100.00,100 גרם,false,,7.90,0.0790,true,1,32688
7290000419220,false,לנדוור לבוקר 3*100 ג,קפה לנדוור,IL,לנדוור,גרמים,300.00,100 גרם,false,,18.90,0.0630,true,1,32690
7290000419909,false,לנדוור אספרסו טחון ט,קפה לנדוור,IL,לנדוור,גרמים,100.00,100 גרם,false,,7.90,0.0790,true,1,32693
7290000420325,false,*מבצע* פופקורן בטעם,Preston farms,US,פופפסטאר,גרמים,500.00,100 גרם,false,,12.90,0.0258,true,1,32996
7290000420332,false,*מבצע* פופקורן בטעם,Preston farms,US,פופפסטאר,גרמים,500.00,100 גרם,false,,12.90,0.0258,true,1,32997
7290000420417,false,גלילונית,"אשפלסט תעשיות בע""מ",IL,גלילונית,יח',60.00,יח',false,,17.90,0.2983,true,1,32998
7290000444401,false,פיקדון 0.30 אג',,,פיקדון 0.30 אג',יח',1.00,יח',false,,0.30,0.3000,true,1,23059
7290000446547,false,חמאת בוטנים ממרח טבע,"בטר אנד דיפרנט בע""מ",IL,בטר אנד דיפרנט,גרמים,350.00,100 גרם,false,,13.90,0.0397,true,1,32435
7290000446554,false,חמאת בוטנים טבעית 1,בטר אנד דיפרנט,IL,חמאת בוטנים טבעית 1,קילוגרמים,1.00,"ק""ג",false,,26.90,26.9000,true,1,56790
7290000446752,false,ממרח שומשום מלא בטעם,"בטר אנד דיפרנט בע""מ",IL,בטר אנד דיפרנט,גרמים,350.00,100 גרם,false,,11.90,0.0340,true,1,32437
7290000449128,false,*מבצע* סיף כללי 4 ל,אתר ליוור - HPC,IL,CIF,ליטרים,4.00,ליטר,false,,17.90,4.4750,true,1,18174
7290000450209,false,טונה פוסידון בשמן 10,פוסידון,IL,פוסידון,גרמים,108.00,100 גרם,false,,5.50,0.0509,true,1,33991
7290000450308,false,טונה פוסידון מים 108,פוסידון,IL,פוסידון,גרמים,108.00,100 גרם,false,,5.50,0.0509,true,1,36758
7290000452159,false,קופון יוחננוף סרדיני,,,קופון יוחננוף סרדיני,יח',1.00,יח',false,,0.01,0.0100,true,1,66049
7290000453019,false,שימרית שמרים טריים ב,"פאקא תעשיות בע""מ",IL,תוצרת מסחרית,גרמים,50.00,100 גרם,false,,4.50,0.0900,true,1,34428
7290000453125,false,שימרית שמרים טרי שקי,"פאקא תעשיות בע""מ",IL,תוצרת מסחרית,גרמים,100.00,100 גרם,false,,7.90,0.0790,true,1,34429
7290000453408,false,בצק פיצה דק  מצונן ו,"פאקא תעשיות בע""מ",FR,שמרית,גרמים,415.00,100 גרם,false,,16.90,0.0407,true,1,51265
7290000453415,false,בצק עלים מצונן ומוכן,"פאקא תעשיות בע""מ",FR,שמרית,גרמים,300.00,100 גרם,false,,15.90,0.0530,true,1,51266
7290000453422,false,בצק פילו מוכן לאפייה,"פאקא תעשיות בע""מ",FR,שמרית,גרמים,300.00,100 גרם,false,,15.90,0.0530,true,1,51267
7290000453781,false,שמרים יבשים שמרית 12,"פאקא תעשיות בע""מ",PT,שמרית,גרמים,125.00,100 גרם,false,,5.90,0.0472,true,1,47147
7290000453798,false,שמרים אקטיבים 500 גר,"פאקא תעשיות בע""מ",IL,פאקא,גרמים,500.00,100 גרם,false,,13.90,0.0278,true,1,34171
7290000453866,false,נטורינה קוקוס לאפייה,"פאקא תעשיות בע""מ",IL,שמרית,גרמים,200.00,100 גרם,false,,7.90,0.0395,true,1,34430
7290000453897,false,מרגרינה בטעם חמאה,"פאקא תעשיות בע""מ",IL,שמרית,גרמים,200.00,100 גרם,false,,5.50,0.0275,true,1,34433
7290000461625,false,שמונה שמונה 400גר',אתר בייגל - Food,IL,B&B,גרמים,400.00,100 גרם,false,,9.90,0.0248,true,1,18175
7290000461656,false,בייגלה אחד אחד 400 ג,אתר בייגל - Food,IL,B&B,גרמים,400.00,100 גרם,false,,9.90,0.0248,true,1,18176
7290000461724,false,גדול גדול שומשום 400,אתר בייגל - Food,IL,B&B,גרמים,400.00,100 גרם,false,,12.90,0.0323,true,1,18178
7290000461793,false,ארוך ארוך 150גר' x16,אתר בייגל - Food,IL,B&B,גרמים,150.00,100 גרם,false,,6.50,0.0433,true,1,18180
7290000462141,false,זחוק תימני אדום חריף,"זהבי הכרם בועז בע""מ-",IL,תוצרת מסחרית,גרמים,150.00,100 גרם,false,,8.90,0.0593,true,1,34435
7290000462172,false,זחוק תימני ירוק חריף,"זהבי הכרם בועז בע""מ-",IL,תוצרת מסחרית,גרמים,150.00,100 גרם,false,,8.90,0.0593,true,1,34436
7290000467320,false,חומוס אבו מרוואן 400,צבר,IL,סלטי צבר,גרמים,400.00,100 גרם,false,,13.90,0.0348,true,1,32713
7290000469638,false,מריטו ספריי לגיהוץ ק,BOLTON GROUP - MER,IT,מריטו,מיליליטרים,500.00,"100 מ""ל",false,,20.90,0.0418,true,1,35021
7290000473628,false,קופון קולה/זירו שישי,,,קופון קולה/זירו שישי,יח',1.00,יח',false,,0.01,0.0100,true,1,23061
7290000474090,false,חלב בקרטון 1%- 1 ליט,טרה,IL,חלב טרה,ליטרים,1.00,ליטר,false,,5.86,5.8600,true,1,34385
7290000474373,false,"שמנת חמוצה 200 מ""ל ב",טרה,IL,טרה,מיליליטרים,200.00,"100 מ""ל",false,,2.40,0.0120,true,1,34386
7290000474502,false,גבינה לבנה 250 גרם 5,טרה,IL,טרה,גרמים,250.00,100 גרם,false,,4.98,0.0199,true,1,34388
7290000474540,false,טוב טעם 3% - 250 גרם,טרה,IL,גבינות טרה,גרמים,250.00,100 גרם,false,,10.90,0.0436,true,1,34389
7290000474908,false,ג.נעם 28% מהדרין,טרה,IL,טרה,קילוגרמים,1.00,"ק""ג",true,,44.70,44.7000,true,1,16009
7290000474960,false,ג.נעם 9% מהדרין,,,ג.נעם 9% מהדרין,קילוגרמים,1.00,"ק""ג",true,,70.00,70.0000,true,1,16011
7290000474977,false,ג.נעם 22% מהדרין,,,ג.נעם 22% מהדרין,קילוגרמים,1.00,"ק""ג",true,,42.50,42.5000,true,1,16012
7290000480107,false,*מבצע* קוואקר פח 500,FRITO-LAY TRADING CO,GB,קוואקר,גרמים,500.00,100 גרם,false,,9.90,0.0198,true,1,34235
7290000481029,false,פיתות מארז 10 יח,,,פיתות מארז 10 יח,יח,10.00,יח,false,,9.90,0.9900,true,1,53775
7290000481043,false,פיתות כוסמין 10 יח,,IL,דגנית,גרמים,700.00,100 גרם,false,,13.90,0.0199,true,1,60476
7290000481074,false,לחם משלושה קמחים מלא,דגנית עין בר,IL,דגנית עין בר,גרמים,750.00,100 גרם,false,,14.90,0.0199,true,1,64349
7290000481883,false,לחמניות אצבע 10 יח,דגנית עין בר,IL,דגנית עין בר,גרמים,750.00,100 גרם,false,,10.90,0.0145,true,1,35457
7290000482019,false,קוקי רגיל שקיות צליה,קוקי,FI,קוקי,יח',10.00,יח',false,,9.90,0.9900,true,1,35022
7290000482033,false,קוקי ענק שקיות צליה,קוקי,FI,קוקי,יח',5.00,יח',false,,9.90,1.9800,true,1,35023
7290000484747,false,"עראק עלית 700 מ""ל",,,עראק עלית,מיליליטרים,700.00,"100 מ""ל",false,,54.90,0.0784,true,1,33813
7290000485546,false,קופון יוחננוף פסטה ל,,,קופון יוחננוף פסטה ל,יח',1.00,יח',false,,0.01,0.0100,true,1,67993
7290000493176,false,אבקת רוטב צלי לבשר 3,אסם,IL,אסם,גרמים,22.00,100 גרם,false,,4.50,0.2045,true,1,32716
7290000493183,false,אבקת רוטב פטריות 3 3,אסם,IL,אסם,גרמים,30.00,100 גרם,false,,4.50,0.1500,true,1,32717
7290000501253,false,בס טרי,משתנה,IL,בס טרי גורמה,קילוגרמים,1.00,"ק""ג",true,,49.90,49.9000,true,1,24356
7290000501291,false,קרפיון טרי,משתנה,IL,קרפיון טרי מנוקה,קילוגרמים,1.00,"ק""ג",true,,29.90,29.9000,true,1,24360
7290000501314,false,בורי טרי,משתנה,IL,בורי טרי גורמה,קילוגרמים,1.00,"ק""ג",true,,49.90,49.9000,true,1,24362
7290000501581,false,אמנון טרי במשקל,משתנה,IL,אמנון טרי גורמה,קילוגרמים,1.00,"ק""ג",true,,38.90,38.9000,true,1,24388
7290000501697,false,דג ברמונדי טרי,משתנה,,דג ברמונדי טרי,קילוגרמים,1.00,"ק""ג",true,,54.90,54.9000,true,1,24391
7290000501826,false,פילה נסיכת הנילוס טר,משתנה,IL,פילה נסיכת הנילוס טר,קילוגרמים,1.00,"ק""ג",true,,84.90,84.9000,true,1,28321
7290000501901,false,פילה דניס טרי יחידה,,,פילה דניס טרי יחידה,יח',1.00,יח',false,,17.90,17.9000,true,1,30071
7290000501925,false,פילה אמנון טרי יחידה,,IL,פילה אמנון טרי יחידה,יח',1.00,יח',false,,14.90,14.9000,true,1,32133
7290000501963,false,פילה לברק טרי יחידה,,,פילה לברק טרי יחידה,יח',1.00,יח',false,,17.90,17.9000,true,1,47680
7290000501987,false,דניס טרי יחידה,,,דניס טרי יחידה,גרמים,400.00,100 גרם,false,,29.90,0.0747,true,1,55640
7290000501994,false,לברק טרי יחידה כ-400,,,לברק טרי יחידה כ-400,גרמים,400.00,100 גרם,false,,34.90,0.0872,true,1,55641
7290000502311,false,פילה סלמון טרי,,,פילה סלמון טרי,קילוגרמים,1.00,"ק""ג",true,,119.90,119.9000,true,1,59271
7290000502526,false,סרדין ים טרי מבצע,,,סרדין ים טרי מבצע,קילוגרמים,1.00,"ק""ג",true,,34.90,34.9000,true,1,62195
7290000504049,false,סוכרזית קנקן,"סוכרזית בע""מ",IL,סוכרזית,גרמים,98.00,100 גרם,false,,18.90,0.1929,true,1,34177
7290000504278,false,סוכרזית,"סוכרזית בע""מ",IL,סוכרזית,גרמים,57.00,100 גרם,false,,14.90,0.2614,true,1,34180
7290000518169,false,מתוק וקל 1000 טבליות,מתוק וקל,IL,מתוק וקל,גרמים,80.00,100 גרם,false,,6.90,0.0863,true,1,32330
7290000518190,false,מתוק וקל סטיביה 100,מתוק וקל,IL,מתוק וקל,גרמים,200.00,100 גרם,false,,24.90,0.1245,true,1,32332
7290000518220,false,סוכרה דיאט 100 שקיות,מתוק וקל,IL,סוכרה דיאט,גרמים,80.00,100 גרם,false,,23.90,0.2987,true,1,32333
7290000518251,false,מתוק וקל זהב 100 שקי,מתוק וקל,IL,מתוק וקל,גרמים,100.00,100 גרם,false,,10.90,0.1090,true,1,32335
7290000518336,false,צמר גפן מתוק מוש,מתוק וקל,,צמר גפן מתוק מוש,גרמים,10.00,100 גרם,false,,4.90,0.4900,true,1,59769
7290000521008,false,*מבצע* יין אדום סגל,ברקן סגל,IL,סגל רגיל,מיליליטרים,750.00,"100 מ""ל",false,,19.90,0.0265,true,1,33649
7290000521404,false,*מבצע* קברנה סוביניו,ברקן סגל,IL,מרום גליל,מיליליטרים,750.00,"100 מ""ל",false,,27.90,0.0372,true,1,33654
7290000521411,false,*מבצע* יין מרום גליל,ברקן סגל,IL,מרום גליל,מיליליטרים,750.00,"100 מ""ל",false,,27.90,0.0372,true,1,33655
7290000522166,false,חלב הרים טהור 3% ללא,"מחלבות רמה""ג",IL,חלב הרים,ליטרים,1.00,ליטר,false,,10.50,10.5000,true,1,16062
7290000523125,false,מלח ים 250 גרם,מלח הארץ אילת,IL,מלח הארץ,גרמים,250.00,100 גרם,false,,5.40,0.0216,true,1,34565
7290000523224,false,מלח ים 500 גרם,מלח הארץ אילת,IL,מלח הארץ,גרמים,500.00,100 גרם,false,,7.90,0.0158,true,1,34566
7290000523521,false,מלח מועשר יוד 250 גר,מלח הארץ אילת,IL,מלח הארץ,גרמים,250.00,100 גרם,false,,5.90,0.0236,true,1,34568
7290000523804,false,"מלח עדין 1 ק""ג צנצנת",מלח הארץ אילת,IL,מלח הארץ,קילוגרמים,1.00,"ק""ג",false,,6.90,6.9000,true,1,34569
7290000523811,false,"מלח גס 1 ק""ג צנצנת",מלח הארץ אילת,IL,מלח הארץ,קילוגרמים,1.00,"ק""ג",false,,6.90,6.9000,true,1,34570
7290000525662,false,לחמניות קשר 5 יח,,,לחמניות קשר 5 יח,יח',5.00,יח',false,,11.90,2.3800,true,1,61965
7290000525969,false,מיץ תפוזים סחוט 1 לי,"גניר (1992) בע""מ",IL,תוצרת מסחרית,ליטרים,1.00,ליטר,false,,15.90,15.9000,true,1,34440
7290000530024,false,סלמי תה מעושן,זוגלובק,IL,זוגלובק,קילוגרמים,1.00,"ק""ג",true,,49.00,49.0000,true,1,25531
7290000530048,false,סלמי פפרוני,זוגלובק,IL,זוגלובק,קילוגרמים,1.00,"ק""ג",true,,58.00,58.0000,true,1,25533
7290000530062,false,סלמי מעושן איטלקי,זוגלובק,IL,זוגלובק,קילוגרמים,1.00,"ק""ג",true,,80.00,80.0000,true,1,25534
7290000530086,false,*מבצע* סלמי מעושן 70,זוגלובק,IL,זוגלובק,גרמים,600.00,100 גרם,false,,24.90,0.0415,true,1,35382
7290000530109,false,זוג קבאנוס וואקום,זוגלובק,IL,זוגלובק,גרמים,360.00,100 גרם,false,,24.90,0.0692,true,1,35383
7290000530116,false,סלמי בשן 470 גרם,זוגלובק,IL,זוגלובק,גרמים,470.00,100 גרם,false,,24.90,0.0530,true,1,35384
7290000530178,false,סלמי קוניאק,זוגלובק,IL,זוגלובק,קילוגרמים,1.00,"ק""ג",true,,85.00,85.0000,true,1,25539
7290000530192,false,סרבלד,זוגלובק,IL,זוגלובק,קילוגרמים,1.00,"ק""ג",true,,124.00,124.0000,true,1,25540
7290000530260,false,מרטדלה,זוגלובק,IL,זוגלובק,קילוגרמים,1.00,"ק""ג",true,,36.00,36.0000,true,1,25541
7290000530369,false,פסטרמה גולן,זוגלובק,IL,זוגלובק,קילוגרמים,1.00,"ק""ג",true,,79.00,79.0000,true,1,25543
7290000530413,false,המבורגר זהב 400 ג,זוגלובק,IL,זוגלובק,גרמים,400.00,100 גרם,false,,19.90,0.0497,true,1,35386
7290000530444,false,כתף בקר מעושן,זוגלובק,IL,זוגלובק,קילוגרמים,1.00,"ק""ג",true,,109.00,109.0000,true,1,25545
7290000530468,false,נקניקיות וינר 1 קג,זוגלובק,IL,זוגלובק,קילוגרמים,1.00,"ק""ג",false,,24.90,24.9000,true,1,35387
7290000530703,false,נקניק תה +חרמון 800,זוגלובק,IL,זוגלובק,גרמים,800.00,100 גרם,false,,25.90,0.0324,true,1,35390
7290000531410,false,פסטרמה בדבש טהור,זוגלובק,IL,זוגלובק,קילוגרמים,1.00,"ק""ג",true,,79.00,79.0000,true,1,25550
7290000531601,false,סטיק בורגר 400 גרם,זוגלובק,IL,זוגלובק,גרמים,400.00,100 גרם,false,,19.90,0.0497,true,1,35391
7290000532400,false,פסטרמה ברביקיו,זוגלובק,IL,זוגלובק,קילוגרמים,1.00,"ק""ג",true,,79.00,79.0000,true,1,25555
7290000532721,false,טורו כתף בקר פלפל,זוגלובק,IL,זוגלובק,קילוגרמים,1.00,"ק""ג",true,,99.00,99.0000,true,1,27937
7290000533353,false,בצק עלים 1 קג,זוגלובק,IL,זוגלובק,קילוגרמים,1.00,"ק""ג",false,,13.90,13.9000,true,1,35392
7290000534718,false,פסטרמה תבור דל שומן,זוגלובק,IL,זוגלובק,קילוגרמים,1.00,"ק""ג",true,,79.00,79.0000,true,1,25560
7290000536743,false,קריספי סטיקס תירס,זוגלובק,IL,זוגלובק,גרמים,500.00,100 גרם,false,,12.90,0.0258,true,1,35394
7290000537566,false,נקניקיות עוף 400 גרם,זוגלובק,IL,זוגלובק,גרמים,400.00,100 גרם,false,,9.90,0.0248,true,1,35396
7290000537603,false,נקניקיות עוף 1 קג,זוגלובק,IL,זוגלובק,קילוגרמים,1.00,"ק""ג",false,,24.90,24.9000,true,1,35397
7290000551234,false,שאריות נקניק,,,שאריות נקניק,קילוגרמים,1.00,"ק""ג",true,,25.00,25.0000,true,1,23064
7290000554006,false,קאשקבל משולשים 26%,מחלבות גד,IL,מחלבות גד,קילוגרמים,1.00,"ק""ג",true,,125.00,125.0000,true,1,44383
7290000554402,false,מלבי,מחלבות גד,IL,מחלבות גד,גרמים,160.00,100 גרם,false,,5.90,0.0369,true,1,33939
7290000554457,false,צפתית 5% 350 גר,מחלבות גד,IL,מחלבות גד,גרמים,350.00,100 גרם,false,,21.90,0.0626,true,1,33940
7290000554471,false,מוצרלה 180 גרם,מחלבות גד,IL,מחלבות גד,גרמים,180.00,100 גרם,false,,17.90,0.0994,true,1,33941
7290000554532,false,צפתית מעודנת 5% 200ג,מחלבות גד,IL,מחלבות גד,גרמים,200.00,100 גרם,false,,14.90,0.0745,true,1,33942
7290000554600,false,מוצרלה מגורדת,מחלבות גד,IL,מחלבות גד,גרמים,300.00,100 גרם,false,,26.90,0.0897,true,1,33943
7290000554624,false,ירח מתוק,מחלבות גד,IL,מחלבות גד,גרמים,150.00,100 גרם,false,,5.90,0.0393,true,1,33944
7290000554655,false,מוצרלה נקניק מעושן 2,מחלבות גד,IL,מחלבות גד,קילוגרמים,1.00,"ק""ג",true,,85.00,85.0000,true,1,44384
7290000554662,false,בולגרית למריחה 10%,מחלבות גד,IL,מחלבות גד,קילוגרמים,1.00,"ק""ג",true,,47.00,47.0000,true,1,13640
7290000554686,false,לבנה שמן זית זעתר,מחלבות גד,IL,מחלבות גד,גרמים,250.00,100 גרם,false,,14.90,0.0596,true,1,33946
7290000554754,false,מוצרלה בייבי  18% מה,מחלבות גד,IL,מחלבות גד,קילוגרמים,1.00,"ק""ג",true,,93.00,93.0000,true,1,44385
7290000554792,false,בולגרית מעודנת 5%,דשן,IL,מחלבות גד,קילוגרמים,1.00,"ק""ג",true,,60.00,60.0000,true,1,13643
7290000554815,false,מוצרלה 22%,מחלבות גד,IL,מחלבות גד,קילוגרמים,1.00,"ק""ג",true,,80.00,80.0000,true,1,44386
7290000554822,false,ריקוטה,מחלבות גד,IL,מחלבות גד,גרמים,250.00,100 גרם,false,,14.90,0.0596,true,1,33949
7290000554839,false,מסקרפונה 250 גרם,מחלבות גד,IL,מחלבות גד,גרמים,250.00,100 גרם,false,,21.90,0.0876,true,1,33950
7290000554891,false,בולגרית מעודנת 16%,דשן,IL,מחלבות גד,קילוגרמים,1.00,"ק""ג",true,,60.00,60.0000,true,1,13647
7290000554969,false,גבינת שמנת טבעית 30%,מחלבות גד,IL,מחלבות גד,קילוגרמים,1.00,"ק""ג",true,,45.00,45.0000,true,1,13651
7290000554976,false,גבינת שמנת זיתים 30%,מחלבות גד,IL,מחלבות גד,קילוגרמים,1.00,"ק""ג",true,,45.00,45.0000,true,1,13652
7290000554983,false,לאבנה 5%,מחלבות גד,IL,מחלבות גד,קילוגרמים,1.00,"ק""ג",true,,39.00,39.0000,true,1,13653
7290000556352,false,סופגניה רגילה,,,סופגניה רגילה,יח,1.00,יח,false,,3.90,3.9000,true,1,56801
7290000560533,false,ג'ל גילוח ירוק לעור,אנרג'ייזר,US,אדג',מיליליטרים,200.00,"100 מ""ל",false,,15.90,0.0795,true,1,33000
7290000560540,false,ג'ל גילוח כתום לעור,אנרג'ייזר,US,אדג',מיליליטרים,200.00,"100 מ""ל",false,,15.90,0.0795,true,1,33001
7290000571386,false,*מבצע* יוגורט כבשים,מחלבה בית יצחק,IL,בית יצחק,גרמים,850.00,100 גרם,false,,19.90,0.0234,true,1,34841
7290000572208,false,חלוה 100 גרם אחוה,"אחדות ביח""ר לטחינה ח",IL,אחוה,גרמים,100.00,100 גרם,false,,2.90,0.0290,true,1,32468
7290000572222,false,חלוה בלוק 500 גרם אח,"אחדות ביח""ר לטחינה ח",IL,אחוה,גרמים,500.00,100 גרם,false,,10.90,0.0218,true,1,32469
7290000572628,false,חטיפי חלוה ללא תוספת,"אחדות ביח""ר לטחינה ח",IL,אחוה,גרמים,275.00,100 גרם,false,,12.90,0.0469,true,1,32470
7290000572673,false,"חלוה בקופסת שי ""חטיף","אחדות ביח""ר לטחינה ח",IL,אחוה,גרמים,300.00,100 גרם,false,,12.90,0.0430,true,1,32472
7290000572819,false,טחינה גולמית אחוה 1,"אחדות ביח""ר לטחינה ח",,טחינה גולמית אחוה 1,קילוגרמים,1.00,"ק""ג",false,,19.90,19.9000,true,1,66766
7290000574035,false,לחם אחיד פרוס 750 גר,דגנית עין בר,IL,לחם אחיד פרוס 750 גר,גרמים,750.00,100 גרם,false,,5.90,0.0079,true,1,37648
7290000574066,false,לחם מלא עם שיפון,דגנית עין בר,IL,לחם מלא עם שיפון,גרמים,750.00,100 גרם,false,,13.90,0.0185,true,1,35458
7290000574141,false,לחם חיטה מלא,דגנית עין בר,IL,לחם חיטה מלא,גרמים,750.00,100 גרם,false,,11.90,0.0159,true,1,35460
7290000574172,false,לחם קל מחיטה מלאה,דגנית עין בר,IL,לחם קל מחיטה מלאה,גרמים,750.00,100 גרם,false,,11.90,0.0159,true,1,35461
7290000574370,false,לחם שיפון אמיתי קל,דגנית עין בר,IL,לחם שיפון אמיתי קל,גרמים,750.00,100 גרם,false,,13.90,0.0185,true,1,37652
7290000574455,false,לחם  חיטה וכוסמין,דגנית עין בר,IL,לחם  חיטה וכוסמין,גרמים,750.00,100 גרם,false,,13.90,0.0185,true,1,35463
7290000584621,false,קופון יוחננוף ספרינג,,,קופון יוחננוף ספרינג,יח',1.00,יח',false,,0.01,0.0100,true,1,65565
7290000584867,false,קופון יוחננוף מגוון,,,קופון יוחננוף מגוון,יח',1.00,יח',false,,0.01,0.0100,true,1,67992
7290000599434,false,3 סחבות לרצפה Shiny,נועם אורים תעשיות בע,IL,Shiny,יח',3.00,יח',false,,7.90,2.6333,true,1,36089
7290000599564,false,צמר פלדה Classic,,,צמר פלדה Classic,1,70.00,1,false,,2.90,0.0414,true,1,46805
7290000599946,false,6 ספוגי הפלא Shiny,מ.א ייצור ושיווק מטל,IL,Shiny,יח',6.00,יח',false,,4.90,0.8167,true,1,36093
7290000623559,false,צדר אנגלי כתום,שבינגטון,GB,שבינגטון,קילוגרמים,1.00,"ק""ג",true,,109.00,109.0000,true,1,27126
7290000644783,false,סלמון מנות רביעיה תנ,טרוטל,NO,דגי תנובה,קילוגרמים,1.00,"ק""ג",true,,79.90,79.9000,true,1,45937
7290000646299,false,פילה נסיכת הנילוס תנ,,,פילה נסיכת הנילוס תנ,קילוגרמים,1.00,"ק""ג",true,,54.90,54.9000,true,1,53777
7290000647814,false,סופגניה מיני 6ב14,,,סופגניה מיני 6ב14,יח,6.00,יח,false,,14.00,2.3333,true,1,67883
7290000654270,false,חזה עוף קפוא מחפוד,,,חזה עוף קפוא מחפוד,קילוגרמים,1.00,"ק""ג",true,,24.90,24.9000,true,1,26914
7290000654294,false,שניצל עוף מחפוד קפוא,,,שניצל עוף מחפוד קפוא,קילוגרמים,1.00,"ק""ג",true,,29.90,29.9000,true,1,26915
7290000659312,false,פילה סלמון תנובה קפו,,,תנובה,קילוגרמים,1.00,"ק""ג",true,,69.90,69.9000,true,1,45941
7290000663036,false,פילה אמנון ללא עור ת,,,פילה אמנון ללא עור ת,קילוגרמים,1.00,"ק""ג",true,,34.90,34.9000,true,1,65411
7290000684345,false,*מבצע* שלישיית פילטר,בריטה,,בריטה,יח',1.00,יח',false,,89.00,89.0000,true,1,34133
7290000688374,false,מים מינרליים מי עדן,מי עדן,IL,מי עדן,ליטרים,1.98,ליטר,false,,14.90,7.5253,true,1,33744
7290000688381,false,מים מינרליים מי עדן,מי עדן,IL,מי עדן,ליטרים,3.00,ליטר,false,,13.90,4.6333,true,1,33745
7290000688503,false,מים מינרליים מי עדן,מי עדן,IL,מי עדן,ליטרים,4.50,ליטר,false,,15.90,3.5333,true,1,33746
7290000692203,false,*מבצע* אג'קס ניקוי ר,Colgate - Greece,GR,אג'קס,ליטרים,2.00,ליטר,false,,19.90,9.9500,true,1,35025
7290000692210,false,*מבצע* אג'קס ניקוי ר,Colgate - Greece,GR,אג'קס,ליטרים,2.00,ליטר,false,,19.90,9.9500,true,1,35026
7290000692227,false,פלמוליב צילינדר קלאס,Colgate - Greece,GR,פלמוליב  כלים,ליטרים,1.00,ליטר,false,,13.90,13.9000,true,1,35027
7290000694108,false,חטיף דבאייל 230 גרם,,,חטיף דבאייל 230 גרם,גרמים,230.00,100 גרם,false,,9.90,0.0430,true,1,35804
7290000698571,false,שווארמה פרגית במשקל,יצור עצמי,IL,שווארמה פרגית,קילוגרמים,1.00,"ק""ג",true,,99.00,99.0000,true,1,371
7290000749563,false,קופון יוחננוף פיניש,,,קופון יוחננוף פיניש,יח',1.00,יח',false,,0.01,0.0100,true,1,67501
7290000749853,false,מארז פחיות קוקה קולה,,,מארז פחיות קוקה קולה,ליטרים,4.95,ליטר,false,,34.90,7.0505,true,1,62463
7290000771175,false,*מבצע* פילה סלמון,יצור עצמי,IL,פילה סלומון,קילוגרמים,1.00,"ק""ג",true,,99.00,99.0000,true,1,381
7290000777252,false,סלט ירקות קצוץ,יצור עצמי,IL,סלט ירקות קצוץ,קילוגרמים,1.00,"ק""ג",true,,39.00,39.0000,true,1,391
7290000777306,false,פטריות מוקפצות,יצור עצמי,IL,פטריות מוקפצות,קילוגרמים,1.00,"ק""ג",true,,59.00,59.0000,true,1,393
7290000777887,false,מרק היום,יצור עצמי,IL,מרק היום,קילוגרמים,1.00,"ק""ג",true,,29.00,29.0000,true,1,408
7290000777993,false,שעועית לבנה ברוטב,יצור עצמי,IL,שעועית לבנה,קילוגרמים,1.00,"ק""ג",true,,45.00,45.0000,true,1,415
7290000784519,false,קופון יוחננוף נייר א,,,קופון יוחננוף נייר א,יח',1.00,יח',false,,0.01,0.0100,true,1,67994
7290000795812,false,כדורי פירה במילוי,יצור עצמי,IL,סיגרים מטוגנים,קילוגרמים,1.00,"ק""ג",true,,59.00,59.0000,true,1,51539
7290000800127,false,מקרל בעישון קר,,,פלמידה בעישון קר,קילוגרמים,1.00,"ק""ג",true,,70.00,70.0000,true,1,19833
7290000803067,false,אלמקס ילדים משחת שינ,CP-Poland swidnica,PL,אלמקס,גרמים,75.00,100 גרם,false,,15.90,0.2120,true,1,35031
7290000803180,false,*מבצע* מרידול שטיפה,,,מרידול מי פה,מיליליטרים,400.00,"100 מ""ל",false,,24.90,0.0622,true,1,35032
7290000805597,false,בונזו סניור 7+ 3 קג,"ביופט בע""מ",IL,בונזו,קילוגרמים,3.00,"ק""ג",false,,49.90,16.6333,true,1,37378
7290000823324,false,מרק בשרי יחידה,,,מרק בשרי יחידה,יחידה,0.00,יחידה,false,,19.90,0.0000,true,1,61801
7290000848549,false,קופון יוחננוף פרסיל,,,קופון יוחננוף פרסיל,יח',1.00,יח',false,,0.01,0.0100,true,1,63378
7290000866208,false,מרגז,יצור עצמי,IL,נקניקיות מרגז,קילוגרמים,1.00,"ק""ג",true,,69.00,69.0000,true,1,430
7290000866222,false,פלפל ממולא,יצור עצמי,IL,פלפל ממולא צמחוני,קילוגרמים,1.00,"ק""ג",true,,59.00,59.0000,true,1,432
7290000881195,false,קרפלך במילוי,יצור עצמי,IL,קרפלך במילוי,קילוגרמים,1.00,"ק""ג",true,,59.00,59.0000,true,1,437
7290000883373,false,קציצות עוף,יצור עצמי,IL,קציצות עוף,קילוגרמים,1.00,"ק""ג",true,,59.00,59.0000,true,1,438
7290000884424,false,לביבות,יצור עצמי,IL,לביבות,קילוגרמים,1.00,"ק""ג",true,,59.00,59.0000,true,1,439
7290000888019,false,*מבצע* אורז במבחר טע,יצור עצמי,IL,אורז במבחר טעמים,קילוגרמים,1.00,"ק""ג",true,,19.00,19.0000,true,1,440
7290000888026,false,"*מבצע* תפו""א אפוי",יצור עצמי,IL,"תפו""א אפוי",קילוגרמים,1.00,"ק""ג",true,,19.00,19.0000,true,1,441
7290000888040,false,*מבצע* שניצל,יצור עצמי,IL,שניצל,קילוגרמים,1.00,"ק""ג",true,,49.00,49.0000,true,1,442
7290000888071,false,*מבצע* פילה אמנון בר,יצור עצמי,IL,דג מושט,קילוגרמים,1.00,"ק""ג",true,,45.00,45.0000,true,1,444
7290000888095,false,נסיכת הנילוס ברוטב,יצור עצמי,IL,דג נסיכה,קילוגרמים,1.00,"ק""ג",true,,89.00,89.0000,true,1,446
7290000888101,false,קציצות דגים,יצור עצמי,IL,קציצות דגים,קילוגרמים,1.00,"ק""ג",true,,59.00,59.0000,true,1,447
7290000888125,false,קוסקוס,יצור עצמי,IL,קוסקוס,קילוגרמים,1.00,"ק""ג",true,,29.00,29.0000,true,1,448
7290000888156,false,אפונה עם גזר,יצור עצמי,IL,אפונה עם גזר,קילוגרמים,1.00,"ק""ג",true,,45.00,45.0000,true,1,449
7290000888194,false,מוסקה,יצור עצמי,IL,מוסקה,קילוגרמים,1.00,"ק""ג",true,,79.00,79.0000,true,1,451
7290000888217,false,*מבצע* סיגרים/פסטלים,יצור עצמי,IL,סיגרים מטוגנים,קילוגרמים,1.00,"ק""ג",true,,39.00,39.0000,true,1,452
7290000888248,false,קציצות בקר,יצור עצמי,IL,קציצות בקר,קילוגרמים,1.00,"ק""ג",true,,59.00,59.0000,true,1,453
7290000888286,false,*מבצע* פרגיות על האש,יצור עצמי,IL,פרגיות על האש,קילוגרמים,1.00,"ק""ג",true,,79.00,79.0000,true,1,455
7290000888385,false,פתיתים,יצור עצמי,IL,פתיתים סוגים,קילוגרמים,1.00,"ק""ג",true,,35.00,35.0000,true,1,461
7290000888415,false,ספגטי,יצור עצמי,IL,ספגטי,קילוגרמים,1.00,"ק""ג",true,,39.00,39.0000,true,1,463
7290000888422,false,פירה,יצור עצמי,IL,פירה,קילוגרמים,1.00,"ק""ג",true,,35.00,35.0000,true,1,464
7290000888446,false,*מבצע* חזה עוף בגריל,יצור עצמי,IL,חזה עוף בגריל,קילוגרמים,1.00,"ק""ג",true,,49.00,49.0000,true,1,466
7290000888668,false,*מבצע* עוף שלם בגריל,יצור עצמי,IL,עוף שלם בגריל,יח',1.00,יח',false,,35.00,35.0000,true,1,470
7290000888859,false,אגרול מטוגן,יצור עצמי,IL,פסטלים/אגרול,קילוגרמים,1.00,"ק""ג",true,,59.00,59.0000,true,1,476
7290000888866,false,*מבצע* קובה מטוגנת,יצור עצמי,IL,קובה מטוגנת,קילוגרמים,1.00,"ק""ג",true,,39.00,39.0000,true,1,477
7290000888910,false,פסטה בולונז,יצור עצמי,IL,פסטה בולונז,קילוגרמים,1.00,"ק""ג",true,,49.00,49.0000,true,1,482
7290000888934,false,אורז מלא,יצור עצמי,IL,אורז מלא,קילוגרמים,1.00,"ק""ג",true,,39.00,39.0000,true,1,483
7290000888941,false,ציפס במשקל,יצור עצמי,IL,ציפס,קילוגרמים,1.00,"ק""ג",true,,29.00,29.0000,true,1,484
7290000888972,false,בטטה אפויה,יצור עצמי,IL,בטטה בעשבי תיבול,קילוגרמים,1.00,"ק""ג",true,,35.00,35.0000,true,1,485
7290000889054,false,קבב בקר,יצור עצמי,IL,קבב בקר,קילוגרמים,1.00,"ק""ג",true,,69.00,69.0000,true,1,489
7290000889146,false,פרגית במילוי,יצור עצמי,IL,פרגית במילוי שזיפים,קילוגרמים,1.00,"ק""ג",true,,89.00,89.0000,true,1,497
7290000889191,false,אפונה,יצור עצמי,IL,אפונה,קילוגרמים,1.00,"ק""ג",true,,45.00,45.0000,true,1,498
7290000895413,false,קופון יוחננוף מטליות,,,קופון יוחננוף מטליות,יח',1.00,יח',false,,0.01,0.0100,true,1,66048
7290000899114,false,תוספת לחמניה,,,תוספת לחמניה,יח',1.00,יח',false,,1.50,1.5000,true,1,48292
7290000911014,false,ארוחת עובד יוחננוף,יצור עצמי,IL,ארוחת עובד,יח',1.00,יח',false,,15.00,15.0000,true,1,505
7290000911236,false,כוסמת,יצור עצמי,IL,כוסמת,קילוגרמים,1.00,"ק""ג",true,,35.00,35.0000,true,1,507
7290000911243,false,בורגול חם,יצור עצמי,IL,בורגול פקאן,קילוגרמים,1.00,"ק""ג",true,,45.00,45.0000,true,1,508
7290000911250,false,*מבצע* מוקפץ נודלס ו,יצור עצמי,IL,מוקפץ נודלס וירקות,קילוגרמים,1.00,"ק""ג",true,,29.00,29.0000,true,1,509
7290000911274,false,אנטיפסטי,יצור עצמי,IL,אנטיפסטי,קילוגרמים,1.00,"ק""ג",true,,59.00,59.0000,true,1,510
7290000911311,false,מרק קוסקוס,יצור עצמי,IL,מרק קוסקוס,קילוגרמים,1.00,"ק""ג",true,,39.00,39.0000,true,1,512
7290000911342,false,זיתים ברוטב עגבניות,יצור עצמי,IL,זיתים ברוטב עגבניות,קילוגרמים,1.00,"ק""ג",true,,55.00,55.0000,true,1,515
7290000911359,false,שעועית ירוקה מוקפצת,יצור עצמי,IL,שעועית ירוקה מוקפצת,קילוגרמים,1.00,"ק""ג",true,,45.00,45.0000,true,1,516
7290000911366,false,במיה ברוטב עגבניות,יצור עצמי,IL,במיה ברוטב עגבניות,קילוגרמים,1.00,"ק""ג",true,,45.00,45.0000,true,1,517
7290000911397,false,*מבצע* שניצלונים,יצור עצמי,IL,שניצלונים,קילוגרמים,1.00,"ק""ג",true,,49.00,49.0000,true,1,520
7290000911533,false,מוקפץ פרגיות,יצור עצמי,IL,מוקפץ פרגיות,קילוגרמים,1.00,"ק""ג",true,,69.00,69.0000,true,1,526
7290000911564,false,*מבצע* צלי בקר,יצור עצמי,IL,צלי בקר ביין אדום,קילוגרמים,1.00,"ק""ג",true,,89.00,89.0000,true,1,528
7290000911601,false,אושפלאו בשרי,יצור עצמי,IL,אושפילו בשרי,קילוגרמים,1.00,"ק""ג",true,,59.00,59.0000,true,1,530
7290000911687,false,*מבצע* כרעיים,,,*מבצע* כרעיים,קילוגרמים,1.00,"ק""ג",true,,49.00,49.0000,true,1,532
7290000911755,false,לשון בקר,יצור עצמי,IL,לשון בקר ברוטב סלרי,קילוגרמים,1.00,"ק""ג",true,,99.00,99.0000,true,1,533
7290000912349,false,כדורי מוצרלה 22%,מחלבת פרי זה לי,IL,מחלבת פרי זה לי,קילוגרמים,1.00,"ק""ג",true,,69.00,69.0000,true,1,7512
7290000919928,false,זוג מסכות KN95,,,זוג מסכות KN95,יח',2.00,יח',false,,9.90,4.9500,true,1,54090
7290000930190,false,סלט פלפלים אש טוניסא,,,סלט פלפלים אש טוניסא,קילוגרמים,1.00,"ק""ג",true,,65.00,65.0000,true,1,59343
7290000944456,false,חמוצים-זיתים,,,חמוצים-זיתים במשקל,קילוגרמים,1.00,"ק""ג",true,,49.00,49.0000,true,1,23077
7290000944463,false,חמוצים- מלפפון,,,חמוצים- מלפפון במשקל,קילוגרמים,1.00,"ק""ג",true,,40.00,40.0000,true,1,25989
7290000944487,false,חמוצים- פלפל,,,חמוצים- פלפל במשקל,קילוגרמים,1.00,"ק""ג",true,,45.00,45.0000,true,1,23079
7290000946580,false,תיק רב פעמי יוחננוף,,,תיק רב פעמי יוחננוף,יח',1.00,יח',false,,3.90,3.9000,true,1,37572
7290000963457,false,משטח עץ שבור,,,משטח עץ שבור,יח',1.00,יח',false,,3.00,3.0000,true,1,51819
7290000963631,false,משטח עץ,,,משטח עץ,יח',1.00,יח',false,,6.00,6.0000,true,1,51820
7290000966151,false,קובה ברוטב,יצור עצמי,IL,קובה במיה,קילוגרמים,1.00,"ק""ג",true,,69.00,69.0000,true,1,564
7290000966182,false,כרוב ממולא,יצור עצמי,IL,כרוב ממולא,קילוגרמים,1.00,"ק""ג",true,,79.00,79.0000,true,1,566
7290000971124,false,תבשיל גולש במשקל,יצור עצמי,IL,גולש הונגרי,קילוגרמים,1.00,"ק""ג",true,,89.00,89.0000,true,1,572
7290000976433,false,קשיו קלוי תפזורת,"דין שיווק וקלייה בע""",VN,תפזורת - ללא מותג,קילוגרמים,1.00,"ק""ג",true,,89.00,89.0000,true,1,24875
7290000976457,false,גרעין אבטיח קלוי תפז,"דין שיווק וקלייה בע""",IL,תפזורת - ללא מותג,קילוגרמים,1.00,"ק""ג",true,,59.00,59.0000,true,1,24876
7290000976471,false,גרעיני דלעת קלופים ת,"דין שיווק וקלייה בע""",CN,תפזורת - ללא מותג,קילוגרמים,1.00,"ק""ג",true,,55.00,55.0000,true,1,24877
7290000976501,false,צימוק חום תפזורת,"דין שיווק וקלייה בע""",US,תפזורת - ללא מותג,קילוגרמים,1.00,"ק""ג",true,,28.00,28.0000,true,1,24878
7290000976532,false,אפונה תפזורת,"דין שיווק וקלייה בע""",CN,תפזורת - ללא מותג,קילוגרמים,1.00,"ק""ג",true,,55.00,55.0000,true,1,24879
7290000976556,false,צנובר במשקל תפזורת,"דין שיווק וקלייה בע""",CN,תפזורת - ללא מותג,קילוגרמים,1.00,"ק""ג",true,,195.00,195.0000,true,1,24880
7290000976594,false,פול מצרי תפזורת,"דין שיווק וקלייה בע""",CN,תפזורת - ללא מותג,קילוגרמים,1.00,"ק""ג",true,,55.00,55.0000,true,1,24881
7290000976600,false,משמש מיובש תפזורת,"דין שיווק וקלייה בע""",TR,תפזורת - ללא מותג,קילוגרמים,1.00,"ק""ג",true,,54.00,54.0000,true,1,24882
7290000976662,false,'פקאן טבעי במשקל תפז,"דין שיווק וקלייה בע""",US,תפזורת - ללא מותג,קילוגרמים,1.00,"ק""ג",true,,99.00,99.0000,true,1,24883
7290000976716,false,תירס /סויה תפזורת,"דין שיווק וקלייה בע""",CN,תפזורת - ללא מותג,קילוגרמים,1.00,"ק""ג",true,,47.00,47.0000,true,1,24884
7290000976747,false,בונדוק קלוי תפזורת,"דין שיווק וקלייה בע""",TR,תפזורת - ללא מותג,קילוגרמים,1.00,"ק""ג",true,,89.00,89.0000,true,1,24885
7290000976754,false,מנצ'ס תפזורת,"דין שיווק וקלייה בע""",NL,תפזורת - ללא מותג,קילוגרמים,1.00,"ק""ג",true,,47.00,47.0000,true,1,24886
7290000976761,false,אגוזים קלופים תפזורת,"דין שיווק וקלייה בע""",US,תפזורת - ללא מותג,קילוגרמים,1.00,"ק""ג",true,,59.00,59.0000,true,1,24887
7290000976778,false,שקד מולבן משובב,"דין שיווק וקלייה בע""",US,תפזורת - ללא מותג,קילוגרמים,1.00,"ק""ג",true,,99.00,99.0000,true,1,24888
7290000976846,false,פיסטוק חלבי קלוף תפז,"דין שיווק וקלייה בע""",TR,תפזורת - ללא מותג,קילוגרמים,1.00,"ק""ג",true,,150.00,150.0000,true,1,24891
7290000976884,false,פקאן סיני תפזורת,"דין שיווק וקלייה בע""",IL,תפזורת - ללא מותג,קילוגרמים,1.00,"ק""ג",true,,118.00,118.0000,true,1,24894
7290000977010,false,קבוקים תפזורת,"דין שיווק וקלייה בע""",IL,תפזורת - ללא מותג,קילוגרמים,1.00,"ק""ג",true,,26.00,26.0000,true,1,24895
7290000977027,false,פיסטוק ענק קלוי תפזו,"דין שיווק וקלייה בע""",US,תפזורת - ללא מותג,קילוגרמים,1.00,"ק""ג",true,,88.00,88.0000,true,1,24896
7290000977089,false,קשיו טבעי תפזורת,"דין שיווק וקלייה בע""",CN,תפזורת - ללא מותג,קילוגרמים,1.00,"ק""ג",true,,84.00,84.0000,true,1,24898
7290000977102,false,תערובת פיצוחים מיוחד,,,תערובת פיצוחים מיוחדת תפז,קילוגרמים,1.00,"ק""ג",true,,85.00,85.0000,true,1,24899
7290000977324,false,בוטן מסוכר תפזורת,"דין שיווק וקלייה בע""",IL,תפזורת - ללא מותג,קילוגרמים,1.00,"ק""ג",true,,45.00,45.0000,true,1,24901
7290000977355,false,בוטן אמריקאי תפזורת,"דין שיווק וקלייה בע""",IL,תפזורת - ללא מותג,קילוגרמים,1.00,"ק""ג",true,,26.00,26.0000,true,1,24902
7290000977454,false,גרעין שחור קלוי במלח,"דין שיווק וקלייה בע""",IL,תפזורת - ללא מותג,קילוגרמים,1.00,"ק""ג",true,,25.00,25.0000,true,1,24903
7290000977478,false,בוטנים קלויים תפזורת,"דין שיווק וקלייה בע""",CN,תפזורת - ללא מותג,קילוגרמים,1.00,"ק""ג",true,,30.00,30.0000,true,1,24904
7290000977485,false,גרעין לבן קלוי תפזור,"דין שיווק וקלייה בע""",CN,תפזורת - ללא מותג,קילוגרמים,1.00,"ק""ג",true,,39.00,39.0000,true,1,24905
7290000977645,false,חטיף יפני תפזורת,"דין שיווק וקלייה בע""",NL,תפזורת - ללא מותג,קילוגרמים,1.00,"ק""ג",true,,65.00,65.0000,true,1,24908
7290000977676,false,שקדים קלויים תפזורת,"דין שיווק וקלייה בע""",IL,תפזורת - ללא מותג,קילוגרמים,1.00,"ק""ג",true,,89.00,89.0000,true,1,24909
7290000977683,false,פקאן קלוף קלוי תפזור,"דין שיווק וקלייה בע""",US,תפזורת - ללא מותג,קילוגרמים,1.00,"ק""ג",true,,119.00,119.0000,true,1,24910
7290000977706,false,אגוז ברזיל טבעי תפזו,,,אגוז ברזיל טבעי תפזורת,קילוגרמים,1.00,"ק""ג",true,,89.00,89.0000,true,1,24912
7290000977751,false,צימוק לבן גדול תפזור,"דין שיווק וקלייה בע""",US,תפזורת - ללא מותג,קילוגרמים,1.00,"ק""ג",true,,44.00,44.0000,true,1,24915
7290000977782,false,'תאנים יבשות גדולות,"דין שיווק וקלייה בע""",TR,תפזורת - ללא מותג,קילוגרמים,1.00,"ק""ג",true,,49.00,49.0000,true,1,24916
7290000977799,false,שזיפים ללא גלעין תפז,"דין שיווק וקלייה בע""",US,תפזורת - ללא מותג,קילוגרמים,1.00,"ק""ג",true,,39.00,39.0000,true,1,24917
7290000977850,false,צימוק לבן קטן תפזורת,"דין שיווק וקלייה בע""",US,תפזורת - ללא מותג,קילוגרמים,1.00,"ק""ג",true,,37.00,37.0000,true,1,24920
7290000977980,false,אננס פלחים תפזורת,"דין שיווק וקלייה בע""",TH,תפזורת - ללא מותג,קילוגרמים,1.00,"ק""ג",true,,25.00,25.0000,true,1,24923
7290000978017,false,'שזיפים אמריקאים ענק,"דין שיווק וקלייה בע""",US,תפזורת - ללא מותג,קילוגרמים,1.00,"ק""ג",true,,45.00,45.0000,true,1,24924
7290000978024,false,בננה צ'יפס תפזורת,"דין שיווק וקלייה בע""",TH,תפזורת - ללא מותג,קילוגרמים,1.00,"ק""ג",true,,33.00,33.0000,true,1,24925
7290000978383,false,תמר מהגול ענק תפזורת,"דין שיווק וקלייה בע""",IL,תפזורת - ללא מותג,קילוגרמים,1.00,"ק""ג",true,,45.00,45.0000,true,1,24928
7290000978413,false,פאפיה רצועות תפזורת,"דין שיווק וקלייה בע""",TH,תפזורת - ללא מותג,קילוגרמים,1.00,"ק""ג",true,,28.00,28.0000,true,1,24930
7290000978628,false,משוקלדים,"דין שיווק וקלייה בע""",IL,שקדיה,קילוגרמים,1.00,"ק""ג",true,,75.00,75.0000,true,1,24932
7290000978680,false,חטיפים /לוקום,"דין שיווק וקלייה בע""",IL,תפזורת - ללא מותג,קילוגרמים,1.00,"ק""ג",true,,40.00,40.0000,true,1,24933
7290000978796,false,תבלינים בתפזורת,תבליני הגליל,IL,הקולה מבגדד,קילוגרמים,1.00,"ק""ג",true,,45.00,45.0000,true,1,24935
7290000978895,false,פירות טרופיים/חמוציו,"דין שיווק וקלייה בע""",TH,תפזורת - ללא מותג,קילוגרמים,1.00,"ק""ג",true,,50.00,50.0000,true,1,24938
7290000988894,false,מנה עסקית,יצור עצמי,IL,"מנה 28 ש""ח",יח',1.00,יח',false,,37.00,37.0000,true,1,583
7290000989761,false,שקד טחון בתפזורת,"דין שיווק וקלייה בע""",US,תפזורת - ללא מותג,קילוגרמים,1.00,"ק""ג",true,,90.00,90.0000,true,1,24940
7290000989778,false,חמוציות מיובשות בתפז,"דין שיווק וקלייה בע""",US,תפזורת - ללא מותג,קילוגרמים,1.00,"ק""ג",true,,39.00,39.0000,true,1,24941
7290000992730,false,שרי מיקס טריו,,,שרי מיקס טריו,יח',1.00,יח',false,,8.90,8.9000,true,1,53922
7290000996608,false,גבינה גרוזינית/ערקית,מחלבת פרי זה לי,IL,מחלבת פרי זה לי,קילוגרמים,1.00,"ק""ג",true,,60.00,60.0000,true,1,7517
7290000996615,false,צפתית קשה 5%,מחלבת פרי זה לי,IL,מחלבת פרי זה לי,קילוגרמים,1.00,"ק""ג",true,,69.00,69.0000,true,1,7518
7290000996622,false,שמנת חמוצה 15%,מחלבת פרי זה לי,IL,מחלבת פרי זה לי,קילוגרמים,1.00,"ק""ג",true,,22.00,22.0000,true,1,7519
7290000997728,false,טבורוג 5%,מחלבת פרי זה לי,IL,מחלבת פרי זה לי,קילוגרמים,1.00,"ק""ג",true,,35.00,35.0000,true,1,7522
7290000999012,false,כרובית/ברוקולי מטוגנ,יצור עצמי,IL,כרובית מטוגנת,קילוגרמים,1.00,"ק""ג",true,,59.00,59.0000,true,1,590
7290000999081,false,באחש,יצור עצמי,IL,באחש,קילוגרמים,1.00,"ק""ג",true,,59.00,59.0000,true,1,593
7290000999272,false,מאפה נקניק,יצור עצמי,IL,מאפה נקניק,קילוגרמים,1.00,"ק""ג",true,,59.00,59.0000,true,1,595
7290000999524,false,ג.סולוגוני 18%,מחלבת פרי זה לי,IL,מחלבת פרי זה לי,קילוגרמים,1.00,"ק""ג",true,,69.00,69.0000,true,1,7525
7290000999531,false,גבינת קש 5%,מחלבת פרי זה לי,IL,מחלבת פרי זה לי,קילוגרמים,1.00,"ק""ג",true,,39.00,39.0000,true,1,7526
7290000999548,false,צפתית 5%,מחלבת פרי זה לי,IL,מחלבת פרי זה לי,קילוגרמים,1.00,"ק""ג",true,,40.00,40.0000,true,1,7527
7290000999845,false,כנפיים בגריל,יצור עצמי,IL,כנפיים בסויה דבש ושו,קילוגרמים,1.00,"ק""ג",true,,39.00,39.0000,true,1,597
7290001009123,false,לחם 100% כוסמין 600,,,לחם 100% כוסמין 600,גרמים,600.00,100 גרם,false,,14.90,0.0248,true,1,36717
7290001009178,false,לחם 100% שיפון 900 ג,,,לחם 100% שיפון,גרמים,900.00,100 גרם,false,,14.90,0.0166,true,1,36718
7290001041147,false,חומוס גדול 1 ק''ג,"מיה תעשיות מזון בע""מ",IL,מיה,קילוגרמים,1.00,"ק""ג",false,,10.90,10.9000,true,1,33882
7290001041161,false,שעועית לבנה 1 ק''ג,"מיה תעשיות מזון בע""מ",IL,מיה,קילוגרמים,1.00,"ק""ג",false,,11.90,11.9000,true,1,33883
7290001041178,false,אפונה ירוקה 1 ק''ג,"מיה תעשיות מזון בע""מ",IL,מיה,קילוגרמים,1.00,"ק""ג",false,,6.90,6.9000,true,1,36734
7290001041185,false,פופקורן 1 ק''ג,"מיה תעשיות מזון בע""מ",IL,מיה,קילוגרמים,1.00,"ק""ג",false,,8.90,8.9000,true,1,33884
7290001041192,false,עדשים אדומות 1 ק''ג,"מיה תעשיות מזון בע""מ",IL,מיה,קילוגרמים,1.00,"ק""ג",false,,11.90,11.9000,true,1,33885
7290001041208,false,עדשים ירוקות 1 ק''ג,"מיה תעשיות מזון בע""מ",IL,מיה,קילוגרמים,1.00,"ק""ג",false,,11.90,11.9000,true,1,33886
7290001041215,false,חיטה 1 ק''ג,"מיה תעשיות מזון בע""מ",IL,מיה,קילוגרמים,1.00,"ק""ג",false,,5.90,5.9000,true,1,36735
7290001041222,false,חומוס לבן ענק 1 ק''ג,"מיה תעשיות מזון בע""מ",IL,מיה,קילוגרמים,1.00,"ק""ג",false,,15.90,15.9000,true,1,36736
7290001041994,false,סוכר דמררה צנצנת 1 ק,מיה,IL,סוכר דמררה צנצנת 1 ק,קילוגרמים,1.00,"ק""ג",false,,9.90,9.9000,true,1,59972
7290001045169,false,מיץ תפוחי עץ צלול 1,"גניר (1992) בע""מ",IL,תוצרת מסחרית,ליטרים,1.00,ליטר,false,,15.90,15.9000,true,1,34441
7290001121238,false,נקניק קורנדביף 180 ג,מעדני יחיעם,IL,יחיעם,גרמים,180.00,100 גרם,false,,22.90,0.1272,true,1,32383
7290001121672,false,פסטרמה מעודנת בפפריק,מעדני יחיעם,IL,יחיעם,גרמים,300.00,100 גרם,false,,19.90,0.0663,true,1,32384
7290001121849,false,פסטרמה הודו 100%,מעדני יחיעם,IL,יחיעם,גרמים,250.00,100 גרם,false,,24.90,0.0996,true,1,32386
7290001123775,false,שווארמה פרגיות 500 ג,טיבון ויל,IL,טיבון ויל,גרמים,500.00,100 גרם,false,,19.90,0.0398,true,1,33996
7290001123782,false,שווארמה הודו 500 גרם,טיבון ויל,IL,טיבון ויל,גרמים,500.00,100 גרם,false,,19.90,0.0398,true,1,33997
7290001133484,false,פילה סלמון  נורבגי ק,סקרגרק,NO,בלדי,קילוגרמים,1.00,"ק""ג",true,,64.90,64.9000,true,1,46816
7290001135068,false,שניצל קפוא ארוז,"נטו מלינדה סחר בע""מ",IL,שניצל קפוא ארוז,קילוגרמים,1.00,"ק""ג",true,,34.90,34.9000,true,1,67043
7290001136287,false,נקה 7 שמפו,"אמיליה קוסמטיקס בע""מ",IL,נקה 7,מיליליטרים,750.00,"100 מ""ל",false,,10.90,0.0145,true,1,33191
7290001136294,false,נקה 7 שמפו,"אמיליה קוסמטיקס בע""מ",IL,נקה 7,מיליליטרים,750.00,"100 מ""ל",false,,10.90,0.0145,true,1,33192
7290001136683,false,נקה 7 מרכך,"אמיליה קוסמטיקס בע""מ",IL,נקה 7,מיליליטרים,750.00,"100 מ""ל",false,,10.90,0.0145,true,1,33194
7290001172827,false,מארז 10 יח' גביע עגו,בנדע,IL,אור שני,יח',1.00,יח',false,,6.90,6.9000,true,1,36115
7290001177570,false,תבנית מחולקת + מכסה,,,תבנית מחולקת + מכסה,יח',3.00,יח',false,,7.90,2.6333,true,1,59605
7290001216040,false,טחינה 500 ג אל ארז,,,טחינה 500 ג אל ארז,גרמים,500.00,100 גרם,false,,15.90,0.0318,true,1,33612
7290001216057,false,"טחינה 1 ק""ג אל ארז",,,"טחינה 1 ק""ג אל ארז",קילוגרמים,1.00,"ק""ג",false,,28.90,28.9000,true,1,33613
7290001216231,false,טחינה מלאה 500 ג אל,,,טחינה מלאה 500 ג אל,גרמים,500.00,100 גרם,false,,16.90,0.0338,true,1,33614
7290001247068,false,ספרינג קרטוניות תות,יפאורה תבורי,IL,ספרינג,ליטרים,1.00,ליטר,false,,6.80,6.8000,true,1,33753
7290001247082,false,ספרינג קרטוניות עגבנ,יפאורה תבורי,IL,ספרינג,ליטרים,1.00,ליטר,false,,6.40,6.4000,true,1,33754
7290001247099,false,ספרינג קרטוניות מנגו,יפאורה תבורי,IL,ספרינג,ליטרים,1.00,ליטר,false,,6.80,6.8000,true,1,33755
7290001247112,false,ספרינג קרטוניות לימו,יפאורה תבורי,IL,ספרינג,ליטרים,1.00,ליטר,false,,6.80,6.8000,true,1,33757
7290001247129,false,ספרינג קרטוניות תפוז,יפאורה תבורי,IL,ספרינג,ליטרים,1.00,ליטר,false,,6.80,6.8000,true,1,33758
7290001247143,false,ספרינג קרטוניות תפוח,יפאורה תבורי,IL,ספרינג,ליטרים,1.00,ליטר,false,,6.80,6.8000,true,1,33759
7290001258040,false,גבינת רוקפור 30%,,,גבינת רוקפור 32%,קילוגרמים,1.00,"ק""ג",true,,95.00,95.0000,true,1,50370
7290001258118,false,ג. קממברט 25%,,,ג. קממברט/אגוזים 28%,קילוגרמים,1.00,"ק""ג",true,,95.00,95.0000,true,1,15422
7290001258255,false,גבינת גאודה 28%,,,גבינת גאודה 30%,קילוגרמים,1.00,"ק""ג",true,,95.00,95.0000,true,1,50371
7290001258323,false,גבינת גאודה 28%,,,גבינת גאודה 30%,קילוגרמים,1.00,"ק""ג",true,,95.00,95.0000,true,1,50373
7290001258439,false,גבינת עז מה 5%,,,גבינת עז מה 5%,קילוגרמים,1.00,"ק""ג",true,,59.00,59.0000,true,1,15430
7290001258453,false,גבינת קממברט/אגוזים,,,גבינת קממברט/אגוזים,קילוגרמים,1.00,"ק""ג",true,,95.00,95.0000,true,1,15432
7290001258514,false,ריקוטה 5%,גבינות יעקבס,IL,משק יעקבס,קילוגרמים,1.00,"ק""ג",true,,39.00,39.0000,true,1,52688
7290001258736,false,מארז קשקבל 27%,,,מארז קשקבל 27%,קילוגרמים,1.00,"ק""ג",true,,115.00,115.0000,true,1,50376
7290001258989,false,קממברט בקר בייבי 25%,גבינות יעקבס,IL,יעקבס,קילוגרמים,1.00,"ק""ג",true,,99.00,99.0000,true,1,54092
7290001265642,false,שלישיית מעדני לה-קט,FIDELE SAS,FR,לה קט,קילוגרמים,1.20,"ק""ג",false,,19.90,16.5833,true,1,35177
7290001305058,false,פלמוליב חלב ודבש 500,CP - Turkey+60,TR,פלמוליב סבון,מיליליטרים,500.00,"100 מ""ל",false,,15.90,0.0318,true,1,35035
7290001305188,false,*מבצע* פלמוליב כלים,Colgate - Greece,GR,פלמוליב  כלים,מיליליטרים,750.00,"100 מ""ל",false,,8.90,0.0119,true,1,35036
7290001327180,false,קרמיסימו גלידה חלבית,גלידות שטראוס,IL,קרמיסימו,ליטרים,1.33,ליטר,false,,18.90,14.2105,true,1,32920
7290001343845,false,*מבצע* גרנולה פירות,"דין שיווק וקלייה בע""",IL,שקדיה,קילוגרמים,1.00,"ק""ג",false,,19.90,19.9000,true,1,32412
7290001407134,false,פרוסות חלבה שוקו וני,,,פרוסות חלבה שוקו וניל עם,גרמים,400.00,100 גרם,false,,13.90,0.0348,true,1,32722
7290001407547,false,טחינה משומשום מלא 50,,,טחינה משומשום מלא 500 גר',גרמים,500.00,100 גרם,false,,13.90,0.0278,true,1,32723
7290001407813,false,חלבה שאמית + פיסטוק,,,חלבה שאמית + פיסטוק בארכה,גרמים,350.00,100 גרם,false,,15.90,0.0454,true,1,32726
7290001407936,false,טחינה בארכה בקבוק לח,רושדי תעשיות מזון,IL,בארכה,גרמים,310.00,100 גרם,false,,11.90,0.0384,true,1,32730
7290001415214,false,עוגת סבתא שוקולד,,,עוגת סבתא שוקולד,גרמים,500.00,100 גרם,false,,25.90,0.0518,true,1,21766
7290001419618,false,וופל בלגי 200 גרם,"גילרו בע""מ",IL,גילרו,גרמים,200.00,100 גרם,false,,2.90,0.0145,true,1,32969
7290001419779,false,וופל עלמה 200 גרם,"גילרו בע""מ",IL,גילרו,גרמים,200.00,100 גרם,false,,2.90,0.0145,true,1,32970
7290001419793,false,גביעי גלידה 12 יח,"גילרו בע""מ",IL,גילרו,יח',12.00,יח',false,,9.90,0.8250,true,1,32971
7290001419892,false,וופל עלמה לימון 200,"גילרו בע""מ",IL,וופל עלמה לימון 200,גרמים,200.00,100 גרם,false,,2.90,0.0145,true,1,32972
7290001436790,false,מרגז מיני אקסטרה חרי,בלדי,IL,בלדי,גרמים,500.00,100 גרם,false,,27.90,0.0558,true,1,37138
7290001455418,false,סטייק טונה בוואקום א,היי וונג,VN,בלדי,קילוגרמים,1.00,"ק""ג",true,,39.90,39.9000,true,1,20628
7290001461105,false,לחם מחמצת,,,לחם רוסטיק לבן,יח',1.00,יח',false,,16.90,16.9000,true,1,21779
7290001461112,false,לחם דגנים מחמצת,,,לחם רוסטיק דגנים,יח',1.00,יח',false,,16.90,16.9000,true,1,21780
7290001461457,false,באגט רוסטיק קמח מלא,,,בגט רוסטיק קמח מלא ודגנים,יח',1.00,יח',false,,7.90,7.9000,true,1,21783
7290001482094,false,פרמז'נו 200 גרם,זנטי,IT,וילי פוד,גרמים,200.00,100 גרם,false,,22.90,0.1145,true,1,33432
7290001482186,false,אננס חתוך 565 גרם,טקרנג,TH,אננס חתוך 565 גרם,גרמים,565.00,100 גרם,false,,5.90,0.0104,true,1,48833
7290001482384,false,אננס חתוך 227 גרם,טקרנג,TH,וילי פוד,גרמים,227.00,100 גרם,false,,3.90,0.0172,true,1,33433
7290001485019,false,גבינת קרם שמנת טבעי,טרה,IL,טרה,גרמים,200.00,100 גרם,false,,11.50,0.0575,true,1,34391
7290001491096,false,*מבצע* תה ירוק לימונ,ויסוצקי,IL,ויסוצקי,גרמים,75.00,100 גרם,false,,37.90,0.5053,true,1,34572
7290001501009,false,שרות החלפה מילוי גז,,,מילוי גז 100,יח',1.00,יח',false,,99.90,99.9000,true,1,36881
7290001515310,false,כרית קרצוף יפנית סקו,,,כרית קרצוף יפנית סקו,יח',6.00,יח',false,,11.90,1.9833,true,1,33027
7290001515631,false,סקוטש ברייט שלישייה,M3,ES,סקוטש-ברייט,יח',3.00,יח',false,,10.90,3.6333,true,1,33029
7290001548011,false,טחינה ירוקה,סלטי מונטה קרלו,IL,טחינה ירוקה,קילוגרמים,1.00,"ק""ג",true,,33.00,33.0000,true,1,26485
7290001548028,false,חומוס,סלטי מונטה קרלו,IL,חומוס,קילוגרמים,1.00,"ק""ג",true,,33.00,33.0000,true,1,60297
7290001548042,false,סלט ביצים,משתנה,IL,סלט ביצים,קילוגרמים,1.00,"ק""ג",true,,55.00,55.0000,true,1,26487
7290001548134,false,כרוב לבן עם שמיר,סלטי מונטה קרלו,,כרוב לבן עם שמיר,קילוגרמים,1.00,"ק""ג",true,,39.00,39.0000,true,1,26494
7290001548141,false,גזר מרוקאי,משתנה,IL,גזר מרוקאי,קילוגרמים,1.00,"ק""ג",true,,39.00,39.0000,true,1,26495
7290001548165,false,פלפל חריף ירוק מקולף,משתנה,IL,פלפל חריף ירוק מקולף,קילוגרמים,1.00,"ק""ג",true,,59.00,59.0000,true,1,26497
7290001548202,false,סלק אדום רצועות,סלטי מונטה קרלו,,סלק אדום רצועות,קילוגרמים,1.00,"ק""ג",true,,39.00,39.0000,true,1,26499
7290001548233,false,חציל ברוטב אדום מחנה,סלטי מונטה קרלו,IL,חציל ברוטב אדום מחנה,קילוגרמים,1.00,"ק""ג",true,,49.00,49.0000,true,1,26502
7290001548271,false,כרוב לבן עם גזר,סלטי מונטה קרלו,,כרוב לבן עם גזר,קילוגרמים,1.00,"ק""ג",true,,39.00,39.0000,true,1,26506
7290001548295,false,מטבוחה,משתנה,IL,מטבוחה,קילוגרמים,1.00,"ק""ג",true,,39.00,39.0000,true,1,26507
7290001548325,false,סלט טונה וירקות,משתנה,IL,סלט טונה וירקות,קילוגרמים,1.00,"ק""ג",true,,75.00,75.0000,true,1,26509
7290001548349,false,"תפו""א במיונז ביתי",סלטי מונטה קרלו,,"תפו""א במיונז ביתי",קילוגרמים,1.00,"ק""ג",true,,39.00,39.0000,true,1,60298
7290001548356,false,חציל במיונז ביתי,סלטי מונטה קרלו,IL,חציל במיונז ביתי,קילוגרמים,1.00,"ק""ג",true,,49.00,49.0000,true,1,26511
7290001548363,false,חציל רומני,סלטי מונטה קרלו,IL,חציל רומני,קילוגרמים,1.00,"ק""ג",true,,49.00,49.0000,true,1,26512
7290001548370,false,טבולה,משתנה,IL,טבולה,קילוגרמים,1.00,"ק""ג",true,,55.00,55.0000,true,1,26513
7290001548424,false,כרוב קולסלאו,סלטי מונטה קרלו,,כרוב קולסלאו,קילוגרמים,1.00,"ק""ג",true,,39.00,39.0000,true,1,26516
7290001548431,false,סחוג ירוק,משתנה,IL,סחוג ירוק,קילוגרמים,1.00,"ק""ג",true,,39.00,39.0000,true,1,26517
7290001548462,false,פלפל רצועות מרוקאי,משתנה,IL,פלפל רצועות מרוקאי,קילוגרמים,1.00,"ק""ג",true,,65.00,65.0000,true,1,26519
7290001548509,false,פטריות שמפיניון עם ב,משתנה,IL,פטריות שמפיניון עם ב,קילוגרמים,1.00,"ק""ג",true,,65.00,65.0000,true,1,60299
7290001548523,false,חציל פרוסות בתחמיץ,סלטי מונטה קרלו,IL,חציל פרוסות בתחמיץ,קילוגרמים,1.00,"ק""ג",true,,49.00,49.0000,true,1,26521
7290001548561,false,גזר חריף בלימון,סלטי מונטה קרלו,IL,גזר חריף בלימון,קילוגרמים,1.00,"ק""ג",true,,39.00,39.0000,true,1,26524
7290001548615,false,חציל בטחינה,סלטי מונטה קרלו,IL,חציל בטחינה,קילוגרמים,1.00,"ק""ג",true,,49.00,49.0000,true,1,26527
7290001548653,false,טחינה זהב,סלטי מונטה קרלו,IL,טחינה זהב,קילוגרמים,1.00,"ק""ג",true,,33.00,33.0000,true,1,60300
7290001548691,false,כרוב אדום במיונז בית,סלטי מונטה קרלו,,כרוב אדום במיונז בית,קילוגרמים,1.00,"ק""ג",true,,39.00,39.0000,true,1,26533
7290001548752,false,טחינה לבנה,סלטי מונטה קרלו,IL,טחינה לבנה,קילוגרמים,1.00,"ק""ג",true,,33.00,33.0000,true,1,26537
7290001548806,false,מלפפון עם שמיר,משתנה,IL,מלפפון עם שמיר,קילוגרמים,1.00,"ק""ג",true,,39.00,39.0000,true,1,60301
7290001548868,false,מטבוחה,משתנה,IL,מטבוחה,קילוגרמים,1.00,"ק""ג",true,,39.00,39.0000,true,1,60302
7290001548967,false,חציל תאילנדי,סלטי מונטה קרלו,IL,חציל תאילנדי,קילוגרמים,1.00,"ק""ג",true,,49.00,49.0000,true,1,26545
7290001567708,false,*מבצע* נקניקיות עוף,מעדני יחיעם,IL,יחיעם,גרמים,400.00,100 גרם,false,,11.90,0.0298,true,1,32390
7290001567760,false,פסטרמה של פעם 300ג,מעדני יחיעם,IL,יחיעם,גרמים,300.00,100 גרם,false,,24.90,0.0830,true,1,32393
7290001567814,false,סלמי מעושן סגנון איט,מעדני יחיעם,IL,יחיעם,גרמים,300.00,100 גרם,false,,19.90,0.0663,true,1,32397
7290001567937,false,נקניק מפולפל 200 גרם,מעדני יחיעם,IL,יחיעם,גרמים,200.00,100 גרם,false,,12.90,0.0645,true,1,32399
7290001591710,false,המבורגר אנגוס 500 גר,טיבון ויל,IL,המבורגר אנגוס 500 גר,גרמים,500.00,100 גרם,false,,22.90,0.0458,true,1,61748
7290001591734,false,מרגז נקניקיה בסגנון,טיבון ויל,IL,מרגז נקניקיה בסגנון,גרמים,500.00,100 גרם,false,,22.90,0.0458,true,1,61750
7290001594377,false,"פריגת תפוזים 500 מ""ל",פריגת,IL,פריגת,מיליליטרים,500.00,"100 מ""ל",false,,5.00,0.0100,true,1,33049
7290001594384,false,פריגת אשכוליות 500 מ,פריגת,IL,פריגת,מיליליטרים,500.00,"100 מ""ל",false,,5.00,0.0100,true,1,36352
7290001594391,false,"פריגת ענבים 500 מ""ל",פריגת,IL,פריגת,מיליליטרים,500.00,"100 מ""ל",false,,5.00,0.0100,true,1,36353
7290001594568,false,בירה קרלסברג פחית,קרלסברג ישראל,IL,קרלסברג,מיליליטרים,500.00,"100 מ""ל",false,,8.90,0.0178,true,1,33050
7290001594575,false,בירה טובורג פחית 500,החברה המרכזית קולה,,בירה טובורג פחית 500,מיליליטרים,500.00,"100 מ""ל",false,,8.90,0.0178,true,1,64992
7290001594810,false,מאלטי בירה שחורה מאר,,,מאלטי בירה שחורה מאר,יחידה,0.00,יחידה,false,,24.90,0.0000,true,1,66076
7290001594858,false,*מבצע* טובורג שישיה,קרלסברג ישראל,IL,טובורג,ליטרים,1.98,ליטר,false,,29.90,15.1010,true,1,33051
7290001594865,false,*מבצע* קרלסברג שישיה,קרלסברג ישראל,IL,קרלסברג,ליטרים,1.98,ליטר,false,,29.90,15.1010,true,1,33052
7290001598085,false,לחם משפחתי עם דגנים,,IL,לחם משפחתי עם דגנים,קילוגרמים,1.10,"ק""ג",false,,14.90,13.5455,true,1,59630
7290001598276,false,לחם 7 דגנים קל מקמח,,IL,לחם 7 דגנים קל מקמח,קילוגרמים,1.10,"ק""ג",false,,14.90,13.5455,true,1,59631
7290001598580,false,פיתות כוסמין 100% 37,,,פיתות כוסמין 100% 37,גרמים,372.00,100 גרם,false,,14.90,0.0401,true,1,51483
7290001670057,false,כפיות לבן 100 יחידות,בי רייט,CN,הנמל,יח',100.00,יח',false,,9.90,0.0990,true,1,33342
7290001670064,false,סכינים  לבן 100 יחיד,בי רייט,CN,הנמל,יח',100.00,יח',false,,9.90,0.0990,true,1,33343
7290001670071,false,כפות לבן 100 יחידות,בי רייט,CN,הנמל,יח',100.00,יח',false,,9.90,0.0990,true,1,33344
7290001670255,false,כוסות קרטון 8B  50,,,כוסות קרטון 8B  50,יח',50.00,יח',false,,8.90,0.1780,true,1,50763
7290001670668,false,קרחונית 12 יחידות,סאדאת איסטנבול,TR,הנמל,יח',12.00,יח',false,,3.90,0.3250,true,1,33348
7290001670873,false,צלחות 1 ק``ג,אריזות מדף - פלזית,IL,הנמל,יח',66.00,יח',false,,38.90,0.5894,true,1,33351
7290001710111,false,נקניקיות מרגז ארוז 5,מעדני הטלה,IL,מעדני הטלה,גרמים,500.00,100 גרם,false,,19.90,0.0398,true,1,32857
7290001713082,false,תרסיס מסיר שומנים קר,,IL,תרסיס מסיר שומנים קר,ליטרים,1.00,ליטר,false,,9.90,9.9000,true,1,63364
7290001713112,false,תרסיס מסיר אבנית יוח,,IL,תרסיס מסיר אבנית יוח,ליטרים,1.00,ליטר,false,,8.90,8.9000,true,1,63365
7290001713150,false,מתז אקונומיקה קצף 1,"קומפלקס כימיקלים בע""",IL,סנט מוריץ,ליטרים,1.00,ליטר,false,,9.90,9.9000,true,1,50026
7290001713310,false,קצף אקונומיקה בריח ל,,,קצף אקונומיקה בריח ל,ליטרים,1.00,ליטר,false,,8.90,8.9000,true,1,62802
7290001713440,false,תרסיס לניקוי חלונות,"קומפלקס בע""מ",IL,תרסיס לניקוי חלונות,ליטרים,1.00,ליטר,false,,5.90,5.9000,true,1,62647
7290001713457,false,סבון אסלה מרוכז כחול,"קומפלקס בע""מ",TR,סבון אסלה מרוכז כחול,יח',3.00,יח',false,,10.90,3.6333,true,1,64679
7290001713785,false,מרכך כביסה פיור בייב,"קומפלקס כימיקלים בע""",TR,מרכך כביסה פיור בייב,ליטרים,1.00,ליטר,false,,9.90,9.9000,true,1,62550
7290001713860,false,מרכך כביסה פיור בניח,"קומפלקס כימיקלים בע""",TR,מרכך כביסה פיור בניח,ליטרים,1.00,ליטר,false,,9.90,9.9000,true,1,62551
7290001713884,false,מטליות מיקרופייבר לר,קומפלקס ייבוא,CN,מטליות מיקרופייבר לר,יח',1.00,יח',false,,12.90,12.9000,true,1,61810
7290001713891,false,מטליות מיקרופייבר לש,קומפלקס ייבוא,CN,מטליות מיקרופייבר לש,יח',1.00,יח',false,,5.90,5.9000,true,1,61811
7290001713921,false,אקונומיקה מבושמת 4 ל,"קומפלקס כימיקלים בע""",IL,סנט מוריץ,ליטרים,4.00,ליטר,false,,8.90,2.2250,true,1,55720
7290001723012,false,פדים להנקה 30 יח' טו,F.H.P. Co Lt,CN,טוליפס,יח',30.00,יח',false,,13.90,0.4633,true,1,36074
7290001723357,false,מוצץ סיליקון אורטודנ,Nx,DE,טוליפס,יח',1.00,יח',false,,22.90,22.9000,true,1,36076
7290001791349,false,אקונומיקה פיסגה 4 לי,סנו,IL,פסגה,ליטרים,4.00,ליטר,false,,9.90,2.4750,true,1,33197
7290001791776,false,סנודי+אלוורה רולאון,קוסמופארם,IL,סנודי,מיליליטרים,50.00,"100 מ""ל",false,,19.90,0.3980,true,1,33198
7290001817728,false,ציטוס כאפה 55 ג,שטראוס פריטו ליי (מל,IL,עלית,גרמים,55.00,100 גרם,false,,3.50,0.0636,true,1,34239
7290001855232,false,שמן למאור 1 ליטר,,,שמן למאור 1 ליטר,ליטרים,1.00,ליטר,false,,11.90,11.9000,true,1,35906
7290001865439,false,*מבצע* פמלי אל סבון,אינטרקוסמא,IL,פמלי,ליטרים,1.00,ליטר,false,,9.90,9.9000,true,1,33008
7290001865460,false,*מבצע* אל סבון משאבה,אינטרקוסמא,IL,פמלי,ליטרים,1.00,ליטר,false,,9.90,9.9000,true,1,33010
7290001915004,false,שווארמה עגל (דונר) 5,לאטי עזרא,IL,מעדני הטלה,גרמים,500.00,100 גרם,false,,39.90,0.0798,true,1,64880
7290001946121,false,פפריקה 400 ביטון,"דין שיווק וקלייה בע""",IL,תבליני ביטון,גרמים,400.00,100 גרם,false,,17.90,0.0447,true,1,24944
7290001970478,false,אגוזי מלך קלופים חצא,"דין שיווק וקלייה בע""",US,תפזורת - ללא מותג,קילוגרמים,1.00,"ק""ג",true,,59.00,59.0000,true,1,29299
7290001970492,false,קשיו קלוי על גחלים ב,"דין שיווק וקלייה בע""",US,תפזורת - ללא מותג,קילוגרמים,1.00,"ק""ג",true,,96.00,96.0000,true,1,29301
7290001973233,false,מגבונים קמיל 120,"ד""ר פישר",IL,קמיל בלו סנסיטיב,יח',120.00,יח',false,,10.90,0.0908,true,1,33906
7290001989272,false,איקרה לבנה/אדומה,"סלטי שמיר 2006 בע""מ",IL,מעדני מיקי,קילוגרמים,1.00,"ק""ג",true,,49.00,49.0000,true,1,52369
7290001990094,false,סוכר חום צנצנת,סוגת תעשיות בעמ,IL,סוגת,קילוגרמים,1.00,"ק""ג",false,,14.90,14.9000,true,1,32301
7290001990117,false,שומשום 100 גרם,"סוגת תעשיות בע""מ",IL,סוגת,גרמים,100.00,100 גרם,false,,3.90,0.0390,true,1,35767
7290001990261,false,"חומוס 1 ק""ג","סוגת תעשיות בע""מ",IL,סוגת,קילוגרמים,1.00,"ק""ג",false,,14.90,14.9000,true,1,32302
7290001990407,false,"עדשים ירוקים 1 ק""ג","סוגת תעשיות בע""מ",IL,סוגת,קילוגרמים,1.00,"ק""ג",false,,14.80,14.8000,true,1,32305
7290001990414,false,"עדשים אדומים 1 ק""ג","סוגת תעשיות בע""מ",IL,סוגת,קילוגרמים,1.00,"ק""ג",false,,14.80,14.8000,true,1,32306
7290001990421,false,פופקורן 1 קג,"סוגת תעשיות בע""מ",IL,סוגת,קילוגרמים,1.00,"ק""ג",false,,9.90,9.9000,true,1,32307
7290002000143,false,קרם ידיים קלאסיק 80,אינטרקוסמא,IL,פנג'ל,מיליליטרים,80.00,"100 מ""ל",false,,7.90,0.0988,true,1,33012
7290002002857,false,ניירות להסרת שיער בש,ALSOM BIGANDO,FR,מגע המשי,יח',50.00,יח',false,,19.90,0.3980,true,1,33014
7290002007234,false,אבקת סוכר 100 גרם,,,אבקת סוכר 100 גרם,גרמים,100.00,100 גרם,false,,1.60,0.0160,true,1,10675
7290002007890,false,כוסות 100 יח` 200  P,אריזות מדף - פלזית,IL,הנמל,יח',100.00,יח',false,,8.90,0.0890,true,1,33360
7290002007975,false,צלחות קטן 50 יחידות,אריזות מדף - פלזית,IL,הנמל,יח',50.00,יח',false,,8.90,0.1780,true,1,33361
7290002007982,false,מזלגות  לבן 100 יחיד,בי רייט,CN,הנמל,יח',100.00,יח',false,,9.90,0.0990,true,1,33362
7290002007999,false,צלחות גדול 50  יחידו,אריזות מדף - פלזית,IL,הנמל,יח',50.00,יח',false,,12.90,0.2580,true,1,33363
7290002008309,false,עטרות חום  4 מספר  ה,הנמל,IL,הנמל,יח',1.00,יח',false,,5.90,5.9000,true,1,33371
7290002008507,false,נייר אפיה 50 יח` 42*,הנמל,NO,הנמל,יח',50.00,יח',false,,7.90,0.1580,true,1,33374
7290002008743,false,סוכר וניל 10 יחידות,,,סוכר וניל 10 יחידות,גרמים,100.00,100 גרם,false,,1.90,0.0190,true,1,10677
7290002008828,false,גמבו שוקו לבן 200 גר,ממתקי עלה ייצור שווק,IL,הנמל,גרמים,200.00,100 גרם,false,,7.90,0.0395,true,1,36394
7290002008934,false,גמבו עגול 200 גרם,ממתקי עלה ייצור שווק,IL,הנמל,גרמים,200.00,100 גרם,false,,7.90,0.0395,true,1,33377
7290002008989,false,קישקשים 225 יחידות,,,קישקשים 225 יחידות,יח',225.00,יח',false,,6.90,0.0307,true,1,37852
7290002013006,false,פסטרמה מקסיקנית,זוגלובק,IL,זוגלובק,קילוגרמים,1.00,"ק""ג",true,,79.00,79.0000,true,1,25573
7290002013037,false,פסטרמה פרגיות על לבנ,זוגלובק,IL,זוגלובק,קילוגרמים,1.00,"ק""ג",true,,79.00,79.0000,true,1,25574
7290002013174,false,פסטרמה של פעם,זוגלובק,IL,זוגלובק,קילוגרמים,1.00,"ק""ג",true,,79.00,79.0000,true,1,25575
7290002019787,false,רוטב עגבניות פרי ניר,פריניר,IL,פריניר,גרמים,260.00,100 גרם,false,,3.90,0.0150,true,1,34187
7290002019794,false,רוטב עגבניות פרי ניר,פריניר,IL,פריניר,גרמים,100.00,100 גרם,false,,1.90,0.0190,true,1,34188
7290002026365,false,טבעות בצל קפוא 500 ג,,,טבעות בצל 500גרם,גרמים,500.00,100 גרם,false,,8.90,0.0178,true,1,35111
7290002026402,false,בלינצ'ס גבינה בראנץ',מוצרי איכות אמריקאיי,IL,בראנץ וקראנץ,גרמים,350.00,100 גרם,false,,14.90,0.0426,true,1,20870
7290002026587,false,וופל בלגי מיני פרווה,מוצרי איכות אמריקאיי,IL,בראנץ וקראנץ,גרמים,280.00,100 גרם,false,,10.90,0.0389,true,1,53122
7290002040019,false,קוסקוס רגיל  350 גרם,קוסקוס,IL,הנמל,גרמים,350.00,100 גרם,false,,5.50,0.0157,true,1,33378
7290002040064,false,קוסקוס דק   350 גרם,קוסקוס,IL,הנמל,גרמים,350.00,100 גרם,false,,5.50,0.0157,true,1,33379
7290002040071,false,קוסקוס עבה 350 גרם,קוסקוס,IL,הנמל,גרמים,350.00,100 גרם,false,,5.50,0.0157,true,1,33380
7290002043188,false,ציפס אורז חום מלא  צ,מימונס אפיה,BG,ציפס פריכיות,גרמים,60.00,גרם,false,,6.90,0.1150,true,1,57141
7290002043218,false,ציפס אורז חום מלא מל,מימונס אפיה,BG,ציפס פריכיות,גרמים,60.00,גרם,false,,6.90,0.1150,true,1,57142
7290002043782,false,ציפס אורז חום מלא טק,מימונס אפיה,BG,ציפס פריכיות,גרמים,60.00,גרם,false,,6.90,0.1150,true,1,57139
7290002043829,false,*מבצע* פריכיות מלח ה,מימונס אפיה,BG,פריכיות אורז חום מלא,גרמים,200.00,גרם,false,,12.90,0.0645,true,1,57146
7290002053088,false,8 אטריות ביצים 24,פ.פ.ח טאביט,PL,אוריינטל,גרמים,200.00,100 גרם,false,,7.90,0.0395,true,1,32872
7290002053095,false,10 אטריות ביצים 24,פ.פ.ח טאביט,PL,אוריינטל,גרמים,200.00,100 גרם,false,,7.90,0.0395,true,1,32873
7290002053354,false,נודלס סיני 300 גרם,פ.פ.ח טאביט,PL,אוריינטל,גרמים,300.00,100 גרם,false,,13.90,0.0463,true,1,32876
7290002057017,false,זיתים נובו ענק,קבוצת יבנה,IL,קבוצת יבנה,גרמים,330.00,100 גרם,false,,8.90,0.0270,true,1,34344
7290002057031,false,זיתים מבוקעים 540 גר,קבוצת יבנה,IL,קבוצת יבנה,גרמים,540.00,100 גרם,false,,8.90,0.0165,true,1,34345
7290002057048,false,סורי מבוקע 540 גרם,קבוצת יבנה,IL,קבוצת יבנה,גרמים,540.00,100 גרם,false,,10.50,0.0194,true,1,34346
7290002057055,false,זיתים סורי 540 גרם,קבוצת יבנה,IL,קבוצת יבנה,גרמים,540.00,100 גרם,false,,10.50,0.0194,true,1,34347
7290002057093,false,זיתים ירוקים גדול 54,קבוצת יבנה,IL,קבוצת יבנה,גרמים,540.00,100 גרם,false,,7.90,0.0146,true,1,34351
7290002057109,false,זיתים מונזלינו 540 ג,קבוצת יבנה,IL,קבוצת יבנה,גרמים,540.00,100 גרם,false,,8.90,0.0165,true,1,34352
7290002057123,false,חרוזית 540 גרם,קבוצת יבנה,IL,קבוצת יבנה,גרמים,540.00,100 גרם,false,,9.50,0.0176,true,1,34353
7290002057185,false,טבעות זית ירוק 540 ג,קבוצת יבנה,IL,קבוצת יבנה,גרמים,540.00,100 גרם,false,,9.20,0.0170,true,1,34358
7290002057345,false,"מלפפון במלח 3 ק""ג 30",קבוצת יבנה,IL,קבוצת יבנה,קילוגרמים,3.00,"ק""ג",false,,19.90,6.6333,true,1,34360
7290002057352,false,מלפפון במלח 7-9 540,קבוצת יבנה,IL,קבוצת יבנה,גרמים,540.00,100 גרם,false,,6.50,0.0120,true,1,34361
7290002057369,false,מלפפון 10-12 מלח 540,קבוצת יבנה,IL,קבוצת יבנה,גרמים,540.00,100 גרם,false,,7.50,0.0139,true,1,34362
7290002057376,false,מלפפון 13-17 מלח 540,קבוצת יבנה,IL,קבוצת יבנה,גרמים,540.00,100 גרם,false,,9.90,0.0183,true,1,34363
7290002057383,false,מלפפון 18-25 במלח 54,קבוצת יבנה,IL,קבוצת יבנה,גרמים,540.00,100 גרם,false,,12.90,0.0239,true,1,34364
7290002057437,false,שיפקונית 560 גרם,קבוצת יבנה,,שיפקונית 560 גרם,גרמים,560.00,100 גרם,false,,9.90,0.0177,true,1,57404
7290002057451,false,מלפפון בחומץ 7-9 540,קבוצת יבנה,IL,קבוצת יבנה,גרמים,540.00,100 גרם,false,,6.50,0.0120,true,1,34366
7290002057468,false,מלפפון בחומץ 10-12 5,קבוצת יבנה,IL,קבוצת יבנה,גרמים,540.00,100 גרם,false,,7.50,0.0139,true,1,34367
7290002057604,false,שיפקה 540 גרם,קבוצת יבנה,IL,קבוצת יבנה,גרמים,540.00,100 גרם,false,,5.50,0.0102,true,1,34370
7290002057628,false,טבעות זית שחור 560 ג,קבוצת יבנה,IL,קבוצת יבנה,גרמים,560.00,100 גרם,false,,8.90,0.0159,true,1,34371
7290002057703,false,חצילים 540 גרם,קבוצת יבנה,IL,קבוצת יבנה,גרמים,540.00,100 גרם,false,,6.90,0.0128,true,1,34372
7290002065555,false,לחמניות 6 ארוך,אנג'ל,IL,אנג'ל,גרמים,450.00,100 גרם,false,,10.90,0.0242,true,1,32359
7290002065616,false,לחם שיפון גרעינים 75,אורנים,IL,אנג'ל,גרמים,750.00,100 גרם,false,,12.90,0.0172,true,1,32360
7290002065623,false,לחם שיפון כפרי 750 ג,אורנים,IL,אנג'ל,גרמים,750.00,100 גרם,false,,12.90,0.0172,true,1,32361
7290002077725,false,סלמון מעושן 100 גרם,דלי דג,IL,דלידג,גרמים,100.00,100 גרם,false,,18.90,0.1890,true,1,36770
7290002107385,false,מה עז - גליל גבינת ע,מחלבת משק צוריאל,IL,משק צוריאל,גרמים,180.00,100 גרם,false,,22.50,0.1250,true,1,34396
7290002107491,false,*מבצע* גבינת עיזים מ,מחלבת משק צוריאל,IL,משק צוריאל,גרמים,250.00,100 גרם,false,,10.90,0.0436,true,1,34397
7290002107965,false,טבורוג - גבינה לאפיי,מחלבת משק צוריאל,IL,משק צוריאל,גרמים,500.00,100 גרם,false,,23.90,0.0478,true,1,34400
7290002109372,false,בורקס פילו אצבעות בו,שגמור,IL,שגמור,גרמים,700.00,100 גרם,false,,16.90,0.0241,true,1,34004
7290002128014,false,נרות שבת מס 4 מנורה,"מנורה שי נר בע""מ",IL,מנורה,יח',4.00,יח',false,,3.90,0.9750,true,1,35530
7290002128212,false,נרות שבת מס 6 מנורה,"מנורה שי נר בע""מ",IL,מנורה,יח',6.00,יח',false,,3.90,0.6500,true,1,35533
7290002128250,false,נרות מס 16,,IL,מנורה,יח',1.00,יח',false,,3.90,3.9000,true,1,51048
7290002128311,false,נר נשמה שבועי,"מנורה שי נר בע""מ",IL,מנורה,יח',1.00,יח',false,,9.90,9.9000,true,1,35535
7290002128700,false,נרות חימום 50 מנורה,"מנורה שי נר בע""מ",IL,מנורה,יח',50.00,יח',false,,11.90,0.2380,true,1,35537
7290002128762,false,נר נשמה 72 שעות,"מנורה שי נר בע""מ",IL,מנורה,יח',1.00,יח',false,,4.90,4.9000,true,1,35538
7290002128786,false,כוסיות לנריות,"מנורה שי נר בע""מ",IL,מנורה,יח',2.00,יח',false,,3.90,1.9500,true,1,35539
7290002130567,false,דבש 350 גרם,שטראוס גרופ,IL,יד מרדכי,גרמים,350.00,100 גרם,false,,17.90,0.0511,true,1,34189
7290002130581,false,"דבש יד מרדכי 1 ק""ג",שטראוס גרופ,IL,יד מרדכי,קילוגרמים,1.00,"ק""ג",false,,42.90,42.9000,true,1,34191
7290002132011,false,עוגיות עבאדי 400 גר,עבאדי,IL,עבאדי,גרמים,400.00,100 גרם,false,,17.90,0.0447,true,1,34573
7290002133094,false,ברינזה צאן 18%,"מחלבת השומרון בע""מ",IL,מחלבת השומרון,קילוגרמים,1.00,"ק""ג",true,,78.00,78.0000,true,1,14418
7290002150077,false,פלאפל קפוא 400 גרם ב,"חמים וטעים בע""מ",IL,"חמים וטעים בע""מ",גרמים,400.00,100 גרם,false,,12.90,0.0323,true,1,33588
7290002150718,false,קרפלך כיסוני בצק במי,"חמים וטעים בע""מ",IL,"חמים וטעים בע""מ",גרמים,400.00,100 גרם,false,,12.90,0.0323,true,1,33592
7290002150732,false,קרפלך כיסוני בצק במי,"חמים וטעים בע""מ",IL,"חמים וטעים בע""מ",גרמים,400.00,100 גרם,false,,12.90,0.0323,true,1,33593
7290002150794,false,סיגרים במילוי בשר 40,"חמים וטעים בע""מ",IL,"חמים וטעים בע""מ",גרמים,400.00,100 גרם,false,,12.90,0.0323,true,1,33594
7290002150817,false,"סיגרים במילוי תפו""א","חמים וטעים בע""מ",IL,"חמים וטעים בע""מ",גרמים,400.00,100 גרם,false,,12.90,0.0323,true,1,33595
7290002150848,false,אגרול סיני 400 גרם,"חמים וטעים בע""מ",IL,"חמים וטעים בע""מ",גרמים,400.00,100 גרם,false,,12.90,0.0323,true,1,33597
7290002150862,false,קובה בורגול במילוי ב,"חמים וטעים בע""מ",IL,"חמים וטעים בע""מ",גרמים,400.00,100 גרם,false,,12.90,0.0323,true,1,33598
7290002157953,false,טונה ויליגר קנולה 4*,ויליגר,IL,ויליגר,גרמים,560.00,100 גרם,false,,19.90,0.0355,true,1,36775
7290002190516,false,ממרח ריבת חלב 500 גר,גלעם,IL,גלעם,גרמים,500.00,100 גרם,false,,13.90,0.0278,true,1,34981
7290002195054,false,המבורגר בלדי 400 גרם,בלדי,IL,בלדי,גרמים,400.00,100 גרם,false,,11.90,0.0298,true,1,37153
7290002195078,false,קבב כבש בלדי 400 גרם,בלדי,IL,בלדי,גרמים,400.00,100 גרם,false,,11.90,0.0298,true,1,37154
7290002195085,false,קבב מזרחי בלדי 400 ג,בלדי,IL,בלדי,גרמים,400.00,100 גרם,false,,11.90,0.0298,true,1,37155
7290002195092,false,קבב רומני בלדי 400 ג,בלדי,IL,בלדי,גרמים,400.00,100 גרם,false,,11.90,0.0298,true,1,37156
7290002198031,false,פסטרמה פרגיות ללחמני,זוגלובק,IL,זוגלובק,קילוגרמים,1.00,"ק""ג",true,,79.00,79.0000,true,1,58451
7290002198048,false,פסטרמנה הודו בתיבול,זוגלובק,IL,זוגלובק,קילוגרמים,1.00,"ק""ג",true,,79.00,79.0000,true,1,58499
7290002198109,false,צלעות אסאדו מעושנת מ,זוגלובק,IL,זוגלובק,קילוגרמים,1.00,"ק""ג",true,,124.00,124.0000,true,1,62202
7290002232995,false,דגש ציפוי פז.,"תירפז בע""מ",IL,דגש,גרמים,500.00,100 גרם,false,,28.90,0.0578,true,1,32354
7290002239185,false,אפונה קפואה גליל,"פרי הגליל בע""""מ",IL,פרי הגליל,גרמים,800.00,100 גרם,false,,9.90,0.0124,true,1,34282
7290002239277,false,גזר גמדי גליל,"פרי הגליל בע""""מ",IL,פרי הגליל,גרמים,800.00,100 גרם,false,,8.90,0.0111,true,1,34284
7290002239338,false,שעועית ירוקה חתוכה 8,"פרי הגליל בע""""מ",IL,פרי הגליל,גרמים,800.00,100 גרם,false,,9.90,0.0124,true,1,34286
7290002239369,false,שעועית ירוקה שלמה,"פרי הגליל בע""""מ",IL,פרי הגליל,גרמים,800.00,100 גרם,false,,9.90,0.0124,true,1,34287
7290002239420,false,תירס קפוא 800 גר,"פרי הגליל בע""""מ",IL,פרי הגליל,גרמים,800.00,100 גרם,false,,9.90,0.0124,true,1,34288
7290002253006,false,דורות שום כתוש טרי 2,דורות,IL,דורות,גרמים,200.00,100 גרם,false,,16.90,0.0845,true,1,32731
7290002253105,false,דורות קוביות שום טרי,דורות,IL,דורות,גרמים,80.00,100 גרם,false,,11.90,0.1488,true,1,32732
7290002253150,false,דורות בזיליקום קצוץ,דורות,IL,דורות,גרמים,70.00,100 גרם,false,,9.90,0.1414,true,1,32733
7290002253167,false,דורות פטרוזיליה קצוצ,דורות,IL,דורות,גרמים,70.00,100 גרם,false,,9.90,0.1414,true,1,32734
7290002253181,false,דורות כוסברה קצוצה 7,דורות,IL,דורות,גרמים,70.00,100 גרם,false,,9.90,0.1414,true,1,32736
7290002253198,false,דורות ג'ינג'ר טרי כת,דורות,IL,דורות,גרמים,90.00,100 גרם,false,,9.90,0.1100,true,1,32737
7290002253235,false,רוטב פסטו דורות 160,דורות,IL,דורות,גרמים,160.00,100 גרם,false,,10.90,0.0681,true,1,32738
7290002259640,false,רדיד אלומיניום דיאמו,ריינולדס,US,דיימונד,מטרים,7.60,מטר,false,,11.90,1.5658,true,1,33391
7290002259664,false,רדיד אלומיניום ארוך,ריינולדס,US,דיימונד,מטרים,60.40,מטר,false,,54.90,0.9089,true,1,33393
7290002265160,false,פלמידה בשמן,אס.פי.פיש האוס,IL,אס.פי.פיש האוס,קילוגרמים,1.00,"ק""ג",true,,95.00,95.0000,true,1,19837
7290002265191,false,מקרוסקה בואקום,,,מקרוסקה בואקום,קילוגרמים,1.00,"ק""ג",true,,99.00,99.0000,true,1,45444
7290002265214,false,פילה הרינג לבן בשמן,אס.פי.פיש האוס,IL,אס.פי.פיש האוס,קילוגרמים,1.00,"ק""ג",true,,50.00,50.0000,true,1,19839
7290002265245,false,פילה הרינג כבוש,אס.פי.פיש האוס,IL,אס.פי.פיש האוס,קילוגרמים,1.00,"ק""ג",true,,50.00,50.0000,true,1,19842
7290002265412,false,הרינג מלוח,אס.פי.פיש האוס,IL,אס.פי.פיש האוס,קילוגרמים,1.00,"ק""ג",true,,32.00,32.0000,true,1,19846
7290002278528,false,כרית שבת כלין 2 יח',מ.א ייצור ושיווק מטל,IL,Bianco,יח',2.00,יח',false,,6.90,3.4500,true,1,32821
7290002281405,false,סלט דג סלמון 2*160 ג,ויליגר,IL,ויליגר,גרמים,320.00,100 גרם,false,,9.90,0.0309,true,1,48788
7290002281436,false,סטייק טונה בהירה,בין דין פישרי ויאטנם,CN,דלי דג,קילוגרמים,1.00,"ק""ג",true,,44.90,44.9000,true,1,60321
7290002281498,false,צהובה מגורדת ריץ 500,שלושת האופים,PL,ריץ,גרמים,500.00,100 גרם,false,,17.90,0.0358,true,1,48590
7290002291046,false,המבורגר בלדי 480 גרם,בלדי,IL,בלדי,גרמים,480.00,100 גרם,false,,22.90,0.0477,true,1,37157
7290002319016,false,אבקת אפיה עשיריות,"מיה תעשיות מזון בע""מ",IL,מיה,גרמים,100.00,100 גרם,false,,1.90,0.0190,true,1,33887
7290002319023,false,סוכר וניל עשיריות,"מיה תעשיות מזון בע""מ",IL,מיה,גרמים,100.00,100 גרם,false,,1.90,0.0190,true,1,33888
7290002319061,false,קוקוס טחון 100 גרם,מיה,IL,קוקוס טחון 100 גרם,גרמים,100.00,100 גרם,false,,3.70,0.0370,true,1,59974
7290002319078,false,שומשום 100 גרם,"מיה תעשיות מזון בע""מ",IL,מיה,גרמים,100.00,100 גרם,false,,2.90,0.0290,true,1,33890
7290002319092,false,קמח תפוחי אדמה 500 ג,,,קמח תפוחי אדמה 500 ג,גרמים,500.00,100 גרם,false,,4.90,0.0098,true,1,47890
7290002319115,false,חומוס גדול 500 גרם,"מיה תעשיות מזון בע""מ",IL,מיה,גרמים,500.00,100 גרם,false,,6.90,0.0138,true,1,33891
7290002319122,false,גריסים 500 גרם,"מיה תעשיות מזון בע""מ",IL,מיה,גרמים,500.00,100 גרם,false,,3.90,0.0078,true,1,33892
7290002319139,false,שעועית לבנה 500 גרם,"מיה תעשיות מזון בע""מ",IL,מיה,גרמים,500.00,100 גרם,false,,7.90,0.0158,true,1,36738
7290002319160,false,אפונה 500 גרם,"מיה תעשיות מזון בע""מ",IL,מיה,גרמים,500.00,100 גרם,false,,4.90,0.0098,true,1,36740
7290002319177,false,פופקורן 500 גרם,"מיה תעשיות מזון בע""מ",IL,מיה,גרמים,500.00,100 גרם,false,,4.90,0.0098,true,1,33893
7290002319184,false,עדשים אדומות 500 גרם,"מיה תעשיות מזון בע""מ",IL,מיה,גרמים,500.00,100 גרם,false,,6.90,0.0138,true,1,33894
7290002319191,false,עדשים ירוקות 500 גרם,"מיה תעשיות מזון בע""מ",IL,מיה,גרמים,500.00,100 גרם,false,,6.90,0.0138,true,1,33895
7290002319207,false,כוסמת 500 גרם,"מיה תעשיות מזון בע""מ",IL,מיה,גרמים,500.00,100 גרם,false,,5.90,0.0118,true,1,33896
7290002319221,false,חיטה 500 גרם,"מיה תעשיות מזון בע""מ",IL,מיה,גרמים,500.00,100 גרם,false,,3.50,0.0070,true,1,36741
7290002319771,false,תמצית אפיה וניל,"מיה תעשיות מזון בע""מ",IL,מיה,מיליליטרים,50.00,"100 מ""ל",false,,2.90,0.0580,true,1,33899
7290002319788,false,תמצית אפיה רום,"מיה תעשיות מזון בע""מ",IL,מיה,מיליליטרים,50.00,"100 מ""ל",false,,2.90,0.0580,true,1,33900
7290002319795,false,תמצית אפיה שקדים 60,מיה,IL,תמצית אפיה שקדים 60,מיליליטרים,60.00,"100 מ""ל",false,,3.90,0.0650,true,1,59980
7290002319825,false,אבקת סוכר 100 גרם,"מיה תעשיות מזון בע""מ",IL,מיה,גרמים,100.00,100 גרם,false,,1.90,0.0190,true,1,33901
7290002327028,false,גחנון שלושת האופים 6,אופרה,IL,אופרה,גרמים,650.00,100 גרם,false,,13.90,0.0214,true,1,34011
7290002327042,false,"בורקס תפו""א שלושת הא",אופרה,IL,אופרה,גרמים,800.00,100 גרם,false,,15.90,0.0199,true,1,34012
7290002327059,false,"בצק עלים 1 ק""ג",אופרה,IL,אופרה,קילוגרמים,1.00,"ק""ג",false,,16.90,16.9000,true,1,34013
7290002327073,false,בורקס גבינה שלושת,אופרה,IL,אופרה,גרמים,800.00,100 גרם,false,,16.90,0.0211,true,1,34015
7290002331360,false,*מבצע* נביעות ספורט,נביעות,IL,נביעות,ליטרים,3.00,ליטר,false,,12.90,4.3000,true,1,33059
7290002331421,false,נביעות שישיה 755,נביעות,IL,נביעות,ליטרים,4.53,ליטר,false,,16.90,3.7307,true,1,33060
7290002331483,false,נביעות בייבי 320 מל,נביעות,IL,נביעות,ליטרים,1.92,ליטר,false,,13.90,7.2396,true,1,33061
7290002331490,false,מים נביעות 1 ליטר,נביעות,IL,נביעות,ליטרים,1.00,ליטר,false,,2.90,2.9000,true,1,33062
7290002345015,false,סינטה דק דק אל גאוצו,טיבון ויל,IL,אל גאוצו,גרמים,250.00,100 גרם,false,,16.90,0.0676,true,1,36780
7290002345022,false,אנטריקוט דק דק 250 ג,טיבון ויל,IL,אל גאוצו,גרמים,250.00,100 גרם,false,,15.90,0.0636,true,1,36781
7290002345060,false,גבינת מאסדם הולנדי,ויזר,NL,גבינת מאסדם הולנדי,קילוגרמים,1.00,"ק""ג",true,,75.00,75.0000,true,1,31013
7290002345077,false,שניצל בקר דק 250 גרם,טיבון ויל,IL,טיבון ויל,גרמים,250.00,100 גרם,false,,14.90,0.0596,true,1,36782
7290002349914,false,מטליות מיקרופייבר יו,,IL,מטליות מיקרופייבר יו,יח',5.00,יח',false,,5.90,1.1800,true,1,66736
7290002349921,false,מטליות מיקרופייבר לר,,IL,מטליות מיקרופייבר לר,יח',2.00,יח',false,,12.90,6.4500,true,1,66732
7290002349938,false,מטליות מיקרופייבר מק,,IL,מטליות מיקרופייבר מק,יח',5.00,יח',false,,11.90,2.3800,true,1,66734
7290002349945,false,כריות יפניות יוחננוף,,IL,כריות יפניות יוחננוף,יח',12.00,יח',false,,11.90,0.9917,true,1,66733
7290002349969,false,כריות קרצוף ללכלוך ק,,IL,כריות קרצוף ללכלוך ק,יח',3.00,יח',false,,6.90,2.3000,true,1,66737
7290002349983,false,מטליות רצפה מיקרופיי,,IL,מטליות רצפה מיקרופיי,יח',3.00,יח',false,,12.90,4.3000,true,1,66735
7290002353836,false,סרדין רוברט בשמן זית,רמירז,PT,סרדין רוברט,גרמים,140.00,100 גרם,false,,8.90,0.0636,true,1,34016
7290002360155,false,*מבצע* פומפדור חליטת,TEEKANNE- POMPADOU,DE,פומפדור,גרמים,30.00,100 גרם,false,,10.90,0.3633,true,1,35038
7290002360278,false,*מבצע* פומפדור חליטת,TEEKANNE- POMPADOU,DE,פומפדור,גרמים,30.00,100 גרם,false,,10.90,0.3633,true,1,35041
7290002360285,false,*מבצע* פומפדור חליטת,TEEKANNE- POMPADOU,DE,פומפדור,גרמים,30.00,100 גרם,false,,10.90,0.3633,true,1,35042
7290002370017,false,*מבצע* גבינת גאודה ב,רובין הולנד,NL,וילי פוד,קילוגרמים,1.00,"ק""ג",true,,90.00,90.0000,true,1,11068
7290002370123,false,*מבצע* גבינת עיזים ר,פסטור,ES,וילי פוד,קילוגרמים,1.00,"ק""ג",true,,80.00,80.0000,true,1,30211
7290002370925,false,*מבצע* גבינת גאודה ע,רובין הולנד,NL,וילי פוד,קילוגרמים,1.00,"ק""ג",true,,90.00,90.0000,true,1,62246
7290002370994,false,*מבצע* גאודה עם פטרי,רובין הולנד,NL,*מבצע* גאודה עם פטרי,קילוגרמים,1.00,"ק""ג",true,,110.00,110.0000,true,1,62247
7290002371533,false,סלסולי פסטרמה דבש 12,טירת- צבי,IL,טירת- צבי,גרמים,120.00,100 גרם,false,,13.90,0.1158,true,1,35265
7290002371540,false,קורנדביף 120 גרם,טירת- צבי,IL,טירת- צבי,גרמים,120.00,100 גרם,false,,13.90,0.1158,true,1,35266
7290002371571,false,פסטרמה פרגית לבאגט,טירת- צבי,IL,טירת- צבי,קילוגרמים,1.00,"ק""ג",true,,79.00,79.0000,true,1,24533
7290002374268,false,שמן חמניות מילומור,סוגת,IL,שמן חמניות מילומור,ליטרים,1.00,ליטר,false,,10.90,10.9000,true,1,60924
7290002374312,true,"שמן קנולה ""מילומור""",שמן תעשיות,IL,עץ הזית,ליטרים,1.00,ליטר,false,,10.90,10.9000,true,1,34529
7290002374640,false,שמן קנולה בריאות מהט,שמן תעשיות,IL,עץ הזית,ליטרים,1.00,ליטר,false,,16.50,16.5000,true,1,34531
7290002385066,false,קוביות בולגרית 5%,דשן,IL,מחלבות גד,קילוגרמים,1.00,"ק""ג",true,,59.00,59.0000,true,1,13659
7290002385127,false,לאבנה שמן זית וזעתר,מחלבות גד,IL,מחלבות גד,קילוגרמים,1.00,"ק""ג",true,,43.00,43.0000,true,1,13660
7290002385431,false,בולגרית מסורתית 16%,דשן,IL,מחלבות גד,קילוגרמים,1.00,"ק""ג",true,,58.00,58.0000,true,1,13666
7290002385455,false,בולגרית מעודנת 24% מ,דשן,IL,מחלבות גד,קילוגרמים,1.00,"ק""ג",true,,60.00,60.0000,true,1,13668
7290002385486,false,גבינת שמנת טבעית 30%,מחלבות גד,IL,מחלבות גד,קילוגרמים,1.00,"ק""ג",true,,45.00,45.0000,true,1,13669
7290002385509,false,גבינת שמנת שום שמיר,מחלבות גד,IL,מחלבות גד,קילוגרמים,1.00,"ק""ג",true,,45.00,45.0000,true,1,13671
7290002385738,false,מנצ'גו משולשים 34%,גדישון,IL,מחלבות גד,קילוגרמים,1.00,"ק""ג",true,,140.00,140.0000,true,1,44389
7290002404583,false,*מבצע* יין קברנה ברא,,,*מבצע* יין קברנה ברא,מיליליטרים,750.00,"100 מ""ל",false,,32.90,0.0439,true,1,36578
7290002404590,false,*מבצע* יין מרלו בראש,יקבי ארזה,IL,ארזה,מיליליטרים,750.00,"100 מ""ל",false,,32.90,0.0439,true,1,36579
7290002404613,false,*מבצע* יין וירטואוז,יקבי ארזה,IL,ארזה,מיליליטרים,750.00,"100 מ""ל",false,,42.90,0.0572,true,1,36581
7290002404620,false,*מבצע* יין וירטואוז,יקבי ארזה,IL,ארזה,מיליליטרים,750.00,"100 מ""ל",false,,42.90,0.0572,true,1,36582
7290002404958,false,*מבצע* יין גנוסר 1 ל,יקבי ארזה,IL,גנוסר,ליטרים,1.00,ליטר,false,,15.90,15.9000,true,1,36586
7290002409014,false,גחנון אפוי 600ג ציפו,,,גחנון אפוי 600ג ציפור השר,גרמים,600.00,100 גרם,false,,16.90,0.0282,true,1,33605
7290002409038,false,בורקס גבינה ציפור הש,,,בורקס גבינה ציפור השרון,גרמים,800.00,100 גרם,false,,15.90,0.0199,true,1,33607
7290002409045,false,"בורקס תפו""א ציפור הש",,,"בורקס תפו""א ציפור השרון",גרמים,800.00,100 גרם,false,,13.90,0.0174,true,1,33608
7290002409076,false,גחנון 800גרם ציפור ה,,,גחנון 800גרם ציפור השרון,גרמים,800.00,100 גרם,false,,13.90,0.0174,true,1,33609
7290002409175,false,"בצק עלים 1 ק""ג ציפור",,,"בצק עלים 1 ק""ג ציפור השרו",קילוגרמים,1.00,"ק""ג",false,,13.90,13.9000,true,1,33610
7290002409274,false,מלוואח 800 גרם,,,מלאווח 1קג ציפור השרון,גרמים,800.00,100 גרם,false,,13.90,0.0174,true,1,60922
7290002409281,false,סבבה ציפור השרון,,,סבבה ציפור השרון,גרמים,750.00,100 גרם,false,,16.90,0.0225,true,1,33611
7290002410348,false,רוסטביף עגל ברשת-ואק,מעדני הטלה,IL,מעדני הטלה,קילוגרמים,1.00,"ק""ג",true,,49.90,49.9000,true,1,43259
7290002485025,false,חומוס מסעדות 500,"סלטי שמיר 2006 בע""מ",IL,סלטי שמיר,גרמים,500.00,100 גרם,false,,13.90,0.0278,true,1,34510
7290002485049,false,חומוס מסבחה 500,"סלטי שמיר 2006 בע""מ",IL,סלטי שמיר,גרמים,500.00,100 גרם,false,,13.90,0.0278,true,1,34512
7290002485063,false,חומוס אבו גוש 500,"סלטי שמיר 2006 בע""מ",IL,סלטי שמיר,גרמים,500.00,100 גרם,false,,13.90,0.0278,true,1,34514
7290002487364,false,בורקס פילו גבינה וזי,שגמור,IL,שגמור,גרמים,700.00,100 גרם,false,,16.90,0.0241,true,1,34023
7290002507383,false,בולגרית של בכר 5%,פנחס,IL,פנחס,קילוגרמים,1.00,"ק""ג",true,,75.00,75.0000,true,1,13868
7290002507390,false,בולגרית של בכר16%,פנחס,IL,פנחס,קילוגרמים,1.00,"ק""ג",true,,75.00,75.0000,true,1,13869
7290002507604,false,פיצת השף-שגב 320 גרם,שלושת האופים,IL,שלושת האופים,גרמים,320.00,100 גרם,false,,12.90,0.0403,true,1,34030
7290002511229,false,*מבצע* בולגרית מעודנ,"מחלבת המושבה בע""מ",IL,מחלבת המושבה,קילוגרמים,1.00,"ק""ג",true,,42.00,42.0000,true,1,45438
7290002511236,false,*מבצע* בולגרית מעודנ,"מחלבת המושבה בע""מ",IL,מחלבת המושבה,קילוגרמים,1.00,"ק""ג",true,,42.00,42.0000,true,1,45439
7290002511243,false,בולגרית 16%,"מחלבת המושבה בע""מ",IL,מחלבת המושבה,קילוגרמים,1.00,"ק""ג",true,,45.00,45.0000,true,1,19771
7290002511250,false,ג. שמנת שמיר 30%,"מחלבת המושבה בע""מ",IL,מחלבת המושבה,קילוגרמים,1.00,"ק""ג",true,,39.00,39.0000,true,1,19772
7290002511274,false,ג. שמנת זיתים 30%,"מחלבת המושבה בע""מ",IL,מחלבת המושבה,קילוגרמים,1.00,"ק""ג",true,,39.00,39.0000,true,1,19774
7290002511281,false,ברינזה צאן 22%,"מחלבת המושבה בע""מ",IL,מחלבת המושבה,קילוגרמים,1.00,"ק""ג",true,,80.00,80.0000,true,1,19775
7290002511427,false,*מבצע* אצבעות שוקולד,"מחלבת המושבה בע""מ",IL,מחלבת המושבה,קילוגרמים,1.00,"ק""ג",true,,57.00,57.0000,true,1,19779
7290002511496,false,בולגרית קוביות5%,"מחלבת המושבה בע""מ",IL,מחלבת המושבה,קילוגרמים,1.00,"ק""ג",true,,49.00,49.0000,true,1,19782
7290002512004,false,צנעני מלווח 16*900גר,צנעני מוצרי בצק,IL,צנעני,גרמים,900.00,100 גרם,false,,19.90,0.0221,true,1,32942
7290002512011,false,צנעני גחנון 15*900גר,צנעני מוצרי בצק,IL,צנעני,גרמים,900.00,100 גרם,false,,19.90,0.0221,true,1,32943
7290002512035,false,צנעני בצק עלים 1 קג,צנעני מוצרי בצק,IL,צנעני,קילוגרמים,1.00,"ק""ג",false,,17.90,17.9000,true,1,32944
7290002512066,false,ג'חנון אפוי למיקרוגל,YOAL,IL,ג'חנון אפוי למיקרוגל,גרמים,650.00,100 גרם,false,,19.90,0.0306,true,1,58536
7290002512509,false,מלוואח אלפא 700 גרם,,,מלוואח אלפא 700 גרם,גרמים,700.00,100 גרם,false,,9.90,0.0141,true,1,36298
7290002512547,false,בצק עלים אלפא,,,בצק עלים אלפא,גרמים,750.00,100 גרם,false,,9.90,0.0132,true,1,57357
7290002512554,false,גחנון אלפא 700 גרם,,,גחנון אלפא 700 גרם,גרמים,700.00,100 גרם,false,,9.90,0.0141,true,1,36299
7290002515371,false,*מבצע* קמיל בלו 1 לי,"ד""ר פישר",IL,קמיל בלו,ליטרים,1.00,ליטר,false,,21.90,21.9000,true,1,33908
7290002517290,false,קינמון טחון 40 גרם,"תבליני טעם וריח בע""מ",IL,"תבליני טעם וריח בע""מ",גרמים,40.00,100 גרם,false,,6.90,0.1725,true,1,35151
7290002517337,false,אורגנו שקית 20 גרם,"תבליני טעם וריח בע""מ",IL,"תבליני טעם וריח בע""מ",גרמים,20.00,100 גרם,false,,5.90,0.2950,true,1,35152
7290002517375,false,בזיליקום שקית 30 גרם,"תבליני טעם וריח בע""מ",IL,"תבליני טעם וריח בע""מ",גרמים,30.00,100 גרם,false,,5.90,0.1967,true,1,35153
7290002517801,false,צ'ילי גרוס חריף 30 ג,"תבליני טעם וריח בע""מ",IL,"תבליני טעם וריח בע""מ",גרמים,30.00,100 גרם,false,,6.90,0.2300,true,1,35164
7290002517825,false,פלפל לבן טחון 40 גרם,"תבליני טעם וריח בע""מ",IL,"תבליני טעם וריח בע""מ",גרמים,40.00,100 גרם,false,,8.90,0.2225,true,1,37302
7290002542780,false,שישיית בירה סטלה 330,,,שישיית בירה סטלה 330,ליטרים,1.98,ליטר,false,,34.90,17.6263,true,1,60268
7290002543237,false,קלוגס קורנפלקס 750 ג,חברת קלוגס גרמניה,DE,קלוגס,גרמים,750.00,100 גרם,false,,14.90,0.0199,true,1,35185
7290002560333,false,שקיות אוכל מארז שלשה,,,שקיות אוכל מארז שלשה,יח,3.00,יח,false,,7.90,2.6333,true,1,52937
7290002564539,false,דרז'ה פקאן בשוקולד מ,אופנהיימר,US,דרז'ה פקאן בשוקולד מ,גרמים,100.00,100 גרם,false,,9.90,0.0990,true,1,66964
7290002596448,false,חזה בקר כבוש קפוא.,מעדני הטלה,IL,מעדני הטלה,קילוגרמים,1.00,"ק""ג",true,,39.90,39.9000,true,1,43261
7290002608509,false,לחם מחמצת זיתי קלמטה,,,לחם רוסטיק לבן,יח',1.00,יח',false,,16.90,16.9000,true,1,30119
7290002608516,false,לחם מחמצת מקמח מלא,,,לחם רוסטיק לבן,יח',1.00,יח',false,,16.90,16.9000,true,1,30120
7290002627098,false,פיצה ביס שלושת האופי,שגמור,IL,פיצה ביס שלושת האופי,גרמים,350.00,100 גרם,false,,12.90,0.0369,true,1,61162
7290002627753,false,*מבצע* פיצה זוג יוחנ,סוילה אס.אר.אל ויטו,IT,יוחננוף,גרמים,640.00,100 גרם,false,,19.90,0.0311,true,1,56384
7290002628194,false,בשר מס 8  חלק קפוא,JBS S.A,BR,בשר מס 8  חלק קפוא,קילוגרמים,1.00,"ק""ג",true,,29.90,29.9000,true,1,66730
7290002628286,false,בשר ראש חלק קפוא,JBS S.A,BR,בשר ראש חלק קפוא,קילוגרמים,1.00,"ק""ג",true,,69.90,69.9000,true,1,66726
7290002651116,false,גחנון חמסי 1 קג לא א,חמסי,IL,חמסי,קילוגרמים,1.00,"ק""ג",false,,15.90,15.9000,true,1,32863
7290002651123,false,מלאווח חמסי 1 קג,חמסי,IL,חמסי,קילוגרמים,1.00,"ק""ג",false,,15.90,15.9000,true,1,32864
7290002674221,false,משחת שיניים אקווה פר,גלקסוסמיתקליין,GB,אקווה פרש,מיליליטרים,100.00,"100 מ""ל",false,,11.90,0.1190,true,1,33394
7290002692393,false,"שמן קנולה מועשר ""עץ",שמן תעשיות,IL,עץ הזית,ליטרים,1.00,ליטר,false,,15.90,15.9000,true,1,34532
7290002692768,false,"תרסיס שמן קנולה  ""עץ",שמן תעשיות,IL,עץ הזית,מיליליטרים,200.00,"100 מ""ל",false,,16.90,0.0845,true,1,34536
7290002692782,false,תרסיס שמן זית ללא תו,שמן תעשיות,IL,עץ הזית,מיליליטרים,200.00,"100 מ""ל",false,,16.90,0.0845,true,1,34537
7290002695073,false,בשר מס' 6  מוכשר קפו,כל הבשר,AR,כל הבשר,קילוגרמים,1.00,"ק""ג",true,,39.90,39.9000,true,1,42383
7290002695103,false,בשר מס' 5 מוכשר קפוא,כל הבשר,AR,כל הבשר,קילוגרמים,1.00,"ק""ג",true,,39.90,39.9000,true,1,44218
7290002695127,false,טחון הודו זוגות,כל הבשר,IL,כל הבשר,קילוגרמים,1.00,"ק""ג",false,,14.90,14.9000,true,1,36634
7290002695295,false,זוג טחון בקר חלק 2*5,כל הבשר,IL,כל הבשר,קילוגרמים,1.00,"ק""ג",false,,29.90,29.9000,true,1,36642
7290002695486,false,בשר לחמין.,כל הבשר,IL,כל הבשר,קילוגרמים,1.00,"ק""ג",true,,34.90,34.9000,true,1,44221
7290002695608,false,טחון בקר זוגות 2*500,כל הבשר,IL,כל הבשר,קילוגרמים,1.00,"ק""ג",false,,25.90,25.9000,true,1,36649
7290002695684,false,גולש בקר במגש .,כל הבשר,IL,כל הבשר,קילוגרמים,1.00,"ק""ג",true,,33.90,33.9000,true,1,44224
7290002695851,false,בשר טחון בקר 100%.,כל הבשר,IL,כל הבשר,גרמים,500.00,100 גרם,false,,22.90,0.0458,true,1,36658
7290002715504,false,מגיק בכוס טעם עוף,ויינברג,SG,מג'יק,גרמים,70.00,100 גרם,false,,4.50,0.0643,true,1,34041
7290002715511,false,מגיק בכוס בשר,ויינברג,SG,מג'יק,גרמים,70.00,100 גרם,false,,4.50,0.0643,true,1,34042
7290002715528,false,מגיק בכוס ירקות,ויינברג,SG,מג'יק,גרמים,70.00,100 גרם,false,,4.50,0.0643,true,1,34043
7290002715580,false,מגיק בכוס סיני,ויינברג,SG,מג'יק,גרמים,70.00,100 גרם,false,,4.50,0.0643,true,1,34044
7290002730262,false,*מבצע* פלמוליב כלים,Colgate - Greece,GR,פלמוליב  כלים,מיליליטרים,750.00,"100 מ""ל",false,,8.90,0.0119,true,1,35046
7290002730521,false,בלונס מקלות אוזניים,SEPTONA,GR,בלונס,יח',200.00,יח',false,,6.90,0.0345,true,1,35048
7290002730538,false,בלונס מסיר איפור 80,SEPTONA,GR,בלונס,יח',80.00,יח',false,,8.90,0.1113,true,1,35049
7290002730811,false,קולגייט אדומה ג'ל פס,CP-Poland swidnica,PL,קולגייט,מיליליטרים,100.00,"100 מ""ל",false,,11.90,0.1190,true,1,35052
7290002730958,false,*מבצע* פלמוליב סבון,CP - Turkey+60,TR,פלמוליב סבון,גרמים,400.00,100 גרם,false,,11.90,0.0298,true,1,35055
7290002735014,false,מלאווח 600 גרם,יינון,IL,יינון,גרמים,750.00,100 גרם,false,,13.90,0.0185,true,1,35908
7290002735021,false,ג'חנון 750 גרם,יינון,IL,יינון,גרמים,750.00,100 גרם,false,,13.90,0.0185,true,1,35909
7290002735212,false,קונכיות בצק 750 גרם,יינון,IL,יינון,גרמים,750.00,100 גרם,false,,13.90,0.0185,true,1,35913
7290002735274,false,ג'חנון אפוי למיקרוגל,יינון,IL,יינון,גרמים,600.00,100 גרם,false,,16.90,0.0282,true,1,35914
7290002750963,false,באגט רוסטיק,,,בגט רוסטיק,יח',1.00,יח',false,,7.90,7.9000,true,1,21814
7290002752332,false,מנטוס פירות,פרפטי ואן מלה,NL,מנטוס,גרמים,37.50,100 גרם,false,,3.50,0.0933,true,1,33824
7290002752349,false,גליל מנטוס סוכריות ל,פרפטי ואן מלה,NL,מנטוס,גרמים,37.50,100 גרם,false,,3.50,0.0933,true,1,33825
7290002752493,false,טיק טק  מנטה רביעייה,פררו,EC,פררו,גרמים,64.00,100 גרם,false,,9.90,0.1547,true,1,35438
7290002753223,false,טיק טק תפוז רביעיה,פררו,EC,פררו,גרמים,64.00,100 גרם,false,,9.90,0.1547,true,1,37587
7290002757139,false,מלאווח 700 גרם שלושת,אופרה,IL,אופרה,גרמים,700.00,100 גרם,false,,13.90,0.0199,true,1,34047
7290002757146,false,קובה חמוסטה למרק 1 ק,,IL,שלושת האופים,קילוגרמים,1.00,"ק""ג",false,,17.90,17.9000,true,1,58498
7290002757511,false,קציצות דג לבישול 750,דלידג,IL,דלידג,גרמים,750.00,100 גרם,false,,24.90,0.0332,true,1,34048
7290002757535,false,בורקס פילו אצבעות גב,שגמור,IL,שגמור,גרמים,700.00,100 גרם,false,,16.90,0.0241,true,1,34050
7290002769514,false,עוגיות 350 גרם,ר.כ עוגיות הזהב,IL,הזהב,גרמים,350.00,100 גרם,false,,9.90,0.0283,true,1,62214
7290002771104,false,קפה קלוי וטחון עם הל,,,קפה אלנחלה הל 500 גרם,גרמים,500.00,100 גרם,false,,29.90,0.0598,true,1,32327
7290002771111,false,קפה קלוי וטחון עם הל,,,קפה אלנחלה הל 250 גרם,גרמים,250.00,100 גרם,false,,15.90,0.0636,true,1,32328
7290002771128,false,קפה קלוי וטחון בלי ה,,,קפה אלנחלה 250 גרם,גרמים,250.00,100 גרם,false,,15.90,0.0636,true,1,32329
7290002782131,false,*מבצע* דאודורנט ספרי,ביסקול,IL,פנינה רוזנבלום בע'מ,מיליליטרים,150.00,"100 מ""ל",false,,19.90,0.1327,true,1,34309
7290002782742,false,דאודורנט ספריי לאישה,ביסקול,IL,פנינה רוזנבלום בע'מ,מיליליטרים,150.00,"100 מ""ל",false,,17.90,0.1193,true,1,34311
7290002782759,false,*מבצע* קרם גוף 340 מ,א.ל ארמן,IL,פנינה רוזנבלום בע'מ,מיליליטרים,340.00,"100 מ""ל",false,,19.90,0.0585,true,1,34312
7290002793311,false,שירות והחלפה מילוי ג,סודה סטרים,IL,סודה סטרים,יח',1.00,יח',false,,56.90,56.9000,true,1,34134
7290002800361,false,המבורגר מסעדות 500,מעדני הטלה,IL,מעדני הטלה,גרמים,500.00,100 גרם,false,,22.90,0.0458,true,1,32866
7290002805151,false,*מבצע* סיף רצפות 4 ל,אתר ליוור - HPC,IL,CIF,ליטרים,4.00,ליטר,false,,17.90,4.4750,true,1,18192
7290002814016,false,מסיר שומנים קר מתז 7,"קומפלקס כימיקלים בע""",IL,סנט מוריץ,מיליליטרים,750.00,"100 מ""ל",false,,12.90,0.0172,true,1,33418
7290002814078,false,אנטרטיק 1 ליטר צילינ,"קומפלקס כימיקלים בע""",IL,סנט מוריץ,ליטרים,1.00,ליטר,false,,4.90,4.9000,true,1,33421
7290002814306,false,כדוריות סבון אסלה עם,,TR,כדוריות סבון אסלה עם,יח',3.00,יח',false,,9.90,3.3000,true,1,67879
7290002814528,false,אסלות 1 ליטר צילינדר,"קומפלקס כימיקלים בע""",IL,סנט מוריץ,ליטרים,1.00,ליטר,false,,4.90,4.9000,true,1,33425
7290002814580,false,טורנדו גרגירים לפתיח,"קומפלקס כימיקלים בע""",IL,טורנדו,גרמים,200.00,100 גרם,false,,9.90,0.0495,true,1,33426
7290002814603,false,מסיר שומנים קר מבושם,"קומפלקס כימיקלים בע""",IL,סנט מוריץ,מיליליטרים,750.00,"100 מ""ל",false,,9.90,0.0132,true,1,28831
7290002814795,false,כדוריות סבון אסלה לי,,TR,כדוריות סבון אסלה לי,יח',3.00,יח',false,,9.90,3.3000,true,1,67880
7290002814801,false,כדוריות סבון אסלה פר,,TR,כדוריות סבון אסלה פר,יח',3.00,יח',false,,9.90,3.3000,true,1,67881
7290002814818,false,כדוריות סבון אסלה עם,,TR,כדוריות סבון אסלה עם,יח',3.00,יח',false,,9.90,3.3000,true,1,67882
7290002814825,false,סבון אסלה כדוריות של,"קומפלקס כימיקלים בע""",,סבון אסלה כדוריות של,יח,3.00,יח,false,,9.90,3.3000,true,1,57380
7290002814917,false,נוזל רצפות 4 ליטר,,,נוזל רצפות 4 ליטר,ליטרים,4.00,ליטר,false,,9.90,2.4750,true,1,33429
7290002814931,false,רצפות 4 ליטר בניחוח,"קומפלקס כימיקלים בע""",IL,סנט מוריץ,ליטרים,4.00,ליטר,false,,9.90,2.4750,true,1,33430
7290002824183,false,סקי 500 גרם 5%,שטראוס גרופ,IL,שטראוס,גרמים,500.00,100 גרם,false,,9.50,0.0190,true,1,34445
7290002824466,false,דנונה ביו  0% 200 גר,שטראוס גרופ,IL,שטראוס,מיליליטרים,200.00,"100 מ""ל",false,,3.70,0.0185,true,1,34446
7290002824640,false,סקי 5% 250 גרם,שטראוס גרופ,IL,שטראוס,גרמים,250.00,100 גרם,false,,4.98,0.0199,true,1,34447
7290002825722,false,כרוב אדום 500,שטראוס גרופ,IL,שטראוס,גרמים,500.00,100 גרם,false,,13.90,0.0278,true,1,34448
7290002862222,false,פירורי לחם לבנים 1 ק,,,פירורי לחם לבנים 1 ק,יח',1.00,יח',false,,10.90,10.9000,true,1,37747
7290002862444,false,פירורי לחם מוזהבים 1,,,פירורי לחם מוזהב 800ג,קילוגרמים,1.00,"ק""ג",false,,10.90,10.9000,true,1,37751
7290002862482,false,פירורי לחם מתובלים ק,,,פירורי לחם מתובלים 500ג,גרמים,500.00,100 גרם,false,,8.90,0.0178,true,1,37752
7290002868996,false,קוטג' 5% 250 גרם נעם,טרה,IL,טרה,גרמים,250.00,100 גרם,false,,5.50,0.0220,true,1,34401
7290002871248,false,טובורג חוזר,קרלסברג ישראל,IL,טובורג,מיליליטרים,500.00,"100 מ""ל",false,,7.90,0.0158,true,1,33066
7290002871361,false,קרלסברג חוזר,קרלסברג ישראל,IL,קרלסברג,מיליליטרים,500.00,"100 מ""ל",false,,7.90,0.0158,true,1,33067
7290002881216,false,רסק תפוחי עץ,,,רסק תפוחי עץ,גרמים,700.00,100 גרם,false,,11.90,0.0170,true,1,34988
7290002881230,false,אננס חתוך 820 גרם,"אניס פארם בע""מ",VN,אננס חתוך 820 גרם,גרמים,820.00,100 גרם,false,,7.50,0.0091,true,1,56516
7290002881247,false,אננס פרוס 820 גרם,"אניס פארם בע""מ",VN,אננס פרוס 820 גרם,גרמים,820.00,100 גרם,false,,9.90,0.0121,true,1,56517
7290002881261,false,ליצ'י שלם 565 גרם,תומר,CN,תומר,גרמים,565.00,100 גרם,false,,8.90,0.0158,true,1,47810
7290002881346,false,ליפתן חצאי אגס 850 ג,,,ליפתן חצאי אגס 850 ג,גרמים,850.00,100 גרם,false,,7.90,0.0093,true,1,37086
7290002881407,false,נודלס דק 400 ג,אופאל,CN,תומר,גרמים,400.00,100 גרם,false,,7.90,0.0198,true,1,34989
7290002881414,false,נודלס עבה 400 ג,אופאל,CN,תומר,גרמים,400.00,100 גרם,false,,7.90,0.0198,true,1,34990
7290002881506,false,חמאת בוטנים,,,חמאת בוטנים,גרמים,510.00,100 גרם,false,,12.90,0.0253,true,1,34991
7290002881612,false,לפתן דובדבנים חמוצים,Fructo sliven jsc,BG,תומר,גרמים,700.00,100 גרם,false,,8.90,0.0127,true,1,37089
7290002881742,false,לבבות דקל חתוך,Inaexpo,EC,תומר,גרמים,220.00,100 גרם,false,,8.90,0.0405,true,1,34995
7290002881940,false,סרדין מרוקאי בשמן 12,,,סרדין מרוקאי בשמן 125 גרם,גרמים,125.00,100 גרם,false,,5.90,0.0472,true,1,34998
7290002881957,false,סרדין מרוקאי חריף 12,,,סרדין מרוקאי חריף 125 גרם,גרמים,125.00,100 גרם,false,,5.90,0.0472,true,1,34999
7290002881964,false,סרדין מרוקאי בעגבניו,Union des pecheries,MA,תומר,גרמים,125.00,100 גרם,false,,5.90,0.0472,true,1,35000
7290002900313,false,פסטרמה בסגנון ספרדי,טירת- צבי,IL,טירת- צבי,קילוגרמים,1.00,"ק""ג",true,,79.00,79.0000,true,1,24540
7290002900436,false,פסטרמה בסגנון איטלקי,טירת- צבי,IL,טירת- צבי,קילוגרמים,1.00,"ק""ג",true,,79.00,79.0000,true,1,24541
7290002900566,false,פסטרמה ברביקיו דלת,טירת- צבי,IL,טירת- צבי,גרמים,360.00,100 גרם,false,,25.90,0.0719,true,1,35271
7290002909569,false,פילה ברבוניה 400 גרם,טאנ-היי,,פילה ברבוניה 400 גרם,גרמים,400.00,100 גרם,false,,24.90,0.0622,true,1,37171
7290002909804,false,פילה מרלוזה ללא עור,אל מאריסקו,AR,בלדי,קילוגרמים,1.00,"ק""ג",true,,29.90,29.9000,true,1,45580
7290002921165,false,הזלין ספריי לניקוי ר,פריקה,DE,הזלין,מיליליטרים,400.00,"100 מ""ל",false,,37.90,0.0947,true,1,33799
7290002921240,false,קרבונה מסיר כתמים מר,קרבונה,US,קרבונה,מיליליטרים,651.00,"100 מ""ל",false,,26.90,0.0413,true,1,33800
7290002929642,false,טונה ויליגר בשמן 4*1,ויליגר,IL,ויליגר,גרמים,560.00,100 גרם,false,,19.90,0.0355,true,1,34056
7290002954040,false,שמן תירס 1 ליטר,לסיור,FR,שוקחה,ליטרים,1.00,ליטר,false,,14.90,14.9000,true,1,32240
7290002954187,false,"אורז יסמין 5 ק""ג",,,"אורז יסמין 5 ק""ג",קילוגרמים,5.00,"ק""ג",false,,41.90,8.3800,true,1,35380
7290002971955,false,קמח שטיבל 650  ל.צ.נ,טחנת קמח דגן-שטיבל,IL,קמח שטיבל 650  ל.צ.נ,קילוגרמים,1.00,"ק""ג",false,,7.90,7.9000,true,1,36448
7290002971962,false,קמח חיטה מלא % 100 ל,טחנת קמח דגן-שטיבל,IL,קמח חיטה מלא % 100 ל,קילוגרמים,1.00,"ק""ג",false,,7.90,7.9000,true,1,36449
7290002972006,false,קמח שטיבל  405 ל.צ.נ,טחנת קמח דגן-שטיבל,IL,קמח שטיבל  405 ל.צ.נ,קילוגרמים,1.00,"ק""ג",false,,7.90,7.9000,true,1,36452
7290002972365,false,קמח שטיבל 13 תופחל.צ,טחנת קמח דגן-שטיבל,IL,קמח שטיבל 13 תופחל.צ,קילוגרמים,1.00,"ק""ג",false,,7.90,7.9000,true,1,36453
7290002972518,false,קמח רב תכליתי 2.27 ק,טחנת קמח דגן-שטיבל,IL,קמח רב תכליתי 2.27 ק,גרמים,2270.00,100 גרם,false,,14.90,0.0066,true,1,36455
7290002973669,false,שטיבל 2 קמח לחם  ל.צ,טחנת קמח דגן-שטיבל,IL,שטיבל,קילוגרמים,1.00,"ק""ג",false,,7.90,7.9000,true,1,48076
7290002973676,false,קמח שטיבל 18 - חלה ל,טחנת קמח דגן-שטיבל,IL,שטיבל,קילוגרמים,1.00,"ק""ג",false,,7.90,7.9000,true,1,48077
7290002973812,false,קמח כוסמין 80%,"שטיבל בע""מ",IL,שטיבל,קילוגרמים,1.00,"ק""ג",false,,13.90,13.9000,true,1,56227
7290002973829,false,קמח כוסמין לבן  ל.צ.,"שטיבל בע""מ",IL,שטיבל,קילוגרמים,1.00,"ק""ג",false,,13.90,13.9000,true,1,55541
7290002974239,false,קמח עוגות שטיבל 5 ל.,"שטיבל בע""מ",IL,שטיבל,קילוגרמים,1.00,"ק""ג",false,,7.90,7.9000,true,1,55827
7290002974338,false,קמח מניטובה 17.5% חל,טחנת קמח דגן-שטיבל,IL,קמח מניטובה 17.5% חל,קילוגרמים,1.00,"ק""ג",false,,11.90,11.9000,true,1,61534
7290002986300,false,פתיבר גמבו שוקו 600,,,פתיבר גמבו שוקו 600 גרם,גרמים,600.00,100 גרם,false,,10.90,0.0182,true,1,35922
7290002987963,false,חומוס אחלה 1 קג,שטראוס גרופ,IL,אחלה,קילוגרמים,1.00,"ק""ג",false,,13.90,13.9000,true,1,35590
7290003006021,false,קוביה פטה עם זיתים 2,גבינות ניצן,IL,גבינות ניצן,קילוגרמים,1.00,"ק""ג",true,,70.00,70.0000,true,1,6870
7290003006120,false,פלפל פיקנטי ממולא,גבינות ניצן,IL,גבינות ניצן,קילוגרמים,1.00,"ק""ג",true,,159.00,159.0000,true,1,6871
7290003009183,false,סירופ פריגת דיאט תפו,סירופ - גבעת חיים,IL,סירופ דיאט,מיליליטרים,750.00,"100 מ""ל",false,,21.90,0.0292,true,1,33075
7290003009312,false,בוטן קלוי 200 גרם,"ששון ושות' בע""מ",IL,קליית גת,גרמים,200.00,100 גרם,false,,6.90,0.0345,true,1,33827
7290003009336,false,קבוקים 200 גרם,"ג'י אנד ג'י בע""מ",IL,קליית גת,גרמים,200.00,100 גרם,false,,5.90,0.0295,true,1,33829
7290003009640,false,סחוט תפוז 1 ליטר,פריגת מצוננים,IL,סחוט טבעי,ליטרים,1.00,ליטר,false,,15.90,15.9000,true,1,34402
7290003015627,false,*מבצע* ריצפז פרש 2 ל,סנו,IL,ריצפז,ליטרים,2.00,ליטר,false,,14.90,7.4500,true,1,33208
7290003015634,false,*מבצע* ריצפז פרש 2,סנו,IL,ריצפז,ליטרים,2.00,ליטר,false,,14.90,7.4500,true,1,33209
7290003015641,false,*מבצע* ריצפז פרש 2 ל,סנו,IL,ריצפז,ליטרים,2.00,ליטר,false,,14.90,7.4500,true,1,33210
7290003026029,false,קמיל בלו סנסיטיב 500,"ד""ר פישר",IL,קמיל בלו סנסיטיב,גרמים,500.00,100 גרם,false,,17.90,0.0358,true,1,33909
7290003026036,false,*מבצע* קמיל פלוס 1 ל,"ד""ר פישר",IL,קמיל בלו סנסיטיב,ליטרים,1.00,ליטר,false,,24.90,24.9000,true,1,33910
7290003026227,false,*מבצע* קמיל אלדמע 1,"ד""ר פישר",IL,קמיל בלו סנסיטיב,ליטרים,1.00,ליטר,false,,24.90,24.9000,true,1,33911
7290003026234,false,*מבצע* קמיל בלו תחלי,"ד""ר פישר",IL,קמיל בלו סנסיטיב,מיליליטרים,500.00,"100 מ""ל",false,,19.90,0.0398,true,1,33912
7290003026319,false,*מבצע* משחה לתינוק ק,"ד""ר פישר",IL,קמיל בלו סנסיטיב,גרמים,120.00,100 גרם,false,,14.90,0.1242,true,1,36747
7290003029181,false,שוקו 1 ליטר,שטראוס גרופ,IL,יטבתה,ליטרים,1.00,ליטר,false,,11.90,11.9000,true,1,34452
7290003029372,false,בננה 1 ליטר,שטראוס גרופ,IL,יטבתה,ליטרים,1.00,ליטר,false,,11.90,11.9000,true,1,34454
7290003029389,false,"בננה פקק 250 מ""ל",שטראוס גרופ,IL,יטבתה,מיליליטרים,250.00,"100 מ""ל",false,,5.60,0.0224,true,1,34455
7290003029433,false,"שוקו פקק 250 מ""ל",שטראוס גרופ,IL,יטבתה,מיליליטרים,250.00,"100 מ""ל",false,,5.60,0.0224,true,1,34456
7290003029532,false,מוקה 1 ליטר,שטראוס גרופ,IL,יטבתה,ליטרים,1.00,ליטר,false,,11.90,11.9000,true,1,34457
7290003029792,false,מארז 8 שקיות שוקו,שטראוס גרופ,IL,יטבתה,ליטרים,1.80,ליטר,false,,19.90,11.0556,true,1,34459
7290003029815,false,חלב 3% בקבוק 2 ליטר,שטראוס גרופ,IL,יטבתה,ליטרים,2.00,ליטר,false,,14.90,7.4500,true,1,34460
7290003029907,false,אייס קפה 1 ליטר,שטראוס גרופ,IL,יטבתה,ליטרים,1.00,ליטר,false,,11.90,11.9000,true,1,34462
7290003031788,false,*מבצע* פסטרמה+סלמי מ,טירת- צבי,IL,טירת צבי,גרמים,800.00,100 גרם,false,,24.90,0.0311,true,1,37470
7290003054657,false,חרדל דיז'ון אקסטרא פ,REINE DE DIJON S.A,FR,ריין דיז'ון,גרמים,370.00,100 גרם,false,,10.90,0.0295,true,1,35189
7290003055050,false,"מ.אף ""סיון 150"" דף ר",חי,IL,סיון,יח',150.00,יח',false,,5.90,0.0393,true,1,36481
7290003055081,false,טישו סיון נילון 100,חי,IL,סיון,יח',100.00,יח',false,,2.90,0.0290,true,1,36483
7290003055166,false,פנסי מעורב פסטל 100,חי,IL,פנסי,יח',100.00,יח',false,,4.90,0.0490,true,1,36485
7290003055197,false,מפיון דיספנסר 40X100,חי,IL,חי,יח',100.00,יח',false,,2.90,0.0290,true,1,36486
7290003055203,false,מפיות סיון קולקשיין,maki,PL,סיון,יח',20.00,יח',false,,6.90,0.3450,true,1,36487
7290003055227,false,הום קולקשיין 50 דו ש,חי,IL,חי,יח',50.00,יח',false,,9.90,0.1980,true,1,36488
7290003055524,false,"מפיות ""PARTY 85"" חד",חי,IL,פארטי,יח',85.00,יח',false,,3.90,0.0459,true,1,36490
7290003055548,false,טישו  פיור שביעיה,חי,IL,פיור,יח',7.00,יח',false,,13.90,1.9857,true,1,36491
7290003102136,false,צמר גפן COTTON SOFT,A.P. Ltd,TR,כוטון סופט,גרמים,100.00,100 גרם,false,,4.90,0.0490,true,1,32804
7290003102280,false,צימרוני שסתום לתינוק,,,צמרוני אוזניים לתינוק 55,יח',55.00,יח',false,,3.90,0.0709,true,1,32805
7290003102891,false,שקיות צליה הוסטס 10י,B.P. Ltd,TR,הוסטס,יח',10.00,יח',false,,3.50,0.3500,true,1,32807
7290003102976,false,צימרוני אוז' פל' בקו,S.T.O Co Ltd,CN,כוטון סופט,יח',200.00,יח',false,,4.50,0.0225,true,1,32808
7290003107148,false,קמח לבן 1 קג,טחנות קמח דגן בעמ,IL,דגן,קילוגרמים,1.00,"ק""ג",false,,3.90,3.9000,true,1,36531
7290003107216,false,קמח לבן בהיר ארוז,טחנות קמח דגן בעמ,IL,דגן,קילוגרמים,1.00,"ק""ג",false,,5.90,5.9000,true,1,33705
7290003107223,false,"סולת לנדא ארוז 1 ק""ג",טחנות קמח דגן בעמ,IL,דגן,קילוגרמים,1.00,"ק""ג",false,,6.00,6.0000,true,1,33706
7290003107353,false,משפר אפיה שלישיה,,,משפר אפיה שלישיה,גרמים,30.00,100 גרם,false,,5.90,0.1967,true,1,36533
7290003107360,false,"קמח בהיר1 ק""ג דגן מנ",טחנות קמח דגן בעמ,IL,"קמח בהיר1 ק""ג דגן מנ",קילוגרמים,1.00,"ק""ג",false,,7.90,7.9000,true,1,33707
7290003126712,false,יוגורט עיזים טבעי 15,מחלבת משק צוריאל,IL,משק צוריאל,גרמים,150.00,100 גרם,false,,6.20,0.0413,true,1,34403
7290003126958,false,*מבצע* טופו גולמי בו,מחלבת משק צוריאל,IL,משק צוריאל,גרמים,300.00,100 גרם,false,,9.90,0.0330,true,1,34404
7290003130399,false,אקווה פרש מברשת ילדי,גלקסוסמיתקליין,IN,אקווה פרש,יח',1.00,יח',false,,7.90,7.9000,true,1,33395
7290003143146,false,ממרח תמרים 450 גרם,,,ממרח תמרים 450 גרם,גרמים,450.00,100 גרם,false,,5.50,0.0122,true,1,33837
7290003143276,false,יוגטה מרשמלו 180 גרם,תות ממתקי איכות,IL,יוגטה,גרמים,180.00,100 גרם,false,,6.90,0.0383,true,1,33838
7290003143337,false,סילאן טבעי לחיץ 350,,,סילאן 900 גרם,גרמים,350.00,100 גרם,false,,15.90,0.0454,true,1,37857
7290003144419,false,סילאן טבעי 710 גרם ק,,,סילאן 900 גרם,גרמים,710.00,100 גרם,false,,19.90,0.0280,true,1,33846
7290003145959,false,פקאן טבעי 150 גרם,,,פקאן טבעי 150 גרם,גרמים,150.00,100 גרם,false,,19.90,0.1327,true,1,33866
7290003185726,false,קבב מזרחי 500 גרם,טיבון ויל,IL,טיבון ויל,גרמים,500.00,100 גרם,false,,17.90,0.0358,true,1,34062
7290003189045,false,צהובה הלנדית 22% א.ח,צי תעשיות מזון יבנה,IL,כפיר,קילוגרמים,1.00,"ק""ג",true,,35.00,35.0000,true,1,44783
7290003189076,false,פיצרלה מגורדת,צי תעשיות מזון יבנה,IL,כפיר,גרמים,500.00,100 גרם,false,,18.90,0.0378,true,1,34334
7290003189144,false,"צהובה הולנדית 1 ק""ג",צי תעשיות מזון יבנה,IL,כפיר,קילוגרמים,1.00,"ק""ג",false,,33.90,33.9000,true,1,34335
7290003189199,false,צהובה חריפה 24% א.ח.,צי תעשיות מזון יבנה,IL,כפיר,קילוגרמים,1.00,"ק""ג",true,,35.00,35.0000,true,1,15889
7290003189267,false,הצהובה הטובה 5% 200,צי תעשיות מזון יבנה,IL,כפיר,גרמים,200.00,100 גרם,false,,13.90,0.0695,true,1,34337
7290003189274,false,צהובה מעושנת 22% א.ח,צי תעשיות מזון יבנה,IL,כפיר,קילוגרמים,1.00,"ק""ג",true,,40.00,40.0000,true,1,44784
7290003208586,false,*מבצע* מרטיני ביאנקו,,,"מרטיני וורמוט לבן 750 מ""ל",מיליליטרים,750.00,"100 מ""ל",false,,44.90,0.0599,true,1,33931
7290003220380,false,עוגיות סנדביץ שוקו,מגדנית הדר,IL,מעדני מלך,גרמים,150.00,100 גרם,false,,3.50,0.0233,true,1,36314
7290003220397,false,עוגיות סנדביץ וניל,מגדנית הדר,IL,מעדני מלך,גרמים,150.00,100 גרם,false,,3.50,0.0233,true,1,36315
7290003220403,false,קרקר מעדני המלך,מגדנית הדר,IL,מעדני מלך,גרמים,110.00,100 גרם,false,,2.90,0.0264,true,1,36316
7290003220410,false,קרקר מעדני המלך,מגדנית הדר,IL,מעדני מלך,גרמים,110.00,100 גרם,false,,2.90,0.0264,true,1,36317
7290003220434,false,פתיבר מעדני המלך וני,מגדנית הדר,IL,מעדני מלך,גרמים,110.00,100 גרם,false,,2.90,0.0264,true,1,36319
7290003220441,false,פתיבר מעדני המלך שוק,מגדנית הדר,IL,מעדני מלך,גרמים,110.00,100 גרם,false,,2.90,0.0264,true,1,36320
7290003220717,false,אצות נורי לסושי 10 י,ג'י וואן גלובול נאט,TH,WOK,יח',10.00,יח',false,,9.90,0.9900,true,1,32987
7290003220748,false,רוטב סויה ווק 640 מל,ליאנג סאנג האנד הואד,TH,WOK,מיליליטרים,640.00,"100 מ""ל",false,,10.90,0.0170,true,1,32989
7290003220779,false,"מקלות אורז 3 מ""מ",אסיאן סופירה פודס חב,TH,WOK,גרמים,400.00,100 גרם,false,,8.90,0.0223,true,1,36325
7290003220878,false,רוטב מרין לתיבול 500,דיימונד,TH,WOK,מיליליטרים,500.00,"100 מ""ל",false,,19.90,0.0398,true,1,60831
7290003220977,false,ביסקויט ירח חצי מצופ,מגדנית הדר,IL,הדר,גרמים,175.00,100 גרם,false,,5.90,0.0337,true,1,58935
7290003229109,false,פסטרמה בפפריקה 400,טירת- צבי,IL,טירת- צבי,גרמים,400.00,100 גרם,false,,25.90,0.0647,true,1,35273
7290003229116,false,פסטרמה בדבש טירת צבי,טירת- צבי,IL,טירת- צבי,גרמים,400.00,100 גרם,false,,25.90,0.0647,true,1,35274
7290003229123,false,פסטרמה גחלים טירת צב,טירת- צבי,IL,טירת- צבי,גרמים,400.00,100 גרם,false,,25.90,0.0647,true,1,35275
7290003229147,false,נקניק סלמי טירת צבי,טירת- צבי,IL,טירת- צבי,גרמים,300.00,100 גרם,false,,25.90,0.0863,true,1,35276
7290003229154,false,נקניק קוניאק טירת צב,טירת- צבי,IL,טירת- צבי,גרמים,300.00,100 גרם,false,,25.90,0.0863,true,1,35277
7290003229192,false,כתף בקר טירת צבי 400,טירת- צבי,IL,טירת- צבי,גרמים,400.00,100 גרם,false,,25.90,0.0647,true,1,35278
7290003229222,false,סלמי תה 300 גרם,טירת- צבי,IL,טירת- צבי,גרמים,300.00,100 גרם,false,,21.90,0.0730,true,1,35281
7290003258284,false,קרם גוף מספר 3,א.ל ארמן,IL,פנינה רוזנבלום בע'מ,מיליליטרים,350.00,"100 מ""ל",false,,28.90,0.0826,true,1,59348
7290003268252,false,לחם חיטה לילדים,דגנית עין בר,IL,לחם חיטה לילדים,גרמים,750.00,100 גרם,false,,12.90,0.0172,true,1,35464
7290003268429,false,לחם ירוק,דגנית עין בר,IL,לחם ירוק,גרמים,750.00,100 גרם,false,,13.90,0.0185,true,1,37653
7290003272273,false,חמוציות ללא סוכר,"דין שיווק וקלייה בע""",US,תפזורת - ללא מותג,קילוגרמים,1.00,"ק""ג",true,,70.00,70.0000,true,1,24953
7290003287055,false,שיפודי פרגית 500 גרם,בלדי,IL,בלדי,גרמים,500.00,100 גרם,false,,39.90,0.0798,true,1,37177
7290003287284,false,קבב ביתי 600 גרם הקצ,בלדי,IL,בלדי,גרמים,600.00,100 גרם,false,,27.90,0.0465,true,1,37181
7290003318599,false,וופל וניל מנעמים 200,,,וופל מנעמית 200 גרם,גרמים,200.00,100 גרם,false,,3.50,0.0175,true,1,49547
7290003321155,false,דנונה בר פקאן,שטראוס גרופ,IL,שטראוס,גרמים,183.00,100 גרם,false,,4.60,0.0251,true,1,34463
7290003321292,false,סקי 9% 250 גרם,שטראוס גרופ,IL,שטראוס,גרמים,250.00,100 גרם,false,,4.80,0.0192,true,1,34464
7290003387373,false,ספיד סטיק בסיסי קלאס,Colgate - USA,US,ספיד סטיק,גרמים,50.00,100 גרם,false,,16.90,0.3380,true,1,35057
7290003400500,false,חטיף קרמל נאטרייגס 4,,,חטיף קרמל נאטרייגס 4,גרמים,47.00,100 גרם,false,,4.90,0.1043,true,1,49056
7290003401376,false,קרם לחות נטורל קלאסי,"אמיליה קוסמטיקס בע""מ",IL,נטורל פורמולה,מיליליטרים,400.00,"100 מ""ל",false,,19.90,0.0497,true,1,33212
7290003401420,false,קרם לחות נטורל קלאסי,"אמיליה קוסמטיקס בע""מ",IL,נטורל פורמולה,מיליליטרים,400.00,"100 מ""ל",false,,19.90,0.0497,true,1,33213
7290003401635,false,קרם לחות ברגע נטורל,"אמיליה קוסמטיקס בע""מ",IL,נטורל פורמולה,מיליליטרים,400.00,"100 מ""ל",false,,21.90,0.0547,true,1,33214
7290003402809,false,חטיף ריזס שוקולד לבן,,,חטיף ריזס שוקולד לבן,גרמים,39.00,100 גרם,false,,3.90,0.1000,true,1,49186
7290003411573,false,צלחות עמוקות לבן  30,אריזות מדף - פלזית,IL,הנמל,יח',30.00,יח',false,,14.90,0.4967,true,1,33383
7290003411696,false,מרקיות  לבן 25 יחידו,פלסטכים תורכיה,IL,הנמל,יח',25.00,יח',false,,6.90,0.2760,true,1,33385
7290003411726,false,קסמים מלחיה 300 יחיד,הנג טונג,CN,הנמל,יח',300.00,יח',false,,3.50,0.0117,true,1,33386
7290003427154,false,*מבצע* שמן זית כתית,זיתא - י.ט.ב תעשיות,IL,זיתא,מיליליטרים,750.00,"100 מ""ל",false,,27.90,0.0372,true,1,34577
7290003438006,false,אוליביה פסטו איטלקי,אוליביה,IL,אוליביה,גרמים,190.00,100 גרם,false,,13.90,0.0732,true,1,32878
7290003438013,false,אולביה זיתים ירוקים,אוליביה,IL,אוליביה,גרמים,190.00,100 גרם,false,,13.90,0.0732,true,1,32879
7290003438020,false,ממרח עגבניות אוליביה,אוליביה,IL,אוליביה,גרמים,190.00,100 גרם,false,,13.90,0.0732,true,1,32880
7290003438709,false,אוליביה זיתים שחורים,אוליביה,IL,אוליביה,גרמים,190.00,100 גרם,false,,13.90,0.0732,true,1,32881
7290003450602,false,חרדל לחיץ 255 גרם,היינץ צפון אמריקה מק,US,היינץ,גרמים,255.00,100 גרם,false,,7.90,0.0310,true,1,35191
7290003461677,false,*מבצע* חומוס אסלי 1,"סלטי שמיר 2006 בע""מ",IL,אסלי,קילוגרמים,1.00,"ק""ג",false,,11.90,11.9000,true,1,61494
7290003461868,false,*מבצע* חציל במיונז א,"סלטי שמיר 2006 בע""מ",IL,אסלי,קילוגרמים,1.00,"ק""ג",false,,11.90,11.9000,true,1,61495
7290003475124,false,עננים צמר גפן 100 גר,SEPTONA,GR,עננים,גרמים,100.00,100 גרם,false,,6.90,0.0690,true,1,35058
7290003514007,false,מנה שקדי מרק מנה 400,Mana,IL,מנה,גרמים,400.00,100 גרם,false,,9.90,0.0248,true,1,35059
7290003521074,false,סרקל 1 ליטר,"ד""ר פישר",IL,סרקל,ליטרים,1.00,ליטר,false,,28.90,28.9000,true,1,33913
7290003521081,false,סרקל 1 ליטר,"ד""ר פישר",IL,סרקל,ליטרים,1.00,ליטר,false,,28.90,28.9000,true,1,33914
7290003521197,false,סרקל מתיר קשרים,"ד""ר פישר",IL,סרקל,מיליליטרים,340.00,"100 מ""ל",false,,24.90,0.0732,true,1,33916
7290003550753,false,טונה פוסידון רביעיה,פוסידון,IL,פוסידון,גרמים,432.00,100 גרם,false,,19.90,0.0461,true,1,34065
7290003570164,false,מינוט שווארמה פרגית,בלדי,IL,מינוט שווארמה פרגית,גרמים,300.00,100 גרם,false,,27.90,0.0930,true,1,35093
7290003571550,false,סטייק טונה אלבקור,,,סטייק טונה אלבקור,קילוגרמים,1.00,"ק""ג",true,,44.90,44.9000,true,1,50755
7290003578085,false,מוצרלה  21%,,,מוצרלה 21%,קילוגרמים,1.00,"ק""ג",true,,52.00,52.0000,true,1,11076
7290003578108,false,אננס חתוך וילי פוד 8,טקרנג,TH,וילי פוד,גרמים,850.00,100 גרם,false,,8.90,0.0105,true,1,33435
7290003578177,false,תירס גמדי 410 גרם,מג'סטיק פוד,TH,וילי פוד,גרמים,410.00,100 גרם,false,,6.90,0.0168,true,1,33436
7290003578313,false,דובדבנים בסירופ 680,יורוביקה,HR,וילי פוד,גרמים,680.00,100 גרם,false,,9.90,0.0146,true,1,33439
7290003578672,false,שמן חמניות,בירני,TR,שמן חמניות,ליטרים,1.00,ליטר,false,,11.90,11.9000,true,1,60984
7290003598311,false,מינוט סטייק 300 גרם,בלדי,IL,בלדי,גרמים,300.00,100 גרם,false,,27.90,0.0930,true,1,35096
7290003643004,false,אורז בסמטי 1 קג,סוגת תעשיות בעמ,IL,סוגת,קילוגרמים,1.00,"ק""ג",false,,13.90,13.9000,true,1,32308
7290003643158,false,קורנפלור 200 גר,"י. כהן בע""מ",IL,סוגת,גרמים,200.00,100 גרם,false,,2.90,0.0145,true,1,32312
7290003643387,false,"סוכר לבן בצנצנת 1ק""ג","סוגת תעשיות בע""מ",IL,סוגת,קילוגרמים,1.00,"ק""ג",false,,7.90,7.9000,true,1,32316
7290003643646,false,*מבצע* סוכר דמררה צנ,סוגת תעשיות בעמ,IL,סוגת,קילוגרמים,1.00,"ק""ג",false,,9.90,9.9000,true,1,32317
7290003643684,false,אפונה 500 גרם,"סוגת תעשיות בע""מ",IL,סוגת,גרמים,500.00,100 גרם,false,,5.90,0.0118,true,1,32318
7290003643707,false,גריסים סוגת 500 ג,"סוגת תעשיות בע""מ",IL,סוגת,גרמים,500.00,100 גרם,false,,4.90,0.0098,true,1,32319
7290003643714,false,חומוס 500 גרם,"סוגת תעשיות בע""מ",IL,סוגת,גרמים,500.00,100 גרם,false,,7.90,0.0158,true,1,32320
7290003643738,false,חיטה 500 גרם,"סוגת תעשיות בע""מ",IL,סוגת,גרמים,500.00,100 גרם,false,,4.90,0.0098,true,1,35770
7290003643745,false,כוסמת 500 גר,"סוגת תעשיות בע""מ",IL,סוגת,גרמים,500.00,100 גרם,false,,7.90,0.0158,true,1,32321
7290003643752,false,עדשים ירוקים 500 גרם,"סוגת תעשיות בע""מ",IL,סוגת,גרמים,500.00,100 גרם,false,,7.90,0.0158,true,1,32322
7290003643769,false,עדשים אדומים 500 גרם,"סוגת תעשיות בע""מ",IL,סוגת,גרמים,500.00,100 גרם,false,,6.90,0.0138,true,1,32323
7290003643776,false,פופקורן 500 גרם,"סוגת תעשיות בע""מ",IL,סוגת,גרמים,500.00,100 גרם,false,,5.50,0.0110,true,1,32324
7290003643783,false,קוקוס 100 גרם,"סוגת תעשיות בע""מ",IL,סוגת,גרמים,100.00,100 גרם,false,,3.90,0.0390,true,1,35771
7290003643806,false,שעועית לבנה 500 גרם,"סוגת תעשיות בע""מ",IL,סוגת,גרמים,500.00,100 גרם,false,,11.90,0.0238,true,1,32325
7290003643813,false,שעועית אדומה 500 גר,"סוגת תעשיות בע""מ",IL,סוגת,גרמים,500.00,100 גרם,false,,11.90,0.0238,true,1,32326
7290003681303,false,שעועית מעורבת 500 גר,"מיה תעשיות מזון בע""מ",IL,מיה,גרמים,500.00,100 גרם,false,,7.90,0.0158,true,1,36742
7290003681334,false,קוקוס טחון 400 גרם,מיה,IL,קוקוס טחון 400 גרם,גרמים,400.00,100 גרם,false,,9.90,0.0248,true,1,59984
7290003681365,false,קישוט לעוגה בצנצנת 7,"מיה תעשיות מזון בע""מ",IL,מיה,גרמים,70.00,100 גרם,false,,4.90,0.0700,true,1,33902
7290003681693,false,חומוס לבן ענק 500 גר,"מיה תעשיות מזון בע""מ",IL,מיה,גרמים,500.00,100 גרם,false,,9.90,0.0198,true,1,33903
7290003681716,false,גריסי פנינה 500 גרם,"מיה תעשיות מזון בע""מ",IL,מיה,גרמים,500.00,100 גרם,false,,4.50,0.0090,true,1,36743
7290003726141,false,טופו משק גאיה 300 גר,,,גבינת טופו טבעי 300 גרם,גרמים,300.00,100 גרם,false,,11.90,0.0397,true,1,33956
7290003726615,true,טופו ויילר 300 גרם,משק ויילר,IL,משק ויילר,גרמים,300.00,100 גרם,false,,11.90,0.0397,true,1,49816
7290003726776,false,שניצל טופו בטעם עוף,קפוא זן,,שניצל טופו בטעם עוף,גרמים,420.00,100 גרם,false,,27.90,0.0664,true,1,64575
7290003726790,false,שניצל טופו בטעם פיקנ,קפוא זן,,שניצל טופו בטעם פיקנ,גרמים,420.00,100 גרם,false,,27.90,0.0664,true,1,64577
7290003726806,false,שניצל טופו עם ברוקול,קפוא זן,,שניצל טופו עם ברוקול,גרמים,420.00,100 גרם,false,,27.90,0.0664,true,1,64578
7290003779499,false,גינגר יח',נסטלה צרפת קפה,IL,גינגר טרי ארוז,גרמים,200.00,100 גרם,false,,7.90,0.0395,true,1,61734
7290003781065,false,מלפפונים בחומץ 680 ג,,,מלפפונים בסגנון צרפתי,גרמים,680.00,100 גרם,false,,9.90,0.0146,true,1,33441
7290003804252,false,תיבולית הודי בדצ 12x,אתר חיפה אבקות - Foo,IL,KNORR,גרמים,72.00,100 גרם,false,,8.90,0.1236,true,1,18209
7290003804320,false,תיבולית שום פטרוזליה,אתר חיפה אבקות - Foo,IL,KNORR,גרמים,72.00,100 גרם,false,,8.90,0.1236,true,1,18210
7290003804368,false,תיבולית בזיליקום בדצ,אתר חיפה אבקות - Foo,IL,KNORR,גרמים,72.00,100 גרם,false,,8.90,0.1236,true,1,18213
7290003804382,false,תיבולית פטריות בדצ 1,אתר חיפה אבקות - Foo,IL,KNORR,גרמים,72.00,100 גרם,false,,8.90,0.1236,true,1,18215
7290003805501,false,פתית שוודי 300 גרם,אתר שפע - Food,IL,PATIT,גרמים,300.00,100 גרם,false,,15.90,0.0530,true,1,18238
7290003805587,false,פתית חיטה מלאה 250 ג,אתר שפע - Food,IL,PATIT,גרמים,250.00,100 גרם,false,,15.90,0.0636,true,1,18244
7290003807482,false,קנור טריאקי 370גר,אתר חיפה  778 - Food,IL,KNORR,מיליליטרים,300.00,"100 מ""ל",false,,10.90,0.0363,true,1,18275
7290003821754,false,סלמון מעושן קפוא 100,ויליגר,IL,סלמון מעושן קפוא 100,גרמים,100.00,100 גרם,false,,16.90,0.1690,true,1,64703
7290003864478,false,סרדין מרוקאי 110 גרם,גולדן פרייז,TH,וילי פוד,גרמים,110.00,100 גרם,false,,4.90,0.0445,true,1,33443
7290003864485,false,סרדין ברוטב עגבניות,גולדן פרייז,TH,וילי פוד,גרמים,110.00,100 גרם,false,,4.90,0.0445,true,1,33444
7290003864492,false,סרדין בשמן חריף 110,גולדן פרייז,TH,וילי פוד,גרמים,110.00,100 גרם,false,,4.90,0.0445,true,1,33445
7290003882922,false,עלי גפן ממולאים 400,,,עלי גפן ממולאים 400 גרם,גרמים,400.00,100 גרם,false,,8.90,0.0223,true,1,33447
7290003893645,false,מקרל שלם קפוא.,פאלגיה מאלוי,NO,וינר פוד,קילוגרמים,1.00,"ק""ג",true,,21.90,21.9000,true,1,43321
7290003893843,false,פילה אמנון 5-7 ללא ע,איינן צ'דקסין,CN,וינר פוד,קילוגרמים,1.00,"ק""ג",true,,29.90,29.9000,true,1,43323
7290003989096,false,חציל פיקנטי 500,שטראוס גרופ,IL,שטראוס,גרמים,500.00,100 גרם,false,,15.90,0.0318,true,1,34465
7290003989539,false,רביולי גבינה 400 EAT,שטראוס גרופ,IL,שטראוס,גרמים,400.00,100 גרם,false,,19.90,0.0497,true,1,34466
7290003996049,false,פטרוזיליה חסלט,נסטלה שוויץ - רורשאך,IL,פטרוזיליה חסלט,יח',1.00,יח',false,,6.90,6.9000,true,1,12510
7290003996063,false,שמיר חסלט,סאאדת,IL,שמיר חסלט,יח',1.00,יח',false,,6.90,6.9000,true,1,12512
7290003996742,false,תרד שלם 200 גרם,סוגת תעשיות בעמ,IL,תרד שלם 200 גרם,גרמים,200.00,100 גרם,false,,13.90,0.0695,true,1,12528
7290004011284,false,ריץ בסיס להכנת קצפת,ריץ',US,ריץ',מיליליטרים,212.00,"100 מ""ל",false,,6.90,0.0325,true,1,34068
7290004011345,false,ריץ קצפת פרווה ארוסו,ריץ',US,ריץ',מיליליטרים,250.00,"100 מ""ל",false,,9.90,0.0396,true,1,34071
7290004011819,false,המבורגר ריב אנטריקוט,טיבון ויל,IL,טיבון ויל,גרמים,360.00,100 גרם,false,,21.90,0.0608,true,1,34072
7290004011826,false,מיני המבורגר ריב אל,טיבון ויל,IL,טיבון ויל,גרמים,320.00,100 גרם,false,,21.90,0.0684,true,1,34073
7290004030018,false,"מיץ לימון 500 מ""ל",פריניב,IL,פרי ניב,מיליליטרים,500.00,"100 מ""ל",false,,6.90,0.0138,true,1,35508
7290004030445,false,תפוזים סחוט 1 ליטר,פריניב,IL,פרי ניב,ליטרים,1.00,ליטר,false,,13.90,13.9000,true,1,35516
7290004030544,false,לימונענע 1 ליטר,פריניב,IL,פרי ניב,ליטרים,1.00,ליטר,false,,12.90,12.9000,true,1,35519
7290004063016,false,מלח שולחן,,,מלח שולחן,קילוגרמים,1.00,"ק""ג",false,,1.70,1.7000,true,1,32870
7290004063115,false,מלח מטבח,,,מלח מטבח,קילוגרמים,1.00,"ק""ג",false,,1.70,1.7000,true,1,32871
7290004064082,false,מטחנה מלח ים טבעי,מלח הארץ אילת,IL,מלח הארץ,גרמים,250.00,100 גרם,false,,12.90,0.0516,true,1,34584
7290004064099,false,*מבצע* מטחנה מלח מהר,מלח הארץ אילת,IL,מלח הארץ,גרמים,300.00,100 גרם,false,,13.90,0.0463,true,1,34585
7290004064105,false,*מבצע* מטחנה מלח עשב,מלח הארץ אילת,IL,מלח הארץ,גרמים,250.00,100 גרם,false,,13.90,0.0556,true,1,34586
7290004064174,false,מלח ההימלאיה דק בצנצ,מלח הארץ אילת,IL,מלח ההימלאיה דק בצנצ,קילוגרמים,1.00,"ק""ג",false,,15.90,15.9000,true,1,49008
7290004064181,false,מלח ההימלאיה גס בצנצ,מלח הארץ אילת,IL,מלח ההימלאיה גס בצנצ,קילוגרמים,1.00,"ק""ג",false,,15.90,15.9000,true,1,49009
7290004064228,false,*מבצע* מטחנת מלח אקס,מלח הארץ אילת,IL,מלח הארץ,גרמים,250.00,100 גרם,false,,13.90,0.0556,true,1,46750
7290004064297,false,מלח מועשר ביוד בצנצנ,מלח הארץ אילת,IL,מלח הארץ,קילוגרמים,1.00,"ק""ג",false,,8.90,8.9000,true,1,50882
7290004064358,false,"מלח דק 1 ק""ג",,IL,מלח הארץ,קילוגרמים,1.00,"ק""ג",false,,4.90,4.9000,true,1,52826
7290004064365,false,מלח דק מועשר ביוד 1,,IL,מלח הארץ,קילוגרמים,1.00,"ק""ג",false,,5.90,5.9000,true,1,52827
7290004064372,false,*מבצע* מטחנת מלח אקס,מלח הארץ אילת,IL,מלח הארץ,גרמים,250.00,100 גרם,false,,13.90,0.0556,true,1,57472
7290004064389,false,מלח דק הימלאייה 250,מלח הארץ אילת,IL,מלח הארץ,גרמים,250.00,100 גרם,false,,9.90,0.0396,true,1,58468
7290004064501,false,מארז זוג מלחיות מלח,"מלח הארץ בע""מ",IL,מארז זוג מלחיות מלח,גרמים,425.00,100 גרם,false,,10.90,0.0256,true,1,63965
7290004068011,false,יוגורט כבשים 600 גרם,גדישון,IL,מחלבות גד,גרמים,600.00,100 גרם,false,,17.90,0.0298,true,1,33957
7290004068172,false,יוגורט עיזים בדלי,גדישון,IL,מחלבות גד,גרמים,600.00,100 גרם,false,,17.90,0.0298,true,1,33960
7290004068394,false,קממבר בקר גלגל  25%,טבע עז,IL,מחלבות גד,קילוגרמים,1.00,"ק""ג",true,,99.00,99.0000,true,1,13695
7290004068424,false,גאודה בקר גלגל 30%,גדישון,IL,מחלבות גד,קילוגרמים,1.00,"ק""ג",true,,110.00,110.0000,true,1,44393
7290004068585,false,גאודה עיזים גלגל 30%,מחלבת אמלטי הולנד,NL,מחלבות גד,קילוגרמים,1.00,"ק""ג",true,,135.00,135.0000,true,1,44394
7290004078270,false,פלמוליב צילינדר לימו,Colgate - Greece,GR,פלמוליב  כלים,ליטרים,1.00,ליטר,false,,13.90,13.9000,true,1,35069
7290004078690,false,*מבצע* אגקס שירותים,Colgate - Belgium,FR,אג'קס,גרמים,750.00,100 גרם,false,,9.90,0.0132,true,1,35071
7290004078942,false,ליידי ספיד סטיק גל ב,Colgate - USA,US,ליידי ספיד סטיק,גרמים,85.00,100 גרם,false,,24.90,0.2929,true,1,35072
7290004119225,false,יופלה יוגורט אננס %3,תנובה,IL,יופלה,גרמים,150.00,100 גרם,false,,5.00,0.0333,true,1,34856
7290004119928,false,קרלו מעדן וניל רביעי,תנובה,IL,קרלו,גרמים,125.00,100 גרם,false,,2.90,0.0232,true,1,34858
7290004119973,false,קרלו מעדן שוקו רביעי,תנובה,IL,קרלו,גרמים,125.00,100 גרם,false,,3.00,0.0240,true,1,34859
7290004120061,false,קרלו שוניל 1.5% 125,תנובה,IL,קרלו,גרמים,125.00,100 גרם,false,,3.00,0.0240,true,1,34860
7290004120108,false,יופלה דיאט יוגורט דו,תנובה,IL,יופלה,גרמים,150.00,100 גרם,false,,4.90,0.0327,true,1,34861
7290004120566,false,*מבצע* פיראוס בולגרי,תנובה,IL,פיראוס,גרמים,250.00,100 גרם,false,,18.90,0.0756,true,1,34863
7290004120573,false,*מבצע* פיראוס בולגרי,תנובה,IL,פיראוס,גרמים,250.00,100 גרם,false,,18.90,0.0756,true,1,34864
7290004120634,false,*מבצע* פיראוס בולגרי,תנובה,IL,פיראוס,גרמים,250.00,100 גרם,false,,18.90,0.0756,true,1,34865
7290004121488,false,יופלה דיאט אפרסק 0%,תנובה,IL,יופלה,גרמים,150.00,100 גרם,false,,4.90,0.0327,true,1,34867
7290004121525,false,מאגדת שמיניה יופלה פ,תנובה,IL,יופלה,ליטרים,1.20,ליטר,false,,29.90,24.9167,true,1,34868
7290004121754,false,יופלה יוגורט עוגת גב,תנובה,IL,יופלה,גרמים,150.00,100 גרם,false,,4.90,0.0327,true,1,34869
7290004121853,false,פיראוס קוביות בולגרי,תנובה,IL,פיראוס,גרמים,200.00,100 גרם,false,,19.90,0.0995,true,1,34871
7290004122119,false,פתיתי פרמזן לפסטה 10,תנובה,IL,השף הלבן,גרמים,100.00,100 גרם,false,,12.20,0.1220,true,1,34873
7290004122195,false,גוש חלב פרוס 200 %28,תנובה,IL,תנובה,גרמים,200.00,100 גרם,false,,13.90,0.0695,true,1,34874
7290004122270,false,עמק פרוס בקופסא 200,תנובה,IL,תנובה,גרמים,200.00,100 גרם,false,,15.90,0.0795,true,1,34875
7290004122348,false,עמק לייט פרוס 200 גר,תנובה,IL,תנובה,גרמים,200.00,100 גרם,false,,16.90,0.0845,true,1,34876
7290004122676,false,פיראוס חמד לייט 5%,תנובה,IL,פיראוס,גרמים,250.00,100 גרם,false,,18.50,0.0740,true,1,34878
7290004122683,false,אצבעות 28% חטיף גבינ,תנובה,IL,תנובה,גרמים,172.00,100 גרם,false,,16.50,0.0959,true,1,34879
7290004124168,false,יופלה ביו 3%,,,יופלה ביו 3%,יח',1.00,יח',false,,2.00,2.0000,true,1,37060
7290004124205,false,יופלה דיאט יוגורט תו,תנובה,IL,יופלה,גרמים,150.00,100 גרם,false,,4.90,0.0327,true,1,34883
7290004124847,false,קצפת צמחית השף הלבן,תנובה,IL,השף הלבן,מיליליטרים,500.00,"100 מ""ל",false,,15.90,0.0318,true,1,34884
7290004125370,false,שמנת אורגינל 9% 200מ,תנובה,IL,תנובה,מיליליטרים,200.00,"100 מ""ל",false,,3.70,0.0185,true,1,34886
7290004125400,false,אשל 4.5% 200מל מהדרי,תנובה,IL,תנובה,מיליליטרים,206.00,"100 מ""ל",false,,1.65,0.0080,true,1,34887
7290004125417,false,גיל 3% 200מל מהדרין,תנובה,IL,תנובה,מיליליטרים,206.00,"100 מ""ל",false,,1.51,0.0073,true,1,34888
7290004125455,false,שמנת אורגינל 15% 200,תנובה,IL,תנובה,מיליליטרים,200.00,"100 מ""ל",false,,2.40,0.0120,true,1,34889
7290004125462,false,שמנת אורגינל 15% 500,תנובה,IL,תנובה,מיליליטרים,500.00,"100 מ""ל",false,,6.00,0.0120,true,1,34890
7290004125509,false,שמנת 100 גרם 15% חצי,תנובה,IL,תנובה,מיליליטרים,100.00,"100 מ""ל",false,,1.70,0.0170,true,1,34891
7290004125578,false,משקה סויה מועשר 1 לי,תנובה,IL,תנובה,ליטרים,1.00,ליטר,false,,10.90,10.9000,true,1,34892
7290004125585,false,משקה סויה וניל על הב,תנובה,IL,תנובה,ליטרים,1.00,ליטר,false,,10.90,10.9000,true,1,34893
7290004125721,false,שמנת לבישול 15% 250,תנובה,IL,השף הלבן,מיליליטרים,250.00,"100 מ""ל",false,,8.30,0.0332,true,1,34895
7290004125738,false,שמנת מתוקה להקצפה32%,תנובה,IL,השף הלבן,מיליליטרים,250.00,"100 מ""ל",false,,6.50,0.0260,true,1,34896
7290004125776,false,עמק פרוס 28% 400 גרם,תנובה,IL,תנובה,גרמים,400.00,100 גרם,false,,28.90,0.0722,true,1,34897
7290004126674,false,טל העמק לייט %9 200,תנובה,IL,תנובה,גרמים,200.00,100 גרם,false,,18.90,0.0945,true,1,34900
7290004126759,false,יופלה דיאט פירות יער,תנובה,IL,יופלה,גרמים,150.00,100 גרם,false,,4.90,0.0327,true,1,34901
7290004127329,false,קוטג תנובה  גביע 250,תנובה,IL,תנובה,גרמים,250.00,100 גרם,false,,5.70,0.0228,true,1,34904
7290004127336,false,קוטג תנובה גביע 250,תנובה,IL,תנובה,גרמים,250.00,100 גרם,false,,5.70,0.0228,true,1,34905
7290004127800,false,גבינה לבנה 5% 500 גר,תנובה,IL,תנובה,גרמים,500.00,100 גרם,false,,9.90,0.0198,true,1,34906
7290004127817,false,גבינה לבנה 9% 500 גר,תנובה,IL,תנובה,גרמים,500.00,100 גרם,false,,9.50,0.0190,true,1,34907
7290004127862,false,גבינה לבנה 5% 750 גר,תנובה,IL,תנובה,גרמים,750.00,100 גרם,false,,14.90,0.0199,true,1,34908
7290004127916,false,גבינה לבנה 0.5% 500,תנובה,IL,תנובה,גרמים,500.00,100 גרם,false,,9.50,0.0190,true,1,34909
7290004128333,false,פיראוס לאבנה גביע 50,תנובה,IL,פיראוס,גרמים,500.00,100 גרם,false,,19.90,0.0398,true,1,34911
7290004128401,false,פטה כבשים 20%,תנובה,IL,פיראוס,קילוגרמים,1.00,"ק""ג",true,,105.00,105.0000,true,1,19042
7290004128432,false,פתיתים מיוחדים לפיצה,תנובה,IL,השף הלבן,גרמים,500.00,100 גרם,false,,22.90,0.0458,true,1,34914
7290004129101,false,נפוליאון טבעי גביע 2,תנובה,IL,נפוליאון,גרמים,225.00,100 גרם,false,,12.90,0.0573,true,1,34915
7290004129156,false,נפוליאון שום שמיר גב,תנובה,IL,נפוליאון,גרמים,225.00,100 גרם,false,,12.90,0.0573,true,1,34917
7290004129767,false,יופלה לבן 3% מאגדת 8,תנובה,IL,יופלה,ליטרים,1.20,ליטר,false,,17.50,14.5833,true,1,34921
7290004130794,false,משקה סויה טבעי במתיק,תנובה,IL,תנובה,ליטרים,1.00,ליטר,false,,10.90,10.9000,true,1,34923
7290004130916,false,יופלה פירות יער בשמנ,תנובה,IL,יופלה,גרמים,150.00,100 גרם,false,,4.90,0.0327,true,1,34924
7290004131074,false,חלב תנובה טרי1ל קרטו,תנובה,IL,תנובה,ליטרים,1.00,ליטר,false,,6.23,6.2300,true,1,34926
7290004131432,false,יופלה לבן 3% גביע 20,תנובה,IL,יופלה,גרמים,200.00,100 גרם,false,,3.90,0.0195,true,1,34929
7290004131456,false,יופלה לבן 1.5% גביע,תנובה,IL,יופלה,גרמים,200.00,100 גרם,false,,3.90,0.0195,true,1,34930
7290004131814,false,פיראוס צפתית 5% מעוד,תנובה,IL,פיראוס,גרמים,200.00,100 גרם,false,,14.90,0.0745,true,1,34932
7290004132552,false,משקה סויה לייט בטעם,תנובה,IL,תנובה,ליטרים,1.00,ליטר,false,,10.90,10.9000,true,1,34936
7290004132606,false,מאגדת קרלו מיני וניל,תנובה,IL,קרלו,גרמים,800.00,100 גרם,false,,13.50,0.0169,true,1,34937
7290004132712,false,חטיף אצבעות גבינת מו,תנובה,IL,תנובה,גרמים,172.00,100 גרם,false,,16.50,0.0959,true,1,34938
7290004133511,false,יופלה מאגדת שמיניה ל,תנובה,IL,יופלה,ליטרים,1.20,ליטר,false,,20.50,17.0833,true,1,34942
7290004135058,false,מאגדת קרלו מיני שוקו,תנובה,IL,קרלו,גרמים,800.00,100 גרם,false,,13.50,0.0169,true,1,34948
7290004135324,false,פיראוס בולגרית מעודנ,תנובה,IL,פיראוס,קילוגרמים,1.00,"ק""ג",true,,45.00,45.0000,true,1,45397
7290004135614,false,*מבצע* בולגרית פיראו,תנובה,IL,פיראוס,גרמים,250.00,100 גרם,false,,18.90,0.0756,true,1,34952
7290004136857,false,ג'לי תנובה פטל,תנובה,IL,תנובה,גרמים,125.00,100 גרם,false,,2.40,0.0192,true,1,34959
7290004136864,false,ג'לי תנובה אננס עם ח,תנובה,IL,תנובה,גרמים,125.00,100 גרם,false,,2.80,0.0224,true,1,34960
7290004136871,false,ג'לי תנובה אפרסק עם,תנובה,IL,תנובה,גרמים,125.00,100 גרם,false,,2.80,0.0224,true,1,34961
7290004137021,false,שמנת לבישול 10% 250,תנובה,IL,השף הלבן,מיליליטרים,250.00,"100 מ""ל",false,,8.30,0.0332,true,1,34962
7290004137311,false,עמק לייט פרוס 400 גר,תנובה,IL,תנובה,גרמים,400.00,100 גרם,false,,30.90,0.0772,true,1,34963
7290004147020,false,גיישנית מקורית/יפאני,,,גיישנית מקורית/יפאני,יח',1.00,יח',false,,19.90,19.9000,true,1,55647
7290004147150,false,מגוון ספוגי רחצה,,,מגוון ספוגי רחצה,יח',1.00,יח',false,,9.90,9.9000,true,1,55700
7290004147839,false,מראות הגדלה פי 5,,,מראות הגדלה פי 5,יח',1.00,יח',false,,14.90,14.9000,true,1,54365
7290004150112,false,חומוס מזרחי פיקנטי פ,"סלטי שמיר 2006 בע""מ",IL,חומוס מזרחי פיקנטי פ,גרמים,300.00,100 גרם,false,,14.90,0.0497,true,1,65920
7290004150167,false,"תפו""א במיונז פיקנטי","סלטי שמיר 2006 בע""מ",IL,"תפו""א במיונז פיקנטי",גרמים,300.00,100 גרם,false,,14.90,0.0497,true,1,65932
7290004150228,false,כרוב אדום פיקנטי פרי,"סלטי שמיר 2006 בע""מ",IL,כרוב אדום פיקנטי פרי,גרמים,300.00,100 גרם,false,,14.90,0.0497,true,1,65938
7290004194260,false,שוקיים עוף קפוא מחפו,,,שוקיים עוף מחפוד,קילוגרמים,1.00,"ק""ג",true,,31.90,31.9000,true,1,46327
7290004194345,false,שניצל עוף מחפוד קפוא,,,שניצל עוף מחפוד קפוא,קילוגרמים,1.00,"ק""ג",true,,32.90,32.9000,true,1,42392
7290004194536,false,חזה עוף טרי ארוז מחפ,עוף ירושלים מהדרין ב,IL,חזה מחפוד טרי ארוז,קילוגרמים,1.00,"ק""ג",true,,29.90,29.9000,true,1,46331
7290004194550,false,כנפיים מחפוד טרי ארו,עוף ירושלים מהדרין ב,IL,כנפיים מחפוד טרי ארוז,קילוגרמים,1.00,"ק""ג",true,,12.90,12.9000,true,1,42393
7290004194574,false,שוקיים מחפוד טרי ארו,עוף ירושלים מהדרין ב,IL,שוקיים מחפוד טרי ארוז,קילוגרמים,1.00,"ק""ג",true,,32.90,32.9000,true,1,46334
7290004194635,false,שניצל מחפוד טרי ארוז,עוף ירושלים מהדרין ב,IL,שניצל מחפוד טרי ארוז,קילוגרמים,1.00,"ק""ג",true,,34.90,34.9000,true,1,46337
7290004199203,false,קיסמי שיניים מבמבוק,H.G.W Produc,CN,הוסטס,יח',300.00,יח',false,,3.90,0.0130,true,1,32813
7290004199326,false,כוס אימון מהפכנית פי,J.B. Comp Lt,CN,טוליפס,יח',1.00,יח',false,,14.90,14.9000,true,1,36083
7290004199579,false,"פלסטר ""100 ""SUNNY PL",A.U. In,CN,סאני פלסטר,יח',100.00,יח',false,,9.90,0.0990,true,1,32815
7290004199784,false,*מבצע* כפפות לאטקס 1,T.G. Sdn,TH,סייף טאצ,יח',100.00,יח',false,,17.90,0.1790,true,1,56956
7290004199791,false,*מבצע* כפפות לאטקס 1,T.G. Sdn,TH,סייף טאצ,יח',100.00,יח',false,,17.90,0.1790,true,1,56957
7290004199807,false,*מבצע* כפפות לאטקס 1,T.G. Sdn,TH,סייף טאצ,יח',100.00,יח',false,,17.90,0.1790,true,1,56958
7290004219826,false,מלבין קפה 400 גרם,פריסלנד,NL,וילי פוד,גרמים,400.00,100 גרם,false,,19.90,0.0497,true,1,33452
7290004228804,false,עלי סיגר שלושת האופי,שלושת האופים,IL,עלי סיגר שלושת האופי,גרמים,450.00,100 גרם,false,,11.90,0.0264,true,1,60029
7290004255305,false,נר נשמה שבועי/פלסטיק,"מנורה שי נר בע""מ",IL,מנורה,יח',1.00,יח',false,,8.90,8.9000,true,1,52938
7290004255343,false,נרות מנורה 72 4 שעות,"מנורה שי נר בע""מ",IL,מנורה,יח',1.00,יח',false,,19.90,19.9000,true,1,35543
7290004255428,false,נר נשמה דוד,"מנורה שי נר בע""מ",IL,מנורה,יח',1.00,יח',false,,1.50,1.5000,true,1,53573
7290004255602,false,נרות חימום מנורה 8 ש,,,נרות חימום מנורה 8 ש,יח',50.00,יח',false,,24.90,0.4980,true,1,61674
7290004255824,false,פתיל שמן מנורה,"מנורה שי נר בע""מ",,פתיל שמן מנורה,יח',1.00,יח',false,,2.90,2.9000,true,1,37768
7290004255879,false,נר הבדלה דקורטיבי,,IL,מנורה,יח',1.00,יח',false,,10.90,10.9000,true,1,51051
7290004256197,false,גאודה עיזים הולנדית,וויסר קאשנדל בי.וי נ,NL,גקס-ציס,קילוגרמים,1.00,"ק""ג",true,,105.00,105.0000,true,1,56070
7290004257217,false,מגן פמוט 50 יחי בקופ,"מנורה שי נר בע""מ",IL,מנורה,יח',50.00,יח',false,,7.90,0.1580,true,1,35547
7290004324605,false,מון בלאן רוקפור 120,שבינגטון,GB,מון בלאן,גרמים,120.00,100 גרם,false,,9.90,0.0825,true,1,34078
7290004324858,false,קבב כבש 500 גרם,טיבון ויל,IL,טיבון ויל,גרמים,500.00,100 גרם,false,,17.90,0.0358,true,1,34079
7290004485306,false,פרגית עוף טבעי במגש,משתנה,IL,עופיון,קילוגרמים,1.00,"ק""ג",true,,59.90,59.9000,true,1,24427
7290004492274,false,גל-גל 400גר' 12x,אתר בייגל - Food,IL,B&B,גרמים,400.00,100 גרם,false,,9.90,0.0248,true,1,18279
7290004492762,false,נשנושים תירס 325גר',אתר בייגל - Food,IL,B&B,גרמים,325.00,100 גרם,false,,12.90,0.0397,true,1,18283
7290004494131,false,גליל קברנה סוביניון,דלתון,IL,גליל קברנה סוביניון,מיליליטרים,750.00,"100 מ""ל",false,,54.90,0.0732,true,1,33601
7290004584306,false,4 גמדים תות בננה,שטראוס גרופ,IL,שטראוס,גרמים,400.00,100 גרם,false,,11.50,0.0288,true,1,34468
7290004584351,false,סימפוניה החמישית,שטראוס גרופ,IL,שטראוס,גרמים,200.00,100 גרם,false,,11.50,0.0575,true,1,34469
7290004584528,false,דנונה ביו  1.7% 200,שטראוס גרופ,IL,שטראוס,גרמים,200.00,100 גרם,false,,3.70,0.0185,true,1,34470
7290004585907,false,דני וניל,שטראוס גרופ,IL,שטראוס,גרמים,125.00,100 גרם,false,,2.70,0.0216,true,1,34471
7290004603175,false,מלח ים גס 500 גרם,מלח הארץ אילת,IL,מלח הארץ,גרמים,500.00,100 גרם,false,,7.90,0.0158,true,1,34588
7290004638030,false,נקניקיות עוף ווינר ק,מעדני הטלה והעגל,IL,נקניקיות עוף ווינר ק,גרמים,400.00,100 גרם,false,,14.90,0.0373,true,1,67338
7290004645175,false,טונה פרוס כהה קפוא ר,,,טונה פרוס כהה קפוא ר,קילוגרמים,1.00,"ק""ג",true,,39.90,39.9000,true,1,60815
7290004645748,false,פילה אמנון ללא עור 9,,,פילה אמנון ללא עור 9,קילוגרמים,1.00,"ק""ג",true,,29.90,29.9000,true,1,60817
7290004645809,false,סלמון מנות עם עור רו,,,סלמון מנות עם עור רו,קילוגרמים,1.00,"ק""ג",true,,89.90,89.9000,true,1,60843
7290004645816,false,סלמון ללא עור מארז 4,,,סלמון ללא עור מארז 4,קילוגרמים,1.00,"ק""ג",true,,94.90,94.9000,true,1,60818
7290004645823,false,נילוס פרוס רוזנרס,,,נילוס פרוס רוזנרס,קילוגרמים,1.00,"ק""ג",true,,54.90,54.9000,true,1,60816
7290004645830,false,טונה אלבקור פרוס רוז,,,טונה אלבקור פרוס רוז,קילוגרמים,1.00,"ק""ג",true,,59.90,59.9000,true,1,60819
7290004652401,false,ג'חנון ללא מרגרינה ש,שגמור,IL,ג'חנון ללא מרגרינה ש,גרמים,650.00,100 גרם,false,,18.90,0.0291,true,1,61163
7290004658847,false,"תירוש אדום 187 מ""ל",יקבי כרמל,IL,"תירוש אדום 187 מ""ל",מיליליטרים,187.00,"100 מ""ל",false,,5.90,0.0316,true,1,52298
7290004731083,false,אל סבון כיף 1 ליטר,קוסמופארם,IL,כיף,ליטרים,1.00,ליטר,false,,11.90,11.9000,true,1,33217
7290004731472,false,כיף אל סבון שלישייה,קוסמופארם,IL,כיף,ליטרים,1.50,ליטר,false,,18.90,12.6000,true,1,33222
7290004731557,false,*מבצע* מקסימה למייבש,סנו,IL,סנו,מיליליטרים,750.00,"100 מ""ל",false,,14.90,0.0199,true,1,33224
7290004731564,false,*מבצע* מקסימה למייבש,סנו,IL,סנו,מיליליטרים,750.00,"100 מ""ל",false,,14.90,0.0199,true,1,33225
7290004731687,false,דאופרש וניל,סנו,IL,דואופרש,מיליליטרים,300.00,"100 מ""ל",false,,10.90,0.0363,true,1,33227
7290004737900,false,חלב מרוכז,,,חלב ממותק,גרמים,397.00,100 גרם,false,,9.90,0.0249,true,1,33454
7290004768294,false,פילה אמנון קפוא 7-9,BAIYANG,CN,הדייג,קילוגרמים,1.00,"ק""ג",true,,29.90,29.9000,true,1,51736
7290004861025,false,בולגרית 5%,"מחלבת המושבה בע""מ",IL,מחלבת המושבה,קילוגרמים,1.00,"ק""ג",true,,45.00,45.0000,true,1,45440
7290004861056,false,צפתית 5% - המושבה,"מחלבת המושבה בע""מ",IL,מחלבת המושבה,קילוגרמים,1.00,"ק""ג",true,,42.00,42.0000,true,1,45441
7290004861063,false,גבינת קש 9%,"מחלבת המושבה בע""מ",IL,מחלבת המושבה,קילוגרמים,1.00,"ק""ג",true,,45.00,45.0000,true,1,19788
7290004861278,false,ג. שמנת 30%,"מחלבת המושבה בע""מ",IL,מחלבת המושבה,קילוגרמים,1.00,"ק""ג",true,,39.00,39.0000,true,1,19792
7290004861315,false,לאבנה כפרית 5%,"מחלבת המושבה בע""מ",IL,מחלבת המושבה,קילוגרמים,1.00,"ק""ג",true,,42.00,42.0000,true,1,19794
7290004861520,false,5% ג. שמנת טבעי,"מחלבת המושבה בע""מ",IL,מחלבת המושבה,קילוגרמים,1.00,"ק""ג",true,,30.00,30.0000,true,1,19797
7290004862589,false,ג. שמנת שמיר 5%,"מחלבת המושבה בע""מ",IL,מחלבת המושבה,קילוגרמים,1.00,"ק""ג",true,,30.00,30.0000,true,1,19799
7290004944032,false,חומוס אמיתי אסלי 400,"סלטי שמיר 2006 בע""מ",IL,אסלי,גרמים,400.00,100 גרם,false,,9.90,0.0248,true,1,61497
7290004944056,false,חציל במיונז אסלי 400,"סלטי שמיר 2006 בע""מ",IL,אסלי,גרמים,400.00,100 גרם,false,,9.90,0.0248,true,1,61499
7290004982355,false,גבינת צ'דר טריפל 34%,שבינגטון,GB,גבינת צ'דר טריפל 34%,קילוגרמים,1.00,"ק""ג",true,,130.00,130.0000,true,1,27130
7290005008184,false,פלמוליב תחליב רחצה ש,CP - Turkey+60,TR,פלמוליב סבון,מיליליטרים,500.00,"100 מ""ל",false,,15.90,0.0318,true,1,35074
7290005008191,false,פלמוליב סנסיישן RELA,CP - Turkey+60,TR,פלמוליב סבון,מיליליטרים,500.00,"100 מ""ל",false,,15.90,0.0318,true,1,35075
7290005008481,false,ספיד סטיק גל בסיסי ס,Colgate - USA,US,ספיד סטיק,גרמים,85.00,100 גרם,false,,19.90,0.2341,true,1,35076
7290005011405,false,עמבה הודית 500 גרם,תבליני שמש,IL,תבליני שמש,גרמים,500.00,100 גרם,false,,9.90,0.0198,true,1,55719
7290005041129,false,"קבב מזרחי 1 ק""ג",מעדני הטלה,IL,מעדני הטלה,קילוגרמים,1.00,"ק""ג",false,,45.90,45.9000,true,1,32867
7290005041198,false,קבב כבש ביתי 1 קג,מעדני הטלה,IL,מעדני הטלה,קילוגרמים,1.00,"ק""ג",false,,45.90,45.9000,true,1,32869
7290005068058,false,תירס קל פרי גליל 550,"פרי הגליל בע""""מ",IL,פרי הגליל,גרמים,550.00,100 גרם,false,,6.90,0.0125,true,1,34291
7290005079290,false,צהובה נעם 15% מהדרין,טרה,IL,טרה,קילוגרמים,1.00,"ק""ג",true,,64.00,64.0000,true,1,16044
7290005079344,false,מוצרלה 22% נעם,טרה,IL,נעם,קילוגרמים,1.00,"ק""ג",true,,79.00,79.0000,true,1,29132
7290005079412,false,אמנטל חריץ נעם,טרה,IL,נעם,קילוגרמים,1.00,"ק""ג",true,,60.00,60.0000,true,1,16048
7290005084355,false,סנסודיין דואל,גלקסוסמיתקליין,GB,סנסודיין,גרמים,75.00,100 גרם,false,,21.90,0.2920,true,1,33397
7290005113222,false,מיקס זיתים 540 גרם,קבוצת יבנה,IL,קבוצת יבנה,גרמים,540.00,100 גרם,false,,9.90,0.0183,true,1,34377
7290005174513,false,חצילים במיונז 500 ג,שטראוס גרופ,IL,שטראוס,גרמים,500.00,100 גרם,false,,14.90,0.0298,true,1,34472
7290005174551,false,חומוס יום-יום 125 גר,שטראוס גרופ,IL,שטראוס,גרמים,125.00,100 גרם,false,,4.90,0.0392,true,1,34473
7290005174568,false,חציל במיונז 125 גרם,שטראוס גרופ,IL,שטראוס,גרמים,125.00,100 גרם,false,,4.90,0.0392,true,1,34474
7290005174575,false,טחינה 125 משובחת,שטראוס גרופ,IL,שטראוס,גרמים,125.00,100 גרם,false,,4.90,0.0392,true,1,34475
7290005175428,false,קמח תירס פולנטה 500,ריבארה,AR,וילי פוד,גרמים,500.00,100 גרם,false,,5.90,0.0118,true,1,33455
7290005197758,false,עוגיות חיוכים 150 גר,אפיפית נצרת תעשיות ב,IL,עלית,גרמים,150.00,100 גרם,false,,5.50,0.0367,true,1,34200
7290005199578,false,פלטיניום נטול 200,שטראוס גרופ,IL,עלית,גרמים,200.00,100 גרם,false,,24.90,0.1245,true,1,34202
7290005200786,false,תפוציפס 50/65 גרם,שטראוס פריטו ליי (מל,IL,עלית,גרמים,50.00,100 גרם,false,,3.90,0.0780,true,1,34241
7290005270000,false,עלי סיגר מרוקאי 500,"חמים וטעים בע""מ",IL,"חמים וטעים בע""מ",גרמים,500.00,100 גרם,false,,13.90,0.0278,true,1,33599
7290005287206,false,ס.ק  טונה בשמן 160גר,"סטארקיסט פודור בע""מ",IL,סטארקיסט,גרמים,640.00,100 גרם,false,,24.90,0.0389,true,1,35194
7290005287251,false,ס.ק  טונה במים 160גר,"סטארקיסט פודור בע""מ",IL,סטארקיסט,גרמים,640.00,100 גרם,false,,24.90,0.0389,true,1,35195
7290005287657,false,ממרח טונה סטארקיסט 1,"סטארקיסט פודור בע""מ",,סטארקיסט,גרמים,160.00,100 גרם,false,,6.90,0.0431,true,1,60809
7290005296246,false,דריין אאוט פותח סתימ,סאמיט,US,Drain Out,מיליליטרים,946.00,"100 מ""ל",false,,27.90,0.0295,true,1,33804
7290005296260,false,אסטוניש רסס נגב 750,אסטוניש,GB,אסטוניש,מיליליטרים,750.00,"100 מ""ל",false,,11.90,0.0159,true,1,33805
7290005326387,false,אוליביה עגבניות מיוב,אוליביה,IL,אוליביה,גרמים,270.00,100 גרם,false,,16.90,0.0626,true,1,32886
7290005326523,false,אוליביה פסטו פטרוזיל,,,אוליביה פסטו פטרוזיליה ונ,גרמים,180.00,100 גרם,false,,13.90,0.0772,true,1,32888
7290005384837,false,"מיץ לימון 500מ""ל",דריבדוס סיטרוס,ES,וילי פוד,מיליליטרים,500.00,"100 מ""ל",false,,6.90,0.0138,true,1,33457
7290005384851,false,מיץ לימון משומר 200,,,מיץ לימון משומר 200,מיליליטרים,200.00,"100 מ""ל",false,,2.90,0.0145,true,1,33458
7290005387043,false,בשר מס 2 חלק קפוא.,JBS S.A,BR,בלדי,קילוגרמים,1.00,"ק""ג",true,,39.90,39.9000,true,1,62547
7290005423055,false,סנו פורטה פלוס 1  לי,סנו,IL,סנו פורטה פלוס 1  לי,מיליליטרים,1000.00,"100 מ""ל",false,,17.90,0.0179,true,1,48925
7290005423253,false,*מבצע* מקסימה למייבש,סנו,IL,סנו,מיליליטרים,750.00,"100 מ""ל",false,,14.90,0.0199,true,1,33234
7290005423567,false,סושי מטליות 40,זינרגד,IL,סנו סושי,יח',40.00,יח',false,,18.90,0.4725,true,1,33242
7290005423635,false,ריצפז דוחה תיקנים 2,סנו,IL,ריצפז,ליטרים,2.00,ליטר,false,,20.90,10.4500,true,1,33243
7290005423871,false,אורביטול שלישיה,טרופיקל דגיל קוסמטיק,IL,אורביטול,גרמים,435.00,100 גרם,false,,16.90,0.0389,true,1,33246
7290005423918,false,מרכך מקסימה 4 ליטר,סנו,IL,מקסימה,ליטרים,4.00,ליטר,false,,21.90,5.4750,true,1,33248
7290005424403,false,אל סבון כיף 1 ליטר,קוסמופארם,IL,כיף,ליטרים,1.00,ליטר,false,,11.90,11.9000,true,1,33252
7290005424762,false,ריצפז חרקים+ווקס,סנו,IL,ריצפז,ליטרים,2.00,ליטר,false,,25.90,12.9500,true,1,33255
7290005424809,false,סקוטש סושי ענק,סנו,IL,סנו סושי,יח',3.00,יח',false,,9.90,3.3000,true,1,33258
7290005424847,false,מפיות 150,איפק,TR,סנו סושי,יח',150.00,יח',false,,6.90,0.0460,true,1,33259
7290005425110,false,*מבצע* מרסס חיטוי מש,סנו,,*מבצע* מרסס חיטוי מש,מיליליטרים,750.00,"100 מ""ל",false,,9.90,0.0132,true,1,48930
7290005425127,false,*מבצע* מרסס מנקה שומ,סנו,,*מבצע* מרסס מנקה שומ,מיליליטרים,750.00,"100 מ""ל",false,,9.90,0.0132,true,1,48931
7290005425196,false,מקסימה סנסיטיב 2.5 ק,סנו,IL,מקסימה,קילוגרמים,2.50,"ק""ג",false,,24.90,9.9600,true,1,33262
7290005425202,false,"מקסימה ביו 2.5 ק""ג",סנו,IL,מקסימה,קילוגרמים,2.50,"ק""ג",false,,24.90,9.9600,true,1,33263
7290005425646,false,סנוקליר 1 ליטר,סנו,IL,סנוקליר,ליטרים,1.00,ליטר,false,,10.90,10.9000,true,1,33264
7290005425714,false,שמפו שטיחים פלוס 600,סנו,IL,סנו,מיליליטרים,600.00,"100 מ""ל",false,,25.90,0.0432,true,1,33265
7290005426186,false,סקוטש שלישייה ענק,סנו,IL,סנו סושי,יח',3.00,יח',false,,17.90,5.9667,true,1,33269
7290005426193,false,ספוג הפלא,U.F.O.,US,סנו סושי,יח',6.00,יח',false,,10.90,1.8167,true,1,33270
7290005426384,false,סנו מוד,סנו,IL,סנומוד,מיליליטרים,150.00,"100 מ""ל",false,,9.90,0.0660,true,1,33273
7290005426575,false,קרמה לחות יבש,קוסמופארם,IL,קרמה,מיליליטרים,400.00,"100 מ""ל",false,,18.90,0.0472,true,1,33275
7290005426629,false,דואו פרש דובדבן,סנו,IL,דואופרש,מיליליטרים,300.00,"100 מ""ל",false,,10.90,0.0363,true,1,33276
7290005426964,false,*מבצע* סנובון כחול ש,סנו,IL,סנובון,גרמים,165.00,100 גרם,false,,12.90,0.0782,true,1,33279
7290005427633,false,כיף גל שיער,קוסמופארם,IL,כיף,קילוגרמים,1.00,"ק""ג",false,,20.90,20.9000,true,1,33292
7290005427763,false,אל סבון כיף 2 ליטר ג,קוסמופארם,IL,כיף,ליטרים,2.00,ליטר,false,,19.90,9.9500,true,1,33294
7290005427978,false,קרמה תחליב פנים,קוסמופארם,IL,קרמה,מיליליטרים,180.00,"100 מ""ל",false,,12.90,0.0717,true,1,33297
7290005429279,false,"מקסימה ז'אול 6 ק""ג",סנו,IL,מקסימה,קילוגרמים,6.00,"ק""ג",false,,44.90,7.4833,true,1,33302
7290005429286,false,"מקסימה ביו 6 ק""ג",סנו,IL,מקסימה,קילוגרמים,6.00,"ק""ג",false,,44.90,7.4833,true,1,33303
7290005430602,false,*מבצע* אוקסיגן מסיר,סנו,IL,אוקסיג'ן,מיליליטרים,750.00,"100 מ""ל",false,,14.90,0.0199,true,1,33305
7290005430671,false,פוליויקס קרמיקה 2 לי,סנו,IL,פוליויקס,ליטרים,2.00,ליטר,false,,19.90,9.9500,true,1,33306
7290005431883,false,מלבי חלבי 165 גרם,תנובה,IL,תנובה,גרמים,165.00,100 גרם,false,,6.50,0.0394,true,1,52332
7290005431906,false,קדאיף 82 גרם,תנובה,IL,תנובה,גרמים,82.00,100 גרם,false,,6.50,0.0793,true,1,52334
7290005431913,false,עוגת גבינה פירורים 9,תנובה,IL,תנובה,גרמים,92.00,100 גרם,false,,6.50,0.0707,true,1,52335
7290005431937,false,טירמיסו 82 גרם,תנובה,IL,תנובה,גרמים,82.00,100 גרם,false,,6.50,0.0793,true,1,52337
7290005431968,false,מלבי שמנת 150 גרם,תנובה,IL,תנובה,גרמים,150.00,100 גרם,false,,6.90,0.0460,true,1,56343
7290005509445,false,מיני קוקיס בטעם חמאה,Carmit,IL,כרמית,גרמים,600.00,100 גרם,false,,16.90,0.0282,true,1,33616
7290005559709,false,בורקס פיצה,מעדנות,IL,מעדנות,גרמים,700.00,100 גרם,false,,25.90,0.0370,true,1,35289
7290005559907,false,פיצה משפחתית גבינה,מעדנות,IL,מעדנות,גרמים,500.00,100 גרם,false,,19.90,0.0398,true,1,35291
7290005559914,false,פיצה משפחתית זיתים,מעדנות,IL,מעדנות,גרמים,550.00,100 גרם,false,,19.90,0.0362,true,1,35292
7290005559990,false,*מבצע* בצק פילאס טור,מעדנות,IL,מעדנות,גרמים,600.00,100 גרם,false,,19.90,0.0332,true,1,35294
7290005591761,false,דבש לחיץ 400 גרם,שטראוס גרופ,IL,יד מרדכי,גרמים,400.00,100 גרם,false,,20.90,0.0522,true,1,34208
7290005651427,false,בונזו מולטיפק 3*400,FIDELE SAS,FR,בונזו,קילוגרמים,1.23,"ק""ג",false,,17.90,14.5528,true,1,35205
7290005680052,false,*מבצע* אובה קלאסי סו,Johnson Toilet-IT,GR,אובה,יח',32.00,יח',false,,20.90,0.6531,true,1,35078
7290005719189,false,לחם מחמצת שיפון אגוז,,,לחם כוסמין,יח',1.00,יח',false,,16.90,16.9000,true,1,55701
7290005719318,false,לחמניות המבורגר 4 יח,,,לחמניות המבורגר 4 יח,יח',4.00,יח',false,,12.00,3.0000,true,1,51152
7290005838002,false,דניאלה וניל,שטראוס גרופ,IL,שטראוס,מיליליטרים,150.00,"100 מ""ל",false,,4.10,0.0273,true,1,34476
7290005838613,false,סקי וניל 125 בודד,שטראוס גרופ,IL,שטראוס,גרמים,125.00,100 גרם,false,,3.70,0.0296,true,1,34477
7290005838972,false,סקי יום יום 5%,שטראוס גרופ,IL,שטראוס,גרמים,125.00,100 גרם,false,,3.10,0.0248,true,1,34478
7290005839078,false,מארז 8 חסכון - ביו 3,שטראוס גרופ,IL,שטראוס,קילוגרמים,1.20,"ק""ג",false,,16.90,14.0833,true,1,34479
7290005839108,false,סימפוניה 5% עם זתים,שטראוס גרופ,IL,שטראוס,גרמים,200.00,100 גרם,false,,11.50,0.0575,true,1,34480
7290005839313,false,מילקי טופ מגולגלת,שטראוס גרופ,IL,שטראוס,גרמים,134.00,100 גרם,false,,4.70,0.0351,true,1,34481
7290005896415,false,"בירה איגל 500 מ""ל פח",טמפו,IL,טמפו,מיליליטרים,500.00,"100 מ""ל",false,,5.90,0.0118,true,1,29319
7290005896439,false,מכבי בקבוק חוזר 500,טמפו,IL,מכבי,מיליליטרים,500.00,"100 מ""ל",false,,6.90,0.0138,true,1,33656
7290005896453,false,"מכבי 7.9 חוזר 500 מ""",טמפו,IL,מכבי,מיליליטרים,500.00,"100 מ""ל",false,,6.90,0.0138,true,1,33657
7290005896835,false,סאן בנדטו שישיה מוגז,טמפו,IL,ס.בנדטו מוגז,ליטרים,9.00,ליטר,false,,15.90,1.7667,true,1,33659
7290005938238,false,צימיצורי 220 גרם,פרסקו חצבה,IL,פרסקו חצבה,גרמים,220.00,100 גרם,false,,17.90,0.0814,true,1,34081
7290005938245,false,ממרח פסטו קלאסי 220,פרסקו חצבה,IL,פרסקו חצבה,גרמים,220.00,100 גרם,false,,17.90,0.0814,true,1,34082
7290005966033,false,הר חרמון לבן,,,ירדן חרמון לבן,מיליליטרים,750.00,"100 מ""ל",false,,31.90,0.0425,true,1,35440
7290005992018,false,יוגורט עיזים,גדיה,IL,מחלבות גד,גרמים,500.00,100 גרם,false,,12.90,0.0258,true,1,33965
7290005992247,false,גבינת חלומי  24%,מחלבות גד,IL,מחלבות גד,קילוגרמים,1.00,"ק""ג",true,,99.00,99.0000,true,1,13703
7290005992575,false,בולגרית למריחה,מחלבות גד,IL,מחלבות גד,גרמים,250.00,100 גרם,false,,17.90,0.0716,true,1,33967
7290005992667,false,בולגרית מסורתית 5%,דשן,IL,מחלבות גד,קילוגרמים,1.00,"ק""ג",true,,58.00,58.0000,true,1,13706
7290005992735,false,לבנה 250 גרם,מחלבות גד,IL,מחלבות גד,גרמים,250.00,100 גרם,false,,11.90,0.0476,true,1,33968
7290005992858,false,פטה עזים מעודנת  5%,דשן,IL,מחלבות גד,קילוגרמים,1.00,"ק""ג",true,,120.00,120.0000,true,1,13709
7290005992872,false,צפתית פרח במים  5%,מחלבות גד,IL,מחלבות גד,קילוגרמים,1.00,"ק""ג",true,,60.00,60.0000,true,1,44395
7290005992889,false,גבינת שמנת שום  שמיר,מחלבות גד,IL,מחלבות גד,קילוגרמים,1.00,"ק""ג",true,,45.00,45.0000,true,1,13711
7290005992902,false,גבינת שמנת ירקות 30%,מחלבות גד,IL,מחלבות גד,קילוגרמים,1.00,"ק""ג",true,,45.00,45.0000,true,1,13713
7290006065650,false,פילה סלמון נורווגי 1,אקו פיסק דנמרק,NO,פילה סלמון נורווגי 1,קילוגרמים,1.00,"ק""ג",true,,74.90,74.9000,true,1,58310
7290006185501,false,*מבצע* סבון נוזלי 1,סאסא קוסמטיקס,IL,פנינה רוזנבלום בע'מ,ליטרים,1.00,ליטר,false,,8.90,8.9000,true,1,34316
7290006185518,false,*מבצע* סבון נוזלי 1,סאסא קוסמטיקס,IL,פנינה רוזנבלום בע'מ,ליטרים,1.00,ליטר,false,,8.90,8.9000,true,1,34317
7290006214003,false,חלבה ממולאת א.חלב נכ,,,חלבה ממולאת א.חלב נכ,קילוגרמים,1.00,"ק""ג",true,,59.00,59.0000,true,1,50197
7290006229588,false,"בירה איגל 500 מ""ל פח",טמפו,IL,טמפו,מיליליטרים,500.00,"100 מ""ל",false,,5.90,0.0118,true,1,29321
7290006235244,false,משחה לתינוק פישר 100,"ד""ר פישר",IL,קמיל בלו,גרמים,100.00,100 גרם,false,,21.90,0.2190,true,1,33924
7290006241191,false,אגוז מלך 150 גרם,"ששון ושות' בע""מ",IL,גאשרס,גרמים,150.00,100 גרם,false,,16.90,0.1127,true,1,33871
7290006241504,false,קפוא תפוזים 345,פריגת מצוננים,IL,פריז_א,גרמים,345.00,100 גרם,false,,10.90,0.0316,true,1,34411
7290006241511,false,קפוא לימון נענע 340,פריגת מצוננים,IL,פריז_א,גרמים,340.00,100 גרם,false,,10.90,0.0321,true,1,34412
7290006241535,false,קפוא מנגו 350,פריגת מצוננים,IL,פריז_א,גרמים,350.00,100 גרם,false,,10.90,0.0311,true,1,34413
7290006241689,false,קפוא לימון 340,פריגת מצוננים,IL,פריז_א,גרמים,340.00,100 גרם,false,,10.90,0.0321,true,1,34414
7290006243577,false,"בורקס תפו""א 800 גרם",,,"בורקס תפו""א",גרמים,800.00,100 גרם,false,,11.90,0.0149,true,1,36845
7290006243713,false,בורקס גבינה 800 גרם,,,בורקס גבינה,גרמים,800.00,100 גרם,false,,11.90,0.0149,true,1,36846
7290006251107,false,צ'אי מסאלה 25,ויסוצקי,IL,ויסוצקי,גרמים,50.00,100 גרם,false,,18.90,0.3780,true,1,34589
7290006251275,false,*מבצע* תה ירוק סיני,ויסוצקי,IL,ויסוצקי,גרמים,937.50,100 גרם,false,,17.90,0.0191,true,1,34590
7290006251374,false,*מבצע* תה ירוק לימונ,ויסוצקי,IL,ויסוצקי,גרמים,937.50,100 גרם,false,,17.90,0.0191,true,1,34593
7290006256102,false,גאטו נגרו מרלו,,AR,גאטו נגרו מרלו,מיליליטרים,750.00,"100 מ""ל",false,,39.90,0.0532,true,1,60888
7290006265500,false,פטריות שמפניון,סודות המזרח,IL,פטריות שמפניון,יח',1.00,יח',false,,8.90,8.9000,true,1,7118
7290006265548,false,נבטים סיניים,"סוכרזית בע""מ",IL,נבטים סיניים,יח',1.00,יח',false,,5.90,5.9000,true,1,7119
7290006265890,false,נבטי חמניה,סולימר,IL,נבטי חמניה,יח',1.00,יח',false,,8.90,8.9000,true,1,7120
7290006271174,false,גחנון מעדנות 700 גרם,מעדנות,IL,מעדנות,גרמים,700.00,100 גרם,false,,17.90,0.0256,true,1,35295
7290006271648,false,"בורקס תפו""א מיני",מעדנות,IL,מעדנות,גרמים,800.00,100 גרם,false,,22.90,0.0286,true,1,35298
7290006271655,false,בורקס גבינה מיני,מעדנות,IL,מעדנות,גרמים,800.00,100 גרם,false,,24.90,0.0311,true,1,35299
7290006272072,false,*מבצע* חטיפי פיצה מע,מעדנות,IL,מעדנות,גרמים,650.00,100 גרם,false,,27.90,0.0429,true,1,35301
7290006306302,false,רביולי במילוי גבינות,פסטה נונה,IL,פסטה נונה,גרמים,400.00,100 גרם,false,,23.90,0.0597,true,1,33972
7290006306319,false,רביולי במילוי בטטה 4,פסטה נונה,IL,פסטה נונה,גרמים,400.00,100 גרם,false,,23.90,0.0597,true,1,33973
7290006306326,false,רביולי במילוי פטריות,פסטה נונה,IL,פסטה נונה,גרמים,400.00,100 גרם,false,,23.90,0.0597,true,1,33974
7290006346414,false,סלט אבוקדו,משתנה,IL,סלט אבוקדו,קילוגרמים,1.00,"ק""ג",true,,75.00,75.0000,true,1,60305
7290006374653,false,דבש לייט 350 גרם,שטראוס גרופ,IL,יד מרדכי,גרמים,350.00,100 גרם,false,,25.90,0.0740,true,1,34211
7290006374738,false,קונפיטורת תות יד מרד,"בית אל מזון בע""מ",IL,יד מרדכי,גרמים,340.00,100 גרם,false,,12.90,0.0379,true,1,34212
7290006376046,false,סוכר דמררה ארומתי בש,ר.ס,IL,פרמיום,קילוגרמים,1.00,"ק""ג",false,,8.90,8.9000,true,1,36937
7290006439451,false,"אורז בסמטי גולד 5 ק""",צ'מאן לאל סטיה,IN,גולד,קילוגרמים,5.00,"ק""ג",false,,39.90,7.9800,true,1,32241
7290006449849,false,"תמר מג'הול 1 ק""ג",,,"תמר מג'הול 1 ק""ג",קילוגרמים,1.00,"ק""ג",false,,16.90,16.9000,true,1,49273
7290006449955,false,מלפפון בייבי יח',,,מלפפון בייבי יח',יח',1.00,יח',false,,8.90,8.9000,true,1,51490
7290006492432,false,מוצרלה ביבי,מחלבות גד,IL,מחלבות גד,גרמים,150.00,100 גרם,false,,14.90,0.0993,true,1,33978
7290006492616,false,בולגרית 5% פרוסות,דשן,IL,מחלבות גד,גרמים,250.00,100 גרם,false,,27.90,0.1116,true,1,33979
7290006492630,false,גבינת עיזים גליל,מחלבות גד,IL,מחלבות גד,גרמים,180.00,100 גרם,false,,23.90,0.1328,true,1,33980
7290006492852,false,גבינת עיזים 5% למריח,מחלבות גד,IL,מחלבות גד,גרמים,250.00,100 גרם,false,,17.90,0.0716,true,1,33983
7290006492913,false,לבנה ציזיקי למריחה,מחלבות גד,IL,מחלבות גד,גרמים,250.00,100 גרם,false,,13.50,0.0540,true,1,33984
7290006494924,false,וופל בטעם לימון ללא,"גילרו בע""מ",IL,וופל טוסו,גרמים,200.00,100 גרם,false,,9.90,0.0495,true,1,33025
7290006496072,false,משקד סירופ מלבי 750,משקד,IL,משקד,מיליליטרים,750.00,"100 מ""ל",false,,18.90,0.0252,true,1,34329
7290006496225,false,"משקד מי ורדים 750 מ""",משקד,IL,משקד,מיליליטרים,750.00,"100 מ""ל",false,,11.90,0.0159,true,1,34331
7290006511157,false,פטריות שלמות 400 גרם,אוקוצמפ,PL,וילי פוד,גרמים,400.00,100 גרם,false,,7.90,0.0198,true,1,33461
7290006511683,false,פולי סויה קפוא 454 ג,קו.אל.טי.די.קיאוניונ,CN,וילי פוד,גרמים,454.00,100 גרם,false,,9.90,0.0218,true,1,33462
7290006511706,false,*מבצע* גאודה עם כמון,רובין הולנד,NL,בטעם גאודה כמון 30.4%,קילוגרמים,1.00,"ק""ג",true,,90.00,90.0000,true,1,62248
7290006511751,false,שלישיית פיטריות חתוך,לוטס,NL,וילי פוד,גרמים,290.00,100 גרם,false,,12.50,0.0431,true,1,33463
7290006511904,false,*מבצע* גבינת אדם חצי,ברגלנדמיל,AT,וילי פוד,קילוגרמים,1.00,"ק""ג",true,,59.00,59.0000,true,1,11134
7290006546012,false,צ'לי חריף בנוסח מקסי,"פרי הגליל בע""""מ",IL,פרי הגליל,גרמים,580.00,100 גרם,false,,6.90,0.0119,true,1,34295
7290006546302,false,ציפס קיטרינג 1.5,"פרי הגליל בע""""מ",IL,פרי הגליל,קילוגרמים,2.00,"00000000000000000ק""ג",false,,15.90,7.9500,true,1,15540
7290006546395,false,לקט העונה 800 גר,"פרי הגליל בע""""מ",IL,פרי הגליל,גרמים,800.00,100 גרם,false,,8.90,0.0111,true,1,34299
7290006567048,false,פתיתי קוסקוס ישראלי,קוסקוס,IL,אסם,גרמים,350.00,100 גרם,false,,7.50,0.0214,true,1,32744
7290006582355,false,סילאן 900 גרם,טעמי הגליל,IL,שקדיה,גרמים,900.00,100 גרם,false,,9.90,0.0110,true,1,32418
7290006618085,false,אסטוניש מרסס לניקוי,אסטוניש,GB,אסטוניש,מיליליטרים,750.00,"100 מ""ל",false,,11.90,0.0159,true,1,33808
7290006652027,false,במבה יום הולדת קדמ.מ,אסם,IL,במבה,גרמים,300.00,100 גרם,false,,23.90,0.0797,true,1,32746
7290006653819,false,קוסקוס דק 350 גרם,קוסקוס,IL,אסם,גרמים,350.00,100 גרם,false,,7.50,0.0214,true,1,32749
7290006664037,false,גמדים תפוח בננה רביע,שטראוס גרופ,IL,שטראוס,גרמים,400.00,100 גרם,false,,11.50,0.0288,true,1,34482
7290006664051,false,אקטימל לבן 14,שטראוס גרופ,IL,שטראוס,ליטרים,1.40,ליטר,false,,29.90,21.3571,true,1,34483
7290006664310,false,סקי 3% 250 גרם,שטראוס גרופ,IL,שטראוס,גרמים,250.00,100 גרם,false,,4.80,0.0192,true,1,34484
7290006664402,false,סקי% 5 750 גרם,שטראוס גרופ,IL,שטראוס,גרמים,750.00,100 גרם,false,,14.20,0.0189,true,1,34485
7290006664532,false,דנונה תות 3%,שטראוס גרופ,IL,שטראוס,גרמים,150.00,100 גרם,false,,3.90,0.0260,true,1,34486
7290006664655,false,אקטימל לבן שמינייה,שטראוס גרופ,IL,שטראוס,מיליליטרים,864.00,"100 מ""ל",false,,20.90,0.0242,true,1,34488
7290006664693,false,דנונה אפרסק  3%,שטראוס גרופ,IL,שטראוס,גרמים,180.00,100 גרם,false,,3.90,0.0217,true,1,34489
7290006664990,false,מארז 8 חסכון - ביו 1,שטראוס גרופ,IL,שטראוס,קילוגרמים,1.20,"ק""ג",false,,16.90,14.0833,true,1,34491
7290006666307,false,סלט חומוס 300 גרם,,,סלט חומוס 300 גרם,גרמים,300.00,100 גרם,false,,11.90,0.0397,true,1,35097
7290006666314,false,סלט טחינה 300 גרם,,,סלט טחינה 300 גרם,גרמים,300.00,100 גרם,false,,11.90,0.0397,true,1,35098
7290006666338,false,טחינה ירוקה 300 גרם,,,טחינה ירוקה 300 גרם,גרמים,300.00,100 גרם,false,,12.90,0.0430,true,1,35099
7290006666345,false,חציל במיונז 300 גרם,,,חציל במיונז 300 גרם,גרמים,300.00,100 גרם,false,,17.90,0.0597,true,1,35100
7290006666352,false,חציל בטחינה 300 גרם,,,חציל בטחינה 300 גרם,גרמים,300.00,100 גרם,false,,17.90,0.0597,true,1,37275
7290006666413,false,כרוב שוודי 300 גרם,,,כרוב שוודי 300 גרם,גרמים,300.00,100 גרם,false,,13.90,0.0463,true,1,35101
7290006666420,false,כרוב קולסלו 300 גרם,,,כרוב קולסלו 300 גרם,גרמים,300.00,100 גרם,false,,13.90,0.0463,true,1,35102
7290006666444,false,סלט מטבוחה 300 גרם,,,סלט מטבוחה 300 גרם,גרמים,300.00,100 גרם,false,,17.90,0.0597,true,1,35104
7290006666451,false,סלט סלסה 300 גרם,,,סלט סלסה 300 גרם,גרמים,300.00,100 גרם,false,,17.90,0.0597,true,1,35105
7290006666468,false,גזר בלימון 300 גרם,,,גזר בלימון 300 גרם,גרמים,300.00,100 גרם,false,,17.90,0.0597,true,1,35106
7290006666529,false,פלפל מרוקאי,,,פלפל מרוקאי,גרמים,300.00,100 גרם,false,,17.90,0.0597,true,1,35107
7290006666543,false,סלט סלק 300 גרם,,,סלט סלק 300 גרם,גרמים,300.00,100 גרם,false,,14.90,0.0497,true,1,35108
7290006681553,false,קרמבו וניל 1/8,גלידות שטראוס,IL,שטראוס,יח',8.00,יח',false,,14.90,1.8625,true,1,36264
7290006681560,false,קרמבו מוקה 1/8,גלידות שטראוס,IL,שטראוס,יח',8.00,יח',false,,14.90,1.8625,true,1,36265
7290006704511,false,"תפו""א למיקרו",,,"תפו""א למיקרו",יח',1.00,יח',false,,6.90,6.9000,true,1,51491
7290006704542,false,עלי תרד ניוזילנדי,"סנפרוסט בע""מ",IL,תרד שטוף,יח',1.00,יח',false,,8.90,8.9000,true,1,7137
7290006704573,false,בצל ירוק יח',,,בצל ירוק יח',יח,1.00,יח,false,,5.90,5.9000,true,1,51508
7290006704740,false,שורש פטרוזיליה יח',,,שורש פטרוזיליה יח',יח,1.00,יח,false,,5.90,5.9000,true,1,51509
7290006704801,false,סלק עלים יח',,,סלק עלים יח',יח,1.00,יח,false,,5.90,5.9000,true,1,51511
7290006707079,false,כרעיים עוף קפוא,,,כרעיים עוף קפוא,קילוגרמים,1.00,"ק""ג",true,,27.90,27.9000,true,1,63105
7290006707512,false,שניצל קפוא ארוז,"נטו מלינדה סחר בע""מ",IL,שניצל קפוא ארוז,קילוגרמים,1.00,"ק""ג",true,,34.90,34.9000,true,1,67400
7290006712981,false,קולגייט משחת ילדים 6,CP-Poland swidnica,PL,קולגייט,מיליליטרים,50.00,"100 מ""ל",false,,11.90,0.2380,true,1,35080
7290006730473,false,קרטיבון 50 יח',"קלית סיטבון בע""מ",IL,קרטיבון 50 יח',יח',50.00,יח',false,,9.90,0.1980,true,1,62526
7290006739346,false,נקניקיות פרגיות 400,זוגלובק,IL,זוגלובק,גרמים,400.00,100 גרם,false,,13.90,0.0348,true,1,35408
7290006739414,false,נקניק קוניאק 300 גרם,זוגלובק,IL,זוגלובק,גרמים,300.00,100 גרם,false,,25.90,0.0863,true,1,35410
7290006739421,false,מעושן איטלקי 300 גרם,זוגלובק,IL,זוגלובק,גרמים,300.00,100 גרם,false,,25.90,0.0863,true,1,35411
7290006739445,false,שניצל תירס 750 גרם,זוגלובק,IL,זוגלובק,גרמים,750.00,100 גרם,false,,22.90,0.0305,true,1,35412
7290006742278,false,פסטרממיה צלויה 330 ג,זוגלובק,IL,זוגלובק,גרמים,330.00,100 גרם,false,,25.90,0.0785,true,1,35421
7290006742292,false,פסטרמה בדבש 330 גרם,זוגלובק,IL,זוגלובק,גרמים,330.00,100 גרם,false,,25.90,0.0785,true,1,35422
7290006742315,false,חזה הודו ברביקיו 330,זוגלובק,IL,זוגלובק,גרמים,330.00,100 גרם,false,,25.90,0.0785,true,1,35424
7290006764072,false,"גולדסטאר חוזר 500 מ""",טמפו,IL,גולדסטאר,מיליליטרים,500.00,"100 מ""ל",false,,6.90,0.0138,true,1,33668
7290006764096,false,בירה איגל חוזר 3.8%,טמפו,IL,איגל,מיליליטרים,500.00,"100 מ""ל",false,,4.90,0.0098,true,1,29364
7290006764157,false,גולדסטאר לא מסונן בק,טמפו,IL,גולדסטאר לא מסונן בק,מיליליטרים,500.00,"100 מ""ל",false,,7.90,0.0158,true,1,52538
7290006764485,false,נשר מאלט שישייה 330,טמפו,IL,נ.מאלט,ליטרים,1.98,ליטר,false,,27.90,14.0909,true,1,33671
7290006765000,false,טורטיה מקמח מלא 540ג,מוטלוקל,TR,טורטיה מקמח מלא 540ג,גרמים,540.00,100 גרם,false,,9.90,0.0183,true,1,32419
7290006765871,false,שקד טבעי במשקל,"דין שיווק וקלייה בע""",US,תפזורת - ללא מותג,קילוגרמים,1.00,"ק""ג",true,,69.00,69.0000,true,1,24965
7290006765895,false,בוטנים קלויים בקליפה,"דין שיווק וקלייה בע""",IL,ששון הקולה,גרמים,200.00,100 גרם,false,,6.90,0.0345,true,1,35879
7290006775016,false,עוגת תפוז 450 גרם,"אחדות ביח""ר לטחינה ח",IL,אחוה,גרמים,450.00,100 גרם,false,,9.90,0.0220,true,1,36010
7290006775023,false,עוגה אנגלית 450 גרם,"אחדות ביח""ר לטחינה ח",IL,אחוה,גרמים,450.00,100 גרם,false,,9.90,0.0220,true,1,32473
7290006775030,false,עוגת שוקו ציפס 450 ג,"אחדות ביח""ר לטחינה ח",IL,אחוה,גרמים,450.00,100 גרם,false,,9.90,0.0220,true,1,36011
7290006775047,false,עוגה בטעם שוקולד 450,"אחדות ביח""ר לטחינה ח",IL,אחוה,גרמים,450.00,100 גרם,false,,9.90,0.0220,true,1,36012
7290006775054,false,עוגת שיש 450 גרם,"אחדות ביח""ר לטחינה ח",IL,אחוה,גרמים,450.00,100 גרם,false,,9.90,0.0220,true,1,32474
7290006775085,false,עוגת שמרים במילוי קר,"אחדות ביח""ר לטחינה ח",IL,אחוה,גרמים,400.00,100 גרם,false,,9.90,0.0248,true,1,36014
7290006775344,false,עוגת שמרים במילוי קר,"אחדות ביח""ר לטחינה ח",IL,אחוה,גרמים,400.00,100 גרם,false,,9.90,0.0248,true,1,36018
7290006784360,false,חלונית 1 ליטר,"קומפלקס כימיקלים בע""",IL,חלונית,ליטרים,1.00,ליטר,false,,5.90,5.9000,true,1,33431
7290006784438,false,מרכך כביסה פיור לאב,"קומפלקס כימיקלים בע""",TR,מרכך כביסה פיור לאב,ליטרים,1.00,ליטר,false,,9.90,9.9000,true,1,64317
7290006788405,false,"דאו רולאון 75 מ""ל","אמיליה קוסמטיקס בע""מ",IL,קרליין,מיליליטרים,75.00,"100 מ""ל",false,,11.90,0.1587,true,1,33322
7290006788429,false,"דאו רולאון 75 מ""ל","אמיליה קוסמטיקס בע""מ",IL,קרליין,מיליליטרים,75.00,"100 מ""ל",false,,11.90,0.1587,true,1,33324
7290006788436,false,"דאו רולאון 75 מ""ל","אמיליה קוסמטיקס בע""מ",IL,קרליין,מיליליטרים,75.00,"100 מ""ל",false,,11.90,0.1587,true,1,33325
7290006788467,false,דאו ספריי קרוליין 20,"אמיליה קוסמטיקס בע""מ",IL,קרליין,מיליליטרים,200.00,"100 מ""ל",false,,11.90,0.0595,true,1,33328
7290006789631,false,*מבצע* קרלין לחות לל,"אמיליה קוסמטיקס בע""מ",IL,קרליין,מיליליטרים,400.00,"100 מ""ל",false,,14.90,0.0373,true,1,33334
7290006789655,false,*מבצע* קרלין לחות לל,"אמיליה קוסמטיקס בע""מ",IL,קרליין,מיליליטרים,400.00,"100 מ""ל",false,,14.90,0.0373,true,1,33336
7290006805355,false,תערובת לכדורי שוקולד,ג'נרל מילס,IL,פילסברי,גרמים,500.00,100 גרם,false,,17.90,0.0358,true,1,33873
7290006805362,false,חצי באגט מאפית,,,חצי בגט לבן,יח',1.00,יח',false,,3.30,3.3000,true,1,21850
7290006805881,false,בייגל ירושלמי וינואז,,,בגט וינואז,יח',1.00,יח',false,,6.90,6.9000,true,1,55603
7290006822192,false,אושן ספריי דיאט 1 לי,פריגת,IL,אושן ספריי,ליטרים,1.00,ליטר,false,,11.90,11.9000,true,1,33090
7290006866363,false,%100 מיץ אשכוליות אד,"גניר (1992) בע""מ",IL,תוצרת מסחרית,ליטרים,1.00,ליטר,false,,15.90,15.9000,true,1,34492
7290006866967,false,*מבצע* נקטר חמוציות,גניר,IL,פרימור,ליטרים,1.00,ליטר,false,,7.90,7.9000,true,1,51240
7290006920829,false,צדר פרוסה 350 גרם,צי תעשיות מזון יבנה,IL,כפיר,גרמים,350.00,100 גרם,false,,14.90,0.0426,true,1,34339
7290006920843,false,מוצרלה פרוסה 350 גרם,צי תעשיות מזון יבנה,IL,כפיר,גרמים,350.00,100 גרם,false,,14.90,0.0426,true,1,34341
7290006920942,false,צהובה טובה 350 גרם,צי תעשיות מזון יבנה,IL,כפיר,גרמים,350.00,100 גרם,false,,14.90,0.0426,true,1,34343
7290006983152,false,קרוטונים מתובלים 400,עינת תעשיות מזון אגו,IL,אסם,גרמים,400.00,100 גרם,false,,18.90,0.0472,true,1,32753
7290006983176,false,לחמית שיפון 230 גרם,אסם,IL,לחמית,גרמים,230.00,100 גרם,false,,8.90,0.0387,true,1,32754
7290006983206,false,פלאפל בקלי קלות 180,אסם,IL,אסם,גרמים,180.00,100 גרם,false,,9.90,0.0550,true,1,32755
7290006983763,false,עוגת הבית שוקולד 400,אסם,IL,הבית,גרמים,400.00,100 גרם,false,,11.90,0.0298,true,1,32757
7290006983770,false,עוגת הבית שיש 400 גר,אסם,IL,הבית,גרמים,400.00,100 גרם,false,,11.90,0.0298,true,1,32758
7290006983787,false,עוגת הבית שוקולד צ'י,אסם,IL,הבית,גרמים,400.00,100 גרם,false,,11.90,0.0298,true,1,32759
7290006983794,false,עוגת הבית תפוז 400 ג,אסם,IL,הבית,גרמים,400.00,100 גרם,false,,11.90,0.0298,true,1,32760
7290006992185,false,מטרנה דייסת אורז 200,מטרנה,IL,מטרנה,גרמים,200.00,100 גרם,false,,13.90,0.0695,true,1,32763
7290006992208,false,מטרנה דייסת דגנים 20,מטרנה,IL,מטרנה,גרמים,200.00,100 גרם,false,,13.90,0.0695,true,1,32765
7290008000796,false,משחת שיניים סופרמן י,כצט,IL,כצט,גרמים,50.00,100 גרם,false,,10.90,0.2180,true,1,33402
7290008000826,false,משחה ברבי,כצט,IL,כצט,גרמים,50.00,100 גרם,false,,10.90,0.2180,true,1,33403
7290008023542,false,*מבצע* סיף רצפות 4 ל,אתר ליוור - HPC,IL,CIF,ליטרים,4.00,ליטר,false,,17.90,4.4750,true,1,18300
7290008101356,false,*מבצע* קריספ פנקו זה,א.ל ייצור ושיווק תבל,IL,*מבצע* קריספ פנקו זה,גרמים,300.00,100 גרם,false,,8.90,0.0297,true,1,63648
7290008154222,false,*מבצע* שניצלונים עוף,עוף טוב,IL,עוף טוב,גרמים,700.00,100 גרם,false,,12.90,0.0184,true,1,32767
7290008175173,false,חמאה 200 גרם ללא מלח,,,חמאה ללא מלח,גרמים,200.00,100 גרם,false,,12.90,0.0645,true,1,36446
7290008175210,false,פרמז'נו מגורדת 90 גר,זנטי,IT,וילי פוד,גרמים,90.00,100 גרם,false,,15.90,0.1767,true,1,33464
7290008175760,false,*מבצע* גבינת  מנצגו,אלפסטור,ES,וילי פוד,קילוגרמים,1.00,"ק""ג",true,,90.00,90.0000,true,1,11143
7290008175777,false,*מבצע* גבינת איבריקו,,,גבינת איבריקו 31%,קילוגרמים,1.00,"ק""ג",true,,80.00,80.0000,true,1,11144
7290008175814,false,פטריות חתוכות 400 גר,אוקוצמפ,PL,וילי פוד,גרמים,400.00,100 גרם,false,,4.90,0.0123,true,1,33468
7290008175906,false,גבינת עיזים  32%,אלמטאה,NL,וילי פוד,קילוגרמים,1.00,"ק""ג",true,,105.00,105.0000,true,1,11146
7290008190909,false,מיני קוקיס שוקו ציפס,Carmit,IL,כרמית,גרמים,600.00,100 גרם,false,,16.90,0.0282,true,1,33620
7290008330107,false,מרכך כביסה בדין סגול,אתר ליוור - HPC,IL,BADIN,ליטרים,4.00,ליטר,false,,19.90,4.9750,true,1,18301
7290008343466,false,בצק פילו 500 גרם,שגמור,IL,שגמור,גרמים,500.00,100 גרם,false,,16.90,0.0338,true,1,34084
7290008343558,false,סיגרים בשר 1 קג,שלושת האופים,IL,שלושת האופים,קילוגרמים,1.00,"ק""ג",false,,17.90,17.9000,true,1,34086
7290008343565,false,סיגרים תפוא 1 קג,שלושת האופים,IL,שלושת האופים,קילוגרמים,1.00,"ק""ג",false,,17.90,17.9000,true,1,34087
7290008343602,false,קובה בשר 1 קג,שלושת האופים,IL,שלושת האופים,קילוגרמים,1.00,"ק""ג",false,,17.90,17.9000,true,1,34089
7290008343626,false,פלאפל 1 קג,שלושת האופים,IL,שלושת האופים,קילוגרמים,1.00,"ק""ג",false,,17.90,17.9000,true,1,34091
7290008344272,false,המבורגר 100% בשר 400,טיבון ויל,IL,טיבון ויל,גרמים,400.00,100 גרם,false,,17.90,0.0447,true,1,34093
7290008345576,false,איקרה לבנה 300 ג,דלי דג,IL,דלידג,גרמים,300.00,100 גרם,false,,18.90,0.0630,true,1,34096
7290008345583,false,איקרה ורודה 300 ג,דלי דג,IL,דלידג,גרמים,300.00,100 גרם,false,,18.90,0.0630,true,1,34097
7290008347211,false,אצבעות דג 700 גרם,דלידג,IL,דלידג,גרמים,700.00,100 גרם,false,,19.90,0.0284,true,1,34098
7290008403191,false,קשקבל,ברדי ביר,CH,ברדי ביר,קילוגרמים,1.00,"ק""ג",true,,115.00,115.0000,true,1,27132
7290008403238,false,ברי איסיני 30%,איסיני סנט מר,FR,סנט מר,קילוגרמים,1.00,"ק""ג",true,,125.00,125.0000,true,1,27133
7290008409124,false,שניצל גונגל 700 גרם,תנובה גליל,IL,מאמא עוף,גרמים,700.00,100 גרם,false,,34.90,0.0499,true,1,35361
7290008409216,false,שניצל דק דק פריך,תנובה גליל,IL,מאמא עוף,גרמים,700.00,100 גרם,false,,39.90,0.0570,true,1,35362
7290008409315,false,שניצלונים מיני מיני,תנובה גליל,IL,מאמא עוף,גרמים,500.00,100 גרם,false,,25.90,0.0518,true,1,35364
7290008409407,false,שניצל דק דק ציפס,תנובה גליל,IL,מאמא עוף,גרמים,700.00,100 גרם,false,,39.90,0.0570,true,1,35366
7290008415514,false,צבר חומוס עם חריף 15,צבר,IL,סלטי צבר,גרמים,150.00,100 גרם,false,,4.90,0.0327,true,1,32769
7290008443616,false,נקה 7 קונדישינר,"אמיליה קוסמטיקס בע""מ",IL,נקה 7,מיליליטרים,750.00,"100 מ""ל",false,,10.90,0.0145,true,1,33339
7290008443647,false,נקה 7 מרכך,"אמיליה קוסמטיקס בע""מ",IL,נקה 7,מיליליטרים,750.00,"100 מ""ל",false,,10.90,0.0145,true,1,33341
7290008461221,false,סרדין רוברט שמן חמני,רמירז,PT,סרדין רוברט שמן חמני,גרמים,140.00,100 גרם,false,,7.50,0.0536,true,1,34100
7290008461238,false,סרדין רוברט חריף 140,רמירז,PT,סרדין רוברט חריף,גרמים,140.00,100 גרם,false,,7.50,0.0536,true,1,36842
7290008462204,false,*מבצע* חרדל דיזון 38,בונגראן,FR,בונגראן,גרמים,380.00,100 גרם,false,,11.90,0.0313,true,1,34102
7290008462259,false,*מבצע* חרדל דיזון גר,בונגראן,FR,בונגראן,גרמים,380.00,100 גרם,false,,13.90,0.0366,true,1,34103
7290008462310,false,*מבצע* סנט מור,אוריאל,FR,מרסי שף,קילוגרמים,1.00,"ק""ג",true,,160.00,160.0000,true,1,27152
7290008464024,false,פחית גולדסטאר לא מסו,טמפו,IL,גולדסטאר לא מסונן,מיליליטרים,500.00,"100 מ""ל",false,,8.90,0.0178,true,1,33676
7290008464130,false,*מבצע* גולדסטאר לא מ,טמפו,IL,גולדסטאר לא מסונן,ליטרים,1.98,ליטר,false,,32.90,16.6162,true,1,33677
7290008464222,false,פחית מכבי 7.9% 500 מ,טמפו,IL,מכבי,מיליליטרים,500.00,"100 מ""ל",false,,7.90,0.0158,true,1,33678
7290008464468,false,"גולדסטאר פחית 500 מ""",טמפו,IL,גולדסטאר,מיליליטרים,500.00,"100 מ""ל",false,,7.90,0.0158,true,1,33686
7290008464604,false,"הייניקן פחית 500 מ""ל",טמפו,IL,היינקן,מיליליטרים,500.00,"100 מ""ל",false,,11.90,0.0238,true,1,33688
7290008464611,false,"סודה 275 מ""ל",טמפו,IL,סודה טמפו,מיליליטרים,275.00,"100 מ""ל",false,,4.00,0.0145,true,1,46687
7290008464642,false,"גינגר אייל 275 מ""ל",טמפו,IL,סודה מיקסרים,מיליליטרים,275.00,"100 מ""ל",false,,4.90,0.0178,true,1,46690
7290008464673,false,פחית בירה גולדסטאר ס,טמפו,IL,פחית בירה גולדסטאר ס,מיליליטרים,500.00,"100 מ""ל",false,,7.90,0.0158,true,1,49446
7290008464697,false,*מבצע* מכבי שישייה 7,טמפו,IL,מכבי,ליטרים,1.98,ליטר,false,,24.90,12.5758,true,1,33690
7290008464741,false,*מבצע* גולדסטאר שישי,טמפו,IL,גולדסטאר,ליטרים,1.98,ליטר,false,,24.90,12.5758,true,1,33693
7290008464796,false,*מבצע* הייניקן שישיי,טמפו,IL,היינקן,ליטרים,1.98,ליטר,false,,29.90,15.1010,true,1,33694
7290008466684,false,עוגיות פרימיום חלבי,,,עוגיות פרימיום חלבי,גרמים,250.00,100 גרם,false,,18.90,0.0756,true,1,61689
7290008466707,false,עוגיות פרימיום 250 ג,,,עוגיות פרימיום 250 ג,גרמים,250.00,100 גרם,false,,18.90,0.0756,true,1,53090
7290008493710,false,פירורי גריסיני זהב 2,מאיר בייגל,IL,מאיר בייגל,גרמים,200.00,100 גרם,false,,5.90,0.0295,true,1,35218
7290008496421,false,פילה אמנון 100% ללא,,CN,פילה אמנון 100% ללא,קילוגרמים,1.00,"ק""ג",true,,34.90,34.9000,true,1,62711
7290008500128,false,עוגת שמרים שוקולד,ב- פילסברי (ג'נל מיל,IL,עוגת שמרים שוקולד,גרמים,520.00,100 גרם,false,,24.90,0.0479,true,1,59089
7290008500135,false,עוגת שמרים קינמון,ב- פילסברי (ג'נל מיל,IL,עוגת שמרים קינמון,גרמים,520.00,100 גרם,false,,24.90,0.0479,true,1,59090
7290008500142,false,"עוגת שמרים תפו""ע",ב- פילסברי (ג'נל מיל,IL,"עוגת שמרים תפו""ע",גרמים,520.00,100 גרם,false,,24.90,0.0479,true,1,59091
7290008500159,false,עוגת שמרים גבינה,ב- פילסברי (ג'נל מיל,IL,עוגת שמרים גבינה,גרמים,520.00,100 גרם,false,,24.90,0.0479,true,1,59092
7290008500548,false,לחם טוסט אמריקה 500,מאפיית אגמי,,לחם טוסט אמריקה 500,גרמים,500.00,100 גרם,false,,12.90,0.0258,true,1,63587
7290008634045,false,"פלסטר ""30 ""SUNNY PLA",A.U. In,CN,סאני פלסטר,יח',30.00,יח',false,,6.90,0.2300,true,1,32817
7290008636650,false,קמח מצה 500 גרם,מיה,IL,קמח מצה 500 גרם,גרמים,500.00,100 גרם,false,,5.90,0.0118,true,1,61063
7290008644112,false,מטבוחה יום יום 125 ג,שטראוס גרופ,IL,שטראוס,גרמים,125.00,100 גרם,false,,4.90,0.0392,true,1,34493
7290008644235,false,סלט עלי בייבי,שטראוס גרופ,IL,שטראוס,גרמים,120.00,100 גרם,false,,9.90,0.0825,true,1,16348
7290008644945,false,סלט המושבה משפחתי,שטראוס גרופ,IL,שטראוס,גרמים,450.00,100 גרם,false,,10.90,0.0242,true,1,34495
7290008670012,false,רקנאטי קברנה סוביניו,רקנאטי,IL,רקנאטי,מיליליטרים,750.00,"100 מ""ל",false,,49.90,0.0665,true,1,35450
7290008670142,false,יין יסמין רקאנטי יסמ,רקנאטי,IL,רקנאטי,מיליליטרים,750.00,"100 מ""ל",false,,34.90,0.0465,true,1,35452
7290008670159,false,יין יסמין רקאנטי יסמ,רקנאטי,IL,רקנאטי,מיליליטרים,750.00,"100 מ""ל",false,,34.90,0.0465,true,1,37590
7290008679428,false,כפפות רנדי בינוני,רנמארק,TH,כפפות רנדי בינוני,יח,1.00,יח,false,,4.90,4.9000,true,1,53673
7290008690713,false,מיץ חמוציות אושן ספר,פריגת,IL,אושן ספריי,ליטרים,1.00,ליטר,false,,11.90,11.9000,true,1,33092
7290008693134,false,דניאלה תות,שטראוס גרופ,IL,שטראוס,גרמים,88.00,100 גרם,false,,4.10,0.0466,true,1,34497
7290008713900,false,שיפון עגול 750 ג,אורנים,IL,אנג'ל,גרמים,750.00,100 גרם,false,,12.90,0.0172,true,1,32364
7290008713917,false,שיפון כהה 750 ג,אורנים,IL,אנג'ל,גרמים,750.00,100 גרם,false,,12.90,0.0172,true,1,32365
7290008745239,false,תפוציפס קראנצ',שטראוס פריטו ליי (מל,IL,עלית,גרמים,50.00,100 גרם,false,,3.90,0.0780,true,1,34242
7290008747547,false,תפוציפס קראנצ' טבעי,שטראוס פריטו ליי (מל,IL,עלית,גרמים,200.00,100 גרם,false,,9.90,0.0495,true,1,34244
7290008752244,false,תפוציפס אקסטרא,שטראוס פריטו ליי (מל,IL,עלית,גרמים,50.00,100 גרם,false,,3.90,0.0780,true,1,34245
7290008753111,false,תפוציפס מקסיקני,שטראוס פריטו ליי (מל,IL,עלית,גרמים,50.00,100 גרם,false,,3.90,0.0780,true,1,34246
7290008757980,false,ספרינג קרטוניות רימו,יפאורה תבורי,IL,ספרינג,ליטרים,1.00,ליטר,false,,6.80,6.8000,true,1,33798
7290008775816,false,ערגליות שוקולד 300 ג,אסם,IL,ערגליות,גרמים,300.00,100 גרם,false,,10.90,0.0363,true,1,32772
7290008775823,false,ערגליות תות שדה 300,אסם,IL,ערגליות,גרמים,300.00,100 גרם,false,,10.90,0.0363,true,1,32773
7290008784542,false,סאקי מסג',,,סאקי מסג',יח',1.00,יח',false,,7.90,7.9000,true,1,55651
7290008801089,false,קברנה סוביניון פרייב,יקבי כרמל,IL,קברנה סוביניון פרייב,מיליליטרים,375.00,"100 מ""ל",false,,19.90,0.0531,true,1,48739
7290008801119,false,סוביניון בלאן סלקטד,יקבי כרמל,IL,סלקטד,מיליליטרים,750.00,"100 מ""ל",false,,29.90,0.0399,true,1,32829
7290008801157,false,מרלו סלקטד,יקבי כרמל,IL,סלקטד,מיליליטרים,750.00,"100 מ""ל",false,,29.90,0.0399,true,1,32830
7290008801478,false,יין טופז,יקבי כרמל,IL,טופז זהב,מיליליטרים,750.00,"100 מ""ל",false,,18.90,0.0252,true,1,32832
7290008801522,false,יין קונקורד,יקבי כרמל,IL,קינג דויד,מיליליטרים,750.00,"100 מ""ל",false,,19.90,0.0265,true,1,32833
7290008801546,false,יין מוסקט קינג דייוי,יקבי כרמל,IL,קינג דויד,מיליליטרים,750.00,"100 מ""ל",false,,19.90,0.0265,true,1,32835
7290008801843,false,קברנה סובניון סלקטד,יקבי כרמל,IL,סלקטד,מיליליטרים,750.00,"100 מ""ל",false,,29.90,0.0399,true,1,32836
7290008801850,false,ריזלינג סלקטד,יקבי כרמל,IL,סלקטד,מיליליטרים,750.00,"100 מ""ל",false,,29.90,0.0399,true,1,32837
7290008802291,false,מרלו פרייבט קולקשיין,יקבי כרמל,IL,Private collection,מיליליטרים,750.00,"100 מ""ל",false,,39.90,0.0532,true,1,32838
7290008802512,false,יין וינו אדום,יקבי כרמל,IL,וינו,מיליליטרים,750.00,"100 מ""ל",false,,19.90,0.0265,true,1,32839
7290008804189,false,*מבצע* קברנה סדרה אז,יקבי כרמל,IL,גליל עליון,מיליליטרים,750.00,"100 מ""ל",false,,54.90,0.0732,true,1,32841
7290008804332,false,יין שיראז פרייבט קול,יקבי כרמל,IL,Private collection,מיליליטרים,750.00,"100 מ""ל",false,,39.90,0.0532,true,1,32842
7290008805384,false,יין מוסקט סלקטד,יקבי כרמל,IL,סלקטד,מיליליטרים,750.00,"100 מ""ל",false,,29.90,0.0399,true,1,32845
7290008805520,false,יין קברנה/מרלו סלקטד,יקבי כרמל,IL,סלקטד,מיליליטרים,750.00,"100 מ""ל",false,,29.90,0.0399,true,1,32846
7290008806961,false,קרמיסימו גלידה חלבית,גלידות שטראוס,IL,קרמיסימו,ליטרים,1.33,ליטר,false,,18.90,14.2105,true,1,32937
7290008830676,false,תערובת מן הטבע,"דין שיווק וקלייה בע""",IL,תפזורת - ללא מותג,גרמים,500.00,100 גרם,false,,5.00,0.0100,true,1,24967
7290008830690,false,מובחרים מן הטבע,"דין שיווק וקלייה בע""",US,תפזורת - ללא מותג,גרמים,200.00,100 גרם,false,,10.00,0.0500,true,1,24968
7290008835435,false,בשר מס 5 חלק קפוא,sociedad anonima car,AR,בלדי,קילוגרמים,1.00,"ק""ג",true,,69.90,69.9000,true,1,66727
7290008835442,false,בשר מס 6 חלק קפוא,sociedad anonima car,AR,בלדי,קילוגרמים,1.00,"ק""ג",true,,39.90,39.9000,true,1,66714
7290008849586,false,אוליביה לכבד,אוליביה,IL,אוליביה,גרמים,310.00,100 גרם,false,,13.90,0.0448,true,1,32899
7290008849609,false,רוטב לעוף שום,אוליביה,IL,אוליביה,גרמים,330.00,100 גרם,false,,13.90,0.0421,true,1,32900
7290008866002,false,קממבר בקר אגוזים ביי,גבינות יעקבס,IL,קממבר בקר אגוזים ביי,קילוגרמים,1.00,"ק""ג",true,,120.00,120.0000,true,1,62615
7290008866033,false,גאודה עיזים 30%,גבינות יעקבס,,גאודה עיזים 30%,קילוגרמים,1.00,"ק""ג",true,,139.00,139.0000,true,1,60923
7290008866149,false,מארז ברי עיזים כמהין,גבינות יעקבס,IL,מארז ברי עיזים כמהין,קילוגרמים,1.00,"ק""ג",true,,160.00,160.0000,true,1,62612
7290008899505,false,באגט מאפית,,,בגט לבן,יח',1.00,יח',false,,4.80,4.8000,true,1,21879
7290008909846,false,פחית קולה זירו 330 מ,קוקה קולה ישראל,IL,קוקה קולה,מיליליטרים,330.00,"100 מ""ל",false,,5.00,0.0152,true,1,36359
7290008909853,false,קוקה קולה זירו 0.5,קוקה קולה ישראל,IL,קוקה קולה ZERO,מיליליטרים,500.00,"100 מ""ל",false,,6.00,0.0120,true,1,33096
7290008909860,false,קוקה קולה זירו 1.5 ל,קוקה קולה ישראל,IL,קוקה קולה ZERO,ליטרים,1.50,ליטר,false,,8.30,5.5333,true,1,33097
7290008945202,false,*מבצע* גלילונית משרד,קילט ניהול פרוייקטים,IL,גלילונית,יח',50.00,יח',false,,12.90,0.2580,true,1,33026
7290008975551,false,מטרנה מהדרין חיסכון,מטרנה,IL,מטרנה,גרמים,700.00,100 גרם,false,,49.90,0.0713,true,1,32775
7290008975780,false,בונזו גזע קטן 3 קג,"ביופט בע""מ",IL,בונזו,קילוגרמים,3.00,"ק""ג",false,,49.90,16.6333,true,1,35222
7290008989091,false,פריכיות אורז 310 גרם,"בטר אנד דיפרנט בע""מ",IL,בטר אנד דיפרנט,גרמים,310.00,100 גרם,false,,11.90,0.0384,true,1,32440
7290008989473,false,ממרח חרובים בטעם שוק,"בטר אנד דיפרנט בע""מ",IL,בטר אנד דיפרנט,גרמים,350.00,100 גרם,false,,11.90,0.0340,true,1,32442
7290009068955,false,חמניות קלופות טבעי,"דין שיווק וקלייה בע""",US,תפזורת - ללא מותג,קילוגרמים,1.00,"ק""ג",true,,45.00,45.0000,true,1,24971
7290009069518,false,ג'ינג'ר מסוכר במשקל,"דין שיווק וקלייה בע""",TH,תפזורת - ללא מותג,קילוגרמים,1.00,"ק""ג",true,,40.00,40.0000,true,1,24976
7290009069990,false,תערובות לאורז - תערו,"דין שיווק וקלייה בע""",IL,תפזורת - ללא מותג,קילוגרמים,1.00,"ק""ג",true,,100.00,100.0000,true,1,24983
7290009090024,false,תבלינים,"דין שיווק וקלייה בע""",IL,נפטון,קילוגרמים,1.00,"ק""ג",true,,200.00,200.0000,true,1,24990
7290009099461,false,פפריקה במשקל,"דין שיווק וקלייה בע""",IL,תבליני ביטון,קילוגרמים,1.00,"ק""ג",true,,35.00,35.0000,true,1,24991
7290009190991,false,עמלת משיכת מזמן,,,עמלת משיכת מזמן,יח',1.00,יח',false,,5.00,5.0000,true,1,23090
7290009951394,false,חלבה במשקל,"דין שיווק וקלייה בע""",IL,ששון הקולה,קילוגרמים,1.00,"ק""ג",true,,44.00,44.0000,true,1,24993
7290009951400,false,סוכריות גומי,"דין שיווק וקלייה בע""",ES,תפזורת - ללא מותג,קילוגרמים,1.00,"ק""ג",true,,40.00,40.0000,true,1,24994
7290009951431,false,פירות אקזוטיים אננס,"דין שיווק וקלייה בע""",TH,תפזורת - ללא מותג,קילוגרמים,1.00,"ק""ג",true,,91.00,91.0000,true,1,24997
7290009951455,false,תבלינים,"דין שיווק וקלייה בע""",IL,נפטון,קילוגרמים,1.00,"ק""ג",true,,74.00,74.0000,true,1,24998
7290009951462,false,תבלינים,"דין שיווק וקלייה בע""",IL,נפטון,קילוגרמים,1.00,"ק""ג",true,,90.00,90.0000,true,1,24999
7290009951479,false,תבלינים,"דין שיווק וקלייה בע""",IL,נפטון,קילוגרמים,1.00,"ק""ג",true,,160.00,160.0000,true,1,25000
7290009951486,false,תבלינים,"דין שיווק וקלייה בע""",IL,נפטון,קילוגרמים,1.00,"ק""ג",true,,300.00,300.0000,true,1,25001
7290009951561,false,סוכריות קשות,"דין שיווק וקלייה בע""",GB,תפזורת - ללא מותג,קילוגרמים,1.00,"ק""ג",true,,40.00,40.0000,true,1,25008
7290010023141,false,*מבצע* לימונענע,ויסוצקי,IL,ויסוצקי,גרמים,50.00,100 גרם,false,,16.90,0.3380,true,1,17836
7290010065318,false,מחית פרינוק גדול,פרוטה פודווין איי.אס,CZ,רנדי,גרמים,190.00,100 גרם,false,,5.90,0.0311,true,1,7782
7290010065332,false,מחית פרינוק גדול,פרוטה פודווין איי.אס,CZ,רנדי,גרמים,190.00,100 גרם,false,,5.90,0.0311,true,1,7783
7290010065349,false,מחית פרינוק גדול,פרוטה פודווין איי.אס,CZ,רנדי,גרמים,190.00,100 גרם,false,,5.90,0.0311,true,1,7784
7290010065745,false,מחית פרינוק גדול,פרוטה פודווין איי.אס,CZ,רנדי,גרמים,190.00,100 גרם,false,,5.90,0.0311,true,1,7788
7290010066513,false,*מבצע* פילטונה בשמן,תעשיות פילטונה,IL,פילטונה בשמן רביעיה 158 ג,גרמים,632.00,100 גרם,false,,19.90,0.0315,true,1,25373
7290010066575,false,*מבצע* פילטונה במים,תעשיות פילטונה,IL,פילטונה במים רביעיה 158 ג,גרמים,632.00,100 גרם,false,,19.90,0.0315,true,1,25374
7290010066582,false,*מבצע* פילטונה רביעי,תעשיות פילטונה,IL,פילטונה רביעיה בשמן קנולה,גרמים,632.00,100 גרם,false,,19.90,0.0315,true,1,25375
7290010066599,false,פילטונה רביעיה בשמן,תעשיות פילטונה,IL,פילטונה רביעיה בשמן זית 1,גרמים,632.00,100 גרם,false,,27.90,0.0441,true,1,25376
7290010066957,false,נתחי טונה בשמן צמחי,,,פרינס,גרמים,960.00,100 גרם,false,,29.90,0.0311,true,1,25377
7290010116980,false,שוקולית 850 גרם,שטראוס גרופ,IL,עלית,גרמים,850.00,100 גרם,false,,15.90,0.0187,true,1,14691
7290010117864,false,דוריטוס חריף אש 70 ג,שטראוס פריטו ליי (מל,IL,עלית,גרמים,70.00,100 גרם,false,,3.50,0.0500,true,1,15275
7290010118328,false,מארז תפוציפס שישיה 6,שטראוס פריטו ליי (מל,IL,תפוציפס,גרמים,240.00,100 גרם,false,,12.90,0.0538,true,1,15278
7290010124107,false,סטייק בורגר 400 גרם,בלדי,IL,בלדי,גרמים,400.00,100 גרם,false,,15.90,0.0398,true,1,50402
7290010124190,false,שניצל בקר מלינסה 250,בלדי,IL,בלדי,גרמים,250.00,100 גרם,false,,12.90,0.0516,true,1,50403
7290010124213,false,סינטה בקר דק דק 250,בלדי,IL,בלדי,גרמים,250.00,100 גרם,false,,16.90,0.0676,true,1,50404
7290010124503,false,שומן כבש 200 גרם.,בלדי,IL,בלדי,גרמים,200.00,100 גרם,false,,11.90,0.0595,true,1,20712
7290010153503,false,שעועית בובס 400 גרם,"מיה תעשיות מזון בע""מ",IL,מיה,גרמים,400.00,100 גרם,false,,7.90,0.0198,true,1,13379
7290010153510,false,בורגול 500 גרם,"מיה תעשיות מזון בע""מ",IL,מיה,גרמים,500.00,100 גרם,false,,3.90,0.0078,true,1,13380
7290010153695,false,פול גדול 400 גרם,"מיה תעשיות מזון בע""מ",IL,מיה,גרמים,400.00,100 גרם,false,,7.90,0.0198,true,1,13383
7290010154005,false,סחוג תימני 250 גר,תבליני יוחאי ביטון,IL,תבליני יוחאי ביטון,גרמים,250.00,100 גרם,false,,12.90,0.0516,true,1,14058
7290010154012,false,לימון כבוש 250 גרם,תבליני יוחאי ביטון,IL,תבליני יוחאי ביטון,גרמים,250.00,100 גרם,false,,12.90,0.0516,true,1,14059
7290010154029,false,אריסה מתוקה 250 גר,תבליני יוחאי ביטון,IL,תבליני יוחאי ביטון,גרמים,250.00,100 גרם,false,,12.90,0.0516,true,1,14060
7290010154036,false,עמבה 250 גר,תבליני יוחאי ביטון,IL,תבליני יוחאי ביטון,גרמים,250.00,100 גרם,false,,12.90,0.0516,true,1,14061
7290010154241,false,חזרת ביתית 250 גר,תבליני יוחאי ביטון,IL,תבליני יוחאי ביטון,גרמים,250.00,100 גרם,false,,12.90,0.0516,true,1,14062
7290010154265,false,פלפל צומה 250 ביטון,תבליני יוחאי ביטון,IL,תבליני יוחאי ביטון,גרמים,250.00,100 גרם,false,,12.90,0.0516,true,1,14063
7290010154418,false,סחוג אדום 130 גרם בי,תבליני יוחאי ביטון,IL,ביטון,גרמים,130.00,100 גרם,false,,7.90,0.0608,true,1,14064
7290010154425,false,סחוג ירוק 130 גרם בי,תבליני יוחאי ביטון,IL,ביטון,גרמים,130.00,100 גרם,false,,7.90,0.0608,true,1,14065
7290010154555,false,ממרח לימון כבוש 250,תבליני יוחאי ביטון,IL,תבליני יוחאי ביטון,גרמים,250.00,100 גרם,false,,12.90,0.0516,true,1,14067
7290010154678,false,אריסה מרוקאית 250 גר,תבליני יוחאי ביטון,IL,תבליני יוחאי ביטון,גרמים,250.00,100 גרם,false,,12.90,0.0516,true,1,31140
7290010154685,false,סלט שום כתוש 250 גרם,תבליני יוחאי ביטון,IL,תבליני יוחאי ביטון,גרמים,250.00,100 גרם,false,,12.90,0.0516,true,1,31141
7290010154692,false,סחוג אדום  250 גר,תבליני יוחאי ביטון,IL,תבליני יוחאי ביטון,גרמים,250.00,100 גרם,false,,12.90,0.0516,true,1,59458
7290010163069,false,צנובר 100 גרם,"דין שיווק וקלייה בע""",TR,ששון הקולה,גרמים,100.00,100 גרם,false,,19.90,0.1990,true,1,3291
7290010237548,false,פפסי מקס בקבוק 500 מ,טמפו,IL,פפסי מקס,מיליליטרים,500.00,"100 מ""ל",false,,3.90,0.0078,true,1,12067
7290010237784,false,*מבצע* מכבי שנדי 330,טמפו,IL,שנדי,ליטרים,1.98,ליטר,false,,27.90,14.0909,true,1,12075
7290010237890,false,בירה הייניקן חוזר,טמפו,IL,היינקן,מיליליטרים,500.00,"100 מ""ל",false,,8.90,0.0178,true,1,12078
7290010259830,false,מנת השף נודלס סיני,נמצ'או,TH,וילי פוד,גרמים,70.00,100 גרם,false,,4.90,0.0700,true,1,11183
7290010259847,false,מנת השף נודלס תירס,נמצ'או,TH,וילי פוד,גרמים,70.00,100 גרם,false,,4.90,0.0700,true,1,11184
7290010259854,false,מנת השף נודלס פטריות,נמצ'או,TH,וילי פוד,גרמים,70.00,100 גרם,false,,4.90,0.0700,true,1,11185
7290010259991,false,*מבצע* צנימים 250 ג,דן קייק,PT,וילי פוד,גרמים,250.00,100 גרם,false,,6.90,0.0276,true,1,11190
7290010328093,false,ממרח חלוה 400 גרם,"אחדות ביח""ר לטחינה ח",IL,אחוה,גרמים,400.00,100 גרם,false,,10.70,0.0267,true,1,4260
7290010328246,false,טחינה משומשום מלא אח,"אחדות ביח""ר לטחינה ח",IL,אחוה,גרמים,500.00,100 גרם,false,,10.90,0.0218,true,1,4263
7290010328253,false,טחינה אחוה 500 גרם,"אחדות ביח""ר לטחינה ח",IL,אחוה,גרמים,500.00,100 גרם,false,,10.90,0.0218,true,1,4264
7290010328505,false,חטיפי מיני חלוה ללא,"אחדות ביח""ר לטחינה ח",IL,אחוה,גרמים,150.00,100 גרם,false,,9.90,0.0660,true,1,4269
7290010328680,false,עוגה בטעם שוקולד עם,"אחדות ביח""ר לטחינה ח",IL,אחוה,גרמים,450.00,100 גרם,false,,9.90,0.0220,true,1,4275
7290010328710,false,קצפיות במגש 180 גרם,"אחדות ביח""ר לטחינה ח",IL,אחוה,גרמים,180.00,100 גרם,false,,7.90,0.0439,true,1,4278
7290010328819,false,ממרח שומשום בטעם שוק,"אחדות ביח""ר לטחינה ח",IL,אחוה,גרמים,400.00,100 גרם,false,,10.70,0.0267,true,1,4286
7290010471669,false,דנונה בר תות קורנפלק,שטראוס גרופ,IL,שטראוס,גרמים,175.00,100 גרם,false,,4.60,0.0263,true,1,16365
7290010472307,false,גמדים לשתיה שמינייה,שטראוס גרופ,IL,שטראוס,גרמים,864.00,100 גרם,false,,19.90,0.0230,true,1,16369
7290010513703,false,צ'ופסטיקס צפצפה,guilin fengzhu tradi,CN,מזרח ומערב,יח',20.00,יח',false,,6.90,0.3450,true,1,26370
7290010535408,false,קופסא למברשות שיניים,,,קופסא למברשות שיניים,יח',1.00,יח',false,,13.90,13.9000,true,1,54367
7290010627004,false,טחינה ירושלים 500 גר,טחינה ירושלים בעמ,IL,טחינה ירושלים,גרמים,500.00,100 גרם,false,,16.90,0.0338,true,1,17844
7290010627844,false,טחינה ירושלים 500 גר,טחינה ירושלים בעמ,IL,טחינה ירושלים,גרמים,500.00,100 גרם,false,,16.90,0.0338,true,1,17845
7290010632121,false,כוס אימון עם ידיות ו,B.B.N.M.F.,CN,טוליפס,יח',1.00,יח',false,,16.90,16.9000,true,1,5874
7290010632633,false,מוצץ גומי בליסטר 3יח,B.R Works,IN,טוליפס,יח',3.00,יח',false,,12.90,4.3000,true,1,5893
7290010632640,false,מוצץ גומי בליסטר 3יח,B.R Works,IN,טוליפס,יח',3.00,יח',false,,12.90,4.3000,true,1,5894
7290010632787,false,צימרוני אוזניים עץ 3,L.Y.Q. Tradi,CN,כוטון סופט,יח',300.00,יח',false,,3.90,0.0130,true,1,5898
7290010650019,false,אנדיב/עולש,פמילי,IL,אנדיב/עולש,גרמים,220.00,100 גרם,false,,11.90,0.0541,true,1,7464
7290010650033,false,בצלי שלוט,פנחס,IL,בצלי שלוט,גרמים,350.00,100 גרם,false,,10.90,0.0311,true,1,7466
7290010650040,false,פטריות שיטאקי טרי,"פנטה אמפאק בע""מ",IL,פטריות שיטאקי טרי,גרמים,100.00,100 גרם,false,,9.90,0.0990,true,1,7467
7290010650194,false,גינגר יח',"פסח בא בע""מ",IL,גינגר מגשית 250 גרם,גרמים,250.00,100 גרם,false,,7.90,0.0316,true,1,7473
7290010650255,false,לקט פטריות למרק,,,לקט פטריות למרק,גרמים,25.00,100 גרם,false,,9.90,0.3960,true,1,7474
7290010650279,false,לקט פטריות לפסטה,,,לקט פטריות לפסטה,גרמים,25.00,100 גרם,false,,9.90,0.3960,true,1,7475
7290010650354,false,שורש כורכום טרי ארוז,פסטה לנסי,IL,שורש כורכום טרי ארוז,גרמים,120.00,100 גרם,false,,10.90,0.0908,true,1,7476
7290010650385,false,ליים ארוז 400 גרם,פסטה נונה,IL,ליים ארוז 400 גרם,גרמים,400.00,100 גרם,false,,10.90,0.0273,true,1,719
7290010650668,false,גבעול למון גראס טרי,,,גבעול למון גראס טרי,גרמים,140.00,100 גרם,false,,9.90,0.0707,true,1,7480
7290010650767,false,אנדיב אדום 220 גרם,פמילי,IL,אנדיב/עולש,גרמים,220.00,100 גרם,false,,17.90,0.0814,true,1,52509
7290010650798,false,תבשיל בורגול ופטריות,,,תבשיל בורגול ופטריות,גרמים,140.00,100 גרם,false,,13.90,0.0993,true,1,52510
7290010650804,false,תבשיל פתיתים ופטריות,,,תבשיל פתיתים ופטריות,גרמים,140.00,100 גרם,false,,13.90,0.0993,true,1,52511
7290010650828,false,פטריות שי-מגי לבן,עינת תעשיות מזון אגו,IL,פטריות שי-מגי,גרמים,150.00,100 גרם,false,,11.90,0.0793,true,1,47038
7290010650866,false,אספרגוס ירוק ארוז במ,,,אספרגוס ירוק ארוז במ,גרמים,300.00,100 גרם,false,,27.90,0.0930,true,1,53912
7290010650996,false,פטריות שי-מגי חומות,עינת תעשיות מזון אגו,IL,פטריות שי-מגי,גרמים,150.00,100 גרם,false,,11.90,0.0793,true,1,59452
7290010656592,false,תירוש 100% טהור אפרת,,,תירוש 100% טהור אפרת,ליטרים,1.00,ליטר,false,,15.90,15.9000,true,1,12618
7290010656615,false,תירוש 1 ל לבן אפרת,,,תירוש 1 ל לבן אפרת,ליטרים,1.00,ליטר,false,,15.90,15.9000,true,1,12619
7290010672868,false,מאפינס וניל שוקו ציפ,,,מאפינס וניל שוקו ציפ,גרמים,350.00,100 גרם,false,,11.90,0.0340,true,1,21898
7290010711123,false,4 כריות מתכת Shiny,מ.א ייצור ושיווק מטל,CN,Shiny,יח',4.00,יח',false,,6.90,1.7250,true,1,6062
7290010711208,false,גליל מטליות צהוב 40,נועם אורים תעשיות בע,IL,Shiny,יח',40.00,יח',false,,16.90,0.4225,true,1,6063
7290010711932,false,9 מטליות רב שימושיות,נועם אורים תעשיות בע,IL,Shiny,יח',9.00,יח',false,,6.90,0.7667,true,1,6071
7290010718627,false,*מבצע* סבון נוזלי 1,סאסא קוסמטיקס,IL,פנינה רוזנבלום בע'מ,ליטרים,1.00,ליטר,false,,8.90,8.9000,true,1,15627
7290010718634,false,*מבצע* סבון נוזלי 1,סאסא קוסמטיקס,IL,פנינה רוזנבלום בע'מ,ליטרים,1.00,ליטר,false,,8.90,8.9000,true,1,15628
7290010719013,false,"שמן זית אחיה 750מ""ל",ארץ זית שמן מובחר -,IL,משק אחיה,מיליליטרים,750.00,"100 מ""ל",false,,38.90,0.0519,true,1,2185
7290010748860,false,*מבצע* קרם ידים אפקט,"ד""ר פישר",IL,אפקטיב קר,מיליליטרים,150.00,"100 מ""ל",false,,11.90,0.0793,true,1,13474
7290010757909,false,בורקס גבינה ללא גלוט,מאפיית אריאל,IL,בורקס גבינה ללא גלוט,גרמים,500.00,100 גרם,false,,19.90,0.0398,true,1,61598
7290010757961,false,ג'חנון ללא גלוטן 450,מאפיית אריאל,IL,ג'חנון ללא גלוטן 450,גרמים,450.00,100 גרם,false,,19.90,0.0442,true,1,61603
7290010760893,false,"מאפה עלים תפו""א כשל""",,,"בורקס תפו""א כשל""פ 600 גרם",גרמים,600.00,100 גרם,false,,21.90,0.0365,true,1,14170
7290010766185,false,אוליביה ר.פסטה עגבני,אוליביה,IL,אוליביה,גרמים,420.00,100 גרם,false,,13.90,0.0331,true,1,7805
7290010766307,false,רוטב לפסטה בולנז,אוליביה,IL,אוליביה,גרמים,420.00,100 גרם,false,,13.90,0.0331,true,1,7807
7290010766949,false,ממרח ארטישוק,אוליביה,IL,אוליביה,גרמים,180.00,100 גרם,false,,13.90,0.0772,true,1,7810
7290010766956,false,ממרח פלפלים קלו,אוליביה,IL,אוליביה,גרמים,180.00,100 גרם,false,,13.90,0.0772,true,1,7811
7290010770762,false,מברשת אקווה פרש,גלקסוסמיתקליין,DE,אקווה פרש,יח',1.00,יח',false,,4.90,4.9000,true,1,10775
7290010777006,false,לחמניות כוסמין 6 יח',,,פיתות 10 יח,יח',6.00,יח',false,,14.90,2.4833,true,1,58543
7290010777082,false,פיתות עשיריה אופים,פיתה אקספרס,IL,פיתה אקספרס,יח',10.00,יח',false,,12.90,1.2900,true,1,7503
7290010777150,false,פיתות שאשא חיטה מלאה,פיתה אקספרס,IL,פיתה אקספרס,יח',6.00,יח',false,,13.90,2.3167,true,1,7505
7290010777242,false,פיתות 10 יח',,,פיתות 10 יח,יח',10.00,יח',false,,15.90,1.5900,true,1,7507
7290010777297,false,פיתות עשיריה אופים,פיתה אקספרס,IL,פיתה אקספרס,יח',10.00,יח',false,,12.90,1.2900,true,1,7509
7290010777358,false,פיתה 100% כוסמין מלא,פיתה אקספרס,IL,פיתה אקספרס,יח',8.00,יח',false,,15.90,1.9875,true,1,7511
7290010777488,false,פיתה מחמצת 100% קמח,,IL,שאשא,יח,10.00,יח,false,,15.90,1.5900,true,1,62914
7290010777525,false,פיתות 100% כוסמין מל,פיתה אקספרס,IL,פיתות 100% כוסמין מל,גרמים,300.00,100 גרם,false,,15.90,0.0530,true,1,62076
7290010814268,false,שלשות שוקולד לבן 85X,כרמית,,שוקולד לבן שלשות כרמית,גרמים,255.00,100 גרם,false,,9.90,0.0388,true,1,11820
7290010814695,false,שוקולד מריר פרווה לל,כרמית,IL,אגו,גרמים,85.00,100 גרם,false,,4.90,0.0576,true,1,11823
7290010814701,false,שוקולד חלב ללא סוכר,כרמית,IL,אגו,גרמים,85.00,100 גרם,false,,4.90,0.0576,true,1,11824
7290010838219,false,ממתיק סטיביה 100 שקי,קיפל,IL,מרמולייט,יח',100.00,יח',false,,29.90,0.2990,true,1,8845
7290010838424,false,דאק נוזל רענון זוג 2,SC Jonson,NL,דאק,ליטרים,1.50,ליטר,false,,18.90,12.6000,true,1,8846
7290010838431,false,דאק נוזל ים זוג 2*75,SC Jonson,NL,דאק,ליטרים,1.50,ליטר,false,,18.90,12.6000,true,1,8847
7290010883356,false,כפפות אלוורה,Z.H.RUBBER,CN,סנו סושי,יח',2.00,יח',false,,9.90,4.9500,true,1,9975
7290010883363,false,כפפות אלוורה,Z.H.RUBBER,CN,סנו סושי,יח',2.00,יח',false,,9.90,4.9500,true,1,9976
7290010883370,false,כפפות אלוורה,Z.H.RUBBER,CN,סנו סושי,יח',2.00,יח',false,,9.90,4.9500,true,1,9977
7290010931330,false,מטבוחה 500,שטראוס גרופ,IL,שטראוס,גרמים,500.00,100 גרם,false,,13.90,0.0278,true,1,16373
7290010945146,false,קוטג' 3% 250 גרם-נעם,טרה,IL,טרה,גרמים,250.00,100 גרם,false,,5.50,0.0220,true,1,16063
7290010945450,false,גבינה לבנה 250 גרם 3,טרה,IL,טרה,גרמים,250.00,100 גרם,false,,4.80,0.0192,true,1,16065
7290011015862,false,סירופ פריגת דיאט לימ,סירופ - גבעת חיים,IL,סירופ דיאט,מיליליטרים,750.00,"100 מ""ל",false,,21.90,0.0292,true,1,9603
7290011017866,false,פחית קוקה קולה 330 מ,קוקה קולה ישראל,IL,קוקה קולה,מיליליטרים,330.00,"100 מ""ל",false,,5.00,0.0152,true,1,9609
7290011017873,false,פחית קולה זירו 330 מ,קוקה קולה ישראל,IL,קוקה קולה ZERO,מיליליטרים,330.00,"100 מ""ל",false,,5.00,0.0152,true,1,9610
7290011018184,false,פיוזטי אפרסק 500 מל,FUZE TEA,IL,FUZE TEA,מיליליטרים,500.00,"100 מ""ל",false,,6.00,0.0120,true,1,9613
7290011018214,false,פיוז טי תה קר בטעם מ,,,פיוז טי תה קר בטעם מ,מיליליטרים,500.00,"100 מ""ל",false,,6.00,0.0120,true,1,67931
7290011026066,false,סרקל 1 ליטר 2ב-1,"ד""ר פישר",IL,סרקל,ליטרים,1.00,ליטר,false,,28.90,28.9000,true,1,13478
7290011081492,false,קרמיסימו 1.33 ליטר,,IL,קרמיסימו 1.33 ליטר,ליטרים,1.33,ליטר,false,,18.90,14.2105,true,1,8246
7290011115241,false,סבון נקה מוצק רביעיה,"גליל כימיכלים בע""מ",IL,נקה 7,גרמים,400.00,100 גרם,false,,10.90,0.0273,true,1,9986
7290011115258,false,סבון נקה מוצק רביעיה,"גליל כימיכלים בע""מ",IL,נקה 7,גרמים,400.00,100 גרם,false,,10.90,0.0273,true,1,9987
7290011115265,false,סבון נקה מוצק רביעיה,"גליל כימיכלים בע""מ",IL,נקה 7,גרמים,400.00,100 גרם,false,,10.90,0.0273,true,1,9988
7290011115289,false,סבון נקה מוצק רביעיה,"גליל כימיכלים בע""מ",IL,נקה 7,גרמים,400.00,100 גרם,false,,10.90,0.0273,true,1,9990
7290011115296,false,סבון נקה מוצק רביעיה,,,סבון נקה מוצק רביעיה,גרמים,400.00,100 גרם,false,,10.90,0.0273,true,1,9991
7290011126209,false,*מבצע* תפוח קינמון ס,ויסוצקי,IL,ויסוצקי,גרמים,115.00,100 גרם,false,,16.90,0.1470,true,1,17846
7290011126469,false,*מבצע* קמומיל ודבש,ויסוצקי,IL,ויסוצקי,גרמים,38.00,100 גרם,false,,16.90,0.4447,true,1,17852
7290011126957,false,*מבצע* תה ירוק ארל ג,ויסוצקי,IL,ויסוצקי,גרמים,937.50,100 גרם,false,,17.90,0.0191,true,1,17856
7290011142001,false,לחם שיפון בורודינסקי,,,לחם דואט 550 גרם,גרמים,550.00,100 גרם,false,,11.90,0.0216,true,1,23581
7290011142018,false,לחם שיפון נבסקי 600,,,לחם שיפון נבסקי 600 גרם,גרמים,600.00,100 גרם,false,,11.90,0.0198,true,1,23582
7290011142025,false,לחם שיפון דואט 600 ג,,,לחם שיפון דואט 600 גרם,גרמים,600.00,100 גרם,false,,11.90,0.0198,true,1,23583
7290011142032,false,לחם שיפון קל בורודינ,,,לחם שיפון קל בורודינסקי 6,גרמים,630.00,100 גרם,false,,11.90,0.0189,true,1,23584
7290011142049,false,לחם קל לבריאות 630 ג,,,לחם קל לבריאות 630 גרם,גרמים,630.00,100 גרם,false,,11.90,0.0189,true,1,23585
7290011142148,false,לחמניות המבורגר שמינ,,,לחמניות המבורגר שמינ,גרמים,450.00,100 גרם,false,,10.90,0.0242,true,1,23591
7290011142193,false,לחמניות עם צימוקים ר,,,לחמניות עם צימוקים רביעיה,גרמים,400.00,100 גרם,false,,11.90,0.0298,true,1,23593
7290011142315,false,לחם פרנה רביעייה 550,,,לחם פרנה רביעייה 550 גרם,גרמים,550.00,100 גרם,false,,13.90,0.0253,true,1,23594
7290011142407,false,"לחם 7 דגנים 1 ק""ג",,,"לחם שבעה דגנים 1.100 ק""ג",קילוגרמים,1.10,"ק""ג",false,,15.90,14.4545,true,1,23595
7290011142445,false,לחם כוסמין בריוש 600,אלון חברה ליצור שיוו,IL,לחם כוסמין בריוש 600,גרמים,620.00,100 גרם,false,,14.90,0.0240,true,1,35662
7290011142650,false,לחם 100% שיפון 900 ג,,IL,לחם 100% שיפון 900 ג,גרמים,900.00,100 גרם,false,,15.90,0.0177,true,1,30278
7290011148959,false,פלפל טינקרבל יח',קוליוס,IL,פלפל טינקרבל,גרמים,200.00,100 גרם,false,,8.90,0.0445,true,1,734
7290011154035,false,תרכיז תפוחיים סחוט 5,טעמי הגליל,IL,תרכיז תפוחיים סחוט 5,מיליליטרים,500.00,"100 מ""ל",false,,21.90,0.0438,true,1,53998
7290011194215,false,דניאלה בננה,שטראוס גרופ,IL,שטראוס,מיליליטרים,150.00,"100 מ""ל",false,,4.10,0.0273,true,1,16374
7290011194246,false,קוטג'  5% 250 גרם,שטראוס גרופ,IL,שטראוס,גרמים,250.00,100 גרם,false,,5.90,0.0236,true,1,16375
7290011223038,false,עלים לקרמשניט 300 גר,Bonomi,IT,וונט וונט,גרמים,300.00,100 גרם,false,,14.90,0.0497,true,1,8852
7290011223205,false,"ריבת חלב כשל""פ (אשבל",DULCOR,AR,דלוקור,גרמים,454.00,100 גרם,false,,14.90,0.0328,true,1,8858
7290011223229,false,דאק ג'ל אסלה טיפות ט,DEOFLOR,IT,דאק,מיליליטרים,55.00,"100 מ""ל",false,,9.90,0.1800,true,1,8859
7290011223243,false,דאק ג'ל אסלה לבנדר 5,DEOFLOR,IT,דאק,מיליליטרים,55.00,"100 מ""ל",false,,9.90,0.1800,true,1,8860
7290011249212,false,וופל בלגי עלמה 200 ג,"גילרו בע""מ",IL,וופל בלגי עלמה 200 ג,גרמים,200.00,100 גרם,false,,2.90,0.0145,true,1,8555
7290011249748,false,רולים במילוי 100 גרם,"גילרו בע""מ",IL,גילרו,גרמים,100.00,100 גרם,false,,2.90,0.0290,true,1,8561
7290011249755,false,רולים במילוי 100 גרם,"גילרו בע""מ",IL,גילרו,גרמים,100.00,100 גרם,false,,2.90,0.0290,true,1,8562
7290011254018,false,שעועית מש 500 גרם,"מיה תעשיות מזון בע""מ",IL,מיה,גרמים,500.00,100 גרם,false,,7.90,0.0158,true,1,13392
7290011254025,false,דוחן 500 גרם,"מיה תעשיות מזון בע""מ",IL,מיה,גרמים,500.00,100 גרם,false,,6.90,0.0138,true,1,13393
7290011254032,false,קינואה 500 גרם,"מיה תעשיות מזון בע""מ",IL,מיה,גרמים,500.00,100 גרם,false,,9.90,0.0198,true,1,13394
7290011254254,false,שוקולד ציפס 300 גרם,"מיה תעשיות מזון בע""מ",IL,מיה,גרמים,300.00,100 גרם,false,,6.90,0.0230,true,1,13398
7290011254605,false,תערובת קדירה לקט לחמ,"מיה תעשיות מזון בע""מ",IL,מיה,גרמים,600.00,100 גרם,false,,9.90,0.0165,true,1,13400
7290011254612,false,תערובת קדירה לקט ברי,"מיה תעשיות מזון בע""מ",IL,מיה,גרמים,600.00,100 גרם,false,,9.90,0.0165,true,1,13401
7290011254728,false,ג'לטין טהור 25 גרם,"מיה תעשיות מזון בע""מ",IL,מיה,גרמים,25.00,100 גרם,false,,9.90,0.3960,true,1,13404
7290011254766,false,שעועית לוביה 400 גרם,"מיה תעשיות מזון בע""מ",IL,מיה,גרמים,500.00,100 גרם,false,,7.90,0.0158,true,1,13406
7290011254773,false,שעועית ארגנטינאית 50,"מיה תעשיות מזון בע""מ",IL,מיה,גרמים,500.00,100 גרם,false,,7.90,0.0158,true,1,13407
7290011254780,false,שעועית ארגנטינאית 1,"מיה תעשיות מזון בע""מ",IL,מיה,קילוגרמים,1.00,"ק""ג",false,,14.90,14.9000,true,1,13408
7290011300975,false,"סבון נוזלי 500 מ""ל",סאסא קוסמטיקס,IL,פנינה רוזנבלום בע'מ,מיליליטרים,500.00,"100 מ""ל",false,,5.90,0.0118,true,1,15629
7290011332983,false,*מבצע* מגבון אף שליש,"ד""ר פישר",IL,קמיל בלו,יח',90.00,יח',false,,19.90,0.2211,true,1,13479
7290011369224,false,קומלפט למקלחת לידר,,,קומלפט למקלחת לידר,יח',1.00,יח',false,,59.90,59.9000,true,1,23488
7290011369736,false,מזלף למקלחת טיפות,,,מזלף למקלחת טיפות,יח',1.00,יח',false,,27.90,27.9000,true,1,23494
7290011378028,false,חלבה ללא סוכר 350 גר,רושדי תעשיות מזון,IL,חלבה ללא סוכר 350 גר,גרמים,350.00,100 גרם,false,,14.90,0.0426,true,1,4862
7290011378233,false,"לל""ס מאגדת 6 יחידות",רושדי תעשיות מזון,IL,"לל""ס מאגדת 6 יחידות חטיף",יח',6.00,יח',false,,11.90,1.9833,true,1,4863
7290011378257,false,"לל""ס מאגדת 6 יחידות",רושדי תעשיות מזון,IL,"לל""ס מאגדת 6 יחידות חטיף",יח',6.00,יח',false,,11.90,1.9833,true,1,4864
7290011378769,false,מאגדת חטיף חלבה- וני,רושדי תעשיות מזון,IL,מאגדת חטיף חלבה- וניל,גרמים,126.00,100 גרם,false,,11.90,0.0944,true,1,4866
7290011378776,false,מאגדת חטיף חלבה - פי,רושדי תעשיות מזון,IL,מאגדת חטיף חלבה - פיסטוק,גרמים,126.00,100 גרם,false,,11.90,0.0944,true,1,4867
7290011379018,false,מארז פטריות זוג,,IL,מארז פטריות זוג,יח',1.00,יח',false,,15.90,15.9000,true,1,7147
7290011379926,false,סלרי עלים יח',,,סלרי עלים יח',יח,1.00,יח,false,,4.90,4.9000,true,1,51512
7290011417284,false,שום ישראלי יחידה,,,שום ישראלי יחידה,יח,1.00,יח,false,,4.90,4.9000,true,1,55675
7290011438142,false,"אייס קפה 350 מ""ל",שטראוס גרופ,IL,יטבתה,מיליליטרים,350.00,"100 מ""ל",false,,6.20,0.0177,true,1,16381
7290011447267,false,מטרנה חלבי חיסכון של,מטרנה,IL,מטרנה,גרמים,700.00,100 גרם,false,,49.90,0.0713,true,1,4872
7290011447281,false,מטרנה חלבי שלב 2 חיס,מטרנה,IL,מטרנה,גרמים,700.00,100 גרם,false,,49.90,0.0713,true,1,4873
7290011447304,false,מטרנה חלבי שלב 3 חיס,מטרנה,IL,מטרנה,גרמים,700.00,100 גרם,false,,49.90,0.0713,true,1,4874
7290011447359,false,מטרנה מהדרין שלב 1 ח,מטרנה,IL,מטרנה,גרמים,700.00,100 גרם,false,,49.90,0.0713,true,1,4875
7290011447373,false,מטרנה מהדרין שלב 2 ח,מטרנה,IL,מטרנה,גרמים,700.00,100 גרם,false,,49.90,0.0713,true,1,4876
7290011473204,false,'עדש. ירוק 500ג,ארוז ע' תבואות,TR,תבואות,גרמים,500.00,100 גרם,false,,15.90,0.0318,true,1,7821
7290011473242,false,פשתן זרעים 500ג,ארוז ע' תבואות,US,תבואות,גרמים,500.00,100 גרם,false,,9.90,0.0198,true,1,7823
7290011473273,false,בורגול מלא  500 ג,,TR,?????? ?????? 500 ?,גרמים,500.00,100 גרם,false,,8.90,0.0178,true,1,59922
7290011473433,false,כוסמת אורגנית 500 ג,אורז ע'י,CN,תבואות,גרמים,500.00,100 גרם,false,,9.90,0.0198,true,1,7832
7290011473655,false,ס.קנים 1 קילו,ארוז ע' תבואות,BR,תבואות,קילוגרמים,1.00,"ק""ג",false,,10.90,10.9000,true,1,7836
7290011473952,false,קוואקר 400 ג,ארוז ע' תבואות,GB,??????,גרמים,400.00,100 גרם,false,,5.90,0.0148,true,1,15819
7290011499051,false,פטה כבשים 250גר,גדישון,IL,מחלבות גד,גרמים,250.00,100 גרם,false,,26.90,0.1076,true,1,13730
7290011499105,false,בולגרית 5% 250 גרם,דשן,IL,מחלבות גד,גרמים,250.00,100 גרם,false,,23.90,0.0956,true,1,13731
7290011499112,false,בולגרית גד 16% 250גר,דשן,IL,מחלבות גד,גרמים,250.00,100 גרם,false,,23.90,0.0956,true,1,13732
7290011499129,false,בולגרית קוביות,דשן,IL,מחלבות גד,גרמים,200.00,100 גרם,false,,22.90,0.1145,true,1,13733
7290011499303,false,פטה עיזים מעודנת 5%,דשן,IL,מחלבות גד,גרמים,250.00,100 גרם,false,,31.90,0.1276,true,1,13737
7290011499327,false,בולגרית מעודנת חלב ב,דשן,IL,מחלבות גד,גרמים,250.00,100 גרם,false,,23.90,0.0956,true,1,13739
7290011499358,false,פטה עיזים 200 גרם,טבע עז,IL,מחלבות גד,גרמים,200.00,100 גרם,false,,26.90,0.1345,true,1,13742
7290011499365,false,גבינת חלומי 200 גרם,מחלבות גד,IL,מחלבות גד,גרמים,200.00,100 גרם,false,,21.90,0.1095,true,1,13743
7290011499419,false,גבינה במרקם שמנת 5%,מחלבות גד,IL,מחלבות גד,גרמים,200.00,100 גרם,false,,11.90,0.0595,true,1,13745
7290011499525,false,לבנה 9% 500 גרם,מחלבות גד,IL,מחלבות גד,גרמים,500.00,100 גרם,false,,19.90,0.0398,true,1,13748
7290011499624,false,גבינת שמנת ניו יורק,מחלבות גד,IL,מחלבות גד,גרמים,200.00,100 גרם,false,,12.90,0.0645,true,1,13749
7290011499846,false,ריקוטה פרסקה 9% 300,מחלבות גד,IL,מחלבות גד,גרמים,300.00,100 גרם,false,,18.90,0.0630,true,1,13754
7290011499853,false,גבינת שמנת זיתים 30%,מחלבות גד,IL,מחלבות גד,גרמים,200.00,100 גרם,false,,12.90,0.0645,true,1,13755
7290011502867,false,גרנולה 500 גרם,"דין שיווק וקלייה בע""",IL,ששון הקולה,גרמים,500.00,100 גרם,false,,12.90,0.0258,true,1,3298
7290011502874,false,גרנולה 500 גרם,"דין שיווק וקלייה בע""",IL,שקדיה,גרמים,500.00,100 גרם,false,,12.90,0.0258,true,1,3299
7290011505806,false,קיסמי שיניים דנטאליי,W.H.J.C. Co,CN,הוסטס,יח',200.00,יח',false,,7.90,0.0395,true,1,5923
7290011514075,false,סט תפירה קטן,,,סט תפירה קטן,יח',1.00,יח',false,,9.90,9.9000,true,1,23495
7290011514273,false,מתקן לסקוטש ואקום,,,מתקן לסקוטש ואקום,יח',1.00,יח',false,,9.90,9.9000,true,1,23499
7290011514280,false,וואקום סקוטש פתוח,,,וואקום סקוטש פתוח,יח',1.00,יח',false,,6.90,6.9000,true,1,23500
7290011514440,false,קולב על דלת,,,קולב על דלת,יח',1.00,יח',false,,29.90,29.9000,true,1,23504
7290011514464,false,גומיות צבעוניות,,,גומיות צבעוניות,יח',1.00,יח',false,,7.90,7.9000,true,1,23505
7290011514594,false,מסננים לכיור-זוג,,,מסננים לכיור-זוג,יח',2.00,יח',false,,7.90,3.9500,true,1,23510
7290011514648,false,וואקום מחולק לשניים,,,וואקום מחולק לשניים,יח',1.00,יח',false,,10.90,10.9000,true,1,23512
7290011514709,false,זוג מתלים וואקום,,,זוג מתלים וואקום,יח',2.00,יח',false,,9.90,4.9500,true,1,23514
7290011514990,false,מספריים מקצועיות,,,מספריים מקצועיות,יח',1.00,יח',false,,10.90,10.9000,true,1,23521
7290011515683,false,אקסטרים וניל 6 יח',גלידות נסטלה,IL,אקסטרים,יח',6.00,יח',false,,32.90,5.4833,true,1,14280
7290011515911,false,לייט ריבת חלב 6 יח’,גלידות נסטלה,IL,גלידות נסטלה,יח',6.00,יח',false,,28.90,4.8167,true,1,14281
7290011518561,false,אקטימל 14 תות,שטראוס גרופ,IL,שטראוס,ליטרים,1.40,ליטר,false,,29.90,21.3571,true,1,16388
7290011524548,false,גרגירי חומוס 800ג,"פרי הגליל בע""""מ",IL,פרי הגליל,גרמים,800.00,100 גרם,false,,9.90,0.0124,true,1,15572
7290011524555,false,שעועית לבנה 800ג,"פרי הגליל בע""""מ",IL,פרי הגליל,גרמים,800.00,100 גרם,false,,11.90,0.0149,true,1,15573
7290011524968,false,"פולי סויה 1ק""ג","פרי הגליל בע""""מ",IL,GREEN @ FRESH,קילוגרמים,1.00,"ק""ג",false,,14.90,14.9000,true,1,15575
7290011525729,false,*מבצע* קמיל בלו סנסט,"ד""ר פישר",IL,קמיל בלו סנסיטיב,ליטרים,1.00,ליטר,false,,24.90,24.9000,true,1,13481
7290011530525,false,שייק איט TUESDAY צהו,ELH,IL,שייק איט TUESDAY צהו,גרמים,450.00,100 גרם,false,,29.90,0.0664,true,1,55620
7290011530532,false,שייק איט MONDAY ירוק,ELH,IL,שייק איט MONDAY ירוק,גרמים,450.00,100 גרם,false,,29.90,0.0664,true,1,55621
7290011530549,false,שייק איט SUNDAY ורוד,ELH,IL,שייק איט SUNDAY ורוד,גרמים,450.00,100 גרם,false,,29.90,0.0664,true,1,55622
7290011530730,false,שייק איט THURSDAY חו,ELH,IL,שייק איט THURSDAY חו,גרמים,450.00,100 גרם,false,,29.90,0.0664,true,1,55623
7290011530747,false,שייק איט WEDNESDAY ס,ELH,IL,שייק איט WEDNESDAY ס,גרמים,450.00,100 גרם,false,,29.90,0.0664,true,1,55624
7290011530822,false,אורז בסמטי קשמיר יוח,,,אורז בסמטי קשמיר יוח,קילוגרמים,1.00,"ק""ג",false,,9.90,9.9000,true,1,54259
7290011530945,false,קרפציו עגל 210 גר',בלדי,IL,בלדי,גרמים,210.00,100 גרם,false,,39.90,0.1900,true,1,52817
7290011570644,false,קמח כרגיל ללחם ללא ג,אשבל מזון פונקציונאל,IL,אשבל,גרמים,500.00,100 גרם,false,,15.90,0.0318,true,1,19517
7290011570798,false,קמח עוגה בטעם שוקולד,אשבל -מזון פונקציונל,IL,אשבל,גרמים,450.00,100 גרם,false,,15.90,0.0353,true,1,19519
7290011587307,false,תחתיות ארטישוק,Egyptian spanish co,EG,תומר,גרמים,400.00,100 גרם,false,,9.90,0.0248,true,1,19523
7290011587444,false,מוזלי עם פירות,Vitalia nikola ltd,MK,תומר,גרמים,600.00,100 גרם,false,,12.90,0.0215,true,1,19524
7290011587468,false,מוזלי עם אגוזים,Vitalia nikola ltd,MK,תומר,גרמים,600.00,100 גרם,false,,12.90,0.0215,true,1,19525
7290011587581,false,פילה אנשובי 100 גרם,קומפניה אמריקנה,PE,תומר,גרמים,100.00,100 גרם,false,,10.90,0.1090,true,1,28494
7290011587758,false,נודלס דק 200 גרם,אופאל,CN,תומר,גרמים,200.00,100 גרם,false,,4.90,0.0245,true,1,19530
7290011587840,false,עגבניות מיובשות בשמן,,,עגבניות מיובשות בשמן 370,גרמים,370.00,100 גרם,false,,11.90,0.0322,true,1,19533
7290011593087,false,שמן זית כתית מעולה ס,שמן זית סבא חביב,IL,סבא חביב,מיליליטרים,750.00,"100 מ""ל",false,,29.90,0.0399,true,1,774
7290011598211,false,*מבצע* אנטי קאלק 700,סנו,IL,אנטי קאלק,מיליליטרים,700.00,"100 מ""ל",false,,14.90,0.0213,true,1,9997
7290011598372,false,סושי מטלית מיקרופייב,N.S.,CN,סנו סושי,יח',1.00,יח',false,,10.90,10.9000,true,1,9998
7290011598402,false,מרכך מקסימה 4 ליטר,סנו,IL,מקסימה,ליטרים,4.00,ליטר,false,,21.90,5.4750,true,1,9999
7290011607180,false,קולון 101 1.250,זוהר דליה,IL,קולון,קילוגרמים,1.25,"ק""ג",false,,12.90,10.3200,true,1,8110
7290011615260,false,*מבצע* טורטיה 540 גר,מוטלוקאל גידה סאן טי,TR,וילי פוד,גרמים,540.00,100 גרם,false,,7.90,0.0146,true,1,11201
7290011618124,false,נגיסי אורז לתינוקות,want-want,CN,וונט וונט,גרמים,50.00,100 גרם,false,,14.90,0.2980,true,1,8869
7290011622428,false,כתמטמינים חטיף בריאו,אשבול,IL,גולדן הארט,גרמים,45.00,100 גרם,false,,5.90,0.1311,true,1,7846
7290011622664,false,כתמטמינים טחינה חטיף,אשבול,IL,גולדן הארט,גרמים,45.00,100 גרם,false,,5.90,0.1311,true,1,7850
7290011644000,false,מקלות תירס מתוקים ממ,סנקי,IL,מקלות תירס מתוקים ממ,גרמים,80.00,100 גרם,false,,4.90,0.0613,true,1,50031
7290011668259,false,קרם לחות ועיצוב לשיע,א.ל ארמן,IL,פנינה רוזנבלום בע'מ,מיליליטרים,400.00,"100 מ""ל",false,,21.90,0.0547,true,1,15634
7290011668297,false,מסכה לשיער אובלפיחה,א.ל ארמן,IL,פנינה רוזנבלום בע'מ,מיליליטרים,400.00,"100 מ""ל",false,,27.90,0.0697,true,1,15636
7290011668419,false,*מבצע* שמפו לשיער רג,א.ל ארמן,IL,פנינה רוזנבלום בע'מ,מיליליטרים,750.00,"100 מ""ל",false,,8.90,0.0119,true,1,15639
7290011668433,false,*מבצע* שמפו לשיער צב,א.ל ארמן,IL,פנינה רוזנבלום בע'מ,מיליליטרים,750.00,"100 מ""ל",false,,8.90,0.0119,true,1,15641
7290011668440,false,*מבצע* מרכך לשיער צב,א.ל ארמן,IL,פנינה רוזנבלום בע'מ,מיליליטרים,750.00,"100 מ""ל",false,,8.90,0.0119,true,1,15642
7290011668457,false,*מבצע* שמפו שמן זית,א.ל ארמן,IL,פנינה רוזנבלום בע'מ,מיליליטרים,750.00,"100 מ""ל",false,,8.90,0.0119,true,1,15643
7290011668464,false,*מבצע* מרכך לשיער גל,א.ל ארמן,IL,פנינה רוזנבלום בע'מ,מיליליטרים,750.00,"100 מ""ל",false,,8.90,0.0119,true,1,15644
7290011668570,false,גרנולה בריא מהטבע פי,אפקט טבעי,IL,פנינה רוזנבלום בע'מ,גרמים,500.00,100 גרם,false,,24.90,0.0498,true,1,15647
7290011723200,false,טחינה הר ברכה 500 גר,הר ברכה,IL,הר ברכה,גרמים,500.00,100 גרם,false,,17.90,0.0358,true,1,8575
7290011725402,false,חסה ערבית מהדרין - א,קוסטר - תורכיה,IL,חסה מהדרין,יח',1.00,יח',false,,5.90,5.9000,true,1,60558
7290011725419,false,פטרוזיליה מהדרין - א,קונספסיון/ פניסקור/,IL,פטרוזיליה מהדרין,יח',1.00,יח',false,,4.90,4.9000,true,1,60556
7290011725426,false,כוסברה מהדרין - ארוז,קונסרבאס פרדו,IL,כוסברה מהדרין,יח',1.00,יח',false,,4.90,4.9000,true,1,60559
7290011725433,false,נענע מהדרין - ארוז,קונסרווס אל.ג'י. זאס,IL,נענע מהדרין,יח',1.00,יח',false,,4.90,4.9000,true,1,60560
7290011725440,false,שמיר מהדרין - ארוז,קונסרבס,IL,שמיר מהדרין,יח',1.00,יח',false,,4.90,4.9000,true,1,60561
7290011725457,false,בצל ירוק מהדרין - אר,קלדש הולמן,IL,בצל ירוק מהדרין,יח',1.00,יח',false,,5.90,5.9000,true,1,60562
7290011725464,false,סלרי עלים מהדרין - א,,IL,סלרי עלים מהדרין,יח',1.00,יח',false,,5.90,5.9000,true,1,60563
7290011725471,false,סלק עלים מהדרין - אר,קוסמופארם,IL,עלי סלק מהדרין,יח',1.00,יח',false,,5.90,5.9000,true,1,60564
7290011725488,false,"כרוב לבן מהדרין ק""ג",קוסמופול,IL,כרוב לבן מהדרין,קילוגרמים,1.00,"ק""ג",true,,11.90,11.9000,true,1,60565
7290011725495,false,"כרוב אדום מהדרין ק""ג",קוסקוס,IL,כרוב אדום מהדרין,קילוגרמים,1.00,"ק""ג",true,,11.90,11.9000,true,1,60566
7290011725525,false,לבבות חסה,קילט ניהול פרוייקטים,IL,רוזמרין מהדרין,יח',1.00,יח',false,,10.90,10.9000,true,1,60567
7290011743833,false,סנסודיין פרונאמל 75,גלקסוסמיתקליין,GB,סנסודיין,גרמים,75.00,100 גרם,false,,25.90,0.3453,true,1,10787
7290011765095,false,קרמה גל גילוח,קוסמופארם,TR,קרמה מן,מיליליטרים,200.00,"100 מ""ל",false,,13.90,0.0695,true,1,10003
7290011765118,false,קצף גילוח קרמה,קוסמופארם,TR,קרמה מן,מיליליטרים,200.00,"100 מ""ל",false,,9.90,0.0495,true,1,10005
7290011765446,false,משחת שיניים בוב ספוג,טרופיקל דגיל קוסמטיק,IL,אורביטול,גרמים,70.00,100 גרם,false,,7.90,0.1129,true,1,10018
7290011765613,false,מסיר עובש בניחוח לימ,סנו,IL,מסיר עובש בניחוח לימ,מיליליטרים,1000.00,"100 מ""ל",false,,15.90,0.0159,true,1,48926
7290011800840,false,צבר טחינה בלאדי רפי,צבר,IL,סלטי צבר,גרמים,400.00,100 גרם,false,,14.90,0.0373,true,1,4880
7290011877088,false,צמד רדיד אלומניום קצ,,,צמד רדיד אלומניום 30,מטרים,15.00,מטר,false,,15.90,1.0600,true,1,10020
7290011877095,false,צמד רדיד אלומיניום א,בורסה פזרי,TR,סנו סושי,מטרים,15.00,מטר,false,,19.90,1.3267,true,1,10021
7290011877156,false,סנופרש יבש,סנו,IL,סנופרש,מיליליטרים,375.00,"100 מ""ל",false,,10.90,0.0291,true,1,10023
7290011877446,false,קרם למניעת גירויים ב,קוסמופארם,IL,בייבי כיף,מיליליטרים,100.00,"100 מ""ל",false,,10.90,0.1090,true,1,10024
7290011877859,false,סנו אינסטלטור 200 ג,סנו,IL,סנו אינסטלטור,גרמים,200.00,100 גרם,false,,14.90,0.0745,true,1,10028
7290011931162,false,סוכרלייט נוזלי,"סוכרזית בע""מ",IL,סוכרזית,גרמים,220.00,100 גרם,false,,23.90,0.1086,true,1,14706
7290011947309,false,זית סורי מבוקע עם לי,זיתא - י.ט.ב תעשיות,IL,זיתא,גרמים,220.00,100 גרם,false,,13.90,0.0632,true,1,17861
7290011947316,false,זיתי קלמטה  215 גרם,זיתא - י.ט.ב תעשיות,IL,זיתא,גרמים,215.00,100 גרם,false,,13.90,0.0647,true,1,17862
7290011947521,false,*מבצע* שמן זית כתית,זיתא - י.ט.ב תעשיות,IL,זיתא,מיליליטרים,750.00,"100 מ""ל",false,,27.90,0.0372,true,1,17872
7290011947743,false,מיקס זית ירוק וזית ק,זיתא - י.ט.ב תעשיות,IL,זיתא,גרמים,215.00,100 גרם,false,,13.90,0.0647,true,1,52823
7290011947798,false,זית קלמטה ללא גלעין,זיתא - י.ט.ב תעשיות,IL,זיתא,גרמים,190.00,100 גרם,false,,13.90,0.0732,true,1,57510
7290011964344,false,שום גבישי 120 גרם,"תבליני טעם וריח בע""מ",IL,"תבליני טעם וריח בע""מ",גרמים,120.00,100 גרם,false,,9.90,0.0825,true,1,21959
7290011964542,false,פפריקה מתוקה 400 גרם,"תבליני טעם וריח בע""מ",IL,"תבליני טעם וריח בע""מ",גרמים,400.00,100 גרם,false,,22.90,0.0572,true,1,21960
7290011964658,false,מלח לימון 170 גרם,"תבליני טעם וריח בע""מ",IL,"תבליני טעם וריח בע""מ",גרמים,170.00,100 גרם,false,,9.90,0.0582,true,1,21967
7290011964689,false,תערובת לתיבול על האש,"תבליני טעם וריח בע""מ",IL,"תבליני טעם וריח בע""מ",גרמים,100.00,100 גרם,false,,9.90,0.0990,true,1,21968
7290011987466,false,סלמון מעושן פרוס 200,אס.פי.פיש האוס,IL,אס.פי.פיש האוס,גרמים,200.00,100 גרם,false,,38.90,0.1945,true,1,19857
7290011987480,false,סלמון פרוס 300 גרם,אס.פי.פיש האוס,IL,אס.פי.פיש,גרמים,300.00,100 גרם,false,,56.90,0.1897,true,1,54105
7290012001994,false,חרדל דיז'ון גרעינים,REINE DE DIJON S.A,FR,ריין דיז'ון,גרמים,350.00,100 גרם,false,,10.90,0.0311,true,1,22639
7290012019050,false,שום צעיר ושיני שום 3,קינדאו,CN,שום צעיר ושיני שום 3,גרמים,330.00,100 גרם,false,,10.90,0.0330,true,1,67306
7290012022203,false,קליליות חיטה מלאה,דילייט 2005,IL,קליליות,גרמים,100.00,100 גרם,false,,13.90,0.1390,true,1,23131
7290012022227,false,קליליות חיטה,דילייט 2005,IL,קליליות,גרמים,60.00,100 גרם,false,,11.90,0.1983,true,1,23133
7290012022272,false,קליליות קידס,דילייט 2005,IL,קליליות,גרמים,30.00,100 גרם,false,,10.50,0.3500,true,1,23134
7290012025822,false,סלק אסלי 400 גרם,"סלטי שמיר 2006 בע""מ",IL,אסלי,גרמים,400.00,100 גרם,false,,9.90,0.0248,true,1,61502
7290012025839,false,מטבוחה אסלי 400 גרם,"סלטי שמיר 2006 בע""מ",IL,אסלי,גרמים,400.00,100 גרם,false,,10.90,0.0273,true,1,61503
7290012046193,false,סקושט ברייט ספוג קרצ,M3,ES,סקוטש-ברייט,יח',9.00,יח',false,,14.90,1.6556,true,1,62627
7290012116032,false,מרכך פיות 750 מיל,קוסמופארם,IL,כיף,מיליליטרים,750.00,"100 מ""ל",false,,10.90,0.0145,true,1,10035
7290012116063,false,"אל סבון פיות 750 מ""ל",קוסמופארם,IL,כיף,מיליליטרים,750.00,"100 מ""ל",false,,10.90,0.0145,true,1,10036
7290012116537,false,"מקסימה מאסק 2.5 ק""ג",סנו,IL,מקסימה,קילוגרמים,2.50,"ק""ג",false,,24.90,9.9600,true,1,10041
7290012116551,false,אנטי קלאק 4ב1 2 ל,סנו,IL,אנטי קאלק,ליטרים,2.00,ליטר,false,,19.90,9.9500,true,1,10042
7290012116612,false,רביעיית מברשת שיניים,z.h. plastic,CN,אורביטול,יח',4.00,יח',false,,10.90,2.7250,true,1,10044
7290012116629,false,סנו די ילדים רולאון,קוסמופארם,IL,סנודי,מיליליטרים,50.00,"100 מ""ל",false,,19.90,0.3980,true,1,10045
7290012116674,false,דאודרנט גל קרמה מן,קוסמופארם,IL,כיף,יח',1.00,יח',false,,13.90,13.9000,true,1,10046
7290012117039,false,סנו 00 לאמבטיה 1 ל,סנו,IL,סנו,ליטרים,1.00,ליטר,false,,8.90,8.9000,true,1,10052
7290012117275,false,סנוקליר שקית מילוי 7,סנו,IL,סנוקליר,מיליליטרים,750.00,"100 מ""ל",false,,5.90,0.0079,true,1,10056
7290012117350,false,*מבצע* ריצפז פרש 2 ל,סנו,IL,ריצפז,ליטרים,2.00,ליטר,false,,14.90,7.4500,true,1,10057
7290012117435,false,*מבצע* גל רחצה לגבר,קוסמופארם,IL,קרמה מן,מיליליטרים,700.00,"100 מ""ל",false,,14.90,0.0213,true,1,10061
7290012117466,false,קרמה תחליב פנים,קוסמופארם,IL,קרמה,יח',1.00,יח',false,,12.90,12.9000,true,1,10062
7290012117534,false,מרכך מקסימה מרוכז 1,סנו,IL,מקסימה,ליטרים,1.00,ליטר,false,,17.90,17.9000,true,1,10063
7290012117541,false,מרכך מקסימה מרוכז 1,,,מרכך מקסימה מרוכז 1,ליטרים,1.00,ליטר,false,,17.90,17.9000,true,1,10064
7290012117558,false,מרכך מקסימה מרוכז 1,סנו,IL,מקסימה,ליטרים,1.00,ליטר,false,,17.90,17.9000,true,1,10065
7290012117732,false,מרכך מקסימה 4 ליטר,סנו,IL,מקסימה,ליטרים,4.00,ליטר,false,,21.90,5.4750,true,1,10072
7290012117916,false,סנו אינסטלטור נוזלי,סנו,IL,סנו אינסטלטור,ליטרים,1.00,ליטר,false,,26.90,26.9000,true,1,10074
7290012159480,false,יין לבן חצי יבש מבעב,,,יין לבן חצי יבש מבעבע,מיליליטרים,700.00,"100 מ""ל",false,,24.90,0.0356,true,1,7610
7290012159497,false,יין לבן יבש מבעבע,,,יין לבן יבש מבעבע,מיליליטרים,700.00,"100 מ""ל",false,,24.90,0.0356,true,1,7611
7290012191374,false,מדליק פחמים,,IL,מנורה,יח',1.00,יח',false,,5.90,5.9000,true,1,53574
7290012191985,false,גפרורים,S.M.P.L,IN,S.M.P.L,יח',10.00,יח',false,,2.50,0.2500,true,1,14142
7290012191992,false,גפרורים ארוכים,S.M.P.L,IN,S.M.P.L,יח',45.00,יח',false,,4.90,0.1089,true,1,14143
7290012226021,false,סלמי מעושן פראג 400,זוגלובק,IL,זוגלובק,גרמים,400.00,100 גרם,false,,15.90,0.0398,true,1,25623
7290012226120,false,קבנוס 135 גרם,זוגלובק,IL,זוגלובק,גרמים,135.00,100 גרם,false,,9.90,0.0733,true,1,25624
7290012226922,false,קבנוס בטעם שום 135 ג,זוגלובק,IL,זוגלובק,גרמים,135.00,100 גרם,false,,9.90,0.0733,true,1,25626
7290012226939,false,קבנוס בטעם צילי 135,זוגלובק,IL,זוגלובק,גרמים,135.00,100 גרם,false,,9.90,0.0733,true,1,25627
7290012226991,false,נקניקיות גמבו 1.5 קג,זוגלובק,IL,זוגלובק,קילוגרמים,1.50,"ק""ג",false,,26.90,17.9333,true,1,25632
7290012227325,false,סלמי מעושן דק דק 120,זוגלובק,IL,זוגלובק,גרמים,120.00,100 גרם,false,,13.90,0.1158,true,1,30193
7290012227615,false,נקניקיות עוף 800 גרם,זוגלובק,IL,זוגלובק,גרמים,800.00,100 גרם,false,,23.90,0.0299,true,1,30588
7290012227776,false,פסטרמה הודו מחפוד 40,זוגלובק,IL,זוגלובק,גרמים,400.00,100 גרם,false,,19.90,0.0497,true,1,30592
7290012227783,false,תה מעושן מחפוד 400 ג,זוגלובק,IL,זוגלובק,גרמים,400.00,100 גרם,false,,17.90,0.0447,true,1,30593
7290012227912,false,קבנוס מעודן 135 גרם,זוגלובק,IL,זוגלובק,גרמים,135.00,100 גרם,false,,9.90,0.0733,true,1,25646
7290012227974,false,פסטרמה בדבש 120 גרם,זוגלובק,IL,זוגלובק,גרמים,120.00,100 גרם,false,,13.90,0.1158,true,1,30194
7290012227981,false,פסטרמה ברביקיו 120 ג,זוגלובק,IL,זוגלובק,גרמים,120.00,100 גרם,false,,13.90,0.1158,true,1,30195
7290012227998,false,חזה בקר 120 גרם,זוגלובק,IL,זוגלובק,גרמים,120.00,100 גרם,false,,13.90,0.1158,true,1,30196
7290012228766,false,קבנוס מחפוד 120 גרם,זוגלובק,,קבנוס מחפוד 120 גרם,גרמים,120.00,100 גרם,false,,9.90,0.0825,true,1,57327
7290012245275,false,צ'יפס בטטה קריספי 1,קפוא זן,IL,צ'יפס בטטה קריספי 1,קילוגרמים,1.00,"ק""ג",false,,26.90,26.9000,true,1,67864
7290012245336,false,סטייק צ'יפס קפוא 1.5,,,סטייק צ'יפס קפוא 1.5,גרמים,1500.00,100 גרם,false,,18.90,0.0126,true,1,53228
7290012247804,false,סטייק פרגית קפוא,"נטו מלינדה סחר בע""מ",,סטייק פרגית קפוא,קילוגרמים,1.00,"ק""ג",true,,64.90,64.9000,true,1,62774
7290012247859,false,כבד עוף קפוא,"נטו מלינדה סחר בע""מ",,כבד עוף קפוא,קילוגרמים,1.00,"ק""ג",true,,14.90,14.9000,true,1,67399
7290012275401,false,"בירה מולר 500 מ""ל",ואן פור,GR,????,מיליליטרים,500.00,"100 מ""ל",false,,3.90,0.0078,true,1,8317
7290012313141,false,מלפפון במלח פרוסות,קבוצת יבנה,IL,קבוצת יבנה,גרמים,320.00,100 גרם,false,,6.50,0.0203,true,1,15956
7290012313424,false,זית קלמטה שלם 215 גר,קבוצת יבנה,IL,זית קלמטה שלם 215 גר,גרמים,215.00,100 גרם,false,,11.90,0.0553,true,1,63960
7290012367717,false,*מבצע* קרם ידים אפקט,"ד""ר פישר",IL,אפקטיב קר,מיליליטרים,150.00,"100 מ""ל",false,,11.90,0.0793,true,1,13484
7290012384479,false,עוגת שמרים תפוחים פר,,,עוגת שמרים תפוחים פר,יח,1.00,יח,false,,29.90,29.9000,true,1,61648
7290012384493,false,עוגת שמרים פרימיום ח,,,עוגת שמרים פרימיום ח,יח,1.00,יח,false,,29.90,29.9000,true,1,61644
7290012384561,false,עוגת שמרים פרימיום ג,,,עוגת שמרים פרימיום ג,יח,1.00,יח,false,,29.90,29.9000,true,1,61645
7290012384592,false,עוגת שמרים פרימיום ש,,,עוגת שמרים פרימיום ש,יח,1.00,יח,false,,29.90,29.9000,true,1,61650
7290012404955,false,ספרינג Collection נק,יפאורה תבורי,IL,ספרינג,ליטרים,1.25,ליטר,false,,12.40,9.9200,true,1,12349
7290012404993,false,ספרינג Collection נק,יפאורה תבורי,IL,ספרינג,ליטרים,1.25,ליטר,false,,11.90,9.5200,true,1,12351
7290012413636,false,*מבצע* תה ירוק צ'אי,ויסוצקי,IL,ויסוצקי,גרמים,937.50,100 גרם,false,,17.90,0.0191,true,1,17876
7290012413643,false,*מבצע* תה ירוק קמומי,ויסוצקי,IL,ויסוצקי,גרמים,937.50,100 גרם,false,,17.90,0.0191,true,1,17877
7290012470486,false,כובע ניילון לרחצה 4,,,כובע ניילון לרחצה 4,יח',1.00,יח',false,,6.90,6.9000,true,1,55656
7290012470493,false,כובע רחצה 2 שכבות ענ,,,כובע רחצה 2 שכבות ענ,יח',1.00,יח',false,,13.90,13.9000,true,1,55657
7290012483608,false,אורז בסמטי מובחר 5 ק,lt foods,IN,DAAWAT,קילוגרמים,5.00,"ק""ג",false,,49.90,9.9800,true,1,11205
7290012561405,false,דורות בצל חצי מטוגן,דורות,IL,דורות,גרמים,180.00,100 גרם,false,,9.90,0.0550,true,1,4890
7290012642036,false,לה פסטה 5 ספגטי,מוטלו,TR,לה פסטה,גרמים,400.00,100 גרם,false,,3.50,0.0088,true,1,19545
7290012642586,false,ערמונים 100 גרם,Tangshan huiyuan foo,CN,תומר,גרמים,100.00,100 גרם,false,,5.90,0.0590,true,1,19552
7290012645075,false,יוגורט כבשים יווני ב,חלב הארץ,IL,חלב הארץ,גרמים,350.00,100 גרם,false,,11.90,0.0340,true,1,59106
7290012645297,false,יוגורט עיזים טבעי בג,חלב הארץ,IL,חלב הארץ,גרמים,150.00,100 גרם,false,,5.50,0.0367,true,1,16398
7290012665059,false,קובה למרק 400 גרם,"חמים וטעים בע""מ",IL,"חמים וטעים בע""מ",גרמים,400.00,100 גרם,false,,12.90,0.0323,true,1,11645
7290012724817,false,נענע יח',,,נענע יח',יח,1.00,יח,false,,3.90,3.9000,true,1,51513
7290012724824,false,שמיר יח',,,שמיר יח',יח,1.00,יח,false,,3.90,3.9000,true,1,51514
7290012724831,false,כוסברה יח',,,כוסברה יח',יח,1.00,יח,false,,3.90,3.9000,true,1,51515
7290012724848,false,פטרוזיליה יח',,,פטרוזיליה יח',יח,1.00,יח,false,,3.90,3.9000,true,1,51493
7290012803215,false,וופל בלגי ללא סוכר ב,"גילרו בע""מ",IL,טוסו,גרמים,200.00,100 גרם,false,,9.90,0.0495,true,1,8897
7290012803222,false,וופל בלגי בטעם לימון,"גילרו בע""מ",IL,טוסו,גרמים,200.00,100 גרם,false,,9.90,0.0495,true,1,8898
7290012803314,false,סוכרלוז 300 טבליות,קיפל,IL,מרמולייט,גרמים,22.00,100 גרם,false,,39.90,1.8136,true,1,8899
7290012803321,false,ממתיק על בסיס סוכרלו,קיפל,IL,מרמולייט,גרמים,200.00,100 גרם,false,,39.90,0.1995,true,1,8900
7290012803451,false,שוקולד מריר 62% 100,ALTINMARKA,TR,טוסו,גרמים,100.00,100 גרם,false,,8.90,0.0890,true,1,8903
7290012823398,false,*מבצע* מטליות סנו רי,דינאמיק תעשיות,IL,ריצפז,יח',10.00,יח',false,,9.90,0.9900,true,1,27424
7290012823565,false,מטליות ענק לחות לפרק,דינאמיק תעשיות,IL,פוליויקס,יח',10.00,יח',false,,14.90,1.4900,true,1,10083
7290012823589,false,*מבצע* ריצפז פרש 2 ל,סנו,IL,ריצפז,ליטרים,2.00,ליטר,false,,14.90,7.4500,true,1,10084
7290012823794,false,אל סבון כיף 2 ליטר ל,קוסמופארם,IL,כיף,ליטרים,2.00,ליטר,false,,19.90,9.9500,true,1,10089
7290012823923,false,מרכך כביסה מרוכז סנו,סנו,IL,מקסימה,מיליליטרים,750.00,"100 מ""ל",false,,16.90,0.0225,true,1,10095
7290012823947,false,מרכך כביסה מרוכז סנו,סנו,IL,מקסימה,מיליליטרים,750.00,"100 מ""ל",false,,16.90,0.0225,true,1,10096
7290012850073,false,מחית סלט פירות 190 ג,NOVOFRUCHT SK S.R.O,SK,BELOVED,גרמים,190.00,100 גרם,false,,5.90,0.0311,true,1,17002
7290012884986,false,ציפס לתנור עד 4% שומ,תפוגן,IL,תפוגן,קילוגרמים,1.50,"ק""ג",false,,24.90,16.6000,true,1,4891
7290012921025,false,בקבוק בירה מלכה בהיר,בירה מלכה,IL,מלכה,מיליליטרים,330.00,"100 מ""ל",false,,12.90,0.0391,true,1,11738
7290012921032,false,בקבוק בירה מלכה אדמו,בירה מלכה,IL,מלכה,מיליליטרים,330.00,"100 מ""ל",false,,12.90,0.0391,true,1,11739
7290012931062,false,10 אטבי הדור החדש,מ.א ייצור ושיווק מטל,CN,Shiny,יח',10.00,יח',false,,6.90,0.6900,true,1,6073
7290012931611,false,3 כריות ברזל לקרצוף,מ.א ייצור ושיווק מטל,CN,Shiny,יח',3.00,יח',false,,5.90,1.9667,true,1,6079
7290012931925,false,2 כריות מתכת(כסף+זהב,מ.א ייצור ושיווק מטל,CN,Shiny,יח',2.00,יח',false,,4.90,2.4500,true,1,6087
7290012938405,false,רדיד אלומיניום רחב ו,ריינולדס,US,דיימונד,מטרים,7.60,מטר,false,,16.90,2.2237,true,1,10793
7290012938580,false,סנסודיין הלבנה עדינה,,,סנסודיין הלבנה עדינה,גרמים,75.00,100 גרם,false,,21.90,0.2920,true,1,10795
7290012938597,false,"סנסודיין רליף 75 מ""ל","סמית קליין ביצ'ם בע""",SK,סנסודיין,מיליליטרים,75.00,"100 מ""ל",false,,25.90,0.3453,true,1,10796
7290012938740,false,"סנסודיין מנטה 75 מ""ל",גלקסוסמיתקליין,GB,סנסודיין,מיליליטרים,75.00,"100 מ""ל",false,,21.90,0.2920,true,1,10798
7290012938924,false,*מבצע* אקווה פרש מי,גלקסוסמיתקליין,GB,*מבצע* אקווה פרש מי,מיליליטרים,500.00,"100 מ""ל",false,,12.90,0.0258,true,1,10799
7290012962165,false,כפפות משק בית איזי ט,B.H.R. & P.P,CN,איזי טאצ',יח',2.00,יח',false,,3.90,1.9500,true,1,5933
7290012962578,false,צימרוני אוזניים עץ ב,S.T.O Co Ltd,CN,כוטון סופט,יח',300.00,יח',false,,6.90,0.0230,true,1,5942
7290012962684,false,שקיות צליה ג'מבו 50X,B.P. Ltd,TR,הוסטס,יח',5.00,יח',false,,3.50,0.7000,true,1,5945
7290012982873,false,פילה אמנון 7-9 קפוא.,ג.עופר,CN,ווינר פוד,קילוגרמים,1.00,"ק""ג",true,,24.90,24.9000,true,1,7994
7290012982927,false,פילה לברק 5-7 קפוא.,"יאנגגינג סיפורט בע""מ",CN,פילה לברק 5-7 קפוא.,קילוגרמים,1.00,"ק""ג",true,,44.90,44.9000,true,1,7995
7290012983160,false,סילאן 400 לחיץ,חצר כינרת מוצרי תמר,IL,סילאן 400 לחיץ,גרמים,400.00,100 גרם,false,,11.90,0.0298,true,1,11793
7290013027399,false,לחם אנגל 100% קל,אנג'ל,IL,אנג'ל,גרמים,750.00,100 גרם,false,,12.90,0.0172,true,1,2589
7290013038234,false,אקווה נובה שישייה 2,טמפו,IL,א.נובה,ליטרים,12.00,ליטר,false,,9.50,0.7917,true,1,12101
7290013068361,false,*מבצע* שמן זית אליעד,אליעד,IL,שמן זית אליעד 750 מל,מיליליטרים,750.00,"100 מ""ל",false,,31.90,0.0425,true,1,20879
7290013068378,false,שמן זית אליעד 2ליטר,,,שמן זית אליעד 2ליטר,ליטרים,2.00,ליטר,false,,76.90,38.4500,true,1,20880
7290013068699,false,*מבצע* שמן זית אליעד,אליעד,IL,אליעד בית בד בגולן,מיליליטרים,750.00,"100 מ""ל",false,,31.90,0.0425,true,1,20882
7290013083661,false,מטרנה אקסטרה קר שלב,מטרנה,IL,מטרנה,גרמים,700.00,100 גרם,false,,59.90,0.0856,true,1,4893
7290013083678,false,מטרנה אקסטרה קר שלב,מטרנה,IL,מטרנה,גרמים,700.00,100 גרם,false,,59.90,0.0856,true,1,4894
7290013083685,false,מטרנה אקסטרה קר שלב,מטרנה,IL,מטרנה,גרמים,700.00,100 גרם,false,,59.90,0.0856,true,1,4895
7290013117212,false,בורקס פילו גבינה,מעדנות,IL,מעדנות,גרמים,600.00,100 גרם,false,,19.90,0.0332,true,1,24607
7290013117229,false,"בורקס פילו תפו""א",מעדנות,IL,מעדנות,גרמים,600.00,100 גרם,false,,19.90,0.0332,true,1,24608
7290013117236,false,בורקס פילו פיצה,מעדנות,IL,מעדנות,גרמים,600.00,100 גרם,false,,19.90,0.0332,true,1,24609
7290013117243,false,בורקס פילו בולגרית,מעדנות,IL,מעדנות,גרמים,600.00,100 גרם,false,,19.90,0.0332,true,1,24610
7290013117410,false,*מבצע* בצק פריך מתוק,מעדנות,IL,מעדנות,גרמים,900.00,100 גרם,false,,19.90,0.0221,true,1,24611
7290013117526,false,*מבצע* בצק שמרים למא,מעדנות,IL,מעדנות,גרמים,900.00,100 גרם,false,,19.90,0.0221,true,1,24614
7290013121028,false,לחם לבן 500 גרם,אביב קונדיטוריה מעול,IL,גרין לייט,גרמים,500.00,100 גרם,false,,17.90,0.0358,true,1,2348
7290013121103,false,רביעיית שליש באגט 40,אביב קונדיטוריה מעול,IL,גרין לייט,גרמים,400.00,100 גרם,false,,17.90,0.0447,true,1,2353
7290013121127,false,לחמיני'ס 420 גרם,אביב קונדיטוריה מעול,IL,גרין לייט,גרמים,420.00,100 גרם,false,,17.90,0.0426,true,1,2355
7290013121158,false,רביעיית לחמניות סנדו,אביב קונדיטוריה מעול,IL,גרין לייט,גרמים,460.00,100 גרם,false,,17.90,0.0389,true,1,2358
7290013121165,false,שישיית לחמניות נקניק,אביב קונדיטוריה מעול,IL,גרין לייט,גרמים,460.00,100 גרם,false,,17.90,0.0389,true,1,2359
7290013144171,false,*מבצע* תערובת עוגת ש,מימונס אפיה,IL,א.ל ייצור ושיווק תבלינים,גרמים,560.00,100 גרם,false,,12.90,0.0230,true,1,21490
7290013144232,false,פודינג וניל 80 גרם,מימונס אפיה,IL,א.ל ייצור ושיווק תבלינים,גרמים,80.00,100 גרם,false,,4.90,0.0613,true,1,21496
7290013144317,false,גלילית וופל למילוי 1,מימונס אפיה,IL,הגביע,יח',18.00,יח',false,,21.90,1.2167,true,1,21501
7290013144393,false,תמצית וניל 50 גרם,מימונס אפיה,IL,א.ל ייצור ושיווק תבלינים,גרמים,50.00,100 גרם,false,,4.90,0.0980,true,1,21508
7290013144409,false,תמצית רום 50 גרם,מימונס אפיה,IL,א.ל ייצור ושיווק תבלינים,גרמים,50.00,100 גרם,false,,4.90,0.0980,true,1,21509
7290013144508,false,"תמצית מי ורדים 50 מ""",מימונס אפיה,IL,א.ל ייצור ושיווק תבלינים,מיליליטרים,50.00,"100 מ""ל",false,,9.90,0.1980,true,1,21514
7290013144522,false,"צבע מאכל 50 מ""ל",מימונס אפיה,IL,א.ל ייצור ושיווק תבלינים,מיליליטרים,50.00,"100 מ""ל",false,,4.30,0.0860,true,1,21516
7290013144614,false,סירופ מייפל 100% 236,מימונס אפיה,CA,LES INDUSRIES,מיליליטרים,236.00,"100 מ""ל",false,,29.90,0.1267,true,1,21519
7290013144751,false,*מבצע* סירופ מייפל 5,מימונס אפיה,IL,א.ל ייצור ושיווק תבלינים,גרמים,500.00,100 גרם,false,,10.90,0.0218,true,1,21520
7290013144768,false,*מבצע* סירופ שוקולד,מימונס אפיה,IL,א.ל ייצור ושיווק תבלינים,גרמים,500.00,100 גרם,false,,10.90,0.0218,true,1,21521
7290013145024,false,אגוז מלך טחון 100 גר,מימונס אפיה,IL,א.ל ייצור ושיווק תבלינים,גרמים,100.00,100 גרם,false,,13.80,0.1380,true,1,21527
7290013145055,false,פרג שלם 100 גרם,מימונס אפיה,IL,א.ל ייצור ושיווק תבלינים,גרמים,100.00,100 גרם,false,,6.90,0.0690,true,1,21530
7290013145079,false,שקד טבעי גרוס 100 גר,מימונס אפיה,IL,א.ל ייצור ושיווק תבלינים,גרמים,100.00,100 גרם,false,,12.90,0.1290,true,1,21532
7290013145109,false,שקד טבעי מולבן 100 ג,מימונס אפיה,IL,א.ל ייצור ושיווק תבלינים,גרמים,100.00,100 גרם,false,,12.90,0.1290,true,1,21534
7290013145116,false,שקד מולבן מקלות 100,מימונס אפיה,IL,א.ל ייצור ושיווק תבלינים,גרמים,100.00,100 גרם,false,,12.90,0.1290,true,1,21535
7290013145123,false,שקד מולבן פרוס 100ג,מימונס אפיה,IL,א.ל ייצור ושיווק תבלינים,גרמים,100.00,100 גרם,false,,12.90,0.1290,true,1,21536
7290013145130,false,שקד מולבן חצוי 100 ג,מימונס אפיה,IL,א.ל ייצור ושיווק תבלינים,גרמים,100.00,100 גרם,false,,12.90,0.1290,true,1,21537
7290013145178,false,קוקוס טחון לבן 100ג,מימונס אפיה,IL,א.ל ייצור ושיווק תבלינים,גרמים,100.00,100 גרם,false,,4.50,0.0450,true,1,21541
7290013145192,false,שומשום 100 גרם,מימונס אפיה,IL,א.ל ייצור ושיווק תבלינים,גרמים,100.00,100 גרם,false,,4.60,0.0460,true,1,21542
7290013145215,false,שומשום 400 גרם,מימונס אפיה,IL,א.ל ייצור ושיווק תבלינים,גרמים,400.00,100 גרם,false,,14.90,0.0373,true,1,21543
7290013145246,false,גרעין חמנייה מקולף 1,מימונס אפיה,IL,א.ל ייצור ושיווק תבלינים,גרמים,100.00,100 גרם,false,,5.50,0.0550,true,1,21544
7290013145277,false,עלים לקרמשניט 300 גר,מימונס אפיה,IL,מימונס,גרמים,300.00,100 גרם,false,,16.90,0.0563,true,1,21545
7290013145406,false,שוקולד ציפס לבן 250,מימונס אפיה,IL,אינטרגטה,גרמים,250.00,100 גרם,false,,9.90,0.0396,true,1,21548
7290013145437,false,שוקולד ציפס מריר 250,מימונס אפיה,IL,אינטרגטה,גרמים,250.00,100 גרם,false,,13.90,0.0556,true,1,21550
7290013145444,false,שוקולד צ'יפס 66%,מימונס אפיה,IL,אינטרגטה,גרמים,250.00,100 גרם,false,,15.90,0.0636,true,1,21551
7290013145529,false,סוכריות צבעוניות לקי,מימונס אפיה,IL,א.ל ייצור ושיווק תבלינים,גרמים,90.00,100 גרם,false,,5.90,0.0656,true,1,21554
7290013145833,false,פודינג שוקולד,מימונס אפיה,IL,א.ל ייצור ושיווק תבלינים,גרמים,80.00,100 גרם,false,,4.90,0.0613,true,1,21573
7290013145840,false,סוכר וניל 10יח,מימונס אפיה,IL,י. כהן,גרמים,100.00,100 גרם,false,,2.20,0.0220,true,1,21574
7290013145857,false,אבקת אפיה 10יח,מימונס אפיה,IL,י. כהן,גרמים,100.00,100 גרם,false,,2.20,0.0220,true,1,21575
7290013145901,false,סודה לשתיה 50ג,מימונס אפיה,IL,א.ל ייצור ושיווק תבלינים,גרמים,100.00,100 גרם,false,,1.90,0.0190,true,1,21578
7290013145918,false,אבקת סוכר 100 גרם,מימונס אפיה,IL,א.ל ייצור ושיווק תבלינים,גרמים,100.00,100 גרם,false,,1.90,0.0190,true,1,21579
7290013145956,false,שמרים יבשים 500 גרם,מימונס אפיה,CN,ANGEL YEAST,גרמים,500.00,100 גרם,false,,13.90,0.0278,true,1,21583
7290013145963,false,שמרים יבשים מימונס 1,מימונס אפיה,CN,ANGEL YEAST,גרמים,125.00,100 גרם,false,,5.90,0.0472,true,1,21584
7290013145970,false,קורנפלור 200 גרם,מימונס אפיה,IL,א.ל ייצור ושיווק תבלינים,גרמים,200.00,100 גרם,false,,3.90,0.0195,true,1,21585
7290013146274,false,מארז 8 יח תחתיות מרנ,מימונס אפיה,IL,מימוס,גרמים,100.00,100 גרם,false,,19.90,0.1990,true,1,52760
7290013146670,false,*מבצע* סוכריות לב לק,מימונס אפיה,,מימונס,גרמים,60.00,100 גרם,false,,9.90,0.1650,true,1,53626
7290013267665,false,סולרו מאגדת חמישיית,גלידות שטראוס,IL,סולרו,גרמים,354.00,100 גרם,false,,23.90,0.0675,true,1,8254
7290013268037,false,מרכך מקסימה מרוכז 1,סנו,IL,מקסימה,ליטרים,1.00,ליטר,false,,17.90,17.9000,true,1,10098
7290013268242,false,*מבצע* ריצפז פרש הום,סנו,IL,ריצפז,ליטרים,2.00,ליטר,false,,19.90,9.9500,true,1,52792
7290013268884,false,*מבצע* ריצפז פרש 2 ל,סנו,IL,ריצפז,ליטרים,2.00,ליטר,false,,14.90,7.4500,true,1,10125
7290013268891,false,אוקסיג'ן ג'ל 3 ליטר,סנו,IL,אוקסיג'ן,ליטרים,3.00,ליטר,false,,28.90,9.6333,true,1,10126
7290013268907,false,מקסימה גל 3 ליטר,סנו,IL,מקסימה,ליטרים,3.00,ליטר,false,,28.90,9.6333,true,1,10127
7290013268983,false,מרכך מקסימה מרוכז בב,סנו,IL,מקסימה,ליטרים,1.00,ליטר,false,,17.90,17.9000,true,1,59609
7290013268990,false,מרכך מקסימה מרוכז 1,סנו,IL,מקסימה,ליטרים,1.00,ליטר,false,,17.90,17.9000,true,1,10128
7290013269263,false,מקסימה גל 3 ליטר,סנו,IL,מקסימה,ליטרים,3.00,ליטר,false,,28.90,9.6333,true,1,10133
7290013269287,false,מקסימה גל 3 ליטר,סנו,IL,מקסימה,ליטרים,3.00,ליטר,false,,28.90,9.6333,true,1,10134
7290013269348,false,סנו קיי 3 תחנות פיתי,סנו,IL,סנו קיי 3 תחנות פיתי,גרמים,10.00,100 גרם,false,,49.90,4.9900,true,1,50945
7290013269621,false,*מבצע* ריצפז פרש הום,סנו,IL,ריצפז,ליטרים,2.00,ליטר,false,,19.90,9.9500,true,1,47083
7290013269645,false,*מבצע* מטליות סנו רי,דגיל,IL,ריצפז,יח',10.00,יח',false,,9.90,0.9900,true,1,10138
7290013269751,false,*מבצע* מטליות סנו רי,דגיל,IL,ריצפז,יח',10.00,יח',false,,9.90,0.9900,true,1,47084
7290013269850,false,נייר אפיה אקולוגי 50,טופלסט,IL,סנו סושי,יח',50.00,יח',false,,14.90,0.2980,true,1,10143
7290013269867,false,זוג מפות סנו,ווינפאק,IL,סנו סושי,יח',2.00,יח',false,,9.90,4.9500,true,1,10144
7290013269911,false,K333,סנו,IL,סנו,מיליליטרים,750.00,"100 מ""ל",false,,29.90,0.0399,true,1,10145
7290013284310,false,רוטב פסטה 240 ג פרי,פריניר,IL,פריניר,גרמים,240.00,100 גרם,false,,4.90,0.0204,true,1,14710
7290013284662,false,רוטב פיצה 240 ג פרי,פריניר,IL,פריניר,גרמים,240.00,100 גרם,false,,4.90,0.0204,true,1,14711
7290013310064,false,חוט דנטאלי רפואי עם,W.H.J.C. Co,CN,הוסטס,מטרים,50.00,מטר,false,,7.90,0.1580,true,1,5966
7290013310118,false,ממחטות כיס שישיה תלת,F. Srl,IT,פנטזיה,יח',6.00,יח',false,,3.90,0.6500,true,1,5967
7290013310385,false,כפפות ניטריל 80 יח מ,G.G. Co Ltd,TH,איזי טאצ',יח',80.00,יח',false,,24.90,0.3112,true,1,5981
7290013310392,false,כפפות ניטריל 80 יח מ,G.G. Co Ltd,TH,איזי טאצ',יח',80.00,יח',false,,24.90,0.3112,true,1,5982
7290013310637,false,נובי5523-מברשת ניצמד,N.L. Product,CN,נובי,יח',1.00,יח',false,,39.90,39.9000,true,1,5990
7290013358356,false,מאסטר שף פירורי לחם,EinatFood,IL,מנה,גרמים,320.00,100 גרם,false,,6.90,0.0216,true,1,20083
7290013358448,false,מאסטר שף קרוטונים לס,עינת תעשיות מזון אגו,IL,קרוטונים לסלט 200ג,גרמים,200.00,100 גרם,false,,12.90,0.0645,true,1,20091
7290013358486,false,מאסטר שף פירורים  מו,Mana,IL,מנה,גרמים,300.00,100 גרם,false,,4.90,0.0163,true,1,20093
7290013358530,false,מאסטר שף אסייאתי רוט,קי.אר.אס. ספייסי פוד,TH,מנה מאסטר שף,מיליליטרים,700.00,"100 מ""ל",false,,12.90,0.0184,true,1,20098
7290013358547,false,מאסטר שף אסייאתי רוט,קי.אר.אס. ספייסי פוד,TH,מנה מאסטר שף,מיליליטרים,700.00,"100 מ""ל",false,,12.90,0.0184,true,1,20099
7290013358585,false,מאסטר שף  נודלס ביצי,לינהאנג אינדסטריאל,CH,נודלס ביצים להקפצה מנה,גרמים,400.00,100 גרם,false,,8.90,0.0223,true,1,20101
7290013361981,false,"ציפס קיטרינג 2 ק""ג","פרי הגליל בע""""מ",IL,פרי הגליל,קילוגרמים,2.00,"ק""ג",false,,22.90,11.4500,true,1,15578
7290013366085,false,תירס סופר סוויט ארוז,,,תירס סופר סוויט ארוז,יח',1.00,יח',false,,21.90,21.9000,true,1,32013
7290013366634,false,חסה סלנובה,שמיניית מעדן חלב שוק,IL,ראשי סלנובה,יח',1.00,יח',false,,11.90,11.9000,true,1,2006
7290013366641,false,עלי רוקולה,שמן שאן,IL,עלי רוקולה,יח',1.00,יח',false,,11.90,11.9000,true,1,2007
7290013366665,false,חסה גמביט קראנצ'ית ב,,,חסה גמביט קראנצ'ית ב,יח',1.00,יח',false,,13.90,13.9000,true,1,67628
7290013366719,false,באק צ'וי,,,באק צ'וי,יח',1.00,יח',false,,13.90,13.9000,true,1,2011
7290013389114,false,"ניוקי תפו""א",,,"ניוקי תפו""א",גרמים,500.00,100 גרם,false,,6.90,0.0138,true,1,19557
7290013389145,false,מיני ניוקי 500 גרם,,,מיני ניוקי 500 גרם,גרמים,500.00,100 גרם,false,,6.90,0.0138,true,1,19560
7290013389381,false,"קמח תירס פולנטה 1 ק""",מולינו פילה,IT,"קמח תירס פולנטה 1 ק""",קילוגרמים,1.00,"ק""ג",false,,9.90,9.9000,true,1,64024
7290013412409,false,טופ פד סופגנית מקסי,DPL,IL,די פי אל,יח,15.00,יח,false,,8.90,0.5933,true,1,55849
7290013412966,false,מגבוני תולי רביעיה ב,DPL,IL,תולי,יח',288.00,יח',false,,9.90,0.0344,true,1,17017
7290013440648,false,אבטיח 5 יח׳,גלידות נסטלה,IL,גלידות נסטלה,גרמים,540.00,100 גרם,false,,25.90,0.0480,true,1,14288
7290013472199,false,ערמונים קלופים וקלוי,הבי ליקואן,CN,וילי פוד,גרמים,100.00,100 גרם,false,,4.90,0.0490,true,1,11207
7290013531117,false,רוטב  פסטה לילדים יכ,זנלכל,IL,רוטב פסטה בולונז 260 גרם,גרמים,240.00,100 גרם,false,,5.90,0.0246,true,1,47311
7290013531490,false,פול מתובל יכין 550 ג,זנלכל,IL,פול מתובל יכין 550 ג,גרמים,550.00,100 גרם,false,,9.90,0.0180,true,1,47299
7290013531612,false,רוטב  נפוליטנה יכין,זנלכל,IL,רוטב פסטה 260 גרם,גרמים,240.00,100 גרם,false,,5.90,0.0246,true,1,47312
7290013531629,false,רוטב  פומודורו יכין,זנלכל,IL,רוטב פסטה 260 גרם,גרמים,240.00,100 גרם,false,,5.90,0.0246,true,1,47313
7290013531759,false,שעועית במים יכין 550,זנלכל,IL,שעועית אפויה יכין 580 גרם,גרמים,550.00,100 גרם,false,,9.90,0.0180,true,1,47330
7290013558800,false,עלי תרד 250 גרם,ששון ציון,IL,עלי תרד 500 גרם,גרמים,250.00,100 גרם,false,,12.90,0.0516,true,1,23634
7290013558824,false,שורש בזיל\רוזמרין\רו,תאי,IL,בזיליקום,גרמים,100.00,100 גרם,false,,7.50,0.0750,true,1,23635
7290013558855,false,לבבות חסה,רימון,IL,עלי רומית,יח',1.00,יח',false,,10.90,10.9000,true,1,23636
7290013580009,false,המבורגר זהב 400 גרם,בלדי,IL,בלדי,גרמים,400.00,100 גרם,false,,15.90,0.0398,true,1,50405
7290013584182,false,ספרייט 1.5 ליטר,קוקה קולה ישראל,IL,ספרייט,ליטרים,1.50,ליטר,false,,9.00,6.0000,true,1,9635
7290013585233,false,פחית ספרייט זירו 330,קוקה קולה ישראל,IL,ספרייט,מיליליטרים,330.00,"100 מ""ל",false,,5.00,0.0152,true,1,9638
7290013585240,false,ספרייט זירו 1.5 ליטר,קוקה קולה ישראל,IL,ספרייט,ליטרים,1.50,ליטר,false,,9.00,6.0000,true,1,9639
7290013585387,false,קוקה קולה זירו 1 ליט,קוקה קולה ישראל,IL,קוקה קולה,ליטרים,1.00,ליטר,false,,6.90,6.9000,true,1,9649
7290013585394,false,קוקה קולה 1 ליטר,קוקה קולה ישראל,IL,קוקה קולה,ליטרים,1.00,ליטר,false,,7.20,7.2000,true,1,9650
7290013585967,false,פחיות ספרייט זירו שי,קוקה קולה ישראל,IL,קוקה קולה,ליטרים,1.98,ליטר,false,,22.30,11.2626,true,1,9662
7290013608260,false,מיץ רימונים 100%מיץ,"גניר (1992) בע""מ",IL,תוצרת מסחרית,ליטרים,1.00,ליטר,false,,23.90,23.9000,true,1,16404
7290013608482,false,נקטר מנגו ‏1‏ל,גניר,IL,פרימור,ליטרים,1.00,ליטר,false,,7.90,7.9000,true,1,22651
7290013608550,false,נקטר תפוזים ‏1‏ל,גניר,IL,פרימור,ליטרים,1.00,ליטר,false,,7.90,7.9000,true,1,22655
7290013608673,false,נקטר תפוחי עץ ‏1‏ל,גניר,IL,פרימור,ליטרים,1.00,ליטר,false,,7.90,7.9000,true,1,22659
7290013652164,false,שלישית מגבונים להסרת,"ד""ר פישר",IL,נטורל קר,יח',90.00,יח',false,,24.90,0.2767,true,1,13503
7290013675194,false,שניצל אמיתי ביתי ללא,תנובה גליל,IL,מאמא עוף,גרמים,700.00,100 גרם,false,,29.90,0.0427,true,1,24757
7290013675545,false,שניצל כלי תחבורה 700,תנובה גליל,IL,מאמא עוף,גרמים,700.00,100 גרם,false,,34.90,0.0499,true,1,31532
7290013677822,false,גריסי פנינה 1 ק''ג,"מיה תעשיות מזון בע""מ",IL,מיה,קילוגרמים,1.00,"ק""ג",false,,6.90,6.9000,true,1,13416
7290013677846,false,כוסמת 1 ק'ג,"מיה תעשיות מזון בע""מ",IL,מיה,קילוגרמים,1.00,"ק""ג",false,,11.90,11.9000,true,1,13418
7290013713025,false,בירה גיימס פילס 0.33,,IL,בירה גיימס פילס 0.33,מיליליטרים,330.00,"100 מ""ל",false,,12.90,0.0391,true,1,50662
7290013713049,false,בירה גיימס 0.33 ליטר,,IL,בירה גיימס 0.33 ליטר,מיליליטרים,330.00,"100 מ""ל",false,,12.90,0.0391,true,1,50664
7290013713094,false,בירה גיימס 0.33 ליטר,,IL,בירה גיימס 0.33 ליטר,מיליליטרים,330.00,"100 מ""ל",false,,12.90,0.0391,true,1,57675
7290013787392,false,*מבצע* רביולי גבינות,תנובה,IL,פסטה ריקו,גרמים,330.00,100 גרם,false,,21.90,0.0664,true,1,57517
7290013787408,false,*מבצע* רביולי בטטה פ,תנובה,IL,פסטה ריקו,גרמים,330.00,100 גרם,false,,21.90,0.0664,true,1,57518
7290013847454,false,טונה סטארקיסט בשמן ק,"סטארקיסט פודור בע""מ",IL,סטארקיסט,גרמים,640.00,100 גרם,false,,24.90,0.0389,true,1,49968
7290013848345,false,*מבצע* מטליות לחות ל,סנו,IL,*מבצע* מטליות לחות ל,יח',150.00,יח',false,,17.90,0.1193,true,1,48932
7290013848611,false,רדיד אלומיניום צר עב,,,רדיד אלומיניום צר עב,יחידה,0.00,יחידה,false,,39.90,0.0000,true,1,67650
7290013883407,false,*מבצע* דזיטול מרסס ל,מרקה,ES,דזיטול,מיליליטרים,750.00,"100 מ""ל",false,,12.90,0.0172,true,1,12471
7290013906205,false,פסטרמה שום וצילי 400,טירת- צבי,IL,טירת- צבי,גרמים,400.00,100 גרם,false,,25.90,0.0647,true,1,24564
7290013906694,false,*מבצע* נקניקיות עוף,טירת צבי,IL,*מבצע* נקניקיות עוף,קילוגרמים,1.50,"ק""ג",false,,29.90,19.9333,true,1,62096
7290013927200,false,עוגת שוקולד ציפס עשי,"אחדות ביח""ר לטחינה ח",IL,אחוה,גרמים,400.00,100 גרם,false,,10.90,0.0273,true,1,4300
7290013927804,false,טחינה גולמית מלא אחו,"אחדות ביח""ר לטחינה ח",,טחינה גולמית מלא אחו,קילוגרמים,1.00,"ק""ג",false,,19.90,19.9000,true,1,66767
7290013927996,false,עוגת שמרים קרנץ בטעם,"אחדות ביח""ר לטחינה ח",IL,אחוה,גרמים,400.00,100 גרם,false,,9.90,0.0248,true,1,54466
7290014002197,false,*מבצע* חליטת קמומיל,ויסוצקי,IL,ויסוצקי,גרמים,50.00,100 גרם,false,,16.90,0.3380,true,1,17885
7290014002203,false,*מבצע* חליטת לימונית,ויסוצקי,IL,ויסוצקי,גרמים,50.00,100 גרם,false,,16.90,0.3380,true,1,17886
7290014002944,false,*מבצע* חמדת שקד,ויסוצקי,IL,ויסוצקי,גרמים,75.00,100 גרם,false,,16.90,0.2253,true,1,17897
7290014002982,false,*מבצע* תה ירוק לימונ,ויסוצקי,IL,ויסוצקי,גרמים,937.50,100 גרם,false,,17.90,0.0191,true,1,17898
7290014046016,false,פסטרמה של פעם 100% 2,מעדני יחיעם,IL,יחיעם,גרמים,250.00,100 גרם,false,,24.90,0.0996,true,1,3201
7290014046474,false,*מבצע* נקניקיות עוף,מעדני יחיעם,IL,יחיעם,קילוגרמים,1.50,"ק""ג",false,,26.90,17.9333,true,1,3207
7290014046757,false,סלמי תה 300 גרם,מעדני יחיעם,IL,יחיעם,גרמים,300.00,100 גרם,false,,19.90,0.0663,true,1,3217
7290014059078,false,אקווה פרש מי פה אקסט,גלקסוסמיתקליין,,אקווה פרש מי פה אקסטרים,מיליליטרים,500.00,"100 מ""ל",false,,14.90,0.0298,true,1,10807
7290014059085,false,סנסודיין שיקום והגנה,"סמית קליין ביצ'ם בע""",GB,סנסודיין,מיליליטרים,75.00,"100 מ""ל",false,,25.90,0.3453,true,1,10808
7290014059436,false,סנסודיין לשיקום והגנ,"סמית קליין ביצ'ם בע""",GB,סנסודיין,מיליליטרים,75.00,"100 מ""ל",false,,25.90,0.3453,true,1,10810
7290014066366,false,לנדוור קפסולות אספרס,קפה לנדוור,IL,לנדוור,גרמים,50.00,100 גרם,false,,16.90,0.3380,true,1,53965
7290014066526,false,לנדוור קפסולות אספרס,קפה לנדוור,IL,לנדוור,גרמים,50.00,100 גרם,false,,16.90,0.3380,true,1,53969
7290014079014,false,לבבות קיסר,תאי גרנלוקס,IL,לבבות קיסר,יח',1.00,יח',false,,9.90,9.9000,true,1,7150
7290014079076,false,אלפלפא,תאי פרידה אינדסטרי ב,IL,אלפלפא,יח',1.00,יח',false,,5.90,5.9000,true,1,7151
7290014079328,false,פרסה יח',,,פרסה יח',יח,1.00,יח,false,,7.90,7.9000,true,1,51494
7290014079847,false,צמד פטריות בייבי בלה,,,צמד פטריות בייבי בלה,יח',2.00,יח',false,,15.90,7.9500,true,1,7157
7290014079854,false,לבבות חסה ארוז,,,לבבות חסה ארוז,יח',1.00,יח',false,,10.90,10.9000,true,1,7158
7290014083813,false,שפרוטים מעושנים בשמן,Briavais Vilns,LV,וילי פוד,גרמים,190.00,100 גרם,false,,7.90,0.0416,true,1,11225
7290014092532,false,דלעת ארוזה,,,דלעת ארוזה,קילוגרמים,1.00,"ק""ג",true,,8.90,8.9000,true,1,51524
7290014094529,false,"רוטב סויה 300 מ""ל אה",גוואנגזו,CN,אהרוני,מיליליטרים,300.00,"100 מ""ל",false,,9.90,0.0330,true,1,3346
7290014094857,false,פקאן סיני מסוכר 150,"דין שיווק וקלייה בע""",IL,ששון הקולה,גרמים,150.00,100 גרם,false,,22.90,0.1527,true,1,3361
7290014095861,false,שיבולת שועל דקה 500,"דין שיווק וקלייה בע""",IL,"דין שיווק וקלייה בע""מ",גרמים,500.00,100 גרם,false,,5.90,0.0118,true,1,3367
7290014095946,false,פקאן בשוקולד מריר 14,"שקדיה גבע תעשיות בע""",IL,שקדיה,גרמים,140.00,100 גרם,false,,10.90,0.0779,true,1,3368
7290014095960,false,שיבולת שועל עבה 500,"דין שיווק וקלייה בע""",IL,"דין שיווק וקלייה בע""מ",גרמים,500.00,100 גרם,false,,5.90,0.0118,true,1,3370
7290014204003,false,*מבצע* שמפו לשיער צב,א.ל ארמן,IL,פנינה רוזנבלום בע'מ,מיליליטרים,750.00,"100 מ""ל",false,,8.90,0.0119,true,1,15650
7290014204027,false,*מבצע* שמפו יומי 750,א.ל ארמן,IL,פנינה רוזנבלום בע'מ,מיליליטרים,750.00,"100 מ""ל",false,,8.90,0.0119,true,1,15652
7290014204560,false,*מבצע* שלישיית סבון,יהודה אריאל,IL,פנינה רוזנבלום,מיליליטרים,1500.00,"100 מ""ל",false,,10.90,0.0073,true,1,15655
7290014204683,false,*מבצע* סבון משאבה 1,יהודה אריאל,IL,פנינה רוזנבלום בע'מ,ליטרים,1.00,ליטר,false,,8.90,8.9000,true,1,15667
7290014204706,false,*מבצע* סבון משאבה 1,יהודה אריאל,IL,פנינה רוזנבלום בע'מ,ליטרים,1.00,ליטר,false,,8.90,8.9000,true,1,15669
7290014204713,false,מבשם גוף בניחוח קרם,סאסא קוסמטיקס,IL,פנינה רוזנבלום,מיליליטרים,250.00,"100 מ""ל",false,,25.90,0.1036,true,1,15670
7290014205062,false,כוסות שקוף 100 יח',,,כוסות שקוף 100 יח',יח',100.00,יח',false,,7.90,0.0790,true,1,25857
7290014205659,false,לבבות דקל שלם 400 גר,,,לבבות דקל שלם 400 גר,גרמים,400.00,100 גרם,false,,9.90,0.0248,true,1,66981
7290014206281,false,מדליק פחם ראש גפרור,,,שווה,יח,1.00,יח,false,,4.90,4.9000,true,1,56231
7290014206496,false,מפה מוטבעת בגליל אל,,,מפה מוטבעת בגליל אל,מטרים,15.00,מטר,false,,34.90,2.3267,true,1,56542
7290014217003,false,פפריקה בטעם מעושן 90,"תבליני טעם וריח בע""מ",IL,"תבליני טעם וריח בע""מ",גרמים,90.00,100 גרם,false,,9.90,0.1100,true,1,21972
7290014217010,false,T-BUL לדגים 90 גרם,"תבליני טעם וריח בע""מ",IL,"תבליני טעם וריח בע""מ",גרמים,90.00,100 גרם,false,,9.90,0.1100,true,1,21973
7290014217027,false,T-BUL לעוף 120 גרם,"תבליני טעם וריח בע""מ",IL,"תבליני טעם וריח בע""מ",גרמים,120.00,100 גרם,false,,9.90,0.0825,true,1,21974
7290014217065,false,אורגנו 40 גרם,"תבליני טעם וריח בע""מ",IL,"תבליני טעם וריח בע""מ",גרמים,30.00,100 גרם,false,,9.90,0.3300,true,1,21976
7290014217119,false,תערובת תיבול לצ'יפס,"תבליני טעם וריח בע""מ",IL,"תבליני טעם וריח בע""מ",גרמים,100.00,100 גרם,false,,9.90,0.0990,true,1,21977
7290014217140,false,ראס אל חנות 100 גרם,"תבליני טעם וריח בע""מ",IL,"תבליני טעם וריח בע""מ",גרמים,100.00,100 גרם,false,,9.90,0.0990,true,1,21980
7290014217157,false,תערובת תיבול טוסקנה,"תבליני טעם וריח בע""מ",IL,"תבליני טעם וריח בע""מ",גרמים,120.00,100 גרם,false,,9.90,0.0825,true,1,21981
7290014217164,false,פטרוזיליה 20 גרם,"תבליני טעם וריח בע""מ",IL,"תבליני טעם וריח בע""מ",גרמים,20.00,100 גרם,false,,9.90,0.4950,true,1,21982
7290014217171,false,תערובת תיבול גריל דג,"תבליני טעם וריח בע""מ",IL,"תבליני טעם וריח בע""מ",גרמים,100.00,100 גרם,false,,9.90,0.0990,true,1,21983
7290014217201,false,סומק 45  גרם,"תבליני טעם וריח בע""מ",IL,"תבליני טעם וריח בע""מ",גרמים,45.00,100 גרם,false,,6.90,0.1533,true,1,21984
7290014217225,false,גריל עוף 120 גרם,"תבליני טעם וריח בע""מ",IL,"תבליני טעם וריח בע""מ",גרמים,120.00,100 גרם,false,,9.90,0.0825,true,1,21985
7290014217263,false,תערובת לתיבול פרגיות,"תבליני טעם וריח בע""מ",IL,"תבליני טעם וריח בע""מ",גרמים,100.00,100 גרם,false,,9.90,0.0990,true,1,21986
7290014217355,false,אבקת קארי 100 גרם,"תבליני טעם וריח בע""מ",IL,"תבליני טעם וריח בע""מ",גרמים,100.00,100 גרם,false,,9.90,0.0990,true,1,21990
7290014217362,false,תערובת תיבול לקציצות,"תבליני טעם וריח בע""מ",IL,"תבליני טעם וריח בע""מ",גרמים,100.00,100 גרם,false,,9.90,0.0990,true,1,21991
7290014217485,false,תערובת תיבול קייג'ון,"תבליני טעם וריח בע""מ",IL,"תבליני טעם וריח בע""מ",גרמים,100.00,100 גרם,false,,9.90,0.0990,true,1,21994
7290014217492,false,תערובת תיבול פילדלפי,"תבליני טעם וריח בע""מ",IL,"תבליני טעם וריח בע""מ",גרמים,100.00,100 גרם,false,,9.90,0.0990,true,1,21995
7290014218321,false,בורקס יפו גבינה 600ג,מעדנות,IL,מעדנות,גרמים,600.00,100 גרם,false,,17.90,0.0298,true,1,24628
7290014218932,false,*מבצע* חטיפי פיצה בת,מעדנות,IL,מעדנות,גרמים,650.00,100 גרם,false,,27.90,0.0429,true,1,49561
7290014256637,false,*מבצע* מוסקטו באזז י,יקבי כרמל,IL,סלקטד,מיליליטרים,750.00,"100 מ""ל",false,,23.90,0.0319,true,1,6144
7290014288584,false,נייר אפיה 50 יח 37*4,,,נייר אפיה 50 יח 37*4,יח',50.00,יח',false,,7.90,0.1580,true,1,29763
7290014288614,false,רדיד אלומיניום 30 מט,,,רדיד אלומיניום 30 מט,מטרים,30.00,מטר,false,,15.90,0.5300,true,1,48621
7290014288621,false,רדיד אלומיניום כוכבי,,,רדיד אלומיניום כוכבי,מטרים,30.00,מטר,false,,25.90,0.8633,true,1,61455
7290014288980,false,נייר טישו חמישייה 10,,,נייר טישו חמישייה 10,יח',5.00,יח',false,,9.90,1.9800,true,1,51296
7290014325043,false,"פודינג וניל 1 ק""ג",מיה,IL,"פודינג וניל 1 ק""ג",קילוגרמים,1.00,"ק""ג",false,,13.90,13.9000,true,1,60026
7290014325050,false,קורנפלור 500 גרם,"מיה תעשיות מזון בע""מ",IL,מיה,גרמים,500.00,100 גרם,false,,3.90,0.0078,true,1,13420
7290014338593,false,שמן קנולה 1 ליטר יוח,ברוקלמן,DE,יוחננוף,ליטרים,1.00,ליטר,false,,8.90,8.9000,true,1,26759
7290014397163,false,סנו פרש מילוי,סנו,IL,סנו פרש מילוי,יח',1.00,יח',false,,13.90,13.9000,true,1,29073
7290014397170,false,סנו פרש מילוי סופט ב,סנו,IL,סנו פרש מילוי סופט ב,יח',1.00,יח',false,,13.90,13.9000,true,1,29074
7290014397279,false,שקיות מזון XL 300 יח,"אשפלסט תעשיות בע""מ",IL,סנו סושי,יח',300.00,יח',false,,11.90,0.0397,true,1,10184
7290014397286,false,מרכך מקסימה מרוכז 1,סנו,IL,מקסימה,ליטרים,1.00,ליטר,false,,17.90,17.9000,true,1,10185
7290014397538,false,סנופרש הום תרסיס,סנו,IL,סנופרש,מיליליטרים,350.00,"100 מ""ל",false,,10.90,0.0311,true,1,10194
7290014397705,false,פוליווקס פרקט 2 ליטר,סנו,IL,פוליוויקס,ליטרים,2.00,ליטר,false,,19.90,9.9500,true,1,10202
7290014397767,false,*מבצע* ריצפז פרש הום,סנו,IL,ריצפז,ליטרים,2.00,ליטר,false,,19.90,9.9500,true,1,10207
7290014397873,false,מרכך מקסימה 4 ליטר,סנו,IL,מקסימה,ליטרים,4.00,ליטר,false,,21.90,5.4750,true,1,52100
7290014435704,false,סלמון מעושן 100 גרם,שמיר פל דגים,IL,שמיר,גרמים,100.00,100 גרם,false,,19.90,0.1990,true,1,17634
7290014455245,false,גרנה פדנו משולש 200ג,מחלבות גד,IT,גד,גרמים,200.00,100 גרם,false,,24.90,0.1245,true,1,13759
7290014455252,false,גרנה פדנו מגורד 100ג,מחלבות גד,IT,גד,גרמים,100.00,100 גרם,false,,12.50,0.1250,true,1,13760
7290014455320,false,מוצרלה פרסקה 100גרם,,,מוצרלה פרסקה 100גרם,גרמים,100.00,100 גרם,false,,9.90,0.0990,true,1,13767
7290014459472,false,"ציפס קלאסי 2 ק""ג","תעשיות תפוגן בע""מ",IL,תפוגן,קילוגרמים,2.00,"ק""ג",false,,24.90,12.4500,true,1,4916
7290014466128,false,הר חרמון אינדיגו,יקב רמת הגולן,IL,חרמון,מיליליטרים,750.00,"100 מ""ל",false,,31.90,0.0425,true,1,26212
7290014466463,false,הר חרמון מוסקטו,יקב רמת הגולן,IL,חרמון,מיליליטרים,750.00,"100 מ""ל",false,,31.90,0.0425,true,1,26217
7290014471429,false,*מבצע* מיזלי פירות 1,"דין שיווק וקלייה בע""",IL,שקדיה,קילוגרמים,1.00,"ק""ג",false,,19.90,19.9000,true,1,3372
7290014472235,false,פקאן סיני מסוכר 200ג,"דין שיווק וקלייה בע""",IL,ששון הקולה,גרמים,200.00,100 גרם,false,,24.90,0.1245,true,1,3380
7290014472990,false,ממרח 100% שקדים 300,שקרצי,IL,שקדיה,גרמים,300.00,100 גרם,false,,32.90,0.1097,true,1,3388
7290014480209,false,"תפ""ע זהוב ברשת",משתנה,IL,"תפו""ע סמיט",קילוגרמים,1.00,"ק""ג",true,,7.90,7.9000,true,1,57186
7290014480216,false,"תפ""ע סמיט ברשת",משתנה,IL,"תפו""ע סמיט",קילוגרמים,1.00,"ק""ג",true,,7.90,7.9000,true,1,57187
7290014480223,false,"תפ""ע חרמון ברשת",משתנה,IL,"תפו""ע סמיט",קילוגרמים,1.00,"ק""ג",true,,7.90,7.9000,true,1,57188
7290014480230,false,"תפ""ע גלה ברשת",משתנה,IL,"תפו""ע גאלה",קילוגרמים,1.00,"ק""ג",true,,7.90,7.9000,true,1,57747
7290014525306,false,מרבה סלים דליס קריספ,Biocentury,NL,מרבה,גרמים,125.00,100 גרם,false,,10.90,0.0872,true,1,20132
7290014525313,false,מרבה סלים דליס קריספ,Biocentury,NL,מרבה,גרמים,125.00,100 גרם,false,,10.90,0.0872,true,1,20133
7290014525665,false,*מבצע* מרבה על חלל ע,"מרבה בע""מ",NL,*מבצע* מרבה על חלל ע,גרמים,140.00,100 גרם,false,,7.90,0.0564,true,1,59240
7290014534650,false,לה פסטה צינור,מוטלו,TR,לה פסטה,גרמים,400.00,100 גרם,false,,3.50,0.0088,true,1,19585
7290014534667,false,לה פסטה קונכיה,מוטלו,TR,לה פסטה,גרמים,400.00,100 גרם,false,,3.50,0.0088,true,1,19586
7290014534674,false,לה פסטה פרפר,מוטלו,TR,לה פסטה,גרמים,400.00,100 גרם,false,,3.50,0.0088,true,1,19587
7290014534681,false,לה פסטה בורג,מוטלו,TR,לה פסטה,גרמים,400.00,100 גרם,false,,3.50,0.0088,true,1,19588
7290014534698,false,לה פסטה תלתל,מוטלו,TR,לה פסטה,גרמים,400.00,100 גרם,false,,3.50,0.0088,true,1,19589
7290014534704,false,לה פסטה אטריות מרק,מוטלו,TR,לה פסטה,גרמים,400.00,100 גרם,false,,3.50,0.0088,true,1,19590
7290014547322,false,זוג מברשות שיניים סנ,,,זוג מברשות שיניים סנ,יח',2.00,יח',false,,29.90,14.9500,true,1,49025
7290014547353,false,זוג מברשות שיניים סנ,,,זוג מברשות שיניים סנ,יח',2.00,יח',false,,19.90,9.9500,true,1,49026
7290014674004,false,קריספ פירורי לחם שומ,א.ל ייצור ושיווק תבל,IL,קריספ פירורי לחם שומ,גרמים,300.00,100 גרם,false,,7.80,0.0260,true,1,63649
7290014692299,false,*מבצע* גבינת ברי 125,ארלה,DK,וילי פוד,גרמים,125.00,100 גרם,false,,14.90,0.1192,true,1,11227
7290014692305,false,*מבצע* גבינת קממבר 1,ארלה,DK,CASTELLO,גרמים,125.00,100 גרם,false,,14.90,0.1192,true,1,11228
7290014692541,false,צהובה מגורדת גולדן 5,מנטואה סורגלטי,IT,אודם מגורדת,גרמים,500.00,100 גרם,false,,19.90,0.0398,true,1,11236
7290014692565,false,גרעיני תירס מתוק 320,מגסטיק פוד,TH,וילי פוד,גרמים,320.00,100 גרם,false,,4.90,0.0153,true,1,11237
7290014692817,false,גבינת מוצרלה מגורדת,,,גבינת מוצרלה מגורדת 200 ג,גרמים,200.00,100 גרם,false,,15.90,0.0795,true,1,11242
7290014704572,false,קפה טורקי יוחננוף 10,רג'ואן,IL,קפה טורקי יוחננוף 10,גרמים,100.00,100 גרם,false,,5.90,0.0590,true,1,67167
7290014704602,false,מארז קפה טורקי יוחננ,רג'ואן,IL,מארז קפה טורקי יוחננ,גרמים,255.00,100 גרם,false,,13.90,0.0545,true,1,67174
7290014712379,false,יוגורט אפרסק בקבוק 5,מחלבת בת הרים,IL,יוגורט אפרסק בקבוק 5,מיליליטרים,500.00,"100 מ""ל",false,,15.90,0.0318,true,1,59261
7290014712539,false,יוגורט תות שדה בקבוק,מחלבת בת הרים,IL,יוגורט תות שדה בקבוק,מיליליטרים,500.00,"100 מ""ל",false,,15.90,0.0318,true,1,59262
7290014749078,false,מקלוני קבנוס עוף טוב,עוף טוב,IL,עוף טוב,גרמים,200.00,100 גרם,false,,15.90,0.0795,true,1,52319
7290014749764,false,עוף טוב שניצל עוף בי,עוף טוב,IL,עוף טוב,גרמים,700.00,100 גרם,false,,34.90,0.0499,true,1,55627
7290014758100,false,מאגדת יוגורט ביו 3%,אוליביה,IL,תנובה,ליטרים,1.20,ליטר,false,,16.90,14.0833,true,1,19189
7290014758117,false,מאגדת יוגורט ביו  1.,תנובה,IL,תנובה,ליטרים,1.20,ליטר,false,,16.90,14.0833,true,1,19190
7290014759084,false,נפוליאון 16% גביע 22,תנובה,IL,נפוליאון,גרמים,225.00,100 גרם,false,,13.90,0.0618,true,1,19207
7290014759978,false,קשקבל גלעד 27% פלח 2,תנובה,IL,קולאז,גרמים,200.00,100 גרם,false,,25.90,0.1295,true,1,19215
7290014759985,false,פלח פרמזן גבע 23% 20,תנובה,IL,קולאז,גרמים,200.00,100 גרם,false,,23.90,0.1195,true,1,19216
7290014759992,false,פלח רוקפור גליל 27%,תנובה,IL,קולאז,גרמים,140.00,100 גרם,false,,19.90,0.1421,true,1,19217
7290014760141,false,משקה שקדים טרי 1 ליט,תנובה,IL,משקה שקדים טרי 1 ליט,ליטרים,1.00,ליטר,false,,11.90,11.9000,true,1,19222
7290014760448,false,גלבוע 22%  400 גרם,תנובה,IL,תנובה,גרמים,400.00,100 גרם,false,,23.90,0.0597,true,1,19227
7290014760912,false,גוש חלב 28% 400 גרם,תנובה,IL,תנובה,גרמים,400.00,100 גרם,false,,24.90,0.0622,true,1,19247
7290014761018,false,גיל בטעם וניל 125 גר,תנובה,IL,תנובה,גרמים,125.00,100 גרם,false,,1.40,0.0112,true,1,52682
7290014761056,false,YOLO מעדן שוקולד חלב,תנובה,IL,YOLO,גרמים,123.00,100 גרם,false,,4.50,0.0366,true,1,19249
7290014761063,false,YOLO מעדן שוקולד מרי,תנובה,IL,YOLO,גרמים,123.00,100 גרם,false,,4.50,0.0366,true,1,19250
7290014761070,false,YOLO מעדן שוקולד לבן,תנובה,IL,YOLO,גרמים,123.00,100 גרם,false,,4.50,0.0366,true,1,19251
7290014761193,false,פרילי פירות יער 1.5%,תנובה,IL,פרילי,גרמים,125.00,100 גרם,false,,3.40,0.0272,true,1,19254
7290014761414,false,YOLO מעדן שכבות שוקו,תנובה,IL,יולו,גרמים,122.00,100 גרם,false,,4.50,0.0369,true,1,19265
7290014761438,false,בולגרית 24% סמי מעדנ,תנובה,IL,פיראוס,גרמים,400.00,100 גרם,false,,26.90,0.0672,true,1,19266
7290014761612,false,YOLO מעדן שכבות שוקו,תנובה,IL,יולו,גרמים,122.00,100 גרם,false,,4.50,0.0369,true,1,19271
7290014762756,false,נפוליאון 16% עם בצל,תנובה,IL,נפוליאון,גרמים,225.00,100 גרם,false,,12.90,0.0573,true,1,19322
7290014762800,false,מעדן סויה שוקולד גבי,תנובה,IL,תנובה,מיליליטרים,125.00,"100 מ""ל",false,,3.90,0.0312,true,1,27422
7290014762831,false,נפוליאון זיתים עם חל,תנובה,IL,נפוליאון,גרמים,225.00,100 גרם,false,,12.90,0.0573,true,1,19324
7290014762909,false,מוצרלה פתיתים 20% שו,תנובה,IL,תנובה,גרמים,200.00,100 גרם,false,,15.90,0.0795,true,1,19331
7290014763272,false,יוגורט סויה לשתיה תו,תנובה,IL,משקה סויה,מיליליטרים,236.00,"100 מ""ל",false,,5.50,0.0233,true,1,19341
7290014763395,false,עמק סמי מעדניה  600,תנובה,IL,עמק,גרמים,600.00,100 גרם,false,,29.90,0.0498,true,1,19347
7290014791558,false,שוופס סודה נענע ליים,יפאורה תבורי,IL,שוופס,ליטרים,6.00,ליטר,false,,9.90,1.6500,true,1,12379
7290014855434,false,מגבוני בייביסיטר פרפ,DPL,IL,בייביסיטר פרופורמנס,יח',288.00,יח',false,,14.90,0.0517,true,1,17028
7290014855458,false,מגבוני בייביסיטר פרפ,DPL,IL,בייביסיטר פרופורמנס,יח',288.00,יח',false,,14.90,0.0517,true,1,17029
7290014890169,false,גבינת שמנת שום שמיר,גבינות יעקבס,IL,משק יעקבס,גרמים,225.00,100 גרם,false,,9.90,0.0440,true,1,50999
7290014901254,false,מרכך קרטין לאחר החלק,ארמן,IL,סטייל,מיליליטרים,750.00,"100 מ""ל",false,,24.90,0.0332,true,1,10821
7290014901896,false,מי פה סנסודיין 500 מ,גלקסוסמיתקליין,GB,סנסודיין,מיליליטרים,500.00,"100 מ""ל",false,,25.90,0.0518,true,1,10829
7290014905160,false,מטהר אוויר פניני ריח,רלווי,IT,הפי,גרמים,130.00,100 גרם,false,,10.90,0.0838,true,1,12484
7290014905207,false,ג'ל כחול מבושם לניקו,אייפי אס,TR,הפי,מיליליטרים,750.00,"100 מ""ל",false,,7.90,0.0105,true,1,12486
7290014905733,false,מרסס לניקוי חלונות 7,אייפי אס,TR,הפי,מיליליטרים,750.00,"100 מ""ל",false,,6.90,0.0092,true,1,12493
7290014931084,false,אורגנו עם שורש,תפוגן,IL,אורגנו,יח',1.00,יח',false,,7.50,7.5000,true,1,23647
7290014931107,false,נענע עם שורש,קלסיקלטת,IL,נענע,יח',1.00,יח',false,,7.50,7.5000,true,1,23649
7290014940901,false,לחם פשוט מלא 750 גרם,אנג'ל,IL,לחם פשוט מלא 750 גרם,גרמים,750.00,100 גרם,false,,13.90,0.0185,true,1,6230
7290014945203,false,שטיחון מיקרופייבר 50,,,שטיחון מיקרופייבר 50,יח',1.00,יח',false,,29.90,29.9000,true,1,67039
7290014962521,false,משחת שיניים טפטפים ג,כצט,IL,כצט,מיליליטרים,50.00,"100 מ""ל",false,,10.90,0.2180,true,1,10834
7290014974562,false,גביעי גלידה 24 יח,"גילרו בע""מ",IL,גילרו,גרמים,120.00,100 גרם,false,,5.90,0.0492,true,1,8577
7290015037204,false,כרוב לבן חסלט 400 גר,,,כרוב לבן חסלט 400 גרם,גרמים,400.00,100 גרם,false,,11.90,0.0298,true,1,12538
7290015037211,false,כרוב אדום חסלט 400 ג,,,כרוב אדום חסלט 400 גרם,גרמים,400.00,100 גרם,false,,11.90,0.0298,true,1,12539
7290015037228,false,סלט קולסלאו חסלט 400,,,סלט קולסלאו חסלט 400 גרם,גרמים,400.00,100 גרם,false,,11.90,0.0298,true,1,12540
7290015037280,false,כוסברה חסלט,ס.ר.ל פוסטל,IL,כוסברה חסלט,יח',1.00,יח',false,,6.40,6.4000,true,1,12545
7290015037419,false,סלרי חסלט,עבאדי,IL,סלרי חסלט,יח',1.00,יח',false,,7.40,7.4000,true,1,12550
7290015037433,false,חסה ערבית חסלט,נסטלה קוריאה - קפה,IL,חסה ערבית חסלט,יח',1.00,יח',false,,7.40,7.4000,true,1,12552
7290015037440,false,כרוב לבן שלם חסלט,סאסאטק,IL,כרוב לבן שלם חסלט,קילוגרמים,1.00,"ק""ג",true,,14.90,14.9000,true,1,12553
7290015037525,false,בצל ירוק חסלט,de-lile-de re,IL,בצל ירוק חסלט,00000000000000000000,0.00,00000000000000000000,false,,6.90,0.0000,true,1,12555
7290015037655,false,כרובית קפוא 600 גרם,י.ש. ירקות עליים,IL,כרובית קפוא 600 גרם,גרמים,600.00,100 גרם,false,,29.90,0.0498,true,1,62454
7290015037662,false,ברוקולי קפוא 600 גרם,י.ש. ירקות עליים,IL,ברוקולי קפוא 600 גרם,גרמים,600.00,100 גרם,false,,29.90,0.0498,true,1,62455
7290015039246,false,טונה רביעייה בשמן,טרופיקל,TH,וילי פוד,גרמים,640.00,100 גרם,false,,19.90,0.0311,true,1,11255
7290015039338,false,טונה במים רביעיה 160,,,טונה במים רביעיה 160*4 גר,גרמים,640.00,100 גרם,false,,19.90,0.0311,true,1,11257
7290015129145,false,סקיני פסטה ספגטי.,הוויזאי וונגיה,CN,סקיני פסטה,גרמים,270.00,100 גרם,false,,10.90,0.0404,true,1,2411
7290015129220,false,סקיני פסטה קוסקוס.,הוויזאי וונגיה,CN,סקיני פסטה,גרמים,270.00,100 גרם,false,,10.90,0.0404,true,1,2417
7290015129312,false,סקיני סופ - תבשיל מר,,,סקיני סופ - תבשיל מר,גרמים,234.00,100 גרם,false,,19.90,0.0850,true,1,64170
7290015129428,false,סקיני מארז חמישיה -,,,סקיני מארז חמישיה -,גרמים,121.00,100 גרם,false,,26.90,0.2223,true,1,64173
7290015129435,false,סקיני מארז חמישיה -,,,סקיני מארז חמישיה -,גרמים,121.00,100 גרם,false,,26.90,0.2223,true,1,64174
7290015129657,false,סקיני פסטה פנה,,,סקיני פסטה פנה,גרמים,270.00,100 גרם,false,,10.90,0.0404,true,1,64175
7290015139250,false,"שוקולד מריר לל""ס פצפ",כרמית,IL,כרמית,גרמים,85.00,100 גרם,false,,4.90,0.0576,true,1,11840
7290015139267,false,"שוקולד מריר לל""ס שקד",כרמית,,כרמית,גרמים,85.00,100 גרם,false,,4.90,0.0576,true,1,11841
7290015150088,false,*מבצע* מחית עגבניות,,,מחית עגבניות,גרמים,700.00,100 גרם,false,,9.90,0.0141,true,1,17914
7290015150118,false,עגבניות חתוכות דק 3*,ויסוצקי,IL,עגבניות חתוכות דק,קילוגרמים,1.20,"ק""ג",false,,16.90,14.0833,true,1,17917
7290015150361,false,*מבצע* תה ירוק נענע,ויסוצקי,IL,תה ירוק נענע סטיביה,גרמים,937.50,100 גרם,false,,17.90,0.0191,true,1,17919
7290015150590,false,*מבצע* תה ירוק ג'ינג,ויסוצקי,IL,ויסוצקי,גרמים,937.50,100 גרם,false,,17.90,0.0191,true,1,17925
7290015150903,false,*מבצע* 25 ירוק קינמו,ויסוצקי,IL,ויסוצקי,גרמים,937.50,100 גרם,false,,17.90,0.0191,true,1,17934
7290015155250,false,פרמיו כריות סלמון לח,,,פרמיו כריות סלמון לח,יחידה,0.00,יחידה,false,,9.90,0.0000,true,1,55096
7290015155823,false,מחית פרינוק תפוח 120,פרוטה פודווין איי.אס,CZ,רנדי,גרמים,120.00,100 גרם,false,,5.90,0.0492,true,1,27476
7290015155830,false,מחית פרינוק תפוח בננ,פרוטה פודווין איי.אס,CZ,רנדי,גרמים,120.00,100 גרם,false,,5.90,0.0492,true,1,27477
7290015155847,false,מחית פרינוק סלט פירו,פרוטה פודווין איי.אס,CZ,רנדי,גרמים,120.00,100 גרם,false,,5.90,0.0492,true,1,27478
7290015156769,false,מחית פרינוק תפוח ואו,פרוטה פודווין איי.אס,CZ,רנדי,גרמים,120.00,100 גרם,false,,5.90,0.0492,true,1,47355
7290015156776,false,מחית פרינוק פירות טר,פרוטה פודווין איי.אס,CZ,רנדי,גרמים,120.00,100 גרם,false,,5.90,0.0492,true,1,31076
7290015156790,false,מחית פרינוק לפתן פיר,פרוטה פודווין איי.אס,CZ,רנדי,גרמים,120.00,100 גרם,false,,5.90,0.0492,true,1,31077
7290015164832,false,מחית קארי ירוקה,theppadungporn cocon,TH,mae ploy,גרמים,400.00,100 גרם,false,,19.90,0.0497,true,1,26380
7290015193139,false,רוטב צ'ילי מתוק ללא,תאי פרידה אינדסטרי ב,TH,WOK,מיליליטרים,300.00,"100 מ""ל",false,,8.90,0.0297,true,1,8589
7290015282000,false,איקרה אדומה 200 גרם,"סלטי שמיר 2006 בע""מ",IL,שמיר,גרמים,200.00,100 גרם,false,,12.90,0.0645,true,1,56169
7290015282024,false,איקרה לבנה 200 גרם,"סלטי שמיר 2006 בע""מ",IL,שמיר,גרמים,200.00,100 גרם,false,,12.90,0.0645,true,1,56170
7290015282390,false,סלט תורכי 200 גרם,"סלטי שמיר 2006 בע""מ",IL,סלטי שמיר,גרמים,200.00,100 גרם,false,,11.90,0.0595,true,1,17656
7290015282598,false,חומוס מסעדות 200 גרם,"סלטי שמיר 2006 בע""מ",IL,סלטי שמיר,גרמים,200.00,100 גרם,false,,9.90,0.0495,true,1,17659
7290015282604,false,טחינה מיוחדת 200 גרם,"סלטי שמיר 2006 בע""מ",IL,סלטי שמיר,גרמים,200.00,100 גרם,false,,9.90,0.0495,true,1,17660
7290015282635,false,חומוס מסבחה 200 גרם,"סלטי שמיר 2006 בע""מ",IL,סלטי שמיר,גרמים,200.00,100 גרם,false,,9.90,0.0495,true,1,17663
7290015282642,false,חומוס אבו גוש 200 גר,"סלטי שמיר 2006 בע""מ",IL,סלטי שמיר,גרמים,200.00,100 גרם,false,,9.90,0.0495,true,1,17664
7290015282666,false,סלט טונה בריאות 200,"סלטי שמיר 2006 בע""מ",IL,סלטי שמיר,גרמים,200.00,100 גרם,false,,16.90,0.0845,true,1,17665
7290015282680,false,קישוא בטעם כבד 200 ג,"סלטי שמיר 2006 בע""מ",IL,סלטי שמיר,גרמים,200.00,100 גרם,false,,11.90,0.0595,true,1,17667
7290015282697,false,כרוב אדום 200 גרם,"סלטי שמיר 2006 בע""מ",IL,סלטי שמיר,גרמים,200.00,100 גרם,false,,11.90,0.0595,true,1,17668
7290015282710,false,קוביות סלק 200 גרם,"סלטי שמיר 2006 בע""מ",IL,סלטי שמיר,גרמים,200.00,100 גרם,false,,9.90,0.0495,true,1,17669
7290015282741,false,חציל תאילנדי 200 גרם,"סלטי שמיר 2006 בע""מ",IL,סלטי שמיר,גרמים,200.00,100 גרם,false,,11.90,0.0595,true,1,17672
7290015320054,false,עוגיות בטעם חמאה 340,,,עוגיות חמאה 340 גרם,גרמים,340.00,100 גרם,false,,12.90,0.0379,true,1,20583
7290015320481,false,שוקולד מריר 60% 100ג,,,שוקולד מריר 60% 100גר,גרמים,100.00,100 גרם,false,,3.90,0.0390,true,1,54038
7290015324007,false,פלפל שחור גרוס שקית,"תבליני טעם וריח בע""מ",IL,"תבליני טעם וריח בע""מ",גרמים,80.00,100 גרם,false,,9.90,0.1238,true,1,21996
7290015324014,false,פלפל שחור טחון שקית,"תבליני טעם וריח בע""מ",IL,"תבליני טעם וריח בע""מ",גרמים,80.00,100 גרם,false,,9.90,0.1238,true,1,21997
7290015324038,false,פפריקה בשמן שקית 80,"תבליני טעם וריח בע""מ",IL,"תבליני טעם וריח בע""מ",גרמים,80.00,100 גרם,false,,5.90,0.0738,true,1,21998
7290015324045,false,פפריקה חריפה שקית 80,"תבליני טעם וריח בע""מ",IL,"תבליני טעם וריח בע""מ",גרמים,80.00,100 גרם,false,,5.90,0.0738,true,1,21999
7290015324052,false,פפריקה מתוקה שקית 80,"תבליני טעם וריח בע""מ",IL,"תבליני טעם וריח בע""מ",גרמים,80.00,100 גרם,false,,5.90,0.0738,true,1,22000
7290015324069,false,גריל עוף שקית 80 גרם,"תבליני טעם וריח בע""מ",IL,"תבליני טעם וריח בע""מ",גרמים,80.00,100 גרם,false,,5.90,0.0738,true,1,22001
7290015324076,false,זעתר מעורב שקית 80 ג,"תבליני טעם וריח בע""מ",IL,"תבליני טעם וריח בע""מ",גרמים,80.00,100 גרם,false,,5.90,0.0738,true,1,22002
7290015324083,false,מלח לימון שקית 80 גר,"תבליני טעם וריח בע""מ",IL,"תבליני טעם וריח בע""מ",גרמים,80.00,100 גרם,false,,5.90,0.0738,true,1,22003
7290015324090,false,כמון טחון שקית 80 גר,"תבליני טעם וריח בע""מ",IL,"תבליני טעם וריח בע""מ",גרמים,80.00,100 גרם,false,,5.90,0.0738,true,1,22004
7290015324106,false,כורכום טחון שקית 80,"תבליני טעם וריח בע""מ",IL,"תבליני טעם וריח בע""מ",גרמים,80.00,100 גרם,false,,5.90,0.0738,true,1,22005
7290015324113,false,בהרט שקית 80 גרם,"תבליני טעם וריח בע""מ",IL,"תבליני טעם וריח בע""מ",גרמים,80.00,100 גרם,false,,5.90,0.0738,true,1,22006
7290015324120,false,שום גבישי שקית 80 גר,"תבליני טעם וריח בע""מ",IL,"תבליני טעם וריח בע""מ",גרמים,80.00,100 גרם,false,,7.90,0.0988,true,1,22007
7290015324151,false,חוואיג' למרק שקית 80,"תבליני טעם וריח בע""מ",IL,"תבליני טעם וריח בע""מ",גרמים,80.00,100 גרם,false,,5.90,0.0738,true,1,22008
7290015324168,false,תערובת לתיבול על האש,"תבליני טעם וריח בע""מ",IL,"תבליני טעם וריח בע""מ",גרמים,80.00,100 גרם,false,,5.90,0.0738,true,1,22009
7290015324175,false,תערובת לתיבול שוארמה,"תבליני טעם וריח בע""מ",IL,"תבליני טעם וריח בע""מ",גרמים,80.00,100 גרם,false,,5.90,0.0738,true,1,22010
7290015324427,false,סודה לשתיה שקית 80 ג,"תבליני טעם וריח בע""מ",IL,טעם וריח,גרמים,80.00,100 גרם,false,,3.90,0.0487,true,1,28275
7290015324519,false,תערובת תיבול לפיצה ש,"תבליני טעם וריח בע""מ",IL,טעם וריח,גרמים,80.00,100 גרם,false,,5.90,0.0738,true,1,51846
7290015324526,false,תערובת לתיבול פרגיות,"תבליני טעם וריח בע""מ",IL,טעם וריח,גרמים,80.00,100 גרם,false,,5.90,0.0738,true,1,51847
7290015324540,false,טימין 30 גרם,"תבליני טעם וריח בע""מ",IL,טעם וריח,גרמים,30.00,100 גרם,false,,9.90,0.3300,true,1,51849
7290015324557,false,בהרט לבישול 80 גרם,"תבליני טעם וריח בע""מ",IL,טעם וריח,גרמים,80.00,100 גרם,false,,9.90,0.1238,true,1,51850
7290015324564,false,כוסברה טחונה 70 גרם,"תבליני טעם וריח בע""מ",IL,טעם וריח,גרמים,70.00,100 גרם,false,,9.90,0.1414,true,1,51851
7290015324571,false,פפריקה מתוקה בשמן בס,"תבליני טעם וריח בע""מ",IL,טעם וריח,גרמים,400.00,100 גרם,false,,19.90,0.0497,true,1,53392
7290015324731,false,*מבצע* מחית ג'ינג'ר,ליני קאטייאמה פודסטא,CN,*מבצע* מחית ג'ינג'ר,גרמים,210.00,100 גרם,false,,9.90,0.0471,true,1,64137
7290015324748,false,*מבצע* מחית שום וג'י,ליני קאטייאמה פודסטא,CN,*מבצע* מחית שום וג'י,גרמים,210.00,100 גרם,false,,9.90,0.0471,true,1,64138
7290015347273,false,נטיפי שוקולד אמיתי 2,מיה,IL,נטיפי שוקולד אמיתי 2,גרמים,250.00,100 גרם,false,,8.90,0.0356,true,1,60001
7290015347532,false,צ'יפס בטטה עם שמן זי,מיה,,צ'יפס בטטה עם שמן זי,גרמים,80.00,100 גרם,false,,7.90,0.0988,true,1,30384
7290015350150,false,*מבצע* יין אדום סגל,ברקן סגל,IL,סגל רגיל,מיליליטרים,750.00,"100 מ""ל",false,,19.90,0.0265,true,1,55456
7290015366663,false,"אקווה פרש 100 מ""ל",גלקסוסמיתקליין,SK,אקווה פרש,גרמים,100.00,100 גרם,false,,5.90,0.0590,true,1,10849
7290015366670,false,"אקווה פרש 100 מ""ל",גלקסוסמיתקליין,SK,אקווה פרש,גרמים,100.00,100 גרם,false,,5.90,0.0590,true,1,10850
7290015395045,false,קינואה 400 גרם,"שקדיה גבע תעשיות בע""",IL,שקדיה,גרמים,400.00,100 גרם,false,,9.90,0.0248,true,1,3391
7290015519502,false,ערכת קפה כולל בלון ג,,,ערכת קפה כולל בלון ג,יח',1.00,יח',false,,99.00,99.0000,true,1,60347
7290015596268,false,*מבצע* אלכוג'ל 100 מ,"ד""ר פישר",IL,"ד""ר פישר",מיליליטרים,100.00,"100 מ""ל",false,,9.90,0.0990,true,1,53618
7290015603188,false,אטריות ביצים,xiamen zhongshi impo,CN,מזרח ומערב,גרמים,454.00,100 גרם,false,,10.90,0.0240,true,1,26382
7290015603225,false,אטריות עם גזר,xiamen zhongshi impo,CN,מזרח ומערב,גרמים,454.00,100 גרם,false,,10.90,0.0240,true,1,26386
7290015603522,false,נוזל אגוזי קוקוס 400,asiatic agro industr,TH,asiatic,מיליליטרים,400.00,"100 מ""ל",false,,6.90,0.0173,true,1,26388
7290015603546,false,"קרם קוקוס 400 מ""ל",theppadungporn cocon,TH,מזרח ומערב,מיליליטרים,400.00,"100 מ""ל",false,,8.90,0.0223,true,1,26389
7290015603584,false,ג'ינג'ר לבן כבוש ללא,Laiwu Taifeng,CN,ג'ינג'ר לבן כבוש ללא,גרמים,160.00,100 גרם,false,,7.90,0.0494,true,1,51179
7290015644426,false,לחם מחמצת חיטה מלאה,אנג'ל,IL,אנגל,גרמים,600.00,100 גרם,false,,16.90,0.0282,true,1,2596
7290015652261,false,בוטנים קלויים 350 גר,"דין שיווק וקלייה בע""",IL,ששון הקולה,גרמים,350.00,100 גרם,false,,10.00,0.0286,true,1,3411
7290015652292,false,קבוקים עם שומשום 400,"דין שיווק וקלייה בע""",IL,ששון הקולה,גרמים,400.00,100 גרם,false,,10.00,0.0250,true,1,3414
7290015652322,false,בוטנים אמריקאים מצופ,"דין שיווק וקלייה בע""",IL,ששון הקולה,גרמים,400.00,100 גרם,false,,10.00,0.0250,true,1,3417
7290015652407,false,פיסטוק קלוי 250ג,ינגאון גידה סאנאבי,TR,פיצוחים,גרמים,250.00,100 גרם,false,,20.00,0.0800,true,1,3418
7290015652506,false,נוזל קוקוס  400 גר',"דין שיווק וקלייה בע""",TH,סו שף,גרמים,400.00,100 גרם,false,,9.90,0.0248,true,1,25082
7290015652513,false,תערובת לסטייק,"נווה התבלין בע""מ",IL,אהרוני,גרמים,150.00,100 גרם,false,,9.90,0.0660,true,1,25083
7290015652520,false,תערובת השף,"נווה התבלין בע""מ",IL,אהרוני,גרמים,70.00,100 גרם,false,,9.90,0.1414,true,1,25084
7290015652537,false,פלפל לימון פרסי ושום,"נווה התבלין בע""מ",IL,אהרוני,גרמים,130.00,100 גרם,false,,9.90,0.0762,true,1,25085
7290015652544,false,גריל עוף ארומטי,"נווה התבלין בע""מ",IL,אהרוני,גרמים,130.00,100 גרם,false,,9.90,0.0762,true,1,25086
7290015652551,false,זעתר שומשום בלדי,"נווה התבלין בע""מ",IL,אהרוני,גרמים,150.00,100 גרם,false,,9.90,0.0660,true,1,25087
7290015652575,false,ראס אל חנות,"נווה התבלין בע""מ",IL,אהרוני,גרמים,150.00,100 גרם,false,,9.90,0.0660,true,1,25089
7290015652599,false,צלי בקר 120 גרם,"נווה התבלין בע""מ",IL,אהרוני,גרמים,120.00,100 גרם,false,,9.90,0.0825,true,1,25091
7290015699730,false,סבון דה מארסיי לרצפו,וונדהפוט,BE,הפי,ליטרים,1.50,ליטר,false,,11.90,7.9333,true,1,12500
7290015733120,false,מטרנה גולד 700 גרם ש,מטרנה,IL,מטרנה גולד 700 גרם ש,גרמים,700.00,100 גרם,false,,74.90,0.1070,true,1,31558
7290015733229,false,מטרנה אקסטרה קר מהדר,מטרנה,IL,מטרנה,גרמים,700.00,100 גרם,false,,59.90,0.0856,true,1,31987
7290015733427,false,מטרנה דייסת וניל גם,מטרנה,IL,מטרנה,גרמים,300.00,100 גרם,false,,18.90,0.0630,true,1,52896
7290015733441,false,מטרנה דייסת דגנים גם,מטרנה,IL,מטרנה,גרמים,300.00,100 גרם,false,,18.90,0.0630,true,1,52897
7290015733465,false,מטרנה דייסת קורנפלור,מטרנה,IL,מטרנה,גרמים,300.00,100 גרם,false,,18.90,0.0630,true,1,52898
7290015733977,false,מטרנה HMO קומפורט 70,מטרנה,IL,מטרנה,גרמים,700.00,100 גרם,false,,69.90,0.0999,true,1,58519
7290015766005,false,שרי תמר וויטני,,,שרי תמר וויטני,יח',1.00,יח',false,,8.90,8.9000,true,1,754
7290015766012,false,שרי ליקופן,,,שרי ליקופן,יח',1.00,יח',false,,8.90,8.9000,true,1,50029
7290015766029,false,שרי כתום,,,שרי כתום,יח',1.00,יח',false,,8.90,8.9000,true,1,52174
7290015766043,false,עגבניות שרי מיקס,,,עגבניות שרי מיקס,יח',1.00,יח',false,,8.90,8.9000,true,1,57865
7290015781015,false,יין מלבק ויז'ן 750 מ,יקב טפרברג,IL,טפרברג,מיליליטרים,750.00,"100 מ""ל",false,,39.90,0.0532,true,1,12624
7290015781046,false,יין לבן חצי יבש ויז',יקב טפרברג,IL,טפרברג,מיליליטרים,750.00,"100 מ""ל",false,,39.90,0.0532,true,1,12625
7290015781091,false,קברנה סוביניון ויז'ן,יקב טפרברג,IL,טפרברג,מיליליטרים,750.00,"100 מ""ל",false,,39.90,0.0532,true,1,12627
7290015781114,false,"מרלו אימפרשן 750 מ""ל",יקב טפרברג,IL,טפרברג,מיליליטרים,750.00,"100 מ""ל",false,,49.90,0.0665,true,1,12629
7290015781121,false,קברנה סוביניון אימפר,יקב טפרברג,IL,טפרברג,מיליליטרים,750.00,"100 מ""ל",false,,49.90,0.0665,true,1,12630
7290015781169,false,יין אדום חצי יבש אימ,יקב טפרברג,IL,טפרברג,מיליליטרים,750.00,"100 מ""ל",false,,49.90,0.0665,true,1,12634
7290015781268,false,יין מוסקטו אדום 750,יקב טפרברג,IL,טפרברג,מיליליטרים,750.00,"100 מ""ל",false,,39.90,0.0532,true,1,12635
7290015781275,false,יין מוסקטו לבן 750 מ,יקב טפרברג,IL,טפרברג,מיליליטרים,750.00,"100 מ""ל",false,,39.90,0.0532,true,1,12636
7290015781282,false,יין גוורצטרמינר אימפ,יקב טפרברג,IL,טפרברג,מיליליטרים,750.00,"100 מ""ל",false,,49.90,0.0665,true,1,12637
7290015781299,false,"שיראז ויז'ן 750 מ""ל",יקב טפרברג,IL,טפרברג,מיליליטרים,750.00,"100 מ""ל",false,,39.90,0.0532,true,1,12638
7290015781305,false,יין סירה אימפרשן 750,יקב טפרברג,IL,טפרברג,מיליליטרים,750.00,"100 מ""ל",false,,49.90,0.0665,true,1,12639
7290015804400,false,עגבניות מרוסקות רגיל,טל וטרי,IL,טל וטרי,גרמים,250.00,100 גרם,false,,2.90,0.0116,true,1,15602
7290015804493,false,עגבניות מרוסקות לפיצ,טל וטרי,IL,טל וטרי,גרמים,250.00,100 גרם,false,,2.90,0.0116,true,1,15607
7290015858106,false,פסטו ביתי עללחם 180,מדשא תעשיות מזון,IL,עללחם,גרמים,180.00,100 גרם,false,,16.90,0.0939,true,1,49739
7290015858113,false,ממרח עגבניות מיובשות,מדשא תעשיות מזון,IL,עללחם,גרמים,180.00,100 גרם,false,,16.90,0.0939,true,1,49740
7290015858144,false,ממרח ארטישוק עללחם 1,מדשא תעשיות מזון,IL,עללחם,גרמים,180.00,100 גרם,false,,16.90,0.0939,true,1,49741
7290015858212,false,ממרח לימון כבוש עללח,מדשא תעשיות מזון,IL,עללחם,גרמים,180.00,100 גרם,false,,16.90,0.0939,true,1,49743
7290015858243,false,צימיצורי עללחם 180 ג,מדשא תעשיות מזון,IL,עללחם,גרמים,180.00,100 גרם,false,,16.90,0.0939,true,1,49745
7290015858328,false,איולי פסטו עללחם 295,מדשא תעשיות מזון,IL,איולי פסטו עללחם 295,גרמים,295.00,100 גרם,false,,14.90,0.0505,true,1,67768
7290015858441,false,איולי פלפלים עללחם 2,מדשא תעשיות מזון,IL,איולי פלפלים עללחם 2,גרמים,295.00,100 גרם,false,,14.90,0.0505,true,1,67769
7290015858687,false,איולי שום עללחם 295,מדשא תעשיות מזון,IL,איולי שום עללחם 295,גרמים,295.00,100 גרם,false,,14.90,0.0505,true,1,67770
7290015951227,false,יין גמלא סירה,יקב רמת הגולן,IL,יין גמלא סירה,מיליליטרים,750.00,"100 מ""ל",false,,59.90,0.0799,true,1,58568
7290015968102,false,*מבצע* קיסמי שיניים,W.H.J.C. Co,CN,הוסטס,יח',100.00,יח',false,,9.90,0.0990,true,1,6005
7290015968294,false,נובי10410-כוס הפלא 2,elung,CN,נובי,יח',1.00,יח',false,,39.90,39.9000,true,1,6011
7290015968782,false,*מבצע* פדים להסרת אי,,CN,כוטון סופט,יח',3.00,יח',false,,12.90,4.3000,true,1,50400
7290016006292,false,ספרינג קרטוניות מנגו,יפאורה תבורי,IL,ספרינג,ליטרים,1.00,ליטר,false,,6.80,6.8000,true,1,12399
7290016006339,false,מים מינרליים מי עדן,,,מים מינרליים מי עדן,ליטרים,4.00,ליטר,false,,9.90,2.4750,true,1,12400
7290016006346,false,שוופס סודה 0.5 ל' שי,יפאורה תבורי,IL,שוופס,מיליליטרים,500.00,"100 מ""ל",false,,13.90,0.0278,true,1,12401
7290016083323,false,מעמול תמרים 500 גרם,,,מעמול תמרים 500 גרם,גרמים,500.00,100 גרם,false,,11.90,0.0238,true,1,55991
7290016083347,false,רולדה תמרים 500 גרם,,,רולדה תמרים 500 גרם,גרמים,500.00,100 גרם,false,,11.90,0.0238,true,1,55993
7290016083378,false,"עוגיות ""תמר"" במילוי",,,"עוגיות ""תמר"" במילוי",גרמים,500.00,100 גרם,false,,11.90,0.0238,true,1,55995
7290016087123,false,רוטב פסטה 240 ג פרי,פריניר,IL,פריניר,גרמים,240.00,100 גרם,false,,4.90,0.0204,true,1,27313
7290016087147,false,רוטב פיצה מרגריטה 24,פריניר,IL,פריניר,גרמים,240.00,100 גרם,false,,5.50,0.0229,true,1,27314
7290016087222,false,רוטב עגבניות פרי ניר,פרי ניב,IL,פרי ניר,גרמים,230.00,100 גרם,false,,5.50,0.0239,true,1,27945
7290016092523,false,נוזל ניקוי פירות ויר,,,נוזל ניקוי פירות וירקות 7,מיליליטרים,1000.00,"100 מ""ל",false,,16.90,0.0169,true,1,22319
7290016094695,false,*מבצע* אלכוג'ל משאבה,"ד""ר פישר",IL,אלכוג'ל,מיליליטרים,500.00,"100 מ""ל",false,,19.90,0.0398,true,1,53292
7290016096491,false,טונה בשמן צמחי שלישי,תעשיות פילטונה,IL,פילטונה,גרמים,240.00,100 גרם,false,,11.90,0.0496,true,1,61565
7290016096507,false,טונה בשמן קנולה שליש,תעשיות פילטונה,IL,פילטונה,גרמים,240.00,100 גרם,false,,11.90,0.0496,true,1,35641
7290016096811,false,רביעיית ממרח טונה 16,,,רביעיית ממרח טונה 16,גרמים,640.00,100 גרם,false,,19.90,0.0311,true,1,57085
7290016096934,false,סלט טונה זוג 2*160 ג,תעשיות פילטונה,IL,סלט טונה זוג 2*160 ג,גרמים,320.00,100 גרם,false,,11.90,0.0372,true,1,59217
7290016136739,false,פתיתים פוזילי ללא גל,malino andriani,IT,GFREE,גרמים,340.00,100 גרם,false,,9.90,0.0291,true,1,7914
7290016144000,false,קמח חיטה 80% ללא צור,,,קמח חיטה 80% ללא צור,קילוגרמים,1.00,"ק""ג",false,,9.90,9.9000,true,1,53971
7290016144017,false,קמח חיטה מלא 100% לל,,,קמח חיטה מלא 100% לל,קילוגרמים,1.00,"ק""ג",false,,9.90,9.9000,true,1,53959
7290016144031,false,קמח חיטה לבן מנופה 1,,,קמח חיטה לבן מנופה 1,קילוגרמים,1.00,"ק""ג",false,,6.90,6.9000,true,1,53960
7290016144048,false,קמח כוסמין לבן ללא צ,,,קמח כוסמין לבן ללא צ,קילוגרמים,1.00,"ק""ג",false,,16.90,16.9000,true,1,53962
7290016144055,false,קמח כוסמין 80% ללא צ,,,קמח כוסמין 80% ללא צ,קילוגרמים,1.00,"ק""ג",false,,14.90,14.9000,true,1,53963
7290016150117,false,סלק וואקום 500 גרם,,,סלק וואקום 500 גרם,יח',1.00,יח',false,,5.90,5.9000,true,1,756
7290016162219,false,כדורי שוקולד סוכריות,קפולסקי שיווק וקמעונ,IL,קפולסקי,גרמים,280.00,100 גרם,false,,29.90,0.1068,true,1,25946
7290016162264,false,עוגת גבינה רנססנס 45,קפולסקי שיווק וקמעונ,IL,קפולסקי,גרמים,450.00,100 גרם,false,,39.90,0.0887,true,1,25951
7290016197488,false,שלישיית מטליות קסם ל,UFO,US,ניקול,יח',1.00,יח',false,,10.90,10.9000,true,1,11577
7290016197495,false,זוג מטלית מיקרופייבר,UFO,CN,ניקול,יח',1.00,יח',false,,16.90,16.9000,true,1,11578
7290016197600,false,תחבושת דיפנד Normal,חוגלה קימברלי,TW,דיפנד,יח',12.00,יח',false,,17.90,1.4917,true,1,11580
7290016197624,false,תחבושת דיפנד Super,חוגלה קימברלי,TW,דיפנד,יח',8.00,יח',false,,17.90,2.2375,true,1,11582
7290016197839,false,השקית החזקה XL,,,השקית החזקה XL,יח',20.00,יח',false,,21.90,1.0950,true,1,11584
7290016197853,false,שקית אשפה לפחים קטני,"אשפלסט תעשיות בע""מ",IL,ניקול,יח',50.00,יח',false,,16.90,0.3380,true,1,11585
7290016217742,false,חציל בטחינה 200 גרם,"סלטי שמיר 2006 בע""מ",IL,סלטי שמיר,גרמים,200.00,100 גרם,false,,9.90,0.0495,true,1,17704
7290016217759,false,חציל מרוקאי 200 גרם,"סלטי שמיר 2006 בע""מ",IL,סלטי שמיר,גרמים,200.00,100 גרם,false,,11.90,0.0595,true,1,17705
7290016233384,false,גפילטע פיש 7 קציצות,דג טעים ירושלים,IL,תומר,גרמים,550.00,100 גרם,false,,15.90,0.0289,true,1,49358
7290016234008,false,פילה אנשובי עם שמן ז,קומפניה אמריקנה,PE,תומר,גרמים,100.00,100 גרם,false,,10.90,0.1090,true,1,28497
7290016246018,false,חלבה מיקס פינוקיות ב,רושדי תעשיות מזון,IL,בארכה,גרמים,200.00,100 גרם,false,,12.90,0.0645,true,1,4960
7290016246025,false,חלבה מיקס פינוקיות ב,רושדי תעשיות מזון,IL,בארכה,גרמים,200.00,100 גרם,false,,12.90,0.0645,true,1,4961
7290016246452,false,טחינה בארכה מעודנת ל,רושדי תעשיות מזון,IL,בארכה,גרמים,310.00,100 גרם,false,,11.90,0.0384,true,1,47070
7290016246773,false,טחינה בארכה בקבוק לח,רושדי תעשיות מזון,IL,בארכה,גרמים,310.00,100 גרם,false,,11.90,0.0384,true,1,57355
7290016276534,false,שמן קוקוס לא מזוכך,פי בי טי,GT,שקדיה,מיליליטרים,500.00,"100 מ""ל",false,,29.90,0.0598,true,1,25102
7290016276763,false,מעדן שזיף 284 גרם שק,לינוי סיטי,CN,שקדיה,גרמים,284.00,100 גרם,false,,7.90,0.0278,true,1,25104
7290016277470,false,שיבולת שועל דקה 350,"דין שיווק וקלייה בע""",IL,שיבולת שועל דקה 350,גרמים,350.00,100 גרם,false,,3.90,0.0111,true,1,3441
7290016277487,false,שיבולת שועל עבה 350,"דין שיווק וקלייה בע""",IL,שיבולת שועל עבה 350,גרמים,350.00,100 גרם,false,,3.90,0.0111,true,1,3442
7290016302042,false,סנדוויץ פרנה 4 יח,,,סנדוויץ פרנה 4 יח,יח',4.00,יח',false,,11.90,2.9750,true,1,60118
7290016302059,false,עשיריית ביס פרנה,,,עשיריית ביס פרנה,יח',4.00,יח',false,,11.90,2.9750,true,1,60119
7290016319187,false,עוגיות סנדוויץ' שוקו,אפיפית,IL,טוסו,גרמים,300.00,100 גרם,false,,16.90,0.0563,true,1,55830
7290016319200,false,עוגיות סנדוויץ' קקאו,אפיפית,IL,טוסו,מיליליטרים,300.00,"100 מ""ל",false,,16.90,0.0563,true,1,55832
7290016321661,false,*מבצע* מארז מגבונים,על בד,IL,פרשוואנס,יח',288.00,יח',false,,14.90,0.0517,true,1,50717
7290016321678,false,*מבצע* מארז מגבונים,על בד,IL,פרשוואנס,יח',4.00,יח',false,,14.90,3.7250,true,1,50718
7290016321777,false,רצועות שעווה לפנים 5,viaox,ES,רצועות שעווה לפנים 5,יח,1.00,יח,false,,24.90,24.9000,true,1,55848
7290016321890,false,מארז נייר טואלט לח ש,עלבד משואות יצחק,IL,פרשוואנס,יח',3.00,יח',false,,14.90,4.9667,true,1,49133
7290016329674,false,*מבצע* קרם פנים לתינ,,IL,קמיל בלו,מיליליטרים,75.00,"100 מ""ל",false,,19.90,0.2653,true,1,28187
7290016370096,false,זית מרוקאי יבש 340 ג,קבוצת יבנה,IL,זית מרוקאי יבש 340 ג,גרמים,340.00,100 גרם,false,,11.90,0.0350,true,1,62585
7290016370300,false,זית קלמטה שלם,קוזט אס.איי.פיין פוצ,GR,זית קלמטה שלם,גרמים,560.00,100 גרם,false,,14.90,0.0266,true,1,60548
7290016370973,false,פלפל קלוי על האש 540,קבוצת יבנה,GR,קבוצת יבנה,גרמים,540.00,100 גרם,false,,9.90,0.0183,true,1,15972
7290016372342,false,עגבניות שלישייה קובי,גרנד איטליה,IT,גרנד איטליה,קילוגרמים,1.20,"ק""ג",false,,16.90,14.0833,true,1,28059
7290016372373,false,רסק עגבניות 140*2,גרנד איטליה,IT,גרנד איטליה,גרמים,280.00,100 גרם,false,,7.90,0.0282,true,1,28061
7290016372458,false,*מבצע* לימונית לואיז,ויסוצקי,IL,ויסוצקי,גרמים,70.00,100 גרם,false,,29.90,0.4271,true,1,57734
7290016387254,false,מצע לייבוש כלים,מ.א ייצור ושיווק מטל,CN,Shiny,יח',1.00,יח',false,,6.90,6.9000,true,1,6099
7290016387926,false,מפה נצמדת עם גומי הי,מ.א ייצור ושיווק מטל,CN,Shiny,יח',1.00,יח',false,,14.90,14.9000,true,1,30547
7290016400243,false,מפיות נייר מעוטרות 2,,,מפיות נייר מעוטרות 2,יח',20.00,יח',false,,5.90,0.2950,true,1,47944
7290016400649,false,רשת צלייה בינונית,,,רשת צלייה בינונית,יח',1.00,יח',false,,19.90,19.9000,true,1,31318
7290016400663,false,מלקחיים לסלט,,,מלקחיים לסלט,יח',1.00,יח',false,,4.90,4.9000,true,1,31319
7290016400731,false,מנגל פח+רשת,,,מנגל פח+רשת,יח',1.00,יח',false,,29.90,29.9000,true,1,31355
7290016400793,false,"מפיות נייר ""שווה"" 10",,IL,"מפיות נייר ""שווה"" 10",יח',100.00,יח',false,,4.90,0.0490,true,1,61574
7290016400960,false,מפת פלנל חלקה שווה,,,מפת פלנל חלקה שווה,יח',1.00,יח',false,,6.90,6.9000,true,1,59681
7290016400977,false,מפת פלנל עם ראנר,,,מפת פלנל עם ראנר,יח',1.00,יח',false,,4.90,4.9000,true,1,49162
7290016401820,false,תבניות רוסטר עבות 4,,,תבניות רוסטר עבות 4,יח',4.00,יח',false,,7.90,1.9750,true,1,47945
7290016401844,false,תבניות רוסטר גדול עב,,,תבניות רוסטר גדול עב,יח',2.00,יח',false,,7.90,3.9500,true,1,47946
7290016401851,false,תבניות אובן עבות 4 י,,,תבניות אובן עבות 4 י,יח',1.00,יח',false,,7.90,7.9000,true,1,47947
7290016408119,false,טרליני כעכים בטעם קל,אפוליה פוד,IT,טרליני כעכים,גרמים,225.00,100 גרם,false,,6.90,0.0307,true,1,11877
7290016408140,false,טרליני כעכים בטעם רו,אפוליה פוד,IT,טרליני כעכים,גרמים,225.00,100 גרם,false,,6.90,0.0307,true,1,11880
7290016408164,false,טרליני כעכים בטעם שו,אפוליה פוד,IT,טרליני כעכים,גרמים,225.00,100 גרם,false,,6.90,0.0307,true,1,11882
7290016408294,false,מרשמלו ורוד לבן וסטה,Carmit,IL,כרמית,גרמים,150.00,100 גרם,false,,4.50,0.0300,true,1,11885
7290016408423,false,קרקר עם זיתים שחורים,דוויטה ג'יי אס,,קרקר עם זיתים שחורים,גרמים,130.00,100 גרם,false,,5.90,0.0454,true,1,11891
7290016408447,false,קרקר עם עגבניות ובזי,דוויטה ג'יי אס,,קרקר עם עגבניות ובזי,גרמים,130.00,100 גרם,false,,5.90,0.0454,true,1,11893
7290016437645,false,האגיס פרידום דריי פנ,קימברלי קלארק צ'כיה,CZ,האגיס,יח',32.00,יח',false,,41.90,1.3094,true,1,11591
7290016437652,false,האגיס פרידום דריי פנ,קימברלי קלארק צ'כיה,CZ,האגיס,יח',26.00,יח',false,,41.90,1.6115,true,1,11592
7290016509342,false,*מבצע* מארז שלשות כד,הנקל סוד,RS,סוד,גרמים,150.00,100 גרם,false,,14.90,0.0993,true,1,22817
7290016509786,false,*מבצע* פרסיל ג'ל ירו,הנקל סוד,IL,פרסיל,ליטרים,2.50,ליטר,false,,29.90,11.9600,true,1,32047
7290016509793,false,פרסיל ג'ל ירוק 4 ליט,הנקל סוד,IL,פרסיל,ליטרים,4.00,ליטר,false,,44.90,11.2250,true,1,32048
7290016509823,false,*מבצע* פרסיל ג'ל בלו,הנקל סוד,IL,פרסיל,ליטרים,2.50,ליטר,false,,29.90,11.9600,true,1,32051
7290016509830,false,*מבצע* פרסיל ג'ל ביי,הנקל סוד,IL,פרסיל,ליטרים,2.50,ליטר,false,,29.90,11.9600,true,1,32052
7290016523447,false,אטריות ביצים 300 גרם,פוג'יאן לונגאי,CN,מזרח ומערב,גרמים,300.00,100 גרם,false,,7.90,0.0263,true,1,27639
7290016564006,false,מבריקל הפלא 3 יח',,,מבריקל הפלא 3 יח',יח',3.00,יח',false,,9.90,3.3000,true,1,25863
7290016584004,false,חטיפוני גזר 130 גר,,,חטיפוני גזר 130 גר,גרמים,130.00,100 גרם,false,,5.90,0.0454,true,1,7163
7290016584011,false,חטיפוני גזר 350 גר,,,חטיפוני גזר 350 גר,גרמים,350.00,100 גרם,false,,11.90,0.0340,true,1,7164
7290016584103,false,גזר צבעוני ארוז,,,גזר צבעוני ארוז,יח',1.00,יח',false,,10.90,10.9000,true,1,49596
7290016651362,false,קיסם +חוט דנטאלי 100,,,קיסם +חוט דנטאלי 100,יח',1.00,יח',false,,9.90,9.9000,true,1,55659
7290016682038,false,"מיץ תפוזים 400 מ""ל",פרי ניב,IL,פרי ניב,מיליליטרים,400.00,"100 מ""ל",false,,8.40,0.0210,true,1,27259
7290016682335,false,מיץ תפוזים 2 ליטר,פריניב,IL,פרי ניב,ליטרים,2.00,ליטר,false,,24.90,12.4500,true,1,61075
7290016682366,false,תפוח צלול 2 ליטר,פריניב,IL,פרי ניב,ליטרים,2.00,ליטר,false,,19.50,9.7500,true,1,61078
7290016682373,false,לימונדה בלאדי 2 ליטר,פריניב,IL,פרי ניב,ליטרים,2.00,ליטר,false,,19.50,9.7500,true,1,61079
7290016682380,false,מיץ לימונדה לואיזה 2,פריניב,IL,פרי ניב,ליטרים,2.00,ליטר,false,,19.50,9.7500,true,1,61082
7290016693072,false,*מבצע* יין אמירים רז,יקבי ארזה,IL,אמירים,מיליליטרים,750.00,"100 מ""ל",false,,18.90,0.0252,true,1,12593
7290016693546,false,*מבצע* יין עונות קבר,יקבי ארזה,IL,עונות,מיליליטרים,750.00,"100 מ""ל",false,,22.90,0.0305,true,1,49076
7290016693553,false,*מבצע* יין עונות מרל,יקבי ארזה,IL,עונות,מיליליטרים,750.00,"100 מ""ל",false,,22.90,0.0305,true,1,49077
7290016693577,false,*מבצע* יין עונות אמר,יקבי ארזה,IL,עונות,מיליליטרים,750.00,"100 מ""ל",false,,22.90,0.0305,true,1,49079
7290016693751,false,מיץ תירוש טללים 1 לי,יקבי ארזה,IL,מיץ תירוש טללים 1 לי,מיליליטרים,1000.00,"100 מ""ל",false,,10.90,0.0109,true,1,51195
7290016717044,false,*מבצע* באזז בטעם מנג,יקבי כרמל,IL,סלקטד,מיליליטרים,750.00,"100 מ""ל",false,,23.90,0.0319,true,1,48740
7290016717099,false,סלקטד אדום חצי יבש,יקבי כרמל,IL,סלקטד,מיליליטרים,750.00,"100 מ""ל",false,,29.90,0.0399,true,1,6198
7290016717235,false,"קונקורד אדום 187 מ""ל",יקבי כרמל,IL,"קונקורד אדום 187 מ""ל",מיליליטרים,187.00,"100 מ""ל",false,,5.90,0.0316,true,1,52299
7290016717754,false,"ישן נושן 750 מ""ל",יקבי כרמל,IL,"ישן נושן 750 מ""ל",מיליליטרים,750.00,"100 מ""ל",false,,18.90,0.0252,true,1,37943
7290016717976,false,*מבצע* באזז בטעם אפר,יקבי כרמל,IL,סלקטד,מיליליטרים,750.00,"100 מ""ל",false,,23.90,0.0319,true,1,54410
7290016823004,false,בזיליקום יח',"סורין בראן אויי בע""מ",IL,בזיליקום,יח',1.00,יח',false,,4.90,4.9000,true,1,7167
7290016823059,false,טימין - קורנית יח',,IL,בזיליקום,יח',1.00,יח',false,,4.90,4.9000,true,1,7172
7290016823066,false,רוזמרין יח',,IL,בזיליקום,יח',1.00,יח',false,,4.90,4.9000,true,1,7173
7290016823257,false,חסה סלנובה,,,חסה סלנובה,יח',1.00,יח',false,,11.90,11.9000,true,1,7179
7290016823448,false,ברוקולי יח',סקינג סטד,IL,ברוקולי,גרמים,500.00,100 גרם,false,,8.90,0.0178,true,1,30006
7290016823523,false,צנונית ארוזה,,,צנונית ארוזה,גרמים,500.00,100 גרם,false,,4.90,0.0098,true,1,51500
7290016865943,false,פטוצ'יני 400 גרם אור,פ.פ.ח טאביט,PL,פטוצ'יני 400 גרם אור,גרמים,400.00,100 גרם,false,,13.90,0.0348,true,1,29120
7290016866445,false,תערובת קמח תופח ללא,אשבל -מזון פונקציונל,IL,תערובת קמח תופח ללא,גרמים,500.00,100 גרם,false,,16.90,0.0338,true,1,7932
7290016866643,false,משחת שיניים פרודונטק,גלקסוסמיתקליין,SK,פרודונטקס,מיליליטרים,75.00,"100 מ""ל",false,,30.90,0.4120,true,1,31693
7290016866650,false,משחת שיניים פרודונטק,גלקסוסמיתקליין,SK,פרודונטקס,מיליליטרים,75.00,"100 מ""ל",false,,30.90,0.4120,true,1,31694
7290016866667,false,משחת שיניים פרודונטק,גלקסוסמיתקליין,SK,פרודונטקס,מיליליטרים,75.00,"100 מ""ל",false,,30.90,0.4120,true,1,31695
7290016866674,false,משחת שיניים פרודונטק,גלקסוסמיתקליין,SK,פרודונטקס,מיליליטרים,75.00,"100 מ""ל",false,,30.90,0.4120,true,1,31696
7290016866711,false,מרכך קרטין פלוס ויטמ,ארמן,IL,סטייל,מיליליטרים,750.00,"100 מ""ל",false,,24.90,0.0332,true,1,28623
7290016912494,false,תרחיץ פנים אפקטיב 18,"ד""ר פישר",IL,דר פישר,מיליליטרים,180.00,"100 מ""ל",false,,17.90,0.0994,true,1,28195
7290016912500,false,תרחיץ פנים אפקטיב 18,"ד""ר פישר",IL,דר פישר,מיליליטרים,180.00,"100 מ""ל",false,,17.90,0.0994,true,1,28196
7290016967074,false,חיטה מלאה 750 גרם,אנג'ל,IL,אנגל,גרמים,750.00,100 גרם,false,,16.90,0.0225,true,1,6233
7290016967456,false,לחם מחמצת כוסמין,,IL,אנג'ל,גרמים,600.00,100 גרם,false,,16.90,0.0282,true,1,6234
7290016980103,false,בייבי בטטה,משתנה,IL,פטל אדום,יח',1.00,יח',false,,5.90,5.9000,true,1,50963
7290016998184,false,עלי חסה ערבית שטופים,נטורזה,,כרוב לבן חסלט 400 גרם,גרמים,250.00,100 גרם,false,,9.90,0.0396,true,1,57496
7290016998207,false,לקט קסם השדה 350 גרם,נטורזה,,כרוב לבן חסלט 400 גרם,גרמים,350.00,100 גרם,false,,10.90,0.0311,true,1,57479
7290016998214,false,עלי תרד בייבי 200גר.,נטורזה,,כרוב לבן חסלט 400 גרם,גרמים,200.00,100 גרם,false,,9.90,0.0495,true,1,57494
7290016998221,false,מיקס צבעי הטבע 350גר,נטורזה,,כרוב לבן חסלט 400 גרם,גרמים,350.00,100 גרם,false,,10.90,0.0311,true,1,57480
7290016998238,false,כרוב לבן קצוץ 400 גר,נטורזה,,כרוב לבן חסלט 400 גרם,גרמים,400.00,100 גרם,false,,7.90,0.0198,true,1,57481
7290016998269,false,לקט קולסלאו 400 גרם,נטורזה,,כרוב לבן חסלט 400 גרם,גרמים,400.00,100 גרם,false,,7.90,0.0198,true,1,57484
7290016998276,false,גזר חתוך דק 250 גרם,נטורזה,,כרוב לבן חסלט 400 גרם,גרמים,250.00,100 גרם,false,,6.90,0.0276,true,1,57485
7290016998283,false,לקט סלונובה 200 גרם,נטורזה,,כרוב לבן חסלט 400 גרם,גרמים,200.00,100 גרם,false,,11.90,0.0595,true,1,57486
7290016998320,false,לבבות קיסר 500 גרם,נטורזה,,כרוב לבן חסלט 400 גרם,גרמים,500.00,100 גרם,false,,9.90,0.0198,true,1,63529
7290016998337,false,עלי רוקט 150 גרם,נטורזה,,כרוב לבן חסלט 400 גרם,גרמים,150.00,100 גרם,false,,8.90,0.0593,true,1,57495
7290016998368,false,לקט ירקות למוקפץ 500,נטורזה,,כרוב לבן חסלט 400 גרם,גרמים,500.00,100 גרם,false,,12.90,0.0258,true,1,57492
7290017023212,false,שוופס מוגז פירות תפו,,,שוופס מוגז פירות תפו,מיליליטרים,1320.00,"100 מ""ל",false,,11.90,0.0090,true,1,30532
7290017023229,false,שוופס מוגז פירות תות,,,שוופס מוגז פירות תות,מיליליטרים,1320.00,"100 מ""ל",false,,11.90,0.0090,true,1,30533
7290017023236,false,שוופס מוגז פירות ענב,,,שוופס מוגז פירות ענב,מיליליטרים,1320.00,"100 מ""ל",false,,11.90,0.0090,true,1,30534
7290017023816,true,ספרינג פירות טרופיים,יפאורה תבורי,IL,ספרינג,ליטרים,1.00,ליטר,false,,11.40,11.4000,true,1,51991
7290017023823,true,ספרינג תות בננה 250,יפאורה תבורי,IL,ספרינג,ליטרים,1.00,ליטר,false,,11.40,11.4000,true,1,51992
7290017023854,false,"שוופס סודה 250 מ""ל ר",יפאורה תבורי,IL,"שוופס סודה 250 מ""ל ר",מיליליטרים,1000.00,"100 מ""ל",false,,11.90,0.0119,true,1,48398
7290017023861,false,שוופס סודה לימון 250,יפאורה תבורי,IL,שוופס סודה לימון 250,מיליליטרים,1000.00,"100 מ""ל",false,,11.90,0.0119,true,1,48399
7290017023878,false,שוופס סודה נענע ליים,יפאורה תבורי,IL,שוופס סודה נענע ליים,מיליליטרים,1000.00,"100 מ""ל",false,,11.90,0.0119,true,1,48400
7290017031705,false,סנסודיין קלין&פרש 75,גלקסוסמיתקליין,GB,סנסודיין,גרמים,75.00,100 גרם,false,,21.90,0.2920,true,1,47577
7290017058115,false,קורנישון מיני בסגנון,קולמן,IN,תומר,גרמים,670.00,100 גרם,false,,10.90,0.0163,true,1,29125
7290017058542,false,שמן קוקוס אורגני 414,,,שמן קוקוס אורגני 414,מיליליטרים,414.00,"100 מ""ל",false,,24.90,0.0601,true,1,31896
7290017058573,false,פרוסות פלפל חלפניו ב,אינדיה אגרו אקספורט,IN,תומר,גרמים,340.00,100 גרם,false,,6.50,0.0191,true,1,48915
7290017058689,false,*מבצע* זית שחור טבעי,מסנווי גידה,TR,*מבצע* זית שחור טבעי,גרמים,400.00,100 גרם,false,,12.90,0.0323,true,1,51080
7290017058795,false,תירס גמדי שלם במי מל,אינדיה אגרו אקספורט,IN,תומר,גרמים,340.00,100 גרם,false,,7.90,0.0232,true,1,48917
7290017065007,false,מוצרלה פרוסה גד 200,מחלבות גד,IL,מחלבות גד,גרמים,200.00,100 גרם,false,,18.90,0.0945,true,1,13784
7290017065137,false,ריקוטה למריחה 5% טבע,מחלבות גד,IL,מחלבות גד,גרמים,200.00,100 גרם,false,,10.50,0.0525,true,1,29193
7290017065168,false,גבינה כחולה 100 גרם,מחלבות גד,DK,גבינות עובש,גרמים,100.00,100 גרם,false,,17.90,0.1790,true,1,31085
7290017065212,false,קרם מסקרפונה 250 גרם,מחלבות גד,IL,מחלבות גד,גרמים,250.00,100 גרם,false,,19.90,0.0796,true,1,31088
7290017065236,false,בולגרית מעודנת 24% 2,דשן,IL,מחלבות גד,גרמים,250.00,100 גרם,false,,23.90,0.0956,true,1,31089
7290017065311,false,פרוסות מוצרלה מעושנת,מחלבות גד,IL,מחלבות גד,גרמים,200.00,100 גרם,false,,17.90,0.0895,true,1,31091
7290017065434,false,פרוסות גאודה בקר 200,מחלבות גד,IL,מחלבות גד,גרמים,200.00,100 גרם,false,,21.90,0.1095,true,1,49785
7290017065441,false,פרוסות גאודה עיזים 2,מחלבות גד,IL,מחלבות גד,גרמים,200.00,100 גרם,false,,33.90,0.1695,true,1,49786
7290017065526,false,קוואטרו פורמאג'י 300,מחלבות גד,IL,מחלבות גד,גרמים,300.00,100 גרם,false,,29.90,0.0997,true,1,49790
7290017065663,false,פטה עיזים מעודנת 16%,דשן,IL,מחלבות גד,גרמים,250.00,100 גרם,false,,29.90,0.1196,true,1,56681
7290017065731,false,גבינת שמנת כמהין ניו,מחלבות גד,IL,מחלבות גד,גרמים,200.00,100 גרם,false,,12.90,0.0645,true,1,58964
7290017065786,false,צ'דר,מחלבות גד,IL,צ'דר,גרמים,210.00,100 גרם,false,,20.90,0.0995,true,1,60356
7290017068367,false,שמרים יבשים 125 גרם,מיה,IL,שמרים יבשים 125 גרם,גרמים,125.00,100 גרם,false,,3.90,0.0312,true,1,60009
7290017068374,false,שמרים יבשים 500 גרם,מיה,IL,שמרים יבשים 500 גרם,גרמים,500.00,100 גרם,false,,11.90,0.0238,true,1,60010
7290017068848,false,קישוט לעוגה צבעוני 2,מיה,IL,קישוט לעוגה צבעוני 2,גרמים,200.00,100 גרם,false,,7.90,0.0395,true,1,59881
7290017068978,false,שיבולת שועל מלאה להכ,מיה,IL,שיבולת שועל מלאה להכ,גרמים,500.00,100 גרם,false,,8.90,0.0178,true,1,63909
7290017068985,false,שיבולת שועל מלאה עבה,מיה,IL,שיבולת שועל מלאה עבה,גרמים,500.00,100 גרם,false,,8.90,0.0178,true,1,63910
7290017088068,false,חיתולי בייביסיטר מיד,די פי אל,IL,בייביסיטר,יח',42.00,יח',false,,32.90,0.7833,true,1,30982
7290017088075,false,חיתולי בייביסיטר מיד,די פי אל,IL,בייביסיטר,יח',40.00,יח',false,,32.90,0.8225,true,1,30983
7290017088082,false,חיתולי בייביסיטר מיד,די פי אל,IL,בייביסיטר,יח',36.00,יח',false,,32.90,0.9139,true,1,30984
7290017088099,false,חיתולי בייביסיטר מיד,די פי אל,IL,בייביסיטר,יח',34.00,יח',false,,32.90,0.9676,true,1,30985
7290017088327,false,מגבוני בייביסיטר אקס,DPL,IL,בייביסיטר פרופורמנס,יח',288.00,יח',false,,14.90,0.0517,true,1,55487
7290017094199,false,סלט קוביות חציל ברוט,"סלטי שמיר 2006 בע""מ",IL,סלטי שמיר,גרמים,200.00,100 גרם,false,,9.90,0.0495,true,1,29766
7290017094861,false,חומוס עם רוטב מסבחה,"סלטי שמיר 2006 בע""מ",IL,אסלי,גרמים,400.00,100 גרם,false,,9.90,0.0248,true,1,61508
7290017105062,false,חומוס יכין 200 גרם,זנלכל,IL,חומוס יכין 200 גרם,גרמים,200.00,100 גרם,false,,4.90,0.0245,true,1,47321
7290017105079,false,שעועית ברוטב יכין 20,זנלכל,IL,שעועית ברוטב יכין 20,גרמים,200.00,100 גרם,false,,4.90,0.0245,true,1,47322
7290017105086,false,שעועית צ'ילי יכין 20,זנלכל,IL,שעועית צ'ילי יכין 20,גרמים,200.00,100 גרם,false,,4.90,0.0245,true,1,47323
7290017105116,false,תורמוס יכין 200 גרם,זנלכל,IL,תורמוס יכין 200 גרם,גרמים,200.00,100 גרם,false,,4.90,0.0245,true,1,47326
7290017105123,false,פול יכין 200 גרם,זנלכל,IL,פול יכין 200 גרם,גרמים,200.00,100 גרם,false,,4.90,0.0245,true,1,47327
7290017105253,false,קטשופ יכין 740 גרם,זנלכל,ES,יכין,גרמים,740.00,100 גרם,false,,7.90,0.0107,true,1,47353
7290017105369,false,סירופ תה בטעם אפרסק,,,סירופ תה בטעם אפרסק,מיליליטרים,1000.00,"100 מ""ל",false,,16.90,0.0169,true,1,49716
7290017105468,false,שלישיית אפונה קטנה י,זנלכל,IL,שלישיית אפונה קטנה י,גרמים,600.00,100 גרם,false,,14.90,0.0248,true,1,52572
7290017105550,false,מאגדת רביעיית רסק עג,זנלכל,IL,יכין,גרמים,400.00,100 גרם,false,,11.90,0.0298,true,1,51856
7290017105895,false,גרגירי חומוס בבישול,יכין,IL,יכין,גרמים,560.00,100 גרם,false,,9.90,0.0177,true,1,56330
7290017106069,false,סלק קוביות יכין 550,זנלכל,IL,יכין,גרמים,550.00,100 גרם,false,,9.90,0.0180,true,1,53129
7290017121048,false,פלפל צומה עללחם 250,מדשא תעשיות מזון,IL,עללחם,גרמים,250.00,100 גרם,false,,13.90,0.0556,true,1,49746
7290017121086,false,אריסה ביתית מתוקה על,מדשא תעשיות מזון,IL,עללחם,גרמים,250.00,100 גרם,false,,13.90,0.0556,true,1,61976
7290017129884,false,מאגדת שוקולד מריר 44,כרמית,IL,מאגדת שוקולד מריר 44,גרמים,85.00,100 גרם,false,,14.90,0.1753,true,1,64381
7290017129983,false,שוקו צ'יפס לבן פרווה,Carmit,IL,כרמית,גרמים,250.00,100 גרם,false,,9.90,0.0396,true,1,47786
7290017142005,false,"*מבצע* שמן קוקוס עה""",אקספלונקה,LK,עץ הזית,מיליליטרים,320.00,"100 מ""ל",false,,19.90,0.0622,true,1,17731
7290017142111,false,טונה TO GO בשמן זית,שמן תעשיות,IL,עץ הזית,גרמים,85.00,100 גרם,false,,9.90,0.1165,true,1,31433
7290017142128,false,*מבצע* שמן זית כתית,שמן תעשיות,IL,עץ הזית,מיליליטרים,750.00,"100 מ""ל",false,,29.90,0.0399,true,1,30306
7290017142159,false,*מבצע* נתחי טונה בהי,שמן תעשיות,IL,עץ הזית,גרמים,240.00,100 גרם,false,,19.90,0.0829,true,1,31434
7290017142166,false,פילה טונה בשמן זית 1,שמן תעשיות,IL,עץ הזית,גרמים,120.00,100 גרם,false,,14.90,0.1242,true,1,49749
7290017142203,false,פילה טונה בטעם מעושן,שמן תעשיות,IL,עץ הזית,גרמים,120.00,100 גרם,false,,14.90,0.1242,true,1,49751
7290017142371,false,שמן שומשום לא מזוכך,גאה די. או. או.,SI,עץ הזית,גרמים,250.00,100 גרם,false,,29.90,0.1196,true,1,52814
7290017142388,false,שמן חמניות בריאות פל,שמן תעשיות,IL,עץ הזית,ליטרים,1.00,ליטר,false,,15.90,15.9000,true,1,50866
7290017142395,false,פסטה עם טונה בשמן זי,,,עץ הזית,גרמים,160.00,100 גרם,false,,13.90,0.0869,true,1,52819
7290017142456,false,*מבצע* נתחי טונה בשמ,,,עץ הזית,גרמים,320.00,100 גרם,false,,20.90,0.0653,true,1,52821
7290017142487,false,בורגול עם גרגירי חומ,,,עץ הזית,גרמים,160.00,100 גרם,false,,13.90,0.0869,true,1,59145
7290017142500,false,תרסיס שמן זית בטעם ש,קונפניה,IT,תרסיס שמן זית בטעם ש,מיליליטרים,150.00,"100 מ""ל",false,,17.90,0.1193,true,1,64952
7290017142623,false,תרסיס שמן זית בטעם צ,קונפניה,IT,תרסיס שמן זית בטעם צ,מיליליטרים,150.00,"100 מ""ל",false,,17.90,0.1193,true,1,64954
7290017189246,false,מיני פנקייק 500 גרם,,ES,מיני פנקייק 500 גרם,גרמים,500.00,100 גרם,false,,21.90,0.0438,true,1,64600
7290017239101,false,סלמון נורווגי 100 גר,,LV,פוד קולקשיין,גרמים,100.00,100 גרם,false,,19.90,0.1990,true,1,27649
7290017266725,false,חטיף מיני קראנצ' 40,"גילרו בע""מ",IL,עלמה,גרמים,480.00,100 גרם,false,,14.90,0.0310,true,1,67468
7290017275345,false,טחינה גולמית בקבוק ל,"אחדות ביח""ר לטחינה ח",IL,טחינה גולמית בקבוק ל,גרמים,350.00,100 גרם,false,,8.90,0.0254,true,1,62208
7290017289168,false,יין אדום יבש ישראלי,יקב טפרברג,IL,יין אדום יבש ישראלי,מיליליטרים,750.00,"100 מ""ל",false,,21.90,0.0292,true,1,48004
7290017289175,false,פטיט סירה ישראלי 750,יקב טפרברג,IL,פטיט סירה ישראלי 750,מיליליטרים,750.00,"100 מ""ל",false,,21.90,0.0292,true,1,48005
7290017289595,false,אינספייר בלנד אדום י,יקב טפרברג,IL,יקב טפרברג,מיליליטרים,750.00,"100 מ""ל",false,,74.90,0.0999,true,1,55789
7290017297170,false,לקט אסיאתי להקפצה 80,ויטה פרי גליל,IL,לקט אסיאתי להקפצה 80,גרמים,800.00,100 גרם,false,,17.90,0.0224,true,1,57513
7290017297187,false,לקט ירקות להקפצה 800,ויטה פרי גליל,IL,לקט ירקות להקפצה 800,גרמים,800.00,100 גרם,false,,17.90,0.0224,true,1,57514
7290017297194,false,לקט ירקות לתנור 800,ויטה פרי גליל,IL,לקט ירקות לתנור 800,גרמים,800.00,100 גרם,false,,17.90,0.0224,true,1,57515
7290017297323,false,רוטב עגבניות מרוכז ט,"מילוז(1989)בע""""מ",IL,טל,גרמים,100.00,100 גרם,false,,1.50,0.0150,true,1,60280
7290017297330,false,רוטב עגבניות מרוכז B,טל וטרי,IL,טל וטרי,גרמים,240.00,100 גרם,false,,2.90,0.0121,true,1,62331
7290017297644,false,*מבצע* ברוקולי קפוא,"פרי הגליל בע""""מ",IL,פרי הגליל,גרמים,800.00,100 גרם,false,,13.90,0.0174,true,1,61255
7290017297682,false,כרובית קפואה 800 גרם,,,כרובית,גרמים,800.00,100 גרם,false,,9.90,0.0124,true,1,61256
7290017303567,false,"מלוחים קצח ""תמר"" 500",,,"מלוחים קצח ""תמר"" 500",גרמים,500.00,100 גרם,false,,11.90,0.0238,true,1,28887
7290017303574,false,"מלוחים שומשום ""תמר""",,,"מלוחים שומשום ""תמר""",גרמים,500.00,100 גרם,false,,11.90,0.0238,true,1,28888
7290017303604,false,"עוגיות גרנולה ""תמר""",,,"עוגיות גרנולה ""תמר""",גרמים,600.00,100 גרם,false,,11.90,0.0198,true,1,28891
7290017303611,false,"כעכים קקאו ""תמר"" 500",,,"כעכים קקאו ""תמר"" 500",גרמים,500.00,100 גרם,false,,11.90,0.0238,true,1,28892
7290017303628,false,"עוגיות כתר תות ""תמר""",,,"עוגיות כתר תות ""תמר""",גרמים,600.00,100 גרם,false,,11.90,0.0198,true,1,28893
7290017303666,false,"עוגיות שוקוציפס ""תמר",,,"עוגיות שוקוציפס ""תמר",גרמים,600.00,100 גרם,false,,11.90,0.0198,true,1,28897
7290017303673,false,עוגיות שוקוציפס לבן,,,עוגיות שוקוציפס לבן,גרמים,600.00,100 גרם,false,,11.90,0.0198,true,1,28898
7290017303680,false,"כעכים מרוקאי ""תמר"" 5",,,"כעכים מרוקאי ""תמר"" 5",גרמים,500.00,100 גרם,false,,11.90,0.0238,true,1,28899
7290017303802,false,מלוואח כשלפ 600 גרם,מאפיית אריאל,,"בורקס גבינה כשל""פ 600 גרם",גרמים,600.00,100 גרם,false,,21.90,0.0365,true,1,30409
7290017304885,false,שיפון וחיטה מלאה  75,אנג'ל,IL,אנגל,גרמים,750.00,100 גרם,false,,16.90,0.0225,true,1,50875
7290017373607,false,לשון חלק  קפוא,,,לשון חלק  קפוא,קילוגרמים,1.00,"ק""ג",true,,29.90,29.9000,true,1,37957
7290017373614,false,בשר ראש חלק קפוא,,,בשר ראש חלק קפוא,קילוגרמים,1.00,"ק""ג",true,,69.90,69.9000,true,1,30832
7290017406381,false,פירורי לחם מתובלים ג,,,פירורי לחם מתובלים 500ג,גרמים,500.00,100 גרם,false,,8.90,0.0178,true,1,47987
7290017406398,false,פירורי לחם מתובלים ש,,,פירורי לחם מתובלים 500ג,גרמים,500.00,100 גרם,false,,8.90,0.0178,true,1,47988
7290017417929,false,כוס לונג,,,כוס לונג,יח',10.00,יח',false,,7.90,0.7900,true,1,35642
7290017440699,false,"ד""ר פישר מרכך BLOND","ד""ר פישר",IL,"ד""ר פישר מרכך BLOND",מיליליטרים,400.00,"100 מ""ל",false,,29.90,0.0747,true,1,53276
7290017457727,false,סוד מרכך מרוכז פרש ס,הנקל סוד,IL,סוד,מיליליטרים,900.00,"100 מ""ל",false,,12.90,0.0143,true,1,49950
7290017513409,false,*מבצע* תה ירוק סופר,ויסוצקי,IL,ויסוצקי,גרמים,937.50,100 גרם,false,,17.90,0.0191,true,1,51364
7290017513485,false,*מבצע* מחית עגבניות,,,מחית עגבניות,גרמים,680.00,100 גרם,false,,9.90,0.0146,true,1,52532
7290017513775,false,בייגלה פליפז מצופה ש,אולקר מקבוצת פלאדיס,TR,פליפז,גרמים,140.00,100 גרם,false,,8.90,0.0636,true,1,54413
7290017513782,false,בייגלה פליפז מצופה ש,אולקר מקבוצת פלאדיס,TR,פליפז,גרמים,140.00,100 גרם,false,,8.90,0.0636,true,1,54414
7290017513850,false,*מבצע* תה ירוק נענע,ויסוצקי,IL,ויסוצקי,גרמים,937.50,100 גרם,false,,17.90,0.0191,true,1,56765
7290017589633,false,*מבצע* יין רזרב קברנ,ברקן סגל,IL,ספיישל רזרב,מיליליטרים,750.00,"100 מ""ל",false,,39.90,0.0532,true,1,48912
7290017599236,false,סוכרזית סטיוויה 200,ביסקול,IL,סוכרזית סטיוויה 200,יח',200.00,יח',false,,23.90,0.1195,true,1,61745
7290017599267,false,סוכרזית סוכרלוז 120,ביסקול,IL,סוכרזית סוכרלוז 120,גרמים,120.00,100 גרם,false,,24.90,0.2075,true,1,64814
7290017599304,false,סוכרזית סטיוויה כפית,ביסקול,IL,סוכרזית סטיוויה כפית,גרמים,400.00,100 גרם,false,,34.90,0.0872,true,1,65730
7290017616278,false,שעועית ירוקה חתוכה 8,,,שעועית ירוקה חתוכה 8,גרמים,800.00,100 גרם,false,,6.90,0.0086,true,1,62130
7290017616315,false,שעועית ירוקה שלמה עד,,,שעועית ירוקה שלמה עד,גרמים,600.00,100 גרם,false,,9.90,0.0165,true,1,62161
7290017616452,false,אפונה וגזר 800 גרם,,,אפונה וגזר 800 גרם,גרמים,800.00,100 גרם,false,,8.90,0.0111,true,1,62133
7290017616483,false,לקט ירקות מעורבים קפ,,,לקט ירקות מעורבים קפ,גרמים,800.00,100 גרם,false,,8.90,0.0111,true,1,62134
7290017616759,false,לקט לקוסקוס 800 גרם,,,לקט לקוסקוס 800 גרם,גרמים,800.00,100 גרם,false,,8.90,0.0111,true,1,62135
7290017616988,false,פול 800 גרם,,,פול 800 גרם,גרמים,800.00,100 גרם,false,,9.90,0.0124,true,1,62138
7290017641102,false,שוקולד פרימיום70% לל,,IL,שוקולד פרימיום70% לל,גרמים,100.00,100 גרם,false,,7.90,0.0790,true,1,64515
7290017641188,false,קרקר עם שיפון מלא וס,דוויטה ג'יי אס,,קרקר עם שיפון מלא וס,גרמים,130.00,100 גרם,false,,5.90,0.0454,true,1,49758
7290017641379,false,מאגדת שוקולד  חלב 44,כרמית,IL,מאגדת שוקולד  חלב 44,גרמים,85.00,100 גרם,false,,14.90,0.1753,true,1,64382
7290017641997,false,שוקולד פרימיום70% לל,,IL,שוקולד פרימיום70% לל,גרמים,100.00,100 גרם,false,,7.90,0.0790,true,1,64384
7290017647425,false,גמלא קברנה סובניון,יקב רמת הגולן,IL,גמלא,מיליליטרים,750.00,"100 מ""ל",false,,61.90,0.0825,true,1,56221
7290017677804,false,רוטב סויה קיקומן 444,קיקומן פודז אינק,US,קיקומן,מיליליטרים,444.00,"100 מ""ל",false,,19.90,0.0448,true,1,50543
7290017712192,false,פרמיו שימורי מזון מל,,,פרמיו שימורי מזון מל,יחידה,0.00,יחידה,false,,4.90,0.0000,true,1,55146
7290017712239,false,פרמיו שימורי מזון מל,,,פרמיו שימורי מזון מל,יחידה,0.00,יחידה,false,,5.90,0.0000,true,1,55150
7290017712246,false,פרמיו שימורי מזון מל,,,פרמיו שימורי מזון מל,יחידה,0.00,יחידה,false,,5.90,0.0000,true,1,55151
7290017712284,false,חטיף פרמיו ברביקיו 1,,,חטיף פרמיו ברביקיו 1,גרמים,150.00,100 גרם,false,,12.90,0.0860,true,1,61844
7290017712291,false,חטיף פרמיו מעושן 150,,,חטיף פרמיו מעושן 150,גרמים,150.00,100 גרם,false,,12.90,0.0860,true,1,61845
7290017712307,false,חטיף פרמיו מיני 150,,,חטיף פרמיו מיני 150,גרמים,150.00,100 גרם,false,,12.90,0.0860,true,1,61846
7290017712673,false,הוריזן בקר וכבד לכלב,,,הוריזן בקר וכבד לכלב,יחידה,0.00,יחידה,false,,4.90,0.0000,true,1,57851
7290017712680,false,הוריזן עוף לכלב ננסי,,,הוריזן עוף לכלב ננסי,יחידה,0.00,יחידה,false,,4.90,0.0000,true,1,57852
7290017712758,false,פרמיו סלמון 100 ג',,,פרמיו סלמון 100 ג',גרמים,100.00,100 גרם,false,,4.90,0.0490,true,1,57724
7290017712789,false,פרמיו סטירליז עוף 10,,,פרמיו סטירליז עוף 10,גרמים,100.00,100 גרם,false,,4.90,0.0490,true,1,57727
7290017712796,false,פרמיו סטריליז דג קוד,,,פרמיו סטריליז דג קוד,גרמים,100.00,100 גרם,false,,4.90,0.0490,true,1,57728
7290017729275,false,סיון גליל נייר מודפס,,,סיון גליל נייר מודפס,יח',6.00,יח',false,,13.90,2.3167,true,1,49489
7290017729657,false,פנסי לבן 150 חד שכבת,חי,IL,פנסי,יח',150.00,יח',false,,5.90,0.0393,true,1,60851
7290017812052,false,אקסלנס שיראז קברנה ס,יקבי כרמל,IL,יקבי כרמל,מיליליטרים,750.00,"100 מ""ל",false,,24.90,0.0332,true,1,47610
7290017812571,false,תירוש אדום 1 ליטר 10,יקבי כרמל,IL,מיץ ענבים,ליטרים,1.00,ליטר,false,,19.90,19.9000,true,1,53213
7290017812588,false,תירוש לבן 1 ליטר 100,יקבי כרמל,IL,מיץ ענבים,ליטרים,1.00,ליטר,false,,19.90,19.9000,true,1,53214
7290017812618,false,תירוש רוזה 1 ליטר 10,יקבי כרמל,IL,מיץ ענבים,ליטרים,1.00,ליטר,false,,19.90,19.9000,true,1,54549
7290017812847,false,יין גוורצטרמינר סלקט,יקבי כרמל,IL,סלקטד,מיליליטרים,750.00,"100 מ""ל",false,,29.90,0.0399,true,1,57735
7290017812885,false,סוביניון בלאן גוורצט,יקבי כרמל,IL,Private collection,מיליליטרים,750.00,"100 מ""ל",false,,39.90,0.0532,true,1,58830
7290017812977,false,*מבצע* יין באזז אננס,יקבי כרמל,IL,סלקטד,מיליליטרים,750.00,"100 מ""ל",false,,23.90,0.0319,true,1,59281
7290017842127,false,נייר לעטיפת סנדוויץ',מ.ב.נייר,IL,אמנון ותמר,יח',100.00,יח',false,,8.90,0.0890,true,1,64569
7290017842851,false,מגשים עגולים ענקיים,,,מגשים עגולים ענקיים,יח',5.00,יח',false,,9.90,1.9800,true,1,61629
7290017871370,false,פמלי סבון ידיים יהלו,,,פמילי,מיליליטרים,500.00,"100 מ""ל",false,,9.90,0.0198,true,1,53595
7290017871974,false,ג'לי בטעם תות שדה 25,,,טוסו,גרמים,25.00,100 גרם,false,,9.90,0.3960,true,1,56153
7290017872179,false,"עוגיות טחינה לל""ס 20","רוקחמן בע""מ",IL,טוסו,גרמים,200.00,100 גרם,false,,14.90,0.0745,true,1,55584
7290017873008,false,גלילונית שקיות להקפא,"אשפלסט תעשיות בע""מ",IL,גלילונית,יח',275.00,יח',false,,11.90,0.0433,true,1,61140
7290017873039,false,גלילונית סנדוויץ' זו,"קינג באג בע""מ",TH,גלילונית,יח',320.00,יח',false,,9.90,0.0309,true,1,61144
7290017888019,false,פרוט & וג' תפוח רימו,יפאורה תבורי,IL,פרוט & וג' תפוח רימו,מיליליטרים,350.00,"100 מ""ל",false,,7.50,0.0214,true,1,49372
7290017888026,false,פרוט & וג' אננס תפוח,יפאורה תבורי,IL,פרוט & וג' אננס תפוח,מיליליטרים,350.00,"100 מ""ל",false,,7.50,0.0214,true,1,49373
7290017888033,false,פרוט & וג' בננה מלון,יפאורה תבורי,IL,פרוט & וג' בננה מלון,מיליליטרים,350.00,"100 מ""ל",false,,7.50,0.0214,true,1,49374
7290017888972,false,מים מינרליים מי עדן,יפאורה תבורי,IL,מי עדן,ליטרים,1.00,ליטר,false,,3.90,3.9000,true,1,55767
7290017894010,false,גרין קוקו - מי קוקוס,,,גרין קוקו - מי קוקוס,יחידה,0.00,יחידה,false,,18.90,0.0000,true,1,64177
7290017894089,false,דגש קמח שיבולת שועל,,,דגש קמח שיבולת שועל,יחידה,500.00,יחידה,false,,19.90,0.0398,true,1,64182
7290017894256,false,דגש - פריכיות אורז מ,,,דגש - פריכיות אורז מ,יחידה,230.00,יחידה,false,,13.90,0.0604,true,1,64188
7290017917399,false,מגבון טיפולי קמיל בל,"ד""ר פישר",IL,קמיל בלו,יח,100.00,יח,false,,14.90,0.1490,true,1,52753
7290017917757,false,*מבצע* קרם גוף אפקטי,"ד""ר פישר",,"ד""ר פישר",מיליליטרים,450.00,"100 מ""ל",false,,21.90,0.0487,true,1,56003
7290017928036,false,מקלות גריסיני שומשום,מאיר בייגל,IL,מאיר בייגל,גרמים,175.00,100 גרם,false,,11.90,0.0680,true,1,52557
7290017928043,false,גריסיני קראנץ' עם מל,מאיר בייגל,IL,מאיר בייגל,גרמים,175.00,100 גרם,false,,11.90,0.0680,true,1,52558
7290017928524,false,בייגלה שטוח ניגובים,מאיר בייגל,IL,מאיר בייגל,גרמים,330.00,100 גרם,false,,10.90,0.0330,true,1,60920
7290017928616,false,בייגלה שטוח'לה שומשו,מאיר בייגל,IL,מאיר בייגל,גרמים,300.00,100 גרם,false,,10.90,0.0363,true,1,52565
7290017928661,false,*מבצע* שברי בייגלה ב,סבימקס,BG,*מבצע* שברי בייגלה ב,גרמים,300.00,100 גרם,false,,10.00,0.0333,true,1,57869
7290017947105,false,לחם בסגנון אמריקה אנ,אנג'ל,IL,אנגל,גרמים,500.00,100 גרם,false,,14.90,0.0298,true,1,53187
7290017947464,false,פיתות כוסמין שמיניה,אנג'ל,IL,אנגל,8   יח,8.00,8   יח,false,,15.90,1.9875,true,1,56397
7290017947495,false,לחמניות כוסמין 6 יחי,אנג'ל,IL,לחמניות כוסמין,גרמים,450.00,100 גרם,false,,15.90,0.0353,true,1,57171
7290017947891,false,כוסמין וחיטה מלאה 75,אנג'ל,IL,אנגל,גרמים,750.00,100 גרם,false,,16.90,0.0225,true,1,53186
7290017947921,false,שישיית לחמניות המבור,אנג'ל,IL,אנגל,יח,6.00,יח,false,,14.90,2.4833,true,1,53694
7290017947938,false,לחמניות מיני המבורגר,אנג'ל,IL,לחמניות,גרמים,400.00,100 גרם,false,,14.90,0.0373,true,1,57169
7290018045084,false,*מבצע* דגנים במילוי,monday,DE,*מבצע* דגנים במילוי,גרמים,480.00,100 גרם,false,,15.90,0.0331,true,1,61806
7290018045497,false,*מבצע* דגנים במילוי,monday,DE,*מבצע* דגנים במילוי,גרמים,480.00,100 גרם,false,,15.90,0.0331,true,1,61807
7290018045695,false,*מבצע* דגנים במילוי,monday,DE,*מבצע* דגנים במילוי,גרמים,480.00,100 גרם,false,,15.90,0.0331,true,1,61808
7290018045893,false,*מבצע* דגנים במילוי,monday,DE,*מבצע* דגנים במילוי,גרמים,480.00,100 גרם,false,,15.90,0.0331,true,1,61809
7290018071434,false,מימיה עם קש סיליקון,J.B. Comp Lt,CN,טוליפס,יח',1.00,יח',false,,21.90,21.9000,true,1,64036
7290018091029,false,מקלות פילו תפוא 450,מעדנות,IL,מעדנות,גרמים,450.00,100 גרם,false,,17.90,0.0398,true,1,53933
7290018091272,false,בצק עוגיות קקאו טריפ,מעדנות,IL,בצק עוגיות קקאו טריפ,גרמים,300.00,100 גרם,false,,16.90,0.0563,true,1,63830
7290018098486,false,פיצה משפחתית מרגריטה,כל טוב,,פיצה משפחתית מרגריטה,גרמים,350.00,100 גרם,false,,21.90,0.0626,true,1,64267
7290018098493,false,פיצה משפחתית זיתים 3,כל טוב,,פיצה משפחתית זיתים 3,גרמים,350.00,100 גרם,false,,21.90,0.0626,true,1,64268
7290018098585,false,קציצות 300 גרם beef,כל טוב,,קציצות 300 גרם beef,גרמים,300.00,100 גרם,false,,21.90,0.0730,true,1,64270
7290018099001,false,עשיריית פיתות אפייה,,,עשיריית פיתות אפייה,יחידה,0.00,יחידה,false,,13.50,0.0000,true,1,64637
7290018131534,false,*מבצע* מאגדת מיני בי,פרונרי פולין וודסקה,PL,מילקה,גרמים,203.00,100 גרם,false,,15.90,0.0783,true,1,55983
7290018131558,false,*מבצע* מאגדת מיני בי,פרונרי פולין וודסקה,PL,מילקה,גרמים,203.00,100 גרם,false,,15.90,0.0783,true,1,55984
7290018131756,false,מאגדת שלגון בטעם וני,גלידות נסטלה,IL,גלידות נסטלה,גרמים,440.00,100 גרם,false,,27.90,0.0634,true,1,58520
7290018131831,false,מאגדת שלגון מילקה ונ,גלידות נסטלה,IL,גלידות נסטלה,יח,4.00,יח,false,,32.90,8.2250,true,1,58522
7290018131954,false,מאגדת לה פרוטה תות ש,גלידות נסטלה,IL,לה פרוטה,גרמים,350.00,100 גרם,false,,27.90,0.0797,true,1,58524
7290018156483,false,"סרקל שמפו 750 מ""ל","ד""ר פישר",,"ד""ר פישר",מיליליטרים,750.00,"100 מ""ל",false,,24.90,0.0332,true,1,56005
7290018165010,false,*מבצע* יין רזרב גוור,ברקן סגל,IL,ספיישל רזרב,מיליליטרים,750.00,"100 מ""ל",false,,39.90,0.0532,true,1,53427
7290018165447,false,*מבצע* יין רזרב מרלו,ברקן סגל,IL,ספיישל רזרב,מיליליטרים,750.00,"100 מ""ל",false,,39.90,0.0532,true,1,57669
7290018186008,false,שרי אשכולות ארוז,,,שרי אשכולות ארוז,גרמים,460.00,100 גרם,false,,8.90,0.0193,true,1,52151
7290018192023,false,סלרי חתוך יח',,,סלרי חתוך יח',יח',1.00,יח',false,,5.90,5.9000,true,1,52215
7290018192658,false,מארז פטריות זוג איטל,,IL,מארז פטריות זוג,יח',1.00,יח',false,,15.90,15.9000,true,1,56239
7290018194058,false,*מבצע* ערק ג'בלנא 16,,,*מבצע* ערק ג'בלנא 16,מיליליטרים,700.00,"100 מ""ל",false,,34.90,0.0499,true,1,61024
7290018198209,false,צ'יפס בטטה קראנצי 50,"תעשיות תפוגן בע""מ",IL,צ'יפס בטטה קראנצי 50,גרמים,500.00,100 גרם,false,,17.90,0.0358,true,1,57540
7290018198254,false,קריספי צ'יפס פוטטוס,אסם,IL,קריספי צ'יפס פוטטוס,קילוגרמים,1.25,"ק""ג",false,,24.90,19.9200,true,1,59859
7290018236635,false,*מבצע* עוף טוב צ'ונג,עוף טוב,IL,*מבצע* עוף טוב צ'ונג,גרמים,600.00,100 גרם,false,,29.90,0.0498,true,1,57718
7290018237281,false,נקניק סלמי ירדן 550,עוף טוב,IL,עוף טוב,גרמים,550.00,100 גרם,false,,21.90,0.0398,true,1,60539
7290018237397,false,פסטרמה מקורמלת מנתח,"עוף טוב (שאן) בע""מ",IL,פסטרמה מקורמלת מנתח,גרמים,300.00,100 גרם,false,,26.90,0.0897,true,1,60350
7290018237410,false,פסטרמה במעשנה מנתח ש,"עוף טוב (שאן) בע""מ",IL,פסטרמה במעשנה מנתח ש,גרמים,300.00,100 גרם,false,,26.90,0.0897,true,1,60351
7290018237885,false,נקניקיות XL  ללחמניה,עוף טוב,IL,עוף טוב,גרמים,370.00,100 גרם,false,,14.90,0.0403,true,1,63334
7290018237922,false,*מבצע* שניצלונים בצי,עוף טוב,IL,עוף טוב,גרמים,700.00,100 גרם,false,,12.90,0.0184,true,1,63203
7290018237939,false,*מבצע* שניצלונים בצי,עוף טוב,IL,עוף טוב,גרמים,700.00,100 גרם,false,,12.90,0.0184,true,1,63204
7290018249154,false,סוויטאנגו ממרח קקאו,"אחדות ביח""ר לטחינה ח",,סוויטאנגו ממרח קקאו,גרמים,350.00,100 גרם,false,,32.90,0.0940,true,1,64669
7290018282038,false,מגבוני טואלט לחים של,,,מגבוני טואלט לחים של,יח,3.00,יח,false,,9.90,3.3000,true,1,60248
7290018282199,false,אל סבון משאבה יוחננו,,,אל סבון משאבה יוחננו,ליטרים,1.00,ליטר,false,,8.90,8.9000,true,1,60241
7290018282595,false,אל סבון משאבה יוחננו,,,אל סבון משאבה יוחננו,ליטרים,1.00,ליטר,false,,8.90,8.9000,true,1,60243
7290018282793,false,מטליות לניקוי רצפה י,,,מטליות לניקוי רצפה י,יח,1.00,יח,false,,7.90,7.9000,true,1,60244
7290018282847,false,אל סבון משאבה יוחננו,,,אל סבון משאבה יוחננו,ליטרים,1.00,ליטר,false,,8.90,8.9000,true,1,60245
7290018294192,false,בלנד היינן פרייבט קו,יקבי כרמל,IL,Private collection,מיליליטרים,750.00,"100 מ""ל",false,,39.90,0.0532,true,1,61887
7290018294208,false,סלקטד אדום ישראלי,יקבי כרמל,IL,סלקטד,מיליליטרים,750.00,"100 מ""ל",false,,29.90,0.0399,true,1,60207
7290018294352,false,*מבצע* ארק כרמל,יקבי כרמל,IL,*מבצע* ארק כרמל,מיליליטרים,700.00,"100 מ""ל",false,,49.90,0.0713,true,1,62531
7290018294918,false,מונלייט לבן חצי מתוק,יקבי כרמל,IL,מונלייט לבן חצי מתוק,מיליליטרים,750.00,"100 מ""ל",false,,34.90,0.0465,true,1,64842
7290018359112,false,עגבניות פסאטה יכין 6,אמיליאנה קונסרב,IT,עגבניות פסאטה יכין 6,גרמים,690.00,100 גרם,false,,10.90,0.0158,true,1,60782
7290018359334,false,פריכוז שף יכין 580 ג,זנלכל,IL,פריכוז שף,גרמים,580.00,100 גרם,false,,9.90,0.0171,true,1,57148
7290018359518,false,שלישיית תירס מהשדה י,זנלכל,IL,שלישיית תירס מהשדה י,גרמים,600.00,100 גרם,false,,14.90,0.0248,true,1,57149
7290018359556,false,*מבצע* תירס מהשדה יכ,זנלכל,IL,*מבצע* תירס מהשדה יכ,גרמים,400.00,100 גרם,false,,6.90,0.0173,true,1,57151
7290018359662,false,מארז שלישייה קוביות,יכין,,מארז שלישייה קוביות,גרמים,600.00,100 גרם,false,,14.90,0.0248,true,1,60785
7290018359686,false,חומוס ענק יכין 550 ג,יכין,IL,חומוס ענק יכין 550 ג,גרמים,550.00,100 גרם,false,,9.90,0.0180,true,1,59867
7290018359853,false,עדשים שחורות יכין 40,יכין,IL,עדשים שחורות יכין 40,גרמים,400.00,100 גרם,false,,6.90,0.0173,true,1,59868
7290018359860,false,*מבצע* רסק עגבניות ל,יכין,IL,*מבצע* רסק עגבניות ל,גרמים,400.00,100 גרם,false,,8.90,0.0223,true,1,61901
7290018359877,false,*מבצע* רסק עגבניות ט,,,*מבצע* רסק עגבניות ט,גרמים,600.00,100 גרם,false,,8.90,0.0148,true,1,61902
7290018359938,false,*מבצע* רוטב עגבניות,יכין,IL,*מבצע* רוטב עגבניות,גרמים,400.00,100 גרם,false,,9.90,0.0248,true,1,63838
7290018359945,false,*מבצע* חאריפה -רוטב,יכין,IL,*מבצע* חאריפה -רוטב,גרמים,400.00,100 גרם,false,,9.90,0.0248,true,1,63839
7290018359952,false,*מבצע* רוטב עגבניות,יכין,IL,*מבצע* רוטב עגבניות,גרמים,400.00,100 גרם,false,,9.90,0.0248,true,1,63840
7290018359969,false,*מבצע* רוטב עגבניות,יכין,IL,*מבצע* רוטב עגבניות,גרמים,400.00,100 גרם,false,,9.90,0.0248,true,1,63841
7290018380215,false,קורנישון מיני פיקנטי,קולמן,IN,תומר,גרמים,720.00,100 גרם,false,,10.90,0.0151,true,1,59546
7290018380871,false,פטיסון 670 גרם,אי סי אס,MD,תומר,גרמים,670.00,100 גרם,false,,14.90,0.0222,true,1,61465
7290018394083,false,שום פנינה,,IL,פטריות יער,יח',1.00,יח',false,,13.90,13.9000,true,1,60125
7290018394113,false,פטריות שי מגי דואט,,IL,פטריות יער,גרמים,300.00,100 גרם,false,,17.90,0.0597,true,1,62243
7290018394151,false,מיקס פטריות אקזוטי י,"פנטה אמפאק בע""מ",IL,פטריות שיטאקי טרי,גרמים,400.00,100 גרם,false,,24.90,0.0622,true,1,63766
7290018400616,false,לקט ירקות ירוקים להק,תנובה,IL,לקט ירקות ירוקים להק,גרמים,700.00,100 גרם,false,,22.90,0.0327,true,1,58802
7290018400807,false,טברנה יוונית סנפרוסט,"סנפרוסט בע""מ",IL,סנפרוסט,גרמים,800.00,100 גרם,false,,22.90,0.0286,true,1,57292
7290018440070,false,תרכיז עגבניות בשפורפ,אמיליאנה קונסרב,IT,תרכיז עגבניות בשפורפ,מיליליטרים,200.00,"100 מ""ל",false,,8.90,0.0445,true,1,58681
7290018440209,false,בייגלה פליפז בציפוי,אולקר מקבוצת פלאדיס,TR,פליפז,גרמים,140.00,100 גרם,false,,8.90,0.0636,true,1,57596
7290018440223,false,*מבצע* צ'אי מסאלה וי,ויסוצקי,,*מבצע* צ'אי מסאלה וי,יח',25.00,יח',false,,17.90,0.7160,true,1,60377
7290018440254,false,*מבצע* צ'אי קרמל מלו,ויסוצקי,,*מבצע* צ'אי קרמל מלו,יח',25.00,יח',false,,17.90,0.7160,true,1,60380
7290018440391,false,*מבצע* תה ירוק מאטה,ויסוצקי,IL,ויסוצקי,גרמים,937.50,100 גרם,false,,17.90,0.0191,true,1,60374
7290018440438,false,*מבצע* טונה EASY  בש,קאלבו קונסרבס ס.ל.ו,ES,*מבצע* טונה EASY  בש,גרמים,195.00,100 גרם,false,,22.90,0.1174,true,1,62559
7290018440476,false,בייגלה פליפז מצופה ב,אולקר מקבוצת פלאדיס,TR,פליפז,גרמים,140.00,100 גרם,false,,8.90,0.0636,true,1,59746
7290018440490,false,*מבצע* סלט טונה עם ק,קאלבו קונסרבס ס.ל.ו,ES,*מבצע* סלט טונה עם ק,גרמים,150.00,100 גרם,false,,12.90,0.0860,true,1,62562
7290018440520,false,*מבצע* סלט טונה מקסי,קאלבו קונסרבס ס.ל.ו,ES,*מבצע* סלט טונה מקסי,גרמים,150.00,100 גרם,false,,12.90,0.0860,true,1,62565
7290018440896,false,*מבצע* הגן הקסום ג'י,ויסוצקי,IL,ויסוצקי,גרמים,75.00,100 גרם,false,,16.90,0.2253,true,1,61762
7290018468319,false,*מבצע* נקניקיה צמחית,טירת צבי,IL,*מבצע* נקניקיה צמחית,גרמים,400.00,100 גרם,false,,34.90,0.0872,true,1,62736
7290018468401,false,פסטרמה צמחונית בטעם,טירת צבי,IL,פסטרמה צמחונית בטעם,גרמים,120.00,100 גרם,false,,17.90,0.1492,true,1,67352
7290018468418,false,פסטרמה צמחונית בטעם,טירת צבי,IL,פסטרמה צמחונית בטעם,גרמים,120.00,100 גרם,false,,17.90,0.1492,true,1,67353
7290018468425,false,נקניק טבעוני בטעם פי,טירת צבי,IL,נקניק טבעוני בטעם פי,גרמים,100.00,100 גרם,false,,17.90,0.1790,true,1,67354
7290018471029,false,שוופס סודה לימון 0.5,יפאורה תבורי,IL,שוופס,מיליליטרים,500.00,"100 מ""ל",false,,13.90,0.0278,true,1,57138
7290018471180,false,*מבצע* פרוט & ווג' א,יפאורה תבורי,IL,*מבצע* פרוט & ווג' א,ליטרים,1.00,ליטר,false,,9.90,9.9000,true,1,58958
7290018471197,false,*מבצע* פרוט & ווג' ת,יפאורה תבורי,IL,*מבצע* פרוט & ווג' ת,ליטרים,1.00,ליטר,false,,9.90,9.9000,true,1,58959
7290018471449,false,ספרינג שייק בננה תמר,יפאורה תבורי,IL,ספרינג שייק בננה תמר,ליטרים,1.00,ליטר,false,,12.50,12.5000,true,1,59783
7290018471463,false,תפוזינה נקטר קרטונית,יפאורה תבורי,IL,תפוזינה נקטר קרטונית,ליטרים,1.00,ליטר,false,,7.20,7.2000,true,1,59013
7290018471470,false,תפוזינה נקטר קרטונית,יפאורה תבורי,IL,תפוזינה נקטר קרטונית,ליטרים,1.00,ליטר,false,,7.20,7.2000,true,1,59014
7290018471487,false,תפוזינה נקטר קרטונית,יפאורה תבורי,IL,תפוזינה נקטר קרטונית,ליטרים,1.00,ליטר,false,,7.20,7.2000,true,1,59015
7290018471494,false,תפוזינה קרטונית תפוז,יפאורה תבורי,IL,תפוזינה קרטונית תפוז,ליטרים,1.00,ליטר,false,,7.20,7.2000,true,1,59016
7290018471616,false,שוופס אינדיאן טוניק,יפאורה תבורי,IL,שוופס אינדיאן טוניק,ליטרים,1.00,ליטר,false,,9.50,9.5000,true,1,59336
7290018471623,false,שוופס טוניק אשכוליות,יפאורה תבורי,IL,שוופס טוניק אשכוליות,ליטרים,1.00,ליטר,false,,9.50,9.5000,true,1,59337
7290018471630,false,שוופס טוניק מלפפון ל,יפאורה תבורי,IL,שוופס טוניק מלפפון ל,ליטרים,1.00,ליטר,false,,9.50,9.5000,true,1,59338
7290018471692,false,ספרינג שייק בננה אננ,יפאורה תבורי,IL,ספרינג שייק בננה אננ,ליטרים,1.00,ליטר,false,,12.50,12.5000,true,1,59785
7290018471906,false,שוופס מוגז פירות לימ,יפאורה תבורי,IL,שוופס פרוטס,ליטרים,1.50,ליטר,false,,8.90,5.9333,true,1,61411
7290018471913,false,שוופס מוגז פירות תפו,יפאורה תבורי,IL,שוופס פרוטס,ליטרים,1.50,ליטר,false,,8.90,5.9333,true,1,61412
7290018471920,false,שוופס מוגז פירות ענב,יפאורה תבורי,IL,שוופס פרוטס,ליטרים,1.50,ליטר,false,,8.90,5.9333,true,1,61413
7290018471937,false,שוופס מוגז פירות תות,יפאורה תבורי,IL,שוופס פרוטס,ליטרים,1.50,ליטר,false,,8.90,5.9333,true,1,61414
7290018471944,false,שוופס מוגז פירות לימ,יפאורה תבורי,IL,שוופס פרוטס,ליטרים,1.50,ליטר,false,,8.90,5.9333,true,1,61415
7290018471951,false,שוופס מוגז פירות אשכ,יפאורה תבורי,IL,שוופס פרוטס,ליטרים,1.50,ליטר,false,,8.90,5.9333,true,1,61416
7290018493076,false,קרם ידיים אפקטיב קר,דר פישר,,אפקטיב קר,מיליליטרים,100.00,"100 מ""ל",false,,15.90,0.1590,true,1,58379
7290018493144,false,*מבצע* קמיל אל סבון,,IL,דר פישר,ליטרים,1.00,ליטר,false,,12.90,12.9000,true,1,57879
7290018500361,false,לחם אחיד פרוס אנגל 9,,,לחם אחיד פרוס אנגל 9,גרמים,900.00,100 גרם,false,,8.30,0.0092,true,1,64798
7290018500385,false,חלה רגילה אנג'ל 650,,,חלה רגילה אנג'ל 650,גרמים,650.00,100 גרם,false,,5.10,0.0078,true,1,64889
7290018516089,false,פרמיו דליקט טונה דג,,,פרמיו דליקט טונה דג,יחידה,0.00,יחידה,false,,9.90,0.0000,true,1,57860
7290018516324,false,מחית פרינוק תפוח ושי,פרוטה פודווין איי.אס,CZ,רנדי,גרמים,120.00,100 גרם,false,,5.90,0.0492,true,1,60260
7290018516331,false,מחית פרינוק תפוח בננ,פרוטה פודווין איי.אס,CZ,רנדי,גרמים,120.00,100 גרם,false,,5.90,0.0492,true,1,60261
7290018516348,false,מחית פרינוק סלט פירו,פרוטה פודווין איי.אס,CZ,רנדי,גרמים,120.00,100 גרם,false,,5.90,0.0492,true,1,60262
7290018516577,false,פרימו דליקט עוף לחתל,,,פרימו דליקט עוף לחתל,גרמים,56.00,100 גרם,false,,9.90,0.1768,true,1,64586
7290018516584,false,פרימו דליקט טונה  לח,,,פרימו דליקט טונה  לח,גרמים,56.00,100 גרם,false,,9.90,0.1768,true,1,64587
7290018571231,false,עדשי שוקולד 400 גרם,מיה,IL,עדשי שוקולד 400 גרם,גרמים,400.00,100 גרם,false,,19.90,0.0497,true,1,60023
7290018652909,false,אספרסו שוקולד 6 יח’,גלידות נסטלה,IL,גלידות נסטלה,יח',6.00,יח',false,,28.90,4.8167,true,1,62086
7290018652923,false,תות עוגת גבינה 6 יח’,גלידות נסטלה,IL,גלידות נסטלה,יח',6.00,יח',false,,28.90,4.8167,true,1,62087
7290018687567,false,נוזל רצפה 2 ליטר יוח,,,נוזל רצפה 2 ליטר יוח,ליטרים,2.00,ליטר,false,,9.90,4.9500,true,1,60238
7290018687574,false,נוזל רצפה 2 ליטר יוח,,,נוזל רצפה 2 ליטר יוח,ליטרים,2.00,ליטר,false,,9.90,4.9500,true,1,60239
7290018687581,false,נוזל רצפה 2 ליטר יוח,,,נוזל רצפה 2 ליטר יוח,ליטרים,2.00,ליטר,false,,9.90,4.9500,true,1,60240
7290018687598,false,ג'ל כביסה 3 ליטר יוח,,,ג'ל כביסה 3 ליטר יוח,ליטרים,3.00,ליטר,false,,17.90,5.9667,true,1,60233
7290018687604,false,ג'ל כביסה 3 ליטר יוח,,,ג'ל כביסה 3 ליטר יוח,ליטרים,3.00,ליטר,false,,17.90,5.9667,true,1,60234
7290018687611,false,מרכך כביסה מרוכז יוח,,,מרכך כביסה מרוכז יוח,ליטרים,1.00,ליטר,false,,8.90,8.9000,true,1,60235
7290018687628,false,מרכך כביסה מרוכז יוח,,,מרכך כביסה מרוכז יוח,ליטרים,1.00,ליטר,false,,8.90,8.9000,true,1,60236
7290018687840,false,ג'ל כביסה ירוק 5 ליט,,,ג'ל כביסה ירוק 5 ליט,ליטרים,5.00,ליטר,false,,26.90,5.3800,true,1,61876
7290018687857,false,ג'ל כביסה כחול 5 ליט,,,ג'ל כביסה כחול 5 ליט,ליטרים,5.00,ליטר,false,,26.90,5.3800,true,1,61877
7290018687895,false,קפסולות ג'ל מרוכזות,,,קפסולות ג'ל מרוכזות,יח',36.00,יח',false,,24.90,0.6917,true,1,62152
7290018687918,false,נוזל כלים יוחננוף לי,,,נוזל כלים יוחננוף לי,מיליליטרים,750.00,"100 מ""ל",false,,6.90,0.0092,true,1,62140
7290018687925,false,נוזל כלים יוחננוף תפ,,,נוזל כלים יוחננוף תפ,מיליליטרים,750.00,"100 מ""ל",false,,6.90,0.0092,true,1,62141
7290018687932,false,נוזל כלים יוחננוף לב,,,נוזל כלים יוחננוף לב,מיליליטרים,750.00,"100 מ""ל",false,,6.90,0.0092,true,1,62142
7290018687949,false,נוזל כלים יוחננוף לי,,,נוזל כלים יוחננוף לי,ליטרים,1.50,ליטר,false,,9.90,6.6000,true,1,62143
7290018687956,false,נוזל כלים יוחננוף תפ,,,נוזל כלים יוחננוף תפ,ליטרים,1.50,ליטר,false,,9.90,6.6000,true,1,62144
7290018687963,false,נוזל כלים יוחננוף לב,,,נוזל כלים יוחננוף לב,ליטרים,1.50,ליטר,false,,9.90,6.6000,true,1,62145
7290018687987,false,קפסולות ג'ל מרוכזות,,,קפסולות ג'ל מרוכזות,יח',36.00,יח',false,,24.90,0.6917,true,1,62153
7290018687994,false,ג'ל מרוכז לכביסה צבע,"גליל כימיכלים בע""מ",IL,ג'ל מרוכז לכביסה צבע,ליטרים,3.00,ליטר,false,,17.90,5.9667,true,1,62803
7290018704592,false,חמוצים יפניים,סלטי מונטה קרלו,IL,חמוצים יפניים,קילוגרמים,1.00,"ק""ג",true,,55.00,55.0000,true,1,63941
7290018704660,false,סלט תירס עם פטריות ב,,,סלט תירס עם פטריות ב,קילוגרמים,1.00,"ק""ג",true,,65.00,65.0000,true,1,60411
7290018708118,false,חלבה שאמית וניל פיסט,,,חלבה שאמית בארכה,גרמים,350.00,100 גרם,false,,15.90,0.0454,true,1,61776
7290018720011,false,ביסקוויט קרנבל חיות,הגביע,IL,ביסקוויט קרנבל חיות,גרמים,250.00,100 גרם,false,,5.90,0.0236,true,1,59790
7290018720028,false,ביסקוויט אותיות 250,הגביע,IL,ביסקוויט אותיות 250,גרמים,250.00,100 גרם,false,,5.90,0.0236,true,1,59791
7290018720103,false,וופל ללא סוכר,"גילרו בע""מ",IL,מעדני המלך,גרמים,250.00,100 גרם,false,,7.90,0.0316,true,1,60334
7290018720189,false,ביסקוויט קסטה בטעם ש,הגביע,IL,מעדני מלך,גרמים,200.00,100 גרם,false,,5.50,0.0275,true,1,65601
7290018795842,false,שיני שום קלופות 500,,,שיני שום קלופות 500,גרמים,500.00,100 גרם,false,,16.90,0.0338,true,1,64961
7290018823002,false,מלפפון בייבי אורגני,,,מלפפון בייבי אורגני,גרמים,250.00,100 גרם,false,,9.90,0.0396,true,1,61551
7290018823408,false,פלפל סוויט בייט אורג,,,פלפל סוויט בייט אורג,גרמים,300.00,100 גרם,false,,9.90,0.0330,true,1,61553
7290018824016,false,מגבונים לחים יוחננוף,,IL,מגבונים לחים יוחננוף,יח,1.00,יח,false,,16.90,16.9000,true,1,66071
7290018825020,false,"תפו""א גורמה",משתנה,IL,"תפו""א לבן ארוז",קילוגרמים,1.00,"ק""ג",true,,5.90,5.9000,true,1,60538
7290018825815,false,"תפו""א גורמה בייבי",משתנה,IL,"תפו""א לבן ארוז",קילוגרמים,1.00,"ק""ג",true,,4.90,4.9000,true,1,60693
7290018860717,false,אטריות אורז ללא גלוט,,,אטריות אורז ללא גלוט,גרמים,454.00,100 גרם,false,,10.90,0.0240,true,1,61896
7290018878224,false,מיני קוקיס בטעם שוקו,Carmit,IL,כרמית,גרמים,600.00,100 גרם,false,,16.90,0.0282,true,1,64802
7290018893005,false,בייגלה שטוח חרדל ודב,אלקה קו,RO,צוקטה,גרמים,160.00,100 גרם,false,,6.90,0.0431,true,1,60694
7290018893258,false,מארז עוגה אישית צוקט,פרדי קונדטוריה אס פי,IT,יוגטה,גרמים,300.00,100 גרם,false,,12.90,0.0430,true,1,60164
7290018893319,false,צ'וקטה שוקולד מריר ב,נטרה,BE,צ'וקטה שוקולד מריר ב,גרמים,100.00,100 גרם,false,,8.90,0.0890,true,1,61826
7290018893500,false,צ'וקטה עוגיות סנדווי,ארלוי,ES,צ'וקטה עוגיות סנדווי,גרמים,180.00,100 גרם,false,,4.90,0.0272,true,1,61819
7290018893517,false,בייגלה שטוח מצופה שו,אלקה קו,RO,צוקטה,גרמים,80.00,100 גרם,false,,6.90,0.0863,true,1,61823
7290018893647,false,עוגיות סנדוויץ שוקול,דסטרופר,BE,צוקטה,גרמים,150.00,100 גרם,false,,9.90,0.0660,true,1,60629
7290018893661,false,צ'וקטה עוגות אישיות,פרדי קונדטוריה אס פי,IT,יוגטה,גרמים,240.00,100 גרם,false,,11.90,0.0496,true,1,60167
7290018893708,false,צ'וקטה עוגיות סנדווי,ארלוי,ES,צ'וקטה עוגיות סנדווי,גרמים,250.00,100 גרם,false,,7.90,0.0316,true,1,61820
7290018893807,false,מארז שוקולד מריר 60%,צ'וקטה,ES,יוגטה,גרמים,300.00,100 גרם,false,,12.90,0.0430,true,1,60366
7290018893814,false,מארז טבלאות שוקולד מ,צ'וקטה,ES,מארז טבלאות שוקולד מ,גרמים,500.00,100 גרם,false,,17.90,0.0358,true,1,60630
7290018893890,false,טבלת שוקולד מריר צ'ו,נאטרה,FR,טבלת שוקולד מריר צ'ו,גרמים,280.00,100 גרם,false,,9.90,0.0354,true,1,60078
7290018893906,false,צ'וקטה עוגיות סנדווי,ארלוי,ES,צ'וקטה עוגיות סנדווי,גרמים,250.00,100 גרם,false,,7.90,0.0316,true,1,61821
7290018894019,false,*מבצע* בלקוני עוגות,בלקוני,IT,*מבצע* בלקוני עוגות,גרמים,350.00,100 גרם,false,,11.90,0.0340,true,1,61958
7290018894200,false,*מבצע* בלקוני וופל ק,בלקוני,IT,*מבצע* בלקוני וופל ק,גרמים,250.00,100 גרם,false,,9.90,0.0396,true,1,61953
7290018921203,false,*מבצע* קרם החתלה קמו,דר פישר,,*מבצע* קרם החתלה קמו,גרמים,120.00,100 גרם,false,,14.90,0.1242,true,1,65960
7290018921609,false,*מבצע* קרם החתלה קלנ,דר פישר,,*מבצע* קרם החתלה קלנ,גרמים,120.00,100 גרם,false,,14.90,0.1242,true,1,65961
7290018921753,false,*מבצע* קמיל אל סבון,,IL,דר פישר,ליטרים,1.00,ליטר,false,,12.90,12.9000,true,1,64512
7290018921807,false,*מבצע* משחת החתלה צמ,דר פישר,,*מבצע* משחת החתלה צמ,גרמים,120.00,100 גרם,false,,14.90,0.1242,true,1,65962
7290018925065,false,מיץ תפוזים סחוט 2 לי,"גניר (1992) בע""מ",IL,תוצרת מסחרית,ליטרים,2.00,ליטר,false,,26.90,13.4500,true,1,61148
7290018925096,false,משקה קל תפוזים,גניר,IL,משקה קל תפוזים,ליטרים,1.50,ליטר,false,,7.90,5.2667,true,1,61027
7290018925102,false,משקה קל ענבים,גניר,IL,משקה קל ענבים,ליטרים,1.50,ליטר,false,,7.90,5.2667,true,1,61028
7290018925126,false,משקה קל תפוחי עץ,גניר,IL,משקה קל תפוחי עץ,ליטרים,1.50,ליטר,false,,7.90,5.2667,true,1,61030
7290018925157,false,משקה קל לימונים,גניר,IL,משקה קל לימונים,ליטרים,1.50,ליטר,false,,7.90,5.2667,true,1,61033
7290018925164,false,משקה קל תות בננה,גניר,IL,משקה קל תות בננה,ליטרים,1.50,ליטר,false,,7.90,5.2667,true,1,61034
7290018972373,false,פרוזן אדממה 450 גרם,זהיג'אנג קינגשור,CN,פרוזן אדממה 450 גרם,גרמים,450.00,100 גרם,false,,7.90,0.0176,true,1,63486
7290018989081,false,חומוס הבית להכנת חומ,יכין,IL,חומוס הבית להכנת חומ,גרמים,410.00,100 גרם,false,,7.90,0.0193,true,1,63616
7290018989128,false,סירופ בטעם ענבים יכי,יכין,IL,סירופ בטעם ענבים יכי,ליטרים,1.00,ליטר,false,,19.90,19.9000,true,1,63842
7290018989135,false,סירופ בטעם פטל יכין,יכין,IL,סירופ בטעם פטל יכין,ליטרים,1.00,ליטר,false,,19.90,19.9000,true,1,63843
7290019035244,false,מיקס פירות פסיפלורה,קונגלדוס אקיואטוריאנ,RS,מיקס פירות פסיפלורה,גרמים,600.00,100 גרם,false,,29.90,0.0498,true,1,63509
7290019036036,false,"פולי סויה אדממה 1 ק""",,BE,"פולי סויה אדממה 1 ק""",קילוגרמים,1.00,"ק""ג",false,,13.90,13.9000,true,1,65917
7290019056027,false,שוופס מוגז פירות תפו,יפאורה תבורי,IL,שוופס פרוטס,ליטרים,1.50,ליטר,false,,8.30,5.5333,true,1,61417
7290019056034,false,שוופס מוגז פירות אננ,יפאורה תבורי,IL,שוופס פרוטס,ליטרים,1.50,ליטר,false,,8.30,5.5333,true,1,61418
7290019056041,false,שוופס מוגז פירות לימ,יפאורה תבורי,IL,שוופס פרוטס,ליטרים,1.50,ליטר,false,,8.30,5.5333,true,1,61419
7290019056058,false,שוופס מוגז עדין תפוח,יפאורה תבורי,IL,שוופס,ליטרים,1.50,ליטר,false,,8.50,5.6667,true,1,61420
7290019056065,false,שוופס מוגז עדין פירו,יפאורה תבורי,IL,שוופס,ליטרים,1.50,ליטר,false,,8.50,5.6667,true,1,61421
7290019056072,false,שוופס מוגז עדין אננס,יפאורה תבורי,IL,שוופס,ליטרים,1.50,ליטר,false,,8.50,5.6667,true,1,61422
7290019056089,false,שוופס מוגז עדין ענבי,יפאורה תבורי,IL,שוופס,ליטרים,1.50,ליטר,false,,8.50,5.6667,true,1,61423
7290019056096,false,שוופס מוגז עדין אפרס,יפאורה תבורי,IL,שוופס,ליטרים,1.50,ליטר,false,,8.50,5.6667,true,1,61424
7290019056119,false,שוופס סודה 1.5 ליטר,יפאורה תבורי,IL,שוופס,ליטרים,1.50,ליטר,false,,3.80,2.5333,true,1,61448
7290019056126,false,שוופס סודה לימון 1.5,יפאורה תבורי,IL,שוופס,ליטרים,1.50,ליטר,false,,3.80,2.5333,true,1,61449
7290019056164,false,שוופס סודה רביעייה 1,יפאורה תבורי,IL,שוופס,ליטרים,6.00,ליטר,false,,12.10,2.0167,true,1,61442
7290019056171,false,שוופס סודה לימון רבי,יפאורה תבורי,IL,שוופס,ליטרים,6.00,ליטר,false,,12.10,2.0167,true,1,61443
7290019056188,false,שוופס סודה נענע ליים,יפאורה תבורי,IL,שוופס,ליטרים,6.00,ליטר,false,,12.10,2.0167,true,1,61444
7290019056201,false,שוופס סודה פירות יער,יפאורה תבורי,IL,שוופס,ליטרים,6.00,ליטר,false,,12.10,2.0167,true,1,61446
7290019056232,false,שוופס מוגז עדין ליים,יפאורה תבורי,IL,שוופס,ליטרים,1.50,ליטר,false,,8.50,5.6667,true,1,61425
7290019056249,false,שוופס מים בטעמים ענב,יפאורה תבורי,IL,שוופס,ליטרים,1.50,ליטר,false,,7.90,5.2667,true,1,61406
7290019056256,false,שוופס מים בטעמים תפו,יפאורה תבורי,IL,שוופס,ליטרים,1.50,ליטר,false,,7.90,5.2667,true,1,61407
7290019056263,false,שוופס מים בטעמים אפר,יפאורה תבורי,IL,שוופס,ליטרים,1.50,ליטר,false,,7.90,5.2667,true,1,61408
7290019056270,false,שוופס מים בטעמים פיר,יפאורה תבורי,IL,שוופס,ליטרים,1.50,ליטר,false,,7.90,5.2667,true,1,61409
7290019056287,false,שוופס מים בטעמים אפר,יפאורה תבורי,IL,שוופס,ליטרים,1.50,ליטר,false,,7.90,5.2667,true,1,61410
7290019056300,false,שוופס ביטר למון 1.5,יפאורה תבורי,IL,שוופס,ליטרים,1.50,ליטר,false,,12.40,8.2667,true,1,61426
7290019056317,false,שוופס ראשן 1.5 ליטר,יפאורה תבורי,IL,שוופס,ליטרים,1.50,ליטר,false,,12.40,8.2667,true,1,61427
7290019056324,false,שוופס טוניק 1.5 ליטר,יפאורה תבורי,IL,שוופס,ליטרים,1.50,ליטר,false,,12.40,8.2667,true,1,61428
7290019056331,false,שוופס טוניק ללא סוכר,יפאורה תבורי,IL,שוופס,ליטרים,1.50,ליטר,false,,11.90,7.9333,true,1,61429
7290019056355,false,תפוזינה לימונענע 1.5,יפאורה תבורי,IL,תפוזינה,ליטרים,1.50,ליטר,false,,8.50,5.6667,true,1,61388
7290019056362,false,תפוזינה ענבים 1.5 לי,יפאורה תבורי,IL,תפוזינה,ליטרים,1.50,ליטר,false,,8.50,5.6667,true,1,61389
7290019056379,false,תפוזינה תפוזים 1.5 ל,יפאורה תבורי,IL,תפוזינה,ליטרים,1.50,ליטר,false,,8.50,5.6667,true,1,61390
7290019056386,false,תפוזינה אשכוליות 1.5,יפאורה תבורי,IL,תפוזינה,ליטרים,1.50,ליטר,false,,8.50,5.6667,true,1,61391
7290019056393,false,תפוזינה תות בננה 1.5,יפאורה תבורי,IL,תפוזינה,ליטרים,1.50,ליטר,false,,8.50,5.6667,true,1,61392
7290019056409,false,תפוזינה מנגו 1.5 ליט,יפאורה תבורי,IL,תפוזינה,ליטרים,1.50,ליטר,false,,8.50,5.6667,true,1,61393
7290019056416,false,תפוזינה לימונדה ורוד,יפאורה תבורי,IL,תפוזינה,ליטרים,1.50,ליטר,false,,8.50,5.6667,true,1,61394
7290019056423,false,תפוזינה תפוחים 1.5 ל,יפאורה תבורי,IL,תפוזינה,ליטרים,1.50,ליטר,false,,8.50,5.6667,true,1,61395
7290019056430,false,תפוזינה תפוזים לייט,יפאורה תבורי,IL,תפוזינה,ליטרים,1.50,ליטר,false,,7.90,5.2667,true,1,61396
7290019056461,false,RC קולה שישייה 1.5 ל,יפאורה תבורי,IL,RC,ליטרים,9.00,ליטר,false,,39.90,4.4333,true,1,61431
7290019056478,false,ספרינג תה אפרסק 1.5,יפאורה תבורי,IL,ספרינג תה,ליטרים,1.50,ליטר,false,,7.90,5.2667,true,1,61398
7290019056492,false,ספרינג תה מנגו אפרסק,יפאורה תבורי,IL,ספרינג תה,ליטרים,1.50,ליטר,false,,7.90,5.2667,true,1,61400
7290019056508,false,פרוט ווטר ענבים 1.5,יפאורה תבורי,IL,פרוט ווטר,ליטרים,1.50,ליטר,false,,8.90,5.9333,true,1,61401
7290019056515,false,פרוט ווטר אננס 1.5 ל,יפאורה תבורי,IL,פרוט ווטר,ליטרים,1.50,ליטר,false,,8.90,5.9333,true,1,61402
7290019056522,false,פרוט ווטר תות 1.5 לי,יפאורה תבורי,IL,פרוט ווטר,ליטרים,1.50,ליטר,false,,8.90,5.9333,true,1,61403
7290019056539,false,פרוט ווטר אפרסק 1.5,יפאורה תבורי,IL,פרוט ווטר,ליטרים,1.50,ליטר,false,,8.90,5.9333,true,1,61404
7290019056546,false,פרוט ווטר אבטיח 1.5,יפאורה תבורי,IL,פרוט ווטר,ליטרים,1.50,ליטר,false,,8.90,5.9333,true,1,61405
7290019056553,false,מים מינרלים עין גדי,עין גדי,IL,עין גדי,ליטרים,12.00,ליטר,false,,13.70,1.1417,true,1,61447
7290019056577,false,ספרינג מנגו 1.5 ליטר,יפאורה תבורי,IL,ספרינג,ליטרים,1.50,ליטר,false,,8.50,5.6667,true,1,61377
7290019056584,false,ספרינג תפוזים 1.5 לי,יפאורה תבורי,IL,ספרינג,ליטרים,1.50,ליטר,false,,8.50,5.6667,true,1,61378
7290019056591,false,ספרינג ענבים 1.5 ליט,יפאורה תבורי,IL,ספרינג,ליטרים,1.50,ליטר,false,,8.50,5.6667,true,1,61379
7290019056607,false,ספרינג תפוחים 1.5 לי,יפאורה תבורי,IL,ספרינג,ליטרים,1.50,ליטר,false,,8.50,5.6667,true,1,61380
7290019056614,false,ספרינג אפרסק 1.5 ליט,יפאורה תבורי,IL,ספרינג,ליטרים,1.50,ליטר,false,,8.50,5.6667,true,1,61381
7290019056621,false,ספרינג פירות טרופיים,יפאורה תבורי,IL,ספרינג,ליטרים,1.50,ליטר,false,,8.50,5.6667,true,1,61382
7290019056638,false,ספרינג תות בננה 1.5,יפאורה תבורי,IL,ספרינג,ליטרים,1.50,ליטר,false,,8.50,5.6667,true,1,61383
7290019056645,false,ספרינג אגס תפוח סברס,יפאורה תבורי,IL,ספרינג,ליטרים,1.50,ליטר,false,,8.50,5.6667,true,1,61384
7290019056652,false,ספרינג אננס בננה 1.5,יפאורה תבורי,IL,ספרינג,ליטרים,1.50,ליטר,false,,8.50,5.6667,true,1,61385
7290019056669,false,ספרינג תפוחים דיאט 1,יפאורה תבורי,IL,ספרינג,ליטרים,1.50,ליטר,false,,7.90,5.2667,true,1,61386
7290019056676,false,ספרינג אשכוליות אננס,יפאורה תבורי,IL,ספרינג,ליטרים,1.50,ליטר,false,,7.90,5.2667,true,1,61387
7290019056720,false,קריסטל מיץ ענבים 2 ל,יפאורה תבורי,IL,קריסטל,ליטרים,2.00,ליטר,false,,7.50,3.7500,true,1,61432
7290019056737,false,קריסטל מיץ אשכולית 2,יפאורה תבורי,IL,קריסטל,ליטרים,2.00,ליטר,false,,7.50,3.7500,true,1,61433
7290019056744,false,קריסטל תפוזים 2 ליטר,יפאורה תבורי,IL,קריסטל,ליטרים,2.00,ליטר,false,,7.50,3.7500,true,1,61434
7290019056751,false,קריסטל אשכוליות דיאט,יפאורה תבורי,IL,קריסטל,ליטרים,2.00,ליטר,false,,6.90,3.4500,true,1,61435
7290019056768,false,קריסטל מנגו 2 ליטר,יפאורה תבורי,IL,קריסטל,ליטרים,2.00,ליטר,false,,7.50,3.7500,true,1,61436
7290019056782,false,קריסטל מוגז למון ליי,יפאורה תבורי,IL,קריסטל,ליטרים,2.00,ליטר,false,,7.50,3.7500,true,1,61437
7290019056805,false,קריסטל מוגז תפוחים 2,יפאורה תבורי,IL,קריסטל,ליטרים,2.00,ליטר,false,,7.50,3.7500,true,1,61438
7290019056812,false,קריסטל מוגז מנטה 2 ל,יפאורה תבורי,IL,קריסטל,ליטרים,2.00,ליטר,false,,7.50,3.7500,true,1,61439
7290019056836,false,קריסטל מוגז תות 2 לי,יפאורה תבורי,IL,קריסטל,ליטרים,2.00,ליטר,false,,7.50,3.7500,true,1,61440
7290019056973,false,מים מינרלים מי עדן 1,יפאורה תבורי,IL,מי עדן,ליטרים,9.00,ליטר,false,,13.70,1.5222,true,1,61441
7290019074366,false,"ד""ר פישר אקטיב קר תח",,,"ד""ר פישר אקטיב קר תח",מיליליטרים,450.00,"100 מ""ל",false,,14.90,0.0331,true,1,64927
7290019074953,false,"ד""ר פישר אקטיב קר תח",,,"ד""ר פישר אקטיב קר תח",מיליליטרים,450.00,"100 מ""ל",false,,14.90,0.0331,true,1,64929
7290019075103,false,קמיל בלו אקסטרה סופט,,,קמיל בלו אקסטרה סופט,ליטרים,1.00,ליטר,false,,32.90,32.9000,true,1,67029
7290019075899,false,קמיל בלו אקסטרה סופט,,,קמיל בלו אקסטרה סופט,ליטרים,1.00,ליטר,false,,32.90,32.9000,true,1,67030
7290019105077,false,מארז מטליות לחות יוח,טרופיקל,,מארז מטליות לחות יוח,יח',3.00,יח',false,,14.90,4.9667,true,1,62499
7290019105084,false,אל סבון יוחננוף מרענ,טרופיקל,,אל סבון יוחננוף מרענ,ליטרים,1.50,ליטר,false,,10.90,7.2667,true,1,62305
7290019105145,false,מארז מטליות לחות יוח,טרופיקל,IL,מארז מטליות לחות יוח,יח',3.00,יח',false,,14.90,4.9667,true,1,67596
7290019105282,false,אל סבון יוחננוף מרענ,טרופיקל,,אל סבון יוחננוף מרענ,ליטרים,1.50,ליטר,false,,10.90,7.2667,true,1,62313
7290019105473,false,אל סבון יוחננוף מרענ,טרופיקל,,אל סבון יוחננוף מרענ,ליטרים,1.50,ליטר,false,,10.90,7.2667,true,1,62306
7290019105671,false,אל סבון יוחננוף מרענ,טרופיקל,,אל סבון יוחננוף מרענ,ליטרים,1.50,ליטר,false,,10.90,7.2667,true,1,62308
7290019105824,false,מטליות לניקוי רצפה י,,,מטליות לניקוי רצפה י,יח',10.00,יח',false,,7.90,0.7900,true,1,62146
7290019105862,false,מגבונים לחים מארז חמ,טרופיקל,,מגבונים לחים מארז חמ,יח',5.00,יח',false,,10.90,2.1800,true,1,62309
7290019105879,false,אל סבון יוחננוף מרענ,טרופיקל,,אל סבון יוחננוף מרענ,ליטרים,1.50,ליטר,false,,10.90,7.2667,true,1,62310
7290019153078,false,שוופס ביטר למון לייט,יפאורה תבורי,IL,שוופס,ליטרים,1.50,ליטר,false,,11.90,7.9333,true,1,62212
7290019153085,false,שוופס מוחיטו ללא סוכ,יפאורה תבורי,IL,שוופס,ליטרים,1.50,ליטר,false,,8.50,5.6667,true,1,62213
7290019153252,false,שוופס סודה תפוח רביע,יפאורה תבורי,IL,שוופס,ליטרים,6.00,ליטר,false,,12.10,2.0167,true,1,63512
7290019153269,false,שוופס סודה אננס רביע,יפאורה תבורי,IL,שוופס,ליטרים,6.00,ליטר,false,,12.10,2.0167,true,1,63513
7290019153290,false,שוופס סודה תפוח 1.5,יפאורה תבורי,IL,שוופס,ליטרים,1.50,ליטר,false,,3.80,2.5333,true,1,65851
7290019153313,false,פרוט & וג' תפוח חמוצ,יפאורה תבורי,IL,פרוט & וג' תפוח חמוצ,מיליליטרים,350.00,"100 מ""ל",false,,7.50,0.0214,true,1,64135
7290019153344,false,תפוזינה סנגרייה 1.5,יפאורה תבורי,IL,תפוזינה,ליטרים,1.50,ליטר,false,,8.50,5.6667,true,1,63896
7290019153375,false,תפוזינה מוחיטו 1.5 ל,יפאורה תבורי,IL,תפוזינה,ליטרים,1.50,ליטר,false,,8.50,5.6667,true,1,63898
7290019153535,false,שוופס מוגז פירות לימ,,,שוופס מוגז פירות לימ,מיליליטרים,1320.00,"100 מ""ל",false,,11.90,0.0090,true,1,66004
7290019153566,false,ספרינג רימון ואוכמני,יפאורה תבורי,IL,ספרינג,ליטרים,1.50,ליטר,false,,8.50,5.6667,true,1,65919
7290019167020,false,עוגת גבינה עם פירות,תנובה,IL,עוגת גבינה עם פירות,גרמים,82.00,100 גרם,false,,6.50,0.0793,true,1,67862
7290019167037,false,תותים בקצפת,תנובה,IL,תותים בקצפת,גרמים,82.00,100 גרם,false,,6.50,0.0793,true,1,67861
7290019229001,false,נוזל רצפה יוחננוף בנ,"גליל כימיכלים בע""מ",IL,נוזל רצפה יוחננוף בנ,ליטרים,2.00,ליטר,false,,9.90,4.9500,true,1,62804
7290019229025,false,נוזל לניקוי פרקט יוח,"גליל כימיכלים בע""מ",IL,נוזל לניקוי פרקט יוח,ליטרים,2.00,ליטר,false,,12.90,6.4500,true,1,62805
7290019229049,false,ג'ל כביסה לתינוק יוח,"גליל כימיכלים בע""מ",IL,ג'ל כביסה לתינוק יוח,ליטרים,3.00,ליטר,false,,22.90,7.6333,true,1,66968
7290019229346,false,נוזל כלים יוחננוף לי,"גליל כימיכלים בע""מ",IL,נוזל כלים יוחננוף לי,ליטרים,1.00,ליטר,false,,7.90,7.9000,true,1,63945
7290019229360,false,נוזל כלים לבנדר יוחנ,"גליל כימיכלים בע""מ",IL,נוזל כלים לבנדר יוחנ,ליטרים,1.00,ליטר,false,,7.90,7.9000,true,1,63946
7290019229377,false,נוזל כלים תפוח יוחננ,"גליל כימיכלים בע""מ",IL,נוזל כלים תפוח יוחננ,ליטרים,1.00,ליטר,false,,7.90,7.9000,true,1,63947
7290019229407,false,מטליות לחות יוחננוף,"גליל כימיכלים בע""מ",IL,מטליות לחות יוחננוף,יח',400.00,יח',false,,17.90,0.0447,true,1,66711
7290019232155,false,חליטת לילה טוב קמומי,ויסוצקי,,חליטת לילה טוב קמומי,יח',25.00,יח',false,,24.90,0.9960,true,1,67625
7290019232162,false,חליטת לילה טוב קמומי,ויסוצקי,,חליטת לילה טוב קמומי,יח',25.00,יח',false,,24.90,0.9960,true,1,67626
7290019232186,false,סטיי וול תה ירוק לימ,ויסוצקי,,סטיי וול תה ירוק לימ,יח',25.00,יח',false,,24.90,0.9960,true,1,67623
7290019232193,false,סטיי וול תה ירוק לימ,ויסוצקי,,סטיי וול תה ירוק לימ,יח',25.00,יח',false,,24.90,0.9960,true,1,67624
7290019232834,false,בייגלה פליפז מצופה ק,אולקר מקבוצת פלאדיס,TR,פליפז,גרמים,140.00,100 גרם,false,,8.90,0.0636,true,1,62893
7290019233022,false,*מבצע* רוטב עגבניות,דליציה דורה אס.אר.אל,IT,*מבצע* רוטב עגבניות,גרמים,420.00,100 גרם,false,,9.90,0.0236,true,1,62896
7290019233039,false,*מבצע* רוטב עגבניות,דליציה דורה אס.אר.אל,IT,*מבצע* רוטב עגבניות,גרמים,420.00,100 גרם,false,,9.90,0.0236,true,1,62897
7290019233046,false,זית קלמטה מרינד עם ש,זיתא - י.ט.ב תעשיות,IL,זיתא,גרמים,215.00,100 גרם,false,,13.90,0.0647,true,1,61694
7290019297161,false,טורטיה מקמח תירס 540,מוטלוקל,TR,טורטיה מקמח תירס 540,גרמים,540.00,100 גרם,false,,9.90,0.0183,true,1,29624
7290019297413,false,מעדן אפרסק 284 גרם ש,לינוי סיטי,CN,שקדיה,גרמים,284.00,100 גרם,false,,7.90,0.0278,true,1,25148
7290019297420,false,מעדן תות שדה 284 גרם,לינוי סיטי,CN,שקדיה,גרמים,284.00,100 גרם,false,,7.90,0.0278,true,1,25149
7290019297437,false,מעדן אוכמניות 284 גר,לינוי סיטי,CN,שקדיה,גרמים,284.00,100 גרם,false,,7.90,0.0278,true,1,25150
7290019297512,false,רוטב רימונים 350 גרם,סיטוגלוגידה,TR,שקדיה,גרמים,350.00,100 גרם,false,,9.90,0.0283,true,1,3448
7290019297642,false,גרעין שחור ללא מלח ק,"דין שיווק וקלייה בע""",IL,ששון הקולה,גרמים,150.00,100 גרם,false,,5.90,0.0393,true,1,3454
7290019308003,false,גרגירי חומוס 800 גרם,,,גרגירי חומוס 800 גרם,גרמים,800.00,100 גרם,false,,8.90,0.0111,true,1,62149
7290019428084,false,רולים שוקו רביעיה 4*,"גילרו בע""מ",IL,עלמה,גרמים,400.00,100 גרם,false,,9.90,0.0248,true,1,67666
7290019428091,false,רולים אגוז רביעיה 4*,"גילרו בע""מ",IL,עלמה,גרמים,400.00,100 גרם,false,,9.90,0.0248,true,1,67667
7290022005562,false,קריספ פירורי לחם שום,א.ל ייצור ושיווק תבל,IL,קריספ פירורי לחם שום,גרמים,300.00,100 גרם,false,,7.80,0.0260,true,1,63650
7290032147230,false,מיץ לימון משומר,סידג,CH,מיץ לימון משומר,מיליליטרים,200.00,"100 מ""ל",false,,6.90,0.0345,true,1,36344
7290055090801,false,שוקולד לבן ללא סוכר,כרמית,IL,אגו,גרמים,85.00,100 גרם,false,,4.90,0.0576,true,1,11916
7290100240137,false,*מבצע* בדין תרסיס מי,זוהר דליה - 3P Local,IL,BADIN,מיליליטרים,500.00,"100 מ""ל",false,,14.90,0.0298,true,1,18361
7290100240144,false,*מבצע* בדין תרסיס מי,זוהר דליה - 3P Local,IL,BADIN,מיליליטרים,500.00,"100 מ""ל",false,,14.90,0.0298,true,1,18362
7290100240632,false,פתית 6 דגנים 250 גרם,אתר שפע - Food,IL,PATIT,גרמים,250.00,100 גרם,false,,15.90,0.0636,true,1,18363
7290100240656,false,פתית שיפון 300 גרם,אתר שפע - Food,IL,PATIT,גרמים,300.00,100 גרם,false,,15.90,0.0530,true,1,18364
7290100243671,false,בדין אקסטרא 960 מל,יונילוור - תורכיה,TR,BADIN,מיליליטרים,960.00,"100 מ""ל",false,,15.90,0.0166,true,1,18385
7290100245231,false,נמס בכוס+ט.עוף שקדי,אתר חיפה אבקות - Foo,IL,KNORR,גרמים,50.00,100 גרם,false,,6.90,0.1380,true,1,18397
7290100411254,false,מחית תפוח ובננה 190,NOVOFRUCHT SK S.R.O,SK,BELOVED,גרמים,190.00,100 גרם,false,,5.90,0.0311,true,1,17050
7290100412343,false,מגבוני קוויק לניקוי,DPL,IL,קוויק,יח',50.00,יח',false,,8.90,0.1780,true,1,17061
7290100412459,false,מגבוני קוויק לניקוי,DPL,IL,קוויק,יח',50.00,יח',false,,8.90,0.1780,true,1,17065
7290100412763,false,"ד""ר עור תחליב רחצה ל","אמיליה קוסמטיקס בע""מ",IL,"ד""ר עור",מיליליטרים,700.00,"100 מ""ל",false,,14.90,0.0213,true,1,28360
7290100412770,false,"ד""ר עור תחליב רחצה מ","אמיליה קוסמטיקס בע""מ",IL,"ד""ר עור",מיליליטרים,700.00,"100 מ""ל",false,,14.90,0.0213,true,1,28361
7290100412831,false,"ד""ר עור תחליב רחצה ו","אמיליה קוסמטיקס בע""מ",IL,"ד""ר עור",מיליליטרים,700.00,"100 מ""ל",false,,14.90,0.0213,true,1,28366
7290100653463,false,פלמוליב סנסיישן מסאז,קולגייט פלמוליב,IT,פלמוליב נוזלי,מיליליטרים,500.00,"100 מ""ל",false,,15.90,0.0318,true,1,20145
7290100653586,false,ליידי ספיד סטיק 24/7,Colgate - USA,US,ליידי ספיד סטיק,גרמים,65.00,100 גרם,false,,24.90,0.3831,true,1,20146
7290100680650,false,מ.חמה נודלס תאילנדי,טאי רזידנט,TH,מנה חמה,גרמים,76.00,100 גרם,false,,5.90,0.0776,true,1,4987
7290100680667,false,מ.חמה נודלס סצ'ואן 7,טאי רזידנט,TH,מנה חמה,גרמים,76.00,100 גרם,false,,5.90,0.0776,true,1,4988
7290100680711,false,פירורית זהב 350 גרם,עינת תעשיות מזון אגו,IL,אסם,גרמים,350.00,100 גרם,false,,8.90,0.0254,true,1,4989
7290100680728,false,פירורית 350 גרם,אסם,IL,אסם,גרמים,350.00,100 גרם,false,,7.50,0.0214,true,1,4990
7290100681503,false,עסיס לימונענע דיאט 1,בית השיטה עסיס תעשיו,IL,עסיס,ליטרים,1.00,ליטר,false,,16.90,16.9000,true,1,4996
7290100681510,false,עסיס אשכולית אדומה ד,בית השיטה עסיס תעשיו,IL,עסיס,ליטרים,1.00,ליטר,false,,16.90,16.9000,true,1,4997
7290100683880,false,פירה 260 גרם,אסם,IL,אסם,גרמים,260.00,100 גרם,false,,14.90,0.0573,true,1,5004
7290100684139,false,מיני מקרוני 500 גרם,זארה,IT,אסם,גרמים,500.00,100 גרם,false,,5.70,0.0114,true,1,5005
7290100685136,false,מרק טעם עוף 1קג,אסם,IL,אסם,קילוגרמים,1.00,"ק""ג",false,,14.90,14.9000,true,1,5010
7290100685334,false,מרק עוף רכיבים טבעיי,אסם,IL,אסם,גרמים,400.00,100 גרם,false,,21.90,0.0547,true,1,5011
7290100685341,false,מרק זך טעם עוף רכיבי,אסם,IL,אסם,גרמים,400.00,100 גרם,false,,14.90,0.0373,true,1,5012
7290100686164,false,מארז ביסלי ברביקיו 6,אסם,IL,ביסלי,גרמים,210.00,100 גרם,false,,13.90,0.0662,true,1,5017
7290100686171,false,מארז ביסלי גריל 6*35,אסם,IL,ביסלי,גרמים,210.00,100 גרם,false,,13.90,0.0662,true,1,5018
7290100687109,false,במבה במילוי קרם נוגט,אסם,IL,במבה,גרמים,60.00,100 גרם,false,,4.90,0.0817,true,1,5021
7290100689301,false,עדיף זך טעם עוף 400,אסם,IL,אסם,גרמים,400.00,100 גרם,false,,14.90,0.0373,true,1,5027
7290100700006,false,"חיטה 1 ק""ג","סוגת תעשיות בע""מ",IL,סוגת,קילוגרמים,1.00,"ק""ג",false,,8.90,8.9000,true,1,143
7290100700020,false,גריסי פנינה 500 גרם,"סוגת תעשיות בע""מ",IL,סוגת,גרמים,500.00,100 גרם,false,,4.90,0.0098,true,1,144
7290100700068,false,שעועית צבעונית 500 ג,"סוגת תעשיות בע""מ",IL,סוגת,גרמים,500.00,100 גרם,false,,11.90,0.0238,true,1,145
7290100700075,false,פירורי לחם מוזהבים ס,"סוגת תעשיות בע""מ",IL,סוגת,גרמים,200.00,100 גרם,false,,3.90,0.0195,true,1,146
7290100700242,false,"אורז מלא עגול 1 ק""ג",סוגת תעשיות בעמ,IL,סוגת,קילוגרמים,1.00,"ק""ג",false,,9.90,9.9000,true,1,147
7290100700273,false,*מבצע* קינואה 500 גר,"סוגת תעשיות בע""מ",IL,סוגת,גרמים,500.00,100 גרם,false,,12.90,0.0258,true,1,149
7290100700327,false,"גריסי פנינה 1 ק""ג","סוגת תעשיות בע""מ",IL,סוגת,קילוגרמים,1.00,"ק""ג",false,,7.90,7.9000,true,1,152
7290100700334,false,קינואה 1קג,"סוגת תעשיות בע""מ",IL,סוגת,גרמים,500.00,100 גרם,false,,19.90,0.0398,true,1,153
7290100700372,false,"אורז בסמטי מלא 1 ק""ג",סוגת תעשיות בעמ,IL,סוגת,קילוגרמים,1.00,"ק""ג",false,,13.90,13.9000,true,1,154
7290100700389,false,"*מבצע* אורז אדום 1ק""",סוגת תעשיות בעמ,IL,סוגת,קילוגרמים,1.00,"ק""ג",false,,9.90,9.9000,true,1,155
7290100700396,false,"אורז יסמין 1 ק""ג",סוגת תעשיות בעמ,IL,סוגת,קילוגרמים,1.00,"ק""ג",false,,11.90,11.9000,true,1,156
7290100700419,false,"בורגול 1 ק""ג","סוגת תעשיות בע""מ",IL,סוגת,קילוגרמים,1.00,"ק""ג",false,,7.50,7.5000,true,1,157
7290100700563,false,*מבצע* אורז מיקס קלא,סוגת תעשיות בעמ,IL,סוגת,קילוגרמים,1.00,"ק""ג",false,,9.90,9.9000,true,1,158
7290100700587,false,בורגול 500 גרם,"סוגת תעשיות בע""מ",IL,סוגת,גרמים,500.00,100 גרם,false,,4.90,0.0098,true,1,159
7290100701140,false,*מבצע* אורז ריזוטו א,סוגת תעשיות בעמ,IL,סוגת,קילוגרמים,1.00,"ק""ג",false,,8.90,8.9000,true,1,161
7290100701157,false,"אורז סושי 1 ק""ג",סוגת תעשיות בעמ,IL,סוגת,קילוגרמים,1.00,"ק""ג",false,,11.90,11.9000,true,1,162
7290100701300,false,*מבצע* קינואה אדומה,,,*מבצע* קינואה אדומה,גרמים,500.00,100 גרם,false,,12.90,0.0258,true,1,163
7290100701331,false,קמח רב תכליתי מספר 1,"שטיבל בע""מ",IL,סוגת,קילוגרמים,1.00,"ק""ג",false,,6.90,6.9000,true,1,165
7290100701454,false,גרישה 500 גר,"סוגת תעשיות בע""מ",IL,סוגת,גרמים,500.00,100 גרם,false,,4.90,0.0098,true,1,172
7290100702260,false,קוסקוס דק 350 ג,"אסיף תעשיות מזון בע""",IL,סוגת,גרמים,350.00,100 גרם,false,,4.90,0.0140,true,1,183
7290100702277,false,קוסקוס עבה 350 ג,"אסיף תעשיות מזון בע""",IL,סוגת,גרמים,350.00,100 גרם,false,,4.90,0.0140,true,1,184
7290100702611,false,פתיתים אפויים 500ג,"אסיף תעשיות מזון בע""",IL,סוגת,גרמים,500.00,100 גרם,false,,5.90,0.0118,true,1,199
7290100702628,false,פתיתים אפויים 500 גר,"אסיף תעשיות מזון בע""",IL,סוגת,גרמים,500.00,100 גרם,false,,5.90,0.0118,true,1,200
7290100702635,false,פתיתים אפויים 500 גר,"אסיף תעשיות מזון בע""",IL,סוגת,גרמים,500.00,100 גרם,false,,5.90,0.0118,true,1,201
7290100702642,false,פתיתים אפויים 500 גר,"אסיף תעשיות מזון בע""",IL,סוגת,גרמים,500.00,100 גרם,false,,5.90,0.0118,true,1,202
7290100702659,false,פתיתים מקמח מלא 400ג,,,פתיתים מקמח מלא 400ג,גרמים,400.00,100 גרם,false,,5.90,0.0148,true,1,203
7290100702666,false,פתיתים עם בצל 400ג,,,פתיתים עם בצל 400ג,גרמים,400.00,100 גרם,false,,5.90,0.0148,true,1,204
7290100702673,false,פתיתים 3 צבעים 400ג,,,פתיתים 3 צבעים 400ג,גרמים,400.00,100 גרם,false,,5.90,0.0148,true,1,205
7290100703458,false,כוסמת 500 גרם,"שטיבל בע""מ",IL,סוגת,גרמים,500.00,100 גרם,false,,7.90,0.0158,true,1,247
7290100703533,false,*מבצע* קמח קסם רב תכ,"שטיבל בע""מ",IL,שטיבל,קילוגרמים,1.00,"ק""ג",false,,7.90,7.9000,true,1,248
7290100703847,false,קוביות סוכר לבן 500,טרופיקל,,קוביות סוכר לבן 500,גרמים,500.00,100 גרם,false,,9.90,0.0198,true,1,29135
7290100703854,false,קוביות סוכר דמררה 50,טרופיקל,,קוביות סוכר דמררה 50,גרמים,500.00,100 גרם,false,,9.90,0.0198,true,1,29136
7290100703861,false,*מבצע* קמח קסם לחלה,"שטיבל בע""מ",IL,שטיבל,קילוגרמים,1.00,"ק""ג",false,,7.90,7.9000,true,1,27614
7290100703908,false,סוכר דמררה בשקית 1קג,סוגת תעשיות בעמ,IL,סוגת,קילוגרמים,1.00,"ק""ג",false,,8.90,8.9000,true,1,27453
7290100704530,false,קמח כוסמין לבן ללא צ,סוגת,IL,קמח כוסמין לבן ללא צ,קילוגרמים,1.00,"ק""ג",false,,14.90,14.9000,true,1,59509
7290100704615,false,סוכר לבן דמררה דק דק,סוגת,IL,סוכר לבן דמררה דק דק,גרמים,500.00,100 גרם,false,,7.90,0.0158,true,1,60791
7290100704622,false,סוכר דמררה דק דק בצנ,סוגת,IL,סוכר דמררה דק דק בצנ,גרמים,500.00,100 גרם,false,,7.90,0.0158,true,1,60792
7290100850909,false,דוריטוס נאצו 70 גרם,שטראוס פריטו ליי (מל,IL,עלית,גרמים,70.00,100 גרם,false,,3.50,0.0500,true,1,15281
7290100850916,false,דוריטוס חמוץ חריף 70,שטראוס פריטו ליי (מל,IL,עלית,גרמים,70.00,100 גרם,false,,3.50,0.0500,true,1,15282
7290100850923,false,דוריטוס גריל 70 גרם,שטראוס פריטו ליי (מל,IL,עלית,גרמים,70.00,100 גרם,false,,3.50,0.0500,true,1,15283
7290100850930,false,דוריטוס טבעי 70 גרם,שטראוס פריטו ליי (מל,IL,עלית,גרמים,70.00,100 גרם,false,,3.50,0.0500,true,1,15284
7290100851968,false,קפה נמס 200 גר זוג,שטראוס גרופ,IL,עלית,גרמים,400.00,100 גרם,false,,37.90,0.0947,true,1,14724
7290100858592,false,קקאו עלית 150 גרם,שטראוס גרופ,IL,עלית,גרמים,150.00,100 גרם,false,,9.90,0.0660,true,1,14736
7290100858608,false,קקאו עלית 500 גרם,שטראוס גרופ,IL,עלית,גרמים,500.00,100 גרם,false,,24.90,0.0498,true,1,14737
7290100921593,false,כדוריות לניקוי שירות,הנקל סוד,HU,הנקל סוד,מיליליטרים,50.00,"100 מ""ל",false,,7.90,0.1580,true,1,22831
7290100921609,false,כדוריות לניקוי שירות,הנקל סוד,HU,הנקל סוד,מיליליטרים,50.00,"100 מ""ל",false,,7.90,0.1580,true,1,22832
7290100921616,false,כדוריות לניקוי שירות,הנקל סוד,HU,הנקל סוד,מיליליטרים,50.00,"100 מ""ל",false,,7.90,0.1580,true,1,22833
7290100921623,false,כדוריות לניקוי שירות,הנקל סוד,HU,הנקל סוד,מיליליטרים,50.00,"100 מ""ל",false,,7.90,0.1580,true,1,22834
7290100924204,false,אבקת כביסה פרסיל 8 ק,הנקל סוד,IL,הנקל סוד,קילוגרמים,8.00,"ק""ג",false,,49.90,6.2375,true,1,22843
7290100924457,false,*מבצע* מארז כדוריות,הנקל סוד,HU,הנקל סוד,גרמים,150.00,100 גרם,false,,14.90,0.0993,true,1,22849
7290100924464,false,*מבצע* מארז כדוריות,הנקל סוד,HU,הנקל סוד,גרמים,150.00,100 גרם,false,,14.90,0.0993,true,1,22850
7290100925669,false,דפים למכונת כביסה 10,הנקל סוד,IE,דפים למכונת כביסה 10,יח',10.00,יח',false,,12.90,1.2900,true,1,22898
7290100925676,false,דפים למכונת כביסה 20,הנקל סוד,IE,דפים למכונת כביסה 20,יח',20.00,יח',false,,19.90,0.9950,true,1,22899
7290100928516,false,גל סוד לכביסה ביד 1,הנקל סוד,IL,הנקל סוד,ליטרים,1.00,ליטר,false,,13.90,13.9000,true,1,22924
7290101486688,false,*מבצע* פרי חטיפי ברי,FREE,IL,פרי,גרמים,90.00,100 גרם,false,,14.90,0.1656,true,1,20154
7290101488248,false,ליידי 24/7 רול און ו,Colgate -ITALY,IT,ליידי רול און,מיליליטרים,50.00,"100 מ""ל",false,,14.90,0.2980,true,1,20156
7290101488316,false,ליידי ספיד סטיק ללא,Colgate - USA,US,ליידי ספיד סטיק,גרמים,65.00,100 גרם,false,,21.90,0.3369,true,1,20159
7290101488323,false,ליידי ספיד סטיק ללא,Colgate - USA,US,ליידי ספיד סטיק,גרמים,65.00,100 גרם,false,,21.90,0.3369,true,1,20160
7290101501138,false,כרובית ארוזה יחידה,,,כרובית ארוזה יחידה,יחידה,0.00,יחידה,false,,9.90,0.0000,true,1,59545
7290101501237,false,עגבניה מגי,משתנה,IL,עגבניה,קילוגרמים,1.00,"ק""ג",true,,13.90,13.9000,true,1,58691
7290101551027,false,קפסולות למכונה 14,שטראוס גרופ,IL,עלית,גרמים,50.00,100 גרם,false,,16.90,0.3380,true,1,48434
7290101551263,false,*מבצע* סילאן טבעי 70,מכוורת יד מרדכי,IL,יד מרדכי,גרמים,700.00,100 גרם,false,,19.90,0.0284,true,1,46676
7290101551300,false,סילאן טבעי לחיץ 380,מכוורת יד מרדכי,IL,יד מרדכי,גרמים,380.00,100 גרם,false,,15.90,0.0418,true,1,46679
7290101551539,false,דנונה פרו 20 גר אפרס,שטראוס גרופ,IL,דנונה פרו,גרמים,200.00,100 גרם,false,,6.00,0.0300,true,1,46919
7290101551577,false,זוג קוואקר פחית 2*50,FRITO-LAY TRADING CO,GB,קוואקר,קילוגרמים,1.00,"ק""ג",false,,19.90,19.9000,true,1,47107
7290101551584,false,מארז תפוציפס קידס 10,שטראוס פריטו ליי (מל,IL,עלית,גרמים,200.00,100 גרם,false,,12.90,0.0645,true,1,47189
7290101551614,false,*מבצע* מארז ציטוס קר,שטראוס פריטו ליי (מל,IL,עלית,גרמים,240.00,100 גרם,false,,10.90,0.0454,true,1,47194
7290101551638,false,מארז ציטוס כאפה 20*1,שטראוס פריטו ליי (מל,IL,עלית,גרמים,200.00,100 גרם,false,,12.90,0.0645,true,1,47192
7290101823506,false,ספריי שימון משחרר בר,,,ספריי שמן נגד חלודה,יח',1.00,יח',false,,16.90,16.9000,true,1,23532
7290101863410,false,סיליט באנג אקונומיקה,RECKITT BENCKISER PR,PL,סיליט,מיליליטרים,750.00,"100 מ""ל",false,,12.90,0.0172,true,1,8119
7290101864127,false,קליה ספריי 750 מיל,RECKITT BENCKISER PR,PL,וניש,מיליליטרים,750.00,"100 מ""ל",false,,16.90,0.0225,true,1,8122
7290101865261,false,פיניש נוזל הברקה 800,RECKITT BENCKISER PR,PL,פיניש,מיליליטרים,800.00,"100 מ""ל",false,,19.90,0.0249,true,1,8125
7290101866633,false,קליה גל 3 ל,סאסאטק,IL,וניש,ליטרים,3.00,ליטר,false,,29.90,9.9667,true,1,8130
7290101866787,false,קליה גל להלבנה 3 ליט,סאסאטק,IL,וניש,ליטרים,3.00,ליטר,false,,29.90,9.9667,true,1,8132
7290101868460,false,קולון 101 8 קג,זוהר דליה,IL,קולון,קילוגרמים,8.00,"ק""ג",false,,54.90,6.8625,true,1,8143
7290101868958,false,פיניש נוזל הברקה 800,RECKITT BENCKISER PR,PL,פיניש,מיליליטרים,800.00,"100 מ""ל",false,,19.90,0.0249,true,1,8145
7290101869788,false,אירוויק אוטומטי מילו,RECKITT BENCKISER UK,GB,איירויק,מיליליטרים,250.00,"100 מ""ל",false,,14.90,0.0596,true,1,8161
7290101869825,false,אירוויק מילוי חשמלי,RECKITT BENCKISER HU,HU,איירויק,מיליליטרים,19.00,"100 מ""ל",false,,16.90,0.8895,true,1,8165
7290101869917,false,אירוויק אוטומטי מילו,RECKITT BENCKISER UK,GB,איירויק,מיליליטרים,250.00,"100 מ""ל",false,,14.90,0.0596,true,1,8169
7290102030330,false,תפוציפס מקסיקני 200,שטראוס פריטו ליי (מל,IL,עלית,גרמים,200.00,100 גרם,false,,9.90,0.0495,true,1,15285
7290102031276,false,אקטימל 8 תות בננה,שטראוס גרופ,IL,שטראוס,מיליליטרים,864.00,"100 מ""ל",false,,20.90,0.0242,true,1,16411
7290102060764,false,*מבצע* מרידול מברשת,,,מברשת שיניים מרידול זוג,יח',2.00,יח',false,,24.90,12.4500,true,1,20161
7290102060979,false,*מבצע* אלמקס משחת שי,CP-Poland swidnica,PL,אלמקס,מיליליטרים,100.00,"100 מ""ל",false,,14.90,0.1490,true,1,20163
7290102062195,false,אלמקס ג'וניור משחת ש,CP-Poland swidnica,PE,אלמקס,מיליליטרים,75.00,"100 מ""ל",false,,15.90,0.2120,true,1,20165
7290102300822,false,צ'דר אנגלי כתום 200,שבינגטון,GB,שבינגטון,גרמים,200.00,100 גרם,false,,23.90,0.1195,true,1,27191
7290102304745,false,*מבצע* פיור גולד 180,הנרי ויליך,NL,*מבצע* פיור גולד 180,גרמים,180.00,100 גרם,false,,36.90,0.2050,true,1,62508
7290102390427,false,Muller Froop תות 150,,,Muller Froop תות 150,גרמים,150.00,100 גרם,false,,5.00,0.0333,true,1,16084
7290102390465,false,Muller Froop אפרסק פ,טרה,IL,MULLER,גרמים,150.00,100 גרם,false,,5.00,0.0333,true,1,16085
7290102390489,false,Muller Froop לימון 1,טרה,IL,MULLER,גרמים,150.00,100 גרם,false,,5.00,0.0333,true,1,16086
7290102391844,false,Muller Froop פירות י,טרה,IL,MULLER,גרמים,150.00,100 גרם,false,,5.00,0.0333,true,1,16089
7290102392049,false,תבור- גבינה לאפייה 5,מחלבת משק צוריאל,IL,משק צוריאל,גרמים,500.00,100 גרם,false,,24.90,0.0498,true,1,16090
7290102392094,false,חלב עיזים בקרטון 1 ל,מחלבת משק צוריאל,IL,משק צוריאל,ליטרים,1.00,ליטר,false,,15.90,15.9000,true,1,16091
7290102393039,false,Muller mix פצפוצי שו,טרה,IL,MULLER,גרמים,170.00,100 גרם,false,,5.90,0.0347,true,1,16097
7290102393060,false,Muller mix גליליות ק,טרה,IL,MULLER,גרמים,170.00,100 גרם,false,,5.90,0.0347,true,1,16098
7290102393169,false,תות שדה Muller Simpl,טרה,IL,MULLER,גרמים,150.00,100 גרם,false,,5.00,0.0333,true,1,16102
7290102393176,false,אפרסק Muller Simply,טרה,IL,MULLER,גרמים,150.00,100 גרם,false,,5.00,0.0333,true,1,16103
7290102393190,false,פירות יער Muller Sim,טרה,IL,MULLER,גרמים,150.00,100 גרם,false,,5.00,0.0333,true,1,16104
7290102393268,false,גבינה לבנה 750 גרם 5,טרה,IL,טרה,גרמים,750.00,100 גרם,false,,14.90,0.0199,true,1,16105
7290102393299,false,יוגורט עיזים לשתייה,מחלבת משק צוריאל,IL,משק צוריאל,גרמים,500.00,100 גרם,false,,11.90,0.0238,true,1,16106
7290102393947,false,קיווי Muller Simply,טרה,IL,MULLER,גרמים,150.00,100 גרם,false,,5.00,0.0333,true,1,16110
7290102394081,false,Muller mix קורנפלקס,טרה,IL,MULLER,גרמים,170.00,100 גרם,false,,5.90,0.0347,true,1,16111
7290102394463,false,גבנצ 28% ואקום 500 ג,טרה,IL,טרה,גרמים,500.00,100 גרם,false,,23.90,0.0478,true,1,16115
7290102394821,false,גבנצ 28% דק דק 200 ג,טרה,IL,טרה,גרמים,200.00,100 גרם,false,,15.90,0.0795,true,1,16117
7290102394845,false,גבנצ 9% דק דק 200 ג',טרה,IL,טרה,גרמים,200.00,100 גרם,false,,16.90,0.0845,true,1,16118
7290102395224,false,מאגדת שמיניה מולר 1.,טרה,IL,MULLER,ליטרים,1.20,ליטר,false,,16.90,14.0833,true,1,16124
7290102395231,false,מאגדת שמינייה מולר נ,טרה,IL,MULLER,קילוגרמים,1.20,"ק""ג",false,,16.90,14.0833,true,1,16125
7290102395262,false,מאגדת שמינייה תות שד,טרה,IL,MULLER,קילוגרמים,1.20,"ק""ג",false,,29.90,24.9167,true,1,16126
7290102395439,false,מאגדת שמינייה פירות,טרה,IL,MULLER,קילוגרמים,1.20,"ק""ג",false,,29.90,24.9167,true,1,16129
7290102395446,false,מוו וניל קצפת,טרה,IL,טרה,גרמים,123.00,100 גרם,false,,2.90,0.0236,true,1,16130
7290102395477,false,מוו שוקולד קצפת,טרה,IL,טרה,גרמים,123.00,100 גרם,false,,2.90,0.0236,true,1,16132
7290102396399,false,מאגדת שמינייה - מעדן,טרה,IL,טרה,גרמים,800.00,100 גרם,false,,13.50,0.0169,true,1,16152
7290102396405,false,מאגדת שמינייה - מעדן,טרה,IL,טרה,גרמים,800.00,100 גרם,false,,13.50,0.0169,true,1,16153
7290102396436,false,מוו מעדן שוקולד 1.5%,טרה,IL,טרה,גרמים,125.00,100 גרם,false,,2.90,0.0232,true,1,16156
7290102396443,false,מוו מעדן וניל 1.5% 1,טרה,IL,טרה,גרמים,125.00,100 גרם,false,,2.90,0.0232,true,1,16157
7290102396580,false,מוו שוקולד ומוס שוקו,טרה,IL,טרה,גרמים,123.00,100 גרם,false,,2.90,0.0236,true,1,16164
7290102396665,false,גבנצ 15% דק דק 200 ג,טרה,IL,טרה,גרמים,200.00,100 גרם,false,,15.90,0.0795,true,1,16167
7290102396672,false,גבנצ 9% דק דק 360 ג',טרה,IL,טרה,גרמים,360.00,100 גרם,false,,26.90,0.0747,true,1,16168
7290102396740,false,מאגדת שמינייה מולר ס,טרה,IL,MULLER,קילוגרמים,1.20,"ק""ג",false,,29.90,24.9167,true,1,16173
7290102397204,false,גבנצ 22% דק דק 200 ג,טרה,IL,טרה,גרמים,200.00,100 גרם,false,,15.90,0.0795,true,1,16202
7290102397310,false,מאגדת שמינייה מיני מ,מילקו,,טרה,גרמים,560.00,100 גרם,false,,11.90,0.0213,true,1,16208
7290102397334,false,בולגרית גלילית 5% 25,מחלבת משק צוריאל,IL,משק צוריאל,גרמים,250.00,100 גרם,false,,21.90,0.0876,true,1,16210
7290102397464,false,Natural + פקאן  גרעי,מילקו,IL,מולר נטורל,גרמים,170.00,100 גרם,false,,5.90,0.0347,true,1,16220
7290102397600,false,Muller mix שקדים ובו,טרה,IL,MULLER,גרמים,170.00,100 גרם,false,,5.90,0.0347,true,1,16231
7290102397617,false,Muller mix קליק,טרה,IL,MULLER,גרמים,170.00,100 גרם,false,,5.90,0.0347,true,1,16232
7290102397679,false,קוטג' וחצי 5% 375 גר,מילקו,IL,טרה,גרמים,375.00,100 גרם,false,,7.90,0.0211,true,1,16234
7290102397730,false,אמנטל פתיחה חוזרת 20,טרה,IL,נעם,גרמים,200.00,100 גרם,false,,16.90,0.0845,true,1,16239
7290102398065,false,חלב בקרטון 3% 2 ליטר,טרה,IL,טרה,ליטרים,2.00,ליטר,false,,12.46,6.2300,true,1,27534
7290102398331,false,חלב 1 ליטר מועשר דל,טרה,IL,חלב טרה,ליטרים,1.00,ליטר,false,,7.40,7.4000,true,1,30030
7290102398560,false,שוקו טרה מועשר בבקבו,טרה,IL,טרה,ליטרים,1.00,ליטר,false,,11.50,11.5000,true,1,32136
7290102398577,false,שוקו מועשר בבקבוק 25,טרה,IL,טרה,מיליליטרים,250.00,"100 מ""ל",false,,5.30,0.0212,true,1,32289
7290102398614,false,משקה חלב בטעם בננה 1,טרה,IL,טרה,ליטרים,1.00,ליטר,false,,11.50,11.5000,true,1,32139
7290102398669,false,אייס קפוצ'ינו 1 ליטר,טרה,IL,טרה,ליטרים,1.00,ליטר,false,,11.50,11.5000,true,1,54302
7290102398782,false,משקה סויה קלאסי משק,ואל סויה,IT,משק,ליטרים,1.00,ליטר,false,,10.90,10.9000,true,1,53431
7290102398799,false,משקה סויה במתיקות מו,ואל סויה,IT,משק,ליטרים,1.00,ליטר,false,,10.90,10.9000,true,1,53432
7290102398836,false,משקה שקדים קלאסי משק,ואל סויה,IT,משק,ליטרים,1.00,ליטר,false,,12.90,12.9000,true,1,53435
7290102399048,false,קשקבל נעם פתיחה חוזר,מילקו,IL,טרה,גרמים,200.00,100 גרם,false,,22.90,0.1145,true,1,49703
7290102399635,false,Muller Froop TROPICA,מילקו,IL,מולר,גרמים,150.00,100 גרם,false,,5.00,0.0333,true,1,54304
7290102399772,false,*מבצע* ממרח חמאת מול,מילקו,DE,מולר,גרמים,250.00,100 גרם,false,,15.90,0.0636,true,1,54291
7290102399789,false,*מבצע* ממרח חמאת מול,מילקו,DE,מולר,גרמים,250.00,100 גרם,false,,15.90,0.0636,true,1,54292
7290102399796,false,Muller Active יוגורט,מילקו,IL,מולר,גרמים,200.00,100 גרם,false,,6.20,0.0310,true,1,54293
7290102399819,false,מולר אקטיב יוגורט חל,מילקו,IL,מולר,גרמים,20.00,100 גרם,false,,6.20,0.3100,true,1,54297
7290102840175,false,פודינג וניל 85 גרם,"מיה תעשיות מזון בע""מ",IL,מיה,גרמים,85.00,100 גרם,false,,2.90,0.0341,true,1,13427
7290102840205,false,גלי תות 90 גרם,"מיה תעשיות מזון בע""מ",IL,מיה,גרמים,90.00,100 גרם,false,,2.90,0.0322,true,1,13429
7290103126797,false,*מבצע* קולגייט סנסיט,Colgate - Brazil,BR,קולגייט,מיליליטרים,75.00,"100 מ""ל",false,,17.90,0.2387,true,1,20178
7290103128739,false,בלונס מקלות אוזניים,SEPTONA,GR,בלונס,יח',50.00,יח',false,,6.90,0.1380,true,1,20181
7290103129378,false,ספיד סטיק X5 דאודורנ,Colgate - USA,US,ספיד סטיק,גרמים,85.00,100 גרם,false,,19.90,0.2341,true,1,20184
7290103129637,false,בלונס פדים אובאליים,SEPTONA,GR,בלונס,יח',40.00,יח',false,,8.90,0.2225,true,1,20187
7290103400194,false,כרוב לבן קצוץ 400 גר,שטראוס גרופ,IL,שטראוס,גרמים,400.00,100 גרם,false,,8.90,0.0223,true,1,16415
7290103400255,false,סלט קולסלאו 400 גרם,שטראוס גרופ,IL,שטראוס,גרמים,400.00,100 גרם,false,,8.90,0.0223,true,1,16417
7290103401429,false,פלטיניום קצב ברזילאי,שטראוס גרופ,IL,עלית,גרמים,200.00,100 גרם,false,,24.90,0.1245,true,1,14756
7290103404758,false,כרוב 120,שטראוס גרופ,IL,שטראוס,גרמים,125.00,100 גרם,false,,4.90,0.0392,true,1,16419
7290103408206,false,עלי חסה שטופים 250,שטראוס גרופ,IL,שטראוס,גרמים,250.00,100 גרם,false,,10.50,0.0420,true,1,16422
7290104061417,false,חומוס טחינה 400 גרם,שטראוס גרופ,IL,שטראוס,גרמים,400.00,100 גרם,false,,10.90,0.0273,true,1,16423
7290104061431,false,חומוס צנובר 400 גרם,שטראוס גרופ,IL,שטראוס,גרמים,400.00,100 גרם,false,,10.90,0.0273,true,1,16425
7290104061448,false,חומוס חריף 400 גרם,שטראוס גרופ,IL,שטראוס,גרמים,400.00,100 גרם,false,,10.90,0.0273,true,1,16426
7290104062599,false,גמדים בכפית 8 תות בנ,שטראוס גרופ,IL,שטראוס,גרמים,800.00,100 גרם,false,,18.90,0.0236,true,1,16427
7290104065934,false,עלי רוקט 150 גרם שטר,שטראוס גרופ,IL,שטראוס,גרמים,150.00,100 גרם,false,,10.50,0.0700,true,1,16429
7290104500572,false,אפרופו איטליאנו 50 ג,אסם,IL,אפרופו,גרמים,50.00,100 גרם,false,,4.30,0.0860,true,1,5030
7290104501661,false,פודינג בטעם וניל צרפ,אסם,IL,אסם,גרמים,84.00,100 גרם,false,,5.50,0.0655,true,1,5031
7290104504228,false,דובונים קדמ.מארז אחי,אסם,IL,דובונים,גרמים,100.00,100 גרם,false,,13.90,0.1390,true,1,5037
7290104508943,false,במבה קלאסי 200 גרם,אסם,IL,במבה,גרמים,200.00,100 גרם,false,,9.90,0.0495,true,1,5044
7290104570162,false,תמר כבוש 500 גרם,"ששון ושות' בע""מ",IL,תמר כבוש 500 גרם,גרמים,500.00,100 גרם,false,,12.90,0.0258,true,1,25409
7290104721762,false,מארז טורקי 3*85 גרם,שטראוס גרופ,IL,עלית,גרמים,255.00,100 גרם,false,,18.90,0.0741,true,1,14790
7290104722530,false,תפוציפס 200-180 גרם,שטראוס פריטו ליי (מל,IL,עלית,גרמים,200.00,100 גרם,false,,9.90,0.0495,true,1,15295
7290104726712,false,מארז 8 מילקי בטעם שו,שטראוס גרופ,IL,שטראוס,ליטרים,1.36,ליטר,false,,19.90,14.6324,true,1,16453
7290104728310,false,שמנת להקצפה 38% מהדר,שטראוס גרופ,IL,יטבתה,מיליליטרים,250.00,"100 מ""ל",false,,6.47,0.0259,true,1,16458
7290104729003,false,שמן זית כ.מעולה 750,שטראוס גרופ,IL,יד מרדכי,מיליליטרים,750.00,"100 מ""ל",false,,32.90,0.0439,true,1,14803
7290104960239,false,סבון ארומה 750 מל,"אמיליה קוסמטיקס בע""מ",IL,נקה 7,מיליליטרים,750.00,"100 מ""ל",false,,10.90,0.0145,true,1,10221
7290104960246,false,סבון ארומה 750 מל,"אמיליה קוסמטיקס בע""מ",IL,נקה 7,מיליליטרים,750.00,"100 מ""ל",false,,10.90,0.0145,true,1,10222
7290104960253,false,סבון ארומה 750 מל,"אמיליה קוסמטיקס בע""מ",IL,נקה 7,מיליליטרים,750.00,"100 מ""ל",false,,10.90,0.0145,true,1,10223
7290104960338,false,סבון ארומה 750 מל,"אמיליה קוסמטיקס בע""מ",IL,נקה 7,מיליליטרים,750.00,"100 מ""ל",false,,10.90,0.0145,true,1,10224
7290104960352,false,סבון ארומה 750 מל,"אמיליה קוסמטיקס בע""מ",IL,נקה 7,מיליליטרים,750.00,"100 מ""ל",false,,10.90,0.0145,true,1,10226
7290104961205,false,נקה 7 תחליב רחצה 750,"אמיליה קוסמטיקס בע""מ",IL,נקה 7,מיליליטרים,750.00,"100 מ""ל",false,,9.90,0.0132,true,1,10229
7290104961243,false,נקה 7 תחליב רחצה 750,"אמיליה קוסמטיקס בע""מ",IL,נקה 7,מיליליטרים,750.00,"100 מ""ל",false,,9.90,0.0132,true,1,10232
7290104961250,false,נקה 7 תחליב רחצה 750,"אמיליה קוסמטיקס בע""מ",IL,נקה 7,מיליליטרים,750.00,"100 מ""ל",false,,9.90,0.0132,true,1,10233
7290104961557,false,"ספריי טיטניום 150 מ""","אמיליה קוסמטיקס בע""מ",IL,טיטניום,מיליליטרים,150.00,"100 מ""ל",false,,10.90,0.0727,true,1,10241
7290104961878,false,שמפו קרטין אינטנס 40,"אמיליה קוסמטיקס בע""מ",IL,נטורל פורמולה,מיליליטרים,400.00,"100 מ""ל",false,,29.90,0.0747,true,1,10242
7290104961885,false,מרכך קרטין אינטנס 40,"אמיליה קוסמטיקס בע""מ",IL,נטורל פורמולה,מיליליטרים,400.00,"100 מ""ל",false,,29.90,0.0747,true,1,10243
7290104961892,false,מסיכת קרטין אינטנס 3,"אמיליה קוסמטיקס בע""מ",IL,נטורל פורמולה,מיליליטרים,350.00,"100 מ""ל",false,,39.90,0.1140,true,1,10244
7290104962004,false,נקה 7 סבון נוזלי שלי,סנו,IL,נקה 7,ליטרים,1.50,ליטר,false,,19.90,13.2667,true,1,10247
7290104962080,false,"ספריי טיטניום 150 מ""","אמיליה קוסמטיקס בע""מ",IL,טיטניום,מיליליטרים,150.00,"100 מ""ל",false,,10.90,0.0727,true,1,10253
7290104963018,false,מגבוני סופטקר רביעיה,סנו,IL,סופטקר,יח',4.00,יח',false,,16.90,4.2250,true,1,10273
7290104963216,false,אלסבון עדין סופטקר 1,סנו,IL,סופטקר,ליטרים,1.00,ליטר,false,,16.90,16.9000,true,1,10283
7290104963223,false,אלסבון סופטקר 1 ליטר,סנו,IL,סופטקר,ליטרים,1.00,ליטר,false,,16.90,16.9000,true,1,10284
7290104963650,false,שמפו סופטקר 1 ליטר,סנו,IL,סופטקר,ליטרים,1.00,ליטר,false,,16.90,16.9000,true,1,10288
7290104964350,false,סבון נוזלי נקה 7 שלי,סנו,IL,נקה 7,ליטרים,1.50,ליטר,false,,19.90,13.2667,true,1,10301
7290104964756,false,תיאדנט בטעם ענבים לי,,,תיאדנט גדול,מיליליטרים,150.00,"100 מ""ל",false,,14.90,0.0993,true,1,48227
7290104965647,false,דאודורנט רול און נוש,"אמיליה קוסמטיקס בע""מ",IL,קרליין,מיליליטרים,75.00,"100 מ""ל",false,,11.90,0.1587,true,1,59184
7290105100054,false,מטריה אוטומט,יושימין,CN,tomi,יח',1.00,יח',false,,15.90,15.9000,true,1,22072
7290105100108,false,מטריה גמבו ארוך,יושימין,CN,tomi,יח',1.00,יח',false,,19.90,19.9000,true,1,22073
7290105100221,false,מטריה גמבו אוטומט,יושימין,CN,tomi,יח',1.00,יח',false,,29.90,29.9000,true,1,22079
7290105105226,false,אביזרי שיער,יושימין,CN,tomi,יח',1.00,יח',false,,7.90,7.9000,true,1,22120
7290105105455,false,אביזרי שיער בחבילה,יושימין,CN,tomi,יח',1.00,יח',false,,9.90,9.9000,true,1,22127
7290105106018,false,אביזרי שיער,יושימין,CN,tomi,יח',1.00,יח',false,,4.90,4.9000,true,1,22162
7290105106025,false,מברשת שיער,יושימין,CN,tomi,יח',1.00,יח',false,,9.90,9.9000,true,1,22163
7290105107534,false,מטריה רב צלעות,יושימין,CN,tomi,יח',1.00,יח',false,,29.90,29.9000,true,1,22209
7290105108944,false,מברשת שיער,,,מברשת שיער,יח',1.00,יח',false,,14.90,14.9000,true,1,22310
7290105360250,false,קפסולות 09 למכונות N,שטראוס גרופ,IL,עלית,גרמים,50.00,100 גרם,false,,16.90,0.3380,true,1,14807
7290105360328,false,קפסולות 10 למכונות N,שטראוס גרופ,IL,עלית,גרמים,50.00,100 גרם,false,,16.90,0.3380,true,1,14808
7290105360335,false,קפסולות 07 למכונות N,שטראוס גרופ,IL,עלית,גרמים,50.00,100 גרם,false,,16.90,0.3380,true,1,14809
7290105362339,false,שמנת לבישול 15% מהדר,שטראוס גרופ,IL,יטבתה,מיליליטרים,250.00,"100 מ""ל",false,,8.20,0.0328,true,1,16463
7290105363602,false,כיף כף מקלות 40 גרם,SOLEN CIKOLATA GIDA,TR,עלית,גרמים,40.00,100 גרם,false,,4.90,0.1225,true,1,14819
7290105364289,false,כיף כף מקלות 40 גרם,SOLEN CIKOLATA GIDA,TR,עלית,גרמים,40.00,100 גרם,false,,4.90,0.1225,true,1,14820
7290105364302,false,כיף כף מקלות 42 גרם,,,כיף כף מקלות 42 גרם,גרמים,42.00,100 גרם,false,,4.90,0.1167,true,1,14821
7290105364678,false,משקה אקטיביה אפרסק 1,שטראוס גרופ,IL,שטראוס,גרמים,265.00,100 גרם,false,,5.00,0.0189,true,1,16464
7290105366023,false,חציל בטעם כבד 400 גר,שטראוס גרופ,IL,שטראוס,גרמים,400.00,100 גרם,false,,14.90,0.0373,true,1,16467
7290105366047,false,טחינה לבנה 400 גר,שטראוס גרופ,IL,שטראוס,גרמים,400.00,100 גרם,false,,14.90,0.0373,true,1,16469
7290105366993,false,סימפוניה פילפל שיפקה,שטראוס גרופ,IL,שטראוס,גרמים,200.00,100 גרם,false,,11.50,0.0575,true,1,16474
7290105368331,false,מילקי בטעם תות,שטראוס גרופ,IL,שטראוס,גרמים,133.00,100 גרם,false,,2.90,0.0218,true,1,16487
7290105368904,false,שמנת מתוקה להקצפה 32,שטראוס גרופ,IL,יטבתה,מיליליטרים,250.00,"100 מ""ל",false,,7.30,0.0292,true,1,16495
7290105368928,false,שמנת  9% 200 גר-מהדר,שטראוס גרופ,IL,יטבתה,מיליליטרים,200.00,"100 מ""ל",false,,3.10,0.0155,true,1,16496
7290105369130,false,סימפוניה בצל ירוק,שטראוס גרופ,IL,שטראוס,גרמים,200.00,100 גרם,false,,11.50,0.0575,true,1,16499
7290105430441,false,פלמוליב סחלב שחור 75,CP - Turkey+60,TR,פלמוליב סחלב שחור 75,מיליליטרים,750.00,"100 מ""ל",false,,19.90,0.0265,true,1,30842
7290105430458,false,פלמוליב שקדים 750 מל,CP - Turkey+60,TR,פלמוליב שקדים 750 מל,מיליליטרים,750.00,"100 מ""ל",false,,19.90,0.0265,true,1,30843
7290105431516,false,*מבצע* פרי  חטיפי בר,FREE,IL,פרי,גרמים,90.00,100 גרם,false,,14.90,0.1656,true,1,20197
7290105434067,false,ספיד סטיק כחול אושיי,Colgate - USA,US,ספיד סטיק,גרמים,85.00,100 גרם,false,,21.90,0.2576,true,1,20211
7290105439499,false,מאסטר שף  מיונז 483,Remia,NL,מאסטר שף,גרמים,483.00,100 גרם,false,,11.90,0.0246,true,1,20222
7290105439581,false,מאסטר שף חרדל דיז'ון,Covinor sas,FR,מאסטר שף,גרמים,370.00,100 גרם,false,,10.90,0.0295,true,1,20224
7290105473950,false,יורוקיטי קופסה,,,יורוקיטי קופסה,קילוגרמים,5.00,"ק""ג",false,,34.90,6.9800,true,1,55189
7290105474018,false,לה קט פטה עוף 100 ג,,,לה קט פטה עוף 100 ג,גרמים,100.00,100 גרם,false,,4.90,0.0490,true,1,67590
7290105474179,false,מארז מען לה קט פטה מ,LA NORMANDISE SA,FR,לה קט,גרמים,400.00,100 גרם,false,,16.90,0.0422,true,1,22705
7290105500151,false,*מבצע* פינלנדיה 700,,,וודקה פינלנדיה,מיליליטרים,700.00,"100 מ""ל",false,,54.90,0.0784,true,1,13605
7290105691224,false,חטיפי פריכונים טורטי,פרח תעשיות,IL,אסם,גרמים,60.00,100 גרם,false,,7.50,0.1250,true,1,5061
7290105691248,false,חטיפי פריכונים טורטי,פרח תעשיות,IL,אסם,גרמים,60.00,100 גרם,false,,7.50,0.1250,true,1,5062
7290105691712,false,עוגיות הפסקת קפה חיט,אסם,IL,אסם,גרמים,220.00,100 גרם,false,,10.90,0.0495,true,1,5065
7290105691934,false,קמח שמרים 1קג,תחנת קמח המפרץ,IL,אסם,קילוגרמים,1.00,"ק""ג",false,,9.90,9.9000,true,1,5067
7290105693341,false,במבה מארז 10*25 גרם,אסם,IL,במבה,גרמים,250.00,100 גרם,false,,14.90,0.0596,true,1,5075
7290105693457,false,עוגת הבית דמקה שוקו,אסם,IL,הבית,גרמים,400.00,100 גרם,false,,11.90,0.0298,true,1,5076
7290105694614,false,ספגטי מהיר הכנה 500,זארה,IT,אסם,גרמים,500.00,100 גרם,false,,5.70,0.0114,true,1,5080
7290105694928,false,אב.מרק בצל ר.טבעי.מי,אסם,IL,אסם,גרמים,220.00,100 גרם,false,,16.90,0.0768,true,1,5084
7290105695024,false,פתיתים אפויים אורז ע,אסם,IL,אסם,גרמים,500.00,100 גרם,false,,6.90,0.0138,true,1,5086
7290105695321,false,עוגת בראוניס פאדג',אסם,IL,הבית,גרמים,350.00,100 גרם,false,,15.90,0.0454,true,1,5090
7290105695536,false,אבקת מרק ירקות שורש,אסם,IL,אסם,גרמים,220.00,100 גרם,false,,16.90,0.0768,true,1,5092
7290105962331,false,סחוג חריף מאד זהבי 2,"זהבי הכרם בועז בע""מ-",IL,תוצרת מסחרית,גרמים,220.00,100 גרם,false,,11.90,0.0541,true,1,16501
7290105963864,false,חזרת אחלה 220 גרם,שטראוס גרופ,IL,שטראוס,גרמים,220.00,100 גרם,false,,12.90,0.0586,true,1,16504
7290105964564,false,חומוס 400 אחלה,שטראוס גרופ,IL,שטראוס,גרמים,400.00,100 גרם,false,,8.90,0.0223,true,1,16505
7290105965738,false,דנונה לשתיה תות בננה,שטראוס גרופ,IL,שטראוס,גרמים,267.00,100 גרם,false,,5.00,0.0187,true,1,16514
7290105966469,false,חומץ בלסמי יד מרדכי,ACATAIA GIUSEPPE CRE,IT,יד מרדכי,מיליליטרים,250.00,"100 מ""ל",false,,14.90,0.0596,true,1,14853
7290105968654,false,רביולי בטטה פרווה 40,שטראוס גרופ,IL,שטראוס,גרמים,400.00,100 גרם,false,,19.90,0.0497,true,1,16524
7290105968777,false,פרכיות דגנים בשוקולד,שטראוס גרופ,IL,עלית,גרמים,80.00,100 גרם,false,,7.90,0.0988,true,1,14858
7290106520066,false,רבע לשבע גלילי ופל,הגביע מוצרי וופלים,IL,עלית,גרמים,120.00,100 גרם,false,,10.90,0.0908,true,1,14860
7290106520288,false,דנונה WOW תות 2.4% ש,שטראוס גרופ,IL,דנונה פרו,גרמים,150.00,100 גרם,false,,4.70,0.0313,true,1,16525
7290106520905,false,סלט טורקי  400 גרם,שטראוס גרופ,IL,שטראוס,גרמים,400.00,100 גרם,false,,14.90,0.0373,true,1,16535
7290106520912,false,שמנת לבישול 9% מהדרי,שטראוס גרופ,IL,יטבתה,מיליליטרים,250.00,"100 מ""ל",false,,8.20,0.0328,true,1,16536
7290106521926,false,קפה טורקי שקית 150 ג,שטראוס גרופ,IL,עלית,גרמים,150.00,100 גרם,false,,12.90,0.0860,true,1,30469
7290106524439,false,תפוציפס פופס 60 גרם,שטראוס פריטו ליי (מל,IL,עלית,גרמים,60.00,100 גרם,false,,3.90,0.0650,true,1,29894
7290106525320,false,שוקולית לאפיה 500 גר,שטראוס גרופ,IL,עלית,גרמים,500.00,100 גרם,false,,14.90,0.0298,true,1,14877
7290106525399,false,קפסולות 06 ברזיל למכ,שטראוס גרופ,IL,עלית,גרמים,50.00,100 גרם,false,,16.90,0.3380,true,1,14878
7290106526822,false,פריכיות מצופות אנרגי,שטראוס גרופ,IL,אנרג'י,גרמים,70.00,100 גרם,false,,7.90,0.1129,true,1,14891
7290106528567,false,דוריטוס גריל 185 גרם,שטראוס פריטו ליי (מל,IL,עלית,גרמים,185.00,100 גרם,false,,7.50,0.0405,true,1,15315
7290106528949,false,לקט ערוגות 450 גרם,שטראוס גרופ,IL,שטראוס,גרמים,450.00,100 גרם,false,,10.90,0.0242,true,1,16568
7290106571921,false,עוגיות פיטנס חמוציות,אסם,IL,FITNESS,גרמים,180.00,100 גרם,false,,11.90,0.0661,true,1,5104
7290106572027,false,לחמית חמישה דגנים,אסם,IL,לחמית,גרמים,190.00,100 גרם,false,,8.90,0.0468,true,1,5106
7290106572065,false,אסם חטיפי פרכ.טורטיה,פרח תעשיות,IL,אסם,גרמים,60.00,100 גרם,false,,7.50,0.1250,true,1,5107
7290106572959,false,מארז אפרופו 5*25 גרם,אסם,IL,אפרופו,גרמים,125.00,100 גרם,false,,13.90,0.1112,true,1,5111
7290106573024,false,עסיס אננס דיאט 1 ליט,בית השיטה,IL,עסיס,ליטרים,1.00,ליטר,false,,16.90,16.9000,true,1,5113
7290106573277,false,קריספ טאפאס זיתים 15,אסם,IL,אסם,גרמים,150.00,100 גרם,false,,11.90,0.0793,true,1,5116
7290106573314,false,קריספ טאפאס פיזורים,אסם,IL,אסם,גרמים,150.00,100 גרם,false,,11.90,0.0793,true,1,5118
7290106573628,false,חומוס צבר טחינה 400,צבר,IL,סלטי צבר,גרמים,400.00,100 גרם,false,,11.90,0.0298,true,1,5123
7290106574793,false,עוגת הבית שוקו שוקוצ,אסם,IL,הבית,גרמים,350.00,100 גרם,false,,11.90,0.0340,true,1,5142
7290106574953,false,בייגלה שטוחים שומשום,אסם,IL,אסם,גרמים,300.00,100 גרם,false,,10.90,0.0363,true,1,5143
7290106574977,false,בייגלה שטוחים מלח 30,אסם,IL,אסם,גרמים,300.00,100 גרם,false,,10.90,0.0363,true,1,5144
7290106575257,false,עוגת סופלה בטעם שוקו,אסם,IL,הבית,גרמים,340.00,100 גרם,false,,11.90,0.0350,true,1,5149
7290106575332,false,פתיתים 400 גרם,קוסקוס,IL,אסם,גרמים,400.00,100 גרם,false,,6.90,0.0173,true,1,5151
7290106575431,false,עוגת סופלה בטעם שוקו,אסם,IL,הבית,גרמים,340.00,100 גרם,false,,11.90,0.0350,true,1,5153
7290106576513,false,חומוס צבר 400 גרם,צבר,IL,סלטי צבר,גרמים,400.00,100 גרם,false,,9.90,0.0248,true,1,5161
7290106576537,false,חומוס מסעדות 700 גרם,צבר,IL,סלטי צבר,גרמים,700.00,100 גרם,false,,10.90,0.0156,true,1,5162
7290106576810,false,*מבצע* לה קרמריה ריב,גלידות נסטלה,IL,לה קרמריה,ליטרים,1.40,ליטר,false,,17.90,12.7857,true,1,14305
7290106576995,false,*מבצע* לה קרמריה ליי,גלידות נסטלה,IL,לה קרמריה,ליטרים,1.40,ליטר,false,,17.90,12.7857,true,1,14313
7290106577282,false,סלט טחינה צבר 400 גר,צבר,IL,סלטי צבר,גרמים,400.00,100 גרם,false,,11.90,0.0298,true,1,5167
7290106577541,false,סלט כרוב אדום צבר 40,צבר,IL,סלטי צבר,גרמים,400.00,100 גרם,false,,11.90,0.0298,true,1,5172
7290106578692,false,במבה וביסלי מיקס 80,אסם,IL,ביסלי,גרמים,80.00,100 גרם,false,,4.30,0.0537,true,1,5183
7290106578821,false,עוגת הבית שמרים שוקו,אסם,IL,הבית,גרמים,350.00,100 גרם,false,,15.90,0.0454,true,1,5184
7290106652996,false,כיף כף מקלות קוקוס,סולן בעבור שטראוס,TR,עלית,גרמים,40.00,100 גרם,false,,4.70,0.1175,true,1,67753
7290106653689,false,לקט לסלט אסייתי 350,"שטראוס מזון טרי בע""מ",IL,שטראוס,גרמים,350.00,100 גרם,false,,11.50,0.0329,true,1,16571
7290106654099,false,מארז מילקי cake שמינ,אירו קייקס אס פי איי,IT,מאגדת מילקי cake,גרמים,272.00,100 גרם,false,,19.90,0.0732,true,1,16574
7290106656734,false,חיוכים וניל 600 גרם,אפיפית נצרת תעשיות ב,IL,עלית,גרמים,600.00,100 גרם,false,,17.90,0.0298,true,1,14926
7290106663091,false,לאבנה 9% 500 גרם,בר תבור,IL,לאבנה,גרמים,500.00,100 גרם,false,,17.90,0.0358,true,1,16612
7290106663121,false,מילקי cake,TSC,IT,מאגדת מילקי cake,גרמים,34.00,100 גרם,false,,3.00,0.0882,true,1,16613
7290106663503,false,קונפיטורה לייט תות 2,"בית אל מזון בע""מ",IL,יד מרדכי,גרמים,230.00,100 גרם,false,,12.90,0.0561,true,1,14975
7290106663558,false,רוטב טריאקי רימון,"בית אל מזון בע""מ",IL,עלית,מיליליטרים,280.00,"100 מ""ל",false,,12.90,0.0461,true,1,14980
7290106664067,false,לאבנה שמן זית וזעתר,בר תבור,IL,לאבנה,גרמים,400.00,100 גרם,false,,14.90,0.0373,true,1,16619
7290106666788,false,סוכריות דבש ממולאות,מיישקו,PL,עלית,גרמים,80.00,100 גרם,false,,4.90,0.0613,true,1,14998
7290106667266,false,דוריטוס חמוץ חריף 18,שטראוס פריטו ליי (מל,IL,עלית,גרמים,185.00,100 גרם,false,,7.50,0.0405,true,1,15359
7290106668577,false,מיץ לימון טבעי,יורופוד,IT,מיץ לימון טבעי,מיליליטרים,250.00,"100 מ""ל",false,,7.90,0.0316,true,1,15008
7290106668713,false,דנונה פירות יער 3%,שטראוס גרופ,IL,שטראוס,גרמים,150.00,100 גרם,false,,3.90,0.0260,true,1,16643
7290106669857,false,קפסולות אספרסו בטעם,שטראוס גרופ,IL,עלית,גרמים,50.00,100 גרם,false,,16.90,0.3380,true,1,15023
7290106720626,false,ציטוס צדר גבינה 80 ג,שטראוס פריטו ליי (מל,IL,עלית,גרמים,80.00,100 גרם,false,,4.50,0.0563,true,1,15364
7290106721913,false,צנצנת מסטיק מאסט פפר,שטראוס גרופ,IL,עלית,גרמים,66.00,100 גרם,false,,9.90,0.1500,true,1,15046
7290106721920,false,צנצנת מסטיק מאסט ספי,שטראוס גרופ,IL,עלית,גרמים,66.00,100 גרם,false,,9.90,0.1500,true,1,15047
7290106723689,false,עלי תרד בייבי שטראוס,שטראוס גרופ,IL,שטראוס,גרמים,200.00,100 גרם,false,,11.50,0.0575,true,1,16659
7290106726178,false,דנונה WOW פירות יער,שטראוס גרופ,IL,דנונה פרו,גרמים,150.00,100 גרם,false,,4.70,0.0313,true,1,16665
7290106727984,false,גביע פצפצים 135 גר,שולן צ'יקולטה,TR,גביע פצפצים 135 גר,גרמים,135.00,100 גרם,false,,9.90,0.0733,true,1,15100
7290106729650,false,מארז דנונה 8 תות 3%,שטראוס גרופ,IL,דנונה,קילוגרמים,1.20,"ק""ג",false,,24.90,20.7500,true,1,16688
7290106922341,false,כסא דגם אלה,,,כסא דגם אלה,יח',1.00,יח',false,,19.90,19.9000,true,1,27120
7290107280013,false,מגבונים ליטופים חמיש,טרופיקל דגיל קוסמטיק,IL,ליטופים,יח',5.00,יח',false,,17.90,3.5800,true,1,10302
7290107280020,false,שלישיית מטליות לחות,דינאמיק,IL,סנו סושי,יח',150.00,יח',false,,17.90,0.1193,true,1,10303
7290107280068,false,זוג תבניות אלומיניום,,,זוג תבניות אלומיניום לאפי,יח',2.00,יח',false,,8.90,4.4500,true,1,10306
7290107280563,false,אוקסיגין גל בייבי 3,סנו,IL,אוקסיג'ן,ליטרים,3.00,ליטר,false,,28.90,9.6333,true,1,10325
7290107280570,false,מקסימה ג'ל 3 ליטר,סנו,IL,מקסימה,ליטרים,3.00,ליטר,false,,28.90,9.6333,true,1,10326
7290107280723,false,סנו ספארק לכלים 700,סנו,IL,ספארק,מיליליטרים,700.00,"100 מ""ל",false,,8.90,0.0127,true,1,10336
7290107280730,false,סנו ספארק לכלים 700,סנו,IL,ספארק,מיליליטרים,700.00,"100 מ""ל",false,,8.90,0.0127,true,1,10337
7290107280747,false,סנו ספארק לכלים 700,סנו,IL,ספארק,מיליליטרים,700.00,"100 מ""ל",false,,8.90,0.0127,true,1,10338
7290107280761,false,נוזל כלים סנו ספארק,סנו,IL,ספארק,ליטרים,1.00,ליטר,false,,10.90,10.9000,true,1,10340
7290107645584,false,*מבצע* קנור עוף אמית,יוניליוור,IL,*מבצע* קנור עוף אמית,גרמים,400.00,100 גרם,false,,19.90,0.0497,true,1,30812
7290107645591,false,קנור ט.עוף ר.טבעי 40,אתר חיפה אבקות - Foo,IL,KNORR,גרמים,400.00,100 גרם,false,,17.90,0.0447,true,1,30813
7290107646154,false,חטיף דגנים קוקומן שי,אתר צפת חטיפים - Foo,IL,תלמה,גרמים,126.00,100 גרם,false,,12.90,0.1024,true,1,30918
7290107646826,false,חטיף דגנים שוגי שוקו,אתר צפת חטיפים - Foo,IL,תלמה,גרמים,156.00,100 גרם,false,,12.90,0.0827,true,1,30919
7290107646918,false,קנור רוטב שקשוקה 415,יוניליוור,IL,קנור רוטב שקשוקה 415,גרמים,415.00,100 גרם,false,,10.90,0.0263,true,1,28679
7290107646963,false,ממרח ספייסי מיו 250,תלמה,IL,ממרח ספייסי מיו 250,גרמים,250.00,100 גרם,false,,7.90,0.0316,true,1,63217
7290107646970,false,ממרח איולי שום 250 ג,תלמה,IL,ממרח איולי שום 250 ג,גרמים,250.00,100 גרם,false,,7.90,0.0316,true,1,63218
7290107647359,false,דומסטוס סבון אסלה או,,,דומסטוס סבון אסלה או,גרמים,55.00,100 גרם,false,,14.90,0.2709,true,1,49662
7290107647366,false,דומסטוס סבון אסלה לי,,,דומסטוס סבון אסלה לי,גרמים,55.00,100 גרם,false,,14.90,0.2709,true,1,49663
7290107647656,false,סולרו מאגדת חמישיית,גלידות שטראוס,IL,סולרו,גרמים,290.00,100 גרם,false,,23.90,0.0824,true,1,49421
7290107647731,false,קוקומן חום לבן 375 ג,אתר שפע - Food,IL,TELMA,גרמים,375.00,100 גרם,false,,19.90,0.0531,true,1,28302
7290107648943,false,ברנפלקס קרנצים מייפל,אתר שפע - Food,IL,TELMA,גרמים,375.00,100 גרם,false,,19.90,0.0531,true,1,31217
7290107648974,false,קנור רוטב לפסטה בזיל,יוניליוור,IL,קנור רוטב לפסטה בזיל,גרמים,415.00,100 גרם,false,,10.90,0.0263,true,1,49247
7290107648981,false,קנור רוטב לפסטה פומו,יוניליוור,IL,קנור רוטב לפסטה פומו,גרמים,415.00,100 גרם,false,,10.90,0.0263,true,1,30781
7290107649100,false,טבעות שומשום 300ג,אתר בייגל - Food,IL,B&B,גרמים,300.00,100 גרם,false,,9.90,0.0330,true,1,49249
7290107698306,false,גופיות חורף לבן 0,,,גופיות חורף לבן 0,יח',1.00,יח',false,,22.90,22.9000,true,1,25263
7290107698313,false,גופית חורף לגבר לבן,,,גופית חורף לגבר לבן,יח',1.00,יח',false,,22.90,22.9000,true,1,25264
7290107698337,false,גופית חורף לגבר שחור,,,גופית חורף לגבר שחור,יח',1.00,יח',false,,22.90,22.9000,true,1,25266
7290107698344,false,גופית חורף וי שחור,,,גופית חורף וי שחור,יח',1.00,יח',false,,22.90,22.9000,true,1,25267
7290107871297,false,אסם פריכונים מיני עש,פרח תעשיות,IL,אסם,גרמים,25.00,100 גרם,false,,4.30,0.1720,true,1,5207
7290107871532,false,קרחונים דובדבן מלון,גלידות נסטלה,IL,גלידות נסטלה,יח',10.00,יח',false,,17.90,1.7900,true,1,14325
7290107871990,false,פסטה צינורות 500 גרם,זארה,IT,אסם,גרמים,500.00,100 גרם,false,,5.70,0.0114,true,1,5218
7290107874427,false,אסם פריכונים מיני זע,פרח תעשיות,IL,אסם,גרמים,25.00,100 גרם,false,,4.30,0.1720,true,1,5246
7290107874441,false,אסם פריכונים מיני בצ,פרח תעשיות,IL,אסם,גרמים,25.00,100 גרם,false,,4.30,0.1720,true,1,5247
7290107874502,false,מארז ביסלי גריל 4*55,אסם,IL,אסם,גרמים,220.00,100 גרם,false,,11.90,0.0541,true,1,5248
7290107875271,false,מארז ביסלי ברביקיו 4,אסם,IL,אסם,גרמים,220.00,100 גרם,false,,11.90,0.0541,true,1,5256
7290107875820,false,קרטונים אפויים 180 ג,קיבוץ עינת,IL,אסם,גרמים,180.00,100 גרם,false,,11.90,0.0661,true,1,5261
7290107877619,false,במבה במילוי נוגט מאר,אסם,IL,במבה,גרמים,150.00,100 גרם,false,,13.90,0.0927,true,1,5290
7290107879132,false,פיטנס מיני פריכיות ש,כרמית,IL,פיטנס,גרמים,22.00,100 גרם,false,,4.90,0.2227,true,1,5315
7290107930321,false,קונפיטורת דובדבן 340,"בית אל מזון בע""מ",IL,יד מרדכי,גרמים,340.00,100 גרם,false,,12.90,0.0379,true,1,15117
7290107931397,false,כיף כף פצפצים 40 גרם,SOLEN CIKOLATA GIDA,TR,עלית,גרמים,40.00,100 גרם,false,,4.90,0.1225,true,1,15129
7290107932080,false,חלב בבקבוק 3% מועשר-,מחלבת יטבתה,IL,יטבתה,ליטרים,1.00,ליטר,false,,7.60,7.6000,true,1,16700
7290107932134,false,חלב בבקבוק 1% מועשר-,מחלבת יטבתה,IL,יטבתה,ליטרים,1.00,ליטר,false,,7.30,7.3000,true,1,16702
7290107933155,false,לקט סלנובה 200ג,שטראוס גרופ,IL,שטראוס,גרמים,200.00,100 גרם,false,,12.90,0.0645,true,1,16704
7290107933193,false,סלק מבושל 500 ג,לס לגוסודה סנצונוניו,ES,ירקות שטראוס,גרמים,500.00,100 גרם,false,,7.90,0.0158,true,1,16705
7290107936309,false,דנונה יווני לבן,שטראוס,IL,דנונה,גרמים,130.00,100 גרם,false,,3.50,0.0269,true,1,16729
7290107936965,false,עד חצות עיגולים 225,עלית,IL,עד חצות,גרמים,225.00,100 גרם,false,,11.90,0.0529,true,1,28683
7290107937542,false,משקה אקטיביה תות 1.2,שטראוס גרופ,IL,שטראוס,גרמים,268.00,100 גרם,false,,5.00,0.0187,true,1,16736
7290107937627,false,צנצנת מסטיק מאסט קוב,שטראוס גרופ,IL,עלית,גרמים,58.00,100 גרם,false,,9.90,0.1707,true,1,15171
7290107937641,false,צנצנת מסטיק מאסט בזו,שטראוס גרופ,IL,עלית,גרמים,58.00,100 גרם,false,,9.90,0.1707,true,1,15173
7290107937856,false,קפסולות 11 גואטמלה ל,שטראוס גרופ,IL,עלית,גרמים,50.00,100 גרם,false,,16.90,0.3380,true,1,15176
7290107938396,false,אקטימל שמיניה תות,שטראוס גרופ,IL,שטראוס,גרמים,864.00,100 גרם,false,,20.90,0.0242,true,1,16742
7290107939027,false,גזר דקדק 250 גרם,שטראוס,IL,גזר דקדק 250 גרם,גרמים,250.00,100 גרם,false,,7.90,0.0316,true,1,16748
7290107940030,false,חומוס אחלה 650 גרם,שטראוס גרופ,IL,שטראוס,גרמים,650.00,100 גרם,false,,9.90,0.0152,true,1,16764
7290107941259,false,עדשים ירוקות מבושלות,הורקסה לס לגונס דה ס,ES,טעם הטבע,גרמים,475.00,100 גרם,false,,10.90,0.0229,true,1,16779
7290107941266,false,שעועית אדומה מבושלת,הורקסה לס לגונס דה ס,ES,טעם הטבע,גרמים,475.00,100 גרם,false,,12.90,0.0272,true,1,16780
7290107941273,false,חומוס מבושל 475 גרם,הורקסה לס לגונס דה ס,ES,טעם  הטבע,גרמים,475.00,100 גרם,false,,10.90,0.0229,true,1,16781
7290107942355,false,תפוציפס מקלות 60 גרם,שטראוס פריטו ליי (מל,IL,עלית,גרמים,60.00,100 גרם,false,,3.90,0.0650,true,1,15402
7290107943192,false,שמנת חמוצה מהערבה 27,מחלבת יטבתה,IL,יטבתה,מיליליטרים,200.00,"100 מ""ל",false,,4.10,0.0205,true,1,28476
7290107943369,false,*מבצע* שיבולת שועל ל,קוואקר אוטס קומפני,US,קוואקר,גרמים,511.00,100 גרם,false,,16.90,0.0331,true,1,27927
7290107944472,false,סימפוניה שום שמיר 5%,שטראוס גרופ,IL,שטראוס,גרמים,200.00,100 גרם,false,,11.50,0.0575,true,1,16815
7290107945165,false,קונפיטורת משמש יד מר,"בית אל מזון בע""מ",IL,יד מרדכי,גרמים,340.00,100 גרם,false,,12.90,0.0379,true,1,15214
7290107950190,false,מעדן שטראוס דיאט מרי,שטראוס גרופ,IL,שטראוס,גרמים,130.00,100 גרם,false,,3.30,0.0254,true,1,16846
7290107950206,false,מעדן שטראוס דיאט שוק,שטראוס גרופ,IL,שטראוס,גרמים,130.00,100 גרם,false,,3.30,0.0254,true,1,16847
7290107951111,false,בפלות לימון 200 גרם,שטראוס,IL,עלית,גרמים,200.00,100 גרם,false,,3.90,0.0195,true,1,15217
7290107951715,false,צנצנת מסטיק מאסט קוב,שטראוס גרופ,IL,עלית,גרמים,58.00,100 גרם,false,,9.90,0.1707,true,1,15227
7290107953559,false,*מבצע* מארז קפה טורק,שטראוס קפה בי.וי,IL,עלית,גרמים,168.00,100 גרם,false,,16.90,0.1006,true,1,15236
7290107954976,false,יטבתה פרו קפה 350,מחלבת יטבתה,IL,יטבתה,מיליליטרים,350.00,"100 מ""ל",false,,6.70,0.0191,true,1,16919
7290107956642,false,*מבצע* תרסיס שמן זית,סובנה,ES,*מבצע* תרסיס שמן זית,מיליליטרים,150.00,"100 מ""ל",false,,15.90,0.1060,true,1,29892
7290107956895,false,קפסולות אספרסו בטעם,שטראוס גרופ,IL,עלית,גרמים,50.00,100 גרם,false,,16.90,0.3380,true,1,30965
7290107956901,false,קפסולות אספרסו למכונ,שטראוס גרופ,IL,עלית,גרמים,50.00,100 גרם,false,,16.90,0.3380,true,1,29281
7290107956925,false,קפסולות 13 אוגנדה למ,שטראוס גרופ,IL,עלית,גרמים,50.00,100 גרם,false,,16.90,0.3380,true,1,47153
7290107957229,false,נטיפי שוקולד ציפס מר,"פוליבה בע""מ",IL,עלית,גרמים,250.00,100 גרם,false,,10.90,0.0436,true,1,30966
7290107957991,true,מילקי מינייס,TCS,IT,מילקי,גרמים,144.00,100 גרם,false,,13.90,0.0965,true,1,37991
7290107958035,false,מארז 8 דנונה מתיקות,שטראוס גרופ,IL,שטראוס,ליטרים,1.20,ליטר,false,,18.90,15.7500,true,1,29157
7290107973014,false,פלמוליב סבון ידיים ח,CP - Turkey+60,TR,פלמוליב,מיליליטרים,300.00,"100 מ""ל",false,,10.90,0.0363,true,1,20264
7290107973038,false,פלמוליב סבון ידיים א,Colgate -ITALY,IT,פלמוליב,מיליליטרים,300.00,"100 מ""ל",false,,10.90,0.0363,true,1,20266
7290107973311,false,קולגייט מברשת 360 פח,קולגייט פלמוליב,CH,קולגייט מברשת 360 סנסטיב,יח',2.00,יח',false,,26.90,13.4500,true,1,20269
7290107973861,false,מאסטר שף עגבניות קצו,קונסוריזיו קאסאלסקו,IT,מאסטר שף,גרמים,1200.00,100 גרם,false,,15.90,0.0133,true,1,20276
7290107974066,false,*מבצע* מאסטר שף עלי,אלקאטי קורביישיסי,TR,מאסטר שף,גרמים,320.00,100 גרם,false,,7.90,0.0247,true,1,20281
7290107974073,false,*מבצע* מאסטר שף עלי,אלקאטי קורביישיסי,TR,מאסטר שף,גרמים,320.00,100 גרם,false,,7.90,0.0247,true,1,20282
7290107974301,false,ליידי ספיד סטיק אלוו,Colgate - USA,US,ליידי ספיד סטיק,גרמים,65.00,100 גרם,false,,24.90,0.3831,true,1,20284
7290107975346,false,ספיד סטיק כח הטבע או,Colgate - USA,US,ספיד סטיק,גרמים,65.00,100 גרם,false,,19.90,0.3062,true,1,20300
7290107975360,false,ליידי ספיד סטיק פיור,Colgate - USA,US,ליידי ספיד סטיק,גרמים,65.00,100 גרם,false,,24.90,0.3831,true,1,20302
7290107975544,false,קולגייט משחת ילדים 6,CP-Poland swidnica,PL,קולגייט,מיליליטרים,50.00,"100 מ""ל",false,,11.90,0.2380,true,1,27380
7290107977456,false,פלמוליב לגבר ג'ל רחצ,CP - Turkey+60,TR,פלמוליב לגבר ג'ל רחצ,מיליליטרים,750.00,"100 מ""ל",false,,19.90,0.0265,true,1,51907
7290107978323,false,מאסטר שף איטריות דקי,פי.פי.איג' ארטלקס ג',PL,מאסטר שף,גרמים,400.00,100 גרם,false,,3.90,0.0097,true,1,20321
7290107978330,false,מאסטר שף איטריות דקו,פי.פי.איג' ארטלקס ג',PL,מאסטר שף,גרמים,400.00,100 גרם,false,,3.90,0.0097,true,1,20322
7290107978347,false,מאסטר שף איטריות בינ,פי.פי.איג' ארטלקס ג',PL,מאסטר שף,גרמים,400.00,100 גרם,false,,3.90,0.0097,true,1,20323
7290107978453,false,קראנצוס גריל 55  גרם,מנה,IL,קראנצוס,גרמים,55.00,100 גרם,false,,2.50,0.0455,true,1,27378
7290107978460,false,קראנצוס פלאפל  55  ג,מנה,IL,קראנצוס,גרמים,55.00,100 גרם,false,,2.50,0.0455,true,1,27381
7290108201284,false,אירוויק מקלות ריחניי,RECKITT BENCKISER HU,HU,אירוויק,מיליליטרים,30.00,"100 מ""ל",false,,14.90,0.4967,true,1,8189
7290108201802,false,דטול ספריי חיטוי בני,רקיט בנקיזר,US,דטול,מיליליטרים,400.00,"100 מ""ל",false,,24.90,0.0622,true,1,46791
7290108350128,false,שקיות אשפה סנו סושי,"אשפלסט תעשיות בע""מ",IL,סנו סושי,יח',40.00,יח',false,,24.90,0.6225,true,1,10357
7290108350203,false,כריות קירצוף +ספוג ס,סנו,IL,כריות קירצוף +ספוג ס,יח',6.00,יח',false,,9.90,1.6500,true,1,10365
7290108350210,false,סנו סושי 30 שקיות אש,או או או יקה.דה.וא.ק,IL,סנו סושי,יח',30.00,יח',false,,24.90,0.8300,true,1,10366
7290108350531,false,נוזל כלים סנו ספארק,סנו,IL,ספארק,ליטרים,1.00,ליטר,false,,10.90,10.9000,true,1,10372
7290108350623,false,מרכך מקסימה מרוכז 1,סנו,IL,מקסימה,ליטרים,1.00,ליטר,false,,17.90,17.9000,true,1,10380
7290108350722,false,משחת שיניים אורביטול,טרופיקל דגיל קוסמטיק,IL,אורביטול,גרמים,70.00,100 גרם,false,,9.90,0.1414,true,1,58406
7290108350739,false,משחת שיניים אורביטול,טרופיקל דגיל קוסמטיק,IL,אורביטול,גרמים,70.00,100 גרם,false,,9.90,0.1414,true,1,47743
7290108351149,false,*מבצע* ג'ל סנו ג'ט ל,סנו,IL,*מבצע* ג'ל סנו ג'ט ל,ליטרים,1.50,ליטר,false,,9.90,6.6000,true,1,10405
7290108351156,false,*מבצע* ג'ט לניקוי כל,סנו,IL,*מבצע* ג'ט לניקוי כל,ליטרים,1.50,ליטר,false,,9.90,6.6000,true,1,10406
7290108351507,false,מרכך מקסימה 4 ליטר,סנו,IL,מקסימה,ליטרים,4.00,ליטר,false,,21.90,5.4750,true,1,10408
7290108351514,false,מרכך מקסימה 4 ליטר,סנו,IL,מקסימה,ליטרים,4.00,ליטר,false,,21.90,5.4750,true,1,10409
7290108351538,false,מבשם יבש סנו פרש הום,סנו,IL,מבשם יבש סנו פרש הום,מיליליטרים,200.00,"100 מ""ל",false,,10.90,0.0545,true,1,32159
7290108351545,false,מבשם יבש סנו פרש הום,סנו,IL,מבשם יבש סנו פרש הום,מיליליטרים,200.00,"100 מ""ל",false,,10.90,0.0545,true,1,32160
7290108351552,false,*מבצע* מרסס סנו ג'ט,סנו,IL,*מבצע* מרסס סנו ג'ט,מיליליטרים,750.00,"100 מ""ל",false,,9.90,0.0132,true,1,29394
7290108351583,false,סנו ג'ט פלוס לניקוי,סנו,IL,סנו ג'ט,מיליליטרים,750.00,"100 מ""ל",false,,9.90,0.0132,true,1,31683
7290108351590,false,סנופרש הום תרסיס,סנו,IL,סנופרש,מיליליטרים,350.00,"100 מ""ל",false,,10.90,0.0311,true,1,27340
7290108351613,false,*מבצע* ריצפז פרש הום,סנו,IL,ריצפז,ליטרים,2.00,ליטר,false,,19.90,9.9500,true,1,10411
7290108351699,false,*מבצע* מגבוני ניקוי,סנו,IL,*מבצע* מגבוני ניקוי,יח',3.00,יח',false,,17.90,5.9667,true,1,47033
7290108351705,false,פניני בישום לכביסה 2,סנו,IL,מקסימה,גרמים,275.00,100 גרם,false,,20.90,0.0760,true,1,51394
7290108351712,false,פניני בישום לכביסה 2,סנו,IL,מקסימה,גרמים,275.00,100 גרם,false,,20.90,0.0760,true,1,51395
7290108351781,false,סנו ג'ט פלוס לניקוי,סנו,IL,סנו ג'ט,מיליליטרים,750.00,"100 מ""ל",false,,9.90,0.0132,true,1,48228
7290108351804,false,מרכך מקסימה מרוכז 1,סנו,IL,מקסימה,ליטרים,1.00,ליטר,false,,17.90,17.9000,true,1,51055
7290108351835,false,מרכך מקסימה 4 ליטר,סנו,IL,מקסימה,ליטרים,4.00,ליטר,false,,21.90,5.4750,true,1,52101
7290108351842,false,מקסימה בושם כביסה כח,סנו,IL,מקסימה בושם כביסה כח,מיליליטרים,600.00,"100 מ""ל",false,,20.90,0.0348,true,1,48213
7290108351972,false,מבשם יבש סנו פרש הום,סנו,IL,מבשם יבש סנו פרש הום,מיליליטרים,200.00,"100 מ""ל",false,,10.90,0.0545,true,1,52102
7290108351989,false,מבשם יבש סנו פרש הום,סנו,IL,מבשם יבש סנו פרש הום,מיליליטרים,200.00,"100 מ""ל",false,,10.90,0.0545,true,1,52103
7290108351996,false,*מבצע* מרסס חיטוי מש,סנו,,*מבצע* מרסס חיטוי מש,מיליליטרים,750.00,"100 מ""ל",false,,9.90,0.0132,true,1,50343
7290108352078,false,מי פה אורביטול 500 מ,סנו,IL,מי פה אורביטול 500 מ,מיליליטרים,500.00,"100 מ""ל",false,,24.90,0.0498,true,1,55898
7290108352092,false,*מבצע* אורביטול משחת,סנו,IL,*מבצע* אורביטול משחת,גרמים,145.00,100 גרם,false,,10.90,0.0752,true,1,55902
7290108352269,false,מגבונים לניקוי כללי,סנו,IL,מגבונים לניקוי כללי,יח',400.00,יח',false,,29.90,0.0747,true,1,55619
7290108352399,false,*מבצע* ריצפז פרש הום,סנו,IL,ריצפז,ליטרים,2.00,ליטר,false,,19.90,9.9500,true,1,61908
7290108352405,false,מבשם אויר סנו פרש הו,,,מבשם אויר סנו פרש הו,מיליליטרים,300.00,"100 מ""ל",false,,12.90,0.0430,true,1,56265
7290108352443,false,*מבצע* סנובון כחול ש,סנו,IL,סנובון,יח',3.00,יח',false,,12.90,4.3000,true,1,56770
7290108352450,false,*מבצע* ריצפז פרש הום,סנו,IL,ריצפז,ליטרים,2.00,ליטר,false,,19.90,9.9500,true,1,57475
7290108352474,false,סנו מוד ליידי קוקו 1,סנו,IL,סנומוד,מיליליטרים,150.00,"100 מ""ל",false,,9.90,0.0660,true,1,57870
7290108352481,false,סנו מוד נרסיסוס  150,סנו,IL,סנומוד,מיליליטרים,150.00,"100 מ""ל",false,,9.90,0.0660,true,1,57871
7290108352528,false,*מבצע* מרסס לחיטוי ו,סנו,,*מבצע* מרסס לחיטוי ו,מיליליטרים,750.00,"100 מ""ל",false,,9.90,0.0132,true,1,59187
7290108352566,false,מרכך מקסימה 4 ליטר,סנו,IL,מקסימה,ליטרים,4.00,ליטר,false,,21.90,5.4750,true,1,60927
7290108352573,false,מרכך מקסימה 4 ליטר,סנו,IL,מקסימה,ליטרים,4.00,ליטר,false,,21.90,5.4750,true,1,62811
7290108352634,false,נייר טואלט חתוך סנו,סנו,IL,נייר טואלט חתוך סנו,יח',1000.00,יח',false,,14.90,0.0149,true,1,10414
7290108352641,false,מטלית הפלא לניקוי כל,סנו,IL,מטלית הפלא לניקוי כל,יח',3.00,יח',false,,14.90,4.9667,true,1,27342
7290108352689,false,כריות קירצוף סנו סוש,סנו,IL,כריות קירצוף סנו סוש,יח',9.00,יח',false,,9.90,1.1000,true,1,10415
7290108352702,false,מגבוני טואלט לחים של,סנו,IL,מגבוני טואלט לחים של,יח',3.00,יח',false,,14.90,4.9667,true,1,10416
7290108352801,false,סנו סושי שקיות אשפה,סנו,IL,סנו סושי,יח',100.00,יח',false,,18.90,0.1890,true,1,31684
7290108352825,false,ספוג הפלא נירוסטה 3,סנו,IL,סנו,יח',3.00,יח',false,,9.90,3.3000,true,1,35648
7290108352870,false,שקיות צלייה XL,סנו,IL,סנו סושי,יח',10.00,יח',false,,7.90,0.7900,true,1,47346
7290108352894,false,מפת שולחן חגיגית סנו,סנו,IL,מפת שולחן חגיגית סנו,יח',1.00,יח',false,,7.90,7.9000,true,1,48430
7290108352955,false,תבניות אינגליש 4 יח,סנו,IL,תבניות אינגליש 4 יח,יח',4.00,יח',false,,10.90,2.7250,true,1,48613
7290108353006,false,שקיות מזון עם ידית 2,"אשפלסט תעשיות בע""מ",IL,סנו סושי,יח',250.00,יח',false,,11.90,0.0476,true,1,50345
7290108353020,false,תבנית אפייה מלבנית,,,סנו סושי,יח',4.00,יח',false,,11.90,2.9750,true,1,51220
7290108353037,false,תבנית אפייה עגולה מנ,,,סנו סושי,יח',4.00,יח',false,,11.90,2.9750,true,1,51221
7290108353068,false,זוג כריות קירצוף עם,סנו,IL,זוג כריות קירצוף עם,יח',2.00,יח',false,,9.90,4.9500,true,1,51057
7290108353099,false,טישו סופט חמישייה,ישרפייפר,IL,סנו סופט,יח',5.00,יח',false,,12.90,2.5800,true,1,51083
7290108353372,false,מארז זוג מברשות שיני,סנו,IL,מארז זוג מברשות שיני,יח',2.00,יח',false,,29.90,14.9500,true,1,64835
7290108353471,false,סנובון דיזיין בניחוח,סנו,IL,סנובון דיזיין בניחוח,יחידה,0.00,יחידה,false,,6.90,0.0000,true,1,52110
7290108353488,false,סנובון דיזיין בניחוח,,,סנובון דיזיין בניחוח,יחידה,0.00,יחידה,false,,6.90,0.0000,true,1,52111
7290108353495,false,חוט דנטאלי בתוספת שע,סנו,IL,חוט דנטאלי בתוספת שע,מטרים,50.00,מטר,false,,9.90,0.1980,true,1,64486
7290108353501,false,שקיות אשפה 25 יח' עם,סנו,IL,שקיות אשפה 25 יח' עם,יח',25.00,יח',false,,19.90,0.7960,true,1,52591
7290108353518,false,זוג תבניות עם ידיות,סנו,IL,זוג תבניות עם ידיות,יח',2.00,יח',false,,10.90,5.4500,true,1,52588
7290108353525,false,תבניות גדולות 4 יח ע,סנו,IL,תבניות גדולות 4 יח ע,יח',4.00,יח',false,,10.90,2.7250,true,1,52589
7290108353549,false,נייר אפייה סנו סושי,,,נייר אפייה סנו סושי,יח',100.00,יח',false,,19.90,0.1990,true,1,58934
7290108353648,false,שקיות מזון מנייר 70,"אשפלסט תעשיות בע""מ",IL,סנו סושי,יח',70.00,יח',false,,10.90,0.1557,true,1,56075
7290108353655,false,מפיות אירוח עבות לבנ,סנו,IL,מפיות אירוח עבות לבנ,יח',50.00,יח',false,,9.90,0.1980,true,1,54307
7290108353679,false,מפת ניילון שקופה 10,סנו,IL,סנו סושי,יח',1.00,יח',false,,14.90,14.9000,true,1,54010
7290108353686,false,מטלית חלומית לרצפה ס,N.S.,CN,סנו סושי,יח',1.00,יח',false,,10.90,10.9000,true,1,57354
7290108353761,false,*מבצע* תחליב רחצה זן,סנו,IL,*מבצע* תחליב רחצה זן,מיליליטרים,600.00,"100 מ""ל",false,,12.90,0.0215,true,1,66174
7290108353778,false,נקה 7 תחליב רחצה בני,"אמיליה קוסמטיקס בע""מ",IL,נקה 7,מיליליטרים,750.00,"100 מ""ל",false,,9.90,0.0132,true,1,57049
7290108353815,false,*מבצע* תחליב רחצה מד,סנו,IL,*מבצע* תחליב רחצה מד,מיליליטרים,600.00,"100 מ""ל",false,,12.90,0.0215,true,1,66196
7290108353839,false,כפפות ניטריל מידה m,סנו,IL,כפפות ניטריל מידה m,יח',80.00,יח',false,,28.90,0.3612,true,1,64846
7290108353846,false,כפפות ניטריל מידה L,סנו,IL,כפפות ניטריל מידה L,יח',80.00,יח',false,,28.90,0.3612,true,1,64847
7290108353952,false,דאודורנט ספריי קרמה,"אמיליה קוסמטיקס בע""מ",IL,קרמה,מיליליטרים,150.00,"100 מ""ל",false,,12.90,0.0860,true,1,60292
7290108353969,false,דאודורנט ספריי קרמה,"אמיליה קוסמטיקס בע""מ",IL,קרמה,מיליליטרים,150.00,"100 מ""ל",false,,12.90,0.0860,true,1,60293
7290108354164,false,סבון נוזלי כיף שלשה,סנו,IL,סבון נוזלי כיף שלשה,מיליליטרים,1500.00,"100 מ""ל",false,,19.90,0.0133,true,1,57476
7290108354263,false,משחת שיניים אורביטול,טרופיקל דגיל קוסמטיק,IL,אורביטול,גרמים,70.00,100 גרם,false,,9.90,0.1414,true,1,58407
7290108354270,false,מרכך מקסימה מרוכז 1,סנו,IL,מקסימה,ליטרים,1.00,ליטר,false,,17.90,17.9000,true,1,60925
7290108354447,false,מרכך כיף קוקוס וקרטי,סנו,IL,מרכך כיף קוקוס וקרטי,מיליליטרים,700.00,"100 מ""ל",false,,11.90,0.0170,true,1,57873
7290108354492,false,שמפו 10 שמן ארגן קרל,סנו,IL,שמפו 10 שמן ארגן קרל,מיליליטרים,700.00,"100 מ""ל",false,,12.90,0.0184,true,1,62597
7290108354577,false,דאודורנט רול און קרמ,,,קרמה,מיליליטרים,75.00,"100 מ""ל",false,,12.90,0.1720,true,1,60926
7290108354614,false,נקה 7 מרכך ביו,"אמיליה קוסמטיקס בע""מ",IL,נקה 7,מיליליטרים,750.00,"100 מ""ל",false,,10.90,0.0145,true,1,64489
7290108354751,false,*מבצע* מרסס סנו ג'ט,סנו,IL,*מבצע* מרסס סנו ג'ט,מיליליטרים,750.00,"100 מ""ל",false,,9.90,0.0132,true,1,48229
7290108354829,false,קרם ידיים קרמה ורד ו,קוסמופארם,IL,קרמה,מיליליטרים,100.00,"100 מ""ל",false,,9.90,0.0990,true,1,57434
7290108354850,false,דאודורנט רול און קרמ,,,קרמה,מיליליטרים,75.00,"100 מ""ל",false,,12.90,0.1720,true,1,56260
7290108354911,false,*מבצע* קרמה מן 3 ב-1,סנו,IL,*מבצע* קרמה מן 3 ב-1,מיליליטרים,700.00,"100 מ""ל",false,,14.90,0.0213,true,1,54224
7290108355000,false,שמפו נקה לילדים מיני,סנו,IL,נקה 7,מיליליטרים,750.00,"100 מ""ל",false,,10.90,0.0145,true,1,10422
7290108355024,false,שמפו+מרכך נקה ילדים,סנו,IL,נקה 7,מיליליטרים,750.00,"100 מ""ל",false,,10.90,0.0145,true,1,10424
7290108355031,false,אל סבון ילדים נקה מי,סנו,IL,נקה 7,מיליליטרים,750.00,"100 מ""ל",false,,10.90,0.0145,true,1,10425
7290108355048,false,קרליין מגבונים להסרת,קרליין,IL,קרליין מגבונים להסרת,יח',3.00,יח',false,,24.90,8.3000,true,1,10426
7290108355130,false,שמן גוף בייבי כיף 50,קוסמופארם,IL,כיף,מיליליטרים,500.00,"100 מ""ל",false,,24.90,0.0498,true,1,47480
7290108355154,false,נקה 7 שמפו,"אמיליה קוסמטיקס בע""מ",IL,נקה 7,מיליליטרים,750.00,"100 מ""ל",false,,10.90,0.0145,true,1,31686
7290108355161,false,נקה 7 קונדישינר,"אמיליה קוסמטיקס בע""מ",IL,נקה 7,מיליליטרים,750.00,"100 מ""ל",false,,10.90,0.0145,true,1,31687
7290108355307,false,שמפו נקה 7 סירוק קל,סנו,IL,שמפו נקה 7 סירוק קל,מיליליטרים,750.00,"100 מ""ל",false,,12.90,0.0172,true,1,50348
7290108355314,false,מרכך קרם/תרסיס נקה 7,סנו,IL,מרכך קרם/תרסיס נקה 7,מיליליטרים,750.00,"100 מ""ל",false,,12.90,0.0172,true,1,50349
7290108355468,false,דאודורנט רול און קרמ,,,קרמה,מיליליטרים,75.00,"100 מ""ל",false,,12.90,0.1720,true,1,56262
7290108355536,false,דאודורנט ספריי קרמה,"אמיליה קוסמטיקס בע""מ",IL,קרמה,מיליליטרים,150.00,"100 מ""ל",false,,12.90,0.0860,true,1,60294
7290108356045,false,כיף רחצה גלידת סוכרי,קוסמופארם,IL,כיף,מיליליטרים,700.00,"100 מ""ל",false,,10.90,0.0156,true,1,47755
7290108356106,false,כיף רחצה מילק שקד 70,קוסמופארם,IL,כיף,מיליליטרים,700.00,"100 מ""ל",false,,10.90,0.0156,true,1,47746
7290108356120,false,כיף רחצה מילק קוקוס,קוסמופארם,IL,כיף,מיליליטרים,700.00,"100 מ""ל",false,,10.90,0.0156,true,1,47748
7290108356137,false,כיף רחצה מילק לבנדר,קוסמופארם,IL,כיף,מיליליטרים,700.00,"100 מ""ל",false,,10.90,0.0156,true,1,47749
7290108356151,false,כיף רחצה מילק מאסק י,קוסמופארם,IL,כיף,מיליליטרים,700.00,"100 מ""ל",false,,10.90,0.0156,true,1,47750
7290108356199,false,אל סבון כיף 1 ליטר א,קוסמופארם,IL,כיף,ליטרים,1.00,ליטר,false,,11.90,11.9000,true,1,55888
7290108356229,false,קרמה ג'ל גילוח,קוסמופארם,TR,קרמה מן,מיליליטרים,200.00,"100 מ""ל",false,,13.90,0.0695,true,1,54570
7290108356489,false,תחליב רחצה אפרסק וחמ,קוסמופארם,IL,כיף,מיליליטרים,700.00,"100 מ""ל",false,,10.90,0.0156,true,1,62598
7290108356519,false,שמפו 10 לשיער רגיל ק,סנו,IL,שמפו 10 לשיער רגיל ק,מיליליטרים,700.00,"100 מ""ל",false,,12.90,0.0184,true,1,61909
7290108356526,false,שמפו 10 לשיער יבש קר,סנו,IL,שמפו 10 לשיער יבש קר,מיליליטרים,700.00,"100 מ""ל",false,,12.90,0.0184,true,1,61910
7290108356533,false,שמפו 10 לשיער מתולתל,סנו,IL,שמפו 10 לשיער מתולתל,מיליליטרים,700.00,"100 מ""ל",false,,12.90,0.0184,true,1,61911
7290108356564,false,מרכך 10 לשיער רגיל ק,סנו,IL,מרכך 10 לשיער רגיל ק,מיליליטרים,700.00,"100 מ""ל",false,,12.90,0.0184,true,1,61914
7290108356571,false,מרכך 10 לשיער יבש קר,סנו,IL,מרכך 10 לשיער יבש קר,מיליליטרים,700.00,"100 מ""ל",false,,12.90,0.0184,true,1,61915
7290108356588,false,מרכך 10 לשיער מתולתל,סנו,IL,מרכך 10 לשיער מתולתל,מיליליטרים,700.00,"100 מ""ל",false,,12.90,0.0184,true,1,61916
7290108356595,false,מרכך 10 לשיער צבוע ק,סנו,IL,מרכך 10 לשיער צבוע ק,מיליליטרים,700.00,"100 מ""ל",false,,12.90,0.0184,true,1,61917
7290108356861,false,*מבצע* מגבוני בייבי,סנו,IL,*מבצע* מגבוני בייבי,יח',5.00,יח',false,,17.90,3.5800,true,1,58415
7290108357011,false,מרכך כיף ושמן קוקוי,סנו,IL,מרכך כיף ושמן קוקוי,מיליליטרים,700.00,"100 מ""ל",false,,11.90,0.0170,true,1,53048
7290108357028,false,כיף רחצה ושמן קוקוי,קוסמופארם,IL,כיף,מיליליטרים,700.00,"100 מ""ל",false,,10.90,0.0156,true,1,53049
7290108357097,false,קרליין נושם ביו דאוד,סנו,IL,קרליין נושם ביו דאוד,מיליליטרים,150.00,"100 מ""ל",false,,12.90,0.0860,true,1,62606
7290108357189,false,*מבצע* מקסימה למייבש,סנו,IL,סנו,מיליליטרים,750.00,"100 מ""ל",false,,14.90,0.0199,true,1,52794
7290108357196,false,*מבצע* מרסס סנו ג'ט,סנו,IL,*מבצע* מרסס סנו ג'ט,מיליליטרים,750.00,"100 מ""ל",false,,9.90,0.0132,true,1,59606
7290108357202,false,סנוקליר בלו בלוסום,סנו,IL,סנוקליר,ליטרים,1.00,ליטר,false,,10.90,10.9000,true,1,57874
7290108357240,false,אבקה עוצמתית להסרת כ,סנו,IL,אבקה עוצמתית להסרת כ,קילוגרמים,1.40,"ק""ג",false,,29.90,21.3571,true,1,61922
7290108357295,false,אוקסיג'ן מסיר כתמים,סנו,IL,אוקסיג'ן,מיליליטרים,750.00,"100 מ""ל",false,,17.90,0.0239,true,1,64485
7290108357301,false,מרסס K300 קוטל תיקני,,,מרסס K301,מיליליטרים,300.00,"100 מ""ל",false,,11.90,0.0397,true,1,62813
7290108357400,false,*מבצע* קרמה תחליב רח,,,קרמה,מיליליטרים,700.00,"100 מ""ל",false,,14.90,0.0213,true,1,56256
7290108357653,false,סנובון באבלס בניחוח,,,סנובון באבלס בניחוח,יח',3.00,יח',false,,15.90,5.3000,true,1,67634
7290108357660,false,סנובון באבלס בניחוח,,,סנובון באבלס בניחוח,יח',3.00,יח',false,,15.90,5.3000,true,1,67635
7290108357707,false,שמפו כיף תפוח זרעי צ,סנו,IL,שמפו כיף תפוח זרעי צ,מיליליטרים,700.00,"100 מ""ל",false,,11.90,0.0170,true,1,48303
7290108357714,false,שמפו כיף רימונים ושמ,סנו,IL,שמפו כיף רימונים ושמ,מיליליטרים,700.00,"100 מ""ל",false,,11.90,0.0170,true,1,48304
7290108357745,false,שמפו+מרכך כיף תאנה ו,סנו,IL,שמפו+מרכך כיף תאנה ו,מיליליטרים,700.00,"100 מ""ל",false,,11.90,0.0170,true,1,48309
7290108357769,false,מרכך כיף תפוח זרעי צ,סנו,IL,מרכך כיף תפוח זרעי צ,מיליליטרים,700.00,"100 מ""ל",false,,11.90,0.0170,true,1,48305
7290108357851,false,כיף ג'ל רחצה ELIXIR,קוסמופארם,IL,כיף,מיליליטרים,700.00,"100 מ""ל",false,,10.90,0.0156,true,1,61918
7290108357868,false,כיף ג'ל רחצה ELIXIR,קוסמופארם,IL,כיף,מיליליטרים,700.00,"100 מ""ל",false,,10.90,0.0156,true,1,61919
7290108357875,false,שמפו לחות מוגברת עם,סנו,IL,שמפו לחות מוגברת עם,מיליליטרים,700.00,"100 מ""ל",false,,11.90,0.0170,true,1,62599
7290108357882,false,מרכך לחות מוגברת עם,סנו,IL,מרכך לחות מוגברת עם,מיליליטרים,700.00,"100 מ""ל",false,,11.90,0.0170,true,1,62600
7290108359060,false,כריות ניקוי לשבת סנו,סנו,IL,כריות ניקוי לשבת סנו,יח',4.00,יח',false,,10.90,2.7250,true,1,60615
7290108359077,false,ממחטות אף 3 שכבות בת,סנו,IL,ממחטות אף 3 שכבות בת,יח',120.00,יח',false,,12.90,0.1075,true,1,61920
7290108359091,false,כיסוי ניילון עם גומי,סנו,IL,כיסוי ניילון עם גומי,יח',30.00,יח',false,,9.90,0.3300,true,1,66177
7290108359114,false,חמגשית אלומיניום עם,סנו,IL,חמגשית אלומיניום עם,יח',10.00,יח',false,,10.90,1.0900,true,1,62297
7290108359169,false,תבניות אלומיניום עגו,סנו,IL,תבניות אלומיניום עגו,יח',6.00,יח',false,,10.90,1.8167,true,1,66179
7290108359824,false,קרם גוף בייבי כיף 50,קוסמופארם,IL,כיף,מיליליטרים,500.00,"100 מ""ל",false,,19.90,0.0398,true,1,47481
7290108359893,false,תחליב רחצה בייבי כיף,קוסמופארם,IL,כיף,מיליליטרים,750.00,"100 מ""ל",false,,14.90,0.0199,true,1,47485
7290108359985,false,זאוול קצף ניקוי בתוס,סנו,IL,סנו ז'אוול,ליטרים,1.00,ליטר,false,,17.90,17.9000,true,1,61926
7290108500677,false,*מבצע* כבד דג שיבוט,lcan Ehf,IS,וילי פוד,גרמים,115.00,100 גרם,false,,7.90,0.0687,true,1,11294
7290108501346,false,גבינת גאודה מגורדת 2,אמרלנד,DE,סיי צייז,גרמים,500.00,100 גרם,false,,24.90,0.0498,true,1,27980
7290108501827,false,שערות קדאיף 450 גרם,הלניק,TW,יאניס,גרמים,450.00,100 גרם,false,,19.90,0.0442,true,1,54370
7290108502329,false,רביעית נתחי טונה בשמ,גולדן פרייז,TH,רביעית נתחי טונה בשמ,גרמים,640.00,100 גרם,false,,27.90,0.0436,true,1,46579
7290108502725,false,גבינת גאודה פרוסות 4,אמרלנד,DE,גבינת גאודה פרוסות 4,גרמים,400.00,100 גרם,false,,19.90,0.0497,true,1,46608
7290108502763,false,גבינת קממבר 200 גרם,פטוראז',FR,גבינת קממבר 200 גרם,גרמים,200.00,100 גרם,false,,19.90,0.0995,true,1,46599
7290108502862,false,*מבצע* מלפפונים במלח,אורהנזי,TR,*מבצע* מלפפונים במלח,גרמים,600.00,100 גרם,false,,8.90,0.0148,true,1,48267
7290108503043,false,מארז תפוחונים 88 גרם,ינטאי,CN,תפוחונים,גרמים,88.00,100 גרם,false,,14.90,0.1693,true,1,47805
7290108503067,false,*מבצע* פרמג'נו משולש,זאנטי,IT,וילי פוד,גרמים,150.00,100 גרם,false,,13.90,0.0927,true,1,48014
7290108503159,false,גבינה כחולה עם עובש,אל פסטור,ES,EURO CHEESE,גרמים,100.00,100 גרם,false,,9.90,0.0990,true,1,47556
7290108505191,false,יוגורט עם פצפוצי שוק,MEVGAL,GR,יורו,גרמים,150.00,100 גרם,false,,5.90,0.0393,true,1,53953
7290108505719,false,מוצרלה מגורדת 25% שו,איווק,TR,יורו,גרמים,200.00,100 גרם,false,,15.90,0.0795,true,1,55465
7290108505740,false,*מבצע* קשקבל חצי קשה,איווק,TR,יורו,גרמים,200.00,100 גרם,false,,12.90,0.0645,true,1,55468
7290108506488,false,*מבצע* סופלה שוקולד,ארמה גרופ,TR,פינוקים,גרמים,200.00,100 גרם,false,,8.90,0.0445,true,1,54536
7290108506495,false,*מבצע* כנאפה קפוא,ארמה גרופ,TR,פינוקים,גרמים,192.50,100 גרם,false,,9.90,0.0514,true,1,54371
7290108506518,false,אצבעות בצק פילו ממול,סיהאן גידה,TR,אצבעות בצק פילו ממול,גרמים,500.00,100 גרם,false,,15.90,0.0318,true,1,61697
7290108506969,false,מאפה בורקס מים תורכי,גידה,TR,EURO,גרמים,300.00,100 גרם,false,,14.90,0.0497,true,1,55908
7290108507010,false,מאפה בורקס מים תורכי,גידה,TR,EURO,גרמים,300.00,100 גרם,false,,14.90,0.0497,true,1,55909
7290108507058,false,ביסקוויט פריך בשוקול,מודרן צ'יקולטה,TR,ביסקוויט פריך בשוקול,גרמים,100.00,100 גרם,false,,6.90,0.0690,true,1,61540
7290108507188,false,*מבצע* כנאפה אריזה מ,גידה,TR,כנאפה אריזה משפחתית,גרמים,657.50,100 גרם,false,,19.90,0.0303,true,1,56654
7290108507645,false,ביסקוויט פריך בשוקול,מודרן צ'יקולטה,TR,ביסקוויט פריך בשוקול,גרמים,100.00,100 גרם,false,,6.90,0.0690,true,1,61541
7290108507652,false,ביסקוויט פריך בשוקול,מודרן צ'יקולטה,TR,ביסקוויט פריך בשוקול,גרמים,100.00,100 גרם,false,,6.90,0.0690,true,1,61542
7290108508031,false,אננס שלם 830 גרם,נטריישן,TH,אננס שלם 830 גרם,גרמים,830.00,100 גרם,false,,10.90,0.0131,true,1,66974
7290108508499,false,איירן משקה יוגורט בג,אקר,TR,איירן משקה יוגורט בג,מיליליטרים,293.00,"100 מ""ל",false,,4.90,0.0167,true,1,58770
7290108508888,false,ביסקוויט פתי בר 500,מודרן צ'יקולטה,TR,ביסקוויט פתי בר 500,גרמים,500.00,100 גרם,false,,5.90,0.0118,true,1,64926
7290108509052,false,מאפה פילו ממולא גבינ,הלניק,GR,מאפה פילו ממולא גבינ,גרמים,400.00,100 גרם,false,,19.90,0.0497,true,1,59252
7290108509090,false,גבינה מותכת משולשים,סוטאש,TR,יורו,גרמים,200.00,100 גרם,false,,14.90,0.0745,true,1,59516
7290108509106,false,*מבצע* גבינה בולגרית,סוטאש,TR,יורו,גרמים,200.00,100 גרם,false,,9.90,0.0495,true,1,59517
7290108509113,false,*מבצע* גבינה בולגרית,סוטאש,TR,יורו,גרמים,250.00,100 גרם,false,,9.90,0.0396,true,1,59518
7290108509182,false,גבינת פטה 17% שומן 2,סוטאש,TR,יורו,גרמים,250.00,100 גרם,false,,12.90,0.0516,true,1,59521
7290108509199,false,*מבצע* גבינת פטה 17%,גידה,TR,יורו,גרמים,500.00,100 גרם,false,,19.90,0.0398,true,1,59522
7290108509212,false,חטיפבייבי בטעם ירקות,נמצ'או,TH,חטיפבייבי בטעם ירקות,גרמים,50.00,100 גרם,false,,11.90,0.2380,true,1,61316
7290108509397,false,עלי בצק פילו 360 גרם,ארמה גרופ,TR,וילי פוד,גרמים,360.00,100 גרם,false,,9.90,0.0275,true,1,59345
7290108509700,false,"אורז פרסי דוואט 1 ק""",וילי פוד,IL,"אורז פרסי דוואט 1 ק""",קילוגרמים,1.00,"ק""ג",false,,9.90,9.9000,true,1,59968
7290108509786,false,חמאת בוטנים ללא תוספ,סופר נוטרי פודס,IN,חמאת בוטנים ללא תוספ,גרמים,340.00,100 גרם,false,,7.90,0.0232,true,1,61973
7290108509793,false,*מבצע* גליליות וופל,בן& אר.פי.סי,GR,פינוקים,גרמים,400.00,100 גרם,false,,9.90,0.0248,true,1,61962
7290108509816,false,גבינת בייבי מוצרלה 2,ארן גידה,TR,גבינת בייבי מוצרלה 2,גרמים,200.00,100 גרם,false,,15.90,0.0795,true,1,59828
7290108509908,false,מנת השף אטריות להכנה,נמצ'או,TH,מנת השף אטריות להכנה,גרמים,85.00,100 גרם,false,,3.90,0.0459,true,1,61561
7290108509915,false,מנת השף אטריות להכנה,נמצ'או,TH,מנת השף אטריות להכנה,גרמים,85.00,100 גרם,false,,3.90,0.0459,true,1,61562
7290108509922,false,מנת השף אטריות להכנה,נמצ'או,TH,מנת השף אטריות להכנה,גרמים,85.00,100 גרם,false,,3.90,0.0459,true,1,61563
7290108509946,false,טורטייה 250 גרם,גידה,TR,טורטייה 250 גרם,גרמים,250.00,100 גרם,false,,4.90,0.0196,true,1,60981
7290109351025,false,חומוסטחינה 400 גרם,צבר,IL,צבר,גרמים,400.00,100 גרם,false,,13.90,0.0348,true,1,5335
7290109351957,false,פיטנס פריכיות גדולות,הרבטו בלגיה,IL,פיטנס,גרמים,100.00,100 גרם,false,,8.50,0.0850,true,1,5353
7290109351971,false,פיטנס בר פריכיות שוק,,,פיטנס בר פריכיות שוק,גרמים,84.00,100 גרם,false,,12.90,0.1536,true,1,5354
7290109352916,false,פיטנס בר פריכיות שוק,,,פיטנס בר פריכיות שוק,גרמים,84.00,100 גרם,false,,12.90,0.1536,true,1,5366
7290109354101,false,לחמית ללא גלוטן 200,אסם,IL,לחמית,גרמים,200.00,100 גרם,false,,9.90,0.0495,true,1,5390
7290109354972,false,פתי בר ללא גלוטן 200,אסם,IL,אסם,גרמים,200.00,100 גרם,false,,9.90,0.0495,true,1,5400
7290109354996,false,פתי בר ללא גלוטן שוק,אסם,IL,אסם,גרמים,200.00,100 גרם,false,,9.90,0.0495,true,1,5401
7290109358482,false,קרמוגית במילוי חלבה,אסם,IL,אסם,גרמים,200.00,100 גרם,false,,10.90,0.0545,true,1,48415
7290109358765,false,קראנץ' רולס 450 גרם,אסם,IL,CRUNCH,גרמים,450.00,100 גרם,false,,19.90,0.0442,true,1,5435
7290109580043,false,"שניצל תירס 1.75 ק""ג",זוגלובק,IL,זוגלובק,קילוגרמים,1.75,"ק""ג",false,,49.90,28.5143,true,1,56923
7290109580050,false,נקניקיות צ'וריסוס וו,זוגלובק,IL,נקניקיות צ'וריסוס וו,גרמים,226.00,100 גרם,false,,27.90,0.1235,true,1,58758
7290109580067,false,טחון וונדרס 340 גרם,זוגלובק,IL,טחון וונדרס 340 גרם,גרמים,340.00,100 גרם,false,,27.90,0.0821,true,1,58759
7290109580104,false,רוסטביף 150 גרם,זוגלובק,IL,זוגלובק,גרמים,150.00,100 גרם,false,,22.90,0.1527,true,1,58500
7290109580111,false,צלעות אסאדו מעושנות,זוגלובק,IL,זוגלובק,גרמים,120.00,100 גרם,false,,22.90,0.1908,true,1,62075
7290109580135,false,קורדנדביף 180 גרם זו,זוגלובק,IL,זוגלובק,גרמים,180.00,100 גרם,false,,22.90,0.1272,true,1,58502
7290109580166,false,סרוולד קלאסי 150 גרם,זוגלובק,IL,זוגלובק,גרמים,150.00,100 גרם,false,,22.90,0.1527,true,1,58504
7290109580319,false,בורגר וונדרס 280 גרם,זוגלובק,IL,בורגר וונדרס 280 גרם,גרמים,280.00,100 גרם,false,,27.90,0.0996,true,1,62151
7290109920313,false,אסטוניש מרסס מבריק ש,אסטוניש,GB,אסטוניש,מיליליטרים,750.00,"100 מ""ל",false,,11.90,0.0159,true,1,29312
7290109920627,false,אסטוניש קרם לניקוי ה,אסטוניש,GB,אסטוניש,מיליליטרים,500.00,"100 מ""ל",false,,10.90,0.0218,true,1,30237
7290109920665,false,אסטוניש מרסס להסרת א,אסטוניש,GB,אסטוניש,מיליליטרים,750.00,"100 מ""ל",false,,11.90,0.0159,true,1,29317
7290109921372,false,אסטוניש משחה לניקוי,,,אסטוניש משחה לניקוי,מיליליטרים,250.00,"100 מ""ל",false,,17.90,0.0716,true,1,50311
7290109921853,false,אסטוניש משחת פרימיום,אסטוניש,GB,יעקבי,גרמים,150.00,100 גרם,false,,17.90,0.1193,true,1,58309
7290109923031,false,*מבצע* אסטוניש מרסס,אסטוניש,GB,*מבצע* אסטוניש מרסס,מיליליטרים,750.00,"100 מ""ל",false,,13.90,0.0185,true,1,62633
7290109923048,false,*מבצע* אסטוניש מרסס,אסטוניש,GB,*מבצע* אסטוניש מרסס,מיליליטרים,750.00,"100 מ""ל",false,,13.90,0.0185,true,1,62634
7290110058814,false,שלישיית ביצי שוקולד,זאיני,IT,דיסני,יח',3.00,יח',false,,12.90,4.3000,true,1,49083
7290110058821,false,שלישיית ביצי שוקולד,זאיני,IT,דיסני,יח',3.00,יח',false,,12.90,4.3000,true,1,29944
7290110110277,false,*מבצע* סיידר סומרסבי,"מב""י",IL,סומרסבי,מיליליטרים,1320.00,"100 מ""ל",false,,24.90,0.0189,true,1,31629
7290110110369,false,*מבצע* קרלסברג שישיי,קרלסברג ישראל,IL,*מבצע* קרלסברג שישיי,ליטרים,1.98,ליטר,false,,34.90,17.6263,true,1,55897
7290110110659,false,פחית ספרייט ליים 330,,,פחית פאנטה,מיליליטרים,330.00,"100 מ""ל",false,,5.00,0.0152,true,1,30874
7290110113261,false,מיץ חמוציות אושן ספר,פריגת,IL,אושן ספריי,ליטרים,1.00,ליטר,false,,11.90,11.9000,true,1,61238
7290110114787,false,נביעות+ תפוח 1.5 ליט,,IL,נביעות+ תפוח 1.5 ליט,ליטרים,1.50,ליטר,false,,8.50,5.6667,true,1,61272
7290110114794,false,נביעות+ אפרסק 1.5 לי,,IL,נביעות+ אפרסק 1.5 לי,ליטרים,1.50,ליטר,false,,8.50,5.6667,true,1,61273
7290110114800,false,נביעות+ ענבים 1.5 לי,,IL,נביעות+ ענבים 1.5 לי,ליטרים,1.50,ליטר,false,,8.50,5.6667,true,1,61274
7290110114855,false,*מבצע* נביעות שישייה,,IL,*מבצע* נביעות שישייה,ליטרים,9.00,ליטר,false,,12.90,1.4333,true,1,61279
7290110114954,false,פריגת 100% תפוזים מת,"גת,גבעת חיים",IL,פריגת,ליטרים,2.00,ליטר,false,,22.90,11.4500,true,1,61072
7290110114961,false,פריגת תפוזים 1.5 ליט,פריגת,IL,פריגת,ליטרים,1.50,ליטר,false,,9.00,6.0000,true,1,61280
7290110114985,false,פריגת אשכולית 1.5 לי,פריגת,IL,פריגת,ליטרים,1.50,ליטר,false,,9.00,6.0000,true,1,61282
7290110114992,false,פריגת לייט אשכוליות,פריגת,IL,פריגת,ליטרים,1.50,ליטר,false,,8.50,5.6667,true,1,61283
7290110115005,false,פריגת ענבים 1.5 ליטר,פריגת,IL,פריגת,ליטרים,1.50,ליטר,false,,9.00,6.0000,true,1,61284
7290110115036,false,פריגת מנגו 1.5 ליטר,פריגת,IL,פריגת,ליטרים,1.50,ליטר,false,,9.00,6.0000,true,1,61287
7290110115043,false,פריגת לימונענע 1.5 ל,פריגת,IL,פריגת,ליטרים,1.50,ליטר,false,,9.00,6.0000,true,1,61288
7290110115050,false,פריגת מיקס תות בננה,פריגת,IL,פריגת,ליטרים,1.50,ליטר,false,,9.00,6.0000,true,1,61289
7290110115081,false,פריגת צלול ענבים 1.5,פריגת,IL,פריגת צלול ענבים 1.5,ליטרים,1.50,ליטר,false,,8.50,5.6667,true,1,61292
7290110115128,false,פריגת צלול לימונענע,פריגת,IL,פריגת צלול לימונענע,ליטרים,1.50,ליטר,false,,8.50,5.6667,true,1,61296
7290110115203,false,קוקה קולה 1.5 ליטר,,IL,קוקה קולה 1.5 ליטר,ליטרים,1.50,ליטר,false,,8.90,5.9333,true,1,61306
7290110115210,false,קוקה קולה דיאט 1.5 ל,קוקה קולה,IL,DIET COKE,ליטרים,1.50,ליטר,false,,8.30,5.5333,true,1,61307
7290110115227,false,קוקה קולה זירו 1.5 ל,קוקה קולה,IL,DIET COKE,ליטרים,1.50,ליטר,false,,8.50,5.6667,true,1,61308
7290110115234,false,קוקה קולה זירו נטול,קוקה קולה,IL,קוקה קולה זירו נטול,ליטרים,1.50,ליטר,false,,8.30,5.5333,true,1,61311
7290110115241,false,קוקה קולה זירו לימון,קוקה קולה,IL,DIET COKE,ליטרים,1.50,ליטר,false,,8.30,5.5333,true,1,61309
7290110115265,false,ספרייט 1.5 ליטר,קוקה קולה,IL,ספרייט,ליטרים,1.50,ליטר,false,,9.00,6.0000,true,1,61318
7290110115272,false,ספרייט זירו 1.5 ליטר,קוקה קולה,IL,ספרייט,ליטרים,1.50,ליטר,false,,8.50,5.6667,true,1,61319
7290110115289,false,ספרייט 19 קל' לימון,קוקה קולה,IL,ספרייט,ליטרים,1.50,ליטר,false,,8.50,5.6667,true,1,61320
7290110115296,false,פאנטה אורנג' 1.5 ליט,קוקה קולה,IL,פאנטה,ליטרים,1.50,ליטר,false,,8.80,5.8667,true,1,61324
7290110115357,false,סודה 1.5 ליטר,קוקה קולה,IL,סודה 1.5 ליטר,ליטרים,1.50,ליטר,false,,3.80,2.5333,true,1,61869
7290110115364,false,קוקה קולה שישייה 1.5,קוקה קולה,IL,קוקה קולה שישייה 1.5,ליטרים,9.00,ליטר,false,,49.70,5.5222,true,1,61312
7290110115371,false,דיאט קוקה קולה שישיי,קוקה קולה,IL,דיאט קוקה קולה שישיי,ליטרים,9.00,ליטר,false,,46.70,5.1889,true,1,61313
7290110115395,false,*מבצע* ספרייט זירו ש,קוקה קולה,IL,ספרייט,ליטרים,9.00,ליטר,false,,42.90,4.7667,true,1,61322
7290110115401,false,סודה קינלי שישייה 1.,קוקה קולה,IL,קינלי סודה,ליטרים,9.00,ליטר,false,,14.70,1.6333,true,1,61323
7290110115418,false,קוקה קולה זירו שישיי,קוקה קולה,IL,קוקה קולה זירו שישיי,ליטרים,9.00,ליטר,false,,46.70,5.1889,true,1,61314
7290110115425,false,פיוזטי לימון נענע גר,קוקה קולה,IL,פיוזטי,ליטרים,1.50,ליטר,false,,8.90,5.9333,true,1,61331
7290110115463,false,פיוזטי אפרסק 1.5 ליט,קוקה קולה,IL,פיוזטי,ליטרים,1.50,ליטר,false,,9.50,6.3333,true,1,61335
7290110115494,false,פיוזטי ענבים 1.5 ליט,קוקה קולה,IL,פיוזטי,ליטרים,1.50,ליטר,false,,9.50,6.3333,true,1,61338
7290110115593,false,פריגת אשכוליות 19 קל,פריגת,IL,פריגת אשכוליות 19 קל,ליטרים,1.50,ליטר,false,,8.50,5.6667,true,1,61297
7290110115616,false,פיוז-טי זירו גרין אנ,FUZE TEA,IL,FUZE TEA,ליטרים,1.50,ליטר,false,,8.90,5.9333,true,1,61462
7290110115623,false,פיוז-טי זירו אפרסק,FUZE TEA,IL,FUZE TEA,ליטרים,1.50,ליטר,false,,8.90,5.9333,true,1,61463
7290110115661,false,פיוזטי זירו אפרסק 50,FUZE TEA,IL,FUZE TEA,מיליליטרים,500.00,"100 מ""ל",false,,6.00,0.0120,true,1,67932
7290110116132,false,סירופ בטעם לימון 750,סירופ - גבעת חיים,IL,סירופ בטעם לימון 750,מיליליטרים,750.00,"100 מ""ל",false,,23.90,0.0319,true,1,65998
7290110116149,false,סירופ בטעם ענבים 750,סירופ - גבעת חיים,IL,סירופ בטעם ענבים 750,מיליליטרים,750.00,"100 מ""ל",false,,23.90,0.0319,true,1,65999
7290110116316,false,קוקה קולה שישייה 1.5,החברה המרכזית קולה,,קוקה קולה שישייה 1.5,מיליליטרים,9000.00,"100 מ""ל",false,,49.70,0.0055,true,1,62781
7290110116323,false,קוקה קולה זירו שישיי,החברה המרכזית קולה,,קוקה קולה זירו שישיי,מיליליטרים,9000.00,"100 מ""ל",false,,46.70,0.0052,true,1,62782
7290110116392,false,סירופ בטעם תפוזים 75,סירופ - גבעת חיים,IL,סירופ בטעם תפוזים 75,מיליליטרים,750.00,"100 מ""ל",false,,23.90,0.0319,true,1,66000
7290110116552,false,ספרייט למון היט 1.5,קוקה קולה,IL,ספרייט,ליטרים,1.50,ליטר,false,,9.00,6.0000,true,1,67629
7290110116569,false,ספרייט למון היט 1.5,קוקה קולה,IL,ספרייט,ליטרים,1.50,ליטר,false,,8.50,5.6667,true,1,67630
7290110320591,false,*מבצע* בולגרית פיראו,תנובה,IL,פיראוס,גרמים,250.00,100 גרם,false,,18.90,0.0756,true,1,19405
7290110320850,false,פתיתי עמק 28% שומן,תנובה,IL,עמק,גרמים,200.00,100 גרם,false,,15.20,0.0760,true,1,19417
7290110320867,false,פתיתי עמק 28% שומן,תנובה,IL,עמק,גרמים,500.00,100 גרם,false,,30.90,0.0618,true,1,19418
7290110321031,false,יופלה GO יוגורט מועש,תנובה,IL,תנובה,גרמים,200.00,100 גרם,false,,5.50,0.0275,true,1,28083
7290110321277,false,קוטג' בקטנה 100 גרם,תנובה,IL,תנובה,גרמים,100.00,100 גרם,false,,2.60,0.0260,true,1,29339
7290110321284,false,קוטג' בקטנה 100 גרם,תנובה,IL,תנובה,גרמים,100.00,100 גרם,false,,2.60,0.0260,true,1,29340
7290110321604,false,פיראוס בולגרית קוביו,תנובה,IL,פיראוס,גרמים,200.00,100 גרם,false,,19.90,0.0995,true,1,32143
7290110321680,false,יופלה GO יוגורט מועש,תנובה,IL,יופלה GO יוגורט מועש,גרמים,200.00,100 גרם,false,,5.70,0.0285,true,1,30112
7290110321697,false,יופלה GO יוגורט מועש,תנובה,IL,יופלה GO יוגורט מועש,גרמים,200.00,100 גרם,false,,5.70,0.0285,true,1,30113
7290110321703,false,יופלה גו פירות יער,תנובה,IL,יופלה גו פירות יער,גרמים,200.00,100 גרם,false,,5.70,0.0285,true,1,31525
7290110322014,false,טופו טבעי 300 גרם,תנובה,,טופו טבעי 300 גרם,גרמים,300.00,100 גרם,false,,12.50,0.0417,true,1,31527
7290110322021,false,טופו בזיליקום 300 גר,תנובה,,טופו בזיליקום 300 גר,גרמים,300.00,100 גרם,false,,12.50,0.0417,true,1,31528
7290110322038,false,טופו פיקנטי 300 גרם,תנובה,,טופו פיקנטי 300 גרם,גרמים,300.00,100 גרם,false,,12.50,0.0417,true,1,31529
7290110323585,false,יופלה GO יוגורט לייט,תנובה,IL,יופלה GO יוגורט לייט,גרמים,200.00,100 גרם,false,,5.70,0.0285,true,1,47708
7290110323714,false,משקה קוקוס שקדים 1לי,תנובה,IL,משקה קוקוס שקדים 1לי,ליטרים,1.00,ליטר,false,,11.90,11.9000,true,1,48281
7290110324353,false,יופלה GO לייט אננס,תנובה,IL,יופלה GO לייט אננס,גרמים,200.00,100 גרם,false,,5.70,0.0285,true,1,49965
7290110324551,false,*מבצע* יופלה טיוב יו,תנובה,IL,יופלה,גרמים,348.00,100 גרם,false,,9.90,0.0284,true,1,49478
7290110324711,false,ממרח סויה בטעם טבעי,תנובה,IL,תנובה,גרמים,250.00,100 גרם,false,,8.90,0.0356,true,1,50457
7290110324858,false,מעדן שקדים בטעם אגוז,תנובה,IL,תנובה,גרמים,125.00,100 גרם,false,,4.20,0.0336,true,1,52341
7290110324872,false,גבינת גלבוע 5% 200 ג,תנובה,IL,גלבוע,גרמים,200.00,100 גרם,false,,17.90,0.0895,true,1,52795
7290110324926,false,משקה סויה ללא תוספת,תנובה,IL,תנובה,ליטרים,1.00,ליטר,false,,10.90,10.9000,true,1,52057
7290110325084,false,מאגדת שמינייה מיני ק,תנובה,IL,תנובה,גרמים,800.00,100 גרם,false,,14.90,0.0186,true,1,51249
7290110325114,false,משקה יוגורט יופלה GO,תנובה,IL,תנובה,גרמים,250.00,100 גרם,false,,6.30,0.0252,true,1,51252
7290110325169,false,פרוסות גאודה 170 גר',תנובה,IL,תנובה,גרמים,170.00,100 גרם,false,,18.90,0.1112,true,1,54107
7290110325305,false,מעדן סויה GO 20 גרם,תנובה,IL,מעדן סויה GO 20 גרם,גרמים,200.00,100 גרם,false,,5.70,0.0285,true,1,52344
7290110325312,false,מעדן סויה GO 20 גרם,תנובה,IL,מעדן סויה GO 20 גרם,גרמים,200.00,100 גרם,false,,5.70,0.0285,true,1,52345
7290110325510,false,*מבצע* יופלה טיוב ונ,תנובה,IL,יופלה,גרמים,348.00,100 גרם,false,,9.90,0.0284,true,1,52698
7290110325619,false,משקה שיבולת שועל 1 ל,תנובה,IL,משקה שיבולת שועל 1 ל,ליטרים,1.00,ליטר,false,,11.90,11.9000,true,1,53010
7290110325701,false,פיראוס ציזיקי יווני,תנובה,IL,פיראוס,גרמים,250.00,100 גרם,false,,12.90,0.0516,true,1,53331
7290110325893,false,תנובה גו אייס קפה 34,תנובה,IL,גו,מיליליטרים,340.00,"100 מ""ל",false,,7.90,0.0232,true,1,53015
7290110326210,false,יופלה און טופ פצפוצי,תנובה,IL,תנובה,גרמים,157.00,100 גרם,false,,4.90,0.0312,true,1,54109
7290110326227,false,יופלה און טופ קורנפל,תנובה,IL,תנובה,גרמים,157.00,100 גרם,false,,4.90,0.0312,true,1,54194
7290110326234,false,יופלה און טופ כוכבים,תנובה,IL,תנובה,גרמים,157.00,100 גרם,false,,4.90,0.0312,true,1,54195
7290110326241,false,יופלה און טופ גרנולה,תנובה,IL,תנובה,גרמים,157.00,100 גרם,false,,4.90,0.0312,true,1,54196
7290110326333,false,פרוסות גבינה סקנדינב,תנובה,IL,תנובה,גרמים,175.00,100 גרם,false,,18.90,0.1080,true,1,56892
7290110327033,false,משקה סויה גו במתיקות,תנובה,IL,משקה סויה גו במתיקות,ליטרים,1.00,ליטר,false,,12.90,12.9000,true,1,56433
7290110327514,false,משקה שיבולת שועל בטע,תנובה,IL,משקה שיבולת שועל בטע,ליטרים,1.00,ליטר,false,,11.90,11.9000,true,1,59875
7290110327545,false,יופלה און טופ בטעם ת,תנובה,IL,תנובה,גרמים,157.00,100 גרם,false,,4.90,0.0312,true,1,57454
7290110327798,false,חטיף חלבון GO בטעם ש,בלמונט קונפקציות,US,חטיף חלבון GO בטעם ש,גרמים,60.00,100 גרם,false,,11.90,0.1983,true,1,67125
7290110327804,false,חטיף חלבון GO בטעם ב,בלמונט קונפקציות,US,חטיף חלבון GO בטעם ב,גרמים,60.00,100 גרם,false,,11.90,0.1983,true,1,67126
7290110327811,false,חטיף חלבון GO בטעם ק,בלמונט קונפקציות,US,חטיף חלבון GO בטעם ק,גרמים,60.00,100 גרם,false,,11.90,0.1983,true,1,67127
7290110327828,false,חטיף חלבון GO בטעם ח,בלמונט קונפקציות,US,חטיף חלבון GO בטעם ח,גרמים,60.00,100 גרם,false,,11.90,0.1983,true,1,67128
7290110328092,false,פיראוס פטה יוונית קו,תנובה,IL,פיראוס פטה יוונית קו,גרמים,150.00,100 גרם,false,,17.90,0.1193,true,1,59401
7290110328474,false,פלח פרמג'יאנו רג'יאנ,תנובה,IL,פלח פרמג'יאנו רג'יאנ,גרמים,150.00,100 גרם,false,,26.90,0.1793,true,1,58791
7290110328504,false,טריו- מיקס מוצרלה סק,תנובה,IL,טריו- מיקס מוצרלה סק,גרמים,300.00,100 גרם,false,,25.90,0.0863,true,1,58762
7290110328610,false,משקה אורז ושקדים ברי,תנובה,IL,משקה אורז ושקדים ברי,ליטרים,1.00,ליטר,false,,12.70,12.7000,true,1,63823
7290110328627,false,יוגורט גו סמיך 0% בנ,תנובה,IL,יוגורט גו סמיך 0% בנ,גרמים,200.00,100 גרם,false,,5.90,0.0295,true,1,59397
7290110328764,false,יוגורט גו סמיך 0% תו,תנובה,IL,יוגורט גו סמיך 0% תו,גרמים,200.00,100 גרם,false,,5.90,0.0295,true,1,59398
7290110328788,false,יוגורט גו סמיך 0% אפ,תנובה,IL,יוגורט גו סמיך 0% אפ,גרמים,200.00,100 גרם,false,,5.90,0.0295,true,1,59400
7290110329136,false,מעדן חלב גו בטעם שוק,תנובה,IL,מעדן חלב גו בטעם שוק,גרמים,120.00,100 גרם,false,,4.80,0.0400,true,1,60710
7290110329143,false,מעדן חלב גו בטעם וני,תנובה,IL,מעדן חלב גו בטעם וני,גרמים,120.00,100 גרם,false,,4.90,0.0408,true,1,60711
7290110329266,false,יוגורט תנובה מחלב עי,תנובה,IL,יוגורט תנובה מחלב עי,גרמים,140.00,100 גרם,false,,5.90,0.0421,true,1,59872
7290110329273,false,יוגורט תנובה מחלב עי,תנובה,IL,יוגורט תנובה מחלב עי,גרמים,750.00,100 גרם,false,,19.90,0.0265,true,1,59876
7290110329686,false,משקה חלב גו בטעם עוג,תנובה,IL,גו,מיליליטרים,340.00,"100 מ""ל",false,,7.90,0.0232,true,1,60709
7290110329723,false,משקה קפה קר בטעם לאט,תנובה,IL,משקה קפה קר בטעם לאט,מיליליטרים,230.00,"100 מ""ל",false,,7.20,0.0313,true,1,62983
7290110329730,false,משקה חלב עם שוקולד ו,תנובה,IL,משקה חלב עם שוקולד ו,מיליליטרים,230.00,"100 מ""ל",false,,7.90,0.0343,true,1,62984
7290110329792,false,סויה BIO אפרסק גביע,תנובה,IL,סויה BIO אפרסק גביע,גרמים,150.00,100 גרם,false,,4.80,0.0320,true,1,61584
7290110329808,false,סויה BIO תות גביע אל,תנובה,IL,סויה BIO תות גביע אל,גרמים,150.00,100 גרם,false,,4.50,0.0300,true,1,61585
7290110329815,false,סויה BIO מתיקות מעוד,תנובה,IL,סויה BIO מתיקות מעוד,גרמים,150.00,100 גרם,false,,4.50,0.0300,true,1,61586
7290110329822,false,סויה BIO פירות יער ג,תנובה,IL,סויה BIO פירות יער ג,גרמים,150.00,100 גרם,false,,4.50,0.0300,true,1,61587
7290110550219,false,מטבעות שוקולד לבן לא,"פוליבה בע""מ",IL,מטבעות שוקולד לבן לא,גרמים,400.00,100 גרם,false,,29.90,0.0747,true,1,63264
7290110550226,false,מטבעות שוקולד מריר ל,"פוליבה בע""מ",IL,מטבעות שוקולד מריר ל,גרמים,400.00,100 גרם,false,,29.90,0.0747,true,1,63265
7290110550363,false,פריכיות משולשות קינו,שטראוס גרופ,IL,פריכיות משולשות קינו,גרמים,65.00,100 גרם,false,,9.90,0.1523,true,1,61992
7290110550370,false,פריכיות משולשות קינו,שטראוס גרופ,IL,פריכיות משולשות קינו,גרמים,65.00,100 גרם,false,,9.90,0.1523,true,1,66763
7290110551254,false,נשנושי תירס 600 גרם,"גילד אנטרפריזס בע""מ",IL,שטראוס,גרמים,600.00,100 גרם,false,,13.90,0.0232,true,1,67031
7290110552121,false,היוגורט הראשון שלי 1,שטראוס,IL,היוגורט הראשון שלי 1,גרמים,100.00,100 גרם,false,,2.50,0.0250,true,1,62741
7290110552220,false,דנונה פרו 20 גר ללא,שטראוס גרופ,IL,דנונה פרו,גרמים,200.00,100 גרם,false,,6.00,0.0300,true,1,61514
7290110552237,false,דנונה פרו 20 גר ללא,שטראוס גרופ,IL,דנונה פרו,גרמים,200.00,100 גרם,false,,6.00,0.0300,true,1,61515
7290110553029,false,פריכיות חלבון קייל ח,שטראוס גרופ,IL,פריכיות חלבון קייל ח,גרמים,60.00,100 גרם,false,,9.90,0.1650,true,1,61996
7290110553098,false,*מבצע* אנרג'י מיקס צ,וויטוורטס,GB,*מבצע* אנרג'י מיקס צ,גרמים,100.00,100 גרם,false,,12.90,0.1290,true,1,65722
7290110553104,false,קפוצ'ינו סטיק קלאסי,שטראוס,IL,קפוצ'ינו סטיק קלאסי,גרמים,130.00,100 גרם,false,,16.90,0.1300,true,1,67761
7290110553173,false,פריכיות אנרג'י בטעם,סנו רייס,BE,פריכיות אנרג'י בטעם,גרמים,40.00,100 גרם,false,,5.90,0.1475,true,1,66769
7290110553180,false,פריכיות אנרג'י בטעם,סנו רייס,BE,פריכיות אנרג'י בטעם,גרמים,40.00,100 גרם,false,,5.90,0.1475,true,1,66770
7290110553623,false,ציטוס קראנץ צ'דר חלפ,שטראוס פריטו ליי (מל,IL,עלית,גרמים,80.00,100 גרם,false,,4.50,0.0563,true,1,64128
7290110554125,false,*מבצע* דלישס נודלס ס,ניר עציון,IL,*מבצע* דלישס נודלס ס,גרמים,350.00,100 גרם,false,,21.90,0.0626,true,1,61042
7290110554422,false,רוטב עגבניות ופלפלים,אמיליאנה קונסרב,IT,יד מרדכי,גרמים,350.00,100 גרם,false,,11.90,0.0340,true,1,61998
7290110554583,false,מארז ציטוס פאפס 20*1,שטראוס פריטו ליי (מל,IL,עלית,גרמים,200.00,100 גרם,false,,12.90,0.0645,true,1,61589
7290110554729,false,קפסולות למכונה 4,שטראוס גרופ,IL,עלית,גרמים,50.00,100 גרם,false,,16.90,0.3380,true,1,62273
7290110555009,false,פסאטה זוג 2*350 גרם,אמיליאנה,IT,פסאטה זוג 2*350 גרם,גרמים,700.00,100 גרם,false,,11.90,0.0170,true,1,64816
7290110555078,false,*מבצע* לאבנה עם שמן,בר בכפר,IL,*מבצע* לאבנה עם שמן,גרמים,250.00,100 גרם,false,,9.90,0.0396,true,1,62742
7290110555092,false,*מבצע* לאבנה עם שמן,בר בכפר,IL,*מבצע* לאבנה עם שמן,גרמים,250.00,100 גרם,false,,9.90,0.0396,true,1,62743
7290110555603,false,שוקולוטה ספלנדיד 220,גיאלוסיס,GR,שוקולוטה ספלנדיד 220,גרמים,220.00,100 גרם,false,,21.90,0.0995,true,1,67766
7290110556242,false,שוקולד מריר פרווה בד,שטראוס גרופ,IL,עלית,גרמים,100.00,100 גרם,false,,5.50,0.0550,true,1,65727
7290110557102,false,מעדן חלב עם שוקולד מ,שטראוס,IL,מעדן חלב עם שוקולד מ,גרמים,150.00,100 גרם,false,,5.20,0.0347,true,1,60316
7290110557133,false,מעדן הגולן וניל,שטראוס,IL,מעדן הגולן וניל,גרמים,125.00,100 גרם,false,,2.90,0.0232,true,1,60793
7290110557317,false,היוגורט הראשון שלי ש,שטראוס,IL,היוגורט הראשון שלי ש,גרמים,100.00,100 גרם,false,,2.50,0.0250,true,1,62744
7290110557645,false,*מבצע* אנרג'י מיקס צ,וויטוורטס,GB,*מבצע* אנרג'י מיקס צ,גרמים,100.00,100 גרם,false,,12.90,0.1290,true,1,65723
7290110557720,false,קופון 30% הנחה על מש,,,קופון 30% הנחה על מש,יח',1.00,יח',false,,0.01,0.0100,true,1,62650
7290110558130,false,אקטיביה עם שבולת שוע,שטראוס,IL,אקטיביה,גרמים,150.00,100 גרם,false,,4.60,0.0307,true,1,63956
7290110558154,false,דנונה לייט אנד פרי ע,שטראוס גרופ,IL,דנונה,גרמים,150.00,100 גרם,false,,4.50,0.0300,true,1,65615
7290110558222,false,בנופי wow,שטראוס גרופ,IL,דנונה פרו,גרמים,150.00,100 גרם,false,,4.70,0.0313,true,1,65606
7290110558239,false,קראק פאי WOW,שטראוס גרופ,IL,דנונה פרו,גרמים,150.00,100 גרם,false,,4.70,0.0313,true,1,65607
7290110558253,false,דנונה ריפרש בננה אננ,שטראוס,IL,דנונה ריפרש בננה אננ,גרמים,250.00,100 גרם,false,,5.50,0.0220,true,1,63869
7290110558284,false,דנונה ביו מולטי 200,שטראוס,IL,דנונה ביו מולטי 200,גרמים,200.00,100 גרם,false,,4.20,0.0210,true,1,64909
7290110558307,false,דנונה פרו 20 גרם עם,שטראוס,,דנונה פרו 20 גרם עם,גרמים,200.00,100 גרם,false,,6.50,0.0325,true,1,62746
7290110558314,false,דנונה פרו ללא סוכר פ,שטראוס גרופ,IL,דנונה פרו,גרמים,200.00,100 גרם,false,,6.00,0.0300,true,1,65616
7290110558338,false,דנונה פרו 25 גרם חלב,שטראוס,,דנונה פרו 25 גרם חלב,גרמים,200.00,100 גרם,false,,6.00,0.0300,true,1,62747
7290110558666,false,דניאלה בטעם תפוח,שטראוס גרופ,IL,שטראוס,מיליליטרים,150.00,"100 מ""ל",false,,4.10,0.0273,true,1,67455
7290110558918,true,עלי חסה קראנצ שטופים,שטראוס בריאות ירקות,IL,עלי חסה קראנצ שטופים,גרמים,150.00,100 גרם,false,,10.50,0.0700,true,1,65636
7290110559007,false,שעועית חומה ט. הטבע,קונסרב איטליה,IT,טעם הטבע,גרמים,380.00,100 גרם,false,,6.90,0.0182,true,1,65731
7290110559014,false,שעועית שחורה ט. הטבע,קונסרב איטליה,IT,טעם הטבע,גרמים,380.00,100 גרם,false,,6.90,0.0182,true,1,65732
7290110559748,false,*מבצע* מאגדת אנרגי ש,ואמואליס פודס,GR,*מבצע* מאגדת אנרגי ש,100 1,105.00,100 1,false,,12.90,0.1229,true,1,64447
7290110559755,false,*מבצע* מאגדת אנרגי ב,ואמואליס פודס,GR,*מבצע* מאגדת אנרגי ב,100 1,105.00,100 1,false,,12.90,0.1229,true,1,64448
7290110559762,false,*מבצע* מאגדת אנרגי ר,ואמואליס פודס,GR,*מבצע* מאגדת אנרגי ר,100 1,105.00,100 1,false,,12.90,0.1229,true,1,64449
7290110559939,false,*מבצע* דלישס נתחי סו,ניר עציון,IL,*מבצע* דלישס נתחי סו,גרמים,350.00,100 גרם,false,,21.90,0.0626,true,1,63186
7290110560300,false,פריכיות משולשות פלפל,,,פריכיות משולשות פלפל,גרמים,30.00,100 גרם,false,,5.50,0.1833,true,1,47935
7290110560317,false,פריכיות משולשות מלח,,,פריכיות משולשות מלח,גרמים,30.00,100 גרם,false,,5.50,0.1833,true,1,47936
7290110560324,false,פריכיות משולשות אפונ,,,פריכיות משולשות אפונ,גרמים,30.00,100 גרם,false,,5.50,0.1833,true,1,47937
7290110561352,false,דנונה דל לקטוז 200 ג,שטראוס גרופ,IL,שטראוס,גרמים,200.00,100 גרם,false,,3.50,0.0175,true,1,31608
7290110561604,false,שמיניית גמדים תות בנ,שטראוס גרופ,IL,שטראוס,גרמים,800.00,100 גרם,false,,18.90,0.0236,true,1,30284
7290110563431,false,משקה קפה קר בסגנון ק,אנסטל מילק,AT,משקה קפה קר בסגנון ק,מיליליטרים,230.00,"100 מ""ל",false,,7.90,0.0343,true,1,48653
7290110563448,false,משקה קפה קר בסגנון מ,אנסטל מילק,AT,משקה קפה קר בסגנון מ,מיליליטרים,230.00,"100 מ""ל",false,,7.90,0.0343,true,1,48659
7290110563462,false,חלב בבקבוק נטול לקטו,מחלבת יטבתה,IL,יטבתה,ליטרים,1.00,ליטר,false,,8.50,8.5000,true,1,49154
7290110564339,false,חומוס הסדרה המובחרת,שטראוס גרופ,IL,שטראוס,גרמים,400.00,100 גרם,false,,12.90,0.0323,true,1,30286
7290110564360,false,חומוס הסדרה המובחרת,שטראוס גרופ,IL,שטראוס,גרמים,400.00,100 גרם,false,,12.90,0.0323,true,1,30287
7290110564742,false,משקה קפה קר בסגנון ח,אנסטל מילק,AT,משקה קפה קר בסגנון ח,מיליליטרים,230.00,"100 מ""ל",false,,7.90,0.0343,true,1,48660
7290110564919,false,דנונה מ.עודנת ללאסוכ,שטראוס,IL,דנונה,מיליליטרים,150.00,"100 מ""ל",false,,3.90,0.0260,true,1,31072
7290110565435,false,לימבו פטל קו חלבי,שטראוס גרופ,IL,שטראוס,גרמים,125.00,100 גרם,false,,2.20,0.0176,true,1,29888
7290110565527,false,דנונה פרו 20 גר 1.5%,שטראוס גרופ,IL,דנונה פרו,גרמים,200.00,100 גרם,false,,6.00,0.0300,true,1,29170
7290110565572,false,*מבצע* מארז קפה טורק,שטראוס קפה בי.וי,IL,עלית,גרמים,168.00,100 גרם,false,,16.90,0.1006,true,1,50937
7290110566623,false,קפסולות 08 קולומביה,שטראוס גרופ,IL,עלית,גרמים,50.00,100 גרם,false,,16.90,0.3380,true,1,35745
7290110566975,false,דנונה פרו 20 גר תות,שטראוס גרופ,IL,דנונה פרו,גרמים,200.00,100 גרם,false,,6.00,0.0300,true,1,31614
7290110568238,false,קצפת צמחית 21%,מחלבת יטבתה,IL,יטבתה,מיליליטרים,250.00,"100 מ""ל",false,,8.20,0.0328,true,1,32257
7290110568276,false,יטבתה פרו וניל 350,מחלבת יטבתה,IL,יטבתה,מיליליטרים,350.00,"100 מ""ל",false,,6.70,0.0191,true,1,31828
7290110570224,false,משקה קפה קר בטעם עוג,אנסטל מילק,AT,משקה קפה קר בטעם עוג,מיליליטרים,230.00,"100 מ""ל",false,,7.90,0.0343,true,1,65634
7290110571184,false,עדשים חומות ט. הטבע,קונסרב איטליה,IT,טעם הטבע,גרמים,380.00,100 גרם,false,,6.90,0.0182,true,1,65733
7290110571375,false,*מבצע* אנרג'י מיקס צ,וויטוורטס,GB,*מבצע* אנרג'י מיקס צ,גרמים,100.00,100 גרם,false,,12.90,0.1290,true,1,65724
7290110571382,false,מעדן חלב בטעם וניל מ,שטראוס,IL,מעדן חלב בטעם וניל מ,גרמים,150.00,100 גרם,false,,5.20,0.0347,true,1,62328
7290110571399,false,צנצנת מסטיק מאסט בטע,שטראוס גרופ,IL,עלית,גרמים,58.00,100 גרם,false,,9.90,0.1707,true,1,64810
7290110571405,false,מיני פינוקיות פסק זמ,הגביע,IL,עלית,גרמים,180.00,100 גרם,false,,10.90,0.0606,true,1,67756
7290110571412,false,מיני פינוקיות פאדג',הגביע,IL,עלית,גרמים,180.00,100 גרם,false,,10.90,0.0606,true,1,67757
7290110571474,false,רבע לשבע טבעוני פופק,הגביע מוצרי וופלים,IL,עלית,גרמים,125.00,100 גרם,false,,10.90,0.0872,true,1,64803
7290110572129,false,כיף כף מקלות שוקולד,סולן בעבור שטראוס,TR,עלית,גרמים,40.00,100 גרם,false,,4.90,0.1225,true,1,67758
7290110572884,false,קפסולות למכונה 20,שטראוס גרופ,IL,עלית,גרמים,50.00,100 גרם,false,,16.90,0.3380,true,1,67765
7290110572969,false,כיף כף פצפצים קרם לב,SOLEN CIKOLATA GIDA,TR,עלית,גרמים,40.00,100 גרם,false,,4.90,0.1225,true,1,65725
7290110572976,false,כיף כף פצפצים קרם לב,שולן צ'יקולטה,TR,כיף כף פצפצים קרם לב,גרמים,135.00,100 גרם,false,,9.90,0.0733,true,1,65726
7290110576318,false,מארז שלישיית שוקולד,סמואה,FR,עלית,גרמים,300.00,100 גרם,false,,24.90,0.0830,true,1,66764
7290110576356,false,ספלנדיד שוקולד מריר,קימס,BE,ספלנדיד שוקולד מריר,גרמים,100.00,100 גרם,false,,7.90,0.0790,true,1,64804
7290110576363,false,ספלנדיד שוקולד מריר,קימס,BE,ספלנדיד שוקולד מריר,גרמים,100.00,100 גרם,false,,7.90,0.0790,true,1,64805
7290110576370,false,מארז שלישיית שוקולד,סמואה,FR,עלית,גרמים,300.00,100 גרם,false,,24.90,0.0830,true,1,66762
7290110576387,false,מארז שלישיית שוקולד,סמואה,FR,עלית,גרמים,300.00,100 גרם,false,,24.90,0.0830,true,1,66765
7290110576752,false,שוקולד ספלנדיד מריר,קימס,BE,שוקולד ספלנדיד מריר,גרמים,100.00,100 גרם,false,,9.90,0.0990,true,1,67754
7290110576776,false,שוקולד ספלנדיד מריר,קימס,BE,שוקולד ספלנדיד מריר,גרמים,100.00,100 גרם,false,,9.90,0.0990,true,1,67755
7290110576868,false,4 גמדים סלט פירות,שטראוס גרופ,IL,שטראוס,גרמים,400.00,100 גרם,false,,11.50,0.0288,true,1,67458
7290110856144,false,אוזניות אלחוטיול,,,אוזניות אלחוטיול,יח',1.00,יח',false,,59.90,59.9000,true,1,65493
7290111091520,false,"ד""ר עור תחליב רחצה ק","אמיליה קוסמטיקס בע""מ",IL,"ד""ר עור",מיליליטרים,700.00,"100 מ""ל",false,,14.90,0.0213,true,1,47234
7290111093005,false,מגבונים להסרת איפור,די.פי.אל תעשיות מוצר,IL,ICARE,יח',25.00,יח',false,,7.90,0.3160,true,1,48217
7290111093685,false,שלישיית מגבונים לניק,,,שלישיית מגבונים לניק,1,1.00,1,false,,15.90,15.9000,true,1,66996
7290111093982,false,"ד""ר עור תחליב רחצה פ","אמיליה קוסמטיקס בע""מ",IL,"ד""ר עור",מיליליטרים,700.00,"100 מ""ל",false,,14.90,0.0213,true,1,66724
7290111094392,false,"ד""ר עור תחליב רחצה ק","אמיליה קוסמטיקס בע""מ",IL,"ד""ר עור",מיליליטרים,700.00,"100 מ""ל",false,,14.90,0.0213,true,1,66725
7290111096921,false,מגבוני קוויק לניקוי,DPL,IL,קוויק,יח',50.00,יח',false,,8.90,0.1780,true,1,60329
7290111097041,false,מארז מגבונים בייביסי,קיבוץ עמיר dpl,IL,ביבי סיטר,יח',528.00,יח',false,,19.90,0.0377,true,1,60030
7290111340178,false,מטליות לחות לניקוי כ,על בד,IL,ניקול,יח',50.00,יח',false,,10.90,0.2180,true,1,11598
7290111340185,false,מטליות לחות לרצפה ני,על בד,IL,ניקול,יח',10.00,יח',false,,10.90,1.0900,true,1,11599
7290111341359,false,ניקול רדיד חסכוני 60,אופל,IL,ניקול,מטרים,60.00,מטר,false,,31.90,0.5317,true,1,35726
7290111341984,false,מגבוני לילי לחים רבי,,,מגבוני לילי לחים רבי,יח,160.00,יח,false,,19.90,0.1244,true,1,53207
7290111342042,false,כריות יפניות אנטיבקט,,,כריות יפניות אנטיבקט,יח',4.00,יח',false,,10.90,2.7250,true,1,53208
7290111343841,false,ספוגית הקסם נירוסטה,UFO,CN,ניקול,יח',3.00,יח',false,,10.90,3.6333,true,1,56393
7290111343858,false,מטליות לחות לניקוי ו,,IL,ניקול,יח',10.00,יח',false,,9.90,0.9900,true,1,55782
7290111344077,false,מטליות לחות אנטיבקטר,חוגלה קימברלי,IL,ניקול,יח,150.00,יח,false,,19.90,0.1327,true,1,55798
7290111344503,false,האגיס אקסטרה קייר מי,חוגלה קימברלי,IL,האגיס,יח',36.00,יח',false,,46.90,1.3028,true,1,59022
7290111344565,false,*מבצע* שקיות זיפר ני,taizhou inter packin,CN,*מבצע* שקיות זיפר ני,יח',30.00,יח',false,,9.90,0.3300,true,1,66307
7290111344930,false,מטליות לחות לריצפה ב,,IL,ניקול,יח',10.00,יח',false,,10.90,1.0900,true,1,60780
7290111345814,false,נייר טואלט לילי נטור,קימברלי קלארק,IL,לילי,מטרים,150.00,מטר,false,,32.90,0.2193,true,1,61564
7290111350726,false,נאצ'וס בסגנון מקסיקנ,מסטיזו פודס,US,נאצ'וס בסגנון מקסיקנ,גרמים,322.00,100 גרם,false,,17.90,0.0556,true,1,49550
7290111351747,false,טורטיה 320 גרם 8 יח,,DE,טורטיה 320 גרם 8 יח,גרמים,320.00,100 גרם,false,,7.90,0.0247,true,1,53059
7290111352430,false,ממרח תמרים טבעי 440,טעמי הגליל,IL,קליית גת,גרמים,440.00,100 גרם,false,,11.90,0.0270,true,1,53379
7290111352966,false,סוכריות גומי ממולאות,סאדאט,TR,יוגטה,גרמים,250.00,100 גרם,false,,5.90,0.0236,true,1,56461
7290111353130,false,סוכריות גומי נחשים מ,טופגם תעשיות ממתקים,IL,סוכריות גומי נחשים מ,גרמים,800.00,100 גרם,false,,15.90,0.0199,true,1,56953
7290111353451,false,הוט פופ חטיף ירקות ש,איץ.סיי גרופ אס.דה א,HN,הוט פופ,גרמים,120.00,100 גרם,false,,13.90,0.1158,true,1,58308
7290111353475,false,שטיחים חמוצים בטעם פ,סאדאט,TR,יוגטה,גרמים,200.00,100 גרם,false,,5.90,0.0295,true,1,58894
7290111353482,false,מקלות חמוצים ממולאים,סאדאט,TR,יוגטה,גרמים,200.00,100 גרם,false,,5.90,0.0295,true,1,58895
7290111354038,false,*מבצע* מארז עגבניות,פראנו אנריקו,IT,*מבצע* מארז עגבניות,גרמים,1200.00,100 גרם,false,,12.90,0.0108,true,1,64126
7290111354045,false,*מבצע* מארז עגבניות,פראנו אנריקו,IT,*מבצע* מארז עגבניות,גרמים,1200.00,100 גרם,false,,12.90,0.0108,true,1,64127
7290111534010,false,פס גבינה שמנת ופירור,קפולסקי שיווק וקמעונ,IL,קפולסקי,גרמים,400.00,100 גרם,false,,39.90,0.0997,true,1,25961
7290111564277,false,פיטנס פריכיות 3 דגני,פרח תעשיות,IL,פיטנס פריכיות 3 דגני,גרמים,120.00,100 גרם,false,,10.90,0.0908,true,1,27437
7290111564291,false,פיטנס פריכיות דקות ע,פרח תעשיות,IL,פיטנס פריכיות דקות ע,גרמים,120.00,100 גרם,false,,10.90,0.0908,true,1,27438
7290111564727,false,קרמוגית במילוי קרם א,אסם,IL,אסם,גרמים,200.00,100 גרם,false,,10.90,0.0545,true,1,29380
7290111565038,false,*מבצע* לה קרמריה וני,גלידות נסטלה,IL,לה קרמריה,ליטרים,1.40,ליטר,false,,17.90,12.7857,true,1,31506
7290111566240,false,שניצל דק בטעם צ'ילי,טבעול ישראל,IL,שניצל דק בטעם צ'ילי,גרמים,564.00,100 גרם,false,,31.90,0.0566,true,1,30132
7290111566271,false,חטיפי תירס טבעול,טבעול ישראל,IL,חטיפי תירס טבעול,גרמים,657.00,100 גרם,false,,31.90,0.0486,true,1,30133
7290111566318,false,שניצל דק טבעול,טבעול ישראל,IL,שניצל דק טבעול,גרמים,564.00,100 גרם,false,,31.90,0.0566,true,1,30135
7290111566332,false,נקניקיות וינר טבעול,טבעול ישראל,IL,נקניקיות וינר טבעול,גרמים,680.00,100 גרם,false,,31.90,0.0469,true,1,30136
7290111566547,false,חזה בגריל טבעול,טבעול ישראל,IL,חזה בגריל טבעול,גרמים,560.00,100 גרם,false,,31.90,0.0570,true,1,30139
7290111566561,false,שניצל ברוקולי 99 קלו,טבעול ישראל,IL,שניצל ברוקולי 99 קלו,גרמים,560.00,100 גרם,false,,31.90,0.0570,true,1,30140
7290111566585,false,שניצל טבעול 99 קלורי,טבעול ישראל,IL,שניצל טבעול 99 קלורי,גרמים,650.00,100 גרם,false,,31.90,0.0491,true,1,30141
7290111566691,false,שניצל תרד 99 קלוריות,טבעול ישראל,IL,שניצל תרד 99 קלוריות,גרמים,560.00,100 גרם,false,,31.90,0.0570,true,1,30143
7290111566714,false,המבורגר 99 קלוריות ט,טבעול ישראל,IL,המבורגר 99 קלוריות ט,גרמים,600.00,100 גרם,false,,31.90,0.0532,true,1,30144
7290111566752,false,שניצל תירס טבעול 99,טבעול ישראל,IL,שניצל תירס טבעול 99,גרמים,693.00,100 גרם,false,,31.90,0.0460,true,1,30146
7290111568206,false,ביסלי פארטי מיקס 150,אסם,IL,ביסלי,גרמים,150.00,100 גרם,false,,7.90,0.0527,true,1,30961
7290111568275,false,נודלס אטריות אורז רח,,TH,נודלס אטריות אורז רח,גרמים,300.00,100 גרם,false,,8.90,0.0297,true,1,31513
7290111568299,false,נודלס אטריות עם תרד,,IT,נודלס אטריות עם תרד,גרמים,300.00,100 גרם,false,,8.90,0.0297,true,1,31514
7290111568466,false,רוטב אסייתי למוקפץ 3,אסם,IL,אסם,גרמים,360.00,100 גרם,false,,13.90,0.0386,true,1,31509
7290111568961,false,בייגלה טבעות מלוחים,אסם,IL,אסם,גרמים,400.00,100 גרם,false,,9.90,0.0248,true,1,31977
7290111703461,false,שולחן לבן מתקפל 1.8,,,שולחן לבן מתקפל 1.8,יח',1.00,יח',false,,169.00,169.0000,true,1,53755
7290111873164,false,נרות מטה לבבות,סודי,CN,דיסני,יח',10.00,יח',false,,4.90,0.4900,true,1,51342
7290111873386,false,נרות מטה כוכבים,סודי,CN,דיסני,יח',10.00,יח',false,,4.90,0.4900,true,1,51343
7290111930805,false,קראנצוס ברביקיו  55,מנה,IL,קראנצוס,גרמים,55.00,100 גרם,false,,2.50,0.0455,true,1,27383
7290111930850,false,קראנצוס פיצה 55 גרם,מנה,IL,קראנצוס,גרמים,55.00,100 גרם,false,,2.50,0.0455,true,1,27388
7290111930935,false,פוף טבעות קלאסי 40 ג,מנה,IL,פוף טבעות קלאסי 40 ג,גרמים,40.00,100 גרם,false,,3.90,0.0975,true,1,28731
7290111931321,false,קולגייט משחת ילדים 6,CP-Poland swidnica,PL,קולגייט,מיליליטרים,50.00,"100 מ""ל",false,,11.90,0.2380,true,1,32083
7290111932380,false,*מבצע* מרידול משחת ש,GABA LOER GER,DE,מרידול,גרמים,150.00,100 גרם,false,,24.90,0.1660,true,1,30455
7290111932502,false,*מבצע* קולגייט משחת,CP-Poland swidnica,PL,קולגייט,מיליליטרים,75.00,"100 מ""ל",false,,24.90,0.3320,true,1,46685
7290111933462,false,מאסטר שף רוטב צ'ילי,סיטי פוד,TH,מנה,מיליליטרים,300.00,"100 מ""ל",false,,7.90,0.0263,true,1,31101
7290111933554,false,מאסטר שף עגבניות קוב,קונסוריזיו קאסאלסקו,IT,מאסטר שף,גרמים,1200.00,100 גרם,false,,15.90,0.0133,true,1,47120
7290111933561,false,מאסטר שף תערובת ציפו,טסט וסנט,TH,מאסטר שף,גרמים,250.00,100 גרם,false,,7.90,0.0316,true,1,49651
7290111936241,false,ספיד סטיק ספריי גוף,,,ספיד סטיק,מיליליטרים,140.00,"100 מ""ל",false,,16.90,0.1207,true,1,49838
7290111936296,false,פלמוליב ארומה סנסייש,CP - Turkey+60,TR,פלמוליב,מיליליטרים,750.00,"100 מ""ל",false,,19.90,0.0265,true,1,49834
7290111936784,false,פרי מארז 5 חטיפים תמ,טבעית מוצרים מן הטבע,IL,פרי מארז 5 חטיפים תמ,יח',5.00,יח',false,,15.90,3.1800,true,1,48959
7290111937248,false,פרי מארז חטיפי תמרים,טבעית מוצרים מן הטבע,IL,פרי מארז חטיפי תמרים,יח',5.00,יח',false,,15.90,3.1800,true,1,48953
7290111937262,false,פרי מארז חטיפי תמרים,טבעית מוצרים מן הטבע,IL,פרי מארז חטיפי תמרים,יח',5.00,יח',false,,15.90,3.1800,true,1,48955
7290111938481,false,מאסטר שף רוטב סויה ב,תאי,TH,מאסטר שף,מיליליטרים,300.00,"100 מ""ל",false,,8.90,0.0297,true,1,54232
7290111938498,false,מאסטר שף רוטב סויה ב,קי.אר.אס. ספייסי פוד,TH,רוטב סויה מנה 500מל,מיליליטרים,700.00,"100 מ""ל",false,,12.90,0.0184,true,1,52787
7290111939181,false,קוקי ניילון נצמד עם,קוקי,CN,קוקי,יח,20.00,יח,false,,9.90,0.4950,true,1,53290
7290112000385,false,*מבצע* דטול תרסיס למ,רקיט בנקיזר,PL,דטול,מיליליטרים,750.00,"100 מ""ל",false,,9.90,0.0132,true,1,46794
7290112000408,false,*מבצע* דטול תרסיס לנ,רקיט בנקיזר,PL,דטול,מיליליטרים,750.00,"100 מ""ל",false,,9.90,0.0132,true,1,46796
7290112000736,false,*מבצע* פיניש טבליות,רקיט בנקיזר,PL,פיניש,יח',80.00,יח',false,,54.90,0.6862,true,1,31917
7290112000798,false,*מבצע* דטול תרסיס חי,רקיט בנקיזר,GB,דטול,מיליליטרים,750.00,"100 מ""ל",false,,9.90,0.0132,true,1,46797
7290112001023,false,אירוויק אוטומטי מילו,RECKITT BENCKISER UK,GB,איירויק,מיליליטרים,250.00,"100 מ""ל",false,,14.90,0.0596,true,1,46803
7290112001030,false,אירוויק אוטומטי מילו,RECKITT BENCKISER UK,GB,איירויק,מיליליטרים,250.00,"100 מ""ל",false,,14.90,0.0596,true,1,47132
7290112001436,false,פיניש מחדש מדיח לימו,RECKITT BENCKISER PR,PL,פיניש,מיליליטרים,250.00,"100 מ""ל",false,,14.90,0.0596,true,1,52460
7290112001870,false,סיליט באנג אמבטיות 7,RECKITT BENCKISER PR,PL,סיליט,מיליליטרים,750.00,"100 מ""ל",false,,12.90,0.0172,true,1,51866
7290112002099,true,*מבצע* קולון ג'ל כבי,זוהר,IL,קולון,ליטרים,2.50,ליטר,false,,21.90,8.7600,true,1,51876
7290112002105,true,*מבצע* קולון ג'ל כבי,זוהר,IL,קולון,ליטרים,2.50,ליטר,false,,21.90,8.7600,true,1,51877
7290112002112,true,*מבצע* קולון ג'ל כבי,זוהר,IL,קולון,ליטרים,2.50,ליטר,false,,21.90,8.7600,true,1,51878
7290112002129,true,*מבצע* קולון ג'ל כבי,זוהר,IL,קולון,ליטרים,2.50,ליטר,false,,21.90,8.7600,true,1,51879
7290112002136,false,קולון גל 4 ליטר,זוהר,IL,קולון,ליטרים,4.00,ליטר,false,,34.90,8.7250,true,1,51880
7290112002143,false,קולון גל 4 ליטר,זוהר,IL,קולון,ליטרים,4.00,ליטר,false,,34.90,8.7250,true,1,51881
7290112002150,false,קולון גל 4 ליטר,זוהר,IL,קולון,ליטרים,4.00,ליטר,false,,34.90,8.7250,true,1,51882
7290112002457,false,*מבצע* דטול מגבונים,רקיט בנקיזר,PL,דטול,יח,1.00,יח,false,,21.90,21.9000,true,1,52097
7290112003140,false,אירוויק אוטומטי מילו,RECKITT BENCKISER UK,GB,איירויק,מיליליטרים,250.00,"100 מ""ל",false,,14.90,0.0596,true,1,55562
7290112003188,false,קולון קפסולות לכביסה,רקיט בנקיזר,IT,ג'ל לכביסה,יח',60.00,יח',false,,54.90,0.9150,true,1,57037
7290112003256,false,קולון לבנדר 101 1.25,זוהר דליה,IL,קולון,קילוגרמים,1.25,"ק""ג",false,,12.90,10.3200,true,1,56315
7290112004208,false,טבליות פיניש למדיח ל,RECKITT BENCKISER PR,PL,?????,יח',50.00,יח',false,,39.90,0.7980,true,1,59928
7290112004413,false,קליה ספריי לבן 750 מ,RECKITT BENCKISER PR,PL,וניש,מיליליטרים,750.00,"100 מ""ל",false,,16.90,0.0225,true,1,62663
7290112004611,false,*מבצע* וניש מולטי פא,RECKITT BENCKISER It,IT,*מבצע* וניש מולטי פא,מיליליטרים,200.00,"100 מ""ל",false,,14.90,0.0745,true,1,62371
7290112004963,false,*מבצע* טבליות פיניש,רקיט בנקיזר,PL,*מבצע* טבליות פיניש,יח',25.00,יח',false,,34.90,1.3960,true,1,65822
7290112004970,false,*מבצע* טבליות פיניש,רקיט בנקיזר,PL,*מבצע* טבליות פיניש,יח',50.00,יח',false,,54.90,1.0980,true,1,65823
7290112005045,false,*מבצע* וניש אבקה להס,רקיט בנקיזר,IT,*מבצע* וניש אבקה להס,גרמים,480.00,100 גרם,false,,14.90,0.0310,true,1,64898
7290112005052,false,וניש אבקה לכביסה לבנ,רקיט בנקיזר,IT,וניש אבקה לכביסה לבנ,גרמים,1500.00,100 גרם,false,,39.90,0.0266,true,1,64899
7290112005076,false,*מבצע* וניש אבקה לכב,רקיט בנקיזר,IT,*מבצע* וניש אבקה לכב,גרמים,480.00,100 גרם,false,,14.90,0.0310,true,1,64900
7290112005083,false,וניש אבקה לכביסה צבע,רקיט בנקיזר,IT,וניש אבקה לכביסה צבע,גרמים,1500.00,100 גרם,false,,39.90,0.0266,true,1,64901
7290112005168,false,פיניש קוואנטום לימון,רקיט בנקיזר,PL,פיניש קוואנטום לימון,יח',60.00,יח',false,,59.90,0.9983,true,1,65824
7290112190529,false,שמן זית יוחננוף 750,אסאס דל סור,ES,אוליב אויל,מיליליטרים,750.00,"100 מ""ל",false,,24.90,0.0332,true,1,51189
7290112190642,false,מגבונים שישייה,,,מגבונים שישייה,יח',6.00,יח',false,,9.90,1.6500,true,1,47341
7290112192561,false,משחת שיניים פרודונטק,ג'י.אס.קיי קונסיומר,IE,פרודונטקס,מיליליטרים,75.00,"100 מ""ל",false,,35.90,0.4787,true,1,51979
7290112192875,false,משחת שיניים סנסודיין,G.S.K,GB,סנסודיין,מיליליטרים,75.00,"100 מ""ל",false,,33.90,0.4520,true,1,52300
7290112193315,false,קרם לחות מתולתלות 40,א.ל ארמן,IL,קרם לחות מתולתלות 40,מיליליטרים,400.00,"100 מ""ל",false,,29.90,0.0747,true,1,64260
7290112194916,false,סבון שלישיה,,,סבון שלישיה,ליטרים,1.50,ליטר,false,,8.90,5.9333,true,1,53324
7290112195784,false,תות שדה 300 גר פרוסט,גרין האוס,EG,פרוסטי,גרמים,0.00,100 גרם,false,,6.90,0.0000,true,1,66718
7290112196880,false,זוג סנסודיין משאבה,G.S.K,GB,זוג סנסודיין משאבה,מיליליטרים,200.00,"100 מ""ל",false,,29.90,0.1495,true,1,60576
7290112330352,false,דנונה פרו 20 גר וניל,שטראוס גרופ,IL,דנונה פרו,גרמים,200.00,100 גרם,false,,6.00,0.0300,true,1,49805
7290112330390,false,דנונה פרו 20 גר פירו,שטראוס גרופ,IL,דנונה פרו,גרמים,200.00,100 גרם,false,,6.00,0.0300,true,1,49806
7290112332691,false,עוגיות קרם פסק זמן 2,הגביע,IL,עלית,גרמים,200.00,100 גרם,false,,10.90,0.0545,true,1,50940
7290112332875,false,מסטיק מאסט קוביות מנ,שטראוס עלית,DE,שטראוס עלית,גרמים,86.00,100 גרם,false,,13.90,0.1616,true,1,49846
7290112334596,false,שוקולית 850 גרם+ 10%,שטראוס גרופ,IL,עלית,גרמים,935.00,100 גרם,false,,15.90,0.0170,true,1,53656
7290112334749,false,קפה טורקי שקית 200+,שטראוס גרופ,IL,עלית,גרמים,200.00,100 גרם,false,,15.90,0.0795,true,1,51414
7290112335050,false,מרשמלו וניל 150 גרם,טופגאם תעשיות ממתקים,IL,עלית,גרמים,150.00,100 גרם,false,,6.50,0.0433,true,1,48784
7290112335487,false,פרכיות גדולות 3 דגני,עלית,IL,פרכיות גדולות 3 דגני,גרמים,135.00,100 גרם,false,,11.90,0.0881,true,1,50703
7290112335494,false,פרכיות גדולות פוטטוס,עלית,IL,פרכיות גדולות פוטטוס,גרמים,135.00,100 גרם,false,,11.90,0.0881,true,1,50704
7290112335500,false,פרכיות גדולות חלבון,עלית,IL,פרכיות גדולות חלבון,גרמים,135.00,100 גרם,false,,11.90,0.0881,true,1,50705
7290112336637,false,סוכריות מאסט ללא סוכ,שטראוס גרופ,PL,סוכריות מאסט ללא סוכר,גרמים,80.00,100 גרם,false,,7.50,0.0938,true,1,51946
7290112336644,false,סוכריות מאסט ללא סוכ,שטראוס גרופ,PL,סוכריות מאסט ללא סוכר,גרמים,80.00,100 גרם,false,,7.50,0.0938,true,1,51947
7290112336651,false,סוכריות מאסט ללא סוכ,שטראוס גרופ,PL,סוכריות מאסט ללא סוכר,גרמים,80.00,100 גרם,false,,7.50,0.0938,true,1,51948
7290112336712,false,דנונה פרו 21 גר 0% ש,שטראוס גרופ,IL,דנונה פרו,גרמים,200.00,100 גרם,false,,6.00,0.0300,true,1,49155
7290112337474,false,סוכריות מאסט ללא סוכ,שטראוס גרופ,PL,סוכריות מאסט ללא סוכר,גרמים,80.00,100 גרם,false,,7.50,0.0938,true,1,51949
7290112337481,false,סוכריות מאסט ללא סוכ,שטראוס גרופ,PL,סוכריות מאסט ללא סוכר,גרמים,80.00,100 גרם,false,,7.50,0.0938,true,1,51950
7290112338877,false,סקי תות,שטראוס גרופ,IL,שטראוס,גרמים,125.00,100 גרם,false,,3.70,0.0296,true,1,48352
7290112339362,false,דנונה לייט אנד פריי,שטראוס,IL,דנונה,גרמים,150.00,100 גרם,false,,4.50,0.0300,true,1,52258
7290112339867,false,גמדים סקוויז בודד תו,שטראוס,IL,גמדים,גרמים,100.00,100 גרם,false,,5.90,0.0590,true,1,48646
7290112339874,false,גמדים סקוויז בודד תו,שטראוס,IL,גמדים,גרמים,100.00,100 גרם,false,,5.90,0.0590,true,1,48647
7290112340122,false,פרכיות גדולות 3 דגני,עלית,IL,פרכיות גדולות 3 דגני,גרמים,135.00,100 גרם,false,,11.90,0.0881,true,1,50710
7290112340252,false,צנצנת מסטיק מאסט אבט,שטראוס גרופ,IL,עלית,גרמים,66.00,100 גרם,false,,9.90,0.1500,true,1,49577
7290112340276,false,עוגיות קרם קפה נמס 2,הגביע,IL,עלית,גרמים,200.00,100 גרם,false,,10.90,0.0545,true,1,50942
7290112340900,false,קפה טורקי האג 200 גר,שטראוס גרופ,IL,האג,גרמים,200.00,100 גרם,false,,25.90,0.1295,true,1,50712
7290112341556,false,אקטיביה עם צ'יה ותות,שטראוס,IL,אקטיביה,גרמים,150.00,100 גרם,false,,4.60,0.0307,true,1,51756
7290112341679,false,אקטיביה  3% 200ג',שטראוס גרופ,IL,אקטיביה,גרמים,200.00,100 גרם,false,,3.90,0.0195,true,1,51757
7290112342102,false,סימפוניה בצל מקורמל,שטראוס גרופ,IL,שטראוס,גרמים,200.00,100 גרם,false,,11.50,0.0575,true,1,52988
7290112343260,false,רוטב שמנת קלאסי 260,שטראוס גרופ,IL,יטבתה,מיליליטרים,260.00,"100 מ""ל",false,,10.90,0.0419,true,1,52666
7290112343420,false,יטבתה פרו ארוחת בוקר,מחלבת יטבתה,IL,יטבתה פרו ארוחת בוקר,מיליליטרים,350.00,"100 מ""ל",false,,7.50,0.0214,true,1,52668
7290112343499,false,ציטוס puffs,שטראוס פריטו ליי (מל,IL,עלית,גרמים,55.00,100 גרם,false,,3.50,0.0636,true,1,60265
7290112343512,false,ציטוס puffs,שטראוס פריטו ליי (מל,IL,עלית,גרמים,160.00,100 גרם,false,,7.50,0.0469,true,1,60266
7290112344564,false,רביולי גבינה 400 גר,שטראוס גרופ,IL,שטראוס,גרמים,400.00,100 גרם,false,,19.90,0.0497,true,1,51776
7290112344724,false,מילקי בטעם שוקולד בל,שטראוס גרופ,IL,שטראוס,גרמים,133.00,100 גרם,false,,3.50,0.0263,true,1,52643
7290112344755,false,מילקי עם 26% פחות סו,שטראוס גרופ,IL,שטראוס,גרמים,135.00,100 גרם,false,,2.90,0.0215,true,1,57602
7290112344786,false,פלטיניום קלאסי 200 ג,שטראוס גרופ,IL,עלית,גרמים,200.00,100 גרם,false,,24.90,0.1245,true,1,54190
7290112344953,false,סימפוניה חציל קלוי 2,שטראוס גרופ,IL,שטראוס,גרמים,200.00,100 גרם,false,,11.50,0.0575,true,1,57779
7290112346360,false,בפלות אחת אחת מצופה,טוטיז בינגו סיאי,GR,עלית,גרמים,180.00,100 גרם,false,,13.90,0.0772,true,1,52965
7290112346629,false,דנונה בר עם קורנפלקס,שטראוס גרופ,IL,שטראוס,גרמים,172.00,100 גרם,false,,4.60,0.0267,true,1,55973
7290112346773,false,דנונה לייט אד פריי ו,שטראוס גרופ,IL,דנונה,גרמים,150.00,100 גרם,false,,4.50,0.0300,true,1,57782
7290112346797,false,אקטיביה עם שיבולת שו,שטראוס,IL,אקטיביה,גרמים,150.00,100 גרם,false,,4.60,0.0307,true,1,54282
7290112347008,false,גמדים ארוחת בוקר תות,שטראוס,IL,גמדים,גרמים,100.00,100 גרם,false,,5.90,0.0590,true,1,52646
7290112347473,false,מארז לייט אנד פריי ת,שטראוס גרופ,IL,שטראוס,ליטרים,1.20,ליטר,false,,27.90,23.2500,true,1,52264
7290112348142,false,שעועית לבנה ט. הטבע,קונסרב איטליה,IT,טעם הטבע,גרמים,380.00,100 גרם,false,,6.90,0.0182,true,1,55544
7290112348999,false,פרכיות גדולות תירס ד,עלית,IL,פרכיות גדולות תירס ד,גרמים,135.00,100 גרם,false,,11.90,0.0881,true,1,57639
7290112349606,false,דניאלה תות בננה,שטראוס גרופ,IL,שטראוס,גרמים,88.00,100 גרם,false,,4.10,0.0466,true,1,61517
7290112349705,false,רוטב עגבניות קלאסי ל,אמיליאנה קונסרב,IT,יד מרדכי,גרמים,350.00,100 גרם,false,,11.90,0.0340,true,1,52968
7290112349736,false,רוטב עגבניות בזיליקו,אמיליאנה קונסרב,IT,יד מרדכי,גרמים,350.00,100 גרם,false,,11.90,0.0340,true,1,52969
7290112349743,false,רוטב עגבניות פיקנטי,אמיליאנה קונסרב,IT,יד מרדכי,גרמים,350.00,100 גרם,false,,11.90,0.0340,true,1,52970
7290112349750,false,רוטב עגבניות לפיצה 3,אמיליאנה קונסרב,IT,יד מרדכי,גרמים,350.00,100 גרם,false,,11.90,0.0340,true,1,52971
7290112350275,false,קפסולות למכונת נספרס,שטראוס גרופ,IL,עלית,גרמים,50.00,100 גרם,false,,16.90,0.3380,true,1,53612
7290112350312,false,קפסולות למכונה 15,שטראוס גרופ,IL,עלית,גרמים,50.00,100 גרם,false,,16.90,0.3380,true,1,56767
7290112350589,false,אבקת צ'יקו 65 גרם,שטראוס קפה בי.וי,IL,עלית,גרמים,65.00,100 גרם,false,,11.90,0.1831,true,1,56199
7290112351067,false,סילאן טבעי לחיץ 630,,,סילאן טבעי לחיץ 630,גרמים,630.00,100 גרם,false,,24.90,0.0395,true,1,54197
7290112351258,false,פינוקיות שחור לבן,הגביע,IL,עלית,גרמים,200.00,100 גרם,false,,10.90,0.0545,true,1,56283
7290112351524,false,עלי סלנובה טעם הטבע,שטראוס בריאות ירקות,IL,טעם הטבע,גרמים,200.00,100 גרם,false,,12.90,0.0645,true,1,56035
7290112353887,false,משקה קפה קר בטעם אגו,אנסטל מילק,AT,משקה קפה קר בטעם אגו,מיליליטרים,230.00,"100 מ""ל",false,,7.90,0.0343,true,1,56077
7290112354174,false,*מבצע* דלישס פסטה רו,גסטרונומיה,IT,*מבצע* דלישס פסטה רו,גרמים,280.00,100 גרם,false,,16.90,0.0604,true,1,61043
7290112354204,false,*מבצע* דלישס ספגטי ע,גסטרונומיה,IT,*מבצע* דלישס ספגטי ע,גרמים,280.00,100 גרם,false,,16.90,0.0604,true,1,61044
7290112354211,false,דלישס פיצה מרגריטה,סקרלינפיצה אס.אר.אל,IT,דלישס פיצה מרגריטה,גרמים,400.00,100 גרם,false,,25.90,0.0647,true,1,61049
7290112354235,false,*מבצע* דלישס ברקטה פ,סקרלינפיצה אס.אר.אל,IT,*מבצע* דלישס ברקטה פ,גרמים,280.00,100 גרם,false,,19.90,0.0711,true,1,61051
7290112354945,false,תפוציפס wavy טבעי 50,שטראוס פריטו ליי (מל,IL,עלית,גרמים,50.00,100 גרם,false,,3.90,0.0780,true,1,67670
7290112354952,false,תפוציפס wavy פפריקה,שטראוס פריטו ליי (מל,IL,עלית,גרמים,50.00,100 גרם,false,,3.90,0.0780,true,1,67671
7290112355027,false,דנונה פרו 20 גר בטעם,שטראוס גרופ,IL,דנונה פרו,גרמים,200.00,100 גרם,false,,6.00,0.0300,true,1,57606
7290112355102,false,גמדים פאוץ סלט פירות,שטראוס,IL,?????,גרמים,100.00,100 גרם,false,,5.90,0.0590,true,1,57767
7290112355263,false,רוטב שמנת עם שוקולד,מחלבת יטבתה,IL,יטבתה,מיליליטרים,265.00,"100 מ""ל",false,,10.90,0.0411,true,1,62752
7290112355393,false,רוטב שמנת עם בטטה 9%,שטראוס גרופ,IL,יטבתה,מיליליטרים,257.00,"100 מ""ל",false,,10.90,0.0424,true,1,67423
7290112355775,false,סימפוניה עירית,שטראוס גרופ,IL,שטראוס,גרמים,200.00,100 גרם,false,,11.50,0.0575,true,1,65617
7290112357069,false,מחית עגבניות איטלקיו,קונסרב איטליה,IT,טעם הטבע,גרמים,500.00,100 גרם,false,,6.50,0.0130,true,1,55560
7290112357076,false,קוביות עגבניות איטלק,קונסרב איטליה,IT,טעם הטבע,גרמים,390.00,100 גרם,false,,6.90,0.0177,true,1,56762
7290112357083,false,אפונת גינה ט. הטבע 3,קונסרב איטליה,IT,טעם הטבע,גרמים,380.00,100 גרם,false,,6.90,0.0182,true,1,55555
7290112357106,false,שעועית אדומה ט. הטבע,קונסרב איטליה,IT,טעם הטבע,גרמים,380.00,100 גרם,false,,6.90,0.0182,true,1,55545
7290112357113,false,גרגירי חומוס ט. הטבע,קונסרב איטליה,IT,טעם הטבע,גרמים,380.00,100 גרם,false,,6.90,0.0182,true,1,55546
7290112357892,false,שלשיית סוכריות מקס פ,הליקון גידה,TR,עלית,גרמים,45.00,100 גרם,false,,8.90,0.1978,true,1,55823
7290112358127,false,דנונה פרו 20 גרם עם,שטראוס,,דנונה פרו 20 גרם עם,גרמים,20.00,100 גרם,false,,6.50,0.3250,true,1,57342
7290112358233,false,רוטב צ'ילי חריף,"בית אל מזון בע""מ",IL,עלית,מיליליטרים,300.00,"100 מ""ל",false,,12.90,0.0430,true,1,56288
7290112358240,false,רוטב גריל 300 גרם,"בית אל מזון בע""מ",IL,עלית,גרמים,300.00,100 גרם,false,,12.90,0.0430,true,1,55452
7290112358431,false,עד חצות דאבל 200 גרם,שטראוס גרופ,IL,עלית,גרמים,200.00,100 גרם,false,,11.90,0.0595,true,1,59131
7290112358554,false,מארז נמס לדרך עלית,שטראוס רומניה,RO,נמס לדרך,יח',26.00,יח',false,,10.90,0.4192,true,1,56768
7290112359902,false,פלטינום ברזיל 47 גרם,אינסטנטה,PL,פלטינום ברזיל 47 גרם,גרמים,47.00,100 גרם,false,,5.90,0.1255,true,1,61722
7290112490117,false,קליק טבלה וופל ואגוז,אתר צפת טבלאות ותעשי,IL,KLIK,גרמים,85.00,100 גרם,false,,5.50,0.0647,true,1,31672
7290112490209,false,נמס בכוס עגבניות קרו,אתר חיפה אבקות - Foo,IL,KNORR,גרמים,56.00,100 גרם,false,,6.90,0.1232,true,1,32232
7290112490216,false,נמס בכוס ט.עוף קרוטו,אתר חיפה אבקות - Foo,IL,KNORR,גרמים,48.00,100 גרם,false,,6.90,0.1438,true,1,32233
7290112490230,false,נמס בכוס אפונה ר.טבע,אתר חיפה אבקות - Foo,IL,KNORR,גרמים,50.00,100 גרם,false,,6.90,0.1380,true,1,32234
7290112490582,false,חרדל דיזון 350גר,יוניליוור,IL,הלמנס,גרמים,350.00,100 גרם,false,,12.90,0.0369,true,1,35563
7290112490650,false,778 קונפיטורת תותשדה,אתר חיפה  778 - Food,IL,778,גרמים,340.00,100 גרם,false,,11.90,0.0350,true,1,37831
7290112490667,false,778 קונפיטורת משמש 3,אתר חיפה  778 - Food,IL,778,גרמים,340.00,100 גרם,false,,11.90,0.0350,true,1,37832
7290112490698,false,778 קונפיטורת תות לי,אתר חיפה  778 - Food,IL,778,גרמים,260.00,100 גרם,false,,12.90,0.0496,true,1,37835
7290112490735,false,מרק עשיר עגבניות פסט,יוניליוור,IL,קנור,גרמים,105.00,100 גרם,false,,12.90,0.1229,true,1,46780
7290112490742,false,מרק עשיר פטריות גריס,יוניליוור,IL,קנור,גרמים,104.00,100 גרם,false,,12.90,0.1240,true,1,46781
7290112490759,false,מרק עשיר עוף אטריות,יוניליוור,IL,קנור,גרמים,74.00,100 גרם,false,,12.90,0.1743,true,1,46782
7290112490827,false,*מבצע* בדין תרסיס מי,זוהר דליה - 3P Local,IL,BADIN,מיליליטרים,500.00,"100 מ""ל",false,,14.90,0.0298,true,1,46656
7290112490896,false,רוטב צ'ילי חריף,,,רוטב צ'ילי חריף,מיליליטרים,370.00,"100 מ""ל",false,,10.90,0.0295,true,1,61219
7290112491701,false,"ברנפלקס חלבון בד""ץ 3",אתר שפע - Food,IL,TELMA,גרמים,375.00,100 גרם,false,,19.90,0.0531,true,1,49252
7290112491770,false,דקים דקים מלח 300 גר,אתר בייגל - Food,IL,B&B,גרמים,300.00,100 גרם,false,,9.90,0.0330,true,1,49253
7290112491787,false,דקים דקים שומשום 300,אתר בייגל - Food,IL,B&B,גרמים,300.00,100 גרם,false,,9.90,0.0330,true,1,49254
7290112491794,false,דקים דקים שמנת בצל 3,אתר בייגל - Food,IL,B&B,גרמים,300.00,100 גרם,false,,9.90,0.0330,true,1,54328
7290112492449,false,"שמפו פינוק 700 מ""ל",אתר ליוור - HPC,IL,PINUK,מיליליטרים,700.00,"100 מ""ל",false,,11.90,0.0170,true,1,54329
7290112492456,false,שמפו פינוק לשיער יבש,אתר ליוור - HPC,IL,PINUK,מיליליטרים,700.00,"100 מ""ל",false,,11.90,0.0170,true,1,54330
7290112492463,false,פינוק 2ב-1,אתר ליוור - HPC,IL,PINUK,מיליליטרים,700.00,"100 מ""ל",false,,11.90,0.0170,true,1,54331
7290112492470,false,פינוק 2 ב-1 לשיער יב,אתר ליוור - HPC,IL,PINUK,מיליליטרים,700.00,"100 מ""ל",false,,11.90,0.0170,true,1,57797
7290112492500,false,פינוק שמפו שמן קוקוס,אתר ליוור - HPC,IL,PINUK,מיליליטרים,700.00,"100 מ""ל",false,,11.90,0.0170,true,1,54333
7290112492531,false,פינוק מרכך 700,אתר ליוור - HPC,IL,PINUK,מיליליטרים,700.00,"100 מ""ל",false,,11.90,0.0170,true,1,52594
7290112492548,false,פינוק מרכך 700,אתר ליוור - HPC,IL,PINUK,מיליליטרים,700.00,"100 מ""ל",false,,11.90,0.0170,true,1,52595
7290112492579,false,פינוק מרכך שמן קוקוס,אתר ליוור - HPC,IL,PINUK,מיליליטרים,700.00,"100 מ""ל",false,,11.90,0.0170,true,1,52598
7290112492593,false,פינוק תחליב רחצה קלא,אתר ליוור - HPC,IL,PINUK,מיליליטרים,700.00,"100 מ""ל",false,,9.90,0.0141,true,1,52603
7290112492609,false,פינוק סבון נוזלי  לב,אתר ליוור - HPC,IL,PINUK,מיליליטרים,700.00,"100 מ""ל",false,,9.90,0.0141,true,1,52606
7290112492647,false,שמפו פינוק לגבר 3 ב-,אתר ליוור - HPC,IL,PINUK,מיליליטרים,700.00,"100 מ""ל",false,,11.90,0.0170,true,1,52617
7290112492746,false,מרכך פינוק ילדים 700,אתר ליוור - HPC,IL,פינוק,מיליליטרים,700.00,"100 מ""ל",false,,11.90,0.0170,true,1,56106
7290112492753,false,פינוק סבון נוזלי  יל,אתר ליוור - HPC,IL,PINUK,מיליליטרים,700.00,"100 מ""ל",false,,9.90,0.0141,true,1,56107
7290112492982,false,*מבצע* קנור פטריות ר,יוניליוור,IL,*מבצע* קנור פטריות ר,גרמים,400.00,100 גרם,false,,19.90,0.0497,true,1,52599
7290112492999,false,*מבצע* קנור ט.עוף 40,אתר חיפה אבקות - Foo,IL,KNORR,גרמים,400.00,100 גרם,false,,12.90,0.0323,true,1,52732
7290112493088,false,נמס בכוס עדשים 100%,אתר חיפה אבקות - Foo,IL,KNORR,גרמים,54.00,100 גרם,false,,6.90,0.1278,true,1,50915
7290112493095,false,נמס בכוס מרק עגבניות,אתר חיפה אבקות - Foo,IL,KNORR,גרמים,48.00,100 גרם,false,,6.90,0.1438,true,1,50916
7290112493293,false,נמס ירקות וקרוטונים,אתר חיפה אבקות - Foo,IL,KNORR,גרמים,44.00,100 גרם,false,,6.90,0.1568,true,1,50917
7290112493316,false,עשיר אפונה רכיבים טב,יוניליוור,IL,קנור,גרמים,117.00,100 גרם,false,,12.90,0.1103,true,1,50924
7290112493927,false,קרמיסימו גלידה בטעם,גלידות שטראוס,IL,קרמיסימו,ליטרים,1.33,ליטר,false,,18.90,14.2105,true,1,53028
7290112493934,false,קרמיסימו גלידה בטעם,גלידות שטראוס,IL,קרמיסימו,ליטרים,1.33,ליטר,false,,18.90,14.2105,true,1,53029
7290112493965,false,קרמיסימו גלידה בטעם,גלידות שטראוס,IL,קרמיסימו,ליטרים,1.33,ליטר,false,,18.90,14.2105,true,1,53030
7290112494153,false,קנור תיבולית בניחוח,אתר חיפה אבקות - Foo,IL,KNORR,גרמים,72.00,100 גרם,false,,8.90,0.1236,true,1,52440
7290112494238,false,קליק כדורים חלב תפזו,אתר צפת חטיפים - Foo,IL,KLIK,גרמים,65.00,100 גרם,false,,5.50,0.0846,true,1,52181
7290112494283,false,קליק מעורב חום לבן ת,אתר צפת חטיפים - Foo,IL,KLIK,גרמים,65.00,100 גרם,false,,5.50,0.0846,true,1,52182
7290112494351,false,"קורנפלקס צהוב בד""ץ 8",יוניליוור,IL,"קורנפלקס צהוב בד""ץ 8",גרמים,850.00,100 גרם,false,,16.90,0.0199,true,1,53744
7290112494610,false,קנור רוטב פיקנטי לדג,יוניליוור,IL,קנור רוטב פיקנטי לדג,גרמים,415.00,100 גרם,false,,10.90,0.0263,true,1,52441
7290112494825,false,תרחיץ פנים דאב לעור,אתר ליוור - HPC,IL,DOVE,מיליליטרים,180.00,"100 מ""ל",false,,16.90,0.0939,true,1,56575
7290112495037,false,קוקומן כדורים 375 גר,אתר שפע - Food,IL,TELMA,גרמים,375.00,100 גרם,false,,19.90,0.0531,true,1,52190
7290112495112,false,נשנושים זעתר 260ג,אתר בייגל - Food,IL,B&B,גרמים,260.00,100 גרם,false,,12.90,0.0496,true,1,52149
7290112495174,false,קוקטייל שומשום 300ג,אתר בייגל - Food,IL,B&B,גרמים,300.00,100 גרם,false,,12.90,0.0430,true,1,52147
7290112495228,false,קורנפלקס דבש 448 גרם,אתר שפע - Food,IL,TELMA,גרמים,448.00,100 גרם,false,,17.90,0.0400,true,1,52192
7290112495280,false,ברנפלקס קינמון 400 ג,אתר שפע - Food,IL,TELMA,גרמים,400.00,100 גרם,false,,19.90,0.0497,true,1,53222
7290112495747,false,צ'ילי מופחת סוכר 340,אתר חיפה  778 - Food,IL,KNORR,מיליליטרים,300.00,"100 מ""ל",false,,10.90,0.0363,true,1,53255
7290112495754,false,הלמנס לסלט אלף האיים,אתר חיפה ממרחים - Fo,IL,HELLMANNS,מיליליטרים,305.00,"100 מ""ל",false,,10.90,0.0357,true,1,53256
7290112495808,false,הלמנס לסלט חרדל דבש,אתר חיפה ממרחים - Fo,IL,HELLMANNS,מיליליטרים,305.00,"100 מ""ל",false,,10.90,0.0357,true,1,53261
7290112495815,false,הלמנ'ס סלט חרדל דבש,אתר חיפה ממרחים - Fo,IL,HELLMANNS,גרמים,305.00,100 גרם,false,,10.90,0.0357,true,1,54288
7290112495976,false,פתית פריכיות שוקולד,"גוד פוד בע""מ",PL,פתית פריכיות שוקולד,גרמים,35.00,100 גרם,false,,4.50,0.1286,true,1,55539
7290112496034,false,אפיכל סירופ מייפל 58,אתר חיפה  778 - Food,IL,EFICOL,גרמים,580.00,100 גרם,false,,12.90,0.0222,true,1,53274
7290112496218,false,טריאקי מופחת נתרן 34,אתר חיפה  778 - Food,IL,KNORR,מיליליטרים,340.00,"100 מ""ל",false,,10.90,0.0321,true,1,53665
7290112496270,false,פתית צ'יפס עגבניות ו,,,פתית צ'יפס עגבניות ו,גרמים,22.00,100 גרם,false,,5.50,0.2500,true,1,56429
7290112496287,false,פתית צ'יפס בטטה 21 ג,,,פתית צ'יפס בטטה 21 ג,גרמים,21.00,100 גרם,false,,5.50,0.2619,true,1,56440
7290112496294,false,פתית צ'יפס אפונה וצי,,,פתית צ'יפס אפונה וצי,גרמים,22.00,100 גרם,false,,5.50,0.2500,true,1,56441
7290112496331,false,קורנפלקס בננה 448 גר,אתר שפע - Food,IL,TELMA,גרמים,448.00,100 גרם,false,,17.90,0.0400,true,1,59001
7290112496430,false,נמס בכוס אקסטרה עגבנ,אתר חיפה אבקות - Foo,IL,KNORR,גרמים,37.00,100 גרם,false,,4.50,0.1216,true,1,57807
7290112496447,false,נמס בכוס אקסטרה טעם,אתר חיפה אבקות - Foo,IL,KNORR,גרמים,27.00,100 גרם,false,,4.50,0.1667,true,1,57799
7290112496461,false,נמס בכוס אקסטרה ירקו,אתר חיפה אבקות - Foo,IL,KNORR,גרמים,35.00,100 גרם,false,,4.50,0.1286,true,1,57477
7290112497031,false,קנור רוטב לקציצות 41,יוניליוור,IL,קנור רוטב לקציצות 41,גרמים,415.00,100 גרם,false,,10.90,0.0263,true,1,59002
7290112497123,false,*מבצע* סחלב,אתר חיפה אבקות - Foo,IL,KNORR,גרמים,112.00,100 גרם,false,,9.90,0.0884,true,1,57104
7290112497499,false,קליק טבלאות עם שוקול,,,קליק טבלאות עם פצפוצים,גרמים,85.00,100 גרם,false,,4.90,0.0576,true,1,59363
7290112497864,false,*מבצע* מרק טעם עוף ר,יוניליוור,IL,*מבצע* מרק טעם עוף ר,גרמים,400.00,100 גרם,false,,19.90,0.0497,true,1,57428
7290112497994,false,גרנולה פרוטאין בתוספ,תלמה,IL,גרנולה פרוטאין בתוספ,גרמים,300.00,100 גרם,false,,15.90,0.0530,true,1,59129
7290112498007,false,גרנולה פרוטאין בתוספ,תלמה,IL,גרנולה פרוטאין בתוספ,גרמים,300.00,100 גרם,false,,15.90,0.0530,true,1,59137
7290112498052,false,מארז פתית צ'יפס בטטה,יוניליוור,IL,מארז פתית צ'יפס בטטה,גרמים,84.00,100 גרם,false,,14.90,0.1774,true,1,60951
7290112498267,false,אל סבון ידיים פינוק,אתר ליוור - HPC,IL,אל סבון ידיים פינוק,מיליליטרים,950.00,"100 מ""ל",false,,11.90,0.0125,true,1,59364
7290112498274,false,אל סבון ידיים פינוק,אתר ליוור - HPC,IL,אל סבון ידיים פינוק,מיליליטרים,950.00,"100 מ""ל",false,,11.90,0.0125,true,1,59365
7290112498281,false,אל סבון ידיים פינוק,אתר ליוור - HPC,IL,אל סבון ידיים פינוק,מיליליטרים,950.00,"100 מ""ל",false,,11.90,0.0125,true,1,59367
7290112498441,false,רוטב אסייתי למוקפץ 3,אתר חיפה  778 - Food,IL,KNORR,גרמים,370.00,100 גרם,false,,10.90,0.0295,true,1,59198
7290112498526,false,פתית צ'יפס עם בטטה ס,,,פתית צ'יפס עם בטטה ס,גרמים,22.00,100 גרם,false,,5.50,0.2500,true,1,59750
7290112498885,false,מאגדת גודיז תותים וש,גלידות שטראוס,IL,שטראוס,מיליליטרים,235.00,"100 מ""ל",false,,22.90,0.0974,true,1,58920
7290112498915,false,מיני מגנום שקדים מוב,גלידות שטראוס,IL,מגנום,גרמים,250.00,100 גרם,false,,26.90,0.1076,true,1,59534
7290112498922,false,מיני מגנום לבן,גלידות שטראוס,IL,מגנום,גרמים,250.00,100 גרם,false,,26.90,0.1076,true,1,59535
7290112499189,false,קרמיסימו גלידת חד קר,גלידות שטראוס,IL,קרמיסימו,ליטרים,1.33,ליטר,false,,18.90,14.2105,true,1,64435
7290112499196,false,קרמיסימו גלידה בטעמי,גלידות שטראוס,IL,קרמיסימו,ליטרים,1.33,ליטר,false,,18.90,14.2105,true,1,64439
7290112499462,false,תחליב רחצה ש. קוקוס,אתר ליוור - HPC,IL,PINUK,מיליליטרים,700.00,"100 מ""ל",false,,9.90,0.0141,true,1,61229
7290112499493,false,דאו רקסונה ספריי בני,יונילוור ארגנטינה -,AR,REXONA,מיליליטרים,150.00,"100 מ""ל",false,,12.90,0.0860,true,1,61731
7290112499509,false,דאו רקסונה ספריי בני,קוסטר - תורכיה,TR,REXONA,מיליליטרים,150.00,"100 מ""ל",false,,12.90,0.0860,true,1,66257
7290112499844,false,מאגדת חמישיית מיני מ,גלידות שטראוס,IL,מגנום,גרמים,310.00,100 גרם,false,,26.90,0.0868,true,1,53033
7290112499943,false,מאגדת חמישיית מיני מ,גלידות שטראוס,IL,מגנום,גרמים,250.00,100 גרם,false,,26.90,0.1076,true,1,53034
7290112706362,false,שלישיית ביצי שוקולד,זאיני,IT,דיסני,יח',3.00,יח',false,,12.90,4.3000,true,1,49084
7290112707512,false,זיקוק 7 ס''מ 5 יח 3,,,זיקוק 7 ס''מ 5 יח 3,יח,5.00,יח,false,,5.90,1.1800,true,1,51598
7290112707529,false,זיקוק 7 סמ 3 גרם - 5,,,זיקוק 7 סמ 3 גרם - 5,יח,5.00,יח,false,,5.90,1.1800,true,1,51599
7290112961266,false,בייגלה כפיות איטלקי,אסם,IL,אסם,גרמים,300.00,100 גרם,false,,10.90,0.0363,true,1,49776
7290112961327,false,בייגלה כפיות כפרי 30,אסם,IL,אסם,גרמים,300.00,100 גרם,false,,10.90,0.0363,true,1,49777
7290112961440,false,פיטנס בר פריכיות שוק,,,פיטנס בר פריכיות שוק,גרמים,84.00,100 גרם,false,,11.90,0.1417,true,1,53563
7290112961464,false,חטיפי פריכיות דקות פ,אסם,IL,חטיפי פריכיות דקות פ,גרמים,60.00,100 גרם,false,,8.90,0.1483,true,1,47941
7290112962287,false,שווארמה טבעונית טבעו,טבעול ישראל,IL,שווארמה טבעונית טבעו,גרמים,450.00,100 גרם,false,,31.90,0.0709,true,1,52978
7290112963918,false,קרקר דק רוזמרין פיטנ,,CO,קרקר דק רוזמרין פיטנ,גרמים,140.00,100 גרם,false,,11.90,0.0850,true,1,50598
7290112964052,false,פסטה פרפקטו וזוביוטו,זארה,IT,פרפקטו,גרמים,500.00,100 גרם,false,,10.90,0.0218,true,1,49414
7290112964410,false,רוטב אלף האיים לסלט,אסם,IL,אסם,מיליליטרים,290.00,"100 מ""ל",false,,9.90,0.0341,true,1,50601
7290112964434,false,רוטב לסלט קיסר 290 מ,אסם,IL,אסם,מיליליטרים,290.00,"100 מ""ל",false,,9.90,0.0341,true,1,50602
7290112964458,false,רוטב וינגרט 290 מל,אסם,IL,אסם,מיליליטרים,290.00,"100 מ""ל",false,,9.90,0.0341,true,1,50603
7290112964472,false,רוטב שום לסלט 290 מל,אסם,IL,אסם,מיליליטרים,290.00,"100 מ""ל",false,,9.90,0.0341,true,1,50604
7290112964502,false,רוטב אלף האיים 600 ג,אסם,IL,אסם,גרמים,600.00,100 גרם,false,,15.90,0.0265,true,1,50605
7290112964564,false,רוטב אלף האיים לייט,אסם,IL,אסם,מיליליטרים,290.00,"100 מ""ל",false,,9.90,0.0341,true,1,50606
7290112964601,false,רוטב בנוסח סצ'ואן 36,אסם,IL,אסם,גרמים,360.00,100 גרם,false,,13.90,0.0386,true,1,49772
7290112964625,false,רוטב שום לייט 5% שומ,אסם,IL,אסם,מיליליטרים,290.00,"100 מ""ל",false,,9.90,0.0341,true,1,50607
7290112965103,false,קוסקוס עם ירקות 146,אסם,IL,אסם,גרמים,146.00,100 גרם,false,,10.90,0.0747,true,1,52874
7290112965264,false,זוג מרק נמס סוף אפונ,אסם,IL,אסם,גרמים,30.00,100 גרם,false,,5.50,0.1833,true,1,51400
7290112965288,false,זוג מרק נמס ירקות 30,אסם,IL,אסם,גרמים,30.00,100 גרם,false,,5.50,0.1833,true,1,51401
7290112965585,false,פרפקטו פסטה קסרצה 50,זארה,IT,פרפקטו,גרמים,500.00,100 גרם,false,,7.50,0.0150,true,1,51032
7290112965660,false,פיטנס חטיף מולטיגריי,,IL,פיטנס חטיף מולטיגריי,גרמים,25.00,100 גרם,false,,4.90,0.1960,true,1,57321
7290112965684,false,פיטנס חטיף מולטיגריי,,IL,פיטנס חטיף מולטיגריי,גרמים,25.00,100 גרם,false,,4.90,0.1960,true,1,57322
7290112965707,false,פיטנס חטיף מולטיגריי,,IL,פיטנס חטיף מולטיגריי,גרמים,25.00,100 גרם,false,,4.90,0.1960,true,1,57323
7290112965868,false,קרם קרקר במליחות מעו,אסם,IL,אסם,גרמים,250.00,100 גרם,false,,9.90,0.0396,true,1,52887
7290112966094,false,עוגת הבית תפוז מופחת,אסם,IL,הבית,גרמים,400.00,100 גרם,false,,11.90,0.0298,true,1,52899
7290112966766,false,טחינה בלאדי עם חציל,צבר,IL,טחינה בלאדי עם חציל,גרמים,350.00,100 גרם,false,,14.90,0.0426,true,1,52015
7290112966803,false,פודינג אינסטנט שוקול,אסם,IL,אסם,גרמים,88.00,100 גרם,false,,5.50,0.0625,true,1,52876
7290112966827,false,פודינג שוקולד כשלפ,אסם,IL,אסם,גרמים,90.00,100 גרם,false,,4.90,0.0544,true,1,53524
7290112967114,false,חטיפי פריכיות דקות פ,אסם,IL,חטיפי פריכיות דקות פ,גרמים,60.00,100 גרם,false,,8.90,0.1483,true,1,53564
7290112967138,false,בייגלה שמיניות ללא ג,אסם,IL,אסם,גרמים,250.00,100 גרם,false,,9.90,0.0396,true,1,52895
7290112967381,false,חטיפי פריכיות דקות פ,אסם,IL,חטיפי פריכיות דקות פ,גרמים,60.00,100 גרם,false,,8.90,0.1483,true,1,53565
7290112967848,false,ג'לי תות שדה מופחת ס,אסם,IL,אסם,גרמים,90.00,100 גרם,false,,5.90,0.0656,true,1,52879
7290112968203,false,טחינה בלאדי צבר 250,צבר,IL,טחינה בלאדי צבר 250,גרמים,250.00,100 גרם,false,,9.90,0.0396,true,1,53182
7290112968449,false,כרוב אדום צבר 250 גר,צבר,IL,כרוב אדום צבר 250 גר,גרמים,250.00,100 גרם,false,,9.90,0.0396,true,1,53183
7290112968807,false,קרקר דק סלק פיטנס 14,,CO,קרקר דק סלק פיטנס 14,גרמים,140.00,100 גרם,false,,11.90,0.0850,true,1,57074
7290112968821,false,קרקר דק בטטה פיטנס 1,,CO,קרקר דק בטטה פיטנס 1,גרמים,140.00,100 גרם,false,,11.90,0.0850,true,1,57075
7290113190375,false,סילאן טבעי 900 גרם ש,,,סילאן טבעי 900 גרם ש,גרמים,900.00,100 גרם,false,,17.90,0.0199,true,1,55616
7290113190450,false,ממרח תמרים 450 גרם,טעמי הגליל,IL,ירדן,גרמים,450.00,100 גרם,false,,5.90,0.0131,true,1,49175
7290113191051,false,כורכום טחון 250 גרם,,,כורכום טחון 250 גרם,גרמים,250.00,100 גרם,false,,14.90,0.0596,true,1,54015
7290113192300,false,חרוזית מושחר 560 גרם,בית השיטה,IL,בית השיטה,גרמים,560.00,100 גרם,false,,9.90,0.0177,true,1,54446
7290113192317,false,טבעות זיתים מושחרים,בית השיטה,IL,בית השיטה,גרמים,560.00,100 גרם,false,,10.90,0.0195,true,1,54447
7290113192331,false,זית ירוק גדול 340 גר,בית השיטה,IL,בית השיטה,גרמים,340.00,100 גרם,false,,9.90,0.0291,true,1,54303
7290113192348,false,זית מנזולינו טעם שום,בית השיטה,IL,בית השיטה,גרמים,560.00,100 גרם,false,,9.90,0.0177,true,1,54448
7290113192355,false,חרוזית ירוק 560 גרם,בית השיטה,IL,בית השיטה,גרמים,560.00,100 גרם,false,,10.90,0.0195,true,1,53980
7290113192362,false,טבעות זיתים ירוקים 5,בית השיטה,IL,בית השיטה,גרמים,560.00,100 גרם,false,,10.90,0.0195,true,1,53981
7290113192379,false,זיתים ירוקים מבוקעים,בית השיטה,IL,בית השיטה,גרמים,560.00,100 גרם,false,,10.90,0.0195,true,1,54461
7290113192386,false,זית סורי מבוקע 560 ג,בית השיטה,IL,בית השיטה,גרמים,560.00,100 גרם,false,,9.90,0.0177,true,1,53982
7290113192393,false,קוקטייל זיתים 560 גר,בית השיטה,IL,בית השיטה,גרמים,560.00,100 גרם,false,,11.90,0.0213,true,1,54449
7290113192478,false,מלפפון במלח 12-10 56,בית השיטה,IL,בית השיטה,גרמים,560.00,100 גרם,false,,7.90,0.0141,true,1,54450
7290113192485,false,מלפפון בחומץ 12-10 5,בית השיטה,IL,בית השיטה,גרמים,560.00,100 גרם,false,,7.90,0.0141,true,1,54451
7290113192492,false,מלפפון בחומץ 17-13 5,בית השיטה,IL,בית השיטה,גרמים,560.00,100 גרם,false,,11.90,0.0213,true,1,54452
7290113192508,false,מלפפון מלח 17-13 560,בית השיטה,IL,בית השיטה,גרמים,560.00,100 גרם,false,,11.90,0.0213,true,1,54453
7290113192515,false,מלפפון במלח 18-25 56,בית השיטה,IL,בית השיטה,גרמים,560.00,100 גרם,false,,12.90,0.0230,true,1,54454
7290113192522,false,מלפפון בחומץ 25-18 5,בית השיטה,IL,בית השיטה,גרמים,560.00,100 גרם,false,,12.90,0.0230,true,1,54455
7290113192539,false,מלפפון מלח 7-9 560 ג,בית השיטה,IL,בית השיטה,גרמים,560.00,100 גרם,false,,6.50,0.0116,true,1,54456
7290113192546,false,מלפפון בחומץ 9-7 560,בית השיטה,IL,בית השיטה,גרמים,560.00,100 גרם,false,,6.50,0.0116,true,1,54472
7290113192553,false,מלפפון במלח בלאדי 13,בית השיטה,IL,מלפפון במלח בלאדי 13,גרמים,560.00,100 גרם,false,,10.90,0.0195,true,1,54458
7290113192560,false,פלפל שיפקה 560 גרם,בית השיטה,IL,בית השיטה,גרמים,560.00,100 גרם,false,,7.90,0.0141,true,1,54459
7290113192577,false,כרוב כבוש 560 גרם,בית השיטה,IL,בית השיטה,גרמים,560.00,100 גרם,false,,7.90,0.0141,true,1,54460
7290113192881,false,טורטיה חיטה מופחתת ק,,,טורטיה חיטה מופחתת ק,גרמים,270.00,100 גרם,false,,9.90,0.0367,true,1,55461
7290113192997,false,זית שחור יבש בית השי,בית השיטה,IL,זית שחור יבש בית השי,גרמים,340.00,100 גרם,false,,12.90,0.0379,true,1,53856
7290113193000,false,פלפל שיפקונית בית הש,בית השיטה,IL,פלפל שיפקונית בית הש,גרמים,560.00,100 גרם,false,,11.90,0.0213,true,1,53857
7290113193017,false,קוקטייל זיתים חרוזית,בית השיטה,IL,קוקטייל זיתים חרוזית,גרמים,560.00,100 גרם,false,,12.90,0.0230,true,1,53858
7290113193031,false,חרוזית קלמטה 560 גרם,בית השיטה,IL,חרוזית קלמטה 560 גרם,גרמים,560.00,100 גרם,false,,11.90,0.0213,true,1,53859
7290113193321,false,בית השיטה שמן זית כת,בית השיטה,IL,בית השיטה שמן זית כת,מיליליטרים,750.00,"100 מ""ל",false,,29.90,0.0399,true,1,55714
7290113193369,false,תרסיס שמן קנולה מזוכ,פוד אירוסולס ספיין,ES,תרסיס שמן קנולה מזוכ,מיליליטרים,150.00,"100 מ""ל",false,,13.90,0.0927,true,1,58804
7290113193406,false,קוקטייל טבעות זיתים,בית השיטה,IL,קוקטייל טבעות זיתים,גרמים,560.00,100 גרם,false,,12.90,0.0230,true,1,53918
7290113194090,false,טבעות קלמטה 626 גרם,בית השיטה,IL,טבעות קלמטה 626 גרם,גרמים,626.00,100 גרם,false,,12.90,0.0206,true,1,57110
7290113195042,false,מלפפון בכבישה ביתית,בית השיטה עסיס תעשיו,IL,מלפפון בכבישה ביתית,גרמים,750.00,100 גרם,false,,25.90,0.0345,true,1,58649
7290113196414,false,"אורז בסמטי 1 ק""ג שקד",דאבה סינג שאם סינג,IN,"אורז בסמטי 1 ק""ג שקד",קילוגרמים,1.00,"ק""ג",false,,9.90,9.9000,true,1,63659
7290113196490,false,פריכיות כוסמת צ'יה ב,זנבר המכללה לטבעונות,IL,פריכיות כוסמת צ'יה ב,גרמים,150.00,100 גרם,false,,9.90,0.0660,true,1,60585
7290113196506,false,פריכיות כוסמת ללא מל,זנבר המכללה לטבעונות,IL,פריכיות כוסמת ללא מל,גרמים,150.00,100 גרם,false,,9.90,0.0660,true,1,60586
7290113196513,false,פריכיות כוסמת שקדים,זנבר המכללה לטבעונות,IL,פריכיות כוסמת שקדים,גרמים,150.00,100 גרם,false,,9.90,0.0660,true,1,60587
7290113196520,false,פריכיות כוסמין ללא מ,זנבר המכללה לטבעונות,IL,פריכיות כוסמין ללא מ,גרמים,150.00,100 גרם,false,,9.90,0.0660,true,1,60588
7290113196759,false,ירקות מעורבים 750 גר,בית השיטה עסיס תעשיו,IL,ירקות מעורבים 750 גר,גרמים,750.00,100 גרם,false,,27.90,0.0372,true,1,62777
7290113196780,false,זיתים מבוקעים 900 גר,בית השיטה עסיס תעשיו,IL,זיתים מבוקעים 900 גר,גרמים,900.00,100 גרם,false,,24.90,0.0277,true,1,65092
7290113197169,false,חמאת בוטנים טבעית עם,סופר נוטרי פודס,IN,חמאת בוטנים טבעית עם,גרמים,510.00,100 גרם,false,,15.90,0.0312,true,1,65019
7290113197176,false,חמאת בוטנים טבעית,סופר נוטרי פודס,IN,חמאת בוטנים טבעית,גרמים,510.00,100 גרם,false,,15.90,0.0312,true,1,65020
7290113197800,false,פלפל קלוי 680 גרם בי,,,פלפל קלוי 680 גרם בי,גרמים,680.00,100 גרם,false,,11.90,0.0175,true,1,63205
7290113197817,false,חציל קלוי 670 גרם בי,,,חציל קלוי 670 גרם בי,גרמים,670.00,100 גרם,false,,11.90,0.0178,true,1,63206
7290113199323,false,טורטיה מיני 150 גרם,א. אקסולר גידה,TR,טורטיה מיני 150 גרם,גרמים,150.00,100 גרם,false,,4.90,0.0327,true,1,65021
7290113199880,false,טורטיה בתוספת קמח כו,מוטלוקל,IL,טורטיה בתוספת קמח כו,גרמים,360.00,100 גרם,false,,9.90,0.0275,true,1,64273
7290113302273,false,חטיף בונזו עצם קלציו,,,חטיף בונזו עצם קלציו,גרמים,80.00,100 גרם,false,,12.90,0.1613,true,1,56538
7290113302303,false,חטיף בונזו סטיקים עם,,,חטיף בונזו סטיקים עם,גרמים,80.00,100 גרם,false,,12.90,0.1613,true,1,56541
7290113302365,false,חטיפי בונזו ברווז בצ,,,חטיפי בונזו ברווז בצ,גרמים,80.00,100 גרם,false,,12.90,0.1613,true,1,56094
7290113302372,false,רצועות בונזו סנדוויץ,,,רצועות בונזו סנדוויץ,גרמים,80.00,100 גרם,false,,12.90,0.1613,true,1,56095
7290113560109,false,משחת שיניים פרודונטק,גלקסוסמיתקליין,SK,פרודונטקס,מיליליטרים,75.00,"100 מ""ל",false,,30.90,0.4120,true,1,57420
7290113630017,false,"פחמים 4 ק""ג",,,"פחמים 4 ק""ג",קילוגרמים,4.00,"ק""ג",false,,21.90,5.4750,true,1,49121
7290113634770,false,אנטריקוט בורגר 880גר,משתנה,IL,אנטריקוט בורגר 880גר' גור,גרמים,880.00,100 גרם,false,,59.90,0.0681,true,1,56707
7290113634787,false,קציצות אנטריקוט 800ג,משתנה,IL,קציצות אנטריקוט 800גר' גו,גרמים,800.00,100 גרם,false,,54.90,0.0686,true,1,56708
7290113634794,false,נקנקיות מרגז 500גר',משתנה,IL,נקנקיות מרגז 500גר' גורמה,גרמים,500.00,100 גרם,false,,34.90,0.0698,true,1,56709
7290113634848,false,קבב קציצות ביתי 800,משתנה,IL,קבב קציצות ביתי 800גר' גו,גרמים,800.00,100 גרם,false,,54.90,0.0686,true,1,56714
7290113635531,false,קבב על מקל קינמון 55,,,קבב על מקל קינמון 55,גרמים,550.00,100 גרם,false,,44.90,0.0816,true,1,58509
7290113660007,false,"כוס 330 סמ""ק 40 יח'",,,"כוס 330 סמ""ק 40 יח'",יח',40.00,יח',false,,7.90,0.1975,true,1,47563
7290113660090,false,כוס נייר 2.5 אונז אמ,,IL,כוס נייר 2.5 אונז אמ,יח',50.00,יח',false,,4.90,0.0980,true,1,59718
7290113660106,false,כוסות קרטון 50 יח 8B,,,כוסות קרטון 50 יח 8B,יח',50.00,יח',false,,8.90,0.1780,true,1,49730
7290113660120,false,כוס נייר 10oz א.50 י,,,כוס נייר 10oz א.50 י,יח',50.00,יח',false,,14.90,0.2980,true,1,48799
7290113660137,false,כוסות נייר 12 אוז 50,,,כוסות נייר 12 אוז 50,יח',50.00,יח',false,,16.90,0.3380,true,1,50678
7290113660311,false,"פחם ד` אפריקאי 2 ק""ג",קרקול,ZA,גריל גריל,קילוגרמים,2.00,"ק""ג",false,,21.90,10.9500,true,1,48946
7290113660410,false,"שיפודי עץ 4 מ""מ 30 ס",,,"שיפודי עץ 4 מ""מ 30 ס",יח',80.00,יח',false,,2.90,0.0362,true,1,48298
7290113660595,false,8 יח' מיכל מלבני 650,,,8 יח' מיכל מלבני 650,יח',1.00,יח',false,,14.90,14.9000,true,1,48669
7290113660601,false,7 יח' מיכל מלבני 1 ל,,,7 יח' מיכל מלבני 1 ל,יח',1.00,יח',false,,14.90,14.9000,true,1,48670
7290113660625,false,4 יח' מיכל מלבני 2.5,,,4 יח' מיכל מלבני 2.5,יח',1.00,יח',false,,14.90,14.9000,true,1,48674
7290113660700,false,תבניות נייר אפיה אינ,קורקנט,CN,אור שני,יח',2.00,יח',false,,8.90,4.4500,true,1,50328
7290113660786,false,תבנית נייר מאפינס קט,קורקנט,CN,מנגט,יח',12.00,יח',false,,6.90,0.5750,true,1,51692
7290113660984,false,נייר לעטיפת סנדוויץ',מ.ב.נייר,IL,אמנון ותמר,יח',100.00,יח',false,,8.90,0.0890,true,1,47665
7290113661042,false,צלחות קטנות צבעוני 2,בנדע,IL,רינבו,יח',25.00,יח',false,,5.90,0.2360,true,1,47689
7290113661059,false,צלחות גדולות צבעוני,בנדע,IL,רינבו,יח',25.00,יח',false,,9.90,0.3960,true,1,47693
7290113661066,false,"טוליפ: צלחת ""10 (ענק",בנדע,IL,רינבו,יח',25.00,יח',false,,16.90,0.6760,true,1,47694
7290113661080,false,ליפתניות צבעוני   25,בנדע,IL,בנדע,יח',25.00,יח',false,,3.90,0.1560,true,1,47696
7290113661097,false,פיצוחיות צבעוני   25,בנדע,IL,רינבו,יח',25.00,יח',false,,4.90,0.1960,true,1,47697
7290113661110,false,"טוליפ: קערת סלט ""9 צ",בנדע,IL,רינבו,יח',10.00,יח',false,,7.90,0.7900,true,1,47699
7290113661219,false,ליפתן לבן O.R.S א. 2,בנדע,IL,בנדע,יח',25.00,יח',false,,3.90,0.1560,true,1,48139
7290113661226,false,פיצוחיות אובלי לבן O,בנדע,IL,בנדע,יח',25.00,יח',false,,5.90,0.2360,true,1,48140
7290113661370,false,מזלג איכותי קשיח ומה,R.G.E,CN,רקפות,יח',50.00,יח',false,,7.90,0.1580,true,1,48547
7290113661387,false,סכין איכותי קשיח ומה,R.G.E,CN,רקפות,יח',50.00,יח',false,,7.90,0.1580,true,1,48548
7290113661394,false,כף איכותי קשיח ומהוד,R.G.E,CN,רקפות,יח',50.00,יח',false,,7.90,0.1580,true,1,48549
7290113661400,false,כפית איכותית קשיחה ו,R.G.E,CN,רקפות,100 יח',50.00,100 יח',false,,7.90,0.1580,true,1,48550
7290113661455,false,צלחות 7.5 הרדוף (קטן,,,צלחות 7.5 הרדוף (קטן,יח',10.00,יח',false,,12.90,1.2900,true,1,48663
7290113661608,false,כוס קריסטלי צ'ייסר כ,,,כוס קריסטלי צ'ייסר כ,יח',1.00,יח',false,,5.90,5.9000,true,1,60413
7290113661622,false,"כוס יהלום 250 סמ""ק 4",,,"כוס יהלום 250 סמ""ק 4",יח',40.00,יח',false,,8.90,0.2225,true,1,48262
7290113662124,false,מפת שולחן דקורטיבית,,,מפת שולחן דקורטיבית,יח',1.00,יח',false,,6.90,6.9000,true,1,53245
7290113662353,false,כוסות שתיה קרה ח.פ,,,כוסות שתיה קרה ח.פ,יח,100.00,יח,false,,7.90,0.0790,true,1,52680
7290113662841,false,כוס שיש אור שני 40 י,,,כוס שיש אור שני 40 י,יח',1.00,יח',false,,8.90,8.9000,true,1,60812
7290113662896,false,"צלחות 9"" בייסיק 50 י",,,"צלחות 9"" בייסיק 50 י",יח',50.00,יח',false,,18.90,0.3780,true,1,62201
7290113662902,false,צלחות 7 מתכלות,,,צלחות 7 מתכלות,יח',20.00,יח',false,,10.90,0.5450,true,1,64819
7290113662919,false,צלחות 9 מתכלות,,,צלחות 9 מתכלות,יח',20.00,יח',false,,15.90,0.7950,true,1,64726
7290113663053,false,כוסות קרטון 16 אונז,,,כוסות קרטון 16 אונז,יח,25.00,יח,false,,10.90,0.4360,true,1,64272
7290114310215,false,שמנת מתוקה 38% 250 מ,טרה,IL,טרה,מיליליטרים,250.00,"100 מ""ל",false,,6.40,0.0256,true,1,54467
7290114310222,false,חלב מועשר בסידן וויט,מילקו,IL,טרה,ליטרים,1.50,ליטר,false,,11.90,7.9333,true,1,55801
7290114310239,false,חלב נטול לקטוז מועשר,מילקו,IL,טרה,ליטרים,1.50,ליטר,false,,11.90,7.9333,true,1,55802
7290114310246,false,גרנדה פדנו צ'אנק 125,מחלבת משק צוריאל,IL,צוריאל,גרמים,125.00,100 גרם,false,,18.90,0.1512,true,1,58389
7290114310338,false,צפתית מעודנת 5% בגבי,מחלבת משק צוריאל,IL,משק צוריאל,גרמים,225.00,100 גרם,false,,16.90,0.0751,true,1,58485
7290114310345,false,מו מעדן בטעם תות,טרה,IL,טרה,גרמים,125.00,100 גרם,false,,2.70,0.0216,true,1,56908
7290114310536,false,מולר אקטיב לייט יוגו,מילקו,IL,מולר,מיליליטרים,200.00,"100 מ""ל",false,,6.20,0.0310,true,1,58586
7290114310550,false,פטה עיזים מעודנת 5%,מחלבת משק צוריאל,IL,פטה עיזים מעודנת 5%,גרמים,200.00,100 גרם,false,,23.90,0.1195,true,1,58908
7290114310567,false,*מבצע* לאבנה עיזים 5,מחלבת משק צוריאל,IL,*מבצע* לאבנה עיזים 5,גרמים,200.00,100 גרם,false,,10.90,0.0545,true,1,58911
7290114310611,false,משקה חלב בננה בבקבוק,טרה,IL,טרה,מיליליטרים,250.00,"100 מ""ל",false,,5.30,0.0212,true,1,58909
7290114310628,false,משקה חלב בטעם וניל ע,טרה,IL,טרה,ליטרים,1.00,ליטר,false,,11.50,11.5000,true,1,58956
7290114310895,false,מאגדת שמינייה מנגו ו,טרה,IL,MULLER,קילוגרמים,1.20,"ק""ג",false,,29.90,24.9167,true,1,60149
7290114310901,false,גבינה לבנה 250 גרם 5,טרה,IL,טרה,גרמים,250.00,100 גרם,false,,4.98,0.0199,true,1,60073
7290114311038,false,שמנת מתוקה להקצפה 32,טרה,IL,שמנת מתוקה להקצפה 32,מיליליטרים,250.00,"100 מ""ל",false,,6.90,0.0276,true,1,62887
7290114311069,false,Muller Active יוגורט,מילקו,IL,מולר,גרמים,200.00,100 גרם,false,,6.20,0.0310,true,1,62181
7290114311076,false,מולר חמאה עם שום 200,מולר,IL,מולר חמאה עם שום 200,גרמים,200.00,100 גרם,false,,11.90,0.0595,true,1,62878
7290114311298,false,Muller Froop תות 150,טרה,IL,MULLER,גרמים,150.00,100 גרם,false,,5.00,0.0333,true,1,64914
7290114311304,false,Muller Froop מנגו פס,טרה,IL,MULLER,גרמים,150.00,100 גרם,false,,5.00,0.0333,true,1,64915
7290114311359,false,Muller Froop תות 150,טרה,IL,MULLER,גרמים,150.00,100 גרם,false,,5.00,0.0333,true,1,64916
7290114311458,false,חלב3 ליטר מועשר ויטמ,טרה,IL,חלב טרה,ליטרים,1.00,ליטר,false,,7.40,7.4000,true,1,65852
7290114600927,false,*מבצע* מאסטר שף עלי,אלקאטי קורביישיסי,TR,מאסטר שף,גרמים,320.00,100 גרם,false,,7.90,0.0247,true,1,56964
7290114603508,false,מאסטר שף רוטב להקפצה,סיטי פוד,TH,מנה,מיליליטרים,300.00,"100 מ""ל",false,,7.90,0.0263,true,1,56965
7290114604895,false,מאסטר שף ממרח ספייסי,Remia,NL,מאסטר שף,גרמים,446.00,100 גרם,false,,12.90,0.0289,true,1,59245
7290114604932,false,*מבצע* רוטב ברביקיו,Remia,NL,*מבצע* רוטב ברביקיו,גרמים,520.00,100 גרם,false,,10.90,0.0210,true,1,60370
7290114604963,false,מאסטר שף פירורים מתו,EinatFood,IL,מנה,גרמים,230.00,100 גרם,false,,6.90,0.0300,true,1,58850
7290114605557,false,נייר עטיפה לסנדוויץ,פישל,IL,נייר עטיפה לסנדוויץ,יח',1.00,יח',false,,11.90,11.9000,true,1,62660
7290114606530,false,מאסטר שף רוטב בטעם מ,Remia,NL,מאסטר שף,גרמים,515.00,100 גרם,false,,12.90,0.0250,true,1,59247
7290114606547,false,מאסטר שף מיונז עם פט,Remia,NL,מאסטר שף,גרמים,242.00,100 גרם,false,,12.90,0.0533,true,1,59248
7290114606554,false,מאסטר שף מיונז לייט,Remia,NL,מאסטר שף,גרמים,470.00,100 גרם,false,,12.90,0.0274,true,1,59249
7290114606561,false,אטריות אורז דקות מאס,ליינג טונג רייס פלוו,TH,מנה מאסטר שף,גרמים,400.00,100 גרם,false,,8.90,0.0223,true,1,60362
7290114606578,false,שקדי מרק מאסטר שף 40,מנה,IL,שקדי מרק מאסטר שף 40,גרמים,400.00,100 גרם,false,,10.90,0.0273,true,1,60131
7290114607391,false,*מבצע* משחת ילדים בר,קולגייט פלמוליב,MX,*מבצע* משחת ילדים בר,מיליליטרים,75.00,"100 מ""ל",false,,12.90,0.1720,true,1,60086
7290114608640,false,קרוטונים כוסמין לסלט,עינת תעשיות מזון אגו,IL,קרוטונים כוסמין לסלט,גרמים,260.00,100 גרם,false,,19.90,0.0765,true,1,60082
7290114750820,false,דאו ג'ילט קליר גל זו,פרוקטר אנד גמבל,GB,ג'ילט,יח,2.00,יח,false,,24.90,12.4500,true,1,55967
7290115073676,false,מסכות 50 יח',,,מסכות 50 יח',יח',50.00,יח',false,,8.90,0.1780,true,1,59839
7290115200003,false,פתי בר פינוקי וניל 2,אסם,PL,אסם,גרמים,220.00,100 גרם,false,,9.90,0.0450,true,1,56474
7290115200027,false,פתי בר פינוקי שוקו 2,אסם,PL,אסם,גרמים,220.00,100 גרם,false,,9.90,0.0450,true,1,56475
7290115200676,false,קרמוגית במילוי קרמל,אסם,IL,אסם,גרמים,200.00,100 גרם,false,,10.90,0.0545,true,1,57076
7290115200713,false,מארז במבה 5*50 גרם,,IL,מארז במבה 5*50 גרם,גרמים,250.00,100 גרם,false,,12.90,0.0516,true,1,56476
7290115201031,false,פתי בר דובי שוקולד 1,אסם,PL,אסם,גרמים,175.00,100 גרם,false,,9.90,0.0566,true,1,58857
7290115201475,false,לביבות כרישה טבעול ג,טבעול ישראל,IL,לביבות כרישה טבעול ג,גרמים,434.00,100 גרם,false,,34.90,0.0804,true,1,63196
7290115201536,false,"לביבות כרובית ותפו""א",טבעול ישראל,IL,"לביבות כרובית ותפו""א",גרמים,442.00,100 גרם,false,,34.90,0.0790,true,1,63197
7290115201680,false,ביסלי ברביקיו 70 גרם,אסם,IL,ביסלי,גרמים,67.00,100 גרם,false,,4.30,0.0642,true,1,57040
7290115201703,false,ביסלי ברביקיו 200 גר,אסם,IL,ביסלי,גרמים,200.00,100 גרם,false,,7.90,0.0395,true,1,57041
7290115202212,false,לביבות סלק טבעול גור,טבעול ישראל,IL,לביבות סלק טבעול גור,גרמים,434.00,100 גרם,false,,34.90,0.0804,true,1,63198
7290115202304,false,נודלס אטריות אורז מר,אסם,IL,נודלס אטריות אורז מר,גרמים,230.00,100 גרם,false,,8.90,0.0387,true,1,62719
7290115202434,false,חומוס צבר עם זעתר 37,צבר,IL,סלטי צבר,גרמים,375.00,100 גרם,false,,11.90,0.0317,true,1,58620
7290115202786,false,מנה חמה פאוצ' נודלס,אסם,IL,מנה חמה פאוצ' נודלס,גרמים,70.00,100 גרם,false,,3.90,0.0557,true,1,59204
7290115202816,false,מנה חמה פאוצ' נודלס,אסם,IL,מנה חמה פאוצ' נודלס,גרמים,70.00,100 גרם,false,,3.90,0.0557,true,1,59205
7290115202847,false,מנה חמה פאוצ' נודלס,אסם,IL,מנה חמה פאוצ' נודלס,גרמים,70.00,100 גרם,false,,3.90,0.0557,true,1,59206
7290115203134,false,פופקו במבה 80 גרם,אסם,IL,פופקו,גרמים,80.00,100 גרם,false,,5.00,0.0625,true,1,59447
7290115203172,false,במבה פרו 80 גרם,אסם,IL,במבה,גרמים,80.00,100 גרם,false,,4.30,0.0537,true,1,66059
7290115203486,false,פירורית בטעם ביסלי ג,עינת תעשיות מזון אגו,IL,אסם,גרמים,200.00,100 גרם,false,,6.50,0.0325,true,1,59058
7290115203806,false,רוטב בסיסי לבישול 29,אסם,IL,אסם,מיליליטרים,290.00,"100 מ""ל",false,,13.90,0.0479,true,1,60695
7290115204056,false,קטשופ מופחת סוכר 690,אסם,IL,אסם,גרמים,690.00,100 גרם,false,,9.90,0.0143,true,1,58646
7290115204131,false,סחוג ירוק צבר 190 גר,צבר,IL,סחוג ירוק צבר 190 גר,גרמים,190.00,100 גרם,false,,10.90,0.0574,true,1,61878
7290115204155,false,סחוג אדום צבר 190 גר,צבר,IL,סחוג אדום צבר 190 גר,גרמים,190.00,100 גרם,false,,10.90,0.0574,true,1,61879
7290115204186,false,פסטו 190 גרם,צבר,IL,פסטו 190 גרם,גרמים,190.00,100 גרם,false,,14.90,0.0784,true,1,61880
7290115204247,false,עגבניות מיובשות 190,צבר,IL,עגבניות מיובשות 190,גרמים,190.00,100 גרם,false,,14.90,0.0784,true,1,61881
7290115204261,false,אריסה צבר 190 גרם,צבר,IL,אריסה צבר 190 גרם,גרמים,190.00,100 גרם,false,,10.90,0.0574,true,1,61882
7290115205176,false,קרקר דק כפרי פיטנס 1,,CO,קרקר דק כפרי פיטנס 1,גרמים,140.00,100 גרם,false,,11.90,0.0850,true,1,60865
7290115205251,false,פיטנס בר פריכיות קרמ,,,פיטנס בר פריכיות קרמ,גרמים,84.00,100 גרם,false,,12.90,0.1536,true,1,67121
7290115205312,false,קרקר דק זיתים פיטנס,,CO,קרקר דק זיתים פיטנס,גרמים,140.00,100 גרם,false,,11.90,0.0850,true,1,63190
7290115205527,false,פיטנס חטיף מולטיגריי,,IL,פיטנס חטיף מולטיגריי,גרמים,25.00,100 גרם,false,,4.90,0.1960,true,1,64681
7290115205541,false,פיטנס חטיף מולטיגריי,,IL,פיטנס חטיף מולטיגריי,גרמים,25.00,100 גרם,false,,4.90,0.1960,true,1,64682
7290115205633,false,נקניקיות טבעול סנסשי,טבעול צ'כיה,,נקניקיות טבעול סנסשי,גרמים,350.00,100 גרם,false,,34.90,0.0997,true,1,62067
7290115205978,false,פתי בר אצבעות שוקולד,אסם,PL,אסם,גרמים,180.00,100 גרם,false,,9.90,0.0550,true,1,62078
7290115207484,false,צבר חציל על האש 360,צבר,IL,סלטי צבר,גרמים,360.00,100 גרם,false,,14.90,0.0414,true,1,61785
7290115207507,false,צבר סלט טורקי 360 גר,צבר,IL,סלטי צבר,גרמים,360.00,100 גרם,false,,14.90,0.0414,true,1,61786
7290115207682,false,רוטב סויה בסגנון סינ,אסם,IL,אסם,מיליליטרים,290.00,"100 מ""ל",false,,9.90,0.0341,true,1,63201
7290115207798,false,בורגר חריף טבעוני טב,טבעול ישראל,IL,בורגר חריף טבעוני טב,גרמים,420.00,100 גרם,false,,31.90,0.0760,true,1,62659
7290115207941,false,ויטמינציק אננס 1 ליט,אסם,IL,ויטמינציק אננס 1 ליט,ליטרים,1.00,ליטר,false,,21.90,21.9000,true,1,61890
7290115207965,false,ויטמינציק מנגו אפרסק,אסם,IL,ויטמינציק מנגו אפרסק,ליטרים,1.00,ליטר,false,,21.90,21.9000,true,1,61891
7290115207989,false,ויטמינציק לימון 1 לי,אסם,IL,ויטמינציק לימון 1 לי,ליטרים,1.00,ליטר,false,,21.90,21.9000,true,1,61892
7290115208009,false,ויטמינציק ענבים 1 לי,אסם,IL,ויטמינציק ענבים 1 לי,ליטרים,1.00,ליטר,false,,21.90,21.9000,true,1,61893
7290115208047,false,ויטמינציק פטל  1 ליט,אסם,IL,ויטמינציק פטל  1 ליט,ליטרים,1.00,ליטר,false,,21.90,21.9000,true,1,61894
7290115208061,false,ויטמינציק תפוח 1 ליט,אסם,IL,ויטמינציק תפוח 1 ליט,ליטרים,1.00,ליטר,false,,21.90,21.9000,true,1,61895
7290115208344,false,בייגלה כפיות שמנת בצ,אסם,IL,אסם,גרמים,300.00,100 גרם,false,,10.90,0.0363,true,1,66062
7290115208597,false,קרמוגית מיניס קרמל מ,אסם,IL,אסם,גרמים,200.00,100 גרם,false,,10.90,0.0545,true,1,64894
7290115208634,false,קמח רב תכליתי ללא גל,אסם,IL,קמח רב תכליתי ללא גל,גרמים,400.00,100 גרם,false,,11.90,0.0298,true,1,62702
7290115208801,false,לחמית דבש ואגוזים 19,אסם,IL,לחמית,גרמים,190.00,100 גרם,false,,9.90,0.0521,true,1,66063
7290115209198,false,במבה אוורירית 80 גרם,אסם,IL,במבה,גרמים,80.00,100 גרם,false,,4.30,0.0537,true,1,64685
7290115209235,false,פתי בר קפה 500 גרם,אסם,IL,אסם,גרמים,500.00,100 גרם,false,,9.90,0.0198,true,1,67123
7290115400274,false,*מבצע* מיני דובשניות,קפולסקי א.ד.ל.,IL,*מבצע* מיני דובשניות,גרמים,400.00,100 גרם,false,,8.90,0.0223,true,1,66788
7290115405088,false,קינוח אישי קדאיף,קפולסקי א.ד.ל.,IL,קפולסקי,גרמים,200.00,100 גרם,false,,14.90,0.0745,true,1,54442
7290115405118,false,קינוח אישי תענוג תות,קפולסקי א.ד.ל.,IL,קפולסקי,גרמים,200.00,100 גרם,false,,14.90,0.0745,true,1,54445
7290115405774,false,פחזניות ממולאות בטעם,קפולסקי א.ד.ל.,IL,פחזניות ממולאות בטעם,גרמים,180.00,100 גרם,false,,13.90,0.0772,true,1,63802
7290115670684,false,גרנולה אגוזים 400 גר,אמקו ספול אס,CZ,גרנולה אגוזים 400 גר,גרמים,400.00,100 גרם,false,,13.90,0.0348,true,1,59132
7290115671223,false,צנצנת מסטיק מאסט פאן,שטראוס גרופ,IL,עלית,גרמים,58.00,100 גרם,false,,9.90,0.1707,true,1,61713
7290115671308,false,צנצנת מסטיק מאסט פאן,שטראוס גרופ,IL,עלית,גרמים,58.00,100 גרם,false,,9.90,0.1707,true,1,61714
7290115671339,false,מיני פינוקיות בראוני,הגביע,IL,עלית,גרמים,180.00,100 גרם,false,,10.90,0.0606,true,1,61675
7290115671346,false,מיני פינוקיות טופי ק,הגביע,IL,עלית,גרמים,180.00,100 גרם,false,,10.90,0.0606,true,1,61676
7290115671353,false,מיני פינוקיות שחור ל,הגביע,IL,עלית,גרמים,180.00,100 גרם,false,,10.90,0.0606,true,1,61677
7290115675559,false,קפה טורקי לדרך עלית,שטראוס קפה בי.וי,IL,קפה טורקי לדרך עלית,גרמים,70.00,100 גרם,false,,8.90,0.1271,true,1,61999
7290115675696,false,*מבצע* קוואקר אגוזים,BEVERAGES FOODS & SE,US,קוואקר,גרמים,375.00,100 גרם,false,,16.90,0.0451,true,1,59851
7290115675986,false,דנונה בר עם אגוזים מ,שטראוס גרופ,IL,שטראוס,גרמים,173.00,100 גרם,false,,4.60,0.0266,true,1,57766
7290115676037,false,דנונה ריפרש תות דומד,שטראוס,IL,דנונה ריפרש תות דומד,גרמים,250.00,100 גרם,false,,5.50,0.0220,true,1,59324
7290115676051,false,"משקה אקטיביה עם ש""ש",שטראוס גרופ,IL,שטראוס,גרמים,265.00,100 גרם,false,,5.00,0.0189,true,1,60799
7290115676082,false,משקה דנונה פרו 20 תו,שטראוס,IL,משקה דנונה פרו 20 תו,גרמים,255.00,100 גרם,false,,6.90,0.0271,true,1,59325
7290115676099,false,משקה דנונה פרו 20 ונ,שטראוס,IL,משקה דנונה פרו 20 ונ,גרמים,255.00,100 גרם,false,,6.90,0.0271,true,1,59326
7290115677089,false,קונפיטורת תפוח וקינמ,"בית אל מזון בע""מ",IL,יד מרדכי,גרמים,340.00,100 גרם,false,,12.90,0.0379,true,1,60097
7290115677362,false,*מבצע* דלישס נודלס ט,ניר עציון,IL,*מבצע* דלישס נודלס ט,גרמים,350.00,100 גרם,false,,21.90,0.0626,true,1,61045
7290115677966,false,ממרח אבוקדו,ג'י. אר. סימפלוט,MX,ממרח אבוקדו,גרמים,200.00,100 גרם,false,,14.90,0.0745,true,1,60386
7290115678222,false,מארז יוגורט יווני שמ,שטראוס,IL,מארז יוגורט יווני שמ,גרמים,1040.00,100 גרם,false,,24.90,0.0239,true,1,59327
7290115678376,false,מעדן הגולן שוקולד 12,שטראוס,IL,מעדן הגולן שוקולד 12,גרמים,125.00,100 גרם,false,,2.90,0.0232,true,1,59958
7290115678383,false,מעדן הגולן שוקולד מר,שטראוס,IL,מעדן הגולן שוקולד מר,גרמים,125.00,100 גרם,false,,2.90,0.0232,true,1,59959
7290115678598,false,חסה אייסברג חתוך גס,שטראוס גרופ,IL,שטראוס,גרמים,300.00,100 גרם,false,,10.50,0.0350,true,1,60807
7290115678635,false,נשנושי גבינה 16% עם,טבע עז,IL,נשנושי גבינה 16% עם,גרמים,67.00,100 גרם,false,,10.90,0.1627,true,1,64912
7290115678642,false,נשנושי גבינה 16% עם,טבע עז,IL,נשנושי גבינה 16% עם,גרמים,67.00,100 גרם,false,,10.90,0.1627,true,1,64913
7290116071480,false,כבל אייפון,,,כבל אייפון,יחידה,0.00,יחידה,false,,14.90,0.0000,true,1,56841
7290116071497,false,כבל 1M TYPE C NEW VI,,,כבל 1M TYPE C NEW VI,יחידה,0.00,יחידה,false,,19.90,0.0000,true,1,56852
7290116071596,false,אוזניה MUSIC NEW VIM,,,אוזניה MUSIC NEW VIM,יחידה,0.00,יחידה,false,,19.90,0.0000,true,1,56862
7290116071732,false,מטען קיר NEW VIMAX ר,,,מטען קיר NEW VIMAX ר,יחידה,0.00,יחידה,false,,49.90,0.0000,true,1,56876
7290116071749,false,מטען קיר NEW VIMAX ר,,,מטען קיר NEW VIMAX ר,יחידה,0.00,יחידה,false,,49.90,0.0000,true,1,56877
7290116073194,false,כבל 1.2M לבן,,,כבל 1.2M לבן,יחידה,0.00,יחידה,false,,19.90,0.0000,true,1,60574
7290116513997,false,גרבי גבר חמישיה,,,גרבי גבר חמישיה,1,5.00,1,false,,9.90,1.9800,true,1,68038
7290116514000,false,גרבי נשים חמישיה,,,גרבי נשים חמישיה,1,5.00,1,false,,9.90,1.9800,true,1,68028
7290116514918,false,גרבי גבר חורף,,,גרבי גבר חורף,1,2.00,1,false,,19.90,9.9500,true,1,68029
7290116514925,false,גרבי גבר חורף,,,גרבי גבר חורף,1,2.00,1,false,,19.90,9.9500,true,1,68030
7290116514956,false,גרבי נשים חורף,,,גרבי נשים חורף,1,2.00,1,false,,19.90,9.9500,true,1,68031
7290116514963,false,גרבי נשים חורף,,,גרבי נשים חורף,1,2.00,1,false,,19.90,9.9500,true,1,68032
7290116514987,false,גרבי נשים חורף,,,גרבי נשים חורף,1,2.00,1,false,,19.90,9.9500,true,1,68033
7290116530185,false,*מבצע* דלישקד תלמה 4,אתר שפע - Food,IL,TELMA,גרמים,400.00,100 גרם,false,,19.90,0.0497,true,1,60196
7290116530482,false,מארז קורנפלקס של אלו,תלמה,IL,מארז קורנפלקס של אלו,גרמים,150.00,100 גרם,false,,12.90,0.0860,true,1,60197
7290116530871,false,נשנושים מיקס 240 גרם,אתר בייגל - Food,IL,B&B,גרמים,240.00,100 גרם,false,,12.90,0.0538,true,1,59005
7290116530895,false,*מבצע* בדין תרסיס מי,זוהר דליה - 3P Local,IL,BADIN,מיליליטרים,500.00,"100 מ""ל",false,,14.90,0.0298,true,1,59696
7290116531069,false,*מבצע* מרק בצל קנור,יוניליוור,IL,*מבצע* מרק בצל קנור,גרמים,225.00,100 גרם,false,,14.90,0.0662,true,1,61618
7290116531076,false,*מבצע* מרק פטריות קנ,יוניליוור,IL,*מבצע* מרק פטריות קנ,גרמים,225.00,100 גרם,false,,14.90,0.0662,true,1,61619
7290116531083,false,ברנפלקס ללא תוספת סו,אתר שפע - Food,IL,TELMA,גרמים,500.00,100 גרם,false,,19.90,0.0398,true,1,60954
7290116531090,false,חטיף אפוי במליחות עד,בייגל את בייגל מזון,IL,חטיף אפוי במליחות עד,גרמים,250.00,100 גרם,false,,9.90,0.0396,true,1,61620
7290116531243,false,שמפו  ומרכך 2ב1  למנ,אתר ליוור - HPC,IL,פינוק,מיליליטרים,700.00,"100 מ""ל",false,,11.90,0.0170,true,1,61104
7290116531496,false,דגנים פריכים מצופים,נבסיז,LT,דגנים פריכים מצופים,גרמים,375.00,100 גרם,false,,19.90,0.0531,true,1,62480
7290116531557,false,מאגדת פתית פריכיות ת,גוד פוד פרודקטס,PL,מאגדת פתית פריכיות ת,גרמים,150.00,100 גרם,false,,11.90,0.0793,true,1,61763
7290116531564,false,מאגדת פתית פריכיות ק,גוד פוד פרודקטס,PL,מאגדת פתית פריכיות ק,גרמים,150.00,100 גרם,false,,11.90,0.0793,true,1,61764
7290116531663,false,תחליב רחצה בניחוח תפ,אתר ליוור - HPC,IL,PINUK,מיליליטרים,700.00,"100 מ""ל",false,,9.90,0.0141,true,1,60252
7290116531779,false,*מבצע* בדין דפי מרכך,"קלינטסט - 3p ארה""ב",US,BADIN,יח',40.00,יח',false,,14.90,0.3725,true,1,61766
7290116531885,false,מיונז טבעוני הלמנס 5,יוניליוור,IL,מיונז טבעוני הלמנס 5,גרמים,500.00,100 גרם,false,,12.90,0.0258,true,1,65642
7290116532219,false,קורנפלקס תות 448 גרם,אתר שפע - Food,IL,TELMA,גרמים,448.00,100 גרם,false,,17.90,0.0400,true,1,63221
7290116532387,false,אל סבון ידיים פינוק,אתר ליוור - HPC,IL,אל סבון ידיים פינוק,מיליליטרים,950.00,"100 מ""ל",false,,11.90,0.0125,true,1,62717
7290116532479,false,גלידת פיינט קליק שוק,גלידות שטראוס,IL,גלידת פיינט קליק שוק,מיליליטרים,520.00,"100 מ""ל",false,,21.90,0.0421,true,1,64437
7290116532585,false,ברנפלקס קרנצים דבש ו,אתר שפע - Food,IL,TELMA,גרמים,375.00,100 גרם,false,,19.90,0.0531,true,1,63490
7290116532622,false,פינוק מרכך בתוספת תמ,אתר ליוור - HPC,IL,PINUK,מיליליטרים,700.00,"100 מ""ל",false,,11.90,0.0170,true,1,63492
7290116532721,false,הלמנס לסלט לימון וזע,אתר חיפה ממרחים - Fo,IL,HELLMANNS,גרמים,295.00,100 גרם,false,,10.90,0.0369,true,1,66258
7290116532738,false,הלמנס לסלט רוטב איטל,אתר חיפה ממרחים - Fo,IL,HELLMANNS,גרמים,295.00,100 גרם,false,,10.90,0.0369,true,1,66259
7290116532769,false,גרנולה פרוטאין תפוח,תלמה,IL,גרנולה פרוטאין תפוח,גרמים,300.00,100 גרם,false,,15.90,0.0530,true,1,65637
7290116532882,false,נשנושים איירביס בצל,אתר בייגל - Food,IL,B&B,גרמים,155.00,100 גרם,false,,12.90,0.0832,true,1,67611
7290116532899,false,נשנושים איירביס פלאפ,אתר בייגל - Food,IL,B&B,גרמים,155.00,100 גרם,false,,12.90,0.0832,true,1,67610
7290116533063,false,שוגי קרטיב ענבים 400,אתר שפע - Food,IL,TELMA,גרמים,400.00,100 גרם,false,,19.90,0.0497,true,1,63966
7290116850252,false,מסננת סיליקון עגולה,,,מסננת סיליקון עגולה,יח',1.00,יח',false,,16.90,16.9000,true,1,59495
7290116850573,false,מקלף פלסטיק,,,מקלף פלסטיק,יח',1.00,יח',false,,9.90,9.9000,true,1,60777
7290116851044,false,זוג פלייסמט - קשת,,,זוג פלייסמט - קשת,יח',1.00,יח',false,,9.90,9.9000,true,1,62567
7290116851051,false,זוג פלייסמט - ארוג,,,זוג פלייסמט - ארוג,יח',1.00,יח',false,,9.90,9.9000,true,1,62568
7290116851068,false,זוג פלייסמט - פרח,,,זוג פלייסמט - פרח,יח',1.00,יח',false,,9.90,9.9000,true,1,62569
7290116851365,false,יעה+מקל,,,יעה+מקל,יח',1.00,יח',false,,13.90,13.9000,true,1,61651
7290116851372,false,כף אשפה קטן,,,כף אשפה קטן,יח',1.00,יח',false,,5.90,5.9000,true,1,61652
7290116851808,false,מברשת אסלה גומי עם מ,,,מברשת אסלה גומי עם מ,יח',1.00,יח',false,,39.90,39.9000,true,1,65889
7290116851815,false,מברשת אסלה גומי עם מ,,,מברשת אסלה גומי עם מ,יח',1.00,יח',false,,39.90,39.9000,true,1,65890
7290116930015,false,חטיף חלבון GO קרמל ח,בלמונט קונפקציות,US,חטיף חלבון GO קרמל ח,גרמים,60.00,100 גרם,false,,11.90,0.1983,true,1,67129
7290116930022,false,חטיף חלבון GO קרם עו,בלמונט קונפקציות,US,חטיף חלבון GO קרם עו,גרמים,60.00,100 גרם,false,,11.90,0.1983,true,1,67130
7290116930282,false,ארוחה בקטנה לאבנה עם,תנובה,IL,ארוחה בקטנה לאבנה עם,גרמים,150.00,100 גרם,false,,7.50,0.0500,true,1,65478
7290116930435,false,יוגורט גו סמיך 0% דו,תנובה,IL,יוגורט גו סמיך 0% דו,גרמים,200.00,100 גרם,false,,5.90,0.0295,true,1,62986
7290116930442,false,יופלה שייק בננה מנגו,תנובה,IL,יופלה שייק בננה מנגו,מיליליטרים,230.00,"100 מ""ל",false,,7.90,0.0343,true,1,63820
7290116930459,false,יופלה שייק מנגו בננה,קבוצת המזון אקטשלאר,IL,יופלה שייק מנגו בננה,מיליליטרים,230.00,"100 מ""ל",false,,7.90,0.0343,true,1,63825
7290116930466,false,יופלה שייק מנגו בננה,קבוצת המזון אקטשלאר,IL,יופלה שייק מנגו בננה,מיליליטרים,230.00,"100 מ""ל",false,,7.90,0.0343,true,1,63826
7290116930480,false,יופלה שייק בננה קיוו,קבוצת המזון אקטשלאר,IL,יופלה שייק בננה קיוו,מיליליטרים,230.00,"100 מ""ל",false,,7.90,0.0343,true,1,63821
7290116930626,false,ארוחה בקטנה ציזיקי ע,תנובה,IL,ארוחה בקטנה ציזיקי ע,גרמים,150.00,100 גרם,false,,7.50,0.0500,true,1,65479
7290116930701,false,מעדן חלב גו בטעם קרמ,תנובה,IL,מעדן חלב גו בטעם קרמ,גרמים,120.00,100 גרם,false,,4.90,0.0408,true,1,63822
7290116931074,false,פרוסות טל העמק 32% 3,תנובה,IL,פרוסות טל העמק 32% 3,גרמים,300.00,100 גרם,false,,25.90,0.0863,true,1,67325
7290116931104,false,יוגורט גו סמיך 0% אנ,תנובה,IL,יוגורט גו סמיך 0% אנ,גרמים,200.00,100 גרם,false,,5.90,0.0295,true,1,65480
7290117030752,false,מארז תבניות אלומיניו,,,מארז תבניות אלומיניו,יח',7.00,יח',false,,6.90,0.9857,true,1,65575
7290117030769,false,מארז תבניות אלומיניו,,,מארז תבניות אלומיניו,יח',7.00,יח',false,,6.90,0.9857,true,1,65576
7290117030776,false,מארז תבניות אלומיניו,,,מארז תבניות אלומיניו,יח',7.00,יח',false,,6.90,0.9857,true,1,65577
7290117030783,false,מארז תבניות אלומיניו,,,מארז תבניות אלומיניו,יח',4.00,יח',false,,6.90,1.7250,true,1,65578
7290117030790,false,מארז תבניות אלומיניו,,,מארז תבניות אלומיניו,יח',10.00,יח',false,,6.90,0.6900,true,1,65584
7290117030806,false,מארז תבניות אלומיניו,,,מארז תבניות אלומיניו,יח',10.00,יח',false,,6.90,0.6900,true,1,65585
7290117030813,false,מארז תבניות אלומיניו,,,מארז תבניות אלומיניו,יח',4.00,יח',false,,6.90,1.7250,true,1,65586
7290117030820,false,מארז תבניות אלומיניו,,,מארז תבניות אלומיניו,יח',4.00,יח',false,,6.90,1.7250,true,1,65587
7290117031506,false,כוסות נייר 40 יח' 8B,,,כוסות נייר 40 יח' 8B,יח',40.00,יח',false,,7.90,0.1975,true,1,66786
7290117032008,false,מזלגות איכותי 40 יח,,,מזלגות איכותי 40 יח,יח',40.00,יח',false,,5.90,0.1475,true,1,65650
7290117032039,false,סכינים איכותי 40 יח,,,סכינים איכותי 40 יח,יח',40.00,יח',false,,5.90,0.1475,true,1,65653
7290117032046,false,סכינים איכותי 40 יח,,,סכינים איכותי 40 יח,יח',40.00,יח',false,,5.90,0.1475,true,1,65654
7290117032060,false,כפות איכותי 40 יח קר,,,כפות איכותי 40 יח קר,יח',40.00,יח',false,,5.90,0.1475,true,1,65661
7290117032091,false,כפיות איכותי 40 יח ק,,,כפיות איכותי 40 יח ק,יח',40.00,יח',false,,5.90,0.1475,true,1,65664
7290117032589,false,צלחת גדולה 60 יח' לב,,,צלחת גדולה 60 יח' לב,יח',60.00,יח',false,,22.90,0.3817,true,1,66787
7290117032596,false,צלחת גדולה 60 יח' קר,,,צלחת גדולה 60 יח' קר,יח',60.00,יח',false,,22.90,0.3817,true,1,66995
7290117035009,false,גרעיני תירס לפופקורן,איי אס טי פופקורן,BG,גרעיני תירס לפופקורן,גרמים,500.00,100 גרם,false,,9.90,0.0198,true,1,64452
7290117035016,false,גרעיני תירס לפופקורן,איי אס טי פופקורן,BG,גרעיני תירס לפופקורן,גרמים,500.00,100 גרם,false,,9.90,0.0198,true,1,64453
7290117260463,false,*מבצע* גבינה בולגרית,"חת""ס",IL,*מבצע* גבינה בולגרית,גרמים,200.00,100 גרם,false,,9.90,0.0495,true,1,63112
7290117260470,false,*מבצע* גבינה בולגרית,"חת""ס",IL,*מבצע* גבינה בולגרית,גרמים,200.00,100 גרם,false,,9.90,0.0495,true,1,63113
7290117260562,false,חמאה בגביע 225 ג,,TR,חמאה בגביע 225 ג,גרמים,225.00,100 גרם,false,,16.90,0.0751,true,1,67705
7290117260579,false,חטיף קראנצי על בסיס,נאוגסיס,LT,חטיף קראנצי על בסיס,גרמים,80.00,100 גרם,false,,7.90,0.0988,true,1,66722
7290117260593,false,חטיף קראנצי על בסיס,נאוגסיס,LT,חטיף קראנצי על בסיס,גרמים,80.00,100 גרם,false,,7.90,0.0988,true,1,66721
7290117260920,false,*מבצע* קרקרים ללא גל,מודיאה אס.אר.אל,IT,*מבצע* קרקרים ללא גל,גרמים,125.00,100 גרם,false,,5.90,0.0472,true,1,62835
7290117260968,false,*מבצע* ביסקוויטים לל,מודיאה אס.אר.אל,IT,*מבצע* ביסקוויטים לל,גרמים,125.00,100 גרם,false,,5.90,0.0472,true,1,62836
7290117261088,false,בוראטה גבינת מוצרלה,קסריה להפואנטה,ES,בוראטה גבינת מוצרלה,גרמים,125.00,100 גרם,false,,19.90,0.1592,true,1,65702
7290117261378,false,*מבצע* גבינת קשקבל ל,קאאנלאר גידה,TR,*מבצע* גבינת קשקבל ל,גרמים,250.00,100 גרם,false,,12.90,0.0516,true,1,64039
7290117261415,false,יוגורט פרוביוטי 2.7%,סוטאש,TR,יוגורט פרוביוטי 2.7%,גרמים,125.00,100 גרם,false,,2.90,0.0232,true,1,67395
7290117261422,false,יוגורט פרוביוטי עם ת,סוטאש,TR,יוגורט פרוביוטי עם ת,גרמים,125.00,100 גרם,false,,2.90,0.0232,true,1,67396
7290117261439,false,יוגורט פרוביוטי עם פ,סוטאש,TR,יוגורט פרוביוטי עם פ,גרמים,125.00,100 גרם,false,,2.90,0.0232,true,1,67397
7290117261705,false,חמאת עיזים יורו 200,באלטאלי,TR,חמאת עיזים יורו 200,גרמים,200.00,100 גרם,false,,13.90,0.0695,true,1,63114
7290117261927,false,גבינת פקורינו מחלב כ,אל פסטור,ES,גבינת פקורינו מחלב כ,גרמים,150.00,100 גרם,false,,19.90,0.1327,true,1,65713
7290117262153,false,מיני מאפה פילו במילו,אייווניקי,GR,מיני מאפה פילו במילו,גרמים,450.00,100 גרם,false,,24.90,0.0553,true,1,67226
7290117262160,false,גבינה כפרית חצי קשה,דאלריט,ES,יורו,גרמים,200.00,100 גרם,false,,15.90,0.0795,true,1,65870
7290117262290,false,פרלינים אגוזים במילו,עלית צ'קולטה,TR,פרלינים אגוזים במילו,גרמים,50.00,100 גרם,false,,4.90,0.0980,true,1,67884
7290117262306,false,קורנפלקס מצופים שוקו,עלית צ'קולטה,TR,קורנפלקס מצופים שוקו,גרמים,50.00,100 גרם,false,,4.90,0.0980,true,1,67885
7290117262313,false,פצפוצי דגנים פריכים,עלית צ'קולטה,TR,פצפוצי דגנים פריכים,גרמים,50.00,100 גרם,false,,4.90,0.0980,true,1,67886
7290117262320,false,ביסקוויט מצופה שוקול,עלית צ'קולטה,TR,ביסקוויט מצופה שוקול,גרמים,40.00,100 גרם,false,,4.90,0.1225,true,1,67887
7290117380215,false,פוף משולש אפוי בטעם,מנה,IL,פוף משולש אפוי בטעם,גרמים,60.00,100 גרם,false,,3.90,0.0650,true,1,61483
7290117380864,false,מרבה סלים דליס בטעם,Biocentury,NL,מרבה,גרמים,120.00,100 גרם,false,,10.90,0.0908,true,1,63972
7290117383711,false,פלמוליב תחליב חלב וד,CP - Turkey+60,TR,פלמוליב תחליב חלב וד,ליטרים,1.50,ליטר,false,,29.90,19.9333,true,1,67857
7290117383735,false,פלמוליב תחליב חימר ו,CP - Turkey+60,TR,פלמוליב תחליב חימר ו,ליטרים,1.50,ליטר,false,,29.90,19.9333,true,1,67859
7290117383742,false,פלמוליב תחליב מרענן,CP - Turkey+60,TR,פלמוליב תחליב מרענן,ליטרים,1.50,ליטר,false,,29.90,19.9333,true,1,67860
7290117825662,false,כפפות ניטריל שחורות,,,כפפות ניטריל שחורות,יח',100.00,יח',false,,24.90,0.2490,true,1,65426
7290117825679,false,כפפות ניטריל שחורות,,,כפפות ניטריל שחורות,יח',100.00,יח',false,,24.90,0.2490,true,1,65427
7290117825747,false,כפפות ניטריל שחורות,,,כפפות ניטריל שחורות,יח',100.00,יח',false,,24.90,0.2490,true,1,65428
7290117825754,false,כפפות ניטריל שחורות,,,כפפות ניטריל שחורות,יח',100.00,יח',false,,24.90,0.2490,true,1,65429
7290117860038,false,תחליב רחצה יוגורט בנ,"טרופיקל גליל בע""מ",IL,תחליב רחצה יוגורט בנ,מיליליטרים,700.00,"100 מ""ל",false,,14.90,0.0213,true,1,67839
7290117860083,false,קרם רחצה בניחוח אירו,"טרופיקל גליל בע""מ",IL,קרם רחצה בניחוח אירו,מיליליטרים,700.00,"100 מ""ל",false,,14.90,0.0213,true,1,67840
7290117860090,false,מרכך מטפח לשיער רגיל,"טרופיקל גליל בע""מ",IL,מרכך מטפח לשיער רגיל,מיליליטרים,700.00,"100 מ""ל",false,,14.90,0.0213,true,1,67820
7290117860137,false,קרם רחצה בניחוח פרח,"טרופיקל גליל בע""מ",IL,קרם רחצה בניחוח פרח,מיליליטרים,700.00,"100 מ""ל",false,,14.90,0.0213,true,1,67841
7290117860144,false,שמפו למניעת קשקשים,"טרופיקל גליל בע""מ",IL,שמפו למניעת קשקשים,מיליליטרים,700.00,"100 מ""ל",false,,14.90,0.0213,true,1,67821
7290117860199,false,שמפו מעניק לחות לשיע,"טרופיקל גליל בע""מ",IL,שמפו מעניק לחות לשיע,מיליליטרים,700.00,"100 מ""ל",false,,14.90,0.0213,true,1,67822
7290117860236,false,קרם רחצה בניחוח ויול,"טרופיקל גליל בע""מ",IL,קרם רחצה בניחוח ויול,מיליליטרים,700.00,"100 מ""ל",false,,14.90,0.0213,true,1,67843
7290117860243,false,מרכך מעניק לחות לשיע,"טרופיקל גליל בע""מ",IL,מרכך מעניק לחות לשיע,מיליליטרים,700.00,"100 מ""ל",false,,14.90,0.0213,true,1,67823
7290117860335,false,ג'ל רחצה לגבר בניחוח,"טרופיקל גליל בע""מ",IL,ג'ל רחצה לגבר בניחוח,מיליליטרים,700.00,"100 מ""ל",false,,14.90,0.0213,true,1,67833
7290117860380,false,תחליב רחצה יוגורט בנ,"טרופיקל גליל בע""מ",IL,תחליב רחצה יוגורט בנ,מיליליטרים,700.00,"100 מ""ל",false,,14.90,0.0213,true,1,67845
7290117860441,false,מרכך פריחת הדובדבן,"טרופיקל גליל בע""מ",IL,מרכך פריחת הדובדבן,מיליליטרים,700.00,"100 מ""ל",false,,14.90,0.0213,true,1,67826
7290117860540,false,שמפו עדין לילדים,"טרופיקל גליל בע""מ",IL,שמפו עדין לילדים,מיליליטרים,700.00,"100 מ""ל",false,,14.90,0.0213,true,1,67828
7290117860595,false,מרכך מתיר קשרים לילד,"טרופיקל גליל בע""מ",IL,מרכך מתיר קשרים לילד,מיליליטרים,700.00,"100 מ""ל",false,,14.90,0.0213,true,1,67835
7290117860649,false,שמפו ללא סולפטים,"טרופיקל גליל בע""מ",IL,שמפו ללא סולפטים,מיליליטרים,700.00,"100 מ""ל",false,,14.90,0.0213,true,1,67829
7290117860694,false,מרכך ללא סולפטים,"טרופיקל גליל בע""מ",IL,מרכך ללא סולפטים,מיליליטרים,700.00,"100 מ""ל",false,,14.90,0.0213,true,1,67836
7290117860748,false,שמפו מעניק נפח,"טרופיקל גליל בע""מ",IL,שמפו מעניק נפח,מיליליטרים,700.00,"100 מ""ל",false,,14.90,0.0213,true,1,67830
7290117860793,false,מרכך מעניק נפח,"טרופיקל גליל בע""מ",IL,מרכך מעניק נפח,מיליליטרים,700.00,"100 מ""ל",false,,14.90,0.0213,true,1,67837
7290117860847,false,שמפו לגבר רעננות קרי,"טרופיקל גליל בע""מ",IL,שמפו לגבר רעננות קרי,מיליליטרים,700.00,"100 מ""ל",false,,14.90,0.0213,true,1,67831
7290117860946,false,תחליב רחצה יוגורט בנ,"טרופיקל גליל בע""מ",IL,תחליב רחצה יוגורט בנ,מיליליטרים,700.00,"100 מ""ל",false,,14.90,0.0213,true,1,67847
7290117860991,false,תחליב רחצה יוגורט בנ,"טרופיקל גליל בע""מ",IL,תחליב רחצה יוגורט בנ,מיליליטרים,700.00,"100 מ""ל",false,,14.90,0.0213,true,1,67848
7290117901205,false,טורטיה דגנים 420 ג,מוטלוקל,TR,טורטיה דגנים 420 ג,גרמים,420.00,100 גרם,false,,9.90,0.0236,true,1,67041
7290117901328,false,מיקס חלבה וממתקי שומ,,,מיקס חלבה וממתקי שומ,גרמים,500.00,100 גרם,false,,29.90,0.0598,true,1,65814
7290350001007,false,נייר צילום,,,נייר צילום,יח',500.00,יח',false,,22.90,0.0458,true,1,66079
7296021015199,false,מזלג עוגה פריז שישיה,,,מזלג עוגה פריז שישיה,יח',6.00,יח',false,,22.90,3.8167,true,1,1008
7296021015229,false,כפות פריז שישיה,,,כפות פריז שישיה,יח',6.00,יח',false,,29.90,4.9833,true,1,1010
7296021022562,false,"מיכל מלבן 180 מ""ל",,,"מיכל מלבן 180 מ""ל",יח',1.00,יח',false,,10.90,10.9000,true,1,1042
7296021023323,false,"מיכל מלבן 450 מ""ל",,,"מיכל מלבן 450 מ""ל",יח',1.00,יח',false,,15.90,15.9000,true,1,1043
7296021023330,false,"מיכל מלבן 900 מ""ל",,,"מיכל מלבן 900 מ""ל",יח',1.00,יח',false,,17.90,17.9000,true,1,1044
7296021023347,false,מיכל מלבן 1.1 ליטר,,,מיכל מלבן 1.1 ליטר,יח',1.00,יח',false,,24.90,24.9000,true,1,1045
7296021023354,false,מיכל מלבן 2.4 ליטר,,,מיכל מלבן 2.4 ליטר,יח',1.00,יח',false,,30.90,30.9000,true,1,1046
7296021040016,false,קולפן פרפקטו,,,קולפן פרפקטו,יח',1.00,יח',false,,21.90,21.9000,true,1,1110
7296021040047,false,מקצפת ביצים פרפקטו,,,מקצפת ביצים פרפקטו,יח',1.00,יח',false,,22.90,22.9000,true,1,1113
7296021040566,false,"קערת נירוסטה 22 ס""מ",,,"קערת נירוסטה 22 ס""מ",יח',1.00,יח',false,,21.90,21.9000,true,1,1131
7296021040580,false,"קערת נירוסטה 26 ס""מ",,,"קערת נירוסטה 26 ס""מ",יח',1.00,יח',false,,27.90,27.9000,true,1,1133
7296021046889,false,מאג זכוכית,,,מאג זכוכית,יח',1.00,יח',false,,4.90,4.9000,true,1,1168
7296021116322,false,ספל טרמי נירוסטה,,,ספל טרמי נירוסטה,יח',1.00,יח',false,,14.90,14.9000,true,1,1280
7296021122750,false,מזלג סט 6 - תמר סכום,,,מזלג סט 6 - תמר סכום,יח',1.00,יח',false,,14.90,14.9000,true,1,62842
7296021122767,false,כפית סט 6 - תמר סכום,,,כפית סט 6 - תמר סכום,יח',1.00,יח',false,,10.90,10.9000,true,1,62843
7296021125706,false,מיכל אחסון 1 ליטר,,,מיכל אחסון 1 ליטר,יח,1.00,יח,false,,16.90,16.9000,true,1,1320
7296021127090,false,תרמוס שתיה 1 ליטר ני,,,תרמוס שתיה 1 ליטר ני,יח',1.00,יח',false,,64.90,64.9000,true,1,29424
7296021137273,false,בוצ'ר בלוק 33*20*1.5,,,בוצ'ר בלוק 33*20*1.5,יח',1.00,יח',false,,29.90,29.9000,true,1,47681
7296021137280,false,בוצ'ר בלוק 35*25*1.5,,,בוצ'ר בלוק 35*25*1.5,יח',1.00,יח',false,,39.90,39.9000,true,1,47682
7296021137860,false,חותך רצועות כרוב,,,חותך רצועות כרוב,יח',1.00,יח',false,,17.90,17.9000,true,1,1398
7296021141843,false,פורס ביצים כפול,,,פורס ביצים כפול,יח',1.00,יח',false,,21.90,21.9000,true,1,1414
7296021141850,false,פורס ביצים יחיד,,,פורס ביצים יחיד,יח',1.00,יח',false,,13.90,13.9000,true,1,1415
7296021152177,false,סכין פריז זוג,,,סכין פריז זוג,יח',2.00,יח',false,,16.90,8.4500,true,1,32177
7296021160875,false,מספריים למטבח עם מגנ,,,מספריים למטבח עם מגנ,יח',1.00,יח',false,,23.90,23.9000,true,1,30320
7296021161193,false,צנצנת זכוכית מרובעת,,,צנצנת זכוכית מרובעת,יח',1.00,יח',false,,14.90,14.9000,true,1,32180
7296021161537,false,קופסת אחסון זכוכית 8,,,קופסת אחסון זכוכית 8,יח,1.00,יח,false,,22.90,22.9000,true,1,52625
7296021161605,false,קופסאת אחסון זכוכית,,,קופסאת אחסון זכוכית,יח,1.00,יח,false,,16.90,16.9000,true,1,52630
7296021161612,false,קופסאת אחסון זכוכית,,,קופסאת אחסון זכוכית,יח,1.00,יח,false,,26.90,26.9000,true,1,52631
7296021170652,false,פותחן שימורים,,,פותחן שימורים,יח',1.00,יח',false,,9.90,9.9000,true,1,50900
7296021170799,false,סוחט הדרים בינוני,,,סוחט הדרים בינוני,יח',1.00,יח',false,,26.90,26.9000,true,1,49015
7296021171031,false,סט 3 קולפנים,,,סט 3 קולפנים,יח',1.00,יח',false,,14.90,14.9000,true,1,48564
7296021172380,false,"סכין 20 ס""מ ידית עץ",,,"סכין 20 ס""מ ידית עץ",יח',1.00,יח',false,,19.90,19.9000,true,1,48796
7296021259821,false,"כוס מאג נעמן 355 מ""ל",,,"כוס מאג נעמן 355 מ""ל",יח,1.00,יח,false,,8.90,8.9000,true,1,58440
7296021266690,false,מסננת ידית עץ פרפקטו,,,מסננת ידית עץ פרפקטו,יח',1.00,יח',false,,16.90,16.9000,true,1,60277
7296021266713,false,מסננת ידית עץ פרפקטו,,,מסננת ידית עץ פרפקטו,יח',1.00,יח',false,,22.90,22.9000,true,1,60278
7296021271564,false,"מאג 385 מ""ל 4 עיצובי",,,"מאג 385 מ""ל 4 עיצובי",יח',1.00,יח',false,,10.90,10.9000,true,1,62862
7296021273162,false,סכין סט 6 ירקות אדום,,,סכין סט 6 ירקות אדום,יח',1.00,יח',false,,13.90,13.9000,true,1,62864
7296021633621,false,קרש חיתוך במבוק 24*3,,,קרש חיתוך במבוק 24*3,יח',1.00,יח',false,,39.90,39.9000,true,1,1571
7296049014570,false,קוברה מסחטת הדרים חש,,,קוברה מסחטת הדרים חש,ליטרים,1.00,ליטר,false,,59.90,59.9000,true,1,68062
7296049014600,false,קוברה מסחטת הדרים חש,,,קוברה מסחטת הדרים חש,ליטרים,1.00,ליטר,false,,59.90,59.9000,true,1,68002
7296049226973,false,לקיטשן מאג זכוכית די,,,לקיטשן מאג זכוכית די,יח,1.00,יח,false,,5.90,5.9000,true,1,67780
7296058110010,false,פריכיות אורז מלא 110,פרח תעשיות,IL,פריכיות אורז מלא 110,גרמים,110.00,100 גרם,false,,4.90,0.0445,true,1,65819
7296082000080,false,ביצי חופש 12 יח,,,ביצי חופש 12 יח,יח',12.00,יח',false,,19.90,1.6583,true,1,28718
7296082000103,false,ביצים סופר טרי M 30,,,ביצים סופר טרי M 30,יח',30.00,יח',false,,27.80,0.9267,true,1,28705
7296082000110,false,בצים סופר טרי L 30,,,בצים סופר טרי L 30,יח',30.00,יח',false,,30.10,1.0033,true,1,28706
7296082000127,false,ביצים ענק 12,,,ביצים ענק 12,יח',12.00,יח',false,,12.40,1.0333,true,1,48498
7296082000134,false,ביצים גדול L 12,,,ביצים גדול L 12,יח',12.00,יח',false,,12.05,1.0042,true,1,28707
7296082000141,false,ביצים בינוני M12,,,ביצים בינוני M12,יח',12.00,יח',false,,11.15,0.9292,true,1,28708
7296082000165,false,ביצים אורגניות 12 יח,,,ביצים אורגניות 12 יח,יח',12.00,יח',false,,22.90,1.9083,true,1,28709
7296107000002,false,מלפפון במלח 7-9 670,,IL,פרי חן,גרמים,670.00,100 גרם,false,,5.50,0.0082,true,1,56326
7296107000033,false,מלפפון בחומץ 7-9 670,,IL,פרי חן,גרמים,670.00,100 גרם,false,,5.50,0.0082,true,1,56327
7296107000439,false,חרוזית ירוק 560 גרם,,IL,פרי חן,גרמים,560.00,100 גרם,false,,7.90,0.0141,true,1,56328
7296155150698,false,דלי,,,דלי,יח',1.00,יח',false,,9.90,9.9000,true,1,28418
7297395000019,false,בדי בדיקה 20 יח',,,בדי בדיקה 20 יח',יח',20.00,יח',false,,7.90,0.3950,true,1,47833
7297461005191,false,שמיכת פלאנל זוגית 20,,,שמיכת פלאנל זוגית 20,יח,1.00,יח,false,,29.90,29.9000,true,1,57122
7297488098169,false,דגש קמח תירס,"תבליני העליון בע""מ",IL,דגש,גרמים,500.00,100 גרם,false,,11.90,0.0238,true,1,2447
7297488098213,false,דגש קמח קינואה,"תבליני העליון בע""מ",IL,דגש,גרמים,500.00,100 גרם,false,,28.90,0.0578,true,1,2451
7297488098688,false,דגש פצפוצי אורז מלא,"תירפז בע""מ",IL,דגש,גרמים,450.00,100 גרם,false,,20.90,0.0464,true,1,2464
7297488099753,false,דגש עוגיות בטעם שוקו,,,דגש עוגיות בטעם שוקו,יחידה,250.00,יחידה,false,,29.90,0.1196,true,1,64190
7297623220196,false,נעלי בריאות נשים,,,נעלי בריאות נשים,יח',1.00,יח',false,,25.90,25.9000,true,1,67707
7297623220202,false,נעלי בריאות גברים,,,נעלי בריאות גברים,יח',1.00,יח',false,,25.90,25.9000,true,1,67708
7298171161139,false,מטריית חורף ילדים מו,,,מטריית חורף ילדים מו,יחידה,0.00,יחידה,false,,12.90,0.0000,true,1,52107
7312040017683,false,"וודקה אבסולוט 700 מ""",,,"וודקה אבסולוט 700 מ""ל",מיליליטרים,700.00,"100 מ""ל",false,,59.90,0.0856,true,1,12110
7394376123337,false,אוטלי שיבולת שועל או,טרנסומס פוד,SE,אוטלי,ליטרים,1.00,ליטר,false,,13.90,13.9000,true,1,55855
7394376616778,false,אוטלי משקה שיבולת שו,טרנסומס פוד,SE,אוטלי,ליטרים,1.00,ליטר,false,,15.90,15.9000,true,1,55858
7394376620294,false,אוטלי משקה שיבולת שו,טרנסומס פוד,SE,אוטלי,ליטרים,1.00,ליטר,false,,15.90,15.9000,true,1,67463
7501013122053,true,נקטר ג'ומקס קרטונית,תומקס קומרסאליזדורה,MX,ג'ומקס,ליטרים,1.00,ליטר,false,,9.90,9.9000,true,1,52003
7501013122114,true,נקטר ג'ומקס קרטונית,תומקס קומרסאליזדורה,MX,ג'ומקס,ליטרים,1.00,ליטר,false,,9.90,9.9000,true,1,52004
7501013122992,true,נקטר ג'ומקס קרטונית,תומקס קומרסאליזדורה,MX,ג'ומקס,ליטרים,1.00,ליטר,false,,9.90,9.9000,true,1,52006
7501049936945,false,*מבצע* בירה סול שישי,,MX,*מבצע* בירה סול שישי,ליטרים,1.98,ליטר,false,,29.90,15.1010,true,1,55457
7501064191398,false,בירה קורונה שישיה,סרבסריה מודלו,MX,corona extra,ליטרים,2.13,ליטר,false,,34.90,16.3850,true,1,52017
7509546061665,false,ספיד סטיק אקסטרים אי,Colgate - USA,US,ספיד סטיק,גרמים,85.00,100 גרם,false,,19.90,0.2341,true,1,66739
7509546061672,false,ספיד סטיק אקסטרים סט,Colgate - USA,US,ספיד סטיק,גרמים,50.00,100 גרם,false,,16.90,0.3380,true,1,66740
7509546666846,false,קולגייט טוטאל משחת ש,קולגייט פלמוליב,MX,קולגייט טוטאל משחת ש,מיליליטרים,75.00,"100 מ""ל",false,,19.90,0.2653,true,1,59420
7610100034084,false,מיונז טומי 265 גרם,טומי,CH,טומי,גרמים,265.00,100 גרם,false,,10.90,0.0411,true,1,13110
7610113011652,false,בקרדי בריזר תפוח,טמפו,DE,בקרדי,מיליליטרים,275.00,"100 מ""ל",false,,13.90,0.0505,true,1,55872
7610211130804,false,הרמזית 800 טבליות,,CH,הרמזית,יח',800.00,יח',false,,24.90,0.0311,true,1,61816
7610243004463,false,דורגול מרסס להסרת אב,דורינג,CH,דורגול מרסס להסרת אב,מיליליטרים,600.00,"100 מ""ל",false,,19.90,0.0332,true,1,48579
7610400068505,false,לינדור בונבוניירה מי,לינדט ושפרונגלי קילש,CH,בונבוניירה לינדור 200 גרם,גרמים,200.00,100 גרם,false,,22.90,0.1145,true,1,3906
7610400075770,false,לינדט לה גרנד שוקולד,לינדט,FR,לינדט,גרמים,150.00,100 גרם,false,,24.90,0.1660,true,1,27282
7610400075787,false,לינדט לה גרנד שוקולד,לינדט,FR,לינדט,גרמים,150.00,100 גרם,false,,24.90,0.1660,true,1,27283
7610400085946,false,לינדט לה גרנד שוקולד,לינדט,,לינדט,גרמים,150.00,100 גרם,false,,24.90,0.1660,true,1,51280
7610400091060,false,לינדט אקסלנס שוקולד,לינדט ושפרונגלי קילש,CH,שוקולד לינדט תפוז,גרמים,100.00,100 גרם,false,,14.90,0.1490,true,1,55454
7613030979647,false,טריקס 480 גרם,נסטלה,US,TRIX,גרמים,480.00,100 גרם,false,,19.90,0.0415,true,1,30963
7613032045753,false,פיטנס שוקולד 375 גרם,נסטלה צרפת איטנקורט,FR,FITNESS,גרמים,375.00,100 גרם,false,,19.90,0.0531,true,1,5471
7613033548192,false,פיטנס שוקולד מריר 37,נסטלה צרפת איטנקורט,FR,FITNESS,גרמים,375.00,100 גרם,false,,19.90,0.0531,true,1,5489
7613034146656,false,פורינה ONE מיני בוגר,פורינה,IT,פורינה,קילוגרמים,1.50,"ק""ג",false,,59.90,39.9333,true,1,52386
7613035379817,false,דנטלייף גזע קטן 115,,,דנטלייף גזע קטן 115,גרמים,115.00,100 גרם,false,,14.90,0.1296,true,1,62004
7613035548374,false,גולדן מיניס 570 גרם,נסטלה פולין דגני בוק,PL,CINI-MINIS,גרמים,570.00,100 גרם,false,,19.90,0.0349,true,1,5503
7613035622623,false,גרנולה פיטנס דבש 300,CPW,BE,פיטנס,גרמים,300.00,100 גרם,false,,15.90,0.0530,true,1,5504
7613035807778,false,פרפקטו רוטב עגבניות,נסטלה ספרד,ES,פרפקטו,גרמים,400.00,100 גרם,false,,9.90,0.0248,true,1,5507
7613035809109,false,פרפקטו רוטב עגבניות,נסטלה ספרד,ES,פרפקטו,גרמים,400.00,100 גרם,false,,9.90,0.0248,true,1,5508
7613035809123,false,פרפקטו רוטב עגבניות,נסטלה ספרד,ES,פרפקטו,גרמים,400.00,100 גרם,false,,9.90,0.0248,true,1,5509
7613035809857,false,פרפקטו רוטב עגבניות,נסטלה ספרד,ES,פרפקטו,גרמים,400.00,100 גרם,false,,9.90,0.0248,true,1,5510
7613036288026,false,"דוגלי גורים 3*4 ק""ג",,,"דוגלי גורים 3*4 ק""ג",יחידה,0.00,יחידה,false,,49.90,0.0000,true,1,55268
7613036520492,false,פרפקטו רוטב עגבניות,נסטלה ספרד,ES,פרפקטו,גרמים,400.00,100 גרם,false,,9.90,0.0248,true,1,30677
7613036725286,false,דנטלייף חתול סלמון 4,,,דנטלייף חתול סלמון 4,גרמים,40.00,100 גרם,false,,9.90,0.2475,true,1,62005
7613036976718,false,פאוץ' פריסקיז ברווז,,,פאוץ' פריסקיז ברווז,גרמים,85.00,100 גרם,false,,5.90,0.0694,true,1,56103
7613037012200,false,גרבר פאוצ' בטעם תפוח,נסטלה ספרד,ES,גרבר פאוצ' בטעם תפוח,גרמים,90.00,100 גרם,false,,5.90,0.0656,true,1,53057
7613037276091,false,נסטלה מיקס מיני אריז,נסטלה,FR,נסטלה מיקס מיני אריז,גרמים,200.00,100 גרם,false,,17.90,0.0895,true,1,50610
7613037686906,false,פיטנס דבש ושקדים 355,נסטלה צרפת איטנקורט,FR,FITNESS,גרמים,355.00,100 גרם,false,,19.90,0.0561,true,1,52498
7613037811629,false,קורנפלקס גו פרי 500,,,קורנפלקס גו פרי 500,גרמים,500.00,100 גרם,false,,10.90,0.0218,true,1,53348
7613038268262,false,צ'ריוס האני נאט מופח,ג.נרל מילס,US,CHEERIOS,גרמים,410.00,100 גרם,false,,19.90,0.0485,true,1,52904
7613039547731,false,גרבר פאוצ' בטעם תפוח,נסטלה ספרד,ES,גרבר פאוצ' בטעם תפוח,גרמים,90.00,100 גרם,false,,5.90,0.0656,true,1,56416
7613039770450,false,המבורגר טבעול סנסשיו,טבעול צ'כיה,,המבורגר טבעול סנסשיו,גרמים,226.00,100 גרם,false,,34.90,0.1544,true,1,56784
7613039879382,false,"מחית תפו""ע גרבר 190",ארג'זה - פולין,PL,"מחית תפו""ע גרבר 190",גרמים,190.00,100 גרם,false,,5.90,0.0311,true,1,58674
7613039880807,false,מחית תפוח גזר גרבר 1,ארג'זה - פולין,PL,מחית תפוח גזר גרבר 1,גרמים,190.00,100 גרם,false,,5.90,0.0311,true,1,57582
7613039881521,false,מחית מנגו גרבר 190 ג,ארג'זה - פולין,PL,מחית מנגו גרבר 190 ג,גרמים,190.00,100 גרם,false,,5.90,0.0311,true,1,57583
7613287121783,false,סמרטיס מיני 187 גרם,נסטלה,DE,סמרטיס,גרמים,187.00,100 גרם,false,,13.90,0.0743,true,1,62388
7613287155832,false,גרבר פאוצ' בטעם תפוח,נסטלה ספרד,ES,גרבר פאוצ' בטעם תפוח,גרמים,90.00,100 גרם,false,,5.90,0.0656,true,1,58675
7613287155894,false,גרבר פאוצ' בטעם אפרס,נסטלה ספרד,ES,גרבר פאוצ' בטעם אפרס,גרמים,90.00,100 גרם,false,,5.90,0.0656,true,1,58484
7613287155924,false,גרבר פאוצ' בטעם תפוח,נסטלה ספרד,ES,גרבר פאוצ' בטעם תפוח,גרמים,90.00,100 גרם,false,,5.90,0.0656,true,1,58677
7613287181411,false,פאוצ' ויטמינצ'יק סלט,,IL,פאוצ' ויטמינצ'יק סלט,גרמים,110.00,100 גרם,false,,5.90,0.0536,true,1,60214
7613287182326,false,פאוצ' ויטמינצ'יק בננ,,IL,פאוצ' ויטמינצ'יק בננ,גרמים,110.00,100 גרם,false,,5.90,0.0536,true,1,60215
7613287182425,false,פאוצ' ויטמינצ'יק תפו,,IL,פאוצ' ויטמינצ'יק תפו,גרמים,110.00,100 גרם,false,,5.90,0.0536,true,1,60217
7613287186928,false,סטארבקס קפסולות ברקפ,נסטלה,CH,סטארבקס קפסולות ברקפ,גרמים,56.00,100 גרם,false,,21.90,0.3911,true,1,60145
7613287325822,false,רוטב מיקס לחיץ,אסם,PL,רוטב מיקס לחיץ,גרמים,295.00,100 גרם,false,,14.90,0.0505,true,1,60722
7613287325853,false,רוטב ספייסי איולי לח,אסם,PL,רוטב ספייסי איולי לח,גרמים,295.00,100 גרם,false,,14.90,0.0505,true,1,60723
7613287476494,false,מיונז לחיץ,אסם,PL,מיונז לחיץ,גרמים,280.00,100 גרם,false,,14.90,0.0532,true,1,60726
7613287476678,false,סיני מיניס צ'ורוס 36,נסטלה,US,TRIX,גרמים,360.00,100 גרם,false,,19.90,0.0553,true,1,60143
7613287821348,false,נתחוני עוף טבעוני סנ,טבעול צ'כיה,,נתחוני עוף טבעוני סנ,גרמים,350.00,100 גרם,false,,34.90,0.0997,true,1,61111
7622010001858,false,אוראו וניל 176 גרם ב,מונדלייז,ES,אוראו,גרמים,176.00,100 גרם,false,,8.90,0.0506,true,1,22712
7622201050757,false,מילקה-שוק' חלב עם קר,מונדלייז,DE,מילקה,גרמים,100.00,100 גרם,false,,5.90,0.0590,true,1,22713
7622201120931,false,מילקה אוראו לבן 100,מונדלייז,UA,מילקה,גרמים,100.00,100 גרם,false,,5.90,0.0590,true,1,62250
7622201139278,false,גבינת פילדלפיה 27% ש,מונדלז,ES,פילדלפיה,גרמים,150.00,100 גרם,false,,13.90,0.0927,true,1,53339
7622201401900,false,עוגיות מילקה סנסיישן,מונדלייז,PL,מילקה,גרמים,156.00,100 גרם,false,,10.90,0.0699,true,1,56756
7622201521493,false,פילדלפיה שום ועשבי ת,מונדלז,ES,פילדלפיה,גרמים,150.00,100 גרם,false,,13.90,0.0927,true,1,64366
7622201798154,false,פילדלפיה לייט 150 גר,מונדלז,ES,פילדלפיה,גרמים,150.00,100 גרם,false,,13.90,0.0927,true,1,60589
7622201801809,false,מילקה- שוק' חלב עם א,מונדלייז,DE,מילקה,גרמים,100.00,100 גרם,false,,5.90,0.0590,true,1,59846
7622201802363,false,מילקה -שוק' חלב עם צ,מונדלייז,DE,מילקה,גרמים,100.00,100 גרם,false,,5.90,0.0590,true,1,59847
7622201802394,false,מילקה - שוק' חלב 100,מונדלייז,DE,מילקה,גרמים,100.00,100 גרם,false,,5.90,0.0590,true,1,59848
7622201808631,false,אוראו מיני כוסות בטע,מונדלז,ID,אוראו,גרמים,67.00,100 גרם,false,,6.90,0.1030,true,1,59849
7622201813390,false,מילקה וואפל במילוי ק,מונדלייז,PL,מילקה,גרמים,150.00,100 גרם,false,,10.90,0.0727,true,1,59590
7622210078131,false,מילקה דיים 100 גרם ח,מונדלייז,DE,מילקה,גרמים,100.00,100 גרם,false,,5.90,0.0590,true,1,22714
7622210137234,false,עוגיות אוראו דאבל קר,מונדלייז,ES,אוראו,גרמים,170.00,100 גרם,false,,9.90,0.0582,true,1,22716
7622210163899,false,מילקה שוקולד חלב עם,מונדלייז,DE,מילקה,גרמים,100.00,100 גרם,false,,5.90,0.0590,true,1,31634
7622210453327,false,עוגיות מילקה סנסיישן,מונדלייז,PL,מילקה,גרמים,156.00,100 גרם,false,,10.90,0.0699,true,1,28971
7622210637994,false,אוראו ביס קראנ'צי או,מונדלייז,ES,אוראו,גרמים,110.00,100 גרם,false,,7.90,0.0718,true,1,56814
7622210638021,false,אוראו ביס קראנ'צי בצ,מונדלייז,ES,אוראו,גרמים,110.00,100 גרם,false,,7.90,0.0718,true,1,56815
7622210664150,false,עוגיות אוראו וניל 39,,,אוראו,גרמים,396.00,100 גרם,false,,14.90,0.0376,true,1,66546
7622210826053,false,שוקולד מילקה אוראו ס,מונדלייז,HU,מילקה,גרמים,92.00,100 גרם,false,,5.90,0.0641,true,1,56755
7622300270506,false,מילקה גריינס - עוגיו,מונדלייז,PL,מילקה,גרמים,168.00,100 גרם,false,,10.90,0.0649,true,1,22723
7622300441715,false,עוגיות מילקה שוקומינ,מונדלייז,CZ,מילקה,גרמים,150.00,100 גרם,false,,10.90,0.0727,true,1,22726
7622300489427,false,עוגיות אוראו בציפוי,מונדלייז,ES,אוראו,גרמים,246.00,100 גרם,false,,14.90,0.0606,true,1,30882
7622300489434,false,עוגיות אוראו בציפוי,מונדלייז,ES,אוראו,גרמים,246.00,100 גרם,false,,14.90,0.0606,true,1,30883
7622300495046,false,מילקה אקסטרה קקאו 10,מונדלייז,DE,מילקה,גרמים,100.00,100 גרם,false,,5.90,0.0590,true,1,22727
7622300503079,false,מילקה מוו 200 גרם,מונדלייז,PL,מילקה,גרמים,168.00,100 גרם,false,,10.90,0.0649,true,1,22729
7622300617820,false,מילקה אוראו 100 גרם,מונדלייז,DE,מילקה,גרמים,100.00,100 גרם,false,,5.90,0.0590,true,1,22730
7622400005190,false,מילקה חום לבן חדש,מונדלייז,DE,מילקה,גרמים,100.00,100 גרם,false,,5.90,0.0590,true,1,22732
7630311507016,false,סטארבקס קפסולות סאני,נסטלה,CH,סטארבקס קפסולות סאני,גרמים,56.00,100 גרם,false,,21.90,0.3911,true,1,62657
7630477891592,false,סטארבקס קפסולות האוס,נסטלה,CH,סטארבקס קפסולות האוס,גרמים,57.00,100 גרם,false,,21.90,0.3842,true,1,56418
7630477891615,false,סטארבקס קפסולות סומט,נסטלה,CH,סטארבקס קפסולות סומט,גרמים,55.00,100 גרם,false,,21.90,0.3982,true,1,56419
7630477891653,false,סטארבקס קפסולות אספר,נסטלה,CH,סטארבקס קפסולות אספר,גרמים,57.00,100 גרם,false,,21.90,0.3842,true,1,56421
7630477891677,false,סטארבקס קפסולות פייק,נסטלה,CH,סטארבקס קפסולות פייק,גרמים,53.00,100 גרם,false,,21.90,0.4132,true,1,56422
7630477891738,false,סטארבקס קפסולות אספר,נסטלה,CH,סטארבקס קפסולות אספר,גרמים,53.00,100 גרם,false,,21.90,0.4132,true,1,56425
7702018263783,false,סכיני גילוח מאכ 3 שמ,,,סכיני גילוח מאכ 3 שמ,יח',1.00,יח',false,,69.90,69.9000,true,1,52422
7702018404476,false,קצף גילוח סירייס הגנ,פרוקטר אנד גמבל,PL,Gillette,מיליליטרים,250.00,"100 מ""ל",false,,17.90,0.0716,true,1,9295
7702018489619,false,סכיני בלו 3 שלישיה,פרוקטר אנד גמבל,PL,Gillette,יח',3.00,יח',false,,17.90,5.9667,true,1,52082
7702018866984,false,סכיני פיוזן ידני 4 י,פרוקטר אנד גמבל,PL,Gillette,יח',4.00,יח',false,,59.90,14.9750,true,1,9299
7702024074625,false,חטיפי קרקר פיטנס חיט,,CO,חטיפי קרקר פיטנס חיט,גרמים,234.00,100 גרם,false,,11.90,0.0509,true,1,35691
7702174066631,false,לקקנים פין פופ 10 יח,אלדור,EC,יוגטה,יח',10.00,יח',false,,7.90,0.7900,true,1,13114
7702174068826,false,לקקן יוגטה 12 יח שקי,אלדור,EC,יוגטה,גרמים,300.00,100 גרם,false,,8.90,0.0297,true,1,13117
7702174068833,false,לקקן יוגטה 12 יח שקי,אלדור,EC,יוגטה,גרמים,216.00,100 גרם,false,,8.90,0.0412,true,1,13118
7702174070201,false,לקקן יוגטה 12 יח שקי,אלדור,EC,יוגטה,גרמים,216.00,100 גרם,false,,8.90,0.0412,true,1,13120
7754617030150,false,נורת לד 15 וואט,,,נורת לד 15 וואט,יח',1.00,יח',false,,12.90,12.9000,true,1,51370
7754617035551,false,ת.חרום ניידת ליתיום,,,ת.חרום ניידת ליתיום,יח',1.00,יח',false,,34.90,34.9000,true,1,57182
7791875005353,false,הוואנה דולצה דה לצה,פרימיום ברנד,ES,הוואנה דולצה דה לצה,גרמים,450.00,100 גרם,false,,18.90,0.0420,true,1,63801
7792860006218,false,בייבי דול לקקן רביעי,לרטייר,AR,בייבידול,גרמים,24.00,100 גרם,false,,2.50,0.1042,true,1,3913
7798141877836,false,גאטו נגרו סוביניון ב,,AR,גאטו נגרו סוביניון ב,מיליליטרים,750.00,"100 מ""ל",false,,39.90,0.0532,true,1,61040
7798150160066,false,אוכמניות,,,אוכמניות,יח,1.00,יח,false,,9.90,9.9000,true,1,67702
7804414000860,false,*מבצע* דון חוליו קבר,לואיס פליפה אדוארדס,CL,דון חוליו,מיליליטרים,750.00,"100 מ""ל",false,,24.90,0.0332,true,1,11753
7804414000877,false,*מבצע* דון חוליו מרל,לואיס פליפה אדוארדס,CL,דון חוליו,מיליליטרים,750.00,"100 מ""ל",false,,24.90,0.0332,true,1,11754
7804414000884,false,*מבצע* דון חוליו שרד,לואיס פליפה אדוארדס,CL,דון חוליו,מיליליטרים,750.00,"100 מ""ל",false,,24.90,0.0332,true,1,11755
7804414012351,false,*מבצע* דון חוליו מלב,לואיס פליפה אדוארדס,CL,דון חוליו,מיליליטרים,750.00,"100 מ""ל",false,,24.90,0.0332,true,1,11761
7891024124826,false,קולגייט משחת אופטיק,Colgate - Brazil,BR,קולגייט,מיליליטרים,75.00,"100 מ""ל",false,,19.90,0.2653,true,1,20329
8000070003798,false,קפסולות לוואצה אמודו,לואיג'י לוואצה,IT,קפסולות לוואצה אמודו,גרמים,120.00,100 גרם,false,,29.90,0.2492,true,1,67005
8000070003811,false,קפסולות לוואצה אמודו,לואיג'י לוואצה,IT,קפסולות לוואצה אמודו,גרמים,120.00,100 גרם,false,,29.90,0.2492,true,1,67006
8000070064577,false,קפסולות לוואצה אמודו,לואיג'י לוואצה,IT,קפסולות לוואצה אמודו,גרמים,120.00,100 גרם,false,,29.90,0.2492,true,1,67002
8000070081000,false,קפסולות לוואצה הרמונ,לואיג'י לוואצה,IT,קפסולות לוואצה הרמונ,יח',10.00,יח',false,,16.90,1.6900,true,1,47973
8000215204219,false,Vitariz - משקה אורז,,,משקה אורז אורגני,ליטרים,1.00,ליטר,false,,12.90,12.9000,true,1,15870
8000215204240,false,Vitariz - משקה שקדים,נטורפוד,IT,משקה שקדים אורגני,ליטרים,1.00,ליטר,false,,12.90,12.9000,true,1,15871
8000215204370,false,ויטריז לבישול - תחלי,,,ויטריז לבישול - תחלי,גרמים,200.00,100 גרם,false,,6.90,0.0345,true,1,64197
8000215204554,false,Vitariz - משקה אורז,,,Vitariz - משקה אורז,יחידה,0.00,יחידה,false,,12.90,0.0000,true,1,64199
8000215204677,false,Vitariz - משקה שיבול,אלינור,IT,Vitariz - משקה שיבול,ליטרים,1.00,ליטר,false,,12.90,12.9000,true,1,62520
8000215204714,false,Primavena - משקה שיב,,,משקה שיבולת שועל אורגני,ליטרים,1.00,ליטר,false,,12.90,12.9000,true,1,15874
8000380003723,false,לואקר אגוז גרנד פטיס,לואקר,IT,לואקר,גרמים,100.00,100 גרם,false,,12.90,0.1290,true,1,13124
8000380003761,false,לואקר קוקוס גרנד פטי,לואקר,IT,לואקר קוקוס,גרמים,100.00,100 גרם,false,,12.90,0.1290,true,1,13126
8000380004669,false,וופל לואקר קקאו 200,לואקר,AT,לואקר,גרמים,200.00,100 גרם,false,,12.90,0.0645,true,1,13129
8000380004676,false,וופל וניל 200 גרם,לואקר,AT,לואקר,גרמים,200.00,100 גרם,false,,12.90,0.0645,true,1,13130
8000380004911,false,וופל לואקר קודרטיני,לואקר,AT,לואקר,גרמים,250.00,100 גרם,false,,13.90,0.0556,true,1,13132
8000380004942,false,וופל לואקר קודרטיני,לואקר,AT,לואקר,גרמים,250.00,100 גרם,false,,13.90,0.0556,true,1,13134
8000380004966,false,וופל לואקר קודרטיני,לואקר,AT,לואקר,גרמים,250.00,100 גרם,false,,13.90,0.0556,true,1,13135
8000380005598,false,טורטינה שישייה מריר,לואקר,IT,לואקר,גרמים,125.00,100 גרם,false,,15.90,0.1272,true,1,13136
8000380007219,false,לואקר אגוז 175 גרם,לואקר,AT,לואקר,גרמים,175.00,100 גרם,false,,10.90,0.0623,true,1,13141
8000380007257,false,וופל גרדנה אגוז 200,לואקר,IT,לואקר,גרמים,200.00,100 גרם,false,,13.90,0.0695,true,1,13143
8000380007264,false,לואקר קקאו 175 גרם,לואקר,AT,לואקר,גרמים,175.00,100 גרם,false,,10.90,0.0623,true,1,13144
8000380007271,false,לואקר חלב 175 גרם,לואקר,AT,לואקר,גרמים,175.00,100 גרם,false,,10.90,0.0623,true,1,13145
8000380106028,false,טורטינה שישייה חלב,לואקר,IT,לואקר,גרמים,125.00,100 גרם,false,,15.90,0.1272,true,1,13147
8000380144044,false,וופל גרדנה שוקולד 20,לואקר,AT,וופל גרדנה שוקולד 200גר,גרמים,200.00,100 גרם,false,,13.90,0.0695,true,1,13150
8000380148035,false,לואקר מריר אגוזים,לואקר,,לואקר מריר אגוזים,גרמים,100.00,100 גרם,false,,12.90,0.1290,true,1,13151
8000380153534,false,טורטינה שישייה לבן,לואקר,IT,לואקר,גרמים,125.00,100 גרם,false,,15.90,0.1272,true,1,13159
8000380156009,false,לואקר דולומיטים שוקו,,,בונבוניירה ורד הדולמיטים,גרמים,150.00,100 גרם,false,,21.90,0.1460,true,1,27717
8000380156825,false,לואקר שוקולד חלב מעו,לואקר,IT,לואקר,גרמים,87.00,100 גרם,false,,6.90,0.0793,true,1,13166
8000380156849,false,לואקר טבלה מריר 87 ג,לואקר,IT,לואקר,גרמים,87.00,100 גרם,false,,6.90,0.0793,true,1,13168
8000380156856,false,שוקולד חלב לבן לואקר,לואקר,IT,לואקר,גרמים,87.00,100 גרם,false,,6.90,0.0793,true,1,13169
8000380157440,false,שוקולד לואקר אגוזי ל,לואקר,IT,לואקר,גרמים,85.00,100 גרם,false,,6.90,0.0812,true,1,13170
8000380157587,false,לואקר שוקולד 50% תוס,לואקר,AT,לואקר,גרמים,262.50,100 גרם,false,,9.90,0.0377,true,1,27410
8000380180745,false,וופל לואקר קודרטיני,לואקר,AT,לואקר,גרמים,250.00,100 גרם,false,,13.90,0.0556,true,1,13174
8000380180837,false,לואקר שוקולד לבן,לואקר,IT,לואקר,גרמים,100.00,100 גרם,false,,12.90,0.1290,true,1,13176
8000380187119,false,עוגיות אגוזי לוז לוא,לואקר,IT,עוגיות לואקר,גרמים,100.00,100 גרם,false,,15.90,0.1590,true,1,56836
8000380187249,false,עוגיות שקדים לואקר 1,לואקר,IT,עוגיות לואקר,גרמים,100.00,100 גרם,false,,15.90,0.1590,true,1,56837
8000380189281,false,מארז מיני מיקס לואקר,לואקר,AT,לואקר,גרמים,210.00,100 גרם,false,,19.90,0.0948,true,1,31929
8000380192199,false,לואקר אגוז 175 גרם ד,לואקר,AT,לואקר,גרמים,175.00,100 גרם,false,,10.90,0.0623,true,1,49765
8000380192243,false,לואקר מקסי בטעם אגוז,לואקר,IT,לואקר מקסי בטעם אגוז,גרמים,200.00,100 גרם,false,,12.90,0.0645,true,1,50743
8000380192250,false,לואקר מקסי בטעם שוקו,לואקר,IT,לואקר מקסי בטעם שוקו,גרמים,200.00,100 גרם,false,,12.90,0.0645,true,1,50744
8000380205523,false,לואקר חמאת בוטנים 17,לואקר,AT,לואקר,גרמים,175.00,100 גרם,false,,10.90,0.0623,true,1,63174
8000380207183,false,טורטינה שישייה חמאת,לואקר,IT,לואקר,גרמים,126.00,100 גרם,false,,15.90,0.1262,true,1,63176
8000500009673,false,פררו רושה 300 גרם,פררו,IT,פררו,גרמים,300.00,100 גרם,false,,44.90,0.1497,true,1,26159
8000500023624,false,קינדר הפי-היפו חמישי,פררו,IT,פררו,גרמים,103.00,100 גרם,false,,11.90,0.1155,true,1,26160
8000500023976,false,רפאלו 150 גרם,פררו,IT,פררו,גרמים,150.00,100 גרם,false,,14.90,0.0993,true,1,26161
8000500026731,false,ביצת קינדר שלישייה,פררו,IT,פררו,יח',3.00,יח',false,,14.90,4.9667,true,1,26162
8000500029350,false,בואנו שלשות חלב,פררו,PL,פררו,גרמים,129.00,100 גרם,false,,9.90,0.0767,true,1,26163
8000500037874,false,פררו רושה 200 גרם,פררו,IT,פררו,גרמים,200.00,100 גרם,false,,23.90,0.1195,true,1,26165
8000500071083,false,קינדר 200,פררו,IT,פררו,גרמים,200.00,100 גרם,false,,11.90,0.0595,true,1,26166
8000500075708,false,קינדר ג'וי שלישיה כח,פררו,ZA,פררו,גרמים,60.00,100 גרם,false,,14.90,0.2483,true,1,26167
8000500126325,false,קינדר ג'וי שלישיה,פררו,ZA,פררו,גרמים,60.00,100 גרם,false,,14.90,0.2483,true,1,26169
8000500127728,false,קינדר מילק סלייס עוג,פררו,TR,קינדר מילק סלייס עוג,גרמים,112.00,100 גרם,false,,11.90,0.1063,true,1,59224
8000500167656,false,קינדר שוקולד עם דגני,פררו,IT,קינדר שוקולד עם דגני,גרמים,94.00,100 גרם,false,,8.50,0.0904,true,1,51576
8000500172810,false,טיק טק רביעייה,אלדור,EC,יוגטה,גרמים,64.00,100 גרם,false,,9.90,0.1547,true,1,26171
8000500217740,false,קינדר בואנו מיני,פררו,PL,קינדר,גרמים,86.00,100 גרם,false,,10.90,0.1267,true,1,54422
8000500227848,false,*מבצע* נוטלה בי רדי,פררו,IT,פררו,גרמים,132.00,100 גרם,false,,9.90,0.0750,true,1,31618
8000500249352,false,קינדר בואנו מיני מיק,פררו,PL,קינדר,גרמים,205.00,100 גרם,false,,19.90,0.0971,true,1,28130
8000500256213,false,שוקולד קינדר מיני 12,פררו,IT,שוקולד קינדר מיני 12,גרמים,120.00,100 גרם,false,,10.90,0.0908,true,1,48314
8000500267103,false,*מבצע* קינדר דליס 10,פררו,IT,*מבצע* קינדר דליס 10,יח',10.00,יח',false,,17.90,1.7900,true,1,38023
8000500269169,false,קינדר קארדס חמישייה,פררו,IT,קינדר קארדס חמישייה,גרמים,128.00,100 גרם,false,,12.90,0.1008,true,1,66253
8001003100218,false,סוכריות ג'לי יוגטה 8,סרז'טו,IT,יוגטה,גרמים,800.00,100 גרם,false,,15.90,0.0199,true,1,13180
8001090016003,false,פיירי טבליות למדיח 8,פרוקטר אנד גמבל,BE,פיירי,יח',84.00,יח',false,,44.90,0.5345,true,1,9308
8001090184375,false,"פיירי אורגינל 900 מ""",פרוקטר אנד גמבל,GB,פיירי,מיליליטרים,900.00,"100 מ""ל",false,,11.90,0.0132,true,1,65422
8001090222725,false,הרבל אסנסס שמפו 400,פרוקטר אנד גמבל,FR,הרבל אסנסס,מיליליטרים,400.00,"100 מ""ל",false,,14.90,0.0373,true,1,51062
8001090290830,false,אורל בי משחה פנינה ב,,,אורל בי משחה פנינה ב,יח,1.00,יח,false,,19.90,19.9000,true,1,58399
8001090336408,false,פמפרס בייבי דריי מיד,פרוקטר אנד גמבל,PL,פמפרס,יח,38.00,יח,false,,30.90,0.8132,true,1,52727
8001090336521,false,פמפרס בייבי דריי מיד,פרוקטר אנד גמבל,PL,פמפרס,יח,30.00,יח,false,,30.90,1.0300,true,1,52730
8001090336606,false,פמפרס בייבי דריי מיד,פרוקטר אנד גמבל,PL,פמפרס,יח,26.00,יח,false,,30.90,1.1885,true,1,52731
8001090375186,false,"פנטן מרכך 200 מ""ל",פרוקטר אנד גמבל,RO,Pantene,מיליליטרים,200.00,"100 מ""ל",false,,13.90,0.0695,true,1,31094
8001090375230,false,"פנטן מרכך 200 מ""ל",פרוקטר אנד גמבל,RO,Pantene,מיליליטרים,200.00,"100 מ""ל",false,,13.90,0.0695,true,1,31095
8001090375285,false,"פנטן מרכך 200 מ""ל",פרוקטר אנד גמבל,RO,Pantene,מיליליטרים,200.00,"100 מ""ל",false,,13.90,0.0695,true,1,31096
8001090379337,false,פמפרס פרימיום VP מיד,פרוקטר אנד גמבל,TR,Pampers,יח',40.00,יח',false,,30.90,0.7725,true,1,29503
8001090379368,false,פמפרס פרימיום VP מיד,פרוקטר אנד גמבל,TR,Pampers,יח',34.00,יח',false,,30.90,0.9088,true,1,29504
8001090493637,false,שמפו שולדרס אולטרא 4,פרוקטר אנד גמבל,RO,H&S,מיליליטרים,450.00,"100 מ""ל",false,,18.90,0.0420,true,1,28177
8001090580122,false,שמפו שולדרס סופרים,פרוקטר אנד גמבל,FR,H&S,מיליליטרים,400.00,"100 מ""ל",false,,18.90,0.0472,true,1,48937
8001090678614,false,שמפו שולדרס סופרים,פרוקטר אנד גמבל,FR,H&S,מיליליטרים,400.00,"100 מ""ל",false,,18.90,0.0472,true,1,48941
8001090721099,false,אריאל קפסולות לכביסה,פרוקטר אנד גמבל,FR,Ariel,יח',27.00,יח',false,,30.90,1.1444,true,1,35631
8001090734044,false,מגן תחתון אולווייז מ,פרוקטר אנד גמבל,UA,אולוייז,יח',64.00,יח',false,,18.90,0.2953,true,1,30565
8001090737809,false,מגן תחתון אולוויז סי,פרוקטר אנד גמבל,ES,אולוויז,יח',36.00,יח',false,,15.90,0.4417,true,1,37958
8001090740717,false,מגן תחתון אולדייז מג,פרוקטר אנד גמבל,DE,Fem Care,יח',76.00,יח',false,,18.90,0.2487,true,1,30566
8001090832450,false,פנטן שמפו נוסחה קלאס,פרוקטר אנד גמבל,RO,פנטן,מיליליטרים,660.00,"100 מ""ל",false,,19.90,0.0302,true,1,55523
8001090832535,false,פנטן שמפו שמן מרוקאי,פרוקטר אנד גמבל,RO,פנטן,מיליליטרים,660.00,"100 מ""ל",false,,19.90,0.0302,true,1,55524
8001090832610,false,פנטן שמפו למגע רך כמ,פרוקטר אנד גמבל,RO,פנטן,מיליליטרים,660.00,"100 מ""ל",false,,19.90,0.0302,true,1,55526
8001090832696,false,פנטן שמפו לתלתלים מו,פרוקטר אנד גמבל,RO,פנטן,מיליליטרים,660.00,"100 מ""ל",false,,19.90,0.0302,true,1,55527
8001090832771,false,פנטן שמפו הזנת קרטין,פרוקטר אנד גמבל,RO,פנטן,מיליליטרים,660.00,"100 מ""ל",false,,19.90,0.0302,true,1,55529
8001090832818,false,פנטן קונדישנר נוסחה,פרוקטר אנד גמבל,RO,פנטן,מיליליטרים,660.00,"100 מ""ל",false,,19.90,0.0302,true,1,55530
8001090832856,false,פנטן קונדישנר מרוקאי,פרוקטר אנד גמבל,RO,פנטן,מיליליטרים,660.00,"100 מ""ל",false,,19.90,0.0302,true,1,55531
8001090832894,false,פנטן קונדישנר לחות מ,פרוקטר אנד גמבל,RO,פנטן,מיליליטרים,660.00,"100 מ""ל",false,,19.90,0.0302,true,1,55532
8001090832931,false,פנטן קונדישנר למגע ר,פרוקטר אנד גמבל,RO,פנטן,מיליליטרים,660.00,"100 מ""ל",false,,19.90,0.0302,true,1,55533
8001090832979,false,פנטן מרכך לתלתלים מו,פרוקטר אנד גמבל,RO,פנטן,מיליליטרים,660.00,"100 מ""ל",false,,19.90,0.0302,true,1,55534
8001090833051,false,פנטן מרכך הזנת קרטין,פרוקטר אנד גמבל,RO,פנטן,מיליליטרים,660.00,"100 מ""ל",false,,19.90,0.0302,true,1,55535
8001090891273,false,לנור כדוריות 210 גרם,פרוקטר אנד גמבל,US,לנור,גרמים,210.00,100 גרם,false,,26.90,0.1281,true,1,58608
8001090899194,false,תחבושת אולוויז פלטינ,פרוקטר אנד גמבל,DE,אולוויז,יח,24.00,יח,false,,18.90,0.7875,true,1,52134
8001090899255,false,תחבושת אולוויז פלטינ,פרוקטר אנד גמבל,DE,אולוויז,יח,16.00,יח,false,,18.90,1.1812,true,1,52136
8001090899286,false,תחבושת אולוויז פלטינ,פרוקטר אנד גמבל,DE,אולוויז,יח,14.00,יח,false,,18.90,1.3500,true,1,52137
8001090992338,false,פיירי טבליות למדיח פ,פרוקטר אנד גמבל,BE,פיירי,יח',50.00,יח',false,,44.90,0.8980,true,1,53280
8001620015629,false,פרוטה תפוז ותפוז אדו,סאן בנדטו,,פרוטה תפוז ותפוז אדו,מיליליטרים,400.00,"100 מ""ל",false,,6.50,0.0163,true,1,62270
8001620015636,false,פרוטה מיקס פירות 400,סאן בנדטו,,פרוטה מיקס פירות 400,מיליליטרים,400.00,"100 מ""ל",false,,6.50,0.0163,true,1,62271
8001620017456,false,סאן בנדטו שישייה 500,טמפו,,סאן בנדטו שישייה 500,מיליליטרים,3000.00,"100 מ""ל",false,,14.90,0.0050,true,1,32292
8001620018408,false,פרוטה מנגו תפוח 400,סאן בנדטו,,פרוטה מנגו תפוח 400,מיליליטרים,400.00,"100 מ""ל",false,,6.50,0.0163,true,1,62272
8001841006710,false,לנור כדוריות בניחוח,פרוקטר אנד גמבל,GB,לנור,גרמים,210.00,100 גרם,false,,26.90,0.1281,true,1,58609
8001841053684,false,תחבושות אולוויז עבה,פרוקטר אנד גמבל,HU,אולוויז,יח',12.00,יח',false,,10.90,0.9083,true,1,49371
8001841096889,false,פיירי קלאסי לימון 90,פרוקטר אנד גמבל,TR,פיירי,מיליליטרים,900.00,"100 מ""ל",false,,7.90,0.0088,true,1,46821
8001841104751,false,פמפרס פרימיום VP מיד,פרוקטר אנד גמבל,TR,Pampers,יח',52.00,יח',false,,30.90,0.5942,true,1,52694
8001841137179,false,קונדישנר הד שולדרס 2,פרוקטר אנד גמבל,RO,הד שולדרס,מיליליטרים,275.00,"100 מ""ל",false,,10.90,0.0396,true,1,52160
8001841137216,false,קונדישנר הד שולדרס 2,פרוקטר אנד גמבל,RO,הד שולדרס,מיליליטרים,275.00,"100 מ""ל",false,,10.90,0.0396,true,1,52161
8001841272757,false,אורל בי משחת שיניים,,,אורל בי משחת שיניים,יח,1.00,יח,false,,19.90,19.9000,true,1,60991
8001841427126,false,מגן תח. אולוויז מגה,פרוקטר אנד גמבל,DE,אולוויז,יח',64.00,יח',false,,18.90,0.2953,true,1,56163
8001841500799,false,הרבל אסנס שמפו ללא ס,פרוקטר אנד גמבל,FR,הרבל אסנסס,מיליליטרים,380.00,"100 מ""ל",false,,14.90,0.0392,true,1,59498
8001841500942,false,הרבל אסנס שמפו ללא ס,פרוקטר אנד גמבל,FR,הרבל אסנסס,מיליליטרים,380.00,"100 מ""ל",false,,14.90,0.0392,true,1,59499
8001841502298,false,הרבל אסנס מרכך ללא ס,פרוקטר אנד גמבל,FR,הרבל אסנסס,מיליליטרים,380.00,"100 מ""ל",false,,14.90,0.0392,true,1,59500
8001841502601,false,הרבל אסנס מרכך ללא ס,פרוקטר אנד גמבל,FR,הרבל אסנסס,מיליליטרים,380.00,"100 מ""ל",false,,14.90,0.0392,true,1,59501
8001841566771,false,לנור כדוריות 210 גרם,פרוקטר אנד גמבל,US,לנור,גרמים,210.00,100 גרם,false,,26.90,0.1281,true,1,58610
8001841625188,false,פיירי לימון פלטיניום,פרוקטר אנד גמבל,GB,פיירי,מיליליטרים,515.00,"100 מ""ל",false,,9.90,0.0192,true,1,54354
8001841625287,false,פיירי פלטיניום 1.015,,,פיירי פלטיניום 1.015,ליטרים,1.01,ליטר,false,,13.90,13.7624,true,1,56974
8001841625362,false,פיירי פלטינום לימון,פרוקטר אנד גמבל,GB,פיירי,מיליליטרים,780.00,"100 מ""ל",false,,11.90,0.0153,true,1,65475
8001841625461,false,פיירי פלטיניום 515 מ,פרוקטר אנד גמבל,GB,פיירי,מיליליטרים,515.00,"100 מ""ל",false,,9.90,0.0192,true,1,54419
8001841625508,false,פיירי פלטיניום 1.015,,,פיירי פלטיניום 1.015,ליטרים,1.01,ליטר,false,,13.90,13.7624,true,1,56975
8001841669465,false,אריאל קפסולות לכביסה,פרוקטר אנד גמבל,FR,Ariel,יח',24.00,יח',false,,30.90,1.2875,true,1,58932
8001841715957,false,שולדרס ג'ל רחצה ושמפ,,FR,שולדרס,מיליליטרים,360.00,"100 מ""ל",false,,16.90,0.0469,true,1,59808
8001841716312,false,שולדרס ג'ל רחצה ושמפ,,FR,שולדרס,מיליליטרים,360.00,"100 מ""ל",false,,16.90,0.0469,true,1,59809
8001841716596,false,שולדרס ג'ל רחצה ושמפ,,FR,שולדרס,מיליליטרים,360.00,"100 מ""ל",false,,16.90,0.0469,true,1,59811
8001841943961,false,לנור כדוריות 210 גרם,פרוקטר אנד גמבל,US,לנור,גרמים,210.00,100 גרם,false,,26.90,0.1281,true,1,58611
8001841960081,false,פיירי  פלטינום 37 יח,פרוקטר אנד גמבל,BE,פיירי  פלטינום 37 יח,יח',37.00,יח',false,,34.90,0.9432,true,1,61639
8002270015656,false,מים סאן פלגרינו 750,ברקן סגל,IL,ס.פלגרינו,מיליליטרים,750.00,"100 מ""ל",false,,9.50,0.0127,true,1,12122
8002270866524,false,מים סן פלגרינו 1 ליט,ברקן סגל,IL,ס.פלגרינו,ליטרים,1.00,ליטר,false,,8.90,8.9000,true,1,12124
8002450201008,false,*מבצע* ורדי רסברי,בוסקה,IT,ורדי,מיליליטרים,750.00,"100 מ""ל",false,,19.90,0.0265,true,1,11765
8002450202005,false,*מבצע* ורדי אסאי,בוסקה,IT,ורדי,מיליליטרים,750.00,"100 מ""ל",false,,19.90,0.0265,true,1,11766
8002450204009,false,*מבצע* ורדי אפרסק,בוסקה,IT,ורדי,מיליליטרים,750.00,"100 מ""ל",false,,19.90,0.0265,true,1,11767
8002450205006,false,*מבצע* ורדי תות שדה,בוסקה,IT,ורדי,מיליליטרים,750.00,"100 מ""ל",false,,19.90,0.0265,true,1,11768
8003340091280,false,לינדור בונבוניירה 60,לינדט ושפרונגלי קילש,CH,בונבוניירה לינדור 200 גרם,גרמים,200.00,100 גרם,false,,22.90,0.1145,true,1,3914
8004030022010,false,ריו מארה אינסלטיסימי,בולטון,IT,ריו מרה טונה ירקות גינה 1,גרמים,160.00,100 גרם,false,,16.90,0.1056,true,1,20336
8004030026018,false,ריו מרה אנסלטיסימי מ,בולטון,IT,ריו מרה טונה מקסיקני 160,גרמים,160.00,100 גרם,false,,16.90,0.1056,true,1,20337
8004030044005,false,ריו מרה טונה בשמן זי,BOLTON GROUP- RIO,IT,ריו מרה,גרמים,160.00,100 גרם,false,,18.90,0.1181,true,1,20338
8004030081024,false,ריו מרה טונה בשמן זי,BOLTON GROUP- RIO,IT,ריו מרה,גרמים,160.00,100 גרם,false,,18.90,0.1181,true,1,20339
8004030177000,false,ריו מרה טונה בשמן זי,BOLTON GROUP- RIO,IT,ריו מרה,גרמים,240.00,100 גרם,false,,27.90,0.1162,true,1,31386
8004030344938,false,ריו מרה טונה בשמן זי,BOLTON GROUP- RIO,IT,ריו מרה,גרמים,240.00,100 גרם,false,,27.90,0.1162,true,1,20342
8004030845046,false,ריו מארה אינסלטיסימי,בולטון,IT,ריו מרה טונה מקסיקני 160,גרמים,160.00,100 גרם,false,,16.90,0.1056,true,1,49653
8004030860001,false,ריו מרה אינסלטיסמי ק,בולטון,IT,ריו מרה טונה ירקות גינה 1,גרמים,160.00,100 גרם,false,,16.90,0.1056,true,1,20344
8004800005526,false,*מבצע* גלילי וופל לא,לאגו,IT,*מבצע* גלילי וופל לא,גרמים,125.00,100 גרם,false,,7.90,0.0632,true,1,65836
8005110002243,false,תרכיז עגבניות 185 גר,mutti s.p.a,IT,MUTTI,גרמים,185.00,100 גרם,false,,7.90,0.0427,true,1,57115
8005110170300,false,שלישיית עגבניות מרוס,mutti s.p.a,IT,MUTTI,גרמים,400.00,100 גרם,false,,17.90,0.0447,true,1,27050
8005110191015,false,פאסטה עגבניות עם בזי,mutti s.p.a,IT,mutti,גרמים,700.00,100 גרם,false,,11.90,0.0170,true,1,29058
8005200256587,false,נסטי בטעם אפרסק 1.5,סן-פלגרינו,IL,נסטי,ליטרים,1.50,ליטר,false,,8.50,5.6667,true,1,61374
8005200286584,false,נסטי בטעם מנגו אננס,סן-פלגרינו,IL,נסטי,ליטרים,1.50,ליטר,false,,8.50,5.6667,true,1,61375
8005200316588,false,נסטי בטעם אפרסק דיאט,סן-פלגרינו,IL,נסטי,ליטרים,1.50,ליטר,false,,7.90,5.2667,true,1,61376
8005803010357,false,גריסיני קלאסי 125 גר,הוסטה איטליה,IT,גריסיני קלאסי 125 גר,גרמים,125.00,100 גרם,false,,6.50,0.0520,true,1,13190
8005803010371,false,גריסיני רוזמרין 125,הוסטה איטליה,IT,גריסיני רוזמרין 125,גרמים,125.00,100 גרם,false,,6.50,0.0520,true,1,13191
8006540091937,false,לנור כדוריות בניחוח,פרוקטר אנד גמבל,GB,לנור,גרמים,210.00,100 גרם,false,,26.90,0.1281,true,1,60839
8006540112793,false,מרכך לנור מרוכז בניח,פרוקטר אנד גמבל,FR,לנור,מיליליטרים,900.00,"100 מ""ל",false,,15.90,0.0177,true,1,59352
8006540112823,false,מרכך לנור מרוכז בניח,פרוקטר אנד גמבל,FR,לנור,מיליליטרים,900.00,"100 מ""ל",false,,15.90,0.0177,true,1,59353
8006540112854,false,מרכך לנור מרוכז בניח,פרוקטר אנד גמבל,FR,לנור,מיליליטרים,900.00,"100 מ""ל",false,,15.90,0.0177,true,1,59354
8006540353004,false,טמפונים טמפקס פרל סו,פרוקטר אנד גמבל,HU,Fem Care,יח',18.00,יח',false,,20.90,1.1611,true,1,61271
8006540358498,false,טמפונים טמפקס פרל סו,פרוקטר אנד גמבל,HU,Fem Care,יח',18.00,יח',false,,20.90,1.1611,true,1,61486
8006540425930,false,אריאל קפסולות לכביסה,פרוקטר אנד גמבל,FR,Ariel,יח',24.00,יח',false,,30.90,1.2875,true,1,61640
8006540429327,false,"פיירי לימון 440 מ""ל",,CZ,"פיירי לימון 440 מ""ל",מיליליטרים,440.00,"100 מ""ל",false,,9.90,0.0225,true,1,62147
8006540491539,false,פיירי פלטינום אורגינ,פרוקטר אנד גמבל,GB,פיירי,מיליליטרים,780.00,"100 מ""ל",false,,11.90,0.0153,true,1,65476
8006540495186,false,מרכך לנור מרוכז בייב,פרוקטר אנד גמבל,FR,לנור,מיליליטרים,900.00,"100 מ""ל",false,,15.90,0.0177,true,1,64440
8006540495216,false,מרכך לנור מרוכז בניו,פרוקטר אנד גמבל,FR,לנור,מיליליטרים,900.00,"100 מ""ל",false,,15.90,0.0177,true,1,64607
8006540495247,false,מרכך לנור מרוכז פרחי,פרוקטר אנד גמבל,FR,לנור,מיליליטרים,900.00,"100 מ""ל",false,,15.90,0.0177,true,1,67609
8007178120310,false,חומץ בלסמי גקובזי 50,FATTORIE GIACOBAZZI,IT,ז'קובזי,מיליליטרים,500.00,"100 מ""ל",false,,19.90,0.0398,true,1,22735
8008245004861,false,*מבצע* ממרח אגוזי לו,נאטקו,IT,*מבצע* ממרח אגוזי לו,גרמים,300.00,100 גרם,false,,12.90,0.0430,true,1,59410
8008660210038,false,*מבצע* מעדן תות שדה,מנד אנד גאסר,IT,*מבצע* מעדן תות שדה,גרמים,300.00,100 גרם,false,,14.90,0.0497,true,1,17949
8008660210045,false,*מבצע* מעדן פירות יע,מנד אנד גאסר,IT,*מבצע* מעדן פירות יע,גרמים,300.00,100 גרם,false,,14.90,0.0497,true,1,17950
8008857114194,false,פסטה רג'יה ללא גלוטן,רגיה,IT,פסטה רג'יה ללא גלוטן,גרמים,400.00,100 גרם,false,,8.90,0.0223,true,1,64032
8008857114484,false,פסטה רג'יה ללא גלוטן,רגיה,IT,פסטה רג'יה ללא גלוטן,גרמים,400.00,100 גרם,false,,8.90,0.0223,true,1,64031
8008857200057,false,פסטה רג'יה ספגטי שטו,רגיה,IT,תומר,גרמים,500.00,100 גרם,false,,4.90,0.0098,true,1,19620
8008857200194,false,פסטה רג'יה ספגטי 500,רגיה,IT,תומר,גרמים,500.00,100 גרם,false,,4.90,0.0098,true,1,19621
8008857200200,false,פסטה רג'יה ספגטי דק,,,פסטה רג'יה איטלקית 500 גר,גרמים,500.00,100 גרם,false,,4.90,0.0098,true,1,19622
8008857300238,false,פסטה רג'יה גליל 500,רגיה,IT,תומר,גרמים,500.00,100 גרם,false,,4.90,0.0098,true,1,19623
8008857300344,false,פסטה רג'יה צינור 500,רגיה,IT,תומר,גרמים,500.00,100 גרם,false,,4.90,0.0098,true,1,19624
8008857300481,false,פסטה רג'יה בורג  500,רגיה,IT,תומר,גרמים,500.00,100 גרם,false,,4.90,0.0098,true,1,19625
8008857300580,false,פסטה רג'יה איטלקית 5,,,פסטה רג'יה איטלקית 5,גרמים,500.00,100 גרם,false,,4.90,0.0098,true,1,58976
8008857300603,false,פסטה רג'יה איטלקית 5,,,פסטה רג'יה איטלקית 5,גרמים,500.00,100 גרם,false,,4.90,0.0098,true,1,61171
8008857300634,false,פסטה רג'יה תלתל 500,רגיה,IT,תומר,גרמים,500.00,100 גרם,false,,4.90,0.0098,true,1,19627
8008857300641,false,פסטה רג'יה קונכיה 50,רגיה,IT,תומר,גרמים,500.00,100 גרם,false,,4.90,0.0098,true,1,19628
8008857300771,false,פסטה רג'יה אטריות מר,,,פסטה רג'יה אטריות מר,גרמים,500.00,100 גרם,false,,4.90,0.0098,true,1,52133
8008857500003,false,אטריות עגולות דקות ר,רגיה,IT,תומר,גרמים,500.00,100 גרם,false,,7.90,0.0158,true,1,19632
8008857601052,false,לזניה רג'יה 500 גרם,giglio specialite pa,IT,לזניה רג'יה 500 גרם,גרמים,500.00,100 גרם,false,,9.90,0.0198,true,1,46746
8008912010034,false,ספגטי ליגורי מספר 3,פסטה ליגורי,IT,ליגורי,גרמים,500.00,100 גרם,false,,7.90,0.0158,true,1,57470
8008912010270,false,פסטה ליגורי קסרצ'ה 5,פסטה ליגורי,IT,ליגורי,גרמים,500.00,100 גרם,false,,7.90,0.0158,true,1,57465
8008912010300,false,פסטה ליגורי פרפלה 50,פסטה ליגורי,IT,ליגורי,גרמים,500.00,100 גרם,false,,7.90,0.0158,true,1,57466
8008912010317,false,פסטה ליגורי פוזילי 5,פסטה ליגורי,IT,ליגורי,גרמים,500.00,100 גרם,false,,7.90,0.0158,true,1,57467
8008912010331,false,פסטה ליגורי ניוקטי ס,פסטה ליגורי,IT,ליגורי,גרמים,500.00,100 גרם,false,,7.90,0.0158,true,1,57468
8008912010423,false,פסטה ליגורי פנה ריגט,פסטה ליגורי,IT,ליגורי,גרמים,500.00,100 גרם,false,,7.90,0.0158,true,1,57469
8008912016012,false,לזניה מספר 102 ליגור,פסטיפישיו פציון ס.פ.,IT,לזניה מספר 102 ליגור,גרמים,500.00,100 גרם,false,,15.90,0.0318,true,1,62479
8009470009041,false,"סימבה בקר לחתול 2 ק""",,,"סימבה בקר לחתול 2 ק""",קילוגרמים,2.00,"ק""ג",false,,34.90,17.4500,true,1,63543
8017938005122,false,חומץ תפוחים אורגני -,,,חומץ תפוחים אורגני -,גרמים,750.00,100 גרם,false,,20.90,0.0279,true,1,64216
8017938005146,false,ביוטרנטינו - מיץ אוכ,,,ביוטרנטינו - מיץ אוכ,גרמים,330.00,100 גרם,false,,39.90,0.1209,true,1,64217
8024985002783,false,נטורה נובה - סמוזי ג,,,נטורה נובה - סמוזי ג,גרמים,100.00,100 גרם,false,,4.90,0.0490,true,1,64226
8024985002912,false,נטורה נובה - סמוזי ת,נטורה נובה,IT,נטורה נובה - סמוזי ת,גרמים,100.00,100 גרם,false,,4.90,0.0490,true,1,53156
8024985002967,false,נטורה נובה - סמוזי ב,,,נטורה נובה - סמוזי ב,גרמים,100.00,100 גרם,false,,4.90,0.0490,true,1,64229
8024985003988,false,נטורה נובה - סמוזי ת,נטורה נובה,IT,נטורה נובה - סמוזי ת,גרמים,100.00,100 גרם,false,,4.90,0.0490,true,1,53157
8024985004305,false,נטורה נובה - סמוזי ת,,,נטורה נובה - סמוזי ת,גרמים,400.00,100 גרם,false,,19.90,0.0497,true,1,64231
8024985005234,false,נטורה נובה - סמוזי מ,נטורה נובה,IT,נטורה נובה - סמוזי מ,גרמים,100.00,100 גרם,false,,4.90,0.0490,true,1,53158
8024985005296,false,נטורה נובה - סמוזי א,,,נטורה נובה - סמוזי א,גרמים,120.00,100 גרם,false,,6.90,0.0575,true,1,64232
8024985008051,false,נטורה נובה - סמוזי פ,נטורה נובה,IT,נטורה נובה - סמוזי פ,גרמים,100.00,100 גרם,false,,4.90,0.0490,true,1,53160
8032793342458,false,*מבצע* עגבניות מרוסק,קונסוריזיו דל פרומוד,IT,*מבצע* עגבניות מרוסק,גרמים,700.00,100 גרם,false,,8.90,0.0127,true,1,7944
8032804430471,false,פליסיה קופסא - סדנינ,,,פליסיה קופסא - סדנינ,גרמים,250.00,100 גרם,false,,12.90,0.0516,true,1,64239
8032804430914,false,פליסיה קופסא - פנה ש,,,פליסיה קופסא - פנה ש,גרמים,340.00,100 גרם,false,,16.90,0.0497,true,1,64242
8032804430921,false,פליסיה קופסא - לינגו,,,פליסיה קופסא - לינגו,גרמים,250.00,100 גרם,false,,21.90,0.0876,true,1,64243
8076800195019,false,ברילה צ.א ספגטי מס1,BARILLA,IT,ברילה,גרמים,500.00,100 גרם,false,,6.90,0.0138,true,1,20346
8076800195033,false,פסטה ברילה צורות צ.א,BARILLA,IT,ברילה,גרמים,500.00,100 גרם,false,,6.90,0.0138,true,1,20347
8076800195057,false,פסטה ברילה צורות צ.א,BARILLA,IT,ברילה,גרמים,500.00,100 גרם,false,,6.90,0.0138,true,1,20348
8076800195132,false,פסטה ברילה צורות צ.א,BARILLA,IT,ברילה,גרמים,500.00,100 גרם,false,,6.90,0.0138,true,1,20349
8076800315097,false,פסטה ברילה צורות צ.א,BARILLA,IT,ברילה,גרמים,500.00,100 גרם,false,,6.90,0.0138,true,1,20350
8076802085738,false,פסטה ברילה צורות צ.ק,BARILLA,IT,ברילה,גרמים,500.00,100 גרם,false,,6.90,0.0138,true,1,20352
8076802085837,false,פסטה ברילה צורות צ.ק,BARILLA,IT,ברילה,גרמים,500.00,100 גרם,false,,6.90,0.0138,true,1,20353
8076802085981,false,פסטה ברילה צורות צ.ק,BARILLA,IT,ברילה,גרמים,500.00,100 גרם,false,,6.90,0.0138,true,1,20355
8076808060654,false,פסטה ברילה צורות צ.ק,BARILLA,IT,ברילה,גרמים,500.00,100 גרם,false,,6.90,0.0138,true,1,20358
8076808150072,false,פסטה ברילה צורות צ.א,BARILLA,IT,ברילה,גרמים,500.00,100 גרם,false,,6.90,0.0138,true,1,20360
8076809512268,false,פסטה ברילה צורות צ.ק,BARILLA,IT,ברילה,גרמים,500.00,100 גרם,false,,6.90,0.0138,true,1,20361
8076809513388,false,ברילה רוטב ארביאטה 4,BARILLA,IT,ברילה,גרמים,400.00,100 גרם,false,,14.90,0.0373,true,1,20362
8076809513395,false,ברילה רוטב פומודורו,BARILLA,IT,ברילה,מיליליטרים,333.00,"100 מ""ל",false,,14.90,0.0447,true,1,20363
8076809513654,false,ברילה בסיס לבולונז 4,BARILLA,IT,ברילה,גרמים,400.00,100 גרם,false,,14.90,0.0373,true,1,20364
8076809513692,false,ברילה רוטב נפולטנה 4,BARILLA,IT,ברילה,מיליליטרים,333.00,"100 מ""ל",false,,14.90,0.0447,true,1,20365
8076809513739,false,ברילה רוטב בזיליקום,BARILLA,IT,ברילה,גרמים,400.00,100 גרם,false,,14.90,0.0373,true,1,20366
8076809523561,false,ברילה רוטב פסטה בטעם,BARILLA,IT,ברילה,גרמים,400.00,100 גרם,false,,14.90,0.0373,true,1,20368
8076809545440,false,ברילה ספגטי ללא גלוט,ברילה,IT,ברילה,גרמים,400.00,100 גרם,false,,14.90,0.0373,true,1,20374
8076809545457,false,ברילה צינורות ללא גל,ברילה,IT,ברילה,גרמים,400.00,100 גרם,false,,14.90,0.0373,true,1,20375
8121300206946,false,*מבצע* טרוביה- סטיבי,cargil,US,טרוביה,גרמים,80.00,100 גרם,false,,9.90,0.1238,true,1,52843
8358110076302,false,כוסות לחיים 40 יחידו,בי רייט,CN,הנמל,יח',40.00,יח',false,,6.90,0.1725,true,1,10681
8410076600479,false,חטיפי דגנים נייצ'ר ו,,ES,נייצ'ר ואלי,גרמים,210.00,100 גרם,false,,14.90,0.0710,true,1,27310
8410076600806,false,חטיפי דגנים נייצ'ר ו,,ES,נייצ'ר ואלי,גרמים,210.00,100 גרם,false,,14.90,0.0710,true,1,27293
8410076610492,false,חטיפי צ'ואי בוטנים ח,ג'נרל מילס,ES,נייטשר ואלי,גרמים,210.00,100 גרם,false,,14.90,0.0710,true,1,13210
8410076621009,false,*מבצע* חטיף פייבר 1,גורפו זירו,ES,פייבר,גרמים,120.00,100 גרם,false,,12.90,0.1075,true,1,57033
8410076621047,false,*מבצע* חטיף פייבר 1,גורפו זירו,ES,פייבר,גרמים,120.00,100 גרם,false,,12.90,0.1075,true,1,57034
8410104035112,false,פיניש נוזל הברקה 400,RECKITT BENCKISER PR,PL,פיניש,מיליליטרים,400.00,"100 מ""ל",false,,9.90,0.0248,true,1,55969
8410104039134,false,פיניש מחדש מדיח 250,RECKITT BENCKISER PR,PL,פיניש,מיליליטרים,250.00,"100 מ""ל",false,,14.90,0.0596,true,1,8205
8410104044916,false,פיניש 2.7 קג,RECKITT BENCKISER HU,DE,פיניש,קילוגרמים,2.70,"ק""ג",false,,39.90,14.7778,true,1,8206
8410104045111,false,פיניש מלח 2 קג,חברת המלח,IL,פיניש,קילוגרמים,2.00,"ק""ג",false,,14.90,7.4500,true,1,54385
8410104437268,false,פיניש ציטרופרש,RECKITT BENCKISER HU,HU,פיניש,יח',1.00,יח',false,,14.90,14.9000,true,1,8210
8410128768324,false,ויוה סוי משקה שקדים,קלידאד פסקואל,ES,ויוה סוי,ליטרים,1.00,ליטר,false,,11.90,11.9000,true,1,56684
8410128768355,false,ויוה סוי משקה סויה ק,קלידאד פסקואל,ES,ויוה סוי,ליטרים,1.00,ליטר,false,,10.90,10.9000,true,1,56678
8410179100043,false,*מבצע* שמן זית כתית,PONTU BORGES ACEITES,ES,שמן זית כתית מעולה,מיליליטרים,750.00,"100 מ""ל",false,,31.90,0.0425,true,1,20885
8410179200811,false,*מבצע* שמן זית 750 מ,PONTU BORGES ACEITES,ES,"שמן זית 750 מ""ל בורגס",מיליליטרים,750.00,"100 מ""ל",false,,31.90,0.0425,true,1,20886
8410179300818,false,*מבצע* שמן זית מעודן,PONTU BORGES ACEITES,ES,שמן זית כתית מעולה,מיליליטרים,750.00,"100 מ""ל",false,,31.90,0.0425,true,1,20887
8420822130600,false,סופר מסיר שומנים 750,קה לורדה,ES,סופר מסיר שומנים 750,מיליליטרים,750.00,"100 מ""ל",false,,16.90,0.0225,true,1,61985
8420822130624,false,סופר מסיר כתמים  750,קה לורדה,ES,סופר מסיר כתמים  750,מיליליטרים,750.00,"100 מ""ל",false,,18.90,0.0252,true,1,61986
8421002004599,false,*מבצע* ארקוס סכין שף,,,*מבצע* ארקוס סכין שף,1,1.00,1,false,,79.90,79.9000,true,1,67177
8421002009945,false,ארקוס סכין שפיץ,,,ארקוס סכין שפיץ,1,1.00,1,false,,13.90,13.9000,true,1,67199
8421002188640,false,ארקוס סכין שפיץ,,,ארקוס סכין שפיץ,1,1.00,1,false,,13.90,13.9000,true,1,67205
8421002292156,false,*מבצע* ארקוס סכין שף,,,*מבצע* ארקוס סכין שף,1,1.00,1,false,,79.90,79.9000,true,1,67179
8423207208680,false,מרבה סלים דליס לילדי,Biocentury,ES,מרבה,גרמים,120.00,100 גרם,false,,10.90,0.0908,true,1,20397
8423207208697,false,מרבה סלים דליס לילדי,Biocentury,ES,מרבה,גרמים,120.00,100 גרם,false,,10.90,0.0908,true,1,20398
8423207208871,false,*מבצע* פריכיות תירס,ביסנצ'ורי,ES,סלים דליס,גרמים,130.00,100 גרם,false,,7.90,0.0608,true,1,7951
8423207208888,false,*מבצע* פריכיות תירס,ביסנצ'ורי,ES,סלים דליס,גרמים,123.50,100 גרם,false,,7.90,0.0640,true,1,7952
8423207208895,false,*מבצע* פריכיות תירס,ביסנצ'ורי,ES,סלים דליס,גרמים,123.50,100 גרם,false,,7.90,0.0640,true,1,7953
8423207210966,false,מרבה סלים טופינג קוק,Vndmer,ES,מרבה,גרמים,90.00,100 גרם,false,,10.90,0.1211,true,1,56355
8423207210980,false,מרבה סלים טופינג קלי,Vndmer,ES,מרבה,גרמים,90.00,100 גרם,false,,10.90,0.1211,true,1,56356
8424842050030,false,צ'יפס עם מלח הימלאי,RUBIO,ES,צ'יפס עם מלח הימלאי,גרמים,125.00,100 גרם,false,,12.90,0.1032,true,1,67346
8424842050085,false,צ'יפס בטעם חרדל ודבש,RUBIO,ES,צ'יפס בטעם חרדל ודבש,גרמים,125.00,100 גרם,false,,12.90,0.1032,true,1,67347
8435495805199,false,תינוקלין 3 קג,פרוקטר אנד גמבל,TR,Tinokleen,קילוגרמים,3.00,"ק""ג",false,,39.90,13.3000,true,1,31730
8435495807605,false,מרכך תינוקלין לבן 1,סארוהאן,TR,מרכך תינוקלין לבן 1,מיליליטרים,1000.00,"100 מ""ל",false,,19.90,0.0199,true,1,47982
8435495807636,false,גל כביסה תינוקלין 2,,TR,תינוקלין,ליטרים,2.00,ליטר,false,,34.90,17.4500,true,1,53162
8437000906209,false,טורטיה,Azteca foods europe,ES,תומר,גרמים,320.00,100 גרם,false,,6.90,0.0216,true,1,19634
8437008915456,false,טורטיה 5 דגנים,Azteca foods europe,ES,תומר,גרמים,320.00,100 גרם,false,,6.90,0.0216,true,1,19635
8445290341587,false,פנסי פטה דג לבן ועוף,,,פנסי פטה דג לבן ועוף,גרמים,85.00,100 גרם,false,,5.90,0.0694,true,1,65759
8606018615827,false,פיינט אוראו,פרונרי סרביה,RS,פיינט אוראו,יח',1.00,יח',false,,18.90,18.9000,true,1,62104
8680530570062,false,"סודה קסטל 6*200 מ""ל",,,"סודה קסטל 6*200 מ""ל",ליטרים,1.20,ליטר,false,,9.90,8.2500,true,1,63912
8682376710435,false,נייר טואלט בלינו 32,,,נייר טואלט בלינו 32,מטרים,512.00,מטר,false,,27.90,0.0545,true,1,67788
8683130008355,false,מיונז עם שום הלמנס ל,"בסטפוד - 3P ארה""ב Fo",US,HELLMANNS,גרמים,400.00,100 גרם,false,,14.90,0.0373,true,1,60259
8683130008935,false,קטשיונז 425 גר',"בסטפוד - 3P ארה""ב Fo",US,HELLMANNS,גרמים,425.00,100 גרם,false,,14.90,0.0351,true,1,61576
8683130025574,false,בדין אקסטרא לבנדר 96,יונילוור - תורכיה,TR,BADIN,מיליליטרים,960.00,"100 מ""ל",false,,15.90,0.0166,true,1,63223
8683130025581,false,בדין אקסטרא ענבר 960,יונילוור - תורכיה,TR,BADIN,מיליליטרים,960.00,"100 מ""ל",false,,15.90,0.0166,true,1,63224
8683323063024,false,חמצוצים בטעם תותי פר,סאדאט,TR,יוגטה,גרמים,220.00,100 גרם,false,,5.90,0.0268,true,1,13222
8690120060170,false,וופל מצופה שוקולד חל,טורקו,TR,וופל מצופה שוקולד חל,גרמים,35.00,100 גרם,false,,1.50,0.0429,true,1,63170
8690120060408,false,וופל מצופה שוקולד אג,טורקו,TR,וופל מצופה שוקולד אג,גרמים,32.00,100 גרם,false,,1.50,0.0469,true,1,63171
8690325106093,false,פסטה פוזילי 400 גרם,TAT MAKARNA,TR,פסטה פוזילי 400 גרם,גרמים,400.00,100 גרם,false,,3.50,0.0088,true,1,63784
8690325116092,false,פסטה 400 גרם סטריפד,TAT MAKARNA,TR,פסטה 400 גרם סטריפד,גרמים,400.00,100 גרם,false,,3.50,0.0088,true,1,63785
8690504081913,false,טינס מצופה שוקולד חל,ויסוצקי,IL,ויסוצקי,גרמים,150.00,100 גרם,false,,9.90,0.0660,true,1,31211
8690504153740,false,טבלת ש. מריר עם ש. מ,גודייבה,TR,טבלת ש. מריר עם ש. מ,גרמים,86.00,100 גרם,false,,13.90,0.1616,true,1,35717
8690526009278,false,חטיף קרמל 126גר,eti gida sanayi,TR,ETI,גרמים,126.00,100 גרם,false,,7.90,0.0627,true,1,55511
8690531032377,false,פלפל שיפקונית 350ג,גנגיר גידה,TR,דין שיווק,גרמים,350.00,100 גרם,false,,9.90,0.0283,true,1,3473
8690572778326,false,*מבצע* דאודורנט ספרי,שוורצקופף והנקל,DE,פה,מיליליטרים,200.00,"100 מ""ל",false,,9.90,0.0495,true,1,5796
8690572783931,false,*מבצע* דאודורנט ספרי,שוורצקופף והנקל,DE,פה,מיליליטרים,200.00,"100 מ""ל",false,,9.90,0.0495,true,1,30429
8690572784303,false,שמפו לאורך שיער מושל,שוורצקופף והנקל,DE,גליס,מיליליטרים,400.00,"100 מ""ל",false,,16.90,0.0422,true,1,37993
8690572799529,false,שמפו קרטין לוטוס כחו,הנקל,TR,שמפו קרטין לוטוס כחו,מיליליטרים,500.00,"100 מ""ל",false,,12.90,0.0258,true,1,59376
8690572799536,false,שמפו שמן טמאנו 500 מ,הנקל,TR,שמפו שמן טמאנו 500 מ,מיליליטרים,500.00,"100 מ""ל",false,,12.90,0.0258,true,1,59392
8690637073373,false,ליפטון ארלגרי 25 מעט,יונילוור - תורכיה,TR,LIPTON TEA,גרמים,50.00,100 גרם,false,,8.50,0.1700,true,1,18637
8690637073434,false,*מבצע* ליפטון ארלגרי,,,תה ליפטון ארל גריי,גרמים,200.00,100 גרם,false,,19.90,0.0995,true,1,18638
8690637503856,false,ממרח הלמנס לחיץ 335,"בסטפוד - 3P ארה""ב Fo",US,HELLMANNS,גרמים,355.00,100 גרם,false,,14.90,0.0420,true,1,57105
8690637504426,false,סיף קרם לימון,יונילוור - תורכיה,TR,CIF,מיליליטרים,500.00,"100 מ""ל",false,,11.90,0.0238,true,1,60960
8690637505607,false,בדין אקסטרא פינוק כח,יונילוור - תורכיה,TR,BADIN,מיליליטרים,960.00,"100 מ""ל",false,,15.90,0.0166,true,1,59698
8690637505614,false,בדין אקסטרא פינוק קו,יונילוור - תורכיה,TR,BADIN,מיליליטרים,960.00,"100 מ""ל",false,,15.90,0.0166,true,1,59699
8690637555084,false,בדין אקסטרא פריחת הת,יונילוור - תורכיה,TR,BADIN,מיליליטרים,960.00,"100 מ""ל",false,,15.90,0.0166,true,1,18647
8690637688195,false,ליפטון בדצ תה ירוק מ,יונילוור - תורכיה,TR,LIPTON TEA,גרמים,32.00,100 גרם,false,,16.90,0.5281,true,1,18660
8690637704277,false,"דאב שמפו 600 מ""ל",יונילוור - תורכיה,TR,DOVE,מיליליטרים,600.00,"100 מ""ל",false,,15.90,0.0265,true,1,18664
8690637704376,false,"דאב שמפו 600 מ""ל",יונילוור - תורכיה,TR,DOVE,מיליליטרים,600.00,"100 מ""ל",false,,15.90,0.0265,true,1,18666
8690637704390,false,"דאב מרכך 600 מ""ל",יונילוור - תורכיה,TR,DOVE,מיליליטרים,600.00,"100 מ""ל",false,,15.90,0.0265,true,1,18667
8690637704413,false,"דאב מרכך משקם 600 מ""",יונילוור - תורכיה,TR,DOVE,מיליליטרים,600.00,"100 מ""ל",false,,15.90,0.0265,true,1,18668
8690637799594,false,ליפטון ירוקנענעמרוקא,יוניליוור,TR,ליפטון,גרמים,30.00,100 גרם,false,,16.90,0.5633,true,1,18674
8690637858734,false,סיף גל אקונומיקה לימ,יונילוור - תורכיה,TR,CIF,מיליליטרים,750.00,"100 מ""ל",false,,10.90,0.0145,true,1,46668
8690637858741,false,סיף גל אקונומיקה רוח,יונילוור - תורכיה,TR,CIF,מיליליטרים,750.00,"100 מ""ל",false,,10.90,0.0145,true,1,46669
8690637858758,false,סיף גל אקונומיקה אור,יונילוור - תורכיה,TR,CIF,מיליליטרים,750.00,"100 מ""ל",false,,10.90,0.0145,true,1,46670
8690637871061,false,"דאב שמפו 600 מ""ל",יונילוור - תורכיה,TR,DOVE,מיליליטרים,600.00,"100 מ""ל",false,,15.90,0.0265,true,1,46653
8690637871245,false,הלמנס מיונז לחיץ 395,"בסטפוד - 3P ארה""ב Fo",US,HELLMANNS,גרמים,395.00,100 גרם,false,,14.90,0.0377,true,1,49246
8690637946301,false,בדין אקסטרא בייבי מת,יונילוור - תורכיה,TR,BADIN,מיליליטרים,960.00,"100 מ""ל",false,,15.90,0.0166,true,1,53719
8690637976995,false,בדין אקסטרא ורוד בני,יונילוור - תורכיה,TR,BADIN,מיליליטרים,960.00,"100 מ""ל",false,,15.90,0.0166,true,1,56829
8690637989612,false,מיני מגנום דאבל דולצ,גלידות שטראוס,IL,מגנום,גרמים,246.00,100 גרם,false,,31.90,0.1297,true,1,58922
8690766156367,false,שוקולד גודייבה חלב פ,גודייבה,TR,גודייבה,גרמים,90.00,100 גרם,false,,14.90,0.1656,true,1,52804
8690766156374,false,שוקולד מריר מעולה 72,גודייבה,TR,גודייבה,גרמים,90.00,100 גרם,false,,14.90,0.1656,true,1,52810
8690766156381,false,שוקולד מריר מעולה 90,גודייבה,TR,גודייבה,גרמים,90.00,100 גרם,false,,14.90,0.1656,true,1,52811
8690766156404,false,שוקולד מריר מעולה בט,גודייבה,TR,גודייבה,גרמים,90.00,100 גרם,false,,14.90,0.1656,true,1,52805
8690777203012,false,פלפל ירוק כבוש לא חר,קורהאן,TR,SERA,גרמים,300.00,100 גרם,false,,10.90,0.0363,true,1,11319
8690777206051,false,חצילים קלויים 650 גר,קורהאן,TR,SERA,גרמים,650.00,100 גרם,false,,10.90,0.0168,true,1,11321
8690777221405,false,פלפל אדום קלוי על הא,קורהאן,TR,SERA,גרמים,650.00,100 גרם,false,,10.90,0.0168,true,1,11322
8690784516440,false,דאק נוזל בניחוח לבנד,ג'ונסון,NL,טואלט דאק נוזל,מיליליטרים,750.00,"100 מ""ל",false,,8.90,0.0119,true,1,28693
8690784614665,false,דאק סבון מוצק לאסלה,דאופלור אס.פי.אי כונ,IT,דאק,גרמים,38.60,100 גרם,false,,7.90,0.2047,true,1,37923
8693357092518,false,שישיית כוסות מים שופ,,,שישיית כוסות מים שופ,יח',6.00,יח',false,,9.90,1.6500,true,1,1698
8694686405857,false,"מיטו מזון לחתול 1 ק""",,,"מיטו מזון לחתול 1 ק""",קילוגרמים,1.00,"ק""ג",false,,21.90,21.9000,true,1,55751
8697418261417,false,"מים תריסר 500 מ""ל",,,"מים תריסר 500 מ""ל",ליטרים,6.00,ליטר,false,,12.90,2.1500,true,1,63959
8697826469092,false,טורטיה קטנה 540 גרם,מוטלוקל,TR,טורטיה קטנה 540 גרם,גרמים,540.00,100 גרם,false,,9.90,0.0183,true,1,3474
8698996001150,false,ממחטות כיס עשיריה מי,לילה,TR,מיילו,יח',100.00,יח',false,,5.90,0.0590,true,1,11685
8710428005762,false,סימילאק איזומיל 400,אבוט מעבדות רפואיות,ES,סימילאק,גרמים,400.00,100 גרם,false,,39.90,0.0997,true,1,17080
8710447275306,false,דאב קרם ידיים,אתר ליוור - HPC,IL,DOVE,מיליליטרים,75.00,"100 מ""ל",false,,9.90,0.1320,true,1,50654
8710447275313,false,דאב קרם ידיים,אתר ליוור - HPC,IL,DOVE,מיליליטרים,75.00,"100 מ""ל",false,,9.90,0.1320,true,1,50655
8710502064814,false,מרבה עוגיות שוקולד צ,"י.מרבה ישראל בע""מ",NL,עוגיות שוקולד ציפס,גרמים,225.00,100 גרם,false,,9.90,0.0440,true,1,20425
8710502194801,false,מרבה עוגיות שוקולד צ,Merba BV,NL,מרבה,גרמים,225.00,100 גרם,false,,9.90,0.0440,true,1,20428
8710502260032,false,מרבה עוגיות שוקולד צ,Merba BV,NL,מרבה,גרמים,150.00,100 גרם,false,,4.90,0.0327,true,1,51365
8710502285509,false,מרבה עוגיות  לימון ו,Merba BV,NL,מרבה,גרמים,175.00,100 גרם,false,,9.90,0.0566,true,1,60364
8710502470035,false,מרבה פטיסרי עוגיות נ,,NL,מרבה פטיסרי עוגיות נ,גרמים,200.00,100 גרם,false,,9.90,0.0495,true,1,63978
8710552274614,false,קליה קצף שטיחים,RECKITT BENCKISER UK,GB,וניש,מיליליטרים,600.00,"100 מ""ל",false,,29.90,0.0498,true,1,35739
8710800961310,false,מנטוס רביעייה,פרפטי ואן מלה,NL,מנטוס,גרמים,160.00,100 גרם,false,,10.90,0.0681,true,1,13269
8710847973970,false,תחליב דאב רחצה אלוור,יוניליוור גרמניה (בו,DE,DOVE,מיליליטרים,750.00,"100 מ""ל",false,,15.90,0.0212,true,1,57107
8710908693809,false,מסכת קרטין טרזמה,,,מסכת קרטין טרזמה,מיליליטרים,300.00,"100 מ""ל",false,,29.90,0.0997,true,1,31197
8711000362556,false,לור קפסולות קפה אספר,JDE,FR,L'OR,גרמים,52.00,100 גרם,false,,17.90,0.3442,true,1,48450
8711000371176,false,ג'ייקובס קפסולות קפה,JDE,FR,גייקובס,גרמים,52.00,100 גרם,false,,15.90,0.3058,true,1,48456
8711000371183,false,ג'ייקובס קפסולות קפה,JDE,FR,גייקובס,גרמים,52.00,100 גרם,false,,15.90,0.3058,true,1,48457
8711000371206,false,ג'ייקובס קפסולות קפה,JDE,FR,גייקובס,גרמים,52.00,100 גרם,false,,15.90,0.3058,true,1,48458
8711000431108,false,לור קפסולות קפה אספר,JDE,FR,L'OR,גרמים,52.00,100 גרם,false,,17.90,0.3442,true,1,51036
8711327475618,false,גלידה מגנום פיינט ונ,גלידות שטראוס,IL,פנטסיה,גרמים,260.00,100 גרם,false,,21.90,0.0842,true,1,57759
8711327475663,false,גלידה מגנום פיינט שו,גלידות שטראוס,IL,פנטסיה,גרמים,260.00,100 גרם,false,,21.90,0.0842,true,1,57760
8711327475717,false,גלידה מגנום פיינט ונ,גלידות שטראוס,IL,פנטסיה,גרמים,260.00,100 גרם,false,,21.90,0.0842,true,1,57761
8711528211145,false,גבינת גאודה בקר,הנרי בליך,NL,הנרי וילך,קילוגרמים,1.00,"ק""ג",true,,105.00,105.0000,true,1,27212
8712000051099,false,*מבצע* הייניקן שישיי,הייניקן,NL,*מבצע* הייניקן שישיי,מיליליטרים,1980.00,"100 מ""ל",false,,29.90,0.0151,true,1,50184
8712400802499,false,נוטריליון שלב 1 800,נוטרישיה קאלק ב. ו.,NL,נוטרישה-נוטרילון,גרמים,800.00,100 גרם,false,,59.90,0.0749,true,1,22744
8712400802512,false,נוטרליון שלב 2 800 ג,נוטרישיה קאלק ב. ו.,NL,נוטרישה-נוטרילון,גרמים,800.00,100 גרם,false,,59.90,0.0749,true,1,22745
8712400802536,false,נוטריליון שלב 3 800,נוטרישיה קאלק ב. ו.,NL,נוטרישה-נוטרילון,גרמים,800.00,100 גרם,false,,59.90,0.0749,true,1,22746
8712561594608,false,דאב תח. רח' הזנה עמו,יוניליוור גרמניה (בו,DE,DOVE,מיליליטרים,750.00,"100 מ""ל",false,,15.90,0.0212,true,1,18714
8712561611183,false,*מבצע* דאב תח. רחצה,יוניליוור גרמניה (בו,DE,DOVE,מיליליטרים,500.00,"100 מ""ל",false,,9.90,0.0198,true,1,32106
8714599513781,false,ג'ייקובס גולד מיובש,מונדלייז,DE,ג'ייקובס,גרמים,200.00,100 גרם,false,,24.90,0.1245,true,1,22747
8714599513835,false,ג'ייקובס נטול קפאין,JDE,RU,ג'ייקובס נטול קפאין,גרמים,200.00,100 גרם,false,,32.90,0.1645,true,1,22748
8714599513866,false,ג'ייקובס קרוננג מיוב,מונדלייז,DE,ג'ייקובס,גרמים,200.00,100 גרם,false,,24.90,0.1245,true,1,22749
8714789177229,false,קולגייט אקסטרה קלין,CP- China-SH,CN,קולגייט,יח',4.00,יח',false,,9.90,2.4750,true,1,20435
8714789303925,false,קולגייט מברשת 360 סנ,קולגייט פלמוליב,CH,קולגייט מברשת 360 סנסטיב,יח',2.00,יח',false,,26.90,13.4500,true,1,20442
8714789402918,false,*מבצע* אגקס חגיגת הפ,Colgate - Greece,GR,אג'קס,ליטרים,1.50,ליטר,false,,15.90,10.6000,true,1,20443
8714789402932,false,*מבצע* אגקס חגיגת הפ,Colgate - Greece,GR,אג'קס,ליטרים,1.50,ליטר,false,,15.90,10.6000,true,1,20444
8714789402970,false,*מבצע* אגקס חגיגת הפ,Colgate - Greece,GR,אג'קס,ליטרים,1.50,ליטר,false,,15.90,10.6000,true,1,20445
8714789582764,false,אג'קס ספריי חלונות 7,Colgate - Greece,GR,אג'קס,מיליליטרים,750.00,"100 מ""ל",false,,14.90,0.0199,true,1,20450
8714789930848,false,קולגייט משחת אופטיק,CP-Poland swidnica,PL,קולגייט,מיליליטרים,75.00,"100 מ""ל",false,,19.90,0.2653,true,1,20469
8714789966403,false,ליידי ספיד סטיק  ג'ל,Colgate - USA,US,ליידי ספיד סטיק,גרמים,65.00,100 גרם,false,,24.90,0.3831,true,1,60083
8715700110141,false,SG מיונז צנצנת 460 ג,ה.י. היינץ,NL,היינץ,גרמים,460.00,100 גרם,false,,9.90,0.0215,true,1,30013
8715700110158,false,SG מיונז לייט צנצנת,ה.י. היינץ,NL,היינץ,גרמים,490.00,100 גרם,false,,9.90,0.0202,true,1,30014
8715700117805,false,היינץ קטשופ ללא תוספ,HEINZ,NL,HEINZ,גרמים,425.00,100 גרם,false,,10.90,0.0256,true,1,55506
8715700419732,false,קטשופ היינץ 700 גרם,ה.י. היינץ,NL,היינץ,גרמים,700.00,100 גרם,false,,9.90,0.0141,true,1,22757
8715700422473,false,היינץ ממרח לחיץ ללא,ה.י. היינץ,NL,היינץ,גרמים,395.00,100 גרם,false,,14.90,0.0377,true,1,22761
8715700423906,false,היינץ מתבל עגבניות 5,ה.י. היינץ,NL,היינץ,גרמים,550.00,100 גרם,false,,10.90,0.0198,true,1,30895
8717163647264,false,אקס בודי ספריי אייס,יוניליוור HPC,GB,AXE,מיליליטרים,150.00,"100 מ""ל",false,,9.90,0.0660,true,1,49282
8717163655764,false,דאו רקסונה ספריי,קוסטר - תורכיה,TR,REXONA,מיליליטרים,150.00,"100 מ""ל",false,,12.90,0.0860,true,1,51898
8717163655825,false,דאו רקסונה ספריי,קוסטר - תורכיה,TR,REXONA,מיליליטרים,150.00,"100 מ""ל",false,,12.90,0.0860,true,1,51899
8717163663493,false,דאו רקסונה ספריי,יוניליוור HPC,AR,REXONA,מיליליטרים,150.00,"100 מ""ל",false,,12.90,0.0860,true,1,51580
8717163947692,false,אקס ג'ל רחצה 400מל,יוניליוור גרמניה (בו,DE,AXE,מיליליטרים,400.00,"100 מ""ל",false,,13.90,0.0348,true,1,53589
8717677336593,false,טבלאות שוקולד חלב טו,טוניס/שוקולונלי,NL,טבלאות שוקולד חלב טו,גרמים,180.00,100 גרם,false,,17.90,0.0994,true,1,61987
8717677336616,false,טבלאות שוקולד מריר ע,טוניס/שוקולונלי,NL,טבלאות שוקולד מריר ע,גרמים,180.00,100 גרם,false,,17.90,0.0994,true,1,63967
8717677336661,false,טבלאות שוקולד מריר 7,טוניס/שוקולונלי,NL,טבלאות שוקולד מריר 7,גרמים,180.00,100 גרם,false,,17.90,0.0994,true,1,63969
8718114734484,false,*מבצע* מיונז מאיי 32,בונגראן,FR,בונגראן,גרמים,320.00,100 גרם,false,,11.90,0.0372,true,1,27218
8718951044913,false,מרידול משחת שיניים ה,קולגייט פלמוליב,PL,מרידול,מיליליטרים,75.00,"100 מ""ל",false,,21.90,0.2920,true,1,20478
8718951093331,false,*מבצע* מברשת שיניים,,,מברשת שיניים מרידול זוג,יח',2.00,יח',false,,24.90,12.4500,true,1,20482
8718951144064,false,*מבצע* מרידול מברשת,,,מברשת שיניים מרידול זוג,יח',2.00,יח',false,,24.90,12.4500,true,1,20487
8718951166288,false,קולגייט משחת מקס ויי,cp,PL,קולגייט,מיליליטרים,125.00,"100 מ""ל",false,,17.90,0.1432,true,1,47656
8718951166561,false,קולגייט משחת מקס פרש,cp,PL,קולגייט,מיליליטרים,125.00,"100 מ""ל",false,,17.90,0.1432,true,1,47657
8718951236790,false,קולגייט משחת טוטל קל,CP-Poland swidnica,PL,קולגייט,מיליליטרים,100.00,"100 מ""ל",false,,16.90,0.1690,true,1,48286
8718951236806,false,קולגייט משחת טוטל הל,CP-Poland swidnica,PL,קולגייט,מיליליטרים,100.00,"100 מ""ל",false,,16.90,0.1690,true,1,48287
8718951240742,false,קולגייט משחת טוטל פס,CP-Poland swidnica,PL,קולגייט,מיליליטרים,100.00,"100 מ""ל",false,,16.90,0.1690,true,1,48289
8718951254527,false,*מבצע* קולגייט סנס פ,Colgate - Brazil,BR,קולגייט,מיליליטרים,75.00,"100 מ""ל",false,,17.90,0.2387,true,1,51239
8718951259409,false,פלמוליב תחליב רחצה נ,CP - Turkey+60,TR,פלמוליב תחליב רחצה נ,מיליליטרים,750.00,"100 מ""ל",false,,19.90,0.0265,true,1,67552
8718951289833,false,*מבצע* פלמוליב סבון,CP - Turkey+60,TR,פלמוליב סבון,גרמים,400.00,100 גרם,false,,11.90,0.0298,true,1,52788
8718951315303,false,קולגייט אדומה 2*100,cp,PL,קולגייט,מיליליטרים,200.00,"100 מ""ל",false,,19.90,0.0995,true,1,55850
8718951320093,false,קולגייט זוג מברשות 3,קולגייט פלמוליב,CN,קולגייט,יח,2.00,יח,false,,34.90,17.4500,true,1,55851
8718951350137,false,פלמוליב תחליב רחצה נ,CP - Turkey+60,TR,פלמוליב תחליב רחצה נ,מיליליטרים,750.00,"100 מ""ל",false,,19.90,0.0265,true,1,67553
8718951377998,false,קולגייט מברשת סופטנס,קולגייט פלמוליב,CN,קןלגייט,יח',2.00,יח',false,,34.90,17.4500,true,1,57384
8718951382787,false,*מבצע* קולגייט משחת,CP-Poland swidnica,PL,קולגייט,מיליליטרים,75.00,"100 מ""ל",false,,24.90,0.3320,true,1,61684
8718951412378,false,מרידול משחת שיניים נ,קולגייט פלמוליב,PL,מרידול משחת שיניים נ,מיליליטרים,75.00,"100 מ""ל",false,,24.90,0.3320,true,1,64695
8718951428492,false,סבון רחצה לגבר 4 ב-,CP - Turkey+60,TR,סבון רחצה לגבר 4 ב-,מיליליטרים,750.00,"100 מ""ל",false,,19.90,0.0265,true,1,61961
8718951431614,false,סבון רחצה סו פירם מי,CP - Turkey+60,TR,סבון רחצה סו פירם מי,מיליליטרים,750.00,"100 מ""ל",false,,19.90,0.0265,true,1,60365
8718951433120,false,קולגייט טוטאל ג'וניו,קולגייט פלמוליב,PL,קולגייט טוטאל ג'וניו,מיליליטרים,50.00,"100 מ""ל",false,,16.90,0.3380,true,1,65573
8718951470323,false,קולגייט מברשת סופט פ,cp,CN,קןלגייט,יח',2.00,יח',false,,34.90,17.4500,true,1,64693
8718951477384,false,משחת שיניים קולגייט,קולגייט פלמוליב,MX,משחת שיניים קולגייט,מיליליטרים,75.00,"100 מ""ל",false,,19.90,0.2653,true,1,61687
8718951509627,false,*מבצע* קולגייט משחת,קולגייט פלמוליב,PL,קולגייט,מיליליטרים,75.00,"100 מ""ל",false,,24.90,0.3320,true,1,62791
8719200998001,false,בלובנד בלי מלח 60*20,אתר חיפה מרגרינה - F,IL,BLUE BAND,גרמים,200.00,100 גרם,false,,4.90,0.0245,true,1,52535
8719200998018,false,מחמאה  60*200 ג,אתר חיפה מרגרינה - F,IL,BLUE BAND,גרמים,200.00,100 גרם,false,,4.90,0.0245,true,1,52536
8719200998032,false,מזולה בטעם חמאה 48*2,אתר חיפה מרגרינה - F,IL,MAZOLA,גרמים,250.00,100 גרם,false,,10.90,0.0436,true,1,52522
8719200998094,false,מזולה לאפיה ללא מלח,אתר חיפה מרגרינה - F,IL,MAZOLA,גרמים,200.00,100 גרם,false,,6.70,0.0335,true,1,52518
8720181046605,false,דאב ספריי אינביזיבל,יונילוור ארגנטינה -,AR,DOVE,מיליליטרים,150.00,"100 מ""ל",false,,14.90,0.0993,true,1,57108
8720181046612,false,דאב רולאון אוריגינל,יוניליוור HPC,PH,DOVE,מיליליטרים,50.00,"100 מ""ל",false,,14.90,0.2980,true,1,59010
8720181090202,false,דאב תח. רחצה שמן זית,יוניליוור גרמניה (בו,DE,DOVE,מיליליטרים,750.00,"100 מ""ל",false,,15.90,0.0212,true,1,58517
8720181114489,false,דאו אקס ספריי שחור,,,דאו אקס ספריי שחור,מיליליטרים,150.00,"100 מ""ל",false,,9.90,0.0660,true,1,64017
8720181114496,false,דאו אקס ספריי חום,,,דאו אקס ספריי חום,מיליליטרים,150.00,"100 מ""ל",false,,9.90,0.0660,true,1,64018
8720181114519,false,"אקס  150 מ""ל",,,"אקס  150 מ""ל",מיליליטרים,150.00,"מ""ל",false,,9.90,0.0660,true,1,67888
8720181123955,false,אקס ג'ל רחצה ריצ'ארג,יוניליוור גרמניה (בו,DE,AXE,מיליליטרים,400.00,"100 מ""ל",false,,13.90,0.0348,true,1,61106
8723400756552,false,מנטוס רביעייה,פרפטי ואן מלה,NL,מנטוס,גרמים,160.00,100 גרם,false,,10.90,0.0681,true,1,13270
8801055707966,false,טסטר צוייס בריסטה 18,נסטלה קוריאה - קפה,KR,TASTER'S CHOICE,גרמים,180.00,100 גרם,false,,29.90,0.1661,true,1,5532
8801055709434,false,טסטר צ'ויס קולומביה,נסטלה קוריאה - קפה,KR,טסטר צ'ויס קולומביה,גרמים,100.00,100 גרם,false,,24.90,0.2490,true,1,60845
8801055709458,false,נסקפה קפוצ'ינו קרמל,נסטלה,KR,נסקפה קפוצ'ינו קרמל 10*17,גרמים,170.00,100 גרם,false,,18.90,0.1112,true,1,62079
8801055709465,false,נסקפה קפוצ'ינו וניל,נסטלה,KR,נסקפה קפוצ'ינו וניל 10*18,גרמים,185.00,100 גרם,false,,18.90,0.1022,true,1,62080
8801055709472,false,נסקפה קפוצ'ינו קלאסי,נסטלה,,נסקפה קפוצ'ינו קלאסיק 10*,גרמים,125.00,100 גרם,false,,18.90,0.1512,true,1,62081
8801055709489,false,נס קפה קפוצינו אגוזי,נסטלה,,נס קפה קפוצינו אגוזים,גרמים,180.00,100 גרם,false,,18.90,0.1050,true,1,62082
8801055709526,false,נס קפה קפוצינו שוקול,נסטלה,,נס קפה קפוצינו אגוזים,גרמים,180.00,100 גרם,false,,18.90,0.1050,true,1,63202
8809168840471,false,חטיף אצות מיובשות 9,ג'י וואן גלובול נאט,KR,חטיף אצות מיובשות,יח',9.00,יח',false,,24.90,2.7667,true,1,58492
8850180040028,false,טמפורה,malinee food product,TH,gogi,גרמים,500.00,100 גרם,false,,10.90,0.0218,true,1,26394
8850206250592,false,רוטב צ'ילי סיראצ'ה 5,קרמה,TH,רוטב צ'ילי סיראצ'ה 5,גרמים,530.00,100 גרם,false,,19.90,0.0375,true,1,28485
8850206280049,false,רוטב צ'ילי חריף,yan wal yun corpara,TH,רוטב צ'ילי חריף,גרמים,250.00,100 גרם,false,,16.90,0.0676,true,1,60965
8850367994021,false,רוטב צילי מתוק ללא ס,theppadungporn cocon,TH,רוטב צילי מתוק ללא ס,מיליליטרים,280.00,"100 מ""ל",false,,10.90,0.0389,true,1,51288
8850389103111,false,משקה סאפה ענבים 300,אדיר סחר,TH,משקה סאפה ענבים 300,מיליליטרים,300.00,"100 מ""ל",false,,6.90,0.0230,true,1,12129
8850389104637,false,משקה סאפה אפרסק 300,אדיר סחר,TH,משקה סאפה אפרסק 300,מיליליטרים,300.00,"100 מ""ל",false,,6.90,0.0230,true,1,12131
8850389105825,false,סאפה ענבים 1 ליטר,SAPPE PUBLIC COMPANY,TH,סאפה,ליטרים,1.00,ליטר,false,,12.90,12.9000,true,1,12132
8850389105832,false,סאפה תפוח 1 ליטר,SAPPE PUBLIC COMPANY,TH,סאפה,ליטרים,1.00,ליטר,false,,12.90,12.9000,true,1,12133
8850389105849,false,סאפה אפרסק 1 ליטר,SAPPE PUBLIC COMPANY,TH,סאפה,ליטרים,1.00,ליטר,false,,12.90,12.9000,true,1,12134
8850389115336,false,סאפה מלון 1 ליטר,SAPPE PUBLIC COMPANY,TH,סאפה,ליטרים,1.00,ליטר,false,,12.90,12.9000,true,1,30645
8850632604259,false,מקלות חמוצים טעם תות,סאאדת,TR,יוגטה,יח',24.00,יח',false,,4.00,0.1667,true,1,13276
8850632604266,false,מקלות חמוצים טעם קול,סאאדת,TR,יוגטה,יח',24.00,יח',false,,4.00,0.1667,true,1,13277
8850632604372,false,מקלות חמוצים טעם תות,סאאדת,TR,יוגטה,יח',24.00,יח',false,,4.00,0.1667,true,1,13278
8850632604402,false,מקלות חמוצים בטעמים,סאאדת,TR,יוגטה,יח',24.00,יח',false,,4.00,0.1667,true,1,13279
8850632605201,false,מקלות חמוצים מעורב,סאאדת,TR,יוגטה,יח',24.00,יח',false,,4.00,0.1667,true,1,13280
8851613101378,false,"חלב קוקוס 250 מ""ל",תאי וורלד,TH,רנדי,מיליליטרים,250.00,"100 מ""ל",false,,9.90,0.0396,true,1,7970
8851613101385,false,"חלב קוקוס 500 מ""ל",תאי וורלד,TH,רנדי,מיליליטרים,500.00,"100 מ""ל",false,,12.90,0.0258,true,1,7971
8852633020403,false,פניני טפיוקה 500 גרם,super j internationa,TH,פניני טפיוקה 500 גרם,גרמים,500.00,100 גרם,false,,11.90,0.0238,true,1,28317
8857101301008,false,"רוטב צילי 700 מ""ל",פאן אינטר,TH,וילי פוד,מיליליטרים,700.00,"100 מ""ל",false,,9.90,0.0141,true,1,11329
8858271003020,false,רוטב סויה פורמולה 1,,TH,רוטב סויה פורמולה 1,מיליליטרים,700.00,"100 מ""ל",false,,15.90,0.0227,true,1,52944
8858271003075,false,רוטב סויה מתוקה,yan wal yun corpara,TH,maxchup,מיליליטרים,700.00,"100 מ""ל",false,,16.90,0.0241,true,1,26415
8858271003938,false,רוטב קארי ירוק 250 מ,yan wal yun corpara,TH,maxchup,מיליליטרים,250.00,"100 מ""ל",false,,10.90,0.0436,true,1,26418
8858271004126,false,רוטב חמוץ מתוק,yan wal yun corpara,TH,maxchup,מיליליטרים,700.00,"100 מ""ל",false,,15.90,0.0227,true,1,26420
8858271004300,false,רוטב טרייאקי,yan wal yun corpara,TH,maxchup,מיליליטרים,700.00,"100 מ""ל",false,,19.90,0.0284,true,1,26421
8888021200256,false,סוללות אנרגייזר שמינ,אנרג'ייזר,US,אנרג'ייזר,יח',8.00,יח',false,,24.90,3.1125,true,1,9012
8888021200720,false,סוללות אנרגייזר שמינ,אנרג'ייזר,US,אנרג'ייזר,יח',8.00,יח',false,,24.90,3.1125,true,1,9013
8901537024014,false,"אורז בסמטי 1 ק""ג",lt foods,IN,DAAWAT,קילוגרמים,1.00,"ק""ג",false,,12.90,12.9000,true,1,11330
8901571011018,false,מברשת שיניים סנסודיי,,,מברשת שיניים סנסודיי,יח',3.00,יח',false,,15.90,5.3000,true,1,62888
8934878081811,false,"דף אורז 22 ס""מ",chanh khang company,VN,trav,גרמים,400.00,100 גרם,false,,11.90,0.0298,true,1,26429
8938535541366,false,דפי אורז צבעוניים לל,יאמאסה,JP,דפי אורז צבעוניים לל,גרמים,400.00,100 גרם,false,,14.90,0.0373,true,1,58531
9000101511635,false,פרסיל קפסולות דיסקס,הנקל סוד,HU,פרסיל,יח',22.00,יח',false,,34.90,1.5864,true,1,67752
9000101520965,false,*מבצע* ברף בניחוח מת,הנקל,RS,*מבצע* ברף בניחוח מת,גרמים,193.00,100 גרם,false,,14.90,0.0772,true,1,62338
9000101537550,false,*מבצע* פרסיל פאוור ק,הנקל,IL,*מבצע* פרסיל פאוור ק,יח',52.00,יח',false,,49.90,0.9596,true,1,64720
9001395807015,false,בננית 300ג,האווזווירט,AT,חטיף בננה מצופה,גרמים,300.00,100 גרם,false,,9.90,0.0330,true,1,20590
9001616202155,false,*מבצע* זוג מוצצי סיל,מאמ,AT,מאמ,יח',2.00,יח',false,,32.90,16.4500,true,1,27096
9001616202186,false,*מבצע* בקבוק תינוק א,מאמ,AT,מאמ,יח',1.00,יח',false,,32.90,32.9000,true,1,27097
9001616202360,false,*מבצע* זוג מוצצי סיל,מאמ,AT,מאמ,יח',2.00,יח',false,,32.90,16.4500,true,1,27098
9001616202445,false,*מבצע* זוג מוצצי סיל,מאמ,AT,מאמ,יח',2.00,יח',false,,32.90,16.4500,true,1,27100
9001616203305,false,זוג פטמות לבקבוק תינ,מאמ,AT,מאמ,יח',1.00,יח',false,,24.90,24.9000,true,1,27102
9001616203367,false,זוג פטמות לבקבוק תינ,מאמ,AT,מאמ,יח',1.00,יח',false,,24.90,24.9000,true,1,27105
9001616205774,false,*מבצע* זוג מוצצי סיל,מאמ,AT,מאמ,יח',2.00,יח',false,,32.90,16.4500,true,1,47252
9001616205781,false,*מבצע* זוג מוצצי סיל,מאמ,AT,מאמ,יח',2.00,יח',false,,32.90,16.4500,true,1,27107
9001616661099,false,*מבצע* בקבוק לתינוק,מאמ,AT,מאמ,יח',1.00,יח',false,,32.90,32.9000,true,1,27109
9001616702716,false,*מבצע* זוג מוצצי סיל,מאמ,AT,מאמ,יח',2.00,יח',false,,32.90,16.4500,true,1,56189
9001616703010,false,*מבצע* בקבוק לתינוק,מאמ,AT,מאמ,יח',1.00,יח',false,,32.90,32.9000,true,1,47622
9002975393829,false,סוכריות הריבו פיצ'ס,,,סוכריות הריבו פיצ'ס,גרמים,70.00,100 גרם,false,,6.90,0.0986,true,1,62794
9002975393843,false,סוכריות הריבו גולדבר,,,סוכריות הריבו גולדבר,גרמים,70.00,100 גרם,false,,6.90,0.0986,true,1,62796
9002975393850,false,סוכריות הריבו וורמס,,,סוכריות הריבו וורמס,גרמים,70.00,100 גרם,false,,6.90,0.0986,true,1,62797
9003400304939,false,בירה שטיגל חיטה 0.5,שטיגל,AT,שטיגל,מיליליטרים,500.00,"100 מ""ל",false,,10.90,0.0218,true,1,50326
9003402660088,false,בירה שטיגל פחית גולד,שטיגל,AT,שטיגל,מיליליטרים,500.00,"100 מ""ל",false,,8.90,0.0178,true,1,50327
9008700148146,false,*מבצע* נקטר ליצ'י 1,ראוך,HU,*מבצע* נקטר ליצ'י 1,ליטרים,1.00,ליטר,false,,9.90,9.9000,true,1,48720
9008700155458,false,*מבצע* נקטר גויאבה 1,,,*מבצע* נקטר גויאבה 1,ליטרים,1.00,ליטר,false,,9.90,9.9000,true,1,48721
9044400826861,false,סוכריות פז בטעם בננה,פז פרודקשיין יורו,AT,סוכריות פז בטעם בננה,גרמים,68.00,100 גרם,false,,8.90,0.1309,true,1,66046
9044400851672,false,סוכריות פז,פז פרודקשיין יורו,AT,סוכריות פז,גרמים,25.50,100 גרם,false,,10.90,0.4275,true,1,66045
9310072028743,false,ביסקוויט מצופה שוקול,ארנולטס,AU,טים טם,גרמים,200.00,100 גרם,false,,19.90,0.0995,true,1,3931
9322969000046,false,פריכיות תירס עם שומש,ריל פוד,AU,פריכיות תירס עם שומש,גרמים,150.00,100 גרם,false,,11.90,0.0793,true,1,48482
9720188050109,false,טופוטי - ממרח טופו ב,מחלבת משק צוריאל,US,משק צוריאל,גרמים,225.00,100 גרם,false,,20.90,0.0929,true,1,16260
9770793914006,false,עיתון מעריב שישי,,,עיתון מעריב שישי,יח',1.00,יח',false,,6.00,6.0000,true,1,27345
9771565025005,false,עיתון מעריב שישי,,,עיתון מעריב שישי,יח',1.00,יח',false,,6.00,6.0000,true,1,27490
