code,internal_code,name,manufacturer_name,manufacture_country,manufacturer_item_description,unit_qty,quantity,unit_of_measure,weighted,qty_in_package,price,unit_of_measure_price,allow_discount,status,item_id
17,true,עגבניה,חקלאי,IL,עגבניה,קילוגרמים,1.00,"ק""ג",true,,12.90,12.9000,true,1,2756
20,true,מלפפון,חקלאי,IL,מלפפון,קילוגרמים,1.00,"ק""ג",true,,12.90,12.9000,true,1,2607
31,true,גזר ארוז,חקלאי,IL,גזר ארוז,קילוגרמים,1.00,"ק""ג",true,,7.70,7.7000,true,1,2662
40,true,סלק,חקלאי,IL,סלק,קילוגרמים,1.00,"ק""ג",true,,7.90,7.9000,true,1,2674
90,true,בצל יבש,חקלאי,IL,בצל יבש,קילוגרמים,1.00,"ק""ג",true,,6.50,6.5000,true,1,2705
97,true,בצל  אדום,חקלאי,IL,בצל  אדום,קילוגרמים,1.00,"ק""ג",true,,9.90,9.9000,true,1,2706
110,true,בטטה,חקלאי,IL,בטטה,קילוגרמים,1.00,"ק""ג",true,,14.90,14.9000,true,1,2638
138,true,דלעת ערמונים,חקלאי,IL,דלעת ערמונים,קילוגרמים,1.00,"ק""ג",true,,19.90,19.9000,true,1,6279
142,true,חציל טרי במשקל,חקלאי,IL,חציל טרי במשקל,קילוגרמים,1.00,"ק""ג",true,,10.90,10.9000,true,1,59084
147,true,אפרסמון,חקלאי,IL,אפרסמון,קילוגרמים,1.00,"ק""ג",true,,27.90,27.9000,true,1,6280
155,true,פלפל כהה,חקלאי,IL,פלפל כהה,קילוגרמים,1.00,"ק""ג",true,,13.90,13.9000,true,1,2642
158,true,פלפל חריף ירוק,חקלאי,IL,פלפל חריף ירוק,קילוגרמים,1.00,"ק""ג",true,,12.90,12.9000,true,1,2643
160,true,פלפל אדום,חקלאי,IL,פלפל אדום,קילוגרמים,1.00,"ק""ג",true,,16.50,16.5000,true,1,2644
170,true,קולורבי,חקלאי,IL,קולורבי,קילוגרמים,1.00,"ק""ג",true,,9.90,9.9000,true,1,2648
183,true,סברס,חקלאי,IL,סברס,קילוגרמים,1.00,"ק""ג",true,,29.90,29.9000,true,1,6281
185,true,קישוא זוקיני,חקלאי,IL,קישוא זוקיני,קילוגרמים,1.00,"ק""ג",true,,13.90,13.9000,true,1,2649
287,true,שום ארוז חבילה,חקלאי,IL,שום ארוז חבילה,Unknown,0.00,Unknown,false,1,13.90,0.0000,true,1,2659
290,true,תפוח אדמה אדום,חקלאי,IL,תפוח אדמה אדום,קילוגרמים,1.00,"ק""ג",true,,6.90,6.9000,true,1,2660
295,true,תפוח אדמה לבן,חקלאי,IL,תפוח אדמה לבן,קילוגרמים,1.00,"ק""ג",true,,6.50,6.5000,true,1,2661
312,true,מלון גליה,חקלאי,IL,מלון גליה,קילוגרמים,1.00,"ק""ג",true,,11.90,11.9000,true,1,2663
370,true,שומר,חקלאי,IL,שומר,קילוגרמים,1.00,"ק""ג",true,,12.90,12.9000,true,1,2669
486,true,לימון,חקלאי,IL,לימון,קילוגרמים,1.00,"ק""ג",true,,13.90,13.9000,true,1,2678
500,true,תפוז מובחר,חקלאי,IL,תפוז מובחר,קילוגרמים,1.00,"ק""ג",true,,11.90,11.9000,true,1,2679
510,true,קלמנטינה,חקלאי,IL,קלמנטינה,קילוגרמים,1.00,"ק""ג",true,,13.90,13.9000,true,1,3658
522,true,אשכולית אדומה,חקלאי,IL,אשכולית אדומה,קילוגרמים,1.00,"ק""ג",true,,9.90,9.9000,true,1,2680
557,true,בננה,חקלאי,IL,בננה,קילוגרמים,1.00,"ק""ג",true,,12.90,12.9000,true,1,5407
560,true,אבוקדו,חקלאי,IL,אבוקדו,קילוגרמים,1.00,"ק""ג",true,,25.50,25.5000,true,1,2682
568,true,רימון,חקלאי,IL,רימון,קילוגרמים,1.00,"ק""ג",true,,14.90,14.9000,true,1,38
570,true,תאנים,חקלאי,IL,תאנים,קילוגרמים,1.00,"ק""ג",true,,39.90,39.9000,true,1,2791
605,true,אגס,חקלאי,IL,אגס,קילוגרמים,1.00,"ק""ג",true,,18.90,18.9000,true,1,2689
626,true,מנגו,חקלאי,IL,מנגו,קילוגרמים,1.00,"ק""ג",true,,21.90,21.9000,true,1,3191
636,true,קיווי,חקלאי,IL,קיווי,קילוגרמים,1.00,"ק""ג",true,,39.90,39.9000,true,1,2694
638,true,קרמבולה,חקלאי,IL,קרמבולה,קילוגרמים,1.00,"ק""ג",true,,29.90,29.9000,true,1,2695
658,true,תפוח עץ סמית,חקלאי,IL,תפוח עץ סמית,קילוגרמים,1.00,"ק""ג",true,,16.50,16.5000,true,1,2696
688,true,תפוח עץ מוזהב,חקלאי,IL,תפוח עץ מוזהב,קילוגרמים,1.00,"ק""ג",true,,14.90,14.9000,true,1,2697
700,true,תפוח עץ סטארקינג,חקלאי,IL,תפוח עץ סטארקינג,קילוגרמים,1.00,"ק""ג",true,,14.90,14.9000,true,1,2781
756,true,שזיף,חקלאי,IL,שזיף,קילוגרמים,1.00,"ק""ג",true,,34.90,34.9000,true,1,2792
782,true,פסיפלורה,חקלאי,IL,פסיפלורה,גרמים,500.00,100 גרם,false,1,15.90,0.0318,true,1,2702
1104,true,פטריות פורטובלה ארוז,חקלאי,IL,פטריות פורטובלה ארוז ליח,גרמים,200.00,100 גרם,false,1,12.90,0.0645,true,1,3213
3232,true,סוכריה,יושלם,,סוכריה,Unknown,0.00,Unknown,false,1,1.00,0.0000,true,1,14732
4400,true,עגבנית שרי באשכולות,מרינה,IL,עגבנית שרי באשכולות שקיל,קילוגרמים,1.00,"ק""ג",true,,29.90,29.9000,true,1,10403
4690,true,סוכריה על מקל בטעם ת,פיני גולוסינאס אספני,,סוכריה על מקל בטעם תות,Unknown,0.00,Unknown,false,1,1.90,0.0000,true,1,21445
4780,true,סוכריה על מקל תרנגול,פיני גולוסינאס אספני,,סוכריה על מקל תרנגול,Unknown,0.00,Unknown,false,1,1.50,0.0000,true,1,27048
5803,true,פומלה,מרינה,IL,פומלה,קילוגרמים,1.00,"ק""ג",true,,12.90,12.9000,true,1,6653
5809,true,ענבים ירוקים,מרינה,IL,ענבים ירוקים,קילוגרמים,1.00,"ק""ג",true,,39.90,39.9000,true,1,9334
6407,true,בורקס /רוגלך /קוראסו,פילסברי,,בורקס /רוגלך /קוראסון/גבניות,קילוגרמים,1.00,"ק""ג",true,,64.90,64.9000,true,1,8697
6408,true,בורקס ריבועי פיצה,יושלם,,בורקס ריבועי פיצה,לא מנהל יחידת מידה,0.00,לא מנהל יחידת מידה,false,1,3.50,0.0000,true,1,8699
6415,true,סופגניה מיני בטעמים,יושלם,,סופגניה מיני בטעמים פילסברי,לא מנהל יחידת מידה,0.00,לא מנהל יחידת מידה,false,1,6.00,0.0000,true,1,20266
6638,true,חבילת מצה 500 גרם,,,חבילת מצה 500 גרם,קילוגרמים,2.50,"ק""ג",false,1,7.90,3.1600,true,1,51929
8050,true,פומלית,חקלאי,IL,פומלית,קילוגרמים,1.00,"ק""ג",true,,12.90,12.9000,true,1,7328
8057,true,אפרסק לבן,מרינה,IL,אפרסק לבן,קילוגרמים,1.00,"ק""ג",true,,21.90,21.9000,true,1,7335
8066,true,תפוח קריספ פינק,מרינה,IL,תפוח קריספ פינק,קילוגרמים,1.00,"ק""ג",true,,21.90,21.9000,true,1,7340
8216,true,בלון בודד קטן -גומי,גמר,,בלון בודד קטן -גומי מטאלי +הליום,יחידה,1.00,יחידה,false,1,5.90,5.9000,true,1,31606
9287,true,שום ארוז במשקל,חקלאי,IL,שום ארוז במשקל,קילוגרמים,1.00,"ק""ג",true,,39.90,39.9000,true,1,6804
453781,true,שמרים יבשים 125 גרם,ללמנ איבריה,PT,שמרית שמרים יבשים 125 גרם,גרמים,125.00,100 גרם,false,1,7.50,0.0600,true,1,50047
2026976,true,גלידת שוקולד וגלידת,המאפיה של הרמן,IL,שוקולד מילק &קוקיס - מופוריה,מיליליטרים,500.00,"100 מ""ל",false,1,23.90,0.0478,true,1,52423
2075271,true,ריקולה שקית בטעם צמח,,,ריקולה שקית בטעם צמחים 70גרם,גרמים,70.00,100 גרם,false,1,15.90,0.2271,true,1,70547
3072804,true,פסטרמה של פעם  200גר,הנסיך- מפעל לייצור ט,IL,"טירת צבי, פסטרמה של פעם, 200 גרם, ללא גלוטן",Unknown,0.00,Unknown,false,1,28.90,0.0000,true,1,56124
3143337,true,סילאן לחיץ טבעי 350,"טעמי הגליל בע""מ",IL,קליית גת סילאן טבעי לחיץ 350 גרם,גרמים,350.00,100 גרם,false,1,17.90,0.0511,true,1,36515
6256775,true,יין גאטו נגרו מלבק 7,פינקל פודס,AR,יין גאטו נגרו מלבק 750 מל,מיליליטרים,750.00,"100 מ""ל",false,1,39.90,0.0532,true,1,67469
30107014,false,נייר גלגול גדול +פיל,,,נייר גלגול גדול +פילטר בודד,יחידה,1.00,יחידה,false,1,9.80,9.8000,true,1,19773
30112902,false,נייר גלגול קטן+פילטר,,,נייר גלגול קטן+פילטר בודד,יחידה,1.00,יחידה,false,1,9.40,9.4000,false,1,20967
30112919,false,נ.ג. בינוני+פילטר בו,,,נ.ג. בינוני+פילטר בודד,Unknown,0.00,Unknown,false,1,7.90,0.0000,false,1,19523
32147230,false,מיץ לימון משומר לימו,ג'נרל מילס סאן אדריא,,סיצילה מיץ לימון משומר לימונית 200 מל,מיליליטרים,200.00,"100 מ""ל",false,1,8.50,0.0425,true,1,7316
40084107,false,ביצת הפתעה קינדר בוד,פררו,IT,ביצת הפתעה - עשיר בחלב,גרמים,20.00,100 גרם,false,1,6.40,0.3200,true,1,2942
40084725,false,קנדר מילק סלייס עוגת,פררו טורקיה צ'יקולטה,TR,קנדר מילק סלייס עוגת ספוג במילוי קרם65%,גרמים,30.00,100 גרם,false,1,4.90,0.1633,true,1,68755
40111216,false,חטיף שוקולד באונטי 5,"נארז ע""י : א.ג. גילר",NL,חטיף שוקולד באונטי 57 גרם,גרמים,57.00,100 גרם,false,1,4.90,0.0860,true,1,1126
40677804,false,"יגרמייסטר  200מ""ל",ייגרמיסטר,LV,"יגרמייסטר  200מ""ל",מיליליטרים,200.00,"100 מ""ל",false,1,31.90,0.1595,true,1,52464
42061939,false,בירה בקס בקבוק 500 מ,"איי, בי, אינבוו",DE,בירה בקס 500 מל,מיליליטרים,500.00,"100 מ""ל",false,1,10.90,0.0218,true,1,32521
42138105,false,סיגריות וינסטון סלימ,גיי טי אינטרנשיונל,,סיגריות וינסטון סלימס כחול חפיסה בודד,לא מנהל יחידת מידה,0.00,לא מנהל יחידת מידה,false,1,33.70,0.0000,false,1,8351
42138129,false,סיגריות וינסטון סלימ,JTI,,סיגריות וינסטון סלימס מנטול חפיסה בודד,לא מנהל יחידת מידה,0.00,לא מנהל יחידת מידה,false,1,33.70,0.0000,false,1,8352
54013674,false,ריזלה נייר גלגול אדו,ריזלה נייר גלגול אדו,,ריזלה נייר גלגול אדום 3גרם,יחידה,1.00,יחידה,false,1,3.00,3.0000,true,1,70496
54013681,false,ריזלה נייר גלגול אפו,ריזלה נייר גלגול אדו,,ריזלה נייר גלגול אפור 3גרם,יחידה,1.00,יחידה,false,1,3.00,3.0000,true,1,70497
54013698,false,ריזלה נייר גלגול כחו,ריזלה נייר גלגול אדו,,ריזלה נייר גלגול כחול 3גרם,יחידה,1.00,יחידה,false,1,3.00,3.0000,true,1,70498
59039549,false,סיגריות ווג פריזון מ,BAT,,סיגריות ווג פריזון מנטול חפיסה בודד,Unknown,0.00,Unknown,false,1,39.50,0.0000,false,1,10820
59068907,false,סיגריות פאל מאל כחול,גלוברנס,,סיגריות פאל מאל כחול דמי סלימס בודד,לא מנהל יחידת מידה,0.00,לא מנהל יחידת מידה,false,1,26.40,0.0000,false,1,47122
59068914,false,סיגריות פאל מאל סילב,,,סיגריות פאל מאל סילבר דמני סלימס בודד,לא מנהל יחידת מידה,0.00,לא מנהל יחידת מידה,false,1,26.40,0.0000,false,1,47124
59455233,false,סיגריות ווג ליידי כח,BAT,,סיגריות ווג ליידי כחול חפיסה בודד,לא מנהל יחידת מידה,0.00,לא מנהל יחידת מידה,false,1,39.50,0.0000,false,1,11781
59455240,false,סיגריות ווג ליידי לי,BAT,,סיגריות ווג ליידי לילך חפיסה בודד,Unknown,0.00,Unknown,false,1,39.50,0.0000,false,1,11779
72917589,false,מקופלת 25 גרם,"שטראוס גרופ בע""מ",IL,מקופלת 25 גר מגדים,גרמים,25.00,100 גרם,false,1,4.90,0.1960,true,1,2075
72918388,false,טוויסט 28 גרם,"שטראוס גרופ בע""מ",IL,טוויסט 28 גר וועסטהיים,גרמים,28.00,100 גרם,false,1,4.90,0.1750,true,1,2079
72940754,false,מילקי וניל 133 גרם,"שטראוס גרופ בע""מ",IL,מילקי בטעם וניל,גרמים,133.00,100 גרם,false,1,2.90,0.0218,true,1,2080
72940761,false,מילקי שוקולד 133 גרם,מיוצר עי קונדיטוריית,IL,מילקי בטעם שוקולד,גרמים,133.00,100 גרם,false,1,2.90,0.0218,true,1,2081
72940952,false,מילקי פי 2 קצפת 107,"שטראוס גרופ בע""מ",IL,מילקי אקסטרה קצפת,גרמים,107.00,100 גרם,false,1,4.50,0.0421,true,1,2082
72941041,false,מילקי מיני שוקולד,"שטראוס גרופ בע""מ",IL,מילקי מיני שוקולד,מיליליטרים,90.00,"100 מ""ל",false,1,2.50,0.0278,true,1,56530
72961506,false,פרילי תות בגביע 125,מחלבת אלון תבור,IL,פרילי תות בגביע 125 גרם,מיליליטרים,125.00,"100 מ""ל",false,1,4.00,0.0320,true,1,2088
72961520,false,פרילי אננס בגביע 125,מחלבת אלון תבור,IL,פרילי אננס בגביע 125 גרם,מיליליטרים,125.00,"100 מ""ל",false,1,4.00,0.0320,true,1,2089
72961544,false,באדי תות 125 גרם,מחלבת אלון תבור,IL,באדי תות 125 גרם,גרמים,125.00,100 גרם,false,1,3.60,0.0288,true,1,2090
72963753,false,שמנת של פעם 27% תנוב,תנובה,IL,תנובה שמנת של פעם אורגינל 27% שומן,מיליליטרים,200.00,"100 מ""ל",false,1,4.00,0.0200,true,1,2097
72964422,false,יוגורט תנובה 4% 200,מחלבת תנובה,IL,תנובה יוגורט 4.5% שומן 200 מל,גרמים,200.00,100 גרם,false,1,3.00,0.0150,true,1,2100
72983997,false,סיגריות גולף גולד 10,דובק,,סיגריות גולף גולד 100בוקס חפיסה בודד,לא מנהל יחידת מידה,0.00,לא מנהל יחידת מידה,false,1,31.20,0.0000,false,1,5852
72986370,false,"גלידה וניל 500 מ""ל",המאפיה של הרמן,IL,פיינט וניל FT,מיליליטרים,500.00,"100 מ""ל",false,1,23.90,0.0478,true,1,2105
72986424,false,גלידה קרם עוגיות 500,המאפיה של הרמן,IL,"פיינט קרם עוגיות בד""ץ",מיליליטרים,500.00,"100 מ""ל",false,1,23.90,0.0478,true,1,2106
72986448,false,גלידה טופי קראנץ 500,המאפיה של הרמן,IL,גלידת  וניל עם חתיכות טופי  מצופות שוקולד,מיליליטרים,500.00,"100 מ""ל",false,1,23.90,0.0478,true,1,2107
72986455,false,גלידה ניו יורק סופר,המאפיה של הרמן,IL,פיינט ניו-יורק סופר FT,מיליליטרים,500.00,"100 מ""ל",false,1,23.90,0.0478,true,1,2108
72986479,false,גלידה צינקי מונקי 50,המאפיה של הרמן,IL,פיינט צאנקי מנקי FT,מיליליטרים,500.00,"100 מ""ל",false,1,23.90,0.0478,true,1,2109
72989395,false,טילון קרם עוגיות 100,מוצרי איכות אמריקאיי,IL,טילון קרם עוגיות,גרמים,100.00,100 גרם,false,1,11.90,0.1190,true,1,2571
72989425,false,גלידה שוקולד בראוניס,המאפיה של הרמן,IL,"גלידה שוקולד בראוניס 500 מ""ל",מיליליטרים,500.00,"100 מ""ל",false,1,23.90,0.0478,true,1,4507
72991374,false,סיגריות טיים רד חפיס,דובק,,סיגריות טיים רד חפיסה בודד,Unknown,0.00,Unknown,false,1,30.20,0.0000,false,1,761
72991381,false,סיגריות טיים 100  רד,דובק,,סיגריות טיים 100  רד חפיסה בודד,לא מנהל יחידת מידה,0.00,לא מנהל יחידת מידה,false,1,30.20,0.0000,false,1,763
72991404,false,סיגריות אירופה חפיסה,דובק,,סיגריות אירופה חפיסה בודד,לא מנהל יחידת מידה,0.00,לא מנהל יחידת מידה,false,1,30.20,0.0000,false,1,771
72991459,false,סיגריות גולף לייט חפ,דובק,,סיגריות גולף לייט חפיסה בודד,לא מנהל יחידת מידה,0.00,לא מנהל יחידת מידה,false,1,31.20,0.0000,false,1,775
72991497,false,סיגריות נובלס פילטר,דובק,,סיגריות נובלס פילטר חפיסה בודד,יחידה,0.00,יחידה,false,1,29.60,0.0000,false,1,773
72991886,false,גלידה דולצה דה לצה 5,המאפיה של הרמן,IL,פיינט דולצ'ה דה לצ'ה,מיליליטרים,500.00,"100 מ""ל",false,1,23.90,0.0478,true,1,2111
72993637,false,דני שוקולד מהדרין,מחלבת אחיהוד,IL,דני שוקולד,גרמים,125.00,100 גרם,false,1,2.70,0.0216,true,1,7045
72994061,false,חטיף פסק זמן 2GOOD מ,אף.סי תבליני בגליל ב,TR,פסק זמן 2GOOD,גרמים,36.00,100 גרם,false,1,5.90,0.1639,true,1,10432
76136184,false,סיגריות פאל מל סלימס,BAT,,סיגריות פאל מל סלימס כחול חפיסה בודד,לא מנהל יחידת מידה,0.00,לא מנהל יחידת מידה,false,1,30.50,0.0000,false,1,6442
76136191,false,סיגריות פאל מל סלימס,BAT,,סיגריות פאל מל סלימס כתום חפיסה בודד,לא מנהל יחידת מידה,0.00,לא מנהל יחידת מידה,false,1,29.00,0.0000,false,1,6257
80001027,false,חטיף טורטינה חלב,לואקר,IT,וופל בציפוי שוקולד חלב וממלוא בקרם אגוזים,גרמים,21.00,100 גרם,false,1,4.90,0.2333,true,1,2939
80001287,false,חטיף גרדנה אגוז,לואקר,AT,חטיף גרדנה אגוז 38 גרם,גרמים,38.00,100 גרם,false,1,4.90,0.1289,true,1,2169
80001461,false,חטיף גרדנה שוקולד,"א. לואקר קונפקט בע""מ",AT,חטיף גרדנה שוקולד 38 גרם,גרמים,38.00,100 גרם,false,1,4.90,0.1289,true,1,6521
80001799,false,חטיף טורטינה לבן 21,לואקר,IT,וופל בציפוי שוקולד חלב וממלוא בקרם אגוזים,גרמים,21.00,100 גרם,false,1,4.90,0.2333,true,1,22950
80001911,false,חטיף גרדנה לבן 38 גר,א. לואקר,AT,חטיף גרדנה לבן 38 גרם,גרמים,38.00,100 גרם,false,1,4.90,0.1289,true,1,27291
80042556,false,עגבניות מרוסקות MUTT,"איי, בי, אינבוו",IT,עגבניות מרוסקות POLPA MUTTI,גרמים,400.00,100 גרם,false,1,6.90,0.0173,true,1,58125
80042563,false,מחית רסק עגבניות  פא,"איי, בי, אינבוו",IT,רסק עגבניות 700 גרם (צהוב) MUTTI,גרמים,700.00,100 גרם,false,1,12.90,0.0184,true,1,27312
80043874,true,פלפל שחור במטחנה,בונומלי,IT,פלפל שחור אורגני במטחנה 28 גרם,גרמים,32.00,100 גרם,false,1,10.90,0.3406,true,1,40934
80050025,false,סוכריות טיק טק תפוז,פררו,ZA,דחוסות בטעם תפוז,גרמים,16.00,100 גרם,false,1,4.50,0.2813,true,1,2200
80050124,false,סוכריות טיק טק מנטה,פררו,ZA,טיק טק מנטה,גרמים,16.00,100 גרם,false,1,4.50,0.2813,true,1,2201
80050278,false,פררו רושה שלישייה,פררו,IT,פררו רושה שלישייה,גרמים,38.00,100 גרם,false,1,6.50,0.1711,true,1,3600
80052487,false,רפאלו  30 גרי שלישיי,פררו,PL,רפאלו  30 גרי שלישייה,גרמים,30.00,100 גרם,false,1,5.50,0.1833,true,1,69149
80052760,false,חטיף וופל קינדר בואנ,פררו,PL,קינדר בואנו,גרמים,43.00,100 גרם,false,1,5.00,0.1163,true,1,2203
80083665,false,עוגיות שוקולד ציפס א,תות תעשיות מזון (201,IT,עוגיות אורגניות עם שוקולד צ'יפס 250 גרם,גרמים,350.00,100 גרם,false,1,17.90,0.0511,true,1,67308
80176732,false,קינדר הפי היפו,פררו,DE,"הפי היפו קקאו, וופל במילוי קרם חלבי וקרם קקאו",גרמים,21.00,100 גרם,false,1,4.50,0.2143,true,1,6886
80176800,false,ממרח שוקולד נוטלה 75,פררו תעשיות איטליה ס,IT,ממרח שוקולד נוטלה 750 גרם,גרמים,750.00,100 גרם,false,1,28.90,0.0385,true,1,2210
80177173,false,ממרח שוקולד נוטלה,פררו,IT,ממרח שוקולד נוטלה אגוזים 350 גרם,גרמים,350.00,100 גרם,false,1,16.90,0.0483,true,1,2211
80177180,false,שוקולד קינדר קאנטרי,פררו,IT,שוקולד קינדר קאנטרי 23.5 גרם,גרמים,24.00,100 גרם,false,1,3.50,0.1458,true,1,4506
80177609,false,שוקולד קינדר אצבעות,פררו,IT,שוקולד חלב עם תכולת חלב גבוהה במילוי קרם חלבי,גרמים,50.00,100 גרם,false,1,5.50,0.1100,true,1,2212
80177616,false,שוקולד חלב ממולא קינ,פררו,IT,שוקולד חלב עם תכולת חלב גבוהה במילוי קרם חלבי,גרמים,100.00,100 גרם,false,1,9.90,0.0990,true,1,2213
80273561,false,פלפל שחור במטחנה 45,DROGHERIA E ALIMENTA,,פלפל שחור במטחנה 45 גרם,גרמים,45.00,100 גרם,false,1,13.90,0.3089,true,1,2223
80273592,false,פלפל 4 העונות במטחנה,DROGHERIA E ALIMENTA,,פלפל 4 העונות במטחנה 35 גרם,גרמים,35.00,100 גרם,false,1,13.90,0.3971,true,1,2224
80273639,false,מלח ים במטחנה 90 גרם,DROGHERIA E ALIMENTA,,מלח ים במטחנה 90 גרם,גרמים,90.00,100 גרם,false,1,13.90,0.1544,true,1,2225
80273660,false,שום במטחנה 50 גרם,DROGHERIA E ALIMENTA,,שום במטחנה 50 גרם,גרמים,50.00,100 גרם,false,1,13.90,0.2780,true,1,2226
80273677,false,"צ""ילי במטחנה 20 גרם",DROGHERIA E ALIMENTA,,"צ""ילי במטחנה 20 גרם",גרמים,20.00,100 גרם,false,1,13.90,0.6950,true,1,2227
80310891,false,"ביצת קינדר ג""וי",פררו,ZA,"ביצת קינדר ג""וי 20 גרם",גרמים,20.00,100 גרם,false,1,6.90,0.3450,true,1,71718
80473206,true,פפריקה מתוקה קנהמלה,קנהמלה,IT,פפריקה מתוקה אורגנית,גרמים,50.00,100 גרם,false,1,10.90,0.2180,true,1,41175
80651000,false,"שום וצ""ילי במטחנה 30",DROGHERIA E ALIMENTA,,"שום וצ""ילי במטחנה 30 גרם",גרמים,30.00,100 גרם,false,1,13.90,0.4633,true,1,2243
80655404,true,שום גבישי אורגני,בנומנולי,IT,סנומאלה שום גבישי אורגני 70 גרם,גרמים,70.00,100 גרם,false,1,10.90,0.1557,true,1,41184
80761761,false,חטיף וופל קינדר בואנ,פררו,PL,חטיף וופל קינדר בואנו שוקולד לבן 39 גרם,גרמים,39.00,100 גרם,false,1,5.00,0.1282,true,1,11173
80768258,false,ביצת קינדר גוי ורוד,פררו,ZA,קינדר ג'וי ורוד,גרמים,20.00,100 גרם,false,1,6.40,0.3200,true,1,18917
80773429,false,מסטיק מנטוס פיור פרש,"פרפטי ואן מלה ג'ידה,",TR,מנטוס גומי לעיסה ללא סוכר בטעם תות שדה,גרמים,60.00,100 גרם,false,1,10.90,0.1817,true,1,32518
80773443,false,מסטיק מנטוס מנטה פיר,פרפטי ואן מלה ברדה,TR,מנטוס גומי לעיסה ללא סוכר בטעם מנטה,גרמים,60.00,100 גרם,false,1,10.90,0.1817,true,1,30396
80790990,false,מסטיק מנטוס מנטה עדי,פרפטי ואן מלה ברדה,TR,מסטיק מנטוס מנטה עדינה בקבוק מעוגל 60 גר,גרמים,60.00,100 גרם,false,1,10.90,0.1817,true,1,30383
80809265,false,חטיף טורטינה חמאת בו,לואקר,IT,חטיף טורטינה חמאת בוטנים 21 גרם,גרמים,21.00,100 גרם,false,1,4.90,0.2333,true,1,71037
80843184,false,מסטיק בקבוקון פיור ע,פרפטי ואן מלה,TR,מסטיק בקבוקון פיור ענבים 60 גרם,גרמים,60.00,100 גרם,false,1,10.90,0.1817,true,1,69288
80850885,false,מסטיק מנטוס וויט מנט,"אינסטנטה בע""מ",TR,גומי לעיסה מנטוס וויט בטעם מנטה עדינה,גרמים,60.00,100 גרם,false,1,10.90,0.1817,true,1,20418
80864295,false,מסטיק בקבקון מ.עדינה,פרפטי ואן מלה,TR,מסטיק בקבקון מ.עדינה pure white 60 גרם,גרמים,60.00,100 גרם,false,1,10.90,0.1817,true,1,69551
80874652,false,קינדר קארדס 25.6 גרם,פררו,IT,קינדר קארדס 25.6 גרם,גרמים,26.00,100 גרם,false,1,4.90,0.1885,true,1,71599
80896081,false,מסטיק מנטוס פיור פרש,פרפטי ואן מלה ברדה,TR,מנטוס גומי לעיסה ללא סוכר בטעם אבטיח,גרמים,60.00,100 גרם,false,1,10.90,0.1817,true,1,32519
80913467,false,מסטיק מנטוס מנטה בקב,פרפטי ואן מלה ג'דה,TR,mentos - pure fresh,גרמים,60.00,100 גרם,false,1,10.90,0.1817,true,1,30504
80936848,false,סוכריות טיק טק תות 1,פררו,ZA,טיק טק תות,גרמים,16.00,100 גרם,false,1,4.50,0.2813,true,1,18586
80945468,false,מסטיק בקבקון מ.מתוקה,פרפטי ואן מלה,TR,מסטיק בקבקון מ.מתוקה pure white 60 גרם,גרמים,60.00,100 גרם,false,1,10.90,0.1817,true,1,69552
80974482,false,ביצת קינדר גוי כחול,פררו,ZA,קינדר ג'וי כחול,גרמים,20.00,100 גרם,false,1,6.40,0.3200,true,1,18918
80979128,false,מסטיק בקבוקון פיור ד,פרפטי ואן מלה,TR,מסטיק בקבוקון פיור דובדובן 60 גרם,גרמים,60.00,100 גרם,false,1,10.90,0.1817,true,1,69289
80982470,false,מסטיק מנטוס פיור מנט,פרפטי ואן מלה ברדה,TR,מסטיק מנטוס פיור מנטה חזקה 60 ג,גרמים,60.00,100 גרם,false,1,10.90,0.1817,true,1,68409
80986348,false,מסטיק בקבקון מנטה pu,פרפטי ואן מלה,TR,מסטיק בקבקון מנטה pure white 60 גרם,גרמים,60.00,100 גרם,false,1,10.90,0.1817,true,1,69553
84197375,false,סוכריה זום לקקן ענק,וידאל,ES,סוכריה זום לקקן ענק תות,גרמים,33.00,100 גרם,false,1,3.80,0.1152,true,1,13321
85939868,false,נייר קצר ללא פילטר,,,נייר קצר ללא פילטר,יחידה,0.00,יחידה,false,1,3.00,0.0000,true,1,55632
85942677,false,נייר קצר כולל פילטר,,,נייר קצר כולל פילטר,Unknown,0.00,Unknown,false,1,6.00,0.0000,false,1,55631
85942707,false,נייר קצר עבה,,,נייר קצר עבה,Unknown,0.00,Unknown,false,1,3.00,0.0000,false,1,55638
85951730,false,120 פילטרים SLIM PAR,,,120 פילטרים SLIM PARTY,Unknown,0.00,Unknown,false,1,4.90,0.0000,false,1,55629
85967069,false,נייר גלגול גדול כולל,,,נייר גלגול גדול כולל פילטר חום,יחידה,1.00,יחידה,false,1,8.90,8.9000,false,1,54647
85967076,false,נייר בינוני כולל פיל,,,נייר בינוני כולל פיל,יחידה,1.00,יחידה,false,1,7.50,7.5000,true,1,60865
87108538,false,סוכריות מנטוס תות גל,הדקלאים אגודת שיתופי,NL,מנטוס תות 40 גלילים,גרמים,38.00,100 גרם,false,1,3.90,0.1026,true,1,6372
87311396,false,סוכריות מנטוס ריינבא,קדבורי,NL,מנטוס  ריינבאוו סוכריות לעיסה בטעמי פירות 37.5 גרם,גרמים,38.00,100 גרם,false,1,3.90,0.1026,true,1,14205
90162602,false,משקה אנרגיה רד בול,רד בול ג'י.אם.בי. אץ,AT,"משקה אנרגיה רד בול 250 מ""ל",מיליליטרים,250.00,"100 מ""ל",false,1,8.50,0.0340,true,1,6438
90162800,false,משקה אנרגיה רד בול,רד בול ג'י.אם.בי. אץ,AT,רד בול,מיליליטרים,250.00,"100 מ""ל",false,1,8.50,0.0340,true,1,6439
90446269,false,רד בול אבטיח 250 מל,ראון פרוכטסאפה,AT,רד בול אבטיח 250 מל,מיליליטרים,250.00,"100 מ""ל",false,1,8.50,0.0340,true,1,68580
90448867,false,רד בול ללא פחמימות פ,רד בול,AT,רד בול ללא פחמימות פחית 250 מל,מיליליטרים,250.00,"100 מ""ל",false,1,8.50,0.0340,true,1,70689
8112100298,false,שמן שומשום קלוי,Flavor full foods in,,שמן שומשום קלוי 185   ליטר,מיליליטרים,185.00,"100 מ""ל",false,1,15.90,0.0859,true,1,70275
9800800056,false,נוטלה גו בייגלה מלוח,פררו,DE,נוטלה גו בייגלה מלוח,גרמים,52.00,100 גרם,false,1,7.90,0.1519,true,1,27636
11182700930,false,שעועית אדומה בהירה ק,קינג קול,,שעועית אדומה בהירה קינג קול 436 גרם,גרמים,436.00,100 גרם,false,1,11.90,0.0273,true,1,12161
11182700954,false,שעועית שחורה קינג קו,קינג קול,,שעועית שחורה קינג קול 436 גרם,גרמים,436.00,100 גרם,false,1,11.90,0.0273,true,1,11305
11210000094,false,"רוטב טבסקו 60 מ""ל",מקאילהייני אייבורי,,"רוטב טבסקו 60 מ""ל",מיליליטרים,60.00,"100 מ""ל",false,1,12.90,0.2150,true,1,84
14100074120,false,עוגיות מילאנו פפרידג,פפרדג פארם,,עוגיות מילאנו פפרידג 198 גרם,גרמים,198.00,100 גרם,false,1,24.90,0.1258,true,1,6300
14100077084,false,פפרידג פארם עוגיות צ,פפרדג פארם,US,פפרידג פארם עוגיות צספיק שוקולד מריר פ,גרמים,204.00,100 גרם,false,1,24.90,0.1221,true,1,71731
14100077121,false,עוגיות סוסליטו שוקו,פפרדג פארם,,עוגיות סוסליטו שוקו מקדמיה פפרידג 206 גר,גרמים,206.00,100 גרם,false,1,24.90,0.1209,true,1,6301
14100078609,false,עוגיות דאבל שוקולד פ,פפרדג פארם,,עוגיות דאבל שוקולד פפרידג 220 גרם,גרמים,220.00,100 גרם,false,1,22.90,0.1041,true,1,6302
14100082033,false,עוגיות קאפטיבה רכות,פפרדג פארם,,עוגיות קאפטיבה רכות פפרידג 244 גרם,גרמים,244.00,100 גרם,false,1,24.90,0.1020,true,1,6776
14100089001,false,עוגיות מונטוק שוקולד,,,עוגיות מונטוק שוקולד חלב פפרידג 244 גרם,גרמים,244.00,100 גרם,false,1,22.90,0.0939,true,1,15126
16000185517,false,דגני פייבר 1 555גרם,בטר אנד דיפרנט,US,דגני פייבר 1 555גרם,גרמים,555.00,100 גרם,false,1,32.90,0.0593,true,1,69702
16000423534,false,חטיפי גרנולה קראנצי,ג'נרל מילס סאן אדריא,ES,חטיפי גרנולה קראנצי שיבולת שועל מריר 210,גרמים,210.00,100 גרם,false,1,14.90,0.0710,true,1,11213
16000548404,false,חטיפי גרנולה קראנצי,ג'נרל מילס סאן אדריא,ES,"נייטשר וואלי, קראנצ'י שיבולת שועל עם דבש",גרמים,210.00,100 גרם,false,1,14.90,0.0710,true,1,266
16000548503,false,חטיפי גרנולה קראנצי,ג'נרל מילס סאן אדריא,ES,חטיפי גרנולה קראנצי מייפל וסוכר חום 210,גרמים,210.00,100 גרם,false,1,14.90,0.0710,true,1,267
16000548602,false,חטיפי גרנולה קראנצי,ג'נרל מילס סאן אדריא,ES,חטיפי גרנולה קראנצי קינמון 210 גרם,גרמים,210.00,100 גרם,false,1,14.90,0.0710,true,1,268
16000548909,false,חטיפי גרנולה קראנצי,ג'נרל מילס סאן אדריא,ES,חטיפי גרנולה קראנצי מגוון טעמים 210 גרם,גרמים,210.00,100 גרם,false,1,14.90,0.0710,true,1,269
18000701223,false,תערובת להכנת עוגת שו,הדקלאים אגודת שיתופי,IL,תערובת להכנת עוגת שוקולד פילסברי 500 גרם,גרמים,500.00,100 גרם,false,1,19.90,0.0398,true,1,305
18000766413,false,תערובת לעוגת בראוניס,הדקלאים אגודת שיתופי,IL,תערובת לעוגת בראוניס פלסברי 550 גרם,גרמים,550.00,100 גרם,false,1,19.90,0.0362,true,1,306
22200956949,false,דאודורנט ספיד סטיק ג,COLGATE ($) -PALMOLI,,"דאודורנט ספיד סטיק ג""ל כחול 85 גרם",מיליליטרים,85.00,"100 מ""ל",false,1,21.90,0.2576,true,1,469
22224500715,false,סוויט כאוס פופקורן ע,קניז קודי קומפוני,US,סוויט כאוס פופקורן עם חמאת בוטנים ושוקלד 156 גרם,גרמים,156.00,100 גרם,false,1,24.90,0.1596,true,1,68979
22224500722,false,סוויט כאוס פופקורן ע,קניז קודי קומפוני,US,סוויט כאוס פופקורן עם בצק עוגה 156 גרם,גרמים,156.00,100 גרם,false,1,24.90,0.1596,true,1,68978
24100577163,false,ציז איט קלאסי מיקס ח,"קלוגס בריטניה בע""ם",US,ציז איט קלאסי מיקס חטיפי גבינה 127 גרם,גרמים,127.00,100 גרם,false,1,14.90,0.1173,true,1,68664
25675301108,false,מקלות חמוצים פשקס תו,פאסין,,מקלות חמוצים פשקס תות 50 גרם,גרמים,50.00,100 גרם,false,1,5.90,0.1180,true,1,5010
25675301153,false,מקלות חמוצים פטל,יושלם,,מקלות חמוצים פטל 50 גר                 .,גרמים,50.00,100 גרם,false,1,5.90,0.1180,true,1,62246
25675301184,false,מקלות חמוצים קולה 50,יושלם,,מקלות חמוצים קולה 50 גרם,גרמים,50.00,100 גרם,false,1,5.90,0.1180,true,1,5011
25700005681,false,זיפלוק סליידר בינוני,אס.סי גונוסון,US,יפלוק סליידר בינוניות 20יח,יחידה,1.00,יחידה,false,1,17.90,17.9000,true,1,67590
30000315958,false,קוואקר פרוטאין בננה,קוואקר אוטס קומפני,US,קוואקר פרוטאין בננה אגוזים 366 גרם,גרמים,366.00,100 גרם,false,1,28.90,0.0790,true,1,54105
30000315989,false,קוואקר פרוטאין חמוצי,קוואקר אוטס קומפני,US,קוואקר פרוטאין חמוציות ושקדים 372 גרם,גרמים,372.00,100 גרם,false,1,28.90,0.0777,true,1,54106
30100487197,false,קיבלר קרקר גבינת צדר,"מאכלי עולם ר.ז. בע""מ",,קיבלר קרקר גבינת צדר לבן 39 גרם,גרמים,39.00,100 גרם,false,1,4.90,0.1256,true,1,58843
30100545101,false,קיבלר קרקר קלאב צדר,"מאכלי עולם ר.ז. בע""מ",,קיבלר קרקר קלאב צדר כתום 39 גרם,גרמים,39.00,100 גרם,false,1,4.90,0.1256,true,1,58833
31290140107,false,טבלת שוקולד גודייבה,פלאדיס,TR,טבלת שוקולד גודייבה סטיק 72% 90גרם,גרמים,90.00,100 גרם,false,1,15.90,0.1767,true,1,60757
31290140237,false,טבלת שוקולד חלב גודי,פלאדיס,TR,טבלת שוקולד חלב גודייבה סטיקס חלב 90גרם,גרמים,90.00,100 גרם,false,1,15.90,0.1767,true,1,60759
31290140251,false,טבלת שוקולד גודייבה,פלאדיס,TR,טבלת שוקולד גודייבה סטיקס חלב בתוספת שקד,גרמים,90.00,100 גרם,false,1,15.90,0.1767,true,1,60758
34000544028,false,טוויזלרס  ממתק בטעם,הרשי,,טוויזלרס  ממתק בטעם תות 198 גרם,גרמים,198.00,100 גרם,false,1,9.90,0.0500,true,1,70210
36000183399,false,חיתולי האגיס שחיה מי,KC Czech,,חיתולי האגיס שחיה מידה S/M,לא מנהל יחידת מידה,0.00,לא מנהל יחידת מידה,false,1,44.50,0.0000,true,1,1005
36000516890,false,קלינקס לושן אלוורה 1,קימברלי,GB,קלינקס לושן אלוורה 120 - 3 שכבות,יחידה,24.00,יחידה,false,1,20.90,0.8708,true,1,58707
37600207188,false,חמאת בוטנים סקיפי קל,פלזנסקי,US,חמאת בוטנים סקיפי קלאסיק 462 גרם,גרמים,462.00,100 גרם,false,1,21.90,0.0474,true,1,19911
37600207256,false,חמאת בוטנים סקיפי בו,פלזנסקי,US,חמאת בוטנים סקיפי עם שברי בוטנים 462 גרם,גרמים,462.00,100 גרם,false,1,24.90,0.0539,true,1,19981
37600207287,false,חמאת בוטנים עם דבש ס,כלורוקס אוקלנד,US,חמאת בוטנים סקיפי עם דבש 462 גרם,גרמים,462.00,100 גרם,false,1,26.90,0.0582,true,1,19982
37600297943,false,439גרם  CHI-CHISמטבל,,US,439גרם  CHI-CHISמטבל סלסה חריף,גרמים,439.00,100 גרם,false,1,17.90,0.0408,true,1,71668
37600297967,false,CHI-CHIS מטבל סלסה ב,,US,CHI-CHIS מטבל סלסה בחריפות עדינה 439 גרם,גרמים,439.00,100 גרם,false,1,17.90,0.0408,true,1,71667
38000138607,false,פרינגלס חומץ מלח 158,מנופקצורי קטמפני,US,פרינגלס חומץ מלח 158 גרם,גרמים,158.00,100 גרם,false,1,10.90,0.0690,true,1,54289
38000138638,false,פרינגלס פיצה 158 גרם,לני אנד לארי,US,פרינגלס פיצה 158 גרם,גרמים,158.00,100 גרם,false,1,10.90,0.0690,true,1,29419
38000138720,false,פרינגלס ראנץ 158 גרם,פרינגלס מניופקצ'ורינ,US,פרינגלס ראנץ 158 גרם,גרמים,158.00,100 גרם,false,1,10.90,0.0690,true,1,49004
38000183690,true,פרינגלס ברביקיו מידי,פרינגלס מניופקצ'ורינ,US,פרינגלס ברביקיו מידי חלבי 74 גרם,גרמים,74.00,100 גרם,false,1,6.90,0.0932,true,1,50771
38000183928,false,פרינגלס חרדל ודבש 15,פרינגלס מניופקצ'ורינ,US,פרינגלס חרדל ודבש 158 גרם,גרמים,158.00,100 גרם,false,1,10.90,0.0690,true,1,67190
38000197840,false,פרינגלס גלי חריף מתו,פרינגלס מניופקצ'ורינ,US,פרינגלס גלי חריף מתוק 137 גרם,גרמים,137.00,100 גרם,false,1,10.90,0.0796,true,1,67189
38000202278,false,פרינגלס גלי  אורגינל,פרינגלס מניופקצ'ורינ,US,פרינגלס גלי  אורגינל 130 גרם,גרמים,130.00,100 גרם,false,1,10.90,0.0838,true,1,67188
38000232152,false,פרינגלס ברביקיו 158ג,פרינגלס מניופקצ'ורינ,US,פרינגלס ברביקיו 158גרם,גרמים,158.00,100 גרם,false,1,10.90,0.0690,true,1,59289
38000232176,false,פרינגלס שמנת בצל 158,פרינגלס מניופקצ'ורינ,US,פרינגלס שמנת בצל 158גרם,גרמים,158.00,100 גרם,false,1,10.90,0.0690,true,1,59288
38000232183,false,פרינגלס אורגינל 149,פרינגלס מניופקצ'ורינ,US,פרינגלס אורגינל 149 גרם,גרמים,149.00,100 גרם,false,1,10.90,0.0732,true,1,59287
38000845253,false,פרינגלס מידי שמנת בצ,פרינגלס מנופקצורינג,US,פרינגלס מידי שמנת בצל 71 גרם,גרמים,71.00,100 גרם,false,1,6.90,0.0972,true,1,26910
38527591053,false,דגני קוואקר מרובעים,BEVERAGES FOODS & SE,,דגני קוואקר מרובעים קינמון 411 גרם,גרמים,411.00,100 גרם,false,1,22.70,0.0552,true,1,12587
38527591060,false,דגני קוואקר מרובעים,BEVERAGES FOODS & SE,,דגני קוואקר מרובעים סוכר חום 411 גרם,גרמים,411.00,100 גרם,false,1,22.70,0.0552,true,1,12588
39000008006,false,אורטגה טאקו מקסיקני,בי אנד גי,US,אורטגה טאקו מקסיקני 12 יחידות 164 גרם,גרמים,164.00,100 גרם,false,1,23.90,0.1457,true,1,54166
40000514480,false,סוכריות M&M בטעם שוק,מרס נדרלנד,,סוכריות M&M בטעם שוקולד 48 גרם,גרמים,48.00,100 גרם,false,1,5.80,0.1208,true,1,27737
40000514510,false,סוכריות שוקולד M&M,מרס נדרלנד,,סוכריות שוקולד M&M  בוטנים 49 גרם,גרמים,49.00,100 גרם,false,1,5.80,0.1184,true,1,27270
40000555391,false,M&Ms  בראוניז 40 גרם,מרס ריגלי קונפקשונרי,US,M&Ms  בראוניז 40 גרם,גרמים,40.00,100 גרם,false,1,5.80,0.1450,true,1,70192
41421177452,false,רייטס רוטב היקורי מע,בי אנד גי,US,רייטס רוטב היקורי מעושן מרוכז 103 מל,מיליליטרים,103.00,"100 מ""ל",false,1,14.90,0.1447,true,1,15414
46214731552,false,עוגיות שוקולד ציפס מ,קריניציה ויטמינה אס,NL,מרבה עוגיות  37% שוקולד ציפס,גרמים,225.00,100 גרם,false,1,10.90,0.0484,true,1,1350
50000015474,false,פריסקיז דגים 1.42 קג,פורינה,US,פריסקיז דגים 1.42 קג,קילוגרמים,1.42,"ק""ג",false,1,39.90,28.0986,true,1,62261
50000084500,false,פריסקיז מעדני השף 1.,פורינה,US,פריסקיז מעדני השף 1.42 קג,קילוגרמים,1.42,"ק""ג",false,1,39.90,28.0986,true,1,5167
50000100347,false,פריסקיז מעדני החתול,פורינה,US,פריסקיז מעדני החתול מועשר בחלב 1.4קג,קילוגרמים,1.40,"ק""ג",false,1,39.90,28.5000,true,1,5302
50000168583,false,פריסקיז אקסטרא קראנץ,פורינה,US,פריסקיז אקסטרא קראנץ 1.47 קג,קילוגרמים,1.47,"ק""ג",false,1,39.90,27.1429,true,1,68439
50000170180,false,פריסקיז פריים פילה ע,פורינה,US,פריסקיז פריים פילה עוף ברוטב 156 גר,גרמים,156.00,100 גרם,false,1,6.90,0.0442,true,1,42802
50000225224,false,פריסקיז פריים פילה ה,פורינה,US,פריסקיז פריים פילה הודו ברוטב 156 גר,גרמים,156.00,100 גרם,false,1,6.90,0.0442,true,1,42803
50000237951,false,פריסקיז פארטי מיקס מ,פורינה,US,פריסקיז פארטי מיקס מיקס גריל קראנץ 60ג,גרמים,60.00,100 גרם,false,1,11.90,0.1983,true,1,71010
50000238910,false,פריסקיז פארטי מיקס א,פורינה,US,פריסקיז פארטי מיקס אוריגינל קראנץ10 60ג,גרמים,60.00,100 גרם,false,1,11.90,0.1983,true,1,71009
50000292592,true,פנסי פיסט סלמון ברוט,פורינה,US,פנסי פיסט סלמון ברוטב עשיר,גרמים,85.00,100 גרם,false,1,5.90,0.0694,true,1,34311
50000292615,true,פנסי פיסט לבבות עוף,פורינה,US,פנסי פיסט לבבות עוף וכבד,גרמים,85.00,100 גרם,false,1,5.90,0.0694,true,1,42804
50000423347,false,מזון חתולים סלמון פר,פורינה,US,מזון חתולים סלמון פריסקיז 156 גרם,גרמים,156.00,100 גרם,false,1,6.90,0.0442,true,1,9238
50000426447,false,פנסי פיסט נתחי הודו,פורינה,US,פנסי פיסט נתחי הודו 85 גרם,גרמים,85.00,100 גרם,false,1,5.90,0.0694,true,1,1446
50000429042,false,מזון חתולים כבד מעוד,פורינה,US,מזון חתולים כבד מעודן ועוף פנסי פיסט 85,גרמים,85.00,100 גרם,false,1,5.90,0.0694,true,1,6938
50000429448,false,פנסי פיסט מוס סלמון,פורינה,US,פנסי פיסט מוס סלמון 85 גר,גרמים,85.00,100 גרם,false,1,5.90,0.0694,true,1,1447
50000429646,false,מזון חתולים לח דגים,פורינה,US,מזון חתולים לח דגים פנסי פיסט 85 גרם,גרמים,85.00,100 גרם,false,1,5.90,0.0694,true,1,1448
50000429844,false,מזון חתולים בטעם הוד,פורינה,US,מזון חתולים בטעם הודו ועוף פנסי פיסט 85,גרמים,85.00,100 גרם,false,1,5.90,0.0694,true,1,6939
50000434640,false,מזון חתולים לח נתחי,פורינה,US,מזון חתולים לח נתחי עוף פנסי פיסט 85 גרם,גרמים,85.00,100 גרם,false,1,5.90,0.0694,true,1,1449
50000445691,false,פריסקיז חתולים נתחי,פורינה,US,פריסקיז חתולים נתחי עוף וסלמון ברוטב,גרמים,156.00,100 גרם,false,1,6.90,0.0442,true,1,13876
50000574438,false,פריסקיז פארטי מיקס מ,פורינה,US,פריסקיז פארטי מיקס מעדני ים קראנץ 60ג,גרמים,60.00,100 גרם,false,1,11.90,0.1983,true,1,71011
50000578238,false,פריסקיז פארטי מיקס ק,פורינה,US,פריסקיז פארטי מיקס קרייזי ציז 59.500ג,גרמים,60.00,100 גרם,false,1,11.90,0.1983,true,1,71013
50000578450,true,פנסי פיסט עוף ברוטב,פורינה,US,פנסי פיסט עוף ברוטב עשיר,גרמים,85.00,100 גרם,false,1,5.90,0.0694,true,1,34318
52100002460,false,תערובת תיבול לעוף וד,מקרומיק,US,תערובת תיבול לעוף ודג 77 גרם,גרמים,77.00,100 גרם,false,1,20.90,0.2714,true,1,50685
52100004488,false,פפריקה 60 גרם,מקרומיק,US,פפריקה 60 גרם,גרמים,60.00,100 גרם,false,1,22.90,0.3817,true,1,50687
52100005966,false,גבישי שום 85 גרם,מקרומיק,US,גבישי שום 85 גרם,גרמים,85.00,100 גרם,false,1,28.90,0.3400,true,1,50689
52100006260,false,אבקת שום 88 גרם,מקרומיק,US,אבקת שום 88 גרם,גרמים,88.00,100 גרם,false,1,28.90,0.3284,true,1,50690
52100030043,false,פלפל שחור טחון גס 42,מקרומיק,US,פלפל שחור טחון גס 42 גרם,גרמים,42.00,100 גרם,false,1,20.90,0.4976,true,1,50686
52100034898,false,תמצית ליים טהורה 29,מקורמיק,US,"תמצית ליים טהורה 29 מ""ל",מיליליטרים,29.00,"100 מ""ל",false,1,17.90,0.6172,true,1,60722
52100070780,false,תמצית תפוז טהורה 29,מקורמיק,US,"תמצית תפוז טהורה 29 מ""ל",מיליליטרים,29.00,"100 מ""ל",false,1,17.90,0.6172,true,1,60723
52100070865,false,תמצית וניל טהור מקור,מקורמיק,US,תמצית וניל טהור מקורמיק 28 גרם,גרמים,28.00,100 גרם,false,1,29.90,1.0679,true,1,50683
52100136387,false,פלפל שום במטחנה,מקורמיק,FR,פלפל שום במטחנה 34 גרם,גרמים,34.00,100 גרם,false,1,20.90,0.6147,true,1,10578
52100746043,false,תערובת פלפלים במטחנה,מקורמיק,FR,תערובת פלפלים במטחנה 24 גרם,גרמים,24.00,100 גרם,false,1,18.90,0.7875,true,1,10583
55369901673,false,מחית אפרסק ללא סוכר,ליייהי אורצ'רדס,,מחית אפרסק ללא סוכר אפלסנקס רביעייה,גרמים,113.00,100 גרם,false,1,14.90,0.1319,true,1,6639
55369901703,false,מחית תות שדה ללא סוכ,ליייהי אורצ'רדס,,מחית תות שדה ללא סוכר אפלסנקס רביעייה,גרמים,113.00,100 גרם,false,1,14.90,0.1319,true,1,6640
55369902557,false,מחית תפוחי עץ טבעי א,ליייהי אורצ'רדס,,מחית תפוחי עץ טבעי אפלסנקס רביעייה,גרמים,113.00,100 גרם,false,1,14.90,0.1319,true,1,8522
55369902564,false,מחית תפוחי עץ ללא סו,ליייהי אורצ'רדס,,מחית תפוחי עץ ללא סוכר אפלסנקס רביעייה,גרמים,113.00,100 גרם,false,1,14.90,0.1319,true,1,8523
64144090020,false,PAM תרסיס שמן זית 14,קונאגרה פודס,,"PAM תרסיס שמן זית 148 מ""ל",מיליליטרים,148.00,"100 מ""ל",false,1,19.90,0.1345,true,1,13504
64144090051,false,PAM תרסיס שמן קנולה,קונאגרה פודס,,"PAM תרסיס שמן קנולה 148 מ""ל",מיליליטרים,148.00,"100 מ""ל",false,1,19.90,0.1345,true,1,21804
70177077563,false,תה טווינינג ארל גריי,אר. טווינינגס אנד קו,PL,תה טווינינג ארל גריי 50 גרם,גרמים,50.00,100 גרם,false,1,20.90,0.4180,true,1,24372
70177077693,false,תה אינגליש טוונינג 5,אר. טווינינגס אנד קו,PL,1X12X50G אינגליש ברקפסט,גרמים,50.00,100 גרם,false,1,20.90,0.4180,true,1,24812
70177078775,true,תה ליידי,אר. טווינינגס אנד קו,PL,תה שחור בטעם הדרים,גרמים,50.00,100 גרם,false,1,20.90,0.4180,true,1,22420
70177086664,false,תה ירוק טהור 25 שק,טוינינג,GB,טווינינג תה ירוק טהור 25 שק,גרמים,50.00,100 גרם,false,1,21.90,0.4380,true,1,7521
70177173159,false,תה ירוק לימון 25 שקי,אר. טווינינגס אנד קו,PL,טווינינג תה ירוק לימון 25 שקיקים,גרמים,50.00,100 גרם,false,1,21.90,0.4380,true,1,47700
70177173203,false,תה ירוק מנטה 50 גרם,טוינינג,GB,טווינינג תה ירוק מנטה 25 שקיקים,גרמים,50.00,100 גרם,false,1,21.90,0.4380,true,1,47699
70970471254,false,מייק אנד אייק פירות,ג'אסט בורן,US,מייק אנד אייק פירות ירוק 141 גרם,גרמים,141.00,100 גרם,false,1,11.90,0.0844,true,1,31331
70970473562,false,מייק אנד אייק מגה מי,ג'אסט בורן,,מייק אנד אייק מגה מיקס 141 גרם,גרמים,141.00,100 גרם,false,1,11.90,0.0844,true,1,30854
72092012100,false,גוי קערת וואפל לגליד,"לאמור רוד ,הרמיטג'",US,גוי קערת וואפל לגלידה 10 יח,גרמים,199.00,100 גרם,false,1,23.90,0.1201,true,1,60495
72600001626,false,הר חטיף תפוח אדמה דב,הר פודס,US,הר חטיף תפוח אדמה דבש ברביקיו 99 גרם,גרמים,99.00,100 גרם,false,1,28.90,0.2919,true,1,68980
72600062290,false,חטיף בטעם מגבינה 198,הר פודס,US,חטיף גבינה חלפניו חריף 198 גרם,גרמים,198.00,100 גרם,false,1,27.90,0.1409,true,1,24663
72600062306,false,חטיף גבינה הר 198 גר,הר פודס,,חטיף גבינה הר 198 גרם,גרמים,198.00,100 גרם,false,1,27.90,0.1409,true,1,18904
72600062313,false,חטיף גבינה בטעם בופא,הר פודס,,חטיף גבינה בטעם בופאלו כחולה 198 גרם,גרמים,198.00,100 גרם,false,1,27.90,0.1409,true,1,26123
72600062320,false,חטיף גבינה בטעם פיצה,הר פודס,,חטיף גבינה בטעם פיצה הר  198 גרם,גרמים,198.00,100 גרם,false,1,27.90,0.1409,true,1,24666
72600062870,false,חטיף תפוח אדמה קטל ד,הר פודס,US,"חטיף תפוח אדמה קטל דבש סרירצה, 142 גרם",גרמים,142.00,100 גרם,false,1,27.90,0.1965,true,1,68981
74234531142,false,פלפל חלפניו פרוס כבו,Empacadora San Marco,,פלפל חלפניו פרוס כבוש 210 גרם,גרמים,210.00,100 גרם,false,1,13.90,0.0662,true,1,30899
74234925231,false,רוטב סלסה ציפוטלה מת,Empacadora San Marco,,רוטב סלסה ציפוטלה מתבל פ.חריף 230,גרמים,230.00,100 גרם,false,1,13.90,0.0604,true,1,30902
74234951179,false,פלפל ציפוטלה שלם ברו,Empacadora San Marco,,פלפל ציפוטלה שלם ברוטב עגבניות 230 גרם,גרמים,230.00,100 גרם,false,1,13.90,0.0604,true,1,30900
74570004003,false,גלידת שמנת משובחת ונ,האגן דאז,,"גלידת שמנת משובחת וניל 473 מ""ל",מיליליטרים,473.00,"100 מ""ל",false,1,24.90,0.0526,true,1,2128
74570024001,false,גלידת שמנת תות שדה 4,האגן דאז,,"גלידת שמנת תות שדה 473 מ""ל",מיליליטרים,473.00,"100 מ""ל",false,1,24.90,0.0526,true,1,2129
74570174003,false,גלידת שמנת אגוזי מקד,האגן דאז,,"גלידת שמנת אגוזי מקדמיה 473 מ""ל",מיליליטרים,473.00,"100 מ""ל",false,1,24.90,0.0526,true,1,2130
74570950010,false,גלידת שמנת עוגת גבינ,האגן דאז,,"גלידת שמנת עוגת גבינה ותות 473 מ""ל",מיליליטרים,473.00,"100 מ""ל",false,1,24.90,0.0526,true,1,2135
76840001767,false,גלידה בן&גרי wake &,מוצרי איכות אמריקאים,IL,"גלידה בן&גרי wake & no bake core 500 מ""ל",גרמים,500.00,100 גרם,false,1,23.90,0.0478,true,1,59810
76840001774,false,בצק עוגות שוקולד ציפ,מוצרי איכות אמריקאים,IL,"גלידה בן&גרי שוקולד צפס קור 500מ""ל",גרמים,500.00,100 גרם,false,1,23.90,0.0478,true,1,59809
76840002306,false,חטיף בצק עוגיות בן א,בן אנד גריס,US,חטיף בצק עוגיות בן אנד גריס 170גרם,גרמים,170.00,100 גרם,false,1,22.90,0.1347,true,1,68667
76840002351,false,"פיינט בן &גרי 500 מ""",בן & ג'ריס,IL,"פיינט בן &גרי 500 מ""לGimme smore",מיליליטרים,500.00,"100 מ""ל",false,1,23.90,0.0478,true,1,68785
76840002542,false,פיינט נטפליקס וצילד,מוצרי איכות אמריקאים,IL,פיינט נטפליקס וצילד,גרמים,500.00,100 גרם,false,1,23.90,0.0478,true,1,60471
76840100156,false,גלידה צרי גרסיה 500,מוצרי איכות אמריקאיי,,"גלידה צרי גרסיה 500 מ""ל",מיליליטרים,500.00,"100 מ""ל",false,1,23.90,0.0478,true,1,2154
76840100583,false,גלידה בצק עוגיות 473,מוצרי איכות אמריקאיי,,"גלידה בצק עוגיות 473 מ""ל",מיליליטרים,473.00,"100 מ""ל",false,1,23.90,0.0505,true,1,9877
76840100989,false,גלידת שוקולד עם מרשמ,בן & ג'ריס,IL,גלידת שוקולד עם מרשמלו קרמל וחתיכות פאדג,מיליליטרים,473.00,"100 מ""ל",false,1,23.90,0.0505,true,1,52174
76840101542,false,גלידה קרמל סוטרה 473,בן & ג'ריס,,"גלידה קרמל סוטרה 473 מ""ל",מיליליטרים,473.00,"100 מ""ל",false,1,23.90,0.0505,true,1,13717
76840102051,false,בן וגרי עוגת קינמון,מוצרי איכות אמריקאיי,,בן וגרי עוגת קינמון,מיליליטרים,473.00,"100 מ""ל",false,1,23.90,0.0505,true,1,58529
76840400027,false,"גלידה שוקולד 500 מ""ל",מוצרי איכות אמריקאיי,,"גלידה שוקולד 500 מ""ל",מיליליטרים,500.00,"100 מ""ל",false,1,23.90,0.0478,true,1,2155
76840400218,false,גלידה עוגת גבינה ותו,מוצרי איכות אמריקאיי,,"גלידה עוגת גבינה ותות שדה 473 מ""ל",מיליליטרים,473.00,"100 מ""ל",false,1,23.90,0.0505,true,1,17565
76840580767,false,גלידה פינט באטר ועוג,מוצרי איכות אמריקאיי,,"גלידה פינט באטר ועוגיות ללא חלב 473 מ""ל",מיליליטרים,473.00,"100 מ""ל",false,1,23.90,0.0505,true,1,28597
76840620029,false,"גלידה תות שדה 500 מ""",מוצרי איכות אמריקאיי,,"גלידה תות שדה 500 מ""ל",מיליליטרים,500.00,"100 מ""ל",false,1,23.90,0.0478,true,1,2156
76840620036,false,גלידה שוקולד ציפס וב,מוצרי איכות אמריקאים,,גלידה שוקולד ציפס ובראוניס עם בצק 500 מל,גרמים,500.00,100 גרם,false,1,23.90,0.0478,true,1,31457
77245110610,false,סוכריות מאסט מנטה לל,MIESZKO S.A - MS. JO,,סוכריות מאסט מנטה ללא סוכר 80 גרם,גרמים,80.00,100 גרם,false,1,10.90,0.1363,true,1,3168
77343000233,false,נרות חימום אורה 50,מנורה,IL,נרות חימום אורה 50,יחידה,1.00,יחידה,false,1,11.90,11.9000,true,1,24599
77975010167,false,מקלוני סניידרס חיטה,סניידרס,,מקלוני סניידרס חיטה ציה וקינואה 340 גרם,גרמים,340.00,100 גרם,false,1,17.90,0.0526,true,1,31432
77975036976,false,מטבל עגבניות בחריפות,סניידרס,,מטבל עגבניות בחריפות מעודנת 439 גרם,גרמים,439.00,100 גרם,false,1,17.90,0.0408,true,1,26717
77975036983,false,מטבל עגבניות חריף 43,סניידרס,,מטבל עגבניות חריף 439 גרם,גרמים,439.00,100 גרם,false,1,17.90,0.0408,true,1,26755
77975088234,false,בייגלה סניידרס חלפינ,סניידרס,,בייגלה סניידרס חלפיניו 340 גרם,גרמים,340.00,100 גרם,false,1,17.90,0.0526,true,1,12120
77975091975,false,סניידרס סנדוויץ בייג,סניידרס,US,סניידרס סנדוויץ בייגלה במילוי קרם בטעם,יחידה,1.00,יחידה,false,1,17.90,17.9000,true,1,57744
77975094624,false,שברי בייגלה סניידרס,סניידרס,US,שברי בייגלה סניידרס חמאת בוטנים 283 גרם,גרמים,284.00,100 גרם,false,1,17.90,0.0630,true,1,67106
77975094631,false,בייגלה סניידרס סנדבי,סיינדרס,,"בייגלה סניידרס סנדביץ גבינה צ""דר 226 גרם",גרמים,226.00,100 גרם,false,1,17.90,0.0792,true,1,67105
77975094761,false,סניידרס בטעם צדר 340,סניידרס,US,סניידרס בטעם צדר 340 גרם,גרמים,340.00,100 גרם,false,1,17.90,0.0526,true,1,68352
77975094778,false,סניידרס דבש חרדל ובצ,סניידרס,US,סניידרס דבש חרדל ובצל 340 גרם,גרמים,340.00,100 גרם,false,1,17.90,0.0526,true,1,68562
77975095133,false,סניידרס שברי בייגלה,סניידרס,US,סניידרס שברי בייגלה בטעם פיקנטי 319 גרם,גרמים,319.00,100 גרם,false,1,17.90,0.0561,true,1,71729
77975095157,false,בייגלה סניידרס חלפינ,סניידרס,,בייגלה סניידרס חלפיניו 318גרם,גרמים,318.00,100 גרם,false,1,17.90,0.0563,true,1,70655
77975095164,false,סניידרס שברי בייגלה,סניידרס,US,סניידרס שברי בייגלה בטעם פרמזן שום 318,גרמים,318.00,100 גרם,false,1,17.90,0.0563,true,1,71728
78300098393,false,פלייטקס סופר פלוס סמ,אנרג'ייזר,,פלייטקס סופר פלוס סמפלי גנטל גלייד18,יחידה,1.00,יחידה,false,1,25.90,25.9000,true,1,53097
79927102111,false,יוניק פרצל בייגלה של,יוניק פרצל בייקרי,US,יוניק פרצל בייגלה שלס אוריגינל 284 גרם,גרמים,284.00,100 גרם,false,1,22.90,0.0806,true,1,50425
80432402931,false,וויסקי שיבאס ריגאל,"איי, בי, אינבוו",GB,"וויסקי סקוטי, שיבאס ריגאל 12 שנה, 700 מ''ל",מיליליטרים,700.00,"100 מ""ל",false,1,139.90,0.1999,true,1,20368
80480280048,false,וודקה גריי גוס 200 מ,בקרדי מרטיני,FR,"וודקה גריי גוס 200 מ""ל",מיליליטרים,200.00,"100 מ""ל",false,1,54.90,0.2745,true,1,47552
80518532743,false,שקית בלון 50 בלונים,NORTHERN,,שקית בלון 50 בלונים,מיליליטרים,0.00,"100 מ""ל",false,1,14.90,0.0000,true,1,2230
84213017420,false,מיסלי אורגני אגוזים,מסטמכר,DE,מיסלי אורגני אגוזים וצימוקים 500 גרם,גרמים,500.00,100 גרם,false,1,20.90,0.0418,true,1,2324
85156515417,false,וודקה קטל וואן בקבוק,DIAGEO,,"וודקה קטל וואן בקבוק 750 מ""ל",מיליליטרים,750.00,"100 מ""ל",false,1,134.90,0.1799,true,1,19713
305210256712,false,וזלין מיני לשפתיים א,"יוניליוור ג'ונסבורו,",US,וזלין  מיני לשפתיים אורגינל 7 גרם,יחידה,1.00,יחידה,false,1,14.90,14.9000,true,1,58184
305210437371,false,וזלין מיני לשפתיים ו,"יוניליוור ג'ונסבורו,",US,וזלין  מיני לשפתיים ורוד עדין 7 גרם,יחידה,1.00,יחידה,false,1,14.90,14.9000,true,1,58185
305210464728,false,וזלין מיני לשפתיים ק,"יונילוור ארה""ב - HPC",US,VASELINE טיפוח פנים 7 GR,יחידה,1.00,יחידה,false,1,14.90,14.9000,true,1,58183
611745285685,false,אבוקדו ארוז בשל 500,חקלאי,IL,אבוקדו ארוז בשל 570 גרם,גרמים,570.00,100 גרם,false,1,16.90,0.0296,true,1,49176
613008742348,false,אריזונה גנסנג ודבש ב,"נטורלה גטרנק בע""מ",DE,אריזונה גנסנג ודבש בקבוק 1 ליטר,ליטרים,1.00,ליטר,false,1,12.90,12.9000,true,1,60662
613008742409,false,אריזונה אפרסק בקבוק,"נטורלה גטרנק בע""מ",DE,אריזונה אפרסק בקבוק 1 ליטר,ליטרים,1.00,ליטר,false,1,12.90,12.9000,true,1,60661
613008753290,false,אריזונה אפרסק 450 מל,לני אנד לארי,BG,אריזונה אפרסק 450 מל,מיליליטרים,450.00,"100 מ""ל",false,1,9.50,0.0211,true,1,53040
613008753320,false,אריזונה גינסנג ודבש,לני אנד לארי,BG,אריזונה גינסנג ודבש 450 מל,מיליליטרים,450.00,"100 מ""ל",false,1,9.50,0.0211,true,1,53041
613008753351,false,אריזונה רימונים  450,נובה טרייד,BG,אריזונה רימונים  450 מל,מיליליטרים,450.00,"100 מ""ל",false,1,9.50,0.0211,true,1,53042
613008753382,false,אריזונה אוכמניות 450,לני אנד לארי,BG,אריזונה אוכמניות 450 מל,מיליליטרים,450.00,"100 מ""ל",false,1,9.50,0.0211,true,1,53039
613008755461,false,אריזונה אוכמניות בקב,"נטורלה גטרנק בע""מ",DE,אריזונה אוכמניות בקבוק 1 ליטר,ליטרים,1.00,ליטר,false,1,12.90,12.9000,true,1,60660
628154383659,false,POST דגני פרוטי פבלס,PO קוד יצרן,PL,POST דגני פרוטי פבלס  בטעם פירות 311 גרם,גרמים,311.00,100 גרם,false,1,24.90,0.0801,true,1,71043
633824111838,false,וודקה ואן גוך אננס ב,מזקקת דירקזוואכר סכי,,"וודקה ואן גוך אננס בקבוק 750 מ""ל",מיליליטרים,750.00,"100 מ""ל",false,1,149.90,0.1999,true,1,16443
633824913432,false,וודקה ואן גוך אסאי ב,מזקקת דירקזוואכר סכי,,"וודקה ואן גוך אסאי בלוברי בקבוק 750 מ""ל",מיליליטרים,750.00,"100 מ""ל",false,1,149.90,0.1999,true,1,16375
638102203090,false,זון פאדג,"אבוט נוטרישן, מעבדות",US,זון פאדג,Unknown,0.00,Unknown,false,1,13.90,0.0000,true,1,4989
638102532817,false,חטיף זון דאבל שוקולד,"אבוט נוטרישן, מעבדות",US,חטיף זון דאבל שוקולד,גרמים,50.00,100 גרם,false,1,13.90,0.2780,true,1,48451
638102582737,false,חטיף זון קלאסיק רול,"אבוט נוטרישן, מעבדות",US,חטיף זון קלאסיק רול קינמון,גרמים,50.00,100 גרם,false,1,13.90,0.2780,true,1,48454
645692555942,false,פפושדו מצה עשירה מרו,TLV צ'יף,IL,מצה עשירה עוגיות יין לפסח 400 גרם,גרמים,400.00,100 גרם,false,1,12.90,0.0323,true,1,5432
649660432020,false,שזיפים מיובשים מגולע,"היל ויו בע""מ",,שזיפים מיובשים מגולענים 567 גרם,גרמים,567.00,100 גרם,false,1,31.90,0.0563,true,1,25735
651080161510,false,קיסמים לשיניים פלאקר,מיוצר עי קונדיטוריית,CN,"פלקרס קיסם עם חוט, 35 יחידות",יחידה,1.00,יחידה,false,1,12.90,12.9000,true,1,30607
673879000602,false,קאברד ברידג תפוא מלח,קאבר ברידג',CA,קאברד ברידג תפוא מלח ים חומץ ללא גלוטן,גרמים,170.00,100 גרם,false,1,25.90,0.1524,true,1,69192
673879000633,false,קאברד ברידג תפוא BBQ,קאבר ברידג',CA,קאברד ברידג תפוא BBQ מתוק ללא גלוטן  170,גרמים,170.00,100 גרם,false,1,25.90,0.1524,true,1,69194
686412282984,false,טונה לבנה בשמן זית (,אורטיז,ES,טונה לבנה בשמן זית (צנצנת)220 גרם ORTIZ,גרמים,220.00,100 גרם,false,1,46.90,0.2132,true,1,67133
693493010818,false,נאצוס בטעם טבעי 200,או. קיי סניקס,DK,נאצוס בטעם טבעי 200 גרם,גרמים,200.00,100 גרם,false,1,14.90,0.0745,true,1,71217
693493150781,false,ערק ערנבים בטעם אננס,אליס בראנפמן,IL,ערק ערנבים בטעם אננס 700 מל,מיליליטרים,700.00,"100 מ""ל",false,1,79.90,0.1141,true,1,71024
693493162111,false,סיגריה אלקטרונית חפ,קלאס ספא,CN,סיגריה אלקטרונית חפ אייס אבטיח 3000 שאי,יחידה,1.00,יחידה,false,1,99.90,99.9000,true,1,71260
720516010712,false,תערובת להכנת פנקייק,אורגרן,AU,תערובת להכנת פנקייק כוסמת 375 גרם אורגרן,גרמים,375.00,100 גרם,false,1,26.90,0.0717,true,1,69666
720516021121,false,תערבות להכנת מאפינס,אורגרן,AU,תערבות להכנת מאפינס שוקולד 375 גרם אורגר,גרמים,375.00,100 גרם,false,1,26.90,0.0717,true,1,69667
721733000739,false,פטרון סילבר 700 מל,פטרון דיסטרליס,MX,טקילה פטרון סילבר 700 מל,מיליליטרים,700.00,"100 מ""ל",false,1,169.90,0.2427,true,1,51799
728229123590,false,טרה ירקות בטעם טבעי,הונדורס צ'יפס יצור א,HN,טרה חטיף על בסיס ירקות שורש בטעם טבעי 110 גרם,גרמים,110.00,100 גרם,false,1,16.90,0.1536,true,1,5871
728229123613,false,טרה תפוא כחול טבעי 1,היין סלסטיאל גרופ,US,טרה חטיף על בסיס תפוח אדמה כחול בטעם טבעי 110 גרם,גרמים,110.00,100 גרם,false,1,16.90,0.1536,true,1,52890
728229123811,false,טרה ירקות ים תיכוני,הונדורס צ'יפס יצור א,HN,טרה ירקות ים תיכוני 110 גרם,גרמים,110.00,100 גרם,false,1,16.90,0.1536,true,1,5873
728229124771,false,טרה בטטה טעם ברביקיו,היין פיוצ'ור נטורל פ,IN,טרה חטיף על בסיס בטטה בטעם ברביקיו 110 גרם,גרמים,110.00,100 גרם,false,1,16.90,0.1536,true,1,26569
728229130154,false,טרה בטטה וסלק טבעי 1,הונדורס צ'יפס יצור א,HN,טרה חטיף על בסיס בטטה וסלק בטעם טבעי 110 גרם,גרמים,110.00,100 גרם,false,1,16.90,0.1536,true,1,8793
728229130444,false,טרה ירק תפוא כחול סל,היין סלסטיאל גרופ,US,טרה ירק תפוא כחול סלק  110 גרם,גרמים,110.00,100 גרם,false,1,16.90,0.1536,true,1,9993
732494000500,false,פופקורן קרמל קרטורס,איגל פודס ווקיגאן מפ,US,פופקורן מקורמל,גרמים,227.00,100 גרם,false,1,26.90,0.1185,true,1,19259
732494000524,false,פופקורן שיקגו קרמל ו,איגל פודס ווקיגאן מפ,US,פופקורן שיקגו קרמל וגבינה,גרמים,227.00,100 גרם,false,1,26.90,0.1185,true,1,19148
768404001640,false,"גלידה קפה 500 מ""ל",מוצרי איכות אמריקאיי,,"פיינט בטעם קפה בן אנד גרי 500 מ""ל",מיליליטרים,500.00,"100 מ""ל",false,1,23.90,0.0478,true,1,8295
769904000997,false,שקדי מרק ללא גלוטן 2,משובח תעשיות בעמ,IL,שקדי מרק,גרמים,200.00,100 גרם,false,1,15.90,0.0795,true,1,10932
782588945422,false,ערק קורדו לימונים 75,שי חזן 7 ח.ש,IL,"ערק קורדו לימונים 750 מ""ל",מיליליטרים,750.00,"100 מ""ל",false,1,74.90,0.0999,true,1,68859
782588945446,false,ערק קורדו אשכולית אד,שי חזן 7 ח.ש,IL,"ערק קורדו אשכולית אדומה 750 מ""ל",מיליליטרים,750.00,"100 מ""ל",false,1,74.90,0.0999,true,1,68860
782588945453,false,ערק קורדו פסיפלורה 7,שי חזן 7 ח.ש,IL,"ערק קורדו פסיפלורה 750 מ""ל",מיליליטרים,750.00,"100 מ""ל",false,1,74.90,0.0999,true,1,68858
788434106757,true,חטיף one דונאט מייפל,בלמונט קונפקשנס,US,חטיף one דונאט מייפל  60 גרם,גרמים,60.00,100 גרם,false,1,19.90,0.3317,true,1,59519
788434108379,false,חטיף one קרם עוגיות,בלמונט קונפקשנס,US,חטיף one קרם עוגיות  60 גרם,גרמים,21.00,100 גרם,false,1,19.90,0.9476,true,1,28831
812319014308,false,לה מורנה דובדבן וניל,,DO,לה מורנה דובדבן וניל 5 יחידות,יחידה,5.00,יחידה,false,5,34.90,6.9800,false,1,70992
818570007066,false,תמצית וניל טהור וטקי,"ג'יי אר ווטקינס בע""מ",US,סידס תמצית מוניל טהור עם פולי וניל ממדגסקר 29 מל,מיליליטרים,29.00,"100 מ""ל",false,1,32.90,1.1345,true,1,30656
833949000264,false,סירופ מייפל אורגני 3,כפרי בריא,CA,סירופ מייפל אורגני 330 גרם,גרמים,330.00,100 גרם,false,1,33.90,0.1027,true,1,13412
835811000297,false,כוסות שתייה חמה קרטו,אכיף,IL,כוסות שתייה חמה קרטון הנמל 50 יח,יחידה,1.00,יחידה,false,1,11.90,11.9000,true,1,59463
835811005933,false,תבנית אלומיניום ענק,ווינפאק,,תבנית אלומיניום ענק 5 יחידות,לא מנהל יחידת מידה,0.00,לא מנהל יחידת מידה,false,1,13.90,0.0000,true,1,15323
835811005957,false,מגש הכסף תבנית אלומ`,כלורוקס אוקלנד,IL,"הנמל תבנית אלומניום מלבנית, 8 יחידות",לא מנהל יחידת מידה,0.00,לא מנהל יחידת מידה,false,1,14.50,0.0000,true,1,14739
835811005964,false,תבנית אלומיניום אינג,ווינפאק,,תבנית אלומיניום אינגליש 20 יחידות,לא מנהל יחידת מידה,0.00,לא מנהל יחידת מידה,false,1,13.90,0.0000,true,1,14612
835811006060,false,כוסות נייר אספרסו 50,אכיף,,כוסות נייר אספרסו 50 יח,Unknown,0.00,Unknown,false,1,7.90,0.0000,true,1,14303
835811007166,false,כוסות לקפה לדרך+מכסה,,,כוסות לקפה לדרך+מכסה 16 יחידות,Unknown,0.00,Unknown,false,1,17.90,0.0000,true,1,5452
835811007562,false,תבנית קרטון אינגליש,"תעשיות רישתון בע""מ",,תבנית קרטון אינגליש קייק 6 יחידות,לא מנהל יחידת מידה,0.00,לא מנהל יחידת מידה,false,1,12.90,0.0000,true,1,4748
835811009023,false,כוסות קרטון,אכיף,,כוסות קרטון,יחידה,0.50,יחידה,false,1,11.90,23.8000,true,1,8933
839762000641,false,נקטר איילנד מנגו 1 ל,פארייפאבה אגרואינדוס,EG,איילנד מנגו 1 ליטר,ליטרים,1.00,ליטר,false,1,14.50,14.5000,true,1,4467
839762000658,false,נקטר איילנד גויאבה 1,The Egyptian Co. for,EG,איילנד גויאבה המשקה של חופי סיני 1 ליטר,ליטרים,1.00,ליטר,false,1,14.50,14.5000,true,1,4363
839762002379,false,נקטר איילנד מנגו 350,פארייפאבה אגרואינדוס,EG,"איילנד מנגו  350 מ""ל",מיליליטרים,350.00,"100 מ""ל",false,1,6.90,0.0197,true,1,9808
839762002386,false,נקטר איילנד גויאבה 3,פארייפאבה אגרואינדוס,EG,"איילנד גויאבה 350 מ""ל",מיליליטרים,350.00,"100 מ""ל",false,1,6.90,0.0197,true,1,9809
842426146005,false,ליטל אנד ויילד וניל,,DO,ליטל אנד ויילד וניל 5 יחידות,יחידה,5.00,יחידה,false,5,34.90,6.9800,false,1,71000
850004207789,false,מיטבולס ביונד מיט 29,תאי פרזידנט פוד פאבל,US,מיטבולס ביונד מיט 290 גרם,גרמים,290.00,100 גרם,false,1,42.90,0.1479,true,1,69327
850004680841,false,פרפקשן סנקס בייגלה ל,פרפקשיין,US,"פרפקשן סנקס בייגלה לל""ג באפלו ווינגס 198 גרם",גרמים,198.00,100 גרם,false,1,19.90,0.1005,true,1,68962
850668000818,false,חטיף ציפס DEEP מלוח,OLD LYME GOURMET COM,,חטיף ציפס DEEP מלוח ללא גלוטן 142 גרם,גרמים,142.00,100 גרם,false,1,24.90,0.1754,true,1,15883
850668000832,false,חטיף ציפס DEEP מלח ו,OLD LYME GOURMET COM,,חטיף ציפס DEEP מלח וחומץ  ללא גלוטן 142,גרמים,142.00,100 גרם,false,1,24.90,0.1754,true,1,15881
850668000993,false,ציפס שמנת -בצל ללא ג,דיפ ריבר,,ציפס שמנת -בצל ללא גלוטן 142 גרם,גרמים,142.00,100 גרם,false,1,24.90,0.1754,true,1,19190
850835000498,true,חליטה מנקה20שקיקים,פוקה,GB,חליטה מנקה20שקיקים   PUKKA,גרמים,40.00,100 גרם,false,1,29.90,0.7475,true,1,41334
850835000726,true,צאי וניל 20 שקיקים P,פוקה,GB,צאי וניל 20 שקיקים PUKKA,גרמים,40.00,100 גרם,false,1,29.90,0.7475,true,1,41337
851621000050,false,שישיית בירה 1664 Bla,קרלסברג ספליי קומפאנ,PL,"שישיית 1664 Blanc בק 330 מ""ל",ליטרים,1.98,ליטר,false,1,55.90,28.2323,true,1,54462
852629004750,false,רביעיית נקניקיות חרי,תאי פרזידנט פוד פאבל,US,רביעיית נקניקיות חריפות ביונד מיט 400 גרם,גרמים,400.00,100 גרם,false,1,44.90,0.1122,true,1,69326
852629004774,false,רביעיית נקניקיות ביו,תאי פרזידנט פוד פאבל,US,רביעיית נקניקיות ביונד מיט4000 גרם,גרמים,400.00,100 גרם,false,1,44.90,0.1122,true,1,69325
856591000062,false,עוגיות מזרחיות עבאדי,מאפיית יוסף ושמחה עב,IL,מזרח. מלח 400ג 856591000062,גרמים,400.00,100 גרם,false,1,21.90,0.0547,true,1,4648
856591000109,false,עוגיות מזרחיות עבאדי,מאפיית יוסף ושמחה עב,IL,עבאדי עוגיות מזרחיות פריך במיוחד 400 גרם,גרמים,400.00,100 גרם,false,1,21.90,0.0547,true,1,9533
859547004466,false,סקראב מאמי ספוג ניקו,סקארקיסט,US,סקראב מאמי ספוג ניקוי דו צדדי,יחידה,1.00,יחידה,false,1,17.90,17.9000,true,1,70815
884912014245,false,האני באנצ רוסטד,הנסיך- מפעל לייצור ט,US,האני בנצס רוסטד 411 גרם,גרמים,411.00,100 גרם,false,1,24.90,0.0606,true,1,9800
884912116505,false,דגני פוסט גרייט גריי,post consumer brands,US,דגני פוסט גרייט גריינס בננה נאט 439 גרם,גרמים,439.00,100 גרם,false,1,27.90,0.0636,true,1,9817
884912126115,false,דגני פוסט גרייט גריי,הנסיך- מפעל לייצור ט,US,דגני פוסט גרייט גריינס צימוקים 453 גרם,גרמים,453.00,100 גרם,false,1,27.90,0.0616,true,1,9818
884912342737,false,וופל קריספ 325 גרם,הנסיך- מפעל לייצור ט,US,תערובת דגנים בטעם וואפל אמריקאי,גרמים,325.00,100 גרם,false,1,25.90,0.0797,true,1,59469
884912359155,false,האני באנצ רוסטד,post consumer brands,US,POST האני באנצ רוסטד 340 גרם,גרמים,411.00,100 גרם,false,1,24.90,0.0606,true,1,70758
884912359162,false,האני באנצ אלמונד,post consumer brands,US,POST האני באנצ אלמונד 340 גרם,גרמים,411.00,100 גרם,false,1,24.90,0.0606,true,1,70757
884912365200,false,דגני בוקר אוראו 311ג,פוסט,US,דגני בוקר אוראו 311גרם,גרמים,311.00,100 גרם,false,1,22.90,0.0736,true,1,71675
898193001252,false,בונומלי - חליטת קמומ,בונומלי,IT,"""בונומלי"" תה קמומיל (בבונג) 28 גרם",גרמים,28.00,100 גרם,false,1,18.90,0.6750,true,1,57545
1230000068314,false,בשר טחון ביונד מיט 3,זנברגן וורלד פינסט מ,NL,בשר טחון ביונד מיט 300 גרם,גרמים,300.00,100 גרם,false,1,36.90,0.1230,true,1,69324
1724826034511,false,יין סטון וואלי שרדונ,יקב,US,יין סטון וואלי שרדונה 750מל,מיליליטרים,750.00,"100 מ""ל",false,1,69.90,0.0932,true,1,68369
1724826114510,false,יין סטון וואלי זינפנ,יקב,US,יין סטון וואלי זינפנדל  750מל,מיליליטרים,750.00,"100 מ""ל",false,1,69.90,0.0932,true,1,68371
1724826154516,false,יין סטון וואלי קברנה,יקב,US,יין סטון וואלי קברנה סובניון 750מל,מיליליטרים,750.00,"100 מ""ל",false,1,69.90,0.0932,true,1,68370
3010470155299,false,מזון חתולים פריסקיז,ניו פטפוד איטליה,IT,פריסקיז פטה בקר וירקות 24*400גרם,גרמים,400.00,100 גרם,false,1,10.90,0.0273,true,1,31112
3010470158221,false,מזון חתולים פריסקיז,ניו פטפוד איטליה,IT,פריסקיז פטה עוף וירקות 24*400גרם,גרמים,400.00,100 גרם,false,1,10.90,0.0273,true,1,31111
3014260100667,false,מברשת שיניים אורל בי,קדבורי,IE,אורל בי מברשת שיינים STAGE 3 ילדים 3-5,לא מנהל יחידת מידה,0.00,לא מנהל יחידת מידה,false,1,18.90,0.0000,true,1,51887
3014260201753,false,סכיני גילוח גילט בלו,קדבורי,PL,ג'ילט  סכיני בלו 2 חמישייה,קילוגרמים,100.00,"ק""ג",false,1,13.90,0.1390,true,1,2768
3014260214692,false,גל גילוח גילט סירייס,ג'ילט,GB,גל גילוח גילט סירייס לעור רגיש ירוק 200,מיליליטרים,20000.00,"100 מ""ל",false,1,15.90,0.0008,true,1,5994
3014260240226,false,קצף גילוח קלאסיק רגי,מולינו ניקולי s.p.a,,ג'ילט קצף גילוח לעור רגיש 200 מל,מיליליטרים,200.00,"100 מ""ל",false,1,17.90,0.0895,true,1,8717
3014260262693,false,מכשיר ונוס,קדבורי,PL,מכשיר גילוח ונוס+ 2 סכינים,קילוגרמים,0.00,"ק""ג",false,1,38.90,0.0000,true,1,751
3014260262709,false,סכיני גילוח ונוס לאש,קדבורי,DE,סכיני גילוח ג'ילט ונוס לנשים 4 יחידות,יחידה,1.00,יחידה,false,1,49.90,49.9000,true,1,752
3014260287030,false,סכיני גילוח חד פעמי,פרוטקר אנד גמבל,MD,סכיני גילוח חד פעמי גילט 5 יחידות,לא מנהל יחידת מידה,0.00,לא מנהל יחידת מידה,false,1,8.90,0.0000,true,1,5944
3014260289287,false,סכיני גילוח בלו 2 לנ,קדבורי,RU,ג'ילט  סכיני בלו 2 לנשים חמישייה,יחידה,1.00,יחידה,false,1,16.90,16.9000,true,1,11694
3045206312257,false,דזיטול-מגבון מחטא ומ,יוליניבר,ES,דזיטול מגבונים מחטא ומשמיד חיידקים לכל משטח,יחידה,1.00,יחידה,false,1,15.90,15.9000,true,1,25181
3046920016377,false,לינדט אקסלנס 100% מר,לינדט ושפרונגלי,DE,לינדט אקסלנס 100% מריר,גרמים,0.00,100 גרם,false,1,16.90,0.0000,true,1,68178
3046920028004,false,שוקולד לינדט אקסלנס,לינדט ושפרונגלי,FR,לינדט אקסלנס 70% שוקולד מריר 100 גר,גרמים,100.00,100 גרם,false,1,16.90,0.1690,true,1,805
3046920028363,false,שוקולד לינדט אקסלנס,לינדט ושפרונגלי,FR,שוקולד לינדט אקסלנס 85%  100 גרם,גרמים,100.00,100 גרם,false,1,16.90,0.1690,true,1,4993
3046920028752,false,שוקולד לינדט אקסלנס,לינדט ושפרונגלי,FR,לינדט אקסלנס שוקולד מריר שוויצרי עם מלח ים 100 גרם,גרמים,100.00,100 גרם,false,1,16.90,0.1690,true,1,6649
3046920029674,false,שוקולד לינדט אקסלנס,לינדט ושפרונגלי,DE,לינדט אקסלנס שוקולד מריר עם נגיעות מלח ים 100 גרם,גרמים,100.00,100 גרם,false,1,16.90,0.1690,true,1,8289
3046920029759,false,שוקולד לינדט אקסלנס,לינדט ושפרונגלי ג'י.,DE,שוקולד לינדט אקסלנס 90% 100 גרם,גרמים,100.00,100 גרם,false,1,16.90,0.1690,true,1,23951
3059943015128,false,אירוויק ספריי לבנדר,רקיט בנקיזר,PL,"מבשם אוויר איירוויק נטול גז בניחוח לבנדר 345 מ""ל",מיליליטרים,345.00,"100 מ""ל",false,1,14.90,0.0432,true,1,60411
3068320014067,false,מים מינרליים אוויאן,קריניציה ויטמינה אס,FR,"מים מינרליים אוויאן ספורט 750 מ""ל",מיליליטרים,750.00,"100 מ""ל",false,1,11.90,0.0159,true,1,9556
3068320017846,false,מים מינרלים אוויאן 1,קריניציה ויטמינה אס,FR,מים מינרלים אוויאן 1 ליטר,ליטרים,1.00,ליטר,false,1,12.90,12.9000,true,1,14218
3068320055008,false,מים מינרלים אוויאן,קריניציה ויטמינה אס,FR,"מים מינרלים אוויאן  500 מ""ל",מיליליטרים,500.00,"100 מ""ל",false,1,8.90,0.0178,true,1,12531
3073781161663,false,גבינת לבש קירי כשר12,בל,FR,גבינת לה וואש קירי,גרמים,128.00,100 גרם,false,1,14.90,0.1164,true,1,68964
3073781161687,false,גבינת לבש קירי כשר 2,בל,FR,גבינת לה וואש קירי,גרמים,256.00,100 גרם,false,1,26.90,0.1051,true,1,68965
3073781162790,false,גבינת בייבי בל אדום,מחלבות בל,FR,גבינת בייבי בל אדום 120 גרם,גרמים,120.00,100 גרם,false,1,22.90,0.1908,true,1,70500
3073781177220,false,בייבי בל ספיירול 85ג,בל,FR,בייבי בל ספיירול 85גרם,גרמים,85.00,100 גרם,false,1,22.90,0.2694,true,1,71277
3120581456267,false,יין שבלי מ.דה ליני ל,,FR,"יין שבלי מ.דה ליני לבן יבש 750 מ""ל",מיליליטרים,750.00,"100 מ""ל",false,1,99.90,0.1332,true,1,60155
3120581458490,false,שאטו טרבון רוזה יבש,שאטו בלוו,FR,"שאטו טרבון רוזה יבש 750 מ""ל",מיליליטרים,750.00,"100 מ""ל",false,1,89.90,0.1199,true,1,71417
3161911229199,false,חמאה רכה אלוויר 250,אלל אה וויר,FR,חמאה רכה אלוויר 250 גרם,גרמים,250.00,100 גרם,false,1,22.90,0.0916,true,1,851
3161911366429,false,חמאה רכה מלוחה אלווי,ארזינא,FR,חמאה רכה מלוחה אלוויר 250 גרם,גרמים,250.00,100 גרם,false,1,22.90,0.0916,true,1,853
3175460000062,false,גבינה בורסאן פלפל,השחר,FR,גבינה בורסאן פלפל 150 גרם,גרמים,150.00,100 גרם,false,1,22.90,0.1527,true,1,5486
3175460000864,false,גבינה בורסאן טבעי,"בל,",FR,גבינה בורסאן טבעי 150 גרם,גרמים,150.00,100 גרם,false,1,22.90,0.1527,true,1,2738
3175460030083,false,גבינה בורסאן בצל עיר,השחר,FR,גבינה בורסאן בצל עירית 150 גרם,גרמים,150.00,100 גרם,false,1,22.90,0.1527,true,1,4598
3178530402353,false,מיני מדלן 175גרם,סאן מישל,FR,מיני מדלן 175גרם,גרמים,175.00,100 גרם,false,1,11.90,0.0680,true,1,70800
3178530407938,false,מיני מדלן עם פצפוצי,סאן מישל,FR,מיני מדלן עם פצפוצי שוקולד 175גרם,גרמים,175.00,100 גרם,false,1,11.90,0.0680,true,1,70802
3179730011024,false,מים מינרלים פרייה,נסטלה ווטרס ספלאי,FR,פרייה מים מינרלים מבעבעים טבעיים 330 מל,מיליליטרים,330.00,"100 מ""ל",false,1,7.50,0.0227,true,1,9961
3179732348913,false,מים פריה ירוק 1 ליטר,נסטלה ווטרס ספלאי,FR,פרייה מים מינרליים טבעיים מבעבעים 1 ליטר,ליטרים,100.00,ליטר,false,1,9.90,0.0990,true,1,8245
3228022910023,false,פרזידנט חמאה 200 גרם,גוד פוד פרודקטס S.p,FR,פרזידנט חמאה 200 גרם,גרמים,200.00,100 גרם,false,1,16.70,0.0835,true,1,53185
3278480396310,false,"קוניאק GODET V.S  מ""",קרלו,FR,גודט קוניאק גודה VS 700 מל,מיליליטרים,700.00,"100 מ""ל",false,1,104.90,0.1499,true,1,59863
3379810116483,false,"יין שאבלי 750 מ""ל",houshiclean,FR,"יין שאבלי 750 מ""ל",מיליליטרים,750.00,"100 מ""ל",false,1,119.90,0.1599,true,1,58155
3387390525960,false,דגני קראנץ נסטלה 500,הנסיך- מפעל לייצור ט,FR,דגני קראנץ נסטלה 500 גרם,גרמים,500.00,100 גרם,false,1,27.90,0.0558,true,1,7758
3387390730852,false,דגני פיטנס 375 גרם,האחים פלם הגפן,FR,דגני פיטנס 375 גרם,גרמים,375.00,100 גרם,false,1,22.90,0.0611,true,1,5164
3415581117110,false,גלידת שמנת קרמל עם ב,השחר,FR,"גלידת שמנת קרמל עם ביסקוויט 500 מ""ל",מיליליטרים,500.00,"100 מ""ל",false,1,24.90,0.0498,true,1,10523
3415581187113,false,גלידת שמנת קרמל בראו,האגן דאז,FR,"גלידת שמנת קרמל בראוניס 473 מ""ל",מיליליטרים,473.00,"100 מ""ל",false,1,24.90,0.0526,true,1,940
3415587149924,false,האגן דאז בראוני מקיא,השחר,FR,האגן דאז בראוני מקיאטו  386 גרם,גרמים,386.00,100 גרם,false,1,24.90,0.0645,true,1,60153
3415587405181,false,שלגון וניל תות שדה ב,האגן דאז,FR,שלגון וניל תות שדה בציפוי שוקולד,גרמים,110.00,100 גרם,false,1,11.90,0.1082,true,1,26459
3451492750190,false,יין שאבלי קווה אמאנד,"איי, בי, אינבוו",FR,שבלי יין לבן יבש 750 מל,מיליליטרים,750.00,"100 מ""ל",false,1,109.90,0.1465,true,1,67761
3500610150500,false,שאטו הו פורה מרלו 75,,FR,"שאטו הו פורה מרלו 750 מ""ל",מיליליטרים,750.00,"100 מ""ל",false,1,89.90,0.1199,true,1,71419
3500610150517,false,שאטו טימברליי בורדו,שאטו בלוו,FR,"שאטו טימברליי בורדו 750 מ""ל",מיליליטרים,750.00,"100 מ""ל",false,1,89.90,0.1199,true,1,71420
3523230016230,false,גבינת קממבר מרסי שף,השחר,FR,גבינת קממבר מרסי שף 240 ג,גרמים,240.00,100 גרם,false,1,21.90,0.0912,true,1,14038
3523230025638,false,גבינת עיזים בושה,השחר,FR,גבינת בושה עיזים טבעית 125 גרם,גרמים,125.00,100 גרם,false,1,25.90,0.2072,true,1,13683
3523230025652,true,בושה עיזים שום 125 ג,השחר,FR,בושה עיזים שום 125 גרם נני,גרמים,125.00,100 גרם,false,1,25.90,0.2072,true,1,33017
3523230026826,false,גבינת עיזים פרימדה ס,השחר,FR,גבינת עיזים פרימדה סואניון 140 גרם,גרמים,140.00,100 גרם,false,1,27.90,0.1993,true,1,45916
3523230026888,false,פירמידה עיזים  שום14,אוריאל,FR,גבינת עיזים  שום פרימדה סואניון 140 גרם,גרמים,140.00,100 גרם,false,1,27.90,0.1993,true,1,29791
3523230038959,false,בושה מפוחם של נני 12,השחר,FR,בושה מפוחם של נני 125 גרם,גרמים,125.00,100 גרם,false,1,27.90,0.2232,true,1,59725
3523230045827,false,סנט מור 160 גרם,השחר,FR,סנט מור 160 גרם,גרמים,160.00,100 גרם,false,1,28.90,0.1806,true,1,53262
3525490011093,false,יין לה זאמל שרדונה 7,דולפין ספא,FR,לה ג'אמל שרדונה יבש,מיליליטרים,750.00,"100 מ""ל",false,1,64.90,0.0865,true,1,58157
3525490011109,false,יין לה זאמל מלבק 750,דולפין ספא,FR,לה ג'אמל מלבק יבש,מיליליטרים,750.00,"100 מ""ל",false,1,64.90,0.0865,true,1,58156
3525490011116,false,יין לה זאמל קברנה סו,דולפין ספא,FR,לה ג'אמל קברנה סוביניון יבש,מיליליטרים,750.00,"100 מ""ל",false,1,64.90,0.0865,true,1,58158
3525490011123,false,"יין לה זאמל  750 מ""ל",יקב,US,"יין לה זאמל  750 מ""ל",מיליליטרים,750.00,"100 מ""ל",false,1,64.90,0.0865,true,1,68372
3542862722111,false,קומטה גורה פלור 200,שארל ארנו,FR,קומטה גורה פלור 200 גרם,גרמים,200.00,100 גרם,false,1,54.90,0.2745,true,1,70553
3574660026788,true,גונסונס בייבי טלק 20,גונסון,IT,גונסונס בייבי טלק 200 גרם חדש,Unknown,0.00,Unknown,false,1,21.90,0.0000,true,1,53533
3574660057706,false,גונסון שמן תינוקות 3,גונסון,IT,גונסון שמן תינוקות 300 מל,ליטרים,300.00,ליטר,false,1,14.90,0.0497,true,1,70867
3574660089547,false,טמפוני O.B קלאסי נור,ג'ונסון אנד ג'ונסון,GR,טמפוני O.B קלאסי נורמל 32 יח,יחידה,1.00,יחידה,false,1,25.90,25.9000,true,1,6525
3574660115154,false,טמפוני O.B סופר 32 י,CILAG GMBH INTERNATI,,טמפוני O.B סופר 32 יח,יחידה,1.00,יחידה,false,1,25.90,25.9000,true,1,6526
3574660239973,false,טמפונים O.B קומפורט,"ש. שסטוביץ בע""מ",GR,טמפונים O.B קומפורט זרימה נורמל 32 יח,יחידה,32.00,יחידה,false,1,25.90,0.8094,true,1,6528
3574660333466,false,טמפוני O.B קומפורט מ,הנסיך- מפעל לייצור ט,DE,אובה מיני טמפונים ללא מוליך 32 יחידות,ליטרים,0.00,ליטר,false,1,25.90,0.0000,true,1,13634
3574661114637,false,מי פה ליסטרין זירו 5,ג'ונסון אנד ג'ונסון,IT,ליסטרין שטיפת פה בטעם מעודן ללא אלכוהול 500 מל,מיליליטרים,500.00,"100 מ""ל",false,1,17.90,0.0358,true,1,52148
3574661487328,false,קרפרי מגן תחתון רגיל,ג'ויה מעבדות לקוסמטי,IT,קרפרי מגן תחתון רגיל 56 יח,יחידה,1.00,יחידה,false,1,19.90,19.9000,true,1,57620
3574661487625,false,קרפרי מגן תחתון מקסי,ג'ויה מעבדות לקוסמטי,IT,קרפרי מגן תחתון מקסי לארג 48 יח,יחידה,1.00,יחידה,false,1,19.90,19.9000,true,1,57621
3574661552811,false,קרפרי כותון אוורירי,ג'ונסון אנד ג'ונסון,GR,קארפריי מגן תחתון כותנה 58 יח',יחידה,1.00,יחידה,false,1,19.90,19.9000,true,1,60360
3574661554877,false,קרפרי כותון מבושם 56,"ש. שסטוביץ בע""מ",GR,קרפרי מגן תחתון אוורירי מבושם 58 יח,יחידה,1.00,יחידה,false,1,19.90,19.9000,true,1,59868
3574669909204,false,גונסונס בייבי שמן 30,גונסון,IT,גונסונס בייבי שמן 300 מל חדש,מיליליטרים,300.00,"100 מ""ל",false,1,21.90,0.0730,true,1,53283
3600522344155,false,מסכה ארגנין אלביב,לוריאל,DE,מסכה ארגנין אלביב,לא מנהל יחידת מידה,0.00,לא מנהל יחידת מידה,false,1,34.90,0.0000,true,1,43807
3600523430932,false,לוריאל דרמו פיור קלי,לוריאל,FR,לוריאל דרמו פיור קליי תרחיץ פנים שחור,לא מנהל יחידת מידה,0.00,לא מנהל יחידת מידה,false,1,36.90,0.0000,true,1,53162
3600540592804,false,גרנייה אסניאלס גל ני,לוריאל,FR,גרנייה אסניאלס גל ניקוי רגיל/ מעורב,מיליליטרים,200.00,"100 מ""ל",false,1,26.90,0.1345,true,1,47833
3600541243071,false,מגבוני Essentials לע,לוריאל,DE,מגבוני Essentials לעור רגיל/מעורב,יחידה,1.00,יחידה,false,1,14.90,14.9000,true,1,58209
3600541937475,true,גרנייר פיור שלוש ב 1,,,גרנייר פיור שלוש ב 1,Unknown,0.00,Unknown,false,1,35.90,0.0000,true,1,33070
3600541946699,false,גרנייה טישו מסק רימו,,CN,גרנייה טישו מסק רימונים,יחידה,1.00,יחידה,false,1,16.90,16.9000,true,1,58207
3600541946705,false,גרנייה טישו מסק תה י,,CN,גרנייה טישו מסק תה ירוק,יחידה,1.00,יחידה,false,1,16.90,16.9000,true,1,58205
3608580075646,false,קונפיטורת שזיפים בון,,FR,קונפיטורת שזיפים בון מאמא 370 גרם,גרמים,370.00,100 גרם,false,1,19.90,0.0538,true,1,69411
3608580730231,false,קונפיטורה תות 370 גר,אף.סי תבליני בגליל ב,FR,קונפיטורה תות 370 גרם בון מאמא,גרמים,370.00,100 גרם,false,1,19.90,0.0538,true,1,22980
3661163990545,false,ספריי גברים דריי מקס,מיוצר עי קונדיטוריית,PT,200 מל דאודורנט ספריי קליימקול לגבר אדידס,מיליליטרים,200.00,"100 מ""ל",false,1,27.90,0.1395,true,1,9478
3760125946719,false,רוזה אור פרובאנס 750,ג'נרל מילס סאן אדריא,FR,יין רוזה יבש 750 מל,מיליליטרים,750.00,"100 מ""ל",false,1,69.90,0.0932,true,1,67982
4000417019004,false,שוקולד ריטר ספורט חל,מולינו ניקולי s.p.a,DE,ריטר ספורט שוקולד חלב עם אגוזי לוז שלמים,גרמים,100.00,100 גרם,false,1,11.90,0.1190,true,1,11126
4000417023001,false,שוקולד ריטר ספורט חל,מולינו ניקולי s.p.a,DE,ריטר ספורט שוקולד חלב מעולה עם שקדים שלמים,גרמים,100.00,100 גרם,false,1,11.90,0.1190,true,1,11128
4000417025005,false,שוקולד ריטר ספורט מר,מולינו ניקולי s.p.a,DE,ריטר ספורט שוקולד מריר ממולא מרציפן,גרמים,100.00,100 גרם,false,1,9.90,0.0990,true,1,11129
4000417026002,false,שוקולד ריטר ספורט נו,מולינו ניקולי s.p.a,DE,שוקולד ריטר ספורט נוגט פרלין 100 גרם,גרמים,100.00,100 גרם,false,1,9.90,0.0990,true,1,11130
4000417101211,false,אמיצלי גלילי וופל 15,קימס,AT,אמיצלי גלילי וופל 150 גרם,גרמים,150.00,100 גרם,false,1,17.90,0.1193,true,1,70211
4000417224002,false,שוקולד ריטר ספורט מר,מולינו ניקולי s.p.a,DE,שוקולד ריטר ספורט מריר אגוזים 100 גרם,גרמים,100.00,100 גרם,false,1,11.90,0.1190,true,1,23284
4000539280726,false,שוקולד לינדט אקסלנס,לינדט ושפרונגלי,DE,שוקולד לינדט אקסלנס 70% מילד 100 גרם,גרמים,100.00,100 גרם,false,1,16.90,0.1690,true,1,71055
4000539280740,true,לינדט אקסלנס 78% 100,לינדט ושפרונגלי אס.א,DE,לינדט אקסלנס 78% 100 גרם,גרמים,100.00,100 גרם,false,1,16.90,0.1690,true,1,71190
4001518003800,false,טורינוס מקלות פריכים,,DE,טורינוס מקלות פריכים עם פלפל ומלח 125 גר,גרמים,125.00,100 גרם,false,1,16.90,0.1352,true,1,68343
4001518106112,false,טורינוס מקלות פריכים,,DE,טורינוס מקלות פריכים עם רוזמרין 125 גרם,גרמים,125.00,100 גרם,false,1,16.90,0.1352,true,1,68344
4002448017684,false,סיליט באנג ספריי,רקיט בנקיזר,PL,"ספריי לניקוי כללי והסרת אבנית סיליט באנג 750 מ""ל",מיליליטרים,750.00,"100 מ""ל",false,1,16.90,0.0225,true,1,4373
4004666042004,false,משמיד עובש מרסס מלרו,פרח,DE,יעקבי מלרוד ספריי משמיד עובש 500 מל,מיליליטרים,500.00,"100 מ""ל",false,1,32.90,0.0658,true,1,4704
4005808813063,false,תחליב לחות לגבר,בטר אנד דיפרנט,DE,תחליב לחות לעור רגיש ניוואה,גרמים,260.00,100 גרם,false,1,33.90,0.1304,true,1,52289
4005808847020,false,ניוואה קרם לחות אקוו,Beiersdorf AG,DE,ניוואה קרם לחות אקווה סנסיישן 50מל,מיליליטרים,50.00,"100 מ""ל",false,1,69.90,1.3980,true,1,60924
4005808890507,false,קרם ניוואה סופט 200,ביירסדורף,IT,קרם ניוואה סופט 200 מל,מיליליטרים,200.00,"100 מ""ל",false,1,16.90,0.0845,true,1,52291
4007745058804,false,מיונז אמיתי אורגני נ,הורלין,DE,נטורפוד מיונז אורגני 350 גרם,גרמים,340.00,100 גרם,false,1,25.90,0.0762,true,1,18691
4007745058811,false,חרדל אמיתי אורגני 20,הורלין,DE,נטורפוד חרדל אמיתי אורגני 200 גרם,גרמים,200.00,100 גרם,false,1,16.90,0.0845,true,1,42300
4008400290126,false,קנדר עוגת ספוג במילו,פררו טורקיה צ'יקולטה,TR,קנדר עוגת ספוג במילוי חלבי מצופה ש מריר,גרמים,30.00,100 גרם,false,1,4.90,0.1633,true,1,68754
4009309022399,true,כרוב כבוש אורגני 670,נטורפוד,DE,כרוב כבוש אורגני 670 גרם,גרמים,670.00,100 גרם,false,1,17.90,0.0267,true,1,33780
4009309114407,true,נטורפוד מלפפון כבוש,נטורפוד,DE,מלפפון כבוש אורגני,גרמים,670.00,100 גרם,false,1,25.90,0.0387,true,1,33782
4009309740422,true,רסק תפוחים אורגני,אלפרד פאולסן,DE,נטור פוד רסק תפוחים אורגני 700 גרם,גרמים,700.00,100 גרם,false,1,19.90,0.0284,true,1,33784
4009309742426,true,רסק תפוח מנגו אורגני,נטורפוד,DE,רסק תפוח מנגו אורגני,גרמים,700.00,100 גרם,false,1,19.90,0.0284,true,1,33785
4009900402965,false,מסטיק אורביט וויט פי,ריגלי,,מסטיק אורביט וויט פירות בקבוקון,Unknown,0.00,Unknown,false,1,11.90,0.0000,true,1,14748
4009900403023,false,מסטיק אורביט וויט מנ,ריגלי,,מסטיק אורביט וויט מנטה בקבוקון,גרמים,64.00,100 גרם,false,1,11.90,0.1859,true,1,14749
4009900420129,false,אורביט פרופשיונל פפר,מרס נדרלנד,PL,אורביט פרופשיונל פפרמינט בקבוקון,לא מנהל יחידת מידה,0.00,לא מנהל יחידת מידה,false,1,11.90,0.0000,true,1,51453
4009900426121,false,מסטיק איירווייבס אוכ,ריגלי פולין,PL,מסטיק איירווייבס אוכמניות בקבוקון,גרמים,64.00,100 גרם,false,1,11.90,0.1859,true,1,28437
4009900455299,false,סקיטלס פירות 174 גרם,ריגלי,CZ,סקיטלס פירות 174 גרם,גרמים,174.00,100 גרם,false,1,10.90,0.0626,true,1,20400
4009900465304,false,סקיטלס חמוץ 174 גרם,ריגלי,CZ,סקיטלס חמוץ 174 גרם,גרמים,174.00,100 גרם,false,1,10.90,0.0626,true,1,20401
4009900479998,false,מסטיק אורביט אוכמניו,ריגלי,,מסטיק אורביט אוכמניות בקבוקון,Unknown,0.00,Unknown,false,1,11.90,0.0000,true,1,20402
4009900482417,false,מסטיק אורביט בבאבל מ,ריגלי,,מסטיק אורביט בבאבל מינט בקבוקון,Unknown,0.00,Unknown,false,1,11.90,0.0000,true,1,16534
4009900521581,false,סוכריות אורביט מינטס,מרס נדרלנד,,סוכריות אורביט מינטס דובדבן בקבוקון,לא מנהל יחידת מידה,0.00,לא מנהל יחידת מידה,false,1,12.90,0.0000,true,1,31026
4009900525138,false,מסטיק אורביט  וויט ת,ריגלי,,מסטיק אורביט  וויט תות בקבוקון,יחידה,1.00,יחידה,false,1,11.90,11.9000,true,1,58308
4009900531122,false,אורביט פרופשיונל ספי,מרס נדרלנד,PL,אורביט פרופשיונל ספירמינט בקבוקון,לא מנהל יחידת מידה,0.00,לא מנהל יחידת מידה,false,1,11.90,0.0000,true,1,51454
4009900536257,false,מסטיק אורביט רפרשרס,מרס ריגלי קונפקשונרי,PL,מסטיק אורביט רפרשרס ספירמנט 67 ג,גרמים,67.00,100 גרם,false,1,12.90,0.1925,true,1,68410
4009900536288,false,מסטיק אורביט רפרשרס,מרס ריגלי קונפקשונרי,PL,מסטיק אורביט רפרשרס פפרמ 67 ג,גרמים,67.00,100 גרם,false,1,12.90,0.1925,true,1,68411
4009900536486,false,מסטיק אורביט רפרשרס,מרס ריגלי קונפקשונרי,PL,מסטיק אורביט רפרשרס באבלמ 67 ג,גרמים,67.00,100 גרם,false,1,12.90,0.1925,true,1,68412
4009900539685,false,מסטיק פייב מנטה בקבו,מרס נדרלנד,PL,מסטיק פייב מנטה בקבוקון 61.8גרם,גרמים,62.00,100 גרם,false,1,12.90,0.2081,true,1,70415
4009900539746,false,מסטיק פייב אבטיח בקב,מרס נדרלנד,PL,מסטיק פייב אבטיח בקבוקון 61.8גרם,גרמים,62.00,100 גרם,false,1,12.90,0.2081,true,1,70416
4009900540551,false,אורביט ריפרשרס טרופי,מרס פולין,PL,אורביט ריפרשרס טרופיקל,גרמים,67.00,100 גרם,false,1,12.90,0.1925,true,1,70411
4011800567613,false,חטיף קורני סנדוויץ ש,שוורטאוור וורקה,DE,חטיף קורני סנדוויץ שחור לבן מארז 4 יח,גרמים,120.00,100 גרם,false,1,13.90,0.1158,true,1,19634
4011800628512,false,חטיף קורני שוקולד חל,שוורטאוור וורקה,DE,קורני חטיף דגנים עם שוקולד חלב 6 יחידות 150 גרם,גרמים,150.00,100 גרם,false,1,13.90,0.0927,true,1,18364
4011800630515,false,קורני בייס שוק בננה,שוורטאוור וורקה,DE,קורני חטיף דגנים עם שוקולד חלב ובננה 175 גרם,גרמים,150.00,100 גרם,false,1,13.90,0.0927,true,1,18385
4011800633516,false,חטיף קורני שוקולד מר,שוורטאוור וורקה,DE,חטיף קורני שוקולד מריר מארז 6 יח,גרמים,138.00,100 גרם,false,1,13.90,0.1007,true,1,18199
4011800636517,false,חטיף קורני FREE שוקו,שוורטאוור וורקה,DE,חטיף קורני FREE שוקולד חלב מארז 6 יח,גרמים,120.00,100 גרם,false,1,13.90,0.1158,true,1,18201
4014388000213,false,בירה פחית רדברגר 500,"איי, בי, אינבוו",DE,"בירה פחית רדברגר 500 מ""ל 4.8%",מיליליטרים,500.00,"100 מ""ל",false,1,9.90,0.0198,true,1,52770
4014400901191,false,בונבוניירה מרסי 250,אוגוסט שטורק,DE,בונבוניירה מרסי 250 גרם,גרמים,250.00,100 גרם,false,1,33.00,0.1320,true,1,1130
4014400904277,false,סוכריות אייס פרש,תות ממתקי איכות,DE,אייספרש 425 גרם (15 בקרטון),גרמים,425.00,100 גרם,false,1,19.90,0.0468,true,1,4078
4014400904307,false,סוכריות קליפורניה 42,קריניציה ויטמינה אס,DE,קליפורניה שקית 425 גר',גרמים,425.00,100 גרם,false,1,19.90,0.0468,true,1,50539
4014400904390,false,סוכריות שטורק וולמיל,קריניציה ויטמינה אס,DE,וולמילש 325 גר',גרמים,325.00,100 גרם,false,1,19.90,0.0612,true,1,1133
4014400914696,false,סוכריות חמאה וורטר ל,אוגוסט שטורק,DE,סוכריות חמאה וורטר ללא סוכר 80 גרם,גרמים,80.00,100 גרם,false,1,11.50,0.1438,true,1,10628
4014400923711,false,בונבוניירה טופיפי שו,אוגוסט שטורק,DE,בונבוניירה טופיפי שוקולד 125 גרם,גרמים,125.00,100 גרם,false,1,13.90,0.1112,true,1,28786
4014400925319,false,וורטר פופקורן קרמל 1,שטורק,DE,חטיף פופקורן בציפוי קרמל,גרמים,140.00,100 גרם,false,1,16.90,0.1207,true,1,67573
4015400363002,false,טמפקס סופר 20 יח,פרוקטר & גמבל,DE,טמפקס סופר 20 יח,יחידה,20.00,יחידה,false,1,25.90,1.2950,true,1,71071
4015400563747,false,אולדייז מגן תחתון נו,פרוקטר אנד גמבל,UA,אולדייז מגן תחתון נורמל 60 יחידות,לא מנהל יחידת מידה,0.00,לא מנהל יחידת מידה,false,1,21.90,0.0000,true,1,23309
4015400731719,false,תחבושות אולווייז ולי,פרוקטר אנד גמבל,UA,אולוויז תחבושות  וליו פק לילה 20 יח',לא מנהל יחידת מידה,0.00,לא מנהל יחידת מידה,false,1,19.90,0.0000,true,1,27182
4015400755241,false,תחבושות אולוויז הגיי,פרוקטר אנד גמבל,UA,תחבושות אולוויז הגיינה נורמל 28 יחידות,לא מנהל יחידת מידה,0.00,לא מנהל יחידת מידה,false,1,19.90,0.0000,true,1,27183
4015400755487,false,תחבושות אולווייז ולי,פרוקטר אנד גמבל,UA,תחבושות אולווייז וליו פק לונג 24 יחידות,לא מנהל יחידת מידה,0.00,לא מנהל יחידת מידה,false,1,19.90,0.0000,true,1,27184
4015600762742,false,שמפו הד אנד שולדרס ק,קדבורי,RO,"הד אנד שולדרס שמפו קלאסי  500 מ""ל",מיליליטרים,500.00,"100 מ""ל",false,1,25.90,0.0518,true,1,24085
4015600762780,false,שמפו הד אנד שולדרס 2,קדבורי,RO,"הד אנד שולדרס 2 ב 1 קלאסי 500  מ""ל",מיליליטרים,500.00,"100 מ""ל",false,1,25.90,0.0518,true,1,23840
4015600762902,false,שמפו הד אנד שולדרס מ,קדבורי,RO,"הד אנד שולדרס שמפו מנטול  500 מ""ל",מיליליטרים,500.00,"100 מ""ל",false,1,25.90,0.0518,true,1,24094
4015600762940,false,שמפו הד אנד שולדרס ת,קדבורי,RO,"הד אנד שולדרס שמפו תפוח 500 מ""ל",מיליליטרים,500.00,"100 מ""ל",false,1,25.90,0.0518,true,1,29686
4015600763022,false,שמפו הד אנד שולדרס ל,קדבורי,RO,"שמפו הד אנד שולדרס למניעת קשקשים 500 מ""ל",מיליליטרים,500.00,"100 מ""ל",false,1,25.90,0.0518,true,1,24162
4015600766900,false,שמפו הד אנד שולדרס 2,קדבורי,RO,"הד אנד שולדרס שמפו 2 ב1 מנטול 500 מ""ל",מיליליטרים,500.00,"100 מ""ל",false,1,25.90,0.0518,true,1,23632
4017100198151,false,בלזן היט וניל 220גרם,בלזן,PL,בלזן היט וניל 220גרם,גרמים,220.00,100 גרם,false,1,10.90,0.0495,true,1,24471
4017100219900,false,ופל ופלטן מגולגל מצו,חברת באלסן,DE,ופל ופלטן מגולגל מצופה שוקולד 100 גרם,גרמים,100.00,100 גרם,false,1,12.60,0.1260,true,1,1145
4017100290008,false,ביסקוויט בלזן מצופה,חברת באלסן,DE,בלזן בסקויט חמאה מצופה שוק חלב 125 גרם,גרמים,125.00,100 גרם,false,1,12.60,0.1008,true,1,1146
4017100364112,false,עוגיות היט קקאו 220,הדקלאים אגודת שיתופי,PL,עוגיות היט קקאו 220 גרם,גרמים,220.00,100 גרם,false,1,10.90,0.0495,true,1,22720
4018722100157,false,פסטה פוזילי כוסמין מ,האחים פלם הגפן,DE,פסטה פוזילי כוסמין מלא 250 גרם,גרמים,250.00,100 גרם,false,1,13.90,0.0556,true,1,42302
4018722102632,true,ספגטי כוסמין מלא אור,אלב גולד,DE,כוסמין פסטה אורגנית,גרמים,500.00,100 גרם,false,1,18.90,0.0378,true,1,42303
4018722102656,true,ספגטי כוסמין אורגני,אלב גולד,DE,אלב גולד - ספגטי כוסמין אורגני 500 גרם,גרמים,500.00,100 גרם,false,1,18.90,0.0378,true,1,42304
4018722303459,true,מקרוני כוסמין אורגני,אלב גולד,DE,אלב גולד - מקרוני כוסמין אורגני,גרמים,250.00,100 גרם,false,1,13.90,0.0556,true,1,42305
4018722305736,false,נודלס ביצים אלב גולד,אלב גולד,DE,נודלס ביצים אלב גולד 250 גרם,גרמים,250.00,100 גרם,false,1,16.90,0.0676,true,1,51012
4022025001752,true,יין בלו נאן מבעבע כש,,,"יין בלו נאן מבעבע כשר 750 מ""ל",מיליליטרים,750.00,"100 מ""ל",false,1,64.90,0.0865,true,1,70072
4022025001790,false,יין בלו נאן 24K גולד,היי סישל סוהן טראבן,DE,"יין בלו נאן 24K גולד מבעבע כשר 750 מ""ל",מיליליטרים,750.00,"100 מ""ל",false,1,64.90,0.0865,true,1,70076
4022025001905,false,בלו ווין מבעבע זהב כ,היי סישל סוהן טראבן,DE,"בלו ווין מבעבע זהב כשר 750 מ""ל",מיליליטרים,750.00,"100 מ""ל",false,1,64.90,0.0865,true,1,51463
4022025002025,false,24K יין בלו נאן גולד,בלו נאן,DE,"24K יין בלו נאן גולד כשר 200 מ""ל",מיליליטרים,200.00,"100 מ""ל",false,1,27.90,0.1395,true,1,70079
4022025002254,false,24K יין בלו נאן רוזה,בלו נאן,DE,"24K יין בלו נאן רוזה כשר 200 מ""ל",מיליליטרים,200.00,"100 מ""ל",false,1,27.90,0.1395,true,1,70080
4022025261002,false,יין בלו וויין לבן חצ,לנגוט טראבן,DE,"יין בלו וויין לבן חצי מתוק 750 מ""ל",מיליליטרים,750.00,"100 מ""ל",false,1,49.90,0.0665,true,1,25791
4022025262009,false,יין בלו נאן גוורצטרמ,לנגוט טראבן,,"יין בלו נאן גוורצטרמינר כשר  750 מ""ל",מיליליטרים,750.00,"100 מ""ל",false,1,49.90,0.0665,true,1,70075
4022025290309,false,יין בלו נאן פינק רוז,בלו נאן,DE,"יין בלו נאן פינק רוזה כשר 750 מ""ל",מיליליטרים,750.00,"100 מ""ל",false,1,49.90,0.0665,true,1,70078
4022025290408,false,בלו ווין רוזה כשר 75,בלו נאן,DE,בלו ווין רוזה כשר 750 מל,מיליליטרים,750.00,"100 מ""ל",false,1,49.90,0.0665,true,1,51459
4022025773000,false,בלו נאן מוסקטו כשר 7,בלו נאן,DE,"בלו נאן מוסקטו כשר 750 מ""ל",מיליליטרים,750.00,"100 מ""ל",false,1,49.90,0.0665,true,1,70077
4032900104508,false,סיגריות אל די סופרסל,,,סיגריות אל די סופרסל,לא מנהל יחידת מידה,0.00,לא מנהל יחידת מידה,false,1,28.50,0.0000,false,1,52495
4032900111292,false,סיגריות ווינסטון קומ,JTI,UA,סיגריות ווינסטון קומפקט כחול בודד,לא מנהל יחידת מידה,0.00,לא מנהל יחידת מידה,false,1,29.20,0.0000,false,1,53154
4032900111308,false,סיגריות ווינסטון קומ,JTI,UA,סיגריות ווינסטון קומפקט סילבר בודד,לא מנהל יחידת מידה,0.00,לא מנהל יחידת מידה,false,1,29.20,0.0000,false,1,53156
4032900112824,false,סיגריות כאמל קומפקט,,,סיגריות כאמל קומפקט,יחידה,1.00,יחידה,false,1,27.20,27.2000,false,1,53431
4032900112879,false,סיגריות כאמל קומפקט,,,סיגריות כאמל קומפקט כחול בודד,יחידה,1.00,יחידה,false,1,27.20,27.2000,false,1,53430
4032900124193,false,סיגריות כאמל צהוב אר,,,סיגריות כאמל צהוב ארוך בודד PP,לא מנהל יחידת מידה,0.00,לא מנהל יחידת מידה,false,1,31.60,0.0000,false,1,59478
4032900124254,false,וינסטון  קומפקט ברי,,,וינסטון  קומפקט ברי PP בודד,יחידה,1.00,יחידה,false,1,29.20,29.2000,false,1,60701
4033100013348,false,סיגריות אל די כחול א,JTI,,סיגריות אל די כחול ארוך חפיסה בודד,לא מנהל יחידת מידה,0.00,לא מנהל יחידת מידה,false,1,28.50,0.0000,false,1,9740
4033100014499,false,סיגריות אל די כחול ח,JTI,,סיגריות אל די כחול חפיסה בודד,Unknown,0.00,Unknown,false,1,28.50,0.0000,false,1,9738
4033100014529,false,סיגריות אל די סלים ח,JTI,,סיגריות אל די סלים חפיסה בודד,יחידה,1.00,יחידה,false,1,28.50,28.5000,false,1,9741
4033100024146,false,סיגריות וינסטון קוד,JTI,,סיגריות וינסטון קוד חפיסה בודד,לא מנהל יחידת מידה,0.00,לא מנהל יחידת מידה,false,1,31.20,0.0000,false,1,14427
4033100024252,false,סיגריות וינסטון אקוו,JTI,,סיגריות וינסטון אקווה חפיסה בודד,יחידה,0.00,יחידה,false,1,31.20,0.0000,false,1,14429
4033100038914,false,טבק לגלגול קאמל צהוב,JTI,,טבק לגלגול קאמל צהוב חפיסה30 גרם,גרמים,30.00,100 גרם,false,1,81.20,2.7067,false,1,17764
4033100046490,false,סיגריות וינסטון קוד,יושלם,,סיגריות וינסטון קוד אקווה 100 חפיסה בודד,לא מנהל יחידת מידה,0.00,לא מנהל יחידת מידה,false,1,31.20,0.0000,false,1,16900
4033100047350,false,טבק לגלגול קאמל כחול,JTI,,טבק לגלגול קאמל כחול חפיסה30 גרם,גרמים,30.00,100 גרם,false,1,81.20,2.7067,false,1,17765
4033100064036,false,טבק לגלגול וינסטון כ,JTI,,טבק לגלגול וינסטון כחול חפיסה30 גרם,גרמים,30.00,100 גרם,false,1,81.20,2.7067,false,1,23917
4043058008778,false,טבק לגלגול אמריקן ספ,jti,,טבק לגלגול אמריקן ספיריט כחול חבילה30גר,גרמים,30.00,100 גרם,false,1,88.20,2.9400,false,1,17885
4052197000017,false,בירה בנדיקטינר בקבוק,בנדיקטינר וויצבראו,DE,בנדיקטינר בירה 500 מל,מיליליטרים,500.00,"100 מ""ל",false,1,12.90,0.0258,true,1,13364
4052197000369,false,בירה בנדיקטינר שישיי,benediktiner,DE,"בירה בנדיקטינר שישייה בקבוק 330 מ""ל",ליטרים,1.98,ליטר,false,1,59.90,30.2525,true,1,26977
4052197000925,false,בירה בנדיקטינר כהה ד,בנדיקטינר וויצבראו,DE,בנדיקטינר בירה כהה דונקל 500 מל,מיליליטרים,500.00,"100 מ""ל",false,1,12.90,0.0258,true,1,19007
4052197001281,false,בירה בנדיקטינר פחית,בנדקטינר,,"בירה בנדיקטינר פחית 500 מ""ל",מיליליטרים,500.00,"100 מ""ל",false,1,11.90,0.0238,true,1,22174
4052197002806,false,בירה בנדיקטינר פחית,בנדקטינר,,בירה בנדיקטינר פחית מארז רביעייה,ליטרים,2.00,ליטר,false,1,39.90,19.9500,true,1,22280
4053700292455,false,רצועות שעווה לעור רג,רקיט בנקיזר,FR,רצועות שעווה מוכנות לעור רגיל ויט 12 יחידות,לא מנהל יחידת מידה,0.00,לא מנהל יחידת מידה,false,1,31.90,0.0000,true,1,8093
4062400543125,false,טקילה סיירה זהב רפוס,Sierra Unidas,MX,סיארה טקילה רפוסאדו 700 מל,מיליליטרים,700.00,"100 מ""ל",false,1,99.90,0.1427,true,1,24792
4066600999614,false,בירה פאולנר בקבוק 50,"איי, בי, אינבוו",DE,"בירה פאולנר, בירת חיטה מעוננת, בקבוק 500 מ""ל",מיליליטרים,500.00,"100 מ""ל",false,1,13.50,0.0270,true,1,29514
4067700014849,false,"ייגרמייסטר 700 מ""ל",פארייפאבה אגרואינדוס,DE,"ייגרמייסטר 700 מ""ל",מיליליטרים,700.00,"100 מ""ל",false,1,99.90,0.1427,true,1,27686
4072700001188,false,בירה פרנסיסקאנר בהיר,"איי, בי, אינבוו",DE,בירה פרנסיסקאנר כהה 500 מל,מיליליטרים,500.00,"100 מ""ל",false,1,12.90,0.0258,true,1,8178
4072700001775,false,בירה פרנסיסקאנר בהיר,"איי, בי, אינבוו",DE,"בירה פרנסיסקאנר בהירה פחית 500 מ""ל",מיליליטרים,500.00,"100 מ""ל",false,1,12.90,0.0258,true,1,10197
4084500853836,false,פיירי ורדים ומשי נוז,פרוקטר אנד גמבל,,"פיירי ורדים ומשי נוזל כלים 515 מ""ל",מיליליטרים,515.00,"100 מ""ל",false,1,10.90,0.0212,true,1,24417
4084500853898,false,נוזל כלים פיירי אלוו,פרוקטר אנד גמבל,,"נוזל כלים פיירי אלוורה מלפפונים 515 מ""ל",מיליליטרים,515.00,"100 מ""ל",false,1,10.90,0.0212,true,1,24416
4084500920880,true,נוזל לכלים פיירי אור,פרוקטר אנד גמבל,,פיירי נוזל לניקוי כלים קלאסי 1.24 ליטר,ליטרים,1.24,ליטר,false,1,19.90,16.0484,true,1,26715
4100130937163,false,בירה בקס 6 יחידות 1.,"איי, בי, אינבוו",DE,בירה בקס 6 יחידות 1.65 ליטר,מיליליטרים,275.00,"100 מ""ל",false,1,34.90,0.1269,true,1,24396
4100470106700,true,חומץ תפוחים טבעי ואו,ברוקהרט,DE,נטורפוד חומץ תפוחים טבעי ואורגני,מיליליטרים,750.00,"100 מ""ל",false,1,26.90,0.0359,true,1,33941
4105120623941,false,בירה וויינשטפן בקבוק,"ויינשטפן, ת.ד 1155 פ",DE,"ויינשטפן בק ח""פ 500 מ""ל",מיליליטרים,500.00,"100 מ""ל",false,1,13.90,0.0278,true,1,67453
4210201262183,false,אורל בי מברשת חשמלית,בראון,DE,אורל בי מברשת חשמלית נטענת D100,לא מנהל יחידת מידה,0.00,לא מנהל יחידת מידה,false,1,99.90,0.0000,true,1,70438
4210201360742,false,אורל בי ראש חשמלי לנ,בראון,IE,אורל בי ראש חשמלי לניקוי יסודי 4 יח',לא מנהל יחידת מידה,0.00,לא מנהל יחידת מידה,false,1,99.90,0.0000,true,1,70439
4603400000043,false,וודקה רוסקי סטנדרט ב,האי נאם סי או אל.טי.,RU,"וודקה רוסקי סטנדרט בקבוק 700 מ""ל",מיליליטרים,700.00,"100 מ""ל",false,1,64.90,0.0927,true,1,16394
4603928000976,false,"וודקה בלוגה 700 מ""ל",מרינסקי ליקרו-וודאצ',RU,"וודקה בלוגה 700 מ""ל",מיליליטרים,700.00,"100 מ""ל",false,1,139.90,0.1999,true,1,16519
4607012351005,false,מרטין גרעיני חמניות,"נארז ע""י : א.ג. גילר",RU,גרעיני חמניה קלויים מרטין 200 גרם,גרמים,200.00,100 גרם,false,1,13.90,0.0695,true,1,33971
4607012351999,false,גרעיני חמניות מרטין,"נארז ע""י : א.ג. גילר",RU,גרעיני חמנייה במלח מרטין 200 גרם,גרמים,200.00,100 גרם,false,1,13.90,0.0695,true,1,33972
4607026530212,false,כוסמת 900 גרם,קרלו,RU,כוסמת 900 גרם,גרמים,900.00,100 גרם,false,1,17.00,0.0189,true,1,10835
4607109409619,false,פיניש טבליות 25 יח A,רקיט בנקיזר,PL,טבליות למדיח כלים פיניש אול אין וואן 25 טבליות,גרמים,530.00,100 גרם,false,1,29.90,0.0564,true,1,28723
4640018993343,false,פיניש קוואנטום 30 יח,רקיט בנקיזר,PL,פיניש קוואנטום קפסולות למדיח 30 טבליות,גרמים,375.00,100 גרם,false,1,44.90,0.1197,true,1,67685
4640018993350,false,פיניש קוואנטום 30 יח,רקיט בנקיזר,PL,פיניש קוואנטום 30 יח קפסולות גיל לימון,גרמים,375.00,100 גרם,false,1,44.90,0.1197,true,1,67686
4710068001692,false,מאסטר קפה לאטה 240 מ,תאיט מרקטינג אנד דיס,,מאסטר קפה לאטה פחית,מיליליטרים,240.00,"100 מ""ל",false,1,8.50,0.0354,true,1,19184
4710068001715,false,מאסטר קפה טירמיסו 24,"איי, בי, אינבוו",,מאסטר קפה טרמיסו פחית 240 מל,מיליליטרים,240.00,"100 מ""ל",false,1,8.50,0.0354,true,1,19186
4710068001739,false,מאסטר קפה קולומביאני,"איי, בי, אינבוו",,מאסטר קפה משקה קפה קר קלאסיקו 240 מל,מיליליטרים,240.00,"100 מ""ל",false,1,8.50,0.0354,true,1,19185
4710068002798,false,מאסטר קפה וונילה פחי,מאיטה פוד אינדוסטריא,,מאסטר קפה לאטה פחית,מיליליטרים,240.00,"100 מ""ל",false,1,8.50,0.0354,true,1,54344
4710964170799,false,שומשום שחור קלוי 91,Yan Wal Yun Corpora,TH,שומשום שחור קלוי 91 גרם,גרמים,91.00,100 גרם,false,1,17.90,0.1967,true,1,70298
4740098098331,false,קוקטייל בלו לגון 330,אה לי קוק,EE,"קוקטייל בלו לגון 330 מ""ל",מיליליטרים,330.00,"100 מ""ל",false,1,12.20,0.0370,true,1,70899
4740098098355,false,קוקטייל מוחיטו 330 מ,אה לי קוק,EE,"קוקטייל מוחיטו 330 מ""ל",מיליליטרים,330.00,"100 מ""ל",false,1,12.20,0.0370,true,1,70898
4740098098379,false,קוקטייל מרגריטה 330,אה לי קוק,EE,"קוקטייל מרגריטה 330 מ""ל",מיליליטרים,330.00,"100 מ""ל",false,1,12.20,0.0370,true,1,70897
4750021000904,false,וודקה סטולי פרימיום,איי.אס לטבייאס בלזם,LV,"וודקה סטולי פרימיום  200מ""ל",מיליליטרים,200.00,"100 מ""ל",false,1,29.90,0.1495,true,1,71052
4750021003905,false,וודקה סטולי גולד בקב,"איי, בי, אינבוו",LV,וודקה סטולי גולד,מיליליטרים,700.00,"100 מ""ל",false,1,129.90,0.1856,true,1,31621
4750021005725,false,"וודקה סטולי כשל""פ לל",פארייפאבה אגרואינדוס,LV,"וודקה סטולי כשל""פ לל""ג 40% בקבוק 700 מ""ל",מיליליטרים,700.00,"100 מ""ל",false,1,89.90,0.1284,true,1,49493
4779039730276,false,מרק עגבניות מוקרם או,גרביאי,LT,מרק עגבניות מוקרם אורגני אאוגה 400 גרם,גרמים,400.00,100 גרם,false,1,17.90,0.0447,true,1,60973
4779039730290,false,מרק אאוגה ירקות מינס,גרביאי,LT,מרק אאוגה ירקות מינסטרונה אורגני 400 גרם,גרמים,400.00,100 גרם,false,1,17.90,0.0447,true,1,60972
4779039730306,false,מרק אאוגה גזר עם קוק,,LT,מרק אאוגה גזר עם קוקוס אורגני 400 גרם,גרמים,400.00,100 גרם,false,1,17.90,0.0447,true,1,69945
4779039731143,false,מרק אאוגה עדשים אורג,גרביאי,LT,מרק אאוגה עדשים אורגני 400 גרם,גרמים,400.00,100 גרם,false,1,17.90,0.0447,true,1,67164
4779039731167,false,מרק אאוגה דלורית ובט,גרביאי,LT,מרק אאוגה דלורית ובטטה אורגני 400 גרם,גרמים,400.00,100 גרם,false,1,17.90,0.0447,true,1,60974
4792032060454,true,מי קוקוס אורגני גרין,בן טרה ג'וינט סטוק,DE,GREEN COCO מי קוקוס אורגני 330 מל,מיליליטרים,330.00,"100 מ""ל",false,1,9.90,0.0300,true,1,27545
4793000637005,false,מקלות קינמון ציילון,אף.סי תבליני בגליל ב,DE,קינמון ציילוני אמיתי טחון אורגני,גרמים,50.00,100 גרם,false,1,19.90,0.3980,true,1,60420
4793000637012,false,קינמון ציילון אורגני,אף.סי תבליני בגליל ב,DE,קינמון ציילון אורגני טחון 70 גרם נטורפוד,גרמים,70.00,100 גרם,false,1,17.90,0.2557,true,1,60421
4793000637029,false,אבקת מורינגה אורגנית,תות תעשיות מזון (201,DE,אבקת מורינגה אורגנית  70 גרם נטורפוד,גרמים,70.00,100 גרם,false,1,17.90,0.2557,true,1,60422
4793000637036,false,מורינגה אורגנית  25ג,תות תעשיות מזון (201,DE,מורינגה אורגנית  25גרם נטורפוד,גרמים,25.00,100 גרם,false,1,17.90,0.7160,true,1,60423
4796019790013,false,שמן קוקוס אורגני גרי,גרין קוקו,,שמן קוקוס אורגני,מיליליטרים,300.00,"100 מ""ל",false,1,23.90,0.0797,true,1,26876
4796019790020,false,שמן קוקוס אורגני 500,גרין קוקו,LK,"שמן קוקוס אורגני 500 מ""ל",מיליליטרים,500.00,"100 מ""ל",false,1,35.90,0.0718,true,1,31641
4796019790037,false,שמן קוקוס אורגני גרי,כפרי בריא,,שמן קוקוס אורגני,ליטרים,1.00,ליטר,false,1,49.90,49.9000,true,1,30135
4820229031311,false,וודקה חורטיצה פלטינו,Global Gourmet Produ,UA,וודקה חורטיצה פלטינום 700 מל,מיליליטרים,700.00,"100 מ""ל",false,1,69.90,0.0999,true,1,71026
4860019001346,false,"מים מינרלים בורג""ומי",אי די אס בורגומי,,"מים מינרלים בורג""ומי 500 מ""ל",מיליליטרים,500.00,"100 מ""ל",false,1,8.90,0.0178,true,1,11209
4860019001414,false,מים מינרלים בורגומי,האי נאם סי או אל.טי.,,"מים מינרלים בורגומי 750 מ""ל",מיליליטרים,750.00,"100 מ""ל",false,1,9.90,0.0132,true,1,18289
4891228430085,false,סכיני גילוח שייק אקס,שיק,CN,סכיני גילוח שייק אקסטרים 3 כחול רביעייה,לא מנהל יחידת מידה,0.00,לא מנהל יחידת מידה,false,1,21.90,0.0000,true,1,5410
4891228430092,false,סכיני גילוח שייק אקס,שיק,CN,שיק אקסטרים 3 סכיני גילוח לאישה לעור רגיש,לא מנהל יחידת מידה,0.00,לא מנהל יחידת מידה,false,1,21.90,0.0000,true,1,6332
5000111047364,true,HP ברביקיו דבש,יוניליוור גרמניה  Gm,NL,HP  ברביקיו דבש 465 גרם,גרמים,465.00,100 גרם,false,1,20.90,0.0449,true,1,34322
5000111047371,true,HP ברביקיו קלאסי,כלורוקס אוקלנד,NL,465 גרםHP  ברביקיו קלאסי,גרמים,465.00,100 גרם,false,1,20.90,0.0449,true,1,34323
5000157143365,true,מתבל בטעם מיונז וקטש,תאי פרזידנט פוד פאבל,PL,מתבל בטעם מיונז וקטשופ היינץ 425 מל,מיליליטרים,425.00,"100 מ""ל",false,1,15.90,0.0374,true,1,59576
5000159376655,false,סוכריות סקיטלס פירות,ריגלי ממתקים,,סוכריות סקיטלס פירות 38 גרם,גרמים,38.00,100 גרם,false,1,4.50,0.1184,true,1,15250
5000159376792,false,סוכריות סקיטלס חמוץ,ריגלי ממתקים,,סוכריות סקיטלס חמוץ 38 גרם,גרמים,38.00,100 גרם,false,1,4.50,0.1184,true,1,15251
5000159407236,false,חטיף מרס,מרס נדרלנד,,חטיף מרס 51 גרם,גרמים,51.00,100 גרם,false,1,4.90,0.0961,true,1,7500
5000159414197,false,מלטיזרס 135גרם,מרס שוקולד צ.אמריקה,NL,מלטיזרס 135גרם,גרמים,135.00,100 גרם,false,1,16.90,0.1252,true,1,70993
5000159459228,false,חטיף טויקס שוקולד,"נארז ע""י : א.ג. גילר",NL,חטיף טויקס 50 גרם,גרמים,50.00,100 גרם,false,1,4.90,0.0980,true,1,15897
5000159461122,false,חטיף סניקרס שוקולד,"נארז ע""י : א.ג. גילר",NL,חטיף סניקרס שוקולד 50 גרם,גרמים,50.00,100 גרם,false,1,4.90,0.0980,true,1,15898
5000159500845,true,סלבריישן מארז מתנה 1,מארס,NL,סלבריישן מארז מתנה 196 גרם,גרמים,196.00,100 גרם,false,1,23.90,0.1219,true,1,71590
5000159528320,false,בי קיינד אגוזים קלוי,שטראוס,,בי קיינד אגוזים קלויים 40 גרם,גרמים,40.00,100 גרם,false,1,7.90,0.1975,true,1,67856
5000159528481,false,חטיף בי קיינד שוקולד,שטראוס,,חטיף בי קיינד שוקולד מריר אגוז ומלח ים40,גרמים,40.00,100 גרם,false,1,7.90,0.1975,true,1,68353
5000168199245,false,שוקולד גודייבה פיור,"אולקר מקבוצת פלאדיס,",TR,שוקולד חלב מעולה בתוספת חתיכות קרם קרמל מלוח,גרמים,90.00,100 גרם,false,1,15.90,0.1767,true,1,69281
5000204658187,false,משחת נעליים קיווי קר,המאפיה של הרמן,PL,קיווי נוזל לניקוי נעליים שחור 75 מל,מיליליטרים,75.00,"100 מ""ל",false,1,15.90,0.2120,true,1,15021
5000213014905,false,בירה גינס פחית 440 מ,פארייפאבה אגרואינדוס,IE,בירה גינס 330 מל,מיליליטרים,440.00,"100 מ""ל",false,1,19.20,0.0436,true,1,17722
5000267014234,false,ויסקי גוני ווקר אדום,ג'ון ווקר ובניו,,"גוני ווקר אדום 700 מ""ל",מיליליטרים,700.00,"100 מ""ל",false,1,99.90,0.1427,true,1,5024
5000267015200,false,ויסקי גוני ווקר אדום,DIAGEO,,"ויסקי גוני ווקר אדום בקבוק 200 מ""ל",מיליליטרים,200.00,"100 מ""ל",false,1,39.90,0.1995,true,1,5217
5000267024233,false,"ויסקי ג""וני ווקר שחו",ג'וני ווקר ובניו,,"גוני ווקר שחור 700 מ""ל",מיליליטרים,700.00,"100 מ""ל",false,1,139.90,0.1999,true,1,6587
5000267171654,false,גוני ווקר שחור 200 מ,ג'ון ווקר ובניו,GB,"ג'וני שחור 200 מ""ל פוקט 40% כהל",מיליליטרים,200.00,"100 מ""ל",false,1,49.90,0.2495,true,1,60680
5000289925440,false,גין גורדון בקבוק 700,אלכסנדר גורדון ושות',,"ג'ין גורדון לונדון דריי ג'ין, 700 מל",מיליליטרים,700.00,"100 מ""ל",false,1,99.90,0.1427,true,1,24246
5000291020706,false,גין טנקרי 750מל,מנדלז סי.אר. פרודקשן,GB,טנקרי ג'ין יבש 750 מל,מיליליטרים,750.00,"100 מ""ל",false,1,139.90,0.1865,true,1,68248
5000299223031,false,רום קפטן מורגן ספייס,יבואן ומשווק: ש. שסט,,קפטן מורגן ספייסד גולד 750 מל,מיליליטרים,700.00,"100 מ""ל",false,1,124.90,0.1784,true,1,30269
5000329002193,false,גין,"איי, בי, אינבוו",,"ג'ין ביפאיטר, 700 מ''ל",מיליליטרים,1.00,"100 מ""ל",false,1,109.90,109.9000,true,1,24245
5000396037531,true,מקוויטיס ביסקויט מצו,קריניציה ויטמינה אס,,מקוויטיס ביסקויט מצו,Unknown,0.00,Unknown,false,1,12.90,0.0000,true,1,34336
5000396037944,true,מקוויטיס ביסקויט קלא,קריניציה ויטמינה אס,,"מקויטיס,  ביסקוויט מקמח חיטה קלאסי 250 גרם",Unknown,0.00,Unknown,false,1,11.90,0.0000,true,1,34339
5010029221084,false,וויטביקס פרוטאין קרנ,טרופיקל דגיל תעשיות,,וויטביקס פרוטאין קרנץ,יחידה,0.00,יחידה,false,1,31.90,0.0000,true,1,47355
5010103800259,false,ויסקי J&B בקבוק 700,גסטוריני אנד ברוקס,,"ויסקי J&B בקבוק 700 מ""ל",מיליליטרים,700.00,"100 מ""ל",false,1,99.90,0.1427,true,1,6342
5010103943024,false,"גיי אנד בי 200 מ""ל פ",ג'וסטריני אנד ברוקס,GB,"ג'יי אנד בי 200 מ""ל פוקט 40% כהל",מיליליטרים,200.00,"100 מ""ל",false,1,39.90,0.1995,true,1,60679
5010182997253,false,תרסיס רייד מקס קוטל,אס.סי.ג'ונסון מידרכט,NL,"תרסיס רייד מקס קוטל חרקים 300 מ""ל",מיליליטרים,300.00,"100 מ""ל",false,1,25.90,0.0863,true,1,1462
5010182997918,false,טואלט דאק בניחוח ים,"איטיליאן פוד, אס.פי.",IT,דאק ג'ל לאסלה בניחוח ים 55 מל,מיליליטרים,55.00,"100 מ""ל",false,1,12.90,0.2345,true,1,53584
5010182998847,false,נוזל לאסלה כחול ים,מיוצר עי קונדיטוריית,NL,ניקוי נוזל לאסלה,מיליליטרים,750.00,"100 מ""ל",false,1,13.90,0.0185,true,1,10654
5010232964211,false,קונדומים דורקס אקסטר,תאילנד,TH,קונדומים דורקס אקסטרא סייף 12 יחידות,לא מנהל יחידת מידה,0.00,לא מנהל יחידת מידה,false,1,49.90,0.0000,true,1,4274
5010232964228,false,קונדומים דקים דורקס,תאילנד,TH,"קונדמים קצר ולעניין, דק 12 יחידות",לא מנהל יחידת מידה,0.00,לא מנהל יחידת מידה,false,1,49.90,0.0000,true,1,4275
5010296169249,false,בלום לונדון דריי גין,קווניט אסנשל,GB,בלום לונדון דריי גין 700 מל,מיליליטרים,700.00,"100 מ""ל",false,1,169.90,0.2427,true,1,59865
5010327000046,false,"ויסקי גרנטס 700 מ""ל","איי, בי, אינבוו",,"ויסקי גרנטס 700 מ""ל",מיליליטרים,700.00,"100 מ""ל",false,1,89.90,0.1284,true,1,1467
5010327105215,false,ויסקי מנקי שולדר 700,וויליאם גרנט,GB,"ויסקי מנקי שולדר 700 מ""ל",מיליליטרים,700.00,"100 מ""ל",false,1,154.90,0.2213,true,1,69292
5010327258003,false,"גרנטס וויסקי 200מ""ל",וויליאם גרנט,GB,"גרנטס וויסקי 200מ""ל",מיליליטרים,200.00,"100 מ""ל",false,1,29.90,0.1495,true,1,70045
5010327399614,false,גלנפידיך 12 שנה 700,,GB,גלנפידיך 12 שנה 700 מל,מיליליטרים,700.00,"100 מ""ל",false,1,219.90,0.3141,true,1,71513
5010327755014,false,"גין הנדריקס 700 מ""ל",וויליאם גרנט,GB,"גין הנדריקס 700 מ""ל",מיליליטרים,700.00,"100 מ""ל",false,1,154.90,0.2213,true,1,69294
5010677551281,false,בקרדי בריזר לימון בק,"בקרדי בע""מ",BE,"בריזר - משקה כוהלי מוגז בטעם לימון 275 מ""ל",מיליליטרים,275.00,"100 מ""ל",false,1,16.90,0.0615,true,1,1468
5010677551397,false,בקרדי בריזר ליים בקב,"ברקדי בע""מ",BE,"בקרדי בריזר ליים בקבוק 275 מ""ל",מיליליטרים,275.00,"100 מ""ל",false,1,16.90,0.0615,true,1,22434
5010677552387,false,בקרדי בריזר אננס בקב,בקרדי בעמ,BE,"בריזר - משקה כוהלי מוגז בטעם אננס 275 מ""ל",מיליליטרים,275.00,"100 מ""ל",false,1,16.90,0.0615,true,1,1469
5010677554398,false,בקרדי בריזר אבטיח בק,בקרדי בעמ,BE,"בריזר - משקה כוהלי מוגז בטעם אבטיח 275 מ""ל",מיליליטרים,275.00,"100 מ""ל",false,1,16.90,0.0615,true,1,1470
5010677714006,false,גין בומביי ספייר 700,בומביי ספיריטס,ES,ג'ין בומביי ספייר,מיליליטרים,700.00,"100 מ""ל",false,1,129.90,0.1856,true,1,52999
5010677850100,false,וודקה גריי גוס בקבוק,גריי גוס,FR,"וודקה גריי גוס 750 מ""ל",מיליליטרים,700.00,"100 מ""ל",false,1,139.90,0.1999,true,1,52769
5011007003005,false,ויסקי גיימסון בקבוק,"איי, בי, אינבוו",IE,"וויסקי אירי, ג'יימסון, 700 מ''ל",מיליליטרים,700.00,"100 מ""ל",false,1,109.90,0.1570,true,1,4456
5011026108033,false,טולמור דיו וויסקי 70,פארייפאבה אגרואינדוס,IE,טולמור דיו וויסקי אירי 700 מל,מיליליטרים,700.00,"100 מ""ל",false,1,99.90,0.1427,true,1,67762
5011348019772,false,בירה הובגובלין 500אי,וויצ'וד,GB,"בירה הובגובלין IBA 500 מ""ל",מיליליטרים,500.00,"100 מ""ל",false,1,18.90,0.0378,true,1,50329
5011417576885,false,דורקס גל יכוך בטעם ת,רקיט בנקיזר,TH,דורקס גל יכוך בטעם תות 100מל,מיליליטרים,100.00,"100 מ""ל",false,1,59.90,0.5990,true,1,68489
5011417576922,false,דורקס גל סיכוך מתחמם,מיוצר עבור רקיט בנקי,TH,"דורקס ג'ל סיכוך מחמם  100 מ""ל",מיליליטרים,100.00,"100 מ""ל",false,1,59.90,0.5990,true,1,68490
5014271300429,false,מעדן משמש,פלזנסקי,FR,"מעדן משמש 284 גר                       """,גרמים,284.00,100 גרם,false,1,22.90,0.0806,true,1,1473
5014271310428,false,מעדן דובדבנים שחורים,המאפיה של הרמן,FR,מעדן דובדבנים שחורים סן דלפור 284 גרם,גרמים,284.00,100 גרם,false,1,22.90,0.0806,true,1,1474
5014271330426,false,מעדן אוכמניות כחולות,פלזנסקי,FR,מעדן אוכמניות כחולות סן דלפור 284 גרם,גרמים,284.00,100 גרם,false,1,22.90,0.0806,true,1,1475
5014271350424,false,מעדן ארבע פירות סן ד,המאפיה של הרמן,FR,מעדן ארבע פירות סן דלפור 284 גרם,גרמים,284.00,100 גרם,false,1,22.90,0.0806,true,1,3163
5014271400426,false,מעדן תות שדה סן דלפו,המאפיה של הרמן,FR,מעדן תות שדה סן דלפור 284 גרם,גרמים,284.00,100 גרם,false,1,22.90,0.0806,true,1,1478
5014271795980,false,מעדן חמוציות אוכמניו,סנדלפור,FR,סנדלפור מעדן חמוציות ואוכמניות 284 גרם,גרמים,284.00,100 גרם,false,1,22.90,0.0806,true,1,4641
5014379009972,false,בירה באדוויזר  פחית,"איי, בי, אינבוו",,בירה באדוויזר,מיליליטרים,500.00,"100 מ""ל",false,1,11.90,0.0238,true,1,56711
5017818800116,false,"משקה ד""ר פפר פחית 33","איי, בי, אינבוו",FR,"ד""ר פפר פחית 330 מ""ל  24 יח",מיליליטרים,330.00,"100 מ""ל",false,1,6.50,0.0197,true,1,21745
5018357006731,false,תערובת דגנים 40% פיר,דורסט סיריאלס,,תערובת דגנים 40% פירות ואגוזים 560 גרם,גרמים,560.00,100 גרם,false,1,30.90,0.0552,true,1,6414
5018357007653,false,מוזלי תערובת דגנים ו,דורסט סיריאלס,,מוזלי תערובת דגנים ופפאיה 620 גרם,גרמים,620.00,100 גרם,false,1,27.90,0.0450,true,1,8664
5024546366609,false,"ויסקי לאודרס 700 מ""ל",מקדוף אינטרנשנל דיסט,,לאודרס וויסקי סקוטי 700 מל,גרמים,700.00,100 גרם,false,1,89.90,0.1284,true,1,10397
5029053002408,false,נייר טואלט קלינקס לב,קימברלי קלארק ישראל,IL,"קלינקס נייר טואלט דו שכבתי לבן, 9 גלילים",מטרים,27500.00,מטר,false,1,36.90,0.0013,true,1,1479
5029053510811,false,קוטקס תחבושות נורמל+,קימברלי קלארק,,קוטקס תחבושות עם כנפיים נורמל פלוס 30 יחידות,Unknown,0.00,Unknown,false,1,17.90,0.0000,true,1,1482
5029053510828,false,קוטקס תחבושות סופר+כ,קימברלי קלארק,,קוטקס תחבושות  עם כנפיים סופר פלוס 22 יחידות,Unknown,0.00,Unknown,false,1,17.90,0.0000,true,1,1483
5029053523446,false,קוטקס תחבושות נייט 2,קימברלי קלארק,,קוטקס תחבושות עם כנפיים נייט 20 יחידות,לא מנהל יחידת מידה,0.00,לא מנהל יחידת מידה,false,1,17.90,0.0000,true,1,1484
5029053578309,false,קלינקס אולטרה סופט ק,קימברלי,IL,קלינקס אולטרה סופט קוביה 48 דף,יחידה,1.00,יחידה,false,1,10.90,10.9000,true,1,69624
5035766044673,false,סיידר תפוחים 5% אלכו,האי נאם סי או אל.טי.,BE,סיידר תפוחים 5% אלכוהול סטרונגבאו 330 מל,מיליליטרים,330.00,"100 מ""ל",false,1,8.90,0.0270,true,1,19665
5038483198032,false,קונדומים דורקס פלגרמ,תאילנד,TH,קונדומים דורקס פלגרמקס 12 יחידות,לא מנהל יחידת מידה,0.00,לא מנהל יחידת מידה,false,1,49.90,0.0000,true,1,6773
5038483207949,false,קונדומים דקים דורקס,תאילנד,TH,"קונדמים Durex Thin Feel Extra Lube, דק  12 יחידות",לא מנהל יחידת מידה,0.00,לא מנהל יחידת מידה,false,1,49.90,0.0000,true,1,6305
5038483225257,false,קונדומים דורקס PLAY,לחמנו,CN,טבעת רוטטת להגברת החוויה המינית,לא מנהל יחידת מידה,0.00,לא מנהל יחידת מידה,false,1,39.90,0.0000,true,1,15460
5038483574386,false,קונדומים דורקס פדרלי,רקיט בנקיזר הלת'קר,,קונדומים דורקס פדרלייט 3 * 12 יח,לא מנהל יחידת מידה,0.00,לא מנהל יחידת מידה,false,1,19.90,0.0000,true,1,8313
5038483574416,false,קונדומים דורקס אקסטר,רקיט בנקיזר הלת'קר,,קונדומים דורקס אקסטרא 3 יחידות,לא מנהל יחידת מידה,0.00,לא מנהל יחידת מידה,false,1,19.90,0.0000,true,1,8385
5038483578780,false,קונדומים דורקס עלית,רקיט בנקיזר הלת'קר,,קונדומים דורקס עלית  3 יחידות,לא מנהל יחידת מידה,0.00,לא מנהל יחידת מידה,false,1,19.90,0.0000,true,1,8414
5038483866566,false,קונדומים דקים דורקס,תאילנד,TH,קונדומים דקים דורקס פדרלייט אולטרה 12 יח,לא מנהל יחידת מידה,0.00,לא מנהל יחידת מידה,false,1,49.90,0.0000,true,1,10460
5038483987759,false,דורקס פליי Little De,רקיט בנקיזר,,דורקס פליי Little Devil טבעת,לא מנהל יחידת מידה,0.00,לא מנהל יחידת מידה,false,1,59.90,0.0000,true,1,28242
5038483994757,false,דורקס פליי ויברטור א,רקיט בנקיזר,,דורקס פליי ויברטור אינטימי,לא מנהל יחידת מידה,0.00,לא מנהל יחידת מידה,false,1,149.90,0.0000,true,1,28240
5056357900925,false,סניקרס חמאת בוטנים 5,מרס נדרלנד,US,סניקרס חמאת בוטנים 57 גרם,גרמים,59.00,100 גרם,false,1,17.90,0.3034,true,1,67905
5056357901427,false,חטיף חלבון m&m בטעם,מארס,GB,חטיף חלבון m&m בטעם שוקולד,גרמים,51.00,100 גרם,false,1,17.90,0.3510,true,1,69647
5056357901441,false,חטיף חלבון בוטנים 15,מארס,GB,חטיף חלבון בוטנים 15 חלבון 51 גרם m&m,גרמים,51.00,100 גרם,false,1,17.90,0.3510,true,1,69648
5056357903834,false,חטיף  באונטי 18גרם ח,מארס יורק אנגליה,GB,חטיף  באונטי 18גרם חלבון  52גרם,גרמים,52.00,100 גרם,false,1,17.90,0.3442,true,1,70082
5060045588128,false,"גים בים לבן 700 מ""ל","איי, בי, אינבוו",US,ג'ים בים וויסקי קנטאקי ברבן ג'ים בים 700 מל,מיליליטרים,700.00,"100 מ""ל",false,1,69.90,0.0999,true,1,42283
5060108450348,false,גינגר ביר פרימיום בק,פיבר טרי,,"גינגר ביר פרימיום בקבוק 200 מ""ל",מיליליטרים,200.00,"100 מ""ל",false,1,9.50,0.0475,true,1,31970
5060221201391,false,chaosגרנייד בטעם קרמ,גרנייה,NL,chaosגרנייד בטעם קרמל60  גרם,גרמים,60.00,100 גרם,false,1,17.90,0.2983,true,1,70440
5060221201575,false,חטיף חלבון גרנייד קר,,GB,חטיף חלבון גרנייד קרם עוגיות 23 חלבון 60,גרמים,60.00,100 גרם,false,1,17.90,0.2983,true,1,69745
5060221201605,false,חטיף חלבון גרנייד בא,,GB,חטיף חלבון גרנייד באוני פאדג  23 חלבון,גרמים,60.00,100 גרם,false,1,17.90,0.2983,true,1,69744
5060221201810,false,גרנייד  שוקולד לבן ע,גרנייה,NL,גרנייד  שוקולד לבן עוגיות 60גרם,גרמים,60.00,100 גרם,false,1,17.90,0.2983,true,1,70442
5060221203753,false,חטיף חלבון גרנייד  ח,,GB,חטיף חלבון גרנייד  חמאת בוטנים 21 חלבון,גרמים,60.00,100 גרם,false,1,17.90,0.2983,true,1,69743
5060221203937,false,גרנייד  שוקוציפס בצק,גרנייה,NL,גרנייד  שוקוציפס בצק עוגיות 60גרם,גרמים,60.00,100 גרם,false,1,17.90,0.2983,true,1,70441
5060221206860,false,חטיף חלבון גרנייד  ק,,GB,חטיף חלבון גרנייד  קרמל מלוח 20 חלבון 60,גרמים,60.00,100 גרם,false,1,17.90,0.2983,true,1,69746
5060317320449,false,UFIT   משקה חלבון בט,לאקסה אס.אי,GB,"UFIT   משקה חלבון בטעם שוקולד  500מ""ל",מיליליטרים,500.00,"100 מ""ל",false,1,19.90,0.0398,true,1,70979
5060317321781,false,UFIT   משקה חלבון בט,לאקסה אס.אי,GB,"UFIT   משקה חלבון בטעם אייס קפה 330מ""ל",מיליליטרים,330.00,"100 מ""ל",false,1,14.90,0.0452,true,1,70978
5060317322122,false,UFIT    משקה חלבון ב,לאקסה אס.אי,GB,UFIT    משקה חלבון בטעם קרמל מלוח 330 מ,מיליליטרים,330.00,"100 מ""ל",false,1,14.90,0.0452,true,1,70975
5060317322146,false,UFIT    משקה חלבון ב,לאקסה אס.אי,GB,UFIT    משקה חלבון בטעם שוקולד לבן 330מ,מיליליטרים,330.00,"100 מ""ל",false,1,14.90,0.0452,true,1,70976
5060317322368,false,UFIT  330  משקה חלבו,לאקסה אס.אי,GB,UFIT    משקה חלבון בטעם פאדג בראוניז 33,מיליליטרים,330.00,"100 מ""ל",false,1,14.90,0.0452,true,1,70977
5060317322573,false,UFIT   משקה חלבון בט,לאקסה אס.אי,GB,"UFIT   משקה חלבון בטעם קרמל מלוח 500מ""ל",מיליליטרים,500.00,"100 מ""ל",false,1,19.90,0.0398,true,1,70980
5060319120023,true,תה קנמון - הייר ליבי,הייר ליבינג,GB,תה קינמון אורגני 40 גרם,גרמים,40.00,100 גרם,false,1,19.90,0.4975,true,1,34416
5060319120078,true,תה הייר ליבינג סוויט,אף.סי תבליני בגליל ב,GB,תה הייר ליבינג סוויט דרימס 15 שקיקים,גרמים,40.00,100 גרם,false,1,19.90,0.4975,true,1,34418
5060319120092,false,תה הייר ליבינג אינגל,הייר ליבינג,GB,תה אינגליש ברקפסט אורגני,גרמים,45.00,100 גרם,false,1,19.90,0.4422,true,1,42307
5060319120115,true,תה ירוק אורגני-הייר,אונלי נטורל פרודקטס,GB,הייר ליווינג תה ירוק אורגני 40 גרם,גרמים,50.00,100 גרם,false,1,19.90,0.3980,true,1,34420
5060319120122,true,תה הייר ליבינג צאי י,אונלי נטורל פרודקטס,GB,הייר ליווינג צ'אי תה ירוק אורגני 40 גרם,גרמים,40.00,100 גרם,false,1,19.90,0.4975,true,1,34421
5060319129286,true,תה לבן אורגני-הייר ל,אונלי נטורל פרודקטס,GB,הייר ליווינג תה לבן אורגני 35 גרם,גרמים,35.00,100 גרם,false,1,19.90,0.5686,true,1,34423
5060319129491,true,תה הייר ליבינג כורכו,אונלי נטורל פרודקטס,GB,הייר ליווינג חליטת כורכום אורגני 30 גרם,גרמים,30.00,100 גרם,false,1,19.90,0.6633,true,1,34424
5060350561434,false,איזי בר שוקולד קרמל,,US,איזי בר שוקולד קרמל 90 גרם,Unknown,0.00,Unknown,false,1,19.90,0.0000,true,1,59520
5060402908248,false,סניקרס פרוטאין 55 גר,מרס נדרלנד,US,סניקרס פרוטאין 55 גרם,גרמים,59.00,100 גרם,false,1,17.90,0.3034,true,1,67906
5060402908286,false,מארס פרוטאין 59 גרם,מרס נדרלנד,US,מארס פרוטאין 59 גרם,גרמים,59.00,100 גרם,false,1,17.90,0.3034,true,1,67903
5060402909542,false,מארס קרמל מלוח 59 גר,מרס נדרלנד,US,מארס קרמל מלוח 59 גרם,גרמים,59.00,100 גרם,false,1,17.90,0.3034,true,1,67904
5060412214124,true,אברקלין חול עפיזור מ,מיוצר בהולנד עבור cb,NL,"חול מתגבש בעל פיזור מופחת, 5 קג",קילוגרמים,5.00,"ק""ג",false,1,59.00,11.8000,true,1,68675
5060424705368,false,WARRIOR חטיף קראנץ ב,וורקווין,GB,WARRIOR חטיף קראנץ בטעם קרמל מלוח 64 גר,גרמים,64.00,100 גרם,false,1,14.90,0.2328,true,1,70747
5060424705511,false,WARRIOR חטיף חלבון ק,תעשיות מזון בלאבאן,US,WARRIOR חטיף חלבון קראנץ שוקולד וקוקוס,גרמים,64.00,100 גרם,false,1,14.90,0.2328,true,1,71767
5060424705535,false,WARRIORשוקולד מריר ו,,GB,WARRIORשוקולד מריר ובוטנים 20גר חלבון,גרמים,64.00,100 גרם,false,1,14.90,0.2328,true,1,70107
5060517886486,false,משקה אנרגיה מונסטר פ,Monster energy סרביה,RU,"מונסטר אנרג'י פח 500 מ""ל",מיליליטרים,500.00,"100 מ""ל",false,1,7.90,0.0158,true,1,58700
5060517886547,false,משקה אנרגיה מונסטר ר,Monster energy סרביה,RU,"מונסטר אנרג'י רוזי פח 500 מ""ל",מיליליטרים,500.00,"100 מ""ל",false,1,7.90,0.0158,true,1,58702
5060519144102,false,חליטה  הרגשה חדשה 20,פוקה,GB,חליטה  הרגשה חדשה 20 שקיקים PUKKA,גרמים,40.00,100 גרם,false,1,29.90,0.7475,true,1,57710
5060639128051,false,מונסטר ULTRA פח 500,Monster energy סרביה,RS,"מונסטר ULTRA פח 500 מ""ל",מיליליטרים,500.00,"100 מ""ל",false,1,7.90,0.0158,true,1,60677
5060639129102,false,משקה אנרגיה מונסטר M,Monster energy סרביה,RS,"מונסטר Mango Loco פח 500 מ""ל",מיליליטרים,500.00,"100 מ""ל",false,1,7.90,0.0158,true,1,67763
5060751218173,false,משקה אנרגיה מונסטר פ,Monster energy סרביה,IE,"מונסטר פייפליין פאנץ' פח 500 מ""ל",מיליליטרים,500.00,"100 מ""ל",false,1,7.90,0.0158,true,1,70681
5060751219033,false,משקה אנרגיה מונסטר א,Monster energy סרביה,IE,"מונסטר  ULTRA PARADISE פח 500 מ""ל",מיליליטרים,500.00,"100 מ""ל",false,1,7.90,0.0158,true,1,70682
5060756342781,false,WARRIOR קרם עוגיות 2,,GB,WARRIOR קרם עוגיות 20גר חלבון 64גרם,גרמים,64.00,100 גרם,false,1,14.90,0.2328,true,1,70108
5060756343702,false,WARRIORחטיף חלבון קר,תעשיות מזון בלאבאן,US,WARRIORחטיף חלבון קראנץ פטל שוקולד מריר,גרמים,64.00,100 גרם,false,1,14.90,0.2328,true,1,71768
5065000523145,true,חליטת 3 גינגר 20שקיק,פוקה,GB,חליטת 3 גינגר 20שקיקים   PUKKA,גרמים,30.00,100 גרם,false,1,29.90,0.9967,true,1,51077
5099873017623,false,גק דניאלס תפוח 700 מ,מזקקת ג'ק דניאלס,BE,ליקר טנסי קינמון על בסיס ג'ק דניאל'ס,מיליליטרים,700.00,"100 מ""ל",false,1,129.90,0.1856,true,1,67764
5200133120476,false,גליליות וופלים 400 ג,יוניליוור גרמניה  Gm,GR,גליליות וופלים 400 גרם אגוזים וקקאו,גרמים,400.00,100 גרם,false,1,19.90,0.0497,true,1,47432
5201004020338,false,קפריס רולס קלאסיק 40,פפדופולוס,GR,קפריס רולס קלאסיק 400 גרם,גרמים,400.00,100 גרם,false,1,21.90,0.0547,true,1,56025
5201004021328,false,קפריס רולס קלאסיק 11,אי. ג'יי פאפאדופולוס,GR,קפריס רולס קלאסיק 115 גרם,גרמים,115.00,100 גרם,false,1,9.90,0.0861,true,1,71200
5201347400545,false,רצועות שעווה לפנים ו,רקיט בנקיזר,FR,רצועות שעווה מוכנות לפנים ויט 20 יחידות,יחידה,1.00,יחידה,false,1,31.90,31.9000,true,1,12764
5201360521241,false,קוראסון 7DAYS במילוי,ציפיטה,,קוראסון 7DAYS במילוי אישי 65 גרם,גרמים,65.00,100 גרם,false,1,4.50,0.0692,true,1,25542
5201360528769,false,קוראסון 7DAYS במילוי,ציפיטה,,קוראסון 7DAYS במילוי וניל אישי 60 גרם,גרמים,60.00,100 גרם,false,1,4.50,0.0750,true,1,50960
5201484021009,false,אוזו סאן ריבל,san rival,GR,"אוזו סאן ריבל 700 מ""ל",מיליליטרים,700.00,"100 מ""ל",false,1,89.90,0.1284,true,1,18333
5201940010110,false,זיתים שחורים טבעיים,סיוארס אס.איי,GR,זיתים שחורים טבעיים קלמטה 454 גרם,גרמים,454.00,100 גרם,false,1,16.90,0.0372,true,1,5902
5201940040117,false,זיתים ירוקים במלח דב,סוילה,GR,זיתים ירוקים במלח דברים טובים סגל 700 גר,גרמים,700.00,100 גרם,false,1,18.90,0.0270,true,1,71761
5201940050123,false,זיתים ירוקים במלח לל,סוילה,GR,זיתים ירוקים במלח ללא גלעין  דברים טובים סגל 700 ג,גרמים,700.00,100 גרם,false,1,18.90,0.0270,true,1,71762
5202302000039,true,זיתים שחורים טבעיים,לילייה פודס,GR,זיתים שחורים טבעיים קלמטה ליליה 275 גרם,גרמים,275.00,100 גרם,false,1,18.90,0.0687,true,1,34448
5202302020020,true,ממרח זיתי קלמטה לילי,לילייה פודס,GR,ממרח זיתי קלמטה ליליה 200 גרם,גרמים,200.00,100 גרם,false,1,17.90,0.0895,true,1,34449
5202390014192,false,צהובה טבעונית עם זית,פרוטרופיק סיה.,GR,צהובה טבעונית עם זיתים200 גרם ויולייף,גרמים,200.00,100 גרם,false,1,24.90,0.1245,true,1,32422
5202390014222,false,צהובה עגבניות בזיל ט,פרוטרופיק סיה.,GR,צהובה עגבניות בזיל טבעוני 200 גרם ויוליף,גרמים,200.00,100 גרם,false,1,24.90,0.1245,true,1,32410
5202390014239,false,צהובה עשבי תיבול טבע,פרוטרופיק סיה.,GR,צהובה עשבי תיבול טבעוני 200 גרם ויולייף,גרמים,200.00,100 גרם,false,1,24.90,0.1245,true,1,32411
5202390015618,false,צהובה אורגינל טבעוני,פרוטרופיק סיה.,GR,צהובה אורגינל טבעוני 200 גרם ויולייף,גרמים,200.00,100 גרם,false,1,24.90,0.1245,true,1,19085
5202390016325,false,צהובה מעושנת טבעוני,"אריביה אס.אי., יוון",GR,צהובה מעושנת טבעוני 200 גרם ויולייף,גרמים,200.00,100 גרם,false,1,24.90,0.1245,true,1,26081
5202390016967,false,צהובה עם פטריות טבעו,פרוטרופיק סיה.,GR,צהובה עם פטריות טבעוני 200 גרם ויולייף,גרמים,200.00,100 גרם,false,1,24.90,0.1245,true,1,25970
5202390020407,false,יוונית בסגנון פטה טב,פרוטרופיק סיה.,GR,יוונית בסגנון פטה טבעוני 200 גרם ויולייף,גרמים,200.00,100 גרם,false,1,27.90,0.1395,true,1,51042
5202390021121,false,קרמי אורגינל טבעוני,וויטרוס אס.אי.,GR,ויולייף קרמית טבעונית בסגנון אורגינלי 150 גרם,גרמים,150.00,100 גרם,false,1,21.90,0.1460,true,1,51041
5202795080709,false,"אוזו מטקסה 700 מ""ל",פארייפאבה אגרואינדוס,GR,"הכרם אוזו מטקסה, 700 מל",מיליליטרים,700.00,"100 מ""ל",false,1,89.90,0.1284,true,1,52461
5208049001452,false,גולדן ירוק 30 ג+ ניי,BAT,,גולדן ירוק 30 ג+ נייר PP פקט חפיסה,יחידה,1.00,יחידה,false,1,69.90,69.9000,false,1,57821
5208049001483,false,גולדן וירגיניה לבן30,,,גולדן וירגיניה לבן30 גר+ נייר גלגול P,גרמים,30.00,100 גרם,false,1,69.90,2.3300,true,1,57508
5208049001841,false,פאל מאל דמי קפסולה ב,גלוברנס,,פאל מאל דמי קפסולה בודד,יחידה,1.00,יחידה,false,1,26.40,26.4000,false,1,56998
5208049002473,false,סיגריות קנט ארוך חפי,BAT,,סיגריות קנט ארוך חפיסה בודד PP,יחידה,1.00,יחידה,false,1,37.80,37.8000,false,1,57542
5208049004781,false,סיגריות פאל מאל ברי,,,סיגריות,יחידה,1.00,יחידה,false,1,26.40,26.4000,false,1,67377
5208049006594,false,פאל מאל אקסטרה כחול,BAT,DE,פאל מאל אקסטרה כחול חפיסה,יחידה,1.00,יחידה,false,1,29.40,29.4000,true,1,71257
5208049006624,false,פאל מאל אקסטרה סילבר,BAT,DE,פאל מאל אקסטרה סילבר חפיסה,יחידה,1.00,יחידה,false,1,29.40,29.4000,true,1,71259
5410076933129,false,אבקת כביסה אריאל שוש,P&G,,"אבקת כביסה אריאל שושן צחור 3 ק""ג",קילוגרמים,3.00,"ק""ג",false,1,39.90,13.3000,true,1,13429
5410103161518,false,פלניטוד פ.משולשת,יושלם,,קרם לחות פ.משולשת רגיל,מיליליטרים,50.00,"100 מ""ל",false,1,52.90,1.0580,true,1,49806
5410126006360,false,לוטוס עוגיות סנדוויץ,מונדלייז,BE,לוטוס עוגיות סנדוויץ במילוי לוטוס 150 גר,גרמים,150.00,100 גרם,false,1,10.90,0.0727,true,1,69651
5410126006377,false,לוטוס עוגיות סנדוויץ,מונדלייז,BE,לוטוס עוגיות סנדוויץ במילוי וניל 150 גרם,גרמים,150.00,100 גרם,false,1,10.90,0.0727,true,1,69652
5410126106022,false,מארז חגים לוטוס 2 25,לוטוס בייקרי,BE,מארז חגים לוטוס 2 250 גרם,גרמים,250.00,100 גרם,false,1,23.90,0.0956,true,1,71359
5410126106183,false,ביסקוויט קרמל לוטוס,כלורוקס אוקלנד,BE,"ביסקויט קרמל 312 גרם בד""צ 50 יח ארוז בנפ",גרמים,312.00,100 גרם,false,1,22.90,0.0734,true,1,3195
5410126116953,false,ממרח לוטוס עוגיות קר,כלורוקס אוקלנד,BE,לוטוס ממרח עוגיות קרמל 400 גרם,גרמים,400.00,100 גרם,false,1,24.50,0.0613,true,1,15015
5410126126020,false,מארז שבועות עוגיות ל,,,מארז שבועות עוגיות לוטוס250גרם,גרמים,250.00,100 גרם,false,1,23.90,0.0956,true,1,68477
5410126716016,false,ביסקוויט לוטוס טעם ק,לוטוס ביקרי בלגיה,BE,"ביסקויט בטעם קרמל לוטוס 250 גרם בד""צ",גרמים,250.00,100 גרם,false,1,12.90,0.0516,true,1,1608
5410126726947,false,ממרח לוטוס עוגיות קר,כלורוקס אוקלנד,BE,ממרח עוגיות לוטוס קראנץ',גרמים,380.00,100 גרם,false,1,24.50,0.0645,true,1,19213
5410228142089,false,בירה לף בלונד בקבוק,אינבב,,"בירה לף בלונד בקבוק 330 מ""ל",מיליליטרים,330.00,"100 מ""ל",false,1,11.90,0.0361,true,1,70959
5410228146162,false,בירה לף ברון בקבוק 3,אינבב,BE,"בירה לף ברון בקבוק 330 מ""ל",מיליליטרים,330.00,"100 מ""ל",false,1,11.90,0.0361,true,1,7858
5410228217732,false,סטלה ארטואה - פחית 4,מנדלז סי.אר. פרודקשן,BE,בירה סטלה ארטואה בפחית 440 מל,מיליליטרים,440.00,"100 מ""ל",false,1,14.90,0.0339,true,1,67765
5410228267508,false,בירה באדוויזר בקבוק,"איי, בי, אינבוו",,בירה באדוויזר,מיליליטרים,330.00,"100 מ""ל",false,1,9.50,0.0288,true,1,56710
5410228267515,false,בירה באדוויזר שישייה,"איי, בי, אינבוו",,בירה באדוויזר,ליטרים,1.98,ליטר,false,1,37.90,19.1414,true,1,56709
5410316233446,false,וודקה סמירנוף אדום 2,דיאג'ו סקוטלנד בעמ,,סמירנוף וודקה 200 מל,מיליליטרים,200.00,"100 מ""ל",false,1,29.90,0.1495,true,1,27925
5410316983693,false,סמירנוף אייס בקבוק .,דיאג'ו אופריישנס,IT,סמירנוף אייס בודד,מיליליטרים,275.00,"100 מ""ל",false,1,13.90,0.0505,true,1,2789
5410316994019,false,וודקה סמירנוף אדום ב,תאי פרזידנט פוד פאבל,US,סמירנוף וודקה 700 מל,מיליליטרים,700.00,"100 מ""ל",false,1,69.90,0.0999,true,1,16740
5410769100081,false,בירה לה שוף בקבוק 33,"איי, בי, אינבוו",BE,לה שוף בירה חזקה ומעוננת 330 מל,מיליליטרים,330.00,"100 מ""ל",false,1,17.90,0.0542,true,1,10150
5410769200088,false,בירה מק שוף בקבוק 33,פארייפאבה אגרואינדוס,BE,"בירה מק שוף בקבוק 330 מ""ל",מיליליטרים,330.00,"100 מ""ל",false,1,17.90,0.0542,true,1,10151
5410769800097,false,בירה צרי שוף 8% בקבו,פארייפאבה אגרואינדוס,BE,"בירה צרי שוף 8% בקבוק 330 מ""ל",מיליליטרים,330.00,"100 מ""ל",false,1,17.90,0.0542,true,1,31534
5411081003654,false,בירה קסטל רוזי 330,יושלם,,בירה קסטל רוזי                     330,מיליליטרים,330.00,"100 מ""ל",false,1,12.90,0.0391,true,1,49458
5411188080268,false,משקה סויהאלפרו אורגנ,הנסיך- מפעל לייצור ט,BE,משקה סויה אלפרו ביו אורגני 1 ליטר,ליטרים,1.00,ליטר,false,1,15.90,15.9000,true,1,3824
5411188094159,false,מעדן סויה שוקולד בלג,אלפרו C.V.A,BE,אלפרו מעדן סויה שוקולד מריר 4*125מל,גרמים,500.00,100 גרם,false,1,19.90,0.0398,true,1,6497
5411188096108,false,שמנת לבישול אלפרו 25,אלפרו C.V.A,BE,"שמנת לבישול אלפרו 250 מ""ל",מיליליטרים,250.00,"100 מ""ל",false,1,10.90,0.0436,true,1,9240
5411188110835,false,משקה אלפרו חלב שקדים,אלפרו C.V.A,BE,אלפרו משקה שקדים 1ל,ליטרים,1.00,ליטר,false,1,15.90,15.9000,true,1,15819
5411188112549,false,משקה אלפרו אורז 1 לי,הנסיך- מפעל לייצור ט,BE,אלפרו משקה אורז 1ל,ליטרים,1.00,ליטר,false,1,15.90,15.9000,true,1,18830
5411188112709,false,אלפרו משקה שקדים ללא,אלפרו C.V.A,BE,אלפרו משקה שקדים ללס 1ל,ליטרים,1.00,ליטר,false,1,15.90,15.9000,true,1,20617
5411188115366,false,אלפרו.משקה שיבולת שו,הנסיך- מפעל לייצור ט,BE,אלפרו משקה שיבולת שועל 1 ליטר,ליטרים,1.00,ליטר,false,1,15.90,15.9000,true,1,69572
5411188115472,false,משקה סויה אלפרו 1ל,אלפרו C.V.A,BE,אלפרו משקה סויה  1ל,ליטרים,1.00,ליטר,false,1,15.90,15.9000,true,1,60936
5411188116905,false,אלפרו משקה סויה בטעם,אלפרו C.V.A,BE,אלפרו משקה סויה בטעם בננה 1ליטר,ליטרים,1.00,ליטר,false,1,15.90,15.9000,true,1,70554
5411188120742,false,משקה אלפרו שקדים בטע,הנסיך- מפעל לייצור ט,BE,אלפרו משקה שקדים וניל 1ל,ליטרים,1.00,ליטר,false,1,15.90,15.9000,true,1,25554
5411188121923,false,משקה סויה אלפרו סידן,אלפרו C.V.A,BE,אלפרו משקה סויה 3*250מל,מיליליטרים,750.00,"100 מ""ל",false,1,15.90,0.0212,true,1,31669
5411188127697,false,משקה בריסטה שיבולת ש,הנסיך- מפעל לייצור ט,BE,אלפרו בריסטה שיבולת שועל 1ל,ליטרים,1.00,ליטר,false,1,15.90,15.9000,true,1,60938
5411188134985,false,3.5%שומן  NOT MILK א,הנסיך- מפעל לייצור ט,BE,3.5%שומן  NOT MILK אלפרו שבולת שועל 1 לי,ליטרים,1.00,ליטר,false,1,14.90,14.9000,true,1,69245
5411188135005,false,1.8%שומן  NOT MILK א,הנסיך- מפעל לייצור ט,BE,1.8%שומן  NOT MILK אלפרו שבולת שועל 1 לי,ליטרים,1.00,ליטר,false,1,14.90,14.9000,true,1,68960
5411188300328,false,משקה סויה שוקו,אלפרו C.V.A,BE,אלפרו משקה סויה שוקו 1ל,ליטרים,1.00,ליטר,false,1,15.90,15.9000,true,1,19270
5411188543398,false,משקה סויה  אלפרו ללא,אלפרו C.V.A,BE,אלפרו משקה סויה ללס 1ל,ליטרים,1.00,ליטר,false,1,15.90,15.9000,true,1,60939
5411616002190,false,בירה מרטנס סטרונג 8.,שוורצקוף& הנקל דיסלד,BE,"בירה Strong מרטנס 500 מ""ל 8.5%",מיליליטרים,500.00,"100 מ""ל",false,1,7.90,0.0158,true,1,30699
5411616133245,false,בירה מרטנס לאגר פחית,שוורצקוף& הנקל דיסלד,BE,"בירה מרטנס ירוק פרימיום 500 מ""ל 5%",מיליליטרים,500.00,"100 מ""ל",false,1,7.90,0.0158,true,1,2957
5411616148546,false,בירה מרטנס גולד פחית,מיוצר בסין.יבוא ושיו,BE,בירה מרטנס גולד  500מל 6.5%,מיליליטרים,500.00,"100 מ""ל",false,1,7.90,0.0158,true,1,2564
5411681014005,false,בירה דובל בקבוק 330,פארייפאבה אגרואינדוס,IL,"בירה דובל בקבוק 330 מ""ל",מיליליטרים,330.00,"100 מ""ל",false,1,17.90,0.0542,true,1,1615
5411681038001,false,בירה מרדסו בקבוק 330,"איי, בי, אינבוו",BE,בירה מרדסו 10% כוהל 330 מל,מיליליטרים,330.00,"100 מ""ל",false,1,17.90,0.0542,true,1,25601
5411686700118,false,בירה ליפמנס קריק ברו,מנדלז סי.אר. פרודקשן,BE,"בירה ליפמנס קריק ברוט בקבוק 250 מ""ל",מיליליטרים,250.00,"100 מ""ל",false,1,11.90,0.0476,true,1,25761
5413149655522,false,אבקת כביסה אריאל שוש,פרוקטר אנד גמבל,,איראל אבקת כביסה שושן צחור 1.25 קג,קילוגרמים,1.25,"ק""ג",false,1,19.90,15.9200,true,1,7796
5413548280189,false,חטיף קינדר שוקו בון,פררו,BE,חטיף קינדר שוקו בון 125 גרם,גרמים,125.00,100 גרם,false,1,15.90,0.1272,true,1,1618
5449000131805,false,קוקה קולה זירו פחית,קוקה קולה,,"קוקה קולה זירו פחית 330 מ""ל",מיליליטרים,330.00,"100 מ""ל",false,1,5.90,0.0179,true,1,70152
5600286004072,false,תפוחונים אורגניים מת,נטורפוד,PT,תפוחונים אורגניים מתקתק 40 גרם נטורפוד,גרמים,40.00,100 גרם,false,1,9.90,0.2475,true,1,60416
5600286004089,false,תפוחונים אורגניים חמ,נטורפוד,PT,תפוחונים אורגניים חמצמץ 40 גרם נטורפוד,גרמים,40.00,100 גרם,false,1,9.90,0.2475,true,1,60417
5601010111035,false,סרדינים בשמן זית 125,רמירז קונסרב,PT,שימורי סרדינים בשמן זית,גרמים,125.00,100 גרם,false,1,12.90,0.1032,true,1,11543
5601010211087,false,סרדינים פילה בשמן זי,רמירז קונסרב,PT,שימורי סרדינים(פילה)בשמן זית,גרמים,100.00,100 גרם,false,1,13.50,0.1350,true,1,10623
5601045300022,false,משקה גוארנה אנטרטיקה,"איי, בי, אינבוו",PT,"גוארנה אנטרטיקה פחית צרה  330 מ""ל",מיליליטרים,330.00,"100 מ""ל",false,1,6.50,0.0197,true,1,7144
5701932026964,false,פופקורן עם מלח הוטפו,פופז בעמ,US,פופקורן עם מלח הוטפופ  600 גרם,גרמים,600.00,100 גרם,false,1,16.90,0.0282,true,1,1735
5701932026971,false,פופקורן עם חמאה הוטפ,"פופז בע""מ",US,הוט חמאה 600 ג') ב(12,גרמים,600.00,100 גרם,false,1,16.90,0.0282,true,1,1736
5701932026995,false,פופקורן לייט טבעי הו,פופז בעמ,US,פופקורן לייט טבעי הוטפופ 510 גרם,גרמים,510.00,100 גרם,false,1,16.90,0.0331,true,1,1737
5710840126130,false,טבק לעישון באלי תכלת,S.T.G,,טבק לעישון באלי תכלת חזק 40 גרם,גרמים,40.00,100 גרם,false,1,100.00,2.5000,true,1,23118
5710840186615,false,באלי סילבר אמריקן בל,,,באלי סילבר אמריקן בל,גרמים,40.00,100 גרם,false,1,100.00,2.5000,true,1,50812
5710840209437,false,באלי נטוראל 40 גר,,,באלי נטוראל 40 גר,גרמים,40.00,100 גרם,false,1,100.00,2.5000,true,1,58176
5710840210013,false,באלי לבן 40 גר,,,באלי לבן 40 גר,גרמים,40.00,100 גרם,false,1,100.00,2.5000,true,1,58175
5711953106583,false,ארלה גבינת שמנת טבעי,ארלה פודס אמבה,DK,ארלה גבינת שמנת טבעי,גרמים,200.00,100 גרם,false,1,17.90,0.0895,true,1,57320
5711953106590,false,ארלה גבינת שמנת שום,ארלה פודס אמבה,DK,ארלה גבינת שמנת שום,גרמים,200.00,100 גרם,false,1,17.90,0.0895,true,1,57321
5711953106606,false,ארלה גבינת שמנת עשבי,ארלה פודס אמבה,DK,ארלה גבינת שמנת עשבי תיבול,גרמים,200.00,100 גרם,false,1,17.90,0.0895,true,1,57322
5740900403215,true,ממרח לורפק עם מלח 25,ארלה פודס אמבה,DK,ממרח לורפק עם מלח 250,גרמים,250.00,100 גרם,false,1,18.90,0.0756,true,1,50048
5740900403222,true,ממרח לורפק עם מלח מו,ארלה פודס אמבה,DK,ממרח לורפק עם מלח מופחת שומן,גרמים,250.00,100 גרם,false,1,20.90,0.0836,true,1,50049
5740900403239,true,ממרח לורפק ללא מלח 2,ארלה פודס אמבה,DK,ממרח לורפק בלי מלח 250,גרמים,250.00,100 גרם,false,1,20.90,0.0836,true,1,50050
5740900403260,false,ממרח לורפק ללא מלח מ,ארלה פודס אמבה,DK,ממרח לורפק ללא מלח מופחת שומן,גרמים,250.00,100 גרם,false,1,20.90,0.0836,true,1,50053
5740900403284,false,ממרח לורפק 200 גר לל,ארלה דודס,DK,ממרח לורפק 200 גר ללא מלח,גרמים,200.00,100 גרם,false,1,12.50,0.0625,true,1,60788
5740900403864,false,לורפק חמאה עם מלח 20,ארזינא,DK,לורפק חמאה עם מלח 200 גרם,גרמים,200.00,100 גרם,false,1,12.90,0.0645,true,1,69112
5900020012814,false,דגני בוקר נסקוויק 50,מיוצר עי קונדיטוריית,PL,דגני בוקר נסקוויק 500 גרם,גרמים,500.00,100 גרם,false,1,27.90,0.0558,true,1,8975
5900020026552,false,דגני האני נאט ציריוס,סי. פי. צרפת,FR,דגני האני נאט ציריוס  625 גרם,גרמים,625.00,100 גרם,false,1,27.90,0.0446,true,1,26505
5900512300108,false,MASLO חמאה פולנית 82,,PL,MASLO חמאה פולנית 82%  200 גרם,גרמים,200.00,100 גרם,false,1,7.90,0.0395,true,1,58516
5900512985916,false,חמאה BUTTER  82.5% ל,באטר פקטורי,UA,חמאה BUTTER  82.5% ללא מלח 200 גרם,גרמים,200.00,100 גרם,false,1,7.90,0.0395,true,1,60151
5900617035882,false,חטיף חלבון נוטרישיין,גרנייה,NL,חטיף חלבון נוטרישיין שוקולד50גרם,גרמים,50.00,100 גרם,false,1,12.90,0.2580,true,1,70444
5900617035905,false,חטיף חלבון נוטרישיין,גרנייה,NL,חטיף חלבון נוטרישיין קרמל מלוח 50גרם,גרמים,50.00,100 גרם,false,1,12.90,0.2580,true,1,70443
5900617035929,false,חטיף חלבון נוטרישיין,גרנייה,NL,חטיף חלבון נוטרישיין  וניל תות יער 50גרם,גרמים,50.00,100 גרם,false,1,12.90,0.2580,true,1,70445
5900907000583,false,מלפפונים בחומץ 920גר,ברצה אורבנק,,מלפפונים בחומץ 920גרם,גרמים,920.00,100 גרם,false,1,16.90,0.0184,true,1,71843
5900907000965,false,פטיסון בחומץ 910 גרם,אורבנק,PL,פטיסון בחומץ 910 גרם,גרמים,910.00,100 גרם,false,1,21.90,0.0241,true,1,71851
5900907001429,false,אסורטי 920 גרםURBAN,יושלם,,אסורטי 910גרם,גרמים,910.00,100 גרם,false,1,16.90,0.0186,true,1,71844
5900907001450,false,מלפפון במלח 910 גרם,אורבנק,PL,מלפפון במלח 910 גרם,גרמים,910.00,100 גרם,false,1,16.90,0.0186,true,1,71850
5900907001474,false,עגבניות אדומות בחומץ,,,עגבניות אדומות בחומץ 920 גרם,גרמים,920.00,100 גרם,false,1,16.90,0.0184,true,1,72007
5900907001597,false,כרוב כבוש עם גזר 900,אורבנק,PL,כרוב כבוש עם גזר 900 גרם,גרמים,900.00,100 גרם,false,1,16.90,0.0188,true,1,71852
5900907001719,false,תערובת מלפפונים ועגב,סגל דברים טובים,IL,תערובת מלפפונים ועגבניות,גרמים,910.00,100 גרם,false,1,16.90,0.0186,true,1,71849
5900951283963,false,dro סניקרס קרימי ח.ב,סנו מפעלי ברונוס.,PL,dro סניקרס קרימי ח.בוטנים 36.5,גרמים,37.00,100 גרם,false,1,4.90,0.1324,true,1,70191
5902047170294,false,"פילטר סילבר סטאר 6מ""",,,"פילטר סילבר סטאר 6מ""מ קצר",יחידה,1.00,יחידה,false,1,5.00,5.0000,true,1,70505
5902047174223,false,פילטר סילסר סטאר 5.3,,,"פילטר סילסר סטאר 5.3מ""מ ארוך",יחידה,1.00,יחידה,false,1,5.00,5.0000,true,1,70503
5902198160403,false,משקה אנרגיה XL TEN,"טמפו משקאות בע""מ",IL,"משקה אנרגיה XL TEN  פחית 250 מ""ל",מיליליטרים,250.00,"100 מ""ל",false,1,5.50,0.0220,true,1,29852
5904941750312,false,משקה אנרגיה BLU דיי,אקו - ביט,PL,בלו משקה אנרגיה מוגז 250 מל,מיליליטרים,250.00,"100 מ""ל",false,1,4.50,0.0180,true,1,15720
5904941751241,false,משקה אנרגיה בלו דיי,אקו - ביט,PL,בלו משקה אנרגיה מוגז 250 מל,מיליליטרים,250.00,"100 מ""ל",false,1,4.50,0.0180,true,1,60688
5904941751302,false,משקה אנרגיה BLU  פחי,אקו - ביט,PL,בלו משקה אנרגיה מוגז 250 מל,מיליליטרים,250.00,"100 מ""ל",false,1,4.50,0.0180,true,1,7585
5904941751524,false,משקה אנרגיה BLU דיי,אקו - ביט,PL,בלו משקה אנרגיה מוגז 250 מל,מיליליטרים,250.00,"100 מ""ל",false,1,4.50,0.0180,true,1,15721
5904941751715,false,משקה אנרגיה BLU חמוצ,אקו - ביט,PL,בלו משקה אנרגיה מוגז 250 מל,מיליליטרים,250.00,"100 מ""ל",false,1,4.50,0.0180,true,1,9912
5904941751920,false,משקה אנרגיה BLU דיי,אקו - ביט,PL,בלו משקה אנרגיה מוגז 250 מל,מיליליטרים,250.00,"100 מ""ל",false,1,4.50,0.0180,true,1,13772
5904941752262,false,משקה אנרגיה בלו 6 קל,הנסיך- מפעל לייצור ט,PL,בלו משקה אנרגיה מוגז 250 מל,מיליליטרים,250.00,"100 מ""ל",false,1,4.50,0.0180,true,1,60687
5905643070852,false,פטל בסירופ קל 400 גר,,PL,פטל בסירופ קל 400 גרם,גרמים,400.00,100 גרם,false,1,12.90,0.0323,true,1,71846
5905643070869,false,אוכ כחולות בסירופ קל,"קזברוק,ג'.א. קסול",PL,אוכ כחולות בסירופ קל 400 גרם,גרמים,400.00,100 גרם,false,1,12.90,0.0323,true,1,71848
5905643070883,false,סירופ תות שדה,,PL,תות שדה בסירופ קל 400 גרם,גרמים,400.00,100 גרם,false,1,12.90,0.0323,true,1,71845
5905643070906,false,תערובת פירות בסירופ,העידן האורגני,,תערובת פירות בסירופ קל 400 גרם,גרמים,400.00,100 גרם,false,1,12.90,0.0323,true,1,71847
5906485301012,false,משקה אנרגיה XL פחית,"טמפו משקאות בע""מ",IL,אקס אל אנרג'י דרינק משקה אנרגיה מוגז,מיליליטרים,250.00,"100 מ""ל",false,1,5.50,0.0220,true,1,5078
5998623526739,false,יין גוורצטרמינר סי ג,דנוביאנה,HU,"יין גוורצטרמינר סי גראס 750 מ""ל",מיליליטרים,750.00,"100 מ""ל",false,1,49.90,0.0665,true,1,53257
6001067027324,false,קולגייט מברשת שיניים,קולגייט - פלמוליב,CN,קולגייט מברשת ילדים בארבי-ספייד חשמלית,יחידה,1.00,יחידה,false,1,54.90,54.9000,true,1,68707
6008165003984,false,סיגריות פאל מל כחול,אמריקן גרדן,,סיגריות פאל מל כחול סטרים חפיסה בודד,לא מנהל יחידת מידה,0.00,לא מנהל יחידת מידה,false,1,30.50,0.0000,false,1,17067
6008165271192,false,סיגריות פאל מל ארוך,אמריקן גרדן,,סיגריות פאל מל ארוך אדום חפיסה בודד,לא מנהל יחידת מידה,0.00,לא מנהל יחידת מידה,false,1,30.50,0.0000,false,1,16445
6008165274629,false,סיגריות פאל מאל כחול,יושלם,,סיגריות פאל מאל כחול ארוך סטרים חפיסה בו,לא מנהל יחידת מידה,0.00,לא מנהל יחידת מידה,false,1,30.50,0.0000,false,1,24501
6086142556890,true,בזיליקום אורגני,מושב אחיטוב,IL,בזיליקום אורגני,יחידה,1.00,יחידה,false,1,9.90,9.9000,true,1,68731
6086142557194,false,עלי חסה אורגניים 350,חקלאי,IL,עלי חסה אורגניים 350 גרם,גרמים,350.00,100 גרם,false,1,16.90,0.0483,true,1,68726
6253341100029,false,טחינה עאייש 100% שומ,עומר עאייש שכם,PS,טחינה עאייש 100% שומשום 450 גרם,גרמים,450.00,100 גרם,false,1,17.90,0.0398,true,1,56191
6912977000140,false,איטריות שעועית 250 ג,Yantai Yinsida Longk,CN,אטריות שעועית ללא גלוטן 250 גרם,גרמים,250.00,100 גרם,false,1,9.90,0.0396,true,1,70284
6921052701001,false,אצות וואקמה 40 גרם ר,Yan Wal Yun Corpora,TH,אצות וואקמה 40 גרם רונגצאנג,גרמים,40.00,100 גרם,false,1,10.90,0.2725,true,1,70292
6922276100083,false,מחית וואסבי,Qingdao Sun-growing,CN,מחית וואסבי 43 גרם,גרמים,43.00,100 גרם,false,1,10.90,0.2535,true,1,70276
6928542902795,false,פרש דפי ריענון כחול,שאטו בלוו,CN,פרש דפי ריענון כחול,לא מנהל יחידת מידה,0.00,לא מנהל יחידת מידה,false,1,7.90,0.0000,true,1,62381
6928542902801,false,פרש דפי ריענון מנטה,שאטו בלוו,CN,פרש דפי ריענון מנטה ירוק,לא מנהל יחידת מידה,0.00,לא מנהל יחידת מידה,false,1,7.90,0.0000,true,1,62382
6928542902818,false,סטריפס בטעם תות 12 י,שאטו בלוו,CN,פרש דפי ריענון תות אדום,לא מנהל יחידת מידה,0.00,לא מנהל יחידת מידה,false,1,7.90,0.0000,true,1,62383
6936065466502,false,מטריה ילדים,סיגו ינקו,,מטריה ילדים,מיליליטרים,0.00,"100 מ""ל",false,1,19.90,0.0000,true,1,27535
6936745600462,false,מירין,Qingdao Sun-growing,CN,מירין 500 מל,מיליליטרים,500.00,"100 מ""ל",false,1,21.90,0.0438,true,1,70281
6971060682557,false,ס.אלקטרונית ק.פרו בנ,shenzhen hot technol,CN,ס.אלקטרונית ק.פרו בנ.אייס 2000 שאיפות,יחידה,1.00,יחידה,false,1,59.90,59.9000,false,1,68826
6971060682656,false,ס. אלקטרונית ק. פרו,shenzhen hot technol,CN,ס. אלקטרונית ק. פרו תות לימון 2000 שאיפו,יחידה,1.00,יחידה,false,1,59.90,59.9000,false,1,70122
6971060683226,false,ס.אלקטרונית ק.פרו 28,shenzhen hot technol,CN,ס.אלקטרונית ק.פרו 2800 שאיפות ליצי,יחידה,1.00,יחידה,false,1,79.90,79.9000,false,1,70230
6971060683561,false,ס. אלקטרונית ק. פרו,shenzhen hot technol,CN,ס. אלקטרונית ק. פרו אבטיח סוכריה 2000 שא,יחידה,1.00,יחידה,false,1,59.90,59.9000,false,1,70120
6971060684070,false,קובי פרו פינה קולדה,shenzhen shengsi,CN,קובי פרו פינה קולדה 2000 שאיפות,יחידה,1.00,יחידה,false,1,99.90,99.9000,false,1,70662
6973826700871,false,HQD ס.אלקטרונית אוכמ,shenzhen hot technol,CN,HQD ס.אלקטרונית אוכמניות 2000 שאיפות 1/12,יחידה,1.00,יחידה,false,1,109.90,109.9000,false,1,69691
6973826700895,false,HQD ס.אלקטרונית ענבי,shenzhen hot technol,CN,HQD ס.אלקטרונית ענבים 2000 שאיפות 1/12,יחידה,1.00,יחידה,false,1,109.90,109.9000,false,1,69694
6973826700918,false,HQD ס.אלקטרונית מנטה,shenzhen hot technol,CN,HQD ס.אלקטרונית מנטה אייס 2000 שאיפות 1/,יחידה,1.00,יחידה,false,1,109.90,109.9000,false,1,69692
6974706640027,false,סיגריה אלקטרונית סמא,shenzhen hot technol,CN,סיגריה אלקטרונית סמארט אבטיח אייס 3000 שאיפות,יחידה,1.00,יחידה,false,1,99.90,99.9000,true,1,71626
7070646288653,false,מקס 100בטעם קרמל מלו,הרת'סייד פוד סולושיי,GB,מקס 100בטעם קרמל מלוח,גרמים,100.00,100 גרם,false,1,18.90,0.1890,true,1,68752
7070646288738,false,מקס 100בטעם קרמל שקד,הרת'סייד פוד סולושיי,GB,מקס 100בטעם קרמל שקדים,גרמים,100.00,100 גרם,false,1,18.90,0.1890,true,1,68751
7070646289629,false,מקס 100בטעם קרמל קשי,הרת'סייד פוד סולושיי,GB,מקס 100בטעם קרמל קשיו,גרמים,100.00,100 גרם,false,1,18.90,0.1890,true,1,68750
7262626055168,false,חפיסת קלפי משחק,,,חפיסת קלפי משחק,יחידה,1.00,יחידה,false,1,21.90,21.9000,true,1,59903
7271730901261,false,פסטה עם גבינה 156 גר,נטו מלינדה-בשר,US,ארוחת אטריות עם רוטב גבינה,גרמים,156.00,100 גרם,false,1,12.90,0.0827,true,1,15428
7290000003337,true,רולר דביק לניקוי פרו,,,רולר דביק לניקוי פרווה,יחידה,1.00,יחידה,false,1,3.00,3.0000,true,1,50908
7290000008384,false,דונאטס במגוון טעמים,פילסברי,IL,דונאטס במגוון טעמים,יחידה,1.00,יחידה,false,1,8.50,8.5000,true,1,60770
7290000023083,false,ערק אשקלון 40% בקבוק,"איי, בי, אינבוו",IL,"ערק אשקלון 700 מ""ל",מיליליטרים,700.00,"100 מ""ל",false,1,64.90,0.0927,true,1,18637
7290000023809,false,יין ברקן קלאסיק קברנ,"איי, בי, אינבוו",IL,ברקן קלאסיק קברנה סוביניון יין אדום יבש 2015,מיליליטרים,750.00,"100 מ""ל",false,1,34.90,0.0465,true,1,511
7290000023816,false,יין ברקן קלאסיק אמרל,"איי, בי, אינבוו",IL,ברקן קלאסיק אמרלד ריזלינג יין לבן חצי יבש 2016,מיליליטרים,750.00,"100 מ""ל",false,1,34.90,0.0465,true,1,512
7290000023847,false,יין ברקן קלאסיק שרדו,יקבי ברקן שיווק והפצ,IL,"יין ברקן קלאסיק שרדונה 750 מ""ל",מיליליטרים,750.00,"100 מ""ל",false,1,34.90,0.0465,true,1,517
7290000023977,false,יין ברקן קלאסיק מרלו,"איי, בי, אינבוו",IL,ברקן קלאסיק מרלו יין אדום יבש 2015 750 מל,מיליליטרים,750.00,"100 מ""ל",false,1,34.90,0.0465,true,1,520
7290000024523,false,מיץ ענבים תירוש סגל,כרמי צבי - האחים סגל,IL,מיץ ענבים תירוש סגל 1 ליטר,ליטרים,1.00,ליטר,false,1,15.90,15.9000,true,1,21214
7290000034256,false,עוגיות תירוש 175 גרם,אפיפית,,עוגיות תירוש 175 גרם,גרמים,175.00,100 גרם,false,1,10.50,0.0600,true,1,942
7290000040042,false,יוגורט יופלה תות 3%,תנובה בעמ,IL,יופלה יוגורט תות %3 גביע 150 גרם,גרמים,150.00,100 גרם,false,1,5.50,0.0367,true,1,1118
7290000040066,false,יוגורט יופלה דובדבן,תנובה בעמ,IL,יופלה יוגורט דובדבן %3 גביע 150 גרם,גרמים,150.00,100 גרם,false,1,5.50,0.0367,true,1,1123
7290000040080,false,יוגורט יופלה אפרסק 3,תנובה בעמ,IL,יופלה יוגורט אפרסק %3 גביע 150 גרם,גרמים,150.00,100 גרם,false,1,5.50,0.0367,true,1,1124
7290000040301,false,גבינה קולאז קממבר 12,תנובה,IL,קממבר 24%,גרמים,125.00,100 גרם,false,1,22.90,0.1832,true,1,1152
7290000040318,false,גבינת ברי קולאז 125,תנובה,IL,גבינת ברי קולאז 125 גרם קולקשיין,גרמים,125.00,100 גרם,false,1,21.60,0.1728,true,1,1153
7290000040462,false,גבינה מותכת טוסטי 22,"תנובה, מחלבת תל יוסף",IL,גבינה מותכת טוסטי 22% אדם 200 גרם,גרמים,200.00,100 גרם,false,1,20.90,0.1045,true,1,1154
7290000040974,false,חלב דל לקטוז 2% בקרט,"תנובה, מחלבת רחובות",IL,חלב תנובה דל לקטוז 2% שומן 1 ליטר,ליטרים,1.00,ליטר,false,1,7.50,7.5000,true,1,11058
7290000041094,false,תפוז,חקלאי,IL,תפוז,קילוגרמים,1.00,"ק""ג",true,1,11.90,11.9000,true,1,71465
7290000041452,false,קוטג 9%מהדרין,מחלבת אלון תבור,IL,"קוטג250 9% ""גר.מהדרין",גרמים,250.00,100 גרם,false,1,5.70,0.0228,true,1,71853
7290000041858,false,שמנת יטבתה מעושרת 20,מחלבת יטבתה,IL,שמנת חמוצה 15% מועשרת מהדרין,מיליליטרים,200.00,"100 מ""ל",false,1,2.40,0.0120,true,1,1234
7290000041872,false,לבן מעושר יטבתה 3%,מחלבת יטבתה,IL,לבן מעושר יטבתה 3%  200 גרם,גרמים,200.00,100 גרם,false,1,2.40,0.0120,true,1,1236
7290000042022,false,חלב 1% על הבוקר קרטו,תנובה,IL,תנובה משקה חלב בטעם וניל 1% 1 ליטר,ליטרים,1.00,ליטר,false,1,8.50,8.5000,true,1,1251
7290000042244,false,חלב 3% בכד 2 ליטר,"תנובה, מחלבת רחובות",IL,חלב תנובה טרי 3% 2 ליטר,ליטרים,2.00,ליטר,false,1,12.46,6.2300,true,1,1258
7290000042435,false,חלב 1% קרטון פיקוח 1,תנובה,IL,תנובה חלב טרי 1% שומן,ליטרים,1.00,ליטר,false,1,5.86,5.8600,true,1,1261
7290000042503,false,חלב עמיד3% קרטון 1 ל,תנובה,IL,תנובה חלב עמיד 3% שומן 1 ליטר,ליטרים,1.00,ליטר,false,1,7.20,7.2000,true,1,1264
7290000042640,false,"חלב עמיד 250 מ""ל",תנובה,IL,תנובה חלב עמיד 3% שומן 250 מל,מיליליטרים,250.00,"100 מ""ל",false,1,2.90,0.0116,true,1,2551
7290000042855,false,שוקו יטבתה בשקית 225,שטראוס גרופ,,"שוקו יטבתה בשקית 225 מ""ל",מיליליטרים,225.00,"100 מ""ל",false,1,2.60,0.0116,true,1,1267
7290000043012,false,שוקו עמיד 2% בקרטון,תנובה,IL,תנובה שוקו עמיד 2% שומן 250 מל,מיליליטרים,250.00,"100 מ""ל",false,1,5.60,0.0224,true,1,1268
7290000043111,false,חמאה תנובה 200 גרם,"תנובה, מחלבת תל יוסף",IL,חמאה תנובה 200 גרם,גרמים,200.00,100 גרם,false,1,7.90,0.0395,true,1,1269
7290000043814,false,שמנת מתוקה עמידה 38%,תנובה,IL,השף הלבן שמנת להקצפה 38% שומן 250 מל,מיליליטרים,250.00,"100 מ""ל",false,1,6.47,0.0259,true,1,1297
7290000043890,false,רויון בקרטון 1 ליטר,תנובה,IL,תנובה רויון לבן מחלב מפסוטר 1.5% 1 ליטר,ליטרים,1.00,ליטר,false,1,12.00,12.0000,true,1,1298
7290000043944,false,יוגורט 4.5% בכד תנוב,מחלבת אלון תבור,IL,יוגורט 4.5% בכד תנובה 1.5 ליטר,ליטרים,1.50,ליטר,false,1,16.90,11.2667,true,1,1299
7290000044712,false,"פרילי תות 500 מ""ל",מחלבת אלון תבור,IL,"פרילי תות 500 מ""ל",מיליליטרים,500.00,"100 מ""ל",false,1,12.30,0.0246,true,1,1307
7290000044880,false,"באדי תות 3%  500 מ""ל",מחלבת אלון תבור,IL,"באדי תות 3%  500 מ""ל",מיליליטרים,500.00,"100 מ""ל",false,1,10.90,0.0218,true,1,1308
7290000045573,false,גבינה מותכת נעמה 200,תנובה,IL,נעמה גבינה מותכת משולשים 25% שומן,גרמים,200.00,100 גרם,false,1,17.50,0.0875,true,1,1334
7290000045580,false,גבינה מותכת חורש 240,תנובה,IL,נעמה גבינה מותכת משולשים 25% שומן,גרמים,240.00,100 גרם,false,1,20.50,0.0854,true,1,1335
7290000045917,false,גבינה צאן פרומעז גלי,תנובה,IL,תנובה פרומעז גבינה מותכת מחלב עיזים 23% שומן,גרמים,200.00,100 גרם,false,1,27.90,0.1395,true,1,1343
7290000046327,false,גבינה צהובה גלבוע פר,"תנובה, מחלבת תל יוסף",IL,גלבוע גבינה צהובה חצי קשה פרוס 22% שומן,גרמים,200.00,100 גרם,false,1,13.90,0.0695,true,1,1353
7290000047546,false,גבינה כנען 5% שומן,תנובה,IL,גבינה כנען500 גרם 5% שומן,גרמים,500.00,100 גרם,false,1,25.90,0.0518,true,1,61428
7290000047621,false,גבינה למריחה 5% תנוב,מחלבת אלון תבור,IL,גבינה לבנה 5% 250 גרם בדצ,גרמים,250.00,100 גרם,false,1,4.98,0.0199,true,1,3226
7290000048185,false,גבינה למריחה 5% תנוב,מחלבת אלון תבור,IL,גבינה למריחה 5% תנובה פיקוח 250 גרם,גרמים,250.00,100 גרם,false,1,4.98,0.0199,true,1,1396
7290000048192,false,גבינה למריחה 9% תנוב,מחלבת אלון תבור,IL,גבינה למריחה 9% תנובה 250 גרם,גרמים,250.00,100 גרם,false,1,4.80,0.0192,true,1,1397
7290000048307,false,קוטג 5% זיתים 250 גר,מחלבת אלון תבור,IL,קוטג 5% זיתים 250 גרם,גרמים,250.00,100 גרם,false,1,6.10,0.0244,true,1,1403
7290000048413,false,גבינת חמד פיראוס בשק,תנובה,IL,פיראוס חמד גבינה כפרית מלוחה 16% שומן,גרמים,250.00,100 גרם,false,1,18.90,0.0756,true,1,1407
7290000048437,false,גבינה צפתית 5% פיראו,תנובה מחלבת טנא נוגה,IL,גבינה צפתית 5% שומן,גרמים,200.00,100 גרם,false,1,15.90,0.0795,true,1,1408
7290000049458,false,גבינת פטה עזים 16% פ,תנובה,IL,פיראוס פטה עיזים 16% שומן,גרמים,250.00,100 גרם,false,1,29.90,0.1196,true,1,1427
7290000050447,false,יופלה תות 500 גרם,תנובה בעמ,IL,יופלה תות 3% גביע 500 גרם,גרמים,500.00,100 גרם,false,1,13.90,0.0278,true,1,8014
7290000050454,false,יופלה אפרסק 500 גרם,תנובה בעמ,IL,יופלה אפרסק 3% גביע 500 גרם,גרמים,500.00,100 גרם,false,1,13.90,0.0278,true,1,8015
7290000051352,false,חלב של פעם 3.5% /3.8,הרדוף תוצרת מזון אור,IL,חלב מלא בטעם של פעם 3.8% שומן 1 ליטר,ליטרים,1.00,ליטר,false,1,7.80,7.8000,true,1,8457
7290000051376,false,יוגורט יופלה דיאט אנ,תנובה בעמ,IL,יופלה דיאט אננס גביע 150 גרם,גרמים,150.00,100 גרם,false,1,5.50,0.0367,true,1,8743
7290000051710,false,גבינת לאבנה שמן זית,"תנובה, מחלבת אלון תב",IL,פיראוס לאבנה אסלית עם שמן זית וזעתר על בסיס יוגורט,גרמים,263.00,100 גרם,false,1,14.90,0.0567,true,1,8744
7290000052304,false,משקה מוקה בקבוק 340,תנובה,IL,תנובה משקה על בסיס חלב בטעם מוקה,מיליליטרים,340.00,"100 מ""ל",false,1,8.50,0.0250,true,1,9687
7290000052311,false,גבינה עמק 15% פרוס 2,תנובה,IL,עמק פרוסות גבינה צהובה חצי קשה 15% מופחתת שומן,גרמים,200.00,100 גרם,false,1,16.90,0.0845,true,1,9945
7290000052717,false,קוטג 5% עם שום שמיר,מחלבת אלון תבור,IL,קוטג 5% עם שום שמיר 250 גרם,גרמים,250.00,100 גרם,false,1,6.10,0.0244,true,1,14640
7290000055015,false,גבינה פטה כבשים 5% פ,תנובה מחלבת טנא נוגה,IL,פיראוס פטה כבשים גבינה מלוחה 5% שומן,גרמים,250.00,100 גרם,false,1,29.90,0.1196,true,1,11136
7290000055206,false,גבינה לבנה 5% בצל מט,מחלבת אלון תבור,IL,גבינה לבנה 5% בצל מטוגן 250 גרם,גרמים,250.00,100 גרם,false,1,5.90,0.0236,true,1,12455
7290000055329,false,משקה יוגורט יופלה תו,תנובה בעמ,IL,"משקה יוגורט יופלה תות מלון 250 מ""ל",מיליליטרים,250.00,"100 מ""ל",false,1,5.90,0.0236,true,1,11458
7290000055336,false,משקה יוגורט יופלה בנ,תנובה בעמ,IL,"משקה יוגורט יופלה בננה אפרסק 250 מ""ל",מיליליטרים,250.00,"100 מ""ל",false,1,5.90,0.0236,true,1,11459
7290000055343,false,משקה יוגורט יופלה טר,תנובה בעמ,IL,"משקה יוגורט יופלה טרופי 250 מ""ל",מיליליטרים,250.00,"100 מ""ל",false,1,5.90,0.0236,true,1,11460
7290000055893,false,חמאה תנובה 200 גרם,תנובה,IL,חמאה תנובה 200 גרם,גרמים,200.00,100 גרם,false,1,7.90,0.0395,true,1,51601
7290000056272,false,גבינה לבנה 5% זיתים,מחלבת אלון תבור,IL,גבינה לבנה 5% זיתים 250 גרם,גרמים,250.00,100 גרם,false,1,5.90,0.0236,true,1,12484
7290000056845,false,חלב 3% קרטון פיקוח 1,"תנובה, מחלבת רחובות",IL,תנובה חלב טרי 3% שומן אריזת נוחות,ליטרים,1.50,ליטר,false,1,9.34,6.2267,true,1,12701
7290000057088,false,גבינה עמק 28% דק 200,תנובה,IL,גבינה עמק 28% דק 200 גרם,גרמים,200.00,100 גרם,false,1,16.90,0.0845,true,1,12715
7290000057118,false,גבינה צהובה עמק קלאס,תנובה,IL,גבינת עמק קלאסית חצי קשה פרוסות 28% שומן,גרמים,400.00,100 גרם,false,1,23.10,0.0578,true,1,12766
7290000057132,false,יוגורט ביו 1.5% תנוב,מחלבת אלון תבור,IL,יוגורט ביו 1.5% תנובה 200 גרם,גרמים,200.00,100 גרם,false,1,3.50,0.0175,true,1,12716
7290000057149,false,יוגורט ביו  3% תנובה,מחלבת אלון תבור,IL,יוגורט ביו  3% תנובה 200 גרם,גרמים,200.00,100 גרם,false,1,3.20,0.0160,true,1,12717
7290000057552,false,יוגורט יופלה דיאט ע.,תנובה בעמ,IL,יוגורט יופלה דיאט ע.גבינה ותות 150 גרם,גרמים,150.00,100 גרם,false,1,5.50,0.0367,true,1,14407
7290000058047,false,שמנת מתוקה,תנובה,IL,שמנת מתוקה להקצפה 500 38% גרם,מיליליטרים,500.00,"100 מ""ל",false,1,12.94,0.0259,true,1,71056
7290000058580,false,קוקילידה 80 גרם,תות תעשיות מזון (201,IL,נסטלה קוקילידה 28*80גרם,גרמים,80.00,100 גרם,false,1,9.90,0.1238,true,1,2862
7290000060071,false,חטיפי פריכונים טבעי,"מיוצר ע""י PT, משווק",IL,אסם חטיפי פריכונים טבעי 12*80גרם,גרמים,80.00,100 גרם,false,1,8.50,0.1063,true,1,1828
7290000060088,false,בייגלה מקלות מלוחים,מיוצר עי קונדיטוריית,IL,אסם בייגלה מקלות מלוחים 12*400גרם,גרמים,400.00,100 גרם,false,1,14.50,0.0363,true,1,3980
7290000060163,false,אטריות דקות 400 גרם,"אסם השקעות בע""מ",IL,אסם אטריות דקות 12*400גרם,גרמים,400.00,100 גרם,false,1,8.90,0.0223,true,1,1833
7290000060200,false,פתיתים אפויים קוסקוס,"אסם השקעות בע""מ",IL,פתיתים אפויים קוסקוס 500 גרם,גרמים,500.00,100 גרם,false,1,7.90,0.0158,true,1,1834
7290000060576,false,פתיתים אפויים כוכבים,"אסם השקעות בע""מ",IL,אסם פתיתים אפויים כוכבים 12*500גרם,גרמים,500.00,100 גרם,false,1,7.90,0.0158,true,1,1839
7290000060781,false,פסטה מסולסלים אסם 50,פסטה זארה,IT,אסם פסטה מסולסלים לאחר הפסח 12*500גרם,גרמים,500.00,100 גרם,false,1,6.90,0.0138,true,1,1840
7290000060811,false,טילון אקסטרים ענק מט,תות תעשיות מזון (201,IL,אקסטרים ענק מטבע שוקולד 18*120גרם,גרמים,141.00,100 גרם,false,1,9.90,0.0702,true,1,1841
7290000060828,false,פסטה קרניים בינוניות,פסטה זארה,IT,אסם פסטה קרניים בינוניות 12*500גרם,גרמים,500.00,100 גרם,false,1,6.90,0.0138,true,1,1842
7290000060880,false,ספגטי אסם 500 גרם,פסטה זארה,IT,ספגטי אסם 500 גרם,גרמים,500.00,100 גרם,false,1,6.90,0.0138,true,1,1846
7290000060903,false,פתיתים אפויים אורז 5,"אסם השקעות בע""מ",IL,אסם פתיתים אפויים אורז 12*500גרם,גרמים,500.00,100 גרם,false,1,7.90,0.0158,true,1,1847
7290000060965,false,אטריות רחבות 400 גרם,"אסם השקעות בע""מ",IL,אסם אטריות רחבות 12*400גרם,גרמים,400.00,100 גרם,false,1,8.90,0.0223,true,1,1851
7290000060972,false,אטריות דקיקות 400 גר,פסטה זארה,IT,אסם אטריות דקיקות 12*400גרם,גרמים,400.00,100 גרם,false,1,8.90,0.0223,true,1,1852
7290000061764,false,קפה נמס רד מאג 200 ג,נסטלה ספרד,ES,נסקפה רד מאג טעם חדש 6*200גרם2017,גרמים,200.00,100 גרם,false,1,27.90,0.1395,true,1,1859
7290000062952,false,קרוטונים מיני למרק ו,עינת תעשיות,IL,אסם מיני קרוטונים למרק וסלט 12*250גרם,גרמים,250.00,100 גרם,false,1,18.90,0.0756,true,1,7475
7290000063133,false,שקדי מרק אסם 100 גרם,"אסם השקעות בע""מ",IL,שקדי מרק אסם 100 גרם,גרמים,100.00,100 גרם,false,1,7.10,0.0710,true,1,1884
7290000063140,false,שקדי מרק אסם בשקית 4,"אסם השקעות בע""מ",IL,אסם שקדי מרק רכיבים טבעיים 12*400גרם,גרמים,400.00,100 גרם,false,1,14.90,0.0373,true,1,1885
7290000063157,false,"קמח תופח מאליו 1 ק""ג","אסם השקעות בע""מ",IL,"קמח תופח מאליו 1 ק""ג אסם",קילוגרמים,1.00,"ק""ג",false,1,10.30,10.3000,true,1,1886
7290000064758,false,קוסקוס אמיתי אסם 350,"מיוצר ע""י קוד יצרן K",IL,אסם קוסקוס אמיתי 12*350גרם,גרמים,350.00,100 גרם,false,1,9.90,0.0283,true,1,3582
7290000064871,false,מנה חמה פירה עם בצל,"אסם השקעות בע""מ",IL,מנה חמה פירה תפוא.ובצל 12*56גרם,גרמים,56.00,100 גרם,false,1,7.90,0.1411,true,1,1903
7290000065090,false,קרוטונים למרק ולסלט,עינת תעשיות,IL,אסם מיני קרוטונים למרק וסלט 12*400גרם,גרמים,400.00,100 גרם,false,1,27.90,0.0697,true,1,1910
7290000065540,false,מנה חמה פסטה מוקרמת,"אסם השקעות בע""מ",IL,מנה חמה פסטה מוקרמת בדץ 12*55גרם,גרמים,55.00,100 גרם,false,1,7.90,0.1436,true,1,1911
7290000065557,false,מנה חמה קוסקוס עם יר,"אסם תעשיות מזון בע""מ",IL,מנה חמה קוסקוס וירקות בדצ 12*84גרם,גרמים,84.00,100 גרם,false,1,7.90,0.0940,true,1,1912
7290000065977,false,אסם חטיפי פריכונים ת,"מיוצר ע""י פרח, משווק",IL,אסם חטיפי פריכונים תירס 12*80גרם,גרמים,80.00,100 גרם,false,1,8.50,0.1063,true,1,9696
7290000066196,false,ביסלי גריל 200 גרם,מיוצר עי קונדיטוריית,IL,ביסלי גריל 25*200גרם,גרמים,200.00,100 גרם,false,1,10.90,0.0545,true,1,1922
7290000066226,false,ביסלי פיצה 200 גרם,מיוצר עי קונדיטוריית,IL,ביסלי פיצה 25*200גרם,גרמים,200.00,100 גרם,false,1,10.90,0.0545,true,1,1925
7290000066264,false,חטיף דובונים 40 גרם,"אסם השקעות בע""מ",IL,חטיף דובונים 40 גרם,גרמים,40.00,100 גרם,false,1,4.90,0.1225,true,1,1926
7290000066295,false,במבה תות 30 גרם,מיוצר עי קונדיטוריית,IL,במבה מתוקה מחומרים טבעיים 40*30גרם,גרמים,30.00,100 גרם,false,1,3.50,0.1167,true,1,1927
7290000066332,false,אפרופו 50 גרם,"אסם השקעות בע""מ",IL,אפרופו 36*50גרם,גרמים,50.00,100 גרם,false,1,5.90,0.1180,true,1,1928
7290000066349,false,אפרופו 100 גרם,מיוצר עי קונדיטוריית,IL,אפרופו 20*100גרם,גרמים,100.00,100 גרם,false,1,9.90,0.0990,true,1,1929
7290000066431,false,חטיף פופקו תירס חמאה,מיוצר עי קונדיטוריית,IL,פופקו חמאה ודבש 40*80גרם,גרמים,80.00,100 גרם,false,1,5.90,0.0738,true,1,1930
7290000067131,false,"ג""לי בטעם תות כשל""פ",מיוצר עי קונדיטוריית,IL,אסם גלי בזק תות צבע טבעי כלפ.12*88גרם,גרמים,88.00,100 גרם,false,1,7.50,0.0852,true,1,52558
7290000067544,false,פירורית זהב 200 גרם,לחמנו,IL,אסם פירורית פירורי לחם זהב 12*200גרם,גרמים,200.00,100 גרם,false,1,7.50,0.0375,true,1,1952
7290000067599,false,מנה חמה ספגטי בולונז,"אסם השקעות בע""מ",IL,מנה חמה ספגטי בולונז 12*65גרם,גרמים,65.00,100 גרם,false,1,7.90,0.1215,true,1,1954
7290000067735,false,ניוקי בצקיות מתפוח א,גרנדי פסטי,IT,ניוקי בצקיות מתפוח אדמה בואקום 500 גרם,גרמים,500.00,100 גרם,false,1,15.90,0.0318,true,1,1966
7290000068138,false,פודינג אינסטנט וניל,מיוצר עי קונדיטוריית,IL,אסם פודינג אינסטנט וניל 12*80גרם,גרמים,80.00,100 גרם,false,1,6.50,0.0813,true,1,1985
7290000068190,false,"ג""לי בזק טעם תות שדה",מיוצר עי קונדיטוריית,IL,אסם ג'לי תות שדה צבעים טבעיים 12*90גרם,גרמים,90.00,100 גרם,false,1,7.50,0.0833,true,1,1987
7290000068206,false,"ג""לי בזק טעם משמש 85",מיוצר עי קונדיטוריית,IL,אסם ג'לי משמש צבעים טבעיים 12*85גרם,גרמים,85.00,100 גרם,false,1,7.50,0.0882,true,1,1988
7290000068237,false,"ג""לי בזק טעם פטל 85",מיוצר עי קונדיטוריית,IL,אסם ג'לי פטל צבעים טבעיים 12*85גרם,גרמים,85.00,100 גרם,false,1,7.50,0.0882,true,1,1989
7290000068701,false,שקדי מרק אסם במיכל 4,"אסם השקעות בע""מ",IL,אסם שקדי מרק רכיבים טבע.מיכל 10*400גרם,גרמים,400.00,100 גרם,false,1,17.90,0.0447,true,1,56515
7290000068787,false,במבה יום הולדת 25 גר,מיוצר עי קונדיטוריית,IL,במבה יום הולדת כלפ.108*25גרם,גרמים,25.00,100 גרם,false,1,2.90,0.1160,true,1,1992
7290000070308,false,מרק עוף אמיתי 400 גר,"אסם השקעות בע""מ",IL,אסם מרק עוף אמיתי חתם סופר כלפ.6*400גרם,גרמים,400.00,100 גרם,false,1,25.90,0.0647,true,1,2016
7290000072067,false,במבה במילוי קרם חלבה,מיוצר עי קונדיטוריית,IL,במבה במילוי קרם חלבה כשלפ 60 גרם,גרמים,60.00,100 גרם,false,1,4.90,0.0817,true,1,9048
7290000072623,false,קטשופ לחיץ רגיל,"אסם השקעות בע""מ",IL,אסם קטשופ בקבוק לחיץ 9*750גרם-חדש,גרמים,750.00,100 גרם,false,1,11.90,0.0159,true,1,2025
7290000072630,false,קטשופ לחיץ חריף,"אסם השקעות בע""מ",IL,אסם קטשופ חריף כלפ.9*750גרם 2015,גרמים,750.00,100 גרם,false,1,15.90,0.0212,true,1,52566
7290000072753,false,קפה טסטרצויס 200 גרם,לוטה נסטלה קוריאה,,טייסטרס צ'וייס 12*200גרם,גרמים,200.00,100 גרם,false,1,34.90,0.1745,true,1,2026
7290000072777,false,קפה טסטרצויס נטול קפ,לוטה נסטלה קוריאה,,טייסטרס צוייס נטול קופאין 12*200גרם,גרמים,200.00,100 גרם,false,1,49.50,0.2475,true,1,2028
7290000072968,false,דגני סיני מיניס קינמ,סי. פי. פולין,PL,דגני סיני מיניס קינמון 500 גרם,גרמים,500.00,100 גרם,false,1,27.90,0.0558,true,1,2101
7290000073125,false,מנה חמה פסטה ברוטב ע,"אסם השקעות בע""מ",IL,מנה חמה פסטה עם עגבניות ר.טבע. בדץ12*62ג,גרמים,62.00,100 גרם,false,1,7.90,0.1274,true,1,2115
7290000073415,false,מנה חמה פסטה ברוטב,"אסם השקעות בע""מ",IL,מנה חמה פסטה ברוטב פיצה 61 גרם,גרמים,61.00,100 גרם,false,1,7.90,0.1295,true,1,2116
7290000073699,false,סלט חומוס צבר 150 גר,לחמנו,IL,סלטי צבר חומוס חלק 6*150גרם,גרמים,150.00,100 גרם,false,1,5.90,0.0393,true,1,14940
7290000074153,false,ביסקוויט פתיבר שוקו,מיוצר עי קונדיטוריית,IL,אסם פתי בר שוקו 12*500גרם,גרמים,500.00,100 גרם,false,1,11.90,0.0238,true,1,2120
7290000074184,false,ביסקוויט פתיבר 500 ג,"אסם השקעות בע""מ",IL,ביסקוויט פתיבר 500 גרם,גרמים,500.00,100 גרם,false,1,11.90,0.0238,true,1,2122
7290000074245,false,קרם קרקר 250 גרם,"אסם השקעות בע""מ",IL,אסם קרם קרקר 12*250גרם,גרמים,250.00,100 גרם,false,1,11.90,0.0476,true,1,2123
7290000074276,false,קרקר פיקנטי 250 גרם,"אסם השקעות בע""מ",IL,אסם קרקר פיקנטי 12*250גרם,גרמים,250.00,100 גרם,false,1,11.90,0.0476,true,1,2125
7290000074375,false,קרקר זהב,"אסם השקעות בע""מ",IL,אסם קרקר זהב 12*150גרם,גרמים,150.00,100 גרם,false,1,7.90,0.0527,true,1,2127
7290000075204,false,לחמית קרקר חיטה מלאה,"אסם השקעות בע""מ",IL,לחמית חיטה מלאה 10*250גרם חדש,גרמים,250.00,100 גרם,false,1,10.90,0.0436,true,1,2143
7290000076126,false,בייגלה שמיניות קטנות,"אסם השקעות בע""מ",IL,אסם בייגלה שמיניות קטנות 24*80גרם,גרמים,80.00,100 גרם,false,1,4.50,0.0563,true,1,2148
7290000076133,false,בייגלה שמיניות קטנות,"אסם השקעות בע""מ",IL,אסם בייגלה שמיניות קטנות 12*400גרם,גרמים,400.00,100 גרם,false,1,13.90,0.0348,true,1,2149
7290000077017,false,עוגיות משהו קרמוגית,מיוצר עי קונדיטוריית,IL,אסם קרמוגית במילוי שוקולד 12*200גרם,גרמים,200.00,100 גרם,false,1,14.50,0.0725,true,1,2158
7290000077253,false,לחמית כפרית,"אסם השקעות בע""מ",IL,לחמית כפרית 12*190גרם,גרמים,190.00,100 גרם,false,1,11.90,0.0626,true,1,9661
7290000077925,false,טוסטעים צנימים עגולי,ון דר מולן האלום,NL,אסם טוסטעים צנימים עגולים חטה.מלא12*125ג,גרמים,125.00,100 גרם,false,1,12.90,0.1032,true,1,9532
7290000078212,false,קרוטונים מתובלים 250,עינת תעשיות,IL,אסם קרוטונים מתובלים 12*250גרם,גרמים,250.00,100 גרם,false,1,17.90,0.0716,true,1,2163
7290000080758,false,פת טוסטעים קלויה 100,ון דר מולן האלום,NL,אסם טוסטעים 14*100גרם,גרמים,100.00,100 גרם,false,1,11.50,0.1150,true,1,2246
7290000081663,false,בייגלה טבעות שומשום,מיוצר עי קונדיטוריית,IL,אסם בייגלה טבעות שומשום 12*300גרם,גרמים,300.00,100 גרם,false,1,14.50,0.0483,true,1,2269
7290000085180,false,ביסקוויט פתיבר וניל,"אחים גטניו בע""מ",,ביסקוויט פתיבר וניל גטניו 470 גרם,גרמים,470.00,100 גרם,false,1,10.90,0.0232,true,1,5700
7290000100128,false,פירות קפואים תות,סנפרוסט בעמ,IL,פירות קפואים תות,גרמים,300.00,100 גרם,false,1,19.90,0.0663,true,1,47645
7290000100135,false,פירות קפואים דובדבן,סנפרוסט בעמ,IL,פירות קפואים דובדבן,גרמים,300.00,100 גרם,false,1,19.90,0.0663,true,1,47646
7290000100142,false,סמוטיז צהוב 300 גרם,"סנפרוסט בע""מ",IL,סמוטיז צהוב 300 גרם,גרמים,300.00,100 גרם,false,1,19.90,0.0663,true,1,47649
7290000101927,false,אוכמניות כחולות מוקפ,"סנפרוסט בע""מ",IL,אוכמניות כחולות מוקפאות 300 גרם,גרמים,300.00,100 גרם,false,1,19.90,0.0663,true,1,30231
7290000101934,false,תערובת פירות יער  30,"סנפרוסט בע""מ",IL,תערובת פירות יער  300 גרם,גרמים,300.00,100 גרם,false,1,19.90,0.0663,true,1,30232
7290000101941,false,אננס מוקפא 300 גרם,"סנפרוסט בע""מ",IL,אננס מוקפא 300 גרם,גרמים,300.00,100 גרם,false,1,19.90,0.0663,true,1,15523
7290000101958,false,מנגו מוקפא 300 גרם,"סנפרוסט בע""מ",IL,מנגו מוקפא 300 גרם,גרמים,300.00,100 גרם,false,1,19.90,0.0663,true,1,30294
7290000103433,false,לקט ירקות לתנור 800,"איי, בי, אינבוו",IL,פסטיבל ירקות לתנור 800 גרם סנפרוסט,גרמים,800.00,100 גרם,false,1,26.90,0.0336,true,1,27386
7290000103839,false,מרק כתום 570 גרם,"סנפרוסט בע""מ",IL,מרק כתום סנפרוסט 570 גרם,גרמים,570.00,100 גרם,false,1,20.90,0.0367,true,1,12093
7290000103860,false,מרק עדשים 570 גרם,"סנפרוסט בע""מ",IL,מרק עדשים סנפרוסט 570 גרם,גרמים,570.00,100 גרם,false,1,20.90,0.0367,true,1,48947
7290000103877,false,מרק שעועית 640 גרם,"סנפרוסט בע""מ",IL,מרק שעועית סנפרוסט 640 גרם,גרמים,644.00,100 גרם,false,1,20.90,0.0325,true,1,50612
7290000104201,false,אפונה עדינה סנפרוסט,"סנפרוסט בע""מ",IL,אפונה עדינה סנפרוסט 600 גרם,גרמים,600.00,100 גרם,false,1,20.90,0.0348,true,1,41
7290000104676,false,אפונת גינה 800 גרם ס,"איי, בי, אינבוו",IL,אפונת גינה 800 גרם סנפרוסט,גרמים,800.00,100 גרם,false,1,20.90,0.0261,true,1,47
7290000104683,false,שעועית ירוקה שלמה סנ,"סנפרוסט בע""מ",IL,שעועית ירוקה שלמה סנפרוסט 800גרם,גרמים,800.00,100 גרם,false,1,23.90,0.0299,true,1,48
7290000104720,false,שעועית ירוקה חתוכה ס,"סנפרוסט בע""מ",IL,שעועית ירוקה חתוכה סנפרוסט 800גרם,גרמים,800.00,100 גרם,false,1,23.90,0.0299,true,1,52
7290000104744,false,כרובית 800 גרם,"סנפרוסט בע""מ",IL,כרובית 800 גרם סנפרוסט,גרמים,800.00,100 גרם,false,1,26.90,0.0336,true,1,53
7290000104775,false,מדליוני תרד 800 גרם,"סנפרוסט בע""מ",IL,מדליוני תרד 800 גרם,גרמים,800.00,100 גרם,false,1,29.90,0.0374,true,1,55
7290000104805,false,גרגרי חומוס מבושלים,"סנפרוסט בע""מ",IL,גרגרי חומוס מבושלים קפואים 800 גרם,גרמים,800.00,100 גרם,false,1,22.90,0.0286,true,1,57
7290000104829,false,"קלחוני תירס 1 ק""ג","סנפרוסט בע""מ",IL,"קלחוני תירס 1 ק""ג",קילוגרמים,1.00,"ק""ג",false,1,24.90,24.9000,true,1,58
7290000104836,false,שעועית עדינה שלמה,"סנפרוסט בע""מ",IL,שעועית עדינה שלמה 600 גרם סנפרוסט,גרמים,600.00,100 גרם,false,1,27.90,0.0465,true,1,4413
7290000104911,false,לקט נורמנדי 800 גרם,"איי, בי, אינבוו",IL,לקט נורמנדי 800 גרם סנפרוסט,גרמים,800.00,100 גרם,false,1,26.90,0.0336,true,1,61
7290000106526,false,ירקות להקפצה חגיגה,"סנפרוסט בע""מ",IL,ירקות להקפצה חגיגה ירוקה  800גרם,גרמים,800.00,100 גרם,false,1,27.90,0.0349,true,1,54101
7290000107165,false,חטיף פולי סויה אדממה,"סנפרוסט בע""מ",IL,חטיף פולי סויה אדממה 400 גרם סנפרוסט,גרמים,400.00,100 גרם,false,1,14.90,0.0373,true,1,5521
7290000107189,false,תחתיות ארטישוק 400 ג,"איי, בי, אינבוו",IL,תחתיות ארטישוק 400 גרם סנפרוסט,גרמים,400.00,100 גרם,false,1,26.00,0.0650,true,1,62
7290000107295,false,ברוקולי מוקפא 800 גר,"איי, בי, אינבוו",IL,ברוקולי מוקפא 800 גרם סנפרוסט,גרמים,800.00,100 גרם,false,1,28.90,0.0361,true,1,64
7290000107615,false,ירקות מנה אסייתית צב,"סנפרוסט בע""מ",IL,לקט מנה אסייתית צבעונית ועשירה 800גרם,גרמים,800.00,100 גרם,false,1,27.90,0.0349,true,1,54103
7290000110844,false,חטיף כיפלי גריל 70 ג,יוניליור ישראל מזון,IL,כיפלי חטיף בטעם גריל,גרמים,70.00,100 גרם,false,1,6.90,0.0986,true,1,3860
7290000110851,false,חטיף כיפלי בצל 70 גר,אתר שפע - Food,IL,כיפלי חטיף בטעם בצל,גרמים,70.00,100 גרם,false,1,6.90,0.0986,true,1,3861
7290000111063,false,מיונז אמיתי תלמה 250,יוניליוור ישראל מזון,IL,תלמה  מיונז אמיתי 250 גרם,גרמים,250.00,100 גרם,false,1,7.90,0.0316,true,1,70
7290000111117,false,מרכך כביסה בדין לבן,יוניליור ישראל טיפוח,IL,מרכך כביסה בדין לבן,ליטרים,4.00,ליטר,false,1,25.90,6.4750,true,1,71
7290000111186,false,מיונז אמיתי תלמה 500,יוניליוור ישראל מזון,IL,תלמה  מיונז אמיתי 500 גרם,גרמים,500.00,100 גרם,false,1,11.90,0.0238,true,1,72
7290000111360,false,חרדל אמיתי תלמה 250,יוניליוור  ישראל מזו,IL,חרדל אמיתי תלמה,גרמים,250.00,100 גרם,false,1,8.90,0.0356,true,1,75
7290000112220,false,טחינה קלאסית בארכה 5,רושדי תעשיות מזון בע,IL,בארכה טחינה 100% שומשום 12*500גרם,גרמים,500.00,100 גרם,false,1,16.90,0.0338,true,1,92
7290000112497,false,מרק עשיר עוף עם אטרי,יוניליוור ישראל מזון,IL,מרק עוף עם אטריות,גרמים,68.00,100 גרם,false,1,12.50,0.1838,true,1,97
7290000112619,false,מרק עוף אמיתי לתיבול,יוניליוור ישראל מזון,IL,קנור מרק עוף אמיתי 400 גרם,גרמים,400.00,100 גרם,false,1,22.90,0.0572,true,1,102
7290000113203,false,חטיף כיפלי ציפס קטשו,יוניליוור ישראל מזון,IL,"כיפלי על בסיס תפו""א בטעם קטשופ",גרמים,50.00,100 גרם,false,1,5.90,0.1180,true,1,9377
7290000116884,false,רוטב ברביקיו קנור 30,יוניליוור ישראל מזון,IL,רוטב ברביקיו קנור,מיליליטרים,300.00,"100 מ""ל",false,1,14.50,0.0483,true,1,3114
7290000116921,false,רוטב צילי מתוק קנור,יוניליוור ישראל מזון,IL,רוטב צ'ילי מתוק קנור,מיליליטרים,300.00,"100 מ""ל",false,1,14.50,0.0483,true,1,3115
7290000116945,false,רוטב סויה קנור,יוניליוור ישראל מזון,IL,רוטב סויה קלאסי קנור,מיליליטרים,300.00,"100 מ""ל",false,1,16.50,0.0550,true,1,3116
7290000117171,false,מרק נמס בכוס דל קלור,יוניליוור ישראל מזון,IL,קנור מרק נמס בכוס בטעם עוף 48 גרם,גרמים,48.00,100 גרם,false,1,8.60,0.1792,true,1,116
7290000117720,false,מרק נמס בכוס פטריות,יוניליוור ישראל מזון,IL,קנור נמס בכוס פטריות 43 גרם,גרמים,43.00,100 גרם,false,1,8.50,0.1977,true,1,120
7290000118277,false,קניידלך קנור 130 גרם,יוניליוור ישראל מזון,IL,קנור  קניידל  130 גרם,גרמים,130.00,100 גרם,false,1,13.90,0.1069,true,1,122
7290000120836,false,מיונז הלמנס 394 גרם,קונפקו אינק' די.בי.א,CA,hellmanns real  מיונז אמיתי הלמנס,גרמים,394.00,100 גרם,false,1,12.90,0.0327,true,1,126
7290000120874,false,מיונז הלמנס לייט 424,"שד' קילבורן 2816, שי",US,hellmanns light ממרח מופחת קלוריות,גרמים,424.00,100 גרם,false,1,12.90,0.0304,true,1,127
7290000121093,false,גבינה מותכת מון בלאן,האי נאם סי או אל.טי.,IL,גבינה מותכת מון בלאן 7% לייט 120 גרם,גרמים,120.00,100 גרם,false,1,12.90,0.1075,true,1,129
7290000121109,false,גבינה מותכת 7% מון ב,האי נאם סי או אל.טי.,IL,גבינה מותכת 7% מון בלאן זיתים לייט 120 ג,גרמים,120.00,100 גרם,false,1,12.90,0.1075,true,1,130
7290000121154,false,גבינה מותכת 7% מון ב,האי נאם סי או אל.טי.,IL,גבינה מותכת 7% מון בלאן סלמון לייט 120 ג,גרמים,120.00,100 גרם,false,1,12.90,0.1075,true,1,131
7290000121239,false,מיוקל 5% מופחת שומן,יוניליוור ישראל מזון,IL,מיוקל ממרח 5% שומן תלמה,גרמים,500.00,100 גרם,false,1,15.90,0.0318,true,1,4342
7290000129457,false,רוטב פטריות,יוניליוור ישראל מזון,IL,קנור רוטב פטריות 28 גרם,גרמים,28.00,100 גרם,false,1,5.90,0.2107,true,1,5364
7290000134109,false,כמון מזרחי 40 גרם,תות ממתקי איכות,IL,תבליני טעם וריח מיכל קטן כמון מזרחי 40 גרם,גרמים,40.00,100 גרם,false,1,6.90,0.1725,true,1,3804
7290000134116,false,פפריקה מתוקה 40 גרם,תות ממתקי איכות,IL,תבליני טעם וריח פפריקה מתוקה 40 גרם,גרמים,40.00,100 גרם,false,1,6.90,0.1725,true,1,3897
7290000134123,false,פלפל שחור טחון 40 גר,תות ממתקי איכות,IL,תבלין טעם וריח מיכל פלפל שחור טחון 40 גרם,גרמים,40.00,100 גרם,false,1,9.90,0.2475,true,1,4366
7290000134147,false,מוסקט טחון 40 גרם,תות ממתקי איכות,IL,"תבליני טעם וריח, מוסקט טחון 100%, 40 גרם",גרמים,40.00,100 גרם,false,1,16.90,0.4225,true,1,4097
7290000134307,false,קינמון טחון שקית 50,תות ממתקי איכות,IL,"תבליני טעם וריח, 100% קינמון טחון, 50 גרם",גרמים,50.00,100 גרם,false,1,5.90,0.1180,true,1,4537
7290000134314,false,תיבול לפיצה,תות ממתקי איכות,IL,תבליני טעם וריח תערובת תיבול לפיצה 120 גרם,גרמים,120.00,100 גרם,false,1,10.90,0.0908,true,1,57518
7290000134338,false,תב.אבקת שום 90 גר מי,תבליני טעם וריח,IL,תבליני טעם וריח אבקת שום 90 גרם,גרמים,90.00,100 גרם,false,1,10.90,0.1211,true,1,3868
7290000134376,false,תב.פפריקה מתוקה בשמן,תות ממתקי איכות,IL,תבלין פפריקה מתוקה בשמן 90 מיכ,גרמים,90.00,100 גרם,false,1,10.90,0.1211,true,1,4150
7290000134550,false,עלי דפנה בשקית 20 גר,תות ממתקי איכות,IL,"תבליני טעם וריח, 100% עלי דפנה, 20 גרם",גרמים,20.00,100 גרם,false,1,5.90,0.2950,true,1,3745
7290000134666,false,רוזמרין 15 גרם,תות ממתקי איכות,IL,"תבליני טעם וריח, 100% רוזמרין, 15 גרם",גרמים,15.00,100 גרם,false,1,6.90,0.4600,true,1,6421
7290000134673,false,זנגביל 30 גרם,תות ממתקי איכות,IL,"תבליני טעם וריח, 100% זנגביל טחון, 30 גרם",גרמים,30.00,100 גרם,false,1,6.90,0.2300,true,1,6422
7290000134758,false,תיבול לתפוא  מיכל,תות ממתקי איכות,IL,"תבליני טעם וריח, תערובת תיבול לתפוחי אדמה, 100 גרם",גרמים,100.00,100 גרם,false,1,10.90,0.1090,true,1,6424
7290000134826,false,תבלין זעתר 100 גרם,תות ממתקי איכות,IL,"תבליני טעם וריח, תערובת תיבול זעתר , 100 גרם",גרמים,100.00,100 גרם,false,1,10.90,0.1090,true,1,3837
7290000134833,false,תבלין כמון 100  גר,תות ממתקי איכות,IL,"תבליני טעם וריח, 100% כמון מזרחי",גרמים,100.00,100 גרם,false,1,10.90,0.1090,true,1,3838
7290000134840,false,תבלין כורכום   מיכל,תות ממתקי איכות,IL,"תבליני טעם וריח, 100% כורכום, 100 גרם",גרמים,100.00,100 גרם,false,1,10.90,0.1090,true,1,60570
7290000134857,false,תבלין פפריקה מתוקה 1,תות ממתקי איכות,IL,"תבליני טעם וריח, פפריקה מתוקה 100%, 100 גרם",גרמים,100.00,100 גרם,false,1,10.90,0.1090,true,1,3924
7290000134871,false,פלפל שחור טחון 100 ג,תות ממתקי איכות,IL,"תבליני טעם וריח, 100% פלפל שחור טחון, 100 גרם",גרמים,100.00,100 גרם,false,1,14.90,0.1490,true,1,3946
7290000134994,false,טימין 20 גרם,תות ממתקי איכות,IL,"תבליני טעם וריח, 100% טימין, 20 גרם",גרמים,20.00,100 גרם,false,1,6.90,0.3450,true,1,6425
7290000135045,false,XL TEN משקה אנרגיה ב,"טמפו משקאות בע""מ",IL,XL TEN משקה אנרגיה בטעם תפוח250מל,מיליליטרים,250.00,"100 מ""ל",false,1,5.50,0.0220,true,1,18018
7290000135052,false,משקה אנרגיה XL TEN מ,"טמפו משקאות בע""מ",IL,משקה אנרגיה XL TEN מנגו פחית 250 מל,מיליליטרים,250.00,"100 מ""ל",false,1,5.50,0.0220,true,1,53004
7290000135151,false,סודה נגיעות לימון בק,טמפו משקאות בעמ,IL,"סודה נגיעות למון ליים 275 מ""ל",מיליליטרים,275.00,"100 מ""ל",false,1,4.50,0.0164,true,1,59990
7290000135205,false,רביעיית סודה ביטר למ,טמפו,IL,רביעיית סודה ביטר למון 4*275 מל,מיליליטרים,275.00,"100 מ""ל",false,4,19.00,0.0691,true,1,69221
7290000136158,false,פפסי קולה מקס ללא סו,טמפו,IL,פפסי קולה מקס ללא סוכר בקבוק 1.5 ליטר,ליטרים,1.50,ליטר,false,1,8.90,5.9333,true,1,69780
7290000136240,false,מי סודה 1.5 ליטר,טמפו,IL,מי סודה 1.5 ליטר,ליטרים,1.50,ליטר,false,1,4.50,3.0000,true,1,69784
7290000136653,false,בירה נשר מאלט דיאט ב,טמפו,IL,בירה נשר מאלט דיאט בקבוק 1.5 ליטר,ליטרים,1.50,ליטר,false,1,10.00,6.6667,true,1,69788
7290000136660,false,מי סודה 1.5 ליטר,טמפו,IL,מי סודה 1.5 ליטר,ליטרים,1.50,ליטר,false,1,4.20,2.8000,true,1,69995
7290000136677,false,פפסי קולה בקבוק 1.5,טמפו,IL,פפסי קולה בקבוק 1.5 ליטר,ליטרים,1.50,ליטר,false,1,8.90,5.9333,true,1,70000
7290000136684,false,פפסי קולה מקס ללא סו,טמפו,IL,פפסי קולה מקס ללא סוכר בקבוק 1.5 ליטר,ליטרים,1.50,ליטר,false,1,8.90,5.9333,true,1,70001
7290000136707,false,מירינדה בקבוק 1.5 לי,טמפו,IL,מירינדה בקבוק 1.5 ליטר,ליטרים,1.50,ליטר,false,1,8.90,5.9333,true,1,69998
7290000136769,false,פפסי קולה לארג שישיי,טמפו,IL,פפסי קולה לארג שישייה בקבוק 1.5 ליטר,ליטרים,9.00,ליטר,false,6,44.90,4.9889,true,1,69790
7290000136776,false,פפסי מקס קולה שישייה,טמפו,IL,פפסי מקס קולה שישייה בקבוק 1.5 ליטר,ליטרים,9.00,ליטר,false,6,44.90,4.9889,true,1,69775
7290000136790,false,מי סודה שישייה בקבוק,טמפו,IL,מי סודה שישייה בקבוק 1.5 ליטר,ליטרים,9.00,ליטר,false,6,19.70,2.1889,true,1,69792
7290000136844,false,מים אקווה נובה שישיי,טמפו,IL,מים אקווה נובה שישייה בקבוק 2 ליטר,ליטרים,12.00,ליטר,false,6,15.50,1.2917,true,1,69793
7290000136851,false,סבן אפ בקבוק 1.5 ליט,טמפו,IL,סבן אפ בקבוק 1.5 ליטר,ליטרים,1.50,ליטר,false,1,8.90,5.9333,true,1,69999
7290000136868,false,מים סן בנדטו שישייה,טמפו,IL,מים סן בנדטו שישייה בקבוק 1.5 ליטר,ליטרים,9.00,ליטר,false,6,19.90,2.2111,true,1,69794
7290000136875,false,שישיית סןבנדטו מוגז,טמפו,IL,שישיית סןבנדטו מוגז בקבוק 1.5 ליטר,ליטרים,9.00,ליטר,false,6,19.90,2.2111,true,1,70043
7290000136936,false,סבן אפ דיאט בקבוק 1.,טמפו,IL,סבן אפ דיאט בקבוק 1.5 ליטר,ליטרים,1.50,ליטר,false,1,8.90,5.9333,true,1,69997
7290000137513,false,גלידונית קרמיסימו  1,"גלידת שטראוס בע""מ, ר",IL,גלידונית קרמיסימו  1/60  630 גרם,גרמים,630.00,100 גרם,false,1,52.90,0.0840,true,1,197
7290000137643,false,גלידה טעמקור משפחתי,,IL,"שטראוס טעמקור 880 מ""ל",גרמים,500.00,100 גרם,false,1,47.90,0.0958,true,1,198
7290000144160,false,שמן זית כתית מעולה ב,"מרקאולאו, ספרד.אבסה,",IT,שמן זית ארומתי,מיליליטרים,750.00,"100 מ""ל",false,1,36.90,0.0492,true,1,9762
7290000144467,false,עץ הזית שמן חמניות ב,הלינק פיין,GR,שמן חמניות מועשר בנוגדי חמצון 1 ליטר,ליטרים,1.00,ליטר,false,1,17.90,17.9000,true,1,211
7290000144474,false,שמן קנולה מועשר בנוג,סקנולה,EE,שמן קנולה מועשר בנוגדי חמצון 1 ליטר,ליטרים,1.00,ליטר,false,1,16.90,16.9000,true,1,59544
7290000148380,false,פיסטוקים קלויים קליי,קרלו,IL,קליית גת פיסטוק קלויים 200 גרם,גרמים,200.00,100 גרם,false,1,21.90,0.1095,true,1,2603
7290000148489,false,גרעיני דלעת קליית גת,קרלו,IL,"קליית גת גרעיני דלעת קלויים,200 גרם",גרמים,200.00,100 גרם,false,1,11.50,0.0575,true,1,3251
7290000148618,false,אגוזי קשיו מטוגנים ק,קרלו,IL,קליית גת קשיו מטוגן 200 גרם,גרמים,200.00,100 גרם,false,1,21.90,0.1095,true,1,2604
7290000148748,false,גרעיני חמנייה קליית,קרלו,IL,"קליית גת חמנייה קלויים, 200 גרם",גרמים,200.00,100 גרם,false,1,7.90,0.0395,true,1,2542
7290000148939,false,שקדים קלויים קליית ג,קרלו,IL,שקד קלוי 200 גר' שקית,גרמים,200.00,100 גרם,false,1,24.90,0.1245,true,1,2605
7290000149905,false,שמפו נוזלי לכביסה טק,מיוצר עי קונדיטוריית,IL,טקסטיל שמפו 1 ליטר,ליטרים,1.00,ליטר,false,1,14.90,14.9000,true,1,230
7290000159096,false,חזה עוף צלוי תיבול ב,מוצרי עוף טוב (2001),IL,עוף טוב חזה עוף ביתי תבלBBQ.ר.טבע14*500ג,גרמים,500.00,100 גרם,false,1,44.90,0.0898,true,1,14669
7290000161631,false,חטיף קליק IN במילוי,יוניליוור ישראל מזון,IL,קליק קליק אין חטיף נוגט 38 גרם,גרמים,38.00,100 גרם,false,1,5.90,0.1553,true,1,5279
7290000168173,false,ברנפלקס קרנצים 375 ג,יוניליור ישראל מזון,IL,ברנפלקס קרנצים 375 גרם,גרמים,375.00,100 גרם,false,1,26.90,0.0717,true,1,19688
7290000169798,false,דגני עוגי מופחת 20%,יוניליוור שפע ישראל,IL,תלמה דגני בוקר עוגי  500 גרם,גרמים,500.00,100 גרם,false,1,24.90,0.0498,true,1,17039
7290000170077,false,שוקולד פרה מריר 100,"שטראוס גרופ בע""מ.",IL,שוק פרה מריר ללג בדצ,גרמים,100.00,100 גרם,false,1,6.50,0.0650,true,1,278
7290000174723,false,שוקולית עלית 500 גרם,הנסיך- מפעל לייצור ט,IL,שוקולית קופסא 500  / 12 קופ'/ 500ג',גרמים,500.00,100 גרם,false,1,15.90,0.0318,true,1,288
7290000176062,false,קפה טורקי בצלופן 100,שטראוס קפה בי.וי.,IL,עלית טורקי שקית 100ג/1שק'/100גר',גרמים,100.00,100 גרם,false,1,9.90,0.0990,true,1,290
7290000176079,false,קפה עם הל 100 גרם,שטראוס קפה בי.וי.,IL,עלית טורקי עם הל 00/1שק'/100גר',גרמים,100.00,100 גרם,false,1,10.90,0.1090,true,1,291
7290000176413,false,קפה נמס עלית 50 גרם,הנסיך- מפעל לייצור ט,IL,קפה נמס עלית 50 גרם,גרמים,50.00,100 גרם,false,1,11.90,0.2380,true,1,293
7290000176420,false,קפה נמס עלית פחית 20,שטראוס קפה בי.וי,IL,קפה נמס עלית פחית 200 גרם,גרמים,200.00,100 גרם,false,1,23.90,0.1195,true,1,294
7290000176468,false,קפה נמס האג עלית 50,"איי, בי, אינבוו",,האג נמס אבקתי פחית 50 גר חדש,גרמים,50.00,100 גרם,false,1,13.90,0.2780,true,1,295
7290000178707,false,תפוציפס מלוח 50 גרם,"שטראוס פריטו ליי בע""",IL,תפו טבעי 50 גר 48 יח - שמיטה,גרמים,50.00,100 גרם,false,1,5.50,0.1100,true,1,301
7290000178721,false,תפוציפס מלוח 200 גרם,"שטראוס פריטו ליי בע""",IL,תפו טבעי 200 גר 12 יח,גרמים,200.00,100 גרם,false,1,11.90,0.0595,true,1,302
7290000185460,false,חרוסת כנרת 250 גרם,חצר כנרת,,חרוסת כנרת 250 גרם,גרמים,250.00,100 גרם,false,1,10.90,0.0436,true,1,52521
7290000187860,false,מגבוני טואלט לח לילי,עלבד משואות יצחק בעמ,IL,מגבוני טואלט לח לילי,לא מנהל יחידת מידה,0.00,לא מנהל יחידת מידה,false,1,8.90,0.0000,true,1,318
7290000187921,false,נייר טואלט לילי לבן,קימברלי קלארק ישראל,IL,לילי פיור נייר טואלט דו שכבתי לבן 32 גלילים,מטרים,58880.00,מטר,false,1,39.90,0.0007,true,1,7314
7290000187938,false,נייר טואלט לילי פסטל,חוגלה קימברלי,,נייר טואלט לילי פסטל 32 גלילים,מטרים,58880.00,מטר,false,1,39.90,0.0007,true,1,7315
7290000187952,false,נייר טואלט לילי טריו,חוגלה קימברלי,,נייר טואלט לילי טריו 32 גלילים,מטרים,53470.00,מטר,false,1,45.90,0.0009,true,1,69147
7290000188355,false,מגבות נייר ניקול 6 ג,קימברלי-קלארק,IL,ניקול מגבת 6 בלי בנדלר,מטרים,6400.00,מטר,false,1,13.90,0.0022,true,1,7278
7290000189116,false,תבניות עגולות ניקול,סין,CN,תבניות עגולות ניקול 6 יחידות,לא מנהל יחידת מידה,0.00,לא מנהל יחידת מידה,false,1,13.90,0.0000,true,1,21447
7290000189550,false,שקיות אשפה זוג 20 יח,אשפלסט,IL,שקיות אשפה זוג 20 יחידות,לא מנהל יחידת מידה,0.00,לא מנהל יחידת מידה,false,1,29.90,0.0000,true,1,5281
7290000189598,false,מטליות לחות לניקוי כ,עלבד משואות יצחק בעמ,IL,מטליות לחות לניקוי כללי 50 יח ניקול,Unknown,0.00,Unknown,false,1,13.90,0.0000,true,1,8005
7290000189659,false,מטליות לחות לרצפה,עלבד משואות יצחק בעמ,IL,ניקול מטליות לחות לניקוי הרצפה 10 יחידות,Unknown,0.00,Unknown,false,1,13.90,0.0000,true,1,8889
7290000189734,false,מטליות לחות לניקוי פ,עלבד משואות יצחק בעמ,IL,ניקול מטליות לחות לניקוי פרקט 10 יחידות,גרמים,0.00,100 גרם,false,1,16.90,0.0000,true,1,11356
7290000189871,false,שקיות אשפה עם שרוך נ,אשפלסט,IL,שקיות אשפה עם שרוך ניקול 60 יחידות,לא מנהל יחידת מידה,0.00,לא מנהל יחידת מידה,false,1,27.90,0.0000,true,1,7656
7290000190068,false,מפיות נייר ניקול 100,חוגלה קימברלי,IL,"מפיות ניקול חלקות לאירוח חד שכבתי, 100 יחידות",Unknown,0.00,Unknown,false,1,7.90,0.0000,true,1,6443
7290000190198,false,מטליות לניקוי וחיטוי,עלבד משואות יצחק בעמ,IL,מטליות לחות לניקוי חיטוי ניקול,יחידה,1.00,יחידה,false,1,13.90,13.9000,true,1,17780
7290000191546,false,ממחטות טישיו לילי צב,חוגלה קימברלי,,ממחטות טישיו לילי צבעוני בניילון שלישייה,Unknown,0.00,Unknown,false,1,12.90,0.0000,true,1,329
7290000191652,false,ממחטות טישיו קלינקס,חוגלה קימברלי,,ממחטות טישיו קלינקס ניילון מארז שלישייה,לא מנהל יחידת מידה,0.00,לא מנהל יחידת מידה,false,1,12.90,0.0000,true,1,6647
7290000191966,false,מגבוני טואלט לח ללא,עלבד משואות יצחק בעמ,IL,מגבוני טואלט לח ללא בישום לילי,יחידה,1.00,יחידה,false,1,8.90,8.9000,true,1,11847
7290000195216,false,נייר אפיה 50 יח,אופל,,נייר אפיה ניקול 50 יח,לא מנהל יחידת מידה,0.00,לא מנהל יחידת מידה,false,1,11.90,0.0000,true,1,21619
7290000195537,false,מגבונים לחים האגיס ל,ווטנפס בעמ,IL,האגיס מגבונים לחים לתינוק ללא בישום מארז רביעייה,יחידה,1.00,יחידה,false,1,22.90,22.9000,true,1,3588
7290000195544,false,מגבונים לחים האגיס מ,על בד,,מגבונים לחים האגיס מבושם רביעייה,יחידה,1.00,יחידה,false,1,26.90,26.9000,true,1,343
7290000196039,false,מפות שולחן ניקול זוג,דיספובד,,"מפות שולחן ניקול זוג  180*110 ס""מ",לא מנהל יחידת מידה,0.00,לא מנהל יחידת מידה,false,1,12.90,0.0000,true,1,344
7290000196763,false,שקיות אשפה השקית החז,אשפלסט,IL,שקיות אשפה השקית החזקה ניקול 40 יח,Unknown,0.00,Unknown,false,1,32.90,0.0000,true,1,12058
7290000197012,false,שקיות ריצרץ 19*18 ני,סין,CN,שקיות ריצרץ 19*18 ניקול בקופסא 15 שקיות,לא מנהל יחידת מידה,0.00,לא מנהל יחידת מידה,false,1,17.00,0.0000,true,1,5760
7290000197326,false,רדיד אלומיניום זוג ק,אופל,IL,זוג רדיד אלומיניום קצר עובי משופר 15 מיקרון,מטרים,1500.00,מטר,false,1,13.90,0.0093,true,1,348
7290000197425,false,חיתולים פרידום דריי,קימברלי קלארק ישראל,IL,חיתולים פרידום דריי שלב 3,יחידה,1.00,יחידה,false,1,45.90,45.9000,true,1,21066
7290000197432,false,שקיות סנדוויצון 19*2,אשלפסט תעשיות בעמ,IL,סנדוויצון זוגות,לא מנהל יחידת מידה,0.00,לא מנהל יחידת מידה,false,1,16.50,0.0000,true,1,350
7290000197456,false,חיתולים פרידום דריי,קימברלי קלארק ישראל,IL,חיתולים פרידום דריי שלב 4,יחידה,1.00,יחידה,false,1,45.90,45.9000,true,1,21067
7290000197463,false,חיתולי פרידום דריי ש,קימברלי קלארק ישראל,IL,חיתולי פרידום דריי שלב  +4,יחידה,1.00,יחידה,false,1,45.90,45.9000,true,1,21280
7290000197548,false,חיתולי האגיס פרידום,קימברלי קלארק ישראל,IL,חיתולי האגיס פרידום דריי שלב 5,לא מנהל יחידת מידה,0.00,לא מנהל יחידת מידה,false,1,45.90,0.0000,true,1,21068
7290000197678,false,חיתולים פרידום דריי,קימברלי קלארק ישראל,IL,חיתולים פרידום דריי שלב 6,יחידה,1.00,יחידה,false,1,45.90,45.9000,true,1,21069
7290000197753,false,ניילון נצמד זוג ניקו,GTC,,ניילון נצמד זוג ניקול,מטרים,3000.00,מטר,false,1,14.90,0.0050,true,1,352
7290000197883,false,תבנית אלומיניום גדול,ארץ ייצור: סין,CN,תבנית אלומיניום גדול 4 יחידות,לא מנהל יחידת מידה,0.00,לא מנהל יחידת מידה,false,1,10.90,0.0000,true,1,3899
7290000197951,false,תבנית אלומיניום ענק,פאלאס,,תבנית אלומיניום ענק 2 יחידות,לא מנהל יחידת מידה,0.00,לא מנהל יחידת מידה,false,1,10.90,0.0000,true,1,3840
7290000199313,false,קוטקס תחבושות לנערות,KC Turkey,,קוטקס תחבושות לנערות 28 יח,Unknown,0.00,Unknown,false,1,17.90,0.0000,true,1,6310
7290000204215,false,כרית יפנית שישייה,פלסטופוליש,IL,"ניקול,כריות יפניות ,6 יחידות",גרמים,0.00,100 גרם,false,1,13.90,0.0000,true,1,405
7290000204239,false,מטליות רצפה ניקול 4,עופרטקס,,מטליות רצפה ניקול 4 יח,לא מנהל יחידת מידה,0.00,לא מנהל יחידת מידה,false,1,15.90,0.0000,true,1,4864
7290000204253,false,מטליות ניקוי רב שימו,נועם אורים-קיבוץ אור,IL,"ניקול, מטליות ניקוי רב שימושיות, 9 יחידות",לא מנהל יחידת מידה,0.00,לא מנהל יחידת מידה,false,1,15.50,0.0000,true,1,406
7290000207063,false,רסק עגבניות פריכוז 2,היינץ צפון אמריקה מק,IL,רסק עגבניות פריכוז 260 גרם יכין,גרמים,260.00,100 גרם,false,1,5.50,0.0212,true,1,51373
7290000207162,false,רסק עגבניות 22% 100,"זנלכל בע""מ",IL,יכין רוטב עגבניות מרוכז 100 גרם,גרמים,100.00,100 גרם,false,1,2.50,0.0250,true,1,432
7290000208077,false,אפונה גדולה 550 גר .,"זנלכל בע""מ",IL,אפונה גדולה 550 גר .יכין,גרמים,550.00,100 גרם,false,1,8.90,0.0162,true,1,51365
7290000208091,false,אפונה קטנה,"זנלכל בע""מ",IL,אפונה קטנה 560 גרם יכין,גרמים,560.00,100 גרם,false,1,9.90,0.0177,true,1,51370
7290000208114,false,אפונה וגזר,"זנלכל בע""מ",IL,יכין אפונת גינה וגזר 550 גרם,גרמים,550.00,100 גרם,false,1,8.90,0.0162,true,1,51356
7290000208138,false,סירופ דיאט ענבים יכי,"זנלכל בע""מ",IL,יכין סירופ בטעם ענבים דיאט 1 ליטר,ליטרים,1.00,ליטר,false,1,17.90,17.9000,true,1,3875
7290000208145,false,תירס לייט גרעינים יכ,"זנלכל בע""מ",IL,תירס לייט גרעינים יכין 550  גרם,גרמים,550.00,100 גרם,false,1,9.90,0.0180,true,1,3753
7290000208213,false,שעועית לבנה ברוטב עג,"זנלכל בע""מ",IL,יכין שעועית לבנה ברוטב עגבניות 580 גרם,גרמים,580.00,100 גרם,false,1,8.50,0.0147,true,1,3754
7290000208220,false,צילי שעועית יכין,היינץ צפון אמריקה מק,IL,יכין שעועית צ'ילי בנוסח מקסיקני חריף 580 גרם,גרמים,0.00,100 גרם,false,1,8.90,0.0000,true,1,23277
7290000208312,false,תירס גרעינים יכין  3,"זנלכל בע""מ",IL,תירס גרעינים יכין  340 גרם,גרמים,340.00,100 גרם,false,1,6.90,0.0203,true,1,51360
7290000208329,false,תירס גרעינים מתוק יכ,"זנלכל בע""מ",IL,תירס גרעינים מתוק יכין 560 גרם,גרמים,560.00,100 גרם,false,1,8.90,0.0159,true,1,2543
7290000208336,false,רסק עגבניות 240 גרם,"זנלכל בע""מ",IL,יכין רוטב עגבניות מרוכז 240 גרם,גרמים,240.00,100 גרם,false,1,4.50,0.0188,true,1,5908
7290000208404,false,פול מצרי 560 גרם A2,"זנלכל בע""מ",IL,פול מצרי 560 גרם A2 יכין,גרמים,560.00,100 גרם,false,1,8.50,0.0152,true,1,51364
7290000208428,false,חומוס שלם יכין 560 ג,"זנלכל בע""מ",IL,יכין חומוס שלם 550 גרם,גרמים,560.00,100 גרם,false,1,8.90,0.0159,true,1,3755
7290000208534,false,תירס קיד עם ויטמינים,"זנלכל בע""מ",IL,יכין תירס קיד גרעיני תירס מתוק 550 גרם משקל נקי,גרמים,550.00,100 גרם,false,1,9.90,0.0180,true,1,51367
7290000208855,false,רוטב פסטה,"זנלכל בע""מ",IL,רוטב פסטה 240גר,גרמים,240.00,100 גרם,false,1,5.90,0.0246,true,1,51376
7290000208930,false,עגבניות מרוסקות שום,"זנלכל בע""מ",IL,עגבניות מרוסקות שום 260 ג,גרמים,260.00,100 גרם,false,1,5.90,0.0227,true,1,51375
7290000208947,false,עגבניות מרוסקות יכין,"זנלכל בע""מ",IL,יכין עגבניות מרוסקות 260 גרם,גרמים,240.00,100 גרם,false,1,5.90,0.0246,true,1,5909
7290000209012,false,חומץ 1 ליטר יכין,"זנלכל בע""מ",IL,חומץ 1 ליטר יכין,ליטרים,1.00,ליטר,false,1,5.90,5.9000,true,1,51368
7290000209371,false,שלישיית תירס קטן יכי,"זנלכל בע""מ",IL,יכין גרעיני תירס מתוק שלישייה 3*165,גרמים,165.00,100 גרם,false,1,14.90,0.0903,true,1,22209
7290000209579,false,סירופ דיאט אננס יכין,"זנלכל בע""מ",IL,יכין סירופ בטעם אננס דיאט 1 ליטר,ליטרים,1.00,ליטר,false,1,17.90,17.9000,true,1,3807
7290000209722,false,תרכיז עגבניות פריכוז,"זנלכל בע""מ",IL,רסק עגבניות פריכוז 580 יכין,גרמים,580.00,100 גרם,false,1,10.90,0.0188,true,1,51359
7290000209913,false,קוביות עגבניות,"זנלכל בע""מ",IL,קוביות עגבניות 240גרם,גרמים,240.00,100 גרם,false,1,5.90,0.0246,true,1,7047
7290000209951,false,רוטב פיצה,"זנלכל בע""מ",IL,רוטב פיצה 240גרם יכין,גרמים,240.00,100 גרם,false,1,5.90,0.0246,true,1,51381
7290000210896,false,רוטב בולנז 260 גרם י,"זנלכל בע""מ",IL,רוטב בולנז 240גרם יכין,גרמים,240.00,100 גרם,false,1,5.90,0.0246,true,1,23475
7290000211169,false,"אורז תאילנדי 1 ק""ג","סוגת תעשיות בע""מ",IL,"אורז תאילנדי 1 ק""ג",קילוגרמים,1.00,"ק""ג",false,1,8.90,8.9000,true,1,3808
7290000211312,false,אורז מלא אחד אחד סוג,"סוגת תעשיות בע""מ",IL,"אורז מלא ארוך 1 ק""ג",קילוגרמים,1.00,"ק""ג",false,1,11.90,11.9000,true,1,445
7290000211374,false,"קמח מלא 1 ק""ג סוגת",תחנות קמח דגן 2006 ב,IL,"קמח מלא 1 ק""ג סוגת",קילוגרמים,1.00,"ק""ג",false,1,7.40,7.4000,true,1,446
7290000211442,false,אורז פרסי אחד אחד סו,האי נאם סי או אל.טי.,IL,"אורז פרסי 1 ק""ג",קילוגרמים,1.00,"ק""ג",false,1,13.90,13.9000,true,1,447
7290000211503,false,סוכר לבן ארוז בשקית,"סוגת תעשיות בע""מ",IL,"סוכר לבן ארוז בשקית סוגת 1 ק""ג",קילוגרמים,1.00,"ק""ג",false,1,5.50,5.5000,true,1,448
7290000211985,false,אורז ריזוטו עגול סוג,"סוגת תעשיות בע""מ",IL,"אורז עגול 1 ק""ג",קילוגרמים,1.00,"ק""ג",false,1,12.90,12.9000,true,1,451
7290000226613,false,עוגת דובוש מצופה שוק,קריניציה ויטמינה אס,IL,עוגת דובוש מצופה שוקולד 450 גרם,גרמים,450.00,100 גרם,false,1,39.90,0.0887,true,1,70636
7290000238029,false,"בצק עלים 1 ק""ג","מעדנות בע""מ",IL,"בצק עלים 1 ק""ג",קילוגרמים,1.00,"ק""ג",false,1,25.90,25.9000,true,1,509
7290000238036,false,מלווח 700 גרם,"מעדנות בע""מ",IL,מלווח 700 גרם מעדנות,גרמים,700.00,100 גרם,false,1,19.90,0.0284,true,1,510
7290000238173,false,בורקס גבינה מעדנות 8,"מעדנות בע""מ",IL,בורקס גבינה מעדנות 800 גרם,גרמים,800.00,100 גרם,false,1,26.90,0.0336,true,1,513
7290000238180,false,"בורקס תפו""א מעדנות 8","מעדנות בע""מ",IL,"בורקס תפו""א מעדנות 800 גרם",גרמים,800.00,100 גרם,false,1,25.90,0.0324,true,1,514
7290000244143,false,קרם לאחר גילוח הוואי,תאי פרזידנט פוד פאבל,IL,הוואי קרם לאחר גילוח,מיליליטרים,120.00,"100 מ""ל",false,1,23.50,0.1958,true,1,531
7290000245270,false,אב.כביסה פרסיל סופרה,"הנקל סוד בע""מ",IL,"פרסיל אבקת כביסה 1.25 ק""ג",קילוגרמים,1.25,"ק""ג",false,1,16.90,13.5200,true,1,51031
7290000245287,false,אבקת כביסה פרסיל קול,"הנקל סוד בע""מ",IL,"פרסיל אבקה לכביסה צבעונית 1.25 ק""ג",קילוגרמים,1.25,"ק""ג",false,1,16.90,13.5200,true,1,536
7290000253220,false,שוקולד ציפס חום אופנ,אופנהיימר,IL,שוקולד ציפס חום אופנהיימר 260גרם,גרמים,260.00,100 גרם,false,1,13.90,0.0535,true,1,550
7290000253251,false,שוקולד ציפס אופנהיימ,אופנהיימר,IL,שוקולד ציפס אופנהיימר לבן260גר,גרמים,260.00,100 גרם,false,1,13.90,0.0535,true,1,551
7290000253374,false,שוקולד ציפס 66%מוצקי,אופנהיימר,IL,שוקולד ציפס 66%מוצקי קקאו 250גרם,גרמים,250.00,100 גרם,false,1,15.90,0.0636,true,1,68546
7290000267029,false,שקד טבעי מולבן חצוי,,IL,שקד טבעי מולבן חצוי 100 גרם שקדיה,גרמים,100.00,100 גרם,false,1,10.90,0.1090,true,1,69271
7290000267043,false,שקד טבעי מולבן פרוס,,IL,שקד טבעי מולבן פרוס 100 גרם שקדיה,גרמים,100.00,100 גרם,false,1,10.90,0.1090,false,1,586
7290000267050,false,שקדים טחונים 100 גרם,,IL,שקדים טחונים 100 גרם שקדיה,גרמים,100.00,100 גרם,false,1,10.90,0.1090,false,1,69273
7290000267548,false,אגוז גרוס 100 גרם,,IL,אגוז גרוס 100 גרם שקדיה,גרמים,100.00,100 גרם,false,1,12.90,0.1290,true,1,69274
7290000267586,false,גרעין חמנייה קלוף טב,"דין שיווק וקליה בע""מ",,גרעין חמנייה קלוף טבעי 150 גרם שקדיה,גרמים,150.00,100 גרם,false,1,6.90,0.0460,false,1,5674
7290000267678,false,גרעיני דלעת קלופים ט,"דין שיווק וקליה בע""מ",,גרעיני דלעת קלופים טבעי 150 גרם שקדיה,גרמים,150.00,100 גרם,false,1,13.90,0.0927,false,1,5675
7290000286297,false,מסיר אבן מקומקום/פרק,סנו מפעלי ברונוס בעמ,IL,אנטי קלאק מסיר אבנית מקומקום 700 מל,מיליליטרים,700.00,"100 מ""ל",false,1,14.90,0.0213,true,1,658
7290000286471,false,סנו מדיק אלכו גל דמו,nantong health & bey,CN,סנו מדיק אלכו גל דמות סיליקון לתליה 30,מיליליטרים,30.00,"100 מ""ל",false,1,9.80,0.3267,true,1,56512
7290000286501,false,ספוג כיף מסאז,קוסמופארם,,"ספוג כיף מאסז                          """,יחידה,1.00,יחידה,false,1,8.90,8.9000,true,1,661
7290000286549,false,מטליות לניקוי כללי ס,סנו מפעלי ברונו בעמ,IL,"סנו סושי מטליות לניקוי כללי, 9 יחידות",לא מנהל יחידת מידה,0.00,לא מנהל יחידת מידה,false,1,14.90,0.0000,true,1,663
7290000286761,false,ניילון נצמד סנו זוג,"מיוצר בהונג קונג, סי",CN,סנו סושי - צמד ניילון נצמד+,מטרים,3000.00,מטר,false,1,11.90,0.0040,true,1,666
7290000286945,false,סנו רהיט מרסס,"סנו מפעלי ברונוס בע""",IL,סנו רהיט נוזל מנקה ומבריק רהיטים 500 מל,מיליליטרים,500.00,"100 מ""ל",false,1,29.90,0.0598,true,1,671
7290000287195,false,סנורהיט ספריי  לרהיט,סנו מפעלי ברונוס בעמ,IL,"סנו רהיט אירוסול מנקה, מבריק, מגן ודוחה אבק 300 מל",מיליליטרים,305.00,"100 מ""ל",false,1,17.90,0.0587,true,1,682
7290000288017,false,אקונומיקה סנו JAVEL,"סנו מפעלי ברונוס בע""",IL,אקונומיקה סנו JAVEL לימון 1 ליטר,ליטרים,1.00,ליטר,false,1,9.90,9.9000,true,1,686
7290000288024,false,אקונומיקה סנו JAVEL,"סנו מפעלי ברונוס בע""",IL,אקונומיקה סנו JAVEL לימון 4 ליטר,ליטרים,4.00,ליטר,false,1,17.90,4.4750,true,1,687
7290000288086,false,חול לניקוי JAVEL אקו,מיוצר עי קונדיטוריית,IL,חול לניקוי JAVEL אקונ600לימון,גרמים,600.00,100 גרם,false,1,11.90,0.0198,true,1,688
7290000288109,false,אבקת כביסה קומפקט מק,סנו,,"אבקת כביסה קומפקט מקסימה 1.25 ק""ג",קילוגרמים,1.25,"ק""ג",false,1,16.90,13.5200,true,1,689
7290000288307,false,סנומט דוחה יתושים חש,ZOBELE,IT,סנומט דוחה יתושים חשמל+ טבליות,Unknown,0.00,Unknown,false,1,32.90,0.0000,true,1,691
7290000288352,false,משמיד חרקים K300 סנו,"סנו מפעלי ברונוס בע""",IL,K-300,מיליליטרים,630.00,"100 מ""ל",false,1,25.90,0.0411,true,1,692
7290000288383,false,משמיד זוחלים K500  ס,סנו מפעלי ברונוס בעמ,IL,"משמיד זוחלים K500  סנו 400 מ""ל",מיליליטרים,400.00,"100 מ""ל",false,1,25.90,0.0647,true,1,693
7290000288390,false,משמיד זבובים יתושים,"איי, בי, אינבוו",IL,"משמיד זבובים יתושים K600 יבש 500 מ""ל",מיליליטרים,500.00,"100 מ""ל",false,1,25.90,0.0518,true,1,694
7290000288413,false,סנו די דוחה יתושים כ,קוסמופארם בעמ,IL,"סנו די דוחה יתושים כדורי 50 מ""ל",מיליליטרים,50.00,"100 מ""ל",false,1,21.90,0.4380,true,1,695
7290000288840,false,מים מזוקקים 2 ליטר,סנו,IL,מים מזוקקים 2 ליטר,ליטרים,2.00,ליטר,false,1,17.50,8.7500,true,1,697
7290000289472,false,שקיות אשפה 76*90 סנו,סנו מפעלי ברונוס בעמ,IL,סושי 50 ש.אשפה גדולות במיוחד,לא מנהל יחידת מידה,0.00,לא מנהל יחידת מידה,false,1,23.90,0.0000,true,1,2764
7290000289748,false,מסיר שומנים פורטה פל,"סנו מפעלי ברונוס בע""",IL,סנו פורטה פלוס 750 מ''ל,מיליליטרים,750.00,"100 מ""ל",false,1,16.90,0.0225,true,1,701
7290000292311,false,נוזל לניקוי רצפות פו,סנו מפעלי ברונוס.,IL,פוליויקס מנקה ומבריק רצפות 2 ליטר שחלבים,ליטרים,2.00,ליטר,false,1,25.90,12.9500,true,1,714
7290000292557,false,סנומט נוזל מילוי,trento,IT,"סנומט מילוי נוזלי למכשיר חשמלי, דוחה יתושים",Unknown,0.00,Unknown,false,1,21.90,0.0000,true,1,715
7290000292564,false,משמיד חרקים K2000 לל,סנו מפעלי ברונוס בעמ,IL,תכשיר מיקרוקפסורי,מיליליטרים,750.00,"100 מ""ל",false,1,39.50,0.0527,true,1,716
7290000292687,false,סנובון לאסלה כחול של,סנו מפעלי ברונו בעמ,IL,"סנובון סבון אסלה כחול קלאסיק, 3 יחידות",גרמים,165.00,100 גרם,false,1,17.90,0.1085,true,1,717
7290000293073,false,מרכך כביסה מקסימה בי,סאנו,IL,מרכך 4 ליטר,ליטרים,4.00,ליטר,false,1,24.90,6.2250,true,1,719
7290000293820,false,קרמה מן - CARBON POW,גוד פוד פרודקטס S.p,IL,קרמה מן שמפו וג'ל רחצה 2in1 קרבון פאוור,לא מנהל יחידת מידה,0.00,לא מנהל יחידת מידה,false,1,17.90,0.0000,true,1,47448
7290000293943,false,מסיר אבנית אנטיקאלק,סנו מפעלי ברונוס בעמ,IL,אנטי קאלק מסיר אבנית וחלודה לשימוש כללי 1 ליטר,ליטרים,1.00,ליטר,false,1,18.90,18.9000,true,1,723
7290000294780,false,אקונומיקה סנו JAVEL,"סנו מפעלי ברונוס בע""",IL,אקונומיקה סנו JAVEL סמיכה 4 ליטר,ליטרים,4.00,ליטר,false,1,17.90,4.4750,true,1,726
7290000295121,false,מטליות זיג זג לניקוי,עופרטקס,,מטליות זיג זג לניקוי רצפות 3 יחידות,לא מנהל יחידת מידה,0.00,לא מנהל יחידת מידה,false,1,18.50,0.0000,true,1,727
7290000295299,false,כרית הפלא סנו סושי 4,סנו מפעלי ברונו בעמ,IL,כרית הפלא סנו סושי 4 יחידות,יחידה,1.00,יחידה,false,1,13.90,13.9000,true,1,729
7290000295367,false,אבקת כביסה מקסימה זא,סנו,IL,"אבקת כביסה, אפקט JAVEL",קילוגרמים,2.50,"ק""ג",false,1,28.90,11.5600,true,1,730
7290000295404,false,שקיות אשפה 54*65 סנו,סנו מפעלי ברונוס בעמ,IL,סושי 60 ש.אשפה חזקות עם שרוך,לא מנהל יחידת מידה,0.00,לא מנהל יחידת מידה,false,1,23.90,0.0000,true,1,731
7290000295503,false,שקיות אוכל 19*25 סנו,הורביץ סחר,CN,שקיות אוכל 19*25 סנו סושי 150 שקיות,לא מנהל יחידת מידה,0.00,לא מנהל יחידת מידה,false,1,14.90,0.0000,true,1,733
7290000295558,false,רדיד אלומיניום זוג 1,סנו סושי,CN,"רדיד אלומיניום זוג 15 מ רוחב 30 ס""מ",מטרים,1500.00,מטר,false,1,10.90,0.0073,true,1,3816
7290000300900,false,שניצל תירס טבעול 750,כצט,IL,שניצל תירס טבעול 750 גרם,גרמים,750.00,100 גרם,false,1,29.90,0.0399,true,1,743
7290000305592,false,ממרח טונה מעודן יונה,סטארקיסט פודור,,ממרח טונה מעודן יונה 100 גרם,גרמים,100.00,100 גרם,false,1,8.10,0.0810,true,1,820
7290000311203,false,ופלים מן בטעם שוקולד,תות ממתקי איכות,IL,ופלים מן בטעם שוקולד 200 גרם,גרמים,200.00,100 גרם,false,1,5.50,0.0275,true,1,832
7290000311425,false,וופל מצופה עשיריות מ,תות ממתקי איכות,IL,מאגדת ופל מצופה כחול-עשיריה,גרמים,220.00,100 גרם,false,1,11.90,0.0541,true,1,9394
7290000311869,false,ופל מן ללא סוכר 180,תות ממתקי איכות,IL,ופל מן ללא סוכר 180 גרם,גרמים,180.00,100 גרם,false,1,11.90,0.0661,true,1,15441
7290000313160,false,עוגיות ביסקוויט זהבה,היינץ צפון אמריקה מק,IL,עוגיות ביסקוויט זהבה ו 3 הדובים 250 גרם,גרמים,250.00,100 גרם,false,1,8.90,0.0356,true,1,3817
7290000313290,false,נודלס אטריות מסולסלת,תאי פרזידנט פוד בנגק,TH,אסם נודלס אטריות מסולסלות 12*200גרם,גרמים,200.00,100 גרם,false,1,11.90,0.0595,true,1,845
7290000318127,false,נקניקיות ביס 380 גרם,יחיעם,IL,יחיעם נקניקיות ביס 380 גרם,גרמים,380.00,100 גרם,false,1,11.90,0.0313,true,1,857
7290000318479,false,פרושוטו עגל   100 גר,מעדני יחיעם (1993) ב,IL,"יחיעם, פרושוטו , 100 גרם",גרמים,100.00,100 גרם,false,1,34.00,0.3400,true,1,4903
7290000318677,false,סלמי סרוולט 150 גרם,יחיעם,IL,סלמי סרוולט,גרמים,150.00,100 גרם,false,1,29.90,0.1993,true,1,6537
7290000318943,false,פסטרמה של פעם,מעדני יחיעם (1993) ב,IL,"יחיעם, פסטרמה של פעם, 200 גרם",גרמים,200.00,100 גרם,false,1,27.90,0.1395,true,1,6538
7290000319063,false,כתף בקר מעושן בציפוי,יחיעם,IL,כתף בקר מפולפל 150 גרם,גרמים,150.00,100 גרם,false,1,26.90,0.1793,true,1,42335
7290000319131,false,נקניקיות עוף,פ.פ.ח. שאביט,IL,נקניקיות עוף 400 גר יחיעם,גרמים,400.00,100 גרם,false,1,12.90,0.0323,true,1,61270
7290000319520,false,סלמי צרפתי,פ.פ.ח. שאביט,IL,סלמי צרפתי 100 גרם יחיעם,גרמים,100.00,100 גרם,false,1,25.90,0.2590,true,1,4904
7290000319803,false,קבנוס קלאסי 125 גרם,מעדני יחיעם (1993) ב,IL,"יחיעם, קבנוס קלאסי 125 גרם",גרמים,125.00,100 גרם,false,1,14.90,0.1192,true,1,23706
7290000319834,false,קבנוס פפרוני קלאסי 1,מעדני יחיעם (1993) ב,IL,"יחיעם, קבנוס פפרוני , 125 גרם",גרמים,125.00,100 גרם,false,1,14.90,0.1192,true,1,23568
7290000334042,false,"תפוגן טוגן  2 ק""ג","תעשיות תפוגן בע""מ",IL,תפוגן טוגן 6*2קג,קילוגרמים,2.00,"ק""ג",false,1,29.90,14.9500,true,1,54432
7290000334325,false,מארז ציפס למיקרו שלי,,IL,תפוגן צ'יפס מיקרוגל 8*375גרם מח.מיוחד,גרמים,375.00,100 גרם,false,1,16.90,0.0451,true,1,4402
7290000334981,false,אמריקן צייפס 1-2-3,,IL,תפוגן אמריקן צ'יפס 10*750גרם,גרמים,750.00,100 גרם,false,1,26.90,0.0359,true,1,909
7290000336053,false,סיידר הגליל תרכיז טב,"טמפו משקאות בע""מ",IL,סיידר תרכיז 330 בקבוק,מיליליטרים,330.00,"100 מ""ל",false,1,13.60,0.0412,true,1,912
7290000336282,false,סיידר הגליל תפוח צלו,טמפו משקאות בעמ,IL,סיידר תפוח צלול 330 בקבוק,מיליליטרים,330.00,"100 מ""ל",false,1,8.90,0.0270,true,1,2934
7290000339566,false,מרכך כביסה בדין ורוד,יוניליור ישראל טיפוח,IL,מרכך כביסה בדין ורוד,ליטרים,4.00,ליטר,false,1,25.90,6.4750,true,1,926
7290000341071,false,מרכך כביסה בייבי בדי,יוניליוור ישראל טיפו,IL,בדין  מרכך כביסה בייבי 2 ליטר,ליטרים,2.00,ליטר,false,1,20.90,10.4500,true,1,934
7290000345208,false,תה קלאסיק 1 גרם 25 ש,ויסוצקי,IL,-25/1תה מעודן,גרמים,25.00,100 גרם,false,1,8.20,0.3280,true,1,954
7290000345215,false,תה קלאסיק כחול 1 גרם,תה ויסוצקי,IL,100/1כחול C2000,גרמים,100.00,100 גרם,false,1,19.50,0.1950,true,1,955
7290000345260,false,תה קלאסיק 1.5 גרם,מולינו ניקולי s.p.a,IL,תה קלאסיק 1.5 גרם 25 שקיקים,גרמים,37.00,100 גרם,false,1,8.20,0.2216,true,1,956
7290000345284,false,תה קלאסיק  100שקיקים,מולינו ניקולי s.p.a,IL,100/1.5במעטפה,יחידה,1.00,יחידה,false,1,18.90,18.9000,true,1,958
7290000345291,false,תה ארל גריי 1.5 גרם,ויסוצקי,IL,ארל גריי TEAR TAPE - 25,גרמים,38.00,100 גרם,false,1,17.90,0.4711,true,1,959
7290000345536,false,תה נענע ויסוצקי  25,מולינו ניקולי s.p.a,IL,תה נענע,גרמים,37.00,100 גרם,false,1,21.90,0.5919,true,1,961
7290000346120,false,חליטת תה צמחים קינמו,HIQ FOOD PRODUCTS,IL,קסם הקינמון-הגן הקסום,גרמים,62.00,100 גרם,false,1,19.90,0.3210,true,1,967
7290000346137,false,חליטת תה צמחים הילול,HIQ FOOD PRODUCTS,IL,"הילולי פירות-""הגן הקסום """,גרמים,62.00,100 גרם,false,1,19.90,0.3210,true,1,968
7290000346199,false,חליטת תה צמחים פירות,HIQ FOOD PRODUCTS,IL,"פירות היער-""הגן הקסום """,גרמים,67.00,100 גרם,false,1,19.90,0.2970,true,1,969
7290000346205,false,חליטת תה צמחים קמומי,HIQ FOOD PRODUCTS,IL,"קמומיל-""הגן הקסוםC24 ?",גרמים,37.00,100 גרם,false,1,19.90,0.5378,true,1,970
7290000347738,false,תה ירוק נענע 25 שקיק,HIQ FOOD PRODUCTS,IL,תה ירוק עם נענע T.T,גרמים,37.00,100 גרם,false,1,26.90,0.7270,true,1,973
7290000347752,false,תה ירוק לימונית ולוא,ויסוצקי,IL,תה ירוק עם לימונית/לואיזה T.T,גרמים,37.00,100 גרם,false,1,26.90,0.7270,true,1,974
7290000363363,false,קבנוס מיוחד 160 גרם,הנסיך- מפעל לייצור ט,IL,טירת צבי קבנוס נקניק מעושן יבש 160 גרם,גרמים,160.00,100 גרם,false,1,18.90,0.1181,true,1,1012
7290000364261,false,דקניקים סלסולי כתף ב,הנסיך- מפעל לייצור ט,IL,דקניקים סלסולי כתף בקר 120 גרם,גרמים,120.00,100 גרם,false,1,16.90,0.1408,true,1,9709
7290000364278,false,דקניקים סלסולי סלמי,הנסיך- מפעל לייצור ט,IL,דקניקים סלסולי סלמי איטלקי משובח 120 גרם,גרמים,120.00,100 גרם,false,1,16.90,0.1408,true,1,9710
7290000364285,false,דקניקים סלסולי פסטרמ,הנסיך- מפעל לייצור ט,IL,דקניקים סלסולי פסטרמה הודו 120 גרם,גרמים,120.00,100 גרם,false,1,16.90,0.1408,true,1,9711
7290000364292,false,דקניקים סלסולי פסטרמ,הנסיך- מפעל לייצור ט,IL,דקניקים סלסולי פסטרמה גחלים 120 גרם,גרמים,120.00,100 גרם,false,1,16.90,0.1408,true,1,10602
7290000364759,false,נקניקיות קרנץ הודו,הנסיך- מפעל לייצור ט,IL,נקניקיות וינר 500 גרם,גרמים,500.00,100 גרם,false,1,23.50,0.0470,true,1,1020
7290000364803,false,נקניקיות אמריקאיות,הנסיך- מפעל לייצור ט,IL,"טירת צבי, נקניקיות בקר בסגנון אמריקאי, 500 גרם",גרמים,500.00,100 גרם,false,1,31.90,0.0638,true,1,1024
7290000364858,false,נקניקיות עוף       .,הנסיך- מפעל לייצור ט,IL,"טירת צבי - נקניקיות עוף 1 ק""ג",קילוגרמים,1.00,"ק""ג",false,1,29.90,29.9000,true,1,1031
7290000364872,false,נקניקיות עוף 400 גרם,טיב טירת צבי 2000,IL,נקניקיות עוף 400 גרם,גרמים,400.00,100 גרם,false,1,14.90,0.0373,true,1,1032
7290000367590,false,צמד כפרי פסטרמה סלמי,טיב טירת צבי 2000,IL,צמד כפרי פסטרמה סלמי טירת צבי 800 גרם,גרמים,800.00,100 גרם,false,1,32.90,0.0411,true,1,1045
7290000369037,false,סלט קוביות בולגרית 2,מחלבות ניצן,IL,סלט קוביות בולגרית 200 גרם,גרמים,200.00,100 גרם,false,1,18.90,0.0945,true,1,6166
7290000369365,false,גבינה בולגרית למריחה,"ניצן מותגי מזון בע""מ",,גבינה בולגרית למריחה וחציל 200 גרם,גרמים,200.00,100 גרם,false,1,13.90,0.0695,true,1,6139
7290000369617,false,כדורי גבינת פטה,"ניצן מותגי מזון בע""מ",,כדורי גבינת פטה בשמן 150 גרם,גרמים,150.00,100 גרם,false,1,19.90,0.1327,true,1,6133
7290000369709,false,חמאה מתובלת 100 גרם,"ניצן מותגי מזון בע""מ",,חמאה מתובלת 100 גרם,גרמים,100.00,100 גרם,false,1,13.50,0.1350,true,1,6129
7290000377209,false,בוטנים מטוגנים קליית,"ג'י אנד ג'י  בע""מ",IL,בוטנים מטוגנים קליית גת 200 גרם,גרמים,200.00,100 גרם,false,1,8.30,0.0415,true,1,3538
7290000377445,false,"חטיפי נשצ""אנס קליית",קרלו,IL,נש צ'אנס 200 גר' ב 12,גרמים,200.00,100 גרם,false,1,9.90,0.0495,true,1,3539
7290000377452,false,גרעיני אבטיח קליית ג,הדקלאים אגודת שיתופי,IL,גרעיני אבטיח שק'200 גר',גרמים,200.00,100 גרם,false,1,14.90,0.0745,true,1,2611
7290000377612,false,מיץ תפוזים סחוט פריג,מיוצר עי קונדיטוריית,IL,פריגת סחוט תפוזים קלאסי,מיליליטרים,400.00,"100 מ""ל",false,1,11.90,0.0298,true,1,1054
7290000379258,false,חלה קונדיטוריה ארוזה,מאפיית שלמה א. אנג'ל,IL,אנג'ל חלת קונדיטוריה 500 גרם,גרמים,500.00,100 גרם,false,1,16.90,0.0338,true,1,1065
7290000379647,false,חלה 500 גרם**,מאפיית אנג'ל,IL,חלה 500 גרם**,גרמים,500.00,100 גרם,false,1,5.17,0.0103,true,1,1072
7290000408316,false,יוגורט דנונה 3% 200,"שטראוס בריאות בע""מ",IL,דנונה ביו  3% 200 גרם,גרמים,200.00,100 גרם,false,1,3.70,0.0185,true,1,1160
7290000408354,false,דנונה בר דגנים שוקול,"שטראוס בריאות בע""מ",IL,בר דנונה פצפוצים,גרמים,175.00,100 גרם,false,1,4.90,0.0280,true,1,1161
7290000412481,false,מנקה אסלות 00 סנו 1,סנו מפעלי ברונוס בעמ,IL,מנקה אסלות 00 סנו 1 ליטר,ליטרים,1.00,ליטר,false,1,9.90,9.9000,true,1,1187
7290000416021,false,ממרח שוקולד השחר 500,השחר העולה,IL,ממרח השחר העולה חלבי 500 גרם,גרמים,500.00,100 גרם,false,1,14.90,0.0298,true,1,1227
7290000416618,false,ממרח שוקולד השחר 400,השחר העולה בעמ,IL,ממרח שוקולד השחר 400 גרם,גרמים,400.00,100 גרם,false,1,14.50,0.0363,true,1,1229
7290000419893,false,קפה לנדוור טחון לבוק,מולינו ניקולי s.p.a,IL,לנדוור לבוקר טחון טורקי 100גרם,גרמים,100.00,100 גרם,false,1,9.90,0.0990,true,1,7355
7290000419909,false,קפה לנדוור בטעם אספר,מולינו ניקולי s.p.a,IL,לנדוור חזק קפה טחון טורקי 100גרם,גרמים,100.00,100 גרם,false,1,9.90,0.0990,true,1,7356
7290000420325,false,פופקורן פופ סטאר טעם,TLV צ'יף,US,"פופסטאר פופקורן למקירוגל בטעם טבעי 5 שקיות,500 גרם",גרמים,500.00,100 גרם,false,1,16.90,0.0338,true,1,1252
7290000420332,false,פופקורן פופ סטאר חמא,TLV צ'יף,US,פופקורן פופ סטאר חמאה 500 גרם,גרמים,500.00,100 גרם,false,1,16.90,0.0338,true,1,1253
7290000420417,false,שקיות אשפה 52*65 גלי,"איטיליאן פוד, אס.פי.",TH,שקיות אשפה 52*65 גלילונית 60 שקיות,לא מנהל יחידת מידה,0.00,לא מנהל יחידת מידה,false,1,25.90,0.0000,true,1,1254
7290000430102,false,קוביות קרח בשקית,אייס קיוב,,קוביות קרח בשקית,יחידה,1.00,יחידה,false,1,12.90,12.9000,true,1,3547
7290000450209,false,טונה בשמן פוסידון 10,"מיוצר עי וליגר בעמ,",IL,פוסידון נתחי טונה בהירה בשמן 108 גרם,גרמים,108.00,100 גרם,false,1,6.90,0.0639,true,1,1318
7290000450308,false,טונה במים פוסידון 10,ויליגר בעמ עבור נטו,IL,טונה במים פוסידון 108 גרם,גרמים,108.00,100 גרם,false,1,6.70,0.0620,true,1,1320
7290000453019,false,שמרים טריים לאפייה ש,"פאקא תעשיות בע""מ",IL,שמרית שמרים טריים לאפייה 50 גרם,גרמים,50.00,100 גרם,false,1,5.50,0.1100,true,1,1322
7290000453408,false,בצק פיצה דק מצונן ומ,"פאקא תעשיות בע""מ",GR,בצק פיצה דק מצונן ומוכן לאפייה - שמרית,גרמים,150.00,100 גרם,false,1,18.90,0.1260,true,1,57276
7290000453415,false,בצק עלים מצונן ומוכן,"פאקא תעשיות בע""מ",FR,בצק עלים מצונן ומוכן לאפייה - שמרית,גרמים,150.00,100 גרם,false,1,17.90,0.1193,true,1,57274
7290000453422,false,בצק פילו מוכן לאפייה,"פאקא תעשיות בע""מ",GR,בצק פילו מוכן לאפייה - שמרית,גרמים,150.00,100 גרם,false,1,17.90,0.1193,true,1,57275
7290000461625,false,בייגלה שמיניות 400 ג,בייגל את בייגל מזון,IL,כעכים עם מלח בייגל בייגל,גרמים,400.00,100 גרם,false,1,13.90,0.0348,true,1,1345
7290000461700,false,בייגלה גדול גדול 400,בייגל את בייגל מזון,IL,כעכים גדולים עם מלח בייגל בייגל,גרמים,400.00,100 גרם,false,1,15.90,0.0398,true,1,1346
7290000461793,false,בייגלה ארוך ארוך דל,בייגל את בייגל מזון,IL,כעכים בצורת מקלות עם מלח  בייגל בייגל,גרמים,150.00,100 גרם,false,1,7.40,0.0493,true,1,1347
7290000462141,false,סחוג אדום חריף,"זהבי הכרם בע""מ",IL,"זהבי הכרם זחוק תמני חריף, 150 גרם",גרמים,150.00,100 גרם,false,1,10.90,0.0727,true,1,8108
7290000462172,false,סחוג ירוק בצנצנת 150,אף.סי תבליני בגליל ב,IL,זחוק זהבי ירוק חריף 150 גרם,גרמים,150.00,100 גרם,false,1,9.90,0.0660,true,1,1351
7290000467320,false,חומוס אבו מרוואן מלך,לחמנו,IL,צבר חומוס אבו מרוואן 6*400גרם,גרמים,400.00,100 גרם,false,1,14.90,0.0373,true,1,18437
7290000467511,false,ביסלי ברביקיו,אסם,,ביסלי ברביקיו 55 גרם,גרמים,55.00,100 גרם,false,1,4.90,0.0891,true,1,19571
7290000467887,false,ביסלי פיצה,אסם,,ביסלי פיצה 55 גרם,גרמים,55.00,100 גרם,false,1,4.90,0.0891,true,1,19572
7290000468747,false,ביסלי גריל,אסם,,ביסלי גריל 55 גרם,גרמים,55.00,100 גרם,false,1,4.90,0.0891,true,1,19573
7290000468877,false,ביסלי בצל,אסם,,ביסלי בצל 55 גרם,גרמים,55.00,100 גרם,false,1,4.90,0.0891,true,1,19574
7290000474090,false,חלב 1% קרטון פיקוח 1,מילקו תעשיות בעמ,IL,"חלב בקרטון 1%- 1 ליטר בד""צ",ליטרים,1.00,ליטר,false,1,5.86,5.8600,true,1,1382
7290000474373,false,שמנת חמוצה      200,טרה,IL,"שמנת חמוצה  200 מ""ל בד""צ",גרמים,200.00,100 גרם,false,1,2.40,0.0120,true,1,57652
7290000474502,false,גבינה לבנה 5% פיקוח,טרה,IL,גבינה לבנה 5% פיקוח 250 גרם,גרמים,250.00,100 גרם,false,1,4.98,0.0199,true,1,1384
7290000474540,false,גבינה טוב טעם 3% 250,טרה,IL,"טרה, טוב טעם, גבינה לבנה  3% ,  250 גרם",גרמים,250.00,100 גרם,false,1,12.90,0.0516,true,1,1385
7290000474830,false,גבינה צהובה 28% נועם,מילקו תעשיות בעמ,IL,גבנצ מגורדת 28% 500 ג',גרמים,500.00,100 גרם,false,1,38.90,0.0778,true,1,1386
7290000480107,false,שיבולת שועל קוואקר פ,וולקרס סנקס לימיטד,,שיבולת שועל קוואקר פחית 500 גרם,גרמים,500.00,100 גרם,false,1,15.90,0.0318,true,1,1390
7290000480442,false,שיבולת שועל קוואקר ש,שטראוס גרופ,IL,שיבולת שועל קוואקר שקית 500 גרם,גרמים,500.00,100 גרם,false,1,14.80,0.0296,true,1,1395
7290000482019,false,שקיות קוקי לצליה,"ש. שסטוביץ בע""מ",IL,שקיות לצליה קוקי 10 יחידות,לא מנהל יחידת מידה,0.00,לא מנהל יחידת מידה,false,1,15.50,0.0000,true,1,1400
7290000484747,false,עלית הארק 40% בקבוק,יקבי הגליל יוסף,,"עלית הארק 40% בקבוק 700 מ""ל",מיליליטרים,700.00,"100 מ""ל",false,1,59.90,0.0856,true,1,26672
7290000493183,false,רוטב פטריות לבשר 30,"אסם השקעות בע""מ",IL,אסם אבקת רוטב פטריות 3 12*30גרם,גרמים,30.00,100 גרם,false,1,5.50,0.1833,true,1,1426
7290000504049,false,סוכרזית קנקן1200טבל.,אף.סי תבליני בגליל ב,IL,ממתיק סוכרזית קנקן 1200 טבליות,גרמים,98.00,100 גרם,false,1,23.90,0.2439,true,1,1486
7290000504209,false,נוזל ממתיק דיאט סוכר,אף.סי תבליני בגליל ב,IL,"סוכרזית קלאסי, ממתיק נוזלי בטעם הקלאסי 220 מל",מיליליטרים,220.00,"100 מ""ל",false,1,22.90,0.1041,true,1,1487
7290000504278,false,ממתיק סוכרזית פטנט 7,אף.סי תבליני בגליל ב,IL,ממתיק סוכרזית פטנט 700 טבליות,גרמים,57.00,100 גרם,false,1,18.90,0.3316,true,1,1488
7290000518121,false,מתוק וקל 50 שקיות,פתח תקווה,IL,ממתיק אבקה דקסטרוזה וסכרין 50 גר,יחידה,1.00,יחידה,false,1,6.90,6.9000,true,1,1503
7290000518190,false,ממתיק סטיביה מתוק וק,מתוק וקל,,מתוק וקל סטיביה 100 שקיות,יחידה,1.00,יחידה,false,1,26.90,26.9000,true,1,29779
7290000518220,false,סוכרה דיאט 100 שקיות,פתח תקווה,IL,סוכרה להמתקה לבישול ואפייה 100 יח,גרמים,100.00,100 גרם,false,1,28.90,0.2890,true,1,29780
7290000518336,false,מוש  צמר גפן מתוק מס,מתוק וקל בעמ,IL,מוש  צמר גפן מתוק מסיבים תזונתיים 10 גרם,גרמים,10.00,100 גרם,false,1,5.90,0.5900,true,1,71593
7290000521008,false,יין של סגל אדום יבש,פארייפאבה אגרואינדוס,IL,יין אדום יבש של סגל 750 מל,מיליליטרים,750.00,"100 מ""ל",false,1,22.90,0.0305,true,1,1531
7290000521015,false,יין של סגל לבן יבש 7,פארייפאבה אגרואינדוס,IL,סגל יין לבן יבש 2016  750 מל,מיליליטרים,750.00,"100 מ""ל",false,1,22.90,0.0305,true,1,1532
7290000521022,false,יין של סגל לבן חצי י,פארייפאבה אגרואינדוס,IL,סגל לבן חצי יבש 2015 750 מל,מיליליטרים,750.00,"100 מ""ל",false,1,22.90,0.0305,true,1,1533
7290000523125,false,מלח ים יבש 250 גרם,מולינו ניקולי s.p.a,IL,מלח הארץ מהים האדום מלח ים דק 250 גרם,גרמים,250.00,100 גרם,false,1,6.50,0.0260,true,1,1542
7290000523224,false,מלח ים יבש 500 גרם,מולינו ניקולי s.p.a,IL,מלח הארץ מהים האדום מלח ים דק,גרמים,500.00,100 גרם,false,1,8.30,0.0166,true,1,1543
7290000525969,false,מיץ תפוזים סחוט פרימ,השחר,IL,פרימור מיץ תפוזים 1 ליטר,ליטרים,1.00,ליטר,false,1,17.90,17.9000,true,1,1549
7290000530413,false,המבורגר זהב זוגלובק,זוגלובק,IL,זוגלובק המבורגר זהב 400 גרם,גרמים,400.00,100 גרם,false,1,21.90,0.0547,true,1,1564
7290000530598,false,נקניקיות וינר זוגלוב,כצט,IL,נקניקיות וינר 500 גרם זוגלובק,גרמים,500.00,100 גרם,false,1,18.30,0.0366,true,1,1566
7290000530703,false,נקניק תה מעושן +פסטר,זוגלובק,IL,זוגלובק זוג חרמון הודו ועוף 400+סלמי תה 400 גרם,גרמים,800.00,100 גרם,false,1,34.90,0.0436,true,1,1567
7290000537566,false,נקניקיות עוף זגלובק,זוגלובק,IL,זוגלובק נקניקיות עוף 400 גרם,גרמים,400.00,100 גרם,false,1,14.90,0.0373,true,1,1592
7290000538709,false,תה מעושן,זוגלובק,IL,זוגלובק סלמי תה מעושן 200 גרם,Unknown,0.00,Unknown,false,1,11.90,0.0000,true,1,7821
7290000552989,false,טחון בקר מובחר 500 ג,קרלו,IL,טיבון וויל בשר עגל טחון קפוא 500 גרם,גרמים,500.00,100 גרם,false,1,30.90,0.0618,true,1,1671
7290000554006,false,גבינה קשקבלו משולשים,מחלבות גד,,גבינה קשקבלו משולשים 26% במשקל גד,קילוגרמים,1.00,"ק""ג",true,,122.90,122.9000,true,1,1673
7290000554402,false,מלבי מעדן חלב גד 170,"מיוצר ע""י קוד יצרן E",IL,מלבי מעדן חלב גד 170 גרם,גרמים,170.00,100 גרם,false,1,6.90,0.0406,true,1,1679
7290000554457,false,גבינה צפתית 5% מיני,"מחלבות גד בע""מ",IL,גד צפתית גבינה מלוחה במליחות עדינה 5% 350 גרם,גרמים,350.00,100 גרם,false,1,25.90,0.0740,true,1,1680
7290000554471,false,גבינת מוצרלה 22% צמה,"מחלבות גד בע""מ",IL,גבינת מוצרלה 22% צמה 180 גרם,גרמים,180.00,100 גרם,false,1,19.90,0.1106,true,1,1681
7290000554532,false,גבינה צפתית 5% מעודנ,הנסיך- מפעל לייצור ט,IL,גד צפתית מעודנת 5% שומן,גרמים,200.00,100 גרם,false,1,16.90,0.0845,true,1,7963
7290000554600,false,גבינת מוצרלה מגורדת,מחלבות גד בעמ,IL,גד מוצרלה מגורדת מחלב בקר 22% 300 גרם,גרמים,300.00,100 גרם,false,1,27.90,0.0930,true,1,1682
7290000554624,false,מעדן חלב 3% עם אורז,"מיוצר ע""י קוד יצרן E",IL,"ירח מתוק ,מעדן חלב עם אורז 3% , 150 גרם",גרמים,150.00,100 גרם,false,1,6.90,0.0460,true,1,1683
7290000554686,false,גבינת לאבנה 5% בשמן,מחלבות גד בעמ,IL,גד לאבנה בתוספת שמן זית וזעתר 5%,גרמים,250.00,100 גרם,false,1,14.90,0.0596,true,1,1684
7290000554822,false,גבינה ריקוטה גד 250,מחלבות גד בעמ,IL,גבינה ריקוטה גד 250 גרם,גרמים,250.00,100 גרם,false,1,16.90,0.0676,true,1,1687
7290000554839,false,גבינה מוקצפת מסקרפונ,מחלבות גד בעמ,IL,גבינה מוקצפת מסקרפונה 250 גרם גד,גרמים,250.00,100 גרם,false,1,23.90,0.0956,true,1,1688
7290000560533,false,"ג""ל גילוח אדג רגיל 2",המאפיה של הרמן,US,200 מל גל גילוח אדג בתוספת אלוורה,מיליליטרים,200.00,"100 מ""ל",false,1,18.90,0.0945,true,1,1721
7290000560540,false,"ג""ל גילוח אדג לעור ר",המאפיה של הרמן,US,אדג ג'ל גילוח לעור רגיש עם אלוורה 200 מל,מיליליטרים,200.00,"100 מ""ל",false,1,18.90,0.0945,true,1,1722
7290000560557,false,"ג""ל גילוח אדג ריכוך",אס.סי ג'ונסון ובניו,US,"ג""ל גילוח אדג ריכוך עור 200 מ""ל",מיליליטרים,200.00,"100 מ""ל",false,1,18.90,0.0945,true,1,1723
7290000571232,false,גבינה גאודה פרוס 150,גבינות משק אחים מאיר,IL,גבינה גאודה פרוס המחלבה 150 גרם,גרמים,150.00,100 גרם,false,1,25.90,0.1727,true,1,3667
7290000571300,false,גבינה גאודה מעושנת 1,גבינות משק אחים מאיר,IL,גבינה גאודה מעושנת המחלבה 150 גרם,גרמים,150.00,100 גרם,false,1,25.90,0.1727,true,1,24963
7290000571386,false,יוגורט יוגורמה מחלב,קריניציה ויטמינה אס,IL,יוגורט יוגורמה מחלב כבשים 850גרם המחלבה,גרמים,850.00,100 גרם,false,1,29.90,0.0352,true,1,1740
7290000571393,false,יוגורט יוגורמה מחלב,גבינות משק אחים מאיר,IL,המחלבה יוגורמה יוגורט מחלב כבשים 5% 140 גרם,גרמים,140.00,100 גרם,false,1,7.50,0.0536,true,1,1741
7290000571478,false,גבינה עיזים תום פרוס,גבינות משק אחים מאיר,IL,גאודה-תום פרוסה 200 גרם,גרמים,150.00,100 גרם,false,1,40.90,0.2727,true,1,9793
7290000571843,false,יוגורט יוגורמה מחלב,גבינות משק אחים מאיר,IL,המחלבה יוגורמה גביע מחלב עזים 140 גרם,גרמים,140.00,100 גרם,false,1,7.50,0.0536,true,1,24440
7290000572208,false,חלבה אחוה 100 גרם,"אחדות ביח""ר לטחינה",IL,אחוה חלוה בטעם וניל 100 גרם,גרמים,100.00,100 גרם,false,1,3.90,0.0390,true,1,1742
7290000591742,false,קמח מצה לבן כשר לפסח,אם החיטה,,קמח מצה לבן כשר לפסח 500 גרם,גרמים,500.00,100 גרם,false,1,8.50,0.0170,true,1,1798
7290000591797,false,שוקומצה כשר לפסח 200,יושלם,,שוקומצה כשר לפסח 200 גרם,גרמים,200.00,100 גרם,false,1,17.90,0.0895,true,1,4717
7290000591926,false,מצה מועשרת בסיבים רא,מצות ראשון,,מצה מועשרת בסיבים ראשון 400 גרם,גרמים,400.00,100 גרם,false,1,17.90,0.0447,true,1,1800
7290000644783,false,נתחי פילה סלמון בואק,X MAK,,"נתחי פילה סלמון בואקום לק""ג",קילוגרמים,1.00,"ק""ג",true,,105.00,105.0000,true,1,10204
7290000652832,false,זוג נתחי פילה סלמון,,NO,זוג נתחי פילה סלמון קפוא ללא עור  לקג,קילוגרמים,1.00,"ק""ג",true,,119.00,119.0000,true,1,59373
7290000654546,false,דג אמנון 7-9 100%דג,תנובה,IL,דג אמנון 7-9 100%דג,קילוגרמים,1.00,"ק""ג",true,,39.00,39.0000,true,1,60055
7290000659312,false,פילה סלמון בואקום לק,PEQUERA DEL,,"פילה סלמון בואקום לק""ג",קילוגרמים,1.00,"ק""ג",true,,97.00,97.0000,true,1,4965
7290000662817,false,סלמון מעושן 100גרם,,צ'ילה (TDE),סלמון מעושן 100גרם,גרמים,100.00,100 גרם,false,1,23.90,0.2390,true,1,69101
7290000663036,false,פילה אמנון ללא עור 1,תנובה,IL,"פילה אמנון ללא עור 100% דג   לק""ג",קילוגרמים,1.00,"ק""ג",true,,39.00,39.0000,true,1,68455
7290000679440,false,קמיל בלו משחה לתינוק,פישר מעבדות פרמצבטיו,IL,משחה לתינוק,גרמים,100.00,100 גרם,false,1,14.90,0.1490,true,1,1973
7290000688077,false,מים מי עדן פקק רגיל,מופק ממקור בזלתי עדן,IL,מים מינרליים מי עדן פקק רגיל 0.5 ל',מיליליטרים,500.00,"100 מ""ל",false,1,3.90,0.0078,true,1,6455
7290000688084,false,מי עדן בקבוק ספורט 5,מופק ממקור בזלתי עדן,IL,"מי עדן בקבוק ספורט 500 מ""ל",מיליליטרים,500.00,"100 מ""ל",false,1,3.90,0.0078,true,1,1993
7290000688381,false,מי עדן בקבוק אישי שי,"מי עדן בע""מ",,"מי עדן בקבוק אישי שישייה  500 מ""ל",ליטרים,3.00,ליטר,false,1,14.90,4.9667,true,1,1995
7290000688466,false,מי עדן GYM בקבוק ספו,מופק ממקור בזלתי עדן,IL,"מי עדן GYM בקבוק ספורט 750 מ""ל",מיליליטרים,750.00,"100 מ""ל",false,1,5.50,0.0073,true,1,1996
7290000688503,false,מי עדן ספורט שישייה,"מי עדן בע""מ",,"מי עדן ספורט שישייה בקבוק 750 מ""ל",ליטרים,4.50,ליטר,false,1,18.90,4.2000,true,1,3142
7290000692210,false,נוזל לניקוי כללי ורצ,קולגייט פלמוליב,GR,אג'קס נוזל לניקוי כללי ורצפות בניחוח לבנדר 2 ליטר,ליטרים,2.00,ליטר,false,1,22.90,11.4500,true,1,1999
7290000805870,false,לה קט דגים 1.5 קג,ביופט בעמ,FR,לה קט דגי אוקיינוס 1.5 קג,קילוגרמים,1.50,"ק""ג",false,1,39.90,26.6000,true,1,4008
7290000805894,false,לה קט עוף 1.5 קג,ביופט בעמ,FR,לה קט מזון יבש מלא לחתולים בוגרים עם עוף 1.5 קג,קילוגרמים,1.50,"ק""ג",false,1,39.90,26.6000,true,1,3972
7290000805900,false,לה קט 2.85 קג עוף,ביופט בעמ,FR,לה קט עוף 2.85 קג,קילוגרמים,2.85,"ק""ג",false,1,59.90,21.0175,true,1,2237
7290000849492,false,סרקל שמפו לילדים 500,פישר מעבדות פרמצבטיו,IL,דר פישר סרקל שמפו לילדים ללא דמעות 500 מל,מיליליטרים,500.00,"100 מ""ל",false,1,16.90,0.0338,true,1,2349
7290000961613,false,חסה צבעונית ארוזה,חקלאי,IL,חסה צבעונית ארוזה,גרמים,400.00,100 גרם,false,1,9.90,0.0248,true,1,5182
7290001019047,false,סינטה פרוס לה דליקטס,לה דליקטס ארט,IL,סינטה פרוס לה דליקטס 100 גרם,גרמים,100.00,100 גרם,false,1,37.90,0.3790,true,1,69003
7290001019061,false,רוסטביף פרוס לה דליק,לה דליקטס ארט,IL,רוסטביף פרוס לה דליקטס 150 גרם,גרמים,150.00,100 גרם,false,1,34.90,0.2327,true,1,69005
7290001019078,false,סלמי קרקובר לה דליקס,לה דליקטס ארט,IL,סלמי קרקובר לה דליקסט  150 גרם,גרמים,150.00,100 גרם,false,1,26.90,0.1793,true,1,69007
7290001019368,false,שיפונד פרוס לה דליקט,לה דליקטס ארט,IL,שיפונד פרוס לה דליקטס 100 גרם,גרמים,100.00,100 גרם,false,1,37.90,0.3790,true,1,69004
7290001019757,false,מיקס נקניקים דליקטס,מונטה קרלו,IL,מיקס נקניקים דליקטס דליקטס 100 גרם,גרמים,100.00,100 גרם,false,1,36.90,0.3690,true,1,71644
7290001019801,false,פסטרמה איטלקית לה דל,לה דליקטס ארט,IL,פסטרמה איטלקית לה דליקטס 150 גרם,גרמים,150.00,100 גרם,false,1,26.90,0.1793,true,1,69275
7290001019825,false,פיקל מעושן לה דליקטס,לה דליקטס ארט,IL,פיקל מעושן לה דליקטס 120 גרם,גרמים,120.00,100 גרם,false,1,26.90,0.2242,true,1,69006
7290001019894,false,פסטרמי לה דליקטס  12,לה דליקטס ארט,IL,פסטרמי לה דליקטס  120 גרם,גרמים,120.00,100 גרם,false,1,26.90,0.2242,true,1,69276
7290001019917,false,אנטריקוט פרוס לה דלי,לה דליקטס ארט,IL,אנטריקוט פרוס לה דליקטס 100 גרם,גרמים,100.00,100 גרם,false,1,37.90,0.3790,true,1,68998
7290001019924,false,נקניק צרפתי לה דליקט,לה דליקטס ארט,IL,נקניק צרפתי לה דליקטס 100 גרם,גרמים,100.00,100 גרם,false,1,37.90,0.3790,true,1,68999
7290001019955,false,נקניק רוזט לה  דליקט,לה דליקטס ארט,IL,נקניק רוזט לה  דליקטס 100 גרם,גרמים,100.00,100 גרם,false,1,37.90,0.3790,true,1,69066
7290001019962,false,כופה איטלקית לה דליק,לה דליקטס ארט,IL,כופה איטלקית לה דליקטס 100 גרם,גרמים,100.00,100 גרם,false,1,37.90,0.3790,true,1,69002
7290001045169,false,מיץ תפוחים צלול פרימ,השחר,IL,פרימור מיץ תפוחים 100% 1 ליטר,ליטרים,1.00,ליטר,false,1,17.90,17.9000,true,1,2943
7290001045657,false,מיץ תפוחים צלול פרימ,השחר,IL,פרימור מיץ תפוחים 100% מיץ צלול מיוצר מרכז 400 מל,מיליליטרים,400.00,"100 מ""ל",false,1,10.90,0.0273,true,1,2541
7290001045688,false,מיץ תפוזים סחוט פרימ,השחר,IL,פרימור מיץ תפוזים סחוט 400 מל,מיליליטרים,400.00,"100 מ""ל",false,1,10.90,0.0273,true,1,2941
7290001121221,false,חזה אווז מעושן יחיעם,מעדני יחיעם,IL,חזה אווז מעושן יחיעם 100גרם,גרמים,100.00,100 גרם,false,1,26.90,0.2690,true,1,68545
7290001121238,false,קורנדביף,יחיעם,IL,יחיעם קורנד ביף 180 גרם,גרמים,180.00,100 גרם,false,1,29.90,0.1661,true,1,9078
7290001121849,false,פסטרמה ברביקיו  יחיע,פ.פ.ח. שאביט,IL,פסטרמה ברביקיו  יחיעם 100% חומרים טבעיים,גרמים,250.00,100 גרם,false,1,29.90,0.1196,true,1,19435
7290001121979,false,סלמי הרץ 150 גרם,מעדני יחיעם (1993) ב,IL,"יחיעם, סלמי הרץ, 150 גרם",גרמים,150.00,100 גרם,false,1,26.90,0.1793,true,1,13679
7290001123775,false,שווארמה פרגיות,גוד פוד פרודקטס S.p,IL,טיבון ויל שווארמה פרגיות מוכן 500 גרם,גרמים,500.00,100 גרם,false,1,34.50,0.0690,true,1,93
7290001216040,false,טחינת אל ארז 500 גרם,דולפין ספא,IL,טחינת אל ארז 500 גרם,גרמים,500.00,100 גרם,false,1,17.90,0.0358,true,1,4219
7290001230234,false,סיגריות כאמל סופט חפ,גיי טי אינטרנשיונל,,סיגריות כאמל סופט חפיסה בודד,יחידה,0.00,יחידה,false,1,31.60,0.0000,false,1,3249
7290001230331,false,סיגריות כאמל בוקס חפ,JTI,,סיגריות כאמל בוקס חפיסה בודד,יחידה,0.00,יחידה,false,1,31.60,0.0000,false,1,3250
7290001230739,false,סיגריות קאמל כחול,JTI,,סיגריות כאמל כחול חפיסה בודד,יחידה,0.00,יחידה,false,1,31.60,0.0000,false,1,4331
7290001231932,false,סיגריות וינסטון כחול,JTI,,סיגריות וינסטון כחול בוקס חפיסה בודד,לא מנהל יחידת מידה,0.00,לא מנהל יחידת מידה,false,1,33.70,0.0000,false,1,3240
7290001235938,false,סיגריות וינסטון כחול,JTI,,סיגריות וינסטון כחול 100 חפיסה בודד,לא מנהל יחידת מידה,0.00,לא מנהל יחידת מידה,false,1,33.70,0.0000,false,1,7116
7290001247082,false,נקטר ספרינג עגבניות,"כד בני דרום בע""מ",IL,ספרינג קרטוניות עגבניות 1 ל',ליטרים,1.00,ליטר,false,1,7.60,7.6000,true,1,144
7290001247099,false,נקטר ספרינג מנגו קרט,"כד בני דרום בע""מ",IL,ספרינג קרטוניות מנגו 1 ל',ליטרים,1.00,ליטר,false,1,7.60,7.6000,true,1,145
7290001247112,false,נקטר ספרינג לימונענע,"כד בני דרום בע""מ",IL,ספרינג קרטוניות לימונענע 1 ל',ליטרים,1.00,ליטר,false,1,7.60,7.6000,true,1,146
7290001247129,false,נקטר ספרינג תפוזים ק,"כד בני דרום בע""מ",IL,ספרינג קרטוניות תפוזים 1 ל',ליטרים,1.00,ליטר,false,1,7.60,7.6000,true,1,147
7290001247143,false,נקטר ספרינג תפוחים ק,"כד בני דרום בע""מ",IL,ספרינג קרטוניות תפוחים 1 ל',ליטרים,1.00,ליטר,false,1,7.60,7.6000,true,1,148
7290001247723,false,נקטר ספרינג תות פחית,יפאורה תבורי בעמ,IL,"ספרינג נקטר תות בננה פחית 330 מ""ל",מיליליטרים,330.00,"100 מ""ל",false,1,7.00,0.0212,true,1,4733
7290001247730,false,נקטר ספרינג מנגו פחי,יפאורה תבורי בעמ,IL,"ספרינג נקטר מנגו פחית 330 מ""ל",מיליליטרים,330.00,"100 מ""ל",false,1,7.00,0.0212,true,1,4734
7290001258262,false,מארז גאודה תיבול,משק יעקבס,IL,מארז גאודה תיבול,קילוגרמים,1.00,"ק""ג",true,,105.00,105.0000,true,1,53108
7290001258415,false,גבינה רוקפור 180 גרם,בטר אנד דיפרנט,IL,גבינה רוקפור 180 גרם יעקבס,גרמים,180.00,100 גרם,false,1,27.70,0.1539,true,1,7213
7290001258446,false,משק יעקבס יוגורט כבש,גבינות משק יעקבס,IL,"משק יעקבס יוגורט כבשים 850 מ""ל",מיליליטרים,850.00,"100 מ""ל",false,1,24.90,0.0293,true,1,51825
7290001258576,false,משק יעקבס גבינה גאוד,בטר אנד דיפרנט,IL,גאודה 200 גרם,גרמים,200.00,100 גרם,false,1,25.90,0.1295,true,1,7214
7290001258583,false,מארז מנצגו משק יעקוב,פ.פ.ח. שאביט,IL,מארז מנצגו,קילוגרמים,1.00,"ק""ג",true,,149.00,149.0000,true,1,53113
7290001258668,false,גבינה עז מה 250 גרם,בטר אנד דיפרנט,IL,גבינה עז מה 250 גרם יעקבס,גרמים,250.00,100 גרם,false,1,18.90,0.0756,true,1,8583
7290001258682,false,"יוגורט עיזים 500 מ""ל",גבינות משק יעקבס,IL,"יוגורט עיזים 500 מ""ל יעקבס",מיליליטרים,500.00,"100 מ""ל",false,1,15.50,0.0310,true,1,54224
7290001258729,false,לאבנה עיזים יעקובס 2,בטר אנד דיפרנט,IL,לאבנה עיזים יעקובס 250גרם,גרמים,250.00,100 גרם,false,1,19.90,0.0796,true,1,53086
7290001258774,false,מוצרלה בייבי 150 גרם,בטר אנד דיפרנט,IL,מוצרלה בייבי 150 גרם יעקבס,גרמים,150.00,100 גרם,false,1,14.90,0.0993,true,1,53104
7290001258804,false,גבינה קשקבל צאן,גבינות משק יעקבס,IL,קשקבל 180 גרם,גרמים,180.00,100 גרם,false,1,26.90,0.1494,true,1,13229
7290001258958,false,גבינה מוצרלה מגורדת,בטר אנד דיפרנט,IL,גבינה מוצרלה מגורדת 24% 200 גרם יעקבס,גרמים,200.00,100 גרם,false,1,25.90,0.1295,true,1,20896
7290001258972,false,משק יעקבס חלומי200 ג,בטר אנד דיפרנט,IL,חלומי 200 גרם,גרמים,200.00,100 גרם,false,1,25.90,0.1295,true,1,20897
7290001258989,false,קממבר בקר בייבי,משק יעקבס,,קממבר בקר בייבי,קילוגרמים,1.00,"ק""ג",true,,120.00,120.0000,true,1,26204
7290001265642,false,שלישיית מעדני לה קט,fidele sas,FR,לה קט מולטיפק מעדני פטה 3*400 גרם,גרמים,400.00,100 גרם,false,1,21.90,0.0547,true,1,4778
7290001302194,false,ביסלי פלאפל 55 גרם,אסם,,ביסלי פלאפל 55 גרם,גרמים,55.00,100 גרם,false,1,4.90,0.0891,true,1,19536
7290001302279,false,במבה קלאסי,מיוצר עי קונדיטוריית,IL,במבה קלאסי כלפ.48*60גרם,גרמים,60.00,100 גרם,false,1,4.90,0.0817,true,1,19569
7290001305058,false,סבון נוזלי פלמוליב ח,קולגייט פלמוליב,TR,פלמוליב סבון נוזלי חלב ודבש 750 מל,מיליליטרים,500.00,"100 מ""ל",false,1,17.90,0.0358,true,1,173
7290001305188,false,סבון כלים פלמוליב לי,קולגייט פלמולייב,GR,פלמוליב נוזל לניקוי כלים בריח לימון (כתום) 750 מל,מיליליטרים,750.00,"100 מ""ל",false,1,12.90,0.0172,true,1,174
7290001327180,false,גלידה קרמיסימו וניל,"גלידת שטראוס בע""מ",IL,גלידה קרמיסימו וניל צ'יפ 1.33 ל',ליטרים,1.33,ליטר,false,1,27.90,20.9774,true,1,177
7290001327791,false,קרמיסימו עוגיות,,IL,גלידה קרמיסימו וניל עוגיות 1.33 ל',ליטרים,1.33,ליטר,false,1,27.90,20.9774,true,1,56012
7290001342183,false,סלמון אפוי על גחלים-,אלדג,IL,"סלמון אפוי על גחלים-אל דג לק""ג",קילוגרמים,1.00,"ק""ג",true,,230.00,230.0000,true,1,69988
7290001356166,false,סלמון 100 גרם,ישראגל,,סלמון 100 גרם,גרמים,100.00,100 גרם,false,1,23.90,0.2390,true,1,30019
7290001407547,false,טחינה משומשום מלא פי,רושדי תעשיות מזון בע,IL,בארכה טחינה שומשום מלא פי 6 סידן 12*500ג,גרמים,500.00,100 גרם,false,1,18.50,0.0370,true,1,6080
7290001407769,false,טחינה משומשום מלא בא,רושדי תעשיות מזון בע,IL,בארכה טחינה עם שומשום מלא 12*500גרם,גרמים,500.00,100 גרם,false,1,18.50,0.0370,true,1,5959
7290001407813,false,בארכה חלבה שאמית פיס,HIQ FOOD PRODUCTS,IL,בארכה חלבה שאמית וניל עם פסטק.כלפ8*350ג,גרמים,350.00,100 גרם,false,1,16.90,0.0483,true,1,5983
7290001407936,false,טחינה מעודנת בארכה,רושדי תעשיות מזון בע,IL,בארכה טחינה מעודנת 12*310גרם,גרמים,310.00,100 גרם,false,1,14.50,0.0468,true,1,26320
7290001415863,false,חלה מתוקה כדורים מאפ,פילסברי,,חלה מתוקה כדורים מאפה פלסברי,לא מנהל יחידת מידה,0.00,לא מנהל יחידת מידה,false,1,15.90,0.0000,true,1,199
7290001419779,false,ופלים שוקולד עלמה 20,"גילרו בע""מ",,ופלים שוקולד עלמה 200 גרם,גרמים,200.00,100 גרם,false,1,5.50,0.0275,true,1,5881
7290001419793,false,גביעי גלידה מגולגלים,"גילרו בע""מ",,גביעי גלידה מגולגלים 12 יח,גרמים,132.00,100 גרם,false,1,12.90,0.0977,true,1,53452
7290001461105,false,לחם מחמצת לבן 600 גר,פילסברי,,לחם מחמצת לבן 600 גרם,גרמים,600.00,100 גרם,false,1,19.90,0.0332,true,1,11276
7290001461365,false,לחמניית רוסטיק פילסב,פילסברי,,לחמניית רוסטיק פילסברי,לא מנהל יחידת מידה,0.00,לא מנהל יחידת מידה,false,1,5.50,0.0000,true,1,11424
7290001461457,false,באגט רוסטיק קמח מלא,פילסברי,,באגט רוסטיק קמח מלא דגנים פילסברי,יחידה,1.00,יחידה,false,1,8.90,8.9000,true,1,11388
7290001461525,false,חצי בגט צרפתי ח.א פי,פילסברי,,חצי בגט צרפתי ח.א פילסברי,לא מנהל יחידת מידה,0.00,לא מנהל יחידת מידה,false,1,5.50,0.0000,true,1,31236
7290001461532,false,כריך רוסטיק קמח מלא,פילסברי,,כריך רוסטיק קמח מלא ודגנים פילסברי,לא מנהל יחידת מידה,0.00,לא מנהל יחידת מידה,false,1,5.50,0.0000,true,1,11861
7290001461808,false,מאפה עלים שוקולד  לק,פילסברי,,מאפה עלים שוקולד  לקג  כשלפ,קילוגרמים,1.00,"ק""ג",true,,59.90,59.9000,true,1,15139
7290001476208,false,גבינה ברי משולש כבשי,יושלם,,"גבינה ברי משולש כבשים פקאן 1 ק""ג גד",קילוגרמים,1.00,"ק""ג",true,,134.90,134.9000,true,1,218
7290001482094,false,גבינת פרמזן משולשים,זנטי אס. אי לאלין,IT,גבינת פרמזן משולשים 200 גרם,גרמים,200.00,100 גרם,false,1,29.90,0.1495,true,1,10078
7290001485019,false,גבינת קרם שמנת 5% טב,טרה,IL,גבינת קרם שמנת טבעי 200 גרם 5%,גרמים,200.00,100 גרם,false,1,13.90,0.0695,true,1,5524
7290001491010,false,תה ירוק יסמין 25 שקי,HIQ FOOD PRODUCTS,IL,תה ירוק עם יסמין T.T,גרמים,37.00,100 גרם,false,1,26.90,0.7270,true,1,224
7290001509272,false,שוקיים פטם פרימיום ק,מילועוף,,"שוקיים פטם פרימיום קפוא ארוז לק""ג",קילוגרמים,1.00,"ק""ג",true,,37.00,37.0000,true,1,30765
7290001509296,false,שניצל פרוס פרימיום ק,מילועוף,,"שניצל פרוס פרימיום קפוא ארוז לק""ג",קילוגרמים,1.00,"ק""ג",true,,46.50,46.5000,true,1,30766
7290001509319,false,כנפיים פטם פרימיום ק,מילועוף,,"כנפיים פטם פרימיום קפוא ארוז לק""ג",קילוגרמים,1.00,"ק""ג",true,,21.90,21.9000,true,1,30768
7290001509326,false,פילה פטם ארוז קפוא פ,,,פילה פטם ארוז קפוא פרימיום,קילוגרמים,1.00,"ק""ג",true,,55.00,55.0000,true,1,52878
7290001509340,false,כרעיים מקוצב פרימיום,מילועוף,,"כרעיים מקוצב פרימיום קפוא ארוז לק""ג",קילוגרמים,1.00,"ק""ג",true,,36.00,36.0000,true,1,30769
7290001509357,false,שיפודי פרגית פרימיום,מילועוף,,"שיפודי פרגית פרימיום קפוא ארוז לק""ג",קילוגרמים,1.00,"ק""ג",true,,75.00,75.0000,true,1,30770
7290001509975,false,רצועות סיני קפוא  אר,מילועוף,IL,"רצועות סיני קפוא  ארוז פרימיום לק""ג",קילוגרמים,1.00,"ק""ג",true,,42.00,42.0000,true,1,58609
7290001516522,false,שוארמה פטם פרימיום ק,מילועוף,,"שוארמה פטם פרימיום קפוא ארוז לק""ג",קילוגרמים,1.00,"ק""ג",true,,75.00,75.0000,true,1,30771
7290001548011,false,טחינה ירוקה,מונטה קרלו,IL,טחינה ירוקה מונטה קרלו 250 גרם,גרמים,250.00,100 גרם,false,1,14.90,0.0596,true,1,15327
7290001548042,false,סלט ביצים,יושלם,,סלט ביצים   מונטה קרלו 250 גרם,גרמים,250.00,100 גרם,false,,21.90,0.0876,true,1,11991
7290001548110,false,חציל סלוניקי 250גרם,יושלם,,חציל סלוניקי 250גרם,גרמים,250.00,100 גרם,false,1,16.90,0.0676,true,1,11662
7290001548127,false,חזרת  מונטה קרלו 250,מונטה קרלו,IL,חזרת  מונטה קרלו 250גרם,גרמים,250.00,100 גרם,false,1,17.90,0.0716,true,1,67672
7290001548134,false,כרוב לבן שום שמיר מו,מונטה קרלו,IL,כרוב לבן שום שמיר מונטה קרלו 250גרם,גרמים,250.00,100 גרם,false,1,14.90,0.0596,true,1,67658
7290001548141,false,גזר מרוקאי    250 גר,מונטה קרלו,IL,גזר מרוקאי    250 גרם,גרמים,250.00,100 גרם,false,1,14.90,0.0596,true,1,68997
7290001548202,false,סלק רצועות  מונטה קר,מונטה קרלו,IL,סלק רצועות  מונטה קרלו 250גרם,גרמים,250.00,100 גרם,false,1,14.90,0.0596,true,1,67649
7290001548226,false,סלט פטריות מקסיקני,מונטה קרלו,IL,פטריות ספרדי מונטה קרלו 250 גרם,גרמים,250.00,100 גרם,false,1,20.90,0.0836,true,1,26355
7290001548233,false,חציל מחנה יהודה  פיק,מונטה קרלו,IL,חציל מחנה יהודה  פיקנטי  250גרם,גרמים,250.00,100 גרם,false,1,16.90,0.0676,true,1,69009
7290001548271,false,כרוב לבן עם גזר  250,מונטה קרלו,IL,כרוב לבן עם גזר  250 גרם,גרמים,250.00,100 גרם,false,1,14.90,0.0596,true,1,69011
7290001548288,false,מסבחה פיקנטי מונטה ק,מונטה קרלו,IL,מסבחה פיקנטי מונטה קרלו 250גרם,גרמים,250.00,100 גרם,false,1,14.90,0.0596,true,1,67654
7290001548295,false,מטבוחה מונטה קרלו 25,מונטה קרלו,IL,מטבוחה מונטה קרלו 250גרם,גרמים,250.00,100 גרם,false,1,14.90,0.0596,true,1,67666
7290001548325,false,טונה ירקות מונטה קרל,מונטה קרלו,IL,טונה ירקות מונטה קרלו 250גרם,גרמים,250.00,100 גרם,false,1,23.90,0.0956,true,1,67670
7290001548349,false,סלט תפוא במיונז,מונטה קרלו,IL,"תפו""א במיונז בייתי מונטה קרלו  250 גרם",גרמים,250.00,100 גרם,false,1,14.90,0.0596,true,1,12557
7290001548370,false,טבולה,מונטה קרלו,IL,טבולה  מונטה קרלו  250 גרם,גרמים,250.00,100 גרם,false,1,16.90,0.0676,true,1,11712
7290001548387,false,כרוב סיני  מונטה קרל,מונטה קרלו,IL,כרוב סיני  מונטה קרלו 250גרם,גרמים,250.00,100 גרם,false,1,14.90,0.0596,true,1,67660
7290001548400,false,חומוס זהב מונטה קרלו,מונטה קרלו,IL,חומוס זהב מונטה קרלו 250גרם,גרמים,250.00,100 גרם,false,1,14.90,0.0596,true,1,67655
7290001548424,false,כרוב קולסלאו   מונטה,מונטה קרלו,IL,כרוב קולסלאו   מונטה קרלו 250 גרם,גרמים,250.00,100 גרם,false,1,14.90,0.0596,true,1,71636
7290001548431,false,סחוג ירוק מונטה קרלו,מונטה קרלו,IL,סחוג ירוק מונטה קרלו 250גרם,גרמים,250.00,100 גרם,false,1,14.90,0.0596,true,1,67671
7290001548523,false,חציל בתחמיץ  מונטה ק,,,חציל בתחמיץ  מונטה קרלו 250 גרם,גרמים,250.00,100 גרם,false,1,16.90,0.0676,true,1,67855
7290001548530,false,מסבחה פטרוזיליה מונט,מונטה קרלו,IL,מסבחה פטרוזיליה מונטה קרלו 250גרם,גרמים,250.00,100 גרם,false,1,14.90,0.0596,true,1,67656
7290001548561,false,גזר חריף בלימון מונט,מונטה קרלו,IL,גזר חריף בלימון מונטה קרלו 250 גרם,גרמים,250.00,100 גרם,false,1,14.90,0.0596,true,1,67665
7290001548622,false,חציל טבעי פקנטי מונט,מונטה קרלו,IL,חציל טבעי פקנטי מונטה קרלו 250גרם,גרמים,250.00,100 גרם,false,1,16.90,0.0676,true,1,67651
7290001548639,false,חציל מונטה קרלו  מונ,מונטה קרלו,IL,חציל מונטה קרלו  מונטה קרלו 250גרם,גרמים,250.00,100 גרם,false,1,16.90,0.0676,true,1,67652
7290001548691,false,כרוב אדום במיונז מונ,מונטה קרלו,IL,כרוב אדום במיונז מונטה קרלו 250גרם,גרמים,250.00,100 גרם,false,1,14.90,0.0596,true,1,67659
7290001548714,false,איקרה ורודה מונטה קר,מונטה קרלו,IL,איקרה ורודה מונטה קרלו 250גרם,גרמים,250.00,100 גרם,false,1,21.90,0.0876,true,1,68499
7290001548738,false,חציל מרוקאי מונטה קר,מונטה קרלו,,חציל מרוקאי מונטה קרלו 250 גרם,גרמים,250.00,100 גרם,false,1,16.90,0.0676,true,1,12825
7290001548745,false,איקרה לבנה מונטה קרל,מונטה קרלו,IL,איקרה לבנה מונטה קרלו 250גרם,גרמים,250.00,100 גרם,false,1,21.90,0.0876,true,1,68498
7290001548752,false,טחינה לבנה מונטה קרל,מונטה קרלו,IL,טחינה לבנה מונטה קרלו 250גרם,גרמים,250.00,100 גרם,false,1,14.90,0.0596,true,1,67657
7290001548783,false,פלפל אש טוניסאי מונט,מונטה קרלו,IL,פלפל אש טוניסאי מונטה קרלו 250גרם,גרמים,250.00,100 גרם,false,1,20.90,0.0836,true,1,67668
7290001548875,false,חמוצים יפניים דלי מו,מונטה קרלו,IL,חמוצים יפניים דלי מונטה קרלו 450גרם,גרמים,450.00,100 גרם,false,1,23.90,0.0531,true,1,67662
7290001548950,false,פלפל חריף מונטה 250ג,,,פלפל חריף מונטה 250גרם,גרמים,250.00,100 גרם,false,1,20.90,0.0836,true,1,68245
7290001548967,false,חציל תאילנדי צילי 25,קלאס פוד,IL,חציל תאילנדי צילי 250גרם,גרמים,250.00,100 גרם,false,1,16.90,0.0676,true,1,28848
7290001567807,false,כתף בקר מעושן יחיעם,פ.פ.ח. שאביט,IL,כתף בקר מעושן יחיעם 250 גרם,גרמים,250.00,100 גרם,false,1,29.90,0.1196,true,1,26938
7290001567814,false,סלמי מעושן איטלקי 30,יחיעם,IL,יחיעם סלמי מעושן בסגנון איטלקי 300 גרם,גרמים,300.00,100 גרם,false,1,22.90,0.0763,true,1,26560
7290001588604,false,לימון אורגני ארוז במ,שדות בר,IL,לימון אורגני ארוז במשקל,קילוגרמים,1.00,"ק""ג",true,,13.90,13.9000,true,1,31555
7290001594025,false,קוקה קולה קלאסי,החברה המרכזית לייצור,IL,"קוקה קולה קלאסי בקבוק 330 מ""ל",מיליליטרים,330.00,"100 מ""ל",false,1,7.50,0.0227,true,1,4357
7290001594032,false,קוקה קולה דיאט קלאסי,החברה המרכזית לייצור,IL,"דיאט קוקה קולה קלאסי 350 מ""ל",מיליליטרים,330.00,"100 מ""ל",false,1,7.50,0.0227,true,1,6566
7290001594155,false,קוקה קולה בקבוק 500,"אינסטנטה בע""מ",IL,"קוקה קולה 500 מ""ל",מיליליטרים,500.00,"100 מ""ל",false,1,7.90,0.0158,true,1,249
7290001594179,false,פאנטה אורנג בקבוק 50,"אינסטנטה בע""מ",IL,"פאנטה אורנג' 500 מ""ל",מיליליטרים,500.00,"100 מ""ל",false,1,7.90,0.0158,true,1,250
7290001594186,false,קוקה קולה דיאט בקבוק,תות תעשיות מזון (201,IL,"דיאט קוקה קולה 500 מ""ל",מיליליטרים,500.00,"100 מ""ל",false,1,7.90,0.0158,true,1,251
7290001594230,false,"סודה קינלי 250 מ""ל",החברה המרכזית לייצור,IL,"קינלי סודה 250 מ""ל",מיליליטרים,250.00,"100 מ""ל",false,1,4.00,0.0160,true,1,252
7290001594377,false,משקל פריגת תפוזים 50,מולינו ניקולי s.p.a,IL,פריגת משקה קל תפוזים 500 מל,מיליליטרים,500.00,"100 מ""ל",false,1,7.50,0.0150,true,1,253
7290001594384,false,משקל פריגת אשכוליות,מולינו ניקולי s.p.a,IL,"פריגת משק""ל אשכוליות 0.5 ליטר",מיליליטרים,500.00,"100 מ""ל",false,1,7.50,0.0150,true,1,254
7290001594391,false,משקל פריגת ענבים 500,מבשלות בירה בינלאומי,IL,"משקל פריגת ענבים 500 מ""ל",מיליליטרים,500.00,"100 מ""ל",false,1,7.50,0.0150,true,1,255
7290001594520,false,בירה טובורג 330 מל,מולינו ניקולי s.p.a,IL,"טובורג בק 330 מ""ל פקדון",מיליליטרים,330.00,"100 מ""ל",false,1,10.50,0.0318,true,1,263
7290001594568,false,בירה קרלסברג פחית 50,מולינו ניקולי s.p.a,IL,קלסברג בירה 500 מל,מיליליטרים,500.00,"100 מ""ל",false,1,9.90,0.0198,true,1,257
7290001594575,false,בירה טובורג פחית 500,מולינו ניקולי s.p.a,IL,"טובורג רד פחית 500 מ""ל",מיליליטרים,500.00,"100 מ""ל",false,1,9.90,0.0198,true,1,258
7290001594858,false,בירה טובורג רד שישיי,קרלסברג ישראל,,"בירה טובורג רד שישייה בקבוק 330 מ""ל",ליטרים,1.98,ליטר,false,1,46.90,23.6869,true,1,262
7290001594865,false,בירה קרלסברג מארז שי,קרלסברג ישראל,,"בירה קרלסברג מארז שישייה בקבוק 330 מ""ל",ליטרים,1.98,ליטר,false,1,46.90,23.6869,true,1,264
7290001598122,false,לחם שיפון וחיטה מלא,קונדיטוריית ברון,,לחם שיפון וחיטה מלא,לא מנהל יחידת מידה,0.00,לא מנהל יחידת מידה,false,1,14.00,0.0000,true,1,19622
7290001598429,false,מארז פרנות,מאפיית יוסף ברון בעמ,IL,מארז פרנות,גרמים,520.00,100 גרם,false,1,13.90,0.0267,true,1,52818
7290001598528,false,לחם כוסמין 100% מלא,מאפיית יוסף ברון בעמ,,לחם כוסמין 100% מלא 450 גרם,גרמים,450.00,100 גרם,false,1,17.90,0.0398,true,1,31121
7290001598573,false,לחמניות כוסמין 99% ק,מאפיית יוסף ברון בעמ,,לחמניות כוסמין 99 קלוריות 315 גרם,גרמים,315.00,100 גרם,false,1,16.90,0.0537,true,1,30156
7290001598580,false,פיתות כוסמין 99 קלור,מאפיית יוסף ברון בעמ,,פיתות כוסמין 99 קלוריות 375 גרם,גרמים,375.00,100 גרם,false,1,17.90,0.0477,true,1,30157
7290001670057,false,כפיות חד פעמי 100 יח,"איטיליאן פוד, אס.פי.",IL,הנמל כפיות לבן  100 יחידות,Unknown,0.00,Unknown,false,1,13.90,0.0000,true,1,4137
7290001670071,false,כפות חד פעמי 100 יחי,"איטיליאן פוד, אס.פי.",IL,הנמל כפות לבן 100 יחידות,Unknown,0.00,Unknown,false,1,16.90,0.0000,true,1,2754
7290001670873,false,צלחות עבות במיוחד 66,"איטיליאן פוד, אס.פי.",IL,צלחות עבות במיוחד 66 יחידות,קילוגרמים,1.00,"ק""ג",false,1,54.90,54.9000,true,1,2755
7290001780800,false,שלגון קראנץ ליבת נוג,נגה גלידות,,שלגון קראנץ ליבת נוגט,Unknown,0.00,Unknown,false,1,10.50,0.0000,true,1,4663
7290001865453,false,פמילי אלסבון נוזלי ל,מיוצר עי קונדיטוריית,TR,פמילי אל סבון נוזלי לבנדר ארומטי 1 ליטר,ליטרים,1.00,ליטר,false,1,15.90,15.9000,true,1,315
7290001873441,false,בלאק אנגוס בורגר,מולינו ניקולי s.p.a,IL,המבורגר BLACK ANGUS 320 גרם,גרמים,320.00,100 גרם,false,1,29.90,0.0934,true,1,59792
7290001873458,false,סטייק בורגר,מולינו ניקולי s.p.a,IL,סטייק בורגר black angus 320 גרם,גרמים,320.00,100 גרם,false,1,29.90,0.0934,true,1,59793
7290001873472,false,קבב BLACK ANGOS 320,מולינו ניקולי s.p.a,IL,קבב BLACK ANGOS 320 גרם,גרמים,320.00,100 גרם,false,1,29.90,0.0934,true,1,59862
7290001896556,false,כבד פרימיום קפוא ארו,,,כבד פרימיום קפוא ארוז לקג,קילוגרמים,1.00,"ק""ג",true,,24.90,24.9000,true,1,59683
7290001896631,false,ירך פרימיום קפוא ארו,מילועוף,IL,ירך פרימיום קפוא ארוז,קילוגרמים,1.00,"ק""ג",true,,35.90,35.9000,true,1,60185
7290001990094,false,סוכר חום בצנצנת סוגת,האי נאם סי או אל.טי.,IL,"סוכר חום בצנצנת סוגת 1 ק""ג",קילוגרמים,1.00,"ק""ג",false,1,16.90,16.9000,true,1,3926
7290001990117,false,שומשום סוגת 100 גרם,"סוגת תעשיות בע""מ",IL,שומשום 100 גר',גרמים,100.00,100 גרם,false,1,4.50,0.0450,true,1,6357
7290001990148,false,סוכר גולדן קלאסי סוג,"סוגת תעשיות בע""מ",IL,סוכר גולדן קלאסי צנצנת 1 קג,קילוגרמים,1.00,"ק""ג",false,1,13.50,13.5000,true,1,3975
7290002000136,false,שעווה למיקרו מגע משי,המאפיה של הרמן,IL,551שעווה למיקרו מגע משי הדבש 500 גרם,גרמים,500.00,100 גרם,false,1,25.90,0.0518,true,1,356
7290002007234,false,אבקת סוכר הנמל 100 ג,"מיוצר וארוז ע""י: ר.ס",IL,הנמל אבקת סוכר 100 גרם,גרמים,100.00,100 גרם,false,1,2.30,0.0230,true,1,365
7290002007241,false,אבקת סודה לשתיה 50 ג,"מיוצר וארוז ע""י: BAS",IL,סודה לשתייה 50גרם הנמל,גרמים,50.00,100 גרם,false,1,2.70,0.0540,true,1,366
7290002007500,false,קסמים חבית 500 יחידו,"איטיליאן פוד, אס.פי.",IL,קסמים חבית 500 יחידות,לא מנהל יחידת מידה,0.00,לא מנהל יחידת מידה,false,1,5.90,0.0000,true,1,370
7290002007821,false,"צבע מאכל אדום 55 מ""ל",ממתקי עלה ייצור שיוו,IL,"צבע מאכל אדום 55 מ""ל",מיליליטרים,55.00,"100 מ""ל",false,1,3.90,0.0709,true,1,3873
7290002007852,false,תמצית אפיה וניל 55 מ,ממתקי עלה יצור ושיוו,IL,הנמל תמצית בטעם וניל 55 מל,מיליליטרים,55.00,"100 מ""ל",false,1,4.40,0.0800,true,1,372
7290002007890,false,כוסות חד פעמי 100 יח,,IL,כוס שתיה קרה 100 יח,יחידה,100.00,יחידה,false,1,12.90,0.1290,true,1,374
7290002007982,false,מזלגות חד פעמי 100 י,"איטיליאן פוד, אס.פי.",IL,"הנמל מזלגות, 100 יחידות",Unknown,0.00,Unknown,false,1,16.90,0.0000,true,1,2757
7290002008019,false,סוכריות לעוגה גמבו ש,ממתקי עלה יצור ושיוו,IL,הנמל סוכריות לקישוט שוקולד 200 גרם,גרמים,200.00,100 גרם,false,1,9.80,0.0490,true,1,5155
7290002008040,false,"שיפודי עץ 30 ס""מ",הנמל אריזות ושיווק ב,IL,הנמל שיפודי במבוק 100 יחידות,Unknown,0.00,Unknown,false,1,4.90,0.0000,true,1,375
7290002008057,false,"תמצית אפיה רום 55 מ""",ממתקי עלה יצור שיווק,IL,הנמל תמצית אפייה בטעם רום 55 מל,מיליליטרים,55.00,"100 מ""ל",false,1,4.40,0.0800,true,1,376
7290002008071,false,גביעי נייר מס 1.5 הנ,הנמל אריזות ושיווק ב,IL,הנמל עטרות נייר אפייה מספר 2 130 יחידות,לא מנהל יחידת מידה,0.00,לא מנהל יחידת מידה,false,1,5.60,0.0000,true,1,377
7290002008149,false,מדליק פחם מוצק,"איטיליאן פוד, אס.פי.",,"הנמל מדליק פחם מוצק, 40 יחידות",Unknown,0.00,Unknown,false,1,8.60,0.0000,true,1,379
7290002008187,false,קשים מתקפלים לשתיה 4,"איטיליאן פוד, אס.פי.",CN,קשים מתקפלים לשתיה 40 יח,לא מנהל יחידת מידה,0.00,לא מנהל יחידת מידה,false,1,2.90,0.0000,true,1,380
7290002008224,false,סוכריות לקישוט צבעונ,ממתקי עלה בעמ,IL,הנמל סוכריות לקישוט צבעוני 100 גרם,גרמים,100.00,100 גרם,false,1,6.80,0.0680,true,1,381
7290002008309,false,גביעי נייר מס 4 הנמל,"איטיליאן פוד, אס.פי.",IL,"הנמל עטרות נייר אפייה מספר 4 , 130 יח'",לא מנהל יחידת מידה,0.00,לא מנהל יחידת מידה,false,1,5.80,0.0000,true,1,382
7290002008361,false,דפים לסנדויץ 200 יחי,הנמל אריזות ושיווק (,IL,הנמל דפים לסנדוויץ 200 יחידות,יחידה,200.00,יחידה,false,1,14.90,0.0745,true,1,11905
7290002008507,false,נייר אפיה הנמל 50 יח,"איטיליאן פוד, אס.פי.",IL,הנמל נייר אפייה 50 יח,לא מנהל יחידת מידה,0.00,לא מנהל יחידת מידה,false,1,13.50,0.0000,true,1,3976
7290002008743,false,סוכר וניל הנמל 1/10,"מיוצר וארוז ע""י: ר.ס",IL,הנמל סוכר וניל 10 יחידות,גרמים,100.00,100 גרם,false,1,3.50,0.0350,true,1,385
7290002008750,false,אבקת אפיה הנמל  1/10,"מיוצר ע""י:ר.ס. חברה",IL,הנמל אבקת אפיה 10 יחידות,גרמים,100.00,100 גרם,false,1,3.50,0.0350,true,1,386
7290002008774,false,שומשום הנמל 200 גרם,הנמל אריזות ושיווק ב,IL,הנמל שומשום 200 גרם,גרמים,200.00,100 גרם,false,1,8.90,0.0445,true,1,4389
7290002022152,false,מרשמלו כרמית 100 גרם,"כרמית מזון בע""מ",IL,מרשמלו ורוד לבן וסטהיים 100ג36X שקיות בקרטון,גרמים,100.00,100 גרם,false,1,4.90,0.0490,true,1,52888
7290002026365,false,טבעות בצל אריסטו קרא,היידי שוקולד בירונטי,BE,טבעות בצל אריסטו קראנץ 500 גרם,גרמים,500.00,100 גרם,false,1,17.90,0.0358,true,1,22035
7290002026440,false,פרצלס בראנץ 280 גרם,המאפיה של הרמן,IL,פרצלס בראנץ 280 גרם,גרמים,280.00,100 גרם,false,1,15.90,0.0568,true,1,15515
7290002035169,false,פילה מקרושקה בוואקום,אלדג,IL,"פילה מקרושקה בוואקום אל דג לק""ג",קילוגרמים,1.00,"ק""ג",true,,160.00,160.0000,true,1,71281
7290002035312,false,טונה מעושנת אל דג לק,אלדג,IL,"טונה מעושנת אל דג לק""ג",קילוגרמים,1.00,"ק""ג",true,,230.00,230.0000,true,1,69989
7290002043065,false,פריכוני אורז חום מלא,נוהלס,BG,פריכוני אורז חום מלא בציפוי שוקו מריר70ג,גרמים,70.00,100 גרם,false,1,9.50,0.1357,true,1,67702
7290002043072,false,פריכוני אורז חום מלא,נוהלס,BG,פריכוני אורז חום מלא בציפוי שוקו חלב70ג,גרמים,70.00,100 גרם,false,1,9.50,0.1357,true,1,67703
7290002043096,false,פריכוני אורז חום מלא,נוהלס,BG,פריכוני אורז חום מלא בציפוי שוקו לבן70ג,גרמים,70.00,100 גרם,false,1,9.50,0.1357,true,1,67704
7290002043126,false,פריכוני אורז חום מלא,נוהלס,BG,פריכוני אורז חום מלא 7זרעי על 24גרם,גרמים,24.00,100 גרם,false,1,4.90,0.2042,true,1,67706
7290002043218,false,ציפס אורז חום מלא מל,נוהלס,BG,ציפס אורז חום מלא מלח  60גרם,גרמים,60.00,100 גרם,false,1,6.90,0.1150,true,1,68556
7290002043782,false,ציפס אורז חום מלא טק,נוהלס,BG,ציפס אורז חום מלא טקסס ברביקיו 60גרם,גרמים,60.00,100 גרם,false,1,6.90,0.1150,true,1,67700
7290002043812,false,פריכוני אורז חום מלא,נוהלס,BG,פריכוני אורז חום מלא ציה וקינואה 24גרם,גרמים,24.00,100 גרם,false,1,4.90,0.2042,true,1,67705
7290002057123,false,זיתים ירוקים מנזנילו,קדבורי,IL,זיתים ירוקים מנזנילו ללא גלעין 540 יבנה,גרמים,540.00,100 גרם,false,1,9.90,0.0183,true,1,412
7290002057185,false,טבעות זיתים ירוקים 5,קדבורי,IL,טבעות זיתים ירוקים 540 גרם יבנה,גרמים,540.00,100 גרם,false,1,10.90,0.0202,true,1,414
7290002057352,false,מלפפונים במלח גדול 7,קבוצת יבנה מוצרי מזו,IL,קבוצת יבנה מלפפונים גדולים במלח 560 גרם,גרמים,540.00,100 גרם,false,1,7.30,0.0135,true,1,415
7290002057369,false,מלפפונים במלח יבנה10,קדבורי,IL,מלפפונים במלח יבנה10-12 540 גרם,גרמים,540.00,100 גרם,false,1,8.50,0.0157,true,1,416
7290002057376,false,מלפפונים במלח קטן 13,קדבורי,IL,13-17 מלפפונים במלח קטן,גרמים,540.00,100 גרם,false,1,10.90,0.0202,true,1,417
7290002057383,false,מלפפונים במלח קטן 18,קדבורי,IL,מלפפונים במלח קטן 18-25 540 גרם,גרמים,540.00,100 גרם,false,1,12.90,0.0239,true,1,418
7290002057451,false,מלפפונים בחומץ גדול,אף.סי תבליני בגליל ב,IL,קבוצת יבנה מלפפונים גדולים בחומץ 7-9 גדול 560 גרם,גרמים,540.00,100 גרם,false,1,7.30,0.0135,true,1,419
7290002057468,false,מלפפונים בחומץ יבנה1,קדבורי,IL,מלפפונים בחומץ יבנה10-12 540 גרם,גרמים,540.00,100 גרם,false,1,8.50,0.0157,true,1,3575
7290002057475,false,מלפפון קטן בחומץ 13-,קדבורי,IL,מלפפון קטן בחומץ 13-17 540גרם יבנה,גרמים,540.00,100 גרם,false,1,10.90,0.0202,true,1,69332
7290002057482,false,מלפפון בחומץA2 18-2,קדבורי,IL,מלפפון קטן בחומץ 18-25 יבנה 540גרם,גרמים,540.00,100 גרם,false,1,12.90,0.0239,true,1,69329
7290002065555,false,לחמניות ארוכות 6 יח,"איטיליאן פוד, אס.פי.",IL,אנג'ל הלחמניה -450 גרם,גרמים,450.00,100 גרם,false,1,11.90,0.0264,true,1,429
7290002065616,false,לחם שיפון גרעינים,מאפיית שלמה א. אנג'ל,IL,לחם שיפון גרעינים 750 גרם,גרמים,750.00,100 גרם,false,1,14.90,0.0199,true,1,8348
7290002075028,false,אובלטים אישי 150 גרם,שוקו טרייד,,אובלטים אישי 150 גרם,גרמים,150.00,100 גרם,false,1,7.90,0.0527,true,1,4596
7290002096009,false,דובשניות,חפץ,,דובשניות רגילות450 גר .ש.חפץ,גרמים,450.00,100 גרם,false,1,10.90,0.0242,true,1,69318
7290002107071,false,גבינת פטה עיזים 16%,מחלבת משק צוריאל,,בולגרית עיזים מעודנת צוריאל  16%   200גר,גרמים,200.00,100 גרם,false,1,26.90,0.1345,true,1,4960
7290002107385,false,גבינת עיזים גליל,משק צוריאל,IL,משק צוריאל מה-עז מחלב עיזים 20% שומן 180 גרם,גרמים,180.00,100 גרם,false,1,25.90,0.1439,true,1,7176
7290002107491,false,גבינת עיזים 5% למריח,משק צוריאל,IL,משק צוריאל גבינת עיזים 5% למריחה 250 גרם,גרמים,250.00,100 גרם,false,1,17.50,0.0700,true,1,442
7290002128083,false,נרות חנוכה בקופסא 44,,,נרות חנוכה בקופסא 44 יחידות,יחידה,1.00,יחידה,false,1,6.90,6.9000,true,1,47775
7290002128205,false,נרות חנוכה לוקס,,,נרות חנוכה לוקס,יחידה,1.00,יחידה,false,1,12.90,12.9000,true,1,47774
7290002128335,false,כוסות שתייה חמה50 יח,טיי פרידה,CN,כוסות שתייה חמה50 יח OZ8,יחידה,1.00,יחידה,false,1,14.90,14.9000,true,1,60576
7290002128403,false,נרות שבת אורה מספר 4,מנורה,IL,נרות שבת אורה מספר 4,יחידה,1.00,יחידה,false,1,4.90,4.9000,true,1,4319
7290002128434,false,נרות שבת אורה מספר 1,מנורה,IL,נרות שבת אורה מספר 10,יחידה,1.00,יחידה,false,1,4.90,4.9000,true,1,9071
7290002128854,false,כוסות לשתיה חמה (12,טיי פרידה,IL,"כוסות לשתיה חמה (12 יח) 340 מ""ל",יחידה,1.00,יחידה,false,1,23.90,23.9000,true,1,67109
7290002129479,false,פיצה איטלקית דקה שלו,האי נאם סי או אל.טי.,IT,פיצה איטלקית דקה שלושת האופים 320 גרם,גרמים,320.00,100 גרם,false,1,17.90,0.0559,true,1,69398
7290002130567,false,דבש דבורים טהור יד מ,תות תעשיות מזון (201,IL,דבש דבורים טהור יד מרדכי 350 גרם,גרמים,350.00,100 גרם,false,1,22.90,0.0654,true,1,455
7290002132011,false,עוגיות מזרחיות עבאדי,קריניציה ויטמינה אס,IL,"עבאדי עוגיות מזרחיות שומשום, 400 גרם",גרמים,400.00,100 גרם,false,1,21.90,0.0547,true,1,53120
7290002232995,false,ציפוי פז דגש 500 גרם,תירפז בעמ,IL,בריאות וטבע ציפוי פז מתובל 500 גרם,גרמים,500.00,100 גרם,false,1,31.90,0.0638,true,1,11161
7290002253006,false,שום כתוש דורות בצנצנ,,IL,דורות שום כתוש טרי2 12*200גרם,גרמים,200.00,100 גרם,false,1,24.90,0.1245,true,1,470
7290002253105,false,שום כתוש מגשית 80 גר,דורות,IL,שום כתוש מגשית 80 גרם,גרמים,80.00,100 גרם,false,1,17.50,0.2188,true,1,471
7290002253150,false,בזיליקום קצוץ במגשית,,IL,בזיליקום קצוץ במגשית דורות 70 גרם,גרמים,70.00,100 גרם,false,1,12.90,0.1843,true,1,472
7290002253167,false,פטרוזיליה טריה קצוץ,,IL,דורות פטרוזיליה קצוצה 32*70גרם,גרמים,70.00,100 גרם,false,1,12.90,0.1843,true,1,473
7290002253181,false,כוסברה טריה קצוצה 70,,IL,דורות כוסברה קצוצה 32*70גרם,גרמים,70.00,100 גרם,false,1,12.90,0.1843,true,1,474
7290002253198,false,"גינג""ר כתוש קפוא מגש",,IL,דורות ג'ינג'ר טרי כתוש2 16*70גרם,גרמים,70.00,100 גרם,false,1,12.90,0.1843,true,1,4394
7290002260059,false,במבה יום הולדת,"אסם השקעות בע""מ",IL,במבה יום הולדת 48*60גרם,גרמים,60.00,100 גרם,false,1,4.90,0.0817,true,1,19570
7290002281382,false,נתח פילה סלמון קפוא,דלידג,,נתח פילה סלמון קפוא 100% דג,קילוגרמים,1.00,"ק""ג",true,,89.90,89.9000,true,1,50472
7290002281498,false,ריץ מגורדת 500 ג בסי,האי נאם סי או אל.טי.,PL,"ריץ', צהובה מגורדת, לפיצה, אפייה ובישול ועוד",גרמים,500.00,100 גרם,false,1,25.90,0.0518,true,1,52303
7290002331025,false,מים נביעות ספורט בקב,נביעות טבע הגליל בעמ,IL,נביעות 500 TO GO פקדון,מיליליטרים,500.00,"100 מ""ל",false,1,5.00,0.0100,true,1,488
7290002331094,false,מים נביעות TO-GO בקב,נביעות טבע הגליל בעמ,IL,"מים נביעות TO-GO בקבוק 755 מ""ל",מיליליטרים,755.00,"100 מ""ל",false,1,6.10,0.0081,true,1,489
7290002331124,false,מי נביעות +בטעם תפוח,תות תעשיות מזון (201,IL,נביעות+ בטעם תפוח 500 מל,מיליליטרים,500.00,"100 מ""ל",false,1,8.50,0.0170,true,1,5605
7290002331155,false,מי נביעות + בטעם אפר,תות תעשיות מזון (201,IL,"נביעות + בטעם אפרסק 500 מ""ל",מיליליטרים,500.00,"100 מ""ל",false,1,8.50,0.0170,true,1,5606
7290002331162,false,מים נביעות בקבוק 1.5,נביעות,,מים נביעות בקבוק 1.5 ליטר,ליטרים,1.50,ליטר,false,1,5.90,3.9333,true,1,490
7290002331360,false,מים נביעות TO GO  שי,נביעות,,"מים נביעות TO GO  שישייה בקבוק 500 מ""ל",ליטרים,3.00,ליטר,false,1,17.90,5.9667,true,1,493
7290002331483,false,מים נביעות בייבי שיש,נביעות טבע הגליל בעמ,IL,נביעות בייבי מים מינרליים טבעיים 1.92 ליטר,ליטרים,1.92,ליטר,false,1,15.90,8.2813,true,1,17451
7290002331490,false,מים נביעות בקבוק 1 ל,תות תעשיות מזון (201,IL,נביעות 1 ליטר,ליטרים,1.00,ליטר,false,1,5.00,5.0000,true,1,18491
7290002331711,false,מי נביעות +בטעם ענבי,תות תעשיות מזון (201,IL,"נביעות + בטעם ענבים 500 מ""ל",מיליליטרים,500.00,"100 מ""ל",false,1,8.50,0.0170,true,1,6524
7290002345015,false,סינטה דק דק,קרלו,IL,סינטה דק דק אלגאוצו,גרמים,250.00,100 גרם,false,1,29.90,0.1196,true,1,31496
7290002345022,false,אנטריקוט דקדק,קרלו,IL,אל גאוצ'ו מינוט סטייק אנטריקוטדקדק 250 גרם,גרמים,250.00,100 גרם,false,1,29.90,0.1196,true,1,31497
7290002345121,false,אסאדו דקדק אל גאוצו,טיבון ויל - נטו,IL,אסאדו דקדק אל גאוצו 250גרם,גרמים,250.00,100 גרם,false,1,28.90,0.1156,true,1,67976
7290002345282,false,נתחי פילה סלמון נורו,דלידג,,נתחי פילה סלמון נורווגי קפוא 100% דג,קילוגרמים,1.00,"ק""ג",true,,89.90,89.9000,true,1,31736
7290002353249,false,ממרח דיזונז 345 גרם,מיוצר עי קונדיטוריית,FR,ממרח דיזונז 345 גרם,גרמים,345.00,100 גרם,false,1,24.90,0.0722,true,1,69649
7290002353836,false,סרדין רוברט בשמן זית,כצט,PT,סרדינים בשמן זית רוברט 115 גרם,גרמים,115.00,100 גרם,false,1,10.90,0.0948,true,1,499
7290002371533,false,סלסולי פסטרמה דבש 12,הנסיך- מפעל לייצור ט,IL,סלסולי פסטרמה דבש 120 גרם,גרמים,120.00,100 גרם,false,1,16.90,0.1408,true,1,17332
7290002371540,false,קורנדביף 120 גרם,הנסיך- מפעל לייצור ט,IL,טירת צבי דקניקים קורנדביף 120 גרם,גרמים,120.00,100 גרם,false,1,16.90,0.1408,true,1,17333
7290002371939,false,סרוולד צרפתי 120 גרם,הנסיך- מפעל לייצור ט,IL,סרוולד צרפתי 120 גרם,גרמים,120.00,100 גרם,false,1,28.90,0.2408,true,1,7086
7290002385738,false,משולשי מנצגו,יושלם,,"גבינה משולשי מנצגו לק""ג גד",קילוגרמים,1.00,"ק""ג",true,,155.90,155.9000,true,1,13329
7290002385745,false,משולשי פיקורינו,יושלם,,"גבינה משולשי פיקורינו לק""ג גד",קילוגרמים,1.00,"ק""ג",true,,155.90,155.9000,true,1,13330
7290002409014,false,גחנון אפוי ציפור השר,ציפור השרון,,גחנון אפוי ציפור השרון 600 גרם,גרמים,600.00,100 גרם,false,1,18.90,0.0315,true,1,3905
7290002409281,false,סבבה 5  מנות,פילסברי,,מאפה תימני במילוי גבינות 750גרם,גרמים,750.00,100 גרם,false,1,20.90,0.0279,true,1,9386
7290002488422,false,תמר מגהול 600 גרם,מרינה,IL,תמר מגהול 600 גרם,גרמים,600.00,100 גרם,false,1,15.90,0.0265,true,1,71836
7290002507604,false,פיצת השף שגב 320גרם,האי נאם סי או אל.טי.,IT,פיצת השף שגב 320גרם,יחידה,1.00,יחידה,false,1,17.90,17.9000,true,1,31716
7290002517108,false,אורגנו 10 גרם,תות ממתקי איכות,IL,תבליני טעם וריח מיכל קטן אורגנו 10 גרם,גרמים,10.00,100 גרם,false,1,6.90,0.6900,true,1,6346
7290002517269,false,פלפל שחור שלם 35 גרם,תות ממתקי איכות,IL,תבליני טעם וריח פלפל שחור שלם 35 גרם,גרמים,35.00,100 גרם,false,1,9.90,0.2829,true,1,6430
7290002517276,false,פלפל אנגלי שלם 25 גר,תות ממתקי איכות,IL,תבליני טעם וריח מיכל קטן פלפל אנגלי שלם 25 גרם,גרמים,25.00,100 גרם,false,1,8.90,0.3560,true,1,6321
7290002517283,false,פלפל שחור גרוס 40 גר,תות ממתקי איכות,IL,תבליני טעם וריח מיכל פלפל שחור גרוס 40 גרם,גרמים,40.00,100 גרם,false,1,9.90,0.2475,true,1,6347
7290002517290,false,קינמון טחון 40 גרם,תות ממתקי איכות,IL,"תבליני טעם וריח, 100% קינמון טחון, 40 גרם",גרמים,40.00,100 גרם,false,1,6.90,0.1725,true,1,6322
7290002517337,false,תבלין אורגנו בשקית 2,תות ממתקי איכות,IL,תבליני טעם וריח 100% אורגנו 20 גרם,גרמים,20.00,100 גרם,false,1,5.90,0.2950,true,1,6118
7290002517375,false,תיבול בזילקום שקית,תות ממתקי איכות,IL,"תבליני טעם וריח, 100% בזיליקום (ריחן), 30 גרם",גרמים,30.00,100 גרם,false,1,5.90,0.1967,true,1,6431
7290002517580,false,תערובת תיבול לעוף,תות ממתקי איכות,IL,"תבליני טעם וריח, תערובת תיבול לעוף, 80 גרם",גרמים,80.00,100 גרם,false,1,9.90,0.1238,true,1,6435
7290002517603,false,בזיליקום ריחן 10 גרם,תות ממתקי איכות,IL,"תבליני טעם וריח בזיליקום (ריחן), 10 גרם",גרמים,10.00,100 גרם,false,1,6.90,0.6900,true,1,6202
7290002517634,false,כוסברה 30 גר,תות ממתקי איכות,IL,תבליני טעם וריח כוסברה 30 גרם,גרמים,30.00,100 גרם,false,1,6.90,0.2300,true,1,6204
7290002517658,false,כורכום 40 גרם,יוליניבר,IL,תבליני טעם וריח כורכום 100% 40 גרם,גרמים,40.00,100 גרם,false,1,6.90,0.1725,true,1,6206
7290002517665,false,קימל טחון,תבליני טעם וריח,,קימל טחון 40 גר,גרמים,40.00,100 גרם,false,1,5.90,0.1475,true,1,6207
7290002517689,false,אבקת קרי 40 גרם,תות ממתקי איכות,IL,תבליני טעם וריח אבקת קרי 40 גרם,גרמים,40.00,100 גרם,false,1,6.90,0.1725,true,1,6208
7290002517726,false,מקלות קינמון 15 גרם,תות ממתקי איכות,IL,תבליני טעם וריח מקלות קינמון 100%,גרמים,15.00,100 גרם,false,1,6.90,0.4600,true,1,6210
7290002517733,false,קצח,תות ממתקי איכות,IL,"תבליני טעם וריח, 100% קצח, 40 גרם",גרמים,40.00,100 גרם,false,1,6.90,0.1725,true,1,6211
7290002517801,false,"צ""ילי כתוש חריף 30 ג",תות ממתקי איכות,IL,"תבליני טעם וריח, 100% צ'ילי כתוש חריף, 30 גרם",גרמים,30.00,100 גרם,false,1,6.90,0.2300,true,1,6216
7290002517825,false,פלפל לבן טחון 40 גרם,תות ממתקי איכות,IL,"תבליני טעם וריח, 100% פלפל לבן טחון, 40 גרם",גרמים,40.00,100 גרם,false,1,9.90,0.2475,true,1,6218
7290002517849,false,שום גבישי 50 גרם,תות ממתקי איכות,IL,תבליני טעם וריח מיכל קטן שום גבישי 50 גרם,גרמים,50.00,100 גרם,false,1,6.90,0.1380,true,1,6219
7290002517863,false,ציפורן טחון 40 גרם,תות ממתקי איכות,IL,"תבליני טעם וריח, ציפורן טחון 100%, 40 גרם",גרמים,40.00,100 גרם,false,1,9.90,0.2475,true,1,6221
7290002542506,false,בירה קורונה בקבוק 35,קריניציה ויטמינה אס,MX,בירה קורונה אקסטרה 355 מל,מיליליטרים,355.00,"100 מ""ל",false,1,12.90,0.0363,true,1,9909
7290002542773,false,סטלה ארטואה - בק 330,סטלה,BE,סטלה ארטואה בק 330 מל,מיליליטרים,330.00,"100 מ""ל",false,1,11.90,0.0361,true,1,67766
7290002542780,false,סטלה ארטואה - שישיה,סטלה,BE,סטלה ארטואה שישיה  6 בק*330 מל,ליטרים,1.32,ליטר,false,1,39.90,30.2273,true,1,67767
7290002542810,false,בירה הוגרדן בקבוק 33,הוגרדן,BE,בירה הוגרדן בקבוק 330 מל,מיליליטרים,330.00,"100 מ""ל",false,1,11.90,0.0361,true,1,67757
7290002542865,false,שישיית בירה הוגרדן 6,הוגרדן,BE,שישיית בירה הוגרדן 6*330 מל,ליטרים,1.98,ליטר,false,1,59.90,30.2525,true,1,67759
7290002543046,false,דגני קלוגס פרוסטיס 7,כלורוקס אוקלנד,ES,דגני קלוגס פרוסטיס 750 גרם,גרמים,750.00,100 גרם,false,1,24.90,0.0332,true,1,558
7290002543237,false,קורנפלקס קלוגס 750 ג,כלורוקס אוקלנד,,קלוגס קורנפלקס 750 גרם,גרמים,750.00,100 גרם,false,1,18.90,0.0252,true,1,562
7290002551003,false,טונה בשמן סטארקיסט,סטארקיסט,,טונה בשמן סטארקיסט  160 גרם,גרמים,160.00,100 גרם,false,1,8.90,0.0556,true,1,565
7290002551010,false,טונה במים סטארקיסט 1,"איטיליאן פוד, אס.פי.",TR,ס.ק  טונה במים 160גרם-בי,גרמים,160.00,100 גרם,false,1,8.90,0.0556,true,1,566
7290002603016,false,טונה ויליגר מי מלח 1,ויליגר,,טונה ויליגר מי מלח 140ג*4,גרמים,560.00,100 גרם,false,1,23.90,0.0427,true,1,70142
7290002608011,false,פרצל סנדוויץ פילסברי,פילסברי,,פרצל סנדוויץ פילסברי,לא מנהל יחידת מידה,0.00,לא מנהל יחידת מידה,false,1,5.90,0.0000,true,1,30589
7290002608028,false,פרצל באן פילסברי,פילסברי,,פרצל באן פילסברי,Unknown,0.00,Unknown,false,1,4.90,0.0000,true,1,30590
7290002608035,false,פרצל עם שומשום פילסב,פילסברי,,פרצל עם שומשום פילסברי,יחידה,0.00,יחידה,false,1,6.90,0.0000,true,1,30591
7290002608097,false,סנדוויץ רוסטיק קמח מ,פילסברי,,סנדוויץ רוסטיק קמח מלא וג.פשתן פילסברי,יחידה,1.00,יחידה,false,1,4.90,4.9000,true,1,26811
7290002608127,false,בייגל רומני פילסברי,פילסברי,,בייגל רומני פילסברי,יחידה,1.00,יחידה,false,1,6.90,6.9000,true,1,26571
7290002608363,false,לחמניית המבורגר חצוי,,,לחמניית המבורגר חצויה פרמיום,יחידה,40.00,יחידה,false,1,3.90,0.0975,true,1,55737
7290002608523,false,לחם מחמצת כוסמין,פילסברי,,לחם מחמצת כוסמין,גרמים,600.00,100 גרם,false,1,19.90,0.0332,true,1,47828
7290002608547,false,לחם מחמצת שיפון חמוצ,פילסברי,IL,לחם מחמצת שיפון חמוציות,יחידה,12.00,יחידה,false,1,19.90,1.6583,true,1,52703
7290002608769,false,לחם מחמצת טוסקני דגנ,פילסברי,,לחם מחמצת טוסקני דגנים,גרמים,600.00,100 גרם,false,1,19.90,0.0332,true,1,47826
7290002627210,false,גפילטע פיש  דלידג  ב,האי נאם סי או אל.טי.,IL,גפילטע פיש  דלידג  בצנצנת 560 גרם,גרמים,560.00,100 גרם,false,1,14.90,0.0266,true,1,56458
7290002657866,false,פילה אמנון דלידג,גואנדונג יוג'יה סיפו,,פילה אמנון דלידג,קילוגרמים,1.00,"ק""ג",true,,36.90,36.9000,true,1,16944
7290002692478,false,שמן זית כתית מעולה מ,"מרקאולאו, ספרד.אבסה,",IT,"שמן זית כתית מעולה מעודן עץ הזית 750 מ""ל",מיליליטרים,750.00,"100 מ""ל",false,1,36.90,0.0492,true,1,5491
7290002715504,false,תבשיל מגיק בכוס עוף,טאט הוי פוד בעמ,SG,ארוחת ירקות - בטעם עוף,גרמים,70.00,100 גרם,false,1,6.50,0.0929,true,1,593
7290002730262,false,סבון כלים פלמוליב קל,קולגייט פלמולייב,GR,פלמוליב נוזל לניקוי כלים קלאסי 750 מל,מיליליטרים,750.00,"100 מ""ל",false,1,12.90,0.0172,true,1,603
7290002730675,false,משחת שיניים קולגייט,קולגייט פלמוליב,PL,"משחת שיניים קולגייט אדומה 100 מ""ל",מיליליטרים,100.00,"100 מ""ל",false,1,9.90,0.0990,true,1,607
7290002730811,false,משחת שניים קולגיט גל,קולגייט פלמוליב,PL,משחת שניים קולגיט גל משפחתי,מיליליטרים,100.00,"100 מ""ל",false,1,13.90,0.1390,true,1,608
7290002730941,false,צמר גפן פרוס,הנסיך- מפעל לייצור ט,GR,בלונס פסי צמר גפן 100 גרם,גרמים,100.00,100 גרם,false,1,6.80,0.0680,true,1,2608
7290002750048,false,לחמניות כשלפ,יושלם,,"לחמניות כשל""פ רביעיה 300  גרם",גרמים,300.00,100 גרם,false,1,21.90,0.0730,true,1,5420
7290002750406,false,סופגנייה מטוגנת קפוא,פילסברי,,סופגנייה מטוגנת קפואה עם ריבה,גרמים,95.00,100 גרם,false,1,3.90,0.0411,false,1,7588
7290002750444,false,סופגנייה מטוגנת קפוא,פילסברי,,סופגנייה מטוגנת קפואה ריקה,גרמים,95.00,100 גרם,false,1,4.50,0.0474,false,1,8756
7290002750710,false,מיני סופגנייה מטוגנת,פילסברי,,מיני סופגנייה מטוגנת קפואה עם ריבה,גרמים,40.00,100 גרם,false,1,2.90,0.0725,false,1,8692
7290002750819,false,אצבע פילו תרד ובולגר,פילסברי,,אצבע פילו תרד ובולגרית פילסברי,קילוגרמים,1.00,"ק""ג",true,,54.50,54.5000,true,1,58387
7290002750963,false,באגט רוסטיק פילסברי,פילסברי,,באגט רוסטיק פילסברי,לא מנהל יחידת מידה,0.00,לא מנהל יחידת מידה,false,1,8.90,0.0000,true,1,10455
7290002752332,false,סוכריות מנטוס פירות,הדקלאים אגודת שיתופי,NL,מנטוס סוכריות לעיסה בטעם פירות 37.5 גרם,גרמים,38.00,100 גרם,false,1,3.90,0.1026,true,1,614
7290002752349,false,סוכריות מנטוס מנטה ג,קדבורי,NL,גליל מנטוס סוכריות לעיסה בטעם מנטה,גרמים,38.00,100 גרם,false,1,3.90,0.1026,true,1,2544
7290002771104,false,קפה נחלה הל 500 גרם,מולינו ניקולי s.p.a,IL,אל נחל'ה קפה קלוי וטחון עם הל 500 גרם,גרמים,500.00,100 גרם,false,1,37.90,0.0758,true,1,3590
7290002771128,false,קפה תורכי נחלה 250 ג,מולינו ניקולי s.p.a,IL,קפה תורכי נחלה 250 גרם,גרמים,250.00,100 גרם,false,1,21.50,0.0860,true,1,3591
7290002775898,false,עוגת מוס בלגי ריץ 85,בטר אנד דיפרנט,IL,ריץ' עוגת מוס עם שוקולד בסגנון בלגי 850 גרם,גרמים,850.00,100 גרם,false,1,69.90,0.0822,true,1,9882
7290002824183,false,גבינה סקי 5%  פיקוח,"שטראוס בריאות בע""מ",IL,סקי משפחתי 5%,גרמים,500.00,100 גרם,false,1,9.96,0.0199,true,1,640
7290002824466,false,יוגורט דנונה 0% טבעי,"שטראוס בריאות בע""מ",IL,דנונה ביו  0% 200 גרם,גרמים,200.00,100 גרם,false,1,3.90,0.0195,true,1,641
7290002824640,false,גבינה סקי 5% פיקוח 2,"שטראוס בריאות בע""מ",IL,סקי 5% 250 גרם,גרמים,250.00,100 גרם,false,1,4.98,0.0199,true,1,642
7290002868996,false,קוטג מועשר 5% טרה 25,טרה,,קוטג מועשר 5% טרה 250 גרם,גרמים,250.00,100 גרם,false,1,6.50,0.0260,true,1,5377
7290002871248,false,בירה טובורג בקבוק חו,מולינו ניקולי s.p.a,IL,"טובורג מלא חוזר חדש 500 מ""ל",מיליליטרים,500.00,"100 מ""ל",false,1,9.50,0.0190,true,1,673
7290002871361,false,בירה קרלסברג בקבוק ח,מבשלות בירה בינלאומי,IL,קלסברג בירה 500 מל,מיליליטרים,500.00,"100 מ""ל",false,1,9.50,0.0190,true,1,675
7290002879237,false,חטיף ציפס תירס ברביק,דדוש דניאל,,חטיף ציפס תירס ברביקיו 200 גרם,גרמים,200.00,100 גרם,false,1,12.90,0.0645,true,1,6141
7290002879282,false,חטיף ציפס תירס רגיל,פוקולוקו,,חטיף ציפס תירס רגיל 200 גרם,גרמים,200.00,100 גרם,false,1,12.90,0.0645,true,1,5530
7290002879299,false,מלפפונים גדולים בחומ,דדוש דניאל,,מלפפונים גדולים בחומץ 860 גרם,גרמים,860.00,100 גרם,false,1,23.90,0.0278,true,1,3921
7290002879305,false,מלפפונים קטנים בחומץ,דדוש דניאל,,מלפפונים קטנים בחומץ 860 גרם,גרמים,860.00,100 גרם,false,1,23.90,0.0278,true,1,4114
7290002879411,false,מלפפונים חמוץ מתוק 6,פולן,,מלפפונים חמוץ מתוק 680 גרם,גרמים,680.00,100 גרם,false,1,17.90,0.0263,true,1,5531
7290002879435,false,כרוב כבוש 900 גרם,פולן,,כרוב כבוש 900 גרם,גרמים,900.00,100 גרם,false,1,18.90,0.0210,true,1,7790
7290002879633,false,וופל בלגי 1/10 550 ג,הרטו בלגיה,BE,וופל בלגי 1/10 550 גרם,גרמים,550.00,100 גרם,false,1,27.90,0.0507,true,1,69032
7290002920311,false,קממבר צאן,יושלם,,"קממבר צאן 25% לק""ג גד",קילוגרמים,1.00,"ק""ג",true,,129.90,129.9000,true,1,710
7290002921165,false,ספריי הזלין למוצרי ע,יוליניבר,,יעקבי הזלין קונדישינר חלב שקוף לרהיטי עור 400 מל,מיליליטרים,400.00,"100 מ""ל",false,1,43.90,0.1097,true,1,711
7290002921240,false,שמפוזר לרפוד עם מברש,יוליניבר,MX,יעקבי קרבונה מסיר כתמים מריפוד ושטיחים 650 מל,מיליליטרים,650.00,"100 מ""ל",false,1,35.90,0.0552,true,1,712
7290002921349,false,דבק סופר גלו לוקטיט,הנקל,,דבק סופר גלו לוקטיט,גרמים,100.00,100 גרם,false,1,16.90,0.1690,true,1,713
7290002922117,false,עוגיות פרימיום 200-3,אקלר,,עוגיות פרימיום 200-300 גרם,גרמים,300.00,100 גרם,false,1,24.90,0.0830,true,1,3761
7290002929642,false,טונה ויליגר בשמן140,יבואן ומשווק: ש. שסט,TH,טונה ויליגר בשמן 140 גרם 1\4,גרמים,560.00,100 גרם,false,1,23.90,0.0427,true,1,19166
7290003009183,false,סירופ דיאט פריגת תפו,גת,IL,"סירופ דיאט פריגת תפוחים 750 מ""ל",מיליליטרים,750.00,"100 מ""ל",false,1,23.90,0.0319,true,1,5353
7290003009312,false,בוטנים קלויים קליית,הדקלאים אגודת שיתופי,IL,בוטן קלוי 200 גר' שק',גרמים,200.00,100 גרם,false,1,7.90,0.0395,true,1,2609
7290003009329,false,בוטנים אמריקאיים קלי,ששון ושות' (ש.ת. תעש,IL,בוטן אמריק'200 גר'שק (ב(24,גרמים,200.00,100 גרם,false,1,7.90,0.0395,true,1,2546
7290003009336,false,קבוקים מצופים קליית,קוד יצרן JG,IL,קבוקים 200 גר'שק'ב24,גרמים,200.00,100 גרם,false,1,7.90,0.0395,true,1,3106
7290003009640,false,מיץ תפוזים סחוט פריג,גת,IL,סחוט תפוזים קלאסי 1 ליטר,ליטרים,1.00,ליטר,false,1,19.90,19.9000,true,1,745
7290003026234,false,קמיל בלו תחליב לתינו,הדקלאים אגודת שיתופי,IL,קמיל בלו סנסיטיב תחליב לתינוק 500 גרם,מיליליטרים,500.00,"100 מ""ל",false,1,26.90,0.0538,true,1,4243
7290003029181,false,שוקו יטבתה בקבוק 1 ל,מחלבת יטבתה,IL,שוקו 1 ליטר,ליטרים,1.00,ליטר,false,1,12.90,12.9000,true,1,790
7290003029372,false,משקה חלב בננה יטבתה,מחלבת יטבתה,IL,בננה 1 ליטר,ליטרים,1.00,ליטר,false,1,12.90,12.9000,true,1,792
7290003029389,false,משקה חלב בננה פקק ספ,מחלבת יטבתה,IL,"בננה פקק 250 מ""ל",מיליליטרים,250.00,"100 מ""ל",false,1,5.90,0.0236,true,1,793
7290003029433,false,שוקו יטבתה פקק ספורט,מחלבת יטבתה,IL,"שוקו פקק 250 מ""ל",מיליליטרים,250.00,"100 מ""ל",false,1,5.90,0.0236,true,1,794
7290003029532,false,מוקה יטבתה בקבוק 1 ל,מחלבת יטבתה,IL,מוקה 1 ליטר,ליטרים,1.00,ליטר,false,1,12.90,12.9000,true,1,795
7290003029792,false,מארז שוקו יטבתה 8 שק,שטראוס גרופ,,מארז שוקו יטבתה 8 שקיות,ליטרים,1.80,ליטר,false,1,18.90,10.5000,true,1,5379
7290003029815,false,חלב מועשר 3% בכד יטב,מחלבת יטבתה,IL,חלב מועשר 3% בכד יטבתה 2 ליטר,ליטרים,2.00,ליטר,false,1,15.60,7.8000,true,1,5421
7290003029907,false,קפה יטבתה בקבוק 1 לי,מחלבת יטבתה,IL,אייס קפה 1 ליטר,ליטרים,1.00,ליטר,false,1,12.90,12.9000,true,1,5611
7290003047642,false,תה ליפטון אנגלי 100,"יונילוור רוסייה בע""מ",RU,תה שחור יילו לייבל,גרמים,150.00,100 גרם,false,1,19.90,0.1327,true,1,807
7290003054213,false,לחם שיפון כפרי מסטמכ,מסטמכר,DE,לחם שיפון כפרי מסטמכר 500 גרם,גרמים,500.00,100 גרם,false,1,14.50,0.0290,true,1,816
7290003054657,false,"חרדל דיז""ון אקסטרא פ",כלורוקס אוקלנד,FR,חרדל דיז'ון אקסטרא פורטה 370 גרם,גרמים,370.00,100 גרם,false,1,14.90,0.0403,true,1,818
7290003060009,false,"קמח חיטה לבן 1 ק""ג ס",טחנות ישראל,,"קמח חיטה לבן 1 ק""ג סוגת",קילוגרמים,1.00,"ק""ג",false,1,6.90,6.9000,true,1,823
7290003060023,false,"סולת חיטה 1 ק""ג טחנו",טחנות ישראל,,"סולת חיטה 1 ק""ג טחנות ישראליות",קילוגרמים,1.00,"ק""ג",false,1,5.90,5.9000,true,1,824
7290003060078,false,קמח שיפון מלא טחנות,טחנות ישראל,IL,"קמח שיפון מלא טחנות ישראליות 1 ק""ג",קילוגרמים,1.00,"ק""ג",false,1,4.90,4.9000,true,1,69400
7290003072842,false,חזה אווז טירת צבי 12,הנסיך- מפעל לייצור ט,IL,"טירת צבי, חזה אווז מעושן, ללא גלוטן, 100 גר'",גרמים,120.00,100 גרם,false,1,28.90,0.2408,true,1,58104
7290003072859,false,רוסטביף 120 גרם,הנסיך- מפעל לייצור ט,IL,טירת צבי דלקטיב רוסטביף 120 גרם,מיליליטרים,120.00,"100 מ""ל",false,1,28.90,0.2408,true,1,58438
7290003102068,false,צימרוני אוזניים מעץ,יושלם,,צימרוני אוזניים מעץ 100 יח,יחידה,1.00,יחידה,false,1,1.90,1.9000,true,1,11789
7290003102976,false,צימרוני אוזניים פלסט,הדקלאים אגודת שיתופי,CN,צימרוני פלסטיק צבעוניים 200 יחידות,יחידה,1.00,יחידה,false,1,4.90,4.9000,true,1,12843
7290003126712,false,יוגורט עיזים 3.9%  1,משק צוריאל,IL,יוגורט עיזים 3.9%  150 גרם צוריאל,גרמים,150.00,100 גרם,false,1,7.90,0.0527,true,1,5758
7290003126958,false,טופו גולמי וואקום 30,א.י.ן תעשיות מזון בע,IL,טופו גולמי וואקום 300 גרם צוריאל,גרמים,300.00,100 גרם,false,1,14.90,0.0497,true,1,842
7290003143146,false,ממרח תמרים 450 קלית,הדקלאים אגודת שיתופי,IL,ממרח תמרים 450 קלית גת,גרמים,450.00,100 גרם,false,1,6.90,0.0153,true,1,42973
7290003144310,false,תערובת אגוזים וחמוצי,J&G PECANS,IL,תע'אגוזים וחמוציות 150 גר,גרמים,150.00,100 גרם,false,1,22.90,0.1527,true,1,48980
7290003145751,false,אגוזי קשיו קלויים קל,הדקלאים אגודת שיתופי,IL,"קליית גת אגוזי קלויים, 200 גרם",גרמים,200.00,100 גרם,false,1,21.90,0.1095,true,1,7724
7290003145959,false,פקאן,קוד יצרן JG,IL,פקאן טבעי 150 גרם,יחידה,150.00,יחידה,false,1,24.90,0.1660,true,1,71621
7290003208586,false,מרטיני לבן בקבוק 750,מרטיני ורוסי,IT,"מרטיני ביאנקו וורמוט לבן מתוק 750 מ""ל",מיליליטרים,750.00,"100 מ""ל",false,1,54.90,0.0732,true,1,9838
7290003208609,false,מרטיני אדום 750 מל,מרטיני ורוסי,IT,"מרטיני רוסו וורמוט אדום מתוק 750 מ""ל",מיליליטרים,750.00,"100 מ""ל",false,1,54.90,0.0732,true,1,9839
7290003208890,false,וודקה פינלנדיה,יושלם,,"וודקה פינלנדיה 200 מ""ל",מיליליטרים,200.00,"100 מ""ל",false,1,29.90,0.1495,true,1,49446
7290003210114,false,טרופית בוסתן 200 מל,בוסתן,IL,טרופית בוסתן 200 מל,מיליליטרים,200.00,"100 מ""ל",false,1,2.90,0.0145,true,1,54653
7290003220380,false,מעדני מלך סנדוויץ שו,אחים פפושדו,IL,מעדני מלך סנדוויץ שוקו 150ג,גרמים,150.00,100 גרם,false,1,5.50,0.0367,true,1,69279
7290003220397,false,מעדני מלך סנדוויץ ונ,אחים פפושדו,IL,מעדני מלך סנדוויץ וניל 150ג,גרמים,150.00,100 גרם,false,1,5.50,0.0367,true,1,69280
7290003220977,false,עוגיות מצופות מעדני,אפיפית,,עוגיות מצופות מעדני המלך 175 גר,גרמים,175.00,100 גרם,false,1,10.90,0.0623,true,1,68468
7290003229109,false,פסטרמה בפפריקה,הנסיך- מפעל לייצור ט,IL,פסטרמה בפפריקה טירת צבי 400 גרם,גרמים,400.00,100 גרם,false,1,32.90,0.0822,true,1,888
7290003229116,false,פסטרמה בדבש 400 גרם,הנסיך- מפעל לייצור ט,IL,פסטרמה בדבש טירת צבי 400 גרם,גרמים,400.00,100 גרם,false,1,32.90,0.0822,true,1,889
7290003229123,false,פסטרמה על גחלים 400,הנסיך- מפעל לייצור ט,IL,פסטרמה על גחלים טירת צבי 400 גרם,גרמים,400.00,100 גרם,false,1,32.90,0.0822,true,1,890
7290003229192,false,כתף בקר מעושן טירת צ,טיב טירת צבי 2000,IL,"טירת צבי, פסטרמה כתף בקר מעושנת  400 גרם",גרמים,400.00,100 גרם,false,1,34.90,0.0872,true,1,891
7290003268641,false,חלה מתוקה 500 גרם,מולינו ניקולי s.p.a,IL,חלה מתוקה 500 גרם,גרמים,500.00,100 גרם,false,1,13.90,0.0278,true,1,30875
7290003268764,false,חלה רגילה 500 גרם,מולינו ניקולי s.p.a,IL,חלה רגילה 500 גרם,גרמים,500.00,100 גרם,false,1,5.17,0.0103,true,1,4972
7290003321155,false,דנונה בר דגנים פקאן,"שטראוס בריאות בע""מ",IL,דנונה בר פקאן,גרמים,175.00,100 גרם,false,1,4.90,0.0280,true,1,905
7290003321292,false,גבינה סקי 9%  250 גר,"שטראוס בריאות בע""מ",IL,סקי 9% 250 גרם,גרמים,250.00,100 גרם,false,1,4.80,0.0192,true,1,906
7290003387205,false,דאודורנט ספיד סטיק י,קולגייט פלמוליב,US,דאודורנט ספיד סטיק רגולר 56.6 גרם,גרמים,70.00,100 גרם,false,1,21.90,0.3129,true,1,921
7290003400500,false,שוקולד ריזס קרמל עם,הרשי,,שוקולד ריזס קרמל עם בוטנים 47 גרם,גרמים,47.00,100 גרם,false,1,6.10,0.1298,true,1,17601
7290003411313,false,מפת שולחן רב פעמית 1,שיווק: הנמל אריזות ו,IL,הנמל מפת שולחן אל בד 180X120 סמ,Unknown,0.00,Unknown,false,1,6.90,0.0000,true,1,4249
7290003411689,false,ליפתניות חד פעמי  25,"איטיליאן פוד, אס.פי.",IL,הנמל ליפתניות  25 יחידות,יחידה,1.00,יחידה,false,1,5.90,5.9000,true,1,2769
7290003411696,false,מרקיות חד פעמי הנמל,,IL,הנמל מרקיות לבן 25 יחידות,יחידה,0.00,יחידה,false,1,11.90,0.0000,true,1,2770
7290003411993,false,גפרורים הנמל 10 יחיד,"איטיליאן פוד, אס.פי.",SE,הנמל גפרורים 10 יחידות,לא מנהל יחידת מידה,0.00,לא מנהל יחידת מידה,false,1,5.00,0.0000,true,1,4880
7290003423909,false,שוקולד הרשיז קוקיז א,הרשי,,שוקולד הרשיז קוקיז אנד קרים 43 גרם,גרמים,43.00,100 גרם,false,1,5.90,0.1372,true,1,17789
7290003427154,false,שמן זית זיתא כתית מע,זיתא,IL,"זיתא שמן זית כתית מעולה, טעם מעודן 750 מל",מיליליטרים,750.00,"100 מ""ל",false,1,36.90,0.0492,true,1,3862
7290003438006,false,ממרח פסטו וצנובר אול,אוליביה גורמה (1996),IL,ממרח פסטו וצנובר אוליביה 180 גרם,גרמים,180.00,100 גרם,false,1,14.90,0.0828,true,1,8
7290003438020,false,ממרח עגבניות מיובשות,אוליביה גורמה (1996),IL,ממרח עגבניות מיובשות אוליביה 190 גרם,גרמים,190.00,100 גרם,false,1,14.90,0.0784,true,1,10
7290003438075,false,חרוסת אוליביה מצונן,מיוצר עי קונדיטוריית,IL,אוליביה חרוסת 210 גרם,גרמים,210.00,100 גרם,false,1,11.90,0.0567,true,1,51759
7290003438709,false,ממרח זיתים שחורים או,אוליביה גורמה בעמ,IL,ממרח זיתים שחורים אוליביה190 גרם,גרמים,190.00,100 גרם,false,1,14.90,0.0784,true,1,12
7290003444009,false,שוקולד ריזס חלב 42 ג,הרשי,,שוקולד ריזס חלב 42 גרם,גרמים,42.00,100 גרם,false,1,4.90,0.1167,true,1,17791
7290003450602,false,חרדל היינץ לחיץ 255,כלורוקס אוקלנד,US,היינץ חרדל לחיץ 255 גרם,גרמים,255.00,100 גרם,false,1,12.90,0.0506,true,1,949
7290003450725,false,חומץ היינץ בן יין אד,כלורוקס אוקלנד,US,היינץ חומץ יין 5% 355 מל,מיליליטרים,355.00,"100 מ""ל",false,1,12.90,0.0363,true,1,4322
7290003457861,false,שלגון סולרו טרופי,שטראוס גלידות,,שלגון סולרו פירות טרופיים,גרמים,85.00,100 גרם,false,1,11.90,0.1400,true,1,964
7290003457991,false,טילון קורנטו קלאסיקו,,IL,טילון קורנטו קלאסיקו משפחתי 6 יחידות,גרמים,418.00,100 גרם,false,1,37.90,0.0907,true,1,966
7290003514007,false,שקדי מרק מנה 400 גרם,מנה,IL,מנה שקדי מרק 400 גרם,גרמים,400.00,100 גרם,false,1,11.90,0.0298,true,1,15281
7290003514571,false,פריכיות אורז עם מלח,מנה,IL,פריכיות אורז עם מלח מנה 100 גרם,גרמים,100.00,100 גרם,false,1,6.20,0.0620,true,1,9045
7290003520572,false,6 מטריות חרוב,תופינית,,מטריות חרובים  54גרם,גרמים,54.00,100 גרם,false,1,15.90,0.2944,true,1,5963
7290003521760,false,"אפטרסול ג""ל אלוורה 2",פישר מעבדות פרמצבטיו,IL,"אפטרסול ג""ל אלוורה 200 מ""ל",מיליליטרים,200.00,"100 מ""ל",false,1,26.90,0.1345,true,1,3085
7290003578078,false,לפתן קוקטייל טרופי,יוליניבר,CN,לפתן קוקטייל טרופי 820 גר,גרמים,820.00,100 גרם,false,1,10.90,0.0133,true,1,70608
7290003578177,false,תירס גמדי שלם,מגסטיק פוד אידסטרי ק,TH,תירס גמדי 410 גרם,גרמים,410.00,100 גרם,false,1,6.90,0.0168,true,1,998
7290003578672,false,שמן חמניות שארית ישר,גידה,TR,שמן חמניות שארית ישראל 1 ליטר,ליטרים,1.00,ליטר,false,1,11.90,11.9000,true,1,1003
7290003643004,false,אורז בסמטי קלאסי סוג,"סוגת תעשיות בע""מ",IL,"אורז בסמטי קלאסי 1 ק""ג",קילוגרמים,1.00,"ק""ג",false,1,15.90,15.9000,true,1,1015
7290003643127,false,אבקת אפיה סוגת 1/10,גוד פוד פרודקטס S.p,IL,אבקת אפיה סוגת 10 גרם,Unknown,0.00,Unknown,false,1,2.50,0.0000,true,1,6336
7290003643134,false,סוכר וניל סוגת 10*10,גוד פוד פרודקטס S.p,IL,סוכר וניל סוגת 10 גרם,גרמים,100.00,100 גרם,false,1,2.80,0.0280,true,1,6335
7290003643158,false,קורנפלור סוגת,המאפיה של הרמן,IL,סוגת קורנפלור 200 גרם,גרמים,200.00,100 גרם,false,1,4.90,0.0245,true,1,51358
7290003643387,false,סוכר לבן בצנצנת פלסט,"סוגת תעשיות בע""מ",IL,"סוכר 1 ק""ג בצנצנת",קילוגרמים,1.00,"ק""ג",false,1,9.90,9.9000,true,1,1017
7290003643646,false,סוכר דמררה צנצנת סוג,האי נאם סי או אל.טי.,IL,"סוכר דמררה צנצנת סוגת 1 ק""ג",קילוגרמים,1.00,"ק""ג",false,1,13.90,13.9000,true,1,1018
7290003643684,false,אפונה סוגת 500 גרם,"סוגת תעשיות בע""מ",IL,אפונה 500 גרם,גרמים,500.00,100 גרם,false,1,7.90,0.0158,true,1,5829
7290003643714,false,חומוס סוגת 500 גרם,"סוגת תעשיות בע""מ",IL,חומוס 500 גרם,גרמים,500.00,100 גרם,false,1,9.90,0.0198,true,1,6353
7290003643738,false,חיטה סוגת 500 גרם,"סוגת תעשיות בע""מ",IL,חיטה 500 גרם,גרמים,500.00,100 גרם,false,1,6.50,0.0130,true,1,6355
7290003643745,false,כוסמת סוגת 500 גרם,"סוגת תעשיות בע""מ",IL,כוסמת 500 גרם,גרמים,500.00,100 גרם,false,1,8.90,0.0178,true,1,6354
7290003643752,false,עדשים ירוקות סוגת 50,"סוגת תעשיות בע""מ",IL,עדשים ירוקות 500 גר',גרמים,500.00,100 גרם,false,1,8.90,0.0178,true,1,6419
7290003643769,false,עדשים אדומות סוגת 50,"סוגת תעשיות בע""מ",IL,עדשים אדומות סוגת 500 גרם,גרמים,500.00,100 גרם,false,1,8.90,0.0178,true,1,4462
7290003643776,false,פופקורן סוגת 500 גרם,"סוגת תעשיות בע""מ",IL,פופקורן 500 גרם,גרמים,500.00,100 גרם,false,1,6.80,0.0136,true,1,6352
7290003643783,false,קוקוס סוגת 100 גרם,"סוגת תעשיות בע""מ",IL,קוקוס 100 גרם,גרמים,100.00,100 גרם,false,1,4.50,0.0450,true,1,5264
7290003643806,false,שעועית לבנה סוגת 500,"סוגת תעשיות בע""מ",IL,שעועית לבנה 500 גרם,גרמים,500.00,100 גרם,false,1,13.90,0.0278,true,1,6040
7290003643813,false,שעועית אדומה סוגת 50,"סוגת תעשיות בע""מ",IL,שעועית אדומה סוגת 500 גרם,גרמים,500.00,100 גרם,false,1,12.90,0.0258,true,1,6356
7290003706013,false,שורש ארוז,חקלאי,IL,שורש ארוז,לא מנהל יחידת מידה,0.00,לא מנהל יחידת מידה,false,1,6.90,0.0000,true,1,29560
7290003726615,false,טופו ויילר 300 גרם,"משק ווילר בע""מ",IL,טופו ויילר 300 גרם,גרמים,300.00,100 גרם,false,1,13.90,0.0463,true,1,54263
7290003726622,false,טופו פיקנטי  ויילר 3,משק וואיילר,IL,טופו פיקנטי  ויילר 300גרם,גרמים,300.00,100 גרם,false,1,13.90,0.0463,true,1,70150
7290003779499,false,גינגר טרי יח,מרינה,IL,גינגר טרי יח,גרמים,200.00,100 גרם,false,1,12.90,0.0645,true,1,10074
7290003781652,false,צלפים במי מלח 350 גר,סוסיטס,TR,צלפים במי מלח 350 גרם,גרמים,350.00,100 גרם,false,1,10.90,0.0311,true,1,47712
7290003804320,false,תיבולית קנור שום ופט,יוניליוור ישראל מזון,IL,קנור תיבוליות שום ופטרוזיליה 72 גרם,גרמים,72.00,100 גרם,false,1,11.90,0.1653,true,1,1075
7290003804368,false,תיבולית קנור בזיליקו,יוניליוור ישראל מזון,IL,קנור תיבוליות בזיליקום 72 גרם,גרמים,72.00,100 גרם,false,1,11.90,0.1653,true,1,1078
7290003805501,false,פתית שוודי 300 גרם,יוניליוור ישראל מזון,IL,פתית שוודי קרקר דגנים פריך בסגנון שוודי,גרמים,300.00,100 גרם,false,1,20.90,0.0697,true,1,3849
7290003805587,false,פתית חיטה מלאה 250 ג,יוניליוור ישראל מזון,IL,פתיתי חיטה מלאה קרקר פריך עם חיטה מלאה,גרמים,250.00,100 גרם,false,1,20.90,0.0836,true,1,9408
7290003864478,false,סרדינים בשמן צמחי 11,גולדן פרייז קאנינג א,TH,סרדין בשמן צמחי 110גרם פתח-קל,גרמים,110.00,100 גרם,false,1,6.90,0.0627,true,1,47714
7290003864492,false,סרדין בשמן צמחי חריף,גולדן פרייז קאנינג א,TH,סרדין בשמן צמחי חריף 110גרם,גרמים,110.00,100 גרם,false,1,6.90,0.0627,true,1,47716
7290003882922,false,עלי גפן ממולאים באור,הזה פלאקספו פוד קו ב,CN,ויליפוד עלי גפן ממולאים באורז 400 גרם,גרמים,400.00,100 גרם,false,1,9.90,0.0248,true,1,47717
7290003896141,false,אלמנדוס ספרדי קליית,קוד יצרן JG,IL,אלמנדוס 200 גרם (ב(12,גרמים,200.00,100 גרם,false,1,9.90,0.0495,true,1,7962
7290003989539,false,רביולי גבינה 400 EAT,"שטראוס גרופ בע""מ",IL,רביולי גבינה 400 EAT GOOD,גרמים,400.00,100 גרם,false,1,21.90,0.0547,true,1,1110
7290003989553,false,פסטה שטראוס טורטלוני,"שטראוס גרופ בע""מ",IL,טרטוליני פטריות 400 פרווה EAT GOOD,גרמים,400.00,100 גרם,false,1,21.90,0.0547,true,1,1111
7290003990573,false,חסה רומית נספק,חקלאי,IL,חסה רומית נספק,לא מנהל יחידת מידה,0.00,לא מנהל יחידת מידה,false,1,9.90,0.0000,true,1,29562
7290003990580,false,לבבות חסה,חקלאי,IL,לבבות חסה,גרמים,700.00,100 גרם,false,1,11.90,0.0170,true,1,24811
7290004011338,false,קצפת ריץ חלבי במיכל,האי נאם סי או אל.טי.,IT,קצפת ריץ חלבי במיכל 250 גרם,גרמים,250.00,100 גרם,false,1,16.90,0.0676,true,1,9524
7290004011345,false,קצפת ריץ פרווה במיכל,האי נאם סי או אל.טי.,IT,קצפת ריץ פרווה במיכל 250 גרם,גרמים,250.00,100 גרם,false,1,16.90,0.0676,true,1,12132
7290004011796,false,"קבבונים אל גאוצ""ו",קרלו,IL,אל גאוצו קבבונים  400 גרם,גרמים,400.00,100 גרם,false,1,27.90,0.0697,true,1,9989
7290004011802,false,"צ""וריסוס אל גאוצ""ו",מולינו ניקולי s.p.a,IL,אל גאוצ'ו נקניות צ'וריסוס 400 גרם,גרמים,400.00,100 גרם,false,1,27.90,0.0697,true,1,9990
7290004011819,false,המבורגר ריב אנטריקוט,האי נאם סי או אל.טי.,IL,אל גאוצו המבורגר ריב אנטריקוט 360 גרם,גרמים,360.00,100 גרם,false,1,27.90,0.0775,true,1,12955
7290004011826,false,מיני המבורגר ריב אנט,מולינו ניקולי s.p.a,IL,אל גאוצ'ו מיני המבורגר ריב אנטריקוט 320 גרם,גרמים,320.00,100 גרם,false,1,27.90,0.0872,true,1,12711
7290004014407,false,סוכריות שוקולדM&M חמ,מרס נדרלנד,,סוכריות שוקולדM&M חמאת בוטנים 46 גרם,גרמים,46.00,100 גרם,false,1,5.80,0.1261,true,1,25200
7290004026776,false,לחם מחמצת אגוזים וצי,פילסברי,,לחם מחמצת אגוזים וצימוקים,גרמים,700.00,100 גרם,false,1,19.90,0.0284,true,1,28301
7290004030445,false,מיץ תפוזים פריניב 1,הנסיך- מפעל לייצור ט,IL,מיץ תפוזים פריניב 1 ליטר,ליטרים,1.00,ליטר,false,1,16.90,16.9000,true,1,9491
7290004030612,false,מיץ קיווי אגס ללא סו,הנסיך- מפעל לייצור ט,IL,"פריניב, מיץ קיווי אגס תפוח ללא תוספת סוכר 1 ליטר",ליטרים,1.00,ליטר,false,1,24.00,24.0000,true,1,24614
7290004030834,false,מיץ רימונים 100% פרי,הנסיך- מפעל לייצור ט,IL,"פריניב, מיץ רימון סחוט 1 ליטר",ליטרים,1.00,ליטר,false,1,32.90,32.9000,true,1,9723
7290004048525,false,פילה אמנון,,,"פילה אמנון 5-7 לק""ג",קילוגרמים,1.00,"ק""ג",true,,36.90,36.9000,true,1,6775
7290004063016,false,מלח שולחן מעולה דק 1,"מלח הארץ בע""מ",IL,מלח שולחן,קילוגרמים,1.00,"ק""ג",false,1,2.07,2.0700,true,1,1156
7290004063115,false,"מלח בישול 1 ק""ג פיקו","מלח הארץ בע""מ",IL,מלח מטבח,קילוגרמים,1.00,"ק""ג",false,1,2.07,2.0700,true,1,1157
7290004064099,false,מטחנה מלח מהרי ההימל,חברת מלח הארץ אילת ב,IL,מטחנת מלח הימלאיה 300 גרם,גרמים,250.00,100 גרם,false,1,16.90,0.0676,true,1,26306
7290004068011,false,יוגורט כבשים 5% בדלי,"מיוצר ע""י קוד יצרן M",IL,גד יוגורט מחלב כבשים מעודן בסגנון בלקני 5% שומן,גרמים,600.00,100 גרם,false,1,19.90,0.0332,true,1,14452
7290004068028,false,"משקה צזיקי 500 מ""ל",מיוצר על ידי קוד יצר,IL,"משקה צזיקי 500 מ""ל גד",מיליליטרים,500.00,"100 מ""ל",false,1,10.90,0.0218,true,1,15333
7290004068035,false,משקה יוגורט איירן בל,"מיוצר ע""י קוד יצרן M",IL,"משקה יוגורט איירן בלקני 500 מ""ל גד",מיליליטרים,500.00,"100 מ""ל",false,1,9.90,0.0198,true,1,15334
7290004068172,false,יוגורט עיזים 5%  600,קוד יצרן MKN,IL,גד יוגורט חלב עיזים 2.8% 600 גרם,גרמים,600.00,100 גרם,false,1,19.90,0.0332,true,1,15372
7290004068332,false,גבינת קממבר בקר משול,מחלבת גד,,"גבינת קממבר בקר משולשים לק""ג גד",קילוגרמים,1.00,"ק""ג",true,,119.90,119.9000,true,1,17938
7290004068424,false,גבינת גאודה גלגל גד,מחלבת גד,,גבינת גאודה גלגל גד לקג,קילוגרמים,1.00,"ק""ג",true,,113.90,113.9000,true,1,18411
7290004068585,false,גבינה גאודה עיזים גל,מחלבות גד,,גבינה גאודה עיזים גלגל גד לקג,קילוגרמים,1.00,"ק""ג",true,,134.90,134.9000,true,1,24958
7290004078690,false,"ג""ל לניקוי אסלה אג""ק",קולגייט פלמוליב,FR,אג'קס נוזל לניקוי אסלות ג'ל עם אקונומיקה  750 מל,מיליליטרים,750.00,"100 מ""ל",false,1,16.90,0.0225,true,1,1159
7290004119225,false,יוגורט יופלה אננס 3%,תנובה בעמ,IL,יופלה יוגורט אננס 3% גביע 150 גרם,גרמים,150.00,100 גרם,false,1,5.50,0.0367,true,1,1164
7290004119928,false,מעדן קרלו וניל 3%  1,מחלבת אלון תבור,IL,מעדן קרלו וניל 3%  125 גרם,גרמים,125.00,100 גרם,false,1,3.40,0.0272,true,1,1166
7290004120061,false,מעדן קרלו שוניל 1.5%,מחלבת אלון תבור,IL,קרלו שוניל 1.5% שומן 125 גרם,גרמים,125.00,100 גרם,false,1,3.10,0.0248,true,1,1168
7290004120108,false,יוגורט יופלה דיאט דו,תנובה בעמ,IL,יופלה דיאט יוגורט דובדבן %0 גביע 150גרם,גרמים,150.00,100 גרם,false,1,5.50,0.0367,true,1,1169
7290004120573,false,גבינה בולגרית פיראוס,תנובה,IL,גבינה בולגרית מלוחה 16% שומן,גרמים,250.00,100 גרם,false,1,23.90,0.0956,true,1,1172
7290004120634,false,גבינה בולגרית פיראוס,תנובה,IL,פיראוס גבינה בולגרית 5% שומן,גרמים,250.00,100 גרם,false,1,23.90,0.0956,true,1,1173
7290004121488,false,יוגורט יופלה דיאט אפ,תנובה בעמ,IL,יופלה יוגורט עם אפרסק 0% שומן 150 גרם,גרמים,150.00,100 גרם,false,1,5.50,0.0367,true,1,1174
7290004121525,false,מאגדת יופלה אפרסק,תנובה בעמ,IL,מאגדת יופלה אפרסק תות שמיניה,קילוגרמים,1.20,"ק""ג",false,1,32.30,26.9167,true,1,57665
7290004121754,false,יוגורט יופלה 3% עוגת,תנובה בעמ,IL,יופלה יוגורט עוגת גבינה ותות %3 150 גרם,גרמים,150.00,100 גרם,false,1,5.50,0.0367,true,1,1177
7290004121853,false,גבינה בולגרית קוביות,תנובה,IL,פירוס בולגרית קוביות 5% 200 גרם,גרמים,200.00,100 גרם,false,1,24.90,0.1245,true,1,1178
7290004122119,false,השף הלבן פתיתי גבע פ,תנובה,IL,תנובה השף הלבן פתיתי גבע פרמזן 23% שומן,גרמים,100.00,100 גרם,false,1,13.90,0.1390,true,1,3768
7290004122195,false,גבינה קשה גוש חלב פר,תנובה,IL,גוש חלב פרוסות גבינה צהובה חצי קשה 28% שומן מהדרין,גרמים,200.00,100 גרם,false,1,14.90,0.0745,true,1,3670
7290004122270,false,גבינה עמק פרוס פתיחה,תנובה,IL,עמק קלאסית פרוסות גבינה חצי קשה 28% 200 גרם,גרמים,200.00,100 גרם,false,1,16.90,0.0845,true,1,1179
7290004122348,false,גבינה קשה עמק לייט 9,תנובה,IL,עמק גבינה צהובה חצי קשה 9% מופחתת שומן,גרמים,200.00,100 גרם,false,1,16.90,0.0845,true,1,1180
7290004122676,false,גבינה חמד לייט   5%,"תנובה,מחלבת טנא נוגה",IL,פיראוס לייט חמד גבינה כפרית מלוחה 5% שומן,גרמים,250.00,100 גרם,false,1,20.90,0.0836,true,1,56529
7290004122683,false,אצבעות גבינה עמק 172,תנובה,IL,עמק חטיף אצבעות גבינה חצי קשה 28% שומן,גרמים,172.00,100 גרם,false,1,16.90,0.0983,true,1,6561
7290004124205,false,יוגורט יופלה דיאט תו,תנובה בעמ,IL,יופלה דיאט יוגורט תות %0 גביע 150 גרם,גרמים,150.00,100 גרם,false,1,5.50,0.0367,true,1,1185
7290004125370,false,שמנת 9%  תנובה 200 מ,תנובה,IL,תנובה שמנת חמוצה מופחתת שומן,מיליליטרים,200.00,"100 מ""ל",false,1,3.70,0.0185,true,1,1189
7290004125400,false,"שלי אשל פיקוח 200 מ""","תנובה, מחלבת אלון תב",IL,תנובה אשל לבן 4.5% שומן,מיליליטרים,200.00,"100 מ""ל",false,1,1.69,0.0084,true,1,1190
7290004125417,false,"שלי גיל פיקוח 200 מ""",תנובה,IL,תנובה גיל לבן 3% 206 גרם,מיליליטרים,200.00,"100 מ""ל",false,1,1.51,0.0076,true,1,1191
7290004125455,false,שמנת 15% תנובה פיקוח,תנובה,IL,שמנת אורגינל 15% שומן 200 מל,מיליליטרים,200.00,"100 מ""ל",false,1,2.40,0.0120,true,1,1192
7290004125509,false,שמנת תנובה 15% חצי מ,תנובה,IL,תנובה שמנת 15% חצי מנה 100 מל,מיליליטרים,100.00,"100 מ""ל",false,1,1.90,0.0190,true,1,1193
7290004125578,false,משקה סויה מועשר בסיד,סוי מג'יק,IL,משקה סויה מועשר בסידן 1 ליטר,ליטרים,1.00,ליטר,false,1,12.90,12.9000,true,1,1194
7290004125585,false,משקה סויה על הבוקר ו,סוי מג'יק,IL,משקה סויה על הבוקר וניל 1 ליטר,ליטרים,1.00,ליטר,false,1,12.50,12.5000,true,1,1195
7290004125721,false,שמנת לבישול 15%  250,תנובה,IL,"השף הלבן שמנת לבישול ,שמנת עמידה לבישול 15% 250 מל",מיליליטרים,250.00,"100 מ""ל",false,1,8.30,0.0332,true,1,1196
7290004125738,false,שמנת להקצפה 32%  250,תנובה,IL,"שמנת להקצפה 32%  250 מ""ל",מיליליטרים,250.00,"100 מ""ל",false,1,6.90,0.0276,true,1,1197
7290004125776,false,גבינה קשה עמק 28% פר,כצט,IL,עמק פרוס 28% 400 גרם בקופסא,גרמים,400.00,100 גרם,false,1,30.90,0.0772,true,1,5516
7290004126674,false,גבינה צהובה טל העמק,כצט,IL,גבינה צהובה טל העמק 9% לייט 200 גרם,גרמים,200.00,100 גרם,false,1,18.90,0.0945,true,1,1200
7290004126759,false,יוגורט יופלה דיאט פי,תנובה בעמ,IL,יופלה דיאט פירות יער %0 גביע  150 גרם,גרמים,150.00,100 גרם,false,1,5.50,0.0367,true,1,1201
7290004126872,false,שוקו תנובה בקבוק 250,תנובה,IL,"שוקו תנובה בקבוק 250 מ""ל",מיליליטרים,250.00,"100 מ""ל",false,1,5.90,0.0236,true,1,5725
7290004127077,false,קוטג 3% תנובה 250 גר,מחלבת אלון תבור,IL,קוטג 3% תנובה 250 גרם,גרמים,250.00,100 גרם,false,1,5.60,0.0224,true,1,1202
7290004127329,false,קוטג 5% תנובה 250 גר,מחלבת אלון תבור,IL,קוטג 5% תנובה 250 גרם,גרמים,250.00,100 גרם,false,1,5.70,0.0228,true,1,1204
7290004127336,false,קוטג 9% תנובה 250 גר,מחלבת אלון תבור,IL,קוטג 9% תנובה 250 גרם,גרמים,250.00,100 גרם,false,1,5.70,0.0228,true,1,1205
7290004127800,false,גבינה למריחה 5% פיקו,מחלבת אלון תבור,IL,גבינה למריחה 5% פיקוח 500 גרם,גרמים,500.00,100 גרם,false,1,9.96,0.0199,true,1,1206
7290004127817,false,גבינה למריחה     9%,מחלבת אלון תבור,IL,גבינה למריחה 500 9% גרם,גרמים,500.00,100 גרם,false,1,9.50,0.0190,true,1,60085
7290004128340,false,גבינת קרם שמנת 5% טב,תנובה,IL,קרם גבינת שמנת 5% בטעם טבעי 200 גרם,גרמים,200.00,100 גרם,false,1,13.50,0.0675,true,1,1207
7290004128364,false,גבינת קרם שמנת 5% זי,"תנובה, מחלבת תל יוסף",IL,קרם גבינת שמנת 5% עם זיתים ירוקים 200 גרם,גרמים,200.00,100 גרם,false,1,13.50,0.0675,true,1,1208
7290004129101,false,גבינת שמנת נפוליאון,מחלבת אלון תבור,IL,גבינת שמנת נפוליאון טבעי 225 גרם,גרמים,225.00,100 גרם,false,1,14.90,0.0662,true,1,1210
7290004129118,false,גבינת שמנת נפוליאון,מחלבת אלון תבור,IL,גבינת שמנת נפוליאון זיתים 225 גרם,גרמים,225.00,100 גרם,false,1,14.90,0.0662,true,1,1211
7290004129156,false,גבינת שמנת נפוליאון,מחלבת אלון תבור,IL,גבינת שמנת נפוליאון שום שמיר 225 גרם,גרמים,225.00,100 גרם,false,1,14.90,0.0662,true,1,1212
7290004129545,false,גבינה לבנה 3% תנובה,מחלבת אלון תבור,IL,גבינה לבנה 3% תנובה 250 גרם,גרמים,250.00,100 גרם,false,1,4.80,0.0192,true,1,1213
7290004129736,false,יוגורט יופלה לבן 1.5,תנובה,IL,יוגורט,גרמים,200.00,100 גרם,false,1,4.50,0.0225,true,1,4415
7290004130794,false,משקה סויה מועשר מופח,סוי מג'יק,IL,משקה סויה מועשר מופחת מתיקות 1 ליטר,ליטרים,1.00,ליטר,false,1,12.90,12.9000,true,1,3148
7290004130916,false,יוגורט יופלה פירות י,תנובה בעמ,IL,יוגורט יופלה פירות יער שמנת 150 גרם,גרמים,150.00,100 גרם,false,1,5.50,0.0367,true,1,5492
7290004131074,false,חלב 3% קרטון מהדרין,תנובה,IL,חלב 3% קרטון מהדרין פיקוח 1 ליטר,ליטרים,1.00,ליטר,false,1,6.23,6.2300,true,1,1215
7290004131227,false,גבינה למריחה,מחלבת אלון תבור,IL,גבינה למריחה 500 3% גרם,גרמים,500.00,100 גרם,false,1,9.50,0.0190,true,1,62168
7290004131432,false,יוגורט יופלה 3% לבן,מחלבת אלון תבור,IL,יופלה לבן 3% גביע 200 גרם,גרמים,200.00,100 גרם,false,1,4.50,0.0225,true,1,4416
7290004131456,false,יוגורט יופלה 1.5% לב,מחלבת אלון תבור,IL,יופלה לבן 1.5% גביע 200 גרם,גרמים,200.00,100 גרם,false,1,4.50,0.0225,true,1,4417
7290004131531,false,שוקו תנובה 1 ליטר,"תנובה, מחלבת רחובות",IL,שוקו תנובה בקבוק 1 ליטר,ליטרים,1.00,ליטר,false,1,13.90,13.9000,true,1,5152
7290004131814,false,גבינה צפתית מעודנת 5,תנובה מחלבת טנא נוגה,IL,פיראוס צפתית 5% מעודנת 200 גרם,גרמים,200.00,100 גרם,false,1,16.90,0.0845,true,1,4792
7290004132231,false,חלב פלוס לקפה 3.5% ב,"תנובה, מחלבת רחובות",IL,"תנובה, משקה חלב, מיוחד לקפה. להקצפה בשקשוק.",מיליליטרים,800.00,"100 מ""ל",false,1,7.00,0.0088,true,1,4713
7290004132552,false,משקה סויה דיאט 1 ליט,סוי מג'יק,IL,משקה סויה דיאט 1 ליטר,ליטרים,1.00,ליטר,false,1,12.50,12.5000,true,1,5017
7290004132712,false,אצבעות עמק 172 גרם,תנובה,IL,עמק חטיף אצבעות גבינת מוצרלה 172 גרם 20%,גרמים,172.00,100 גרם,false,1,16.90,0.0983,true,1,4709
7290004133511,false,מאג.יופלה לבן מעוד,מחלבת אלון תבור,IL,יופלה שמיניה לבן מעודן 1.5%,קילוגרמים,1.20,"ק""ג",false,1,21.80,18.1667,true,1,57662
7290004134198,false,משקה חלב בטעם בננה 2,תנובה,IL,משקה חלב בטעם בננה 1.9% 250 מל,מיליליטרים,250.00,"100 מ""ל",false,1,5.90,0.0236,true,1,69632
7290004135225,false,מעדן דיאט שוקולד 150,מחלבת אלון תבור,IL,מעדן דיאט שוקולד 150 גרם,גרמים,150.00,100 גרם,false,1,4.00,0.0267,true,1,6074
7290004135614,false,גבינה בולגרית מעודנת,תנובה,IL,פיראוס גבינה בולגרית מעודנת 5% שומן,גרמים,250.00,100 גרם,false,1,22.90,0.0916,true,1,6819
7290004136598,false,מארז הפסקת אוכל חלב,"תנובה, מחלבת טנא נוג",IL,מארז הפסקת אוכל חלב+דגנים,לא מנהל יחידת מידה,0.00,לא מנהל יחידת מידה,false,1,9.90,0.0000,true,1,6586
7290004136857,false,גלי בטעם פטל 125 גרם,סוי מג'יק,IL,גלי בטעם פטל 125 גרם,גרמים,125.00,100 גרם,false,1,2.70,0.0216,true,1,6573
7290004137021,false,שמנת לבישול 10% מופח,תנובה,IL,תנובה השף הלבן שמנת לבישול עם סיבים 10% שומן,מיליליטרים,250.00,"100 מ""ל",false,1,8.30,0.0332,true,1,7143
7290004137311,false,גבינה עמק 9% לייט 40,תנובה,IL,עמק גבינה צהובה חצי קשה 9% שומן,גרמים,400.00,100 גרם,false,1,31.90,0.0797,true,1,7002
7290004137809,false,גבינת לאבנה פיראוס 5,"תנובה, מחלבת אלון תב",IL,פיראוס לאבנה אסלית 5% שומן 250 גרם,גרמים,250.00,100 גרם,false,1,14.90,0.0596,true,1,7123
7290004161019,false,סלמון  מונטה קרלו 10,מונטה קרלו,IL,סלמון  מונטה קרלו 100 גרם,גרמים,100.00,100 גרם,false,1,26.90,0.2690,true,1,68500
7290004199180,false,כפפות לטקס איזי טאצ,הדקלאים אגודת שיתופי,TH,EASY TOUCH כפפות לטקס גודל: Large,יחידה,1.00,יחידה,false,1,34.90,34.9000,true,1,7853
7290004199203,false,קיסמיי שיניים מבמבוק,הדקלאים אגודת שיתופי,CN,קיסמי שיניים מבמבוק מלחייה 300 יח',Unknown,0.00,Unknown,false,1,3.90,0.0000,true,1,9278
7290004199234,false,כפפות לטקס איזי טאצ,יושלם,,כפפות לטקס איזי טאצ 100 יח XL,לא מנהל יחידת מידה,0.00,לא מנהל יחידת מידה,false,1,34.90,0.0000,true,1,7854
7290004199579,false,פלסטר SUNNY מעורב 10,הדקלאים אגודת שיתופי,CN,סאני פלסטר 100 פלסטרים בגדלים שונים סטריליים,גרמים,0.00,100 גרם,false,1,10.90,0.0000,true,1,16279
7290004200336,false,שקית בלונים 15 יח,גמר,,שקית בלונים 15 יח  מודפס,לא מנהל יחידת מידה,0.00,לא מנהל יחידת מידה,false,1,16.90,0.0000,true,1,17961
7290004200930,false,"זיקוק זוג 15 ס""מ בשק",F.T.I,,זיקוק זוג 15 סמ בשקית,יחידה,1.00,יחידה,false,1,7.80,7.8000,true,1,16186
7290004200961,false,נר זיקוק 3 בשקית,F.T.I,,נר זיקוק 3 בשקית,לא מנהל יחידת מידה,0.00,לא מנהל יחידת מידה,false,1,5.80,0.0000,true,1,4501
7290004219284,false,אנשובי עגול 80 גרם,יושלם,IT,אנשובי עגול 80 גרם,גרמים,80.00,100 גרם,false,1,14.90,0.1863,true,1,47720
7290004219819,false,מלבין קפה קומפלטה 20,פריזלנד פודס קיוויט,NL,קומפלטה מלבין קפה הולנדי 200 גרם,גרמים,200.00,100 גרם,false,1,12.90,0.0645,true,1,1257
7290004225285,false,דאנאבול דנית 100 ג,האי נאם סי או אל.טי.,DK,רכיבי חלב ושומן צמחי בסגנון דנאבלו 100 גרם,גרמים,100.00,100 גרם,false,1,12.50,0.1250,true,1,14627
7290004255428,false,נר נשמה מנורה בפחית,מנורה,IL,נר נשמה מנורה בפחית  24 שעות,יחידה,1.00,יחידה,false,1,2.50,2.5000,true,1,59832
7290004256371,false,גבינת ריץ פרוסה 400,כלורוקס אוקלנד,PL,גבינה צהובה פרוסה על בסיס חלב,גרמים,400.00,100 גרם,false,1,19.90,0.0497,true,1,54097
7290004324605,false,גבינה מון בלאן רוקפו,האי נאם סי או אל.טי.,IL,גבינה מון בלאן רוקפור 120 גרם,גרמים,120.00,100 גרם,false,1,13.90,0.1158,true,1,5846
7290004339401,false,המבורגר אורז עדשים ט,טבע דלי,IL,"בורגר אורז, עדשים ושקדים 400 גרם טבע דלי",גרמים,400.00,100 גרם,false,1,26.90,0.0672,true,1,7390
7290004339425,false,שווארמה מהצומח סייטן,טבע דלי בעמ,IL,טבע דלי סייטן שווארמה 350 גרם,גרמים,350.00,100 גרם,false,1,24.90,0.0711,true,1,1284
7290004339630,false,סייטן טבעי טבע דלי 3,טבע דלי,IL,סייטן מקורי 350גרם טבע דלי,גרמים,350.00,100 גרם,false,1,19.90,0.0569,true,1,10747
7290004339784,false,בורגר על האש טבע דלי,טבע דלי,IL,בורגר על האש טבע דלי 400 גרם,גרמים,400.00,100 גרם,false,1,26.90,0.0672,true,1,18276
7290004339999,false,סייטן אמרנט שניצלוני,טבע דלי,IL,סייטן אמרנט שניצלונים טבע דלי 400 גרם,גרמים,400.00,100 גרם,false,1,29.90,0.0747,true,1,23763
7290004480332,false,גאודה בקר משולש גד ל,מחלבת גד,IL,"גאודה בקר משולש גד לק""ג",קילוגרמים,1.00,"ק""ג",true,,113.90,113.9000,true,1,70258
7290004480349,false,גאודה עיזים משולש גד,מחלבת גד,IL,"גאודה עיזים משולש גד לק""ג",קילוגרמים,1.00,"ק""ג",true,,134.90,134.9000,true,1,70259
7290004492274,false,בייגלה טבעות מלוחות,אתר בייגל - Food,IL,כעכים בצורת טבעות עם מלח בייגל בייגל,גרמים,400.00,100 גרם,false,1,13.90,0.0348,true,1,70854
7290004494049,false,יין דלתון פומה סובני,"איי, בי, אינבוו",IL,דלתון סוביניון בלאן יין לבן יבש גליל 2020 750 מל,מיליליטרים,750.00,"100 מ""ל",false,1,74.90,0.0999,true,1,3852
7290004494131,false,יין דלתון קברנה סובנ,"איי, בי, אינבוו",IL,דלתון קברנה סוביניון 2019 יין אדום יבש,מיליליטרים,750.00,"100 מ""ל",false,1,74.90,0.0999,true,1,4196
7290004494148,false,יין דלתון מרלו 750 מ,"איי, בי, אינבוו",IL,דלתון יין 15% אדום יבש מרלו 2014,מיליליטרים,750.00,"100 מ""ל",false,1,74.90,0.0999,true,1,3978
7290004494179,false,יין דלתון שרדונה 750,"איי, בי, אינבוו",IL,יין דלתון שרדונה 750 מל,מיליליטרים,750.00,"100 מ""ל",false,1,74.90,0.0999,true,1,69497
7290004494599,false,יין דלתון עלמה,,IL,עלמה קרימזון דלתון 750 מל 2018,מיליליטרים,750.00,"100 מ""ל",false,1,79.90,0.1065,true,1,6746
7290004494919,false,כנען אדום קברנה שירא,כצט,IL,כנען אדום קברנה שיראז דלתון 750מל,מיליליטרים,750.00,"100 מ""ל",false,1,52.90,0.0705,true,1,29310
7290004532260,false,משמש מיובש 200 גרם,"גיי אנג גי פקאנס בע""",IL,משמש מיובש 200 גרם,גרמים,200.00,100 גרם,false,1,11.90,0.0595,true,1,3774
7290004554330,false,שלגון אסקימו דובדבן,שטראוס גלידות,,שלגון אסקימו דובדבן,גרמים,84.00,100 גרם,false,1,3.90,0.0464,true,1,2856
7290004584306,false,גמדים תות בננה רביעי,"שטראוס בריאות בע""מ",IL,4 גמדים תות בננה,גרמים,400.00,100 גרם,false,1,11.90,0.0298,true,1,1338
7290004584351,false,גבינה במרקם שמנת סימ,"שטראוס בריאות בע""מ",IL,סימפוניה החמישית,גרמים,200.00,100 גרם,false,1,12.90,0.0645,true,1,1339
7290004584528,false,יוגורט דנונה ביו 1.7,"שטראוס בריאות בע""מ",IL,דנונה ביו  1.7% 200 גרם,גרמים,200.00,100 גרם,false,1,3.70,0.0185,true,1,1340
7290004585907,false,מעדן דני וניל 125 גר,"שטראוס בריאות בע""מ",IL,דני וניל,גרמים,125.00,100 גרם,false,1,2.70,0.0216,true,1,1341
7290004652173,false,חמאה עלמה 200ג,מלקפול,PL,חמאה עלמה 200ג,גרמים,200.00,100 גרם,false,1,7.90,0.0395,true,1,68770
7290004658946,false,יין P.C שרדונה 750 מ,"כד בני דרום בע""מ",IL,"יין P.C שרדונה 750 מ""ל",מיליליטרים,750.00,"100 מ""ל",false,1,47.90,0.0639,true,1,1361
7290004658960,false,יין P.C אמרלד ריזלינ,אגודת הכורמים הקואופ,IL,"יין P.C אמרלד ריזלינג 750 מ""ל",מיליליטרים,750.00,"100 מ""ל",false,1,47.90,0.0639,true,1,1362
7290004731410,false,כרית קרצוף סנו סושי,סנו,,כרית קרצוף סנו סושי ירוק שלישייה,יחידה,0.00,יחידה,false,1,11.90,0.0000,true,1,4866
7290004731472,false,מארז אלסבון כיף צבעו,קוסמופארם בע''מ,IL,כיף שלישיה צבעוני,ליטרים,1.50,ליטר,false,1,19.90,13.2667,true,1,4852
7290004731670,false,מטהר אוויר דואופרש פ,"סנו מפעלי ברונוס בע""",IL,מבשם אוויר דואופרש לבנדר ופצ'ולי 300 מל,מיליליטרים,300.00,"100 מ""ל",false,1,14.90,0.0497,true,1,5713
7290004737719,false,אספרגוס שלם בצנצנת 3,יוליניבר,CN,אספרגוס שלם בצנצנת 330 גרם,גרמים,330.00,100 גרם,false,1,11.90,0.0361,true,1,1376
7290004737900,false,חלב מרוכז הולנדי ויל,יו.איי.בי מאריג'אמפו,LT,חלב מרוכז הולנדי ויליפוד 397 גרם,גרמים,397.00,100 גרם,false,1,10.90,0.0275,true,1,1378
7290004872021,false,קרחון רמזור,המאפיה של הרמן,IL,נסטלה קרחון רמזור בדצ 48*80גרם,Unknown,0.00,Unknown,false,1,3.00,0.0000,true,1,2867
7290004872069,false,קרחון לימון,המאפיה של הרמן,IL,שלגון קרח לימון,Unknown,0.00,Unknown,false,1,3.00,0.0000,true,1,2625
7290004872229,false,שלגון שוקו מצופה,תות תעשיות מזון (201,IL,שלגון שוקו מצופה,Unknown,0.00,Unknown,false,1,5.90,0.0000,true,1,2870
7290004872243,false,שלגון בננה מצופה,תות תעשיות מזון (201,IL,שלגון בננה מצופה,Unknown,0.00,Unknown,false,1,5.90,0.0000,true,1,2559
7290004872250,false,שלגון אבטיח קיץ,תות תעשיות מזון (201,IL,שלגון אבטיח קיץ,Unknown,0.00,Unknown,false,1,5.90,0.0000,true,1,2560
7290004872731,false,טילון אקסטרים וניל,נגה גלידות,,טילון אקסטרים וניל,Unknown,0.00,Unknown,false,1,7.90,0.0000,true,1,2873
7290004872786,false,טילון אקסטרים ענק פק,נגה גלידות,,טילון אקסטרים ענק פקאן 139 גרם,גרמים,139.00,100 גרם,false,1,9.90,0.0712,true,1,2874
7290004943806,false,כרובית מילוטל  800ג,משק ויילר,IL,כרובית מילוטל  800גרם,גרמים,800.00,100 גרם,false,1,13.90,0.0174,true,1,71601
7290005008184,false,סבון פלמוליב נוזלי ש,קולגייט פלמוליב,TR,פלמוליב סבון נוזלי חלב שקדים 500 מל,מיליליטרים,500.00,"100 מ""ל",false,1,17.90,0.0358,true,1,1459
7290005008191,false,סבון נוזלי פלמוליב א,קולגייט פלמוליב,TR,500 מל סבון נוזלי פלמוליב so relaxed,מיליליטרים,500.00,"100 מ""ל",false,1,17.90,0.0358,true,1,1460
7290005020162,false,ויסקי בלנטיין בקבוק,פרנו,,וויסקי סקוטי בלנטייס פיינסט,מיליליטרים,700.00,"100 מ""ל",false,1,99.90,0.1427,true,1,6266
7290005020346,false,בקרדי לבן 750,ג'נרל מילס סאן אדריא,US,"בקרדי לבן 750 מ""ל",מיליליטרים,750.00,"100 מ""ל",false,1,109.90,0.1465,true,1,51408
7290005084355,false,סנסודין דואלקר משחה,DE MICLEN,,סנסודיין משחת שיניים הגנה כפולה 75 מל,מיליליטרים,75.00,"100 מ""ל",false,1,22.90,0.3053,true,1,52478
7290005095399,false,מצת סיגריות מותג,,,מצת סיגריות אלקטרוני מותג,לא מנהל יחידת מידה,0.00,לא מנהל יחידת מידה,false,1,4.50,0.0000,true,1,15271
7290005111761,false,מזון לכלבים בונזו מז,united pet food,FR,"בונזו בשר 3 ק""ג",קילוגרמים,3.00,"ק""ג",false,1,49.90,16.6333,true,1,1494
7290005197758,false,עוגיות חיוכים שוקו 1,אפיפית נצרת (1971) ב,IL,חיוכים שוקו 150 בדצ,גרמים,150.00,100 גרם,false,1,6.90,0.0460,true,1,1508
7290005200786,false,תפוציפס טעם שמנת ובצ,"שטראוס פריטו ליי בע""",IL,תפו שמנת בצל 50 גר 48 יח - שמיטה,גרמים,50.00,100 גרם,false,1,5.50,0.1100,true,1,1512
7290005201882,false,קפה טורקי 200 גרם,הנסיך- מפעל לייצור ט,IL,קפה טורקי 200 גרם,גרמים,200.00,100 גרם,false,1,17.90,0.0895,true,1,1530
7290005271410,false,ביצים L ארוזות  12 י,גליקסמן שיווק ביצים,,ביצים L ארוזות  12 יחידות,לא מנהל יחידת מידה,0.00,לא מנהל יחידת מידה,false,1,12.05,0.0000,true,1,7381
7290005271427,false,ביצים M ארוזות  12 י,גליקסמן שיווק ביצים,,ביצים M ארוזות  12 יחידות,לא מנהל יחידת מידה,0.00,לא מנהל יחידת מידה,false,1,11.15,0.0000,true,1,7382
7290005271458,false,ביצים L אורגניות 12,גליקסמן שיווק ביצים,,ביצים L אורגניות 12 יחידות,לא מנהל יחידת מידה,0.00,לא מנהל יחידת מידה,false,1,25.90,0.0000,true,1,7383
7290005271465,false,ביצים M אורגניות 12,גליקסמן שיווק ביצים,,ביצים M אורגניות 12 יחידות,לא מנהל יחידת מידה,0.00,לא מנהל יחידת מידה,false,1,24.90,0.0000,true,1,7384
7290005271687,false,ביצים L אומגה 3 לבן,גליקסמן שיווק ביצים,,ביצים L אומגה 3 לבן 12 יחידות,יחידה,1.00,יחידה,false,1,22.90,22.9000,true,1,7998
7290005271755,false,ביצים L חופש 12 יחיד,גליקסמן שיווק ביצים,,ביצים L חופש 12 יחידות,לא מנהל יחידת מידה,0.00,לא מנהל יחידת מידה,false,1,25.90,0.0000,true,1,8609
7290005271762,false,ביצים חופש M בינוני,גליקסמן שיווק ביצים,,ביצים חופש M בינוני  12 יחידות,לא מנהל יחידת מידה,0.00,לא מנהל יחידת מידה,false,1,23.90,0.0000,true,1,8610
7290005271847,false,ביצים XL ארוזות  10,גליקסמן שיווק ביצים,,ביצים XL ארוזות  10 יחידות,לא מנהל יחידת מידה,0.00,לא מנהל יחידת מידה,false,1,10.90,0.0000,true,1,32711
7290005287510,false,טונה סטארקיסט פלפל ח,כלורוקס אוקלנד,TH,ס.ק עם פלפל חריף 160 גרם,גרמים,160.00,100 גרם,false,1,8.90,0.0556,true,1,6754
7290005287527,false,טונה סטארקיסט שמן עם,כלורוקס אוקלנד,TH,ס.ק  בטעם לימון 160גרם,גרמים,160.00,100 גרם,false,1,8.90,0.0556,true,1,6755
7290005287534,false,טונה בשמן בעישון סטא,כלורוקס אוקלנד,TH,סטארקיסט טונה בשמן בטעם מעושן,גרמים,160.00,100 גרם,false,1,11.90,0.0744,true,1,6756
7290005296246,false,לפתיחת סתימות אקסטרא,יוליניבר,US,יעקבי פותח סתימות בצנרת ניקוז 946 מל,מיליליטרים,946.00,"100 מ""ל",false,1,36.90,0.0390,true,1,7346
7290005400148,false,קרקר מקור כוסמין 220,אפיפית,,קרקר מקור כוסמין 220 גרם,גרמים,220.00,100 גרם,false,1,14.90,0.0677,true,1,57457
7290005423253,false,מרסס למייבש כביסה מק,"סנו מפעלי ברונוס בע""",IL,"מרסס למייבש כביסה מקסימה כחול 750 מ""ל",מיליליטרים,750.00,"100 מ""ל",false,1,19.90,0.0265,true,1,1622
7290005423499,false,ספריי לניקוי משטחי נ,סנו מפעלי ברונוס בעמ,IL,נירוסטה - לניקוי והברקה של משטחי נירוסטה,מיליליטרים,500.00,"100 מ""ל",false,1,22.90,0.0458,true,1,1623
7290005423567,false,מטליות לניקוי כללי ב,סנו סושי,IL,סנו סושי - 40 מטליות לניקוי כללי בגליל,לא מנהל יחידת מידה,0.00,לא מנהל יחידת מידה,false,1,28.50,0.0000,true,1,1626
7290005423635,false,ריצפז דוחה תיקנים 2,סנו מפעלי ברונוס בעמ,IL,סנו ריצפז פלוס,ליטרים,2.00,ליטר,false,1,26.90,13.4500,true,1,1627
7290005423833,false,נוזל לרצפה פוליויקס,"סנו מפעלי ברונוס בע""",IL,סנו פוליויקס מנקה מבריק פרקט 2 ליטר,ליטרים,2.00,ליטר,false,1,24.90,12.4500,true,1,1629
7290005424847,false,מפיות נייר סנו סושי,איפק,,מפיות נייר סנו סושי 150 יח,Unknown,0.00,Unknown,false,1,9.90,0.0000,true,1,1636
7290005425073,false,מטהר אוויר דואופרש י,"סנו מפעלי ברונוס בע""",IL,דואופרש אפרס,מיליליטרים,300.00,"100 מ""ל",false,1,14.90,0.0497,true,1,1639
7290005425110,false,מרסס למשטחים 99% משמ,"סנו מפעלי ברונוס בע""",IL,סנו מחטא ומשמיד חיידקים 750 מל,לא מנהל יחידת מידה,0.00,לא מנהל יחידת מידה,false,1,18.90,0.0000,true,1,52252
7290005425646,false,סנוקליר חלונות 1 ליט,"סנו מפעלי ברונוס בע""",IL,סנוקליר חלונות 1 ליטר,ליטרים,1.00,ליטר,false,1,15.90,15.9000,true,1,1644
7290005426193,false,ספוג הפלא סנו סושי,סנו מפעלי ברונו בעמ,IL,סנו סושי ספוג הפלא,Unknown,0.00,Unknown,false,1,14.90,0.0000,true,1,3155
7290005426230,false,מטלית הפלא לרצפה,N.S.,,מטלית הפלא לרצפה סנו סושי,Unknown,0.00,Unknown,false,1,13.90,0.0000,true,1,1650
7290005427107,false,מגבת נייר סנו סושי 6,סנו מפעלי ברונוס בעמ,IL,"סנו סושי 6 מגבות הפלא, 700 גרם",מטרים,6350.00,מטר,false,1,12.90,0.0020,true,1,4079
7290005427619,false,גל כיף לשיער קוצים,קוסמופארם בעמ,IL,כיף - ג'ל לעיצוב שיער קוצים ירוק,ליטרים,1.00,ליטר,false,1,29.90,29.9000,true,1,3186
7290005430602,false,"מסיר כתמים אוקסיג""ן",סנו,IL,"מסיר כתמים אוקסיג""ן מרסס 750 מ""ל",מיליליטרים,750.00,"100 מ""ל",false,1,21.90,0.0292,true,1,1657
7290005431159,false,תותים בקצפת לייט  עד,עדן קינוחים,IL,תותים בקצפת לייט  עדן 80 גרם,גרמים,80.00,100 גרם,false,1,7.20,0.0900,true,1,69413
7290005431883,false,מלבי חלבי 165 גרם,לחמנו,IL,עדן מלבי 165 גרם,גרמים,165.00,100 גרם,false,1,7.20,0.0436,true,1,58427
7290005431890,false,בוואריה 95 גרם,לחמנו,IL,עדן בוואריה  95 גרם,גרמים,95.00,100 גרם,false,1,7.20,0.0758,true,1,58431
7290005431906,false,קדאיף 82 גרם,תנובה,IL,קדאיף 82 גרם,גרמים,82.00,100 גרם,false,1,7.20,0.0878,true,1,58430
7290005431913,false,עוגת גבינה פירורים 9,תנובה,IL,עוגת גבינה פירורים 92 גרם,גרמים,92.00,100 גרם,false,1,7.20,0.0783,true,1,58428
7290005431920,false,עוגת גבינה פירורים ל,תנובה,IL,עוגת גבינה פירורים לייט 78 גרם,גרמים,78.00,100 גרם,false,1,7.20,0.0923,true,1,58429
7290005431937,false,טירמיסו 82 גרם,תנובה,IL,טירמיסו 82 גרם,גרמים,82.00,100 גרם,false,1,7.20,0.0878,true,1,58426
7290005431968,false,מלבי שמנת 150גרם,תנובה,IL,מלבי שמנת 150גרם,גרמים,150.00,100 גרם,false,1,8.50,0.0567,true,1,60481
7290005559907,false,פיצה משפחתית גבינה מ,מיוצר עי קונדיטוריית,IL,פיצה משפחתית גבינה מעדנות 500גרם,גרמים,500.00,100 גרם,false,1,26.90,0.0538,true,1,1701
7290005559914,false,פיצה משפחתית זיתים,"מעדנות בע""מ",IL,פיצה משפחתית זיתים 550 גרם,גרמים,550.00,100 גרם,false,1,26.90,0.0489,true,1,1702
7290005559990,false,בצק פילאס תורכי 600,"מעדנות בע""מ",IL,בצק פילאס תורכי 600 גרם,גרמים,600.00,100 גרם,false,1,27.90,0.0465,true,1,1705
7290005591761,false,דבש פרחי בר בקבוק לח,תות תעשיות מזון (201,IL,דבש טהור לחיץ 400 גרם,גרמים,400.00,100 גרם,false,1,24.90,0.0622,true,1,1709
7290005610509,false,צנונית בייבי ארוז,חקלאי,IL,צנונית בייבי ארוז,לא מנהל יחידת מידה,0.00,לא מנהל יחידת מידה,false,1,5.90,0.0000,true,1,8298
7290005651427,false,בונזו מולטיפק 3*400,FIDELE SAS,FR,בונזו מולטיפק 3*400 גר,גרמים,400.00,100 גרם,false,1,19.90,0.0497,true,1,1730
7290005680052,false,טמפוני O.B סופר פלוס,גונסון אנד גונסון,GR,טמפוני O.B סופר פלוס 32 יח,יחידה,32.00,יחידה,false,1,25.90,0.8094,true,1,1732
7290005684135,false,לחם מחמצת שיפון עם א,מאפית ברמן,IL,לחם מחמצת שיפון עם אגוזים,גרמים,650.00,100 גרם,false,1,16.90,0.0260,true,1,68673
7290005684418,false,לחם כוסמין מלא אורגנ,המאפיה של הרמן,IL,לחם כוסמין מלא אורגני 700 גרם,גרמים,700.00,100 גרם,false,1,16.90,0.0241,true,1,48962
7290005684487,false,שישיית לחמניות כוסמי,המאפיה של הרמן,IL,"לחמניות כוסמין 6 יחידות, 420 גרם",גרמים,420.00,100 גרם,false,1,14.90,0.0355,true,1,49042
7290005684579,false,לחם מחמצת כוסמין,מאפית ברמן,IL,לחפ מחמצת כוסמין,גרמים,700.00,100 גרם,false,1,16.90,0.0241,true,1,68674
7290005684654,false,לחם מחמצת שיפון,מאפית ברמן,IL,לחם מחמצת שיפון,גרמים,700.00,100 גרם,false,1,16.90,0.0241,true,1,31140
7290005697531,false,יוגורט עיזים תות ביו,גלילי,,"יוגורט עיזים תות ביו 500 מ""ל",מיליליטרים,500.00,"100 מ""ל",false,1,17.90,0.0358,true,1,25194
7290005697548,false,יוגורט עיזים פירות י,גלילי,,"יוגורט עיזים פירות יער ביו 500 מ""ל",מיליליטרים,500.00,"100 מ""ל",false,1,17.90,0.0358,true,1,25163
7290005719042,false,אזני המן פרג,,,אזני המן פרג,קילוגרמים,1.00,"ק""ג",true,,52.90,52.9000,true,1,51507
7290005719059,false,אזני המן תמרים,,,אזני המן תמרים,קילוגרמים,1.00,"ק""ג",true,,52.90,52.9000,true,1,51508
7290005719073,false,אזני המן נוגט,,,אזני המן נוגט,קילוגרמים,1.00,"ק""ג",true,,52.90,52.9000,true,1,51510
7290005719332,false,מיני חלה א.ק,פילסברי,IL,מיני חלה א.ק,יחידה,12.00,יחידה,false,1,9.90,0.8250,true,1,57714
7290005719981,false,בגט שלם א.ק,פילסברי,IL,בגט שלם א.ק,יחידה,1.00,יחידה,false,1,7.90,7.9000,true,1,67963
7290005719998,false,תערובת להכנת מאפינס,פילסברי,IL,תערובת להכנת מאפינס פלסברי 335גרם,גרמים,335.00,100 גרם,false,1,19.90,0.0594,true,1,69256
7290005803628,false,קרחון מלון - צבע מאכ,המאפיה של הרמן,IL,נסטלה קרחון מלון בדצ 48*80גרם,Unknown,0.00,Unknown,false,1,3.00,0.0000,true,1,2627
7290005811111,false,בייגלה מקמח כוסמין ע,"אם החיטה בע""מ",IL,בייגלה מקמח כוסמין עם מלח 300 גרם,גרמים,300.00,100 גרם,false,1,17.90,0.0597,true,1,57338
7290005811128,false,בייגלה מקמח כוסמין ע,"אם החיטה בע""מ",IL,הבייגלה מקמח כוסמין עם שומשום 300 גרם,גרמים,300.00,100 גרם,false,1,17.90,0.0597,true,1,57339
7290005838002,false,מעדן דניאלה גבינה ונ,"שטראוס בריאות בע""מ",IL,דניאלה וניל,גרמים,88.00,100 גרם,false,1,4.50,0.0511,true,1,1780
7290005838613,false,סקי וניל 125 גרם,"שטראוס בריאות בע""מ",IL,סקי וניל 125 גרם,גרמים,125.00,100 גרם,false,1,3.80,0.0304,true,1,1782
7290005839078,false,מארז דנונה ביו 1.200,"שטראוס בריאות בע""מ",IL,מארז 8 חסכון - ביו 3% 150 גרם,קילוגרמים,1.20,"ק""ג",false,1,17.60,14.6667,true,1,1784
7290005839108,false,גבינה במרקם שמנת סימ,"שטראוס בריאות בע""מ",IL,סימפוניה 5% עם זתים,גרמים,200.00,100 גרם,false,1,12.90,0.0645,true,1,1785
7290005839313,false,מילקי טופ מגולגלת 14,"שטראוס גרופ בע""מ",IL,מילקי טופ מגולגלת,גרמים,140.00,100 גרם,false,1,5.00,0.0357,true,1,1786
7290005854040,false,שלגון אסקימו משמש,יושלם,,שלגון אסקימו משמש,לא מנהל יחידת מידה,0.00,לא מנהל יחידת מידה,false,1,3.00,0.0000,true,1,8167
7290005854606,false,שלגון אסקימו אננס,יושלם,,שלגון אסקימו אננס,לא מנהל יחידת מידה,0.00,לא מנהל יחידת מידה,false,1,3.00,0.0000,true,1,3100
7290005896439,false,בירה מכבי בקבוק חוזר,"איי, בי, אינבוו",IL,"בירה מכבי, בקבוק חוזר 500 מ''ל",מיליליטרים,500.00,"100 מ""ל",false,1,7.50,0.0150,true,1,13368
7290005896453,false,בירה מכבי 7.9% בקבוק,פארייפאבה אגרואינדוס,IL,"בירה מכבי 7.9%, בירה חזקה, בקבוק חוזר 500 מ''ל",מיליליטרים,500.00,"100 מ""ל",false,1,7.50,0.0150,true,1,28451
7290005896620,false,מים סן בנדטו מוגז בק,אקווה מינרלה סאן בנד,IT,סאן בנדטו מוגז עדין 1.5 ליטר,ליטרים,1.50,ליטר,false,1,4.50,3.0000,true,1,4133
7290005896637,false,מים סן בנדטו בקבוק,אקווה מינרלה סאן בנד,IT,סן בנדטו 1.5 ליטר,ליטרים,1.50,ליטר,false,1,4.50,3.0000,true,1,1791
7290005896835,false,מים סן בנדטו מוגז שי,טמפו,,מים סן בנדטו מוגז שישייה בקבוק 1.5 ליטר,ליטרים,9.00,ליטר,false,1,18.10,2.0111,true,1,4132
7290005938238,false,"צ""ימצ""ורי 220 גרם",כלורוקס אוקלנד,IL,פרסקו צ'ימיצ'ורי ממרח בסגנון ארגנטינאי 220 גרם,גרמים,220.00,100 גרם,false,1,19.90,0.0905,true,1,5051
7290005938245,false,פסטו קלאסי 220 גרם,כלורוקס אוקלנד,IL,פרסקו פסטו קלאסי ממרח בזיליקום וצנובר 220 גרם,גרמים,220.00,100 גרם,false,1,20.90,0.0950,true,1,5033
7290005966033,false,יין הר חרמון לבן,דולפין ספא,IL,"הר חרמון יין לבן יבש 2020 750 מ""ל",מיליליטרים,750.00,"100 מ""ל",false,1,44.90,0.0599,true,1,1805
7290005966088,false,יין הר חרמון אדום 75,"כד בני דרום בע""מ",IL,הר חרמון אדום 2020 יבש,מיליליטרים,750.00,"100 מ""ל",false,1,44.90,0.0599,true,1,1806
7290005992018,false,"יוגורט עיזים 500 מ""ל","מיוצר ע""י קוד יצרן M",IL,"יוגורט עיזים 500 מ""ל גד",מיליליטרים,500.00,"100 מ""ל",false,1,14.90,0.0298,true,1,1815
7290005992575,false,גבינה בולגרית למריחה,יוליניבר,IL,גד גבינה בולגרית מלוחה למריחה 5% שומן,גרמים,250.00,100 גרם,false,1,19.90,0.0796,true,1,1817
7290005992735,false,גבינת לאבנה 5% 250 ג,הנסיך- מפעל לייצור ט,IL,גבינת לאבנה 5% 250 גרם גד,גרמים,250.00,100 גרם,false,1,13.90,0.0556,true,1,1819
7290005996078,false,סלמי סרוולט הונגרי 1,יחיעם,IL,סלמי סרוולט הונגרי 125 ג',גרמים,125.00,100 גרם,false,1,31.90,0.2552,true,1,59646
7290005996153,false,נקניקיות צרפתיות  28,יחיעם,IL,נק' בסגנון צרפתי 280 גרם,גרמים,280.00,100 גרם,false,1,24.90,0.0889,true,1,58936
7290005996160,false,נקניקיות צוריסוס  יח,יחיעם,IL,נק' צ'וריסו 280 גרם,גרמים,280.00,100 גרם,false,1,24.90,0.0889,true,1,58937
7290005996221,false,פסטרמה של פעם דק דק,יחיעם,IL,פסט' של פעם דק דק 120 גרם,גרמים,120.00,100 גרם,false,1,11.90,0.0992,true,1,60074
7290005996238,false,פסטרמה בדבש דק דק 12,יחיעם,IL,פסט' בדבש דק דק 120 גרם,גרמים,120.00,100 גרם,false,1,11.90,0.0992,true,1,60073
7290005996276,false,פסטרמה ברביקיו דק דק,יחיעם,IL,פסט' ברבקיו דק דק 140גר',גרמים,120.00,100 גרם,false,1,11.90,0.0992,true,1,60075
7290005996825,false,נקניקיות בקר אמריקאי,מעדני יחיעם,IL,נקניקיות בקר אמריקאיות יחיעם 280גרם,גרמים,280.00,100 גרם,false,1,25.90,0.0925,true,1,68583
7290006229427,false,מים סן בנדטו שישייה,טמפו,,"מים סן בנדטו שישייה בקבוק 500 מ""ל",ליטרים,3.00,ליטר,false,1,15.90,5.3000,true,1,2693
7290006251107,false,"תה מסאלה צ""אי 25 שקי",מולינו ניקולי s.p.a,IL,מסאלה צ'אי,גרמים,50.00,100 גרם,false,1,19.90,0.3980,true,1,1870
7290006251275,false,תה ירוק סיני קלאסי 2,HIQ FOOD PRODUCTS,IL,תה ירוק סיני T.T,גרמים,37.00,100 גרם,false,1,26.90,0.7270,true,1,1871
7290006251343,false,חליטת תה פסיפלורה מנ,HIQ FOOD PRODUCTS,IL,"מנגו-פסיפלורה ""הגן הקסום""",גרמים,62.00,100 גרם,false,1,19.90,0.3210,true,1,1873
7290006251374,false,תה ירוק לימונית וגינ,HIQ FOOD PRODUCTS,IL,תה ירוק לימונית וג'ינג'ר T.T,גרמים,37.00,100 גרם,false,1,26.90,0.7270,true,1,3156
7290006256089,false,יין גאטו נגרו קברנה,יושלם,,יין גאטו נגרו קברנה סוביניון750מל,מיליליטרים,750.00,"100 מ""ל",false,1,39.90,0.0532,true,1,61580
7290006256102,false,יין גאטו נגרו מרלו 7,יושלם,,יין גאטו נגרו מרלו 750 מל              .,מיליליטרים,750.00,"100 מ""ל",false,1,39.90,0.0532,true,1,61581
7290006265500,false,פטריות שמפיניון  יחי,מרינה,IL,פטריות שמפיניון  יחידה,גרמים,250.00,100 גרם,false,1,12.90,0.0516,true,1,5191
7290006265548,false,נבטים סינים יח,מרינה,IL,נבטים סינים יח,גרמים,350.00,100 גרם,false,1,6.50,0.0186,true,1,9693
7290006271174,false,גחנון לאפיה מעדנות 7,מיוצר עי קונדיטוריית,IL,גחנון לאפיה מעדנות 700 גרם,גרמים,700.00,100 גרם,false,1,21.90,0.0313,true,1,1876
7290006271181,false,גחנון אפוי 750 גרם,"מעדנות בע""מ",IL,"ג""חנון אפוי 750 גרם מעדנות",גרמים,750.00,100 גרם,false,1,27.90,0.0372,true,1,1877
7290006271761,false,גחנון אפוי מיני,מיוצר עי קונדיטוריית,IL,"ג""חנון אפוי מיני מעדנות 600 גרם",גרמים,600.00,100 גרם,false,1,23.50,0.0392,true,1,5313
7290006272072,false,חטיפי פיצה מעדנות 65,"מעדנות בע""מ",IL,חטיפי פיצה מעדנות 650 גרם,גרמים,650.00,100 גרם,false,1,36.90,0.0568,true,1,14044
7290006272430,false,בצק עלים חמאה 600 גר,"מעדנות בע""מ",IL,בצק עלים חמאה 600 גרם,גרמים,600.00,100 גרם,false,1,31.90,0.0532,true,1,6695
7290006306296,false,רביולי גבינה לילדים,קרלו,IL,רביולי במילוי גבינה במיוחד לילדים,גרמים,400.00,100 גרם,false,1,29.90,0.0747,true,1,11180
7290006306302,false,רביולי במילוי פרמזן,קרלו,IL,רביולי במילוי גבינות פרמזן וריקוטה,גרמים,400.00,100 גרם,false,1,29.90,0.0747,true,1,5337
7290006306319,false,רביולי במילוי בטטה 4,קרלו,IL,רביולי במילוי בטטה,גרמים,400.00,100 גרם,false,1,29.90,0.0747,true,1,5338
7290006306326,false,רביולי פטריות ופרמזן,קרלו,IL,רביולי במילוי פטריות וגבינת פרמזן,גרמים,400.00,100 גרם,false,1,29.90,0.0747,true,1,5339
7290006342065,false,בוטנים קלויים 200גרם,,,בוטנים קלויים 200גרם,גרמים,200.00,100 גרם,false,1,9.90,0.0495,true,1,69178
7290006342447,false,גרעין אבטיח,,,גרעין אבטיח 200גרם,גרמים,200.00,100 גרם,false,1,17.90,0.0895,true,1,69179
7290006342645,false,עלי טורטייה גדולה 84,מוטלוקל,TR,עלי טורטייה גדולה 840 גרם,גרמים,840.00,100 גרם,false,1,16.90,0.0201,true,1,19006
7290006346018,false,הבולגרית של דורית  2,מונטה קרלו,,הבולגרית של דורית  250גרם,גרמים,250.00,100 גרם,false,1,30.90,0.1236,true,1,11160
7290006346025,false,ציזיקי יווני מונטה ק,קלאס פוד,IL,ציזיקי יווני מונטה קרלו  250גרם,גרמים,250.00,100 גרם,false,1,19.90,0.0796,true,1,69740
7290006346063,false,לאבנה שמן זית זעתר מ,מונטה קרלו,IL,לאבנה שמן זית זעתר מונטה קרלו 250 גרם,גרמים,250.00,100 גרם,false,1,19.90,0.0796,true,1,71643
7290006346117,false,מלפפון כבוש ביתי דלי,מונטה קרלו,IL,מלפפון כבוש ביתי דלי מונטה קרלו 330גרם,גרמים,330.00,100 גרם,false,1,23.90,0.0724,true,1,67663
7290006346162,false,טורשי ירקות דלי מונט,מונטה קרלו,IL,טורשי ירקות דלי מונטה קרלו 330גרם,גרמים,330.00,100 גרם,false,1,23.90,0.0724,true,1,67661
7290006346247,false,קוביות בולגרית בפסטו,,,קוביות בולגרית בפסטו 250 גרם,גרמים,250.00,100 גרם,false,1,26.90,0.1076,true,1,68246
7290006346308,false,ארטישוק דיזון   250,מונטה קרלו,IL,ארטישוק דיזון   250 גרם,גרמים,250.00,100 גרם,false,1,19.90,0.0796,true,1,69010
7290006346315,false,משוויה חציל חריף 250,מונטה קרלו,IL,משוויה חציל חריף 250 גרם,גרמים,250.00,100 גרם,false,1,16.90,0.0676,true,1,69015
7290006346391,false,הרינג בצל ירוק מונטה,מונטה קרלו,IL,הרינג בצל ירוק מונטה קרלו 250גרם,גרמים,250.00,100 גרם,false,1,24.90,0.0996,true,1,68494
7290006346414,false,סלט אבוקדו 250גרם,קלאס פוד,IL,סלט אבוקדו 250גרם,גרמים,250.00,100 גרם,false,1,21.90,0.0876,true,1,50967
7290006346421,false,הרינג כבוש בבצל מונט,מונטה קרלו,IL,הרינג כבוש בבצל מונטה קרלו 250גרם,גרמים,250.00,100 גרם,false,1,24.90,0.0996,true,1,68496
7290006346452,false,טונה זיתים ללא מיונז,מונטה קרלו,IL,טונה זיתים ללא מיונז   250 גרם,גרמים,250.00,100 גרם,false,1,23.90,0.0956,true,1,69013
7290006346834,false,פלפלית בלימון חריף מ,מונטה קרלו,IL,פלפלית בלימון חריף מונטה קרלו 250גרם,גרמים,250.00,100 גרם,false,1,14.90,0.0596,true,1,67669
7290006346889,false,כרובית מוקפצת    250,מונטה קרלו,IL,כרובית מוקפצת    250 גרם,גרמים,250.00,100 גרם,false,1,29.90,0.1196,true,1,69014
7290006346896,false,כרובית בטחינה    250,מונטה קרלו,IL,כרובית בטחינה    250 גרם,גרמים,250.00,100 גרם,false,1,29.90,0.1196,true,1,69012
7290006346926,false,ארטישוק בלימון     2,מונטה קרלו,IL,ארטישוק בלימון     250גרם,גרמים,250.00,100 גרם,false,1,19.90,0.0796,true,1,69016
7290006346971,false,חציל אפוי במיונז מונ,מונטה קרלו,IL,חציל אפוי במיונז מונטה קרלו 250גרם,גרמים,250.00,100 גרם,false,1,16.90,0.0676,true,1,67650
7290006374738,false,קונפיטורה תות 340 גר,אף.סי תבליני בגליל ב,IL,קונפיטורה תות 340 גרם יד מרדכי,גרמים,340.00,100 גרם,false,1,15.90,0.0468,true,1,3562
7290006449344,false,חסה עגולה ארוזה במגש,חקלאי,IL,חסה עגולה ארוזה במגשית,לא מנהל יחידת מידה,0.00,לא מנהל יחידת מידה,false,1,11.90,0.0000,true,1,29545
7290006449955,false,מלפפון בייבי  ארוז,מ.ע יזמות,IL,מלפפון בייבי  ארוז,גרמים,500.00,100 גרם,false,1,14.90,0.0298,true,1,13128
7290006492432,false,גבינה מוצרלה בייבי,מחלבות גד בעמ,IL,גבינה מוצרלה בייבי 150 גרם,גרמים,150.00,100 גרם,false,1,16.90,0.1127,true,1,1904
7290006492616,false,גבינה בולגרית 5% פרו,DSH עבור מחלבות גד ב,IL,פרוסות בולגרית מעודנת 5%,גרמים,250.00,100 גרם,false,1,29.90,0.1196,true,1,4843
7290006492630,false,גבינת עיזים גד עז גל,יוליניבר,IL,מחלבות גד גדעז גבינת שמנת מחלב עיזים 20%,גרמים,180.00,100 גרם,false,1,26.90,0.1494,true,1,5039
7290006492685,false,גבינת לאבנה עיזים 5%,מחלבות גד בעמ,IL,גבינת לאבנה עיזים 5% 250 גרם גד,גרמים,250.00,100 גרם,false,1,19.90,0.0796,true,1,5388
7290006492852,false,גבינה לבנה עיזים 5%,מחלבות גד,IL,גבינה לבנה עיזים 5% 250 גרם גד,גרמים,250.00,100 גרם,false,1,19.90,0.0796,true,1,5719
7290006492913,false,ציזיקי למריחה 250 גר,מחלבות גד בעמ,IL,ציזיקי למריחה 250 גרם גד,גרמים,250.00,100 גרם,false,1,15.90,0.0636,true,1,5746
7290006511157,false,פטריות שמפניון שלמות,אוקצ'מפס אס.איי אויי,PL,ויליפוד פטריות שמפניון שלמות 400 גרם,גרמים,400.00,100 גרם,false,1,9.90,0.0248,true,1,3994
7290006582355,false,סילאן שקדיה 900 גרם,"דין שיווק וקליה בע""מ",TR,שקדיה סילאן דבש תמרים 900 גרם,גרמים,900.00,100 גרם,false,1,16.90,0.0188,true,1,9863
7290006582539,false,חמוציות 250גרם,דין שיווק,IL,חמוציות 250גרם,גרמים,250.00,100 גרם,false,1,12.90,0.0516,true,1,69162
7290006618078,false,אסטוניש לניקוי כללי,פרח,,יעקבי אסטוניש ספריי ניקוי למטבח 750 מל,מיליליטרים,750.00,"100 מ""ל",false,1,16.90,0.0225,true,1,4162
7290006618085,false,אסטוניש לניקוי אמבטי,פרח,,יעקבי אסטוניש ספריי ניקוי לחדר האמבטיה 750 מל,מיליליטרים,750.00,"100 מ""ל",false,1,16.90,0.0225,true,1,4163
7290006644510,false,"תפוזינה ענבים 500 מ""","יפאורה תבורי בע""מ",IL,תפוזינה ענבים 0.5 ל',מיליליטרים,500.00,"100 מ""ל",false,1,6.90,0.0138,true,1,7429
7290006653819,false,קוסקוס דק בשקית 350,"מיוצר ע""י קוד יצרן K",IL,אסם קוסקוס דק 12*350גרם,גרמים,350.00,100 גרם,false,1,9.90,0.0283,true,1,3787
7290006660596,false,קמח עדשים אדומות דגש,אף.סי תבליני בגליל ב,IL,דוכן גן שמואל קמח אורז מלא 500 גרם,גרמים,500.00,100 גרם,false,1,21.90,0.0438,true,1,51011
7290006660602,false,מי קוקוס אורגני גרין,תות תעשיות מזון (201,PH,מי קוקוס אורגני גרין קוקו 1 ליטר,ליטרים,1.00,ליטר,false,1,20.90,20.9000,true,1,51026
7290006664310,false,גבינה סקי 3% 250 גרם,"שטראוס בריאות בע""מ",IL,סקי 3% 250 גרם,גרמים,250.00,100 גרם,false,1,4.80,0.0192,true,1,1937
7290006664655,false,משקה יוגורט אקטימל מ,"שטראוס בריאות בע""מ",IL,אקטימל לבן שמינייה,מיליליטרים,864.00,"100 מ""ל",false,1,22.70,0.0263,true,1,4348
7290006664990,false,מארז דנונה ביו 1.7%,מיוצר עי קונדיטוריית,IL,מארז דנונה ביו 1.7% שמינייה,קילוגרמים,1.20,"ק""ג",false,1,17.60,14.6667,true,1,4569
7290006681003,false,גלידה סורבה תות לימו,,IL,גלידה קרמיסימו סורבה שרבט תות לימון 1.33 ל',ליטרים,1.33,ליטר,false,1,27.90,20.9774,true,1,52897
7290006681065,false,שלגון טעמקור  XL,שטראוס גלידות,,שלגון טעמקור  XL,גרמים,75.00,100 גרם,false,1,9.90,0.1320,true,1,3563
7290006681553,false,קרמבו וניל מארז 8 יח,"גלידת שטראוס בע""מ",IL,"שטראוס קרמבו 80 מ""ל",גרמים,200.00,100 גרם,false,1,17.90,0.0895,true,1,4387
7290006681560,false,קרמבו מוקה מארז 8 יח,"גלידת שטראוס בע""מ",IL,"שטראוס קרמבו 80 מ""ל",גרמים,200.00,100 גרם,false,1,17.90,0.0895,true,1,4388
7290006681843,false,מאגדת שלגון שרבט מינ,,IL,"שטראוס מאגדת לייט פרי 420 מ""ל",גרמים,300.00,100 גרם,false,1,25.90,0.0863,true,1,4626
7290006704511,false,"תפו""א זעיר למיקרו יח",מ.ע יזמות,IL,תפוא זעיר למיקרו יח,לא מנהל יחידת מידה,0.00,לא מנהל יחידת מידה,false,1,8.90,0.0000,true,1,5243
7290006704573,false,בצל ירוק יח,עוואדי,IL,בצל ירוק יח,גרמים,100.00,100 גרם,false,1,7.90,0.0790,true,1,5271
7290006704733,false,אספרגוס יח,מרינה,IL,אספרגוס יח,גרמים,300.00,100 גרם,false,1,29.90,0.0997,true,1,5286
7290006704740,false,שורש פטרוזיליה יח,אורן אליהו,IL,שורש פטרוזיליה יח,גרמים,100.00,100 גרם,false,1,5.90,0.0590,true,1,6593
7290006704757,false,ראש סלרי יח,אורן אליהו,IL,ראש סלרי יח,גרמים,500.00,100 גרם,false,1,6.90,0.0138,true,1,6595
7290006724205,false,טופו חומוס  ליב  300,משק וואיילר,IL,טופו חומוס  ליב  300גרם,גרמים,300.00,100 גרם,false,1,14.90,0.0497,true,1,68238
7290006738615,false,קבב זהב זוגלובק  400,זוגלובק,IL,זוגלובק קבב זהב 400 גרם,גרמים,400.00,100 גרם,false,1,21.90,0.0547,true,1,7029
7290006739346,false,נקניקיות פרגיות,זוגלובק,IL,זוגלובק נקניקיות מבשר פרגיות 400 גרם,גרמים,400.00,100 גרם,false,1,19.90,0.0497,true,1,3677
7290006739407,false,שניצל תירס לייט,כצט,IL,שניצל תירס לייט 630 גרם,גרמים,630.00,100 גרם,false,1,31.90,0.0506,true,1,7874
7290006739414,false,סלמי קוניאק,זוגלובק,IL,זוגלובק סלמי קוניאק 300 גרם א.מ.,גרמים,300.00,100 גרם,false,1,32.50,0.1083,true,1,1948
7290006739421,false,סלמי מעושן איטלקי 30,זוגלובק,IL,זוגלובק סלמי מעושן איטלקי 300 גרם א.מ.,גרמים,300.00,100 גרם,false,1,32.50,0.1083,true,1,4340
7290006739445,false,שניצל תירס קלאסי 750,זוגלובק,IL,זוגלובק שניצל תירס קלאסי 750 גר בדצ - ללא מגשית,גרמים,750.00,100 גרם,false,1,29.90,0.0399,true,1,8097
7290006739544,false,כתף בקר 300 גרם זוגל,זוגלובק,IL,זוגלובק כתף בקר 300 גרם א.מ.,גרמים,300.00,100 גרם,false,1,33.90,0.1130,true,1,8693
7290006742162,false,המבורגר מזרחי זוגלוב,כצט,IL,המבורגר מזרחי זוגלובק  400 גרם,גרמים,400.00,100 גרם,false,1,19.90,0.0497,true,1,6540
7290006742278,false,פסטרמה הודו צלויה על,זוגלובק,IL,זוגלובק פסטרמה הודו בטעם צלייה על לבנים 330 גר,גרמים,330.00,100 גרם,false,1,33.90,0.1027,true,1,8694
7290006742292,false,פסטרמה הודו בדבש טהו,זוגלובק,IL,זוגלובק פסטרמה הודו בדבש טהור 330 גר,גרמים,330.00,100 גרם,false,1,33.90,0.1027,true,1,8695
7290006742315,false,חזה הודו ברביקיו 330,זוגלובק,IL,זוגלובק פסטרמה הודו ברביקיו 330 גר,גרמים,330.00,100 גרם,false,1,33.90,0.1027,true,1,53587
7290006764065,false,בירה נשר מאלט בקבוק,"איי, בי, אינבוו",IL,בירה מאלט ללא אלכוהול 500 מל,מיליליטרים,500.00,"100 מ""ל",false,1,5.80,0.0116,true,1,1955
7290006764072,false,בירה גולדסטאר בקבוק,"טמפו משקאות בע""מ",IL,"בירה גולדסטאר בקבוק חוזר 500 מ""ל",מיליליטרים,500.00,"100 מ""ל",false,1,7.90,0.0158,true,1,1957
7290006764157,false,גולדסטאר לא מסונן בק,פארייפאבה אגרואינדוס,IL,"בירה גולדסטאר Unfiltered, בקבוק חוזר 500 מ""ל",מיליליטרים,500.00,"100 מ""ל",false,1,7.90,0.0158,true,1,48459
7290006764164,false,שישיית גולדסטאר לא מ,פארייפאבה אגרואינדוס,IL,שישיית גולדסטאר לא מסונן חוזר 500 *6,ליטרים,3.00,ליטר,false,1,53.90,17.9667,true,1,47541
7290006764737,false,בירה נשר דיאט מאלט ב,"איי, בי, אינבוו",IL,בירה מאלט דלת קלוריות ללא אלכוהול 500 מל,מיליליטרים,500.00,"100 מ""ל",false,1,5.80,0.0116,true,1,1960
7290006765000,false,טורטייה מקמח מלא 540,מוטלוקל,TR,טורטייה מקמח מלא 540 גרם,גרמים,540.00,100 גרם,false,1,12.90,0.0239,true,1,5403
7290006804051,false,בורקס גבינה פילסברי,פילסברי,,"בורקס גבינה פילסברי 1 ק""ג",קילוגרמים,1.00,"ק""ג",true,,44.60,44.6000,true,1,8698
7290006804570,false,לחמניה מרוקאית פרנה,פילסברי,,לחמניה מרוקאית פרנה,יחידה,0.00,יחידה,false,1,5.90,0.0000,true,1,1980
7290006804907,false,פיתות אסלי פילסברי 1,פילסברי,,פיתות אסלי פילסברי 1/5,גרמים,500.00,100 גרם,false,1,7.90,0.0158,true,1,6294
7290006805850,false,תערובת להכנת פנקייקס,הדקלאים אגודת שיתופי,IL,תערובת קלת הכנה לפנקייק ביתי וטעים 450 גרם,גרמים,500.00,100 גרם,false,1,19.90,0.0398,true,1,4750
7290006806376,false,לחמניית טוסט,פילסברי,IL,לחמניית טוסט,יחידה,48.00,יחידה,false,1,7.90,0.1646,true,1,67626
7290006806437,false,בורקס גבינה פילסברי,פילסברי,,בורקס גבינה פילסברי  מנה אישית,לא מנהל יחידת מידה,0.00,לא מנהל יחידת מידה,false,1,9.90,0.0000,true,1,9962
7290006806635,false,משולשי פיצה פילסברי,פילסברי,,משולשי פיצה פילסברי מנה אישית,יחידה,1.00,יחידה,false,1,9.90,9.9000,true,1,10362
7290006806963,false,חלה קלועה מתוקה פילס,פילסברי,,חלה קלועה מתוקה פילסברי,יחידה,5.00,יחידה,false,1,15.90,3.1800,true,1,7295
7290006822192,false,נקטר אושן ספריי דיאט,מולינו ניקולי s.p.a,IL,פריגת דיאט אושן ספריי חמוציות 1 ליטר,ליטרים,1.00,ליטר,false,1,15.90,15.9000,true,1,2736
7290006855008,false,חטיף דגנים תמרים,טבעית מוצרים מן הטבע,,חטיף דגנים ברבריא תמרים ואגוזים 27גרם,גרמים,27.00,100 גרם,false,1,4.90,0.1815,true,1,60715
7290006855039,false,חטיף דגנים אגוזים,טבעית מוצרים מן הטבע,,חטיף דגנים ברבריא אגוזים צימוק30גרם,גרמים,30.00,100 גרם,false,1,4.90,0.1633,true,1,60709
7290006866363,false,מיץ אשכוליות אדומות,השחר,IL,מיץ אשכולית אדומות סחוט טבעי 1 ליטר,ליטרים,1.00,ליטר,false,1,19.90,19.9000,true,1,5912
7290006899187,false,תה סרמוני לימונית ול,סרמוני תה בעמ,,תה סרמוני לימונית ולואיזה 14 שקיקים,גרמים,30.00,100 גרם,false,1,19.90,0.6633,true,1,25033
7290006899255,false,תה סרמוני ארל גריי ל,סרמוני תה בעמ,,תה סרמוני ארל גריי לבנדר 14 שקיקים,גרמים,44.00,100 גרם,false,1,19.90,0.4523,true,1,7572
7290006899361,false,תה סרמוני פירות היער,סרמוני תה בעמ,,תה סרמוני פירות יער 20 שקיקים,גרמים,50.00,100 גרם,false,1,19.90,0.3980,true,1,7573
7290006983176,false,לחמית עם שיפון,"אסם השקעות בע""מ",IL,לחמית שיפון 10*230גרם,גרמים,230.00,100 גרם,false,1,10.90,0.0474,true,1,2007
7290006983770,false,עוגת הבית שיש,מיוצר עי קונדיטוריית,IL,הבית עוגת שיש 8*400גרם,גרמים,400.00,100 גרם,false,1,17.50,0.0438,true,1,2737
7290006983787,false,עוגת הבית שוקוציפס 4,מיוצר עי קונדיטוריית,IL,הבית עוגת שוקולד צ'יפס 8*400גרם,גרמים,400.00,100 גרם,false,1,17.50,0.0438,true,1,2709
7290006983794,false,עוגת הבית תפוז 400 ג,מיוצר עי קונדיטוריית,IL,הבית עוגת תפוז 8*400גרם,גרמים,400.00,100 גרם,false,1,17.50,0.0438,true,1,2710
7290008104050,false,לקטופיל פמינה לשטיפה,כצט נוביס סעמ,IL,פמינה תחליב רחצה אינטימי קלאסיק 220 מל,מיליליטרים,220.00,"100 מ""ל",false,1,23.90,0.1086,true,1,71564
7290008175173,false,200  גרםvalio-חמאה,יוליניבר,FI,200  גרםvalio-חמאה  מלח,גרמים,200.00,100 גרם,false,1,14.90,0.0745,true,1,2271
7290008175210,false,פרמזנו מגורדת 90 גרם,זנטי אס.איי.,IT,פרמזנו מגורדת 90 גרם,גרמים,90.00,100 גרם,false,1,18.90,0.2100,true,1,2272
7290008175814,false,פטריות חתוכות שמפניו,"אוקצ'מפ אס, איי אויי",PL,פטריות חתוך 400גרם- בד'צ,גרמים,400.00,100 גרם,false,1,5.90,0.0148,true,1,2277
7290008340618,false,סלמון מעושן מצונן 10,ויליגר תעשיות בעמ,IL,פרלינג סלומון מעושן 100 גרם,גרמים,100.00,100 גרם,false,1,23.90,0.2390,true,1,3169
7290008343466,false,בצק פילו שלושת האופי,כלורוקס אוקלנד,IL,בצק פילו,גרמים,500.00,100 גרם,false,1,20.90,0.0418,true,1,5228
7290008344272,false,המבורגר 100% טיבון ו,מולינו ניקולי s.p.a,IL,המבורגר 100% טיבון ויל 400 גרם,גרמים,400.00,100 גרם,false,1,22.90,0.0572,true,1,2300
7290008345132,false,הרינג כבוש דלידג 240,כלורוקס אוקלנד,IL,הרינג כבוש דלידג 240,גרמים,240.00,100 גרם,false,1,27.90,0.1162,true,1,2302
7290008345576,false,סלט איקרה לבנה דלידג,כלורוקס אוקלנד,IL,סלט איקרה לבנה דלידג 300 גרם,גרמים,300.00,100 גרם,false,1,21.90,0.0730,true,1,3176
7290008345583,false,סלט איקרה ורודה דליד,כלורוקס אוקלנד,IL,סלט איקרה ורודה דלידג 300 גרם,גרמים,300.00,100 גרם,false,1,21.90,0.0730,true,1,3177
7290008409100,false,אצבעות שניצל ציפוי ש,תנובה גליל שותפות מו,IL,אצבעות שניצל ציפוי שומשום מאמא ע 700 גרם,גרמים,700.00,100 גרם,false,1,39.90,0.0570,true,1,4977
7290008409124,false,שניצל גונגל מאמא עוף,תנובה גליל שותפות מו,IL,שניצל גונגל מאמא עוף 700 גרם,גרמים,700.00,100 גרם,false,1,39.90,0.0570,true,1,5042
7290008409216,false,שניצל דק דק פריך,תנובה גליל,IL,מאמא עוף שניצל דק פריך 700 גרם,גרמים,700.00,100 גרם,false,1,45.90,0.0656,true,1,8161
7290008409377,false,שווארמה פרגיות 400,תנובה גליל שותפות מו,IL,שווארמה פרגיות 400  גרם,גרמים,400.00,100 גרם,false,1,43.90,0.1097,true,1,2305
7290008409407,false,"שניצל דק בציפוי צ""יפ",תנובה גליל שותפות מו,IL,"שניצל דק בציפוי צ""יפס 700 גרם",גרמים,700.00,100 גרם,false,1,45.90,0.0656,true,1,10372
7290008409452,false,שישליק עוף אמיתי מוכ,תנובה גליל שותפות מו,IL,שישליק עוף אמיתי מוכן 400 גרם,גרמים,400.00,100 גרם,false,1,39.90,0.0997,true,1,2307
7290008409476,false,קציצות עוף,תנובה גליל,IL,קציצות עוף 480 גרם,גרמים,480.00,100 גרם,false,1,32.90,0.0685,true,1,2308
7290008409544,false,שניצל עוף אמיתי,תנובה גליל שותפות מו,IL,שניצל עוף אמיתי 700 גרם,גרמים,700.00,100 גרם,false,1,45.90,0.0656,true,1,2309
7290008409551,false,שניצל עוף אמיתי בציפ,תנובה גליל שותפות מו,IL,שניצל אמיתי מעודן,גרמים,700.00,100 גרם,false,1,45.90,0.0656,true,1,2310
7290008409568,false,שניצל ציפס אמיתי,תנובה גליל שותפות מו,IL,"שניצל צ""יפס אמיתי 700 גרם",גרמים,700.00,100 גרם,false,1,45.90,0.0656,true,1,2311
7290008409582,false,שניצל אמיתי ביתי מאמ,תנובה גליל שותפות מו,IL,שניצל אמיתי ביתי מאמא עוף  700 גרם,גרמים,700.00,100 גרם,false,1,45.90,0.0656,true,1,2313
7290008409773,false,קציצות עוף והודו אמי,תנובה גליל שותפות מו,IL,מאמא עוף קציצות עוף והודו 700 גרם,גרמים,700.00,100 גרם,false,1,36.90,0.0527,true,1,2314
7290008415071,false,סלט חומוס וטחינה 150,לחמנו,IL,סלטי צבר חומוס עם טחינה 12*150גרם,גרמים,150.00,100 גרם,false,1,5.90,0.0393,true,1,2321
7290008415514,false,סלט חומוס וחריף 150,לחמנו,IL,סלטי צבר חומוס עם חריף 12*150גרם,גרמים,150.00,100 גרם,false,1,5.90,0.0393,true,1,2323
7290008461221,false,סרדינים בשמן חמניות,יוליניבר,PT,סרדינים בשמן חמניות 115 גרם,גרמים,115.00,100 גרם,false,1,7.90,0.0687,true,1,2332
7290008461238,false,סרדינים בשמן חמניות,יוליניבר,PT,סרדינים בשמן חמניות חריף 115 גר,גרמים,115.00,100 גרם,false,1,7.90,0.0687,true,1,2333
7290008461283,false,גבינה טריפל צדר נני,יוליניבר,,גבינה טריפל צדר נני  200 גרם,גרמים,200.00,100 גרם,false,1,25.90,0.1295,true,1,31602
7290008462204,false,חרדל דיזון מיילי מקו,יוליניבר,FR,חרדל דיזון מיילי מקורי 380 גרם,גרמים,380.00,100 גרם,false,1,16.90,0.0445,true,1,3919
7290008462259,false,חרדל דיזון חריף מייל,כצט,FR,חרדל דיזון חריף מיילי גרגירים 380 גר,גרמים,380.00,100 גרם,false,1,18.90,0.0497,true,1,6692
7290008464024,false,בירה גולדסטאר לא מסו,"איי, בי, אינבוו",IL,"בירה גולדסטאר לא מסונן פחית 500 מ""ל",מיליליטרים,500.00,"100 מ""ל",false,1,10.90,0.0218,true,1,17953
7290008464208,false,בירה מכבי 7.9% בקבוק,פארייפאבה אגרואינדוס,IL,"בירה מכבי 7.9%, בירה חזקה, בקבוק 330 מ''ל",מיליליטרים,330.00,"100 מ""ל",false,1,9.50,0.0288,true,1,20379
7290008464222,false,בירה מכבי 7.9%  פחית,"איי, בי, אינבוו",IL,"בירה מכבי 7.9%, בירה חזקה, פחית 500 מ""ל",מיליליטרים,500.00,"100 מ""ל",false,1,8.90,0.0178,true,1,22732
7290008464338,false,בירה מכבי בקבוק 330,בירה מכבי,IL,בירה מכבי בקבוק 330 מל לאגר בהירה,מיליליטרים,330.00,"100 מ""ל",false,1,9.50,0.0288,true,1,2336
7290008464345,false,בירה גולדסטאר בקבוק,פארייפאבה אגרואינדוס,IL,"בירה גולדסטאר, בקבוק 330 מ''ל",מיליליטרים,330.00,"100 מ""ל",false,1,8.90,0.0270,true,1,2337
7290008464406,false,פפסי מקס פחית,"טמפו משקאות בע""מ",IL,פפסי מקס פחית 330 מל,מיליליטרים,330.00,"100 מ""ל",false,1,6.00,0.0182,true,1,50980
7290008464468,false,בירה גולדסטאר פחית 5,פארייפאבה אגרואינדוס,IL,"בירה גולדסטאר, פחית 500 מ""ל",מיליליטרים,500.00,"100 מ""ל",false,1,9.90,0.0198,true,1,2338
7290008464475,false,בירה מכבי פחית 500 מ,"איי, בי, אינבוו",IL,"בירה מכבי, פחית 500 מ""ל",מיליליטרים,500.00,"100 מ""ל",false,1,8.90,0.0178,true,1,2339
7290008464505,false,מים מינרלים סן בנדטו,אקווה מינרלה סאן בנד,IT,סן בנדטו 500 מל שישייה,מיליליטרים,500.00,"100 מ""ל",false,1,5.90,0.0118,true,1,2631
7290008464604,false,בירה הייניקן פחית 50,טמפו משקאות בע''מ,NL,"בירה היינקן, פחית 500 מ""ל",מיליליטרים,500.00,"100 מ""ל",false,1,13.90,0.0278,true,1,2576
7290008464611,false,"מי סודה טמפו 275 מ""ל",טמפו משקאות בעמ,IL,"הסודה של טמפו, מי סודה בגיזוז חזק, 275 מל",מיליליטרים,275.00,"100 מ""ל",false,1,4.50,0.0164,true,1,47949
7290008464673,false,גולדסטאר SLOW BREW פ,"איי, בי, אינבוו",IL,גולדסטאר פחית בירה לאגר חזקה מאוד 500 מל,מיליליטרים,500.00,"100 מ""ל",false,1,10.90,0.0218,true,1,51787
7290008464697,false,בירה מכבי 7.9% שישיי,טמפו,,"בירה מכבי 7.9% שישייה בקבוק 330 מ""ל",ליטרים,1.98,ליטר,false,1,37.90,19.1414,true,1,20146
7290008464741,false,בירה גולדסטאר שישייה,טמפו,,"בירה גולדסטאר שישייה בקבוק 330 מ""ל",ליטרים,1.98,ליטר,false,1,39.90,20.1515,true,1,2344
7290008464796,false,בירה הייניקן שישייה,טמפו,,"בירה הייניקן שישייה בקבוק 330 מ""ל",ליטרים,1.98,ליטר,false,1,46.90,23.6869,true,1,2346
7290008493413,false,פירורי גריסיני 200 ג,מאיר בייגל,IL,מאיר בייגל פירורי גריסיני 200 גרם,גרמים,200.00,100 גרם,false,1,7.50,0.0375,true,1,6173
7290008500005,false,תערובת להכנת בראוניז,פילסברי,IL,תערובת להכנת בראוניז פלסברי ללג 415גרם,גרמים,415.00,100 גרם,false,1,21.90,0.0528,true,1,69258
7290008500036,false,תערובת להכנת עוגיות,פילסברי,IL,תערובת להכנת עוגיות שוקו ציפס פלסברי200,גרמים,200.00,100 גרם,false,1,17.90,0.0895,true,1,69257
7290008500470,false,פיתה זעתר 110 גרם,פילסברי,IL,פיתה זעתר 110 גרם,גרמים,110.00,100 גרם,false,1,7.50,0.0682,true,1,69560
7290008500487,false,פיתה עם שבבי בצל מיו,פילסברי,IL,פיתה עם שבבי בצל מיובשים 110 גרם,גרמים,110.00,100 גרם,false,1,7.50,0.0682,true,1,69561
7290008500517,false,עוגה דבש פילסברי,פילסברי,IL,עוגה דבש 450 גרם פילסברי,גרמים,450.00,100 גרם,false,1,24.90,0.0553,true,1,71287
7290008535212,false,תפוגן ציפס בזיגוג 80,"תעשיות תפוגן בע""מ",IL,תפוגן טוגן זיג זג 12*800גרם,גרמים,800.00,100 גרם,false,1,12.90,0.0161,true,1,3789
7290008590129,false,שעועית ירוקה שלמה שף,משק ויילר,BE,שעועית ירוקה שלמה שף הטבע 800גרם,גרמים,800.00,100 גרם,false,1,12.90,0.0161,true,1,71602
7290008590198,false,שעועית ירוקה חתוכה ש,משק ויילר,BE,שעועית ירוקה חתוכה שף הטבע   800גרם,גרמים,800.00,100 גרם,false,1,12.90,0.0161,true,1,71605
7290008612074,false,"אגד מתמתח 5 ס""מ",פארמה פלסט,EG,"אגד מתמתח 5 ס""מ",לא מנהל יחידת מידה,0.00,לא מנהל יחידת מידה,false,1,9.90,0.0000,true,1,69665
7290008612531,false,מד חום מהיר וגמיש 10,פארמה פלסט,EG,מד חום מהיר וגמיש 10 שניות,לא מנהל יחידת מידה,0.00,לא מנהל יחידת מידה,false,1,25.90,0.0000,true,1,69662
7290008634045,false,פלסטר לילדים סאני 30,,,פלסטר לילדים סאני 30 יחידות,יחידה,1.00,יחידה,false,1,7.90,7.9000,true,1,16280
7290008639095,false,פחזניות וניל חלבי 28,קפולסקי,IL,פחזניות וניל חלבי 280גרם,גרמים,280.00,100 גרם,false,1,29.90,0.1068,true,1,70638
7290008644235,false,מבחר עלי בייבי 120 ג,שטראוס בריאות ירקות,IL,מבחר עלי בייבי 120 גרם שטופים שטראוס,גרמים,120.00,100 גרם,false,1,13.90,0.1158,true,1,2352
7290008644945,false,סלט המושבה שטופים שט,תות תעשיות מזון (201,IL,סלט המושבה שטופים שטראוס,גרמים,450.00,100 גרם,false,1,12.90,0.0287,true,1,2354
7290008645935,false,חומוס אחלה 750 גרם,"שטראוס גרופ בע""מ",IL,חומוס 750 אחלה,גרמים,750.00,100 גרם,false,1,11.90,0.0159,true,1,4878
7290008670012,false,יין רקנאטי קברנה סוב,תות ממתקי איכות,IL,רקנטי - קברנה סוביניון 2017 750 מל,מיליליטרים,750.00,"100 מ""ל",false,1,64.90,0.0865,true,1,2355
7290008670029,false,יין רקנאטי מרלו 750,תות ממתקי איכות,IL,רקנטי - מרלו 2017 750 מל,מיליליטרים,750.00,"100 מ""ל",false,1,64.90,0.0865,true,1,2356
7290008670142,false,יין יסמין אדום רקנאט,תות ממתקי איכות,IL,רקנטי - יסמין אדום 2017,מיליליטרים,750.00,"100 מ""ל",false,1,43.90,0.0585,true,1,3741
7290008670159,false,יין יסמין לבן רקנאטי,קריניציה ויטמינה אס,IL,"יין יסמין לבן רקנאטי 750 מ""ל",מיליליטרים,750.00,"100 מ""ל",false,1,43.90,0.0585,true,1,3742
7290008670210,false,יין רקנאטי שיראז 750,תות ממתקי איכות,IL,רקנטי - שיראז 2017 750 מל,מיליליטרים,750.00,"100 מ""ל",false,1,64.90,0.0865,true,1,58150
7290008693134,false,מעדן דניאלה גבינה תו,"שטראוס בריאות בע""מ",IL,דניאלה תות,גרמים,88.00,100 גרם,false,1,4.50,0.0511,true,1,2366
7290008713900,false,לחם שיפון עגול,מאפיית אנג'ל אורנים,IL,אנג'ל לחם שיפון עגול פרוס 750 גרם,גרמים,750.00,100 גרם,false,1,14.90,0.0199,true,1,7627
7290008745239,false,תפוציפס קראנץ,"שטראוס פריטו ליי בע""",IL,תפו קראנצ טבעי 50 גר 48 יח - שמיטה,גרמים,50.00,100 גרם,false,1,5.50,0.1100,true,1,2380
7290008747547,false,תפוציפס קראנץ טבעי 2,"שטראוס פריטו ליי בע""",IL,תפו קראנצ טבעי 200 גר 12 יח - שמיטה,גרמים,200.00,100 גרם,false,1,11.90,0.0595,true,1,2384
7290008753111,false,תפוציפס קראנץ מקסיקנ,"שטראוס פריטו ליי בע""",IL,תפו קראנצ מקסיקני 50 גר 48 יח- שמיטה,גרמים,50.00,100 גרם,false,1,5.50,0.1100,true,1,2393
7290008757010,false,סודה שוופס ביטר לימו,מיוצר עי קונדיטוריית,IL,שוופס ביטר למון 250 מל,מיליליטרים,250.00,"100 מ""ל",false,1,8.50,0.0340,true,1,7435
7290008757034,false,סודה שוופס בקבוק 250,יפאורה תבורי בעמ,IL,"שוופס סודה 250 מ""ל זכוכית",מיליליטרים,250.00,"100 מ""ל",false,1,4.50,0.0180,true,1,2395
7290008757980,false,נקטר ספרינג רימונים,"כד בני דרום בע""מ",IL,ספרינג קרטוניות רימונים 1 ל',ליטרים,1.00,ליטר,false,1,7.60,7.6000,true,1,5062
7290008775816,false,ערגליות שוקו 300 גרם,מיוצר עי קונדיטוריית,IL,ערגליות שוקולד 6*300גרם,גרמים,300.00,100 גרם,false,1,12.90,0.0430,true,1,2397
7290008775823,false,ערגליות תות 300 גרם,מיוצר עי קונדיטוריית,IL,ערגליות תות שדה 6*300גרם,גרמים,300.00,100 גרם,false,1,12.90,0.0430,true,1,2398
7290008801010,false,יין P.C קברנה מרלו,אגודת הכורמים הקאופו,IL,"יין P.C קברנה מרלו 750 מ""ל",מיליליטרים,750.00,"100 מ""ל",false,1,47.90,0.0639,true,1,51321
7290008801157,false,יין סלקטד מרלו 750 מ,יקבי כרמל,,"יין סלקטד מרלו 750 מ""ל",מיליליטרים,750.00,"100 מ""ל",false,1,29.90,0.0399,true,1,2401
7290008801843,false,יין סלקטד קברנה סובנ,"כד בני דרום בע""מ",IL,כרמל סלקטד קברנה סוביניון יין אדום יבש 2017 750 מל,מיליליטרים,750.00,"100 מ""ל",false,1,29.90,0.0399,true,1,2404
7290008801850,false,יין סלקטד אמרלד ריזל,אגודת הכורמים הקואופ,IL,כרמל סלקטד אמרלד ריזלינג-קולומברד 2018,מיליליטרים,750.00,"100 מ""ל",false,1,29.90,0.0399,true,1,2405
7290008802291,false,"יין מרלו P.C 750 מ""ל",אגודת הכורמים הקואופ,IL,כרמל פרייבט קולקשן מרלו 2018 יין אדום יבש 750 מל,מיליליטרים,750.00,"100 מ""ל",false,1,47.90,0.0639,true,1,2406
7290008802895,false,יין קברנה סוביניון,אגודת הכורמים הקאופו,IL,"יין P.C קברנה סוביניון 750 מ""ל",מיליליטרים,750.00,"100 מ""ל",false,1,47.90,0.0639,true,1,2408
7290008803090,false,יין מרלו גליל עליון,אגודת הכורמים הקואופ,IL,"יין מרלו גליל עליון 750 מ""ל",מיליליטרים,750.00,"100 מ""ל",false,1,59.90,0.0799,true,1,48390
7290008804189,false,יין קברנה סוביניון ג,אגודת הכורמים הקואופ,IL,"יין קברנה סוביניון גליל עליון 750 מ""ל",מיליליטרים,750.00,"100 מ""ל",false,1,59.90,0.0799,true,1,48391
7290008804462,false,יין P.C מוסקט לבן 50,אגודת הכורמים הקואופ,IL,"יין P.C מוסקט לבן 500 מ""ל",מיליליטרים,500.00,"100 מ""ל",false,1,47.90,0.0958,true,1,6128
7290008804745,false,יין ס.א גוורצטרמינר,אגודת הכורמים הקואופ,IL,יין ס.א גוורצטרמינר,מיליליטרים,750.00,"100 מ""ל",false,1,59.90,0.0799,true,1,28900
7290008805049,false,יין סלקטד רוזה 750 מ,"כד בני דרום בע""מ",IL,"יין רוזה חצי יבש יקבי הכרמל 2020, 750 מל",מיליליטרים,750.00,"100 מ""ל",false,1,29.90,0.0399,true,1,2425
7290008805384,false,יין סלקטד מוסקטו 750,אגודת הכורמים הקואופ,IL,כרמל סלקטד מוסקטו יין לבן מבעבע קלות,מיליליטרים,750.00,"100 מ""ל",false,1,29.90,0.0399,true,1,4509
7290008805520,false,יין קברנה מרלו סלקטד,"כד בני דרום בע""מ",IL,"יין קברנה מרלו סלקטד 750 מ""ל",מיליליטרים,750.00,"100 מ""ל",false,1,29.90,0.0399,true,1,51322
7290008806305,false,שלגון פצפצים,"מיוצר ע"" גלידת שטראו",IL,שלגון פצפצים תות בננה עם סוכרי,גרמים,97.00,100 גרם,false,1,7.90,0.0814,true,1,2427
7290008806961,false,גלידה קרמיסימו שוקול,"גלידת שטראוס בע""מ",IL,גלידה קרמיסימו שוקולד צ'יפ פרה 1.33 ל',ליטרים,1.33,ליטר,false,1,27.90,20.9774,true,1,2431
7290008806985,false,גלידונית קרמיסימו 1/,שטראוס גלידות,,גלידונית קרמיסימו 1/60  630 גרם פרווה,גרמים,630.00,100 גרם,false,1,52.90,0.0840,true,1,50803
7290008866019,false,ברי עיזים בייבי יעקו,משק יעקבס,IL,"ברי עיזים בייבי יעקובס לק""ג",קילוגרמים,1.00,"ק""ג",true,,149.00,149.0000,true,1,69761
7290008866033,false,גאודה עיזים יעקובס ל,משק יעקבס,IL,"גאודה עיזים יעקובס לק""ג",קילוגרמים,1.00,"ק""ג",true,,159.00,159.0000,true,1,69760
7290008880112,false,מצת קליפר,Flamagas SA Barcelon,,מצת קליפר,לא מנהל יחידת מידה,0.00,לא מנהל יחידת מידה,false,1,6.90,0.0000,false,1,22619
7290008899345,false,לחמניית שמינייה פילס,פילסברי,,לחמניית שמינייה פילסברי,יחידה,1.00,יחידה,false,1,4.50,4.5000,true,1,2451
7290008899505,false,באגט טרי פילסברי,פילסברי,,באגט טרי פילסברי,גרמים,0.00,100 גרם,false,1,6.90,0.0000,true,1,2452
7290008899512,false,באגט כפרי פילסברי,פילסברי,,באגט כפרי פילסברי,קילוגרמים,0.00,"ק""ג",false,1,6.90,0.0000,true,1,2453
7290008899567,false,"ג""בטה כפרית פילסברי",פילסברי,,"ג""בטה כפרית פילסברי",גרמים,200.00,100 גרם,false,1,6.50,0.0325,true,1,2455
7290008909761,false,בירה קרלסברג בקבוק,מולינו ניקולי s.p.a,IL,"קרלסברג בק 330 מ""ל פקדון",מיליליטרים,330.00,"100 מ""ל",false,1,10.90,0.0330,true,1,265
7290008909853,false,קוקה קולה זירו,פארייפאבה אגרואינדוס,IL,"קולה ZERO בקבוק 500 מ""ל",מיליליטרים,500.00,"100 מ""ל",false,1,7.90,0.0158,true,1,6898
7290008909884,false,קוקה קולה ZERO קלאסי,החברה המרכזית לייצור,IL,"קוקה קולה זירו קלאסי 330 מ""ל",מיליליטרים,330.00,"100 מ""ל",false,1,7.50,0.0227,true,1,11509
7290010023141,false,חליטת תה צמחים לימונ,HIQ FOOD PRODUCTS,IL,לימונענע - הגן הקסום,גרמים,55.00,100 גרם,false,1,19.90,0.3618,true,1,3165
7290010117970,false,בוטנים אמריקאים סבבה,"שטראוס פריטו ליי בע""",IL,בוטנים אמריקאים סבבה 50 גרם,גרמים,50.00,100 גרם,false,1,2.90,0.0580,true,1,7300
7290010133536,false,סיגריה אלקטרונית חפ,קלאס ספא,CN,סיגריה אלקטרונית ח״פ אייס אוכמניות 3000 שאיפות,יחידה,1.00,יחידה,false,1,99.90,99.9000,true,1,71261
7290010133543,false,סיגריה אלקטרונית חפ,קלאס ספא,CN,סיגריה אלקטרונית ח״פ אייס ענבים 3000 שאיפות,יחידה,1.00,יחידה,false,1,99.90,99.9000,true,1,71262
7290010133550,false,סיגריה אלקטרונית חפ,קלאס ספא,CN,סיגריה אלקטרונית ח״פ אייס תות 3000 שאיפות,יחידה,1.00,יחידה,false,1,99.90,99.9000,true,1,71263
7290010133574,false,סיגריה אלקטרונית סמא,shenzhen hot technol,CN,סיגריה אלקטרונית סמארט אוכמניות אייס 3000 שאיפות,יחידה,1.00,יחידה,false,1,99.90,99.9000,true,1,71627
7290010133581,false,סיגריה אלקטרונית סמא,shenzhen hot technol,CN,סיגריה אלקטרונית סמארט תות אייס 3000 שאיפות,יחידה,1.00,יחידה,false,1,99.90,99.9000,true,1,71625
7290010133604,false,סיגריה אלקטרונית סמא,shenzhen hot technol,CN,סיגריה אלקטרונית סמארט ענבים אייס 3000 שאיפות,יחידה,1.00,יחידה,false,1,99.90,99.9000,true,1,71623
7290010133628,false,סיגריה אלקטרונית סמא,shenzhen hot technol,CN,סיגריה אלקטרונית סמארט מלון אייס 3000 שאיפות,יחידה,1.00,יחידה,false,1,99.90,99.9000,true,1,71624
7290010154005,false,סחוג תימני 250 גרם,המאפיה של הרמן,IL,סחוג תימני 250 גרם,גרמים,250.00,100 גרם,false,1,16.90,0.0676,true,1,2062
7290010154012,false,לימון כבוש בלאדי 250,המאפיה של הרמן,IL,לימון כבוש בלאדי 250 גרם,גרמים,250.00,100 גרם,false,1,16.90,0.0676,true,1,2063
7290010154036,false,עמבה 250 גרם,המאפיה של הרמן,IL,ביטון יוחאי המקורי עמבה סלט מנגו וחילבה 250 גרם,גרמים,250.00,100 גרם,false,1,15.90,0.0636,true,1,4847
7290010154241,false,חזרת 250 גרם,המאפיה של הרמן,IL,ביטון יוחאי המקורי סלט חזרת 250 גרם,גרמים,250.00,100 גרם,false,1,16.90,0.0676,true,1,3966
7290010154265,false,"פלפל צ""ומה 250 גרם",המאפיה של הרמן,IL,"פלפל צ""ומה 250 גרם",גרמים,250.00,100 גרם,false,1,16.90,0.0676,true,1,5776
7290010154678,false,אריסה מרוקאית 250 גר,המאפיה של הרמן,IL,אריסה מרוקאית 250 גרם,גרמים,250.00,100 גרם,false,1,16.90,0.0676,true,1,47227
7290010154685,false,שום כתוש 250 גרם,המאפיה של הרמן,IL,ביטון יוחאי המקורי סלט שום כתוש 250 גרם,גרמים,250.00,100 גרם,false,1,17.50,0.0700,true,1,47228
7290010163069,false,צנובר 100 גרם,אף.סי תבליני בגליל ב,IL,צנובר 100 גרם,גרמים,100.00,100 גרם,false,1,29.90,0.2990,true,1,69177
7290010173044,false,יין הרי גליל מרלו 75,"כד בני דרום בע""מ",IL,"הרי גליל מרלו יין אדום יבש, 750 מל",מיליליטרים,750.00,"100 מ""ל",false,1,44.90,0.0599,true,1,3218
7290010173068,false,יין הרי גליל קברנה ס,"כד בני דרום בע""מ",IL,יקבי הרי גליל קברנה סוביניון 750 מל,מיליליטרים,750.00,"100 מ""ל",false,1,44.90,0.0599,true,1,3223
7290010237531,false,פפסי קולה בקבוק 500,סנו מפעלי ברונוס.,IL,פפסי 500 מל בקבוק,מיליליטרים,500.00,"100 מ""ל",false,1,5.00,0.0100,true,1,4974
7290010237548,false,פפסי מקס בקבוק 500 מ,"איי, בי, אינבוו",IL,פפסי מקס בקבוק 500 מל,מיליליטרים,500.00,"100 מ""ל",false,1,5.00,0.0100,true,1,4975
7290010237562,false,"מירינדה בקבוק 500 מ""","טמפו משקאות בע""מ",IL,מירינדה 500 בקבוק 24 יח',מיליליטרים,500.00,"100 מ""ל",false,1,5.00,0.0100,true,1,4976
7290010237685,false,בירה הייניקן בקבוק,טמפו משקאות בע''מ,IL,"בירה היינקן, בקבוק 330 מ''ל",מיליליטרים,330.00,"100 מ""ל",false,1,10.90,0.0330,true,1,2347
7290010237890,false,בירה הייניקן בקבוק ח,טמפו משקאות בע''מ,IL,"בירה היינקן, בקבוק חוזר 500 מ""ל",מיליליטרים,500.00,"100 מ""ל",false,1,10.00,0.0200,true,1,4923
7290010259823,false,נודלס בטעם עוף מנת ה,נמצ'או(תאילנד) בעמ,TH,מנת השף- מרק עם נודלס בטעם עוף,גרמים,70.00,100 גרם,false,1,6.90,0.0986,true,1,47733
7290010259830,false,נודלס בסגנון סיני פי,נמצ'או(תאילנד) בעמ,TH,ויליפוד מנת השף נודלס בטעם סיני-פיקנטי 70 גרם,גרמים,70.00,100 גרם,false,1,6.90,0.0986,true,1,47734
7290010259861,false,נודלס בטעם ירקות מנת,יוליניבר,TH,מנת השף מרק עם נודלס בטעם ירקות 70 גרם,גרמים,70.00,100 גרם,false,1,6.90,0.0986,true,1,47739
7290010328246,false,טחינה שומשום מלא אחו,,IL,טחינה שומשום מלא אחווה 500 גרם,גרמים,500.00,100 גרם,false,1,15.90,0.0318,true,1,11283
7290010328468,false,חלבה אחוה מיני בטעמי,"אחדות ביחר לטחינה, ח",IL,"אחוה חטיפי מיני חלוה פיסטוק, וניל וקקאו 18 יחידות",גרמים,216.00,100 גרם,false,1,13.90,0.0644,true,1,19025
7290010328505,false,חלבה אחוה מיני ללא ס,אחווה,,חלבה אחוה מיני ללא סוכר 150 גרם,גרמים,150.00,100 גרם,false,1,13.90,0.0927,true,1,19026
7290010429554,false,שמן זית כתית מעולה 2,מכוורת יד מרדכי שטרא,IL,"שמן זית כתית מעולה 2 קלאסי 750 מ""ל יד מר",מיליליטרים,750.00,"100 מ""ל",false,1,36.90,0.0492,true,1,5359
7290010471669,false,דנונה בר תות קורנפלק,"שטראוס בריאות בע""מ",IL,דנונה בר תות קורנפלקס,גרמים,175.00,100 גרם,false,1,4.90,0.0280,true,1,4616
7290010609734,false,שלוקים אייס לי 800 מ,הדיל,IL,"שלוקים אייס לי 800 מ""ל",מיליליטרים,800.00,"100 מ""ל",false,1,5.90,0.0074,true,1,54225
7290010627844,false,טחינה ירושלים 500 גר,"בראשית ירושלים בע""מ",IL,טחינה ירושלים 500 גרם שומשום מלא,גרמים,500.00,100 גרם,false,1,16.90,0.0338,true,1,58239
7290010650385,false,לימון ליים 400 גרם,חקלאי,IL,לימון ליים 400 גרם,גרמים,400.00,100 גרם,false,1,17.90,0.0447,true,1,11686
7290010657292,false,צלפים בחומץ צנצנת 35,לוקסאפרס,,צלפים בחומץ צנצנת 350 גרם,גרמים,350.00,100 גרם,false,1,15.90,0.0454,true,1,7402
7290010657490,false,סרדינים בשמן חריף 12,יוניון דה פחריס,,סרדינים בשמן חריף 125 גרם,גרמים,125.00,100 גרם,false,1,6.90,0.0552,true,1,13842
7290010672219,false,קוראסון שוקולד חלבי,פילסברי,,קוראסון שוקולד חלבי מנה אישית פילסברי,לא מנהל יחידת מידה,0.00,לא מנהל יחידת מידה,false,1,9.90,0.0000,true,1,6480
7290010672844,false,חלה קלועה פילסברי,פילסברי,,חלה קלועה פילסברי,לא מנהל יחידת מידה,0.00,לא מנהל יחידת מידה,false,1,15.90,0.0000,true,1,7297
7290010672943,false,"בגט כשל""פ",אביב,,"בגט כשל""פ",לא מנהל יחידת מידה,0.00,לא מנהל יחידת מידה,false,1,6.90,0.0000,true,1,11171
7290010672950,false,"לחמניית המבורגר כשל""",אביב,,לחמניית המבורגר כשלפ,גרמים,0.00,100 גרם,false,1,5.50,0.0000,true,1,52792
7290010699001,false,נר ליצן עם מספר,סודי,,נר ליצן עם מספר,Unknown,0.00,Unknown,false,1,8.80,0.0000,true,1,7994
7290010748860,false,אפקטיב קרם ידיים לעו,הדקלאים אגודת שיתופי,IL,אפקטיב קר קרם ידיים אינטנסיב לעור יבש במ,מיליליטרים,150.00,"100 מ""ל",false,1,12.90,0.0860,true,1,14632
7290010748891,false,אפקטיב קר קרם גוף לע,"ד""ר פישר",IL,"אפקטיב קר קרם גוף לעור רגיל 700 מ""ל",מיליליטרים,700.00,"100 מ""ל",false,1,29.90,0.0427,true,1,51304
7290010777099,false,פיתה  עבודת יד שמיני,מגוון שיווק והפצת מא,,מארז שמיניית פיתות,גרמים,800.00,100 גרם,false,1,12.90,0.0161,true,1,26000
7290010777150,false,פיתה מיוחדת,מגוון שיווק והפצת מא,,פיתה מיוחדת חיטה מלאה 8 יחידות,גרמים,800.00,100 גרם,false,1,15.90,0.0199,true,1,14602
7290010777297,false,פיתות מיוחדת,מגוון שיווק והפצת מא,,פיתה מיוחדת עשירייה,גרמים,600.00,100 גרם,false,1,16.90,0.0282,true,1,14606
7290010777327,false,מארז פיתה קלה 600 גר,מגוון שיווק והפצת מא,,מארז פיתה קלה 600 גרם,גרמים,600.00,100 גרם,false,1,13.90,0.0232,true,1,19167
7290010777358,false,פיתה כוסמין 8 יח בשק,מגוון שיווק והפצת מא,,פיתה כוסמין 8 יח בשקית  400 גרם,גרמים,400.00,100 גרם,false,1,17.90,0.0447,true,1,25999
7290010777488,false,פיתות מחמצת 100%  קמ,מאפיית ביכורים  מזון,IL,פיתות מחמצת 100%  קמח מלא 10 יח,גרמים,420.00,100 גרם,false,1,17.90,0.0426,true,1,70852
7290010777525,false,פיתות 100% כוסמין דק,מאפיית ביכורים  מזון,IL,פיתות 100% כוסמין דק 99 קל 6 יח,גרמים,300.00,100 גרם,false,1,17.90,0.0597,true,1,70851
7290010791545,false,מזון חתולים דליקטס פ,"הייקיו, תאילנד",TH,לה קט דליקטס פטה כבד עוף 85גרם,גרמים,85.00,100 גרם,false,1,5.90,0.0694,true,1,6044
7290010791552,false,מזון חתולים דליקטס נ,"הייקיו, תאילנד",TH,לה קט דליקטס טונה ברוטב 85 גרם,גרמים,85.00,100 גרם,false,1,5.90,0.0694,true,1,6045
7290010791576,false,מזון חתולים דליקטס מ,"הייקיו, תאילנד",TH,לה קט דליקטס אוצרות הים 85 גרם,גרמים,85.00,100 גרם,false,1,5.90,0.0694,true,1,6046
7290010822096,false,סיידר  תפוח מוגז בקב,"איי, בי, אינבוו",IL,"סיידר הגליל, מיץ תפוחים מוגז, 275 מל",מיליליטרים,275.00,"100 מ""ל",false,1,7.50,0.0273,true,1,51431
7290010849505,false,למברוסקו די לואיגי א,פארייפאבה אגרואינדוס,IT,"למברוסקו די לואיגי אדום 750 מ""ל",מיליליטרים,750.00,"100 מ""ל",false,1,37.90,0.0505,true,1,9241
7290010849512,false,למברוסקו די לואיגי ר,פארייפאבה אגרואינדוס,IT,"למברוסקו די לואיגי רוזה 750 מ""ל",מיליליטרים,750.00,"100 מ""ל",false,1,37.90,0.0505,true,1,9946
7290010883356,false,כפפות אלוורה,Z.H.RUBBER,CN,L-סושי כפפות אלוורה,לא מנהל יחידת מידה,0.00,לא מנהל יחידת מידה,false,1,12.50,0.0000,true,1,6084
7290010883370,false,כפפות אלוורה בינוני,האי נאם סי או אל.טי.,CN,סושי כפפות אלוורה  רב שימושיות - M,Unknown,0.00,Unknown,false,1,12.50,0.0000,true,1,6087
7290010945146,false,קוטג מועשר 3% טרה 25,טרה,,קוטג מועשר 3% טרה 250 גרם,גרמים,250.00,100 גרם,false,1,6.50,0.0260,true,1,5360
7290010945450,false,גבינה לבנה 3% 250 גר,טרה,,גבינה לבנה 3% 250 גרם,גרמים,250.00,100 גרם,false,1,4.80,0.0192,true,1,5520
7290011017866,false,קוקה קולה פחית סליק,תות תעשיות מזון (201,IL,"סליק קוקה קולה 330 מ""ל מבצע",מיליליטרים,330.00,"100 מ""ל",false,1,5.90,0.0179,true,1,13884
7290011017873,false,קוקה קולה זירו פחית,תות תעשיות מזון (201,IL,"סליק קולה ZERO 330 מ""ל מבצע",מיליליטרים,330.00,"100 מ""ל",false,1,5.90,0.0179,true,1,13885
7290011017880,false,קוקה קולה דיאט פחית,תות תעשיות מזון (201,IL,"סליק דק""ק 330 מ""ל מבצע",מיליליטרים,330.00,"100 מ""ל",false,1,5.90,0.0179,true,1,13886
7290011018184,false,תה קר FUZE TEA אפרסק,מולינו ניקולי s.p.a,IL,FUZE tea אפרסק 0.5 ליטר,מיליליטרים,500.00,"100 מ""ל",false,1,8.50,0.0170,true,1,13818
7290011018214,false,תה קר FUZE TEA מנגו,פארייפאבה אגרואינדוס,IL,פיוזטי מנגו אננס 0.5 ליטר,מיליליטרים,500.00,"100 מ""ל",false,1,8.50,0.0170,true,1,13820
7290011018368,false,בירה ויינשטפן מארז ש,"ויינשטפן, ת.ד 1155 פ",DE,Weihenstephan - בירת חיטה מעוננת,ליטרים,1.98,ליטר,false,1,64.90,32.7778,true,1,15461
7290011018474,false,סיידר סומרסבי,"קרלסברג קרואטיה , יב",HR,"סומרסבי סיידר בקבוק 330 מ""ל",מיליליטרים,330.00,"100 מ""ל",false,1,9.90,0.0300,true,1,20235
7290011018917,false,קוקה קולה זירו מארז,תות תעשיות מזון (201,IL,"מארז ק""ק ZERO 6 פח FRIDGE-PACK מבצע",ליטרים,1.98,ליטר,false,1,24.90,12.5758,true,1,15800
7290011018924,false,קוקה קולה דיאט מארז,תות תעשיות מזון (201,IL,דקק 6 פח FRIDGE Pack מבצע,ליטרים,1.98,ליטר,false,1,24.90,12.5758,true,1,15777
7290011064020,false,גבינה בולגרית בעיר 2,גבינות ניצן,,גבינה בולגרית בעיר 200  גרם,גרמים,200.00,100 גרם,false,1,14.90,0.0745,true,1,6060
7290011064075,false,גבינת לאבנה אבו גוש,גבינות ניצן,,גבינת לאבנה אבו גוש פלוס 200 גרם,גרמים,200.00,100 גרם,false,1,14.90,0.0745,true,1,7130
7290011064099,false,טאפס שכונתי 125 גרם,"ניצן מותגי מזון בע""מ",,טאפס שכונתי 125 גרם,גרמים,125.00,100 גרם,false,1,21.50,0.1720,true,1,11941
7290011064273,false,חמאת פורציני 100 גרם,גבינות ניצן,,חמאת פורציני 100 גרם,גרמים,100.00,100 גרם,false,1,21.50,0.2150,true,1,26209
7290011064327,false,מעדן פתיתי בולגרית פ,מחלבות ניצן,IL,מעדן פתיתי בולגרית פסטו 200 גרם,גרמים,200.00,100 גרם,false,1,19.90,0.0995,true,1,32731
7290011081492,false,גלידה קרמיסימו שלושה,"גלידת שטראוס בע""מ",IL,מעדן קפוא קרמיסימו 3 שוקולדים 1.33 ל',ליטרים,1.33,ליטר,false,1,27.90,20.9774,true,1,6316
7290011115289,false,נקה 7 סבון מוצק לילך,"גליל כימיכלים בע""מ",IL,נקה 7 סבון מוצק לילך - רביעיה,גרמים,400.00,100 גרם,false,1,13.90,0.0348,true,1,6401
7290011126469,false,חליטת תה צמחים קמומי,HIQ FOOD PRODUCTS,IL,"קמומיל ודבש ""הגן הקסוםC24 ?",גרמים,37.00,100 גרם,false,1,19.90,0.5378,true,1,6710
7290011126957,false,תה ירוק ארל גריי 25,HIQ FOOD PRODUCTS,IL,תה ירוק ארל גריי T.T,גרמים,37.00,100 גרם,false,1,26.90,0.7270,true,1,7685
7290011131050,false,גרנולה פקאן,ויטליאה ניקולה דו,MK,גרנולה פלוס צימוקים ופקאן 1 קג,קילוגרמים,1.00,"ק""ג",false,1,28.90,28.9000,true,1,19168
7290011131371,false,מוזלי קרנצי שקדים וא,ויטליאה ניקולה דו,MK,מוזלי פלוס אגוזים ושקדים 1 קג,קילוגרמים,1.00,"ק""ג",false,1,25.90,25.9000,true,1,5978
7290011131388,false,מוזלי קרנצי תפוחים ק,ויטליאה ניקולה דו,MK,"מוזלי קרנצי תפוחים קינמון גרין 1 ק""ג",קילוגרמים,1.00,"ק""ג",false,1,25.90,25.9000,true,1,5976
7290011131395,false,מוזלי קראנצי פירות 1,ויטליאה ניקולה דו,MK,גרין מוזלי קראנצ'י בתוספת 30% פירות 1 קג,קילוגרמים,1.00,"ק""ג",false,1,25.90,25.9000,true,1,5977
7290011132019,false,גולדסטאר בלאק רוסט ב,טמפו,IL,"גולדסטאר בלאק רוסט בקבוק 330 מ""ל",מיליליטרים,330.00,"100 מ""ל",false,1,8.90,0.0270,true,1,70834
7290011132507,false,מים סן בנדטו מוגז עד,אקווה מינרלה סאן בנד,IT,סן בנדטו מוגז 500 מל,מיליליטרים,500.00,"100 מ""ל",false,1,4.90,0.0098,true,1,11449
7290011148959,false,פלפל טינקרבל יחידה,מ.ע יזמות,IL,פלפל טינקרבל יחידה,גרמים,500.00,100 גרם,false,1,14.90,0.0298,true,1,13708
7290011194246,false,קוטג 5% סקי 250 גרם,"שטראוס בריאות בע""מ",IL,קוטג' 5% 250 גרם,גרמים,250.00,100 גרם,false,1,5.90,0.0236,true,1,5441
7290011215217,false,לחמניית דגנים פילסבר,פילסברי,,לחמניית דגנים פילסברי,יחידה,1.00,יחידה,false,1,4.50,4.5000,true,1,7074
7290011215415,false,מיני סופגנייה מטוגנת,פילסברי,,מיני סופגנייה מטוגנת קפואה ריקה,גרמים,40.00,100 גרם,false,1,2.90,0.0725,false,1,8819
7290011215620,false,"מאפה עלים תפו""א לק""ג",פילסברי,,מאפה עלים תפוא לקג  כשלפ,קילוגרמים,1.00,"ק""ג",true,,59.90,59.9000,true,1,15138
7290011215637,false,"מאפה עלים תפו""א קרם",פילסברי,,מאפה עלים תפוא קרם פטיסייר לקג,קילוגרמים,1.00,"ק""ג",true,,59.90,59.9000,true,1,52795
7290011215804,false,חצי בגט,פילסברי,,חצי בגט,לא מנהל יחידת מידה,0.00,לא מנהל יחידת מידה,false,1,4.90,0.0000,true,1,9576
7290011223038,false,עלים לקרמשניט בונומי,דולפין ספא,IT,עלים לקרמשניט בונומי 300 גרם,גרמים,300.00,100 גרם,false,1,16.90,0.0563,true,1,10448
7290011223045,false,בישקוטים בונומי 200,דולפין ספא,IT,בונמי בישקוטים 200 גרם,גרמים,200.00,100 גרם,false,1,8.90,0.0445,true,1,10377
7290011223205,false,ריבת חלב ארגנטינאית,אשבל מזון פונקציונלי,IL,ריבת חלב ארגנטינאית דולקור 454 גרם,גרמים,454.00,100 גרם,false,1,17.50,0.0385,true,1,10364
7290011223243,false,"ג""ל לאסלה בניחוח לבנ","איטיליאן פוד, אס.פי.",IT,ג'ל נוזלי לאסלה בניחוח לבנדר 55 מל,מיליליטרים,55.00,"100 מ""ל",false,1,12.90,0.2345,true,1,5542
7290011312282,false,"חציל מובחר לק""ג",מרינה,IL,"חציל מובחר לק""ג",קילוגרמים,1.00,"ק""ג",true,,10.90,10.9000,true,1,8943
7290011312305,false,כרוב לבן,מרינה,IL,כרוב לבן,קילוגרמים,1.00,"ק""ג",true,,6.50,6.5000,true,1,8941
7290011378028,false,חלבה ללא סוכר משומשו,HIQ FOOD PRODUCTS,IL,בארכה חלבה וניל ללא סוכר כלפ.8*350גרם,גרמים,350.00,100 גרם,false,1,16.90,0.0483,true,1,6733
7290011378257,false,מאגדת חלבה בארכה פיס,HIQ FOOD PRODUCTS,IL,בארכה בקטנה מאגדת פקאן ללא סוכר12 7*18ג,גרמים,120.00,100 גרם,false,1,13.90,0.1158,true,1,16680
7290011378769,false,מאגדת חלבה בארכה וני,HIQ FOOD PRODUCTS,IL,בארכה בקטנה מאגדת וניל כלפ.12 7*18גרם,גרמים,120.00,100 גרם,false,1,13.90,0.1158,true,1,14211
7290011378776,false,מאגדת חלבה בארכה פיס,HIQ FOOD PRODUCTS,IL,בארכה בקטנה מאגדת פיסטוק כלפ.12 7*18גרם,גרמים,120.00,100 גרם,false,1,13.90,0.1158,true,1,14212
7290011379025,false,פלפל צילי יח,ירקט,IL,פלפל צילי יח,גרמים,150.00,100 גרם,false,1,7.90,0.0527,true,1,14294
7290011379926,false,סלרי עלים ארוז יח,אורן אליהו,IL,סלרי עלים ארוז יח,גרמים,400.00,100 גרם,false,1,5.90,0.0148,true,1,10352
7290011438142,false,משקה אייס קפה יטבתה,מחלבת יטבתה,IL,"אייס קפה 350 מ""ל",מיליליטרים,350.00,"100 מ""ל",false,1,6.90,0.0197,true,1,6272
7290011499051,false,גבינה פטה כבשים 250,MKN עבור מחלבות גד ב,IL,פטה כבשים גבינה מלוחה במי מלח,גרמים,250.00,100 גרם,false,1,27.90,0.1116,true,1,5884
7290011499105,false,גבינה בולגרית 5%  25,ג'נרל מילס סאן אדריא,IL,גבינה בולגרית 5%  250 גרם,גרמים,250.00,100 גרם,false,1,28.90,0.1156,true,1,6076
7290011499129,false,גבינה בולגרית קוביות,קוד יצרן DSH,IL,קוביות בולגרית מעודנת,גרמים,200.00,100 גרם,false,1,24.90,0.1245,true,1,6161
7290011499303,false,גבינה בולגרית 5% עזי,ג'נרל מילס סאן אדריא,IL,גד בולגרית עיזים מעודנת 5% שומן,גרמים,250.00,100 גרם,false,1,31.90,0.1276,true,1,7160
7290011499327,false,גבינה בולגרית 5% מעו,מיוצר על ידי DSH עבו,IL,גד גבינת בולגרית מעודנת מחלב בקר במי מלח 5% שומן,גרמים,250.00,100 גרם,false,1,28.90,0.1156,true,1,7161
7290011499341,false,גבינת קאשקבל 200 גרם,מחלבת גד,,גבינת קאשקבל 200 גרם,גרמים,200.00,100 גרם,false,1,29.90,0.1495,true,1,7285
7290011499358,false,גבינה פטה עיזים 200,ג'נרל מילס סאן אדריא,IL,מחלבות גד גבינת פטה עיזים 20% שומן,גרמים,200.00,100 גרם,false,1,30.90,0.1545,true,1,7286
7290011499365,false,גבינה חלומי נענע גד,"מחלבות גד בע""מ",IL,גד גבינת חלומי קשה מחלב בקר 24% שומן 200 גרם,גרמים,200.00,100 גרם,false,1,23.90,0.1195,true,1,7287
7290011499419,false,גבינת ניו יורק במקרם,מחלבות גד,IL,גד מרקם שמנת ניו יורק 5% 200 גרם,גרמים,200.00,100 גרם,false,1,12.90,0.0645,true,1,8016
7290011499525,false,גבינת לאבנה 9% דרוזי,מחלבות גד בעמ,IL,גבינת לאבנה דרוזית מחלב בקר 9% 500 גרם,גרמים,500.00,100 גרם,false,1,23.90,0.0478,true,1,8458
7290011499624,false,גבינת שמנת ניו יורק,מחלבות גד,IL,"גד, גבינת שמנת בטעם טבעי 30% , 200 גרם",גרמים,200.00,100 גרם,false,1,14.90,0.0745,true,1,9542
7290011499846,false,גבינת ריקוטה פרסקה 9,יוליניבר,IL,גבינת ריקוטה פרסקה 9%  300 גרם גד,גרמים,300.00,100 גרם,false,1,19.90,0.0663,true,1,11113
7290011499853,false,גבינת שמנת ניו יורק,מחלבות גד (שיווק 199,IL,גד ניו יורק גבינת שמנת זיתים 30% 200 גרם,גרמים,200.00,100 גרם,false,1,14.90,0.0745,true,1,11382
7290011501617,false,חמוציות ברכז תפוחים,אף.סי תבליני בגליל ב,IL,חמוציות ברכז תפוחים ללא סוכר 250 גרם,גרמים,250.00,100 גרם,false,1,18.90,0.0756,true,1,69680
7290011502874,false,גרנולה פירות יבשים 5,"דין שיווק וקליה בע""מ",,גרנולה פירות יבשים 500 גרם שקדיה,גרמים,500.00,100 גרם,false,1,14.90,0.0298,true,1,6952
7290011505011,false,אטבי פרימיום כחול /,יושלם,,אטבי פרימיום כחול / לבן הוסטס,Unknown,0.00,Unknown,false,1,3.90,0.0000,true,1,11791
7290011505493,false,כפות מהודר עבה במיוח,F.T.I,,כפות מהודר עבה במיוחד 50 יחידות,לא מנהל יחידת מידה,0.00,לא מנהל יחידת מידה,false,1,12.90,0.0000,true,1,30319
7290011505516,false,סכינים מהודר עבה במי,F.T.I,,סכינים מהודר עבה במיוחד 50 יחידות,לא מנהל יחידת מידה,0.00,לא מנהל יחידת מידה,false,1,12.90,0.0000,true,1,30317
7290011515683,false,טילון וניל אקסטרים מ,תות תעשיות מזון (201,IL,אקסטרים טילון וניל בדצ מאח.5 6*72גרם,גרמים,432.00,100 גרם,false,1,39.50,0.0914,true,1,6255
7290011598211,false,מנקה כללי אנטיקאלק,סנו מפעלי ברונוס בעמ,IL,אנטי קאלק מרסס כללי רב שימושי  4 ב 1 700 מל,מיליליטרים,700.00,"100 מ""ל",false,1,19.90,0.0284,true,1,6598
7290011607180,false,אבקת כביסה קולון 101,ריקט בנקיזר ( ניר אי,IL,"אבקת כביסה קולון 1.25 ק""ג",קילוגרמים,1.25,"ק""ג",false,1,14.90,11.9200,true,1,6055
7290011618025,false,נגיסי אורז לתינוק,גואנז'ו יונג וואנט פ,CN,נגיסי אורז לתינוק,גרמים,50.00,100 גרם,false,1,14.90,0.2980,true,1,11364
7290011618124,false,בייבי ביס בטעם ירקות,גואנז'ו יונג וואנט פ,CN,בייבי ביס בטעם ירקות 50 גרם,גרמים,50.00,100 גרם,false,1,14.90,0.2980,true,1,6627
7290011695651,false,צנימים עגולים,S.P.A ניולט,,צנימים עגולים,גרמים,300.00,100 גרם,false,1,15.90,0.0530,true,1,10297
7290011723200,false,טחינת הר ברכה 500גרם,הר ברכה תעשיות,,טחינת הר ברכה 500גרם,גרמים,500.00,100 גרם,false,1,19.90,0.0398,true,1,6319
7290011765200,false,סנו מדיק אלכוגל 300,קוסמופארם בעמ,IL,סנו מדיק ג'ל לניקוי ידיים ללא מים 300 מל,מיליליטרים,300.00,"100 מ""ל",false,1,26.90,0.0897,true,1,59459
7290011765217,false,"ג""ל לניקוי ידיים100",גוד פוד פרודקטס S.p,IL,"סנו מדיק ג""ל לניקוי ידיים 100",מיליליטרים,100.00,"100 מ""ל",false,1,12.90,0.1290,true,1,48122
7290011765446,false,משחת שיניים אורביטול,טרופיקל דגיל תעשיות,IL,משחת שיניים אורביטול בוב ספוג 70 גרם,גרמים,70.00,100 גרם,false,1,10.90,0.1557,true,1,6493
7290011800642,false,צבר מטבוחה מרוקאית 4,סלטי צבר,IL,צבר מטבוחה מרוקאית 400גרם,גרמים,400.00,100 גרם,false,1,18.90,0.0472,true,1,8436
7290011870225,false,סוללות פוזיקום  4AAA,פוג'יקום,,סוללות פוזיקום  4AAA,יחידה,1.00,יחידה,false,1,9.90,9.9000,true,1,9854
7290011870249,false,סוללות פוזיקום 12AAA,פוג'יקום,,סוללות פוזיקום 12AAA,לא מנהל יחידת מידה,0.00,לא מנהל יחידת מידה,false,1,19.90,0.0000,true,1,12140
7290011870256,false,מארז 4 פוגיקום AA,פוג'יקום,,מארז 4 פוגיקום AA,יחידה,1.00,יחידה,false,1,9.90,9.9000,true,1,9853
7290011870270,false,סוללות פוזיקום 12AA,פוג'יקום,,סוללות פוזיקום 12AA,לא מנהל יחידת מידה,0.00,לא מנהל יחידת מידה,false,1,19.90,0.0000,true,1,12141
7290011870720,false,סוללות פוזיקום  D,פוג'יקום,,סוללות פוזיקום  D,יחידה,1.00,יחידה,false,1,23.90,23.9000,true,1,9856
7290011870737,false,סוללות פוזיקום  C,פוג'יקום,,סוללות פוזיקום  C,יחידה,1.00,יחידה,false,1,21.90,21.9000,true,1,9855
7290011870744,false,סוללות פוזיקום 9V,פוג'יקום,,סוללות פוזיקום 9V,יחידה,1.00,יחידה,false,1,19.90,19.9000,true,1,9857
7290011877156,false,מטהר אוויר סנופרש ענ,מיוצר עי קונדיטוריית,IL,סנופרש ענק בניחוח מאסק,מיליליטרים,375.00,"100 מ""ל",false,1,12.90,0.0344,true,1,7184
7290011877859,false,פותח סתימות,סנו מפעלי ברונוס בעמ,IL,"פותח סתימות אינסטלטור 200 גר           """,גרמים,200.00,100 גרם,false,1,17.90,0.0895,true,1,7321
7290011885175,false,שזיף מגולען 200 גרם,"גיי אנג גי פקאנס בע""",IL,שזיף מגולען 200 גרם,גרמים,200.00,100 גרם,false,1,11.90,0.0595,true,1,10527
7290011923273,false,טופו אורגני ליב 300,א.י.ן תעשיות מזון בע,IL,ליב טופו אורגני 300 גרם,גרמים,300.00,100 גרם,false,1,13.50,0.0450,true,1,9844
7290011923303,false,טופו טבעי ליב 300 גר,א.י.ן תעשיות מזון בע,IL,ליב טופו בטעם טבעי 300 גרם,גרמים,300.00,100 גרם,false,1,11.90,0.0397,true,1,22963
7290011947309,false,זית ירוק עם לימון כב,זיתא – י.ט.ב תעשיות,IL,זית ירוק עם לימון כבוש זיתא 230 גרם,גרמים,230.00,100 גרם,false,1,14.90,0.0648,true,1,17340
7290011947316,false,זיתי קלמטה זיתא 217,סטאר סנקס,IL,זית קלמטה בשמן זית כתית מעולה,גרמים,217.00,100 גרם,false,1,14.90,0.0687,true,1,19136
7290011947781,false,זית ירוק קלמטה ללא ג,זיתא,IL,זית ירוק קלמטה ללא גלעין מיקס זיתא190גרם,גרמים,190.00,100 גרם,false,1,14.90,0.0784,true,1,67301
7290011947798,false,זית קלמטה ללא גלעין,זיתא,IL,זית קלמטה ללא גלעין זיתא 190 גרם,גרמים,190.00,100 גרם,false,1,14.90,0.0784,true,1,67300
7290011947842,false,שמן כתית מעולה עם מי,זיתא,IL,זיתא שמן כתית מעולה פסטו,גרמים,240.00,100 גרם,false,1,21.90,0.0912,true,1,68627
7290011947859,false,שמן כתית מעולה עם מי,זיתא,IL,זיתא שמן כתית מעולה פסטו,מיליליטרים,240.00,"100 מ""ל",false,1,21.90,0.0912,true,1,68628
7290011947866,false,מיקס זיתים זיתא  בפח,זיתא,GR,מיקס זיתים בפח,גרמים,440.00,100 גרם,false,1,16.90,0.0384,true,1,68315
7290011947903,false,זיתים מיקס יווני זית,זיתא,IL,זיתים מיקס יווני זיתא 215 גרם,גרמים,215.00,100 גרם,false,1,14.90,0.0693,true,1,68356
7290011947934,false,זית ירוק ענק וזית סו,זיתא,IL,זית ירוק ענק וזית סורי מבוקע גדול מאוד,גרמים,215.00,100 גרם,false,1,14.90,0.0693,true,1,69414
7290011964702,false,תבלין לשווארמה מיכל,תות ממתקי איכות,IL,"תבליני טעם וריח תערובת תיבול לשווארמה, 100 גרם",גרמים,110.00,100 גרם,false,1,10.90,0.0991,true,1,9726
7290011996062,false,"אורז לסושי 1 ק""ג",דדוש דניאל,,"אורז לסושי 1 ק""ג",קילוגרמים,1.00,"ק""ג",false,1,16.50,16.5000,true,1,6815
7290011996123,false,דפי אצות ים נורי 10,דדוש דניאל,,דפי אצות ים נורי 10 יח,גרמים,25.00,100 גרם,false,1,14.90,0.5960,true,1,7816
7290011996277,false,מחצלת לסושי אסיה,פוקולוקו,,מחצלת לסושי אסיה,יחידה,1.00,יחידה,false,1,7.90,7.9000,true,1,7560
7290011996758,false,קמח טמפורה 500 גרם,אסיה,,קמח טמפורה 500 גרם,גרמים,500.00,100 גרם,false,1,11.90,0.0238,true,1,9816
7290011996789,false,פירורי לחם יפניים פנ,שנחאי אנגאנה פוד,,פירורי לחם יפניים פנקו 200 גרם,גרמים,200.00,100 גרם,false,1,9.90,0.0495,true,1,8311
7290011996819,false,אטריות סיניות מקלוני,מזרח מערב,,אטריות סיניות מקלוני שעועית 250 גרם,גרמים,250.00,100 גרם,false,1,7.80,0.0312,true,1,8088
7290012001994,false,"חרדל דיז""ון גרגירים",כלורוקס אוקלנד,FR,חרדל דיגון גרעינים 350 גרם כפ,גרמים,350.00,100 גרם,false,1,14.90,0.0426,true,1,9729
7290012022203,false,קליליות חיטה מלאה,דילייט,,קליליות חיטה מלאה 100 גרם,גרמים,100.00,100 גרם,false,1,14.90,0.1490,true,1,11865
7290012022227,false,קליליות בטעם טבעי,דילייט,,קליליות בטעם טבעי 70גרם,גרמים,70.00,100 גרם,false,1,13.50,0.1929,true,1,11866
7290012022272,false,קליליות קידס 30גרם,דילייט,,קליליות קידס 30גרם,גרמים,30.00,100 גרם,false,1,12.90,0.4300,true,1,30026
7290012116261,false,"סנו מדיק  500 מ""ל",קוסמופארם בעמ,IL,סנו מדיק ג'ל לניקוי ידיים ללא מים 500 מל,מיליליטרים,500.00,"100 מ""ל",false,1,34.90,0.0698,true,1,59480
7290012116735,false,נ ט סופט גליל גמבו 2,סנו מפעלי ברונוס בעמ,IL,נ ט סופט גליל גמבו 24 יחידות,מטרים,90000.00,מטר,false,1,45.90,0.0005,true,1,8304
7290012117428,false,"ג""ל רחצה ושמפו קרמה",קוסמופארם בע''מ,IL,קרמה מן שמפו וג'ל 2 ב-1 מנטה 700 מ''ל,מיליליטרים,700.00,"100 מ""ל",false,1,17.90,0.0256,true,1,8292
7290012117534,false,מרכך כביסה מרוכז,"איי, בי, אינבוו",IL,מקסימה מרכך כביסה מרוכז (COOL) 1 ליטר,ליטרים,1.00,ליטר,false,1,18.90,18.9000,true,1,9553
7290012117558,false,מרכך כביסה מקסימה מר,"סנו מפעלי ברונוס בע""",IL,מרכך מרוכז מאסק 1ליטר 40 כביסות,ליטרים,1.00,ליטר,false,1,18.90,18.9000,true,1,9546
7290012139482,false,עצם בציפוי עוף,PINGYANG LELE PET PR,CN,בונזו גוי עצם לחוצה מעושנת בציפוי עוף 3,גרמים,160.00,100 גרם,false,1,21.90,0.1369,true,1,69148
7290012139567,false,"מזון כלבים בונזו ג""ו",Ping Yang,,"מזון כלבים בונזו ג""וי ביסקוויט עוף 90 גר",גרמים,90.00,100 גרם,false,1,19.90,0.2211,true,1,10265
7290012159411,false,לבבות דקל חתוך 400 ג,יושלם,,לבבות דקל חתוך 400 גרם,גרמים,400.00,100 גרם,false,1,9.90,0.0248,true,1,11772
7290012226021,false,סלמי מעושן פראג זוגל,זוגלובק,IL,זוגלובק סלמי מעושן פראג 400 גרם א.מ.,גרמים,400.00,100 גרם,false,1,22.90,0.0572,true,1,9291
7290012226076,false,פסטרמה חרמון 200 גרם,זוגלובק,IL,זוגלובק חרמון הודו ועוף 200 גרם,גרמים,200.00,100 גרם,false,1,15.50,0.0775,true,1,54223
7290012226120,false,קבנוס 135 גרם,זוגלובק,IL,זוגלובק קבנוס 135 גרם,גרמים,135.00,100 גרם,false,1,13.90,0.1030,true,1,10231
7290012226342,true,נקניקיה מן הצומח זוג,כצט,IL,נקניקיה מן הצומח זוגלוס 460גרם,גרמים,460.00,100 גרם,false,1,31.90,0.0693,true,1,43227
7290012226939,false,"קבנוס עם צ""לי חריף 1",זוגלובק,IL,זוגלובק קבנוס עם צ'ילי חריף 135 גרם,גרמים,135.00,100 גרם,false,1,13.90,0.1030,true,1,10990
7290012227172,false,מארז  כפריות פסטרמות,כצט,IL,כפריות פסטרמות הודו דבש+ברביקיו  זוגלובק,גרמים,600.00,100 גרם,false,1,34.90,0.0582,true,1,13635
7290012227325,false,סלמי מעושן איטלקי דק,זוגלובק,IL,זוגלובק סלמי מעושן איטלקי 120 גרם דק דק דק,גרמים,120.00,100 גרם,false,1,14.90,0.1242,true,1,32051
7290012227691,false,סלמי תה פפרוני 360 ג,כצט,IL,זוגלובק סלמי תה פפרוני 360 גרם,גרמים,360.00,100 גרם,false,1,21.90,0.0608,true,1,52701
7290012227974,false,פסטרמה בדבש דק דק 12,זוגלובק,IL,זוגלובק פסטרמה בדבש 120 גרם דק דק דק,גרמים,120.00,100 גרם,false,1,14.90,0.1242,true,1,32053
7290012227981,false,פסטרמה ברביקיו דק דק,זוגלובק,IL,זוגלובק פסטרמה ברביקיו 120 גרם דק דק דק,גרמים,120.00,100 גרם,false,1,14.90,0.1242,true,1,32054
7290012227998,false,חזה בקר דק דק 120 גר,זוגלובק,IL,זוגלובק חזה בקר 120 גרם דק דק דק,גרמים,120.00,100 גרם,false,1,14.90,0.1242,true,1,32052
7290012228230,false,פסטרמה חזה עוף דק דק,כצט,IL,פסטרמה חזה עוף דק דק 120 גרם,גרמים,120.00,100 גרם,false,1,14.90,0.1242,true,1,32055
7290012228261,false,נקנקיות בוקוורסט הוד,זוגלובק,IL,זוגלובק נקניקיות הודו פרמיום קנקרס ריינהולד'ס,גרמים,300.00,100 גרם,false,1,20.90,0.0697,true,1,29344
7290012228278,false,נקנקיות בוקוורסט הוד,זוגלובק,IL,זוגלובק נקניקיות הודו -בקר (בוקוורסט) ריינהולדס,גרמים,310.00,100 גרם,false,1,20.90,0.0674,true,1,29343
7290012228971,false,סלמי תה פפרוני זוגלו,זוגלובק,IL,סלמי תה פפרוני זוגלובק  180 גרם,גרמים,180.00,100 גרם,false,1,15.90,0.0883,true,1,69669
7290012228988,false,חרמון הודו ועוף בדבש,זוגלובק,IL,חרמון הודו ועוף בדבש זוגלובק 200 גרם,גרמים,200.00,100 גרם,false,1,15.90,0.0795,true,1,69670
7290012245176,false,CHIPS  וופל ציפס קרי,אגריסטו,BE,CHIPS  וופל ציפס קריספי 700גרם,גרמים,700.00,100 גרם,false,1,14.90,0.0213,true,1,71060
7290012245183,false,CHIPS  ציפס  קריספי,אגריסטו,BE,CHIPS  ציפס  קריספי קלאסי700גרם,גרמים,700.00,100 גרם,false,1,12.90,0.0184,true,1,71227
7290012245275,false,CHIPS ציפס בטטה קריס,אגריסטו,BE,"CHIPS ציפס בטטה קריספי  1 ק""ג",קילוגרמים,1.00,"ק""ג",false,1,28.90,28.9000,true,1,71228
7290012263453,false,מד חום גמיש מהיר,גזיאנג,CN,מד חום גמיש מהיר,יחידה,1.00,יחידה,false,1,21.90,21.9000,true,1,67156
7290012306532,false,פריכיות כוסמת עם מלח,מכבים,,פריכיות כוסמת עם מלח 150 גרם,גרמים,150.00,100 גרם,false,1,15.70,0.1047,true,1,20561
7290012309311,false,ערמונים מקולפים,"דין שיווק וקליה בע""מ",,ערמונים מקולפים 105 גרם,גרמים,105.00,100 גרם,false,1,5.90,0.0562,true,1,7788
7290012309939,false,חלבה מסולסלת 500 גרם,אף.סי תבליני בגליל ב,IL,חלבה מסולסלת 500 גרם ששון הקולה,גרמים,500.00,100 גרם,false,1,15.90,0.0318,true,1,18543
7290012404177,false,שוופס מוגז פירות תפו,יפאורה תבורי בעמ,IL,"שוופס מוגז פירות תפוחים 330 מ""ל זכוכית",מיליליטרים,330.00,"100 מ""ל",false,1,6.90,0.0209,true,1,8869
7290012404184,false,שוופס מוגז פירות לימ,יפאורה תבורי בעמ,IL,"שוופס מוגז פירות לימונים 330 מ""ל זכוכית",מיליליטרים,330.00,"100 מ""ל",false,1,6.90,0.0209,true,1,8843
7290012404993,false,נקטר ספרינג דיאט חמו,"כד בני דרום בע""מ",IL,ספרינג Collection נקטר דיאט חמוציות 1.25 ל',ליטרים,1.25,ליטר,false,1,15.00,12.0000,true,1,10268
7290012413643,false,תה ירוק קמומיל 25 שק,ארזינא,IL,תה ירוק קמומיל T.T,גרמים,37.00,100 גרם,false,1,26.90,0.7270,true,1,14264
7290012522581,false,שניצל תירס ללא גלוטן,כצט,IL,שניצל תירס ללא גלוטן 660 גרם,גרמים,660.00,100 גרם,false,1,31.90,0.0483,true,1,12672
7290012525452,false,טילון אקסטרים שוקו ו,המאפיה של הרמן,IL,אקסטרים טילון שוקו וניל בדצ 24*70גרם-חדש,גרמים,70.00,100 גרם,false,1,7.90,0.1129,true,1,8268
7290012576607,false,יין פרמייר קברנה מלב,"ברקן שיווק והפצה בע""",IL,ברקן פרימייר קברנה סובניון אדום 750 מ,מיליליטרים,750.00,"100 מ""ל",false,1,26.90,0.0359,true,1,17955
7290012588570,false,ווטר בוקס מי מעיין 5,בורסה פזרי,IE,"ווטר בוקס מי מעיין 500 מ""ל",מיליליטרים,500.00,"100 מ""ל",false,1,6.90,0.0138,true,1,71921
7290012645112,false,"יוגורט עיזים 750 מ""ל",פרח,IL,"יוגורט עיזים 750 מ""ל",מיליליטרים,750.00,"100 מ""ל",false,1,21.90,0.0292,true,1,31684
7290012645129,false,"יוגורט כבשים 750 מ""ל",פרח,IL,"יוגורט כבשים 750 מ""ל",מיליליטרים,750.00,"100 מ""ל",false,1,21.50,0.0287,true,1,31683
7290012645297,false,יוגורט עיזים בטעם טב,מחלבות סוסיא,IL,חלב הארץ גביע יוגורט עיזים טבעי 150 גרם,גרמים,150.00,100 גרם,false,1,5.90,0.0393,true,1,24985
7290012645389,false,יוגורט עיזים טבעי 1,מחלבות סוסיא,IL,חלב הארץ יוגורט עיזים 1 ליטר בבקבוק,ליטרים,1.00,ליטר,false,1,23.90,23.9000,true,1,57678
7290012724817,false,נענע ארוז ליח,אורן אליהו,IL,נענע ארוז ליח,גרמים,70.00,100 גרם,false,1,5.90,0.0843,true,1,17203
7290012724824,false,שמיר ארוז ליח,אורן אליהו,IL,שמיר ארוז ליח,גרמים,70.00,100 גרם,false,1,5.90,0.0843,true,1,48917
7290012724831,false,כוסברה ארוז ליח,אורן אליהו,IL,כוסברה ארוז ליח,גרמים,70.00,100 גרם,false,1,4.90,0.0700,true,1,17201
7290012724848,false,פטרוזיליה ארוז ליח,אורן אליהו,IL,פטרוזיליה ארוז ליח,גרמים,70.00,100 גרם,false,1,5.90,0.0843,true,1,17202
7290012738586,false,מצות יהודה מקמח שיפו,מצות יהודה,IL,מצות יהודה מקמח שיפון אורגני,גרמים,300.00,100 גרם,false,1,25.90,0.0863,true,1,52168
7290012759017,false,חטיף אנרגיה מיקס ממה,ממה חטיפי אנרגיה,,חטיף אנרגיה מיקס ממה 50 גרם,גרמים,50.00,100 גרם,false,1,8.50,0.1700,true,1,8241
7290012759031,false,חטיף אנרגיה בננה ופק,ממה חטיפי אנרגיה,,חטיף אנרגיה בננה ופקאן ממה אישי 50 גרם,גרמים,50.00,100 גרם,false,1,8.50,0.1700,true,1,8350
7290012759253,false,טרפלס תמרים וקקאו 28,ממה חטיפי אנרגיה,,טרפלס תמרים וקקאו 280 גרם,גרמים,280.00,100 גרם,false,1,34.90,0.1246,true,1,15828
7290012759444,false,טרפלס חמאת בוטנים 28,ממה חטיפי אנרגיה,,טרפלס חמאת בוטנים 280 גרם,גרמים,280.00,100 גרם,false,1,32.90,0.1175,true,1,24971
7290012759529,false,טרפלס טחינה ושקדים 2,ממה חטיפי אנרגיה,,טרפלס טחינה ושקדים 280 גרם,גרמים,280.00,100 גרם,false,1,34.90,0.1246,true,1,30190
7290012759659,false,עוגיות בראוניז קוקוס,ממה חטיפי אנרגיה,IL,עוגיות בראוניז קוקוס ואגוז מלך 240 גרם,גרמים,240.00,100 גרם,false,1,26.90,0.1121,true,1,54664
7290012759666,false,עוגיות בראוניז פקאן,ממה חטיפי אנרגיה,IL,עוגיות בראוניז פקאן ופולי קקאו 240 גרם,גרמים,240.00,100 גרם,false,1,26.90,0.1121,true,1,54663
7290012759673,false,עוגיות בראוניז חמאת,ממה חטיפי אנרגיה,IL,עוגיות בראוניז חמאת בוטנים 240 גרם,גרמים,240.00,100 גרם,false,1,26.90,0.1121,true,1,54662
7290012759727,false,חטיף בראוניז פקאן ופ,ממה חטיפי אנרגיה,IL,חטיף בראוניז פקאן ופולי קקאו 50 גרם,גרמים,50.00,100 גרם,false,1,8.90,0.1780,true,1,54660
7290012759949,false,מארז חטיף חלבון תמר,ממה,IL,מארז חטיף חלבון תמר קרם לוז יה עם חלבון,גרמים,50.00,100 גרם,false,1,10.90,0.2180,true,1,67302
7290012759956,false,מארז חטיף חלבון תמר,ממה,IL,מארז חטיף חלבון תמר פקאן  עם חלבון,גרמים,50.00,100 גרם,false,1,10.90,0.2180,true,1,67303
7290012803352,false,תרסיס רייד קוטל חרקי,אס.סי.ג'ונסון מידרכט,NL,"תרסיס רייד קוטל חרקים מעופפים 300 מ""ל",מיליליטרים,300.00,"100 מ""ל",false,1,25.90,0.0863,true,1,10008
7290012803765,false,שוקולד מריר ללא סוכר,האי נאם סי או אל.טי.,TR,טוסו שוקולד מריר ללא תוספת סוכר 100 גרם,גרמים,100.00,100 גרם,false,1,11.90,0.1190,true,1,13388
7290012803772,false,שוקולד חלב ללא סוכר,האי נאם סי או אל.טי.,TR,טוסו שוקולד חלב ללא תוספת סוכר 100 גרם,גרמים,100.00,100 גרם,false,1,11.90,0.1190,true,1,13389
7290012823381,false,מרכך כביסה סנסטיב,"סנו מפעלי ברונוס בע""",IL,מרכך מרוכז סנסטיב 1 ליטר 40 כביסות,ליטרים,1.00,ליטר,false,1,18.90,18.9000,true,1,48148
7290012823541,false,ריצפז מטליות לחות לר,"סנו מפעלי ברונוס בע""",IL,מטליות ריצפז פרש לבנדר,לא מנהל יחידת מידה,0.00,לא מנהל יחידת מידה,false,1,14.90,0.0000,true,1,9356
7290012823558,false,מטליות לחות לריצפה ס,דינאמיק תעשיות,,מטליות לחות לריצפה סנו סושי 10 יחידות,Unknown,0.00,Unknown,false,1,11.90,0.0000,true,1,9749
7290012823602,false,נייר טואלט סופט 32 ג,טרופיקל דגיל תעשיות,IL,נייר טואלט סופט 32 גלילים,מטרים,58800.00,מטר,false,1,35.90,0.0006,true,1,10851
7290012823947,false,מרכך כביסה פרפיום קר,סנו מפעלי ברונוס בעמ,IL,"מרכך כביסה פרפיום קריסטל נואר 750 מ""ל",מיליליטרים,750.00,"100 מ""ל",false,1,21.50,0.0287,true,1,10434
7290012871061,false,דגן תירס פופ מתוק 15,דגן,IL,דגן תירס פופ מתוק 150 גרם,גרמים,150.00,100 גרם,false,1,7.90,0.0527,true,1,50629
7290012901355,false,אטריות מקרוני עם גבי,האי נאם סי או אל.טי.,US,ארוחת מקרוני עם רוטב על בסיס גבינה,גרמים,206.00,100 גרם,false,1,12.90,0.0626,true,1,21596
7290012901959,false,אטריות עם גבינה מסול,,US,אטריות עם גבינה מסולסלים Doodles גרם156,גרמים,156.00,100 גרם,false,1,12.90,0.0827,true,1,58967
7290012911170,false,"מיסו כהה אסיה 500 מ""",פוקולוקו,,"מיסו כהה אסיה 500 מ""ל",מיליליטרים,500.00,"100 מ""ל",false,1,12.90,0.0258,true,1,10193
7290012911187,false,מיסו בהיר אסיה 500 מ,אסיה,,"מיסו בהיר אסיה 500 מ""ל",מיליליטרים,500.00,"100 מ""ל",false,1,12.90,0.0258,true,1,10243
7290012911293,false,"דפי אורז 22 ס""מ 300",אסיה,,"דפי אורז 22 ס""מ 300  גרם",גרמים,300.00,100 גרם,false,1,14.50,0.0483,true,1,9887
7290012911804,false,שמן שומשום אסיה 150,מזרח מערב,,"שמן שומשום אסיה 150 מ""ל",מיליליטרים,150.00,"100 מ""ל",false,1,12.00,0.0800,true,1,11326
7290012911866,false,דפי אורז מרובעים 300,פוקולוקו,,דפי אורז מרובעים 300 גרם,גרמים,300.00,100 גרם,false,1,14.50,0.0483,true,1,15268
7290012921032,false,בירה מלכה אדמונית בק,"איי, בי, אינבוו",IL,בירה מלכה אדמונית 5.5% כוהל 330 מל,מיליליטרים,330.00,"100 מ""ל",false,1,15.90,0.0482,true,1,12452
7290012921049,false,בירה מלכה ככה 330 (6,"איי, בי, אינבוו",IL,"בירה מלכה, כהה, 330 מל",מיליליטרים,330.00,"100 מ""ל",false,1,15.90,0.0482,true,1,55748
7290012921056,false,בירה מלכה חיטה בקבוק,"איי, בי, אינבוו",IL,"בירה מלכה חיטה, 330 מל",מיליליטרים,330.00,"100 מ""ל",false,1,15.90,0.0482,true,1,51456
7290012921063,false,בירה מלכה הינדי  330,"איי, בי, אינבוו",IL,"בירה מלכה הינדי, 330 מל",מיליליטרים,330.00,"100 מ""ל",false,1,15.90,0.0482,true,1,52425
7290012938580,false,סנסודיין משחת שיניים,גלקסוסמית'קליין קונס,,סנסודיין משחת שיניים הלבנה עדינה 75 מל,מיליליטרים,75.00,"100 מ""ל",false,1,22.90,0.3053,true,1,11447
7290012938740,false,סנסודיין מנטה,DE MICLEN,,סנסודיין משחת שיניים מנטה מרענן 75 מל,מיליליטרים,75.00,"100 מ""ל",false,1,22.90,0.3053,true,1,13636
7290012962608,false,צלחות פלסטיק עבות במ,F.T.I,,"צלחות פלסטיק עבות במיוחד 25 יחידות 22 ס""",לא מנהל יחידת מידה,0.00,לא מנהל יחידת מידה,false,1,14.90,0.0000,true,1,26609
7290012962974,false,כפית מהודרת עבה במיו,F.T.I,,כפית מהודרת עבה במיוחד 50 יחידות,לא מנהל יחידת מידה,0.00,לא מנהל יחידת מידה,false,1,9.50,0.0000,true,1,30318
7290013027399,false,לחם 100% קמח מלא קל,"איטיליאן פוד, אס.פי.",IL,לחם 100% קמח מלא קל בתוספת שיפון,גרמים,750.00,100 גרם,false,1,16.90,0.0225,true,1,10741
7290013038432,false,מים אקווה נובה בקבוק,אקווה נובה,IL,מים אקווה נובה בקבוק 2 ליטר,ליטרים,2.00,ליטר,false,1,4.50,2.2500,true,1,9084
7290013068361,false,שמן זית אליעד כתית מ,קרלו,IL,שמן זית אליעד כתית מעולה 750 מל,מיליליטרים,750.00,"100 מ""ל",false,1,37.90,0.0505,true,1,55704
7290013068699,false,שמן זית כתית מעולה ע,קרלו,IL,"שמן זית כתית מעולה עשיר אליעד 750מ""ל",מיליליטרים,750.00,"100 מ""ל",false,1,37.90,0.0505,true,1,59900
7290013068705,false,שמן זית כתית מעולה ק,קרלו,IL,שמן זית כתית מעולה קטיפתי אליעד750 מל,מיליליטרים,750.00,"100 מ""ל",false,1,37.90,0.0505,true,1,59899
7290013083678,false,מטרנה אקסטרה קייר של,מולינו ניקולי s.p.a,IL,מטרנה אקסטרה קייר שלב 2  700 גרם,גרמים,700.00,100 גרם,false,1,64.90,0.0927,true,1,10062
7290013117243,false,בורקס פילו בולגרית 6,מיוצר עי קונדיטוריית,IL,בורקס פילו בולגרית 600 גרם,גרמים,600.00,100 גרם,false,1,23.90,0.0398,true,1,9088
7290013117410,false,מארז בצק פריך מתוק,"מעדנות בע""מ",IL,מארז בצק פריך מתוק 450 גר            2*,גרמים,900.00,100 גרם,false,1,27.90,0.0310,true,1,10980
7290013117427,false,מארז בצק פריך מלוח *,"מעדנות בע""מ",IL,מארז בצק פריך מלוח *2  450 גרם,גרמים,900.00,100 גרם,false,1,25.90,0.0288,true,1,10981
7290013121028,false,לחם לבן ללא גלוטן 50,דולפין ספא,IL,לחם לבן ללא גלוטן 500 גרם,גרמים,500.00,100 גרם,false,1,20.90,0.0418,true,1,10885
7290013121103,false,שליש בגט 4 יחידות  4,דולפין ספא,IL,שליש בגט 4 יחידות  400 גרם,גרמים,400.00,100 גרם,false,1,19.90,0.0497,true,1,10886
7290013121110,false,לחמניות בורגר ללא גל,דולפין ספא,IL,לחמניות בורגר ללא גלוטן רביעייה 350 גרם,גרמים,350.00,100 גרם,false,1,19.90,0.0569,true,1,14356
7290013121769,false,שליט בגט  400 גרם,דולפין ספא,IL,שליט בגט  400 גרם,גרמים,400.00,100 גרם,false,1,22.90,0.0572,true,1,71763
7290013121776,false,לחם כפרי ללא סוכר,דולפין ספא,IL,לחם כפרי ללא גלוטן וללא סוכר,גרמים,700.00,100 גרם,false,1,21.90,0.0313,true,1,50416
7290013144393,false,תמצית וניל,מיוצר עי קונדיטוריית,IL,מימונס תמצית אפיה בטעם וניל 50 מל,מיליליטרים,50.00,"100 מ""ל",false,1,4.90,0.0980,true,1,47596
7290013144409,false,תמצית רום,מיוצר עי קונדיטוריית,IL,מימונס תמצית אפיה בטעם רום 50 מל,גרמים,50.00,100 גרם,false,1,4.90,0.0980,true,1,47597
7290013145055,true,פרג שלם,א.ל ייצור ושיווק תבל,IL,פרג שלם,גרמים,100.00,100 גרם,false,1,7.50,0.0750,true,1,37242
7290013145109,true,שקד מולבן טחון 100גר,מיוצר עי קונדיטוריית,IL,"מיימונס, שקד מולבן טחון, 100 גרם",Unknown,0.00,Unknown,false,1,14.90,0.0000,true,1,43255
7290013145123,true,שקד מולבן פרוס,מיוצר עי קונדיטוריית,IL,מימונס שקד מולבן פרוס 100 גרם,Unknown,0.00,Unknown,false,1,14.90,0.0000,true,1,43256
7290013145178,true,קוקוס טחון לבן,מיוצר עי קונדיטוריית,IL,"מיימונס, קוקוס טחון לבן, 100 גרם",גרמים,100.00,100 גרם,false,1,4.90,0.0490,true,1,37248
7290013145192,true,שומשום,מיוצר עי קונדיטוריית,IL,"מימונס, שומשום, 100% טהור, 100 גרם",גרמים,100.00,100 גרם,false,1,5.20,0.0520,true,1,37249
7290013145710,false,דובדבנים מסוכרים,מיוצר עי קונדיטוריית,IL,דובדבנים מסוכרים לקישוט ואפייה,גרמים,100.00,100 גרם,false,1,9.90,0.0990,true,1,47609
7290013145857,false,אבקת אפיה,מולינו ניקולי s.p.a,IL,מימונס מארז אבקת אפייה 10 יחידות,גרמים,100.00,100 גרם,false,1,2.50,0.0250,true,1,47620
7290013145864,false,"ג""לטין טהור אבקה בד""",א.ל ייצור ושיווק תבל,IL,"ג""לטין טהור אבקה בד""צ 28 גרם",גרמים,28.00,100 גרם,false,1,12.90,0.4607,true,1,47612
7290013145918,false,אבקת סוכר,א.ל. ייצור ושיווק תב,IL,מימונס אבקת סוכר ללא גלוטן 100 גרם,לא מנהל יחידת מידה,0.00,לא מנהל יחידת מידה,false,1,2.50,0.0000,true,1,47943
7290013146854,true,קוקוס לבן מיימונס  4,מיוצר עי קונדיטוריית,IL,"מיימונס, קוקוס לבן טחון, 400 גרם",גרמים,400.00,100 גרם,false,1,14.90,0.0373,true,1,37255
7290013151209,false,קורנישון מלפפון בחומ,יוניקורן פיקלס,,קורנישון מלפפון בחומץ 690 גרם,גרמים,690.00,100 גרם,false,1,11.90,0.0172,true,1,15645
7290013153432,false,מיץ סחוט לימונענע 40,היינץ צפון אמריקה מק,IL,"סחוט לימונענע 400 מ""ל",מיליליטרים,400.00,"100 מ""ל",false,1,11.90,0.0298,true,1,51909
7290013153593,false,מיץ תפוזים מתקתק 100,"גת גבעת חיים,",IL,"פריגת, 100% מיץ תפוזים עשוי מרכז מקורר, 1 ליטר",ליטרים,1.00,ליטר,false,1,13.90,13.9000,true,1,31966
7290013153623,false,סחוט RELAX גזר וגינג,גת,IL,"סחוט RELAX גזר וג'ינג'ר 400 מ""ל",מיליליטרים,400.00,"100 מ""ל",false,1,11.90,0.0298,true,1,54267
7290013267665,false,מיני סולרו פירות טרו,שטראוס גלידות,,מיני סולרו פירות טרופים מאגדת 325 גרם,גרמים,408.00,100 גרם,false,1,28.90,0.0708,true,1,12560
7290013268020,false,מרכך כביסה מקסימה מר,"סנו מפעלי ברונוס בע""",IL,מרכך מרוכז א.פרש 1ל' 40 כביסות,ליטרים,1.00,ליטר,false,1,18.90,18.9000,true,1,9584
7290013268242,false,ריצפז פרש הום בניחוח,"סנו מפעלו ברונוס בע""",IL,נוזל רצפות פרש הום מלון מפנק,ליטרים,2.00,ליטר,false,1,22.90,11.4500,true,1,58301
7290013268983,false,מרכך כביסה מקסימה מר,"סנו מפעלי ברונוס בע""",IL,מקסימה מרכך כביסה בבישום עוצמתי 1 ליטר,ליטרים,1.00,ליטר,false,1,18.90,18.9000,true,1,68885
7290013269003,false,מרכך כביסה ביבי,"סנו מפעלי ברונוס בע""",IL,מקסימה מרכך כביסה סופר מרוכז בייבי 1 ליטר,ליטרים,1.00,ליטר,false,1,18.90,18.9000,true,1,10959
7290013269621,false,ריצפז פרש הום מלון ב,סנו מפעלי ברונוס בעמ,IL,"סנו ריצפז, תרכיז ריחני לניקוי כל סוגי הרצפות",ליטרים,2.00,ליטר,false,1,22.90,11.4500,true,1,51457
7290013269638,true,ספוג הפלא אקסטרא,סנו מפעלי ברונו בעמ,IL,סנו סושי - ספוג הפלא EXTRA,יחידה,1.00,יחידה,false,1,13.90,13.9000,true,1,22792
7290013269911,false,ספריי סנו K333 קוטל,"סנו מפעלי ברונוס בע""",IL,K-333,מיליליטרים,750.00,"100 מ""ל",false,1,28.90,0.0385,true,1,12720
7290013276124,false,בירה נגב אמבר אייל ב,"איי, בי, אינבוו",IL,"נגב, אמבר אייל, בירה, 330 מל",מיליליטרים,330.00,"100 מ""ל",false,1,15.90,0.0482,true,1,30301
7290013310101,false,שיפודי במבוק גמבו 50,הדקלאים אגודת שיתופי,CN,שיפודי במבוק ג'מבו 50 יחידות,Unknown,0.00,Unknown,false,1,5.90,0.0000,true,1,15400
7290013310170,false,כוסות נייר משובחות ל,,,כוסות נייר משובחות לשתיה חם/קר 50 יחידות,Unknown,0.00,Unknown,false,1,14.90,0.0000,true,1,13146
7290013310576,false,כוסות נייר 8 לשתייה,ACSP,CN,כוסות נייר 8 לשתייה חמה 50יח 240מל,יחידה,1.00,יחידה,false,1,11.90,11.9000,true,1,68789
7290013310590,false,מטלית הפלא 30*30 חמי,יוניסאן,,מטלית הפלא 30*30 חמישייה,לא מנהל יחידת מידה,0.00,לא מנהל יחידת מידה,false,1,16.90,0.0000,true,1,13764
7290013358363,false,פירורי לחם יפנים פנק,"מיוצר ע""י מנה י.א בע",IL,פירורי לחם יפנים פנקו 300 גרם,גרמים,300.00,100 גרם,false,1,10.80,0.0360,true,1,12460
7290013358370,false,פירורי לחם יפנים טעם,"מיוצר ע""י מנה י.א בע",IL,פירורי לחם יפנים טעם שום 300 גרם,גרמים,300.00,100 גרם,false,1,10.80,0.0360,true,1,12461
7290013358417,false,רוטב טריאקי מאסטר שף,"מסאווג' רונרג' בע""מ",TH,מאסטר שף רוטב טריאקי אסייאתי 300 מל,מיליליטרים,300.00,"100 מ""ל",false,1,13.90,0.0463,true,1,22982
7290013358431,false,קרוטונים אפויים לסלט,"עינת תעשיות מזון אג""",IL,מאסטר שף קרוטונים לסלט עגבניות בזיל 200ג,גרמים,200.00,100 גרם,false,1,13.90,0.0695,true,1,17138
7290013358486,false,פירורי לחם ללא צורך,"מיוצר ע""י מנה י.א בע",IL,פירורי לחם ללא צורך בביצה 300 גרם,גרמים,300.00,100 גרם,false,1,10.90,0.0363,true,1,19232
7290013358493,false,קרם קוקוס מאסטר שף פ,תאי קוקונט פבליק קומ,TH,מאסטר שף קרם קוקוס 400 מל,מיליליטרים,400.00,"100 מ""ל",false,1,10.50,0.0263,true,1,22984
7290013358523,false,שבבי בצל מטוגן,טופ טייסט ב.ו,NL,מאסטר שף שבבי בצל מטוגן 150 גרם,גרמים,150.00,100 גרם,false,1,14.90,0.0993,true,1,20491
7290013358530,false,רוטב צילי מתוק מאסטר,"מסוונג רונרוג' בע""מ",TH,מאסטר שף רוטב צ'ילי מתוק 700 מל,מיליליטרים,700.00,"100 מ""ל",false,1,15.90,0.0227,true,1,22985
7290013358578,false,אטריות אורז רחבות מא,ליינג טונג רייס פלוו,TH,מאסטר שף אטריות אורז רחבות 400 גרם,גרמים,400.00,100 גרם,false,1,10.90,0.0273,true,1,22986
7290013358585,false,נודלס אטריות ביצים מ,"ש. שסטוביץ בע""מ",CN,מאסטר שף נודלס אטריות ביצים 400 גרם,גרמים,400.00,100 גרם,false,1,10.90,0.0273,true,1,22987
7290013430083,false,בירה אלכסנדר בלונד ב,מנדלז סי.אר. פרודקשן,IL,אלכסנדר בירה ישראלית מעולה בלונד 330 מל,מיליליטרים,330.00,"100 מ""ל",false,1,14.90,0.0452,true,1,12724
7290013453068,false,עוגיות כוסמין ופירות,האי נאם סי או אל.טי.,IL,עוגיות כוסמין ופירות יער,לא מנהל יחידת מידה,0.00,לא מנהל יחידת מידה,false,1,26.90,0.0000,true,1,24839
7290013453082,true,עוגיות כוסמין שוקולד,האי נאם סי או אל.טי.,IL,דני וגלית עוגיות כוסמין שוקולדצ'יפס 230 גרם,לא מנהל יחידת מידה,0.00,לא מנהל יחידת מידה,false,1,26.90,0.0000,true,1,24758
7290013453136,true,עוגיות טבעוני כוסמין,האי נאם סי או אל.טי.,IL,דני וגלית עוגיות כוסמין שטרודל תפוחים 230 גרם,לא מנהל יחידת מידה,0.00,לא מנהל יחידת מידה,false,1,26.90,0.0000,true,1,25141
7290013453150,false,עוגיות כוסמין  קוקוס,האי נאם סי או אל.טי.,IL,דני וגלית עוגיות קוקוס ואגוזי לוז,יחידה,1.00,יחידה,false,1,26.90,26.9000,true,1,24883
7290013453587,true,עוגיות גרנולה שוקוצי,האי נאם סי או אל.טי.,IL,דני וגלית עוגיות גרנולה ושוקולדצ'יפס 230 גרם,לא מנהל יחידת מידה,0.00,לא מנהל יחידת מידה,false,1,26.90,0.0000,true,1,47394
7290013453594,true,עוגיות גרנולה חמוציו,האי נאם סי או אל.טי.,IL,דני וגלית עוגיות גרנולה חמוציות וקשיו 230 גרם,לא מנהל יחידת מידה,0.00,לא מנהל יחידת מידה,false,1,26.90,0.0000,true,1,29649
7290013453624,true,עוגיות שוקולד ציפס מ,האי נאם סי או אל.טי.,IL,עוגיות שוקולד ציפס מ,לא מנהל יחידת מידה,0.00,לא מנהל יחידת מידה,false,1,29.90,0.0000,true,1,47398
7290013453631,false,כדורי חמאת בוטנים  ש,האי נאם סי או אל.טי.,IL,כדורי חמאת בוטנים  שוקולדציפס ללג 230גרם,גרמים,230.00,100 גרם,false,1,28.90,0.1257,true,1,52458
7290013453648,true,עוגיות פירות יער מקמ,האי נאם סי או אל.טי.,IL,עוגיות פירות יער מקמ,לא מנהל יחידת מידה,0.00,לא מנהל יחידת מידה,false,1,26.90,0.0000,true,1,47397
7290013453655,false,עוגיות קוקוס לוז מקמ,האי נאם סי או אל.טי.,IL,עוגיות קוקוס ולוז מקמח שקדים וקמח אורז מלא,לא מנהל יחידת מידה,0.00,לא מנהל יחידת מידה,false,1,29.90,0.0000,true,1,52286
7290013472960,false,חצאי אפרסקים מהדרין,קרונוס אס.איי.,GR,חצאי אפרסקים מהדרין,גרמים,820.00,100 גרם,false,1,8.90,0.0109,true,1,23253
7290013531759,false,שעועית אפויה במים יכ,"זנלכל בע""מ",IL,שעועית אפויה במים יכין 310 גרם,גרמים,310.00,100 גרם,false,1,9.90,0.0319,true,1,22905
7290013585233,false,ספרייט זירו פחית סלי,גוד פוד פרודקטס S.p,IL,"גזוז בטעם לימון ליים דל קלוריות 330 מ""ל",מיליליטרים,330.00,"100 מ""ל",false,1,5.90,0.0179,true,1,22663
7290013585257,false,ספרייט זירו בקבוק 50,"אינסטנטה בע""מ",IL,"ZERO ספרייט 500 מ""ל",מיליליטרים,500.00,"100 מ""ל",false,1,7.90,0.0158,true,1,22662
7290013585387,false,קוקה קולה זירו בקבוק,פארייפאבה אגרואינדוס,IL,ZERO תריסר 1 ליטר,ליטרים,1.00,ליטר,false,1,8.50,8.5000,true,1,22305
7290013585394,false,קוקה קולה 1 ליטר,פארייפאבה אגרואינדוס,IL,קוקה קולה 1 ליטר תריסר,ליטרים,1.00,ליטר,false,1,8.50,8.5000,true,1,22304
7290013585899,false,וויסוצקי אייס לימוני,מבשלות בירה בינלאומי,IL,"ויסוצקי ICE חליטת לימונית לואיזה 350 מ""ל",מיליליטרים,350.00,"100 מ""ל",false,1,7.90,0.0226,true,1,26158
7290013586285,false,חליטת ויסוצקי ICE תה,מבשלות בירה בינלאומי,IL,"ויסוצקי ICE חליטת נענע 350 מ""ל",מיליליטרים,350.00,"100 מ""ל",false,1,7.90,0.0226,true,1,26159
7290013608260,false,מיץ רימונים פרימור ס,השחר,IL,7290068700001,ליטרים,1.00,ליטר,false,1,25.90,25.9000,true,1,19389
7290013645272,false,נשיקות,מוצרי הכט,IL,נשיקות שרהלה  100גרם,גרמים,100.00,100 גרם,false,1,21.90,0.2190,true,1,27249
7290013645500,false,מקלות מלוחים 230 גרם,מוצרי הכט,IL,מקלות מלוחים 230 גרם,גרמים,230.00,100 גרם,false,1,24.90,0.1083,true,1,27117
7290013645531,false,עוגיות מזרחיות עם שו,מוצרי הכט,IL,עוגיות מזרחיות עם שומשום 230 גרם,גרמים,230.00,100 גרם,false,1,24.90,0.1083,true,1,27190
7290013645715,false,עוגיות סנדוויץ ריבה,מוצרי הכט,IL,עוגיות סנדוויץ ריבה שרהלה  250גרם,גרמים,250.00,100 גרם,false,1,29.90,0.1196,true,1,27554
7290013675828,false,לקט חגיגה אסייתית לה,"איי, בי, אינבוו",IL,לקט חגיגה אסייתית להקפצה  450גרם,גרמים,450.00,100 גרם,false,1,27.90,0.0620,true,1,59376
7290013702418,false,שוופס מוגז עדין אפרס,יפאורה תבורי בעמ,IL,"שוופס מוגז עדין אפרסק 330 מ""ל זכוכית",מיליליטרים,330.00,"100 מ""ל",false,1,6.90,0.0209,true,1,28969
7290013702425,false,שוופס מוגז עדין פירו,יפאורה תבורי בעמ,IL,"שוופס מוגז עדין פירות יער 330 מ""ל זכוכית",מיליליטרים,330.00,"100 מ""ל",false,1,6.90,0.0209,true,1,28970
7290013702708,false,שוופס מוגז עדין אננס,יפאורה תבורי בעמ,IL,"שוופס מוגז עדין אננס 330 מ""ל זכוכית",מיליליטרים,330.00,"100 מ""ל",false,1,6.90,0.0209,true,1,15336
7290013713001,false,בירה גמס אמבר אייל ב,גמס מפעלי בירה,,"בירה גמס אמבר אייל בקבוק 330 מ""ל",מיליליטרים,330.00,"100 מ""ל",false,1,14.90,0.0452,true,1,29507
7290013713025,false,בירה גמס פילס בקבוק,קרלו,IL,"בירה ג'מס, בירה pils",מיליליטרים,330.00,"100 מ""ל",false,1,14.90,0.0452,true,1,29506
7290013713049,false,בירה גמס חזקה 8.8% ב,קרלו,IL,"בירה ג'מס, בירה 8.8 חזקה במיוחד",מיליליטרים,330.00,"100 מ""ל",false,1,14.90,0.0452,true,1,29509
7290013724939,false,משוקלדים חמוציות מרי,דין שיווק,IL,משוקלדים חמוציות מריר 140 גר קופסא,גרמים,140.00,100 גרם,false,1,11.90,0.0850,true,1,12664
7290013724946,false,משוקלדים שקד מריר 14,דין שיווק,IL,משוקלדים שקד מריר 140 גר קופסא,גרמים,140.00,100 גרם,false,1,11.90,0.0850,true,1,18466
7290013724977,false,משוקלדים צימוק מריר,דין שיווק,IL,משוקלדים צימוק מריר 140 גר קופסא,גרמים,140.00,100 גרם,false,1,11.90,0.0850,true,1,18465
7290013724991,false,משוקלדים לוז חלב 140,דין שיווק,IL,משוקלדים לוז חלב 140 גר קופסא,גרמים,140.00,100 גרם,false,1,11.90,0.0850,true,1,69290
7290013725820,false,אגוזי לוז בציפוי שוק,"דין שיווק וקליה בע""מ",IL,אגוזי לוז בציפוי שוקולד מריר 140 גרם,גרמים,140.00,100 גרם,false,1,11.90,0.0850,true,1,11120
7290013746238,false,עוגיות ציפס קוקיס מכ,"דגן מיני מזונות בע""מ",IL,עוגיות צ'יפס קוקיס מכוסמין,גרמים,300.00,100 גרם,false,1,34.90,0.1163,true,1,32729
7290013746290,false,עוגיות קראנץ שקדים מ,"דגן מיני מזונות בע""מ",IL,עוגיות קראנץ אגוזים מכוסמין,גרמים,200.00,100 גרם,false,1,36.90,0.1845,true,1,53502
7290013746368,false,עוגיות כוסמין ושקדים,"דגן מיני מזונות בע""מ",IL,עוגיות כוסמין ושקדים,גרמים,300.00,100 גרם,false,1,34.90,0.1163,true,1,32730
7290013746504,false,מקלוני כוסמין עשבי ת,"דגן מיני מזונות בע""מ",IL,מקלוני כוסמין עשבי תיבול דגן,גרמים,200.00,100 גרם,false,1,29.90,0.1495,true,1,32722
7290013746689,false,עוגיות שיבולת שועל ו,פרוטרופיק סיה.,IL,"עוגיות שיבולת שועל ואוכמניות לל""ס 250 גר",גרמים,250.00,100 גרם,false,1,34.90,0.1396,true,1,32727
7290013746788,false,מקלוני כוסמין עגבניה,פרוטרופיק סיה.,IL,מקלוני כוסמין עגבניה ואורגנו דגן,גרמים,200.00,100 גרם,false,1,29.90,0.1495,true,1,32723
7290013746795,false,מקלוני כוסמין קצח וצ,פרוטרופיק סיה.,IL,מקלוני כוסמין קצח וציה דגן,גרמים,200.00,100 גרם,false,1,29.90,0.1495,true,1,32724
7290013787354,false,פסטה פוזילי 100% חיט,יוניליוור גרמניה  Gm,IL,פסטה פוזילי 100% חיטת דורום ריקו  500 גר,גרמים,500.00,100 גרם,false,1,14.90,0.0298,true,1,59729
7290013847386,true,טונה סטרקיסט ליי,"סטארקיסט פודור בע""מ",TH,140 גרם טונה 4% טבעי לייט,גרמים,140.00,100 גרם,false,1,8.90,0.0636,true,1,50642
7290013847393,true,לייט טונה סטריקיסט,"סטארקיסט פודור בע""מ",TH,140 גרם טונה 4% עשבי תיבול לייט,גרמים,140.00,100 גרם,false,1,8.90,0.0636,true,1,50643
7290013847553,false,טונה במים דל נתרן סט,"איטיליאן פוד, אס.פי.",TH,טונה במים דל נתרן,גרמים,640.00,100 גרם,false,1,29.90,0.0467,true,1,25509
7290013847645,false,סטארקיסט טונה בשמן ז,סטארקיסט,TR,סטארקיסט טונה בשמן זית 3 יח 80 גרם,גרמים,240.00,100 גרם,false,1,18.90,0.0787,true,1,54533
7290013847867,false,מארז זוגות טונה בשמן,טונה ויטנאם קו. אל.ט,IL,ס.ק. טונה זוגות בשמן סויה 140 גר' בית יוסף,גרמים,140.00,100 גרם,false,1,14.90,0.1064,true,1,52460
7290013861429,false,שומשום 250 גרם,קריניציה ויטמינה אס,IL,שומשום 250 גרם,גרמים,250.00,100 גרם,false,1,10.90,0.0436,true,1,20558
7290013861443,false,בוטנים 250 גרם,קריניציה ויטמינה אס,IL,בוטנים 250 גרם,גרמים,250.00,100 גרם,false,1,10.90,0.0436,true,1,69950
7290013883407,false,דזיטול מחטא ומשמיד ח,קרלו,ES,יעקבי דזיטול ספריי מחטא ומשמיד חיידקים 750 מל,מיליליטרים,500.00,"100 מ""ל",false,1,21.90,0.0438,true,1,13472
7290013903075,false,בולגרית טבעונית ליב,ביוט איילנד פודס אל,,בולגרית טבעונית ליב 200 גרם,גרמים,200.00,100 גרם,false,1,23.90,0.1195,true,1,27170
7290013903099,false,רוקפור טבעונית ליב 2,ביוט איילנד,,רוקפור טבעונית ליב 200 גרם,גרמים,200.00,100 גרם,false,1,23.90,0.1195,true,1,27171
7290013903259,false,תות שדה  אורגני מוקפ,פריגו,,תות שדה  אורגני מוקפא 350 גרם,גרמים,350.00,100 גרם,false,1,21.90,0.0626,true,1,52637
7290013903266,false,תערובת פירות יער אור,פריגו,,תערובת פירות יער אורגנית 350 גרם,גרמים,350.00,100 גרם,false,1,21.90,0.0626,true,1,52638
7290013903273,false,אדממה אורגני 400גרם,זהג'יאנג קינגסור פוד,CN,"ליב, אדממה אורגני, 400 גרם",גרמים,400.00,100 גרם,false,1,12.90,0.0323,true,1,52639
7290013903624,false,מגורדת בסגנון מוצרלה,ביוט איילנד פודס אל,IL,ליב מגורדת בסגנון מוצרלה טבעונית 200 גרם,גרמים,200.00,100 גרם,false,1,24.90,0.1245,true,1,67516
7290013906052,false,נקניקיות פרגיות 300,הנסיך- מפעל לייצור ט,IL,נקניקיות פרגיות 300 גרם,גרמים,300.00,100 גרם,false,1,16.90,0.0563,true,1,13348
7290013906441,false,קבנוס 120 גרם,הנסיך- מפעל לייצור ט,IL,קבנוס נקניק מעושן יבש 120 גרם,גרמים,120.00,100 גרם,false,1,12.90,0.1075,true,1,16810
7290013906458,false,קבנוס בטעם פיקנטי 12,הנסיך- מפעל לייצור ט,IL,טירת צבי קבנוס פיקנטי נקניק מעושן יבש 120 גרם,גרמים,120.00,100 גרם,false,1,12.90,0.1075,true,1,16811
7290013906489,false,חטיפי מיני קבנוס 120,הנסיך- מפעל לייצור ט,IL,טירת צבי חטיפי מיני קבנוס 120 גרם,גרמים,120.00,100 גרם,false,1,12.90,0.1075,true,1,16813
7290013906496,false,פסטרמה עגל רומנית 12,הנסיך- מפעל לייצור ט,IL,פסטרמה עגל בסגנון רומני 120 גרם,גרמים,120.00,100 גרם,false,1,16.90,0.1408,true,1,20456
7290013906519,false,פרושוטו בקר 100 גרם,הנסיך- מפעל לייצור ט,IL,פרושוטו בקר 100 גרם,גרמים,100.00,100 גרם,false,1,28.90,0.2890,true,1,20457
7290013927637,false,חלווה אחווה ללס 400ג,אחדות בעמ,IL,אחוה חלוה ללא תוספת סוכר 400 גרם,גרמים,400.00,100 גרם,false,1,16.90,0.0422,true,1,58455
7290013971555,false,מארז פוגיקום 8+4,פוג'יקום,,מארז פוגיקום 8+4,לא מנהל יחידת מידה,0.00,לא מנהל יחידת מידה,false,1,19.90,0.0000,true,1,17479
7290014002128,false,תה ירוק לימונית,HIQ FOOD PRODUCTS,IL,תה ירוק לימונית ומנטה T.T,גרמים,37.00,100 גרם,false,1,26.90,0.7270,true,1,14265
7290014002203,false,חליטת צמחים לימונית,HIQ FOOD PRODUCTS,IL,חליטת לימונית לואיזה - הגן הקסום,גרמים,37.00,100 גרם,false,1,19.90,0.5378,true,1,14243
7290014002944,false,חליטת הגן הקסום,HIQ FOOD PRODUCTS,IL,"תה ויסוצקי,חליטת חמדת השקד - ""הגן הקסום""",גרמים,50.00,100 גרם,false,1,19.90,0.3980,true,1,19676
7290014046016,false,פסטרמה  של פעם 100%,פ.פ.ח. שאביט,IL,יחיעם פסטרמה של פעם 250 גרם,גרמים,250.00,100 גרם,false,1,29.90,0.1196,true,1,21788
7290014046030,false,מוס כבד עוף 140 גרם,יחיעם,IL,יחיעם מוס כבד עוף 140 גרם,גרמים,140.00,100 גרם,false,1,15.90,0.1136,true,1,24671
7290014046436,false,נשנושי קבנוס 125 גרם,יחיעם,IL,יחיעם נשנושי קבנוס 125 גרם,גרמים,125.00,100 גרם,false,1,14.90,0.1192,true,1,15626
7290014046580,false,פסטרמה הודו מעושנת ע,פ.פ.ח. שאביט,IL,פסטרמה הודו מעושנת על האש מעדני יחיעם 30,גרמים,300.00,100 גרם,false,1,22.90,0.0763,true,1,24383
7290014046757,false,סלמי תה מעדני יחיעם,פ.פ.ח. שאביט,IL,סלמי תה מעדני יחיעם   300גרם,גרמים,300.00,100 גרם,false,1,22.90,0.0763,true,1,26713
7290014066359,false,קפסולות אספרסו לנדוו,האחים פלם הגפן,IL,קפסולות אספרסו לנדוור בלאנסד 10יח,גרמים,50.00,100 גרם,false,1,18.90,0.3780,true,1,47249
7290014066366,false,קפסולות אספרסו לנדוו,לנדוור,IL,קפסולות לנדוור,גרמים,50.00,100 גרם,false,1,18.90,0.3780,true,1,47248
7290014066373,false,קפסולות אספרסו לנדוו,לנדוור,IL,קפסולות אספרסו לנדוור קלאסי 10יח,גרמים,50.00,100 גרם,false,1,18.90,0.3780,true,1,47247
7290014066380,false,קפסולות אספרסו לנדוו,לנדוור,IL,קפסולות אספרסו לנדוור סופרימו 10יח,גרמים,50.00,100 גרם,false,1,18.90,0.3780,true,1,47246
7290014066441,false,לנדוור-קפסולות אספרס,לנדוור,IL,לנדוור-קפסולות אספרסו נטול קפאין 10 יח,יחידה,10.00,יחידה,false,1,18.90,1.8900,true,1,57033
7290014066526,false,לנדוור-קפסולות אספרס,לנדוור,IL,לנדוור-קפסולות אספרסו תערובת הבית,יחידה,10.00,יחידה,false,1,18.90,1.8900,true,1,57031
7290014066533,false,לנדוור-קפסולות אספרס,לנדוור,IL,לנדוור-קפסולות אספרסו קלייה כפול  10 יח,יחידה,10.00,יחידה,false,1,18.90,1.8900,true,1,57032
7290014079014,false,חסה לבבות קיסר,אליהו חדד,IL,חסה לבבות קיסר,גרמים,300.00,100 גרם,false,1,12.90,0.0430,true,1,11996
7290014079328,false,לוף/כרישה קצוץ יח,חקלאי,IL,לוף/כרישה קצוץ יח,גרמים,500.00,100 גרם,false,1,9.90,0.0198,true,1,17314
7290014079526,false,כרובית ארוזה יח,חקלאי,IL,כרובית ארוזה יח,קילוגרמים,1.50,"ק""ג",false,1,14.90,9.9333,true,1,29855
7290014079854,false,לבבות חסה,חקלאי,IL,לבבות חסה,גרמים,700.00,100 גרם,false,1,14.90,0.0213,true,1,25597
7290014092532,false,דלעת חתוכה ליח,חקלאי,IL,דלעת חתוכה ליח,גרמים,850.00,100 גרם,false,1,14.90,0.0175,true,1,50363
7290014094260,false,שום מקולף 170 גרם,איתן מרגוליס,IL,שום מקולף 170 גרם,גרמים,170.00,100 גרם,false,1,14.90,0.0876,true,1,22139
7290014094369,false,שקד טבעי בקופסא  200,"דין שיווק וקליה בע""מ",,שקד טבעי בקופסא  200 גרם,גרמים,200.00,100 גרם,false,1,22.90,0.1145,true,1,69205
7290014094376,false,שזיפים ללא גלעין בקו,"דין שיווק וקליה בע""מ",,שזיפים ללא גלעין בקופסא  250 גרם,גרמים,250.00,100 גרם,false,1,21.90,0.0876,true,1,18459
7290014094390,false,חמוציות בקופסא  330,"דין שיווק וקליה בע""מ",,חמוציות בקופסא  250 גרם,גרמים,250.00,100 גרם,false,1,15.90,0.0636,true,1,69210
7290014094406,false,צימוק לבן בקופסא  33,"דין שיווק וקליה בע""מ",,צימוק לבן בקופסא  330 גרם,גרמים,330.00,100 גרם,false,1,16.90,0.0512,true,1,69679
7290014094628,false,פקאן טבעי 200 קופסא,חקלאי,,פקאן טבעי 200 קופסא,גרמים,200.00,100 גרם,false,1,29.90,0.1495,true,1,69682
7290014094796,false,משמש בשקית 300 גרם,"דין שיווק וקליה בע""מ",,משמש בשקית 300 גרם,גרמים,300.00,100 גרם,false,1,18.90,0.0630,true,1,69182
7290014094826,false,שזיף מגולען 300 גרם,"דין שיווק וקליה בע""מ",,שזיף מגולען 300 גרם,גרמים,300.00,100 גרם,false,1,17.90,0.0597,true,1,69183
7290014094833,false,צימוק לבן שקית  300,"דין שיווק וקליה בע""מ",,צימוק לבן שקית  300 גרם,גרמים,300.00,100 גרם,false,1,15.90,0.0530,true,1,69184
7290014094840,false,צימוק חום שקית  300,"דין שיווק וקליה בע""מ",,צימוק חום שקית  300 גרם,גרמים,300.00,100 גרם,false,1,15.90,0.0530,true,1,69212
7290014094857,false,פקאן סיני מסוכר 150,דין שיווק,IL,פקאן סיני מסוכר 150 גרם,גרמים,150.00,100 גרם,false,1,19.90,0.1327,true,1,69113
7290014094895,true,אגוזים קלופים 150 גר,דין שיווק,IL,אגוזים קלופים 150 גרם,גרמים,150.00,100 גרם,false,1,14.90,0.0993,true,1,69100
7290014094901,false,פקאן טבעי 150גרם,דין שיווק,IL,פקאן טבעי 150גרם,גרמים,150.00,100 גרם,false,1,22.90,0.1527,true,1,69158
7290014095861,false,שיבולת שועל דקה,"דין שיווק וקליה בע""מ",,שיבולת שועל דקה 500 גרם שקדיה,גרמים,500.00,100 גרם,false,1,6.90,0.0138,true,1,20225
7290014095946,true,משוקלדים פקאן מריר 1,"שקדיה גבע בע""מ",IL,אגוז פקאן בציפוי שוקולד מריר,גרמים,140.00,100 גרם,false,1,11.90,0.0850,true,1,69291
7290014095953,false,משוקלדים פקאן חלב 14,שקדיה גבע בתעשיות עמ,IL,שקדיה פקאן בציפוי שוקולד חלב 160 גרם,גרמים,140.00,100 גרם,false,1,11.90,0.0850,true,1,69282
7290014095960,false,שיבולת שועל עבה,"דין שיווק וקליה בע""מ",,שיבולת שועל עבה 500 גרם שקדיה,גרמים,500.00,100 גרם,false,1,6.90,0.0138,true,1,20407
7290014217003,false,פפריקה מעושנת מיכל,תות ממתקי איכות,IL,"תבליני טעם וריח, פפריקה בטעם מעושן,  90 גרם",גרמים,90.00,100 גרם,false,1,10.90,0.1211,true,1,13605
7290014217065,false,אורגנו 30 גרם,תות ממתקי איכות,IL,תבליני טעם וריח אורגנו 100% 30 גרם,Unknown,0.00,Unknown,false,1,10.90,0.0000,true,1,13617
7290014217140,false,ראס אל חנות מיכל100,תות ממתקי איכות,IL,תבליני טעם וריח ראס אל חנות 100 גרם,גרמים,100.00,100 גרם,false,1,10.90,0.1090,true,1,21145
7290014217157,false,טוסקנה 120 גר,תות ממתקי איכות,IL,תבליני טעם וריח תערובת תיבול טוסקנה 120 גרם,גרמים,120.00,100 גרם,false,1,10.90,0.0908,true,1,21146
7290014217164,false,פטרוזיליה מיכל 20 גר,תות ממתקי איכות,IL,תבליני טעם וריח פטרוזיליה 100% 20 גרם,גרמים,20.00,100 גרם,false,1,10.90,0.5450,true,1,21147
7290014217201,false,תערובת תיבול סומק מי,תות ממתקי איכות,IL,תבליני טעם וריח מיכל קטן סומק 45 גרם,גרמים,45.00,100 גרם,false,1,6.90,0.1533,true,1,50128
7290014217225,false,תערובת תיבול גריל עו,תות ממתקי איכות,IL,"תבליני טעם וריח, תערובת תיבול גריל עוף, 120 גרם",גרמים,120.00,100 גרם,false,1,10.90,0.0908,true,1,19090
7290014217263,false,תערובת תיבול לפרגיות,תות ממתקי איכות,IL,"תבליני טעם וריח תערובת תיבול לפרגיות, 100 גרם",גרמים,100.00,100 גרם,false,1,10.90,0.1090,true,1,26093
7290014217379,false,מרינדה קלאסית לעוף 8,תבליני טעם וריח,IL,תבליני טעם וריח תערובת תיבול למרינדת עוף 80 גרם,גרמים,80.00,100 גרם,false,1,12.90,0.1613,true,1,68005
7290014217386,false,מרינדת צילי חריף לעו,תבליני טעם וריח,IL,תבליני טעם וריח תערובת תיבול למרינדת עוף 80 גרם,גרמים,80.00,100 גרם,false,1,12.90,0.1613,true,1,68006
7290014217478,false,עשבי תיבול איטלקי ים,תות ממתקי איכות,IL,עשבי תיבול איטלקי ים תיכוני 30 גרם,גרמים,30.00,100 גרם,false,1,10.90,0.3633,true,1,26351
7290014217485,false,תיבול קייגון 100 גר,תות ממתקי איכות,IL,"תבליני טעם וריח, קיי'גון",גרמים,100.00,100 גרם,false,1,10.90,0.1090,true,1,52932
7290014217492,false,תיבול פילדלפיה 100 ג,תות ממתקי איכות,IL,תבליני טעם וריח תערובת תיבול פילדלפיה 100 גרם,גרמים,100.00,100 גרם,false,1,10.90,0.1090,true,1,52933
7290014217515,false,ציפוי מאפה מלוח מיכל,תות ממתקי איכות,IL,ציפוי מאפה מלוח מיכל 90 גרם,גרמים,90.00,100 גרם,false,1,12.90,0.1433,true,1,48242
7290014217522,false,לחם שום תערובת מיכל,תות ממתקי איכות,IL,לחם שום תערובת מיכל 100 גרם,גרמים,100.00,100 גרם,false,1,12.90,0.1290,true,1,48240
7290014217539,false,תערובת סוכר וקינמון,תות ממתקי איכות,IL,תבליני טעם וריח תערובת תיבול סוכר קינמון 150 גרם,גרמים,150.00,100 גרם,false,1,12.90,0.0860,true,1,48241
7290014217911,false,פלפל מתוק שלם 150 גר,יוליניבר,IL,תבליני טעם וריח פלפל מתוק שלם 150 גרם,גרמים,150.00,100 גרם,false,1,14.90,0.0993,true,1,52220
7290014217973,false,צילי חריף 150 גרם,יוליניבר,IL,תבליני טעם וריח פלפל צ'ילי חריף יבש 150 גרם,גרמים,150.00,100 גרם,false,1,14.90,0.0993,true,1,52221
7290014218932,false,חטיפי פיצה בתוספת זי,"מעדנות בע""מ",IL,חטיפי פיצה בתוספת זיתים בשקית 710 גרם,גרמים,710.00,100 גרם,false,1,37.90,0.0534,true,1,53142
7290014256620,false,יין BUZZ קריניאנו 75,"כד בני דרום בע""מ",IL,"יין BUZZ קריניאנו 750 מ""ל",מיליליטרים,750.00,"100 מ""ל",false,1,29.90,0.0399,true,1,20829
7290014256637,false,יין BUZZ  מוסקטו 750,"כד בני דרום בע""מ",IL,"יין BUZZ  מוסקטו 750 מ""ל",מיליליטרים,750.00,"100 מ""ל",false,1,29.90,0.0399,true,1,20830
7290014369429,false,שלגון MOJO קפה ברזיל,איתלק,IL,שלגון MOJO קפה ברזילאי 70 גרם,גרמים,70.00,100 גרם,false,1,9.90,0.1414,true,1,53215
7290014369580,false,פיינט תות שדה טבעי 5,גלידת אילו,IL,פיינט תות שדה טבעי 500 מל,גרמים,500.00,100 גרם,false,1,24.90,0.0498,true,1,68834
7290014369597,false,פיינט מנגו אננס ופסי,גלידת אילו,IL,פיינט מנגו אננס ופסיפלורה טבעיים 500 מל,גרמים,500.00,100 גרם,false,1,24.90,0.0498,true,1,68835
7290014369610,false,פיינט פיסטוק טבעי מו,גלידת אילו,IL,פיינט פיסטוק טבעי מובחר עם שברי פיסטוק 500 מל,גרמים,500.00,100 גרם,false,1,24.90,0.0498,true,1,68836
7290014397507,false,מבשם אויר נטול יסמין,סנו מפעלי ברונוס בעמ,IL,סנו פרש מבשם לבית מאסק מעודן 350 מל,מיליליטרים,350.00,"100 מ""ל",false,1,16.90,0.0483,true,1,14890
7290014397514,false,מבשם אויר נטול גז כו,"סנו מפעלי ברונוס בע""",IL,פרש הום מבשם לבית כותנה מלטפת 350 מל,מיליליטרים,350.00,"100 מ""ל",false,1,16.90,0.0483,true,1,14891
7290014397767,false,נוזל רצפות ריצפז הום,"איי, בי, אינבוו",IL,ריצפז פרש הום כותנה מלטפת 2 ליטר,ליטרים,2.00,ליטר,false,1,22.90,11.4500,true,1,16625
7290014435704,false,סלמון מעושן 100 גרם,"סלטי שמיר 2006 בע""מ",,סלמון מעושן 100 גרם,גרמים,100.00,100 גרם,false,1,27.90,0.2790,true,1,18093
7290014435810,false,הרינג כבוש עם בצל 18,"סלטי שמיר 2006 בע""מ",,הרינג כבוש עם בצל 180 גרם,גרמים,180.00,100 גרם,false,1,21.90,0.1217,true,1,18044
7290014455245,false,גבינת פדנו משולש 200,יבואן ומשווק: ש. שסט,IT,גבינת פדנו משולש 200 גרם גד,גרמים,200.00,100 גרם,false,1,27.90,0.1395,true,1,24916
7290014455252,false,גבינת גרנה פדנו מגור,מחלבות גד,IT,גד גרנה פדנו גבינה קשה מגוררדת 29% שומן,גרמים,100.00,100 גרם,false,1,13.90,0.1390,true,1,24917
7290014455320,false,כדור מוצרלה פרסקה גד,מחלבות גד בעמ,IL,גד מוצרלה פרסקה מחלב בקר 18% שומן,גרמים,100.00,100 גרם,false,1,10.90,0.1090,true,1,22309
7290014455467,false,מעדן שיבולת שועל וחל,מחלבות גד,IL,גד מעדן שיבולת שועל וחלב 2% שומן,גרמים,150.00,100 גרם,false,1,6.90,0.0460,true,1,25170
7290014455627,false,יוגורט עיזים עם דובד,מיוצר עי קוד יצרן MK,IL,יוגורט עיזים עם דובדבן אמרנה 125 גרם גד,גרמים,125.00,100 גרם,false,1,7.00,0.0560,true,1,27137
7290014466128,false,יין הר חרמון אינדיגו,קרלו,IL,"יין הר חרמון אינדיגו 750 מ""ל",מיליליטרים,750.00,"100 מ""ל",false,1,44.90,0.0599,true,1,14541
7290014466463,false,יין הר חרמון מוסקטו,"כד בני דרום בע""מ",IL,"הר חרמון מוסקטו 2020 750 מ""ל",מיליליטרים,750.00,"100 מ""ל",false,1,44.90,0.0599,true,1,16712
7290014466609,false,יין גמלא מרלו 2012,"כד בני דרום בע""מ",IL,"גמלא השמורה מרלו 2016 יין אדום יבש, 750 מל",מיליליטרים,750.00,"100 מ""ל",false,1,79.90,0.1065,true,1,25171
7290014472136,false,גרעין שחור קלוי 150ג,דין שיווק,IL,גרעין שחור קלוי 150גרם,גרמים,150.00,100 גרם,false,1,6.90,0.0460,true,1,69243
7290014472228,false,תאנים בקופסא  330 גר,"דין שיווק וקליה בע""מ",,תאנים בקופסא  330 גרם,גרמים,330.00,100 גרם,false,1,25.90,0.0785,true,1,69211
7290014472235,false,פקאן סיני 200 גרם,שקרצי,,פקאן סיני 200 גרם,גרמים,200.00,100 גרם,false,1,29.90,0.1495,true,1,69683
7290014472471,false,גרעין שחור ענק פרימי,דין שיווק,IL,גרעין שחור ענק פרימיום 200גרם,גרמים,200.00,100 גרם,false,1,7.90,0.0395,true,1,69172
7290014472488,false,שקד קלוי ענק 250גרם,דין שיווק,IL,שקד קלוי ענק 250גרם פרימיום,גרמים,250.00,100 גרם,false,1,29.90,0.1196,true,1,69175
7290014472495,false,קשיו קלוי ענק 250גרם,דין שיווק,IL,קשיו קלוי ענק 250גרם פרימיום,גרמים,250.00,100 גרם,false,1,27.90,0.1116,true,1,69174
7290014472501,false,פיסטוק קלוי ענק פרימ,דין שיווק,IL,פיסטוק קלוי ענק פרימיום 250גרם,גרמים,250.00,100 גרם,false,1,29.90,0.1196,true,1,69173
7290014472518,false,בוטן קלוי ענק פרימיו,דין שיווק,IL,בוטן קלוי ענק פרימיום 250גרם,גרמים,250.00,100 גרם,false,1,11.90,0.0476,true,1,69171
7290014472525,false,תערובת פיצוחים 250 ג,דין שיווק,IL,תערובת פיצוחים 250 גרם פרימיום,גרמים,250.00,100 גרם,false,1,25.90,0.1036,true,1,69176
7290014503137,false,יין דלתון כנען אדום,"איי, בי, אינבוו",IL,"יין דלתון כנען אדום 750 מ""ל",מיליליטרים,750.00,"100 מ""ל",false,1,52.90,0.0705,true,1,28049
7290014581036,false,פחמים,,,"פחם להבה 2 ק""ג",קילוגרמים,2.00,"ק""ג",false,1,16.90,8.4500,true,1,23199
7290014581319,false,מנגל פח + רשת,,,מנגל פח + רשת,יחידה,1.00,יחידה,false,1,29.90,29.9000,true,1,59830
7290014603028,false,שלגון סולרו וניל ציפ,"מיוצר ע""י גלידת שטרא",IL,סולרו שלגון סולרו תות 75 גרם,גרמים,76.00,100 גרם,false,1,11.90,0.1566,true,1,15002
7290014648302,false,מד חום דיגיטלי,,,מד חום דיגיטלי,יחידה,1.00,יחידה,false,1,24.90,24.9000,true,1,59679
7290014648906,false,"אציטון לה בל 100 מ""ל",אקטיב,IL,"אציטון לה בל 100 מ""ל",מיליליטרים,100.00,"100 מ""ל",false,1,5.90,0.0590,true,1,59913
7290014651920,false,קבוקים שומשום 200 גר,,,קבוקים שומשום 200 גר,גרמים,200.00,100 גרם,false,1,5.90,0.0295,true,1,25039
7290014692299,false,גבינת ברי קסטלו יורו,"ארלה פודס אמבא,",DK,גבינת ברי קסטלו יורו 125 גרם,גרמים,125.00,100 גרם,false,1,22.90,0.1832,true,1,16302
7290014692305,false,גבינת קממבר סטלו יור,הנסיך- מפעל לייצור ט,DK,גבינת קממבר סטלו יורו 125 גרם,גרמים,125.00,100 גרם,false,1,22.90,0.1832,true,1,16303
7290014692350,true,וילי פוד עגבניות מיו,,CN,וילי פוד עגבניות מיו,גרמים,340.00,100 גרם,false,1,13.90,0.0409,true,1,43280
7290014692541,false,גבינה מגורדת אמה 500,ג.וילי פוד אינטרנשיו,IL,צהובה מגורדת,גרמים,500.00,100 גרם,false,1,23.90,0.0478,true,1,21040
7290014692565,false,גרעיני תירס מתוק ויל,אקו קונסרויפרי קי.אפ,HU,ויליפוד גרעיני תירס מתוק 320 גרם,גרמים,320.00,100 גרם,false,1,6.50,0.0203,true,1,24386
7290014725294,false,סוכרלוז מותר לשבת,ביסקול בע''מ,IL,סוכרזית סוכרלוז 100 שקיות,לא מנהל יחידת מידה,0.00,לא מנהל יחידת מידה,false,1,21.70,0.0000,true,1,20377
7290014725348,false,סוכרזית קלאסי,ביסקול בע''מ,IL,"סוכרזית קלאסי, ממתיק בטעם הקלאסי 100 שקיות",גרמים,100.00,100 גרם,false,1,14.90,0.1490,true,1,20492
7290014738652,false,"ערק ערנבים 700 מ""ל",אליס בראנפמן,IL,"ערק ערנבים 700 מ""ל",מיליליטרים,700.00,"100 מ""ל",false,1,79.90,0.1141,true,1,71051
7290014738706,false,"טרופית ערנבים 110 מ""",אליס בראנפמן,IL,"טרופית ערנבים 110 מ""ל",מיליליטרים,110.00,"100 מ""ל",false,1,13.90,0.1264,true,1,71023
7290014748651,false,דג טוב פילה אמנון מצ,מולינו ניקולי s.p.a,IL,דג טוב פילה אמנון מצפ.נתח שלם אמת.8*360ג,גרמים,360.00,100 גרם,false,1,36.90,0.1025,true,1,50220
7290014749245,false,עוף טוב צונגו רצועות,מולינו ניקולי s.p.a,IL,עוף טוב ספיישל רצועות שניצל שמשם.12*600ג,גרמים,600.00,100 גרם,false,1,39.90,0.0665,true,1,58941
7290014749788,false,עוף טוב צונגו רצועות,מולינו ניקולי s.p.a,IL,עוף טוב צונגו רצועות שניצל ציפס600ג,לא מנהל יחידת מידה,0.00,לא מנהל יחידת מידה,false,1,39.90,0.0000,true,1,59735
7290014749863,false,שניצל דקענק קריספי,מולינו ניקולי s.p.a,IL,שניצל דקענק קריספי ציפס עוף טוב  720גרם,גרמים,720.00,100 גרם,false,1,41.90,0.0582,true,1,68376
7290014749887,false,שניצל דקענק קריספי,מולינו ניקולי s.p.a,IL,שניצל דקענק קריספי קלאסי עוף טוב  720גר,גרמים,720.00,100 גרם,false,1,41.90,0.0582,true,1,68377
7290014758162,false,חלב עיזים מלא  3.6%,הרדוף תוצרת מזון אור,IL,חלב עיזים קרטון 1 ליטר,ליטרים,1.00,ליטר,false,1,17.90,17.9000,true,1,16305
7290014758681,false,קוטג 1% תנובה 250 גר,מחלבת אלון תבור,IL,קוטג 1% תנובה 250 גרם,גרמים,250.00,100 גרם,false,1,5.70,0.0228,true,1,15088
7290014759084,false,גבינת שמנת נפוליאון,הרדוף חלב,IL,גבינת שמנת נפוליאון בסגנון צרפתי 225 גרם,גרמים,225.00,100 גרם,false,1,14.90,0.0662,true,1,16999
7290014759534,false,גבינה בולגרית 5% למר,"תנובה, מחלבת תל יוסף",IL,גבינה בולגרית 5% למריחה 200 גרם,גרמים,200.00,100 גרם,false,1,15.90,0.0795,true,1,17437
7290014759978,false,קצקבל פלח 200 גר,תנובה,IL,"קצ""קבל פלח 200 גרם קולקשיין",גרמים,200.00,100 גרם,false,1,31.90,0.1595,true,1,17592
7290014759985,false,פרמזן פלח 200 גר,תנובה,IL,פרמזן פלח 200 גרם קולקשיין,גרמים,200.00,100 גרם,false,1,26.90,0.1345,true,1,17593
7290014759992,false,גבינת רוקפור פלח 140,"תנובה, מחלבת תל יוסף",IL,גבינת רוקפור פלח 140 גרם קולקשיין,גרמים,140.00,100 גרם,false,1,22.90,0.1636,true,1,17439
7290014760134,false,מעדן סויה ביו בטעם ו,תנובה,IL,מעדן סויה ביו בטעם וניל  125 גרם,גרמים,125.00,100 גרם,false,1,4.70,0.0376,true,1,32570
7290014760141,true,משקה שקדים טרי 1 ליט,סוי מג'יק,IL,משקה שקדים טרי 1 ליטר,ליטרים,1.00,ליטר,false,1,14.90,14.9000,true,1,23052
7290014761056,false,YOLO מעדן שוקולד חלב,מחלבת אלון תבור,IL,YOLO מעדן שוקולד חלב מעולה 123 גרם,גרמים,123.00,100 גרם,false,1,5.00,0.0407,true,1,20928
7290014761063,false,YOLO מעדן שוקולד מרי,מחלבת אלון תבור,IL,YOLO מעדן שוקולד מריר מעולה 123 גרם,גרמים,123.00,100 גרם,false,1,5.00,0.0407,true,1,20929
7290014761070,false,YOLO מעדן שוקולד לבן,מחלבת אלון תבור,IL,YOLO מעדן שוקולד לבן מעולה 123 גרם,גרמים,123.00,100 גרם,false,1,5.00,0.0407,true,1,20930
7290014761414,false,YOLO מעדן שכבות שוקו,מחלבת אלון תבור,IL,YOLO מעדן שכבות שוקולד חלב ולבן 122 גרם,גרמים,123.00,100 גרם,false,1,5.00,0.0407,true,1,20931
7290014761612,false,YOLO מעדן שכבות שוקו,מחלבת אלון תבור,IL,YOLO מעדן שכבות שוקולד מריר 123 גרם,גרמים,123.00,100 גרם,false,1,5.00,0.0407,true,1,22224
7290014762756,false,גבינת שמנת נפוליאון,הרדוף חלב,IL,גבינת שמנת נפוליאון בצל 200 גרם,גרמים,200.00,100 גרם,false,1,14.90,0.0745,true,1,25545
7290014762800,false,מעדן סויה בטעם שוקול,סוי מג'יק,IL,תנובה מעדן סויה שוקולד 2% שומן 125 גרם,גרמים,125.00,100 גרם,false,1,4.70,0.0376,true,1,30728
7290014762831,false,גבינת נפוליאון 24% ח,הרדוף חלב,IL,גבינת נפוליאון 24% חלפיניו 225 גרם,גרמים,225.00,100 גרם,false,1,14.90,0.0662,true,1,26375
7290014762909,false,פתיתי מוצרלה 10% תוס,"תנובה, מחלבת תל יוסף",IL,פתיתי מוצרלה 10% תוספת  השף הלבן,גרמים,200.00,100 גרם,false,1,18.90,0.0945,true,1,26150
7290014763272,false,משקה סויה ביו עם תות,תות תעשיות מזון (201,IL,"משקה סויה ביו עם תות ובננה 250 מ""ל",מיליליטרים,250.00,"100 מ""ל",false,1,6.90,0.0276,true,1,26499
7290014791572,false,שוופס מוגז פירות ענב,יפאורה תבורי בעמ,IL,"שוופס מוגז פירות ענבים 330 מ""ל זכוכית",מיליליטרים,330.00,"100 מ""ל",false,1,6.90,0.0209,true,1,28971
7290014821064,false,כבל גלקסי 2 מטר,,,כבל גלקסי 2 מטר,יחידה,1.00,יחידה,false,1,29.90,29.9000,true,1,57871
7290014821095,false,מטען רכב אייפון מאוש,,,מטען רכב אייפון מאושר אפל 2.1,יחידה,1.00,יחידה,false,1,69.90,69.9000,true,1,57863
7290014821347,false,אוזניות PURE-METAL,,,אוזניות PURE-METAL,יחידה,1.00,יחידה,false,1,49.90,49.9000,true,1,57860
7290014821507,false,מטען קיר אייפון מאוש,,,מטען קיר אייפון מאושר אפל 2.1,יחידה,1.00,יחידה,false,1,79.90,79.9000,true,1,57864
7290014821569,false,כבל אייפון  2 מטר,,,כבל אייפון  2 מטר,יחידה,1.00,יחידה,false,1,39.90,39.9000,true,1,57856
7290014855434,false,מגבוני בייביסיטר רבי,די פי אל,,מגבוני בייביסיטר רביעייה מבושם,יחידה,0.00,יחידה,false,1,19.90,0.0000,true,1,24047
7290014855458,false,מגבונים בייביסיטר רב,די פי אל,,מגבונים בייביסיטר רביעייה לא בישום,לא מנהל יחידת מידה,0.00,לא מנהל יחידת מידה,false,1,19.90,0.0000,true,1,24046
7290014860070,false,"מקלוני אורז 5 מ""מ לל",Qingdao Sun-growing,CN,"מקלוני אורז 5 מ""מ ללא גלוטן",גרמים,454.00,100 גרם,false,1,11.90,0.0262,true,1,70285
7290014890145,false,שמנת טבעית,בטר אנד דיפרנט,IL,שמנת טבעית משק יעקבס,גרמים,225.00,100 גרם,false,1,14.90,0.0662,true,1,30858
7290014890152,false,שמנת זיתים 225 גרם,בטר אנד דיפרנט,IL,שמנת זיתים 225 גרם משק יעקבס,גרמים,225.00,100 גרם,false,1,14.90,0.0662,true,1,31256
7290014890169,false,שמנת שום שמיר 225 גר,בטר אנד דיפרנט,IL,שמנת שום שמיר 225 גרם משק יעקבס,גרמים,225.00,100 גרם,false,1,14.90,0.0662,true,1,31257
7290014890176,false,ריקוטה 250 גרם,בטר אנד דיפרנט,IL,ריקוטה 250 גרם משק יעקבס,גרמים,250.00,100 גרם,false,1,12.90,0.0516,true,1,53100
7290014890237,false,קממבר בקר בייבי  יעק,בטר אנד דיפרנט,IL,קממבר בקר בייבי  יעקובס 125גרם,גרמים,125.00,100 גרם,false,1,19.90,0.1592,true,1,29802
7290014890596,false,ברי עיזים בייבי יעקו,משק יעקבס,IL,ברי עיזים בייבי יעקובס 125גרם,גרמים,125.00,100 גרם,false,1,19.90,0.1592,true,1,70352
7290014940901,true,לחם פשוט מלא 750 גרם,מאפיית שלמה א. אנג'ל,IL,לחם פשוט מלא 750 גרם,גרמים,750.00,100 גרם,false,1,15.90,0.0212,true,1,22419
7290015009003,false,חומץ בן יין לבן 500,מנדלז סי.אר. פרודקשן,ES,דניאל חומץ בן יין לבן 500 מל,מיליליטרים,500.00,"100 מ""ל",false,1,16.90,0.0338,true,1,18362
7290015009010,false,חומץ בן יין אדום 500,מנדלז סי.אר. פרודקשן,ES,חומץ בן יין אדום 5%,מיליליטרים,500.00,"100 מ""ל",false,1,16.90,0.0338,true,1,18363
7290015009041,false,"חומץ תפוחים 500 מ""ל",מנדלז סי.אר. פרודקשן,ES,דניאל חומץ תפוחים 500 מל,מיליליטרים,500.00,"100 מ""ל",false,1,16.90,0.0338,true,1,19687
7290015009188,false,ניוקי תפוחי אדמה עם,סיאמה אלימטרי,,ניוקי תפוחי אדמה עם דלעת 300 גרם,גרמים,300.00,100 גרם,false,1,10.90,0.0363,true,1,28308
7290015009225,false,ריבת חלב מקורית דניא,קארו,,ריבת חלב מקורית דניאל 450 גרם,גרמים,450.00,100 גרם,false,1,18.90,0.0420,true,1,29531
7290015009294,false,גבינת פרמיזאנו ראזאנ,אורגנה,,גבינת פרמיזאנו ראזאנו 170 גרם,גרמים,170.00,100 גרם,false,1,34.90,0.2053,true,1,30130
7290015009393,false,זיתים מגולענים קלמטה,אידיאל ס.א,GR,זיתים שחורים מגולענים  קלמטהIDEAL גרם250,גרמים,250.00,100 גרם,false,1,18.90,0.0756,true,1,67711
7290015039482,false,גבינת אדם פלח 230 גר,וויקה פארמס אל.טי.די,NL,גבינת אדם פלח 230 גרם 24% שומן - הולנד,גרמים,160.00,100 גרם,false,1,24.90,0.1556,true,1,24574
7290015129121,false,סקיני פסטה נודלס270,סצ'ואן סנטאיואן,CN,סקיני פסטה- בצורת אטריות פטוצ'יני 200 גרם,גרמים,270.00,100 גרם,false,1,13.90,0.0515,true,1,19415
7290015129145,false,סקיני פסטה ספגטי270,סצ'ואן סנטאיואן,CN,סקיני פסטה- בצורת אטריות ספגטי 200 גרם,גרמים,270.00,100 גרם,false,1,13.90,0.0515,true,1,19417
7290015129220,false,סקיני פסטה קוסקוס 27,אף.סי תבליני בגליל ב,CN,סקיני פסטה- בצורת פתיתים 200 גרם,גרמים,250.00,100 גרם,false,1,13.90,0.0556,true,1,54484
7290015129251,false,סקיני פסטה אטריות פט,סצ'ואן סנטאיואן,CN,סקיני פסטה- בצורת אטריות פטוצ'יני 200 גרם,גרמים,270.00,100 גרם,false,1,13.90,0.0515,true,1,23605
7290015129312,false,תבשיל מרק בטעם עוף ס,סצ'ואן סנטאיואן,CN,תבשיל מרק בטעם עוף סקיני סופ 234גרם,גרמים,234.00,100 גרם,false,1,20.90,0.0893,true,1,68746
7290015129411,false,מאגדת סקיני צימוקים,סקיניפסטה,IL,מאגדת סקיני צימוקים וחמוציות 375גרם,גרמים,375.00,100 גרם,false,1,28.90,0.0771,true,1,68681
7290015129428,false,מאגדת סקיני אגוזי לו,סקיניפסטה,IL,מאגדת סקיני אגוזי לוז וקינמון 375גרם,גרמים,375.00,100 גרם,false,1,28.90,0.0771,true,1,68682
7290015129435,false,מאגדת סקיני שוקולד 3,סקיניפסטה,IL,מאגדת סקיני שוקולד 375גרם,גרמים,375.00,100 גרם,false,1,28.90,0.0771,true,1,68683
7290015150590,false,תה ירוק גינגר חריף 2,HIQ FOOD PRODUCTS,IL,חדש תה ירוק ג'ינג'ר חריף אש T.T,גרמים,37.00,100 גרם,false,1,26.90,0.7270,true,1,24459
7290015150903,false,תה ירוק קינמון ודבש,HIQ FOOD PRODUCTS,IL,תה ירוק קינמון ודבש T.T,גרמים,38.00,100 גרם,false,1,26.90,0.7079,true,1,26957
7290015155830,false,חטיפטף תפוח עץ  ובננ,פרוטה פודיווין,CZ,"פרינוק חטיפטף מחית תפוח בננה 100% פרי, 120 גרם",גרמים,120.00,100 גרם,false,1,5.90,0.0492,true,1,55225
7290015155847,false,חטיפטף סלט פירות 120,כלורוקס אוקלנד,CZ,"פרינוק חטיפטף מחית סלט פירות 100% פרי, 120 גרם",גרמים,120.00,100 גרם,false,1,5.90,0.0492,true,1,55208
7290015176378,false,מברשת שיניים חשמלית,פוג'יקום,,מברשת שיניים חשמלית סגולה,יחידה,1.00,יחידה,false,1,39.90,39.9000,true,1,25110
7290015178174,false,ממרח פסטו בטעם פרמזן,יוניליוור גרמניה  Gm,IL,פסטו בטעם פרמזן,גרמים,180.00,100 גרם,false,1,13.90,0.0772,true,1,67600
7290015193566,false,אובלטים דקיקים שומשו,אם החיטה,,אובלטים דקיקים שומשום 300 גרם,גרמים,300.00,100 גרם,false,1,14.90,0.0497,true,1,29758
7290015193665,false,קמח מצה מעדני המלך 5,אם החיטה,,קמח מצה מעדני המלך 500 גרם,גרמים,500.00,100 גרם,false,1,7.50,0.0150,true,1,31571
7290015282598,false,חומוס מסעדות 200 גרם,"סלטי שמיר 2006 בע""מ",IL,חומוס מסעדות 200 גרם,גרמים,200.00,100 גרם,false,1,13.90,0.0695,true,1,29820
7290015282642,false,חומוס אבו גוש 200 גר,"סלטי שמיר 2006 בע""מ",IL,חומוס אבו גוש 200 גרם,גרמים,200.00,100 גרם,false,1,13.90,0.0695,true,1,29856
7290015282734,false,מטבוחה ביתית 200 גר,"סלטי שמיר 2006 בע""מ",IL,מטבוחה ביתית-גורמה,גרמים,200.00,100 גרם,false,1,14.90,0.0745,true,1,30213
7290015289016,false,בירה הרצל דולצה דה ע,ג'נרל מילס סאן אדריא,IL,בירה הרצל דולצה דה עסל 330 מל,מיליליטרים,330.00,"100 מ""ל",false,1,14.90,0.0452,true,1,37865
7290015289054,false,בירה הרצל לבנה 330 מ,ג'נרל מילס סאן אדריא,IL,בירה הרצל לבנה 330 מל,מיליליטרים,330.00,"100 מ""ל",false,1,14.90,0.0452,true,1,37868
7290015299992,false,רצועות אירובי,,,רצועות אירובי,יחידה,1.00,יחידה,false,1,14.90,14.9000,true,1,60786
7290015324007,false,פלפל שחור גרוס,תות ממתקי איכות,IL,"תבליני טעם וריח, 100% פלפל שחור גרוס, 80 גרם",גרמים,80.00,100 גרם,false,1,11.90,0.1488,true,1,18388
7290015324014,false,פלפל שחור טחון 80 גר,תות ממתקי איכות,IL,"תבליני טעם וריח, 100% פלפל שחור טחון, 80 גרם",גרמים,80.00,100 גרם,false,1,11.90,0.1488,true,1,18389
7290015324038,false,פפריקה בשמן 80 גרם,תות ממתקי איכות,IL,פפריקה בשמן 80 גרם,גרמים,80.00,100 גרם,false,1,5.90,0.0738,true,1,18390
7290015324045,false,פפריקה חריפה 80 גרם,תות ממתקי איכות,IL,"תבליני טעם וריח, 100% פפריקה חריפה, 80 גרם",גרמים,80.00,100 גרם,false,1,5.90,0.0738,true,1,18391
7290015324052,false,פפריקה מתוקה 80 גרם,תות ממתקי איכות,IL,"תבליני טעם וריח, 100% פפריקה מתוקה, 80 גרם",גרמים,80.00,100 גרם,false,1,5.90,0.0738,true,1,18392
7290015324069,false,גריל עוף טעם וריח 80,תות ממתקי איכות,IL,"תבליני טעם וריח, תערובת תיבול גריל עוף, 80 גרם",גרמים,80.00,100 גרם,false,1,5.90,0.0738,true,1,18393
7290015324076,false,זעתר 80 גרם,תות ממתקי איכות,IL,"תבליני טעם וריח, תערובת תיבול זעתר, 80 גרם",גרמים,80.00,100 גרם,false,1,5.90,0.0738,true,1,18438
7290015324083,false,מלח לימון טעם וריח 8,תות ממתקי איכות,IL,"תבליני טעם וריח, 100% מלח לימון, 80 גרם",גרמים,80.00,100 גרם,false,1,5.90,0.0738,true,1,18394
7290015324090,false,כמון 80 גרם,תות ממתקי איכות,IL,"תבליני טעם וריח, 100% כמון מזרחי, 80 גרם",גרמים,80.00,100 גרם,false,1,5.90,0.0738,true,1,18395
7290015324106,false,כורכום 80 גרם,תות ממתקי איכות,IL,"תבליני טעם וריח, 100% כורכום, 80 גרם",גרמים,80.00,100 גרם,false,1,5.90,0.0738,true,1,18396
7290015324113,false,בהרט,תות ממתקי איכות,IL,"תבליני טעם וריח, תערובת תיבול בהרט לבישול, 80 גרם",גרמים,80.00,100 גרם,false,1,5.90,0.0738,true,1,18397
7290015324120,false,שום גבישי,תות ממתקי איכות,IL,תבליני טעם וריח שום גבישי 80 גרם,גרמים,80.00,100 גרם,false,1,5.90,0.0738,true,1,18398
7290015324151,false,חוויאג למרק 80 גרם,תות ממתקי איכות,IL,חוויאג למרק 80 גרם,גרמים,80.00,100 גרם,false,1,5.90,0.0738,true,1,18399
7290015324168,false,תערובת תיבול על האש,תות ממתקי איכות,IL,"תבליני טעם וריח, תערובת תיבול על האש, 80 גרם",גרמים,80.00,100 גרם,false,1,5.90,0.0738,true,1,18400
7290015324175,false,תבלין שווארמה,יוליניבר,IL,תבליני טעם וריח תערובת תיבול לשווארמה 80 גרם,גרמים,0.00,100 גרם,false,1,5.90,0.0000,true,1,18401
7290015324427,false,סודה לשתייה שקית 80,תבליני טעם וריח,IL,סודה לשתייה שקית 80 גרם,גרמים,80.00,100 גרם,false,1,4.90,0.0613,true,1,50131
7290015324519,false,תערובת לפיצה שקית 80,יוליניבר,IL,תערובת תיבול לפיצה 80 גרם,גרמים,80.00,100 גרם,false,1,5.90,0.0738,true,1,56960
7290015324533,false,רוזמרין מיכל גדול 55,יוליניבר,IL,תבליני טעם וריח רוזמרין 55 גרם,גרמים,55.00,100 גרם,false,1,10.90,0.1982,true,1,56962
7290015324540,false,טימין  מיכל גדול 30,יוליניבר,IL,תבליני טעם וריח טימין (קורנית) 30 גרם,גרמים,30.00,100 גרם,false,1,10.90,0.3633,true,1,56964
7290015324557,false,בהרט לבישול מיכל גדו,,,בהרט לבישול מיכל גדו,גרמים,0.00,100 גרם,false,1,10.90,0.0000,true,1,56965
7290015324564,false,כוסברה טחונה מיכל גד,יוליניבר,IL,תבליני טעם וריח כוסברה טחונה 70 גרם,גרמים,70.00,100 גרם,false,1,10.90,0.1557,true,1,56963
7290015324588,false,פלפל לבן 100 גר,תות ממתקי איכות,IL,"תבליני טעם וריח מיכל פלפל לבן טחון 100% , 100 גרם",גרמים,100.00,100 גרם,false,1,14.90,0.1490,true,1,60082
7290015324656,false,זעפרן 500 גרם,תבליני טעם וריח,ES,תבליני טעם וריח זעפרן 0.5 גרם,גרמים,500.00,100 גרם,false,1,19.90,0.0398,true,1,68004
7290015324663,false,צילי גרוס חריף אש במ,תבליני טעם וריח,IL,תבליני טעם וריח צ'ילי גרוס חריף אש 70 גרם,גרמים,70.00,100 גרם,false,1,10.90,0.1557,true,1,67684
7290015335607,false,מעדן BIO בטעם טבעי,טרופיקל דגיל תעשיות,IL,יוגונאט - מעדן BIO בטעם טבעי,גרמים,150.00,100 גרם,false,1,7.90,0.0527,true,1,57267
7290015335614,false,מעדן BIO עם תות  150,טרופיקל דגיל תעשיות,IL,יוגונאט - מעדן BIO עם תות,גרמים,150.00,100 גרם,false,1,7.90,0.0527,true,1,57268
7290015335621,false,מעדן BIO עם פירות יע,טרופיקל דגיל תעשיות,IL,יוגונאט - מעדן BIO עם פירות יער,גרמים,150.00,100 גרם,false,1,7.90,0.0527,true,1,57270
7290015335638,false,מעדן BIO עם דובדבן,טרופיקל דגיל תעשיות,IL,יוגונאט - מעדן BIO עם דובדבן,גרמים,150.00,100 גרם,false,1,7.90,0.0527,true,1,57269
7290015335645,false,מעדן BIO עם מנגו ומל,טרופיקל דגיל תעשיות,IL,יוגונאט - מעדן BIO עם מנגו ומלון,גרמים,150.00,100 גרם,false,1,7.90,0.0527,true,1,57271
7290015341202,false,עוגיות אקלר 300 גרם,,IL,עוגיות אקלר 300 גרם כשלפ,גרמים,300.00,100 גרם,false,1,14.90,0.0497,true,1,59686
7290015350150,false,יין של סגל אדום חצי,פארייפאבה אגרואינדוס,IL,של סגל אדום חצי יבש,מיליליטרים,750.00,"100 מ""ל",false,1,22.90,0.0305,true,1,60510
7290015366663,false,משחת שיניים מנטה עדי,DE MICLEN,SK,"משחת שיניים מנטה עדין אקווה פרש 100 מ""ל",מיליליטרים,100.00,"100 מ""ל",false,1,6.90,0.0690,true,1,25928
7290015366670,false,משחת שיניים אקווה פר,DE MICLEN,SK,אקווה פרש משחת שיניים מנטה מרענן  100 מל,מיליליטרים,100.00,"100 מ""ל",false,1,6.90,0.0690,true,1,25840
7290015395939,false,חטיף יפני  150גרם,דין שיווק,IL,חטיף יפני  150גרם,גרמים,150.00,100 גרם,false,1,16.90,0.1127,true,1,69166
7290015446488,false,אול אין חטיף חלבון ו,,,אול אין חטיף חלבון וסיבים חמאת בוטנים,גרמים,60.00,100 גרם,false,1,14.90,0.2483,true,1,48371
7290015446495,false,אול אין חטיף חלבון ב,,,אול אין חטיף חלבון בטעם שוקולד פאדג100גר,גרמים,100.00,100 גרם,false,1,19.90,0.1990,true,1,48370
7290015446525,false,חטיף אול אין חלבון ק,,,חטיף אול אין חלבון קרמל מלוח100 גרם,גרמים,100.00,100 גרם,false,1,18.90,0.1890,true,1,48455
7290015519137,false,מטען קיר מקורי סמסונ,,,מטען קיר מקורי סמסונ,לא מנהל יחידת מידה,0.00,לא מנהל יחידת מידה,false,1,99.90,0.0000,true,1,68551
7290015519144,false,מטען קיר לגלקסי פרימ,,,מטען קיר לגלקסי פרימיום 2A,יחידה,1.00,יחידה,false,1,49.90,49.9000,true,1,57855
7290015597326,false,מאגדת קרחוני שרבט אי,,IL,מאגדת קרחוני שרבט אייס לייט בטעמים 710 ג,גרמים,710.00,100 גרם,false,1,27.90,0.0393,true,1,25002
7290015597937,false,קורנטו קלאסיק,שטראוס גלידות,,קורנטו קלאסיק,גרמים,70.00,100 גרם,false,1,9.90,0.1414,true,1,32145
7290015603522,false,נוזל אגוזי קוקוס 5-7,נוזל אגוזי קוקוס 5-7,TH,"נוזל אגוזי קוקוס 5-7% 400 מ""ל",מיליליטרים,400.00,"100 מ""ל",false,1,7.90,0.0198,true,1,70968
7290015603560,false,שימורי קרם קוקוס 20-,Oriental food co. lt,TH,"שימורי קרם קוקוס 20-22% 400 מ""ל",מיליליטרים,400.00,"100 מ""ל",false,1,10.90,0.0273,true,1,70286
7290015603584,false,גינגר לבן כבוש ללא מ,HYPER SUN TRADING LT,TW,גינגר לבן כבוש ללא מונוסודיום 160 גרם,גרמים,160.00,100 גרם,false,1,8.90,0.0556,true,1,70289
7290015603591,false,גינגר ורוד כבוש ללא,Oriental food co. lt,TH,גינגר ורוד כבוש ללא מונוסודיום 160 גרם,גרמים,160.00,100 גרם,false,1,8.90,0.0556,true,1,70290
7290015603638,false,"אורז עגול קלרוז 1 ק""",Yantai Yinsida Longk,CN,"אורז עגול קלרוז 1 ק""ג",קילוגרמים,1.00,"ק""ג",false,1,12.90,12.9000,true,1,70963
7290015603898,false,חטיף אפונה מצופה בטע,SUZHOU KUDI,CN,חטיף אפונה מצופה בטעם וואסבי 100 גרם,גרמים,100.00,100 גרם,false,1,10.90,0.1090,true,1,70540
7290015652070,false,קשיו קלוי 150 גרם,דין שיווק,IL,קשיו קלוי 150 גרם,גרמים,150.00,100 גרם,false,1,15.90,0.1060,true,1,69114
7290015652087,false,תערובת פיצוחים 150 ג,דין שיווק,IL,תערובת פיצוחים 150 גרם,גרמים,150.00,100 גרם,false,1,14.90,0.0993,true,1,69115
7290015652605,false,פיסטוק קלוף 100 גרם,"דין שיווק וקליה בע""מ",,פיסטוק קלוף 100 גרם שקדיה,גרמים,100.00,100 גרם,false,1,22.90,0.2290,true,1,25028
7290015673181,false,בורגר על האש קליפורנ,טבע דלי,IL,בורגר על האש קליפורניה עם ברוקולי 400 גר,גרמים,400.00,100 גרם,false,1,26.90,0.0672,true,1,26186
7290015673198,false,המבורגר טקסס עם פטרי,טבע דלי בעמ,IL,טבע דלי טקסס בורגר עבה עם פטריות 400 גרם,גרמים,400.00,100 גרם,false,1,26.90,0.0672,true,1,26171
7290015673204,false,קבב בולגרי עם פטרוזי,טבע דלי בעמ,IL,קבב בולגרי עם פטרוזיליה 400 גרם,גרמים,400.00,100 גרם,false,1,26.90,0.0672,true,1,26172
7290015673587,false,קריספי נגיסי טופו רו,טבע דלי,IL,קריספי נגיסי טופו רוטב אסייתי350 גרם,גרמים,350.00,100 גרם,false,1,26.90,0.0769,true,1,51711
7290015695916,false,מיקס נבטים ענק אורגנ,חקלאי,IL,מיקס נבטים ענק אורגני,גרמים,100.00,100 גרם,false,1,19.90,0.1990,true,1,38003
7290015775014,false,אגוזי פיסטוק קלופים,"גיי אנג גי פקאנס בע""",IL,אגוזי פיסטוק קלופים טבעיים 100 גר,יחידה,1.00,יחידה,false,1,23.90,23.9000,true,1,25781
7290015775922,false,שקד גרוס מולבן  הטיב,פיצוחי הטיב,IL,שקד גרוס מולבן  הטיב 200 גרם,גרמים,200.00,100 גרם,false,1,10.90,0.0545,true,1,51994
7290015833127,false,טונה סקיפגק - רביעיי,,VN,טונה סקיפגק - רביעייה,גרמים,140.00,100 גרם,false,1,19.90,0.1421,true,1,68691
7290015839006,false,פרסבורג תפוח עץ נתי,נתי שטרודל וינאי בעמ,IL,פרסבורג תפוח עץ נתי קפוא 500גרם,גרמים,500.00,100 גרם,false,1,27.90,0.0558,true,1,55415
7290015839013,false,פרסבורג גבינה נתי קפ,נתי שטרודל וינאי בעמ,IL,שטרודל גבינה במארז500,גרמים,500.00,100 גרם,false,1,27.90,0.0558,true,1,55427
7290015839051,false,"שטרודל תפוח עץ לל""ס",נתי שטרודל וינאי בעמ,IL,"שטרודל תפוח עץ לל""ס במארז500",גרמים,500.00,100 גרם,false,1,27.90,0.0558,true,1,68485
7290015848909,false,אולטרסול תחליב קידס,פישר מעבדות פרמצבטיו,IL,אולטרסול תחליב קידס 30/250,לא מנהל יחידת מידה,0.00,לא מנהל יחידת מידה,false,1,44.90,0.0000,true,1,52419
7290015848978,false,אולטרסול 35 קרם פנים,הדקלאים אגודת שיתופי,IL,"אולטרסול 35 קרם פנים מבוגרים 75 מ""ל",מיליליטרים,75.00,"100 מ""ל",false,1,39.90,0.5320,true,1,26404
7290015856706,false,חטיף אפונה אפויה טבע,אפיפית נצרת (1971) ב,IL,חטיף אפונה בטעם טבעי,גרמים,50.00,100 גרם,false,1,6.50,0.1300,true,1,60425
7290015856720,false,חטיף אפונה אפויה עם,אפיפית נצרת (1971) ב,IL,חטיף אפונה בטעם זעתר,גרמים,50.00,100 גרם,false,1,6.50,0.1300,true,1,60426
7290015858106,false,ממרח פסטו ביתי 180 ג,"מדשא תעשיות מזון בע""",IL,עללחם פסטו ביתי 100 גרם,גרמים,180.00,100 גרם,false,1,19.90,0.1106,true,1,31446
7290015858113,false,ממרח עגבניות מיובשות,"מדשא תעשיות מזון בע""",IL,"עללחם ממרח עגבניות מיובשות, 180 גרם",גרמים,180.00,100 גרם,false,1,19.90,0.1106,true,1,31447
7290015858144,false,ממרח ארטישוק 180 גרם,זאביק יצור ושיווק מז,,ממרח ארטישוק 180 גרם עללחם,גרמים,180.00,100 גרם,false,1,19.90,0.1106,true,1,31448
7290015858229,false,טפנד זיתי קלמטה 180ג,"מדשא תעשיות מזון בע""",IL,עללחם טפנד זיתי קלמטה 180 גרם,גרמים,180.00,100 גרם,false,1,19.90,0.1106,true,1,38054
7290015951227,false,יין גמלא סירה 750 מל,יקבי רמת הגולן,IL,יין גמלא סירה 750 מל,מיליליטרים,750.00,"100 מ""ל",false,1,79.90,0.1065,true,1,67467
7290015951869,false,יין הר חרמון רוזה 75,קרלו,IL,הר חרמון רוזה,מיליליטרים,750.00,"100 מ""ל",false,1,44.90,0.0599,true,1,42820
7290015951890,false,יין הר חרמון קברנה ס,"כד בני דרום בע""מ",IL,"יין הר חרמון קברנה סובניון 750 מ""ל",מיליליטרים,750.00,"100 מ""ל",false,1,44.90,0.0599,true,1,47542
7290015968089,false,צלחות פלסטיק עבות במ,F.T.I,,צלחות פלסטיק עבות במיוחד 25 יחידות 17 סמ,לא מנהל יחידת מידה,0.00,לא מנהל יחידת מידה,false,1,9.90,0.0000,true,1,30320
7290015968331,false,נורת לד 6W לבן,F.E.CO.LTD,,נורת לד 6W לבן,לא מנהל יחידת מידה,0.00,לא מנהל יחידת מידה,false,1,19.90,0.0000,true,1,28791
7290015968379,false,נורת לד 5.5W כדור לב,F.E.CO.LTD,,נורת לד 5.5W כדור לבן הברגה,לא מנהל יחידת מידה,0.00,לא מנהל יחידת מידה,false,1,19.90,0.0000,true,1,28795
7290015968454,false,צלחות פלסטיק גדולות,"אינסטנטה בע""מ",GR,הוסטס צלחות גדולות עבות במיוחד 1קג,לא מנהל יחידת מידה,0.00,לא מנהל יחידת מידה,false,1,49.90,0.0000,true,1,30314
7290015968461,false,כוסות פלסטיק משובחות,F.T.I,,"כוסות פלסטיק משובחות 330 מ""ל 40 יחי",לא מנהל יחידת מידה,0.00,לא מנהל יחידת מידה,false,1,10.90,0.0000,true,1,30315
7290015968508,false,"כוסות 180 מ""ל פלסטיק",,TR,"כוסות 180 מ""ל פלסטיק לשתיה קרה",יחידה,1.00,יחידה,false,1,9.90,9.9000,true,1,59500
7290015968645,false,כפות חד פעמי מוכסף מ,J.E&W.Inc,,כפות חד פעמי מוכסף מהודר 20 יחידות,לא מנהל יחידת מידה,0.00,לא מנהל יחידת מידה,false,1,9.90,0.0000,true,1,30752
7290015968713,false,צלחת קריסטל מעוטרת ב,J.E&W.Inc,,צלחת קריסטל מעוטרת בינונית 10 יח,לא מנהל יחידת מידה,0.00,לא מנהל יחידת מידה,false,1,15.90,0.0000,true,1,30743
7290015968720,false,צלחת קריסטל מעוטרת ג,J.E&W.Inc,,צלחת קריסטל מעוטרת גדולה 10 יח,לא מנהל יחידת מידה,0.00,לא מנהל יחידת מידה,false,1,26.90,0.0000,true,1,30744
7290015968744,false,צלחת מרק קריסטל מעוט,J.E&W.Inc,,צלחת מרק קריסטל מעוטרת 10 יח,לא מנהל יחידת מידה,0.00,לא מנהל יחידת מידה,false,1,25.90,0.0000,true,1,30745
7290016006025,false,סודה שוופס בקבוק 500,יפאורה תבורי בעמ,IL,שוופס מי סודה 0.5 ליטר,מיליליטרים,500.00,"100 מ""ל",false,1,4.50,0.0090,true,1,29109
7290016006322,false,מי עדן בקבוק 1 ליטר,מופק ממקור בזלתי עדן,IL,מי עדן בקבוק 1 ליטר,ליטרים,1.00,ליטר,false,1,6.90,6.9000,true,1,29033
7290016006346,false,סודה שוופס מארז שישי,יפאורה תבורי בעמ,IL,שוופס סודה 0.5 ליטר שישייה,ליטרים,3.00,ליטר,false,1,16.50,5.5000,true,1,28968
7290016006377,false,שוופס מוגז פירות תות,יפאורה תבורי בעמ,IL,"שוופס מוגז פירות תות ליים 330 מ""ל זכוכית",מיליליטרים,330.00,"100 מ""ל",false,1,6.90,0.0209,true,1,28972
7290016035025,false,לחם פשתן פרוס מזרעי,מאפיית ביכורים,IL,לחם פשתן,גרמים,450.00,100 גרם,false,1,22.90,0.0509,true,1,52935
7290016035032,false,לחמניות  המבורגר פשת,דולפין ספא,IL,לחמניות  המבורגר פשתן,יחידה,1.00,יחידה,false,1,22.90,22.9000,true,1,56514
7290016077759,true,רוטב ברביקיו קלאסי,,NL,היינץ רוטב ברביקיו קלאסי 480 גרם,יחידה,1.00,יחידה,false,1,21.90,21.9000,true,1,55310
7290016081619,false,RETRACTABLE - שלט BT,,,RETRACTABLE - שלט BT עם אוזניה - צבע שחו,יחידה,1.00,יחידה,false,1,109.00,109.0000,true,1,57846
7290016094008,false,אולטרסול קרם פנים 50,פישר מעבדות פרמצבטיו,IL,אולטרסול מבוגרים קוליפה קרם פנים 50 SPF 75 מל,לא מנהל יחידת מידה,0.00,לא מנהל יחידת מידה,false,1,32.90,0.0000,true,1,52416
7290016094022,true,אולטרסול 50/200 תרסי,הדקלאים אגודת שיתופי,IL,ספריי שקוף 50 SPF,מיליליטרים,200.00,"100 מ""ל",false,1,44.90,0.2245,true,1,26354
7290016094039,false,אולטרסול 50/200 200,פישר מעבדות פרמצבטיו,IL,ספריי שקוף לילדים 50 SPF,מיליליטרים,200.00,"100 מ""ל",false,1,44.90,0.2245,true,1,29334
7290016094817,false,אולטרסול ספריי שמן ג,פישר מעבדות פרמצבטיו,IL,"ספריי שמן, שמן גזר",מיליליטרים,200.00,"100 מ""ל",false,1,44.90,0.2245,true,1,29192
7290016144024,false,קמח נפלאות כוסמין 10,,,"קמח נפלאות כוסמין 100%  1 ק""ג",קילוגרמים,1.00,"ק""ג",false,1,14.90,14.9000,true,1,70889
7290016144048,false,קמח נפלאות כוסמין לב,,,"קמח נפלאות כוסמין לבן  1 ק""ג",קילוגרמים,1.00,"ק""ג",false,1,16.90,16.9000,true,1,70890
7290016162264,false,עוגת גבינה רנסנס 450,,IL,עוגת גבינה רנסנס 450 גרם,גרמים,450.00,100 גרם,false,1,39.90,0.0887,true,1,70641
7290016188592,false,למברוסקו גקובזי אדום,"כד בני דרום בע""מ",IT,למברוסקו גקובזי אדום,יחידה,1.00,יחידה,false,1,43.90,43.9000,true,1,25071
7290016197488,false,מטלית קסם לשיש מארז,UFO INC,CN,מטליות מיקרופייבר משטחים,לא מנהל יחידת מידה,0.00,לא מנהל יחידת מידה,false,1,19.90,0.0000,true,1,26920
7290016197495,false,מטליות מיקרופייבר לר,UFO INC,CN,מטליות מיקרופייבר רצפה,לא מנהל יחידת מידה,0.00,לא מנהל יחידת מידה,false,1,24.90,0.0000,true,1,26921
7290016217735,false,חציל אש 200,"סלטי שמיר 2006 בע""מ",IL,חציל אש 200,גרמים,200.00,100 גרם,false,1,13.90,0.0695,true,1,29850
7290016230888,false,סוללה 3V 5 יחידות,,,סוללה 3V 5 יחידות,יחידה,1.00,יחידה,false,1,21.90,21.9000,true,1,42367
7290016245615,false,לחם שיפון 100% עם אג,מאפיית טעמי הכפר 201,,לחם שיפון 100% עם אגוזים מצופה גרעינים,גרמים,900.00,100 גרם,false,1,20.90,0.0232,true,1,71219
7290016245653,false,לחם שיפון מלא חצי קס,מאפיית טעמי הכפר 201,,לחם שיפון מלא חצי קסטן,גרמים,600.00,100 גרם,false,1,18.90,0.0315,true,1,67459
7290016245707,false,לחם 7 דגנים 600 גרם,מאפיית טעמי הכפר 201,,לחם 7 דגנים 600 גרם,גרמים,600.00,100 גרם,false,1,13.90,0.0232,true,1,67458
7290016245769,true,לחם כוסמין מחמצת בתו,,,לחם כוסמין מחמצת בתוספת פשתן,לא מנהל יחידת מידה,0.00,לא מנהל יחידת מידה,false,1,18.90,0.0000,true,1,67460
7290016245806,false,לחמניות המבורגר 4 יח,,,מארז לחמניות המבורגר,יחידה,1.00,יחידה,false,1,16.90,16.9000,true,1,67461
7290016246025,false,חלבה ללס  פנוקיות בא,רושדי תעשיות מזון בע,IL,בארכה פנוקיות חלבה ללא סוכר כלפ.9 10*20ג,גרמים,200.00,100 גרם,false,1,14.90,0.0745,true,1,38172
7290016246445,true,טחינה גולמית מעודנ,רושדי תעשיות מזון בע,IL,בארכה טחנ.גולמית מעודנת שמשם.מלא12*310ג,גרמים,310.00,100 גרם,false,1,14.50,0.0468,true,1,50059
7290016246773,false,בארכה טחינה גולמית מ,רושדי תעשיות מזון בע,IL,בארכה טחינה גולמית מעודנת זעתר310גרם,גרמים,310.00,100 גרם,false,1,14.50,0.0468,true,1,67574
7290016270709,false,שרי קלמר ארוז יח,חקלאי,IL,שרי קלמר ארוז יח,גרמים,460.00,100 גרם,false,1,12.90,0.0280,true,1,27944
7290016273090,false,סוכריה על מקל 31 גרם,אוריגינל גורמה,US,סוכריה על מקל 31 גרם,גרמים,31.00,100 גרם,false,1,6.90,0.2226,true,1,71533
7290016319309,false,פמילי אלסבון נוזלי מ,הנסיך- מפעל לייצור ט,TR,אל סבון מאסק קלאסי,ליטרים,1.00,ליטר,false,1,15.90,15.9000,true,1,28073
7290016321555,false,רצועות שעווה מוכנות,VIOKOX,ES,מגע הדבש רצועות שעווה 16+4 ביקיני ובית שחי,יחידה,1.00,יחידה,false,1,31.90,31.9000,true,1,60291
7290016321678,false,מגבונים פרש וואנס רב,המאפיה של הרמן,IL,פרש וואנס רביעייה נטורל NATURAL קייר,לא מנהל יחידת מידה,0.00,לא מנהל יחידת מידה,false,4,21.90,0.0000,true,1,53869
7290016321722,false,מגבונים פרש וואנס בו,על בד,,מגבונים פרש וואנס בודד נטורל קאר 64,לא מנהל יחידת מידה,0.00,לא מנהל יחידת מידה,false,1,6.90,0.0000,true,1,53872
7290016321883,false,פרשואנס נייר טואלט מ,המאפיה של הרמן,IL,פרשוואנס נייר טואלט מתכלה לילדים -מארז שלישייה,יחידה,1.00,יחידה,false,1,17.90,17.9000,true,1,54652
7290016321890,false,פרשואנס נייר טואלט מ,המאפיה של הרמן,IL,פרשוואנס נייר טואלט מתכלה לילדים -מארז שלישייה,יחידה,1.00,יחידה,false,1,17.90,17.9000,true,1,54651
7290016372373,true,רסק עגבניות בלה איטל,שוורצקוף& הנקל דיסלד,IT,בלה איטליה רסק עגבניות 280 גרם,גרמים,280.00,100 גרם,false,1,7.90,0.0282,true,1,38297
7290016416015,false,דובוש בטעם ריבת חלב,קפולסקי א.ד.ל,,"דובוש בטעם ריבת חלב 400 גרם כשל""פ",גרמים,400.00,100 גרם,false,1,42.90,0.1072,true,1,70644
7290016416039,false,עוגת פס בטעם שוקולד,קפולסקי א.ד.ל,,"עוגת פס בטעם שוקולד מצופה 400 גרם כשל""פ",גרמים,400.00,100 גרם,false,1,42.90,0.1072,true,1,70645
7290016505009,false,שוקולד פנדה  טבעי קר,"מדשא תעשיות מזון בע""",IL,שוקולד פנדה  טבעי קרם בוטנים 100 גרם,גרמים,100.00,100 גרם,false,1,21.90,0.2190,true,1,47695
7290016505016,false,שוקולד פנדה  טבעי קל,"מדשא תעשיות מזון בע""",IL,שוקולד פנדה  טבעי קלאסי  100 גרם,גרמים,100.00,100 גרם,false,1,21.90,0.2190,true,1,47698
7290016505023,false,שוקולד פנדה  טבעי נו,"מדשא תעשיות מזון בע""",IL,שוקולד פנדה  טבעי נוגט 100 גרם,גרמים,100.00,100 גרם,false,1,21.90,0.2190,true,1,47696
7290016505047,false,שוקולד פנדה  טבעי קר,"מדשא תעשיות מזון בע""",IL,שוקולד פנדה  טבעי קרמלח 100 גרם,גרמים,100.00,100 גרם,false,1,21.90,0.2190,true,1,47697
7290016505085,false,חטיף פנדה נוגט פצפוצ,"מדשא תעשיות מזון בע""",,חטיף פנדה נוגט פצפוצי אורז,גרמים,45.00,100 גרם,false,1,9.90,0.2200,true,1,48251
7290016509809,true,פרסיל גל קולור 2.5 ל,"הנקל סוד בע""מ",IL,ג'ל מרוכז לכביסה במכונה - צבעונית,ליטרים,2.50,ליטר,false,1,35.90,14.3600,true,1,48258
7290016509823,true,פרסיל גל בלו 2.5 ליט,"הנקל סוד בע""מ",IL,ג'ל מרוכז לכביסה במכונה - לבנה וצבעונית,ליטרים,2.50,ליטר,false,1,35.90,14.3600,true,1,48259
7290016523447,false,אטריות ביצים 300 גרם,פוג'יאן לונגהי אנליד,CN,אטריות ביצים 300 גרם,גרמים,300.00,100 גרם,false,1,6.90,0.0230,true,1,30909
7290016545029,false,בירה בירבזאר בינדי ב,מבשלת הארץ (בירבזאר),IL,"בירה בירבזאר בינדי בקבוק 330 מ""ל",מיליליטרים,330.00,"100 מ""ל",false,1,15.90,0.0482,true,1,69771
7290016545050,false,בירה בירבזאר עשר בקב,מבשלת הארץ (בירבזאר),IL,"בירה בירבזאר עשר בקבוק 330 מ""ל",מיליליטרים,330.00,"100 מ""ל",false,1,15.90,0.0482,true,1,69770
7290016545067,false,בירה בירבזאר וויטני,מבשלת הארץ (בירבזאר),IL,"בירה בירבזאר וויטני בקבוק 330 מ""ל",מיליליטרים,330.00,"100 מ""ל",false,1,15.90,0.0482,true,1,69766
7290016584004,false,חטיפוני גזר 130 גרם,חקלאי,IL,חטיפוני גזר 130 גרם,גרמים,130.00,100 גרם,false,1,7.90,0.0608,true,1,27086
7290016584011,false,חטיפוני גזר 350 גרם,חקלאי,IL,חטיפוני גזר 350 גרם,גרמים,350.00,100 גרם,false,1,14.90,0.0426,true,1,27084
7290016663174,false,עוגיות גרעינים בוטני,מורנינג פוד,IL,עוגיות גרעינים בוטנים חמוציות 200 גר,גרמים,200.00,100 גרם,false,1,22.90,0.1145,true,1,70600
7290016663297,false,עוגיות גרעינים חמוצי,מורנינג פוד,IL,עוגיות גרעינים חמוציות שוקולד 200 גר -פסח,גרמים,200.00,100 גרם,false,1,22.90,0.1145,true,1,70601
7290016663426,false,עוגיות שומשום שוקולד,מורנינג פוד,IL,עוגיות שומשום שוקולד 200 גר - פסח,גרמים,200.00,100 גרם,false,1,22.90,0.1145,true,1,70602
7290016682038,false,מיץ תפוזים פריניב 40,פריניב,IL,"מיץ תפוזים פריניב 400 מ""ל",מיליליטרים,400.00,"100 מ""ל",false,1,11.90,0.0298,true,1,28799
7290016682083,false,מיץ תות בננה פריניב,פריניב,,"מיץ תות בננה פריניב 400 מ""ל",מיליליטרים,400.00,"100 מ""ל",false,1,11.90,0.0298,true,1,28800
7290016682335,false,מיץ תפוזים פריניב 2,פריניב,IL,מיץ תפוזים פריניב 2 ליטר,ליטרים,2.00,ליטר,false,1,29.90,14.9500,true,1,69795
7290016682342,false,תפוז וולנסיה סחוט 10,פריניב,IL,תפוז וולנסיה סחוט 100% 2 ליטר,ליטרים,2.00,ליטר,false,1,29.90,14.9500,true,1,69796
7290016682366,false,מיץ תפוח צלול 2 ליטר,פריניב,IL,מיץ תפוח צלול 2 ליטר,ליטרים,2.00,ליטר,false,1,29.90,14.9500,true,1,70009
7290016717099,false,יין סלקטד אדום חצי י,"כד בני דרום בע""מ",IL,כרמל סלקטד אדום חצי יבש 2018 750 מל,מיליליטרים,750.00,"100 מ""ל",false,1,29.90,0.0399,true,1,32419
7290016717631,false,יין מוסקטו P.C,אגודת הכורמים הקואופ,IL,יקבי כרמל פרייבט קולקשן מוסקטו 2017 750 מל,מיליליטרים,750.00,"100 מ""ל",false,1,47.90,0.0639,true,1,51323
7290016717754,false,"יין ישן נושן 750 מ""ל",אגודת הכורמים הקואופ,IL,כרמל יין ישן נושן יין אדום ממותק 750 מל,מיליליטרים,750.00,"100 מ""ל",false,1,23.90,0.0319,true,1,47059
7290016823004,false,בזיליקום ארוז יח,חקלאי,IL,בזיליקום ארוז יח,גרמים,30.00,100 גרם,false,1,5.90,0.1967,true,1,29113
7290016823028,false,עירית ארוז יח,חקלאי,IL,עירית ארוז יח,גרמים,30.00,100 גרם,false,1,5.90,0.1967,true,1,29115
7290016823059,false,טימין קורנית ארוז יח,חקלאי,IL,טימין קורנית ארוז יח,גרמים,30.00,100 גרם,false,1,5.90,0.1967,true,1,29116
7290016823066,false,רוזמרין ארוז יח,חקלאי,IL,רוזמרין ארוז יח,גרמים,30.00,100 גרם,false,1,5.90,0.1967,true,1,29117
7290016823257,false,חסה סלנובה,כרמל יבולים,IL,חסה סלנובה,גרמים,300.00,100 גרם,false,1,13.90,0.0463,true,1,29281
7290016823349,false,סלק מקולף בוואקום לי,חקלאי,IL,סלק מקולף בוואקום ליח,גרמים,500.00,100 גרם,false,1,7.90,0.0158,true,1,31047
7290016823448,false,ברוקולי ארוז יח,יריב חג'בי,IL,ברוקולי ארוז יח,גרמים,350.00,100 גרם,false,1,12.90,0.0369,true,1,32026
7290016823523,false,צנונית ארוזה יח,חקלאי,IL,צנונית ארוזה יח,גרמים,500.00,100 גרם,false,1,6.00,0.0120,true,1,31048
7290016866650,false,משחת פרודונטקס אוריג,DE MICLEN,SK,"פרודונטקס משחת שיניים אוריג'ינל 75 מ""ל",מיליליטרים,75.00,"100 מ""ל",false,1,29.90,0.3987,true,1,48301
7290016866667,false,משחת פרודונטקס פלאור,DE MICLEN,SK,"פרודונטקס משחת שיניים ללא פלאוריד 75 מ""ל",מיליליטרים,75.00,"100 מ""ל",false,1,29.90,0.3987,true,1,48302
7290016967074,false,לחם אנגל חיטה מלאה 7,"איטיליאן פוד, אס.פי.",IL,לחם אנגל חיטה מלאה 750 גרם,גרמים,750.00,100 גרם,false,1,16.90,0.0225,true,1,28663
7290017023526,true,"שוופס מוגז פירות לל""",יפאורה תבורי בעמ,IL,"שוופס מוגז פירות לל""ס תפוח 330 מ""ל",מיליליטרים,330.00,"100 מ""ל",false,1,6.90,0.0209,true,1,47110
7290017065007,false,גבינה מוצרלה פרוסה ג,מחלבות גד בעמ,IL,גבינה מוצרלה פרוסה גד 150 גרם,גרמים,150.00,100 גרם,false,1,20.90,0.1393,true,1,29580
7290017065137,false,גבינה ריקוטה למריחה,האי נאם סי או אל.טי.,IL,גד ריקוטה למריחה 5% שומן 200 גרם,גרמים,200.00,100 גרם,false,1,10.90,0.0545,true,1,31511
7290017065144,false,גבינה ריקוטה למריחה,האי נאם סי או אל.טי.,IL,"גד ריקוטה למריחה, בזיליקום 5% שומן 200 גרם",גרמים,200.00,100 גרם,false,1,10.90,0.0545,true,1,31513
7290017065168,false,גבינה כחולה גד 100 ג,St Clemens,DK,גבינה כחולה 30% שומן,גרמים,100.00,100 גרם,false,1,18.90,0.1890,true,1,32573
7290017065175,false,מנצגו פרוס150 גרם גד,הנסיך- מפעל לייצור ט,ES,מנצגו פרוס150 גרם גד,גרמים,150.00,100 גרם,false,1,24.90,0.1660,true,1,32583
7290017065212,false,גבינת  קרם מסקרפונה,קרלו,IL,גבינת  קרם מסקרפונה 250 גרם גד,גרמים,250.00,100 גרם,false,1,22.90,0.0916,true,1,32774
7290017065236,false,גבינה בולגרית מעודנת,הנסיך- מפעל לייצור ט,IL,בולגרית מעודנת 24%,גרמים,250.00,100 גרם,false,1,28.90,0.1156,true,1,32584
7290017065380,false,גרנה פדנו שבבים 100,מחלבת גד,IT,גרנה פדנו שבבים 100 גרם גד,גרמים,100.00,100 גרם,false,1,14.90,0.1490,true,1,52631
7290017065434,false,פרוסות גאודה הולנדית,יוליניבר,NL,גד פרוסות פרוסות גאודה בקר 200 גרם,גרמים,200.00,100 גרם,false,1,23.90,0.1195,true,1,52938
7290017065441,false,פרוסות גאודה עיזים ה,מחלבות גד,NL,פרוסות גאודה עיזים 200 גרם,גרמים,200.00,100 גרם,false,1,34.90,0.1745,true,1,52939
7290017065526,false,קוואטרו פורמאגי 300ג,יוליניבר,IL,גד קוואטרו פורמאג'י  300 גרם,גרמים,300.00,100 גרם,false,1,30.90,0.1030,true,1,52946
7290017065588,false,יוגורט יווני 10% מחל,מחלבת גד,IL,גד יוגורט יווני 10% שומן,גרמים,600.00,100 גרם,false,1,18.90,0.0315,true,1,59643
7290017065618,false,פקורינו פרוס  מחלבות,הנסיך- מפעל לייצור ט,ES,גבינה חצי קשה פרוסה מחלב כבשים 36% שומן,גרמים,150.00,100 גרם,false,1,23.90,0.1593,true,1,59642
7290017065649,false,קרם פטיסייר מחלבות ג,קרלו,IL,קרם מסקרפונה 38%,גרמים,250.00,100 גרם,false,1,20.90,0.0836,true,1,59640
7290017065663,false,פטה עיזים מעודנת 16%,ג'נרל מילס סאן אדריא,IL,גד בולגרית עיזים מעודנת 16% שומן,גרמים,250.00,100 גרם,false,1,31.90,0.1276,true,1,60945
7290017065670,false,קרם שמנת 5% ניו יורק,פ.פ.ח. שאביט,IL,קרם שמנת 5% ניו יורק עם עירית  200 גרם,גרמים,200.00,100 גרם,false,1,13.90,0.0695,true,1,60946
7290017065694,false,סחלב גד  155 גרם,האי נאם סי או אל.טי.,IL,"ירח מתוק ,מעדן חלב עם אורז 3% , 150 גרם",גרמים,155.00,100 גרם,false,1,6.90,0.0445,true,1,67966
7290017065724,false,רוטב בשמל גד 250גרם,מחלבות גד,IL,רוטב בשמל גד 250גרם,גרמים,250.00,100 גרם,false,1,22.90,0.0916,true,1,68380
7290017065731,false,גבינת שמנת עם כמהין,פ.פ.ח. שאביט,IL,גבינת שמנת עם כמהין 30%  גד   200גרם,גרמים,200.00,100 גרם,false,1,14.90,0.0745,true,1,68381
7290017065762,false,גבינה בסגנון יווני מ,מחלבות גד,IL,גבינה בסגנון יווני מאנורי 30% 100גרם,גרמים,100.00,100 גרם,false,1,14.90,0.1490,true,1,70195
7290017065786,false,גבינת צדר גד 210 גרם,מחלבות גד,IL,גבינת צדר גד 210 גרם,גרמים,210.00,100 גרם,false,1,22.90,0.1090,true,1,69415
7290017065809,false,רוזטה גד 160 גרם,האי נאם סי או אל.טי.,IL,רוזטה גד 160 גרם,גרמים,160.00,100 גרם,false,1,6.90,0.0431,true,1,69416
7290017065847,false,מוס מסקרפונה ושוקולד,מחלבות גד,IL,מוס מסקרפונה ושוקולד גד 250גרם,גרמים,250.00,100 גרם,false,1,21.90,0.0876,true,1,70697
7290017065861,false,רוטב פקורינו ופלפל,מחלבות גד,IL,רוטב פקורינו ופלפל שחור גד 200גרם,גרמים,200.00,100 גרם,false,1,19.90,0.0995,true,1,70699
7290017088242,false,מגבונים בייבי בייסיק,,,מגבונים בייבי בייסיק,לא מנהל יחידת מידה,0.00,לא מנהל יחידת מידה,false,1,5.90,0.0000,true,1,54061
7290017088341,false,מגבון דוחה יתושים אי,DPL קסריה,IL,מגבון דוחה יתושים איי קר 20 יח,יחידה,1.00,יחידה,false,1,20.00,20.0000,true,1,60091
7290017088730,false,אלכו קר 70%אלכוהול ח,DPL,IL,מגבונים היגייניים לידיים  30 יח,לא מנהל יחידת מידה,0.00,לא מנהל יחידת מידה,false,1,13.90,0.0000,true,1,60090
7290017105079,false,שעועית אפויה OZ6 יכי,היינץ צפון אמריקה מק,IL,יכין שעועית לבנה ברוטב עגבניות 200 גרם,גרמים,200.00,100 גרם,false,1,4.90,0.0245,true,1,31677
7290017105086,false,שעועית צילי OZ6 יכין,"זנלכל בע""מ",IL,יכין הקטניה הטובה שעועית צ'ילי 200 גרם,גרמים,200.00,100 גרם,false,1,4.90,0.0245,true,1,31678
7290017105116,false,תורמוס OZ6 יכין 200,"זנלכל בע""מ",IL,יכין הקטניה הטובה תורמוס 200 גרם,גרמים,200.00,100 גרם,false,1,4.90,0.0245,true,1,31679
7290017105895,false,גרגרי חומוס מסעדות י,זנלכל,IL,גרגרי חומוס להכנת חומוס משובח,גרמים,550.00,100 גרם,false,1,9.90,0.0180,true,1,60980
7290017106069,false,סלק קוביות 2A יכין 5,זנלכל,IL,סלק קוביות 2A יכין 550גרם,גרמים,550.00,100 גרם,false,1,9.90,0.0180,true,1,59378
7290017121093,false,ממרח אריסה חריפה בפי,"מדשא תעשיות מזון בע""",IL,עללחם בפיתה אריסה חריפה 250 גרם,גרמים,250.00,100 גרם,false,1,15.90,0.0636,true,1,32464
7290017142159,false,מארז שלישייה טונה בה,יוניקורד ח.צ בעמ,TH,נתחי טונה בהירה בשמן זית 80*3 גרם עץ-הזית,גרמים,240.00,100 גרם,false,1,23.90,0.0996,true,1,42318
7290017142166,false,פילה טונה פרוס שמן ז,יוניקורד ח.צ בעמ,TH,עץ הזית פילה פרוס עם שמן זית 120 גרם,גרמים,120.00,100 גרם,false,1,15.90,0.1325,true,1,69757
7290017142401,false,ארוחה אישית קינואה ל,יוניקורד בעמ,TH,קינואה לבנה ואדומה עם טונה 160 גרם,גרמים,160.00,100 גרם,false,1,14.90,0.0931,true,1,67733
7290017142418,false,ארוחה אישית אורז עדש,יוניקורד ח.צ בעמ,TH,אורז ועדשים עם טונה בשמן זית,גרמים,160.00,100 גרם,false,1,14.90,0.0931,true,1,67734
7290017189130,false,WOOPSפנקייקים אמריקא,מנדלז סי.אר. פרודקשן,BE,WOOPSפנקייקים אמריקאיים אפויים 240גרם,גרמים,240.00,100 גרם,false,1,18.90,0.0787,true,1,69949
7290017189253,false,WOOPSקרפ אפוי קפוא 6,מנדלז סי.אר. פרודקשן,BE,WOOPSקרפ אפוי קפוא 600 גרם,גרמים,600.00,100 גרם,false,1,21.90,0.0365,true,1,69946
7290017217000,false,כוסות יהלום משובחות,,,"כוסות יהלום משובחות 240 מ""ל 40 יחי",לא מנהל יחידת מידה,0.00,לא מנהל יחידת מידה,false,1,14.90,0.0000,true,1,31146
7290017266060,false,"וופלים קראנצ לל""ס בט",עלמה,,"וופלים קראנצ לל""ס בטעם שוקולד עלמה 175 ג",גרמים,175.00,100 גרם,false,1,8.50,0.0486,true,1,32062
7290017285894,false,אולטרסול קידס קרם לפ,הדקלאים אגודת שיתופי,IL,קרם פנים לילדים,מיליליטרים,30.00,"100 מ""ל",false,1,29.90,0.9967,true,1,52420
7290017304885,true,לחם שיפון מלא  750 ג,"איטיליאן פוד, אס.פי.",IL,לחם שיפון מלא  750 גרם,גרמים,750.00,100 גרם,false,1,16.90,0.0225,true,1,54117
7290017334448,false,שמן קנולה מזוכך OLEO,א.ד.מ . אנטוורפן,BE,שמן קנולה מזוכך OLEO 1   ליטר,ליטרים,1.00,ליטר,false,1,12.90,12.9000,true,1,67755
7290017334455,false,"אורז פרסי  זיפר 1ק""ג",,TH,"אורז פרסי  זיפר 1ק""ג",קילוגרמים,1.00,"ק""ג",false,1,10.90,10.9000,true,1,69736
7290017334462,false,אורז יסמין  זיפר  1,,TH,"אורז יסמין  זיפר  1 ק""ג",קילוגרמים,1.00,"ק""ג",false,1,11.90,11.9000,true,1,69737
7290017389011,false,שקדיה מנגו מיובש ללא,שקדיה,IL,שקדיה מנגו מיובש ללא סוכר 160 גר קופסא,גרמים,160.00,100 גרם,false,1,21.90,0.1369,true,1,69684
7290017406794,false,אורז בסמטי קינג קראו,פונט סלאם וולנסיה,IN,"אורז בסמטי קינג קראוון 1 ק""ג",קילוגרמים,1.00,"ק""ג",false,1,12.90,12.9000,true,1,70274
7290017457727,false,סוד מרכך כביסה מרוכז,הנקל סוד,IL,סוד מרכך מרוכז Fresh Sky,מיליליטרים,900.00,"100 מ""ל",false,1,14.90,0.0166,true,1,54258
7290017457734,false,סוד מרכך כביסה מרוכז,הנקל סוד,IL,סוד מרכך מרוכז Wild Rose,מיליליטרים,900.00,"100 מ""ל",false,1,14.90,0.0166,true,1,54259
7290017478005,false,מלבי שמנת מתוקינוחים,,,מלבי שמנת מתוקינוחים 100 גרם,גרמים,100.00,100 גרם,false,1,9.90,0.0990,true,1,68339
7290017478043,false,מוס שוקולד מתוקינוחי,,,מוס שוקולד מתוקינוחים 100 גרם,גרמים,100.00,100 גרם,false,1,9.90,0.0990,true,1,68342
7290017513775,false,פליפז בייגלה מצופה ש,אולקר מקבוצת פלאדיס,TR,"Flipz, חטיף בייגלה אפוי בציפוי שוקולד חלב, 140 גרם",גרמים,140.00,100 גרם,false,1,9.90,0.0707,true,1,58934
7290017513782,false,פליפז  בייגלה מצופה,אולקר מקבוצת פלאדיס,TR,פליפז בייגלה מצופה שוקולד מריר 140 ג,גרמים,140.00,100 גרם,false,1,9.90,0.0707,true,1,58933
7290017513829,false,תה ירוק לימונית וגינ,ויסוצקי,IL,תה ירוק לימונית וגינגר ויטמין D+C,גרמים,38.00,100 גרם,false,1,26.90,0.7079,true,1,67093
7290017513850,false,תה ירוק נענע ויטמין,ויסוצקי,IL,ויסוצקי ירוק נענע עם ויטמינים,גרמים,38.00,100 גרם,false,1,26.90,0.7079,true,1,67092
7290017513867,false,תה ירוק לימונית לואי,ויסוצקי,IL,תה ירוק עם לימונית/לואיזה עם ויטמינים T.T,גרמים,38.00,100 גרם,false,1,26.90,0.7079,true,1,67091
7290017536125,false,עוגיות קקאו ממולאות,דויטישלנד,IL,עוגיות קקאו ממולאות שוקולנים 220 גרם דוי,גרמים,220.00,100 גרם,false,1,24.90,0.1132,true,1,69029
7290017536620,false,עוגיות קרנאץ שוקוציפ,דויטישלנד,IL,עוגיות קרנאץ שוקוציפס 220 גרם דויטש,גרמים,220.00,100 גרם,false,1,24.90,0.1132,true,1,68967
7290017536675,false,עוגיות מגולגלות תמרי,דויטישלנד,IL,עוגיות מגולגלות תמרים 220 גרם דויטש,גרמים,220.00,100 גרם,false,1,24.90,0.1132,true,1,68966
7290017536927,false,עוגיות וניל בציפוי ס,דויטישלנד,IL,עוגיות וניל בציפוי סוכר 220 גרם דויטש,גרמים,220.00,100 גרם,false,1,24.90,0.1132,true,1,68974
7290017555461,false,חטיף בוטנים בייק פרו,אשבל,IL,חטיף בוטנים בייק פרו 21 גרם חלבון  80גרם,גרמים,80.00,100 גרם,false,1,13.90,0.1738,true,1,60725
7290017555898,false,בייגלה אפוי פרו חלבו,אשבל,IL,בייגלה אפוי פרו חלבון  80 גרם,גרמים,80.00,100 גרם,false,1,13.90,0.1738,true,1,69408
7290017599250,false,סוכרזית קלאסי 120  ש,ביסקול בעמ,IL,סוכרזית קלאסי 120  שקיות,גרמים,120.00,100 גרם,false,1,19.90,0.1658,true,1,71781
7290017599267,false,סוכרזית סוכרלוז 120,ביסקול בעמ,IL,סוכרזית סוכרלוז 120 שקיות 100גרם,גרמים,100.00,100 גרם,false,1,29.90,0.2990,true,1,71779
7290017599274,false,סוכרזית סטיוויה 120,ביסקול בעמ,IL,סוכרזית סטיוויה 120 שקיות  120גרם,גרמים,120.00,100 גרם,false,1,41.90,0.3492,true,1,71780
7290017617008,false,טונה  סטרקיסט בשמן 3,. יצרן: טונה ויאטנם,,טונה  סטרקיסט בשמן 3*140גרם,גרמים,420.00,100 גרם,false,1,19.90,0.0474,true,1,69496
7290017617015,false,טונה  סטרקיסט במים 3,טונה ויאטנם,,טונה  סטרקיסט במים 3*140גרם,גרמים,420.00,100 גרם,false,1,19.90,0.0474,true,1,69495
7290017617084,false,סטארקיסט מיקס טוגו ט,דרדנל אוננטאס גידה,TR,סטארקיסט מיקס טוגו טונה עם שעועית 185גרם,גרמים,185.00,100 גרם,false,1,13.90,0.0751,true,1,68224
7290017617091,false,סטארקיסט מיקס טוגו ט,דרדנל אוננטאס גידה,TR,סטארקיסט מיקס טוגו טונה עם פתיתים  185גר,גרמים,185.00,100 גרם,false,1,13.90,0.0751,true,1,68225
7290017617107,false,סטארקיסט מיקס טוגו ט,דרדנל,TR,סטארקיסט מיקס טוגו טונה עם דגנים 185גרם,גרמים,185.00,100 גרם,false,1,13.90,0.0751,true,1,68226
7290017617138,false,ס ק טונה בשמן קנולה,סטארקיסט פודור,,רביעיות טונה סטארקיסט דל נתרן בשמן קנולה,גרמים,640.00,100 גרם,false,4,29.90,0.0467,true,1,67392
7290017617411,false,מיקס סלמון  עם אורז,גראאל אס איי,PL,מיקס סלמון  עם אורז מלא סטארקיסט 160גרם,גרמים,160.00,100 גרם,false,1,15.90,0.0994,true,1,71576
7290017617435,false,מיקס סלמון  עם עדשים,גראאל אס איי,PL,מיקס סלמון  עם עדשים וקינואה סטארקיסט 16,גרמים,160.00,100 גרם,false,1,15.90,0.0994,true,1,71577
7290017617459,false,רביעיית טונה סטארקיס,dalmore distilleries,TH,רביעיית טונה סטארקיסט בשמן צמחי 480גרם,גרמים,480.00,100 גרם,false,1,22.90,0.0477,true,1,70930
7290017617466,false,רביעיית טונה סטארקיס,dalmore distilleries,TH,רביעיית טונה סטארקיסט במים  480גרם,גרמים,480.00,100 גרם,false,1,22.90,0.0477,true,1,70931
7290017647425,false,גמלא קברנה סוביניון,יקב רמת הגולן,,גמלא קברנה סוביניון - בציר 2018,מיליליטרים,750.00,"100 מ""ל",false,1,79.90,0.1065,true,1,60597
7290017647470,false,יין הר חרמון מגנטה 7,יקבי רמת הגולן,IL,"יין הר חרמון מגנטה 750 מ""ל",מיליליטרים,750.00,"100 מ""ל",false,1,44.90,0.0599,true,1,60499
7290017647708,false,יין גמלא גוורצטרמינר,רמת הגולן,IL,יין גמלא גוורצטרמינר 750 מל,מיליליטרים,750.00,"100 מ""ל",false,1,79.90,0.1065,true,1,69540
7290017647722,false,יין גמלא בלאנקו 750,רמת הגולן,IL,יין גמלא בלאנקו 750 מל,מיליליטרים,750.00,"100 מ""ל",false,1,79.90,0.1065,true,1,69541
7290017677811,false,רוטב סויה קיקומן 296,קיקומן פודז אינק,NL,"רוטב קיקומן סויה ללא תוספת חומרים משמרים  296 מ""ל",מיליליטרים,296.00,"100 מ""ל",false,1,18.90,0.0639,true,1,54431
7290017696294,false,תירס טרי יחידה,חקלאי,IL,תירס טרי יחידה,קילוגרמים,1.00,"ק""ג",false,1,19.90,19.9000,true,1,53036
7290017696393,false,המבורגר פטריות - רבי,מרינה,IL,המבורגר פטריות - רביעייה  - 130 גר *4,גרמים,450.00,100 גרם,false,1,34.90,0.0776,true,1,60485
7290017696577,false,שרי מנומר משולש יחיד,מרינה,IL,שרי מנומר משולש יחידה,גרמים,350.00,100 גרם,false,1,12.90,0.0369,true,1,54370
7290017696584,false,שרי לובלו משולש יחיד,מרינה,IL,שרי לובלו משולש יחידה,גרמים,350.00,100 גרם,false,1,14.90,0.0426,true,1,54369
7290017724010,false,עוגיות גריסני שומשום,אקלר,IL,עוגיות גריסני שומשום 250 גרם,גרמים,250.00,100 גרם,false,1,24.90,0.0996,true,1,69338
7290017724034,false,עוגיות סנדוויץ ריבה,אקלר,IL,עוגיות סנדוויץ ריבה 250 גרם,גרמים,250.00,100 גרם,false,1,24.90,0.0996,true,1,69340
7290017724102,false,עוגיות סיגרים תמרים,אקלר,IL,עוגיות סיגרים תמרים 200 גרם,גרמים,200.00,100 גרם,false,1,24.90,0.1245,true,1,69346
7290017724119,false,עוגיות אוזניים200 גר,אקלר,IL,עוגיות אוזניים200 גרם,גרמים,200.00,100 גרם,false,1,24.90,0.1245,true,1,69347
7290017724126,false,עוגיות טחינה 250 גרם,אקלר,IL,עוגיות טחינה 250 גרם,גרמים,250.00,100 גרם,false,1,24.90,0.0996,true,1,69348
7290017724171,false,עוגיות סנדוויץ ריבה,אקלר,IL,עוגיות סנדוויץ ריבה ללא סוכר 250 גר,גרמים,250.00,100 גרם,false,1,24.90,0.0996,true,1,69352
7290017724201,false,עוגיות ואן גוך ללא ס,אקלר,IL,עוגיות ואן גוך ללא סוכר 200 גרם,גרמים,200.00,100 גרם,false,1,24.90,0.1245,true,1,69354
7290017724218,false,עוגיות מעדן תמר אגוז,אקלר,IL,עוגיות מעדן תמר אגוז ללא סוכר 250 גרם,גרמים,250.00,100 גרם,false,1,24.90,0.0996,true,1,69355
7290017724263,false,עוגיות בטהובן ללא סו,אקלר,IL,עוגיות בטהובן ללא סוכר 300 גרם,גרמים,300.00,100 גרם,false,1,24.90,0.0830,true,1,69359
7290017724355,false,עוגיות אצבעות שקדים,אקלר,IL,עוגיות אצבעות שקדים 250 גרם,גרמים,250.00,100 גרם,false,1,24.90,0.0996,true,1,69364
7290017724652,false,רולדה תמר אגוז ואבקת,אקלר,IL,רולדה תמר אגוז ואבקת סוכר 200 גרם,גרמים,200.00,100 גרם,false,1,24.90,0.1245,true,1,69369
7290017724782,false,עוגיות חמאה שקדים לל,אקלר,IL,עוגיות חמאה שקדים ללא סוכר 200 גרם,גרמים,200.00,100 גרם,false,1,24.90,0.1245,true,1,69376
7290017791142,false,קרקר כוסמין מלא אורג,פת במלח,IL,קרקר כוסמין מלא אורגינל 225 גרם,גרמים,225.00,100 גרם,false,1,23.90,0.1062,true,1,54404
7290017791203,false,קרקר כוסמין מלא סלק,פת במלח,IL,קרקר כוסמין מלא סלק 225 גרם,גרמים,225.00,100 גרם,false,1,23.90,0.1062,true,1,60414
7290017812120,false,יין מוגו בלנד חצי יב,"כד בני דרום בע""מ",IL,מוג'ו קברנה סוביניון יין אדום חצי מתוק,מיליליטרים,750.00,"100 מ""ל",false,1,44.90,0.0599,true,1,53347
7290017812342,false,יין מוגו ספארקלינג א,"כד בני דרום בע""מ",IL,יין מוגו ספארקלינג אדום 750 מל,מיליליטרים,750.00,"100 מ""ל",false,1,44.90,0.0599,true,1,58989
7290017812571,false,תירוש ליטר אדום 100%,"כד בני דרום בע""מ",IL,תירוש ליטר אדום 100% טבעי,ליטרים,1.00,ליטר,false,1,21.90,21.9000,true,1,59541
7290017812847,false,יין סלקטד פרנץ גוורצ,"כד בני דרום בע""מ",IL,יין פרנץ גוורצטרמינר סלקטד יקבי כרמל,מיליליטרים,750.00,"100 מ""ל",false,1,29.90,0.0399,true,1,67985
7290017869780,false,תערובת בחש בוכרי מע,מעיין,IL,תערובת בחש בוכרי מעיין 500 גרם,גרמים,500.00,100 גרם,false,1,16.90,0.0338,true,1,68345
7290017869803,false,תערובת מיקס קינואה,מעיין,IL,תערובת מיקס קינואה מעיין 500 גרם,גרמים,500.00,100 גרם,false,1,23.90,0.0478,true,1,68347
7290017871370,false,פמילי יהלום שמן אבוק,המאפיה של הרמן,TR,תחליב רחצה לידיים מועשר בשמן אבוקדו,מיליליטרים,500.00,"100 מ""ל",false,1,11.90,0.0238,true,1,59882
7290017872049,false,פמילי אלסבון שלישייה,אברנסל קוסמטיקס,TR,"פמילי אלסבון שלישייה לבנדר ארומטי 500 מ""",מיליליטרים,500.00,"100 מ""ל",false,1,17.90,0.0358,true,1,60734
7290017872070,false,פרש וואנס מגבונים נט,ווטנאפס,IL,פרש וואנס מגבונים נטורל קר שלישייה,יחידה,1.00,יחידה,false,1,9.90,9.9000,true,1,68638
7290017888019,false,פרוט & ווג תפוח רימו,מיוצר עי קונדיטוריית,IL,"FRUIT&VEG תפוח סלק רימון ג'ינג'ר 350 מ""ל",מיליליטרים,350.00,"100 מ""ל",false,1,8.90,0.0254,true,1,53600
7290017888026,false,פרוט אננס תפוח גזר 3,יפאורה תבורי בעמ,IL,"FRUIT&VEG אננס תפוח גזר 350 מ""ל",מיליליטרים,350.00,"100 מ""ל",false,1,8.90,0.0254,true,1,53469
7290017888033,false,פרוט בננה מלון נענע,יפאורה תבורי בעמ,IL,"FRUIT&VEG בננה מלון נענע 350 מ""ל",מיליליטרים,350.00,"100 מ""ל",false,1,8.90,0.0254,true,1,53470
7290017888644,false,פרוט אנד וג אננס בננ,"יפאורה תבורי בע""מ",IL,"FRUIT&VEG אננס בננה כורכום 350 מ""ל",לא מנהל יחידת מידה,3.30,לא מנהל יחידת מידה,false,1,8.90,2.6970,true,1,60030
7290017888729,false,שוופס סודה בקבוק 1 ל,"יפאורה תבורי בע""מ",IL,שוופס סודה 1 ל' גיזוז חזק,ליטרים,1.00,ליטר,false,1,4.90,4.9000,true,1,60031
7290017888972,false,מי עדן פקק ספורט 1 ל,מופק ממקור בזלתי עדן,IL,מי עדן פקק ספורט 1 ליטר,ליטרים,1.00,ליטר,false,1,5.00,5.0000,true,1,60404
7290017894010,false,גרין קוקו - מי קוקוס,אף.סי תבליני בגליל ב,LK,גרין קוקו - מי קוקוס אננס אורגני 1 ליטר,ליטרים,1.00,ליטר,false,1,20.90,20.9000,true,1,57595
7290017894027,false,גרין קוקו - מי קוקוס,אף.סי תבליני בגליל ב,LK,מי קוקוס אורגני בתוספת מיץ מנגו,ליטרים,1.00,ליטר,false,1,20.90,20.9000,true,1,57596
7290017894065,false,דגש - תערובת רב תכלי,"אף, סי תבליני הגליל",IL,דגש - תערובת רב תכליתית ללא גלוטן  500גר,גרמים,500.00,100 גרם,false,1,18.90,0.0378,true,1,57593
7290017894096,false,ממרח בטעם מיונז טבעו,הורלין,DE,ממרח בטעם מיונז טבעוני אורגני נטורפוד350,גרמים,350.00,100 גרם,false,1,25.90,0.0740,true,1,67310
7290017918563,false,ערמונים קלופים,,,ערמונים קלופים,גרמים,100.00,100 גרם,false,1,6.90,0.0690,true,1,67390
7290017925028,false,מארז צרי שוף שלישייה,פארייפאבה אגרואינדוס,BE,שלישייה בירה חזקה בתוספת מיץ דובדבנים- צרי שוף,מיליליטרים,990.00,"100 מ""ל",false,3,39.90,0.0403,true,1,53476
7290017925417,false,בקבוק בירה בקס ללא א,Beck and Co,DE,"בקבוק בירה בקס ללא אלכוהול 275מ""ל",מיליליטרים,275.00,"100 מ""ל",false,1,5.90,0.0215,true,1,68016
7290017928043,true,גריסיני קראנץ מלח 17,HIQ FOOD PRODUCTS,IL,מאיר בייגל גריסיני קראנץ' עם מלח 175 גרם,יחידה,0.00,יחידה,false,1,12.90,0.0000,true,1,58685
7290017928630,true,גריסיני קראנץ פינוקי,HIQ FOOD PRODUCTS,IL,מאיר בייגל גריסיני קראנץ' פינוקים 175 גרם,גרמים,0.00,100 גרם,false,1,12.90,0.0000,true,1,58692
7290017928821,true,מקלות גריסיני קלאסי,HIQ FOOD PRODUCTS,IL,מקלות גריסיני קלאסי 200 גרם מאיר בייגל,גרמים,200.00,100 גרם,false,1,12.90,0.0645,true,1,58863
7290017947105,false,לחם אנגל בסגנון אמרי,"איטיליאן פוד, אס.פי.",IL,לחם אנגל בסגנון אמריקה 500 גרם,גרמים,500.00,100 גרם,false,1,14.90,0.0298,true,1,60376
7290017947457,false,חלת כוסמין קלועה 500,מאפיית שלמה א. אנגל,IL,חלת כוסמין קלועה,גרמים,500.00,100 גרם,false,1,17.90,0.0358,true,1,69333
7290017947464,false,פיתות כוסמין אנגל שמ,"איטיליאן פוד, אס.פי.",IL,מאפיית אנג'ל פיתות כוסמין 400 גרם,יחידה,1.00,יחידה,false,1,17.90,17.9000,true,1,67097
7290017947495,false,לחמניות כוסמין 6 יח,"איטיליאן פוד, אס.פי.",IL,אנג'ל לחמניות 100% כוסמין 450 גרם,גרמים,450.00,100 גרם,false,1,17.90,0.0398,true,1,67354
7290017947891,false,אנגל כוסמין וחיטה מל,"איטיליאן פוד, אס.פי.",IL,"אנג'ל כוסמין וחיטה מלאה במרקם חלק, 750 גרם",גרמים,750.00,100 גרם,false,1,17.90,0.0239,true,1,67209
7290017947921,false,שישיית לחמניות המבור,"איטיליאן פוד, אס.פי.",IL,אנג'ל לחמניות המבורגר בסגנון אמריקה 6 יח',גרמים,450.00,100 גרם,false,1,15.90,0.0353,true,1,60375
7290018011003,false,קרחון סורבה טבעוני ת,תמרה יוגורט,IL,קרחון סורבה טבעוני תמרה  80 גרם אננס,גרמים,80.00,100 גרם,false,1,11.90,0.1488,true,1,54692
7290018011034,false,קרחון סורבה טבעוני ת,,IL,קרחון סורבה טבעוני תמרה פטל ללים 80 גרם,גרמים,80.00,100 גרם,false,1,11.90,0.1488,true,1,53246
7290018011041,false,קרחון סורבה טבעוני ת,,IL,קרחון סורבה טבעוני תמרה תות בננה 80 גרם,גרמים,80.00,100 גרם,false,1,11.90,0.1488,true,1,53255
7290018011058,false,שלגון שמנת טבעוני תמ,,IL,שלגון שמנת טבעוני תמרה עוגת גבינה ופטל,גרמים,80.00,100 גרם,false,1,11.90,0.1488,true,1,53253
7290018011072,false,שלגון שמנת תמרה 80 ג,תמרה יוגורט,IL,שלגון שמנת תמרה 80 גרם פיסטוק,גרמים,80.00,100 גרם,false,1,11.90,0.1488,true,1,54700
7290018011201,false,קרחון סורבה טבעוני ת,,IL,קרחון סורבה טבעוני תמרה אננס פסיפלורה מנ,גרמים,80.00,100 גרם,false,1,11.90,0.1488,true,1,53245
7290018011218,false,קרחון סורבה טבעוני ת,,IL,קרחון סורבה טבעוני תמרה לימונענע 80 גרם,גרמים,80.00,100 גרם,false,1,11.90,0.1488,true,1,53241
7290018011225,false,קרחון סורבה טבעוני ת,,IL,קרחון סורבה טבעוני תמרה קוקוס 80 גרם,גרמים,80.00,100 גרם,false,1,11.90,0.1488,true,1,53244
7290018011256,false,שלגון יוגורט תמרה תו,,IL,שלגון יוגורט תמרה תות ומקופלת 80 גרם,גרמים,80.00,100 גרם,false,1,11.90,0.1488,true,1,53248
7290018011263,false,שלגון שמנת תמרה בטעם,,IL,שלגון שמנת תמרה בטעם קרם פסיפלורה,גרמים,80.00,100 גרם,false,1,11.90,0.1488,true,1,53252
7290018011270,false,שלגון שמנת תמרה 80 ג,תמרה יוגורט,IL,שלגון שמנת תמרה 80 גרם שוקולד לבן דובדבן,גרמים,80.00,100 גרם,false,1,11.90,0.1488,true,1,54701
7290018011317,false,ארטיק רני דובדבני 80,תמרה יוגורט,IL,ארטיק רני דובדבני 80 גרם,גרמים,80.00,100 גרם,false,1,11.90,0.1488,true,1,70805
7290018011416,false,קרחון סורבה טבעוני ת,,IL,קרחון סורבה טבעוני תמרה מנגו מאיה 80 גרם,גרמים,80.00,100 גרם,false,1,11.90,0.1488,true,1,53243
7290018011478,false,שלגון תמרה תות שמנה,,IL,שלגון תמרה תות שמנה 80 גרם,גרמים,80.00,100 גרם,false,1,11.90,0.1488,true,1,53250
7290018011485,false,שלגון תמרה 80 גרם תו,,,שלגון תמרה 80 גרם תות שוקולד 2021,גרמים,80.00,100 גרם,false,1,11.90,0.1488,true,1,67688
7290018011607,false,קרחון סורבה טבעוני ת,,IL,קרחון סורבה טבעוני תמרה בננה 80 גרם,גרמים,80.00,100 גרם,false,1,11.90,0.1488,true,1,53242
7290018011614,false,קרחון סורבה טבעוני ת,תמרה יוגורט,IL,קרחון סורבה טבעוני תמרה  80 גרם ליצי,גרמים,80.00,100 גרם,false,1,11.90,0.1488,true,1,54694
7290018011645,false,שלגון תמרה בטעם שוקו,,IL,שלגון תמרה בטעם שוקולד בננה 80 גרםן,גרמים,80.00,100 גרם,false,1,11.90,0.1488,true,1,53247
7290018011805,false,קרחוקרחון סורבה טבעו,תמרה יוגורט,IL,קרחוקרחון סורבה טבעוני תמרה  80 גרם אננס,גרמים,80.00,100 גרם,false,1,11.90,0.1488,true,1,54693
7290018011836,false,קרחון סורבה טבעוני ת,תמרה יוגורט,IL,קרחון סורבה טבעוני תמרה  80 גרם שוקולד חמאת בוטנים,גרמים,80.00,100 גרם,false,1,11.90,0.1488,true,1,54685
7290018011843,false,שלגון יוגורט תמרה יו,,IL,שלגון יוגורט תמרה יוגורט פירות יער 80 גר,גרמים,80.00,100 גרם,false,1,11.90,0.1488,true,1,53256
7290018011850,false,שלגון תמרה קרם קוקוס,,IL,שלגון תמרה קרם קוקוס 80 גרם,גרמים,80.00,100 גרם,false,1,11.90,0.1488,true,1,53249
7290018011867,false,שלגון שמנת תמרה בטעם,,IL,שלגון שמנת תמרה בטעם שוקולד קרמל מלוח,גרמים,80.00,100 גרם,false,1,11.90,0.1488,true,1,53251
7290018038222,false,פיצה פאפאלה כוסמין ג,,,פיצה פאפאלה כוסמין גבינשיו 380גרם,גרמים,380.00,100 גרם,false,1,29.90,0.0787,true,1,68192
7290018038444,false,פיצה מרגריטה מבצק כו,פרוזן פקטורי,IL,פאפא'לה פיצה מרגריטה מבצק כוסמין,גרמים,380.00,100 גרם,false,1,26.90,0.0708,true,1,53788
7290018038888,false,פיצה מרגריטה פרמזן 3,פרוזן פקטורי,IL,פאפא'לה פיצה מרגריטה בתוספת פרמזן,גרמים,380.00,100 גרם,false,1,26.90,0.0708,true,1,53787
7290018043189,false,PROUD קרמל קשיו 60 ג,מרס נדרלנד,NL,PROUD קרמל קשיו 60 גרם,גרמים,60.00,100 גרם,false,1,14.90,0.2483,true,1,67907
7290018043295,false,PROUD ונילה קראנץ  6,הרת'סייד פוד סולושיי,NL,PROUD ונילה קראנץ  60 גרם,גרמים,60.00,100 גרם,false,1,14.90,0.2483,true,1,67908
7290018043592,false,מי חלבון אול אין אפר,שטיינרייזר גטראנקה,AT,מי חלבון אול אין אפרסק 500 מל,מיליליטרים,500.00,"100 מ""ל",false,1,18.90,0.0378,true,1,69384
7290018043844,false,חטיף חלבון  פראוד בו,v.s.i,NL,חטיף חלבון  פראוד בוטנים קרמל קראנצי60,גרמים,60.00,100 גרם,false,1,14.90,0.2483,true,1,70550
7290018045695,false,דגנים BON&BONבמילוי,,DE,דגנים BON&BONבמילוי קרם קרמל מלוח 480גרם,גרמים,480.00,100 גרם,false,1,21.90,0.0456,true,1,70196
7290018045893,false,דגנים BON&BONבמילוי,,DE,דגנים BON&BONבמילוי קרם נוגט 480גרם,גרמים,480.00,100 גרם,false,1,21.90,0.0456,true,1,70197
7290018071212,false,כפפות נטרו V ללא אבק,איזיטאצ,CN,כפפות נטרו V ללא אבקה M כחול 100 יח,יחידה,1.00,יחידה,false,1,29.90,29.9000,true,1,70421
7290018071229,false,כפפות נטרו V ללא אבק,איזיטאצ,CN,כפפות נטרו V ללא אבקה L כחול 100 יח,יחידה,1.00,יחידה,false,1,29.90,29.9000,true,1,70422
7290018071250,false,כפפות פלסטיק שחורות,Z.P.T.P.Co.Ltd,CN,כפפות פלסטיק שחורות M ללא אבקה 100 יח,יחידה,1.00,יחידה,false,1,14.90,14.9000,true,1,68026
7290018071267,false,כפפות פלסטיק שחורות,Z.P.T.P.Co.Ltd,CN,כפפות פלסטיק שחורות L ללא אבקה 100 יח,יחידה,1.00,יחידה,false,1,14.90,14.9000,true,1,68025
7290018091029,false,מקלות פילו תפוחי אדמ,"מעדנות בע""מ",IL,מקלות פילו תפוחי אדמה מעדנות 450גרם,גרמים,450.00,100 גרם,false,1,22.90,0.0509,true,1,59563
7290018091616,false,מקלות פילו גבינה מעד,מיוצר עי קונדיטוריית,IL,מקלות פילו גבינה מעדנות 450גרם,גרמים,450.00,100 גרם,false,1,22.90,0.0509,true,1,59565
7290018091821,false,פיצה נפוליטנה  מעדנו,כצט,IL,פיצה נפוליטנה  מעדנות 200גרם,גרמים,200.00,100 גרם,false,1,17.90,0.0895,true,1,67206
7290018131077,false,שלגון מילקה עם ריפל,פרונרי פולין,PL,שלגון מילקה עם ריפל שוקולד 71 גרם,גרמים,71.00,100 גרם,false,1,10.90,0.1535,true,1,68265
7290018131336,false,שלגון ליון קרמל 66גר,פרונרי פולין,PL,שלגון ליון קרמל 66גרם,גרמים,66.00,100 גרם,false,1,10.90,0.1652,true,1,68267
7290018131572,false,גלידה מיני בייטס מיל,שוורצקוף& הנקל דיסלד,PL,גלידה מיני בייטס מילקה 85,גרמים,85.00,100 גרם,false,1,7.90,0.0929,true,1,59330
7290018131640,false,קראנץ שוקולד בלונדי,נגה גלידות,IL,קראנץ שוקולד בלונדי 100 גרם,גרמים,100.00,100 גרם,false,1,10.50,0.1050,true,1,68263
7290018131770,false,שלגון וניל מצופה תות,נסטלה,IL,שלגון וניל מצופה תות 55 גרם,גרמים,55.00,100 גרם,false,1,5.90,0.1073,true,1,67988
7290018131831,false,מאגדת שלגוני מילקה 2,שוורצקוף& הנקל דיסלד,PL,מאגדת שלגוני מילקה 264גרם,גרמים,264.00,100 גרם,false,1,39.90,0.1511,true,1,70061
7290018131855,false,מאג אקסטרים טילון בר,נגה גלידות,IL,מאג אקסטרים טילון בראוניז 432גרם,גרמים,432.00,100 גרם,false,1,39.50,0.0914,true,1,68258
7290018131879,false,מאג אקסטרים טילון רי,גלידות נסטלה (נגה גל,IL,מאג אקסטרים טילון ריבת חלב 432גרם,גרמים,432.00,100 גרם,false,1,39.50,0.0914,true,1,68257
7290018131893,false,מאג אקסטרים טילון פק,נגה גלידות,IL,מאג אקסטרים טילון פקאן 432גרם,גרמים,432.00,100 גרם,false,1,39.50,0.0914,true,1,68256
7290018131930,false,מאגדת ל.פרוטה מצופה,נסטלה,IL,מאגדת ל.פרוטה מצופה בננה פקאן 325 גרם,גרמים,325.00,100 גרם,false,5,32.90,0.1012,true,1,67990
7290018131954,false,מאגדת ל.פרוטה מצופה,נסטלה,IL,מאגדת ל.פרוטה מצופה תות שוקולד 350 גרם,גרמים,350.00,100 גרם,false,5,32.90,0.0940,true,1,67989
7290018131978,false,טילון אוראו 68.5גרם,פרונרי פולין,PL,טילון אוראו 68.5גרם,גרמים,69.00,100 גרם,false,1,6.90,0.1000,true,1,68269
7290018165010,false,יין רזרב גולד גוורצט,יקבי ברקן שיווק והפצ,IL,יין רזרב גולד גוורצטרמינר 750 מל,מיליליטרים,750.00,"100 מ""ל",false,1,59.90,0.0799,true,1,67760
7290018165027,false,גולד אדישיין רוזה750,יקבי ברקן שיווק והפצ,IL,גולד אדישיין רוזה750 מל,מיליליטרים,750.00,"100 מ""ל",false,1,59.90,0.0799,true,1,70796
7290018165447,false,יין רזרב גולד מרלו 7,יקבי ברקן שיווק והפצ,IL,"רזרב גולד מרלו 750 מ""ל",מיליליטרים,750.00,"100 מ""ל",false,1,59.90,0.0799,true,1,67769
7290018192023,false,מקלות סלרי יחידה,מרינה,IL,מקלות סלרי יחידה,גרמים,500.00,100 גרם,false,1,9.90,0.0198,true,1,58050
7290018192658,false,פטריות שמפניון צמד ח,מרינה,IL,פטריות שמפניון צמד חמד איטלקי מארז זוג,גרמים,500.00,100 גרם,false,1,17.90,0.0358,true,1,67286
7290018192764,false,מיקס נבטי בריאות,מריה,IL,מיקס נבטי בריאות,יחידה,1.00,יחידה,false,1,14.90,14.9000,true,1,67962
7290018194928,false,"וודקה טראפ כשל""פ 700",א.ת.באר טוביה,IL,"וודקה טראפ כשל""פ 700 מ""ל",מיליליטרים,700.00,"100 מ""ל",false,1,94.90,0.1356,true,1,70499
7290018198209,false,תפוגן ציפס בטטה קראנ,תפוגן,IL,תפוגן ציפס בטטה קראנצי  500גרם,גרמים,500.00,100 גרם,false,1,21.90,0.0438,true,1,69697
7290018198384,false,תפוגן ציפס קריספי פר,תפוגן,IL,תפוגן ציפס קריספי פרוסות לתנור 1.25קג,קילוגרמים,1.25,"ק""ג",false,1,27.90,22.3200,true,1,69240
7290018236635,false,צונגו פופקורן מצופה,מולינו ניקולי s.p.a,IL,עוף טוב צונגו פופקורן מצופה 12*600גרם,גרמים,600.00,100 גרם,false,1,39.90,0.0665,true,1,68013
7290018294901,false,"מונלייט אדום 750 מ""ל",אגודת הכורמים,IL,"מונלייט אדום 750 מ""ל",מיליליטרים,750.00,"100 מ""ל",false,1,39.90,0.0532,true,1,71178
7290018345061,false,ממרח טבעוני בטעם חמא,כלורוקס אוקלנד,IL,ממרח טבעוני בטעם חמאה  200גרם,גרמים,200.00,100 גרם,false,1,16.90,0.0845,true,1,67087
7290018359495,false,תירס מהשדה ללס יכין,היינץ צפון אמריקה מק,IL,יכין תירס לייט מופחת קלוריות 550 גרם,גרמים,550.00,100 גרם,false,1,9.90,0.0180,true,1,67305
7290018359686,false,חומוס ענק יכין 550 ג,היינץ צפון אמריקה מק,IL,חומוס ענק יכין 550 גרם,גרמים,550.00,100 גרם,false,1,9.90,0.0180,true,1,69520
7290018359853,false,עדשים שחורות יכין 40,"זנלכל בע""מ",IL,עדשים שחורות יכין 400גרם,גרמים,400.00,100 גרם,false,1,6.90,0.0173,true,1,69519
7290018359877,false,רסק עגבניות טבעי  יכ,יכין,IL,רסק עגבניות טבעי  יכין  * 3 600 גרם,גרמים,1800.00,100 גרם,false,1,13.90,0.0077,true,1,70134
7290018359938,false,רוטב עגבניות לשקשוקה,יכין,IL,רוטב עגבניות לשקשוקה יכין 400 גרם,גרמים,400.00,100 גרם,false,1,11.90,0.0298,true,1,70971
7290018359945,false,רוטב פיקנטי חאריפה י,יכין,IL,רוטב פיקנטי חאריפה יכין 400 גרם,גרמים,400.00,100 גרם,false,1,11.90,0.0298,true,1,70974
7290018359952,false,רוטב עגבניות לפסטה י,יכין,IL,רוטב עגבניות לפסטה יכין 400 גרם,גרמים,400.00,100 גרם,false,1,11.90,0.0298,true,1,70973
7290018359969,false,רוטב עגבניות לפיצה י,יכין,IL,רוטב עגבניות לפיצה יכין 400 גרם,גרמים,400.00,100 גרם,false,1,11.90,0.0298,true,1,70972
7290018400036,false,חגיגת ירקות כתומים ס,לחמנו,IL,חגיגת ירקות כתומים סנפרוסט 800גרם,גרמים,800.00,100 גרם,false,1,25.90,0.0324,true,1,68544
7290018400647,false,סמוזי בננה תמר  סנפר,"סנפרוסט בע""מ",IL,סמוזי בננה תמר  סנפרוסט300 גרם,גרמים,300.00,100 גרם,false,1,19.90,0.0663,true,1,68386
7290018440193,false,פליפז בייגלה מצופה ח,אולקר מקבוצת פלאדיס,TR,פליפז בייגלה מצופה חמאת בוטנים 140 ג,גרמים,140.00,100 גרם,false,1,9.90,0.0707,true,1,68510
7290018440209,false,פליפז בייגלה מצופה פ,אולקר מקבוצת פלאדיס,TR,"Flipz, חטיף בייגלה אפוי בציפוי שוקולד חלב, 140 גרם",גרמים,140.00,100 גרם,false,1,9.90,0.0707,true,1,67878
7290018440247,false,צאי שקדים 25 גרם,ויסוצקי,IL,צאי שקדים 25 גרם,לא מנהל יחידת מידה,0.00,לא מנהל יחידת מידה,false,1,19.90,0.0000,true,1,69394
7290018440254,false,צאי קרמל מלוח 25 גרם,ויסוצקי,IL,צאי קרמל מלוח 25 גרם,לא מנהל יחידת מידה,0.00,לא מנהל יחידת מידה,false,1,19.90,0.0000,true,1,69396
7290018440384,false,תה ירוק מאטה לימון נ,ויסוצקי,IL,תה ירוק מאטה בטעם לימון ונענע,גרמים,25.00,100 גרם,false,1,26.90,1.0760,true,1,69391
7290018440391,false,תה ירוק מאטה נענע גו,ויסוצקי,IL,"תה ירוק מאטה, נענע וגוארנה",גרמים,25.00,100 גרם,false,1,26.90,1.0760,true,1,69392
7290018440483,false,פליפז בייגלה מצופה ב,שוורצקוף& הנקל דיסלד,TR,פליפז בייגלה מצופה בקרמל מלוח ושוקולד 14,גרמים,140.00,100 גרם,false,1,9.90,0.0707,true,1,68971
7290018440896,false,חליטת הגן הקסום גינג,ויסוצקי,IL,חליטת הגן הקסום גינגר וכורכום 25 שקיקי,גרמים,25.00,100 גרם,false,1,19.90,0.7960,true,1,70084
7290018441626,false,פיינט בן&גריס מנטה ע,בן & ג'ריס,IL,פיינט בן&גריס מנטה עוגיות 430גרם,גרמים,430.00,100 גרם,false,1,23.90,0.0556,true,1,70089
7290018468401,false,פסטרמה צמחונית בטעם,טיב טירת צבי 2000,IL,פסטרמה צמחונית בטעם גריל  טירת צבי  120ג,גרמים,120.00,100 גרם,false,1,21.90,0.1825,true,1,71578
7290018468425,false,נקניק טבעוני בטעם פי,טירת צבי,IL,נקניק טבעוני בטעם פיקנטי  טירת צבי 100גר,גרמים,100.00,100 גרם,false,1,21.90,0.2190,true,1,71579
7290018468432,false,נקניק טבעוני בטעם מע,טירת צבי,IL,נקניק טבעוני בטעם מעושן טירת צבי 100 גרם,גרמים,100.00,100 גרם,false,1,21.90,0.2190,true,1,71580
7290018471043,false,ספרינג פירות טרופים,מיוצר עי קונדיטוריית,IL,"ספרינג פירות טרופיים פחית 330 מ""ל",מיליליטרים,330.00,"100 מ""ל",false,1,7.00,0.0212,true,1,68564
7290018471050,false,ספרינג אגס תפוח סברס,מיוצר עי קונדיטוריית,IL,"ספרינג אגס תפוח סברס פחית 330 מ""ל",מיליליטרים,330.00,"100 מ""ל",false,1,7.00,0.0212,true,1,68581
7290018471111,false,שוופס ליים מוחיטו 33,יפאורה שותפות מובגלת,IL,שוופס ליים מוחיטו 330 מל,ליטרים,1.50,ליטר,false,1,6.90,4.6000,true,1,68254
7290018471128,false,ספרינג שייק אננס מנג,"יפאורה תבורי בע""מ",IL,ספרינג שייק אננס מנגו פסיפלורה 330 מל,מיליליטרים,330.00,"100 מ""ל",false,1,8.50,0.0258,true,1,68841
7290018471135,false,ספרינג שייק בננה תמר,"יפאורה תבורי בע""מ",IL,"ספרינג שייק בננה תמר תפוז 330 מ""ל",מיליליטרים,330.00,"100 מ""ל",false,1,8.50,0.0258,true,1,68842
7290018471142,false,ספרינג שייק בננה אננ,"יפאורה תבורי בע""מ",IL,ספרינג שייק בננה אננס קוקוס פירות יער 33,מיליליטרים,330.00,"100 מ""ל",false,1,8.50,0.0258,true,1,68843
7290018471180,false,פרוט & ווג אננס תפוח,מיוצר עי קונדיטוריית,IL,FRUIT&VEG אננס תפוח גזר 1 ליטר,ליטרים,1.00,ליטר,false,1,14.90,14.9000,true,1,68565
7290018471395,false,פרוט & ווג תפוח רימו,מיוצר עי קונדיטוריית,IL,FRUIT&VEG תפוח סלק רימון ג'ינג'ר 1 ליטר,ליטרים,1.00,ליטר,false,1,14.90,14.9000,true,1,68567
7290018471401,false,פרוט & ווג אננס בננה,מיוצר עי קונדיטוריית,IL,FRUIT&VEG אננס בננה כורכום 1 ליטר,ליטרים,1.00,ליטר,false,1,14.90,14.9000,true,1,68568
7290018471449,false,ספרינג שייק בננה תמר,"כד בני דרום בע""מ",IL,ספרינג שייק קרטונית בננה תמר תפוז 1 ל',ליטרים,1.00,ליטר,false,1,14.70,14.7000,true,1,68844
7290018471456,false,ספרינג שייק אננס מנג,"כד בני דרום בע""מ",IL,ספרינג שייק קרטונית אננס מנגו פסיפלורה 1 ל',ליטרים,1.00,ליטר,false,1,14.70,14.7000,true,1,68845
7290018471463,false,תפוזינה enjoy נקטר ת,"כד בני דרום בע""מ",IL,תפוזינה קרטונית תפוז מנגו 1 ל',ליטרים,1.00,ליטר,false,1,8.20,8.2000,true,1,68569
7290018471487,false,תפוזינה enjoy נקטר ת,"כד בני דרום בע""מ",IL,תפוזינה קרטוניות תפוז-אננס 1 ל',ליטרים,1.00,ליטר,false,1,8.20,8.2000,true,1,68571
7290018471494,false,תפוזינה enjoy משקה ת,"כד בני דרום בע""מ",IL,תפוזינה קרטוניות תפוז-גזר 1 ל',ליטרים,1.00,ליטר,false,1,8.20,8.2000,true,1,68572
7290018471562,false,רביעיות סודה שוופס פ,"כד בני דרום בע""מ",IL,שוופס רביעיה סודה בטעם פירות יער 6 ליטר,ליטרים,1.50,ליטר,false,1,11.00,7.3333,true,1,68462
7290018471906,false,שוופס מוגז לימונדה ו,"כד בני דרום בע""מ",IL,שוופס מוגז פירות לימונדה ורודה 1.5 ל',ליטרים,1.50,ליטר,false,1,10.90,7.2667,true,1,69797
7290018471920,false,שוופס מוגז פירות ענב,"יפאורה תבורי בע""מ",IL,שוופס מוגז פירות ענבים 1.5 ל',ליטרים,1.50,ליטר,false,1,10.90,7.2667,true,1,69799
7290018471937,false,שוופס מוגז פירות תות,"כד בני דרום בע""מ",IL,שוופס מוגז פירות תות ליים 1.5 ליטר,ליטרים,1.50,ליטר,false,1,10.90,7.2667,true,1,69800
7290018500361,false,לחם אחיד פרוס אנגל 9,מאפיית שלמה א. אנגל,IL,לחם אחיד פרוס אנגל 900 גרם,גרמים,900.00,100 גרם,false,1,9.49,0.0105,true,1,70911
7290018500385,false,חלה רגילה אנגל 650 ג,מאפיית שלמה א. אנגל,IL,חלה רגילה אנגל 650 גרם,גרמים,650.00,100 גרם,false,1,8.14,0.0125,true,1,70912
7290018540329,false,פיתה פיתה אנגל בלדי,מאפיית שלמה א. אנג'ל,IL,פיתה פיתה אנגל בלדי 8 יח 880 גרם,גרמים,880.00,100 גרם,false,1,13.90,0.0158,true,1,67965
7290018540817,false,ארטיזנל לחם מחמצת כו,מאפיית אורנים,IL,ארטיזנל לחם מחמצת כוסמין 500גרם,גרמים,500.00,100 גרם,false,1,19.90,0.0398,true,1,69699
7290018540824,false,ארטיזנל לחם מחמצת כפ,מאפיית אורנים,IL,ארטיזנל לחם מחמצת כפרי,גרמים,500.00,100 גרם,false,1,19.90,0.0398,true,1,69700
7290018540831,false,ארטיזנל לחם מחמצת חי,מאפיית אורנים,IL,ארטיזנל לחם מחמצת חיטה מלאה ודגנים,גרמים,500.00,100 גרם,false,1,19.90,0.0398,true,1,69701
7290018589847,false,לזניה ר וזה בטטה דיי,סי.אי.פי. מבוא חורון,IL,לזניה ר וזה בטטה דיילי קיטשן 400 גרם,גרמים,400.00,100 גרם,false,1,34.90,0.0872,true,1,70233
7290018589861,false,לזניה ברוקולי  דיילי,סי.אי.פי. מבוא חורון,IL,לזניה ברוקולי  דיילי קיטשן 400 גרם,גרמים,400.00,100 גרם,false,1,34.90,0.0872,true,1,70231
7290018641439,false,ערק פלוס אשכוליות 33,,IL,ערק פלוס אשכוליות 330 מל,מיליליטרים,330.00,"100 מ""ל",false,1,14.90,0.0452,true,1,69542
7290018641446,false,ערק פלוס לימודה 330,,IL,ערק פלוס לימודה 330 מל,מיליליטרים,330.00,"100 מ""ל",false,1,14.90,0.0452,true,1,69543
7290018652053,false,ביסקולידה קסטרה 95 ג,נגה גלידות,IL,ביסקולידה קסטרה 95 גרם,גרמים,95.00,100 גרם,false,1,6.90,0.0726,true,1,68261
7290018652190,false,קראנץ בר אימפלס 60גר,גלידות נסטלה,IT,קראנץ בר אימפלס 60גרם,גרמים,60.00,100 גרם,false,1,7.90,0.1317,true,1,70323
7290018652213,false,קראנץ בר מאגדת 246גר,נסטלה,IL,קראנץ בר מאגדת 246גרם,גרמים,246.00,100 גרם,false,1,27.90,0.1134,true,1,70329
7290018652695,false,ביסקולידה שוקו בננה,גלידות נסטלה,IL,ביסקולידה שוקו בננה 90גרם,גרמים,90.00,100 גרם,false,1,6.90,0.0767,true,1,70322
7290018652770,false,טילון גולדה 115גרם,גלידות נסטלה,IL,טילון גולדה 115גרם,גרמים,115.00,100 גרם,false,1,9.90,0.0861,true,1,70324
7290018652909,false,מאגדת קפה שוקולד פקא,נסטלה,IL,מאגדת קפה שוקולד פקאן 225גרם,גרמים,225.00,100 גרם,false,1,32.90,0.1462,true,1,70330
7290018652923,false,מאגדת תות שוקולד עוג,נסטלה,IL,מאגדת תות שוקולד עוגיות 225גרם,גרמים,225.00,100 גרם,false,1,32.90,0.1462,true,1,70331
7290018652947,false,שלגון קראנץ פיסטוק 1,גלידות נסטלה,IL,שלגון קראנץ פיסטוק 100 גרם,גרמים,100.00,100 גרם,false,1,10.50,0.1050,true,1,70630
7290018703076,false,חטיף חלבון בטעם דאבל,הרת'סייד פוד סולושיי,NL,חטיף חלבון בטעם דאבל שוקולד- 60 גרם,גרמים,60.00,100 גרם,false,1,14.90,0.2483,true,1,70095
7290018703083,false,חטיף חלבון פראוד  דא,v.s.i,NL,חטיף חלבון פראוד  דאבל שוקולד  קראנצי,גרמים,60.00,100 גרם,false,1,14.90,0.2483,true,1,70549
7290018703304,false,אול אין חטיף חלבון ק,,,אול אין חטיף חלבון קרם עוגיות,גרמים,60.00,100 גרם,false,1,14.90,0.2483,true,1,70587
7290018703311,false,פראוד חטיף חלבון בטע,v.s.i,NL,פראוד - חטיף חלבון בטעם קרם עוגיות,גרמים,60.00,100 גרם,false,1,14.90,0.2483,true,1,53306
7290018720011,false,ביסקוויט קרנבל חיות,הגביע מוצרי וופלים,IL,ביסקוויט קרנבל חיות 250 גרם,גרמים,250.00,100 גרם,false,1,6.90,0.0276,true,1,68865
7290018720028,false,ביסקוויט קרנבל אותיו,הגביע מוצרי וופלים,IL,ביסקוויט קרנבל אותיות 250 גרם,גרמים,250.00,100 גרם,false,1,6.90,0.0276,true,1,68866
7290018823002,false,מלפפון בייבי אורגני,,,מלפפון בייבי אורגני 250 גרם,גרמים,250.00,100 גרם,false,1,19.90,0.0796,true,1,69750
7290018823408,false,פלפל סוויט בייט אורג,,,פלפל סוויט בייט אורגני 300 גרם,גרמים,400.00,100 גרם,false,1,19.90,0.0497,true,1,69752
7290018848005,false,יין רוזה בפחית 250 מ,דונלי ויני,IT,"יין רוזה בפחית 250 מ""ל",מיליליטרים,250.00,"100 מ""ל",false,1,17.90,0.0716,true,1,70215
7290018848012,false,יין לבן בפחית  250 מ,דונלי ויני,IT,"יין לבן בפחית  250 מ""ל",מיליליטרים,250.00,"100 מ""ל",false,1,17.90,0.0716,true,1,70214
7290018893807,true,שוקולד מריר1/3 צוקטה,אייברקקאו אס אי. יו,ES,שוקולד מריר1/3 צוקטה,גרמים,300.00,100 גרם,false,1,16.90,0.0563,true,1,70753
7290018894002,false,בלקוני וופל קוביות ק,בלקוני,IT,בלקוני וופל קוביות קקאו 250 ג,גרמים,250.00,100 גרם,false,1,12.90,0.0516,true,1,70475
7290018894019,false,בלקוני עוגות מיקס מק,בלקוני,IT,בלקוני עוגות מיקס מקס חלב 350 ג,גרמים,350.00,100 גרם,false,1,15.90,0.0454,true,1,70480
7290018894200,false,בלקוני וופל קוביות ו,בלקוני,IT,בלקוני וופל קוביות וניל 250 ג,גרמים,250.00,100 גרם,false,1,12.90,0.0516,true,1,70476
7290018894408,false,בלקוני וופל קוביות א,בלקוני,IT,בלקוני וופל קוביות אגוזי לוז 250 ג,גרמים,250.00,100 גרם,false,1,12.90,0.0516,true,1,70477
7290018894606,false,בלקוני וופל קקאו 175,בלקוני,IT,בלקוני וופל קקאו 175 ג,גרמים,175.00,100 גרם,false,1,8.90,0.0509,true,1,70478
7290018894804,false,בלקוני וופל אגוזי לו,בלקוני,IT,בלקוני וופל אגוזי לוז 175 ג,גרמים,175.00,100 גרם,false,1,8.90,0.0509,true,1,70479
7290018925065,false,מיץ תפוזים סחוט פרימ,השחר,IL,פרימור סחוט מיץ תפוזים 100% 2 ליטר,ליטרים,2.00,ליטר,false,1,27.90,13.9500,true,1,69969
7290018925072,false,מיץ לימון עם נענע סח,השחר,IL,פרימור משקה קל לימונים ונענע 2 ליטר,ליטרים,2.00,ליטר,false,1,27.90,13.9500,true,1,69803
7290018925409,false,מיץ לימון ואננס פרימ,"גניר בע""מ",IL,מיץ לימון ואננס פרימור 400 מל,מיליליטרים,400.00,"100 מ""ל",false,1,10.90,0.0273,true,1,71268
7290018925416,false,מיץ לימון ופסיפלורה,"גניר בע""מ",IL,מיץ לימון ופסיפלורה פרימור 400 מל,מיליליטרים,400.00,"100 מ""ל",false,1,10.90,0.0273,true,1,71267
7290018938157,false,נקניקיות מרגז רדיפיי,,,נקניקיות מרגז רדיפיין מיט  337גרם,גרמים,337.00,100 גרם,false,1,44.90,0.1332,true,1,71427
7290018938171,false,המבורגר פרימיום רדיפ,,,המבורגר פרימיום רדיפיין מיט 280גרם,גרמים,280.00,100 גרם,false,1,36.00,0.1286,true,1,71425
7290018938195,false,קבב טלה עגול  רדיפיי,,,קבב טלה עגול  רדיפיין מיט 330גרם,גרמים,330.00,100 גרם,false,1,39.90,0.1209,true,1,71426
7290018949009,false,משקה קל מוגז גרופר ת,,IL,משקה קל מוגז גרופר תפוזזה 330 מל,מיליליטרים,330.00,"100 מ""ל",false,1,8.90,0.0270,true,1,69544
7290018949016,false,משקה קל מוגז גרופר ת,,IL,משקה קל מוגז גרופר תפוחחה 330 מל,מיליליטרים,330.00,"100 מ""ל",false,1,8.90,0.0270,true,1,69545
7290018949023,false,משקה קל מוגז גרופר ל,,IL,משקה קל מוגז גרופר לימוננדה 330 מל,מיליליטרים,330.00,"100 מ""ל",false,1,8.90,0.0270,true,1,69546
7290018989005,false,עגבניות פולפה טבעית,יכין,IL,עגבניות פולפה טבעית  יכין שלישיה400גרם,גרמים,1200.00,100 גרם,false,1,16.90,0.0141,true,1,70133
7290018989081,false,חומוס הבית להכנת חומ,זנלכל,IL,חומוס הבית להכנת חומוס טרי יכין  410גרם,גרמים,410.00,100 גרם,false,1,7.90,0.0193,true,1,70932
7290019056027,false,שוופס מוגז פירות ללס,"כד בני דרום בע""מ",IL,שוופס מוגז פירות NO SUGAR תפוח 1.5 ל',ליטרים,1.50,ליטר,false,1,10.90,7.2667,true,1,69805
7290019056034,false,שוופס מוגז פירות אננ,יפאורה תבורי,IL,שוופס מוגז פירות NO SUGAR אננס 1.5 ל',ליטרים,1.50,ליטר,false,1,10.90,7.2667,true,1,69806
7290019056041,false,שוופס מ.פירות לימוני,יפאורה תבורי,IL,שוופס ללא סוכר לימונייד 1.5 ליטר,ליטרים,1.50,ליטר,false,1,10.90,7.2667,true,1,69807
7290019056065,false,שוופס מוגז עדין פירו,"יפאורה תבורי בע""מ",IL,שוופס מוגז עדין פירות יער 1.5 ל',ליטרים,1.50,ליטר,false,1,11.50,7.6667,true,1,69809
7290019056096,false,שוופס מוגז עדין אפרס,"כד בני דרום בע""מ",IL,שוופס מוגז עדין אפרסק 1.5 ל',ליטרים,1.50,ליטר,false,1,11.50,7.6667,true,1,69812
7290019056119,false,סודה שוופס 1.5 ליטר,"יפאורה תבורי בע""מ",IL,סודה שוופס 1.5 ליטר,ליטרים,1.50,ליטר,false,1,5.20,3.4667,true,1,69813
7290019056126,false,סודה שוופס לימון 1.5,"כד בני דרום בע""מ",IL,שוופס סודה לימון 1.5 ל',ליטרים,1.50,ליטר,false,1,5.80,3.8667,true,1,69814
7290019056164,false,סודה שוופס רביעייה ב,"יפאורה תבורי בע""מ",IL,סודה שוופס רביעייה בקבוק 1.5 ליטר,ליטרים,6.00,ליטר,false,4,12.90,2.1500,true,1,69776
7290019056171,false,סודה שוופס לימון מאר,"יפאורה תבורי בע""מ",IL,סודה שוופס לימון מארז רביעייה 1.5 ליטר,ליטרים,6.00,ליטר,false,4,12.90,2.1500,true,1,69816
7290019056232,false,שוופס ליים מוחיטו 1.,"כד בני דרום בע""מ",IL,שוופס מוחיטו 1.5 ל',ליטרים,1.50,ליטר,false,1,10.90,7.2667,true,1,69818
7290019056249,false,מים שוופס בטעם ענבים,מיוצר עי קונדיטוריית,IL,שוופס water ענבים 1.5 ל',ליטרים,1.50,ליטר,false,1,10.90,7.2667,true,1,69819
7290019056294,false,שוופס גינגר בקבוק 1.,"כד בני דרום בע""מ",IL,שוופס ג'ינג'ר אייל 1.5 ל',ליטרים,1.50,ליטר,false,1,12.90,8.6000,true,1,69823
7290019056300,false,שוופס ביטר לימון בקב,"כד בני דרום בע""מ",IL,שוופס ביטר למון 1.5 ל',ליטרים,1.50,ליטר,false,1,12.90,8.6000,true,1,69824
7290019056317,false,שוופס ראשן בקבוק 1.5,"כד בני דרום בע""מ",IL,שוופס ראשן 1.5 ל',ליטרים,1.50,ליטר,false,1,12.90,8.6000,true,1,69825
7290019056324,false,שוופס מי טוניק בקבוק,"כד בני דרום בע""מ",IL,שוופס טוניק 1.5 ל',ליטרים,1.50,ליטר,false,1,12.90,8.6000,true,1,69826
7290019056331,false,שוופס טוניק ללא סוכר,מיוצר עי קונדיטוריית,IL,שוופס מי טוניק ללא סוכר 1.5 ליטר,ליטרים,1.50,ליטר,false,1,12.90,8.6000,true,1,69827
7290019056362,false,תפוזינה ענבים 1.5 לי,"יפאורה תבורי בע""מ",IL,תפוזינה ענבים 1.5 ל',ליטרים,1.50,ליטר,false,1,11.90,7.9333,true,1,69829
7290019056393,false,תפוזינה תות בננה 1.5,"יפאורה תבורי בע""מ",IL,תפוזינה תות בננה 1.5 ל,ליטרים,1.50,ליטר,false,1,11.90,7.9333,true,1,69832
7290019056508,false,משקה פרוט ווטר ענבים,"יפאורה תבורי בע""מ",IL,Fruit Water ענבים 1.5 ל',ליטרים,1.50,ליטר,false,1,10.90,7.2667,true,1,69838
7290019056539,false,משקה פרוט ווטר אפרסק,"יפאורה תבורי בע""מ",IL,Fruit Water אפרסק 1.5 ל',ליטרים,1.50,ליטר,false,1,10.90,7.2667,true,1,69841
7290019056546,false,משקה פרוט ווטר אבטיח,"יפאורה תבורי בע""מ",IL,Fruit Water אבטיח 1.5 ל',ליטרים,1.50,ליטר,false,1,10.90,7.2667,true,1,69842
7290019056553,false,מים עין גדי שישייה 2,עין גדי מים מינרליים,IL,מים עין גדי שישייה 2 ליטר,ליטרים,12.00,ליטר,false,6,13.80,1.1500,true,1,69843
7290019056560,false,מים עין גדי בקבוק 2,יפאורה,IL,מים עין גדי בקבוק 2 ליטר,ליטרים,2.00,ליטר,false,1,4.20,2.1000,true,1,69844
7290019056577,false,ספרינג מנגו 1.5 ליטר,"כד בני דרום בע""מ",IL,ספרינג מנגו 1.5 ל',ליטרים,1.50,ליטר,false,1,11.90,7.9333,true,1,69845
7290019056584,false,ספרינג תפוזים 1.5 לי,"כד בני דרום בע""מ",IL,ספרינג תפוזים 1.5 ל',ליטרים,1.50,ליטר,false,1,11.90,7.9333,true,1,69846
7290019056621,false,ספרינג פירות קיץ טרו,"יפאורה תבורי בע""מ",IL,ספרינג פירות טרופיים 1.5 ל',ליטרים,1.50,ליטר,false,1,11.90,7.9333,true,1,69847
7290019056638,false,ספרינג תות בננה 1.5,"כד בני דרום בע""מ",IL,ספרינג תות בננה 1.5 ל',ליטרים,1.50,ליטר,false,1,11.90,7.9333,true,1,69848
7290019056645,false,ספרינג אגס סברס תפוח,"יפאורה תבורי בע""מ",IL,ספרינג תפוח אגס סברס 1.5 ל',ליטרים,1.50,ליטר,false,1,11.90,7.9333,true,1,69849
7290019056676,false,ספרינג אשכוליות אננס,"יפאורה תבורי בע""מ",IL,ספרינג לייט אשכוליות אננס  1.5 ל',ליטרים,1.50,ליטר,false,1,11.90,7.9333,true,1,69851
7290019056881,false,סודה שוופס 1.5 ליטר,"כד בני דרום בע""מ",IL,סודה שוופס 1.5 ליטר,ליטרים,1.50,ליטר,false,1,5.20,3.4667,true,1,69990
7290019056898,false,סודה שוופס לימון 1.5,"כד בני דרום בע""מ",IL,סודה שוופס לימון 1.5 ליטר,ליטרים,1.50,ליטר,false,1,5.80,3.8667,true,1,69991
7290019056942,false,מים עין גדי בקבוק 2,יפאורה,IL,מים עין גדי בקבוק 2 ליטר,ליטרים,2.00,ליטר,false,1,4.20,2.1000,true,1,69978
7290019056959,false,מי עדן בקבוק 1.5 ליט,יפאורה,IL,מי עדן בקבוק 1.5 ליטר,ליטרים,1.50,ליטר,false,1,4.90,3.2667,true,1,69852
7290019056966,false,מי עדן בקבוק 1.5 ליט,יפאורה,IL,מי עדן בקבוק 1.5 ליטר,ליטרים,1.50,ליטר,false,1,5.20,3.4667,true,1,69994
7290019056973,false,מי עדן שישייה בקבוק,מופק ממקור בזלתי עדן,IL,מי עדן שישייה בקבוק 1.5 ליטר,ליטרים,9.00,ליטר,false,6,14.90,1.6556,true,1,69853
7290019153313,false,פרוט אנד ווג תפוח חמ,יפאורה תבורי בעמ,IL,פרוט אנד ווג תפוח חמוציות אוכמניות 350,מיליליטרים,350.00,"100 מ""ל",false,1,9.50,0.0271,true,1,70756
7290019153368,false,תפוזינה מוחיטו 330 מ,יפאורה,IL,"תפוזינה מוחיטו 330 מ""ל",מיליליטרים,330.00,"100 מ""ל",false,1,6.90,0.0209,true,1,70904
7290019153382,false,תפוזינה סנגרייה 330,יפאורה,IL,"תפוזינה סנגרייה 330 מ""ל",מיליליטרים,330.00,"100 מ""ל",false,1,6.90,0.0209,true,1,70902
7290019153399,false,תפוזינה פינק אוזו 33,יפאורה,IL,"תפוזינה פינק אוזו 330 מ""ל",מיליליטרים,330.00,"100 מ""ל",false,1,6.90,0.0209,true,1,70903
7290019232155,false,ויסוצקי לילה טוב קמו,ויסוצקי,IL,ויסוצקי לילה טוב קמומיל לבנדר 25 שקיקים,גרמים,25.00,100 גרם,false,1,26.90,1.0760,true,1,71685
7290019232162,false,ויסוצקי לילה טוב קמו,ויסוצקי,IL,ויסוצקי לילה טוב קמומיל מליסה 25 שקיקים,גרמים,25.00,100 גרם,false,1,26.90,1.0760,true,1,71686
7290019232179,false,ויסוצקי STEY WELL נע,ויסוצקי,IL,ויסוצקי STEY WELL נענע 25 שקיקים,גרמים,25.00,100 גרם,false,1,26.90,1.0760,true,1,71682
7290019232186,false,ויסוצקי STEY WELL לי,ויסוצקי,IL,ויסוצקי STEY WELL לימונית לואיזה 25 שקיקים,גרמים,25.00,100 גרם,false,1,26.90,1.0760,true,1,71683
7290019232193,false,ויסוצקי STEY WELL לי,ויסוצקי,IL,ויסוצקי STEY WELL לימונית גינגר 25 שקיקים,גרמים,25.00,100 גרם,false,1,26.90,1.0760,true,1,71684
7290019232803,false,הולגריין ביסקוויט עם,פלאדיס,TR,הולגריין ביסקוויט עם קרם חלב ושוקולד חלב,גרמים,300.00,100 גרם,false,1,13.90,0.0463,true,1,71209
7290019232827,false,הולגריין ביסקוויט במ,פלאדיס,TR,הולגריין ביסקוויט במילוי אגוזי לוז 300 גרם,גרמים,300.00,100 גרם,false,1,13.90,0.0463,true,1,71211
7290019232834,false,בייגלה מצופה קרם עוג,אולקר מקבוצת פלאדיס,TR,בייגלה מצופה קרם עוגיות ושוקולד 140 גרם,גרמים,140.00,100 גרם,false,1,9.90,0.0707,true,1,70752
7290019233008,false,שקשוקה ארטישוק רוטב,זיתא,IT,שקשוקה ארטישוק רוטב עגבניות עם קוביות 420 גרם,גרמים,420.00,100 גרם,false,1,13.90,0.0331,true,1,71174
7290019233039,false,שקשוקה קלאסית רוטב ע,זיתא,IT,שקשוקה קלאסית רוטב עגבניות עם קוביות פלפלים צלויים,גרמים,420.00,100 גרם,false,1,13.90,0.0331,true,1,71175
7290019297628,false,שקד טבעי  150 גרם,דין שיווק,IL,שקד טבעי  150 גרם,גרמים,150.00,100 גרם,false,1,18.90,0.1260,true,1,69116
7290019297635,false,שקדים קלויים ששון הק,דין שיווק,IL,שקדים קלויים ששון הקולה 150 גרם,גרמים,150.00,100 גרם,false,1,21.90,0.1460,true,1,69117
7290067642005,false,בירה גולדסטאר SLOW B,טמפו,IL,גולדסטאר 10% בירה לאגר חזקה מאוד,מיליליטרים,330.00,"100 מ""ל",false,1,9.90,0.0300,true,1,29627
7290100240632,false,פתית 6 דגנים 250 גרם,יוניליוור ישראל מזון,IL,פתיתי 6 דגנים קרקר פריך מ6 דגנים,גרמים,250.00,100 גרם,false,1,20.90,0.0836,true,1,9435
7290100240656,false,פתית שיפון,יוניליוור ישראל מזון,IL,פתית שיפון קרקר פריך משיפון ללא תוספת מלח וסוכר,גרמים,300.00,100 גרם,false,1,20.90,0.0697,true,1,9436
7290100243671,false,מרכך כביסה בדין אקסט,יוניליוור סנאיי וי ט,TR,בדין  מרכך כביסה מרוכז בדין אקסטרה כחול 960 מל,מיליליטרים,960.00,"100 מ""ל",false,1,22.90,0.0239,true,1,7772
7290100245231,false,מרק נמס בכוס ועוד עו,יוניליוור ישראל מזון,IL,קנור נמס בכוס טעם עוף עם שקדי מרק ואטריות 50 גרם,גרמים,50.00,100 גרם,false,1,8.50,0.1700,true,1,8670
7290100249086,false,חטיף קליק נוגט שוקול,"דרך השוקולד 1, צפת 1",IL,קליק  חטיף נוגט מצופה שוקולד לבן כשר לפסח 35 גרם,גרמים,35.00,100 גרם,false,1,5.90,0.1686,true,1,52714
7290100341803,false,רצועות עוף דנטליים 2,ביופט,IL,בונזו חטיף רצועות עוף דנטלי,גרמים,25.00,100 גרם,false,1,5.90,0.2360,true,1,42807
7290100412343,true,קוויק לניקוי כללי  -,DPL,IL,מטליות לחות,לא מנהל יחידת מידה,0.00,לא מנהל יחידת מידה,false,1,10.50,0.0000,true,1,27775
7290100412701,false,דר עור קרם גוף קלאסי,אמיליה קוסמטיקס בעמ,IL,"DOCTOR OR, תחליב גוף קלאסי בניחוח מאסק, 400 מל",לא מנהל יחידת מידה,0.00,לא מנהל יחידת מידה,false,1,34.90,0.0000,true,1,52130
7290100412749,false,דר עור תרחיץ פנים לע,אמיליה קוסמטיקס בעמ,IL,דר עור תרחיץ פנים לעור יבש פרחי בר,לא מנהל יחידת מידה,0.00,לא מנהל יחידת מידה,false,1,26.90,0.0000,true,1,52133
7290100653586,false,דאודורנט ליידי ספיד,קולגייט פלמוליב,US,דאודורנט ליידי ספיד סטיק 24/7 גל פרש פיוזן 65 גרם,גרמים,65.00,100 גרם,false,1,19.90,0.3062,true,1,5019
7290100658338,false,סבון כלים פלמוליב כח,קולגייט פלמוליב,GR,פלמוליב נוזל לניקוי כלים אוקסי פלוס(כחול) 750 מל,מיליליטרים,750.00,"100 מ""ל",false,1,12.90,0.0172,true,1,5195
7290100659090,false,מאגדת חטיף דגנים תמר,"כד בני דרום בע""מ",IL,FRמאגדת חטיף דגנים תמרים וקינמון 110 גרם,גרמים,110.00,100 גרם,false,1,17.50,0.1591,true,1,5389
7290100680650,false,מנה חמה נודלס תאילנד,THAI PRESIDENT FOODS,TH,מנה חמה נודל.+ירקות תאילנדי6 6*76גרם,גרמים,76.00,100 גרם,false,1,7.90,0.1039,true,1,4896
7290100680667,false,מנה חמה נודלס סצואן,THAI PRESIDENT FOODS,TH,מנה חמה נודלס+ירקות ט.סצ'ואן6 6*76גרם,גרמים,76.00,100 גרם,false,1,7.90,0.1039,true,1,4897
7290100681503,false,סירופ עסיס דיאט לימו,בית-השיטה עסיס תעשיו,IL,עסיס לימונענע דיאט 12*1ליטר,ליטרים,1.00,ליטר,false,1,21.90,21.9000,true,1,4844
7290100683880,false,תבשיל פירה 260 גרם,"אסם השקעות בע""מ",IL,אסם פירה 6*260גרם,גרמים,260.00,100 גרם,false,1,16.90,0.0650,true,1,5451
7290100685242,false,במבה תות על סרט 30 ג,"אסם השקעות בע""מ",IL,במבה מתוקה מחומרים טבעיים סרט 6 8*30גרם,גרמים,30.00,100 גרם,false,1,3.50,0.1167,true,1,5671
7290100685334,false,מרק עוף אמיתי ר.טבעי,"אסם השקעות בע""מ",IL,אסם מרק עוף רכיבים טבעיים בדצ6*400גרם,גרמים,400.00,100 גרם,false,1,29.90,0.0747,true,1,6456
7290100685341,false,אבקת מרק טעם עוף 400,"אסם השקעות בע""מ",IL,אסם מרק זך טעם עוף רכיבים טבעים 6*400ג,גרמים,400.00,100 גרם,false,1,19.90,0.0497,true,1,5717
7290100687109,false,במבה במילוי נוגט,"אסם השקעות בע""מ",IL,במבה במילוי נוגט 60 גרם,גרמים,60.00,100 גרם,false,1,4.90,0.0817,true,1,7032
7290100700020,false,גריסי פנינה 500 גרם,"סוגת תעשיות בע""מ",IL,גריסי פנינה 500 גרם,גרמים,500.00,100 גרם,false,1,6.50,0.0130,true,1,4871
7290100700075,false,פירורי לחם מוזהבים ס,"סוגת תעשיות בע""מ",IL,פירורי לחם מוזהבים סוגת 200 גרם,גרמים,200.00,100 גרם,false,1,4.50,0.0225,true,1,18291
7290100700242,false,"אורז עגול מלא 1 ק""ג","סוגת תעשיות בע""מ",IL,"אורז עגול מלא 1 ק""ג",קילוגרמים,1.00,"ק""ג",false,1,11.90,11.9000,true,1,13455
7290100700273,false,קינואה סוגת 500 גרם,"סוגת תעשיות בע""מ",IL,קינואה 500 גרם,גרמים,500.00,100 גרם,false,1,16.90,0.0338,true,1,8672
7290100700372,false,אורז בסמטי מלא סוגת,"סוגת תעשיות בע""מ",IL,אורז בסמטי מלא 1 קג,קילוגרמים,1.00,"ק""ג",false,1,16.90,16.9000,true,1,8008
7290100700396,false,"אורז יסמין סוגת 1 ק""","סוגת תעשיות בע""מ",IL,אורז יסמין קלאסי,קילוגרמים,1.00,"ק""ג",false,1,14.90,14.9000,true,1,13448
7290100700587,false,בורגול סוגת 500 גרם,"סוגת תעשיות בע""מ",IL,בורגול 500 גרם,גרמים,500.00,100 גרם,false,1,6.50,0.0130,true,1,9591
7290100701331,false,"קמח רב תכליתי 1 ק""ג","שטיבל בע""מ - טחנות ק",IL,קמח רב תכליתי +1,קילוגרמים,1.00,"ק""ג",false,1,8.90,8.9000,true,1,12680
7290100701454,false,גרישה 500 גרם,"סוגת תעשיות בע""מ",IL,גרישה 500 גרם,גרמים,500.00,100 גרם,false,1,6.50,0.0130,true,1,51382
7290100701874,false,"קמח כוסמין מלא 1ק""ג",טחנות קמח שטיבל באר,IL,קמח כוסמין מלא + 14,קילוגרמים,1.00,"ק""ג",false,1,18.90,18.9000,true,1,28638
7290100701881,false,"קמח פיצה 1 ק""ג - סוג","שטיבל בע""מ - טחנת קמ",IL,"קמח פיצה 1 ק""ג - סוגת",קילוגרמים,1.00,"ק""ג",false,1,6.80,6.8000,true,1,12572
7290100703007,false,עדשים שחורות בלוגה 5,האי נאם סי או אל.טי.,IL,עדשים שחורות בלוגה,גרמים,500.00,100 גרם,false,1,9.90,0.0198,true,1,50895
7290100704066,false,עדשים צהובות 500 גרם,"סוגת תעשיות בע""מ",IL,עדשים צהובות 500 גרם,גרמים,500.00,100 גרם,false,1,9.90,0.0198,true,1,48247
7290100704141,false,סודה לשתייה 100 גרם,א.ל. ייצור ושיווק תב,IL,סודה לשתיה 100 גרם,גרמים,100.00,100 גרם,false,1,3.50,0.0350,true,1,50954
7290100704530,false,קמח כוסמין לבן ללא צ,טחנות קמח שטיבל באר,IL,קמח כוסמין לבן ללא ניפוי,קילוגרמים,1.00,"ק""ג",false,1,17.90,17.9000,true,1,68779
7290100704653,false,קמח כוסמין לבן תופח,טחנות קמח שטיבל באר,IL,קמח כוסמין לבן תופח ללא ניפוי,קילוגרמים,1.00,"ק""ג",false,1,17.90,17.9000,true,1,69104
7290100850916,false,דוריטוס חמוץ חריף 70,"שטראוס פריטו ליי בע""",IL,דוריטוס חמוץ חריף 70 גר 48 יח,גרמים,70.00,100 גרם,false,1,5.50,0.0786,true,1,4669
7290100850923,false,דוריטוס גריל 70 גרם,שטראוס פריטו ליי  בע,IL,דוריטוס גריל 70 גר 48 יח,גרמים,70.00,100 גרם,false,1,5.50,0.0786,true,1,4670
7290100850930,false,דוריטוס טבעי 70 גרם,שטראוס פריטו ליי  בע,IL,דוריטוס טבעי 70 גר 48 יח,גרמים,70.00,100 גרם,false,1,5.50,0.0786,true,1,4671
7290100858592,false,אבקת קקאו עלית 150 ג,הנסיך- מפעל לייצור ט,IL,שקית קקאו 150גרם/20שק/150גר,גרמים,150.00,100 גרם,false,1,11.90,0.0793,true,1,6050
7290101453871,false,נר מספר   0,סודי,,נר מספר   0,Unknown,0.00,Unknown,false,1,3.50,0.0000,true,1,21287
7290101453895,false,נר מספר  2,סודי,,נר מספר  2,Unknown,0.00,Unknown,false,1,3.50,0.0000,true,1,21289
7290101453963,false,נר מספר  9,סודי,,נר מספר  9,Unknown,0.00,Unknown,false,1,3.50,0.0000,true,1,21296
7290101454151,false,"נרות ג""מבו כוכבים סמ",סודי,,"נרות ג""מבו כוכבים סמי הכבאי",יחידה,1.00,יחידה,false,1,6.80,6.8000,true,1,24303
7290101455356,false,ממתק ספרי רימון,CANAL,,ממתק ספרי רימון,מיליליטרים,50.00,"100 מ""ל",false,1,11.90,0.2380,true,1,24212
7290101486688,false,מאגדת חטיף דגנים עם,"כד בני דרום בע""מ",IL,FREEמאגדת חטיף דגנים עם שוקולד 100 גרם,גרמים,100.00,100 גרם,false,1,17.50,0.1750,true,1,6567
7290101488286,false,דאודורנט ספרי ליידי,קולגייט פלמוליב,RU,דאודורנט ספרי ל.ספיד ורוד פרש פיוזן150 מ,מיליליטרים,150.00,"100 מ""ל",false,1,23.90,0.1593,true,1,8187
7290101488316,false,דאו ליידי ספיד סטיק,קולגייט פלמוליב,US,דאודורנט ליידי ספיד סטיק ללא סימן שאוור פרש 65 גרם,מיליליטרים,65.00,"100 מ""ל",false,1,19.90,0.3062,true,1,7099
7290101551027,false,קפסולות קפה אספרסו 1,שטראוס קפה בי.וי,IL,קפסולות קפה אספרסו 14,גרמים,50.00,100 גרם,false,1,18.90,0.3780,true,1,52306
7290101551300,false,סילאן לחיץ יד מרדכי,"פוליבה בע""מ",IL,סילאן טבעי לחיץ 380 גרם,גרמים,380.00,100 גרם,false,1,18.90,0.0497,true,1,51688
7290101551539,true,דנונה פרו 20 גרם בטע,"שטראוס בריאות בע""מ",IL,דנונה פרו 20 גר אפרסק 0% שומן,גרמים,200.00,100 גרם,false,1,6.50,0.0325,true,1,50065
7290101551904,false,בוטנים חמוץ חריף 50,הנסיך- מפעל לייצור ט,IL,בוטנים חמוץ חריף 50 גרם,גרמים,50.00,100 גרם,false,1,2.90,0.0580,true,1,51452
7290101863410,false,סיליט באנג אקונומיקה,סיליט,,"סיליט באנג אקונומיקה 750 מ""ל",מיליליטרים,750.00,"100 מ""ל",false,1,16.90,0.0225,true,1,7843
7290101864127,false,קליה אוקסי ספריי,רקיט בנקיזר,IL,"ספריי מסיר כתמים וניש קליה 750 מ""ל",מיליליטרים,750.00,"100 מ""ל",false,1,19.90,0.0265,true,1,8443
7290101865261,false,נוזל הברקה למדיח,פיניש,,"פיניש נוזל הברקה למדיח 800 מ""ל",מיליליטרים,800.00,"100 מ""ל",false,1,22.90,0.0286,true,1,64737
7290101866633,false,"ג""ל להסרת כתמים קליה",קליה,,"ג""ל להסרת כתמים קליה וניש 3 ליטר",ליטרים,3.00,ליטר,false,1,27.90,9.3000,true,1,11606
7290101980919,false,ביצי שוקולד מארז שלי,זאיני,,ביצי שוקולד מארז שלישייה 60 גרם,גרמים,60.00,100 גרם,false,1,16.90,0.2817,true,1,6821
7290101984412,false,זיקוק מספר,F.T.I,,זיקוק מספר,Unknown,0.00,Unknown,false,1,5.80,0.0000,true,1,18317
7290101985433,false,הפתעות לימי הולדת,NOVELTY,,הפתעות לימי הולדת,Unknown,0.00,Unknown,false,1,6.80,0.0000,true,1,16192
7290101992059,false,כרזת מזל טוב,ארסלן,,כרזת מזל טוב,Unknown,0.00,Unknown,false,1,5.80,0.0000,true,1,24293
7290101999553,false,נרות גמבו כוכבים  דו,סודי,,נרות גמבו כוכבים  דורה,Unknown,0.00,Unknown,false,1,6.80,0.0000,true,1,24301
7290101999584,false,נרות גמבו הלו קיטי,סודי,,"נרות ג""מבו כוכבים- הלו קיטי",יחידה,1.00,יחידה,false,1,6.80,6.8000,true,1,21680
7290101999614,false,"נרות ג""מבו כוכבים פו",סודי,,"נרות ג""מבו כוכבים פו הדב",מיליליטרים,0.00,"100 מ""ל",false,1,6.80,0.0000,true,1,24304
7290101999621,false,נרות מטה כוכבים  דרד,סודי,,נרות מטה כוכבים  דרדסים,Unknown,0.00,Unknown,false,1,6.80,0.0000,true,1,24307
7290102004256,false,סט משאבה עם בלונים ו,גמר,,סט משאבה עם בלונים ווינקס,Unknown,0.00,Unknown,false,1,19.00,0.0000,true,1,24297
7290102006403,false,זר יוםהולדת פרח סגול,H.PARTY,,זר יום הולדת לראש עם פרחים סגול,יחידה,1.00,יחידה,false,1,10.90,10.9000,true,1,22295
7290102030330,false,תפוציפס קראנץ מקסיקנ,"שטראוס פריטו ליי בע""",IL,תפו קראנצ מקסיקני 200 גר 12 יח - שמיטה,גרמים,200.00,100 גרם,false,1,11.90,0.0595,true,1,6473
7290102060764,false,מרידול מברשת שיניים,יבואן ומשווק: ש. שסט,,מרידול זוג מברשות שיניים עדין 2 יחידות,Unknown,0.00,Unknown,false,1,33.90,0.0000,true,1,70493
7290102300815,false,צדר כתום פרוס 200גרם,שבינגטון,GB,צדר כתום פרוס 200גרם,גרמים,200.00,100 גרם,false,1,29.90,0.1495,true,1,69962
7290102300822,false,גבינת צדר אנגלית כתו,יוליניבר,,גבינת צדר אנגלית כתומה 200 גרם נני,גרמים,200.00,100 גרם,false,1,27.90,0.1395,true,1,12722
7290102300853,false,גבינת צדר לבן פרוס,מיוצר עי קונדיטוריית,,"גבינת צ""דר לבן פרוס 200 גר נני",גרמים,200.00,100 גרם,false,1,32.90,0.1645,true,1,17261
7290102300860,false,גבינת צדר אנגלית 200,יוליניבר,,גבינת צדר אנגלית 200 גרם נני,גרמים,200.00,100 גרם,false,1,27.90,0.1395,true,1,12727
7290102302246,false,גבינת גאודה 200 גרם,מיוצר עי קונדיטוריית,NL,גבינת גאודה נני 200 גרם,גרמים,200.00,100 גרם,false,1,27.90,0.1395,true,1,31603
7290102302840,false,גבינת גאודה עיזים פר,מיוצר עי קונדיטוריית,NL,גבינת גאודה עיזים פרוסה  של נני 150 גרם,גרמים,150.00,100 גרם,false,1,34.90,0.2327,true,1,59738
7290102302864,false,גאודה פסטו ירוק 200,הנרי ויליך,NL,גאודה פסטו ירוק 200 גרם,גרמים,200.00,100 גרם,false,1,36.90,0.1845,true,1,59740
7290102302888,false,גאודה כמון 200 גרם,מיוצר עי קונדיטוריית,NL,גאודה כמון 200 גרם,גרמים,200.00,100 גרם,false,1,33.90,0.1695,true,1,59742
7290102303977,false,טונה בהירה בשמן זית,Ramirez,PT,טונה בהירה בשמן זית רוברט  140גרם,גרמים,140.00,100 גרם,false,1,11.90,0.0850,true,1,71581
7290102390427,false,יוגורט מולר פרופ תות,טרה,,יוגורט מולר פרופ תות 150 גרם,גרמים,150.00,100 גרם,false,1,5.90,0.0393,true,1,6875
7290102390465,false,יוגורט מולר פרופ אפר,טרה,,יוגורט מולר פרופ אפרסק פסיפלורה 150 גרם,גרמים,150.00,100 גרם,false,1,5.90,0.0393,true,1,6876
7290102390489,false,יוגורט מולר פרופ לימ,טרה,,יוגורט מולר פרופ לימון 150 גרם,גרמים,150.00,100 גרם,false,1,5.90,0.0393,true,1,6877
7290102391844,false,יוגורט מולר פרופ פיר,טרה,,יוגורט מולר פרופ פירות יער 150 גרם,גרמים,150.00,100 גרם,false,1,5.90,0.0393,true,1,7480
7290102392094,false,חלב עיזים 1 ליטר קרט,מילקו תעשיות בעמ,IL,חלב עיזים בקרטון 1 ליטר,ליטרים,1.00,ליטר,false,1,18.90,18.9000,true,1,7894
7290102392728,false,יוגרוט מולר ביאנקו 2,"טרה, פארק תעשיות בע""",IL,"מולייר, יוגורט bio 2.8%  שומן",גרמים,200.00,100 גרם,false,1,4.50,0.0225,true,1,8766
7290102393039,false,יוגורט מולר מיקס פצפ,טרה,IL,יוגורט מולר מיקס פצפוצי שוקולד 170 גרם,גרמים,170.00,100 גרם,false,1,6.50,0.0382,true,1,9371
7290102393169,false,יוגורט מולר סימפלי פ,טרה,IL,מולר יוגורט ביו עם תות שדה 3% שומן 150 גרם,גרמים,150.00,100 גרם,false,1,6.00,0.0400,true,1,10468
7290102393176,false,יוגורט מולר סימפלי פ,מילקו תעשיות בעמ,IL,יוגורט מולר סימפלי פרוט אפרסק 3% 150 גרם,גרמים,150.00,100 גרם,false,1,6.00,0.0400,true,1,10469
7290102393190,false,יוגורט מולר סימפלי פ,מילקו תעשיות בעמ,IL,Muller Simply fruit יוגורט BIO פירות יער,גרמים,150.00,100 גרם,false,1,6.00,0.0400,true,1,10470
7290102393848,false,יוגורט עיזים תות 150,טרה,IL,יוגורט עיזים עם תות,גרמים,150.00,100 גרם,false,1,7.90,0.0527,true,1,11183
7290102393855,false,יוגורט עיזים אפרסק 1,מחלבת משק צוריאל,,יוגורט עיזים אפרסק 150 גרם צוריאל,גרמים,150.00,100 גרם,false,1,7.90,0.0527,true,1,11184
7290102393947,false,יוגורט מולר סימפלי פ,מילקו תעשיות בעמ,IL,יוגורט מולר סימפלי פרוט קיווי 3% 150 גרם,גרמים,150.00,100 גרם,false,1,6.00,0.0400,true,1,11358
7290102394081,false,יוגורט קורנפלקס מולר,מילקו תעשייה בעמ,IL,Muller mix קורנפלקס מצופה,גרמים,170.00,100 גרם,false,1,6.50,0.0382,true,1,11359
7290102394258,false,גבינת עיזים 9% מה עז,משק צוריאל,IL,משק צוריאל מה-עז מחלב עיזים 9% שומן 180 גרם,גרמים,180.00,100 גרם,false,1,25.90,0.1439,true,1,12098
7290102394463,false,גבינה צהובה 28% נעם,טרה,IL,"גבנצ 28% ואקום 500 ג' בד""צ",גרמים,500.00,100 גרם,false,1,30.90,0.0618,true,1,14895
7290102394814,false,חמאה טרה 200 גרם,טרה,,חמאה טרה 200 גרם,גרמים,200.00,100 גרם,false,1,8.80,0.0440,true,1,13235
7290102394821,false,גבינה צהובה דק דק 28,מילקו תעשיות בעמ,IL,גבנצ 28% דק דק 200 ג',גרמים,200.00,100 גרם,false,1,18.90,0.0945,true,1,12753
7290102394845,false,גבינה צהובה דק דק 9%,מילקו תעשיות בעמ,IL,גבנצ 9% דק דק 200 ג',גרמים,200.00,100 גרם,false,1,17.90,0.0895,true,1,12754
7290102395521,false,שמנת לבישול טרה 15%,מילקו תעשיות בעמ,IL,שמנת לבישול טרה 15% 500גרם,גרמים,500.00,100 גרם,false,1,17.50,0.0350,true,1,18439
7290102396047,false,יוגורט מולר סימפלי א,טרה,,יוגורט מולר סימפלי אננס 1.5% 150 גרם,גרמים,150.00,100 גרם,false,1,5.70,0.0380,true,1,16869
7290102396665,false,גבינה צהובה דק דק 15,מילקו תעשיות בעמ,IL,גבנצ 15% דק דק 200 ג',גרמים,200.00,100 גרם,false,1,18.90,0.0945,true,1,24486
7290102396719,false,יוגורט מולר סימפלי פ,טרה,IL,יוגורט BIO עם חתיכת פרי,גרמים,150.00,100 גרם,false,1,6.00,0.0400,true,1,20644
7290102397334,false,גבינה בולגרית צוריאל,מחלבת משק צוריאל,IL,בולגרית 5% 250 גרם,גרמים,250.00,100 גרם,false,1,23.90,0.0956,true,1,26370
7290102397464,false,יוגורט מולר נטורל פק,טרה,IL,מולר ביאנקו פלוס + פקאן וגרעינים,גרמים,168.00,100 גרם,false,1,6.50,0.0387,true,1,29588
7290102397600,false,מולר מיקס שקדים ובוט,מילקו תעשייה בעמ,IL,Muller mix שקדים ובוטנים בקרמל,גרמים,168.00,100 גרם,false,1,6.50,0.0387,true,1,26776
7290102397617,false,יוגורט מולר מיקס קלי,טרה,IL,Muller mix כדורי דגנים בציפוי שוקולד,גרמים,168.00,100 גרם,false,1,6.50,0.0387,true,1,26777
7290102397730,false,גבינת אמנטל נעם פתיח,טרה,IL,טרה נועם אמנטל פרוסות גבינה חצי קשה 30% 200 גרם,גרמים,200.00,100 גרם,false,1,19.90,0.0995,true,1,30132
7290102397747,false,גבינה מוצרלה נעם רכי,טרה,IL,"מוצרלה נעם 22% שומן, 200 גרם",גרמים,200.00,100 גרם,false,1,23.90,0.1195,true,1,31649
7290102397891,false,גבינה מותכת צוריאל 1,משק צוריאל,IL,גבינה מותכת 100 גרם צוריאל,גרמים,100.00,100 גרם,false,1,8.50,0.0850,true,1,29591
7290102398065,false,חלב 2 3% ליטר קרטון,טרה,IL,טרה חלב בקרטון 2 ליטר 3% שומן,ליטרים,2.00,ליטר,false,1,12.46,6.2300,true,1,30642
7290102398072,false,חלב 3% קרטון מהדרין,טרה,IL,חלב בקרטון 1 ליטר 3% שומן,ליטרים,1.00,ליטר,false,1,6.23,6.2300,true,1,30641
7290102398140,false,יוגורט מולר רייס במת,טרה,IL,יוגורט מולר רייס במתיקות מעודנת170 גרם,גרמים,170.00,100 גרם,false,1,5.90,0.0347,true,1,47965
7290102398188,false,יוגורט מולר ריס בטעם,טרה,IL,Muller rice עם קרם בטעם תות,גרמים,170.00,100 גרם,false,1,5.90,0.0347,true,1,42322
7290102398294,false,יוגורט מולר פרופ מנג,טרה,IL,מנגו 0.9% 150 גרם  Muller Froop,גרמים,150.00,100 גרם,false,1,5.90,0.0393,true,1,31624
7290102398331,false,חלב מועשר דל לקטוז 1,טרה,IL,"טרה חלב מועשר דל לקטוז 2% שומן, 1 ליטר",ליטרים,1.00,ליטר,false,1,8.90,8.9000,true,1,31651
7290102398560,false,שוקו טרה מועשר בקבוק,מילקו תעשיות בעמ,IL,שוקו טרה מועשר בקבוק 1ליטר,ליטרים,1.00,ליטר,false,1,13.90,13.9000,true,1,49586
7290102398577,false,שוקו טרה מועשר בקבוק,מילקו תעשיות בעמ,IL,"שוקו250 מ""ל בקבוק",מיליליטרים,250.00,"100 מ""ל",false,1,6.90,0.0276,true,1,49589
7290102398614,false,משקה חלב בטעם בננה,מילקו תעשיות בעמ,IL,משקה חלב בטעם בננה 1 ליטר,ליטרים,1.00,ליטר,false,1,13.90,13.9000,true,1,49588
7290102398638,false,משקה חלב בטעם מוקה,מילקו תעשיות בעמ,IL,משקה חלב בטעם מוקה 1 ליטר,ליטרים,1.00,ליטר,false,1,13.90,13.9000,true,1,49587
7290102398669,false,אייס קפוצינו טרה 1 ל,מילקו תעשיות בעמ,IL,"אייס קפוצ'ינו 1 ליטר בד""צ",ליטרים,1.00,ליטר,false,1,13.90,13.9000,true,1,59898
7290102398782,false,משקה סויה קלאסי משק,ואל סויה,IT,משקה סויה קלאסי משק צוריאל,ליטרים,1.00,ליטר,false,1,12.90,12.9000,true,1,58782
7290102398799,false,משקה סויה במתיקות מו,ואל סויה,IT,משקה סויה במתיקות מופחתת,ליטרים,1.00,ליטר,false,1,12.90,12.9000,true,1,58784
7290102399048,false,קשקבל נעם פתיחה חוזר,טרה,IL,קשקבל נעם פתיחה חוזרת - 200 גרם,גרמים,200.00,100 גרם,false,1,27.90,0.1395,true,1,53201
7290102399796,false,מולר אקטיב יוגורט25,טרה,IL,Muller Active יוגורט BIO מועשר חלבון,גרמים,200.00,100 גרם,false,1,6.90,0.0345,true,1,59891
7290102399802,false,מולר אקטיב יוגורט25,טרה,IL,Muller Active יוגורט תות מועשר חלבון 20 גרם,גרמים,200.00,100 גרם,false,1,6.90,0.0345,true,1,59894
7290102399819,false,מולר אקטיב יוגורט25,טרה,IL,Muller Active יוגורט פירות יער מועשר חלבון 20 גרם,גרמים,200.00,100 גרם,false,1,6.90,0.0345,true,1,59893
7290103401429,false,קפה פלטינום קצב ברזי,שטראוס קפה בי.וי,IL,פלטינום ברזילאי 200 גרם,גרמים,200.00,100 גרם,false,1,29.90,0.1495,true,1,8267
7290103408206,false,עלי חסה בקופסא250 גר,שטראוס בריאות ירקות,IL,עלי חסה בקופסא250 גר שטופים שטראוס,גרמים,250.00,100 גרם,false,1,14.90,0.0596,true,1,9299
7290103681180,false,"יין מרלו 750 מ""ל סדר",מיוצר על ידי יקב תבו,IL,הר מרלו 750 מל,מיליליטרים,750.00,"100 מ""ל",false,1,38.90,0.0519,true,1,51916
7290103681210,false,"יין שרדונה 750 מ""ל ס",מיוצר על ידי יקב תבו,IL,תבור הר שרדונה 750 מל,מיליליטרים,750.00,"100 מ""ל",false,1,38.90,0.0519,true,1,51914
7290103681227,false,יין גוורצטרמינר חצי,מיוצר על ידי יקב תבו,IL,הר גוורצטרמינר 750 מל,מיליליטרים,750.00,"100 מ""ל",false,1,38.90,0.0519,true,1,51918
7290103681241,false,"הר מוסקטו  750 מ""ל",תבור,IL,"תבור הר מוסקטו  750 מ""ל",מיליליטרים,750.00,"100 מ""ל",false,1,38.90,0.0519,true,1,53876
7290104061219,false,רבע לשבע אגוזים,"שטראוס גרופ בע""מ",IL,רבע לשבע אגוזים (אדום) 120 גר ווסטעהיים,גרמים,120.00,100 גרם,false,1,13.90,0.1158,true,1,10174
7290104061417,false,סלט חומוס וטחינה,"שטראוס גרופ בע""מ",IL,סלט חומוס וטחינה 400 גרם,גרמים,400.00,100 גרם,false,1,12.90,0.0323,true,1,8746
7290104061431,false,סלט חומוס וצנובר,"שטראוס גרופ בע""מ",IL,סלט חומוס וצנובר 400 גרם,גרמים,400.00,100 גרם,false,1,12.90,0.0323,true,1,8748
7290104061448,false,סלט חומוס וחריף,"שטראוס גרופ בע""מ",IL,חומוס חריף 400 גרם,גרמים,400.00,100 גרם,false,1,12.90,0.0323,true,1,8749
7290104065934,false,עלי רוקט 150 גרם שטו,שטראוס בריאות ירקות,IL,עלי רוקט 150 גרם שטופים שטראוס,גרמים,150.00,100 גרם,false,1,13.90,0.0927,true,1,9555
7290104067679,false,טחינה אחלה 400 גרם,"שטראוס גרופ בע""מ",IL,טחינה 400,גרמים,400.00,100 גרם,false,1,12.90,0.0323,true,1,24619
7290104289552,false,מטריה מיני שחור,סיגו ינקו,,מטריה מיני שחור,יחידה,1.00,יחידה,false,1,19.90,19.9000,true,1,69562
7290104500572,false,אפרופו איטליאנו,"אסם השקעות בע""מ",IL,אפרופו איטלקי 36*50גרם,גרמים,50.00,100 גרם,false,1,5.90,0.1180,true,1,11193
7290104501661,false,פודינג אינסטנט וניל,מיוצר עי קונדיטוריית,IL,אסם פודינג בטעם וניל צרפתי 12*80גרם,גרמים,80.00,100 גרם,false,1,6.50,0.0813,true,1,10383
7290104506819,false,"קראנץ רולס כשל""פ  37","אסם השקעות בע""מ",IL,קראנץ' רולס כלפ.16*370גרם,גרמים,370.00,100 גרם,false,1,26.90,0.0727,true,1,10999
7290104508943,false,במבה קלאסי 200 גרם,"אסם השקעות בע""מ",IL,במבה קלאסי 200 גרם,גרמים,200.00,100 גרם,false,1,11.90,0.0595,true,1,12174
7290104722530,false,תפוציפס שמנת בצל200,"שטראוס פריטו ליי בע""",IL,תפו שמנת בצל 200 גר 12 יח - שמיטה,גרמים,200.00,100 גרם,false,1,11.90,0.0595,true,1,10178
7290104726262,false,מארז דני לשתייה רביע,מיוצר עי קונדיטוריית,IL,דני שלוק שוקולד רביעייה,גרמים,500.00,100 גרם,false,1,11.90,0.0238,true,1,10799
7290104726484,false,סוכריות טופי פרצופי,"שטראוס גרופ בע""מ",IL,טופי פרצופי מגדים 150 ג',גרמים,150.00,100 גרם,false,1,7.30,0.0487,true,1,10924
7290104728310,false,שמנת עמידה לקצפת 38%,מחלבת יטבתה,IL,שמנת להקצפה 38% מהדרין,מיליליטרים,250.00,"100 מ""ל",false,1,6.47,0.0259,true,1,11299
7290104729003,false,שמן זית כתית מעולה י,תות תעשיות מזון (201,IL,שמן זית כתית מעולה יד מרדכי,מיליליטרים,750.00,"100 מ""ל",false,1,36.90,0.0492,true,1,38776
7290104960239,false,אל סבון לבן,טרופיקל דגיל תעשיות,IL,נקה 7 ארומה אל סבון 750 לבן,מיליליטרים,750.00,"100 מ""ל",false,1,13.90,0.0185,true,1,10313
7290104960253,false,אל סבון לבנדר ארומה,טרופיקל דגיל תעשיות,IL,נקה 7 ארומה אל סבון 750 לבנדר,מיליליטרים,750.00,"100 מ""ל",false,1,13.90,0.0185,true,1,10314
7290104964015,false,סקין גארד סטיק הגנה,מיוצר עי : אמיליה קו,US,סקין גארד סטיק הגנה לפנים 50 מל,מיליליטרים,50.00,"100 מ""ל",false,1,44.90,0.8980,true,1,29592
7290105360250,false,קפסולות מקיאטו 10 יח,שטראוס קפה בי.וי.,IL,קפסולות 09 למכונות NESPRESSO,גרמים,50.00,100 גרם,false,1,18.90,0.3780,true,1,15129
7290105360328,false,קפסולות קפה אספרסו 1,שטראוס קפה בי.וי.,IL,קפסולות 10 למכונות NESPRESSO,גרמים,50.00,100 גרם,false,1,18.90,0.3780,true,1,15090
7290105360335,false,קפסולות אספרסו 10 יח,שטראוס קפה בי.וי.,IL,קפסולות 07 למכונות NESPRESSO,גרמים,50.00,100 גרם,false,1,18.90,0.3780,true,1,15091
7290105360755,false,שמן זית 3 חזק,מכוורת יד מרדכי שטרא,IL,"שמן זית 3 חזק 750 מ""ל",מיליליטרים,750.00,"100 מ""ל",false,1,36.90,0.0492,true,1,13241
7290105361707,false,כיף כף לבן 45 גרם,"שטראוס גרופ בע""מ",IL,כיף כיף לבן 45 גר',גרמים,45.00,100 גרם,false,1,4.50,0.1000,true,1,11368
7290105362339,false,שמנת לבישול     15%,מחלבת יטבתה,IL,שמנת לבישול 15% מהדרין- ח,מיליליטרים,250.00,"100 מ""ל",false,1,8.60,0.0344,true,1,13243
7290105363602,false,מקלות כיף כף קלאסי,"איי, בי, אינבוו",TR,כיף כף מקלות קלאסי,גרמים,40.00,100 גרם,false,1,5.20,0.1300,true,1,14391
7290105364289,false,מקלות כיף כף פצפוצים,"איי, בי, אינבוו",TR,כיף כף מקלות פצפוצים,גרמים,40.00,100 גרם,false,1,5.20,0.1300,true,1,14392
7290105364302,false,מקלות כיף כף אגוזים,"איי, בי, אינבוו",TR,כיף כף מקלות אגוזים,גרמים,40.00,100 גרם,false,1,5.20,0.1300,true,1,14393
7290105366023,false,חציל בטעם כבד 400 גר,"שטראוס גרופ בע""מ",IL,חציל בטעם כבד 400 גרם,גרמים,400.00,100 גרם,false,1,17.90,0.0447,true,1,49180
7290105368331,false,מילקי תות 133 גרם,מחלבת אחיהוד,IL,מילקי בטעם תות,גרמים,133.00,100 גרם,false,1,2.90,0.0218,true,1,13426
7290105368904,false,שמנת מתוקה 250 32% מ,מחלבת יטבתה,IL,שמנת מתוקה להקצפה 32% מהדרין-ח,מיליליטרים,250.00,"100 מ""ל",false,1,7.80,0.0312,true,1,14040
7290105368959,false,משקה פונץ בננה פקק ס,מחלבת יטבתה,IL,"פונץ' בננה פקק 250 מ""ל",מיליליטרים,250.00,"100 מ""ל",false,1,5.90,0.0236,true,1,13246
7290105369130,false,גבינת סימפוניה 5% בצ,"שטראוס בריאות בע""מ",IL,סימפוניה בצל ירוק 2022,גרמים,200.00,100 גרם,false,1,12.90,0.0645,true,1,14906
7290105431868,false,פלמוליב ספא קוקוס 50,קולגייט פלמוליב,TR,500 מל סבון נוזלי פלמוליב חלב קוקוס,מיליליטרים,500.00,"100 מ""ל",false,1,17.90,0.0358,true,1,17352
7290105500151,false,וודקה פינלנדיה בקבוק,"אלטיה קורפ, הלסינקי,",FI,"וודקה פינלנדיה בקבוק 700 מ""ל",מיליליטרים,700.00,"100 מ""ל",false,1,74.90,0.1070,true,1,13746
7290105500236,false,ויסקי גק דניאלס 700,ג'ק דניאלס,US,טנסי וויסקי,מיליליטרים,700.00,"100 מ""ל",false,1,129.90,0.1856,true,1,19275
7290105500748,false,פיימוס גראוס 700 מל,מתיו גלוג אנד סאן,GB,"פיימוס גראוס 700 מ""ל",מיליליטרים,700.00,"100 מ""ל",false,1,89.90,0.1284,true,1,19244
7290105501547,false,מארז גריי גוס 700 פל,בקרדי מרטיני,FR,מארז גריי גוס 700 פלוס כוס,מיליליטרים,700.00,"100 מ""ל",false,1,139.90,0.1999,true,1,69653
7290105691224,false,טורטייה שום בצל 60 ג,,IL,אסם חטיפי פריכונים טורטיה שום בצל 12*60ג,גרמים,60.00,100 גרם,false,1,8.50,0.1417,true,1,12351
7290105691248,false,טורטייה תירס 60 גרם,,IL,אסם חטיפי פריכונים טורטיה תירס 12*60גרם,גרמים,60.00,100 גרם,false,1,8.50,0.1417,true,1,12352
7290105695024,false,פתיתים אפויים אורז ע,"אסם השקעות בע""מ",IL,אסם פתיתים אפויים אורז עם אטריות 12*500ג,גרמים,500.00,100 גרם,false,1,7.90,0.0158,true,1,14444
7290105962331,false,סחוג חריף מאוד זהבי,אף.סי תבליני בגליל ב,IL,זחוק תימני חריף,גרמים,220.00,100 גרם,false,1,14.90,0.0677,true,1,13550
7290105962980,false,כרוב אדום 400 גרם,"שטראוס גרופ בע""מ",IL,כרוב אדום 400,גרמים,400.00,100 גרם,false,1,12.90,0.0323,true,1,24618
7290105962997,false,חציל במיונז 400 גרם,"שטראוס גרופ בע""מ",IL,חציל במיונז 400 גרם,גרמים,400.00,100 גרם,false,1,12.90,0.0323,true,1,24617
7290105963000,false,מטבוחה  400 גרם,"שטראוס גרופ בע""מ",IL,מטבוחה 400,גרמים,400.00,100 גרם,false,1,12.90,0.0323,true,1,22322
7290105964564,false,סלט חומוס אחלה 400 ג,מיוצר עי קונדיטוריית,IL,סלט חומוס אחלה 400 גרם,גרמים,400.00,100 גרם,false,1,8.90,0.0223,true,1,25553
7290105965738,false,משקה יוגורט דנונה תו,מיוצר עי קונדיטוריית,IL,"משקה יוגורט דנונה תות בננה 267מ""ל",מיליליטרים,267.00,"100 מ""ל",false,1,5.30,0.0199,true,1,18270
7290105966469,false,חומץ בלסמי יד מרדכי,אצטייה ג'וזפה קרמוני,IT,חומץ בלסמי יד מרדכי,מיליליטרים,250.00,"100 מ""ל",false,1,16.90,0.0676,true,1,15257
7290105968654,false,רביולי בטטה פרווה 40,"שטראוס גרופ בע""מ",IL,רביולי בטטה פרווה 400 EAT GOOD,גרמים,400.00,100 גרם,false,1,21.90,0.0547,true,1,14041
7290105968777,false,פריכיות 5 דגנים עם ש,"טחנת האבן תעשיות בע""",IL,פריכיות אנרגי תחתית ש.מריר OS,גרמים,70.00,100 גרם,false,1,8.50,0.1214,true,1,15580
7290106413146,false,סוכריות גומי דובי מו,פיני גולוסינאס אספני,,סוכריות גומי דובי מוברק ארוז 200 גרם,גרמים,200.00,100 גרם,false,1,11.90,0.0595,true,1,18672
7290106413153,false,סוכריות גומי יין ארו,פיני גולוסינאס אספני,,סוכריות גומי יין ארוז 200 גרם,גרמים,200.00,100 גרם,false,1,11.90,0.0595,true,1,18673
7290106413160,false,סוכריות גומי לב אפרס,פיני גולוסינאס אספני,,סוכריות גומי לב אפרסק ארוז 200 גרם,גרמים,200.00,100 גרם,false,1,11.90,0.0595,true,1,18674
7290106413184,false,סוכריות גומי נחש חמו,פיני גולוסינאס אספני,,סוכריות גומי נחש חמוץ ארוז 200 גרם,גרמים,200.00,100 גרם,false,1,11.90,0.0595,true,1,18676
7290106413290,false,ממתק חמוץ ומסוכר בטע,פיני גולוסינאס אספני,,ממתק חמוץ ומסוכר בטעמי תות ופטל 78 גרם,גרמים,78.00,100 גרם,false,1,11.90,0.1526,true,1,22729
7290106520066,false,רבע לשבע אגוזים  160,הגביע מוצרי וופלים ב,IL,רבע לשבע (ירוק) 160 גר',גרמים,160.00,100 גרם,false,1,13.90,0.0869,true,1,14540
7290106520912,false,שמנת לבישול      9%,מחלבת יטבתה,IL,שמנת לבישול 9% מהדרין-ח,מיליליטרים,250.00,"100 מ""ל",false,1,8.60,0.0344,true,1,15639
7290106524439,false,תפוציפס פופס 60 גרם,"שטראוס פריטו ליי בע""",IL,תפו פופס 60 גר 40 יח,גרמים,60.00,100 גרם,false,1,5.50,0.0917,true,1,31493
7290106525399,false,קפסולות אספרסו ברזיל,שטראוס קפה בי.וי.,IL,קפסולות 06 ברזיל למכונות NESPRESSO,גרמים,50.00,100 גרם,false,1,18.90,0.3780,true,1,26763
7290106526822,false,פריכיות אנרגי תחתית,"שטראוס גרופ בע""מ",IL,פריכיות אנרגי תחתית שוקולד 80 גרם,גרמים,80.00,100 גרם,false,1,8.50,0.1063,true,1,17531
7290106528567,false,דוריטוס גריל 185 גרם,הנסיך- מפעל לייצור ט,IL,דוריטוס גריל 185 גר 12 יח,גרמים,185.00,100 גרם,false,1,8.90,0.0481,true,1,26121
7290106528628,false,דוריטוס טבעי 185 גרם,הנסיך- מפעל לייצור ט,IL,דוריטוס טבעי 185 גרם,גרמים,185.00,100 גרם,false,1,8.90,0.0481,true,1,26122
7290106528949,false,לקט ערוגות 450 גרם ש,תות תעשיות מזון (201,IL,לקט ערוגות 450 גרם שטופים שטראוס,גרמים,450.00,100 גרם,false,1,14.90,0.0331,true,1,18913
7290106571037,false,גומיגם מארז 5 יחידות,המאפיה של הרמן,IL,גומיגם מאגדת כלפ.7 5*90גרם,גרמים,450.00,100 גרם,false,1,33.00,0.0733,true,1,14964
7290106571792,false,ויטמינציק ענבים,המאפיה של הרמן,IL,ויטמינצ'יק קרחון ענבים 48*80גרם,גרמים,80.00,100 גרם,false,1,3.00,0.0375,true,1,15006
7290106572027,false,לחמית חמישה דגנים,"אסם השקעות בע""מ",IL,לחמית חמישה דגנים 12*190גרם,גרמים,190.00,100 גרם,false,1,10.90,0.0574,true,1,14525
7290106572997,false,קמח שמרים לפיצה,,IL,"קמח שמרים לפיצה 1 ק""ג אסם",קילוגרמים,1.00,"ק""ג",false,1,11.90,11.9000,true,1,15294
7290106573277,false,קריספי טאפאס,מיוצר עי קונדיטוריית,IL,אסם קריספי טאפאס זיתים 8*150גרם,גרמים,150.00,100 גרם,false,1,13.90,0.0927,true,1,17130
7290106573314,false,קריספי טאפאס פיזורים,מיוצר עי קונדיטוריית,IL,אסם קריספי טאפאס כפרי 8*150גרם,גרמים,150.00,100 גרם,false,1,13.90,0.0927,true,1,17132
7290106573574,false,סלט חומוס ירושלמי,לחמנו,IL,צבר חומוס ירושלמי 12*400גרם,גרמים,400.00,100 גרם,false,1,12.90,0.0323,true,1,15803
7290106573598,false,סלט חומוס לבנוני 400,לחמנו,IL,צבר חומוס לבנוני 12*400גרם,גרמים,400.00,100 גרם,false,1,12.90,0.0323,true,1,15804
7290106573628,false,סלט חומוס טחינה 400,לחמנו,IL,צבר חומוס עם טחינה 12*400גרם,גרמים,400.00,100 גרם,false,1,12.90,0.0323,true,1,15805
7290106573642,false,סלט חומוס צנובר,לחמנו,IL,צבר חומוס צנובר 12*400גרם,גרמים,400.00,100 גרם,false,1,12.90,0.0323,true,1,15806
7290106574120,false,שלגון גומיגם,המאפיה של הרמן,IL,גומיגם קרחון שרבט עם סוכריות בפנים42*90ג,גרמים,90.00,100 גרם,false,1,7.00,0.0778,true,1,17669
7290106574793,false,עוגת הבית שוקוציפס,מיוצר עי קונדיטוריית,IL,הבית עוגת שוקו שוקוציפס 8*350גרם,גרמים,350.00,100 גרם,false,1,17.50,0.0500,true,1,16504
7290106574953,false,בייגלה שטוחים עם שומ,מיוצר עי קונדיטוריית,IL,אסם בייגלה שטוחים שומשום 9*300גרם,גרמים,300.00,100 גרם,false,1,11.90,0.0397,true,1,16505
7290106574977,false,בייגלה שטוחים עם מלח,מיוצר עי קונדיטוריית,IL,אסם בייגלה שטוחים עם מלח 9*300גרם,גרמים,300.00,100 גרם,false,1,11.90,0.0397,true,1,16506
7290106575257,false,עוגת הבית סופלה בטעם,מיוצר עי קונדיטוריית,IL,הבית עוגת סופלה בטעם שוקולד 8*340גרם,גרמים,340.00,100 גרם,false,1,17.50,0.0515,true,1,16936
7290106576223,false,אפרופו שוקולד חלב 40,מיוצר עי קונדיטוריית,IL,אפרופו שוקולד 36*40גרם,גרמים,40.00,100 גרם,false,1,5.90,0.1475,true,1,27688
7290106576513,false,סלט חומוס צבר 400 גר,סלטי צבר,IL,צבר חומוס 12*400גרם,גרמים,400.00,100 גרם,false,1,11.90,0.0298,true,1,16983
7290106576537,false,חומוס מסעדה צבר 700,סלטי צבר,IL,צבר חומוס מסעדה 6*700גרם,גרמים,700.00,100 גרם,false,1,13.90,0.0199,true,1,17021
7290106577282,false,טחינה אמיתית צבר 400,סלטי צבר,IL,צבר טחינה מרובע 6*400גרם,גרמים,400.00,100 גרם,false,1,14.90,0.0373,true,1,17120
7290106577480,false,חציל על האש בטחינה צ,סלטי צבר,IL,צבר חציל על האש בטחינה מרובע 6*400גרם,גרמים,400.00,100 גרם,false,1,14.90,0.0373,true,1,17121
7290106577527,false,קולסלו צבר 400 גרם,סלטי צבר,IL,צבר קולסלו מרובע 6*400גרם,גרמים,400.00,100 גרם,false,1,14.90,0.0373,true,1,17123
7290106577541,false,כרוב אדום צבר 400 גר,סלטי צבר,IL,צבר כרוב אדום מרובע 6*400גרם,גרמים,400.00,100 גרם,false,1,14.90,0.0373,true,1,17124
7290106578692,false,במבה ביסלי מיקס 80 ג,אסם,IL,במבה ביסלי מיקס 36*80גרם,גרמים,80.00,100 גרם,false,1,4.90,0.0613,true,1,47528
7290106653504,false,בוטנים אמריקאים סבבה,"שטראוס פריטו ליי בע""",IL,בוטנים אמריקאים סבבה בטעם ברביקיו 50 גרם,גרמים,50.00,100 גרם,false,1,2.90,0.0580,true,1,17262
7290106662964,false,סוכריות נוסטלגיה גומ,טופגאם תעשיות ממתקים,IL,סוכ' נוסטלגיה גומי יין,גרמים,80.00,100 גרם,false,1,7.30,0.0912,true,1,22991
7290106663091,false,גבינת לאבנה 9% 500 ג,"מחלבות בר בכפר בע""מ",IL,לאבנה 9% 500 גרם,גרמים,500.00,100 גרם,false,1,22.00,0.0440,true,1,25022
7290106663121,false,עוגת מילקי CAKE אישי,בובארד איטליה אס.פי.,IT,עוגת מילקי CAKE אישית 34 גרם,גרמים,34.00,100 גרם,false,1,3.90,0.1147,true,1,23689
7290106663503,false,קונפיטורה לייט תות ש,אף.סי תבליני בגליל ב,IL,קונפיטורת תות שדה לייט,גרמים,230.00,100 גרם,false,1,15.90,0.0691,true,1,20520
7290106664067,false,גבינת לאבנה 10% שמן,הדקלאים אגודת שיתופי,IL,גבינת לאבנה 10% שמן זית וזעתר 400 גרם,גרמים,400.00,100 גרם,false,1,18.50,0.0463,true,1,25021
7290106664555,false,רוטב שמנת 9% עם עגבנ,,IL,רוטב שמנת 9% עם עגבניות 250 מל,מיליליטרים,250.00,"100 מ""ל",false,1,11.90,0.0476,true,1,25119
7290106664562,false,רוטב שמנת 9%  עם פטר,,IL,רוטב שמנת 9%  עם פטריות 250 מל,מיליליטרים,250.00,"100 מ""ל",false,1,11.90,0.0476,true,1,22312
7290106667266,false,דוריטוס חמוץ חריף 18,הנסיך- מפעל לייצור ט,IL,דוריטוס חמוץ חריף 185 גרם,גרמים,185.00,100 גרם,false,1,8.90,0.0481,true,1,26120
7290106668577,false,מיץ לימון טבעי יד מר,יורופוד ס.ר.ל,IT,"מיץ לימון טבעי 250 מ""ל",מיליליטרים,250.00,"100 מ""ל",false,1,9.90,0.0396,true,1,23482
7290106669857,false,קפסולות אספרסו וניל,שטראוס קפה בי.וי.,IL,קפסולות אספרסו וניל 50 גרם,גרמים,50.00,100 גרם,false,1,18.90,0.3780,true,1,29317
7290106720626,false,חטיף ציטוס גבינה 80,"שטראוס פריטו ליי בע""",IL,ציטוס גבינה 80 גר 48 יח רבנות,גרמים,80.00,100 גרם,false,1,5.50,0.0688,true,1,29795
7290106721913,false,מסטיק מאסט ריח פה צי,"שטראוס גרופ בע""מ",IL,"צנצנת מאסט מנטה מרעננת לל""ס 66 גרם",גרמים,66.00,100 גרם,false,1,11.50,0.1742,true,1,22994
7290106721920,false,מסטיק מאסט ספירמינט,"שטראוס גרופ בע""מ.",IL,"צנצנת ספירמינט לל""ס 66 גרם",גרמים,66.00,100 גרם,false,1,11.50,0.1742,true,1,22995
7290106723689,false,עלי תרד ביבי,שטראוס בריאות ירקות,IL,עלי תרד בייבי שטראוס 200 גרם,גרמים,200.00,100 גרם,false,1,13.90,0.0695,true,1,20496
7290106725867,false,סירופ מייפל טבעי 189,ציטדל,CA,"סירופ מייפל טבעי 189 מ""ל",מיליליטרים,189.00,"100 מ""ל",false,1,37.90,0.2005,true,1,25016
7290106726161,false,יוגורט דנונה פרו אפר,"שטראוס בריאות בע""מ",IL,דנונה WOW אפרסק,גרמים,150.00,100 גרם,false,1,4.90,0.0327,true,1,25020
7290106727984,false,כיף כף פצפצים 135 גר,שולן צ'יקולטה גידה ס,TR,גביע פצפצים 135 ג' 2016,גרמים,135.00,100 גרם,false,1,13.90,0.1030,true,1,27766
7290106728127,false,חלב טבעי 3.6%  יטבתה,מחלבת יטבתה,IL,חלב טבעי 3.6%  יטבתה 1 ליטר,ליטרים,1.00,ליטר,false,1,8.50,8.5000,true,1,24968
7290107280389,false,סנו גט לאמבט,"איי, בי, אינבוו",IL,סנו ג'ט אמבטיה מרסס 750 מ''ל,מיליליטרים,750.00,"100 מ""ל",false,1,15.90,0.0212,true,1,17353
7290107280723,false,נוזל כלים ספארק לימו,סנו כימיקלים,IL,סנו ספארק נוזל לניקוי כלים בניחוח לימון רענן,מיליליטרים,700.00,"100 מ""ל",false,1,10.90,0.0156,true,1,21179
7290107280761,false,נוזל כלים לימון,סנו מפעלי ברונוס בעמ,IL,ספארק משאבה לימון 1ל,ליטרים,1.00,ליטר,false,1,12.90,12.9000,true,1,21261
7290107645584,false,מרק קנור עוף אמיתי ר,יוניליוור ישראל מזון,IL,קנור מרק עוף אמיתי 100% רכיבים טבעיים 400 גרם,גרמים,400.00,100 גרם,false,1,25.90,0.0647,true,1,32563
7290107646154,false,חטיף קוקומן פצפוצים,יוניליוור ישראל מזון,IL,"קוקומן חטיף פצפוצי דגנים בטעם שוקולד, 126 גרם",גרמים,126.00,100 גרם,false,1,15.90,0.1262,true,1,32588
7290107647649,false,שלגון סולרו קוקוס אנ,"גלידת שטראוס בע""מ",IL,שלגון סולרו קוקוס אננס 62 גרם,גרמים,62.00,100 גרם,false,1,7.90,0.1274,true,1,51812
7290107647656,false,שלגון מיני סולרו קוק,,IL,שלגון מיני סולרו קוקוס אננס 245גרם,גרמים,245.00,100 גרם,false,1,28.90,0.1180,true,1,51813
7290107647816,false,ברנפלקס ללא תוספת סו,יוניליוור ישראל מזון,IL,ברנפלקס ללא תוספת סוכר 500 גרם,גרמים,500.00,100 גרם,false,1,26.90,0.0538,true,1,30935
7290107647823,false,ברנפלקס בדצ500 גרם,יוניליוור ישראל מזון,IL,ברנפלקס בדצ500 גרם,גרמים,500.00,100 גרם,false,1,26.90,0.0538,true,1,30934
7290107647854,false,דגני בוקר שוגי בדצ 5,יוניליוור ישראל מזון,IL,דגני בוקר שוגי בדצ 500 גרם,גרמים,500.00,100 גרם,false,1,24.90,0.0498,true,1,30932
7290107649100,false,בייגלה טבעות שומשום,בייגל את בייגל מזון,IL,בייגלה טבעות שומשום 300 גר,גרמים,300.00,100 גרם,false,1,13.90,0.0463,true,1,70855
7290107649780,false,שוקובו שוקו 85 גרם,"מיוצר ע""י גלידת שטרא",IL,שוקובו שוקו 85 גרם,גרמים,85.00,100 גרם,false,1,10.90,0.1282,true,1,53017
7290107649858,false,טילון מגנום לבן גליד,"מיוצר ע""י גלידת שטרא",IL,מגנום  טילון שוקולד לבן 100 גרם,גרמים,100.00,100 גרם,false,1,12.90,0.1290,true,1,53756
7290107865166,false,סמארט 4500 שאיפות תפ,shenzhen shengsi,CN,סמארט 4500 שאיפות תפוח,יחידה,1.00,יחידה,false,1,149.90,149.9000,false,1,71031
7290107865173,false,סמארט 4500 שאיפות או,shenzhen shengsi,CN,סמארט 4500 שאיפות אוכמניות,יחידה,1.00,יחידה,false,1,149.90,149.9000,false,1,71036
7290107865197,false,סמארט 4500 שאיפות מל,shenzhen shengsi,CN,סמארט 4500 שאיפות מלון,יחידה,1.00,יחידה,false,1,149.90,149.9000,false,1,71028
7290107865210,false,סמארט 4500 שאיפות סו,shenzhen shengsi,CN,סמארט 4500 שאיפות סוכריה,יחידה,1.00,יחידה,false,1,149.90,149.9000,false,1,71033
7290107865227,false,סמארט 4500 שאיפות פי,shenzhen shengsi,CN,סמארט 4500 שאיפות פירות,יחידה,1.00,יחידה,false,1,149.90,149.9000,false,1,71032
7290107865234,false,סמארט 4500 שאיפות תו,shenzhen shengsi,CN,סמארט 4500 שאיפות תות,יחידה,1.00,יחידה,false,1,149.90,149.9000,false,1,71030
7290107870047,false,טילון אקסטרים ענק בר,תות תעשיות מזון (201,IL,אקסטרים טילון בראוניז מטבע ענק 18*115גרם,גרמים,133.00,100 גרם,false,1,9.90,0.0744,true,1,21279
7290107871297,false,פריכונים מיני עשבי ת,"מיוצר ע""י PT, משווק",IL,אסם פריכונים מיני עשבי תיבול 16*23גרם,גרמים,25.00,100 גרם,false,1,4.90,0.1960,true,1,21263
7290107871990,false,פסטה צינורות אסם 500,פסטה זארה,IT,אסם פסטה צינורות איטלקי 12*500גרם,גרמים,500.00,100 גרם,false,1,6.90,0.0138,true,1,20121
7290107874038,false,ביסלי גריל   כשלפ,אסם,,"ביסלי גריל כשל""פ 55 גרם",גרמים,55.00,100 גרם,false,1,4.90,0.0891,true,1,52783
7290107874106,false,"ביסלי בצל כשל""פ 55 ג",אסם,,"ביסלי בצל כשל""פ 55 גרם",גרמים,55.00,100 גרם,false,1,4.90,0.0891,true,1,52705
7290107874441,false,פריכונים מיני בצל מק,"מיוצר ע""י PT, משווק",IL,אסם פריכונים מיני בצל מקורמל 16*23גרם,גרמים,25.00,100 גרם,false,1,4.90,0.1960,true,1,21264
7290107875820,false,קרוטונים אפויים בתיב,עינת תעשיות,IL,אסם קרוטונים אפויים בתיבול ביתי 12*180ג,גרמים,180.00,100 גרם,false,1,13.90,0.0772,true,1,22157
7290107879132,false,מיני פריכיות פיטנס ש,CA,IL,פיטנס מיני פריכיות שוקולד חלב 40*22גרם,גרמים,22.00,100 גרם,false,1,5.90,0.2682,true,1,28356
7290107879521,false,לה פרוטה תות 5 יח,המאפיה של הרמן,IL,לה פרוטה מאגדת תות 8 5*70גרם,גרמים,350.00,100 גרם,false,1,27.90,0.0797,true,1,26099
7290107879620,false,קרחון שרבט לה פרוטה,המאפיה של הרמן,IL,לה פרוטה תפוח מלון 36*70גרם,גרמים,70.00,100 גרם,false,1,6.90,0.0986,true,1,25503
7290107879644,false,קרחון שרבט לה פרוטה,המאפיה של הרמן,IL,לה פרוטה בננה תמר פקאן 36*65גרם,גרמים,65.00,100 גרם,false,1,6.90,0.1062,true,1,25502
7290107879668,false,קרחון שרבט לה פרוטה,המאפיה של הרמן,IL,לה פרוטה תות 36*70גרם,גרמים,70.00,100 גרם,false,1,6.90,0.0986,true,1,25500
7290107879712,false,שרבט לה פרוטה פירות,נגה גלידות,IL,שרבט לה פרוטה פירות אדומים 70גרם,גרמים,70.00,100 גרם,false,1,6.90,0.0986,true,1,70336
7290107932080,false,חלב בקבוק 3% מועשר 1,,IL,חלב בקבוק 3% מועשר 1 ליטר,ליטרים,1.00,ליטר,false,1,8.50,8.5000,true,1,24966
7290107932134,false,חלב בקבוק 1% מועשר 1,,IL,חלב בקבוק 1% מועשר 1 ליטר,ליטרים,1.00,ליטר,false,1,8.50,8.5000,true,1,24967
7290107933193,false,סלק מבושל 500 גרם שט,הורקסה 5 גאמא ס.א.,ES,סלק מבושל 500 גרם שטראוס,גרמים,500.00,100 גרם,false,1,9.90,0.0198,true,1,25552
7290107933315,false,חלב דל לקטוז 2% בקבו,מחלבת יטבתה,IL,חלב בבקבוק דל לקטוז 2%- מהדרין,ליטרים,1.00,ליטר,false,1,8.50,8.5000,true,1,24969
7290107933643,false,משקה חלב עם דגנים וב,מחלבת יטבתה,IL,"ארוחה קטנה בבקבוק בננה לל""ג",מיליליטרים,250.00,"100 מ""ל",false,1,5.50,0.0220,true,1,26118
7290107933650,false,משקה חלב עם דגנים ות,,IL,משקה חלב עם דגנים ותות,מיליליטרים,250.00,"100 מ""ל",false,1,5.50,0.0220,true,1,26117
7290107936309,false,יוגורט דנונה יווני ל,"שטראוס בריאות בע""מ",IL,דנונה יוגורט יווני לבן,גרמים,130.00,100 גרם,false,1,3.90,0.0300,true,1,28191
7290107936958,false,ביסקוויט עד חצות אצב,הדקלאים אגודת שיתופי,FR,ביסקוויט עד חצות אצבעות 125 גרם,גרמים,125.00,100 גרם,false,1,14.90,0.1192,true,1,31195
7290107937627,false,מסטיק מאסט קוביות ספ,רוג'ר אנד רוג'ר,DE,צנצנת קוביות מנטה עדינה 58 גרם,גרמים,58.00,100 גרם,false,1,11.50,0.1983,true,1,28124
7290107937634,false,מסטיק מאסט קוביות פפ,רוג'ר אנד רוג'ר,DE,צנצנת קוביות מנטה 58 גרם,גרמים,58.00,100 גרם,false,1,11.50,0.1983,true,1,28130
7290107937641,false,מסטיק מאסט קוביות בז,רוג'ר אנד רוג'ר,DE,צנצנת קוביות בזוקה 58 גרם,גרמים,58.00,100 גרם,false,1,11.50,0.1983,true,1,28125
7290107937856,false,קפסולות קפה מספר 11,שטראוס קפה בי.וי,IL,קפסולות 11 גואטמלה למכונות NESPRESSO,גרמים,50.00,100 גרם,false,1,18.90,0.3780,true,1,28091
7290107938396,false,משקה יוגורט אקטימל ת,"שטראוס בריאות בע""מ",IL,אקטימל שמיניה תות,מיליליטרים,864.00,"100 מ""ל",false,1,22.70,0.0263,true,1,26774
7290107942355,false,תפוציפס מקלות בטעם ט,"שטראוס פריטו ליי בע""",IL,תפו מקלות טבעי 60 גר 56 יח,גרמים,60.00,100 גרם,false,1,5.50,0.0917,true,1,28462
7290107943369,false,קוואקר שיבולת שועל ל,היידי שוקולד בירונטי,US,קוואקר שיבולת שועל ללא גלוטן 511 גרם,גרמים,511.00,100 גרם,false,1,21.90,0.0429,true,1,30970
7290107944243,false,אפיפיות בטעם שוקולד,"שטראוס גרופ בע""מ",IL,אפיפיות בטעם שוקולד 200 גרם,גרמים,200.00,100 גרם,false,1,9.90,0.0495,true,1,30914
7290107944472,false,גבינת סימפוניה שום ש,"שטראוס בריאות בע""מ",IL,סימפוניה שום שמיר 5%,גרמים,200.00,100 גרם,false,1,12.90,0.0645,true,1,28471
7290107945165,false,קונפיטורה משמש 340 ג,"ב.א. מזון בע""מ",IL,קונפיטורה משמש 340 גרם יד מרדכי,גרמים,340.00,100 גרם,false,1,15.90,0.0468,true,1,29448
7290107950183,false,מעדן דיאט וניל 0% שט,מיוצר עי קונדיטוריית,IL,מעדן דיאט וניל 0% שטראוס  130 גרם,גרמים,130.00,100 גרם,false,1,3.90,0.0300,true,1,28189
7290107950190,false,מעדן דיאט שוקולד מרי,"שטראוס בריאות בע""מ",IL,מעדן שטראוס דיאט מריר,גרמים,130.00,100 גרם,false,1,3.90,0.0300,true,1,28190
7290107950206,false,מעדן דיאט שוקולד 0%,"שטראוס בריאות בע""מ",IL,מעדן שטראוס דיאט שוקולד,גרמים,130.00,100 גרם,false,1,3.40,0.0262,true,1,28188
7290107951104,false,בפלות שוקולד 200 גרם,"א.ג. גילרו בע""מ",IL,בפלות שוקולד 200 גרם,גרמים,200.00,100 גרם,false,1,5.90,0.0295,true,1,28547
7290107951111,false,בפלות לימון 200 גרם,"א.ג. גילרו בע""מ",IL,בפלות לימון 200 גרם,גרמים,200.00,100 גרם,false,1,5.90,0.0295,true,1,28548
7290107951715,false,מסטיק מאסט קוביות ענ,רוג'ר אנד רוג'ר,DE,צנצנת קוביות ענבים 58 גרם,גרמים,58.00,100 גרם,false,1,11.50,0.1983,true,1,29444
7290107953559,false,מארז טורקי לדרך 168,הנסיך- מפעל לייצור ט,IL,מארז טורקי לדרך 168 גר,גרמים,200.00,100 גרם,false,1,22.90,0.1145,true,1,32545
7290107954976,false,משקה יטבתה פרו קפה 3,מחלבת יטבתה,IL,יטבתה פרו קפה 350,מיליליטרים,350.00,"100 מ""ל",false,1,6.90,0.0197,true,1,30584
7290107956642,false,"תרסיס שמן זית 150 מ""",סובנה ספרד אס.איי.יו,ES,"תרסיס שמן זית 150 מ""ל",מיליליטרים,150.00,"100 מ""ל",false,1,20.90,0.1393,true,1,31643
7290107956925,true,קפסולות קפה אספרסו 1,שטראוס קפה בי.וי.,IL,קפסולות 13 אוגנדה למכונות NESPRESSO,לא מנהל יחידת מידה,0.00,לא מנהל יחידת מידה,false,1,18.90,0.0000,true,1,49636
7290107956932,true,קפסולות אינדונזיה,הנסיך- מפעל לייצור ט,IL,קפסולות 12 אינדונזיה למכונות NESPRESSO,Unknown,0.00,Unknown,false,1,18.90,0.0000,true,1,39116
7290107957069,false,מסטיק עלמה בצנצנת בט,"שטראוס גרופ בע""מ",IL,"צנצנת עלמה בטעם אוכמניות לל""ס 66 גרם",גרמים,66.00,100 גרם,false,1,11.50,0.1742,true,1,31190
7290107957076,false,מסטיק עלמה בצנצנת בט,"שטראוס גרופ בע""מ",IL,מסטיק עלמה בצנצנת בטעם ספירמינט 66 גרם,גרמים,66.00,100 גרם,false,1,11.50,0.1742,true,1,31191
7290107957113,true,סימפוניה זיתים פיקנט,"שטראוס בריאות בע""מ",IL,סימפוניה זיתים פיקנטיים,גרמים,200.00,100 גרם,false,1,15.90,0.0795,true,1,50070
7290107957137,true,גבינת  סימפוניה עשבי,שטראוס,IL,גבינת  סימפוניה עשבי תיבול 200גרם,גרמים,200.00,100 גרם,false,1,12.90,0.0645,true,1,50071
7290107957991,false,מילקי מינייס 144 גרם,בובארד איטליה אס.פי.,IT,מילקי מינייס,גרמים,144.00,100 גרם,false,1,14.90,0.1035,true,1,48444
7290107971751,false,מי פה קולגייט טוטל כ,קולגייט- פלמוליב,PL,קולגייט מי פה טוטל כחול 500 מל,מיליליטרים,500.00,"100 מ""ל",false,1,36.50,0.0730,true,1,26327
7290107972307,false,משחת שיניים קולגייט,הנסיך- מפעל לייצור ט,PL,קולגייט משחת שיניים אופטיק וויט 75 מל,מיליליטרים,75.00,"100 מ""ל",false,1,33.90,0.4520,true,1,29519
7290107973014,false,פלמוליב סבון ידיים ח,הנסיך- מפעל לייצור ט,TR,"פלמוליב סבון ידיים חלב ודבש 300 מ""ל",מיליליטרים,300.00,"100 מ""ל",false,1,11.90,0.0397,true,1,30578
7290107973038,false,פלמוליב סבון ידיים א,קולגייט פלמוליב,IT,פלמוליב סבון ידיים אקווריום 300 מל,מיליליטרים,300.00,"100 מ""ל",false,1,11.90,0.0397,true,1,30577
7290107973311,false,קולגייט מברשת שיניים,קולגייט פלמוליב,,קולגייט 360 מברשת שיניים גולד 2 יח',לא מנהל יחידת מידה,0.00,לא מנהל יחידת מידה,false,1,33.90,0.0000,true,1,26376
7290107974066,false,עלי טורטיה קמח מלא 3,אורגניק,DE,עלי טורטיה קמח מלא 320 גרם,גרמים,320.00,100 גרם,false,1,11.90,0.0372,true,1,26517
7290107974073,false,עלי טורטיה קמח לבן 3,"ש. שסטוביץ בע""מ",DE,מאסטר שף עלי טורטיה קמח לבן 320 גר,גרמים,320.00,100 גרם,false,1,11.90,0.0372,true,1,26515
7290107974080,false,עלי טורטיה קמח לבן 8,סינאק סנאקס ג'י.אמ.ב,DE,מאסטר שף עלי טורטייה קמח חיטה 756 גרם,גרמים,840.00,100 גרם,false,1,22.90,0.0273,true,1,26516
7290107974646,false,מי פה מרידול נשימה ר,קולגייט פלמוליב,PL,מרידול מי פה נשימה רעננה 400 מל,מיליליטרים,400.00,"100 מ""ל",false,1,39.50,0.0988,true,1,27708
7290107978637,true,משחת שיניים מרידול ח,קולגייט פלמוליב,PL,מרידול משחת שיניים למניעת בעיות חנייכים 75 מל,מיליליטרים,1.00,"100 מ""ל",false,1,19.90,19.9000,true,1,51046
7290108072105,false,ביצי שוקולד מכוניות,זאיני,,ביצי שוקולד מכוניות,גרמים,20.00,100 גרם,false,1,7.80,0.3900,true,1,22651
7290108350210,false,סנו סושי 30 שקיות אש,מיוצר עי קונדיטוריית,IL,סנו סושי 30 שקיות אשפה XL חזקות במיוחד,לא מנהל יחידת מידה,0.00,לא מנהל יחידת מידה,false,1,27.90,0.0000,true,1,25217
7290108350531,false,נוזל כלים סנו ספארק,סנו מפעלי ברונוס בעמ,IL,ספארק משאבה קלאסי 1ל,ליטרים,1.00,ליטר,false,1,12.90,12.9000,true,1,24344
7290108350623,false,מרכך כביסה מקסימה So,"סנו מפעלי ברונוס בע""",IL,מרכך מרוכז סופט סילק 1ליטר,ליטרים,1.00,ליטר,false,1,18.90,18.9000,true,1,26815
7290108351552,false,סנו גט פלוס לניקוי כ,"סנו מפעלי ברונוס בע""",IL,גט לניקוי כללי - בתוספת חומץ לניקוי והברקה בקלות,מיליליטרים,750.00,"100 מ""ל",false,1,16.90,0.0225,true,1,31530
7290108351811,false,מרכך כביסה מקסימה 1,סנו מפעלי ברונוס בעמ,IL,מרכך כביסה בבישום עוצמתי floral touch,ליטרים,1.00,ליטר,false,1,18.90,18.9000,true,1,56641
7290108352078,false,אורביטול שטיפת פה מל,קוסמופארם בע''מ,IL,"אורביטול שטיפת פה בתוספת מלח 500 מ""ל",מיליליטרים,500.00,"100 מ""ל",false,1,29.90,0.0598,true,1,60732
7290108352092,false,אורביטול משחת שיניים,ג'נרל מילס סאן אדריא,IL,אורביטול PROTECTIVE SALT בטעם מנטה 145 גרם,גרמים,145.00,100 גרם,false,1,21.90,0.1510,true,1,60731
7290108352153,false,סנובון נוזלי לוטוס ו,סנו מפעלי ברונוס בעמ,IL,99.9% סנו בון נוזל לניקוי אסלות 750 מל,מיליליטרים,750.00,"100 מ""ל",false,1,14.90,0.0199,true,1,60069
7290108352276,false,סנו מטליות לניקוי וח,"סנו מפעלי ברונס בע""מ",IL,99.9% מטליות לחיטוי ולניקוי רצפות 10 יח,לא מנהל יחידת מידה,0.00,לא מנהל יחידת מידה,false,1,17.90,0.0000,true,1,59620
7290108352283,false,נוזל לניקוי וחיטוי ר,"סנו מפעלי ברונוס בע""",IL,99.9% נוזל לחיטוי וניקוי רצפות 2 ליטר,ליטרים,2.00,ליטר,false,1,26.90,13.4500,true,1,59621
7290108352351,false,סנו תרסיס לחיטוי 99.,"סנו מפעלי ברונוס בע""",IL,99.9% תרסיס לחיטוי 400 מל,מיליליטרים,400.00,"100 מ""ל",false,1,23.90,0.0597,true,1,60068
7290108352382,false,סנו 20 מגבוני חיטוי,טרופיקל דגיל תעשיות,IL,סנו 99.9% מטליות לחות לחיטוי 20 יח,יחידה,1.00,יחידה,false,1,13.90,13.9000,true,1,60911
7290108352450,false,ריצפז פרש הום בלו בל,סנו מפעלי ברונוס בעמ,IL,רצפז פרש הום 2ל מרכך כביסה,ליטרים,2.00,ליטר,false,1,22.90,11.4500,true,1,67697
7290108352481,false,מוד נרסיסוס בושם לבי,סנו,IL,"מוד נרסיסוס בושם לבית 150 מ""ל",מיליליטרים,150.00,"100 מ""ל",false,1,11.90,0.0793,true,1,69596
7290108352801,false,סנו סושי - שקיות אשפ,"סנו מפעלי ברונוס בע""",IL,שקיות אשפה לפחים קטנים,לא מנהל יחידת מידה,0.00,לא מנהל יחידת מידה,false,1,22.90,0.0000,true,1,47445
7290108352825,false,ספוג הפלא נירוסטה,s.k.a.t ltdסנו מפעלי,CN,ספוג הפלא נירוסטה,גרמים,44.00,100 גרם,false,1,11.90,0.2705,true,1,48642
7290108352863,false,שקיות צלייה L 20 יחי,סנו מפעלי ברונוס בעמ,TR,"סנו סושי- שקיות צלייה, 20 יחידות",יחידה,0.00,יחידה,false,1,9.90,0.0000,true,1,50026
7290108353020,false,סנו סושי תבניות אפיה,גיינגין נייס,CN,סנו סושי- תבניות אפייה מנייר,יחידה,1.00,יחידה,false,1,14.90,14.9000,true,1,56663
7290108353075,true,מפיות אירוח איכותיות,האנק טישו,PL,מפיות אירוח איכותיות 40*40,יחידה,1.00,יחידה,false,1,12.90,12.9000,true,1,53549
7290108353082,false,סנו סופט ממחטות אף ב,סנו מפעלי ברונוס בעמ,IL,סנו סופט 120 ממחטות אף דו שכבתיות,יחידה,1.00,יחידה,false,1,10.90,10.9000,true,1,56712
7290108353402,false,מברשת שיניים אורביטו,Z.H.T PLASTICS China,CN,מברשת שיניים אורביטול צארקול זוג,יחידה,1.00,יחידה,false,1,23.90,23.9000,true,1,58627
7290108353440,false,מברשת שיניים אורביטו,"ב.א מזון בע""מ",CN,"מברשת שיניים אורביטול 12,000 סיבים זוג",יחידה,1.00,יחידה,false,1,31.90,31.9000,true,1,69597
7290108353518,false,סנו סושי תבניות אלומ,יויו טינואט,CN,סנו סושי תבניות אלומיניום XL עם ידית - 2,יחידה,1.00,יחידה,false,1,11.90,11.9000,true,1,59872
7290108353556,false,נייר טואלט סנו סופט,טרופיקל דגיל תעשיות,IL,נייר טואלט סנו סופט 3שכבות 32גלילים,יחידה,1.00,יחידה,false,1,39.90,39.9000,true,1,60283
7290108353778,false,נקה 7 תחליב רחצה שוו,קוסמופארם בע''מ,IL,נקה 7 תחליב רחצה שוודיה בניחוח פיטנגו  750 מל,מיליליטרים,750.00,"100 מ""ל",false,1,13.90,0.0185,true,1,60914
7290108353808,false,נקה 7 תחליב רחצה מדג,קוסמופארם בע''מ,IL,נקה 7 תחליב רחצה מדגסקר בניחוח אמבר 750 מל,מיליליטרים,750.00,"100 מ""ל",false,1,13.90,0.0185,true,1,60915
7290108355147,false,שמני הזנה - תחליב רח,ג'נרל מילס סאן אדריא,IL,"שמני הזנה - תחליב רחצה 750 מ""ל",ליטרים,750.00,ליטר,false,1,13.90,0.0185,true,1,48358
7290108356175,false,כיף אל סבון אבטיח ומ,טרופיקל דגיל תעשיות,IL,כיף אל סבון קטיפתי בניחוח אבטיח 1 ליטר,ליטרים,1.00,ליטר,false,1,13.90,13.9000,true,1,60917
7290108356199,false,כיף אל סבון אפרסק ופ,טרופיקל דגיל תעשיות,IL,כיף אל סבון אפרסק ופלפל שחור 1 ליטר,ליטרים,1.00,ליטר,false,1,13.90,13.9000,true,1,60916
7290108356809,false,כיף סבון בוטני ורד ו,סנו,IL,כיף סבון בוטני ורד ומרווה ידיים 1 ליטר,ליטרים,1.00,ליטר,false,1,15.90,15.9000,true,1,71609
7290108356816,false,כיף סבון בוטני גרניו,סנו,IL,כיף סבון בוטני גרניום  1 ליטר,ליטרים,1.00,ליטר,false,1,15.90,15.9000,true,1,71610
7290108357202,false,סנוקליר בניחוח בלו 1,"סנו מפעלי ברונוס בע""",IL,סנוקליר בניחוח בלו 1 ליטר,ליטרים,1.00,ליטר,false,1,15.90,15.9000,true,1,68361
7290108357301,false,סנו K300 קוטל חרקים,סנו,IL,סנו K300 קוטל חרקים 300 מל,מיליליטרים,300.00,"100 מ""ל",false,1,14.90,0.0497,true,1,70472
7290108501360,true,גבינת צדר בשלה 200 ג,וויקה פארמס אל.טי.די,GB,גבינת צדר בשלה 200 גרם  MATURED ORANGE,גרמים,200.00,100 גרם,false,1,24.90,0.1245,true,1,49192
7290108502145,false,גבינת צדר בשלה יורו,,GB,גבינת צדר בשלה יורו פרוסות 150 גרם,גרמים,150.00,100 גרם,false,1,20.90,0.1393,true,1,69417
7290108502305,false,גבינת גרנה פדנו משול,זאיני,IT,גבינת גרנה פדנו משולש 150 גרם,גרמים,200.00,100 גרם,false,1,24.90,0.1245,true,1,58060
7290108502329,true,נתחי טונה בשמן זית 6,ארזינא,TH,נתחי טונה בשמן זית 640 גרם ויליפוד 1/4,גרמים,640.00,100 גרם,false,1,31.90,0.0498,true,1,50077
7290108503043,false,תפוחונים מיובשים מאר,הביי דונגפנג פוד קו.,CN,תפוחונים מיובשים מארז 3+1 88 גרם,גרמים,88.00,100 גרם,false,1,15.90,0.1807,true,1,52257
7290108503159,false,גבינה כחולה עם עובש,קסוס אל פסטור,ES,גבינה כחולה עם עובש 100 גרם EURO,גרמים,100.00,100 גרם,false,1,16.90,0.1690,true,1,50720
7290108504279,false,קשקבל צאנק 150גרם,ג.וילי פוד אינטרנשיו,ES,קשקבל צאנק 150גרם,גרמים,150.00,100 גרם,false,1,19.90,0.1327,true,1,60382
7290108504293,false,מנצגו צאנק 150גרם,ג.וילי פוד אינטרנשיו,ES,מנצגו צאנק 150גרם,גרמים,150.00,100 גרם,false,1,19.90,0.1327,true,1,60384
7290108505689,false,גבינת גרנה פדנו מגור,זאיני,IT,גבינת גרנה פדנו מגורדת 100 גרם,גרמים,100.00,100 גרם,false,1,14.90,0.1490,true,1,58610
7290108506709,false,גבינת פרמגאנו רגיאנו,זנתי,IT,גבינת פרמגאנו רגיאנו 150 גרם,גרמים,150.00,100 גרם,false,1,32.90,0.2193,true,1,59980
7290108509137,false,גבינה בולגרית מעודנת,,TR,גבינה בולגרית מעודנת יורו 5% 250 גרם,גרמים,250.00,100 גרם,false,1,12.90,0.0516,true,1,70563
7290108509700,false,"אורז פרסי  1 ק""ג DAA",אל טי פוד,IN,"אורז פרסי  1 ק""ג DAAWAT",קילוגרמים,1.00,"ק""ג",false,1,11.90,11.9000,true,1,71673
7290109351025,false,חומוסטחינה חלק מלך ה,לחמנו,IL,צבר חומוסטחינה 6*400גרם,גרמים,400.00,100 גרם,false,1,14.90,0.0373,true,1,25174
7290109351209,false,קרחון שרבט לה פרוטה,תות תעשיות מזון (201,IL,קרחון שרבט לה פרוטה אננס תפוז 70 גרם,גרמים,70.00,100 גרם,false,1,6.90,0.0986,true,1,25504
7290109351957,false,פריכיות פיטנס גדולות,סנורייס בלגיום אן. ו,BE,פיטנס פריכיות גדולות שקלד.חלב 12*100גרם,גרמים,100.00,100 גרם,false,1,8.90,0.0890,true,1,28357
7290109351971,false,פריכיות פיטנס בר שוק,CA,IL,פיטנס בר פריכיות שוקולד חלב 12*84גרם,גרמים,84.00,100 גרם,false,1,15.90,0.1893,true,1,27096
7290109352916,false,פריכיות פיטנס בר שוק,PT,IL,פיטנס בר פריכיות שוקולד לבן 12*84גרם,גרמים,84.00,100 גרם,false,1,15.90,0.1893,true,1,27097
7290109354057,false,לה פרוטה תפוז אננס,תות תעשיות מזון (201,IL,לה פרוטה מאגדת אננס תפוז 8 5*70גרם,גרמים,350.00,100 גרם,false,1,27.90,0.0797,true,1,26644
7290109354101,false,לחמית ללא גלוטן 200,אסם,IL,לחמית ללא גלוטן 12*200גרם,גרמים,200.00,100 גרם,false,1,12.90,0.0645,true,1,30114
7290109354972,false,ביסקוויט פתיבר ללא ג,מיוצר עי קונדיטוריית,IL,אסם פתי בר ללא גלוטן קלאסי 12*200גרם,גרמים,200.00,100 גרם,false,1,11.90,0.0595,true,1,28128
7290109355504,false,שלגון קראנץ וניל נוג,נטו מלינדה-בשר,IL,נסטלה קראנץ ונל.ליבת נגט.שקלד.לבן28*100ג,גרמים,100.00,100 גרם,false,1,10.50,0.1050,true,1,28645
7290109358130,false,לה פרוטה יוגורט אננס,המאפיה של הרמן,IL,לה פרוטה מאגדת יגרט.אנס.פסיפ.מנגו8 5*60ג,גרמים,300.00,100 גרם,false,1,27.90,0.0930,true,1,31631
7290109358284,false,שניצל תירס עם חלבון,כצט,IL,טבעול שניצל תירס עם חלבון 6*664גרם,גרמים,664.00,100 גרם,false,1,31.90,0.0480,true,1,30329
7290109358482,false,קרמוגית אסם במילוי ח,היינץ צפון אמריקה מק,IL,אסם קרמוגית במילוי חלבה 12*200גרם,גרמים,200.00,100 גרם,false,1,14.50,0.0725,true,1,51793
7290109358765,false,דגני קראנץ רולס 450,"אסם השקעות בע""מ",IL,דגני קראנץ רולס 450 גרם,גרמים,450.00,100 גרם,false,1,27.90,0.0620,true,1,29845
7290109580050,false,צוריסו וונדרס 226 גר,זוגלובק 2000,IL,צוריסו וונדרס 226 גרם,גרמים,226.00,100 גרם,false,1,36.90,0.1633,true,1,68464
7290109580098,false,קבנוס בטעם סרירצה 13,זוגלובק,IL,קבנוס בטעם סרירצה 135 גרם,גרמים,135.00,100 גרם,false,1,13.90,0.1030,true,1,70357
7290109580104,false,רוסטביף זוגלובק פרי,זוגלובק,IL,רוסטביף זוגלובק פרימיום 150 גרם,גרמים,150.00,100 גרם,false,1,26.90,0.1793,true,1,68240
7290109580111,false,צלעות אסאדו מעושנות,זוגלובק,IL,צלעות אסאדו מעושנות פרימיום 120 גרם,גרמים,120.00,100 גרם,false,1,24.90,0.2075,true,1,70356
7290109580135,false,קורנדביף זוגלובק פר,זוגלובק,IL,קורנדביף זוגלובק פרימיום 180 גרם,גרמים,180.00,100 גרם,false,1,26.90,0.1494,true,1,68242
7290109580166,false,סרוולד קלאסי זוגלוב,זוגלובק,IL,סרוולד קלאסי זוגלובק פרימיום 150 גרם,גרמים,150.00,100 גרם,false,1,26.90,0.1793,true,1,68243
7290109580227,false,נקניקיות ריינהולדס ק,זוגלובק,IL,נקניקיות ריינהולדס קאריוורסט 300 גרם,גרמים,300.00,100 גרם,false,1,19.90,0.0663,true,1,69420
7290109580432,false,פסטרמה חזה הודו מעוש,זוגלובק,IL,פסטרמה חזה הודו מעושן 120 גר דק דק,גרמים,120.00,100 גרם,false,1,14.90,0.1242,true,1,70882
7290109580449,false,סלמי בטעם כמהין פרימ,זוגלובק,IL,סלמי בטעם כמהין פרימיום 180 גרם,גרמים,180.00,100 גרם,false,1,26.90,0.1494,true,1,70883
7290109640020,false,משו משו גוש טבעוני ב,ויגרדן,,משו משו גוש טבעוני בטעם מוצרלה 300 גרם,גרמים,300.00,100 גרם,false,1,20.90,0.0697,true,1,53906
7290109640198,true,מגורדת לפיצה ולאפיה,"טרופיקל דגיל בע""מ אז",IL,מגורדת לפיצה ואפייה 200 גרם,Unknown,0.00,Unknown,false,1,20.90,0.0000,true,1,39634
7290109640372,true,ממרח טבעוני 9% זיתים,משו משו,IL,ממרח טבעוני 9% זיתים משו משו 200גרם,גרמים,200.00,100 גרם,false,1,17.90,0.0895,true,1,51099
7290109640396,true,ממרח טבעוני 9% בשום,משו משו,IL,ממרח טבעוני 9% בשום שמיר משו משו 200גרם,גרמים,200.00,100 גרם,false,1,17.90,0.0895,true,1,51101
7290109640402,true,ממרח טבעוני 9%  טבעי,משו משו,IL,ממרח טבעוני 9%  טבעי משו משו 200גרם,גרמים,200.00,100 גרם,false,1,17.90,0.0895,true,1,51102
7290109640464,false,פתיתים טבעוניים בסגנ,גן שמואל,IL,פתיתים טבעוניים בסגנון פרמזן משו משו 15,גרמים,150.00,100 גרם,false,1,20.90,0.1393,true,1,58519
7290109640631,false,לאבנה  בסיס קוקוס מש,משו משו,IL,לאבנה  בסיס קוקוס משו משו %9 שומן 200 גר,גרמים,200.00,100 גרם,false,1,17.90,0.0895,true,1,60948
7290109640648,false,ממרח בטעם חמאה משו מ,גן שמואל,IL,ממרח בטעם חמאה משו משו 150גרם,גרמים,150.00,100 גרם,false,1,15.90,0.1060,true,1,67631
7290109920146,false,מסיר אבן דורגול לקומ,פרח,,יעקבי דורגול מסיר אבן ללא הרתחה 750 מל,מיליליטרים,750.00,"100 מ""ל",false,1,22.90,0.0305,true,1,28637
7290109920580,true,אסטוניש מרסס עם אקונ,פרח,,יעקבי אסטוניש ספריי ניקוי עם אקונומיקה 750 מל,Unknown,0.00,Unknown,false,1,16.90,0.0000,true,1,32575
7290109920603,true,אסטוניש קרם מטבח חדש,פרח,,יעקבי אסטוניש הלוגן לכיריים מזכוכית קרמית 500 מל,Unknown,0.00,Unknown,false,1,16.90,0.0000,true,1,39638
7290109920658,true,אסטוניש מרסס אנטי בק,פרח,,אסטוניש אנטיבקטריאלי מטבח 750 מל,Unknown,0.00,Unknown,false,1,16.90,0.0000,true,1,39639
7290109920849,true,אסטוניש מרסס רב תכלי,פרח,,אסטוניש מרסס רב תכלי,Unknown,0.00,Unknown,false,1,16.90,0.0000,true,1,39644
7290109921853,false,אסטוניש משחה לניקוי,פרח,GB,יעקבי אסטוניש משחה לניקוי עם עוצמה 150 גרם,גרמים,150.00,100 גרם,false,1,22.90,0.1527,true,1,67754
7290110110352,false,קרלסברג 0.0 בק 330 מ,קרלסברג רומניהיבואן:,RO,"קרלסברג 0.0 בק 330 מ""ל ייבוא",מיליליטרים,330.00,"100 מ""ל",false,1,6.90,0.0209,true,1,58912
7290110110574,false,פחית קולהZERO לימון,תות תעשיות מזון (201,IL,"סליק קולה ZERO לימון 330 מ""ל מבצע",מיליליטרים,330.00,"100 מ""ל",false,1,5.90,0.0179,true,1,47101
7290110110659,false,ספרייט פחית סליק 330,תות תעשיות מזון (201,IL,"סליק ספרייט LIME 330 מ""ל מבצע",מיליליטרים,330.00,"100 מ""ל",false,1,5.90,0.0179,true,1,32515
7290110110765,false,FUZE TEA לימון נענע,מולינו ניקולי s.p.a,IL,פיוזטי גרין לימון נענע 0.5 ליטר,מיליליטרים,500.00,"100 מ""ל",false,1,8.50,0.0170,true,1,47106
7290110111557,false,פאוורייד ספורט500מל,Caslino al Piano pla,IT,פאוורייד ספורט500מל בטעם פירות,מיליליטרים,500.00,"100 מ""ל",false,1,12.90,0.0258,true,1,50786
7290110111564,false,פאוורייד ספורט 500מל,Caslino al Piano pla,IT,פאוורייד ספורט 500מל איזוטוני בטעם הדרים,מיליליטרים,500.00,"100 מ""ל",false,1,12.90,0.0258,true,1,50787
7290110113469,false,פחית קולה זירו מנגו,תות תעשיות מזון (201,IL,"פחית קולה זירו מנגו 330 מ""ל",מיליליטרים,330.00,"100 מ""ל",false,1,5.90,0.0179,true,1,60301
7290110113490,false,תה קר פיוזתה אפרסק 1,מבשלות בירה בינלאומי,IL,Fuze tea אפרסק 19 קלוריות 0.5 ליטר,מיליליטרים,500.00,"100 מ""ל",false,1,8.50,0.0170,true,1,60394
7290110113605,false,בירה שקמה בק איי 330,מבשלת בירה  ישראלית,IL,"בירה שקמה בק איי 330 מ""ל",מיליליטרים,330.00,"100 מ""ל",false,1,14.90,0.0452,true,1,70816
7290110113629,false,בירה שקמה אייל ענברי,מבשלת בירה  ישראלית,IL,"בירה שקמה אייל ענברי בק 330 מ""ל",מיליליטרים,330.00,"100 מ""ל",false,1,14.90,0.0452,true,1,70817
7290110113636,false,בירה שקמה מרצן לאגר,מבשלת בירה  ישראלית,IL,"בירה שקמה מרצן לאגר בק 330 מ""ל",מיליליטרים,330.00,"100 מ""ל",false,1,14.90,0.0452,true,1,70818
7290110113902,false,בירה טובורג פחית סלי,מולינו ניקולי s.p.a,IL,"טובורג רד פחית 330 מ""ל",מיליליטרים,330.00,"100 מ""ל",false,1,8.50,0.0258,true,1,69293
7290110113926,false,פאנטה ZERO אורנג 500,החברה המרכזית לייצור,IL,פאנטה ZERO אורנג 500 מל,מיליליטרים,500.00,"100 מ""ל",false,1,7.90,0.0158,true,1,67770
7290110114183,false,פריגת יוניקורן אננס,גת,IL,פריגת יוניקורן אננס אגס קווי תרד וספירול,מיליליטרים,400.00,"100 מ""ל",false,1,11.90,0.0298,true,1,70795
7290110114190,false,פריגת יוניקורן תפוח,גת,IL,"סחוט UNICORN תפוח ענבים אגס 400 מ""ל",מיליליטרים,400.00,"100 מ""ל",false,1,11.90,0.0298,true,1,70794
7290110114770,false,פריגת משקל 40% פ.סוכ,מבשלות בירה בינלאומי,IL,"פריגת משק""ל ענבים 40% פחות סוכר 500 מ""ל",מיליליטרים,500.00,"100 מ""ל",false,1,7.50,0.0150,true,1,69287
7290110114787,false,מי נביעות +בטעם תפוח,תות תעשיות מזון (201,IL,נביעות+ בטעם תפוח 1.5 ליטר,ליטרים,1.50,ליטר,false,1,11.90,7.9333,true,1,69854
7290110114794,false,מי נביעות +בטעם אפרס,"איטיליאן פוד, אס.פי.",IL,מי נביעות +בטעם אפרסק 1.5 ליטר,ליטרים,1.50,ליטר,false,1,11.90,7.9333,true,1,69855
7290110114800,false,מי נביעות +בטעם ענבי,פארייפאבה אגרואינדוס,IL,נביעות + בטעם ענבים 1.5 ליטר,ליטרים,1.50,ליטר,false,1,11.90,7.9333,true,1,69856
7290110114817,false,נביעות+ רכיבי פרי מנ,פארייפאבה אגרואינדוס,IL,נביעות +פרי בטעם מנגו 1.5 ליטר,ליטרים,1.50,ליטר,false,1,11.90,7.9333,true,1,69857
7290110114824,false,נביעות+ רכיבי פרי אב,פארייפאבה אגרואינדוס,IL,נביעות + פרי בטעם אבטיח 1.5 ליטר,ליטרים,1.50,ליטר,false,1,11.90,7.9333,true,1,69858
7290110114848,false,נביעות+ רכיבי פרי אפ,פארייפאבה אגרואינדוס,IL,נביעות + פרי בטעם ליצ'י 1.5 ליטר,ליטרים,1.50,ליטר,false,1,11.90,7.9333,true,1,69860
7290110114855,false,מים נביעות שישייה בק,תות תעשיות מזון (201,IL,מים נביעות שישייה בקבוק 1.5 ליטר,ליטרים,9.00,ליטר,false,6,15.90,1.7667,true,1,69861
7290110114893,false,מיץ תפוזים סחוט פריג,היינץ צפון אמריקה מק,IL,סחוט תפוזים קלאסי 2 ליטר,ליטרים,2.00,ליטר,false,1,32.90,16.4500,true,1,69864
7290110114961,false,משקל פריגת תפוזים 1.,מולינו ניקולי s.p.a,IL,"פריגת תפוזים, 1.5 ליטר",ליטרים,1.50,ליטר,false,1,10.50,7.0000,true,1,69866
7290110114985,false,משקל פריגת אשכוליות,מולינו ניקולי s.p.a,IL,פריגת בטעם אשכוליות 1.5 ליטר,ליטרים,1.50,ליטר,false,1,10.50,7.0000,true,1,69868
7290110114992,false,משקל פריגת דיאט אשכו,מולינו ניקולי s.p.a,IL,פריגת טעם אשכוליות דל קלוריות 1.5 ליטר,ליטרים,1.50,ליטר,false,1,10.50,7.0000,true,1,69869
7290110115043,false,משקל פריגת לימונענע,מולינו ניקולי s.p.a,IL,משקה קל פירות לימונענע,ליטרים,1.50,ליטר,false,1,10.50,7.0000,true,1,69871
7290110115050,false,משקל פריגת תות בננה,מולינו ניקולי s.p.a,IL,משקל פריגת תות בננה 1.5 ליטר,ליטרים,1.50,ליטר,false,1,10.50,7.0000,true,1,69872
7290110115081,false,משקל פריגת צלול ענבי,תות תעשיות מזון (201,IL,פריגת צלול משקה קל ענבים תפוחים,ליטרים,1.50,ליטר,false,1,10.50,7.0000,true,1,69873
7290110115111,false,משקל פריגת צלול אננס,תות תעשיות מזון (201,IL,פריגת צלול משקה קל אננס,ליטרים,1.50,ליטר,false,1,10.50,7.0000,true,1,69876
7290110115135,false,משקה ויסוצקי ICE לימ,גוד פוד פרודקטס S.p,IL,לימונית לואיזה,ליטרים,1.50,ליטר,false,1,12.90,8.6000,true,1,69878
7290110115234,false,קולה ZERO נטול 1.5 ל,תות תעשיות מזון (201,IL,קוקה קולה ZERO נטול 1.5 ליטר,ליטרים,1.50,ליטר,false,1,9.90,6.6000,true,1,69885
7290110115241,false,קולה ZERO לימון 1.5,תות תעשיות מזון (201,IL,קוקה קולה ZERO לימון 1.5 ליטר,ליטרים,1.50,ליטר,false,1,9.90,6.6000,true,1,69886
7290110115258,false,קולה ZERO מנגו 1.5 ל,תות תעשיות מזון (201,IL,קולה ZERO מנגו 1.5 ליטר,ליטרים,1.50,ליטר,false,1,9.90,6.6000,true,1,69887
7290110115289,false,ספרייט 19 קל לימון-נ,תות תעשיות מזון (201,IL,ספרייט 19 קל' לימון-נענע 1.5 ליטר,ליטרים,1.50,ליטר,false,1,9.90,6.6000,true,1,69890
7290110115296,false,פאנטה אורנג בקבוק 1.,תות תעשיות מזון (201,IL,פאנטה אורנג' 1.5 ליטר,ליטרים,1.50,ליטר,false,1,9.90,6.6000,true,1,69891
7290110115302,false,פאנטה ZERO אורנג 1.5,תות תעשיות מזון (201,IL,פאנטה ZERO אורנג' 1.5 ליטר,ליטרים,1.50,ליטר,false,1,9.90,6.6000,true,1,69892
7290110115319,false,פאנטה אקזוטיק בקבוק,פארייפאבה אגרואינדוס,IL,פאנטה אקזוטיק 1.5 ליטר,ליטרים,1.50,ליטר,false,1,9.90,6.6000,true,1,69893
7290110115333,false,פאנטה תות בקבוק 1.5,"אינסטנטה בע""מ",IL,פאנטה גזוז בטעם תות 1.5 ליטר,ליטרים,1.50,ליטר,false,1,9.90,6.6000,true,1,69894
7290110115364,false,קוקה קולה שישייה בקב,תות תעשיות מזון (201,IL,קוקה קולה שישיות 1.5 ליטר,ליטרים,9.00,ליטר,false,6,52.90,5.8778,true,1,69896
7290110115395,false,ספרייט זירו שישייה ב,"אינסטנטה בע""מ",IL,ZERO ספרייט שישיות 1.5 ליטר,ליטרים,9.00,ליטר,false,6,49.90,5.5444,true,1,69897
7290110115418,false,קוקה קולה זירו שישיי,תות תעשיות מזון (201,IL,קולה ZERO שישיות 1.5 ליטר,ליטרים,9.00,ליטר,false,6,49.90,5.5444,true,1,69898
7290110115449,false,תה קר FUZE TEA מנגו,מולינו ניקולי s.p.a,IL,פיוזטי מנגו אננס 1.5 ליטר,ליטרים,1.50,ליטר,false,1,10.00,6.6667,true,1,69901
7290110115456,false,תה קר פיוזתה אפרסק 1,מולינו ניקולי s.p.a,IL,FUZE tea אפרסק 19 קל' 1.5 ליטר,ליטרים,1.50,ליטר,false,1,10.00,6.6667,true,1,69902
7290110115463,false,תה קר FUZE TEA אפרסק,מולינו ניקולי s.p.a,IL,פיוזטי אפרסק 1.5 ליטר,ליטרים,1.50,ליטר,false,1,10.00,6.6667,true,1,69903
7290110115494,false,תה קר FUZE TEA ענבים,תות תעשיות מזון (201,IL,פיוזטי ענבים 1.5 ליטר,ליטרים,1.50,ליטר,false,1,10.00,6.6667,true,1,69906
7290110115586,false,פריגת משקל 40% פ.סוכ,מולינו ניקולי s.p.a,IL,"פריגת משק""ל תפוזים 40% פחות סוכר 1.5 ליטר",ליטרים,1.50,ליטר,false,1,10.50,7.0000,true,1,69910
7290110115593,false,פריגת משקל 40% פ.סוכ,מולינו ניקולי s.p.a,IL,"פריגת משק""ל אשכוליות 40% פחות סוכר 1.5 ליטר",ליטרים,1.50,ליטר,false,1,10.50,7.0000,true,1,69911
7290110115616,false,ZERO פיוז טי גרין אנ,מולינו ניקולי s.p.a,IL,פיוזטי ZERO גרין אננס 1.5 ליטר,ליטרים,1.50,ליטר,false,1,10.00,6.6667,true,1,69955
7290110115623,false,ZERO פיוז טי אפרסק 1,מולינו ניקולי s.p.a,IL,פיוזטי ZERO אפרסק 1.5 ליטר,ליטרים,1.50,ליטר,false,1,10.00,6.6667,true,1,69956
7290110115661,false,ZERO פיוז טי אפרסק 5,מולינו ניקולי s.p.a,IL,פיוזטי ZERO אפרסק 0.5 ליטר,מיליליטרים,500.00,"100 מ""ל",false,1,8.50,0.0170,true,1,69953
7290110115692,false,פריגת קוביות מלון אל,החברה המרכזית למשקאו,IL,"פריגת קוביות מלון אלוורה 315 מ""ל",מיליליטרים,315.00,"100 מ""ל",false,1,10.90,0.0346,true,1,71186
7290110115739,false,פריגת קוביות פינקולד,החברה המרכזית למשקאו,IL,"פריגת קוביות פינקולדה קוקוס 315 מ""ל",מיליליטרים,315.00,"100 מ""ל",false,1,10.90,0.0346,true,1,71185
7290110115777,false,מים נביעות בקבוק 1.5,נביעות,,מים נביעות בקבוק 1.5 ליטר,ליטרים,1.50,ליטר,false,1,6.20,4.1333,true,1,69980
7290110115838,false,ספרייט זירו בקבוק 1.,"אינסטנטה בע""מ",IL,ספרייט זירו בקבוק 1.5 ליטר,ליטרים,1.50,ליטר,false,1,9.90,6.6000,true,1,69889
7290110115845,false,קוקה קולה בקבוק  1.5,"אינסטנטה בע""מ",IL,קוקה קולה בקבוק  1.5 ליטר,ליטרים,1.50,ליטר,false,1,9.90,6.6000,true,1,69882
7290110115852,false,קוקה קולה דיאט בקבוק,תות תעשיות מזון (201,IL,קוקה קולה דיאט בקבוק  1.5 ליטר,ליטרים,1.50,ליטר,false,1,9.90,6.6000,true,1,69883
7290110115869,false,קוקה קולה זירו בקבוק,תות תעשיות מזון (201,IL,קוקה קולה זירו בקבוק 1.5 ליטר,ליטרים,1.50,ליטר,false,1,9.90,6.6000,true,1,69884
7290110115876,false,סודה קינלי 1.5 ליטר,"אינסטנטה בע""מ",IL,סודה קינלי 1.5 ליטר,ליטרים,1.50,ליטר,false,1,4.90,3.2667,true,1,69895
7290110115913,false,פאוורייד זירו משקה ס,Caslino al Piano pla,IT,"פאוורייד ZERO בטעם אננס 500 מ""ל",מיליליטרים,500.00,"100 מ""ל",false,1,12.90,0.0258,true,1,71172
7290110116040,false,ZERO  פאנטה פירות כח,החברה המרכזית למשקאו,IL,ZERO  פאנטה פירות כחול 1.5 ליטר,ליטרים,1.50,ליטר,false,1,9.90,6.6000,true,1,70857
7290110116057,false,ZERO  פאנטה פירות כח,החברה המרכזית למשקאו,IL,ZERO  פאנטה פירות כחול 500מל,מיליליטרים,500.00,"100 מ""ל",false,1,7.90,0.0158,true,1,70859
7290110116064,false,ZERO  פאנטה פירות יר,החברה המרכזית למשקאו,IL,ZERO,ליטרים,1.50,ליטר,false,1,9.90,6.6000,true,1,70858
7290110116194,false,נביעות + לימון ליים,החברה המרכזית למשקאו,IL,נביעות + לימון ליים 0 קלוריות 1.5 ליטר,ליטרים,1.50,ליטר,false,1,11.90,7.9333,true,1,71566
7290110116200,false,נביעות + לימון ליים,החברה המרכזית למשקאו,IL,"נביעות + לימון ליים 0 קלוריות 500 מ""ל",מיליליטרים,500.00,"100 מ""ל",false,1,8.50,0.0170,true,1,71568
7290110116217,false,נביעות +0 קלוריות אש,החברה המרכזית למשקאו,IL,נביעות +0 קלוריות אשכולית 1.5 ליטר,ליטרים,1.50,ליטר,false,1,11.90,7.9333,true,1,71565
7290110116224,false,נביעות +0 קלוריות אש,החברה המרכזית למשקאו,IL,"נביעות +0 קלוריות אשכולית 500 מ""ל",מיליליטרים,500.00,"100 מ""ל",false,1,8.50,0.0170,true,1,71567
7290110116385,false,קולה קולה  זירו סטאפ,החברה המרכזית למשקאו,IL,קולה קולה  זירו סטאפני 330 מל,מיליליטרים,330.00,"100 מ""ל",false,1,7.90,0.0239,true,1,71075
7290110116576,false,ספרייט זירו למון היט,החברה המרכזית למשקאו,IL,"ספרייט זירו למון היט 500 מ""ל",מיליליטרים,500.00,"100 מ""ל",false,1,7.90,0.0158,true,1,71753
7290110320591,false,גבינה בולגרית 16% במ,תנובה,IL,פיראוס בולגרית 16% שומן במרקם מעודן,גרמים,250.00,100 גרם,false,1,22.90,0.0916,true,1,30110
7290110320683,false,משקה יופלה בטעם תות,מיוצר עי קונדיטוריית,IL,משקה יופלה בטעם תות שמינייה 856 גרם,גרמים,856.00,100 גרם,false,1,18.90,0.0221,true,1,31199
7290110320850,false,פתיתי עמק בשקית 200,"תנובה, מחלבת תל יוסף",IL,עמק פתיתים 28% שומן 200 גרם,גרמים,200.00,100 גרם,false,1,15.90,0.0795,true,1,31210
7290110320935,false,פרוסות מוצרלה 150 גר,תנובה מחלבת תל יוסף,IL,פרוסות מוצרלה קולקשיין 150 גרם,גרמים,150.00,100 גרם,false,1,18.90,0.1260,true,1,30986
7290110321031,false,GO יוגורט יופלה שומן,"תנובה, מחלבת אלון תב",IL,GO יוגורט יופלה שומן 20 וחלבון 200 גרם,גרמים,200.00,100 גרם,false,1,6.50,0.0325,true,1,30978
7290110321277,false,קוטג בקטנה 5% 100 גר,"תנובה, מחלבת אלון תב",IL,תנובה קוטג' 5% בקטנה 100 גרם,גרמים,100.00,100 גרם,false,1,2.70,0.0270,true,1,31615
7290110321284,false,קוטג בקטנה 9% 100 גר,"תנובה, מחלבת אלון תב",IL,תנובה קוטג' 9% בקטנה 100 גרם,גרמים,100.00,100 גרם,false,1,2.70,0.0270,true,1,31616
7290110321604,false,בולגרית מעודנת 5% קו,תנובה,IL,פיראוס קוביות בולגרית מעודנת 5% שומן,לא מנהל יחידת מידה,0.00,לא מנהל יחידת מידה,false,1,24.90,0.0000,true,1,47648
7290110321680,false,יוגורט יופלה GO תות,מחלבת אלון תבור,IL,יוגורט עם תות בתוספת חלבוני חלב,גרמים,200.00,100 גרם,false,1,5.90,0.0295,true,1,32571
7290110321697,false,יוגורט יופלה GO אפרס,מחלבת אלון תבור,IL,יוגורט עם אפרסק בתוספת חלבוני חלב,גרמים,200.00,100 גרם,false,1,5.90,0.0295,true,1,32572
7290110321703,false,יוגורט יופלה GO פירו,"תנובה בע""מ",IL,יוגורט עם פירות יער מועשר בחלבון,גרמים,200.00,100 גרם,false,1,5.90,0.0295,true,1,47221
7290110322014,false,טופו טבעי 300 גרם,סוי מג'ק,IL,טופו טבעי 300 גרם,גרמים,300.00,100 גרם,false,1,12.90,0.0430,true,1,47638
7290110322021,false,טופו בזיליקום 300 גר,סוי מג'ק,IL,טופו בטעם בזיליקום,גרמים,300.00,100 גרם,false,1,12.90,0.0430,true,1,47637
7290110323066,true,משקה יוגורט מועשר בח,תנובה בעמ,IL,משקה יוגורט GO 20מועשר בחלבון בננה ואפר,מיליליטרים,236.00,"100 מ""ל",false,1,6.90,0.0292,true,1,50658
7290110323301,false,גבינה צהובה טל העמק,תנובה,IL,גבינה צהובה טל העמק 32% שומן 200 גרם,גרמים,200.00,100 גרם,false,1,19.90,0.0995,true,1,51733
7290110323585,true,יוגורט עם דובדבן מופ,תנובה בעמ,IL,יוגורט עם דובדבן מופחת קולוריות GO200גרם,גרמים,200.00,100 גרם,false,1,5.90,0.0295,true,1,51104
7290110323714,false,משקה קוקוס שקדים תנו,תנובה בעמ,IL,משקה קוקוס שקדים תנובה 1 ליטר,ליטרים,1.00,ליטר,false,1,14.90,14.9000,true,1,52020
7290110324353,false,יופלה GO לייט בטעם א,"תנובה בע""מ",IL,יופלה GO לייט בטעם אננס 200גרם,גרמים,200.00,100 גרם,false,1,5.90,0.0295,true,1,54137
7290110324704,false,טופו מתובל בסגנון פר,"תנובה בע""מ",IL,טופו מתובל בסגנון פרובנס  300גרם,גרמים,300.00,100 גרם,false,1,12.90,0.0430,true,1,54140
7290110324711,false,ממרח סויה 9% בטעם טב,"תנובה בע""מ",IL,ממרח סויה 9% בטעם טבעי,גרמים,250.00,100 גרם,false,1,10.90,0.0436,true,1,54141
7290110324728,false,ממרח סויה 9% עם שום,"תנובה בע""מ",IL,ממרח סויה 9% עם שום שמיר,גרמים,250.00,100 גרם,false,1,10.90,0.0436,true,1,54142
7290110324841,false,מעדן שקדים עם שוקולד,תנובה בעמ,IL,מעדן שקדים עם שוקולד מריר אלטרנטיב 125גר,גרמים,125.00,100 גרם,false,1,4.50,0.0360,true,1,58095
7290110324858,false,מעדן שקדים בטעם אגוז,תנובה בעמ,IL,מעדן שקדים בטעם אגוזי לוז אלטרנטיב 125 ג,גרמים,125.00,100 גרם,false,1,4.50,0.0360,true,1,58096
7290110324872,false,גבינת גלבוע 5% שומן,תנובה,IL,גבינת גלבוע 5% שומן 200 גרם,גרמים,200.00,100 גרם,false,1,18.90,0.0945,true,1,58436
7290110324926,false,משקה סויה ללא תוספת,"תנובה בע""מ",IL,משקה סויה ללא תוספת סוכר  1 ליטר,ליטרים,1.00,ליטר,false,1,12.90,12.9000,true,1,58105
7290110325114,false,משקה יוגורטGO לייט ת,מיוצר עי קונדיטוריית,IL,משקה יוגורטGO לייט תות בננה 250 מל,מיליליטרים,250.00,"100 מ""ל",false,1,6.90,0.0276,true,1,56116
7290110325121,false,משקה יוגורטGO  לייט,"תנובה בע""מ",IL,משקה יוגורטGO  לייט מנגו אננס 250מל,מיליליטרים,250.00,"100 מ""ל",false,1,6.90,0.0276,true,1,56115
7290110325169,false,פרוסות גאודה 170 גרם,תנובה,IL,פרוסות גאודה קולקשיין  170 גרם,גרמים,170.00,100 גרם,false,1,21.90,0.1288,true,1,59656
7290110325305,false,מעדן סויהGO 20 גרם ח,"תנובה בע""מ",IL,מעדן סויהGO 20 גרם חלבון במתיקות מעודנת 200גרם,גרמים,200.00,100 גרם,false,1,5.90,0.0295,true,1,58099
7290110325312,false,מעדן סויה GO 20 גרם,"תנובה בע""מ",IL,מעדן סויה GO 20 גרם חלבון בטעם תות  200גרם,גרמים,200.00,100 גרם,false,1,5.90,0.0295,true,1,58098
7290110325428,false,גבינה לבנה למריחה 5%,מחלבת אלון תבור,IL,גבינה לבנה למריחה 5%קרקרים 145גרם,גרמים,145.00,100 גרם,false,1,5.50,0.0379,true,1,67622
7290110325619,false,משקה שיבולת שועל  1ל,"תנובה בע""מ",IL,משקה שיבולת שועל  1ליטר,ליטרים,1.00,ליטר,false,1,14.90,14.9000,true,1,58944
7290110325626,false,"משקה שקדים לל""ס 1ליט",תנובה,IL,"משקה שקדים לל""ס 1ליטר",ליטרים,1.00,ליטר,false,1,14.90,14.9000,true,1,60478
7290110325879,false,פתיתי גאודה 200 גרם,תנובה,IL,פתיתי גאודה 200 גרם,גרמים,200.00,100 גרם,false,1,18.90,0.0945,true,1,59657
7290110325893,false,תנובה GO אייס קפה 34,"תנובה בע""מ",IL,תנובה GO אייס קפה 340 מל,מיליליטרים,340.00,"100 מ""ל",false,1,8.50,0.0250,true,1,58949
7290110326210,false,יופלה און טופ פצפוצי,מחלבת אלון תבור,IL,יופלה און טופ פצפוצים 157 גרם,גרמים,157.00,100 גרם,false,1,5.50,0.0350,true,1,59658
7290110326227,false,יופלה און טופ קורנפל,מחלבת אלון תבור,IL,יופלה און טופ קורנפלקס  157 גרם,גרמים,157.00,100 גרם,false,1,5.50,0.0350,true,1,59660
7290110326234,false,יופלה און טופ כוכבים,מחלבת אלון תבור,IL,יופלה און טופ כוכבים 157 גרם,גרמים,157.00,100 גרם,false,1,5.50,0.0350,true,1,59659
7290110326241,false,יופלה און טופ גרנולה,מחלבת אלון תבור,IL,יופלה און טופ גרנולה 157 גרם,גרמים,157.00,100 גרם,false,1,5.50,0.0350,true,1,59661
7290110326333,false,פרוסות גבינה סקנדינב,פ.פ.ח. שאביט,IL,פרוסות גבינה סקנדינבית קולקשיין 170 גרם,גרמים,200.00,100 גרם,false,1,19.90,0.0995,true,1,67140
7290110326548,false,קוטג מועשר  בסידן 25,תנובה בעמ,IL,קוטג מועשר  בסידן 250ג מיורן וזעתר 5%,גרמים,250.00,100 גרם,false,1,5.80,0.0232,true,1,67945
7290110326852,false,השף הלבן ממרח חמאה ב,בונגה פולין,PL,השף הלבן ממרח חמאה בתוספת מלח 200 גרם,גרמים,200.00,100 גרם,false,1,11.50,0.0575,true,1,67948
7290110326982,false,YOLO משקה חלב עם שוק,תנובה,IL,YOLO משקה חלב עם שוקולד קלאסי 1 ליטר,ליטרים,1.00,ליטר,false,1,13.90,13.9000,true,1,60627
7290110326999,false,משקה חלב  עם שוקולד,תנובה,IL,"YOLO משקה חלב  עם שוקולד קלאסי 340מ""ל",מיליליטרים,340.00,"100 מ""ל",false,1,8.50,0.0250,true,1,60699
7290110327033,false,משקהמועשר בחלבון במת,מיוצר עי קונדיטוריית,IL,משקהמועשר בחלבון במתיקות מופחתת GO,לא מנהל יחידת מידה,0.00,לא מנהל יחידת מידה,false,1,14.80,0.0000,true,1,60952
7290110327064,false,משקה קפה שיבולת שועל,תנובה,IL,משקה קפה שיבולת שועל בטעם קרמל 1 ליטר,ליטרים,1.00,ליטר,false,1,12.60,12.6000,true,1,60710
7290110327316,false,גבינה לבנה 5% בתוספת,תנובה בעמ,IL,גבינה לבנה 5% בתוספת פריכיות  139 גרם,גרמים,139.00,100 גרם,false,1,5.50,0.0396,true,1,68644
7290110327408,false,יופלהGO  לייט בטעם ק,תנובה,IL,יופלהGO  לייט בטעם קוקוס 200DRO,גרמים,200.00,100 גרם,false,1,6.50,0.0325,true,1,68143
7290110327514,false,משקה שיבולת שועל  אל,תנובה,IL,משקה שיבולת שועל  אלטרנטיב אגוזי לוז 1 ל,ליטרים,1.00,ליטר,false,1,14.90,14.9000,true,1,69633
7290110327545,false,יופלה אוןטופ תות תוס,מיוצר עי קונדיטוריית,IL,יופלה אוןטופ תות תוספת פצפוצים מצופים157,גרמים,157.00,100 גרם,false,1,5.50,0.0350,true,1,70126
7290110327620,false,GO אבקת חלבון ללא תו,,IL,GO אבקת חלבון ללא תוספת טעם 2.27 קג,קילוגרמים,2.27,"ק""ג",false,1,269.00,118.5022,true,1,70200
7290110327798,false,חטיף חלבון גו בטעם ש,"בלמונט קונפקציות בע""",US,GO חטיף חלבון  בטעם שוקולד 60 גרם,גרמים,60.00,100 גרם,false,1,13.90,0.2317,true,1,68631
7290110327804,false,חטיף חלבון גו בצק עו,"בלמונט קונפקציות בע""",US,GO חטיף חלבון  בטעם בצק עוגיות 60 גרם,גרמים,60.00,100 גרם,false,1,13.90,0.2317,true,1,68632
7290110327811,false,חטיף חלבון גו קוקוס,"בלמונט קונפקציות בע""",US,GO חטיף חלבון עם קוקוס 60 גרם,גרמים,60.00,100 גרם,false,1,13.90,0.2317,true,1,68633
7290110327828,false,חטיף חלבון גו חמאת ב,"בלמונט קונפקציות בע""",US,GO חטיף חלבון עם חמאת בוטנים 60 גרם,גרמים,60.00,100 גרם,false,1,13.90,0.2317,true,1,68634
7290110328016,false,משקה סויה מועשר בחלב,סוי מג'ק,IL,"משקה סויה מועשר בחלבון בטעם אגוזי לוז 250 מ""ל",מיליליטרים,250.00,"100 מ""ל",false,1,6.70,0.0268,true,1,68148
7290110328023,false,משקה סויה מועשר בחלב,סוי מג'ק,IL,"משקה סויה מועשר בחלבון בטעם קפה 250 מ""ל",מיליליטרים,250.00,"100 מ""ל",false,1,6.90,0.0276,true,1,68147
7290110328221,false,יוגורט תנובה נטול לק,תנובה בעמ,IL,יוגורט תנובה נטול לקטוז 3% 200 גרם,גרמים,200.00,100 גרם,false,1,4.20,0.0210,true,1,68044
7290110328474,false,פלח פרמגיאנו רגיאנו,ברטינלי גיאני א.,IT,פלח פרמגיאנו רגיאנו קולקשיין 150 גרם,גרמים,150.00,100 גרם,false,1,32.90,0.2193,true,1,68395
7290110328481,false,פתיתי פרמגאנו רגיאנו,ברטינלי גיאני א.,IT,פתיתי פרמגאנו רגיאנו קולקשיין 100 גרם,גרמים,100.00,100 גרם,false,1,17.90,0.1790,true,1,68396
7290110328504,false,מיקס גבינות מוצרלה ס,מיוצר עי קונדיטוריית,IL,מיקס גבינות מוצרלה סקנדינבית וגאודה השף,גרמים,300.00,100 גרם,false,1,28.90,0.0963,true,1,68397
7290110328511,false,פתיתי טל העמק 32% 20,תנובה,IL,פתיתי טל העמק 32% 200גרם,גרמים,200.00,100 גרם,false,1,18.90,0.0945,true,1,68823
7290110328580,false,יוגורט תנובה 5% 200,מיוצר עי קונדיטוריית,IL,יוגורט תנובה 5% 200 גרם,גרמים,200.00,100 גרם,false,1,3.20,0.0160,true,1,69634
7290110328610,false,משקה אורז ושקדים ברי,תנובה בעמ,IL,משקה אורז ושקדים בריסטה אלטרנטיב 1 ליטר,ליטרים,1.00,ליטר,false,1,14.90,14.9000,true,1,68653
7290110328627,false,יוגורט GO סמיך 0% בנ,תנובה בעמ,IL,יוגורט GO סמיך 0% בננה קרמל 200 גרם,גרמים,200.00,100 גרם,false,1,6.50,0.0325,true,1,68649
7290110328764,false,יוגורט GO סמיך 0% תו,תנובה בעמ,IL,יוגורט GO סמיך 0% תות 200 גרם,גרמים,200.00,100 גרם,false,1,6.50,0.0325,true,1,68648
7290110328788,false,יוגורט GO סמיך 0% אפ,תנובה בעמ,IL,יוגורט GO סמיך 0% אפרסק 200 גרם,גרמים,200.00,100 גרם,false,1,6.50,0.0325,true,1,68646
7290110328887,false,חלב 3% מהדרין 1 ליטר,תנובה,IL,חלב 3% מהדרין 1 ליטר פיקוח בבקבוק,ליטרים,1.00,ליטר,false,1,6.23,6.2300,true,1,70263
7290110328955,false,קוביות גבינת עזים בש,דודוני תעשיית החלב ה,GR,קוביות גבינת עזים בשמן פיראוס 350 גרם,גרמים,350.00,100 גרם,false,1,28.90,0.0826,true,1,70506
7290110329136,false,מעדן חלב גו בטעם שוק,"תנובה בע""מ",IL,מעדן חלב גו בטעם שוקולד 12 חלבון 120גרם,גרמים,120.00,100 גרם,false,1,5.50,0.0458,true,1,69635
7290110329143,false,מעדן חלב גו בטעם וני,"תנובה בע""מ",IL,מעדן חלב גו בטעם וניל  12 חלבון  120גרם,גרמים,120.00,100 גרם,false,1,5.50,0.0458,true,1,69636
7290110329150,false,מעדן חלב גו בטעם קפה,מיוצר עי קונדיטוריית,IL,מעדן חלב גו בטעם קפה  12 חלבון 120 גרם,גרמים,120.00,100 גרם,false,1,5.50,0.0458,true,1,69637
7290110329266,false,יוגורט תנובה מחלב עי,תנובה,IL,יוגורט תנובה מחלב עיזים  140 גרם,גרמים,140.00,100 גרם,false,1,6.50,0.0464,true,1,69235
7290110329273,false,יוגורט תנובה מחלב עי,תנובה,IL,יוגורט תנובה מחלב עיזים   750 גרם,גרמים,750.00,100 גרם,false,1,21.90,0.0292,true,1,69236
7290110329303,false,פרוסות בטעם צהובה קל,תנובה,IL,פרוסות בטעם צהובה קלאסית אלטרנטיב 200 גר,גרמים,200.00,100 גרם,false,1,22.90,0.1145,true,1,69638
7290110329426,false,טופו אלטרנטיב   עם ר,תנובה,IL,טופו אלטרנטיב   עם רוטב קרם קוקוס קארי פ,גרמים,250.00,100 גרם,false,1,14.90,0.0596,true,1,70564
7290110329433,false,טופו אלטרנטיב  עם רו,תנובה,IL,טופו אלטרנטיב  עם רוטב סצואן 250 גרם,גרמים,250.00,100 גרם,false,1,14.90,0.0596,true,1,70565
7290110329624,false,OLALAיופלה וניל טארט,"תנובה בע""מ",IL,OLALAיופלה וניל טארט טאטן   150 גרם,גרמים,150.00,100 גרם,false,1,5.50,0.0367,true,1,69986
7290110329631,false,OLALAיופלה וניל תות,"תנובה בע""מ",IL,OLALAיופלה וניל תות  150 גרם,גרמים,150.00,100 גרם,false,1,5.50,0.0367,true,1,69985
7290110329648,false,OLALAיופלה וניל קרמל,"תנובה בע""מ",IL,OLALAיופלה וניל קרמל מלוח  150 גרם,גרמים,150.00,100 גרם,false,1,5.50,0.0367,true,1,69984
7290110329686,false,משקה חלב GO בטעם עוג,תנובה,IL,משקה חלב GO בטעם עוגיות 340 מל,מיליליטרים,340.00,"100 מ""ל",false,1,8.50,0.0250,true,1,69639
7290110329693,false,יוגורטGO סמיך 0% מלב,תנובה,IL,יוגורט 200גרםGO סמיך 0% מלבי,גרמים,200.00,100 גרם,false,1,6.50,0.0325,true,1,69640
7290110329709,false,יוגורט תנובה 0% 200,מיוצר עי קונדיטוריית,IL,יוגורט תנובה 0% 200 גרם,גרמים,200.00,100 גרם,false,1,3.20,0.0160,true,1,69641
7290110329716,false,משקה חלב עם קפה קפוצ,"תנובה בע""מ",IL,"משקה חלב עם קפה קפוצינו 230  מ""ל",מיליליטרים,230.00,"100 מ""ל",false,1,7.90,0.0343,true,1,70744
7290110329723,false,משקה חלב עם קפה לאטה,"תנובה בע""מ",IL,"משקה חלב עם קפה לאטה 230 מ""ל",מיליליטרים,230.00,"100 מ""ל",false,1,7.90,0.0343,true,1,70745
7290110329730,false,משקה חלב עם קפה  שוק,"תנובה בע""מ",IL,"משקה חלב עם קפה  שוקולד  230 מ""ל",מיליליטרים,230.00,"100 מ""ל",false,1,7.90,0.0343,true,1,70746
7290110329778,false,חלב בקרטון  3%   1לי,תנובה,IL,חלב בקרטון  3%   1ליטר,ליטרים,1.00,ליטר,false,1,6.23,6.2300,true,1,69397
7290110329792,false,סויה אלטרנטיב  ביו א,תנובה,IL,סויה אלטרנטיב  ביו אפרסק150 גרם,גרמים,150.00,100 גרם,false,1,4.90,0.0327,true,1,70004
7290110329808,false,סויה אלטרנטיב  ביו ת,תנובה,IL,סויה אלטרנטיב  ביו תות 150 גרם,גרמים,150.00,100 גרם,false,1,4.90,0.0327,true,1,70003
7290110329815,false,סויה אלטרנטיב  ביו מ,תנובה,IL,סויה אלטרנטיב  ביו מתיקות מעודנת150 גרם,גרמים,150.00,100 גרם,false,1,4.90,0.0327,true,1,70002
7290110329822,false,סויה אלטרנטיב  ביו פ,תנובה,IL,סויה אלטרנטיב  ביו פירות יער   150 גרם,גרמים,150.00,100 גרם,false,1,4.90,0.0327,true,1,70021
7290110329839,false,פרוסות צהובה בטעם זי,תנובה,IL,פרוסות צהובה בטעם זיתים אלטרנטיב  200 גר,גרמים,200.00,100 גרם,false,1,22.90,0.1145,true,1,69642
7290110329846,false,סויה אלטרנטיב  ביו ט,תנובה,IL,סויה אלטרנטיב  ביו טבעי150 גרם,גרמים,150.00,100 גרם,false,1,4.90,0.0327,true,1,70005
7290110329914,false,מאגדת משקה שיבולת שו,תנובה בעמ,IL,מאגדת משקה שיבולת שועל ושקדים ביו אלטרנט,גרמים,600.00,100 גרם,false,6,19.90,0.0332,true,1,70135
7290110329952,false,יוגורט גו סמיך 0.4%,"תנובה בע""מ",IL,יוגורט גו סמיך 0.4% קוקוס 200גרם,גרמים,200.00,100 גרם,false,1,6.50,0.0325,true,1,70138
7290110472016,false,כבל 2 מטר - TYPE C,,,כבל 2 מטר - TYPE C,יחידה,1.00,יחידה,false,1,39.90,39.9000,true,1,58138
7290110472474,false,מתאם קיר TYPE C,,,מתאם קיר TYPE C,יחידה,1.00,יחידה,false,1,54.90,54.9000,true,1,57849
7290110476267,false,מטען קיר מאושר אפל 2,,,מטען קיר מאושר אפל 2,יחידה,1.00,יחידה,false,1,119.00,119.0000,true,1,68030
7290110550691,false,חטיף פרה ממולדה פטל,מיוצר עי קונדיטוריית,IL,חטיף פרה ממולדה פטל 50 גרם בדצ,גרמים,50.00,100 גרם,false,1,4.90,0.0980,true,1,69579
7290110552220,false,דנונה פרו 20 חלבון,"שטראוס בריאות בע""מ",IL,'דנונה פרו 20גר' ללא סוכר תות,גרמים,200.00,100 גרם,false,1,6.50,0.0325,true,1,70033
7290110552237,false,דנונה פרו 20 חלבון,"שטראוס בריאות בע""מ",IL,דנונה פרו 20גר' ללא סוכר אפרסק מנגו,גרמים,200.00,100 גרם,false,1,6.50,0.0325,true,1,70034
7290110552411,false,משקה קפה קר בטעם קרמ,יטבתה,IL,משקה קפה קר בטעם קרמל  230 מל,מיליליטרים,230.00,"100 מ""ל",false,1,7.90,0.0343,true,1,70567
7290110553029,false,אנרגי פריכיות חלבון,שטראוס,IL,אנרגי פריכיות חלבון קייל חומוס ומלח 60,גרמים,60.00,100 גרם,false,1,12.90,0.2150,true,1,70216
7290110553173,false,אנרג`י פריכיות בטעם,שטראוס גרופ,IL,אנרג`י פריכיות בטעם קרמל 40 גרם,מיליליטרים,40.00,"100 מ""ל",false,1,8.90,0.2225,true,1,71182
7290110553180,false,אנרג`י פריכיות בטעם,שטראוס גרופ,IL,אנרג`י פריכיות בטעם תפוח קינמון 40 גרם,מיליליטרים,40.00,"100 מ""ל",false,1,8.90,0.2225,true,1,71183
7290110553210,false,סבבה בוטנים הוט באפל,שטראוס,IL,סבבה בוטנים הוט באפלו ווינגס 50 גרם,גרמים,50.00,100 גרם,false,1,2.90,0.0580,true,1,71021
7290110553265,false,WOW  יוגורט דנונהבלו,"שטראוס בריאות בע""מ",IL,'דנונה WOW בטעם בלונדי,גרמים,150.00,100 גרם,false,1,4.90,0.0327,true,1,70041
7290110553272,false,WOW  יוגורט דנונה קר,"שטראוס בריאות בע""מ",IL,דנונה WOW בטעם קרם קפה,גרמים,150.00,100 גרם,false,1,4.90,0.0327,true,1,70042
7290110553401,false,בינז אייס קופי לאטה,מונסטרלנד לולף,DE,"בינז אייס קופי לאטה וניל 250 מ""ל",מיליליטרים,250.00,"100 מ""ל",false,1,10.90,0.0436,true,1,70830
7290110553449,false,מילקי קייק סנאק *6,בווארד טור ד'אלבון,FR,מילקי סנאק 6 יחידות,גרמים,1.00,100 גרם,false,6,14.90,14.9000,true,1,70139
7290110553623,false,ציטוס קראנץ צדר חלפי,שטראוס,IL,ציטוס קראנץ צדר חלפיניו 80 גרם,גרמים,80.00,100 גרם,false,1,5.50,0.0688,true,1,71201
7290110554118,false,נודלס מלזי חריף דל,"טרופיקל דגיל בע""מ אז",IL,נודלס מלזי חריף דלישס 350גרם,גרמים,350.00,100 גרם,false,1,26.90,0.0769,true,1,69443
7290110554125,false,נודלס סצואן חריף דלי,שטראוס,IL,נודלס סצואן חריף דלישס 350גרם,גרמים,350.00,100 גרם,false,1,26.90,0.0769,true,1,70272
7290110554453,false,בינז אייס קופי לאטה,מונסטרלנד לולף,DE,"בינז אייס קופי לאטה מוקה 250 מ""ל",מיליליטרים,250.00,"100 מ""ל",false,1,10.90,0.0436,true,1,70831
7290110554477,false,קפסולות לאפוגטו מייפ,שטראוס,IL,קפסולות לאפוגטו מייפל 50 גרם,גרמים,50.00,100 גרם,false,1,18.90,0.3780,true,1,70833
7290110554507,false,קפה טורקי תימני 100,שטראוס,IL,קפה טורקי תימני 100 גרם,גרמים,100.00,100 גרם,false,1,9.50,0.0950,true,1,70832
7290110554699,false,קפסולות קפה אספרסו ע,שטראוס קפה בי.וי.,IL,קפסולות קפה אספרסו עולה 50 גרם,גרמים,50.00,100 גרם,false,1,18.90,0.3780,true,1,71177
7290110554705,false,קפסולות קפה אספרסו י,שטראוס קפה בי.וי.,IL,קפסולות קפה אספרסו יוניקו 50 גרם,גרמים,50.00,100 גרם,false,1,18.90,0.3780,true,1,71176
7290110555092,false,לאבנה עם שמן זית וצי,שטראוס,IL,לאבנה עם שמן זית וצילי 250 גרם,גרמים,250.00,100 גרם,false,1,11.90,0.0476,true,1,70569
7290110555306,false,רבע לשבע טבעוני סינמ,הגביע מוצרי וופלים ב,IL,רבע לשבע טבעוני סינמון באן 125 גרם,גרמים,125.00,100 גרם,false,1,13.90,0.1112,true,1,71002
7290110555603,false,שוקולוטה ספלנדיד 360,גאלטס גולון,GR,שוקולוטה ספלנדיד 360 גרם,גרמים,360.00,100 גרם,false,1,23.90,0.0664,true,1,71920
7290110556242,false,שוקולד פרה מריר 100,"שטראוס גרופ בע""מ.",IL,שוקולד פרה מריר 100 גרם,גרמים,100.00,100 גרם,false,1,6.50,0.0650,true,1,71557
7290110557102,false,מעדן חלב עם שוקולד פ,מיוצר עי קונדיטוריית,IL,מעדן חלב עם שוקולד פרו 11 חלבון 150גרם,גרמים,150.00,100 גרם,false,1,5.00,0.0333,true,1,69222
7290110557126,false,דנונה ריפרש בננה תמר,מיוצר עי קונדיטוריית,IL,דנונה ריפרש בננה תמר 250 מל,גרמים,250.00,100 גרם,false,1,5.90,0.0236,true,1,69423
7290110557133,false,מעדן הגולן וניל 125,מיוצר עי קונדיטוריית,IL,מעדן הגולן וניל 125 גרם,גרמים,125.00,100 גרם,false,1,3.20,0.0256,true,1,69424
7290110557393,false,מארז מילקי שלוק  איי,"שטראוס גרופ בע""מ",IL,מארז מילקי שלוק  אייס קפה 276 מל,מיליליטרים,276.00,"100 מ""ל",false,1,9.90,0.0359,true,1,70929
7290110557416,false,מילקי טופ לבבות 141ג,שטראוס,IL,מילקי טופ לבבות 141גרם,גרמים,141.00,100 גרם,false,1,5.00,0.0355,true,1,70140
7290110557539,false,מילקי מוס תותים בשמנ,שטראוס,IL,מילקי מוס תותים בשמנת  81 גרם,גרמים,81.00,100 גרם,false,1,3.70,0.0457,true,1,70141
7290110558239,false,WOW דנונה קראק פאי 1,"שטראוס בריאות בע""מ",IL,WOW דנונה קראק פאי 150גרם,גרמים,150.00,100 גרם,false,1,4.90,0.0327,true,1,71153
7290110558284,false,דנונה ביו מולטי 200,שטראוס,IL,דנונה ביו מולטי 200 גרם,מיליליטרים,200.00,"100 מ""ל",false,1,4.90,0.0245,true,1,70928
7290110558291,false,דנונה פרו 20 גרם בטע,"שטראוס בריאות בע""מ",IL,דנונה פרו 20 גרם בטעם קוקוס,גרמים,200.00,100 גרם,false,1,6.50,0.0325,true,1,70509
7290110558314,false,דנונה פרו 20 גרםללא,שטראוס,IL,דנונה פרו 20 גרםללא סוכר בטעם פיסטוק,גרמים,200.00,100 גרם,false,1,6.50,0.0325,true,1,70953
7290110558666,false,דניאלה בטעם תפוח 88ג,שטראוס,IL,דניאלה בטעם תפוח 88גרם,גרמים,88.00,100 גרם,false,1,4.50,0.0511,true,1,71664
7290110558918,false,עלי חסה קראנץ שטופים,שטראוס בריאות ירקות,IL,עלי חסה קראנץ שטופים 150 ג שטראוס,גרמים,150.00,100 גרם,false,1,12.90,0.0860,true,1,71272
7290110559038,false,מילקשייק שוקו עם סיר,שטראוס,IL,מילקשייק שוקו עם סירופ שוקולד 300 מל,מיליליטרים,300.00,"100 מ""ל",false,1,8.90,0.0297,true,1,70926
7290110559939,false,נתחי סויה בסגנון שוו,אוכל ביתי ניר עציון,IL,נתחי סויה בסגנון שווארמה ומגדרה דלישס  3,גרמים,350.00,100 גרם,false,1,26.90,0.0769,true,1,70574
7290110560300,false,פריכיות משולשות-פלפל,פרח,IL,פריכיות משולשות- פלפל שחור,גרמים,30.00,100 גרם,false,1,5.90,0.1967,true,1,50738
7290110560317,false,פריכיות משולשות- מלח,פרח,IL,פריכיות משולשות- מלח ים,גרמים,30.00,100 גרם,false,1,5.90,0.1967,true,1,50739
7290110560324,false,פריכיות משולשות אפונ,פרח,IL,פריכיות משולשות- אפונה ירוקה,גרמים,30.00,100 גרם,false,1,5.90,0.1967,true,1,50740
7290110563431,false,משקה קפה קר   קלאסי,אנסטל מילק kg,AT,משקה קפה קר בסגנון קלאסי 1.6%,מיליליטרים,230.00,"100 מ""ל",false,1,7.90,0.0343,true,1,52227
7290110563448,false,משקה קפה קר  מעודן 1,אנסטל מילק kg,AT,משקה קפה קר בסגנון מעודן 1.6%,מיליליטרים,230.00,"100 מ""ל",false,1,7.90,0.0343,true,1,52228
7290110563462,false,חלב בבקבוק נטול לקטו,מחלבת יטבתה,IL,חלב בבקבוק נטול לקטוז 2%,ליטרים,1.00,ליטר,false,1,8.90,8.9000,true,1,52634
7290110564360,false,חומוס עשיר ב40% טחינ,מיוצר עי קונדיטוריית,IL,חומוס עשיר ב40% טחינה הסדרה המובחרת400 d,גרמים,400.00,100 גרם,false,1,15.90,0.0398,true,1,32044
7290110564742,false,משקה קפה קר   חזק 1.,אנסטל מילק kg,AT,משקה קפה קר בסגנון חזק -חדש,מיליליטרים,230.00,"100 מ""ל",false,1,7.90,0.0343,true,1,52229
7290110565527,false,דנונה פרו 20 גרם חלב,"שטראוס בריאות בע""מ",IL,דנונה פרו 20 גר 1.5% שומן,גרמים,200.00,100 גרם,false,1,6.50,0.0325,true,1,31619
7290110566579,false,דבש לחיץ יד מרדכי  2,מכוורת יד מרדכי שטרא,IL,דבש בקבוק לחיץ 200 גרם,גרמים,200.00,100 גרם,false,1,13.90,0.0695,true,1,55349
7290110566975,false,דנונה פרו 20גרם תות,"שטראוס בריאות בע""מ",IL,דנונה פרו 20 גר תות 0% שומן,גרמים,200.00,100 גרם,false,1,6.50,0.0325,true,1,32692
7290110568276,false,משקה יטבתה פרו וניל,,IL,"משקה יטבתה פרו וניל 350 מ""ל",מיליליטרים,350.00,"100 מ""ל",false,1,6.90,0.0197,true,1,47216
7290110568498,false,קונפיטורת תות במתיקו,"אינסטנטה בע""מ",FR,קונפיטורת תות במתיקות מעודנת 265 ג יד מר,גרמים,265.00,100 גרם,false,1,15.90,0.0600,true,1,52951
7290110568504,false,קונפיטורת משמש במתיק,בייר,FR,קונפיטורת משמש במתיקות מעודנת 265 ג יד מ,גרמים,265.00,100 גרם,false,1,15.90,0.0600,true,1,52952
7290110570224,false,משקה קפה קר בטעם עוג,תנובה,IL,משקה קפה קר בטעם עוגיות 230מל,מיליליטרים,230.00,"100 מ""ל",false,1,7.90,0.0343,true,1,70924
7290110571382,false,מעדן חלב בטעם וניל פ,"שטראוס בריאות בע""מ",IL,מעדן חלב בטעם וניל מועשר בחלבון,גרמים,150.00,100 גרם,false,1,5.00,0.0333,true,1,70575
7290110576363,false,ספלנדיד שוקולד מריר,קימ'ס גריפלנן,BE,ספלנדיד שוקולד מריר אוגנדה 80%,גרמים,100.00,100 גרם,false,1,9.90,0.0990,true,1,71670
7290110576752,false,ספלנדיד מריר 70% 100,קימ'ס גריפלנן,BE,ספלנדיד מריר 70% 100 גרם,גרמים,100.00,100 גרם,false,1,10.90,0.1090,true,1,71788
7290110576776,false,ספלנדיד מריר 85% 100,קימ'ס גריפלנן,BE,ספלנדיד מריר 85% 100 גרם,גרמים,100.00,100 גרם,false,1,10.90,0.1090,true,1,71789
7290110576868,false,גמדים רביעיית סלט פי,שטראוס,IL,גמדים רביעיית סלט פירות 400גרם,גרמים,400.00,100 גרם,false,1,11.90,0.0298,true,1,71708
7290110856243,false,ציל סיגריה אלקטרונית,AB,CN,ציל סיגריה אלקטרונית 2800 שאיפות ענבים,יחידה,1.00,יחידה,false,1,89.90,89.9000,false,1,70837
7290110856250,false,ציל סיגריה אלקטרונית,AB,CN,ציל סיגריה אלקטרונית 2800 שאיפות תפוח,יחידה,1.00,יחידה,false,1,89.90,89.9000,false,1,70842
7290110856267,false,ציל סיגריה אלקטרונית,AB,CN,ציל סיגריה אלקטרונית 2800 שאיפות אבטיח,יחידה,1.00,יחידה,false,1,89.90,89.9000,false,1,70841
7290111090424,false,ICARE מגבונים להסרת,די פי אל,IL,ICARE מגבונים להסרת לק,לא מנהל יחידת מידה,0.00,לא מנהל יחידת מידה,false,1,9.90,0.0000,true,1,52140
7290111341373,false,נייר טואלט לילי פסטל,קימברלי,IL,נייר טואלט לילי פסטל 30 גלילים,יחידה,1.00,יחידה,false,1,38.90,38.9000,true,1,60477
7290111341816,false,נייר אפייה בגליל עם,אופל,IL,נייר אפייה בגליל עם,לא מנהל יחידת מידה,0.00,לא מנהל יחידת מידה,false,1,22.90,0.0000,true,1,52405
7290111342042,false,ניקול כריות יפניות א,סנו,IL,ניקול כריות יפניות אנטיבקטריאלי,גרמים,280.00,100 גרם,false,1,14.90,0.0532,true,1,59403
7290111342059,false,ניקול מטליות מיקרופי,סנו,IL,מטליות לחות לניקוי וחיטוי משטחים אנטיבקטריאלי,לא מנהל יחידת מידה,0.00,לא מנהל יחידת מידה,false,1,15.90,0.0000,true,1,59402
7290111343117,false,קלינקס לושן סופט זוג,קימברלי,IL,קלינקס טישו לושן סופט פק זוגות - 140 דף,לא מנהל יחידת מידה,0.00,לא מנהל יחידת מידה,false,1,15.90,0.0000,true,1,67413
7290111343858,false,ניקול מטליות לחות לר,עלבד,IL,ניקול מטליות לחות לרצפה אנטיבקטריאלי 10,לא מנהל יחידת מידה,0.00,לא מנהל יחידת מידה,false,1,17.90,0.0000,true,1,60750
7290111344206,false,האגיס מגבונים לחים מ,קימברלי,IL,מגבוני האגיס נטורל קייר מבושם 4*64,לא מנהל יחידת מידה,0.00,לא מנהל יחידת מידה,false,1,22.90,0.0000,true,1,69663
7290111344732,false,קלינקס אלרגי קומפורט,קימברלי,IL,קלינקס אלרגי קומפורט זוג 2 * 70 יחידות,יחידה,1.00,יחידה,false,1,16.90,16.9000,true,1,69623
7290111344831,false,מגן תחתון קוטקס נורמ,,CN,מגן תחתון קוטקס נורמל 60 יחידות,יחידה,1.00,יחידה,false,1,26.90,26.9000,true,1,70023
7290111345814,false,נייר טואלט לילי נטור,קימברלי,IL,נייר טואלט לילי נטורל קר 30 גלילים,יחידה,1.00,יחידה,false,1,36.90,36.9000,true,1,70025
7290111346088,false,נייר טואלט מולט  30,,,נייר טואלט מולט  30 גלילים,יחידה,1.00,יחידה,false,1,29.90,29.9000,true,1,71059
7290111346293,false,מגבת נייר ניקול שישי,חוגלה,IL,מגבת נייר ניקול שישייה מהדורה,יחידה,6.00,יחידה,false,1,13.90,2.3167,true,1,70813
7290111350719,false,נאצוס הוטפופ מסעדות,פופז,US,נאצוס הוטפופ מסעדות 332 גרם,גרמים,332.00,100 גרם,false,1,17.90,0.0539,true,1,53003
7290111350726,false,נאצוס הוטפופ מקסיקני,פופז,US,נאצוס הוטפופ מקסיקני 332 גרם,גרמים,332.00,100 גרם,false,1,17.90,0.0539,true,1,53002
7290111350740,false,שקיות הוטפופ + 5 גבי,פופז בעמ,US,שקיות הוטפופ + 5 גביעים מדליקים,גרמים,500.00,100 גרם,false,1,16.90,0.0338,true,1,51817
7290111351280,false,תערובת אגוזים קלויים,קליית גת,IL,תערובת אגוזים קלויים ללא מלח 150 ג,גרמים,150.00,100 גרם,false,1,22.90,0.1527,true,1,52434
7290111533419,false,עוגיות אנגל בוטנים מ,מאפית אנגל,IL,עוגיות אנגל בוטנים מצופה כשלפ 350 גרם,גרמים,350.00,100 גרם,false,1,19.90,0.0569,true,1,59458
7290111534157,false,פחזניות וניל 180גרם,קפולסקי,IL,פחזניות וניל 180גרם,גרמים,180.00,100 גרם,false,1,14.90,0.0828,true,1,70649
7290111563492,false,מטבוחה חריפה צבר 400,סלטי צבר,IL,סלטי צבר מטבוחה חריפה מרובע 6*400גרם,גרמים,400.00,100 גרם,false,1,14.90,0.0373,true,1,32554
7290111564239,false,מאגדת מיני קראנץ וני,המאפיה של הרמן,IL,קראנץ מאגדת מיני וניל 6 5*55גרם,גרמים,275.00,100 גרם,false,1,36.90,0.1342,true,1,31630
7290111564277,false,פיטנס פריכיות 3 דגני,PT,IL,פיטנס פריכיות 3 דגנים דקות 12*120גרם,גרמים,120.00,100 גרם,false,1,11.90,0.0992,true,1,30562
7290111564291,false,פריכיות דקות עם קינו,PT,IL,פיטנס פריכיות דקות עם קינואה 12*120גרם,גרמים,120.00,100 גרם,false,1,11.90,0.0992,true,1,30563
7290111564505,false,קרחון אננס,נגה גלידות,IL,קרחון אננס,גרמים,80.00,100 גרם,false,1,3.00,0.0375,true,1,31739
7290111564727,false,קרמוגית במילוי קרם א,מיוצר עי קונדיטוריית,IL,קרמוגית במילוי קרם אגוזים,גרמים,200.00,100 גרם,false,1,14.50,0.0725,true,1,31938
7290111564956,false,ביסלי במבה מיקס 200,אסם,IL,ביסלי במבה מיקס 18*200גרם,גרמים,200.00,100 גרם,false,1,11.90,0.0595,true,1,30882
7290111565502,false,גלידה סנדויץ אוריאו,ג'נרל מילס סאן אדריא,IT,גלידה סנדויץ אוריאו 80 גרם,גרמים,80.00,100 גרם,false,1,9.90,0.1238,true,1,31988
7290111565656,false,במבה נוגט 150 גרם,,IL,במבה נוגט 24*150גרם,גרמים,150.00,100 גרם,false,1,11.90,0.0793,true,1,30881
7290111566127,false,גלידה אוראו סנדביץ מ,ג'נרל מילס סאן אדריא,IT,אוראו מאגדת סנדביץ 8 6*33ג 12364441,גרמים,198.00,100 גרם,false,1,29.50,0.1490,true,1,31986
7290111566240,false,שניצל דק טבעול בטעם,כצט,IL,טבעול שניצל דק בטעם צילי חריף 8*564גרם,גרמים,564.00,100 גרם,false,1,34.90,0.0619,true,1,32252
7290111566271,false,חטיפי תירס טבעול 657,כצט,IL,טבעול חטיפי תירס 6*657גרם,גרמים,657.00,100 גרם,false,1,34.90,0.0531,true,1,32240
7290111566318,false,שניצל דק טבעול מן הצ,כצט,IL,טבעול שניצל דק מן הצומח 8*564גרם,גרמים,564.00,100 גרם,false,1,34.90,0.0619,true,1,32253
7290111566547,false,חזה בגריל טבעול צמחו,כצט,IL,טבעול חזה בגריל צמחוני 6*560גרם,גרמים,560.00,100 גרם,false,1,34.90,0.0623,true,1,32239
7290111566561,false,שניצל ברוקולי טבעול,כצט,IL,טבעול שניצל ברוקולי 99 קלוריות 6*560ג,גרמים,560.00,100 גרם,false,1,34.90,0.0623,true,1,32251
7290111566585,false,שניצל צמחוני טבעול 9,כצט,IL,טבעול שניצל צמחוני 99 קלוריות 6*650גרם,גרמים,650.00,100 גרם,false,1,34.90,0.0537,true,1,32254
7290111566660,false,טבעול קציצות עדשים,כצט,IL,טבעול קציצות עדשים כתומות 6*530גרם,גרמים,530.00,100 גרם,false,1,34.90,0.0658,true,1,32247
7290111566752,false,שניצל תירס טבעול 99,כצט,IL,טבעול שניצל תירס 99 קלוריות 6*693גרם,גרמים,693.00,100 גרם,false,1,34.90,0.0504,true,1,32255
7290111566776,false,נקניקיות קוקטייל טבע,כצט,IL,טבעול נקניקיות קוקטייל צמחוניות6*680גרם,גרמים,680.00,100 גרם,false,1,34.90,0.0513,true,1,32245
7290111568206,false,ביסלי פארטי מיקס 150,פרו מן יו פתרונות אר,IL,ביסלי פארטי מיקס 24*150גרם,גרמים,150.00,100 גרם,false,1,11.90,0.0793,true,1,32712
7290111568275,false,נודלס אטריות אורז רח,תאי פרזידנט,TH,אסם נודלס אטריות אורז רחבות 16*300גרם,גרמים,300.00,100 גרם,false,1,11.90,0.0397,true,1,47192
7290111568466,false,רוטב אסייתי למוקפץ,אסם השקעות,IL,אסם רוטב אסיאתי למוקפץ 9*290 מל,מיליליטרים,290.00,"100 מ""ל",false,1,15.90,0.0548,true,1,47196
7290111930911,false,חטיף פוף לבבות קלאסי,מנה,IL,מנה חטיף פוף קלאסי לבבות 40 גרם,גרמים,40.00,100 גרם,false,1,3.90,0.0975,true,1,31268
7290111932502,false,משחת שיניים אופטיק ו,COLGATE ($) -PALMOLI,MX,"קולגייט אופטיק וויט אקספרט 75 מ""ל",מיליליטרים,75.00,"100 מ""ל",false,1,29.90,0.3987,true,1,50039
7290111935527,true,מארז משחת שיניים קול,,PL,מארז משחת שיניים קולגייט טוטל קלין,מיליליטרים,200.00,"100 מ""ל",false,1,39.90,0.1995,true,1,51991
7290111937248,false,פרי  תמרים קשיו ונגי,טבעית מוצרים מהטבע ב,IL,פרי  תמרים קשיו ונגיעת לוז כשלפ מארז 5 י,לא מנהל יחידת מידה,0.00,לא מנהל יחידת מידה,false,1,18.90,0.0000,true,1,52235
7290111937262,false,פרי תמרים אגוזים ושב,טבעית מוצרים מהטבע ב,IL,פרי תמרים אגוזים ושברי קקאו כשלפ מארז 5,לא מנהל יחידת מידה,0.00,לא מנהל יחידת מידה,false,1,18.90,0.0000,true,1,52237
7290112002099,false,קולון גל 2.5 ליטר רג,רקיט בנקיזר,IL,ג'ל כביסה קולון קלאסי 2.5 ליטר,ליטרים,2.50,ליטר,false,1,29.90,11.9600,true,1,58241
7290112002112,false,קולון גל 2.5 ליטר ור,רקיט בנקיזר,IL,ג'ל כביסה קולון בניחוח מאסק 2.5 ליטר,ליטרים,2.50,ליטר,false,1,29.90,11.9600,true,1,58240
7290112002440,false,דורקס סיליקון 50מל,רקיט בנקיזר,TH,דורקס סיליקון 50מל,מיליליטרים,50.00,"100 מ""ל",false,1,59.90,1.1980,true,1,68491
7290112003959,false,וניש אוקסי אקשן אבקה,רקיט בנקיזר,IT,וניש מסיר כתמים אבקה לכביסה צבעונית  470 גרם,גרמים,470.00,100 גרם,false,1,18.90,0.0402,true,1,70026
7290112003966,false,וניש אבקה אוקסי אקשן,רקיט בנקיזר,IT,וניש אבקה אוקסי אקשן לבן בוהק 470 גרם,גרמים,470.00,100 גרם,false,1,18.90,0.0402,true,1,70027
7290112005076,false,וניש אבקה חדש ורוד 4,רקיט בנקיזר,IT,וניש אבקה חדש ורוד 480 גרם,גרמים,480.00,100 גרם,false,1,18.90,0.0394,true,1,71676
7290112192882,false,משחת שיניים סנסודיין,G.S.K,DE,משחת שיניים סנסודיין רגישות וחניכיים מלב,מיליליטרים,75.00,"100 מ""ל",false,1,35.90,0.4787,true,1,58409
7290112330352,false,דנונה פרו 20גרם וניל,"שטראוס בריאות בע""מ",IL,דנונה פרו 20 גר וניל 0% שומן,גרמים,200.00,100 גרם,false,1,6.50,0.0325,true,1,53495
7290112330390,false,דנונה פרו 20גרם פירו,"שטראוס בריאות בע""מ",IL,דנונה פרו 20 גר פירות יער 0% שומן,גרמים,200.00,100 גרם,false,1,6.50,0.0325,true,1,53496
7290112330420,false,דנונה פרו לבן 2.9% ש,"שטראוס בריאות בע""מ",IL,דנונה 2.9% שומן 12 גרם חלבון,גרמים,150.00,100 גרם,false,1,4.90,0.0327,true,1,52011
7290112330970,false,שייק חלבון מי גבינה,,IL,"שייק חלבון מי גבינה עם פירות יער 350 מ""ל",מיליליטרים,350.00,"100 מ""ל",false,1,7.90,0.0226,true,1,52016
7290112332585,false,פרכיות משולשות תפוא,פרח,IL,פריכיות משולשות-סלק,גרמים,30.00,100 גרם,false,1,5.90,0.1967,true,1,54145
7290112332691,false,עוגיית קרם פסק זמן א,תות תעשיות מזון (201,IL,.עוגיית קרם פסק זמן אגוזים,גרמים,200.00,100 גרם,false,1,11.90,0.0595,true,1,54276
7290112334749,false,קפה טורקי עלית 200גר,שטראוס קפה בי.וי,IL,עלית טורקי שקית 200 ג 10% תוספת,גרמים,200.00,100 גרם,false,1,17.90,0.0895,true,1,56418
7290112335043,false,מרשמלו בזוקה 150 גרם,תות תעשיות מזון (201,IL,מרשמלו בזוקה 150גר וועסטהיים,גרמים,150.00,100 גרם,false,1,7.90,0.0527,true,1,53760
7290112335050,false,מרשמלו וניל 150 גרם,המאפיה של הרמן,IL,מרשמלו וניל 150 גר וועסטהיים,גרמים,150.00,100 גרם,false,1,7.90,0.0527,true,1,53761
7290112335487,false,פריכיות טעימות קצח ו,פרח תעשיות,IL,פריכיות טעימות קצח ודגנים 135 גרם,גרמים,135.00,100 גרם,false,1,12.90,0.0956,true,1,53489
7290112335494,false,פריכיות טעימות פוטטו,פרח,IL,פריכיות טעימות פוטטוס 19,גרמים,135.00,100 גרם,false,1,12.90,0.0956,true,1,53491
7290112335500,false,פריכיות טעימות חלבון,פרח,IL,פריכיות טעימות חלבון 19,גרמים,135.00,100 גרם,false,1,12.90,0.0956,true,1,53492
7290112336637,false,סוכריות ללס תות אוכמ,מיישקו,PL,סוכריות ללס יוגורט תות אוכמניות,גרמים,80.00,100 גרם,false,1,10.90,0.1363,true,1,58889
7290112336644,false,סוכריות ללס לימון 80,מיישקו,PL,סוכריות ללס לימון 80 ג חדש,גרמים,80.00,100 גרם,false,1,10.90,0.1363,true,1,58890
7290112336651,false,סוכריות ללס ריבת חלב,פלזנסקי,PL,סוכריות ללס ריבת חלב 80 ג חדש,גרמים,80.00,100 גרם,false,1,10.90,0.1363,true,1,58891
7290112336712,false,דנונה פרו 21   0%  2,"שטראוס בריאות בע""מ",IL,דנונה פרו 21 גר 0% שומן,גרמים,200.00,100 גרם,false,1,6.50,0.0325,true,1,52643
7290112337474,false,סוכריות ללס פטל לימו,פלזנסקי,PL,סוכריות ללס פטל לימון  80 גר,גרמים,80.00,100 גרם,false,1,10.90,0.1363,true,1,58892
7290112337481,false,סוכריות ללס קפוצינו,פלזנסקי,PL,סוכריות ללס קפוצ'ינו 80 גר' אריזה חדשה,גרמים,80.00,100 גרם,false,1,10.90,0.1363,true,1,58893
7290112338877,false,סקי תות 125 גרם,"שטראוס בריאות בע""מ",IL,סקי תות 125 גרם,גרמים,125.00,100 גרם,false,1,3.90,0.0312,true,1,51736
7290112339867,true,גמדים סקוויז  תות 10,שטראוס,IL,גמדים סקוויז  תות 100 גרם,גרמים,100.00,100 גרם,false,1,6.20,0.0620,true,1,60960
7290112339874,true,גמדים סקוויז תות בננ,שטראוס,IL,גמדים סקוויז תות בננה 100,גרמים,100.00,100 גרם,false,1,6.20,0.0620,true,1,60961
7290112339911,false,דניאלה פטל  88גרם,מיוצר עי קונדיטוריית,IL,דניאלה פטל,גרמים,88.00,100 גרם,false,1,4.50,0.0511,true,1,54149
7290112340122,false,פריכיות טעימות 3 דגנ,פרח תעשיות,IL,פריכיות טעימות 3 דגנים 135 גרם,גרמים,135.00,100 גרם,false,1,12.90,0.0956,true,1,53493
7290112340245,false,מסטיק מאסט צנצנת דוב,"שטראוס גרופ בע""מ",IL,צנצנת MUST דובדבן 66 גר,גרמים,66.00,100 גרם,false,1,11.50,0.1742,true,1,53028
7290112340252,false,מסטיק מאסט צנצנת אבט,"שטראוס גרופ בע""מ",IL,מסטיק מאסט צנצנת אבטיח מלון 66 גרם,גרמים,66.00,100 גרם,false,1,11.50,0.1742,true,1,53027
7290112340276,false,עוגיית קרם קפה נמס,הגביע מוצרי ופלים בע,IL,פינוקיות קרם קפה נמס,גרמים,200.00,100 גרם,false,1,11.90,0.0595,true,1,54285
7290112341112,false,משקה מוקה יוטבתה 350,מחלבת יטבתה,IL,"מוקה 350 מ""ל",מיליליטרים,350.00,"100 מ""ל",false,1,6.90,0.0197,true,1,53928
7290112341679,false,אקטיביה  3% 200גרם,"שטראוס בריאות בע""מ",IL,אקטיביה  3% 200ג',גרמים,200.00,100 גרם,false,1,4.20,0.0210,true,1,57303
7290112342102,false,גבינת סימפוניה בצל מ,"שטראוס בריאות בע""מ",IL,סימפוניה בצל מקורמל,גרמים,200.00,100 גרם,false,1,12.90,0.0645,true,1,58951
7290112342195,false,תפוציפס  מקלות 200 ג,"שטראוס פריטו ליי בע""",IL,תפו מקלות טבעי 200 גר 15 יח,גרמים,200.00,100 גרם,false,1,11.90,0.0595,true,1,58698
7290112343420,false,יטבתה פרו ארוחת בוקר,מחלבת יטבתה,IL,"יטבתה פרו ארוחת בוקר 350 מל לל""ג",מיליליטרים,350.00,"100 מ""ל",false,1,7.90,0.0226,true,1,58298
7290112343499,false,ציטוס פאף 55 גרם,"שטראוס פריטו ליי בע""",IL,צ'יטוס PUFFS בטעם גבינה 55 ג 48 יח,גרמים,55.00,100 גרם,false,1,5.50,0.1000,true,1,69379
7290112343512,false,ציטוס פאף 160 גרם,הנסיך- מפעל לייצור ט,IL,צ'יטוס PUFFS בטעם גבינה 160 ג 9 יח,גרמים,160.00,100 גרם,false,1,10.90,0.0681,true,1,69660
7290112344724,false,מילקי בטעם שוקולד בל,שטראוס,IL,מילקי בטעם שוקולד בלונדי  170גרם,גרמים,170.00,100 גרם,false,1,3.70,0.0218,true,1,58294
7290112344731,false,מילקי EXTRA שוקולד ע,שטראוס,IL,מילקי EXTRA שוקולד עם קצפת 133גרם,גרמים,133.00,100 גרם,false,1,4.00,0.0301,true,1,69708
7290112344755,false,מלקי מופחת 26%סוכר 1,"שטראוס גרופ בע""מ",IL,מילקי עם 26% פחות סוכר,גרמים,135.00,100 גרם,false,1,2.90,0.0215,true,1,67722
7290112344953,false,גבינת סימפוניה חציל,"שטראוס בריאות בע""מ",IL,סימפוניה חציל קלוי,גרמים,200.00,100 גרם,false,1,12.90,0.0645,true,1,67383
7290112344960,false,גבינת  סימפוניה חלפי,מיוצר עי קונדיטוריית,IL,סימפוניה חלפיניו,גרמים,200.00,100 גרם,false,1,12.40,0.0620,true,1,69425
7290112347718,false,BeanZקפה קר   ללא חל,קריניציה ויטמינה אס,PL,BeanZקפה קר   ללא חלב וסוכר פחית 250 מ,מיליליטרים,250.00,"100 מ""ל",false,1,8.90,0.0356,true,1,68152
7290112347725,false,קפה קר BeanZ עם קצת,קריניציה ויטמינה אס,PL,קולד ברו עם קצת מתיקות BEANZ,מיליליטרים,250.00,"100 מ""ל",false,1,8.90,0.0356,true,1,68153
7290112348029,false,חומוס חלק דליקטס 250,שטראוס,IL,חומוס חלק דליקטס 250 גרם,גרמים,250.00,100 גרם,false,1,8.90,0.0356,true,1,68017
7290112348043,false,סלט חציל במיונז דליק,שטראוס,IL,סלט חציל במיונז דליקטס 250 גרם,גרמים,250.00,100 גרם,false,1,12.90,0.0516,true,1,68018
7290112348708,false,מילקי קייק קוקי אישי,בובארד איטליה אס.פי.,IT,מילקי קייק קוקי אישית 34גרם,גרמים,34.00,100 גרם,false,1,3.90,0.1147,true,1,68534
7290112348999,false,פריכיות טעימות תירס,פרח,IL,פריכיות טעימות תירס דקות 135 ג,גרמים,135.00,100 גרם,false,1,12.90,0.0956,true,1,67964
7290112349606,false,דניאלה תות בננה88גרם,"שטראוס בריאות בע""מ",IL,דניאלה תות בננה,גרמים,88.00,100 גרם,false,1,4.50,0.0511,true,1,70036
7290112349675,false,גמדים ארוחת בוקר וני,"שטראוס בריאות בע""מ",IL,גמדים ארוחת בוקר וניל סקוויז,גרמים,100.00,100 גרם,false,1,6.20,0.0620,true,1,58290
7290112349736,false,רוטב עגבניות לפסטה ב,אמיליאנה קונסרב סוסי,IT,רוטב עגבניות לפסטה בזיליקום יד מרדכי350ג,גרמים,350.00,100 גרם,false,1,13.90,0.0397,true,1,59281
7290112350015,false,משקה חלבון מי גבינה,מחלבת יטבתה,IL,משקה חלבון מי גבינה מבודד בטעם לימונדה 3,מיליליטרים,350.00,"100 מ""ל",false,1,7.90,0.0226,true,1,69406
7290112350312,false,קפסולות אספרסו 15 שט,שטראוס קפה בי.וי,IL,קפסולות 15 למכונות NESPRESSO,גרמים,50.00,100 גרם,false,1,18.90,0.3780,true,1,60910
7290112353412,false,פריכיות משולשות-תפוא,פרח,IL,"פריכיות משולשות-תפוא,תירס,אפונה,סלק ומלח",גרמים,30.00,100 גרם,false,1,5.90,0.1967,true,1,60990
7290112353542,false,סלט מטבוחה דליקטס 25,שטראוס,IL,סלט מטבוחה דליקטס 250 גרם,גרמים,250.00,100 גרם,false,1,12.90,0.0516,true,1,68019
7290112353566,false,סלט טחינה דליקטס 250,שטראוס,IL,סלט טחינה דליקטס 250 גרם,גרמים,250.00,100 גרם,false,1,12.90,0.0516,true,1,68020
7290112353887,false,משקה קפה קר בטעם אגו,האי נאם סי או אל.טי.,AT,"משקה קפה קר בטעם אגוזים 230 מ""ל",מיליליטרים,230.00,"100 מ""ל",false,1,7.90,0.0343,true,1,60271
7290112353894,false,משקה קפה קר בטעם שוק,,AT,משקה קפה קר בטעם שוקולד 230 מל,מיליליטרים,230.00,"100 מ""ל",false,1,9.90,0.0430,true,1,67724
7290112354174,false,פסטה רוזה דלישס 280ג,"טרופיקל דגיל בע""מ אז",IT,פסטה רוזה דלישס 280גרם,גרמים,280.00,100 גרם,false,1,24.90,0.0889,true,1,69444
7290112354204,false,ספגטי עגבניות  דלישס,"טרופיקל דגיל בע""מ אז",IT,ספגטי עגבניות  דלישס 280 גרם,גרמים,280.00,100 גרם,false,1,24.90,0.0889,true,1,69446
7290112354211,false,פיצה מרגריטה  דלישס,סקרלינפיצה אס. אר. א,IT,פיצה מרגריטה  דלישס 400 גרם,גרמים,400.00,100 גרם,false,1,26.90,0.0672,true,1,69447
7290112354235,false,ברקטה פיצה דלישס 300,סקרלינפיצה אס. אר. א,IT,ברקטה פיצה דלישס 300 גרם,גרמים,300.00,100 גרם,false,1,26.90,0.0897,true,1,69448
7290112354945,false,תפוציפס טבעי 50 גרם,שטראוס,IL,תפוציפס טבעי 50 גרם wavy,גרמים,50.00,100 גרם,false,1,5.50,0.1100,true,1,71737
7290112354952,false,תפוציפס פפריקה 50 גר,שטראוס,IL,תפוציפס פפריקה 50 גרם wavy,גרמים,50.00,100 גרם,false,1,5.50,0.1100,true,1,71738
7290112355027,false,דנונה פרו20 גרם חלבו,"שטראוס בריאות בע""מ",IL,דנונה פרו 20 גרם בטעם קרמל מלוח,גרמים,200.00,100 גרם,false,1,6.50,0.0325,true,1,67720
7290112355058,false,דנונה פרו 20 גר בטעם,מיוצר עי קונדיטוריית,IL,דנונה פרו 20 גר בטעם רימון  200גרם,גרמים,200.00,100 גרם,false,1,6.50,0.0325,true,1,68958
7290112355102,false,גמדים פאוץ סלט פירות,"שטראוס בריאות בע""מ",IL,סקוויז גמדים לדרך סלט פירות 100 גרם,גרמים,100.00,100 גרם,false,1,6.20,0.0620,true,1,67891
7290112355195,false,דנונה WOW בננה תמר 1,"שטראוס בריאות בע""מ",IL,דנונה WOW בננה תמר,גרמים,150.00,100 גרם,false,1,4.90,0.0327,true,1,67889
7290112355805,false,גמדים ארוחת בוקר בטע,"שטראוס בריאות בע""מ",IL,גמדים ארוחת בוקר בטעם ענבים סקוויז,גרמים,100.00,100 גרם,false,1,6.20,0.0620,true,1,70787
7290112355812,false,מילקי טופ קורנפלקס מ,שטראוס,IL,מילקי טופ קורנפלקס מעורב,גרמים,141.00,100 גרם,false,1,5.00,0.0355,true,1,70163
7290112355843,false,מילקי טופ בלונדי 143,מיוצר עי קונדיטוריית,IL,מילקי טופ בלונדי 143 גרם,גרמים,143.00,100 גרם,false,1,5.00,0.0350,true,1,69226
7290112355850,false,מילקי טופ מקופלת 143,מיוצר עי קונדיטוריית,IL,מילקי טופ מקופלת,גרמים,143.00,100 גרם,false,1,5.00,0.0350,true,1,69225
7290112355867,false,מילקי קצפת טופ פיצפו,"שטראוס גרופ בע""מ",IL,מילקי קצפת טופ פיצפוץ 88 גרם,גרמים,88.00,100 גרם,false,1,4.50,0.0511,true,1,69426
7290112355881,false,דנונה לייט תות עם חל,"שטראוס בריאות בע""מ",IL,דנונה לייט תות עם חלבון 150 גרם,גרמים,150.00,100 גרם,false,1,4.90,0.0327,true,1,67888
7290112356536,false,קקאו 150גרם + 10%,הנסיך- מפעל לייצור ט,IL,קקאו 150גרם + 10%,גרמים,150.00,100 גרם,false,1,11.90,0.0793,true,1,69150
7290112357113,false,גרגרי חומוס 380טעם ה,קונסרברס,IT,גרגרי חומוס 380טעם הטבע,גרמים,380.00,100 גרם,false,1,7.90,0.0208,true,1,67879
7290112358004,false,פסק זמן קראנץ 32גרם,המאפיה של הרמן,TR,פסק זמן קראנץ' 32 גר,גרמים,32.00,100 גרם,false,1,5.90,0.1844,true,1,67543
7290112358127,false,דנונה פרו 20גרם עם מ,"שטראוס בריאות בע""מ",IL,דנונה פרו 20 גר עם מגנזיום,גרמים,200.00,100 גרם,false,1,6.70,0.0335,true,1,67385
7290112358431,false,עד חצות דאבל 200 גרם,שטראוס,IL,עד חצות דאבל 200 גרם,גרמים,200.00,100 גרם,false,1,14.80,0.0740,true,1,68576
7290112359711,false,דוריטוס פלמין הוט 70,"שטראוס פריטו ליי בע""",IL,דוריטוס פלמין הוט 70 גרם,גרמים,70.00,100 גרם,false,1,5.50,0.0786,true,1,68830
7290112415400,false,עוגיות אלפחורס 280גר,קפולסקי,IL,עוגיות אלפחורס 280גרם,גרמים,280.00,100 גרם,false,1,29.90,0.1068,true,1,70650
7290112490032,true,מרק נמס בכוס תירס 43,יוניליוור ישראל מזון,IL,קנור נמס בכוס מרק תירס 45 גרם,גרמים,43.00,100 גרם,false,1,8.50,0.1977,true,1,49535
7290112490209,true,נמס בכוס עגבניות קרו,יוניליוור ישראל מזון,IL,נמס בכוס עגבניות קרוטונים ר.טבעי 64 גרם,גרמים,64.00,100 גרם,false,1,8.50,0.1328,true,1,49538
7290112490735,true,מרק עשיר עגבניות עם,יוניליוור ישראל מזון,IL,מרק עשיר עגבניות עם פסטה – 100% רכיבים ט,גרמים,105.00,100 גרם,false,1,13.90,0.1324,true,1,49541
7290112490742,true,מרק עשיר פטריות עם ג,יוניליוור ישראל מזון,IL,מרק עשיר פטריות עם גריסים – 100% רכיבים,גרמים,104.00,100 גרם,false,1,13.90,0.1337,true,1,49542
7290112490759,true,מרק עשיר עוף עם אטרי,יוניליוור ישראל מזון,IL,מרק עשיר עוף עם אטריות – 100% רכיבים טבע,גרמים,74.00,100 גרם,false,1,13.90,0.1878,true,1,49543
7290112490827,false,למייבש כביסה בדין בי,"זוהר דליה, קיבוץ דלי",IL,בדין  תרסיס ריחני למייבש כביסה בייבי 500 מל,מיליליטרים,500.00,"100 מ""ל",false,1,21.90,0.0438,true,1,49258
7290112491534,false,שוקולד מריר מארז שלי,יוניליוור ישראל מזון,IL,ROSE OF GALILEE חטיפים שונים 300 G,גרמים,300.00,100 גרם,false,1,16.90,0.0563,true,1,57010
7290112491701,false,בררנפלקס חיטה מלאה ו,יוניליוור ישראל מזון,IL,ברנפלקס חיטה מלאה ושיבולת שועל מלאה375,גרמים,375.00,100 גרם,false,1,26.90,0.0717,true,1,53119
7290112492456,false,פינוק שמפו לשיער יבש,יוניליוור ישראל טיפו,IL,PINUK שמפו 2IN1 700 ML,מיליליטרים,700.00,"100 מ""ל",false,1,14.90,0.0213,true,1,60003
7290112492463,false,פינוק שמפו ומרכך 2ב1,יוניליוור ישראל טיפו,IL,PINUK שמפו 2IN1 700 ML,מיליליטרים,700.00,"100 מ""ל",false,1,14.90,0.0213,true,1,60004
7290112492487,false,פינוק שמפו שמן מרוקא,יוניליוור ישראל טיפו,IL,PINUK שמפו 2IN1 700 ML,מיליליטרים,700.00,"100 מ""ל",false,1,14.90,0.0213,true,1,67404
7290112492500,false,פינוק שמפו שמן קוקוס,"יוניליור ישראל, טיפו",IL,PINUK שמפו 2IN1 700 ML,מיליליטרים,700.00,"100 מ""ל",false,1,14.90,0.0213,true,1,67371
7290112492531,true,פינוק מרכך שיער רגיל,יוניליוור ישראל טיפו,IL,PINUK מרכך 700 ML,מיליליטרים,700.00,"100 מ""ל",false,1,14.90,0.0213,true,1,58618
7290112492548,true,פינוק מרכך שיער יבש,יוניליוור ישראל טיפו,IL,PINUK מרכך שיער 700 ML,מיליליטרים,700.00,"100 מ""ל",false,1,14.90,0.0213,true,1,58619
7290112492593,true,פינוק תחליב רחצה בני,יוניליוור ישראל טיפו,IL,PINUK סבון נוזלי 700 ML,גרמים,700.00,100 גרם,false,1,14.90,0.0213,true,1,58620
7290112492609,true,פינוק תחליב רחצה לבנ,יוניליוור ישראל טיפו,IL,PINUK סבון נוזלי 700 ML,מיליליטרים,700.00,"100 מ""ל",false,1,14.90,0.0213,true,1,58621
7290112492630,true,פינוק שמפו 3 ב-1 לגב,יוניליוור ישראל טיפו,IL,PINUK סבון נוזלי 700 ML,מיליליטרים,700.00,"100 מ""ל",false,1,14.90,0.0213,true,1,58623
7290112492999,false,קנור מרק טעם עוף 400,יוניליוור ישראל מזון,IL,קנור מרק טעם עוף 400 גרם,גרמים,400.00,100 גרם,false,1,15.90,0.0398,true,1,58513
7290112493071,true,מרק היום עדשים כתומו,יוניליוור ישראל מזון,IL,מרק היום עדשים כתומות  קנור 85 גרם  100%,Unknown,0.00,Unknown,false,1,13.90,0.0000,true,1,56145
7290112493316,true,מרק היום אפונה קנור,יוניליוור ישראל מזון,IL,מרק היום אפונה קנור  117גרם  100% רכיבים,גרמים,117.00,100 גרם,false,1,13.90,0.1188,true,1,56149
7290112493903,false,ננסים בדצ מעדן קפוא,,IL,"מאגדת ננסים בטעמים תות, לימון, קולה ומשמש",גרמים,87.00,100 גרם,false,1,10.90,0.1253,true,1,55793
7290112493927,false,גלידה קרמיסימו ריבת,,IL,גלידה קרמיסימו ריבת חלב 1.33 ליטר,ליטרים,1.33,ליטר,false,1,27.90,20.9774,true,1,58821
7290112493934,false,גלידה קרמיסימו וניל,,IL,גלידה קרמיסימו וניל צרפתי 1.33 ליטר,ליטרים,1.33,ליטר,false,1,27.90,20.9774,true,1,58820
7290112493965,false,גלידה קרמיסימו מסטיג,,IL,גלידה קרמיסימו מסטיגם 1.33 ליטר,ליטרים,1.33,ליטר,false,1,27.90,20.9774,true,1,59444
7290112494238,false,קליק שקית  כדורים חל,יוניליוור ישראל מזון,IL,קליק  קליק כדורים 65 גרם,גרמים,65.00,100 גרם,false,1,7.90,0.1215,true,1,57613
7290112494283,false,קליק שקית  מעורב חום,יוניליוור ישראל מזון,IL,קליק   חום לבן 65 גרם,גרמים,65.00,100 גרם,false,1,7.90,0.1215,true,1,57612
7290112494313,false,קליק שקית קורנפלקס 6,יוניליוור ישראל מזון,IL,קליק  קליק קורנפלקס 65 גרם,גרמים,65.00,100 גרם,false,1,7.90,0.1215,true,1,57617
7290112494344,false,קורנפלקס תלמה 850  ג,יוניליוור שפע ישראל,IL,תלמה קורנפלקס של אלופים דגני בוקר 850 גרם,גרמים,850.00,100 גרם,false,1,21.90,0.0258,true,1,59489
7290112494351,false,קורנפלקס תלמה 850 גר,יוניליוור שפע ישראל,IL,תלמה  קורנפלקס של אלופים 850 גרם,גרמים,850.00,100 גרם,false,1,21.90,0.0258,true,1,59490
7290112494382,false,קנור פירה ביתי 260 ג,יוניליוור ישראל מזון,IL,פירה בטעם ביתי מוכן ברגע קנור,גרמים,260.00,100 גרם,false,1,14.90,0.0573,true,1,58307
7290112494603,false,דומסטוס מגבונים לניק,"עלבד משואות יצחק בע""",IL,דומסטוס מגבונים לניקוי  מושב האסלה וחדר,מיליליטרים,150.00,"100 מ""ל",false,1,10.90,0.0727,true,1,56553
7290112494795,false,בדין גל לכביסה לבנה,"זוהר דליה, קיבוץ דלי",IL,בדין  ג'ל כביסה כחול 2.5 ליטר,ליטרים,2.50,ליטר,false,1,39.90,15.9600,true,1,57648
7290112494801,false,בדין גל לכביסה לבנה,זוהר דליה,IL,בדין גל לכביסה לבנה וצבעונית בניחוח בדי,ליטרים,2.50,ליטר,false,1,39.90,15.9600,true,1,57647
7290112494993,false,כריות וניל 686 גרם,יוניליוור שפע ישראל,IL,תלמה דגני בוקר כריות וניל 686 גרם,גרמים,686.00,100 גרם,false,1,31.90,0.0465,true,1,57632
7290112495006,false,כריות נוגט 686 גרם,יוניליוור שפע ישראל,IL,תלמה דגני בוקר כריות נוגט 686 גרם,גרמים,686.00,100 גרם,false,1,29.90,0.0436,true,1,57634
7290112495112,false,נשנושים חטיף אפוי בט,בייגל את בייגל מזון,IL,נשנושים חטיף אפוי בטעם זעתר 260 גרם,גרמים,260.00,100 גרם,false,1,15.90,0.0612,true,1,57771
7290112495150,false,נשנושי קרקר עיגולים,בייגל את בייגל מזון,IL,נשנושי קרקר עיגולים מלוחים 300 גרם,גרמים,300.00,100 גרם,false,1,16.90,0.0563,true,1,57773
7290112495433,false,תלמה דליפקאן 400 גרם,יוניליור שפע ישראל ב,IL,TELMA דגני מבוגרים 400 GR,גרמים,400.00,100 גרם,false,1,26.90,0.0672,true,1,56109
7290112495488,false,קורנפלקס פתיתי תירס,"מולינו ניקולי S.p.A,",IT,תלמה קורנפלקס ללא גלוטן 500 גרם,גרמים,500.00,100 גרם,false,1,23.90,0.0478,true,1,68023
7290112495747,false,רוטב צילי מתוק כ70%,יוניליוור ישראל מזון,IL,קנור רוטב צ'ילי מתוק כ-75% פחות סוכר 340 גרם,גרמים,340.00,100 גרם,false,1,14.50,0.0426,true,1,58838
7290112495792,false,הלמנס רוטב שום לייט,יוניליוור ישראל מזון,IL,הלמנ'ס רוטב שום לייט 300 גרם,גרמים,300.00,100 גרם,false,1,13.90,0.0463,true,1,58842
7290112495808,false,הלמנס רוטב חרדל ודבש,יוניליוור ישראל מזון,IL,הלמנ'ס רוטב חרדל ודבש 305 מל,גרמים,305.00,100 גרם,false,1,13.90,0.0456,true,1,59910
7290112495815,false,הלמנס רוטב חרדל ודבש,יוניליוור ישראל מזון,IL,הלמנ'ס רוטב חרדל ודבש לייט 305 גרם,גרמים,305.00,100 גרם,false,1,13.90,0.0456,true,1,59911
7290112495822,false,כריות בלאק 686 גרם,יוניליוור שפע ישראל,IL,תלמה דגני בוקר כריות בלאק 686 גרם,גרמים,686.00,100 גרם,false,1,31.90,0.0465,true,1,58959
7290112495976,false,פריכיות אורז מצופות,גוד פוד פרודקטס Sp.z,PL,פריכיות אורז מצופות שוקולד חלב מעולה35,גרמים,35.00,100 גרם,false,1,5.90,0.1686,true,1,60628
7290112495983,false,פריכיות אורז מצופות,גוד פוד פרודקטס Sp.z,PL,פריכיות אורז מצופות שוקולד חלב ושבבים39,גרמים,39.00,100 גרם,false,1,5.90,0.1513,true,1,60629
7290112496027,false,אפיכל סירופ בטעם שוק,יוניליוור ישראל מזון,IL,EFICOL קינוחים שונים 580 GR,גרמים,580.00,100 גרם,false,1,15.90,0.0274,true,1,58858
7290112496034,false,אפיכל סירופ בטעם מיי,יוניליוור ישראל מזון,IL,EFICOL קינוחים שונים 580 GR,גרמים,580.00,100 גרם,false,1,15.90,0.0274,true,1,58857
7290112496188,false,אקס בושם כיס אפולו 1,"קוסטר אירוסול, גבזה,",TR,אקס בושם כיס אפולו 17 מל,מיליליטרים,17.00,"100 מ""ל",false,1,24.90,1.4647,true,1,61003
7290112496201,false,.אקס בושם כיס שוקולד,"קוסטר אירוסול, גבזה,",TR,אקס בושם כיס שוקולד 17 מל,מיליליטרים,17.00,"100 מ""ל",false,1,24.90,1.4647,true,1,61005
7290112496270,false,פתית ציפס עם תפוחי א,JLM גלובל פודס37 דרך,GB,פתית ציפס עם תפוחי אדמה עגבניות  22 גרם,גרמים,0.00,100 גרם,false,1,5.50,0.0000,true,1,60816
7290112496287,false,פתית ציפס עם בטטה בט,JLM גלובל פודס37 דרך,GB,פתית פתית צ'יפס בטטה בטעם טבעי 21 גר',גרמים,0.00,100 גרם,false,1,5.50,0.0000,true,1,60815
7290112496294,false,פתית ציפס עם אפונה י,JLM גלובל פודס37 דרך,GB,פתית ציפס עם אפונה ירוקה וצהובה 22 גרם,גרמים,0.00,100 גרם,false,1,5.50,0.0000,true,1,60814
7290112496430,false,נמס בכוס אקסטרה מרק,יוניליוור ישראל מזון,IL,נמס בכוס אקסטרה מרק עגבניות 37 גרם,גרמים,37.00,100 גרם,false,1,4.90,0.1324,true,1,69508
7290112496447,false,נמס בכוס טעם עוף אקס,יוניליוור ישראל מזון,IL,קנור נמס בכוס אקסטרה מרק טעם עוף עם אטריות 27 גרם,גרמים,27.00,100 גרם,false,1,4.90,0.1815,true,1,69509
7290112496461,false,נמס בכוס אקסטרה ירקו,יוניליוור ישראל מזון,IL,נמס בכוס מרק אקסטרה ירקות עם המון אטריות,גרמים,32.00,100 גרם,false,1,4.90,0.1531,true,1,69525
7290112496584,false,קליק כריות בלאק לבן,"דרך השוקולד 1, צפת 1",IL,קליק קליק כריות בלאק ושוקולד לבן 65 גרם,גרמים,65.00,100 גרם,false,1,7.90,0.1215,true,1,60666
7290112496591,false,קליק כריות בלאק חלב,"דרך השוקולד 1, צפת 1",IL,קליק קליק כריות בלאק ושוקולד חלב 65 גרם,גרמים,65.00,100 גרם,false,1,7.90,0.1215,true,1,60665
7290112497123,false,סחלב להכנה 2 שקיות ב,יוניליוור ישראל מזון,IL,קנור סחלב 112 גרם,גרמים,112.00,100 גרם,false,1,15.50,0.1384,true,1,67623
7290112497932,false,נשנושים שמנת בצל 60,"דרך השוקולד 1, צפת 1",IL,בייגל בייגל נשנושים חטיף אפוי בטעם שמנת בצל 60 גרם,גרמים,60.00,100 גרם,false,1,5.50,0.0917,true,1,67955
7290112498267,false,פינוק אל סבון לידיים,קוסטר אירוסול ולף סנ,IL,פינוק  אל סבון לידיים בניחוח פינוק קלאסי 950 מל,מיליליטרים,950.00,"100 מ""ל",false,1,12.90,0.0136,true,1,69382
7290112498298,false,פינוק אל סבון לידיים,קוסטר אירוסול ולף סנ,TR,פינוק אל סבון לידיים בתוספת שמן מרוקאי 950 מל,מיליליטרים,950.00,"100 מ""ל",false,1,12.90,0.0136,true,1,69383
7290112498472,false,דאודורנט אקס ספריי ג,"ארנסט, רחוב קומבינצק",RU,אקס דאודורנט ספריי גוף מגנום 150 מל,מיליליטרים,150.00,"100 מ""ל",false,1,13.90,0.0927,true,1,68896
7290112498526,false,פתית ציפס בטטה סגולה,JLM גלובל פודס37 דרך,GB,פתית ציפס בטטה סגולה 22 גרם,גרמים,22.00,100 גרם,false,1,5.50,0.2500,true,1,69528
7290112498533,false,פתית ציפס עם חומוס א,JLM גלובל פודס37 דרך,GB,"פתית פתית צ'יפס עם חומוס,אפונה ושעועית 21 גרם",גרמים,21.00,100 גרם,false,1,5.50,0.2619,true,1,69529
7290112498649,false,פיינט פסק זמן קוקוס,"גלידת שטראוס בע""מ",IL,שטראוס גלידת פסק זמן קוקוס 520 מל,מיליליטרים,520.00,"100 מ""ל",false,1,25.90,0.0498,true,1,60840
7290112498748,false,מאגדת 1/5 מיני סולרו,יוניליוור,IL,מאגדת סולרו מיני תות,גרמים,350.00,100 גרם,false,5,28.90,0.0826,true,1,67993
7290112498786,false,מגנום קריספי קר.בננה,יוניליוור,IL,מגנום שלגון מגנום קריספי קרמל בננה 76 גרם,גרמים,76.00,100 גרם,false,1,11.90,0.1566,true,1,67995
7290112498823,false,גלידה מיקס עיגול כשל,"מיוצר ע""י גלידת שטרא",IL,גלידה מיקס עיגול כשלפ 70 גרם,גרמים,70.00,100 גרם,false,1,9.90,0.1414,true,1,68253
7290112498885,false,מאגד גודיז תותים ושו,"גלידת שטראוס בע""מ, ר",IL,מאגד גודיז תותים ושוקלד לבן 235גרם,גרמים,235.00,100 גרם,false,1,27.90,0.1187,true,1,68272
7290112498915,false,מאגדת מגנום שוקולד ש,"מיוצר ע""י גלידת שטרא",IL,מגנום מאגדת מיני מגנום שקדים מובחרים 5 יחידות,גרמים,250.00,100 גרם,false,1,32.90,0.1316,true,1,68704
7290112498922,false,מאגדת מגנום שוקולד ל,"מיוצר ע""י גלידת שטרא",IL,מגנום מאגדת מיני מגנום לבן 5 יחידות,גרמים,250.00,100 גרם,false,1,32.90,0.1316,true,1,68705
7290112498939,false,בומבה 84גרם,"מיוצר ע""י גלידת שטרא",IL,שטראוס שלגון בומבה בטעם וניל 80 גרם,גרמים,84.00,100 גרם,false,1,9.90,0.1179,true,1,68275
7290112498946,false,ארטיק ילדים קשת בענן,שטראוס גרופ גלידות,IL,ארטיק ילדים קשת בענן 47גרם,גרמים,47.00,100 גרם,false,1,7.90,0.1681,true,1,70220
7290112499097,false,מאגדת מיני מגנום מרי,"מיוצר ע""י גלידת שטרא",IL,מגנום  מאגדת מיני מגנום מריר 5 יחידות,גרמים,240.00,100 גרם,false,1,32.90,0.1371,true,1,70221
7290112499110,false,קורנטו קליק שוקולד ח,שטראוס גרופ גלידות,IL,קורנטו קליק שוקולד חזק 72 גרם,גרמים,72.00,100 גרם,false,1,9.90,0.1375,true,1,70459
7290112499127,false,שלגון שמנת בטעם וניל,"מיוצר ע""י גלידת שטרא",IL,מגנום  שלגון גלידה שוקולד לבן ותות 77 גרם,גרמים,77.00,100 גרם,false,1,12.90,0.1675,true,1,70218
7290112499141,false,סולרו וניל ותפוח ירו,שטראוס גרופ גלידות,IL,סולרו וניל ותפוח ירוק 76 גרם,גרמים,74.00,100 גרם,false,1,11.90,0.1608,true,1,70457
7290112499189,false,קרמיסימו חד קרן בטעמ,שטראוס גרופ גלידות,IL,קרמיסימו חד קרן בטעמי וניל תות ובננה 1.3,ליטרים,1.33,ליטר,false,1,24.90,18.7218,true,1,70997
7290112499196,false,קרמיסימו החלב של הקו,שטראוס גרופ גלידות,IL,קרמיסימו החלב של הקורנפלקס 1.33 ליטר,ליטרים,1.33,ליטר,false,1,24.90,18.7218,true,1,70998
7290112499219,false,גודיז פיסטוק ושוקולד,"גלידת שטראוס בע""מ, ר",IL,גודיז  מאגדת גלידה בטעמי פיסטוק ושוקולד 5 יחידות,גרמים,235.00,100 גרם,false,1,27.90,0.1187,true,1,70460
7290112499226,false,גלידונית כמה כמה בטע,שטראוס גרופ גלידות,IL,גלידונית כמה כמה בטעמי פיסטוק ובננה 950,מיליליטרים,950.00,"100 מ""ל",false,1,52.90,0.0557,true,1,71739
7290112499448,false,מרכך לשיער שמן מרוקא,יוניליוור ישראל טיפו,IL,פינוק מרכך בתוספת שמן מרוקאי 700 מל,מיליליטרים,700.00,"100 מ""ל",false,1,14.90,0.0213,true,1,68875
7290112499455,false,תחליב רחצה פינוק שמן,יוניליוור ישראל טיפו,IL,פינוק תחליב רחצה בתוספת שמן מרוקאי 700 מל,מיליליטרים,700.00,"100 מ""ל",false,1,14.90,0.0213,true,1,68876
7290112499462,false,תחליב רחצה פינוק שמן,יוניליוור ישראל טיפו,IL,פינוק תחליב רחצה בתוספת שמן קוקוס 700 מל,מיליליטרים,700.00,"100 מ""ל",false,1,14.90,0.0213,true,1,68877
7290112499639,false,טילון סופר מגנום וני,"מיוצר ע""י גלידת שטרא",IL,קורנטו מגנום טילון וניל צ'יפ שוקולד 110 גרם,גרמים,110.00,100 גרם,false,1,12.90,0.1173,true,1,58831
7290112499646,false,קורנטו סופר פקאן 108,"מיוצר ע""י גלידת שטרא",IL,קורנטו טילון קורנטו סופר פקאן 108 גרם,גרמים,108.00,100 גרם,false,1,12.90,0.1194,true,1,59784
7290112499677,false,מגנום שוקולד לבן 85,"מיוצר ע""י גלידת שטרא",IL,מגנום  שלגון שוקולד לבן 85 גרם,גרמים,85.00,100 גרם,false,1,12.90,0.1518,true,1,58825
7290112499776,false,מאגדת גודיז שלגון אי,"גלידת שטראוס בע""מ",IL,GOODIZ חבילות בית 350 ML,גרמים,297.00,100 גרם,false,1,27.90,0.0939,true,1,59778
7290112499837,false,מגנום דואט שוקולד עם,"גלידות שטראוס בע""מ,",IL,Magnum יחידתיות 134 ML,גרמים,90.00,100 גרם,false,1,12.90,0.1433,true,1,58826
7290112499844,false,מיני מגנום דואט שוקו,"רחוב החרושת 1, עכו",IL,מגנום מאגדת מיני מגנום דואט שוקולד נוגט 5 יחידות,גרמים,310.00,100 גרם,false,1,32.90,0.1061,true,1,58824
7290112499868,false,מאגדת מיני מגנום טבע,"גלידת שטראוס בע""מ",IL,Magnum מאגדות 350 ML,גרמים,250.00,100 גרם,false,1,29.90,0.1196,true,1,59777
7290112499929,false,מגנום שוקולד 85 גרם,"מיוצר ע""י גלידת שטרא",IL,מגנום  שלגון מגנום שוקולד 85 גרם,גרמים,85.00,100 גרם,false,1,12.90,0.1518,true,1,58827
7290112499936,false,מגנום שקדים 85 גרם,"מיוצר ע""י גלידת שטרא",IL,מגנום  שלגון מגנום שקדים 85 גרם,גרמים,85.00,100 גרם,false,1,12.90,0.1518,true,1,58828
7290112499943,false,מיני מגנום קלאסיק שו,"גלידות שטראוס בע""מ,",IL,מיני מגנום קלאסיק שוקולד  250 גרם,גרמים,250.00,100 גרם,false,1,32.90,0.1316,true,1,58823
7290112960856,false,טילון אקסטרים מטבע ש,שוורצקוף& הנקל דיסלד,IL,נסטל.אקסטרים ליבת ריבת חלב ומטבע 18*115ג,גרמים,128.00,100 גרם,false,1,9.90,0.0773,true,1,52440
7290112961372,false,פיטנס חטיפי פריכיות,"פרח תעשיות מזון בע""מ",IL,פיטנס חטיפי פריכיות דקות קינמון12*60ג,גרמים,60.00,100 גרם,false,1,8.90,0.1483,true,1,51694
7290112961464,false,פיטנס חטיפי פריכיות,"פרח תעשיות מזון בע""מ",IL,פיטנס חטיפי פריכיות דקות מתובלות 12*60ג,גרמים,60.00,100 גרם,false,1,8.90,0.1483,true,1,51693
7290112961754,false,שוקוציפס אסם קרם אגו,מיוצר עי קונדיטוריית,IL,אסם עוגיות שוקוצ'יפס קרם אגוזים 12*220ג,גרמים,220.00,100 גרם,false,1,14.50,0.0659,true,1,51794
7290112962287,false,שווארמה טבעונית טבע,מיוצר עי קונדיטוריית,IL,שווארמה טבעונית טבעול כשלפ  450גרם,גרמים,450.00,100 גרם,false,1,34.90,0.0776,true,1,58960
7290112962324,false,טבעול שניצל כרובית 9,טבעול תעשיות מזון בע,IL,טבעול שניצל כרובית 99 קלוריות 500 גרם,גרמים,500.00,100 גרם,false,1,31.90,0.0638,true,1,54556
7290112962751,false,אוראו שלגון אימפלס 6,שוורצקוף& הנקל דיסלד,IL,אוראו שלגון אימפלס 20*65גרם,גרמים,65.00,100 גרם,false,1,10.90,0.1677,true,1,52444
7290112962775,false,מאגדת שלגוני אוראו,נסטלה,ES,מאגדת שלגוני אוראו  4*65ג,גרמים,65.00,100 גרם,false,1,39.90,0.6138,true,1,59332
7290112962980,false,רוטב סויה סיני מופחת,אסם,IL,רוטב סויה סיני מופחת סוכר אסם  290מל,מיליליטרים,290.00,"100 מ""ל",false,1,14.90,0.0514,true,1,58873
7290112963321,false,גרטיפי בייגלה שטוח ה,מיוצר עי קונדיטוריית,IL,"גרטיפי בייגלה שטוח הכל לל""ג 300גרם",גרמים,300.00,100 גרם,false,1,17.90,0.0597,true,1,60306
7290112963918,false,פיטנס קרקר דק רוזמרי,אסם,IL,פיטנס קרקר דק רוזמרין 12*140גרם,גרמים,140.00,100 גרם,false,1,13.90,0.0993,true,1,54508
7290112964410,false,אסם רוטב אלף האיים ח,אסם,IL,אסם רוטב אלף האיים חדש לסלט 9*290גרם,גרמים,290.00,100 גרם,false,1,12.90,0.0445,true,1,54156
7290112964458,false,אסם רוטב ויניגרט חדש,אסם,IL,אסם רוטב ויניגרט חדש לסלט 9*295גרם,גרמים,295.00,100 גרם,false,1,12.90,0.0437,true,1,54158
7290112964472,false,אסם רוטב שום חדש לסל,אסם,IL,אסם רוטב שום חדש לסלט 9*290גרם,גרמים,290.00,100 גרם,false,1,12.90,0.0445,true,1,54159
7290112964564,false,אסם רוטב אלף האיים ל,אסם,IL,אסם רוטב אלף האיים לייט לסלט חדש 9*310ג,גרמים,295.00,100 גרם,false,1,12.90,0.0437,true,1,54161
7290112964601,false,רוטב בנוסח סצואן אסם,"אסם השקעות בע""מ",IL,אסם רוטב בנוסח סצואן 9*290מל,מיליליטרים,290.00,"100 מ""ל",false,1,15.90,0.0548,true,1,53523
7290112964724,false,טבעול המבורגר טבעוני,מיוצר עי קונדיטוריית,IL,טבעול המבורגר טבעוני 6*580גרם,גרמים,580.00,100 גרם,false,1,34.90,0.0602,true,1,54511
7290112965165,true,מרק נמס פטריות   34,אסם,IL,אסם זוג מרק נמס פטריות בדצ14*48גרם,גרמים,34.00,100 גרם,false,1,7.50,0.2206,true,1,56156
7290112965226,false,אסם אורז סיני עם נוד,,IL,אסם אורז סיני עם נודלס 6*130ג,גרמים,130.00,100 גרם,false,1,12.90,0.0992,true,1,59029
7290112965240,true,מרק נמס עגבניות   *,אסם,IL,אסם זוג מרק נמס עגבניות בדצ 12*60גרם,גרמים,88.00,100 גרם,false,1,7.50,0.0852,true,1,56159
7290112965264,true,מרק נמס אפונה   *30,אסם,IL,אסם זוג מרק נמס אפונה בדצ 14*30גרם,גרמים,60.00,100 גרם,false,1,7.50,0.1250,true,1,56160
7290112965301,true,מרק טעם עוף    38גר,אסם,IL,אסם זוג מרק נמס טעם עוף בדצ 10*52גרם,גרמים,38.00,100 גרם,false,1,7.50,0.1974,true,1,56162
7290112965660,false,פיטנס חטיף מולטיגריי,מיוצר עי קונדיטוריית,IL,פיטנס חטיף מולטיגריין מלח פלפל 25גרם,גרמים,25.00,100 גרם,false,1,6.50,0.2600,true,1,67581
7290112965684,false,פיטנס חטיף מולטיגריי,מיוצר עי קונדיטוריית,IL,פיטנס חטיף מולטיגריין עשבי תיבול  25גרם,גרמים,25.00,100 גרם,false,1,6.50,0.2600,true,1,67582
7290112965745,false,ביסלי פריסטייל בצל מ,"אסם השקעות בע""מ",IL,ביסלי פריסטייל בצל מעושן 60 גרם,גרמים,60.00,100 גרם,false,1,4.90,0.0817,true,1,68709
7290112965783,false,ביסלי פריסטייל על הא,"אסם השקעות בע""מ",IL,ביסלי פריסטייל על האש 60 גרם,גרמים,60.00,100 גרם,false,1,4.90,0.0817,true,1,68710
7290112965981,false,טבעול גורמה ארוחת דג,טבעול,IL,טבעול גורמה ארוחת דגנים  450 גרם,גרמים,450.00,100 גרם,false,1,34.90,0.0776,true,1,70201
7290112966001,false,טבעול גורמה ארוחת יר,טבעול,IL,טבעול גורמה ארוחת ירוקים   450 גרם,גרמים,450.00,100 גרם,false,1,34.90,0.0776,true,1,70202
7290112966186,false,אפרופו שוקולד מריר 4,מולינו ניקולי s.p.a,IL,אפרופו שוקולד מריר 36*40גרם,גרמים,40.00,100 גרם,false,1,5.90,0.1475,true,1,57426
7290112966209,false,אפרופו שוקולד לבן 40,מולינו ניקולי s.p.a,IL,אפרופו שוקולד לבן 36*40גרם,גרמים,40.00,100 גרם,false,1,5.90,0.1475,true,1,57427
7290112966728,false,צבר טחינה בלאדי פלפל,צבר,IL,צבר טחינה בלאדי פלפלים חריפים 6*350גרם,גרמים,350.00,100 גרם,false,1,17.90,0.0511,true,1,57288
7290112966766,false,צבר טחינה בלאדי חציל,שוורצקוף& הנקל דיסלד,IL,צבר טחינה בלאדי חציל עגבניות ושום6*350ג,גרמים,350.00,100 גרם,false,1,17.90,0.0511,true,1,57286
7290112966803,false,אסם פודינג אינסטנט ש,"אסם השקעות בע""מ",IL,אסם פודינג אינסטנט שוקולד  88 גרם,גרמים,88.00,100 גרם,false,1,6.50,0.0739,true,1,58449
7290112966841,false,אסם פודינג בטעם שוקו,מיוצר עי קונדיטוריית,IL,אסם פודינג בטעם שוקולד מריר  90גרם,גרמים,90.00,100 גרם,false,1,6.50,0.0722,true,1,58450
7290112967114,false,פיטנס חטיפי פריכיות,"פרח תעשיות מזון בע""מ",IL,פיטנס חטיפי פריכיות קטניות ופלפל 60 גר,גרמים,60.00,100 גרם,false,1,8.90,0.1483,true,1,60617
7290112967138,false,אסם בייגלה שמיניות ל,מיוצר עי קונדיטוריית,IL,אסם בייגלה שמיניות ללא גלוטן חדש 6*250ג,גרמים,250.00,100 גרם,false,1,15.90,0.0636,true,1,58419
7290112967381,false,פיטנס חטיפי פריכיות,"פרח תעשיות מזון בע""מ",IL,פיטנס חטיפי פריכיות קטניות ומלח ים 60 ג,גרמים,60.00,100 גרם,false,1,8.90,0.1483,true,1,60616
7290112967848,false,אסם גלי תות שדה מופח,מיוצר עי קונדיטוריית,IL,אסם גלי תות שדה מופחת סוכר68גרם,גרמים,68.00,100 גרם,false,1,7.50,0.1103,true,1,58452
7290112968203,false,סלט טחינה בלאדי צבר,שוורצקוף& הנקל דיסלד,IL,סלט טחינה בלאדי צבר 250גרם,גרמים,250.00,100 גרם,false,1,12.90,0.0516,true,1,59388
7290112968340,false,צבר חומוס גרוס גס גס,שוורצקוף& הנקל דיסלד,IL,צבר חומוס גרוס גס גס  400גרם,גרמים,400.00,100 גרם,false,1,14.90,0.0373,true,1,59465
7290112968401,false,צבר חומוס גרגרים רכי,שוורצקוף& הנקל דיסלד,IL,צבר חומוס גרגרים רכים  400גרם,גרמים,400.00,100 גרם,false,1,14.90,0.0373,true,1,59467
7290112968449,false,סלט כרוב אדום צבר 2,שוורצקוף& הנקל דיסלד,IL,סלט כרוב אדום צבר 250גרם,גרמים,250.00,100 גרם,false,1,12.90,0.0516,true,1,59389
7290112968524,false,סלט חומוס סמיר  צבר,שוורצקוף& הנקל דיסלד,IL,סלט חומוס סמיר  צבר 250גרם,גרמים,250.00,100 גרם,false,1,12.90,0.0516,true,1,59391
7290112968685,false,צבר חומוס גרגרים בתט,שוורצקוף& הנקל דיסלד,IL,צבר חומוס גרגרים בתטבילה  400גרם,גרמים,400.00,100 גרם,false,1,14.90,0.0373,true,1,59468
7290112968807,false,פיטנס קרקר דק סלק 14,מפעל אסם יקנעם,IL,פיטנס קרקר דק סלק 12*140גרם,גרמים,140.00,100 גרם,false,1,13.90,0.0993,true,1,60988
7290112968821,false,פיטנס קרקר דק בטטה 1,מפעל אסם יקנעם,IL,פיטנס קרקר דק בטטה 12*140גרם,גרמים,140.00,100 גרם,false,1,13.90,0.0993,true,1,60989
7290113192171,false,מיקס אגוזים שקדים וח,דין שיווק,IL,מיקס אגוזים שקדים וחמוציות 150 גרם,גרמים,150.00,100 גרם,false,1,17.90,0.1193,true,1,69118
7290113192300,true,חרוזית מושחר בית הש,בית השיטה,IL,חרוזית מושחר בית השיטה   275גר,יחידה,0.00,יחידה,false,1,11.90,0.0000,true,1,58649
7290113192324,true,זית ירוק  בית השיטה,הנסיך- מפעל לייצור ט,IL,זית ירוק  בית השיטה  340גר,גרמים,340.00,100 גרם,false,1,10.80,0.0318,true,1,58650
7290113192331,true,זית ירוק גדול בית ה,הנסיך- מפעל לייצור ט,IL,זית ירוק גדול בית השיטה 340גר,גרמים,0.00,100 גרם,false,1,12.90,0.0000,true,1,58651
7290113192355,true,חרוזית ירוק בית השיט,בית-השיטה עסיס תעשיו,IL,חרוזית ירוק בית השיטה   275גר,גרמים,275.00,100 גרם,false,1,11.90,0.0433,true,1,58652
7290113192362,true,טבעות זיתים ירק בית,בית-השיטה עסיס תעשיו,IL,טבעות זיתים ירק בית השיטה 280גר,גרמים,280.00,100 גרם,false,1,13.90,0.0496,true,1,71058
7290113192386,true,זית סורי מבוקע בית,הנסיך- מפעל לייצור ט,IL,זית סורי מבוקע בית השיטה  340גר,גרמים,340.00,100 גרם,false,1,12.90,0.0379,true,1,58654
7290113192393,true,קוקטייל זיתים בית ה,בית-השיטה עסיס תעשיו,IL,קוקטייל זיתים בית השיטה 336גר,גרמים,336.00,100 גרם,false,1,13.90,0.0414,true,1,58655
7290113192478,true,מלפפונים במלח 10-12,בית-השיטה עסיס תעשיו,IL,מלפפונים במלח 10-12 בית השיטה 320גר,גרמים,320.00,100 גרם,false,1,9.90,0.0309,true,1,58658
7290113192485,true,מלפפונים בחומץ 10-12,בית-השיטה עסיס תעשיו,IL,מלפפונים בחומץ 10-12בית השיטה  290גר,גרמים,290.00,100 גרם,false,1,9.90,0.0341,true,1,58659
7290113192492,true,מלפפונים בחומץ 17-13,הנסיך- מפעל לייצור ט,IL,מלפפונים בחומץ 17-13בית השיטה  290גר,גרמים,290.00,100 גרם,false,1,11.90,0.0410,true,1,58660
7290113192508,true,מלפפונים במלח 17-13ב,הנסיך- מפעל לייצור ט,IL,מלפפונים במלח 17-13בית השיטה  320גר,גרמים,320.00,100 גרם,false,1,11.90,0.0372,true,1,58661
7290113192515,true,מלפפונים במלח 18 -25,הנסיך- מפעל לייצור ט,IL,מלפפונים במלח 18 -25בית השיטה  320גר,גרמים,0.00,100 גרם,false,1,13.90,0.0000,true,1,58662
7290113192522,true,מלפפונים בחומץ בית ה,הנסיך- מפעל לייצור ט,IL,מלפפונים בחומץ בית השיטה 18-25 290גר,גרמים,290.00,100 גרם,false,1,13.90,0.0479,true,1,58663
7290113192539,true,מלפפונים במלח  7-9 ב,הנסיך- מפעל לייצור ט,IL,מלפפונים במלח  7-9 בית השיטה 320גר,לא מנהל יחידת מידה,0.00,לא מנהל יחידת מידה,false,1,7.90,0.0000,true,1,58664
7290113192546,true,מלפפונים בחומץ 7-9 ב,הנסיך- מפעל לייצור ט,IL,מלפפונים בחומץ 7-9 בית השיטה 290גר,גרמים,290.00,100 גרם,false,1,7.90,0.0272,true,1,58665
7290113192553,true,מלפפונים באלדי 13-17,בית-השיטה עסיס תעשיו,IL,ב.הש.מלפ.מלח.בלדי א2 13-17 12*320ג חדש,גרמים,320.00,100 גרם,false,1,11.50,0.0359,true,1,69728
7290113192560,true,פלפל שיפקה בית השיטה,הנסיך- מפעל לייצור ט,IL,פלפל שיפקה בית השיטה  230גר,גרמים,230.00,100 גרם,false,1,7.90,0.0343,true,1,58666
7290113192577,true,כרוב כבוש בית השיטה,שוורצקוף& הנקל דיסלד,IL,כרוב כבוש בית השיטה 430גר,גרמים,430.00,100 גרם,false,1,9.90,0.0230,true,1,58667
7290113193000,false,פלפל שיפקונית בית הש,שוורצקוף& הנקל דיסלד,IL,פלפל שיפקונית בית השיטה 230  גרם,גרמים,230.00,100 גרם,false,1,12.90,0.0561,true,1,59688
7290113193031,false,זית חרוזית קלמטה בית,שוורצקוף& הנקל דיסלד,IL,זית חרוזית קלמטה בית השיטה 275גרם,גרמים,275.00,100 גרם,false,1,14.90,0.0542,true,1,60289
7290113193888,false,חצילים מוחמצים בית ה,שוורצקוף& הנקל דיסלד,IL,חצילים מוחמצים בית השיטה 320גרם,גרמים,320.00,100 גרם,false,1,12.90,0.0403,true,1,70008
7290113198043,false,פקאן מצופה שוקולד וע,דין שיווק,IL,פקאן מצופה שוקולד ועוגיות 150גרם,גרמים,150.00,100 גרם,false,1,16.90,0.1127,true,1,69169
7290113198050,false,פקאן מצופה בייגלה מל,דין שיווק,IL,פקאן מצופה בייגלה מלוח 150גרם,גרמים,150.00,100 גרם,false,1,16.90,0.1127,true,1,69168
7290113198067,false,פקאן מצופה שוקולד לב,"דין שיווק וקליה בע""מ",IL,פקאן מצופה שוקולד לבן 150 גרם,גרמים,150.00,100 גרם,false,1,16.90,0.1127,true,1,69206
7290113198074,false,פקאן מצופה שוקולד שי,דין שיווק,IL,פקאן מצופה שוקולד שיש 150גרם,גרמים,150.00,100 גרם,false,1,16.90,0.1127,true,1,69170
7290113198265,false,שקד ענק קלוי בצנצנת,דין שיווק,IL,שקד ענק קלוי בצנצנת 200 גרם,גרמים,200.00,100 גרם,false,1,22.90,0.1145,true,1,71618
7290113198562,false,סוכריות גומי בטעם תו,טופ גלוב,IL,סוכריות גומי בטעם תות שדה 200גרם,גרמים,200.00,100 גרם,false,1,11.90,0.0595,true,1,69302
7290113198579,false,סוכריות גומי דובונים,טופ גלוב,IL,סוכריות גומי דובונים 200 גרם,גרמים,200.00,100 גרם,false,1,11.90,0.0595,true,1,69303
7290113198586,false,סוכריות גומי מצופות,טופ גלוב,IL,סוכריות גומי מצופות סוכר בטעם אפרסק 200 גרם,גרמים,200.00,100 גרם,false,1,11.90,0.0595,true,1,69304
7290113198593,false,סוכריות גומי מצופות,טופ גלוב,IL,סוכריות גומי מצופות סוכר בטעם בננה 200 גרם,גרמים,200.00,100 גרם,false,1,11.90,0.0595,true,1,69305
7290113199859,false,מגש אירוח סוכריות גו,דין שיווק,IL,מגש אירוח סוכריות גומי 350 גרם,גרמים,350.00,100 גרם,false,1,16.90,0.0483,true,1,70414
7290113199897,false,סוכריות חמצוצים בטעם,דין שיווק,IL,סוכריות חמצוצים בטעם תות שדה 180 גרם,גרמים,180.00,100 גרם,false,1,11.90,0.0661,true,1,70412
7290113199927,false,סוכריות חמצוצים בטעמ,דין שיווק,IL,סוכריות חמצוצים בטעמי פירות 180 גרם,גרמים,180.00,100 גרם,false,1,11.90,0.0661,true,1,70413
7290113300194,false,פאוצ נתחוני לה קט עם,PPF צ'כיה,FR,פאוצ נתחוני לה קט עם עוף ברוטב,גרמים,85.00,100 גרם,false,1,4.90,0.0576,true,1,59395
7290113452855,false,סוכריות גומי יין ארו,טופגם,IL,סוכריות גומי יין ארוז 200 גרם,גרמים,200.00,100 גרם,false,1,11.90,0.0595,true,1,69627
7290113452879,false,סוכריות גומי בננה אר,טופגם,IL,סוכריות גומי בננה ארוז 200 גרם,גרמים,200.00,100 גרם,false,1,11.90,0.0595,true,1,69589
7290113452886,false,סוכריות גומי נחש חמו,טופגם,IL,סוכריות גומי נחש חמוץ ארוז 200 גרם,גרמים,200.00,100 גרם,false,1,11.90,0.0595,true,1,69591
7290113452916,false,סוכריות גומי קולה קט,טופגם,IL,סוכריות גומי קולה קטן ארוז 200 גרם,גרמים,200.00,100 גרם,false,1,11.90,0.0595,true,1,69587
7290113452923,false,סוכריות גומי לב אפרס,טופגם,IL,סוכריות גומי לב אפרסק ארוז 200 גרם,גרמים,200.00,100 גרם,false,1,11.90,0.0595,true,1,69628
7290113453043,false,סוכריות גומי תות קטן,טופגם,IL,סוכריות גומי תות קטן  200 גרם,גרמים,200.00,100 גרם,false,1,11.90,0.0595,true,1,69629
7290113453050,false,סוכריות גומי תות קטן,טופגם,IL,סוכריות גומי תות קטן מסוכר 200 גרם,גרמים,200.00,100 גרם,false,1,11.90,0.0595,true,1,69630
7290114310215,false,שמנת מתוקה טרה 38%,מילקו תעשיות בעמ,IL,"שמנת מתוקה 38% 250 מ""ל בבקבוק - בד""צ",מיליליטרים,250.00,"100 מ""ל",false,1,6.47,0.0259,true,1,59959
7290114310239,false,חלב נטול לקטוז 1.5 ל,מילקו תעשיות בעמ,IL,חלב נטול לקטוז מועשר בויטמיןD טרה 2% 1.5,ליטרים,1.50,ליטר,false,1,13.90,9.2667,true,1,69078
7290114310352,false,מולר עם תפוח ופטל 6%,טרה,IL,Muller HEAVEN תפוח פטל,גרמים,120.00,100 גרם,false,1,6.50,0.0542,true,1,68947
7290114310482,false,גבינה צהובה נעם מעוש,מילקו תעשיות בעמ,IL,נעם בטעמים-מעושן 200 גרם,גרמים,200.00,100 גרם,false,1,24.90,0.1245,true,1,68719
7290114310499,false,מולר מיקס פקאן סיני,טרה,IL,Muller mix בתוספת פקאן סיני מצופה שוקולד חום ולבן,גרמים,170.00,100 גרם,false,1,6.50,0.0382,true,1,67737
7290114310543,false,מולר אקטיב 22חלבון,מילקו,IL,מולר אקטיב 22חלבון  3%  קפוצינו 200גרם,גרמים,200.00,100 גרם,false,1,6.90,0.0345,true,1,67980
7290114310550,false,פטה עיזים מעודנת 5%מ,משק צוריאל,IL,בולגרית עיזים מעודנת 16% בגביע - 200 גר',גרמים,200.00,100 גרם,false,1,26.90,0.1345,true,1,68722
7290114310628,false,משקה  וניל עוגיות טר,מילקו תעשיות בעמ,IL,משקה חלב וניל עוגיות 1 ליטר,ליטרים,1.00,ליטר,false,1,13.90,13.9000,true,1,68808
7290114310673,false,לאבנה 9%  טרה 250 גר,טרה,IL,לאבנה 9% 250 גרם,גרמים,250.00,100 גרם,false,1,14.50,0.0580,true,1,68402
7290114310901,false,גבינה לבנה 5% 250 גר,טרה,IL,גבינה לבנה 250 גרם 5% ווסטהיים,גרמים,250.00,100 גרם,false,1,4.98,0.0199,true,1,69020
7290114311045,false,מולר סימפלי פרוט תות,מילקו תעשיות בעמ,IL,מולר סימפלי פרוט תות בננה 3% 150גרם,גרמים,150.00,100 גרם,false,1,6.00,0.0400,true,1,70305
7290114311052,false,מולר סימפלי פרוט מנד,מילקו תעשיות בעמ,IL,מולר סימפלי פרוט מנדרינה 0% 150גרם,גרמים,150.00,100 גרם,false,1,6.00,0.0400,true,1,70306
7290114311069,false,מולר לייט  אקטיב וני,טרה,IL,Muller Active יוגורט BIO מועשר חלבון,גרמים,200.00,100 גרם,false,1,6.90,0.0345,true,1,67979
7290114311090,false,מולר נטורל 1.7%  גרנ,טרה,IL,מולר נטורל + 1.7% שומן בתוספת גרנולה וסירופ דבש,גרמים,177.00,100 גרם,false,1,7.70,0.0435,true,1,70065
7290114311106,false,מולר נטורל 1.7% גרנו,טרה,IL,מולר נטורל + 1.7% שומן בתוספת גרנולה וסירופ סילאן,גרמים,177.00,100 גרם,false,1,7.70,0.0435,true,1,70066
7290114311144,false,מה עז גבינת עיזים  ע,משק צוריאל,IL,מה עז גבינת עיזים  עם שום ושמיר 9%  צורי,גרמים,150.00,100 גרם,false,1,27.90,0.1860,true,1,70576
7290114311168,false,גבינת נועם  בטעם כמה,מילקו תעשיות בעמ,IL,נעם בטעמים-כמהין 200 גרם,גרמים,200.00,100 גרם,false,1,22.90,0.1145,true,1,70578
7290114311205,false,תום עיזים ביין צוריא,מילקו תעשיות בעמ,IL,תום עיזים ביין 160 גרם 28%,גרמים,160.00,100 גרם,false,1,29.90,0.1869,true,1,70582
7290114311212,false,סנט מור עיזים מפוחמת,משק צוריאל,IL,גבינת צאן מפוחמת בסגנון סנט מור  165 גרם,גרמים,160.00,100 גרם,false,1,29.90,0.1869,true,1,70583
7290114311458,false,Dחלב 3% מועשר וויטמי,טרה,IL,D,ליטרים,1.00,ליטר,false,1,8.50,8.5000,true,1,71656
7290114600767,false,חטיף אפוי עם זיתים ו,ויטה ויגור,IT,חטיף אפוי עם זיתים ועגבניות קו קווים150ג,גרמים,150.00,100 גרם,false,1,12.90,0.0860,true,1,60620
7290114600996,false,רוטב שום גר` מאסטר ש,REMIA,NL,"רוטב שום גר` מאסטר שף, 256 גרם",גרמים,256.00,100 גרם,false,1,10.90,0.0426,true,1,71195
7290114603034,false,גרנולה פרי אגוזים צי,"אפקט טבעי בע""מ",IL,גרנולה פרי אגוזים צימוקים וחמוציות 300גר,גרמים,300.00,100 גרם,false,1,15.90,0.0530,true,1,67735
7290114603041,false,גרנולה פרי אגוזים בו,"אפקט טבעי בע""מ",IL,גרנולה פרי אגוזים בוטנים קוקוס חלבון300ג,גרמים,300.00,100 גרם,false,1,15.90,0.0530,true,1,67736
7290114603508,false,מאסטר שף רוטב להקפצה,thai suprime,TH,"מאסטר שף רוטב להקפצה, 300 מ""ל",גרמים,300.00,100 גרם,false,1,10.90,0.0363,true,1,71197
7290114603515,false,רוטב קארי אדום מאסטר,תאי סופרים,TH,מאסטר שף רוטב קארי אדום 340 גרם,גרמים,340.00,100 גרם,false,1,17.90,0.0526,true,1,67410
7290114604871,false,מאסטר שף קוסקוס בינו,דוידוביץ,IL,מאסטר שף קוסקוס בינוני 350 גרם,גרמים,350.00,100 גרם,false,1,6.90,0.0197,true,1,67861
7290114607391,false,משחת שיניים לילדים ב,CP UK,MX,"משחת שיניים לילדים בטעם פירות ברבי, 75 מ""ל",מיליליטרים,75.00,"100 מ""ל",false,1,15.90,0.2120,true,1,69335
7290114720878,false,75w מארז זוג נורות ל,,,75w מארז זוג נורות לבן,יחידה,1.00,יחידה,false,1,29.90,29.9000,true,1,68480
7290115073676,false,מסכות מנתח שחורות 50,מ.פאנג,CN,מסכות מנתח שחורות 50 יח שמחה זה אנחנו,יחידה,1.00,יחידה,false,1,9.90,9.9000,true,1,60851
7290115180251,false,יחידות טבק לחימום אמ,פיליפ מוריס,,יחידות טבק לחימום אמבר PP חפיסה,יחידה,1.00,יחידה,false,1,27.90,27.9000,false,1,67897
7290115180275,false,יחידות טבק לחימום טו,פיליפ מוריס,IL,יחידות טבק לחימום טורקיז PP בודד,יחידה,1.00,יחידה,false,1,27.90,27.9000,true,1,67606
7290115180282,false,יחידות טבק לחימום בר,פיליפ מוריס,IL,יחידות טבק לחימום ברונז PP בודד,יחידה,1.00,יחידה,false,1,27.90,27.9000,true,1,67607
7290115180299,false,יחידות טבק לחימום סי,פיליפ מוריס,IL,יחידות טבק לחימום סיינה PP בודד,יחידה,1.00,יחידה,false,1,27.90,27.9000,true,1,67610
7290115180312,false,יחידות טבק לחימום צה,פיליפ מוריס,IL,יחידות טבק לחימום צהוב PP פקט,יחידה,1.00,יחידה,false,10,260.00,260.0000,true,1,67604
7290115180688,false,יחידות טבק לחימום סג,,,יחידות טבק לחימום סגול PPבודד,יחידה,1.00,יחידה,false,1,27.90,27.9000,false,1,67463
7290115190014,false,סיגריות PPמרלבורו רד,פיליפ מוריס,,סיגריות PPמרלבורו רד חפיסה,יחידה,1.00,יחידה,false,1,35.50,35.5000,false,1,67279
7290115190038,false,סיגריות PPמרלבורו רד,פיליפ מוריס,,סיגריות PPמרלבורו רד סופט חפיסה,יחידה,1.00,יחידה,false,1,33.20,33.2000,false,1,67265
7290115190052,false,סיגריות מרלבורו פליי,פיליפ מוריס,,סיגריות מרלבורו פלייבור מיקסPP חפיסה בוד,יחידה,1.00,יחידה,false,1,35.50,35.5000,false,1,67176
7290115190076,false,סיגריות מרלבורו גולד,פיליפ מוריס,,סיגריות מרלבורו גולד  100בודד,יחידה,1.00,יחידה,false,1,35.50,35.5000,false,1,67616
7290115190090,false,סיגריות מרלבורו גולד,פיליפ מוריס,,סיגריות מרלבורו גולדPP חפיסה,יחידה,1.00,יחידה,false,1,35.50,35.5000,false,1,67254
7290115190113,false,סיגריות מרלבורו גולד,פיליפ מוריס,,סיגריות מרלבורו גולד סופטPP חפיסה,יחידה,1.00,יחידה,false,1,33.20,33.2000,false,1,67273
7290115190137,false,סיגריות מרלבורו פיין,פיליפ מוריס,,סיגריות מרלבורו פיין טאץPP חפיסה,יחידה,1.00,יחידה,false,1,31.50,31.5000,false,1,67275
7290115190151,false,סיגריות מרלבורו טאץP,פיליפ מוריס,,סיגריות מרלבורו טאץPP חפיסה,יחידה,1.00,יחידה,false,1,31.50,31.5000,false,1,67267
7290115190175,false,סיגריות פרלמנט סופר,פיליפ מוריס,,סיגריות פרלמנט סופר סלימסPP חפיסה בודד,יחידה,1.00,יחידה,false,1,40.40,40.4000,false,1,67172
7290115190199,false,פרלמנט נייט 100PP חפ,פיליפ מוריס,,פרלמנט נייט 100PP חפיסה,יחידה,1.00,יחידה,false,1,40.40,40.4000,false,1,68514
7290115190212,false,סיגריות פרלמנט בלו 1,פיליפ מוריס,,סיגריות פרלמנט בלו 100PPחפיסה,יחידה,1.00,יחידה,false,1,40.40,40.4000,false,1,67258
7290115190236,false,סיגריות פרלמנט בלוPP,פיליפ מוריס,,סיגריות פרלמנט בלוPP חפיסה,יחידה,1.00,יחידה,false,1,40.40,40.4000,false,1,67256
7290115190250,false,סיגריות פרלמנט נייטP,פיליפ מוריס,,סיגריות פרלמנט נייטPP חפיסה בודד,יחידה,1.00,יחידה,false,1,40.40,40.4000,false,1,67178
7290115190274,false,סיגריות פרלמנט סילבר,פיליפ מוריס,,סיגריות פרלמנט סילברPP חפיסה,יחידה,1.00,יחידה,false,1,40.40,40.4000,false,1,67269
7290115190335,false,ל.מ בלו 100PP חפיסה,פיליפ מוריס,,ל.מ בלו 100PP חפיסה,יחידה,1.00,יחידה,false,1,31.50,31.5000,false,1,68559
7290115190342,false,סיגריות ל.מ בלוPP פא,פיליפ מוריס,,סיגריות ל.מ בלוPP פאקט,יחידה,1.00,יחידה,false,10,315.00,315.0000,false,1,67173
7290115190359,false,סיגריות ל.מ בלוPP חפ,פיליפ מוריס,,סיגריות ל.מ בלוPP חפיסה בודד,יחידה,1.00,יחידה,false,1,31.50,31.5000,false,1,67174
7290115190373,false,סיגריות ל.מ. קפסולהP,פיליפ מוריס,,סיגריות ל.מ. קפסולהPP חפיסה,יחידה,1.00,יחידה,false,1,31.50,31.5000,false,1,67271
7290115190397,false,ל.מ רדPP חפיסה בודד,פיליפ מוריס,,ל.מ רדPP חפיסה בודד סיגריות,יחידה,1.00,יחידה,false,1,31.50,31.5000,false,1,67169
7290115190410,false,סיגריות ל.מ סילברPP,פיליפ מוריס,,סיגריות ל.מ סילברPP חפיסה,יחידה,1.00,יחידה,false,1,31.50,31.5000,false,1,67260
7290115190434,false,סיגריות ל.מ וייבPP ח,פיליפ מוריס,IL,סיגריות ל.מ וייבPP חפיסה בודד,יחידה,1.00,יחידה,false,1,31.50,31.5000,false,1,67180
7290115190458,false,סיגריות נקסט אדג בוד,פיליפ מוריס,,סיגריות נקסט אדג בודד,יחידה,1.00,יחידה,false,1,25.00,25.0000,false,1,67551
7290115190472,false,סיגריות נקסט פיין אד,פיליפ מוריס,,סיגריות נקסט פיין אדגPP חפיסה,יחידה,1.00,יחידה,false,1,25.00,25.0000,false,1,67851
7290115190496,false,סיגריות נקסט פיין 10,פיליפ מוריס,IL,סיגריות נקסט פיין 100PP חפיסה,יחידה,1.00,יחידה,false,1,30.20,30.2000,false,1,68130
7290115190519,false,סיגריות נקסט פיין חפ,פיליפ מוריס,,סיגריות נקסט פיין חפיסה,יחידה,1.00,יחידה,false,1,30.20,30.2000,false,1,67262
7290115190533,false,סיגריות נקסט ריסס 10,פיליפ מוריס,,סיגריות נקסט ריסס 100בודד,יחידה,1.00,יחידה,false,1,26.00,26.0000,false,1,67613
7290115190557,false,סיגריות נקסט ריסס קצ,פיליפ מוריס,,סיגריות נקסט ריסס קצרPP חפיסה,יחידה,1.00,יחידה,false,1,26.00,26.0000,false,1,67263
7290115190571,false,סיגריות נקסט לילךPP,פיליפ מוריס,,סיגריות נקסט לילךPP חפיסה בודד,יחידה,1.00,יחידה,false,1,30.20,30.2000,false,1,67171
7290115190595,false,סיגריות נקסט אוריגינ,פיליפ מוריס,,סיגריות נקסט אוריגינלPP חפיסה,יחידה,1.00,יחידה,false,1,30.20,30.2000,false,1,67252
7290115190618,false,טבק מרלבורו רדPP חפי,,,טבק מרלבורו רדPP חפיסה,יחידה,1.00,יחידה,false,1,91.30,91.3000,true,1,67892
7290115190632,false,טבק  מרלבורו גולד חפ,פיליפ מוריס,,טבק  מרלבורו גולד חפיסה 30 גרם,גרמים,30.00,100 גרם,false,1,91.30,3.0433,false,1,67853
7290115190656,false,טבק נקסט פייןPP  חפי,פיליפ מוריס,,טבק נקסט פייןPP  חפיסה,יחידה,1.00,יחידה,false,1,87.30,87.3000,true,1,67674
7290115190670,false,טבק נקסט אוריגינל בו,פיליפ מוריס,,טבק נקסט אוריגינל בודד,יחידה,1.00,יחידה,false,1,87.30,87.3000,true,1,67618
7290115190892,false,סיגריות מרלבורו פיוז,פיליפ מוריס,IL,סיגריות מרלבורו פיוזן קפסולה בודד,יחידה,1.00,יחידה,false,1,27.00,27.0000,false,1,68788
7290115190915,false,טבק לגלגול נקסט לבן,פיליפ מוריס,,טבק לגלגול נקסט לבן XL ל 50 גרם  בודד,גרמים,50.00,100 גרם,false,1,102.30,2.0460,true,1,68640
7290115190939,false,סיגריות ל.מ קליק קפס,פיליפ מוריס,,סיגריות ל.מ קליק קפסולה בודד,יחידה,1.00,יחידה,false,1,25.00,25.0000,false,1,69595
7290115190960,false,מרלבורו טאץ אדום פאק,פיליפ מוריס,TR,מרלבורו טאץ אדום פאקט,יחידה,10.00,יחידה,false,10,290.00,29.0000,false,1,71045
7290115190977,false,מרלבורו טאץ אדום חפי,פיליפ מוריס,TR,מרלבורו טאץ אדום חפיסה,יחידה,20.00,יחידה,false,1,29.00,1.4500,false,1,71044
7290115191035,false,מרלבורו סאמר ספלאש ח,פיליפ מוריס,RS,מרלבורו סאמר ספלאש חפיסה בודד,יחידה,1.00,יחידה,false,1,29.00,29.0000,false,1,70695
7290115191073,false,נקסט ריץ ריסס חפיסה,פיליפ מוריס,RS,נקסט ריץ ריסס חפיסה,יחידה,1.00,יחידה,false,1,26.00,26.0000,true,1,71791
7290115200003,false,אסם פתי בר פינוקי ונ,תאי פרזידנט פוד פאבל,PL,אסם פתי בר פינוקי וניל 220 גרם,גרמים,220.00,100 גרם,false,1,13.90,0.0632,true,1,60822
7290115200676,false,קרמוגית קרמל מלוח200,היינץ צפון אמריקה מק,IL,קרמוגית קרמל מלוח200 גרם,גרמים,200.00,100 גרם,false,1,14.50,0.0725,true,1,68066
7290115200928,false,ביסלי קראנצ מיקס 150,פרו מן יו פתרונות אר,IL,ביסלי קראנצ מיקס 150 גרם,גרמים,150.00,100 גרם,false,1,11.90,0.0793,true,1,69923
7290115201451,false,טבעול גורמה לביבות ב,טבעול,IL,טבעול גורמה לביבות בטטה קארי 455גרם,גרמים,455.00,100 גרם,false,1,34.90,0.0767,true,1,71061
7290115201475,false,טבעול גורמה לביבות כ,טבעול,IL,טבעול גורמה לביבות כרישה  434גרם,גרמים,455.00,100 גרם,false,1,34.90,0.0767,true,1,71062
7290115201550,false,ביסלי קרנבל מיקס 150,פרו מן יו פתרונות אר,IL,ביסלי קרנבל מיקס 24*150גרם,גרמים,150.00,100 גרם,false,1,11.50,0.0767,true,1,67181
7290115201727,false,בסלי בצל 200גרם,מיוצר עי קונדיטוריית,IL,בסלי בצל 200גרם,גרמים,200.00,100 גרם,false,1,10.90,0.0545,true,1,67505
7290115201925,false,במבה כוכבים 80 גרם,אסם,IL,במבה כוכבים 80 גרם,גרמים,80.00,100 גרם,false,1,4.90,0.0613,true,1,69310
7290115202236,false,טבעול טופו קרנצים 47,כצט,IL,טבעול טופו קרנצים 470גרם,גרמים,470.00,100 גרם,false,1,31.90,0.0679,true,1,69108
7290115202434,false,צבר חומוס עם זעתר 37,צבר,IL,צבר חומוס עם זעתר 375 גרם,גרמים,375.00,100 גרם,false,1,12.90,0.0344,true,1,68230
7290115202687,false,צבר חומוס עם חריף 37,צבר,IL,צבר חומוס עם חריף 375 גרם,גרמים,375.00,100 גרם,false,1,12.90,0.0344,true,1,68231
7290115202939,false,מנה חמה רייס נודלס ע,מיוצר עי קונדיטוריית,TH,מנה חמה רייס נודלס עוף פטריות 50 גרם,גרמים,50.00,100 גרם,false,1,9.90,0.1980,true,1,69664
7290115202953,false,מנה חמה רייס נודלס ק,מיוצר עי קונדיטוריית,TH,מנה חמה רייס נודלס קארי צהוב 55 גרם,גרמים,50.00,100 גרם,false,1,9.90,0.1980,true,1,69677
7290115202977,false,מנה חמה רייס נודלס ר,מיוצר עי קונדיטוריית,TH,מנה חמה רייס נודלס רוטב סויה סיני 55 גרם,גרמים,50.00,100 גרם,false,1,9.90,0.1980,true,1,69676
7290115203134,false,פופקו פופקורן במבה 8,"אסם השקעות בע""מ",IL,פופקו פופקורן במבה 80 גרם,גרמים,80.00,100 גרם,false,1,5.90,0.0738,true,1,68712
7290115203486,false,פירורית בטעם ביסלי,קיבוץ עינת,IL,פירורית בטעם ביסלי גריל אסם 200 גרם,גרמים,200.00,100 גרם,false,1,6.90,0.0345,true,1,69102
7290115204056,false,אסם קטשופ פחות 56% ס,אסם,IL,אסם קטשופ פחות 56% סוכר 690 גרם,גרמים,690.00,100 גרם,false,1,11.90,0.0172,true,1,68091
7290115204698,false,אסם בייגלה שטוחים שו,אסם,IL,אסם בייגלה שטוחים שומשום בטעם ביסלי 300,גרמים,300.00,100 גרם,false,1,11.90,0.0397,true,1,69061
7290115205176,false,פיטנס קרקר דק כפרי 1,אסם יקנעם,IL,פיטנס קרקר דק כפרי 150 גרם,גרמים,150.00,100 גרם,false,1,13.90,0.0927,true,1,70114
7290115205312,false,קרקר דק פיטנס זיתים,"אסם השקעות בע""מ",IL,קרקר דק פיטנס זיתים 140 גרם,גרמים,140.00,100 גרם,false,1,13.90,0.0993,true,1,70543
7290115205435,false,צבר לאבנה עם חציל על,צבר,IL,צבר לאבנה עם חציל על האש 220גרם,גרמים,220.00,100 גרם,false,1,18.90,0.0859,true,1,70062
7290115205480,false,צבר לאבנה עם פלפל חר,צבר,IL,צבר לאבנה עם פלפל חריף וגרגרי חומוס 220ג,גרמים,220.00,100 גרם,false,1,18.90,0.0859,true,1,70063
7290115205978,false,אסם פתי בר אצבעות שו,"ד""ר ג'רארד בע""מ",PL,אסם פתי בר אצבעות שוקולד 180גרם,גרמים,180.00,100 גרם,false,1,13.90,0.0772,true,1,70271
7290115206135,false,טבעול גורמה ארוחת קי,טבעול,IL,טבעול גורמה ארוחת קינואה  450 גרם,גרמים,450.00,100 גרם,false,1,34.90,0.0776,true,1,70203
7290115206708,false,במבה נוגט אינסייד אא,אסם,IL,במבה נוגט אינסייד אאוט 130 גרם,גרמים,130.00,100 גרם,false,1,11.90,0.0915,true,1,69927
7290115206852,false,ביסלי ציזי סטיקס חדש,אסם,IL,ביסלי ציזי סטיקס חדש 70גרם,גרמים,70.00,100 גרם,false,1,5.90,0.0843,true,1,71148
7290115207149,false,במבה אפרופו מיקס 100,"אסם השקעות בע""מ",IL,במבה אפרופו מיקס 100 גרם,גרמים,100.00,100 גרם,false,1,10.90,0.1090,true,1,69513
7290115207484,false,צבר חציל על האש  400,צבר,IL,צבר חציל על האש  400גרם,גרמים,360.00,100 גרם,false,1,18.90,0.0525,true,1,70069
7290115207507,false,צבר סלט טורקי 360גרם,צבר,IL,צבר סלט טורקי 360גרם,גרמים,360.00,100 גרם,false,1,18.90,0.0525,true,1,70067
7290115208009,false,סירופ ויטמינציק ענבי,בית-השיטה עסיס תעשיו,IL,סירופ ויטמינציק ענבים 1 ליטר,ליטרים,1.00,ליטר,false,1,23.90,23.9000,true,1,70156
7290115208047,false,סירופ ויטמינציק פטל,בית-השיטה עסיס תעשיו,IL,סירופ ויטמינציק פטל 1 ליטר,ליטרים,1.00,ליטר,false,1,23.90,23.9000,true,1,70155
7290115208061,false,ויטמינציק תפוח 1 ליט,בית השיטה עסיס תעשיו,IL,ויטמינציק תפוח 1 ליטר,ליטרים,1.00,ליטר,false,1,23.90,23.9000,true,1,70157
7290115208566,false,אסם קרמוגית מיניס קר,אסם,IL,אסם קרמוגית מיניס קרם בייגלה 200 גרם,גרמים,200.00,100 גרם,false,1,14.50,0.0725,true,1,71147
7290115208597,false,אסם קרמוגית מיניס קר,אסם,IL,אסם קרמוגית מיניס קרמל מלוח 200 גרם,גרמים,200.00,100 גרם,false,1,14.50,0.0725,true,1,71146
7290115209174,false,במבה אורירית 60גרם,אסם,IL,במבה אורירית 60גרם,גרמים,60.00,100 גרם,false,1,4.90,0.0817,true,1,71203
7290115209358,false,במבה במילוי בראוניז,אסם,IL,במבה במילוי בראוניז 60גרם,גרמים,60.00,100 גרם,false,1,5.90,0.0983,true,1,71741
7290115209372,false,במבה במילוי בראוניז,אסם,IL,במבה במילוי בראוניז 150גרם,גרמים,150.00,100 גרם,false,1,11.90,0.0793,true,1,71742
7290115252484,false,פאי פצוחים 400גרם,פתפותים,IL,פאי פצוחים 400גרם,גרמים,400.00,100 גרם,false,1,44.90,0.1122,true,1,68700
7290115252491,false,פאי שקדים 400גרם,פתפותים,IL,פאי שקדים 400גרם,גרמים,400.00,100 גרם,false,1,44.90,0.1122,true,1,68699
7290115252552,false,פאי אגוזים טבעוני 40,פתפותים,IL,פאי אגוזים טבעוני 400גרם,גרמים,400.00,100 גרם,false,1,44.90,0.1122,true,1,68701
7290115670240,false,פרכיות כשלפ טעימות א,פרח,IL,כשלפ פריכיות אורז מלא דקות,גרמים,110.00,100 גרם,false,1,12.90,0.1173,true,1,68089
7290115670813,false,כיף כף חצי חצי שוקו,מיוצר עי קונדיטוריית,IL,כיף כף חצי חצי שוקו בננה 45 גר,גרמים,45.00,100 גרם,false,1,4.50,0.1000,true,1,69043
7290115671339,false,מיני פינוקיות בראוני,תות תעשיות מזון (201,IL,מיני פינוקיות בראוניז בייגל בוטן 180 ג,גרמים,180.00,100 גרם,false,1,11.90,0.0661,true,1,69045
7290115671346,false,מיני פינוקיות טופי ק,תות תעשיות מזון (201,IL,מיני פינוקיות טופי קרמל מלוח 180 ג,גרמים,180.00,100 גרם,false,1,11.90,0.0661,true,1,69046
7290115673203,false,ריל חטיף שקדים ושוקו,ואמואליס פודס אס.,GR,ריל חטיף שקדים ושוקולד מריר,גרמים,35.00,100 גרם,false,1,6.90,0.1971,true,1,68727
7290115673555,false,בפלות אחת אחת בטעם א,דולפין ספא,IL,בפלות אחת אחת בטעם אגוזים 240 גרם,גרמים,240.00,100 גרם,false,1,17.90,0.0746,true,1,69575
7290115673562,false,בפלות אחת אחת בטעם ק,דולפין ספא,IL,בפלות אחת אחת בטעם קפה נמס 240 גרם,גרמים,240.00,100 גרם,false,1,17.90,0.0746,true,1,69573
7290115674712,false,BREADZ קרקר סריראצה,סנו מפעלי ברונוס.,US,BREADZ קרקר סריראצה 170 גרם,גרמים,170.00,100 גרם,false,1,14.90,0.0876,true,1,69922
7290115674743,false,פיתה BREADZ מלח ים 1,סנו מפעלי ברונוס.,US,פיתה BREADZ מלח ים 170 גרם,גרמים,170.00,100 גרם,false,1,14.90,0.0876,true,1,69920
7290115675580,false,חטיף קוואקר ובוטנים,"שטראוס פריטו ליי בע""",IL,חטיף קוואקר ובוטנים 50 ג 48 יח,גרמים,50.00,100 גרם,false,1,3.90,0.0780,true,1,69622
7290115675696,false,קוואקר אגוזים 375 גר,שטראוס,IL,קוואקר אגוזים 375 גרם  Cruesli,גרמים,375.00,100 גרם,false,1,22.70,0.0605,true,1,68939
7290115675764,false,קפסולות מס 8 אתיופיה,הנסיך- מפעל לייצור ט,IL,קפסולות 08 אתיופיה למכונות NESPRESSO,גרמים,55.00,100 גרם,false,1,18.90,0.3436,true,1,69919
7290115675986,false,דנונה בר עם אגוזים מ,"שטראוס בריאות בע""מ",IL,דנונה בר עם אגוזים מקורמלים,גרמים,173.00,100 גרם,false,1,4.90,0.0283,true,1,67886
7290115676020,false,דנונה בר בזוקה   153,מיוצר עי קונדיטוריית,IL,דנונה בר בזוקה,גרמים,153.00,100 גרם,false,1,4.90,0.0320,true,1,70039
7290115676037,false,דנונה ריפרש תות דומד,מיוצר עי קונדיטוריית,IL,"דנונה ריפרש תות דומדמניות 250 מ""ל",מיליליטרים,250.00,"100 מ""ל",false,1,5.90,0.0236,true,1,68658
7290115676082,false,משקה דנונה פרו 20 תו,"שטראוס בריאות בע""מ.",IL,משקה דנונה פרו 20 תות,מיליליטרים,255.00,"100 מ""ל",false,1,7.50,0.0294,true,1,68660
7290115676389,false,חרוסת  יד מרדכי 250,פוליבה,IL,חרוסת  יד מרדכי 250 גרם,גרמים,250.00,100 גרם,false,1,17.90,0.0716,true,1,68287
7290115676693,false,תפוציפס מלח חומץ 50,"שטראוס פריטו ליי בע""",IL,תפוציפס מלח חומץ 50 גרם,גרמים,50.00,100 גרם,false,1,4.90,0.0980,true,1,70884
7290115676990,false,תפוציפס מלח חומץ 50,"שטראוס פריטו ליי בע""",IL,תפו SALT & VINEGAR י50 גר 48 יח,גרמים,50.00,100 גרם,false,1,5.50,0.1100,true,1,68351
7290115677171,false,מארז קלאסיק 200 גרם,הנסיך- מפעל לייצור ט,IL,מארז קלאסיק וספל שחור פסח כשלפ 2021,גרמים,200.00,100 גרם,false,1,36.50,0.1825,true,1,68205
7290115677362,false,נודלס טריאקי  דליש,"טרופיקל דגיל בע""מ אז",IL,נודלס טריאקי  דלישס 350גרם,גרמים,350.00,100 גרם,false,1,26.90,0.0769,true,1,69449
7290115677409,false,אורז קארי צהוב דלישס,שטראוס,IL,אורז קארי צהוב דלישס 350גרם,גרמים,350.00,100 גרם,false,1,26.90,0.0769,true,1,70273
7290115677423,false,אורז קארי ירוק חריף,"טרופיקל דגיל בע""מ אז",IL,אורז קארי ירוק חריף,גרמים,350.00,100 גרם,false,1,26.90,0.0769,true,1,69452
7290115677959,false,גוואקמולי  אחלה 220,שטראוס,IL,גוואקמולי  אחלה 220 גרם,גרמים,220.00,100 גרם,false,1,17.90,0.0814,true,1,69710
7290115678291,false,אקטימל ויטמין  C ו D,"שטראוס בריאות בע""מ",IL,רביעייה אקטימל ויטמין  C ו -D,מיליליטרים,430.00,"100 מ""ל",false,1,12.90,0.0300,true,1,68661
7290115678314,false,משקה חלב בלונדי מארז,יטבתה,IL,משקה חלב בלונדי מארז שישיית שקיות225מל,ליטרים,1.35,ליטר,false,1,15.90,11.7778,true,1,69228
7290115678376,false,מעדן הגולן שוקולד  1,"שטראוס בריאות בע""מ",IL,מעדן הגולן שוקולד,גרמים,125.00,100 גרם,false,1,3.20,0.0256,true,1,69111
7290115678383,false,מעדן הגולן שוקולד מר,מיוצר עי קונדיטוריית,IL,מעדן הגולן שוקולד מריר 125גרם,גרמים,125.00,100 גרם,false,1,3.20,0.0256,true,1,69075
7290115678543,false,דנונה וואו פאי לימון,מיוצר עי קונדיטוריית,IL,דנונה WOW פאי לימון,גרמים,150.00,100 גרם,false,1,5.40,0.0360,true,1,69223
7290115678550,false,דנונה פרו 20 גרם בטע,"שטראוס בריאות בע""מ",IL,דנונה פרו 20 גרם בטעם פיסטוק 200 גרם,גרמים,200.00,100 גרם,false,1,6.50,0.0325,true,1,69430
7290115678642,false,נשנושי גבינה 25% עם,"מחלבת טבע עז בע""מ",IL,נשנושי גבינה 25% עם חטיף אפוי וזיתים 67,גרמים,67.00,100 גרם,false,1,10.90,0.1627,true,1,70144
7290115679878,false,פיצה מבצק עם סלק דלי,גסטרונומיה פרוסט אס.,IT,פיצה מבצק עם סלק דלישס 320 גרם,גרמים,320.00,100 גרם,false,1,29.90,0.0934,true,1,69455
7290115679885,false,פיצה מבצק עם כרובית,גסטרונומיה פרוסט אס.,IT,פיצה מבצק עם כרובית  320 גרם,גרמים,320.00,100 גרם,false,1,29.90,0.0934,true,1,69456
7290116530147,false,תחליב רחצה פינוק פיר,יוניליוור ישראל טיפו,IL,תחליב רחצה פינוק פירות יער שייק 700 מל,מיליליטרים,700.00,"100 מ""ל",false,1,14.90,0.0213,true,1,69119
7290116530161,false,תחליב רחצה פינוק שיי,יוניליוור ישראל טיפו,IL,תחליב רחצה פינוק שייק אננס 700 מל,מיליליטרים,700.00,"100 מ""ל",false,1,14.90,0.0213,true,1,69121
7290116530185,false,דגני בוקר דלישקד קרמ,יוניליוור שפע ישראל,IL,תלמה דגני בוקר דלישקד קרמל מלוח 400 גרם,גרמים,400.00,100 גרם,false,1,26.90,0.0672,true,1,69262
7290116530314,false,קליק כריות דאבל בלאק,יוניליוור ישראל מזון,IL,קליק קליק כריות בלאק בטעם דאבל שוקולד חלב 65 גרם,גרמים,65.00,100 גרם,false,1,7.90,0.1215,true,1,68852
7290116530482,false,מאגדת קורנפלקס של אל,פרו מן-יו פתרנות ארי,IL,תלמה מארז קורנפלקס של אלופים 5*30 גרם,גרמים,150.00,100 גרם,false,1,12.90,0.0860,true,1,69263
7290116531045,false,דליפקאן כשלפ 350 גרם,"מולינו ניקולי S.p.A,",IT,תלמה דגני בוקר דליפקאן ללא גלוטן 350 גרם,גרמים,350.00,100 גרם,false,1,22.90,0.0654,true,1,70237
7290116531069,false,קנור אבקת מרק בצל רכ,יוניליוור ישראל מזון,IL,קנור  מרק בצל 100% רכיבים טבעיים 225 גרם,גרמים,235.00,100 גרם,false,1,19.90,0.0847,true,1,70028
7290116531076,false,קנור אבקת מרק פטריות,יוניליוור ישראל מזון,IL,קנור  מרק פטריות 100% רכיבים טבעיים 225 גרם,גרמים,235.00,100 גרם,false,1,19.90,0.0847,true,1,70029
7290116531281,false,קליק מיקס 65 גרם,יוניליוור ישראל מזון,IL,קליק  קליק מיקס 65 גרם,גרמים,65.00,100 גרם,false,1,7.90,0.1215,true,1,69654
7290116531649,false,פינוק שמפו בניחוח תפ,יוניליוור ישראל טיפו,IL,פינוק  שמפו בניחוח תפוח 700 מל,מיליליטרים,700.00,"100 מ""ל",false,1,14.90,0.0213,true,1,69533
7290116531663,false,פינוק תחליב רחצה תפו,יוניליוור ישראל טיפו,IL,פינוק  תחליב רחצה בניחוח תפוח 700 מל,מיליליטרים,700.00,"100 מ""ל",false,1,14.90,0.0213,true,1,69535
7290116531748,false,קליק קוקומן חום&לבן,"דרך השוקולד 1, צפת 1",IL,קליק  קליק שוקו מיקס חום לבן כשר לפסח 65 גרם,גרמים,65.00,100 גרם,false,1,7.90,0.1215,true,1,70224
7290116531762,false,בדין דפי מרכך למייבש,,US,בדין  דפי מרכך למייבש כביסה ורוד 40 יחידות,יחידה,1.00,יחידה,false,1,21.90,21.9000,true,1,70685
7290116531779,false,בדין דפי מרכך למייבש,,US,בדין  דפי מרכך למייבש כביסה כחול 40 יחידות,יחידה,1.00,יחידה,false,1,21.90,21.9000,true,1,70686
7290116531793,false,הלמנס רוטב קיסר 295,יוניליוור ישראל מזון,IL,הלמנס  רוטב לסלט קיסר 295 גרם,גרמים,295.00,100 גרם,false,1,13.90,0.0471,true,1,70030
7290116531830,false,כריות קינמון 686גרם,יוניליוור שפע ישראל,IL,תלמה כריות  קינמון 686 גרם,גרמים,686.00,100 גרם,false,1,31.90,0.0465,true,1,69774
7290116531885,false,ממרח טבעוני ויגן 500,יוניליוור ישראל מזון,IL,הלמנס  ממרח טבעוני ויגן  500 גרם,גרמים,500.00,100 גרם,false,1,15.90,0.0318,true,1,71266
7290116532011,false,קליק חטיף נוגט 35 גר,אזור התעשייה רמת גבר,IL,קליק  חטיף נוגט 35 גרם,גרמים,35.00,100 גרם,false,1,5.90,0.1686,true,1,70343
7290116532028,false,קליק חטיף נוגט כשלפ,"דרך השוקולד 1, צפת 1",IL,קליק  חטיף נוגט כשר לפסח 35 גרם,גרמים,35.00,100 גרם,false,1,5.90,0.1686,true,1,70222
7290116532035,false,קליק קורנפלקס חום לב,"דרך השוקולד 1, צפת 1",IL,קליק  קליק קורנפלקס חום לבן כשר לפסח 65 גרם,גרמים,65.00,100 גרם,false,1,7.90,0.1215,true,1,70225
7290116532042,false,קליק כריות נוגט כשלפ,"דרך השוקולד 1, צפת 1",IL,קליק  קליק כריות נוגט כשר לפסח 65 גרם,גרמים,65.00,100 גרם,false,1,7.90,0.1215,true,1,70223
7290116532264,false,גודיז פרי אפרסק 300,שטראוס גרופ גלידות,IL,גודיז פרי אפרסק 300 גרם,גרמים,300.00,100 גרם,false,1,27.90,0.0930,true,1,70461
7290116532271,false,גודיז סנדוויץ 270 גר,שטראוס גרופ גלידות,IL,גודיז סנדוויץ 270 גרם,גרמים,270.00,100 גרם,false,1,33.90,0.1256,true,1,70462
7290116930015,false,GO  חטיף חלבון קרמל,תנובה,IL,GO  חטיף חלבון קרמל מלוח חמאת בוטנים 60ג,גרמים,60.00,100 גרם,false,1,13.90,0.2317,true,1,70742
7290116930022,false,GO חטיף חלבון בטעם ק,תנובה,IL,GO חטיף חלבון בטעם קרם עוגיות 60גרם,גרמים,60.00,100 גרם,false,1,13.90,0.2317,true,1,70743
7290116930077,false,יוגורט יופלה דיאט אפ,"תנובה בע""מ",IL,יוגורט יופלה דיאט אפרסק פסיפלורה 0% 150גרם,גרמים,150.00,100 גרם,false,1,5.50,0.0367,true,1,70136
7290116930282,false,ארוחה בקטנה לאבנה עם,תנובה,IL,ארוחה בקטנה לאבנה עם קרקרים 150 גרם,גרמים,150.00,100 גרם,false,1,7.90,0.0527,true,1,71163
7290116930435,false,יוגורט גו סמיך 0% דו,תנובה,IL,יוגורט גו סמיך 0% דובדבן,גרמים,150.00,100 גרם,false,1,6.50,0.0433,true,1,70586
7290116930442,false,SHAKE יופלה בננה מנג,תנובה בעמ,IL,SHAKE יופלה בננה מנגו תפוז גזר וציה 230,מיליליטרים,230.00,"100 מ""ל",false,1,8.90,0.0387,true,1,70914
7290116930459,false,SHAKE יופלה בננה אננ,תנובה,IL,SHAKE יופלה בננה אננס וקוקוס 230 מל,מיליליטרים,230.00,"100 מ""ל",false,1,8.90,0.0387,true,1,70917
7290116930466,false,SHAKE יופלה מנגו בננ,תנובה,IL,SHAKE יופלה מנגו בננה פסיפלורה והל 230 מ,מיליליטרים,230.00,"100 מ""ל",false,1,8.90,0.0387,true,1,70916
7290116930480,false,SHAKE יופלה בננה קיו,תנובה,IL,SHAKE יופלה בננה קיווי תפוח 230 מל,מיליליטרים,230.00,"100 מ""ל",false,1,8.90,0.0387,true,1,70915
7290116930497,false,פלח גבינה כחולה קולק,פיקוס דה אירופה ס.ל.,ES,פלח גבינה כחולה קולקשיין 100  גרם,גרמים,100.00,100 גרם,false,1,16.90,0.1690,true,1,70507
7290116930565,false,משקה תה קר עם חלב בט,תנובה בעמ,IL,משקה תה קר עם חלב בטעם צאי מסאלה 230מל,מיליליטרים,230.00,"100 מ""ל",false,1,7.90,0.0343,true,1,70922
7290116930589,false,יופלה דיאט בטעם מרנג,"תנובה בע""מ",IL,יופלה דיאט בטעם מרנג לימון 0% 150גרם,גרמים,150.00,100 גרם,false,1,5.50,0.0367,true,1,71159
7290116930626,false,ארוחה בקטנה ציזיקי ע,תנובה,IL,ארוחה בקטנה ציזיקי עם קרקרים 150 גרם,גרמים,150.00,100 גרם,false,1,7.90,0.0527,true,1,71164
7290116930640,false,יולו שוקולד חלב עם ש,תנובה,IL,יולו שוקולד חלב עם שברי בייגלה 120 גרם,גרמים,120.00,100 גרם,false,1,5.50,0.0458,true,1,70919
7290116930701,false,GOמעדן חלב בטעם קרמל,תנובה,IL,GOמעדן חלב בטעם קרמל מלוח  120גרם,גרמים,120.00,100 גרם,false,1,5.20,0.0433,true,1,70918
7290116930718,false,מעדן תנובה דיאט בטעם,תנובה,IL,מעדן תנובה דיאט בטעם שוקולד וקרמל מלוח 0%,גרמים,150.00,100 גרם,false,1,4.20,0.0280,true,1,71165
7290116930725,false,BIO מעדן  סויה קוקוס,תנובה,IL,מעדן  סויה BIO קוקוס אלטרנטיב   150 גרם,גרמים,150.00,100 גרם,false,1,4.90,0.0327,true,1,71275
7290116931081,false,מעדן סויה בטעם טופי,תנובה,IL,מעדן סויה בטעם טופי קרמל 125 גרם,גרמים,125.00,100 גרם,false,1,4.70,0.0376,true,1,71274
7290116931104,false,יופלה גו במרקם סמיך,תנובה,IL,יופלה גו במרקם סמיך עם אננס 0%  200גרם,גרמים,200.00,100 גרם,false,1,6.50,0.0325,true,1,71276
7290117260661,false,קרמבו תן בו וניל ציפ,אלוויר,DK,קרמבו תן בו וניל ציפוי בטעם ש.מריר 1/6,גרמים,100.00,100 גרם,false,1,10.90,0.1090,true,1,70051
7290117260685,false,קרמבו תן בו טעמים שו,אלוויר,DK,קרמבו תן בו טעמים שונים 1/12,גרמים,230.00,100 גרם,false,1,21.90,0.0952,true,1,70055
7290117261354,false,גבינת ריקוטה יורו 20,באלבן גידה סנאי,TR,גבינת ריקוטה יורו 200 גרם 5%שומן,גרמים,200.00,100 גרם,false,1,10.90,0.0545,true,1,70825
7290117261378,false,גבינת קשקבל לייט 8%,באלבן גידה סנאי,TR,גבינת קשקבל לייט 8% יורו  250גרם,גרמים,250.00,100 גרם,false,1,16.90,0.0676,true,1,70826
7290117261705,false,חמאת עיזים יורו 200,באלבן גידה סנאי,TR,חמאת עיזים יורו 200 גרם,גרמים,200.00,100 גרם,false,1,13.90,0.0695,true,1,70824
7290117380154,false,רוטב לסלט אסיאתי עם,Remia CV,NL,"רוטב לסלט אסיאתי עם סויה ושומשום, 264 גר",גרמים,264.00,100 גרם,false,1,10.90,0.0413,true,1,71196
7290117380178,false,סוויט פוף שוקולד חלב,"טחנת האבן תעשיות בע""",IL,סוויט פוף שוקולד חלב 50 גרם,גרמים,50.00,100 גרם,false,1,5.90,0.1180,true,1,71796
7290117380185,false,סוויט פוף שוקולד חלב,"טחנת האבן תעשיות בע""",IL,סוויט פוף שוקולד חלב ולבן 50 גרם,גרמים,50.00,100 גרם,false,1,5.90,0.1180,true,1,71797
7290117380192,false,פוף חטיף קראנץ גריל,מנה,IL,פוף חטיף קראנץ גריל 60 גרם,גרמים,60.00,100 גרם,false,1,3.90,0.0650,true,1,70085
7290117380208,false,פוף חטיף קראנץ חמוץ,מנה,IL,פוף חטיף קראנץ חמוץ חריף 60 גרם,גרמים,60.00,100 גרם,false,1,3.90,0.0650,true,1,70086
7290117380215,false,פוף חטיף קראנץ טאקו,מנה,IL,פוף חטיף קראנץ טאקו 60 גרם,גרמים,60.00,100 גרם,false,1,3.90,0.0650,true,1,70087
7290117380864,false,סלים דליס  עוגות ברא,הלמה הלום,NL,סלים דליס  עוגות בראוניס אישיות שוקולד 1,גרמים,120.00,100 גרם,false,1,14.90,0.1242,true,1,70783
7290117382318,false,חטיף  סלים דליס פרו,andros snc,IT,חטיף  סלים דליס פרו  מצופה שוקולד מריר 6,גרמים,60.00,100 גרם,false,1,13.90,0.2317,true,1,71167
7290117382325,false,חטיף  סלים דליס פרו,andros snc,IT,חטיף  סלים דליס פרו  מצופה שוקולד חלב  6,גרמים,60.00,100 גרם,false,1,13.90,0.2317,true,1,71166
7290117382332,false,חטיף  סלים דליס פרו,andros snc,IT,חטיף  סלים דליס פרו  מצופה שוקולד עוגיות,גרמים,60.00,100 גרם,false,1,13.90,0.2317,true,1,71168
7291074004060,false,סכין משולבת,,,סכין משולבת,יחידה,1.00,יחידה,false,1,24.00,24.0000,true,1,67201
7296015029287,false,"אלכוגל ידיים 120 מ""ל",בטה סחה ותעשיות בעמ,IL,"אלכוגל ידיים 120 מ""ל",מיליליטרים,120.00,"100 מ""ל",false,1,10.00,0.0833,true,1,59624
7296021131394,false,"סכין מולטי 1.5 ס""מ",,,"סכין מולטי 1.5 ס""מ",יחידה,1.00,יחידה,false,1,19.90,19.9000,true,1,30384
7296021133541,false,מצקת נירוסטה ידית שח,KIS CHINA,CN,מצקת נירוסטה ידית שחורה נעמן  בייסיק ידי,יחידה,1.00,יחידה,false,1,23.90,23.9000,true,1,26529
7296021133558,false,כף מסננת ידית שחורה,KIS CHINA,CN,כף מסננת ידית שחורה נעמן  בייסיק ידית שח,יחידה,1.00,יחידה,false,1,21.90,21.9000,true,1,26399
7296021133565,false,תרווד מחורץ ידית שחו,KIS CHINA,CN,תרווד מחורץ ידית שחורה נעמן  בייסיק ידית,יחידה,1.00,יחידה,false,1,16.90,16.9000,true,1,27677
7296021133572,false,כף ספגטי ידית שחורה,,,כף ספגטי ידית שחורה נעמן  בייסיק ידית שח,יחידה,1.00,יחידה,false,1,16.90,16.9000,true,1,29227
7296021133596,false,כף בישול ידית שחורה,KIS CHINA,CN,כף בישול ידית שחורה נעמן  בייסיק ידית שח,יחידה,1.00,יחידה,false,1,16.90,16.9000,true,1,26610
7296021133602,false,"מועך תפו""א ידית שחור",KIS CHINA,CN,"מועך תפו""א ידית שחורה נעמן  בייסיק ידית",יחידה,1.00,יחידה,false,1,16.90,16.9000,true,1,26862
7296021133749,false,מסננת קטנה ידית שחור,KIS CHINA,CN,מסננת קטנה ידית שחורה נעמן  בייסיק ידית,יחידה,1.00,יחידה,false,1,9.90,9.9000,true,1,26232
7296021136030,false,קולפן Y נירוסטה,,,קולפן Y נירוסטה,יחידה,1.00,יחידה,false,1,15.90,15.9000,true,1,54614
7296021137136,false,"סכין סנטוקו 17.5 ס""מ",,,"סכין סנטוקו 17.5 ס""מ BASIC נעמן",יחידה,1.00,יחידה,false,1,34.90,34.9000,true,1,54615
7296021146435,false,"תבנית קפיץ 26 ס""מ לא",,,"תבנית קפיץ 26 ס""מ לאפיה",יחידה,1.00,יחידה,false,1,35.90,35.9000,true,1,29656
7296021146459,false,תבנית לאפיה 11*30,,,תבנית לאפיה 11*30,יחידה,1.00,יחידה,false,1,21.90,21.9000,true,1,31750
7296021146497,false,תבנית לאפיה מלבן 4*2,,,"תבנית לאפיה מלבן 4*24*34 ס""מ",יחידה,1.00,יחידה,false,1,22.90,22.9000,true,1,59821
7296021170645,true,פותחן  יין מלצרים תו,,,פותחן  יין מלצרים תוכי  אביזרי מטבח,יחידה,1.00,יחידה,false,1,15.90,15.9000,true,1,55168
7296021170751,false,מגרדת 4 צדדים,,,מגרדת 4 צדדים,יחידה,1.00,יחידה,false,1,19.90,19.9000,true,1,54570
7296021170836,false,מערוך עץ 30*50  אביז,,,מערוך עץ 30*50  אביזרי מטבח,יחידה,1.00,יחידה,false,1,29.90,29.9000,true,1,53754
7296021184291,false,תבנית מלבנית 3.5 ליט,,,תבנית מלבנית 3.5 ליטר שקוף זכוכית,יחידה,1.00,יחידה,false,1,39.90,39.9000,true,1,69301
7296021191367,false,קרחון עם מכסה,,,קרחון עם מכסה,יחידה,1.00,יחידה,false,1,12.90,12.9000,true,1,57383
7296021256189,false,מחבת פנקייק יציקה 27,,,"מחבת פנקייק יציקה 27 ס""מ דיסני - מיקי סמ",יחידה,1.00,יחידה,false,1,139.90,139.9000,true,1,69238
7296021256950,false,סט מחבת לטיגון 28 +,,,"סט מחבת לטיגון 28 + מחבת לטיגון 22  ס""מ",יחידה,1.00,יחידה,false,1,99.90,99.9000,true,1,68282
7296021268328,false,פרייבט שף מארז מגבות,,,פרייבט שף מארז מגבות 40/60 סמ כחול כהה,יחידה,1.00,יחידה,false,1,28.90,28.9000,true,1,60352
7296021268335,false,פרייבט שף - מארז מגב,,,פרייבט שף  מארז מגבות 40/60 סמ ירוק כות,יחידה,1.00,יחידה,false,1,28.90,28.9000,true,1,60351
7296021273162,false,סט שישיית סכינים לחי,,,סט שישיית סכינים לחיתוך ירקות אדום,יחידה,1.00,יחידה,false,1,11.90,11.9000,true,1,70056
7296021273254,false,מארז מגבות 40/60 סמ,,,מארז מגבות 40/60 סמ תכלת כותנה 100%,יחידה,1.00,יחידה,false,1,28.90,28.9000,true,1,70788
7296021273261,false,מארז מגבות 40/60 סמ,,,מארז מגבות 40/60 סמ סגול כותנה 100%,יחידה,1.00,יחידה,false,1,28.90,28.9000,true,1,70789
7296021273650,false,סט שישיית סכינים לחי,,,סט שישיית סכינים לחיתוך ירקות שחור,יחידה,1.00,יחידה,false,1,9.90,9.9000,true,1,70057
7297488098008,false,גרנולה             .,תגלית הטעם,IL,בריאות וטבע גרנולה בתוספת חמוציות מיובשות  250 גרם,גרמים,250.00,100 גרם,false,1,16.90,0.0676,true,1,13699
7297488098015,false,גרנולה קרנצי שוקו דג,תגלית הטעם,IL,גרנולה קרנצי שוקו דגש 250 גרם,גרמים,250.00,100 גרם,false,1,16.90,0.0676,true,1,13700
7297488098152,false,קמח חומוס דגש 500 גר,אף. סי תבליני הגליל,IL,דוכן גן שמואל קמח חומוס 500 גרם,גרמים,500.00,100 גרם,false,1,17.90,0.0358,true,1,11807
7297488098220,false,קמח תפוח אדמה ללא גל,תבליני העליון 2007 ב,IL,דוכן גן שמואל קמח תפוחי אדמה 500 גרם,גרמים,500.00,100 גרם,false,1,12.90,0.0258,true,1,42312
7297488098282,false,אבקת מרק בטעם עוף 50,אף.סי. תבליני הגליל,IL,בריאות וטבע אבקת מרק בטעם עוף 500 גרם,גרמים,500.00,100 גרם,false,1,21.90,0.0438,true,1,13395
7297488098305,false,קמח שקדים דגש 250 גר,תבליני העליון 2007 ב,IL,דוכן גן שמואל קמח שקדים 500 גרם,גרמים,250.00,100 גרם,false,1,28.90,0.1156,true,1,13522
7297488099753,false,עוגיות בטעם שוקולד ו,תגלית הטעם,IL,עוגיות בטעם שוקולד וקוקוס 250 גרם,גרמים,250.00,100 גרם,false,1,29.90,0.1196,true,1,32031
7297488099760,true,עוגיות בטעם חלבה 250,תגלית הטעם,IL,בריאות וטבע עוגיות מובחרות עם חלווה 250 גרם,גרמים,250.00,100 גרם,false,1,29.90,0.1196,true,1,40572
7297488099777,true,עוגיות בטעם קאשיו 25,תגלית הטעם,IL,בריאות וטבע עוגיות מובחרות עם קשיו 250 גרם,גרמים,250.00,100 גרם,false,1,29.90,0.1196,true,1,40573
7297488099821,false,גרנולה ללא תוספת סוכ,תגלית הטעם,IL,בריאות וטבע גרנולה 250 גרם,גרמים,250.00,100 גרם,false,1,16.90,0.0676,true,1,32033
7297488099890,false,משו משו פרוסות בסגנו,ויגרדן,,משו משו פרוסות בסגנון קלאסי 9% 200 גרם,גרמים,200.00,100 גרם,false,1,20.90,0.1045,true,1,49261
7297488099906,false,משו משו פרוסות בסגנו,ויגרדן,,משו משו פרוסות בסגנון קלאסי 18% 200 גרם,גרמים,200.00,100 גרם,false,1,20.90,0.1045,true,1,49263
7297488099968,false,משו משו מלוחה 16% 25,ויגרדן,,משו משו מלוחה 16% 250 גרם,גרמים,250.00,100 גרם,false,1,20.90,0.0836,true,1,49264
7297488199590,false,"פצפוצי אורז לל""ג 450",תירפז בעמ,IL,פצפוצי אורז לבן תפוח,גרמים,450.00,100 גרם,false,1,24.90,0.0553,true,1,32028
7297488199682,false,קמח כוסמת דגש,תות תעשיות מזון (201,IL,דוכן גן שמואל קמח קינואה 500 גרם,גרמים,500.00,100 גרם,false,1,16.90,0.0338,true,1,27941
7298074501995,false,בליסטקס הגנה מוגברת,,,בליסטקס הגנה מוגברת spf50,יחידה,1.00,יחידה,false,1,9.90,9.9000,true,1,57637
7312040017683,false,וודקה אבסולוט בקבוק,"איי, בי, אינבוו",SE,"אבסולוט וודקה, 700 מ''ל",מיליליטרים,700.00,"100 מ""ל",false,1,69.90,0.0999,true,1,15755
7312040551934,false,וודקה אבסולוט ריינבו,פרנו,,"וודקה אבסולוט ריינבואו 700 מ""ל",מיליליטרים,700.00,"100 מ""ל",false,1,69.90,0.0999,true,1,42381
7330578306048,false,ס.אלקטרונית סמארט תו,shenzhen shengsi,CN,ס.אלקטרונית סמארט תות אייס 1200 שאיפות,יחידה,1.00,יחידה,false,1,59.90,59.9000,false,1,69690
7330578306093,false,ס.אלקטרונית סמארט ענ,shenzhen shengsi,CN,ס.אלקטרונית סמארט ענבים 1200 שאיפות,יחידה,1.00,יחידה,false,1,59.90,59.9000,false,1,69686
7330578306109,false,ס.אלקטרונית סמארט מל,shenzhen shengsi,CN,ס.אלקטרונית סמארט מלון 1200 שאיפות,יחידה,1.00,יחידה,false,1,59.90,59.9000,false,1,69689
7394376123337,false,משקה שיבולת שועל אור,טרנסומס פוד איי.בי,SE,משקה שיבולת שועל אורגני אוטלי  1 ליטר,ליטרים,1.00,ליטר,false,1,15.90,15.9000,true,1,60612
7394376615825,false,אוטלי משקה שבולת שוע,,SE,אוטלי משקה שבולת שועל מועשר 1 ליטר,ליטרים,1.00,ליטר,false,1,15.90,15.9000,true,1,60611
7394376615832,false,משקה שיבולת שועל בטע,,SE,משקה שיבולת שועל בטעם שוקולד אוטלי 1 לי,ליטרים,1.00,ליטר,false,1,16.90,16.9000,true,1,60610
7394376616778,false,משקה שיבולת שועל  לה,,SE,משקה שיבולת שועל  להקצפה בריסטה  אוטלי 1,ליטרים,1.00,ליטר,false,1,16.90,16.9000,true,1,60609
7394376620294,false,משקה שיבולת שועל וני,איי אם פי אס איי תעש,NL,משקה שיבולת שועל וניל אוטלי 1 ליטר,ליטרים,1.00,ליטר,false,1,16.90,16.9000,true,1,71662
7441000720605,false,לבבות דקל בצנצנת 410,אינקופלמיטו אס. אי,EC,לה קימה שימורי לבבות דקל שלמים 410 גרם,גרמים,410.00,100 גרם,false,1,19.90,0.0485,true,1,29085
7465603183797,false,סיגר פרינסיפס נטורל,,DO,סיגר פרינסיפס נטורל 5 יחידות,יחידה,5.00,יחידה,false,5,44.90,8.9800,false,1,71001
7500162900000,false,בירה סול בודד בקבוק,פארייפאבה אגרואינדוס,NL,"סול ח""פ 330 בקבוק בודד",מיליליטרים,330.00,"100 מ""ל",false,1,9.90,0.0300,true,1,59964
7501013101348,false,גומקס מנגו בקבוק 473,חומקס קומר קומרסאליז,MX,"גומקס מנגו בקבוק 473 מ""ל",מיליליטרים,473.00,"100 מ""ל",false,1,9.50,0.0201,true,1,56721
7501013101355,false,גומקס אפרסק בקבוק 47,פארייפאבה אגרואינדוס,MX,"ג'ומקס אפרסק בקבוק 473 מ""ל תריסר",מיליליטרים,473.00,"100 מ""ל",false,1,9.50,0.0201,true,1,56720
7501013101362,false,גומקס קוקוס אננס בקב,פארייפאבה אגרואינדוס,MX,"ג'ומקס קוקוס אננס בקבוק 473 מ""ל תריסר",מיליליטרים,473.00,"100 מ""ל",false,1,9.50,0.0201,true,1,56722
7501013101393,false,גומקס אננס בקבוק 473,פארייפאבה אגרואינדוס,MX,"ג'ומקס אננס  בקבוק 473 מ""ל תריסר",מיליליטרים,473.00,"100 מ""ל",false,1,9.50,0.0201,true,1,56719
7501013101447,false,גומקס יוניקו פרסקו ר,חומקס קומר קומרסאליז,MX,גומקס יוניקו פרסקו רימונים בק 473,מיליליטרים,473.00,"100 מ""ל",false,1,9.50,0.0201,true,1,56724
7501013122039,false,גומקס מיץ מנגו קרטונ,חומקס קומר קומרסאליז,MX,ג'ומקס מנגו קרטונית  ליטר תריסר,ליטרים,1.00,ליטר,false,1,12.90,12.9000,true,1,56716
7501013122053,false,גומקס מיץ אפרסק קרטו,חומקס קומר קומרסאליז,MX,ג'ומקס אפרסק קרטונית  ליטר תריסר,ליטרים,1.00,ליטר,false,1,12.90,12.9000,true,1,56715
7501013122114,false,גומקס מיץ אננס קרטונ,חומקס קומר קומרסאליז,MX,ג'ומקס אננס קרטונית  ליטר תריסר,ליטרים,1.00,ליטר,false,1,12.90,12.9000,true,1,56714
7501013122190,false,גומקס מיץ תפוחים קרט,חומקס קומר קומרסאליז,MX,ג'ומקס  תפוחים קרטונית ליטר  תריסר,ליטרים,1.00,ליטר,false,1,12.90,12.9000,true,1,56718
7501013122992,false,גומקס מיץ קוקוס אננס,חומקס קומר קומרסאליז,MX,ג'ומקס קוקוס אננס קרטונית  ליטר תריסר,ליטרים,1.00,ליטר,false,1,12.90,12.9000,true,1,56717
7501049936945,false,שישיית בירה סול 330,פארייפאבה אגרואינדוס,NL,"בירה סול שישייה (6X330 מ""ל)",ליטרים,1.98,ליטר,false,1,39.90,20.1515,true,1,59963
7501064191398,false,שישיית בירה קורונה ב,קריניציה ויטמינה אס,MX,בשישיית בירה קורונה אקסטרה 2.13 ל',ליטרים,2.13,ליטר,false,6,44.90,21.0798,true,1,53346
7501064196690,false,פחית בירה קורונה 355,סרבסריה מידלו,MX,"פחית בירה קורונה 355 מ""ל",מיליליטרים,355.00,"100 מ""ל",false,1,12.90,0.0363,true,1,59014
7503012779306,false,סירופ אגבה כחולה – נ,נוטריגבאס דה מקסיקו,MX,נטור פוד סירופ אגבה כחולה אורגני 330 גרם,גרמים,330.00,100 גרם,false,1,22.90,0.0694,true,1,13428
7509546061160,false,משחת שיניים לילדים מ,CP UK,MX,"משחת שיניים לילדים מיניונים 75 מ""ל",מיליליטרים,75.00,"100 מ""ל",false,1,16.90,0.2253,true,1,69334
7509546663135,false,קולגייט זירו משחת שי,CP UK,MX,"קולגייט זירו משחת שיניים מנטה 98 מ""ל",מיליליטרים,98.00,"100 מ""ל",false,1,35.90,0.3663,true,1,68003
7509546663265,false,קולגייט זירו משחת שי,CP UK,MX,"קולגייט זירו משחת שיניים נענע 98 מ""ל",מיליליטרים,98.00,"100 מ""ל",false,1,35.90,0.3663,true,1,68002
7610046000808,false,וופל קאגי מצופה שוק,קאגי,CH,וופל קאגי מצופה שוק חלב 50 גרם,גרמים,50.00,100 גרם,false,1,5.90,0.1180,true,1,67694
7610100034084,false,מיונז טומי 265 גרם,נסטלה שוויץ ס.א,,טומי מיונז אמיתי מביצי חופש 265 גרם,גרמים,265.00,100 גרם,false,1,16.90,0.0638,true,1,29292
7610113000175,false,בקרדי מוחיטו 700מל,בקרדי מרטיני,DE,בקרדי מוחיטו 700מל,מיליליטרים,700.00,"100 מ""ל",false,1,79.90,0.1141,true,1,53000
7610113011652,false,בקרדי בריזר תפוח 275,בקרדי בעמ,BE,"בריזר - משקה כוהלי מוגז בטעם תפוח 275 מ""ל",מיליליטרים,275.00,"100 מ""ל",false,1,16.90,0.0615,true,1,60514
7610113013250,false,פחית בקרדי מוחיטו 25,בקרדי מרטיני,BE,פחית בקרדי מוחיטו 250 מל,מיליליטרים,250.00,"100 מ""ל",false,1,16.90,0.0676,true,1,68854
7610113015797,false,בריזר סלצזר פטל ליים,"איי, בי, אינבוו",BE,בריזר סלצזר פטל ליים 250 מל פחית,מיליליטרים,250.00,"100 מ""ל",false,1,15.90,0.0636,true,1,69657
7610243004463,false,מסיר אבן דורגול,פרח,,"מסיר אבן דורגול מרסס 500 מ""ל",מיליליטרים,500.00,"100 מ""ל",false,1,25.90,0.0518,true,1,7122
7610400014649,false,שוקולד לינדור חלב 10,לינדט ושפרונגלי,,שוקולד לינדור חלב 100 גרם,גרמים,100.00,100 גרם,false,1,16.90,0.1690,true,1,2147
7610400030632,false,לינדור וואיט,לינדט ושפרונגלי איי,,לינדור וואיט,גרמים,200.00,100 גרם,false,1,35.50,0.1775,true,1,17656
7610400068505,false,בונבוניירה לינדור מי,לינדט ושפרונגלי,,בונבוניירה לינדור מילק 200 גרם,גרמים,200.00,100 גרם,false,1,35.50,0.1775,true,1,8577
7610400068529,false,בונבוניירה לינדור קו,לינדט ושפרונגלי,,בונבוניירה לינדור קורנה 200 גרם,גרמים,200.00,100 גרם,false,1,35.50,0.1775,true,1,6494
7610400074155,false,שוקולד לינדור מריר 6,"לינדט ושפרונגלי, CH-",,שוקולד לינדור מריר 60%  100 גרם,גרמים,100.00,100 גרם,false,1,16.90,0.1690,true,1,8294
7610400075770,false,לינדט לגרנד דארק הזל,לינדט ושפרונגלי,CH,לינדט לגרנד דארק הזלנט 150 גרם,גרמים,150.00,100 גרם,false,1,24.90,0.1660,true,1,40671
7610400075787,false,לינדט לגרנד מילק הזל,"לינדט ושפרונגלי, קיל",CH,לינדט לה גרנד - שוקולד חלב עם אגוזי לוז 150 גר',גרמים,150.00,100 גרם,false,1,24.90,0.1660,true,1,52503
7610400091060,false,שוקולד לינדט אקסלנס,לינדט ושפרונגלי,,שוקולד לינדט אקסלנס תפוז 100 גרם,גרמים,100.00,100 גרם,false,1,16.90,0.1690,true,1,60056
7610700012642,false,ריקולה שקית בטעם לימ,ריקולה,CH,ריקולה שקית בטעם לימון 70גרם,גרמים,70.00,100 גרם,false,1,15.90,0.2271,true,1,70546
7613030979647,false,דגני בוקר טריקס 480,ג'נרל מילס סאן אדריא,IL,טריקס 12*480גרם 2018,גרמים,480.00,100 גרם,false,1,27.90,0.0581,true,1,32548
7613032045753,false,דגני פיטנס שוקולד 37,הנסיך- מפעל לייצור ט,FR,פיטנס שוקולד 16*375גרם 2017,גרמים,375.00,100 גרם,false,1,22.90,0.0611,true,1,7246
7613033548192,false,דגני בוקר פיטנס שוקו,הנסיך- מפעל לייצור ט,FR,פיטנס שוקולד מריר 16*375גרם 2017,גרמים,375.00,100 גרם,false,1,22.90,0.0611,true,1,11974
7613034146656,false,ONE מיני אקטיב בקר 1,פורינה,US,ONE מיני אקטיב בקר 1.5קג,קילוגרמים,1.50,"ק""ג",false,1,54.90,36.6000,true,1,57560
7613035378643,false,דנטלייף גזע גדול142ג,פורינה,US,דנטלייף גזע גדול142גרם,גרמים,142.00,100 גרם,false,1,15.90,0.1120,true,1,69501
7613035614482,false,ONE חתול גור800גרם,פורינה,US,ONE חתול גור800גרם,גרמים,800.00,100 גרם,false,1,37.90,0.0474,true,1,57549
7613035622623,false,פיטנס גרנולה שקדים ו,שוורצקוף& הנקל דיסלד,LT,פיטנס גרנולה שקדים ודבש 300 גרם,גרמים,300.00,100 גרם,false,1,15.90,0.0530,true,1,26105
7613035635845,false,גרנולה פיטנס שוקולד,שוורצקוף& הנקל דיסלד,LT,גרנולה פיטנס שוקולד 300 גרם,גרמים,300.00,100 גרם,false,1,15.90,0.0530,true,1,26106
7613035758834,false,גרנולה פיטנס חמוציות,TASTY FOODS,LT,פיטנס גרנולה חמוציות 14*300גרם,גרמים,300.00,100 גרם,false,1,15.90,0.0530,true,1,27689
7613036105576,false,דוגלי בוגר עוף 3 קג,פורינה,HU,דוגלי בוגר עוף 3 קג,קילוגרמים,3.00,"ק""ג",false,1,59.90,19.9667,true,1,30887
7613036105606,false,דוגלי בוגר בקר 3 קג,פורינה,HU,דוגלי בוגר בקר 3 קג,קילוגרמים,3.00,"ק""ג",false,1,59.90,19.9667,true,1,31114
7613036280327,false,פחית פרייה גוס א דוב,נסטלה ווטרס ספלאי,FR,פרייבה אנד ג'וס אפרסק דובדבן פחית,מיליליטרים,250.00,"100 מ""ל",false,1,9.00,0.0360,true,1,67547
7613036286008,false,פחית פרייה גוס א מנג,נסטלה ווטרס ספלאי,FR,"משקה אננס מנגו מוגז - פחית 250 מ""ל",מיליליטרים,250.00,"100 מ""ל",false,1,9.00,0.0360,true,1,67546
7613036880534,false,גרבר מחית מרק ירקות,נסטלה פולסקה אס.איי,PL,גרבר מחית מרק ירקות מעורבים 12*190גרם,גרמים,190.00,100 גרם,false,1,7.90,0.0416,true,1,59035
7613037012200,false,גרבר מחית תפוח מנגו,כלורוקס אוקלנד,ES,גרבר מחית תפוח מנגו גזר פאוץ 16*90גרם,גרמים,90.00,100 גרם,false,1,6.90,0.0767,true,1,67585
7613037276091,false,נסטלה מיקס מיני אריז,SPI SAS,FR,נסטלה מיקס מיני אריזות דגני בוקר *200גרם,גרמים,200.00,100 גרם,false,1,20.90,0.1045,true,1,54165
7613037686906,false,פיטנס שקדים ודבש 14*,הנסיך- מפעל לייצור ט,FR,פיטנס שקדים ודבש 14*355גרם,גרמים,355.00,100 גרם,false,1,22.90,0.0645,true,1,59279
7613037811629,false,גו פרי קורנפלקס 500ג,שוורצקוף& הנקל דיסלד,IL,גו פרי קורנפלקס 7*500גרם,גרמים,500.00,100 גרם,false,1,15.90,0.0318,true,1,67134
7613038268262,false,דגני האני נאט ציריוס,סי. פי. צרפת,FR,דגני האני נאט ציריוס מופחת סוכר 410ג N9L,גרמים,410.00,100 גרם,false,1,21.90,0.0534,true,1,58965
7613039770450,false,בורגר טבעול סנסשיונל,ג'נרל מילס סאן אדריא,IL,בורגר טבעול סנסשיונל   226גרם,גרמים,226.00,100 גרם,false,1,36.90,0.1633,true,1,67319
7613039771174,false,טבעול סנשיונל טחון צ,ג'נרל מילס סאן אדריא,IL,טבעול סנשיונל טחון צמחוני 400גרם,גרמים,400.00,100 גרם,false,1,36.90,0.0922,true,1,67320
7613287155832,false,גרבר מחית תפוחי עץ 1,אסם,IL,גרבר מחית תפוח פאוץ 90 גרם,גרמים,90.00,100 גרם,false,1,6.90,0.0767,true,1,69062
7613287181411,false,ויטמינציק סלט פירות,אסם,IL,"ויטמינציק סלט פירות, 110 גרם",גרמים,110.00,100 גרם,false,1,6.90,0.0627,true,1,69060
7613287182425,false,ויטמינציק תפוח בננה,אסם,IL,"ויטמינציק תפוח בננה ותות, 110 גרם",גרמים,110.00,100 גרם,false,1,6.90,0.0627,true,1,69058
7613287182456,false,ויטמינציק אגס תפוח ו,אסם,IL,"ויטמינציק אגס תפוח ובננה, 110 גרם",גרמים,110.00,100 גרם,false,1,6.90,0.0627,true,1,69059
7613287325822,false,רוטב מיקס לחיץ 295 ג,אסם,PL,רוטב מיקס לחיץ 295 גרם,גרמים,295.00,100 גרם,false,1,16.90,0.0573,true,1,69516
7613287325853,false,רוטב ספייסי איולי לח,נסטלה פולין,PL,רוטב ספייסי איולי לחיץ 295 גרם,גרמים,295.00,100 גרם,false,1,16.90,0.0573,true,1,69515
7613287325983,false,רוטב סלסה אסם לחיץ 2,דפטונה פולין,PL,רוטב סלסה אסם לחיץ 295 גרם,גרמים,295.00,100 גרם,false,1,16.90,0.0573,true,1,69517
7613287476678,false,סינימיניס צורוס  360,נסטלה אוונקה,PT,סינימיניס צורוס  360גרם,גרמים,360.00,100 גרם,false,1,27.90,0.0775,true,1,68976
7613287654151,false,קראנץ כריות שוקו בננ,סי.פי צרפת,FR,קראנץ כריות שוקו בננה  385גרם,גרמים,385.00,100 גרם,false,1,27.90,0.0725,true,1,68937
7613287821348,false,נתחוני עוף טבעוני סנ,טבעול,CZ,נתחוני עוף טבעוני סנסשיונל 350גרם,גרמים,350.00,100 גרם,false,1,36.90,0.1054,true,1,69255
7616500553460,false,פריי שוקולד מריר תפו,פריי,CH,פריי שוקולד מריר תפוז 100 גרם,גרמים,100.00,100 גרם,false,1,11.90,0.1190,true,1,43439
7616500553484,false,פריי שוקולד מריר 78%,פריי,CH,פריי שוקולד מריר 78% 100 גרם,גרמים,100.00,100 גרם,false,1,11.90,0.1190,true,1,6770
7616500647268,false,פריי מריר אגוזים 180,פריי,CH,פריי שוקולד מריר אגוז 180 גרם,גרמים,180.00,100 גרם,false,1,19.90,0.1106,true,1,28738
7616500666092,false,פריי חלב פיסטוק 200,פריי,CH,פריי חלב פיסטוק 200 גרם,גרמים,200.00,100 גרם,false,1,19.90,0.0995,true,1,70806
7622010001858,false,עוגיות אוראו ממולאות,פי אר ג'יי אס אי מנד,UA,עוגיות אוראו ממולאות קרם וניל 176 גר',גרמים,176.00,100 גרם,false,1,10.90,0.0619,true,1,25923
7622201120931,false,מילקה אוראו לבן 100ג,מונדלז אוקראינה,UA,מילקה אוראו לבן 100גרם,גרמים,100.00,100 גרם,false,1,7.90,0.0790,true,1,70311
7622201401900,false,עוגיות מילקה סנסיישן,גוד פוד פרודקטס S.p,PL,עוגיות מילקה סנסיישן אוראו 156 גרם,גרמים,156.00,100 גרם,false,1,12.90,0.0827,true,1,67449
7622201502515,false,מילקה קוקי לופ 132 ג,מונדלייז,,מילקה קוקי לופ 132 גרם,גרמים,132.00,100 גרם,false,1,12.90,0.0977,true,1,69658
7622201801809,false,שוקולד חלב אגוזים מי,מונדלייז,DE,שוקולד חלב אגוזים מילקה 100 גרם,גרמים,100.00,100 גרם,false,1,7.90,0.0790,true,1,68880
7622201802394,false,שוקולד חלב מילקה 100,מונדלייז,DE,שוקולד חלב מילקה 100 גרם,גרמים,100.00,100 גרם,false,1,7.90,0.0790,true,1,68878
7622201808631,false,אוראו מיני כוסות בטע,"איטיליאן פוד, אס.פי.",ID,אוראו מיני כוסות בטעם וניל 67 גרם,גרמים,67.00,100 גרם,false,1,7.90,0.1179,true,1,68882
7622201809188,false,מילקה ביסקויט 150 גר,מונדלז פרנס ביסקוויט,FR,מילקה ביסקויט 150 גרם,גרמים,150.00,100 גרם,false,1,12.90,0.0860,true,1,68213
7622201813390,false,מילקה וואפל במילוי ק,מונדליז סי.אר. ביסקו,,מילקה וואפל במילוי קרם קקאו 150 גרם,גרמים,150.00,100 גרם,false,1,12.90,0.0860,true,1,68212
7622210078131,false,מילקה דיים 100 גרם ח,תאי פרזידנט פוד פאבל,DE,מילקה דיים 100 גרם,גרמים,100.00,100 גרם,false,1,7.90,0.0790,true,1,30521
7622210163899,false,מילקה שוקולד חלב עם,מונדלייז,DE,מילקה שוקולד חלב עם עדשים 100 גר',גרמים,100.00,100 גרם,false,1,7.90,0.0790,true,1,51536
7622210453327,false,עוגיות מילקה סנסיישן,מנדלז פולסקה פרודקשן,PL,עוגיות מילקה סנסיישן 156 גרם,גרמים,156.00,100 גרם,false,1,18.90,0.1212,true,1,70736
7622210597915,false,מילקה לבבות פרלינים,"איטיליאן פוד, אס.פי.",BG,מילקה לבבות פרלינים 110 גרם,גרמים,110.00,100 גרם,false,1,12.90,0.1173,true,1,60667
7622210637994,false,אוראו ביס קראנצי אור,"איטיליאן פוד, אס.פי.",ES,אוראו קראנצי בייטס 110 גרם,גרמים,110.00,100 גרם,false,1,9.90,0.0900,true,1,67957
7622210638021,false,אוראו ביס קראנצי בצי,"איטיליאן פוד, אס.פי.",ES,אוראו קראנצ'י בייטס מצופים 110 גרם,גרמים,110.00,100 גרם,false,1,9.90,0.0900,true,1,67958
7622210645999,false,טבלאות שוקולד מילקה,מונדלייז,DE,"מילקה דרק שקדים כשל""פ 85 גרם",גרמים,85.00,100 גרם,false,1,9.90,0.1165,true,1,59820
7622210646033,false,טבלאות שוקולד מילקה,מונדלייז,DE,"מילקה דרק כשל""פ 85 גרם",גרמים,85.00,100 גרם,false,1,9.90,0.1165,true,1,59819
7622210826053,false,ט שוקולד מילקה אוראו,גיאורי קאקסז קייאףטי,HU,שוקולד מילקה אוראו סנדביץ 92 גרם,גרמים,92.00,100 גרם,false,1,7.90,0.0859,true,1,67693
7622210835338,false,עוגיות אוראו בראוניז,"איטיליאן פוד, אס.פי.",ES,עוגיות אוראו בראוניז 176 גרם,גרמים,176.00,100 גרם,false,1,10.90,0.0619,true,1,47134
7622300315283,false,"אוראו וניל בד""צ 154","מונדלז CR פרודקשיין,",UA,"אוראו וניל בד""צ 154 גרם",גרמים,154.00,100 גרם,false,1,8.90,0.0578,true,1,68881
7622300340285,false,פילדלפיה 22% שומן 17,דולפין ספא,DE,גבינת שמנת 21% שומן,גרמים,175.00,100 גרם,false,1,16.90,0.0966,true,1,42828
7622300340292,false,פילדלפיה מופחת שומן,דולפין ספא,DE,גבינת שמנת מופחתת שומן 11% שומן,גרמים,175.00,100 גרם,false,1,16.90,0.0966,true,1,42829
7622300489427,false,עוגיות אוראו פאדג שו,"איטיליאן פוד, אס.פי.",ES,עוגיות אוראו בציפוי בטעם שוקולד לבן 246 גר',גרמים,246.00,100 גרם,false,1,23.90,0.0972,true,1,24466
7622300489434,false,עוגיות אוראו פאדג שו,"איטיליאן פוד, אס.פי.",ES,עוגיות אוראו פאדג שוקולד חלב 246 גרם,גרמים,246.00,100 גרם,false,1,23.90,0.0972,true,1,27784
7622300503079,false,ביסקוויט מצופה שוקול,"איטיליאן פוד, אס.פי.",PL,מילקה מו עוגיות ביסקוויט בציפוי שוקולד 200 גר',גרמים,200.00,100 גרם,false,1,12.90,0.0645,true,1,11704
7622300617820,false,שוקולד חלב אוראו מיל,מונדלייז,DE,שוקולד חלב אוראו מילקה 100 גרם,גרמים,100.00,100 גרם,false,1,7.90,0.0790,true,1,14731
7622300756383,false,ממרח גבינה פילדלפיה,מונדלייז,DE,ממרח גבינה פילדלפיה עם ממרח שוקולד מילקה,גרמים,175.00,100 גרם,false,1,16.90,0.0966,true,1,68235
7622300756413,false,פילדלפיה 20% שומן עם,דולפין ספא,DE,פילדלפיה גבינת שמנת עם עשבי תיבול 20% שומן 175 גרם,גרמים,175.00,100 גרם,false,1,16.90,0.0966,true,1,42830
7622400005190,false,שוקולד חלב חום לבן מ,מונדלייז,DE,שוקולד חלב חום לבן מילקה 100 גרם,גרמים,100.00,100 גרם,false,1,7.90,0.0790,true,1,8768
7630477891592,false,סטארבקס קפסולות האוס,נסטלה נספרסו,CH,סטארבקס קפסולות האוס בלנד 57 גרם,גרמים,57.00,100 גרם,false,1,22.90,0.4018,true,1,68900
7630477891639,false,סטארבקס קפסולות ורונ,נסטלה נספרסו,CH,סטארבקס קפסולות ורונה 55 גרם,גרמים,55.00,100 גרם,false,1,22.90,0.4164,true,1,68902
7630477891714,false,סטארבקס קפסולות אספר,נסטלה נספרסו,CH,סטארבקס קפסולות אספרסו 57 גרם,גרמים,57.00,100 גרם,false,1,22.90,0.4018,true,1,68901
7630477891738,false,סטארבקס קפסולות אספר,נסטלה נספרסו,CH,סטארבקס קפסולות אספרסו בלונד 53 גרם,גרמים,53.00,100 גרם,false,1,22.90,0.4321,true,1,68899
7640103867013,false,שערות סבתא בטעם תות,אסאבא פוד,ID,שערות סבתא בטעם תות 15 גרם,גרמים,15.00,100 גרם,false,1,5.90,0.3933,true,1,70545
7640175743451,false,פחית גין בומביי   טו,בקרדי מרטיני,BE,פחית גין בומביי   טוניק 250 מל,מיליליטרים,250.00,"100 מ""ל",false,1,16.90,0.0676,true,1,68855
7702018458110,false,מכשיר גילט פיוזן ידי,מולינו ניקולי s.p.a,PL,ג'ילט מכשיר פיוזן ידני,יחידה,1.00,יחידה,false,1,49.90,49.9000,true,1,58197
7702018462032,false,גילט מאך 3 רביעיות ס,פרוקטור אנד גמבל,DE,גילט מאך 3 רביעיות סטארט,יחידה,1.00,יחידה,false,1,29.90,29.9000,true,1,58195
7702018471423,false,גילט פיוזן רביעיות ס,פרןקטר אנד גמבל ברלי,PL,גילט פיוזן רביעיות סטארט,יחידה,1.00,יחידה,false,1,44.90,44.9000,true,1,58196
7702018978106,false,Gillette Clear Gel A,פרוקטר אנד גמבל,PL,Gillette Clear Gel AP Deo Stick Arctic I,ליטרים,70.00,ליטר,false,1,17.90,0.2557,true,1,8122
7702018978120,false,Gillette Clear Gel A,פרוקטר אנד גמבל,PL,Gillette Clear Gel AP Deo Stick Cool Wav,מיליליטרים,70.00,"100 מ""ל",false,1,17.90,0.2557,true,1,8123
7702018980925,false,קצף גילוח גילט לעור,קימברלי,GB,"קצף גילוח גילט לעור רגיל 200 מ""ל",מיליליטרים,200.00,"100 מ""ל",false,1,9.90,0.0495,true,1,71573
7702018980932,false,קצף גילוח גילט לעור,קימברלי,GB,"קצף גילוח גילט לעור רגיש 200 מ""ל",מיליליטרים,200.00,"100 מ""ל",false,1,9.90,0.0495,true,1,71574
7792860006218,false,סוכריות לקקן בייבי ד,לריטייר,AR,"סוכריות בייבי דול, 24 גרם",גרמים,20.00,100 גרם,false,1,2.90,0.1450,true,1,2159
7798141877829,false,גאטו נגרו פינו גריגי,,AR,גאטו נגרו פינו גריגיו 750 מל,מיליליטרים,750.00,"100 מ""ל",false,1,39.90,0.0532,true,1,69548
7798141877836,false,גאטו נגרו סוביניון ב,,AR,גאטו נגרו סוביניון בלאן  750 מל,מיליליטרים,750.00,"100 מ""ל",false,1,39.90,0.0532,true,1,69549
7798304600042,false,אוכמניות ארוז,מרינה,IL,אוכמניות ארוז,גרמים,125.00,100 גרם,false,1,19.90,0.1592,true,1,67379
7804414000860,false,יין דון חוליו קברנה,,,דון חוליו יין 13.5% אדום יבש קברנה סובניון 2016,מיליליטרים,750.00,"100 מ""ל",false,1,32.90,0.0439,true,1,2160
7804414000877,false,יין דון חוליו מרלו 7,,,דון חוליו יין אדום יבש מרלו 2019,מיליליטרים,750.00,"100 מ""ל",false,1,32.90,0.0439,true,1,2161
7804414000884,false,יין דון חוליו שרדונה,יקב,,דון חוליו יין 12% לבן יבש שרדונה 2017,מיליליטרים,750.00,"100 מ""ל",false,1,32.90,0.0439,true,1,2162
7804414001614,false,יין דון חוליו שיראז,,,דון חוליו יין 13% אדום חצי יבש שיראז 2017,מיליליטרים,750.00,"100 מ""ל",false,1,32.90,0.0439,true,1,5361
7804414001621,false,יין קאזה די לואיגי ש,יקב,,"יין קאזה די לואיגי שיראז 750 מ""ל",מיליליטרים,750.00,"100 מ""ל",false,1,39.50,0.0527,true,1,5362
7804414012344,false,יין דון חוליו סובניו,,,דון חוליו סוביניון בלאן 750 מל,מיליליטרים,750.00,"100 מ""ל",false,1,32.90,0.0439,true,1,30350
7804414012368,false,יין דון חוליו רוזה 7,יקב סאנטרו,,"יין דון חוליו רוזה 750 מ""ל",מיליליטרים,750.00,"100 מ""ל",false,1,32.90,0.0439,true,1,32475
7804414017127,false,יין מונטסאו שרדונה 7,מונטסאו,צ'ילה (TDE),יין מונטסאו שרדונה 750 מל,מיליליטרים,750.00,"100 מ""ל",false,1,39.90,0.0532,true,1,67550
7890557432347,false,41/42 כפכפי הווייאנ,אלפרגאטאס,,41/42 כפכפי הווייאנס ברזיל לוגו נייבי,יחידה,1.00,יחידה,false,1,69.90,69.9000,true,1,29974
7890557502484,false,כפכפי הווייאנס סלים,אלפרגאטאס,,כפכפי הוויאנס סלים זהב חלק 37-8,יחידה,1.00,יחידה,false,1,49.90,49.9000,true,1,29949
7890557502491,false,כפכפי הווייאנס סלים,אלפרגאטאס,,כפכפי הוויאנס סלים זהב חלק 39-4,יחידה,1.00,יחידה,false,1,49.90,49.9000,true,1,29950
7890732316486,false,כפכפי הווייאנס סלים,אלפרגאטאס,,כפכפי הוויאנס סלים שחור חלק 37-8,יחידה,1.00,יחידה,false,1,49.90,49.9000,true,1,29939
7890732316493,false,כפכפי הווייאנס סלים,אלפרגאטאס,,כפכפי הוויאנס סלים שחור חלק 39-4,יחידה,1.00,יחידה,false,1,49.90,49.9000,true,1,29940
7891024179482,false,שטיפת פה אופטיק וייט,קולגייט- פלמוליב,PL,קולגייט מי פה אופטיק וייט 500 מל,מיליליטרים,500.00,"100 מ""ל",false,1,36.50,0.0730,true,1,14908
7891224766390,false,הווייאנס טופ מיקס ש,,,כפכפי הווייאנס ברזיל מיקס 41/42,יחידה,1.00,יחידה,false,1,69.90,69.9000,true,1,32215
7891224766406,false,הווייאנס טופ מיקס ש,,,כפכפי הווייאנס ברזיל מיקס 43/44,יחידה,1.00,יחידה,false,1,69.90,69.9000,true,1,32216
7891224864614,false,41/42 כפכפי הווייאנ,,,41/42 כפכפי הווייאנס ברזיל לוגו רויאל,יחידה,1.00,יחידה,false,1,69.90,69.9000,true,1,32211
7891224864621,false,43/44 כפכפי הווייאנ,,,43/44 כפכפי הווייאנס ברזיל לוגו רויאל,יחידה,1.00,יחידה,false,1,69.90,69.9000,true,1,32212
7893249567075,false,כפכפי הווייאנס סלים,אלפרגאטאס,,כפכפי הוויאנס סלים חלק בלט 35-6,יחידה,1.00,יחידה,false,1,49.90,49.9000,true,1,32626
7893249567082,false,כפכפי הווייאנס סלים,אלפרגאטאס,,כפכפי הוויאנס סלים חלק בלט 37-8,יחידה,1.00,יחידה,false,1,49.90,49.9000,true,1,32627
7893249567099,false,כפכפי הווייאנס סלים,אלפרגאטאס,,כפכפי הוויאנס סלים חלק בלט 39,יחידה,1.00,יחידה,false,1,49.90,49.9000,true,1,32628
7895265369831,false,43/44 כפכפי הווייאנ,אלפרגאטאס,,כפכפי הוויאנס ברזיל לוגו 43-4,יחידה,1.00,יחידה,false,1,69.90,69.9000,true,1,29979
8000040001106,false,"קמפרי 700 מ""ל",קמפרי,,"קמפרי 700 מ""ל",מיליליטרים,700.00,"100 מ""ל",false,1,99.90,0.1427,true,1,19887
8000070010680,false,קפסולות אספרסו ויגור,לוואצה,IT,קפסולות אספרסו ויגורוסו 55 גרם,גרמים,55.00,100 גרם,false,1,18.90,0.3436,true,1,71004
8000070035805,false,לווצה רוסה אדום 250,קפה לוואצה,IT,קפה לווצה רוסה אדום 250 גרם,גרמים,250.00,100 גרם,false,1,32.90,0.1316,true,1,52981
8000070081000,false,קפסולות קפה הרמוניקו,לוואצה,IT,קפסולות קפה הרמוניקו 50 גרם,גרמים,50.00,100 גרם,false,1,18.90,0.3780,true,1,71005
8000070081017,false,קפסולות דיצו  50 גרם,לוואצה,IT,קפסולות דיצו  50 גרם,גרמים,50.00,100 גרם,false,1,18.90,0.3780,true,1,71006
8000113003402,false,קמח תירס בוואקום 1 ק,"כד בני דרום בע""מ",IT,קמח תירס בוואקום 1 קג,קילוגרמים,1.00,"ק""ג",false,1,15.90,15.9000,true,1,6359
8000215202406,false,מעדן אורז אורגני ויט,בטר אנד דיפרנט,IT,מעדן אורז אורגני ויטריז שוקו 400 גרם,גרמים,400.00,100 גרם,false,1,16.90,0.0422,true,1,51010
8000215202413,false,מעדן אורז אורגני ויט,אלינור,IT,מעדן אורז אורגני ויטריז וניל 400 גרם,גרמים,400.00,100 גרם,false,1,16.90,0.0422,true,1,51009
8000215204219,false,משקה אורז אורגני ויט,אלינור,IT,משקה אורז אורגני 1 ליטר,ליטרים,1.00,ליטר,false,1,14.90,14.9000,true,1,10285
8000215204240,false,משקה שקדים ואורז אור,אלינור,IT,משקה שקדים ואורז אורגני 1 ליטר,ליטרים,1.00,ליטר,false,1,14.90,14.9000,true,1,10286
8000215204264,false,משקה אורז אורגני ויט,אלינור,IT,ויטריז משקה אורז אישי 200 מל,מיליליטרים,200.00,"100 מ""ל",false,1,5.90,0.0295,true,1,27772
8000215204271,false,משקה אורז ושקדים ויט,"נטורפוד בע""מ",IT,"משקה אורז ושקדים ויטריז 200 מ""ל",מיליליטרים,200.00,"100 מ""ל",false,1,5.90,0.0295,true,1,20686
8000215204363,false,VITASIמשקה קוקוס אור,אלינור,IT,VITASIמשקה קוקוס אורגני 1 ליטר,ליטרים,1.00,ליטר,false,1,17.90,17.9000,true,1,68684
8000215204370,false,תחליף שמנת צמחי לביש,ויטריז,IT,תחליף שמנת צמחי לבישול אורגני ויטריז 200,מיליליטרים,200.00,"100 מ""ל",false,1,7.50,0.0375,true,1,28202
8000215204394,false,משקה אגוזי לוז ואורז,אלינור,US,משקה אגוזי לוז ואורז אורגני 1 ליטר,ליטרים,1.00,ליטר,false,1,16.90,16.9000,true,1,19327
8000215204554,true,משקה אורז קוקוס אורג,אלינור,IT,ויטאריז אורז עם קוקוס אורגני 1 ליטר,ליטרים,1.00,ליטר,false,1,14.90,14.9000,true,1,27559
8000215204561,false,משקה שקדים אורגני VI,אלינור,IT,ויטאסי משקה שקדים אורגני 1 ליטר,ליטרים,1.00,ליטר,false,1,17.90,17.9000,true,1,51017
8000215204653,false,ויטסי - משקה סויה או,אלינור,IT,ויטסי - משקה סויה אורגני 1 ליטר,ליטרים,1.00,ליטר,false,1,12.90,12.9000,true,1,57597
8000215204677,false,ויטריז משקה שיבולת ש,ויטריז,IT,ויטריז משקה שיבולת שועל בריסטה אורגני 1ל,ליטרים,1.00,ליטר,false,1,14.90,14.9000,true,1,70083
8000215204714,false,משקה שיבולת שועל אור,אלינור,IT,פרימאבנה משקה שיבולת שועל אורגני 1 ליטר,ליטרים,1.00,ליטר,false,1,14.90,14.9000,true,1,19328
8000300367836,false,שלגון קראנץ פופס,תאי פרזידנט פוד פאבל,IT,פופ קראנץ וניל 12*82גרם,גרמים,82.00,100 גרם,false,1,9.90,0.1207,true,1,29134
8000380003723,false,ופל גרנד פטיסרי אגוז,קריניציה ויטמינה אס,IT,ופל גרנד פטיסרי אגוזים 100 גרם,גרמים,100.00,100 גרם,false,1,13.90,0.1390,true,1,2170
8000380003761,false,ופל גרנד פטיסרי קוקו,קריניציה ויטמינה אס,IT,לואקר גרנד פטיסרי קוקוס 100 גרם,גרמים,100.00,100 גרם,false,1,13.90,0.1390,true,1,2171
8000380004669,false,ופל סנדויץ קקאו לואק,"א. לואקר, קונפקט ג'י",AT,ופל סנדויץ קקאו לואקר 200 גרם,גרמים,200.00,100 גרם,false,1,15.90,0.0795,true,1,8593
8000380004676,false,ופל סנדויץ קרם וניל,"א. לואקר, קונפקט ג'י",AT,ופל סנדויץ קרם וניל לואקר 200 גרם,גרמים,200.00,100 גרם,false,1,15.90,0.0795,true,1,2172
8000380004911,false,ופל קואדרטיני אגוז 2,א. לואקר,AT,קוארדטיני אגוז 250 גר',גרמים,250.00,100 גרם,false,1,14.90,0.0596,true,1,2173
8000380004966,false,ופל קואדרטיני קקאו 2,קריניציה ויטמינה אס,AT,קוארדטיני שוקולד 250 גר',גרמים,250.00,100 גרם,false,1,14.90,0.0596,true,1,2174
8000380007219,false,ופל אגוזים לואקר 175,א. לואקר,AT,לואקר קלאסיק אגוז 175 גרם,גרמים,175.00,100 גרם,false,1,12.90,0.0737,true,1,2175
8000380007257,false,ופל מצופה שוקולד גרד,א. לואקר,IT,לואקר גרנדה אגוז 200 גר',גרמים,200.00,100 גרם,false,1,14.90,0.0745,true,1,2176
8000380007264,false,ופל קקאו לואקר 175 ג,קריניציה ויטמינה אס,AT,לואקר קלאסיק קקאו 175 גרם,גרמים,175.00,100 גרם,false,1,12.90,0.0737,true,1,2725
8000380106028,false,טורטינה אורגינל שישי,קריניציה ויטמינה אס,IT,טורטינה 1/6 חדש,גרמים,125.00,100 גרם,false,1,18.50,0.1480,true,1,6675
8000380144044,false,ופל שוקולד גרדנה 200,לואקר,IT,וופל במילוי קרם שוקולד מצופה שוקולד חלב,גרמים,200.00,100 גרם,false,1,14.90,0.0745,true,1,6677
8000380153442,false,ופל אגוז לואקר 90 גר,לואקר,,ופל אגוז לואקר 90 גרם,גרמים,90.00,100 גרם,false,1,7.90,0.0878,true,1,15172
8000380153466,false,ופל שוקולד לואקר 90,קריניציה ויטמינה אס,IT,ופל שוקולד לואקר 90 גרם,גרמים,90.00,100 גרם,false,1,7.90,0.0878,true,1,15160
8000380180721,false,ופל לואקר קלאסיק שוק,א. לואקר,AT,לואקר קלאסיק שוקו-חלב 175 גרם,גרמים,175.00,100 גרם,false,1,12.90,0.0737,true,1,26079
8000380187119,false,עוגיות לואקר אגוזי ל,לואקר,AT,עוגיות לואקר אגוזי לוז,גרמים,100.00,100 גרם,false,1,15.90,0.1590,true,1,67323
8000380187249,false,עוגיות לואקר שקדים,לואקר,AT,עוגיות לואקר שקדים  100גרם,גרמים,100.00,100 גרם,false,1,15.90,0.1590,true,1,67324
8000380187300,false,עוגיות לואקר פתיתי ש,לואקר,AT,עוגיות לואקר פתיתי שלג 120גרם,גרמים,120.00,100 גרם,false,1,15.90,0.1325,true,1,67325
8000380192588,false,קואדרטיני דאבל שוקול,א. לואקר,AT,קוארדטיני אגוז 250 גר',גרמים,250.00,100 גרם,false,1,14.90,0.0596,true,1,53474
8000380201549,false,לואקר פטיסרי קוקוס 1,לואקר,IT,לואקר פטיסרי קוקוס 1/6 126גרם,גרמים,126.00,100 גרם,false,1,23.90,0.1897,true,1,69050
8000500009673,false,בונבוניירה רושר 300,פררו,IT,בונבוניירה רושר 300 גרם,גרמים,300.00,100 גרם,false,1,55.50,0.1850,true,1,5071
8000500023976,false,בונבוניירה רפאלו 150,פררו,PL,כדור וופל בציפוי קוקוס פריך במילוי קרם ושקד שלם,גרמים,150.00,100 גרם,false,1,24.90,0.1660,true,1,2177
8000500026731,false,ביצי הפתעה מצופה שוק,פררו,IT,ביצת הפתעה  קינדר שלישייה,גרמים,64.00,100 גרם,false,1,16.00,0.2500,true,1,2178
8000500037874,false,בונבוניירה רושר אריז,פררו,IT,בונבוניירה רושר אריזה דקורטיבית 200 גרם,גרמים,200.00,100 גרם,false,1,29.90,0.1495,true,1,2179
8000500071083,false,שוקולד קינדר אריזה ד,קדבורי,IT,אצבעות שוקולד קינדר 200 גר,גרמים,200.00,100 גרם,false,1,15.90,0.0795,true,1,2180
8000500075708,false,שלישיית קינדר גוי כח,פררו,ZA,שלישיית קינדר גוי כחול 60 גרםT3X32,גרמים,60.00,100 גרם,false,1,18.90,0.3150,true,1,18915
8000500094976,false,בונב.רושה קונוס 212,פררו,IT,בונב.רושה קונוס 212 גרם,גרמים,212.00,100 גרם,false,1,39.90,0.1882,true,1,69132
8000500126325,false,שלישיית קינדר גוי ור,פררו,ZA,קינדר ג'וי ורוד שלישייה,גרמים,60.00,100 גרם,false,1,18.90,0.3150,true,1,18916
8000500127728,false,קנדר מילק סלייס עוגת,קינדר,TR,קנדר מילק סלייס עוגת ספוג במילוי קרם65%,גרמים,112.00,100 גרם,false,1,13.90,0.1241,true,1,68772
8000500227848,true,נוטלה בי רדי שישיה 1,קדבורי,IT,נוטלה בי רדי שישיה 132 גרם,גרמים,132.00,100 גרם,false,1,14.90,0.1129,true,1,50762
8000500247150,true,פררו קולקשיין 172  ג,קדבורי,DE,פררו קולקשיין 172  גרי,גרמים,172.00,100 גרם,false,1,29.90,0.1738,true,1,69133
8000500249352,false,חטיפי בואנו מיני מיק,פררו,PL,קינדר בואנו מיני מיקס,גרמים,205.00,100 גרם,false,1,24.90,0.1215,true,1,50431
8000500267035,true,קינדר דליס יחידה בוד,פררו,ZA,קינדר דליס יחידה בודדת,לא מנהל יחידת מידה,0.00,לא מנהל יחידת מידה,false,1,3.90,0.0000,true,1,50913
8000500267103,true,קינדר דליס עשיריה,פררו,IT,קינדר דליס עוגת ספוג קקאו במילוי חלבי 390 גרם,גרמים,390.00,100 גרם,false,1,26.90,0.0690,true,1,50761
8000500269169,false,קינדר קארדס חמישיה 1,פררו,IT,קינדר קארדס חמישיה 128 גרם,גרמים,128.00,100 גרם,false,1,14.90,0.1164,true,1,71595
8000500374429,false,מעטפת שוקולד חלב אגו,פררו,IT,מעטפת שוקולד חלב אגוזי לוז 100 גר,גרמים,100.00,100 גרם,false,1,17.90,0.1790,true,1,69051
8000700000050,false,סבון מוצק לבן  דאב ר,יוניליוור גרמניה (מנ,DE,סבון מוצק לבן  דאב רביעייה,גרמים,400.00,100 גרם,false,1,14.90,0.0373,true,1,2181
8000920704967,false,גלידה שורטי צאנקי מא,מוצרי איכות אמריקאיי,,"גלידה שורטי צאנקי מאנקי 150 מ""ל",מיליליטרים,150.00,"100 מ""ל",false,1,9.90,0.0660,true,1,4934
8000920704998,false,גלידה שורטי בצק עוגי,מוצרי איכות אמריקאיי,IL,בצק עוגיות 150 מ'ל - שורטי,מיליליטרים,150.00,"100 מ""ל",false,1,9.90,0.0660,true,1,4936
8001090458353,true,פיירי אנטי בקטריאלי,פרוקטר אנד גמבל,DE,פיירי אנטי בקטריאלי 515 מל,מיליליטרים,515.00,"100 מ""ל",false,1,10.90,0.0212,true,1,56403
8001090510419,false,נוזל כלים פיירי הדרי,פרוקטר,GB,נוזל כלים פיירי הדרים כתום 450 מל,מיליליטרים,450.00,"100 מ""ל",false,1,8.90,0.0198,true,1,71714
8001090705600,false,טמפקס קומפאק רגולר 1,פרוקטל אנד גמבל,HU,טמפקס קומפאק רגולר 18 יח,יחידה,18.00,יחידה,false,1,25.90,1.4389,true,1,71755
8001090705662,false,טמפקס קומפאק סופר 18,פרוקטל אנד גמבל,HU,טמפקס קומפאק סופר 18 יח,יחידה,18.00,יחידה,false,1,25.90,1.4389,true,1,71756
8001090705723,false,טמפקס קומפאק סופר פל,פרוקטל אנד גמבל,HU,טמפקס קומפאק סופר פלוס 18 יח,יחידה,18.00,יחידה,false,1,25.90,1.4389,true,1,71757
8001090745903,false,אבקת כביסה טייד אלפי,פרוקטר אנד גמבל,,"אבקת כביסה טייד אלפיין 4 ק""ג",קילוגרמים,3.00,"ק""ג",false,1,36.90,12.3000,true,1,47934
8001090810083,false,פנטן קונדישנר נוסחה,פרוקטר אנד גמבל,,"פנטן קונדישנר נוסחה קלאסית 500 מ""ל",מיליליטרים,500.00,"100 מ""ל",false,1,19.90,0.0398,true,1,49054
8001090810120,false,פנטן קונדישנר מרוקאי,פרוקטר אנד גמבל,,"פנטן קונדישנר מרוקאי משקם 500 מ""ל",מיליליטרים,500.00,"100 מ""ל",false,1,19.90,0.0398,true,1,49060
8001090810205,false,פנטן שמפו נוסחה קלאס,פרוקטר אנד גמבל,,"פנטן שמפו נוסחה קלאסית 500 מ""ל",מיליליטרים,500.00,"100 מ""ל",false,1,19.90,0.0398,true,1,49053
8001090810281,false,פנטן שמפו שמן מרוקאי,פרוקטר אנד גמבל,,"פנטן שמפו שמן מרוקאי משקם 500 מ""ל",מיליליטרים,500.00,"100 מ""ל",false,1,19.90,0.0398,true,1,49059
8001090810403,false,פנטן שמפו למגע רך כמ,פרוקטר אנד גמבל,,"פנטן שמפו למגע רך כמשי 500 מ""ל",מיליליטרים,500.00,"100 מ""ל",false,1,19.90,0.0398,true,1,49051
8001090833167,false,אריאל גל כביסה ניחוח,פרוקטור אנד גמבל,FR,אריאל גל כביסה ניחוח הרים 2.365 ליטר,ליטרים,2.37,ליטר,false,1,39.90,16.8354,true,1,50858
8001090833198,false,אריאל גל כביסה ניחוח,פרוקטור אנד גמבל,FR,אריאל ג'ל כביסה ניחוח מרענן 2.365 ליטר,ליטרים,2.37,ליטר,false,1,39.90,16.8354,true,1,50859
8001090988362,false,פנטן שמפו לחות מוגבר,מנדלז סי.אר. פרודקשן,RO,"פנטן שמפו לחות מוגברת 500 מ""ל",מיליליטרים,500.00,"100 מ""ל",false,1,19.90,0.0398,true,1,49049
8001090988768,false,פנטן שמפו הזנת קרטין,פרוקטר אנד גמבל,,"פנטן שמפו הזנת קרטין 500 מ""ל",מיליליטרים,500.00,"100 מ""ל",false,1,19.90,0.0398,true,1,49061
8001090988843,false,פנטן קונדישנר לחות מ,פרוקטר אנד גמבל,,"פנטן קונדישנר לחות מוגברת 500 מ""ל",מיליליטרים,500.00,"100 מ""ל",false,1,19.90,0.0398,true,1,49050
8001090988881,false,פנטן קונדישנר למגע ר,פרוקטר אנד גמבל,,"פנטן קונדישנר למגע רך כמשי 500 מ""ל",מיליליטרים,500.00,"100 מ""ל",false,1,19.90,0.0398,true,1,49052
8001090988928,false,פנטן קונדישנר לשיקום,פרוקטר אנד גמבל,,"פנטן קונדישנר לשיקום שיער צבוע 500 מ""ל",מיליליטרים,500.00,"100 מ""ל",false,1,21.90,0.0438,true,1,49056
8001160001786,false,משקה גטורייד ספורט כ,פארייפאבה אגרואינדוס,IT,"משקה גטורייד ספורט כחול 500 מ""ל",מיליליטרים,500.00,"100 מ""ל",false,1,10.50,0.0210,true,1,14270
8001160001892,false,משקה גטורייד ספורט ת,פארייפאבה אגרואינדוס,IT,גטורייד ספורט תפוז אדום בקבוק 500 תריסר,מיליליטרים,500.00,"100 מ""ל",false,1,10.50,0.0210,true,1,14271
8001250110015,false,לזניה דה צקו 500 גרם,דה צקו,IT,לזניה דה צקו 500 גרם,גרמים,500.00,100 גרם,false,1,21.90,0.0438,true,1,68511
8001359108593,false,קרם רגליים פארמה ספא,פאר פארם בעמ,,"קרם רגליים פארמה ספא 100 מ""ל",מיליליטרים,0.00,"100 מ""ל",false,1,5.00,0.0000,true,1,24523
8001505000313,false,ממרח אגוזי לוז אורגנ,ריג'וני דה אסינו,IT,ממרח אגוזי לוז אורגני 270 גרם ניקולטה,גרמים,270.00,100 גרם,false,1,23.90,0.0885,true,1,18688
8001505001105,true,ממרח אגוזי לוז אורגנ,אף.סי תבליני בגליל ב,IT,ממרח אגוזי לוז אורגני לא חלבי 270 גרם ני,גרמים,270.00,100 גרם,false,1,23.90,0.0885,true,1,40832
8001620011935,false,מים סן בנדטו מוגז עד,אקווה מינרלה סאן בנד,IT,מים סן בנדטו מוגז עדין מארז שישייה,ליטרים,3.00,ליטר,false,1,15.90,5.3000,true,1,11669
8001620015629,false,סן בנדטו תפוז תפוז א,"איי, בי, אינבוו",IT,משקה פירות פרוטה בטעם תפוז ותפוז אדום,מיליליטרים,400.00,"100 מ""ל",false,1,8.50,0.0213,true,1,70185
8001620015636,false,סן בנדטו מיקס פירות,"איי, בי, אינבוו",IT,משקה פירות פרוטה בטעם מיקס פירות,מיליליטרים,400.00,"100 מ""ל",false,1,8.50,0.0213,true,1,68414
8001620018408,false,סן בנדטו מנגו תפוח 4,טמפו,IL,"סן בנדטו מנגו תפוח 400 מ""ל",מיליליטרים,400.00,"100 מ""ל",false,1,8.50,0.0213,true,1,70186
8001620019160,false,סן בנדטו אפרסק 400 מ,טמפו,IL,"סן בנדטו אפרסק 400 מ""ל",מיליליטרים,400.00,"100 מ""ל",false,1,8.50,0.0213,true,1,71288
8001620019177,false,סן בנדטו ענבים 400 מ,טמפו,IL,"סן בנדטו ענבים 400 מ""ל",מיליליטרים,400.00,"100 מ""ל",false,1,8.50,0.0213,true,1,71289
8001780499307,false,דובדבני אמרנה 230 גר,FABRRI,IT,דובדבני אמרנה 230 גרם FABBRI,גרמים,230.00,100 גרם,false,1,24.90,0.1083,true,1,58128
8001841137179,false,הד אנד שולדרס מרכך ק,קדבורי,RO,"הד אנד שולדרס מרכך קלאסי 275  מ""ל",מיליליטרים,275.00,"100 מ""ל",false,1,17.90,0.0651,true,1,59452
8001841237657,false,מגן תחתון אולוויז פר,פרוקטר & גמבל,DE,מגן תחתון אולוויז פרש נורמל 72 יח,יחידה,72.00,יחידה,false,1,19.90,0.2764,true,1,71223
8001841625188,false,פיירי פלטינום לימון,פרוקטר אנד גמבל,GB,"פיירי פלטינום לימון החדש 515 מ""ל",מיליליטרים,515.00,"100 מ""ל",false,1,10.90,0.0212,true,1,59885
8001841625461,false,פיירי פלטינום אורגינ,פרוקטר אנד גמבל,GB,"פיירי פלטינום אורגינל החדש 515 מ""ל",מיליליטרים,515.00,"100 מ""ל",false,1,10.90,0.0212,true,1,59886
8001841669465,false,אריאל קפסולות 24 יח,קדבורי,FR,אריאל קפסולות 24 יח בניחוח לנור,יחידה,1.00,יחידה,false,1,39.90,39.9000,true,1,68840
8001841715957,false,שולדרס גל רחצה ושמפו,פרוקטר & גמבל,FR,שולדרס גל רחצה ושמפו ניקוי אינטנסיבי 3,מיליליטרים,360.00,"100 מ""ל",false,1,21.90,0.0608,true,1,68982
8001841716312,false,שולדרס גל רחצה ושמפו,פרוקטר & גמבל,FR,"שולדרס גל רחצה ושמפו ספורט, 360 מ""ל",מיליליטרים,360.00,"100 מ""ל",false,1,21.90,0.0608,true,1,68983
8001841716435,false,שולדרס גל רחצה ושמפו,פרוקטר & גמבל,FR,"שולדרס גל רחצה ושמפו לעור רגיש, 360 מ""ל",מיליליטרים,360.00,"100 מ""ל",false,1,21.90,0.0608,true,1,68984
8001841716596,false,הד שולדרס גל רחצה וש,"נארז ע""י : א.ג. גילר",FR,"הד שולדרס גל רחצה ושמפו מרענן 360 מ""ל",מיליליטרים,360.00,"100 מ""ל",false,1,21.90,0.0608,true,1,68985
8001841722221,false,מגן תחתון אולוויז לא,פרוקטר & גמבל,DE,מגן תחתון אולוויז לארג 48יחידות,לא מנהל יחידת מידה,0.00,לא מנהל יחידת מידה,false,1,19.90,0.0000,true,1,67414
8001841722306,false,מגן תחתון אולוויז לו,פרוקטר & גמבל,DE,מגן תחתון אולוויז וליופק לונג פלוס 40 יחידות,לא מנהל יחידת מידה,0.00,לא מנהל יחידת מידה,false,1,19.90,0.0000,true,1,68970
8001841722481,false,מגן תחתון אולוויז פר,פרוקטר & גמבל,DE,מגן תחתון אולוויז פרש נורמל 54 יח,יחידה,54.00,יחידה,false,1,15.90,0.2944,true,1,71224
8002205319835,false,ONE חתול בוגר סלמון,פורינה,US,ONE חתול בוגר סלמון 800,גרמים,800.00,100 גרם,false,1,37.90,0.0474,true,1,57551
8002205319903,false,ONE חתול בוגר עוף 80,פורינה,US,ONE חתול בוגר עוף 800גרם,גרמים,800.00,100 גרם,false,1,37.90,0.0474,true,1,57550
8002230000012,false,ליקר אפרול בקבוק 1 ל,קמפרי,,ליקר אפרול בקבוק 1 ליטר,ליטרים,1.00,ליטר,false,1,109.90,109.9000,true,1,30323
8002270015649,false,מים סן פלגרינו מוגז,סן פלגרינו ס.פ.א לוק,IT,"סן פלגרינו 250 מ""ל 24 יח",מיליליטרים,250.00,"100 מ""ל",false,1,6.50,0.0260,true,1,6882
8002270015656,false,מים מינרלים סן פלגרי,סן פלגרינו ס.פ.א לוק,IT,"מים מינרלים סן פלגרינו מוגז 750 מ""ל",מיליליטרים,750.00,"100 מ""ל",false,1,10.20,0.0136,true,1,5483
8002450006559,false,יין קאזה די לואיגי ש,יקב,,"יין קאזה די לואיגי שרדונה 750 מ""ל",מיליליטרים,750.00,"100 מ""ל",false,1,39.50,0.0527,true,1,2191
8002450206003,false,יין מוגז ורדי רימוני,"איי, בי, אינבוו",IT,ורדי ספרקלטיני רימונים 750 מל,מיליליטרים,750.00,"100 מ""ל",false,1,34.90,0.0465,true,1,52819
8002450206508,false,יין קאזה די לואיגי ק,יקב,,"יין קאזה די לואיגי ק.סוביניון 750 מ""ל",מיליליטרים,750.00,"100 מ""ל",false,1,39.50,0.0527,true,1,2192
8002450206522,false,יין קאזה די לואיגי מ,יקב,,"יין קאזה די לואיגי מרלו 750 מ""ל",מיליליטרים,750.00,"100 מ""ל",false,1,39.50,0.0527,true,1,2193
8002920016903,false,LADORIA עגבניות מרוס,,IT,LADORIA עגבניות מרוסקות  שלישיה 400גרם,גרמים,400.00,100 גרם,false,3,16.90,0.0422,true,1,70454
8002960500165,false,רוטב פומודורינה  830,MENU,IT,רוטב פומודורינה  830גרם MENU,גרמים,830.00,100 גרם,false,1,29.90,0.0360,true,1,59442
8003340091280,false,בונבוניירה לינדור 60,לינדוט ושופרונגלי אי,IT,לינדט לינדור כדורי שוקולד מריר 200 ג',גרמים,200.00,100 גרם,false,1,35.50,0.1775,true,1,8578
8003340098098,false,לינדור סטרוברי 200 ג,לינדט ושפרונגלי אס.פ,IT,לינדור סטרוברי 200 ג,גרמים,200.00,100 גרם,false,1,35.50,0.1775,true,1,25725
8003385310667,false,אנטונלה עגבניות פסאט,אנטונלה,IT,אנטונלה עגבניות פסאטה 680 גרם,גרמים,680.00,100 גרם,false,1,14.90,0.0219,true,1,69730
8003385312104,false,עגבניות קוביות אנטונ,אנטונלה,IT,עגבניות קוביות אנטונלה שלישייה   400גרם,גרמים,400.00,100 גרם,false,3,15.90,0.0398,true,1,69735
8003385312920,false,אנטונלה רוטב ארביאטה,אנטונלה,IT,אנטונלה רוטב ארביאטה 680 גרם,גרמים,680.00,100 גרם,false,1,16.90,0.0249,true,1,69734
8003385312944,false,אנטונלה רוטב לפסטה 6,אנטונלה,IT,אנטונלה רוטב לפסטה 680 גרם,גרמים,680.00,100 גרם,false,1,16.90,0.0249,true,1,69733
8003385401501,false,אנטונלה עגבניות טחון,אנטונלה,IT,אנטונלה עגבניות טחון דק 680 גרם,גרמים,680.00,100 גרם,false,1,14.90,0.0219,true,1,69729
8003753158587,false,קפסולות אספרסו פורטה,ג'ייקובס דאו אגרבטס,FR,קפסולות קפה פורטה,גרמים,57.00,100 גרם,false,1,19.90,0.3491,true,1,59476
8003753158617,false,קפסולות ILLY אספרסו,ג'ייקובס דאו אגרבטס,FR,קפסולות קפה לונגו,גרמים,57.00,100 גרם,false,1,19.90,0.3491,true,1,59477
8004030022010,false,טונה אינסלטיסימי ירק,"בולטון אלימנטרי בע""מ",IT,ריו מר ירקות גינה עם טונה 160 גרם,גרמים,160.00,100 גרם,false,1,19.50,0.1219,true,1,25204
8004030026018,false,טונה אינסלטיסימי מקס,"בולטון אלימנטרי בע""מ",IT,ריו מרה ירקות בנוסח מקסיקני עם טונה 160 גרם,גרמים,160.00,100 גרם,false,1,19.50,0.1219,true,1,25203
8004030044005,false,טונה בשמן זית ריו מר,"איטיליאן פוד, אס.פי.",IT,ריו מרה טונה בשמן זית 160 ג,גרמים,160.00,100 גרם,false,1,18.90,0.1181,true,1,2198
8004030081024,false,טונה בשמן זית שום ופ,"איטיליאן פוד, אס.פי.",IT,ריו מר נתחי טונה בהירה בשמן זית ופלפל 160 גרם,גרמים,160.00,100 גרם,false,1,18.90,0.1181,true,1,2199
8004030102033,false,ריו מרה טונה בשמן עם,בולטון אלימנטרי,IT,ריו מרה טונה בשמן עם לימון ופלפל 80*3 ג,גרמים,240.00,100 גרם,false,3,29.90,0.1246,true,1,52239
8004030180000,false,טונה בשמן זית ריו מר,בולטון אלימנטרי,IT,טונה בשמן זית ריו מרה שלישיה 240גרם,גרמים,240.00,100 גרם,false,3,29.90,0.1246,true,1,71663
8004030344938,false,טונה בשמן ריו מרה מא,"איטיליאן פוד, אס.פי.",IT,ריו מרה נתחי טונה בהירה בשמן זית 240 גרם,גרמים,240.00,100 גרם,false,1,29.90,0.1246,true,1,28199
8004030845046,false,טונה ריו מרה ירקות ו,בולטון אלימנטרי,IT,טונה ריו מרה ירקות ו אינסלטיסימי 160 גרם,גרמים,160.00,100 גרם,false,1,19.50,0.1219,true,1,54032
8004030860001,false,טונה ריו מרה אינסלטי,"בולטון אלימנטרי בע""מ",IT,ריו מר ירקות עם קוסקוס וטונה 160 גרם,גרמים,160.00,100 גרם,false,1,19.50,0.1219,true,1,28083
8004690050507,false,פסטה איטלקית פטוציני,למוליזנה,IT,פסטה איטלקית פטוציני 500 גרם LM,גרמים,500.00,100 גרם,false,1,8.90,0.0178,true,1,56496
8004690051573,false,ספגטי למוליזנה,למוליזנה,IT,ספגטי למוליזנה 500 גרם,גרמים,500.00,100 גרם,false,1,8.90,0.0178,true,1,56484
8004690052044,false,פסטה פנה למוליזנה,למוליזנה,IT,פסטה איטלקית פנה זיטי ריגטה 500 גרם LM,גרמים,500.00,100 גרם,false,1,8.90,0.0178,true,1,56485
8004690052846,false,פסטה פוסילי למוליזנה,למוליזנה,IT,פסטה איטלקית פוזילי 500 גרם LM,גרמים,500.00,100 גרם,false,1,8.90,0.0178,true,1,56486
8004690053195,false,למוליזנה ריגאטוני,למוליזנה,IT,פסטה איטלקית ריגטוני 500 גרם LM,גרמים,500.00,100 גרם,false,1,8.90,0.0178,true,1,56487
8004690057308,false,פסטה איטלקית רדיאטור,למוליזנה,IT,פסטה איטלקית רדיאטורי 500 גרם LM,גרמים,500.00,100 גרם,false,1,8.90,0.0178,true,1,56498
8004690058008,false,פסטה איטלקית גמלי 50,למוליזנה,IT,פסטה איטלקית גמלי 500 גרם LM,גרמים,500.00,100 גרם,false,1,8.90,0.0178,true,1,56490
8004690106600,false,למוליזנה פארפאליה,למוליזנה,IT,פסטה איטלקית פרפאלה 500 גרם LM,גרמים,500.00,100 גרם,false,1,8.90,0.0178,true,1,56488
8004690203002,false,פסטה איטלקית ניוקי ת,למוליזנה,IT,פסטה איטלקית ניוקי תפוחי אדמה 500 גרם,גרמים,500.00,100 גרם,false,1,7.90,0.0158,true,1,56489
8004690470022,false,פסטה ספגטי  ללג LM ג,למוליזנה,IT,פסטה ספגטי  ללג LM גרם401,גרמים,400.00,100 גרם,false,1,13.90,0.0348,true,1,67203
8004690470039,false,פסטה פנה  ללג LM גרם,למוליזנה,IT,פסטה פנה  ללג LM גרם400,גרמים,400.00,100 גרם,false,1,13.90,0.0348,true,1,67202
8005110001413,false,רסק עגבניות  זוג280,מוטי אס.פי.איי,IT,MUTTI רסק עגבניות מארז זוג 140X2 גרם,גרמים,280.00,100 גרם,false,1,8.90,0.0318,true,1,58127
8005110002243,false,רכז עגבניות בשפורפרת,Mutti,IT,רכז עגבניות בשפורפרת  Doppio MUTTI   185,גרמים,185.00,100 גרם,false,1,9.90,0.0535,true,1,67110
8005110170300,false,שלישיית עגבניות מרוס,Mutti,IT,שלישיית עגבניות מרוסקות 400 גר MUTTI,גרמים,400.00,100 גרם,false,1,19.90,0.0497,true,1,27228
8005110171215,false,עגבניות חתוכות MUTTI,"איי, בי, אינבוו",IT,קוביות עגבניות מקולפות במיץ,גרמים,690.00,100 גרם,false,1,16.90,0.0245,true,1,32356
8005110191015,false,רסק עגבניות ובזיליקו,"איי, בי, אינבוו",IT,מחית עגבניות קלה עם בזיליקום בתוספת מלח,גרמים,700.00,100 גרם,false,1,14.90,0.0213,true,1,54589
8005110200014,false,רכז עגבניות 210 גרםm,"איי, בי, אינבוו",IT,רסק עגבניות בתוספת מלח 22Bx ללא תוספת סוכר,גרמים,210.00,100 גרם,false,1,7.90,0.0376,true,1,27669
8005110550508,true,שימורי עגבניות שרי,,,שימורי עגבניות שרי,Unknown,0.00,Unknown,false,1,10.90,0.0000,true,1,40944
8005110551253,false,רוטב לפיצה MUTTI 400,Mutti,IT,רוטב לפיצה 400 גרם MUTTI,גרמים,400.00,100 גרם,false,1,9.90,0.0248,true,1,60072
8005360004622,false,רוטב עגבניות אורגני,אף.סי תבליני בגליל ב,IT,רוטב עגבניות אורגני  350 גרם,גרמים,350.00,100 גרם,false,1,13.50,0.0386,true,1,51424
8005360004639,false,רוטב עגבניות אורגני,אף.סי תבליני בגליל ב,IT,רוטב עגבניות אורגני עם פלפלים 350 גרם,גרמים,350.00,100 גרם,false,1,13.50,0.0386,true,1,51035
8005469981602,false,פילה אנשובי איטלקי ש,,,פילה אנשובי איטלקי שמן חמניות 75 גרם,גרמים,75.00,100 גרם,false,1,15.90,0.2120,true,1,25060
8006227001372,false,סמנצאטו לחם מחמצת לב,רו. מאר ס.ר.ל,IT,סמנצאטו לחם מחמצת לבן משמן זית 400 גרם ל,גרמים,250.00,100 גרם,false,1,19.90,0.0796,true,1,69491
8006227001389,false,סמנצאטו לחם מחמצת קמ,רו. מאר ס.ר.ל,IT,סמנצאטו לחם מחמצת קמח לבן משמן זית 400 ג,גרמים,250.00,100 גרם,false,1,19.90,0.0796,true,1,69492
8006540019672,false,נוזל כלים פיירי פלטי,פרוקטר & גמבל,GB,נוזל כלים פיירי פלטינום 700 מל,מיליליטרים,700.00,"100 מ""ל",false,1,11.90,0.0170,true,1,71569
8006540027042,false,לנור מרכך כביסה פרחי,פרוקטר & גמבל,FR,לנור מרכך כביסה פרחי בר 897 מל,מיליליטרים,897.00,"100 מ""ל",false,1,17.90,0.0200,true,1,68792
8006540112823,false,לנור מרכך מרוכז אוקי,פרוקטר & גמבל,FR,לנור מרכך מרוכז אוקיינוס 900מל,מיליליטרים,900.00,"100 מ""ל",false,1,17.90,0.0199,true,1,68790
8006540221068,false,מגן תחתון אולוויז לו,פרוקטר,DE,מגן תחתון אולוויז וליופק לונג פלוס 40 יחידות,יחידה,40.00,יחידה,false,1,21.90,0.5475,true,1,71612
8006540221341,false,מגן תחתון אולוויז לא,,DE,מגן תחתון אולוויז לארג 48 יח,יחידה,1.00,יחידה,false,1,21.90,21.9000,true,1,70906
8006540353004,false,פרל טמפונים סופר עם,,HU,פרל טמפונים סופר עם מוליך 18 יחידות,לא מנהל יחידת מידה,0.00,לא מנהל יחידת מידה,false,1,24.90,0.0000,true,1,69387
8006540358498,false,פרל טמפונים סופר פלו,,HU,פרל טמפונים סופר פלוס 18 יחידות,לא מנהל יחידת מידה,0.00,לא מנהל יחידת מידה,false,1,24.90,0.0000,true,1,69388
8006540425930,false,אריאל קפסולות לכביסה,פרוקטר & גמבל,FR,אריאל קפסולות לכביסה לכמים קשים 24 יחיד,לא מנהל יחידת מידה,0.00,לא מנהל יחידת מידה,false,1,39.90,0.0000,true,1,69918
8006540592434,true,תחבושות אולוויז נורמ,פרוקטר,DE,תחבושות אולוויז נורמל פלוס 28 יח,יחידה,28.00,יחידה,false,1,19.90,0.7107,true,1,70881
8006540592496,false,תחבושות אולוייז כפול,פרוקטר,DE,תחבושות אולוייז כפול לילה 20,יחידה,20.00,יחידה,false,1,19.90,0.9950,true,1,70865
8007178120310,false,"חומץ בלסמי ג""קובזי 5",פארייפאבה אגרואינדוס,IT,"חומץ בלסמי ממודנה 500 מ""ל",מיליליטרים,500.00,"100 מ""ל",false,1,24.90,0.0498,true,1,2204
8007227000570,false,סליל סרט קשירה דק כס,STAR PENNSYLVANIA,,סליל סרט קשירה דק כסוף,Unknown,0.00,Unknown,false,1,24.90,0.0000,true,1,24348
8007227053460,false,סליל סרט קשירה דק ור,STAR PENNSYLVANIA,,סליל סרט קשירה דק ורוד,Unknown,0.00,Unknown,false,1,24.90,0.0000,true,1,24351
8007270999012,false,שמן גרעיני ענבים 1 ל,קרלו,IT,שמן גרעיני ענבים 1 ליטר קוסטה דאורו,ליטרים,1.00,ליטר,false,1,44.90,44.9000,true,1,30131
8008245004847,false,ממרח אגוזי לוז וקקאו,נאטקו,IT,מובנפיק ממרח שוקולד ואגוזי לוז 300 גרם,גרמים,300.00,100 גרם,false,1,16.90,0.0563,true,1,68292
8008245004861,false,ממרח אגוזי לוז עם חל,יבואן ומשווק: ש. שסט,IT,מובנפיק ממרח חלב עם אגוזי לוז 300 גרם,גרמים,300.00,100 גרם,false,1,16.90,0.0563,true,1,68293
8008660210038,false,מאנס גאסר מעדן ריבה,קריניציה ויטמינה אס,IT,מאנס גאסר מעדן ריבה תות שדה 300 גרם,גרמים,300.00,100 גרם,false,1,17.90,0.0597,true,1,26211
8008698002049,false,קרקרים עגולים ללא גל,דר שר,IT,קרקר ללא גלוטן ללא לקטוז,גרמים,175.00,100 גרם,false,1,24.90,0.1423,true,1,18693
8008698003503,false,קרקר אפוי ללא גלוטן,"דר שר ס.ר.ל פוסטל, א",IT,"ליב, קרקר ללא גלוטן",גרמים,210.00,100 גרם,false,1,26.90,0.1281,true,1,13499
8008698005231,false,עוגיות שוקולד שר ללג,ליב,IT,עוגיות שוקולד שר ללג 165גרם,גרמים,165.00,100 גרם,false,1,22.90,0.1388,true,1,60281
8008698005347,false,ביסקוטי שוקולד שר לל,ליב,IT,ביסקוטי שוקולד שר ללג 150גרם,גרמים,150.00,100 גרם,false,1,16.90,0.1127,true,1,60282
8008698008157,false,עוגיות ממולאות קרם ו,דר שר ס.ר.ל פוסטל,IT,עוגיות ממולאות קרם וניל ללא גלוטן 100 גר,גרמים,100.00,100 גרם,false,1,12.90,0.1290,true,1,13500
8008698013021,false,עוגיות שוקולד ציפס פ,דר שר,IT,עוגיות ללא גלוטן עם שבבי שוקולד מריר,גרמים,100.00,100 גרם,false,1,13.90,0.1390,true,1,28516
8008698024065,false,"פאן בלנקו לחם לל""ג 2",schar,IT,"פאן בלנקו לחם לל""ג 250 גרם שר",גרמים,250.00,100 גרם,false,1,19.90,0.0796,true,1,51714
8010024006010,false,חמאת שקדים 100% השקד,תות תעשיות מזון (201,IT,חמאת שקדים,גרמים,350.00,100 גרם,false,1,39.90,0.1140,true,1,28689
8017938005764,false,מיץ תפוחים אורגני נט,יבואן ומשווק: ש. שסט,IT,מיץ תפוחים אורגני נטרופוד 1 ליטר,ליטרים,1.00,ליטר,false,1,23.20,23.2000,true,1,24922
8024985000079,false,מחית תפוח משמש אורגנ,כפרי בריא,IT,נטור נובה ביו מחית תפוח משמש 100% אורגני 200 גרם,גרמים,200.00,100 גרם,false,1,10.90,0.0545,true,1,20906
8024985000086,false,מחית תפוח בננה אורגנ,כפרי בריא,IT,נטורה נובה מחית תפוח בננה 100% אורגני 200 גרם,גרמים,200.00,100 גרם,false,1,10.90,0.0545,true,1,18694
8024985000093,false,מחית תפוח שזיף אורגנ,כפרי בריא,IT,מחית תפוח שזיף  100% אורגני,גרמים,200.00,100 גרם,false,1,10.90,0.0545,true,1,20907
8024985002783,true,מחית סמוזי גזר דלעת,נטורה נובה,IT,מחית סמוזי גזר דלעת 100 גרם,גרמים,100.00,100 גרם,false,1,6.20,0.0620,true,1,42314
8024985002912,false,סמוזי תפוח אגס בטטה,נטורה נובה,IT,סמוזי תפוח אגס בטטה אורגני נטורה 100 גרם,גרמים,100.00,100 גרם,false,1,6.20,0.0620,true,1,51025
8024985002943,false,נטורה נובה סמוזי תפו,כפרי בריא,IT,סמוצ'י תפוח אננס קוקוס אורגניים,גרמים,100.00,100 גרם,false,1,6.20,0.0620,true,1,54521
8024985002950,false,נטורה נובה סמוזי שזי,כפרי בריא,IT,סמוצ'י תפוח בננה תרד אורגניים,גרמים,100.00,100 גרם,false,1,6.20,0.0620,true,1,54520
8024985002967,false,נטורה נובה סמוזי בננ,כפרי בריא,IT,נטורה נובה סמוזי בננה תרד 100 גרם,גרמים,100.00,100 גרם,false,1,6.20,0.0620,true,1,54522
8024985003988,false,מחית סמוזי תפוח בננה,כפרי בריא,IT,סמוצ'י תפוח בננה אורגניים 100 גרם,גרמים,100.00,100 גרם,false,1,6.20,0.0620,true,1,24389
8024985004305,false,סמוזי תפוח - רביעייה,כפרי בריא,IT,נטורה נובה מארז סמוצ'י תפוחים אורגניים 400 גרם,גרמים,400.00,100 גרם,false,1,22.90,0.0572,true,1,41146
8024985004695,false,סמוזי בננה - רביעייה,כפרי בריא,IT,מארז סמוצ'י תפוח בננה אורגניים,גרמים,400.00,100 גרם,false,1,22.90,0.0572,true,1,41147
8024985005234,false,מחית סמוזי תפוח אפרס,נטורה נובה,IT,סמוצ'י תפוח אפרסק מנגו אורגניים 100 גרם,גרמים,100.00,100 גרם,false,1,6.20,0.0620,true,1,27589
8024985005296,true,מחית סמוזי אגס בננה,נטורה נובה,IT,סמוצ'י אגס בננה תפוח וקינואה 120 גרם,גרמים,120.00,100 גרם,false,1,7.20,0.0600,true,1,41148
8024985005302,true,נטורה נובה  סמוזי תפ,נטורה נובה,IT,סמוצ'י תפוח רימון פטל אוכמניות ואסאי 120 גרם,גרמים,120.00,100 גרם,false,1,7.20,0.0600,true,1,41149
8024985008037,false,מחית סמוזי תפוח נטור,כפרי בריא,IT,סמוצ'י תפוחים אורגניים 100 גרם,גרמים,100.00,100 גרם,false,1,6.50,0.0650,true,1,20904
8024985008044,false,מחית סמוזי אגס נטורה,כפרי בריא,IT,סמוצ'י אגסים אורגניים 100 גרם,גרמים,100.00,100 גרם,false,1,6.50,0.0650,true,1,20903
8024985008051,false,מחית סמוזי פירות אדו,נטורה נובה,IT,סמוצ'י פירות אדומים אורגניים 100 גרם,גרמים,100.00,100 גרם,false,1,6.50,0.0650,true,1,20902
8024985011204,false,נטורה נובה  סמוזי תפ,B&D,IL,נטורה נובה - סמוזי תפוח תות בננה 100 גרם,גרמים,350.00,100 גרם,false,1,6.20,0.0177,true,1,70424
8032685196800,false,עגבניות אורגניות מרו,פתח תקווה,IT,עגבניות אורגניות מרוסקות סולוניה 720 גרם,גרמים,720.00,100 גרם,false,1,13.90,0.0193,true,1,13411
8032804430471,false,פסטה מקמח עדשים אדומ,אף.סי תבליני בגליל ב,IT,פסטה מקמח עדשים אדומות פליסיה 250 גרם,גרמים,250.00,100 גרם,false,1,13.90,0.0556,true,1,30055
8032804430501,false,פסטה מקמח אפונה ירוק,מולינו אנדריאני,IT,פסטה מקמח אפונה ירוקה פליסיה 250 גרם,גרמים,250.00,100 גרם,false,1,13.90,0.0556,true,1,30054
8032804430761,false,לזניה עדשים צהובות א,אף.סי תבליני בגליל ב,IT,לזניה עדשים צהובות אורגני פליסיה 250גרם,גרמים,250.00,100 גרם,false,1,19.90,0.0796,true,1,51008
8032804432024,true,לזניה אורז תירס אורג,אף.סי תבליני בגליל ב,IT,לזניה אורז תירס אורגני 250 גרם,גרמים,250.00,100 גרם,false,1,20.90,0.0836,true,1,41168
8033020445973,false,"קמח\ Antigrumi  1 ק""",PIVETTI,IT,"קמח\ Antigrumi  1 ק""ג PIVETTI",קילוגרמים,1.00,"ק""ג",false,1,7.90,7.9000,true,1,58129
8033020445980,false,קמח לפסטה 1 pasta fr,PIVETTI,IT,"קמח לפסטה 1 pasta fresca ק""ג 00 PIVETTI",קילוגרמים,1.00,"ק""ג",false,1,13.90,13.9000,true,1,58132
8033020446000,false,קמח איטלקי לפיצה ופו,PIVETTI,IT,"קמח איטלקי לפיצה ופוקצה 1 ק""ג 00 PIVETTI",קילוגרמים,1.00,"ק""ג",false,1,10.90,10.9000,true,1,58130
8033275522368,false,"יין קיאנטי 750 מ""ל",דולפין ספא,IT,קיאנטי,מיליליטרים,750.00,"100 מ""ל",false,1,59.90,0.0799,true,1,58159
8076800195019,false,ספגטי             1,ברילה גי.אי.אר פרטלי,IT,ברילה קפליני ספגטי מס' 1 500 גרם,גרמים,500.00,100 גרם,false,1,7.90,0.0158,true,1,4618
8076800195033,false,ספגטי ברילה מס 3  50,ברילה גי.אי.אר פרטלי,IT,ברילה ספגטי מספר 3 500 גרם,גרמים,500.00,100 גרם,false,1,7.90,0.0158,true,1,2247
8076800195057,false,פסטה ברילה ספגטיני מ,"איטיליאן פוד, אס.פי.",IT,ברילה ספגטי מס' 5 500 גרם,גרמים,500.00,100 גרם,false,1,7.90,0.0158,true,1,2248
8076800195132,false,פסטה ברילה בבטה,"איטיליאן פוד, אס.פי.",IT,ברילה ספגטי בבטה מספר 13,גרמים,500.00,100 גרם,false,1,7.90,0.0158,true,1,2249
8076800315097,false,פסטה ברילה בוקטיני מ,ברילה גי.אי.אר פרטלי,IT,ברילה בוקטיני- מקרוני מס' 9 500 גרם,גרמים,500.00,100 גרם,false,1,7.90,0.0158,true,1,2250
8076802085738,false,פסטה ברילה פנה רגטה,"איטיליאן פוד, אס.פי.",IT,ברילה פנה רגטה מס 73 500 גרם,גרמים,500.00,100 גרם,false,1,7.90,0.0158,true,1,2252
8076802085981,false,פסטה ברילה פוזילי מס,"איטיליאן פוד, אס.פי.",IT,ברילה פסטה פתיתים פוזילי 500 גרם,גרמים,500.00,100 גרם,false,1,7.90,0.0158,true,1,2255
8076808060654,false,פסטה ברילה פרפלה מס,"איטיליאן פוד, אס.פי.",IL,ברילה פסטה פתיתים פרפלה 500 גרם,גרמים,500.00,100 גרם,false,1,7.90,0.0158,true,1,2256
8076808070882,false,פסטה ברילה קנלוני מס,פאסטיפיקו ריגו אס.אר,IT,פסטה ברילה קנלוני מס 88 250 גרם,גרמים,250.00,100 גרם,false,1,15.90,0.0636,true,1,2257
8076808150072,false,ספגטי ברילה מס 7 500,"איטיליאן פוד, אס.פי.",IT,ברילה ספגטי מספר 7 500 גרם,גרמים,500.00,100 גרם,false,1,7.90,0.0158,true,1,2258
8076809512268,false,פסטה ברילה גירנדולה,"איטיליאן פוד, אס.פי.",IT,ברילה פסטה פתיתים- גירנדולה 500 גרם,גרמים,500.00,100 גרם,false,1,7.90,0.0158,true,1,2259
8076809513395,false,רוטב פסטה ברילה פומו,BARILLA G.E.R.,IT,ברילה רוטב עגבניות קלאסי 400 גרם,גרמים,400.00,100 גרם,false,1,15.90,0.0398,true,1,2261
8076809513654,false,בסיס רוטב ברילה עגבנ,ברילה גי.אי.אר פרטלי,IT,ברילה רוטב בסיס לפסטה בולונז 400 גרם,גרמים,400.00,100 גרם,false,1,15.90,0.0398,true,1,4619
8076809513692,false,רוטב פסטה ברילה נפול,ברילה גי.אי.אר פרטלי,IT,ברילה רוטב עגבניות עם ירקות שורש לפסטה 400 גרם,גרמים,400.00,100 גרם,false,1,15.90,0.0398,true,1,2262
8076809513739,false,רוטב פסטה ברילה בזיל,ברילה גי.אי.אר פרטלי,IT,ברילה רוטב עגבניות עם בזיליקום לפסטה 400 גרם,גרמים,400.00,100 גרם,false,1,15.90,0.0398,true,1,5734
8076809514774,false,פסטה ברילה פרפנדלה,ברילה גי.אי.אר פרטלי,IT,"פסטה ברילה פרפנדלה 250 גר              """,גרמים,250.00,100 גרם,false,1,18.90,0.0756,true,1,48705
8076809523561,false,רוטב פסטה ברילה בטעם,"איטיליאן פוד, אס.פי.",IT,ברילה רוטב טוסקנה לפסטה 400 גרם,גרמים,400.00,100 גרם,false,1,15.90,0.0398,true,1,8135
8076809523714,false,פסטה ברילה טליאטלה 5,"ש. שסטוביץ בע""מ",IT,פסטה ברילה טליאטלה 500 גרם,גרמים,500.00,100 גרם,false,1,26.90,0.0538,true,1,4652
8076809523738,false,לזניה ברילה,ברילה גי.אי.אר פרטלי,IT,לזניה ברילה 500 גרם,גרמים,500.00,100 גרם,false,1,25.90,0.0518,true,1,3224
8076809529419,false,ספגטי ברילה חיטה מלא,ברילה גי. אי. אר פרט,IT,ספגטי מחיטה מלאה 500 גרם,גרמים,500.00,100 גרם,false,1,15.90,0.0318,true,1,5832
8076809529433,false,פסטה ברילה פנה רגטה,"ש. שסטוביץ בע""מ",IT,פסטה ברילה פנה רגטה מחיטה מלאה 500 גרם,גרמים,500.00,100 גרם,false,1,15.90,0.0318,true,1,5833
8076809545440,false,אטריות ללא גלוטן ברי,"ש. שסטוביץ בע""מ",IT,"ברילה אטריות על בסיס קמח תירס ללא גלוטן, 400 גרם",גרמים,400.00,100 גרם,false,1,15.90,0.0398,true,1,24673
8076809545457,false,פסטה צינורות ללא גלו,"ש. שסטוביץ בע""מ",IT,ללא גלוטן - אריזה חדשה,גרמים,400.00,100 גרם,false,1,15.90,0.0398,true,1,24674
8076809545464,false,פסטה ספרילי ללא גלוט,מולינו אנדריאני אס.א,IT,ברילה פוזילי על בסיס קמח תירס ללא גלוטן 400 גרם,גרמים,400.00,100 גרם,false,1,15.90,0.0398,true,1,24675
8076809547956,false,פסטה ברילה קיפרי 500,ברילה סורג,IT,פסטה ברילה קיפרי 500 גרם,גרמים,500.00,100 גרם,false,1,7.90,0.0158,true,1,59689
8076809576352,false,ברילה לזניה ללא גלוט,ברילה גי.אי.אר פרטלי,IT,ברילה לזניה ללא גלוטן 250 גרם,גרמים,250.00,100 גרם,false,1,23.90,0.0956,true,1,68466
8410076600622,false,קראנצי שבבי שוקולד,ג'נרל מילס סאן אדריא,ES,קראנצי שבבי שוקולד מריר 210 גר,גרמים,210.00,100 גרם,false,1,14.90,0.0710,true,1,53694
8410076610386,false,מאגדת חטיף פרוטאין ב,סריילטו ספיין פודס,ES,נייטשר ואלי פרוטאין בוטנים בטעם קרמל מלוח,גרמים,120.00,100 גרם,false,1,18.90,0.1575,true,1,26888
8410076621047,false,חטיף פייברONEבטעם שו,"גלאטס סירו בע""מ",ES,פייבר 1 עוגות אישיות בראוניז בטעם שוקולד פאדג',גרמים,120.00,100 גרם,false,1,14.90,0.1242,true,1,67517
8410076801067,false,חטיף נייטצר ואלי דבש,סאן אדריאן,ES,חטיף נייטצר ואלי דבש 21 גרם,גרמים,21.00,100 גרם,false,1,2.90,0.1381,true,1,71193
8410076801074,false,חטיף נייטצר ואלי שוק,סאן אדריאן,ES,חטיף נייטצר ואלי שוקולד  21 גרם,גרמים,21.00,100 גרם,false,1,2.90,0.1381,true,1,71194
8410104039134,false,פיניש ניקוי וחידוש,רקיט בנקיזר,PL,"מנקה מדיח כלים פיניש 250 מ""ל",מיליליטרים,250.00,"100 מ""ל",false,1,17.90,0.0716,true,1,2318
8410104045111,false,פיניש מלח למדיח,מלח הארץ,IL,פיניש מלח למדיח כלים 2 קג,קילוגרמים,2.00,"ק""ג",false,1,16.90,8.4500,true,1,59873
8410179100043,false,BORGES שמן זית כתית,פוד טים,ES,"BORGES שמן זית כתית מעולה 750  מ""ל",מיליליטרים,750.00,"100 מ""ל",false,1,37.90,0.0505,true,1,41224
8410179200811,false,BORGES  שמן זית כתית,BORGES,ES,BORGES  שמן זית כתית מעולה לייט  750מל,מיליליטרים,750.00,"100 מ""ל",false,1,34.90,0.0465,true,1,68740
8410179300818,false,BORGES  שמן זית כתית,BORGES,ES,BORGES  שמן זית כתית 750מל מעולה מעודן,מיליליטרים,750.00,"100 מ""ל",false,1,34.90,0.0465,true,1,68739
8410182420114,false,בצלצלי פנינה בחומץ 3,דליסיאס,,בצלצלי פנינה בחומץ 370 גרם,גרמים,370.00,100 גרם,false,1,12.90,0.0349,true,1,9831
8410793262936,false,בירה אסטרייה דאם דאו,"סי סי דאם, אס.אל, בר",ES,"דאורה דאם ללא גלוטן בקבוק בודד 330 מ""ל",מיליליטרים,330.00,"100 מ""ל",false,1,14.90,0.0452,true,1,13718
8411320234006,false,נתחי טונה לבנה בשמן,אורטיז,ES,נתחי טונה לבנה בשמן זית (פחית) 112 גרם,גרמים,112.00,100 גרם,false,1,19.90,0.1777,true,1,56501
8411320334027,false,נתחי טונה צהובה בשמן,אורטיז,ES,נתחי טונה צהובה בשמן זית (פחית) 112 גרם,גרמים,112.00,100 גרם,false,1,17.90,0.1598,true,1,56495
8413178159210,false,מסטיק זום אדום,וידאל,,מסטיק זום אדום,יחידה,1.00,יחידה,false,1,1.50,1.5000,true,1,6758
8413178230056,false,מסטיק זום אבטיח,וידאל,,מסטיק זום אבטיח,יחידה,1.00,יחידה,false,1,1.50,1.5000,true,1,22294
8420708012822,false,קשקבל צאן בשלה 200 ג,מיוצר עי קונדיטוריית,ES,קשקבל צאן בשלה 200 גר נני,גרמים,200.00,100 גרם,false,1,27.90,0.1395,true,1,21045
8420708018817,false,מנצגו בשלה 150 גרם נ,האי נאם סי או אל.טי.,ES,מנצגו בשלה 150 גרם נני,גרמים,150.00,100 גרם,false,1,25.90,0.1727,true,1,53263
8421401201209,false,פפריקה מתוקה מעושנת,lachinata,ES,פפריקה מעושנת מתוקה 70 גרם,גרמים,70.00,100 גרם,false,1,15.90,0.2271,true,1,61012
8421401301206,false,פפריקה חריפה מעושנת,lachinata,ES,פפריקה מעושנת חריפה 70 גרם,גרמים,70.00,100 גרם,false,1,15.90,0.2271,true,1,61011
8423207206488,false,חטיף דגנים סלים דליס,אף.סי תבליני בגליל ב,ES,חטיף דגנים סלים דליס שוקולד חלב 120  גרם,גרמים,120.00,100 גרם,false,1,14.90,0.1242,true,1,20419
8423207206495,false,חטיף דגנים סלים דליס,אף.סי תבליני בגליל ב,ES,חטיף דגנים סלים דליס שוקולד מריר 120 גרם,גרמים,120.00,100 גרם,false,1,14.90,0.1242,true,1,20420
8423207208260,false,חטיף דגנים סלים דליס,ביסנצ'ורי אס.אל.יו,ES,חטיף דגנים סלים דליס ש.חלב ללא גלוטן,גרמים,78.00,100 גרם,false,1,14.90,0.1910,true,1,24518
8423207208680,false,חטיף דגנים סלים דליס,ביסנצ'ורי אס.אל.יו,ES,סלים דליס קידס חטיף דגנים מצופה שוקולד חלב 120 גר',גרמים,182.00,100 גרם,false,1,14.90,0.0819,true,1,25561
8423207208703,false,סלים דליס מריר כשלפ,ביסנצ'ורי אס.אל.יו,ES,סלים דליס חטיף דגנים שוקולד מריר 120 גרם,גרמים,182.00,100 גרם,false,1,14.90,0.0819,true,1,25563
8423207210287,true,מרבה סלים דליס שוקול,ביסנצורי אס. אל. יו.,ES,סלים דליס שוקולד לבן בטעם יוגורט,גרמים,120.00,100 גרם,false,1,14.90,0.1242,true,1,50111
8423371002312,false,סאליסול פיצוחים בפחי,סאליסול,ES,סאליסול פיצוחים בפחית בוטנים צילי 150 ג,גרמים,150.00,100 גרם,false,1,11.90,0.0793,true,1,69646
8423371002725,false,בוטנים  קוקטייל מיקס,,ES,סאליסול משפחתי קוקטיל מיקס,גרמים,100.00,100 גרם,false,1,11.90,0.1190,true,1,68126
8423371007089,false,בוטנים מלוחים בדבש ס,,ES,סאליסול משפחתי בוטנים עם דבש ומלח,גרמים,150.00,100 גרם,false,1,11.90,0.0793,true,1,68128
8425206000081,false,ריבת חלב מרדל 450 גר,קארו אימפורט,ES,מרדל ריבת חלב 450 גרם,גרמים,450.00,100 גרם,false,1,21.90,0.0487,true,1,19096
8425206000272,false,סירופ ריבת חלב מרבה,קארו,ES,סירופ ריבת חלב מרבה,גרמים,550.00,100 גרם,false,1,19.90,0.0362,true,1,69259
8434165466333,false,מיני קרקרים עגולים ק,קאויקיולי,ES,מיני קרקרים עגולים קואטרה 350 גרם,גרמים,350.00,100 גרם,false,1,9.90,0.0283,true,1,71222
8436575292205,false,נסטלה חמשושים מאגדת,שוורצקוף& הנקל דיסלד,IL,נסטלה חמשושים מאגדת חדש 6 15*12גרם,לא מנהל יחידת מידה,0.00,לא מנהל יחידת מידה,false,1,24.90,0.0000,true,1,52446
8437012370630,false,"פילטר לוקוס 8 מ""מ",TLV צ'יף,,"פילטר לוקוס 8 מ""מ",Unknown,0.00,Unknown,false,1,9.80,0.0000,true,1,20011
8445290341587,false,פנסי פיסט פטה דג לבן,פורינה,US,פנסי פיסט פטה דג לבן ועוף 24*85גרם,גרמים,85.00,100 גרם,false,1,5.90,0.0694,true,1,71291
8445290341617,false,פנסי פיסט פטה עוף וס,פורינה,US,פנסי פיסט פטה עוף וסלמון 85 גרם,גרמים,85.00,100 גרם,false,1,5.90,0.0694,true,1,71290
8445290341655,false,פנסי פיסט פטה עוף  8,פורינה,US,פנסי פיסט פטה עוף 24*85גרם,גרמים,85.00,100 גרם,false,1,5.90,0.0694,true,1,71292
8593868006014,false,בירה בלו מון פחית 50,"איי, בי, אינבוו",CZ,"בירה בלומון 5.4% כוהל בפחית 500 מ""ל",מיליליטרים,500.00,"100 מ""ל",false,1,14.90,0.0298,true,1,67983
8595134503302,false,פילטר 6 ארוך,,,פילטר 6 ארוך,Unknown,0.00,Unknown,false,1,4.90,0.0000,false,1,51501
8595134503487,false,פילטר 5.3 ארוך,,,פילטר 5.3 ארוך,יחידה,1.00,יחידה,false,1,4.90,4.9000,true,1,54254
8595134503975,false,נייר בינוני כולל פיל,,,נייר בינוני כולל פילטר,לא מנהל יחידת מידה,0.00,לא מנהל יחידת מידה,false,1,6.00,0.0000,false,1,60867
8606018615827,false,פיינט אוראו 480גרם,נסטלה,IL,פיינט אוראו 480גרם,גרמים,480.00,100 גרם,false,1,23.90,0.0498,true,1,70333
8606018615841,false,פיינט מילקה וניל ליב,נסטלה,IL,פיינט מילקה וניל ליבת שוקולד 480גרם,גרמים,480.00,100 גרם,false,1,23.90,0.0498,true,1,70334
8606018615865,false,פיינט מילקה קרמל ליב,נסטלה,IL,פיינט מילקה קרמל ליבת שוקולד 480גרם,גרמים,480.00,100 גרם,false,1,23.90,0.0498,true,1,70335
8606109023593,false,מיץ פרוויטה תפוחי עץ,,IL,מיץ פרוויטה תפוחי עץ ואגסים 750 מל,מיליליטרים,750.00,"100 מ""ל",false,1,14.90,0.0199,true,1,60682
8606109023609,false,מיץ פרוויטה תפוחי עץ,,IL,מיץ פרוויטה תפוחי עץ ודובדבנים  750 מל,מיליליטרים,750.00,"100 מ""ל",false,1,14.90,0.0199,true,1,60683
8606109023623,false,מיץ פרוויטה תפוחי עץ,,IL,מיץ פרוויטה תפוחי עץ ולימון ליים 750 מל,מיליליטרים,750.00,"100 מ""ל",false,1,14.90,0.0199,true,1,60685
8606109023647,false,מיץ פרוויטה סלק ותפו,,IL,מיץ פרוויטה סלק ותפוחי עץ 750 מל,מיליליטרים,750.00,"100 מ""ל",false,1,14.90,0.0199,true,1,60686
8683130008355,false,מיונז הלמנס שום לחיץ,יוניליוור ישראל שיוו,TR,הלמנס מיונז עם שום 400 גרם,גרמים,400.00,100 גרם,false,1,17.90,0.0447,true,1,69537
8683130012666,false,מגנום דאבל לבן עוגיו,שטראוס גרופ גלידות,IL,מגנום דאבל לבן עוגיות 74 גרם,גרמים,74.00,100 גרם,false,1,12.90,0.1743,true,1,70456
8690504081913,false,עוגיות טינס מצופה שו,שוורצקוף& הנקל דיסלד,TR,עוגיות טינס מצופה שוקולד חלב 150 גרם,גרמים,150.00,100 גרם,false,1,14.90,0.0993,true,1,32496
8690504081920,false,טינס מצופה שוקולד מר,שוורצקוף& הנקל דיסלד,TR,טינס מצופה שוקולד מריר 150 גרם,גרמים,150.00,100 גרם,false,1,14.90,0.0993,true,1,32495
8690504081937,false,טינס חלב וקפוצינו,שוורצקוף& הנקל דיסלד,TR,טינס חלב וקפוצינו,גרמים,150.00,100 גרם,false,1,14.90,0.0993,true,1,32497
8690504153740,false,שוקולד מריר במילוי ק,שוורצקוף& הנקל דיסלד,TR,שוקולד מריר במילוי קרם בטעם גנאש שוקולד מריר,גרמים,86.00,100 גרם,false,1,15.90,0.1849,true,1,48351
8690504156543,false,שוקולד חלב מעולה ממו,שוורצקוף& הנקל דיסלד,TR,טבלת שוקולד חלב מעולה,גרמים,86.00,100 גרם,false,1,15.90,0.1849,true,1,54060
8690530015043,false,סלפאק נייר מגבת 6 גל,איפק,,סלפאק נייר מגבת 6 גלילים,יחידה,6.00,יחידה,false,1,15.90,2.6500,true,1,71658
8690530036444,false,סלפאק נייר מגבת גליל,,TR,סלפאק נייר מגבת גליל ענק 1 6,יחידה,6.00,יחידה,false,1,11.90,1.9833,true,1,71647
8690530274471,false,סלפאק נייר טואלט דו,,TR,סלפאק נייר טואלט דו שכבתי 32 יחידות,יחידה,32.00,יחידה,false,1,37.90,1.1844,true,1,71635
8690637007705,false,שלגון מסטיגם 80 גרם,"מיוצר ע""י יוניליוור",TR,שלגון מסטיגם 80 גרם,גרמים,80.00,100 גרם,false,1,7.90,0.0988,true,1,51122
8690637073373,false,תה ארל גריי טעם ברגמ,,TR,"תה ליפטון תה שחור ארל גריי 2 גרם, 25 יחידות",גרמים,50.00,100 גרם,false,1,9.90,0.1980,true,1,7719
8690637505607,false,מרכך בדין אקסטרה פינ,יוניליוור סנאיי וי ט,TR,"מרכך בדין אקסטרה פינוק קלאסי960 מ""ל",מיליליטרים,960.00,"100 מ""ל",false,1,22.90,0.0239,true,1,68898
8690637555084,false,מרכך כביסה בדין אקסט,יוניליוור סנאיי וי ט,TR,בדין מרכך כביסה אקסטרה פריחת התפוז,מיליליטרים,960.00,"100 מ""ל",false,1,22.90,0.0239,true,1,9165
8690637688218,false,תה ירוק בטעם לימון ל,,TR,"תה ליפטון תה ירוק נגיעות לימון 1.5 גרם, 20 יחידות",גרמים,30.00,100 גרם,false,1,21.50,0.7167,true,1,19175
8690637842382,false,מגנום וניל פירות יער,שטראוס גרופ גלידות,,מגנום וניל פירות יער,גרמים,85.00,100 גרם,false,1,12.90,0.1518,true,1,32126
8690637842399,false,מאגדת מיני מגנום 1/6,שטראוס גרופ גלידות,TR,מאגדת מיני מגנום 1/6 329 גרם דאבל פרי יע,גרמים,379.00,100 גרם,false,1,34.90,0.0921,true,1,32127
8690637858734,false,"אקונומיקה פנטסטיק ג""",יונילוור טורקיה,TR,"אקונומיקה פנטסטיק ג""ל 750 מ""ל",מיליליטרים,750.00,"100 מ""ל",false,1,14.90,0.0199,true,1,49550
8690637871245,true,הלמנס מיונז אמיתי לח,יוניליוור גידה סאנ.,TR,הלמנס מיונז אמיתי לחיץ 395 גר,גרמים,395.00,100 גרם,false,1,15.90,0.0403,true,1,56169
8690637879395,false,מגנום דאבל פיסטוק 72,יוניליוור סנאי ןי טי,TR,מגנום דאבל פיסטוק 72 גרם,גרמים,72.00,100 גרם,false,1,11.90,0.1653,true,1,53012
8690637890666,false,מגנום דאבל פיסטוק מא,שטראוס גלידות,TR,מאגדת מיני מגנום 1/6 329 גרם דאבל פיסטוק,גרמים,282.00,100 גרם,false,1,31.90,0.1131,true,1,53008
8690637946301,false,מרכך כביסה בדין אקסט,יוניליוור סנאיי וי ט,TR,Badin מרכך כביסה 960 ML,מיליליטרים,960.00,"100 מ""ל",false,1,22.90,0.0239,true,1,59999
8690637946318,false,מרכך כביסה בדין בייב,יוניליוור סנאיי וי ט,TR,Badin מרכך כביסה 960 ML,מיליליטרים,960.00,"100 מ""ל",false,1,22.90,0.0239,true,1,60000
8690637989612,false,מגנום מיני דאבל דולצ,יוניליוור,TR,מגנום מיני דאבל דולצה גולד 246גרם,גרמים,246.00,100 גרם,false,1,34.90,0.1419,true,1,68454
8690637989629,false,מגנום דאבל דולצה גול,יוניליוור,TR,מגנום שלגון מגנום דאבל דולצ'ה גולד 63 גרם,גרמים,63.00,100 גרם,false,1,12.90,0.2048,true,1,68273
8690766156367,false,טבלאת שוקולד גודאייב,"אולקר מקבוצת פלאדיס,",TR,טבלת שוקולד חלב מעולה,גרמים,90.00,100 גרם,false,1,15.90,0.1767,true,1,59648
8690766156374,false,טבלאת שוקולד מריר 72,"אולקר מקבוצת פלאדיס,",TR,טבלת שוקולד מריר מעולה 72% מוצקי קקאו,גרמים,90.00,100 גרם,false,1,15.90,0.1767,true,1,59651
8690766156381,false,טבלאת שוקולד גודאייב,"אולקר מקבוצת פלאדיס,",TR,טבלת שוקולד מריר מעולה 90% מוצקי קקאו,גרמים,90.00,100 גרם,false,1,15.90,0.1767,true,1,59649
8690766156398,false,שוקולד חלב מעולה בתו,"אולקר מקבוצת פלאדיס,",TR,שוקולד חלב מעולה בתוספת שברי שקדים קלויי,גרמים,90.00,100 גרם,false,1,15.90,0.1767,true,1,67690
8690766156411,false,טבלאת שוקולד גודאייב,"אולקר מקבוצת פלאדיס,",TR,טבלאת שוקולד גודאייבה מריר בטעם פלפל 90,גרמים,90.00,100 גרם,false,1,15.90,0.1767,true,1,59650
8690777203012,false,פלפל ירוק כבוש לא חר,יוליניבר,TR,פלפל ירוק כבוש לא חריף 600 גרם,גרמים,600.00,100 גרם,false,1,13.90,0.0232,true,1,47746
8690777204071,false,פלפל חריף 640גרם SER,יוליניבר,TR,פלפל חריף 640גרם SERA,גרמים,640.00,100 גרם,false,1,13.90,0.0217,true,1,8990
8690777206051,false,חציל קלוי על האש 650,קוראהן פזלרמה וי דיס,TR,סרה חציל קלוי על האש 650 גרם,גרמים,650.00,100 גרם,false,1,13.90,0.0214,true,1,7450
8690777221405,false,פלפלים אדומים קלויים,קוראהן פזלרמה וי דיס,TR,סרה פלפלים אדומים קלויים על האש 650 גרם,גרמים,650.00,100 גרם,false,1,13.90,0.0214,true,1,8991
8691530924670,false,סירופ רימונים נטורסא,רמירז,,סירופ רימונים נטורסאן 345 גרם,גרמים,345.00,100 גרם,false,1,21.90,0.0635,true,1,13732
8691900172854,false,תחבושות קוטקס סופר 2,קימברלי,GB,תחבושות קוטקס סופר 20 יח,יחידה,20.00,יחידה,false,1,17.90,0.8950,true,1,71572
8692952013195,false,ARAS-סט(6) כוסות  30,,,"ARAS-סט(6) כוסות  305 מ""ל י-LV-ARA233F",יחידה,1.00,יחידה,false,1,33.90,33.9000,true,1,54571
8692952091834,false,"סט 6 כוסות 255 מ""ל",,,"סט 6 כוסות 255 מ""ל",יחידה,1.00,יחידה,false,1,39.90,39.9000,true,1,54573
8693357293991,false,מארז 6 יח כוס מים לו,,,מארז 6 יח כוס מים לונג 290 מל,יחידה,1.00,יחידה,false,1,29.90,29.9000,true,1,70431
8697530910743,false,סיגריות פאל מל כחול,BAT,,סיגריות פאל מל כחול חפיסה בודד,יחידה,1.00,יחידה,false,1,30.50,30.5000,false,1,6794
8697530910750,false,סיגריות פאל מל כחול,BAT,,סיגריות פאל מל כחול ארוך חפיסה בודד,יחידה,0.00,יחידה,false,1,30.50,0.0000,false,1,6795
8697530910781,false,סיגריות פאל מל אדום,BAT,,סיגריות פאל מל אדום חפיסה בודד,יחידה,1.00,יחידה,false,1,30.50,30.5000,false,1,6796
8697530911276,false,סיגריות קנט קצר חפיס,BAT,,סיגריות קנט קצר חפיסה בודד,יחידה,1.00,יחידה,false,1,37.80,37.8000,false,1,7071
8697826469092,false,עלי טורטייה 540 גרם,מוטלוקל,TR,עלי טורטייה 540 גרם,גרמים,540.00,100 גרם,false,1,11.90,0.0220,true,1,10147
8710103797951,false,One blade,,,One blade,לא מנהל יחידת מידה,0.00,לא מנהל יחידת מידה,false,1,189.00,0.0000,true,1,53293
8710103922582,false,וואן בליד מכשיר לעיצ,פיליפס,ID,וואן בליד מכשיר לעיצוב וגילוח 30דק פעולה,יחידה,1.00,יחידה,false,1,159.90,159.9000,true,1,68493
8710502139017,false,עוגיות שוקולד ציפס ט,קרלו,NL,מרבה עוגיות  טריפל שוקולד ציפס,גרמים,180.00,100 גרם,false,1,10.90,0.0606,true,1,10269
8710502194801,false,עוגיות שוקולד ציפס פ,קרלו,NL,מרבה עוגיות שוקולד צ'יפס במרקם רך עם פירות יער,גרמים,175.00,100 גרם,false,1,10.90,0.0623,true,1,26807
8710502231018,false,מיני עוגיות מרבה ש צ,"מרבה בע""מ",NL,מיני עוגיות מרבה ש ציפס 175 גרם,גרמים,175.00,100 גרם,false,1,10.90,0.0623,true,1,68249
8710502279010,false,מרבה עוגיות מצופות ש,"מרבה בע""מ",NL,מרבה עוגיות שוקולד ציפס מצופות שוקולד,גרמים,175.00,100 גרם,false,1,10.90,0.0623,true,1,67778
8710502405204,false,עוגיות שוקולד ציפס מ,קריניציה ויטמינה אס,NL,מרבה עוגיות  ממולאות קרם שוקולד,גרמים,175.00,100 גרם,false,1,10.90,0.0623,true,1,13256
8710502470028,false,עוגיות שוקולד ציפס נ,קריניציה ויטמינה אס,NL,עוגיות שוקולד ציפס נוגטלי מרבה 160 גרם,גרמים,160.00,100 גרם,false,1,10.90,0.0681,true,1,10270
8710847908446,false,אקס דאודורנט ספריי א,ארנסט. רחוב קומבינצק,RU,אקס דאודורנט ספריי אנטיפרספירנט בלאק 150,מיליליטרים,150.00,"100 מ""ל",false,1,13.90,0.0927,true,1,57643
8710847962592,false,אקס דאודורנט ספריי פ,ארנסט. רחוב קומבינצק,RU,אקס דאודורנט ספריי פינק פפר150 מל,מיליליטרים,150.00,"100 מ""ל",false,1,13.90,0.0927,true,1,59996
8710847962608,false,אקס דאודורנט ספריי מ,"יוניליוור אנגליה, דר",TR,AXE תרסיס דאו 150 ML,מיליליטרים,150.00,"100 מ""ל",false,1,13.90,0.0927,true,1,59995
8711327475618,false,פיינט מגנום וניל קלא,יוניליוור,HU,מגנום גלידת שמנת בטעם וניל 440 מל,גרמים,260.00,100 גרם,false,1,27.90,0.1073,true,1,67872
8711327475663,false,פיינט מגנום וניל שוק,יוניליוור,HU,גלידת שמנת בטעם וניל עם שוקולד לבן,גרמים,260.00,100 גרם,false,1,27.90,0.1073,true,1,67871
8711327475717,false,פיינט מגנום וניל שקד,יוניליוור,HU,מגנום גלידת שמנת בטעם וניל עם שקדים 440 מל,גרמים,260.00,100 גרם,false,1,27.90,0.1073,true,1,67873
8711327475762,false,פיינט מגנום שוקולד ל,יוניליוור,HU,מגנום גלידת שמנת שוקולד לבן ועוגיות 440 מל,גרמים,260.00,100 גרם,false,1,27.90,0.1073,true,1,67874
8711351010137,false,גלידה רפאלו סורבה מנ,יעקב בן יקר ובניו.,,"גלידה רפאלו סורבה מנגו 500 מ""ל",מיליליטרים,500.00,"100 מ""ל",false,1,42.50,0.0850,true,1,2747
8712000050146,false,בירה הייניקן בקבוק 3,טמפו,IL,"בירה הייניקן ללא אלכוהול בקבוק 330 מ""ל",מיליליטרים,330.00,"100 מ""ל",false,1,7.90,0.0239,true,1,53759
8712000051099,false,בירה הייניקן שישייה,"מבשלת היינקן, ריטבלד",NL,היינקן בירה לאגר ללא אלכוהול מארז שישייה,ליטרים,1.98,ליטר,false,1,39.90,20.1515,true,1,53758
8712100859939,false,גלידה WICH בצק עוגיו,אווגה,GR,קסטה WICH בצק עוגיות,גרמים,80.00,100 גרם,false,1,11.90,0.1488,true,1,26730
8712400802512,false,נוטרילון שלב      2,פרוטרופיק סיה.,NL,נוטרילון שלב 800 2 גרם,גרמים,800.00,100 גרם,false,1,68.90,0.0861,true,1,12281
8712400802536,false,נוטרילון שלב      3,פרוטרופיק סיה.,NL,נוטרילון 3- 800 גרם,גרמים,800.00,100 גרם,false,1,68.90,0.0861,true,1,12282
8712561594240,false,תחליב רחצה דאב להזנה,"יוניליוור גרמניה, Gm",DE,דאב  תחליב רחצה להזנה עמוקה 500 מל,מיליליטרים,500.00,"100 מ""ל",false,1,19.90,0.0398,true,1,23688
8712561611183,false,תחליב רחצה דאב מלפפו,"יוניליוור גרמניה, Gm",DE,דאב  תחליב רחצה מלפפון ותה ירוק 500 מל,מיליליטרים,500.00,"100 מ""ל",false,1,19.90,0.0398,true,1,23687
8714443620030,false,מרק ירקות אורגני,תות תעשיות מזון (201,NL,מרק ירקות,גרמים,200.00,100 גרם,false,1,32.90,0.1645,true,1,41506
8714599412336,false,גייקובס קפה בריסטה א,ג'ייקובס דאו אגברטס,RU,ג'ייקובס בריסטה אמריקנו קפה נמס עם קלוי וטחון,גרמים,160.00,100 גרם,false,1,30.90,0.1931,true,1,69526
8714599512159,false,גייקובס מגורען 190 ג,"אל.אל.סי ""גייקובס דא",RU,גייקובס מגורען 190 גרם,גרמים,190.00,100 גרם,false,1,28.90,0.1521,true,1,70812
8714599513781,false,"קפה גיקובס גולד כשל""",אל.אל. סי ג''יקובס ד,RU,"קפה גיקובס גולד כשל""פ 200 גרם",גרמים,200.00,100 גרם,false,1,29.90,0.1495,true,1,25537
8714789582764,false,אגקס לניקוי חלונות ט,"ש. שסטוביץ בע""מ",GR,"אגקס לניקוי חלונות טריגר 750 מ""ל",מיליליטרים,750.00,"100 מ""ל",false,1,16.90,0.0225,true,1,12741
8714789740058,false,מברשת שיניים קולגייט,"ש. שסטוביץ בע""מ",CN,קולגייט מברשת טוויסטר זוג סופט,יחידה,1.00,יחידה,false,1,19.90,19.9000,true,1,14281
8715035150300,false,רוטב סויה קיקומן ללא,קיקומן פודז יורופ בי,NL,רוטב סויה קיקומן ללא גלוטן 250 מל,מיליליטרים,250.00,"100 מ""ל",false,1,23.90,0.0956,true,1,52240
8715035520301,false,רוטב סויה ולימון פונ,קיקומן פודז יורופ בי,NL,קיקומן פונזו רוטב יפני על בסיס סויה ולימן,מיליליטרים,250.00,"100 מ""ל",false,1,23.90,0.0956,true,1,53501
8715700419695,true,רוטב ברביקיו מתוק,יוניליוור גרמניה  Gm,NL,היינץ רוטב ברביקיו מתוק 500 גרם,גרמים,500.00,100 גרם,false,1,21.90,0.0438,true,1,55312
8715700419732,false,מתבל עגבניות היינץ 7,ה.י. היינץ,NL,היינץ מתבל עגבניות 700 גרם,גרמים,700.00,100 גרם,false,1,13.90,0.0199,true,1,18788
8715700422473,false,מיונז היינץ ללא חומר,ה.י.היינץ,NL,היינץ ממרח לחיץ ללא חומרים משמרים,גרמים,395.00,100 גרם,false,1,15.90,0.0403,true,1,70905
8715700423906,false,מתבל עגבניות 50% פחו,היינץ צפון אמריקה מק,NL,היינץ מתבל עגבניות 50/50 550 גרם,גרמים,555.00,100 גרם,false,1,11.90,0.0214,true,1,32716
8717163647240,false,דאודורנט ספריי AXE ש,ארנסט. רחוב קומבינצק,TR,אקס  דאודורנט ספריי גוף שוקולד 150 מל,מיליליטרים,150.00,"100 מ""ל",false,1,13.90,0.0927,true,1,54015
8717163647295,false,אקס ספריי צארג אפ 15,יוניליוור אנגליה,IL,"אקס ספריי צארג אפ 150 מ""ל",מיליליטרים,150.00,"100 מ""ל",false,1,13.90,0.0927,true,1,60606
8717163658314,true,תחליב רחצה דאב sensi,יוניליוור גרמניה Gmb,DE,תחליב רחצה דאב sensitive skin עם מים מיס,Unknown,0.00,Unknown,false,1,19.90,0.0000,true,1,53561
8717163842669,false,תחליב רחצה דאב חימר,יוניליוור,DE,DOVE ג'ל רחצה 500 ML,מיליליטרים,500.00,"100 מ""ל",false,1,19.90,0.0398,true,1,58977
8717163842676,false,תחליב רחצה דאב חימר,יוניליוור גרמניה Gmb,DE,DOVE ג'ל רחצה 500 ML,מיליליטרים,500.00,"100 מ""ל",false,1,19.90,0.0398,true,1,58771
8717644390566,false,סבון מוצק תמצית מלפפ,HIQ FOOD PRODUCTS,DE,סבון מוצק תמצית מלפפון דאב רביעייה,גרמים,400.00,100 גרם,false,1,21.90,0.0547,true,1,7434
8717677336616,false,שוקולד מריר עם שקדים,אלפרד ריטר,NL,שוקולד מריר עם שקדים ומלח טוניס,גרמים,180.00,100 גרם,false,1,19.90,0.1106,true,1,70103
8717677336630,false,שוקולד חלב עם שקדים,אלפרד ריטר,NL,שוקולד חלב עם שקדים ודבש טוניס,גרמים,180.00,100 גרם,false,1,19.90,0.1106,true,1,70101
8717677336654,false,שוקולד חלב מעולה עם,,NL,שוקולד חלב מעולה עם שברי קרמל מלוח 180 ג,גרמים,180.00,100 גרם,false,1,19.90,0.1106,true,1,71600
8717677336661,false,שוקולד מריר 70% 180,אלפרד ריטר,NL,טוניס' שוקולונלי - שוקולד מריר מעולה 70%,גרמים,180.00,100 גרם,false,1,19.90,0.1106,true,1,70102
8717677338436,false,שוקולד חלב עם אגוזי,אלפרד ריטר,NL,שוקולד חלב עם אגוזי לוז קצוצים טוניס,גרמים,180.00,100 גרם,false,1,19.90,0.1106,true,1,70100
8718114724485,false,מיונז הלמנס לחיץ 750,יוניליוור,GB,מיונז הלמנס לחיץ 750 גרם,גרמים,750.00,100 גרם,false,1,24.90,0.0332,true,1,71918
8718951166288,false,משחת שיניים קולגייט,קולגייט פלמוליב,PL,קולגייט משחת שיניים מקס וייט 125 מל,מיליליטרים,100.00,"100 מ""ל",false,1,16.90,0.1690,true,1,50036
8718951166561,false,משחת שיניים קולגייט,קולגייט פלמוליב,PL,קולגייט משחת שיניים מקס פרש COOL MINT 125 מל,מיליליטרים,125.00,"100 מ""ל",false,1,16.90,0.1352,true,1,50037
8718951190191,false,אגקס טריגר בוסט לימו,קולגייט פלמוליב פירא,GR,אג'קס טריגר בוסט לימון וסודה 500 מל,מיליליטרים,500.00,"100 מ""ל",false,1,14.90,0.0298,true,1,50904
8718951236790,false,משחת שיניים קולגייט,Colgate (Euro)-Palmo,PL,"משחת שיניים קולגייט טוטל משפחתי 100 מ""ל",מיליליטרים,100.00,"100 מ""ל",false,1,18.90,0.1890,true,1,53193
8718951236806,false,משחת שיניים קולגייט,Colgate (Euro)-Palmo,PL,משחת שיניים קולגייט,מיליליטרים,100.00,"100 מ""ל",false,1,18.90,0.1890,true,1,53192
8718951248656,false,פלמוליב פרוטאין 500מ,CP UK,IT,פלמוליב פרוטאין 500מל,מיליליטרים,500.00,"100 מ""ל",false,1,17.90,0.0358,true,1,67412
8718951254527,false,קולגייט זוג מברשות 3,CP UK,PL,קולגייט סנסיטיב פרו רליף חוזק מוגבר להקל,מיליליטרים,75.00,"100 מ""ל",false,1,25.90,0.3453,true,1,56543
8718951264618,false,קולגייט אופטיק וייט,קולגייט-פלמוליב,PL,"קולגייט אופטיק וייט פחם פעיל 75 מ""ל",מיליליטרים,75.00,"100 מ""ל",false,1,29.90,0.3987,true,1,59887
8718951443358,false,פלמוליב סבון ידיים ה,CP UK,TR,פלמוליב סבון ידיים היגיינה שלישייה,יחידה,1.00,יחידה,false,1,27.90,27.9000,true,1,68714
8718951443396,false,פלמוליב סבון ידיים ח,CP UK,TR,פלמוליב סבון ידיים חלב ודבש שלישייה,יחידה,1.00,יחידה,false,1,27.90,27.9000,true,1,68715
8718951466371,false,מרידול משחת שיניים 7,,PL,מרידול משחת שיניים 75 מל,מיליליטרים,75.00,"100 מ""ל",false,1,19.90,0.2653,true,1,71715
8719200998001,false,בלו בנד עם מלח 200 ג,מיוצר עי קונדיטוריית,IL,בלו בנד עם מלח 200 גרם,גרמים,200.00,100 גרם,false,1,4.70,0.0235,true,1,58806
8719200998018,false,מרגרינה בטעם חמאה מח,פארייפאבה אגרואינדוס,IL,מרגרינה בטעם חמאה מחמאה 200 גרם,גרמים,200.00,100 גרם,false,1,5.30,0.0265,true,1,68
8720100012445,false,ופל טוסט בלגי 12 יחי,דה בנקט גרופ,,ופל טוסט בלגי 12 יחידות 250 גרם,גרמים,250.00,100 גרם,false,1,12.90,0.0516,true,1,7476
8720181114489,false,ספריי אקס שחור 150 מ,יוניליוור,GB,"ספריי אקס שחור 150 מ""ל",מיליליטרים,150.00,"100 מ""ל",false,1,13.90,0.0927,true,1,70956
8720181114496,false,ספרי גוף אקס שוקולד,יוניליוור,GB,"ספרי גוף אקס שוקולד 150 מ""ל",מיליליטרים,150.00,"100 מ""ל",false,1,13.90,0.0927,true,1,70957
8720182990396,false,תה ליפטון שחור קלאסי,ליפטון,GB,"תה ליפטון שחור קלאסיק, 180 גרם",גרמים,180.00,100 גרם,false,1,14.90,0.0828,true,1,71754
8721200060107,false,ופל בקרסלנד סטרופ 10,דה בנקט גרופ,,ופל בקרסלנד סטרופ 100 גרם,גרמים,100.00,100 גרם,false,1,14.90,0.1490,true,1,9923
8801055707966,false,נסקפה טייסטר צויס בר,לוטה נסטלה קוריאה,,נסקפה טייסטרס צ'ויס בריסטה 12*180גרם,גרמים,180.00,100 גרם,false,1,35.90,0.1994,true,1,26594
8801055708772,false,נסקפה טייסטרס צויס מ,לוטה נסטלה קוריאה,IL,טייסטרס צויס מארז 8*200ג'+50ג',גרמים,250.00,100 גרם,false,1,34.90,0.1396,true,1,58872
8801055709465,false,אבקה להכנת משקה קפה,לוטה נסטלה קוריאה,DE,אבקה להכנת משקה קפה בטעם וניל 18.5 גרם,גרמים,19.00,100 גרם,false,1,21.90,1.1526,true,1,70687
8801055709472,false,אבקה להכנת משקה קפה,לוטה נסטלה קוריאה,DE,אבקה להכנת משקה קפה בטעם קפוצינו  125 גר,גרמים,125.00,100 גרם,false,1,21.90,0.1752,true,1,70688
8802241132821,false,חטיף אצות 3 יח,"מאן גו'ן פוד בע""מ",,חטיף אצות 3 יח,גרמים,14.00,100 גרם,false,1,12.90,0.9214,true,1,31756
8850161160851,false,מי קוקוס קוקו מקס 35,פארייפאבה אגרואינדוס,TH,"קוקו מקס 100% מי  קוקוס 350 מ""ל",מיליליטרים,350.00,"100 מ""ל",false,1,9.50,0.0271,true,1,54350
8850206250592,false,רוטב צילי סריראצה 54,Yantai Yinsida Longk,TH,רוטב צילי סריראצה 540 גרם,גרמים,540.00,100 גרם,false,1,19.90,0.0369,true,1,70967
8850367994021,false,רוטב צילי מתוק ללא ס,Flavor full foods in,TW,"רוטב צילי מתוק ללא סוכר 280 מ""ל (כ)(ללא גלוטן)",מיליליטרים,280.00,"100 מ""ל",false,1,11.90,0.0425,true,1,70300
8850389103111,false,משקה סאפה אלוורה ענב,פארייפאבה אגרואינדוס,TH,"סאפה אלוורה ענבים בקבוק 300 מ""ל",מיליליטרים,300.00,"100 מ""ל",false,1,7.90,0.0263,true,1,6550
8850389103128,false,משקה סאפה אלוורה תפו,פארייפאבה אגרואינדוס,TH,"סאפה תפוח בקבוק 300 מ""ל 24 יח",מיליליטרים,300.00,"100 מ""ל",false,1,7.90,0.0263,true,1,6551
8850389103159,false,משקה ליצי עם חתיכות,סאפה פובליק קומפני ל,TH,"משקה ליצי עם חתיכות גלי קוקוס 320 מ""ל",מיליליטרים,320.00,"100 מ""ל",false,1,7.90,0.0247,true,1,70212
8850389104637,false,משקה סאפה אלוורה אפר,פארייפאבה אגרואינדוס,TH,"סאפה אלוורה אפרסק בקבוק 300 מ""ל",מיליליטרים,300.00,"100 מ""ל",false,1,7.90,0.0263,true,1,8741
8850389105825,false,משקה סאפה אלוורה ענב,פארייפאבה אגרואינדוס,TH,סאפה משקה אלוורה בטעם ענבים,ליטרים,1.00,ליטר,false,1,15.90,15.9000,true,1,10252
8850389105832,false,משקה סאפה אלוורה תפו,פארייפאבה אגרואינדוס,TH,סאפה תפוח אלוורה בקבוק ליטר,ליטרים,1.00,ליטר,false,1,15.90,15.9000,true,1,10673
8850389105849,false,משקה סאפה אלוורה אפר,פארייפאבה אגרואינדוס,TH,סאפה אפרסק אלוורה בקבוק ליטר,ליטרים,1.00,ליטר,false,1,15.90,15.9000,true,1,10253
8850389111352,false,מוגו מוגו ליצי 320 מ,סאפה פובליק קומפני ל,TH,"מוגו מוגו ליצי 320 מ""ל",מיליליטרים,320.00,"100 מ""ל",false,1,7.90,0.0247,true,1,70213
8850389115312,false,משקה סאפה אלוורה מלו,סאפה פובליק קומפני ל,TH,"סאפה אלוורה מלון בקבוק 300 מ""ל",מיליליטרים,330.00,"100 מ""ל",false,1,7.90,0.0239,true,1,32489
8850389115336,false,משקה סאפה אלוורה מלו,פארייפאבה אגרואינדוס,TH,סאפה משקה אלוורה בטעם מלון,ליטרים,1.00,ליטר,false,1,15.90,15.9000,true,1,32490
8858271002887,false,רוטב טריאקי,Yan Wal Yun Corpora,TH,רוטב טריאקי 250 מל,מיליליטרים,250.00,"100 מ""ל",false,1,12.90,0.0516,true,1,70282
8858271004300,false,רוטב טריאקי 700 מל מ,Fujian fuzhou tian s,CN,רוטב טריאקי 700 מל מקסצאפ,מיליליטרים,700.00,"100 מ""ל",false,1,21.90,0.0313,true,1,70291
8858271004799,false,רוטב צילי מתוק700 מל,Yan Wal Yun Corpora,TH,רוטב צילי מתוק700 מל,מיליליטרים,700.00,"100 מ""ל",false,1,13.90,0.0199,true,1,70279
8858271005451,false,רוטב סויה פורמולה 1,Yan Wal Yun Corpora,TH,"רוטב סויה פורמולה 1 - 250 מ""ל מקסצאפ",מיליליטרים,250.00,"100 מ""ל",false,1,12.90,0.0516,true,1,70299
8888021200256,false,"סוללות אנרג""יזר  AA",,SG,סוללת אנרג'ייזר AA,Unknown,0.00,Unknown,false,1,28.90,0.0000,true,1,62212
8888021200720,false,סוללות AAA שמיניה,,SG,סוללת אנרג'ייזר AAA,Unknown,0.00,Unknown,false,1,28.90,0.0000,true,1,61884
8901483010505,false,קורנישונים בחומץ,יושלם,,קורנישונים בחומץ 690 גרם,גרמים,690.00,100 גרם,false,1,11.90,0.0172,true,1,11261
8901537024014,false,אורז בסמטי מובחר דוו,אל.טי.פודס בעמ,IN,אורז בסמטי 1 DAAWAT קג,קילוגרמים,1.00,"ק""ג",false,1,14.90,14.9000,true,1,8992
8901571011018,false,מברשת שיניים סנסודיי,הנקל,DE,מברשת שיניים סנסודיין שלישייה,יחידה,3.00,יחידה,false,1,13.90,4.6333,true,1,71074
8906059700385,false,טייסטל תבשיל הודי צא,טייסטל פיין פוד,IN,טייסטל תבשיל הודי צאנה מסאלה עם חומוס 3,גרמים,300.00,100 גרם,false,1,19.90,0.0663,true,1,71278
8906059700408,false,טייסטל תבשיל הודי דא,טייסטל פיין פוד,IN,טייסטל תבשיל הודי דאל מקאני עם שעועית 300 גרם,גרמים,300.00,100 גרם,false,1,19.90,0.0663,true,1,71280
8906059700507,false,טייסטל תבשיל הודי דא,טייסטל פיין פוד,IN,טייסטל תבשיל הודי דאל טדקה עם עדשים 300,גרמים,300.00,100 גרם,false,1,19.90,0.0663,true,1,71279
8934878081811,false,דפי אורז 22 סמ 400 ג,Xiamen zhongshi impo,CN,דפי אורז 22 סמ 400 גרם,גרמים,400.00,100 גרם,false,1,14.90,0.0373,true,1,70280
8994692446296,false,קונוס 40 חום,,,קונוס 40 חום,יחידה,1.00,יחידה,false,1,29.90,29.9000,false,1,54650
8994692541038,false,קונוס לגלגול 3 יחידו,,,קונוס לגלגול 3 יחידות,Unknown,0.00,Unknown,false,1,6.90,0.0000,false,1,55617
9001616202186,false,מאמ בקבוק תינוק 330,,AU,מאמ בקבוק תינוק 330 BOY,יחידה,1.00,יחידה,false,1,41.90,41.9000,true,1,7106
9001616702983,false,מאמ בקבוק תינוק 330,,AU,מאמ בקבוק תינוק 330 GIRL,יחידה,1.00,יחידה,false,1,41.90,41.9000,true,1,58780
9002975393836,false,הריבו האפי קולה 70 ג,"האריבו , ג'י.אם.בי.א",AT,סוכריות גומי בטעם קולה 70 גרם,גרמים,70.00,100 גרם,false,1,8.90,0.1271,true,1,68577
9002975393843,false,הריבו גולדברס 70 גרם,"האריבו , ג'י.אם.בי.א",AT,סוכריות גומי בטעמי פירות דובונים 70 גרם,גרמים,70.00,100 גרם,false,1,8.90,0.1271,true,1,68578
9002975393850,false,הריבו וורמס 70 גרם,"האריבו , ג'י.אם.בי.א",AT,סוכריות גומי בטעמי פירות נחשים 70 גרם,גרמים,70.00,100 גרם,false,1,8.90,0.1271,true,1,68579
9044400851672,false,סוכריות פז בובה,פז,HU,סוכריות פז בובה,גרמים,26.00,100 גרם,false,1,13.90,0.5346,true,1,70661
9120025834723,false,חטיפי אוראו מצונן 12,בובארד איטליה אס.פי.,IT,חטיפי אוראו מצונן 120גרם מאגדת,גרמים,120.00,100 גרם,false,1,15.90,0.1325,true,1,71588
9120025839896,false,חטיפי מילקה מצונן 12,בובארד איטליה אס.פי.,IT,חטיפי מילקה מצונן 128גרם מאגדת,גרמים,128.00,100 גרם,false,1,15.90,0.1242,true,1,71589
9310072028743,false,טים טם מצופה שוקולד,"ארנוטס ביסקוויטס בע""",AU,טים טם אורגינל 200 גר,גרמים,200.00,100 גרם,false,1,21.90,0.1095,true,1,26007
9310072028750,false,טים טם מצופה שוקולד,"ארנוטס ביסקוויטס בע""",AU,טים טם דאבל 200 גר,גרמים,200.00,100 גרם,false,1,21.90,0.1095,true,1,25581
9322969000015,false,פריכיות תירס טעם טבע,ריאל פודס בעמ,AU,רילפוד- פריכיות תירס בטעם טבעי 150 גר',גרמים,150.00,100 גרם,false,1,14.90,0.0993,true,1,3793
9322969000022,false,פריכיות תירס עם סויה,ריל פודס בעמ,AU,פריכיות תירס עם סויה וזרעי פשת 150 גרם,גרמים,150.00,100 גרם,false,1,14.90,0.0993,true,1,10191
9322969000039,true,פריכיות תירס עם 4 דג,ריאל פודס בעמ,AU,פריכיות תירס עם 4 דגנים מלאים,גרמים,150.00,100 גרם,false,1,14.90,0.0993,true,1,49235
9322969000046,false,פריכיות תירס אורגניו,ריאל פודס בעמ,AU,ריל פוד פריכיות תירס עם שומשום 150 גרם,גרמים,150.00,100 גרם,false,1,14.90,0.0993,true,1,10192
9421018071508,false,יין מד האוס 750,יוליניבר,NZ,מאד האוס כשר סוביניון בלאן כשר,מיליליטרים,750.00,"100 מ""ל",false,1,64.90,0.0865,true,1,58160
9720188050109,false,טופוטי ממרח על בסיס,טופוטי ברנדס אינק.ג',IL,טופוטי - ממרח טופו בטעם גבינה - 225 גר,גרמים,225.00,100 גרם,false,1,24.90,0.1107,true,1,2495
9720188060108,false,טופוטי ממרח על בסיס,טופוטי ברנדס אינק.ג',IL,טופוטי - ממרח טופו בטעם שמנת - 340 גר',גרמים,360.00,100 גרם,false,1,24.90,0.0692,true,1,2496
