code,internal_code,name,manufacturer_name,manufacture_country,manufacturer_item_description,unit_qty,quantity,unit_of_measure,weighted,qty_in_package,price,unit_of_measure_price,allow_discount,status,item_id
55,true,משלוחים לבית,,,משלוחים לבית,יחידה,0.00,יחידה,false,,29.90,0.0000,true,1,34401
96,true,משלוח אינטרנטי.,,,משלוח אינטרנטי.,יחידה,0.00,יחידה,false,,29.00,0.0000,true,1,34409
103,true,לחמניה בריאות,,,לחמניה בריאות,,1.00,יח',false,,4.20,4.2000,true,1,2400
163,true,פטריות שמפיניון תפזו,,,פטריות שמפיניון תפזו,קילוגרמים,1.00,"ק""ג",true,,39.90,39.9000,true,1,50712
164,true,פטריות חורש תפזורת,,,פטריות חורש תפזורת,קילוגרמים,1.00,"ק""ג",true,,39.90,39.9000,true,1,50713
301,true,בקבוק ריק חוזר בירה,,,בקבוק ריק חוזר בירה,יחידה,0.00,יחידה,false,,1.20,0.0000,true,1,6864
374,true,פטריות שמפניון,,,פטריות שמפניון,,1.00,יח',false,,8.90,8.9000,true,1,50715
403,true,מאפה כיס פרלין פרימי,,,מאפה כיס פרלין פרימי,קילוגרמים,1.00,"ק""ג",true,,45.50,45.5000,true,1,2410
413,true,רול/קוקטייל בולגרית/,,,רול/קוקטייל בולגרית/,קילוגרמים,1.00,"ק""ג",true,,50.00,50.0000,true,1,2411
493,true,פריט מבצע ב-10ש`ח,,,פריט מבצע ב-10ש`ח,יחידה,0.00,יחידה,false,,10.00,0.0000,true,1,27528
505,true,כלי בית טקסטיל,,,כלי בית טקסטיל,יחידה,0.00,יחידה,false,,44.90,0.0000,true,1,27533
572,true,קופון מצטרף חדש למוע,,,קופון מצטרף חדש למוע,יחידה,0.00,יחידה,false,,0.01,0.0000,true,1,34419
996,true,חלה קלועה,,,חלה קלועה,,1.00,יח',false,,11.90,11.9000,true,1,2420
997,true,מיני חלה,,,מיני חלה,יחידה,0.00,יחידה,false,,6.90,0.0000,true,1,2421
998,true,חלה מתוקה קלועה,,,חלה מתוקה קלועה,,1.00,,false,,11.90,11.9000,true,1,2422
1003,true,לחמניה עגולה כפרית,,,לחמניה עגולה כפרית,,1.00,יח',false,,3.00,3.0000,true,1,2423
1009,true,בגט שלם,,,בגט שלם,,1.00,,false,,4.90,4.9000,true,1,2426
1014,true,בגט רוסטיק,,,בגט רוסטיק,,1.00,,false,,8.50,8.5000,true,1,2428
1028,true,חצי בגט,,,חצי בגט,,1.00,,false,,3.50,3.5000,true,1,2431
1058,true,חלה רגילה/חלה ציפורי,,,חלה רגילה/חלה ציפורי,,500.00,100 ליטר,false,,5.17,0.0103,true,1,4440
1059,true,חלה מתוקה 500 גרם,,,חלה מתוקה 500 גרם,,500.00,100 ליטר,false,,11.90,0.0238,true,1,4441
1073,true,סופגניה גדולה בודדת,,,סופגניה גדולה בודדת,יחידה,0.00,יחידה,false,,3.90,0.0000,true,1,2435
1079,true,מיני סופגניה בודדת,,,מיני סופגניה בודדת,יחידה,0.00,יחידה,false,,3.30,0.0000,true,1,2438
1091,true,צנונית בייבי,,,צנונית בייבי,,400.00,100 גרם,false,,5.90,0.0148,true,1,35536
1128,true,אגס חום,,,אגס חום,קילוגרמים,1.00,"ק""ג",true,,15.90,15.9000,true,1,50722
1212,true,לחמנית כריך/ביס/לבן/,,,לחמנית כריך/ביס/לבן/,,1.00,,false,,2.50,2.5000,true,1,2442
1216,true,לחמנית אצבע/מיוחדת,,,לחמנית אצבע/מיוחדת,יחידה,0.00,יחידה,false,,2.00,0.0000,true,1,4447
1221,true,לחמניה כפולה קלועה/מ,,,לחמניה כפולה קלועה/מ,יחידה,0.00,יחידה,false,,2.90,0.0000,true,1,4452
1488,true,אשכולית אדומה,,,אשכולית אדומה,קילוגרמים,1.00,"ק""ג",true,,5.90,5.9000,true,1,50731
1494,true,תפו`א לבן תפזורת,,,תפו`א לבן תפזורת,קילוגרמים,1.00,"ק""ג",true,,4.90,4.9000,true,1,50736
1495,true,תפו`א אדום תפזורת,,,תפו`א אדום תפזורת,קילוגרמים,1.00,"ק""ג",true,,5.90,5.9000,true,1,50737
1500,true,פלפל כתום,,,פלפל כתום,קילוגרמים,1.00,"ק""ג",true,,9.90,9.9000,true,1,50740
1501,true,עגבניות,,,עגבניות,קילוגרמים,1.00,"ק""ג",true,,6.90,6.9000,true,1,50741
1502,true,מלפפונים,,,מלפפונים,קילוגרמים,1.00,"ק""ג",true,,5.90,5.9000,true,1,50742
1503,true,גזר ארוז,,,גזר ארוז,קילוגרמים,1.00,"ק""ג",true,,3.90,3.9000,true,1,50743
1504,true,סלק,,,סלק,קילוגרמים,1.00,"ק""ג",true,,3.90,3.9000,true,1,50744
1505,true,כרוב לבן,,,כרוב לבן,קילוגרמים,1.00,"ק""ג",true,,3.90,3.9000,true,1,50745
1506,true,כרוב אדום,,,כרוב אדום,קילוגרמים,1.00,"ק""ג",true,,5.90,5.9000,true,1,50746
1507,true,כרובית,,,כרובית,קילוגרמים,1.00,"ק""ג",true,,8.90,8.9000,true,1,50747
1510,true,קישואים,,,קישואים,קילוגרמים,1.00,"ק""ג",true,,7.90,7.9000,true,1,50748
1511,true,חצילים,,,חצילים,קילוגרמים,1.00,"ק""ג",true,,7.90,7.9000,true,1,50749
1513,true,פלפל ירוק,,,פלפל ירוק,קילוגרמים,1.00,"ק""ג",true,,8.90,8.9000,true,1,50750
1514,true,פלפל בהיר,,,פלפל בהיר,קילוגרמים,1.00,"ק""ג",true,,8.90,8.9000,true,1,50751
1515,true,פלפל חריף,,,פלפל חריף,קילוגרמים,1.00,"ק""ג",true,,8.90,8.9000,true,1,50752
1516,true,פלפל אדום,,,פלפל אדום,קילוגרמים,1.00,"ק""ג",true,,9.90,9.9000,true,1,50753
1519,true,בצל יבש,,,בצל יבש,קילוגרמים,1.00,"ק""ג",true,,4.90,4.9000,true,1,50756
1521,true,קולורבי,,,קולורבי,קילוגרמים,1.00,"ק""ג",true,,6.90,6.9000,true,1,50757
1522,true,חסה ערבית,,,חסה ערבית,,1.00,יח',false,,4.90,4.9000,true,1,50758
1527,true,פטרוזיליה גומי,,,פטרוזיליה גומי,,1.00,יח',false,,3.50,3.5000,true,1,35537
1528,true,כוסברה גומי,,,כוסברה גומי,,1.00,יח',false,,3.50,3.5000,true,1,35538
1529,true,שמיר גומי,,,שמיר גומי,,1.00,יח',false,,3.50,3.5000,true,1,35539
1530,true,נענע גומי,,,נענע גומי,,1.00,יח',false,,3.50,3.5000,true,1,35540
1531,true,לפת,,,לפת,קילוגרמים,1.00,"ק""ג",true,,6.90,6.9000,true,1,50761
1535,true,תפו`א אדום ארוז,,,תפו`א אדום ארוז,קילוגרמים,1.00,"ק""ג",true,,4.90,4.9000,true,1,50764
1541,true,ארטישוק,,,ארטישוק,קילוגרמים,1.00,"ק""ג",true,,18.90,18.9000,true,1,50768
1542,true,ערמונים,,,ערמונים,קילוגרמים,1.00,"ק""ג",true,,18.90,18.9000,true,1,50769
1545,true,שום ארוז ייבוא יח',,,שום ארוז ייבוא יח',,1.00,יח',false,,4.90,4.9000,true,1,50772
1546,true,אבטיח אישי,,,אבטיח אישי,קילוגרמים,1.00,"ק""ג",true,,4.90,4.9000,true,1,50773
1547,true,שומר,,,שומר,קילוגרמים,1.00,"ק""ג",true,,6.90,6.9000,true,1,50774
1548,true,תות שדה ביח',,,תות שדה ביח',,1.00,יח',false,,19.90,19.9000,true,1,47815
1550,true,תפו`א לבן ארוז,,,תפו`א לבן ארוז,קילוגרמים,1.00,"ק""ג",true,,3.90,3.9000,true,1,50775
1551,true,לימון,,,לימון,קילוגרמים,1.00,"ק""ג",true,,7.90,7.9000,true,1,50776
1552,true,תפוז,,,תפוז,קילוגרמים,1.00,"ק""ג",true,,5.90,5.9000,true,1,50777
1553,true,ענב לבן,,,ענב לבן,קילוגרמים,1.00,"ק""ג",true,,29.90,29.9000,true,1,50778
1555,true,תפוז ארוז,,,תפוז ארוז,קילוגרמים,1.00,"ק""ג",true,,4.90,4.9000,true,1,50780
1556,true,בננה מובחרת,,,בננה מובחרת,קילוגרמים,1.00,"ק""ג",true,,6.90,6.9000,true,1,50781
1557,true,צנון,,,צנון,קילוגרמים,1.00,"ק""ג",true,,6.90,6.9000,true,1,50782
1558,true,אשכולית צהובה,,,אשכולית צהובה,קילוגרמים,1.00,"ק""ג",true,,5.90,5.9000,true,1,50783
1560,true,דלעת ארוזה,,,דלעת ארוזה,קילוגרמים,1.00,"ק""ג",true,,9.90,9.9000,true,1,50785
1561,true,תפוח עץ זהוב,,,תפוח עץ זהוב,קילוגרמים,1.00,"ק""ג",true,,9.90,9.9000,true,1,50786
1562,true,תפוח עץ יונתן,,,תפוח עץ יונתן,קילוגרמים,1.00,"ק""ג",true,,9.90,9.9000,true,1,50787
1563,true,תפוח עץ חרמון,,,תפוח עץ חרמון,קילוגרמים,1.00,"ק""ג",true,,9.90,9.9000,true,1,50788
1564,true,תפוח עץ סמיט,,,תפוח עץ סמיט,קילוגרמים,1.00,"ק""ג",true,,9.90,9.9000,true,1,50789
1568,true,רימון,,,רימון,קילוגרמים,1.00,"ק""ג",true,,9.90,9.9000,true,1,50792
1570,true,קלמנטינה,,,קלמנטינה,קילוגרמים,1.00,"ק""ג",true,,5.90,5.9000,true,1,50793
1572,true,אבוקדו מובחר,,,אבוקדו מובחר,קילוגרמים,1.00,"ק""ג",true,,7.90,7.9000,true,1,50795
1574,true,בטטה מתוקה,,,בטטה מתוקה,קילוגרמים,1.00,"ק""ג",true,,8.90,8.9000,true,1,50797
1576,true,אגס,,,אגס,קילוגרמים,1.00,"ק""ג",true,,11.90,11.9000,true,1,50798
1581,true,פלפל צהוב,,,פלפל צהוב,קילוגרמים,1.00,"ק""ג",true,,9.90,9.9000,true,1,50800
1588,true,תירס ארוז,,,תירס ארוז,קילוגרמים,1.00,"ק""ג",true,,9.90,9.9000,true,1,50804
1590,true,פומלה,,,פומלה,קילוגרמים,1.00,"ק""ג",true,,7.90,7.9000,true,1,50805
1591,true,ענב אדום,,,ענב אדום,קילוגרמים,1.00,"ק""ג",true,,29.90,29.9000,true,1,50806
1602,true,תפוח עץ חרמון ברשת,,,תפוח עץ חרמון ברשת,קילוגרמים,1.00,"ק""ג",true,,9.90,9.9000,true,1,359601
1603,true,אבוקדו ברשת,,,אבוקדו ברשת,קילוגרמים,1.00,"ק""ג",true,,9.90,9.9000,true,1,50811
1604,true,אפרסמון,,,אפרסמון,קילוגרמים,1.00,"ק""ג",true,,13.90,13.9000,true,1,50812
1607,true,תפו`א קטן אפיה ארוז,,,תפו`א קטן אפיה ארוז,קילוגרמים,1.00,"ק""ג",true,,3.90,3.9000,true,1,50815
1608,true,זנגוויל\גינגיר תפזור,,,זנגוויל\גינגיר תפזור,קילוגרמים,1.00,"ק""ג",true,,24.90,24.9000,true,1,50816
1610,true,שרי אשכולות לקג,,,שרי אשכולות לקג,קילוגרמים,1.00,"ק""ג",true,,18.90,18.9000,true,1,50817
1613,true,דלורית,,,דלורית,קילוגרמים,1.00,"ק""ג",true,,5.90,5.9000,true,1,50819
1615,true,בצל אדום,,,בצל אדום,קילוגרמים,1.00,"ק""ג",true,,6.90,6.9000,true,1,50821
1617,true,אננס,,,אננס,,1.00,יח',false,,37.90,37.9000,true,1,50822
1619,true,פומלית,,,פומלית,קילוגרמים,1.00,"ק""ג",true,,5.90,5.9000,true,1,50824
1632,true,קישוא זוקיני ירוק,,,קישוא זוקיני ירוק,קילוגרמים,1.00,"ק""ג",true,,11.90,11.9000,true,1,50827
1645,true,תפוח עץ גלה,,,תפוח עץ גלה,קילוגרמים,1.00,"ק""ג",true,,9.90,9.9000,true,1,50833
1667,true,לוף תפזורת,,,לוף תפזורת,קילוגרמים,1.00,"ק""ג",true,,15.90,15.9000,true,1,50838
1670,true,"בטטה קסביה (תפו""א יר",,,"בטטה קסביה (תפו""א יר",קילוגרמים,1.00,"ק""ג",true,,15.90,15.9000,true,1,50841
1683,true,תפוח עץ פינק קריפס,,,תפוח עץ פינק קריפס,קילוגרמים,1.00,"ק""ג",true,,12.90,12.9000,true,1,50845
1785,true,שום ירוק עלים,,,שום ירוק עלים,קילוגרמים,1.00,"ק""ג",true,,17.90,17.9000,true,1,50861
1840,true,ברוקולי,,,ברוקולי,קילוגרמים,1.00,"ק""ג",true,,9.90,9.9000,true,1,50874
1845,true,שעועית ירוקה יח`,,,שעועית ירוקה יח`,,1.00,יח',false,,15.90,15.9000,true,1,46545
1847,true,גזר צבעוני,,,גזר צבעוני,,1.00,יח',false,,9.90,9.9000,true,1,46546
2000,true,"בורקס גבינה/תפו""א",,,"בורקס גבינה/תפו""א",קילוגרמים,1.00,"ק""ג",true,,42.00,42.0000,true,1,33970
2001,true,בורקס תורכי בטעמים,,,בורקס תורכי בטעמים,קילוגרמים,1.00,"ק""ג",true,,35.00,35.0000,true,1,2443
2002,true,עוגיות שמרים/ביס חיט,,,עוגיות שמרים/ביס חיט,קילוגרמים,1.00,"ק""ג",true,,45.50,45.5000,true,1,2444
2004,true,רול/פילאס/חישוקי טעמ,,,רול/פילאס/חישוקי טעמ,קילוגרמים,1.00,"ק""ג",true,,35.00,35.0000,true,1,2445
2726,true,חלית שמש,,,חלית שמש,יחידה,0.00,יחידה,false,,1.60,0.0000,true,1,21151
3500,true,עוף טרי שלם,,,עוף טרי שלם,קילוגרמים,1.00,"ק""ג",true,,18.90,18.9000,true,1,26496
3501,true,כרעיים עוף טרי,,,כרעיים עוף טרי,קילוגרמים,1.00,"ק""ג",true,,26.90,26.9000,true,1,26497
3502,true,חזה עוף טרי,,,חזה עוף טרי,קילוגרמים,1.00,"ק""ג",true,,31.90,31.9000,true,1,26498
3506,true,גרון הודו זכר טרי,,,גרון הודו זכר טרי,קילוגרמים,1.00,"ק""ג",true,,29.90,29.9000,true,1,26500
3507,true,שניצל עוף פרוס טרי,,,שניצל עוף פרוס טרי,קילוגרמים,1.00,"ק""ג",true,,34.90,34.9000,true,1,26501
3511,true,חזה הודו טרי,,,חזה הודו טרי,קילוגרמים,1.00,"ק""ג",true,,28.90,28.9000,true,1,26503
3512,true,שוארמה נקבה טרי,,,שוארמה נקבה טרי,קילוגרמים,1.00,"ק""ג",true,,69.90,69.9000,true,1,26504
3515,true,שוקיים הודו טרי,,,שוקיים הודו טרי,קילוגרמים,1.00,"ק""ג",true,,24.90,24.9000,true,1,26506
3517,true,שוקיים פטם טרי,,,שוקיים פטם טרי,קילוגרמים,1.00,"ק""ג",true,,27.90,27.9000,true,1,26508
3520,true,ירכיים עוף טרי,,,ירכיים עוף טרי,קילוגרמים,1.00,"ק""ג",true,,26.90,26.9000,true,1,26509
3522,true,שוארמה פרגיות טרי,,,שוארמה פרגיות טרי,קילוגרמים,1.00,"ק""ג",true,,54.90,54.9000,true,1,26510
3534,true,סטייק פרגית טרי,,,סטייק פרגית טרי,קילוגרמים,1.00,"ק""ג",true,,46.90,46.9000,true,1,26516
3546,true,בשר עוף טרי טחון,,,בשר עוף טרי טחון,קילוגרמים,1.00,"ק""ג",true,,36.90,36.9000,true,1,26520
3843,true,שניצל עגל טרי פרוס,,,שניצל עגל טרי פרוס,קילוגרמים,1.00,"ק""ג",true,,89.90,89.9000,true,1,128370
4048,true,דונאטס בטעמים,,,דונאטס בטעמים,,60.00,100 גרם,false,,5.90,0.0983,true,1,112766
4650,true,5 יח' לחמניות שמיניה,,,5 יח' לחמניות שמיניה,,1.00,,false,,15.90,15.9000,true,1,53971
5504,true,דונאטס בטעמים מצופה,,,דונאטס בטעמים מצופה,,45.00,100 גרם,false,,6.90,0.1533,true,1,2755
5506,true,דונאטס בטעמים ממולא,,,דונאטס בטעמים ממולא,,65.00,100 גרם,false,,7.90,0.1215,true,1,347770
6164,true,אגוז מלך קלוף,,,אגוז מלך קלוף,קילוגרמים,1.00,"ק""ג",true,,89.00,89.0000,true,1,31573
6303,true,6 יח' יאמיס,,,6 יח' יאמיס,,1.00,,false,,15.70,15.7000,true,1,2472
6669,true,פאקן טבעי,,,פאקן טבעי,קילוגרמים,1.00,"ק""ג",true,,129.00,129.0000,true,1,31575
6683,true,חמניות קלופות,,,חמניות קלופות,קילוגרמים,1.00,"ק""ג",true,,45.00,45.0000,true,1,31576
7147,true,תערובת פיצוחים,,,תערובת פיצוחים,קילוגרמים,1.00,"ק""ג",true,,89.00,89.0000,true,1,31578
7208,true,שקד טבעי ענק,,,שקד טבעי ענק,קילוגרמים,1.00,"ק""ג",true,,89.00,89.0000,true,1,31579
7451,true,גרעין שחור קלוי,,,גרעין שחור קלוי,קילוגרמים,1.00,"ק""ג",true,,29.00,29.0000,true,1,31583
7664,true,שרי תמר תפזורת לובלו,,,שרי תמר תפזורת לובלו,קילוגרמים,1.00,"ק""ג",true,,19.90,19.9000,true,1,50907
7703,true,אגוז ברזיל טבעי,,,אגוז ברזיל טבעי,קילוגרמים,1.00,"ק""ג",true,,90.00,90.0000,true,1,31585
8888,true,פיקדון זיכוי לקוח,,,פיקדון זיכוי לקוח,יחידה,0.00,יחידה,false,,0.30,0.0000,true,1,34549
9999,true,פיקדון בקבוקים,,,פיקדון בקבוקים,יחידה,0.00,יחידה,false,,0.30,0.0000,true,1,75
5678585,true,ענב סקרלוטה,,,ענב סקרלוטה,קילוגרמים,1.00,"ק""ג",true,,29.90,29.9000,true,1,50921
40052403,false,קיט קט אצבעות 40 גרם,נסטלה Nestle,DE,קיט קט אצבעות 40 גרם,,40.00,100 גרם,false,,3.90,0.0975,true,1,41921
40111216,false,באונטי חטיף קוקוס ושוקולד 57ג',"נארז ע""י : א.ג. גילר",NL,חטיף שוקולד באונטי 5,,57.00,100 גרם,false,,3.90,0.0684,true,1,20592
42123866,false,מסטיק הובה בובה צ'אנק פירות קלאסי 35ג',הובה בובה Hubba Bubba,,הובה בובה צ'אנק קלאס,,35.00,100 גרם,false,,3.00,0.0857,true,1,20598
42138105,false,סיגריות וינסטון סופר סלימס כחול,גיי טי אינטרנשיונל,,וינסטון סלימס כחול ק,יחידה,0.00,יחידה,false,,32.00,0.0000,false,1,4090
50398911,false,חמצן %9 60 מ''ל אינדולה,,,אינדולה קרם חמצן 9%,,60.00,"100 מ""ל",false,,4.00,0.0667,true,1,7903
72917367,false,טעמי חטיף במילוי קרם נוגט וקרמל,"שטראוס גרופ בע""מ",IL,טעמי 40 גר',,40.00,100 גרם,false,,3.90,0.0975,true,1,22136
72940754,false,מעדן מילקי בטעם וניל עם קצפת,"שטראוס גרופ בע""מ",IL,"מילקי וניל 170 מ""ל",,170.00,"100 מ""ל",false,,3.00,0.0176,true,1,23202
72940761,false,מעדן מילקי בטעם שוקולד עם קצפת,מיוצר עי קונדיטוריית,IL,מילקי שוקולד מהדרין,,170.00,"100 מ""ל",false,,3.00,0.0176,true,1,23203
72940952,false,מעדן מילקי בטעם שוקולד עם אקסטרה קצפת,"שטראוס גרופ בע""מ",IL,מילקי אקסטראה קצפת מ,,110.00,"100 מ""ל",false,,3.50,0.0318,true,1,23204
72940983,false,חומוס אחלה 250 גרם,אחלה - שטראוס,IL,אחלה חומוס 250ג,,250.00,100 גרם,false,,6.90,0.0276,true,1,23206
72941041,false,מעדן מילקי מיני בטעם שוקולד עם קצפת,"שטראוס גרופ בע""מ",IL,מיני מילקי שוקולד 70,,70.00,"100 מ""ל",false,,2.60,0.0371,true,1,23207
72945308,false,קוביות שמרים לאפיה שמרית 2*25 ג',"פאקא תעשיות בע""מ",IL,שמרית קוביות שמרים ל,,50.00,100 גרם,false,,3.50,0.0700,true,1,23208
72961506,false,יוגורט עם תות 1.5% שומן 125 ג' פרילי,מיוצר עי קונדיטוריית,IL,פרילי תות 1.5% 125מל,,125.00,"100 מ""ל",false,,3.70,0.0296,true,1,25685
72961544,false,באדי יוגורט בטעם תות שדה 3%,מחלבת אלון תבור,IL,באדי תות 125מל,,125.00,מטר,false,,2.90,0.0232,true,1,25688
72963753,false,שמנת אורגינל של פעם 27% שומן 200 ג' תנובה,תנובה מרכז שיתופי לש,IL,תנובה שמנת של פעם 27,,200.00,"100 מ""ל",false,,4.20,0.0210,true,1,25693
72964422,false,תנובה יוגורט פרחים 4.5% 200מל,מחלבת תנובה,IL,תנובה יוגורט פרחים 4,,200.00,"100 מ""ל",false,,2.90,0.0145,true,1,25696
72986370,false,"גלידת בן & ג'ריס פיינטים וניל 500מ""ל",מוצרי איכות אמריקאים,IL,גלידת פיינטים וניל צ,,420.00,"100 מ""ל",false,,19.90,0.0474,true,1,14336
72986424,false,"גלידת בן & ג'ריס פיינטים קרם עוגיות 500מ""ל",מוצרי איכות אמריקאיי,IL,גלידת פיינטים קרם עו,,420.00,"100 מ""ל",false,,19.90,0.0474,true,1,14337
72986448,false,"גלידת בן & ג'ריס פיינטים טופי קראנץ 500מ""ל",מוצרי איכות אמריקאיי,IL,גלידת טופי קרנץ,,420.00,"100 מ""ל",false,,19.90,0.0474,true,1,14338
72986455,false,"ניו יורק סופר גלידת שוקולד, חתיכות פאדג' ואגוזים",מוצרי איכות אמריקאיי,IL,גלידת פיינטים ניו-יו,,420.00,"100 מ""ל",false,,19.90,0.0474,true,1,14339
72986479,false,"צ'אנקי מנקי גלידת וניל, בננות, חתיכות פאדג' ואגוזים",מוצרי איכות אמריקאיי,IL,גלידת פיינטים צאנקי,,420.00,"100 מ""ל",false,,19.90,0.0474,true,1,14340
72989425,false,"גלידת בן & ג'ריס פיינטים שוקולד בראוניז 500מ""ל",מוצרי איכות אמריקאיי,IL,גלידת פיינטים שוקולד,,500.00,"100 מ""ל",false,,19.90,0.0398,true,1,14342
72991008,false,חטיף פסק זמן במילוי ופל מגולגל 45 גרם,"שטראוס גרופ בע""מ",IL,"פסק זמן קלאסי בד""צ",,45.00,100 גרם,false,,4.90,0.1089,true,1,22142
72991497,false,נובלס ורג'יניה פילטר,דובק,,נובלס ורג'יניה פילטר,יחידה,0.00,יחידה,false,,28.90,0.0000,false,1,4551
72994061,false,חטיף פסק זמן GOOD גלילית לבן 40 גרם,שולן צ'יקולטה גידה ס,TR,פסק זמן 36גר,,36.00,100 גרם,false,,4.90,0.1361,true,1,22146
75032814,false,"בירה קורונה 355 מ""ל בקבוק",,,"בירה קורונה 355 מ""ל",יחידה,0.00,יחידה,false,,7.60,0.0000,true,1,36246
80050124,false,סוכריות טיק טק בטעם מנטה,קדבורי,ZA,טיק טק סוכריות,,16.00,100 גרם,false,,3.20,0.2000,true,1,41434
80052760,false,קינדר בואנו Kinder Bueno עם חלב ואגוזי לוז,קינדר Kinder,PL,חטיף קינדר בואנו שוק,,43.00,100 גרם,false,,4.20,0.0977,true,1,41440
80052883,false,סוכריות מנטה חזק 16 ג' טיק טק,פררו,ZA,טיק טק מנטה כחול,יחידה,0.00,יחידה,false,,3.20,0.0000,true,1,292820
80136194,false,חטיפי הפי היפו Happy Hippo במילוי קרם חלבי ואגוזי לוז,קינדר Kinder,IT,הפי היפו 5*20ג,,102.00,100 גרם,false,,12.90,0.1265,true,1,41441
80176800,false,נוטלה ממרח שוקולד 750 גרם,פררו תעשיות איטליה ס,IT,ממרח שוקולד נוטלה 75,,750.00,100 גרם,false,,26.90,0.0359,true,1,41443
80177173,false,ממרח אגוזי לוז עם קקאו,נוטלה Nutella,IT,ממרח נוטלה קקאו עם א,,350.00,100 גרם,false,,15.90,0.0454,true,1,41444
80177609,false,אצבעות שוקולד קינדר Kinder ארבע יחידות,קינדר Kinder,IT,קינדר אצבעות שוק.חלב,,50.00,100 גרם,false,,4.90,0.0980,true,1,41446
80761761,false,קינדר בואנו לבן בודד 39 גרם,קדבורי,PL,קינדר בואנו לבן 39ג,,43.00,100 גרם,false,,4.20,0.0977,true,1,41449
80769699,false,מסטיק מנטוס -מנטוס וויט פירות מנטה,הדקלאים אגודת שיתופי,TR,מסטיק מנטוס ויט טעם,,60.00,100 גרם,false,,8.90,0.1483,true,1,12545
80790990,false,מסטיק מנטוס בבקבוק מעוגל בטעם פירות -מנטה 60 ג',"פרפטי ואן מלה ג'ידה,",TR,מסטיק מנטוס בקבוק בט,,60.00,100 גרם,false,,10.90,0.1817,true,1,12551
80828174,false,מסטיק מנטוס וויט בטעם מנטה מתוקה,פרפטי ואן מלה,TR,מסטיק מנטוס ויט טעם,,60.00,100 גרם,false,,8.90,0.1483,true,1,12562
80850885,false,מסטיק מנטוס -מנטוס וויט מנטה עדינה,פרפטי ואן מלה,TR,מנטוס וויט מסטיק בטע,,60.00,100 גרם,false,,8.90,0.1483,true,1,12566
80896081,false,מסטיק מנטוס פיור פרש בבקבוק בינוני בטעם אבטיח 60 ג',"פרפטי ואן מלה ג'ידה,",TR,מסטיק מנטוס בקבוק בט,,60.00,100 גרם,false,,10.90,0.1817,true,1,12570
80974482,false,קינדר ג'וי Joy ביצת הפתעה כחול,קינדר Kinder,ZA,קינדר גוי בודד כחול,,20.00,100 גרם,false,,6.30,0.3150,true,1,41452
87108651,false,מארז סוכריות מנטוס Mentos מנטה,הדקלאים אגודת שיתופי,NL,סוכריות מנטוס מנטה 1,,150.00,100 גרם,false,,10.90,0.0727,true,1,12586
87108712,false,מארז סוכריות מנטוס Mentos פירות,פרפטי ואן מלה ברדה,NL,סוכריות מנטוס פירות,,150.00,100 גרם,false,,10.90,0.0727,true,1,12587
87221503,false,מיונז גאודס הולנדי אמיתי 650 גר,,NL,מיונז הולנדי אמיתי 6,,650.00,100 גרם,false,,32.90,0.0506,true,1,303220
96033531,false,"דאו דאב רול און רימונים ולואיזה 50 מ""ל",יוניליוור HPC,GB,דאב רולאון רימונים 5,,50.00,"100 מ""ל",false,,14.90,0.2980,true,1,10045
198888886,false,עיגול אגורות,,,עיגול אגורות,יחידה,0.00,יחידה,false,,1.00,0.0000,true,1,47109
8112100298,false,שמן שומשום טהור לא מ,Flavor full foods in,TW,שמן שומשום טהור לא מ,,185.00,"100 מ""ל",false,,14.90,0.0805,true,1,47519
8421361250,false,בובת TY עיניים גדולות (S) דיוק הכלב לבן חום,,,בובות TY עיניים גדול,יחידה,0.00,יחידה,false,,28.90,0.0000,true,1,31751
11182700954,false,קינג קול שעועית שחורה 439 גרם,קינג קול,,שעועית שחורה 232 גרם,,439.00,100 גרם,false,,9.90,0.0226,true,1,36840
11210000094,false,"רוטב ""טבסקו"" על בסיס פלפל אדום 60 מ""ל",מקאילהייני אייבורי,US,טבסקו,,60.00,"100 מ""ל",false,,9.90,0.1650,true,1,37908
11210002500,false,"רוטב טבסקו בפאלו 150 מ""ל","ניצן מותגי מזון בע""מ",US,טבסקו רוטב כנפי באפא,,150.00,"100 מ""ל",false,,20.90,0.1393,true,1,37910
11210007253,false,רוטב טבסקו שום ופלפל,מקאילהייני אייבורי,US,רוטב טבסקו שום,,60.00,"100 מ""ל",false,,9.90,0.1650,true,1,37913
13628609388,false,חומץ בלסמי מובחר 500מל,MONARI FEDERZONI,IT,חומץ בלסמי כשר ירוק,,500.00,"100 מ""ל",false,,25.00,0.0500,true,1,5447
16000185517,false,דגני בוקר פייבר וואן עתירי סובין FIBRE1,בטר אנד דיפרנט,US,פייבר1- דגני בוקר עת,,555.00,100 גרם,false,,24.90,0.0449,true,1,216021
16000423534,false,ניטשר ואלי חטיף שיבולת שועל שוקולד מריר קראנצי 210ג',ג'נרל מילס סאן אדריא,ES,חטיף קראנצי שיבולת ש,,210.00,100 גרם,false,,19.50,0.0929,true,1,12597
16000548404,false,ניטשר ואלי חטיף קראנצי גרנולה שיבולת שועל 210 ג',ג'נרל מילס סאן אדריא,ES,חטיף קראנצי גרנולה ש,,210.00,100 גרם,false,,19.50,0.0929,true,1,12601
16000548503,false,ניטשר ואלי קראנצי חטיף גרנולהומייפל 10 יח' 210 ג',ג'נרל מילס סאן אדריא,ES,חטיף קראנצי גרנולה מ,,210.00,100 גרם,false,,19.50,0.0929,true,1,12603
18000766413,false,תערובת להכנת עוגה בטעם שוקולד,הדקלאים אגודת שיתופי,IL,תערובת לעוגת בראוניס,,550.00,100 גרם,false,,16.90,0.0307,true,1,12611
21723339994,false,רוטב דגים מזרח ומערב,טאנג סאנג ראר קי,TH,טיפרוס רוטב דגים מזר,,300.00,"100 מ""ל",false,,9.90,0.0330,true,1,47520
25675120006,false,חמצוצים 4 צבעים טעמים טבעי 100 גרם,פאסין,NL,חמצוצים חמצוצים טבעי,,100.00,100 גרם,false,,8.90,0.0890,true,1,3758
25700005650,false,שקיות הקפאה גדולות- 14 יח' זיפלוק,אס.סי.גונסון ובניו,US,זיפלוק שקיות הקפאה ג,,201.00,100 גרם,false,,12.90,0.0642,true,1,112621
36000516890,false,ממחטות אף עם אלוורה + ויטמין E תלת שכבתי,קלינקס Kleenex,GB,קלינקס לושן תלת שכבת,יחידה,0.00,יחידה,false,,16.90,0.0000,true,1,8788
37600207256,false,חמאת בוטנים סקיפי עם שברי בוטנים 462 גר',חברת המזון אלגוד,US,סקיפי חמאת בוטנים עם,,462.00,100 גרם,false,,17.90,0.0387,true,1,5227
38000232152,false,פרינגלס ברביקיו 158 גרם – חדש,פרינגלס מניופקצ'ורינ,US,פרינגלס ביג ברביקיו,,158.00,100 ליטר,false,,8.90,0.0563,true,1,52768
38000232176,false,חטיף צ'יפס שמנת חמוצה ובצל,פרינגלס מניופקצ'ורינ,US,פרינגלס ביג שמנת בצל,,158.00,100 ליטר,false,,8.90,0.0563,true,1,52754
38000232183,false,פרינגלס אוריגינל 149 גרם,פרינגלס מניופקצ'ורינ,US,פרינגלס ביג אורגינל,,158.00,100 ליטר,false,,8.90,0.0563,true,1,52755
38527591053,false,קואקר דגנים מרובעים שיבולת שועל וקינמון,BEVERAGES FOODS & SE,US,דגני בוקר מרובעים קי,,412.00,100 גרם,false,,19.90,0.0483,true,1,24145
38527591060,false,דגני קוואקר מרובעים Quaker Squares עם סוכר חום,BEVERAGES FOODS & SE,US,דגני בוקר מרובעים קו,,412.00,100 גרם,false,,19.90,0.0483,true,1,24146
40000514480,false,M&M אריזה קטנה's שוקולד אריזה קטנה 48 גרם,M&M אם אנד אם,US,עדשי שוקולד M&M שוקו,,48.00,100 גרם,false,,4.90,0.1021,true,1,20648
40000514510,false,M&M אריזה קטנה's בוטנים אריזה קטנה 49 גרם,M&M אם אנד אם,US,בוטנים 49 גרם M&M עד,,49.00,100 גרם,false,,4.90,0.1000,true,1,20649
41224700260,false,צלפים מיניאטורים בחומץ 90 ג,,,צלפים מינאטוריים בחו,,90.00,100 גרם,false,,18.90,0.2100,true,1,47855
46214382259,false,עוגיות בראוניס שוקולד 225 ג',בנקטבקריי מרבה בי.וי,NL,מרבה עוגיות בראוניס,,225.00,100 גרם,false,,9.90,0.0440,true,1,21195
46214731552,false,עוגיות שוקולד ציפס מובחרות 225 ג',קריניציה ויטמינה אס,NL,מרבה עוגיות שוקולד צ,,225.00,100 גרם,false,,9.90,0.0440,true,1,21196
49022698499,false,מגן תחתון וולגרין 18,,,מגן תחתון וולגרין 18,יחידה,0.00,יחידה,false,,3.90,0.0000,true,1,51720
50000015474,false,פריסקיז מעדני הים 4*,פורינה,US,פריסקיז מעדני הים 4*,קילוגרמים,1.40,"ק""ג",false,,38.90,27.7857,true,1,148031
50000084500,false,מזון יבש לחתול בטעם נתחי ברביקיו פריסקיז Friskies,נסטלה פורינה,US,פריסקיז מעדני השף מנ,קילוגרמים,1.43,"ק""ג",false,,38.90,27.2028,true,1,18354
50000225224,false,פריסקיז פריים פילה הודו ברוטב 156 גר,נסטלה פורינה USA קר,US,פריסקיז פריים פילה ה,,156.00,100 גרם,false,,6.90,0.0442,true,1,18359
50000238910,false,פריסקיז פרטי מיקס או,פורינה,US,פריסקיז פארטי מיקס א,,60.00,100 גרם,false,,11.90,0.1983,true,1,322061
50000429646,false,פנסי פיסט דגי אוקיינוס 85 גרם,נסטלה פורינה USA ג',US,פנסי פיסט פטה דג אוק,,85.00,100 גרם,false,,5.70,0.0671,true,1,18370
52100030043,false,פלפל שחור טחון גס 42 גר,מקרומיק,US,פלפל שחור טחון גס 42,,42.00,100 גרם,false,,19.90,0.4738,true,1,297627
52100070865,false,תמצית וניל טהור מקורמיק 29 גר',מקורמיק McCormick,US,תמצית וניל טהורה 29,,29.00,"100 מ""ל",false,,29.90,1.0310,true,1,13662
54881000048,false,תה במבחר פרי הדר 20 שקיקים אחמד,אחמד תה אנגליה,,תה שחור מבחר פרי הדר,,695.00,100 גרם,false,,8.90,0.0128,true,1,122931
54881000208,false,תה שחור לימון וגינגיר 20 שקיות אחמד,אחמד תה אנגליה,,תה שחור לימון וגינג',,711.00,100 גרם,false,,8.90,0.0125,true,1,122934
54881003971,false,תה ירוק מבחר 20 שקיקים,אחמד תה אנגליה,,תה ירוקמ בחר 20 שקיו,,180.00,100 גרם,false,,9.90,0.0550,true,1,122950
54881005654,false,תה ירוק יסמין 20 שקיות AHMAD TEA,אחמד תה אנגליה,,תה ירוק יסמין 20 שקי,,180.00,100 גרם,false,,9.90,0.0550,true,1,122951
54881008181,false,תה אחמד אינגליש 100 שקיקים,תה אחמד Ahmad tea,,תה אינגליש 100 שקיות,,180.00,100 גרם,false,,14.90,0.0828,true,1,122906
54881016001,false,חליטות פרי 4 טעמים 20 שקיקים אחמד,,,תה 4 סוגי חליטות פרי,,695.00,100 גרם,false,,8.90,0.0128,true,1,122937
55369902564,false,אפלסנקס רביעיות רסק תפוחי עץ ללא תוספת סוכר עברית,ליייהי אורצ'רדס,CA,אפלסנקס רסק תפוחי עץ,,452.00,100 גרם,false,,13.90,0.0308,true,1,36858
64144090013,false,"ספריי שמן PAM בטעם חמאה 141 מ""ל",קונאגרה פודס,US,תרסיס שמן פאם חמאה 1,,148.00,"100 מ""ל",false,,16.90,0.1142,true,1,12638
64144090020,false,"ספריי שמן PAM בטעם שמן זית 141 מ""ל",קונאגרה פודס,US,תרסיס שמן זית פאם 14,,148.00,100 גרם,false,,16.90,0.1142,true,1,12639
70177077563,false,תה ארל גריי 25 שקיות טוינינגס 50 גר,אר. טווינינגס אנד קו,PL,טווינינג ארל גריי 50,,50.00,100 גרם,false,,17.90,0.3580,true,1,13666
70177077693,false,תה אנגליש ברקפסט 25 שקיות טוינינגס 50 גר,אר. טווינינגס אנד קו,PL,טווינינג אינגליש ברק,,50.00,100 גרם,false,,17.90,0.3580,true,1,13667
70177177669,false,חליטה למון גינגר 30 גרם טווינינג,,PL,טווינינג חליטה למון,,30.00,100 גרם,false,,17.90,0.5967,true,1,13682
76840001774,false,"גלידה עוגיות חלב עם חתיכות פאדג בן וג'ירי 500 מ""ל",מוצרי איכות אמריקאים,IL,גלידת פיינטים שוק' צ,,420.00,"100 מ""ל",false,,19.90,0.0474,true,1,76866
76840100156,false,"בן אנד גריס גלידת צרי גרסיה 500 מ""ל",מוצרי איכות אמריקאיי,IL,בן&גרי גלידה צרי גרס,,473.00,100 גרם,false,,19.90,0.0421,true,1,14353
76840100583,false,"גלידת וניל עם בצק עוגיות בן וג'ירי 473 מ""ל",מוצרי איכות אמריקאיי,IL,גלידה וניל +בצק עוגי,,473.00,"100 מ""ל",false,,19.90,0.0421,true,1,14354
77245110610,false,סוכריות מאסט ללא סוכר בטעם מנטה 80 ג'עלית,MIESZKO S.A - MS. JO,PL,סוכריות מאסט ללא סוכ,,80.00,100 ליטר,false,,6.90,0.0863,true,1,22151
77975022757,false,בייגלה קשה מבצק שאור בסגנון אמריקאי,סניידרס Snyder's,US,סניידרס בייגלה אמריק,,382.00,100 גרם,false,,14.90,0.0390,true,1,12642
77975034071,false,סניידרס חטיף בייגלה ניברלס 255.2 גרם,ליימן מותגים,US,בייגלה סניידרס ניבלר,,255.00,100 גרם,false,,14.90,0.0584,true,1,12646
77975094631,false,סנדביץ בייגלה במילוי קרם בטעם צ'דר 226 גרם סניידרס,סניידרס Snyder's,US,סניידרס בייגלה סנדוו,,266.00,100 גרם,false,,14.90,0.0560,true,1,140159
77975094761,false,שברי בייגלה סניידרס בטעם צידר 340 גרם,סניידרס Snyder's,US,סניידרס צ'דר 340 גרם,,340.00,100 גרם,false,,14.90,0.0438,true,1,140160
80432402931,false,"שיבאס וויסקי ריגאל 12 שנה 700 מ""ל",מזקקת האחים שיבאס,GB,שיבאס וויסקי ריגאל 1,,700.00,"100 מ""ל",false,,110.00,0.1571,true,1,33769
611745285432,false,שלישיית מגבות מטבח,,,סט 3 מגבות מטבח,יחידה,0.00,יחידה,false,,14.90,0.0000,true,1,70746
611745285685,true,אבוקדו בשל יח,,,אבוקדו בשל יח,,470.00,100 גרם,false,,9.90,0.0211,true,1,50922
613008742348,false,בקבוק אריזונה ג'נסינג ודבש 1 ליטר,נובה טרייד אל טי די,DE,אריזונה ג'נסנג ודבש,ליטרים,1.00,ליטר,false,,11.80,11.8000,true,1,103226
613008742409,false,בקבוק אריזונה אפרסק 1 ליטר,נובה טרייד אל טי די,DE,אריזונה אפרסק בקבוק,ליטרים,1.00,ליטר,false,,11.80,11.8000,true,1,103227
613008755461,false,בקבוק אריזונה אוכמניות 1 ליטר,נובה טרייד אל טי די,DE,אריזונה אוכמניות בקב,ליטרים,1.00,ליטר,false,,11.80,11.8000,true,1,103228
628154383659,false,דגני בוקר פרוטי פבלס 311 ג' POST,PO קוד יצרן,PL,דגני בוקר פרוטי פבלס,,311.00,100 גרם,false,,23.80,0.0765,true,1,262588
651080161510,false,"פלאקרס ""פלוסר ""חוט דנטלי משופר 35יח'-חדש",מיוצר עי קונדיטוריית,CN,פלקרס קיסם עם חוט ג',יחידה,0.00,יחידה,false,,9.90,0.0000,true,1,5471
651080647519,false,"פלאקרס ""פלוסר ""חוט דנטלי ירוק -מנטה","פלקרס רנור ארה""ב",US,פלאקרס חוט דנטלי מנט,יחידה,0.00,יחידה,false,,9.90,0.0000,true,1,5475
693493065641,false,טחינה הר כנען טחינה שכם לבנה 100% 500 ג,,,טחינת הר כנען 100% ש,,500.00,100 גרם,false,,15.90,0.0318,true,1,225851
710535495539,false,"אורז בסמטי 96% 1 ק""ג Avel",,IN,"אבאל אורז בסמטי 1 ק""",קילוגרמים,1.00,"ק""ג",false,,9.90,9.9000,true,1,83804
733603099002,false,האנט 125 גרם ציפס ג,,,האנט 125 גרם ציפס ג,יחידה,0.00,יחידה,false,,18.00,0.0000,true,1,320891
768404001640,false,"גלידה בן&ג'ריס קפה משפחתית 500מ""ל",מוצרי איכות אמריקאיי,IL,גלידה פיינטס קפה 473,,473.00,"100 מ""ל",false,,19.90,0.0421,true,1,14377
786150000281,false,"שישייה בירה לף בראון בקבוק 330X6 מ""ל",לף Leffe,BE,בירה חזקה לף בראון 3,ליטרים,1.98,ליטר,false,,49.90,25.2020,true,1,258174
787068115227,false,קערה 22 ס`מ,,,קערה 22 ס`מ,יחידה,0.00,יחידה,false,,4.90,0.0000,true,1,38319
814109021350,false,פופקורן סניקרס 149 ג,,,פופקורן סניקרס 149 ג,יחידה,0.00,יחידה,false,,22.90,0.0000,true,1,208345
814109021374,false,פופקורן אם אנד מנס,,,פופקורן אם אנד מנס,,149.00,100 גרם,false,,22.90,0.1537,true,1,199831
814109021381,false,פופקורן טוויקס 149 ג,,,פופקורן טוויקס 149 ג,יחידה,0.00,יחידה,false,,22.90,0.0000,true,1,208346
833949000264,false,"סירופ מייפל אמיתי 100% אורגני 250 מ""ל",דיקסר קוויבק,CA,סירופ מייפל אמיתי 10,,330.00,100 גרם,false,,35.90,0.1088,true,1,110840
835811000426,false,מזלגות קרם עבה במיוחד 50 יח',"גרנג יוניברס , הונג",TR,מזלגות 50 יח' קרם עב,יחידה,0.00,יחידה,false,,16.90,0.0000,true,1,7433
835811003489,false,כפיות אלגנט שחור / שקוף 50 יח' הנמל,,TR,כפיות אלגנט שקוף 50,יחידה,0.00,יחידה,false,,9.90,0.0000,true,1,321351
835811003588,false,צלחות קלאסי גדול לבן 65 יח' הנמל,,,צלחות קלאסי לבן גדול,יחידה,0.00,יחידה,false,,34.90,0.0000,true,1,256067
835811003595,false,צלחות קלאסי קטן לבן 65 יח' הנמל,,,צלחות קלאסי לבן קטן,יחידה,0.00,יחידה,false,,24.90,0.0000,true,1,256068
835811004202,false,מפות ניילון עבות הנמ,זמזמ תעשיות פלסטיק,IL,מפות שולחן 6 מטר עבה,יחידה,0.00,יחידה,false,,17.50,0.0000,true,1,7511
835811004523,false,קשים מיוחדים לשייק 75 יח הנמל,,CN,הנמל קשים מיוחדים לש,,75.00,יח',false,,9.90,0.1320,true,1,7519
835811005728,false,עלים לעוגת קרמשניט 400 גרם,"רונית מאפים בע""מ",IL,עלים לקרמשניט 400 גר,,400.00,100 גרם,false,,18.90,0.0472,true,1,7565
835811005810,false,מגש הכסף תבנית מרובע קטן +מכסה 10 יח`,הנמל,IL,תבנית אלומיניום מרוב,יחידה,0.00,יחידה,false,,11.90,0.0000,true,1,7567
835811005940,false,מגש הכסף תבנית אלומ` גדולה + מכסה 8 יח`,,IL,תבנית גדולה עם מכסה,יחידה,0.00,יחידה,false,,11.90,0.0000,true,1,7570
835811005957,false,מגש הכסף תבנית אלומ` 90 + מכסה 8 יח`,יבוא ושיווק: הנמל אר,IL,תבנית מלבנית עם מכסה,יחידה,0.00,יחידה,false,,11.90,0.0000,true,1,7571
835811006435,false,מגש הכסף תבנית מלבן עמוק + מכסה 9 יח`,,IL,תבנית מלבנית עמוקה ע,יחידה,0.00,יחידה,false,,11.90,0.0000,true,1,7602
835811006497,false,אבקת סוכר 500 גרם הנמל,ר.ס. חברה ליבוא ויצו,IL,אבקת סוכר 500 גר,,500.00,100 גרם,false,,8.90,0.0178,true,1,7605
835811006770,false,תבנית אולמניום עגול 5 יח',הנמל,,תבנית אלומניום עגולה,יחידה,0.00,יחידה,false,,11.90,0.0000,true,1,7626
835811007166,false,כוסות חד פעמיות מקרטון עם מכסה פלסטיק,"צח ייבוא ושיווק בע""מ",IL,'כוסות לקפה לדרך+מכס,יחידה,0.00,יחידה,false,,12.90,0.0000,true,1,7636
835811007241,false,לקט שעועית - חמין 500 גרם,,,לקט שעועית 500 גרם (,,500.00,100 גרם,false,,7.90,0.0158,true,1,7642
835811007357,false,לפתניות אובלי 25 יח',הנמל,TR,סלטינות 25 יחידות,יחידה,0.00,יחידה,false,,7.90,0.0000,true,1,7644
835811008958,false,כפיות 50 יח שקוף/קרם עבה במיוחד,"גרנג יוניברס , הונג",TR,כפיות 50 יח שקוף עבה,יחידה,0.00,יחידה,false,,16.90,0.0000,true,1,7676
835811008996,false,"כוסות חד פעמי קרטון 295 מ""ל",הנמל,CN,כוסות קרטון 10 אוז,יחידה,0.00,יחידה,false,,15.90,0.0000,true,1,7679
835811009009,false,"כוסות משקה חם קרטון 175 מ""ל",הנמל,,כוסות קרטון 6 אוז 50,יחידה,0.00,יחידה,false,,16.90,0.0000,true,1,7680
835811009115,false,מגשית מלבנית אלגנט,בי רייט,CN,מגשית מלבנית אלגנט,יחידה,0.00,יחידה,false,,7.90,0.0000,true,1,7690
839762000658,false,משקה נקטר איילנד גויאבה 1 ל',The Egyptian Co. for,EG,איילנד נקטר גויאבה 1,ליטרים,1.00,ליטר,false,,11.50,11.5000,true,1,39376
841058006633,false,"אדג' ג'יל גילוח מועשר בשיבולת שועל 198 מ""ל",,,ג'ל גילוח אדג' מועשר,,198.00,"100 מ""ל",false,,12.90,0.0652,true,1,112434
848974028060,false,מגרדת פרמידה איכותית,,,מגרדת פרמידה איכותית,יחידה,0.00,יחידה,false,,19.90,0.0000,true,1,48068
851621000050,false,בירה חיטה בטעם הדרים 1664 בלאנק - שישייה,קרלסברג ספליי קומפאנ,PL,בירה BLANC שישיה 330,ליטרים,1.98,ליטר,false,,41.70,21.0606,true,1,76808
859547004329,false,ספוג ניקוי צבעוני סקראב דדי Scrub Daddy,סקארקיסט,US,ספוג ניקוי כלים בצבע,,34.00,100 גרם,false,,17.90,0.5265,true,1,251167
859547004466,false,קירצוף וספוג ניקוי SCRUB DADDY,סקארקיסט,US,ספוג ניקוי דו צדדי ס,,34.00,100 גרם,false,,17.90,0.5265,true,1,251153
884912126115,false,דגני סלקט גרייט גריינס 454 גרם פוסט,הנסיך- מפעל לייצור ט,US,דגני בוקר גרייט גריי,,453.00,100 גרם,false,,22.90,0.0506,true,1,20468
884912365200,false,דגני בוקר אוראו 311 גרם מתכון חדש,פוסט לקיוויל,US,דגני בוקר עם פירורי,,311.00,100 גרם,false,,22.90,0.0736,true,1,322916
884912377142,false,דגני בוקר האני באנצס וניל 340 ג' POST,פוסט לקיוויל,US,דגני בוקר שיבולת שוע,,340.00,100 גרם,false,,22.90,0.0674,true,1,258255
3010470155299,false,פריסקיז Friskies פטה בקר וירקות,ניו פטפוד איטליה,IT,פריסקיז פטה בקר וירק,,400.00,100 גרם,false,,9.90,0.0248,true,1,18380
3046920028004,false,לינדט שוקולד אקסלנס מריר 70% 100 גר,לינדט ושפרונגלי,FR,לינדט אקסלנס 70% 100,,100.00,100 גרם,false,,14.90,0.1490,true,1,13704
3046920029681,false,לינדט שוקולד אקסלנס מילד 85% קקאו 100 גר,לינדט,DE,לינדט אקסלנס מילד 85,,100.00,100 גרם,false,,14.90,0.1490,true,1,89856
3046920029759,false,שוקולד מריר אקסלנס 90% קקאו,לינדט ושפרונגלי ג'י.,DE,לינדט אקסלנס 90% 100,,100.00,100 גרם,false,,14.90,0.1490,true,1,13711
3059943016507,false,"אירוויק ספריי בניחוח לבנדר וקמומיל 240 מ""ל",איירוויק Air Wick,GB,איירויק ספריי לבנדר,,240.00,"100 מ""ל",false,,9.90,0.0413,true,1,20779
3059943016569,false,"אירוויק ספריי בניחוח פריסיה ויסמין 240 מ""ל",איירוויק Air Wick,GB,אירוויק ספריי פרסיה,,240.00,"100 מ""ל",false,,9.90,0.0413,true,1,20781
3073781161663,false,גבינה מותכת 18.5% שומן לה וואש קירי,לה וואש קירי La Vache qui rit,FR,גבינת לה וואש קירי 8,,128.00,100 גרם,false,,11.90,0.0930,true,1,156829
3073781161687,false,גבינה לוואש קירי כשר,פרומאג'רי בל דום סאם,FR,גבינה מותכת לה וואש,,256.00,100 גרם,false,,22.70,0.0887,true,1,156843
3073781162790,false,גבינת בייבי בל אדם 1,מחלבות בל,FR,בייבי בל 24% אדום 12,,120.00,100 גרם,false,,22.90,0.1908,true,1,286997
3141360054405,false,פיניש מפיץ ריח למדיח בניחוח לימון וליים,הדקלאים אגודת שיתופי,HU,פיניש מפיץ ריח לימון,יחידה,0.00,יחידה,false,,14.90,0.0000,true,1,20796
3161911229199,false,חמאה רכה אלוויר 250 גרם,אלל אה וויר,FR,אלוויר חמאה רכה 250ג,,250.00,100 גרם,false,,21.90,0.0876,true,1,16716
3161911366429,false,חמאה רכה מלוחה אלוויר 250 גרם,ארזינא,FR,אלוויר חמאה רכה מלוח,,250.00,100 גרם,false,,21.90,0.0876,true,1,16718
3162330060479,false,בירה SAER BRAU 6*250,,,בירה SAER BRAU 6*250,ליטרים,1.50,ליטר,false,,14.90,9.9333,true,1,352329
3245412211393,false,שוקולד חלב מעולה קרפ,,FR,שוקולד חלב מעולה קרפ,,300.00,100 גרם,false,,7.90,0.0263,true,1,292596
3245412211409,false,שוקולד חלב מעולה עם,,FR,שוקולד חלב מעולה עם,,300.00,100 גרם,false,,15.90,0.0530,true,1,292410
3270190128151,false,קרפור שוקולד חלב אור,,FR,קרפור שוקולד חלב אור,,100.00,100 גרם,false,,6.90,0.0690,true,1,368790
3270190151654,false,שוקולד מריר מעולה עם,,FR,שוקולד מריר מעולה עם,,100.00,100 ליטר,false,,5.90,0.0590,true,1,292425
3270190174936,false,שוקולד חלב עם תכולת,,FR,שוקולד חלב עם תכולת,,100.00,100 גרם,false,,5.90,0.0590,true,1,292442
3387390525960,false,קראנץ' דגנים פריכים עם שוקולד 500 גרם,הנסיך- מפעל לייצור ט,FR,דגני קראנץ' נסטלה 50,,500.00,100 גרם,false,,22.90,0.0458,true,1,18383
3560070249343,false,קרפור- שוקולד חלב עם,,FR,קרפור- שוקולד חלב עם,,100.00,100 גרם,false,,5.90,0.0590,true,1,368660
3560070415755,false,קרפור-תה ירוק 25 יחי,,,קרפור-תה ירוק 25 יחי,,32.50,100 גרם,false,,7.90,0.2431,true,1,352419
3560070582884,false,קרפור סטייליס עם שוק,,,קרפור סטייליס עם שוק,,300.00,100 גרם,false,,8.90,0.0297,true,1,331604
3560070659517,false,קרפור-תה ארל גריי 20,,,קרפור-תה ארל גריי 20,,36.00,100 גרם,false,,9.90,0.2750,true,1,352404
3560070701407,false,שוקולד מריר מעולה עם,,FR,שוקולד מריר מעולה עם,,100.00,100 גרם,false,,5.90,0.0590,true,1,292426
3560070720859,false,שוקולד מריר מעולה 72,,FR,שוקולד מריר מעולה 72,,80.00,100 גרם,false,,4.90,0.0613,true,1,292427
3560070820221,false,קרפור-חטיף דגנים אגו,,,קרפור-חטיף דגנים אגו,,125.00,100 גרם,false,,5.90,0.0472,true,1,352717
3560071005191,false,קרפור -שוקולד לבן עם,,FR,קרפור -שוקולד לבן עם,,100.00,100 גרם,false,,5.90,0.0590,true,1,368689
3560071006327,false,שוקולד מריר מעולה קר,,FR,שוקולד מריר מעולה קר,,200.00,100 גרם,false,,5.90,0.0295,true,1,292428
3560071013127,false,קרפור סטייליס עם שוק,,,קרפור סטייליס עם שוק,,300.00,100 גרם,false,,8.90,0.0297,true,1,331650
3560071013196,false,קרפור סטייליס בטעם ט,,,קרפור סטייליס בטעם ט,,500.00,100 גרם,false,,9.90,0.0198,true,1,331633
3560071018566,false,קרפור-חטיף דגנים בוט,,,קרפור-חטיף דגנים בוט,,125.00,100 גרם,false,,5.90,0.0472,true,1,352702
3560071081256,false,קרפור-תה שחור 20 יחי,,,קרפור-תה שחור 20 יחי,,36.00,100 גרם,false,,9.90,0.2750,true,1,352359
3560071081263,false,קרפור-תה ירוק סיני 2,,,קרפור-תה ירוק סיני 2,,36.00,100 גרם,false,,9.90,0.2750,true,1,352389
3560071081270,false,קרפור-תה ירוק נענע 2,,,קרפור-תה ירוק נענע 2,,36.00,100 גרם,false,,9.90,0.2750,true,1,352374
3560071090821,false,קרפור שוקו בולז 375,,,קרפור שוקו בולז 375,,375.00,100 גרם,false,,6.90,0.0184,true,1,331666
3560071095598,false,קרפור-חטיף דגנים חמו,,,קרפור-חטיף דגנים חמו,,125.00,100 גרם,false,,5.90,0.0472,true,1,352718
3560071188689,false,בירה Walberg 6*250 מ,,,בירה Walberg 6*250 מ,ליטרים,1.50,ליטר,false,,17.90,11.9333,true,1,352300
3560071413750,false,קרפור-שוקולד מריר 80,,FR,קרפור-שוקולד מריר 80,,100.00,100 גרם,false,,6.90,0.0690,true,1,368775
3560071431914,false,קפסולות קפה קרפור עו,,FR,קפסולות קפה קרפור עו,,52.00,100 גרם,false,,6.90,0.1327,true,1,332721
3560071432003,false,קפסולות קפה קרפור עו,,FR,קפסולות קפה קרפור עו,,52.00,100 גרם,false,,6.90,0.1327,true,1,332766
3560071432034,false,קפסולות קפה נטול קרפ,,FR,קפסולות קפה נטול קרפ,,52.00,100 גרם,false,,6.90,0.1327,true,1,332767
3560071432096,false,קפסולות קפה קרפור עו,,FR,קפסולות קפה קרפור עו,,52.00,100 גרם,false,,6.90,0.1327,true,1,332769
3560071432157,false,קפסולות קפה וניל קרפ,,FR,קפסולות קפה וניל קרפ,,52.00,100 גרם,false,,6.90,0.1327,true,1,332770
3560071432188,false,קפסולות קפה קרמל קרפ,,FR,קפסולות קפה קרמל קרפ,,52.00,100 גרם,false,,6.90,0.1327,true,1,332771
3560071432218,false,קפסולות קפה אגוז קרפ,,FR,קפסולות קפה אגוז קרפ,,52.00,100 גרם,false,,6.90,0.1327,true,1,332772
3560071432300,false,קפסולות קפה אתיופיה,,FR,קפסולות קפה אתיופיה,,52.00,100 גרם,false,,6.90,0.1327,true,1,332775
3560071432331,false,קפסולות קפה לאוס קרפ,,FR,קפסולות קפה לאוס קרפ,,52.00,100 גרם,false,,6.90,0.1327,true,1,332776
3560071432362,false,קפסולות קפה קניה קרפ,,FR,קפסולות קפה קניה קרפ,,52.00,100 גרם,false,,6.90,0.1327,true,1,332777
3560071432690,false,קפסולות קפה קרפור עו,,FR,קפסולות קפה קרפור עו,,52.00,100 גרם,false,,6.90,0.1327,true,1,332780
3560071442545,false,בירה SAER BRAU 6*250,,,בירה SAER BRAU 6*250,ליטרים,1.50,ליטר,false,,14.90,9.9333,true,1,352344
3574661003924,false,שטיפת פה טוטאל קר בטעם מנטה צלול,גונסון אנד גונסון,IT,מי פה טוטאל קאר ליסט,,500.00,"100 מ""ל",false,,19.90,0.0398,true,1,29396
3574661419435,false,תחבושת הגיינית וניה מקסי לילה 12 יח',Johnson Vania - BL,BE,תחבושות הגייניות מקס,יחידה,0.00,יחידה,false,,23.90,0.0000,true,1,306516
3574661552811,false,מגן תחתון קרפרי כותון אוורירי 56 יח,הדקלאים אגודת שיתופי,GR,קרפרי כותון אוורירי,יחידה,0.00,יחידה,false,,13.90,0.0000,true,1,66021
3574661554877,false,מגן תחתון קרפרי כותון מבושם 56 יח,הנסיך- מפעל לייצור ט,GR,קרפרי כותון מבושם 56,יחידה,0.00,יחידה,false,,13.90,0.0000,true,1,65943
3600523651900,false,מרכך לחיזוק סיב השערה לכל סוגי השיער,לוריאל - אלביב Elvive,TR,מרכך ארגנין אלביב 55,,550.00,"100 מ""ל",false,,14.90,0.0271,true,1,12285
3600523816699,false,לוריאל - דרמו פעולה משולשת פרש ג'ל עברית,לוריאל Loreal,,ג'ל-קרם לחות פעולה מ,,50.00,"100 מ""ל",false,,45.90,0.9180,true,1,285116
3600541253667,false,"גרנייה - דאודורנט ספריי לאישה אינביזיבל BWC (ורוד) 150 מ""ל",גרנייה Garnier,FR,דאודורנט ספריי אינבי,,150.00,"100 מ""ל",false,,10.00,0.0667,true,1,12383
3608580071389,false,ממרח ערמונים 370 גרם BONNE MAMAN,,FR,ממרח ערמונים 370 גרם,,370.00,100 גרם,false,,19.90,0.0538,true,1,295359
3608580075646,false,קונפיטורה בטעם שזיפים 370 גר BONNE MAMAN,,FR,קונפיטורה שזיף 370 ג,,370.00,100 גרם,false,,19.90,0.0538,true,1,295360
3614223736003,false,"אדידס - דאודורנט ספריי לגבר אדיפיור 150 מ""ל",איגפק אס.איי,PT,דאודורנט ספריי לגבר,,150.00,"100 מ""ל",false,,12.90,0.0860,true,1,108658
3614224050986,false,"אדידס - דאודורנט ספריי לגבר אדיפאוור 72 שעות 150 מ""ל","ב.א מזון בע""מ",PT,דאודורנט ספריי לגבר,,150.00,"100 מ""ל",false,,12.90,0.0860,true,1,108659
3616180424856,false,קרפור הום -30 מפיות,,,קרפור הום -30 מפיות,יחידה,0.00,יחידה,false,,5.90,0.0000,true,1,360961
3616180424887,false,קרפור הום -30 מפיות,,,קרפור הום -30 מפיות,יחידה,0.00,יחידה,false,,5.90,0.0000,true,1,360963
3616180424931,false,קרפור הום -30 מפיות,,,קרפור הום -30 מפיות,יחידה,0.00,יחידה,false,,5.90,0.0000,true,1,360964
3616180424948,false,קרפור הום -30 מפיות,,,קרפור הום -30 מפיות,יחידה,0.00,יחידה,false,,5.90,0.0000,true,1,360965
3616180425044,false,קרפור הום -30 מפיות,,,קרפור הום -30 מפיות,יחידה,0.00,יחידה,false,,5.90,0.0000,true,1,360966
3616180425099,false,קרפור הום -30 מפיות,,,קרפור הום -30 מפיות,יחידה,0.00,יחידה,false,,5.90,0.0000,true,1,360967
3616180425150,false,קרפור הום -30 מפיות,,,קרפור הום -30 מפיות,יחידה,0.00,יחידה,false,,5.90,0.0000,true,1,360970
3616180425174,false,קרפור הום -30 מפיות,,,קרפור הום -30 מפיות,יחידה,0.00,יחידה,false,,5.90,0.0000,true,1,360971
3616180425198,false,קרפור הום -30 מפיות,,,קרפור הום -30 מפיות,יחידה,0.00,יחידה,false,,5.90,0.0000,true,1,360973
3661163970448,false,"אדידס דאודורנט ספריי מקס פרש לגברים 200 מ""ל",מיוצר עי קונדיטוריית,PT,דאו' ספריי לגבר פרש,,200.00,"100 מ""ל",false,,15.90,0.0795,true,1,5566
3800020403631,false,חטיף שוקולד צאנקי חמאת בוטנים 42ג' קיט קט,נסטלה בולגריה A.D.,BG,קיט קט צ'אנקי חמאת ב,,42.00,100 גרם,false,,3.90,0.0929,true,1,41926
3800034954150,false,מארז 3 יחידות פריש דריי,,,עץ ריח איירון שלישיה,יחידה,0.00,יחידה,false,,10.50,0.0000,true,1,31718
3838824127262,false,פלטה סמי קיט בלונד כהה 6-0 צבע שיער,שוורצקופף והנקל,DE,סמי קיט בלונד כהה 6-,יחידה,0.00,יחידה,false,,15.00,0.0000,true,1,7913
4000417101211,false,גלילי וופל עם קרם אגוזי לוז בציפוי שוקולד חלב,אמיצ'לי Amicelli,AT,גלילי וופל עם קרם אג,,150.00,100 גרם,false,,17.90,0.1193,true,1,248966
4000417101273,false,אימצ'לי-גלילי וופל עם קרם אגוזי לוז 300 גרם,,,אמיצ'לי חנוכה - גליל,,300.00,100 גרם,false,,29.90,0.0997,true,1,358261
4001432777030,false,גולדן פיק אדום 750 מ,יוליניבר,DE,גולדן פיק אדום 750 מ,,750.00,"100 מ""ל",false,,29.90,0.0399,true,1,41597
4002448017684,false,"סיליט באנג ספריי רב שימושי כתום 750 מ""ל",הדקלאים אגודת שיתופי,PL,סיליט באנג ספריי רב,,750.00,"100 מ""ל",false,,14.90,0.0199,true,1,20799
4002448019480,false,"סיליט באנג מסיר שומנים רב שימושי 750 מ""ל",סיליט באנג Cillit Bang,PL,סיליט באנג ספריי מסי,,750.00,"100 מ""ל",false,,14.90,0.0199,true,1,20800
4005808366392,false,שפתון כחול בליסטר לבלו,טרופיקל דגיל תעשיות,DE,שפתון כחול למניעת יו,,4.80,100 גרם,false,,9.90,2.0625,true,1,51035
4005808850723,false,שפתון לבלו תות בליסט,טרופיקל דגיל תעשיות,DE,לבלו פירות בטעם תות,יחידה,0.00,יחידה,false,,9.90,0.0000,true,1,51093
4005900513045,false,"ניוואה - דאודורנט ספריי לגבר דיפ 150 מ""ל",ביירסדורף,DE,דאו ספריי לגבר DEEP,,150.00,"100 מ""ל",false,,14.90,0.0993,true,1,51133
4005900639554,false,"ניוואה - דאודורנט רול און לאישה פרש נטורל לאישה ללא אלומיניום 50 מ""ל",ביירסדורף AG,DE,דאודורנט רול און מענ,,50.00,"100 מ""ל",false,,14.90,0.2980,true,1,240065
4005900648181,false,"ניוואה - תחליב רחצה אלוורה 750 מ""ל",ביירסדורף AG,DE,תחליב רחצה creme alo,,750.00,"100 מ""ל",false,,16.90,0.0225,true,1,240079
4005900816016,false,"ניוואה - דאודורנט ספריי לאישה פרש טבעי לאישה 150 מ""ל",טרופיקל דגיל תעשיות,DE,NIVEA דאודורנט ספריי,,150.00,"100 מ""ל",false,,13.90,0.0927,true,1,51139
4005900874931,false,"דאודורנט ספריי דיפ ביט לגבר 150 מ""ל ניוויה",ביירסדורף,DE,ניוואה דאודורנט ספרי,,150.00,"100 מ""ל",false,,14.90,0.0993,true,1,351209
4008287058161,false,בירה קרומבאכר פילס 4.8% שישיה 6 * 330 מל,מנדלז סי.אר. פרודקשן,DE,בירה קרומבכר פילס שי,ליטרים,1.98,ליטר,false,,30.90,15.6061,true,1,177749
4008287762020,false,בירה קרומבאכר חיטה 0.50 ליטר בקבוק,קרומבכר בראורי,DE,בירה קרומבאכר חיטה 5,,500.00,"100 מ""ל",false,,10.20,0.0204,true,1,271401
4008400230726,false,ביצת שוקולד הפתעה קינדר ענקית 100ג' בנים,קינדר Kinder,BE,ביצת הפתעה קינדר מקס,,100.00,100 גרם,false,,23.90,0.2390,true,1,41458
4009900379564,false,מסטיק הובה בובה Hubba Bubba טייפ בטעם פירות,הובה בובה Hubba Bubba,GB,הובה בובה טייפ פירות,,56.00,100 גרם,false,,6.50,0.1161,true,1,20658
4009900402965,false,מסטיק אורביט וויט בטעם פירות ללא סוכר,ריגלי פולין,PL,אורביט וויט פירות בק,,64.00,100 ליטר,false,,10.50,0.1641,true,1,20665
4009900403023,false,מסטיק אורביט בקבוקון דאבל white קלאסי 64ג',"ב.א מזון בע""מ",PL,אורביט וויט מנטה בקב,,64.00,100 ליטר,false,,10.50,0.1641,true,1,20666
4009900420129,false,מסטיק אורביט פרופשנל פפרמינט בקבוקון 64 גר',מרס נדרלנד,PL,אורביט פרופשייונל פפ,,64.00,100 גרם,false,,10.50,0.1641,true,1,20673
4009900465304,false,סוכריות סקיטלס פירות חמוצים 174 גרם,סקיטלס Skittles,CZ,סקיטלס פירות חמוצים,,174.00,100 גרם,false,,7.90,0.0454,true,1,20683
4009900479998,false,מסטיק אורביט בטעם אוכמניות ללא סוכר,ריגלי פולין,PL,אורביט מסטיק בקבוקון,,64.00,100 גרם,false,,10.50,0.1641,true,1,20686
4009900482417,false,מסטיק אורביט פירות מנטה בקבוקון באבל מינט 45יח,ריגלי פולין,PL,אורביט באבל מינט בקב,,64.00,100 ליטר,false,,10.50,0.1641,true,1,20688
4009900483803,false,מסטיק איירובס מנטה אקליפטוס בקבוקון 60יח',איירוויבס Airwaves,GB,אירוויבז בקבוק M מנט,,84.00,100 גרם,false,,12.50,0.1488,true,1,20689
4009900484060,false,מסטיק אורביט פרופשיונל בטעם מנטה ללא סוכר,אורביט Orbit,GB,אורביט פרופשיונל מנט,יחידה,0.00,יחידה,false,,10.90,0.0000,true,1,20691
4009900491044,false,מסטיק איירובס אוכמניות בקבוקון 60יח',איירוויבס Airwaves,GB,אירוויבז בקבוק M מנט,,84.00,100 גרם,false,,12.50,0.1488,true,1,20703
4009900496247,false,"מסטיק אורביט לל""ס מלבניות בקבוק בבלימנט 60 יח",אורביט Orbit,GB,אורביט בבלמינט בקבוק,,84.00,100 גרם,false,,10.90,0.1298,true,1,20704
4009900509770,false,אורביט באריזת בקבוק בטעם תות 60 יח',אורביט Orbit,GB,אורביט באריזת בקבוק,יחידה,0.00,יחידה,false,,10.90,0.0000,true,1,20712
4009900531122,false,"מסטיק בטעם מנטה ספירמינט, 64 ג' פרופשיונל אורפיט",מרס נדרלנד,PL,אורביט פרופשייונל ספ,,64.00,100 ליטר,false,,10.50,0.1641,true,1,20725
4009900531573,false,סוכריות סקיטלס סמודיס בטעמי יוגורט ופירות,סקיטלס Skittles,CZ,סקיטלס סמודיס 174 גר,,174.00,100 גרם,false,,7.90,0.0454,true,1,20726
4009900534611,false,מסטיק איירוויבז בקבוקון בטעם מלון ומנטה,ריגלי,IL,איירוויבז בטעם מלון,,64.00,100 גרם,false,,10.50,0.1641,true,1,74947
4009900535519,false,מסטיק אורביט רפרשרס ספירמינט ללא סוכר 15.6גר',,PL,אורביט רפרשרס אריזה,,15.00,100 גרם,false,,3.90,0.2600,true,1,123019
4009900535540,false,מסטיק אורביט רפרשרס פפרמינט ללא סוכר 15.6גר',,PL,אורביט רפרשרס פפרמינ,,15.00,100 גרם,false,,3.90,0.2600,true,1,123020
4009900536257,false,מסטיק אורביט רפרשרס ספירמינט בקבוקון ללא סוכר 67 גר',מרס ריגלי קונפקשונרי,PL,מסטיק אורביט רפרשרס,,67.00,100 גרם,false,,11.90,0.1776,true,1,123034
4009900536288,false,מסטיק אורביט רפרשרס פפרמינט בקבוקון ללא סוכר 67 גר',מרס ריגלי קונפקשונרי,PL,מסטיק אורביט רפרשרס,,67.00,100 גרם,false,,11.90,0.1776,true,1,148290
4009900536486,false,מסטיק אורביט רפרשרס באבלמינט בקבוקון ללא סוכר 67 גר',מרס ריגלי קונפקשונרי,PL,מסטיק אורביט רפרשרס,,67.00,100 גרם,false,,11.90,0.1776,true,1,123035
4009900539340,false,סקיטלס ג'יינט סאוור 141 גרם,מרס ריגלי קונפקשונרי,PL,סוכריות סקיטלס ענקיו,,141.00,100 גרם,false,,7.90,0.0560,true,1,246558
4009900539685,false,"מסטיק פייב באונס בטעם מנטה בקבוקון, 61.8 גרם",ריגלי בעמ רוסיה,PL,מסטיק בטעם מנטה ללא,,61.80,100 גרם,false,,11.90,0.1926,true,1,255312
4009900539746,false,"מסטיק פייב באונס בטעם אבטיח בקבוקון, 61.8 גרם",ריגלי בעמ רוסיה,PL,מסטיק בטעם אבטיח ללא,,31.80,100 גרם,false,,11.90,0.3742,true,1,255313
4009900540551,false,מסטיק אורביט רפרשרס טרופיקל בקבוקון ללא סוכר,מרס פולין,PL,אורביט רפרשרס טרופיק,,67.00,100 גרם,false,,11.90,0.1776,true,1,248692
4011800528416,false,קורני בייס סויט & סולט 6 יח 150 גר,קורני Corny,DE,חטיף בייס סויט סולט,,150.00,100 גרם,false,,10.90,0.0727,true,1,13733
4011800630515,false,חטיף קורני שוקולד חלב ובננה 6 יח 150 גר,מיוצר עי קונדיטוריית,DE,חטיף דגנים עם שוקולד,,150.00,100 גרם,false,,10.90,0.0727,true,1,13743
4014400901412,false,בונבוניירה שוקולד מריר מרסי 250 ג`,תות ממתקי איכות,DE,מרסי מריר 250 גרם,,250.00,100 גרם,false,,24.90,0.0996,true,1,12698
4014400904390,false,סוכריות וולמילש ממולא ט.חלב 325גרם,קריניציה ויטמינה אס,DE,סוכריות וולמליש 325ג,,325.00,100 גרם,false,,14.90,0.0458,true,1,12704
4014400914696,false,סוכריות חמאה וורטר אור ללא סוכר 80 גרם,ליימן מותגים,DE,80 סוכריות חמאה וורט,,80.00,100 גרם,false,,8.90,0.1113,true,1,12713
4014400920857,false,סוכריות וורטר Werther's בטעם שוקולד ללא סוכר,קריניציה ויטמינה אס,DE,וורטרס ללא סוכר טעם,,70.00,100 גרם,false,,8.90,0.1271,true,1,12717
4014400923711,false,טופיפי 125 גר' - חלב נוכרי,ליימן מותגים,DE,טופיפי בונבונירה שוק,,125.00,100 ליטר,false,,11.90,0.0952,true,1,12718
4014600202593,false,רגולדס סוכריות בפח בטעם פירות 150 גרם,,,סוכריות בפח בטעמי פי,,150.00,100 גרם,false,,9.90,0.0660,true,1,306959
4014600202609,false,רגולדס סוכ. בפח בטעם ליים ואוכמניות 150,,,סוכריות בפח עם ליים,,150.00,100 גרם,false,,9.90,0.0660,true,1,306960
4015000615891,false,"פה - דאודורנט ספריי לאישה אקווה 200 מ""ל",שוורצקופף והנקל,DE,פה דאו ספריי אקווה 2,,200.00,"100 מ""ל",false,,9.90,0.0495,true,1,7972
4015000615921,false,"פה - דאודורנט ספריי לגבר ספורט 200 מ""ל",שוורצקופף והנקל,DE,דאו' ספריי פה לגבר 2,,200.00,"100 מ""ל",false,,9.90,0.0495,true,1,7973
4015100190793,false,גליס מסכה לשיער יבש ופגום במיוחד Ultimate Repair,שוורצקוף Schwarzkopf,SK,מסכה שיקום אולטימטיב,,300.00,"100 מ""ל",false,,24.90,0.0830,true,1,8020
4015400564034,false,מגני תחתון אולוויז לונג פלוס עם ניחוח,פרוקטר אנד גמבל,DE,מגן תחתון לונג פלוס,יחידה,0.00,יחידה,false,,18.90,0.0000,true,1,26863
4015400564454,false,מגני תחתון אולוויז לארג' עם ניחוח מגה פק,פרוקטר אנד גמבל,DE,מגן תחתון לארג מגה פ,יחידה,0.00,יחידה,false,,18.90,0.0000,true,1,26867
4015400746812,false,מגני תחתון אולוויז נורמל עם ניחוח מגה פק,פרוקטר אנד גמבל,UA,מגן תחתון מגה פק נור,יחידה,0.00,יחידה,false,,18.90,0.0000,true,1,26929
4015400990482,false,אריאל אבקת כביסה קולור 3 קג,אריאל Ariel,,אבקת כביסה אריאל קול,קילוגרמים,3.00,"ק""ג",false,,34.90,11.6333,true,1,26943
4015600971946,false,שמפו פנטן קלאסי 500,,,שמפו פנטן קלאסי 500,,500.00,"100 מ""ל",false,,13.90,0.0278,true,1,184560
4017100364112,false,עוגיות היט Hit במילוי קרם בטעם שוקולד,הדקלאים אגודת שיתופי,PL,היט עוגיות סנדביץ בט,,220.00,100 גרם,false,,7.90,0.0359,true,1,41951
4022025261002,false,יין בלו ווין גוורצטרמינר 750 מל,לנגוט טראבן,DE,יין בלו נאן בלו וויי,,750.00,"100 מ""ל",false,,50.90,0.0679,true,1,41605
4045787068467,false,"אינדולה - פרוטאין צבע 7 בלונד בינוני 60 מ""ל",שוורצקופף והנקל,DE,פרוטאין קולור 7 בלונ,,60.00,"100 מ""ל",false,,13.90,0.2317,true,1,8043
4052197000017,false,"בירה בנדיקטינר חיטה לא מסוננת 500 מ""ל",בנדיקטינר וויצבראו,DE,בירה בנדיקטינר 500 מ,,500.00,"100 מ""ל",false,,9.90,0.0198,true,1,91
4052197000925,false,בירה בנדקטינר דונקל כהה 500 מל,בנדיקטינר וויצבראו,DE,בירה בנדקטינר כהה דו,,500.00,"100 מ""ל",false,,9.90,0.0198,true,1,94
4062400543125,false,"טקילה סיירה רפוסאדו 700 מ""ל",סיארה Sierra,MX,טקילה סיירה זהב רפוס,,700.00,"100 מ""ל",false,,99.00,0.1414,true,1,100
4066600999614,false,"בירה פאולנר חיטה 500 מ""ל בקובק",מבשלת פאולנר,DE,בירה פאולנר בקבוק 50,,500.00,"100 מ""ל",false,,10.90,0.0218,true,1,9273
4079400330129,false,"בירה פילסנר וולטרס 4.9% 500 מ""ל בפחית",,,בירה וולטרס פחית 4.9,,500.00,"100 מ""ל",false,,5.90,0.0118,true,1,48880
4100130937163,false,בירה בקס שישייה 6*275 מל,"איי, בי, אינבוו",DE,"בירה בקס 6* 275 מ""ל",ליטרים,1.65,ליטר,false,,24.90,15.0909,true,1,9960
4603400000043,false,"וודקה רוסקיי סטנדרט 700 מ""ל",רוסקי סטנדרט וודקה,RU,רוסקי סטנדרט 700מ'ל,,700.00,"100 מ""ל",false,,60.90,0.0870,true,1,11174
4603514009277,false,"גין באריסטר יבש 700 מ""ל",לאדוגה גרופ,RU,באריסטר ג'ין יבש 700,,700.00,"100 מ""ל",false,,90.20,0.1289,true,1,279340
4603928000976,false,"וודקה בלוגה נובל 700 מ""ל+כוס",מרינסקי ליקרו ונבאנצ,RU,בלוגה וודקה 700מל,,700.00,"100 מ""ל",false,,120.90,0.1727,true,1,33773
4640018993343,false,פיניש קוואנטום קפסולות ג'ל למדיח כלים 30 יח',רקיט בנקיזר,PL,פיניש קוואנטום למדיח,יחידה,0.00,יחידה,false,,40.90,0.0000,true,1,69356
4640018993350,false,פיניש קוואנטום קפסולות ג'ל למדיח כלים לימון 30 יח',רקיט בנקיזר,PL,פיניש קוואנטום לימון,יחידה,0.00,יחידה,false,,40.90,0.0000,true,1,69357
4640018993398,false,פיניש קוואנטום 60 יח' קפסולות ג'ל למדיח כלים,רקיט בנקיזר,PL,פיניש קוואנטום למדיח,יחידה,0.00,יחידה,false,,59.90,0.0000,true,1,69359
4710068001715,false,"מאסטר קפה טירמיסו 240 מ""ל",יוני פרזינדנט אנטרפר,TW,מאסטר קפה טירמיסו 24,,240.00,"100 מ""ל",false,,5.90,0.0246,true,1,39380
4800888209368,false,רקסונה - דאודורנט סטיק לגבר אקסטרא קול 50 גרם,,,רקסונה סטיק גבר אקסט,,50.00,"100 מ""ל",false,,17.90,0.3580,true,1,64240
4800888219541,false,רקסונה - דאודורנט סטיק לאישה פאוודר דרי 50 גרם,,,דאו רקסונה סטיק טלק,,50.00,"100 מ""ל",false,,17.90,0.3580,true,1,205680
4903001904192,false,"רוטב סויה יאמסה פרימיום 500 מ""ל",הדקלאים אגודת שיתופי,JP,רוטב סויה יאמאסה פרמ,,500.00,"100 מ""ל",false,,17.90,0.0358,true,1,12720
5000157143365,false,מתבל בטעם מיונז וקטשופ היינץ 425 ג',היינץ Heinz,PL,מתבל בטעם מיונז וקטש,,425.00,"100 מ""ל",false,,14.90,0.0351,true,1,5250
5000159376655,false,סוכריות סקיטלס 38 גר פירות 38 גרם,ריגלי ממתקים,GB,סוכריות סקיטלס פירות,,38.00,100 גרם,false,,3.50,0.0921,true,1,20736
5000159407236,false,חטיף שוקולד מרס 51 ג',מרס הולנד בי.וי.,NL,חטיף מרס 51 גרם,,51.00,100 גרם,false,,3.90,0.0765,true,1,20741
5000159461122,false,חטיף שוקולד סניקרס 50 ג',"נארז ע""י : א.ג. גילר",NL,חטיף סניקרס שוקולד 5,,50.00,100 גרם,false,,3.90,0.0780,true,1,20748
5000159538626,false,מארז טוויקס חמישייה,טוויקס Twix,NL,חטיף טוויקס מארז 5*2,,250.00,100 גרם,false,,9.90,0.0396,true,1,156798
5000204153903,false,מטהר אוויר גלייד מילוי אוטומטי מרכך כביסה,קוסטר אירוסול ואלף ס,TR,גלייד מילוי אוטומטי,,269.00,"100 מ""ל",false,,15.90,0.0591,true,1,95845
5000204658187,false,"קיווי נוזל נעליים קראון שחור 75 מ""ל",אס' סי' ג'ונסון במה,PL,קיווי נוזל נעליים שח,,75.00,"100 מ""ל",false,,13.30,0.1773,true,1,5655
5000394141209,false,שישיות סוללות AAA פלוס פאוור דורסל,דורסל,BE,סוללות דורסל שישיות,יחידה,0.00,יחידה,false,,21.90,0.0000,true,1,258109
5000396037531,false,מקוויטיס ביסקוויט מצופה שוקולד חלב 200 ג',מקוויטיס McVitie's,GB,מקוויטיס מצופה שוקול,,200.00,100 גרם,false,,10.90,0.0545,true,1,24576
5000396037944,false,מקוויטיס ביסקוויט אורגינל 250 גרם,מקוויטיס McVitie's,GB,מקוויטים ביסקוויטים,,250.00,100 גרם,false,,9.90,0.0396,true,1,24579
5010182997253,false,"רייד ארוסול קוטל ג''וקים - 300 מ""ל",אס.סי.ג'ונסון מידרכט,NL,רייד ארוסול קוטל ג'ו,,300.00,"100 מ""ל",false,,11.90,0.0397,true,1,5669
5010182997680,false,"רייד ארוסול קוטל נמלים - 300 מ""ל",אס.סי.ג'ונסון מידרכט,NL,רייד ארוסול קוטל נמל,,300.00,"100 מ""ל",false,,11.90,0.0397,true,1,5674
5010182997918,false,"טואלט דאק ג'ל אסלה בניחוח ים 55 מ""ל","איטיליאן פוד, אס.פי.",IT,דאק ג'ל אסלה ניחוח י,,55.00,100 גרם,false,,9.90,0.1800,true,1,5675
5010677551281,false,"בקרדי בריזר לימון 275 מ""ל בקבוק",בקרדי בריזר Bacardi Breezer,BE,בקרדי בריזר לימון 27,,275.00,"100 מ""ל",false,,13.90,0.0505,true,1,9278
5010677551397,false,"בקרדי בריזר לימון ליים 275 מ""ל",בקרדי בריזר Bacardi Breezer,BE,בקרדי בריזר ליים,,275.00,"100 מ""ל",false,,13.90,0.0505,true,1,9279
5010677552387,false,"בקרדי בריזר אננס 275 מ""ל בקבוק",בקרדי בריזר Bacardi Breezer,BE,בקרדי בריזר אננס.,,275.00,"100 מ""ל",false,,13.90,0.0505,true,1,9280
5010677554398,false,"בקרדי בריזר אבטיח 275 מ""ל בקבוק",בקרדי בריזר Bacardi Breezer,BE,בקרדי בריזר אבטיח,,275.00,"100 מ""ל",false,,13.90,0.0505,true,1,9281
5011007003005,false,"וויסקי ג'יימסון אירי מזוקק 700 מ""ל",אייריש דיסטילרז,IE,וויסקי אירי גיימסון,,700.00,"100 מ""ל",false,,94.90,0.1356,true,1,33776
5013931015741,false,דיש מטיק - ידית הפלא לשטיפת כלים,דישמטיק Dish matic,,ידית הפלא לשטיפת כלי,,44.00,100 גרם,false,,19.90,0.4523,true,1,122967
5013931015789,false,ידית הפלא עם כרית פלדה דיש מטיק,דישמטיק Dish matic,,ידית הפלא עם כרית פל,,64.00,100 גרם,false,,19.90,0.3109,true,1,122968
5014271350424,false,מעדן סאנט דלפור ארבע פירות 284 גר,המאפיה של הרמן,FR,סאן דלפור מעדן ארבע,,284.00,100 גרם,false,,20.90,0.0736,true,1,16766
5014271400426,false,סן דלפו מעדן תות שדה ללא סוכר 284 ג',המאפיה של הרמן,FR,סאן דלפור מעדן תות ש,,284.00,100 גרם,false,,20.90,0.0736,true,1,16771
5016840033219,false,ויסקי לוך לומונד סינ,לוך לומונוד דיסטלרי,GB,לוך לונונד אוריג'נל,,700.00,"100 מ""ל",false,,119.00,0.1700,true,1,303302
5024546366609,false,"וויסקי 700 מ""ל LAUDERS SCOTCH",מקדוף אינטרנשנל דיסט,,וויסקי לאודרס 700מל,,700.00,"100 מ""ל",false,,100.90,0.1441,true,1,134
5029053002408,false,נייר טואלט קלינקס פרימיום לבן - מארז 9 גלילים,קימברלי קלארק ישראל,IL,נייר טואלט קליניקס ל,,275.00,מטר,false,,32.90,0.1196,true,1,8795
5029053002439,false,נייר טואלט קלינקס פרימיום צהוב - מארז 9 גלילים,חוגלה קימברלי,GB,נייר טואלט קליניקס צ,,243.00,מטר,false,,32.90,0.1354,true,1,8796
5029053032658,false,קלינקס ממחטות שמיניה,KC Italy,,ממחטות טישו טו גו ק,יחידה,0.00,יחידה,false,,8.90,0.0000,true,1,8802
5029053039725,false,ממחטות נייר קלינקס נטורל פרש קופסה 72 דף,קימברלי קלארק,FR,טישו נטורל פרש קופסא,יחידה,0.00,יחידה,false,,10.90,0.0000,true,1,200840
5029053510811,false,קוטקס - תחבושות אולטרה נורמל + כנפיים 30 יח',קימברלי קלארק,TR,תחבושות אולטרה נורמל,יחידה,0.00,יחידה,false,,16.90,0.0000,true,1,8804
5029053523446,false,קוטקס - תחבושות אולטרה נייט + כנפיים 20 יח',קימברלי קלארק,GB,תחבושות אולטרה נייט+,יחידה,0.00,יחידה,false,,16.90,0.0000,true,1,8807
5029053535227,false,קוטקס טמפון עם מוליך נורמל 16 יח',KC Czech,CZ,טמפון עם מוליך נורמל,יחידה,0.00,יחידה,false,,21.90,0.0000,true,1,8820
5029054220085,false,האגיס - מגבוני האגיס אקסטרה קר לא מבושם 56 יח' * 4,קימברלי קלארק,IL,האגיס אקסטרה קר מגבו,יחידה,0.00,יחידה,false,,27.90,0.0000,true,1,8825
5053827215862,false,קלוגס קוקו פופס שוקו 500ג',קלוגס Kellogg's,DE,דגני בוקר קוקו פופס,,500.00,100 גרם,false,,17.90,0.0358,true,1,84453
5099864006384,false,סימילאק למהדרין שלב 2 אריזת חיסכון 900 ג.,אבוט מעבדות רפואיות,ES,"סימילאק מהדרין בד""צ",,900.00,100 גרם,false,,75.90,0.0843,true,1,29438
5201184854266,false,צלחות נייר 23 ס`מ 8,,,צלחות נייר 23 ס`מ 8,יחידה,0.00,יחידה,false,,11.00,0.0000,true,1,32197
5201347400545,false,רצועות שעווה מוכנות לשימוש לפנים ולאזורים רגישים,רקיט בנקיזר,FR,רצועות שעווה לפנים ו,יחידה,0.00,יחידה,false,,30.90,0.0000,true,1,20847
5201940010110,false,זיתים שחורים מזן קלמטה בפח 454 גרם,סיוארס אס.איי,GR,זיתים שחורים קלמטה ו,,250.00,100 גרם,false,,13.90,0.0556,true,1,2841
5391523058087,false,סימילאק אדבנס פלוס 2 תרכובת מזון על בסיס חלב,טרופיקל דגיל תעשיות,IE,סימילאק אדוואנס פלוס,,700.00,100 גרם,false,,64.90,0.0927,true,1,29451
5410091648176,false,"פה - דאודורנט רול און לאישה פינק פרדייס 50 מ""ל",שוורצקופף והנקל,DE,דאו' רול און פינק פר,,50.00,"100 מ""ל",false,,9.90,0.1980,true,1,8054
5410126006087,false,ביסקוויט לוטוס קרמל 700 גרם,לוטוס ביקרי נ.וי.,BE,לוטוס עוגיות קרמל 70,,700.00,100 גרם,false,,24.90,0.0356,true,1,5265
5410126106183,false,ביסקויט לוטוס קרמל 312 גר 50 יח ארוז,כלורוקס אוקלנד,BE,ביסקוויט קרמל 312גרם,,312.00,100 גרם,false,,15.90,0.0510,true,1,5270
5410126666038,false,עוגיות לוטוס 18*2 279 גרם,לוטוס ביקרי,BE,עוגיות לוטוס 279 גרם,,279.00,100 גרם,false,,12.90,0.0462,true,1,5273
5410126716016,false,"ביסקוויט בטעם קרמל לוטוס בד""צ 250 ג'",לוטוס ביקרי בלגיה,BE,ביסקוויט בטעם קרמל ל,,250.00,100 גרם,false,,11.90,0.0476,true,1,5274
5410291021991,false,ממרח אגוזי לוז עם קקאו,צ'וקטה Chocketa,BE,צ`וקטה ממרח אגוזי לו,,700.00,100 גרם,false,,19.90,0.0284,true,1,41962
5411081003654,false,"בירה קסטיל רוז 330 מ""ל",ואן הונסברוק,BE,בירה קסטיל רוז 330 א,,330.00,"100 מ""ל",false,,11.90,0.0361,true,1,36581
5411188081852,false,אלפרו משקה סויה בטעם וניל 1 ל',הנסיך- מפעל לייצור ט,BE,אלפרו משקה סויה בטעם,יחידה,0.00,יחידה,false,,12.90,0.0000,true,1,21357
5411188110835,false,אלפרו חלב סויה שקדים וניל 1ל',הנסיך- מפעל לייצור ט,BE,אלפרו משקה שקדים 1 ל,ליטרים,1.00,ליטר,false,,12.90,12.9000,true,1,21363
5411188112709,false,"משקה קוקוס אלפרו 1 ליטר משקה שקדים לל""ס",הנסיך- מפעל לייצור ט,BE,אלפרו משקה שקדים ללא,יחידה,0.00,יחידה,false,,12.90,0.0000,true,1,21367
5411188115366,false,משקה קוקוס אלפרו 1 ליטר משקה שיבולת שועל 1 ליטר,הנסיך- מפעל לייצור ט,BE,אלפרו משקה שיבולת שו,יחידה,0.00,יחידה,false,,12.90,0.0000,true,1,21369
5411188115434,false,משקה אלפרו בריסטה סויה 1 ליטר,אלפרו Alpro,BE,אלפרו משקה בריסטה סו,,1.00,100 ליטר,false,,12.90,12.9000,true,1,285755
5411188115472,false,אלפרו משקה סויה 1 ליטר,הנסיך- מפעל לייצור ט,BE,אלפרו משקה סויה 1 לי,ליטרים,1.00,ליטר,false,,12.90,12.9000,true,1,93767
5411188121978,false,"משקה סויה בטעם שוקולד 3 * 250 מ""ל אלפרו",אלפרו C.V.A,BE,אלפרו סויה שוקו סיד,,750.00,"100 מ""ל",false,,14.50,0.0193,true,1,21379
5411188124689,false,משקה שיבולת שועל ללא סוכר 1ל' אלפרו,אלפרו Alpro,BE,אלפרו משקה שיבולת שו,יחידה,0.00,יחידה,false,,12.90,0.0000,true,1,119378
5411188134985,false,אלפרו 3.5% NOT M*LK שיבולת שועל 1 ליטר בית יוסף,הנסיך- מפעל לייצור ט,BE,אלפרו 3.5% שומן NOT,ליטרים,1.00,ליטר,false,,14.10,14.1000,true,1,178656
5411188135005,false,אלפרו 1.8% NOT M*LK שיבולת שועל 1 ליטר בית יוסף,הנסיך- מפעל לייצור ט,BE,אלפרו 1.8% שומן NOT,ליטרים,1.00,ליטר,false,,14.10,14.1000,true,1,181969
5411188543398,false,אלפרו משקה סויה ללא סוכר 1 ליטר,הנסיך- מפעל לייצור ט,BE,אלפרו משקה סויה ללא,ליטרים,1.00,ליטר,false,,12.90,12.9000,true,1,93845
5413149655522,false,"אבקת כביסה שושן צחור 1.25 ק""ג אריאל",פרוקטר אנד גמבל,TR,אריאל אבקת כביסה שוש,קילוגרמים,1.25,"ק""ג",false,,17.90,14.3200,true,1,27237
5413548280189,false,קינדר שוקובון 16 יחידות,פררו,BE,קינדר שוקו בון 125ג,,125.00,100 גרם,false,,12.90,0.1032,true,1,41463
5420066370001,false,טראפל בלגי קרמל 150 גרם,,,טראפל שוקולד בלגי קר,,150.00,100 גרם,false,,14.90,0.0993,true,1,307052
5600289150349,false,צ'יפס תפוחי עץ מיובש,,,צ'יפס תפוחי עץ מיובש,,30.00,100 גרם,false,,5.90,0.1967,true,1,268002
5601008200468,false,עוגיות מרבה גודיס טבעת מצופה שוקו' לבן 150ג',קריניציה ויטמינה אס,PT,גודיס עוגיות טבעת מצ,,150.00,100 גרם,false,,4.90,0.0327,true,1,21390
5604912415058,false,סרדינים בשמן חמניה חריף פורטוס 125 גרם,פורטוס Porthos,PT,סרדינים בשמן חמניה ח,,125.00,100 גרם,false,,5.90,0.0472,true,1,5278
5689456012109,false,מארז סביבונים מעץ 4 יח,,,מארז סביבונים 4 יח',יחידה,0.00,יחידה,false,,5.90,0.0000,true,1,206743
5711953106590,false,גבינת שמנת ארלה שמנת שום 200 גרם,ארלה פודס אמבה,DK,ארלה גבינת שמנת שום,,200.00,100 גרם,false,,13.40,0.0670,true,1,23222
5740900403215,false,ממרח מחמאת לורפק עם מלח 250 ג',לורפאק Lurpak,DK,ממרח לורפק עם מלח 25,,250.00,100 ליטר,false,,16.80,0.0672,true,1,23224
5740900403222,false,ממרח לורפק חמאה עם מלח מופחת שומן 250 ג,לורפאק Lurpak,DK,ממרח לורפק עם מלח מו,,250.00,100 גרם,false,,16.80,0.0672,true,1,23225
5740900403239,false,ממרח מחמאת לורפק ללא מלח 250 ג',לורפאק Lurpak,DK,ממרח לורפק ללא מלח 2,,250.00,100 ליטר,false,,16.80,0.0672,true,1,23226
5740900403246,false,ממרח מחמאת לורפק ללא מלח 500 ג',לורפאק Lurpak,DK,ממרח לורפק ללא מלח 5,,500.00,100 גרם,false,,30.30,0.0606,true,1,23227
5740900403253,false,ממרח מחמאת לורפק עם מלח 500 ג',לורפאק Lurpak,DK,ממרח לורפק עם מלח 50,,500.00,100 גרם,false,,30.30,0.0606,true,1,23228
5740900403260,false,ממרח מחמאת לורפק ללא מלח 27% פחות שומן,ארלה פודס אמבה,DK,ממרח לורפק ללא מלח מ,,250.00,100 גרם,false,,16.80,0.0672,true,1,23229
5765220190164,false,עטרות נייר אפייה 3- 130 יחידות,,,עטרות נייר לאפייה 3,,130.00,יח',false,,4.90,0.0377,true,1,120050
5765220190171,false,עטרות נייר אפייה 5 -130 יחידות,,,עטרות נייר לאפייה 4,,130.00,יח',false,,5.50,0.0423,true,1,120075
5765220190188,false,עטרות נייר אפייה 5 -130 יחידות,,,עטרות נייר לאפייה 5,,130.00,יח',false,,5.90,0.0454,true,1,120076
5765220190522,false,סביבון חללית אורות מנגן,,,סביבון חללית אורות מ,יחידה,0.00,יחידה,false,,15.90,0.0000,true,1,105367
5765220190546,false,סביבון טורבו אורות מנגן,,,סביבון טורבו אורות מ,יחידה,0.00,יחידה,false,,15.90,0.0000,true,1,105369
5900020012814,false,דגנים נסקוויק מלחמת הכוכבים 500 גרם,מיוצר עי קונדיטוריית,PL,דגני בוקר נסקוויק נס,,500.00,100 גרם,false,,24.90,0.0498,true,1,18386
5900020015174,false,חטיף דגנים פיטנס Fitness עם שוקולד מריר,מיוצר עי קונדיטוריית,PL,פיטנס חטיף דגנים שוק,,141.00,100 גרם,false,,14.90,0.1057,true,1,18387
5900020018908,false,חטיף פיטנס דגנים עם עוגיות ופצפוצי שוקולד לבן,מיוצר עי קונדיטוריית,PL,פיטנס חטיף דגנים קרם,,141.00,100 גרם,false,,14.90,0.1057,true,1,18388
5900020020710,false,נסטלה - קראנץ' שוקו וניל חטיף דגנים 25 גרם * 6,נסטלה פולין ברים,PL,חטיף דגנים קראנץ בר,,150.00,100 גרם,false,,16.90,0.1127,true,1,18390
5900020024770,false,פיטנס - דליס חטיף דגנים שוקולד אגוז 22.50 גרם * 6,סי. פי. פולין,PL,פיטנס בר דליס שוקולד,,135.00,100 גרם,false,,14.90,0.1104,true,1,18394
5900020024817,false,פיטנס דליס Fitness Delice חטיף דגנים עם שוקולד לבן,סי.פי.פולין,PL,פיטנס בר דליס שוקולד,,135.00,100 גרם,false,,14.90,0.1104,true,1,18395
5900020025647,false,פיטנס דליס Fitness Delice חטיף דגנים עם שוקולד חלב,מיוצר עי קונדיטוריית,PL,פיטנס בר דליס שוקולד,,135.00,100 גרם,false,,14.90,0.1104,true,1,18397
5900020026552,false,דגני בוקר האני נאט צ'יריוס בטעם דבש ושקדים,נסטלה צרפת איטנקורט,FR,האני נאט ציריוס נסטל,,625.00,100 גרם,false,,24.90,0.0398,true,1,18402
5900020029669,false,פיטנס - חטיף דגנים פירות יער 23.50 גרם * 6,נסטלה פולין ברים,PL,פיטנס חטיף דגנים פיר,,141.00,100 גרם,false,,14.90,0.1057,true,1,18404
5900020034021,false,פיטנס בר דליס שוקולד בננה 8*23.5 גרם,מיוצר עי קונדיטוריית,PL,פיטנס חטיף דגנים שוק,,141.00,100 גרם,false,,16.90,0.1199,true,1,18408
5900020036407,false,דגני בוקר ליון Lion בטעם שוקולד וקרמל,ג.נרל מילס,US,דגני בוקר שוקולד וקר,,480.00,100 גרם,false,,24.90,0.0519,true,1,67175
5900020039590,false,פיטנס חטיף דגנים קלאסי פרווה 8 6*23.5 ג,סי.פי.פולין,PL,פיטנס חטיף דגנים קלא,,141.00,100 גרם,false,,14.90,0.1057,true,1,209655
5900020039620,false,פיטנס חטיף דגנים שקדים ודבש פרווה 8 6*23 ג,סי.פי.פולין,PL,חטיף דגנים שקדים ודב,,141.00,100 גרם,false,,14.90,0.1057,true,1,209641
5900020041142,false,קורנפלקס פיטנס 500 ג' אסם,סי.פי.פולין,PL,קורנפלקס פיטנס 500גר,,500.00,100 גרם,false,,12.90,0.0258,true,1,360416
5902198160403,false,"משקה אנרגיה XL TEN פחית לל""ס 250מ""ל","טמפו משקאות בע""מ",IL,אקס אל משקה אנרגיה ט,,250.00,מטר,false,,4.50,0.0180,true,1,9288
5902768862553,true,עוגיות בוגטי שוקולד,,,עוגיות בוגטי שוקולד,,155.00,100 גרם,false,,5.50,0.0355,true,1,49852
5902768865677,true,עוגיות שוקולד צ'יפס,,,עוגיות שוקולד צ'יפס,,150.00,100 גרם,false,,5.50,0.0367,true,1,49855
5906485301012,false,"משקה אנרגיה XL פחית 250 מ""ל","טמפו משקאות בע""מ",IL,אקס אל משקה אנרגיה 2,,250.00,מטר,false,,4.50,0.0180,true,1,9289
5941021004309,false,"שוקולד היידי גראנדור פלורנטין, 100 ג'",,,טבלת היידי גראנדור פ,,100.00,100 גרם,false,,9.50,0.0950,true,1,285204
5941021005139,false,טבלת שוקולד חלב שקד היידי גראנדור 100 ג',,,טבלת היידי גראנדור ח,,100.00,100 גרם,false,,9.50,0.0950,true,1,285102
5941021011147,false,טבלת שוקולד פלורנטין מריר היידי גראנדור 100 ג',,,טבלת היידי גראנדור פ,,100.00,100 גרם,false,,9.50,0.0950,true,1,285205
5941021016401,false,טבלת שוקולד מריר שקד היידי גראנדור 100 ג',,PL,טבלת היידי גראנדור מ,,100.00,100 גרם,false,,9.50,0.0950,true,1,285173
5998623526739,false,"יין סי גראס גוורצטרמינר 750 מ""ל",דנוביאנה,HU,יין סי גראס גוורצטרמ,,750.00,"100 מ""ל",false,,40.90,0.0545,true,1,13371
6102017501939,false,מצית לגז ארוך קבוע,,,מצת מהודר,יחידה,0.00,יחידה,false,,9.90,0.0000,true,1,31069
6224009175192,false,"תות שדה 1 ק""ג קפוא ב",O.K FRUIT,EG,"תות שדה 1 ק""ג קפוא ב",קילוגרמים,1.00,"ק""ג",false,,16.90,16.9000,true,1,51498
6910191800287,false,אצות נורי בלו 10 דף (ננגטונג),ננטונג היידה אקווטוק,CN,אצות נורי לסושי מזרח,,25.00,100 גרם,false,,11.90,0.4760,true,1,47530
6912977000140,false,אטריות שעועית 250 גר' ( Yantai)ללא גלוטן,יאנטאי ינסידה לנוגקא,CN,אטריות שעועית ללא גל,,250.00,100 גרם,false,,8.90,0.0356,true,1,47531
6920220650028,false,חנוכיית פח זהב /כסף,,,חנוכיה פח זהב/כסף,יחידה,0.00,יחידה,false,,4.90,0.0000,true,1,348621
6937266703052,false,שיק היידרו 3 מכשיר +,,,שיק היידרו 3 מכשיר +,יחידה,0.00,יחידה,false,,29.90,0.0000,true,1,21403
6951097101085,false,מאג מעוצב,,,מאג מעוצב,יחידה,0.00,יחידה,false,,4.90,0.0000,true,1,28007
7038516140357,false,ג'ורדן מברשת טוטאל קלין סופט רביעייה,מיוצר במלזיה עבור ג',NO,מב.שיניים טוטאל קלין,יחידה,0.00,יחידה,false,,10.00,0.0000,true,1,5709
7046110064535,false,מארז זוג מברשת שיניים ג'ורדן ילדים 0-2,ג'ורדן Jordan,,ג'ורדן מארז מברשת שי,יחידה,0.00,יחידה,false,,17.40,0.0000,true,1,5723
7262626014158,false,בובת רותי מנגנת,,,בובת רותי מנגנת,יחידה,0.00,יחידה,false,,24.90,0.0000,true,1,31153
7262626058497,false,כובע צמר לגבר,,,כובע צמר לגבר,יחידה,0.00,יחידה,false,,29.90,0.0000,true,1,31199
7262626088173,false,גרבי אנגורה נשים,,,גרבי אנגורה נשים,יחידה,0.00,יחידה,false,,9.90,0.0000,true,1,116664
7262626088197,false,טייץ טרמי צבעוני,,,טייץ טרמי צבעוני,יחידה,0.00,יחידה,false,,29.90,0.0000,true,1,99338
7262626088272,false,מטריה סיליקון שחור ח,,,מטריה סיליקון שחור ח,יחידה,0.00,יחידה,false,,39.90,0.0000,true,1,231142
7262626088319,false,כובע חורף נשים פונפו,,,כובע חורף נשים פונפו,יחידה,0.00,יחידה,false,,29.90,0.0000,true,1,363741
7290000000004,false,לחמניית אצבע עם נקני,,,לחמניית אצבע עם נקני,יחידה,0.00,יחידה,false,,9.90,0.0000,true,1,34392
7290000000104,false,סנדוויץ' עובד,,,סנדוויץ' עובד,יחידה,0.00,יחידה,false,,5.00,0.0000,true,1,34410
7290000000311,false,קרואסון ביס בטעמים ח,,,קרואסון ביס בטעמים ח,קילוגרמים,1.00,"ק""ג",true,,45.50,45.5000,true,1,2403
7290000000626,false,ברוקולי ארוז במגשית,,,ברוקולי ארוז במגשית,,1.00,יח',false,,9.90,9.9000,true,1,226204
7290000001056,false,לחם אחיד 750 גרם,,,לחם אחיד 750 גרם,,750.00,100 ליטר,false,,3.90,0.0052,true,1,4456
7290000002021,false,רוגלך פרווה,,,רוגלך פרווה,קילוגרמים,1.00,"ק""ג",true,,45.50,45.5000,true,1,2455
7290000002057,false,בורקיטס בולגרי בטעמי,,,בורקיטס בולגרי בטעמי,קילוגרמים,1.00,"ק""ג",true,,42.00,42.0000,true,1,2457
7290000002872,false,צפתית במים גד 5% במש,,,צפתית במים גד 5% במש,קילוגרמים,1.00,"ק""ג",true,,68.00,68.0000,true,1,14550
7290000002889,false,גבינות שמנת שום שמיר,,,גבינות שמנת שום שמיר,קילוגרמים,1.00,"ק""ג",true,,50.00,50.0000,true,1,14551
7290000003196,false,פילו מלוח טעמים מיוח,,,פילו מלוח טעמים מיוח,קילוגרמים,1.00,"ק""ג",true,,40.00,40.0000,true,1,2465
7290000003286,false,בלוז דנאבלו מחלבת אר,,,בלוז דנאבלו מחלבת אר,קילוגרמים,1.00,"ק""ג",true,,65.00,65.0000,true,1,23194
7290000003503,false,כנפיים עוף טרי,,,כנפיים עוף טרי,קילוגרמים,1.00,"ק""ג",true,,10.00,10.0000,true,1,26499
7290000003836,false,שניצל פרימיום עוף טר,,,שניצל פרימיום עוף טר,קילוגרמים,1.00,"ק""ג",true,,39.90,39.9000,true,1,128351
7290000004444,false,שקיות גופיה 20 מקרו,,,שקיות גופיה 20 מקרו,יחידה,0.00,יחידה,false,,0.10,0.0000,true,1,304406
7290000004815,false,מוצרלה גד 22% במשקל,,,מוצרלה גד 22% במשקל,קילוגרמים,1.00,"ק""ג",true,,88.00,88.0000,true,1,14567
7290000004969,false,גבינות שמנת טבעי גד,,,גבינות שמנת טבעי גד,קילוגרמים,1.00,"ק""ג",true,,50.00,50.0000,true,1,14573
7290000004976,false,גבינות שמנת זיתים גד,,,גבינות שמנת זיתים גד,קילוגרמים,1.00,"ק""ג",true,,50.00,50.0000,true,1,14574
7290000004990,false,כדור גדול מוצרלה גד,,,כדור גדול מוצרלה גד,קילוגרמים,1.00,"ק""ג",true,,102.00,102.0000,true,1,14576
7290000005025,false,בייגל בטעמים,,,בייגל בטעמים,,1.00,יח',false,,4.90,4.9000,true,1,36125
7290000005455,false,בולגרית מעודנת מהדרי,,,בולגרית מעודנת מהדרי,קילוגרמים,1.00,"ק""ג",true,,64.00,64.0000,true,1,14582
7290000009350,false,בשר טחון טרי,,,בשר טחון טרי,קילוגרמים,1.00,"ק""ג",true,,37.90,37.9000,true,1,317584
7290000009354,false,צלעות בקר טרי,,,צלעות בקר טרי,קילוגרמים,1.00,"ק""ג",true,,59.90,59.9000,true,1,318018
7290000009358,false,כתף בקר טרי,,,כתף בקר טרי,קילוגרמים,1.00,"ק""ג",true,,64.90,64.9000,true,1,318104
7290000009362,false,צלי כתף טרי,,,צלי כתף טרי,קילוגרמים,1.00,"ק""ג",true,,89.90,89.9000,true,1,318294
7290000009366,false,פילה מדומה טרי,,,פילה מדומה טרי,קילוגרמים,1.00,"ק""ג",true,,74.90,74.9000,true,1,318122
7290000009370,false,שריר טרי,,,שריר טרי,קילוגרמים,1.00,"ק""ג",true,,59.90,59.9000,true,1,318453
7290000009374,false,אנטריקוט טרי,,,אנטריקוט טרי,קילוגרמים,1.00,"ק""ג",true,,129.90,129.9000,true,1,318806
7290000009396,false,אסאדו ע.ע חלק טרי,,,אסאדו ע.ע חלק טרי,קילוגרמים,1.00,"ק""ג",true,,69.90,69.9000,true,1,318982
7290000009398,false,אוסובוקו חלק טרי,,,אוסובוקו חלק טרי,קילוגרמים,1.00,"ק""ג",true,,64.90,64.9000,true,1,318789
7290000009410,false,פילה בקר חלק טרי,,,פילה בקר חלק טרי,קילוגרמים,1.00,"ק""ג",true,,199.90,199.9000,true,1,319141
7290000009456,false,צוואר עגל טרי,,,צוואר עגל טרי,קילוגרמים,1.00,"ק""ג",true,,54.90,54.9000,true,1,329765
7290000009465,false,אנטריקוט ע.ע מחפוד ט,,,אנטריקוט ע.ע מחפוד ט,קילוגרמים,1.00,"ק""ג",true,,104.90,104.9000,true,1,329582
7290000010110,false,5 יח' לחמנית קוראסו,,,5 יח' לחמנית קוראסו,,1.00,יח',false,,16.90,16.9000,true,1,53973
7290000010250,false,5 יח' בייגלה בטעמים,,,5 יח' בייגלה בטעמים,,1.00,,false,,17.90,17.9000,true,1,53957
7290000010500,false,5 יח' לחמניות חיטה,,,5 יח' לחמניות חיטה,,1.00,יח',false,,13.40,13.4000,true,1,53958
7290000011040,false,5 יח' לחמניה קשר,,,5 יח' לחמניה קשר,,1.00,,false,,13.90,13.9000,true,1,2485
7290000011593,false,שזיף,,,שזיף,קילוגרמים,1.00,"ק""ג",true,,19.90,19.9000,true,1,50908
7290000014510,false,חסה עגולה,,,חסה עגולה,,1.00,יח',false,,6.90,6.9000,true,1,50909
7290000023007,false,"ברנדי שטוק 84 40% 750 מ""ל","יקבי ברקן בע""ם",IL,"ברנדי שטוק 84 750 מ""",,750.00,"100 מ""ל",false,,70.90,0.0945,true,1,9296
7290000023083,false,ערק אשקלון 40% בקבוק,"יקבי ברקן בע""מ",IL,"ערק אשקלון 700 מ""ל כ",,700.00,"100 מ""ל",false,,50.90,0.0727,true,1,9297
7290000023809,false,"יין ברקן קלאסיק קברנה סובניון 750מ""ל",יקבי ברקן שיווק והפצ,IL,קלאסיק קברנה סובניון,,750.00,"100 מ""ל",false,,32.90,0.0439,true,1,9310
7290000023977,false,"יין ברקן קלאסיק מרלו 750 מ""ל",יקבי ברקן שיווק והפצ,IL,קלאסיק מרלו 750מל.,,750.00,"100 מ""ל",false,,32.90,0.0439,true,1,9317
7290000024219,false,יין רזרב אמרלד ריזלינג 750 מל שביעית,יקבי ברקן,IL,אמרלד ריזלינג רזרבד,,750.00,"100 מ""ל",false,,42.90,0.0572,true,1,9321
7290000024264,false,"יין ברקן רזרב מרלו 750 מ""ל",כרמי צבי - אחים סגל,IL,מרלו ריזרב,,750.00,"100 מ""ל",false,,42.90,0.0572,true,1,9324
7290000024523,false,מיץ ענבים של סגל 1 ליטר,כרמי צבי - האחים סגל,IL,תירוש של סגל 1 ליטר,ליטרים,1.00,ליטר,false,,13.90,13.9000,true,1,9328
7290000025786,false,דניס נקי טרי,,,דניס נקי טרי,קילוגרמים,1.00,"ק""ג",true,,69.90,69.9000,true,1,47882
7290000026806,false,קרפיון נקי טרי,,,קרפיון נקי טרי,קילוגרמים,1.00,"ק""ג",true,,29.80,29.8000,true,1,47884
7290000026813,false,אמנון טרי נקי,,,אמנון טרי נקי,קילוגרמים,1.00,"ק""ג",true,,28.90,28.9000,true,1,47885
7290000026851,false,בורי נקי טרי,,,בורי נקי טרי,קילוגרמים,1.00,"ק""ג",true,,39.90,39.9000,true,1,47886
7290000026893,false,פלפלית בלימון חריף,,,ברמונדי נקי,קילוגרמים,1.00,"ק""ג",true,,44.90,44.9000,true,1,47890
7290000027742,false,לברק נקי טרי,,,לברק נקי טרי,קילוגרמים,1.00,"ק""ג",true,,69.90,69.9000,true,1,47897
7290000027995,false,פילה סלמון טרי,,,פילה סלמון טרי,קילוגרמים,1.00,"ק""ג",true,,99.90,99.9000,true,1,47905
7290000032665,false,רוטב עגבניות 28% 580ג' פרי זה,,,רוטב עגבניות 28% ברי,,580.00,100 גרם,false,,7.52,0.0130,true,1,8614
7290000035324,false,בולגרית חלב נוכרי פי,,,בולגרית חלב נוכרי פי,קילוגרמים,1.00,"ק""ג",true,,41.00,41.0000,true,1,25614
7290000039231,false,אווזית עגל טרי,,,אווזית עגל טרי,קילוגרמים,1.00,"ק""ג",true,,89.90,89.9000,true,1,1718
7290000040042,false,יוגורט תות %3 גביע 150 ג' יופלה,תנובה בעמ,IL,יופלה תות שובב 3% 15,,150.00,"100 מ""ל",false,,5.20,0.0347,true,1,25700
7290000040066,false,יוגורט דובדבן 3% שומן 150 ג' יופלה,תנובה מרכז שיתופי לש,IL,יופלה דובדבן פראי 3%,,150.00,"100 מ""ל",false,,5.20,0.0347,true,1,25701
7290000040080,false,יוגורט אפרסק 3% שומן 150 ג' יופלה,תנובה בעמ,IL,יופלה אפרסק מאוהב 3%,,150.00,"100 מ""ל",false,,5.20,0.0347,true,1,25702
7290000040301,false,"גבינת קולאז קממבר עין גדי 24%, 125 ג'",תנובה מרכז שיתופי לש,IL,תנובה גבינת קממבר עי,,125.00,100 גרם,false,,16.80,0.1344,true,1,25703
7290000040318,false,גבינת ברי 24% קולאז עדי תנובה 125 ג',תנובה מרכז שיתופי לש,IL,תנובה גבינת ברי 24%,,125.00,100 גרם,false,,18.50,0.1480,true,1,25704
7290000040462,false,גבינת טוסטי עמק אמריקאי אדם 23% 200 ג',תנובה מרכז שיתופי לש,IL,טוסטי טעם אדם 22% 20,,200.00,100 גרם,false,,17.90,0.0895,true,1,25706
7290000040974,false,חלב תנובה קרטון דל לקטוז 2% 1ל,תנובה מרכז שיתופי לש,IL,חלב תנובה קרטון דל ל,ליטרים,1.00,ליטר,false,,7.10,7.1000,true,1,25707
7290000041452,false,קוטג תנובה מהדרין 9% 250ג,תנובה מרכז שיתופי לש,IL,"קוטג' תנובה בד""צ 9%",,250.00,100 גרם,false,,5.40,0.0216,true,1,25710
7290000041858,false,"שמנת חמוצה 15% יטבתה 200 מ""ל מהדרין",שטראוס גרופ,IL,יטבתה שמנת חמוצה 15%,,200.00,"100 מ""ל",false,,2.70,0.0135,true,1,23230
7290000041865,false,"לבן 4.5% יטבתה מהדרין 200מ""ל",שטראוס גרופ,IL,יטבתה לבן 4.5% 200מל,,200.00,"100 מ""ל",false,,2.50,0.0125,true,1,23231
7290000042015,false,חלב טרי 3% תנובה שקית 1ל' מהדרין,תנובה מרכז שיתופי לש,IL,חלב תנובה טרי שקית,יחידה,0.00,יחידה,false,,5.43,0.0000,true,1,25712
7290000042404,false,חלב יוטבתה מועשר 3% שקית 1ל',שטראוס גרופ,IL,יטבתה חלב מועשר שקית,ליטרים,1.00,ליטר,false,,6.20,6.2000,true,1,23233
7290000042435,false,חלב דל שומן בקרטון+פקק 1 ליטר 1%,תנובה מרכז שיתופי לש,IL,חלב תנובה בקרטון 1%,ליטרים,1.00,ליטר,false,,5.86,5.8600,true,1,25718
7290000042640,false,"חלב תנובה עמיד 3% קרטון 250 מ""ל",תנובה מרכז שיתופי לש,IL,חלב תנובה עמיד 3% מה,,250.00,"100 מ""ל",false,,2.90,0.0116,true,1,25723
7290000042855,false,יוטבתה שוקו שקית 225מל,שטראוס גרופ,IL,יטבתה שוקו שקית 225,,225.00,"100 מ""ל",false,,2.90,0.0129,true,1,23235
7290000043012,false,"שוקו עמיד 2% בקרטון 250 מ""ל תנובה",תנובה מרכז שיתופי לש,IL,שוק שוקו עמיד 2% בקר,,250.00,"100 מ""ל",false,,4.90,0.0196,true,1,25725
7290000043814,false,"שמנת מתוקה להקצפה 38% 250 מ""ל תנובה",תנובה מרכז שיתופי לש,IL,שף לבן שמנת לקצפת עמ,,250.00,"100 מ""ל",false,,6.47,0.0259,true,1,25728
7290000043890,false,רוויון קרטון 1 ליטר %1.5,תנובה מרכז שיתופי לש,IL,ריויון 1.5% 1ל,ליטרים,1.00,ליטר,false,,11.90,11.9000,true,1,25729
7290000043944,false,כד יוגורט תנובה 4% שומן 1.5 ליטר,מיוצר עי קונדיטוריית,IL,יוגורט כדים תנובה 1.,ליטרים,1.50,ליטר,false,,17.30,11.5333,true,1,25730
7290000044712,false,יוגורט עם תות 1.5% שומן 500 ג' פרילי,מיוצר עי קונדיטוריית,IL,פרילי תות 1.5% 500מל,,500.00,"100 מ""ל",false,,10.90,0.0218,true,1,25734
7290000044880,false,באדי יוגורט תות 3% שומן 500 ג' תנובה,מיוצר עי קונדיטוריית,IL,באדי תות 3% 500מל,,500.00,"100 מ""ל",false,,9.50,0.0190,true,1,25736
7290000045573,false,גבינת מותכת משולשים 25% שומן 200 ג' נעמה,תנובה,IL,נעמה גבינת מותכת 25%,,200.00,100 גרם,false,,14.90,0.0745,true,1,25738
7290000045580,false,"גבינת מותכת נעמה חורש 25%, 240 ג'",תנובה מרכז שיתופי לש,IL,נעמה גבינת מותכת 25%,,240.00,100 גרם,false,,17.90,0.0746,true,1,25739
7290000045917,false,תנובה גבינת פרומעז 23% גלילית 200ג,תנובה,IL,תנובה גבינת פרומעז 2,,200.00,100 גרם,false,,24.90,0.1245,true,1,25741
7290000046020,false,"גבינה גלבוע בלוק ק""ג",תנובה מרכז שיתופי לש,IL,גלבוע 22% במשקל,קילוגרמים,1.00,"ק""ג",true,,42.58,42.5800,true,1,25620
7290000046327,false,"גבינת גלבוע פרוס 22%, 200 ג' תנובה",תנובה מרכז שיתופי לש,IL,גלבוע גבינה פרוסה 22,,200.00,100 ליטר,false,,12.60,0.0630,true,1,25742
7290000046563,false,גבע פרמזן תנובה במשק,תנובה מרכז שיתופי לש,IL,גבע פרמזן תנובה במשק,קילוגרמים,1.00,"ק""ג",true,,106.00,106.0000,true,1,25627
7290000046662,false,סקנדינבית חריץ מעדני,תנובה מרכז שיתופי לש,IL,סקנדינבית חריץ מעדני,קילוגרמים,1.00,"ק""ג",true,,76.00,76.0000,true,1,25628
7290000047027,false,גבינה גלעד קצקאבל27%,תנובה מרכז שיתופי לש,IL,קשקבל גלעד במשקל,קילוגרמים,1.00,"ק""ג",true,,119.00,119.0000,true,1,25629
7290000047485,false,בולגרית פיראוס 24% ב,תנובה מרכז שיתופי לש,IL,בולגרית פיראוס 24% ב,קילוגרמים,1.00,"ק""ג",true,,59.00,59.0000,true,1,25632
7290000047546,false,כנען גבינה לבנה 5% 500 גרם ללא מלח,תנובה מרכז שיתופי לש,IL,שף לבן כנען 5% 500ג,,500.00,100 גרם,false,,25.10,0.0502,true,1,25743
7290000047942,false,**תנובה גבינה לבנה מהדרין 9% 250ג,תנובה מרכז שיתופי לש,IL,תנובה גבינה לבנה 9%,,250.00,100 גרם,false,,5.00,0.0200,true,1,25745
7290000048185,false,גבינה לבנה 5% שומן 250 ג' תנובה,מיוצר עי קונדיטוריית,IL,גבינה לבנה רכה 5% תנ,,250.00,100 גרם,false,,4.98,0.0199,true,1,25746
7290000048207,false,פילה הרינג בסגנון מט,,,פילה הרינג בסגנון מט,קילוגרמים,1.00,"ק""ג",true,,70.00,70.0000,true,1,17619
7290000048307,false,גבינת קוטג 5% עם זיתים 250ירוקים גרם,מיוצר עי קונדיטוריית,IL,קוטג תנובה עם זיתים,,250.00,100 גרם,false,,5.70,0.0228,true,1,25748
7290000048413,false,גבינה חמד %16 שקית 250 ג' פיראוס,תנובה מרכז שיתופי לש,IL,פיראוס חמד 16% 250ג,,250.00,100 גרם,false,,18.90,0.0756,true,1,25749
7290000048437,false,גבינה צפתית 5% 200 ג' פיראוס,פארייפאבה אגרואינדוס,IL,פיראוס צפתית 5% 200,,200.00,100 גרם,false,,14.90,0.0745,true,1,25750
7290000050447,false,יוגורט תות 500 ג' יופלה,מיוצר עי קונדיטוריית,IL,יופלהYYY תות 3% 500מ,,500.00,מטר,false,,12.20,0.0244,true,1,25757
7290000050454,false,יוגורט אפרסק 500 ג' יופלה,מיוצר עי קונדיטוריית,IL,יופלהYYY אפרסק 3% 50,,500.00,"100 מ""ל",false,,12.20,0.0244,true,1,25758
7290000051710,false,לאבנה 9% עם שמן זית וזעתר 263 ג' פיראוס,"תנובה, מחלבת אלון תב",IL,פיראוס לאבנה עם שמן,,263.00,100 גרם,false,,13.90,0.0529,true,1,25767
7290000052311,false,עמק פרוס בקופסא 200 גר 15% שומן,תנובה מרכז שיתופי לש,IL,עמק מהדרין 15% 200 ג,,200.00,100 גרם,false,,15.90,0.0795,true,1,25772
7290000052649,false,גבינת לאבנה 5% שומן 500 ג' פיראוס,תנובה מרכז שיתופי לש,IL,פיראוס לאבנה 5% 500ג,,500.00,100 גרם,false,,19.90,0.0398,true,1,25774
7290000052717,false,קוטג' 5%עם שום שמיר 250 ג' תנובה,מיוצר עי קונדיטוריית,IL,קוטג תנובה עם שום שמ,,250.00,100 גרם,false,,5.70,0.0228,true,1,25776
7290000053219,false,חריץ טל העמק 32% שומ,תנובה מרכז שיתופי לש,IL,טל העמק 32% במשקל,קילוגרמים,1.00,"ק""ג",true,,61.00,61.0000,true,1,25635
7290000055336,false,משקה יוגורט יופלה בטעם בננה אפרסק 250 גר,תנובה מרכז שיתופי לש,IL,יופלה משקה יוגורט בנ,,250.00,"100 מ""ל",false,,5.50,0.0220,true,1,25789
7290000055343,false,משקה יוגורט יופלה בטעם טרופי 250 גר,תנובה מרכז שיתופי לש,IL,יופלה משקה יוגורט טר,,250.00,"100 מ""ל",false,,5.50,0.0220,true,1,25790
7290000055350,false,גבינה צהובה חריץ עמק 28% במשקל,תנובה מרכז שיתופי לש,IL,עמק קלאסית 28% במשקל,קילוגרמים,1.00,"ק""ג",true,,44.79,44.7900,true,1,25637
7290000055893,false,חמאה משמנת מפוסטרת 200ג' כ.מהדרין,תנובה מרכז שיתופי לש,IL,חמאה מהדרין תנובה 20,,200.00,100 גרם,false,,8.20,0.0410,true,1,25796
7290000056081,false,מאגדת פרילי טבע 6 יח' * 200 ג',מיוצר עי קונדיטוריית,IL,"פרילי טבע 6*200 מ""ל",קילוגרמים,1.20,"ק""ג",false,,22.80,19.0000,true,1,25798
7290000056845,false,חלב טרי 3% הומוגני קרטון 1.5 ל' תנובה,פארייפאבה אגרואינדוס,IL,חלב תנובה בקרטון 3%,ליטרים,1.50,ליטר,false,,9.34,6.2267,true,1,25804
7290000056883,false,יופלה מאגדת פרי 3% 8 יח' * 150 ג',תנובה מרכז שיתופי לש,IL,יופלה טעמים משתנים 3,קילוגרמים,1.20,"ק""ג",false,,31.90,26.5833,true,1,25805
7290000056890,false,דיאט יופלה שמינייה טעמים שונים,מיוצר עי קונדיטוריית,IL,יופלה דיאט טעמים שונ,קילוגרמים,1.20,"ק""ג",false,,31.90,26.5833,true,1,25806
7290000056906,false,מאגדת לבן טבעי 1.5% שומן 8 יח' * 150 ג' יופלה,מחלבת אלון תבור,IL,יופלה לבן 1.5% 8*150,ליטרים,1.20,ליטר,false,,18.50,15.4167,true,1,25807
7290000056951,false,שמנת לבישול 15% 500 מל עמיד השף הלבן,תנובה מרכז שיתופי לש,IL,שף לבן שמנת לבישול +,,500.00,"100 מ""ל",false,,16.60,0.0332,true,1,25809
7290000057088,false,עמק פרוס דק דק 200 גרם 28%,תנובה מרכז שיתופי לש,IL,עמק דק דק 28% 200גר,,200.00,100 גרם,false,,15.90,0.0795,true,1,25812
7290000057118,false,עמק סמי מעדנייה כשרות מהדרין,תנובה מרכז שיתופי לש,IL,עמק סמי 28% 400 גר,,400.00,100 גרם,false,,21.90,0.0547,true,1,25813
7290000057132,false,יוגורט תנובה טבעי 1.5% גביע 200 גרם,מחלבת אלון תבור,IL,תנובה יוגורט טבעי 1.,,200.00,"100 מ""ל",false,,3.50,0.0175,true,1,25814
7290000057149,false,יוגורט תנובה טבעי 3% גביע 200 גרם,מיוצר עי קונדיטוריית,IL,תנובה יוגורט טבעי 3%,,200.00,100 גרם,false,,3.50,0.0175,true,1,25815
7290000058030,false,"יופלה שטוזים משקה יוגורט תות 8 יח' * 100 מ""ל",מיוצר עי קונדיטוריית,IL,יופלה שטוזים משקה יו,,800.00,"100 מ""ל",false,,21.90,0.0274,true,1,25820
7290000058047,false,**שף לבן שמנת מתוקה מהדרין 38% פקק 500מ,תנובה מרכז שיתופי לש,IL,שף לבן שמנת מתוקה מה,,500.00,"100 מ""ל",false,,12.94,0.0259,true,1,25821
7290000060088,false,בייגלה אסם מקלות מלוחים 400 גרם,מיוצר עי קונדיטוריית,IL,בייגלה אסם מקלות מלו,,400.00,100 ליטר,false,,9.90,0.0248,true,1,18416
7290000060163,false,פסטה אסם אטריות דקות 400גר,"אסם השקעות בע""מ",IL,אטריות דקות אסם 400,,400.00,100 גרם,false,,6.90,0.0173,true,1,18419
7290000060200,false,פסטה אסם פתיתים אפויים קוסקוס 500גר,"אסם השקעות בע""מ",IL,פתיתים אפויים קוסקוס,,500.00,100 גרם,false,,6.90,0.0138,true,1,18420
7290000060217,false,פסטה אסם מקרוני 7 500 גר,פסטה זארה,IT,פסטה מקרוני אסם 500,,500.00,100 גרם,false,,5.90,0.0118,true,1,18421
7290000060330,false,פרפקטו פרפקטו ספיראלי גירף 500 גר,פסטה זארה,IL,פסטה ספירלי פרפקטו 5,,500.00,100 גרם,false,,6.50,0.0130,true,1,18426
7290000060408,false,פסטה אסם פתיתים אפויים טבעות 500 גר,"אסם השקעות בע""מ",IL,פתיתים אפויים טבעות,,500.00,100 גרם,false,,6.90,0.0138,true,1,18428
7290000060415,false,פסטה פרפקטו לזאניה אסם 500ג',פסטה לנסי,IL,לזאניה פרפקטו 500 ג,,500.00,100 גרם,false,,9.90,0.0198,true,1,18429
7290000060576,false,פסטה אסם פתיתים אפוי כוכב 500גר,"אסם השקעות בע""מ",IL,פתיתים אפויים כוכבים,,500.00,100 גרם,false,,6.90,0.0138,true,1,18435
7290000060781,false,פסטה אסם פתיתים מסולסלים 500גר,פסטה זארה,IT,פסטה מסולסלים אסם 50,,500.00,100 גרם,false,,5.90,0.0118,true,1,18436
7290000060880,false,פסטה מס' 8 ספגטי אסם 500ג',פסטה זארה,IT,ספגטי אסם 500 גרם,,500.00,100 גרם,false,,5.90,0.0118,true,1,18441
7290000060903,false,פסטה אסם פתיתים אפויים אורז 500גר,"אסם השקעות בע""מ",IL,פתיתים אפויים אורז א,,500.00,100 גרם,false,,6.90,0.0138,true,1,18442
7290000060958,false,פסטה אסם אטריות בינוניות 400 גרם,"אסם השקעות בע""מ",IL,אטריות בינוניות אסם,,400.00,100 גרם,false,,6.90,0.0173,true,1,18444
7290000060965,false,פסטה אסם אטריות רחבות 400גר,"אסם השקעות בע""מ",IL,אטריות רחבות אסם 400,,400.00,100 גרם,false,,6.90,0.0173,true,1,18445
7290000061061,false,קרקר בצל אסם 250 גרם,"אסם השקעות בע""מ",IL,אסם קרקר בצל 250גרם,,250.00,100 גרם,false,,9.90,0.0396,true,1,18447
7290000061085,false,"רוטב צילי מתוק 290 מ""ל-בקבוק","אסם השקעות בע""מ",IL,אסם רוטב צ'ילי מתוק,,290.00,"100 מ""ל",false,,8.90,0.0307,true,1,18448
7290000061108,false,"רוטב טריאקי 290 מ""ל-בקבוק","אסם השקעות בע""מ",IL,רוטב טריאקי אסם 290,,290.00,"100 מ""ל",false,,8.90,0.0307,true,1,18449
7290000061214,false,פתיתים אפויים קוסקוס עם בצל אסם 500 גר',"אסם השקעות בע""מ",IL,פתיתים קוסקוס בצל אס,,500.00,100 גרם,false,,6.90,0.0138,true,1,18450
7290000061245,false,עוגיות שוקוציפס ממולאות שוקולד 220 גרם,מיוצר עי קונדיטוריית,IL,אסם עוגיות שוקוצ'יפס,,220.00,100 גרם,false,,9.90,0.0450,true,1,18451
7290000061450,false,פתיתים אפויים קוסקוס צבעוני אסם 500 גר',"אסם השקעות בע""מ",IL,פתיתים קוסקוס 3 צבעי,,500.00,100 גרם,false,,6.90,0.0138,true,1,18453
7290000061520,false,גבינת שמנת בטעמים המ,,,גבינת שמנת בטעמים המ,קילוגרמים,1.00,"ק""ג",true,,34.00,34.0000,true,1,14809
7290000061764,false,נסקפה רד מאג טעם חדש 200ג',נסטלה ספרד קפה,ES,נס קפה רד מאג טעם חד,,200.00,100 גרם,false,,18.90,0.0945,true,1,18454
7290000063102,false,קמח עוגה אסם תופח מאליו 350ג',"אסם השקעות בע""מ",IL,קמח תופח קטן אסם 350,,350.00,100 גרם,false,,4.90,0.0140,true,1,18463
7290000063133,false,אסם שקדי מרק רכיבים טבעיים 24*100גרם,"אסם השקעות בע""מ",IL,שקדי מרק רכיבים טבעי,,100.00,100 גרם,false,,5.90,0.0590,true,1,18464
7290000063140,false,שקדי מרק רכיבים טבעיים בשקית 400 ג' אסם,"אסם השקעות בע""מ",IL,שקדי מרק רכיבים טבעי,,400.00,100 גרם,false,,10.90,0.0273,true,1,18465
7290000063157,false,"קמח עוגה תופח מאליו 1 ק""ג","אסם השקעות בע""מ",IL,קמח עוגה תופח מאליו,קילוגרמים,1.00,"ק""ג",false,,7.90,7.9000,true,1,18466
7290000064758,false,קוסקוס בינוני אמיתי אסם 350 ג',"מיוצר ע""י קוד יצרן K",IL,קוסקוס אמיתי אסם 350,,350.00,100 גרם,false,,7.90,0.0226,true,1,18476
7290000065063,false,פילה סלמון 1400-100,,,פילה סלמון 1400-100,קילוגרמים,1.00,"ק""ג",true,,64.90,64.9000,true,1,51431
7290000065070,false,נתחי סלמון קמעונאי 4,,,נתחי סלמון קמעונאי 4,קילוגרמים,1.00,"ק""ג",true,,86.90,86.9000,true,1,51432
7290000065557,false,אוסם - מנה חמה קוסקוס עם ירקות 84 גרם,"אסם תעשיות מזון בע""מ",IL,מנה חמה קוסקוס וירקו,,84.00,100 גרם,false,,5.90,0.0702,true,1,18482
7290000065977,false,חטיפי פריכונים תירס שומשום 80 ג' אוסם,"מיוצר ע""י פרח, משווק",IL,חטיפי פריכונים תירס,,80.00,100 גרם,false,,7.90,0.0988,true,1,18488
7290000066134,false,ביסלי בטעם פלאפל 70 גרם,"אסם השקעות בע""מ",IL,ביסלי פלאפל 70גרם,,70.00,100 גרם,false,,3.90,0.0557,true,1,18489
7290000066141,false,ביסלי בטעם גריל 70 גרם,"אסם השקעות בע""מ",IL,ביסלי גריל 70 גר'.,,70.00,100 ליטר,false,,3.90,0.0557,true,1,18490
7290000066189,false,ביסלי גדול בטעם פלאפל 200 ג' אסם,"אסם השקעות בע""מ",IL,ביסלי גדול פלאפל 200,,200.00,100 גרם,false,,6.50,0.0325,true,1,18494
7290000066196,false,ביסלי גדול בטעם גריל 200 ג' אסם,מיוצר עי קונדיטוריית,IL,ביסלי גריל 200גרם,,200.00,100 ליטר,false,,6.50,0.0325,true,1,18495
7290000066226,false,ביסלי בטעם פיצה 200 ג' אסם,מיוצר עי קונדיטוריית,IL,ביסלי טעם פיצה 200גר,,200.00,100 גרם,false,,6.50,0.0325,true,1,18498
7290000066295,false,אסם במבה תות מחומרים טבעיים 30גר,מיוצר עי קונדיטוריית,IL,במבה מתוקה מחומרים ט,,30.00,100 גרם,false,,2.90,0.0967,true,1,18500
7290000066318,false,במבה קלאסי 40*80גרם,"אסם השקעות בע""מ",IL,במבה קלאסי 80 גרם,,80.00,100 ליטר,false,,4.50,0.0563,true,1,18502
7290000066349,false,אפרופו גדול אסם 100ג',מיוצר עי קונדיטוריית,IL,אפרופו 100גרם,,100.00,100 גרם,false,,8.90,0.0890,true,1,18504
7290000066431,false,פופקו חטיף תירס בטעם חמאה ודבש 80 גרם,מיוצר עי קונדיטוריית,IL,פופקו חמאה ודבש 80גר,,80.00,100 גרם,false,,4.90,0.0613,true,1,18505
7290000067407,false,פרורית מתובלת בשקית 200 גרם,עינת תעשיות מזון אגו,IL,פירורית מתובל שקית 2,,200.00,100 גרם,false,,6.50,0.0325,true,1,18512
7290000067599,false,אוסם - מנה חמה ספגטי רוטב בולנז 65 גרם,"אסם השקעות בע""מ",IL,מנה חמה ספגטי בולונז,,65.00,100 גרם,false,,5.90,0.0908,true,1,18518
7290000068138,false,אסם פודינג אינסטנט וניל 80 גרם,מיוצר עי קונדיטוריית,IL,אסם פודינג אינסטנט ו,,80.00,100 ליטר,false,,5.90,0.0738,true,1,18524
7290000068206,false,ג'לי משמש אסם צבע טבעי 85 ג',מיוצר עי קונדיטוריית,IL,אסם ג'לי משמש צבעים,,85.00,100 גרם,false,,5.90,0.0694,true,1,18529
7290000068343,false,אוסם - פירכונים מאורז מלא 140 גרם,"מיוצר ע""י PT, משווק",IL,פריכונים מאורז מלא א,,140.00,100 גרם,false,,6.90,0.0493,true,1,18534
7290000068770,false,במבה יום הולדת 80 גרם,"אסם השקעות בע""מ",IL,במבה יום הולדת 80גרם,,80.00,100 ליטר,false,,4.50,0.0563,true,1,18536
7290000068787,false,במבה יום הולדת 25 גרם,מיוצר עי קונדיטוריית,IL,במבה יום הולדת 25גרם,,25.00,100 גרם,false,,2.50,0.1000,true,1,18537
7290000069258,false,פסטה פרפקטו פנה ריגאטה 500ג' אסם,פסטה זארה,IT,פנה ריגאטה פרפקטו 50,,500.00,100 גרם,false,,6.50,0.0130,true,1,18541
7290000069364,false,פריכונים עגולים אורז דל נתרן אסם 140 גרם,"מיוצר ע""י PT, משווק",IL,פריכונים מאורז מלא ל,,140.00,100 גרם,false,,6.90,0.0493,true,1,18542
7290000070308,false,אבקת מרק עוף אמיתי במיכל 400 גרם,"אסם השקעות בע""מ",IL,מרק עוף אמיתי אסם 40,,400.00,100 גרם,false,,16.90,0.0422,true,1,18552
7290000070353,false,אבקת מרק בצל רכיבים טבעיים 400 ג' אסם,"אסם השקעות בע""מ",IL,אבקת מרק בצל רכיבים,,400.00,100 גרם,false,,19.90,0.0497,true,1,18554
7290000072241,false,"רוטב פיצה 290 מ""ל-בקבוק","אסם השקעות בע""מ",IL,אסם רוטב פיצה 290מל,,290.00,"100 מ""ל",false,,8.90,0.0307,true,1,18568
7290000072623,false,קטשופ אסם בקבוק לחיץ 750 גרם,"אסם השקעות בע""מ",IL,אסם קטשופ בקבוק לחיץ,,750.00,100 גרם,false,,10.90,0.0145,true,1,18570
7290000072630,false,קטשופ אסם חריף 750 גרם-בקבוק,"אסם השקעות בע""מ",IL,אסם קטשופ חריף 750 ג,,750.00,100 גרם,false,,11.90,0.0159,true,1,18571
7290000072753,false,קפה טייסטר צ'ויס קפה מגורען 200ג',נסטלה קוריאה - קפה,IL,נס קפה טייסטרס צ'ויס,,200.00,100 גרם,false,,29.90,0.1495,true,1,18573
7290000072777,false,קפה טייסטר צ'ויס מגור' נ.קפאין 200ג',לוטה נסטלה קוריאה,IL,טייסטרס צוייס נטול ק,,200.00,100 גרם,false,,36.90,0.1845,true,1,18575
7290000072968,false,דגנים סיני מיניס מלחמת הכוכבים 500 גרם,נסטלה פולין דגני בוק,PL,סיני מיניס דגני נסטל,,500.00,100 גרם,false,,24.90,0.0498,true,1,18581
7290000073125,false,אוסם - מנה חמה פסטה עם עגבניות 62 גרם,"אסם השקעות בע""מ",IL,מנה חמה פסטה עם עגבנ,,62.00,100 ליטר,false,,5.90,0.0952,true,1,18582
7290000073330,false,קשיו ענק קלוי,,,קשיו ענק קלוי,קילוגרמים,1.00,"ק""ג",true,,92.00,92.0000,true,1,31602
7290000073415,false,אוסם - מנה חמה פסטה ברוטב פיצה 61 גרם,"אסם השקעות בע""מ",IL,מנה חמה פסטה ברוטב פ,,61.00,100 גרם,false,,5.90,0.0967,true,1,18583
7290000073699,false,סלט חומוס צבר 150 גר,סלטי צבר,IL,צבר חומוס חלק 150ג,,150.00,100 גרם,false,,5.50,0.0367,true,1,19637
7290000073750,false,מנה חמה נודלס אטר+ירקות טעם עוף 70 גרם,טאי רזידנט,TH,מנה חמה נודלס בטעם ע,,70.00,100 גרם,false,,5.90,0.0843,true,1,18585
7290000073767,false,מנה חמה נודלס אטר.+ירקות טעם בקר 70 גרם,טאי רזידנט,TH,מנה חמה נודלס בטעם ב,,70.00,100 ליטר,false,,5.90,0.0843,true,1,18586
7290000073774,false,מנה חמה נודלס אטר+ירקות טעם צילי 70 גרם,טאי רזידנט,TH,מנה חמה נודלס בטעם פ,,70.00,100 גרם,false,,5.90,0.0843,true,1,18587
7290000074153,false,ביסקוויט פתיבר שוקו,מיוצר עי קונדיטוריית,IL,אסם פתי בר שוקו 500ג,,500.00,100 גרם,false,,13.90,0.0278,true,1,18591
7290000074184,false,אוסם - פתי בר בינוני 500 גרם,"אסם השקעות בע""מ",IL,אסם פתי בר 500גרם.,,500.00,100 גרם,false,,10.90,0.0218,true,1,18593
7290000074245,false,אוסם - קרם קרקר אסם 250 גרם,"אסם השקעות בע""מ",IL,אסם קרם קרקר 250גרם,,250.00,100 גרם,false,,8.90,0.0356,true,1,18594
7290000074252,false,קרקר אסם שומשום 250 גרם,"אסם השקעות בע""מ",IL,אסם קרקר שומשום 250ג,,250.00,100 גרם,false,,7.90,0.0316,true,1,18595
7290000074276,false,קרקר פיקנטי טבעון 250 ג' אסם,"אסם השקעות בע""מ",IL,טבעון קרקר פיקנטי 25,,250.00,100 גרם,false,,9.90,0.0396,true,1,18596
7290000074375,false,אוסם - קרקר זהב 150 גרם,"אסם השקעות בע""מ",IL,אסם קרקר זהב 150גרם,,150.00,100 גרם,false,,7.50,0.0500,true,1,18599
7290000074481,false,לחמית אגוזים אסם 160 ג',"אסם השקעות בע""מ",IL,לחמית אגוזים 160גרם,,160.00,100 גרם,false,,9.90,0.0619,true,1,18601
7290000074696,false,אסם קרם קרקר 4*1קג ח,"אסם השקעות בע""מ",IL,אסם קרם קרקר 1קג,קילוגרמים,1.00,"ק""ג",false,,19.90,19.9000,true,1,18603
7290000074764,false,קרקר זהב אסם 900 גרם,אסם תעשיות,IL,קרקר זהב אסם 900 גרם,,900.00,100 גרם,false,,19.90,0.0221,true,1,18607
7290000075204,false,אוסם - לחמית חיטה מלאה 250 גרם,"אסם השקעות בע""מ",IL,לחמית חיטה מלאה 250ג,,250.00,100 גרם,false,,7.90,0.0316,true,1,18611
7290000076133,false,בייגלה שמיניות קטנות 400 גרם אסם,"אסם השקעות בע""מ",IL,בייגלה אסם שמיניות ק,,400.00,100 גרם,false,,9.90,0.0248,true,1,18614
7290000076478,false,דלעת מקולפת טבעי,,,דלעת מקולפת טבעי,קילוגרמים,1.00,"ק""ג",true,,60.00,60.0000,true,1,31606
7290000076546,false,שקד ספרדי קלוי,,,שקד ספרדי קלוי,קילוגרמים,1.00,"ק""ג",true,,98.00,98.0000,true,1,31609
7290000076553,false,צנובר,,,צנובר,קילוגרמים,1.00,"ק""ג",true,,205.00,205.0000,true,1,31610
7290000076744,false,בונדוק קלוי,,,בונדוק קלוי,קילוגרמים,1.00,"ק""ג",true,,130.00,130.0000,true,1,31614
7290000076867,false,שקד מלובן,,,שקד מלובן,קילוגרמים,1.00,"ק""ג",true,,120.00,120.0000,true,1,31616
7290000076881,false,פקאן סיני,,,פקאן סיני,קילוגרמים,1.00,"ק""ג",true,,119.00,119.0000,true,1,31617
7290000077024,false,פיסטוק ענק קלוי,,,פיסטוק ענק קלוי,קילוגרמים,1.00,"ק""ג",true,,97.00,97.0000,true,1,31618
7290000077253,false,אוסם - לחמית כפרית עם דגנים מלאים 190 גרם,"אסם השקעות בע""מ",IL,לחמית כפרית 190גרם,,190.00,100 גרם,false,,9.90,0.0521,true,1,18619
7290000077355,false,בוטן אמריקאי,,,בוטן אמריקאי,קילוגרמים,1.00,"ק""ג",true,,35.00,35.0000,true,1,31628
7290000077758,false,צימוק לבן ענק,,,צימוק לבן ענק,קילוגרמים,1.00,"ק""ג",true,,44.00,44.0000,true,1,31640
7290000077772,false,קבוקים,,,קבוקים,קילוגרמים,1.00,"ק""ג",true,,35.00,35.0000,true,1,31641
7290000077796,false,שזיף ללא גרעינים,,,שזיף ללא גרעינים,קילוגרמים,1.00,"ק""ג",true,,45.00,45.0000,true,1,31643
7290000077857,false,צימוק לבן,,,צימוק לבן,קילוגרמים,1.00,"ק""ג",true,,37.00,37.0000,true,1,31645
7290000077864,false,משמש אוזבקי,,,משמש אוזבקי,קילוגרמים,1.00,"ק""ג",true,,55.00,55.0000,true,1,31646
7290000078212,false,קרוטונים מתובלים 250 ג' אסם,עינת תעשיות מזון אגו,IL,קרוטונים מתובלים אסם,,250.00,100 גרם,false,,12.90,0.0516,true,1,18622
7290000078380,false,תמר מג`הול ענק,,,תמר מג`הול ענק,קילוגרמים,1.00,"ק""ג",true,,44.00,44.0000,true,1,31655
7290000078482,false,תות,,,תות,קילוגרמים,1.00,"ק""ג",true,,62.00,62.0000,true,1,31658
7290000078601,false,קשיו טבעי,,,קשיו טבעי,קילוגרמים,1.00,"ק""ג",true,,85.00,85.0000,true,1,31660
7290000078762,false,אוסם - חטיפי פריכונים מאורז מלא בטעם דבש 80גר,סנורייס בלגיום אן. ו,BE,חטיפי פריכונים אורז,,80.00,100 גרם,false,,7.90,0.0988,true,1,18624
7290000078793,false,תבלין קבוצה 3,,,תבלין קבוצה 3,קילוגרמים,1.00,"ק""ג",true,,72.00,72.0000,true,1,31665
7290000079233,false,קרם קרקר דיאטטי דל נתרן 250 גרם,אסם תעשיות,IL,אסם קרם קרקר דל נתרן,,250.00,100 גרם,false,,9.90,0.0396,true,1,18625
7290000079290,false,גבינה צהובה נעם טרה,,,גבינה צהובה נעם טרה,קילוגרמים,1.00,"ק""ג",true,,67.00,67.0000,true,1,6285
7290000079412,false,אמנטל נעם מהדרין במש,,,אמנטל נעם מהדרין במש,קילוגרמים,1.00,"ק""ג",true,,53.00,53.0000,true,1,6289
7290000081663,false,בייגלה אסם טבעות שומשום 300 גרם,מיוצר עי קונדיטוריית,IL,בייגלה אסם טבעות שומ,,300.00,100 גרם,false,,9.90,0.0330,true,1,18630
7290000084899,false,מב פטינה 20% וילי פ,,,פטינה 20% וילי פוד,קילוגרמים,1.00,"ק""ג",true,,19.00,19.0000,true,1,2762
7290000085180,false,גטניו פתי בר וניל 470 גרם,"אחים גטניו בע""מ",,גטניו - פתיבר וניל 4,,470.00,100 גרם,false,,9.90,0.0211,true,1,41215
7290000089199,false,כפיר צהובה חריפה 22%,,,חריפה במשקל,קילוגרמים,1.00,"ק""ג",true,,41.90,41.9000,true,1,18245
7290000089274,false,נקניק מעושן מעדנייה,,,נקניק מעושן מעדנייה,קילוגרמים,1.00,"ק""ג",true,,41.90,41.9000,true,1,18247
7290000095408,false,נעם 28% חריץ מעדניה,,,נעם 28% חריץ מעדניה,קילוגרמים,1.00,"ק""ג",true,,44.79,44.7900,true,1,6293
7290000095415,false,נעם 9% חריץ מעדניה-,,,נעם 9% חריץ מעדניה-,קילוגרמים,1.00,"ק""ג",true,,75.00,75.0000,true,1,6294
7290000095422,false,גבינת נועם 22% חריץ,,,גבינת נועם 22% חריץ,קילוגרמים,1.00,"ק""ג",true,,42.58,42.5800,true,1,6295
7290000100018,false,גביניות,,,גביניות,קילוגרמים,1.00,"ק""ג",true,,42.00,42.0000,true,1,2494
7290000100128,false,פירות קפואים תות סנפרוסט 300 ג',"סנפרוסט בע""מ",IL,סדרת פירות קפואים-תו,,300.00,100 גרם,false,,12.90,0.0430,true,1,25432
7290000100156,false,נילס קוקיס חלבי,,,נילס קוקיס חלבי,קילוגרמים,1.00,"ק""ג",true,,52.00,52.0000,true,1,2498
7290000100300,false,לחם מחמצת טוסקני כפר,,,לחם מחמצת טוסקני כפר,,530.00,100 ליטר,false,,16.90,0.0319,true,1,53820
7290000100593,false,פרוסות אנטיפסטי לתנור סנפורסט 600 ג',"סנפרוסט בע""מ",IL,פרוסות אנטיפסטי לתנו,,600.00,100 גרם,false,,19.90,0.0332,true,1,25448
7290000101132,false,לקט קטניות לחמין סנפרוסט 800 גר,"סנפרוסט בע""מ",IL,לקט קטניות לחמין 800,,800.00,100 גרם,false,,17.90,0.0224,true,1,25454
7290000101927,false,אוכמניות כחולות מוקפאות סנפרוסט 300 גרם,"איי, בי, אינבוו",IL,אוכמניות כחולות מוקפ,,300.00,100 גרם,false,,12.90,0.0430,true,1,25456
7290000101934,false,מיקס פירות יער מוקפאות 300 ג' סנפרוסט,"סנפרוסט בע""מ",IL,מיקס פירות יער 300 ג,,300.00,100 גרם,false,,12.90,0.0430,true,1,25457
7290000101941,false,אננס חתוך מוקפא סנפרוסט 300ג',"סנפרוסט בע""מ",IL,אננס מוקפא 300 גרם,,300.00,100 גרם,false,,12.90,0.0430,true,1,223764
7290000103365,false,מרק ירקות 550 ג' סנפרוסט,"איי, בי, אינבוו",IL,סנפרוסט מרק ירקות 50,,500.00,100 גרם,false,,14.90,0.0298,true,1,25463
7290000103433,false,לקט ירקות סנפרוסט לתנור 800 גר,"איי, בי, אינבוו",IL,לקט ירקות לתנור 800,,800.00,100 גרם,false,,21.90,0.0274,true,1,25468
7290000103457,false,מיני כרובית סנפרוסט 600 גר,"סנפרוסט בע""מ",IL,מיני כרובית 600 גרם,,600.00,100 גרם,false,,14.90,0.0248,true,1,25470
7290000103471,false,מיני ברוקולי סנפרוסט 600 גר',"סנפרוסט בע""מ",IL,סנפרוסט מיני ברוקולי,,600.00,100 גרם,false,,14.90,0.0248,true,1,25471
7290000103839,false,מרק כתום קפוא 570 ג' סנפרוסט,"סנפרוסט בע""מ",IL,סנפרוסט מרק כתום קפו,,572.00,100 גרם,false,,14.90,0.0260,true,1,25493
7290000103860,false,מרק עדשים קפוא 570 ג' סנפרוסט,"איי, בי, אינבוו",IL,סנפרוסט מרק עדשים קפ,,572.00,100 גרם,false,,14.90,0.0260,true,1,25495
7290000103877,false,מרק שעועית קפוא 640 ג' סנפרוסט,"סנפרוסט בע""מ",IL,סנפרוסט מרק שעועית ק,,644.00,100 גרם,false,,12.90,0.0200,true,1,25496
7290000104072,false,עדשים ירוקות מבושלות מוקפאות 800 ג' סנפרוסט,"איי, בי, אינבוו",IL,סנפרוסט עדשים ירוקות,,800.00,100 גרם,false,,14.90,0.0186,true,1,25499
7290000104188,false,שעועית אדומה מבושלת סנפרוסט 800 גרם,"סנפרוסט בע""מ",IL,סנפרוסט שעועית אדומה,,800.00,100 גרם,false,,15.90,0.0199,true,1,25500
7290000104201,false,אפונה עדינה סנפרוסט 600 גרם,"איי, בי, אינבוו",IL,אפונה עדינה סנפרוסט,,600.00,100 ליטר,false,,14.90,0.0248,true,1,25501
7290000104218,false,סנפרוסט במיה 600 גרם,"איי, בי, אינבוו",IL,סנפרוסט במיה 600גר,,600.00,100 גרם,false,,15.90,0.0265,true,1,25502
7290000104676,false,אפונה קפואה סנפרוסט 800 גרם,"איי, בי, אינבוו",IL,אפונת גינה סנפרוסט 8,,800.00,100 ליטר,false,,14.90,0.0186,true,1,25505
7290000104683,false,שעועית ירוקה שלמה 800 גר סנפרוסט,"סנפרוסט בע""מ",IL,שעועית שלמה סנפרוסט,,800.00,100 גרם,false,,19.90,0.0249,true,1,25506
7290000104690,false,תירס גרעינים 800 גרם סנפרוסט,"איי, בי, אינבוו",IL,תירס גרעינים 800גר,,800.00,100 גרם,false,,15.90,0.0199,true,1,25507
7290000104713,false,פול ירוק 800 גר סנפרוסט,"איי, בי, אינבוו",IL,פול ירוק 800גר,,800.00,100 גרם,false,,20.90,0.0261,true,1,25509
7290000104737,false,שעועית צהובה חתוכה סנפרוסט 800גר,"סנפרוסט בע""מ",IL,שעועית צהובה חתוכה ס,,800.00,100 גרם,false,,15.90,0.0199,true,1,25511
7290000104744,false,כרובית 800 גר סנפרוסט,"סנפרוסט בע""מ",IL,כרובית 800גר,,800.00,100 ליטר,false,,23.90,0.0299,true,1,25512
7290000104751,false,כרוב ניצנים סנפרוסט 800 גרם,"איי, בי, אינבוו",IL,כרוב ניצנים 800גר,,800.00,100 גרם,false,,19.90,0.0249,true,1,25513
7290000104768,false,תרד עלים סנפרוסט 800 ג ',"איי, בי, אינבוו",IL,תרד עלים 800 גרם,,800.00,100 גרם,false,,19.90,0.0249,true,1,25514
7290000104799,false,שעועית לבנה מבושלת סנפרוסט 800גר,"איי, בי, אינבוו",IL,שעועית לבנה מבושלת 8,,800.00,100 ליטר,false,,14.80,0.0185,true,1,25516
7290000104805,false,גרגירי חומוס קפוא 800 ג' סנפרוסט,"איי, בי, אינבוו",IL,גרגירי חומוס קפוא 80,,800.00,100 ליטר,false,,14.80,0.0185,true,1,25517
7290000104829,false,"קלחוני תירס 1 ק""ג סנפרוסט","סנפרוסט בע""מ",IL,"קלחוני תירס 1 ק""ג",קילוגרמים,1.00,"ק""ג",false,,14.90,14.9000,true,1,25518
7290000104836,false,שעועית עדינה שלמה 600 גר סנפרוסט,"סנפרוסט בע""מ",IL,שעועית עדינה שלמה סנ,,600.00,100 גרם,false,,21.90,0.0365,true,1,25519
7290000104881,false,אפונה וגזר קפוא סנפרוסט 800ג',"איי, בי, אינבוו",IL,אפונה וגזר 800 גרם ס,,800.00,100 גרם,false,,13.90,0.0174,true,1,25522
7290000104904,false,לקט ירקות מעורבים 800 ג' סנפרוסט,"איי, בי, אינבוו",IL,לקט ירקות מעורבים 80,,800.00,100 גרם,false,,22.90,0.0286,true,1,25523
7290000104911,false,לקט נורמנדי 800 גר סנפרוסט,"איי, בי, אינבוו",IL,לקט נורמנדי 800גר,,800.00,100 גרם,false,,19.90,0.0249,true,1,25524
7290000105190,false,פילה מדומה מחפוד קפו,,,פילה מדומה מחפוד קפו,קילוגרמים,1.00,"ק""ג",true,,63.90,63.9000,true,1,46815
7290000105572,false,צלי כתף קפוא ארוז מח,,,צלי כתף קפוא ארוז מח,קילוגרמים,1.00,"ק""ג",true,,49.90,49.9000,true,1,46828
7290000106526,false,ירקות מעורבים מוקפאים חגיגה ירוקה להקפצה,"איי, בי, אינבוו",IL,סנפרוסט חגיגה ירוקה,,800.00,100 גרם,false,,19.90,0.0249,true,1,25529
7290000107165,false,פולי סויה אדממה סנפרוסט 400 ג',"איי, בי, אינבוו",IL,פולי סויה אדממה קפוא,,400.00,100 גרם,false,,11.90,0.0298,true,1,25531
7290000107189,false,תחתיות ארטישוק 400 גרם סנפרוסט,"איי, בי, אינבוו",IL,תחתיות ארטישוק 400גר,,400.00,100 גרם,false,,19.90,0.0497,true,1,25532
7290000107295,false,תפרחות ברוקולי סנפרוסט 800 ג',"איי, בי, אינבוו",IL,תפרחות ברוקולי 800ג,,800.00,100 ליטר,false,,24.90,0.0311,true,1,25533
7290000111186,false,מיונז תלמה 500 גרם-צנצנת,יוניליוור ישראל מזון,IL,מיונז אמיתי תלמה 500,,500.00,100 גרם,false,,9.90,0.0198,true,1,10094
7290000112220,false,בארכה טחינה 100% שומשום 500 גרם,רושדי תעשיות מזון בע,IL,בארכה טחינה 100% שומ,,500.00,100 גרם,false,,13.90,0.0278,true,1,18631
7290000112237,false,בארכה טחינה 100% שומשום 6*1000גרם,רושדי תעשיות מזון בע,IL,בארכה טחינה 100% שומ,קילוגרמים,1.00,"ק""ג",false,,22.90,22.9000,true,1,18632
7290000112497,false,מרק עשיר עוף אטריות קנור 75 גרם - שקיות,יוניליוור ישראל מזון,IL,מרק עשיר עוף עם אטרי,,68.00,100 גרם,false,,9.90,0.1456,true,1,10100
7290000121079,false,גבינה מון בלאן 9% שום שמיר 120ג',שלושת האופים,IL,מון בלאן שמיר 7% 120,,120.00,100 גרם,false,,11.90,0.0992,true,1,16782
7290000121093,false,גבינה מון בלאן שוצרית 120 גרם,האי נאם סי או אל.טי.,IL,מון בלאן שויצרית 7%,,120.00,100 גרם,false,,11.90,0.0992,true,1,16783
7290000121109,false,"גבינת מון בלאן זיתים, 120 ג'",האי נאם סי או אל.טי.,IL,מון בלאן זיתים 7% 12,,120.00,100 גרם,false,,11.90,0.0992,true,1,16784
7290000121147,false,גבינה מון בלאן לייט 7% פיקנטי 120ג',"שלושת האופים בע""מ",IL,מון בלאן פיקנטי 7% 1,,120.00,100 גרם,false,,11.90,0.0992,true,1,16785
7290000133645,false,אורביטול משחת שיניים סודה שלישיה* 145 ג',טרופיקל דגיל קוסמטיק,IL,משחת שיניים אורביטול,,435.00,100 גרם,false,,16.90,0.0389,true,1,29664
7290000134147,false,טעם וריח מוסקט טחון מיכל 40גר,"תבליני טעם וריח בע""מ",IL,טעם וריח מוסקט טחון,,40.00,100 גרם,false,,12.90,0.3225,true,1,42364
7290000134314,false,תבלין תיבול לפיצה 120 ג',"תבליני טעם וריח בע""מ",IL,תערובת תיבול לפיצה ט,,120.00,100 גרם,false,,9.00,0.0750,true,1,42366
7290000134338,false,תבלין אבקת שום טעם ו,"תבליני טעם וריח בע""מ",IL,תבלין אבקת שום טעם ו,,90.00,100 גרם,false,,10.20,0.1133,true,1,42367
7290000134376,false,תבלין פפריקה בשמן 90 גר',"תבליני טעם וריח בע""מ",IL,טעם וריח פפריקה בשמן,,90.00,100 גרם,false,,9.00,0.1000,true,1,42369
7290000134550,false,טעם וריח עלי דפנה שק,"תבליני טעם וריח בע""מ",IL,טעם וריח עלי דפנה שק,,20.00,100 גרם,false,,4.10,0.2050,true,1,42373
7290000134673,false,תבלין זנגביל טעם ורי,"תבליני טעם וריח בע""מ",IL,תבלין זנגביל טעם ורי,,30.00,100 גרם,false,,6.00,0.2000,true,1,42375
7290000134680,false,תבלין קמיל שלם טעם ו,תות ממתקי איכות,IL,תבלין קמיל שלם טעם ו,,40.00,100 גרם,false,,6.00,0.1500,true,1,42376
7290000134826,false,תבלין זעתר מעורב 100 גר',"תבליני טעם וריח בע""מ",IL,תבלין זעתר טעם וריח,,100.00,100 גרם,false,,9.00,0.0900,true,1,42379
7290000134833,false,תבלין כמון טחון 100 גר',"תבליני טעם וריח בע""מ",IL,טעם וריח ת.כמון במיכ,,100.00,100 גרם,false,,9.00,0.0900,true,1,42380
7290000134840,false,תבלין כורכום טחון 100 גר',"תבליני טעם וריח בע""מ",IL,טעם וריח ת.כורכום במ,,100.00,100 גרם,false,,9.00,0.0900,true,1,42381
7290000134857,false,תבלין פפריקה מתוקה 100 גר',"תבליני טעם וריח בע""מ",IL,טעם וריח ת.פפריקה מת,,100.00,100 ליטר,false,,9.00,0.0900,true,1,42382
7290000134864,false,תבלין פפריקה חריפה 100 גר',"תבליני טעם וריח בע""מ",IL,תבלין פפריקה חריפה ט,,100.00,100 גרם,false,,9.00,0.0900,true,1,42383
7290000134871,false,תבלין פלפל שחור טחון 100 גר',"תבליני טעם וריח בע""מ",IL,טעם וריח ת. פלפל שחו,,100.00,100 גרם,false,,13.90,0.1390,true,1,42384
7290000134970,false,תבלין חוואייג טעם ור,"תבליני טעם וריח בע""מ",IL,תבלין חוואייג טעם ור,,100.00,100 גרם,false,,9.00,0.0900,true,1,42385
7290000134987,false,תבלין פלפל שחור גרוס 90 גר',"תבליני טעם וריח בע""מ",IL,טעם וריח פלפל שחור ג,,90.00,100 גרם,false,,13.90,0.1544,true,1,42386
7290000135045,false,"XL TEN משקה אנרגיה פתוח ללא סוכר 250 מ""ל","טמפו משקאות בע""מ",IL,אקס אל TEN פחית תפוח,,250.00,"100 מ""ל",false,,4.50,0.0180,true,1,9352
7290000135151,false,"טמפו סודה למון ליים בקבוק 250 מ""ל",טמפו משקאות בעמ,IL,סודה נגיעות לימון 27,,275.00,"100 מ""ל",false,,3.50,0.0127,true,1,121439
7290000135311,false,פפסי מקס ליים 1.5 ליטר בודד,"טמפו משקאות בע""מ",IL,פפסי מקס ליים 1.5 ל',ליטרים,1.50,ליטר,false,,7.90,5.2667,true,1,77974
7290000136158,false,פפסי מקס 1.5 ליטר פיקדון,פפסי Pepsi,IL,פפסי מקס 1.5 ליטר,ליטרים,1.50,ליטר,false,,7.90,5.2667,true,1,212073
7290000136165,false,מירינדה בקבוק 1.5 לי,מירינדה Mirinda,IL,מירינדה 1.5 ליטר,ליטרים,1.50,ליטר,false,,7.90,5.2667,true,1,212012
7290000136189,false,דיאט סבן אפ 1.5 ליטר FREE,סבן אפ 7up,IL,סבן אפ דיאט 1.5 ליטר,ליטרים,1.50,ליטר,false,,7.90,5.2667,true,1,211982
7290000136288,false,סירופ בטעם תפוחים סיידר הגליל JUICER,סיידר הגליל,IL,סיידר הגליל JUICER ס,,330.00,"100 מ""ל",false,,13.30,0.0403,true,1,294384
7290000136295,false,סירופ בטעם פטל סיידר הגליל JUICER,סיידר הגליל,IL,סיידר הגליל JUICER ס,,330.00,"100 מ""ל",false,,13.30,0.0403,true,1,294413
7290000136301,false,סירופ בטעם ענבים סיידר הגליל JUICER,סיידר הגליל,IL,סיידר הגליל JUICER ס,,330.00,"100 מ""ל",false,,13.30,0.0403,true,1,294414
7290000136455,false,משקה בטעם אשכוליות תריסר 1.5 ל' ג'אמפ,טמפו 7.5%,IL,ג`אמפ אשכול 1.5 ליטר,ליטרים,1.50,ליטר,false,,7.90,5.2667,true,1,211778
7290000136516,false,משקה בטעם מנגו פסיפלורה תריסר 1.5 ל' ג'אמפ,טמפו 7.5%,IL,ג`אמפ פסיפלורה 1.5 ל,ליטרים,1.50,ליטר,false,,7.90,5.2667,true,1,211763
7290000136523,false,משקה בטעם ענבים תריסר 1.5 ל' ג'אמפ,טמפו 7.5%,IL,ג`אמפ ענבים 1.5 ליטר,ליטרים,1.50,ליטר,false,,7.90,5.2667,true,1,211794
7290000136561,false,משקה בטעם תות בננה תריסר 1.5 ל' ג'אמפ,טמפו 7.5%,IL,ג`אמפ תות בננה 1.5 ל,ליטרים,1.50,ליטר,false,,7.90,5.2667,true,1,211795
7290000136585,false,משקה בטעם תפוזים תריסר 1.5 ל' ג'אמפ,טמפו 7.5%,IL,ג`אמפ תפוז 1.5 ליטר,ליטרים,1.50,ליטר,false,,7.90,5.2667,true,1,211779
7290000136646,false,משקה מאלט תריסר 1.5 ל' נשר,טמפו 7.5%,IL,נשר מאלט 1.5 ליטר,ליטרים,1.50,ליטר,false,,8.90,5.9333,true,1,211635
7290000136660,false,סודה רגיל 1.5 ליטר,טמפו,IL,טמפו סודה 1.5 ליטר,ליטרים,1.50,ליטר,false,,2.90,1.9333,true,1,211912
7290000136677,false,פפסי קולה פיקדון 1.5 ליטר,טמפו,IL,פפסי קולה 1.5 ליטר,ליטרים,1.50,ליטר,false,,7.90,5.2667,true,1,212058
7290000136684,false,פפסי מקס פיקדון 1.5 ליטר,טמפו,IL,פפסי מקס 1.5 ליטר,ליטרים,1.50,ליטר,false,,7.90,5.2667,true,1,212074
7290000136752,false,סבן אפ דיאט מארז שישייה 1.5 ל' FREE,"טמפו משקאות בע""מ",IL,סבן אפ דיאט 6*1.5 לי,ליטרים,9.00,ליטר,false,,37.90,4.2111,true,1,211983
7290000136776,false,שישיית פפסי מקס דל קלוריות 1.5 ליטר,פפסי Pepsi,IL,פפסי מקס 6*1.5 ליטר,ליטרים,9.00,ליטר,false,,37.90,4.2111,true,1,212059
7290000136790,false,מארז סודה שישייה 1.5 ל' טמפו,טמפו 7.5%,IL,טמפו סודה 6*1.5 ליטר,ליטרים,9.00,ליטר,false,,17.70,1.9667,true,1,211823
7290000136820,false,סודה בטעם פירות יער מארז ריבעיה * 1.5 ל' טמפו,טמפו 7.5%,IL,טמפו סודה פירות יער,ליטרים,6.00,ליטר,false,,12.70,2.1167,true,1,211872
7290000136837,false,גזוז בנגיעות טעם אפרסק - מארז רביעייה,טמפו 7.5%,IL,טמפו סודה אפרסק 1.5,ליטרים,6.00,ליטר,false,,12.70,2.1167,true,1,211954
7290000136844,false,מארז מים מזוככים אקווה נובה שישיית 2 ליטר,אקווה נובה Aqua Nova,IL,אקווה נובה 6*2 ליטר,ליטרים,12.00,ליטר,false,,11.90,0.9917,true,1,211677
7290000136851,false,סבן אפ פיקדון 1.5 ליטר,טמפו,IL,סבן אפ 1.5 ליטר,ליטרים,1.50,ליטר,false,,7.90,5.2667,true,1,212029
7290000136868,false,שישיית מים מינרלים סאן בנדטו,סאן בנדטו San Benedetto,IL,מים סאן בנדטו 6* 1.5,ליטרים,9.00,ליטר,false,,17.70,1.9667,true,1,211691
7290000136875,false,מארז מים מינרלים מוגז 6* 1.5 ל' סאן בנדטו,סאן בנדטו San Benedetto,IL,סאן בנדטו מים מינרלי,ליטרים,9.00,ליטר,false,,17.90,1.9889,true,1,211809
7290000136905,false,סודה טמפו אננס 1.5 ליטר-,טמפו,IL,טמפו סודה אננס 1.5 ל,ליטרים,1.50,ליטר,false,,4.30,2.8667,true,1,223804
7290000137513,false,גלידונית גלידה וניל בציפוי שוקולד 60 יח' קרמיסימו,"גלידת שטראוס בע""מ, ר",IL,קרמיסימו גלידונית ש.,,700.00,100 גרם,false,,49.90,0.0713,true,1,4225
7290000137643,false,מאגדת שלגוני טעמקור 8 יח' שטראוס,"גלידת שטראוס בע""מ, ר",IL,שלגוני טעמקור 8יח,,416.00,100 גרם,false,,37.90,0.0911,true,1,4226
7290000143293,false,"הוואי - מרכך ילדים מתיר קשרים 700 מ""ל",טרופיקל דגיל,IL,מרכך הוואי ילדים מתי,,700.00,"100 מ""ל",false,,9.90,0.0141,true,1,8074
7290000144160,false,"שמן זית כתית מעולה מודגש""עץ-הזית"" 750 מ""ל","מרקאולאו, ספרד.אבסה,",IL,שמן זית כתית מעולה א,,750.00,"100 מ""ל",false,,33.90,0.0452,true,1,29333
7290000144467,false,שמן חמניות מועשר בנוגדי חמצון 1 ל' עץ הזית,"נארז ע""י : א.ג. גילר",GR,שמן חמניות בריאות מה,ליטרים,1.00,ליטר,false,,15.90,15.9000,true,1,29336
7290000144474,false,שמן עץ הזית קנולה 1 ליטר בריאות מהטבע,שמן תעשיות,EE,שמן קנולה בריאות עץ,ליטרים,1.00,ליטר,false,,15.90,15.9000,true,1,29337
7290000146652,false,הוואי - סבון מוצק ורוד רומנטי 100 גרם רביעייה,טרופיקל דגיל קוסמטיק,IL,סבון מוצק ורוד הוואי,,400.00,100 גרם,false,,11.90,0.0298,true,1,8078
7290000146928,false,"טום וגרי משחת שיניים בטעם ענבים 50 מ""ל",טרופיקל דגיל קוסמטיק,IL,משחת שיניים טעם ענבי,,50.00,"100 מ""ל",false,,6.90,0.1380,true,1,8085
7290000146997,false,"טום וג'רי - משחת שיניים מסטיק 50 מ""ל",טרופיקל דגיל קוסמטיק,IL,משחת שיניים טום וגרי,,50.00,"100 מ""ל",false,,6.90,0.1380,true,1,8086
7290000149615,false,נקה 7 סבון מוצק לתינוק רביעיה * 100 ג',גליל כימיקלים בעממשו,IL,אלסבון מוצק לתינוק נ,,400.00,100 גרם,false,,10.90,0.0273,true,1,29671
7290000149851,false,סינטבון סבון מארז 460X2ג',יבואן ומשווק: ש. שסט,IL,סינטבון כפול 460גר,,460.00,100 גרם,false,,10.90,0.0237,true,1,29674
7290000149905,false,טקסטיל שמפו לכביסה ביד 1 ליטר,מיוצר עי קונדיטוריית,IL,טקסטיל שמפו-1 ליטר נ,ליטרים,1.00,ליטר,false,,14.90,14.9000,true,1,29675
7290000152288,false,עוף טוב נקניקיות עוף מיס לוסי 400 גרם,מוצרי עוף טוב (2001),IL,עוף טוב נקניקיות עוף,,400.00,100 גרם,false,,14.90,0.0373,true,1,19661
7290000152943,false,פסטרמה כפרית +סלמי כפרי עוף טוב 350X2ג',מולינו ניקולי s.p.a,IL,עוף טוב סלמי פסטרמה,,700.00,100 גרם,false,,21.90,0.0313,true,1,19664
7290000168173,false,ברנפלקס קרנצים 375 ג' תלמה,יוניליור ישראל מזון,IL,ברנפלקס קרנצים תלמה,,375.00,100 גרם,false,,20.90,0.0557,true,1,10250
7290000170053,false,שוקולד פרה חלב 100 גרם,"תופינית בע""מ",IL,שוקולד חלב פרה 100 ג,,100.00,100 גרם,false,,5.20,0.0520,true,1,22161
7290000174723,false,שוקולית אבקה להכנת משקה שוקו 500 גרם,הנסיך- מפעל לייצור ט,IL,שוקולית 500 גרם,,500.00,100 גרם,false,,12.50,0.0250,true,1,22169
7290000175760,false,מנציגו כבשים ויליפו,,,מנציגו כבשים ויליפו,קילוגרמים,1.00,"ק""ג",true,,79.00,79.0000,true,1,2765
7290000175777,false,איבריקו ויליפוד31%,,,איבריקו ויליפוד31%,קילוגרמים,1.00,"ק""ג",true,,95.00,95.0000,true,1,2766
7290000175906,false,גאודה עיזים ויליפוד,,,גאודה עיזים ויליפוד,קילוגרמים,1.00,"ק""ג",true,,99.00,99.0000,true,1,2767
7290000176079,false,קפה עלית טורקי עם הל 100 גרם,הנסיך- מפעל לייצור ט,IL,טורקי עלית קפה עם הל,,100.00,100 גרם,false,,8.90,0.0890,true,1,22172
7290000176147,false,קפה מוקה קלוי מס1 עלית 500ג',ELITE CAFE SP. ZO.O,PL,מוקה מס.1 קפה פילטר,,500.00,100 גרם,false,,50.50,0.1010,true,1,22175
7290000176413,false,קפה נמס עלית 50 גרם,הנסיך- מפעל לייצור ט,IL,עלית נמס 50 גר',,50.00,100 גרם,false,,8.90,0.1780,true,1,22177
7290000176420,false,קפה נמס אבקתי 200ג עלית,שטראוס קפה בי.וי,IL,קפה נמס עלית פחית 20,,200.00,100 גרם,false,,18.90,0.0945,true,1,22178
7290000176468,false,קפה נמס נטול קפאין 50 ג' קפה האג,"איי, בי, אינבוו",IL,האג קפה נטול קפאין 5,,50.00,100 גרם,false,,10.90,0.2180,true,1,22179
7290000178707,false,תפוצ'יפס טבעי 50 גרם,"שטראוס פריטו ליי בע""",IL,תפוציפס טבעי 50 גרם,,50.00,100 ליטר,false,,3.90,0.0780,true,1,24149
7290000178721,false,תפוציפס מלוח 200 גרם,"שטראוס פריטו ליי בע""",IL,תפוציפס טבעי 200 גרם,,200.00,100 גרם,false,,10.90,0.0545,true,1,24151
7290000180212,false,שוקולוד פרה מריר אגוזים 100ג' עלית,"שטראוס גרופ בע""מ",IL,פרה שוקולד מריר ושבר,,100.00,100 גרם,false,,4.90,0.0490,true,1,22188
7290000185224,false,סילאן בקבוק לחיץ תמר כנרת 650 גר,,IL,סילאן בקבוק לחיץ תמר,,650.00,100 גרם,false,,13.90,0.0214,true,1,46615
7290000185590,false,סילאן טבעי בבקבוק לחיץ 650 גרם,חצר כינרת מוצרי תמר,IL,סילאן 100% תמרים טבע,,635.00,100 גרם,false,,19.90,0.0313,true,1,335056
7290000186535,false,נייר טואלט טריו לבן 32 גלילים לילי,קימברלי קלארק ישראל,IL,לילי נייר טואלט טריו,,537.00,מטר,false,,44.90,0.0836,true,1,8835
7290000186931,false,ניקול כריות קרצוף חתוכות 12 יח',UFO,US,ניקול כריות קרצוף חת,יחידה,0.00,יחידה,false,,10.90,0.0000,true,1,8839
7290000187921,false,נייר טואלט לבן 32 גלילים לילי,קימברלי קלארק ישראל,IL,"נייר טואלט ""לילי"" לב",,588.00,מטר,false,,41.90,0.0713,true,1,8850
7290000187938,false,לילי - נייר טואולט נייר טואלט פסטל 32 יח',קימברלי קלארק,IL,"נייר טואלט ""לילי"" פס",,588.00,מטר,false,,42.90,0.0730,true,1,8851
7290000187952,false,נייר טואלט טריו לילי פרימיום 32גליל,קימברלי קלארק,IL,נייר טאולט לילי טריו,,537.00,מטר,false,,44.90,0.0836,true,1,8852
7290000188355,false,מגבות מטבח ניקול לבנה שישייה,קימברלי-קלארק,IL,מגבות מטבח ניקול לבנ,,64.80,מטר,false,,12.90,0.1991,true,1,8858
7290000188553,false,קוטקס - מגן תחתון סילק נורמל 60 יח',קימברלי קלארק,CN,מגן תחתון סילק נורמל,יחידה,0.00,יחידה,false,,16.90,0.0000,true,1,8863
7290000188591,false,קוטקס - מגן תחתון סילק יאנג 60 יח',קימברלי קלארק,CN,מגן תחתון סילק יאנג,יחידה,0.00,יחידה,false,,16.90,0.0000,true,1,8865
7290000189079,false,"ניקול תבניות אינגליש חזקות ועבות מארז, 7 יח'",בראבו,CN,ניקול תבניות אינגליש,יחידה,0.00,יחידה,false,,10.90,0.0000,true,1,8870
7290000189116,false,ניקול תבניות אלומניום עגולות 5 יח',בראבו,CN,ניקול תבניות עגולות,יחידה,0.00,יחידה,false,,10.90,0.0000,true,1,8871
7290000189482,false,ניקול תבנית אפייה מקרטון מרובעת 4יח',"דוקארט בעמ, קיבוץ כפ",IL,ניקול תבנית אפייה מק,יחידה,0.00,יחידה,false,,10.90,0.0000,true,1,8881
7290000189550,false,זוג אשפתון ניקול ענק מתכלה 10 יח,אשפלסט,IL,אשפתון זוג ענק 20,יחידה,0.00,יחידה,false,,25.90,0.0000,true,1,8885
7290000189598,false,מטליות לחות חד פעמיות לניקוי כללי 50 יח' ניקול,עלבד משואות יצחק בעמ,IL,מטליות לחות חד פעמיו,יחידה,0.00,יחידה,false,,9.90,0.0000,true,1,8886
7290000189659,false,מטליות לחות לרצפה ניקול 10 יח'-מרכז,עלבד משואות יצחק בעמ,IL,ניקול מטליות לחות לר,יחידה,0.00,יחידה,false,,9.90,0.0000,true,1,8888
7290000189734,false,מטליות לחות לפרקט 10יח' ניקול,עלבד משואות יצחק בעמ,IL,ניקול מטליות לחות לפ,יחידה,0.00,יחידה,false,,10.90,0.0000,true,1,8892
7290000189871,false,ניקול שקיות אשפה L עם שרוך 55 יח',אשפלסט,IL,אשפתון 55 שקיות,יחידה,0.00,יחידה,false,,19.90,0.0000,true,1,8895
7290000191225,false,האגיס - רך נולד מידה 2 מוקטן 44 יח',קימברלי קלארק שיווק,IL,האגיס רך נולד מידה 2,יחידה,0.00,יחידה,false,,32.90,0.0000,true,1,8913
7290000191393,false,מגבוני טישיו רכים שביעייה מולט 100X7יח',,IL,מגבוני מולט לב אדום,יחידה,0.00,יחידה,false,,19.90,0.0000,true,1,8914
7290000191539,false,ממחטות טישו לילי צבעוני חמישיה,חוגלה קימברלי,IL,לילי צבעוני חמישיה-9,יחידה,0.00,יחידה,false,,14.90,0.0000,true,1,8916
7290000191652,false,קלינקס ממחטות טישו אולטרא סופט מארז 90X3יח',חוגלה קימברלי,IL,קלינקס קלאסיק ניילון,יחידה,0.00,יחידה,false,,8.90,0.0000,true,1,8921
7290000192581,false,מגבת נייר גליל כפול ניקול 12=6 גליל,,IL,מגבת כפולה ניקול 6=1,,129.70,מטר,false,,21.90,0.1689,true,1,8926
7290000193014,false,פדיות אינטרלוד מגיני יום לילי 50יח',חוגלה קימברלי,CZ,מגן תחתון אינטרלוד ל,יחידה,0.00,יחידה,false,,9.90,0.0000,true,1,8927
7290000194178,false,עוף מס' 1 קפוא מחפוד,,,עוף מס' 1 קפוא מחפוד,קילוגרמים,1.00,"ק""ג",true,,27.90,27.9000,true,1,46838
7290000194208,false,כרעיים עוף חלק רב מח,,,כרעיים עוף חלק רב מח,קילוגרמים,1.00,"ק""ג",true,,33.90,33.9000,true,1,46840
7290000194239,false,מחפוד-חזה עוף קפוא מ,,,מחפוד-חזה עוף קפוא מ,קילוגרמים,1.00,"ק""ג",true,,33.90,33.9000,true,1,46841
7290000194253,false,כנפיים עוף קפוא ארוז,,,כנפיים עוף קפוא ארוז,קילוגרמים,1.00,"ק""ג",true,,13.90,13.9000,true,1,46842
7290000194260,false,מחפוד-שוקיים עוף קפו,,,מחפוד-שוקיים עוף קפו,קילוגרמים,1.00,"ק""ג",true,,35.90,35.9000,true,1,46843
7290000194284,false,מחפוד - פרגיות עוף ק,,,מחפוד - פרגיות עוף ק,קילוגרמים,1.00,"ק""ג",true,,74.90,74.9000,true,1,46845
7290000194345,false,שניצל עוף ארוז מחפוד,,,שניצל עוף ארוז מחפוד,קילוגרמים,1.00,"ק""ג",true,,34.90,34.9000,true,1,46848
7290000195537,false,האגיס - מגבוני האגיס דיילי קר לא מבושם 64 יח' * 4,חוגלה קימברלי,IL,מגבוני האגיס דיילי ק,יחידה,0.00,יחידה,false,,20.90,0.0000,true,1,8964
7290000195773,false,האגיס - מגבוני האגיס סנסטיב קר לא מבושם 64 יח' * 4,חוגלה קימברלי,IL,מגבוני האגיס סנסטיב,יחידה,0.00,יחידה,false,,20.90,0.0000,true,1,8968
7290000196039,false,"מפות שולחן איריס ח""פ ניקול 2 יח'",דיספובד,IL,ניקול מפות שולחן זוג,יחידה,0.00,יחידה,false,,9.90,0.0000,true,1,8970
7290000196343,false,"מפת שולחן מהודרת לילי 180X120ס""מ",דיספובד,IL,מפת שולחן מהודרת ניק,יחידה,0.00,יחידה,false,,12.90,0.0000,true,1,8971
7290000197029,false,ניקול שקיות ניילון ריצרץ לאחסון 12יח',קילת,IL,ניקול שקיות ניילון ר,יחידה,0.00,יחידה,false,,12.90,0.0000,true,1,8978
7290000197326,false,רדיד אלומניום ניקול זוגי 30X7.5מ',אופל,IL,ניקול רדיד אלומיניום,,15.00,מטר,false,,10.90,0.7267,true,1,8988
7290000197425,false,האגיס פרידום דריי שלב 3 54 יחידות,קימברלי קלארק ישראל,IL,האגיס פרידום דריי של,יחידה,0.00,יחידה,false,,45.90,0.0000,true,1,8992
7290000197432,false,שקיות אוכל סנדביצ'ון ניקול מארז 150X2יח',אשלפסט תעשיות בעמ,IL,ניקול שקיות אוכל זוג,יחידה,0.00,יחידה,false,,13.90,0.0000,true,1,8993
7290000197456,false,האגיס פרידום דריי שלב 4 44 יחידות,קימברלי קלארק ישראל,IL,האגיס פרידום דריי של,יחידה,0.00,יחידה,false,,45.90,0.0000,true,1,8994
7290000197463,false,האגיס פרידום דריי שלב 4+ 42 יחידות,קימברלי קלארק ישראל,IL,האגיס פרידום דריי של,יחידה,0.00,יחידה,false,,45.90,0.0000,true,1,8995
7290000197678,false,האגיס פרידום דריי שלב 6 34 יחידות,קימברלי קלארק ישראל,IL,האגיס פרידום דריי ש,יחידה,0.00,יחידה,false,,45.90,0.0000,true,1,9001
7290000201832,false,טיטולים פרימיום שלב 3 (5-9) 52 יח',חוגלה קימברלי,IL,טיטולים פרימיום שלב,יחידה,0.00,יחידה,false,,33.90,0.0000,true,1,9019
7290000201849,false,טיטולים פרימיום שלב 4 42 יח' (8-14),חוגלה קימברלי,IL,טיטולים פרימיום שלב,יחידה,0.00,יחידה,false,,33.90,0.0000,true,1,9020
7290000201870,false,טיטולים פרימיום שלב 6 30 יח',חוגלה קימברלי,IL,טיטולים פרימיום שלב,יחידה,0.00,יחידה,false,,33.90,0.0000,true,1,9023
7290000204147,false,ניקול כריות יפניות 2 ב 1 רביעייה,פלסטו פוליש (ברקן),IL,כריות יפניות 2 ב 1 ר,יחידה,0.00,יחידה,false,,10.90,0.0000,true,1,9041
7290000204215,false,ניקול כריות יפניות 6 יח',פלסטו פוליש (ברקן),IL,ניקול כריות יפניות 6,יחידה,0.00,יחידה,false,,9.90,0.0000,true,1,9042
7290000204307,false,ניקול מטליות רב שימושיות בגליל 40 יח',נועם אורים-קיבוץ אור,IL,מטליות ניקול 40 רב ש,יחידה,0.00,יחידה,false,,19.90,0.0000,true,1,9045
7290000204512,false,מטליות לחות לרצפה בניחוח לימון 10 יח' ניקול,עלבד משואות יצחק בעמ,IL,מטליות לחות לרצפה בר,יחידה,0.00,יחידה,false,,9.90,0.0000,true,1,9046
7290000207063,false,רסק עגבניות פריכוז 28% 240 גרם יכין,היינץ צפון אמריקה מק,IL,רוטב עגבניות פריכוז,,240.00,100 גרם,false,,3.90,0.0162,true,1,8616
7290000207162,false,רוטב עגבניות מרכיב טבעי 100 ג' יכין,"זנלכל בע""מ",IL,רוטב עגבניות 100 גרם,,100.00,100 גרם,false,,2.50,0.0250,true,1,8619
7290000207438,false,עגבניות 2.5 A קוביות 850 גרם יכין,"זנלכל בע""מ",IL,עגבניות לקוביות יכין,,800.00,100 גרם,false,,9.90,0.0124,true,1,8620
7290000207764,false,חטיף יפני,,,חטיף יפני,קילוגרמים,1.00,"ק""ג",true,,67.00,67.0000,true,1,31673
7290000208022,false,עגבניות מרוסקות פריכוז 800 ג' יכין,"זנלכל בע""מ",IL,עגבניות מרוסקות יכין,,800.00,100 גרם,false,,9.90,0.0124,true,1,8623
7290000208077,false,אפונת גינה רגילה 550 גרם יכין,"זנלכל בע""מ",IL,אפונת גינה גדולה L י,,335.00,100 גרם,false,,8.90,0.0266,true,1,8625
7290000208114,false,"אפונה וגזר יכין A2 פ""ק בית יוסף","זנלכל בע""מ",IL,אפונת גינה וגזר יכין,,330.00,100 גרם,false,,8.90,0.0270,true,1,8628
7290000208145,false,גרעיני תירס מתוק לייט 550 גרם יכין,"זנלכל בע""מ",IL,גרעיני תירס לייט יכי,,335.00,100 גרם,false,,9.90,0.0296,true,1,8631
7290000208213,false,שעועית לבנה אפויה A2 ברוטב עגבניות יכין 560ג',היינץ צפון אמריקה מק,IL,שעועית לבנה ברוטב עג,,355.00,100 גרם,false,,8.90,0.0251,true,1,8633
7290000208220,false,"שעועית צ'לי יכין פ""ק A2 בית יוסף",היינץ צפון אמריקה מק,IL,שעועית צילי חריף יכי,,355.00,100 גרם,false,,9.90,0.0279,true,1,8634
7290000208244,false,"בסיס לשקשוקה יכין A2 פ""ק בית יוסף","זנלכל בע""מ",IL,A2 בסיס עגבניות לשקש,,570.00,100 גרם,false,,10.90,0.0191,true,1,8635
7290000208312,false,גרעיני תירס מתוק בואקום יכין 400 גר',"זנלכל בע""מ",IL,גרעיני תירס מתוק יכי,,400.00,100 גרם,false,,6.90,0.0173,true,1,8638
7290000208329,false,גרעיני תירס מתוק 550 גרם יכין,"זנלכל בע""מ",IL,גרעיני תירס מתוק יכי,,335.00,100 גרם,false,,8.90,0.0266,true,1,8639
7290000208336,false,רסק יכין 240גר 22% יכין בית יוסף,"זנלכל בע""מ",IL,רוטב עגבניות יכין 24,,240.00,100 גרם,false,,4.50,0.0188,true,1,8640
7290000208343,false,עגבניות מרוסקות שום יכין A2.5 בית יוסף,היינץ צפון אמריקה מק,IL,עגבניות מרוסקות שום,,800.00,100 גרם,false,,9.90,0.0124,true,1,8641
7290000208367,false,עגבניות מרוסקות בתוספת בזיליקום 800 ג' יכין,זנלכל,IL,עגבניות מרוסקות בזיל,,800.00,100 גרם,false,,9.90,0.0124,true,1,8643
7290000208428,false,גרגרי חומוס שלם 550 גרם יכין,"זנלכל בע""מ",IL,חומוס שלם יכין 550 ג,,290.00,100 גרם,false,,8.90,0.0307,true,1,8645
7290000208534,false,גרעיני תירס מתוק לילדים 550 גרם יכין,"זנלכל בע""מ",IL,גרעיני תירס קיד מתוק,,335.00,100 גרם,false,,9.90,0.0296,true,1,8650
7290000208855,false,רוטב לפסטה קלאסי 240 גרם יכין,"זנלכל בע""מ",IL,רוטב לפסטה קלאסי יכי,,260.00,100 גרם,false,,5.50,0.0212,true,1,8653
7290000208893,false,גרעיני תירס מתוק לייט 400 גרם יכין,היינץ צפון אמריקה מק,IL,תירס לייט יכין 400 ג,,400.00,100 גרם,false,,6.90,0.0173,true,1,8654
7290000208947,false,עגבניות מרוסקות 260 גרם יכין,היינץ צפון אמריקה מק,IL,עגבניות מרוסקות יכין,יחידה,260.00,יחידה,false,,5.50,0.0212,true,1,8656
7290000208978,false,פריכוז 100 גרם יכין בית יוסף,היינץ צפון אמריקה מק,IL,רוטב עגבניות פריכוז,,100.00,100 גרם,false,,2.90,0.0290,true,1,8657
7290000209012,false,חומץ הדרים 5% יכין 1,"זנלכל בע""מ",IL,חומץ הדרים 5% יכין 1,ליטרים,1.00,ליטר,false,,5.90,5.9000,true,1,8659
7290000209043,false,מיץ לימון משומר 1 ל' יכין,היינץ צפון אמריקה מק,IL,מיץ לימון משומר יכין,ליטרים,1.00,ליטר,false,,4.90,4.9000,true,1,8660
7290000209173,false,חומץ סינטטי יכין 1 ל',זנלכל,IL,חומץ סינטטי 5% יכין,ליטרים,1.00,ליטר,false,,4.70,4.7000,true,1,8661
7290000209371,false,שלישיית תירס יכין 165 גר OZ 6,היינץ צפון אמריקה מק,IL,תירס שלישיה יכין 3*1,,495.00,100 גרם,false,,14.90,0.0301,true,1,8669
7290000209388,false,תירס גרגרים לייט וואקום מארז 60X3ג',זנלכל,IL,תירס לייט שלישיה יכי,,420.00,100 גרם,false,,14.90,0.0355,true,1,8670
7290000209722,false,רסק עגבניות 28% פריכוז 580 גרם יכין,"זנלכל בע""מ",IL,רוטב עגבניות מרוכז מ,,580.00,100 גרם,false,,9.90,0.0171,true,1,8681
7290000209913,false,עגבניות חתוכות לקוביות 240 גרם יכין,"זנלכל בע""מ",IL,עגבניות לקוביות יכין,,260.00,100 גרם,false,,5.50,0.0212,true,1,8683
7290000209944,false,רוטב לעגבניות בסיס לשקשוקה 240 ג' יכין,"זנלכל בע""מ",IL,רוטב לעגבניות לשקשוק,,260.00,100 גרם,false,,5.50,0.0212,true,1,8684
7290000209951,false,רוטב עגבניות לפיצה 260 גרם יכין,"זנלכל בע""מ",IL,רוטב עגבניות לפיצה י,,260.00,"100 מ""ל",false,,5.50,0.0212,true,1,8685
7290000209968,false,רוטב עגבניות ללזניה יכין 240 גרם,"זנלכל בע""מ",IL,רוטב ללזניה יכין 240,,260.00,100 גרם,false,,5.50,0.0212,true,1,8686
7290000210469,false,עגבניות שלמות יכין A2.5 בית יוסף,זנלכל,IL,עגבניות שלמות יכין 8,,800.00,100 גרם,false,,9.90,0.0124,true,1,8687
7290000210896,false,רוטב לפסטה בולונז 240 גרם יכין,"זנלכל בע""מ",IL,רוטב לפסטה בולונז יכ,,260.00,100 גרם,false,,5.50,0.0212,true,1,8688
7290000211138,false,סיימן גבינת עיזים הו,,,סיימן גבינת עיזים הו,קילוגרמים,1.00,"ק""ג",true,,179.00,179.0000,true,1,16517
7290000211145,false,סיימן גבינת גאודה במ,,,סיימן גבינת גאודה במ,קילוגרמים,1.00,"ק""ג",true,,119.00,119.0000,true,1,16518
7290000211169,false,"אורז תאילנדי אחד אחד סוגת 1 ק""ג",האי נאם סי או אל.טי.,IL,אורז תאילנדי 1 ק'ג,קילוגרמים,1.00,"ק""ג",false,,6.90,6.9000,true,1,17300
7290000211312,false,סוגת אורז מלא פרסי אחד אחד 1 קג,האי נאם סי או אל.טי.,IL,אורז מלא אחד אחד 1קג,קילוגרמים,1.00,"ק""ג",false,,7.90,7.9000,true,1,17301
7290000211374,false,קמח חיטה מלא סוגת 1,טחנת קמח דגן-שטיבל,IL,"קמח מלא סוגת 1 ק""ג",קילוגרמים,1.00,"ק""ג",false,,6.90,6.9000,true,1,17302
7290000211442,false,"סוגת אורז פרסי קלאסי שקית 1 ק""ג",האי נאם סי או אל.טי.,IL,סוגת אורז פרסי קלאסי,קילוגרמים,1.00,"ק""ג",false,,10.90,10.9000,true,1,17304
7290000211503,false,סוכר לבן ארוז בשקית,"סוגת תעשיות בע""מ",IL,"סוכר סוגת לבן 1 ק""ג",קילוגרמים,1.00,"ק""ג",false,,4.50,4.5000,true,1,17305
7290000211985,false,"אורז ריזוטו עגול סוגת 1 ק""ג","סוגת תעשיות בע""מ",IL,סוגת אורז עגול 1קג,קילוגרמים,1.00,"ק""ג",false,,11.90,11.9000,true,1,17308
7290000212173,false,וופל טעם שוקולד מנעמים 500 ג',,,ופל שוקו מנעמים 500,,500.00,100 גרם,false,,9.90,0.0198,true,1,36045
7290000212975,false,"ופל שוקו מנעמים 1 ק""",,,"ופל שוקו מנעמים 1 ק""",קילוגרמים,1.00,"ק""ג",false,,16.90,16.9000,true,1,36049
7290000225964,false,פילה סלמון נורווגי 1,,,פילה סלמון נורווגי 1,קילוגרמים,1.00,"ק""ג",true,,49.90,49.9000,true,1,73561
7290000226514,false,עוגת דובוש ריבת חלב 400 גר',קריניציה ויטמינה אס,IL,עוגת היום- דובוש ריב,,450.00,100 גרם,false,,40.90,0.0909,true,1,39919
7290000226545,false,קפולסקי עוגת טורט היער השחור,קפולסקי שיווק וקמעונ,IL,עוגת טורט היער השחור,קילוגרמים,1.10,"ק""ג",false,,65.90,59.9091,true,1,39921
7290000226552,false,קפולסקי עוגת טורט ריבת חלב+ קוקוס קפוא,קפולסקי שיווק וקמעונ,IL,עוגת טורט ריבת חלב ע,קילוגרמים,1.00,"ק""ג",false,,65.90,65.9000,true,1,39922
7290000226569,false,קפולסקי עוגת טורט קצפת שוקולד,קפולסקי שיווק וקמעונ,IL,עוגת טורט קצפת שוקול,קילוגרמים,1.00,"ק""ג",false,,65.90,65.9000,true,1,39923
7290000226613,false,עוגות דובוש מצופה שוקולד 400 גר',קפולסקי שיווק וקמעונ,IL,עוגת דובוש מצופה בטע,,450.00,100 גרם,false,,40.90,0.0909,true,1,39926
7290000238029,false,"בצק עלים צרפתי מרודד מעדנות 1ק""ג",מיוצר עי קונדיטוריית,IL,"בצק עלים 1ק""ג",קילוגרמים,1.00,"ק""ג",false,,17.90,17.9000,true,1,35608
7290000238036,false,מלווח עגול מעדנות 700 ג',מיוצר עי קונדיטוריית,IL,מעדנות מלווח 700גר,,700.00,100 ליטר,false,,15.90,0.0227,true,1,35609
7290000238173,false,מעדנות בורקס גבינה 800גר,מיוצר עי קונדיטוריית,IL,בורקס גבינה מעדנות 8,,800.00,100 ליטר,false,,14.90,0.0186,true,1,35610
7290000238180,false,בורקס תפוחי אדמה מעדנות 800ג',מיוצר עי קונדיטוריית,IL,"בורקס תפו""א 800גר",,800.00,100 ליטר,false,,14.90,0.0186,true,1,35611
7290000243566,false,"שמן קנולה בריאות 750 מ""ל",סקנולה,EE,שמן קנולה בריאות עץ,,750.00,"100 מ""ל",false,,11.90,0.0159,true,1,29343
7290000244761,false,קרם ידיים וולוטה 80 גרם,טרופיקל דגיל קוסמטיק,IL,"קרם ולוטה 80 מ""ל",,100.00,"100 מ""ל",false,,6.90,0.0690,true,1,8092
7290000245089,false,סוד סופט מרכך כביסה סגול 4 ליטר,"הנקל סוד בע""מ",IL,מרכך כביסה סוד סגול,ליטרים,4.00,ליטר,false,,16.90,4.2250,true,1,34874
7290000245157,false,סוד סופט מרכך כביסה סנסיישן 4 ליטר,"הנקל סוד בע""מ",IL,מרכך כביסה סוד סנסיי,ליטרים,4.00,ליטר,false,,16.90,4.2250,true,1,34875
7290000245270,false,"פרסיל אבקת כביסה סופרא 1.250 ק""ג","הנקל סוד בע""מ",IL,אבקת כביסה פרסיל סופ,קילוגרמים,1.25,"ק""ג",false,,15.90,12.7200,true,1,34877
7290000245294,false,"א.כ. פרסיל סופרא שקית 2.5 ק""ג","הנקל סוד בע""מ",IL,אבקת כביסה פרסיל 2.5,קילוגרמים,2.50,"ק""ג",false,,26.90,10.7600,true,1,34879
7290000245478,false,"אבקת כביסה לבגדי תינוקות 1.25 ק""ג סוד","הנקל סוד בע""מ",IL,סוד א.כ בייבי 1.25קג,קילוגרמים,1.25,"ק""ג",false,,12.90,10.3200,true,1,34882
7290000245782,false,סוד סופט מרכך כביסה ורוד 4 ליטר,"הנקל סוד בע""מ",IL,מרכך כביסה סוד ורוד,ליטרים,4.00,ליטר,false,,16.90,4.2250,true,1,34889
7290000245799,false,סוד סופט מרכך כביסה כחול 4 ליטר,"הנקל סוד בע""מ",IL,מרכך כביסה סוד כחול,ליטרים,4.00,ליטר,false,,16.90,4.2250,true,1,34890
7290000249305,false,כרעיים עוף קפוא ארוז,,,כרעיים עוף קפוא ארוז,קילוגרמים,1.00,"ק""ג",true,,26.90,26.9000,true,1,264432
7290000253220,false,שוקולד צ'יפס חום אופנהיימר 260 גר',אופנהיימר,IL,שוקולד צ'יפס אופנהיי,,260.00,100 גרם,false,,10.90,0.0419,true,1,24583
7290000253251,false,שוקולד צ'יפס לבן אופנהיימר 250 גרם,אופנהיימר,IL,שוקולד צ'יפס לבן אופ,,250.00,100 גרם,false,,10.90,0.0436,true,1,24584
7290000254066,false,פילה אמנון 5-7 קפוא,,,פילה אמנון 5-7 קפוא,קילוגרמים,1.00,"ק""ג",true,,27.90,27.9000,true,1,350624
7290000262031,false,נייר טואלט מולט לב 32 גלילים,חוגלה קימברלי,IL,נייר טואלט מולט לב 3,,563.00,מטר,false,,32.90,0.0584,true,1,9050
7290000263359,false,האגיס - פיור נטורל שלב 1 ניו בורן 40 יח',קימברלי קלארק שיווק,IL,האגיס אקסטרא קייר של,יחידה,0.00,יחידה,false,,32.90,0.0000,true,1,9066
7290000272443,false,סירופ עסיס דיאט תפוזים צ.טבעי 1 ל',בית-השיטה עסיס תעשיו,IL,סירופ דיאט תפוז עסיס,יחידה,0.00,יחידה,false,,16.90,0.0000,true,1,18636
7290000272467,false,סירופ עסיס דיאט פטל 1 ליטר,בית-השיטה עסיס תעשיו,IL,סירופ דיאט פטל עסיס,ליטרים,1.00,ליטר,false,,16.90,16.9000,true,1,18637
7290000272696,false,עסיס מיץ לימון טבעי משומר 1 ל' אסם,בית-השיטה עסיס תעשיו,IL,מיץ לימון משומר עסיס,ליטרים,1.00,ליטר,false,,9.50,9.5000,true,1,18638
7290000272726,false,חומץ טבעי 5% עסיס 1 ל' אסם,בית השיטה עסיס תעשיו,IL,חומץ טבעי 5% עסיס 1,ליטרים,1.00,ליטר,false,,5.90,5.9000,true,1,18639
7290000282277,false,שריר הזרוע מס' 8 אר,,,שריר הזרוע מס' 8 אר,קילוגרמים,1.00,"ק""ג",true,,28.90,28.9000,true,1,192955
7290000284316,false,קוקה קולה 1.5 ליטר,קוקה קולה ישראל,IL,קוקה קולה 1.5 ליטר,ליטרים,1.50,ליטר,false,,8.30,5.5333,true,1,6818
7290000286297,false,"סנו אנטי קאלק מסיר אבן מקומקום 700 מ""ל",סנו מפעלי ברונוס בעמ,IL,סנו מסיר אבן מקומקום,,700.00,"100 מ""ל",false,,10.90,0.0156,true,1,29680
7290000286549,false,סנו סושי מטליות לניקוי כללי 9 יח',נועם אורים תעשיות בע,IL,סנו סושי מטליות לכל,יחידה,0.00,יחידה,false,,11.90,0.0000,true,1,29688
7290000286594,false,"סנו איקס לימון במיכל 600 מ""ל",סנו מפעלי ברונוס בעמ,IL,סנו X לימון במיכל 60,,600.00,100 גרם,false,,9.90,0.0165,true,1,29690
7290000286761,false,ניילון נצמד סנו סושי פלסטיק מארז 30X2 מ',מיוצר עי קונדיטוריית,CN,סנו סושי פלסטיק נצמד,,60.00,מטר,false,,11.90,0.1983,true,1,29692
7290000286921,false,"סנוקל רסס וכבס 750 מ""ל",סנו מפעלי ברונוס בעמ,IL,סנוקל רסס כבס,,750.00,"100 מ""ל",false,,12.90,0.0172,true,1,29697
7290000286945,false,"סנו רהיט אקדח מרסס 500מ""ל","סנו מפעלי ברונוס בע""",IL,"סנו רהיט נוזל 500 מ""",,500.00,"100 מ""ל",false,,24.90,0.0498,true,1,29698
7290000286947,false,פילה דג סלמון נורווג,,,פילה דג סלמון נורווג,קילוגרמים,1.00,"ק""ג",true,,84.90,84.9000,true,1,339188
7290000287102,false,"סנו שמפו שטיחים אירוסול 600 מ""ל",מיוצר עי קונדיטוריית,IL,סנו שמפו שטיחים אירו,,600.00,"100 מ""ל",false,,21.90,0.0365,true,1,29700
7290000287409,false,סנובון שלישיה תות 3 יח' *55 ג',סנו מפעלי ברונוס בעמ,IL,סנובון שלישיה תות 3*,,165.00,100 גרם,false,,11.90,0.0721,true,1,29704
7290000287621,false,"מנקה אסלות סנו אנטי קאלק 750 מ""ל,",מיוצר עי קונדיטוריית,IL,סנו אנטי קאלק W.C מנ,,750.00,"100 מ""ל",false,,11.90,0.0159,true,1,29710
7290000288024,false,סנו - ז'אוול אקונומיקה בריח לימון 4 ליטר,"סנו מפעלי ברונוס בע""",IL,סנו ז'אוול בריח לימו,ליטרים,4.00,ליטר,false,,16.90,4.2250,true,1,29715
7290000288086,false,"סנו ז'אוול אבקת ואקונומיקה לימון 600 מ""ל",מיוצר עי קונדיטוריית,IL,אבקת ניקוי ג'אוול לי,,600.00,100 גרם,false,,11.90,0.0198,true,1,29719
7290000288383,false,"סנו K-500 נמלים ותיקנים 630מ""ל",מיוצר עי קונדיטוריית,IL,K - 500,,405.00,"100 מ""ל",false,,19.90,0.0491,true,1,29725
7290000288642,false,סנו - מקסימה מרכך כביסה סנסטיב ורוד 4 ליטר,"סנו מפעלי ברונוס בע""",IL,מרכך כביסה סנו מקסימ,ליטרים,4.00,ליטר,false,,22.90,5.7250,true,1,29730
7290000288727,false,"אבקת כביסה מקסימה מאסק 1.25 ק""ג סנו",סנו,IL,סנו מקסימה מאסק 1.25,קילוגרמים,1.25,"ק""ג",false,,14.90,11.9200,true,1,29733
7290000289069,false,סנו - ז'אוול מרסס קצף ניקוי בתוספת אקונומיקה בריח לימון 1 ליטר,"סנו מפעלי ברונוס בע""",IL,סנו ג'אוול מרסס לימו,ליטרים,1.00,ליטר,false,,17.90,17.9000,true,1,29737
7290000289472,false,סנו סושי שקיות 76*90 50 יח' XXL,מיוצר עי קונדיטוריית,IL,סנו סושי שקיות HD 76,יחידה,0.00,יחידה,false,,20.90,0.0000,true,1,29740
7290000289915,false,"סנו פרש ענק קוקו וניל צהוב 375 מ""ל",סנו,IL,סנו פרש ענק קוקו וני,,375.00,"100 מ""ל",false,,10.90,0.0291,true,1,29749
7290000292533,false,ג'ל סנו כחול לניקוי כללי 1 ליטר,סנו,IL,סנו ג'ל לניקוי כללי,ליטרים,1.00,ליטר,false,,16.90,16.9000,true,1,29759
7290000292564,false,"סנו 2000-K דוחה חרקים ללא ריח 750 מ""ל",מיוצר עי קונדיטוריית,IL,K 2000 סנו ללא ריח,,750.00,"100 מ""ל",false,,31.90,0.0425,true,1,29762
7290000292687,false,סנובון לאסלה כחול אפרסק נתלה 55X3ג',מיוצר עי קונדיטוריית,IL,סנובון כחול שלישיה,,165.00,100 גרם,false,,15.90,0.0964,true,1,29763
7290000292915,false,"סנו רסס ונגב אקדח 750מ""ל","סנו מפעלי ברונוס בע""",IL,סנו רסס ונגב אקדח 75,,750.00,"100 מ""ל",false,,12.90,0.0172,true,1,29765
7290000293073,false,מרכך כביסה מקסימה ביו לבן 4 ל' סנו,"סנו מפעלי ברונוס בע""",IL,מרכך כביסה סנו מקסימ,ליטרים,4.00,ליטר,false,,22.90,5.7250,true,1,29767
7290000293516,false,סנו סופג לחות קופסה,"סנו מפעלי ברונוס בע""",IL,סופג לחות בקופסא,,340.00,"100 מ""ל",false,,27.90,0.0821,true,1,29769
7290000293837,false,"קרמה מן דאודורנט ג'ל אנטיפרספירנט 70 מ""ל",קוסמופארם בעמ,IL,דאודורנט ג'ל קרמה מן,,70.00,"100 מ""ל",false,,13.90,0.1986,true,1,29773
7290000293943,false,סנו אנטי קאלק מסיר אבנית וחלודה 1ל',מיוצר עי קונדיטוריית,IL,סנו אנטי קאלק+מתז 1,ליטרים,1.00,ליטר,false,,19.90,19.9000,true,1,29775
7290000294780,false,סנו - ז'אוול אקונומיקה סמיכה מבושמת 4 ליטר,"סנו מפעלי ברונוס בע""",IL,סנו ז'אוול סמיכה 4 ל,ליטרים,4.00,ליטר,false,,16.90,4.2250,true,1,29781
7290000295121,false,מטליות זיגזג סנו סושי לניקוי רצפות 3יח',עופרטקס,IL,מטלית זיגזג 3יח,יחידה,0.00,יחידה,false,,11.90,0.0000,true,1,29782
7290000295299,false,סנו סושי כריות הפלא רב תכלתיות רביעייה,סנו מפעלי ברונו בעמ,IL,כריות יפניות סנו סוש,יחידה,0.00,יחידה,false,,11.90,0.0000,true,1,29783
7290000295367,false,"מקסימה ז'אוול 2.5ק""ג אבקת כביסה מרכז",הורביץ סחר,IL,אבקת כביסה סנו מקסימ,קילוגרמים,2.50,"ק""ג",false,,26.90,10.7600,true,1,29787
7290000295404,false,סנו סושי שקית אשפה חזקות 70*50 60 יח',מיוצר עי קונדיטוריית,IL,שקיות אשפה נשלפות סנ,יחידה,0.00,יחידה,false,,22.90,0.0000,true,1,29788
7290000295503,false,סנו סושי שקיות אוכל מתכלות זוג *150 יח',"אשפלסט תעשיות בע""מ",CN,סנו סושי צמד שקיות א,יחידה,0.00,יחידה,false,,14.90,0.0000,true,1,29789
7290000295541,false,סנו רב מגבת גמבו 75 דפים בגליל,מיוצר עי קונדיטוריית,IL,סנו רב מגבת גמבו,יחידה,0.00,יחידה,false,,19.90,0.0000,true,1,29790
7290000295558,false,רדיד אלומיניום סנו סושי זוגי 30X7.5מ',מולינו ניקולי s.p.a,TR,צמד רדיד אלומיניום ק,,15.00,מטר,false,,11.90,0.7933,true,1,29791
7290000295565,false,רדיד אלומיניום סנו סושי זוגי 45X7.5מ',בורסה פזרי,TR,רדיד אלומיניום רחב ב,,15.00,מטר,false,,16.90,1.1267,true,1,29792
7290000300884,false,סיימן גבינת צ'דר אנג,,,סיימן גבינת צ'דר אנג,קילוגרמים,1.00,"ק""ג",true,,130.00,130.0000,true,1,16546
7290000300900,false,טבעול שניצל תירס 8*750גרם רכיבים טבעיים,עיצובים 2020 (4.8),IL,שניצל תירס טבעול רכי,,750.00,100 גרם,false,,24.80,0.0331,true,1,19702
7290000313160,false,עוגיות חברים זהבה ו-3 הדובים שוקו' אסם 250 גר',היינץ צפון אמריקה מק,IL,חברים זהבה ושלושת הד,,250.00,100 גרם,false,,8.50,0.0340,true,1,18640
7290000313184,false,עוגיות חברים גן חיות וניל אסם 250 גר',הגביע מוצרי וופלים ב,IL,חברים ביסקויט גן חיו,,250.00,100 גרם,false,,8.50,0.0340,true,1,18641
7290000313290,false,אסם נודלס נודלס אטריות מסולסלות 200גר,תאי פרזידנט פוד בנגק,TH,נודלס אטריות מסולסלו,יחידה,200.00,יחידה,false,,8.90,0.0445,true,1,18643
7290000318127,false,נקניקיות ביס 380 ג' יחיעם,מעדני יחיעם,IL,נקניקיות ביס 380 גרם,,380.00,100 גרם,false,,10.90,0.0287,true,1,15516
7290000318479,false,פרושטו בקר יחיעם 100גר,תאי פרזידנט פוד פאבל,IL,פרושטו בקר יחיעם 100,,100.00,100 גרם,false,,26.90,0.2690,true,1,15523
7290000318677,false,סלמי סרוולט 150 ג' יחיעם,מעדני יחיעם,IL,סלמי סרוולט 150גר יח,,150.00,100 גרם,false,,22.90,0.1527,true,1,15525
7290000318943,false,פסטרמה של פעם 200 גר,תאי פרזידנט פוד פאבל,IL,פסטרמה של פעם 200 גר,,200.00,100 גרם,false,,20.90,0.1045,true,1,15532
7290000319124,false,סלמי סרוולד יחיעם 25,מעדני יחיעם,IL,סלמי סרוולט 250 גרם,,250.00,100 גרם,false,,34.90,0.1396,true,1,15535
7290000319131,false,נקניקיות עוף 400 ג' יחיעם,מעדני יחיעם,IL,נקניקיות עוף יחיעם 4,,400.00,100 גרם,false,,10.90,0.0273,true,1,15536
7290000319520,false,סאלמי צרפתי יחיעם 10,מעדני יחיעם,IL,סאלמי צרפתי יחיעם 10,,100.00,100 גרם,false,,18.90,0.1890,true,1,15544
7290000319803,false,קבנוס קלאסי 125 ג' יחיעם,תאי פרזידנט פוד פאבל,IL,קבנוס קלאסי 125גר,,125.00,100 גרם,false,,9.90,0.0792,true,1,15551
7290000319834,false,קבנוס פפרוני קלאסי 125 ג',תאי פרזידנט פוד פאבל,IL,יחיעם קבנוס פפרוני ק,,125.00,100 גרם,false,,9.90,0.0792,true,1,15552
7290000334387,false,"תפוגן 2 ק""ג כשל""פ בד""צ",,,"תפוגן 2 ק""ג כשל""פ בד",קילוגרמים,2.00,"ק""ג",false,,29.90,14.9500,true,1,19715
7290000334684,false,טבעות בצל 700 גרם תפוגן,"תעשיות תפוגן בע""מ",IL,טבעות בצל 700 גרם,,700.00,100 גרם,false,,16.90,0.0241,true,1,19716
7290000334745,false,"אמריקאן צ'יפס תפוגן 1.5 ק""ג","תעשיות תפוגן בע""מ",IL,"אמריקאן ציפס 1.5 ק""ג",קילוגרמים,1.50,"ק""ג",false,,24.90,16.6000,true,1,19717
7290000345215,false,תה ויסוצקי קלאסיק 100/1 כחול מעודן,מולינו ניקולי s.p.a,IL,תה ויסוצקי קלאסיק 10,,100.00,100 גרם,false,,15.90,0.1590,true,1,24590
7290000345260,false,תה ויסוצקי 25 שקיקים 1.5 גרם,מולינו ניקולי s.p.a,IL,תה ויסוצקי קלאסיק 25,,37.50,100 גרם,false,,6.90,0.1840,true,1,24591
7290000345284,false,תה ויסוצקי קלאסיק טעם עשיר 100/1.5יח',מולינו ניקולי s.p.a,IL,תה ויסוצקי 1.5 קלאסי,,150.00,100 גרם,false,,15.90,0.1060,true,1,24593
7290000345291,false,תה ארל גריי 25 שקיקים ויסוצקי,ויסוצקי,IL,תה ארל גריי 1.5/25,,37.50,100 גרם,false,,15.90,0.4240,true,1,24594
7290000346021,false,חליטת קמומיל בבונג גן קסום 50 שקיקים,בית ויסוצקי,IL,תה קמומיל 50 שקיקים,,75.00,100 גרם,false,,35.90,0.4787,true,1,24601
7290000346120,false,חליטת קסם הקינמון 25 שקיקים גן קסום,HIQ FOOD PRODUCTS,IL,תה קסם הקנמון 25 שקי,,62.50,100 גרם,false,,17.50,0.2800,true,1,24602
7290000346168,false,תה ויסוצקי חליטת שומר הגן הקסום 25יח',HIQ FOOD PRODUCTS,IL,תה חליטת שומר גן קסו,,37.50,100 גרם,false,,17.50,0.4667,true,1,24606
7290000346199,false,חליטת פירות היער 25 שקיקים גן קסום,HIQ FOOD PRODUCTS,IL,תה פירות יער 25 שקיק,,67.50,100 גרם,false,,17.50,0.2593,true,1,24607
7290000346205,false,חליטת קמומיל 25 שקיקים הגן קסום,HIQ FOOD PRODUCTS,IL,תה קמומיל 25 שקיקים,,37.50,100 גרם,false,,17.50,0.4667,true,1,24608
7290000346212,false,תה בטעם מנטה 25 שקיקים גן קסום,HIQ FOOD PRODUCTS,IL,תה מנטה 25 שקיקים,,50.00,100 גרם,false,,17.50,0.3500,true,1,24609
7290000347738,false,תה ירוק נענע 25 שקיקים 1.5 גרם,HIQ FOOD PRODUCTS,IL,תה ירוק נענע 25 שקיק,,37.50,100 גרם,false,,23.90,0.6373,true,1,24614
7290000347752,false,תה ירוק לימונית ולואיזה 25 שקיקים *1.5 ג'' ויסוצקי,HIQ FOOD PRODUCTS,IL,תה ירוק לימונית ולוא,,37.50,100 גרם,false,,23.90,0.6373,true,1,24615
7290000363363,false,קבנוס מיוחד 160 גרםטירת צבי,הנסיך- מפעל לייצור ט,IL,קבנוס מיוחד 160 גרם,,160.00,100 גרם,false,,14.90,0.0931,true,1,25320
7290000363899,false,נקניקיות פיקנטיות טירת צבי 400 גר',טירת- צבי,IL,נקניקיות פיקנטיות 40,,400.00,100 גרם,false,,11.90,0.0298,true,1,25321
7290000364261,false,דקניקים סלסולי כתף בקר 120 ג' טירת צבי,הנסיך- מפעל לייצור ט,IL,סלסולי כתף בקר 120 ג,,120.00,100 גרם,false,,13.90,0.1158,true,1,25324
7290000364285,false,דקניקים סלסולי פסטרמה הודו 120 ג' טירת צבי,הנסיך- מפעל לייצור ט,IL,טירת צבי סלסולי פסטר,,120.00,100 גרם,false,,13.90,0.1158,true,1,25326
7290000364292,false,דקניקים סלסולי פסטרמה הודו על גחלים 120 ג' טירת צבי,הנסיך- מפעל לייצור ט,IL,סלסולי פסטרמה גחלים,,120.00,100 גרם,false,,13.90,0.1158,true,1,25327
7290000364858,false,"נקניקיות עוף טרי 1 ק""ג טירת צבי",הנסיך- מפעל לייצור ט,IL,נקניקיות עוף טרי 1 ק,קילוגרמים,1.00,"ק""ג",false,,22.90,22.9000,true,1,25332
7290000364872,false,נקניקיות עוף 400 גרםטירת צבי,טיב טירת צבי 2000,IL,נקניקיות עוף 400 גרם,,400.00,100 גרם,false,,11.90,0.0298,true,1,25333
7290000367590,false,צמד כפרי סלמי+פסטרמה 800 גרם טירת צבי,טיב טירת צבי 2000,IL,צמד כפרי נק.סלמי+פסט,,800.00,100 ליטר,false,,25.40,0.0317,true,1,25336
7290000369037,false,קוביות בולגרית מתובלות 200 גר,נטורל קייקס,IL,ניצן פטה קוביות בטעמ,,200.00,100 גרם,false,,16.90,0.0845,true,1,6157
7290000369617,false,כדורי מעדן גבינה בשמן 225 ג' ניצן,"ניצן מותגי מזון בע""מ",IL,ניצן כדורי פטה בשמני,,150.00,100 גרם,false,,16.90,0.1127,true,1,6160
7290000369709,false,ניצן חמאה ט.שונים 10,"ניצן מותגי מזון בע""מ",IL,ניצן חמאה ט.שונים 10,,100.00,100 גרם,false,,12.90,0.1290,true,1,6161
7290000370420,false,גבינת גאודה מהולנד 3,,,גבינת גאודה מהולנד 3,קילוגרמים,1.00,"ק""ג",true,,65.00,65.0000,true,1,2791
7290000379258,false,חלת קונדיטורית ארוזה 500 ג' אנג'ל,מאפיית שלמה א. אנג'ל,IL,חלת קונדיטורית אנגל,,500.00,100 גרם,false,,15.90,0.0318,true,1,35383
7290000382210,false,שקיות גופיה ינות בית,,,שקיות גופיה ינות בית,יחידה,0.00,יחידה,false,,0.10,0.0000,true,1,48
7290000382227,false,שקיות גופיה מגה בעיר,,,שקיות גופיה מגה בעיר,יחידה,0.00,יחידה,false,,0.10,0.0000,true,1,49
7290000382289,false,סל נשיאה יינות ביתן,,,סל נשיאה יינות ביתן,יחידה,0.00,יחידה,false,,3.50,0.0000,true,1,52
7290000387043,false,צלעות 22 צרכני חלק ב,,,צלעות 22 צרכני חלק ב,קילוגרמים,1.00,"ק""ג",true,,34.90,34.9000,true,1,2159
7290000402503,false,סטייק אנגוס מיושן ב,,,סטייק אנגוס מיושן ב,קילוגרמים,1.00,"ק""ג",true,,74.90,74.9000,true,1,46891
7290000408316,false,יוגורט דנונה דל לקטוז 200 גרם,מיוצר עי קונדיטוריית,IL,דנונה טבעי 3% 200מל,,200.00,"100 מ""ל",false,,3.90,0.0195,true,1,23238
7290000408354,false,יוגורט עם אורז מצופה שוקולד קקאו 175 ג' דנונה,"שטראוס בריאות בע""מ",IL,דנונה קראנצ' פצפוצים,,175.00,"100 מ""ל",false,,4.90,0.0280,true,1,23239
7290000410874,false,מעדני הטלה רבעי פרגי,,,רבעי פרגיות מלוח,קילוגרמים,1.00,"ק""ג",true,,49.80,49.8000,true,1,16589
7290000412481,false,סנו - מנקה אסלות 00 1 ליטר,מיוצר עי קונדיטוריית,IL,מנקה אסלות 1 ליטר 00,ליטרים,1.00,ליטר,false,,7.90,7.9000,true,1,29800
7290000416021,false,ממרח שוקולד השחר חלבי 500 גר',השחר העולה,IL,ממרח שוקולד השחר 500,,500.00,100 ליטר,false,,13.90,0.0278,true,1,28854
7290000416045,false,ממרח שוקולד השחר דלי,השחר העולה תעשייות מ,IL,ממרח שוקולד השחר 1 ק,קילוגרמים,1.00,"ק""ג",false,,24.90,24.9000,true,1,28856
7290000416076,false,צימקאו שוקולד לבישול ואפיה 400 גרם,השחר העולה תעשייות מ,IL,צימקאו לאפיה 400 גר',,400.00,100 גרם,false,,10.90,0.0273,true,1,28857
7290000416618,false,"ממרח שוקולד השחר פרווה בד""צ 400 גר'",השחר העולה תעשייות מ,IL,ממרח שוקולד פרווה הש,,400.00,100 ליטר,false,,11.90,0.0298,true,1,28864
7290000416632,false,"ממרח שוקולד השחר פרווה 1ק""ג",השחר העולה תעשית ממת,IL,ממרח שוקולד פרווה הש,קילוגרמים,1.00,"ק""ג",false,,23.90,23.9000,true,1,28865
7290000416854,false,אבקת קקאו השחר העולה 150ג',השחר העולה תעשייות מ,IL,קקאו 150 גר',,150.00,100 גרם,false,,8.90,0.0593,true,1,28868
7290000419107,false,לנדוור מקורי - קפה טחון טורקי 100 גרם,קפה לנדוור בע''מ,IL,לנדוור מקורי קפה טחו,,100.00,100 גרם,false,,7.90,0.0790,true,1,18644
7290000419220,false,לנדוור כחול המקורי קפה טחון טורקי 3*100 גרם 16 יח',קפה לנדוור,IL,לנדוור כחול המקורי ק,,300.00,100 גרם,false,,17.90,0.0597,true,1,18646
7290000419374,false,לנדוור לבוקר קפה טחון טורקי 3*100 גרם 16 יח',קפה לנדוור,IL,לנדוור לבוקר קפה טחו,,300.00,100 גרם,false,,17.90,0.0597,true,1,18647
7290000436707,false,סטייק עין ורד הצלע מ,,,סטייק עין ורד הצלע מ,קילוגרמים,1.00,"ק""ג",true,,59.90,59.9000,true,1,125727
7290000450209,false,נתחי טונה פוסידון בשמן 110 ג',"מיוצר עי וליגר בעמ,",IL,טונה בשמן פוסידון 1,,108.00,100 גרם,false,,5.90,0.0546,true,1,16789
7290000453019,false,שמרים טריים לאפייה שקית שמרית 50 ג',"פאקא תעשיות בע""מ",IL,שמרית שמרים טריים לא,,50.00,100 גרם,false,,4.50,0.0900,true,1,23240
7290000453125,false,שמרית שמרים טריים לאפייה +משפר אפייה 100ג,"פאקא תעשיות בע""מ",IL,שמרית שמרים טריים לא,,100.00,100 גרם,false,,7.70,0.0770,true,1,23241
7290000453415,false,בצק עלים מצונן ומוכן לאפייה שמרית,"פאקא תעשיות בע""מ",FR,שמרית בצק עלים מצונן,,300.00,100 גרם,false,,15.90,0.0530,true,1,23243
7290000453422,false,בצק פילו מצונן ומוכן לאפייה שמרית,"פאקא תעשיות בע""מ",FR,שמרית בצק פילו מוכן,,300.00,100 גרם,false,,15.90,0.0530,true,1,23244
7290000453798,false,שמרית שמרים יבשים אקטיביים 500 גר',"גי' בי' רכיבים בע""מ",IL,שמרים יבשים אקטיביים,,500.00,100 ליטר,false,,12.90,0.0258,true,1,22195
7290000453866,false,נטורינה קוקוס לאפייה שמרית 200ג',גרונבאנג- גרונדנסק א,IL,נטורינה קוקוס שטראוס,,200.00,100 גרם,false,,7.70,0.0385,true,1,23245
7290000453897,false,מרגרינה בטעם חמאה שימרית 200 ג',גרונבאנג- גרונדנסק א,IL,מרגרינה בטעם חמאה 20,,200.00,100 גרם,false,,4.90,0.0245,true,1,23248
7290000461047,false,סיימן ברי לה רוסטיק,,,סיימן ברי לה רוסטיק,קילוגרמים,1.00,"ק""ג",true,,199.00,199.0000,true,1,16591
7290000462103,false,סחוג אדום חריף עדין (מכסה לבן) 150 גרם,קריניסה ויטמין אס אי,IL,סחוג אדום חריף עדין,,150.00,100 גרם,false,,7.90,0.0527,true,1,23249
7290000462141,false,סחוג אדום חריף מאוד (מכסה אדום) 150 גרם,קריניסה ויטמין אס אי,IL,סחוג אדום חריף מאוד,,150.00,100 גרם,false,,7.90,0.0527,true,1,23250
7290000462172,false,סחוג ירוק חריף מאוד מ.ירוק 150 גרם,קריניסה ויטמין אס אי,IL,סחוג ירוק חריף מאוד,,150.00,100 גרם,false,,7.90,0.0527,true,1,23252
7290000467153,false,צבר חומוס סמיר הגדול 400גר,סלטי צבר,IL,צבר חומוס סמיר הגדול,,400.00,100 גרם,false,,13.90,0.0348,true,1,19728
7290000469128,false,סטייק אנטריקוט חלק א,,,סטייק אנטריקוט חלק א,קילוגרמים,1.00,"ק""ג",true,,74.90,74.9000,true,1,271068
7290000474076,false,חלב 3% טרה 1ל' קרטון מהדרין,טרה,IL,טרה חלב בקרטון 3% 1,ליטרים,1.00,ליטר,false,,6.23,6.2300,true,1,6344
7290000474502,false,גבינה לבנה 5% 250ג' טרה מהדרין,טרה,IL,טרה גבינה לבנה 5% 25,,250.00,100 גרם,false,,4.98,0.0199,true,1,6354
7290000474540,false,גבינה טוב טעם 3% טרה 250ג' מהדרין,טרה,IL,טוב טעם גבינה 3% 250,,250.00,100 גרם,false,,11.50,0.0460,true,1,6355
7290000474830,false,גבינה צהובה מגורדת 28% שומן 500 ג' נעם,מילקו תעשיות בעמ,IL,נעם גבינה צהובה מגור,,500.00,100 גרם,false,,31.90,0.0638,true,1,6356
7290000480107,false,קוואקר שיבולת שועל פחית 500 גר',וולקרס סנקס לימיטד,GB,"קוואקר מהיר אטוס לל""",,500.00,100 גרם,false,,12.90,0.0258,true,1,24152
7290000480442,false,קוואקר שיבולת שועל שקית 500 גר',פריטו ליי FRITO-LAY,IL,שיבולת שועל בשקית קו,,500.00,100 גרם,false,,11.90,0.0238,true,1,24153
7290000481029,false,עשיריית פיתות תנעמי,יוניליוור גרמניה Gm,IL,פיתות 10 יחידות בטעם,קילוגרמים,1.00,"ק""ג",false,,10.90,10.9000,true,1,57390
7290000481043,true,עשיריית פיתות כוסמין,,,עשיריית פיתות כוסמין,,700.00,100 גרם,false,,14.90,0.0213,true,1,134863
7290000481074,false,לחם משלושה קמחים מלאים 750 גר,דגנית עין בר,IL,לחם טריו מלא דגנית 7,,750.00,100 גרם,false,,19.90,0.0265,true,1,302851
7290000481531,false,דגנית עין בר לחמניות אצבע מחיטה מלאה בשקית 750 ג',יוניליוור גרמניה Gm,IL,לחמניות 10 יחידות חי,,750.00,100 גרם,false,,13.90,0.0185,true,1,4462
7290000481883,false,דגנית עין בר מארז לחמניות 10 יח'*75 ג',יוניליוור גרמניה Gm,IL,10 לחמניות דגנית,,750.00,100 ליטר,false,,13.90,0.0185,true,1,4466
7290000484747,false,עראק עלית 700 מל 40% כהל,יקב הגליל שווק בעמ,IL,"עלית הארק 40% 700 מ""",,700.00,"100 מ""ל",false,,59.90,0.0856,true,1,28889
7290000490311,false,קרמבו מנבו וניל 144 ג',,,מנבו וניל 6 יחידות,,144.00,100 גרם,false,,10.90,0.0757,true,1,36057
7290000490601,false,מאגדת גלידל וניל 8 יח דיאט,הגלידות של פלדמן,IL,גלידל מאגדת בטעם וני,,400.00,100 גרם,false,,31.90,0.0797,true,1,36059
7290000490717,false,מאגדת גלית- שלגון חלבי בטעם וניל עם ציפו,הגלידות של פלדמן,IL,גלית שרבט בטעם תות 8,,560.00,100 גרם,false,,24.90,0.0445,true,1,36060
7290000493176,false,אבקת רוטב צלי לבשר 22ג' אסם,"אסם השקעות בע""מ",IL,אסם אבקת רוטב צלי לב,,22.00,100 גרם,false,,3.90,0.1773,true,1,18680
7290000496360,false,פילה בקלה דרום אפרי,,,פילה בקלה דרום אפרי,קילוגרמים,1.00,"ק""ג",true,,43.90,43.9000,true,1,190615
7290000504025,false,סוכרזית פטריה 300 טבליות,אף.סי תבליני בגליל ב,IL,סוכרזית פטריה 300 טב,,246.00,100 גרם,false,,7.90,0.0321,true,1,22202
7290000504049,false,סוכרזית קנקן 1200 טבליות,אף.סי תבליני בגליל ב,IL,סוכרזית קנקן 1200 טב,,984.00,100 גרם,false,,17.90,0.0182,true,1,22203
7290000504209,false,"סוכרזית דיאט טיפ נוזלי 220 מ""ל",אף.סי תבליני בגליל ב,IL,דיאט טיפ-ממתיק,,220.00,"100 מ""ל",false,,14.90,0.0677,true,1,22204
7290000504278,false,סוכרזית - קלאסי פטנט 700 טבליות,אף.סי תבליני בגליל ב,IL,סוכרזית פטנט 700 טבל,,574.00,100 גרם,false,,13.90,0.0242,true,1,22206
7290000511904,false,בייבי אדם הולנד וילי,,,בייבי אדם הולנד וילי,קילוגרמים,1.00,"ק""ג",true,,65.00,65.0000,true,1,2803
7290000518176,false,מתוק וקל ענק 250 שקיות,מתוק וקל בעמ,IL,מתוק וקל ענק 250 שקי,,250.00,100 גרם,false,,16.90,0.0676,true,1,15786
7290000518220,false,סוכרה דיאט ממתיק 100 שקיות,פתח תקווה,IL,סוכרה דיאט 100 יח,,80.00,100 גרם,false,,24.90,0.3112,true,1,15788
7290000518251,false,מתוק וקל ממתיק זהב 100 שקיות,פתח תקווה,IL,מתוק וקל זהב 100 שקי,,100.00,100 גרם,false,,10.90,0.1090,true,1,15790
7290000521022,false,סגל לבן חצי יבש 750 מל פקדון,"מיוצר ע""י כרמי צבי-",IL,סגל לבן חצי יבש 750,,750.00,"100 מ""ל",false,,21.90,0.0292,true,1,9382
7290000523125,false,מלח הארץ הים האדום 250 ג' עדין,חברת מלח הארץ אילת ב,IL,מלח ים יבש הארץ 250,,250.00,100 ליטר,false,,5.40,0.0216,true,1,24617
7290000523224,false,מלח הארץ הים האדום 500 ג' עדין,חברת מלח הארץ אילת ב,IL,מלח ים יבש הארץ 500,,500.00,100 ליטר,false,,7.90,0.0158,true,1,15457
7290000523521,false,מלח ים מועשר ביוד 250 ג' מלח הארץ,חברת מלח הארץ אילת ב,IL,מלח מעושר ביוד הארץ,,250.00,100 גרם,false,,5.90,0.0236,true,1,24618
7290000523804,false,"מלח עדין צנצנת 1 ק""ג מלח הארץ",חברת מלח הארץ אילת ב,IL,מלח עדין בצנצנת הארץ,קילוגרמים,1.00,"ק""ג",false,,7.50,7.5000,true,1,24619
7290000523811,false,"צנצנת מלח גס 1 ק""ג מלח הארץ",חברת מלח הארץ אילת ב,IL,מלח גס בצנצנת הארץ 1,קילוגרמים,1.00,"ק""ג",false,,7.50,7.5000,true,1,24620
7290000525969,false,פרימור סחוט תפוזים טבעי 1ל',"גניר (1992) בע""מ",IL,פרימור מיץ תפוזים 1ל,ליטרים,1.00,ליטר,false,,15.70,15.7000,true,1,23256
7290000530086,false,נקניק סלמי מעושן 600 ג' זוגלובק,זוגלובק,IL,סלמי מעושן 7000 א.מ.,,600.00,100 גרם,false,,33.00,0.0550,true,1,38915
7290000530109,false,קבנוס זוגי בואקום זוגלובק 180ג',זוגלובק,IL,זוג קבנוס בוואקום 36,,360.00,100 גרם,false,,24.90,0.0692,true,1,38916
7290000530291,false,נקניק מבשר הודו קטן 800 ג' זוגלובק,זוגלובק,IL,זוגלובק נקניק מבשר ה,,800.00,100 גרם,false,,18.90,0.0236,true,1,38919
7290000530468,false,נקניקיות וינר זוגלוב,זוגלובק,IL,נקניקיות וינר טרי 1ק,קילוגרמים,1.00,"ק""ג",false,,24.90,24.9000,true,1,38921
7290000530598,false,נקניקיות וינר 500 ג' טרי זוגלובק,זוגלובק,IL,נקניקיות וינר טרי זו,,500.00,100 גרם,false,,11.90,0.0238,true,1,38924
7290000530703,false,זוג במארז חרמון הודו + סלמי תה זוגלובק 800 גר',זוגלובק,IL,זוג תה 400 + חרמון 4,,800.00,100 ליטר,false,,27.90,0.0349,true,1,38926
7290000533353,false,"בצק עלים צרפתי 1 ק""ג זוגלובק",מאפיית אריאל וגידרון,IL,זוגלובק בצק עלים 1קג,קילוגרמים,1.00,"ק""ג",false,,13.90,13.9000,true,1,38931
7290000537566,false,נקניקיות עוף טרי 400 ג' זוגלובק,זוגלובק,IL,נקניקיות עוף טרי 400,,400.00,100 גרם,false,,11.50,0.0288,true,1,38943
7290000537603,false,נקניקיות עוף זוגלובק,זוגלובק,IL,"נקנקיות עוף 1 ק""ג -ז",קילוגרמים,1.00,"ק""ג",false,,24.90,24.9000,true,1,38944
7290000538709,false,סלמי תה מעושן 200 ג' זוגלובק,זוגלובק,IL,תה מעושן 200 גרם,,200.00,100 ליטר,false,,14.90,0.0745,true,1,38949
7290000540009,false,סכין יפני צר כריכה מתכת,,IN,מדליק פחם שקד ראש גפ,יחידה,0.00,יחידה,false,,5.90,0.0000,true,1,268519
7290000552194,false,קישקע קפוא 500 גרם,טיבון ויל אחזקות בעמ,IL,קישקע קפוא 500 גרם,,500.00,100 גרם,false,,12.90,0.0258,true,1,16793
7290000552569,false,סטייק בורגר נטו 400 גרם,"טיבון ויל אחזקות בע""",IL,סטייק בורגר 400 ג'-ט,,400.00,100 גרם,false,,16.90,0.0422,true,1,16794
7290000554402,false,מלבי מעדן חלב גד 170,"מיוצר ע""י קוד יצרן E",IL,"גד מלבי 160 מ""ל",,160.00,"100 מ""ל",false,,6.40,0.0400,true,1,14621
7290000554457,false,גבינה צפתית מיני 5% גד 350ג',"מחלבות גד בע""מ",IL,גד צפתית מיני 5% 350,,350.00,100 גרם,false,,21.90,0.0626,true,1,14622
7290000554471,false,גבינת מוצרלה 22% נקניק 180ג' גד,"מחלבות גד בע""מ",IL,גד מוצרלה נקניק טבעי,,180.00,100 גרם,false,,17.50,0.0972,true,1,14623
7290000554532,false,גבינה צפתית מעודנת במלח ים 5% 200 ג' גד,הנסיך- מפעל לייצור ט,IL,גד צפתית מעודנת במלח,,200.00,100 גרם,false,,15.80,0.0790,true,1,14624
7290000554686,false,לאבנה שמן זית וזעתר 5% 250 גרם - רבנות,מחלבות גד בעמ,IL,גד לאבנה בשמן זית וז,,250.00,100 גרם,false,,15.50,0.0620,true,1,14627
7290000554822,false,גבינת ריקוטה טבעי 5% שומן 250 ג' גד,מחלבות גד בעמ,IL,גד ריקוטה טבעי 5% 25,,250.00,100 גרם,false,,14.90,0.0596,true,1,14629
7290000554839,false,שמנת מתוקה קשה בסגנון איטלקי 40% שומן 250 ג' גד,מחלבות גד בעמ,IL,גד מסקרפונה 40% 250ג,,250.00,100 גרם,false,,22.90,0.0916,true,1,14630
7290000560540,false,אדג' ג'ל כתום לעור רגיש 198גרם,המאפיה של הרמן,US,ג'ל גילוח כתום לעור,,200.00,"100 מ""ל",false,,12.90,0.0645,true,1,5741
7290000561097,false,תערובת פיצוחים 150 ג,,,תערובת פיצוחים 150 ג,,150.00,100 גרם,false,,17.90,0.1193,true,1,1420
7290000561141,false,מיקס אגוזים טבעי 15,,,מיקס אגוזים טבעי 15,,150.00,100 גרם,false,,14.90,0.0993,true,1,1422
7290000561202,false,גרעין חמניה קלוי 200,,,גרעין חמניה קלוי 200,,200.00,100 גרם,false,,6.90,0.0345,true,1,1427
7290000561240,false,גרעין דלעת קלוי 200ג,,,גרעין דלעת קלוי 200ג,,200.00,100 גרם,false,,9.90,0.0495,true,1,1430
7290000561363,false,גרעין אבטיח קלוי 200,,,גרעין אבטיח קלוי 200,,200.00,100 גרם,false,,13.90,0.0695,true,1,1438
7290000561714,false,צנובר 100 גרם,,,צנובר 100 גרם,,100.00,100 גרם,false,,24.90,0.2490,true,1,1452
7290000572529,false,חלבה פיסטוק מגש אחווה 400ג',אחדות ביחר לטחינה חל,IL,חלוה אגוז אחוה 400 ג,,400.00,100 גרם,false,,13.90,0.0348,true,1,680
7290000572536,false,אחווה חלווה ווניל במגש 400 גר,אחדות ביחר לטחינה חל,IL,חלוה וניל אחוה 400 ג,,400.00,100 גרם,false,,11.90,0.0298,true,1,681
7290000572543,false,חלבה שוקו וניל אחווה 400ג',אחדות ביחר לטחינה חל,IL,חלוה בטעם שוקו וניל,,400.00,100 גרם,false,,11.90,0.0298,true,1,682
7290000574035,false,לחם אחיד פרוס 750ג' דגנית עין בר,יוניליוור גרמניה Gm,IL,לחם אחיד פרוס דגנית,,750.00,100 ליטר,false,,7.11,0.0095,true,1,4472
7290000574066,false,לחם מלא פלוס שיפון 750 ג' דגנית עין בר,יוניליוור גרמניה Gm,IL,לחם מלא עם שיפון דגנ,יחידה,0.00,יחידה,false,,14.90,0.0000,true,1,4474
7290000574141,false,לחם חיטה מלא 750ג' דגנית עין בר,דגנית עין בר תעשיות,IL,לחם חיטה מלאה דגנית,,750.00,100 ליטר,false,,14.90,0.0199,true,1,4478
7290000574172,false,לחם קל מחיטה מלאה 750 ג' דגנית עין בר,יוניליוור גרמניה Gm,IL,לחם קל חיטה מלאה דגנ,,750.00,100 ליטר,false,,13.90,0.0185,true,1,4480
7290000574455,false,לחם חיטה מלא פלוס כוסמין 750 ג' דגנית עין בר,דגנית עין בר,IL,לחם חיטה מלא+כוסמין,,750.00,100 גרם,false,,14.90,0.0199,true,1,4492
7290000610549,false,פילה מדומה 6 חלק אור,,,פילה מדומה 6 חלק אור,קילוגרמים,1.00,"ק""ג",true,,39.90,39.9000,true,1,267841
7290000611299,false,פילה נסיכת הנילוס 50,,,פילה נסיכת הנילוס 50,קילוגרמים,1.00,"ק""ג",true,,69.90,69.9000,true,1,311524
7290000614528,false,צלי כתף מס' 5 חלק אר,,,צלי כתף מס' 5 חלק אר,קילוגרמים,1.00,"ק""ג",true,,69.90,69.9000,true,1,228005
7290000614535,false,פילה מדומה מס' 6 חלק,,,פילה מדומה מס' 6 חלק,קילוגרמים,1.00,"ק""ג",true,,37.90,37.9000,true,1,228019
7290000614559,false,שריר הזרוע מס' 8 חלק,,,שריר הזרוע מס' 8 חלק,קילוגרמים,1.00,"ק""ג",true,,29.90,29.9000,true,1,228033
7290000614580,false,בשר לחמין חלק ארוז,,,בשר לחמין חלק ארוז,קילוגרמים,1.00,"ק""ג",true,,29.90,29.9000,true,1,228047
7290000628194,false,שריר הזרוע 8 חלק ברז,,,שריר הזרוע 8 חלק ברז,קילוגרמים,1.00,"ק""ג",true,,29.90,29.9000,true,1,81940
7290000632220,false,שריר הזרוע 8 מוכשר ב,,,שריר הזרוע 8 מוכשר ב,קילוגרמים,1.00,"ק""ג",true,,29.90,29.9000,true,1,52433
7290000644783,false,סלמון מנות רביעיה תנ,טרוטל,NO,דגי תנובה נתחי פילה,קילוגרמים,1.00,"ק""ג",true,,89.90,89.9000,true,1,26480
7290000646299,false,פילה נסיכת הנילוס קפוא,דגי תנובה,ZA,פילה נסיכה 100% דגי,קילוגרמים,1.00,"ק""ג",true,,54.90,54.9000,true,1,159740
7290000652177,false,נתחי פילה נסיכת הנילוס קפוא,,,נתחי פילה נסיכה 100%,קילוגרמים,1.00,"ק""ג",true,,69.90,69.9000,true,1,92865
7290000652542,false,פילה אמנון 5-7 100% דג,,CN,פילה אמנון 5-7 100%,קילוגרמים,1.00,"ק""ג",true,,34.90,34.9000,true,1,92837
7290000654546,false,פילה אמנון קפוא 100% דג,תנובה,IL,פילה אמנון 7-9 100%,קילוגרמים,1.00,"ק""ג",true,,34.90,34.9000,true,1,92839
7290000655376,false,פילה דניס קפוא שקיל,,TR,פילה דניס קפוא,קילוגרמים,1.00,"ק""ג",true,,89.90,89.9000,true,1,26486
7290000658926,false,פילה מרלוזה קפוא 100% דג,תנובה,AR,פילה מרלוזה קפוא 100,קילוגרמים,1.00,"ק""ג",true,,32.90,32.9000,true,1,26489
7290000659312,false,דגי תנובה פילה סלומון קפוא בוואקום,PEQUERA DEL,IL,דגי תנובה פילה סלמון,קילוגרמים,1.00,"ק""ג",true,,69.90,69.9000,true,1,26490
7290000662213,false,נתח פילה סלמון תנובה,הרמס,NO,נתח פילה סלמון קפוא,קילוגרמים,1.00,"ק""ג",true,,89.90,89.9000,true,1,26492
7290000662817,false,סלמון מעושן 100 גרם נורבגי,,צ'ילה (TDE),סלמון מעושן פרוס 100,,100.00,100 גרם,false,,18.90,0.1890,true,1,134442
7290000663036,false,פילה אמנון קפוא ללא עור 100% דג תנובה,תנובה,IL,פילה אמנון ללא עור 1,קילוגרמים,1.00,"ק""ג",true,,44.90,44.9000,true,1,159726
7290000679370,false,גרון הודו נקבה ארוז,,,גרון הודו נקבה ארוז,קילוגרמים,1.00,"ק""ג",true,,29.90,29.9000,true,1,49888
7290000679440,false,קמיל בלו משחה לתינוק 100 גרם,פישר מעבדות פרמצבטיו,IL,משחה לתינוק קמיל בלו,,100.00,100 גרם,false,,16.90,0.1690,true,1,29045
7290000680123,false,כנפיים עוף טרי ארוז,,,כנפיים עוף טרי ארוז,קילוגרמים,1.00,"ק""ג",true,,10.00,10.0000,true,1,49901
7290000680130,false,שוקיים עוף טרי ארוז,,,שוקיים עוף טרי ארוז,קילוגרמים,1.00,"ק""ג",true,,27.90,27.9000,true,1,49902
7290000680147,false,כרעיים עוף טרי ארוז,,,כרעיים עוף טרי ארוז,קילוגרמים,1.00,"ק""ג",true,,26.90,26.9000,true,1,49903
7290000680161,false,חזה עוף שלם טרי ארוז,,,חזה עוף שלם טרי ארוז,קילוגרמים,1.00,"ק""ג",true,,31.90,31.9000,true,1,49905
7290000680178,false,ירכיים עוף טרי ארוז,,,ירכיים עוף טרי ארוז,קילוגרמים,1.00,"ק""ג",true,,26.90,26.9000,true,1,49906
7290000680185,false,פילה עוף טרי ארוז,,,פילה עוף טרי ארוז,קילוגרמים,1.00,"ק""ג",true,,34.90,34.9000,true,1,49907
7290000680444,false,עוף שלם טרי ארוז,,,עוף שלם טרי ארוז,קילוגרמים,1.00,"ק""ג",true,,18.90,18.9000,true,1,49909
7290000680451,false,כבד עוף טרי ארוז.,,,כבד עוף טרי ארוז.,קילוגרמים,1.00,"ק""ג",true,,19.90,19.9000,true,1,49910
7290000680475,false,לבבות עוף טרי ארוז,,,לבבות עוף טרי ארוז,קילוגרמים,1.00,"ק""ג",true,,26.90,26.9000,true,1,49912
7290000680482,false,פרגית עוף טרי ארוז ש,,,פרגית עוף טרי ארוז ש,קילוגרמים,1.00,"ק""ג",true,,59.90,59.9000,true,1,49913
7290000680529,false,שניצל עוף טרי ארוז,,,שניצל עוף טרי ארוז,קילוגרמים,1.00,"ק""ג",true,,36.90,36.9000,true,1,49915
7290000680536,false,סטייק פרגית טרי כרע,,,סטייק פרגית טרי כרע,קילוגרמים,1.00,"ק""ג",true,,44.90,44.9000,true,1,49916
7290000681298,false,חזה עוף טרי מחפוד אר,,,חזה עוף טרי מחפוד אר,קילוגרמים,1.00,"ק""ג",true,,32.90,32.9000,true,1,49918
7290000681304,false,כרעיים עוף טרי מחפוד,,,כרעיים עוף טרי מחפוד,קילוגרמים,1.00,"ק""ג",true,,32.90,32.9000,true,1,49919
7290000681311,false,ירכיים עוף טרי מחפוד,,,ירכיים עוף טרי מחפוד,קילוגרמים,1.00,"ק""ג",true,,32.90,32.9000,true,1,49920
7290000681328,false,מחפוד שוקיים עוף טרי,,,מחפוד שוקיים עוף טרי,קילוגרמים,1.00,"ק""ג",true,,36.90,36.9000,true,1,49921
7290000681335,false,פרגיות עוף טרי מחפוד,,,פרגיות עוף טרי מחפוד,קילוגרמים,1.00,"ק""ג",true,,74.90,74.9000,true,1,49922
7290000681342,false,לבבות עוף טרי מחפוד,,,לבבות עוף טרי מחפוד,קילוגרמים,1.00,"ק""ג",true,,34.90,34.9000,true,1,49923
7290000681359,false,כבד עוף טרי ארוז מחפ,,,כבד עוף טרי ארוז מחפ,קילוגרמים,1.00,"ק""ג",true,,32.90,32.9000,true,1,49924
7290000681366,false,כנפיים עוף מחפוד ב-ק,,,כנפיים עוף מחפוד ב-ק,קילוגרמים,1.00,"ק""ג",true,,13.90,13.9000,true,1,49925
7290000681373,false,גרון עוף טרי מחפוד א,,,גרון עוף טרי מחפוד א,קילוגרמים,1.00,"ק""ג",true,,9.90,9.9000,true,1,49926
7290000681380,false,שניצל עוף טרי מחפוד,,,שניצל עוף טרי מחפוד,קילוגרמים,1.00,"ק""ג",true,,34.90,34.9000,true,1,49927
7290000688084,false,מי עדן בקבוק ספורט 5,מופק ממקור בזלתי עדן,IL,מי עדן 1/2 ליטר ספור,,500.00,"100 מ""ל",false,,2.90,0.0058,true,1,11459
7290000688374,false,"שישיית מי עדן קטקטים 250 מ""ל","מי עדן בע""מ",IL,"מי עדן בייבי 330 מ""ל",ליטרים,1.98,ליטר,false,,14.90,7.5253,true,1,11462
7290000688381,false,שישיית מי עדן פקק ספורט 0.5 ליטר,"מי עדן בע""מ",IL,מי עדן פקק ספורט 6*5,ליטרים,3.00,ליטר,false,,13.90,4.6333,true,1,11463
7290000688466,false,מי עדן GYM בקבוק ספו,מופק ממקור בזלתי עדן,IL,מי עדן ג'ים 750מל,,750.00,"100 מ""ל",false,,2.90,0.0039,true,1,11465
7290000688503,false,"שישיית מי עדן ג'ים 750 מ""ל","מי עדן בע""מ",IL,מי עדן ג'ים 6*750מל,ליטרים,4.50,ליטר,false,,15.90,3.5333,true,1,11466
7290000688732,false,שישיית מי עדן 1.5 ליטר משפחתי,"מי עדן בע""מ",,מי עדן 6*1.5 ליטר,ליטרים,9.00,ליטר,false,,11.10,1.2333,true,1,11471
7290000692456,false,אג'קס חלונות זוג 750*2 מל ספריי ורפיל,הנסיך- מפעל לייצור ט,GR,אגקס חלונות זוג,ליטרים,1.50,ליטר,false,,24.90,16.6000,true,1,21416
7290000740212,false,נקניקיות ג'מבו שקיל,,,נקניקיות ג'מבו שקיל,קילוגרמים,1.00,"ק""ג",true,,19.90,19.9000,true,1,38910
7290000835954,false,פילה אמנון 5-7 בוואק,,,פילה אמנון 5-7 בוואק,קילוגרמים,1.00,"ק""ג",true,,26.90,26.9000,true,1,71534
7290000835961,false,פילה אמנון 7-9 בוואק,,,פילה אמנון 7-9 בוואק,קילוגרמים,1.00,"ק""ג",true,,29.90,29.9000,true,1,71535
7290000910291,false,פלפל צ`ילי,,,פלפל צ`ילי,,100.00,100 גרם,false,,7.90,0.0790,true,1,46574
7290000977650,false,פיסטוק מקולף,,,פיסטוק מקולף,קילוגרמים,1.00,"ק""ג",true,,154.00,154.0000,true,1,31678
7290000978871,false,חמוציות ללא סוכר,דין שיווק,IL,חמוציות ללא סוכר,קילוגרמים,1.00,"ק""ג",true,,80.00,80.0000,true,1,31681
7290000982393,false,סיימן ברס בלו במשקל,,,סיימן ברס בלו במשקל,קילוגרמים,1.00,"ק""ג",true,,199.00,199.0000,true,1,16640
7290001041147,false,חומוס גדול יבש מיה 1 ק'ג,"מיה תעשיות מזון בע""מ",IL,חומוס 1 ק'ג,קילוגרמים,1.00,"ק""ג",false,,11.90,11.9000,true,1,14848
7290001041161,false,"שעועית לבנה יבשה מיה 1 ק""ג","מיה תעשיות מזון בע""מ",IL,שעועית 1 ק'ג,קילוגרמים,1.00,"ק""ג",false,,14.90,14.9000,true,1,14850
7290001041185,false,"פופקורן גרעינים מיה 1 ק""ג","מיה תעשיות מזון בע""מ",IL,פופקורן 1 ק'ג,קילוגרמים,1.00,"ק""ג",false,,9.90,9.9000,true,1,14852
7290001041192,false,"עדשים אדומים יבשים מיה 1 ק""ג","מיה תעשיות מזון בע""מ",IL,עדשים אדומות 1 ק'ג,קילוגרמים,1.00,"ק""ג",false,,10.90,10.9000,true,1,14853
7290001041208,false,"עדשים ירוקים יבשים מיה 1 ק""ג","מיה תעשיות מזון בע""מ",IL,עדשים ירוקות 1 ק'ג,קילוגרמים,1.00,"ק""ג",false,,12.90,12.9000,true,1,14854
7290001041222,false,"חומוס לבן ענק יבש מיה 1 ק""ג","מיה תעשיות מזון בע""מ",IL,חומוס לבן ענק 1 ק'ג,קילוגרמים,1.00,"ק""ג",false,,17.90,17.9000,true,1,14856
7290001041260,false,שומשום מיה 400 גרם,"מיה תעשיות מזון בע""מ",IL,שומשום מיה 400 גרם,,400.00,100 גרם,false,,11.90,0.0298,true,1,14857
7290001041277,false,פירורי לחם רגיל מיה 400ג ',,,פרורי לחם 400 גרם,,400.00,100 גרם,false,,5.90,0.0148,true,1,14858
7290001041291,false,לקקן סוכריה על מקל 70יח',מיה תעשיות מזון בעמ,IL,לקקנים סוכריות על מק,,70.00,100 גרם,false,,16.90,0.2414,true,1,14860
7290001045169,false,פרימור סחוט תפוחי עץ צלול 1 ל',"גניר (1992) בע""מ",IL,פרימור מיץ תפוחים צל,ליטרים,1.00,ליטר,false,,15.70,15.7000,true,1,23257
7290001121054,false,יחיעם צמד חמד 700 גר,תאי פרזידנט פוד פאבל,IL,יחיעם צמד חמד 700 גר,,700.00,100 גרם,false,,24.90,0.0356,true,1,15554
7290001121672,false,פסטרמה מעודנת בפפריקה 300 ג' יחיעם,מעדני יחיעם,IL,פסטרמה הודו בפפריקה,,300.00,100 גרם,false,,19.90,0.0663,true,1,15557
7290001121849,false,יחיעם פסטרמה הודו טב,מעדני יחיעם,IL,יחיעם פסטרמה הודו טב,,250.00,100 גרם,false,,24.50,0.0980,true,1,15561
7290001123775,false,שווארמה פרגיות 500 ג',"טיבול ויל אחזקות בע""",IL,שווארמה פרגיות 500 ג,,500.00,100 גרם,false,,19.90,0.0398,true,1,16803
7290001123782,false,שווארמה הודו 500 גרם,טיבון ויל,IL,שווארמה הודו 500 גרם,,500.00,100 גרם,false,,19.90,0.0398,true,1,16804
7290001136287,false,"נקה 7 שמפו לשיער רגיל 750 מ""ל","אמיליה קוסמטיקס בע""מ",IL,שמפו רגיל ירוק נקה 7,,750.00,מטר,false,,11.90,0.0159,true,1,29802
7290001136294,false,"שמפו נקה 7 לשיער יבש אדום 750מ""ל","אמיליה קוסמטיקס בע""מ",IL,שמפו יבש אדום נקה 7,,750.00,"100 מ""ל",false,,11.90,0.0159,true,1,29803
7290001136300,false,"נקה 7 שמפו ומרכך לסירוק קל 750 מ""ל",אמיליה קוסמטיקס בעמ,IL,שמפו סירוק קל כחול נ,,750.00,"100 מ""ל",false,,11.90,0.0159,true,1,29804
7290001136362,false,נקה 7 תחליב רחצה אלוורה ארומה ירוק 1 ל',מיוצר בסין.יבוא ושיו,IL,תחליב רחצה אלוורה ות,יחידה,0.00,יחידה,false,,13.90,0.0000,true,1,29805
7290001136683,false,"מרכך לשיער רגיל ירוק 750 מ""ל נקה 7","אמיליה קוסמטיקס בע""מ",IL,מרכך רגיל ירוק נקה 7,,750.00,"100 מ""ל",false,,11.90,0.0159,true,1,29807
7290001136799,false,נקה 7 תחליב רחצה ארומה ורוד יסמין 1 ל',מיוצר בסין.יבוא ושיו,IL,תחליב רחצה ורד ויסמי,יחידה,0.00,יחידה,false,,13.90,0.0000,true,1,29808
7290001136973,false,נקה 7 תחליב רחצה ארומה קמומיל לבן 1 ל',טרופיקל דגיל תעשיות,IL,תחליב רחצה קמומיל נק,יחידה,0.00,יחידה,false,,13.90,0.0000,true,1,29809
7290001201510,false,תבנית ביצים מדיום 30 יח',לסר,IL,30 ביצים M מ.לסר,יחידה,0.00,יחידה,false,,27.87,0.0000,true,1,13622
7290001201589,false,ביצים אריזון 12 גדול,"מ.לסר בע""מ",IL,12 ביצים L מ.לסר,יחידה,0.00,יחידה,false,,12.05,0.0000,true,1,13625
7290001201596,false,ביצים אריזון 12 בינוני,לסר,IL,12 ביצים M מ.לסר,יחידה,0.00,יחידה,false,,11.15,0.0000,true,1,13626
7290001201602,false,ביצים 18 יח גדול לסר,לסר,IL,18ביצים L מ.לסר,יחידה,0.00,יחידה,false,,18.07,0.0000,true,1,223836
7290001201862,false,ביצי חופש לארג' 12 יחידות,לסר,IL,12 ביצים חופש L מ. ל,יחידה,0.00,יחידה,false,,17.90,0.0000,true,1,13637
7290001201893,false,ביצים אומגה M 12 יח,,,12 ביצים M אומגה 3,יחידה,0.00,יחידה,false,,16.90,0.0000,true,1,13639
7290001216040,false,טחינה 500 גרם טחינת אל-ארז,דולפין ספא,IL,טחינה אל ארז 100% שו,,500.00,100 גרם,false,,15.90,0.0318,true,1,34849
7290001216057,false,"טחינה גולמית אל ארז 1 ק""ג",טחינה אל ארז,IL,טחינה אל ארז 100% שו,קילוגרמים,1.00,"ק""ג",false,,29.90,29.9000,true,1,34850
7290001216101,false,"טחינה מלא ""אל ארז"" 1 ק""ג",טחינה אל ארז,IL,טחינה אל ארז 100% שו,קילוגרמים,1.00,"ק""ג",false,,32.90,32.9000,true,1,315376
7290001216231,false,טחינה גולמית שומשום מלא אל ארז 500ג',דולפין ספא,IL,טחינה מלאה 100% שומש,,500.00,100 גרם,false,,16.90,0.0338,true,1,34854
7290001230331,false,סיגריות כאמל בוקס חפ,JTI,,כאמל בוקס קופסא בודד,יחידה,0.00,יחידה,false,,32.00,0.0000,false,1,4078
7290001231932,false,ווינסטון כחול בוקס חפיסה,JTI,,וינסטון קופסא בודדת,יחידה,0.00,יחידה,false,,32.00,0.0000,false,1,4083
7290001245699,false,אקונומיקה סמיכה בניחוח לימון 4 ל' טאצ',,,ג'ל אקונומיקה סמיכה,ליטרים,4.00,ליטר,false,,12.50,3.1250,true,1,37976
7290001245705,false,אקונומיקה מבושמת טאצ' 4 ליטר,סאסאטק,IL,אקונומיקה מבושמת 4 ל,ליטרים,4.00,ליטר,false,,10.90,2.7250,true,1,37977
7290001245798,false,נוזל כלים לימון טאצ' 18% 1.6 ליטר,,,נוזל כלים לימון 18%,ליטרים,1.60,ליטר,false,,10.90,6.8125,true,1,37982
7290001246061,false,מרכך מרוכז פרפיום פנטזי טאצ 1ל',סאסאטק,IL,מרכך פרימיום פנטזי 1,ליטרים,1.00,ליטר,false,,12.90,12.9000,true,1,38001
7290001246085,false,טאצ' מרסס ניקוי חלונות 1 ליטר,,,תרסיס מנקה חלונות 1,ליטרים,1.00,ליטר,false,,5.90,5.9000,true,1,38003
7290001246092,false,"תרסיס מסיר שומנים 750 מ""ל טאצ.",סאסאטק,IL,תרסיס מסיר שומנים 75,,750.00,"100 מ""ל",false,,12.90,0.0172,true,1,38004
7290001246115,false,"טאצ' תרסיס מסיר עובש 750 מ""ל",,,תרסיס מסיר עובש 750,,750.00,"100 מ""ל",false,,12.90,0.0172,true,1,38006
7290001246634,false,"טאצ' נוזל אסלות ע""ב חומצה 1 ליטר",,,נוזל אסלות על בסיס ח,ליטרים,1.00,ליטר,false,,7.90,7.9000,true,1,38019
7290001247099,false,קרטונית נקטר ספרינג מנגו 1 ליטר,"יפאורה תבורי בע""מ",IL,ספרינג מנגו קרטונית,ליטרים,1.00,ליטר,false,,6.90,6.9000,true,1,11482
7290001247112,false,קרטונית נקטר ספרינג לימונענע 1 ליטר,"יפאורה תבורי בע""מ",IL,ספרינג לימונענע קרטו,ליטרים,1.00,ליטר,false,,6.90,6.9000,true,1,11484
7290001247129,false,נקטר ספרינג תפוזים קרטונית 1 ל',"יפאורה תבורי בע""מ",IL,ספרינג תפוז קרטונית,ליטרים,1.00,ליטר,false,,6.90,6.9000,true,1,11485
7290001247143,false,נקטר ספרינג תפוחים קרטונית 1 ל',"יפאורה תבורי בע""מ",IL,ספרינג תפוח קרטונית,ליטרים,1.00,ליטר,false,,6.90,6.9000,true,1,11487
7290001274934,false,מאגדת גלידל פרי למון ליים 8 יח,הגלידות של פלדמן,IL,פופסיקל בטעם לימון 8,,640.00,100 גרם,false,,24.90,0.0389,true,1,36064
7290001305188,false,פלמוליב כלים שקוף לימון 750 בקבוק חדש,יבואן ומשווק: ש. שסט,GR,פלמוליב לכלים פריחת,,750.00,"100 מ""ל",false,,11.90,0.0159,true,1,21425
7290001407127,false,פרוסות חלבה קלאסית וניל 400 גרם,,,פרוסות חלבה וניל באר,,400.00,100 גרם,false,,13.90,0.0348,true,1,18688
7290001407547,false,טחינה גולמית משומשום מלא פי 6 בארכה 500ג',רושדי תעשיות מזון בע,IL,בארכה טחינה שומשום מ,,500.00,100 גרם,false,,12.90,0.0258,true,1,18692
7290001407769,false,טחינה גולמית שומשום מלא בארכה 500ג',רושדי תעשיות מזון בע,IL,בארכה טחינה עם שומשו,,500.00,100 גרם,false,,12.90,0.0258,true,1,18695
7290001407820,false,חלווה שאמית וניל קלאסית בארכה 350ג',רושדי תעשיות מזון בע,IL,חלבה שאמית וניל בארכ,,350.00,100 גרם,false,,14.90,0.0426,true,1,18697
7290001407844,false,חלווה קלאסית וניל בארכה 350גר,רושדי תעשיות מזון בע,IL,חלבה קלאסית וניל באר,,350.00,100 גרם,false,,13.90,0.0397,true,1,18699
7290001407936,false,בארכה-טחינה גולמית מעודנת בקבוק לחיץ 310 ג',רושדי תעשיות מזון בע,IL,בארכה טחינה מעודנת 3,,310.00,100 גרם,false,,10.90,0.0352,true,1,18700
7290001427019,false,"מיץ תפוזים סחוט 100% 500 מ""ל",קשת מיצים,IL,מיץ תפוזים טבעי 100%,,500.00,"100 מ""ל",false,,16.90,0.0338,true,1,181188
7290001436790,false,נקנקיות מרגז מיני אקסטרה חריף ארוז בלדי 500 ג',יוליניבר,IL,מרגז מיני אקסטרה חרי,,500.00,100 גרם,false,,28.90,0.0578,true,1,223839
7290001459928,false,גזר גמדי בלדי 800 גר',,,גזר גמדי בלדי 800 גר,,800.00,100 גרם,false,,11.90,0.0149,true,1,327700
7290001459935,false,"אפונה 800 גר' בד""ץ (ממותג)",,,אפונה בלדי 800 גרם,,800.00,100 גרם,false,,11.90,0.0149,true,1,327655
7290001459942,false,"אפונה וגזר 800 גר' בד""ץ (ממותג)",,,אפונה וקוביות גזר בל,,800.00,100 גרם,false,,11.90,0.0149,true,1,327670
7290001482094,false,גבינה פרמז'נו משולשים ויליפוד 200ג',זנטי אס. אי לאלין,IT,וילי פוד פרמזן משולש,,200.00,100 גרם,false,,17.90,0.0895,true,1,2857
7290001482186,false,אננס חתוך בסירופ קל וילי פוד 565 גר,הנסיך- מפעל לייצור ט,TH,אננס חתוך ויליפוד 56,,565.00,100 גרם,false,,5.90,0.0104,true,1,2858
7290001491010,false,תה ירוק יסמין 25 שקיקים 1.5 גרם,HIQ FOOD PRODUCTS,IL,תה ירוק עם יסמין T.T,,37.50,100 גרם,false,,23.90,0.6373,true,1,24622
7290001491096,false,תה ירוק בתוספת לימונית ולואיזה 50 שקיקים ויסוצקי,ויסוצקי,IL,תה ירוק בתוספת לימונ,,75.00,100 גרם,false,,45.90,0.6120,true,1,24623
7290001498897,false,מוסקו סט נרות ולהבונ,מוסקו,,מוסקו סט נרות ולהבונ,יחידה,0.00,יחידה,false,,11.00,0.0000,true,1,14268
7290001552025,false,הקוסקוס של אמא קפוא 800 גר,מטעמי פאר,IL,קוסקוס 800גר,,800.00,100 גרם,false,,14.90,0.0186,true,1,51500
7290001567760,false,פסטרמה של פעם 300 ג' יחיעם,מעדני יחיעם,IL,פסטרמה של פעם 300 גר,,300.00,100 גרם,false,,24.50,0.0817,true,1,15569
7290001567814,false,סלמי מעושן בסגנון איטלקי 300 ג' יחיעם,מעדני יחיעם,IL,סלמי מעושן בסגנון אי,,300.00,100 גרם,false,,19.90,0.0663,true,1,15574
7290001591703,false,קבב אנגוס עגול 500 ג' טיבון ויל,טיבון ויל,IL,קבב בקר אנגוס עגול ט,,500.00,100 גרם,false,,22.90,0.0458,true,1,259754
7290001591734,false,מרגז נקניקיה בסגנון מרוקאי 500 ג' טיבון ויל,טיבון ויל,IL,נקניקיות מרגז בסגנון,,500.00,100 גרם,false,,22.90,0.0458,true,1,259757
7290001594025,false,"קוקה קולה זכוכית 350 מ""ל",החברה המרכזית לייצור,IL,קוקה קולה קלאסי 350,,350.00,"100 מ""ל",false,,6.90,0.0197,true,1,6828
7290001594179,false,פאנטה אורנג' בבקבוק,החברה המרכזית לייצור,IL,פאנטה אורנג' 500 בקב,,500.00,"100 מ""ל",false,,6.90,0.0138,true,1,6838
7290001594230,false,"קינלי סודה בקבוק 250 מ""ל",החברה המרכזית לייצור,IL,סודה קינלי 250 מ'ל,,250.00,"100 מ""ל",false,,2.90,0.0116,true,1,6841
7290001594520,false,"בירה טובורג בקבוק 330מ""ל",מבשלות בירה בינלאומי,IL,טובורג רד בקבוק פקדו,,330.00,"100 מ""ל",false,,6.90,0.0209,true,1,6849
7290001594858,false,"טובורג רד שישייה בקבוק 330 מ""ל",קרלסברג ישראל,IL,טובורג רד בקבוק פקדו,ליטרים,1.98,ליטר,false,,43.90,22.1717,true,1,6859
7290001594865,false,"קרלסברג בירה בקבוק 6* 330 מ""ל",קרלסברג ישראל,IL,קרלסברג בירה בקבוק 6,ליטרים,1.98,ליטר,false,,39.90,20.1515,true,1,6860
7290001670064,false,סכינים חד פעמי לבן 100 יח',בי רייט,CN,סכינים 100יח,יחידה,0.00,יחידה,false,,12.90,0.0000,true,1,7724
7290001696736,false,פקאן סיני 100 גרם,,,פקאן סיני 100 גרם,,100.00,100 גרם,false,,17.90,0.1790,true,1,1468
7290001713150,false,סנט מוריץ מתז אקונומיקה Bleach קצף לימון 1 ליטר,"קומפלקס כימיקלים בע""",IL,אקונומיקה קצף ניקוי,ליטרים,1.00,ליטר,false,,8.90,8.9000,true,1,20089
7290001791349,false,אקונומיקה פסגה ריחנית 4ליטר,"סנו מפעלי ברונוס בע""",IL,אקונומיקה ריחנית פסג,ליטרים,4.00,ליטר,false,,11.90,2.9750,true,1,29831
7290001817377,false,צ'יטוס חטיף איקס עיגול פיצה 60 גרם,"שטראוס פריטו ליי בע""",IL,ציטוס איקס עיגול 60ג,,60.00,100 גרם,false,,3.50,0.0583,true,1,24154
7290001817728,false,צ'יטוס חטיף כאפה קטשופ 55 גרם,"שטראוס פריטו ליי בע""",IL,ציטוס כאפה 55 גרם,,55.00,100 ליטר,false,,3.50,0.0636,true,1,24156
7290001865439,false,פמלי לקשרי 1ליטר וניל טהור +משאבה,אף.סי תבליני בגליל ב,IL,סבון נוזלי וניל + מש,יחידה,0.00,יחידה,false,,10.90,0.0000,true,1,5759
7290001865453,false,פמלי לקשרי 1ליטר לבנדר ארומטי+משאבה,מיוצר עי קונדיטוריית,TR,סבון נוזלי לבנדר+ מש,יחידה,0.00,יחידה,false,,10.90,0.0000,true,1,5760
7290001946121,false,פפריקה מתוקה יוחאי ביטון 400ג',"דין שיווק וקלייה בע""",IL,פפריקה מתוקה בשמן בי,,400.00,100 גרם,false,,17.90,0.0447,true,1,189488
7290001990117,false,שומשום סוגת 100 גרם,האי נאם סי או אל.טי.,IL,שומשום 100 גרם,,100.00,100 גרם,false,,3.90,0.0390,true,1,17312
7290001990148,false,"סוכר גולדן קלאסי צנצנת 1ק""ג סוגת",האי נאם סי או אל.טי.,IL,סוכר גולדן קלאסי בצנ,קילוגרמים,1.00,"ק""ג",false,,12.90,12.9000,true,1,17313
7290001990261,false,"סוגת חומוס 1 ק""ג","סוגת תעשיות בע""מ",IL,"סוגת חומוס 1 ק""ג",קילוגרמים,1.00,"ק""ג",false,,12.90,12.9000,true,1,17314
7290001990278,false,"שעועית לבנה סוגת 1 ק""ג","סוגת תעשיות בע""מ",IL,סוגת שעועית לבנה 1 ק,קילוגרמים,1.00,"ק""ג",false,,18.90,18.9000,true,1,17315
7290001990407,false,"עדשים ירוקים 1 ק""ג סוגת","סוגת תעשיות בע""מ",IL,עדשים ירוקים 1 קג,קילוגרמים,1.00,"ק""ג",false,,14.90,14.9000,true,1,17318
7290001990421,false,"פופקורן גרעינים סוגת 1 ק""ג","סוגת תעשיות בע""מ",IL,"סוגת פופקורן 1 ק""ג",קילוגרמים,1.00,"ק""ג",false,,9.90,9.9000,true,1,17320
7290002007234,false,אבקת סוכר 100 ג' הנמל,"מיוצר וארוז ע""י: ר.ס",IL,אבקת סוכר 100ג,,100.00,100 גרם,false,,1.90,0.0190,true,1,7752
7290002007487,false,צמר פלדה הנמל 100 גר,"איטיליאן פוד, אס.פי.",IL,צמר פלדה 100 גר',,100.00,100 גרם,false,,3.90,0.0390,true,1,7762
7290002007500,false,קיסמי שיניים במבוק בחבית 500 יח',הנמל אריזות ושיווק ב,CN,קיסמים חבית הנמל 500,,500.00,יח',false,,3.90,0.0078,true,1,7763
7290002007890,false,כוסות שתייה קרה 100 יח` 200 PP מל`,אריזות מדף - פלזית,IL,כוס שתיה קרה 100 יח,יחידה,0.00,יחידה,false,,12.90,0.0000,true,1,7772
7290002007975,false,"צלחות קטנות ח""פ הנמל 50 יח'",אריזות מדף - פלזית,IL,צלחות קטן 50יח,יחידה,0.00,יחידה,false,,12.90,0.0000,true,1,7774
7290002007982,false,מזלגות חד פעמי 100 י,הנמל אריזות ושיווק ב,IL,מזלגות חד פעמי 100 י,יחידה,0.00,יחידה,false,,12.90,0.0000,true,1,7775
7290002007999,false,"צלחות גדולות ח""פ הנמל 50 יח'",אריזות מדף - פלזית,IL,צלחות גדול 50יח הנמל,יחידה,0.00,יחידה,false,,15.90,0.0000,true,1,7776
7290002008187,false,קשים לשתיה מתקפלים 40 יח',"איטיליאן פוד, אס.פי.",CN,קש לשתיה מתקפל 40יח,יחידה,0.00,יחידה,false,,1.90,0.0000,true,1,7788
7290002008347,false,קורנפלור 500 ג' הנמל,,,קורנפלור 500 גרם,,500.00,100 גרם,false,,6.90,0.0138,true,1,7794
7290002008507,false,נייר אפייה 50 יח' הנמל,הנמל אריזות ושיווק ב,IL,נייר אפיה 50יח,יחידה,0.00,יחידה,false,,8.90,0.0000,true,1,7799
7290002008651,false,קמח תפוח אדמה 500 ג' הנמל,ר.ס. חברה ליבוא וייצ,IL,קמח תפוח אדמה הנמל 5,,500.00,100 גרם,false,,5.90,0.0118,true,1,7803
7290002008743,false,סוכר וניל 10*10 ג' הנמל,"מיוצר וארוז ע""י: ר.ס",IL,סוכר וניל 10*10 גרם,,100.00,100 ליטר,false,,2.90,0.0290,true,1,7804
7290002008750,false,אבקת אפיה הנמל מארז 10X10 ג',"מיוצר ע""י:ר.ס. חברה",IL,אבקת אפיה 10*10 גרם,,100.00,100 ליטר,false,,2.90,0.0290,true,1,7805
7290002026341,false,בטטה צ'יפס רגיל אריסטו קראנץ 500 ג',האי נאם סי או אל.טי.,CA,אריסטו קראנץ-ציפס בט,,500.00,100 גרם,false,,14.90,0.0298,true,1,14386
7290002026587,false,וופל בלגי פרווה בראנץ אנד קראנץ 8 יח',בראנץ' אנד קראנץ Brunch& Crunch,BE,בראנץ אנד קראנץ וופל,,28.00,100 גרם,false,,13.90,0.4964,true,1,14391
7290002043065,false,פריכיות אורז חום מלא בציפוי שוקולד מריר בלגי 70 ג',נוהלס,BG,פריכוני אורז בציפוי,,70.00,100 גרם,false,,9.40,0.1343,true,1,99270
7290002043072,false,פריכיות אורז חום מלא בציפוי שוקולד חלב בלגי 70 ג',נוהלס,BG,פריכוני אורז בציפוי,,70.00,100 גרם,false,,9.40,0.1343,true,1,99283
7290002043188,false,ציפס אורז חום מלא צי'לי חריף אקסטרא 60 ג',מימונס אפיה,BG,אקסטרא צ'יפס אורז חו,,60.00,100 גרם,false,,8.50,0.1417,true,1,140267
7290002043218,false,ציפס אורז חום מלא מלח אקסטרא 60 ג',מימונס אפיה,BG,אקסטרא צ'יפס מלח ואו,,60.00,100 גרם,false,,8.50,0.1417,true,1,140266
7290002043232,false,צ'יפס אורז חום מלא טקסס ברביקיו 120 ג',מימונס אפיה,BG,חטיף צ'יפס משפחתי בט,,120.00,100 גרם,false,,12.50,0.1042,true,1,259212
7290002043348,false,ציפס אורז חום מלא ציה וקינואה 60 גרם,JS. A.F.P Co,BG,צ'יפס צ'יה וקינואה א,,60.00,100 גרם,false,,8.50,0.1417,true,1,117032
7290002043379,false,ציפס אורז חום מלא עדשים שחורות 60 גרם,,BG,צ'יפס פרוטאין עדשים,,60.00,100 גרם,false,,8.50,0.1417,true,1,99655
7290002043591,false,צ'יפס אורז חום מלא פפריקה אקסטרה 120 ג',מימונס אפיה,BG,חטיף צ'יפס משפחתי בט,,120.00,100 גרם,false,,12.50,0.1042,true,1,259213
7290002043782,false,ציפס אורז חום מלא טקסס ברביקיו אקסטרא 60 ג',מימונס אפיה,BG,צ'יפס טקסס ברבקיו אק,,60.00,100 גרם,false,,8.50,0.1417,true,1,99298
7290002043829,false,פריכיות מלח הימלאיה אריזת חיסכון 200 גרם,מימונס אפיה,BG,פריכיות מלח היהמלאיה,,200.00,100 גרם,false,,16.50,0.0825,true,1,99313
7290002057017,false,זיתים נובו ענק A2 יבנה 330ג',קבוצת יבנה,IL,זיתים נובו ענק קבוצת,,560.00,100 גרם,false,,8.90,0.0159,true,1,44703
7290002057031,false,זיתים מבוקע פיקנטי A2 יבנה 560 ג',קבוצת יבנה,IL,זיתים מבוקעים פיקנטי,,560.00,100 גרם,false,,8.90,0.0159,true,1,44704
7290002057123,false,זיתים ירוקים חרוזית מנזנילו A-2,קבוצת יבנה,IL,זיתים חרוזית ירוק קב,,275.00,100 גרם,false,,9.90,0.0360,true,1,44712
7290002057185,false,טבעות זיתים ירוקים 560 ג' יבנה,קבוצת יבנה,IL,טבעות זיתים ירוקים ק,,540.00,100 גרם,false,,9.90,0.0183,true,1,44718
7290002057369,false,מלפפון במלח ‏12‏-‏10‏ 560 ג' יבנה,קבוצת יבנה,IL,מלפפון במלח 10-12 קב,,560.00,100 גרם,false,,6.90,0.0123,true,1,44727
7290002057376,false,מלפפון במלח ‏17‏-‏13‏ 560 ג' יבנה,קבוצת יבנה,IL,מלפפון במלח 13-17 קב,,560.00,100 גרם,false,,9.90,0.0177,true,1,44728
7290002057383,false,מלפפון במלח ‏25‏-‏18‏ 560 ג' יבנה,קבוצת יבנה,IL,מלפפון 18-25במלח קבו,,560.00,100 גרם,false,,11.90,0.0213,true,1,44729
7290002057437,false,שיפקונית קבוצת יבנה,קבוצת יבנה,IL,שיפקונית קבוצת יבנה,,560.00,100 גרם,false,,9.90,0.0177,true,1,117286
7290002057468,false,מלפפון חומץ ‏12‏-‏10‏ 560 ג' יבנה,קבוצת יבנה,IL,מלפפון בחומץ 10-12 ק,,560.00,100 גרם,false,,7.90,0.0141,true,1,44733
7290002057475,false,מלפפונים בחומץ 13-17 קטן A2 יבנה 540ג',קבוצת יבנה,IL,מלפפון בחומץ 13-17 ק,,560.00,100 גרם,false,,9.90,0.0177,true,1,28075
7290002057604,false,שיפקה פלפל חריף A2 יבנה 600ג',קבוצת יבנה,IL,פלפל חריף שיפקה קבוצ,,560.00,100 גרם,false,,5.90,0.0105,true,1,44734
7290002057734,false,זיתים חרוזית שחור A2 יבנה 540ג',קבוצת יבנה,IL,זיתים חרוזית מושחר ק,,560.00,100 גרם,false,,8.90,0.0159,true,1,44741
7290002065555,false,לחמניה אנג'ל ארוכה שקית 6יח,מאפיית שלמה א. אנג'ל,IL,6 לחמניות רכות אנגל,,450.00,100 גרם,false,,11.50,0.0256,true,1,35425
7290002065616,false,לחם שיפון גרעינים 750 ג' אנג'ל,מאפיית שלמה א. אנג'ל,IL,שיפון גרעינים אנגל 7,,750.00,100 גרם,false,,13.90,0.0185,true,1,35426
7290002077725,false,סלומון נורווגי מצונן דלידג 100ג',וי קינג V King,IL,סלמון מעושן 100 גרם,,100.00,100 גרם,false,,19.90,0.1990,true,1,16822
7290002079156,false,5 פיתות 500 גרם,מאפיית דוידוביץ,,5 פיתות 500 גרם,,500.00,100 גרם,false,,8.90,0.0178,true,1,360843
7290002079217,false,מחמצת עם אגוזים שיפון 650 ג',מאפיית אחדות חיפה בע,IL,לחם מחמצת שיפון מלא,,650.00,100 גרם,false,,12.90,0.0198,true,1,354778
7290002079361,false,לחמניות המבורגר חתוך 6+2*60 ג',מאפיית אחדות חיפה,IL,8 לחמניות המבורגר בס,,480.00,100 גרם,false,,16.90,0.0352,true,1,355480
7290002079927,false,לחם דגנים מלא דוידוב,מאפיית אחדות חיפה(93,IL,לחם דגנים מלא דוידוב,,750.00,100 גרם,false,,14.90,0.0199,true,1,354928
7290002079996,false,לחם אחיד קל פרוס 750 גרם,הנסיך- מפעל לייצור ט,IL,לחם אחיד קל מאפיית ד,,750.00,100 גרם,false,,13.90,0.0185,true,1,355461
7290002105503,false,בורגר מזרחי קפוא גלאט 500ג' מחפוד,,IL,המבורגר טחון 500 גר,,500.00,100 גרם,false,,19.90,0.0398,true,1,47029
7290002105510,false,קבב מזרחי מתובל וקפוא גלאט הדר בשר 500ג',,,קבב מזרחי 500-מחפוד,,500.00,100 גרם,false,,20.90,0.0418,true,1,47030
7290002105527,false,גולש עגל 800 גר' מחפוד קפוא,,,גולש בקר 800 גרם מחפ,,800.00,100 גרם,false,,49.90,0.0624,true,1,47031
7290002105541,false,סטייק אנטריקוט מעובד קפוא ה.הבשר 800ג',,,סטייק אנטריקוט 800 ג,,800.00,100 גרם,false,,49.90,0.0624,true,1,47033
7290002105749,false,"טחון בקר 100% קפוא 1 ק""ג גאלט מחפוד",,IL,טחון בקר 100% בשר 1,קילוגרמים,1.00,"ק""ג",false,,49.90,49.9000,true,1,47039
7290002105756,false,"בקר טחון 1 ק""ג מחפוד קפוא",,IL,"טחון בקר 1 ק""ג מחפוד",קילוגרמים,1.00,"ק""ג",false,,39.90,39.9000,true,1,47040
7290002107491,false,גבינת עזים למריחה טבעי 5% צוריאל 250 ג',מחלבת משק צוריאל,IL,צוריאל גבינת עזים למ,,250.00,100 גרם,false,,15.90,0.0636,true,1,6376
7290002107965,false,טבורוג גבינה לאפייה 5% צוריאל 500 ג',מחלבת משק צוריאל,IL,צוריאל טבורוג גבינה,,500.00,100 גרם,false,,25.50,0.0510,true,1,6378
7290002109372,false,בורקס פילו אצבעות בולגרי 700 ג' שלושת האופים,שלושת האופים,IL,בורקס פילו אצבעות בו,,700.00,100 גרם,false,,19.90,0.0284,true,1,16825
7290002109488,false,טיבונוויל קבב אמיתי,,,קבב אמיתי 100% 440 ג,,440.00,100 גרם,false,,16.90,0.0384,true,1,16827
7290002129455,false,פיצה איטלקית גדולה 4,,,פיצה איטלקית 450 ג,,450.00,100 גרם,false,,18.90,0.0420,true,1,16829
7290002130567,false,דבש טהור מפרחי בר בזכוכית 350 גרם,מכוורת יד מרדכי שטרא,IL,דבש טהור מפרחי בר בצ,,350.00,100 גרם,false,,18.90,0.0540,true,1,22223
7290002130574,false,דבש טהור מפרחי בר בזכוכית 500 ג' יד מרדכי,מכוורת יד מרדכי שטרא,IL,דבש טהור מפרחי בר בצ,,500.00,100 גרם,false,,25.90,0.0518,true,1,22224
7290002130581,false,"דבש טהור יד מרדכי 1 ק""ג",שטראוס גרופ,IL,דבש טהור מפרחי בר בצ,קילוגרמים,1.00,"ק""ג",false,,45.70,45.7000,true,1,22225
7290002195054,false,המבורגר בלדי 400 גרם ארוז,יוליניבר,IL,המבורגר בלדי 400ג,,400.00,100 ליטר,false,,12.80,0.0320,true,1,35294
7290002253006,false,שום כתוש בצנצנת 200 גר דורות,עיצובים 2020 (3.8),IL,דורות שום כתוש טרי 2,,200.00,100 ליטר,false,,15.90,0.0795,true,1,19733
7290002253105,false,מגשית קוביות שום טרי דורות 80 ג',עיצובים 2020 (3.8),IL,דורות מגשית קוביות ש,,80.00,100 גרם,false,,9.90,0.1238,true,1,19736
7290002253150,false,בזיליקום טרי קצוץ דורות 70 ג',עיצובים 2020 (3.8),IL,בזיליקום טרי קצוץ 70,,70.00,100 גרם,false,,9.90,0.1414,true,1,19737
7290002253167,false,מגשית פטרוזיליה דורות 70 גר,עיצובים 2020 (3.8),IL,פטרוזליה טרייה קצוצה,,70.00,100 גרם,false,,10.50,0.1500,true,1,19738
7290002253181,false,כוסברה טריה קצוצה 70 ג' דורות,עיצובים 2020 (3.8),IL,כוסברה טריה קצוצה 70,,70.00,100 גרם,false,,10.00,0.1429,true,1,19740
7290002253198,false,ג'ינג'ר טרי כתוש במגשית 70 ג' דורות,עיצובים 2020 (3.8),IL,דורות ג'ינג'ר טרי כת,,70.00,100 גרם,false,,10.50,0.1500,true,1,19741
7290002253235,false,דורות רוטב פסטו 160 גרם,עיצובים 2020 (3.8),IL,דורות רוטב פסטו 160,,160.00,100 גרם,false,,11.90,0.0744,true,1,19742
7290002253310,false,שום צילי חריף קוביות תערובת 80 ג' דורות,עיצובים 2020 (3.8),IL,דורות שום צילי חריף,,80.00,100 גרם,false,,9.90,0.1238,true,1,177178
7290002255031,false,סיגרים במילוי בשר חט,חטיפי אלקיים בעמ,IL,סיגרים במילוי בשר חט,,800.00,100 גרם,false,,22.90,0.0286,true,1,51503
7290002255055,false,פלאפל חטיפי אלקיים 7,חטיפי אלקיים בעמ,IL,פלאפל חטיפי אלקיים 7,,700.00,100 גרם,false,,12.90,0.0184,true,1,51505
7290002255130,false,"סיגרים במילוי תפו""א",,,"סיגרים במילוי תפו""א",,800.00,100 גרם,false,,22.90,0.0286,true,1,51508
7290002255215,false,עלי סיגר מרובע 500גר,חטיפי אלקיים בעמ,IL,עלים לסיגר 500ג,,500.00,100 ליטר,false,,8.90,0.0178,true,1,51511
7290002255222,false,"פסטל במילוי תפו""א חט",,,"פסטל במילוי תפו""א חט",,800.00,100 גרם,false,,22.90,0.0286,true,1,51512
7290002255284,false,"קובה חמוסטה בד""צ חטי",חטיפי אלקיים בעמ,IL,"קובה חמוסטה בד""צ חטי",,800.00,100 גרם,false,,22.90,0.0286,true,1,51513
7290002255475,false,פסטלים במילוי בשר בד,חטיפי אלקיים בעמ,IL,פסטלים במילוי בשר בד,,800.00,100 גרם,false,,22.90,0.0286,true,1,51515
7290002255567,false,נקניקיות עטופות 700ג,,,נקניקיות עטופות 700ג,,700.00,100 גרם,false,,22.90,0.0327,true,1,51518
7290002263562,false,"מיץ לימון משומר 200 מ""ל",,,מיץ לימון משומר תבלי,,200.00,"100 מ""ל",false,,6.90,0.0345,true,1,67569
7290002263661,false,"מיץ לימון 100% טבעי 250 מ""ל",,IT,מיץ לימון 100% טבעי,,250.00,"100 מ""ל",false,,7.90,0.0316,true,1,67571
7290002278528,false,כרית קרצוף לכלים שבת כלין 2 יח',מ.א ייצור ושיווק מטל,IL,כריות ניקוי כלים לשב,יחידה,0.00,יחידה,false,,7.90,0.0000,true,1,13474
7290002291046,false,המבורגר מסעדות קצבייה 4 יח'-480 ג',יוליניבר,IL,בלדי המבורגר מסעדות,,480.00,100 גרם,false,,22.90,0.0477,true,1,35300
7290002317005,false,זיתים טבעות מושחר 560ג A2 מטולה,שימורי מוטולה,IL,טבעות זיתים מושחרים,,560.00,100 גרם,false,,10.90,0.0195,true,1,24402
7290002317081,false,זיתים נטולי גלעין +20% 670ג A2 מטולה,שימורי מוטולה,IL,זיתים נטולי גלעין 20,,670.00,100 גרם,false,,10.90,0.0163,true,1,24404
7290002317128,false,מלפפון 560ג במלח 10-12 A2 מטולה,שימורי מוטולה,IL,מלפפון במלח 10-12 מו,,560.00,100 גרם,false,,10.90,0.0195,true,1,24405
7290002317166,false,מלפפון 560ג בחומץ 10-12 A2 מטולה,,,מלפפון בחומץ 10-12 מ,,560.00,100 גרם,false,,10.90,0.0195,true,1,24408
7290002317173,false,מלפפון בחומץ 13-17 560ג A2 מטולה,שימורי מוטולה,IL,מלפפון בחומץ 13-17 מ,,560.00,100 גרם,false,,10.90,0.0195,true,1,24409
7290002317265,false,מלפפון 650ג במלח +20% 7-9 A2 מטולה,שימורי מוטולה,IL,מלפפון במלח 20% 7-9,,670.00,100 גרם,false,,9.90,0.0148,true,1,24415
7290002317296,false,פלפל חריף שיפקה 670ג 20%+A2 מטולה,שימורי מוטולה,IL,פלפל שיפקה + 20% מוט,,550.00,100 גרם,false,,9.90,0.0180,true,1,24417
7290002317319,false,מלפפון 650ג בחומץ +20% 7-9 A2 מטולה,שימורי מוטולה,IL,מלפפון בחומץ 7-9 20%,,670.00,100 גרם,false,,9.90,0.0148,true,1,24419
7290002317326,false,זיתים מנזולינו 12-15 +20% 670ג A2 מטולה,שימורי מוטולה,IL,זיתים מנזלינו 20% 12,,670.00,100 גרם,false,,9.90,0.0148,true,1,24420
7290002317357,false,מוטולה פלפל שיפקה צנצ',שימורי מוטולה,IL,פילפל שיפקה בצנצנת מ,,630.00,100 גרם,false,,9.90,0.0157,true,1,24422
7290002317371,false,זיתים מושחר נטול גלעין 560ג A2 מטולה,שימורי מוטולה,IL,זיתים מושחרים נטולי,,560.00,100 גרם,false,,10.90,0.0195,true,1,24423
7290002317388,false,צנצנת ירקות בתיבול מ,,,צנצנת ירקות בתיבול מ,,1.65,"100 ק""ג",false,,29.90,18.1212,true,1,286490
7290002317579,false,זיתים טבעות ירוק 560ג A2 מטולה,שימורי מוטולה,IL,טבעות זיתים ירוקים מ,,560.00,100 גרם,false,,10.90,0.0195,true,1,24433
7290002317609,false,כרוב כבוש 560ג A2 מטולה,שימורי מוטולה,IL,כרוב כבוש מוטולה 560,,560.00,100 גרם,false,,6.90,0.0123,true,1,24434
7290002317661,false,זיתים מנזלינו גדול מ,שימורי מוטולה,IL,זיתים מנזלינו גדול מ,,560.00,100 גרם,false,,10.90,0.0195,true,1,24437
7290002317678,false,"זיתים נטולי גלעין צנצנת זכוכית 560 ג""ר",,,זיתים נטולי גלעין צנ,,560.00,100 גרם,false,,10.90,0.0195,true,1,24438
7290002317753,false,טבעות זיתים ירוקים ב,שימורי מוטולה,IL,טבעות זיתים ירוקים ב,,560.00,100 גרם,false,,10.90,0.0195,true,1,24440
7290002319016,false,אבקת אפיה מיה מארז 10X10 ג',"מיה תעשיות מזון בע""מ",IL,אבקת אפיה 10 יח' מיה,,100.00,100 גרם,false,,1.90,0.0190,true,1,14885
7290002319023,false,סוכר וניל מיה עשיריו,"מיה תעשיות מזון בע""מ",IL,1/10 סוכר וניל,,100.00,100 גרם,false,,1.90,0.0190,true,1,14886
7290002319061,false,קוקוס טחון מיה 100,מיה,IL,.קוקוס טחון 100 גר.,,100.00,100 גרם,false,,3.90,0.0390,true,1,14890
7290002319078,false,שומשום מיה 100 גרם,"מיה תעשיות מזון בע""מ",IL,שומשום 100ג,,100.00,100 גרם,false,,3.90,0.0390,true,1,14891
7290002319115,false,חומוס גדול יבש מיה 500 גר',"מיה תעשיות מזון בע""מ",IL,חומוס גדול מיה 500 ג,,500.00,100 גרם,false,,8.90,0.0178,true,1,14894
7290002319122,false,גריסים יבשים מיה 500 גר',"מיה תעשיות מזון בע""מ",IL,גריסים מיה 500 גרם,,500.00,100 גרם,false,,4.90,0.0098,true,1,14895
7290002319139,false,שעועית לבנה יבשה מיה 500 ג',"מיה תעשיות מזון בע""מ",IL,שעועית מיה 500 גרם,,500.00,100 גרם,false,,7.90,0.0158,true,1,14896
7290002319146,false,שעועית אדומה יבשה 500 ג',"מיה תעשיות מזון בע""מ",IL,שעועית אדומה מיה 500,,500.00,100 גרם,false,,8.90,0.0178,true,1,14897
7290002319160,false,אפונה ירוקה יבשה מיה 500 ג',"מיה תעשיות מזון בע""מ",IL,אפונה יבשה מיה 500 ג,,500.00,100 גרם,false,,4.90,0.0098,true,1,14898
7290002319177,false,פופקורן גרעינים מיה 500 גר',"מיה תעשיות מזון בע""מ",IL,פופקורן מיה 500 גרם,,500.00,100 גרם,false,,5.90,0.0118,true,1,14899
7290002319184,false,עדשים אדומים יבשים מיה 500 גר',"מיה תעשיות מזון בע""מ",IL,עדשים אדומים מיה 500,,500.00,100 גרם,false,,8.90,0.0178,true,1,14900
7290002319221,false,מיה חיטה 500 גרם,"מיה תעשיות מזון בע""מ",IL,חיטה מיה 500 גרם,,500.00,100 ליטר,false,,5.50,0.0110,true,1,14904
7290002319610,false,שקדים טחונים 100 גר' מיה,מיה תעשיות מזון,IL,שקדים טחונים 100 גרם,,100.00,100 גרם,false,,10.90,0.1090,true,1,14922
7290002319771,false,"תמצית אפיה וניל 50מ""ל מיה","מיה תעשיות מזון בע""מ",IL,תמצית אפיה וניל,,50.00,מטר,false,,2.90,0.0580,true,1,14933
7290002319788,false,"תמצית אפיה רום 50 מ""ל מיה","מיה תעשיות מזון בע""מ",IL,תמצית אפיה רום,,60.00,"100 מ""ל",false,,2.90,0.0483,true,1,14934
7290002327042,false,"בורקס תפו""א 800 גר' שלושת האופים קהילות",שלושת האופים,IL,"בורקס תפו""א 800 ג",,800.00,100 גרם,false,,19.90,0.0249,true,1,16851
7290002327059,false,"בצק עלים 1 ק""ג שלושת האופים קהילות",שלושת האופים,IL,בצק עלים 1 ק`ג,קילוגרמים,1.00,"ק""ג",false,,19.90,19.9000,true,1,16852
7290002327073,false,בורקס גבינה 800 גר' שלושת האופים קהילות,שלושת האופים,IL,בורקס גבינה 800 גרם,,800.00,100 גרם,false,,19.90,0.0249,true,1,16854
7290002327912,false,מיני בורקס גבינה 700 ג' שלושת האופים,TLV צ'יף,IL,מיני בורקס גבינה 700,,700.00,100 גרם,false,,19.90,0.0284,true,1,16857
7290002331162,false,נביעות מים מינרלים 1.5ל',נביעות,,נביעות 1.5 ליטר,ליטרים,1.50,ליטר,false,,2.90,1.9333,true,1,6879
7290002331322,false,שישיית מים נביעות 1.5 ליטר,נביעות,IL,מי נביעות שישייה 1.5,ליטרים,9.00,ליטר,false,,10.90,1.2111,true,1,6882
7290002331360,false,"נביעות מים מינרליים טו גו מארז 500X6מ""ל",נביעות,IL,נביעות TO GO שישייה,ליטרים,3.00,ליטר,false,,13.90,4.6333,true,1,6883
7290002331421,false,"מים אישי נביעות מארז שישייה* 755 מ""ל",נביעות,IL,נביעות 6*755מל,ליטרים,4.53,ליטר,false,,17.90,3.9514,true,1,6884
7290002331490,false,מים מינרלים נביעות 1 ליטר,נביעות טבע הגליל בעמ,IL,נביעות 1 ליטר,ליטרים,1.00,ליטר,false,,2.90,2.9000,true,1,6887
7290002344032,false,סחבות מיקרופייבר מא,,,סחבות מיקרופייבר מא,יחידה,0.00,יחידה,false,,12.90,0.0000,true,1,299237
7290002345022,false,אנטריקוט דק דק אל גאצ'ו 250ג' מינוט,"טיבון ויל אחזקות בע""",IL,אנטריקוט דקדק 250 ג,,250.00,100 ליטר,false,,15.90,0.0636,true,1,16861
7290002348238,false,אננס חתוך 820 ג' ויליגר,טיפקו,TH,לפתן אננס חתוך ויליג,,830.00,100 גרם,false,,6.90,0.0083,true,1,61957
7290002371533,false,דקניקים סלסולי פסטרמה בדבש 120 ג' טירת צבי,הנסיך- מפעל לייצור ט,IL,טירת צבי סלסולי פסטר,,120.00,100 גרם,false,,13.90,0.1158,true,1,25340
7290002371540,false,דקניקים קורנדביף 120 ג' טירת צבי,הנסיך- מפעל לייצור ט,IL,טירת צבי קורנדביף דק,,120.00,100 גרם,false,,13.90,0.1158,true,1,25341
7290002371854,false,"נקניקיות עוף מתובלות 1 ק""ג טירת צבי",הנסיך- מפעל לייצור ט,IL,נקניקיות עוף מתובלות,קילוגרמים,1.00,"ק""ג",false,,24.90,24.9000,true,1,25343
7290002374268,false,שמן חמניות מילומור 1 ליטר,שמן תעשיות,IL,שמן חמניות מילומור 1,ליטרים,1.00,ליטר,false,,9.90,9.9000,true,1,29347
7290002374312,false,"שמן קנולה מילומור 1 ל' עד""ח","נארז ע""י : א.ג. גילר",IL,שמן קנולה מילומור 1,ליטרים,1.00,ליטר,false,,11.90,11.9000,true,1,29348
7290002374640,false,שמן קנולה פלוס אומגה 3 1 ליטר עץ הזית,שמן תעשיות,IL,שמן קנולה פלוס אומגה,ליטרים,1.00,ליטר,false,,16.90,16.9000,true,1,29350
7290002404583,false,"היוצר בראשית קברנה 750 מ""ל ^^^",יקב היוצר,,יין היוצר בראשית קבר,,750.00,"100 מ""ל",false,,39.90,0.0532,true,1,11868
7290002404590,false,"יין מרלו הראשית 750 מ""ל היוצר",יקבי ארזה,IL,יין היוצר בראשית רזר,,750.00,"100 מ""ל",false,,39.90,0.0532,true,1,11869
7290002404606,false,"יין היוצר בראשית שיראז 750 מ""ל",יקבי ארזה,IL,יין היוצר בראשית שיר,,750.00,"100 מ""ל",false,,39.90,0.0532,true,1,11870
7290002404828,false,תירוש ארזה 1 ליטר,,IL,תירוש ארזה 1 ליטר,ליטרים,1.00,ליטר,false,,15.90,15.9000,true,1,11877
7290002461562,false,נקניקיות מיני מרגז 500 ג',מעדני הטלה,IL,נקניקיות מיני מרגז 5,,500.00,100 גרם,false,,24.90,0.0498,true,1,16891
7290002512066,false,גחנון אפוי צנעני 600 גרם,YOAL,IL,ג'חנון אפוי צנעני 65,,650.00,100 גרם,false,,20.90,0.0322,true,1,223861
7290002512257,false,מלוואח מופחת שומן רו,צנעני,IL,מלווח מופחת שומן 700,,700.00,100 גרם,false,,17.90,0.0256,true,1,51525
7290002515364,false,"ד""ר פישר - קמיל בלו אל סבון + מילוי 500 מ""ל",פישר מעבדות פרמצבטיו,IL,קמיל בלו אל סבון 500,,500.00,"100 מ""ל",false,,13.90,0.0278,true,1,29066
7290002515371,false,אל סבון קמיל בלו קלאסיק דר פישר 1 ל,"ד""ר פישר Dr fischer",IL,קמיל בלו משפחתי 1 לי,ליטרים,1.00,ליטר,false,,26.90,26.9000,true,1,29067
7290002517337,false,תבלין אורגנו עלים 20 גר',"תבליני טעם וריח בע""מ",IL,תבלין אורגנו בשקית ט,,20.00,100 גרם,false,,6.80,0.3400,true,1,42399
7290002517375,false,תבלין בזיליקום 30 גר' שק',"תבליני טעם וריח בע""מ",IL,תבלין בזיליקום בשקית,,30.00,100 גרם,false,,6.80,0.2267,true,1,42400
7290002517580,false,תערובת תיבול לעוף - 80 גרם,תות ממתקי איכות,IL,תערובת תיבול לעוף טע,,80.00,100 גרם,false,,10.50,0.1313,true,1,42405
7290002517863,false,תבלין ציפורן טחון 80ג',"תבליני טעם וריח בע""מ",IL,תבלין ציפורן טחון טע,,40.00,100 גרם,false,,8.00,0.2000,true,1,42423
7290002542780,false,"שישייה בירה סטלה ארטואה בקבוק 330X6 מ""ל",סטלה ארטואה Stella Artois,BE,סטלה ארטואה בקבוק 6*,ליטרים,1.98,ליטר,false,,35.90,18.1313,true,1,161470
7290002542841,false,"שישייה בירה לף בלונד בקבוק 330X6 מ""ל",לף Leffe,BE,בירה לף בלונד -שישיה,ליטרים,1.98,ליטר,false,,49.90,25.2020,true,1,184128
7290002543046,false,קלוגס פרוסטיס דגנים וסוכר 750ג',קלוג מנייופרטורינג א,ES,פרוסטיס דגני קלוגס 7,,750.00,100 גרם,false,,15.90,0.0212,true,1,5285
7290002543237,false,קלוגס קורן פלקס 750 גרם,קלוגס קומפני אוף גרי,DE,קורנפלקס קלוגס 750 ג,,750.00,100 גרם,false,,14.90,0.0199,true,1,5289
7290002551010,false,טונה סטארקיסט במים 160 גרם,"סטארקיסט פודור בע""מ",TR,טונה סטארקיסט במים 1,,160.00,100 גרם,false,,6.30,0.0394,true,1,26642
7290002552499,false,מאגדת שלגוני שרבט פרווה תות מנגו 8 יח' ריאו,"גלידות ריאו ביח""ר לג",IL,מאגדת שמיניות שלגוני,,720.00,100 גרם,false,,17.00,0.0236,true,1,20544
7290002599036,false,פלפל לבן/שחור,תבליני יונה,IL,פלפל לבן/שחור,יחידה,0.00,יחידה,false,,5.50,0.0000,true,1,10019
7290002603498,false,שגב פיצת השף מאיטליה אנטיפסטי,האי נאם סי או אל.טי.,IT,פיצת השף מאיטליה CHE,,220.00,100 גרם,false,,16.90,0.0768,true,1,16903
7290002627210,false,"גפילטעפיש קציצות מדגי קרפיון וכסיף 560 גר' בעל""ז",האי נאם סי או אל.טי.,IL,גפילטע פיש בצנצנת דל,,560.00,100 גרם,false,,9.80,0.0175,true,1,16906
7290002628088,false,טחון הודו קפוא 500 ג,,,טחון הודו קפוא 500 ג,,500.00,100 גרם,false,,10.90,0.0218,true,1,224033
7290002628293,false,טחון עוף קפוא 500 גרם,,IL,טחון עוף קפוא 500 גר,,500.00,100 גרם,false,,9.90,0.0198,true,1,35302
7290002651116,false,גחנון חמסי 1 קג לא א,מעדני הטלה,IL,"גחנון חמסי 1 ק""ג",קילוגרמים,1.00,"ק""ג",false,,15.90,15.9000,true,1,16907
7290002651123,false,חמסי מלווח 1 קילו,חמסי,IL,"מלווח חמסי 1 ק""ג",קילוגרמים,1.00,"ק""ג",false,,15.90,15.9000,true,1,16908
7290002651253,false,חמסי גחנון אפוי 6 יח,מעדני הטלה,IL,ג'חנון אפוי חמסי 60,,600.00,100 ליטר,false,,15.90,0.0265,true,1,16909
7290002674238,false,"אקווה פרש - משחת שיניים מנטה מרענן 125 מ""ל",,,משחת שיניים א.פרש מנ,,125.00,"100 מ""ל",false,,7.00,0.0560,true,1,3811
7290002692393,false,שמן קנולה מועשר1 ליטר-עץ הזית,שמן תעשיות,IL,שמן קנולה מועשר עץ ה,ליטרים,1.00,ליטר,false,,15.90,15.9000,true,1,29352
7290002692478,false,"שמן זית כתית מעולה קלאסי מעודן 750 מ""ל עץ הזית","מרקאולאו, ספרד.אבסה,",IT,שמן זית כתית מעולה מ,,750.00,"100 מ""ל",false,,33.90,0.0452,true,1,29354
7290002692768,false,"תרסיס קנולה מופחת קלוריות 200 מ""ל עץ הזית",טרנסומס פוד איי בי,IL,תרסיס שמן קנולה עץ ה,,200.00,"100 מ""ל",false,,15.90,0.0795,true,1,29357
7290002692782,false,"תרסיס שמן זית כתית מעולה עץ הזית 150 מ""ל",י.ב טכנולוגיות אריזה,IL,תרסיס שמן זית עץ הזי,,200.00,"100 מ""ל",false,,15.90,0.0795,true,1,29359
7290002703068,false,צנצנת דבש עין חרוד 1,עין חרוד,IL,צנצנת דבש עין חרוד 1,קילוגרמים,1.00,"ק""ג",false,,41.90,41.9000,true,1,47384
7290002703310,false,צנצנת דבש עין חרוד 5,,,צנצנת דבש עין חרוד 5,,500.00,100 גרם,false,,21.90,0.0438,true,1,47389
7290002703358,false,צנצנת דבש עין חרוד 3,עין חרוד,IL,צנצנת דבש עין חרוד 3,,350.00,100 גרם,false,,16.50,0.0471,true,1,47390
7290002703402,false,דבש עין חרוד 400 גרם,,,דבש עין חרוד 400 גרם,,400.00,100 גרם,false,,19.90,0.0497,true,1,47391
7290002703426,false,דבש לחיץ מכוורת 250,,,דבש לחיץ מכוורת 250,,250.00,100 גרם,false,,12.90,0.0516,true,1,47392
7290002703679,false,סילאן 100% טבעי עין,,,סילאן 100% טבעי עין,,900.00,100 גרם,false,,18.90,0.0210,true,1,47396
7290002730262,false,פלמוליב כלים שקוף קלאסי 750 בקבוק חדש,יבואן ומשווק: ש. שסט,GR,פלמוליב לכלים קלאסי,,750.00,"100 מ""ל",false,,11.90,0.0159,true,1,21435
7290002730521,false,צימרוני אוזניים בלונס בקופסא 200 יח',ספטונה,GR,צמרונים בקופסא בלונס,יחידה,0.00,יחידה,false,,6.90,0.0000,true,1,21438
7290002730811,false,"קולגייט משחת שיניים ג'ל משפחתי 100מ""ל",הנסיך- מפעל לייצור ט,PL,משחת שיניים גל משפחת,,100.00,"100 מ""ל",false,,13.10,0.1310,true,1,21442
7290002730941,false,בלונס צמר גפן פרוס 100גר',הנסיך- מפעל לייצור ט,GR,צמר גפן פרוס בלונס 1,,100.00,100 גרם,false,,6.90,0.0690,true,1,21446
7290002730958,false,פלמוליב סבון מוצק? ירוק זית רביעייה * 100 ג',הנסיך- מפעל לייצור ט,TR,סבון מוצק ירוק זית פ,,400.00,100 גרם,false,,16.90,0.0422,true,1,21447
7290002735007,false,"בצק עלים 1 ק""ג ינון",,,"בצק עלים 1 ק""ג",קילוגרמים,1.00,"ק""ג",false,,13.80,13.8000,true,1,20419
7290002735014,false,מלוואח ארוז ינון 800 גר',ג'נרל מילס סאן אדריא,IL,ינון מלווח ארוז 800,,800.00,100 גרם,false,,12.80,0.0160,true,1,20420
7290002735021,false,ינון גחנון ארוז 750גר,ג'נרל מילס סאן אדריא,IL,ינון גחנון ארוז 750,,750.00,100 גרם,false,,11.90,0.0159,true,1,20421
7290002735113,false,בורקס גבינה ינון 800 גר,,,בורקס גבינה ינון 800,,800.00,100 גרם,false,,15.80,0.0198,true,1,20422
7290002735120,false,"בורקס תפו""א ינון 800 גר",,,"בורקס תפו""א ינון 800",,800.00,100 גרם,false,,13.80,0.0173,true,1,20423
7290002735274,false,ינון גחנון אפוי 600 גר,ג'נרל מילס סאן אדריא,IL,ינון גחנון אפוי 600,,600.00,100 גרם,false,,14.80,0.0247,true,1,20426
7290002752332,false,"סוכריות מנטוס פירות בגליל, 37.5 גרם",הדקלאים אגודת שיתופי,NL,מנטוס .סוכריות פירות,,37.50,100 גרם,false,,2.90,0.0773,true,1,12744
7290002752493,false,רביעיה סוכריות מנטה 4* 16 ג' טיק טק,פררו,EC,טיק טק 1/4,,64.00,100 גרם,false,,11.50,0.1797,true,1,41465
7290002757139,false,מלוואח 700 גר' שלושת האופים קהילות,שלושת האופים,IL,שלושת האופים מלוואח,,700.00,100 גרם,false,,12.90,0.0184,true,1,16927
7290002757146,false,"קובה חמוסטה למרק שלושת האופים 1ק""ג",שלושת האופים,IL,שלושת האופים קובה חמ,קילוגרמים,1.00,"ק""ג",false,,16.90,16.9000,true,1,16928
7290002757511,false,דלידג קציצות דג לבישול 750 גר קהילות,האי נאם סי או אל.טי.,IL,דלידג קציצות דג לביש,,750.00,100 גרם,false,,30.90,0.0412,true,1,16930
7290002757535,false,בורקס פילו אצבעות גבינה 700 ג' שלושת האופים,שלושת האופים,IL,בורקס פילו אצבעות גב,,700.00,100 גרם,false,,19.90,0.0284,true,1,16932
7290002757672,false,המבורגר מזרחי טיבון ויל 400ג',,,המבורגר 400גרם נטו,,400.00,100 גרם,false,,9.90,0.0248,true,1,16935
7290002768159,false,"בת אורן סבון קצף לאמבט 500 מ""ל",פארק תעשיות עמק חפרמ,IL,קצף אמבט בת אורן 500,,500.00,"100 מ""ל",false,,16.90,0.0338,true,1,29847
7290002782131,false,"פנינה רוזנבלום - דאודורנט ספריי לאישה מס' 1 150 מ""ל",ביסקול תמרוקים,IL,דאו' ספריי לאישה פ.ר,,150.00,"100 מ""ל",false,,21.90,0.1460,true,1,18111
7290002782742,false,"פנינה רוזנבלום - דאודורנט ספריי לאישה מס' 2 150 מ""ל",ביסקול תמרוקים,IL,פנינה דאודורנט ספריי,,150.00,"100 מ""ל",false,,15.90,0.1060,true,1,18113
7290002782759,false,"פנינה קרם גוף רוזנבלום 400 מ""ל",א.ל ארמן,IL,קרם גוף מס' 2 פנינה,,400.00,"100 מ""ל",false,,22.90,0.0572,true,1,18114
7290002787884,false,מקלות בורקס פילו תפוח אדמה,שגמור,IL,שלושת האופים מקלות פ,,600.00,100 גרם,false,,19.90,0.0332,true,1,16963
7290002793311,false,שירות והחלפה מילוי גז 60 סודהסטרים,סודה סטרים,IL,מילוי למכשיר 50,יחידה,0.00,יחידה,false,,60.00,0.0000,true,1,17526
7290002814054,false,סנט מוריץ מתז אנטרטיק מתז 1 ליטר,"קומפלקס כימיקלים בע""",IL,אנטרקטיק במתז 1 ליטר,ליטרים,1.00,ליטר,false,,8.90,8.9000,true,1,20102
7290002814160,false,מסיר שומנים קר סנט מ,,,מסיר שומנים קר סנט מ,יחידה,0.00,יחידה,false,,18.90,0.0000,true,1,20106
7290002814290,false,BLANCO קצף אקונומיקה מרוכז 1 ליטר בניחוח לימון,קומפלקס כימיקלים,IL,קצף מרוכז 1 ליטר בלנ,ליטרים,1.00,ליטר,false,,10.90,10.9000,true,1,83583
7290002814603,false,"סנט מוריץ - מרסס מסיר שומנים קר מבושם לימון 750 מ""ל","קומפלקס כימיקלים בע""",IL,מסיר שומנים קר מבושם,,750.00,"100 מ""ל",false,,10.90,0.0145,true,1,20118
7290002814870,false,"סנט מוריץ - מרסס מסיר שומנים קר מבושם לוונדר\פרחים 750 מ""ל",,IL,מסיר שומנים קר מבושם,,750.00,"100 מ""ל",false,,10.90,0.0145,true,1,20119
7290002824183,false,גבינה לבנה 5% שומן 500 ג' שטראוס,מיוצר עי קונדיטוריית,IL,גבינה לבנה 5% סקי 50,,500.00,100 ליטר,false,,8.90,0.0178,true,1,23264
7290002824466,false,יוגורט דנונה ביו 0% 200 גרם,"שטראוס בריאות בע""מ",IL,דנונה יוגורט ביו 0%,,200.00,"100 מ""ל",false,,3.90,0.0195,true,1,23265
7290002824640,false,גבינה שטראוס 5% 250 ג',מיוצר עי קונדיטוריית,IL,גבינה 5% סקי 250 גרם,,250.00,100 גרם,false,,4.98,0.0199,true,1,23266
7290002825722,false,סלט כרוב אדום אחלה 5,מיוצר עי קונדיטוריית,IL,אחלה כרוב אדום 500ג,,500.00,100 גרם,false,,14.10,0.0282,true,1,23268
7290002827306,false,נקניקיות עוף ירושלים מחפוד 400 ג',,,עוף ירושלים נקניקיות,,400.00,100 ליטר,false,,10.90,0.0273,true,1,47063
7290002827337,false,נקניקיות עוף פיקנטי חריף 400 מחפוד,,,עוף ירושלים נקניקיות,,400.00,100 ליטר,false,,10.90,0.0273,true,1,47066
7290002868996,false,קוטג' 5% מועשר טרה 250ג' מהדרין,טרה,IL,טרה קוטג מועשר 5% 25,,250.00,100 גרם,false,,5.60,0.0224,true,1,6382
7290002881254,false,קוקטייל פירות טרופי תומר 820 ג',סאן רייז,TH,קוקטייל טרופי תומר 8,,850.00,100 גרם,false,,9.90,0.0116,true,1,24948
7290002881612,false,לפתן דובדבנים חמוצים 680 גרם,Fructo sliven jsc,BG,לפתן דובדבנים חמוצים,,700.00,100 גרם,false,,8.90,0.0127,true,1,24966
7290002900566,false,פסטרמה ברביקיו דל שומן טירת צבי 360 ג',הנסיך- מפעל לייצור ט,IL,פסטרמה ברביקיו דל שו,,360.00,100 גרם,false,,27.90,0.0775,true,1,25347
7290002904694,false,"טיטניום דאודורנט ספריי לגברים 150 מ""ל","אמיליה קוסמטיקס בע""מ",IL,דאודורנט ספריי קלאסי,,180.00,"100 מ""ל",false,,15.90,0.0883,true,1,29848
7290002909880,false,"פולי סויה - אדממה - 400 גרם (בד""ץ עדה חרדית)",ZHEJIANG,CN,פולי סויה אדממה בלדי,,400.00,100 גרם,false,,11.90,0.0298,true,1,35306
7290002909972,false,שעועית ירוקה שלמה בלדי 800 גר',,,שעועית ירוקה שלמה מו,,800.00,100 גרם,false,,11.90,0.0149,true,1,327788
7290002909989,false,"שעועית ירוקה חתוכה 800 גר' בד""ץ (ממותג)",,,שעועית ירוקה חתוכה ב,,800.00,100 גרם,false,,11.90,0.0149,true,1,327773
7290002923466,false,טחון בקר 1 ק`ג,,,טחון בקר 1 ק`ג,קילוגרמים,1.00,"ק""ג",false,,24.90,24.9000,true,1,16971
7290002971955,false,קמח שטיבל חיטה לבן מנופה 1קג,טחנת קמח דגן-שטיבל,IL,קמח לבן 650 ללא צורך,קילוגרמים,1.00,"ק""ג",false,,8.50,8.5000,true,1,9224
7290002972006,false,"קמח שטיבל 405 ללא ניפוי 1 ק""ג",טחנת קמח דגן-שטיבל,IL,קמח בהיר 405 ללא צור,קילוגרמים,1.00,"ק""ג",false,,8.50,8.5000,true,1,9227
7290002972365,false,קמח תופח שטיבל 13 ללא צורך בניפוי 1 קג,מיוצר עי קונדיטוריית,IL,קמח תופח ללא צורך בנ,קילוגרמים,1.00,"ק""ג",false,,8.50,8.5000,true,1,9228
7290002973669,false,"קמח שטיבל ללחם 2 ללא ניפוי 1 ק""ג",טחנת קמח דגן-שטיבל,IL,קמח לחם ללא צורך בני,קילוגרמים,1.00,"ק""ג",false,,7.90,7.9000,true,1,101897
7290002973829,false,"קמח כוסמין לבן ללא ניפוי שטיבל 1 ק""ג","שטיבל בע""מ",IL,קמח כוסמין לבן ללא צ,קילוגרמים,1.00,"ק""ג",false,,14.90,14.9000,true,1,105796
7290002986652,false,גטניו פתי בר שוקו 470 גרם,"אחים גטניו בע""מ",,גטניו - פתיבר שוקו 4,,470.00,100 גרם,false,,9.90,0.0211,true,1,41262
7290002987963,false,"סלט חומוס אחלה 1 ק""ג",מיוצר עי קונדיטוריית,IL,אחלה חומוס 1קג,קילוגרמים,1.00,"ק""ג",false,,13.90,13.9000,true,1,23269
7290003009312,false,בוטן קלוי קלית גת 200 ג',הדקלאים אגודת שיתופי,IL,בוטן קלוי 200 גרם,,200.00,100 גרם,false,,6.60,0.0330,true,1,12749
7290003009329,false,בוטן אמריקאי קלית גת 200 ג',הדקלאים אגודת שיתופי,IL,בוטן אמריקאי מצופה 2,,200.00,100 גרם,false,,6.50,0.0325,true,1,12750
7290003009336,false,קבוקים מצופים קליית,הדקלאים אגודת שיתופי,IL,קבוקים מצופים 200 גר,,200.00,100 גרם,false,,6.50,0.0325,true,1,12751
7290003009640,false,מיץ סחוט תפוזים 1 ל' פריגת,פריגת מצוננים,IL,פריגת סחוט מיץ תפוזי,ליטרים,1.00,ליטר,false,,15.90,15.9000,true,1,6384
7290003015627,false,ריצפז פרש 2 ליטר אפרסק מרכז,"סנו מפעלי ברונוס בע""",IL,ריצפז פרש אפרסק 2 לי,ליטרים,2.00,ליטר,false,,18.90,9.4500,true,1,29857
7290003015641,false,סנו ריצפז פרש 2 ליטר יסמין,סנו,IL,ריצפז פרש יסמין 2 לי,ליטרים,2.00,ליטר,false,,18.90,9.4500,true,1,29859
7290003026234,false,"ד""ר פישר - קמיל בלו תחליב לתינוק 500 מ""ל",פישר מעבדות פרמצבטיו,IL,קמיל בלו תחליב לתינו,,500.00,100 גרם,false,,30.90,0.0618,true,1,29072
7290003029181,false,משקה יטבתה שוקו' בקבוק 1ל מהדרין,שטראוס גרופ,IL,יטבתה שוקו בקבוק 1ל,ליטרים,1.00,ליטר,false,,10.90,10.9000,true,1,23273
7290003029372,false,משקה חלב בננה בקבוק 1ל' יוטבתה,שטראוס גרופ,IL,יטבתה משקה חלב בננה,ליטרים,1.00,ליטר,false,,10.90,10.9000,true,1,23276
7290003029389,false,"משקה חלב בננה פקק ספורט 250 מ""ל יוטבתה",שטראוס גרופ,IL,יטבתה משקה חלב בננה+,,250.00,"100 מ""ל",false,,5.50,0.0220,true,1,23277
7290003029433,false,"משקה יטבתה שוקו פקק 250 מ""ל מהדרין",שטראוס גרופ,IL,יטבתה שוקו +פקק 250,,250.00,"100 מ""ל",false,,5.50,0.0220,true,1,23278
7290003029532,false,מוקה בקבוק 1 ל' יוטבתה,שטראוס גרופ,IL,יטבתה מוקה 1ל,ליטרים,1.00,ליטר,false,,10.90,10.9000,true,1,23280
7290003029792,false,"משקה יטבתה שוקו שקיות מהדרין מארז 225X8מ""ל",שטראוס גרופ,IL,יטבתה מהדרין שוקו שק,ליטרים,1.80,ליטר,false,,19.90,11.0556,true,1,23282
7290003029815,false,חלב יוטבתה מועשר 3% בכד 2ל',שטראוס גרופ,IL,חלב מועשר בכד2 ליטר,ליטרים,2.00,ליטר,false,,15.90,7.9500,true,1,23283
7290003029907,false,משקה יטבתה אייס קפה 1ליטר,שטראוס גרופ,IL,יטבתה אייס קפה 1ל,ליטרים,1.00,ליטר,false,,10.90,10.9000,true,1,23285
7290003047642,false,תה שחור יילו לייבל 100*1.5 ג' שקיק ליפטון,"יונילוור רוסייה בע""מ",RU,תה ליפטון יילו לייבל,,150.00,100 גרם,false,,11.90,0.0793,true,1,10323
7290003072859,false,רוסטביף טירת צבי 120 ג',הנסיך- מפעל לייצור ט,IL,רוסטביף טירת צבי 120,,120.00,100 גרם,false,,22.90,0.1908,true,1,56425
7290003072965,false,קבנוס חריף מעושן טירת צבי 120 גרם,טירת- צבי,IL,קבנוס חריף מעושן 120,,120.00,100 גרם,false,,9.90,0.0825,true,1,132375
7290003072972,false,קבנוס בתיבול מעושן טירת צבי 120 גרם,טירת- צבי,IL,קבנוס בתיבול שום 120,,120.00,100 גרם,false,,9.90,0.0825,true,1,132376
7290003102136,false,צמר גפן COTTON SOFT רפואי 100 גר' 3102136,הדקלאים אגודת שיתופי,TR,צמר גפן כוטון סופט 1,,100.00,100 גרם,false,,4.90,0.0490,true,1,868
7290003107216,false,קמח לבן בהיר ארוז,טחנות קמח דגן בעמ,IL,"קמח לבן דגן 1 ק""ג",קילוגרמים,1.00,"ק""ג",false,,6.50,6.5000,true,1,9234
7290003107223,false,"סולת לנדא ארוז 1 ק""ג",טחנות קמח דגן בעמ,IL,"סולת חיטה דגן 1 ק""ג",קילוגרמים,1.00,"ק""ג",false,,6.50,6.5000,true,1,9235
7290003107315,false,"סולת בד""צ ארוז 1 ק""ג",,,"סולת דגן 1 ק""ג",קילוגרמים,1.00,"ק""ג",false,,4.50,4.5000,true,1,9238
7290003107346,false,טחנת קמח דגן קמח 1 קג,,,קמח חיטה לבן דגן 1 ק,קילוגרמים,1.00,"ק""ג",false,,4.50,4.5000,true,1,9240
7290003107360,false,קמח לבן בהיר ללא בני,טחנות קמח דגן בעמ,IL,קמח לבן בהיר ללא בני,קילוגרמים,1.00,"ק""ג",false,,8.90,8.9000,true,1,224050
7290003119110,false,קוקה קולה שישייה 1.5,,,קוקה קולה 6*1.5ליטר,ליטרים,9.00,ליטר,false,,48.10,5.3444,true,1,6923
7290003126712,false,"משק צוריאל יוגורט עיזים 3% ביו 140מ""ל",מחלבת משק צוריאל,IL,צוריאל יוגורט עיזים,,150.00,"100 מ""ל",false,,6.40,0.0427,true,1,6388
7290003126958,false,טופו גבינה גוש בואקום צוריאל 300 ג',א.י.ן תעשיות מזון בע,IL,צוריאל גבינה גוש טופ,,300.00,100 גרם,false,,11.90,0.0397,true,1,6389
7290003133123,false,לחם זהב עגול אוקראיני 750 ג',מאפיית דוידוביץ ובני,IL,לחם אוקראיני מיוחד ע,,750.00,100 גרם,false,,12.90,0.0172,true,1,354838
7290003133505,false,לחם שיפונטו דוידוביץ,,,לחם שיפונטו דוידוביץ,,750.00,100 גרם,false,,12.90,0.0172,true,1,354808
7290003143146,false,ממרח תמרים קליית גת 450 גרם,הדקלאים אגודת שיתופי,IL,ממרח תמרים 450 גרם,,450.00,100 גרם,false,,6.50,0.0144,true,1,12766
7290003145751,false,קשיו קלוי קליית גת 200 גר,הדקלאים אגודת שיתופי,IL,קשיו קלוי 200 גרם,,200.00,100 גרם,false,,14.90,0.0745,true,1,12786
7290003145959,false,פקאן טבעי 150 גרם קליית גת,ליימן מותגים,IL,אגוז פקאן טבעי 150 ג,,150.00,100 גרם,false,,19.90,0.1327,true,1,12789
7290003163939,false,מעדני הטלה נקניקיות,יושלם,,"נקניקיות גריל 1.5 ק""",קילוגרמים,1.50,"ק""ג",false,,24.90,16.6000,true,1,16993
7290003187843,false,טחון עגל 100% בשר 50,טיבון ויל אחזקות בעמ,IL,טחון עגל 100% בשר 50,,500.00,100 גרם,false,,29.90,0.0598,true,1,16998
7290003208586,false,"וורמוט מרטיני לבן 750 מ""ל",מרטיני ורוסי,IT,מרטיני ביאנקו 750 מל,,750.00,"100 מ""ל",false,,45.90,0.0612,true,1,13378
7290003220533,false,"רוטב צ'ילי מתוק ווק 700 מ""ל",תאי פרידה אינדסטרי ב,TH,רוטב צ'ילי מתוק 700,,700.00,"100 מ""ל",false,,10.90,0.0156,true,1,41279
7290003229116,false,פסטרמה בדבש 400 גרםטירת צבי,הנסיך- מפעל לייצור ט,IL,א.מ פסטרמה בדבש 400,,400.00,100 גרם,false,,26.90,0.0672,true,1,25374
7290003229123,false,פסטרמה על גחלים 400 גרםטירת צבי,הנסיך- מפעל לייצור ט,IL,א.מ. פסטרמה על גחלים,,400.00,100 ליטר,false,,26.90,0.0672,true,1,25375
7290003229147,false,נקניק סלמי איטלקי טירת צבי 300 ג',הנסיך- מפעל לייצור ט,IL,סלמי בסגנון איטלקי 3,,300.00,100 גרם,false,,26.90,0.0897,true,1,25376
7290003229154,false,סלמי קוניאק מובחר טירת צבי 300 ג',הנסיך- מפעל לייצור ט,IL,א.מ. סלמי קוניאק מוב,,300.00,100 גרם,false,,24.90,0.0830,true,1,25377
7290003229192,false,כתף בקר מעושן טירת צבי 400 ג' צבי,טיב טירת צבי 2000,IL,א.מ. כתף בקר מעושן 4,,400.00,100 גרם,false,,26.90,0.0672,true,1,25379
7290003251308,false,אציטון משובח 100מל,שוורץ,,"אציטון משובח 100 מ""",,100.00,"100 מ""ל",false,,3.90,0.0390,true,1,21175
7290003268252,false,לחם חיטה מלא לילדים 750 ג' דגנית עין בר,יוניליוור גרמניה Gm,IL,לחם חיטה מלא ללא גרע,,750.00,100 גרם,false,,13.90,0.0185,true,1,4507
7290003268429,false,לחם ירוק מקמח מלא 750 ג' דגנית עין בר,מולינו ניקולי s.p.a,IL,לחם מקמח מלא דגנית 7,,750.00,100 גרם,false,,14.90,0.0199,true,1,4508
7290003287253,false,נקנקיות מרגז בלאדי 500 ג',קרלו,IL,מרגז קצביה ארוז 600,,600.00,100 גרם,false,,28.90,0.0482,true,1,35309
7290003287260,false,צ'וריסוס קצביה 600 ג' - 8 יח',בלדי,IL,צוריסוס קצביה ארוז 6,,600.00,100 גרם,false,,28.90,0.0482,true,1,35310
7290003287284,false,קבב ביתי קצביה ארוז 600 ג' - 8 יח',בלדי,IL,קבב ביתי קצביה ארוז,,600.00,100 גרם,false,,28.90,0.0482,true,1,35311
7290003287291,false,קבב טלה וצנובר קצביה ארוז 600 ג' - 8 יח',יוליניבר,IL,קבב טלה וצנובר קצביה,,600.00,100 גרם,false,,28.90,0.0482,true,1,224034
7290003287307,false,קבב רומני קצביה ארוז 600 ג' - 8 יח',,,קבב רומני קצביה ארוז,,600.00,100 גרם,false,,26.90,0.0448,true,1,35312
7290003287314,false,קבב על מקל קינמון קצביה ארוז 520 ג' - 8 יח',,,קבב על מקל קינמון קצ,,520.00,100 גרם,false,,26.90,0.0517,true,1,224035
7290003318100,false,וופל בטעם שוקולד מנעמים 200 ג',מנעמים תעשיות מזון,IL,ופל שוקו מנעמים 200,,200.00,100 גרם,false,,4.30,0.0215,true,1,36050
7290003318131,false,ופל קלאסיק אגוז 200 גרם מנעמים,מנעמים תעשיות מזון,IL,ופל אגוז מנעמים 200,,200.00,100 גרם,false,,4.30,0.0215,true,1,36051
7290003318155,false,וופל טעם לימון מנעמים 200 ג',מנעמים תעשיות מזון,IL,ופל לימון מנעמים 200,,250.00,100 גרם,false,,4.30,0.0172,true,1,36052
7290003318599,false,וופל וניל 200 גרם מנעמים,מנעמים תעשיות מזון,IL,ופל וניל מנעמים 200,,200.00,100 גרם,false,,4.30,0.0215,true,1,36054
7290003321155,false,יוגורט בר עם פקאן מצופה שוקולד 183 ג' דנונה,"שטראוס בריאות בע""מ",IL,דנונה קראנצ' ששבי פק,,183.00,"100 מ""ל",false,,4.90,0.0268,true,1,23286
7290003321292,false,גבינה לבנה 9% שומן 250 ג' שטראוס,מיוצר עי קונדיטוריית,IL,גבינה 9% סקי 250 גרם,,250.00,100 גרם,false,,4.90,0.0196,true,1,23287
7290003332014,false,קפה נחלה אדום עם הל,קפה נחלה,IL,קפה נחלה סובחי 500 ג,,500.00,100 גרם,false,,27.90,0.0558,true,1,33763
7290003332021,false,"קפה נחלה סובחי 1 ק""ג",,,"קפה נחלה סובחי 1 ק""ג",קילוגרמים,1.00,"ק""ג",false,,50.90,50.9000,true,1,33764
7290003332045,false,קפה נחלה אדום ללא הל 250ג',קפה אל נחלה,,קפה נחלה סובחי 250 ג,,250.00,100 גרם,false,,13.90,0.0556,true,1,33765
7290003387410,false,בלונס פדים להסרת איפור שלישייה,SEPTONA S.A.,GR,מגבונים להסרת איפור,יחידה,0.00,יחידה,false,,19.90,0.0000,true,1,21450
7290003401369,false,"קרם לחות ועיצוב לשיער חוחובה נטורל 400 מ""ל",מיוצר עי אמיליה קוסמ,IL,קרם לחות ועיצוב לשיע,,400.00,"100 מ""ל",false,,19.90,0.0497,true,1,29863
7290003401376,false,"קרם לחות ועיצוב לשיער אלוורה נטורל 400 מ""ל",מיוצר עי אמיליה קוסמ,IL,קרם לחות ועיצוב לשיע,,400.00,"100 מ""ל",false,,19.90,0.0497,true,1,29864
7290003411238,false,שמרים יבשים נמסים הנ,ברוגמאן גנט,BE,ברוגמן שמרים יבשים נ,,500.00,100 גרם,false,,14.90,0.0298,true,1,7839
7290003411696,false,"מרקיות לבן ח""פ הנמל 25 יח'",פלסטכים תורכיה,IL,מרקיות חד פעמי 25 יח,יחידה,0.00,יחידה,false,,9.90,0.0000,true,1,7852
7290003411993,false,גפרורים הנמל 10 יחיד,"איטיליאן פוד, אס.פי.",SE,גפרורים 10 יחידות,יחידה,0.00,יחידה,false,,2.90,0.0000,true,1,7863
7290003427154,false,"שמן זית כתית מעולה מעודן זיתא 750 מ""ל",זיתא – י.ט.ב תעשיות,IL,שמן זית כתית מעולה ז,,750.00,"100 מ""ל",false,,33.90,0.0452,true,1,24627
7290003438013,false,ממרח זיתים ירוקים אוליביה 190 גרם,אוליביה,IL,אוליביה ממרח זיתים א,,190.00,100 גרם,false,,12.90,0.0679,true,1,51977
7290003438020,false,ממרח עגבניות מיובשות אוליביה 190 גר,מיוצר עי קונדיטוריית,IL,אוליביה ממרח עגבניות,,190.00,100 גרם,false,,12.90,0.0679,true,1,51978
7290003438853,false,אוליביה ממרח אריסה חריפה 185 גר ',אוליביה,IL,אוליביה ממרח אריסה ח,,185.00,100 גרם,false,,12.90,0.0697,true,1,51981
7290003438990,false,עיטורי עגבניות מיובשות וזיתים אוליביה 280 ג',אוליביה גורמה בעמ,IL,עיטורי עגבניות מיובש,,220.00,100 גרם,false,,16.90,0.0768,true,1,51982
7290003450602,false,חרדל אמיתי צהוב בקבוק לחיץ 255 גר,היינץ צפון אמריקה מק,US,חרדל אמיתי צהוב בקבו,,255.00,100 גרם,false,,9.90,0.0388,true,1,5304
7290003521074,false,"ד""ר פישר - סרקל מרכך שיער לילדים 1 ליטר",הדקלאים אגודת שיתופי,IL,סרקל מרכך שיער לילדי,יחידה,0.00,יחידה,false,,29.90,0.0000,true,1,29077
7290003521081,false,"ד""ר פישר - סרקל שמפו לילדים 1 ליטר","ד""ר פישר Dr fischer",IL,סרקל שמפו לילדים 1 ל,ליטרים,1.00,ליטר,false,,29.90,29.9000,true,1,29078
7290003521166,false,"ד""ר פישר - סרקל קרם רוזמרין לילדים 325 מ""ל","ד""ר פישר Dr fischer",IL,סרקל קרם רוזמרין 325,,325.00,"100 מ""ל",false,,24.90,0.0766,true,1,29079
7290003521197,false,"ד""ר פישר - סרקל תרסיס מתיר קשרים 340 מ""ל",פישר מעבדות פרמצבטיו,IL,סרקל מתיר קשרים 340,,340.00,"100 מ""ל",false,,24.90,0.0732,true,1,29081
7290003525461,false,סלט טונה פקנטי 160 ג' ויליגר,,,סלט טונה פיקנטי וילי,,160.00,100 גרם,false,,7.00,0.0438,true,1,17004
7290003525898,false,סלט טונה שלישיה * 180 ג' וילגיר,,,סלט טונה ויליגר שליש,,480.00,100 גרם,false,,14.90,0.0310,true,1,17007
7290003525904,false,סלט טונה פיקנטי שלישיה * 160 ג',,,סלט טונה פיקנטי וילי,,480.00,100 גרם,false,,14.90,0.0310,true,1,17008
7290003550753,false,טונה פוסידון בשמן רביעיה *108 ג',"מיוצר עי וליגר בעמ,",IL,טונה בהירה בשמן פוסי,,308.00,100 גרם,false,,19.90,0.0646,true,1,17022
7290003578108,false,חתיכות אננס בסירופ קל וילי פוד 850 גרם,טקרנג פינאפל אינדסטר,TH,אננס חתוך ויליפוד 85,,490.00,100 גרם,false,,8.90,0.0182,true,1,2867
7290003578177,false,תירס גמדי שלם ויליפוד 410 ג',מגסטיק פוד אידסטרי ק,TH,תירס גמדי שלם ויליפו,,210.00,100 גרם,false,,6.60,0.0314,true,1,2870
7290003578313,false,דובדבנים חמוצים ללא חרצנים 680גר,דל מונטה היילס אס.אי,HR,דובדבנים חמוצים ללא,,350.00,100 גרם,false,,8.90,0.0254,true,1,2873
7290003643004,false,"אורז בסמטי קלאסי 1 ק""ג סוגת",האי נאם סי או אל.טי.,IL,"סוגת אורז בסמטי 1 ק""",קילוגרמים,1.00,"ק""ג",false,,12.90,12.9000,true,1,17321
7290003643134,false,סוגת סוכר וניל 10 יח,גוד פוד פרודקטס S.p,IL,סוגת סוכר וניל 10 יח,,100.00,100 גרם,false,,2.50,0.0250,true,1,17323
7290003643165,false,קורנפלור 500 ג' סוגת,,,קונפלור 500 גרם,,500.00,100 גרם,false,,4.90,0.0098,true,1,17326
7290003643325,false,קוסקוס בינוני 350 גרם סוגת,"אסיף תעשיות מזון בע""",IL,קוסקוס בינוני סוגת 3,,350.00,100 גרם,false,,4.80,0.0137,true,1,17329
7290003643387,false,"סוכר לבן בצנצנת 1 ק""ג סוגת",האי נאם סי או אל.טי.,IL,סוכר לבן בצנצנת סוגת,קילוגרמים,1.00,"ק""ג",false,,9.90,9.9000,true,1,17332
7290003643646,false,"סוכר דמררה קלאסי בצנצנת סוגת 1 ק""ג",האי נאם סי או אל.טי.,IL,סוכר דמררה בצנצנת חו,קילוגרמים,1.00,"ק""ג",false,,12.90,12.9000,true,1,17333
7290003643684,false,אפונה יבשה סוגת 500 גר',האי נאם סי או אל.טי.,IL,אפונה יבשה 500 גרם,,500.00,100 גרם,false,,5.90,0.0118,true,1,17334
7290003643714,false,סוגת חומוס 500 גרם,האי נאם סי או אל.טי.,IL,חומוס 500 גרם,,500.00,100 גרם,false,,7.90,0.0158,true,1,17336
7290003643738,false,סוגת חיטה 500 גרם,האי נאם סי או אל.טי.,IL,סוגת חיטה 500 גר,,500.00,100 ליטר,false,,5.50,0.0110,true,1,17337
7290003643745,false,סוגת כוסמת 500 גרם,האי נאם סי או אל.טי.,IL,כוסמת 500 גרם,,500.00,100 גרם,false,,7.90,0.0158,true,1,17338
7290003643752,false,עדשים ירוקים יבש סוגת 500 גר',האי נאם סי או אל.טי.,IL,עדשים ירוקות 500 גרם,,500.00,100 גרם,false,,7.90,0.0158,true,1,17339
7290003643769,false,עדשים אדומים יבש סוגת 500 גר',"סוגת תעשיות בע""מ",IL,עדשים אדומות 500 גרם,,500.00,100 גרם,false,,7.90,0.0158,true,1,17340
7290003643776,false,"פופקורן גרעינים סוגת 500 ג' כשל""פ",האי נאם סי או אל.טי.,IL,סוגת פופקורן 500 גרם,,500.00,100 גרם,false,,5.50,0.0110,true,1,17341
7290003643783,false,קוקוס סוגת 100 גרם,האי נאם סי או אל.טי.,IL,קוקוס 100 גר,,100.00,100 גרם,false,,3.90,0.0390,true,1,17342
7290003643806,false,שעועית לבנה יבשה סוגת 500 ג',האי נאם סי או אל.טי.,IL,שעועית לבנה 500 גרם,,500.00,100 גרם,false,,10.90,0.0218,true,1,17343
7290003643813,false,שעועית אדומה יבשה סוגת 500 גר',האי נאם סי או אל.טי.,IL,שעועית אדומה 500 גרם,,500.00,100 גרם,false,,10.90,0.0218,true,1,17344
7290003681334,false,קוקוס טחון 400 גרם ב,מיה,IL,קוקוס 400 גר. בדצ,,400.00,100 גרם,false,,11.90,0.0298,true,1,14962
7290003681365,false,סוכריות קישוט לעוגה צבעוני 70 גר' מיה,"מיה תעשיות מזון בע""מ",IL,70 סוכריות קישוט לעו,,70.00,100 גרם,false,,4.90,0.0700,true,1,14964
7290003681532,false,דובדבנים מסוכרים 80 גר' מיה,מיה תעשיות מזון,IL,דובדבן מסוכר 80 גרם,,80.00,100 גרם,false,,5.90,0.0738,true,1,14969
7290003681693,false,חומוס לבן ענק יבש מיה 500 גר',"מיה תעשיות מזון בע""מ",IL,חומוס לבן ענק מיה 50,,500.00,100 גרם,false,,10.90,0.0218,true,1,14978
7290003681716,false,גריסי פנינה מיה 500 גר',"מיה תעשיות מזון בע""מ",IL,גריסי פנינה 500 גרם,,500.00,100 גרם,false,,4.90,0.0098,true,1,14979
7290003706167,false,בצל ירוק ארוז,,,בצל ירוק ארוז,,1.00,יח',false,,5.90,5.9000,true,1,35551
7290003718610,false,"במיה 400 ג' בית יוסף כשל""פ",,,במיה מוקפאת בלדי 400,,400.00,100 גרם,false,,11.90,0.0298,true,1,327685
7290003718627,false,"פול ירוק 400 ג' בית יוסף כשל""פ",,,פול ירוק בלדי 400 גר,,400.00,100 גרם,false,,11.90,0.0298,true,1,327730
7290003726615,false,טופו הבית משק ויילר,הדקלאים אגודת שיתופי,IL,טופו ויילר 300 גרם.,,300.00,100 גרם,false,,10.90,0.0363,true,1,23289
7290003864478,false,סרדינים בשמן צמחי ויליפוד 110ג' פתח קל,גולדן פרייז קאנינג א,TH,סרדין בשמן צמחי וילי,,110.00,100 גרם,false,,4.90,0.0445,true,1,2882
7290003864485,false,סרדינים ברוטב עגבנ יות ויליפוד 110ג' פתח קל,גולדן פרייז קאנינג א,TH,סרדינים ברוטב עגבניו,,120.00,100 גרם,false,,4.90,0.0408,true,1,2883
7290003864492,false,סרדינים בשמן צמחי חריף פתח קל ויליפוד 110ג',גולדן פרייז קאנינג א,TH,סרדין בשמן צמחי חריף,,120.00,100 גרם,false,,4.90,0.0408,true,1,2884
7290003882922,false,עלי גפן ממולאים באורז ויליפוד 400ג',הזה פלאקספו פוד קו ב,CN,עלי גפן ממולאים באור,,360.00,100 גרם,false,,8.90,0.0247,true,1,2887
7290003903771,false,קפוצ'ינו פחית עלית 200ג',שטראס קפה בי.וי,IL,עלית קפוצינו פחית 20,,200.00,100 גרם,false,,24.90,0.1245,true,1,22230
7290003903788,false,קפוצ'ינו וניל פחית עלית 200ג',שטראס קפה בי.וי,IL,עלית קפוצינו טעם וני,,200.00,100 גרם,false,,24.90,0.1245,true,1,22231
7290003976607,false,גל אקונומיקה סמיכה לבנדר טאצ' לבנדר 4 ל',,,ג'ל אקונומיקה סמיכה,ליטרים,4.00,ליטר,false,,12.50,3.1250,true,1,93726
7290003976614,false,גל אקונומיקה סמיכה פרחים טאצ' לבנדר 4 ל',,,ג'ל אקונומיקה סמיכה,ליטרים,4.00,ליטר,false,,12.50,3.1250,true,1,93727
7290003976980,false,טאצ' ניקוי כללי ורצפות בתוספת חומץ 2 ליטר,,,ג'ל ניקוי כללי ורצפו,ליטרים,2.00,ליטר,false,,17.90,8.9500,true,1,233746
7290003976997,false,ג'ל ניקוי כללי ורצפות בתוספת סודה טאצ 2 ל',,,ג'ל ניקוי כללי ורצפו,ליטרים,2.00,ליטר,false,,17.90,8.9500,true,1,233747
7290003989096,false,חציל פיקנטי אחלה 500 גרם,מיוצר עי קונדיטוריית,IL,אחלה חציל פיקנטי 500,,500.00,100 גרם,false,,15.60,0.0312,true,1,23292
7290003989539,false,לורנצו רביולי במילוי גבינה,מיוצר עי קונדיטוריית,IL,EAT GOOD רביולי גבינ,,400.00,100 ליטר,false,,16.90,0.0422,true,1,23293
7290004011277,false,"ריצ' לבישול והקרמה 220 מ""ל","אינסטנטה בע""מ",IL,שמנת לבישול על בסיס,,220.00,"100 מ""ל",false,,8.90,0.0405,true,1,17025
7290004011284,false,ריצ בסיס להכנת קצפת 25% 212מל,ריצ' פרודקטס קורפריי,US,ריצ בסיס להכנת קצפת,,212.00,"100 מ""ל",false,,6.80,0.0321,true,1,17026
7290004011338,false,"קצפת מתוקה מכונה 250 מ""ל ריץ'",האי נאם סי או אל.טי.,IT,ריצ קצפת במיכל 250מל,,250.00,"100 מ""ל",false,,8.90,0.0356,true,1,17028
7290004011345,false,"קצפת ריצ` פרווה במיכל 250 מ""ל",האי נאם סי או אל.טי.,IT,קצפת ריץ במיכל פרווה,,238.00,"100 מ""ל",false,,8.90,0.0374,true,1,17029
7290004011796,false,קבבונים בקר קפוא אל גאוצ''ו 400ג',"טיבון ויל אחזקות בע""",IL,אל גאוצו קבבונים 400,,400.00,100 גרם,false,,21.90,0.0547,true,1,17035
7290004011802,false,צוריסוס אל גאוצו 400 גר,טיבון ויל אחזקות בעמ,IL,טיבון ויל צוריסוס אל,,400.00,100 גרם,false,,21.90,0.0547,true,1,17036
7290004011819,false,המבורגר ריב אנטריקוט אל גאוצו 360 גרם,האי נאם סי או אל.טי.,IL,אל גאוצו המבורגר ריב,,360.00,100 גרם,false,,21.90,0.0608,true,1,17037
7290004011826,false,מיני המבורגר ריב אנטריקוט,טיבון ויל אחזקות בעמ,IL,אל גאוצ'ו מיני המבור,,320.00,100 גרם,false,,21.90,0.0684,true,1,17038
7290004014407,false,סוכריות M&M בוטנים 46 ג',מרס נדרלנד,US,פינאטבאטר M&M עדשי ש,,46.00,100 גרם,false,,4.90,0.1065,true,1,20762
7290004030100,false,מיץ תפוזים ולנסיה סחוט 1 ליטר100%,פריניב,IL,מיץ תפוזים סחוט וולנ,ליטרים,1.00,ליטר,false,,15.90,15.9000,true,1,53109
7290004030216,false,פריניב נקטר חמוציות 1ליטר,פריניב בעמ,IL,פריניב נקטר חמוציות,ליטרים,1.00,ליטר,false,,12.70,12.7000,true,1,49410
7290004030445,false,פריניב סחוט טבעי תפוזים 1ליטר,פריניב בעמ,IL,פרי ניב תפוז סחוט 1ל,ליטרים,1.00,ליטר,false,,13.90,13.9000,true,1,49421
7290004030544,false,פריניב מיץ לימונדה לואיזה ולמון גראס 1 ליטר,פריניב,IL,לימונדה לואיזה ולמון,יחידה,0.00,יחידה,false,,13.90,0.0000,true,1,49424
7290004030834,false,פריניב מיץ רימונים סחוט 1 ליטר,פריניב בעמ,IL,מיץ סחוט רימונים 100,ליטרים,1.00,ליטר,false,,23.80,23.8000,true,1,49440
7290004043108,false,חטיף שוקולד MַM אריז,,,M&M עדשי שוקולד 89 ג,,89.00,100 גרם,false,,6.90,0.0775,true,1,20584
7290004048679,false,"קובה למרק שלושת האופים 1 ק""ג",שלושת האופים,IL,קובה למרק 1 קג שלושת,קילוגרמים,1.00,"ק""ג",false,,16.90,16.9000,true,1,17039
7290004063016,false,מלח שולחן מעולה דק 1,האי נאם סי או אל.טי.,IL,"מלח שולחן סלית 1 ק""ג",קילוגרמים,1.00,"ק""ג",false,,1.70,1.7000,true,1,15459
7290004063115,false,"מלח מטבח עבה להמלחת בשר ובישול 1 ק""ג 1ק""ג",האי נאם סי או אל.טי.,IL,מלח מטבח גס לבישול כ,קילוגרמים,1.00,"ק""ג",false,,1.70,1.7000,true,1,15460
7290004064099,false,מטחנה מלח מהרי ההימלאיה 250 ג מלח הארץ,חברת מלח הארץ אילת ב,IL,מטחנה מלח מהרי ההימל,,250.00,100 גרם,false,,15.90,0.0636,true,1,15461
7290004064174,false,"תבלין מלח ההימלאיה דק בצנצנת 1 ק""ג",מלח הארץ אילת,IL,מלח ההימלאיה דק בצנצ,קילוגרמים,1.00,"ק""ג",false,,16.90,16.9000,true,1,15462
7290004064228,false,מלח במטחנה אקסטרא תבלינים שום ופלפל 125 גר',מלח הארץ אילת,IL,מטחנת מלח אקסטרא תבל,,125.00,100 גרם,false,,15.90,0.1272,true,1,24647
7290004064280,false,מלח מופחת נתרן בצנצנת מלח הארץ 600 גרם,חברת מלח הארץ אילת ב,IL,מלח מופחת נתרן בצנצנ,,600.00,100 גרם,false,,17.90,0.0298,true,1,24648
7290004064303,false,מלח אטלנטי בצנצנת מלח הארץ 800 גרם,מלח הארץ אילת,IL,מלח אטלנטי בצנצנת הא,,800.00,100 גרם,false,,17.90,0.0224,true,1,15465
7290004068172,false,"יוגורט עיזים בדלי 5% 600 מ""ל רובין",קוד יצרן MKN,IL,גד יוגורט עיזים 5% 6,,600.00,"100 מ""ל",false,,17.90,0.0298,true,1,14636
7290004075231,false,סטייק דק דק פרמיום 300 גר' מחפוד.,עוף ירושלים מהדרין ב,,סטייק אנטריקוט דק דק,,300.00,100 גרם,false,,30.90,0.1030,true,1,224012
7290004078263,false,מקלות אוזניים פלסטיק 2* 200 יחידות,SEPTONA S.A,GR,צמרונים בקופסא זוג ב,יחידה,0.00,יחידה,false,,10.90,0.0000,true,1,21472
7290004078270,false,נוזל כלים פלמוליב צילינדר לימון 1 ליטר,יבואן ומשווק: ש. שסט,GR,פלמוליב לכלים לימון-,יחידה,0.00,יחידה,false,,13.90,0.0000,true,1,21473
7290004102326,false,תרד לא שטוף,,,תרד לא שטוף,,180.00,100 גרם,false,,11.90,0.0661,true,1,35553
7290004119133,false,כד יוגורט תנובה 6.5% שומן 1.5 ליטר,מיוצר עי קונדיטוריית,IL,יוגורט כדים תנובה 7%,ליטרים,1.50,ליטר,false,,17.50,11.6667,true,1,25860
7290004119928,false,קרלו מעדן וניל רביעיות גביע 125 1.5%,מחלבת אלון תבור,IL,קרלו וניל 3% 125מל,,125.00,"100 מ""ל",false,,2.90,0.0232,true,1,25863
7290004119973,false,קרלו מעדן שוקו רביעיה גביע 125 1.5%,תנובה מרכז שיתופי לש,IL,קרלו שוקולדה 3% 125מ,,125.00,מטר,false,,2.90,0.0232,true,1,25864
7290004120061,false,קרלו שוקולד וניל 125,תנובה מרכז שיתופי לש,IL,קרלו שוניל 3% 125מל,,125.00,"100 מ""ל",false,,2.90,0.0232,true,1,25865
7290004120108,false,יופלה דיאט יוגורט דובדבן %0 גביע 150ג',תנובה מרכז שיתופי לש,IL,יופלה דיאט דובדבן 0%,,150.00,"100 מ""ל",false,,5.10,0.0340,true,1,25866
7290004120566,false,גבינה בולגרית פיראוס 24% 250 גרם,תנובה,IL,פיראוס בולגרית 24% 2,,250.00,100 גרם,false,,21.90,0.0876,true,1,25873
7290004120573,false,גבינה בולגרית פיראוס 16% 250 גרם,תנובה מרכז שיתופי לש,IL,פיראוס בולגרית בקר 1,,250.00,100 גרם,false,,21.90,0.0876,true,1,25874
7290004120634,false,גבינה פיראוס בולגרית 5% 250 גרם,תנובה מרכז שיתופי לש,IL,פיראוס בולגרית 5% 25,,250.00,100 גרם,false,,21.90,0.0876,true,1,25875
7290004120832,false,חלב תנובה טרי 3% מהדרין כד 2 ל',תנובה מרכז שיתופי לש,IL,"חלב תנובה טרי 3% בד""",ליטרים,2.00,ליטר,false,,12.46,6.2300,true,1,25877
7290004121525,false,יופלה מאגדת פרי 4 תות 4 אפרסק 3% 8 יח'*150 ג',תנובה מרכז שיתופי לש,IL,יופלה אפרסק תות 3% 8,קילוגרמים,1.20,"ק""ג",false,,31.90,26.5833,true,1,25879
7290004121754,false,יוגורט עוגת גבינה ותות 3% שומן 150 ג' יופלה,תנובה בעמ,IL,יופלה קרם גבינה ותות,,150.00,100 גרם,false,,5.20,0.0347,true,1,25880
7290004121853,false,גבינה בולגרית פיראוס 5% קוביות 200 גרם,תנובה מרכז שיתופי לש,IL,פיראוס בולגרית בקובי,,200.00,100 ליטר,false,,19.80,0.0990,true,1,25882
7290004122119,false,פתיתי פרמזן לפסטה %23 100 ג' השף הלבן,פ.פ.ח. שאביט,IL,שף לבן פתיתי פרמזן ל,,100.00,100 גרם,false,,10.90,0.1090,true,1,25884
7290004122195,false,"גבינת גוש חלב פרוס 28%, כשרות מהדרין, 200 ג'",תנובה,IL,גוש חלב פרוס 28% 200,,200.00,100 גרם,false,,14.90,0.0745,true,1,25885
7290004122270,false,גבינה צהובה פרוס בקופסא %28 200 ג' עמק,תנובה מרכז שיתופי לש,IL,עמק פרוס סגירה חוזרת,,200.00,100 גרם,false,,16.90,0.0845,true,1,25886
7290004122348,false,גבינת עמק לייט פרוס בקופסא 200 גרם,תנובה מרכז שיתופי לש,IL,עמק לייט 9% 200ג,,200.00,100 גרם,false,,17.90,0.0895,true,1,25887
7290004122676,false,גבינת חמד לייט 5% פיראוס 250 ג',"תנובה,מחלבת טנא נוגה",IL,פיראוס חמד לייט 5% 2,,250.00,100 גרם,false,,18.90,0.0756,true,1,25889
7290004122683,false,חטיף גבינת אצבעות 28% 172 ג' עמק,תנובה מרכז שיתופי לש,IL,עמק אצבעות 172ג,,172.00,100 גרם,false,,16.60,0.0965,true,1,25890
7290004124205,false,יוגורט דיאט תות %0 שומן 150 ג' יופלה,תנובה מרכז שיתופי לש,IL,יופלה דיאט תות 0% 15,,150.00,"100 מ""ל",false,,5.10,0.0340,true,1,25898
7290004124847,false,"קצפת צמחית השף הלבן 500 מ""ל תנובה",תנובה מרכז שיתופי לש,IL,שף לבן קצפת צמחית 24,,500.00,"100 מ""ל",false,,14.90,0.0298,true,1,25900
7290004125370,false,"שמנת חמוצה מופחתת שומן 9% 200 מ""ל",תנובה מרכז שיתופי לש,IL,תנובה שמנת מופחתת 9%,,200.00,"100 מ""ל",false,,3.90,0.0195,true,1,25902
7290004125400,false,"שלי אשל 4.5% תנובה 200מ""ל מהדרין",פארייפאבה אגרואינדוס,IL,"אשל 4.5% בד""צ מהדרין",,200.00,"100 מ""ל",false,,1.69,0.0084,true,1,25903
7290004125417,false,"שלי גיל 3% תנובה 200מ""ל מהדרין",תנובה מרכז שיתופי לש,IL,"גיל 3% בד""צ מהדרין",,200.00,"100 מ""ל",false,,1.51,0.0076,true,1,25904
7290004125455,false,**תנובה שמנת אורגינל מהדרין 15% 200מל,תנובה מרכז שיתופי לש,IL,תנובה שמנת אורגינל מ,,200.00,"100 מ""ל",false,,2.40,0.0120,true,1,25905
7290004125462,false,"שמנת אורגינל 15% מהדרין 500 מ""ל",תנובה מרכז שיתופי לש,IL,תנובה שמנת חמוצה 15%,,500.00,"100 מ""ל",false,,6.00,0.0120,true,1,25906
7290004125509,false,"שמנת 15% חצי מנה 100 מ""ל תנובה",תנובה מרכז שיתופי לש,IL,תנובה שמנת חצי מנה 1,,100.00,"100 מ""ל",false,,1.70,0.0170,true,1,25907
7290004125578,false,משקה סויה מעושר בסידן תנובה 1ל',תנובה מרכז שיתופי לש,IL,משקה סויה תנובה מועש,ליטרים,1.00,ליטר,false,,10.40,10.4000,true,1,25908
7290004125585,false,משקה סויה וניל תנובה E אלטרנטיב,תנובה מרכז שיתופי לש,IL,סויה תנובה משקה סויה,ליטרים,1.00,ליטר,false,,10.40,10.4000,true,1,25909
7290004125721,false,"שמנת לבישול 15% שומן 250 מ""ל תנובה",תנובה מרכז שיתופי לש,IL,שף לבן שמנת לבישול 1,,250.00,"100 מ""ל",false,,8.70,0.0348,true,1,25911
7290004125738,false,שמנת מתוקה להקצפה32% 250מל עמיד השף הלבן,תנובה מרכז שיתופי לש,IL,שף לבן שמנת להקצפה 3,,250.00,"100 מ""ל",false,,6.80,0.0272,true,1,25912
7290004125776,false,גבינה צהובה עמק 28% 400 גרם בקופסא,תנובה,IL,עמק גבינה קשה פרוסה,,400.00,100 גרם,false,,29.90,0.0747,true,1,25913
7290004126674,false,פרוסות גבינה חצי קשה 9% שומן 200 ג' עמק,תנובה מרכז שיתופי לש,IL,עמק טל לייט 9% 200ג,,200.00,100 גרם,false,,19.90,0.0995,true,1,25916
7290004126872,false,משקאות חלב תנובה שוקו בקבוק 250מל,תנובה,IL,משקאות חלב תנובה שוק,,250.00,"100 מ""ל",false,,5.90,0.0236,true,1,25918
7290004127077,false,קוטג' 3% שומן 250 ג' תנובה,מיוצר עי קונדיטוריית,IL,קוטג תנובה 3% 250 ג,,250.00,100 גרם,false,,5.40,0.0216,true,1,25919
7290004127329,false,קוטג' 5% תנובה 250ג' מהדרין,מיוצר עי קונדיטוריית,IL,קוטג' 5% תנובה מהדרי,,250.00,100 ליטר,false,,5.40,0.0216,true,1,25920
7290004127336,false,קוטג' 9% תנובה 250 ג' הדרין,מיוצר עי קונדיטוריית,IL,קוטג' תנובה מהדרין 9,,250.00,100 ליטר,false,,5.40,0.0216,true,1,25921
7290004127800,false,גבינה לבנה 5% שומן 500 ג' תנובה,מיוצר עי קונדיטוריית,IL,תנובה גבינה לבנה 5%,,500.00,100 גרם,false,,9.96,0.0199,true,1,25923
7290004127817,false,גבינה לבנה 9% שומן 500 ג' תנובה,מיוצר עי קונדיטוריית,IL,תנובה גבינה לבנה 9%,,500.00,100 ליטר,false,,9.20,0.0184,true,1,25924
7290004127862,false,**תנובה גבינה למריחה מהדרין 5% 750ג,תנובה מרכז שיתופי לש,IL,תנובה גבינה למריחה מ,,750.00,100 גרם,false,,14.90,0.0199,true,1,25925
7290004128333,false,לאבנה על בסיס יוגורט %9 שומן 500 ג' פיראוס,תנובה,IL,פיראוס לאבנה גביע %9,,500.00,100 גרם,false,,19.90,0.0398,true,1,25928
7290004128432,false,פתיתים מיוחדים לפיצה על בסיס גבינה 500 ג',תנובה,IL,שף לבן פתיתי גבינה מ,,500.00,100 גרם,false,,21.90,0.0438,true,1,25931
7290004129101,false,גבינת שמנת 25% בטעם טבעי 225 ג' נפוליאון,תנובה מרכז שיתופי לש,IL,נפוליאון בטעם טבעי 2,,225.00,100 גרם,false,,14.50,0.0644,true,1,25932
7290004129118,false,גבינת שמנת 24% עם זיתים ירוקים 225 ג' נפוליאון,תנובה מרכז שיתופי לש,IL,נפוליאון בטעם זיתים,,225.00,100 גרם,false,,14.50,0.0644,true,1,25933
7290004129156,false,גבינת שמנת25% עם שום שמיר 225 ג' נפוליאון,תנובה מרכז שיתופי לש,IL,נפוליאון שום שמיר 25,,225.00,100 גרם,false,,14.50,0.0644,true,1,25934
7290004129545,false,גבינה לבנה 3% שומן 250 ג' תנובה,מחלבת אלון תבור,IL,גבינת מהדרין 3% תנוב,,250.00,100 גרם,false,,5.00,0.0200,true,1,25935
7290004129736,false,יוגורט במתיקות מעודנת 1.5% שומן 200 ג' יופלה,תנובה מרכז שיתופי לש,IL,יופלה קרם יוגרט מעוד,,200.00,"100 מ""ל",false,,4.50,0.0225,true,1,25937
7290004130794,false,משקה סויה טבעי במתיקות מופחתת 1 ליטר,תנובה מרכז שיתופי לש,IL,סויה תנובה טבעי במתי,ליטרים,1.00,ליטר,false,,10.50,10.5000,true,1,25941
7290004130916,false,יוגורט 3% פירות יער בשמנת 150 ג' יופלה,תנובה מרכז שיתופי לש,IL,יופלה בטעם פירות יער,,150.00,100 גרם,false,,5.20,0.0347,true,1,25942
7290004131074,false,**חלב תנובה טרי מהדרין קרטון 3% 1ל,תנובה מרכז שיתופי לש,IL,חלב תנובה הומוגני מה,ליטרים,1.00,ליטר,false,,6.23,6.2300,true,1,25944
7290004131432,false,יוגורט ביו 3% שומן 200 ג' יופלה,מיוצר עי קונדיטוריית,IL,יופלה לבן 3% 200מל,,200.00,"100 מ""ל",false,,3.90,0.0195,true,1,25948
7290004131456,false,יוגורט ביו 1.5% שומן 200 ג' יופלה,מיוצר עי קונדיטוריית,IL,יופלה לבן 1.5% 200מל,,200.00,"100 מ""ל",false,,3.90,0.0195,true,1,25949
7290004131814,false,גבינה צפתית 5% מעודנת 200 ג' פיראוס,פארייפאבה אגרואינדוס,IL,פיראוס צפתית מעודנת,,200.00,100 גרם,false,,14.90,0.0745,true,1,25952
7290004132552,false,משקה סויה לייט בטעם טבעי טרי 1 ליטר,תנובה מרכז שיתופי לש,IL,סויה תנובה לייט בטעם,ליטרים,1.00,ליטר,false,,10.50,10.5000,true,1,25959
7290004132712,false,חטיף אצבעות גבינת מוצרלה 20% 172 ג' עמק,תנובה מרכז שיתופי לש,IL,עמק אצבעות מוצרלה 20,,174.00,100 גרם,false,,16.60,0.0954,true,1,25961
7290004133511,false,יופלה מאגדת לבן 1.5% מעודן 8 יח' * 150 ג',מיוצר עי קונדיטוריית,IL,יופלה לבן מעודן 1.5%,ליטרים,1.20,ליטר,false,,21.50,17.9167,true,1,25966
7290004134945,false,יוגורט מוקה 3% שומן 150 ג' יופלה,תנובה מרכז שיתופי לש,IL,יופלה מוקה 3% 150מל,,150.00,100 גרם,false,,5.20,0.0347,true,1,25971
7290004135058,false,מאגדת קרלו מיני שוקולד 8 יח' * 100 ג',תנובה מרכז שיתופי לש,IL,קרלו מהדרין מיני שוק,,800.00,"100 מ""ל",false,,13.90,0.0174,true,1,25973
7290004135614,false,גבינה בולגרית מעודנת 5% 250 ג' פיראוס,תנובה,IL,פיראוס בולגרית מעודנ,,250.00,100 גרם,false,,20.80,0.0832,true,1,25978
7290004136857,false,גלי פטל תנובה 125 גר,תנובה מרכז שיתופי לש,IL,ג'לי תנובה פטל 125מל,,125.00,מטר,false,,2.50,0.0200,true,1,25986
7290004136864,false,ג'לי תנובה אננס עם חתיכות אננס 125מל,סוי מג'יק,IL,ג'לי תנובה אננס עם ח,,125.00,"100 מ""ל",false,,2.90,0.0232,true,1,25987
7290004136871,false,ג'לי תנובה אפרסק עם חתיכות אפרסק 125מל,תנובה מרכז שיתופי לש,IL,ג'לי תנובה אפרסק עם,,125.00,"100 מ""ל",false,,2.90,0.0232,true,1,25988
7290004137021,false,"שמנת לבישול 10% עמיד השף הלבן 250 מ""ל",תנובה מרכז שיתופי לש,IL,שף לבן שמנת לבישול 1,,250.00,"100 מ""ל",false,,8.40,0.0336,true,1,25990
7290004137311,false,עמק לייט משפחתית 9% 400ג-ועדת מהדרין,תנובה,IL,עמק לייט משפחתית 9%,,400.00,100 גרם,false,,32.90,0.0822,true,1,25991
7290004137809,false,פיראוס לאבנה 5% גביע 250 גרם,"תנובה, מחלבת אלון תב",IL,פיראוס לאבנה 5% 250ג,,250.00,100 גרם,false,,11.90,0.0476,true,1,25992
7290004150112,false,חומוס מזרחי פיקנטי פרימיום 300 גרם,"סלטי שמיר 2006 בע""מ",IL,חומוס מזרחי 300 גרם,,300.00,100 גרם,false,,14.90,0.0497,true,1,321694
7290004150129,false,טחינה פיקנטי פרימיום 300 גרם,"סלטי שמיר 2006 בע""מ",IL,טחינה ביתית 300 גרם,,300.00,100 גרם,false,,14.90,0.0497,true,1,321695
7290004150143,false,חציל במיונז פיקנטי פרימיום 300 גרם,"סלטי שמיר 2006 בע""מ",IL,חציל במיונז 300 גרם,,300.00,100 גרם,false,,14.90,0.0497,true,1,321697
7290004150150,false,חציל בטחינה פיקנטי פרימיום 300 גרם,"סלטי שמיר 2006 בע""מ",IL,חציל בטחינה 300 גרם,,300.00,100 גרם,false,,14.90,0.0497,true,1,321698
7290004150167,false,תפואדמה במיונז פיקנטי פרימיום 300 גרם,"סלטי שמיר 2006 בע""מ",IL,"סלט תפו""א במיונז 300",,300.00,100 גרם,false,,14.90,0.0497,true,1,321699
7290004150174,false,קולוסלאו פיקנטי פרימיום 300 גרם,"סלטי שמיר 2006 בע""מ",IL,סלט קולסלאו 300 גרם,,300.00,100 גרם,false,,14.90,0.0497,true,1,321700
7290004150181,false,חמוצים סיני פיקנטי פרימיום 300 גרם,"סלטי שמיר 2006 בע""מ",IL,סלט חמוצים סיני 300,,300.00,100 גרם,false,,14.90,0.0497,true,1,321701
7290004150235,false,חומוס עם חריף 300 גרם פיקנטי פרימיום,"סלטי שמיר 2006 בע""מ",IL,חומוס עם חריף 300 גר,,300.00,100 גרם,false,,14.90,0.0497,true,1,321706
7290004199579,false,פלסטר מעורב 100 יח' - SUNNY PLASTER,הדקלאים אגודת שיתופי,CN,סאני פלסטר אינטרסן 1,יחידה,0.00,יחידה,false,,9.90,0.0000,true,1,896
7290004199784,false,כפפות S לטקס עם איבוק עדין 100 יח- SAFE TOUCH,T.G. Sdn,TH,כפפות לאטקס סייף טאצ,יחידה,0.00,יחידה,false,,22.90,0.0000,true,1,71324
7290004199791,false,כפפות M לטקס עם איבוק עדין 100 יח- SAFE TOUCH,T.G. Sdn,TH,כפפות לאטקס סייף טאצ,יחידה,0.00,יחידה,false,,22.90,0.0000,true,1,71325
7290004199807,false,כפפות L לטקס עם איבוק עדין 100 יח- SAFE TOUCH,T.G. Sdn,TH,כפפות לאטקס סייף טאצ,יחידה,0.00,יחידה,false,,22.90,0.0000,true,1,71326
7290004200244,false,פרסים רמה 3,,,פרסים רמה 3,יחידה,0.00,יחידה,false,,9.50,0.0000,true,1,32225
7290004225285,false,גבינה בסגנון דנאבלו 100 ג',האי נאם סי או אל.טי.,DK,סגנון דנאבלו 100 גרם,,100.00,100 גרם,false,,9.90,0.0990,true,1,17040
7290004230340,false,מקלות בורקס פילו תרד ובצל שגב 600 ג,האי נאם סי או אל.טי.,IL,שגב מקלות בורקס פילו,,600.00,100 גרם,false,,19.90,0.0332,true,1,17062
7290004230364,false,שגב מקלות בורקס פילו גבינה צרפתי 600 גר,שגמור,IL,שגב מקלות בורקס פילו,,600.00,100 גרם,false,,19.90,0.0332,true,1,17064
7290004255558,false,נרות שבת 20 יח' - או,,IL,נרות שבת 20 יח' - או,יחידה,0.00,יחידה,false,,2.90,0.0000,true,1,174094
7290004324605,false,"גבינת מון בלאן רוקפור 7%, 120 ג'",האי נאם סי או אל.טי.,IL,מון בלאן רוקפור 7% 1,,120.00,100 גרם,false,,8.90,0.0742,true,1,17083
7290004494377,false,"יין אדום שיראז סדרת דלתון 750 מ""ל","איי, בי, אינבוו",IL,"שיראז 2003 750 מ""ל",,750.00,"100 מ""ל",false,,58.90,0.0785,true,1,7327
7290004537241,false,אפונת גינה שדה בשקית,בסט מייסטר,IL,אפונת גינה קפואה 800,,800.00,100 גרם,false,,13.90,0.0174,true,1,51530
7290004537258,false,אפונה וגזר 800 גר שד,,,אפונה וגזר 800 גר שד,,800.00,100 גרם,false,,13.90,0.0174,true,1,51531
7290004537265,false,אפונה עדינה קפואה 60,,,אפונה עדינה קפואה 60,,600.00,100 גרם,false,,14.90,0.0248,true,1,51532
7290004537326,false,לקט ירקות מעורבים קפ,,,לקט ירקות העונה 800,,800.00,100 גרם,false,,13.90,0.0174,true,1,51537
7290004537333,false,חומוס גרגירים 800 גר,,,חומוס גרגירים 800 גר,,800.00,100 גרם,false,,13.90,0.0174,true,1,51538
7290004537340,false,גזר גמדי 800גרם שדה,,,גזר גמדי 800גרם שדה,,800.00,100 גרם,false,,13.90,0.0174,true,1,51539
7290004575007,false,טילון וניל וופך ושברי אגוז ריאו מארז 70X5ג',"גלידות ריאו ביח""ר לג",IL,מארז טילונים 5*70 גר,,350.00,100 גרם,false,,14.90,0.0426,true,1,20550
7290004575069,false,גלידה מיניס חטיפים וניל ציפוי שוקו' ופצפוצי נ.חיטה ריאו מארז 32יח',"גלידות ריאו ביח""ר לג",IL,מיניס וניל אגוזי טופ,,700.00,100 גרם,false,,35.90,0.0513,true,1,20554
7290004575335,false,ארטיק מגיק מיני וניל ציפוי שוקו' ופצפוצי נ.חיטה ריאו מארז 45X8ג'באריזה,"גלידות ריאו ביח""ר לג",IL,שלגוני מיני מגי'ק 8,יחידה,0.00,יחידה,false,,19.90,0.0000,true,1,20561
7290004575397,false,גלידה בטעמי מוקה וניל פיסטוק 1.8 ל' ריאו,"גלידות ריאו ביח""ר לג",IL,גלידת חלבי/ילדודס 1.,ליטרים,1.80,ליטר,false,,14.90,8.2778,true,1,20564
7290004575403,false,טריו גלידת פרווה בטעמים 1.8 ליטר ריאו,"גלידות ריאו ביח""ר לג",IL,גלידת פרווה בטעמים 1,ליטרים,1.80,ליטר,false,,14.90,8.2778,true,1,20565
7290004584306,false,רבעיית גמדים בטעם תות בננה * 100 ג' שטראוס,מיוצר עי קונדיטוריית,IL,גמדים תות בננה 4*100,,400.00,"100 מ""ל",false,,11.30,0.0283,true,1,23295
7290004584351,false,גבינה לבנה סימפוניה עם תוספות 200 ג' חמישית 200,"שטראוס בריאות בע""מ",IL,סימפוניה חמישית 200ג,,200.00,100 ליטר,false,,11.50,0.0575,true,1,23296
7290004584528,false,יוגורט דנונה ביו טבעי 1.7% 200 גרם,מיוצר עי קונדיטוריית,IL,דנונה יוגורט טבעי 1.,,200.00,"100 מ""ל",false,,3.90,0.0195,true,1,23297
7290004585907,false,דני ועדן וניל 1.5% 125ג' שטראוס,מיוצר עי קונדיטוריית,IL,דני וניל מהדרין 130מ,,130.00,"100 מ""ל",false,,3.10,0.0238,true,1,23298
7290004603175,false,מלח הארץ מלחייה גס 500 גרם,תעשיות מלח לישראל,IL,מלח ים האדום גס הארץ,,500.00,100 גרם,false,,7.90,0.0158,true,1,24650
7290004725846,false,חריץ גאודה מעדנייה,תנובה,IL,חריץ גאודה מעדנייה,קילוגרמים,1.00,"ק""ג",true,,79.00,79.0000,true,1,281044
7290004731076,false,אל סבון אלוורה כיף 1 ל',טרופיקל דגיל תעשיות,IL,אלסבון אלוורה כיף 1,ליטרים,1.00,ליטר,false,,12.90,12.9000,true,1,29873
7290004731472,false,"אל סבון צבעוני כיף שלישיה* 500 מ""ל",טרופיקל דגיל תעשיות,IL,שלישיית אלסבון צבעונ,ליטרים,1.50,ליטר,false,,19.90,13.2667,true,1,29881
7290004731519,false,"מרכך ומבשם מקסימה למייבש אולטרה פרש 750 מ""ל סנו",סנו,IL,סנו מקסימה למייבש סנ,,750.00,"100 מ""ל",false,,17.90,0.0239,true,1,29882
7290004731564,false,"סנו - מקסימה מרסס למייבש כביסה פריחה כחולה 750 מ""ל",סנו,IL,סנו מקסימה מבשם ומרכ,,750.00,"100 מ""ל",false,,17.90,0.0239,true,1,29884
7290004731670,false,"סנו דואופרש פצ'ולי לבנדר 300 מ""ל","סנו מפעלי ברונוס בע""",IL,דואופרש פצ'ולי לבנדר,,300.00,"100 מ""ל",false,,11.90,0.0397,true,1,29886
7290004762056,false,שקדי מרק חטיפים מן ה,,,שקדי מרק חטיפים מן ה,,400.00,100 גרם,false,,9.90,0.0248,true,1,333986
7290004762063,false,פתיתים אפויים עגולים,,,פתיתים אפויים עגולים,,500.00,100 גרם,false,,4.90,0.0098,true,1,358912
7290004762070,false,פתיתים אפויים אורז ד,,,פתיתים אפויים אורז ד,,500.00,100 גרם,false,,4.90,0.0098,true,1,358869
7290004923099,false,מים מינרליים עין גדי 2X6ל',,,עין גדי מים מינרלים,ליטרים,12.00,ליטר,false,,10.90,0.9083,true,1,11522
7290004923181,false,"מים מינרלים עין גדי 500 מ""ל",,,מים מינרליים עין גדי,,500.00,"100 מ""ל",false,,3.90,0.0078,true,1,11523
7290005008191,false,"פלמוליב סבון נוזלי בניחוח ארומה סגול, 500 מ""ל",הנסיך- מפעל לייצור ט,TR,סבון נוזלי ארומה סגו,,500.00,"100 מ""ל",false,,15.90,0.0318,true,1,21480
7290005041136,false,"קבב גמבו רומני 1 ק""ג",מעדני הטלה,,"קבב גמבו רומני 1 ק""ג",קילוגרמים,1.00,"ק""ג",false,,45.90,45.9000,true,1,17087
7290005041167,false,מעדני הטלה קבב גמבו,מעדני הטלה,,קבב גמבו עגל וכבש 1,קילוגרמים,1.00,"ק""ג",false,,45.90,45.9000,true,1,17088
7290005041198,false,מעדני הטלה קבב ביתי,לאטי עזרא גלם ודגים,IL,"קבב ביתי 1ק""ג",קילוגרמים,1.00,"ק""ג",false,,45.90,45.9000,true,1,17089
7290005084355,false,"סנסודיין - משחת שיניים דואל קר זהב 75 מ""ל",גלקסו סמית קליין,GB,משחת שיניים דואל קר,,75.00,"100 מ""ל",false,,20.90,0.2787,true,1,3820
7290005113222,false,זיתים קוקטייל וגמבה יבנה 350ג',קבוצת יבנה,IL,זיתים מיקס יבנה 540,,340.00,100 גרם,false,,9.90,0.0291,true,1,44748
7290005174513,false,חציל במיונז 500 ג' אחלה,מיוצר עי קונדיטוריית,IL,חציל במיונז אחלה 500,,500.00,100 גרם,false,,15.90,0.0318,true,1,23299
7290005174568,false,אחלה סלט חצילים יום 125 ג',"שטראוס גרופ בע""מ",IL,אחלה חציל במיונז 125,,125.00,100 גרם,false,,4.90,0.0392,true,1,23301
7290005174575,false,טחינה אחלה יום יום משובחת 125ג',מיוצר עי קונדיטוריית,IL,אחלה טחינה 125גר,,125.00,100 גרם,false,,4.90,0.0392,true,1,23302
7290005197758,false,עוגיות חיוכים שוקו שוקו 150ג',אפיפית נצרת תעשיות ב,IL,חיוכים של שוקו,,150.00,100 גרם,false,,4.90,0.0327,true,1,22238
7290005200786,false,תפוצ'יפס שמנת ובצל 50 גרם,"שטראוס פריטו ליי בע""",IL,תפוציפס שמנת ובצל 50,,50.00,100 ליטר,false,,3.90,0.0780,true,1,24159
7290005201455,false,קפה נמס ארומה קלאסי 200 גרם,"אינסטנטה בע""מ",IL,ארומה קפה נמס 200 גר,,200.00,100 גרם,false,,21.90,0.1095,true,1,22247
7290005201882,false,קפה טורקי עלית 200 גרם,הנסיך- מפעל לייצור ט,IL,טורקי עלית 200 גר',,200.00,100 גרם,false,,14.90,0.0745,true,1,22249
7290005287206,false,טונה סטארקיסט בשמן רביעיות 4*160 גר,"סטארקיסט פודור בע""מ",IL,טונה בשמן סטארקיסט ר,,640.00,100 גרם,false,,24.90,0.0389,true,1,26654
7290005287251,false,טונה סטארקיסט במים רביעיות 4*160 גר,"סטארקיסט פודור בע""מ",IL,טונה במים סטארקיסט ר,,640.00,100 גרם,false,,24.90,0.0389,true,1,26657
7290005384851,false,וילי פוד מיץ לימון בדץ 200מל,יורופוד,IT,מיץ לימון משומר וילי,,200.00,"100 מ""ל",false,,3.50,0.0175,true,1,2902
7290005403972,false,תחתיות ארטישוק 400 ג,,,תחתיות ארטישוק 400 ג,,400.00,100 גרם,false,,16.50,0.0413,true,1,51543
7290005403989,false,במיה קפואה 600 גרם ש,,,במיה קפואה 600 גרם ש,,600.00,100 גרם,false,,11.90,0.0198,true,1,51544
7290005423055,false,סנו פורטה פלוס מתז בניחות לימון 1 ל',"סנו מפעלי ברונוס בע""",IL,מתז פורטה פלוס בניחו,,1.00,100 ליטר,false,,17.90,17.9000,true,1,29896
7290005423499,false,"סנו נירוסטה אירוסול 500 מ""ל",מיוצר עי קונדיטוריית,IL,סנו נירוסטה אירוסול,,476.00,"100 מ""ל",false,,19.90,0.0418,true,1,29907
7290005423734,false,סנו - מקסימה מרכך כביסה אולטרה פרש 4 ליטר,"סנו מפעלי ברונוס בע""",IL,מרכך כביסה סנו מקסימ,ליטרים,4.00,ליטר,false,,22.90,5.7250,true,1,29912
7290005423833,false,סנו פוליויקס פרקט 2 ליטר,"סנו מפעלי ברונוס בע""",IL,סנו פוליויקס פרקט 2,ליטרים,2.00,ליטר,false,,21.90,10.9500,true,1,29913
7290005423871,false,אורביטול שלשות משחת שיניים מנטול מרכז,טרופיקל דגיל קוסמטיק,IL,משחת שיניים אורביטול,,435.00,100 גרם,false,,16.90,0.0389,true,1,29914
7290005423888,false,אלסבון כיף שלישיה מעורב,טרופיקל דגיל תעשיות,IL,שלישיית אלסבון מעורב,ליטרים,1.50,ליטר,false,,19.90,13.2667,true,1,29915
7290005424113,false,מטליות רצפה 4 יח' סנו סושי,עופרטקס,IL,סנו סושי מטליות רצפה,יחידה,0.00,יחידה,false,,12.90,0.0000,true,1,29918
7290005424311,false,קוטל חרקים זוחלים ומעופפים,מיוצר עי קונדיטוריית,IL,סנו K רב קוטל,,475.00,"100 מ""ל",false,,19.90,0.0419,true,1,29920
7290005424403,false,"אל סבון כיף אצות ים קטיפתי 1ליטר,",טרופיקל דגיל תעשיות,IL,אל סבון אצות ים כיף,ליטרים,1.00,ליטר,false,,12.90,12.9000,true,1,29921
7290005424700,false,סנו - פורטה פלוס מרסס מסיר שומנים 1 ליטר,סנו,IL,פורטה פלוס - קצף ברי,,1.00,"100 מ""ל",false,,17.90,17.9000,true,1,29927
7290005424991,false,"פרש אוטומטיק בניחוח בייבי פאודר 250 מ""ל סנו",סנו פרש Fresh,IL,סנו פרש אוטומטיק בהת,,165.00,100 גרם,false,,13.90,0.0842,true,1,29935
7290005425110,false,"סנו מתז לחיטוי משטיחים 750 מ""ל","סנו מפעלי ברונוס בע""",IL,מתז מחטא ומשמיד 99.9,,750.00,"100 מ""ל",false,,12.90,0.0172,true,1,29940
7290005425202,false,אבקת כביסה ביו מקסימה לכתמים קשים,"סנו מפעלי ברונוס בע""",IL,אבקת כביסה סנו מקסימ,קילוגרמים,2.50,"ק""ג",false,,26.90,10.7600,true,1,29942
7290005425646,false,סנו קליר ספריי אקדח לניקוי והברקת חלונות 1ל',"סנו מפעלי ברונוס בע""",IL,סנוקליר נוזל רב תכלי,יחידה,0.00,יחידה,false,,11.90,0.0000,true,1,29949
7290005426193,false,ספוג הפלא אריזת סנו 6יח',טרופיקל דגיל תעשיות,IL,סנו סושי ספוג הפלא,יחידה,0.00,יחידה,false,,11.90,0.0000,true,1,29959
7290005426230,false,מטלית הפלא לרצפה מיקרופייבר סנו 1יח',N.S.,CN,סנו סושי מטלית הפלא,יחידה,0.00,יחידה,false,,12.90,0.0000,true,1,29960
7290005427633,false,"כיף גל לשיער לשיער חזק במיוחד 1 ק""ג",קוסמופארם,IL,ג'ל לשיער לשיער חזק,קילוגרמים,1.00,"ק""ג",false,,19.90,19.9000,true,1,29994
7290005427725,false,מגבונים ליטופים מארז חמישיה,טרופיקל דגיל קוסמטיק,IL,ליטופים מגבונים מבוש,יחידה,0.00,יחידה,false,,18.90,0.0000,true,1,29995
7290005428852,false,ממחטות טישו צבעוניים סנו סופט 5 יח' *100דף,ישרפייפר,IL,סנו סופט מגבוני טישו,יחידה,0.00,יחידה,false,,14.90,0.0000,true,1,30009
7290005430602,false,סנו אוקסיגן מסיר כתמים קשים מרסס 750 מל,"סנו מפעלי ברונוס בע""",IL,סנו אוקסיג'ן מסיר כת,,750.00,"100 מ""ל",false,,17.90,0.0239,true,1,30021
7290005430671,false,סנו פוליויקס 2 ליטר +קרמיקה,סנו מפעלי ברונו בעמ,IL,סנו פוליווקס קרמיקה,ליטרים,2.00,ליטר,false,,20.90,10.4500,true,1,30024
7290005431159,false,תותים בקצפת לייט 80 ג' עדן,עדן קינוחים,IL,תותים בקצפת לייט 80,,80.00,100 גרם,false,,7.20,0.0900,true,1,215044
7290005431883,false,עדן מלבי חלבי 165 גר,עדן קינוחים Eden,IL,עדן מלבי חלבי 165 גר,,165.00,100 גרם,false,,7.20,0.0436,true,1,26009
7290005431906,false,עדן קדאיף 82 גרם,עדן קינוחים Eden,IL,עדן קדאיף 82 גרם,,82.00,100 גרם,false,,7.20,0.0878,true,1,26011
7290005431913,false,עוגת גבינה פירורים 92 גרם.,עדן קינוחים Eden,IL,קינוחי עדן עוגת גבינ,,92.00,100 גרם,false,,7.20,0.0783,true,1,26012
7290005431920,false,עוגת גבינה פירורים ללא תוספת סוכר,עדן קינוחים Eden,IL,עדן עוגת גבינה פירור,,78.00,100 גרם,false,,7.20,0.0923,true,1,26013
7290005431937,false,עוגת טירימיסו 82 גרם,עדן קינוחים Eden,IL,עדן טירמיסו 82 גרם,,82.00,100 גרם,false,,7.20,0.0878,true,1,26014
7290005559587,false,מאפה נקניקיה בבצק מעדנות 800ג',מיוצר עי קונדיטוריית,IL,מאפה נקניקיות 800גר,,800.00,100 גרם,false,,29.90,0.0374,true,1,35615
7290005559709,false,בורקס פיצה מעדנות 700 ג',"מעדנות בע""מ",IL,בורקס פיצה 700 גרם,,700.00,100 ליטר,false,,24.90,0.0356,true,1,35617
7290005559907,false,פיצה משפחתית גבינה מעדנות 500 גר,מיוצר עי קונדיטוריית,IL,פיצה משפחתית גבינה 5,,500.00,100 ליטר,false,,19.90,0.0398,true,1,35620
7290005559914,false,פיצה משפחתית זיתים מעדנות 550 גר,מיוצר עי קונדיטוריית,IL,פיצה משפחתית זיתים 5,,550.00,100 ליטר,false,,19.90,0.0362,true,1,35621
7290005559990,false,בצק פילאס תורכי מעדנות 600 גרם,מיוצר עי קונדיטוריית,IL,בצק פילאס תורכי מעדנ,,600.00,100 ליטר,false,,19.90,0.0332,true,1,35625
7290005576010,false,חסה ערבית גלאט,רביבים,IL,חסה מהדרין,,1.00,יח',false,,7.90,7.9000,true,1,44786
7290005576027,false,פטרוזיליה גלאט עלים,רביבים,IL,פטרוזיליה גלאט עלים,,1.00,יח',false,,6.90,6.9000,true,1,44787
7290005576034,false,כוסברה גלאט עלים,רביבים,IL,כוסברה מהדרין,,1.00,יח',false,,6.90,6.9000,true,1,44788
7290005576041,false,שמיר גלאט עלים,רביבים,IL,שמיר מהדרין,,1.00,יח',false,,6.90,6.9000,true,1,44789
7290005576065,false,סלרי גלאט עלים,רביבים,IL,סלרי מהדרין,,1.00,יח',false,,7.90,7.9000,true,1,44791
7290005576072,false,סלק עלים גלאט עלים,רביבים,IL,מנגולד מהדרין,,1.00,יח',false,,7.90,7.9000,true,1,44792
7290005576089,false,בצל ירוק גלאט עלים,רביבים,IL,בצל ירוק מהדרין,,1.00,יח',false,,7.90,7.9000,true,1,44793
7290005576096,false,כרוב לבן גלאט עלים,רביבים,IL,כרוב לבן גלאט,קילוגרמים,1.00,"ק""ג",true,,15.90,15.9000,true,1,44777
7290005591761,false,דבש טהור מפרחי בר בלחיץ 400 ג' יד מרדכי,מכוורת יד מרדכי שטרא,IL,דבש טהור מפרחי בר בל,,400.00,100 גרם,false,,20.90,0.0522,true,1,22250
7290005610127,false,תפוח אדמה לבן דוד משה,אראל תוצרת חקלאית בע,IL,תפו`א גורמה לבן דוד,קילוגרמים,1.00,"ק""ג",true,,7.90,7.9000,true,1,50918
7290005838002,false,מעדן גבינה ויוגורט בטעם וניל 88 ג' דניאלה,"שטראוס בריאות בע""מ",IL,דניאלה מעדן גבינה 15,,150.00,מטר,false,,4.10,0.0273,true,1,23304
7290005838613,false,שטראוס גבינת וניל 3% 125ג,"שטראוס בריאות בע""מ",IL,גבינה וניל 3% סקי 12,,125.00,100 גרם,false,,4.10,0.0328,true,1,23305
7290005838972,false,גבינת יום יום 5% שטראוס 125ג',מיוצר עי קונדיטוריית,IL,גבינת יום יום 5% סקי,,125.00,100 גרם,false,,3.70,0.0296,true,1,23306
7290005839078,false,"דנונה יוגורט ביו 3% לבן מארז 150X8מ""ל",מיוצר עי קונדיטוריית,IL,דנונה ביו מארז חסכון,קילוגרמים,1.20,"ק""ג",false,,17.90,14.9167,true,1,23307
7290005839108,false,גבינה לבנה סימפוניה עם תוספות 200 ג'+זיתים 5%,"שטראוס בריאות בע""מ",IL,סימפוניה עם זיתים 5%,,200.00,100 ליטר,false,,11.50,0.0575,true,1,23308
7290005839313,false,"מילקי טופ שוקולד מגולגל 170 מ""ל",מיוצר עי קונדיטוריית,IL,מילקי טופ מגולגלת 14,,142.00,"100 מ""ל",false,,5.20,0.0366,true,1,23309
7290005896439,false,"בירה מכבי בקבוק חוזר 500 מ""ל","טמפו משקאות בע""מ",IL,מכבי בקבוק חוזר 500,,500.00,"100 מ""ל",false,,8.00,0.0160,true,1,9397
7290005896460,false,"בירה איגל לאגר חזקה 7.8% 500 מ""ל פחית",טמפו,IL,איגל בירה חזקה 7.8%,,500.00,"100 מ""ל",false,,6.90,0.0138,true,1,9399
7290005896620,false,מים מוגז ' סאן בנדטו ' יחידה,אקווה מינרלה סאן בנד,IT,סאן בנדטו מים מינרלי,ליטרים,1.50,ליטר,false,,4.50,3.0000,true,1,9400
7290005896637,false,מים סן בנדטו בודד 1.5 ליטר-,אקווה מינרלה סאן בנד,IT,סאן בנדטו 1.5 ליטר,ליטרים,1.50,ליטר,false,,4.50,3.0000,true,1,9401
7290005896828,false,שישיית מים סאן בנדטו 1.5 ליטר,טמפו 7.5%,IL,סאן בנדטו 6*1.5 ליטר,ליטרים,9.00,ליטר,false,,14.90,1.6556,true,1,9402
7290005902048,false,"רב-מג, מטאטא גומי מסדרת רב-מגב",,,מטאטא גומי `רב מגב,יחידה,0.00,יחידה,false,,59.90,0.0000,true,1,47589
7290005902345,false,מטאטא גומי `רב מגב 2,,,מטאטא גומי `רב מגב 2,יחידה,0.00,יחידה,false,,59.90,0.0000,true,1,47594
7290005938238,false,ממרח צ'ימצ'ורי פרסקו 220ג' מצונן,"פרסקו חצבה 2006 בע""מ",IL,פרסקו ממרח מצונן צ'י,,220.00,100 גרם,false,,17.90,0.0814,true,1,17091
7290005938245,false,ממרח פסטו קלאסי פרסקו 220ג' מצונן,מיוצר עי פרסקו חצבה,IL,פרסקו ממרח מצונן פסט,,220.00,100 גרם,false,,17.90,0.0814,true,1,17092
7290005966033,false,"יין הר חרמון לבן 750 מ""ל",יקב רמת הגולן,IL,יקבי רמת הגולן הר חר,,750.00,"100 מ""ל",false,,35.90,0.0479,true,1,41612
7290005992735,false,לאבנה טבעית 5% 250 גר' - רבנות,הנסיך- מפעל לייצור ט,IL,גד לאבנה 5% 250ג,,250.00,100 גרם,false,,13.50,0.0540,true,1,14646
7290005996078,false,סלמי סרוולט הונגרי 1,מעדני יחיעם,IL,סלמי סרוולט הונגרי 1,,125.00,100 גרם,false,,27.90,0.2232,true,1,60038
7290005996238,false,פסטרמה בדבש דק דק 120 גרם,מעדני יחיעם,IL,פסטרמה בדבש דק דק יח,,120.00,100 גרם,false,,10.90,0.0908,true,1,75451
7290006065049,false,בלו פיש פילה באס יפני 5-7 (לברק),,IL,פילה באס יפני 7-9 20,קילוגרמים,1.00,"ק""ג",true,,41.90,41.9000,true,1,176031
7290006065179,false,סטייק טונה קפוא בואק,,,סטייק טונה קפוא בואק,קילוגרמים,1.00,"ק""ג",true,,39.90,39.9000,true,1,130114
7290006065391,false,פילה דג נסיכת הנילו,,,פילה דג נסיכת הנילו,קילוגרמים,1.00,"ק""ג",true,,43.90,43.9000,true,1,176015
7290006065599,false,פילה בקלה מרלוזה ארג,,,פילה בקלה מרלוזה ארג,קילוגרמים,1.00,"ק""ג",true,,37.90,37.9000,true,1,176017
7290006129345,false,אנטריקוט דק דק חלק 3,,,אנטריקוט דק דק חלק 3,,300.00,100 גרם,false,,34.90,0.1163,true,1,2360
7290006185501,false,"פנינה רוזנבלום -אל סבון נוזלי ורוד,1 ליטר",סאסא קוסמטיקס,IL,אל סבון נוזלי ורוד פ,יחידה,0.00,יחידה,false,,8.90,0.0000,true,1,18136
7290006185518,false,פנינה אל סבון נוזלי כחול פנינה 1 ל',סאסא קוסמטיקס,IL,אל סבון נוזלי כחול פ,יחידה,0.00,יחידה,false,,8.90,0.0000,true,1,18137
7290006229427,false,שישיית מים מינרלים סאן בנדטו 500 מל,טמפו 7.5%,,"סאן בנדטו 6*500 מ""ל",ליטרים,3.00,ליטר,false,,11.90,3.9667,true,1,9414
7290006229588,false,בירה איגל לאגר פרימיום חזקה 6.3% 500 מל,"טמפו משקאות בע""מ",IL,איגל בירה פחית זהב 5,,500.00,"100 מ""ל",false,,5.90,0.0118,true,1,9415
7290006235244,false,קמיל בלו משחת צמחי מרפא פסטה לתינוק 100 ג',"ד""ר פישר Dr fischer",IL,קמיל צמחי מרפא פסטה,,100.00,100 גרם,false,,18.90,0.1890,true,1,29098
7290006241191,false,אגוזי מלך קליית גת 150 גר,הדקלאים אגודת שיתופי,US,אגוזי מלך 150 גרם קל,,150.00,100 גרם,false,,17.50,0.1167,true,1,12801
7290006241504,false,פריגת תפוזים קפוא 345 גרם,פריגת מצוננים,IL,קפוא תפוזים 340 גרם,,340.00,100 גרם,false,,13.90,0.0409,true,1,6393
7290006241535,false,תרכיז מנגו קפוא פריג,היינץ צפון אמריקה מק,IL,קפוא מנגו 340 גרם,,340.00,100 גרם,false,,13.90,0.0409,true,1,6395
7290006241689,false,פריז לימון קפוא 340 גרם,היינץ צפון אמריקה מק,IL,קפוא לימון 340 גרם,,340.00,100 גרם,false,,13.90,0.0409,true,1,6397
7290006251275,false,תה ירוק סיני 25 שקיקים של 1.5 ג,HIQ FOOD PRODUCTS,IL,תה ירוק סיני,,37.50,100 גרם,false,,23.90,0.6373,true,1,24653
7290006251343,false,תה חליטה הגן הקסום פסיפלורה מנגו 25 שקיקים,HIQ FOOD PRODUCTS,IL,תה חליטה הגן הקסום פ,,62.50,100 גרם,false,,17.50,0.2800,true,1,24655
7290006251374,false,תה ירוק לימונית וגינגר 25 שקיקים ויסוצקי,ויסוצקי,IL,תה ירוק לימונית וג'י,,25.00,100 גרם,false,,23.90,0.9560,true,1,24656
7290006265548,false,נבטים סינים מרינה ארוז 360ג',"מרינה פטריות הגליל בע""מ",IL,נבטים סינים,,1.00,יח',false,,6.90,6.9000,true,1,41524
7290006265890,false,נבטי גרעיני חמניה יח,"מרינה פטריות הגליל בע""מ",IL,נבטי חמניה יח,,1.00,יח',false,,8.90,8.9000,true,1,35554
7290006271174,false,מעדנות גחנון לאפייה בתנור 700גר,מיוצר עי קונדיטוריית,IL,גחנון לאפיה בתנור מע,,700.00,100 גרם,false,,13.90,0.0199,true,1,35626
7290006271181,false,מעדנות גחנון אפוי 750 גרם,מיוצר עי קונדיטוריית,IL,מעדנות גחנון אפוי 75,,750.00,100 גרם,false,,21.90,0.0292,true,1,35627
7290006271648,false,"מיני בורקס תפו""א מוזל מעדנות","מעדנות בע""מ",IL,מיני בורקס תפו`א 800,,800.00,100 גרם,false,,19.90,0.0249,true,1,35631
7290006271655,false,מיני בורקס גבינה מוזל מעדנות,מיוצר עי קונדיטוריית,IL,מיני בורקס גבינה 800,,800.00,100 גרם,false,,19.90,0.0249,true,1,35632
7290006272072,false,חטיפי פיצה בשקית מעדנות 650ג',"מעדנות בע""מ",IL,חטיפי פיצה מעדנות 65,,650.00,100 ליטר,false,,29.90,0.0460,true,1,35635
7290006272430,false,בצק עלים חמאה מעדנות 600 ג',מיוצר עי קונדיטוריית,IL,בצק עלים חמאה 600 גר,,600.00,100 גרם,false,,28.90,0.0482,true,1,35637
7290006306302,false,רביולי במילוי גבינות פרמזן ריקוטה 400 ג' פסטה נונה,דורום תעשיות מזון ופ,IL,פסטה נונה ריביולי פר,,400.00,100 גרם,false,,25.90,0.0647,true,1,14654
7290006322104,false,לחם ריחיים קל פרוס 500 ג',מאפיית דוידוביץ ובני,IL,לחם ריחיים מלא דוידו,,500.00,100 גרם,false,,13.90,0.0278,true,1,354718
7290006322111,false,לחמניות רחיים כהה קל,מאפיית דוידוביץ ובני,IL,6 לחמניות ריחיים מאפ,,450.00,100 גרם,false,,12.90,0.0287,true,1,355462
7290006322128,false,לחמניות קלות 6 יח בחבילה,מאפיית דוידוביץ ובני,IL,6 לחמניות קלות מאפיי,,450.00,100 גרם,false,,12.90,0.0287,true,1,355463
7290006322838,false,לחם 100% קמח מלא 750 גרם,מאפיית דוידוביץ ובני,IL,לחם 100% מלא דוידובי,,750.00,100 גרם,false,,14.90,0.0199,true,1,354898
7290006342065,false,בוטנים קלויים 200 ג ששון הקולה,,,בוטנים קלויים 200 ג,,200.00,100 גרם,false,,8.90,0.0445,true,1,4627
7290006342560,false,בוטן אמריקאי 200 גרם ששון הקולה,דין שיווק,IL,בוטן אמריקאי 200 גרם,,200.00,100 גרם,false,,7.90,0.0395,true,1,4635
7290006374738,false,קונפיטורת יד מרדכי תות 340 גרם,אף.סי תבליני בגליל ב,IL,קונפיטורת תות יד מור,,340.00,100 ליטר,false,,11.90,0.0350,true,1,22257
7290006449955,false,מלפפון בייבי מארז,"מרינה פטריות הגליל בע""מ",IL,מלפפון בייבי,,1.00,יח',false,,9.90,9.9000,true,1,173903
7290006459497,false,פחם דרום אפריקאי 2 ק,יושלם,ZA,פחם דרום אפריקאי 2 ק,קילוגרמים,2.00,"ק""ג",false,,27.90,13.9500,true,1,281256
7290006459510,false,נרות חנוכה רגיל 44 יח,,CN,נרות חנוכה שקד,,157.00,100 גרם,false,,2.90,0.0185,true,1,358746
7290006459527,false,נרות חנוכה לוקס לא נוטפים 45 יח,,CN,נרות חנוכה לוקס שקד,,330.00,100 גרם,false,,5.90,0.0179,true,1,358747
7290006459947,false,"פחמים גריל פרימיום שקד 2 ק""ג",,דרום אמריקה,פחמים גריל פרימיום,יחידה,0.00,יחידה,false,,19.90,0.0000,true,1,281271
7290006492432,false,גבינת מוצרלה בייבי 18% 300 ג' גד,מחלבות גד בעמ,IL,גד בייבי מוצרלה 150ג,,170.00,100 גרם,false,,14.90,0.0876,true,1,14662
7290006492616,false,גבינה בולגרית פרוסות 5% 250 ג' גד,DSH עבור מחלבות גד ב,IL,גד בולגרית פרוסות 5%,,250.00,100 גרם,false,,28.90,0.1156,true,1,14663
7290006492630,false,גליל גד עז 22% 180 גרם - רבנות,מחלבות גד בעמ,IL,גד גבינת גליל גד עזי,,180.00,100 גרם,false,,23.90,0.1328,true,1,14664
7290006492685,false,לאבנה עיזים 5% 250 גרם - רובין,מחלבות גד בעמ,IL,גד לאבנה עזים 3% 250,,250.00,100 גרם,false,,18.50,0.0740,true,1,14666
7290006492852,false,גבינת עיזים למריחה 5% שומן 250 ג' גד,מחלבות גד,IL,גד גבינת עיזים למריח,,250.00,100 גרם,false,,17.80,0.0712,true,1,14667
7290006494917,false,טוסו וופל קלאסי במילוי שוקולד 200 גרם,"איטיליאן פוד, אס.פי.",IL,טוסו וופל טעם שוקולד,,180.00,100 גרם,false,,10.50,0.0583,true,1,5813
7290006511157,false,"פטריות שלמות ויליפוד 400 גרם בד""ץ",אוקצ'מפס אס.איי אויי,PL,פטריות שלמות שמפיניו,,230.00,100 גרם,false,,6.90,0.0300,true,1,2906
7290006511751,false,פטריות שמפניון חתוך ויליפוד 290X3 ג' בד”צ,לוטס,NL,פטריות חתוכות ויליפו,,870.00,100 גרם,false,,11.90,0.0137,true,1,2909
7290006532008,false,צ'יפס טעים טעים 1.8,,,צ'יפס טעים טעים 1.8,קילוגרמים,1.80,"ק""ג",false,,22.90,12.7222,true,1,51558
7290006567048,false,קוסקוס ישראלי מפתול אסם 350ג',"מיוצר ע""י קוד יצרן K",IL,קוסקוס ישראלי בשקית,,350.00,100 גרם,false,,7.90,0.0226,true,1,18705
7290006618078,false,"אסטוניש מרסס ניקוי יסודי 750 מ""ל",אסטוניש Astonish,GB,אסטוניש מרסס ניקוי צ,,750.00,"100 מ""ל",false,,11.90,0.0159,true,1,11311
7290006618085,false,"אסטוניש - מרסס לחדר האמבט עם אקונומיקה 750 מ""ל",אסטוניש Astonish,GB,אסטוניש מרסס לאמבט 7,,750.00,"100 מ""ל",false,,11.90,0.0159,true,1,11312
7290006652027,false,מארז במבה יום הולדת 15X20 גרם,מיוצר עי קונדיטוריית,IL,במבה יום הולדת מאח.1,,300.00,100 גרם,false,,23.90,0.0797,true,1,18710
7290006653765,false,פסטה פרפקטו פטוציני 500ג' אסם,פסטה זארה,IL,פטוציני פרפקטו 500 ג,,500.00,100 גרם,false,,6.50,0.0130,true,1,18712
7290006653819,false,פתיתי קוסקוס דק 350 גרם,"מיוצר ע""י קוד יצרן K",IL,קוסקוס דק בשקית אסם,,350.00,100 גרם,false,,7.90,0.0226,true,1,18713
7290006664051,false,"אקטימל לבן מארז 100X14 מ""ל",מיוצר עי קונדיטוריית,IL,אקטימל טבעי 14*100מל,ליטרים,1.40,ליטר,false,,29.90,21.3571,true,1,23313
7290006664310,false,גבינה לבנה 3% שומן 250 ג' שטראוס,מיוצר עי קונדיטוריית,IL,גבינה 3% סקי 250 גרם,,250.00,100 גרם,false,,4.90,0.0196,true,1,23316
7290006664402,false,גבינה 5% שומן 750 ג' שטראוס,מיוצר עי קונדיטוריית,IL,שטראוס גבינה 5% 750ג,,750.00,100 ליטר,false,,13.50,0.0180,true,1,23317
7290006664532,false,יוגורט עם תות 3% שומן 150 ג' דנונה,מיוצר עי קונדיטוריית,IL,דנונה תות 3% 150מל,,150.00,100 גרם,false,,4.10,0.0273,true,1,23318
7290006664655,false,"אקטימל לבן טבעי מארז 100X8 מ""ל",מיוצר עי קונדיטוריית,IL,אקטימל טבעי 8*100מל,,800.00,מטר,false,,19.90,0.0249,true,1,23320
7290006664693,false,יוגורט עם אפרסק 3% שומן 150 ג' דנונה,מיוצר עי קונדיטוריית,IL,דנונה אפרסק 3% 150מל,,150.00,100 גרם,false,,4.10,0.0273,true,1,23321
7290006664990,false,דנונה ביו מארז חיסכון 1.5% 8 יח' *150 ג',מיוצר עי קונדיטוריית,IL,דנונה ביו מארז חיסכו,קילוגרמים,1.20,"ק""ג",false,,17.90,14.9167,true,1,23323
7290006704511,false,"תפו""א גמדי אדום למיקרו מרינה 750ג'","מרינה פטריות הגליל בע""מ",IL,תפוא ננסי מיקרוגל,,750.00,100 גרם,false,,6.90,0.0092,true,1,35558
7290006739346,false,נקניקיות פרגיות טרי 400 גרם זוגלובק,זוגלובק,IL,נקניקיות פרגיות טרי,,400.00,100 גרם,false,,11.90,0.0298,true,1,38973
7290006739414,false,סלמי קוניאק 300 ג' זוגלובק,זוגלובק,IL,סלמי קוניאק זוגלובק,,300.00,100 גרם,false,,26.90,0.0897,true,1,38976
7290006739421,false,סלמי מעושן איטלקי 300 ג' זוגלובק,זוגלובק,IL,סלמי מעושן איטלקי ז,,300.00,100 גרם,false,,26.90,0.0897,true,1,38977
7290006739445,false,שניצל תירס קלאסי 750 ג' זוגלובק,זוגלובק,IL,שניצל תירס קלאסי 750,,750.00,100 ליטר,false,,21.90,0.0292,true,1,38978
7290006739544,false,כתף בקר 300 ג' זוגלובק,זוגלובק,IL,כתף בקר זוגלובק 300,,300.00,100 גרם,false,,29.90,0.0997,true,1,38979
7290006741363,false,"בורקס תפו""א זוגלובק בד""צ 800ג'",מאפיית אריאל וגידרון,IL,"זוגלובק בורקס תפו""א",,800.00,100 ליטר,false,,13.90,0.0174,true,1,38991
7290006742278,false,פסטרמה הודו צלויה על לבנים 330 ג' זוגלובק,זוגלובק,IL,פסטרממיה צלויה על לב,,330.00,100 גרם,false,,27.90,0.0845,true,1,39000
7290006742292,false,פסטרמה הודו בדבש 330 ג' זוגלובק,זוגלובק,IL,פסטרממיה בדבש 1% 330,,330.00,100 גרם,false,,27.90,0.0845,true,1,39001
7290006742315,false,פסטרמה חזה הודו ברביקיו זוגלובק 330 ג',זוגלובק,IL,חזה הודו ברביקיו 1%,,330.00,100 גרם,false,,27.90,0.0845,true,1,39003
7290006764072,false,"גולדסטאר בירה בק חוזר 500 מ""ל","טמפו משקאות בע""מ",IL,גולדסטאר בירה בק חוז,,500.00,מטר,false,,7.90,0.0158,true,1,9418
7290006764096,false,"בירה איגל 500 מ""ל 3.8% בקבוק חוזר","טמפו משקאות בע""מ",IL,בירה איגל בקבוק 500,,500.00,מטר,false,,6.70,0.0134,true,1,9419
7290006764478,false,בירה שחורה מאלט בקבו,"טמפו משקאות בע""מ",IL,נשר מאלט 330מל,,330.00,"100 מ""ל",false,,5.30,0.0161,true,1,9425
7290006764485,false,"בירה נשר מאלט שחורה מארז 330X6מ""ל",טמפו 7.5%,IL,נשר מאלט 6*330מל,ליטרים,1.98,ליטר,false,,31.90,16.1111,true,1,9426
7290006784865,false,סנט מוריץ לניקוי משטחי מטבחים מרוכז ועוצמתי 1ל',קומפלקס כימיקלים,IL,ניקוי משטחי מטבח סנט,ליטרים,1.00,ליטר,false,,11.90,11.9000,true,1,20134
7290006788061,false,"מרכך לשיער רגיל הנוסחה הקלאסית 700 מ""ל קרליין",מיוצר עי : אמיליה קו,IL,מרכך לשיער רגיל קרלי,,700.00,"100 מ""ל",false,,12.90,0.0184,true,1,30037
7290006788429,false,"קרליין - נושם סאן רייס דאודורנט רול און לאישה כתום 75 מ""ל","אמיליה קוסמטיקס בע""מ",IL,דאו' רולאון נושם סאנ,,75.00,100 גרם,false,,12.90,0.1720,true,1,30053
7290006788443,false,"קרליין - נושם אוקסיג'ן דאודורנט רול און לאישה סגול 75 מ""ל","אמיליה קוסמטיקס בע""מ",IL,דאו' רולאון נושם אוק,,75.00,100 גרם,false,,12.90,0.1720,true,1,30055
7290006788498,false,"קרליין - נושם פיור דאודורנט ספריי לאישה ורוד 200 מ""ל","אמיליה קוסמטיקס בע""מ",IL,דאו' תרסיס נושם ורוד,,200.00,"100 מ""ל",false,,12.90,0.0645,true,1,30060
7290006789648,false,קרליין קרם לחות לשיער יבש 400 גרם,"אמיליה קוסמטיקס בע""מ",IL,קרם לחות לשיער יבש ק,,400.00,"100 מ""ל",false,,14.90,0.0373,true,1,30070
7290006789655,false,"קרליין קרם לחות לבניית תלתלים 400 מ""ל","אמיליה קוסמטיקס בע""מ",IL,קרם לחות לבניית תלתל,,400.00,"100 מ""ל",false,,14.90,0.0373,true,1,30071
7290006804877,false,פיתה ביס פילסברי 1/,פילסברי,,פיתלה 10 יח',,1.00,יח',false,,11.90,11.9000,true,1,53979
7290006804907,false,פיתות אסלי קפוא 5 יח' אפיה,פילסברי,,פיתות אסלי 5 יח',,500.00,100 גרם,false,,7.90,0.0158,true,1,53980
7290006805850,false,תערובת להכנת פנקייק פילסבורי 500 גר,הדקלאים אגודת שיתופי,IL,תערובת להכנת פנקייקס,,500.00,100 גרם,false,,16.90,0.0338,true,1,12804
7290006822192,false,מיץ חמוציות דיאט אושן ספריי 1 ליטר,מבשלות בירה בינלאומי,IL,אושן ספרי דיאט חמוצי,ליטרים,1.00,ליטר,false,,11.90,11.9000,true,1,6968
7290006908384,false,פיסטוק חלבי 150 גרם,,,פיסטוק חלבי 150 גרם,,150.00,100 גרם,false,,17.90,0.1193,true,1,1478
7290006908414,false,חמנייה 400 גרם,,,חמנייה 400 גרם,,400.00,100 גרם,false,,10.90,0.0273,true,1,1480
7290006983152,false,קרוטונים מתובלים למרק 400 ג' אסם,עינת תעשיות מזון אגו,IL,קרוטונים מתובלים אסם,,400.00,100 גרם,false,,17.90,0.0447,true,1,18716
7290006983176,false,אוסם - לחמית שיפון 250 גרם,"אסם השקעות בע""מ",IL,לחמית שיפון אסם 250,,230.00,100 גרם,false,,7.90,0.0343,true,1,18717
7290006983206,false,תערובת להכנת פלפל קלי קלות 180 גרם,"אסם השקעות בע""מ",IL,תערובת פלאפל בקלי קל,,180.00,100 גרם,false,,8.90,0.0494,true,1,18718
7290006983763,false,עוגת הבית שוקולד 400 גרם אסם.,מיוצר עי קונדיטוריית,IL,עוגת הבית שוקולד 400,,400.00,100 גרם,false,,11.90,0.0298,true,1,18721
7290006983794,false,עוגת הבית תפוז 400 ג' אסם,מיוצר עי קונדיטוריית,IL,עוגת הבית תפוז 400גר,,400.00,100 גרם,false,,11.90,0.0298,true,1,18724
7290006992161,false,מטרנה - דייסת קורנפלור פרוביוטי 200 גרם,מולינו ניקולי s.p.a,IL,מטרנה דייסת קורנפלור,,200.00,100 גרם,false,,13.50,0.0675,true,1,18726
7290006992208,false,מטרנה דייסלה דגנים מעורבים 200 גרם,מטרנה תעשיות ש.מ,IL,מטרנה דייסת דגנים פר,,200.00,100 גרם,false,,13.50,0.0675,true,1,18729
7290008101356,false,קריספ פאנקו זהוב 300 גרם,א.ל ייצור ושיווק תבל,IL,פירורי לחם פנקו זהוב,,300.00,100 גרם,false,,9.90,0.0330,true,1,290716
7290008102469,false,קריספ פירורי לחם זהוב 800 גרם,,IL,פירורי לחם זהוב קלאס,,800.00,100 גרם,false,,12.90,0.0161,true,1,285878
7290008116541,false,"שטיפת פה ליסטרין קול מינט 500 מ""ל",ג'ונסון אנד ג'ונסון,IT,מי פה ליסטרין בטעם מ,,500.00,"100 מ""ל",false,,22.90,0.0458,true,1,29474
7290008116565,false,ליסטרין מי פה פרשברו,ג'ונסון אנד ג'ונסון,IT,מי פה פרש ליסטרין 50,,500.00,"100 מ""ל",false,,22.90,0.0458,true,1,29476
7290008154222,false,שניצלונים עוף טוב 700 גרם,מולינו ניקולי s.p.a,IL,שניצלונים עוף טוב 70,,700.00,100 גרם,false,,19.90,0.0284,true,1,19769
7290008175210,false,גבינת פרמזן מגורדת 90ג' ויליפוד,זנטי אס.איי.,IT,וילי פוד פרמזן מגורד,,90.00,100 גרם,false,,14.80,0.1644,true,1,2911
7290008190640,false,"כרמית אפיפיות אגוז ושוקולד 110 גרם כשל""פ",,,אגו אגוזים בציפוי שו,,130.00,100 גרם,false,,6.90,0.0531,true,1,38597
7290008190664,false,"כרמית אפיפיות אגוז ושוקולד חלב 110 גר' כשל""פ",,IL,אגו אגוזים 110 גרם,,130.00,100 גרם,false,,6.90,0.0531,true,1,38599
7290008268301,false,אוכמניות יחידה,מרינה,IL,אוכמניות,,120.00,100 גרם,false,,14.90,0.1242,true,1,47822
7290008268455,false,קיווי ישראלי ארוז 4,חקלאי,IL,קיווי ארוז בראשית,,1.00,יח',false,,11.90,11.9000,true,1,216492
7290008300308,false,45 מפת שולחן ניילון,,,45 מפת שולחן ניילון,יחידה,0.00,יחידה,false,,35.90,0.0000,true,1,223938
7290008300551,false,שקיות אשפה 75*90 שחו,,,שקיות אשפה 75*90 שחו,יחידה,0.00,יחידה,false,,14.90,0.0000,true,1,43408
7290008300599,false,70*50 'שקיות אשפה שר,,,70*50 'שקיות אשפה שר,יחידה,0.00,יחידה,false,,14.90,0.0000,true,1,223941
7290008300605,false,90*75 'שקיות אשפה 50,,,90*75 'שקיות אשפה 50,יחידה,0.00,יחידה,false,,9.90,0.0000,true,1,223942
7290008300629,false,שקיות אוכל בקופסא של,,,שקיות אוכל בקופסא של,יחידה,0.00,יחידה,false,,11.90,0.0000,true,1,43410
7290008333115,false,אבקת ג'לטין טהור נטו 28 גרם,ג'ליק פיניור,IL,.ג'לטין טהור 28 גר,,28.00,100 גרם,false,,9.90,0.3536,true,1,17101
7290008343466,false,בצק פילו 500 גרם שלושת האופים,כלורוקס אוקלנד,IL,בצק פילו 500 גרם,,500.00,100 ליטר,false,,19.90,0.0398,true,1,17112
7290008343558,false,"סיגרים בשר שלושת האופים 1 ק""ג",שלושת האופים,IL,סיגרים בשר 1 ק`ג שלו,קילוגרמים,1.00,"ק""ג",false,,16.90,16.9000,true,1,17116
7290008343619,false,"פסטלים תפו""א שלושת האופים 1 ק""ג",שלושת האופים,IL,פסטלים תפו`א שלושת ה,קילוגרמים,1.00,"ק""ג",false,,16.90,16.9000,true,1,17120
7290008344258,false,המבורגר מזרחי 400גרם,"טיבון ויל אחזקות בע""",IL,המבורגר מזרחי 400 ג',,400.00,100 גרם,false,,16.90,0.0422,true,1,17126
7290008345583,false,איקרה ביתית ורוד 300 גרם דלידג,כלורוקס אוקלנד,IL,300 איקרה ביתית ורוד,,300.00,100 גרם,false,,19.90,0.0663,true,1,17133
7290008409100,false,אצבעות שניצל בציפוי שומשום מאמא עוף 700 גרם,תנובה גליל שותפות מו,IL,אצבעות שניצל ציפוי ש,,700.00,100 ליטר,false,,30.90,0.0441,true,1,25547
7290008409124,false,מאמא עוף קפוא שניצל ג'ונגל פריך 700 גרם,תנובה גליל שותפות מו,IL,מאמא עוף קפוא שניצל,,700.00,100 ליטר,false,,30.90,0.0441,true,1,25548
7290008409216,false,מאמא עוף קפוא שניצל דק פריך 700 גרם,תנובה גליל,IL,מאמא עוף קפוא שניצל,,700.00,100 גרם,false,,35.90,0.0513,true,1,25549
7290008409223,false,שניצל דק מתובל 700 גר מאמא עוף,תנובה גליל שותפות מו,IL,שניצל דק מתובל מאמא,,700.00,100 גרם,false,,35.90,0.0513,true,1,25550
7290008409315,false,מיני מיני דק שניצלונים בציפוי פריך מאמא עוף 500 ג',תנובה גליל,IL,מאמא עוף מיני דק שני,,500.00,100 גרם,false,,24.90,0.0498,true,1,25553
7290008409407,false,שניצל דק ציפס מאמא עוף 700 ג',תנובה גליל שותפות מו,IL,מאמא עוף שניצל דק צי,,700.00,100 גרם,false,,35.90,0.0513,true,1,25559
7290008409551,false,שניצל עוף אמיתי בציפוי מעודן 700 ג' מאמא עוף,תנובה גליל שותפות מו,IL,שניצל עוף אמיתי בציפ,,700.00,100 ליטר,false,,29.90,0.0427,true,1,25565
7290008409568,false,שניצל עוף אמיתי בציפוי שבבי ציפס 700 גר,תנובה גליל שותפות מו,IL,שניצל ציפס אמיתי מאמ,,700.00,100 גרם,false,,29.90,0.0427,true,1,25566
7290008409582,false,שניצל אמיתי בציפוי ביתי מאמא עוף 700 ג',תנובה גליל שותפות מו,IL,שניצל אמיתי בציפוי ב,,700.00,100 גרם,false,,29.90,0.0427,true,1,25568
7290008409605,false,כוכבי עוף בציפוי מעודן מאמא עף 700 גרם,תנובה גליל שותפות מו,IL,כוכבי עוף בציפוי מעו,,700.00,100 גרם,false,,30.90,0.0441,true,1,25569
7290008443616,false,"מרכך לשיער יבש אדום 750 מ""ל נקה 7","אמיליה קוסמטיקס בע""מ",IL,מרכך לשיער יבש אדום,,750.00,מטר,false,,11.90,0.0159,true,1,30083
7290008443647,false,"מרכך לשיער מתולתל סגול, 750 מ""ל נקה 7","אמיליה קוסמטיקס בע""מ",IL,מרכך לשיער מתולתל סג,,750.00,"100 מ""ל",false,,11.90,0.0159,true,1,30086
7290008453868,false,מארז פרנה אוולית 4 י,מגוון שיווק והפצת מא,,פרנה מאמא רביעיה,יחידה,0.00,יחידה,false,,15.90,0.0000,true,1,21157
7290008461221,false,סרדינים רוברט בשמן חמניות 115 גרם,"רמירז, מטוסינוס",PT,סרדינים רוברט שמן חמ,,115.00,100 גרם,false,,6.90,0.0600,true,1,17138
7290008461238,false,סרדין רוברט בשמן חמניות ופלפל חריף 115 ג',"רמירז, מטוסינוס",PT,סרדינים רוברט בשמן ח,,115.00,100 גרם,false,,6.90,0.0600,true,1,17139
7290008464130,false,"שישיית בירה גולדסטאר 330 מ""ל UNFILTERED",טמפו,IL,גולדסטאר לא מסונן 6*,ליטרים,1.98,ליטר,false,,36.90,18.6364,true,1,9437
7290008464222,false,"בירה מכבי 7.9% פחית 500 מ""ל","טמפו משקאות בע""מ",IL,מכבי 7.9 פחית 500 מל,,500.00,"100 מ""ל",false,,7.90,0.0158,true,1,9438
7290008464468,false,"בירה גולדסטאר פחית 500 מ""ל","טמפו משקות בע""מ",IL,"גולדסטאר פחית 500מ""ל",,500.00,"100 מ""ל",false,,7.90,0.0158,true,1,9449
7290008464505,false,סאן בנדטו בקבוק פלסטיק 500מל,אקווה מינרלה סאן בנד,IT,סן בנדטו 0.5ל. מים מ,,500.00,"100 מ""ל",false,,3.50,0.0070,true,1,9452
7290008464604,false,"בירה היינקן פחית 500מ""ל",טמפו משקאות בע''מ,NL,הייניקן בירה פח 500מ,,500.00,"100 מ""ל",false,,12.50,0.0250,true,1,9458
7290008464611,false,"סודה טמפו בקבוק זכוכית 275 מ""ל",טמפו משקאות בעמ,IL,"מי סודה טמפו 275 מ""ל",,275.00,"100 מ""ל",false,,3.50,0.0127,true,1,9459
7290008464673,false,"בירה גולדסטאר SLOWBREW פחית 10%, 500 מ""ל","טמפו משקאות בע""מ",IL,גולדסטאר SLOWBREW 10,,500.00,"100 מ""ל",false,,8.90,0.0178,true,1,9460
7290008464703,false,"שישיית בקבוקי מכבי 330 מ""ל",טמפו,IL,בירה מכבי מארז 6 *33,ליטרים,1.98,ליטר,false,,34.90,17.6263,true,1,9463
7290008464741,false,"שישייית בירה גולדסטאר כהה 330X6 מ""ל",טמפו,IL,"גולדסטאר ח""פ בקבוק 6",ליטרים,1.98,ליטר,false,,37.90,19.1414,true,1,9465
7290008464796,false,"בירה היינקין ח""פ בקבוק 330X6מ""ל",טמפו,IL,"הייניקן בקבוק ח""פ 6*",ליטרים,1.98,ליטר,false,,38.90,19.6465,true,1,9468
7290008470766,false,מסטיק אורביט סטיקס פפרמינט שמינייה,ריגלי,FR,אורביט סטיקס בטעם פפ,יחידה,0.00,יחידה,false,,14.00,0.0000,true,1,20767
7290008500128,false,עוגת שמרים פרימיום ש,ב- פילסברי (ג'נל מיל,IL,עוגת שמרים טעם שוקול,,500.00,100 גרם,false,,25.90,0.0518,true,1,139134
7290008500159,false,עוגת שמרים פרימיום ג,ב- פילסברי (ג'נל מיל,IL,עוגת שמרים טעם גבינה,,480.00,100 גרם,false,,25.90,0.0540,true,1,139136
7290008634700,false,כפפות XL לטקס עם איבוק עדין 100 יח- SAFE TOUCH,T.G. Sdn,TH,כפפות לאטקס סייף טאצ,יחידה,0.00,יחידה,false,,22.90,0.0000,true,1,71327
7290008636339,false,שבבי תפוחי אדמה 400גרם,מיה תעשיות מזון,IL,מחית תפוחי אדמה פירה,,400.00,100 גרם,false,,10.00,0.0250,true,1,15008
7290008636926,false,קקאו הולנדי 500גרם מיה,מיה תעשיות מזון,IL,קקאו הולנדי 500גר. ב,,500.00,100 גרם,false,,16.90,0.0338,true,1,15019
7290008644112,false,סלט מטבוחה יום יום אחלה 125 ג',"שטראוס גרופ בע""מ",IL,אחלה מטבוחה 125ג,,125.00,100 ליטר,false,,4.90,0.0392,true,1,23325
7290008644235,false,עלי בייבי 120 גר' שטראוס,שטראוס בריאות ירקות,IL,עלי בייבי 120 ג ירקו,,120.00,100 גרם,false,,10.50,0.0875,true,1,23326
7290008644945,false,סלט המושבה שטופים שט,שטראוס בריאות ירקות,IL,סלט המושבה 450 ג ירק,,450.00,100 גרם,false,,11.50,0.0256,true,1,23328
7290008670159,false,"יין רקנאטי יסמין לבן 750 מ""ל","יקבי רקנאטי בע""מ",IL,רקנאטי יסמין לבן 750,,750.00,"100 מ""ל",false,,37.90,0.0505,true,1,41627
7290008693134,false,מעדן גבינה ויוגורט בטעם תות 5% שומן 88 ג' דניאלה,"שטראוס בריאות בע""מ",IL,דניאלה תות מעדן גבינ,,150.00,מטר,false,,4.10,0.0273,true,1,23330
7290008713900,false,לחם שיפון עגול 750 ג' אנג'ל,מאפיית אנג'ל אורנים,IL,לחם שיפון עגול אנגל,,750.00,100 גרם,false,,13.90,0.0185,true,1,35468
7290008739955,false,נר בכוס עגולה,,,נר LOVE,יחידה,0.00,יחידה,false,,10.00,0.0000,true,1,14276
7290008745239,false,תפוציפס אקסטרא טבעי 50 גרם,"שטראוס פריטו ליי בע""",IL,תפוציפס קראנץ טבעי 5,,50.00,100 ליטר,false,,3.90,0.0780,true,1,24161
7290008747547,false,תפוציפס קראנץ טבעי 200 גרם,"שטראוס פריטו ליי בע""",IL,תפוציפס קראנץ טבעי 2,,200.00,100 גרם,false,,10.90,0.0545,true,1,24163
7290008750264,false,מסטיק מאסט LL פליפ.דובדבן מגדים 28 גר,"שטראוס גרופ בע""מ",IL,מאסט דובדבן 28ג,,28.00,100 גרם,false,,4.50,0.1607,true,1,22268
7290008752244,false,תפוצ'יפס אקסטרא גריל 50 גרם,"שטראוס פריטו ליי בע""",IL,תפוציפס קראנץ גריל 5,,50.00,100 ליטר,false,,3.90,0.0780,true,1,24165
7290008753111,false,תפוציפס קראנצי מקסיקני 50 גרם,"שטראוס פריטו ליי בע""",IL,תפוציפס מקסיקני 50גר,,50.00,100 ליטר,false,,3.90,0.0780,true,1,24166
7290008754040,false,ממרח פרה שוקולד 850 גר - מגדים,שטראוס גרופ,IL,ממרח פרה שוקולד 850,,850.00,100 גרם,false,,14.90,0.0175,true,1,22276
7290008754415,false,גומי מאסט בטעם ספירמינט עדין פליפטופ 28 ג' עלית,"שטראוס גרופ בע""מ",IL,מאסט מנטה עדין 28 גר,,28.00,100 גרם,false,,4.50,0.1607,true,1,22277
7290008757980,false,נקטר ספרינג רימונים קרטונית 1 ל',"יפאורה תבורי בע""מ",IL,ספרינג רימונים 1ל,ליטרים,1.00,ליטר,false,,6.90,6.9000,true,1,11576
7290008775816,false,ערגליות שוקו חדש12*300גרם 2020,מיוצר עי קונדיטוריית,IL,ערגליות שוקולד 300 ג,,300.00,100 גרם,false,,9.90,0.0330,true,1,18733
7290008775823,false,ערגליות תות חדש12*300גרם 2020,מיוצר עי קונדיטוריית,IL,ערגליות תות שדה 300,,300.00,100 גרם,false,,9.90,0.0330,true,1,18734
7290008792264,false,מפיות טישיו טאצ' 100יח',"שניב תעשיות נייר בע""",IL,מפיות טאצ' 100,יחידה,0.00,יחידה,false,,4.90,0.0000,true,1,24454
7290008801010,false,"יין קברנה סוביניון מרלו פרייוט קולקשן 750 מ""ל",אגודת הכורמים הקאופו,IL,יין P.C קברנה סובי,,750.00,"100 מ""ל",false,,39.90,0.0532,true,1,511
7290008801157,false,מרלו סלקטד כרמל מזרחי 750 מל,יקבי כרמל,IL,יין סלקטד מרלו 750 מ,,750.00,"100 מ""ל",false,,29.90,0.0399,true,1,514
7290008801478,false,"יין טופז זהב 750 מ""ל",יקבי כרמל,IL,"טופז זהב 750 מ""ל",,750.00,"100 מ""ל",false,,20.90,0.0279,true,1,519
7290008801539,false,כרמל קינג דיוויד מתוק כרמל 750 מל,אגודת הכורמים הקואופ,IL,יין קונקורד קינג דיו,,750.00,"100 מ""ל",false,,21.90,0.0292,true,1,521
7290008801843,false,קברנה סוביניון אדום יבש 750 מל סלקטד,"כד בני דרום בע""מ",IL,יין סלקטד קברנה סובנ,,750.00,"100 מ""ל",false,,29.90,0.0399,true,1,523
7290008801850,false,סלקטד אמרלד ריזלינג לבן חצי יבש 750 מל,אגודת הכורמים הקואופ,IL,יין סלקטד אמרלד ריזל,,750.00,"100 מ""ל",false,,29.90,0.0399,true,1,524
7290008802291,false,"יין מרלו פרייוט קולקשן 750 מ""ל",אגודת הכורמים הקואופ,IL,"יין P.C מרלו 750מ""",,750.00,"100 מ""ל",false,,39.90,0.0532,true,1,525
7290008802512,false,"יין וינו אדום יבש 750 מ""ל","כד בני דרום בע""מ",IL,יין וינו אדום יבש,,750.00,"100 מ""ל",false,,21.90,0.0292,true,1,526
7290008802529,false,"יין לבן חצי יבש וינו 750 מ""ל",יקבי כרמל,IL,יין וינו לבן יבש,,750.00,"100 מ""ל",false,,21.90,0.0292,true,1,527
7290008802895,false,יין קברנה סוביניון פרייוט קולקשן,אגודת הכורמים הקאופו,IL,יין P.C קברנה סובי,,750.00,"100 מ""ל",false,,39.90,0.0532,true,1,528
7290008803090,false,"יין מרלו קולקשיין הסדרה האזורית כרמל 750 מ""ל",אגודת הכורמים הקואופ,IL,מרלו סדרה אזורית,,750.00,"100 מ""ל",false,,59.90,0.0799,true,1,531
7290008804189,false,יין קברנה סוביניון הסדרה האזורית גליל עליון,אגודת הכורמים הקואופ,IL,קברנה סוביניון סדרה,,750.00,"100 מ""ל",false,,59.90,0.0799,true,1,532
7290008804745,false,יין גורצטמינר גליל עליון 2007 750 מל,אגודת הכורמים הקואופ,IL,גוורצטרמינר סדרה אזו,,750.00,"100 מ""ל",false,,59.90,0.0799,true,1,540
7290008805520,false,קברנה מרלו אדום יבש 750 מל סלקטד,"כד בני דרום בע""מ",IL,יין סלקטד קברנה סובנ,,750.00,"100 מ""ל",false,,29.90,0.0399,true,1,545
7290008805964,false,יין קברנה שיראז גליל עליון אדום יבש 750,אגודת הכורמים הקואופ,IL,קברנה/שיראז סדרה אזו,,750.00,"100 מ""ל",false,,59.90,0.0799,true,1,547
7290008830676,false,מובחרים מן הטבע,"דין שיווק וקלייה בע""",IL,"פריט מבצע 5 ש""ח",יחידה,0.00,יחידה,false,,5.00,0.0000,true,1,31683
7290008830690,false,סוכריות חמצוצים בטעם,"דין שיווק וקלייה בע""",US,"פריט מבצע 10 ש""ח.",יחידה,0.00,יחידה,false,,10.00,0.0000,true,1,31684
7290008849753,false,רוטב טריאקי אוליביה 300 גרם,מיוצר עי קונדיטוריית,IL,רוטב טריאקי עשיר אול,,300.00,"100 מ""ל",false,,13.50,0.0450,true,1,51990
7290008909761,false,"קרלסברג בקבוק יחיד 330מ""ל",מבשלות בירה בינלאומי,IL,קרלסברג בקבוק יחיד 3,,330.00,"100 מ""ל",false,,6.90,0.0209,true,1,7002
7290008909853,false,קוקה קולה זירו בקבוק 500מל,החברה המרכזית לייצור,IL,קוקה קולה זירו 500 מ,,500.00,"100 מ""ל",false,,6.90,0.0138,true,1,7005
7290008909860,false,קוקה קולה זירו בקבוק 1.5ל,קוקה קולה ישראל,IL,קוקה קולה זירו בקבוק,ליטרים,1.50,ליטר,false,,8.00,5.3333,true,1,7006
7290008909877,false,קוקה קולה זירו שישיי,,,קוקה קולה זירו שישיי,ליטרים,9.00,ליטר,false,,44.30,4.9222,true,1,7007
7290008945202,false,גלילונית ש.אשפה ענק 50 90X75יח' 2020,קילט ניהול פרוייקטים,IL,גלילונית לאשפה משרדי,יחידה,0.00,יחידה,false,,12.90,0.0000,true,1,5822
7290008975551,false,מטרנה מהדרין חסכון שלב 3 700 גרם,מולינו ניקולי s.p.a,IL,מטרנה מהדרין שלב 3,,700.00,100 גרם,false,,49.90,0.0713,true,1,18738
7290009018004,false,פיקדון בקבוק/פחית בו,,,פיקדון בקבוק/פחית בו,יחידה,0.00,יחידה,false,,0.30,0.0000,true,1,66
7290009018011,false,פיקדון בקבוק/פחיות ש,,,פיקדון בקבוק/פחיות ש,יחידה,0.00,יחידה,false,,1.80,0.0000,true,1,64
7290009018264,false,פיקדון בקבוק/פחית רב,,,פיקדון בקבוק/פחית רב,יחידה,0.00,יחידה,false,,1.20,0.0000,true,1,105
7290009174397,false,כריך א לעובד-כשר לפס,,,כריך עובד מגה,יחידה,0.00,יחידה,false,,1.50,0.0000,true,1,47108
7290009400108,false,סל נשיאה רב פעמי - מ,,,סל נשיאה רב פעמי - מ,יחידה,0.00,יחידה,false,,3.90,0.0000,true,1,194206
7290010002078,false,פלפל שחור טחון 100 גרם,א.ל ייצור ושיווק תבל,IL,מימון פלפל שחור טחון,,100.00,100 גרם,false,,14.50,0.1450,true,1,250
7290010002092,false,פלפל שחור גרוס דק 90 גר',,,מימון פלפל שחור גרוס,,90.00,100 גרם,false,,14.50,0.1611,true,1,252
7290010002108,false,פלפל שחור גרוס גס 90 גרם,א.ל ייצור ושיווק תבל,IL,מימון פלפל שחור גרוס,,90.00,100 גרם,false,,14.50,0.1611,true,1,253
7290010002122,false,פפריקה הונגרית מתוקה 100 גרם,א.ל ייצור ושיווק תבל,IL,מימון פפריקה הונגרית,,100.00,100 גרם,false,,11.90,0.1190,true,1,255
7290010002139,false,פפריקה הונגרית חריפה 100 גרם,,,מימון פפריקה הונגרית,,100.00,100 גרם,false,,11.90,0.1190,true,1,256
7290010002146,false,פפריקה מרוקאית מתוקה 100 גרם,א.ל ייצור ושיווק תבל,IL,מימון פפריקה מרוקאית,,100.00,100 גרם,false,,11.90,0.1190,true,1,257
7290010002153,false,פפריקה מרוקאית חריפה 100 גרם,א.ל ייצור ושיווק תבל,IL,מימון פפריקה מרוקאית,,100.00,100 גרם,false,,11.90,0.1190,true,1,258
7290010002306,false,תערובת לקציצות 100 גרם,א.ל ייצור ושיווק תבל,IL,מימון תיבול לקציצות,,100.00,100 גרם,false,,11.90,0.1190,true,1,265
7290010002313,false,תבלין קציצות מרוקני,א.ל ייצור ושיווק תבל,IL,מימון ראס אל חנות 10,,100.00,100 גרם,false,,11.90,0.1190,true,1,266
7290010002320,false,תבלין גריל עוף 100 גרם,א.ל ייצור ושיווק תבל,IL,מימון תיבול לגריל עו,,100.00,100 גרם,false,,11.90,0.1190,true,1,267
7290010002375,false,מימון קארי 100 גרם,א.ל ייצור ושיווק תבל,IL,מימון קארי 100 גרם,,100.00,100 גרם,false,,11.90,0.1190,true,1,272
7290010002382,false,תבליני מימון אורגנו,,,מימון אורגנו במיכל 4,,40.00,100 גרם,false,,9.50,0.2375,true,1,273
7290010002443,false,מימון רוזמרין במיכל,א.ל ייצור ושיווק תבל,IL,מימון רוזמרין במיכל,,40.00,100 גרם,false,,9.50,0.2375,true,1,278
7290010002498,false,מימון שום גבישי 120,א.ל ייצור ושיווק תבל,IL,מימון שום גבישי 120,,120.00,100 גרם,false,,14.50,0.1208,true,1,281
7290010003075,false,פפריקה מרוקאית מתוקה 400 גרם,TLV צ'יף,IL,מימון פפריקה מרוקאית,,400.00,100 גרם,false,,24.90,0.0622,true,1,286
7290010003686,false,מימון עלי דפנה שקית,,,מימון עלי דפנה שקית,,20.00,100 גרם,false,,5.90,0.2950,true,1,290
7290010003693,false,פפריקה מתוקה 80 גרם שקית,TLV צ'יף,IL,מימון פפריקה מתוקה ש,,80.00,100 ליטר,false,,5.90,0.0738,true,1,291
7290010003709,false,פלפל שחור טחון 50 גרם שקית,TLV צ'יף,IL,מימון פלפל שחור טחון,,50.00,100 ליטר,false,,7.90,0.1580,true,1,292
7290010003754,false,מימון כמון טחון שקית,TLV צ'יף,IL,מימון כמון טחון שקית,,50.00,100 גרם,false,,5.90,0.1180,true,1,293
7290010003761,false,מימון כורכום טחון שק,א.ל ייצור ושיווק תבל,IL,מימון כורכום טחון שק,,80.00,100 גרם,false,,5.90,0.0738,true,1,294
7290010003792,false,מלח לימון שקית 100 גרם,א.ל ייצור ושיווק תבל,IL,מימון מלח לימון שקית,,100.00,100 גרם,false,,5.90,0.0590,true,1,297
7290010003808,false,זעתר ושומשום 80 גרם שקית,TLV צ'יף,IL,מימון זעתר ושומשום ש,,80.00,100 גרם,false,,5.90,0.0738,true,1,298
7290010003822,false,פפריקה חריפה 80 גרם שקית,א.ל ייצור ושיווק תבל,IL,מימון פפריקה חריפה ש,,80.00,100 גרם,false,,5.90,0.0738,true,1,300
7290010003839,false,קינמון טחון 80 גרם שקית,TLV צ'יף,IL,מימון קינמון טחון שק,,80.00,100 גרם,false,,5.90,0.0738,true,1,301
7290010003846,false,מימון אורגנו שקית 20,,,מימון אורגנו שקית 20,,20.00,100 גרם,false,,5.90,0.2950,true,1,302
7290010023141,false,תה לימונענע הגן הקסום 25 שיקיקים,HIQ FOOD PRODUCTS,IL,תה לימונענע 25 שק',,50.00,100 גרם,false,,17.50,0.3500,true,1,24669
7290010045068,false,עוגיות הנסיכה 250 גרם לחמי,קונדטוריות לחמי,IL,עוגיות הנסיכה לחמי 2,,250.00,100 גרם,false,,18.90,0.0756,true,1,24680
7290010060597,false,סרקל שמפו לילדים 1.2,,,סרקל שמפו לילדים 1.2,ליטרים,1.25,ליטר,false,,31.90,25.5200,true,1,239459
7290010065318,false,פרינוק - ג'וניור תפוחי עץ 190 גרם,פרוטה פודווין איי.אס,CZ,מחית פרינוק גוניור ת,,190.00,100 גרם,false,,6.90,0.0363,true,1,3524
7290010065745,false,ג`וניור פרינוק מחית לפתן פירות 190ג',פרוטה פודווין איי.אס,CZ,פרינוק ג'וניור לפתן,,190.00,100 גרם,false,,6.90,0.0363,true,1,3535
7290010066025,false,טונה בשמן פילטונה 158גרם,,,טונה בשמן פילטונה 15,,170.00,100 גרם,false,,6.90,0.0406,true,1,168719
7290010066513,false,נתחי טונה בשמן צמחי רביעיה *158ג' פילטונה,תעשיות פילטונה,IL,נתחי טונה בשמן צמחי,,632.00,100 גרם,false,,22.90,0.0362,true,1,26586
7290010066575,false,נתחי טונה במים רביעיה *158ג' פילטונה,תעשיות פילטונה,IL,נתחי טונה במים פילטו,,632.00,100 גרם,false,,22.90,0.0362,true,1,26588
7290010066582,false,נתחי טונה בשמן קנולה רביעיה * 158 ג' פילטונה,תעשיות פילטונה,IL,נתחי טונה בשמן קנולה,,632.00,100 גרם,false,,22.90,0.0362,true,1,26589
7290010116980,false,אבקת שוקולית שקית עלית 850 ג',הנסיך- מפעל לייצור ט,IL,שוקולית 850 גרם,,850.00,100 גרם,false,,15.90,0.0187,true,1,22290
7290010117864,false,דוריטוס בטעם חריף אש 70 גרם,שטראוס פריטו ליי (מל,IL,דוריטוס חריף אש 70 ג,,70.00,100 גרם,false,,3.90,0.0557,true,1,24173
7290010118328,false,מארז תפוצ'יפס בטעם טבעי,שטראוס פריטו ליי (מל,IL,תפוצ'יפס טבעי 6*40 ג,,240.00,100 ליטר,false,,11.90,0.0496,true,1,24177
7290010124107,false,סטייקבורגר זהב 400 גר',בלדי,IL,סטייק בורגר 400 גרם,,400.00,100 גרם,false,,14.90,0.0373,true,1,35346
7290010124503,false,שומן כבש מעובד ארוז בלדי 200גר,בלדי,IL,שומן כבש 200 גר',,200.00,100 גרם,false,,10.90,0.0545,true,1,35350
7290010129720,false,עוגיות שמרים קינמון 400 גרם דולצה ויטה,שיבולים א.ד.ל,IL,עוגיות שמרים שניק קי,,400.00,100 גרם,false,,10.90,0.0273,true,1,20191
7290010129959,false,עוגיות שמרים 400 גרם דולצה ויטה,שיבולים א.ד.ל,IL,עוגיות שמרים רוגלעך,,400.00,100 גרם,false,,10.90,0.0273,true,1,20202
7290010153770,false,ציפוי לשניצל פיקנטי מיה 500 גר',מיה תעשיות מזון,IL,ציפוי לשניצל פיקנטי,,500.00,100 גרם,false,,8.90,0.0178,true,1,15046
7290010153787,false,ציפוי לשניצל עם שום מיה 500 גר',מיה תעשיות מזון,IL,ציפוי לשניצל עם שום,,500.00,100 גרם,false,,8.90,0.0178,true,1,15047
7290010153794,false,ציפוי לשניצל עם עשבי תיבול מיה 500 גר',מיה תעשיות מזון,IL,ציפוי לשניצל עם עשבי,,500.00,100 גרם,false,,8.90,0.0178,true,1,15048
7290010153800,false,ציפוי לשניצל עם תיבול עדין מיה 500 גר',מיה תעשיות מזון,IL,ציפוי לשניצל עם תיבו,,500.00,100 גרם,false,,8.90,0.0178,true,1,15049
7290010153817,false,ממרח ריבת חלב 400 גרם מיה,מיה תעשיות מזון בעמ,IL,ריבת חלב מיה 400 גרם,,400.00,100 גרם,false,,12.50,0.0313,true,1,15050
7290010153879,false,ריבת חלב מרוכזת בטעם שמנת מיה 400 גר',מיה תעשיות מזון בעמ,IL,ריבת חלב בטעם שמנת 4,,400.00,100 גרם,false,,12.50,0.0313,true,1,15056
7290010154005,false,סחוג תימני ירוק 250 ביטון,תבליני יוחאי ביטון,IL,סחוג תימני ירוק 250,,250.00,100 גרם,false,,12.90,0.0516,true,1,17143
7290010154012,false,לימון בלאדי - סלט לימון כבוש,תבליני יוחאי ביטון,IL,לימון כבוש 250 ביטון,,250.00,100 גרם,false,,12.90,0.0516,true,1,17144
7290010154029,false,אריסה מתוקה ביטון 250 ג',תבליני יוחאי ביטון,IL,250 אריסה מתוקה ביטו,,250.00,100 גרם,false,,12.90,0.0516,true,1,17145
7290010154241,false,סלט חזרת ריף ביטון 250 ג',תבליני יוחאי ביטון,IL,סלט חזרת ביטון 250 ג,,250.00,100 גרם,false,,12.90,0.0516,true,1,17147
7290010154265,false,פלפל צ'ומה חריף פיקנטי,תבליני יוחאי ביטון,IL,פלפל צ`ומה ביטון 250,,250.00,100 ליטר,false,,12.90,0.0516,true,1,17148
7290010154418,false,סחוג אדום ביטון 130 גר',תבליני יוחאי ביטון,IL,יוחאי ביטון סחוג אדו,,130.00,100 גרם,false,,7.90,0.0608,true,1,17153
7290010154685,false,סלט שום כתוש 250 ג' ביטון יוחאי,תבליני יוחאי ביטון,IL,סלט שום כתוש 250 גר',,250.00,100 גרם,false,,12.90,0.0516,true,1,17159
7290010192007,false,פטרוזיליה,,,פטרוזיליה,,1.00,יח',false,,3.50,3.5000,true,1,35563
7290010192014,false,שמיר,,,שמיר,,1.00,יח',false,,3.50,3.5000,true,1,35564
7290010192021,false,כוסברה ארוז,,,כוסברה,,1.00,יח',false,,3.50,3.5000,true,1,35565
7290010192038,false,שורש פטרוזיליה ארוז,,,שורש פטרוזיליה ארוז,,1.00,יח',false,,5.90,5.9000,true,1,35566
7290010192045,false,נענע יחידה,חקלאי,IL,נענע יחידה,,1.00,יח',false,,3.50,3.5000,true,1,35567
7290010192052,false,סלרי עלים (אמריקאי),,,סלרי עלים (אמריקאי),,1.00,יח',false,,5.90,5.9000,true,1,35568
7290010192069,false,סלרי ראש ארוז,,,סלרי ראש ארוז,,1.00,יח',false,,5.90,5.9000,true,1,35569
7290010192083,false,מנגולד ארוז,,,מנגולד ארוז,,1.00,יח',false,,6.90,6.9000,true,1,35570
7290010193882,false,"ציפס קפוא 1.5 ק""ג",,,"ציפס קפוא 1.5 ק""ג",קילוגרמים,1.50,"ק""ג",false,,19.90,13.2667,true,1,42761
7290010237562,false,מירינדה פלסטיק 500מל,"טמפו משקאות בע""מ",IL,מירנדה 500 מ'ל,,500.00,"100 מ""ל",false,,4.90,0.0098,true,1,9477
7290010237685,false,"הייניקן בירה צואר ארוך 330מ""ל",טמפו משקאות בע''מ,IL,היינקן בירה צואר ארו,,330.00,"100 מ""ל",false,,10.30,0.0312,true,1,9483
7290010237784,false,בירה שנדי בתוספת משקה לימון ליים - שישייה,"טמפו משקאות בע""מ",IL,מכבי שנדי לימון ליים,ליטרים,1.98,ליטר,false,,30.90,15.6061,true,1,9487
7290010237890,false,"בירה הייניקן בקבוק 500 מ""ל חוזר",טמפו משקאות בע''מ,IL,הייניקן בירה בקבוק ח,,500.00,"100 מ""ל",false,,9.40,0.0188,true,1,9488
7290010259823,false,מנת השף מרק עם נודלס טעם עוף בדץ 70ג,נמצ'או(תאילנד) בעמ,TH,נודלס בטעם עוף מנת ה,,70.00,100 גרם,false,,4.90,0.0700,true,1,2925
7290010259830,false,מרק עם נודלס סיני פיקנטי מנת השף 70 גר,נמצ'או(תאילנד) בעמ,TH,נודלס בטעם סיני פיקנ,,70.00,100 גרם,false,,4.90,0.0700,true,1,2926
7290010259847,false,מנת השף מרק עם נודלס טעם תירס בדץ 70ג,יוליניבר,TH,נודלס טעם תירס מנת ה,,70.00,100 גרם,false,,4.90,0.0700,true,1,2927
7290010259854,false,מרק עם נודלס טעם פטריות מנת השף 70 גר,נמצ'או(תאילנד) בעמ,TH,נודלס בטעם פטריות מנ,,70.00,100 גרם,false,,4.90,0.0700,true,1,2928
7290010259861,false,מנת השף מרק עם נודלס בטעם ירקות בדץ 70ג,יוליניבר,TH,נודלס בטעם ירקות מנת,,70.00,100 גרם,false,,4.90,0.0700,true,1,2929
7290010259977,false,שמן קנולה וילי פוד 1 ליטר,בונגי פולין אס.פי.זד,PL,שמן קנולה ויליפוד 1,ליטרים,1.00,ליטר,false,,10.90,10.9000,true,1,2933
7290010259991,false,וילי פוד צנימים בדץ 250ג,וילי פוד,PT,"צנימים בד""ץ וילי פוד",,250.00,100 גרם,false,,7.90,0.0316,true,1,2934
7290010329595,false,"כרמית אפיפיות שוקולד 110 גרם כשל""פ",,,אגו דבל שוקולד 110 ג,,130.00,100 גרם,false,,6.90,0.0531,true,1,38605
7290010429554,false,"שמן זית כתית מעולה יד מרדכי 2 קלאסי, 750 מ""ל",מכוורת יד מרדכי שטרא,IL,שמן זית כתית מעולה 2,,750.00,"100 מ""ל",false,,33.90,0.0452,true,1,22295
7290010471669,false,יוגורט תות עם קורנפלקס מצופה שוקולד ללא גלוטן 3.9%,"שטראוס בריאות בע""מ",IL,דנונה קראנצ' יוגורט,,175.00,"100 מ""ל",false,,4.90,0.0280,true,1,23331
7290010472307,false,מארז 8 יחידות משקה גמדים בטעם תות בננה,מיוצר עי קונדיטוריית,IL,גמדים לשתיה תות בננה,,864.00,"100 מ""ל",false,,19.50,0.0226,true,1,23334
7290010472390,false,מארז 8 יחידות מעדן דני בטעם שוקולד 1.5%,מיוצר עי קונדיטוריית,IL,מארז דני שוקולד 8*,,1000.00,"100 מ""ל",false,,16.90,0.0169,true,1,23335
7290010513703,false,צ'ופסטיקס צפצפה - 20 יחידות,גולין פנגזו,CN,צ'ופסטיקס צפצפה מזרח,יחידה,0.00,יחידה,false,,6.90,0.0000,true,1,326379
7290010513727,false,פירורי לחם קינגדאו פנקו 200 גר,קינגדאו גוניון פודס,CN,פנקו פרורי לחם יפניי,,200.00,100 גרם,false,,7.90,0.0395,true,1,47536
7290010613014,false,נוזל רצפות סופר ווקס טאצ' 2 ליטר,,,נוזל רצפות סופר ווקס,ליטרים,2.00,ליטר,false,,17.90,8.9500,true,1,233731
7290010627004,false,טחינה גולמית מסורתית ירושלים 500 ג',"בראשית ירושלים בע""מ",IL,טחינה ירושלים 500 גר,,500.00,100 גרם,false,,14.50,0.0290,true,1,24681
7290010627844,false,טחינה גולמית שומשום מלא ירושלים 500גרם,"בראשית ירושלים בע""מ",IL,טחינה ירושלים 500 מל,,500.00,100 גרם,false,,14.50,0.0290,true,1,24684
7290010632640,false,מוצץ גומי בליסטר 3יח,B.R Works,IN,מוצץ גומי 3יח בנוני,,3.00,יח',false,,13.90,4.6333,true,1,937
7290010632787,false,צימרוני אוזניים עץ 300יח',הדקלאים אגודת שיתופי,CN,צימרוני אוזניים עץ כ,יחידה,0.00,יחידה,false,,4.50,0.0000,true,1,941
7290010690138,false,ברוקולי ארוז במגשית,חקלאי,IL,ברוקולי ארוז,,1.00,יח',false,,9.90,9.9000,true,1,41536
7290010711543,false,כף אשפה + גומי SHINY,שייני Shiny,,כף אשפה + גומי SHINY,יחידה,0.00,יחידה,false,,5.90,0.0000,true,1,13498
7290010711550,false,דלי שטיפה עם פיה ( 1,,,דלי שטיפה עם פיה ( 1,יחידה,0.00,יחידה,false,,11.90,0.0000,true,1,13499
7290010718627,false,פנינה - אל סבון נוזלי ירוק 1 ל',סאסא קוסמטיקס,IL,אל סבון נוזלי ירוק פ,יחידה,0.00,יחידה,false,,8.90,0.0000,true,1,18145
7290010718634,false,"פנינה רוזנבלום -אל סבון נוזלי לבן,1 ליטר",סאסא קוסמטיקס,IL,אל סבון נוזלי לבן פנ,יחידה,0.00,יחידה,false,,8.90,0.0000,true,1,18146
7290010748860,false,"ד""ר פישר - אפקטיב קר קרם ידיים אינטנסיב 150 מ""ל",פישר מעבדות פרמצבטיו,IL,קרם ידיים אינטנסיב א,,150.00,"100 מ""ל",false,,15.90,0.1060,true,1,29117
7290010748891,false,קרם גוף מולטי ויטמין Multi vitamin לעור רגיל- יבש,פישר מעבדות פרמצבטיו,IL,אפקטיב קר ק.גוף רגיל,,700.00,"100 מ""ל",false,,33.90,0.0484,true,1,29120
7290010757909,false,בורקס גבינה ללא גלוטן - מוקפא,מאפיית ישראל חיפה,IL,בורקס גבינה ללא גלוט,,500.00,100 גרם,false,,19.90,0.0398,true,1,235009
7290010760886,false,"בורקס גבינה כשל""פ 600 גרם",,,"בורקס גבינה כשל""פ 60",,600.00,100 גרם,false,,21.90,0.0365,true,1,51573
7290010766734,false,רוטב פיצה אוליביה אסם 430 ג',אוליביה,IL,רוטב פיצה אוליביה 41,,415.00,"100 מ""ל",false,,12.90,0.0311,true,1,51996
7290010766949,false,ממרח תחתיות ארטישוק 180ג' אוליביה,אוליביה,IL,אוליביה ממרח ארטישוק,,180.00,100 גרם,false,,12.90,0.0717,true,1,51997
7290010777099,false,פיתה עבודת יד אקספרס מארז 8 יח',מגוון שיווק והפצת מא,IL,8 פיתות במרקם מיוחד,,800.00,100 ליטר,false,,11.30,0.0141,true,1,21159
7290010777150,false,פיתה חיטה מלאה בריבוע 8יח' שקית 800 גר',מגוון שיווק והפצת מא,IL,8 פיתות בריבוע חיטה,,500.00,100 גרם,false,,13.90,0.0278,true,1,21160
7290010777297,false,פיתה אקספרס מארז 12יח',מגוון שיווק והפצת מא,IL,10 פיתות ביס,קילוגרמים,1.00,"ק""ג",false,,12.90,12.9000,true,1,21165
7290010777358,false,מארז שמיניית פיתות 100% כוסמין מלא,מגוון שיווק והפצת מא,IL,8 פיתות כוסמין מלא 1,,400.00,100 ליטר,false,,15.90,0.0398,true,1,21168
7290010777488,false,מארז פיתות 100% מחמצת קמח מלא 500 גרם,מאפיית ביכורים מזון,IL,פיתה מחמצת מקמח מלא,יחידה,0.00,יחידה,false,,15.90,0.0000,true,1,281285
7290010777525,false,פיתות 100% כוסמין דק 99 קל 6 יח,מאפיית ביכורים מזון,IL,פיתות קוסמין-פיתה אק,,50.00,100 גרם,false,,15.90,0.3180,true,1,281270
7290010838219,false,ממתיק על בסיס צמח הסטיביה - שקיות,תות ממתקי איכות,IL,סטיביה 100 שקיות,,100.00,100 גרם,false,,27.90,0.2790,true,1,5846
7290010931330,false,מטבוחה אחלה 500 גרם,מיוצר עי קונדיטוריית,IL,אחלה מטבוחה 500ג,,500.00,100 גרם,false,,14.50,0.0290,true,1,23337
7290010945306,false,חלב 3% בקרטון 2 ל' טרה,טרה,IL,טרה חלב בקרטון 3% 2,ליטרים,2.00,ליטר,false,,12.46,6.2300,true,1,6414
7290010945481,false,גבינה לבנה 5% שומן 500 ג' טרה,טרה,IL,טרה גבינה לבנה 5% 50,,500.00,100 גרם,false,,9.96,0.0199,true,1,6417
7290011015985,false,"סירופ דיאט אננס פריגת 750 מ""ל",סירופ - גבעת חיים,IL,פריגת סירופ דיאט אננ,,750.00,"100 מ""ל",false,,21.90,0.0292,true,1,301231
7290011017866,false,קוקה קולה קלאסי בפחית,החברה המרכזית לייצור,IL,קוקה קולה פחית סליק,,330.00,מטר,false,,5.50,0.0167,true,1,7031
7290011017873,false,"קוקה קולה זירו פחית 330 מ""ל",החברה המרכזית לייצור,IL,ZERO קולה פחית סליק,,330.00,"100 מ""ל",false,,5.50,0.0167,true,1,7032
7290011017880,false,דיאט קוקה קולה פחית סליק 330מל,החברה המרכזית לייצור,IL,קולה דיאט פחית סליק,,330.00,"100 מ""ל",false,,5.50,0.0167,true,1,7033
7290011018368,false,"שישיית בירה ויינשטפן 330 מ""ל","ויינשטפן, ת.ד 1155 פ",DE,ויינשטפן בירה לבנה 6,ליטרים,1.98,ליטר,false,,71.70,36.2121,true,1,7049
7290011018443,false,"פנטה אורנג פחית סליק 330 מ""ל",החברה המרכזית לייצור,IL,פאנטה אורנג פחית סלי,,330.00,"100 מ""ל",false,,5.50,0.0167,true,1,7053
7290011026301,false,"ד""ר פישר - שמפו לשיער כסוף 400 מ""ל",,IL,שמפו לשיער כסוף לגבר,,400.00,"100 מ""ל",false,,24.90,0.0622,true,1,120791
7290011064075,false,מעדן לאבנה ניצן אבו גוש 200 ג',הגבינות של ניצן,IL,ניצן אבו גוש מעדן לא,,200.00,100 גרם,false,,13.10,0.0655,true,1,6163
7290011064099,false,טאפס פלפלוני שרי ממולאים במעדן גבינה,"ניצן מותגי מזון בע""מ",IL,נועם פלפלוני שרי ממו,,125.00,100 גרם,false,,19.90,0.1592,true,1,6164
7290011110000,false,חסה רומית שלמה,,,חסה רומית שלמה,,430.00,100 גרם,false,,8.90,0.0207,true,1,47830
7290011110024,false,חסה סלנובה,,,חסה סלנובה,,1.00,יח',false,,12.90,12.9000,true,1,47832
7290011110031,false,לבבות חסה,,,לבבות חסה,,1.00,יח',false,,10.90,10.9000,true,1,47833
7290011110048,false,פלפל סוויט בייט,,,פלפל סוויט בייט,,220.00,100 גרם,false,,9.90,0.0450,true,1,207180
7290011110055,false,פלפל רומרו מארז,,,פלפל רומרו מארז,,1.00,יח',false,,9.90,9.9000,true,1,207181
7290011110079,false,בזיליקום.,,,בזיליקום.,,1.00,יח',false,,6.90,6.9000,true,1,47835
7290011110093,false,מנגולד,,,מנגולד,,250.00,גרם,false,,7.90,0.0316,true,1,47837
7290011110116,false,תרד ניו-זילנדי,,,תרד ניו-זילנדי,,200.00,גרם,false,,9.90,0.0495,true,1,47839
7290011110123,false,עירית,,,עירית,,1.00,יח',false,,6.90,6.9000,true,1,47840
7290011110130,false,רוקולה,,,רוקולה,,1.00,יח',false,,9.90,9.9000,true,1,47841
7290011110154,false,קורנית (טימין),,,קורנית (טימין),,1.00,יח',false,,6.90,6.9000,true,1,47843
7290011110215,false,מלפפון בייבי,,,מלפפון בייבי,,350.00,100 גרם,false,,9.90,0.0283,true,1,207182
7290011110512,false,חסה לאליק 280גרם,חקלאי,IL,חסה לאליק -יגור,,1.00,יח',false,,12.90,12.9000,true,1,173294
7290011115166,false,נקה 7 ארומה סבון נוזלי לבנדר 1 ל',טרופיקל דגיל תעשיות,IL,תחליב רחצה לבנדר נקה,יחידה,0.00,יחידה,false,,13.90,0.0000,true,1,30126
7290011115203,false,אל סבון מוצק מבושם בניחוח עדין קלאסיק - מארז רביעיה,טרופיקל דגיל תעשיות,IL,סבון מוצק ורוד נקה 7,,400.00,100 גרם,false,,10.90,0.0273,true,1,30128
7290011115258,false,אל סבון מוצק מבושם בניחוח עדין קלאסיק - מארז רביעיה,"גליל כימיכלים בע""מ",IL,סבון מוצק ירוק נקה 7,,400.00,100 גרם,false,,10.90,0.0273,true,1,30130
7290011115289,false,אל סבון מוצק מבושם בניחוח עדין קלאסיק - מארז רביעיה,"גליל כימיכלים בע""מ",IL,סבון מוצק לילך נקה 7,,400.00,100 גרם,false,,10.90,0.0273,true,1,30133
7290011126452,false,חליטת קמומיל ונענע 25 שקיקים גן קסום,HIQ FOOD PRODUCTS,IL,תה קמומיל ונענע 1.5ג,,37.50,100 גרם,false,,17.50,0.4667,true,1,24693
7290011126469,false,חליטת קמומיל ודבש 25 שקיקים גן קסום,HIQ FOOD PRODUCTS,IL,תה קמומיל ודבש 1.5גר,,37.50,100 גרם,false,,17.50,0.4667,true,1,24694
7290011126957,false,תה ירוק ויסוצקי ארל גריי 25 שקיקים,ויסוצקי ירוק,IL,תה ירוק ארל גריי T.T,,37.50,100 גרם,false,,23.90,0.6373,true,1,24699
7290011131654,false,מוזלי קראנצ'י ביג מיקס עם פירות ואגוזים,ויטליה ניקולא דו,MK,מיזלי ביג מיקס גרין,קילוגרמים,1.00,"ק""ג",false,,25.40,25.4000,true,1,13820
7290011133375,false,בירה שנדי בתוספת משקה אפרסק - שישייה,"טמפו משקאות בע""מ",IL,מכבי שנדי אפרסק בקבו,ליטרים,1.98,ליטר,false,,30.90,15.6061,true,1,9505
7290011148911,false,פלפלים מתוקים טינקרב,קוליוס,IL,פלפלים מתוקים טינקרב,,300.00,100 גרם,false,,9.90,0.0330,true,1,35573
7290011194215,false,מעדן גבינה ויוגורט בטעם בננה 5% שומן 88 ג' דניאלה,"שטראוס בריאות בע""מ",IL,"דניאלה בננה 150 מ""ל",,150.00,מטר,false,,4.10,0.0273,true,1,23338
7290011194246,false,קוטג שטראוס 5% עם סידן 250ג,מיוצר עי קונדיטוריית,IL,קוטג שטראוס 5% עם סי,,250.00,100 גרם,false,,5.80,0.0232,true,1,23339
7290011223243,false,"טואלט דאק ג'ל לאסלה בניחוח לבנדר 55 מ""ל","איטיליאן פוד, אס.פי.",IT,דאק ג'ל אסלה ניחוח ל,,55.00,"100 מ""ל",false,,9.90,0.1800,true,1,5863
7290011239237,false,חטיפי אגוזים ישראלי,,IL,חטיפי אגוזים ישראלי,,250.00,100 גרם,false,,18.90,0.0756,true,1,171851
7290011239404,false,עמוס חטיפים שונים אר,"בני ריאד מחרום בע""מ",IL,עמוס חטיפים שונים אר,,300.00,100 גרם,false,,13.90,0.0463,true,1,42796
7290011249748,false,רולים גלילי ופל במילוי קרם שוקולד 100 ג' עלמה,"גילרו בע""מ",IL,גילרו רולים שוקו 100,,100.00,100 גרם,false,,3.90,0.0390,true,1,41309
7290011249755,false,רולים גלילי ופל במילוי קרם אגוזים 100 ג' עלמה,"גילרו בע""מ",IL,רולים אגוז 100 גרם,,100.00,100 גרם,false,,3.90,0.0390,true,1,41310
7290011254018,false,שעועית מש מיה 500 גר',"מיה תעשיות מזון בע""מ",IL,שעועית מש 500 גרם,,500.00,100 גרם,false,,8.90,0.0178,true,1,15062
7290011254032,false,קינואה מיה 500 גרם,"מיה תעשיות מזון בע""מ",IL,קינואה 500 גרם,,500.00,100 גרם,false,,12.90,0.0258,true,1,15064
7290011312381,false,פטריות חורש למנגל 320 ג',"מרינה פטריות הגליל בע""מ",IL,פורטבלה על אש מרינה,,300.00,100 גרם,false,,15.90,0.0530,true,1,46583
7290011378028,false,חלבה קלאסית בטעם וניל ללא תוספת סוכר,רושדי תעשיות מזון בע,IL,בארכה חלבה וניל ללא,,350.00,100 גרם,false,,14.90,0.0426,true,1,18740
7290011379018,false,מארז משפחתי שמפיניון 500 ג' מרינה,מרינה פטריות,IL,פטריות צמד חמד,,500.00,100 גרם,false,,15.90,0.0318,true,1,41538
7290011435226,false,דבש מפרחי בר לחיץ 650 ג' יד מרדכי,מכוורת יד מרדכי שטרא,IL,דבש מפרחי בר לחיץ 65,,650.00,100 גרם,false,,36.30,0.0558,true,1,22296
7290011438142,false,"משקה יטבתה אייס קפה בבקבוק אישי 350 מ""ל",שטראוס גרופ,IL,יטבתה אייס קפה בבקבו,,350.00,"100 מ""ל",false,,6.50,0.0186,true,1,23345
7290011447304,false,מטרנה פרימיום חלבי שלב 3 700 גרם חיסכון,מטרנה תעשיות ש.מ,IL,מטרנה חלבי שלב 3 12*,,700.00,100 גרם,false,,48.90,0.0699,true,1,18757
7290011447359,false,תרכובת מזון המשך לפעוטות מהדרין שלב 1,מולינו ניקולי s.p.a,IL,מטרנה מהדרין שלב 1,,700.00,100 גרם,false,,49.90,0.0713,true,1,18759
7290011447373,false,תרכובת מזון המשך לפעוטות מהדרין שלב 2,מטרנה תעשיות ש.מ,IL,מטרנה מהדרין שלב 2,,700.00,100 גרם,false,,49.90,0.0713,true,1,18760
7290011461058,false,גומא - מקלות ריחניים,יושלם,,גומא - מקלות ריחניים,יחידה,0.00,יחידה,false,,20.00,0.0000,true,1,14277
7290011474256,false,מלח הימליה גס שקית 1 קילו תבואות,תבואות,,מלח הימליה גס שקית 1,קילוגרמים,1.00,"ק""ג",false,,16.90,16.9000,true,1,311643
7290011499051,false,פטה כבשים מסורתית 20% בגביע 250 גרם - רובין,MKN עבור מחלבות גד ב,IL,גד פטה כבשים גביע 20,,250.00,100 גרם,false,,26.90,0.1076,true,1,14669
7290011499105,false,בולגרית מסורתית 5% 250 גרם -רבנות,ג'נרל מילס סאן אדריא,IL,גד בולגרית 5% 250ג,,250.00,100 גרם,false,,23.90,0.0956,true,1,14670
7290011499112,false,בולגרית מסורתית 16% 250 גרם - רבנות,"מיוצר ע""י dsh",IL,גד בולגרית 16% 250ג,,250.00,100 גרם,false,,23.90,0.0956,true,1,14671
7290011499129,false,בולגרית מעודנת קוביות קטנות 5% 200 גרם - רבנות,קוד יצרן DSH,IL,גד בולגרית מעודנת קו,,200.00,100 גרם,false,,22.90,0.1145,true,1,14672
7290011499303,false,פטה עיזים מעודנת 5% בגביע 250 גרם - רבנות,ג'נרל מילס סאן אדריא,IL,פטה עיזים מעודנת 5%,,250.00,100 גרם,false,,33.10,0.1324,true,1,14675
7290011499358,false,פטה עיזים מסורתית 20% בגביע 200 גרם - רובין,מיוצר על ידי קוד יצר,IL,גד פטה עיזים 20% 200,,200.00,100 גרם,false,,28.80,0.1440,true,1,14679
7290011499365,false,גבינה חלומי נענע גד,"מחלבות גד בע""מ",IL,גד חלומי 24% 200ג,,200.00,100 גרם,false,,22.40,0.1120,true,1,14680
7290011499419,false,גבינה במרקם שמנת בטעם טבעי 5% ניו יורק,מחלבות גד,IL,גבינה במרקם שמנת 5%,,200.00,100 גרם,false,,12.30,0.0615,true,1,14682
7290011499624,false,שמנת 30% ניו יורק טבעי 200 גרם רבנות,מחלבות גד,IL,גד ניו יורק גבינת שמ,,200.00,100 גרם,false,,14.10,0.0705,true,1,14685
7290011499846,false,גבינת ריקוטה פרסקה 9% 300 ג' גד,מחלבות גד בעמ,IL,גד ריקוטה פרסקה 5% 3,,300.00,100 גרם,false,,18.50,0.0617,true,1,14696
7290011505806,false,קיסמי שיניים דנטאליים מפלסטיק 200 יחידות בחבית,הוסטס Hostess,CN,קיסמי שיניים פלסטיק,יחידה,0.00,יחידה,false,,9.90,0.0000,true,1,965
7290011515683,false,מעדן קפוא אקסטרים Extreme בטעם וניל - 6 יח',תות תעשיות מזון (201,IL,אקסטרים וניל מאגדת 6,,432.00,100 גרם,false,,33.90,0.0785,true,1,16108
7290011518561,false,"אקטימל תות משפחתי מארז 14X100מ""ל",מיוצר עי קונדיטוריית,IL,אקטימל תות משפחתי 14,ליטרים,1.40,ליטר,false,,29.90,21.3571,true,1,23350
7290011525323,false,אל סבון טיפולי לתינוק קמיל בלו סנסטיב שיבולת שועל,"ד""ר פישר Dr fischer",IL,קמיל בלו אלסבון שיבו,,500.00,"100 מ""ל",false,,22.00,0.0440,true,1,29134
7290011530549,false,מיקס פירות קפואים שייק איט ורוד - 3*150 ג',"הבו-קדו בע""מ",IL,שייק איט יום ראשון 4,,450.00,100 גרם,false,,32.90,0.0731,true,1,72917
7290011530730,false,מיקס פירות קפואים שייק איט חום - 3*150 ג',"הבו-קדו בע""מ",IL,שייק איט יום חמישי 4,,450.00,100 גרם,false,,32.90,0.0731,true,1,72918
7290011530747,false,מיקס פירות קפואים שייק איט סגול - 3*150 ג',"הבו-קדו בע""מ",IL,שייק איט יום רביעי 4,,450.00,100 גרם,false,,32.90,0.0731,true,1,72919
7290011553432,false,קרוטונים לסלט שקית 4,,,קרוטונים לסלט שקית 4,,400.00,100 גרם,false,,14.90,0.0373,true,1,358781
7290011553456,false,קרוטונים למרק שקית,,,קרוטונים למרק שקית,,400.00,100 גרם,false,,14.90,0.0373,true,1,358854
7290011553876,false,פרורי לחם קלאסי שקית,,,פרורי לחם קלאסי שקית,,800.00,100 גרם,false,,11.90,0.0149,true,1,358749
7290011587451,false,גרנולה בתוספת פירות ואגוזים,ויטליה,IL,גרנולה + פירות ואגוז,,600.00,100 גרם,false,,13.90,0.0232,true,1,25028
7290011593087,false,"שמן זית כתית מעולה 750 מ""ל סבא חביב",סאן אויל עיבוד ושיוו,IL,סבא חביב שמן זית כתי,,750.00,"100 מ""ל",false,,30.90,0.0412,true,1,223615
7290011598211,false,"סנו - אנטי קאלק מרסס ניקוי כללי 4 ב-1 700 מ""ל",מיוצר עי קונדיטוריית,IL,מנקה כללי אנטיקאלק 7,,700.00,"100 מ""ל",false,,17.90,0.0256,true,1,30144
7290011598259,false,"סנו - פרש מילוי למטהר אוויר מאסק 250 מ""ל",סנו מפעלי ברונוס בעמ,IL,סנו פרש אוטומטיק מאס,,250.00,"100 מ""ל",false,,13.90,0.0556,true,1,30145
7290011598372,false,מטלית מיקרופייבר פרופשיונל לרצפה סנו סושי,סנו מפעלי ברונוס.,CN,סנו סושי מטלית מיקרו,יחידה,0.00,יחידה,false,,12.90,0.0000,true,1,30147
7290011598402,false,סנו מקסימה מרכך כביסה וויט מילק 4 ליטר,סנו מקסימה,IL,מרכך כביסה סנו מקסימ,ליטרים,4.00,ליטר,false,,22.90,5.7250,true,1,30148
7290011607197,false,"אבקת כביסה קולון 101 5 ק""ג",רקיט בנקיזר,IL,"קולון 101 5 ק""ג",קילוגרמים,5.00,"ק""ג",false,,39.90,7.9800,true,1,20888
7290011615260,false,"טורטייה 20 ס""מ קוטר וילי פוד 540 גר",מוטלוקל גידה סאנאי ט,TR,"עלי טורטיה בד""ץ וילי",,540.00,100 גרם,false,,8.90,0.0165,true,1,2944
7290011615277,false,"עלי טורטיוה קמח חיטה 25ס""מ 12יח' ויליפוד 840 ג'",מוטלוקל גידה סאנאי ט,TR,"עלי טורטיה בד""ץ וילי",,840.00,100 גרם,false,,13.90,0.0165,true,1,2945
7290011622428,false,כתמטמינים-חטיף בריאות לתינוקות וילדים 45 ג',מיוצר עבור גולדן האר,IL,כתמטמינים-חטיף בריאו,,100.00,100 גרם,false,,5.90,0.0590,true,1,3591
7290011659004,false,צנצנת שום כתוש קפוא,,,צנצנת שום כתוש קפוא,,200.00,100 גרם,false,,11.90,0.0595,true,1,154123
7290011659073,false,קוביות שום קפוא 80 ג,,,קוביות שום קפוא 80 ג,,80.00,100 גרם,false,,9.90,0.1238,true,1,154110
7290011668570,false,גרנולה פירות יבשים ללא תוספת סוכר,בריא מהטבע פנינה רוזנבלום,IL,חגיגת גרנולה פירות י,,500.00,100 גרם,false,,26.90,0.0538,true,1,18168
7290011765118,false,"קרמה - קצף גילוח ירוק 200 מ""ל","אביאפ, איסטנבול, תור",TR,קצף גילוח דליקט קרמה,,200.00,"100 מ""ל",false,,10.90,0.0545,true,1,30154
7290011765613,false,סנו מסיר עובש בניחות לימון מתז 1 ל',סנו,IL,סנו מתז מסיר עובש בנ,ליטרים,13.00,ליטר,false,,17.90,1.3769,true,1,30171
7290011800840,false,טחינה בלאדי רפי כהן 400 ג' צבר,סלטי צבר,IL,צבר רפי כהן טחינה בל,,400.00,100 גרם,false,,14.90,0.0373,true,1,19791
7290011860271,false,ביסבול כדורי פירה בציפוי פריך,"תעשיות תפוגן בע""מ",IL,תפוגן ביס בול טבעי 7,,700.00,100 גרם,false,,15.90,0.0227,true,1,19793
7290011877088,false,"רדיד אלומיניום רוחב 30 ס""מ, 18 מיקרון - מארז זוג",בורסה פאזרי,TR,סנו סושי צמד רדידי א,,15.00,מטר,false,,16.90,1.1267,true,1,30172
7290011877156,false,"מבשם אוויר, בגדים וארונות פרש בניחוח מאסק",מיוצר עי קונדיטוריית,IL,סנו פרש ענק מאסק 375,,375.00,"100 מ""ל",false,,10.90,0.0291,true,1,30175
7290011877446,false,"קרם בייבי כיף למניעת גירויים 100 מ""ל",קוסמופארם בע''מ,IL,קרם נגד גירויים בייב,,100.00,100 גרם,false,,11.90,0.1190,true,1,30176
7290011879747,false,טוסטר לחיצה פסים,,,טוסטר לחיצה פסים,יחידה,0.00,יחידה,false,,70.90,0.0000,true,1,87758
7290011947743,false,זיתים זיתא מיקס זית ירוק וזית קלמטה 215 גרם,זיתא - י.ט.ב תעשיות,IL,מיקס זית ירוק וזית ק,,215.00,100 גרם,false,,11.90,0.0553,true,1,24727
7290011947781,false,מיקס זית ירוק וזית קלמטה ללא גלעין עם שמן זית 190 ג',זיתא - י.ט.ב תעשיות,IL,מיקס זית ירוק קלמטה,,190.00,100 גרם,false,,13.90,0.0732,true,1,122810
7290011947903,false,מיקס זיתים יווני זיתא 215 ג',זיתא - י.ט.ב תעשיות,IL,זיתים מיקס ייווני זי,,215.00,100 גרם,false,,11.90,0.0553,true,1,191665
7290011964344,false,תבלין שום גבישי 120 ג',"תבליני טעם וריח בע""מ",IL,שום גבישי 120 גר' במ,,120.00,100 גרם,false,,10.90,0.0908,true,1,42428
7290011964689,false,תבלין תיבול על האש ללא מונוס' 100ג',"תבליני טעם וריח בע""מ",IL,תבלין על האש ללא מונ,,100.00,100 גרם,false,,9.70,0.0970,true,1,42435
7290011964702,false,תבלין תיבול לשווארמה ללא מונוסו' 100ג',"תבליני טעם וריח בע""מ",IL,תבלין לשווארמה ללא מ,,100.00,100 גרם,false,,9.70,0.0970,true,1,42437
7290012022203,false,קליליות חיטה מלאה די,דילייט 2005,IL,קליליות חיטה מלאה די,,100.00,100 גרם,false,,13.90,0.1390,true,1,31554
7290012022227,false,קליליות חיטה טעם טבעי,דילייט 2005,IL,קליליות בטעם טבעי די,,60.00,100 גרם,false,,11.90,0.1983,true,1,31555
7290012086113,false,עגבניות שרי צימן קופסא 500ג',מרינה,IL,עגבניות שרי,,500.00,100 גרם,false,,9.90,0.0198,true,1,50950
7290012116360,false,פוליויקס לטיפול ברצפות גרניט פורצלן וקרמיקה,"מפעלי סנו ברונוס בע""",IL,סנו פוליוקס גרניט פו,ליטרים,2.00,ליטר,false,,20.90,10.4500,true,1,30196
7290012116612,false,אורביטול מברשת שיניים מארז 4 יח',ג'נרל מילס סאן אדריא,CN,מארז מברשות שיניים א,יחידה,0.00,יחידה,false,,10.90,0.0000,true,1,30200
7290012117091,false,אבקת -כביסה סנו מקסימה סנסיטיב 6 קג,סנו מקסימה,IL,אבקת כביסה סנו מקסימ,קילוגרמים,6.00,"ק""ג",false,,49.90,8.3167,true,1,30212
7290012117350,false,סנו ריצפז פרש 2 ליטר לילך לבנדר,"סנו מפעלי ברונוס בע""",IL,ריצפז פרש לילך לבנדר,ליטרים,2.00,ליטר,false,,18.90,9.4500,true,1,30216
7290012117428,false,"קרמה מן שמפו+גל רחצה 2 ב1 700 מ""ל מעינות",טרופיקל דגיל תעשיות,IL,שמפו וג'ל רחצה לגבר,,700.00,"100 מ""ל",false,,18.90,0.0270,true,1,30222
7290012117541,false,מרכך כביסה מקסימה קומפקט צהוב 1 ל' סנו,סנו מקסימה,IL,סנו מקסימה מרכך קומפ,יחידה,0.00,יחידה,false,,18.90,0.0000,true,1,30226
7290012117558,false,מרכך כביסה קומפקט מאסק ורוד סנו מקסימה 1 ל',"סנו מפעלי ברונוס בע""",IL,סנו מקסימה מרכך קומפ,יחידה,0.00,יחידה,false,,18.90,0.0000,true,1,30227
7290012117572,false,כפפות לטקס 100 יח' - M סנו סושי,סנו סושי,TH,M סנו סושי כפפות לטק,יחידה,0.00,יחידה,false,,44.90,0.0000,true,1,30229
7290012117589,false,כפפות לטקס 100 יח' - L סנו סושי,סנו סושי,TH,L סנו סושי כפפות לטק,יחידה,0.00,יחידה,false,,44.90,0.0000,true,1,30230
7290012117732,false,סנו - מקסימה מרכך כביסה קול שחור 4 ליטר,"סנו מפעלי ברונוס בע""",IL,מרכך כביסה סנו מקסימ,ליטרים,4.00,ליטר,false,,22.90,5.7250,true,1,30235
7290012117916,false,סנו אינסטלאטור פותח סתימות נוזלי 1 ל',"סנו מפעלי ברונוס בע""",IL,סנו אינסטלאטור פותח,יחידה,0.00,יחידה,false,,29.90,0.0000,true,1,30242
7290012159275,false,מיונז אמיתי 430 גרם LINA,לינה,,מיונז לינה 430גר' כש,,430.00,100 גרם,false,,11.90,0.0277,true,1,11207
7290012159480,false,קאווה גוטה דה מרוויה חצי יבש,,,קאווה גוטה דה מרוויה,,700.00,"100 מ""ל",false,,26.90,0.0384,true,1,11213
7290012191053,true,המנגליסט גפרור ארוך,,,המנגליסט גפרור ארוך,יחידה,0.00,יחידה,false,,5.90,0.0000,true,1,143656
7290012191084,false,המנגליסט גפרורים עשי,,IN,המנגליסט גפרורים עשי,יחידה,0.00,יחידה,false,,2.90,0.0000,true,1,7888
7290012212154,false,מלפפון במלח קטן מוטו,מוטולה,IL,מלפפון במלח קטן בצנצ,,560.00,100 גרם,false,,12.90,0.0230,true,1,286254
7290012212161,false,זית טבעי קלמטה צנצ' מוטולה,,,זיתים קלמנטה בצנצנת,,560.00,100 גרם,false,,12.90,0.0230,true,1,286281
7290012226021,false,סלמי מעושן פראג יבש 400 ג' זוגלובק,זוגלובק,IL,סלמי מעושן פראג יבש,,400.00,100 גרם,false,,16.90,0.0422,true,1,39013
7290012226120,false,מב זוגלובק קבנוס 135,זוגלובק,IL,זוגלובק קבנוס 135ג.,,135.00,100 גרם,false,,10.90,0.0807,true,1,39014
7290012226939,false,קבנוס עם צ'ילי חריף 135ג' זוגלובק,זוגלובק,IL,זוגלובק קבנוס בטעם צ,,135.00,100 גרם,false,,10.90,0.0807,true,1,39023
7290012227325,false,סלמי דק דק מעושן איטלקי 120 ג' זוגלובק,זוגלובק,IL,זוגלובק סלמי מעושן ד,,120.00,100 גרם,false,,11.90,0.0992,true,1,39036
7290012227912,false,קבנוס עודן 135 ג' זוגלובק,זוגלובק,IL,קבנוס מעודן זוגלובק,,135.00,100 גרם,false,,10.90,0.0807,true,1,39058
7290012227974,false,פסטרמה הודו בדבש טהור דק דק דק,זוגלובק,IL,זוגלובק פסטרמה בדבש,,120.00,100 גרם,false,,11.90,0.0992,true,1,39059
7290012227981,false,פסטרמה דק דק ברביקיו 120 ג' זוגלובק,זוגלובק,IL,פסטרמה ברביקיו זוגלו,,120.00,100 גרם,false,,11.90,0.0992,true,1,39060
7290012227998,false,פסטרמה דק דק חזה בקר 120 ג' זוגלובק,זוגלובק,IL,זוגלובק חזה בקר 12,,120.00,100 גרם,false,,12.90,0.1075,true,1,39061
7290012260827,false,שערות קדאיף מזאווי 4,"ממתקי מזוואי בע""מ",IL,שערות קדאיף 475 גרם,,475.00,100 גרם,false,,13.90,0.0293,true,1,49353
7290012313141,false,מלפפון פרוס במלח A2 ק.יבנה 540ג',אף.סי תבליני בגליל ב,IL,פרוסות מלפפון במלח י,,540.00,100 גרם,false,,6.30,0.0117,true,1,44755
7290012313240,false,יבנה זיתים מיקס ירוק וקלמטה 560 גר',קבוצת יבנה,,מיקס זית ירוק וקלמטה,,560.00,100 גרם,false,,10.90,0.0195,true,1,117287
7290012372100,false,"קמח חיטה מלא 80% 1 ק""ג רובינפלד",,,קמח חיטה 80% רובינפל,קילוגרמים,1.00,"ק""ג",false,,10.90,10.9000,true,1,36818
7290012372124,false,"קמח כוסמין 100% 1 ק""ג רובינפלד",,,קמח כוסמין 100% רובי,קילוגרמים,1.00,"ק""ג",false,,16.90,16.9000,true,1,266450
7290012372155,false,"קמח כוסמין 80% 1ק""ג רובינפלד",,,קמח כוסמין 80% רובינ,קילוגרמים,1.00,"ק""ג",false,,16.90,16.9000,true,1,36821
7290012372209,false,"קמח חיטה לבן 1 ק""ג רובינפלד",,,קמח חיטה לבן מנופה ר,קילוגרמים,1.00,"ק""ג",false,,7.90,7.9000,true,1,266423
7290012372247,false,"קמח כוסמין לבן 1 ק""ג רובינפלד",,,קמח כוסמין לבן רובינ,קילוגרמים,1.00,"ק""ג",false,,16.90,16.9000,true,1,266464
7290012404955,false,ספרינג קולקשן נקטר חמוציות 1.25 ל',"יפאורה תבורי בע""מ",IL,ספרינג נקטר חמוציות,ליטרים,1.25,ליטר,false,,12.50,10.0000,true,1,11628
7290012413636,false,תה ירוק צאי מסאלה 25 שקיקים 1.5 גרם,ויסוצקי ירוק,IL,תה ירוק צ'אי T.Tשמינ,,37.50,100 גרם,false,,23.90,0.6373,true,1,24732
7290012413643,false,תה ירוק קמומיל 25 שקיקים ויסוצקי,ויסוצקי ירוק,IL,תה ירוק קמומיל T.Tשמ,,37.50,100 גרם,false,,23.90,0.6373,true,1,24733
7290012522581,false,טבעול שניצל תירס ללא גלוטן טבעול 664 גרם,עיצובים 2020 (4.8),IL,טבעול שניצל תירס ללא,,664.00,100 גרם,false,,19.90,0.0300,true,1,19801
7290012561337,false,כורכום טרי כתוש קפוא דורות 70 גר,גוד פוד פרודקטס S.p,IL,כורכום טרי כתוש דורו,,180.00,100 גרם,false,,9.90,0.0550,true,1,177272
7290012561405,false,בצל חצי מטוגן דורות 180 גרם,עיצובים 2020 (3.8),IL,בצל חצי מטוגן דורות,,180.00,100 גרם,false,,10.50,0.0583,true,1,19805
7290012576614,false,יין Premieur לבן חצי יבש אמרלד ריזלינג קולומברד,יקבי ברקן שיווק והפצ,IL,ברקן יין פרמייר לבן,,750.00,"100 מ""ל",false,,26.90,0.0359,true,1,9532
7290012645112,false,"יוגורט עיזים בדלי חלב הארץ 750מ""ל",מחלבות סוסיא,IL,יוגורט עיזים בדלי 75,,750.00,"100 מ""ל",false,,18.90,0.0252,true,1,23358
7290012645129,false,"יוגורט כבשים בדלי חלב הארץ 750מ""ל",מחלבות סוסיא,IL,יוגורט כבשים בדלי 75,,750.00,"100 מ""ל",false,,18.90,0.0252,true,1,23359
7290012803055,false,סוכרלוז מרמולייט- 100שקיות אישיות,תות ממתקי איכות,IL,מרמולייט סוכרלוז 100,,100.00,100 גרם,false,,19.90,0.1990,true,1,5913
7290012803215,false,וופל בלגי בטעם שוקולד ללא תוספת סוכר,בטר אנד דיפרנט,IL,טוסו וופל בלגי שוקול,,200.00,100 גרם,false,,10.00,0.0500,true,1,5917
7290012803222,false,וופל בלגי בטעם לימון ללא תוספת סוכר,בטר אנד דיפרנט,IL,טוסו וופל בלגי לימון,,200.00,100 גרם,false,,10.00,0.0500,true,1,5918
7290012803352,false,"רייד ארוסול קוטל מעופפים 300מ""ל",אס.סי.ג'ונסון מידרכט,NL,רייד תרסיס קוטל מעופ,,300.00,"100 מ""ל",false,,11.90,0.0397,true,1,5921
7290012803765,false,טבלאת שוקולד מריר 100 גרם -טוסו,אלטינמארקה גידה סאן,TR,טוסו שוקלד מריר 100ג,,100.00,100 גרם,false,,8.90,0.0890,true,1,5932
7290012803789,false,שוקולד מריר עם אגוזים ללא תוספת סוכר,האי נאם סי או אל.טי.,TR,טוסו שוקלד מריר ואגו,,100.00,100 גרם,false,,8.90,0.0890,true,1,5934
7290012823251,false,אל סבון כיף יסמין לבנדר 1 ליטר,קוסמופארם,IL,אל סבון יסמין לבנדר,ליטרים,1.00,ליטר,false,,12.90,12.9000,true,1,30268
7290012823381,false,מרכך כביסה מקסימה סנסיטיב מרוכז ורוד 1 ל' סנו,"סנו מפעלי ברונוס בע""",IL,סנו מקסימה סנסטיב מר,יחידה,0.00,יחידה,false,,18.90,0.0000,true,1,30270
7290012823558,false,סנו סושי מטליות לחות לריצפה ענק 10 יח,סנו מפעלי ברונוס בעמ,IL,סנו סושי מטליות ענק,יחידה,0.00,יחידה,false,,10.90,0.0000,true,1,30275
7290012823565,false,מטליות ענק לחות 10 יח לרצפה עם כריות הגנ,דינאמיק תעשיות,IL,פוליויקס פרקט מטליות,יחידה,0.00,יחידה,false,,14.90,0.0000,true,1,30276
7290012823923,false,מרכך כביסה סופר מרוכז פרפיום גולדן סנרייז,סנו מפעלי ברונוס בעמ,IL,סנו מקסימה מרכך פרפי,,750.00,"100 מ""ל",false,,18.90,0.0252,true,1,30292
7290012823947,false,"סנו - מרכך כביסה מרוכז פרפיום קריסטל נואר 750 מ""ל",מיוצר עי קונדיטוריית,IL,סנו מקסימה מרכך פרפי,,750.00,"100 מ""ל",false,,18.90,0.0252,true,1,30294
7290012884986,false,תפוגן ציפס לתנור עד 4% שומן 1.5 קג,"תעשיות תפוגן בע""מ",IL,תפוגן ציפס לתנור עד,קילוגרמים,1.50,"ק""ג",false,,24.90,16.6000,true,1,19811
7290012901973,false,שעועית אדומה גאלה 400 גרם,,IT,שעועית אדומה 400 גרם,,400.00,100 גרם,false,,9.90,0.0248,true,1,168229
7290012936937,false,תבלינים בהרט בצנצנת 40 גרם,א.ל ייצור ושיווק תבל,IL,מימון בהרט 40 גרם,,50.00,100 גרם,false,,11.90,0.2380,true,1,355
7290012938580,false,"סנסודיין משחת שיניים להלבנה עדינה 75 מ""ל",גלקסוסמית'קליין קונס,GB,משחת שיניים הלבנה עד,,75.00,"100 מ""ל",false,,20.90,0.2787,true,1,3878
7290012938740,false,"משחת שיניים פרש מינט מנטה 75מ""ל סנסודיין",גלקסו סמית קליין,GB,משחת שיניים פרש מינט,,75.00,"100 מ""ל",false,,20.90,0.2787,true,1,3881
7290012962448,false,"מדליק פחם נוזלי 250 מ""ל עם פקק ביטחון EASY LIGHT",איזי לייט Easy light,,מדליק פחם נוזלי 250,,250.00,"100 מ""ל",false,,9.90,0.0396,true,1,972
7290012962684,false,"הוסטס שקיות צליה ג'מבו 50X35 ס""מ בקופסה 5 יח'",הוסטס Hostess,TR,שקיות צליה ג`מבו 5 י,יחידה,0.00,יחידה,false,,4.90,0.0000,true,1,979
7290012962912,false,כפפות ניטריל סייף טא,,,כפפות ניטריל סייף טא,יחידה,0.00,יחידה,false,,27.90,0.0000,true,1,271082
7290012962929,false,כפפות ניטריל סייף טא,,,כפפות ניטריל סייף טא,יחידה,0.00,יחידה,false,,27.90,0.0000,true,1,271083
7290012962936,false,כפפות ניטריל סייף טא,,,כפפות ניטריל סייף טא,יחידה,0.00,יחידה,false,,27.90,0.0000,true,1,271084
7290013027399,false,לחם קמח מלא קל בתוספת שיפון 750 ג' אנג'ל,מאפיית שלמה א. אנג'ל,IL,לחם 100 בתוספת שיפון,,750.00,100 גרם,false,,13.90,0.0185,true,1,35487
7290013038234,false,מים אקווה נובה שישיי,"טמפו משקאות בע""מ",IL,אקווה נובה 6*2 ליטר,ליטרים,12.00,ליטר,false,,8.90,0.7417,true,1,9539
7290013117212,false,בורקס פילו במילוי גבינה מעדנות 600 גר,מיוצר עי קונדיטוריית,IL,בורקס פילו גבינה מעד,,600.00,100 גרם,false,,15.90,0.0265,true,1,35642
7290013117229,false,"בורקס פילו במילוי תפו""א מעדנות 600 גר",מיוצר עי קונדיטוריית,IL,בורקס פילו תפוא מעדנ,,600.00,100 גרם,false,,15.90,0.0265,true,1,35643
7290013117243,false,בורקס פילו בולגרית מעדנות 600 ג',מיוצר עי קונדיטוריית,IL,בורקס פילו בולגרית מ,,600.00,100 גרם,false,,15.90,0.0265,true,1,35645
7290013117410,false,בצק פריך מרודד למאפים מתוקים 900 ג' מעדנות,מיוצר עי קונדיטוריית,IL,מעדנות בצק פריך מרוד,,900.00,100 גרם,false,,19.90,0.0221,true,1,35647
7290013117427,false,בצק פריך מרודד למאפים מלוחים 900 ג' מעדנות,מיוצר עי קונדיטוריית,IL,מעדנות בצק פריך מרוד,,900.00,100 גרם,false,,19.90,0.0221,true,1,35648
7290013117526,false,מעדנות בצק שמרים למאפים מתוקים 900 גרם,"מעדנות בע""מ",IL,מעדנות בצק שמרים למא,,900.00,100 ליטר,false,,19.90,0.0221,true,1,35651
7290013121127,false,לחמניות מיני ללא גלוטן 420 גר קפוא,אביב קונדיטוריה מעול,IL,לחמניות מיני ללא גלו,,480.00,100 גרם,false,,17.90,0.0373,true,1,49721
7290013121158,false,רביעיית לחמניות סנדויץ 460 גר קפוא,אביב קונדיטוריה מעול,IL,רביעיית לחמניות סנדב,,460.00,100 גרם,false,,15.90,0.0346,true,1,49724
7290013121165,false,שישיית לחמניות ללא גלוטן 460 גר קפוא,אביב קונדיטוריה מעול,IL,"לחמניות נקניקיה כשל""",,460.00,100 גרם,false,,17.90,0.0389,true,1,49725
7290013144140,false,תערובת להכנת סופגניות מימונס 600 ג',מיוצר עי קונדיטוריית,IL,מימונס תערובת לסופגנ,,600.00,100 גרם,false,,17.50,0.0292,true,1,15348
7290013144201,false,תערובת פנקייק מימונס 400 ג',מיוצר עי קונדיטוריית,IL,תערובת פנקייק 400גר,,400.00,100 גרם,false,,14.90,0.0373,true,1,15354
7290013144218,false,תערובת עוגת וניל מימונס 560 ג',מיוצר עי קונדיטוריית,IL,תערובת עוגת וניל 560,,560.00,100 גרם,false,,14.90,0.0266,true,1,15355
7290013144393,false,"תמצית בטעם וניל מימונס 50 מ""ל",מיוצר עי קונדיטוריית,IL,תמצית בטעם וניל 50גר,,50.00,100 גרם,false,,4.50,0.0900,true,1,15366
7290013144508,false,"תמצית בטעם ורדים מימונס 50 מ""ל",מיוצר עי קונדיטוריית,IL,תמצית בטעם ורדים 50ג,,50.00,"100 מ""ל",false,,8.90,0.1780,true,1,15370
7290013144522,false,צבע מאכל ירוק מימונס 50 ג',מיוצר עי קונדיטוריית,IL,צבע מאכל ירוק 50גר,,50.00,100 גרם,false,,4.50,0.0900,true,1,15372
7290013144751,false,מימונס סירופ בטעם מייפל 500 מל,מימונס אפיה,IL,מימונס סירופ בטעם מי,,500.00,"100 מ""ל",false,,13.90,0.0278,true,1,15376
7290013144768,false,סירופ בטעם שוקולד מימונס 500ג',מימונס אפיה,IL,מימונס סירופ בטעם שו,,500.00,"100 מ""ל",false,,13.90,0.0278,true,1,15377
7290013145031,false,אגוזי לוז מסוכרים מימונס 100 ג',מיוצר עי קונדיטוריית,IL,מימונס ברס אגוזי לוז,,100.00,100 גרם,false,,12.90,0.1290,true,1,15384
7290013145130,false,שקד מולבן חצוי מימונס 100 גר',מימונס אפיה,IL,מימונס שקד מולבן חצו,,100.00,100 גרם,false,,12.90,0.1290,true,1,15393
7290013145178,false,קוקוס טחון לבן מימונס 100 ג',מימונס אפיה,IL,קוקוס טחון לבן 100 ג,,100.00,100 גרם,false,,4.90,0.0490,true,1,15396
7290013145215,false,שומשום מימונס 400 גרם,מיוצר עי קונדיטוריית,IL,שומשום 400גר,,400.00,100 גרם,false,,14.90,0.0373,true,1,15398
7290013145277,false,עלים לקרמשניט 300 גר מימונס,מימונס אפיה,IL,עלים לקרמשניט 300 גר,,300.00,100 גרם,false,,15.90,0.0530,true,1,15400
7290013145406,false,שוקולד צ'יפס לבן מימונס 250 גר',אינטרגטה תעשיות מזון,IL,מימונס שוקולד ציפס ל,,250.00,100 גרם,false,,9.90,0.0396,true,1,15403
7290013145536,false,סוכריות בטעם שוקולד לקישוט מימונס 85 ג',,,סוכריות בטעם שוקולד,,90.00,100 גרם,false,,5.50,0.0611,true,1,15410
7290013145574,false,ערכה לקישוט מימונס 100 ג',א.ל ייצור ושיווק תבל,IL,ערכה לקישוט 100 גרם.,,100.00,100 גרם,false,,10.80,0.1080,true,1,15412
7290013145628,false,סוכריות צבעוניות לקישוט מימונס 200 ג',א.ל ייצור ושיווק תבל,IL,סוכריות צבעוניות לקי,,200.00,100 גרם,false,,8.90,0.0445,true,1,15414
7290013145710,false,דובדבנים מסוכרים מימונס 100 ג',מיוצר עי קונדיטוריית,IL,דובדבנים מסוכרים 100,,100.00,100 גרם,false,,9.90,0.0990,true,1,15420
7290013145840,false,סוכר וניל מימונס 10* 10 ג',מיוצר עי קונדיטוריית,IL,מימונס סוכר וניל 10*,,100.00,100 ליטר,false,,2.50,0.0250,true,1,15428
7290013145857,false,אבקת אפייה 10 יח' בצלופן,מימונס אפיה,IL,אבקת אפיה 10* 10 גרם,,100.00,100 גרם,false,,2.50,0.0250,true,1,15429
7290013145901,false,סודה לשתיה מימונס 100 ג',מימונס אפיה,IL,סודה לשתיה 100 גרם,,100.00,100 גרם,false,,2.00,0.0200,true,1,15432
7290013145918,false,אבקת סוכר מימונס 100 גר',א.ל. ייצור ושיווק תב,IL,אבקת סוכר 100 גרם,,100.00,100 גרם,false,,2.00,0.0200,true,1,15433
7290013145949,false,אבקת סוכר באריזת פטנט 250גר,מיוצר עי קונדיטוריית,IL,אבקת סוכר באריזת פטנ,,250.00,100 גרם,false,,15.90,0.0636,true,1,15435
7290013145970,false,קורנפלור מימונס בשקית 200 ג',א.ל ייצור ושיווק תבל,IL,מימונס קורנפלור 200,,200.00,100 גרם,false,,3.90,0.0195,true,1,15438
7290013146199,false,מלית קרם נוגט 350 גרם מימונס,הנסיך- מפעל לייצור ט,IL,מימונס קרם נוגט 350,,400.00,100 גרם,false,,15.90,0.0398,true,1,15447
7290013146304,false,קורנפלור 500 גרם מימונס.,,,מימונס קורנפלור 500,,500.00,100 גרם,false,,6.90,0.0138,true,1,15450
7290013146427,false,מיני מרנג בצבע לבן מימונס 60 ג',"מימונס אפיה בע""מ",IL,נשיקות לקישוט צבע לב,יחידה,0.00,יחידה,false,,15.90,0.0000,true,1,66992
7290013146656,false,כוכבים תכלת ירוק לבן לקישוט 60 גרם,"מימונס אפיה בע""מ",IL,כוכבים צבעוניים לקיש,יחידה,0.00,יחידה,false,,11.90,0.0000,true,1,67021
7290013146670,false,סוכריות לב סגול ורוד לבן לקישוט 60 גרם,"מימונס אפיה בע""מ",IL,סוכריות לב צבעוניות,יחידה,0.00,יחידה,false,,11.90,0.0000,true,1,67174
7290013146762,false,מימונס קצפת 24% 200 גרם,,IL,קצפת לזילוף 24% שומן,,500.00,100 גרם,false,,6.80,0.0136,true,1,198207
7290013156006,false,עוגיות כעכים לקפה מרוקאיות 200גר,,,עוגיות מרוקאיות גיק,,350.00,100 גרם,false,,16.90,0.0483,true,1,243337
7290013156921,false,עצבעות מתוקות ללא תו,,,"עוגיות מרוקאיות לל""",,350.00,100 גרם,false,,16.90,0.0483,true,1,243341
7290013220042,false,מיקס טרופי 400 גרם ב,א.מ שרון,PL,מיקס טרופי 400 גרם ב,,400.00,100 גרם,false,,19.90,0.0497,true,1,51620
7290013221018,false,חתיכות מנגו קפוא 500,א.מ שרון,PL,מנגו 500 גרם בקופסא,,500.00,100 גרם,false,,19.90,0.0398,true,1,51637
7290013267665,false,מאגדת מיני סולרו פירות טרופי 6 יח' 354 ג',"מיוצר ע""י גלידת שטרא",IL,סולרו מאגדת מיני *,,354.00,100 גרם,false,,21.90,0.0619,true,1,4307
7290013268020,false,סנו - מקסימה מרכך כביסה מרוכז אולטרה פרש 1 ליטר,"סנו מפעלי ברונוס בע""",IL,סנו מקסימה אולטרא פר,יחידה,0.00,יחידה,false,,18.90,0.0000,true,1,30296
7290013268037,false,סנו מקסימה מרכך כביסה פצ''ולי מרוכז סגול 1 ל',סנו מקסימה,IL,סנו מקסימה פצ'ולי מר,יחידה,0.00,יחידה,false,,18.90,0.0000,true,1,30297
7290013268242,false,תרכיז ריחני לניקוי רצפות בריח מלון מפנק ריצפז פרש,"סנו מפעלו ברונוס בע""",IL,ריצפז פרש הום בניחוח,ליטרים,2.00,ליטר,false,,21.90,10.9500,true,1,30304
7290013268884,false,סנו ריצפז פרש 2 ליטר מאסק,מיוצר עי קונדיטוריית,IL,ריצפז פרש מאסק 2 ליט,ליטרים,2.00,ליטר,false,,18.90,9.4500,true,1,30331
7290013268891,false,מסיר כתמים ג'ל אוקסיג'ן ללא אקונומיקה,"סנו מפעלי ברונוס בע""",IL,סנו אוקסיג'ן 3 ליטר,ליטרים,3.00,ליטר,false,,30.90,10.3000,true,1,30332
7290013268907,false,ג'ל כביסה ביו בטמפרטורות נמוכות,"סנו מפעלי ברונוס בע""",IL,מקסימה ג'ל כביסה ביו,ליטרים,3.00,ליטר,false,,33.90,11.3000,true,1,30333
7290013268938,false,סנובון סבון אסלה בניחוח מאסק - מארז 3 יח',סנו,IL,סנובון שלישיה מאסק 3,,195.00,100 גרם,false,,11.90,0.0610,true,1,30335
7290013268983,false,מרכך כביסה סופר מרוכז בבישום עוצמתי סנו מקסימה 1 ל',"סנו מפעלי ברונוס בע""",IL,מקסימה מרכך כביסה בב,יחידה,0.00,יחידה,false,,18.90,0.0000,true,1,161924
7290013268990,false,סנו - מקסימה מרכך כביסה מרוכז ביו 1 ליטר,"סנו מפעלי ברונוס בע""",IL,סנו מקסימה מרכך מרוכ,יחידה,0.00,יחידה,false,,18.90,0.0000,true,1,30336
7290013269287,false,סנו - מקסימה ג'ל כביסה מרוכז מאסק 3 ליטר,"סנו מפעלי ברונוס בע""",IL,מקסימה מאסק גל כביסה,ליטרים,3.00,ליטר,false,,33.90,11.3000,true,1,30344
7290013269300,false,ניילון נצמד + לשימוש במיקרוגל,"מיוצר בהונג קונג, סי",CN,סנו סושי פלסטיק נצמד,,150.00,מטר,false,,23.90,0.1593,true,1,30345
7290013269621,false,ריצפז פרש לניקוי רצפות בניחוח מלון בוטיק,מיוצר עי קונדיטוריית,IL,ריצפז פרש הום בניחוח,ליטרים,2.00,ליטר,false,,21.90,10.9500,true,1,30351
7290013269645,false,מטליות לחות לניקוי הרצפה בניחוח מאסק ריצפז פרש,סנו מפעלי ברונוס בעמ,IL,ריצפז פרש מטליות לחו,יחידה,0.00,יחידה,false,,11.90,0.0000,true,1,30353
7290013269669,false,ריצפז בניחוח פנטזיה לניקוי הרצפה,"סנו מפעלי ברונוס בע""",IL,ריצפז פנטזיה 3ל,ליטרים,3.00,ליטר,false,,12.90,4.3000,true,1,30355
7290013269751,false,מטליות לחותריצפז פרש לניקוי ריצפה בניחות מלון בוטיק 10 יח' סנו,טרופיקל דגיל תעשיות,IL,ריצפז מטליות לחות לנ,יחידה,0.00,יחידה,false,,11.90,0.0000,true,1,30358
7290013310163,false,מדליק פחם מוצק 40 יח' EASY LIGHT,הדקלאים אגודת שיתופי,DE,איזילייט מדליק פחם מ,יחידה,0.00,יחידה,false,,6.50,0.0000,true,1,1000
7290013310637,false,מברשת לניקוי בקבוקים,נובי Nuby,CN,מברשת לניקוי בקבוקים,יחידה,0.00,יחידה,false,,39.90,0.0000,true,1,286848
7290013358356,false,מאסטר שף - פירורי לחם מוזהבים 320 גרם,מנה י.א בעמ,IL,מאסטר שף פירורי לחם,,350.00,100 גרם,false,,4.90,0.0140,true,1,21499
7290013358363,false,פירורי לחם פנקו מזוהבים מאסטר שף מנה 300 ג',קריניציה ויטמינה אס,IL,מאסטר שף פירורי לחם,,300.00,100 גרם,false,,9.90,0.0330,true,1,21500
7290013358370,false,פירורי לחם פנקו מוזהבים שום 300 גרם מנה,"מיוצר ע""י מנה י.א בע",IL,מאסטר שף פירורי לחם,,300.00,100 גרם,false,,9.90,0.0330,true,1,21501
7290013358417,false,מנה אסייאתי רוטב טריאקי 300 מל מאסטר שף,קריניציה ויטמינה אס,TH,מאסטר שף אסייאתי רוט,,300.00,"100 מ""ל",false,,12.90,0.0430,true,1,21504
7290013358493,false,מנה אסייאתי קרם קוקוס פחית 400 מל מ.שף,תאי קוקונט פבליק קומ,TH,מאסטר שף אסייאתי קרם,,400.00,"100 מ""ל",false,,9.80,0.0245,true,1,21510
7290013358530,false,מאסטר שף אסייאתי רוטב צ'ילי מתוק 700 מל,קריניציה ויטמינה אס,TH,מאסטר שף רוטב צ'ילי,,700.00,"100 מ""ל",false,,12.90,0.0184,true,1,21514
7290013366634,false,כרמל יבולים חסה סלנו,שמיניית מעדן חלב שוק,IL,חסה סלנובה,,1.00,יח',false,,11.90,11.9000,true,1,47716
7290013412966,false,טולי רביעיית מגבונים לחים,DPL,IL,תולי מגבונים לחים 4*,יחידה,0.00,יחידה,false,,10.00,0.0000,true,1,29526
7290013424952,false,אננס קפוא 500 ג' פילד גוד,סאפו דקלאק טריידינג,PL,אננס חתוך קפוא 500 ג,,500.00,100 גרם,false,,12.90,0.0258,true,1,144528
7290013430090,false,בירה אלכסנדר אמברה AMBREE בירה ישראלית,מנדלז סי.אר. פרודקשן,IL,אלכסנדר אמברה בירה 3,,330.00,"100 מ""ל",false,,13.20,0.0400,true,1,13394
7290013440648,false,מאגדת שלגוני אבטיח נסטלה 108X5ג',גלידות נסטלה (נגה גל,IL,אבטיח קרחונים מאגדת,,540.00,100 גרם,false,,24.90,0.0461,true,1,16117
7290013525819,false,שום כתוש שמיר 150 ג',"סלטי שמיר 2006 בע""מ",IL,שמיר שום כתוש 150ג,,150.00,100 גרם,false,,8.90,0.0593,true,1,17742
7290013531117,false,רוטב פסטה לילדים 240 גרם יכין,"זנלכל בע""מ",IL,רוטב לפסטה לילדים יכ,,260.00,100 גרם,false,,5.50,0.0212,true,1,8727
7290013531582,false,מארז זיתים ירוקים מגולענים יכין 200 גרם,קרלו,IL,זיתים חרוזית מגולעני,,600.00,100 גרם,false,,11.90,0.0198,true,1,8737
7290013531759,false,שעועית אפויה במים 550 ג' יכין,"זנלכל בע""מ",IL,שעועית אפויה במים יכ,,550.00,100 גרם,false,,9.90,0.0180,true,1,8746
7290013558800,false,עלי תרד 250 גרם,ל. פלמינגו ישראל,IL,עלי תרד,,500.00,100 גרם,false,,12.90,0.0258,true,1,49207
7290013558824,false,תבלין רוקולה /בזיליקום 100 גר,ל. פלמינגו ישראל,IL,תבלין טרי,,100.00,100 גרם,false,,8.90,0.0890,true,1,49208
7290013580009,false,המבורגר זהב 400 ג' 12 יח',בלדי,IL,המבורגר זהב 400 גרם,,400.00,100 גרם,false,,14.90,0.0373,true,1,35355
7290013581648,false,מינוט סטייק אל מטאד,,IL,מינוט סטייק אל מטאד,,250.00,100 גרם,false,,24.90,0.0996,true,1,105447
7290013585233,false,"ספרייט זירו פחית סליק 330 מ""ל",קוקה קולה ישראל,IL,פחית סליק 330 מל ZER,,330.00,"100 מ""ל",false,,5.50,0.0167,true,1,7083
7290013585257,false,ספרייט זירו בקבוק 500מל,החברה המרכזית לייצור,IL,ZERO ספרייט 0.5 ל,,500.00,"100 מ""ל",false,,6.80,0.0136,true,1,7085
7290013585387,false,קוקה קולה זירו בקבוק,החברה המרכזית לייצור,IL,קולה זירו 1 ליטר,ליטרים,1.00,ליטר,false,,6.90,6.9000,true,1,7095
7290013585394,false,קוקה-קולה 1 ליטר,החברה המרכזית לייצור,IL,קוקה קולה 1 ליטר,ליטרים,1.00,ליטר,false,,7.50,7.5000,true,1,7096
7290013608260,false,פרימור מיץ רימונים 100% סחוט טרי 1ל',"גניר (1992) בע""מ",IL,פרימור מיץ רימונים ס,יחידה,0.00,יחידה,false,,22.90,0.0000,true,1,23372
7290013645364,false,עוגיות מזרחיות ללא גלוטן 200 גר,"מוצרי הכט בע""מ",IL,עוגיות מזרחיות ללא ג,,200.00,100 גרם,false,,18.90,0.0945,true,1,40058
7290013675545,false,שניצל כלי תחבורה מאמא עוף 700 ג',תנובה גליל,IL,שניצל כלי תחבורה 700,,700.00,100 גרם,false,,30.90,0.0441,true,1,25598
7290013677648,false,שמן זית למאור 1 ליטר,מיה תעשיות מזון בעמ,IL,שמן זית למאור 1 ל' ב,ליטרים,1.00,ליטר,false,,19.90,19.9000,true,1,15181
7290013677679,false,סודה לשתייה 80גרם שקית,מיה תעשיות מזון בעמ,IL,סודה לשתיה בשקית 80,,80.00,100 גרם,false,,3.90,0.0487,true,1,15184
7290013677839,false,"בורגול יבש מיה 1 ק""ג","מיה תעשיות מזון בע""מ",IL,בורגול 1 ק'ג,קילוגרמים,1.00,"ק""ג",false,,6.90,6.9000,true,1,15192
7290013724991,false,אגוזי לוז בשוקולד חלב 140 גר שקדיה,דין שיווק,IL,אגוזי לוז בציפוי שוק,,140.00,100 גרם,false,,10.90,0.0779,true,1,4682
7290013793072,false,ערכת נוזלי אור והדר.,,,ערכת נוזלי אור והדר.,יחידה,0.00,יחידה,false,,70.90,0.0000,true,1,18020
7290013847102,false,נתחי טונה בהירה בשמן - מארז שלישיה,סטארקיסט Starkist,,טונה בשמן סטארקיסט ש,,240.00,100 גרם,false,,12.40,0.0517,true,1,26683
7290013847867,false,מארז זוג טונה בשמן סויה 140 ג' סטארקיסט,טונה ויטנאם קו. אל.ט,IL,נתחי טונה בהירה בשמן,,140.00,100 גרם,false,,12.90,0.0921,true,1,354286
7290013848383,false,ג'ל רחצה לגבר 12 שעות של הגנה Active block,טרופיקל דגיל תעשיות,IL,ג'ל רחצה אנטי בלוק ק,,700.00,"100 מ""ל",false,,18.90,0.0270,true,1,30374
7290013848758,false,סנו - מקסימה ג'ל כביסה מרוכז בייבי 3 ליטר,"סנו מפעלי ברונוס בע""",IL,סנו מקסימה ג'ל כביסה,ליטרים,3.00,ליטר,false,,36.90,12.3000,true,1,30393
7290013906205,false,פסטרמה עם שום וצילי טירת צבי 400 ג',הנסיך- מפעל לייצור ט,IL,טירת צבי פסטרמה שום,,400.00,100 גרם,false,,26.90,0.0672,true,1,25385
7290013906212,false,"נקנקיות וינר טירת 1 ק""ג טירת צבי",הנסיך- מפעל לייצור ט,IL,טירת צבי נקניקיות וי,קילוגרמים,1.00,"ק""ג",false,,22.90,22.9000,true,1,25386
7290013906441,false,קבנוס טירת צבי 120 גר,הנסיך- מפעל לייצור ט,IL,טירת צבי קבנוס 120 ג,,120.00,100 גרם,false,,9.90,0.0825,true,1,25397
7290013906458,false,קבנוס בטעם פיקנטי טירת צבי 120 גר,הנסיך- מפעל לייצור ט,IL,טירת צבי קבנוס פיקנט,,120.00,100 גרם,false,,9.90,0.0825,true,1,25398
7290013906496,false,פסטרמה עגל בסגנון רומני טירת צבי 120 גר,הנסיך- מפעל לייצור ט,IL,טירת צבי פסטרמה עגל,,120.00,100 גרם,false,,13.90,0.1158,true,1,25400
7290013906519,false,פרושוטו בקר דליקטיב 100 גרם,הנסיך- מפעל לייצור ט,IL,טירת צבי פרשוטו בקר,,100.00,100 גרם,false,,24.90,0.2490,true,1,25401
7290013906687,false,פסט' צמד כפרית ברביקיו ודבש 300X2ג' טירת צבי,הנסיך- מפעל לייצור ט,IL,טירת צבי צמד כפרית ב,,600.00,100 גרם,false,,24.90,0.0415,true,1,25403
7290014002203,false,תה ויסוצקי חליטת לימונית ולואיזה 20יח',HIQ FOOD PRODUCTS,IL,תה חליטת לימונית ולו,,37.50,100 גרם,false,,17.50,0.4667,true,1,24744
7290014002944,false,גן קסום חליטת פירות וצמחים חמדת שקד 25 שקיקים,HIQ FOOD PRODUCTS,IL,תה גן קסום חליטת חמא,,62.50,100 גרם,false,,17.50,0.2800,true,1,24756
7290014002982,false,תה ירוק לימונית לואיזה בתוספת עלי סטיביה 25 שקיקים,ויסוצקי ירוק,IL,תה ירוק לימונית סטיב,,37.50,100 גרם,false,,23.90,0.6373,true,1,24757
7290014046016,false,פסטרמה של פעם דל שומן 2% רכיבים טבעיים,מעדני יחיעם,IL,יחיעם פסטרמה הודו 10,,250.00,100 גרם,false,,24.90,0.0996,true,1,15583
7290014046047,false,צמד פסטרמות 600 ג' יחיעם,מעדני יחיעם,IL,יחיעם צמד פסטרמה 600,,600.00,100 גרם,false,,21.90,0.0365,true,1,15586
7290014046474,false,"נקניקיות עוף 1.5 ק""ג יחיעם",מעדני יחיעם,IL,יחיעם נקניקיות עוף 1,קילוגרמים,1.50,"ק""ג",false,,27.90,18.6000,true,1,15589
7290014046757,false,סלמי תה מעדני יחיעם,מעדני יחיעם,IL,סלמי תה `שרולה` 300,,300.00,100 גרם,false,,19.90,0.0663,true,1,15601
7290014059085,false,"משחת שיניים סנסודיין 75 מ""ל פרימיום לשיקום והגנה","סמית קליין ביצ'ם בע""",GB,משחה לשיקום והגנה סנ,,75.00,"100 מ""ל",false,,23.90,0.3187,true,1,3897
7290014059436,false,"משחת שיניים סנסודיין 75 מ""ל פרימיום לשיקום והגנה מלבינה 75 מ""ל","סמית קליין ביצ'ם בע""",GB,משחת שיניים לשיקום ס,,75.00,"100 מ""ל",false,,23.90,0.3187,true,1,3903
7290014079014,false,לבבות קיסר ארוז נספק,"מרינה פטריות הגליל בע""מ",IL,לבבות קיסר,,300.00,100 גרם,false,,10.90,0.0363,true,1,35576
7290014079076,false,נבטי אלפלפא יח,"מרינה פטריות הגליל בע""מ",IL,נבטי אלפלפא,,1.00,יח',false,,6.90,6.9000,true,1,41540
7290014079236,false,פטריות פורטובלה מיני סלסלה,מרינה פטריות,IL,פטריות מיני חורש,,1.00,יח',false,,8.90,8.9000,true,1,41541
7290014079847,false,פיטריות פורטבילה צעי,"מרינה פטריות הגליל בע""מ",IL,פטריות בייבי בלה מאר,,1.00,יח',false,,14.90,14.9000,true,1,41546
7290014079854,false,לבבות חסה ארץ הגליל מרינה,"מרינה פטריות הגליל בע""מ",IL,זוג לבבות חסה ארץ הג,,1.00,יח',false,,10.90,10.9000,true,1,41547
7290014083806,false,עוגיות בטעם חמאה 350 גרם בפח,דן קייק,PT,וילי פוד עוגיות בטעם,,350.00,100 גרם,false,,11.90,0.0340,true,1,2989
7290014094260,false,שיני שום קלוף קמעונאי,"מרינה פטריות הגליל בע""מ",IL,שום קלוף 200 גרם,,200.00,100 ליטר,false,,10.90,0.0545,true,1,41549
7290014094352,false,אגוזי מלך בקופסא 200 ג',"דין שיווק וקליה בע""מ",,ששון הקולה אגוז מלך,,200.00,100 גרם,false,,16.90,0.0845,true,1,4703
7290014094376,false,שזיפים ללא גלעין 330 גר,"דין שיווק וקליה בע""מ",,שזיף ללא גלעין בקופס,,250.00,100 גרם,false,,24.90,0.0996,true,1,4705
7290014094802,false,שזיף מיובש ללא גלעין,,,שזיף מיובש ללא גלעין,,300.00,100 ליטר,false,,15.90,0.0530,true,1,4730
7290014094864,false,פיסטוק קלוי 170 גר עם קליפה ששון הקולה,דין שיווק,IL,פיסטוק קלוי 170 גרם,,170.00,100 גרם,false,,16.90,0.0994,true,1,4735
7290014094895,false,אגוזים מלך קלופים 150 גרם ששון הקולה,,,אגוז מלך 150גר ששון,,150.00,100 גרם,false,,10.90,0.0727,true,1,4738
7290014217157,false,תערובת תיבול טוסקנה מיכל 120 גר,"תבליני טעם וריח בע""מ",IL,תבלין תערובת תיבול ט,,120.00,100 גרם,false,,11.80,0.0983,true,1,42448
7290014217164,false,תבלין פטרוזיליה מיכל גדול 20 ג',"תבליני טעם וריח בע""מ",IL,תבלין פטרויליה טעם ו,,20.00,100 גרם,false,,10.80,0.5400,true,1,42449
7290014217171,false,תערובת תיבול תיבול גריל דג מיכל 100ג',"תבליני טעם וריח בע""מ",IL,תבלין בתיבול גריל דג,,100.00,100 גרם,false,,11.80,0.1180,true,1,42450
7290014217225,false,תבלין גריל עוף מיכל 120גר,"תבליני טעם וריח בע""מ",IL,טעם וריח גריל עוף מי,,120.00,100 גרם,false,,10.80,0.0900,true,1,42451
7290014217263,false,תערובת תיבול לפרגיות 100ג',"תבליני טעם וריח בע""מ",IL,תבלין תיבול פרגית טע,,100.00,100 גרם,false,,11.90,0.1190,true,1,42452
7290014217348,false,צ'ילי כתוש חריף (פלפל קיינה),"תבליני טעם וריח בע""מ",IL,תבליני טעם וריח צילי,,70.00,100 גרם,false,,10.80,0.1543,true,1,42455
7290014218536,false,בצק עלים מרודד מופחת שומן מעדנות 1 קג,"מעדנות בע""מ",IL,בצק עלים מופחת שומן,קילוגרמים,1.00,"ק""ג",false,,21.90,21.9000,true,1,35675
7290014218932,false,חטיפי פיצה בתוספת זיתים 710 ג' מעדנות,מיוצר עי קונדיטוריית,IL,חטיפי פיצה בתוספת זי,,710.00,100 ליטר,false,,26.90,0.0379,true,1,35701
7290014256620,false,"יין מבעבע קריניאנו באזז יקבי כרמל 750 מ""ל",יקבי כרמל Carmel Winery,IL,יין באזז קריניאנו 75,,750.00,"100 מ""ל",false,,27.90,0.0372,true,1,564
7290014256637,false,"יין מבעבע מוסקטו באזז יקבי כרמל 750 מ""ל",יקבי כרמל Carmel Winery,IL,יין באזז מוסקטו 750מ,,750.00,"100 מ""ל",false,,27.90,0.0372,true,1,565
7290014258716,false,תרכובת מזון צמחי על בסיס חלבון סויה מגיל לידה,מטרנה תעשיות ש.מ,IL,מטרנה צמחי 700 גר',,700.00,100 גרם,false,,50.90,0.0727,true,1,18780
7290014258730,false,תרכובת מזון צמחי לתינוקות מגיל 12 חודשים ואילך,מטרנה,IL,מטרנה צמחי מגיל שנה,,700.00,100 גרם,false,,66.90,0.0956,true,1,18782
7290014325036,false,סוכריות ג'לי עטופות שמחות 600גרם,מיה תעשיות מזון בעמ,IL,ג'לי שמחות 600 גרם,,600.00,100 גרם,false,,18.90,0.0315,true,1,15196
7290014325050,false,קורנפלור מיה 500 גרם,"מיה תעשיות מזון בע""מ",IL,מיה קורנפלור 500גרם,,500.00,100 גרם,false,,3.90,0.0078,true,1,15198
7290014397279,false,שקיות מזון נשלפות XL גדולות במיוחד,"אשפלסט תעשיות בע""מ",IL,סנו סושי שקיות מזון,יחידה,0.00,יחידה,false,,13.90,0.0000,true,1,30421
7290014397286,false,מרכך כביסה מקסימה מרוכז חלב ודבש 1 ל' סנו,סנו מקסימה,IL,סנו מקסימה קר מרכך מ,ליטרים,1.00,ליטר,false,,18.90,18.9000,true,1,30422
7290014397453,false,סנו אוקסיגן גל מסיר כתמים כביסה לבנה 3 ל,סנו אוקסיג'ן,IL,סנו אוקסיג'ן לכביסה,ליטרים,3.00,ליטר,false,,30.90,10.3000,true,1,30426
7290014397514,false,"סנו פרש הום מבשם כותנה מלטפת 350מ""ל","סנו מפעלי ברונוס בע""",IL,סנו פרש הום כותנה מל,,350.00,"100 מ""ל",false,,11.90,0.0340,true,1,30429
7290014397767,false,סנו ריצפז פרש הום 2 ליטר בניחוח כותנה-מרכז,"סנו מפעלי ברונוס בע""",IL,ריצפז פרש הום כותנה,ליטרים,2.00,ליטר,false,,21.90,10.9500,true,1,30448
7290014397873,false,מרכך כביסה בבישום עוצמתי ג'נטל בריז,סנו מקסימה,IL,מרכך כביסה סנו מקסימ,ליטרים,4.00,ליטר,false,,22.90,5.7250,true,1,30456
7290014435803,false,מטיאס הולנדי (פרובנציאל) עם בצל בשמן 180 גרם,שבעת הימים - שמיר,IL,מטיאס הולנדי פרובנצי,,180.00,100 גרם,false,,18.90,0.1050,true,1,17751
7290014435810,false,הרינג כבוש ובצל במרינת חמוץ מתוק שמיר 180 ג',שבעת הימים - שמיר,IL,הרינג כבוש עם בצל במ,,180.00,100 גרם,false,,18.90,0.1050,true,1,17752
7290014435827,false,פילה מקרל מעושן בשמן ויטהול 180 גר,שבעת הימים - שמיר,IL,פילה מקרל מעושן בשמן,,180.00,100 גרם,false,,24.90,0.1383,true,1,17753
7290014435841,false,פילה מטיאס הולנדי בשמן שמיר 180ג',סלטי שמיר 2006 בעמ,IL,פילה מטיאס הולנדי  ב,,180.00,100 גרם,false,,18.90,0.1050,true,1,17755
7290014455245,false,גבינת גרנה פדנו משולש 29% 200 גרם בית יוסף,מחלבת סוציאלה מנטובה,IT,גד גרנה פדנו משולש כ,,200.00,100 גרם,false,,25.90,0.1295,true,1,14699
7290014455252,false,גבינה קשה מגורדת גרנה פדנו 29% שומן,מחלבות גד,IT,גד גרנה פדנו מגורד כ,,100.00,100 גרם,false,,12.90,0.1290,true,1,14700
7290014455320,false,גבינה כדורי מוצרלה פרסקה גד 100ג',מחלבות גד בעמ,IL,גד כדור מוצרלה פרסקה,,100.00,100 גרם,false,,10.40,0.1040,true,1,14703
7290014455467,false,ירח מתוק מעדן חלב 2% ושיבולת שועל גד 150ג',מחלבות גד,IL,גד מעדן שיבולת שועל,,150.00,"100 מ""ל",false,,6.40,0.0427,true,1,14708
7290014459137,false,"צ'יפס תפוגן סטייק 1.5 ק""ג","תעשיות תפוגן בע""מ",IL,תפוגן סטייק ציפס 1.5,קילוגרמים,1.50,"ק""ג",false,,23.90,15.9333,true,1,19821
7290014459373,false,"צ'יפס קראנצ'י לתנור קפוא תפוגן 1.5ק""ג",עיצובים 2020 (4.5),IL,תפוגן ציפס קראנצי 1.,קילוגרמים,1.50,"ק""ג",false,,24.90,16.6000,true,1,19826
7290014459472,false,"צ'יפס קפוא תפוגן 2 ק""ג כשל""פ","תעשיות תפוגן בע""מ",IL,תפוגן צ`יפס קלאסי 2,קילוגרמים,2.00,"ק""ג",false,,24.90,12.4500,true,1,19828
7290014466463,false,"יין הר חרמון מסקטו עברית 750 מ""ל",יקב רמת הגולן,IL,יקבי רמת הגולן הר חר,,750.00,"100 מ""ל",false,,35.90,0.0479,true,1,41650
7290014471436,false,"מיזלי צימוקים תפוח קינמון וגרעיני חמניה 1 ק""ג -436 כחול שקדיה","דין שיווק וקלייה בע""",IL,מוזלי צימוקים תפוח ק,קילוגרמים,1.00,"ק""ג",false,,18.90,18.9000,true,1,4748
7290014472136,false,גרעין שחור קלוי ששון הקולה 150 ג',"דין שיווק וקלייה בע""",IL,גרעין שחור קלוי 150,,150.00,100 גרם,false,,4.90,0.0327,true,1,4759
7290014472488,false,שקד קלוי ענק 250 גרם פרימיום ששון הקולה,דין שיווק,IL,שקד קלוי פרימיום 250,,250.00,100 גרם,false,,26.90,0.1076,true,1,4770
7290014472501,false,פיסטוק קלוי ענק 250 ג פרימיום ששון הקולה,דין שיווק,IL,פיסטוק קלוי ענק 250,,250.00,100 גרם,false,,25.90,0.1036,true,1,4772
7290014525016,false,חטיף סלים פרוט Slim fruit בטעם יוגורט ובמילוי תות שדה,סלים דליס Slim Delis,ES,חטיף בטעם יוגורט תות,,180.00,100 גרם,false,,10.90,0.0606,true,1,21532
7290014525290,false,חטיף מרבה סלים דליס קריספי תות 125 גר,סלים דליס Slim Delis,NL,חטיף מרבה קריספי תות,,125.00,100 גרם,false,,10.90,0.0872,true,1,21546
7290014525306,false,חטיף מרבה סלים דליס קריספי אוכמניות 125,סלים דליס Slim Delis,NL,חטיף מרבה קריספי אוכ,,125.00,100 גרם,false,,10.90,0.0872,true,1,21547
7290014636545,false,שלישית מגבות מטבח ג'קרד,,,שלישית מגבות מטבח פס,יחידה,0.00,יחידה,false,,19.90,0.0000,true,1,247639
7290014636675,false,מגבת גוף חלקה 550 גר,,,מגבת גוף מנהטן 70*13,יחידה,0.00,יחידה,false,,34.90,0.0000,true,1,28142
7290014636682,false,מגבת פנים חלקה 550 גרם,,,מגבת פנים,יחידה,0.00,יחידה,false,,19.90,0.0000,true,1,28143
7290014673014,false,תבליני מימון פלפל אנ,,,תבליני מימון פלפל אנ,,90.00,100 גרם,false,,14.50,0.1611,true,1,357
7290014673359,false,מלח לימון 400 גרם,TLV צ'יף,IL,מלח לימון 400 גר,,400.00,100 גרם,false,,21.90,0.0547,true,1,361
7290014673366,false,מימון כורכום טחון 25,TLV צ'יף,IL,מימון כורכום טחון 25,,250.00,100 גרם,false,,21.90,0.0876,true,1,362
7290014673380,false,מימון כמון טחון 250,,,מימון כמון טחון 250,,250.00,100 גרם,false,,21.90,0.0876,true,1,364
7290014673397,false,תיבול לגריל עוף 250 גרם,TLV צ'יף,IL,מימון תיבול לגריל עו,,250.00,100 גרם,false,,21.90,0.0876,true,1,365
7290014673403,false,פלפל שחור טחון 250 גרם,TLV צ'יף,IL,מימון פלפל שחור טחון,,250.00,100 גרם,false,,30.00,0.1200,true,1,366
7290014673434,false,פלפל שחור גרוס דק שקית 80 גרם,,,פלפל שחור גרוס דק בש,,80.00,100 גרם,false,,8.90,0.1113,true,1,368
7290014692305,false,גבינת קממבר 125ג' CASTELLO ויליפוד,הנסיך- מפעל לייצור ט,DK,גבינת קממבר 125 גרם,,125.00,100 גרם,false,,14.90,0.1192,true,1,2994
7290014731264,false,כוסות לשתייה קרה 100 יחי',,,כוסות לשתיה קרה חד פ,,100.00,יח',false,,6.90,0.0690,true,1,28144
7290014731271,false,כוסות שתיה קרה 80 יח,,,כוסות שתיה קרה 80 יח,יחידה,0.00,יחידה,false,,5.90,0.0000,true,1,300037
7290014749245,false,ספיישל רצועות שניצל שומשום עוף טוב 600 גרם,מוצרי עוף טוב (2001),IL,רצועות שניצל שומשום,,600.00,100 גרם,false,,30.90,0.0515,true,1,67048
7290014749764,false,שניצל עוף ביתי עדין עוף טוב 700 גרם,מוצרי עוף טוב (2001),IL,שניצל עוף ביתי כזה ע,,700.00,100 גרם,false,,38.90,0.0556,true,1,66978
7290014749849,false,שניצל דק ענק קריספי שומשום עוף טוב 720 גר',מולינו ניקולי s.p.a,IL,שניצל עוף דקיק בציפו,,720.00,100 גרם,false,,29.90,0.0415,true,1,149765
7290014758100,false,מאגדת יוגורט ביו 3% שומן 8 יח' *150ג' תנובה,מיוצר עי קונדיטוריית,IL,יוגורט תנובה 3% 8*15,קילוגרמים,1.20,"ק""ג",false,,16.90,14.0833,true,1,26027
7290014758117,false,מאגדת יוגורט ביו 1.5% שומן 8 יח' *150 ג' תנובה,מיוצר עי קונדיטוריית,IL,יוגורט תנובה 1.5% 8*,קילוגרמים,1.20,"ק""ג",false,,16.90,14.0833,true,1,26028
7290014758162,false,חלב עיזים מלא 3.6% קרטון 1 ל' תנובה,תנובה מרכז שיתופי לש,IL,חלב תנובה עיזים מלא,ליטרים,1.00,ליטר,false,,15.60,15.6000,true,1,26030
7290014758681,false,קוטג' תנובה 1% גביע 250 ג',מיוצר עי קונדיטוריית,IL,קוטג תנובה 1% 250ג,,250.00,100 גרם,false,,5.40,0.0216,true,1,26034
7290014759084,false,גבינת שמנת 16% בטעם טבעי 225 ג' נפוליאון,תנובה מרכז שיתופי לש,IL,נפוליאון 16% 225גר,,225.00,100 גרם,false,,14.50,0.0644,true,1,26035
7290014759534,false,גבינה בולגרית למריחה טבעי 5% 200 ג' פיראוס,"תנובה, מחלבת תל יוסף",IL,פיראוס בולגרית למריח,,200.00,100 גרם,false,,14.90,0.0745,true,1,26039
7290014759909,false,פטה עיזים 5% פיראוס גביע 250 גרם,"תנובה, מחלבת טנא נוג",IL,פיראוס פטה עזים פירא,,250.00,100 גרם,false,,28.90,0.1156,true,1,26042
7290014759985,false,"גבינת פרמזן גבע 23% פלח, 200 ג'",תנובה,IL,גבינה קשה מחלב בקר 2,,200.00,100 גרם,false,,23.90,0.1195,true,1,26045
7290014759992,false,גבינת רוקפור גליל פלח 140 ג' תנובה,"תנובה, מחלבת תל יוסף",IL,גבינות תנובה רוקפור,,140.00,100 גרם,false,,18.40,0.1314,true,1,26046
7290014760134,false,מעדן סויה בטעם וניל אלטרנטיב,תנובה Alternative,IL,גביע מעדן סויה בטעם,,125.00,100 גרם,false,,4.40,0.0352,true,1,26047
7290014760141,false,משקה שקדים תנובה E אלטרנטיב,תנובה Alternative,IL,תנובה משקה שקדים טרי,יחידה,0.00,יחידה,false,,13.50,0.0000,true,1,26048
7290014760448,false,גבינה צהובה גלבוע 400 גרם 22% שומן תנובה,מחלבת בית יצחק,IL,גלבוע 22% 400 גרם,,400.00,100 גרם,false,,23.90,0.0597,true,1,26051
7290014760912,false,פרוסות גבינה 28% שומן 400 ג' גוש חלב,תנובה מרכז שיתופי לש,IL,גוש חלב 28% מהדרין 4,,400.00,100 גרם,false,,25.90,0.0647,true,1,26055
7290014761056,false,מעדן שוקולד חלב מעולה 123 ג' יולו,מיוצר עי קונדיטוריית,IL,יולו שוקולד חלב מעול,,122.00,100 גרם,false,,5.10,0.0418,true,1,26057
7290014761063,false,מעדן שוקולד מריר מעולה 123 ג' יולו,מיוצר עי קונדיטוריית,IL,יולו שוקולד מריר מעו,,122.00,100 גרם,false,,5.10,0.0418,true,1,26058
7290014761193,false,יוגורט עם פירות יער 1.5% שומן 125 ג' פרילי,תנובה מרכז שיתופי לש,IL,פרילי פירות יער 1.5%,,125.00,100 גרם,false,,3.70,0.0296,true,1,26060
7290014761414,false,יולו מעדן שכבות שוקולד חלב ולבן 123 גר,מיוצר עי קונדיטוריית,IL,יולו מעדן שכבות שוקו,,122.00,100 גרם,false,,5.10,0.0418,true,1,26068
7290014761612,false,YOLO מעדן שכבות שוקולד מריר ולבן מעולה,מיוצר עי קונדיטוריית,IL,יולו שכבות שוקולד מר,,122.00,100 גרם,false,,5.10,0.0418,true,1,26072
7290014762800,false,מעדן סויה שוקולד גביע 125 גרם אלטרנטיב,תנובה מרכז שיתופי לש,IL,גביע מעדן סויה בטעם,,125.00,100 גרם,false,,4.40,0.0352,true,1,26092
7290014762831,false,גבינת שמנת חלפיניו 24% שומן 225 ג' נפוליאון,תנובה מרכז שיתופי לש,IL,גבינת שמנת נפוליאון,,225.00,100 גרם,false,,14.50,0.0644,true,1,26093
7290014762909,false,פתיתי מוצרלה 20% שומן 200 ג' השף הלבן,"תנובה, מחלבת תל יוסף",IL,פתיתי מוצרלה 200 גר`,,200.00,100 גרם,false,,15.90,0.0795,true,1,26097
7290014763098,false,קרם גבינת שמנת 5% עם פלפל שום ובצל 200 ג' תנובה,תנובה,IL,קרם גבינת שמנת 5% טו,,200.00,100 גרם,false,,12.00,0.0600,true,1,26102
7290014763272,false,יוגורט סויה BIO לשתייה תות ובננה אלטרנטיב,תות תעשיות מזון (201,IL,משקה סויה ביו עם תות,,250.00,"100 מ""ל",false,,6.20,0.0248,true,1,26104
7290014855434,false,מגבונים בייביסיטר פרפורמנס מבושם רביעיה,בייביסיטר Babysitter,IL,בייביסיטר פרפורמנס מ,יחידה,0.00,יחידה,false,,14.90,0.0000,true,1,29540
7290014855458,false,מגבוני בייביסיטר פרפורמנס ללא בישום מארז 72X4יח',בייביסיטר Babysitter,IL,מגבוני בייבי פרפורמנ,יחידה,0.00,יחידה,false,,14.90,0.0000,true,1,29541
7290014860070,false,"מקלוני אורז ללא גלוטן 5 מ""מ 454גר' (אור)",ניינטי נודל קו,TH,"מקלוני אורז 5 מ""מ לל",,454.00,100 גרם,false,,10.90,0.0240,true,1,47537
7290014860094,false,"מקלות אורז ללא גלוטן 3 מ""מ 454 גרם",ניינטי נודל קו,TH,"מקלוני אורז 3 מ""מ לל",,454.00,100 גרם,false,,9.90,0.0218,true,1,47539
7290014860988,false,מזרח ומערב יבוא חלב,theppadungporn cocon,TH,שימורי קרם קוקוס 17%,,400.00,"100 מ""ל",false,,9.90,0.0248,true,1,47540
7290014905160,false,"הפי מטהר אוויר פניני ריח בניחוחות, 130 גרם",יוליניבר,IT,הפי פניני ריח תפוז\ו,,130.00,100 גרם,false,,11.90,0.0915,true,1,11370
7290014905689,false,"נוזל כלים הפי מרוכז 24% תפוח 750 מ""ל",פרח,IL,הפי לכלים ירוק תפוח,,750.00,"100 מ""ל",false,,7.90,0.0105,true,1,11380
7290014905696,false,"נוזל כלים הפי מרוכז 24% לימון 750 מ""ל",פרח,IL,הפי לכלים צהוב לימון,,750.00,"100 מ""ל",false,,7.90,0.0105,true,1,11381
7290014905733,false,"הפי פרפקט לניקוי שמשות 750 מ""ל",יוליניבר,TR,הפי מרסס לניקוי חלונ,,750.00,"100 מ""ל",false,,6.90,0.0092,true,1,11383
7290014931053,false,בזיליקום עם השורש,מהשורש לאורך חיים,IL,בזיליקום עם שורש,,1.00,יח',false,,7.90,7.9000,true,1,49215
7290014931107,false,נענע עם השורש,מהשורש לאורך חיים,IL,נענע עם שורש,,1.00,יח',false,,7.90,7.9000,true,1,49220
7290014940901,false,לחם פשוט מלא 750 ג' אנג'ל,מאפית אנגל,IL,לחם פשוט מלא אנגל 75,,750.00,100 גרם,false,,14.90,0.0199,true,1,35497
7290014945890,false,מברשת שטיחים,,,מברשת שטיחים,יחידה,0.00,יחידה,false,,14.90,0.0000,true,1,323218
7290015009003,false,"חומץ בן יין לבן 500 מ""ל",מנדלז סי.אר. פרודקשן,ES,חומץ בן יין לבן דניא,,500.00,"100 מ""ל",false,,20.00,0.0400,true,1,279150
7290015009119,false,עלי טורטייה מקמח תירס 360 גרם,לווליה,,עלי טורטייה מקמח לבן,,420.00,100 גרם,false,,15.00,0.0357,true,1,47865
7290015009126,false,עלי טורטייה מקמח מלא 420 גר 25 סמ,לווליה,,עלי טורטייה קמח מלא,,420.00,100 גרם,false,,15.00,0.0357,true,1,47866
7290015009393,false,זיתים שחורים מגולענים מזן קלמטה 430 גרם,אידיאל ס.א,GR,זיתים שחורים מגולעני,,430.00,100 גרם,false,,19.90,0.0463,true,1,279425
7290015009645,false,רוטב פלפל הבנרו עם ח,,,רוטב פלפל הבנרו עם ח,,355.00,100 גרם,false,,24.90,0.0701,true,1,298002
7290015025942,false,"פנג'ל ק. ידיים קלאסי עם שמן שקדים 80מ""ל",מיוצר עי קונדיטוריית,IL,קרם ידיים מועשר בשמן,,80.00,"100 מ""ל",false,,6.90,0.0863,true,1,6000
7290015033084,false,קוסקוס חיטה בינוני ד,,,קוסקוס חיטה בינוני ד,,350.00,100 גרם,false,,5.90,0.0169,true,1,359046
7290015033299,false,פרורי לחם קלאסי שקית,,,פרורי לחם קלאסי שקית,,400.00,100 גרם,false,,5.00,0.0125,true,1,358751
7290015039246,false,נתחי טונה בשמן צמחי רביעיה * 160 ג' וילי פוד,וילי פוד,TH,טונה בהירה בשמן וילי,,640.00,100 גרם,false,,21.40,0.0334,true,1,3012
7290015039253,false,וילי פוד עלי גפן במי מלח 620 גר,קוראהן פזלרמה וי דיס,TR,עלי גפן במי במלח ויל,,620.00,100 גרם,false,,8.90,0.0144,true,1,3013
7290015039338,false,נתחי טונה במי מלח רביעיה * 160 ג' וילי פוד,וילי פוד,TH,טונה במי מלח ויליפוד,,640.00,100 גרם,false,,21.40,0.0334,true,1,3014
7290015150118,false,עגבניות חתוכות דק בלה איטליה 3*400 ג',אמיליאנה קונסרב ס.פ.,IL,עגבניות חתוכות דק בל,,400.00,100 גרם,false,,16.90,0.0422,true,1,24783
7290015150200,false,עגבניות חתוכות דק 400 גרם,HIQ FOOD PRODUCTS,IT,עגבניות חתוכות דק ו,,400.00,100 גרם,false,,6.50,0.0163,true,1,24784
7290015156790,false,מחית לפתן פירות חטיפטף ללא תוספת סוכר,פרוטה פודווין איי.אס,CZ,פאוץ' פרינוק לפתן פי,,120.00,100 גרם,false,,5.90,0.0492,true,1,3666
7290015156813,false,מחית פרינוק פאוץ' פירות מעורבים 120 גרם,פרוטה פודווין איי.אס,CZ,פאוץ' פרינוק פירות מ,,120.00,100 גרם,false,,5.90,0.0492,true,1,3667
7290015193559,false,מעדני המלך אובלטים מלוחים 300 גרם,אם החיטה,IL,אובלטים מלח 300 גר',,300.00,100 גרם,false,,9.90,0.0330,true,1,41386
7290015193566,false,מעדני המלך אובלטים שומשום 300 גרם,אם החיטה,IL,אובלטים שומשום 300 ג,,300.00,100 גרם,false,,9.90,0.0330,true,1,41387
7290015251174,false,"שלישיית סבון ידים ירוק נובו 500 מ""ל",סאסאטק,IL,נובו סבון ידיים ירוק,ליטרים,1.50,ליטר,false,,9.90,6.6000,true,1,38079
7290015253321,false,"פחם 2 ק""ג ירוק פרימי",,CN,"פחם 2 ק""ג ירוק פרימי",קילוגרמים,2.00,"ק""ג",false,,13.90,6.9500,true,1,95678
7290015282000,false,איקרא אדומה SEVEN SEAS 200 גרם,שבעת הימים - שמיר,IL,איקרה אדומה סלטי שמי,,200.00,100 גרם,false,,13.90,0.0695,true,1,17760
7290015282024,false,איקרא לבנה SEVEN SEAS 200 גרם,שבעת הימים - שמיר,IL,איקרה לבנה סלטי שמיר,,200.00,100 גרם,false,,13.90,0.0695,true,1,17762
7290015282598,false,חומוס שמיר מסעדות 200 גר',"סלטי שמיר 2006 בע""מ",IL,חומוס מסעדות,,200.00,100 גרם,false,,10.90,0.0545,true,1,17780
7290015282628,false,חציל שמיר בטעם כבד 200 גר',"סלטי שמיר 2006 בע""מ",IL,חציל בטעם כבד סלטי ש,,200.00,100 גרם,false,,12.90,0.0645,true,1,17783
7290015282635,false,חומוס שמיר מסבחה 200 גר',"סלטי שמיר 2006 בע""מ",IL,חומוס מסבחה,,200.00,100 גרם,false,,10.90,0.0545,true,1,17784
7290015282642,false,חומוס שמיר אבו גוש 200 גר',"סלטי שמיר 2006 בע""מ",IL,חומוס אבו גוש,,200.00,100 גרם,false,,10.90,0.0545,true,1,17785
7290015282673,false,חציל שמיר במיונז ביתי 200 גורמה גר',"סלטי שמיר 2006 בע""מ",IL,חציל במיונז ביתי,,200.00,100 גרם,false,,10.90,0.0545,true,1,17787
7290015282710,false,קוביות סלק שמיר 200 גר',"סלטי שמיר 2006 בע""מ",IL,קוביות סלק סלטי שמיר,,200.00,100 גרם,false,,10.90,0.0545,true,1,17790
7290015282741,false,חציל תאילנדי אסלי שמיר 200 ג',"סלטי שמיר 2006 בע""מ",IL,חציל תילאנדי סלטי שמ,,200.00,100 גרם,false,,12.90,0.0645,true,1,17793
7290015282796,false,"סלט תפו""א שמיר במיונז 200ג'","סלטי שמיר 2006 בע""מ",IL,סלט תפוח אדמה 200 ג,,200.00,100 גרם,false,,12.90,0.0645,true,1,17798
7290015324007,false,תבלין פלפל שחור גרוס 80 ג',"תבליני טעם וריח בע""מ",IL,טעם וריח פלפל שחור ג,,80.00,100 גרם,false,,9.90,0.1238,true,1,42464
7290015324014,false,תבלין פלפל שחור טחון 80 ג',"תבליני טעם וריח בע""מ",IL,טעם וריח פלפל שחור ט,,80.00,100 גרם,false,,9.90,0.1238,true,1,42465
7290015324038,false,פפריקה מרוקאית מתוקה בשמן,"תבליני טעם וריח בע""מ",IL,טעם וריח פפריקה בשמן,,80.00,100 גרם,false,,6.50,0.0813,true,1,42466
7290015324045,false,תבלין פפריקה חריפה 80 גר' שק',"תבליני טעם וריח בע""מ",IL,תבלין פפריקה חריפה ב,,80.00,100 גרם,false,,6.50,0.0813,true,1,42467
7290015324052,false,תבלין פפריקה מתוקה 80 ג',"תבליני טעם וריח בע""מ",IL,טעם וריח פפריקה מתוק,,80.00,100 גרם,false,,6.50,0.0813,true,1,42468
7290015324069,false,תערובת תיבול גריל עוף,"תבליני טעם וריח בע""מ",IL,טעם וריח גריל עוף שק,,80.00,100 גרם,false,,6.50,0.0813,true,1,42469
7290015324076,false,טעם וריח זעתר שקית 8,"תבליני טעם וריח בע""מ",IL,טעם וריח זעתר שקית 8,,80.00,100 גרם,false,,6.00,0.0750,true,1,42470
7290015324083,false,טעם וריח מלח לימון ש,"תבליני טעם וריח בע""מ",IL,טעם וריח מלח לימון ש,,80.00,100 גרם,false,,6.50,0.0813,true,1,42471
7290015324090,false,תבלין כמון טחון 80 ג',"תבליני טעם וריח בע""מ",IL,טעם וריח כמון שקית 8,,80.00,100 גרם,false,,6.80,0.0850,true,1,42472
7290015324106,false,תבלין כורכום טחון 80 גר',"תבליני טעם וריח בע""מ",IL,טעם וריח כורכום שקית,,80.00,100 גרם,false,,6.80,0.0850,true,1,42473
7290015324120,false,טעם וריח שום גבישי ב,"תבליני טעם וריח בע""מ",IL,טעם וריח שום גבישי ב,,80.00,100 גרם,false,,10.10,0.1262,true,1,42475
7290015324151,false,תבלין חוויאג למרק ב,"תבליני טעם וריח בע""מ",IL,תבלין חוויאג למרק ב,,80.00,100 גרם,false,,6.00,0.0750,true,1,42476
7290015324175,false,תבלין שווארמה תיבול 80 גר' שק',"תבליני טעם וריח בע""מ",IL,תערובת תיבול לשווארמ,,80.00,100 גרם,false,,7.00,0.0875,true,1,42478
7290015328647,false,נר נשמה בפח 24 שעות,,,נר נשמה בפח 24 שעות,יחידה,0.00,יחידה,false,,1.90,0.0000,true,1,13244
7290015328661,false,נר נשמה 48 שעות ירושלים,,,נר נשמה 48 שעות ירוש,יחידה,0.00,יחידה,false,,4.90,0.0000,true,1,13246
7290015328791,false,נרות חנוכה צבעוניים 50 יח',,,נרות חנוכה צבעוניים,יחידה,0.00,יחידה,false,,3.90,0.0000,true,1,13257
7290015328814,false,צימרוני אוזניים 300 יחידות,,,צימרוני אוזניים לירו,יחידה,0.00,יחידה,false,,3.90,0.0000,true,1,13259
7290015347259,false,פירורי לחם מוזהבים מיה 400 גר',מיה תעשיות מזון,IL,פירורי לחם מוזהבים 4,,400.00,100 גרם,false,,5.90,0.0148,true,1,15221
7290015347464,false,קינואה מעורבת 400 גרם,"מיה תעשיות מזון בע""מ",IL,מיה קינואה מעורבת 50,,400.00,100 גרם,false,,14.90,0.0373,true,1,15236
7290015348089,false,"יין למברוסקו/קאווה ביאנקו לבן 750 מ""ל",vi.mo - גאטטיקו,IT,למברוסקו אמיליאנו לב,,750.00,"100 מ""ל",false,,25.20,0.0336,true,1,9543
7290015348300,false,ריחן קברנה סוביניון 2012,טמפו ברקן 5%,IL,ברקן אסמבלאז ריחן קב,,750.00,"100 מ""ל",false,,66.90,0.0892,true,1,9545
7290015366663,false,"אקווה פרש משחת שיניים מנטה עדין 100מ""ל",גלקסוסמיתקליין,SK,מש.שיניים מנטה עדין,,100.00,100 ליטר,false,,7.90,0.0790,true,1,3963
7290015366670,false,משחת שיניים הגנה משולשת מנטה מרענן,גלקסוסמיתקליין,SK,מש.שיניים מנטה אקווה,,100.00,100 ליטר,false,,7.90,0.0790,true,1,3964
7290015437431,false,רכז רימונים תומר 42,תומר,,רכז רימונים תומר 42,,420.00,100 גרם,false,,19.90,0.0474,true,1,96241
7290015572033,false,שרי צהוב,,,שרי צהוב,,1.00,יח',false,,9.90,9.9000,true,1,46588
7290015603188,false,אטריות ביצים 454ג' (כ) (fu),פוגקן לונגהי אנלידה,CN,אטריות ביצים מזרח ומ,,454.00,100 גרם,false,,9.90,0.0218,true,1,47543
7290015603201,false,אטריות מחיטה מלאה 454 גרם,xiamen zhongshi impo,CN,אטריות מחיטה מלאה מז,,454.00,100 גרם,false,,10.90,0.0240,true,1,47545
7290015603218,false,איטריות בתוספת עגבניות 454 גרם,פוגקן לונגהי אנלידה,CN,אטריות עם עגבניות מז,,454.00,100 גרם,false,,9.90,0.0218,true,1,47546
7290015603225,false,איטריות בתוספת גזר 454 גרם,פוגקן לונגהי אנלידה,CN,אטריות עם גזר מזרח ו,,454.00,100 גרם,false,,10.90,0.0240,true,1,47547
7290015603522,false,נוזל אגוזי קוקוס 5-7% 400 מל,אסי אטיק גרו אינדוסט,TH,נוזל אגוזי קוקוס 5-7,,400.00,"100 מ""ל",false,,6.90,0.0173,true,1,47549
7290015603546,false,"שימורי קרם קוקוס 17-19% 400 מ""ל (ASIATIC)(כ)",אסי אטיק גרו אינדוסט,TH,שימורי קרם קוקוס 17-,,400.00,"100 מ""ל",false,,8.90,0.0223,true,1,47550
7290015652087,false,תערובת פיצוחים 150 גרם ששון הקולה,דין שיווק,IL,תערובת פיצוחים 150גר,,150.00,100 גרם,false,,11.90,0.0793,true,1,4803
7290015652292,false,קבוקים עם שומשום 400 גרם ששון הקלה,"דין שיווק וקלייה בע""",IL,קבוקים עם שומשום ששו,,400.00,100 גרם,false,,10.00,0.0250,true,1,4816
7290015652315,false,חמוציות מסוכרות 300 גרם ששון הקולה,"דין שיווק וקלייה בע""",IL,חמוציות מסוכרות ששון,,300.00,100 גרם,false,,10.00,0.0333,true,1,4818
7290015733229,false,תרכובת מזון לתינוקות חלבי שלב 2 אקסטרה קר מהדרין,מטרנה,IL,מטרנה אקסטרה קר מהדר,,700.00,100 גרם,false,,59.90,0.0856,true,1,18792
7290015733427,false,מטרנה דייסת גם וגם וניל פרו12*300ג 2019,מולינו ניקולי s.p.a,IL,מטרנה דייסת גם וגם ו,,300.00,100 גרם,false,,17.90,0.0597,true,1,53846
7290015733977,false,תרכובת מזון קומפורט על בסיס חלבי דל לקטוז,מטרנה,IL,מטרנה קומפורט 700 גר,,700.00,100 גרם,false,,59.90,0.0856,true,1,135377
7290015759168,false,נרות חנוכה רגילים,,,נרות חנוכה רגילים,,1.00,יח',false,,2.50,2.5000,true,1,46514
7290015766005,false,עגבניות שרי וויטני,אראל תוצרת חקלאית בע,IL,שרי וויטני יחידה,,500.00,100 גרם,false,,9.90,0.0198,true,1,50953
7290015781046,false,יין VISION לבן חצי יבש 750 מל,יקב טפרברג 1870 בעמ,IL,ויז'ן לבן חצי יבש 75,,750.00,"100 מ""ל",false,,39.90,0.0532,true,1,11823
7290015781091,false,"יין ויז'ן קברנה סובניון 750 מ""ל",יקב טפרברג 1870 בעמ,IL,ויז'ן קברנה סובניון,,750.00,"100 מ""ל",false,,39.90,0.0532,true,1,11825
7290015781114,false,"יין אימפרשן מרלו 750 מ""ל",יקב טפרברג 1870 בעמ,IL,אימפרשן מרלו,,750.00,"100 מ""ל",false,,49.90,0.0665,true,1,11827
7290015781121,false,"קברנה סוביניון אימפרשיאון 750 מ""ל-מרכז",יקב טפרברג 1870 בעמ,IL,אימפרשן קברנה סובניו,,750.00,"100 מ""ל",false,,49.90,0.0665,true,1,11828
7290015781138,false,"שרדונה אימפרשיאון 750 מ""ל",יקב טפרברג 1870,IL,אימפרשן שרדונה,,750.00,"100 מ""ל",false,,49.90,0.0665,true,1,11829
7290015781268,false,יין MOSCATO מוסקטו אדום 750 מל,יקב טפרברג,IL,טפרברג מוסקטו אדום 7,,750.00,"100 מ""ל",false,,39.90,0.0532,true,1,11833
7290015781282,false,"יין גוורצטמינר אימפרשן 750מ""ל",יקב טפרברג 1870,IL,אימפרשן גוורצטרמינר,,750.00,"100 מ""ל",false,,49.90,0.0665,true,1,11835
7290015781299,false,יין שיראז אדום טפמבר,יקב טפרברג 1870 בעמ,IL,ויז'ן שיראז,,750.00,"100 מ""ל",false,,39.90,0.0532,true,1,11836
7290015781305,false,"יין אימפרשן סירה 750 מ""ל",יקב טפרברג 1870 בעמ,IL,אימפרשן יין סירה,,750.00,"100 מ""ל",false,,49.90,0.0665,true,1,11837
7290015842631,false,"כוס ברד 330 מ""ל ח""פ 40יח'",,GR,"כוס בירה 330 מ""ל 40",יחידה,0.00,יחידה,false,,9.90,0.0000,true,1,48225
7290015858106,false,ממרח פסטו ביתי 180 ג' עללחם,"מדשא תעשיות מזון בע""",IL,ממרח פסטו ביתי עללחם,,180.00,100 גרם,false,,16.90,0.0939,true,1,23384
7290015858113,false,ממרח עגבניות מיובשות עללחם 180 גרם,"מדשא תעשיות מזון בע""",IL,ממרח עגבניות מיובשות,,180.00,100 גרם,false,,16.90,0.0939,true,1,23385
7290015858151,false,ממרח שום 180 גרם עללחם בית יוסף,מדשא תעשיות מזון,IL,ממרח שום עללחם 180 ג,,180.00,100 גרם,false,,16.90,0.0939,true,1,332318
7290015858229,false,טפנד זיתי קלמטה עללחם 180 גרם,"מדשא תעשיות מזון בע""",IL,ממרח טפנד זיתי קלמטה,,180.00,100 גרם,false,,16.90,0.0939,true,1,23389
7290015951869,false,יקבי רמת הגולן הר חר,מיוצר וממולא על ידי,IL,יקבי רמת הגולן הר חר,,750.00,"100 מ""ל",false,,35.90,0.0479,true,1,41663
7290015968782,false,פדים להסרת איפור במא,,CN,פדים להסרת איפור במא,יחידה,0.00,יחידה,false,,16.90,0.0000,true,1,1046
7290016006322,false,מי עדן בקבוק 1 ליטר,מופק ממקור בזלתי עדן,IL,מי עדן 1 ליטר,ליטרים,1.00,ליטר,false,,2.90,2.9000,true,1,11706
7290016006346,false,שישיית שרינק 500 מל שוופס סודה,יפאורה תבורי בעמ,IL,שוופס סודה שישייה 0.,ליטרים,3.00,ליטר,false,,13.90,4.6333,true,1,11708
7290016087147,false,רוטב עגבניות לפיצה מרגריטה 240 ג' פריניר,פריניר,IL,רוטב עגבניות מתובל ל,,240.00,100 גרם,false,,4.90,0.0204,true,1,41399
7290016087239,false,רוטב עגבניות מרוכז לשקשוקה פיקנט 230 ג' פריניר,פרי ניב,IL,רוטב עגבניות לשקשוקה,,240.00,100 גרם,false,,4.90,0.0204,true,1,41404
7290016096217,false,רביעיית נתחי טונה קט,,,רביעיית נתחי טונה קט,,560.00,100 גרם,false,,21.90,0.0391,true,1,26596
7290016096491,false,נתחי טונה בהירה בשמן צמחי שלישיה *80ג' פילטונה,תעשיות פילטונה,IL,נתחי טונה בשמן צמחי,,240.00,100 גרם,false,,11.90,0.0496,true,1,26600
7290016096675,false,טונה בשמן זית פילטונ,,,טונה בשמן זית פילטונ,,240.00,100 גרם,false,,17.90,0.0746,true,1,26605
7290016096934,false,מארז זוגות סלט טונה 2*160 ג' פילטונה,תעשיות פילטונה,IL,סלט טונה 2 יח' פילטו,,320.00,100 גרם,false,,11.90,0.0372,true,1,156871
7290016104271,false,ריבת חלב פוליבה 340 גר,,,ריבת חלב 340 גר`,,340.00,100 גרם,false,,12.90,0.0379,true,1,13280
7290016104615,false,סילאן סירופ תמרים פוליבה צנצנת 900 ג',,,סילאן תמרים 900 גרם,,900.00,100 גרם,false,,12.90,0.0143,true,1,13287
7290016104868,false,סירופ מייפל פוליבה 700 גר',,,סירופ בטעם מייפל 700,,700.00,100 גרם,false,,12.90,0.0184,true,1,13294
7290016117417,false,כרית יפנית 6 יח,,,כרית יפנית 6 יח,יחידה,0.00,יחידה,false,,8.90,0.0000,true,1,299223
7290016136111,false,תערובת להכנת מאפים ללא גלוטן 500 G FREE,אשבל -מזון פונקציונל,IL,תערובת קמח להכנת לחם,,500.00,100 גרם,false,,16.90,0.0338,true,1,40070
7290016144000,false,"קמח חיטה מלאה נפלאות 80% 1 ק""ג","קמח מלכים בע""מ",IL,קמח חיטה 80% נפלאות,קילוגרמים,1.00,"ק""ג",false,,9.90,9.9000,true,1,47378
7290016144017,false,"קמח מלא נפלאות 100% ללא ניפוי 1 ק""ג",קמח מלכים,IL,קמח חיטה מלאה 100% נ,קילוגרמים,1.00,"ק""ג",false,,9.90,9.9000,true,1,47379
7290016144024,false,"קמח כוסמין מלא נפלאות 100% 1 ק""ג","קמח מלכים בע""מ",IL,קמח כוסמין מלא 100%,קילוגרמים,1.00,"ק""ג",false,,14.90,14.9000,true,1,47380
7290016144055,false,"קמח כוסמין נפלאות 80% 1 ק""ג",קמח מלכים,IL,קמח כוסמין 80% נפלאו,קילוגרמים,1.00,"ק""ג",false,,14.90,14.9000,true,1,47383
7290016150117,false,סלק אדום מבושל 500 ג' בוואקום,חקלאי,IL,מעדן סלק בוואקום 500,,500.00,100 גרם,false,,5.90,0.0118,true,1,47242
7290016150711,false,AVEL נוזל קוקוס תאיל,,,AVEL נוזל קוקוס תאיל,,400.00,"100 מ""ל",false,,5.90,0.0148,true,1,48906
7290016162219,false,כדורי שוקולד קוקוס קפולסקי 280 גר',קפולסקי שיווק וקמעונ,IL,כדורי שוקולד פרווה,,280.00,100 גרם,false,,30.90,0.1104,true,1,39962
7290016162233,false,עוגיות ממולאות פרימיום סוגים שונים 200 גר',,,עוגיות דיזרט פרימיום,,200.00,100 גרם,false,,19.90,0.0995,true,1,39964
7290016162264,false,עוגת גבינה רנססנס 450 גר',קפולסקי שיווק וקמעונ,IL,עוגת גבינה רנסנס 450,,450.00,100 גרם,false,,40.90,0.0909,true,1,39967
7290016197488,false,מטליות מיקרופייבר למשטחים ניקול 3יח',UFO INC,CN,מטלית קסם לשיש מארז,יחידה,0.00,יחידה,false,,11.90,0.0000,true,1,9092
7290016197877,false,ניקול שקיות לפחי מטבח קטנים 60 יח' M,,,שקית לפחי מטבח קטנים,יחידה,0.00,יחידה,false,,21.90,0.0000,true,1,9101
7290016246025,false,בארכה מיקס פינוקיות חלווה ללא סוכר 10*20ג,רושדי תעשיות מזון בע,IL,בארכה פנוקיות חלבה ל,,200.00,100 גרם,false,,11.90,0.0595,true,1,18797
7290016246445,false,טחינה גולמית מעודנת שמשום מלא בארכה 310ג',רושדי תעשיות מזון,IL,בארכה טחינה גולמית מ,,310.00,100 גרם,false,,10.90,0.0352,true,1,18803
7290016270907,false,ברוקולי ארוז במגשית,,,ברוקולי,,1.00,יח',false,,9.90,9.9000,true,1,50956
7290016277630,false,צנובר 150 גרם ששון - קופסא,,,צנובר טבעי 150 גרם ש,,150.00,100 גרם,false,,30.90,0.2060,true,1,106073
7290016304404,false,לחם קוביות 100% כוסמין 600 גרם,מאפיית דוידוביץ ובני,IL,לחם מלא כוסמין 100%,,600.00,100 גרם,false,,14.90,0.0248,true,1,354883
7290016304596,false,לחמניות לסנדביץ 75 גרם,מאפית דוידוביץ ובניו,IL,10 לחמניות לסנדוויץ,,750.00,100 גרם,false,,16.90,0.0225,true,1,355713
7290016319194,false,טוסו עוגיות סנדוויץ שוקו במילוי קרם וניל *זוג* 300 גרם,אפיפית,IL,עוגיות סנדוויץ שוקו,,300.00,100 גרם,false,,16.90,0.0563,true,1,109956
7290016319309,false,סבון נוזלי מאסק קלאסי+משאבה פמלי 1 ל,הנסיך- מפעל לייצור ט,TR,אל סבון מאסק+משאבה פ,ליטרים,1.00,ליטר,false,,10.90,10.9000,true,1,6018
7290016321661,false,מגבונים פרש וואנס סנסיטיב קר רביעייה,עלבד משואות יצחק,IL,מגבוני פרש וואנס רבי,יחידה,0.00,יחידה,false,,14.90,0.0000,true,1,6048
7290016321678,false,מגבונים לחים בניחוח מרענן עם תמציות קמומיל ואלוורה,עלבד משואות יצחק,IL,פרשוואנס רביעייה נטו,יחידה,0.00,יחידה,false,,14.90,0.0000,true,1,6049
7290016321883,false,פ.ו נייר טואלט מתכלה ילדים 40יח- שלישייה,עלבד משואות יצחק,IL,פרשוואנס נייר טואלט,יחידה,0.00,יחידה,false,,13.50,0.0000,true,1,6051
7290016321890,false,פ.ו נייר טואלט מתכלה מבוגרים 40יח- שלישייה,עלבד משואות יצחק בעמ,IL,פרשוואנס נייר טואלט,יחידה,0.00,יחידה,false,,13.50,0.0000,true,1,6052
7290016370270,false,זית קלמטה מגולען 560 ג' -יבנה,קבוצת יבנה,,זית קלמטה ללא גלעין,,560.00,100 גרם,false,,11.90,0.0213,true,1,117300
7290016370300,false,זית קלמטה שלם צנצנת יבנה,קוזט אס.איי.פיין פוצ,GR,זית קלמטה שלם בצנצנת,,560.00,100 גרם,false,,14.90,0.0266,true,1,117111
7290016372342,false,עגבניות חתוך קוביות גראנד איטליה מארז 400X3ג',גרנד איטליה Grand Italia,IT,עגבניות חתוכות לקובי,,400.00,100 גרם,false,,16.90,0.0422,true,1,24809
7290016372373,false,רסק עגבניות ללא תוספת סוכר ומלח - מארז זוג,גרנד איטליה Grand Italia,IT,רסק עגבניות איטליה ב,,280.00,100 גרם,false,,5.90,0.0211,true,1,24811
7290016372496,false,חליטת פירות וצמחים בטעם ג'ינג'ר ודבש -אפקט הג'ינג'ר,ויסוצקי,IL,סודות הצמחים ג'ינג'ר,,30.00,100 גרם,false,,17.50,0.5833,true,1,24818
7290016416961,false,פס מוס גבינה עם תות שדה,קפולסקי שיווק וקמעונ,IL,עוגת פס מוס גבינה תו,,400.00,100 גרם,false,,40.90,0.1022,true,1,39972
7290016437645,false,תחתוני חיתולים האגיס פרידום דריי (5),קימברלי קלארק צ'כיה,CZ,האגיס פרידום דריי 32,יחידה,0.00,יחידה,false,,46.90,0.0000,true,1,9112
7290016440652,false,תערובת פרוסות ירקות,,,תערובת פרוסות ירקות,,500.00,100 גרם,false,,19.90,0.0398,true,1,198084
7290016440911,false,מלפפונים ביתיים כבושים,מעדני עופר,,מלפפונים ביתיים כבוש,,500.00,100 גרם,false,,19.90,0.0398,true,1,198070
7290016440928,false,ירקות כבושים חמוץ מתוק (סיני),מעדני עופר,IL,ירקות כבושים חמוץ מת,,500.00,100 גרם,false,,19.90,0.0398,true,1,198099
7290016509342,false,סוד שלישייה סבון לאסל כחול אקטיבי אקנומיקה,הנקל סוד,RS,סוד מארז שלישיה כדור,,150.00,100 גרם,false,,16.90,0.1127,true,1,34907
7290016509786,false,פרסיל - ג'ל כביסה ירוק 2.50 ליטר,פרסיל Persil,IL,פרסיל ג'ל 2.5 ליטר י,ליטרים,2.50,ליטר,false,,34.90,13.9600,true,1,34913
7290016509809,false,ג'ל מרוכז לכביסה קולור 2.5 ל' פרסיל,פרסיל Persil,IL,פרסיל ג'ל 2.5 ליטר ק,ליטרים,2.50,ליטר,false,,34.90,13.9600,true,1,34915
7290016509823,false,ג'ל לכביסה לבנה וצבעונית בניחוח רענן,פרסיל Persil,IL,פרסיל ג'ל 2.5 ליטר ב,ליטרים,2.50,ליטר,false,,34.90,13.9600,true,1,34917
7290016509830,false,ג'ל כביסה לבגדי תינוקות ובעלי עור רגיש Sensitive,פרסיל Persil,IL,פרסיל ג'ל 2.5 ליטר ב,ליטרים,2.50,ליטר,false,,34.90,13.9600,true,1,34918
7290016509847,false,ג'ל כביסה לבגדים שחורים וכהים,פרסיל Persil,IL,פרסיל ג'ל 2.5 ליטר ב,ליטרים,2.50,ליטר,false,,34.90,13.9600,true,1,34919
7290016510768,false,"הוואי תחליב רחצה יוגורט ואוכמניות 700 מ""ל",טרופיקל דגיל,IL,תחליב רחצה יוגורט או,,700.00,"100 מ""ל",false,,8.90,0.0127,true,1,8124
7290016566178,false,בקבוק שתיה אישי 500,,,בקבוק שתיה אישי 500,יחידה,0.00,יחידה,false,,29.90,0.0000,true,1,14317
7290016584011,false,חטיפוני גזר 350 גרם גיזרונים,"מרינה פטריות הגליל בע""מ",IL,חטיפוני גזר 350 גרם,,350.00,100 גרם,false,,11.90,0.0340,true,1,41554
7290016682038,false,"מיץ תפוזים סחוט 100% טבעי. מפוסטר, מקורר",פרי ניב,IL,"מיץ תפוזים 400 מ""ל פ",,400.00,"100 מ""ל",false,,9.50,0.0238,true,1,49448
7290016682052,false,"משקה קל לימונענע. מפוסטר, מקורר",פרי ניב,IL,"מיץ לימונענע 400 מ""ל",,400.00,"100 מ""ל",false,,9.50,0.0238,true,1,49449
7290016682168,false,"פריניב מיץ תפוזים ולנסיה סחוט 100% 400 מ""ל",פרי ניב,IL,מיץ תפוזים סחוט וולנ,,400.00,"100 מ""ל",false,,8.90,0.0223,true,1,154964
7290016682328,false,מיץ תפוזים סחוט פרי ניב 2 ליטר-,פריניב,IL,פרי ניב מיץ תפוזים ט,ליטרים,2.00,ליטר,false,,20.60,10.3000,true,1,210713
7290016682342,false,מיץ תפוזים וולנסיה פרי ניב 2 ליטר-,פרי ניב,IL,פרי ניב מיץ 100% טבע,ליטרים,2.00,ליטר,false,,26.60,13.3000,true,1,210728
7290016682373,false,משקה קל לימונדה בלאדי 2 ליטר פריניב,פריניב,IL,פרי ניב סחוט לימונדה,ליטרים,2.00,ליטר,false,,18.60,9.3000,true,1,210757
7290016682397,false,מיץ חמוציות פרי ניב 2 ליטר-,פריניב,IL,נקטר חמוציות פריניב,ליטרים,2.00,ליטר,false,,18.90,9.4500,true,1,210743
7290016693058,false,"יין אמירים רזרב מרלו 750 מ""ל!.",יקבי ארזה,IL,יין אמירים מרלו 750,,750.00,"100 מ""ל",false,,17.90,0.0239,true,1,11922
7290016693294,false,"יין בראשית רוזה 750 מ""ל",,,יין היוצר בראשית רוז,,750.00,"100 מ""ל",false,,39.90,0.0532,true,1,11929
7290016693546,false,"סדרת עונות קברנה 750 מ""ל",יקבי ארזה,IL,יין עונות קברנה 750,,750.00,"100 מ""ל",false,,30.90,0.0412,true,1,11932
7290016693553,false,"סדרת עונות מרלו 750 מ""ל",יקבי ארזה,IL,יין עונות מרלו 750 מ,,750.00,"100 מ""ל",false,,30.90,0.0412,true,1,11933
7290016693799,false,"יין מוסקטו היוצר רוזה 750 מ""ל",,,יין מוסקטו פינק היוצ,,750.00,"100 מ""ל",false,,37.90,0.0505,true,1,57932
7290016717754,false,"יין ישן נושן יקבי כרמל 750 מ""ל ^^^",אגודת הכורמים הקואופ,IL,"ישן נושן 750מ""ל.",,750.00,"100 מ""ל",false,,18.90,0.0252,true,1,638
7290016717976,false,"יין BUZZ ספארקלינג אפרסק 750 מ""ל",יקבי כרמל,IL,יין באזז ספארקלינג א,,750.00,"100 מ""ל",false,,27.90,0.0372,true,1,70238
7290016823004,false,בזיליקום יח freshlid,"מרינה פטריות הגליל בע""מ",IL,בזיליקום יח',,1.00,יח',false,,6.90,6.9000,true,1,41556
7290016823028,false,עירית יח freshlid,"מרינה פטריות הגליל בע""מ",IL,עירית,,1.00,יח',false,,6.90,6.9000,true,1,41558
7290016823059,false,טימין קורנית ארוז יח,"מרינה פטריות הגליל בע""מ",IL,טימין,,1.00,יח',false,,6.90,6.9000,true,1,41560
7290016823066,false,רוזמרין יח freshlid,"מרינה פטריות הגליל בע""מ",IL,רוזמרין,,1.00,יח',false,,6.90,6.9000,true,1,41561
7290016866643,false,משחת שיניים פרודונטקס אקסטרה פרש,פרודונטקס Parodontax,SK,מש.שיניים פרש פרודונ,,75.00,"100 מ""ל",false,,31.90,0.4253,true,1,4030
7290016866650,false,"פרודונטקס - משחת שיניים אוריג'ינל 75 מ""ל",פרודונטקס Parodontax,SK,מש.שיניים אוריגינל פ,,75.00,"100 מ""ל",false,,31.90,0.4253,true,1,4031
7290016867114,false,לחם כוסמין קל מלא 500 גר',המאפה של דר מרק בריא,IL,לחם כוסמין קל מלא 50,,500.00,100 גרם,false,,17.90,0.0358,true,1,197382
7290016867176,false,"לחמניות קלות כוסמין שומשום 6יח' ד""ר מרק",המאפה של דר מרק,IL,לחמניות ק. כוסמין שו,,300.00,100 גרם,false,,13.90,0.0463,true,1,197415
7290016867237,false,לחם קל כוסמין במתיקות מעודנת 400ג',המאפה של דר מרק בריא,IL,לחם קל כוסמין במתיקו,,400.00,100 גרם,false,,18.90,0.0472,true,1,197383
7290016883176,false,"מוזלי פתיתי שיבולת שועל עם שוקולד מריר ושבבי קוקוס 1 ק""ג","דין שיווק וקלייה בע""",IL,מוזלי 47% דגנים מלאי,קילוגרמים,1.00,"ק""ג",false,,18.90,18.9000,true,1,188842
7290016967074,false,לחם חיטה מלאה עם גרעינים ודגנים,מאפיית שלמה א. אנג'ל,IL,חיטה מלאה אנגל 750 ג,,750.00,100 גרם,false,,16.90,0.0225,true,1,35503
7290016980004,false,בטטה סגולה מארז,,,בטטה סגולה מארז,,1.00,יח',false,,9.90,9.9000,true,1,50957
7290016998184,false,עלי חסה ערבית שטופים היתר מכירה,,,עלי חסה ערבית שטופה,,250.00,100 גרם,false,,10.90,0.0436,true,1,148481
7290016998207,false,לקט קסם השדה 350 גרם,,,לקט קסם השדה 350 גר,,350.00,100 גרם,false,,10.90,0.0311,true,1,148483
7290016998221,false,מיקס צבעי הטבע 350 ג,,,מיקס צבעי הטבע 350 ג,,350.00,100 גרם,false,,10.90,0.0311,true,1,148130
7290016998245,false,מיקס שורשים 400 גר,,,מיקס שורשים 400 גר,,400.00,100 גרם,false,,9.90,0.0248,true,1,148486
7290016998269,false,לקט קולסלאו 400 גר,,,לקט קולסלאו 400 גר,,400.00,100 גרם,false,,7.90,0.0198,true,1,148488
7290016998283,false,לקט סלנובה 200 גר,,,לקט סלנובה 200 גר,,200.00,100 גרם,false,,11.90,0.0595,true,1,148490
7290016998320,false,לבבות קיסר נטורזה,נטורזה,IL,לבבות קיסר מארז,,1.00,יח',false,,11.90,11.9000,true,1,148494
7290017023854,false,מי סודה בקבוקים אישיים - מארז 4 יח',יפאורה תבורי בעמ,IL,"שוופס סודה 250 מ""ל ר",ליטרים,1.00,ליטר,false,,9.90,9.9000,true,1,11753
7290017031705,false,"סנסודיין - משחת שיניים קלין&פרש 75 מ""ל",גלקסוסמיתקליין,GB,משחת שיניים קלין&פרש,,75.00,"100 מ""ל",false,,20.90,0.2787,true,1,4049
7290017031811,false,פרודונטקס - זוג מברשות שיניים,גלקסוסמיתקליין,CN,זוג מברשות פרודונטקס,יחידה,0.00,יחידה,false,,19.90,0.0000,true,1,361934
7290017062730,false,"נ.כלים 36% לבנדר טאצ' +משאבה 750 מ""ל",,,נוזל כלים לבנדר 36%,,750.00,"100 מ""ל",false,,8.90,0.0119,true,1,107298
7290017062754,false,"נ.כלים 36% לימון טאצ' +משאבה 750 מ""ל",,,נוזל כלים לימון 36%,,750.00,"100 מ""ל",false,,8.90,0.0119,true,1,108760
7290017062860,false,קצף לניקוי כללי פליר,,,קצף לניקוי כללי פליר,,500.00,"100 מ""ל",false,,11.90,0.0238,true,1,248824
7290017065007,false,פרוסות גבינה מוצרלה חצי קשה 22% שומן 200 ג' גד,מחלבות גד בעמ,IL,מוצרלה פרוסה חצי קש,,200.00,100 גרם,false,,19.60,0.0980,true,1,14718
7290017065137,false,ריקוטה למריחה 5% טבעית 200 גרם - רובין,האי נאם סי או אל.טי.,IL,גבינה ריקוטה למריחה,,200.00,100 גרם,false,,10.90,0.0545,true,1,14721
7290017065236,false,גבינה בולגרית מעודנת 24% גד 250 ג',הנסיך- מפעל לייצור ט,IL,בולגרית מעודנת 24% 2,,250.00,100 גרם,false,,23.90,0.0956,true,1,14728
7290017065731,false,גבינת שמנת 30% ניו יורק +כמהין 200 גרם רבנות,פ.פ.ח. שאביט,IL,גבינת שמנת ניו יורק,,200.00,100 גרם,false,,14.10,0.0705,true,1,143934
7290017068367,false,שמרים בוואקום 125 גרם,מיה,IL,מיה שמרים בוואקום 12,,125.00,100 גרם,false,,4.90,0.0392,true,1,15280
7290017068374,false,שמרים בוואקום 500 גרם,angle yeast co ltd,IL,מיה שמרים בוואקום 50,,500.00,100 גרם,false,,10.90,0.0218,true,1,15281
7290017068381,false,"ריבה משמש לל""ג מיה 370 גר' מיה",,,מעדן משמש 370 גר' לל,,370.00,100 גרם,false,,12.90,0.0349,true,1,61003
7290017068916,false,ג'לי טבעות בציפוי סוכר 350 גר',מיה תעשיות מזון בעמ,IL,ג'לי טבעות בציפוי סו,,350.00,100 גרם,false,,14.90,0.0426,true,1,94519
7290017068930,false,סוכריות ג'לי בינס-חמוצמוצים,מיה תעשיות מזון בעמ,IL,ג'לי בינס חמוצמוץ מי,,350.00,100 גרם,false,,14.90,0.0426,true,1,243442
7290017088075,false,בייביסיטר - חיתולי סטנדרט מידה 4+ - 40 יח',בייביסיטר Babysitter,IL,חיתולי ביייביסיטר סט,,40.00,יח',false,,34.90,0.8725,true,1,299113
7290017088082,false,בייביסיטר - חיתולי סטנדרט מידה 5 - 36 יח',בייביסיטר Babysitter,IL,חיתולי ביייביסיטר סט,,36.00,יח',false,,34.90,0.9694,true,1,299114
7290017088099,false,בייביסיטר - חיתולי סטנדרט מידה 6 - 30 יח',בייביסיטר Babysitter,IL,חיתולי ביייביסיטר סט,,34.00,יח',false,,34.90,1.0265,true,1,299115
7290017088631,false,מגבוני תולי רביעייה ללא בישום 72X4 יח',DPL,IL,מגבון Tooly רביעייה,יחידה,0.00,יחידה,false,,10.00,0.0000,true,1,64269
7290017088693,false,קוויק מגבונים לניקוי וחיטוי רצפות בניחוח לוונדר 10 יחי',,IL,מגבונים לניקוי וחיטו,,10.00,יח',false,,10.90,1.0900,true,1,29563
7290017088839,false,BREEZE תחבושות לבריחת שתן אקסטרה פלוס (8 יח'),בריז Breeze,IT,תחבושות Breeze לבריח,,12.00,יח',false,,18.90,1.5750,true,1,153037
7290017088983,false,חיתולי בייביסיטר ניו בורן מידה 2 38 יחי',TZMOSA,PL,חיתולי בייביסיטר NB,יחידה,0.00,יחידה,false,,29.90,0.0000,true,1,203709
7290017100425,false,כפפות לטקס עם אבקה XL 100 יחידות,,,כפפות לטקס 100 יח XL,יחידה,0.00,יחידה,false,,30.90,0.0000,true,1,96828
7290017105048,false,שלישייה שימורי טבעות זיתים יכין 200 גר,,IL,טבעות ירוקים זיתים י,,200.00,100 גרם,false,,11.90,0.0595,true,1,73898
7290017105116,false,שימורי יכין תורמוס 200 גר,"זנלכל בע""מ",IL,תורמוס 6OZ יכין 200,,200.00,100 גרם,false,,3.90,0.0195,true,1,8756
7290017105123,false,שימורי פול יכין הקטניה הטובה 200 גר,היינץ צפון אמריקה מק,IL,פול מצרי 6OZ יכין 20,,200.00,100 גרם,false,,3.90,0.0195,true,1,8757
7290017105468,false,מארז שלישייה אפונה קטנה יכין 3*200 גר,קשקמט קונסרב הונגריה,IL,אפונה יכין 3*120 גרם,,360.00,100 גרם,false,,13.90,0.0386,true,1,8760
7290017105550,false,רביעיית רסק עגבניות 100% יכין 4X100 גרם,היינץ צפון אמריקה מק,IL,מאגדת רסק עגבניות יכ,,400.00,100 גרם,false,,11.90,0.0298,true,1,8761
7290017105697,false,"מיץ לימון יכין 100% טבעי 250 מ""ל",זנלכל,ES,מיץ לימון 100% טבעי,,250.00,"100 מ""ל",false,,7.90,0.0316,true,1,64150
7290017142005,false,"שמן קוקוס אורגני עץ הזית צנצנת 320מ""ל",אקספלונקה,LK,שמן קוקוס אורגני כתי,,320.00,"100 מ""ל",false,,30.90,0.0966,true,1,29361
7290017142111,false,פתיתי טונה בשמן זית טו גו עץ הזית 85 גרם,שמן תעשיות,TH,פתיתי טונה בהירה בשמ,,85.00,100 גרם,false,,6.90,0.0812,true,1,29368
7290017142128,false,"שמן זית כתית מעולה קלאסי עץ הזית 750 מ""ל",שמן תעשיות,IL,שמן זית כתית מעולה ק,,750.00,"100 מ""ל",false,,33.90,0.0452,true,1,29369
7290017142159,false,מארז נתחי טונה בהירה בשמן זית 3*80 ג' עץ הזית,הנסיך- מפעל לייצור ט,TH,נתחי טונה בהירה בשמן,,240.00,100 גרם,false,,23.90,0.0996,true,1,29370
7290017142180,false,פילה פרוס ושמן זית בנגיעות טעם לימון ופלפל שחור,"יוניקורד ח.צ בע""מ",IL,פילה טונה פרוס זית ל,,120.00,100 גרם,false,,11.90,0.0992,true,1,29372
7290017142234,false,פתיתי טונה בשמן זית טעם מעושן טו גו 85 ג,שמן תעשיות,TH,פתיתי טונה בהירה בשמ,,85.00,100 גרם,false,,6.90,0.0812,true,1,29374
7290017142340,false,שמן זרעי ענבים 1 ליטר עץ הזית,עץ השדה,TH,שמן זרעי ענבים מזוכך,ליטרים,1.00,ליטר,false,,29.90,29.9000,true,1,29382
7290017142388,false,שמן חמניות אומגה 3 פלוס 1 ליטר עץ הזית,שמן תעשיות,IL,שמן חמניות פלוס אומג,ליטרים,1.00,ליטר,false,,15.90,15.9000,true,1,29386
7290017142418,false,ארוחה אורז עם עדשים טונה בשמן זית 160 גר',יוניקורד ח.צ בעמ,TH,אורז עדשים עם טונה ב,,160.00,100 גרם,false,,12.90,0.0806,true,1,29388
7290017142623,false,תרסיס שמן זית כתית מעולה בטעם צ'ילי 150 מל',קונפניה,IT,תרסיס שמן זית כתית ב,,150.00,"100 מ""ל",false,,19.90,0.1327,true,1,301110
7290017217307,false,נרות חימום ריחניים בניחות ורדים 50יח',,,נרות חימום ריחניים ב,יחידה,0.00,יחידה,false,,12.90,0.0000,true,1,305251
7290017217314,false,נרות חימום ריחניים בניחות הדרים 50יח',,,נרות חימום ריחניים ב,יחידה,0.00,יחידה,false,,12.90,0.0000,true,1,305252
7290017217321,false,נרות חימום ריחניים בניחות לוונדר 50יח',,,נרות חימום ריחניים ב,יחידה,0.00,יחידה,false,,12.90,0.0000,true,1,305253
7290017217338,false,נרות חימום ריחניים בניחות וניל 50יח',,,נרות חימום ריחניים ב,יחידה,0.00,יחידה,false,,12.90,0.0000,true,1,305254
7290017232218,false,לחם קלאסי מופחת פחמימות איטסיין 430 גרם,,,לחם eatsane קלאסי דו,,430.00,100 גרם,false,,24.90,0.0579,true,1,355120
7290017232225,false,לחם גלילי מופחת פחמימות איטסיין 450 גרם,,,לחם eatsane גלילי 45,,450.00,100 גרם,false,,24.90,0.0553,true,1,355149
7290017232232,false,לחמניות ארוכות איטסי,,,לחמניות ארוכות איטסי,,390.00,100 גרם,false,,22.90,0.0587,true,1,355431
7290017304885,false,לחם שיפון מחיטה מלאה ללא תוספת סוכר 750 ג' אנג'ל,מאפית אנגל,IL,לחם שיפון וחיטה מלאה,,750.00,100 גרם,false,,16.90,0.0225,true,1,35509
7290017457574,false,כדוריות סבון נתלה לאסלה בניחוח פרחים - 3 יח',הנקל סוד,RS,סוד סבון 4 כדוריות ל,,150.00,100 גרם,false,,16.90,0.1127,true,1,34927
7290017457581,false,"סוד מרכך כביסה מרוכז קוקוס 900 מ""ל",הנקל סוד,IL,מרכך כביסה מרוכז סוד,,900.00,"100 מ""ל",false,,11.90,0.0132,true,1,34928
7290017457628,false,גל כביסה סוד טוטאל כחול 2.5 ליטר,הנקל סוד,IL,ג'ל כביסה סוד כחול,ליטרים,2.50,ליטר,false,,24.90,9.9600,true,1,74044
7290017457710,false,"מרכך כביסה סוד מרוכז ארומתרפי סגול 900 מ""ל",,IL,מרכך כביסה מרוכז סוד,,900.00,"100 מ""ל",false,,11.90,0.0132,true,1,34936
7290017457727,false,"סוד - מרכך כביסה מרוכז פרש סקיי 900 מ""ל",הנקל סוד,IL,מרכך כביסה מרוכז סוד,,900.00,"100 מ""ל",false,,11.90,0.0132,true,1,34937
7290017457734,false,"סוד - מרכך כביסה מרוכז ווילד רוז 900 מ""ל",הנקל סוד,IL,מרכך כביסה מרוכז סוד,,900.00,"100 מ""ל",false,,11.90,0.0132,true,1,34938
7290017457932,false,סוד מרכך כביסה מרוכז פרש קונטרול כחול,הנקל סוד,IL,מרכך כביסה מרוכז סוד,,900.00,"100 מ""ל",false,,11.90,0.0132,true,1,107676
7290017477169,false,קשיו קלוי 250 גרם ששון הקולה,ששון,IL,קשיו קלוי ששון הקולה,,250.00,100 גרם,false,,20.00,0.0800,true,1,4898
7290017589633,false,"רזרב גולד אדישיין קברנה סוביניון 750 מ""ל",יקבי ברקן Barkan,IL,יין רזרב קברנה גולד,,750.00,"100 מ""ל",false,,48.90,0.0652,true,1,9557
7290017595054,false,זוג כוסיות לנרונים ע,,,זוג כוסיות שבת +גומי,יחידה,0.00,יחידה,false,,6.90,0.0000,true,1,214423
7290017599267,false,סוכרלוז 120 שקיות ממתיק שולחני,סוכרזית Sucrazit,IL,סוכרזית סוכרלוז ממתי,,120.00,100 גרם,false,,24.90,0.2075,true,1,325402
7290017617046,false,נתחי טונה בשמן זית כתית מעולה רביעיה * 140 ג',דרדנל,TR,טונה בשמן זית סטארקי,,560.00,100 גרם,false,,24.90,0.0445,true,1,26714
7290017617084,false,סטארקיסט מיקס טוגו טונה עם שעועית 185 גרם,דרדנל אוננטאס גידה,TR,סטארקיסט מיקס 185 גר,,185.00,100 גרם,false,,12.90,0.0697,true,1,252251
7290017617107,false,סטארקיסט מיקס טוגו טונה עם 4 דגנים 185 גרם,"איטיליאן פוד, אס.פי.",TR,סטארקיסט מיקס 185 גר,,185.00,100 גרם,false,,12.90,0.0697,true,1,210442
7290017619316,false,גומא אפור גבוה מוסקו מקלות,מוסקו,,מפיץ ריח אפור UV גבו,,120.00,"100 מ""ל",false,,24.90,0.2075,true,1,192257
7290017619842,false,"סלסלת קש אפורה 28*32*32 ס""מ",מוסקו,,סלסלת קש טבעי L,יחידה,0.00,יחידה,false,,79.90,0.0000,true,1,249476
7290017637426,false,שמפו למניעת קשקשים 500 מל מיקי בוגנים,מיקי בוגנים,,שמפו ANTI DANDRUFF ל,,500.00,"100 מ""ל",false,,24.90,0.0498,true,1,282396
7290017637556,false,שמפו לקרקפת שומנית M,מיקי בוגנים,,שמפו CLEANSING לקרקפ,,500.00,"100 מ""ל",false,,24.90,0.0498,true,1,282397
7290017637594,false,שמפו יומיומי זיכרונות מתוקים 500 מל,מיקי בוגנים,,שמפו שיער רגיל MB S,,500.00,"100 מ""ל",false,,24.90,0.0498,true,1,282399
7290017637600,false,מרכך יומיומי זיכרונות מתוקים 500 מל,מיקי בוגנים,,מרכך לשיער רגיל MB,,500.00,"100 מ""ל",false,,24.90,0.0498,true,1,282400
7290017677804,false,"רוטב סויה קיקומן 444 מ""ל",קיקומן פודז אינק,US,קיקומן רוטב סויה ללא,,444.00,"100 מ""ל",false,,19.90,0.0448,true,1,5347
7290017696393,false,בורגר פטריות מן הצומ,מרינה פטריות,IL,בורגר פטריות מן הצומ,,500.00,100 גרם,false,,34.90,0.0698,true,1,85637
7290017724164,false,עוגיות אוזניים ללא ת,אקלר,IL,"עוגיות אוזניים לל""תס",,200.00,100 גרם,false,,23.90,0.1195,true,1,243301
7290017746128,false,מארז 10 פיתות ביס לבן,,,פיתות ביס 10 יח' מאפ,,500.00,100 גרם,false,,12.90,0.0258,true,1,355639
7290017746135,false,מארז 10 פיתות ביס כוסמין,,,10 מיני פיתות כוסמין,,500.00,100 גרם,false,,13.90,0.0278,true,1,355772
7290017746197,false,6 לחמניות המבורגר מא,,IL,6 לחמניות המבורגר מא,,600.00,100 גרם,false,,16.90,0.0282,true,1,355509
7290017746272,false,4 יח' פיתה בצל מנקיש,,,4 יח' פיתה בצל מנקיש,,480.00,100 גרם,false,,19.90,0.0415,true,1,364685
7290017746289,false,4 יח' פיתה זעתר מנקי,,,4 יח' פיתה זעתר מנקי,,480.00,100 גרם,false,,19.90,0.0415,true,1,363123
7290017746326,false,חלה מפוארת קלועה דוי,,,חלה מפוארת קלועה דוי,,750.00,100 גרם,false,,16.90,0.0225,true,1,354988
7290017812380,false,תירוש מיץ ענבים אדום,,,תירוש מיץ ענבים אדום,,750.00,"100 מ""ל",false,,12.90,0.0172,true,1,649
7290017812571,false,יין תירוש אדום 100%ה טבעי 1 ליטר,יקבי כרמל Carmel Winery,IL,תירוש מיץ ענבים אדום,ליטרים,1.00,ליטר,false,,19.90,19.9000,true,1,53355
7290017812595,false,"יין ישן נושן יקבי כרמל 750 מ""ל ^^^",יקבי כרמל Carmel Winery,IL,יין ישן נושן לייט 75,,750.00,"100 מ""ל",false,,18.90,0.0252,true,1,70251
7290017812656,false,תירוש מבעבע מיץ ענבים מבעבע אדום,מנדלז סי.אר. פרודקשן,IL,תירוש אדום מבעבע יקב,,750.00,"100 מ""ל",false,,20.90,0.0279,true,1,177708
7290017812847,false,"יין סלקטד פרנץ' גוורצטרמינר 750 מ""ל","כד בני דרום בע""מ",IL,סלקטד פרנץ קולומברד,,750.00,"100 מ""ל",false,,29.90,0.0399,true,1,120502
7290017812861,false,"יין וינו לבן יבש 750 מ""ל",יקבי כרמל,IL,יין וינו לבן יבש יקב,,750.00,"100 מ""ל",false,,21.90,0.0292,true,1,177668
7290017872193,false,טוסו עוגיות שקדים וקינמון ללא סוכר 200 גרם,היינץ צפון אמריקה מק,IL,עוגיות שקדים וקינמון,,200.00,100 גרם,false,,14.90,0.0745,true,1,75429
7290017888972,false,בקבוק מי עדן פקק ספורט 1 ליטר,מופק ממקור בזלתי עדן,IL,מי עדן פקק ספורט 1 ל,ליטרים,1.00,ליטר,false,,4.90,4.9000,true,1,77016
7290017894102,false,פנה אורז תירס דגש 400 גרם,אנדריאני,IL,דגש פנה אורז תירס לל,,400.00,100 גרם,false,,9.90,0.0248,true,1,110481
7290017917283,false,"מגבוני קמיל בלו ד""ר פישר ללא בישום רביעי","ד""ר פישר",IL,מגבוני קמיל 64 יח` מ,יחידה,0.00,יחידה,false,,19.90,0.0000,true,1,120530
7290017917764,false,"ד""ר פישר - אפקטיב קר קרם גוף מועשר בשמן ארגן 450 מ""ל","ד""ר פישר",,קרם גוף אפקטיב קר 4,,450.00,"100 מ""ל",false,,24.90,0.0553,true,1,120572
7290017928098,false,מאיר בייגל שטוחלה מלח 330 גר',מאיר בייגל,IL,בייגלה שטוח מלח מאיר,,330.00,100 גרם,false,,11.90,0.0361,true,1,199670
7290017928432,false,מאיר בייגל גריסיני קראנץ פרג 175 גר',מאיר בייגל,IL,גריסיני קראנץ' פרג מ,,175.00,100 גרם,false,,11.90,0.0680,true,1,5357
7290017928524,false,בייגלה שטוח ניגובים מלח 330 ג' מאיר בייגל,מאיר בייגל,IL,בייגלה שטוח ניגובים,,300.00,100 גרם,false,,11.90,0.0397,true,1,204164
7290017928616,false,מאיר בייגל שטוחהלה שומשום 300 גר',מאיר בייגל,IL,שטוחלה שומשום מאיר ב,,300.00,100 גרם,false,,11.90,0.0397,true,1,5360
7290017928661,false,מאיר בייגל -סמאש-שבורים בטעם צ'דר 300 גרם,מאיר בייגל,BG,שברי בייגלה בטעם צ'ד,,300.00,100 גרם,false,,12.90,0.0430,true,1,126749
7290017928685,false,בייגלה שמיניות עם מלח 400גרם -חדש,מאיר בייגל,IL,בייגלה שמיניות עם מל,,400.00,100 גרם,false,,11.90,0.0298,true,1,199630
7290017928807,false,בייגלה אצבעות עם שומשום 300גרם - חדש,מאיר בייגל,IL,אצבעות שומשום מאיר ב,,300.00,100 גרם,false,,11.90,0.0397,true,1,5363
7290017941288,false,נר נשמה 24 שעות,,,נר נשמה 24 שעות,יחידה,0.00,יחידה,false,,1.90,0.0000,true,1,172477
7290017941295,false,שישיית נרות נשמה,,,שישיית נרות נשמה,יחידה,0.00,יחידה,false,,10.90,0.0000,true,1,184531
7290017941356,false,נר שבת 72 יח',,,נר שבת 72 יח',יחידה,0.00,יחידה,false,,31.90,0.0000,true,1,184517
7290017941363,false,להבונים 50 יח' 4 שעו,,,להבונים 50 יח' 4 שעו,יחידה,0.00,יחידה,false,,10.90,0.0000,true,1,184532
7290017941370,false,להבונים 50 יח' 3 שעו,,,להבונים 50 יח' 3 שעו,יחידה,0.00,יחידה,false,,9.90,0.0000,true,1,172494
7290017941400,false,כוסות 4OZ אספרסו 50,,,כוסות 4OZ אספרסו 50,יחידה,0.00,יחידה,false,,9.90,0.0000,true,1,160218
7290017941455,false,כוסות 9oz לשתיה חמה,,,כוסות 9oz לשתיה חמה,יחידה,0.00,יחידה,false,,14.90,0.0000,true,1,148069
7290017941462,false,50 כוסות שתייה חמה 8B,,,כוסות שתיה חמה 8B י,יחידה,0.00,יחידה,false,,9.90,0.0000,true,1,140198
7290017941509,false,שקיות פס סגור 15 יח',,,שקיות פס סגור 15 יח',יחידה,0.00,יחידה,false,,8.90,0.0000,true,1,156727
7290017941530,false,כוסות TO-GO לשתייה ח,,,כוסות TO-GO לשתייה ח,יחידה,0.00,יחידה,false,,12.90,0.0000,true,1,147904
7290017941660,false,מארז תבניות לחלה עבו,,,מארז תבניות לחלה עבו,יחידה,0.00,יחידה,false,,12.90,0.0000,true,1,132260
7290017941677,false,מארז תבניות רוסטר בנ,,,מארז תבניות רוסטר בנ,יחידה,0.00,יחידה,false,,12.90,0.0000,true,1,132261
7290017941684,false,מארז תבניות רוסטר ענ,,,מארז תבניות רוסטר ענ,יחידה,0.00,יחידה,false,,12.90,0.0000,true,1,132262
7290017941691,false,מפת שולחן מהודרת 270,,,מפת שולחן מהודרת 270,יחידה,0.00,יחידה,false,,8.90,0.0000,true,1,172508
7290017941707,false,WIZ זוג מפות ארוח 180*120,,,זוג מפות אירוח 120*1,יחידה,0.00,יחידה,false,,7.90,0.0000,true,1,172523
7290017941738,false,מארז צלחות מהודר 20+,,,מארז צלחות מהודר 20+,יחידה,0.00,יחידה,false,,55.90,0.0000,true,1,127907
7290017941769,false,מארז צלחות מהודר 20+,,,מארז צלחות מהודר 20+,יחידה,0.00,יחידה,false,,55.90,0.0000,true,1,129000
7290017941776,false,מארז צלחות מהודר 20+,,,מארז צלחות מהודר 20+,יחידה,0.00,יחידה,false,,55.90,0.0000,true,1,129001
7290017941790,false,ניילון נצמד 30*30 עם,,,ניילון נצמד 30*30 עם,,30.00,מטר,false,,8.90,0.2967,true,1,172509
7290017941820,false,כוסות שתיה קרה כחול,,,כוסות שתיה קרה כחול,יחידה,0.00,יחידה,false,,13.90,0.0000,true,1,124670
7290017941899,false,קערת פלסטיק עגולה ענ,,,קערת פלסטיק עגולה ענ,יחידה,0.00,יחידה,false,,9.90,0.0000,true,1,124713
7290017941912,false,שיפודי במבוק עובי 5,,,שיפודי במבוק עובי 5,יחידה,0.00,יחידה,false,,5.90,0.0000,true,1,135223
7290017941943,false,שיפודי במבוק עובי 3,,,שיפודי במבוק עובי 3,יחידה,0.00,יחידה,false,,2.90,0.0000,true,1,135224
7290017941967,false,שקיות אוכל XL 300 י,,,שקיות אוכל XL 300 י,יחידה,0.00,יחידה,false,,8.90,0.0000,true,1,164112
7290017946368,false,סוד סבון 4 כדוריות לאסלה אוקיינוס 3*50 ג,הנקל סוד,RS,סוד כדוריות לאסלה P.,,150.00,100 גרם,false,,16.90,0.1127,true,1,119975
7290017947105,false,לחם בסגנון אמריקה 500 גר',מאפיית שלמה א. אנג'ל,IL,לחם בסגנון אמריקה אנ,,500.00,100 גרם,false,,14.90,0.0298,true,1,35510
7290017947464,false,מארז 8 פיתות מקמח כוסמין מלא 400ג',"איטיליאן פוד, אס.פי.",IL,שמיניית פיתות כוסמין,,400.00,100 גרם,false,,15.90,0.0398,true,1,97818
7290017947495,false,לחמניות כוסמין 450 ג' אנג'ל,"איטיליאן פוד, אס.פי.",IL,6 לחמניות כוסמין אנג,,450.00,100 גרם,false,,15.90,0.0353,true,1,113893
7290017947891,false,לחם כוסמין וחיטה מלאה 750 ג' אנג'ל,מאפיית שלמה א. אנג'ל,IL,לחם כוסמין וחיטה מלא,,750.00,100 גרם,false,,16.90,0.0225,true,1,35511
7290017947921,true,מארז לחמניות המבורגר,,,מארז לחמניות המבורגר,,450.00,100 גרם,false,,14.90,0.0331,true,1,73622
7290018023020,false,זיתים בסגנון שחור מרוקאי 215 ג' סבא חביב,,,זית שחור מרוקאי סבא,,215.00,100 גרם,false,,11.90,0.0553,true,1,53314
7290018043196,false,פראוד - חטיף חלבון בטעם שוקולד לבן עוגיות 60 גרם,הרת'סייד פוד סולושיי,NL,חטיף חלבון בטעם שוקו,,60.00,100 גרם,false,,13.90,0.2317,true,1,266282
7290018045084,false,דגנים במילוי קרם בטעם בראוניז 480 ג' BON & BON,monday,DE,דגנים במילוי קרם ברא,,480.00,100 גרם,false,,23.90,0.0498,true,1,232620
7290018045497,false,בון בון דגנים במילוי קרם שוקולד 480 גרם,monday,DE,דגנים במילוי קרם שוק,,480.00,100 גרם,false,,23.90,0.0498,true,1,232621
7290018045695,false,דגנים במילוי קרם קרמל מלוח 480 ג' BON & BON,מונדיי Monday,DE,דגנים במילוי קרם קרמ,,480.00,100 גרם,false,,23.90,0.0498,true,1,232622
7290018045893,false,בון בון דגנים במילוי קרם נוגט 480 גרם,monday,DE,דגנים במילוי קרם נוג,,480.00,100 גרם,false,,23.90,0.0498,true,1,232623
7290018091029,false,מקלות פילו תפוחי אדמה מעדנות 450 ג',"מעדנות בע""מ",IL,מקלות פילו תפוח אדמה,,450.00,100 גרם,false,,14.90,0.0331,true,1,83532
7290018091616,false,מקלות פילו גבינה מעדנות 450 ג',מיוצר עי קונדיטוריית,IL,מקלות פילו גבינה 450,,450.00,100 גרם,false,,14.90,0.0331,true,1,83519
7290018131893,false,אקסטרים טילון פקאן מאגדת 6 יח 432 גרם,גלידות נסטלה (נגה גל,IL,אקסטרים מאגדת טילון,,432.00,100 גרם,false,,36.90,0.0854,true,1,152583
7290018156490,false,סרקל מרכך קיץ מסייע בטיפול בנזקי הקיץ והכלור,"ד""ר פישר Dr fischer",,"מרכך קיץ סרקל 750 מ""",,750.00,"100 מ""ל",false,,28.90,0.0385,true,1,268437
7290018192023,true,סלרי מקלות ליח,,,סלרי מקלות ליח,,1.00,יח',false,,6.90,6.9000,true,1,41577
7290018225011,false,קומקום חשמלי נשלף פל,,,קומקום חשמלי נשלף פל,יחידה,0.00,יחידה,false,,79.90,0.0000,true,1,87744
7290018236659,false,צ'ונגו פופקורן ציפוי מתובל עוף טוב 600 גר',מולינו ניקולי s.p.a,IL,רצועות צ'ונגו פופקור,,600.00,100 גרם,false,,30.90,0.0515,true,1,119772
7290018237281,false,עוף טוב נקניק סלמי ירדן 550 גר',עיצובים 2020 (4.9),IL,נקניק סלמי ירדן עוף,,550.00,100 גרם,false,,21.90,0.0398,true,1,196408
7290018237410,false,עוף טוב פסטרמה במעשנה נתח שלם 8*300 גרם,מולינו ניקולי s.p.a,IL,פסטרמה במעשנה נתח של,,300.00,100 גרם,false,,27.90,0.0930,true,1,171503
7290018237922,false,עוף טוב שניצלונים ציפוי צ'יפס 700 גרם,עיצובים 2020 (4.9),IL,שניצלונים ציפוי ציפס,,700.00,100 גרם,false,,19.90,0.0284,true,1,300853
7290018237939,false,שניצלונים ציפוי שומשום עוף טוב 700 גרם,עיצובים 2020 (4.9),IL,שניצלונים ציפוי שומש,,700.00,100 גרם,false,,19.90,0.0284,true,1,300867
7290018237960,false,עוף טוב כתף בקר עסיסי 265 גר',עיצובים 2020 (4.9),IL,כתף בקר עסיסי עוף טו,,265.00,100 גרם,false,,24.90,0.0940,true,1,321035
7290018249086,false,ממרח חלבה פיסטוק סוו,,,סוויטאנגו ממרח בטעם,,350.00,100 גרם,false,,32.90,0.0940,true,1,361283
7290018249154,false,ממרח קקאו סוויטאנגו 350 גר,"אחדות ביח""ר לטחינה ח",,ממרח שוקולד עם אגוזי,,350.00,100 גרם,false,,32.90,0.0940,true,1,361284
7290018249802,false,ממתיק סוויטאנגו צנצנת 280 גרם,סוויטאנגו Sweetango,IL,כמו סוכר באריזת צנצנ,קילוגרמים,280.00,"ק""ג",false,,27.90,0.0996,true,1,81182
7290018294208,false,"סלקטד אדום יין ישראלי, 750 מ""ל","כד בני דרום בע""מ",IL,יין אדום ישראלי סלקט,,750.00,"100 מ""ל",false,,29.90,0.0399,true,1,184196
7290018294895,false,"יין מונלייט מוסקטו ורוד מבעבע 750 מ""ל",יקבי כרמל Carmel Winery,IL,יין מונלייט לבן יקבי,,750.00,"100 מ""ל",false,,34.90,0.0465,true,1,302726
7290018294901,false,"יין מונלייט אדום יבש 750 מ""ל כרמל",יקבי כרמל Carmel Winery,IL,יין מונלייט אדום יבש,,750.00,"100 מ""ל",false,,34.90,0.0465,true,1,302727
7290018344101,false,חטיף חלבון בטעם קקאו וקפה 50 ג' VEG PROTEIN,טבע ירוק,IL,חטיף חלבון קקאו וקפה,,50.00,100 גרם,false,,9.90,0.1980,true,1,204887
7290018359112,false,יכין פאסאטה מחית עגבניות איטלקיות 690 ג',זנלכל,IL,פאסאטה מחית עגבניות,,690.00,100 גרם,false,,8.90,0.0129,true,1,130838
7290018359334,false,רכז עגבניות טבעי פריכוז שף יכין 580 גרם,זנלכל,IL,רכז עגבניות טבעי פרי,,580.00,100 גרם,false,,9.90,0.0171,true,1,103047
7290018359495,false,תירס מהשדה בלי תוספת סוכר יכין 550 גרם,היינץ צפון אמריקה מק,IL,תירס מהשדה בלי תוספת,,550.00,100 גרם,false,,8.90,0.0162,true,1,103072
7290018359686,false,חומוס ענק יכין 550 גרם,היינץ צפון אמריקה מק,IL,חומוס ענק יכין 550 ג,,550.00,100 גרם,false,,9.90,0.0180,true,1,188527
7290018359716,false,רוטב עגבניות פיצה טוסקנה 240 גרם יכין,"זנלכל בע""מ",IL,רוטב פיצה טוסקנה יכי,,240.00,100 גרם,false,,5.50,0.0229,true,1,140703
7290018359853,false,עדשים שחורות יכין 400 גרם,"זנלכל בע""מ",IL,עדשים שחורות יכין 40,,400.00,100 גרם,false,,7.90,0.0198,true,1,188513
7290018359860,false,רסק עגבניות ליקופן טבעי יכין 200 גר*2,יכין,IL,רסק עגבניות ליקופן י,,400.00,100 גרם,false,,10.00,0.0250,true,1,237312
7290018359945,false,חאריפה רוטב פיקנטי מפלפלים וירקות 400גר,יכין,IL,חאריפה - רוטב פיקנטי,,400.00,100 גרם,false,,11.90,0.0298,true,1,298412
7290018359969,false,רוטב עגבניות לפיצה יכין 400 גרם,יכין,IL,רוטב עגבניות לפיצה י,,400.00,100 גרם,false,,11.90,0.0298,true,1,298414
7290018400470,false,כרישה חתוכה מוקפאת 600 גרם סנפרוסט,"סנפרוסט בע""מ",IL,כרישה חתוכה קפואה סנ,,600.00,100 גרם,false,,14.90,0.0248,true,1,314285
7290018440223,false,חווית הצ'אי- מסאלה עוצמתי,ויסוצקי,IL,חווית הצ'אי- מסאלה ע,,50.00,100 גרם,false,,19.90,0.3980,true,1,208580
7290018440230,false,צ'אי ורדים 25 שק' ויסוצקי,ויסוצקי,IL,חווית הצ'אי- ורדים 2,,50.00,100 גרם,false,,19.90,0.3980,true,1,208594
7290018440254,false,צ'אי קרמל מלוח 25 שק' ויסוצקי,ויסוצקי,IL,חווית הצ'אי- קרמל מל,,50.00,100 גרם,false,,19.90,0.3980,true,1,208596
7290018440407,false,תה ירוק מאטה קקאו לוז 25 שק' ויסוצקי,ויסוצקי,IL,תה ירוק מאטה בטעם קק,,37.50,100 גרם,false,,23.90,0.6373,true,1,212714
7290018440438,false,טונה קאלוו איזי פליפ בשמן 65 גר*3,קאלבו קונסרבס ס.ל.ו,ES,טונה easy flip בשמן,,195.00,100 גרם,false,,25.90,0.1328,true,1,305081
7290018468401,false,פסטרמה צמחונית בטעם גריל 100 גר טירת צבי,טיב טירת צבי 2000,IL,פסטרמה צמחונית בטעם,,120.00,100 גרם,false,,15.90,0.1325,true,1,339247
7290018468418,false,פסטרמה צמחונית בטעם מפולפל 100 ג טירת צב,טיב טירת צבי 2000,IL,פסטרמה צמחונית מפולפ,,120.00,100 גרם,false,,15.90,0.1325,true,1,339248
7290018471029,false,"סודה בטעם לימון - מארז 6 בקבוקים 500 מ""ל",יפאורה תבורי בעמ,IL,שוופס סודה לימון שיש,ליטרים,3.00,ליטר,false,,13.90,4.6333,true,1,107546
7290018471036,false,"שוופס סודה לימון 500 מ""ל","יפאורה תבורי בע""מ",IL,שוופס סודה לימון 500,,500.00,"100 מ""ל",false,,3.50,0.0070,true,1,107559
7290018471180,false,משקה פרוט& ווג' אננס תפוח גזר 1 ליטר,פרוט אנד וג' Fruit & Veg,IL,פרוט ווג אננס תפוח ו,ליטרים,1.00,ליטר,false,,13.50,13.5000,true,1,137043
7290018471395,false,משקה פרוט& ווג' תפוח רימון ג'ינג'ר 1 ליטר,פרוט אנד וג' Fruit & Veg,IL,פרוט ווג תפוח רימון,ליטרים,1.00,ליטר,false,,13.50,13.5000,true,1,137045
7290018471401,false,משקה פרוט& ווג' אננס בננה כורכום 1 ליטר,פרוט אנד וג' Fruit & Veg,IL,פרוט ווג אננס בננה כ,ליטרים,1.00,ליטר,false,,13.50,13.5000,true,1,137046
7290018471487,false,תפוזינה נקטר תפוז אננס קרטונית 1 ליטר,"יפאורה תבורי בע""מ",IL,נקטר תפוזינה ENJOY ב,ליטרים,1.00,ליטר,false,,6.90,6.9000,true,1,152191
7290018471494,false,תפוזינה משקה תפוז גזר קרטונית 1 ליטר,"יפאורה תבורי בע""מ",IL,נקטר תפוזינה ENJOY ב,ליטרים,1.00,ליטר,false,,6.90,6.9000,true,1,152192
7290018471623,false,שוופס טוניק אשכוליות ליצ'י 1 ליטר,"יפאורה תבורי בע""מ",IL,שוופס טוניק אשכוליות,ליטרים,1.00,ליטר,false,,9.10,9.1000,true,1,154950
7290018471715,false,משקה אלוורה קינג אננס 1 ליטר,"טרופיקל דגיל בע""מ אז",KR,משקה אלוורה קינג בטע,ליטרים,1.00,ליטר,false,,10.90,10.9000,true,1,165500
7290018471722,false,משקה אלוורה בטעם ליצ'י 1 ל',"טרופיקל דגיל בע""מ אז",KR,משקה אלוורה קינג בטע,ליטרים,1.00,ליטר,false,,10.90,10.9000,true,1,165501
7290018471739,false,משקה אלוורה קינג פטל 1 ליטר,"טרופיקל דגיל בע""מ אז",KR,משקה אלוורה קינג בטע,ליטרים,1.00,ליטר,false,,10.90,10.9000,true,1,165502
7290018471746,false,משקה אלוורה בטעם קיווי תווית 1 ל',"טרופיקל דגיל בע""מ אז",KR,משקה אלוורה קינג בטע,ליטרים,1.00,ליטר,false,,10.90,10.9000,true,1,165503
7290018471906,false,שוופס מוגז פירות לימונדה ורודה 1.5 ליטר פיקדון,"יפאורה תבורי בע""מ",IL,שוופס מוגז לימונדה ו,ליטרים,1.50,ליטר,false,,9.50,6.3333,true,1,212131
7290018471913,false,שוופס מוגז פירות תפוחים 1.5 ליטר-,"יפאורה תבורי בע""מ",IL,שוופס פרוטס תפוחים 1,ליטרים,1.50,ליטר,false,,9.50,6.3333,true,1,212132
7290018471920,false,שוופס מוגז פירות ענבים 1.5 ליטר פיקדון,"יפאורה תבורי בע""מ",IL,שוופס ענבים מוגז 1.5,ליטרים,1.50,ליטר,false,,9.50,6.3333,true,1,212133
7290018471937,false,שוופס מוגז פירות תות ליים 1.5 ליטר פיקדון,"יפאורה תבורי בע""מ",IL,שוופס מוגז פירות תות,ליטרים,1.50,ליטר,false,,9.50,6.3333,true,1,212147
7290018471944,false,שוופס מוגז פירות לימונייד 1.5 ליטר פיקדון,"יפאורה תבורי בע""מ",IL,שוופס מוגז למונייד 1,ליטרים,1.50,ליטר,false,,9.50,6.3333,true,1,212148
7290018471951,false,שוופס מוגז פירות אשכולית אדומה 1.5 ליטר פיקדון,"יפאורה תבורי בע""מ",IL,שוופס פרוטס אשכולית,ליטרים,1.50,ליטר,false,,9.50,6.3333,true,1,212162
7290018500231,false,"לחם וויקאנד אנג`ל, 750 גרם",מאפיית אנג'ל,IL,לחם וויקאנד אנג'ל 75,,750.00,100 גרם,false,,18.90,0.0252,true,1,293157
7290018500361,false,לחם אנג'ל אחיד פרוס 900 גר',מאפיית שלמה א. אנג'ל,IL,לחם אחיד פרוס מאפיית,,900.00,100 ליטר,false,,8.32,0.0092,true,1,300093
7290018500392,true,חלה קלועה אנגל 650 ג,,,חלה קלועה אנגל 650 ג,,650.00,100 גרם,false,,6.50,0.0100,true,1,323927
7290018540329,false,שקית פיתה פיתה בלדי 800 ג' אנג'ל,מאפיית שלמה א. אנג'ל,IL,פיתה פיתה אנגל 880 ג,,10.00,יח',false,,12.90,1.2900,true,1,129027
7290018540817,false,לחם מחמצת כוסמין ארטיזנל 500 גרם,מאפיית אורנים,IL,לחם ארטיזנל כוסמין א,,500.00,100 גרם,false,,18.90,0.0378,true,1,263518
7290018540824,false,לחם מחמצת כפרי ארטיזנל 500 גרם,מאפיית אורנים,IL,לחם מחמצת כפרי artis,,500.00,100 גרם,false,,18.90,0.0378,true,1,263519
7290018540831,false,לחם מחמצת חיטה מלאה וגרעינים 500 ג' ארטיזנל,מאפיית אורנים,IL,לחם מחמצת חיטה מלאה,,500.00,100 גרם,false,,18.90,0.0378,true,1,263865
7290018571064,false,"מקלוני טופי 450 גרם ""מיה""",מיה תעשיות מזון בעמ,IL,מקלוני טופי מיה 450,,450.00,100 גרם,false,,14.90,0.0331,true,1,134582
7290018571071,false,"טופי פספסים 450 גרם ""מיה""",מיה תעשיות מזון בעמ,IL,פספסים טופי מיה 450,,450.00,100 גרם,false,,14.90,0.0331,true,1,134583
7290018571408,false,מיה לקקנים מולטיקולור תותי פרוטי 220 גרם,,IL,לקקנים מולטיקולור תו,,220.00,100 גרם,false,,7.90,0.0359,true,1,243456
7290018571538,false,דובוני ג'לי בטעם פטל לילדים פרופוליס ואכיניציה,מיה תעשיות מזון בעמ,IL,סוכריות חורף פרופולי,,175.00,100 גרם,false,,39.90,0.2280,true,1,335944
7290018571545,false,סוכריות ג'לי עם מיצוי כורכומין וג'ינג'ר למבוגרים,מיה תעשיות מזון בעמ,IL,סוכריות כורכומין מבו,,210.00,100 גרם,false,,39.90,0.1900,true,1,335945
7290018571644,false,סוכריות ג'לי ללא סוכר מולטי ויטמין בשילוב תוספת ביוטין,מיה תעשיות מזון בעמ,IL,סוכריות קוסמטיקה מבו,,210.00,100 גרם,false,,39.90,0.1900,true,1,335950
7290018626078,false,"צלחות קטנות ""7 שקוף",,,"צלחות קטנות ""7 שקוף",יחידה,0.00,יחידה,false,,10.90,0.0000,true,1,132264
7290018626085,false,לפתניות 4.5 שקוף 50,,,לפתניות 4.5 שקוף 50,יחידה,0.00,יחידה,false,,8.90,0.0000,true,1,132289
7290018626108,false,קערות אובליות שקוף 5,,,קערות אובליות שקוף 5,יחידה,0.00,יחידה,false,,10.90,0.0000,true,1,132291
7290018626160,false,תבנית R-99 ענקית 5 י,,,תבנית R-99 ענקית 5 י,יחידה,0.00,יחידה,false,,9.90,0.0000,true,1,137340
7290018626269,false,תבנית מהודרת אינגליש,,,תבנית מהודרת אינגליש,יחידה,0.00,יחידה,false,,11.90,0.0000,true,1,138359
7290018626283,false,פיצה מרגריטה 350 גרם,,,פיצה מרגריטה 350 גרם,,350.00,100 גרם,false,,11.90,0.0340,true,1,177300
7290018626306,false,פיצה מרגריטה פיטריות,,,פיצה מרגריטה פיטריות,,400.00,100 גרם,false,,11.90,0.0298,true,1,182041
7290018626382,false,קערות וינטג' 10 יח',,,קערות וינטג' 10 יח',יחידה,0.00,יחידה,false,,14.90,0.0000,true,1,144486
7290018626511,false,שקיות L שרוך 50 יח',,,שקיות L שרוך 50 יח',יחידה,0.00,יחידה,false,,14.90,0.0000,true,1,139046
7290018626573,false,ניילון נצמד 40*100 ע,,,ניילון נצמד 40*100 ע,,100.00,מטר,false,,18.90,0.1890,true,1,154190
7290018626580,false,צימרונים לאוזנים 100,,,צימרונים לאוזנים 100,יחידה,0.00,יחידה,false,,2.90,0.0000,true,1,178079
7290018626634,false,מארז תבניות רוסטר עמ,,,מארז תבניות רוסטר עמ,יחידה,0.00,יחידה,false,,14.90,0.0000,true,1,231060
7290018626641,false,מארז תבניות רוסטר גד,,,מארז תבניות רוסטר גד,יחידה,0.00,יחידה,false,,14.90,0.0000,true,1,231061
7290018626658,false,מארז תבניות רוסטר שט,,,מארז תבניות רוסטר שט,יחידה,0.00,יחידה,false,,14.90,0.0000,true,1,231062
7290018626795,false,מגש עגול מחולק ל-6 ג,,,מגש עגול מחולק ל-6 ג,יחידה,0.00,יחידה,false,,9.90,0.0000,true,1,200662
7290018626856,false,כוסות ליקר 50 יח' WI,,,כוסות ליקר 50 יח' WI,יחידה,0.00,יחידה,false,,8.90,0.0000,true,1,200663
7290018626863,false,כוסות ליקר 20 יח' WI,,,כוסות ליקר 20 יח' WI,יחידה,0.00,יחידה,false,,7.90,0.0000,true,1,200664
7290018626887,false,כוסות P.P יהלום שוחר,,,כוסות P.P יהלום שוחר,יחידה,0.00,יחידה,false,,9.90,0.0000,true,1,178160
7290018626894,false,כוסות P.P יהלום כסף,,,כוסות P.P יהלום כסף,יחידה,0.00,יחידה,false,,9.90,0.0000,true,1,178161
7290018626900,false,מפיות תלת שכבתיות 20,,,מפיות תלת שכבתיות 20,יחידה,0.00,יחידה,false,,4.90,0.0000,true,1,195515
7290018626986,false,מפיות תלת שכבתיות 20,,,מפיות תלת שכבתיות 20,יחידה,0.00,יחידה,false,,4.90,0.0000,true,1,195535
7290018626993,false,מפיות תלת שכבתיות 20,,,מפיות תלת שכבתיות 20,יחידה,0.00,יחידה,false,,4.90,0.0000,true,1,195536
7290018652039,false,לה קרמריה קרמל מלוח ונוגט בדצ 1.4 ליטר,גלידות נסטלה,IL,לה קרמריה קרמל מלוח,ליטרים,1.40,ליטר,false,,22.90,16.3571,true,1,152584
7290018652671,false,"לה קרמריה שוקולד וניל 1.4 ליטר [תו אי""ל]",גלידות נסטלה,IL,גלידת שוקו וניל מופח,,0.00,100 גרם,false,,22.90,0.0000,true,1,249290
7290018652688,false,לה קרמריה טרופי ופירות אדומים 1.4 ל' נסטלה,גלידות נסטלה,IL,גלידת בטעמי פירות טר,,1.40,100 ליטר,false,,22.90,16.3571,true,1,249291
7290018652886,false,נסטלה מאגדת מצופים שוקו בננה 8 יח',גלידות נסטלה,IL,מאגדת שוקו בננה 8 יח,,476.00,100 גרם,false,,28.90,0.0607,true,1,251922
7290018703311,false,חטיף חלבון קרם עוגיות קראנץ 60 ג' פראוד,v.s.i,NL,חטיף חלבון בטעם קרם,,60.00,100 גרם,false,,13.90,0.2317,true,1,268818
7290018720103,false,וופל שוקו ללא סוכר 250 ג' מעדני מלך,"גילרו בע""מ",IL,אפיפיות בטעם שוקו לל,,250.00,100 גרם,false,,6.90,0.0276,true,1,208623
7290018795842,false,שיני שום קלופות 500 גר',מרינה,IL,שיני שום קלופות 500,,500.00,100 גרם,false,,18.90,0.0378,true,1,301567
7290018818275,false,פיצה קונו מרגריטה 26,,,פיצה קונו מרגריטה 26,,260.00,100 גרם,false,,14.90,0.0573,true,1,284989
7290018818305,false,פיצה אובליינה 260 גר,,,פיצה אובליינה 260 גר,,260.00,100 גרם,false,,14.90,0.0573,true,1,285004
7290018835005,false,אקסטרה צ'יפס אורז חום פלפל 60 גרם,,BG,אקסטרא צ'יפס אורז חו,,60.00,100 גרם,false,,8.50,0.1417,true,1,285906
7290018860984,false,אטריות ביצים דקות 400 גרם,xiamen zhongshi impo,CN,אטריות ביצים דקות מז,,400.00,100 גרם,false,,9.90,0.0248,true,1,322900
7290018860991,false,אטריות ביצים רחבות 400 גרם,xiamen zhongshi impo,CN,אטריות ביצים רחבות מ,,400.00,100 גרם,false,,9.90,0.0248,true,1,322901
7290018886106,false,מפיות תלת שכבתיות 20,,,מפיות תלת שכבתיות 20,יחידה,0.00,יחידה,false,,4.90,0.0000,true,1,195550
7290018886144,false,מפיות תלת שכבתיות 20,,,מפיות תלת שכבתיות 20,יחידה,0.00,יחידה,false,,4.90,0.0000,true,1,195554
7290018886182,false,כפיות עבות 50 יח' ק,,,כפיות עבות 50 יח' ק,יחידה,0.00,יחידה,false,,9.90,0.0000,true,1,178123
7290018886199,false,סכינים עבות 50 יח',,,סכינים עבות 50 יח',יחידה,0.00,יחידה,false,,9.90,0.0000,true,1,178124
7290018886205,false,סכינים עבות 50 יח',,,סכינים עבות 50 יח',יחידה,0.00,יחידה,false,,9.90,0.0000,true,1,178125
7290018886212,false,מזלגות עבות 50 יח',,,מזלגות עבות 50 יח',יחידה,0.00,יחידה,false,,9.90,0.0000,true,1,178126
7290018886229,false,מזלגות עבות 50 יח',,,מזלגות עבות 50 יח',יחידה,0.00,יחידה,false,,9.90,0.0000,true,1,178127
7290018886236,false,כפות עבות 50 יח' שק,,,כפות עבות 50 יח' שק,יחידה,0.00,יחידה,false,,9.90,0.0000,true,1,178128
7290018886243,false,כפות עבות 50 יח' קר,,,כפות עבות 50 יח' קר,יחידה,0.00,יחידה,false,,9.90,0.0000,true,1,178129
7290018886335,false,פת דגנים שיפון 170 ג,,,פת דגנים שיפון 170 ג,,170.00,100 גרם,false,,7.90,0.0465,true,1,199802
7290018886410,false,מזלגות מהודרים פנינה,,,מזלגות מהודרים פנינה,יחידה,0.00,יחידה,false,,6.90,0.0000,true,1,228351
7290018886458,false,כפות מהודרות פנינה 1,,,כפות מהודרות פנינה 1,יחידה,0.00,יחידה,false,,6.90,0.0000,true,1,228367
7290018886472,false,כפות מהודרות כסף 10,,,כפות מהודרות כסף 10,יחידה,0.00,יחידה,false,,6.90,0.0000,true,1,228382
7290018886502,false,כפיות מהודרות זהב 10,,,כפיות מהודרות זהב 10,יחידה,0.00,יחידה,false,,5.90,0.0000,true,1,228291
7290018886519,false,כפיות מהודרות כסף 10,,,כפיות מהודרות כסף 10,יחידה,0.00,יחידה,false,,5.90,0.0000,true,1,228292
7290018886625,false,כוסות דמוי שיש 40 יח,,,כוסות דמוי שיש 40 יח,יחידה,0.00,יחידה,false,,8.90,0.0000,true,1,178145
7290018886670,false,כוס קינוח מרובעת מדו,,,כוס קינוח מרובעת מדו,יחידה,0.00,יחידה,false,,10.90,0.0000,true,1,228631
7290018886724,false,כוס קינוח פרח 12 יחי,,,כוס קינוח פרח 12 יחי,יחידה,0.00,יחידה,false,,12.90,0.0000,true,1,228561
7290018886809,false,קערת סלט בועות שקוף,,,קערת סלט בועות שקוף,יחידה,0.00,יחידה,false,,7.90,0.0000,true,1,200678
7290018886861,false,קערת סלט בועות טורקי,,,קערת סלט בועות טורקי,יחידה,0.00,יחידה,false,,9.90,0.0000,true,1,200697
7290018886908,false,קערת סלט בועות טורקי,,,קערת סלט בועות טורקי,יחידה,0.00,יחידה,false,,13.90,0.0000,true,1,200714
7290018893005,false,"חטיפי בייגלה אפוי בטעם חרדל ודבש, 160 גרם",צ'וקטה Chocketa,RO,בייגלה שטוח בתוספת ח,,200.00,100 גרם,false,,6.90,0.0345,true,1,225687
7290018893098,false,צ'וקטה ביסקוויט מצופה שוקולד חלב 100 גרם משולש K,צ'וקטה Chocketa,ES,צ'וקטה עוגיות מצופות,,100.00,100 גרם,false,,7.90,0.0790,true,1,277548
7290018893258,false,צוקטה עוגות אישיות במילוי קרמל 10*30 גר,פרדי קונדטוריה אס פי,IT,צ'וקטה עוגות אישיות,,300.00,100 גרם,false,,12.90,0.0430,true,1,182738
7290018893289,false,עוגות מגולגלות בטעם קקאו - 6 יחידות במארז,צ'וקטה Chocketa,IL,צ'וקטה מגולגלות קקאו,,222.00,100 גרם,false,,9.90,0.0446,true,1,201260
7290018893487,false,צ'וקטה עוגה אישית בטעם קוקוס 350 ג' נוכרי,פרדי קונדטוריה אס פי,IT,צ'וקטה עוגות אישיות,,350.00,100 גרם,false,,12.90,0.0369,true,1,201262
7290018893654,false,חטיפי בייגלה דקיקים ופריכים מלח צ'וקטה 200 ג',צ'וקטה Chocketa,RO,צ'וקטה חטיף בייגלה ב,,200.00,100 גרם,false,,6.90,0.0345,true,1,201263
7290018893753,false,צ'וקטה וופל חמאה בטעם לימון 100 ג,,,צ'וקטה וופל חמאה בטע,,100.00,100 גרם,false,,10.00,0.1000,true,1,334953
7290018893807,false,צ'וקטה - שוקולד מריר שלישייה 3 * 100 גרם,צ'וקטה Chocketa,ES,מארז שוקולד מריר 60%,,300.00,100 גרם,false,,12.90,0.0430,true,1,234718
7290018893814,false,צ'וקטה שוקולד מריר 48% 5 יח' *100 ג',הדקלאים אגודת שיתופי,ES,צ'וקטה שוקולד 48% 5*,,500.00,100 גרם,false,,18.90,0.0378,true,1,209405
7290018893852,false,חטיפי בייגלה דקיקים ופריכים שומשום צ'וקטה 200 ג',צ'וקטה Chocketa,RO,צ'וקטה חטיף בייגלה ב,,200.00,100 גרם,false,,6.90,0.0345,true,1,201245
7290018894002,false,בלקוני וופל קוביות קקאו 250 גרם חלבי OU,בלקוני Balconi,IT,בלקוני קוביות וופל ק,,250.00,100 גרם,false,,12.50,0.0500,true,1,292241
7290018894217,false,עוגות אישיות במילוי קרם קקאו ובציפוי קרם קקאו,בלקוני Balconi,IT,עוגות אישיות מיקס מק,,350.00,100 גרם,false,,14.90,0.0426,true,1,281777
7290018894804,false,וופלים במילוי קרם אגוזי לוז - חלבי,בלקוני Balconi,IT,וופל במילוי קרם אגוז,,175.00,100 גרם,false,,7.90,0.0451,true,1,281806
7290018921456,false,"ד""ר פישר - אפקטיב קר תחליב רחצה שמן כותנה 700 מ""ל","ד""ר פישר Dr fischer",IL,תחליב רחצה לגוף מועש,,700.00,"100 מ""ל",false,,16.90,0.0241,true,1,226394
7290018921654,false,"ד""ר פישר - אפקטיב קר תחליב רחצה תמצית לוונדר 700 מ""ל","ד""ר פישר Dr fischer",IL,תחליב רחצה לגוף מועש,,700.00,"100 מ""ל",false,,16.90,0.0241,true,1,226395
7290018925065,false,מיץ פרימור תפוזים סחוט 2 ליטר-,"גניר (1992) בע""מ",IL,פרימור מיץ תפוזים סח,ליטרים,2.00,ליטר,false,,27.90,13.9500,true,1,219919
7290018925089,false,"מיץ פרימור תפו""ע צלול סחוט 2 ליטר-","גניר (1992) בע""מ",IL,פרימור מיץ תפוחים צל,ליטרים,2.00,ליטר,false,,27.90,13.9500,true,1,219920
7290018925409,false,"מיץ לימון ואננס 400 מ""ל פרימור","גניר בע""מ",IL,משקה קל לימון אננס פ,,400.00,"100 מ""ל",false,,7.90,0.0197,true,1,314226
7290018989081,false,חומוס הבית להכנת חומוס טרי יכין 400 גר,זנלכל,IL,חומוס הבית יכין 400,,400.00,100 גרם,false,,7.90,0.0198,true,1,297335
7290019014041,false,טאצ' נוזל רצפות 2 ליטר פסגה מושלגת,,,נוזל רצפות פסגה מושל,ליטרים,2.00,ליטר,false,,17.90,8.9500,true,1,233702
7290019015185,false,"דפיוזר בוהו 200 מ""ל",,,דפיוזר בוהו,יחידה,0.00,יחידה,false,,49.90,0.0000,true,1,249350
7290019015192,false,דפיוזר פרימיום,,,דפיוזר פרימיום,יחידה,0.00,יחידה,false,,49.90,0.0000,true,1,249366
7290019031000,false,WIZ מארז חמישיית ניי,,,WIZ מארז חמישיית ניי,יחידה,0.00,יחידה,false,,10.90,0.0000,true,1,231115
7290019031024,false,נר הבדלה כחול לבן,,,נר הבדלה כחול לבן,יחידה,0.00,יחידה,false,,8.90,0.0000,true,1,268032
7290019031062,false,תבנית R-2 מלבנית 7 י,,,תבנית R-2 מלבנית 7 י,יחידה,0.00,יחידה,false,,9.90,0.0000,true,1,255791
7290019031079,false,תבנית R-29 מרובעת קט,,,תבנית R-29 מרובעת קט,יחידה,0.00,יחידה,false,,9.90,0.0000,true,1,255792
7290019031109,false,תבנית R-88 אינגליש 1,,,תבנית R-88 אינגליש 1,יחידה,0.00,יחידה,false,,9.90,0.0000,true,1,255795
7290019031116,false,תבנית R-99 ענקית 3 י,,,תבנית R-99 ענקית 3 י,יחידה,0.00,יחידה,false,,9.90,0.0000,true,1,255796
7290019031123,false,WIZ תבניות אלומיניום עגול 5 יח חזקות,,,תבנית אלומינים A-14,יחידה,0.00,יחידה,false,,9.90,0.0000,true,1,255797
7290019031130,false,WIZ תבניות מאפינס אל,,,WIZ תבניות מאפינס אל,יחידה,0.00,יחידה,false,,15.90,0.0000,true,1,282855
7290019031178,false,כפפות לטקס 100 יח' S,,,כפפות לטקס 100 יח' S,יחידה,0.00,יחידה,false,,30.90,0.0000,true,1,245926
7290019031185,false,כפפות לטקס 100 יח' M,,,כפפות לטקס 100 יח' M,יחידה,0.00,יחידה,false,,30.90,0.0000,true,1,245940
7290019031192,false,כפפות לטקס 100 יח' L,,,כפפות לטקס 100 יח' L,יחידה,0.00,יחידה,false,,30.90,0.0000,true,1,245941
7290019031222,false,כוסות 12OZ לשתייה חמ,,,כוסות 12OZ לשתייה חמ,יחידה,0.00,יחידה,false,,11.90,0.0000,true,1,262247
7290019031239,false,כוסות 16OZ לשתייה חמ,,,כוסות 16OZ לשתייה חמ,יחידה,0.00,יחידה,false,,14.90,0.0000,true,1,262248
7290019031307,false,לפתניות לבנות 25 יח',,,לפתניות לבנות 25 יח',יחידה,0.00,יחידה,false,,5.90,0.0000,true,1,250278
7290019031314,false,קערות אובליות לבנות,,,קערות אובליות לבנות,יחידה,0.00,יחידה,false,,6.90,0.0000,true,1,250279
7290019031321,false,"מרקיות 7"" לבנות 25 י",,,"מרקיות 7"" לבנות 25 י",יחידה,0.00,יחידה,false,,9.90,0.0000,true,1,250293
7290019031338,false,"צלחות קטנות 7"" לבנות",,,"צלחות קטנות 7"" לבנות",יחידה,0.00,יחידה,false,,8.90,0.0000,true,1,250294
7290019031345,false,צלחות גדולות 9 לבן 2,,,צלחות גדולות 9 לבן 2,יחידה,0.00,יחידה,false,,12.90,0.0000,true,1,234805
7290019031352,false,"צלחות ענקיות 10"" לבנ",,,"צלחות ענקיות 10"" לבנ",יחידה,0.00,יחידה,false,,23.90,0.0000,true,1,250308
7290019031369,false,"צלחות גדולות 9"" קרם",,,"צלחות גדולות 9"" קרם",יחידה,0.00,יחידה,false,,14.90,0.0000,true,1,250309
7290019031383,false,סבון ידיים מאסק 1 לי,,,סבון ידיים מאסק 1 לי,,1.00,100 ליטר,false,,9.90,9.9000,true,1,250249
7290019031406,false,רביעיית מגבונים לחים,,,רביעיית מגבונים לחים,יחידה,0.00,יחידה,false,,9.90,0.0000,true,1,262114
7290019031420,false,אל סבון נוזלי שלישיי,,,אל סבון נוזלי שלישיי,,500.00,"100 מ""ל",false,,11.90,0.0238,true,1,262060
7290019031444,false,אשפתון 65X54 XL חזקו,,,אשפתון 65X54 XL חזקו,יחידה,0.00,יחידה,false,,17.90,0.0000,true,1,275501
7290019031468,false,WIZ צלחות מתכלות ענק,,,WIZ צלחות מתכלות ענק,יחידה,0.00,יחידה,false,,13.90,0.0000,true,1,312998
7290019031543,false,שמן זית כתית מעולה א,,,שמן זית כתית מעולה א,,750.00,"100 מ""ל",false,,29.90,0.0399,true,1,262033
7290019031550,false,מנגל קטן 40*25 WIZ,,,מנגל קטן 40*25 WIZ,יחידה,0.00,יחידה,false,,39.90,0.0000,true,1,267970
7290019031581,false,מארז 10 גביעיים + מכ,,,מארז 10 גביעיים + מכ,ליטרים,500.00,ליטר,false,,9.90,0.0198,true,1,256557
7290019031598,false,מארז 5 מכלים + מכסים,,,מארז 5 מכלים + מכסים,ליטרים,0.50,ליטר,false,,9.90,19.8000,true,1,256558
7290019031604,false,מארז 5 מכלים + מכסים,,,מארז 5 מכלים + מכסים,ליטרים,1.00,ליטר,false,,9.90,9.9000,true,1,256572
7290019031628,false,מטליות מיקרופייבר לר,,,מטליות מיקרופייבר לר,יחידה,0.00,יחידה,false,,12.90,0.0000,true,1,313095
7290019031642,false,WIZ צלחות ענקיות שקו,,,WIZ צלחות ענקיות שקו,יחידה,0.00,יחידה,false,,21.90,0.0000,true,1,313062
7290019031659,false,WIZ צלחות גדולות  שק,,,WIZ צלחות גדולות  שק,יחידה,0.00,יחידה,false,,13.90,0.0000,true,1,313077
7290019031673,false,"WIZ מרקיות שקופות 7""",,,"WIZ מרקיות שקופות 7""",יחידה,0.00,יחידה,false,,9.90,0.0000,true,1,313079
7290019031833,false,"WIZ צלחות לבנות 9"" מ",,,"WIZ צלחות לבנות 9"" מ",יחידה,0.00,יחידה,false,,34.90,0.0000,true,1,333550
7290019056027,false,שוופס מוגז פירות תפוחים ללא סוכר 1.5 ליטר פיקדון,"יפאורה תבורי בע""מ",IL,שוופס מוגז פירות תפו,ליטרים,1.50,ליטר,false,,8.50,5.6667,true,1,212163
7290019056034,false,שוופס מוגז פירות אננס ללא סוכר 1.5 ליטר פיקדון,יפאורה תבורי,IL,שוופס מוגז פירות אננ,ליטרים,1.50,ליטר,false,,8.50,5.6667,true,1,212164
7290019056058,false,שוופס מוגז עדין תפוח ליים 1.5 ליטר פיקדון,"יפאורה תבורי בע""מ",IL,שוופס מוגז עדין תפוח,ליטרים,1.50,ליטר,false,,8.50,5.6667,true,1,211824
7290019056065,false,שוופס מוגז עדין פירות יער 1.5 ליטר פיקדון,"יפאורה תבורי בע""מ",IL,שוופס מוגז עדין פירו,ליטרים,1.50,ליטר,false,,8.50,5.6667,true,1,211825
7290019056096,false,שוופס מוגז עדין אפרסק 1.5 ליטר פיקדון,"יפאורה תבורי בע""מ",IL,שוופס מוגז עדין אפרס,ליטרים,1.50,ליטר,false,,8.50,5.6667,true,1,211857
7290019056119,false,שוופס סודה 1.5 ליטר פיקדון,"יפאורה תבורי בע""מ",IL,שוופס סודה 1.5ליטר,ליטרים,1.50,ליטר,false,,3.50,2.3333,true,1,211663
7290019056133,false,שוופס סודה נענע ליים 1.5 ליטר בק' בודד,"יפאורה תבורי בע""מ",IL,שוופס סודה נענע ליים,ליטרים,1.50,ליטר,false,,3.50,2.3333,true,1,212193
7290019056157,false,שוופס סודה פירות יער 1.5 ליטר בק' בודד פיקדון,יפאורה תבורי,IL,שוופס סודה פירות יער,ליטרים,1.50,ליטר,false,,3.50,2.3333,true,1,215910
7290019056164,false,שוופס סודה 1.5 ליטר רביעייה פיקדון,"יפאורה תבורי בע""מ",IL,שוופס סודה 4*1.5ליטר,ליטרים,6.00,ליטר,false,,12.10,2.0167,true,1,211692
7290019056171,false,שוופס סודה לימון 1.5 ליטר רביעייה פיקדון,"יפאורה תבורי בע""מ",IL,שוופס סודה לימון 4*1,ליטרים,6.00,ליטר,false,,12.10,2.0167,true,1,211707
7290019056188,false,שוופס סודה נענע ליים 1.5 ליטר רביעייה פיקדון,"יפאורה תבורי בע""מ",IL,שוופס סודה נענע ליים,ליטרים,6.00,ליטר,false,,12.10,2.0167,true,1,211721
7290019056232,false,משקה מוגז בטעם ליים מוחיטו 1.5 ל' שוופס,"יפאורה תבורי בע""מ",IL,שוופס ליים מוחיטו 1.,ליטרים,1.50,ליטר,false,,9.50,6.3333,true,1,211858
7290019056249,false,שוופס מים בטעמים ענבים 1.5 ליטר פיקדון,יפאורה תבורי בעמ,IL,שוופס וואטר ענבים 1.,ליטרים,1.50,ליטר,false,,8.50,5.6667,true,1,211606
7290019056256,false,שוופס מים בטעמים תפוחים 1.5 ליטר פיקדון,יפאורה תבורי בעמ,IL,שוופס וואטר בטעם תפו,ליטרים,1.50,ליטר,false,,8.50,5.6667,true,1,211607
7290019056270,false,שוופס מים בטעמים פירות יער 1.5 ליטר פיקדון,"יפאורה תבורי בע""מ",IL,שוופס וואטר פירות יע,ליטרים,1.50,ליטר,false,,8.50,5.6667,true,1,213915
7290019056300,false,משקה בטעם ביטר לימון 1.5 ל' שוויפס,"יפאורה תבורי בע""מ",IL,שוופס ביטר לימון 1.5,ליטרים,1.50,ליטר,false,,12.50,8.3333,true,1,212209
7290019056317,false,שוופס ראשן 1.5 ליטר פיקדון,"יפאורה תבורי בע""מ",IL,שוופס ראשן 1.5 ליטר,ליטרים,1.50,ליטר,false,,12.50,8.3333,true,1,212223
7290019056324,false,שוופס טוניק 1.5 ליטר פיקדון,"יפאורה תבורי בע""מ",IL,שוופס מי טוניק 1.5 ל,ליטרים,1.50,ליטר,false,,12.50,8.3333,true,1,212224
7290019056331,false,שוופס טוניק ללא סוכר 1.5 ליטר פיקדון,יפאורה תבורי בעמ,IL,שוופס טוניק ללא סוכר,ליטרים,1.50,ליטר,false,,11.90,7.9333,true,1,212225
7290019056355,false,תפוזינה לימונדה MIX לימונענע 1.5 ליטר,"יפאורה תבורי בע""מ",IL,תפוזינה לימונדה נענע,ליטרים,1.50,ליטר,false,,8.50,5.6667,true,1,211092
7290019056362,false,תפוזינה ענבים 1.5 ליטר פיקדון,"יפאורה תבורי בע""מ",IL,תפוזינה ענבים 1.5 לי,ליטרים,1.50,ליטר,false,,8.50,5.6667,true,1,211209
7290019056379,false,תפוזינה תפוזים 1.5 ליטר פיקדון,"יפאורה תבורי בע""מ",IL,תפוזינה תפוזים 1.5 ל,ליטרים,1.50,ליטר,false,,8.50,5.6667,true,1,211267
7290019056393,false,תפוזינה תות בננה 1.5 ליטר פיקדון,"יפאורה תבורי בע""מ",IL,תפוזינה תות בננה 1.5,ליטרים,1.50,ליטר,false,,8.50,5.6667,true,1,211301
7290019056409,false,תפוזינה מנגו 1.5 ליטר פיקדון,"יפאורה תבורי בע""מ",IL,תפוזינה מנגו עסיסי 1,ליטרים,1.50,ליטר,false,,8.50,5.6667,true,1,211316
7290019056416,false,מיץ בטעם לימונדה ורודה 1.5 ל' תפוזינה,"יפאורה תבורי בע""מ",IL,תפוזינה לימונדה 1.5,ליטרים,1.50,ליטר,false,,8.50,5.6667,true,1,211317
7290019056423,false,מיץ בטעם תפוח רענן 1.5ל' תפוזינה,"יפאורה תבורי בע""מ",IL,תפוזינה תפוח רענן 1.,ליטרים,1.50,ליטר,false,,8.50,5.6667,true,1,211370
7290019056430,false,תפוזינה תפוזים לייט 1.5 ליטר פיקדון,"יפאורה תבורי בע""מ",IL,תפוזינה תפוז 1.5 ליט,ליטרים,1.50,ליטר,false,,7.90,5.2667,true,1,211384
7290019056447,false,תפוזינה אשכוליות לייט 1.5 ליטר פיקדון,"יפאורה תבורי בע""מ",IL,תפוזינה אשכוליות 1.5,ליטרים,1.50,ליטר,false,,7.90,5.2667,true,1,211411
7290019056515,false,פרוט ווטר אננס 1.5 ליטר פיקדון,"יפאורה תבורי בע""מ",IL,פרוט ווטר אננס 1.5 ל,ליטרים,1.50,ליטר,false,,8.90,5.9333,true,1,211550
7290019056522,false,פרוט ווטר תות 1.5 ליטר פיקדון,"יפאורה תבורי בע""מ",IL,פרוט ווטר תות 1.5 לי,ליטרים,1.50,ליטר,false,,8.90,5.9333,true,1,211577
7290019056539,false,פרוט ווטר אפרסק 1.5 ליטר פיקדון,"יפאורה תבורי בע""מ",IL,פרוט ווטר אפרסק 1.5,ליטרים,1.50,ליטר,false,,8.90,5.9333,true,1,211578
7290019056546,false,פרוט ווטר אבטיח 1.5 ליטר פיקדון,"יפאורה תבורי בע""מ",IL,פרוט ווטר אבטיח 1.5,ליטרים,1.50,ליטר,false,,8.90,5.9333,true,1,211579
7290019056553,false,עין גדי מים מינרלים 2 ליטר*6 יח',עין גדי מים מינרליים,IL,עין גדי מים מינרלים,ליטרים,12.00,ליטר,false,,13.30,1.1083,true,1,212388
7290019056560,false,עין גדי 2 ליטר בק' בודד פיקדון,יפאורה תבורי,IL,עין גדי מים מינרלים,ליטרים,2.00,ליטר,false,,3.50,1.7500,true,1,212402
7290019056577,false,ספרינג מנגו 1.5 ליטר פיקדון,"יפאורה תבורי בע""מ",IL,ספרינג מנגו 1.5 ליטר,ליטרים,1.50,ליטר,false,,8.50,5.6667,true,1,210928
7290019056584,false,ספרינג תפוזים 1.5 ליטר פיקדון,"יפאורה תבורי בע""מ",IL,ספרינג תפוזים 1.5 לי,ליטרים,1.50,ליטר,false,,8.50,5.6667,true,1,210957
7290019056591,false,ספרינג ענבים 1.5 ליטר פיקדון,"יפאורה תבורי בע""מ",IL,ספרינג ענבים 1.5 ליט,ליטרים,1.50,ליטר,false,,8.50,5.6667,true,1,210971
7290019056607,false,ספרינג תפוחים 1.5 ליטר פיקדון,"יפאורה תבורי בע""מ",IL,ספרינג תפוחים 1.5 לי,ליטרים,1.50,ליטר,false,,8.50,5.6667,true,1,210985
7290019056614,false,ספרינג אפרסק 1.5 ליטר פיקדון,"יפאורה תבורי בע""מ",IL,ספרינג אפרסק 1.5 ליט,ליטרים,1.50,ליטר,false,,8.50,5.6667,true,1,210986
7290019056621,false,ספרינג פירות טרופיים 1.5 ליטר פיקדון,"יפאורה תבורי בע""מ",IL,ספרינג פירות טרופיים,ליטרים,1.50,ליטר,false,,8.50,5.6667,true,1,210987
7290019056638,false,ספרינג תות בננה 1.5 ליטר פיקדון,"יפאורה תבורי בע""מ",IL,ספרינג תות בננה 1.5,ליטרים,1.50,ליטר,false,,8.50,5.6667,true,1,211003
7290019056645,false,ספרחנג אגס תפוח סברס 1.5 ליטר פיקדון,"יפאורה תבורי בע""מ",IL,ספרינג אגס סברס תפוח,ליטרים,1.50,ליטר,false,,8.50,5.6667,true,1,211004
7290019056652,false,ספרינג אננס בננה 1.5 ליטר פיקדון,"יפאורה תבורי בע""מ",IL,ספרינג אננס בננה 1.5,ליטרים,1.50,ליטר,false,,8.50,5.6667,true,1,211072
7290019056669,false,ספרינג תפוחים גיאט 1.5 ליטר פיקדון,"יפאורה תבורי בע""מ",IL,ספרינג תפוחים דיאט 1,ליטרים,1.50,ליטר,false,,7.90,5.2667,true,1,211073
7290019056676,false,מיץ דיאט בטעם אשכוליות ואננס 1.5ל' ספרינג,"יפאורה תבורי בע""מ",IL,ספרינג דיאט אשכוליות,ליטרים,1.50,ליטר,false,,7.90,5.2667,true,1,223723
7290019056720,false,קריסטל מיץ ענבים 2 ליטר פיקדון,יפאורה תבורי,IL,קריסטל מיץ ענבים 2 ל,ליטרים,2.00,ליטר,false,,7.90,3.9500,true,1,212239
7290019056737,false,קריסטל מיץ אשכוליטרות 2 ליטר,יפאורה תבורי,IL,קריסטל מיץ אשכוליות,ליטרים,2.00,ליטר,false,,7.90,3.9500,true,1,212240
7290019056744,false,קריסטל מיץ תפוזים 2 ליטר פיקדון,יפאורה תבורי,IL,קריסטל מיץ תפוזים 2,ליטרים,2.00,ליטר,false,,7.90,3.9500,true,1,212254
7290019056751,false,קריסטל מיץ אשכוליות דיאט 2 ליטר פיקדון,יפאורה תבורי,IL,קריסטל דיאט מיץ אשכו,ליטרים,2.00,ליטר,false,,6.90,3.4500,true,1,212255
7290019056768,false,קריסטל מיץ מנגו 2 ליטר פיקדון,יפאורה תבורי,IL,קריסטל מיץ מנגו 2 לי,ליטרים,2.00,ליטר,false,,7.90,3.9500,true,1,212256
7290019056775,false,קריסטל מוגז ענבים 2 ליטר פיקדון,יפאורה תבורי,IL,קריסטל ענבים מוגז 2,ליטרים,2.00,ליטר,false,,7.90,3.9500,true,1,212270
7290019056782,false,משקה מוגז בטעם לימון ליים 2 ל' קריסטל,יפאורה תבורי,IL,קריסטל למון ליים 2 ל,ליטרים,2.00,ליטר,false,,7.90,3.9500,true,1,212271
7290019056799,false,קריסטל מוגז אקזוטי 2 ליטר פיקדון,יפאורה תבורי,IL,קריסטל אקזוטי 2 ליטר,ליטרים,2.00,ליטר,false,,7.90,3.9500,true,1,212285
7290019056805,false,קריסטל מוגז תפוחים 2 ליטר פיקדון,יפאורה תבורי,IL,משקה מוגז קריסטל תפו,ליטרים,2.00,ליטר,false,,7.90,3.9500,true,1,212286
7290019056812,false,קריסטל מוגז מנטה 2 ליטר פיקדון,יפאורה תבורי,IL,קריסטל מנטה 2 ליטר,ליטרים,2.00,ליטר,false,,7.90,3.9500,true,1,212300
7290019056829,false,קריסטל מוגז תפוזים 2 ליטר פיקדון,קריסטל,,קריסטל תפוזים 2 ליטר,ליטרים,2.00,ליטר,false,,7.90,3.9500,true,1,212301
7290019056836,false,קריסטל מוגז תות 2 ליטר פיקדון,יפאורה תבורי,IL,תות קריסטל 2 ליטר,ליטרים,2.00,ליטר,false,,7.90,3.9500,true,1,212316
7290019056843,false,קריסטל מוגז קולה 2 ליטר פיקדון,קריסטל,IL,קריסטל קולה 2 ליטר,ליטרים,2.00,ליטר,false,,7.90,3.9500,true,1,212317
7290019056898,false,שוופס סודה לימון 1.5 ליטר,"כד בני דרום בע""מ",IL,שוופס סודה לימון 1.5,ליטרים,1.50,ליטר,false,,4.30,2.8667,true,1,376620
7290019056904,false,שוופס סודה נענע ליים,"כד בני דרום בע""מ",IL,שוופס סודה נענע ליים,ליטרים,1.50,ליטר,false,,4.30,2.8667,true,1,376635
7290019056959,false,מי עדן 1.5 ליטר בק' בודד פיקדון,מופק ממקור בזלתי עדן,IL,מי עדן 1.5 ליטר,ליטרים,1.50,ליטר,false,,3.90,2.6000,true,1,223724
7290019056973,false,שישיית מי עדן 1.5 ליטר משפחתי,מופק ממקור בזלתי עדן,IL,מי עדן 6*1.5 ליטר,ליטרים,9.00,ליטר,false,,12.90,1.4333,true,1,212332
7290019153252,false,שוופס סודה תפוח 1.5 ליטר רביעייה פיקדון,יפאורה תבורי,IL,שוופס סודה תפוח 4*1.,ליטרים,6.00,ליטר,false,,12.10,2.0167,true,1,279370
7290019153269,false,שוופס סודה אננס 1.5 ליטר רביעייה פיקדון,יפאורה תבורי,IL,שוופס סודה אננס 4*1.,ליטרים,6.00,ליטר,false,,12.10,2.0167,true,1,279371
7290019153375,false,מיץ בטעם מוחיטו 1.5 ל' תפוזינה,"יפאורה תבורי בע""מ",IL,תפוזינה מוחיטו 1.5 ל,ליטרים,1.50,ליטר,false,,8.50,5.6667,true,1,288174
7290019204305,false,חזה הודו פסטרמה ברביקיו 350 גר',עיצובים 2020 (4.9),IL,פסטרמה ברביקיו עוף ט,,350.00,100 גרם,false,,24.90,0.0711,true,1,321006
7290019230014,false,חלה קמח מלא ספיישל בייקרי,ספיישל בייקרי,IL,חלה קמח מלא ארוזה בי,,500.00,100 גרם,false,,15.90,0.0318,true,1,214093
7290019230021,false,חלה גדולה ספיישל ביקרי,ספיישל בייקרי,IL,חלה גדולה ארוזה בייק,,500.00,100 ליטר,false,,13.90,0.0278,true,1,214094
7290019232384,false,חווית הצ'אי תה שחור בטעם מוקה 25*50 ג' ויסוצקי,ויסוצקי,IL,חווית הצ'אי- מוקה 25,,50.00,100 גרם,false,,19.90,0.3980,true,1,366608
7290019233039,false,שקשוקה קלאסית- רוטב עגבניות עם קוביות פלפלים צלויים,דליציה דורה אס.אר.אל,IT,רוטב עגבניות לשקשוקה,,420.00,100 גרם,false,,13.90,0.0331,true,1,293244
7290019233046,false,זיתים זיתא קלמטה בלונד עם שמן זית,זיתא - י.ט.ב תעשיות,IL,זית קלמטה בלונד עם ש,,215.00,100 גרם,false,,11.90,0.0553,true,1,245970
7290019245001,false,שמן קנולה אלומות 1 ל,סקנולה,EE,שמן קנולה אלומות 1 ל,ליטרים,1.00,ליטר,false,,10.90,10.9000,true,1,274045
7290019303800,false,פינוקיות שומשום עם שקדים וחמוציות 250 ג',טבע ירוק,IL,פינוקיות שומשום שקדי,,220.00,100 גרם,false,,18.90,0.0859,true,1,332930
7290019370024,false,סט קולבים בהיר,,,סט קולבים בהיר,יחידה,0.00,יחידה,false,,19.90,0.0000,true,1,280221
7290019393061,false,"קמח כוסמין 100% ללא צורך בניפוי 1 ק""ג האופה",,IL,קמח כוסמין מלא מנופה,קילוגרמים,1.00,"ק""ג",false,,16.90,16.9000,true,1,344159
7290100412343,false,קוויק מגבונים לניקוי כללי בניחוח לימון 50 יח',DPL,IL,מגבונים לניקוי וחיטו,יחידה,0.00,יחידה,false,,8.90,0.0000,true,1,29579
7290100412435,false,קוויק מגבונים לניקוי כללי בניחוח פרחי בר 50 יח',DPL,IL,מגבונים לניקוי וחיטו,יחידה,0.00,יחידה,false,,8.90,0.0000,true,1,29582
7290100412442,false,קוויק מגבונים לניקוי שירותים ואמבטיה מנטה 50יח',DPL,IL,קוויק מגבונים לניקוי,יחידה,0.00,יחידה,false,,8.90,0.0000,true,1,29583
7290100412459,false,מטליות לחות לניקוי וחיטוי אמבטיה ושירותים לבנדר,DPL,IL,מגבונים לניקוי וחיטו,יחידה,0.00,יחידה,false,,8.90,0.0000,true,1,29584
7290100412466,false,מגבונים קוויק לניקוי וחיטוי רצפות בניחוח לימון 10 יח',DPL,IL,מגבונים לניקוי רצפות,,10.00,יח',false,,10.90,1.0900,true,1,29585
7290100570074,false,אביזרי מטבח ב-4.99,,,אביזרי מטבח ב-4.99,יחידה,0.00,יחידה,false,,4.90,0.0000,true,1,34268
7290100570234,false,אביזרי מטבח,,,אביזרי מטבח,יחידה,0.00,יחידה,false,,12.90,0.0000,true,1,34270
7290100572146,false,כ.סט מקפיאון,,,כ.סט מקפיאון,יחידה,0.00,יחידה,false,,24.90,0.0000,true,1,34277
7290100572368,false,אביזרי מטבח,,,אביזרי מטבח,יחידה,0.00,יחידה,false,,19.90,0.0000,true,1,34279
7290100572610,false,אביזרי מטבח ב-11.99,,,אביזרי מטבח ב-11.99,יחידה,0.00,יחידה,false,,12.00,0.0000,true,1,34281
7290100572702,false,אביזרי מטבח ב-11.00,,,אביזרי מטבח ב-11.00,יחידה,0.00,יחידה,false,,10.90,0.0000,true,1,34282
7290100573402,false,אביזרי מטבח,,,אביזרי מטבח,יחידה,0.00,יחידה,false,,14.90,0.0000,true,1,34285
7290100653463,false,"פלמוליב - ארומה ג'ל רחצה מסאז' 500 מ""ל",קולגייט פלמוליב,IT,סבון נוזלי ספא מסאג',,500.00,"100 מ""ל",false,,15.90,0.0318,true,1,21562
7290100653586,false,"דאו' ליידי ספיד סטיק 24/7 ג'ל ורוד 50מ""ל",ליידי ספיד סטיק Lady Speed Stick,US,דיאודורנט ליידי ספיד,,65.00,100 גרם,false,,17.90,0.2754,true,1,21564
7290100658338,false,נוזל כלים אוקסי פלוס עם נוסחת החמצן הפעיל,הנסיך- מפעל לייצור ט,GR,פלמוליב לכלים אוקסי-,,750.00,"100 מ""ל",false,,11.90,0.0159,true,1,21569
7290100680650,false,מנה חמה נודלס-אטריות ירקות טעם תאילנדי אסם 76 ג',THAI PRESIDENT FOODS,TH,מנה חמה נודלס תאילנד,,76.00,100 גרם,false,,5.90,0.0776,true,1,18809
7290100680667,false,מנה חמה נודלס-אטריות+ירקות טעם סצ'ואן,THAI PRESIDENT FOODS,TH,מנה חמה נודלס ירקות,,76.00,100 גרם,false,,5.90,0.0776,true,1,18810
7290100680711,false,פירורית זהב אסם זהב 350ג',עינת תעשיות מזון אגו,IL,אסם פירורית זהב 350,,350.00,100 גרם,false,,7.90,0.0226,true,1,18811
7290100680728,false,פירורית רגילה שקית 350 גרם,מיוצר עי קונדיטוריית,IL,פירורית רגילה שקית 3,,350.00,100 ליטר,false,,7.90,0.0226,true,1,18812
7290100681015,false,פודינג אינסטנט בטעם ריבת חלב 80 גר,מיוצר עי קונדיטוריית,IL,אסם פודינג אינסטנט ר,,84.00,100 גרם,false,,5.90,0.0702,true,1,18814
7290100681138,false,מארז אפרופו חטיף תירס 3 יחידות,"אסם השקעות בע""מ",IL,אפרופו מאח 3*50 גר',,150.00,100 ליטר,false,,12.90,0.0860,true,1,18816
7290100681503,false,עסיס סירופ לימונענע דיאטטי 1 ליטר,בית-השיטה עסיס תעשיו,IL,סירופ דיאט לימונענע,ליטרים,1.00,ליטר,false,,16.90,16.9000,true,1,18818
7290100683880,false,תבשילים משפחתיים פירה 260 גרם,"אסם השקעות בע""מ",IL,פירה אסם 260 גרם,,260.00,100 גרם,false,,13.90,0.0535,true,1,18826
7290100684764,false,במבה יום הולדת על סרט אסם 25 ג',"אסם השקעות בע""מ",IL,במבה יום הולדת סרט6,,25.00,100 גרם,false,,2.50,0.1000,true,1,18831
7290100685068,false,פודינג וניל עם פצפוצי שוקולד 110 ג' אסם,אסם תעשיות,IL,אסם פדנג.אינס.ונל.פצ,,110.00,100 גרם,false,,5.90,0.0536,true,1,18832
7290100685136,false,"מרק טעם עוף 1 ק""ג בשקית","אסם השקעות בע""מ",IL,מרק בטעם עוף אסם 1 ק,קילוגרמים,1.00,"ק""ג",false,,11.90,11.9000,true,1,18833
7290100685242,false,במבה מתוקה תות אדום סרט 30ג',"אסם השקעות בע""מ",IL,במבה מתוקה מחומרים ט,,30.00,100 גרם,false,,2.90,0.0967,true,1,18834
7290100685341,false,מרק תיבול טעם עוף זך רכיבים טיבעיים 400,"אסם השקעות בע""מ",IL,מרק זך טעם עוף רכיבי,,400.00,100 גרם,false,,13.90,0.0348,true,1,18836
7290100686164,false,מארז מולטיפק ביסלי ברביקיו 6 יח 35 גר יח,מיוצר עי קונדיטוריית,IL,ביסלי ברביקיו מאח.8,,210.00,100 גרם,false,,12.90,0.0614,true,1,18843
7290100686171,false,מארז מולטיפק ביסלי גריל 6 יח 35 גר ליח,אסם תעשיות,IL,ביסלי גריל מאח.8 6*3,,210.00,100 גרם,false,,12.90,0.0614,true,1,18844
7290100687109,false,במבה במילוי קרם נוגט 60ג' אסם,"אסם השקעות בע""מ",IL,במבה במילוי קרם נוגט,,60.00,100 גרם,false,,4.50,0.0750,true,1,18847
7290100689301,false,אבקת מרק עוף זך עדיף אסם 400 גר',"אסם השקעות בע""מ",IL,מרק בטעם עוף זך אסם,,400.00,100 גרם,false,,13.90,0.0348,true,1,18854
7290100700006,false,"סוגת חיטה 1 ק""ג","סוגת תעשיות בע""מ",IL,"סוגת חיטה 1 ק""ג",קילוגרמים,1.00,"ק""ג",false,,8.90,8.9000,true,1,17348
7290100700020,false,סוגת גריסי פנינה 500גרם,האי נאם סי או אל.טי.,IL,סוגת גריסי פנינה 500,,500.00,100 גרם,false,,4.90,0.0098,true,1,17349
7290100700075,false,פירורי לחם מוזהבים 200 ג' סוגת,"סוגת תעשיות בע""מ",IL,פירורי לחם מוזהבים ש,,200.00,100 גרם,false,,3.90,0.0195,true,1,17350
7290100700273,false,קינואה סוגת 500 גרם,האי נאם סי או אל.טי.,IL,קינואה סוגת 500 גרם,,500.00,100 גרם,false,,12.90,0.0258,true,1,17353
7290100700310,false,"סוגת כוסמת סוגת 1ק""ג","סוגת תעשיות בע""מ",IL,כוסמת 1 ק'ג,קילוגרמים,1.00,"ק""ג",false,,14.90,14.9000,true,1,17355
7290100700334,false,קינואה לבנה סוגת 1,"סוגת תעשיות בע""מ",IL,סוגת קינואה 1קג,קילוגרמים,1.00,"ק""ג",false,,19.90,19.9000,true,1,17357
7290100700372,false,"סוגת אורז בסמטי מלא 1 ק""ג",האי נאם סי או אל.טי.,IL,אורז בסמטי מלא 1 ק'ג,קילוגרמים,1.00,"ק""ג",false,,10.00,10.0000,true,1,17359
7290100700396,false,"סוגת אורז יסמין קלאסי 1 ק""ג",האי נאם סי או אל.טי.,IL,סוגת אורז יסמין קלאס,קילוגרמים,1.00,"ק""ג",false,,11.90,11.9000,true,1,17361
7290100700402,false,"סוגת חומוס ענק 1 ק""ג",,,חומוס ענק 1 ק'ג,קילוגרמים,1.00,"ק""ג",false,,19.90,19.9000,true,1,17362
7290100700587,false,"בורגול ""סוגת"" 500 גרם",האי נאם סי או אל.טי.,IL,סוגת בורגול 500 גר,,500.00,100 גרם,false,,5.90,0.0118,true,1,17367
7290100701157,false,"אורז לסושי סוגת 1 ק""ג",סוגת תעשיות בעמ,IL,אורז סושי 1 קג,קילוגרמים,1.00,"ק""ג",false,,11.90,11.9000,true,1,17370
7290100701331,false,קמח רב תכליתי שטיבל קמח חיטה לבן בהיר,"שטיבל בע""מ - טחנות ק",IL,קמח רב תכליתי סוגת,קילוגרמים,1.00,"ק""ג",false,,6.90,6.9000,true,1,17373
7290100701348,false,"קמח שיפון מלא 1 ק""ג סוגת",טחנות קמח שטיבל באר,IL,קמח שיפון מלא סוגת,קילוגרמים,1.00,"ק""ג",false,,6.90,6.9000,true,1,17374
7290100701409,false,קמח תירס סוגת 500 גר,,IL,קמח תירס סוגת 500 גר,,500.00,100 גרם,false,,6.90,0.0138,true,1,17377
7290100701454,false,סוגת גרישה 500 גרם,"סוגת תעשיות בע""מ",IL,גרישה 500 גרם,,500.00,100 גרם,false,,5.90,0.0118,true,1,17379
7290100701577,false,קמח לחם קמח חיטה לבן שטיבל,שטיבל טחנות קמח,IL,קמח לחם מועשר בויטמי,קילוגרמים,1.00,"ק""ג",false,,6.90,6.9000,true,1,17380
7290100701874,false,"קמח כוסמין 1 ק""ג סוגת",טחנות קמח שטיבל באר,IL,"קמח כוסמין סוגת 1 ק""",קילוגרמים,1.00,"ק""ג",false,,12.90,12.9000,true,1,17384
7290100701881,false,קמח פיצה ופוקצ'ה- קמח חיטה לבן בהיר שטיבל,"שטיבל בע""מ - טחנת קמ",IL,קמח פיצה ופוקצה סוגת,קילוגרמים,1.00,"ק""ג",false,,6.90,6.9000,true,1,17385
7290100702260,false,קוסקוס דק סוגת 350 גר',"אסיף תעשיות מזון בע""",IL,קוסקוס דק סוגת 350 ג,,350.00,100 גרם,false,,4.80,0.0137,true,1,17390
7290100702277,false,קוסקוס עבה סוגת 350 גר',"אסיף תעשיות מזון בע""",IL,קוסקוס עבה סוגת 350,,350.00,100 גרם,false,,4.80,0.0137,true,1,17391
7290100702284,false,קוסקוס מלא סוגת 350 גרם,סוגת,IL,קוסקוס מלא סוגת 350,,350.00,100 גרם,false,,4.80,0.0137,true,1,17392
7290100702383,false,"קמח תופח סוגת 1 ק""ג",שטיבל טחנות קמח,IL,"קמח תופח סוגת 1 ק""ג",קילוגרמים,1.00,"ק""ג",false,,6.90,6.9000,true,1,17395
7290100702611,false,פתיתים אפויים אורז 500 גרם סוגת,"אסיף תעשיות מזון בע""",IL,פתיתים אפויים אורז ס,,500.00,100 גרם,false,,4.90,0.0098,true,1,17404
7290100702628,false,פתיתים אפויים קוסקוס 500 גרם סוגת,"אסיף תעשיות מזון בע""",IL,פתיתים אפויים קוסקוס,,500.00,100 גרם,false,,4.90,0.0098,true,1,17405
7290100702635,false,פתיתים אפויים כוכבים סוגת 500 ג',"אסיף תעשיות מזון בע""",IL,פתיתים אפויים כוכבים,,500.00,100 גרם,false,,4.90,0.0098,true,1,17406
7290100702741,false,"סוכר חום בהיר בצנצנת 1 ק""ג סוגת",סוגת,IL,סוכר חום בהיר בצנצנת,קילוגרמים,1.00,"ק""ג",false,,12.90,12.9000,true,1,17415
7290100702987,false,פתיתי שיבולת שועל דק סוגת 500ג',סוגת תעשיות,,פתיתי שיבולת שועל סו,,500.00,100 גרם,false,,5.90,0.0118,true,1,17432
7290100702994,false,סוגת סוכר דמררה קלאסי בשקית 500 גרם,"סוגת תעשיות בע""מ",IL,סוכר דמררה בשקית סוג,,500.00,100 ליטר,false,,6.90,0.0138,true,1,17433
7290100703564,false,פתיתי שיבולת שועל עבה סוגת 500 ג',,,שיבולת שועל עבה סוגת,,500.00,100 גרם,false,,5.90,0.0118,true,1,17458
7290100703625,false,קמח חיטה לבן ללא צורך בניפוי,סוגת,,קמח לבן ללא ניפוי סו,קילוגרמים,1.00,"ק""ג",false,,7.90,7.9000,true,1,17461
7290100703649,false,"קמח מלא 80% חיטה ללא ניפוי סוגת 1ק""ג",סוגת,,קמח מלא חיטה 80% ללא,קילוגרמים,1.00,"ק""ג",false,,7.90,7.9000,true,1,17463
7290100703687,false,"קמח חלה ללא ניפוי 1 ק""ג סוגת",סוגת,,קמח חלה ללא ניפוי סו,קילוגרמים,1.00,"ק""ג",false,,7.90,7.9000,true,1,17466
7290100703861,false,"תערובת קמח קסם לחלה סוגת 1 ק""ג","שטיבל בע""מ",IL,קמח תערובת קסם לחלה,קילוגרמים,1.00,"ק""ג",false,,7.90,7.9000,true,1,17469
7290100703915,false,פופקורן להכנה במיקרוגל בטעם חמאה - מארז 6 שקיות,סוגת,IL,מארז פופקורן למיקרוג,,540.00,100 גרם,false,,9.90,0.0183,true,1,17473
7290100703922,false,פופקורן להכנה במיקרוגל בטעם טבעי - מארז 6 שקיות,סוגת,IL,מארז פופקורן למיקרוג,,540.00,100 גרם,false,,9.90,0.0183,true,1,17474
7290100704578,false,קמח כוסמין לבן סוגת,טחנת קמח דגן-שטיבל,IL,קמח כוסמין לבן סוגת,קילוגרמים,1.00,"ק""ג",false,,12.90,12.9000,true,1,140742
7290100704615,false,סוכר לבן דק דק בצנצנת 500 גרם,סוגת,IL,סוכר לבן דק דק בצנצנ,,500.00,100 גרם,false,,7.90,0.0158,true,1,208430
7290100704622,false,סוכר דמררה דק דק בצנצנת 500 גרם,סוגת,IL,סוכר דמררה דק דק בצנ,,500.00,100 גרם,false,,7.90,0.0158,true,1,208431
7290100704684,false,"קמח שמרים כוסמין סוגת רב תכליתי 1 ק""ג סוגת",סוגת,IL,קמח שמרים כוסמין רב,קילוגרמים,1.00,"ק""ג",false,,19.90,19.9000,true,1,266253
7290100850909,false,דוריטוס נאצו מקסיקני 70 גרם,שטראוס פריטו ליי (מל,IL,דוריטוס נאצו מקסיקני,,70.00,100 גרם,false,,3.90,0.0557,true,1,24180
7290100850916,false,דוריטוס חמוץ חריף 70 גרם,"שטראוס פריטו ליי בע""",IL,דוריטוס חמוץ חריף 70,,70.00,100 גרם,false,,3.90,0.0557,true,1,24181
7290100850923,false,דוריטוס גריל 70 גרם,שטראוס פריטו ליי (מל,IL,דוריטוס גריל 70 גרם,,70.00,100 גרם,false,,3.90,0.0557,true,1,24182
7290100850930,false,דוריטוס טבעי 70 גרם,שטראוס פריטו ליי (מל,IL,דוריטוס טבעי 70 גרם,,70.00,100 גרם,false,,3.90,0.0557,true,1,24183
7290100858592,false,אבקת קקאו עלית שקית 150 ג',הנסיך- מפעל לייצור ט,IL,עלית קקאו 150ג,,150.00,100 גרם,false,,9.90,0.0660,true,1,22366
7290100858608,false,אבקת קקאו עלית שקית 500 ג',שטראוס גרופ,IL,עלית קקאו 500ג,,500.00,100 גרם,false,,23.90,0.0478,true,1,22367
7290100924457,false,כדוריות סבון נתלה לאסלה לימון רענן - 3 יח',הנקל סוד,HU,סוד סבון 4 כדוריות ל,,150.00,100 גרם,false,,16.90,0.1127,true,1,34968
7290100925676,false,קולור קאצ'ר- לוכד צבעים בכביסה 20 יח',הנקל סוד,IE,קולור קאצ'ר 20 דפים,יחידה,0.00,יחידה,false,,22.90,0.0000,true,1,35017
7290101110811,false,גלידל שלגון בטעם וניל מצופה סורבה פסיפלורה - 8 יח',הגלידות של פלדמן,IL,גלידל מאגדת בטעם פסי,,600.00,100 גרם,false,,31.90,0.0532,true,1,36070
7290101113584,false,טילון שוקולד לבן עם ליבת שוקולד - מאגדת יולו [5],הגלידות של פלדמן,IL,מאגדת טילון YOLO בט,,400.00,100 גרם,false,,24.90,0.0622,true,1,143606
7290101113591,false,טילוני יולו גלידת שוקולד לבן עם שברי עוגיות,הגלידות של פלדמן,IL,מאגדת טילון YOLO בט,,400.00,100 גרם,false,,24.90,0.0622,true,1,143593
7290101113638,false,גלידת סנקור XL בטעם שוקו וניל עם ביסקוויטים 8 יח',גלידות פלדמן,,מאגדת סנקור ארוך 8 י,,560.00,100 גרם,false,,31.90,0.0570,true,1,143619
7290101113751,false,מאגדת שלגון קרמל ושוקולד בלונדי רביעיה * 50 ג' יולו,הגלידות של פלדמן,IL,מאגדת רביעייה שלגון,,200.00,100 גרם,false,,19.90,0.0995,true,1,253797
7290101113812,false,מאגדת גלידה יופלה יוגורט וסורבה אננס 5 י,הגלידות של פלדמן,IL,מאגדת שלגוני יופלה א,,350.00,100 גרם,false,,21.90,0.0626,true,1,298563
7290101453888,false,נר מספר - 1,סודי,CN,נר מספר 1,יחידה,0.00,יחידה,false,,4.50,0.0000,true,1,32284
7290101459880,false,נרות אותיות- יום הול,,,נרות אותיות- יום הול,יחידה,0.00,יחידה,false,,9.90,0.0000,true,1,32486
7290101486688,false,חטיף פרי אנרגיה דגנים עם שוקולד חמישייה,טבעית מוצרים מן הטבע,IL,פרי חטיפי בריאות מאר,,100.00,100 גרם,false,,16.90,0.1690,true,1,21573
7290101488316,false,ליידי ספיד סטיק - דאודורנט סטיק לאישה ללא סימן ורוד סטיק 65 גרם,ליידי ספיד סטיק Lady Speed Stick,US,דאו' ללא סימן ורוד ל,,65.00,"100 מ""ל",false,,19.30,0.2969,true,1,21579
7290101551027,false,קפסולות קפה אספרסו חזק במיוחד 14 עלית 10 יח',הנסיך- מפעל לייצור ט,IL,קפסולות אספרסו 14 למ,,50.00,100 גרם,false,,16.90,0.3380,true,1,22374
7290101551263,false,סילאן טבעי ללא תוספת סוכר,מכוורת יד מרדכי,IL,סילאן טבעי יד מרדכי,,700.00,100 גרם,false,,20.90,0.0299,true,1,22376
7290101551300,false,סילאן טבעי ללא תוספת סוכר בקבוק לחיץ,מכוורת יד מרדכי,IL,סילאן טבעי לחיץ יד מ,,380.00,100 גרם,false,,14.60,0.0384,true,1,22377
7290101551539,false,יוגורט PRO בטעם אפרסק 0% 20 גרם חלבון בגביע,דנונה - שטראוס,IL,דנונה פרו 20 אפרסק 2,,200.00,100 גרם,false,,6.20,0.0310,true,1,23398
7290101551577,false,קוואקר שיבות שועל פחית מארז 2*500 גר',FRITO-LAY TRADING CO,GB,זוג קוואקר פחית שיבו,קילוגרמים,1.00,"ק""ג",false,,19.90,19.9000,true,1,24187
7290101551584,false,תפוצ'יפס קידס מארז 10 יח' * 20 ג',"שטראוס פריטו ליי בע""",IL,מארז תפוצ'יפס קידס 1,,200.00,100 גרם,false,,14.10,0.0705,true,1,24188
7290101551614,false,חטיף צ'יטוס קראנץ בטעם גבינה - מארז 8 יח',שטראוס פריטו ליי (מל,IL,מארז צ'יטוס קראנצ' ג,,240.00,100 גרם,false,,15.20,0.0633,true,1,24190
7290101551638,false,חטיף צ'יטוס כאפה בטעם קטשופ - מארז 10 יח',"שטראוס פריטו ליי בע""",IL,מארז צ'יטוס כאפה 10*,,200.00,100 גרם,false,,14.10,0.0705,true,1,24192
7290101551645,false,מארז ציטוס טעם פיצה איקס עיגול 10* 20 גר,שטראוס פריטו ליי (מל,IL,מארז צ'יטוס איקס עיג,,200.00,100 גרם,false,,14.10,0.0705,true,1,24193
7290101863410,false,"סיליט ניקוי עוצמתי מכיל אקונומיקה 750 מ""ל",סיליט באנג Cillit Bang,PL,סיליט באנג ספריי אקו,,750.00,"100 מ""ל",false,,14.90,0.0199,true,1,20903
7290101866633,false,וניש קליה ג'ל מסיר כתמים 3 ליטר,קליה וניש Kalia Vanish,IL,וניש קליה ג'ל 3 ליטר,ליטרים,3.00,ליטר,false,,29.90,9.9667,true,1,20920
7290101866787,false,מסיר כתמים ומלבין לכביסה לבנה 3 ל וניש קליה,קליה וניש Kalia Vanish,IL,וניש נוזל מסיר כתמים,ליטרים,3.00,ליטר,false,,29.90,9.9667,true,1,20923
7290101868460,false,"אבקת כביסה 101 8 ק""ג קולון",רקיט בנקיזר,IL,אבקת כביסה קולון 101,קילוגרמים,8.00,"ק""ג",false,,54.90,6.8625,true,1,20942
7290101869825,false,מילוי למכשיר מבשם אויר חשמלי אואזיס,איירוויק Air Wick,HU,איירוויק מילוי מבשם,,19.00,"100 מ""ל",false,,16.90,0.8895,true,1,20967
7290101999720,false,נרות מטה לבבות פו,,,נרות מטה לבבות פו,יחידה,0.00,יחידה,false,,7.50,0.0000,true,1,32820
7290102030330,false,תפוציפס קראנצ מקסיקני 200 גרם,"שטראוס פריטו ליי בע""",IL,תפוצ'יפס קראנץ מקסיק,,200.00,100 גרם,false,,10.90,0.0545,true,1,24201
7290102031276,false,מארז 8 יחידות אקטימל משקה יוגורט בטעם תות בננה,מיוצר עי קונדיטוריית,IL,אקטימל תות בננה 8*10,,800.00,"100 מ""ל",false,,19.90,0.0249,true,1,23419
7290102032334,false,אבקה להכנת משקה קפה בטעם וניל,שטראוס,IL,קפה נמס עלית בטעם ונ,,200.00,100 גרם,false,,19.90,0.0995,true,1,22380
7290102302864,false,גבינה הולנדית עם פסטו ירוק 34%,הנרי ויליך Henri Willig,NL,גבינה הולנדית חצי קש,,200.00,100 גרם,false,,29.90,0.1495,true,1,275022
7290102303977,false,גוש טונה בשמן זית רוברט 140 גרם,Ramirez,PT,טונה בשמן זית רוברט,,120.00,100 גרם,false,,12.90,0.1075,true,1,310497
7290102390427,false,יוגורט ביו עם קציפת תות 3% שומן 150 ג' מולר,מולר Muller,IL,מולר פרופ תות 3% 150,,150.00,100 גרם,false,,5.10,0.0340,true,1,6444
7290102390465,false,יוגורט ביו עם קציפת אפרסק ופסיפלורה 3% שומן 150 ג' מולר,מולר Muller,IL,מולר פרופ אפרסק פסיפ,,150.00,100 גרם,false,,5.10,0.0340,true,1,6445
7290102390489,false,יוגורט ביו עם קציפת לימון 3% שומן 150 ג' מולר,מולר Muller,IL,מולר פרופ לימון 3% 1,,150.00,100 גרם,false,,5.10,0.0340,true,1,6447
7290102391844,false,יוגורט ביו עם קציפת פירות יער3% שומן 150 ג' מולר,מולר Muller,IL,מולר פרופ לבן+קציפת,,150.00,100 גרם,false,,5.10,0.0340,true,1,6454
7290102393169,false,סימפלי פרוט יוגורט תות 3% שומן 150 ג' מולר,מולר Muller,IL,מולר סימפלי פרוט תות,,150.00,100 גרם,false,,5.10,0.0340,true,1,6480
7290102393268,false,**טרה גבינה לבנה אריזת חיסכון 5% 750ג,טרה,IL,טרה גבינה לבנה אריזת,,750.00,100 גרם,false,,14.90,0.0199,true,1,6483
7290102393299,false,יוגורט עיזים לשתייה 3% שומן 500 ג' צוריאל,מיוצר עי קוד יצרן HG,IL,צוריאל יוגורט עיזים,,500.00,"100 מ""ל",false,,12.50,0.0250,true,1,6484
7290102393855,false,"משק צוריאל יוגורט עיזים אפרסק 3% 140 מ""ל",מחלבת משק צוריאל,IL,צוריאל יוגורט עיזים,,150.00,"100 מ""ל",false,,6.40,0.0427,true,1,6489
7290102394081,false,מולר מיקס יוגורט קרמי עם קורנפלקס מצופה שוקולד,מילקו תעשייה בעמ,IL,מולר מיקס קורנפקלס מ,,170.00,100 גרם,false,,6.20,0.0365,true,1,6492
7290102394463,false,נעם גבינה צהובה וואקום 28% 500 גרם,טרה,IL,נעם גבינה צהובה וואק,,500.00,100 גרם,false,,25.90,0.0518,true,1,6501
7290102394821,false,"נעם גבינה צהובה דק דק פ""ח 28% 200 גר",מילקו תעשיות בעמ,IL,נעם גבינה צהובה דק ד,,200.00,100 גרם,false,,16.90,0.0845,true,1,6505
7290102394845,false,פרוסות גבינת נעם מופחתת שומן 9%,מילקו תעשיות בעמ,IL,נעם גבינה צהובה דק ד,,200.00,100 גרם,false,,17.80,0.0890,true,1,6506
7290102395101,false,ממרח גבינה ושוקולד שוקי 200 גר,מילקו תעשיות בעמ,IL,מוו ממרח גבינה ושוקו,,200.00,100 גרם,false,,11.90,0.0595,true,1,6509
7290102395217,false,מאגדת שמיניה מולר במתיקות מעודנת 1.2% 8*150 ג',מולר Muller,IL,מולר ביאנקו במתיקות,קילוגרמים,1.20,"ק""ג",false,,19.50,16.2500,true,1,6513
7290102395231,false,מולר נטורל 2.8% ביאנקו מאגדת 8 יח' * 150 ג',מולר Muller,IL,מולר נטורל 2.8% 8*15,קילוגרמים,1.20,"ק""ג",false,,16.50,13.7500,true,1,6515
7290102395262,false,מארז 8 גביעים יוגורט בטעם תות שדה ואפרסק 3% Simply Fruit,מולר Muller,IL,מולר תות שדה ואפרסק,קילוגרמים,1.20,"ק""ג",false,,31.90,26.5833,true,1,6516
7290102395347,false,יוגורט 6% שומן 3 ל' טרה,טרה,IL,טרה יוגורט 6% כד 3 ק,קילוגרמים,3.00,"ק""ג",false,,29.90,9.9667,true,1,6517
7290102395378,false,גבינה צהובה נועם 28% וואקום פרוס 360ג',טרה,IL,נעם גבינה צהובה ואקו,,360.00,100 גרם,false,,20.90,0.0581,true,1,6518
7290102395439,false,מארז 8 גביעים יוגורט בטעם פירות יער וקיווי 3% Simply Fruit,מילקו תעשיות בעמ,IL,מולר סימפלי פירות יע,קילוגרמים,1.20,"ק""ג",false,,31.90,26.5833,true,1,6520
7290102395477,false,מעדן חלב בטעם שוקולד עם קצפת 123 ג' טרה,טרה,IL,מוו שוקולד קצפת 123מ,,123.00,"100 מ""ל",false,,3.10,0.0252,true,1,6524
7290102396399,false,מארז 8 יחידות מעדן חלב בטעם שוקולד 1.5%,טרה,IL,מוו מעדן שוקולד 100*,,800.00,100 גרם,false,,12.90,0.0161,true,1,6542
7290102396405,false,מארז 8 יחידות מעדן חלב בטעם וניל 1.5%,טרה,IL,מוו מעדן וניל 100*8,,800.00,100 גרם,false,,12.90,0.0161,true,1,6543
7290102396436,false,מעדן שוקולד 1.5% שומן 125 ג' טרה,טרה,IL,מוו מעדן שוקולד 1.5%,,125.00,100 גרם,false,,2.90,0.0232,true,1,6546
7290102396443,false,מעדן וניל 1.5% שומן 125 ג' טרה,טרה,IL,מוו מעדן וניל 1.5% 1,,125.00,100 גרם,false,,2.90,0.0232,true,1,6547
7290102396580,false,מעדן שוקולד ומוס שוקולד 123 ג' טרה,טרה,IL,מוו מעדן שוקולד ומוס,,118.00,100 גרם,false,,3.10,0.0263,true,1,6551
7290102396597,false,מעדן מוו וניל ומוס שוקולד 123 גר,טרה,IL,מוו מעדן וניל ומוס ש,,118.00,100 גרם,false,,3.10,0.0263,true,1,6552
7290102396665,false,פרוסות גבינת נעם מופחתת שומן 15%,מילקו תעשיות בעמ,IL,גבנ`צ דקדק פתח סגור,,200.00,100 גרם,false,,16.90,0.0845,true,1,6555
7290102396672,false,זבינה צהובה נעם דק דק 9% 360 גר,טרה,IL,נעם צהובה דק דק 9% 3,,360.00,100 גרם,false,,27.90,0.0775,true,1,6556
7290102396740,false,מארז 8 גביעים יוגורט בטעם תות שדה ואפרסק 0% Simply Fruit,מילקו תעשיות בעמ,IL,מולר סימפלי פרוט 0%,קילוגרמים,1.20,"ק""ג",false,,31.90,26.5833,true,1,6561
7290102397204,false,פרוסות גבינה 22% שומן 200 ג' נעם,מילקו תעשיות בעמ,IL,נעם צהובה דק דק 22%,,200.00,100 גרם,false,,16.90,0.0845,true,1,6582
7290102397310,false,מעדן מיני בטעם שוקולד קצפת מוו מאגדת 8 יח' * 70 ג',מילקו,IL,מאגדת שמינייה מיני מ,,944.00,"100 מ""ל",false,,12.50,0.0132,true,1,6586
7290102397464,false,יוגורט ביו בתוספת גרעינים אגוזים וחמוציות 170 ג' מולר,מולר Muller,IL,מולר יוגורט נטורל +,,150.00,100 גרם,false,,6.20,0.0413,true,1,6597
7290102397600,false,מיקס יוגורט בתוספת שקדים ובוטנים מקורמלים 170 ג' מולר,מילקו תעשייה בעמ,IL,מולר מיקס שקדים ובוט,,168.00,100 גרם,false,,6.20,0.0369,true,1,6607
7290102397617,false,יוגורט ביו קרמי עם כדורים מצופים שוקולד חום לבן,מולר Muller,IL,מולר מיקס קליק 168 ג,,168.00,100 גרם,false,,6.20,0.0369,true,1,6608
7290102397730,false,פרוסות גבינה אמנטל חצי קשה 30% שומן 200 ג' נעם,טרה,IL,גבינת אמנטל נעם פתיח,,200.00,100 גרם,false,,17.50,0.0875,true,1,6616
7290102397747,false,פרוסות גבינת מוצרלה נעם מחלב בקר 22%,טרה,IL,מוצרלה נעם רכיבים ט,,200.00,100 גרם,false,,19.90,0.0995,true,1,6617
7290102398065,false,**חלב בקרטון 2 ליטר 3% מהדרין - טרה,טרה,IL,טרה חלב קרטון 3% מהד,יחידה,0.00,יחידה,false,,12.46,0.0000,true,1,6633
7290102398072,false,**חלב בקרטון 1 ליטר 3% מהדרין,טרה,IL,טרה חלב בקרטון 3% 1ל,ליטרים,1.00,ליטר,false,,6.23,6.2300,true,1,6634
7290102398553,false,משקה חלב בטעם שוקו 2% XL אריזה משפחתית,מילקו תעשיות בעמ,IL,שוקו טרה בבקבוק 1.5,ליטרים,1.50,ליטר,false,,16.90,11.2667,true,1,6666
7290102398560,false,שוקו מעושר בבקבוק 1ל' טרה,מילקו תעשיות בעמ,IL,שוקו טרה מועשר בבקבו,ליטרים,1.00,ליטר,false,,11.90,11.9000,true,1,6667
7290102398577,false,משקה חלב בטעם שוקו 2% בבקבוק אישי,מילקו תעשיות בעמ,IL,שוקו טרה מועשר בבקבו,,250.00,"100 מ""ל",false,,5.80,0.0232,true,1,6668
7290102398614,false,משקה חלב בטעם בננה 1 ליטר טרה,מילקו תעשיות בעמ,IL,משקה חלב בטעם בננה 1,ליטרים,1.00,ליטר,false,,11.90,11.9000,true,1,6669
7290102398638,false,משקה חלב בטעם מוקה 1 ליטר טרה,מילקו תעשיות בעמ,IL,משקה חלב בטעם מוקה 1,ליטרים,1.00,ליטר,false,,11.90,11.9000,true,1,6670
7290102398782,false,משקה סויה קלאסי משק צוריאל 1 ליטר,משק צוריאל,IT,משקה סויה קלאסי משק,ליטרים,1.00,ליטר,false,,9.90,9.9000,true,1,6676
7290102398836,false,משקה שקדים קלאסי משק צוריאל 1 ליטר,משק צוריאל,IT,משקה שקדים קלאסי משק,ליטרים,1.00,ליטר,false,,9.90,9.9000,true,1,6680
7290102399048,false,פרוסות גבינת קשקבל נעם 200 ג' טרה,מילקו,IL,קשקבל נעם פתיחה חוזר,,200.00,100 גרם,false,,23.00,0.1150,true,1,6687
7290102399635,false,"מולר פרופ יוגורט ביו עם קציפת קוקוס ואננס 150 מ""ל",מולר Muller,IL,מעדן מולר פרופ קוקוס,,150.00,100 גרם,false,,5.10,0.0340,true,1,82220
7290102399796,false,מעדן יוגורט לבן מועשר בחלבון 200 ג' מולר אקטיב,מולר Muller,IL,יוגורט חלבון לבן 250,,200.00,100 גרם,false,,6.20,0.0310,true,1,75445
7290102399857,false,"יוגורט אקטיב עם תות 0% , 20 גרם חלבון בגביע",מולר Muller,IL,יוגורט מולר אקטיב לי,,150.00,100 גרם,false,,6.20,0.0413,true,1,88674
7290102840175,false,"פודינג 85 גרם ""מיה"" וניל 85 גרם","מיה תעשיות מזון בע""מ",IL,פודינג וניל 85 גר מי,,85.00,100 גרם,false,,3.80,0.0447,true,1,15283
7290102840182,false,"פודינג שוקולד 85גרם בד""ץ",,,פודינג שוקולד 85 ג,,85.00,100 גרם,false,,3.80,0.0447,true,1,15284
7290102840205,false,ג'לי תות 85 גר מיה,"מיה תעשיות מזון בע""מ",IL,גלי תות 85 גר מיה,,90.00,100 גרם,false,,3.90,0.0433,true,1,15286
7290103124588,false,"פלמוליב סבון נוזלי סגול משאבה 750 מ""ל",הנסיך- מפעל לייצור ט,TR,תחליב רחצה ארומה סגו,,750.00,"100 מ""ל",false,,19.90,0.0265,true,1,21599
7290103400194,false,"כרוב לבן 400 גר בד""צ ירקות שטראוס","טרופיקל דגיל בע""מ אז",IL,כרוב לבן 400 ג בדצ י,,400.00,100 גרם,false,,9.30,0.0233,true,1,23422
7290103401429,false,קפה קצב ברזילאי אוריגינס 200 גר,הנסיך- מפעל לייצור ט,IL,קפה אוריגינס קצב ברז,,200.00,100 גרם,false,,24.90,0.1245,true,1,22394
7290103404758,false,כרוב אדום במיונז אחל,מיוצר עי קונדיטוריית,IL,אחלה כרוב אדום 120ג,,120.00,100 גרם,false,,5.50,0.0458,true,1,23427
7290103408206,false,עלי חסה בקופסא 250 גרם ירקות שטראוס,שטראוס בריאות ירקות,IL,עלי חסה ערבית שטופים,,250.00,100 גרם,false,,10.50,0.0420,true,1,23430
7290103681180,false,"יין הר מרלו מיתוג תנשמת 750 מ""ל",מיוצר על ידי יקב תבו,IL,"הר תבור מרלו 750 מ""ל",,750.00,"100 מ""ל",false,,33.90,0.0452,true,1,6746
7290103700195,false,שאפו רדיד אלומיניום צר 30*7.5 2יח',"שניב תעשיות נייר בע""",,טאצ רדיד אלומיניום ק,,15.00,מטר,false,,11.90,0.7933,true,1,24458
7290103700225,false,רדיד אלומניום רוחב 45 עובי 14 מיקרון,,,טאצ רדיד אלומיניום ר,יחידה,0.00,יחידה,false,,16.90,0.0000,true,1,24459
7290103700386,false,טאצ כריות יפניות מארז שישיה,"שניב תעשיות נייר בע""",IL,טאצ' כריות יפניות 6י,יחידה,0.00,יחידה,false,,9.90,0.0000,true,1,24461
7290103700393,false,טאצ' כריות יפניות עבות עם תעלות 4 יח',"שניב תעשיות נייר בע""",IL,טאצ' כריות יפניות עב,יחידה,0.00,יחידה,false,,8.90,0.0000,true,1,24462
7290103700997,false,נייר טואלט לובלי 40 גלילים,,IL,לאבלי נייר טואלט 40,,716.00,מטר,false,,38.90,0.0543,true,1,24466
7290103701093,false,טאצ' מטליות מיקרופייבר לרצפה 2 יח',"שניב תעשיות נייר בע""",,טאצ מטליות מקרופייבר,יחידה,0.00,יחידה,false,,13.90,0.0000,true,1,24470
7290103701130,false,טאצ' מטליות מיקרופייבר לניקוי כללי 7 יח',,,טאצ מטליות מקרופייבר,יחידה,0.00,יחידה,false,,13.90,0.0000,true,1,24471
7290103701147,false,טאצ רדיד אלומיניום 200 מטר,,,טאצ רדידי אלומיניום,,60.90,מטר,false,,35.90,0.5895,true,1,24472
7290103702229,false,טאצ מפות שולחן שמינייה עבות במיוחד,"שניב תעשיות נייר בע""",,טאצ מפות עבות במיוחד,יחידה,0.00,יחידה,false,,8.90,0.0000,true,1,24479
7290103702298,false,טאצ' אשפתון עבה בגליל 77*90 50 יח',"שניב תעשיות נייר בע""",,טאצ אשפתון בגליל 50,יחידה,0.00,יחידה,false,,15.90,0.0000,true,1,24484
7290103702304,false,טאצ אשפתון עבה במיוחד 35 יחידות,"שניב תעשיות נייר בע""",,טאצ אשפתון בגליל 35,יחידה,0.00,יחידה,false,,15.90,0.0000,true,1,24485
7290103702328,false,טאצ אשפתון עבה וחזק במיוחד 25 יחידות,"שניב תעשיות נייר בע""",,טאצ אשפתון בגליל 25,יחידה,0.00,יחידה,false,,15.90,0.0000,true,1,24487
7290103702540,false,נייר טואלט מהדרות כדור פורח 30 גלילים טאצ',טאץ' Touch,,נייר טואלט 30 יח' מ,יחידה,0.00,יחידה,false,,23.90,0.0000,true,1,66322
7290103702779,false,מפיות אירוח טאצ` 15,,,מפיות אירוח טאצ` 15,יחידה,0.00,יחידה,false,,8.90,0.0000,true,1,24495
7290103703240,false,טאצ' מטליות לחות לניקוי רצפות,,,טאצ' מטליות לחות לרי,,10.00,יח',false,,9.90,0.9900,true,1,24501
7290103703370,false,טאצ מגבוני טואלט לחים מארז שלישייה,,,טאצ' מגבוני נייר טוא,,3.00,יח',false,,14.90,4.9667,true,1,24502
7290103703578,false,לובלי נייר טואלט תלת,,,לובלי נייר טואלט תלת,יחידה,0.00,יחידה,false,,42.90,0.0000,true,1,24505
7290103704155,false,נייר מגבת טאצ' 6 גלילים מהדורת 2021,"שניב תעשיות נייר בע""",IL,מגבות נייר 6 גלילים,,63.00,מטר,false,,9.90,0.1571,true,1,167051
7290103704179,false,מגבת נייר למטבח טאצ' 8 יח',,,מגבות נייר 8 גלילים,,83.00,מטר,false,,13.90,0.1675,true,1,166138
7290103704193,false,מגבות טאצ 8 גליל כפול,,,מגבות טאצ' גליל כפול,יחידה,0.00,יחידה,false,,24.90,0.0000,true,1,233645
7290104061417,false,חומוס טחינה אחלה 400 ג',"שטראוס גרופ בע""מ",IL,אחלה חומוס טחינה 400,,400.00,100 ליטר,false,,9.90,0.0248,true,1,23432
7290104061431,false,חומוס אחלה עם צנובר 400 ג',"שטראוס גרופ בע""מ",IL,אחלה חומוס צנובר 400,,400.00,100 גרם,false,,10.90,0.0273,true,1,23434
7290104061448,false,חומוס עם חריף 400 ג' אחלה,מיוצר עי קונדיטוריית,IL,אחלה חומוס חריף 400ג,,400.00,100 ליטר,false,,10.90,0.0273,true,1,23435
7290104062599,false,מארז 8 יחידות מעדן גמדים בטעמי תות ובננה,שטראוס גרופ,IL,גמדים תות בננה 8*100,,800.00,"100 מ""ל",false,,19.80,0.0248,true,1,23436
7290104065934,false,עלי רוקט 150 גרם שטראוס,שטראוס בריאות ירקות,IL,שטראוס עלי רוקט 150ג,,150.00,100 גרם,false,,10.50,0.0700,true,1,23437
7290104066566,false,טחינה שומשום מלא אחלה 500 גר',מיוצר עי קונדיטוריית,IL,אחלה טחינה 500ג,,500.00,100 גרם,false,,14.50,0.0290,true,1,23439
7290104068539,false,גומי מאסט בטעם מלון ואבטיח 28 ג' עלית,"שטראוס גרופ בע""מ",IL,מאסט מלון ואבטיח 28ג,,28.00,100 גרם,false,,4.50,0.1607,true,1,22428
7290104068546,false,גומי מאסט בטעם לימון קולה ללא סוכר 28 ג' עלית,"שטראוס גרופ בע""מ",IL,מאסט קולה 28 גרם,,28.00,100 גרם,false,,4.50,0.1607,true,1,22429
7290104500572,false,אפרופו חטיף איטליאנו 50 ג' אסם,מיוצר עי קונדיטוריית,IL,אפרופו איטלקי 36*50ג,,50.00,100 גרם,false,,5.00,0.1000,true,1,18857
7290104501661,false,פודינג אינסטנט בטעם וניל צרפתי 80 גר,מיוצר עי קונדיטוריית,IL,אסם פודינג בטעם וניל,,80.00,100 גרם,false,,5.90,0.0738,true,1,18858
7290104508189,false,גביעי וופל ממותקים לגלידה 24 יח',בטר אנד דיפרנט,IL,גביעי גלידה ממותקים,,24.00,0 יח',false,,12.90,0.5375,true,1,18869
7290104508202,false,גביעי גלידה אמריקאים 24 יח' אסם 120 ג',"גילרו בע""מ",IL,גביעי גלידה אמריקאים,,120.00,100 גרם,false,,12.90,0.1075,true,1,18870
7290104508943,false,במבה אריזת חסכון 200 גרם,"אסם השקעות בע""מ",IL,במבה קלאסי 18*200 גר,,200.00,100 גרם,false,,8.90,0.0445,true,1,18872
7290104570131,false,"תמר מג'הול שחור 1ק""ג",,,"תמר מג'הול 1 ק""ג",קילוגרמים,1.00,"ק""ג",false,,17.90,17.9000,true,1,42940
7290104570162,false,תמרים כבוש ביסאן 500 ג',תמר העמקים בית שאן,IL,תמר כבוש 500 גרם,,500.00,100 גרם,false,,12.90,0.0258,true,1,42941
7290104721533,false,רצועות פלפלים קלויים אחלה 400 ג',מיוצר עי קונדיטוריית,IL,אחלה פלפלים קלויים 4,,400.00,100 גרם,false,,15.90,0.0398,true,1,23446
7290104721762,false,מארז קפה טורקי עלית 3*85 גר,שטראוס גרופ,IL,טורקי עלית 3*85 גר'.,,255.00,100 גרם,false,,18.90,0.0741,true,1,22433
7290104722530,false,תפוצ'יפס שמנת בצל 200 גרם,"שטראוס פריטו ליי בע""",IL,תפוציפס שמנת בצל 200,,200.00,100 גרם,false,,10.90,0.0545,true,1,24224
7290104726262,false,מארז 4 יחידות דני לשתייה בטעם שוקולד + קשים,מיוצר עי קונדיטוריית,IL,דני שוקולד לשתייה מא,,500.00,"100 מ""ל",false,,11.40,0.0228,true,1,23454
7290104726712,false,מארז 8 יחידות מעדן מילקי בטעם שוקולד עם קצפת,"שטראוס גרופ בע""מ",IL,מילקי שמינייה מארז 8,קילוגרמים,1.06,"ק""ג",false,,20.90,19.7170,true,1,23455
7290104728310,false,"שמנת עמידה לקצפת 38% שומן 250 מ""ל יוטבתה",שטראוס גרופ,IL,יטבתה שמנת עמידה לקצ,,250.00,"100 מ""ל",false,,6.47,0.0259,true,1,23460
7290104960239,false,"תחליב רחצה נקה 7 ארומה לבן 750 מ""ל","אמיליה קוסמטיקס בע""מ",IL,תחליב רחצה קמומיל נק,,750.00,"100 מ""ל",false,,11.90,0.0159,true,1,30466
7290104960246,false,"נקה 7 - תחליב רחצה ורד ויסמין 750 מ""ל","אמיליה קוסמטיקס בע""מ",IL,תחליב רחצה ורד ויסמי,,750.00,"100 מ""ל",false,,11.90,0.0159,true,1,30467
7290104960338,false,"נקה 7 תחליב רחצה ארומה אלוורה ותה ירוק 750מ""ל","אמיליה קוסמטיקס בע""מ",IL,תחליב רחצה אלוורה ות,,750.00,"100 מ""ל",false,,11.90,0.0159,true,1,30469
7290104960970,false,דאודורנט ספריי טיטניום מטאל Titanium Metal,אמיליה קוסמטיקס בעמ,IL,דאו' ספריי מטאל טיטנ,,180.00,"100 מ""ל",false,,15.90,0.0883,true,1,30475
7290104961250,false,"נקה 7 תחליב רחצה מגע קטיפה וניל מאסק 750 מ""ל","אמיליה קוסמטיקס בע""מ",IL,תחליב רחצה וניל מאסק,,750.00,"100 מ""ל",false,,11.90,0.0159,true,1,30480
7290104961526,false,דאודורנט ספריי גוף טיטניום קלאסיק Titanium Classic,"אמיליה קוסמטיקס בע""מ",IL,ספריי גוף קלאסיק טיט,,150.00,"100 מ""ל",false,,11.90,0.0793,true,1,30487
7290104961540,false,דאודורנט ספריי גוף טיטניום מטאל Titanium Metal,אמיליה קוסמטיקס,IL,טיטניום דאודורנט ספר,,150.00,"100 מ""ל",false,,11.90,0.0793,true,1,30489
7290104961878,false,"שמפו לשיער קרטין אינטנס פורמולה 400 מ""ל נטורל",נטורל פורמולה Natural Formula,IL,קרטין אינטנס שמפו נט,,400.00,"100 מ""ל",false,,30.90,0.0772,true,1,30491
7290104961885,false,מרכך קרטין טהור לשיער שעבר החלקה או עיצוב בחום,נטורל פורמולה Natural Formula,IL,מרכך קרטין אינטנס נט,,400.00,"100 מ""ל",false,,30.90,0.0772,true,1,30492
7290104961892,false,מסכת קרטין טהור לשיער שעבר החלקה או עיצוב בחום,נטורל פורמולה Natural Formula,IL,מסכת קרטין אינטנס נט,,350.00,"100 מ""ל",false,,39.90,0.1140,true,1,30493
7290104962073,false,דאודורנט ספריי גוף טיטניום גולד Titanium Gold,"אמיליה קוסמטיקס בע""מ",IL,דאו' ספריי גולד טיטנ,,180.00,"100 מ""ל",false,,15.90,0.0883,true,1,30501
7290104962080,false,"טיטניום - דאודורנט ספריי לגבר גולד 150 מ""ל",משווק: קוסמופארם בעמ,IL,ספריי גוף גולד טיטני,,150.00,"100 מ""ל",false,,11.90,0.0793,true,1,30502
7290104964152,false,"טיטניום - אוורסט בושם לגבר א.ד.ט 100 מ""ל",,,טיטניום לגבר א.ד.ט 1,יחידה,0.00,יחידה,false,,79.90,0.0000,true,1,377806
7290104964350,false,אל סבון עשיר בלחות בניחוח פרחי מים - מארז 3 יח',נקה 7,IL,סבון נוזלי פרחי מים,ליטרים,1.50,ליטר,false,,19.90,13.2667,true,1,30551
7290105360250,false,קפסולות 09 עשיר וארומטי למכונת נספרסו עלית 10יח',הנסיך- מפעל לייצור ט,IL,עלית קפסולות מקיאטו,,50.00,100 גרם,false,,16.90,0.3380,true,1,22450
7290105360328,false,קפסולות אספרסו חזק למכונות נספרסו 10 יח',הנסיך- מפעל לייצור ט,IL,עלית קפסולות אספרסו,,50.00,100 גרם,false,,16.90,0.3380,true,1,22451
7290105360755,false,"שמן זית 3 חזק 750 מ""ל יד מרדכי",מכוורת יד מרדכי שטרא,IL,שמן זית 3 חזק כתית י,,750.00,"100 מ""ל",false,,33.90,0.0452,true,1,22455
7290105360762,false,"שמן זית 1 עדין 750 מ""ל יד מרדכי",מכוורת יד מרדכי שטרא,IL,שמן זית 1 עדין כתית,,750.00,"100 מ""ל",false,,33.90,0.0452,true,1,22456
7290105362339,false,"שמנת לבישול 15% 250 מ""ל יטבתה מהדרין",שטראוס גרופ,IL,יטבתה שמנת לבישול 15,,250.00,"100 מ""ל",false,,8.40,0.0336,true,1,23465
7290105363602,false,כיף כף - מקלות קלאסי 40 גרם,"איי, בי, אינבוו",TR,כיף כף מקלות קלאסי 4,,40.00,100 גרם,false,,5.20,0.1300,true,1,22461
7290105364289,false,כיף כף - מקלות פצפוצים 40 גרם,"איי, בי, אינבוו",TR,כיף כף מקלות פצפוצים,,40.00,100 גרם,false,,5.20,0.1300,true,1,22462
7290105364302,false,"עלית חטיף שוקולד כיף כף מקלות אגוזים, 40 גרם","איי, בי, אינבוו",TR,כיף כף מקלות אגוזים,,42.00,100 גרם,false,,5.20,0.1238,true,1,22463
7290105366023,false,חציל אחלה בטעם כבד 400 גר' אחלה,מיוצר עי קונדיטוריית,IL,אחלה חציל בטעם כבד 4,,400.00,100 גרם,false,,15.90,0.0398,true,1,23468
7290105366047,false,טחינה אחלה לבנה 400 גר',מיוצר עי קונדיטוריית,IL,אחלה טחינה לבנה 400ג,,400.00,100 גרם,false,,15.90,0.0398,true,1,23470
7290105366993,false,גבינה לבנה סימפוניה עם תוספות 200 ג' פלפל שיפקה,"שטראוס בריאות בע""מ",IL,סימפוניה פלפל שיפקה,,200.00,100 גרם,false,,11.50,0.0575,true,1,23475
7290105368225,false,חומוס עם פלפל שיפקה אחלה 400 ג',מיוצר עי קונדיטוריית,IL,אחלה חומוס פלפל שיפק,,400.00,100 גרם,false,,10.90,0.0273,true,1,23484
7290105368331,false,מעדן מילקי בטעם תות עם קצפת,מחלבת אחיהוד,IL,"מילקי תות 170 מ""ל",,170.00,"100 מ""ל",false,,3.00,0.0176,true,1,23486
7290105368904,false,"שמנת מתוקה להקצפה 32% שומן 250 מ""ל יוטבתה",שטראוס גרופ,IL,יטבתה שמנת עמידה לקצ,,250.00,"100 מ""ל",false,,7.90,0.0316,true,1,23495
7290105368928,false,"שמנת 9% שומן 200 מ""ל יוטבתה",שטראוס גרופ,IL,יטבתה שמנת 9% 200מל,,200.00,"100 מ""ל",false,,3.10,0.0155,true,1,23496
7290105369130,false,סימפוניה גבינה במרקם שמנת בצל ירוק 5%,"שטראוס בריאות בע""מ",IL,סימפוניה שטראוס בצל,,200.00,100 ליטר,false,,11.50,0.0575,true,1,23499
7290105431516,false,פרי חטיפי בריאות מארז 5 תמרים בוטנים,טבעית מוצרים מן הטבע,IL,פרי חטיפי תמרים ובוט,,125.00,100 גרם,false,,14.90,0.1192,true,1,21630
7290105434050,false,ספיד סטיק - דאודורנט סטיק לגבר XL ירוק רגיולר 85 גרם,ספיד סטיק Speed Stick,US,דאו' ירוק רגיולר ספי,,85.00,100 גרם,false,,13.90,0.1635,true,1,21644
7290105436382,false,חטיף מארז פרי אנרגיה תמרים עם קשיו 125,טבעית מוצרים מן הטבע,IL,פרי חטיפי בריאות תמר,,100.00,100 גרם,false,,16.90,0.1690,true,1,21649
7290105439505,false,מנה מאסטר שף קרם בטעם מיונז לייט 479 גר,רמיה סי.וי. הולנד,NL,מאסטר שף קרם בטעם מ,,479.00,100 גרם,false,,9.90,0.0207,true,1,21658
7290105439581,false,מנה מאסטר שף חרדל דיזיון צרפתי 370 גר,סאס קווינור,FR,מאסטר שף מאסטר שף חר,,370.00,"100 מ""ל",false,,9.90,0.0268,true,1,21659
7290105500151,false,וודקה פינלנדיה בקבוק,"אלטיה קורפ, הלסינקי,",FI,וודקה פינלנדיה 700 מ,,700.00,"100 מ""ל",false,,60.90,0.0870,true,1,13396
7290105691248,false,פריכונים חטיפי טורטיה תירס 60 ג' אוסם,"מיוצר ע""י PT, משווק",IL,חטיפי פריכונים טורטי,,60.00,100 גרם,false,,7.50,0.1250,true,1,18884
7290105693341,false,במבה מארז 10 יח' * 25 ג' אסם,"אסם השקעות בע""מ",IL,במבה מאח.15 10*25גרם,,250.00,100 ליטר,false,,14.90,0.0596,true,1,18898
7290105695024,false,אסם פתיתים אפויים אורז עם אטריות 500 גר,"אסם השקעות בע""מ",IL,פתיתים אפויים אורז ע,,500.00,100 גרם,false,,6.90,0.0138,true,1,18907
7290105695321,false,עוגת שוקולד בראוניז פאדג' 380 ג',מיוצר עי קונדיטוריית,IL,הבית עוגות בראוניס פ,,380.00,100 גרם,false,,15.90,0.0418,true,1,18910
7290105962331,false,זחוק אדום תימני מקורי חריף מאוד 220 גר,קריניסה ויטמין אס אי,IL,סחוג חריף מאוד זהבי,,220.00,100 גרם,false,,10.90,0.0495,true,1,23501
7290105964564,false,אחלה חומוס אחלה 400ג,מיוצר עי קונדיטוריית,IL,אחלה חומוס אחלה 400ג,,400.00,100 גרם,false,,8.20,0.0205,true,1,23506
7290105965738,false,יוגורט לשתיה בטעם תות בננה267 ג' דנונה,מיוצר עי קונדיטוריית,IL,דנונה משקה תות בננה,,267.00,100 גרם,false,,5.10,0.0191,true,1,23512
7290105966469,false,"חומץ בלסמי יד מרדכי 250מ""ל",אצטייה ג'וזפה קרמוני,IT,חומץ בלסמי יד מרדכי,,250.00,100 גרם,false,,13.90,0.0556,true,1,22495
7290105968098,false,סלט קולסלאו אחלה 500 ג',שטראוס גרופ סלטים,IL,אחלה קולסלאו 500ג,,500.00,100 גרם,false,,15.90,0.0318,true,1,23518
7290105968654,false,רביולי בטטה פרווה פסטה נונה 400 ג',מיוצר עי קונדיטוריית,IL,שטראוס רביולי בטטה 4,,400.00,100 ליטר,false,,16.90,0.0422,true,1,23519
7290105968777,false,פריכיות עם תחתית שוקולד מריר 70 ג' אנרגי,"טחנת האבן תעשיות בע""",IL,פריכיות תחתית שוקלד,,70.00,100 גרם,false,,8.30,0.1186,true,1,22500
7290106520066,false,רבע לשבע במילוי קרם אגוזים ובציפוי שוקולד חלב,הגביע מוצרי וופלים ב,IL,רבע לשבע 160 גרם,,160.00,100 גרם,false,,10.90,0.0681,true,1,22502
7290106520288,false,יוגורט פרו חלבון עם תות 2.4% שומן 150 ג' דנונה,"שטראוס בריאות בע""מ",IL,דנונה פרו תות 150 גר,,150.00,100 גרם,false,,5.10,0.0340,true,1,23521
7290106520912,false,"שמנת לבישול 9% 250 מ""ל יטבתה",שטראוס גרופ,IL,יטבתה שמנת לבישול 9%,,250.00,"100 מ""ל",false,,8.40,0.0336,true,1,23530
7290106521049,false,אחלה טעמי השוק קוביות סלק 400 גר,מיוצר עי קונדיטוריית,IL,אחלה קוביות סלק 400,,400.00,100 גרם,false,,15.90,0.0398,true,1,23532
7290106521926,false,שקית קפה טורקי 150 ג' עלית,שטראוס גרופ,IL,קפה טורקי עלית 150 ג,,150.00,100 גרם,false,,12.90,0.0860,true,1,22510
7290106524439,false,תפוצ'יפס טבעי פופס 60גר',"שטראוס פריטו ליי בע""",IL,תפוציפס פופס 60 גרם,,60.00,100 גרם,false,,3.90,0.0650,true,1,24243
7290106525405,false,קפסולות למכונת נספרסו נטול קפאין,שטראוס קפה בי.וי,IL,עלית קפסולות נטול למ,,50.00,100 גרם,false,,16.90,0.3380,true,1,22520
7290106526822,false,פריכיות אורז עם תחתית שוקולד חלב 80 ג' אנרגי,"טחנת האבן תעשיות בע""",IL,פריכיות עם תחתית שוק,,80.00,100 גרם,false,,8.30,0.1038,true,1,22527
7290106528567,false,חטיף דוריטוס גריל 185 גרם,שטראוס פריטו ליי (מל,IL,דוריטוס גריל 185 גר`,,185.00,100 גרם,false,,8.20,0.0443,true,1,24249
7290106528628,false,חטיף דוריטוס טבעי 185 גרם,"שטראוס פריטו ליי בע""",IL,דוריטוס טבעי 185 גר`,,185.00,100 גרם,false,,8.20,0.0443,true,1,24250
7290106528949,false,לקט לסלט ערוגות שטרא,שטראוס בריאות ירקות,IL,לקט ערוגות,,450.00,100 גרם,false,,12.10,0.0269,true,1,23539
7290106572027,false,אוסם - לחמית חמישה דגנים 190 גרם,"אסם השקעות בע""מ",IL,לחמית חמישה דגנים אס,,190.00,100 גרם,false,,7.90,0.0416,true,1,18930
7290106572959,false,מארז אפרופו חטיף תירס 5 יחידות,אסם תעשיות,IL,אפרופו קלאסי מאח.8 5,,75.00,100 גרם,false,,12.90,0.1720,true,1,18935
7290106573314,false,אוסם - קריספי טאפאס כפרי 150 גרם,מיוצר עי קונדיטוריית,IL,אסם קריספי טאפאס כפר,,150.00,100 גרם,false,,11.50,0.0767,true,1,18942
7290106573598,false,צבר חומוס לבנוני 400גרם,סלטי צבר,IL,צבר חומוס לבנוני 400,,400.00,100 גרם,false,,11.90,0.0298,true,1,19923
7290106573628,false,צבר חומוס עם טחינה 400גר,סלטי צבר,IL,צבר חומוס עם טחינה 4,,400.00,100 גרם,false,,11.90,0.0298,true,1,19924
7290106574953,false,בייגלה שטוחים כעכים שטוחים עם שומשום,מיוצר עי קונדיטוריית,IL,אסם בייגלה שטוחים שו,,300.00,100 גרם,false,,10.90,0.0363,true,1,18951
7290106574977,false,בייגלה שטוחים כעכים שטוחים עם מלח,מיוצר עי קונדיטוריית,IL,אסם בייגלה שטוחים עם,,300.00,100 גרם,false,,10.90,0.0363,true,1,18952
7290106575011,false,פתיתים אפויים קוסקוס פלוס חיטה מלא 400 ג,מיוצר עי קונדיטוריית,IL,פתיתים אפויים חיטה מ,,400.00,100 גרם,false,,6.90,0.0173,true,1,18953
7290106575257,false,עוגת הבית סופלה בטעם שוקולד 340 ג' אסם,מיוצר עי קונדיטוריית,IL,עוגת הבית סופלה בטעם,,340.00,100 גרם,false,,11.90,0.0350,true,1,18955
7290106575431,false,עוגת הבית סופלה בטעם שוקוניל 340 ג' אסם,מיוצר עי קונדיטוריית,IL,עוגת הבית סופלה בטעם,,340.00,100 גרם,false,,11.90,0.0350,true,1,18959
7290106576513,false,סלט חומוס צבר 400 גר,סלטי צבר,IL,צבר חומוס 400 גרם,,400.00,100 גרם,false,,9.90,0.0248,true,1,19929
7290106576537,false,צבר חומוס מסעדה 700 גר,סלטי צבר,IL,צבר חומוס מסעדה 700,,700.00,100 גרם,false,,10.90,0.0156,true,1,19930
7290106576995,false,גלידה סורבה לה קרמריה תות מנגו לייט 1.4 ל' נסטלה,המאפיה של הרמן,IL,לה קרמריה לייט סורבה,ליטרים,1.40,ליטר,false,,22.90,16.3571,true,1,16156
7290106577282,false,צבר טחינה מרובע 400גרם,סלטי צבר,IL,צבר מרובע טחינה 400ג,,400.00,100 גרם,false,,12.90,0.0323,true,1,19931
7290106577541,false,כרוב אדום מרובע 400 ג' צבר,סלטי צבר,IL,צבר מרובע כרוב אדום,,400.00,100 גרם,false,,12.50,0.0313,true,1,19937
7290106577572,false,צבר מטבוחה מרובע 400גרם,סלטי צבר,IL,צבר מרובע מטבוחה 40,,400.00,100 גרם,false,,12.90,0.0323,true,1,19938
7290106578692,false,אוסם - במבה ביסלי מיקס 80 גרם,פרו מן יו פתרונות אר,IL,במבה ביסלי מיקס 36*8,,80.00,100 גרם,false,,4.50,0.0563,true,1,18974
7290106652996,false,כיף כף מקלות קוקוס חלבי 40 גר',סולן בעבור שטראוס,TR,כיף כף מקלות קוקוס 4,,40.00,100 גרם,false,,5.20,0.1300,true,1,349617
7290106653689,false,לקט לסלט בסגנון אסייתי,"שטראוס מזון טרי בע""מ",IL,לקט לסלט אסייתי שטרא,,350.00,100 גרם,false,,11.50,0.0329,true,1,23542
7290106654099,false,מילקי CAKE עוגות אישיות במילוי קרם חלב,אירו קייקס אס פי איי,IT,עוגות אישיות מילקי ק,,272.00,100 גרם,false,,20.70,0.0761,true,1,23543
7290106658479,false,עלית וופל בטעם טורטית אגוזים 40ג,"שטראוס גרופ בע""מ",IL,עלית וופל בטעם טורטי,,40.00,100 גרם,false,,3.90,0.0975,true,1,22559
7290106663503,false,יד מרדכי קונפיטורת לייט תות 230 גר,אף.סי תבליני בגליל ב,IL,קונפיטורת לייט תות 2,,230.00,100 גרם,false,,11.90,0.0517,true,1,22594
7290106663558,false,"רוטב טריאקי ורימון יד מרדכי 280מ""ל",אף.סי תבליני בגליל ב,IL,יד מרדכי רוטב טריאקי,,280.00,"100 מ""ל",false,,13.90,0.0496,true,1,22599
7290106664555,false,"רוטב שמנת עם עגבניות 9% שומן 250 מ""ל יוטבתה",שטראוס גרופ,IL,יטבתה רוטב שמנת עם ע,,250.00,"100 מ""ל",false,,9.90,0.0396,true,1,23575
7290106666788,false,עלית - סוכריות נוסטלגיה דבש ממולאות 80 גרם,פלזנסקי,PL,סוכריות נוסטלגיה דבש,,80.00,100 גרם,false,,5.20,0.0650,true,1,22612
7290106667266,false,חטיף דוריטוס חמוץ חריף 185 גרם,שטראוס פריטו ליי (מל,IL,דוריטוס חמוץ חריף 18,,185.00,100 גרם,false,,8.20,0.0443,true,1,24303
7290106668577,false,"מיץ לימון טבעי יד מרדכי 250 מ""ל",האי נאם סי או אל.טי.,IT,מיץ לימון טבעי יד מר,,250.00,"100 מ""ל",false,,7.80,0.0312,true,1,22618
7290106668713,false,יוגורט עם פירות יער 3% שומן 150 ג' דנונה,מיוצר עי קונדיטוריית,IL,דנונה פירות יער3% 15,,150.00,"100 מ""ל",false,,4.10,0.0273,true,1,23579
7290106720626,false,צ'יטוס קראנצ' בטעם גבינה - חלבי,"שטראוס פריטו ליי בע""",IL,ציטוס גבינה 80 גרם,,80.00,100 ליטר,false,,4.90,0.0613,true,1,24306
7290106721920,false,צנצנת מסטיק מאסט בטעם ספירמינט עדין 66 ג' עלית,"שטראוס גרופ בע""מ.",IL,מאסט צנצנת ספירמינט,,66.00,100 גרם,false,,10.50,0.1591,true,1,22646
7290106723689,false,עלי תרד בייבי שטראוס 200 גרם,שטראוס בריאות ירקות,IL,שטראוס תרד בייבי 200,,200.00,100 גרם,false,,10.40,0.0520,true,1,23586
7290106726178,false,יוגורט PRO עם פירות יער 2.4% 10 גרם חלבון בגביע,מיוצר עי קונדיטוריית,IL,דנונה פרו בטעם פירות,,150.00,100 גרם,false,,5.10,0.0340,true,1,23592
7290106727984,false,כיף כף פצפוצים ושוקולד 135 ג',שולן צ'יקולטה גידה ס,TR,כיף כף פצפצים 135 גר,,135.00,100 גרם,false,,10.40,0.0770,true,1,22685
7290106729650,false,יוגורט עם תות מאגדת 8 יח' * 150ג' דנונה,דנונה - שטראוס,IL,דנונה יוגורט תות 8יח,קילוגרמים,1.20,"ק""ג",false,,26.10,21.7500,true,1,23611
7290107280013,false,מגבונים ליטופים ללא בושם חמישיה,טרופיקל דגיל קוסמטיק,IL,ליטופים מגבונים ללא,יחידה,0.00,יחידה,false,,18.90,0.0000,true,1,30562
7290107280020,false,מטליות לחות סנו סושי לניקוי כללי שלישיה *50 יח',טרופיקל דגיל- תעשיות,IL,סנו סושי מגבונים לני,יחידה,0.00,יחידה,false,,19.90,0.0000,true,1,30563
7290107280068,false,זוג תבניות אלומיניום לאפייה XL,סנו סושי,,2 תבניות אלומיניום X,יחידה,0.00,יחידה,false,,9.90,0.0000,true,1,30566
7290107280075,false,רביעיית תבניות אלומיניום לאפיה L,סנו סושי,,4 תבניות אלומיניום L,יחידה,0.00,יחידה,false,,9.90,0.0000,true,1,30567
7290107280082,false,מארז 7 תבניות אלומיניום מוארכות לאפייה אינגליש קייק,סנו סושי,,7 תבניות אינגליש קיי,יחידה,0.00,יחידה,false,,9.90,0.0000,true,1,30568
7290107280099,false,מגבוני טואלט לחים סנו סופט שלישייה * 48 יח',טרופיקל דגיל- תעשיות,IL,סנו סופט מגבוני טואל,יחידה,0.00,יחידה,false,,15.90,0.0000,true,1,30569
7290107280112,false,נייר טואלט סופט סילק 24 גליל,סנו,IL,סנו סופט נייר טואלט,,441.00,מטר,false,,25.90,0.0587,true,1,30571
7290107280570,false,סנו - מקסימה ג'ל כביסה מרוכז לכביסה צבעונית 3 ליטר,מיוצר עי קונדיטוריית,IL,מקסימה ג'ל כביסה מיק,ליטרים,3.00,ליטר,false,,33.90,11.3000,true,1,30588
7290107280709,false,"סנו ספארק נוזל הברקה למדיח 700 מ""ל","סנו מפעלי ברונוס בע""",IL,סנו ספארק נוזל הברקה,,700.00,"100 מ""ל",false,,14.90,0.0213,true,1,30597
7290107280730,false,נוזל לניקוי כלים סנו ספארק Spark בניחוח לבנדר,מיוצר עי קונדיטוריית,IL,סנו ספארק נוזל לניקו,,700.00,"100 מ""ל",false,,8.90,0.0127,true,1,30601
7290107340243,false,מטען בית אייפון,,,מטען בית אייפון,יחידה,0.00,יחידה,false,,39.90,0.0000,true,1,274386
7290107341356,false,כבל אייפון imx,,,כבל אייפון,יחידה,0.00,יחידה,false,,19.90,0.0000,true,1,267423
7290107341370,false,כבל טפייסי imx,,,כבל טייפ סי,יחידה,0.00,יחידה,false,,19.90,0.0000,true,1,274368
7290107347228,false,כבל 2 מטר אייפון,,,כבל 2 מטר אייפון,יחידה,0.00,יחידה,false,,19.90,0.0000,true,1,274369
7290107646383,false,מט.לחות לניקוי רצפות בניחוח לימון סיף 10,עלבד משואות יצחק בעמ,IL,סיף מטליות לחות לניק,יחידה,0.00,יחידה,false,,11.90,0.0000,true,1,10624
7290107646918,false,רוטב עגבניות ופלפלים לשקשוקה 415 ג' קנור,קונסורזיו קאסאלאסקו,IL,קנור רוטב שקשוקה עגב,,415.00,"100 מ""ל",false,,9.90,0.0239,true,1,10648
7290107647816,false,"דגני ברנפלקס ללא תוספת סוכר 500 גרם בד""צ",יוניליוור ישראל מזון,IL,ברנפלקס ללא סוכר בד',,500.00,100 גרם,false,,20.90,0.0418,true,1,10678
7290107647823,false,"פינוקי בריאות ברנפלקס בד""צ 500 גרם",יוניליוור ישראל מזון,IL,"ברנפלקס תלמה בד""ץ 50",,500.00,100 גרם,false,,20.90,0.0418,true,1,10679
7290107747042,false,תרווד סגור נירוסטה ס,,,תרווד סגור נירוסטה ס,יחידה,0.00,יחידה,false,,19.50,0.0000,true,1,172003
7290107871532,false,מאגדת קרחונים דובדבן מלון 10 יח' נסטלה,גלידות נסטלה (נגה גל,IL,מאגדת שלגוני דובדבן,,750.00,100 גרם,false,,18.90,0.0252,true,1,16168
7290107871990,false,פסטה צינורות 500 גר אסם,פסטה זארה,IT,פסטה צינורות אסם 500,,500.00,100 גרם,false,,5.90,0.0118,true,1,19001
7290107874502,false,ביסלי גריל קדמ. מארז אחיד 10 4*55 גרם,מיוצר עי קונדיטוריית,IL,ביסלי גריל 4*55 גרם,,220.00,100 גרם,false,,12.90,0.0586,true,1,19023
7290107875004,false,פופקורן חמאה ודבש מארז12*20גר',,,פופקו חמאה ודבש מארז,,240.00,100 גרם,false,,18.90,0.0787,true,1,19028
7290107875820,false,קרוטונים אפויים בתיבול ביתי אוסם 180 ג',עינת תעשיות מזון,IL,קרוטונים אפויים בתיב,,180.00,100 גרם,false,,9.50,0.0528,true,1,19039
7290107877619,false,מארז במבה במילוי קרם נוגט 5*30ג' אסם,אסם תעשיות,IL,במבה במילוי קרם נוגט,,150.00,100 ליטר,false,,13.90,0.0927,true,1,19069
7290107879569,false,קרחון לה פרוטה שרבט מנגו מאגדת 5יח',גלידות נסטלה Nestle,IL,לה פרוטה מנגו 5 יח,,350.00,100 גרם,false,,23.90,0.0683,true,1,16191
7290107930321,false,קונפיטורת יד מרדכי דובדובן 340 גרם,"בית אל מזון בע""מ",IL,יד מרדכי קונפיטורה ד,,340.00,100 גרם,false,,11.90,0.0350,true,1,22702
7290107931397,false,כיף כף פצפוצים במילוי שוקולד 40 גרם,שולן צ'יקולטה גידה ס,TR,כיף כף פצפצים 40גר`,,40.00,100 גרם,false,,5.20,0.1300,true,1,22710
7290107932080,false,חלב מועשר יוטבתה בבקבוק 3% 1 ליטר,מחלבת יטבתה,IL,יטבתה חלב בבקבוק 3%,ליטרים,1.00,ליטר,false,,8.10,8.1000,true,1,23624
7290107932134,false,חלב מועשר יוטבתה בבקבוק 1% 1 ליטר,מחלבת יטבתה,IL,יטבתה חלב בבקבוק 1%,ליטרים,1.00,ליטר,false,,8.10,8.1000,true,1,23626
7290107933155,false,לקט לסלט סלנובה שטרא,שטראוס בריאות ירקות,IL,לקט סלנובה 200 גרם,,200.00,100 גרם,false,,13.50,0.0675,true,1,23627
7290107934473,false,מארז 8 יח' אקטיביה יוגורט קרמי 1.5% שומן,דנונה - שטראוס,IL,אקטיביה מארז מיוחד 1,קילוגרמים,1.20,"ק""ג",false,,20.90,17.4167,true,1,23641
7290107936309,false,דנונה יוגורט 7% יווני לבן 130 ג',"שטראוס בריאות בע""מ",IL,דנונה יווני לבן 130,,130.00,100 גרם,false,,3.30,0.0254,true,1,23647
7290107936965,false,עיגולים עד חצות עם שוקולד חלב 225 גר,ביסקווטרי עוגיות סנט,FR,עד חצות עיגולים 225,,125.00,100 גרם,false,,12.90,0.1032,true,1,22748
7290107937542,false,משקה יוגורט אקטיביה עם תות 1.2% שומן,מיוצר עי קונדיטוריית,IL,משקה אקטיביה תות 1.2,,265.00,"100 מ""ל",false,,5.20,0.0196,true,1,23652
7290107937856,false,קפסולות 11חזק למכונות נספרסו עלית 10יח',הנסיך- מפעל לייצור ט,IL,עלית קפסולות בטעם נס,,50.00,100 גרם,false,,16.90,0.3380,true,1,22763
7290107938396,false,"אקטימל משקה פרוביוטי תות 100X8 מ""ל",מיוצר עי קונדיטוריית,IL,דנונה Actimel בנים ב,,864.00,100 גרם,false,,20.90,0.0242,true,1,23658
7290107939027,false,גזר דק דק שטראוס טעם,שטראוס בריאות ירקות,IL,גזרדק דק 250 גרם בד`,,250.00,100 גרם,false,,8.30,0.0332,true,1,23662
7290107940030,false,חומוס אחלה 650 גרם,שטראוס גרופ,IL,חומוס אחלה 650 גר,,650.00,100 ליטר,false,,8.90,0.0137,true,1,23675
7290107940467,false,אקטיביה יוגורט 1.5% שומן 200 ג' דנונה,מיוצר עי קונדיטוריית,IL,דנונה אקטיביה יוגורט,,200.00,100 גרם,false,,4.10,0.0205,true,1,23681
7290107941273,false,חומוס מבושל שטראוס ט,הורקסה לס לגונס דה ס,ES,חומוס מבושל 475 גרם,,475.00,100 גרם,false,,11.90,0.0251,true,1,23692
7290107943369,false,קוואקר שיבולת שועל ללא גלוטן 511 גר'.,היידי שוקולד בירונטי,US,שיבולת שועל ללא גלוט,,511.00,100 גרם,false,,17.90,0.0350,true,1,24354
7290107944243,false,וופלים אפיפיות בטעם שוקולד 200 גר,"שטראוס גרופ בע""מ",IL,"אפיפית ללא גלוטן בד""",,200.00,100 גרם,false,,6.90,0.0345,true,1,22815
7290107944472,false,סימפוניה גבינה במרקם שמנת 5% שום שמיר,"שטראוס בריאות בע""מ",IL,סימפוניה 5% שום שמיר,,200.00,100 ליטר,false,,11.50,0.0575,true,1,23726
7290107945165,false,קונפיטורת יד מרדכי משמש 340 גר,אף.סי תבליני בגליל ב,IL,יד מרדכי קונפיטורת מ,,340.00,100 גרם,false,,11.90,0.0350,true,1,22831
7290107950190,false,מעדן חלב דל קלוריות בטעם שוקולד מריר 0.5% שומן,מיוצר עי קונדיטוריית,IL,מעדן דיאט שוקולד מרי,,130.00,100 גרם,false,,3.70,0.0285,true,1,23786
7290107950206,false,מעדן חלב דל קלוריות בטעם שוקולד 0% שומן,מיוצר עי קונדיטוריית,IL,מעדן דיאט שוקולד % 0,,130.00,100 גרם,false,,3.70,0.0285,true,1,23787
7290107951104,false,בפלות ופלים ארוכים בטעם שוקולד,"א.ג. גילרו בע""מ",IL,בפלות 200 גרם שוקולד,,200.00,100 גרם,false,,4.70,0.0235,true,1,22867
7290107951111,false,בפלות ופלים ארוכים בטעם לימון,"א.ג. גילרו בע""מ",IL,בפלות בטעם לימון עלי,,200.00,100 גרם,false,,4.70,0.0235,true,1,22868
7290107951715,false,צנצנת מסטיק מאסט קוביות בטעם ענבים 58 ג' עלית,אסקום קונפקשיין,IL,מאסט צנצנת קוביות ענ,,58.00,100 גרם,false,,10.50,0.1810,true,1,22883
7290107953559,false,קפה טורקי עלית לדרך שקיות 24X7ג',הנסיך- מפעל לייצור ט,IL,קפה טורקי לדרך 168 ג,,168.00,100 גרם,false,,17.90,0.1065,true,1,22894
7290107954709,false,קונפיטורת פירות יער 340 גר יד מרדכי,יד מרדכי,IL,יד מרדכי קונפיטורת פ,,340.00,100 גרם,false,,11.90,0.0350,true,1,22915
7290107954976,false,"משקה יטבתה חלבון פרו קפה 350מ""ל",מחלבת יטבתה,IL,משקה פרו בטעם קפה יט,,350.00,"100 מ""ל",false,,7.30,0.0209,true,1,23853
7290107956901,false,קפסולות בטעם אגוזים למכונות נספרסו 50 גר,שטראוס גרופ,IL,עלית קפסולות אספרסו,,150.00,100 גרם,false,,16.90,0.1127,true,1,22957
7290107956925,false,קפסולות 13 אוגנדה למכונת נספרסו עלית 10יח',שטראוס קפה בי.וי,IL,עלית קפסולות אוגנדה,,50.00,100 גרם,false,,16.90,0.3380,true,1,22958
7290107956932,false,קפסולות אספרסו אידונזיה למכונות 50 גר,שטראוס קפה בי.וי,IL,עלית קפסולות אידונזי,,50.00,100 גרם,false,,16.90,0.3380,true,1,22959
7290107957076,false,"צנצנת עלמה בטעם ספירמינט לל""ס 66 גרם","שטראוס גרופ בע""מ",IL,מסטיק עמלה בטעם ספיר,,66.00,100 גרם,false,,10.50,0.1591,true,1,22965
7290107957113,false,סימפוניה 5% זיתים פיקנטיים 200 ג' שטראוס,שטראוס גרופ,IL,סימפוניה עם זיתים פי,,200.00,100 גרם,false,,11.50,0.0575,true,1,23869
7290107957991,false,מילקי CAKE מיניס קרם חלב בציפוי שוקולד חלב שקית 16X9ג',בובארד איטליה אס.פי.,IT,"מילקי מייניס 9*16 מ""",,144.00,100 גרם,false,,13.40,0.0931,true,1,23886
7290107958035,false,יוגורט במתיקות מעודנת 2% ללא תוספת סוכר- מארז 8 יח,דנונה - שטראוס,IL,8 דנונה מתיקות מעודנ,קילוגרמים,1.20,"ק""ג",false,,19.40,16.1667,true,1,23887
7290107958639,false,מטבוחה אחלה מרוקאית חריפה 400 גר',מיוצר עי קונדיטוריית,IL,אחלה מטבוחה מרוקאית,,400.00,100 גרם,false,,15.90,0.0398,true,1,23893
7290107973861,false,מאסטר שף - עגבניות קצוצות דק שלישיה 400 גרם * 3,קונסרזיו קאסאלאסקו ד,IT,עגבניות קצוצות דק מא,קילוגרמים,1.20,"ק""ג",false,,15.90,13.2500,true,1,21709
7290107974066,false,"עלי טורטיה קמח מלא 20ס""מ 8יח' מאסטר שף 320ג'",אלקאטי קורביישיסי,DE,עלי טורטיה קמח מלא מ,,320.00,100 גרם,false,,9.90,0.0309,true,1,21714
7290107974073,false,מנה עלי טורטיה קמח לבן מ.שף 20 סמ 320 גר,הנסיך- מפעל לייצור ט,DE,עלי טורטיה קמח לבן מ,,320.00,100 גרם,false,,9.90,0.0309,true,1,21715
7290107974806,false,"מאסטר שף - אורז בסמטי 1 ק""ג",מאסטר שף,,אורז בסמטי מאסטר שף,קילוגרמים,1.00,"ק""ג",false,,12.90,12.9000,true,1,21724
7290107974813,false,"אורז יסמין 1 ק""ג מאסטר שף",מאסטר שף,,אורז יסמין מאסטר שף,קילוגרמים,1.00,"ק""ג",false,,12.90,12.9000,true,1,21725
7290107974820,false,מנה מאסטר שף ממרח מתובל ספייסי 248 גר,מאסטר שף,,מאסטר שף ממרח מתובל,,252.00,100 גרם,false,,7.90,0.0313,true,1,21726
7290107976916,false,"פלמוליב סבון ידיים חלב זיתים 300 מ""ל",פלמוליב Palmolive,IT,פלמוליב סבון ידיים ח,,300.00,"100 מ""ל",false,,9.90,0.0330,true,1,21759
7290107978347,false,מאסטר שף איטריות בינוניות 400 גר,הדקלאים אגודת שיתופי,PL,איטריות בינוניות מאס,,400.00,100 גרם,false,,5.90,0.0148,true,1,21765
7290107978637,false,"מרידול משחת שיניים 75 מ""ל כשל""פ-מרכז",מרידול Meridol,DE,משחת שיניים מרידול 7,,75.00,"100 מ""ל",false,,19.90,0.2653,true,1,21770
7290108350128,false,סנו סושי שקיות אשפה חזקות במיוחד 40 יח',מיוצר עי קונדיטוריית,IL,סנו סושי שקיות חזקות,יחידה,0.00,יחידה,false,,24.90,0.0000,true,1,30611
7290108350142,false,שקיות רב שימושיות ענק סנו סושי 270 יח',אשפלסט תעשיות,IL,סנו סושי שקיות רב שי,יחידה,0.00,יחידה,false,,13.90,0.0000,true,1,30613
7290108350210,false,סנו סושי שקיות אשפה חזקות 30 יח' XL,מיוצר עי קונדיטוריית,IL,סושי שקיות אקסטרא חז,יחידה,0.00,יחידה,false,,24.90,0.0000,true,1,30619
7290108350258,false,סופט נייר טואלט גליל ארוך 12 גלילים=36,מפעלי ברונוס בעמ,IL,סופט נייר טואלט גליל,,180.00,מטר,false,,42.90,0.2383,true,1,30621
7290108350548,false,סנו ספארק נוזל כלים בניחוח לבנדר עם משאבה 1 ל',מיוצר עי קונדיטוריית,IL,סנו ספארק משאבה בניח,ליטרים,1.00,ליטר,false,,11.90,11.9000,true,1,30628
7290108350586,false,נוזל לניקוי כלים סנו ספארק Spark בניחוח לימון רענן,סנו,IL,ספארק נוזל כלים בניח,ליטרים,1.50,ליטר,false,,14.90,9.9333,true,1,30631
7290108350616,false,סנו - מקסימה מרכך כביסה מרוכז פריחה כחולה 1 ליטר,"סנו מפעלי ברונוס בע""",IL,מרכך כביסה מקסימה סו,יחידה,0.00,יחידה,false,,18.90,0.0000,true,1,30634
7290108350623,false,מרכך כביסה סופר מרוכז סופט סילק מקסימה 1 ל' סנו,"סנו מפעלי ברונוס בע""",IL,מרכך כביסה מקסימה סו,יחידה,0.00,יחידה,false,,18.90,0.0000,true,1,30635
7290108350715,false,"סנו פורטה FREE נוזל מרוכז להסרת שומנים 750 מ""ל",,IL,פורטה פרי 750 מ`ל,,750.00,"100 מ""ל",false,,14.90,0.0199,true,1,30642
7290108351033,false,"WHITE POWDER - בושם לאישה א.ד.פ 50 מ""ל",,,"בושם לאישה 50 מ""ל wh",יחידה,0.00,יחידה,false,,79.90,0.0000,true,1,374352
7290108351156,false,סנו - ג'ט לניקוי כללי ורצפות בתוספת חומץ 1.5 ליטר,"סנו מפעלי ברונוס בע""",IL,סנו ג`ט פלוס לניקוי,יחידה,0.00,יחידה,false,,12.90,0.0000,true,1,30667
7290108351507,false,מרכך כביסה מקסימה סופט סילק 4 ל' סנו,סנו מקסימה,IL,מרכך כביסה סנו מקסימ,ליטרים,4.00,ליטר,false,,22.90,5.7250,true,1,30669
7290108351514,false,מרכך כביסה בבישום עוצמתי פריחה כחולה,סנו מקסימה,IL,מרכך כביסה סנו מקסימ,ליטרים,4.00,ליטר,false,,22.90,5.7250,true,1,30670
7290108351552,false,"סנו - ג'ט לניקוי כללי בתוספת חומץ בניחוח לבנדר 750 מ""ל","סנו מפעלי ברונוס בע""",IL,סנו ג'ט מתז חומץ 750,,750.00,"100 מ""ל",false,,12.90,0.0172,true,1,30674
7290108351583,false,"סנו - ג'ט פלוס חומץ ג'ל לניקוי אסלות לבנדר 750 מ""ל",טרופיקל דגיל תעשיות,IL,סנו ג'ט+לניקוי אסלות,,750.00,"100 מ""ל",false,,11.90,0.0159,true,1,30676
7290108351590,false,"סנופרש הום בלו בלוסון בניחוח מרכך כביסה 350 מ""ל",סנו פרש Fresh,IL,סנו פרש BLUE BLOSSOM,,350.00,"100 מ""ל",false,,11.90,0.0340,true,1,30677
7290108351613,false,סנו ריצפז פרש הום 2 ליטר בניחוח מלון חלומי,"סנו מפעלי ברונוס בע""",IL,ריצפז פרש הום מלון ח,ליטרים,2.00,ליטר,false,,21.90,10.9500,true,1,30679
7290108351705,false,פניני בישום fresh linen גר 275,value smart prodacts,IL,פניני בישום לכביסה כ,,275.00,100 גרם,false,,19.90,0.0724,true,1,30688
7290108351804,false,סנו - מקסימה מרכך כביסה מרוכז ג'נטל בריז 1 ליטר,מיוצר עי קונדיטוריית,IL,סנו מקסימה מרכך כביס,יחידה,0.00,יחידה,false,,18.90,0.0000,true,1,30693
7290108351811,false,מקסימה מרכך כביסה סופר מרוכז פלור טאצ' 1 ליטר,מיוצר עי קונדיטוריית,IL,סנו מקסימה מרכך כביס,יחידה,0.00,יחידה,false,,18.90,0.0000,true,1,30694
7290108351835,false,מרכך כביסה בבישום עוצמתי פלורל טאצ',מיוצר עי קונדיטוריית,IL,מרכך כביסה סנו מקסימ,ליטרים,4.00,ליטר,false,,22.90,5.7250,true,1,30695
7290108352054,false,אורביטול - צמד מברשות שיניים 980 + חוט דנטלי במתנה,סנו,IL,אורביטול מברשת לניקו,יחידה,0.00,יחידה,false,,19.00,0.0000,true,1,253783
7290108352214,false,סנו - מקסימה קפסולות כביסה בניחוח בריזה מרעננת 40 יח',טרופיקל דגיל תעשיות,IL,קפסולות כביסה בניחוח,,840.00,100 גרם,false,,35.90,0.0427,true,1,70305
7290108352252,false,נוזל לניקוי כלים מתאים לניקוי ירקות ופירות סנו ספארק,"סנו מפעלי ברונוס בע""",IL,ספארק נוזל לכלים 1,יחידה,0.00,יחידה,false,,11.90,0.0000,true,1,90057
7290108352269,false,דלי מטליות לחיטוי ולניקוי 99.9 % 400 יח' סנו,הורביץ סחר,IL,מטליות לחיטוי ולניקו,יחידה,0.00,יחידה,false,,30.90,0.0000,true,1,66506
7290108352368,false,תוסף לחיטוי כביסה 99.9% סנו מקסימה 3 ל',סנו מקסימה,IL,סנו מקסימה תוסף לחיט,ליטרים,3.00,ליטר,false,,30.90,10.3000,true,1,167279
7290108352443,false,סנובון מוצק בניחוח לוטוס וסחלב שלישייה,סנו מפעלי ברונוס בעמ,IL,סנובון מוצק שלישיה כ,,165.00,100 גרם,false,,15.90,0.0964,true,1,95680
7290108352450,false,ריצפז פרש הום בניחוח מרכך כביסה בלו בלוסום,סנו מפעלי ברונוס בעמ,IL,ריצפז פרש הום בניחוח,ליטרים,2.00,ליטר,false,,21.90,10.9500,true,1,102378
7290108352528,false,"מתז לחיטוי וניקוי חדר האמבטיה 99.9% 750 מ""ל","איי, בי, אינבוו",IL,מתז לחיטוי וניקוי חד,,750.00,"100 מ""ל",false,,12.90,0.0172,true,1,154354
7290108352566,false,מרכך כביסה בבישום עוצמתי 4 ל' סנו מקסינה,"סנו מפעלי ברונוס בע""",IL,מרכך JOY בבישום עוצמ,ליטרים,4.00,ליטר,false,,22.90,5.7250,true,1,206083
7290108352573,false,מרכך כביסה מקסימה בבישום עוצמתי 4 ל' סנו,סנו,IL,מרכך כביסה CALM בבי,ליטרים,4.00,ליטר,false,,22.90,5.7250,true,1,262560
7290108352597,false,מגבונים לחים לניקוי כללי בדלי 400 יח,סנו,,מגבונים בדלי 400 יח',יחידה,0.00,יחידה,false,,30.90,0.0000,true,1,30713
7290108352801,false,"שקיות אשפה S לפחים קטנים 56*45 ס""מ בניחוח עדין","סנו מפעלי ברונוס בע""",IL,סנו סושי 100 שקיות א,,100.00,יח',false,,19.90,0.1990,true,1,30726
7290108352863,false,סנו סושי שקיות צלייה 20יח' מידה L,מיוצר עי קונדיטוריית,TR,סנו סושי-20 שקיות צל,יחידה,0.00,יחידה,false,,7.90,0.0000,true,1,30731
7290108352887,false,"זוג מפות שולחן עשויות מבד בלתי ארוג 180*120 ס""מ",מיוצר עי קונדיטוריית,IL,סנו סושי זוג מפות שו,יחידה,0.00,יחידה,false,,8.90,0.0000,true,1,30733
7290108352894,false,סנו סושי מפת שולחן חגיגית,שואוגאנג,IL,סנוסושי מפת שולחן חג,יחידה,0.00,יחידה,false,,7.90,0.0000,true,1,30734
7290108353006,false,שקיות מזון נקשרות סנו סושי 250 יח',מיוצר עי קונדיטוריית,IL,סנו סושי 250 שקיות א,יחידה,0.00,יחידה,false,,13.90,0.0000,true,1,30745
7290108353068,false,ספוג הפלא נירוסטה עם סיבי קירצוף סנו סושי 2 יח',מיוצר עי קונדיטוריית,IL,סנו סושי-כרית קרצוף,,3.00,יח',false,,9.90,3.3000,true,1,30751
7290108353082,false,ממחטות אף בקופסה 2 שכבות סנו סופט 120 דף,מיוצר עי קונדיטוריית,IL,סנו סופט 120 ממחטות,יחידה,0.00,יחידה,false,,8.90,0.0000,true,1,30753
7290108353334,false,"שמפו למניעת קשקשים עם שמן עץ התה ואסאי 700 מ""ל כיף",קוסמופארם בעמ,IL,שמפו למניעת קשקשים ע,,700.00,"100 מ""ל",false,,11.90,0.0170,true,1,30755
7290108353525,false,תבניות אלומיניום סנו סושי+ידית 4 יח L,קריניסה ויטמין אס אי,CN,סנו סושי 4 תבניות אל,יחידה,0.00,יחידה,false,,12.90,0.0000,true,1,30766
7290108353556,false,נייר טואלט סופט שלוש שכבות 32 גלילים סנו,טרופיקל דגיל תעשיות,IL,נייר טואלט סנו סופט,יחידה,0.00,יחידה,false,,44.90,0.0000,true,1,71340
7290108353662,false,"סנו סושי מפת שולחן מוטבעת 120*270 ס""מ",,,סנוסושי מפת שולחן מו,יחידה,0.00,יחידה,false,,10.90,0.0000,true,1,293502
7290108353723,false,"קרמה - תחליב רחצה חימר תה ירוק 500 מ""ל",קרמה,IL,תחליב רחצה חימר תה י,,500.00,"100 מ""ל",false,,12.90,0.0258,true,1,263189
7290108353730,false,"קרמה - תחליב רחצה חימר אוכמניות כחולות 500 מ""ל",קרמה,IL,תחליב רחצה חימר אוכמ,,500.00,"100 מ""ל",false,,12.90,0.0258,true,1,263175
7290108354065,false,"קרמה - מן ג'ל רחצה פילינג 700 מ""ל",קוסמופארם בע''מ,IL,ג'ל רחצה פילינג קרמה,,700.00,"100 מ""ל",false,,18.90,0.0270,true,1,234819
7290108354263,false,אורביטול - משחת שיניים 6+ חד קרן 70 גרם,טרופיקל דגיל קוסמטיק,IL,משחת שיניים אורביטול,,70.00,100 גרם,false,,7.90,0.1129,true,1,116772
7290108354270,false,מרכך כביסה מרוכז בבישום עוצמתי 1 ל' סנו מקסימה,מיוצר עי קונדיטוריית,IL,מרכך בבישום עוצמתי מ,ליטרים,1.00,ליטר,false,,18.90,18.9000,true,1,206084
7290108354492,false,"קרליין - שמפו 10 שמן ארגן 700 מ""ל",קרליין Careline,IL,שמפו לשיער רגיל קרלי,,700.00,"100 מ""ל",false,,13.90,0.0199,true,1,253853
7290108354621,false,"מסיכה לשיער לחות מוגברת עם אפרסק וחמאת מורומורו 500 מ""ל כיף",סנו,IL,מסכה לשיער עם אפרסק,,500.00,"100 מ""ל",false,,24.90,0.0498,true,1,313140
7290108354720,false,סנו פרש הום מקלות ריחניים בניחוח ליידי קוקו 100מל',סנו,IL,מקלות ריחניים פרש הו,,100.00,"100 מ""ל",false,,19.90,0.1990,true,1,363093
7290108354768,false,"קרמה ק.גוף דבש 500 מ""ל",מיוצר בסין.יבוא ושיו,IL,קרם גוף קרמה דבש 500,,500.00,"100 מ""ל",false,,24.90,0.0498,true,1,198043
7290108354911,false,"שמפו, ג'ל רחצה וגילוח מועשר בתמצית אלוורה",טרופיקל דגיל תעשיות,IL,שמפו ג'ל רחצה וגילו,,700.00,"100 מ""ל",false,,18.90,0.0270,true,1,67428
7290108355000,false,"שמפו מיניונים לילדים נקה 7 750 מ""ל",נקה 7,IL,שמפו מיניונים נקה 7,,750.00,"100 מ""ל",false,,11.90,0.0159,true,1,30776
7290108355031,false,"נקה 7 אל סבון לילדים מיניונים 750 מ""ל",נקה 7,IL,אל סבון מיניונים נקה,,750.00,"100 מ""ל",false,,11.90,0.0159,true,1,30779
7290108355062,false,לחו.לשיער מקצועי קרטין נטורל פורמולה 400,קוסמופארם,IL,לחות מקצועית עם קרטי,,400.00,"100 מ""ל",false,,30.90,0.0772,true,1,30781
7290108355147,false,"תחליב רחצה נקה 7שמני רחצה 750 מ""ל","אמיליה קוסמטיקס בע""מ",IL,תחליב רחצה שמני הזנה,,750.00,"100 מ""ל",false,,11.90,0.0159,true,1,30788
7290108355161,false,"מרכך שיער שמני הזנה 750 מ""ל נקה 7","אמיליה קוסמטיקס בע""מ",IL,מרכך שמני הזנה נקה 7,,750.00,"100 מ""ל",false,,11.90,0.0159,true,1,30790
7290108355307,false,"נקה 7 - שמפו סירוק קל רוזמרין 750 מ""ל",גוד פוד פרודקטס S.p,IL,שמפו סירוק קל נקה 7,,750.00,"100 מ""ל",false,,12.90,0.0172,true,1,30800
7290108355451,false,"קרמה - דאודורנט רול און לאישה קרמה ורד ווניל 75 מ""ל",קרמה Crema,IL,דאודורנט רול און ורד,,75.00,"100 מ""ל",false,,12.90,0.1720,true,1,91700
7290108355802,false,"תחליב רחצה קרמה ורד ווניל 700 מ""ל",גוד פוד פרודקטס S.p,IL,קרמה תחליב רחצה ורד,,700.00,"100 מ""ל",false,,16.90,0.0241,true,1,90073
7290108356113,false,"כיף תחליב רחצה דבש 700 מ""ל-מרכז",קוסמופארם בעמ,IL,תחליב רחצה דבש כיף 7,,700.00,מטר,false,,11.90,0.0170,true,1,30826
7290108356120,false,"תחליב רחצה כיף קוקוס וניל 700 מ""ל",קוסמופארם,IL,תחליב רחצה קוקוס וני,,700.00,"100 מ""ל",false,,11.90,0.0170,true,1,30827
7290108356137,false,"כיף - תחליב רחצה לבנדר 700 מ""ל",קוסמופארם,IL,תחליב רחצה לבנדר כיף,,700.00,"100 מ""ל",false,,11.90,0.0170,true,1,30828
7290108356151,false,"תחליב רחצה כיף מאסק יסמין 700 מ""ל",גוד פוד פרודקטס S.p,IL,תחליב רחצה מאסק יסמי,,700.00,"100 מ""ל",false,,11.90,0.0170,true,1,30829
7290108356182,false,אל סבון כיף בניחוח תאנה ותה ירוק 1 ל,קוסמופארם,IL,אלסבון כיף תאנה ותה,ליטרים,1.00,ליטר,false,,12.90,12.9000,true,1,83199
7290108356519,false,קרליין שמפו 10למניעת קשקשים 700מל,קרליין Careline,IL,שמפו לשיער בתוספת שמ,,700.00,מטר,false,,13.90,0.0199,true,1,233081
7290108356595,false,קרוליין 10 מרכך לשיער צבוע 700 מל,קרליין Careline,IL,מרכך לשיער צבוע קרלי,,700.00,"100 מ""ל",false,,13.90,0.0199,true,1,233128
7290108356809,false,סבון בוטני ורד ומרווה לניקוי וטיפוח הידיים טבעוני 1 ל' כיף,"קוסופארם בע""מ",IL,סבון בוטני לניקוי יד,ליטרים,1.00,ליטר,false,,15.90,15.9000,true,1,313155
7290108357004,false,"שמפו כיף ורד ושמן קוקוי 700 מ""ל",טרופיקל דגיל תעשיות,IL,כיף שמפו לשיער ורד ו,,700.00,"100 מ""ל",false,,11.90,0.0170,true,1,30831
7290108357011,false,"מרכך כיף ורד ושמן קוקוי 700 מ""ל",טרופיקל דגיל תעשיות,IL,כיף מרכך לשיער ורד ו,,700.00,"100 מ""ל",false,,11.90,0.0170,true,1,30832
7290108357028,false,"תחליב רחצה כיף ורד ושמן קוקוי 700 מ""ל",קוסמופארם בעמ,IL,כיף תחליב רחצה ורד ו,,700.00,"100 מ""ל",false,,11.90,0.0170,true,1,30833
7290108357073,false,"קרליין - נושם ביו דאודורנט ספריי 150 מ""ל Blossoms Citrus לאישה",קרליין Careline,IL,דיאודורנט ספריי בניח,,150.00,"100 מ""ל",false,,12.90,0.0860,true,1,263132
7290108357226,false,"אוקסיגן POWER אבקה לכביסה לבנה והסרת כתמים 1.4 ק""ג סנו",סנו,IL,אוקסיג'ן אבקה להסרת,קילוגרמים,1.40,"ק""ג",false,,29.90,21.3571,true,1,248647
7290108357295,false,"סנו - אוקסיג'ן פאוור מרסס להסרת כתמים 750 מ""ל",סנו,IL,מרסס אוקסיג'ן מסיר כ,,750.00,"100 מ""ל",false,,17.90,0.0239,true,1,294273
7290108357301,false,"סנו - K300 קוטל חרקים תיקנים ונמלים 300 מ""ל","סנו מפעלי ברונוס בע""",IL,סנו קיי-301 צהוב 300,,300.00,"100 מ""ל",false,,12.90,0.0430,true,1,293459
7290108357653,false,סבון ג'ל לאסלה בניחוח אוקיינוס 3 יח' סנו,,,סנובון סבון ג'ל לאסל,,315.00,100 גרם,false,,16.90,0.0537,true,1,351667
7290108357707,false,"כיף שמפו לשיער רגיל-תפוח זרעי צ'יה 700 מ""ל",גוד פוד פרודקטס S.p,IL,שמפו לשיער רגיל תפוח,,700.00,"100 מ""ל",false,,11.90,0.0170,true,1,30835
7290108357714,false,"כיף שמפו לשיער יבש -רימונים ושמן ארגן 700 מ""ל",גוד פוד פרודקטס S.p,IL,שמפו לשיער יבש רימונ,,700.00,"100 מ""ל",false,,11.90,0.0170,true,1,30836
7290108357745,false,שמפו ומרכך 2 ב-1 תאנה ומנטה לכל סוגי השיער,גוד פוד פרודקטס S.p,IL,שמפו ומרכך תאנה ומנט,,700.00,"100 מ""ל",false,,11.90,0.0170,true,1,30838
7290108357769,false,"מרכך לשיער רגיל תפוח וזרעי צ'יה 700 מ""ל כיף",גוד פוד פרודקטס S.p,IL,מרכך לשיער רגיל תפוח,,700.00,"100 מ""ל",false,,11.90,0.0170,true,1,30840
7290108357875,false,"כיף - שמפו לחות מוגברת עם אפרסק וחמאת מורומורו 700 מ""ל",קוסמופארם,IL,שמפו לחות מוגברת אפר,,700.00,"100 מ""ל",false,,11.90,0.0170,true,1,263019
7290108357882,false,"כיף - מרכך לחות מוגברת עם אפרסק וחמאת מורומורו 700 מ""ל",קוסמופארם,IL,מרכך לחות מוגברת אפר,,700.00,"100 מ""ל",false,,11.90,0.0170,true,1,263033
7290108358124,false,דפי בישום לחים למייבש הכביסה בניחוח מרכך כביסה 20 יח' מקסימה,סנו,IL,דפי בישום לחים למייב,יחידה,0.00,יחידה,false,,12.90,0.0000,true,1,351638
7290108359077,false,סנו - סופט לושן ממחטות אף בקופסא 3 שכבות 120 יח',סנו סופט Soft,IL,ממחטות אף בקופסא 3 ש,יחידה,0.00,יחידה,false,,12.90,0.0000,true,1,234704
7290108359169,false,"תבנית אלומיניום עגולה 628 ס""מ יחי סנו סושי",סנו,IL,סנו סושי-6 תבניות אל,יחידה,0.00,יחידה,false,,11.90,0.0000,true,1,335316
7290108359176,false,סופט ממחטות אף צמד בשקית לושן 3 שכבות,סנו,IL,סנו סופט ממחטות אף ת,,200.00,יח',false,,13.90,0.0695,true,1,354329
7290108359190,false,סושי מגבת הפלא 4 יח' = 12 גליל ארוך פי 3,סנו,IL,סנו סושי מגבות הפלא,יחידה,0.00,יחידה,false,,24.90,0.0000,true,1,356274
7290108359855,false,"שמפו אל דמע בייבי כיף+משאבה 750 מ""ל",גוד פוד פרודקטס S.p,IL,שמפו אלדמע בייבי כיף,,750.00,"100 מ""ל",false,,15.90,0.0212,true,1,30847
7290108359879,false,"אלסבון בייבי כיף+משאבה 750 מ""ל",קוסמופארם בעמ,IL,אלסבון HYDROMOIST ב,,750.00,"100 מ""ל",false,,15.90,0.0212,true,1,30849
7290108359886,false,תחליב רחצה בייבי כיף 1 ליטר,בייבי כיף Baby,IL,תחליב רחצה HYDROMOIS,ליטרים,1.00,ליטר,false,,18.90,18.9000,true,1,30850
7290108359893,false,"תחליב רחצה בייבי כיף+משאבה 750 מ""ל",גוד פוד פרודקטס S.p,IL,תחליב רחצה HYDROMOIS,,750.00,"100 מ""ל",false,,15.90,0.0212,true,1,30851
7290108359985,false,סנו - ז'אוול מרסס קצף לניקוי וחינו בניחוח פריחה לבנה 1 ליטר,סנו ז'אוול Javel,IL,אקונומיקה מרסס עם ממ,ליטרים,1.00,ליטר,false,,17.90,17.9000,true,1,250392
7290108500677,false,כבד דג שיבוט מעושן בשמן הדג,"איטיליאן פוד, אס.פי.",IS,כבד דג שיבוט בשמן וי,,115.00,100 גרם,false,,8.90,0.0774,true,1,3046
7290108503043,false,תפוחונים חטיף פלחים מיובשים מארז 22X4ג',ינטאי זונגקאן פוד קו,CN,מארז רביעייה תפוחוני,,88.00,100 גרם,false,,10.00,0.1136,true,1,3181
7290108504699,false,נתחי טונה בשמן קנולה רביעיה * 160 ג' וילי פוד,גולדן פרייז,TH,נתחי טונה בשמן קנולה,,640.00,100 גרם,false,,21.40,0.0334,true,1,3262
7290108504934,false,"דפי אורז למילוי 22 ס""מ 300 גרם בית יוסף",וילי פוד - מנת השף,,דפי אורז למילוי קוטר,,300.00,100 גרם,false,,9.90,0.0330,true,1,254864
7290108505160,false,יוגורט עם אגסים 4% שומן 150 גרם,Euro יורו מחלבות אירופה,GR,יוגורט יווני עם אגסי,,150.00,100 גרם,false,,4.90,0.0327,true,1,73528
7290108505184,false,יוגורט עם קוקוס 5% שומן 150 גרם,Euro יורו מחלבות אירופה,GR,יוגורט יווני עם קוקו,,150.00,100 גרם,false,,4.90,0.0327,true,1,73530
7290108505207,false,יוגורט ען אוכמניות 0% שומן 150 גרם,Euro יורו מחלבות אירופה,GR,יוגורט יווני עם אוכמ,,150.00,100 גרם,false,,4.90,0.0327,true,1,73532
7290108505719,false,גבינת מוצרלה מגורדת 25% שומן 200גר,יורו צ'יז Euro Cheese,TR,גבינת מוצרלה מגורדת,,200.00,100 גרם,false,,12.80,0.0640,true,1,74987
7290108505740,false,גבינת קשקבל חצי קשה25% שומן 200גר,Euro יורו מחלבות אירופה,TR,גבינת קשקבל חצי קשה,,200.00,100 גרם,false,,12.80,0.0640,true,1,74990
7290108506426,false,בייגלה קראנצ'י טורקי אותנטי - מוקפא,וילי פוד,TR,סימיט בייגלה קפוא 40,,400.00,100 גרם,false,,19.90,0.0497,true,1,65627
7290108506495,false,"כנאפה מאפה בצק ""שערות"" קדאיף וגבינה",ארמה גרופ,TR,כנאפה קפוא 192.5 גרם,,192.50,100 גרם,false,,11.90,0.0618,true,1,65612
7290108506969,false,מאפה בורקס מים תורכי - גבינה 300 ג',וילי פוד,TR,מ.בורקס מים תורכי גב,,300.00,100 גרם,false,,9.90,0.0330,true,1,73264
7290108507645,false,ביסקויט פריך בשוקולד מריר 100 גרם -קהילות,מודרן צ'יקולטה,TR,ביסקויט פריך בשוקולד,,100.00,100 גרם,false,,6.90,0.0690,true,1,243981
7290108509113,false,"גבינה בולגרית מעודנת 18% שומן 250 גרם חת""ס פ""ת",Euro יורו מחלבות אירופה,TR,גבינה בולגרית מעודנת,,250.00,100 גרם,false,,11.90,0.0476,true,1,164082
7290108509359,false,פופקורן בציפוי בטעם קרמל 90 ג' ויליפוד,סנרו ס.א,UA,פופקורן בציפוי בטעם,,90.00,100 גרם,false,,7.90,0.0878,true,1,235271
7290108509700,false,"אורז פרסי דוואט 1 ק""",אל טי פוד,IN,"אורז פרסי 1 ק""ג DAAW",קילוגרמים,1.00,"ק""ג",false,,9.90,9.9000,true,1,209151
7290108509939,false,פרוסות פילה טונה בשמן זית כתית מעולה,וילי פוד,,פרוסות פילה טונה 120,,120.00,100 גרם,false,,12.90,0.1075,true,1,229207
7290108620108,false,"יין קברנה סוביניון אימפריאל 750 מ""ל",יקבי ציון,IL,יין קברנה סובניון אי,,750.00,"100 מ""ל",false,,30.20,0.0403,true,1,84190
7290109071985,false,כפפות גבר,,,כפפות גבר,יחידה,0.00,יחידה,false,,29.90,0.0000,true,1,31373
7290109351025,false,מלך החומוס חומוסטחינה 40% טחינה גולמית,סלטי צבר,IL,מלך החומוס חומוס טחי,,400.00,100 גרם,false,,13.90,0.0348,true,1,19956
7290109354101,false,לחמית ללא גלוטן 200 ג' אסם,אסם,IL,לחמית ללא גלוטן 200,,200.00,100 גרם,false,,9.90,0.0495,true,1,19149
7290109580098,false,קבנוס בטעם סרירצ'ה 135 ג' זוגלובק,זוגלובק,IL,קבנוס בטעם סרירצ'ה ז,,135.00,100 גרם,false,,10.90,0.0807,true,1,257758
7290109580104,false,רוסביף פרימיום 150 גרם זוגלובק,זוגלובק,IL,רוסטביף זוגלובק פרמי,,150.00,100 גרם,false,,24.90,0.1660,true,1,139003
7290109580111,false,"צלעות אסאדו מעושנות פרימיום, 120 גרם",זוגלובק,IL,צלעות אסאדו מעושנות,,180.00,100 גרם,false,,24.90,0.1383,true,1,248197
7290109580159,false,זוגלובק פרימיום פסטרמה בנוסח טוסקנה,זוגלובק,IL,פסטרמה בנוסח טוסקנה,,180.00,100 גרם,false,,24.90,0.1383,true,1,139006
7290109580241,false,נאגטס מן הצומח זוגלובק 500 גרם,זוגלובק טבע,IL,נאגטס מן הצומח זוגלו,,500.00,100 גרם,false,,19.90,0.0398,true,1,293346
7290109580432,false,פסטרמה חזה הודו מעושן 120 גר' זוגלובק,זוגלובק,IL,פסטרמה אקסטרה מעושנת,,120.00,100 גרם,false,,13.50,0.1125,true,1,293586
7290109920146,false,"דורגול מסיר אבנית מקומקומים 750 מ""ל",דורינג,,דורגול מסיר אבן לקומ,,750.00,"100 מ""ל",false,,17.90,0.0239,true,1,11394
7290109923031,false,"מרסס פרמיום ארומטיק למקלחון 750 מ""ל אסטוניש",אסטוניש,GB,אסטוניש פרימיום ארומ,,750.00,"100 מ""ל",false,,14.90,0.0199,true,1,261860
7290109923048,false,"אסטוניש - מרסס פרמיום ארומטיק לכל הבית 750 מ""ל",אסטוניש,GB,אסטוניש פרימיום ארומ,,750.00,"100 מ""ל",false,,14.90,0.0199,true,1,261861
7290109923147,false,אסטוניש מהדורה פרימיום פלא של אקונומיקה,יעקבי- אסטוניש Astonish,GB,אסטוניש מרסס פלא של,,750.00,"100 מ""ל",false,,11.90,0.0159,true,1,301853
7290110110369,false,שישיית בירה קרלסברג LUMA בקבוק 330 מל,מבשלות בירה בינלאומי,IL,שישיית בירה קרלסברג,ליטרים,1.98,ליטר,false,,35.90,18.1313,true,1,76809
7290110110574,false,"קוקה קולה זירו לימון פחית 330 מ""ל",החברה המרכזית לייצור,IL,פחית סליק קולה ZERO,,330.00,"100 מ""ל",false,,5.50,0.0167,true,1,7190
7290110110659,false,"ספרייט לימון ליים פחית 330מ""ל",החברה המרכזית לייצור,IL,סליק ספרייט חדש 330,,330.00,"100 מ""ל",false,,5.50,0.0167,true,1,7196
7290110111557,false,"משקה ספורט איזוטוני בטעם פירות 500 מ""ל פאוורייד",Caslino al Piano pla,IT,משקה ספורט איזוטוני,,500.00,"100 מ""ל",false,,10.00,0.0200,true,1,268590
7290110113476,false,בירה קרלסברג ללא אלכוהול - שישייה,קרלסברג רומניהיבואן:,IL,קרלסברג 0.0 בקבוק 6*,ליטרים,1.98,ליטר,false,,30.90,15.6061,true,1,54306
7290110114787,false,נביעות + תפוח 1.5 ליטר פיקדון,נביעות טבע הגליל בעמ,IL,נביעות + תפוח 1.5 לי,ליטרים,1.50,ליטר,false,,8.90,5.9333,true,1,210771
7290110114794,false,נביעות + אפרסק 1.5 ליטר פיקדון,"נביעות טבע הגליל בע""",IL,נביעות + אפרסק 1.5 ל,ליטרים,1.50,ליטר,false,,8.90,5.9333,true,1,210785
7290110114800,false,נביעות פלוס בטעם ענבים 1.5 ליטר-,"נביעות טבע הגליל בע""",IL,נביעות + ענבים 1.5 ל,ליטרים,1.50,ליטר,false,,8.90,5.9333,true,1,210786
7290110114824,false,נביעות+רכיבי פרי אבטיח 1.5 ליטר פיקדון,"נביעות טבע הגליל בע""",IL,נביעות+ פרי אבטיח 1.,ליטרים,1.50,ליטר,false,,8.90,5.9333,true,1,211001
7290110114855,false,"נביעות מים מינרליים, שישיה 6 * 1.5 ליטר פקדון",נביעות טבע הגליל בעמ,IL,מי נביעות שישייה 1.5,ליטרים,9.00,ליטר,false,,13.90,1.5444,true,1,210841
7290110114893,false,פריגת סחוט טרי תפוז 2 ליטר,פריגת מצוננים,IL,פריגת סחוט תפוזים 2,ליטרים,2.00,ליטר,false,,29.20,14.6000,true,1,210669
7290110114954,false,מיץ תפוזים מתקתקים 100% 2 ל' פריגת,"גת,גבעת חיים",IL,מיץ תפוזים מתקתק 100,ליטרים,2.00,ליטר,false,,22.20,11.1000,true,1,210685
7290110114961,false,מיץ בטעם תפוזים 1.5ל' פריגת,מבשלות בירה בינלאומי,IL,פריגת תפוזים 1.5 ליט,ליטרים,1.50,ליטר,false,,8.90,5.9333,true,1,210855
7290110114985,false,פריגת אשכולית 1.5 ליטר פיקדון,מבשלות בירה בינלאומי,IL,פריגת אשכולית 1.5 לי,ליטרים,1.50,ליטר,false,,8.90,5.9333,true,1,210883
7290110114992,false,פריגת light אשכולית 1.5 ליטר פיקדון,מבשלות בירה בינלאומי,IL,פריגת דיאט אשכולית 1,ליטרים,1.50,ליטר,false,,8.50,5.6667,true,1,210884
7290110115005,false,פריגת ענבים 1.5 ליטר פיקדון,מבשלות בירה בינלאומי,IL,פריגת ענבים 1.5 ליטר,ליטרים,1.50,ליטר,false,,8.90,5.9333,true,1,210898
7290110115012,false,מיץ ענבים בניחוח מרלו 1.5 ל' פריגת,פריגת,IL,פריגת ענבים בניחוח מ,ליטרים,1.50,ליטר,false,,8.90,5.9333,true,1,210899
7290110115029,false,"פריגת משק""ל תפוח 1.5 ליטר פיקדון",מבשלות בירה בינלאומי,IL,פריגת תפוחים 1.5 ליט,ליטרים,1.50,ליטר,false,,8.90,5.9333,true,1,210926
7290110115043,false,פריגת לימונענע 1.5 ליטר פיקדון,מבשלות בירה בינלאומי,IL,פריגת לימונענע 1.5 ל,ליטרים,1.50,ליטר,false,,8.90,5.9333,true,1,210942
7290110115050,false,פריגת מיקס תות בננה 1.5 ליטר פיקדון,מבשלות בירה בינלאומי,IL,פריגת מיקס תות בננה,ליטרים,1.50,ליטר,false,,8.90,5.9333,true,1,210943
7290110115074,false,פריגת תפוח דובדבן 1.5 ליטר פיקדון,מבשלות בירה בינלאומי,IL,פריגת דובדבן 1.5 ליט,ליטרים,1.50,ליטר,false,,8.90,5.9333,true,1,211032
7290110115081,false,פריגת צלול ענבים 1.5 ליטר פיקדון,מבשלות בירה לישראל ב,IL,פריגת צלול ענבים 1.5,ליטרים,1.50,ליטר,false,,8.50,5.6667,true,1,211048
7290110115098,false,פריגת צלול תפוחים 1.5 ליטר פיקדון,מבשלות בירה לישראל ב,IL,פריגת צלול תפוח 1.5,ליטרים,1.50,ליטר,false,,8.50,5.6667,true,1,211049
7290110115104,false,פריגת צלול אפרסק 1.5 ליטר פיקדון,מבשלות בירה בינלאומי,IL,פריגת צלול אפרסק 1.5,ליטרים,1.50,ליטר,false,,8.50,5.6667,true,1,211064
7290110115111,false,פריגת צלול אננס 1.5 ליטר פיקדון,מבשלות בירה לישראל ב,IL,פריגת צלול אננס 1.5,ליטרים,1.50,ליטר,false,,8.50,5.6667,true,1,211065
7290110115128,false,פריגת צלול בטעם לימונענע 1.5 ליטר פיקדון,מבשלות בירה לישראל ב,IL,פריגת צלול בטעם לימו,ליטרים,1.50,ליטר,false,,8.50,5.6667,true,1,211066
7290110115180,false,מים נביעות בקבוק 1.5,"נביעות טבע הגליל בע""",IL,נביעות 1.5 ליטר,ליטרים,1.50,ליטר,false,,3.20,2.1333,true,1,227067
7290110115203,false,קוקה קולה 1.5 ליטר פיקדון,קוקה קולה Coca Cola,IL,קוקה קולה 1.5 ליטר,ליטרים,1.50,ליטר,false,,8.90,5.9333,true,1,211069
7290110115210,false,דיאט קוקה קולה 1.5 ליטר פיקדון,קוקה קולה Coca Cola,IL,דיאט קוקה קולה 1.5 ל,ליטרים,1.50,ליטר,false,,8.50,5.6667,true,1,211070
7290110115227,false,קוקה קולה זירו 1.5 ליטר -,קוקה קולה Coca Cola,IL,קוקה קולה זירו בקבוק,ליטרים,1.50,ליטר,false,,8.50,5.6667,true,1,211087
7290110115234,false,קוקה קולה זירו נטול 1.5 ליטר -,החברה המרכזית לייצור,IL,קולה ZERO נטול 1.5 ל,ליטרים,1.50,ליטר,false,,8.50,5.6667,true,1,211088
7290110115241,false,קוקה קולה זירו לימון 1.5 ליטר -,החברה המרכזית לייצור,IL,קולה ZERO לימון 1.5,ליטרים,1.50,ליטר,false,,8.50,5.6667,true,1,211089
7290110115265,false,ספרייט לימון ליים 1.5 ליטר-,החברה המרכזית לייצור,IL,ספרייט 1.5 ליטר LIME,ליטרים,1.50,ליטר,false,,8.90,5.9333,true,1,211149
7290110115272,false,ZERO ספרייט זירו 1.5 ליטר פיקדון,החברה המרכזית לייצור,IL,ספרייט זירו 1.5 ליטר,ליטרים,1.50,ליטר,false,,8.50,5.6667,true,1,211163
7290110115289,false,ספרייט 19 קל' לימון-נענע 1.5 ליטר פיקדון,החברה המרכזית לייצור,IL,ספרייט 19 קלוריות לי,ליטרים,1.50,ליטר,false,,8.50,5.6667,true,1,211192
7290110115296,false,פאנטה אורנג' 1.5 ליטר פיקדון,החברה המרכזית לייצור,IL,פאנטה אורנג' 1.5 ליט,ליטרים,1.50,ליטר,false,,8.90,5.9333,true,1,211206
7290110115302,false,פאנטה ZERO אורנג' 1.5 ליטר פיקדון,החברה המרכזית לייצור,IL,פאנטה זירו בטעם אורנ,ליטרים,1.50,ליטר,false,,8.90,5.9333,true,1,211207
7290110115319,false,פאנטה אקזוטיק 1.5 ליטר פיקדון,החברה המרכזית לייצור,IL,פאנטה אקזוטיק 1.5 לי,ליטרים,1.50,ליטר,false,,8.90,5.9333,true,1,211223
7290110115333,false,פאנטה תות 1.5 ליטר פיקדון,החברה המרכזית לייצור,IL,פאנטה תות 1.5 ליטר,ליטרים,1.50,ליטר,false,,8.90,5.9333,true,1,211238
7290110115340,false,פאנטה ענבים 1.5 ליטר פיקדון,קוקה קולה,IL,פאנטה ענבים 1.5 ליטר,ליטרים,1.50,ליטר,false,,8.90,5.9333,true,1,211252
7290110115357,false,קינלי סודה 1.5 ליטר פיקדון,קינלי Kinley,IL,קינלי סודה 1.5 ליטר,ליטרים,1.50,ליטר,false,,3.50,2.3333,true,1,211266
7290110115364,false,קוקה קולה שישיות 1.5 ליטר פיקדון,החברה המרכזית לייצור,IL,קוקה קולה 6*1.5 ליטר,ליטרים,9.00,ליטר,false,,49.90,5.5444,true,1,211091
7290110115388,false,ספרייט ליים שישיות 1.5 ליטר פיקדון,החברה המרכזית לייצור,IL,ספרייט 6*1.5 ליטר L,ליטרים,9.00,ליטר,false,,49.90,5.5444,true,1,211164
7290110115395,false,ZERO ספרייט שישיות 1.5 ליטר פיקדון,החברה המרכזית לייצור,IL,ספרייט זירו 6* 1.5 ל,ליטרים,9.00,ליטר,false,,47.10,5.2333,true,1,211178
7290110115401,false,קינלי סודה שישייה 1.5 ליטר פיקדון,החברה המרכזית לייצור,IL,קינלי סודה 6*1.5 ליט,ליטרים,9.00,ליטר,false,,14.90,1.6556,true,1,222275
7290110115418,false,מארז שישייה קוקה קולה זירו 1.5 ל',החברה המרכזית לייצור,IL,קוקה קולה זירו שישיי,ליטרים,9.00,ליטר,false,,46.90,5.2111,true,1,211107
7290110115425,false,FUZE TEA גרין לימונענע -נענע 1.5 ליטר פיקדון,מבשלות בירה בינלאומי,IL,פיוז טי לימון נענע 1,ליטרים,1.50,ליטר,false,,8.90,5.9333,true,1,211281
7290110115449,false,אייס תה בטעם מנגו אננס 1.5ל' FUZE TEA,מבשלות בירה בינלאומי,IL,פיוז טי מנגו אננס 1.,ליטרים,1.50,ליטר,false,,9.50,6.3333,true,1,211283
7290110115456,false,"תה קר בטעם אפרסק 19 קלוריות ב- 100 מ""ל",מבשלות בירה בינלאומי,IL,פיוז טי אפרסק 19 קל,ליטרים,1.50,ליטר,false,,8.90,5.9333,true,1,211298
7290110115463,false,אייס תה בטעם אפרסק 1.5ל' FUZE TEA,מבשלות בירה בינלאומי,IL,פיוז טי אפרסק 1.5 לי,ליטרים,1.50,ליטר,false,,9.50,6.3333,true,1,211299
7290110115494,false,אייס תה בטעם ענבים 1.5ל' FUZE TEA,מבשלות בירה בינלאומי,IL,פיוז טי ענבים 1.5 לי,ליטרים,1.50,ליטר,false,,9.50,6.3333,true,1,211315
7290110115531,false,פאנטה אורנג' זירו תפוח 1.5 ליטר-,החברה המרכזית לייצור,IL,פאנטה זירו בטעם תפוח,ליטרים,1.50,ליטר,false,,8.90,5.9333,true,1,211208
7290110115593,false,פריגת אשכוליות 40% פחות סוכר 1.5 ליטר פיקדון,מבשלות בירה בינלאומי,IL,משקה קל בטעם אשכוליו,ליטרים,1.50,ליטר,false,,8.50,5.6667,true,1,211034
7290110115609,false,פריגת ענבים 40% פחות סוכר 1.5 ליטר פיקדון,מבשלות בירה בינלאומי,IL,משקה קל בטעם ענבים 4,ליטרים,1.50,ליטר,false,,8.50,5.6667,true,1,211050
7290110115616,false,FUZE tea zero גרין אננס 1.5 ליטר פיקדון,מבשלות בירה בינלאומי,IL,פיוז טי ZERO גרין אנ,ליטרים,1.50,ליטר,false,,8.90,5.9333,true,1,239861
7290110115869,false,קוקה קולה זירו 1.5 ליטר פיקדון,תות תעשיות מזון (201,IL,קוקה קולה זירו בקבוק,ליטרים,1.50,ליטר,false,,8.50,5.6667,true,1,341854
7290110116064,false,פאנטה ZERO פירות ירוק 1.5 ליטר פיקדון,החברה המרכזית לייצור,IL,פאנטה זירו 1.5 ליטר,ליטרים,1.50,ליטר,false,,8.90,5.9333,true,1,279326
7290110116125,false,סירופ בטעם פטל 750 מל פריגת,סירופ - גבעת חיים,IL,סירופ פריגת טעם פטל,,750.00,"100 מ""ל",false,,18.90,0.0252,true,1,294202
7290110116132,false,סירופ בטעם לימון 750 מל פריגת,סירופ - גבעת חיים,IL,סירופ פריגת טעם לימו,,750.00,"100 מ""ל",false,,18.90,0.0252,true,1,294203
7290110116156,false,נביעות+רכיבי פרי מנגו-פסיפלורה 1.5 ליטר-,נביעות,IL,נביעות+ פרי בטעם מנג,ליטרים,1.50,ליטר,false,,8.90,5.9333,true,1,310925
7290110116170,false,נביעות+רכיבי פרי אננס-קוקוס 1.5 ליטר-,נביעות,IL,נביעות+ פרי בטעם אננ,ליטרים,1.50,ליטר,false,,8.90,5.9333,true,1,310926
7290110116194,false,נביעות+ סדרת 0 קלוריות לימון-ליים 1.5 לי,"נביעות טבע הגליל בע""",IL,נביעות+ לימון ליים 0,ליטרים,1.50,ליטר,false,,9.90,6.6000,true,1,311000
7290110116200,false,מים 0 קלוריות בטעם לימון-ליים 0.5 ל נביעות,"נביעות טבע הגליל בע""",IL,נביעות+ פרי בטעם מנג,,500.00,"100 מ""ל",false,,6.20,0.0124,true,1,311015
7290110116217,false,נביעות+ סדרת 0 קלוריות אשכוליות 1.5 ליטר,"נביעות טבע הגליל בע""",IL,נביעות+ אשכולית 0 קל,ליטרים,1.50,ליטר,false,,8.90,5.9333,true,1,310985
7290110116224,false,מים 0 קלוריות בטעם אשכולית 0.5 ל נביעות,"נביעות טבע הגליל בע""",IL,נביעות+ אשכולית 0 קל,,500.00,"100 מ""ל",false,,6.20,0.0124,true,1,311016
7290110320591,false,פיראוס בולגרית מעודנת 16% 250 גר,פיראוס,IL,בולגרית 16% במרקם מע,,250.00,100 גרם,false,,20.80,0.0832,true,1,26174
7290110320683,false,משקה יופלה 360 בטעם תות אריזת שמיניה,מיוצר עי קונדיטוריית,IL,משקה יופלה שמיניה בט,,856.00,"100 מ""ל",false,,17.90,0.0209,true,1,26180
7290110320850,false,פתיתים גבינה חצי קשה מגורדת 28% שומן,תנובה מרכז שיתופי לש,IL,עמק פתיתים 200 גרם,,200.00,100 גרם,false,,14.90,0.0745,true,1,26190
7290110320867,false,פתיתים גבינה חצי קשה מגורדת 28% שומן,תנובה מרכז שיתופי לש,IL,עמק פתיתים למאפים 28,,500.00,100 גרם,false,,34.90,0.0698,true,1,26191
7290110321031,false,מעדן חלב GO יוגורט מועשר בחלבון טבעי 200 ג' יופלה,"תנובה, מחלבת אלון תב",IL,יופלה גו 200 גרם תנו,,200.00,100 גרם,false,,4.80,0.0240,true,1,26204
7290110321277,false,קוטג' בקטנה % 5 100 ג' תנובה,פארייפאבה אגרואינדוס,IL,קוטג' תנובה בקטנה 5,,100.00,100 גרם,false,,2.30,0.0230,true,1,26222
7290110321284,false,קוטג' בקטנה 9% 100 ג' תנובה,פארייפאבה אגרואינדוס,IL,קוטג' תנובה בקטנה 9,,100.00,100 גרם,false,,2.30,0.0230,true,1,26223
7290110321604,false,קוביות פיראוס בולגרית מעודנת 5% 200 גרם - רבנות,פיראוס,IL,פיראוס קוביות בולגרי,,200.00,100 גרם,false,,19.80,0.0990,true,1,26239
7290110321680,false,יוגורט GO בטעם תות 20 גרם חלבון בגביע,מיוצר עי קונדיטוריית,IL,יופלה גו בטעם תות 20,,200.00,100 גרם,false,,6.20,0.0310,true,1,26245
7290110321697,false,יוגורט GO בטעם אפרסק 20 גרם חלבון בגביע,מיוצר עי קונדיטוריית,IL,יופלה גו בטעם אפרסק,,200.00,"100 מ""ל",false,,6.20,0.0310,true,1,26246
7290110321703,false,יוגורט GO בטעם פירות יער 20 גרם חלבון בגביע,מיוצר עי קונדיטוריית,IL,יופלה גו בטעם פרות י,,200.00,"100 מ""ל",false,,6.20,0.0310,true,1,26247
7290110321789,false,גבינה מסקרפונה 38% השף הלבן 250 גר,תנובה,IL,גבינת מסקרפונה 38% ש,,250.00,100 גרם,false,,18.80,0.0752,true,1,26253
7290110322014,false,טופו בטעם טבעי תנובה ALTERNATIVE,שוורצקוף& הנקל דיסלד,IL,טופו טבעי 300 גרם,,300.00,100 גרם,false,,12.90,0.0430,true,1,26266
7290110322038,false,טופו פיקנטי תנובה ALTERNATIVE,תנובה Alternative,IL,טופו פיקנטי 300 גרם,,300.00,100 גרם,false,,12.90,0.0430,true,1,26268
7290110322946,false,יופלה טיוב יוגורט במרקם חלק בטעם תות בננה כשרות רבנות 348 ג',תנובה,IL,יופלה טיוב יוגורט במ,,348.00,"100 מ""ל",false,,11.80,0.0339,true,1,26290
7290110323097,false,מעדן גבינה עם תות 5% שומן 80 ג' תנובה,תנובה,IL,תאומים 80 גרם גביע ב,,80.00,100 גרם,false,,2.00,0.0250,true,1,26297
7290110323585,false,יופלה יוגורט עם דובדבן מופחת קלוריות 200 ג' GO,יופלה Yoplait,IL,יופלה GO לייט עם דוב,,200.00,100 גרם,false,,6.20,0.0310,true,1,26331
7290110323714,false,משקה קוקוס שקדים תנובה E אלטרנטיב,מיוצר עי קונדיטוריית,IL,תנובה משקה קוקוס שקד,יחידה,0.00,יחידה,false,,13.50,0.0000,true,1,26343
7290110323998,false,מאגדת שמינייה מיני קרלו קצפת 8*77 ג',תנובה מרכז שיתופי לש,IL,מאגדת 8 מיני קרלו ק,,616.00,100 גרם,false,,12.50,0.0203,true,1,161455
7290110324070,false,גבינת חלומי מחלב בקר 22%שומן 200גר,"תנובה בע""מ",IL,גבינת חלומי מחלב בקר,,200.00,100 גרם,false,,18.90,0.0945,true,1,26367
7290110324353,false,יוגורט GO לייט בטעם אננס 20 גרם חלבון בגביע,"תנובה בע""מ",IL,יופלה גו לייט בטעם א,,200.00,100 גרם,false,,6.20,0.0310,true,1,26384
7290110324551,false,יופלה טיוב יוגורט במרקם חלק בטעם תות 348 ג',יופלה Yoplait,IL,יופלה טיוב יוגורט במ,,348.00,"100 מ""ל",false,,11.80,0.0339,true,1,26402
7290110324711,false,"ממרח סויה בסגנון גבינה טעם טבעי בד""צ",מיוצר עי קונדיטוריית,IL,ממרח סויה 9% בטעם טב,,250.00,100 גרם,false,,7.80,0.0312,true,1,26411
7290110324728,false,ממרח סויה עם שום שמיר 9% שומן אלטרנטיב,מיוצר עי קונדיטוריית,IL,ממרח סויה 9% עם שום,,250.00,100 גרם,false,,7.80,0.0312,true,1,26412
7290110324858,false,מעדן שקדים בטעם אגוזי לוז אלטרנטיב,תנובה Alternative,IL,מעדן שקדים בטעם אגוז,,125.00,100 גרם,false,,4.50,0.0360,true,1,26422
7290110324872,false,גבינה צהובה גלבוע 5% שומן 200 גרם,גלבוע - תנובה,IL,גלבוע גבינה פרוסה 5%,,200.00,100 גרם,false,,18.90,0.0945,true,1,26423
7290110324926,false,משקה סויה ללא תוספת סוכר E אלטרנטיב,תנובה מרכז שיתופי לש,IL,משקה סויה ללא תוספת,יחידה,0.00,יחידה,false,,10.40,0.0000,true,1,26426
7290110325114,false,"משקה יוגורט יופלה גו לייט תות בננה 250 מ""ל - רבנות",מיוצר עי קונדיטוריית,IL,יופלה משקה יוגורט גו,,250.00,"100 מ""ל",false,,6.50,0.0260,true,1,26438
7290110325305,false,מעדן סויה GO מועשר בחלבון במתיקות מעודנת,מיוצר עי קונדיטוריית,IL,יופלה סויה גו 20 גרם,,200.00,100 גרם,false,,6.20,0.0310,true,1,26442
7290110325619,false,משקה שיבולת שועל תנובה E אלטרנטיב,מיוצר עי קונדיטוריית,IL,תנובה משקה שיבולת שו,יחידה,0.00,יחידה,false,,13.50,0.0000,true,1,26452
7290110325893,false,משקה חלב GO מועשר בחלבון בטעם אייס קפה,מיוצר עי קונדיטוריית,IL,משקה תנובה GO אייס ק,,340.00,100 גרם,false,,7.90,0.0232,true,1,26471
7290110326173,false,יולו COOKIES שוקולדלבן בטעם קרם עוגיות+עוגיות ונטיפי שוקולד 120 ג',תנובה,IL,יולו קוקיז ש.לבן בטע,,120.00,100 גרם,false,,4.80,0.0400,true,1,70902
7290110326210,false,יופלה און טופ פצפוצים 157 גרם.,מיוצר עי קונדיטוריית,IL,יופלה און טופ פצפוצי,,157.00,100 גרם,false,,4.90,0.0312,true,1,62267
7290110326227,false,יוגורט און טופ קורנפלקס 157 ג' יופלה,מיוצר עי קונדיטוריית,IL,יופלה און טופ קורנפל,,157.00,100 גרם,false,,4.90,0.0312,true,1,62268
7290110326234,false,יוגורט און טופ כוכבים 157 ג' יופלה,מיוצר עי קונדיטוריית,IL,יופלה און טופ כוכבים,,157.00,100 גרם,false,,4.90,0.0312,true,1,62269
7290110326241,false,ייופלה און טופ גרנולה 157 גרם,מיוצר עי קונדיטוריית,IL,יופלה און טופ גרנולה,יחידה,157.00,יחידה,false,,4.90,0.0312,true,1,62270
7290110326333,false,פרוסות גבינה בסגנון סקנדינבי 31%,פ.פ.ח. שאביט,IL,פרוסות גבינה סקנדינב,,170.00,100 גרם,false,,18.90,0.1112,true,1,152974
7290110327514,false,משקה שיבולת שועל בטעם אגוזי לוז 1 ליטר אלטרנטיב,תנובה מרכז שיתופי לש,IL,משקה שיבולת שועל בטע,יחידה,0.00,יחידה,false,,13.50,0.0000,true,1,173917
7290110327637,false,יוגורט דיאט יופלה קיווי 0% שומן 150 ג' יופלה,תנובה מרכז שיתופי לש,IL,יופלה דיאט בטעם קיוו,,150.00,"100 מ""ל",false,,5.10,0.0340,true,1,114542
7290110327804,false,חטיף חלבון GO - עוגיות 60 ג' חלב נוכרי - רבנות,"בלמונט קונפקציות בע""",US,GO חטיף חלבון בטעם ב,,60.00,100 גרם,false,,11.90,0.1983,true,1,157814
7290110327828,false,חטיף חלבון GO - חמאת בוטנים 60 ג' חלב נוכרי - רבנות,"בלמונט קונפקציות בע""",US,GO חטיף חלבון עם חמא,,60.00,100 גרם,false,,11.90,0.1983,true,1,157816
7290110328016,false,משקה סויה מועשר בחלבון בטעם אגוזי לוז 250 גרם,תנובה מרכז שיתופי לש,IL,משקה סויה מעושר בחלב,,250.00,100 גרם,false,,5.90,0.0236,true,1,126735
7290110328023,false,משקה סויה מועשר בחלבון בטעם קפה 250 גרם,תנובה מרכז שיתופי לש,IL,משקה סויה מעושר בחלב,,250.00,100 גרם,false,,5.90,0.0236,true,1,126736
7290110328221,false,יוגורט תנובה נטול לקטוז 200 ג',מיוצר עי קונדיטוריית,IL,יוגורט תנובה נטול לק,,200.00,100 גרם,false,,3.90,0.0195,true,1,132350
7290110328580,false,יוגורט תנובה טבעי 5% גביע 200 גרם,מיוצר עי קונדיטוריית,IL,יוגורט טבעי תנובה 5%,,200.00,100 גרם,false,,3.50,0.0175,true,1,233373
7290110328627,false,יוגורט יופלה GO במרקם סמיך בטעם בננה קרמל 0%,מיוצר עי קונדיטוריית,IL,יוגורט גו סמיך 0% בנ,,200.00,100 גרם,false,,6.20,0.0310,true,1,161439
7290110328641,false,טופו טבעי אלטרנטיב ז,תנובה,IL,טופו טבעי 2 יחידות,,500.00,100 גרם,false,,17.90,0.0358,true,1,179828
7290110328764,false,יוגורט יופלה GO במרקם סמיך עם תות 0%,מיוצר עי קונדיטוריית,IL,יוגורט גו סמיך 0% תו,,200.00,100 גרם,false,,6.20,0.0310,true,1,161440
7290110328771,false,יוגורט יופלה GO במרקם סמיך עם פירות יער 0%,מיוצר עי קונדיטוריית,IL,יוגורט גו סמיך 0% פי,,200.00,100 גרם,false,,6.20,0.0310,true,1,161441
7290110328887,false,"חלב תנובה בקבוק 3%, כשרות מהדרין, 1 ליטר",תנובה מרכז שיתופי לש,IL,חלב תנובה בבקבוק 3%,ליטרים,1.00,ליטר,false,,6.23,6.2300,true,1,245361
7290110329136,false,מעדן חלב מעושר בחלבון בטעם שוקולד 120 ג' GO,תנובה מרכז שיתופי לש,IL,מעדן חלב גו בטעם שוק,,120.00,100 גרם,false,,4.60,0.0383,true,1,215767
7290110329143,false,מעדן חלב מעושר בחלבון בטעם וניל גביע 120 ג' GO,תנובה מרכז שיתופי לש,IL,מעדן חלב גו בטעם וני,,120.00,100 גרם,false,,4.60,0.0383,true,1,215739
7290110329273,false,יוגורט תנובה מחלב עיזים מלא 750 גרם,תנובה,IL,יוגורט מחלב עיזים מל,,750.00,100 גרם,false,,20.50,0.0273,true,1,179947
7290110329303,false,פרוסות בטעם צהובה קלאסית אלטרנטיב 200 גר,תנובה Alternative,IL,פרוסות צהובה קלאסית,,200.00,100 גרם,false,,21.90,0.1095,true,1,215781
7290110329709,false,יוגורט תנובה טבעי 0% גביע 200 גרם,מיוצר עי קונדיטוריית,IL,יוגורט טבעי תנובה 0%,,200.00,100 גרם,false,,3.50,0.0175,true,1,233387
7290110329792,false,יוגורט סויה BIO Alternative אפרסק 150 ג' תנובה,מיוצר עי קונדיטוריית,IL,סויה BIO אפרסק גביע,,150.00,100 גרם,false,,4.90,0.0327,true,1,239659
7290110329808,false,יוגורט סויה BIO Alternative תות 150 ג' תנובה,מיוצר עי קונדיטוריית,IL,סויה BIO תות גביע 15,,150.00,100 גרם,false,,4.90,0.0327,true,1,239660
7290110329815,false,סויה BIO מתיקות מעודנת גביע 150 גרם אלטרנטיב,מיוצר עי קונדיטוריית,IL,סויה BIO מתיקות מעוד,,150.00,100 גרם,false,,4.90,0.0327,true,1,239661
7290110329822,false,יוגורט סויה BIO Alternative פירות יער 150 ג' תנובה,מיוצר עי קונדיטוריית,IL,סויה BIO פירות יער ג,,150.00,100 גרם,false,,4.90,0.0327,true,1,239662
7290110329839,false,פרוסות צהובה בטעם זיתים 200 ג' אלטרנטיב אלטרנטיב,מיוצר עי קונדיטוריית,IL,פרוסות צהובה בטעם זי,,200.00,100 גרם,false,,21.90,0.1095,true,1,216075
7290110329846,false,יוגורט סויה BIO Alternative בטעם טבעי 150 ג' תנובה,תנובה Alternative,IL,סויה BIO טבעי גביע 1,,150.00,100 גרם,false,,4.90,0.0327,true,1,239663
7290110550370,false,פריכיות משולשות קינואה ופלפל שחור 65 גרם,שטראוס גרופ,IL,אנרגי פריכיות משולשו,,65.00,100 גרם,false,,9.90,0.1523,true,1,340219
7290110550394,false,PERFECT BITE שוקולד חלב במילוי קרם ושברי אגוזי לוז 234 גרם,"שטראוס גרופ בע""מ",IL,מיני חטיפי שוקולד PE,,234.00,100 גרם,false,,21.00,0.0897,true,1,202520
7290110551261,false,נשנושי תירס 500 גרם,או.וי אינטרנשיונל אי,TH,נשנושי תירס 500 גרם,,500.00,100 גרם,false,,12.90,0.0258,true,1,343028
7290110552220,false,יוגורט PRO בטעם תות 0% סוכר לבן 20 גרם חלבון בגביע,"שטראוס בריאות בע""מ",IL,דנונה PRO 20 גרם חלב,,200.00,100 גרם,false,,6.20,0.0310,true,1,232919
7290110552237,false,יוגורט פרו בטעם אפרסק מנגו ללא סוכר 200 ג' דנונה,"שטראוס בריאות בע""מ",IL,דנונה PRO 20 גרם חלב,,200.00,100 גרם,false,,6.20,0.0310,true,1,232905
7290110553029,false,"אנרג'י קריספס-פריכיות חומוס, עדשים ואפונה עם קייל וסלק","פרח תעשיו מזון בע""מ",IL,פריכיות חלבון קייל ח,,60.00,100 גרם,false,,9.90,0.1650,true,1,236281
7290110553098,false,מאגדת חטיפים אנרג'י מיקס צימוקים אגוזים 100X4 גרם,אנרג'י Energy - שטראוס,GB,מיקס מאגדת צימוקים א,,100.00,100 גרם,false,,17.90,0.1790,true,1,301399
7290110553135,false,נסקפה קפוצ'ינו סטיק וניל 130 ג' עלית,שטראוס,IL,נמס קפוצינו -אבקה לה,,130.00,100 גרם,false,,16.90,0.1300,true,1,349632
7290110553173,false,אנרג'י - פריכיות בטעם קרמל 40 גרם,סאנורייס בלגיום,IL,פריכיות אורז בטעם קר,,40.00,100 גרם,false,,6.90,0.1725,true,1,340398
7290110553180,false,אנרג'י - פריכיות בטעם תפוח קינמון 40 גרם,סאנורייס בלגיום,IL,פריכיות עם תפוח וקינ,,40.00,100 גרם,false,,6.90,0.1725,true,1,340399
7290110554262,false,חלבית מלבין קפה חלבי 350 ג' עלית,עלית,,מלבין קפה חלבי 350 ג,,350.00,100 גרם,false,,16.90,0.0483,true,1,248296
7290110554507,false,עלית - קפה טורקי תימני 100 גרם,שטראוס קפה בי.וי.,IL,קפה טורקי תימני עלית,,100.00,100 גרם,false,,8.90,0.0890,true,1,297207
7290110554514,false,עלית - קפה טורקי אתיופי 100 גרם,שטראוס קפה בי.וי,IL,קפה טורקי אתיופי עלי,,100.00,100 גרם,false,,8.90,0.0890,true,1,297228
7290110554583,false,מארז חטיפי צ'יטוס פאפס בטעם גבינה - 10 יחידות,שטראוס פריטו ליי (מל,IL,מארז צ'יטוס PUFFS בט,,200.00,100 גרם,false,,14.10,0.0705,true,1,225239
7290110554729,false,קפסולות עלית אספרסו 04 תואמות למכונות NESPRESSO,שטראוס קפה בי.וי,IL,עלית קפסולות אספרסו,,50.00,100 גרם,false,,16.90,0.3380,true,1,281901
7290110555009,false,פאסטה זוג מחית עגבניות 700 גרם יד מרדכי,אמיליאנה,IT,פסאטה זוגות 700 גרם,,700.00,100 גרם,false,,11.90,0.0170,true,1,323420
7290110556242,false,"שוקולד מריר פרווה 100 גר' בד""ץ תוצרת חוץ","שטראוס גרופ בע""מ.",IL,שוקולד מריר מעולה 10,,100.00,100 גרם,false,,5.20,0.0520,true,1,327889
7290110557027,false,חומוס עשיר 50% טחינה גולמית 400 ג' אחלה,מיוצר עי קונדיטוריית,IL,חומוס הסדרה עשיר ב50,,400.00,100 ליטר,false,,12.90,0.0323,true,1,215017
7290110557102,false,מעדן חלב עם שוקולד מועשר בחלבון 150 ג' שטראוס,מיוצר עי קונדיטוריית,IL,מעדן פרו חלב עם שוקו,,150.00,100 גרם,false,,5.80,0.0387,true,1,198890
7290110557133,false,מעדן הגולן וניל 125 ג' שטראוס,מיוצר עי קונדיטוריית,IL,מעדן הגולן מעדן חלב,,125.00,100 גרם,false,,3.10,0.0248,true,1,209391
7290110558130,false,יוגורט אקטיביה שיבולת שועל ודבש 150 גרם,"שטראוס בריאות בע""מ",IL,אקטיביה עם דבש ושיבו,,150.00,100 גרם,false,,4.70,0.0313,true,1,282444
7290110558154,false,דנונה לייט אנד פרי עוגת תפוחים 150ג דנונה,"שטראוס בריאות בע""מ",IL,דנונה לייט אנד פרי ת,,150.00,100 גרם,false,,4.90,0.0327,true,1,301232
7290110558215,false,"דנונה קראנצ`פיסטוק עם פיצפוץ לבן קראנצי פיסטוק, 173 גרם","שטראוס בריאות בע""מ",IL,דנונה קראנצ' בטעם פי,,173.00,100 גרם,false,,4.90,0.0283,true,1,330276
7290110558222,false,"וואו יוגורט עם שכבה בטעם בנופי פאי 5.4%, 150ג דנונה","שטראוס בריאות בע""מ",IL,WOW יוגורט בטעם בנופ,,150.00,100 גרם,false,,5.10,0.0340,true,1,301203
7290110558239,false,"וואו יוגורט עם שכבה בטעם קראק פאי 5.4%, 150 ג דנונה","שטראוס בריאות בע""מ",IL,WOW יוגורט בטעם קראק,,150.00,100 גרם,false,,5.10,0.0340,true,1,301217
7290110558253,false,"דנונה ריפרש בננה אננס וצ`יה, 250 גרם","שטראוס בריאות בע""מ",IL,יוגורט עם אננס בננה,,250.00,100 גרם,false,,5.50,0.0220,true,1,282458
7290110558284,false,יוגורט ביו מולטי 200 ג' דנונה,"שטראוס בריאות בע""מ",IL,דנונה מולטי 3% שומן,,200.00,"100 מ""ל",false,,4.40,0.0220,true,1,293360
7290110558307,false,יוגורט דנונה PRO עם שיבולת שועל במתיקות מעודנת,"שטראוס בריאות בע""מ",IL,דנונה פרו עם שיבולת,,200.00,"100 מ""ל",false,,6.30,0.0315,true,1,283008
7290110558314,false,דנונה פרו 20 ג' חלבון ללא סוכר פיסטוק 200 גרם,"שטראוס בריאות בע""מ",IL,דנונה פרו ללא סוכר 2,,200.00,100 גרם,false,,6.20,0.0310,true,1,301234
7290110558338,false,יוגורט PRO בטעם מתיקות מעודנת 1.5% שומן,"שטראוס בריאות בע""מ",IL,דנונה פרו 25 גרם חלב,,200.00,"100 מ""ל",false,,6.30,0.0315,true,1,282994
7290110558741,false,"גמדים פאוץ תפוח בננה, 100 ג' שטראוס","שטראוס בריאות בע""מ",IL,גמדים לדרך תפוח ובננ,,100.00,100 גרם,false,,5.90,0.0590,true,1,353098
7290110558918,false,עלי חסה קראנצ שטופים,שטראוס בריאות ירקות,IL,עלי חסה קראנצ שטופים,,150.00,100 גרם,false,,11.50,0.0767,true,1,329808
7290110560300,false,"הפריכיות הטעימות חומוס, עדשים שחורות, קינואה ופלפל שחור",אנרג'י Energy - שטראוס,IL,פריכיות משולשות פלפל,,30.00,100 גרם,false,,5.20,0.1733,true,1,22987
7290110560317,false,"הפריכיות הטעימות חומוס, עדשים שחורות, קינואה ומלח ים","פרח תעשיו מזון בע""מ",IL,פריכיות משולשות מלח,,30.00,100 גרם,false,,5.20,0.1733,true,1,22988
7290110560324,false,"הפריכיות הטעימות תפו""א, אורז, אפונה ומלח ים","פרח תעשיו מזון בע""מ",IL,פריכיות משולשות אפונ,,30.00,100 גרם,false,,5.20,0.1733,true,1,22989
7290110560836,false,מילקי פסק זמן מהדרין 133ג',מיוצר עי קונדיטוריית,IL,מילקי בטעם פסק זמן 1,,170.00,"100 מ""ל",false,,3.00,0.0176,true,1,23908
7290110561352,false,דנונה יוגורט ביו פרוביוטי 3% דל לקטוז 150ג',"שטראוס בריאות בע""מ",IL,דנונה ביו דל לקטוז ב,,200.00,100 גרם,false,,4.10,0.0205,true,1,23925
7290110561604,false,מארז 8 יחידות מעדן גמדים בטעם תות בננה,שטראוס גרופ,IL,שמיניית גמדים תות בנ,,800.00,100 גרם,false,,19.80,0.0248,true,1,23934
7290110563431,false,"משקה קפה קר בסגנון קלאסי 230 מ""ל 1.6% יוטבתה",האי נאם סי או אל.טי.,AT,יטבתה משקה קפה קר בס,,230.00,"100 מ""ל",false,,7.70,0.0335,true,1,23938
7290110563448,false,"משקה קפה קר בסגנון מעודן 230 מ""ל 1.6% יוטבתה",האי נאם סי או אל.טי.,AT,יטבתה משקה קפה קר בס,,230.00,"100 מ""ל",false,,7.70,0.0335,true,1,23939
7290110563462,false,חלב בבקבוק נטול לקטוז 2% יטבתה 1 ל',מחלבת יטבתה,IL,יטבתה חלב בבקבוק נטו,ליטרים,1.00,ליטר,false,,8.30,8.3000,true,1,23941
7290110564339,false,חומוס אחלה הסידרה המובחר 30% טחינה 400 גר',מיוצר עי קונדיטוריית,IL,חומוס הסדרה המובחרת,,400.00,100 גרם,false,,12.90,0.0323,true,1,23948
7290110564360,false,חומוס אחלה הסידרה המובחר 40% טחינה 400 גר',מיוצר עי קונדיטוריית,IL,חומוס אחלה עשיר ב 40,,400.00,100 ליטר,false,,12.90,0.0323,true,1,23949
7290110565435,false,ג'לי לימבו פטל חלבי שטראוס 125ג',שטראוס גרופ,IL,לימבו בטעם פטל 0% שו,,125.00,100 גרם,false,,2.50,0.0200,true,1,23964
7290110565527,false,יוגורט PRO פרו 1.5% 20 גרם חלבון בגביע,"שטראוס בריאות בע""מ",IL,דנונה PRO 20 גרם חלב,,200.00,100 גרם,false,,6.20,0.0310,true,1,23966
7290110566975,false,דנונה פרו יוגורט 0% תות עשיר בחלבון 200ג',"שטראוס בריאות בע""מ",IL,דנונה PRO 20 גרם חלב,,200.00,100 גרם,false,,6.20,0.0310,true,1,23976
7290110568238,false,"קצפת צמחית 21% שומן 250 מ""ל יוטבתה",מחלבת יטבתה,IL,קצפת צימחית 21% במתי,,250.00,"100 מ""ל",false,,7.90,0.0316,true,1,23988
7290110568276,false,משקה וניל פרו Pro מועשר בחלבון 1.5%,מחלבת יטבתה,IL,משקה פרו וניל יטבתה,,350.00,"100 מ""ל",false,,7.30,0.0209,true,1,23989
7290110568559,false,דוריטוס עלית מארז חמוץ חריף 10 יח' *25 ג',שטראוס פריטו ליי (מל,IL,מארז דוריטוס חמוץ חר,,250.00,100 גרם,false,,13.90,0.0556,true,1,24377
7290110568566,false,דוריטוס גריל עלית מארז 10 יח' *25 ג',שטראוס פריטו ליי (מל,IL,מארז דוריטוס גריל 10,,250.00,100 גרם,false,,13.90,0.0556,true,1,24378
7290110568627,false,עלית - פסק זמן רול שוקולד חלב עם קרם אגוזים 26 גרם,עלית,TR,פסק זמן רול ש.חלב עם,,28.00,100 גרם,false,,3.90,0.1393,true,1,62700
7290110570125,false,"משקה קפה קר בטעם אייריש קרים230 מ""ל יוטבתה",אנסטל מילק kg,AT,קפה קר אייריש קרים 2,,230.00,"100 מ""ל",false,,7.70,0.0335,true,1,330202
7290110571375,false,"אנרג'י מיקס תערובת צימוקים, תמרים, טופי ושברי פקאן",אנרג'י Energy - שטראוס,GB,מיקס מאגדת צימוקים ת,,100.00,100 גרם,false,,17.90,0.1790,true,1,301401
7290110571382,false,מעדן חלב בטעם וניל מעושר בחלבון 150 ג' שטראוס,"שטראוס בריאות בע""מ",IL,מעדן חלב מועשר בחלבו,,150.00,100 גרם,false,,5.00,0.0333,true,1,268491
7290110571405,false,עלית - מיני פינוקיות בגביע פסק זמן 180 גרם,הגביע מוצרי ופלים בע,IL,מיני פינוקיות פסק זמ,,180.00,100 גרם,false,,10.90,0.0606,true,1,349602
7290110571412,false,מיני פינוקיות - פאדג' שוקולד בגביע 180 גרם,הגביע מוצרי ופלים בע,IL,מיני פינוקיות בגביע,,180.00,100 גרם,false,,10.90,0.0606,true,1,349587
7290110571535,false,מארז קפה טורקי הל 3*100 ג' עלית,שטראוס קפה בי.וי,IL,קפה עלית טורקי הל מא,,300.00,100 גרם,false,,24.90,0.0830,true,1,273510
7290110572129,false,כיף כף מקלות שוקולד לבן 40 ג' עלית,סולן בעבור שטראוס,TR,כיף כף מקלות שוקולד,,40.00,100 גרם,false,,5.20,0.1300,true,1,352242
7290110572884,false,"קפסולות קפה מספר 20 למכונת אספרס אספרסו, 50 גרם",שטראוס קפה בי.וי.,IL,קפסולות אספרסו קפה ע,,50.00,100 גרם,false,,16.90,0.3380,true,1,349753
7290110572969,false,כיף כף פצפצים עקרם לבן 40ג' עלית,שולן צ'יקולטה גידה ס,TR,כיף כף פצפצים קרם לב,,40.00,100 גרם,false,,5.20,0.1300,true,1,301329
7290110572976,false,כיף כף פצפצים בגביע במילוי קרם בטעם שוקולד לבן,שולן צ'יקולטה גידה ס,TR,כיף כף פצפצים קרם לב,,135.00,100 גרם,false,,10.40,0.0770,true,1,301275
7290110574413,false,עלית - פופקורן בטעם טעמי 70 גרם,סראנו בעבור שטראוס,קפריסין,נשנושי פופקורן מתוק,,70.00,100 גרם,false,,7.90,0.1129,true,1,358086
7290110574420,false,עלית - פופקורן בטעם פסק זמן 70 גרם,סראנו בעבור שטראוס,קפריסין,נשנושי פופקורן מתוק,,70.00,100 גרם,false,,7.90,0.1129,true,1,358087
7290110576318,false,מאגדת שלישיית שוקולד אגוז לבן 300 ג' עלית,סמואה,FR,מארז שלישיית אגוז ל,,300.00,100 גרם,false,,23.10,0.0770,true,1,331259
7290110576370,false,מארז שלישייה שוקולד מריר חלבי עם אגוזי לוז,סמואה,FR,מארז שלישיית אגוז מ,,300.00,100 גרם,false,,23.10,0.0770,true,1,331260
7290110576387,false,מאגדת שלישיית שוקולד אגוז חלב 300 ג' עלית,שטראוס,FR,מארז שלישיית אגוז ח,,300.00,100 גרם,false,,23.10,0.0770,true,1,331261
7290110576752,false,טבלאות שוקולד ספלנדיד מריר 70% 100 ג' עלית,קימ'ס גריפלנן,BE,שוקולד ספלנדיד מריר,,100.00,100 גרם,false,,10.90,0.1090,true,1,349854
7290110576776,false,טבלאות שוקולד ספלנדיד מריר 85% 100 ג' עלית,קימ'ס גריפלנן,BE,שוקולד ספלנדיד מריר,,100.00,100 גרם,false,,10.90,0.1090,true,1,349855
7290110576790,false,סקי בטעם מוקה 125 ג' שטראוס,"שטראוס בריאות בע""מ",IL,מעדן גבינה בטעם מוקה,,125.00,100 גרם,false,,4.10,0.0328,true,1,330217
7290110576868,false,רבעיית גמדים סלט פירוט * 100 ג' שטראוס,שטראוס גרופ,IL,גמדים סלט פירות רביע,,400.00,"100 מ""ל",false,,11.30,0.0283,true,1,331967
7290110577711,false,"משקה שייק חלבון מי גבינה עם אפרסק ומנגו350מ""ל יטבתה",מחלבת יטבתה,IL,שייק חלבון whey אפרס,,350.00,"100 מ""ל",false,,7.90,0.0226,true,1,350323
7290110577728,false,"משקה שייק חלבון מי גבינה עם פירות יער 350מ""ל יטבתה",מחלבת יטבתה,IL,שייק חלבון whey עם פ,,350.00,"100 מ""ל",false,,7.90,0.0226,true,1,350293
7290111092985,false,מארז מגבונים לחים בייביסיטר ללא בישום רביעייה,,,מגבוני בייבי פרפורמנ,יחידה,0.00,יחידה,false,,14.90,0.0000,true,1,290997
7290111093470,false,"קוויק מסיר הפלא ספוגית להסרת כתמים, 3 יחידות",,CN,קוויק מבריק פלא להסר,יחידה,0.00,יחידה,false,,10.90,0.0000,true,1,295607
7290111093760,false,מגבונים לניקוי רצפות בניחוח מרכך כביסה 10 יח' קוויק,,,קוויק מגבונים לניקוי,,10.00,יח',false,,10.90,1.0900,true,1,251868
7290111094248,false,"קוויק שקית אשפה חזקה וגדולה במיוחד (90*78), 20 יח'",,TR,שקיות אשפה XL עם שרו,יחידה,0.00,יחידה,false,,19.90,0.0000,true,1,29617
7290111094361,false,קוויק שקיות אשפה XL עם ידית 20 יח' במארז,,TR,קוויק שקיות אשפה XL,יחידה,0.00,יחידה,false,,12.90,0.0000,true,1,208125
7290111094651,false,שקיות אשפה L עם ידית 40 יח' קוייק,,TR,קוויק שקיות אשפה L ח,יחידה,0.00,יחידה,false,,12.90,0.0000,true,1,208139
7290111098536,false,מגבונים לחים לתינוק,,,מגבונים לחים לתינוק,יחידה,0.00,יחידה,false,,14.90,0.0000,true,1,266340
7290111340956,false,ניקול מטליות לחות לרצפה בניחוח פריחה לבנה,,IL,מטליות לחות לרצפה מר,יחידה,0.00,יחידה,false,,9.90,0.0000,true,1,9131
7290111342004,false,נייר טואלט לח לילי קידס 56 דפים,על בד,IL,לילי נייר טואלט לח ק,יחידה,0.00,יחידה,false,,8.90,0.0000,true,1,9154
7290111342042,false,כריות יפניות ניקול לניקוי אנטיבקטריאלי 4,פלסטו פוליש,IL,כריות יפניות אנטיבקט,יחידה,0.00,יחידה,false,,9.90,0.0000,true,1,9155
7290111342059,false,מט.לחות ניקול לחיט משטחים אנטיבקטריאלי50,ניקול,IL,מטליות לחות אנטיבקטר,יחידה,0.00,יחידה,false,,9.90,0.0000,true,1,9156
7290111343117,false,ממחטות אף קלינקס לושן סופט פק 140 דף,קימברלי קלארק,IL,טישו לושן סופט קליני,יחידה,0.00,יחידה,false,,13.90,0.0000,true,1,107362
7290111344077,false,מטליות לחות אנטיבקטר,עלבד משואות יצחק,IL,מטליות לחות אנטיבקטר,,0.00,מארז,false,,21.90,0.0000,true,1,77694
7290111344138,false,"מטליות ניקול רב""ש אנטיבקטריאליות 6 יח",עלבד,IL,מטליות לחות אנטיבקטר,,0.00,יח',false,,9.90,0.0000,true,1,77709
7290111344206,false,האגיס נטורל קר מגבונים לחים בבישום עדין רביעייה,חוגלה קימברלי,IL,מגבוני האגיס נטורל ק,יחידה,0.00,יחידה,false,,20.90,0.0000,true,1,207718
7290111344558,false,ניקול שקיות אשפה גדולות 100 יח,חוגלה קימברלי,IL,שקיות אשפה נשלפות לא,,100.00,יח',false,,31.90,0.3190,true,1,225906
7290111344855,false,קוטקס - מגיני יום אקסטרא פרוטקט לארג' ביג 52 יח',חוגלה קימברלי,CN,מגיני תחתון סופר פרו,יחידה,0.00,יחידה,false,,16.90,0.0000,true,1,225810
7290111345753,false,תחבושות נטורל דואו נורמל 24 יח' קוטקס,KC Turkey,CN,תחבושות כותנה נורמל,יחידה,0.00,יחידה,false,,16.90,0.0000,true,1,251396
7290111345760,false,תחבושות נטורל דואו סופר 18 יח' קוטקס,KC Turkey,CN,תחבושות כותנה סופר +,יחידה,0.00,יחידה,false,,16.90,0.0000,true,1,251397
7290111345777,false,תחבושת קוטקס כותנה לילה 16 יח' קוטקס,KC Turkey,CZ,תחבושות כותנה נייט +,יחידה,0.00,יחידה,false,,16.90,0.0000,true,1,251398
7290111345814,false,נייר טואלט לילי נטורל קר 30 גלילים מהדורה,קימברלי קלארק,IL,נייר טואלט נטורל קר,,30.00,יח',false,,34.90,1.1633,true,1,225878
7290111345821,false,נייר טואלט נטורל קר - מארז 16 גלילי ג'מבו,קימברלי,IL,נייר טואלט נטורל קר,,16.00,יח',false,,37.90,2.3687,true,1,225892
7290111350030,false,רסק תפוחי עץ טבעי בצנצנת 670 גרם קלית גת,"ג'י אנד ג'י בע""מ",IL,רסק תפוחי עץ טבעי קל,,670.00,100 גרם,false,,10.90,0.0163,true,1,12811
7290111534010,false,פס גבינה שמנת ופירורים 400 ג',קפולסקי שיווק וקמעונ,IL,פס גבינה שמנת ופירור,,450.00,100 גרם,false,,40.90,0.0909,true,1,39975
7290111564239,false,שלגוני קראנץ' Crunch בטעם וניל - 5 יח',גלידות נסטלה (נגה גל,IL,קראנץ' מאגדת מיני ונ,,275.00,100 גרם,false,,27.90,0.1015,true,1,16223
7290111564277,false,פריכיות דקות ונימוחות 3 דגנים פיטנס Fitness,פרח תעשיות,IL,פריכיות 3 דגנים דקות,,120.00,100 גרם,false,,10.90,0.0908,true,1,19223
7290111564291,false,פריכיות דקות ונימוחות 3 דגנים וקינואה פיטנס Fitness,פרח תעשיות,IL,פריכיות קינואה דקות,,120.00,100 גרם,false,,10.90,0.0908,true,1,19224
7290111566103,false,טבעול פלאפל מרכיבים ביתיים בלבד 590 ג',עיצובים 2020 (4.8),IL,פלאפל מרכיבים ביתיים,,590.00,100 גרם,false,,30.90,0.0524,true,1,20015
7290111566271,false,טבעול חטיפי תירס 657 גר',עיצובים 2020 (4.8),IL,חטיפי תירס טבעול 65,,657.00,100 גרם,false,,30.90,0.0470,true,1,20018
7290111566318,false,שניצל דק מן הצומח בטעם ביתי 700 גרם,עיצובים 2020 (4.8),IL,שניצל דק צמחוני בט,,564.00,100 גרם,false,,30.90,0.0548,true,1,20020
7290111566332,false,טבעול נקניקיות וינר צמחוניות 680 גר',עיצובים 2020 (4.8),IL,נקניקיה וינר 680 גר,,680.00,100 גרם,false,,30.90,0.0454,true,1,20021
7290111566547,false,טבעול חזה בגריל צמחוני 99 קלוריות 560ג',עיצובים 2020 (4.8),IL,חזה בגריל מו הצומח,,560.00,100 גרם,false,,30.90,0.0552,true,1,20024
7290111566561,false,שניצל ברוקולי 99 קלוריות טבעול 560 גר,עיצובים 2020 (4.8),IL,טבעול שניצל ברוקולי,,630.00,100 גרם,false,,30.90,0.0490,true,1,20025
7290111566585,false,טבעול שניצל צמחוני 99 קלוריות 650 גר',עיצובים 2020 (4.8),IL,שניצל מן הצומח מופח,,650.00,100 גרם,false,,30.90,0.0475,true,1,20026
7290111566714,false,טבעול המבורגר צמחוני 99 קלוריות 600 גר',עיצובים 2020 (4.8),IL,המבורגר מן הצומח 6,,600.00,100 גרם,false,,30.90,0.0515,true,1,20029
7290111566752,false,טבעול שניצל תירס 99 קלוריות 693 גר',עיצובים 2020 (4.8),IL,שניצל תירס לייט טבעו,,693.00,100 גרם,false,,30.90,0.0446,true,1,20031
7290111568206,false,"מיקס ביסלי, אפרופו ופיצוחים מתובלים",פרו מן יו פתרונות אר,IL,ביסלי פארטי מיקס ברב,,150.00,100 גרם,false,,6.50,0.0433,true,1,19270
7290111568275,false,אטריות נודלס אורז רחבות אסם אסייתי 300גרם,תאי פרזידנט,TH,נודלס אטריות אורז רח,,300.00,100 גרם,false,,8.90,0.0297,true,1,19272
7290111568466,false,רוטב אסייתי למוקפץ הסדרה האסייתית,אסיף תעשיות מזון בעמ,IL,אסם רוטב אסיאתי למוק,,290.00,"100 מ""ל",false,,12.90,0.0445,true,1,19279
7290111930898,false,חטיף פוף כוכבים גריל אמריקאי 40 גרם,פוף POOF,IL,פוף כוכבים גריל אמרי,,40.00,100 גרם,false,,3.90,0.0975,true,1,21795
7290111930911,false,חטיף פוף לבבות קלאסי 40 גרם,פוף POOF,IL,פוף לבבות קלאסי 40 ג,,40.00,100 גרם,false,,3.90,0.0975,true,1,21797
7290111930928,false,חטיף פוף לבבות גריל 40 גרם,פוף POOF,IL,"פוף לבבות גריל 40 ג""",,40.00,100 גרם,false,,3.90,0.0975,true,1,21798
7290111932380,false,"מרידול משחת שיניים 75 מ""ל זוג כשל""פ",GABA LOER GER,DE,מרידול משחות שיניים,,150.00,100 גרם,false,,29.90,0.1993,true,1,21814
7290111932502,false,"קולגייט משחת שיניים אופטיק וייט אקספרט 75 מ""ל",קולגייט Colgate,MX,מש.שיניים אופטיק ויי,,75.00,"100 מ""ל",false,,27.90,0.3720,true,1,21815
7290111936647,false,"משחת שיניים קולגייט מקס כחול 125 מ""ל*2 כשלפ",קולגייט פלמוליב,PL,קולגייט מקס זוג 2*12,,250.00,"100 מ""ל",false,,29.90,0.1196,true,1,21854
7290111938481,false,"רוטב סויה בהירה מאסטר שף 300 מ""ל",מאסטר שף,TH,רוטב סויה בהירה מ.שף,,300.00,"100 מ""ל",false,,10.90,0.0363,true,1,76738
7290111939143,false,קוקי נייר אפייה עגול קוטר 28,,IL,קוקי נייר אפייה עגול,יחידה,0.00,יחידה,false,,7.90,0.0000,true,1,100506
7290112002990,false,"סיליט באנג ספריי מסיר שומנים טבעי 750 מ""ל",רקיט בנקיזר,PL,סיליט אבקת סודה להסר,,750.00,"100 מ""ל",false,,19.90,0.0265,true,1,84881
7290112003522,false,איירוויק נר ריחני אננס ורוזמרין 205 גר',,CN,איירוויק בוטניקה נר,,205.00,"100 מ""ל",false,,24.90,0.1215,true,1,122743
7290112004208,false,טבליות למדיח בניחוח לימון 50 יח' פיניש,RECKITT BENCKISER PR,PL,טבליות למדיח כלים פי,,800.00,100 גרם,false,,39.90,0.0499,true,1,254302
7290112004611,false,"וניש קליה ג'ל מרוכז לטיפול נקודתי בכתמים 200 מ""ל",רקיט בנקיזר,IT,ג'ל מרוכז מולטי פאוו,,200.00,"100 מ""ל",false,,17.90,0.0895,true,1,249335
7290112004710,false,"ג'ל וניש שקוף לכביסה לבנה ועדינה 750 מ""ל",רקיט בנקיזר,IT,וניש מסיר כתמים ג'לי,,750.00,100 ליטר,false,,19.90,0.0265,true,1,351700
7290112004970,false,פיניש קפסולות אולטימיט למדיח 50 יח',רקיט בנקיזר,PL,פיניש אולטימייט 50 י,יחידה,0.00,יחידה,false,,59.90,0.0000,true,1,315201
7290112005052,false,וניש תוסף כביסה רב תכליתי לבגדים לבנים,קליה וניש Kalia Vanish,IT,וניש אבקה לכביסה לבנ,,1500.00,100 ליטר,false,,39.90,0.0266,true,1,301907
7290112005076,false,וניש תוסף כביסה רב תכליתי לכביסה צבעונית,קליה וניש Kalia Vanish,IT,וניש אבקה לכביסה צבע,,480.00,100 גרם,false,,16.90,0.0352,true,1,301922
7290112190468,false,שמן זית ספרדי טבעי 7,,ES,"שמן זית 750 מ""ל G FO",,750.00,"100 מ""ל",false,,30.90,0.0412,true,1,186372
7290112192561,false,משחת שיניים whitening עם פלואוריד להגנה מלאה,ג'י.אס.קיי קונסיומר,IE,מש.שיניים פרמיום הגנ,,75.00,"100 מ""ל",false,,35.90,0.4787,true,1,4064
7290112196774,false,ביסקוויט כוסמין חצי מצופה 175 גרם,,,ביסקוויט חצי מצופה כ,,175.00,100 גרם,false,,11.90,0.0680,true,1,312435
7290112197061,false,"סטייל - תחליב רחצה לניקוי וטיפוח הידיים ארגן 500 מ""ל",רנקסאן פלסטיק יאנגר,TR,תחליב רחצה לידיים סט,,500.00,"100 מ""ל",false,,11.90,0.0238,true,1,259019
7290112197085,false,"סטייל - סבון מעוצב פריז 500 מ""ל",רנקסאן פלסטיק יאנגר,TR,סבון מעוצב פריז 500,,500.00,"100 מ""ל",false,,9.90,0.0198,true,1,361966
7290112197146,false,תחליף סוכר לכל מטרה טרוביה 360 גר*2,,US,זוג תחלפי סוכר לכל מ,,720.00,100 גרם,false,,54.90,0.0762,true,1,329930
7290112197184,false,דגני בוקר במילוי קרם קרמל מלוח ללא גלוטן 375 ג' G FREE,נטורל קייקס,IL,דגני כריות במילוי קר,,375.00,100 גרם,false,,23.90,0.0637,true,1,263364
7290112330352,false,"יוגורט PRO בטעם וניל 0% , 20 גרם חלבון בגביע","שטראוס בריאות בע""מ",IL,דנונה פרו 20 גר וניל,,200.00,100 גרם,false,,6.20,0.0310,true,1,23998
7290112330390,false,יוגורט PRO בטעם פירות יער 0% 20 גרם חלבון בגביע,"שטראוס בריאות בע""מ",IL,דנונה פרו 20 גר פירו,,200.00,100 גרם,false,,6.20,0.0310,true,1,24000
7290112330420,false,דנונה פרו לבן 2.9% שומן 150 ג',מיוצר עי קונדיטוריית,IL,דנונה פרו לבן 2.9% 1,,150.00,100 גרם,false,,5.10,0.0340,true,1,24002
7290112332585,false,"פריכיות תפו""א, אורז בתיבול סלק ומלח חי 30 גר'","פרח תעשיו מזון בע""מ",IL,"פריכיות הטעימות תפו""",,30.00,100 גרם,false,,5.20,0.1733,true,1,23089
7290112332691,false,פינוקיות עוגיות קרם פסק זמן אגוזים 200 גרם,הגביע מוצרי ופלים בע,IL,פינוקיות עוגיית קרם,,200.00,100 גרם,false,,10.40,0.0520,true,1,23091
7290112334596,false,אבקה להכנת שוקו 850,שטראוס קפה בי.וי,IL,אבקה להכנת שוקו 850,,935.00,100 גרם,false,,15.90,0.0170,true,1,354431
7290112335487,false,פריכיות הטעימות קצח ודגנים אנרגי 135 גר,אנרג'י Energy - שטראוס,IL,פריכיות הטעימות קצח,,135.00,100 גרם,false,,10.90,0.0807,true,1,23105
7290112335494,false,הפריכיות הטעימות תפוחי אדמה בטעם פוטטוס,"פרח תעשיות מזון בע""מ",IL,פריכיות הטעימות פוטט,,135.00,100 גרם,false,,10.90,0.0807,true,1,23106
7290112335500,false,"הפריכיות הטעימות חומוס, אורז, עדשים שחורות וקינואה",אנרג'י Energy - שטראוס,IL,פריכיות הטעימות עשיר,,135.00,100 גרם,false,,10.90,0.0807,true,1,23107
7290112336637,false,סוכריות מאסט Must ללא סוכר יוגורט תות ואוכניות,שטראוס גרופ,PL,"סוכריות מאסט לל""ס יו",,80.00,100 גרם,false,,6.90,0.0863,true,1,23118
7290112336651,false,סוכריות מאסט ללא סוכר ריבת חלב 80 ג' עלית,שטראוס גרופ,PL,סוכריות מאסט ללא סוכ,,80.00,100 גרם,false,,6.90,0.0863,true,1,23120
7290112336712,false,יוגורט PRO לבן 0% 21 גרם חלבון בגביע,"שטראוס בריאות בע""מ",IL,דנונה פרו 21 0% שומן,,200.00,100 גרם,false,,6.20,0.0310,true,1,24030
7290112337474,false,סוכריות מאסט ללא סוכר פטל לימון 80 ג' עלית,שטראוס גרופ,PL,"סוכריות מאסט לל""ס פט",,80.00,100 ליטר,false,,6.90,0.0863,true,1,23123
7290112337481,false,סוכריות מאסט ללא סוכר קפצ''ינו 80 ג' עלית,שטראוס גרופ,PL,"סוכריות מאסט לל""ס קפ",,80.00,100 גרם,false,,6.90,0.0863,true,1,23124
7290112338877,false,מעדן גבינה בטעם תות 3% 125ג' סקי,"שטראוס בריאות בע""מ",IL,גבינת סקי תות 3% 125,,125.00,100 גרם,false,,4.10,0.0328,true,1,24032
7290112339171,false,מילקי מוס עם שוקולד וקצפת,מיוצר עי קונדיטוריית,IL,מילקי מוס 81 גרם.,,81.00,100 גרם,false,,3.50,0.0432,true,1,24039
7290112339362,false,דנונה לייט אנד פריי בטעם קפוצינו 150 גר',דנונה - שטראוס,IL,דנונה לייט אנד פריי,,150.00,100 גרם,false,,4.90,0.0327,true,1,24046
7290112339867,false,גמדים לדרך גבינה לבנה עם מחית תות,שטראוס,IL,גמדים סקוויז בודד תו,,100.00,100 גרם,false,,5.90,0.0590,true,1,24059
7290112339874,false,גמדים לדרך גבינה לבנה עם מחיות תות ובננה,שטראוס,IL,גמדים סקוויז בודד תו,,100.00,100 גרם,false,,5.90,0.0590,true,1,24060
7290112340122,false,פריכיות טעימות 3 דגנים אנרגי 135 גר,אנרג'י Energy - שטראוס,IL,פריכיות הטעימות 3 דג,,135.00,100 גרם,false,,10.90,0.0807,true,1,23133
7290112340245,false,צנצנת מסטיק מאסט בטעם דובדבן 66 ג' עלית,"שטראוס גרופ בע""מ",IL,צנצנת מאסט בטעם דובד,,66.00,100 גרם,false,,10.50,0.1591,true,1,23134
7290112340252,false,צנצנת מסטיק מאסט בטעם אבטיח מלון 66 ג' עלית,"שטראוס גרופ בע""מ",IL,צנצנת מאסט בטעם אבטי,,66.00,100 גרם,false,,10.50,0.1591,true,1,23135
7290112340276,false,פינוקיות עוגיות קרם קפה 200 גרם,הגביע מוצרי ופלים בע,IL,פינוקיות עוגיית קרם,,200.00,100 גרם,false,,10.40,0.0520,true,1,23137
7290112341556,false,אקטיביה עם צ'יה ותות 150 ג' דנונה,דנונה - שטראוס,IL,אקטיביה עם צ'יה ותות,,150.00,100 גרם,false,,5.20,0.0347,true,1,24072
7290112341679,false,דנונה אקטיביה 3% שומן 200 גרם,מיוצר עי קונדיטוריית,IL,דנונה אקטיביה 3% 200,,200.00,100 גרם,false,,4.10,0.0205,true,1,24073
7290112341686,false,מארז אקטיביה שמיניה 3% 150 גר*8,מיוצר עי קונדיטוריית,IL,אקטיביה מארז 3% 8*15,קילוגרמים,1.20,"ק""ג",false,,20.90,17.4167,true,1,24074
7290112342102,false,סימפוניה גבינה במרקם שמנת בצל מקורמל 5%,"שטראוס בריאות בע""מ",IL,סימפוניה 5% בצל מקור,,200.00,100 ליטר,false,,11.50,0.0575,true,1,24082
7290112342508,false,דוריטוס ציזי טוויסט 70 גר,שטראוס פריטו ליי (מל,IL,דוריטוס קול ראנץ' 70,,70.00,100 גרם,false,,3.90,0.0557,true,1,24397
7290112343260,false,"יטבתה רוטב שמנת קלאסי 9% שומן 260 מ""ל",שטראוס גרופ,IL,יטבתה רוטב שמנת קלאס,,260.00,100 גרם,false,,9.90,0.0381,true,1,24089
7290112343499,false,חטיף צ'יטוס פאפס אפוי בטעם גבינה,"שטראוס פריטו ליי בע""",IL,ציטוס Puffs בטעם גבי,,55.00,100 ליטר,false,,3.50,0.0636,true,1,201067
7290112344564,false,רביולי גבינה קלאסי שטראוס 400 ג',"שטראוס גרופ בע""מ",IL,EAT GOOD רביולי גבינ,,400.00,100 גרם,false,,16.90,0.0422,true,1,24094
7290112344724,false,מעדן בטעם שוקולד בלונדי 170 ג' מילקי,מיוצר עי קונדיטוריית,IL,מילקי בטעם שוקולד בל,,170.00,"100 מ""ל",false,,3.50,0.0206,true,1,24099
7290112344755,false,מילקי שוקולד 26% פחות סוכר 135 גרם,מיוצר עי קונדיטוריית,IL,מילקי עם 26% פחות סו,,135.00,"100 מ""ל",false,,3.00,0.0222,true,1,115523
7290112344786,false,קפה פלטינום קלאסיק 200 ג' עלית,שטראוס קפה בי.וי.,IL,פלטינום קלאסיק עלית,,200.00,100 גרם,false,,24.90,0.1245,true,1,23166
7290112344991,false,דנונה לייט אנד פריי בטעם תות 150 ג',שטראוס,IL,דנונה לייט אנד פריי,,150.00,100 גרם,false,,4.90,0.0327,true,1,24100
7290112346360,false,בפלות אחת אחת ופל בטעם שוקולד מצופה שוקולד,טוטיז-בינגו סיאי,GR,בפלות אחת אחת בציפוי,,180.00,100 גרם,false,,12.90,0.0717,true,1,23177
7290112346537,false,עוגיות פינוקיות בטעם טורטית 200 ג' עלית,הגביע מוצרי ופלים בע,IL,פינוקיות עוגיות בטעם,,200.00,100 גרם,false,,10.40,0.0520,true,1,23178
7290112346629,false,דנונה בר יוגורט+קורנפלקס מצופה שוקולד חלב ולבן 172 גרם,דנונה - שטראוס,IL,דנונה קראנצ' עם קורנ,,172.00,"100 מ""ל",false,,4.90,0.0285,true,1,77822
7290112346773,false,יוגורט בטעם וניל 0% לייט אנד פרי 10 גרם חלבון בגביע,מיוצר עי קונדיטוריית,IL,דנונה לייט אנד פריי,,150.00,"100 מ""ל",false,,4.90,0.0327,true,1,122514
7290112346827,false,אקטימל פטל ויטמין C שמינייה,שטראוס גרופ,IL,אקטימל ויטמין C פטל,,800.00,"100 מ""ל",false,,19.90,0.0249,true,1,109715
7290112347008,false,גמדים לדרך גבינה לבנה עם מחית תות ושיבולת שועל,מיוצר עי קונדיטוריית,IL,גמדים ארוחת בוקר תות,,100.00,100 גרם,false,,5.90,0.0590,true,1,24124
7290112348142,false,שעועית לבנה 380 גר' בקופסה טעם הטבע,שטראוס טעם הטבע,IT,שעועית לבנה טעם הטבע,,380.00,100 גרם,false,,6.90,0.0182,true,1,69928
7290112348999,false,פריכיות טעימות תירס דקות 135 גרם,עלית,IL,פריכיות טעימות תירס,,135.00,100 גרם,false,,10.90,0.0807,true,1,121072
7290112349316,false,מסטיק בזוקה פופים ממולא בטעם תות ללא סוכר,רוג'ר אנד רוג'ר,DE,בזוקה ביג פופים בטעם,,86.00,100 גרם,false,,13.90,0.1616,true,1,64297
7290112349606,false,מעדן גבינה ויוגורט תות בננה 88 ג' דניאלה,"שטראוס בריאות בע""מ",IL,דניאלה תות בננה 150,,150.00,מטר,false,,4.10,0.0273,true,1,232933
7290112349743,false,ארביאטה רוטב עגבניות פיקנטי לפסטה 350 ג' יד מרדכי,אמיליאנה קונסרב,IT,רוטב עגבניות ארביאטה,,350.00,100 גרם,false,,11.90,0.0340,true,1,23187
7290112349897,false,מסטיק מאסט Must קוביות בטעם מנטה ללא סוכר,רוג'ר אנד רוג'ר,DE,מאסט קוביות מנטה 86,,86.00,100 גרם,false,,13.90,0.1616,true,1,64298
7290112350275,false,קפסולות לונגו למכונות נספרסו 55 גר,שטראוס קפה בי.וי,IL,קפסולות LUNGO למכונו,,50.00,100 גרם,false,,16.90,0.3380,true,1,23189
7290112350312,false,קפסולות 15 קפה יותר למכונות נספרסו עלית 10יח',הנסיך- מפעל לייצור ט,IL,עלית קפסולות 15 למכ,,50.00,100 גרם,false,,16.90,0.3380,true,1,100400
7290112351067,false,סילאן טבעי 100% תמר מג'הול ללא תוספת סוכר,יד מרדכי,IL,סילאן טבעי לחיץ יד מ,,630.00,100 גרם,false,,23.90,0.0379,true,1,67591
7290112351104,false,שוקולד פרה ממולא פיצפוצי אורז 100 ג' עלית,שטראוס,IL,שוקולד פרה פיצפוצי א,,100.00,100 גרם,false,,4.90,0.0490,true,1,74905
7290112351128,false,שוקולד פרה סוכריות קופצות 100 ג' עלית,"שטראוס גרופ בע""מ",IL,שוקולד פרה חלב סוכרי,,100.00,100 גרם,false,,4.90,0.0490,true,1,164642
7290112351524,false,עלי סלנובה טעם הטבע,שטראוס בריאות ירקות,IL,עלי סלנובה טעם הטבע,,200.00,100 גרם,false,,12.50,0.0625,true,1,82844
7290112351753,false,עלית שלישיית פסק זמן קראנץ' 96 גרם,שטראוס גרופ,IL,שלישיית פסק זמן קראנ,,96.00,100 גרם,false,,9.90,0.1031,true,1,119591
7290112354945,false,תפוצ'יפס wavy טבעי 50ג היתר מכירה,שטראוס פריטו ליי בע”,IL,תפוצ'יפס wavy 50 גר,,50.00,100 גרם,false,,3.90,0.0780,true,1,353247
7290112354952,false,"תפוציפס WAVY בטעם פפריקה , 50 גרם",שטראוס פריטו ליי בע”,IL,תפוצ'יפס wavy פפריקה,,50.00,100 גרם,false,,3.90,0.0780,true,1,353248
7290112355102,false,גמדים סקוויז 100 גרם פאוץ סלט פירות 100 גרם,"שטראוס בריאות בע""מ",IL,סקוויז גמדים לדרך סל,,100.00,100 גרם,false,,5.90,0.0590,true,1,122463
7290112355393,false,"יטבתה רוטב שמנת+בטטה 9% שומן 250 מ""ל",שטראוס גרופ,IL,רוטב שמנת עם בטטה 9%,,257.00,100 גרם,false,,9.90,0.0385,true,1,331923
7290112357045,false,עגבניות איטלקיות מרוסקות 390 גר' בקופסה טעם הטבע,שטראוס טעם הטבע,IT,עגבניות איטלקיות מרו,,390.00,100 גרם,false,,6.60,0.0169,true,1,69929
7290112357083,false,אפונת גינה טעם הטבע 380 גר' בקופסה,שטראוס טעם הטבע,IT,אפונה ירוקה טעם הטבע,,380.00,100 גרם,false,,6.90,0.0182,true,1,192203
7290112357113,false,גרגרי חומוס בקופסה 380 גר' טעם הטבע,שטראוס טעם הטבע,IT,גרגרי חומוס טעם הטבע,,380.00,100 גרם,false,,6.90,0.0182,true,1,69932
7290112358127,false,דנונה פרו חלבון+מגנזיום- וניל ועוגיות 200 גרם,מיוצר עי קונדיטוריית,IL,דנונה פרו 20 גר עם מ,,200.00,100 גרם,false,,6.80,0.0340,true,1,109753
7290112358233,false,יד מרדכי רוטב צילי חריף 300גרם,"בית אל מזון בע""מ",IL,יד מורדכי רוטב צ'ילי,,300.00,"100 מ""ל",false,,13.90,0.0463,true,1,130932
7290112358431,false,עד חצות דאבל ביסקוויט עם שוקולד חלב -8 אריזות אישיות,הדקלאים אגודת שיתופי,IL,דאבל ביסקוויט עם שוק,,200.00,100 גרם,false,,12.90,0.0645,true,1,146845
7290112415400,false,עוגיות אלפחורס קפולסקי 280 גר',קפולסקי אדל בעמ,IL,עוגיות אלפאחורס 280,,280.00,100 גרם,false,,30.90,0.1104,true,1,39991
7290112490209,false,נמס בכוס מרק עגבניות עם קרוטונים רכיבים טבעיים,אתר חיפה אבקות - Foo,IL,נמס בכוס מרק עגבניות,,56.00,100 גרם,false,,6.90,0.1232,true,1,10747
7290112490216,false,נמס בכוס מרק עוף עם קרוטונים רכיבים טבעיים,אתר חיפה אבקות - Foo,IL,נמס בכוס בטעם עוף קר,יחידה,48.00,יחידה,false,,6.90,0.1438,true,1,10748
7290112490230,false,קנור מרק נמס בכוס אפונה רכיבים טבעיים,אתר חיפה אבקות - Foo,IL,נמס בכוס אפונה רכיבי,,50.00,100 גרם,false,,6.90,0.1380,true,1,10749
7290112490650,false,קונפיטורה תות שדה 340 גרם-צנצנת,קונפיטורות לה-ארדניי,FR,קונפיטורה 778 תות שד,,340.00,100 גרם,false,,11.90,0.0350,true,1,10759
7290112492456,false,"שמפו פינוק לשיער יבש/פגום 700 מ""ל",יוניליוור ישראל טיפו,IL,פינוק שמפו שיער יבש,,700.00,"100 מ""ל",false,,11.90,0.0170,true,1,59776
7290112492609,false,"תחליב רחצה פינוק 700 מ""ל לבנדר ווניל",אתר ליוור - HPC,IL,פינוק תחליב רחצה לבנ,,700.00,"100 מ""ל",false,,9.90,0.0141,true,1,59798
7290112493088,false,נמס בכוס עדשים מרק רכיבים טבעיים קנור 54 ג',אתר חיפה אבקות - Foo,IL,נמס בכוס מרק עדשים ח,,54.00,100 גרם,false,,6.90,0.1278,true,1,10826
7290112493095,false,נמס בכוס מרק עגבניות חריף רכיבים טבעיים קנור 48 ג',אתר חיפה אבקות - Foo,IL,נמס בכוס מרק עגבניות,,48.00,100 גרם,false,,6.90,0.1438,true,1,10827
7290112494153,false,תיבולית ניחוח צלי קנור 72 גרם,יוניליוור ישראל מזון,IL,תיבוליות ניחוח צלי ק,,72.00,100 גרם,false,,7.90,0.1097,true,1,199035
7290112494801,false,ג'ל לכביסה לבנה וצבעונית ורוד 2.5 ל' בדין,אתר ליוור - HPC,IL,ג'ל לכביסה לבנה וצבע,ליטרים,2.50,ליטר,false,,30.90,12.3600,true,1,10862
7290112495662,false,קרקר חיטה מלאה ופשתן בייגל בייגל 300 גרם,"מיוצר ע""י קוד יצרן A",IL,קרקר חיטה מלאה עם פש,,300.00,100 גרם,false,,8.90,0.0297,true,1,74886
7290112495792,false,הלמנס רוטב לסלט שום לייט 300 גר',יוניליוור ישראל מזון,IL,רוטב שום לייט הלמנס,,300.00,100 גרם,false,,10.90,0.0363,true,1,337233
7290112495938,false,קרקר 6 דגנים בייגל בייגל 250 גרם,"מיוצר ע""י קוד יצרן A",IL,קרקר משפחתי 6 דגנים,,250.00,100 גרם,false,,8.90,0.0356,true,1,74889
7290112496027,false,סירופ שוקולד 580 גרם-בקבוק,יוניליוור ישראל מזון,IL,"סירופ שוקולד 600 מ""ל",,600.00,"100 מ""ל",false,,11.90,0.0198,true,1,10888
7290112497031,false,קנור רוטב עגבניות לקציצות 415 גרם,יוניליוור,IT,רוטב עגבניות לקציצות,,415.00,100 גרם,false,,12.90,0.0311,true,1,337189
7290112497994,false,גרנולה פרוטאין בתוספת חלבון ואגוזים תלמה 300 ג',תלמה,IL,גרנולה PROTEIN בתוספ,,300.00,100 גרם,false,,16.90,0.0563,true,1,181061
7290112498915,false,מאגדת מיני מגנום שקדים מובחרים 250 ג',"מיוצר ע""י גלידת שטרא",IL,מאגדת מיני מגנום שקד,,310.00,100 גרם,false,,27.90,0.0900,true,1,158142
7290112498922,false,מאגדת מיני מגנום שוקולד לבן 250 ג',"מיוצר ע""י גלידת שטרא",IL,מאגדת מיני מגנום לבן,,310.00,100 גרם,false,,27.90,0.0900,true,1,158128
7290112499097,false,מאגדת מיני מגנום מריר INTENSE DARK,"מיוצר ע""י גלידת שטרא",IL,מאגדת מיני מגנום מרי,,240.00,100 גרם,false,,27.90,0.1162,true,1,234034
7290112499844,false,מאגדת מיני מגנום דואט שוקולד עם נוגט 5 יח' שטראוס,"מיוצר ע""י גלידת שטרא",IL,מגנום מיני דואט מאגד,,310.00,100 גרם,false,,27.90,0.0900,true,1,4419
7290112499943,false,מיני מאגדת מיני מגנום טעמים שונים וניל+שוקו,"מיוצר ע""י גלידת שטרא",IL,מגנום מאגדת מיני שוק,,250.00,100 גרם,false,,27.90,0.1116,true,1,4420
7290112961372,false,פיטנס חטיפי פריכיות דקות קינמון 60 גרם,"פרח תעשיות מזון בע""מ",IL,חטיפי פריכיות דקות ק,,60.00,100 גרם,false,,7.90,0.1317,true,1,19304
7290112961464,false,פיטנס חטיפי פריכיות דגנים וחומוס מתובלות,"פרח תעשיות מזון בע""מ",IL,חטיפי פריכיות דקות מ,,60.00,100 גרם,false,,7.90,0.1317,true,1,19307
7290112962652,false,"אסם אבקת מרק טעם עוף כשל""פ 800 גרם",,,מרק בטעם עוף אסם 800,,800.00,100 גרם,false,,11.90,0.0149,true,1,19323
7290112963918,false,פיטנס חטיפי קרקר דק רוזמרין 140 גרם,נסטלה Nestle,IL,פיטנס חטיפי קרקר דק,,140.00,100 ליטר,false,,11.90,0.0850,true,1,19333
7290112964410,false,רוטב אוסם אלף האיים לסלט 290 ג' אסם,אסם,IL,אסם רוטב אלף האיים ל,,290.00,"100 מ""ל",false,,8.90,0.0307,true,1,19346
7290112964434,false,"רוטב לסלט קיסר 295 מ""ל אסם",אסם,IL,אסם רוטב קיסר לסלט 2,,295.00,"100 מ""ל",false,,8.90,0.0302,true,1,19347
7290112964472,false,"רוטב שום לסלט 290 מ""ל אסם",אסם,IL,אסם רוטב שום לסלט 29,,295.00,"100 מ""ל",false,,8.90,0.0302,true,1,19349
7290112964625,false,רוטב שום לייט לסלט 310 גרם אסם,אסם,IL,אסם רוטב שום לייט לס,,295.00,"100 מ""ל",false,,8.90,0.0302,true,1,19355
7290112965264,false,אוסם - מרק נמס אפונה זוג 26 גרם * 2,אסם,IL,זוג מרק נמס אפונה בד,,30.00,100 גרם,false,,5.70,0.1900,true,1,19367
7290112965585,false,פרפקטו פסטה קסרצה 500 גרם,אסם פרפקטו Perfecto,IL,פסטה קסרצה פרפקטו 50,,500.00,100 גרם,false,,6.50,0.0130,true,1,19375
7290112965660,false,פיטנס - חטיף מולטיגריין מלח פלפל 25 גרם,מיוצר עי קונדיטוריית,IL,פיטנס חטיף מולטיגריי,,25.00,100 גרם,false,,4.90,0.1960,true,1,115383
7290112965684,false,פיטנס - חטיף מולטיגריין עשבי תיבול 25 גרם,מיוצר עי קונדיטוריית,IL,פיטנס חטיף מולטיגריי,,25.00,100 גרם,false,,4.90,0.1960,true,1,115384
7290112965707,false,פיטנס - חטיף מולטיגריין צילי מעודן 25 גרם,"אסם השקעות בע""מ",IL,פיטנס חטיף מולטיגריי,,25.00,100 גרם,false,,4.90,0.1960,true,1,115385
7290112965806,false,אוסם - ביסלי פריסטייל חמוץ חריף 60 גרם,אסם,IL,ביסלי פריסטייל חמוץ,,60.00,100 גרם,false,,4.50,0.0750,true,1,167334
7290112966094,false,הבית עוגת תפוז מופחתת סוכר 400 גרם,מיוצר עי קונדיטוריית,IL,עוגת הבית תפוז מופחת,,400.00,100 גרם,false,,11.90,0.0298,true,1,19385
7290112966766,false,צבר טחינה בלאדי חציל עגבניות ושום 350 גרם,שוורצקוף& הנקל דיסלד,IL,צבר טחינה בלאדי חציל,,350.00,100 גרם,false,,15.90,0.0454,true,1,20065
7290112966780,false,צבר טחינה בלאדי עם חציל קלוי 350 גרם,שוורצקוף& הנקל דיסלד,IL,צבר טחינה בלאדי עם ח,,350.00,100 גרם,false,,15.90,0.0454,true,1,20066
7290112966803,false,אסם פודינג אינסטנט שוקולד 88 גרם,"אסם השקעות בע""מ",IL,אסם פודינג אינסטנט ש,,88.00,100 גרם,false,,5.90,0.0670,true,1,19397
7290112967138,false,בייגלה שמיניות ללא גלוטן 250 גרם אסם,מיוצר עי קונדיטוריית,IL,אסם בייגלה שמיניות ל,,250.00,100 גרם,false,,13.90,0.0556,true,1,19399
7290112967220,false,ביסלי מארז ברביקיו 20 גר'*10 יח' אסם,,,ביסלי ברביקיו מארז 1,,200.00,100 גרם,false,,13.90,0.0695,true,1,74994
7290112967244,false,ביסלי גריל מארז 20 גר'*10 יח' אסם,,,ביסלי גריל מארז 10*,,200.00,100 גרם,false,,12.90,0.0645,true,1,19401
7290112968203,false,צבר סלט טחינה בלאדי 6*250גרם,שוורצקוף& הנקל דיסלד,IL,סלט טחינה בלאדי צבר,,250.00,100 גרם,false,,10.90,0.0436,true,1,20072
7290112968449,false,סלט טחינה כרוב אדום 250 גרם,שוורצקוף& הנקל דיסלד,IL,סלט כרוב אדום צבר 25,,250.00,100 גרם,false,,10.90,0.0436,true,1,20075
7290112968708,false,"טבעול שניצל תירס עדה חרדית 1.3 ק""ג",טבעול ישראל,IL,שניצל תירס עדה חרדי,קילוגרמים,1.30,"ק""ג",false,,40.90,31.4615,true,1,62010
7290112968807,false,פיטנס - קרקר דק סלק 140 גרם,מפעל אסם יקנעם,IL,פיטנס קרקר דק סלק 14,,140.00,100 גרם,false,,11.90,0.0850,true,1,123132
7290112968821,false,פיטנס - קרקר דק בטטה 140 גרם,מפעל אסם יקנעם,IL,פיטנס קרקר דק בטטה 1,,140.00,100 ליטר,false,,11.90,0.0850,true,1,123145
7290112969286,false,אסם בישולים רוטב חרדל ודבש 330 גרם,"אסם השקעות בע""מ",IL,אוסם בישולים רוטב חר,,330.00,100 גרם,false,,16.90,0.0512,true,1,119577
7290113100244,false,מנגל,,,מנגל,יחידה,0.00,יחידה,false,,229.90,0.0000,true,1,49974
7290113100572,false,מחבת 24 ס`מ אינדוקצי,,,מחבת 24 ס`מ אינדוקצי,יחידה,0.00,יחידה,false,,269.90,0.0000,true,1,50008
7290113100688,false,תבנית אפיה גודל 26,,,תבנית אפיה גודל 26,יחידה,0.00,יחידה,false,,119.50,0.0000,true,1,50019
7290113100985,false,קרש חיתוך דגם יהלום,,,קרש חיתוך דגם יהלום,יחידה,0.00,יחידה,false,,16.90,0.0000,true,1,50049
7290113101296,false,פותחן בקבוקים סיליקו,,,פותחן בקבוקים סיליקו,יחידה,0.00,יחידה,false,,29.90,0.0000,true,1,50080
7290113101357,false,סכין בשר דגם יסמין,,,סכין בשר דגם יסמין,יחידה,0.00,יחידה,false,,89.90,0.0000,true,1,50086
7290113101630,false,סכין בשר 8' דגם שי,,,סכין בשר 8' דגם שי,יחידה,0.00,יחידה,false,,58.90,0.0000,true,1,50114
7290113103634,false,משטח הפשרה מגנוס,,,משטח הפשרה מגנוס,יחידה,0.00,יחידה,false,,99.90,0.0000,true,1,96812
7290113177192,false,צנצנת ברוסליקט פרמיו,,,צנצנת ברוסליקט פרמיו,יחידה,0.00,יחידה,false,,19.80,0.0000,true,1,238293
7290113177208,false,צנצנת ברוסליקט פרמיו,,,צנצנת ברוסליקט פרמיו,יחידה,0.00,יחידה,false,,24.00,0.0000,true,1,238307
7290113190757,false,חלבה מסולסלת בטעם וניל 300 גרם,חיאל עמר שומרון,IL,חלבה תלתלים בטעם וני,,300.00,100 גרם,false,,14.90,0.0497,true,1,303420
7290113192300,false,זיתים מושחרים חרוזית 275 גרם בית השיטה,בית השיטה,IL,זיתים חרוזית מושחר ב,,275.00,100 גרם,false,,9.90,0.0360,true,1,19424
7290113192324,false,בית השיטה זית ירוק א2 12*340גרם חדש,בית השיטה,IL,זית ירוק בית השיטה 3,,340.00,100 גרם,false,,8.90,0.0262,true,1,19426
7290113192331,false,בית השיטה זית ירוק גדול א2 12*340ג חדש,בית השיטה,IL,זיתים ירוק גדול בית,,340.00,100 גרם,false,,8.90,0.0262,true,1,19427
7290113192348,false,זיתים ירוקים שלמים גדולים מאוד בטעם שום,בית השיטה,IL,זית ירוק שום 17-19בי,,560.00,100 גרם,false,,9.90,0.0177,true,1,19428
7290113192355,false,חרוזית זיתים ירוקים ללא גלעין 275 ג' בית השיטה,בית השיטה,IL,זיתים חרוזית ירוק בי,,275.00,100 גרם,false,,9.90,0.0360,true,1,19429
7290113192362,false,זיתים ירוקים טבעות A2 בית השיטה 280 גרם,בית השיטה,IL,טבעות זיתים ירוקים ב,,280.00,100 גרם,false,,8.90,0.0318,true,1,19430
7290113192379,false,בית השיטה זיתים ירוקים מבוקעים א2 340גר',בית השיטה,IL,זיתים ירוקים מבוקעים,,340.00,100 גרם,false,,9.90,0.0291,true,1,19431
7290113192393,false,קוקטייל זיתים A2 בית השיטה 336 גרם,בית השיטה,IL,קוקטייל זיתים בית הש,,336.00,100 גרם,false,,10.90,0.0324,true,1,19433
7290113192478,false,בית השיטה מלפפונים במלח בינוני 10-12 320 גרם,בית השיטה,IL,מלפפון במלח 10-12 בי,,320.00,100 גרם,false,,7.90,0.0247,true,1,19441
7290113192485,false,בית השיטה מלפפונים בחומץ בינוני 10-12 290 גרם,בית השיטה,IL,מלפפון בחומץ 12-10 ב,,290.00,100 גרם,false,,7.90,0.0272,true,1,19442
7290113192492,false,בית השיטה מלפפונים בחומץ קטנים 1317 290 גרם,בית השיטה,IL,מלפפון בחומץ 13-17 ב,,290.00,100 גרם,false,,8.90,0.0307,true,1,19443
7290113192515,false,בית השיטה מלפפונים במלח קטן מאוד 1825 320 גרם,בית השיטה,IL,מלפפון במלח 18-25 בי,,320.00,100 גרם,false,,10.80,0.0338,true,1,19445
7290113192522,false,בית השיטה מלפפונים בחומץ קטן מאוד 1825 290 גרם,בית השיטה,IL,מלפפון בחומץ 18-25 ב,,290.00,100 גרם,false,,10.80,0.0372,true,1,19446
7290113192539,false,בית השיטה מלפפונים במלח גדול 79 320 גרם,בית השיטה,IL,מלפפון במלח 7-9 בית,,560.00,100 גרם,false,,5.90,0.0105,true,1,19447
7290113192546,false,בית השיטה מלפפונים בחומץ גדול 79 290 גרם,בית השיטה,IL,מלפפון בחומץ 7-9 בית,,560.00,100 גרם,false,,5.90,0.0105,true,1,19448
7290113192553,false,בית השיטה מלפפונים במלח 13-17 בלדי 320 גר',בית השיטה,IL,מלפפון במלח בלדי 13-,,320.00,100 גרם,false,,10.80,0.0338,true,1,19449
7290113192560,false,בית השיטה פלפל שיפקה חריף כבוש 230 גרם,בית השיטה,IL,פלפל שיפקה בית השיטה,,230.00,100 גרם,false,,6.90,0.0300,true,1,19450
7290113192577,false,בית השיטה כרוב כבוש חתוך 430 גרם,בית השיטה,IL,כרוב כבוש בית השיטה,יחידה,430.00,יחידה,false,,6.90,0.0160,true,1,19451
7290113193000,false,פלפל שיפקונית 230 גרם בית השיטה,שוורצקוף& הנקל דיסלד,IL,פלפל שיפקונית בית הש,,230.00,100 גרם,false,,11.90,0.0517,true,1,108516
7290113193031,false,חרוזית קלמטה - זיתים שחורים ללא גלעין קלמטה,שוורצקוף& הנקל דיסלד,IL,חרוזית קלמטה בית השי,,275.00,100 גרם,false,,12.90,0.0469,true,1,108501
7290113193321,false,"שמן זית כתית מעולה בית השיטה 750 מ""ל",בית השיטה,IL,שמן זית כתית מעולה ב,,750.00,"100 מ""ל",false,,30.90,0.0412,true,1,209446
7290113193406,false,"קוקטייל טבעות זיתים - זיתים ירוקים, שחורים מרינד",בית השיטה,IL,טבעות קוקטיל זיתים ב,,560.00,100 גרם,false,,10.70,0.0191,true,1,108502
7290113195042,false,מלפפון חמוץ במלח כבישה ביתית בית השיטה 750 גר',שוורצקוף& הנקל דיסלד,IL,מלפפון מלח כבישה בית,,750.00,100 גרם,false,,24.90,0.0332,true,1,166945
7290113196926,false,מנה חמה אטריות אורז בטעם ירקות 70 ג' סו שף,,,מנה חמה אטריות אורז,,60.00,100 גרם,false,,7.90,0.1317,true,1,326256
7290113196933,false,מנה חמה אטריות אורז בטעם טום יאס70 ג' סו שף,,,מנה חמה אטריות אורז,,60.00,100 גרם,false,,7.90,0.1317,true,1,326257
7290113289048,false,צלחות קטנות אלגנט קר,,,צלחות קטנות אלגנט קר,יחידה,0.00,יחידה,false,,7.90,0.0000,true,1,195918
7290113289192,false,צלחות מתכלות יהלום ק,,,צלחות מתכלות יהלום ק,יחידה,0.00,יחידה,false,,9.90,0.0000,true,1,220495
7290113289215,false,צלחות מתכלות יהלום ע,,,צלחות מתכלות יהלום ע,יחידה,0.00,יחידה,false,,19.90,0.0000,true,1,220511
7290113289321,false,מגשי דקל מלבניים גדו,,,מגשי דקל מלבניים גדו,יחידה,0.00,יחידה,false,,12.90,0.0000,true,1,252751
7290113289338,false,צלחות דקל מרובעות ענ,,,צלחות דקל מרובעות ענ,יחידה,0.00,יחידה,false,,17.90,0.0000,true,1,252717
7290113289345,false,צלחות דקל מרובעות גד,,,צלחות דקל מרובעות גד,יחידה,0.00,יחידה,false,,16.90,0.0000,true,1,252733
7290113289352,false,צלחות דקל מרובעות קט,,,צלחות דקל מרובעות קט,יחידה,0.00,יחידה,false,,12.90,0.0000,true,1,252734
7290113289475,false,מפיות חד שכבתיות 80,,,מפיות חד שכבתיות 80,יחידה,0.00,יחידה,false,,4.90,0.0000,true,1,205695
7290113289505,false,רדיד אלומיניום כוכבי,,,רדיד אלומיניום כוכבי,יחידה,0.00,יחידה,false,,32.90,0.0000,true,1,231032
7290113289543,false,כוסות שקופות 150 יחי,,,כוסות שקופות 150 יחי,יחידה,0.00,יחידה,false,,14.90,0.0000,true,1,252532
7290113289550,false,צלחות מתכלות גדולות,,,צלחות מתכלות גדולות,יחידה,0.00,יחידה,false,,29.90,0.0000,true,1,220481
7290113289567,false,צלחות מתכלות קטנות ק,,,צלחות מתכלות קטנות ק,יחידה,0.00,יחידה,false,,19.90,0.0000,true,1,220496
7290114310215,false,"**טרה שמנת מתוקה 38% 250 מ""ל בקבוק.",מילקו תעשיות בעמ,IL,שמנת מתוקה 38% בקבוק,,250.00,"100 מ""ל",false,,6.47,0.0259,true,1,70619
7290114310222,false,חלב 1.5 ליטר 3% מועשר בסידן וויטמין D.,מילקו תעשיות בעמ,IL,חלב מועשר בסידן 1.5,ליטרים,1.50,ליטר,false,,11.50,7.6667,true,1,82538
7290114310239,false,חלב טרה נטול לקטוז מועשר בוויטמין D 2% 1.5 ל',מילקו תעשיות בעמ,IL,חלב נטול לקטוז 1.5,ליטרים,1.50,ליטר,false,,11.50,7.6667,true,1,82525
7290114310383,false,Muller Froop מולר יוגורט מוקצף בטעם וניל 90 גרם,מולר Muller,IL,יוגורט מוקצף בטעם ונ,,97.00,100 גרם,false,,5.10,0.0526,true,1,330626
7290114310390,false,"מולר פרופ קציפת יוגורט בננה לוטי 5% 150 מ""ל",מולר Muller,IL,יוגורט מוקצף בטעם בנ,,97.00,100 גרם,false,,5.10,0.0526,true,1,330627
7290114310406,false,מולר פרופ יוגורט מוקצף בטעם תות 97 גרם,מולר Muller,IL,יוגורט מוקצף בטעם תו,,97.00,100 גרם,false,,5.10,0.0526,true,1,330642
7290114310536,false,יוגורט לייט מעושר בחלבון בטעם וניל מולר 200 ג',מולר Muller,IL,מולר אקטיב לייט יוגו,,25.00,100 גרם,false,,6.20,0.2480,true,1,145054
7290114310550,false,פטה עיזים מעודנת בגביע 5% 200 ג',מחלבת משק צוריאל,IL,פטה עיזים מעודנת 5%,,200.00,100 גרם,false,,24.10,0.1205,true,1,145027
7290114310611,false,"משקה חלב בננה בבקבוק פקק ספורט טרה 250 מ""ל",טרה,IL,משקה חלב בננה בבקבוק,,250.00,"100 מ""ל",false,,5.80,0.0232,true,1,164179
7290114310628,false,משקה חלב בטעם וניל עוגיות 1.5% שומן,מילקו תעשיות בעמ,IL,משקה חלב וניל עוגיות,ליטרים,1.00,ליטר,false,,11.90,11.9000,true,1,150674
7290114310895,false,סימפלי מולר מאגדת שמינייה מנגו תות 1.5% 150X8 גר',מולר Muller,IL,מאגדת שמינייה סימפלי,קילוגרמים,1.20,"ק""ג",false,,31.90,26.5833,true,1,198650
7290114311021,false,"משקה חלב וניל עוגיות טרה 250 מ""ל פקק ספו",טרה,IL,משקה חלב וניל עוגיות,,250.00,"100 מ""ל",false,,5.80,0.0232,true,1,277369
7290114311038,false,שמנת מתוקה עמידה 32% 250מל בקבוק,טרה,IL,שמנת מתוקה 32% בקבוק,,250.00,"100 מ""ל",false,,7.20,0.0288,true,1,277341
7290114311069,false,יוגורט לבן מועשר בחלבון 0% שומן 200 גרם muller active,מולר Muller,IL,יוגורט בטעם טבעי 25,,200.00,100 גרם,false,,5.30,0.0265,true,1,256529
7290114311076,false,"חמאת מולר צהובה עם שום, 200 גרם",מולר Muller,IL,חמאה צהובה עם שום מו,,200.00,100 גרם,false,,11.50,0.0575,true,1,273699
7290114311298,false,יוגורט מולר פרופ בטעם תות בננה מלון 150,מולר Muller,IL,מולר פרופ תות בננה מ,,150.00,100 גרם,false,,5.10,0.0340,true,1,303286
7290114311304,false,יוגורט קציפת מנגו פסיפלורה בננה 150 ג' מולר,מולר Muller,IL,מולר פרופ מנגו פסיפל,,150.00,100 גרם,false,,5.10,0.0340,true,1,303301
7290114311359,false,יוגורט עם קציפת מנגו 3% שומן פרופ 150 ג' מולר,מולר Muller,IL,מולר פרופ מנגו 3% 15,,150.00,100 גרם,false,,5.10,0.0340,true,1,303287
7290114311441,false,"מולר אקטיב בטעם עוגיות חמאה 0% שומן, 200 גרם",מולר Muller,IL,מולר אקטיב בטעם עוגי,,200.00,100 גרם,false,,6.20,0.0310,true,1,330609
7290114311502,false,"משקה חלב בקבוק בטעם סחלב, 1 ליטר",מילקו תעשיות בעמ,IL,משקה חלב בטעם סחלב 1,ליטרים,1.00,ליטר,false,,11.90,11.9000,true,1,369713
7290114600927,false,עלי טורטיה חיטה מלאה מאסטר שף 320 גרם,אלקאטי קורביישיסי,TR,עלי טורטיה חיטה מלאה,,320.00,100 גרם,false,,9.90,0.0309,true,1,190099
7290114600996,false,"רוטב שום מאסטר שף 250 מ""ל",מאסטר שף,NL,מאסטר שף רוטב שום 25,,250.00,"100 מ""ל",false,,9.90,0.0396,true,1,86499
7290114603041,false,"פרי גרנולה בוטנים אגוזים וקוקוס, 300 ג'","אפקט טבעי בע""מ",IL,פרי גרנולה בוטנים אג,,300.00,100 גרם,false,,14.90,0.0497,true,1,114905
7290114603768,false,"מארז אג'קס כלורון נוזל לניקוי אסלות 750 מ""ל*2 יח'",cp,FR,אג'קס שירותים 750 מ',,750.00,"100 מ""ל",false,,30.90,0.0412,true,1,87125
7290114604895,false,ממרח ספייסי לחיץ מאסטר שף 446 גרם,מאסטר שף,NL,מאסטר שף ממרח ספייסי,,446.00,100 גרם,false,,13.90,0.0312,true,1,146533
7290114604901,false,ממרח שום לחיץ מאסטר שף 444 גרם,מאסטר שף,NL,מאסטר שף ממרח שום לח,,242.00,100 גרם,false,,13.90,0.0574,true,1,146534
7290114605533,false,משטח חיתוך חד פעמי 30 יח' קוקי,,CN,"משטח חיתוך חד""פ",יחידה,0.00,יחידה,false,,19.90,0.0000,true,1,274902
7290114606530,false,רוטב בטעם מיונז וקטשופ מאסטר שף 515 גרם,מאסטר שף,NL,מאסטר שף רוטב בטעם מ,,515.00,100 גרם,false,,13.90,0.0270,true,1,146535
7290114606547,false,מיונז פטריות כמהין לחיץ מאסטר שף 242 גרם,מאסטר שף,NL,מאסטר שף מיונז עם כמ,,242.00,100 גרם,false,,13.90,0.0574,true,1,146536
7290115190014,false,סיגריות מרלבורו רד קצר בוקס,פיליפ מוריס,,סיגריות מרלבורו חפי,יחידה,0.00,יחידה,false,,35.00,0.0000,false,1,105329
7290115190052,false,סיגריות מרלבורו מדיום פלייבור מיקס,פיליפ מוריס,,סיגריות מרלבורו חפי,יחידה,0.00,יחידה,false,,35.00,0.0000,false,1,97966
7290115190076,false,סיגריות מרלבורו גולד ארוך 100 בוקס,פיליפ מוריס,,סיגריות מרלבורו חפי,יחידה,0.00,יחידה,false,,35.00,0.0000,false,1,113514
7290115190090,false,סיגריות מרלבורו גולד קצר בוקס,פיליפ מוריס,,סיגריות מרלבורו חפי,יחידה,0.00,יחידה,false,,35.00,0.0000,false,1,105342
7290115190137,false,מלבורו פיין טאצ 7.1 חפיסה,פיליפ מוריס,,מרלבורו פיין טאצ בוד,יחידה,0.00,יחידה,false,,31.00,0.0000,false,1,105311
7290115190151,false,מלבורו גולד טאצ 7.1 חפיסה,פיליפ מוריס,,מרלבורו גולד טאצ בוד,יחידה,0.00,יחידה,false,,31.00,0.0000,false,1,105312
7290115190199,false,סיגריות פרלמנט (חפיס,פיליפ מוריס,,סיגריות פרלמנט (חפיס,יחידה,0.00,יחידה,false,,40.00,0.0000,false,1,148935
7290115190212,false,פרלמנט ארוך בלו RCB קופסא,פיליפ מוריס,,סיגריות פרלמנט (חפיס,יחידה,0.00,יחידה,false,,40.00,0.0000,false,1,105267
7290115190335,false,ל.מ.בלו לייבל ארוך בוקס חפיסה,פיליפ מוריס,,אל אם בלו ארוך,יחידה,0.00,יחידה,false,,31.00,0.0000,false,1,151352
7290115190397,false,סיגריות LM רד לייבל קצר,פיליפ מוריס,,אל אם רד לייבל קצר,יחידה,0.00,יחידה,false,,31.00,0.0000,false,1,97924
7290115190458,false,סיגריות נקסט אדג בוד,פיליפ מוריס,,נקסט אדג` בודד,יחידה,0.00,יחידה,false,,26.00,0.0000,false,1,113528
7290115190496,false,סיגריות נקסט פיין 10,פיליפ מוריס,IL,סיגריות נקסט (בודד),יחידה,0.00,יחידה,false,,30.00,0.0000,false,1,128993
7290115190519,false,סיגריות נקסט פיין חפ,פיליפ מוריס,,סיגריות נקסט (בודד),יחידה,0.00,יחידה,false,,30.00,0.0000,false,1,105282
7290115190595,false,סיגריות נקסט אוריגינ,פיליפ מוריס,,סיגריות נקסט(בודד),יחידה,0.00,יחידה,false,,30.00,0.0000,false,1,105254
7290115190892,false,מרלבורו פיוזן קפסולה חפיסה,פיליפ מוריס,IL,סיגריות מרלבורו פיוז,יחידה,0.00,יחידה,false,,28.90,0.0000,false,1,167391
7290115200003,false,אסם פתי בר פינוקי וניל 220 גרם,תאי פרזידנט פוד פאבל,PL,פתי בר פינוקי וניל 2,,220.00,100 גרם,false,,9.90,0.0450,true,1,115181
7290115200027,false,פתי בר פינוקי שוקו 220 גר' אסם.,DR GERARD,PL,פתי בר פינוקי שוקו 2,,220.00,100 גרם,false,,9.90,0.0450,true,1,115182
7290115200713,false,במבה קלאסי מארז אחיד 8 50*5 ג',אסם,IL,מארז במבה קלאסי אסם,,250.00,100 ליטר,false,,11.90,0.0476,true,1,117373
7290115201680,false,ביסלי ברביקיו 70 גרם,"אסם השקעות בע""מ",IL,ביסלי ברביקיו 70 גרם,,70.00,100 ליטר,false,,3.90,0.0557,true,1,122437
7290115201741,false,ביסלי בטעם בצל 70 גרם,"אסם השקעות בע""מ",IL,ביסלי בצל 70 גרם,,70.00,100 גרם,false,,3.90,0.0557,true,1,116741
7290115202212,false,טבעול גורמה לביבות סלק 434 גרם,עיצובים 2020 (4.8),IL,טבעול גורמה לביבות ס,,434.00,100 גרם,false,,34.90,0.0804,true,1,303504
7290115202816,false,מנה חמה פאוצ נדלס.אטר.טעם עוף 70 גרם,אסם,IL,מנה חמה פאוצ' נדלסאט,,70.00,100 גרם,false,,4.90,0.0700,true,1,145149
7290115202847,false,מנה חמה פאוצ' נדלס ספייסי אסם 70 ג',אסם,IL,מנה חמה פאוצ' נדלסאט,,70.00,100 גרם,false,,4.90,0.0700,true,1,145150
7290115202939,false,מנה חמה רייס נודלס עוף פטריות 50 ג' אסם,מיוצר עי קונדיטוריית,TH,מנה חמה רייס נודלס ע,,50.00,100 גרם,false,,7.90,0.1580,true,1,214349
7290115203134,false,פופקו פופקורן במבה - פופקורן בציפוי קרמל ובוטנים,"אסם השקעות בע""מ",IL,פופקו פופקורן במבה 4,,80.00,100 גרם,false,,4.90,0.0613,true,1,161317
7290115203172,false,במבה PRO מכיל 18 גרם חלבון בשקית,"אסם השקעות בע""מ",IL,במבה אסם 80 גרם PRO,,80.00,100 גרם,false,,4.50,0.0563,true,1,301343
7290115203486,false,אסם פירורית בטעם ביסלי גריל 200 גרם,עינת תעשיות מזון אגו,IL,אסם פירורית בטעם ביס,,200.00,100 גרם,false,,6.50,0.0325,true,1,151844
7290115204056,false,אסם קטשופ 56% פחות סוכר 690 גרם,אסם,IL,אסם קטשופ מופחת סוכר,,690.00,100 גרם,false,,10.50,0.0152,true,1,153087
7290115205176,false,פיטנס - קרקר דק כפרי פיטנס 140 גרם,נסטלה Nestle,IL,פיטנס קרקר THIN כפרי,,140.00,100 גרם,false,,11.90,0.0850,true,1,212700
7290115205312,false,קרקר פיטנס דק עם זיתי קלמטה ועשבי תיבול,"אסם השקעות בע""מ",IL,פיטנס קרקר Thin Deli,,140.00,100 גרם,false,,11.90,0.0850,true,1,291282
7290115205527,false,חטיף פיטנס מולטיגריין עם עדשים 25 גרם,פיטנס,IL,פיטנס חטיף מולטגריין,,25.00,100 גרם,false,,4.90,0.1960,true,1,293428
7290115205633,false,טבעול סנסשיונל/גורמה נקנקיות 350 גר',עיצובים 2020 (4.8),IL,טבעול סנסשיונל נקנקי,,350.00,100 גרם,false,,34.90,0.0997,true,1,303521
7290115205718,false,אסם בונזור בצק מצונן עלים 230 גרם,נסטלה סוויס (שוויץ),IL,בצק עלים מצונן בונז',,230.00,100 גרם,false,,13.90,0.0604,true,1,231611
7290115207484,false,"""המעדניה"" צבר חציל על האש 400 גרם",ג'נרל מילס סאן אדריא,IL,חציל על האש היתר צבר,,400.00,100 גרם,false,,14.90,0.0373,true,1,239244
7290115207682,false,"אסם רוטב בסגנון סויה סיני 290 מ""ל",אסם,IL,אסם רוטב בסגנון סויה,,330.00,"100 מ""ל",false,,8.90,0.0270,true,1,291104
7290115208047,false,ויטמינצ'יק תרכיז פטל 1 ליטר,בית-השיטה עסיס תעשיו,IL,ויטמינצ'יק פטל 1 ליט,ליטרים,1.00,ליטר,false,,22.50,22.5000,true,1,244877
7290115208061,false,ויטמינצ'יק תרכיז תפוח 1 ליטר,בית השיטה עסיס תעשיו,IL,ויטמינצ'יק תפוח 1 לי,ליטרים,1.00,ליטר,false,,22.50,22.5000,true,1,244893
7290115208320,false,אפרופו חטיף בטעם ביסלי בצל 50 גרם,"אסם השקעות בע""מ",IL,אפרופו בטעם ביסלי בצ,,50.00,100 גרם,false,,5.00,0.1000,true,1,337160
7290115208801,false,לחמית דבש ואגוזים 190ג אסם,אסם,IL,לחמית דבש ואגוזים 19,,190.00,100 גרם,false,,9.90,0.0521,true,1,305325
7290115209136,false,"טבעול חטיפי עוף צימחי העדה החרדית 1ק""ג",טבעול ישראל,IL,חטיפים צמחוניים בטעם,,1.20,"100 ק""ג",false,,39.90,33.2500,true,1,314256
7290115209174,false,במבה אורירית קלאסי 60 גר',אסם השקעות בעמ,IL,במבה אורירית 60 גרם,,80.00,100 גרם,false,,4.50,0.0563,true,1,318036
7290115209198,false,במבה אורירית 80 ג' אסם,אסם השקעות בעמ,IL,במבה אורירית 80 גרם,,80.00,100 גרם,false,,4.50,0.0563,true,1,293473
7290115209372,false,במבה במילוי בראוניז 150ג' אסם,"אסם השקעות בע""מ",IL,במבה במילוי בראוניז,,150.00,100 גרם,false,,10.00,0.0667,true,1,336859
7290115403282,false,עוגיות פיצפוצי שוקו,,,עוגיות פיצפוצי שוקו,,500.00,100 גרם,false,,15.90,0.0318,true,1,279561
7290115403299,false,עוגיות פרפריות אדל 4,,,עוגיות פרפריות אדל 4,,450.00,100 גרם,false,,15.90,0.0353,true,1,279562
7290115403312,false,עוגיות מלוחות קריספי,,,עוגיות מלוחות קריספי,,450.00,100 גרם,false,,15.90,0.0353,true,1,279564
7290115403350,false,עוגיות רשת שוקו מסוכ,,,עוגיות רשת שוקו מסוכ,,450.00,100 גרם,false,,15.90,0.0353,true,1,279567
7290115403381,false,עוגיות פיצפוצים לבן,,,עוגיות פיצפוצים לבן,,500.00,100 גרם,false,,15.90,0.0318,true,1,279570
7290115403435,false,עוגיות מעמול תמר אדל,,,עוגיות מעמול תמר אדל,,500.00,100 גרם,false,,15.90,0.0318,true,1,279575
7290115403459,false,עוגיות נסיכה בטעם תו,,,עוגיות נסיכה בטעם תו,,500.00,100 גרם,false,,15.90,0.0318,true,1,279577
7290115403466,false,עוגיות נסיכה מיקס אד,,,עוגיות נסיכה מיקס אד,,500.00,100 גרם,false,,15.90,0.0318,true,1,279578
7290115403473,false,עוגיות עינוגי שוקולד,,,עוגיות עינוגי שוקולד,,500.00,100 גרם,false,,15.90,0.0318,true,1,279579
7290115403480,false,עוגיות בסגנון מרוקאי,,,עוגיות בסגנון מרוקאי,,500.00,100 גרם,false,,15.90,0.0318,true,1,279580
7290115403503,false,עוגיות פרסה תמרים אד,,,עוגיות פרסה תמרים אד,,500.00,100 גרם,false,,15.90,0.0318,true,1,279581
7290115403510,false,עוגיות מגולגלות תמרי,,,עוגיות מגולגלות תמרי,,500.00,100 גרם,false,,15.90,0.0318,true,1,279582
7290115403541,false,עוגיות גרייבה אדל 50,,,עוגיות גרייבה אדל 50,,500.00,100 גרם,false,,15.90,0.0318,true,1,279585
7290115403565,false,עוגיות קיפל וניל אדל,,,עוגיות קיפל וניל אדל,,500.00,100 גרם,false,,15.90,0.0318,true,1,279587
7290115405118,false,קינוח אישי גבינה תענוג תות קפולסקי 200 ג,קפולסקי אדל בעמ,IL,קינוח אישי תענוג תות,,200.00,100 גרם,false,,14.90,0.0745,true,1,66786
7290115405774,false,פחזניות ממולאות בטעם וניל קפולסקי 180 גר,תופינים מקבוצת קפולס,IL,פחזניות בטעם וניל תו,,180.00,100 גרם,false,,14.90,0.0828,true,1,288589
7290115405798,false,פחזניות ממולאות בטעם ריבת חלב קפולסקי,קפולסקי אדל בעמ,IL,פחזניות בטעם ריבת חל,,180.00,100 גרם,false,,14.90,0.0828,true,1,288617
7290115405804,false,פחזניות ממולאות בטעם תות קפולסקי 180 גרם,קפולסקי אדל בעמ,IL,פחזניות בטעם תות תופ,,180.00,100 גרם,false,,14.90,0.0828,true,1,288618
7290115410068,false,סלט חציל במיונז 400 גר',סלטי היום,IL,חציל במיונז 400 גרם,,400.00,100 גרם,false,,10.90,0.0273,true,1,188333
7290115410075,false,טחינה 400 גרם סלטי ה,סלטי היום,IL,טחינה 400 גרם סלטי ה,,400.00,100 גרם,false,,10.90,0.0273,true,1,188334
7290115410082,false,סלט טורקי סלטי היום,סלטי היום,IL,טורקי 400 גרם סלטי ה,,400.00,100 גרם,false,,10.90,0.0273,true,1,188348
7290115410099,false,מטבוחה סלטי היום 400,סלטי היום,IL,מטבוחה 400 גרם סלטי,,400.00,100 גרם,false,,10.90,0.0273,true,1,188349
7290115410112,false,חומוס 400 גרם סלטי ה,סלטי היום,IL,חומוס 400 גרם סלטי ה,,400.00,100 גרם,false,,10.90,0.0273,true,1,188319
7290115410150,false,כרוב אדום סלטי היום,סלטי היום,IL,כרוב אדום 400 גרם סל,,400.00,100 גרם,false,,10.90,0.0273,true,1,250967
7290115410549,false,המעדניה חומוס ירושלים 250 גר',סלטי היום,IL,חומוס מסעדות המעדניה,,250.00,100 גרם,false,,10.90,0.0436,true,1,188229
7290115410563,false,המעדניה חומוס מסבחה חריף אדום 250 גר',סלטי היום,IL,חומוס מסבחה חריף 250,,250.00,100 גרם,false,,10.90,0.0436,true,1,188257
7290115410594,false,המעדניה חציל תיאלנדי 250 גר',סלטי היום,IL,חציל תאילנדי 250 גרם,,250.00,100 גרם,false,,10.90,0.0436,true,1,188273
7290115410600,false,המעדניה חציל במיונז 250 גר',סלטי היום,IL,חציל במיונז 250 גרם-,,250.00,100 גרם,false,,10.90,0.0436,true,1,188274
7290115410655,false,המעדניה מטבוחה 250 גר',סלטי היום,IL,מטבוחה 250 גרם המעדנ,,250.00,100 גרם,false,,10.90,0.0436,true,1,188275
7290115480016,false,קפסולות פאוור קאפס פרסיל 26 יח,סוד,,סוד קפסולות ג'ל 3+1,,26.00,100 יח',false,,29.90,1.1500,true,1,290983
7290115671155,false,שלישיית סוכריות FRESH ענבים 45 ג' בזוקה,הליקון גידה,TR,שלישיית סוכריות בזוק,,45.00,100 גרם,false,,7.90,0.1756,true,1,236362
7290115671339,false,מיני פינוקיות בראוניז בייגל בוטן עלית 180 ג' עלית,הגביע מוצרי ופלים בע,IL,מיני פינוקיות בראוני,,180.00,100 גרם,false,,10.90,0.0606,true,1,177068
7290115671346,false,מיני פינוקיות טופי קרמל מלוח 180 ג' עלית,הגביע מוצרי ופלים בע,IL,מיני פינוקיות במילוי,,180.00,100 גרם,false,,10.90,0.0606,true,1,177082
7290115671353,false,מיני פינוקיות עוגיות קקאו במילוי קרם בטעם וניל,הגביע,IL,מיני פינוקיות שחור ל,,180.00,100 גרם,false,,10.90,0.0606,true,1,228841
7290115675559,false,מארז קפה טורקי לדרך 70ג' עלית,שטראוס קפה בי.וי.,IL,מארז קפה טורקי לדרך,,70.00,100 גרם,false,,7.90,0.1129,true,1,123402
7290115675870,false,עלית - קפה נמס מילקשייק קרמל מלוח 200 גרם,,,קפה ICE נמס בטעם קרמ,,200.00,100 גרם,false,,14.90,0.0745,true,1,156886
7290115675986,false,יוגורט עם אגוזי לוז ושקדים בקרמל מלוח 4.5%,"שטראוס בריאות בע""מ",IL,דנונה קראנצ' אגוזים,,173.00,100 גרם,false,,4.90,0.0283,true,1,122878
7290115676037,false,דנונה ריפרש יוגורט עם תות ודומדמניות 1.6% שומן,מיוצר עי קונדיטוריית,IL,דנונה ריפרש יוגורט ע,,250.00,100 גרם,false,,5.90,0.0236,true,1,154490
7290115676051,false,"אקטיביה משקה+שיבולת שועל במתיקות מעודנת 250 מ""ל",מיוצר עי קונדיטוריית,IL,משקה אקטיביה עם שיבו,,265.00,100 גרם,false,,5.20,0.0196,true,1,203069
7290115676082,false,משקה דנונה פרו 20 יוגורט תות 255 ג' רבנות,"שטראוס בריאות בע""מ.",IL,משקה יוגורט עם חלבון,,255.00,100 גרם,false,,7.20,0.0282,true,1,154517
7290115676099,false,משקה דנונה פרו 20 יוגורט וניל 255 ג' רבנות,"שטראוס בריאות בע""מ.",IL,משקה יוגורט עם חלבון,,265.00,100 גרם,false,,7.20,0.0272,true,1,154492
7290115677089,false,קונפיטורת יד מרדכי תפוח וקינמון 340 גרם,"בית אל מזון בע""מ",IL,קונפיטורת תפוח וקינמ,,340.00,100 גרם,false,,11.90,0.0350,true,1,172775
7290115677140,false,תפוצ'יפס WAVY פפריקה 200 גרם,שטראוס פריטו ליי בע”,IL,תפוצ'יפס wavy פפריקה,,200.00,100 גרם,false,,10.90,0.0545,true,1,353143
7290115677676,false,חומוס עשיר בטחינה גולמית עם מלא חריף 400 גר אחלה,שטראוס גרופ,IL,חומוס 40% טחינה עם ח,,400.00,100 גרם,false,,12.90,0.0323,true,1,125596
7290115678222,false,מארז 8 גביעים יוגורט Greek בסגנון יווני 6.5% שומן,דנונה - שטראוס,IL,מארז שמינייה יוגורט,,130.00,100 גרם,false,,23.90,0.1838,true,1,154544
7290115678376,false,מעדן הגולן שוקולד 125 גרם,מיוצר עי קונדיטוריית,IL,מעדן הגולן מעדן חלב,,125.00,100 גרם,false,,3.10,0.0248,true,1,178806
7290115678383,false,מעדן הגולן שוקולד מריר 125 גרם,מיוצר עי קונדיטוריית,IL,מעדן הגולן מעדן חלב,,125.00,100 גרם,false,,3.10,0.0248,true,1,178807
7290115678598,false,חסה אייסברג חיתוך גס,שטראוס גרופ,IL,חסה אייסברג חיתוך גס,,300.00,100 גרם,false,,9.90,0.0330,true,1,204817
7290115679960,false,ציטוס פופקורן בטעם טבעי 60 ג 24 יח,"שטראוס פריטו ליי בע""",IL,ציטוס פופקורן בטעם ט,,60.00,100 גרם,false,,3.90,0.0650,true,1,203137
7290116270715,false,פילה ברבוניה ארוז בו,,,פילה ברבוניה ארוז בו,יחידה,0.00,יחידה,false,,24.90,0.0000,true,1,259456
7290116530185,false,דגני בוקר דלישקד קרמל מלוח 400 ג' תלמה,יוניליוור שפע ישראל,IL,דגני בוקר דלישקד קרמ,,400.00,100 גרם,false,,21.90,0.0547,true,1,237355
7290116531793,false,הלמנס רוטב לסלט קיסר 295 גרם,יוניליוור ישראל מזון,IL,רוטב לסלט קיסר הלמנס,,295.00,100 גרם,false,,10.90,0.0369,true,1,337248
7290116532721,false,רוטב הלמנס ישראלי לסלט לימון וזעתר 305 ג,אתר חיפה ממרחים - Fo,IL,רוטב לסלט לימון וזעת,,295.00,100 גרם,false,,9.90,0.0336,true,1,335449
7290116930015,false,חטיף חלבון GO קרמל ח.בוטנים קריספי 20 גרם חלבון,בלמונט קונפקציות,IL,חטיף חלבון בטעם קרמל,,60.00,100 גרם,false,,11.90,0.1983,true,1,263407
7290116930282,false,ארוחה בקטנה לאבנה עם קרקרים 150ג' תנובה,תנובה,IL,לאבנה 9% שומן עם קרק,,150.00,100 גרם,false,,7.90,0.0527,true,1,302359
7290116930480,false,"משקה SHAKE בננה קיווי תפוח 230 מ""ל יופלה",קבוצת המזון אקטשלאר,IL,יופלה SHAKE בננה קי,,230.00,"100 מ""ל",false,,7.90,0.0343,true,1,302418
7290116930718,false,מעדן תנובה דיאט בטעם שוקולד וקרמל מלוח 0% 150ג' תנובה,"תנובה בע""מ",IL,מעדן דיאט בטעם שוקו,,150.00,100 גרם,false,,3.90,0.0260,true,1,304058
7290116931012,false,יופלה דיאט 0% שומן תפוח וקינמון 150 גרם,תנובה מרכז שיתופי לש,IL,יופלה דיאט 0% שומן ת,,150.00,"100 מ""ל",false,,5.10,0.0340,true,1,352226
7290116931081,false,מעדן סויה - טופי קרמל 125 גרם אלטרנטיב,תנובה מרכז שיתופי לש,IL,מעדן סויה בטעם טופי,,125.00,100 גרם,false,,4.40,0.0352,true,1,312896
7290116931159,false,יופלה דיאט 0% שומן תות בננה 150 גרם,תנובה מרכז שיתופי לש,IL,יופלה דיאט 0% שומן ת,,150.00,"100 מ""ל",false,,5.10,0.0340,true,1,352227
7290116931289,false,יוגורט GO סמיך 0% אלפחורס 200 גרם,תנובה מרכז שיתופי לש,IL,יוגורט גו סמיך 0% אל,,200.00,100 גרם,false,,6.20,0.0310,true,1,350174
7290117260579,false,חטיף קראנצ'י על בסיס קמח עדשים בטעם שמנת חמוצה ובצל 80 ג',וילי פוד,LT,חטיף קראנצ'י על בסיס,,80.00,100 גרם,false,,7.90,0.0988,true,1,335142
7290117260586,false,חטיף קראנצ'י על בסיס קמח עדשים בטעם פלפל חלפיניו וליים 80 ג',וילי פוד,LT,חטיף קראנצ'י על בסיס,,80.00,100 גרם,false,,7.90,0.0988,true,1,335143
7290117260593,false,חטיף קראנצ'י על בסיס קמח עדשים בטעם צ'דר 80 ג',וילי פוד,LT,חטיף קראנצ'י על בסיס,,80.00,100 גרם,false,,7.90,0.0988,true,1,335144
7290117260890,false,פופקורן בציפוי בטעם קוקוס 90 גרם,אלאלסי,UA,פופקורן בטעם קוקוס ו,,90.00,100 גרם,false,,7.90,0.0878,true,1,249454
7290117260906,false,פופקורן בציפוי בטעם פירות 90 גרם,אלאלסי,UA,פופקורן בטעם פירות ו,,90.00,100 גרם,false,,7.90,0.0878,true,1,249455
7290117261088,false,בוראטה גבינת מוצרלה רכה 125ג' 18%שומן,קסריה להפואנטה,ES,בוראטה גבינת מוצרלה,,125.00,100 גרם,false,,19.90,0.1592,true,1,339055
7290117261170,false,פיתה יוונית עם קמח תירס מוקפאת - מארז 8 יחידות,וילי פוד,GR,פיתה יוונית עם קמח ת,,680.00,100 גרם,false,,14.90,0.0219,true,1,299479
7290117261347,false,תן בו בציפוי בטעם שוקולד לבן ופתיתי קוקו,אלויראסמינדה,DK,תן בו בציפוי בטעם שו,,300.00,100 גרם,false,,19.90,0.0663,true,1,280250
7290117261521,false,סלמון אטלנטי בשמן קנולה וילי פוד 120 גר,וילי פוד,LV,סלמון אטלנטי בשמן קנ,,120.00,100 גרם,false,,10.90,0.0908,true,1,332552
7290117261545,false,סלמון אטלנטי ברוטב טריאקי וילי פוד 120 ג,וילי פוד,LV,סלמון אטלנטי ברוטב ט,,120.00,100 גרם,false,,10.90,0.0908,true,1,332554
7290117261583,false,סרדינים בריסלינג מעושנים בשמן קנולה 129 גרם (צנצנת),ליסיט,LV,סרדינים בריסלינג מעו,,185.00,100 גרם,false,,13.90,0.0751,true,1,332535
7290117261590,false,סרדינים בריסלינג מעושנים בשמן זית 129 גרם,ליסיט,LV,סרדינים בריסלינג מעו,,185.00,100 גרם,false,,13.90,0.0751,true,1,332536
7290117380154,false,"מאסטר שף רוטב אסיאתי עם סויה 260 מ""ל",Remia CV,NL,רוטב אסיאתי עם סויה,,264.00,"100 מ""ל",false,,9.90,0.0375,true,1,279057
7290117380871,false,עוגות אישיות בטעם אוכמניות 120 ג' סלים דליס פייבר,הלמה הלום,NL,סלים דליס פייבר - עו,,120.00,100 גרם,false,,10.90,0.0908,true,1,293898
7290117380888,false,מרבה טייק אווי עוגיות סנדוויץ 140 גרם,,NL,מרבה טייק אווי - עוג,,140.00,100 גרם,false,,9.90,0.0707,true,1,334923
7290117381205,false,מאסטר שף שמן שומשום,,,מאסטר שף שמן שומשום,,370.00,"100 מ""ל",false,,22.90,0.0619,true,1,350189
7290117383711,false,"מארז זוג תחליב רחצה חלב ודבש *750 מ""ל פלמוליב",קולגייט פלמוליב,TR,פלמוליב חלב ודבש 750,,1500.00,100 ליטר,false,,30.00,0.0200,true,1,345572
7290117383728,false,"מארז זוג תחליב רחצה לומינוס  אבוקדו 750 מ""ל פלמוליב",קולגייט פלמוליב,TR,פלמוליב לומינוס אבוק,,1500.00,100 ליטר,false,,30.00,0.0200,true,1,345573
7290117383735,false,מארז זוג ג'ל רחצה פלמוליב עם חימר ושמן ורדים,קולגייט פלמוליב,TR,פלמוליב חימר ורדים 7,,1500.00,100 ליטר,false,,30.00,0.0200,true,1,345574
7290117383780,false,מארז זוג סבון גוף ארומה מסאז' גרגירי פילינג,קולגייט פלמוליב,TR,פלמוליב ארומה מסאג',,1500.00,100 ליטר,false,,30.00,0.0200,true,1,345576
7290117761052,false,מנקה חלונות 1 ליטר ז,,,מנקה חלונות 1 ליטר ז,ליטרים,1.00,ליטר,false,,14.90,14.9000,true,1,259005
7290117829585,false,צמר גפן מתוק בדלי 50,,,צמר גפן מתוק בדלי 50,,50.00,100 גרם,false,,10.00,0.2000,true,1,350951
7290117829615,false,צמר גפן מתוק בדלי 50,,,צמר גפן מתוק בדלי 50,,50.00,100 גרם,false,,10.00,0.2000,true,1,350954
7290117860038,false,"הוואי - תחליב רחצה יוגורט בניחוח אוכמניות 700 מ""ל","טרופיקל גליל בע""מ",IL,תחליב רחצה יוגורט בנ,,700.00,"100 מ""ל",false,,14.90,0.0213,true,1,346470
7290117860045,false,שמפו תמציות אלוורה ותה ירוק לשיער רגיל,"טרופיקל גליל בע""מ",IL,שמפו מטפח לשיער רגיל,,700.00,"100 מ""ל",false,,14.90,0.0213,true,1,342559
7290117860090,false,מרכך תמציות אלוורה ותה ירוק לשיער רגיל,"טרופיקל גליל בע""מ",IL,מרכך מטפח לשיער רגיל,,700.00,"100 מ""ל",false,,14.90,0.0213,true,1,342560
7290117860144,false,שמפו למניעת קשקשים לשימוש יומיומי,"טרופיקל גליל בע""מ",IL,שמפו נגד קשקשים הווא,,700.00,"100 מ""ל",false,,14.90,0.0213,true,1,342561
7290117860199,false,שמפו שמן ורד הבר ושמן מקדמיה לשיער יבש,"טרופיקל גליל בע""מ",IL,שמפו לשיער יבש הוואי,,700.00,"100 מ""ל",false,,14.90,0.0213,true,1,342562
7290117860298,false,שמפו קומפלקס קרטין לשיער עדין או חלש,"טרופיקל גליל בע""מ",IL,שמפו קרטין מחזק הווא,,700.00,"100 מ""ל",false,,14.90,0.0213,true,1,348303
7290117860342,false,מרכך קומפלקס קרטין לשיער עדין או חלש,"טרופיקל גליל בע""מ",IL,מרכך קרטין מחזק הווא,,700.00,"100 מ""ל",false,,14.90,0.0213,true,1,348304
7290117860397,false,שמפו תמצית פריחת הדובדבן לשיער רגיל,"טרופיקל גליל בע""מ",IL,שמפו פריחת הדובדבן ה,,700.00,"100 מ""ל",false,,14.90,0.0213,true,1,342564
7290117860441,false,"מרכך פריחת הדובדבן 700 מ""ל הוואי","טרופיקל גליל בע""מ",IL,מרכך הוואי פריחת הדו,,700.00,"100 מ""ל",false,,14.90,0.0213,true,1,342565
7290117860496,false,שמפו + מרכך 2 ב 1 לגבר תמצית ג'ינג'ר,"טרופיקל גליל בע""מ",IL,שמפו לגבר + מרכך 2ב-,,700.00,"100 מ""ל",false,,14.90,0.0213,true,1,342566
7290117860649,false,"שמפו קרטין, שמן קיק ומי ורדים","טרופיקל גליל בע""מ",IL,שמפו ללא סולפטים הוו,,700.00,"100 מ""ל",false,,14.90,0.0213,true,1,348306
7290117860892,false,"הוואי - תחליב רחצה יוגורט בניחוח וניל ודבש 700 מ""ל","טרופיקל גליל בע""מ",IL,תחליב רחצה יוגורט בנ,,700.00,"100 מ""ל",false,,14.90,0.0213,true,1,346478
7290118420415,false,אסם קטשופ קלאסי היתר מכירה 750 גרם,"אסם תעשיות מזון בע""מ",IL,.אסם קטשופ בקבוק לחי,,750.00,100 גרם,false,,10.90,0.0145,true,1,374235
7290118420477,false,אסם בייגלה שטוחים בטעם ביסלי בצל 300 גר,אסם,IL,בייגלה שטוחים בטעם ב,,300.00,100 גרם,false,,10.90,0.0363,true,1,337129
7290900010367,false,טורטייה שמינייה משקל נקי 360 ג' Avel,Turka Invest,PL,טורטייה אבאל 360 גרם,,360.00,100 גרם,false,,8.90,0.0247,true,1,48909
7296021040016,false,קולפן 441 פרפקטו,,,קולפן 441 פרפקטו,יחידה,0.00,יחידה,false,,19.90,0.0000,true,1,44973
7296021040023,false,ספטולה פרפקטו,נעמן,,מרית 20 יח,יחידה,0.00,יחידה,false,,17.90,0.0000,true,1,44974
7296021040030,false,מברשת סיליקון 286 פר,,,מברשת סיליקון 286 פר,יחידה,0.00,יחידה,false,,17.90,0.0000,true,1,44975
7296021040580,false,"קערת נירוסטה 26 ס""מ",,,קערה 26 ס'מ נירוסטה,יחידה,0.00,יחידה,false,,26.90,0.0000,true,1,258784
7296021131394,false,סכין מולטי משוננת מ,,,סכין מולטי משוננת מ,יחידה,0.00,יחידה,false,,19.90,0.0000,true,1,28481
7296021141003,false,"מועך תפו""א ידית משול",,,"מועך תפו""א ידית משול",יחידה,0.00,יחידה,false,,21.90,0.0000,true,1,257955
7296021171031,false,קולפנים סט (3) בדיספ,,,סט 3 קולפנים,יחידה,0.00,יחידה,false,,16.90,0.0000,true,1,258380
7296021180347,false,קוצץ ומעבד מזון ידני,,,קוצץ ומעבד מזון ידני,יחידה,0.00,יחידה,false,,99.90,0.0000,true,1,258410
7296021187919,false,סט סכום 24 חלקים אלו,,,"סכו""ם נירוסטה סט 24",יחידה,0.00,יחידה,false,,299.90,0.0000,true,1,257049
7296021191732,false,"סיר יציקה 20 ס""מ +מכ",,,"סיר יציקה 20 ס""מ +מכ",יחידה,0.00,יחידה,false,,279.90,0.0000,true,1,260207
7296021261565,false,מחבת יציקה עם ידית א,,,מחבת יציקה עם ידית א,יחידה,0.00,יחידה,false,,399.90,0.0000,true,1,257188
7296021261589,false,מחבת יציקה עם ידית א,,,מחבת יציקה עם ידית א,יחידה,0.00,יחידה,false,,549.90,0.0000,true,1,257189
7296021261657,false,סוטאז' יציקה עם מכסה,,,סוטאז' יציקה עם מכסה,יחידה,0.00,יחידה,false,,899.90,0.0000,true,1,257211
7296021268588,false,סוטז' עם מכסה לבישול,,,סוטז' עם מכסה לבישול,יחידה,0.00,יחידה,false,,1100.00,0.0000,true,1,257323
7296021288623,false,"סיר בישוול 20 ס""מ 3.",,,"סיר בישוול 20 ס""מ 3.",יחידה,0.00,יחידה,false,,333.00,0.0000,true,1,320362
7296021288647,false,"סיר בישוול 24 ס""מ 5.",,,"סיר בישוול 24 ס""מ 5.",יחידה,0.00,יחידה,false,,399.90,0.0000,true,1,320378
7296058000526,false,פרח פרכיות כוסמת 130 גרם,פרח תעשיות,IL,פרכיות כוסמת פרח 130,,130.00,100 גרם,false,,8.90,0.0685,true,1,49402
7296102210703,false,סט 4 קופסאות מלבני,,,סט 4 קופסאות מלבני,יחידה,0.00,יחידה,false,,19.90,0.0000,true,1,242447
7296102266014,false,קרש חיתוך פלסטיק 29.,,,קרש חיתוך פלסטיק,יחידה,0.00,יחידה,false,,18.90,0.0000,true,1,243791
7296102521748,false,סט 4 קופסאות פלסטיק,,,סט 4 קופסאות פלסטיק,יחידה,0.00,יחידה,false,,19.90,0.0000,true,1,210535
7296102831557,false,סט 4 צלחות עמוקות תמ,,,סט 4 צלחות עמוקות תמ,יחידה,0.00,יחידה,false,,15.00,0.0000,true,1,242322
7297094010999,false,שלישיית חיתולי טטרה בנות,,,חיתולי בד בנות מודפס,יחידה,0.00,יחידה,false,,29.90,0.0000,true,1,52553
7297094017882,true,שמיכת פיקה יחיד רומנ,,,שמיכת פיקה יחיד רומנ,יחידה,0.00,יחידה,false,,59.90,0.0000,true,1,52557
7297461005580,false,שמיכת כבש דו צדדי ז,,,שמיכת כבש דו צדדי ז,יחידה,0.00,יחידה,false,,160.00,0.0000,true,1,230425
7297478001483,false,גרב גבר,,,גרב גבר,יחידה,0.00,יחידה,false,,24.90,0.0000,true,1,345980
7297478002886,false,גרב ספורט אכותית נשי,,,גרב ספורט אכותית נשי,יחידה,0.00,יחידה,false,,24.90,0.0000,true,1,346105
7297478004309,false,גרב חיילת שחור,,,גרב חיילת שחור,יחידה,0.00,יחידה,false,,19.90,0.0000,true,1,346089
7297488098152,false,דגש קמח חומוס ללא גל,אף.סי תבליני בגליל ב,IL,דגש קמח חומוס ללא גל,,500.00,100 גרם,false,,16.90,0.0338,true,1,110249
7297488098169,false,דגש קמח תירס ללא גלו,"תבליני העליון בע""מ",IL,דגש קמח תירס ללא גלו,,500.00,100 גרם,false,,10.90,0.0218,true,1,110206
7297621000998,false,מגבונים בדלי 250 יח',,,מגבונים בדלי 250 יח',יחידה,0.00,יחידה,false,,18.90,0.0000,true,1,318491
7298171185395,false,גרבי בנות מיני מאוס,,,גרבי בנות מיני מאוס,יחידה,0.00,יחידה,false,,19.90,0.0000,true,1,222195
7298171185470,false,גרבי בנים מיקי מאוס,,,גרבי בנים מיקי מאוס,יחידה,0.00,יחידה,false,,19.90,0.0000,true,1,222181
7298171185883,false,פיג'מת נשים כותנה גא,,,פיג'מת נשים כותנה גא,יחידה,0.00,יחידה,false,,89.90,0.0000,true,1,222228
7298171201453,false,כרבולית קורל נוער מי,,,כרבולית קורל נוער מי,יחידה,0.00,יחידה,false,,49.90,0.0000,true,1,201387
7312040017683,false,וודקה אבסולוט בקבוק,חברת אבסולוט,SE,אבסולוט וודקה 700 מל,,700.00,"100 מ""ל",false,,60.90,0.0870,true,1,33782
7394376620294,false,משקה ש.שועל בטעם וניל 1 ליטר,איי אם פי אס איי תעש,NL,משקה שיבולת שועל וני,ליטרים,1.00,ליטר,false,,15.90,15.9000,true,1,349987
7450014901320,false,נעלי בית חורף נשים,,,נעלי בית חורף נשים,יחידה,0.00,יחידה,false,,39.90,0.0000,true,1,31534
7450026800437,false,נעלי בית חורף גברים,,,נעלי בית חורף גברים,יחידה,0.00,יחידה,false,,39.90,0.0000,true,1,31542
7450026800505,false,נעלי בית חורף גברים,,,נעלי בית חורף גברים,יחידה,0.00,יחידה,false,,39.90,0.0000,true,1,31547
7500162900000,false,"בירה סול 330 מ""ל בקבוק",היינקן,NL,"בירה סול 330 מ""ל בוד",,330.00,"100 מ""ל",false,,6.90,0.0209,true,1,219772
7501013122053,false,ג'ומקס מיץ אפרסק קרטונית ליטר תריסר,חומקס קומר קומרסאליז,MX,ג'ומקס נקטר אפרסק קר,ליטרים,1.00,ליטר,false,,10.50,10.5000,true,1,39421
7501013122114,false,"נקטר משקה אננס בקרטונית ג'ומקס, 1 ל'",חומקס קומר קומרסאליז,MX,ג'ומקס נקטר אננס קרט,ליטרים,1.00,ליטר,false,,10.50,10.5000,true,1,39422
7501013122190,false,ג'ומקס מיץ תפוחים קרטונית ליטר תריסר,חומקס קומר קומרסאליז,MX,ג'ומקס משקה תפוחים ק,ליטרים,1.00,ליטר,false,,10.50,10.5000,true,1,39423
7501013138047,false,משקה יוניקו פרסקו רימונים קרטונית 1 ליטר,תומקס קומרסאליזדורה,MX,יוניקו פרסקו משקה רי,ליטרים,1.00,ליטר,false,,11.50,11.5000,true,1,39430
7501064191466,false,"שישיית בירה קורונה 355 מ""ל בקבוק",,,קורונה מארז שישיה 6*,ליטרים,2.13,ליטר,false,,35.90,16.8545,true,1,29642
7509546061665,false,דאודורנט סטיק ג'ל לגבר 24/7 אקסטרים אינטנס,קולגייט פלמוליב,US,דאודורנט ספיד סטיק א,,85.00,"100 מ""ל",false,,18.90,0.2224,true,1,333769
7509546061672,false,דאודורנט סטיק אקסטרים אינטנס,קולגייט פלמוליב,US,דאודורנט ספיד סטיק,,50.00,100 גרם,false,,19.90,0.3980,true,1,333739
7509546678702,false,קולגייט משחת שיניים טוטל אנטי טרטר 100 מ,קולגייט-פלמוליב,BR,משחת שיניים קולגייט,,100.00,"100 מ""ל",false,,16.90,0.1690,true,1,298660
7610008059103,false,טבלת שוקולד טורינו חלב 100 גר,,CH,טבלת טורינו חלב חדש,,100.00,100 גרם,false,,15.90,0.1590,true,1,285370
7610113015780,false,"משקה בריזר סלצזר לימון ליים 250 מ""ל","בקרדי בע""מ",BE,בריזר סלצזר לימון לי,,250.00,"100 מ""ל",false,,13.20,0.0528,true,1,214009
7610113015797,false,"משקה בריזר סלצזר פטל ליים 250 מ""ל","בקרדי בע""מ",BE,בריזר סלצזר פטל ליים,,250.00,"100 מ""ל",false,,13.20,0.0528,true,1,214010
7613035379817,false,דנטלייף חטיף דנטלי לכלבים מגזע קטן - 4 יחידות,פורינה Purina,US,דנטלייף גזע קטן 7 6*,,690.00,100 גרם,false,,13.90,0.0201,true,1,214305
7613035548374,false,דגני בוקר גולדן מיניס מחיטה מלאה ותירס,נסטלה פולין דגני בוק,FR,דגני בוקר גולדן מיני,,570.00,100 גרם,false,,24.90,0.0437,true,1,19502
7613035622623,false,פיטנס - גרנולה שקדים ודבש 300 גרם,שוורצקוף& הנקל דיסלד,LT,פיטנס גרנולה שקדים ו,,300.00,100 גרם,false,,15.90,0.0530,true,1,19505
7613035635845,false,פיטנס גרנולה שוקולד 14*300 גרם,שוורצקוף& הנקל דיסלד,LT,פיטנס גרנולה שוקולד,,300.00,100 גרם,false,,15.90,0.0530,true,1,19506
7613035807778,false,פרפקטו רוטב עגבניות לבולונז 400 ג' אסם,אסם פרפקטו Perfecto,ES,פרפקטו רוטב עגבניות,,400.00,100 גרם,false,,8.90,0.0223,true,1,19509
7613035809857,false,פרפקטו רוטב עגבניות לפסטה ולבישול 400 ג' אסם,אסם פרפקטו Perfecto,ES,פרפקטו רוטב עגבניות,,400.00,100 גרם,false,,8.90,0.0223,true,1,19512
7613036105545,false,דוגלי בטעם בקר גזע ק,נסטלה פורינה באק הונ,HU,דוגלי בטעם בקר גזע ק,קילוגרמים,3.00,"ק""ג",false,,49.90,16.6333,true,1,19519
7613036105576,false,דוגלי עוף לכלבים בוגרים,נסטלה פורינה פטקר הו,HU,"דוגלי בוגר עוף 3 ק""ג",קילוגרמים,3.00,"ק""ג",false,,43.90,14.6333,true,1,19520
7613036105606,false,דוגלי בקר לכלבים בוגרים,נסטלה פורינה פטקר הו,HU,דוגלי בוגר בקר 4*3קג,קילוגרמים,3.00,"ק""ג",false,,43.90,14.6333,true,1,19521
7613036105637,false,"דוגלי עוף לכלבים בוגרים 12 ק""ג",נסטלה פורינה באק הונ,HU,"דוגלי בוגר עוף 12 ק""",קילוגרמים,12.00,"ק""ג",false,,112.00,9.3333,true,1,19522
7613036105651,false,"דוגלי בקר לכלבים בוגרים 12 ק""ג",נסטלה פורינה באק הונ,HU,"דוגלי בוגר בקר 12 ק""",קילוגרמים,12.00,"ק""ג",false,,112.00,9.3333,true,1,19523
7613036251389,false,"דוגלי בקר לכלבים פעילים 12 ק""ג",פורינה Purina,,דוגלי אקטיב 12קג,קילוגרמים,12.00,"ק""ג",false,,112.00,9.3333,true,1,19526
7613036288026,false,"דוגלי גורים 3*4 ק""ג",פורינה,HU,דוגלי גורים 4*3קג,קילוגרמים,3.00,"ק""ג",false,,48.90,16.3000,true,1,19528
7613036387798,false,פיטנס דגנים מלאים ואורז פתיתים ויוגורט 350ג',נסטלה צרפת איטנקורט,FR,דגני פיטנס יוגורט נס,,375.00,100 גרם,false,,19.90,0.0531,true,1,19532
7613036520492,false,פרפקטו רוטב עגבניות לפיצה 400 גרם,אסם פרפקטו Perfecto,ES,פרפקטו רוטב עגבניות,,400.00,100 גרם,false,,8.90,0.0223,true,1,19534
7613036976671,false,פריסקיז פאוצ' עוף ברוטב 26*85גרם,יו פי אף,FR,פריסקיז פאוצ' עוף 85,,85.00,100 גרם,false,,4.90,0.0576,true,1,19546
7613037012095,false,פיטנס - גרנולה שוקולד קינואה ושקדים 300 גרם,CPW,BE,פיטנס גרנולה שוקולד,,300.00,100 גרם,false,,15.90,0.0530,true,1,19549
7613037686906,false,פיטנס - דגני בוקר שקדים ודבש 355 גרם,נסטלה צרפת איטנקורט,FR,פיטנס שקדים ודבש נסט,,355.00,100 גרם,false,,19.90,0.0561,true,1,19556
7613037687132,false,דגני בוקר פיטנס שקדים ודבש 585 גר,נסטלה צרפת איטנקורט,FR,דגני פיטנס שקדים ודב,,585.00,100 גרם,false,,26.90,0.0460,true,1,19557
7613038268262,false,דגני בוקר צ'יריוס דבש ושקדים במתיקות מעודנת,סי. פי. צרפת,FR,האני נאט ציריוס מופח,,410.00,100 גרם,false,,19.90,0.0485,true,1,19558
7613038451954,false,דגני בוקר שוקולד מופחת סוכר 410 ג' קראנץ',נסטלה צרפת רומילי,FR,קראנץ שוקולד מופחת ס,,410.00,100 גרם,false,,19.90,0.0485,true,1,19559
7613039879382,false,גרבר - מחית תפוחי עץ 190 גרם,ארג'זה - פולין,PL,גרבר מחית תפוחי עץ 1,,190.00,100 גרם,false,,5.90,0.0311,true,1,176244
7613287008497,false,סטארבקס - פולי קפה פייק פלייס 450 גרם,אסם,PT,סטארבקס פולי קפה פיי,,450.00,100 גרם,false,,49.90,0.1109,true,1,155167
7613287155894,false,"גרבר - מחית אפרסק כל""פ פאוץ 90 גרם",נסטלה ספרד,ES,מחית אפרסק גרבר פאוץ,,90.00,100 גרם,false,,5.90,0.0656,true,1,134020
7613287302373,false,קפסולות סטארבקס איטלאן סטייל רוסט 57*10גר',סטארבקס Starbucks,CH,קפסולות סטארבקס איטל,,56.00,100 גרם,false,,21.90,0.3911,true,1,147660
7613287394323,false,אסם מולטי צ'יריוס 14*600 גרם 2021,נסטלה Nestle,GB,מולטי צ'יריוס 100% ד,,600.00,100 גרם,false,,20.90,0.0348,true,1,163878
7613287476494,false,אוסם - דיפ אנד ספרד מיונז בסגנון צרפתי 280 גרם,נסטלה פולין,PL,מיונז לחיץ אסם 280 ג,,280.00,100 גרם,false,,14.90,0.0532,true,1,213063
7614500010310,false,שוקולד בר לבן 100 ג' טובלרון,,,בר טובלורון לבן 100,יחידה,0.00,יחידה,false,,9.50,0.0000,true,1,285769
7614500010617,false,טובלרון - שוקולד מריר 100 גרם,,,בר טובלרון מריר 100,,100.00,100 גרם,false,,9.50,0.0950,true,1,285412
7622201137052,false,אוראו מיני קוקיס - עוגיות שוקולד צ'יפס ותחתית מצופה שוקולד חלב,מונדלז אספנה גלטאס פ,ES,מיני קוקיז מילקה 110,,110.00,100 גרם,false,,7.90,0.0718,true,1,212912
7622201139278,false,גבינת שמנת 27% שומן 150 ג' פילדלפיה,מיודלז אספניה פרודוק,ES,פילדלפיה גבינת שמנת,,150.00,100 גרם,false,,11.90,0.0793,true,1,17216
7622201502515,false,מילקה - עוגיות קוקי לופ 132 גרם,גיורי קייקס קייאפטי,HU,קוקי לופ מילקה 132 ג,,110.00,100 גרם,false,,12.90,0.1173,true,1,212992
7622201801809,false,מילקה- שוק' חלב עם אגוזים 100 גר' חדש,מנדלז דויצ'לנד סנקס,DE,מילקה שוקוד חלב עם א,,100.00,100 גרם,false,,6.90,0.0690,true,1,178524
7622201802363,false,שוקולד מילקה טבלה חלב צימוקים ואגוזים 100ג',מנדלז דויצ'לנד סנקס,DE,מילקה שוקולד חלב עם,,100.00,100 גרם,false,,6.90,0.0690,true,1,178509
7622201802394,false,שוקולד מילקה חלב מסרונים 100 גרם,מנדלז דויצ'לנד סנקס,DE,מילקה שוקולד חלב 100,,100.00,100 גרם,false,,6.90,0.0690,true,1,178510
7622201808631,false,מיני עוגיות אוראו במילוי קרם בטעם וניל,פי.טי. מונדלז אינדונ,ID,אוראו מיני כוסות בטע,,67.00,100 גרם,false,,6.90,0.1030,true,1,184315
7622201813390,false,עוגיות מילקה וואפל במילוי קרם קקאו 150 ג,מונדליז סי.אר. ביסקו,PL,מילקה וואפל במילוי ק,,150.00,100 גרם,false,,9.90,0.0660,true,1,165365
7622201819170,false,שוקולד מילקה דרק שקדים 85 גרם,מונדלז דויטשלנד סנאק,DE,מילקה דארק שקדים 85,,85.00,100 גרם,false,,7.90,0.0929,true,1,208759
7622201819552,false,שוקולד מילקה דרק 85 גרם,מונדלז דויטשלנד סנאק,DE,מילקה דארק 85 גרם,,85.00,100 גרם,false,,7.90,0.0929,true,1,208774
7622210453327,false,עוגיות שוקוצ'יפס במילוי שוקולד סנסיישן,מנדלז פולסקה פרודקשן,PL,מילקה סנסיישן 156 גר,,156.00,100 גרם,false,,9.90,0.0635,true,1,5138
7622300270506,false,מילקה גריינס - עוגיות שיבולת שועל מצופות שוקולד 168 ג',מונדלז פולסקה פרודקש,PL,מילקה גריינס עוגיות,,168.00,100 גרם,false,,9.90,0.0589,true,1,5158
7622300489427,false,עוגיות אוראו בציפוי שוקולד לבן 246 גרם,מנדלז אספנה גאלטס פר,ES,אוראו פאג שוקולד לבן,,246.00,100 גרם,false,,15.90,0.0646,true,1,5163
7622300489434,false,"עוגיות אוראו פאדג' בציפוי שוקולד חלב, 246 גרם",מנדלז אספנה גאלטס פר,ES,אוראו פאג שוקולד חלב,,246.00,100 גרם,false,,15.90,0.0646,true,1,5164
7630477891592,false,קפסולות האוס בלנד לונגו עוצמה 8 - 10 יח',סטארבקס Starbucks,CH,קפסולות האוס בלנד סט,,57.00,100 גרם,false,,21.90,0.3842,true,1,113048
7630477891615,false,קפסולות קפה סומטרה עוצמה 10 - 10 יח',סטארבקס Starbucks,IL,סטארבקס קפסולות סומט,,55.00,100 גרם,false,,21.90,0.3982,true,1,102037
7630477891639,false,קפסולות קפה ורונה עוצמה 10 - 10 יח',סטארבקס Starbucks,CH,סטארבקס קפסולות ורונ,,55.00,100 גרם,false,,21.90,0.3982,true,1,102038
7630477891691,false,סטארבקס - קפסולות קולומביה 57 גרם * 10,סטארבקס Starbucks,IL,סטארבקס קפסולות קולו,,57.00,100 גרם,false,,21.90,0.3842,true,1,102040
7630477891714,false,סטארבקס - קפסולות אספרסו 57 גרם * 10,סטארבקס Starbucks,CH,קפסולות אספרסו סטארב,,57.00,100 גרם,false,,21.90,0.3842,true,1,113050
7638900426809,false,סוללת אנרגייזר זוג C,אנרג'יזר Energizer,US,סוללת MAX אנרג'ייזר,יחידה,0.00,יחידה,false,,22.90,0.0000,true,1,117879
7702018321582,false,דאודורנט סטיק לגבר Pro G Cool Wave,פרוקטר אנד גמבל,US,דאודורנט סטיק מתקדם,,50.00,"100 מ""ל",false,,21.90,0.4380,true,1,27329
7702018980826,false,"גילט ג'ל גילוח טורקיז 200 מ""ל- להגנה",,,ג'ל גילוח GILLETTE S,,200.00,"100 מ""ל",false,,14.90,0.0745,true,1,18078
7702024074625,false,פיטנס - חטיפי קרקר חיטה מלאה 234 גרם,קומסטיבלס לה רוזה אס,CO,פיטנס חטיפי קרקר חיט,,234.00,100 גרם,false,,11.90,0.0509,true,1,19563
7702174068826,false,סוכריות לקקן במילוי טופי בטעמי יוגורט פירות,יוגטה yogueta,CO,יוגטה לקקן חדש 12יח,,216.00,100 גרם,false,,8.90,0.0412,true,1,42087
7702174068833,false,סוכריות לקקן במילוי טופי בטעמי גלידת פירות,יוגטה yogueta,EC,'לקקן יוגטה אייס קרי,,216.00,100 גרם,false,,8.90,0.0412,true,1,42088
7750526001786,false,אינקה ציפס ירוקות שורש אוריגינל 142גר,קרופס אס. א,US,INKA CHIPS חטיף צ'יפ,,142.00,100 גרם,false,,14.90,0.1049,true,1,169458
7791875005353,false,ריבת חלב הוואנה דוצה דה לצה 450 גרם,פרימיום ברנד,ES,הוואנה ריבת חלב 450,,450.00,100 גרם,false,,19.90,0.0442,true,1,237102
7891024124826,false,קולגייט משחת אופטיק ספרקלינג וייט 75מל,הנסיך- מפעל לייצור ט,BR,מש.שיניים אופטיק ווי,,75.00,"100 מ""ל",false,,19.90,0.2653,true,1,21879
8000070003798,false,קפסולות אספרסו לוואצה דליסיוזו 8 16 יח,לואיג'י לוואצה,IT,קפסולת LAVAZZA DELIZ,,120.00,100 גרם,false,,29.90,0.2492,true,1,325038
8000070003842,false,מארז 16 קפסולות קרמו,,,קפסולת LAVAZZA DEKCR,,120.00,100 גרם,false,,29.90,0.2492,true,1,325040
8000070003972,false,קפסולת LAVAZZA DEKCR,,,קפסולת LAVAZZA DEKCR,,120.00,100 גרם,false,,29.90,0.2492,true,1,325042
8000070081000,false,קפסולות לוואצה הרמווניק 8 נספרסו 50 גר,לאוג'י לוואצה אס.פי.,IT,לוואצ'ה קפסולות קפה,,50.00,100 גרם,false,,16.90,0.3380,true,1,42092
8000380004911,false,קוביות וופל קואדרטיני Quadratini קרם אגוזים,קריניציה ויטמינה אס,AT,וופל קואדרטיני אגוז,,250.00,100 גרם,false,,13.90,0.0556,true,1,12850
8000380004966,false,וופל קוארדטיני לואקר קוביות שוקולד 250ג',קריניציה ויטמינה אס,AT,וופל קואדרטיני קקאו,,250.00,100 גרם,false,,13.90,0.0556,true,1,12853
8000380007271,false,וופל לואקר קרם חלב 175ג',ליימן מותגים,AT,וופל לואקר חלב 175 ג,,175.00,100 גרם,false,,10.50,0.0600,true,1,12863
8000380144044,false,וופל גרדנה לואקר שוקולד 200ג',"א. לואקר , AG/SpA, ו",IT,וופל גרדנה שוקולד 20,,200.00,100 גרם,false,,12.80,0.0640,true,1,12868
8000380180745,false,קוביות וופל קואדרטיני קקאו במילוי קר חלב,"א. לואקר, קונפקט ג'י",AT,וופל קואדרטיני לואקר,,250.00,100 גרם,false,,13.90,0.0556,true,1,12892
8000380206896,false,וופל לואקר גרדנה חמאת בוטנים 200 גר,ליימן מותגים,IT,לואקר גרדנה חמאת בוט,,200.00,100 גרם,false,,12.80,0.0640,true,1,299892
8000500009673,false,בונבוניירה פררו רושה 300 גרם,קדבורי,IT,רושר בונבוניירה 300,,300.00,100 גרם,false,,45.90,0.1530,true,1,41468
8000500023624,false,חטיפי הפי היפו Happy Hippo במילוי קרם חלב וקקאו,קינדר Kinder,DE,הפי היפו 5*20ג,,102.00,100 גרם,false,,12.90,0.1265,true,1,41472
8000500023976,false,בונבוניירה רפאלו 150 גרם,פררו Ferrero,PL,בונבוניירת רפאלו 150,,150.00,100 גרם,false,,15.90,0.1060,true,1,41473
8000500026731,false,שוקולד ביצי הפתעה קינדר שלישייה,קינדר Kinder,IT,קינדר ביצי שוקולד 3*,,60.00,100 גרם,false,,15.90,0.2650,true,1,41474
8000500028124,false,"קינדר ג'וי, שלישיה 3 * 20 גרם",,ZA,קינדר ג'וי 3*20 גרם,,60.00,100 גרם,false,,15.90,0.2650,true,1,361078
8000500029350,false,מארז וופל מצופה 3יח' *43 גרם קינדר בואנו,קינדר Kinder,PL,קינדר בואנו 3*43 גרם,,129.00,100 גרם,false,,10.90,0.0845,true,1,41475
8000500032237,false,בונבוניירה פררו רושר 375 גר,פררו Ferrero,IT,רושר 375 גרם,,375.00,100 גרם,false,,45.90,0.1224,true,1,41476
8000500037874,false,בונבוניירה פררו רושה 200 גרם,פררו Ferrero,IT,בונבוניירת רושר 200ג,,200.00,100 גרם,false,,26.90,0.1345,true,1,41478
8000500071083,false,אצבעות שוקולד קינדר Kinder שש עשרה יחידות,קינדר Kinder,IT,קינדר אצבעות שוקולד,,200.00,100 גרם,false,,12.90,0.0645,true,1,41480
8000500121436,false,מארז קינדר בואנו Kinder Bueno לבן שלוש יחידות,קינדר Kinder,PL,קינדר בואנו לבן 3*43,,117.00,100 גרם,false,,10.90,0.0932,true,1,41484
8000500172810,false,סוכריות בטעם תות שדה מנטה- מארז רביעייה,טיק טק Tic Tac,EC,טיק טק תות שדה 4*16ג,,64.00,100 גרם,false,,11.50,0.1797,true,1,41492
8000500227848,false,נוטלה - בי רדי אצבעות ביסקוויט במילוי שוקולד 6 יח' * 22 גרם,פררו,IT,'וופל מלוח במילוי ממ,,132.00,100 גרם,false,,12.90,0.0977,true,1,41499
8000500249352,false,קינדר בואנו מיני מיקס שקית 205 ג',קינדר Kinder,PL,קינדר בואנו מיני מיק,יחידה,0.00,יחידה,false,,19.90,0.0000,true,1,41507
8000500256213,false,קינדר שוקולד מיני בשקית.,קדבורי,IT,פרר-קינדר שוקולד מינ,,120.00,100 גרם,false,,10.90,0.0908,true,1,41509
8000500267103,false,קינדר דליס שוקול' אישי מארז 10 יח' 420 גר',קינדר Kinder,IT,פררו-קינדר דליס עשיר,יחידה,0.00,יחידה,false,,17.90,0.0000,true,1,41513
8000500269169,false,קינדר קארדס Kinder Cards - חמישייה,קינדר Kinder,IT,קינדר קארדס 128 גרם,,128.00,100 גרם,false,,12.90,0.1008,true,1,117047
8000500310397,true,ביסקוויטים במילוי נו,,,ביסקוויטים במילוי נו,,166.00,100 גרם,false,,14.90,0.0898,true,1,363226
8000500366073,true,ביסקוויטים במילוי נו,,,ביסקוויטים במילוי נו,,276.00,100 גרם,false,,21.90,0.0793,true,1,363211
8000570283607,false,מרטיני אסטי Asti יין לבן מתוק מבעבע,מרטיני Martini,IT,מרטיני אסטי מבעבע 75,,750.00,"100 מ""ל",false,,69.90,0.0932,true,1,13406
8001003100164,false,יוגטה סוכריות גילי בטעם פירות 450 גר,יוגטה yogueta,,יוגטה סוכריות ג'לי פ,,450.00,100 גרם,false,,9.90,0.0220,true,1,42105
8001090222725,false,"הרבל אסנסס - שמפו שמן מורינגה 400 מ""ל",הרבל אסנס Herbal Essences,FR,שמפו שמן מורינגה הרב,,400.00,"100 מ""ל",false,,14.90,0.0373,true,1,27408
8001090222879,false,"הרבל אסנסס - מרכך שיקום שמן ארגן 400 מ""ל",הרבל אסנס Herbal Essences,FR,מרכך שיקום שמן ארגן,,400.00,"100 מ""ל",false,,14.90,0.0373,true,1,27411
8001090336491,false,טיטולי פמפרס בייבי דריי מידה 4+ 31 יח',פרוקטר אנד גמבל,DE,פמפרס בייבי דריי מיד,יחידה,0.00,יחידה,false,,31.90,0.0000,true,1,27416
8001090678614,false,"שמפו סופרים לחות הד אנד שולדרס 400 מ""ל",פרוקטר אנד גמבל,FR,שמפו שולדרס סופרים ל,,400.00,"100 מ""ל",false,,17.90,0.0447,true,1,27450
8001090748638,false,מרכך כביסה לנור מרוכז קיס 1 ל,,SA,לנור מרכך מרוכז קיס,ליטרים,1.00,ליטר,false,,22.90,22.9000,true,1,27462
8001100011769,false,וופלים במילוי קרם אגוזים 175 ג בלוקו,,,וואפל שכבות BALOCCO,,175.00,100 גרם,false,,9.90,0.0566,true,1,139331
8001100059242,false,שקיות וופל ריבועי פלוקו במילוי קרם קקאו 250 ג',,,וואפל קוביות BALOCCO,,250.00,100 גרם,false,,12.90,0.0516,true,1,139315
8001100059259,false,שקיות וופל ריבועי פלוקו עם מילוי קרם אגוזי לוז 250 ג',,,וואפל קוביות BALOCCO,,250.00,100 גרם,false,,12.90,0.0516,true,1,139316
8001100059266,false,שקיות פרוסות ריבועי פלוקו במילוי קרם וניל וחלב 250 ג',,,וואפל קוביות BALOCCO,,250.00,100 גרם,false,,12.90,0.0516,true,1,139317
8001440118944,false,שלישיית עגבניות פולפה *400 ג' צ'יריו,סיריו,IT,שלישיית עגבניות פולפ,,1200.00,100 גרם,false,,15.90,0.0133,true,1,370198
8001620011935,false,מים מינרלים מוגזים שישייה בקבוק אישי,אקווה מינרלה סאן בנד,IT,סאן בנדטו מוגז 6*500,ליטרים,3.00,ליטר,false,,11.90,3.9667,true,1,9562
8001620015636,false,"משקה פירות פרוטה-מיקס פירות 400 מ""ל סאן בנדטו",אקווה מינרלה סאן בנד,IT,סן בנדטו בטעם מיקס פ,,400.00,"100 מ""ל",false,,7.50,0.0188,true,1,140676
8001620017449,false,"בנדטו שישייה 500 מ""ל פקק ספורט",,,סאן בנדטו פקק ספורט,,500.00,"100 מ""ל",false,,2.50,0.0050,true,1,9563
8001620017456,false,"מים מינרלים שישיה ספורט סאן בנדטו 500 מ""ל",סאן בנדטו San Benedetto,,סאן בנדטו פקק ספורט,ליטרים,3.00,ליטר,false,,14.50,4.8333,true,1,9564
8001620018408,false,"משקה פירות בטעם מנגו תפוח 400 מ""ל פרוטה",אקווה מינרלה סאן בנד,IT,סן בנדטו מנגו תפוח פ,,400.00,"100 מ""ל",false,,7.50,0.0188,true,1,236671
8001620019160,false,"סן בנדטו אפרסק 400 מ""ל 12 יח'",אקווה מינרלה סאן בנד,IT,סאן בנדטו משקה בטעם,,400.00,"100 מ""ל",false,,5.90,0.0147,true,1,294441
8001620019177,false,"סן בנדטו ענבים 400 מ""ל 12 יח'",אקווה מינרלה סאן בנד,IT,סאן בנדטו משקה בטעם,,400.00,"100 מ""ל",false,,5.90,0.0147,true,1,294442
8001841053806,false,תחבושות היגייניות אולוויז מקסי עבה לילה,פרוקטר & גמבל,HU,תחבושות עבה לילה אול,יחידה,0.00,יחידה,false,,12.90,0.0000,true,1,27511
8001841470252,false,נוזל ניקוי כלים פייר,,,נוזל ניקוי כלים פייר,,500.00,"100 מ""ל",false,,9.90,0.0198,true,1,353232
8001841470290,false,נוזל ניקוי כלים פייר,,,נוזל ניקוי כלים פייר,,750.00,"100 מ""ל",false,,13.90,0.0185,true,1,353188
8001841566771,false,לנור כדוריות הבושם בניחוח יסמין 210 ג',פרוקטר אנד גמבל,US,לנור כדוריות הבושם ב,,210.00,100 גרם,false,,27.90,0.1329,true,1,103212
8001841625188,false,סבון כלים פלטינום לימון X3 פעולות להסרת שומנים,פרוקטר אנד גמבל,GB,פיירי נוזל כלים פלטי,,515.00,"100 מ""ל",false,,8.90,0.0173,true,1,73948
8001841625287,false,סבון כלים פלטינום לימון X3 פעולות להסרת שומנים,פרוקטר אנד גמבל,TR,פיירי נוזל כלים פלטי,ליטרים,1.01,ליטר,false,,15.90,15.7426,true,1,73949
8001841625362,false,"נוזל כלים בניחוח לימון פלטינום 780 מ""ל פיירי",פרוקטר אנד גמבל,GB,פיירי נוזל כלים פלטי,,780.00,"100 מ""ל",false,,12.90,0.0165,true,1,282572
8001841625461,false,סבון כלים פלטינום X3 פעולות להסרת שומנים,פרוקטר אנד גמבל,GB,פיירי נוזל כלים פלטי,,515.00,"100 מ""ל",false,,8.90,0.0173,true,1,73950
8001841665498,false,"שמפו פאנטן 400 מ""ל",,,"שמפו פאנטן 400 מ""ל",,400.00,"100 מ""ל",false,,14.90,0.0373,true,1,368457
8001841665610,false,"שמפו פאנטן 400 מ""ל",,,"שמפו פאנטן 400 מ""ל",,400.00,"100 מ""ל",false,,14.90,0.0373,true,1,372870
8001841665696,false,"שמפו פאנטן 400 מ""ל",,,"שמפו פאנטן 400 מ""ל",,400.00,"100 מ""ל",false,,14.90,0.0373,true,1,368458
8001841667508,false,שמפו וקונדישינר 2ב1 head&shoulders,,,שמפו הד ושולדרס קלאס,,400.00,"100 מ""ל",false,,14.90,0.0373,true,1,138823
8001841715957,false,"הד&שולדרס - ג'ל רחצה ושמפו ניקוי אינטנסיבי 360 מ""ל","נארז ע""י : א.ג. גילר",FR,ג'ל רחצה ושמפו ניקוי,,360.00,"100 מ""ל",false,,16.90,0.0469,true,1,205013
8001841810461,false,"שמפו פאנטן 400 מ""ל",,,"שמפו פאנטן 400 מ""ל",,400.00,"100 מ""ל",false,,14.90,0.0373,true,1,368460
8001841943961,false,כדוריות הבושם לנור רעננות האוקיינוס,פרוקטר אנד גמבל,US,לנור כדוריות הבושם ב,,210.00,100 גרם,false,,27.90,0.1329,true,1,103213
8002205319835,false,מזון לחתולים בוגרים בטעם סלמון פורינה ONE,נסטלה פורינה צרפת,FR,פורינה ONE חתול בוגר,,800.00,100 גרם,false,,45.90,0.0574,true,1,19565
8002270436581,false,"שישיית מים סאן פלגרינו פלסט 500 מ""ל",סן פלגרינו,,סאן פלגרינו מים מוגז,ליטרים,3.00,ליטר,false,,29.90,9.9667,true,1,9568
8002270846472,false,מים סאן פלגרינו פלסט 500 מל,סן פלגרינו,IT,סאן פלגרינו 500מל,,500.00,"100 מ""ל",false,,4.90,0.0098,true,1,9571
8002450209004,false,"ורדי רוזה 750 מ""ל",בוסקה Bosca,IT,"ורדי רוזה 750 מ""ל",,750.00,"100 מ""ל",false,,24.90,0.0332,true,1,7398
8002450609200,false,ורדי רימונים כשר לפס,"איי, בי, אינבוו",IT,"ורדי רימונים 750 מ""ל",,750.00,"100 מ""ל",false,,24.90,0.0332,true,1,55499
8003012013626,false,קפסולות קולומביה גרי,,,קפסולות קולומביה גרי,,55.00,100 גרם,false,,9.90,0.1800,true,1,229072
8003130129506,false,חטיף ציפס 50 גרם CL,,,חטיף ציפס 50 גרם CL,,50.00,100 גרם,false,,5.90,0.1180,true,1,301432
8003130129544,false,חטיף ציפס 50 גרם,,,חטיף ציפס 50 גרם,,50.00,100 גרם,false,,5.90,0.1180,true,1,301433
8003477500044,false,"פרימלוצ'י ספגטי מ""ס",,,"פרימלוצ'י ספגטי מ""ס",,500.00,100 גרם,false,,5.90,0.0118,true,1,331212
8003477500327,false,פרימלוצ'י קורנטי 500,,,פרימלוצ'י קורנטי 500,,500.00,100 גרם,false,,5.90,0.0118,true,1,331214
8003477500365,false,פרימלוצ'י קונקילייה,,,פרימלוצ'י קונקילייה,,500.00,100 גרם,false,,5.90,0.0118,true,1,331215
8003477500556,false,פרימלוצ'י פוסילי 500,,,פרימלוצ'י פוסילי 500,,500.00,100 גרם,false,,5.90,0.0118,true,1,331546
8003477500594,false,פרימלוצ'י פנה ריגאטה,,,פרימלוצ'י פנה ריגאטה,,500.00,100 גרם,false,,5.90,0.0118,true,1,331561
8004030022010,false,ירקות גינה עם טונה ריו מרה אינסלטיסימי 160 ג',"בולטון אלימנטרי בע""מ",IT,טונה וירקות גינה ריו,,160.00,100 גרם,false,,16.90,0.1056,true,1,21887
8004030044005,false,נתחי טונה בשמן זית ריו מרה 160 ג',"בולטון אלימנטרי בע""מ",IT,נתחי טונה בשמן זית ר,,160.00,100 גרם,false,,18.90,0.1181,true,1,21889
8004030102033,false,טונה בשמן זית עם מיץ לימון ופלפל שחור - מארז 3 יח',בולטון אלימנטרי,IT,טונה בשמן עם לימון ו,,240.00,100 גרם,false,,27.90,0.1162,true,1,21891
8004030103399,false,טונה בשמן זית רביעיו,,,טונה בשמן זית ריו מר,,320.00,100 גרם,false,,30.90,0.0966,true,1,125792
8004030177000,false,טונה בשמן זית וצ'ילי ריו מרה מארז 80X3 גר',ריו מארה Rio Mare,IT,טונה בשמן זית עם צ'י,,240.00,100 גרם,false,,27.90,0.1162,true,1,21893
8004030381681,false,טונה בשמן זית ריו מרה זוגות * 160 ג',,,טונה בשמן זית ריו מר,,320.00,100 גרם,false,,32.90,0.1028,true,1,21899
8004030845046,false,טונה עם ירקות בתוספת עם אורז ריו מרה אינסלטיסימי 160 ג',בולטון אלימנטרי,IT,אינסלטיסימי אורז עם,,160.00,100 גרם,false,,16.90,0.1056,true,1,21900
8004030860001,false,ירקות עם קוקוס וטונה ריו מרה אינסלטיסימי 160 ג',"בולטון אלימנטרי בע""מ",IT,קוסקוס וטונה ריו מרה,,160.00,100 גרם,false,,16.90,0.1056,true,1,21901
8004800004819,false,וופלים לאגו פלאסיר שוקולד חלב 110 גר,לאגו,IT,לאגו פלאסיר- וופלים,,110.00,100 גרם,false,,10.90,0.0991,true,1,335405
8005469951452,false,ממרח אנשובי עם שמן חמניות,בנדטו סקלייה סרל,IT,ממרח אנשובי עם שמן ח,,60.00,100 גרם,false,,12.90,0.2150,true,1,47875
8005803010371,false,מקלות גריסיני עם רוזמרין,"אינסטנטה בע""מ",IT,גריסיני עם רוזמרין 1,,125.00,100 גרם,false,,8.50,0.0680,true,1,12909
8006540106709,false,אולוויז - מגן תחתון נורמל 58 יח',,,מגן תחתון מגה פק נור,יחידה,0.00,יחידה,false,,17.90,0.0000,true,1,351427
8006540112823,false,"לנור מרכך כביסה מרוכז בניחוח האוקיינוס 900 מ""ל",פרוקטר אנד גמבל,FR,לנור מרכך מרוכז בניח,,900.00,"100 מ""ל",false,,14.90,0.0166,true,1,158101
8006540404850,false,תחבושות אלוויז דיסקר,פרוקטר & גמבל,DE,תחבושות אולוויז דיסק,,10.00,יח',false,,16.90,1.6900,true,1,323663
8006540404935,false,תחבושות אלוויז דיסקר,פרוקטר & גמבל,DE,תחבושות אולוויז דיסק,,12.00,יח',false,,16.90,1.4083,true,1,323665
8006540491539,false,"נוזל כלים פיירי פלטינום אוריגינל 780 מ""ל",פרוקטר אנד גמבל,GB,פיירי נוזל כלים פלטי,,780.00,"100 מ""ל",false,,12.90,0.0165,true,1,282514
8006540495186,false,"לנור מרכך כביסה בניחוח בייבי 900 מ""ל",פרוקטר אנד גמבל,FR,לנור מרכך כביסה בייב,,900.00,"100 מ""ל",false,,15.90,0.0177,true,1,298894
8006540628737,false,שמפו הד שולדרס קלאסי,,,שמפו הד שולדרס קלאסי,,350.00,"100 מ""ל",false,,16.90,0.0483,true,1,325232
8006540690260,false,"שמפו פאנטן 400 מ""ל",,,"שמפו פאנטן 400 מ""ל",,400.00,"100 מ""ל",false,,14.90,0.0373,true,1,368463
8008620009276,false,קריץ-קרקר מלוח 500 גרם,,IT,קרקר מלוח 500 גרם קר,,500.00,100 גרם,false,,19.90,0.0398,true,1,39582
8008620009290,false,קריץ-קרקר חיטה מלאה 500 ג',,IT,קרקר חיטה מלאה 500 ג,,500.00,100 גרם,false,,19.90,0.0398,true,1,39583
8008620009313,false,קריץ-קרקר מלוח 250 ג',,,קרקר מלוח 250 גרם קר,,250.00,100 גרם,false,,8.90,0.0356,true,1,303160
8008660210052,false,מעדן ריבה מנץ אנד גאססר תפוז 320 גר,מנז אנד גאסר Menz&Gasser,IT,מעדן פרי תפוז 300 גר,,300.00,100 גרם,false,,15.90,0.0530,true,1,24862
8008912010034,false,ספגטי ליגורי מספר 3,פסטה ליגורי,IT,פסטה ספגטי מספר 3 -,,500.00,100 גרם,false,,7.90,0.0158,true,1,293185
8008912010072,false,ספגטי לינגוויני 500ג ליגורי,פסטה ליגורי,IT,פסטה לינגוויני מספר,,500.00,100 גרם,false,,7.90,0.0158,true,1,293186
8008912010270,false,פסטה קסרצה מספר 27 LIGUORI,פסטה ליגורי,IT,פסטה קסרצ'ה מספר 27,,500.00,100 גרם,false,,7.90,0.0158,true,1,293187
8008912010300,false,פסטה פרפלה ליגורי 500 גר',פסטה ליגורי,IT,פסטה פרפלה מספר 30 -,,500.00,100 גרם,false,,7.90,0.0158,true,1,293188
8008912010317,false,פסטה פוזלי ליגורי 500 גר',פסטה ליגורי,IT,פסטה פוזלי מספר 31 -,,500.00,100 גרם,false,,7.90,0.0158,true,1,293189
8008912010331,false,פסטה ניוקטי סרדי בצורת קונכיות מס' 33,פסטה ליגורי,IT,פסטה ניוקטי סרדי בצו,,500.00,100 גרם,false,,7.90,0.0158,true,1,342856
8008912010423,false,פסטה פנה ריגטה מספר 42 LIGUORI,פסטה ליגורי,IT,פסטה פנה ריגטה מספר,,500.00,100 גרם,false,,7.90,0.0158,true,1,293190
8015997000911,false,מאריני בישקוטים 200 גרם,,,בישקוטים פריכים 200,,200.00,100 גרם,false,,6.90,0.0345,true,1,303175
8020340031191,false,פסטה פנה אורגנית 500,,,פסטה פנה אורגנית 500,,500.00,100 ליטר,false,,8.90,0.0178,true,1,40147
8023788030610,false,שוקולד חלב 300 גרם,,,שוקולד חלב 300 גרם,,300.00,100 גרם,false,,17.90,0.0597,true,1,311554
8023788030627,false,שוקולד מריר מעולה 3,,,שוקולד מריר מעולה 3,,300.00,100 גרם,false,,17.90,0.0597,true,1,311539
8023788030634,false,שוקולד חלב עם שברי א,,,שוקולד חלב עם שברי א,,300.00,100 גרם,false,,17.90,0.0597,true,1,311555
8023788030658,false,עוגיות מלוחות בטעם ט,,,עוגיות מלוחות בטעם ט,,400.00,100 גרם,false,,12.90,0.0323,true,1,341807
8023788030665,false,עוגיות מלוחות בטעם ב,,,עוגיות מלוחות בטעם ב,,400.00,100 גרם,false,,12.90,0.0323,true,1,341808
8023788030672,false,עוגיות מלוחות בתוספת,,,עוגיות מלוחות בתוספת,,400.00,100 גרם,false,,12.90,0.0323,true,1,341809
8023788030689,false,עוגיות מלוחות בטעם ע,,,עוגיות מלוחות בטעם ע,,400.00,100 גרם,false,,12.90,0.0323,true,1,342285
8024985008051,false,סמוזי נטורה נובה סמוצי פירות אדומים 100,נטורה נובה Natura Nuova,IT,נטורה נובה - סמוזי פ,,100.00,100 גרם,false,,5.90,0.0590,true,1,110547
8076800105056,false,"ברילה ספגטי 1 ק""ג קופסה",ברילה Barilla,IT,פסטה ספגטי בקופסה בר,קילוגרמים,1.00,"ק""ג",false,,12.90,12.9000,true,1,310616
8076800105735,false,"ברילה פנה ריגטה 1 ק""ג קופסה",ברילה,IT,פנה ריגטה בקופסה ברי,קילוגרמים,1.00,"ק""ג",false,,12.90,12.9000,true,1,310631
8076800105988,false,"ברילה פוזילי 1 ק""ג קופסה",ברילה Barilla,IT,פוזלי בקופסה ברילה 1,קילוגרמים,1.00,"ק""ג",false,,12.90,12.9000,true,1,310646
8076800195019,false,ברילה - צ.א ספגטי מס1 קפליני 500 גרם,ברילה גי.אי.אר פרטלי,IT,ספגטי קפליני מס' 1 ב,,500.00,100 גרם,false,,6.90,0.0138,true,1,21904
8076800195033,false,ברילה - צ.א ספגטיני מס3 חדש 500 גרם,ברילה גי.אי.אר פרטלי,IT,ספגטי מס' 3 ברילה 50,,500.00,100 גרם,false,,6.90,0.0138,true,1,21905
8076800195057,false,ברילה - צ.א ספגטי מס5 חדש 500 גרם,ברילה גי.אי.אר פרטלי,IT,ספגטיני מס' 5 ברילה,,500.00,100 גרם,false,,6.90,0.0138,true,1,21906
8076800195132,false,ברילה - צ.א בבטה מס13 500 גרם,ברילה גי.אי.אר פרטלי,IT,ספגטי בבטה מס' 13 בר,,500.00,100 גרם,false,,6.90,0.0138,true,1,21907
8076800315097,false,ברילה - צ.א בוקטיני מס9 500 גרם,ברילה גי.אי.אר פרטלי,IT,ספגטי בוקטיני מס' 9,,500.00,100 גרם,false,,6.90,0.0138,true,1,21908
8076802085738,false,ברילה - צ.ק פנה רגטה חדש 500 גרם,ברילה גי.אי.אר פרטלי,IT,פנה רגטה מס' 73 בריל,,500.00,100 גרם,false,,6.90,0.0138,true,1,21911
8076802085981,false,ברילה - צ.ק פוזילי חדש 500 גרם,ברילה גי.אי.אר פרטלי,IT,פסטה פוזילי 98 ברילה,,500.00,100 גרם,false,,6.90,0.0138,true,1,21914
8076808060654,false,ברילה - צ.ק פרפלה חדש 500 גרם,ברילה גי.אי.אר פרטלי,IT,פסטה פרפלה 65 ברילה,,500.00,100 גרם,false,,6.90,0.0138,true,1,21916
8076808070882,false,פסטה ברילה קנלוני מס'88 250ג',פאסטיפיקו ריגו אס.אר,IT,קנלוני ברילה 250 גרם,,250.00,100 גרם,false,,11.90,0.0476,true,1,21917
8076808150072,false,ברילה - צ.א ספגטוני מס7 חדש 500 גרם,ברילה גי.אי.אר פרטלי,IT,ספגטי מס' 7 ברילה 50,,500.00,100 גרם,false,,6.90,0.0138,true,1,21918
8076809501415,false,ברילה קנלוני/פנה 500 ג' מצה פנה טרקולור 500 גרם,ברילה Barilla,IT,ברילה פסטה פנה טריקו,,500.00,100 גרם,false,,11.90,0.0238,true,1,21919
8076809513388,false,ברילה - רוטב ארביאטה 400 גרם,ברילה גי.אי.אר פרטלי,IT,ברילה רוטב ארביאטה 4,,400.00,100 גרם,false,,14.90,0.0373,true,1,21921
8076809513654,false,בסיס רוטב עגבניות לבולונז 400 גרם ברילה,ברילה גי.אי.אר פרטלי,IT,ברילה רוטב עגבניות ל,,400.00,100 גרם,false,,14.90,0.0373,true,1,21924
8076809523738,false,פסטה ברילה לזניה 500ג',ברילה גי.אי.אר פרטלי,IT,לזניה ברילה 500 גרם,,500.00,100 גרם,false,,20.90,0.0418,true,1,21935
8076809545464,false,ברילה פסטה ללא גלוטן צורת ספירלי 400 גר,מולינו אנדריאני אס.א,IT,ברילה ספירלי עב קמח,,400.00,100 גרם,false,,14.90,0.0373,true,1,21942
8121300206946,false,ממתיק סיטיביה טרוביה 80 שקיות אישיות,טרוביה Truvia,US,טרוביה - סטיביה ממתי,,80.00,100 גרם,false,,22.90,0.2862,true,1,117905
8410076600622,false,חטיפי גרנולה Crunchy שיבולת שועל מלאה ושבבי שוקולד מריר,ג'נרל מילס סאן אדריא,ES,חטיף קראנצי שבבי שוק,,210.00,100 גרם,false,,19.50,0.0929,true,1,12921
8410076610379,false,נייטשר ואלי פרוטאין בוטנים ושבבי שוקולד 160 ג',סריילטו ספיין פודס,ES,פרוטאין בוטנים ושבבי,,160.00,100 גרם,false,,22.90,0.1431,true,1,12928
8410076621047,false,עוגות אישיות בטעם שוקולד עם חתיכות בטעם שוקולד,"גלאטס סירו בע""מ",ES,חטיף פייבר 1 בטעם שו,,120.00,100 גרם,false,,14.90,0.1242,true,1,115447
8410104044916,false,פיניש אבקה למדיח 2.7 לימון,רקיט בנקיזר,DE,אבקה למדיח כלים פיני,קילוגרמים,2.70,"ק""ג",false,,44.90,16.6296,true,1,21104
8410104437268,false,פיניש דאו ציטרופרש מנטה,רקיט בנקיזר,HU,פיניש מפיג ריחות ציט,יחידה,0.00,יחידה,false,,14.90,0.0000,true,1,21111
8410342003508,false,"טוראס- ממרח שוקולד ללת""ס 200 גרם",,ES,ממרח שוקולד ואגוזים,,200.00,100 גרם,false,,19.90,0.0995,true,1,302697
8410655000423,false,"מארז בירה סאן מיגל 4*330 מ""ל",,,סאן מיגל בקבוק 4*330,ליטרים,1.32,ליטר,false,,21.90,16.5909,true,1,651
8420822130600,false,"ספריי סופר מסיר שומנים 750מ""ל יעקבי",קה לורדה,ES,ספריי סופר מסיר שומנ,,750.00,"100 מ""ל",false,,16.90,0.0225,true,1,233306
8423207206488,false,חטיף דגנים מלאים מצופה שוקולד חלב 120 גר,אף.סי תבליני בגליל ב,ES,סלים דליס חטיף דגנים,,120.00,100 גרם,false,,10.90,0.0908,true,1,21956
8423207206495,false,חטיף דגנים מלאים מצופה שוקולד מריר 120 ג,אף.סי תבליני בגליל ב,ES,סלים דליס חטיף דגנים,,120.00,100 גרם,false,,10.90,0.0908,true,1,21957
8423207206501,false,חטיף רב דגנים עם שוקולד חלב 78 גרם,סלים דליס Slim Delis,ES,סלים דליס חטיף דגנים,,120.00,100 גרם,false,,10.90,0.0908,true,1,21958
8423207208260,false,מרבה סלים דליס 125 ג' ללא גלוטן שוקולד חלב,ביסנצ'ורי אס.אל.יו,ES,סלים דליס ללא גלוטן,,78.00,100 גרם,false,,10.90,0.1397,true,1,21963
8423207208680,false,מרבה חטיפי סלים דליס לילדים שוקולד חלב,ביסנצ'ורי אס.אל.יו,ES,סלים דליס קידס בציפו,,121.00,100 גרם,false,,10.90,0.0901,true,1,21964
8423207209885,false,מרבה חטיפי סלים דליס מהדורה מיוחדת שוקולד חלב,סלים דליס Slim Delis,ES,סלים דליס אקסטרא חטי,,120.00,100 גרם,false,,10.90,0.0908,true,1,21968
8423207210287,false,מרבה סלים דליס שוקולד לבן בטעם יוגורט 120 ג',סלים דליס Slim Delis,ES,סלים דליס חטיף דגנים,,120.00,100 גרם,false,,10.90,0.0908,true,1,21969
8423207210928,false,חטיף דגנים מצופה שוקולד חלב ואגוזי לוז - 5 במארז,ביסנצ'ורי אס.אל.יו,ES,סלים דליס טופינג בטע,,90.00,100 גרם,false,,10.90,0.1211,true,1,86679
8423207210942,false,חטיף דגנים מצופה שוקולד לבן ופירות יער,אף.סי תבליני בגליל ב,ES,סלים דליס טופינג פיר,,90.00,100 גרם,false,,10.90,0.1211,true,1,86692
8425206000081,false,ריבת חלב מרדל 450 גרם,כלורוקס אוקלנד,ES,מרדל ריבת חלב 450 גר,,450.00,100 גרם,false,,19.90,0.0442,true,1,3709
8431876289558,false,קרפור - חלב שיבולת ש,,,קרפור - חלב שיבולת ש,ליטרים,1.00,ליטר,false,,7.90,7.9000,true,1,374749
8435495819363,false,תינוקלין - מרכך כביסה פרש & ג'נטל 1 ליטר,ליימן מותגים,TR,תינוקלין מרכך כביסה,ליטרים,1.00,ליטר,false,,17.90,17.9000,true,1,191451
8681863065362,false,מלח ים עם פלפל שחור 350 ג' ויליפוד,שף סיזונס גידה סאן,TR,מלח ים עם פלפל שחור,,350.00,100 גרם,false,,24.90,0.0711,true,1,297226
8682655100513,false,מארז 3 קופסאות פלסטי,,,מארז 3 קופסאות פלסטי,יחידה,0.00,יחידה,false,,19.90,0.0000,true,1,210520
8686868600051,false,המותג אביזרי שיער,,,המותג אביזרי שיער,יחידה,0.00,יחידה,false,,7.90,0.0000,true,1,31050
8686868600075,false,המותג אביזרי שיער,,,המותג אביזרי שיער,יחידה,0.00,יחידה,false,,9.90,0.0000,true,1,31052
8686868600112,false,המותג אביזרי שיער,,,המותג אביזרי שיער,יחידה,0.00,יחידה,false,,13.90,0.0000,true,1,31055
8686868600150,false,המותג אביזרי שיער,,,המותג אביזרי שיער,יחידה,0.00,יחידה,false,,17.90,0.0000,true,1,31057
8690120060170,false,וופל נאמבר וואן מצופ,טורקו,TR,וופלים אגוזים רויאל,,35.00,100 גרם,false,,1.90,0.0543,true,1,193339
8690120060408,false,וופלים אגוזי לוז רוי,קוניאק גדוה,TR,וופלים אגוזי לוז רוי,,35.00,100 גרם,false,,1.90,0.0543,true,1,193340
8690120129006,false,וופלים מריר רויאל קנ,טורקו,TR,וופלים מריר רויאל קנ,,35.00,100 גרם,false,,1.90,0.0543,true,1,193341
8690120160177,false,מארז וופלים רויאל קנ,קומרה,TR,מארז וופלים רויאל קנ,,840.00,100 גרם,false,,28.90,0.0344,true,1,185618
8690504153740,false,שוקולד מריר במילוי קרם בטעם שוקולד מריר,ביסקוט ביסקווי סילבר,TR,טבלת שוקולד מריר עם,,86.00,100 גרם,false,,13.90,0.1616,true,1,24874
8690526009353,false,אי טי אי - מיני חטיף בוטנים נוגט קרמל מצופה שוקולד חלב 140 גרם,eti gida sanayi,TR,מיני חטיף בוטנים נוג,,140.00,100 גרם,false,,9.90,0.0707,true,1,109340
8690526019154,false,אי טי אי - וופל קקאו במילוי קרם קקאו 142 גרם,מולינו ניקולי s.p.a,TR,וופל קקאו במילוי קרם,,142.00,100 גרם,false,,7.90,0.0556,true,1,283509
8690637555084,false,מרכך כביסה בדין אקסטרא פריחת תפוז 960 מל,יוניליוור סנאיי וי ט,TR,בדין אקסטרה לבן 960,,960.00,"100 מ""ל",false,,15.90,0.0166,true,1,10915
8690637704277,false,"שמפו ומרכך לשיער רגיל 600 מ""ל דאב",יונילוור - תורכיה,TR,שמפו יום יומי 2ב1 דא,,600.00,"100 מ""ל",false,,16.90,0.0282,true,1,10938
8690637704376,false,שמפו יום יומי לשיער רגיל,יוניליוור טורקיה. אז,TR,שמפו יום יומי דאב 60,,600.00,"100 מ""ל",false,,16.90,0.0282,true,1,10940
8690766156367,false,שוקולד חלב גודייבה מעולה 90 גר,"אולקר מקבוצת פלאדיס,",TR,גודייבה שוקולד חלב מ,,90.00,100 גרם,false,,15.90,0.1767,true,1,88713
8690766156374,false,שוקולד גודייבה מריר 72% מוצרי קקאו 90 גר,"אולקר מקבוצת פלאדיס,",TR,גודייבה שוקולד מריר,,90.00,100 גרם,false,,15.90,0.1767,true,1,77496
8690766156381,false,גודייבה שוקולד מריר 90% מוצקי קקאו 90 גרם,"אולקר מקבוצת פלאדיס,",TR,גודייבה ש.מריר מעולה,,90.00,100 גרם,false,,15.90,0.1767,true,1,72826
8690766156398,false,שוקולד חלב מעולה בתוספת שברי שקדים קלויים דבש ומלח 90ג',"אולקר מקבוצת פלאדיס,",TR,גודייבה שוקולד חלב ש,,90.00,100 גרם,false,,15.90,0.1767,true,1,88714
8690766156411,false,שוקולד מריר מעולה בטעם פלפל ורוד עם חתיכות תות מסוכר 90ג',"אולקר מקבוצת פלאדיס,",TR,גודייבה שוקולד מריר,,90.00,100 גרם,false,,15.90,0.1767,true,1,88715
8690777204071,false,פלפלים כבושים - חריפים,יוליניבר,TR,פלפל חריף סרה 640 גר,,640.00,100 גרם,false,,10.90,0.0170,true,1,3298
8690777206051,false,חצילים קלויים על האש סארה 650 גר',קוראהן פזלרמה וי דיס,TR,חציל קלוי על האש סרה,,650.00,100 גרם,false,,10.90,0.0168,true,1,3299
8690946270074,false,פסטה ספגטי 500 גרם B,,,פסטה ספגטי 500 גרם B,,500.00,100 גרם,false,,3.90,0.0078,true,1,343128
8690946270111,false,פסטה פוזלי 500 גרם B,,,פסטה פוזלי 500 גרם B,,500.00,100 גרם,false,,3.90,0.0078,true,1,343129
8690946272207,false,פסטה פנה 500 גרם BAH,,,פסטה פנה 500 גרם BAH,,500.00,100 גרם,false,,3.90,0.0078,true,1,343131
8690946272320,false,פסטה מקרוני 500 גרם,,,פסטה מקרוני 500 גרם,,500.00,100 גרם,false,,3.90,0.0078,true,1,343132
8691058141238,false,ערמונים שלמים קלויים וקלופים 100 ג' Avel,,,AVEL ערמונים שלמים ק,,100.00,100 גרם,false,,4.90,0.0490,true,1,48917
8691459106300,false,קופסא 450 LOCKFIT,,,קופסא 450 LOCKFIT,יחידה,0.00,יחידה,false,,5.40,0.0000,true,1,124092
8691530924670,false,רכז רימונים טבעי 345 גר,נטורסן,TR,סירופ רימונים נטרוס,,345.00,"100 מ""ל",false,,19.30,0.0559,true,1,284649
8691900174032,false,קוטקס תחבושות נורמל 24 יח,,,תחבושות קוטקס נורמל,,24.00,100 יח',false,,16.90,0.7042,true,1,299306
8691900174049,false,קוטקס תחבושות אולטרה לונג 18 יח',,,תחבושות קוטקס long 1,,18.00,100 יח',false,,16.90,0.9389,true,1,299291
8691900174056,false,קוטקס תחבושות אולטרה לילה 16 י',,,תחבושות קוטקס לילה,,16.00,100 יח',false,,16.90,1.0562,true,1,299292
8693357155763,false,סט1 קערה הגשה+6 קערו,,,סט1 קערה הגשה+6 קערו,יחידה,0.00,יחידה,false,,169.90,0.0000,true,1,327028
8693495052177,false,"סבון נוזלי פלמוליב זיתים 750 מ""ל",קולגייט פלמוליב,TR,פלמוליב נטורלס תחליב,,750.00,"100 מ""ל",false,,19.90,0.0265,true,1,21985
8697530910743,false,סיגריות פאל מאל כחול קצר מטאליק,BAT,,פאל מאל בלו,יחידה,0.00,יחידה,false,,29.00,0.0000,false,1,4191
8697530910750,false,סיגריות פאל מאל כחול ארוך האוס,BAT,,פאל מאל בלו ארוך,יחידה,0.00,יחידה,false,,29.00,0.0000,false,1,4192
8697530910781,false,סיגריות פאל מאל אדום מטאליק,BAT,TR,פאל מאל רד,יחידה,0.00,יחידה,false,,29.00,0.0000,false,1,4195
8697530911276,false,סיגריות קנט קצר חפיס,BAT,,קנט קצר קופסא בודדת,יחידה,0.00,יחידה,false,,36.00,0.0000,false,1,4203
8710502064814,false,עוגיות מרבה שוקולד ציפס במרקם רך 175 גר,בנקטבקריי מרבה בי.וי,NL,מרבה עוגיות שוקוציפס,,175.00,100 גרם,false,,9.90,0.0566,true,1,21992
8710502100864,false,עוגיות מרבה פטיסרי דאבל שוקולד 200 גרם,מרבה,NL,מרבה פטיסרי דאבל שוק,,200.00,100 גרם,false,,10.90,0.0545,true,1,313424
8710502139017,false,עוגיות מרבה טריפל שוקולד שוקוצ'יפס 180ג',בנקטבקריי מרבה בי.וי,NL,מרבה עוגיות טריפל שו,,180.00,100 גרם,false,,9.90,0.0550,true,1,21993
8710502231018,false,מרבה מיני עוגיות שוקולד צ'יפס 175 גרם,"מרבה בע""מ",NL,מרבה עוגיות שוקולד צ,,175.00,100 גרם,false,,10.90,0.0623,true,1,125928
8710502279010,false,מרבה עוגיות שוקולד צ'יפס מצופות שוקולד 175 ג',"י.מרבה ישראל בע""מ",NL,מרבה עוגיות שוקולד צ,,175.00,100 גרם,false,,9.90,0.0566,true,1,130578
8710502285509,false,עוגיות לימון ושוקולד צ'יפס במרקם רך 175 ג' מרבה,בנקטבקריי מרבה בי.וי,NL,מרבה עוגיה רכה לימון,,175.00,100 גרם,false,,9.90,0.0566,true,1,246572
8710502470028,false,עוגיות שוקולד צ'יפס ממולאות בקרם נוגט,קריניציה ויטמינה אס,NL,מרבה עוגיות נוגטלי 1,,160.00,100 גרם,false,,9.90,0.0619,true,1,22001
8710800027573,false,סוכריות מיני מנטוס פירות שקית 178ג',ליימן מותגים,NL,מיני מנטוס שקית,,178.00,100 גרם,false,,12.30,0.0691,true,1,12945
8710800961310,false,סוכריות מנטוס תות מארז 37.5X4ג',פרפטי ואן מלה ברדה,NL,מנטוס 1/4 תות,,150.00,100 גרם,false,,10.90,0.0727,true,1,12947
8711000362570,false,קפסולות אספרסו פורזה עוצמה 9,גיקובס דאו אגברטס צר,FR,לור קפסולות קפה אספר,,52.00,100 גרם,false,,15.90,0.3058,true,1,5182
8711000362747,false,קפסולות אספרסו ריסטרטו 10* 52 ג' LOR,גיקובס דאו אגברטס צר,FR,לור קפסולות קפה אספר,,52.00,100 גרם,false,,15.90,0.3058,true,1,5187
8711000371206,false,קפסולות קפה אספרסו ריסטרטו 10*52 ג' ג'ייקובס,קריניציה ויטמינה אס,FR,ג'ייקובס קפסולות קפה,,52.00,100 גרם,false,,12.90,0.2481,true,1,5190
8712000051099,false,"שישיית בירה היינקן 0.0% אלכוהול 330 מ""ל",פארייפאבה אגרואינדוס,NL,הייניקן בירה 0% בק',ליטרים,1.98,ליטר,false,,33.90,17.1212,true,1,9586
8712400802499,false,תרכובת מזון המשך לפעוטות על בסיס חלב שלב 1,נוטרישיה קאלק ב. ו.,NL,נוטרילון שלב 1- 800,,800.00,100 גרם,false,,64.90,0.0811,true,1,5212
8712400802512,false,תרכובת מזון המשך לפעוטות על בסיס חלב שלב 2,נוטרישיה קאלק ב. ו.,NL,נוטרילון שלב 2- 800,,800.00,100 גרם,false,,64.90,0.0811,true,1,5214
8712561594608,false,"דאב תחליב רחיצה להזנה עמוקה 750 מ""ל",יוניליוור גרמניה (בו,DE,תחליב רחצה להזנה עמו,,750.00,"100 מ""ל",false,,15.90,0.0212,true,1,11063
8712561609647,false,"דאב - תחליב רחצה חמאת שיאה 500 מ""ל",,DE,דאב תחליב רחצה חמאת,,500.00,"100 מ""ל",false,,17.90,0.0358,true,1,333694
8712561611183,false,"דאב - תחליב רחצה תה ירוק ומלפפון 500 מ""ל",יוניליוור גרמניה (בו,DE,דאב תחליב רחצה תה יר,,500.00,"100 מ""ל",false,,17.90,0.0358,true,1,11064
8712561611411,false,תחליב רחצה מזין בניחוח מלפפון ותה ירוק,יוניליוור גרמניה (בו,DE,תחליב רחצה תה ירוק ו,,750.00,"100 מ""ל",false,,15.90,0.0212,true,1,11065
8714599410530,false,גייקובס קרונינג שקית רפיל 200 גרם,גייקובס,UA,גייקובס קפה נמס 200ג,,200.00,100 גרם,false,,19.90,0.0995,true,1,5196
8714599512159,false,קפה נמס ג'ייקובס 190 גר',"אל.אל.סי ""גייקובס דא",RU,קפה ג'ייקובס 190 גרם,,190.00,100 גרם,false,,22.90,0.1205,true,1,51746
8714599513835,false,קפה ג'יקובס נטול קופאין מיובש בהקפאה 200 ג',ג'ייקובס Jacobs,RU,קפה ג`יקובס נטול קופ,,200.00,100 גרם,false,,33.90,0.1695,true,1,5202
8714599513866,false,"ג'ייקובס קרוננג מיובש בהקפאה כשל""פ 200 ג'",אל.אל.סי גייקובס דאו,DE,קפה ג'יקובס קרונונג,,200.00,100 גרם,false,,26.90,0.1345,true,1,5203
8714789402918,false,נוזל לניקוי כללי ולרצפה בניחוח פרחי בר,הנסיך- מפעל לייצור ט,GR,חגיגת הפרחים אדום אג,ליטרים,1.50,ליטר,false,,19.90,13.2667,true,1,22016
8714789402932,false,נוזל לניקוי כללי ולרצפה בניחוח ורדים,הנסיך- מפעל לייצור ט,GR,אג'קס חגיגת הפרחים ו,ליטרים,1.50,ליטר,false,,19.90,13.2667,true,1,22017
8714789450315,false,פלמוליב נוזל כלים לימון 1.5 ליטר,הנסיך- מפעל לייצור ט,GR,פלמוליב שקוף לימון 1,ליטרים,1.50,ליטר,false,,15.90,10.6000,true,1,22020
8714789582764,false,אג'קס ספריי לניקוי חלונות ומשטחים,"ש. שסטוביץ בע""מ",GR,אגקס חלונות 750מל,,750.00,"100 מ""ל",false,,14.90,0.0199,true,1,22026
8714789834467,false,פלמוליב נ.כלים 1.5 ליטר-מרכז,פלמוליב Palmolive,GR,פלמוליב נוזל כלים 1.,ליטרים,1.50,ליטר,false,,15.90,10.6000,true,1,22038
8717163655764,false,"רקסונה - דאודורנט ספריי לאישה שוואר פרש 150 מ""ל",קוסטר - תורכיה,TR,רקסונה ספריי שאוורפר,,150.00,"100 מ""ל",false,,13.90,0.0927,true,1,73842
8717163658314,false,תחליב רחצה מים מיסלריים היפואלרגני לעור רגיש,דאב Dove,DE,דאב תחליב רחצה מיסלר,,500.00,"100 מ""ל",false,,17.90,0.0358,true,1,11109
8717163714850,false,"דאב - דאודורנט ספריי לאישה קוקוס ויסמין 150 מ""ל",יונילוור ארגנטינה -,GB,דאו' ספריי אוריגינל,,150.00,"100 מ""ל",false,,14.90,0.0993,true,1,220321
8718114734484,false,מיונז מיילי 320 גרם,בונגראן,FR,מיונז מיילי 320 גרם,,320.00,100 גרם,false,,13.90,0.0434,true,1,17249
8718951175600,false,"משחת שיניים קולגייט אוטאל קליין מינט 75 מ""ל",,,קולגייט משחת שיניים,,75.00,"100 מ""ל",false,,12.90,0.1720,true,1,109892
8718951236790,false,"קולגייט טוטאל משחת שיניים קלין מינט לפה בריא 100 מ""ל",קולגייט Colgate,PL,משחת שיניים קלין מינ,,100.00,"100 מ""ל",false,,16.90,0.1690,true,1,22088
8718951236806,false,"קולגייט טוטאל הלבנה להסרת כתמים מהשן 100 מ""ל",קולגייט Colgate,PL,מש.שיניים להלבנה קול,,100.00,"100 מ""ל",false,,16.90,0.1690,true,1,22089
8718951240742,false,"קולגייט טוטאל משחת שיניים פסים מרעננים 100 מ""ל",קולגייט Colgate,PL,מש.שיניים פסים מרעננ,,128.00,100 גרם,false,,16.90,0.1320,true,1,22091
8718951286733,false,מ שיניים קולגייט אופטיק וייט לסטינג 75מל,קולגייט Colgate,PL,קולגייט אופטיק וייט,,75.00,"100 מ""ל",false,,27.90,0.3720,true,1,200786
8718951315303,false,משחת שיניים קולגייט הגנה מקסימלית - מארז זוג,קולגייט-פלמוליב,PL,משחת שיניים קולגייט,,200.00,מטר,false,,19.90,0.0995,true,1,85047
8718951334090,false,"סופלין מרכך כביסה מרוכז כחול 650 מ""ל",סופלין Soupline,GR,סופלין מרכך כביסה מר,,650.00,"100 מ""ל",false,,11.90,0.0183,true,1,64050
8718951345119,false,נוזל לניקוי רצפות וכללי היביסקוס 2 ליטר,הנסיך- מפעל לייצור ט,GR,אג'קס ניקוי כללי עוצ,ליטרים,2.00,ליטר,false,,22.90,11.4500,true,1,119913
8718951381292,false,"משחת שיניים מקס דיטוקס פואם קולגייט 125 מ""ל",קולגייט Colgate,PL,קולגייט משחת שיניים,,125.00,"100 מ""ל",false,,17.90,0.1432,true,1,118553
8718951382718,false,"פלמוליב ג'ל רחצה חימר התחדשות 750 מ""ל",פלמוליב Palmolive,TR,ג'ל רחצה חימר התחדשו,,750.00,"100 מ""ל",false,,19.90,0.0265,true,1,103450
8718951412378,false,משחת שיניים לחניכיים רגישות ולנשימה רעננה,קולגייט פלמוליב,PL,משחת שיניים מרידול נ,,75.00,"100 מ""ל",false,,24.90,0.3320,true,1,299438
8718951431614,false,"סבון רחצה סו פירם מינרלים 750 מ""ל פלמוליב",קולגייט פלמוליב,IL,ג'ל רחצה פלמוליב So,,750.00,"100 מ""ל",false,,19.90,0.0265,true,1,200826
8718951498754,false,שישיית מברשות שיניים סופר פלקסי קולגייט,קולגייט פלמוליב,VN,מברשת שיניים פלקסי פ,יחידה,0.00,יחידה,false,,17.90,0.0000,true,1,299424
8718951509627,false,"משחת שיניים אופטיק וויט לאוהבי קפה 75 מ""ל קולגייט",קולגייט פלמוליב,PL,קולגייט וואייט להסרת,יחידה,0.00,יחידה,false,,27.90,0.0000,true,1,279398
8719200997998,false,מרגרינה למריחה בישול וטיגון 200 ג' בלו בנד,אתר חיפה מרגרינה - F,IL,בלו בנד לבישול וטיגו,,200.00,100 גרם,false,,4.90,0.0245,true,1,11119
8719200998001,false,מרגרינה לאפיה ובישול בלי מלח 200 ג' בלו בנד,מיוצר עי קונדיטוריית,IL,בלו בנד ללא מלח 200,,200.00,100 גרם,false,,4.90,0.0245,true,1,11120
8719200998018,false,מחמאה מרגרינה בטעם חמאה 200 ג' בלו בנד,פארייפאבה אגרואינדוס,IL,מחמאה מרגרינה בטעם ח,,200.00,100 גרם,false,,4.90,0.0245,true,1,11121
8719200998032,false,מזולה גלורי טעם חמאה 250ג',פארייפאבה אגרואינדוס,IL,מזולה בטעם חמאה 250,,250.00,100 גרם,false,,9.20,0.0368,true,1,11123
8719200998094,false,מרגרינה מזולה בטעם טבעי ללא תוספת מלח,"מיוצר ע""י יוניליוור",IL,מזולה מרגרינה לאפייה,,200.00,100 גרם,false,,6.90,0.0345,true,1,11129
8720100012445,false,וופל טוסט בלגי 6 יח 250 גרם בקרסלנד,דה בנקט גרופ,,וופל טוסט בלגי 250 ג,,250.00,100 גרם,false,,9.90,0.0396,true,1,18326
8723400756552,false,מארז סוכריות מנטוס Mentos ריינבואו,פרפטי ואן מלה ברדה,NL,RAINBOW רביעית סוכרי,,150.00,100 גרם,false,,10.90,0.0727,true,1,12950
8801055707966,false,קפה טייסטר צו'יס נס קפה בריסטה 180ג',נסטלה קוריאה - קפה,IL,נס קפה טייסטרס צ'ויס,,180.00,100 גרם,false,,29.90,0.1661,true,1,19579
8801055709434,false,קפה נמס טייסטר צ'ויס קולומביה 100 גר',נסטלה קוריאה - קפה,KR,נסקפה טייסטרס צ'ויס,,100.00,100 גרם,false,,23.90,0.2390,true,1,213033
8801055709441,false,נסקפה טייסטרס צ'ויס,,,נסקפה טייסטרס צ'ויס,,100.00,100 גרם,false,,23.90,0.2390,true,1,213034
8801055709465,false,אבקה להכנת משקה קפה בטעם קפוצ'ינו וניל,לוטה נסטלה קוריאה,DE,נסקפה קפוצ'ינו וניל,,185.00,100 גרם,false,,18.90,0.1022,true,1,257688
8801055709489,false,אבקה להכנת משקה קפה בטעם קפוצ'ינו אגוזים,נסקפה Nescafe,KR,נסקפה קפוצ'ינו אגוזי,,185.00,100 גרם,false,,18.90,0.1022,true,1,257703
8803733181785,false,קופסא 1 ליטר 817 L&,,,קופסא 1 ליטר 817 L&,ליטרים,1.00,ליטר,false,,38.90,38.9000,true,1,43144
8850206250592,false,רוטב צ'ילי סריראצ'ה 540 גרם (מזרח ומערב),יאן וואל יון קו.לטד,TH,רוטב צ'ילי סיראצ'ה מ,,540.00,100 גרם,false,,19.90,0.0369,true,1,270536
8850367992164,false,קרם קוקוס 250 מל 20-22% ללא חומר משמר,טאפ פאד ונגפורן,TH,קרם קוקוס ללא גלוטן,,250.00,100 גרם,false,,7.90,0.0316,true,1,47558
8850389105825,false,סאפה אלוורה ענבים 1 ליטר,סאפה פובליק קומפני ל,TH,סאפה משקה אלוורה ענב,ליטרים,1.00,ליטר,false,,13.50,13.5000,true,1,39444
8850389105849,false,סאפה אלוורה אפרסק 1 ליטר,סאפה פובליק קומפני ל,TH,סאפה משקה אלוורה אפר,ליטרים,1.00,ליטר,false,,13.50,13.5000,true,1,39446
8850389115312,false,"משקה קל סאפה בטעם מלון 300 מ""ל",סאפה פובליק קומפני ל,TH,"סאפה משקה מלון 300מ""",,300.00,"100 מ""ל",false,,6.40,0.0213,true,1,39451
8850389115336,false,סאפה מלון בקבוק תריסר 1ל',סאפה פובליק קומפני ל,TH,סאפה משקה מלון 1ל,ליטרים,1.00,ליטר,false,,13.50,13.5000,true,1,39452
8851613101378,false,"נוזל קוקוס ארוי די 250 מ""ל",כלורוקס אוקלנד,TH,משקה קוקוס ארוי-די,,250.00,"100 מ""ל",false,,9.90,0.0396,true,1,3745
8858271003020,false,רוטב סויה פורמולה 1 - 700 מ'ל מקסצ'אפ,יאן ונזל יון,TH,רוטב סויה MAXCHUP מז,,700.00,"100 מ""ל",false,,14.90,0.0213,true,1,47573
8858271003075,false,רוטב סויה מתוקה 700 גרם מקסצאפ,דאנינג יוה פודס קו,TH,רוטב סויה מתוק MAXCH,,700.00,"100 מ""ל",false,,16.90,0.0241,true,1,322686
8858271004300,false,רוטב טריאקי מקסצאפ 700 מל,דאנינג יוה פודס קו,TH,רוטב טריאקי MAXCHUP,,700.00,"100 מ""ל",false,,19.90,0.0284,true,1,47582
8858271004799,false,"רוטב צילי מתוק אל פורפסיס 700 מ""ל",יאן ונזל יון,TH,רוטב צ'ילי מתוק מזרח,,700.00,"100 מ""ל",false,,12.90,0.0184,true,1,47584
8858271005451,false,רוטב סויה פורמולה 1 - 250 מל מקסצאפ,yan wal yun corpara,TH,רוטב סויה בהיר-פורמו,,700.00,"100 מ""ל",false,,9.90,0.0141,true,1,322701
8858271005772,false,"רוטב סויה ללא גלוטן 300 מ""ל",יאן ונזל יון,TH,רוטב סויה ללא גלוטן,,300.00,"100 מ""ל",false,,16.90,0.0563,true,1,270522
8888021200720,false,סוללות אנרג'יזר MAX AAA שמינייה,יצרן: אנרג'ייזר סינג,SG,AAAאנרג'ייזר סוללות,יחידה,0.00,יחידה,false,,24.90,0.0000,true,1,6141
8901314517463,false,קולגייט מברשת שיניים,,,קולגייט מברשת שיניים,יחידה,0.00,יחידה,false,,19.90,0.0000,true,1,265327
8901537024014,false,"אורז בסמטי מובחר 1 ק""ג - דוואט) יורה דיעה",הנסיך- מפעל לייצור ט,IN,וילי פוד אורז בסמטי,,1000.00,100 גרם,false,,12.90,0.0129,true,1,3315
8901537076679,false,"אורז בסמטי חום מלא 1 ק""ג דאוואט",האי נאם סי או אל.טי.,IN,אורז בסמטי חום מלא 1,קילוגרמים,1.00,"ק""ג",false,,11.90,11.9000,true,1,3316
8934878081811,false,"דפי אורז 22 ס""מ 400 גר'(Trav) ללא גלוטן",דאנינג יוה פודס קו,CN,דפים על בסיס קמח טפי,,400.00,100 גרם,false,,11.90,0.0298,true,1,47588
9000101380255,false,דיסקס לכביסה ניקיון הגייני 22 יח' פרסיל,פרסיל Persil,HU,פרסיל דיסקס לכביסה ל,,22.00,יח',false,,34.90,1.5864,true,1,181810
9000101511635,false,קפסולות ג'ל לכביסה פרסיל דיסקס לעור רגיש,פרסיל Persil,HU,פרסיל דיסקס סנסיטיב,,22.00,יח',false,,34.90,1.5864,true,1,288848
9000101512526,false,פרסיל - פאוור קאפס קפסולות ג'ל מרוכזות לכביסה 26 יח',פרסיל Persil,RS,פרסיל פאוור קאפס לכב,,26.00,יח',false,,34.90,1.3423,true,1,288849
9000101520965,false,"סבון אסלה בניחוח מתחלף לוטוס עדין במבוק, 3 יחידות",ברף Bref,RS,ברף בניחוח מתחלף לוט,,150.00,100 גרם,false,,19.90,0.1327,true,1,288932
9001616661099,false,"בקבוק לתינוק 270 מ""ל 2+ חודשים Easy Active",מאם Mam,AT,"בקבוק תינוק 270 מ""ל",יחידה,0.00,יחידה,false,,35.00,0.0000,true,1,1109
9002859058172,false,בונבוניירה בננה ציפוי שוקולד מריר 300 גר,,AT,בננה ציפוי שוקולד מר,,300.00,100 גרם,false,,14.90,0.0497,true,1,307099
9002859073298,false,כדורגל שוקולד ברשת 100 גרם גונץ,,,גונץ כדורגל שוקולד ב,,100.00,100 גרם,false,,9.90,0.0990,true,1,306819
9002859105630,false,גונץ מרציפן מצופה שוקולד חלב ונוגט 75 גר,,AT,מרציפן מצופה שוקולד,,75.00,100 גרם,false,,10.90,0.1453,true,1,307143
9005835313609,false,קלרו טבליות למדיח כלים 15 יחידות CLARO,,,טבליות למדיח כלים 15,,350.00,100 גרם,false,,14.90,0.0426,true,1,255707
9120025839896,false,חטיף מילקה מצונן 128 גרם,בובארד איטליה אס.פי.,IT,חטיף מילקה מצונן 128,,128.00,100 גרם,false,,14.90,0.1164,true,1,314460
9120097310545,false,חטיף מיני מיניונים מצונן 102.5 ג' CHOCO BITE,בובארד,IT,חטיף מיני מיניונים מ,,102.50,100 גרם,false,,14.90,0.1454,true,1,361515
9322969000022,false,פריכיות תירס עם סויה וזרעי פשתן ללא גלוטן,אף.סי תבליני בגליל ב,AU,פריכיות תירס עם סויה,,150.00,100 גרם,false,,11.90,0.0793,true,1,6147
9322969000046,false,פריכיות תירס שומשום אורגני ריל פודס 150 ג',אף.סי תבליני בגליל ב,AU,פריכיות תירס אורגניו,,150.00,100 גרם,false,,11.90,0.0793,true,1,6149
9720188050109,false,טופוטי ממרח טופו בטעם גבינה 227 ג`,טופוטי ברנדס אינק.ג',IL,טופוטי ממרח טופו בטע,,225.00,100 גרם,false,,18.90,0.0840,true,1,6762
9720188060108,false,טופוטי ממרח על בסיס סויה בסגנון שמנת 340ג',טופוטי ברנדס אינק.ג',IL,טופוטי ממרח טופו בטע,,340.00,100 גרם,false,,18.90,0.0556,true,1,6763
9771565038319,false,ידיעות אחרונות יום א,,,ידיעות אחרונות יום א,יחידה,0.00,יחידה,false,,0.50,0.0000,true,1,9995
9771565038326,false,ידיעות אחרונות יום ב,,,ידיעות אחרונות יום ב,יחידה,0.00,יחידה,false,,0.50,0.0000,true,1,9996
9771565038333,false,ידיעות אחרונות יום ג,,,ידיעות אחרונות יום ג,יחידה,0.00,יחידה,false,,0.50,0.0000,true,1,9997
9771565038340,false,ידיעות אחרונות יום ד,,,ידיעות אחרונות יום ד,יחידה,0.00,יחידה,false,,0.50,0.0000,true,1,9998
9771565038357,false,עיתון יום חול ידיעות,,,ידיעות אחרונות יום ה,יחידה,0.00,יחידה,false,,0.50,0.0000,true,1,9999
9771565039125,false,עיתון לאישה יום ב,,,לאשה יום ב`,יחידה,0.00,יחידה,false,,19.90,0.0000,true,1,10001
9771565051066,false,ידיעות אחרונות יום ו,,,ידיעות אחרונות יום ו,יחידה,0.00,יחידה,false,,12.00,0.0000,true,1,10011
