code,internal_code,name,manufacturer_name,manufacture_country,manufacturer_item_description,unit_qty,quantity,unit_of_measure,weighted,qty_in_package,price,unit_of_measure_price,allow_discount,status,item_id
10002227,false,שקית בד ללקוחות 40*40*17,,,שקית בד ללקוחות 40*4,יח',1.00,יח',false,,2.50,2.5000,true,1,3890862
19038634,false,סודה מוגז נענע ליים,,,סודה מוגז נענע ליים,מטרים,250.00,100 מ'ל,false,,2.80,0.0112,true,1,3897159
29047024,false,"אלנוטרה לכלב 3 ק""ג",,,"אלנוטרה לכלב 3 ק""ג",קילוגרמים,3.00,"ק""ג",false,,39.90,13.3000,true,1,3901543
32147230,false,"מיץ לימון משומר 200מ""ל(לימונית אקסטרא)",ג'נרל מילס סאן אדריא,CH,"מיץ לימון משומר 200מ""ל",מיליליטרים,200.00,"100 מ""ל",false,,6.40,0.0320,true,1,1351323
40084107,false,ביצת שוקולד הפתעה קינדר,פרדי קונדטוריה אס פי,IT,ביצת קינדר הפתעה,גרמים,20.00,100 גרם,false,,4.90,0.2450,true,1,1336831
40099132,false,מסטיק הובה בובה Hubba Bubba בטעם תות,הובה בובה Hubba Bubba,DE,הובה בובה טעם תות 35,גרמים,35.00,100 גרם,false,,3.00,0.0857,true,1,1322682
40099705,false,אורביט סטיקס פפרמינט 13ג,ליימן מותגים,FR,מסטיק אורביט כחול 20,גרמים,30.00,100 גרם,false,,1.90,0.0633,true,1,1322687
40111216,false,באונטי חטיף קוקוס ושוקולד 57ג',"נארז ע""י : א.ג. גילר",NL,חטיף באונטי שוקולד ק,גרמים,57.00,100 גרם,false,,3.90,0.0684,true,1,1332873
40173351,false,"בירה מייסלס חיטה אורגינל 500 מ""ל",שטיגל,DE,בירה מייסלס חיטה אור,מטרים,500.00,100 מ'ל,false,,10.90,0.0218,true,1,3903188
42061939,false,"בירה בקס בקבוק 500 מ""ל בקבוק","איי, בי, אינבוו",DE,בקס בק' 500 מל,מיליליטרים,500.00,"100 מ""ל",false,,7.90,0.0158,true,1,3831013
42101666,false,"מסטיק בטעם מנטה ואקליפטוס איירווייבס 35 גרם לל""ס",ריגלי,GB,מסטיק איירוייבוז אקל,גרמים,35.00,100 גרם,false,,5.70,0.1629,true,1,1638447
42123866,false,מסטיק הובה בובה צ'אנק פירות קלאסי 35ג',הובה בובה Hubba Bubba,,הובה בובה בטעם פירות,גרמים,35.00,100 גרם,false,,3.00,0.0857,true,1,1322694
42174479,false,אורביט מעטפה תות 27 גרם,ריגלי צרפת,FR,מסטיק אורביט מעטפה ת,גרמים,27.00,100 גרם,false,,5.50,0.2037,true,1,1322703
42182108,false,מסטיק פייב פפרמינט 12 סטיקס,ריגלי צרפת,FR,מסטיק 5 פפרימנט כחול,גרמים,31.00,100 גרם,false,,6.50,0.2097,true,1,1322706
42182115,false,אורביט פייב ספירמינט 12 סטיקס 29 גר,ריגלי צרפת,FR,מסטיק 5 ספירמנט ירוק,גרמים,31.00,גרם,false,,6.50,0.2097,true,1,1322707
42188889,false,אורביט פייב אבטיח 12 סטיקס 29 גר,ריגלי צרפת,FR,מסטיק 5 אבטיח,גרמים,31.00,100 גרם,false,,6.50,0.2097,true,1,1322708
42212119,false,מסטיק אורביט פרופשיויל פפרמינט מעטפה,ריגלי צרפת,FR,מסטיק אורביט פרפשונל,גרמים,27.00,100 גרם,false,,5.50,0.2037,true,1,1373313
42299363,false,"ניוואה - דאודורנט רול און לגבר פרש פאוור 50 מ""ל",ביירסדורץ,DE,דאו רול און פרש לגבר,100 מל,50.00,100 מל,false,,12.90,0.2580,true,1,2207376
42306788,false,מסטיק בטעם אוכמניות ומנטה איירווייבס 35 גרם,ריגלי,GB,מסטיק אורביט מסטיק א,גרמים,35.00,100 גרם,false,,5.70,0.1629,true,1,1638452
50398904,false,"קרם חמצן6% בקבוק 60 מ""ל",גדעון קוסמטיקס,IL,אינדולה חמצן 6%,100 מל,60.00,100 מל,false,,3.90,0.0650,true,1,1325857
50398911,false,"קרם חמצן 9% בקבוק 60 מ""ל",שוורצקופ,IL,אינדולה קרם חמצן 9%,מיליליטרים,60.00,"מ""ל",false,,3.90,0.0650,true,1,1325858
54051140,false,מעדן סויה טעם וניל אלפרו רביעיה * 125 ג',הנסיך- מפעל לייצור ט,BE,מעדן סויה בטעם וניל,גרמים,500.00,100 גרם,false,,15.90,0.0318,true,1,1326879
54051157,false,מעדן סויה טעם שוקו אלפרו רביעיה 125 ג',קריות זול,BE,מעדן סויה בטעם שוקו,גרמים,500.00,100 גרם,false,,15.90,0.0318,true,1,1326880
59013662,false,דאב דאו רולאון קקאו והיביסקוס 50 מל,"יוניליוור אנגליה, דרך קו",GB,דאב דאו רולאון קקאו,מטרים,50.00,100 מ'ל,false,,14.90,0.2980,true,1,3892507
72909799,false,קליק OK במילוי נוגט 35 גר',תות תעשיות מזון (2014) ב,IL,קליק חטיף אוקיי נוגט,גרמים,35.00,100 גרם,false,,3.90,0.1114,true,1,1330928
72917329,false,חטיף אגוזי עלית 45 ג,STRAUSS-ISRAEL,IL,חטיף אגוזי עלית 45 ג,גרמים,45.00,100 גרם,false,,3.90,0.0867,true,1,1327614
72917367,false,טעמי חטיף במילוי קרם נוגט וקרמל,"שטראוס גרופ בע""מ",IL,חטיף שוקולד טעמי עלי,גרמים,40.00,100 גרם,false,,3.90,0.0975,true,1,1327615
72917589,false,חטיף מקופלת עלית 25,"שטראוס גרופ בע""מ",IL,חטיף מקופלת עלית 25,גרמים,25.00,100 גרם,false,,3.90,0.1560,true,1,1327616
72940754,false,"מילקי מעדן וניל עם קצפת שטראוס 133 מ""ל","שטראוס גרופ בע""\מ",IL,מילקי מעדן וניל עם ק,מיליליטרים,133.00,"100 מ""ל",false,,2.70,0.0203,true,1,1341699
72940761,false,"מילקי מעדן שוקולד עם קצפת שטראוס 133 מ""ל",מיוצר עי קונדיטוריית,IL,מילקי מעדן שוקולד עם,מיליליטרים,133.00,"100 מ""ל",false,,2.70,0.0203,true,1,1341700
72940952,false,מעדן מילקי בטעם שוקולד עם אקסטרה קצפת,"שטראוס גרופ בע""\מ",IL,מילקי מעדן פי 2 קצפת,מיליליטרים,107.00,"100 מ""ל",false,,3.50,0.0327,true,1,1341701
72940976,false,סלט כרוב אדום אחלה 250 גרם,מיוצר עי קונדיטוריית,IL,סלט כרוב אדום אחלה 2,גרמים,250.00,100 גרם,false,,7.40,0.0296,true,1,1341702
72940983,false,סלט חומוס 250 גר אחל,אחלה - שטראוס,IL,חומוס אחלה 250 גרם,גרמים,250.00,100 גרם,false,,6.90,0.0276,true,1,1341703
72941041,false,מעדן מילקי מיני בטעם שוקולד עם קצפת,"שטראוס גרופ בע""\מ",IL,מילקי מעדן מיני שוקו,מטרים,70.00,100 מ'ל,false,,2.00,0.0286,true,1,1341704
72945308,false,קוביות שמרים לאפיה שמרית 2*25 ג',"פאקא תעשיות בע""\מ",IL,שמרים טריים לאפיה שמ,גרמים,50.00,100 גרם,false,,3.20,0.0640,true,1,1341705
72961209,false,"שמנת חמוצה 15% 200מל בד""צ תנובה",תנובה מרכז שיתופי לש,IL,שמנית 15% 200מל בדצ,מיליליטרים,200.00,"100 מ""ל",false,,2.20,0.0110,true,1,1325249
72961223,false,"גילה 3% תנובה 200 מ""ל",תנובה מרכז שיתופי לש,IL,גיל 3% 200מל בדצ,מיליליטרים,200.00,"100 מ""ל",false,,1.40,0.0070,true,1,1325251
72961506,false,יוגורט עם תות 1.5% שומן 125 ג' פרילי,מיוצר עי קונדיטוריית,IL,פרילי תות גביע 125 ג,מיליליטרים,125.00,"100 מ""ל",false,,3.30,0.0264,true,1,1325252
72961520,false,"פרילי יוגורט עם אננס 1.5% תנובה 125 מ""ל",מיוצר עי קונדיטוריית,IL,פרילי יוגורט עם אננס,מיליליטרים,125.00,"100 מ""ל",false,,3.30,0.0264,true,1,1325254
72961544,false,"באדי יוגורט בטעם תות שדה 3% תנובה 125 מ""ל",מחלבת אלון תבור,IL,באדי יוגורט בטעם תות,מיליליטרים,125.00,"100 מ""ל",false,,2.90,0.0232,true,1,1325255
72963753,false,שמנת אורגינל של פעם 27% שומן 200 ג' תנובה,תנובה מרכז שיתופי לש,IL,שמנת אורגינל של פעם,מיליליטרים,200.00,"100 מ""ל",false,,3.90,0.0195,true,1,1325261
72964132,false,פרילי טבע יוגורט עם גרנולה 200 גרם,מיוצר עי קונדיטוריית,IL,פרילי עם גרנולה 1.5%,מיליליטרים,200.00,"100 מ""ל",false,,4.70,0.0235,true,1,1325263
72964422,false,יוגורט פרחים 4.5% שומן 200 גרם,מחלבת תנובה,IL,יוגורט לבן 4.5% תנוב,מיליליטרים,200.00,"100 מ""ל",false,,2.60,0.0130,true,1,1325264
72983225,false,מעדן מילקי הפוך 11% 170מ,"שטראוס גרופ בע""\מ",IL,מילקי מעדן חלב שוקול,מיליליטרים,122.00,"100 מ""ל",false,,3.50,0.0287,true,1,1341707
72986233,false,באדי מעדן וניל גביע 1.5%שומן 125 גרם בדצ,מחלבת אלון תבור,IL,"באדי וניל בד""צ 125מל",מיליליטרים,125.00,"100 מ""ל",false,,2.90,0.0232,true,1,1325265
72986240,false,באדי מעדן חלב בטעם שוקולד תנובה 125 גרם,מחלבת אלון תבור,IL,"באדי שוקו בד""צ 125מל",מיליליטרים,125.00,"100 מ""ל",false,,2.90,0.0232,true,1,1325266
72986370,false,"גלידת בן & ג'ריס פיינטים וניל 500מ""ל",מוצרי איכות אמריקאיים,IL,גלידה וניל בן אנד ג',מיליליטרים,500.00,"100 מ""ל",false,,18.90,0.0378,true,1,1336352
72986424,false,"גלידת בן & ג'ריס פיינטים קרם עוגיות 500מ""ל",מוצרי איכות אמריקאיים בע,IL,גלידת פיינטים קרם עו,מיליליטרים,420.00,"100 מ""ל",false,,18.90,0.0450,true,1,1336353
72986448,false,"גלידת בן & ג'ריס פיינטים טופי קראנץ 500מ""ל",מוצרי איכות אמריקאיים בע,IL,גלידה טופי קראנץ' בן,מיליליטרים,500.00,"100 מ""ל",false,,18.90,0.0378,true,1,1336354
72986455,false,"ניו יורק סופר גלידת שוקולד, חתיכות פאדג' ואגוזים",מוצרי איכות אמריקאיים בע,IL,גלידה ניו יורק סופר,מיליליטרים,500.00,"100 מ""ל",false,,18.90,0.0378,true,1,1336355
72986479,false,"צ'אנקי מנקי גלידת וניל, בננות, חתיכות פאדג' ואגוזים",מוצרי איכות אמריקאיים בע,IL,גלידה צ'אנקי מאנקי ב,מיליליטרים,500.00,"100 מ""ל",false,,18.90,0.0378,true,1,1336356
72989425,false,"גלידת בן & ג'ריס פיינטים שוקולד בראוניז 500מ""ל",מוצרי איכות אמריקאיים בע,IL,גלידה שוקולד בראוניס,מיליליטרים,500.00,"100 מ""ל",false,,18.90,0.0378,true,1,1336357
72991008,false,חטיף פסק זמן במילוי ופל מגולגל 45 גרם,"שטראוס גרופ בע""מ",IL,פסק זמן חלב מגדים 45,גרמים,45.00,100 גרם,false,,4.90,0.1089,true,1,1327622
72991886,false,"גלידת דולצ'ה בטעם ריבת חלב עם פאדג' בן וג'ירי 500 מ""ל",מוצרי איכות אמריקאיים בע,IL,גלידה דולצ'ה דה לצה,מיליליטרים,750.00,"100 מ""ל",false,,18.90,0.0252,true,1,1336358
72993637,false,מעדן חלב בטעם שוקולד 125 ג' דני,"שטראוס גרופ בע""\מ",IL,דני בטעם שוקולד 1.5%,מיליליטרים,125.00,"100 מ""ל",false,,2.50,0.0200,true,1,1341713
72994221,false,פסק זמן גלילית אגוזים מגדים,שטראוס גרופ,,פסק זמן גלילית אגוזי,גרמים,40.00,100 גרם,false,,4.90,0.1225,true,1,1327629
80042556,false,POLPA עגבניות חתוכות דק 400 גרם MUTTI,"איי, בי, אינבוו",IT,שימורי עגבניות חתוכו,גרמים,400.00,100 גרם,false,,5.90,0.0148,true,1,3891448
80042563,false,רסק עגבניות MUTTI{צהוב} 700 גרם,"איי, בי, אינבוו",IT,מחית עגבניות קלה 700,גרמים,700.00,100 גרם,false,,10.70,0.0153,true,1,3887078
80050025,false,סוכריות טיק טק תפוז 16 גרם,פררו - אלבה,ZA,טיק טק תפוז 16 גרם,גרמים,16.00,100 גרם,false,,2.90,0.1812,true,1,1336841
80050124,false,סוכריות טיק טק מנטה 16 גרם,פררו - אלבה,ZA,טיק טק מנטה 16 גרם,גרמים,16.00,100 גרם,false,,2.90,0.1812,true,1,1336842
80052760,false,קינדר בואנו Kinder Bueno עם חלב ואגוזי לוז,פררו - אלבה,PL,שוקולד קינדר בואנו 4,גרמים,43.00,100 גרם,false,,3.40,0.0791,true,1,1336850
80052883,false,סוכריות טיק טק מנטה חזק 16 גרם,צ'וקטה,ZA,טיק טק מנטה חזק 16 ג,גרמים,16.00,100 גרם,false,,2.90,0.1812,true,1,3894937
80136194,false,חטיפי הפי היפו Happy Hippo במילוי קרם חלבי ואגוזי לוז,קינדר Kinder,DE,הפי היפו אגוז 5*20ג,גרמים,100.00,100 גרם,false,,11.50,0.1150,true,1,3844974
80176800,false,נוטלה ממרח שוקולד 750 גרם,פררו תעשיות איטליה ס,IT,ממרח נוטלה 750 גרם,גרמים,750.00,100 גרם,false,,24.70,0.0329,true,1,1336853
80177173,false,ממרח שוקולד נוטלה 350 גרם,פררו - אלבה,IT,ממרח נוטלה 350 גרם,גרמים,350.00,100 גרם,false,,12.90,0.0369,true,1,1336855
80177609,false,אצבעות שוקולד קינדר Kinder ארבע יחידות,פררו - אלבה,IT,אצבעות קינדר שוקולד,גרמים,50.00,100 גרם,false,,3.40,0.0680,true,1,1336859
80177616,false,אצבעות שוקולד קינדר Kinder שמונה יחידות,פררו - אלבה,IT,אצבעות קינדר שוקולד,גרמים,100.00,100 גרם,false,,6.80,0.0680,true,1,1336860
80310167,false,קינדר שוקולד מקסי 126 גר,קינדר,DE,קינדר שוקולד מקסי 12,גרמים,126.00,100 גרם,false,,9.50,0.0754,true,1,3880792
80761761,false,קינדר בואנו לבן בודד 39 גרם,ליימן שליסל,PL,קינדר בואנו לבן בודד,גרמים,43.00,100 גרם,false,,3.40,0.0791,true,1,1336864
80762362,false,מסטיק מנטוס וויט בטעם מנטה אקליפטוס,פרפטי ואן מלה,TR,מסטיק מנטוס וויט מנט,גרמים,60.00,100 גרם,false,,8.80,0.1467,true,1,2571094
80768258,false,קינדר ג'וי Joy ביצת הפתעה ורוד,פררו - אלבה,ZA,ביצת קינדר ג'וי 20 ג,גרמים,20.00,100 גרם,false,,4.90,0.2450,true,1,1336867
80769699,false,מנטוס וויט בטעם פירות-מנטה 40 יח,הדקלאים אגודת שיתופי,TR,מסטיק מנטוס וויט מנט,גרמים,60.00,100 גרם,false,,8.80,0.1467,true,1,1336868
80773429,false,מנטוס בקבוק מעוגל - מסטיק ללא סוכר בטעם תות 60 גרם,"פרפטי ואן מלה ג'\ידה,סאן",TR,מסטיק מנטוס פיור פרש,גרמים,60.00,100 גרם,false,,8.80,0.1467,true,1,3857152
80773443,false,מנטוס בקבוק מעוגל - מסטיק ללא סוכר בטעם מנטה 60 גרם,"פרפטי ואן מלה ג'\ידה,סאן",TR,מסטיק מנטוס מעוגל 60,גרמים,60.00,100 גרם,false,,8.80,0.1467,true,1,3155305
80780595,false,מסטיק מנטוס ביג בבקבוק מעוגל טעם מנטה-עדינה 90 ג',פרפטי ואן מלה הולנד,TR,מסטיק מנטוס ביג מעוג,גרמים,90.00,100 גרם,false,,16.90,0.1878,true,1,3155307
80790990,false,מסטיק מנטוס בבקבוק מעוגל בטעם פירות -מנטה 60 ג',"פרפטי ואן מלה ג'\ידה,סאן",TR,מסטיק מנטוס מעוגל 60,גרמים,60.00,100 גרם,false,,8.80,0.1467,true,1,3155308
80828174,false,מסטיק מנטוס וויט בטעם מנטה מתוקה,"פרפטי ואן מלה ג'ידה,סאן",TR,מסטיק מנטוס וויט מנט,גרמים,60.00,100 גרם,false,,8.80,0.1467,true,1,1336874
80831402,false,סוכריות מנטוס מנטה עדינה 30 יח' ללא סוכר CLEAN BREATH,פרפטי ואן מלה,NL,מנטוס סוכריות מנטה ע,יח',1.00,יח',false,,6.90,6.9000,true,1,3885212
80843184,false,מנטוס מסטיק פיור פרש בטעם ענבים 60גר,פרפטי ואן מלה הולנד,TR,מסטיק מנטוס פיור פרש,גרמים,60.00,100 גרם,false,,8.80,0.1467,true,1,3893026
80850885,false,מסטיק מנטוס -מנטוס וויט מנטה עדינה,פרפטי ואן מלה ברדה,TR,מסטיק מנטוס וויט מנט,גרמים,60.00,100 גרם,false,,8.80,0.1467,true,1,1336878
80854753,false,סוכריות מנטוס מנטה 30 יח' ללא סוכר CLEAN BREATH,פרפטי ואן מלה,NL,מנטוס סוכריות מנטה ל,יח',1.00,יח',false,,6.90,6.9000,true,1,3885213
80864295,false,סוכריות פיור וויט טעם מנטה עדינה 60 ג' מנטוס,"פרפטי ואן מלה ג'ידה,סאן",TR,מסטיק מנטוס פיור ווי,גרמים,78.00,100 גרם,false,,8.80,0.1128,true,1,3890344
80896081,false,מנטוס בקבוק מעוגל - מסטיק ללא סוכר בטעם אבטיח 60 גרם,"פרפטי ואן מלה ג'\ידה,סאן",TR,מסטיק מנטוס פיור פרש,גרמים,90.00,100 גרם,false,,8.80,0.0978,true,1,3857153
80913467,false,מנטוס בקבוק מעוגל - מסטיק ללא סוכר בטעם מנטה,פרפטי ואן מלה הולנד,TR,מסטיק מנטוס מעוגל 60,גרמים,60.00,100 גרם,false,,8.80,0.1467,true,1,3155310
80936848,false,סוכריות טיק טק תות שדה 24 יח',ליימן-שליסל,ZA,טיק טק בודד תות שדה,גרמים,16.00,100 גרם,false,,2.90,0.1812,true,1,1336886
80945468,false,סוכריות פיור וויט טעם מנטה מתוקה 60 ג' מנטוס,"פרפטי ואן מלה ג'ידה,סאן",TR,מסטיק מנטוס פיור ווי,גרמים,78.00,100 גרם,false,,8.80,0.1128,true,1,3890345
80974215,false,מסטיק מנטוס פיור פרש בבקבוק ביג בטעם תות 90ג',"פרפטי ואן מלה ג'ידה,סאן",TR,מסטיק מנטוס ביג תות,יח',1.00,יח',false,,16.90,16.9000,true,1,3857156
80974482,false,קינדר ג'וי Joy ביצת הפתעה כחול,פררו - אלבה,ZA,ביצת קינדר ג'וי 20 ג,גרמים,20.00,100 גרם,false,,4.90,0.2450,true,1,1336891
80979128,false,מנטוס מסטיק בקבוק מעוגל בטעם דובדבן,פרפטי ואן מלה הולנד,TR,מסטיק מנטוס פיור פרש,גרמים,60.00,100 גרם,false,,8.80,0.1467,true,1,3893030
80982470,false,מסטיק מנטוס פיור פרוסט בטעם מנטה חזק 60 גר',פרפטי ואן מלה ברדה,TR,מנטוס מסטיק פיור פרו,גרמים,60.00,100 גרם,false,,8.80,0.1467,true,1,3893031
87108538,false,סוכריות בטעם תות מנטוס 37.5 גרם,הדקלאים אגודת שיתופי,NL,סוכריות בטעם תות מנט,גרמים,37.50,100 גרם,false,,2.80,0.0747,true,1,1336894
87108651,false,סוכריות בטעם מנטה מנטוס 4*37.5 גרם,הדקלאים אגודת שיתופי,NL,סוכריות בטעם מנטה מנ,גרמים,150.00,100 גרם,false,,10.90,0.0727,true,1,1336895
87108712,false,סוכריות בטעם פירות מנטוס 4*37.5 גרם,פרפטי ואן מלה ברדה,NL,סוכריות בטעם פירות מ,גרמים,150.00,100 גרם,false,,10.90,0.0727,true,1,1336896
87311396,false,מנטוס ריינבאוו סוכריות לעיסה בטעמי פירות,פרפטי ואן מלה ברדה,NL,מנטוס ריינבואו בודד,גרמים,37.50,100 גרם,false,,2.80,0.0747,true,1,1336900
87354041,false,סוכריות מנטוס גליל בטעם דובדבן,פרפטי ואן מלה,NL,סוכריות מנטוס לעיסה,יח',1.00,יח',false,,2.90,2.9000,true,1,3893032
88888275,true,אוכל מוכן,,,אוכל מוכן,,0.00,,false,,0.00,0.0000,true,1,3909778
90087011,false,מיץ תפוחים 100% קרטונית ראוך,Rauch fruchtsafte gm,HU,מיץ תפוחים 1 ל' 12XR,ליטרים,1.00,ליטר,false,,10.90,10.9000,true,1,1326204
90087066,false,מיץ תפוזים 100% טבעי 1 ל' RAUCH,ראוך Rauch,HU,מיץ תפוזים ראוך 100%,יח',1.00,יח',false,,10.90,10.9000,true,1,1326205
90087271,false,נקטר אוכמניות 1 ליטר קרטונית ראוך,Rauch fruchtsafte gm,,נקטר אוכמניות שחורות,100 מל,1.00,100 מל,false,,10.90,10.9000,true,1,1326206
90087769,false,מיץ אננס 100% קרטונית ראוך,Rauch fruchtsafte gm,HU,מיץ אננס 12XHAPPY DA,ליטרים,1.00,ליטר,false,,10.90,10.9000,true,1,1326208
90087806,false,מיץ אשכוליות ראוך 100% 12X,ראוך Rauch,AT,מיץ אשכוליות ראוך 10,יח',1.00,יח',false,,10.90,10.9000,true,1,1326209
90087974,false,"חומץ תפוחים 5% 750 מֿֿֿֿ""ל 12X",ראוך פרוכטסאפה,AT,חומץ תפוחים 5% 750 מ,מיליליטרים,750.00,"100 מ""ל",false,,11.70,0.0156,true,1,1326210
90162602,false,רד בול משקה אנרגיה פקדון 30 אג,רד בול ג'י.אם.בי. אץ,IL,משקה אנרגיה רד בול 2,מיליליטרים,250.00,"100 מ""ל",false,,5.90,0.0236,true,1,3868617
90162800,false,רד בול משקה אנרגיה ללא סוכר פקדון 30 אג,רד בול ג'י.אם.בי. אץ,AT,משקה אנרגיה רד בול ל,מיליליטרים,250.00,"100 מ""ל",false,,5.90,0.0236,true,1,3868618
8112100298,false,"שמן שומשום טהור מזרח ומערב 185 מ""ל",Flavor full foods in,TW,שמן שומשום טהור 185,מיליליטרים,185.00,"100 מ""ל",false,,14.50,0.0784,true,1,1341450
9800800056,false,חטיף שוקולד עם מקלות לחם אנד גו,פררו - אלבה,DE,נוטלה אנד גו 52 ג,יח',1.00,יח',false,,4.90,4.9000,true,1,1336903
10900678148,false,דיאמונד רדיד אלומיניום נון סטיק,דיימונד,CN,דיימונד רדיד אלומניו,יח',1.00,יח',false,,14.90,14.9000,true,1,3898014
10900681193,false,M דיימונד שקיות אשפה חזקות במיוחד 14 יח,דיימונד,ZA,שקיות אשפה חזקות M,יח',1.00,יח',false,,15.90,15.9000,true,1,3904779
11210006508,false,רוטב פלפל הבנרו חריף טבסקו 60 מל,מקאילהייני Mc.Ilhenn,US,טבסקו אקסרא חריף הבנ,מטרים,60.00,100 מ'ל,false,,14.90,0.2483,true,1,1334826
11210007253,false,"רוטב ""טבסקו"" על בסיס פלפל אדום ושום 60 מ""ל",מקאילהייני אייבורי,US,רוטב שום ופלפל טבסקו,מטרים,60.00,100 מ'ל,false,,9.80,0.1633,true,1,1334827
11210009387,false,"רוטב ""טבסקו"" על בסיס פלפל ירוק חריף 60 מ""ל",מקאילהייני אייבורי,US,רוטב פלפל ירוק טבסקו,מטרים,60.00,100 מ'ל,false,,9.80,0.1633,true,1,1334828
11210607040,false,טבסקו פלפל צפוטלי חריף 60 מל,מקאילהייני Mc.Ilhenn,US,טבסקו מעושן צ'יפוטלי,מטרים,60.00,100 מ'ל,false,,9.90,0.1650,true,1,1334829
16000185517,false,דגני בוקר פייבר וואן עתירי סובין FIBRE1,בטר אנד דיפרנט,US,פייבר וואן 555 גרם,גרמים,555.00,100 גרם,false,,24.80,0.0447,true,1,3900057
16000423534,false,חטיפי גרנולה קראנצ'י עם שיבולת שועל ושוקולד מריר נייצ'ר ואלי 5*42 גרם,ג'נרל מילס סאן אדריאן,ES,חטיפי גרנולה קראנצ'י,גרמים,210.00,100 גרם,false,,14.90,0.0710,true,1,1336907
16000548404,false,חטיפי גרנולה קראנצ'י עם שיבולת שועל ודבש נייצ'ר ואלי 5*42 גרם,ג'נרל מילס סאן אדריאן,ES,חטיפי גרנולה קראנצ'י,גרמים,210.00,100 גרם,false,,14.90,0.0710,true,1,1336913
16000548503,false,חטיפי גרנולה קראנצ'י עם מייפל וסוכר חום נייצ'ר ואלי 5*42 גרם,ג'נרל מילס סאן אדריאן,ES,חטיפי גרנולה קראנצ'י,גרמים,210.00,100 גרם,false,,14.90,0.0710,true,1,1336915
16000548602,false,חטיפי גרנולה קראנצ'י קינמון נייצ'ר ואלי 5*24 גרם,ג'נרל מילס סאן אדריאן,ES,חטיפי גרנולה קראנצ'י,גרמים,210.00,100 גרם,false,,14.90,0.0710,true,1,1336917
16000548909,false,חטיפי גרנולה קראנצ'י במגוון טעמים נייצ'ר ואלי 5*42 גרם,ג'נרל מילס סאן אדריאן,ES,חטיפי גרנולה קראנצ'י,גרמים,210.00,100 גרם,false,,14.90,0.0710,true,1,1336918
16229924263,false,"ארוי-די קרם קוקוס 250 מ""ל",תאי אגרי פוד פובליק קו'\,TH,קרם קוקוס 250 מל,מיליליטרים,250.00,"100 מ""ל",false,,9.80,0.0392,true,1,3834817
18000701223,false,"פילסברי, עוגה בטעם שוקולד, תערובת להכנת עוגה בטעם שוקולד. 500 גרם",הדקלאים אגודת שיתופי,IL,תערובת להכנת עוגת שו,גרמים,500.00,100 גרם,false,,15.90,0.0318,true,1,1336920
18000703494,false,"פילסברי, עוגה בטעם וניל, תערובת להכנת עוגה בטעם וניל. 500 גרם.",הדקלאים אגודת שיתופי,IL,תערובת להכנת עוגת ונ,גרמים,500.00,100 גרם,false,,15.90,0.0318,true,1,1336921
21200513152,false,"שלישיית ספוגי קרצוף עדינים ""סקוטש ברייט""",3M קנדה,CA,סקוטש ברייט ספוג קרצ,יח',1.00,יח',false,,14.90,14.9000,true,1,1335717
21200572357,false,שלישיית ספוגי קרצוף לניקוי חזק (ירוקים),M3,CA,סקוטש ברייט שלישייה,יח',1.00,יח',false,,14.90,14.9000,true,1,1335718
21231828263,false,מיקס פירות טרופיים מוקפא 500ג רמילוי,,,מיקס פירות טרופיים מ,גרמים,500.00,100 גרם,false,,14.90,0.0298,true,1,3896573
21231828287,false,דומדמניות אדומות קפואות 500ג רמילוי,,,דומדמניות אדומות קפו,גרמים,500.00,100 גרם,false,,14.90,0.0298,true,1,3896575
21231828294,false,חתיכות אננס מוקפא 500ג רמילוי,,,חתיכות אננס מוקפא 50,גרמים,500.00,100 גרם,false,,16.90,0.0338,true,1,3896576
21231829208,false,דובדבן חמוץ מגולען קפוא 500ג רמילוי,,,דובדבן חמוץ מגולען ק,גרמים,500.00,100 גרם,false,,16.90,0.0338,true,1,3896577
21231829215,false,תות שדה מוקפא 500ג רמילוי,,,תות שדה מוקפא 500ג ר,גרמים,500.00,100 גרם,false,,16.90,0.0338,true,1,3896578
21723339994,false,"רוטב דגים 300מ""ל (טיפרוס) (כ)",טאנג סאנג ראר קי,TH,"רוטב דגים 300מ""ל (טי",מיליליטרים,300.00,"100 מ""ל",false,,9.40,0.0313,true,1,1341451
22200956932,false,דאודורנט ספיד סטיק גל 24/7 כחול 85 גר,הנסיך- מפעל לייצור ט,US,דאודורנט 24/7 ג'ל כח,גרמים,51.00,100 גרם,false,,16.90,0.3314,true,1,1326881
22200956949,false,דאודורנט ג'ל כתום לגבר ספיד סטיק 85 גרם,קולגייט-פלמוליב,US,דאודורנט ג'ל כתום לג,גרמים,51.00,100 גרם,false,,16.90,0.3314,true,1,1326882
25700005674,false,זיפלוק שקיות אחסון סליידר גדולות 15 יחידות,אס.סי.ג'\ונסון מידרכט,US,זיפלוק שקיות אחסון ס,יח',1.00,יח',false,,15.80,15.8000,true,1,3894288
25700005681,false,זיפלוק שקיות אחסון סליידר בינוניות 20 יחידות,אס.סי גונוסון,US,זיפלוק שקיות אחסון ס,יח',1.00,יח',false,,15.80,15.8000,true,1,3894289
25700005698,false,זיפלוק שקיות אחסון בינוניות 24 יחידות,אס.סי.גונסון ובניו,US,זיפלוק שקיות אחסון ב,יח',1.00,יח',false,,12.90,12.9000,true,1,3894290
30000315958,false,קוואקר פרוטאין בננה אגוזים 366 גרם,קוואקר אוטס קומפני,US,קוואקר פרוטאין בננה,גרמים,366.00,100 גרם,false,,20.90,0.0571,true,1,3868376
33617000026,false,קרקר ואזה 203-275 גרם מקמח מלא 260,כלורוקס אוקלנד,SE,וואזה מקמח מלא 260גר,גרמים,260.00,100 גרם,false,,13.90,0.0535,true,1,1323768
34000148301,false,הרשי נטיפי שוקולד מריר לאפייה 340 גר,ליימן מותגים,US,הרשי נטיפי שוקולד מר,גרמים,340.00,100 גרם,false,,18.60,0.0547,true,1,3216852
34000196173,false,הרשי טבלה XL בטעם שוקולד לבן עם שברי עוגיות 113 גרם,ליימן מותגים,US,הרשיז קוקיס אנד קרים,גרמים,113.00,100 גרם,false,,7.50,0.0664,true,1,1336935
34000312177,false,הרשי סירופ בטעם שוקולד 680 גרם,ליימן מותגים,US,הרשי סירופ שוקולד 68,מיליליטרים,680.00,"100 מ""ל",false,,17.90,0.0263,true,1,1336937
34000544028,false,סוכריות ארוכות בטעם תות טוויזלרס Twizzlers,ליימן מותגים,US,טוויזלרס ממתק תות 19,גרמים,198.00,100 גרם,false,,6.90,0.0348,true,1,1336940
34000544431,false,ממתקי הרשיז טוויזלרס טעם דובדבן 172 גרם,ליימן מותגים,US,טוויזלרס ממתק טעם דו,גרמים,172.00,100 גרם,false,,8.90,0.0517,true,1,1334835
35000458476,false,קולגייט מברשת שיניים ילדים מארז רביעייה,קולגייט פלמוליב,VN,קולגייט מברשת ילדים,יח',1.00,יח',false,,17.90,17.9000,true,1,3875352
36000183399,false,בגד ים חד פעמי ליטל סווימרס M 7-15 kg,חוגלה קימברלי,CZ,בגד ים חד פעמי S האג,יח',12.00,יח',false,,29.90,2.4917,true,1,1337664
36000516890,false,ממחטות אף עם אלוורה + ויטמין E תלת שכבתי,חוגלה קימברלי,US,קלינקס לושן 3שכבות,יח',1.00,יח',false,,14.90,14.9000,true,1,3879537
37600207188,false,חמאת בוטנים קלאסי סקיפי 462 גרם,חברת המזון אלגוד,US,חמאת בוטנים סקיפי קלאסי 4,גרמים,462.00,100 גרם,false,,17.90,0.0387,true,1,1336409
37600207256,false,חמאת בוטנים עם שברי בוטנים סקיפי 462 גרם,חברת המזון אלגוד,US,חמאת בוטנים סקיפי עם שברי,גרמים,462.00,100 גרם,false,,17.90,0.0387,true,1,1336410
37600207287,false,סקיפי חמאת בוטנים בטעם דבש 462 גרם,חברת המזון אלגוד.,US,חמאת בוטנים סקיפי עם דבש,גרמים,462.00,00000000000000000גרם,false,,17.90,0.0387,true,1,1336411
38000138638,false,חטיף צ'יפס פרינגלס פיצה 158 גרם,פרינגלס מנופקצ'ורינג קונ,US,חטיף צ'יפס פרינגלס פ,גרמים,158.00,100 גרם,false,,8.90,0.0563,true,1,2616939
38000138720,false,חטיף צ'יפס פרינגלס ראנץ 158 גרם,פרינגלס מנופקצ'ורינג קונ,US,חטיף צ'יפס פרינגלס ר,גרמים,158.00,100 גרם,false,,8.90,0.0563,true,1,3868621
38000138874,false,פרינגלס חלפינו 158 גרם,פרינגלס מנופקצ'ורינג קונ,US,חטיף צ'יפס פרינגלס ח,גרמים,158.00,100 גרם,false,,7.90,0.0500,true,1,2616940
38000183690,false,חטיף צ'יפס פרינגלס מידי ברביקיו 71 גרם,פרינגלס מנופקצ'ורינג,US,חטיף צ'יפס פרינגלס מ,גרמים,71.00,100 גרם,false,,4.90,0.0690,true,1,3868622
38000183928,false,פרינגלס חרדל ודבש 158 גרם,פרינגלס מניופקצ'ורינ,US,פרינגלס חרדל ודבש 15,גרמים,158.00,100 גרם,false,,8.90,0.0563,true,1,3892972
38000232169,false,פרינגלס מידי אורגינל 67 גרם.,פרינגלס מנופקצ'ורינג קונ,US,פרינגלס מידי אורגינל,גרמים,67.00,100 גרם,false,,4.90,0.0731,true,1,3883544
38000232176,false,פרינגלס ביג שמנת בצל 158 גרם,פרינגלס מנופקצ'ורינג קונ,US,פרינגלס ביג שמנת בצל,גרמים,158.00,100 גרם,false,,8.90,0.0563,true,1,3884234
38000232183,false,פרינגלס ביג אורגינל 149 גרם,פרינגלס מנופקצ'ורינג קונ,US,פרינגלס ביג אורגינל,גרמים,149.00,100 גרם,false,,7.90,0.0530,true,1,3884235
38000845253,false,חטיף צ'יפס פרינגלס מידי שמנת בצל 71 גרם,פרינגלס מנופקצ'ורינג קונ,US,חטיף צ'יפס פרינגלס מ,גרמים,71.00,100 גרם,false,,4.90,0.0690,true,1,1573521
38527591053,false,קואקר דגנים מרובעים שיבולת שועל וקינמון,קוואקר אוטס קומפני,US,דגני בוקר מרובעים קי,גרמים,411.00,100 גרם,false,,18.90,0.0460,true,1,1335259
38527591060,false,דגני קוואקר מרובעים Quaker Squares עם סוכר חום,קוואקר אוטס קומפני,US,דגני בוקר מרובעים קו,גרמים,411.00,100 גרם,false,,18.90,0.0460,true,1,1335260
40000512943,false,סוכריות אם אנד אמס M&M שוקולד חלב,M&M אם אנד אם,US,אם אנד אם שוקולד 303,גרמים,303.00,100 גרם,false,,19.90,0.0657,true,1,3871775
40000513056,false,מ&מ חמאת בוטנים 300 גרם,General,US,אם אנד אם בוטנים 303,גרמים,303.00,100 גרם,false,,19.90,0.0657,true,1,3871776
40000513568,false,סוכריות אם אנד אמס M&M שוקולד חלב,M&M אם אנד אם,US,אם אנד אם שוקולד 156,גרמים,155.00,100 גרם,false,,9.90,0.0639,true,1,3267885
40000513582,false,עדשים מ&מ'ס בוטנים 156 ג,מארס,US,אם אנד אם בוטנים 156,גרמים,155.90,100 גרם,false,,9.90,0.0635,true,1,3267886
40000514480,false,M&M אריזה קטנה's שוקולד אריזה קטנה 48 גרם,M&M אם אנד אם,US,אם אנד אם שוקו 48 גר,גרמים,48.00,100 גרם,false,,4.70,0.0979,true,1,2190782
40000514510,false,M&M אריזה קטנה's בוטנים אריזה קטנה 49 גרם,M&M אם אנד אם,US,אמ אנד אם חטיף בוטני,גרמים,49.00,100 גרם,false,,4.70,0.0959,true,1,1978810
41390010309,false,"רוטב טריאקי קיקומן 444 מ""ל",קיקומן פודז אינק,US,"רוטב טריאקי 444 מ""ל",מיליליטרים,444.00,"100 מ""ל",false,,19.80,0.0446,true,1,1336426
44600300580,false,כלורוקס קלין אפ פרש נוזל לניקוי רב תכלית,כלורוקס אוקלנד,US,כלורוקס קלין אפ מרסס,מיליליטרים,946.00,"100 מ""ל",false,,19.90,0.0210,true,1,3891314
44600320717,false,פחם קינגספורד אטרגינ,כלורוקס אוקלנד,US,פחם אורגינל 3.6 קג,יח',1.00,יח',false,,49.90,49.9000,true,1,3891789
44600320977,false,פחם קינגספורד מצלייט 3.6 קג,כלורוקס אוקלנד,US,פחם קינגספורד 3.6 קג,יח',1.00,יח',false,,54.90,54.9000,true,1,3891790
46214372250,false,"עוגיות שטרודל פריכות תפו""ע וצימוקים",מרבה Merba,NL,עוגיות שטרודל תפוח ע,גרמים,200.00,100 גרם,false,,7.90,0.0395,true,1,1326887
46214382259,false,עוגיות בראוניס שוקולד 225 ג',בנקטבקריי מרבה בי.וי,NL,עוגיות בראוניס מרבה,גרמים,200.00,100 גרם,false,,7.90,0.0395,true,1,1326888
46214731552,false,עוגיות שוקולד צ'יפס 37% גודיס 225 גרם,קריניציה ויטמינה אס,NL,עוגיות שוקולד צ'יפס,גרמים,225.00,100 גרם,false,,7.90,0.0351,true,1,1326889
48256214758,false,מסיר כתמים קשים לכביסה לבנה וצבעונית,יעקבי- אסטוניש Astonish,GB,אסטוניש אבקת הפלא לה,לקג,1.00,לקג,false,,19.90,19.9000,true,1,1334989
49568010342,false,ממרח טבעוני לסנדוויץ סלט,ארת' איילנד,US,מיונז טבעונית 340 גר,גרמים,340.00,100 גרם,false,,23.90,0.0703,true,1,3887090
49568200347,false,ממרח טבענ.מופחת שומן340ג,ארת' איילנד,US,מיונז טבעונית מופחת,גרמים,340.00,100 גרם,false,,23.90,0.0703,true,1,3887091
50000015474,false,"מזון חתולים פריסקיז מעדני הים 1.43 ק""ג",פריסקיז,US,"פריסקיז דגים 1.42 ק""",קילוגרמים,1.40,"ק""ג",false,,34.90,24.9286,true,1,1328958
50000100347,false,"פריסקיז - מעדני החתול מועשר בחלב 1.40 ק""ג",נסטלה פורינה USA מק,US,פריסקיז מעדני החתול,קילוגרמים,1.40,"ק""ג",false,,34.90,24.9286,true,1,1328964
50000168583,false,"מזון חתולים פריסקיז אקסטרא קראנץ 1.43 ק""ג",פריסקיז,US,פריסקיז אקסטרא קראנץ,קילוגרמים,1.40,"ק""ג",false,,34.90,24.9286,true,1,3896121
51500000793,false,קונפיטורת אוכמניות סמקרס,,IL,קונפיטורת אוכמניות 3,גרמים,340.00,100 גרם,false,,14.90,0.0438,true,1,3891791
51500000816,false,קונפיטורת דובדבנים 340 גרם,,,קונפיטורת דובדבנים 3,גרמים,340.00,100 גרם,false,,14.90,0.0438,true,1,3891792
51500000953,false,קונפיטורת תות שדה סמקרס,,IL,קונפיטורת תות 340 גר,גרמים,340.00,100 גרם,false,,14.90,0.0438,true,1,3891793
51500255162,false,"חמאת בוטנים לל""ג JIF אריזת 454ג'",ג'י.אס.קיי קונסיומר,US,גיפ חמאת בוטנים חלקה,גרמים,454.00,100 גרם,false,,17.90,0.0394,true,1,3806454
51500255377,false,"חמאת בוטנים לל""ג JIF ושברי בוטנים 454ג'",ג'יי.אם.סמאקר,US,חמאת בוטנים ושברי בו,גרמים,454.00,100 גרם,false,,17.90,0.0394,true,1,3806455
52100070865,false,"תמצית וניל טהור מקורמיק 29 מ""ל",מקורמיק האנט ואלי,US,תמצית וניל טהור מקור,מטרים,28.00,100 מ'ל,false,,29.90,1.0679,true,1,1332898
52100070995,false,תמצית בטעם וניל מקורמיק 59 גרם,מקורמיק,US,תמצית טעם וניל,יח',1.00,יח',false,,10.90,10.9000,true,1,3880016
55500012046,false,כלורוקס קלין אפ מרסס נוזל לניקוי רב תכלי,כלורוקס אוקלנד,US,"קלין אפ מרסס 946 מ""ל",מיליליטרים,946.00,"100 מ""ל",false,,19.90,0.0210,true,1,1323783
58449870241,false,"שוקו שימפס דגני בוקר natures path לל""ג 284 גרם",נאטשר פאת פוד,US,דגני שוקו שימפס 284ג,גרמים,284.00,100 גרם,false,,23.90,0.0842,true,1,3887097
64144090013,false,פאם תרסיס על בסיס שמן קנולה בטעם חמאה,קונאגרה פודס,US,תרסיס שמן קנולה בטעם,מיליליטרים,148.00,"100 מ""ל",false,,16.90,0.1142,true,1,1336943
64144090020,false,"ספריי שמן PAM בטעם שמן זית 141 מ""ל",קונאגרה פודס,US,תרסיס שמן זית פאם 14,מיליליטרים,141.00,"100 מ""ל",false,,16.90,0.1199,true,1,1336944
64144090051,false,"ספריי שמן PAM קנולה אורגינל 148 מ""ל",קונאגרה פודס,US,תרסיס שמן פאם קנולה,מיליליטרים,148.00,"100 מ""ל",false,,16.90,0.1142,true,1,1336945
70450020873,false,שזיפים מגולענים סנסוויט 500 גרם,סנסוויט גרוורס קליפו,US,שזיפים מגולענים סנסו,גרמים,500.00,100 גרם,false,,24.70,0.0494,true,1,1334865
70970471254,false,מייק לייק - סוכריות ג'לי בינס קרטונית פירות ירוק 141 גרם,ג'\אסט בורן,US,סוכריות גלי פירות 141 גר',גרמים,141.00,100 גרם,false,,8.90,0.0631,true,1,1323785
70970471278,false,מייק לייק - סוכריות ג'לי בינס קרטונית פירות יער כחול 141 גרם,גאסט בורן,US,מייק לייק סוכריות פי,גרמים,141.00,100 גרם,false,,8.90,0.0631,true,1,1323787
70970473562,false,מייק לייק - סוכריות ג'לי בינס קרטונית מגה מיקס 141 גרם,ג'\אסט בורן,US,סוכריות גלי חמוץ בטעמי פי,גרמים,141.00,100 גרם,false,,8.90,0.0631,true,1,2591467
70970473609,false,סוכריות ג'לי מייק&נייק מגה מיקס חמוץ 141 גר',ג'\אסט בורן,US,סוכריות ג'לי מגה מיק,גרמים,141.00,100 גרם,false,,8.90,0.0631,true,1,3866704
73490129919,false,ביסקוויט ביס קסטה הדר 250 גרם,אפיפית נצרת,IL,ביסקוויט ביס קסטה הד,גרמים,250.00,100 גרם,false,,4.50,0.0180,true,1,1341638
73490130410,false,מיץ ענבים גאולה קונקורד לייט 1.89 ליטר,קדם פוד פרודקטסn\,US,מיץ ענבים קונקורד לי,יח',1.00,יח',false,,27.90,27.9000,true,1,3878826
73490151934,false,"מיץ ענבים גאולה קונקורד 650 מ""ל",קדם פוד פרודקטסn\,US,מיץ ענבים גאולה 650,מיליליטרים,650.00,"100 מ""ל",false,,12.90,0.0198,true,1,1356115
73490153419,false,מיץ ענבים קדם גאולה קונקורד 1.89 ליטר,קדם פוד פרודקטסn\,US,מיץ ענבים גאולה 1.89,ליטרים,1.89,ליטר,false,,26.90,14.2328,true,1,1356117
76840002542,false,"גלידת בן & ג'ריס פיינט נטפליקס וצ'ילד 500מ""ל",מוצרי איכות אמריקאיים בע,IL,גלידה בן אנד גירס נט,מיליליטרים,473.00,"100 מ""ל",false,,17.90,0.0378,true,1,3886280
76840002566,false,נטפליקס צילד ללא חלב 417,מוצרי איכות אמריקאיי,US,גלידה נטפליקס צ'ילד,מיליליטרים,473.00,"100 מ""ל",false,,25.50,0.0539,true,1,3886281
76840100156,false,"בן אנד גריס גלידת צרי גרסיה 500 מ""ל",מוצרי איכות אמריקאיים בע,IL,בן גריס צ'רי גרסיה 4,מיליליטרים,473.00,"100 מ""ל",false,,18.90,0.0400,true,1,1336369
76840100583,false,"גלידת וניל עם בצק עוגיות בן וג'ירי 473 מ""ל",מוצרי איכות אמריקאיים בע,IL,גלידה וניל +בצק עוגי,מיליליטרים,473.00,"100 מ""ל",false,,18.90,0.0400,true,1,1336370
76840100989,false,"גלידה בן & גריס שוקולד מרשמלו קרמל ופאדג' 500 מ""ל",מוצרי איכות אמריקאיים בע,IL,בן&גריס גלידה פיש גו,מיליליטרים,454.00,"100 מ""ל",false,,18.90,0.0416,true,1,1336372
76840101542,false,גלידת קרמל סוטרא 428גרם,מוצרי איכות אמריקאיים בע,US,גלידת בן גירס,מיליליטרים,420.00,"100 מ""ל",false,,18.90,0.0450,true,1,1336373
76840102051,false,"גלידת שמנת קרמל וקינמון בן וג'ירי 473 מ""ל",מוצרי איכות אמריקאיים בע,IL,גלידה קינמון באנס בן,מיליליטרים,473.00,"100 מ""ל",false,,18.90,0.0400,true,1,1336374
76840400027,false,"גלידה בטעם שוקולד כשל""פ",מוצרי איכות אמריקאיים בע,IL,גלידה שוקולד בן אנד,מיליליטרים,500.00,"100 מ""ל",false,,18.90,0.0378,true,1,1336380
76840400218,false,"גלידה בן&ג'ריס תות שדה ועוגת גבינה 500מ""ל",מוצרי איכות אמריקאיים בע,IL,עוגת גבינה עם תות שד,יח',1.00,יח',false,,18.90,18.9000,true,1,1336382
76840580767,false,פינט באטרעוגיות טבעוני ל,מוצרי איכות אמריקאיים,US,גלידה חמאת בוטנים לל,מיליליטרים,473.00,"100 מ""ל",false,,25.50,0.0539,true,1,2528725
76840620029,false,גלידת בן אנד ג'ריס בטעם תות שדה,מוצרי איכות אמריקאיים בע,IL,"גלידה בן גירס 500 מ""",מיליליטרים,500.00,"100 מ""ל",false,,18.90,0.0378,true,1,1336383
76840620036,false,"גלידה בן&ג'ריס חצי אפוי משפחתית 500מ""ל",מוצרי איכות אמריקאיים בע,IL,גלידה וניל בן אנד ג',מיליליטרים,500.00,"100 מ""ל",false,,18.90,0.0378,true,1,3837628
77245110610,false,סוכריות מאסט ללא סוכר בטעם מנטה 80 ג'עלית,MIESZKO S.A - MS. JO,PL,סוכריות מנטה ללא תוס,גרמים,80.00,100 גרם,false,,6.90,0.0863,true,1,1327633
77975036976,false,מטבל עגבניות בחריפות עדינה סניידרס 439 ג',סניידרס אוף האנובר,US,מטבל עגבניות בחריפות,גרמים,439.00,100 גרם,false,,16.90,0.0385,true,1,1464734
77975088234,false,בייגלה סניידרס שברים וחלפינו 340ג ',סניידרס אוף האנובר,US,סניידרס שברי בייגלה,גרמים,340.00,100 גרם,false,,14.90,0.0438,true,1,3671415
77975088241,false,סניידרס שברי בייגלה בטעם פיקנטי 340גרם,,AR,סניידרס שברי בייגלה,יח',1.00,יח',false,,14.90,14.9000,true,1,3893039
77975094624,false,"סניידרס סנדוויץ בייגלה במילוי חמאת בוטנים , 226 ג'",סניידרס Snyder's,US,סניידרס שברי בייגלה,יח',1.00,יח',false,,14.90,14.9000,true,1,3893040
77975094631,false,סניידרס סנדוויץ' בייגלה במילוי קרם בטעם צ'דר 226 גרם,סניידרס לאנס,US,בייגלה סנדוויץ גבינה,גרמים,266.00,100 גרם,false,,14.90,0.0560,true,1,3893041
77975094761,false,סניידרס חטיפים על בסיס קמח חיטה בטעם גבינת צ'דר,סניידרס אוף האנובר,US,שברי בייגל בטעם גבינ,גרמים,340.00,100 גרם,false,,14.90,0.0438,true,1,3893042
77975094778,false,שברי בייגלה סניידרס בטעם דבש חרדל 340 גר,סניידרס אוף האנובר,US,שברי בייגל חרדל ודבש,גרמים,340.00,100 גרם,false,,14.90,0.0438,true,1,3893043
78300098393,false,פלייטקס טמפונים סופר פלוס סימפלי גנטל גלייד,פלייטקס מניפאקטורינג בעמ,US,פליטקס טמפונים סופר,יח',18.00,יח',false,,24.10,1.3389,true,1,3870803
78652703075,false,סט 5 קופסאות,,,סט 5 קופסאות,יח',5.00,יח',false,,9.90,1.9800,true,1,3870072
78652961192,false,סלסלת ראטן ארוגה,,,סלסלת ראטן ארוגה,יח',1.00,יח',false,,9.90,9.9000,true,1,3870075
79400461056,false,"אקס - שמפו לגבר 2 ב-1 אפולו 473 מ""ל","יוניליוור ארהב, רייפורד,",US,אקס שמפו ומרכך לגבר,מיליליטרים,400.00,"100 מ""ל",false,,15.90,0.0398,true,1,3879120
84380987649,false,"וודקה פרבדה 750 מ""ל",,,פרבדה 700 מל,יח',1.00,יח',false,,94.90,94.9000,true,1,3883512
85000019498,false,"וודקה ניו אמסטרדם 750 מ""ל",יקבי אי'\ ג'\י גאלו,US,וודקה ניו אמסטרדם 75,מיליליטרים,750.00,"100 מ""ל",false,,49.90,0.0665,true,1,3886317
85696608044,false,טופו ללא גלוטן 349ג' (כ) Morinaga,Morinaga nutritional,US,טופו ללא גלוטן 349ג',גרמים,349.00,100 גרם,false,,12.70,0.0364,true,1,1341458
87752005644,false,"יין מוסקטו ברטנורה 750 מ""ל",מיסזקו אס.איי,IT,ברטונרא מוסקטו 750 מ,מיליליטרים,750.00,"100 מ""ל",false,,44.90,0.0599,true,1,1351934
89041081056,false,שמן סויה בתיבול צילי,Flavor full foods in,TW,שמן צ'ילי 185 מ'ל (כ,מיליליטרים,185.00,"100 מ""ל",false,,10.90,0.0589,true,1,1341459
305213079004,false,"תחליב גוף להזנה עמוקה צהוב וזלין 600 מ""ל","יוניליוור, ג'פרסון סיטי,",US,וזלין תחליב גוף להזנ,מיליליטרים,618.00,"100 מ""ל",false,,19.90,0.0322,true,1,3867800
308910525744,false,אטריות אורז דקות 454 גרם ורמיצ'לי (כ),ליאן תאי רייס,TH,אטריות אורז דקות 454,גרמים,454.00,100 גרם,false,,10.50,0.0231,true,1,1341460
602652257780,false,בי קיינד-חטיף שקדים ומלח ים בציפוי קרמל,שטראוס,US,חטיף בי קיינד שקדים,גרמים,40.00,100 גרם,false,,7.90,0.1975,true,1,3896257
608614327980,false,צלחת דקל מרובעת 25 ס,,,צלחת דקל מרובעת 25 ס,יח',1.00,יח',false,,17.90,17.9000,true,1,3898120
608614331475,false,כרובית ארוזה ביכורי,חקלאי,IL,כרובית ארוזה,יח',1.00,יח',false,,7.61,7.6100,true,1,3863171
638102201416,false,חטיף זון פרוטיפיד תות יוגורט 50 גר,"אבוט נוטרישן, מעבדות",US,חטיף זון יוגורט תות,יח',1.00,יח',false,,13.90,13.9000,true,1,3886595
638102203090,false,חטיף על בסיס חלבון סויה פאדג' גרהם,"אבוט נוטרישן, מעבדות",US,חטיף ZOON פאדג שוקול,יח',1.00,יח',false,,13.90,13.9000,true,1,3880607
638102532930,false,חטיף זון פרפקט שוקול5יח,אדיר סחר,US,זון פרפקט שוקולד 5*5,גרמים,250.00,100 גרם,false,,59.90,0.2396,true,1,3894946
639138513238,false,פילה הרינג מעושן צ'צ'יק 190 גרם,רוג'ין פיש,DE,פילה הרינג מעושן צ'צ,גרמים,190.00,100 גרם,false,,12.30,0.0647,true,1,1334882
645173911038,false,קורנישון מלפפוןן מיני 720 גרם - תומר,קלמן אינדיה פי וי סי,IN,קורנישון מיני 720 גר,גרמים,720.00,100 גרם,false,,8.50,0.0118,true,1,1326214
645692555935,false,מצה עשירה פפושדו מדליון 400 גר',"אחים פפושדו ובניהם בע""\מ",IL,עוגיות יין מדליון פפ,גרמים,350.00,100 גרם,false,,8.90,0.0254,true,1,1330351
645692555942,false,עוג.מצה עשירה יינית 400ג,"אחים פפושדו ובניהם בע""\מ",IL,עוגיות יין יינית מרו,גרמים,400.00,100 גרם,false,,8.90,0.0223,true,1,1330352
645692555959,false,עוג.מצה עשירה פרח קטן400,"אחים פפושדו ובניהם בע""מ",IL,עוגיות יין גונייר פפ,גרמים,400.00,100 גרם,false,,8.90,0.0223,true,1,1330353
645692555973,false,עוג.מצה עשירה שרון400גרם,"אחים פפושדו ובניהם בע""\מ",IL,עוגיות יין שרון פפוש,גרמים,400.00,100 גרם,false,,8.90,0.0223,true,1,1330355
645692556017,false,עוגיות יין פפושדו מצ,מולינו ניקולי s.p.a,IL,עוגיות יין פפושדו מצ,גרמים,300.00,100 גרם,false,,8.90,0.0297,true,1,1330356
645692556024,false,עוג.מצה עשירה חצי מצו300,"אחים פפושדו ובניהם בע""מ",IL,עוגיות יין חצי מצופו,גרמים,300.00,100 גרם,false,,8.90,0.0297,true,1,1330357
645692556413,false,מצה עשירה פרחי אביב350גר,"אחים פפושדו ובניהם בע""\מ",IL,עוגיות יין פרחי אביב,גרמים,350.00,100 גרם,false,,8.90,0.0254,true,1,1330367
649870161536,false,דונאט בפאלו מצופה,נאן טונג,CN,דונאט בפאלו מצופה,יח',1.00,יח',false,,12.90,12.9000,true,1,3881665
649870164551,false,עצם פאפ ברווז פטסלנד,,,עצם פאפ ברווז,יח',1.00,יח',false,,19.90,19.9000,true,1,3885390
649870165695,false,חטיף נייטיב לכלב מקל,,,חטיף נייטיב לכלב,יח',1.00,יח',false,,14.90,14.9000,true,1,3896134
649870165701,false,חטיף נייטיב לכלב סוש,לנגי,CN,חטיף נייטיב לכלב,יח',1.00,יח',false,,14.90,14.9000,true,1,3891443
649870165725,false,חטיף נייטיב לכלב משק,,,חטיף נייטיב לכלב,יח',1.00,יח',false,,14.90,14.9000,true,1,3896136
649870166081,false,נייטיב בקר ברוטבלחתול 85 גר,נייטיב,TH,נייטיב בקר ברוטבלחתו,גרמים,85.00,100 גרם,false,,4.90,0.0576,true,1,3896138
649870166098,false,נייטיב עוף ברוטב חתול 85 גר,נייטיב,TH,נייטיב עוף ברוטב חתו,גרמים,85.00,100 גרם,false,,4.90,0.0576,true,1,3896139
649870166104,false,נייטיב דגים ברוטבלחתול 85 גר,,TH,נייטיב דגים ברוטבלחת,גרמים,85.00,100 גרם,false,,4.90,0.0576,true,1,3896140
649870166111,false,נייטיב כבש ברוטבלחתול 85 גר,נייטיב,TH,נייטיב כבש ברוטבלחתו,גרמים,85.00,100 גרם,false,,4.90,0.0576,true,1,3896141
649870166142,false,נייטיב פטה עוף לגור חתול 85 גר,נייטיב,TH,נייטיב פטה עוף לגור,גרמים,85.00,100 גרם,false,,4.90,0.0576,true,1,3896144
649870166166,false,נייטיב פטה עוף לחתול גור 85 גר,נייטיב,TH,נייטיב פטה עוף לחתול,גרמים,85.00,100 גרם,false,,4.90,0.0576,true,1,3896146
649870166173,false,נייטיב פטה ברווז לחתול 85 גר,נייטיב,TH,נייטיב פטה ברווז לחת,גרמים,85.00,100 גרם,false,,4.90,0.0576,true,1,3896147
649870166180,false,נייטיב פטה סלמון לחתול 85 גר,נייטיב,TH,נייטיב פטה סלמון לחת,גרמים,85.00,100 גרם,false,,4.90,0.0576,true,1,3896148
651080647519,false,קיסמים עם חוט דנטלי פלאקרס מנטה 35 יחידות,"פלקרס רנור ארה""ב",US,"פלאקרס ""פלוסר ""חוט ד",36 יח',1.00,36 יח',false,,9.90,9.9000,true,1,3431898
681131129855,false,"שלוס בירה בלגית 5% פחית 500 מ""ל",מבשלת מרטנס,BE,שלוס קרון בירה 5% פח,מיליליטרים,500.00,"100 מ""ל",false,,5.90,0.0118,true,1,1357966
693493010818,false,"נאצוס - חטיף טורטיה ע""ב תירס בטע 200 גר",או. קיי סניקס,DK,חטיף טורטיה תירס טעם,יח',1.00,יח',false,,12.90,12.9000,true,1,3894351
693493029193,false,ריחן לרכב,,,ריחן לרכב,יח',1.00,יח',false,,5.00,5.0000,true,1,3880049
693493029209,false,ריחן לרכב,,,ריחן לרכב,יח',1.00,יח',false,,5.00,5.0000,true,1,3880050
693493029254,false,ריחן לרכב,,,ריחן לרכב,יח',1.00,יח',false,,5.00,5.0000,true,1,3880055
693493034463,false,סרדין מרוקאי בשמן חמ,אטלנטיק הום סרדינס א,MA,סרדין בשמן חמניות עם,גרמים,125.00,100 גרם,false,,3.90,0.0312,true,1,3887211
693493034470,false,מקרל פילה בשמן חמניות 125 גר,U.P.A,MA,מקרל פילה בשמן חמניו,גרמים,125.00,100 גרם,false,,5.90,0.0472,true,1,3891283
693493034487,false,פילה סרדין בשמן זית 125גר,יוניון דה פחריס אפרי,MA,פילה סרדין בשמן זית,גרמים,125.00,100 גרם,false,,6.50,0.0520,true,1,3887212
693493034517,false,פילה אנשובי בשמן חמניות וצלפים 50 גר,פאטינה פוד,MA,פילה אנשובי בשמן חמנ,גרמים,50.00,100 גרם,false,,4.90,0.0980,true,1,3887214
693493045698,false,צלחת עגולה גדולה קנה סוכר א-25,,,צלחת עגולה בנונית מס,יח',1.00,יח',false,,15.90,15.9000,true,1,3901883
693493116657,false,מסכות כירורגיות 50 י,,,מארז 50 מסכות 3 שכבו,יח',1.00,יח',false,,7.90,7.9000,true,1,3896862
693493126304,false,"פולי קפה 1 ק""ג",,,"פולי קפה 1 ק""ג",גרמים,100.00,100 גרם,false,,39.90,0.3990,true,1,3891166
693493140461,false,"קפה טורקי טחון וואקום 1 ק""ג רמילוי",,,קפה טורקי טחון וואקו,יח',1.00,יח',false,,39.90,39.9000,true,1,3896481
693493145206,false,"צלחת דקל עגולה 25 ס""מ א-10",,,צלחת עגולה גדולה 10,יח',1.00,יח',false,,17.90,17.9000,true,1,3898123
693493151405,false,קפה טורקי רביעייה 400 ג רמי לוי,,,קפה טורקי רביעייה 40,גרמים,400.00,100 גרם,false,,16.90,0.0422,true,1,3896483
728229123590,false,טרה אורגינל חטיף על בסיס ירקות שורש בטעם טבעי 110 גרם,הונדורס צ'יפס יצור א,HN,טרה מירקות אקזוטיים 110ג[,גרמים,110.00,100 גרם,false,,14.80,0.1345,true,1,1351343
728229123613,false,טרה חטיף על בסיס תפוח אדמה כחול בטעם טבעי 110 גרם,היין סלסטיאל גרופ,US,טרה מתפוח אדמה כחול 110ג',גרמים,110.00,100 גרם,false,,14.80,0.1345,true,1,1351344
728229124764,false,טרה חטיף על בסיס בטטה עם מלח ים 110 גרם,היין פיוצ'ור נטורל פ,IN,טרה בטטה עם מלח ים 1,גרמים,110.00,100 גרם,false,,14.80,0.1345,true,1,3870804
728229124771,false,טרה חטיף על בסיס בטטה בטעם ברביקיו 110 גרם,היין פיוצ'ור נטורל פ,IN,טרה מבטטה וסלק - 110ג'[3],גרמים,110.00,100 גרם,false,,14.80,0.1345,true,1,1351346
728229124795,false,"חטיף טרה בטטה כשל""פ 110 גר",היין סלסטייאל גרופ,US,"טרה בטטה כשל""פ 110גר",גרמים,110.00,100 גרם,false,,14.80,0.1345,true,1,3870805
729000356900,false,"כרובית 1 ק""ג",ביכורי השקמה,,"כרובית 1 ק""ג",יח',1.00,יח',false,,9.90,9.9000,true,1,2425678
753182231761,false,"משקה אנרגיה BLU ללא תוספת סוכר 250 מ""ל",אקווה ויט,PL,בלו סיקס ללא סוכר 25,מיליליטרים,250.00,"100 מ""ל",false,,2.90,0.0116,true,1,1345106
768404001640,false,"גלידה בן&ג'ריס קפה משפחתית 500מ""ל",מוצרי איכות אמריקאיים בע,IL,גלידה קפה בן אנד ג'ר,מיליליטרים,473.00,"100 מ""ל",false,,18.90,0.0400,true,1,1336384
769904000997,false,שקדי מרק ללא גלוטן200גרם,משובח תעשיות מזון,IL,שקדי מרק 200 גרם דגש,גרמים,200.00,100 גרם,false,,13.80,0.0690,true,1,1357331
835811006053,false,קורנפלור 200 גרם הנמ,ר.ס חברה ליבוא ויצור,IL,קורנפלור 200 גרם הנמ,גרמים,200.00,100 גרם,false,,2.90,0.0145,true,1,1335475
839762000641,false,משקה איילנד מנגו נקטר 1 ל',"פאראגאלה,דה אג'יפשן קו פ",EG,נקטר מנגו איילנד 1 ל,ליטרים,1.00,ליטר,false,,11.80,11.8000,true,1,1326473
839762000658,false,איילנד גויאבה המשקה של חופי סיני 1 ליטר,The Egyptian Co. for,EG,נקטר גויאבה איילנד 1,מטרים,1.00,100 מ'ל,false,,11.80,11.8000,true,1,1326474
851621000050,false,בירה חיטה בטעם הדרים 1664 בלאנק - שישייה,קרלסברג ספליי קומפאני פו,PL,שישיית 1664 בלאנק בק,יח',1.00,יח',false,,39.90,39.9000,true,1,3886058
856591000055,false,עוגיות מזרחיות קריספי שרוף במיוחד,מאפיית יוסף ושמחה עבאדי,IL,עוגיות מזרחיות עבאדי,גרמים,400.00,100 גרם,false,,13.90,0.0348,true,1,1614261
856591000062,false,עוגיות מזרחיות עם מלח עבאדי 400 גרם,מאפיית יוסף ושמחה עבאדי,IL,עוגיות מזרחיות עם מל,גרמים,400.00,100 גרם,false,,13.90,0.0348,true,1,1336116
856591000109,false,עוגיות מזרחיות פריך במיוחד עבאדי 400 גרם,מאפיית יוסף ושמחה עבאדי,IL,עוגיות מזרחיות פריך,גרמים,400.00,100 גרם,false,,13.90,0.0348,true,1,1336117
856591000512,false,עוגיות מזרחיות מקלונים עם שומשום עבאדי 400 גרם,מאפיית יוסף ושמחה עבאדי,IL,עוגיות מזרחיות מקלונ,גרמים,400.00,100 גרם,false,,13.90,0.0348,true,1,1336123
856591000918,false,מארז שמיניית חטיף טבעי עבאדי,עבאדי,IL,מארז חטיף טבעי 8*40ג,יח',1.00,יח',false,,13.90,13.9000,true,1,3892944
856591000949,false,"מאפה חיטה מלוח ""קטנטנים"" עבאדי 350 גרם",עבאדי,IL,עוגיות קטנטנים של עב,גרמים,350.00,100 גרם,false,,13.90,0.0397,true,1,3892946
884912014245,false,דגני בוקר האני בנצ'ס דבש פוסט 411 גרם,הנסיך- מפעל לייצור ט,US,האני באנצ' דגני בוקר,גרמים,411.00,100 גרם,false,,19.90,0.0484,true,1,1346127
884912014252,false,האני באנצס עם שקדים 411 ג',הנסיך- מפעל לייצור ט,US,האני באנצ' דגני בוקר,גרמים,411.00,100 גרם,false,,19.90,0.0484,true,1,1346128
884912112217,false,האני באנצס תות באנצ' 368 גר',פוסט ארצות הברית,US,פוסט האני באנצס תות,גרמים,368.00,100 גרם,false,,19.90,0.0541,true,1,3024675
884912126115,false,גרייט גריינס דגני בוקר עם פירות יבשים פוסט 453 גרם,הנסיך- מפעל לייצור ט,US,גרייט גריינס דגני בו,גרמים,453.00,100 גרם,false,,21.90,0.0483,true,1,1346134
884912288745,false,פוסט קוקו פבלס 425 גרם,פוסט קונסומר ברנדס,US,דגני בוקר בטעם שוקול,גרמים,425.00,100 גרם,false,,19.90,0.0468,true,1,3870049
884912333773,false,ד.בוקר פוסט הני בנצם,פוסט ארצות הברית,,האני באנצס פירות 382,גרמים,382.00,100 גרם,false,,19.90,0.0521,true,1,3883736
884912342737,false,דגני בוקר קריספי וופל פוסט 326 גרם.,הנסיך- מפעל לייצור ט,US,וואפל קריספ,גרמים,326.00,100 גרם,false,,19.90,0.0610,true,1,3883737
884912365217,false,דגני בוקר אוראו הדור הבא 311 גרם.,פוסט ארצות הברית,US,דגני בוקר אוראוס 311,גרמים,311.00,100 גרם,false,,19.90,0.0640,true,1,3893714
897581000365,false,מרשמלו טבעוני 283 גרם ללא גלוטן,גוד פוד פרודקטס S.p,US,מרשמלו טבעוני 283 גר,גרמים,283.00,100 גרם,false,,22.90,0.0809,true,1,3887099
1230000068116,false,המבורגר טבעוני ביונד,תאי פרזידנט פוד פאבל,US,המבורגר ביונד מיט 2*,גרמים,226.00,100 גרם,false,,27.90,0.1235,true,1,3901402
1230000068314,false,בשר טחון מהצומח ביונד מיט 300 גרם,זנברגן וורלד פינסט מיט ב,NL,בשר טחון ביונד מיט 3,גרמים,300.00,100 גרם,false,,29.80,0.0993,true,1,3901403
3014260214692,false,"ג'ל גילוח ג'ילט סירייס לעור רגיש 200 מ""ל",פרוקטר אנד גמבל,GB,ג'ל גילוח ג'ילט סירי,מיליליטרים,200.00,"100 מ""ל",false,,16.90,0.0845,true,1,1344281
3014260228842,false,"קצף גילוח ג'ילט לעור רגיל 200 מ""ל",מולינו ניקולי s.p.a,GB,קצף גילוח ג'ילט לעור,מיליליטרים,200.00,"100 מ""ל",false,,13.90,0.0695,true,1,1344287
3045140105526,false,מילקה מאגדת שוקולד מילקה חלב 5*100 גרם,מנדלז דויצ'\לנד סנקס פרו,DE,מאגדת שוקולד מילקה 5,גרמים,500.00,100 גרם,false,,24.90,0.0498,true,1,3892975
3045200760009,false,"דזיטול נוזל מחטא בגדים בכביסה 500 מ""ל",יעקובי,BE,דזיטול מחטא בגדים 50,מיליליטרים,500.00,"100 מ""ל",false,,11.90,0.0238,true,1,3862186
3046920010047,false,לינדט שוקולד אקסלנס מריר 78% 100 גר,לינדט ושפרונגלי קילשברג,DE,לינדט אקסלנס 78% מוצ,גרמים,100.00,100 גרם,false,,14.90,0.1490,true,1,3332499
3046920028004,false,לינדט שוקולד אקסלנס מריר 70% 100 גר,לינדט ושפרונגלי קילשברג,FR,לינדט אקסלנס 70% מוצ,גרמים,100.00,100 גרם,false,,14.90,0.1490,true,1,1332908
3046920028363,false,לינדט אקסלנס 85% מוצקי קקאו 100 גרם,לינדט ושפרונגלי קילשברג,FR,לינדט אקסלנס 85% מוצ,גרמים,100.00,100 גרם,false,,14.90,0.1490,true,1,1332909
3046920029674,false,שוקולד לינדט אקסלנס סולט 100 גרם,לינדט ושפרונגלי קילשברג,DE,לינדט אקסלנס שבבי מל,גרמים,100.00,100 גרם,false,,14.90,0.1490,true,1,1332912
3046920029759,false,לינדט אקסלנס 90% מוצקי קקאו 100 גרם,לינדט ושפרונגלי קילשברג,DE,לינדט אקסלנס 90% מוצ,גרמים,100.00,100 גרם,false,,14.90,0.1490,true,1,1332913
3059940007768,false,"מבשם אוויר אירוויק ספריי וניל אורכידאה 240 מ""ל",איירוויק Air Wick,GB,Awick Vanilla,מיליליטרים,240.00,"100 מ""ל",false,,7.50,0.0313,true,1,1344769
3059943015104,false,"אירוויק מבשם אויר נטול גז בניחוח פריסיה ויסמין 345 מ""ל",איירוויק Air Wick,PL,AIRWICK F&JASMINE 12X345M,מיליליטרים,345.00,"100 מ""ל",false,,9.90,0.0287,true,1,1344775
3059943015128,false,מבשם אוויר נטול גז אקווה מיסט בניחוח לבנדר פראי ואוויר הרים,הדקלאים אגודת שיתופי,PL,AIRWICK W.LAVENDER 12X345,מיליליטרים,345.00,"100 מ""ל",false,,9.90,0.0287,true,1,1344776
3059943016569,false,"מבשם אוויר אירוויק ספריי פרסיה ויסמין 240 מ""ל",איירוויק Air Wick,GB,ARW Aerosol Fres&Jasm 12x,מיליליטרים,240.00,"100 מ""ל",false,,7.50,0.0313,true,1,1344780
3059944021197,false,"ויט קרם להסרת שיער לעור רגיש (אריזת חיסכון) 400 מ""ל",רקיט בנקיזר צרפת,FR,Veet Cream Sensitive 400m,מיליליטרים,400.00,"100 מ""ל",false,,49.90,0.1247,true,1,1344784
3059944022415,false,רצועות שעווה מוכנות לשימוש מועשרת בתמציות ובניחוח ורדים,רקיט בנקיזר צרפת,FR,Veet CWS blossom missoni,יח',10.00,יח',false,,19.90,1.9900,true,1,1344789
3059944025003,false,Veet רצועות שעווה לעור רגיל אריזת חיסכון (20 יח'),רקיט בנקיזר צרפת,FR,Veet CWS Dry Skin Missoni,יח',20.00,יח',false,,34.90,1.7450,true,1,1319965
3069900201327,false,זיתים שחורים בשקית וואקום 400 גר,קרטייר סאדה,MA,זיתים שחורים בשקית ו,גרמים,400.00,100 גרם,false,,10.90,0.0273,true,1,3204220
3073780828628,false,גבינה בייבי בל אדום 120ג,נטו מלינדה,FR,גבינה מותכת בייבי בל,גרמים,120.00,100 גרם,false,,17.90,0.1492,true,1,1333553
3073781161663,false,גבינה מותכת 18.5% שומן לה וואש קירי,לה וואש קירי La Vache qui rit,FR,גבינה לואשקירי 128 ג,גרמים,128.00,100 גרם,false,,11.90,0.0930,true,1,3896663
3073781161687,false,גבינה מותכת לוואש קירי 256 גרם,פרומאג'רי בל דום סאם,FR,גבינה לואשקירי 256 ג,גרמים,256.00,100 גרם,false,,22.70,0.0887,true,1,3896664
3141360054405,false,פיניש מפיץ ריח למדיח בניחוח לימון וליים,הדקלאים אגודת שיתופי,HU,"FINSH,IT,DEO LEMON*20 MON",יח',1.00,יח',false,,14.90,14.9000,true,1,2460759
3161911229199,false,חמאה צרפתית רכה למריחה אל & ויר 250 גרם,אלל אה וויר,FR,חמאה צרפתית רכה למרי,גרמים,250.00,100 גרם,false,,19.60,0.0784,true,1,1333554
3161911366429,false,חמאה צרפתית מלוחה רכה למריחה אלוויר 250 גר',ארזינא,FR,חמאה צרפתית מלוחה רכ,גרמים,250.00,100 גרם,false,,19.60,0.0784,true,1,1333556
3178530407938,false,עוגיות מיני מדליין עם שוקוצ'יפס סאן מישל 175 גרם,סן מישל St Michel,FR,מיני עוגיות מדליין 1,גרמים,175.00,100 גרם,false,,9.90,0.0566,true,1,3868195
3178530411478,false,ביסקוויטים גאלט עם חמאה ומלח ים,סן מישל St Michel,FR,גלאט חמאה 150 גר,גרמים,150.00,100 גרם,false,,10.90,0.0727,true,1,3868197
3178530412703,false,דונאט עם שוקולד 180 גרם סן מישל,סן מישל St Michel,FR,דונאט שיש,גרמים,180.00,100 גרם,false,,11.90,0.0661,true,1,3890402
3178530417340,false,בראוניז שוקולד סאן מישל 210 גרם,סן מישל,FR,בראוניז שוקולד,יח',1.00,יח',false,,13.80,13.8000,true,1,3891219
3178530417418,false,דונאט עם שוקולד צ'יפס 180 גרם סן מישל,סן מישל St Michel,FR,דונאט שוקולד ציפס,גרמים,180.00,100 גרם,false,,11.90,0.0661,true,1,3891220
3179732348913,false,פרייה מים מינרליים טבעיים מבעבעים 1 ליטר פלסטיק,נסטלה ווטרס ספלאי,FR,פרייה מים מינרלים פל,ליטרים,1.00,ליטר,false,,8.90,8.9000,true,1,1326476
3228022910023,false,חמאת צרפתית פרזידנט 200 גרם,סוסייטה בארייר דה אי,FR,חמאה פרזידנט 200 גר',גרמים,200.00,100 גרם,false,,14.90,0.0745,true,1,3050175
3254550033217,false,סנט מור גבינת ברי איסיני 220 גרם,אף.סי תבליני בגליל ב,FR,סנט מור גבינת ברי אי,גרמים,220.00,100 גרם,false,,26.90,0.1223,true,1,3868198
3387390320244,false,פיטנס דגני בוקר מחיטה מלאה עם פירות נסטלה 375 גרם,נסטלה צרפת איטנקורט,FR,פיטנס דגני בוקר מחיט,גרמים,375.00,100 גרם,false,,19.90,0.0531,true,1,1328989
3387390525960,false,קראנץ' דגני בוקר עם שוקולד חלב נסטלה 500 גרם,הנסיך- מפעל לייצור ט,FR,קראנץ' דגני בוקר עם,גרמים,500.00,100 גרם,false,,19.90,0.0398,true,1,1328990
3387390730852,false,פיטנס דגנים מחיטה מלאה ואורז נסטלה 375 גרם,נסטלה צרפת איטנקורט,FR,פיטנס דגנים מחיטה מל,גרמים,375.00,100 גרם,false,,19.90,0.0531,true,1,1328991
3523230025638,false,"גבינת עיזים בושה טבעי, 125 גרם",אוריאל,FR,גבינת עיזים בושה טבע,גרמים,125.00,100 גרם,false,,19.90,0.1592,true,1,3868202
3523230025652,false,"גבינת מיני בושה עם שום ועשי תיבול ועשבי, 125 גרם",סואניון,FR,גבינת עיזים בושה שום,גרמים,125.00,100 גרם,false,,19.90,0.1592,true,1,3868203
3523230026826,false,"גבינת עיזים למריחה פירמידה, 140 גרם",סואניון,FR,עיזים פירמידה 140 גר,גרמים,140.00,100 גרם,false,,19.90,0.1421,true,1,2947704
3523230026888,false,"גבינת עיזים שום ועשבי תיבול למריחה פירמידה, 140 גרם",סואניון SOIGNON,FR,עיזים פירמידה שום וע,גרמים,140.00,100 גרם,false,,19.90,0.1421,true,1,2947705
3563490014898,false,ריין דיז'ון חרדל דיז'ון 265 גרם,ריין דיז'ון reine dijon,FR,חרדל דיז'ון לחיץ 265 גר',גרמים,265.00,100 גרם,false,,9.90,0.0374,true,1,1336442
3574660089547,false,טמפונים נורמל קלאסי אובה 32 יחידות,ג'\ונסון אנד ג'\ונסון,GR,טמפונים נורמל קלאסי,יח',32.00,יח',false,,24.90,0.7781,true,1,1326905
3574660239973,false,או-בה פרוקומפורט 32 יח נורמל,"ש. שסטוביץ בע""\מ",GR,טמפונים נורמל פרו קו,יח',32.00,יח',false,,24.90,0.7781,true,1,1326913
3574660333466,false,טמפונים מיני פרו קומפורט אובה 32 יחידות,הנסיך- מפעל לייצור ט,DE,טמפונים מיני פרו קומ,יח',32.00,יח',false,,24.90,0.7781,true,1,1326926
3574661141022,false,וניה תחבושות הגייניות מקסי לילה 12 יח,CILAG GMBH INTERNATI,BE,וניה תחבושות מקסי לי,גרמים,85.00,100 גרם,false,,23.90,0.2812,true,1,1326957
3574661177137,false,ליסטרין שטיפת פה קול מינט כחול 500,גונסון אנד גונסון,IT,ליסטרין מינ קול 500,מיליליטרים,500.00,"100 מ""ל",false,,14.90,0.0298,true,1,3891428
3574661177151,false,ליסטרין פרש ברסט 500 מל חדש,,,"ליסטרין פרש 500 מ""ל",מיליליטרים,500.00,"100 מ""ל",false,,19.90,0.0398,true,1,3895152
3574661200019,false,נוטרוגינה ת.גוף ויזבלי ריניו משאבה 400 מל,ניוטרוג'ינה Neutrogena,GR,ניוטרוגינה תחליב גוף,מיליליטרים,400.00,"100 מ""ל",false,,29.90,0.0747,true,1,1464679
3574661352275,false,"מי פה ליסטרין קידס בטעם פירות יער 250 מ""ל",ג'\ונסון אנד ג'\ונסון,IT,ליסטרין קידס ברי 250,מיליליטרים,250.00,"100 מ""ל",false,,12.90,0.0516,true,1,3892883
3574661487328,false,קרפרי מגני תחתון אורגינל פלוס 56 יח',הדקלאים אגודת שיתופי,IT,קרפרי מגן תחתון רגיל,יח',56.00,יח',false,,15.90,0.2839,true,1,3878225
3574661487335,false,מגן תחתון קרפרי מקסי לונג ריחני 40 יחידות,קרפרי Carefree,IT,מגן תחתון קרפרי 40 י,יח',1.00,יח',false,,15.90,15.9000,true,1,3878857
3574661487618,false,קרפרי מגן תחתון מקסי לארג'' מבושם 48 יח'',ג'ויה מעבדות לקוסמטי,IT,קרפרי מגן תחתון מקסי,יח',1.00,יח',false,,15.90,15.9000,true,1,3878858
3574661487625,false,מגני תחתון פלוס לארג' בניחוח עדין L,הדקלאים אגודת שיתופי,IT,מגן תחתון קרפרי מקסי,יח',1.00,יח',false,,15.90,15.9000,true,1,3878859
3574661500355,false,קרפרי מגן תחתון מקסי לונג רגיל 40 יח',ג'ויה מעבדות לקוסמטי,IT,מגן תחתון קרפרי 40 י,יח',1.00,יח',false,,15.90,15.9000,true,1,3878861
3574661501901,false,שטיפה אינטימית יומיומית מכיל תה ירוק ואלוורה,קולגייט פלמוליב,IT,שטיפה אינטימית אלוור,יח',1.00,יח',false,,16.90,16.9000,true,1,3878862
3574661537245,false,"ליסטרין קול מינט 600 מ""ל",,,ליסטרין קול מינט 600,מיליליטרים,600.00,"100 מ""ל",false,,17.90,0.0298,true,1,3890834
3574661537269,false,"ליסטרין טאגד 600 מ""ל",,,"ליסטרין טאגד 600 מ""ל",מיליליטרים,600.00,"100 מ""ל",false,,17.90,0.0298,true,1,3892884
3574661537276,false,"ליסטרין טוטל 600 מ""ל",,,"ליסטרין טוטל 600 מ""ל",מיליליטרים,600.00,"100 מ""ל",false,,17.90,0.0298,true,1,3892885
3574661552576,false,קרפרי מגן תחתון רגיל טנגה לבן 56 יח חדש,הדקלאים אגודת שיתופי,GR,קרפרימגן תחתון טנגה,יח',1.00,יח',false,,15.90,15.9000,true,1,3885503
3574661552811,false,מגן תחתון קרפרי כותון אוורירי 56 יחידות,הדקלאים אגודת שיתופי,GR,קרפרי כותון אוורירי,יח',1.00,יח',false,,15.90,15.9000,true,1,3885505
3574661554877,false,מגן תחתון קרפרי כותון מבושם 56 יחידות,הנסיך- מפעל לייצור ט,GR,קרפרי כותון מבושם 56,יח',1.00,יח',false,,15.90,15.9000,true,1,3885506
3574661554884,false,קרפרי מגן תחתון רגיל טנגה מבושם 56 יח,הדקלאים אגודת שיתופי,IT,קרפרי טנגה ריחני 56,יח',1.00,יח',false,,15.90,15.9000,true,1,3885507
3574661561226,false,"ליסטרין אדוונס 600 מ""ל",,,ליסטרין אדוונס 600 מ,מיליליטרים,600.00,"100 מ""ל",false,,17.90,0.0298,true,1,3892886
3574669907682,false,גונסונס בייבי טלק 500 גרם חדש,גונסון אנד גונסון,IT,גונסון בייבי טלק 500,גרמים,500.00,100 גרם,false,,29.90,0.0598,true,1,3867151
3574669908481,false,גונסונס בייבי אל סבון אמבט 750 מל חדש,ג'ונסונס Johnson's,IT,גונסון בייבי אלסבון,מיליליטרים,750.00,"100 מ""ל",false,,19.90,0.0265,true,1,3867158
3574669909204,false,גונסונס בייבי שמן לתינוק 300 מל,ג'ונסונס Johnson's,IT,גונסון בייבי שמן 300,יח',1.00,יח',false,,19.90,19.9000,true,1,3867164
3600521094341,false,קסטינג קרם גלוס מס200',לוריאל פריז,BE,קסטינג 200 שחור מעוד,יח',1.00,יח',false,,34.90,34.9000,true,1,1321943
3600521094358,false,לוריאל - קסטינג 210 שחור כחול,לוריאל פריז,BE,קסטינג 210 שחור כחול,יח',1.00,יח',false,,34.90,34.9000,true,1,1321944
3600521094365,false,קסטינג 300 חום כהה מאוד,לוריאל פריז,BE,קסטינג 300 חום כהה מ,מיליליטרים,300.00,"100 מ""ל",false,,34.90,0.1163,true,1,1321945
3600521094389,false,קסטינג קרם גלוס מס400',לוריאל פריז,BE,קסטינג 400 חום כהה,מיליליטרים,400.00,"100 מ""ל",false,,34.90,0.0872,true,1,1321947
3600521094396,false,קסטינג קרם גלוס מס 415,לוריאל פריז,BE,קסטינג 415 חום כהה ק,יח',1.00,יח',false,,34.90,34.9000,true,1,1321948
3600521094419,false,קסטינג קרם גלוס מס500',לוריאל פריז,BE,קסטינג 500 חום טבעי,יח',1.00,יח',false,,34.90,34.9000,true,1,1321950
3600521094471,false,קסטינג קרס גלוס מס600',לוריאל פריז,BE,קסטינג 600 חום בהיר,יח',1.00,יח',false,,34.90,34.9000,true,1,1321952
3600521720219,false,קרם פנים לילה עם פעולה משולשת לכל סוגי העור,"קרלסרו, גרמניה",DE,דרמו פעולה משולשת לי,מטרים,50.00,100 מ'ל,false,,44.90,0.8980,true,1,1321980
3600522150497,false,קסטינג קרם גלוס מס100',לוריאל פריז,BE,קסטינג 100 שחור עמוק,יח',1.00,יח',false,,34.90,34.9000,true,1,1322031
3600522550129,false,קרם אנטי-אייג'ינג יום אייג' ספשיאליסט +45,"קרלסרו, גרמניה",DE,לוריאל אייג' ספשיאלי,מיליליטרים,50.00,"מ""ל",false,,49.90,0.9980,true,1,2045750
3600522550167,false,קרם אנטי-אייג'ינג לילה אייג' ספשיאליסט +45,"קרלסרו, גרמניה",DE,לוריאל אייג' ספשיאלי,מיליליטרים,50.00,"100 מ""ל",false,,49.90,0.9980,true,1,2045751
3600522550204,false,קרם אנטי-אייג'ינג יום אייג' ספשיאליסט +55,"קרלסרו, גרמניה",DE,לוריאל אייג' ספשיאלי,מיליליטרים,50.00,"100 מ""ל",false,,49.90,0.9980,true,1,2045752
3600522632436,false,קרם אנטי-אייג'ינג לילה אייג' ספשיאליסט +55,"קרלסרו, גרמניה",DE,לוריאל אייג' ספשיאלי,מיליליטרים,50.00,"100 מ""ל",false,,49.90,0.9980,true,1,2045753
3600523192724,false,לוריאל - מג'יק ריטאצ' גוון 5 בלונד,לוריאל ליברמו,BE,מג'יק רי טאצ' 5 בלונ,מיליליטרים,200.00,"100 מ""ל",false,,34.90,0.1745,true,1,3891535
3600523193141,false,תרסיס לכיסוי שורשי השיער Magic Retouch שחור,לוריאל ליברמו,BE,ספריי צבע לשיער מג'י,מיליליטרים,200.00,"מ""ל",false,,34.90,0.1745,true,1,2404679
3600523193158,false,תרסיס לכיסוי שורשי השיער Magic Retouch חום,לוריאל ליברמו,BE,ספריי צבע לשיער מג'י,מיליליטרים,200.00,"מ""ל",false,,34.90,0.1745,true,1,2404680
3600523193165,false,תרסיס לכיסוי שורשי השיער Magic Retouch חום בהיר,לוריאל ליברמו,BE,ספריי צבע לשיער מג'י,מיליליטרים,200.00,"מ""ל",false,,34.90,0.1745,true,1,2404681
3600523464548,false,לוריאל הידרה גינייס גל לחות לעור עדין,"לוריאל פרודקשן דויטשלנד,",DE,HG ג'ל לחות לעור עדי,יח',1.00,יח',false,,49.90,49.9000,true,1,3886003
3600523587865,false,לוריאל - אלביב קרם לשיער דרים לונג 200,לוריאל - אלביב Elvive,DE,אלביב קרם לשיער דרים,מיליליטרים,200.00,"100 מ""ל",false,,24.90,0.1245,true,1,3866450
3600523651870,false,שמפו לחיזוק סיב השערה לכל סוגי השיער,לוריאל - אלביב Elvive,TR,אלביב שמפו פול רזיסט,מיליליטרים,550.00,"100 מ""ל",false,,14.90,0.0271,true,1,3866468
3600523651887,false,"לוריאל - אלביב שמפו טוטאל ריפר 550 מ""ל",לוריאל - אלביב Elvive,TR,אלביב שמפו טוטאל ריפ,מיליליטרים,550.00,"100 מ""ל",false,,14.90,0.0271,true,1,3866469
3600523651900,false,מרכך לחיזוק סיב השערה לכל סוגי השיער,לוריאל - אלביב Elvive,TR,אלביב מרכך פול רזיסט,מיליליטרים,550.00,"100 מ""ל",false,,14.90,0.0271,true,1,3866470
3600523652228,false,"לוריאל - אלביב מרכך טוטאל ריפר 550 מ""ל",לוריאל - אלביב Elvive,TR,אלביב מרכך טוטאל ריפ,מיליליטרים,550.00,"100 מ""ל",false,,14.90,0.0271,true,1,3866471
3600523652242,false,"לוריאל - אלביב שמפו קולור פרוטקט 550 מ""ל",לוריאל - אלביב Elvive,TR,אלביב שמפו קולור פרו,מיליליטרים,550.00,"100 מ""ל",false,,14.90,0.0271,true,1,3866473
3600523652259,false,"לוריאל - אלביב מרכך קולור פרוטקט 550 מ""ל",קוסמטיקס,TR,אלביב מרכך קולור פרו,מיליליטרים,550.00,"100 מ""ל",false,,14.90,0.0271,true,1,3866474
3600523652280,false,"לוריאל אלביב שמפו מועשר ב 6 שמנים, 550 מ""ל",לוריאל - אלביב Elvive,TR,אלביב שמפו 6 שמנים 5,מיליליטרים,550.00,"100 מ""ל",false,,14.90,0.0271,true,1,3866477
3600523652297,false,"מרכך לשיער אלביב זהב 6 שמנים , 550 מ""ל",לוריאל - אלביב Elvive,TR,אלביב מרכך 6 שמנים 5,מיליליטרים,550.00,"100 מ""ל",false,,14.90,0.0271,true,1,3866478
3600523653638,false,אלביב מרכך 550 מל חימר לסירוק קל,קוסמטיקס,TR,אלביב מרכך חימר 550,מיליליטרים,550.00,"100 מ""ל",false,,14.90,0.0271,true,1,3866480
3600523755806,false,"לוריאל - אלביב שמפו קוקוס 550 מ""ל",קוסמטיקס,TR,אלביב שמפו קוקוס 550,יח',1.00,יח',false,,14.90,14.9000,true,1,3878574
3600523756322,false,"לוריאל - אלביב מרכך קוקוס 550 מ""ל",קוסמטיקס,TR,אלביב מרכך קוקוס 550,יח',1.00,יח',false,,14.90,14.9000,true,1,3878575
3600523782567,false,"לוריאל - אלביב שמפו דרים לונג 500 מ""ל",קוסמטיקס,FR,אלביב שמפו דרים לונג,מיליליטרים,500.00,"100 מ""ל",false,,14.90,0.0298,true,1,3866482
3600523782574,false,לוריאל - אלביב מסכה דרים לונג 300,לוריאל - אלביב Elvive,DE,אלביב מסכה דרים לונג,מיליליטרים,300.00,"100 מ""ל",false,,24.90,0.0830,true,1,3866483
3600523782581,false,מרכך מתיר קשרים לשיער ארוך ופגום Dream Long,לוריאל - אלביב Elvive,FR,אלביב מרכך דרים לונג,מיליליטרים,500.00,"100 מ""ל",false,,14.90,0.0298,true,1,3866484
3600523823604,false,לוריאל - דרמו היאלורון אקספרט לילה,לוריאל פרודקשן דויטשלנד,DE,לוריאל קרם אנטי אייג,יח',1.00,יח',false,,49.90,49.9000,true,1,3891536
3600523953677,false,לוריאל - דרמו רויטליפט קלאסי יום SPF30 עברית,"קרלסרו, גרמניה",DE,רויטליפט קרם יום SPF,100 מל,50.00,100 מל,false,,59.90,1.1980,true,1,3889224
3600523991556,false,לוריאל הידרה גינייס גל לחות לעור מעורב,לוריאל,DE,לוריאל דרמו הידרה גי,מטרים,70.00,100 מ'ל,false,,49.90,0.7129,true,1,3906423
3600540928863,false,גרניה מיניראל רול און קליר אינויזיבל,קוסמופול,FR,גרנייה דאו. רול אינב,מטרים,50.00,100 מ'ל,false,,11.90,0.2380,true,1,1322162
3600541029323,false,גרנייה אסנשיאל מסיר איפור 2 ב- 1,SOPROCOS סופרוקוס,FR,גרנייה אסנשיאל מסיר,מיליליטרים,200.00,"100 מ""ל",false,,19.90,0.0995,true,1,1322175
3600541351493,false,גרניה אנטי אייגינג אססנטיאל 45+ קרם יום,לוריאל,DE,גרנייה אנטי אייג' 45,מיליליטרים,50.00,"מ""ל",false,,39.90,0.7980,true,1,3866485
3600541352131,false,גרניה אנטי אייגינג אססנטיאל 55+ קרם יום,לוריאל,DE,גרנייה אנטי אייג' 55,גרמים,50.00,גרם,false,,39.90,0.7980,true,1,3866486
3600541382930,false,גרנייה - מים מיסלרים לכל סוגי העור,"קוסמופול, פולין",PL,גרנייה מי מיסלר הכול,מיליליטרים,400.00,"100 מ""ל",false,,30.00,0.0750,true,1,1322239
3600541402270,false,"גרנייה - דאודורנט ספריי לאישה אינביזיבל BWC (ירוק) 150 מ""ל","לוריאל ישראל בע""מ",FR,דאו ספריי אינביזיבל,מיליליטרים,150.00,"100 מ""ל",false,,11.90,0.0793,true,1,1322240
3600541740006,false,"גרנייה - דאודורנט ספריי לאישה אקשן קונטרול 72 שעות 150 מ""ל","לוריאל ישראל בע""מ",FR,דאו ספריי אקשן קונטר,מיליליטרים,150.00,"100 מ""ל",false,,11.90,0.0793,true,1,1479564
3600541928169,false,"גרנייה פיור פחם ג'ל ניקוי 150 מ""ל","קרלסרו, גרמניה",DE,גרנייה פיור פחם ג'ל,מיליליטרים,150.00,"100 מ""ל",false,,29.90,0.1993,true,1,1806578
3600541928275,false,מי פנים מיסלריים דו-פאזיים מסיר איפור עמיד במים,"קוסמופול, פולין",PL,גרנייה מים מיסלריים,מיליליטרים,400.00,"100 מ""ל",false,,30.00,0.0750,true,1,2273871
3600541937475,false,גרניה פיור גרגרים מסיכה לעור מעורב עד שמן,לוריאל,FR,גרנייה פיור נקוי 3ב1,מיליליטרים,150.00,"100 מ""ל",false,,30.00,0.2000,true,1,1806579
3600541952720,false,ג'ל גרגירים עם פחם פעיל לטיפול בראשים שחורים,גרנייה Garnier,FR,גרנייה פיור פחם ג'ל,גרמים,150.00,100 גרם,false,,30.00,0.2000,true,1,1806580
3600541956223,false,"גרנייה פיור לניקוי וטיפול בסימנים ופגעי עם מברשת 150 מ""ל","קרלסרו, גרמניה",DE,גרנייה פיור אקספוברש,מיליליטרים,150.00,"100 מ""ל",false,,29.90,0.1993,true,1,1806581
3600542050579,false,גרניה בוטניקל מי פנים ורדים 200 מל,קוסמופול,DE,גרנייה בוטניקל מי פנ,מטרים,200.00,100 מ'ל,false,,24.90,0.1245,true,1,3906424
3600542216647,false,"גרנייה - דאודורנט ספריי לאישה 96 שעות אקשן קונטר 150 מ""ל",לוריאל,FR,גרנייה דאו ספריי 96,מטרים,50.00,100 מ'ל,false,,11.90,0.2380,true,1,3883121
3600542232036,false,גרניה סקין נט אלו גל אלוורה ללחות 50 מל,לוריאל,DE,גרנייה אלו ג'לי 50 מ,יח',1.00,יח',false,,39.90,39.9000,true,1,3866500
3600542245456,false,גרנייה - אוליה מיני קיט 5.3 חום זהוב,לוריאל,PL,אוליה מיני קיט 5.3 ח,יח',1.00,יח',false,,29.90,29.9000,true,1,3886013
3600542245487,false,גרנייה - אוליה מיני קיט 6 חום בהיר,לוריאל,PL,אוליה מיני קיט 6 חום,יח',1.00,יח',false,,29.90,29.9000,true,1,3886014
3600542245548,false,גרנייה - אוליה מיני קיט 7 בלונד כהה,לוריאל,PL,אוליה מיני קיט 7 בלו,יח',1.00,יח',false,,29.90,29.9000,true,1,3886016
3600542245586,false,גרנייה - אוליה מיני קיט 7G בלונד בז' אפרפר,לוריאל,PL,אוליה מיני קיט 7G בל,יח',1.00,יח',false,,29.90,29.9000,true,1,3886017
3600542326339,false,גרנייה מיסלר ורדים 400 מ,קוסמופול,PL,גרנייה מיסלר ורדים,מיליליטרים,400.00,"100 מ""ל",false,,34.90,0.0872,true,1,3891540
3600542328647,false,גרניה סקין נט קרם גל אלוורה 50 מל,לוריאל,PL,גרנייה קרם יום אלוור,יח',1.00,יח',false,,39.90,39.9000,true,1,3891541
3600542365710,false,גרנייה - פיור ג'ל ניקוי,לוריאל,PL,גרנייה פיור ג'ל ניקו,יח',1.00,יח',false,,29.90,29.9000,true,1,3891546
3600542365758,false,גרניה בוטניקל מי פנים ענבים 200 מל,"קוסמופול, פולין",DE,גרנייה מי פנים ענבים,מיליליטרים,200.00,"100 מ""ל",false,,19.90,0.0995,true,1,3891547
3600542365796,false,גרניה בוטניקל גל ניקוי ענבים 200 מל,לוריאל,PL,גרנייה ג'ל ניקוי ענב,מיליליטרים,200.00,"100 מ""ל",false,,19.90,0.0995,true,1,3891548
3600542367936,false,גרניה סקין נט מי פנים אלוורה 200 מל,"קוסמופול, פולין",DE,גרנייה אלו מי פנים א,יח',1.00,יח',false,,24.90,24.9000,true,1,3891551
3600542375801,false,גרניה פיור אקטיב 3ב1 פחם 150 מל,לוריאל,FR,גרנייה פיור אקטיב 3,מיליליטרים,150.00,"100 מ""ל",false,,30.00,0.2000,true,1,3891552
3600542385091,false,"גרנייה - דאודורנט רול און לאישה אקשן קונטרול 72 שעות 50 מ""ל",קוסמופול,PL,גרנייה דאו. רול אקשן,יח',1.00,יח',false,,11.90,11.9000,true,1,3891553
3600542385107,false,גרניה דאו רול און אינביזיבל לכל צבע,לוריאל ישראל קוסמטיקס בע,PL,דאודורנט רול אינביזי,מטרים,50.00,100 מ'ל,false,,11.90,0.2380,true,1,3906425
3600542385220,false,דאודורנט רול און פרוטקשן 6 סגול פלורל,גרנייה Garnier,FR,גרנייה דאו. רול פרוט,יח',1.00,יח',false,,11.90,11.9000,true,1,3891042
3600542385251,false,"גרנייה - דאודורנט רול און לאישה פרוטקשן 6 כותנה (ורוד) 50 מ""ל",גרנייה Garnier,FR,גרנייה דאו. רול פרוט,יח',1.00,יח',false,,11.90,11.9000,true,1,3891554
3600542385268,false,"גרנייה - דאודורנט רול און לאישה אינביזיבל BWC (ורוד) 50 מ""ל",לוריאל ישראל קוסמטיקס בע,PL,גרנייה דאו. רול אינב,יח',1.00,יח',false,,11.90,11.9000,true,1,3891043
3600542385275,false,"גרנייה - דאודורנט רול און לאישה פיור אקטיב 50 מ""ל",גרנייה Garnier,FR,גרנייה דאו. רול און,יח',1.00,יח',false,,11.90,11.9000,true,1,3891555
3600542397926,false,"גרנייה - דאודורנט ספריי לאישה פרוטקשן 6 כותנה (ורוד) 150 מ""ל","קוסמופול, פולין",FR,דאו ספריי פרוטקשן6 כ,מיליליטרים,150.00,"100 מ""ל",false,,11.90,0.0793,true,1,3889228
3600542398206,false,גרניה סקין נט תרחיץ אלוורה 200 מל,"קוסמופול, פולין",DE,גרנייה אלו ג'ל ניקוי,יח',1.00,יח',false,,21.90,21.9000,true,1,3891557
3600542412773,false,גרניה פיור אקטיב פיל אוף פחם מסכה 50 מל,סופרוריאל אולניי,FR,גרנייה פיור פיל אוף,יח',1.00,יח',false,,34.90,34.9000,true,1,3891558
3600542421638,false,"גרנייה - פרוקטיס היירפוד שמפו מקדמיה 350 מ""ל","אינטרביוטי קוסמטיק בע""\מ",IL,גרנייה פרוקטיס היפור,יח',1.00,יח',false,,14.90,14.9000,true,1,3891560
3600542421669,false,"גרנייה - פרוקטיס היירפוד מרכך פפאיה 350 מ""ל","אינטרביוטי קוסמטיק בע""\מ",IL,גרנייה פרוקטיס היפור,יח',1.00,יח',false,,14.90,14.9000,true,1,3891562
3600542421683,false,"גרנייה - פרוקטיס היירפוד שמפו בננה 350 מ""ל","אינטרביוטי קוסמטיק בע""\מ",IL,גרנייה פרוקטיס היפור,יח',1.00,יח',false,,14.90,14.9000,true,1,3891311
3600542421706,false,"גרנייה - פרוקטיס היירפוד שמפו פפאיה 350 מ""ל","אינטרביוטי קוסמטיק בע""\מ",IL,גרנייה פרוקטיס היפור,יח',1.00,יח',false,,14.90,14.9000,true,1,3891564
3600542421737,false,גרנייה פרוקטיס היפורד מסכה מקדמיה 390 גר,"אינטרביוטי קוסמטיק בע""\מ",IL,גרנייה פרוקטיס היפור,יח',1.00,יח',false,,29.90,29.9000,true,1,3891566
3600542431828,false,גרנייה - קולור נטורלס 1 שחור טבעי חדש,לוריאל ישראל קוסמטיקס בע,PL,קולור נטורלס גוון 1,יח',1.00,יח',false,,19.90,19.9000,true,1,3902975
3600542431835,false,גרנייה - קולור נטורלס 3 חום כהה מאוד חדש,לוריאל ישראל קוסמטיקס בע,PL,קולור נטורלס גוון 3,יח',1.00,יח',false,,19.90,19.9000,true,1,3902976
3600542431842,false,גרנייה - קולור נטורלס 4 חום כהה טבעי חדש,לוריאל ישראל קוסמטיקס בע,PL,קולור נטורלס גוון 4,יח',1.00,יח',false,,19.90,19.9000,true,1,3902977
3600542431859,false,גרנייה - קולור נטורלס 5 חום טבעי חדש,לוריאל ישראל קוסמטיקס בע,PL,קולור נטורלס גוון 5,יח',1.00,יח',false,,19.90,19.9000,true,1,3902978
3600542431880,false,גרנייה - קולור נטורלס 8 בלונד בהיר חדש,לוריאל ישראל קוסמטיקס בע,PL,קולור נטורלס 8 בלונד,גרמים,112.00,100 גרם,false,,19.90,0.1777,true,1,3902981
3600542431927,false,גרנייה - קולור נטורלס 8.1 בלונד אפרפר בהיר חדש,לוריאל ישראל קוסמטיקס בע,PL,קולור נטורלס 8.1 בלו,גרמים,112.00,100 גרם,false,,19.90,0.1777,true,1,3902985
3600542431934,false,גרנייה - קולור נטורלס 6.25 חום אגוז חדש,לוריאל ישראל קוסמטיקס בע,PL,קולור נטורלס גוון 6.,יח',1.00,יח',false,,19.90,19.9000,true,1,3902986
3600542431941,false,גרנייה - קולור נטורלס 5.3 חום זהוב חדש,לוריאל ישראל קוסמטיקס בע,PL,קולור נטורלס 5.3 חום,גרמים,112.00,100 גרם,false,,19.90,0.1777,true,1,3902987
3600542431958,false,גרנייה - קולור נטורלס 7.3 בלונד זהוב חדש,לוריאל ישראל קוסמטיקס בע,PL,קולור נטורלס גוון 7.,יח',1.00,יח',false,,19.90,19.9000,true,1,3902988
3600542431965,false,גרנייה - קולור נטורלס 5.52 חום דבש חדש,משווק ויבואןn\:לוריאל יש,PL,קולור נטורלס גוון 5.,יח',1.00,יח',false,,19.90,19.9000,true,1,3902989
3600542431996,false,גרנייה - קולור נטורלס 5.15 חום שוקולד עשיר חדש,יבואן ומשווק: n\לוריאל י,PL,קולור נטורלס גוון 5.,יח',1.00,יח',false,,19.90,19.9000,true,1,3902992
3600542432009,false,גרנייה - קולור נטורלס 4.5 חום שוקולד כהה חדש,לוריאל ישראל קוסמטיקס בע,PL,קולור נטורלס גוון 4.,יח',1.00,יח',false,,19.90,19.9000,true,1,3902993
3600542432016,false,צבע לשיער קולור נטורלס- 5.25 חום מהגוני פנינה בהיר,לוריאל ישראל קוסמטיקס בע,PL,קולור נטורלס 5.25 חו,גרמים,112.00,100 גרם,false,,19.90,0.1777,true,1,3902994
3607343817547,false,"אדידס - דאודורנט ספריי לגבר קליימקול 150 מ""ל",קולפ,PT,דאו' אדידס ספריי לגב,מיליליטרים,150.00,"100 מ""ל",false,,12.90,0.0860,true,1,3889990
3607345264912,false,"אדידס בודי ספריי לגבר אייס דייב, ללא אלומיניום, 150 מל",אגריפק אס איי לגרדה,ES,פיוז'ן-ספריי גוף אייס דיי,מיליליטרים,150.00,"100 מ""ל",false,,14.90,0.0993,true,1,1351383
3607347320449,false,"אדידס - ג'ל רחצה ספורט אנרג'י 400 מ""ל",קוטי ס.פ,ES,אדידס ספורט אנרג'י ג,מיליליטרים,400.00,"100 מ""ל",false,,9.90,0.0248,true,1,3863566
3608580075646,false,קונפיטורה בטעם שזיפים 370 גר BONNE MAMAN,בון מאמא,FR,קינפיטורה שזיפים 370,גרמים,370.00,100 גרם,false,,16.90,0.0457,true,1,3893716
3608580730255,false,קונפיטורה בטעם משמש 370 גר BONNE MAMAN,בון ממן,FR,קונפיטורות בן ממן 37,גרמים,370.00,100 גרם,false,,16.90,0.0457,true,1,1346143
3614221653715,false,"אדידס קליימקול ג'ל רחצה, 400 מ""ל",קוטי ס.פ,ES,אדידס קליימקול ג'ל ר,מיליליטרים,400.00,"100 מ""ל",false,,9.90,0.0248,true,1,3870808
3614223736003,false,"אדידס - דאודורנט ספריי לגבר אדיפיור 150 מ""ל",איגפק אס.איי,PT,דאו' אדידס ספריי לגב,מיליליטרים,150.00,"100 מ""ל",false,,12.90,0.0860,true,1,3894293
3614224050986,false,"אדידס - דאודורנט ספריי לגבר אדיפאוור 72 שעות 150 מ""ל","ב.א מזון בע""מ",PT,דאו' אדידס ספריי לגב,מיליליטרים,150.00,"100 מ""ל",false,,12.90,0.0860,true,1,3891251
3614224051235,false,אדידס דאודורנט ספריי גברים אדיפוואר 200מל,אדידס Adidas,PT,דאו' אדידס ספריי לגב,מיליליטרים,200.00,"100 מ""ל",false,,14.90,0.0745,true,1,3870813
3614224056537,false,"דאו ספריי לנשים אדידס אדיפוואר 150 מ""ל",COLEPCCL,PT,דאו' אדידס ספריי איש,מיליליטרים,150.00,"100 מ""ל",false,,14.90,0.0993,true,1,3870814
3661163991146,false,"אדידס - דאודורנט ספריי לאישה קול אנד קר פרש 150 מ""ל",מיוצר עי קונדיטוריית,PT,דאו' ספריי אשה קול אנד קר,מיליליטרים,150.00,"100 מ""ל",false,,14.90,0.0993,true,1,1351408
3661163991344,false,"אדידס דאודורנט ספריי מקס פרו-קליר לאישה 150 מ""ל",מיוצר עי קונדיטוריית,PT,דאו' ספריי אישה קליי,מיליליטרים,150.00,"100 מ""ל",false,,14.90,0.0993,true,1,1351409
3663559000135,false,שזיפים מיובשים אורגניים 250 גרם,היצרן: לה קומפני דה,FR,שזיפים מיובשים אורגנ,גרמים,250.00,100 גרם,false,,23.90,0.0956,true,1,3878592
3700604201090,false,אריסה מפלפלים ירוקים,,,פלפל ירוק חריף 190 ג,גרמים,190.00,100 גרם,false,,9.90,0.0521,true,1,3900059
3700604201175,false,אריסה טונסאית פיקנטי,מונה פוד,,פלפל צ'ומה 190 גר,גרמים,190.00,100 גרם,false,,9.90,0.0521,true,1,3900060
3838824127149,false,צבע לשיער פלטה - 1-1 שחור כחול,שוורצקופף והנקל,SI,"צבעי שיער ""פלטה""",יח',1.00,יח',false,,19.90,19.9000,true,1,1325865
3838824127200,false,פלטה סמי קיט 5-68 ערמונים בינוני,שוורצקופף והנקל,SI,"צבעי שיער ""פלטה""",יח',1.00,יח',false,,19.90,19.9000,true,1,1325867
3838824127224,false,פלטה סמי קיט חום בינוני 4-0 צבע שיער,שוורצקופף והנקל,SI,"צבעי שיער ""פלטה""",יח',1.00,יח',false,,19.90,19.9000,true,1,1325868
3838824127248,false,פלטה סמי קיט חום בהיר 5-0 צבע שיער,שוורצקופף והנקל,SI,"צבעי שיער ""פלטה""",יח',1.00,יח',false,,19.90,19.9000,true,1,1325869
3838824127286,false,צבע לשיער פלטה - 7-0 בלונד בינוני,שוורצקופף והנקל,SI,"צבעי שיער ""פלטה""",יח',1.00,יח',false,,19.90,19.9000,true,1,1325871
3838824127361,false,פלטה סמי קיט ערמונים בינוני5-68 צבע שיער,שוורצקופף והנקל,SI,"צבעי שיער ""פלטה""",יח',1.00,יח',false,,19.90,19.9000,true,1,1325874
3838824127583,false,צבע לשיער פלטה - 6-88 אדום בוער,שוורצקופף והנקל,SI,"צבעי שיער ""פלטה""",יח',1.00,יח',false,,19.90,19.9000,true,1,1325877
3838824127644,false,צבע לשיער פלטה - 4-89 חציל זוהר,שוורצקופף והנקל,SI,"צבעי שיער ""פלטה""",יח',1.00,יח',false,,19.90,19.9000,true,1,1325878
3838824128726,false,פלטה דלוקס קיט 10-5 בלונד זהוב מבריק,שוורצקופף & הנקל דיסלדור,DE,צבעי שיער קיט פלטה,יח',1.00,יח',false,,29.90,29.9000,true,1,1325880
3838824128849,false,צבע לשיער פאלטה קיט ערמונים בינוני,שוורצקוף Schwarzkopf,DE,צבעי שיער קיט פלטה,יח',1.00,יח',false,,29.90,29.9000,true,1,1325881
3838824128948,false,פאלטה - דלוקס שמני הזנה חום כהה 3-0,הנקל סוד,DE,צבעי שיער קיט פלטה,יח',1.00,יח',false,,29.90,29.9000,true,1,1325882
3838824129020,false,פאלטה - דלוקס שמני הזנה שחור 1-0,שוורצקוף Schwarzkopf,DE,צבעי שיער קיט פלטה,יח',1.00,יח',false,,29.90,29.9000,true,1,1325884
3838824129068,false,פאלטה - דלוקס שמני הזנה חום קפה 4-68,הנקל סוד,DE,צבעי שיער קיט פלטה,יח',1.00,יח',false,,29.90,29.9000,true,1,1325885
3838824193915,false,צבע לשיער פאלטה סמי קיט שחור 0-1,שוורצקופף והנקל,SI,צבע שיער פאלטה סמי ק,יח',1.00,יח',false,,19.90,19.9000,true,1,1325888
3838824193939,false,פאלטה - דלוקס שמני הזנה סגול אצילי 4-99,שוורצקוף Schwarzkopf,DE,פאלטה קיט דה-לוקס סג,יח',1.00,יח',false,,29.90,29.9000,true,1,1325889
3838824240275,false,פלטה סמי קיט 8-0 בלונד בהיר,שוורצקופף והנקל,SI,"צבעי שיער ""פלטה""",יח',1.00,יח',false,,15.90,15.9000,true,1,1325894
3838824327099,false,צבע שיער פאלטה סמי קיט 10-46 בלונד פודרה,שוורצקופף והנקל,DE,צבע שיער פאלטה סמי ק,יח',1.00,יח',false,,19.90,19.9000,true,1,3376445
3838824332130,false,צבע שיער פאלטה סמי קיט 3-68 מהגוני כהה,שוורצקופף והנקל,DE,צבע שיער פאלטה סמי ק,יח',1.00,יח',false,,19.90,19.9000,true,1,3376448
3838824380827,false,צבעי שיער בלונד כהה אפרפר 6-1 סמי קיט פאלטה,שוורצקופף והנקל,DE,פלאטה סמי קיט 6-1 בל,מטרים,110.00,100 מ'ל,false,,19.90,0.1809,true,1,3892002
3838824380940,false,צבעי שיער בלונד בהיר אפרפר 8-1 סמי קיט פאלט,שוורצקופף והנקל,DE,פלאטה סמי קיט 8-1 בל,מטרים,110.00,100 מ'ל,false,,19.90,0.1809,true,1,3892004
3838824381022,false,צבעי שיער חום שוקולד כהה 3-65 סמי קיט פאלטה,שוורצקופף והנקל,DE,פלאטה סמי קיט 3-65 ח,מטרים,110.00,100 מ'ל,false,,19.90,0.1809,true,1,3892005
4000417019004,false,שוקולד חלב אגוזי לוז שלמים ריטר ספורט 100 גרם,ריטר ספורט Ritter sport,DE,שוקולד חלב אגוזי לוז,גרמים,100.00,100 גרם,false,,9.90,0.0990,true,1,1336963
4000417022004,false,ריטר ספורט שוקולד חלב מעולה עם צימוקים ואגוזי לוז 100 גרם,ריטר ספורט Ritter sport,DE,שוקולד חלב עם צימוקי,גרמים,100.00,100 גרם,false,,7.90,0.0790,true,1,1336964
4000417025005,false,שוקולד מריר במילוי מרציפן ריטר ספורט 100 גרם,ריטר ספורט Ritter sport,DE,שוקולד מריר במילוי מ,גרמים,100.00,100 גרם,false,,7.90,0.0790,true,1,1336966
4000417026002,false,שוקולד ריטר ספורט פרלין 100 גרם חלב נוכרי,ריטר ספורט Ritter sport,DE,שוקולד ריטר ספורט פר,גרמים,100.00,100 גרם,false,,7.90,0.0790,true,1,1336967
4000417211002,false,שוקולד חלב מעולה ממולא קרם קרמל מוקצף ושברי שקדים מומלחים,ריטר ספורט Ritter sport,DE,שוקולד ריטר מוס קרמל,גרמים,100.00,100 גרם,false,,7.90,0.0790,true,1,2118013
4000417224002,false,"ריטר ספורט טבלת שוקולד מריר אגוזים, 100 גרם",ריטר ספורט Ritter sport,DE,שוקולד ריטר ספורט מר,גרמים,100.00,100 גרם,false,,9.90,0.0990,true,1,1336969
4000417707000,false,שוקולד חלב מעולה עם שברי קשיו קלוי ומומלח,ריטר ספורט Ritter sport,DE,ריטר ספורט קשיו,יח',1.00,יח',false,,9.90,9.9000,true,1,3891095
4000417708007,false,"שוקולד ריטר ספורט מריר שקד, 100 גרם",ריטר ספורט Ritter sport,DE,ריטר ספורט מריר שקד,יח',1.00,יח',false,,9.90,9.9000,true,1,3893044
4000522009747,false,"בייגלה צ'יו מקלות תפו""א 80 גר'",טרופיקל דגיל תעשיות,HU,בייגלה צ'יו מקלות 80,גרמים,80.00,100 גרם,false,,3.90,0.0487,true,1,1346146
4000522061752,false,בייגלה צ'יו מקלות מלוחים 100 גרם,צ'יו Chio,HU,בייגלה צ'יו מקלות,גרמים,100.00,100 גרם,false,,3.90,0.0390,true,1,1346148
4001432773230,false,בלו ווין מוסקטו 1 ליטר,יקב רמת הגולן,DE,בלו ווין מוסקטו 1לי,100 קילו,1000.00,100 קילו,false,,49.90,0.0499,true,1,3880795
4001518114223,false,עוגיות במילוי קרם אגוזי לוז Boccia,בוצ'יה Boccia,DE,ביסקוויט במילוי קרם,גרמים,172.00,100 גרם,false,,14.90,0.0866,true,1,3901453
4001751038669,false,חזרת עם וואסבי 190 גרם,סקנדיה,,רוטב חזרת עם ווסאבי,גרמים,345.00,100 גרם,false,,9.90,0.0287,true,1,3885659
4001751073677,false,רוטב חזרת עם סלק 200 גר,סקנדיה,,רוטב חזרת עם סלק,גרמים,345.00,100 גרם,false,,9.90,0.0287,true,1,3885661
4002448017684,false,"סיליט באנג ספריי ניקוי כללי מסיר אבנית 750 מ""ל",הדקלאים אגודת שיתופי,PL,"CILLT,IL,LIME&GRIME2X6X75",מיליליטרים,750.00,"100 מ""ל",false,,9.90,0.0132,true,1,1344794
4002448019480,false,"סיליט באנג מסיר שומנים רב שימושי 750 מ""ל",סיליט באנג Cillit Bang,PL,"CILLT,IL,DEGR 12X750 VETT",מיליליטרים,750.00,"100 מ""ל",false,,9.90,0.0132,true,1,1344795
4002575016253,false,מרציפן מצופה שוקולד זנטיס 100 גרם,הדקלאים אגודת שיתופי,DE,מרציפן מצופה שוקולד,גרמים,100.00,100 גרם,false,,8.70,0.0870,true,1,1336974
4002590000046,false,סוכריות בטעם מנטה מרענן קלפני 150 גרם,ליימן מותגים,DE,סוכריות בטעם מנטה מר,גרמים,150.00,100 גרם,false,,8.90,0.0593,true,1,1336980
4002590703541,false,קלפני סוכריות קשות בטעם תות,ליימן מותגים,DE,סוכריות קלפני 150 ג,גרמים,150.00,100 גרם,false,,8.90,0.0593,true,1,1336987
4004666042004,false,"מלרוד מרסס משמיד עובש יעקבי 500 מ""ל",יעקובי,DE,משמיד עובש מלרוד 500,מיליליטרים,500.00,"100 מ""ל",false,,29.90,0.0598,true,1,1335002
4004666107819,false,"מלרוד לניקוי וטיהור המזגן יעקבי 500 מ""ל",מלרוד,DE,מלרוד מרסס לניקוי וט,מיליליטרים,500.00,"100 מ""ל",false,,22.90,0.0458,true,1,3886266
4004666111656,false,"ג'ל פעיל להשמדת עובש 250 מ""ל מרלוד",מלרוד,DE,מלרוד ג'ל פעיל לעובש,מטרים,250.00,100 מ'ל,false,,28.90,0.1156,true,1,3906850
4005808229390,false,ניוואה מן ג'ל רחצה לגבר קול 500מל,ניוואה Nivea,DE,ג'ל רחצה קול קיק ניו,מיליליטרים,500.00,"100 מ""ל",false,,12.90,0.0258,true,1,1334299
4005808293469,false,"ניוואה - דאודורנט ספריי לגבר יבש 150 מ""ל",BEIERSDORF MANUFACTU,DE,דאודורנט ספריי יבש נ,מיליליטרים,150.00,"100 מ""ל",false,,14.90,0.0993,true,1,3898292
4005808366392,false,שפתון ליובש כחול קלאסי לבלו 48 גרם,טרופיקל דגיל תעשיות,IL,שפתון ליובש כחול קלא,גרמים,48.00,100 גרם,false,,9.90,0.2063,true,1,2239184
4005808368280,false,שפתון ליובש דובדבן לבלו 48 גרם,טרופיקל דגיל תעשיות,DE,שפתון ליובש דובדבן ל,גרמים,48.00,100 גרם,false,,9.90,0.2063,true,1,2239185
4005808502004,false,לבלו שפתון סופט ורוד בליסטר 5.5מל,ביירסדורף,DE,שפתון ליובש ורוד ורד,גרמים,100.00,100 גרם,false,,9.90,0.0990,true,1,1334316
4005808698103,false,ניוואה תחליב גוף סמוד לעור יבש 500 מל,בטר אנד דיפרנט,DE,ניוואה תחליב גוף סמו,מיליליטרים,500.00,"100 מ""ל",false,,19.90,0.0398,true,1,3895951
4005808702107,false,ניוואה תחליב גוף לעור יבש מאד 500 מל,בטר אנד דיפרנט,DE,ניוואה תחליב גוף משא,מיליליטרים,500.00,"100 מ""ל",false,,19.90,0.0398,true,1,3895952
4005808811519,false,"ניוואה ג'ל לניקוי פנים לעור רגיל, 150 מ""ל",HELLAS BEIERSDORF,DE,ניוואה ג'ל ניקוי מרע,מיליליטרים,150.00,"מ""ל",false,,27.90,0.1860,true,1,1975268
4005808811700,false,"ניוואה ג'ל לניקוי מאזן לעור, 150 מ""ל",ביירסדורץ,DE,ניוואה גל ניקוי מאזן,מיליליטרים,150.00,"100 מ""ל",false,,27.90,0.1860,true,1,1975269
4005808817405,false,"ג'ל גילוח לעור רגיש ניוואה 200 מ""ל",פרוטרופיק סיה.,PL,ג'ל גילוח לעור רגיש,מיליליטרים,200.00,"100 מ""ל",false,,17.50,0.0875,true,1,1334336
4005808828838,false,"ניוואה - דאודורנט ספריי לגבר קול קיק 150 מ""ל",ניוואה Nivea,DE,דאודורנט ספריי אקווה,מיליליטרים,150.00,"100 מ""ל",false,,14.90,0.0993,true,1,1334339
4005808837359,false,"ניוואה - דאודורנט רול און לאישה פרל אנד ביוטי 50 מ""ל",ביירסדורף AG,DE,דאודורנט רול און ניו,מיליליטרים,50.00,"מ""ל",false,,12.90,0.2580,true,1,1334346
4005808850907,false,לבלו הידרו קר בליסטר 5.5מל,ביירסדורף,DE,לבלו שפתון הידרו קר,יח',1.00,יח',false,,9.90,9.9000,true,1,3895953
4005808890507,false,קרם ניוואה סופט צנצנת 200 מל,ניוואה Nivea,ES,קרם לחות רב שימושי ס,מיליליטרים,200.00,"100 מ""ל",false,,24.90,0.1245,true,1,1334353
4005808890576,false,"קרם ידיים סופט ניוואה 75 מ""ל",ניוואה Nivea,ES,קרם ידיים סופט ניווא,מטרים,75.00,100 מ'ל,false,,12.90,0.1720,true,1,1334354
4005900036445,false,"ניוואה - דאודורנט רול און לאישה בלק&וויט פיור 50 מ""ל",ביירסדורץ,DE,ניוואה דאו אינויסיבל,100 מל,50.00,100 מל,false,,12.90,0.2580,true,1,1334364
4005900036483,false,"ניוואה - דאודורנט ספריי לגבר שקוף בלק וווי 150 מ""ל",בטר אנד דיפרנט,DE,דאודורנט ניוואה ספרי,מיליליטרים,150.00,"100 מ""ל",false,,14.90,0.0993,true,1,1334366
4005900036506,false,"ניוואה - דאודורנט רול און לגבר שקוף בלק 50 מ""ל",טרופיקל דגיל תעשיות,DE,דאודורנט רולאון ניוו,100 מל,40.00,100 מל,false,,12.90,0.3225,true,1,1334367
4005900485243,false,"ניוואה - דאודורנט רול און לגבר דריי פרש 50 מ""ל",ביירסדורף,DE,ניוואה דאודורנט רול,יח',1.00,יח',false,,12.90,12.9000,true,1,3861644
4005900513045,false,"ניוואה - דאודורנט ספריי לגבר דיפ 150 מ""ל",ביירסדורף,DE,דאודורנט ספריי דיפ נ,מיליליטרים,150.00,"100 מ""ל",false,,12.90,0.0860,true,1,3868295
4005900521262,false,"ג'ל רחצה לגבר פיור אימפקט ניוואה 500 מ""ל",ביירסדורף,DE,ג'ל רחצה דיפ 500 מל,מטרים,50.00,100 מ'ל,false,,12.90,0.2580,true,1,3861649
4005900551412,false,לבלו שפתון לחות SPF30 להגנה מפני השמש,beiersdorf,DE,שפתון לחות,יח',1.00,יח',false,,9.90,9.9000,true,1,3905488
4005900683878,false,לבלו סקראב שפתון פילינג אלוורה בליסטר,ביירסדורף,DE,לבלו סקראב אלוורה,יח',1.00,יח',false,,9.90,9.9000,true,1,3888569
4005900683908,false,לבלו סקראב שפתון פילינג רוז היפ בליסטר,ביירסדורף,DE,שפתון לבלו סקראב רוז,גרמים,48.00,100 גרם,false,,9.90,0.2063,true,1,3887792
4005900800770,false,ניוואה רביעיית סבון מוצק אלו-ורה ופרחים,ביירסדורף,TR,סבון מוצק רביעייה פר,יח',1.00,יח',false,,9.90,9.9000,true,1,3886967
4005900816108,false,"דאודורנט רול און לגבר אפקט היובש ניוואה 50 מ""ל",טרופיקל דגיל תעשיות,DE,דאודורנט רול און לגב,מטרים,50.00,100 מ'ל,false,,12.90,0.2580,true,1,1334380
4005900823489,false,ניוואה היידרה סקין אפקט קרם לחות במרקם ג'ל ללילה,ניואה,PL,היידרה סקין אפקט מרק,יח',1.00,יח',false,,59.90,59.9000,true,1,3895958
4005900826749,false,ניוואה היידרה סקין אפקט קרם לחות במרקם ג'ל ליום,אלפא,PL,היידרה סקין אפקט מרק,יח',1.00,יח',false,,59.90,59.9000,true,1,3895960
4005900828088,false,"ניוואה - דאודורנט רול און לגבר פרש 50 מ""ל",טרופיקל דגיל תעשיות,DE,דאודורנט רול און לגב,100 מל,50.00,100 מל,false,,12.90,0.2580,true,1,1334385
4005900835642,false,"ניקוי פילינג מסכה לפנים 3 ב 1 150 מ""ל ניוואה",ניואה,FR,פילינג ומסכה לפנים 3,גרמים,150.00,100 גרם,false,,29.90,0.1993,true,1,3905489
4005900841148,false,"ניוואה מן ג'ל גילוח קול קיק פרש 200 מ""ל",ביירסדורף,DE,ג'ל גילוח קול קיק פר,מטרים,200.00,100 מ'ל,false,,14.90,0.0745,true,1,3895962
4005900845733,false,"דאודורנט ספריי קול קיק פרש לגבר ניוואה מן 150 מ""ל",ביירסדורף,DE,דאו ספריי לגבר קול ק,מטרים,150.00,100 מ'ל,false,,14.90,0.0993,true,1,3895963
4005900864000,false,"ניוואה היידרה סקין אפקט מים מיסלריים להסרת איפור וניקוי הפנים עם חומצה היאלורונית 400 מ""ל",אלפא,DE,היידרה סקין מים מיסל,מטרים,400.00,100 מ'ל,false,,29.90,0.0747,true,1,3905490
4008287051032,false,בירה קרומבאכר פילס 0.50 ליטר פחית,מנדלז סי.אר. פרודקשן,DE,קרומבאכר פחית בקבוק,מיליליטרים,500.00,"100 מ""ל",false,,9.90,0.0198,true,1,3889603
4008287905786,false,בירה קרומבאכר חיטה 5.3% פחית 500 מל,מנדלז סי.אר. פרודקשן,DE,קרומבאכר פחית בקבוק,מיליליטרים,500.00,"100 מ""ל",false,,9.90,0.0198,true,1,3893239
4008400208220,false,חטיפי שוקולד חלב קינ,פררו,,קינדר שוקולד הפי,יח',1.00,יח',false,,9.90,9.9000,true,1,3884076
4008400230726,false,ביצת שוקולד הפתעה קינדר ענקית 100ג' בנים,קינדר Kinder,BE,ביצת הפתעה קינדר מקס,יח',1.00,יח',false,,22.90,22.9000,true,1,2157166
4008400284620,false,חטיף קינדר שוקובון 4,Unknown,,קינדר שוקובון,גרמים,46.00,100 גרם,false,,4.80,0.1043,true,1,3871936
4008400290423,false,עוגות קינדר מצ.שוקו30*4ג,פררו טורקיה צ'\יקולטה וו,TR,מארז עוגות קינדר מצו,גרמים,120.00,100 גרם,false,,13.90,0.1158,true,1,3891905
4009300525684,false,חליטת צמחים פומפדור ג'ינג'ר ולימון 20 יחידות,פומפדור Pompadour,DE,חליטת ג'ינגר לימון פ,גרמים,35.00,100 גרם,false,,11.90,0.3400,true,1,1326966
4009300526438,false,תה ירוק פומפדור קלאסי 20 יחידות,"איטיליאן פוד, אס.פי.",DE,פומפדור תה ירוק 20 י,20 יח',1.00,20 יח',false,,16.90,16.9000,true,1,1326968
4009300527909,false,חליטת צמחים ג'ינג'ר כורכום ללא קפאין,פומפדור Pompadour,DE,חליטת ג'ינגר כורכום,גרמים,30.00,100 גרם,false,,11.90,0.3967,true,1,3867168
4009900013581,false,מסטיק אורביט ספרמינט סטיקס משפחתי-חמישיות,ריגלי צרפת,FR,מארז חמישיית אורביט,גרמים,13.00,5 גרם,false,,9.90,0.7615,true,1,1322738
4009900385824,false,מארז חמישיית מסטיק אורביט Orbit בטעם מנטה,ריגלי צרפת,FR,מארז חמישיית אורביט,גרמים,13.00,5 גרם,false,,9.90,0.7615,true,1,1322761
4009900402965,false,אורביט וויט בטעם פירות בקבוקון 46מלבניות,ריגלי פולין,PL,מסטיק אורביט בקבוקון,גרמים,46.00,100 גרם,false,,9.40,0.2043,true,1,1322764
4009900403023,false,אורביט וויט בטעם מנטה בקבוקון 46 מלבניות,"ב.א מזון בע""מ",PL,מסטיק אורביט בקבוקון,גרמים,46.00,100 גרם,false,,9.40,0.2043,true,1,1322765
4009900420129,false,מסטיק אורביט פרופשנל פפרמינט בקבוקון 64 גר',מרס נדרלנד,PL,מסטיק אורביט בקבוקון,גרמים,64.00,100 גרם,false,,9.40,0.1469,true,1,3871779
4009900426039,false,מסטיק מנטה אקליפטוס בקבוקון איירווייבס 64 גרם,איירוויבס Airwaves,PL,מסטיק איירוויבז בקבו,גרמים,64.00,גרם,false,,9.70,0.1516,true,1,2494527
4009900426121,false,מסטיק אורביט איירוויז בקבוקון אוכמניות 64ג',איירוויבס Airwaves,PL,מסטיק איירוויבז בקבו,גרמים,64.00,גרם,false,,9.70,0.1516,true,1,2494528
4009900465304,false,סוכריות סקיטלס פירות חמוצים 174 גרם,ריגלי ממתקים,CZ,סוכריות סקיטלס חמוצי,גרמים,174.00,100 גרם,false,,7.90,0.0454,true,1,1322784
4009900479998,false,אורביט וויט אוכמניות בקבוקון 46 מלבניות,ריגלי פולין,PL,מסטיק אורביט בקבוקון,גרמים,1.40,100 גרם,false,,9.40,6.7143,true,1,1322791
4009900482417,false,מסטיק אורביט פירות מנטה בקבוקון באבל מינט 45יח,ריגלי פולין,PL,מסטיק אורביט בקבוקון,גרמים,46.00,100 גרם,false,,9.40,0.2043,true,1,1322792
4009900483803,false,מסטיק איירובס מנטה אקליפטוס בקבוקון 60יח',איירוויבס Airwaves,PL,אורביט בקבוקון 60יח,יח',1.00,יח',false,,12.90,12.9000,true,1,3871780
4009900484060,false,מסטיק אורביט פרופשיונל בטעם מנטה ללא סוכר,ריגלי פולין,PL,אורביט בקבוקון 60יח,יח',1.00,יח',false,,12.90,12.9000,true,1,1322794
4009900487283,false,אורביט ילדים קלאסי סט' משפחתי-חמישיות,ריגלי צרפת,FR,מארז חמישיית אורביט,גרמים,13.00,5 גרם,false,,9.90,0.7615,true,1,1322797
4009900491044,false,מסטיק איירובס אוכמניות בקבוקון 60יח',איירוויבס Airwaves,PL,אירוויבז בקבוקון 60י,יח',1.00,יח',false,,12.90,12.9000,true,1,3871783
4009900496247,false,"מסטיק אורביט לל""ס מלבניות בקבוק בבלימנט 60 יח",אורביט Orbit,PL,אורביט בקבוק בטעם בב,יח',1.00,יח',false,,12.90,12.9000,true,1,3212834
4009900504218,false,אורביט וויט בטעם תפוז בקבוקון 46 מלבניות,חברת ריגלי בעמ,PL,מסטיק אורביט בקבוקון,גרמים,64.00,100 גרם,false,,9.40,0.1469,true,1,1322805
4009900509770,false,אורביט באריזת בקבוק בטעם תות 60 יח',אורביט Orbit,GB,אורביט בקבוקון 60 יח,גרמים,84.00,100 גרם,false,,12.90,0.1536,true,1,1573319
4009900521581,false,סוכריות אורביט מינטס מנטה בבקבוקון 77 גר,ריגלי פולין,PL,אורביט סוכריות מנטה,גרמים,77.00,גרם,false,,8.90,0.1156,true,1,3706589
4009900521611,false,סוכריות אורביט מינטס דובדבן מנטה בבקבוקון,מרס נדרלנד,PL,אורביט סוכריות דובדב,גרמים,77.00,גרם,false,,8.90,0.1156,true,1,3706590
4009900531122,false,"מסטיק בטעם מנטה ספירמינט, 64 ג' פרופשיונל אורפיט",מרס נדרלנד,PL,מסטיק אורביט בקבוקון,גרמים,64.00,100 גרם,false,,9.40,0.1469,true,1,3871787
4009900531573,false,סוכריות סקיטלס סמודיס בטעמי יוגורט ופירות,סקיטלס Skittles,CZ,סוכריות סקיטלס סמודי,גרמים,174.00,100 גרם,false,,7.90,0.0454,true,1,3871788
4009900532327,false,סוכריות סקיטלס סמודיס בטעמי יוגורט ופירות,ריגלי ממתקים,CZ,סקיטלס סוכריות סמודי,גרמים,38.00,100 גרם,false,,2.90,0.0763,true,1,3871789
4009900534581,false,איירוויבס בקבוקון דובדבן ומנטה 46 מלבני,Unknown,IL,מסטיק איירוויבז בקבו,גרמים,64.00,גרם,false,,9.70,0.1516,true,1,3884430
4009900534611,false,מסטיק איירוויבז בקבוקון בטעם מלון ומנטה,ריגלי,IL,מסטיק איירוויבז בקבו,גרמים,64.00,גרם,false,,9.40,0.1469,true,1,3884431
4009900535519,false,מסטיק אורביט רפרשרס ספירמינט ללא סוכר 15.6גר',אורביט,PL,מסטיק אורביט רפרשרס,יח',1.00,יח',false,,3.70,3.7000,true,1,3896260
4009900535540,false,מסטיק אורביט רפרשרס פפרמינט ללא סוכר 15.6גר',אורביט,PL,מסטיק אורביט רפרשרס,יח',1.00,יח',false,,3.70,3.7000,true,1,3890014
4009900535823,false,מסטיק אורביט רפרשרס באבלמינט ללא סוכר 15.6גר',אורביט,PL,מסטיק אורביט רפרשרס,יח',1.00,יח',false,,3.70,3.7000,true,1,3896261
4009900536257,false,מסטיק אורביט רפרשרס ספירמינט בקבוקון ללא סוכר 67 גר',מרס ריגלי קונפקשונרי,PL,מסטיק אורביט רפרשרס,יח',1.00,יח',false,,11.90,11.9000,true,1,3896262
4009900536288,false,מסטיק אורביט רפרשרס פפרמינט בקבוקון ללא סוכר 67 גר',מרס ריגלי קונפקשונרי,PL,מסטיק אורביט רפרשרס,יח',1.00,יח',false,,11.90,11.9000,true,1,3896263
4009900536486,false,מסטיק אורביט רפרשרס באבלמינט בקבוקון ללא סוכר 67 גר',מרס ריגלי קונפקשונרי,PL,מסטיק אורביט רפרשרס,יח',1.00,יח',false,,11.90,11.9000,true,1,3896264
4009900539340,false,סוכריות סקיטלס ג'יינט סאוור 141 גרם,מרס ריגלי קונפקשונרי,CZ,סקיטלס ג'איינט סאוור,גרמים,141.00,100 גרם,false,,7.90,0.0560,true,1,3898328
4009900539401,false,מסטיק פייב באונס בטעם מנטה HP,Unknown,PL,מסטיק פייב טעם מנטה,יח',1.00,יח',false,,3.70,3.7000,true,1,3904859
4009900539432,false,מסטיק פייב באונס בטעם אבטיח HP,Unknown,PL,מסטיק פייב אבטיח,יח',1.00,יח',false,,3.70,3.7000,true,1,3904860
4009900539685,false,"מסטיק פייב באונס בטעם מנטה בקבוקון, 61.8 גרם",ריגלי בעמ רוסיה,PL,מסטיק בקבוקון פייב מ,יח',1.00,יח',false,,11.90,11.9000,true,1,3904861
4009900539746,false,"מסטיק פייב באונס בטעם אבטיח בקבוקון, 61.8 גרם",ריגלי בעמ רוסיה,PL,מסטיק בקבוקון פייב ב,יח',1.00,יח',false,,11.90,11.9000,true,1,3904862
4009900540551,false,מסטיק אורביט רפרשרס טרופיקל בקבוקון ללא סוכר,מרס פולין,PL,מסטיק אורביט רפרשס ט,יח',1.00,יח',false,,11.90,11.9000,true,1,3901563
4011800528416,false,קורני חטיף דגנים עם בוטנים מתוק-מלוח*6,שוורטאוור וורקה,DE,קורני בייס סוויט אנד,גרמים,150.00,100 גרם,false,,10.90,0.0727,true,1,3879325
4011800633516,false,קורני שוקולד מריר מעולה 58% קקאו 6*1,שוורטאוור וורקה,DE,קורני עם שוקולד מריר מעול,גרמים,138.00,100 גרם,false,,10.90,0.0790,true,1,1351479
4014400900217,false,בונבונריית מרסי מבחר ממתקי שוקולד 400 גרם,קריניציה ויטמינה אס,DE,בונבוניירה מרסי 400,גרמים,400.00,100 גרם,false,,39.90,0.0997,true,1,1337002
4014400901191,false,בונבונריית מרסי מבחר ממתקי שוקולד 250 גרם,ליימן מותגים,DE,בונבוניירה שוקולד מר,גרמים,250.00,100 גרם,false,,24.90,0.0996,true,1,1337004
4014400901405,false,בונבוניירה שוקולד מרסי חלב 250 ג',קריניציה ויטמינה אס,DE,שוקולד חלב מרסי 250,גרמים,250.00,100 גרם,false,,24.90,0.0996,true,1,1337005
4014400901412,false,בונבוניירה שוקולד מריר מרסי 250 גרם,תות ממתקי איכות,DE,בונבוניירה שוקולד מר,גרמים,250.00,100 גרם,false,,24.90,0.0996,true,1,1337006
4014400903409,false,בונבוניירה שוקולד אגוזים טופיפי 250 גרם,קריניציה ויטמינה אס,DE,בונבוניירה שוקולד אג,גרמים,250.00,100 גרם,false,,24.50,0.0980,true,1,1337007
4014400904277,false,סוכריות בטעם מנטה אייס פרש סטורק 425 גרם,תות ממתקי איכות,DE,סוכריות בטעם מנטה אי,גרמים,425.00,100 גרם,false,,14.90,0.0351,true,1,1337008
4014400904376,false,סוכריות טופי בטעם שוקולד סטורק 325 גרם,קריניציה ויטמינה אס,DE,סוכריות טופי בטעם שו,גרמים,325.00,100 גרם,false,,14.90,0.0458,true,1,1337012
4014400904390,false,סוכריות טופי ממולא חלב סטורק 325 גרם,קריניציה ויטמינה אס,DE,סוכריות טופי ממולא ח,גרמים,325.00,100 גרם,false,,14.90,0.0458,true,1,1337013
4014400910063,false,סוכריות חמאה וורטרס אורגינל 135 גרם,וורטר'ס אורגינל,DE,סוכריות חמאה וורטרס,גרמים,135.00,100 גרם,false,,8.00,0.0593,true,1,1337022
4014400913910,false,וורטרס אורגינל סוכריות חמאה ממולאות קרם קרמל בשקית,תות ממתקי איכות,DE,סוכריות וורטרס אורגי,גרמים,125.00,100 גרם,false,,8.00,0.0640,true,1,1337024
4014400914696,false,וורטרס אורגינל סוכריות ללא סוכר 80 גרם,ליימן מותגים,DE,סוכריות וורטר ללא תו,גרמים,80.00,100 גרם,false,,7.90,0.0988,true,1,1337029
4014400923711,false,בונבוניירה שוקולד אגוזים טופיפי 125 גרם,ליימן מותגים,DE,בונבוניירה שוקולד אג,גרמים,125.00,100 גרם,false,,11.90,0.0952,true,1,2600559
4015000031394,false,"ספטיל - משחה להסרת כתמים 200 מ""ל",קריות זול,HU,ספטיל מסיר כתמים 200 גר',גרמים,200.00,100 גרם,false,,14.90,0.0745,true,1,1353902
4015000519915,false,"פה - דאודורנט ספריי לאישה פינק פרדייס 200 מ""ל",שוורצקופף והנקל,TR,דאודורנט ספריי פה פי,מיליליטרים,200.00,"100 מ""ל",false,,9.90,0.0495,true,1,1325903
4015000615884,false,"פה - דאודורנט ספריי לאישה קריביין לימון 200 מ""ל",שוורצקופף והנקל,DE,דאודורנט ספריי פה בנ,מיליליטרים,200.00,"100 מ""ל",false,,9.90,0.0495,true,1,1325924
4015000615891,false,"פה - דאודורנט ספריי לאישה אקווה 200 מ""ל",שוורצקופף והנקל,DE,פה דאו ספריי אקווה 2,מיליליטרים,200.00,"100 מ""ל",false,,9.90,0.0495,true,1,1325925
4015000997430,false,פה דאודורנט ספריי אינויזיבל פאוור 200 מל,שוורצקופף והנקל,TR,דאו פה ספורט ספריי,מיליליטרים,200.00,"100 מ""ל",false,,9.90,0.0495,true,1,1325967
4015100438239,false,צבע לשיער פאלטה קיט 5-5,שוורצקופף & הנקל דיסלדור,DE,פלאטה דלוקס קיט קרמל,יח',1.00,יח',false,,29.90,29.9000,true,1,3891201
4015400564034,false,מגן תחתון אולוויז מגה פק לונג פלוס 58 יחידות,פרוקטר אנד גמבל,DE,אולוויז מגן תחתון לו,יח',58.00,יח',false,,16.90,0.2914,true,1,1344340
4015400564454,false,מגני תחתון אולוויז לארג' עם ניחוח מגה פק,פרוקטר אנד גמבל,DE,אולוויז מגן תחתון לא,יח',68.00,יח',false,,16.90,0.2485,true,1,1344343
4015400598329,false,תחבושות אולוויז קוואטרו נורמל פלוס 56 יחידות,פרוקטר אנד גמבל,DE,אולוויז קוואטרו נורמ,יח',56.00,יח',false,,32.90,0.5875,true,1,1344349
4015400598381,false,תחבושות היגייניות אולטרה לונג - מארז קוואטרו 48 יח',פרוקטר אנד גמבל,DE,אולוויז קוואטרו לונג,יח',48.00,יח',false,,32.90,0.6854,true,1,1344350
4015400598411,false,תחבושות היגייניות יום ולילה Day & Night - מארז 40 יח',פרוקטר אנד גמבל,DE,אולוויז קוואטרו לילה,יח',40.00,יח',false,,32.90,0.8225,true,1,1344351
4015400695677,false,פמפרס בייבי דריי מידה 4+ 80 יח,פרוקטר & גמבל,TR,פמפרס בייבי דריי מיד,יח',1.00,יח',false,,64.90,64.9000,true,1,3905473
4015400695691,false,פמפרס בייבי דריי מידה 5 74 יח,פרוקטר & גמבל,TR,פמפרס בייבי דריי מיד,יח',1.00,יח',false,,64.90,64.9000,true,1,3905474
4015400731719,false,תחבושות היגייניות אולוויז יום ולילה Day & Night,פרוקטר אנד גמבל,UA,אולוויז תחבושות וליו,יח',20.00,יח',false,,16.90,0.8450,true,1,1787874
4015400746812,false,מגני תחתון אולוויז נורמל עם ניחוח מגה פק,פרוקטר אנד גמבל,UA,אולוויז מגן תחתון נו,יח',80.00,יח',false,,16.90,0.2112,true,1,2022357
4015400755241,false,תחבושות היגייניות אולוויז אולטרה נורמל - 28 יח',פרוקטר אנד גמבל,UA,אולוויז תחבושות נורמ,יח',28.00,יח',false,,16.90,0.6036,true,1,1787875
4015400755487,false,תחבושות היגייניות אולוויז אולטרה לונג - 24 יח',פרוקטר אנד גמבל,DE,אולוויז תחבושות סגול,יח',24.00,יח',false,,16.90,0.7042,true,1,1787877
4015400834960,false,פמפרס בייבי דריי 6 6,פרוקטר אנד גמבל,DE,פמפרס בייבי דריי 6 6,יח',1.00,יח',false,,69.80,69.8000,true,1,3879916
4015600762742,false,שמפו יומיומי למניעת קשקשים הנוסחה הקלאסית,פרוקטר אנד גמבל,RO,שמפו אנד שולדרס קלאס,מיליליטרים,500.00,"100 מ""ל",false,,17.90,0.0358,true,1,1344407
4015600762780,false,שמפו וקונדישינר יומיומי למניעת קשקשים הנוסחה הקלאסית 2in1,פרוקטר אנד גמבל,RO,שמפו אנד שולדרס 2ב1,מיליליטרים,500.00,"100 מ""ל",false,,17.90,0.0358,true,1,1344408
4015600762902,false,"שמפו האד אנד שולדרס מנטול 500 מ""ל",פרוקטר אנד גמבל,RO,שמפו האד אנד שולדרס,מיליליטרים,500.00,"100 מ""ל",false,,17.90,0.0358,true,1,1344411
4015600762940,false,שמפו יומיומי למניעת קשקשים בניחוח תפוח,פרוקטר אנד גמבל,RO,שמפו האד אנד שולדרס,מיליליטרים,500.00,"100 מ""ל",false,,17.90,0.0358,true,1,1344412
4015600766900,false,"שמפו ומרכ ך נגד קשקשים 500 מ""ל הד אנד שולדרס",פרוקטר אנד גמבל,RO,שמפו הד אנד שולדרס 2,מיליליטרים,500.00,"100 מ""ל",false,,17.90,0.0358,true,1,1344420
4015600810849,false,גילט דאו קליר גל 70 מל פאוור ראש,פרוקטר אנד גמבל,CZ,דאודורנט ג'ילט קליר,מטרים,75.00,100 מ'ל,false,,14.90,0.1987,true,1,1344429
4017100160110,false,בלזן גלילי וופל במילוי קרם בטעם שוקולד 75 גר',בלזן פולסקה,DE,וופל קרמי שוקולד 75,גרמים,75.00,100 גרם,false,,7.90,0.1053,true,1,3883064
4017100198151,false,בלזן היט ביסקוויט עם מלית קרם בטעם וניל (41%) 220 גרם,הדקלאים אגודת שיתופי,PL,עוגיות היט 220 ג,גרמים,220.00,100 גרם,false,,7.90,0.0359,true,1,1337041
4017100216800,false,בלזן וופל מיניס מצופה שוקולד חלב 100 גרם,ליימן שליסל,DE,וופל מיניס פריך מצופ,גרמים,100.00,100 גרם,false,,7.90,0.0790,true,1,1337044
4017100291005,false,בלזן לייבניז בסקויט חמאה מצופה שוקולד מריר 125 גרם,הדקלאים אגודת שיתופי,DE,ביסקוויט מצופה שוקול,גרמים,125.00,100 גרם,false,,10.90,0.0872,true,1,1337049
4017100364112,false,בלזן היט בסקוויט סנדביץ עם מלית קרם בטעם שוקולד קקאו (41%) 220 גרם,הדקלאים אגודת שיתופי,PL,עוגיות היט 220 ג,גרמים,220.00,100 גרם,false,,7.90,0.0359,true,1,1337053
4017100366239,false,עוגיות ביסקוויט סנדוויץ ממולא קרם בטעם שוקולד,ליימן שליסל,PL,ליבניץ אנד קרים 190,גרמים,190.00,100 גרם,false,,7.90,0.0416,true,1,3879493
4018722344308,false,פפרדלה כוסמין אורגני אלב גולד 500 גרם,אלב גולד,DE,פפרדלה כוסמין אורגני,גרמים,500.00,100 גרם,false,,16.90,0.0338,true,1,3885145
4022025001905,false,יין בלו ווין מבעבע זהב כשר 750 מל,היי סישל סוהן טראבן,DE,בלו מבעבע זהב כשר,מיליליטרים,750.00,"100 מ""ל",false,,54.90,0.0732,true,1,3871956
4022025001929,false,"בלו ווין מבעבע כחול 750 מ""ל",היי סישל סוהן טראבן,DE,בלו כחול מבעבע כשר,מיליליטרים,750.00,"100 מ""ל",false,,54.90,0.0732,true,1,3871958
4022025002100,false,"בלו ווין מבעבע K24 רוזה 750 מ""ל",היי סישל סוהן טראבן,DE,בלו מבעבע רוזה כשר,מיליליטרים,750.00,"100 מ""ל",false,,54.90,0.0732,true,1,3880797
4022025261002,false,"בלו ווין גוורצטרמינר 750 מ""ל",לנגוט טראבן,DE,"בלו וויין 750 מ""ל",מיליליטרים,750.00,"100 מ""ל",false,,49.90,0.0665,true,1,3179660
4023800012109,false,מרציפן שלוקוורד מצופ,,DE,מרציפן מצופה 100 גר,גרמים,100.00,100 גרם,false,,7.50,0.0750,true,1,1335610
4023800122105,false,מרציפן לא מצופה 82 גרם,,DE,מרציפן לא מצופה 82 ג,גרמים,82.00,100 גרם,false,,7.50,0.0915,true,1,2841171
4025700001962,false,מילקה טבלת שוקולד לבן 100 גרם,פי אר ג'יי אס סי מונ,UA,מילקה שוקולד לבן 100,גרמים,100.00,100 גרם,false,,5.90,0.0590,true,1,3885556
4045787068221,false,"אינדולה - פרוטאין צבע 1 שחור 60 מ""ל",שוורצקופף והנקל,DE,פרוטאין קולור 1 שחור,מטרים,60.00,100 מ'ל,false,,15.90,0.2650,true,1,1325973
4045787068245,false,צבע לשיער פרוטאין קולור- 1000.0 אקסטרה בלונד,שוורצקופף והנקל,DE,פרוטאין קולור 1000.0,מטרים,60.00,100 מ'ל,false,,15.90,0.2650,true,1,1325975
4045787068337,false,"אינדולה - פרוטאין 5-35 חום שקד 60 מ""ל",אינדולה Indola,DE,פרוטאין קולור 5.35 א,מטרים,60.00,100 מ'ל,false,,15.90,0.2650,true,1,1325982
4045787068344,false,"אינדולה - פרוטאין צבע 5-4 ערמונים 60 מ""ל",אינדולה Indola,DE,פרוטאין קולור 5.4 ער,מטרים,60.00,100 מ'ל,false,,15.90,0.2650,true,1,1325983
4045787068375,false,"אינדולה - פרוטאין צבע 6 בלונד כהה 60 מ""ל",שוורצקופף והנקל,DE,פרוטאין קולור 6 בלונ,מטרים,60.00,100 מ'ל,false,,15.90,0.2650,true,1,1325986
4045787068382,false,צבע לשיער פרוטאין קולור- 6.03 חום זהבהב,שוורצקופף והנקל,DE,פרוטאין קולור 6.03 ח,מטרים,60.00,100 מ'ל,false,,15.90,0.2650,true,1,1325987
4045787068405,false,"אינדולה - פרוטאין צבע 6-23 חום שקד 60 מ""ל",אינדולה Indola,DE,פרוטאין קולור 6.23 ח,מטרים,60.00,100 מ'ל,false,,15.90,0.2650,true,1,1325988
4045787068429,false,"אינדולה - פרוטאין צבע 6-4 אגוז 60 מ""ל",הנקל,DE,פרוטאין קולור 6.4 אג,מטרים,60.00,100 מ'ל,false,,15.90,0.2650,true,1,1325990
4045787068436,false,צבע לשיער פרוטאין קולור- 6.46 נחושת אדומה,אינדולה Indola,DE,פרוטאין קולור 6.46 נ,מטרים,60.00,100 מ'ל,false,,15.90,0.2650,true,1,1325991
4045787068467,false,"אינדולה - פרוטאין צבע 7 בלונד בינוני 60 מ""ל",שוורצקופף והנקל,DE,פרוטאין קולור 7 בלונ,מטרים,60.00,100 מ'ל,false,,15.90,0.2650,true,1,1325994
4045787068498,false,"אינדולה - פרוטאין צבע 7-3 דבש 60 מ""ל",שוורצקופף והנקל,DE,פרוטאין קולור 7.3 דב,מטרים,60.00,100 מ'ל,false,,15.90,0.2650,true,1,1325996
4045787068504,false,"אינדולה - פרוטאין צבע 7-35 פקאן 60 מ""ל",שוורצקופף והנקל,DE,פרוטאין קולור 7.35 פ,מטרים,60.00,100 מ'ל,false,,15.90,0.2650,true,1,1325997
4045787068535,false,צבע לשיער פרוטאין קולור- 7.66 אדום זוהר,אינדולה Indola,DE,פרוטאין קולור 7.66 א,מטרים,60.00,100 מ'ל,false,,15.90,0.2650,true,1,1325999
4045787068566,false,"אינדולה - פרוטאין צבע 8-3 בלונד שמש 60 מ""ל",אינדולה Indola,DE,פרוטאין קולור 8.3 בל,מטרים,60.00,100 מ'ל,false,,15.90,0.2650,true,1,1326001
4045787068610,false,"אינדולה - פרוטאין צבע 9 בלונד טבעי 60 מ""ל",שוורצקופף והנקל,DE,פרוטאין קולור 9 בלונ,מטרים,60.00,100 מ'ל,false,,15.90,0.2650,true,1,1326003
4050328191931,false,ענב אדום 500 גר,,,ענב אדום 500 גר,יח',1.00,יח',false,,9.81,9.8100,true,1,3893278
4053700288205,false,"ויט קרם להסרת שיער לעור רגיש 100 מ""ל",רקיט בנקיזר צרפת,FR,Veet Sensitive Skin 100ml,מטרים,100.00,100 מ'ל,false,,19.90,0.1990,true,1,1344797
4053700292455,false,ויט רצועות שעווה מוכנות להסרת שיער לעור רגיל 12 יחידות,רקיט בנקיזר צרפת,FR,Veet CWS Regular Skin Mis,יח',12.00,יח',false,,19.90,1.6583,true,1,1344798
4056800943739,false,קרם חמצן וולוקסון Welloxon 6%,פרוקטר אנד גמבל,FR,קרם חמצן וולוקסון 6%,יח',1.00,יח',false,,3.90,3.9000,true,1,1344461
4056800943791,false,קרם חמצן וולוקסון Welloxon 9%,פרוקטר אנד גמבל,FR,קרם חמצן וולוקסון 9%,100 מל,60.00,100 מל,false,,3.90,0.0650,true,1,1344462
4066600601920,false,פאולנר ביתר חיטה מעוננת 500 מל,פאולנר Paulaner,DE,פאולנר ביתר חיטה מעו,מיליליטרים,500.00,"100 מ""ל",false,,9.90,0.0198,true,1,3883276
4066600999614,false,"בירה פאולנר, בירת חיטה מעוננת, בקבוק 500 מ""ל",מבשלת פאולנר,DE,פאולנר 500 מל,מיליליטרים,500.00,"100 מ""ל",false,,10.90,0.0218,true,1,2696531
4084500065536,false,פנטן קרם לחות מוגברת לעיצוב שיער 300 מל,פרוקטר אנד גמבל,FR,קרם לשיער פנטן לחות,מיליליטרים,300.00,"100 מ""ל",false,,14.90,0.0497,true,1,1344464
4084500065598,false,"קרם לחות פנטן לתלתלים מושלמים 300 מ""ל",פרוקטר אנד גמבל,FR,קרם לחות פנטן לתלתלי,מיליליטרים,300.00,"100 מ""ל",false,,14.90,0.0497,true,1,1344465
4084500088917,false,"נוזל כלים פיירי לימון 650 מ""ל בד""צ",פרוקטר אנד גמבל,US,נוזל כלים פיירי לימו,מיליליטרים,650.00,"100 מ""ל",false,,10.90,0.0168,true,1,1344469
4084500178137,false,נוזל כביסה טייד 4 ליטר,פרוקטר אנד גמבל,FR,נוזל כביסה טייד 4 לי,ליטרים,4.00,ליטר,false,,31.90,7.9750,true,1,1344473
4084500371453,false,"אבקת כביסה טייד אלפיין 8 ק""ג",פרוקטר אנד גמבל,CH,אבקת כביסה טייד אלפי,קילוגרמים,8.00,"ק""ג",false,,41.90,5.2375,true,1,1344478
4084500853553,false,פיירי נוזל כלים קלאסי אורגינל 650 מל,פרוקטר אנד גמבל,GB,נוזל כלים פיירי אורי,מיליליטרים,650.00,"100 מ""ל",false,,10.90,0.0168,true,1,1344484
4084500853898,false,"נוזל כלים פיירי אלוורה ומלפפונים 515 מ""ל בד""צ",פרוקטר אנד גמבל,GB,נוזל כלים פיירי אלוו,מיליליטרים,515.00,"100 מ""ל",false,,8.90,0.0173,true,1,1344488
4084500854048,false,פיירי נוזל כלים לימון 1.24 ליטר,פרוקטר אנד גמבל,GB,נוזל כלים פיירי לימו,ליטרים,1.24,ליטר,false,,12.90,10.4032,true,1,1344489
4084500920880,false,נוזל כלים פיירי אורגינל ירוק 1.24 ליטר,פרוקטר אנד גמבל,GB,נוזל כלים פיירי אורג,ליטרים,1.24,ליטר,false,,12.90,10.4032,true,1,1344491
4100130924002,false,בירה בקס ללא אלכוהול,,DE,שישיית בירה בקס בלו,יח',1.00,יח',false,,24.90,24.9000,true,1,3891376
4100130937163,false,בירה בקס שישייה 6*275 מל,"איי, בי, אינבוו",DE,"בירה בקס 6* 275 מ""ל",מיליליטרים,275.00,"100 מ""ל",false,,24.90,0.0905,true,1,2697038
4105120623941,false,"בירה ויינשטפן בק' ח""פ 500 מ""ל","ויינשטפן, ת.ד 1155 פרייז",DE,ויינשטפן 500 מל,מיליליטרים,500.00,"100 מ""ל",false,,11.20,0.0224,true,1,3357632
4260147890513,false,אטריות ביצים דקות ורמיצ'לי 500ג',דין שיווק,PL,אטריות ביצים רצועות,גרמים,500.00,100 גרם,false,,9.90,0.0198,true,1,1324542
4260147890537,false,אטריות ביצים רצועות רחבות 500 גר,דין שיווק,PL,אטריות ביצים רצועות,גרמים,500.00,100 גרם,false,,9.90,0.0198,true,1,1324543
4260147890711,false,אטריות ביצים מגולגלות שקדיה 500 גרם,דין שיווק,PL,אטריות ביצים מגולגלו,גרמים,500.00,100 גרם,false,,9.90,0.0198,true,1,1324546
4260334140605,false,שוקולד ג'נדויה טבעוני עם אגוזי לוז שלמים 150 גרם ללא גלוטן,האי נאם סי או אל.טי.,IT,שוקולד טבעוני ואגוזי,גרמים,150.00,100 גרם,false,,19.50,0.1300,true,1,3896501
4444777700323,false,מסנן כיור אמריקאי סיליקון,דגש,,מסנן כיור אמריקאי סי,יח',1.00,יח',false,,14.90,14.9000,true,1,1346620
4600659011059,false,וודקה סטוליצניה אדום,אס פי איי SPI (סטולי,LV,סטוליצ'ניה פרימיום ליטר ל,ליטרים,1.00,ליטר,false,,89.90,89.9000,true,1,1337990
4604248000349,false,רוטב בטעם מיונז פרובנסל מחייב 380 גרם,אסן פרודקשן,,רוטב לסלט מחייב פרוב,גרמים,380.00,100 גרם,false,,8.50,0.0224,true,1,3890909
4604248000844,false,רוטב בטעם מיונז עם שמן זית 380 גרם,אסן פרודקשן,,מיונז מחייב עם שמן ז,גרמים,380.00,100 גרם,false,,8.50,0.0224,true,1,3890466
4604248003081,false,רוטב בטעם מיונז עם בית שליו מחייב 380 גרם,אסן פרודקשן,,רוטב לסלט מחייב עם ב,גרמים,380.00,100 גרם,false,,8.50,0.0224,true,1,3896414
4604248003784,false,חזרת 140 גר,אסן פרודקשן,RU,חזרת 140 גר,גרמים,140.00,100 גרם,false,,4.90,0.0350,true,1,3890910
4607012352453,false,גרעיני חמניות מרטין פסים עם מלח 150 גר,אל אל סי מרטין,RU,גרעיני חמניות קלויים,גרמים,166.00,100 גרם,false,,9.90,0.0596,true,1,3885664
4640018993343,false,פיניש קוואנטום קפסולות ג'ל למדיח כלים 30 יח',רקיט בנקיזר,PL,פיניש קואנטום 30קפ ש,יח',1.00,יח',false,,39.80,39.8000,true,1,3885573
4640018993350,false,פיניש קוואנטום קפסולות ג'ל למדיח כלים לימון 30 יח',רקיט בנקיזר,PL,פיניש קואנטום 30קפ ש,יח',1.00,יח',false,,34.90,34.9000,true,1,3885574
4640018993374,false,קפסולות ג'יל רגיל קואנטום 45 יח' פיניש,,,פיניש קואנטום 45קפ ש,יח',1.00,יח',false,,47.80,47.8000,true,1,3885575
4640018993398,false,פיניש קוואנטום 60 יח' קפסולות ג'ל למדיח כלים,רקיט בנקיזר,PL,פיניש קואנטום 60יח ש,יח',1.00,יח',false,,54.90,54.9000,true,1,3885252
4710068001692,false,"מאסטר קפה לאטה פחית 240 מ""ל",תאיט מרקטינג אנד דיסטריב,TW,מאסטר קפה לאטה פחית,מיליליטרים,240.00,"100 מ""ל",false,,5.90,0.0246,true,1,2342463
4710068001715,false,"מאסטר קפה טירמיסו פחית 240 מ""ל",יוני פרזינדנט אנטרפר,TW,מאסטר קפה טירמיסו 24,מיליליטרים,240.00,"100 מ""ל",false,,5.90,0.0246,true,1,2342464
4710068001739,false,"מאסטר קפה קולומביאני 250 מ""ל",יוני פרזינדנט אנטרפר,TW,מאסטר קפה קולומביאני,מיליליטרים,240.00,"100 מ""ל",false,,5.90,0.0246,true,1,2342465
4710068002798,false,מאסטר קפה וונילה פחית 240 מל,מאיטה פוד אינדוסטריאל קו,TW,מאסטר קפה וונילה פחי,יח',1.00,יח',false,,5.90,5.9000,true,1,3878827
4710964104916,false,"שמן שומשום טהור 370 מ""ל (כ)",פלייבור פול פודס טיי,TW,שמן שומשום טהור 370,מיליליטרים,370.00,"100 מ""ל",false,,22.40,0.0605,true,1,1341468
4740098080589,false,בירה בלונד אמריקאן 5,א. לה קוק,,בירה בלונד אה לה קוק,מטרים,500.00,100 מ'ל,false,,8.90,0.0178,true,1,3901984
4740098090137,false,"בירה אינדיה פייל אייל לבנה 500 מ""ל",א.לה קוק A.Le Coq,EE,בירה IPA לבנה,יח',1.00,יח',false,,8.90,8.9000,true,1,3896344
4740098090632,false,קוקטייל לי קוג מרגרי,,,קוקטייל מרגריטה,מיליליטרים,620.00,"100 מ""ל",false,,9.90,0.0160,true,1,3885665
4750142001996,false,בירה צסו כהה בוהמיין,"""cesu alus""",,בירה צ'סו כהה,מיליליטרים,500.00,"100 מ""ל",false,,8.50,0.0170,true,1,3885667
4750142016518,false,בירה צסו לא מסוננת 5.4% 568 מל,צ'סו אלוס,LV,בירה צ'סו לא מסונן,מיליליטרים,500.00,"100 מ""ל",false,,8.50,0.0170,true,1,3885668
4750142021505,false,"בירה PILSENER בהירה 4.7% פחית 500 מ""ל",צ'סו אלוס,LV,בירה פילזנר צ'סו,מיליליטרים,500.00,"100 מ""ל",false,,5.90,0.0118,true,1,3885669
4750616000258,false,שפרוטים גדולים מעושנים בשמן צמחי,בריויאס וילניוס,LV,דגי שפרוטים גדולים מ,גרמים,215.00,100 גרם,false,,7.90,0.0367,true,1,3885670
4750616000593,false,דגי שפרוטים גדולים מעושנים,בריויאס וילניוס,LV,דגי שפרוטים גדולים מ,גרמים,215.00,100 גרם,false,,7.90,0.0367,true,1,3885671
4750616006564,false,סרדינים על הגריל בשמן זית 190 גר,,LV,סרדינים על הגריל בשמ,יח',1.00,יח',false,,10.90,10.9000,true,1,3896346
4750616006588,false,סרדינים על הגריל עם לימון בשמן זית 190 ג,,LV,סרדינים על הגריל עם,יח',1.00,יח',false,,10.90,10.9000,true,1,3896347
4796019790013,false,"שמן קוקוס אורגני 300 מ""ל",כפרי בריא,,שמן קוקוס אורגני 300,מיליליטרים,300.00,"100 מ""ל",false,,19.90,0.0663,true,1,3866520
4796019790020,false,"גרין קוקו - שמן קוקוס אורגני 500 מ""ל",גרין קוקו,LK,שמן קוקוס אורגני 500,מיליליטרים,500.00,"100 מ""ל",false,,29.90,0.0598,true,1,3862350
4796019790037,false,שמן קוקוס אורגני 1 ליטר גרין קוקו,כפרי בריא,,שמן קוקוס אורגני 1 ל,ליטרים,1.00,ליטר,false,,49.90,49.9000,true,1,3866521
4800888150080,false,"דאב - דאודורנט רול און לאישה פרש טאצ' מלפפונים 50 מ""ל",יוניליוור פיליפינים,PH,דאב רולאון דאודורנט,מטרים,50.00,100 מ'ל,false,,14.90,0.2980,true,1,1330943
4800888190529,false,דאב דאו סטיק טאלק סופט לאשה 50 גר,יוניליוור,PH,דאב סטיק טאלק סופט 5,גרמים,50.00,100 גרם,false,,14.90,0.2980,true,1,1358259
4800888209368,false,רקסונה - דאודורנט סטיק לגבר אקסטרא קול 50 גרם,יוניליוור,PH,רקסונה דאודורנט סטיק,יח',1.00,יח',false,,9.90,9.9000,true,1,3886193
4800888219510,false,דאב - דאודורנט סטיק לאישה פרש מלפפונים 50 גרם,יוניליוור פיליפינים,PH,דאב סטיק מלפפון ותה,גרמים,50.00,100 גרם,false,,14.90,0.2980,true,1,3890399
4800888219534,false,דאב - דאודורנט סטיק לאישה אנטי פרספירמט 50 גרם,יוניליוור פיליפינים,PH,דאב סטיק נשים אורגינ,גרמים,50.00,100 גרם,false,,14.90,0.2980,true,1,3892511
4820229031311,false,"וודקה חורטיצה פלטניום 700 מ""ל.",אוקראיניאן דיסטריביו,UA,חורטיצה פלטינום 700,מיליליטרים,700.00,"100 מ""ל",false,,54.90,0.0784,true,1,3896422
4891228304478,false,שיק היידרו 5 סנס רביעיית סכינים לגבר עם עור רגיש,ארץ ייצור סכינים: ארהבn\,CN,שיק היידרו 5 סנס רבי,יח',5.00,יח',false,,47.90,9.5800,true,1,3867176
4891228308049,false,סכין גילוח שיק היידרו 5 סנס לגבר+7סכינים,ארץ ייצור סכינים: ארהבn\,US,שיק היידרו גבר סנס י,יח',1.00,יח',false,,64.90,64.9000,true,1,3885509
4891228309268,false,"טאצ' אפ מעצב גבות מקצועי, 3 יחידות",שסטוביץ,CN,שיק סילק טאצ' אפ 3 י,מטרים,3.00,100 מ'ל,false,,17.90,5.9667,true,1,3900905
4891228430030,false,סכיני גילוח שיק אקזקטה 2 לעור רגיש ירוק 5 יח',אנרג'יזר Energizer,CN,סכיני גילוח שיק נשים,יח',5.00,יח',false,,9.90,1.9800,true,1,1326972
4891228430054,false,סכיני גילוח לנשים שיק אקזקטה 2 5 יח,שיק,CN,סכיני גילוח שיק נשים,יח',5.00,יח',false,,9.90,1.9800,true,1,1326974
4891228430061,false,סכיני גילוח שיק אקזקטה 2 לנשים ורוד 10 יח',הנסיך- מפעל לייצור ט,CN,סכיני גילוח לנשים עם,יח',10.00,יח',false,,23.90,2.3900,true,1,1326975
4891228430085,false,סכיני גילוח שיק אקסטרים קומפורט לגבר 3 להבים 4 יחידות,אנרג'יזר Energizer,CN,סכין גילוח שיק אקסטר,יח',4.00,יח',false,,14.90,3.7250,true,1,1326976
4891228430092,false,סכיני גילוח שיק אקסטרים קומפורט לנשים 3 להבים 4 יחידות,אנרג'יזר Energizer,CN,סכיני גילוח לנשים שי,יח',4.00,יח',false,,14.90,3.7250,true,1,1326977
4891228460242,false,שיק קוואטרו חד פעמי לנשים 3 יחידות,אנרג'יזר Energizer,CN,סכיני גילוח חד פעמיי,יח',3.00,יח',false,,19.90,6.6333,true,1,1326982
4895060592307,false,סוכריות נטורל בטעמים בקבוק NUGGELS,איתן-מזון,CN,סוכריות בקבוק חלב,יח',1.00,יח',false,,5.90,5.9000,true,1,3843564
4903001904192,false,"רוטב סויה יאמסה פרימיום 500 מ""ל",הדקלאים אגודת שיתופי,JP,רוטב סויה יאמסה 500,מיליליטרים,500.00,"100 מ""ל",false,,17.90,0.0358,true,1,1337060
4903001904208,false,רוטב סויה פרימיום יאמסה 1 ליטר,הדקלאים אגודת שיתופי,JP,רוטב סויה פרימיום יא,ליטרים,1.00,ליטר,false,,31.90,31.9000,true,1,1337061
4903001925784,false,"רוטב סויה יאמאסה פרמיום דל מלח 500 מ""ל",הדקלאים אגודת שיתופי,JP,רוטב סויה יאמאסה פרי,מיליליטרים,500.00,"100 מ""ל",false,,17.90,0.0358,true,1,1337062
4903001930993,false,"רוטב טריאקי יאמאסה 500 מ""ל",ליימן מותגים,JP,רוטב טריאקי יאמאסה,מיליליטרים,500.00,"100 מ""ל",false,,17.90,0.0358,true,1,1337063
5000111047371,false,היינץ רוטב ברביקיו קלאסי HP,היינץ,,רוטב ברביקיו קלאסי 4,גרמים,465.00,100 גרם,false,,15.90,0.0342,true,1,3527787
5000146048671,false,סילבו משחה לניקוי כלי כסף 75 גרם,רקיט בנקיזר,PT,SILVO IL WADDING 6X75G,גרמים,75.00,100 גרם,false,,12.90,0.1720,true,1,1344800
5000146048688,false,מטליות לניקוי כלי נחושת ברסו 75 גרם,רקיט בנקיזר,PT,BRASO IL WADDING 6X75G,גרמים,75.00,100 גרם,false,,12.90,0.1720,true,1,1344801
5000146401568,false,וולייט דפים למניעת העברת צבע 10 דפים,רקיט בנקיזר,IT,Woolite Sheets*26,יח',10.00,יח',false,,9.90,0.9900,true,1,1344806
5000146980322,false,קרם להסרת שיער לעור רגיל מועשר בחלב לוטוס ויסמין,רקיט בנקיזר צרפת,FR,Veet Creams Normal Skin 1,מטרים,100.00,100 מ'ל,false,,19.90,0.1990,true,1,1344807
5000157143365,false,מתבל בטעם מיונז וקטשופ היינץ 425 גרם,"פודליצקי ספ.ז.או.או,",PL,רוטב טעם מיונז וקטשו,מיליליטרים,425.00,"100 מ""ל",false,,14.90,0.0351,true,1,3883545
5000159376655,false,סוכריות SKITTLES פירות קטן 38 גרם אדום,ריגלי ממתקים,CZ,סקיטלס סוכריות פירות,גרמים,38.00,100 גרם,false,,2.90,0.0763,true,1,1322812
5000159376792,false,סוכריות סקיטלס Skittles פירות חמוצים,ריגלי ממתקים,CZ,סקיטלס סוכריות חמוץ,גרמים,38.00,100 גרם,false,,2.90,0.0763,true,1,1322813
5000159407236,false,חטיף מרס שוקולד עם ק,מרס הולנד בי.וי.,NL,חטיף מרס שוקולד עם ק,גרמים,51.00,100 גרם,false,,3.90,0.0765,true,1,1332943
5000159409179,false,מארז חטיפי מיני סניקרס Snickers,מרס הולנד בי.וי.,NL,שקית מיני גדולה סניק,גרמים,403.00,100 גרם,false,,19.90,0.0494,true,1,1332946
5000159452663,false,מרס מארז חטיף 45 גרם חמישייה,מארס,NL,מאגדת מארס חמישייה,יח',1.00,יח',false,,9.90,9.9000,true,1,3896266
5000159452977,false,מיקס שקית מיניס 400 גרם מרס-באונטי-טוויק,מרס הולנד בי.וי.,NL,שקית מיני גדולה מרס,גרמים,400.00,100 גרם,false,,19.90,0.0497,true,1,1332949
5000159459228,false,חטיף שוקולד טוויקס 50 ג',"נארז ע""י : א.ג. גילר",NL,חטיף טוויקס שוקולד 5,גרמים,50.00,100 גרם,false,,3.90,0.0780,true,1,1332951
5000159461122,false,חטיף שוקולד סניקרס מקס קרמל 50 ג',"נארז ע""י : א.ג. גילר",NL,חטיף סניקרס שוקולד ו,גרמים,50.00,100 גרם,false,,3.90,0.0780,true,1,1332952
5000159527149,false,בי קיינד פרוטאין - קרמל ובוטנים קלויים,General,US,בי קינד פרוטאין קרמל,גרמים,50.00,100 גרם,false,,10.90,0.2180,true,1,3898165
5000159532907,false,בי קיינד-אגוזים ומלח ים בציפוי דבש*3,General,IL,בי קיינד מאגדת חטיפי,יח',1.00,יח',false,,14.90,14.9000,true,1,3896269
5000159538626,false,טוויקס מארז חטיף 50 גרם חמישייה,טוויקס Twix,NL,מאגדת טוויקס חמישייה,יח',1.00,יח',false,,9.90,9.9000,true,1,3896273
5000159538640,false,באונטי מארז חטיף 57 גרם חמישייה,באונטי,NL,מאגדת באונטי חמישייה,יח',1.00,יח',false,,9.90,9.9000,true,1,3896274
5000159541152,false,חטיף טוויקס לבן 46 גרם.,מרס.גי אם. בי אייץ,DE,חטיף טוויקס לבן 46 ג,גרמים,46.00,100 גרם,false,,3.90,0.0848,true,1,3896275
5000168186597,false,הובנובס מצופה שוק.חלב300,DIGESTIVE MCVITIES,GB,מקוויטיס ביסקוויט שי,גרמים,300.00,100 גרם,false,,11.90,0.0397,true,1,3584030
5000204153903,false,מטהר אוויר גלייד מילוי אוטומטי מרכך כביסה,"קוסטר אירוסול ואלף סאן,",TR,גלייד מילוי אוטומטי מרכך,מיליליטרים,269.00,"100 מ""ל",false,,13.90,0.0517,true,1,3894298
5000204167856,false,"גלייד מילוי אוטומטי פסטיבל קינמון 269 מ""ל","קוסטר אירוסול ואלף סאן,",TR,גלייד מילוי אוטומטי,מטרים,269.00,100 מ'ל,false,,13.90,0.0517,true,1,3898094
5000204243000,false,"נוזל לאסלה אפרסק על חלל 750 מ""ל דאק",טואלט דאק (ג'ונסון),NL,דאק נוזל אפרסק 750 מ,יח',1.00,יח',false,,8.90,8.9000,true,1,3903426
5000204243031,false,"נוזל לאסלה ירח פורח 750 מ""ל דאק",טואלט דאק (ג'ונסון),NL,דאק נוזל ירח פורח 75,יח',1.00,יח',false,,8.90,8.9000,true,1,3903427
5000204658187,false,"קיווי נוזל נעליים קראון שחור 75 מ""ל",אס' סי' ג'ונסון במה,PL,קיווי קראון נוזלי מבריק ש,100 מל,75.00,100 מל,false,,14.20,0.1893,true,1,1351506
5000204661392,false,"קיווי אקסטרא לארג' שחור(גדול) 100מ""ל",המאפיה של הרמן,ID,קיווי אקסטרא לארג' שחור(ג,100 מל,100.00,100 מל,false,,9.90,0.0990,true,1,1351510
5000394137516,false,רביעיות סוללות אופטימום AAA דורסל,פרוקטר אנד גמבל,BE,דורסל אופטימום רביעי,יח',1.00,יח',false,,17.80,17.8000,true,1,3898018
5000396037944,false,מקוויטיס ביסקוייט קלאסי 250 גרם,ברנדס סרטרה נשיונל,GB,מקוויטיס ביסקוויט קל,גרמים,250.00,100 גרם,false,,9.90,0.0396,true,1,3583991
5010026512062,false,גרנולה קראנצ הוואי 5,,,גרנולה הוואי 500גרם,גרמים,500.00,100 גרם,false,,18.90,0.0378,true,1,3893049
5010029219241,false,דגני בוקר וויטביקס מיני שוקולציפס 450 גר,וויטביקס Weetabix,,דגני בוקר וויטביקס מ,גרמים,450.00,100 גרם,false,,22.90,0.0509,true,1,3862713
5010182996799,false,ג'ל אסלה מנטרל ריחות בניחוח פרחי בר ורודים,דאופלור אס.פי.אי איט,IT,דאק ג'ל אסלה פרחי בר ורוד,מטרים,55.00,100 מ'ל,false,,9.90,0.1800,true,1,1351520
5010182997253,false,רייד תרסיס קוטל ג'וקים/תיקנים 300 מל,אס.סי.ג'ונסון מידרכט,NL,"RAIDקוטל ג'וקים 300מ""ל",מיליליטרים,300.00,"100 מ""ל",false,,13.90,0.0463,true,1,1351522
5010182997338,false,דאק ג'ל לניקוי אסלות בניחוח רענן 55 מל,"איטיליאן פוד, אס.פי.",IT,ט.ד ג'ל אסלה ניחוח רענן י,100 מל,55.00,100 מל,false,,9.90,0.1800,true,1,1351523
5010182997680,false,"רייד ארוסול קוטל נמלים - 300 מ""ל",אס.סי.ג'ונסון מידרכט,NL,"RAIDקוטל נמלים 300מ""ל",מיליליטרים,300.00,"100 מ""ל",false,,13.90,0.0463,true,1,1351527
5010182998847,false,דאק נוזל לניקוי אסלות בניחוח ים 750 מל,מיוצר עי קונדיטוריית,NL,"טואלט דאק נוזל כחול 750מ""",מיליליטרים,750.00,"100 מ""ל",false,,8.90,0.0119,true,1,1351529
5010182998861,false,דאק נוזל לניקוי אסלות בניחוח רענן 750 מל,מיוצר עי קונדיטוריית,NL,"טואלט דאק נוזל ירוק 750מ""",מיליליטרים,750.00,"100 מ""ל",false,,8.90,0.0119,true,1,1351530
5010677551281,false,"בקרדי בריזר לימון 275 מ""ל בקבוק",בקרדי בריזר Bacardi Breezer,BE,בקרדי בריזר לימון 275 בקב,מיליליטרים,275.00,"100 מ""ל",false,,12.90,0.0469,true,1,1326479
5010677551397,false,"בקרדי בריזר לימון ליים 275 מ""ל",בקרדי בריזר Bacardi Breezer,BE,בקרדי בריזר לימון לי,מיליליטרים,275.00,"100 מ""ל",false,,12.90,0.0469,true,1,1326480
5010677552387,false,"בקרדי בריזר אננס 275 מ""ל בקבוק",בקרדי בריזר Bacardi Breezer,BE,בקרדי בריזר אננס 275 בקבו,מיליליטרים,275.00,"100 מ""ל",false,,12.90,0.0469,true,1,1326481
5010677554398,false,"בקרדי בריזר אבטיח 275 מ""ל בקבוק",בקרדי בריזר Bacardi Breezer,BE,בקרדי בריזר אבטיח 275 בקב,מיליליטרים,275.00,"100 מ""ל",false,,12.90,0.0469,true,1,1326482
5010677714006,false,"גין בומבאי ספייר 700 מ""ל",ג'ון דיואר ובניו,ES,בומביי ספייר 700 מל,יח',1.00,יח',false,,109.90,109.9000,true,1,3893203
5010677850100,false,וודקה גריי גוס בקבוק,בקרדי מרטיני,FR,"גרייגוס 700 מ""ל",יח',1.00,יח',false,,104.90,104.9000,true,1,3865781
5011026108033,false,"וויסקי אירי טולומור דיו 700 מ""ל",פארייפאבה אגרואינדוס,IE,טולמור דיו וויסקי אי,מיליליטרים,700.00,"100 מ""ל",false,,84.90,0.1213,true,1,2312437
5011157630281,false,אורז לבן ארוך בסמטי טילדה Tilda,אלסקה/ טילדה,GB,אורז טילדה 1 קג,גרמים,1000.00,100 גרם,false,,19.90,0.0199,true,1,1326985
5011311150709,false,וויסקי אולד קליפר 70,WM Maxwell,GB,וויסקי אולד קליפר 70,מיליליטרים,700.00,"100 מ""ל",false,,69.90,0.0999,true,1,1334159
5011408027976,false,"ספריי לשיער רגיל לוריאל 400 מ""ל",לוריאל Loreal,FR,ספריי לשיער רגיל לור,מיליליטרים,400.00,"100 מ""ל",false,,29.60,0.0740,true,1,1322255
5011408028034,false,"ספריי לשיער חזק מאוד לוריאל 400 מ""ל",לוריאל Loreal,FR,ספריי לשיער חזק מאוד,מיליליטרים,400.00,"100 מ""ל",false,,29.60,0.0740,true,1,1322256
5011408040791,false,לוריאל - דרמו רויטליפט קלאסי לילה,"קרלסרו, גרמניה",DE,דרמו רויטליפט לילה,מטרים,50.00,100 מ'ל,false,,59.90,1.1980,true,1,3883157
5011417552247,false,"אירוויק מבשם אויר נטול גז בניחוח פשתן ופרחי לילך 345 מ""ל",איירוויק Air Wick,PL,AIRWICK L&LILAC 12X345ML,מיליליטרים,345.00,"100 מ""ל",false,,9.90,0.0287,true,1,1344823
5011417554760,false,"אירוויק מבשם אויר נטול גז בניחוח ורדים וארכידאה 345 מ""ל",איירוויק Air Wick,PL,"AWICK,IL,PRECIOUS SLK 12*",מיליליטרים,345.00,"100 מ""ל",false,,9.90,0.0287,true,1,1344824
5014271300429,false,"מעדן משמש 100% פרי סנטדלפור 284 גרם לל""ס",סאן דלפור - שמבור,FR,"מעדן בטעם משמש לל""ס",גרמים,284.00,100 גרם,false,,17.90,0.0630,true,1,1333567
5014271310428,false,מעדן דובדבנים שחורים ללא תוספת סוכר 284 גרם,סאן דלפור - שמבור,FR,מעדן בטעם דובדבנים ש,גרמים,284.00,100 גרם,false,,17.90,0.0630,true,1,1333568
5014271330426,false,מעדן אוכמניות כחולות ללא תוספת סוכר 284 גרם,סאן דלפור - שמבור,FR,מעדן אוכמניות כחולות,גרמים,284.00,100 גרם,false,,17.90,0.0630,true,1,1333569
5014271350424,false,מעדן ארבעה פירות ללא תוספת סוכר 284 גרם,סאן דלפור - שמבור,FR,מעדן בטעם ארבע פירות,גרמים,284.00,100 גרם,false,,17.90,0.0630,true,1,1333570
5014271360423,false,"מעדן תפוזים לל""ס סאן דלפור 284 גרם",סאן דלפור - שמבור,FR,"מעדן תפוזים לל""ס סאן",גרמים,284.00,100 גרם,false,,17.90,0.0630,true,1,1333571
5014271370422,false,סן דלפו מעדן אפרסק ללא סוכר 284גר,סאן דלפור - שמבור,FR,"מעדן אפרסק לל""ס סאן",גרמים,284.00,100 גרם,false,,17.90,0.0630,true,1,1333572
5014271400426,false,"מעדן בטעם תות שדה לל""ס סאן דלפור 284 גרם",סאן דלפור - שמבור,FR,מעדן בטעם תות שדה לל,גרמים,284.00,100 גרם,false,,17.90,0.0630,true,1,1333575
5014271795980,false,מעדן חמוציות ואוכמניות ללא תוספת סוכר 284 גרם,סנדלפור St.dalfour,FR,מעדן חמוציות ואוכמני,גרמים,284.00,100 גרם,false,,17.90,0.0630,true,1,1333578
5028763007277,false,חוט דנטלי,,,חוט דנטלי,יח',1.00,יח',false,,14.90,14.9000,true,1,1355892
5028763010154,false,מברשת שיניים לשיניים רגישות,,,מברשת שיניים לשיניים,יח',1.00,יח',false,,16.90,16.9000,true,1,1355898
5029053002408,false,נייר טואלט קלינקס פרימיום לבן - מארז 9 גלילים,קימברלי קלארק ישראל,IL,נייר טואלט פרימיום ל,יח',9.00,יח',false,,29.90,3.3222,true,1,1337675
5029053002439,false,נייר טואלט קלינקס פרימיום צהוב - מארז 9 גלילים,חוגלה קימברלי,GB,נייר טואלט פרימיום צ,יח',9.00,יח',false,,29.90,3.3222,true,1,1337676
5029053510811,false,תחבושות נורמל פלוס עם כנפיים קוטקס 28 יחידות,קימברלי קלארק,CZ,תחבושות נורמל פלוס ע,יח',28.00,יח',false,,15.90,0.5679,true,1,1337680
5029053510828,false,תחבושות סופר פלוס עם כנפיים קוטקס 22יחידות,קימברלי קלארק,CZ,תחבושות סופר פלוס עם,יח',22.00,יח',false,,15.90,0.7227,true,1,1337681
5029053523446,false,קוטקס - תחבושות אולטרה נייט + כנפיים 20 יח',קימברלי קלארק,CZ,תחבושות ללילה עם כנפ,יח',20.00,יח',false,,15.90,0.7950,true,1,1337682
5029053527598,false,תחתוני ספיגה בנים לתופעת הרטבת לילה 8-15 האגיס,חוגלה קימברלי,CZ,תחתוני ספיגה בנים לת,יח',9.00,יח',false,,35.90,3.9889,true,1,1337685
5029053527604,false,האגיס תחתון ספיגה 15-8 בנות דריי נייטס 9 יחידות,חוגלה קימברלי,IL,תחתוני ספיגה לתופעת,יח',9.00,יח',false,,35.90,3.9889,true,1,1337686
5029053535210,false,טמפון קוטקס עם מוליך מיני 16 יח,קימברלי קלארק,CZ,טמפון עם מוליך מיני,יח',16.00,יח',false,,19.90,1.2437,true,1,1337694
5029053535227,false,קוטקס טמפון עם מוליך נורמל 16 יחידות,קימברלי קלארק,CZ,טמפון עם מוליך נורמל,יח',16.00,יח',false,,19.90,1.2437,true,1,1337695
5029053574110,false,האגיס פול אפס תח.גמילה יום בנים 20 יחידו,חוגלה,IL,פול אפס בנים יום 20,יח',1.00,יח',false,,42.90,42.9000,true,1,3889900
5029054220085,false,האגיס - מגבוני האגיס אקסטרה קר לא מבושם 56 יח' * 4,קימברלי קלארק,IL,מגבוני האגיס רך הנול,יח',56.00,יח',false,,24.90,0.4446,true,1,3868929
5050083559761,false,דגני בוקר קלוגס קוקו פופס שוקוס 500 גרם,קלוגס מניופקטורינג אספנה,ES,קלוגס קוקו פופס שוקוס 500,גרמים,500.00,100 גרם,false,,14.90,0.0298,true,1,1336456
5060517886486,false,"משקה אנרגיה מונסטר אנרג'י בפחית 500 מ""ל",מונסטר אנרג'י Monster Energy,RS,משקה אנרגיה קלאסי מו,מיליליטרים,500.00,"100 מ""ל",false,,6.50,0.0130,true,1,3878696
5060517886516,false,"משקה אנרגיה מונסטר אנרג'י זירו בפחית 500 מ""ל",מונסטר אנרג'י Monster Energy,RS,משקה אנרגיה זירו מונ,מיליליטרים,500.00,"100 מ""ל",false,,6.50,0.0130,true,1,3878697
5060517886547,false,מונסטר אנרגי משקה אנרגיה דה דוקטור 500 מ,Monster energy סרביה,RS,משקה אנרגיה רוסי מונ,מיליליטרים,500.00,"100 מ""ל",false,,6.50,0.0130,true,1,3878698
5060639128051,false,"משקה אנרגיה מונסטר אולטרה בפחית 500 מ""ל",מונסטר אנרג'י Monster Energy,RS,משקה אנרגיה אולטרה מ,מיליליטרים,500.00,"100 מ""ל",false,,6.50,0.0130,true,1,3891766
5060639129102,false,"משקה אנרגיה מונסטר אנרג'י מנגו בפחית 500 מ""ל",מונסטר אנרג'י Monster Energy,RS,משקה אנרגיה קלאסי מו,מיליליטרים,500.00,"100 מ""ל",false,,6.50,0.0130,true,1,3891767
5099864006377,false,תחליף חלב מהדרין שלב 1 סימילאק אדוונס 90,אבוט מעבדות רפואיות,ES,SIMILAC LAMEHADRIN - 1 90,גרמים,900.00,100 גרם,false,,69.80,0.0776,true,1,1335739
5099864006384,false,סימילאק למהדרין שלב 2 אריזת חיסכון 900 ג.,אבוט מעבדות רפואיות,ES,SIMILAC LAMEHADRIN - 2 90,גרמים,900.00,100 גרם,false,,69.80,0.0776,true,1,1335740
5099864006391,false,סימילאק למהדרין שלב 3 אריזת חיסכון 900 ג,אבוט מעבדות רפואיות,ES,SIMILAC LAMEHADRIN - 3 90,גרמים,900.00,100 גרם,false,,69.80,0.0776,true,1,1335741
5201100872596,false,לוריאל - אקסלנס קרם 9 בלונד בהיר מאוד,לוריאל Loreal,BE,אקסלנס קרם 9 בלונד ב,יח',1.00,יח',false,,34.90,34.9000,true,1,1322264
5201178801047,false,"קרם לחות רב שימוש ניוואה 150 מ""ל",ביירסדורץ,DE,קרם לחות רב שימוש ני,מיליליטרים,150.00,"100 מ""ל",false,,14.90,0.0993,true,1,1334404
5201178801054,false,"קרם רב שימושי ניוואה 250 מ""ל",טרופיקל דגיל תעשיות,DE,קרם רב שימושי ניוואה,מיליליטרים,250.00,"100 מ""ל",false,,19.90,0.0796,true,1,1334405
5201340003385,false,TRATA טונה מעושנת שמן סויה 160 גרם,נורט אגיאוסי קנריס,GR,טונה מעושנת עם שמן ס,גרמים,160.00,100 גרם,false,,14.90,0.0931,true,1,3900147
5201340003392,false,טונה מעושנת עם לימון ואורגנו 160 גרם,נורט אגיאוסי קנריס,GR,טונה מעושנת עם לימון,גרמים,160.00,100 גרם,false,,14.90,0.0931,true,1,3900148
5201340026704,false,TRATA טונה מעושנת פיקנטי 160 גרם,נורט אגיאוסי קנריס,GR,טונה מעושנת פיקנטי 1,גרמים,160.00,100 גרם,false,,14.90,0.0931,true,1,3900149
5201347400545,false,רצועות שעווה מוכנות לשימוש לפנים ולאזורים רגישים,רקיט בנקיזר צרפת,FR,Veet Blossom face Missoni,יח',20.00,יח',false,,19.90,0.9950,true,1,1344837
5201583751418,false,סוכריות זירו אייס בלו סטיביה ללא סוכר 32 ג',איתן,GR,זירו סוכריות ללא סוכ,יח',1.00,יח',false,,6.50,6.5000,true,1,3894679
5201583752118,false,סוכריות ללא סוכר בטעם חמאה במילוי שוקולד,איתן,GR,זירו סוכריות ללא סוכ,יח',1.00,יח',false,,6.50,6.5000,true,1,3890440
5201940010011,false,זיתים שחורים טבעיים בפח 454 גרם,סיוארס אס.איי,GR,זיתים שחורים וילי פו,גרמים,250.00,100 גרם,false,,14.30,0.0572,true,1,1335876
5201940010110,false,זיתים שחורים קלמטה וילי פוד 250 גרם,סיוארס אס.איי,GR,זיתים שחורים קלמטה ו,גרמים,250.00,100 גרם,false,,14.90,0.0596,true,1,1335877
5202175002451,false,טורטייה- מאפה על בסי,אל סבור מקסיקן פוד,GR,"טורטיה 25 ס""מ (4 יח'",יח',4.00,יח',false,,8.90,2.2250,true,1,1350676
5202175002581,false,עלי טורטיה 200 גר' 5 יח'.,S Foods Mexican Sabor El,GR,"טורטיה 20 ס""מ (5 יח'",יח',4.00,יח',false,,8.50,2.1250,true,1,1350677
5202287008020,false,צלחות חד פעמיות גדולות,לפיד,,צלחות חד פעמיות גדול,יח',50.00,יח',false,,11.90,0.2380,true,1,1354884
5202300043007,false,צבע לשיער קולסטון - 7/7 חום שטני,פרוקטר אנד גמבל,DE,צבע לשיער קולסטון 7/,יח',1.00,יח',false,,15.90,15.9000,true,1,1344521
5202300043069,false,צבע לשיער קולסטון - 2/8 שחור כחול,פרוקטר אנד גמבל,DE,צבע לשיער קולסטון 2/,יח',1.00,יח',false,,15.90,15.9000,true,1,1344526
5202300043151,false,צבע לשיער קולסטון - 8/0 בלונד בהיר,פרוקטר אנד גמבל,DE,צבע לשיער קולסטון 8/,יח',1.00,יח',false,,15.90,15.9000,true,1,1344528
5202300043199,false,צבע לשיער קולסטון - 4/0 חום בינוני,פרוקטר אנד גמבל,DE,צבע לשיער קולסטון 4/,יח',1.00,יח',false,,15.90,15.9000,true,1,1344532
5202300043250,false,צבע לשיער קולסטון - 11/1 בלונד אפר בהיר במיוחד,פרוקטר אנד גמבל,DE,צבע לשיער קולסטון 11,יח',1.00,יח',false,,15.90,15.9000,true,1,1344535
5202300043267,false,צבע לשיער קולסטון - 9/1 בלונד אפרפר בהיר מאוד,פרוקטר אנד גמבל,DE,צבע לשיער קולסטון 9/,יח',1.00,יח',false,,15.90,15.9000,true,1,1344536
5202300043274,false,צבע לשיער קולסטון- 8/1 בלונד אפרפר בהיר,פרוקטר אנד גמבל,DE,צבע לשיער קולסטון 8/,יח',1.00,יח',false,,15.90,15.9000,true,1,1344537
5202300043281,false,צבע לשיער קולסטון - 7/1 בלונד אפרפר בינוני,פרוקטר אנד גמבל,DE,צבע לשיער קולסטון 7/,יח',1.00,יח',false,,15.90,15.9000,true,1,1344538
5202300043298,false,צבע לשיער קולסטון- 6/1 בלונד אפרפר כהה,פרוקטר אנד גמבל,DE,צבע לשיער קולסטון 6/,יח',1.00,יח',false,,18.90,18.9000,true,1,1344539
5202300043434,false,צבע לשיער קולסטון - 7/73 בלונד אביב,פרוקטר אנד גמבל,DE,צבע לשיער קולסטון 7/,יח',1.00,יח',false,,15.90,15.9000,true,1,1344544
5202300043601,false,צבע לשיער קולסטון - 7/45 אדום לוהט,HFC פרסטיג',DE,צבע לשיער קולסטון 7/,יח',1.00,יח',false,,15.90,15.9000,true,1,1344546
5202300043670,false,צבע לשיער קולסטון - 5/7 חום קפה,פרוקטר אנד גמבל,DE,צבע לשיער קולסטון 5/,יח',1.00,יח',false,,15.90,15.9000,true,1,1344547
5202300045834,false,צבע לשיער קולסטון - 10/0 בלונד פסטל,פרוקטר אנד גמבל,DE,צבע לשיער קולסטון 10,יח',1.00,יח',false,,15.90,15.9000,true,1,1344551
5202390014192,false,גבינה צהובה טבעונית זיתים ויאו לייף 200 ג',פרוטרופיק סיה.,GR,צהובה טבעונית עם זית,גרמים,200.00,100 גרם,false,,21.90,0.1095,true,1,3870878
5202390016141,false,גבינה מוצרלה צהובה לפיצה טבעונית ויאו לייף 400 ג',פרוטרופיק סיה.,GR,תחליף מוצרלה לפיצה 4,גרמים,400.00,100 גרם,false,,25.90,0.0647,true,1,3860719
5202390019319,false,ויולייף מוצרלה טבעונית מגורדת 200 גרם,קראפט,,מוצרלה טבעונית מגורד,גרמים,100.00,100 גרם,false,,21.90,0.2190,true,1,3870891
5202429109387,false,זיתים ירוקים אליטה 8,,,זיתים ירוקים 820 גר,גרמים,820.00,100 גרם,false,,19.90,0.0243,true,1,3903190
5391523057929,false,סימילאק גולד שלב 1 תרכובת מזון על בסיס חלב,אבוט מעבדות רפואיות,IE,סימילאק גולד שלב 1 7,גרמים,700.00,100 גרם,false,,69.80,0.0997,true,1,3868448
5391523057936,false,סימילאק גולד שלב 2 תרכובת מזון על בסיס חלב,אבוט מעבדות רפואיות,IE,סימילאק גולד שלב 2 7,גרמים,700.00,100 גרם,false,,69.80,0.0997,true,1,3868449
5391523057943,false,סימילאק גולד שלב 3 תרכובת מזון על בסיס חלב,אבוט מעבדות רפואיות,IE,סימילאק גולד שלב 3 7,גרמים,700.00,100 גרם,false,,69.80,0.0997,true,1,3859892
5391523058063,false,סימילאק אדבנס פלוס 1 תרכובת מזון על בסיס חלב,טרופיקל דגיל תעשיות,IE,סימילאק אדוונס פלוס,גרמים,700.00,100 גרם,false,,64.80,0.0926,true,1,3868450
5391523058070,false,סימילאק אדבנס פלוס 3 תרכובת מזון על בסיס חלב,טרופיקל דגיל תעשיות,IE,סימילאק אדוונס פלוס,גרמים,700.00,100 גרם,false,,64.80,0.0926,true,1,3868451
5391523058087,false,סימילאק אדבנס פלוס 2 תרכובת מזון על בסיס חלב,טרופיקל דגיל תעשיות,IE,סימילאק אדוונס פלוס,גרמים,700.00,100 גרם,false,,64.80,0.0926,true,1,3868452
5410103161518,false,קרם יום עם פעולה משולשת לעור רגיל ומעורב,"לוריאל ישראל בע""מ",DE,דרמו פעולה משולשת רג,מטרים,50.00,100 מ'ל,false,,44.90,0.8980,true,1,1322276
5410103161617,false,קרם יום עם פעולה משולשת Triple active לעור יבש ועדין,"לוריאל ישראל בע""מ",DE,דרמו פעולה משולשת יב,מטרים,50.00,100 מ'ל,false,,44.90,0.8980,true,1,1322277
5410126006377,false,לוטוס עוגיות סנדוויץ' במילוי וניל 150 גר',לוטוס ביקרי בלגיה נ.,BE,לוטוס עוגיות סנדויץ,גרמים,150.00,100 גרם,false,,8.90,0.0593,true,1,3897947
5410126106183,false,עוגיות לוטוס 50 יחידות ארוזות בנפרד 312 גרם,כלורוקס אוקלנד,BE,"ביסקויט קרמל 312 גרם בד""צ",גרמים,312.00,100 גרם,false,,16.80,0.0538,true,1,1336473
5410126116953,false,ממרח ביסקוויט קרמל לוטוס 400 גרם,לוטוס בייקרי בלגיה נ,BE,ממרח עוגיות לוטוס קרמל,גרמים,400.00,100 גרם,false,,19.90,0.0497,true,1,1336474
5410126666038,false,"ביסקוויט קרמל לוטוס 279 גרם בד""צ",לוטוס ביקרי נ.וי,BE,עוגיות לוטוס 279 גר,גרמים,279.00,100 גרם,false,,9.90,0.0355,true,1,3868637
5410126716016,false,"עוגיות לוטוס ביסקויט קרמל בד""צ 250 גרם",לוטוס ביקרי בלגיה,BE,ביסקויט בטעם קרמל לוטוס 2,גרמים,250.00,100 גרם,false,,10.90,0.0436,true,1,1336475
5410126726947,false,ממרח ביסקוויט קרמל קראנץ' לוטוס 380 גרם,לוטוס בייקרי בלגיה נ,BE,ממרח עוגיות לוטוס קראנץ',גרמים,380.00,100 גרם,false,,19.90,0.0524,true,1,1336476
5410173210055,false,רומבוסט קפה טחון וקלוי לפילטר 70 גרם,קופי רומבוטס,BE,רומבוסט קפה טחון וקל,גרמים,70.00,100 גרם,false,,14.90,0.2129,true,1,1337067
5410228144755,false,"בירה סטלה ארטואה שישייה בקבוק 330 מ""ל",מבשלות בירה בינלאומיות ב,IL,בירה סטלה ארטואה 6*3,ליטרים,1.98,ליטר,false,,24.90,12.5758,true,1,1323509
5410228267515,false,"שישיית בירה לאגר באדוויזר 6*330 מ""ל",באדווייזר Budweiser,GB,בירה בדוויזר שישייה,יח',1.00,יח',false,,29.90,29.9000,true,1,3879551
5410291021991,false,צוקטה ממרח אגוזי לוז וקקאו 700 גר,צ'וקטה Chocketa,BE,צוקטה ממרח אגוזי לוז,גרמים,700.00,100 גרם,false,,18.90,0.0270,true,1,1783967
5410291022011,false,ממרח אגוזי לוז עם קקאו 350 גרם חלב נכרי,צ'וקטה Chocketa,BE,צוקטה ממרח אגוזי לוז,גרמים,350.00,100 גרם,false,,10.90,0.0311,true,1,1783968
5410291022738,false,צ'וקטה ממרח חלב ואגוזי לוז עם קקאוי 350ג',צ'וקטה Chocketa,BE,ממרח אגוזים צוקטה 35,גרמים,350.00,100 גרם,false,,10.90,0.0311,true,1,2559169
5410291022752,false,ממרח אגוזי לוז עם קקאו 350 גרם ווסטהיים,צ'וקטה Chocketa,BE,צוקטה ממרח אגוזי לוז,גרמים,385.00,100 גרם,false,,10.90,0.0283,true,1,2499019
5410291022776,false,ממרח אגוזי לוז צ'וקטה 700 גרם פרווה,צ'וקטה Chocketa,BE,צוקטה ממרח אגוזי לוז,גרמים,700.00,100 גרם,false,,18.80,0.0269,true,1,2499020
5410316983693,false,"סמירנוף אייס בקבוק 275 מ""ל",סמירנוף אייס Smirnoff ice,IT,"אייס סמירנוף 275 מ""ל",מיליליטרים,275.00,"100 מ""ל",false,,11.70,0.0425,true,1,1323513
5411188096108,false,"שמנת לבישול ע""ב סויה 250 מ""ל אלפרו",אלפרו C.V.A,BE,שמנת צמחית לבישול 5%,מיליליטרים,250.00,"100 מ""ל",false,,8.90,0.0356,true,1,1326989
5411188110835,false,אלפרו חלב סויה שקדים וניל 1ל',הנסיך- מפעל לייצור ט,BE,אלפרו משקה שקדים 1 ל,ליטרים,1.00,ליטר,false,,12.90,12.9000,true,1,1326994
5411188112709,false,"משקה קוקוס אלפרו 1 ליטר משקה שקדים לל""ס",הנסיך- מפעל לייצור ט,BE,משקה שקדים אלפרו ללת,ליטרים,1.00,ליטר,false,,12.90,12.9000,true,1,1326998
5411188115366,false,משקה קוקוס אלפרו 1 ליטר משקה שיבולת שועל 1 ליטר,הנסיך- מפעל לייצור ט,BE,אלפרו משקה שיבולת שו,ליטרים,1.00,ליטר,false,,12.90,12.9000,true,1,1327000
5411188115472,false,משקה סויה אלפרו 1 ליטר,הנסיך- מפעל לייצור ט,BE,אלפרו חלב סויה 1 לי,יח',1.00,יח',false,,11.90,11.9000,true,1,3892187
5411188121923,false,"משקה סויה מועשר סידן אלפרו 3*250 מ""ל",הנסיך- מפעל לייצור ט,BE,משקה סויה מועשר סידן,מיליליטרים,750.00,"100 מ""ל",false,,14.80,0.0197,true,1,3867178
5411188121978,false,"משקה סויה בטעם שוקולד 3 * 250 מ""ל אלפרו",אלפרו סי.וי. איי,BE,משקה סויה מועשר סידן,מיליליטרים,750.00,"100 מ""ל",false,,14.80,0.0197,true,1,3832830
5411188122661,false,אלפרו משקה שקדים לא קלויים ללא תוספת סוכר 1 ל',אלפרו C.V.A,BE,"אלפרו משקה שקדים לל""",ליטרים,1.00,ליטר,false,,13.90,13.9000,true,1,2975567
5411188124689,false,משקה אלפרו שיבולת שועל ללא סוכר 1 ליטר,אלפרו C.V.A,BE,אלפרו משקה שיבולת שו,ליטרים,1.00,ליטר,false,,12.90,12.9000,true,1,3892189
5411188134985,false,אלפרו 3.5% NOT M*LK שיבולת שועל 1 ליטר בית יוסף,הנסיך- מפעל לייצור ט,BE,אלפרו 3.5% שיבולת שו,גרמים,1000.00,100 גרם,false,,13.90,0.0139,true,1,3893316
5411188135005,false,אלפרו 1.8% NOT M*LK שיבולת שועל 1 ליטר בית יוסף,הנסיך- מפעל לייצור ט,BE,אלפרו 1.8% שיבולת שו,גרמים,1000.00,100 גרם,false,,13.90,0.0139,true,1,3893317
5411188513483,false,"סויה לבישול 14% שומן אלפרו 250 מ""ל",אלפרו C.V.A,BE,אלפרו סויה לבישול 14,מטרים,250.00,100 מ'ל,false,,7.90,0.0316,true,1,3903077
5411188543398,false,משקה סויה ללא סוכר אלפרו 1 ליטר,הנסיך- מפעל לייצור ט,BE,אלפרו חלב סויה ללא ס,יח',1.00,יח',false,,11.90,11.9000,true,1,3892193
5412865023691,false,מקלות חמוצוצים פטל ר,,,חמצוצים רחב פטל 50 ג,גרמים,50.00,100 גרם,false,,4.00,0.0800,true,1,3869814
5413548040479,false,בונבוניירה רפאלו 240 גרם,ליימן-שליסל,PL,בונבוניירה רפאלו 240,גרמים,240.00,100 גרם,false,,19.90,0.0829,true,1,1337073
5413548280189,false,קינדר שוקו בון 1 יחידות 125 גרם,פררו - אלבה,BE,קינדר שוקובון 125 גר,גרמים,125.00,100 גרם,false,,11.90,0.0952,true,1,1337074
5449000055200,false,פחיות קולה 12 יח,,,פחיות קולה 12 יח,יח',1.00,יח',false,,32.90,32.9000,true,1,3895982
5449000133342,false,פחיות זירו 12 יח,,,פחיות זירו 12 יח,יח',1.00,יח',false,,31.90,31.9000,true,1,3895983
5557778881232,false,"סיר סטואז פרימיום 30 ס""מ אינדוקציה",,,סיר סטואז פרימיום 30,יח',1.00,יח',false,,99.90,99.9000,true,1,3893771
5566774568870,false,"סיר מיני שף 14 ס""מ",,,"סיר מיני שף 14 ס""מ",יח',1.00,יח',false,,29.90,29.9000,true,1,3677961
5566774569075,false,קולפן אגרונומי מעוצב,,,קולפן אגרונומי מעוצב,יח',1.00,יח',false,,14.90,14.9000,true,1,3870127
5566774569129,false,מברשת סיליקון איכותית,,,מברשת סיליקון איכותי,יח',1.00,יח',false,,9.90,9.9000,true,1,3870132
5566774569136,false,לקקן סיליקון איכותי,,,לקקן סיליקון איכותי,יח',1.00,יח',false,,9.90,9.9000,true,1,3870133
5566774569228,false,מגרדת מעוצבת,,,מגרדת מעוצבת,יח',1.00,יח',false,,24.90,24.9000,true,1,3870141
5566774569686,false,סט סכינים,,,סט סכינים,יח',1.00,יח',false,,19.90,19.9000,true,1,3860560
5566774569778,false,תבנית זכוכית מכסה יר,,,תבנית זכוכית מכסה יר,יח',1.00,יח',false,,9.90,9.9000,true,1,3870186
5566774569785,false,תבנית זכוכית מכסה יר,,,תבנית זכוכית מכסה יר,יח',1.00,יח',false,,14.90,14.9000,true,1,3870187
5566774569853,false,תבנית פיירקס 3 ליטר,,,תבנית פיירקס 3 ליטר,יח',1.00,יח',false,,39.90,39.9000,true,1,3870194
5566774570026,false,צידנית מתקפלת איכותית רמי לוי,,,צידנית מתקפלת איכותי,יח',1.00,יח',false,,19.90,19.9000,true,1,3880069
5566774570415,false,מברשת סיליקון לבקבוק,,,מברשת סיליקון לבקבוק,יח',1.00,יח',false,,29.90,29.9000,true,1,3880092
5566774570507,false,"סיר יציקה משובח 20 ס""מ",,,סיר יציקה משובח 20 ס,יח',1.00,יח',false,,39.90,39.9000,true,1,3883749
5566774570514,false,"סיר יציקה משובח 24 ס""מ",,,סיר יציקה משובח 24 ס,יח',1.00,יח',false,,49.90,49.9000,true,1,3883750
5566774570521,false,סוטאג ענק,,,סוטאג ענק,יח',1.00,יח',false,,129.90,129.9000,true,1,3890421
5566774570538,false,סט סכום סילבר משובח,,,סט סכום סילבר משובח,יח',1.00,יח',false,,39.90,39.9000,true,1,3883751
5566774570569,false,"סיר יציקה משובח 26 ס""מ",,,סיר יציקה משובח 26 ס,יח',1.00,יח',false,,69.90,69.9000,true,1,3883753
5566774570583,false,"סיר יציקה משובח סוטאז 32 ס""מ",,,סיר יציקה משובח סוטא,יח',1.00,יח',false,,99.90,99.9000,true,1,3883754
5566774570590,false,סט 2 משטחי במבוק 20*15 + 30.5*22.5,,,סט 2 משטחי במבוק,יח',1.00,יח',false,,29.90,29.9000,true,1,3883755
5566774570682,false,מחבת לפנקייק משובחת,,,מחבת לפנקייק +מקל,יח',1.00,יח',false,,29.90,29.9000,true,1,3883760
5566774570705,false,מנגל נירוסטה גדול,,,מנגל נירוסטה גדול,יח',1.00,יח',false,,79.90,79.9000,true,1,3883762
5566774570729,false,מחבת עם תרווד,,,מחבת עם תרווד,יח',1.00,יח',false,,19.90,19.9000,true,1,3883764
5566774570781,false,רבעיית מברשות שיניים סיבי פחם רמי לוי,,,רבעיית מברשות שיניים,יח',1.00,יח',false,,9.90,9.9000,true,1,3893772
5566774570798,false,רבעיית מברשות שיניים סיבי זהב ופחם רמי לוי,,,רבעיית מברשות שיניים,יח',1.00,יח',false,,9.90,9.9000,true,1,3893773
5566774570804,false,רבעיית מברשות שיניים ניקוי מלא ועמוק שקוף רמי לוי,,,רבעיית מברשות שיניים,יח',1.00,יח',false,,9.90,9.9000,true,1,3893774
5566774570811,false,רבעיית מברשות שיניים ניקוי מלא ועמוק לבן רמי לוי,,,רבעיית מברשות שיניים,יח',1.00,יח',false,,9.90,9.9000,true,1,3893775
5566774570828,false,זוג מברשות שיניים סיבי זהב ופחם רמי לוי,,,זוג מברשות שיניים סי,יח',1.00,יח',false,,9.90,9.9000,true,1,3893776
5566774570835,false,רצועת רחצה עם ידית רמילוי,,,רצועת רחצה עם ידית ר,יח',1.00,יח',false,,9.90,9.9000,true,1,3886422
5566774570842,false,ספוג רחצה עדין רמילוי,,,ספוג רחצה עדין רמילו,יח',1.00,יח',false,,4.90,4.9000,true,1,3886423
5566774570859,false,רצועת רחצה עדינה רמילוי,,,רצועת רחצה עדינה רמי,יח',1.00,יח',false,,7.90,7.9000,true,1,3886424
5566774570866,false,ספוג רחצה פירות רמילוי,,,ספוג רחצה פירות רמיל,יח',1.00,יח',false,,4.90,4.9000,true,1,3886425
5566774570873,false,רפפת רחצה רמילוי,,,רפפת רחצה רמילוי,יח',1.00,יח',false,,7.90,7.9000,true,1,3886426
5566774570880,false,מברשת רחצה רמילוי,,,מברשת רחצה רמילוי,יח',1.00,יח',false,,14.90,14.9000,true,1,3886427
5566774570897,false,ליפה רמילוי,,,ליפה רמילוי,יח',1.00,יח',false,,8.90,8.9000,true,1,3886428
5566774570903,false,כדורי ספוג עדינים שלישייה רמילוי,,,כדורי ספוג עדינים של,יח',1.00,יח',false,,8.90,8.9000,true,1,3886429
5566774571122,false,סכין רב שימושית משובחת,,,סכין רב שימושית משוב,יח',1.00,יח',false,,9.90,9.9000,true,1,3886432
5566774571139,false,מגב בלו דיימונד פטנט,,,מגב בלו דיימונד פטנט,יח',1.00,יח',false,,19.90,19.9000,true,1,3886433
5566774571146,false,"מגב איכותי 43 ס""מ",,,"מגב איכותי 43 ס""מ",יח',1.00,יח',false,,9.90,9.9000,true,1,3886434
5566774571153,false,"מגב איכותי 55 ס""מ",,,"מגב איכותי 55 ס""מ",יח',1.00,יח',false,,14.90,14.9000,true,1,3886435
5566774571337,false,סיר אידוי קוסקוס,,,סיר אידוי קוסקוס,יח',1.00,יח',false,,149.90,149.9000,true,1,3886444
5566774571436,false,דלי הפלא מתקפל,,,דלי הפלא מתקפל,יח',1.00,יח',false,,29.90,29.9000,true,1,3887494
5566774571443,false,בקבוקון מעוצב לסבון,,,בקבוקון מעוצב לסבון,יח',1.00,יח',false,,14.90,14.9000,true,1,3887495
5566774571542,false,אירגונית מעוצבת לאמב,,,אירגונית מעוצבת לאמב,יח',1.00,יח',false,,19.90,19.9000,true,1,3887505
5566774571641,false,מגרדת מיני איכותית,,,מגרדת מיני איכותית,יח',1.00,יח',false,,9.90,9.9000,true,1,3887512
5566774571825,false,"מחבת ווד אדישן מקצועית 20 ס""מ",,,מחבת ווד אדישן מקצוע,יח',1.00,יח',false,,39.90,39.9000,true,1,3893781
5566774571832,false,מחבת ווד אדישן מקצוע,,,מחבת ווד אדישן מקצוע,יח',1.00,יח',false,,49.90,49.9000,true,1,3893782
5566774571917,false,רב שקע 6 יציאות,,,רב שקע 6 יציאות,יח',1.00,יח',false,,39.90,39.9000,true,1,3889980
5566774572013,false,קנקן תה משובח,,,קנקן תה משובח,יח',1.00,יח',false,,39.90,39.9000,true,1,3893794
5566774572136,false,קוצץ ירקות משובח,,,קוצץ ירקות משובח,יח',1.00,יח',false,,59.90,59.9000,true,1,3893806
5566774572228,false,קוצץ ירקות משובח פרימיום,,,קוצץ ירקות משובח פרי,יח',1.00,יח',false,,39.90,39.9000,true,1,3893813
5566774572488,false,זוג מברשות שיניים רמי לוי,,,זוג מברשות שיניים רמ,יח',1.00,יח',false,,9.90,9.9000,true,1,3893820
5566774572532,false,סכין שף סנטוקו,,,סכין שף סנטוקו,יח',1.00,יח',false,,24.90,24.9000,true,1,3893824
5566774572563,false,יעה עם מקל,,,יעה עם מקל,יח',1.00,יח',false,,14.90,14.9000,true,1,3893827
5566774572594,false,נורת לד 60A E27 12W,,,נורת לד 60A E27 12W,יח',1.00,יח',false,,9.90,9.9000,true,1,3898039
5566774572693,false,סט סכום מהודר שחור 2,,,סט סכום משובח GOLD,יח',1.00,יח',false,,49.90,49.9000,true,1,3893829
5566774572921,false,צלחת רטרו איכותית 20,,,צלחת רטרו איכותית 20,יח',1.00,יח',false,,4.90,4.9000,true,1,3891109
5566774572938,false,צלחת רטרו איכותית 25,,,צלחת רטרו איכותית 25,יח',1.00,יח',false,,6.90,6.9000,true,1,3893843
5566774572945,false,צלחת רטרו עמוקה איכו,,,צלחת רטרו עמוקה איכו,יח',1.00,יח',false,,3.90,3.9000,true,1,3893844
5566774572990,false,ראש טוש איכותי,,,ראש טוש איכותי,יח',1.00,יח',false,,24.90,24.9000,true,1,3891238
5566774573041,false,מגב חלון,,,מגב חלון,יח',1.00,יח',false,,7.90,7.9000,true,1,3893852
5566774573058,false,יעה עם מקל,,,יעה עם מקל,יח',1.00,יח',false,,9.90,9.9000,true,1,3893853
5566774573119,false,"מתקן לתליה למייבש שיער רב שימושי,",,,מתקן לתליה למייבש שי,יח',1.00,יח',false,,29.90,29.9000,true,1,3893859
5566774573188,false,ערכת כפות מדידה איכו,,,ערכת כפות מדידה איכו,יח',1.00,יח',false,,14.90,14.9000,true,1,3891110
5566774573225,false,מעמד מברשות שיניים ע,,,מעמד מברשות שיניים ע,יח',1.00,יח',false,,14.90,14.9000,true,1,3893869
5566774573232,false,מעמד לאחסון רב שימושי עם ואקום איכותי לתליה,,,מעמד לאחסון רב שימוש,יח',1.00,יח',false,,19.90,19.9000,true,1,3893870
5566774573256,false,מתקן רב שימושי לתליה,,,מתקן רב שימושי לתליה,יח',1.00,יח',false,,24.90,24.9000,true,1,3893872
5566774573263,false,מתקן רב שימושי איכותי - עם ואקום איכותי לתליה ללא קידוח,,,מתקן רב שימושי איכות,יח',1.00,יח',false,,19.90,19.9000,true,1,3893873
5566774573294,false,מתקן רב שימושי איכותי - עם ואקום איכותי לתליה ללא קידוח,,,מתקן רב שימושי איכות,יח',1.00,יח',false,,19.90,19.9000,true,1,3893876
5566774573386,false,כוס יין איכותית,,,כוס יין איכותית,יח',1.00,יח',false,,4.90,4.9000,true,1,3893883
5566774573461,false,סט 4 צנצנות אחסון פר,,,סט 4 צנצנות אחסון פר,יח',1.00,יח',false,,29.90,29.9000,true,1,3890095
5566774573607,false,אוזניות + מיקרופון לגיימרים,,,אוזניות + מיקרופון ל,יח',1.00,יח',false,,39.90,39.9000,true,1,3891387
5566774573676,false,"סיר יציקה משובח 16ס""",,,"סיר יציקה משובח 16ס""",יח',1.00,יח',false,,34.90,34.9000,true,1,3893901
5566774573713,false,צנצנת זכוכית עם מכסה 1000ML,,,צנצנת זכוכית עם מכסה,יח',1.00,יח',false,,11.90,11.9000,true,1,3899473
5566774573720,false,צנצנת זכוכית עם מכסה 1200 ML,,,צנצנת זכוכית עם מכסה,יח',1.00,יח',false,,14.90,14.9000,true,1,3898047
5566774573744,false,רב שקע 5+מפסק+כבל עד 1מ,,,רב שקע 5+מפסק+כבל עד,יח',1.00,יח',false,,34.90,34.9000,true,1,3893903
5566774573768,false,כבל מאריך 1.5*3 עד 4,,,כבל מאריך 1.5*3 עד 4,יח',1.00,יח',false,,29.90,29.9000,true,1,3893905
5566774573775,false,כבל מאריך 1.5*3 עד 6 מטר,,,כבל מאריך 1.5*3 עד 6,יח',1.00,יח',false,,39.90,39.9000,true,1,3893906
5566774573782,false,מפצל חשמל 1ל 2 בליסטר,,,מפצל חשמל 1ל 2 בליסט,יח',1.00,יח',false,,7.90,7.9000,true,1,3893907
5566774573799,false,מפצל חשמל 1 ל 3 בליסטר,,,מפצל חשמל 1 ל 3 בליס,יח',1.00,יח',false,,9.90,9.9000,true,1,3893908
5566774573805,false,מפצל חשמל 1 ל 2+USB,,,מפצל חשמל 1 ל 2+USB,יח',1.00,יח',false,,29.90,29.9000,true,1,3891389
5566774573812,false,סיר זכוכית שקוף,,,סיר זכוכית שקוף,יח',1.00,יח',false,,99.90,99.9000,true,1,3903096
5566774573904,false,כותש שום איכותי,,,כותש שום איכותי,יח',1.00,יח',false,,29.90,29.9000,true,1,3899496
5566774573911,false,משטח חיתוך פטנט עם מ,,,משטח חיתוך פטנט עם מ,יח',1.00,יח',false,,19.90,19.9000,true,1,3899497
5566774573928,false,מגרדת משובחת עם מיכל,,,מגרדת משובחת עם מיכל,יח',1.00,יח',false,,29.90,29.9000,true,1,3899498
5566774573980,false,פותחן ואקום פטנט ליין,,,פותחן ואקום פטנט ליי,יח',1.00,יח',false,,9.90,9.9000,true,1,3899500
5566774573997,false,מכרדת מולטי 4ב1,,,מכרדת מולטי 4ב1,יח',1.00,יח',false,,49.90,49.9000,true,1,3899501
5566774574031,false,מתקן כפול לייבוש כלי,,,מתקן כפול לייבוש כלי,יח',1.00,יח',false,,79.90,79.9000,true,1,3898053
5566774574123,false,אלמוגית בינונית ואקו,,,אלמוגית בינונית ואקו,יח',1.00,יח',false,,14.90,14.9000,true,1,3899502
5566774574147,false,מיכל מעוצב לסבון,,,מיכל מעוצב לסבון,יח',1.00,יח',false,,9.90,9.9000,true,1,3899504
5566774574185,false,מנעול הפלא,,,מנעול הפלא,יח',1.00,יח',false,,29.90,29.9000,true,1,3901871
5566774574192,false,שעון שבת איכותי,,,שעון שבת איכותי,יח',1.00,יח',false,,19.90,19.9000,true,1,3898057
5566774574215,false,סוטאז עמוק 32 פרימיו,,,סוטאז עמוק 32 פרימיו,יח',1.00,יח',false,,119.90,119.9000,true,1,3898059
5566774574222,false,שישיית כוסות קלאסית,,,שישיית כוסות קלאסיק,יח',1.00,יח',false,,17.90,17.9000,true,1,3901872
5566774574239,false,שישיית כוסות שופ,,,שישיית כוסות שופ,יח',1.00,יח',false,,8.90,8.9000,true,1,3901873
5566774574321,false,סט קופסאות פרימיום,,,סט קופסאות פרימיום,יח',1.00,יח',false,,0.00,0.0000,true,1,3906867
5600395034083,false,סרדינים בשמן זית אורגני 120 גרם,קופיסה אס.איי,PT,סרדינים בשמן זית אור,גרמים,150.00,100 גרם,false,,8.70,0.0580,true,1,3896666
5601008200444,false,עוגיות גודיס טבעות מצופות שוקולד חלב מרבה 150 גרם,הנסיך- מפעל לייצור ט,PT,עוגיות גודיס טבעות מ,גרמים,150.00,100 גרם,false,,4.90,0.0327,true,1,1327007
5601008200451,false,עוגיות גודיס טבעות מצופות שוקולד מריר מרבה 150 גרם,מרבה Merba,PT,עוגיות גודיס טבעות מ,גרמים,150.00,100 גרם,false,,4.90,0.0327,true,1,1327008
5601008200468,false,עוגיות גודיס טבעות מצופות שוקולד לבו מרבה 150 גרם,קריניציה ויטמינה אס,PT,עוגיות גודיס טבעות מ,גרמים,150.00,100 גרם,false,,4.90,0.0327,true,1,1327009
5601036205534,false,צבע לשיער אקסלנס קרם - 1 שחור,לוריאל Loreal,BE,אקסלנס קרם 1 שחור,יח',1.00,יח',false,,34.90,34.9000,true,1,1322279
5601036205541,false,צבע לשיער אקסלנס קרם - 3 חום כהה מאוד,לוריאל Loreal,BE,אקסלנס קרם 3 חום כהה,יח',1.00,יח',false,,34.90,34.9000,true,1,1322280
5601036205558,false,צבע לשיער אקסלנס קרם - 4 חום כהה,לוריאל Loreal,BE,אקסלנס קרם 4 חום כהה,יח',1.00,יח',false,,34.90,34.9000,true,1,1322281
5601036205572,false,לוריאל - אקסלנס קרם 4.54 חום מהגוני נחושתי,ליברמו,BE,אקסלנס קרם 4.54 חום,יח',1.00,יח',false,,34.90,34.9000,true,1,1322283
5601036205589,false,צבע לשיער אקסלנס קרם - 5 חום טבעי,לוריאל Loreal,BE,אקסלנס קרם 5 חום טבע,יח',1.00,יח',false,,34.90,34.9000,true,1,1322284
5601036205596,false,צבע לשיער אקסלנס קרם - 5.3 חום זהוב,לוריאל ישראל קוסמטיקס בע,BE,אקסלנס קרם 5.3 חום ז,יח',1.00,יח',false,,34.90,34.9000,true,1,1322285
5601036205602,false,צבע לשיער אקסלנס קרם - 5.5 חום מהגוני,לוריאל ישראל קוסמטיקס בע,BE,אקסלנס קרם 5.5 חום מ,יח',1.00,יח',false,,34.90,34.9000,true,1,1322286
5601036205626,false,צבע לשיער אקסלנס קרם - 6 בלונד כהה,לוריאל Loreal,BE,אקסלנס קרם 6 חום בהי,יח',1.00,יח',false,,34.90,34.9000,true,1,1322288
5601036205657,false,צבע לשיער אקסלנס קרם - 7 בלונד,לוריאל Loreal,BE,אקסלנס קרם 7 בלונד,יח',1.00,יח',false,,34.90,34.9000,true,1,1322289
5601036205664,false,לוריאל - אקסלנס קרם 7.1 בלונד טבעי אפרפר,ליברמו,BE,אקסלנס קרם 7.1 בלונד,יח',1.00,יח',false,,34.90,34.9000,true,1,1322290
5601036205688,false,לוריאל - אקסלנס קרם 8 בלונד בהיר,ליברמו,BE,אקסלנס קרם 8 בלונד ב,יח',1.00,יח',false,,34.90,34.9000,true,1,1322292
5601036205695,false,לוריאל - אקסלנס קרם 8.1 בלונד בהיר אפרפר,ליברמו,BE,אקסלנס קרם 8.1 בלונד,יח',1.00,יח',false,,34.90,34.9000,true,1,1322293
5601036205725,false,לוריאל - אקסלנס קרם 10 בלונד מאוד מאוד בהיר,לוריאל ישראל קוסמטיקס בע,BE,אקסלנס קרם 10 בלונד,יח',1.00,יח',false,,34.90,34.9000,true,1,1322294
5601055317225,false,פינטרולס - עדשי שוקולד 200 גרם,פינטרולס,PT,פינטרולס עדשי שוקולד,גרמים,200.00,100 גרם,false,,12.90,0.0645,true,1,3893577
5601055319854,false,מאגדת עדשי שוקולד פינטרולס 10*15 גרם,פינטרולס,PT,פינטרולס עדשי שוקול,גרמים,170.00,100 גרם,false,,17.90,0.1053,true,1,3893578
5604912425040,false,מקרלים בשמן חמניה 125 ג' פורטוס,קונסרבס פורטוגל נורט,PT,מקרלים קטנים בשמן חמ,גרמים,125.00,100 גרם,false,,5.90,0.0472,true,1,3868641
5701932026964,false,"הוטפופ גרעיני תירס להכנת פופקורן במיקרוגל בטעם טבעי, בתוספת מלח, 600 גרם",ליימן מותגים,US,פופקורן למיקרוגל בתו,גרמים,600.00,100 גרם,false,,14.80,0.0247,true,1,1337075
5701932026971,false,הוטפופ גרעיני תירס להכנת פופקורן במיקרוגל בטעם חמאה 600 גרם,ליימן מותגים,US,פופקורן למיקרוגל בטע,גרמים,600.00,100 גרם,false,,14.80,0.0247,true,1,1337076
5701932026995,false,"הוטפופ גרעיני תירס להכנת פופקורן במיקרוגל בטעם טבעי מופחת שומן, 510 גרם",קריניציה ויטמינה אס,US,פופקורן למיקרוגל ליי,גרמים,510.00,100 גרם,false,,14.80,0.0290,true,1,1337077
5706516110039,false,פופקורן למיקרוגל מופחת מלח הוטפופ 540 גרם,ליימן מותגים,US,פופקורן למיקרוגל מופ,גרמים,540.00,100 גרם,false,,14.80,0.0274,true,1,3886291
5711953106583,false,גבינת שמנת בטעם טבעי 200 גרם ארלה,ארלה פודס אמבה,DK,ארלה גבינת שמנת טבעי,גרמים,200.00,100 גרם,false,,13.80,0.0690,true,1,3879749
5711953106590,false,גבינת שמנת ארלה שמנת שום 200 גרם,ארלה פודס אמבה,DK,ארלה גבינת שמנת ושום,גרמים,200.00,100 גרם,false,,13.80,0.0690,true,1,3879750
5711953106606,false,גבינת שמנת עם תבלינים ועשבי תיבול 23.5%,ארלה פודס אמבה,DK,ארלה גבינת שמנת עשבי,גרמים,200.00,100 גרם,false,,13.80,0.0690,true,1,3879751
5740900403215,false,ממרח מחמאת לורפק עם מלח 250 ג',ארלה פודס אמבה,DK,ממרח לורפק עם מלח 25,גרמים,250.00,100 גרם,false,,16.90,0.0676,true,1,3869260
5740900403222,false,ממרח לורפק חמאה עם מלח מופחת שומן 250 ג,ארלה פודס אמבה,DK,ממרח לורפק 250 גר,גרמים,250.00,100 גרם,false,,16.90,0.0676,true,1,3869261
5740900403239,false,ממרח לורפק ללא תוספת מלח 250 גר,ארלה פודס אמבה,DK,ממרח לורפק ללא תוספת,גרמים,250.00,100 גרם,false,,16.90,0.0676,true,1,3869262
5740900403246,false,ממרח לורפק ללא תוספת מלח 500 גר,ארלה פודס אמבה,DK,ממרח לורפק ללא תוספת,גרמים,500.00,100 גרם,false,,27.90,0.0558,true,1,3869263
5740900403253,false,ממרח מחמאת לורפק עם מלח 500 ג',ארלה פודס אמבה,DK,ממרח לורפק עם מלח 50,גרמים,500.00,100 גרם,false,,27.90,0.0558,true,1,3869264
5740900403260,false,ממרח מחמאת לורפק ללא מלח 27% פחות שומן,ארלה פודס אמבה,DK,ממרח לורפק ללא תוספת,גרמים,250.00,100 גרם,false,,16.90,0.0676,true,1,3869265
5740900403284,false,חמאה ללא מלח 200 גרם לורפק כשרות או קיי,ארלה פודס אמבה,DK,לורפק 200ג ללא מלח,גרמים,200.00,100 גרם,false,,10.90,0.0545,true,1,3893318
5900017062419,false,"ניוואה - תחליב רחצה ורדים ושמן שקדים 750 מ""ל",ביירסדורף,DE,ניוואה תחליב רחצה ור,מיליליטרים,750.00,"100 מ""ל",false,,12.90,0.0172,true,1,3890905
5900020012814,false,דגנים תפוחים בטעם שוקולד נסקוויק נסטלה 500 גרם,מיוצר עי קונדיטוריית,PL,דגנים תפוחים בטעם שו,גרמים,500.00,100 גרם,false,,25.60,0.0512,true,1,1328995
5900020015174,false,פיטנס חטיפי אנרגיה דגנים בטעם שוקולד נסטלה 6*23.5 גרם,מיוצר עי קונדיטוריית,PL,פיטנס חטיפי אנרגיה ד,גרמים,141.00,100 גרם,false,,14.90,0.1057,true,1,1328996
5900020018908,false,פיטנס חטיפי אנרגיה דגנים בטעם קרם עוגיות נסטלה 6*23.5 גרם,מיוצר עי קונדיטוריית,PL,פיטנס חטיפי אנרגיה ד,גרמים,141.00,100 גרם,false,,14.90,0.1057,true,1,1329004
5900020020710,false,מארז חטיף דגנים קראנץ' בטעם שוקו וניל נסטלה,נסטלה פולין ברים,PL,מארז קראנץ בר שוקו ו,גרמים,150.00,100 גרם,false,,14.90,0.0993,true,1,1329005
5900020020741,false,חטיפי דגנים נסקוויק בר שוקו שוקו 6*25 גר,נסטלה פולין ברים,PL,נסקוויק בר דגנים שוק,גרמים,150.00,100 גרם,false,,15.80,0.1053,true,1,1329006
5900020024817,false,פיטנס דליס Fitness Delice חטיף דגנים עם שוקולד לבן,נסטלה פולין ברים,PL,פיטנס בר דליס שוקולד,גרמים,135.00,100 גרם,false,,15.80,0.1170,true,1,1329010
5900020026552,false,דגני בוקר האני נאט צ'יריוס בטעם דבש ושקדים,נסטלה צרפת איטנקורט,FR,האני נאט ציריוס 625,גרמים,625.00,100 גרם,false,,23.90,0.0382,true,1,1668761
5900020029669,false,פיטנס - חטיף דגנים פירות יער 23.50 גרם * 6,נסטלה פולין דגני בוק,PL,מארז חטיף פיטנס מארו,גרמים,141.00,100 גרם,false,,14.90,0.1057,true,1,3595023
5900020034021,false,חטיף דגנים פיטנס שוקולד בננה 141 גרם,מיוצר עי קונדיטוריית,PL,חטיף דגנים פיטנס שוק,גרמים,141.00,100 גרם,false,,14.90,0.1057,true,1,3867513
5900020034991,false,דגני בוקר צדפים בטעם שוקולד 450 ג' קראנץ',סי. פי. פולין,PL,קראנץ צדפים טעם שוקו,גרמים,450.00,100 גרם,false,,21.90,0.0487,true,1,3878980
5900020036407,false,ליון דגני בוקר שוקולד וקרמל נסטלה 480 גרם,נסטלה פולין דגני בוק,PL,ליון דגני בוקר שוקול,גרמים,480.00,100 גרם,false,,23.90,0.0498,true,1,3883377
5900020039132,false,שיבולת שועל בטעם תפוח קינמון צ'יריוס 320 ג',סי. פי. פולין,PL,צריוס שיבולת שועל תפ,גרמים,340.00,100 גרם,false,,14.90,0.0438,true,1,3892319
5900020039590,false,פיטנס חטיף דגנים קלאסי פרווה 8 6*23.5 ג,נסטלה פולין דגני בוק,PL,פיטנס חטיף דגנים קלא,גרמים,141.00,100 גרם,false,,14.90,0.1057,true,1,3897795
5900020039620,false,פיטנס חטיף דגנים שקדים ודבש פרווה 8 6*23 ג,נסטלה פולין ברים,PL,פיטנס חטיף דגנים שקד,גרמים,141.00,100 גרם,false,,14.90,0.1057,true,1,3897796
5900535009705,false,בירה ואן פור פילזנר,,,בירה ואן פור פילזנר,מיליליטרים,500.00,"100 מ""ל",false,,2.90,0.0058,true,1,1357825
5900617035882,false,חטיף חלבון נוטרישיין בטעם שוקולד,סיטי תוספי מזון,PL,חטיף פרוטאין 33 שוקו,יח',1.00,יח',false,,9.90,9.9000,true,1,3901506
5900617035905,false,גו און חטיף חלבון עם קרמל ובוטנים ללא סוכר 50 ג',סיטי תוספי מזון,PL,חטיף פרוטאין 33 קרמל,יח',1.00,יח',false,,9.90,9.9000,true,1,3901507
5900617035929,false,חטיף חלבון נוטרישיין בטעם וניל תות יער,סיטי תוספי מזון,PL,חטיף פרוטאין 33 וניל,יח',1.00,יח',false,,9.90,9.9000,true,1,3901508
5900627027020,false,"ויט קרם להסרת שיער בזמן מקלחת לעור רגיל 150 מ""ל",רקיט בנקיזר צרפת,IL,Veet Shower Cre Silk 5X15,מיליליטרים,150.00,"100 מ""ל",false,,19.90,0.1327,true,1,1344845
5900627063233,false,טבליות למדיח הכל ב-1 פיניש מקס 50 יחידות,רקיט בנקיזר,PL,"FINSH,IL,AIO48tabs-Morgan",יח',50.00,יח',false,,34.90,0.6980,true,1,1811071
5900627066715,false,טבליות למדיח פיניש הכל ב-1 100 יח,רקיט בנקיזר,PL,פיניש 100 טבליות,100 יח',100.00,100 יח',false,,54.90,0.5490,true,1,2608406
5900951283963,false,חטיף סניקרס עם חמאת בוטנים Creamy Peanut Butter,סנו מפעלי ברונוס.,PL,חטיף סניקרס קרימי חמ,יח',1.00,יח',false,,3.90,3.9000,true,1,3896276
5901414200411,false,בלזן היט מיני ביסקוויט סנדוויץ' עם מילוי קרם בטעם שוקולד 130 גרם,ליימן שליסל,PL,עוגיות סנדוויץ' בטעם,גרמים,130.00,100 גרם,false,,5.90,0.0454,true,1,1337079
5902198160403,false,XL משקה אנרגיה מוגז ללא סוכר עד 10 קלוריות לפחית 250 מל,"טמפו משקאות בע""\מ",IL,TEN XL פחית 250 מל,מיליליטרים,250.00,"100 מ""ל",false,,3.80,0.0152,true,1,2975139
5904941751302,false,"משקה אנרגיה בלו 250 מ""ל- בודד",אקו - ביט,PL,משקה אנרגיה בלו 250,מיליליטרים,250.00,"100 מ""ל",false,,3.90,0.0156,true,1,1345114
5904941751715,false,"משקה אנרגיה בלו קרנברי 250 מ""ל -בודד",אקו - ביט,PL,משקה אנרגיה חמוציות,מיליליטרים,250.00,"100 מ""ל",false,,3.90,0.0156,true,1,1345121
5904941751920,false,בלו משקה אנרגיה דיי חצי מכמות הקלו250 מל,אקו - ביט,PL,משקה אנרגייה בלו דיי,מיליליטרים,250.00,"100 מ""ל",false,,3.90,0.0156,true,1,1345126
5904941752262,false,"משקה אנרגיה BLU לימון סיקס ללא סוכר 250 מ""ל",אקווה ויט,PL,"בלו לימון ליים לל""ס",יח',1.00,יח',false,,2.90,2.9000,true,1,3893668
5906485301012,false,"משקה אנרגיה XL פחית 250 מ""ל","טמפו משקאות בע""מ",IL,"XL 250 מ""ל פחית 24 יח'",מיליליטרים,250.00,"100 מ""ל",false,,3.80,0.0152,true,1,1326491
5941021000639,false,טבלת שוקולד חלב אגוז היידי גראנדור 100 ג',היידי שוקולד בירונטי,,שוקולד חלב היידי אגו,גרמים,100.00,100 גרם,false,,9.50,0.0950,true,1,3873870
5941021000899,false,טבלת שוקולד מריר אגוז היידי גראנדור 100 ג',היידי שוקולד בירונטי,,שוקולד מריר היידי אג,גרמים,100.00,100 גרם,false,,9.50,0.0950,true,1,3873871
5941021001247,false,טבלת שוקולד בטעם קפה היידי גראנדור 80 ג',היידי שוקולד בירונטי,,טבלת היידי גראנדור ק,יח',1.00,יח',false,,9.50,9.5000,true,1,3873872
5941021001674,false,טבלת שוקולד היידי גראנדור 80% 80 ג',היידי שוקולד בירונטי,,היידי שוקולד 85% 80,יח',1.00,יח',false,,9.50,9.5000,true,1,3861408
5941021005139,false,טבלת שוקולד חלב שקד היידי גראנדור 100 ג',,,היידי שוקולד חלב שקד,גרמים,100.00,100 גרם,false,,9.50,0.0950,true,1,3873875
5941021007577,false,טבלת שוקולד פיסטוק היידי גראנדור 80 ג',היידי שוקולד בירונטי,,היידי שוקולד חלב פיס,יח',1.00,יח',false,,9.50,9.5000,true,1,3873877
5941021011147,false,טבלת שוקולד פלורנטין מריר היידי גראנדור 100 ג',היידי שוקולד בירונטי,,טבלת היידי גראנדור פ,גרמים,100.00,100 גרם,false,,9.50,0.0950,true,1,3873879
5948559002753,false,5 מטליות ניקוי בעלות ספיגה מקסימלית,3m,IT,מטליות ניקוי ספיגה מ,יח',1.00,יח',false,,13.90,13.9000,true,1,3880950
5997321701806,false,אבקה למניעת אבנית במכונת כביסה 2 ב-1,רקיט בנקיזר פולין,PL,קלגון אבקה למניעת אב,לקג,1.00,לקג,false,,19.90,19.9000,true,1,3302120
5997321770307,false,ויט רצועות שעווה מוכנות לעור רגיש 12 יחידות,רקיט בנקיזר צרפת,FR,ויט רצועות שעווה מוכ,יח',12.00,יח',false,,24.90,2.0750,true,1,3869954
5998623530637,false,"אדלמה קברנה סובניון יין אדום יבש (כשר) 750 מ""ל",אדלמה,HU,אדלמה קברנה סובניון,מטרים,750.00,100 מ'ל,false,,38.90,0.0519,true,1,3904815
6001067017523,false,מברשת שיניים קולגייט לילדים מגיל חמש 1 יחידה,יבואן ומשווק: ש. שסט,CN,קולגייט מברשת ילדים,יח',1.00,יח',false,,9.90,9.9000,true,1,1327010
6001067017530,false,מברשת שיניים קולגייט לילדים מגיל שנתיים עד חמש 1 יחידה,יבואן ומשווק: ש. שסט,CN,מברשת קולגייט ילדים,יח',1.00,יח',false,,9.90,9.9000,true,1,1327011
6111049000051,false,סרדין מרוקאי חריף 125 גר,U.P.A,MA,סרדין מרוקאי חריף 12,גרמים,125.00,100 גרם,false,,3.90,0.0312,true,1,1346358
6111049000150,false,סרדין בשמן צמחי ולימון 125גר,אטלנטיק הום סרדינס א,MA,סרדין בשמן צמחי ולימ,גרמים,125.00,100 גרם,false,,3.90,0.0312,true,1,3204203
6111049002055,false,סרדין מרוקאי בשמן קפ,אטלנטיק הום סרדינס א,MA,סרדין בשמן סויה 125,גרמים,125.00,100 גרם,false,,3.90,0.0312,true,1,1346359
6111094000013,false,"קוסקוס דארי בינוני תומר 1 ק""ג",דארי קוספאט אס. איי. או,MA,קוסקוס דארי בינוני1ק,לקג,1.00,לקג,false,,14.70,14.7000,true,1,1326243
6111094000198,false,קוסקוס דארי בינוני 350 גרם,דארי קוספאט אס. איי. או,MA,קוסקוס דארי 350 גרם,גרמים,350.00,100 גרם,false,,6.90,0.0197,true,1,3523005
6111094000228,false,"קוסקוס דארי דק תומר 1 ק""ג",דארי קוספאט אס. איי. או,MA,קוסקוס דארי דק 1ק'12,100 לקג,1.00,100 לקג,false,,14.70,14.7000,true,1,1326244
6111119000011,false,"קוסקוס מרוקאי פרידה 1 ק""ג",אטלס קוסקוס,MA,קוסקוס מרוקאי פרידה,קילוגרמים,1.00,"לק""ג",false,,9.90,9.9000,true,1,3204222
6191546003823,false,אריסה טוניסאית 190 גר,מונה פוד,,אריסה טוניסאית 190 ג,גרמים,190.00,100 גרם,false,,9.90,0.0521,true,1,3900061
6281001510390,false,מברשת שיניים לילדים אקסטרא סופט לגילאי 0-2,קולגייט-פלמוליב,CN,מברשת שיניים ילדים ל,יח',1.00,יח',false,,9.90,9.9000,true,1,1327018
6325647080135,false,קומקום איכותי BENATON BT-8011W שקוף,,,קומקום איכותי BENATO,יח',1.00,יח',false,,89.90,89.9000,true,1,3873483
6524543313129,false,זוג פמוט דקורטיבי לנ,מעגל הזמן,,זוג פמוט דקורטיבי לנ,יח',1.00,יח',false,,9.90,9.9000,true,1,1975031
6807452794426,false,שיני שום קלופות 170,,,שיני שום קלוף,יח',1.00,יח',false,,8.90,8.9000,true,1,3893279
6902019042061,false,מארז בלונים 50 יח קרביץ,,IL,בלונים 50 יח,יח',1.00,יח',false,,9.90,9.9000,true,1,3879527
6910191800287,false,אצות נורי בלו 10 דף (ננגטונג),ננטונג היידה אקווטוק,CN,אצות נורי בלו 10 דף,גרמים,25.00,גרם,false,,10.80,0.4320,true,1,1341485
6912977000140,false,אטריות שעועית 250 גר' ( Yantai)ללא גלוטן(כ),יאנטאי ינסידה לנוגקא,CN,אטריות שעועית 250 גר,גרמים,250.00,100 גרם,false,,8.70,0.0348,true,1,1341486
6920354822193,false,משחת שיניים נטורל הדרים אקליפטוס קולגייט 90 ג',קולגייט פלמוליב,PL,קולגייט נטורלס משחת,מטרים,71.00,100 מ'ל,false,,29.90,0.4211,true,1,3890387
6921234601174,false,נשכן ג'ירפה,,,נשכן ג'ירפה,יח',1.00,יח',false,,29.90,29.9000,true,1,3890883
6921234611036,false,נשכן בננה,,,נשכן בננה,יח',1.00,יח',false,,29.90,29.9000,true,1,3891418
6921817800673,false,כוס שוט,,,כוס שוט,יח',1.00,יח',false,,2.90,2.9000,true,1,3870207
6933960500089,false,קנפיו רצועות דלעת כבושות 100 גרם (קווינגזאו),מזרח ומערב,CN,קנפיו רצועות דלעת כב,מיליליטרים,400.00,"100 מ""ל",false,,11.90,0.0298,true,1,1341510
6934731200078,false,אטריות טריות דקות מזרח מערב 200 גרם,יאנטאי ינסידה לנוגקא,CN,אטריות טריות דקות 20,גרמים,200.00,100 גרם,false,,6.90,0.0345,true,1,3869240
6934731210138,false,אטריות טריות עבות מזרח מערב 200 גרם,יאנטאי ינסידה לנוגקא,CN,אטריות טריות עבות 20,גרמים,200.00,100 גרם,false,,6.90,0.0345,true,1,3869241
6934931405464,false,פולי קפה 500 גרם רמי לוי dolce aroma,,,פולי קפה קלויים 500,יח',1.00,יח',false,,29.90,29.9000,true,1,3896484
6935487561246,false,מסיכה כירורגית שחורה מארז 50 יח',,IL,מארז 50 מסכות הגיינה,יח',1.00,יח',false,,7.90,7.9000,true,1,3894934
6936036519152,false,פתיל צמר גפן שלהבת,פתילית,IL,פתיל צמר גפן,יח',1.00,יח',false,,2.90,2.9000,true,1,2243270
6936745600462,false,רוטב מירין לתיבול מז,דאנינג יוה פודס קו,CN,"מירין 500 מ""ל (דאניי",מיליליטרים,500.00,"100 מ""ל",false,,17.80,0.0356,true,1,1341513
6936745600783,false,"חומץ אורז מזרח מערב 500 מ""ל",דאנינג יוה פודס קו,CN,"חומץ אורז 500 מ""ל (ד",מיליליטרים,500.00,"100 מ""ל",false,,14.80,0.0296,true,1,1341514
6937266700761,false,שיק אינטואישן סנסיטיב נשים מכשיר+2 סכיני,קולגייט פלמוליב,CN,שיק אינטואישן סנסטיב,יח',1.00,יח',false,,24.90,24.9000,true,1,3886122
7038516140357,false,מברשת שיניים ג'ורדן טוטל סופט מארז 4 יחידות,מיוצר במלזיה עבור ג',NO,ג'ורדן מברשת טוטאל קלין ס,יח',1.00,יח',false,,14.90,14.9000,true,1,1351554
7038516140418,false,ג'ורדן מברשת שיניים טוטאל קלין מדיום רביעייה,ג'ורדן Jordan,MY,ג'ורדן מברשת טוטאל קלין מ,יח',1.00,יח',false,,11.90,11.9000,true,1,1351555
7046110064016,false,ג'ורדן מארז זוג מברשת שיניים לילדים מגיל 3-5,דנטלון,MY,ג'ורדן מברשת לילדים,יח',2.00,יח',false,,14.90,7.4500,true,1,1351563
7046110064047,false,מארז זוג מברשת שיניים ג'ורדן ילדים 6-9,דנטלון,MY,ג'ורדן מברשת לילדים,יח',2.00,יח',false,,14.90,7.4500,true,1,1351564
7046110064535,false,מארז זוג מברשת שיניים ג'ורדן ילדים 0-2,ג'ורדן Jordan,MY,ג'ורדן מברשת לילדים,יח',2.00,יח',false,,14.90,7.4500,true,1,1351565
7271730901261,false,ווקי מאק ארוחת אטריות עם גבינה 156 גרם,ניו וורלד פסטה קומפנ,US,מקרוני עם גבינה 156,גרמים,156.00,100 גרם,false,,10.90,0.0699,true,1,1334907
7290000000100,false,אבוקדו האס,,,עגבניה,קילוגרמים,1.00,"ק""ג",true,,4.74,4.7400,true,1,1340154
7290000000101,false,חבילת פיתות קטן 10 י,ביכורי השקמה,,מלפפון,קילוגרמים,1.00,"ק""ג",true,,3.13,3.1300,true,1,1340155
7290000000102,false,מי קוקוס אמפאווה+מוט,ביכורי השקמה,,גזר ארוז,קילוגרמים,1.00,"ק""ג",true,,2.37,2.3700,true,1,1340156
7290000000103,false,חלה רגילה,ביכורי השקמה,,פלפל כהה,קילוגרמים,1.00,"ק""ג",true,,5.96,5.9600,true,1,1340157
7290000000104,false,סנדוויץ' עובד,ביכורי השקמה,,פלפל אדום,קילוגרמים,1.00,"ק""ג",true,,7.94,7.9400,true,1,1340158
7290000000105,false,חב' עירית טריה,ביכורי השקמה,,פלפל בהיר,קילוגרמים,1.00,"ק""ג",true,,8.80,8.8000,true,1,1340159
7290000000106,false,אנונה,ביכורי השקמה,,חציל,קילוגרמים,1.00,"ק""ג",true,,3.63,3.6300,true,1,1340160
7290000000107,false,קישוא ירוק,ביכורי השקמה,,קישוא ירוק,קילוגרמים,1.00,"ק""ג",true,,3.39,3.3900,true,1,1340161
7290000000108,false,קישואים זוקיני,ביכורי השקמה,,בצל יבש,קילוגרמים,1.00,"ק""ג",true,,1.87,1.8700,true,1,1340162
7290000000109,false,כרוב לבן,ביכורי השקמה,,כרוב לבן,קילוגרמים,1.00,"ק""ג",true,,1.90,1.9000,true,1,1340163
7290000000110,false,כרוב אדום,ביכורי השקמה,,כרוב אדום,קילוגרמים,1.00,"ק""ג",true,,2.10,2.1000,true,1,1340164
7290000000111,false,תפוח אדמה לבן ארוז,ביכורי השקמה,,תפוח אדמה לבן ארוז,קילוגרמים,1.00,"ק""ג",true,,5.53,5.5300,true,1,1340165
7290000000112,false,ברוקומיני,ביכורי השקמה,,צנונית,יח',1.00,יח',false,,4.90,4.9000,true,1,1340166
7290000000113,false,שום טרי עלים,ביכורי השקמה,,אגס,קילוגרמים,1.00,"ק""ג",true,,9.58,9.5800,true,1,1340167
7290000000114,false,תפוח עץ סטרקינג (אדו,ביכורי השקמה,,תפוח עץ סטרקינג (אדו,קילוגרמים,1.00,"ק""ג",true,,4.90,4.9000,true,1,1340168
7290000000115,false,תפוח עץ מוזהב,ביכורי השקמה,,תפוח עץ מוזהב,קילוגרמים,1.00,"ק""ג",true,,7.40,7.4000,true,1,1340169
7290000000116,false,תפוח עץ ירוק גרנד סמ,ביכורי השקמה,,תפוח עץ ירוק גרנד סמ,קילוגרמים,1.00,"ק""ג",true,,7.75,7.7500,true,1,1340170
7290000000117,false,עגבניות שרי תמר,ביכורי השקמה,,לימון,קילוגרמים,1.00,"ק""ג",true,,3.30,3.3000,true,1,1340171
7290000000120,false,קיווי,ביכורי השקמה,,קיווי,קילוגרמים,1.00,"ק""ג",true,,13.89,13.8900,true,1,1340174
7290000000121,false,קלמנטינה,ביכורי השקמה,,קלמנטינה,קילוגרמים,1.00,"ק""ג",true,,4.80,4.8000,true,1,1340175
7290000000122,false,תפוח עץ פינק בראשית,ביכורי השקמה,,תפוז,קילוגרמים,1.00,"ק""ג",true,,5.00,5.0000,true,1,1340176
7290000000123,false,חסה רגילה,ביכורי השקמה,,חסה רגילה,יח',1.00,יח',false,,2.85,2.8500,true,1,1340177
7290000000125,false,פטרוזיליה (בתפזורת),ביכורי השקמה,,פטרוזיליה (בתפזורת),יח',1.00,יח',false,,3.30,3.3000,true,1,1340178
7290000000126,false,כוסברה (בתפזורת),ביכורי השקמה,,כוסברה (בתפזורת),יח',1.00,יח',false,,3.30,3.3000,true,1,1340179
7290000000127,false,"קמח אחיד שטיבל 25 ק""",אדמה,,סלרי אמריקאי אדמה,יח',1.00,יח',false,,4.90,4.9000,true,1,1340180
7290000000128,false,"קמח לבן שטיבל 30 ק""ג",ביכורי השקמה,,נענע (בתפזורת),יח',1.00,יח',false,,3.30,3.3000,true,1,1340181
7290000000129,false,אפונת שלג/סינית 200,אדמה,,שמיר (בתפזורת),יח',1.00,יח',false,,3.30,3.3000,true,1,1340182
7290000000130,false,"תפ""א אדום תפזורת",ביכורי השקמה,,כרוב סיני,יח',1.00,יח',false,,6.90,6.9000,true,1,1340183
7290000000131,false,חבילת שמיר טרי,ביכורי השקמה,,בצל ירוק,יח',1.00,יח',false,,3.90,3.9000,true,1,1340184
7290000000132,false,תפוחי אדמה לבן תפזור,ביכורי השקמה,,פלפל חריף,קילוגרמים,1.00,"ק""ג",true,,4.70,4.7000,true,1,1340185
7290000000133,false,חסה סלנובה,ביכורי השקמה,,שום יבש,יח',1.00,יח',false,,17.08,17.0800,true,1,1340186
7290000000134,false,פטריות יער,ביכורי השקמה,,בננה,קילוגרמים,1.00,"ק""ג",true,,3.82,3.8200,true,1,1340187
7290000000135,false,אפרסמון קרמבו,ביכורי השקמה,,אבוקדו,קילוגרמים,1.00,"ק""ג",true,,12.50,12.5000,true,1,1340188
7290000000136,false,אשכולית צהובה,ביכורי השקמה,,אשכולית צהובה,קילוגרמים,1.00,"ק""ג",true,,4.50,4.5000,true,1,1340189
7290000000137,false,פומלה,ביכורי השקמה,,פומלה,קילוגרמים,1.00,"ק""ג",true,,4.92,4.9200,true,1,1340190
7290000000138,false,גויאבה,ביכורי השקמה,,בטטה,קילוגרמים,1.00,"ק""ג",true,,6.99,6.9900,true,1,1340191
7290000000139,false,שומר,ביכורי השקמה,,שומר,קילוגרמים,1.00,"ק""ג",true,,2.36,2.3600,true,1,1340192
7290000000140,false,ענבים גדולים,ביכורי השקמה,,מלון,קילוגרמים,1.00,"ק""ג",true,,5.39,5.3900,true,1,1340193
7290000000141,false,דלורית,ביכורי השקמה,,דלורית,קילוגרמים,1.00,"ק""ג",true,,3.00,3.0000,true,1,1340194
7290000000142,false,אשכולית אדומה,ביכורי השקמה,,אשכולית אדומה,קילוגרמים,1.00,"ק""ג",true,,4.50,4.5000,true,1,1340195
7290000000148,false,תפוח ענה,,,תירס טרי,קילוגרמים,1.00,"ק""ג",true,,6.28,6.2800,true,1,1340199
7290000000149,false,תפוח עץ חרמון,ביכורי השקמה,,תפוח עץ חרמון,קילוגרמים,1.00,"ק""ג",true,,7.65,7.6500,true,1,1340200
7290000000150,false,קלמנטינה ברשת,ביכורי השקמה,,פיגוייה,קילוגרמים,1.00,"ק""ג",true,,9.80,9.8000,true,1,1340201
7290000000151,false,סלק אדום,ביכורי השקמה,,סלק אדום,קילוגרמים,1.00,"ק""ג",true,,2.91,2.9100,true,1,1340202
7290000000153,false,זוג עוגיות אלפחורס,ביכורי השקמה,,מארז אבוקדו ברשת,קילוגרמים,1.00,"ק""ג",true,,5.96,5.9600,true,1,1340204
7290000000156,false,ארטישוק,ביכורי השקמה,,ארטישוק,קילוגרמים,1.00,"ק""ג",true,,5.00,5.0000,true,1,1340207
7290000000157,false,שום טרי עלים חתוך,ביכורי השקמה,,דלעת ערמונים,קילוגרמים,1.00,"ק""ג",true,,8.61,8.6100,true,1,1340208
7290000000161,false,חציל בלאדי,ביכורי השקמה,,צנון,קילוגרמים,1.00,"ק""ג",true,,3.77,3.7700,true,1,1340211
7290000000162,false,עגבניות שרי אדומות,ביכורי השקמה,,עגבניות שרי אדומות,קילוגרמים,1.00,"ק""ג",true,,7.20,7.2000,true,1,1340212
7290000000163,false,פוטוס בקערה 20,ביכורי השקמה,,ברוקולי,יח',1.00,יח',false,,7.90,7.9000,true,1,1340213
7290000000164,false,לפת,ביכורי השקמה,,לפת,קילוגרמים,1.00,"ק""ג",true,,4.05,4.0500,true,1,1340214
7290000000165,false,מנגולד עלי סלק,אדמה,,מנגולד עלי סלק,יח',1.00,יח',false,,4.90,4.9000,true,1,1340215
7290000000166,false,דלעת,ביכורי השקמה,,דלעת,קילוגרמים,1.00,"ק""ג",true,,8.90,8.9000,true,1,1340216
7290000000167,false,שרי מנומר/צהוב,ביכורי השקמה,,קולורבי,קילוגרמים,1.00,"ק""ג",true,,3.53,3.5300,true,1,1340217
7290000000168,false,פלפל צהוב,ביכורי השקמה,,פלפל צהוב,קילוגרמים,1.00,"ק""ג",true,,8.03,8.0300,true,1,1340218
7290000000170,false,חזרת,ביכורי השקמה,,חזרת,קילוגרמים,1.00,"ק""ג",true,,25.00,25.0000,true,1,1340220
7290000000171,false,פטריות פורטבלו,ביכורי השקמה,,פרסה לוף,יח',1.00,יח',false,,4.90,4.9000,true,1,1340221
7290000000176,false,שעועית ירוקה,ביכורי השקמה,,שעועית ירוקה,קילוגרמים,1.00,"ק""ג",true,,6.00,6.0000,true,1,1340225
7290000000179,false,פול,ביכורי השקמה,,פול,קילוגרמים,1.00,"ק""ג",true,,9.90,9.9000,true,1,1340227
7290000000180,false,רחת לוקום שקו,ביכורי השקמה,,ערמונים,קילוגרמים,1.00,"ק""ג",true,,14.80,14.8000,true,1,1340228
7290000000181,false,שסק,ביכורי השקמה,,שסק,קילוגרמים,1.00,"ק""ג",true,,17.41,17.4100,true,1,1340229
7290000000183,false,פטאיה,ביכורי השקמה,,אפרסק,קילוגרמים,1.00,"ק""ג",true,,11.37,11.3700,true,1,1340231
7290000000186,false,תפוח עץ יונתן,ביכורי השקמה,,תפוח עץ יונתן,קילוגרמים,1.00,"ק""ג",true,,12.80,12.8000,true,1,1340234
7290000000190,false,סופגניה בטעמים,ביכורי השקמה,,סברס,קילוגרמים,1.00,"ק""ג",true,,29.90,29.9000,true,1,1340238
7290000000197,false,חבוש,ש.פשה,,חבוש,קילוגרמים,1.00,"ק""ג",true,,8.90,8.9000,true,1,1340245
7290000000199,false,פומלית,ביכורי השקמה,,פומלית,קילוגרמים,1.00,"ק""ג",true,,6.00,6.0000,true,1,1340246
7290000000201,false,אנונה,ביכורי השקמה,,אנונה,קילוגרמים,1.00,"ק""ג",true,,16.90,16.9000,true,1,1340247
7290000000202,false,תבנית אובלית עבה,ישרקו שיווק מותגי מז,,פפאיה,קילוגרמים,1.00,"ק""ג",true,,10.78,10.7800,true,1,1340248
7290000000203,false,סלמי מילאנו פרוס,ישרקו שיווק מותגי מז,,קרמבולה,קילוגרמים,1.00,"ק""ג",true,,22.90,22.9000,true,1,1340249
7290000000215,false,דובדבן אדום,ביכורי השקמה,,דובדבן אדום,יח',1.00,יח',false,,29.90,29.9000,true,1,1340254
7290000000219,false,תפוח עץ גאלה,ישרקו שיווק מותגי מז,,תפוח עץ גאלה,קילוגרמים,1.00,"ק""ג",true,,11.80,11.8000,true,1,1340258
7290000000225,false,ג'ינג'ר תפזורת,חוות פטריות תקוע,,ג'ינג'ר תפזורת,קילוגרמים,1.00,"ק""ג",true,,16.90,16.9000,true,1,1352819
7290000000230,false,רוסקי סרוולט,ישרקו שיווק מותגי מז,,תפוז ברשת,קילוגרמים,1.00,"ק""ג",true,,4.80,4.8000,true,1,1340262
7290000000239,false,סלמי ספרטק,ישרקו שיווק מותגי מז,,בצלי פנינה,קילוגרמים,1.00,"ק""ג",true,,5.17,5.1700,true,1,2185883
7290000000244,false,חצילים בלדי,ביכורי השקמה,,חצילים בלדי,קילוגרמים,1.00,"ק""ג",true,,3.59,3.5900,true,1,1340266
7290000000249,false,פטריות כללי (לבן),ישרקו שיווק מותגי מז,,גזר בתפוזרת,קילוגרמים,1.00,"ק""ג",true,,5.90,5.9000,true,1,1340267
7290000000254,false,חסה עגולה,ביכורי השקמה,,חסה עגולה,יח',1.00,יח',false,,7.90,7.9000,true,1,1340268
7290000000265,false,אגס תפוח,ביכורי השקמה,,אגס תפוח,קילוגרמים,1.00,"ק""ג",true,,12.66,12.6600,true,1,1340270
7290000000267,false,סלק לבן/כתום,ישרקו שיווק מותגי מז,,סלק לבן/כתום,קילוגרמים,1.00,"ק""ג",true,,4.90,4.9000,true,1,2819034
7290000000287,false,קלמנטינה (בשקית רשת),ביכורי השקמה,,קלמנטינה (בשקית רשת),קילוגרמים,1.00,"ק""ג",true,,4.90,4.9000,true,1,1340272
7290000000289,false,לשון זליבנוי טילצי,ישרקו שיווק מותגי מז,,בצל אדום,קילוגרמים,1.00,"ק""ג",true,,3.49,3.4900,true,1,1340273
7290000000293,false,דלורית חתוכה ארוזה,ביכורי השקמה,,דלורית חתוכה ארוזה,קילוגרמים,1.00,"ק""ג",true,,7.90,7.9000,true,1,2743357
7290000000295,false,תפוח עץ אנה,ביכורי השקמה,,תפוח עץ אנה,קילוגרמים,1.00,"ק""ג",true,,4.90,4.9000,true,1,1340275
7290000000300,false,נקניקיות עוף זוגלובק,ביכורי השקמה,,תפוח אדמה אדום ארוז,קילוגרמים,1.00,"ק""ג",true,,2.89,2.8900,true,1,1340277
7290000000306,false,תפוח אדמה אדום במשקל,ביכורי השקמה,,תפוח אדמה אדום במשקל,קילוגרמים,1.00,"ק""ג",true,,7.60,7.6000,true,1,1340278
7290000000307,false,קישואים זוקיני ירוק,ביכורי השקמה,,פלפל כתום,קילוגרמים,1.00,"ק""ג",true,,9.81,9.8100,true,1,1340279
7290000000333,false,פקדון בקבוק 30 אגורו,ביכורי השקמה,,פטריות במשקל,קילוגרמים,1.00,"ק""ג",true,,29.90,29.9000,true,1,1345499
7290000000355,false,כרוב לבן שטוח,,,כרוב לבן שטוח,קילוגרמים,1.00,"ק""ג",true,,1.50,1.5000,true,1,2366509
7290000000399,false,"תפו""ע גלה ארוז ברשת","ולדמן ביח""ר לנקניק ו",,"תפו""ע גלה ארוז ברשת",קילוגרמים,1.00,"ק""ג",true,,3.90,3.9000,true,1,1340285
7290000000401,false,תמרים מגהול כחול 5 ק,"ולדמן ביח""ר לנקניק ו",,"תפו""א לאפיה",קילוגרמים,1.00,"ק""ג",true,,2.44,2.4400,true,1,1340287
7290000000411,false,שום יבש יבוא רמי לוי,אראל תוצרת חקלאית בע,IL,שום יבש יבוא רמי לוי,יח',1.00,יח',false,,2.66,2.6600,true,1,3165072
7290000000420,false,קישואים זוקיני,"ולדמן ביח""ר לנקניק ו",,קישואים זוקיני,קילוגרמים,1.00,"ק""ג",true,,3.76,3.7600,true,1,1340290
7290000000422,false,תפוח אדמה לבן במשקל,"ולדמן ביח""ר לנקניק ו",,תפוח אדמה לבן במשקל,קילוגרמים,1.00,"ק""ג",true,,4.20,4.2000,true,1,1340291
7290000000453,false,בוט מורטדלה מעושן,"ולדמן ביח""ר לנקניק ו",,תפוח עץ לוליפופ,קילוגרמים,1.00,"ק""ג",true,,11.32,11.3200,true,1,3869155
7290000000455,false,אשכולית ברשת,"ולדמן ביח""ר לנקניק ו",,אשכולית ברשת,קילוגרמים,1.00,"ק""ג",true,,3.90,3.9000,true,1,1340294
7290000000502,false,"תמרים מג""הול שחור 5ק",מעדני מניה תעשיות בש,,אננס שקיל,קילוגרמים,1.00,"ק""ג",true,,24.76,24.7600,true,1,3893272
7290000000512,false,דליקטסנייה פרוס,מעדני מניה תעשיות בש,,תפוח עץ גויה,קילוגרמים,1.00,"ק""ג",true,,9.90,9.9000,true,1,1340299
7290000000612,false,"תפו""א ירושלמי",קרלברג ייצור ושיווק,IL,שום טרי,קילוגרמים,1.00,"ק""ג",true,,13.50,13.5000,true,1,1340304
7290000000649,false,אגס (בשקית),ביכורי השקמה,,אגס (בשקית),קילוגרמים,1.00,"ק""ג",true,,6.90,6.9000,true,1,1340305
7290000000755,false,פחית בירה/בלו,משתנה,IL,פחית בירה/בלו,יח',1.00,יח',false,,6.00,6.0000,true,1,1342543
7290000000775,false,דלעת יפנית,משתנה,IL,דלעת יפנית,קילוגרמים,1.00,"ק""ג",true,,4.00,4.0000,true,1,3869156
7290000000776,false,דלעת אקזוטי,ביכורי השקמה,,דלעת אקזוטי,קילוגרמים,1.00,"ק""ג",true,,6.00,6.0000,true,1,1340311
7290000000797,false,תפוח עץ פינק,ביכורי השקמה,IL,תפוח עץ פינק,קילוגרמים,1.00,"ק""ג",true,,12.02,12.0200,true,1,1340312
7290000000805,false,פלפל כתום ברשת,קרלברג ייצור ושיווק,,פלפל כתום ברשת,קילוגרמים,1.00,"ק""ג",true,,6.70,6.7000,true,1,2545918
7290000000978,false,חסה ברכת קטיף מהדרין,ביכורי השקמה,IL,חסה מהדרין קטיף טרי,יח',1.00,יח',false,,4.90,4.9000,true,1,1356543
7290000000984,false,שום טרי עם עלים,ביכורי השקמה,,שום טרי עם עלים,קילוגרמים,1.00,"ק""ג",true,,8.90,8.9000,true,1,1340315
7290000000985,false,פטרוזיליה ברכת קטיף ייבול נוכרי בוסתן,ברכת קטיף,IL,פטרוזיליה מהדרין קטי,יח',1.00,יח',false,,4.90,4.9000,true,1,1356544
7290000001014,false,סוכריה אוזן המן,ביכורי השקמה,,מלפפון,קילוגרמים,1.00,"ק""ג",true,,3.13,3.1300,true,1,2595895
7290000001021,false,סלמי מניה,מעדני מניה תעשיות בש,,גזר ארוז,קילוגרמים,1.00,"ק""ג",true,,2.37,2.3700,true,1,2595896
7290000001038,false,נשנושי גבינה 67גר+מל,מעדני מניה תעשיות בש,,פלפל כהה,קילוגרמים,1.00,"ק""ג",true,,5.96,5.9600,true,1,2595913
7290000001043,false,כרוב לבן מהדרין קטיף טרי,ברכת קטיף,IL,כרוב לבן מהדרין קטיף,קילוגרמים,1.00,"ק""ג",true,,10.90,10.9000,true,1,1356545
7290000001045,false,סלמי אגוזים אורחוביה,מעדני מניה תעשיות בש,,פלפל אדום,קילוגרמים,1.00,"ק""ג",true,,7.94,7.9400,true,1,2595914
7290000001052,false,פילה לברק מארז 6 יח,מעדני ויטו שיווק ויי,,פלפל בהיר,קילוגרמים,1.00,"ק""ג",true,,8.80,8.8000,true,1,2595915
7290000001069,false,חציל,ביכורי השקמה,,חציל,קילוגרמים,1.00,"ק""ג",true,,3.63,3.6300,true,1,2595916
7290000001074,false,כרוב אדום מהדרין קטיף טרי.,קרלברג ייצור ושיווק,IL,כרוב אדום מהדרין קטי,קילוגרמים,1.00,"ק""ג",true,,11.90,11.9000,true,1,1356546
7290000001076,false,רוסטביף מעודן,קרלברג ייצור ושיווק,,קישוא ירוק,קילוגרמים,1.00,"ק""ג",true,,3.39,3.3900,true,1,2595917
7290000001083,false,בצל יבש,ביכורי השקמה,,בצל יבש,קילוגרמים,1.00,"ק""ג",true,,1.87,1.8700,true,1,2595918
7290000001090,false,פנקסי פיקדון בקבוק,ביכורי השקמה,,כרוב לבן,קילוגרמים,1.00,"ק""ג",true,,1.90,1.9000,true,1,2595919
7290000001092,false,כרובית,,,כרובית,יח',1.00,יח',false,,10.00,10.0000,true,1,3906208
7290000001120,false,צנונית,ביכורי השקמה,,צנונית,יח',1.00,יח',false,,4.90,4.9000,true,1,2595920
7290000001401,false,עלי סלק גלאט עלי הארץ,"ולדמן ביח""ר לנקניק ו",,עלי סלק גלאט עלי האר,יח',1.00,יח',false,,5.90,5.9000,true,1,3898167
7290000001455,false,פריזר לארוחת בוקר,"ולדמן ביח""ר לנקניק ו",,תות שדה 500 גר,גרמים,500.00,100 גרם,false,,14.90,0.0298,true,1,3879729
7290000001579,false,סלרי מהדרין קטיף טרי,ביכורי השקמה,IL,סלרי מהדרין קטיף טרי,יח',1.00,יח',false,,5.90,5.9000,true,1,1356548
7290000001586,false,שמיר מהדרין קטיף טרי,ברכת קטיף,IL,שמיר מהדרין קטיף טרי,יח',1.00,יח',false,,4.90,4.9000,true,1,1356549
7290000001593,false,נענע מהדרין קטיף טרי,ברכת קטיף,IL,נענע מהדרין קטיף טרי,יח',1.00,יח',false,,4.90,4.9000,true,1,1356550
7290000001609,false,עלי סלק מהדרין קטיף טרי,ביכורי השקמה,IL,עלי סלק מהדרין קטיף,יח',1.00,יח',false,,5.90,5.9000,true,1,1356551
7290000001616,false,כוסברה ייבול נוכרי בוסתן,ברכת קטיף,IL,כוסברה מהדרין קטיף ט,יח',1.00,יח',false,,4.90,4.9000,true,1,1356552
7290000002013,false,תפוח עץ בשקית,ביכורי השקמה,,תפוח עץ בשקית,קילוגרמים,1.00,"ק""ג",true,,3.90,3.9000,true,1,1340333
7290000005998,false,שקיות ידני,,,שקיות ידני,יח',1.00,יח',false,,0.10,0.1000,true,1,2207473
7290000005999,false,שקית גופיה בודד,,,שקיות מכונה,יח',1.00,יח',false,,0.10,0.1000,true,1,2047119
7290000009810,false,כרובית מהדרין קטיף טרי,,,כרובית מהדרין קטיף ט,קילוגרמים,1.00,"ק""ג",true,,23.90,23.9000,true,1,1356553
7290000011006,false,כרוב אדום,ביכורי השקמה,,כרוב אדום,קילוגרמים,1.00,"ק""ג",true,,2.10,2.1000,true,1,2595921
7290000012346,false,עגבניה,,,עגבניה,קילוגרמים,1.00,"ק""ג",true,,4.74,4.7400,true,1,2596038
7290000023007,false,"ברנדי שטוק 84 37 % 750 מ""ל","יקבי ברקן בע""ם",IL,"ברנדי שטוק 84 37 % 750 מ""",מיליליטרים,750.00,"100 מ""ל",false,,64.90,0.0865,true,1,1326502
7290000023083,false,ערק אשקלון בקבוק 700,"יקבי ברקן בע""\מ",IL,"ערק אשקלון 700 מ""ל",מיליליטרים,700.00,"100 מ""ל",false,,49.90,0.0713,true,1,1326503
7290000023809,false,"יין קלאסיק קברנה סוביניון ברקן 750 מ""ל",יקבי ברקן שיווק והפצה בע,IL,קלאסיק קברנה סוביניון,מיליליטרים,750.00,"100 מ""ל",false,,24.90,0.0332,true,1,1326519
7290000023816,false,"יין קלאסיק אמרלד ריזלינג ברקן 750 מ""ל",יקבי ברקן שיווק והפצה בע,IL,קלאסיק אמרלד ריזלינג,מיליליטרים,750.00,"100 מ""ל",false,,24.90,0.0332,true,1,1326520
7290000023823,false,"יין קלאסיק סוביניון בלאן ברקן 750 מ""ל",יקבי ברקן שיווק והפצה בע,IL,קלאסיק סוביניון בלאן,מיליליטרים,750.00,"100 מ""ל",false,,24.90,0.0332,true,1,1326521
7290000023830,false,יין קלאסיק שיראז רוזה 750 מל,יקבי ברקן שיווק והפצה בע,IL,קלאסיק רוזה,מיליליטרים,750.00,"100 מ""ל",false,,24.90,0.0332,true,1,1326522
7290000023847,false,"יין קלאסיק שרדונה ברקן 750 מ""ל",יקבי ברקן שיווק והפצה בע,IL,קלאסיק שרדונה,מיליליטרים,750.00,"100 מ""ל",false,,24.90,0.0332,true,1,1326523
7290000023977,false,"יין קלאסיק מרלו ברקן 750 מ""ל",יקבי ברקן שיווק והפצה בע,IL,קלאסיק מרלו,מיליליטרים,750.00,"100 מ""ל",false,,24.90,0.0332,true,1,1326526
7290000024202,false,"יין רזרב קברנה סוביניון ברקן 750 מ""ל",ברקן שיווק והפצה בעמ,IL,רזרב קברנה סוביניון 750 מ,מיליליטרים,750.00,"100 מ""ל",false,,32.90,0.0439,true,1,1326529
7290000024219,false,"יין רזרב אמרלד ריזלינג ברקן 750 מ""ל",יקבי ברקן,IL,רזרב אמרלד ריזילינג 750 מ,מיליליטרים,750.00,"100 מ""ל",false,,32.90,0.0439,true,1,1326530
7290000024240,false,יין רזרב שרדונה 750 מל שביעית,ביבקבי ברקן שיווק וה,IL,"רזרב שרדונה 750 מ""ל 12 יח",מיליליטרים,750.00,"100 מ""ל",false,,32.90,0.0439,true,1,1326533
7290000024264,false,"יין רזרב מרלו ברקן 750 מ""ל","כרמי צבי - אחים סגל בע""\",IL,"רזרב מרלו 750 מ""ל 2010",מיליליטרים,750.00,"100 מ""ל",false,,32.90,0.0439,true,1,1326534
7290000024523,false,"תירוש של סגל ,מיץ ענבים , 1 ליטר",כרמי צבי - האחים סגל,IL,פרי הגפן תירוש 1 ליטר,ליטרים,1.00,ליטר,false,,12.90,12.9000,true,1,1326538
7290000024530,false,"יין אדום מתוק לקידוש סגל 750 מ""ל","כרמי צבי - אחים סגל בע""\",IL,יין אדום קידוש 750 מ,מיליליטרים,750.00,"100 מ""ל",false,,12.90,0.0172,true,1,2404413
7290000024905,false,"וודקה קגלביץ' קלאסיקה 700 מ""ל","יקבי ברקן בע""\מ",IL,קגלביץ' קלאסיקה 40% 700 מ,מיליליטרים,700.00,"100 מ""ל",false,,49.90,0.0713,true,1,1326540
7290000032665,false,רוטב עגבניות 28% 580ג' פרי זה,זנלכל,,רסק עגבניות מרוכז מא,גרמים,580.00,100 גרם,false,,5.90,0.0102,true,1,1337477
7290000034256,false,ביסקוויט תירוש חצי מצופה הדר 175ג',אפיפית נצרת תעשיות ב,IL,עוגיות תירוש הדר 175,גרמים,175.00,100 גרם,false,,5.80,0.0331,true,1,1341644
7290000040042,false,יופלה יוגורט תות %3 גביע 150 גרם,תנובה חלב,IL,יופלה יוגורט תות %3,מיליליטרים,150.00,"100 מ""ל",false,,4.80,0.0320,true,1,1325268
7290000040066,false,יופלה יוגורט דובדבן %3 גביע 150 גרם,תנובה מרכז שיתופי לש,IL,יופלה יוגורט דובדבן,מיליליטרים,150.00,"100 מ""ל",false,,4.80,0.0320,true,1,1325270
7290000040080,false,יופלה יוגורט אפרסק %3 גביע 150 גרם,תנובה חלב,IL,יופלה יוגורט אפרסק %,מיליליטרים,150.00,"100 מ""ל",false,,4.80,0.0320,true,1,1325271
7290000040318,false,גבינת ברי 24% קולאז עדי תנובה 125 ג',תנובה מרכז שיתופי לש,IL,ברי עדי חפיסה 24% 12,גרמים,125.00,100 גרם,false,,17.90,0.1432,true,1,1325274
7290000040462,false,טוסטי גבינה בסגנון אמריקאי אדם 23% תנובה 200 גרם,תנובה מרכז שיתופי לש,IL,טוסטי גבינה בסגנון א,גרמים,200.00,100 גרם,false,,16.90,0.0845,true,1,1325276
7290000040974,false,חלב דל לקטוז 2% תנובה קרטון 1 ליטר,תנובה מרכז שיתופי לש,IL,חלב טרי דל לקטוז 1 ל,מיליליטרים,1000.00,"100 מ""ל",false,,6.80,0.0068,true,1,1325277
7290000041407,false,"גיל קטן 3% תנובה 125 מ""ל בד""ץ",תנובה מרכז שיתופי לש,IL,גילה 125 מל,מיליליטרים,125.00,"100 מ""ל",false,,0.90,0.0072,true,1,1325278
7290000041445,false,קוטג תנובה גביע 250 גרם 5% בדצ,מיוצר עי קונדיטוריית,IL,קוטג תנובה גביע 250,גרמים,250.00,100 גרם,false,,5.50,0.0220,true,1,1325279
7290000041452,false,קוטג תנובה גביע 250 גרם 9% בדצ,תנובה מרכז שיתופי לש,IL,קוטג תנובה גביע 250,גרמים,250.00,100 גרם,false,,5.50,0.0220,true,1,1325280
7290000041858,false,"שמנת חמוצה 15% מועשרת יטבתה 200 מ""ל",שטראוס גרופ,IL,שמנת חמוצה 15% 200 מ,מיליליטרים,200.00,"100 מ""ל",false,,2.40,0.0120,true,1,1341715
7290000041865,false,"לבן 4.5% שומן מהדרין ""יטבתה""",שטראוס גרופ,IL,"לבן 4.5% 200 מ""ל",מיליליטרים,200.00,"100 מ""ל",false,,2.00,0.0100,true,1,1341716
7290000041872,false,"לבן 3% יטבתה 200מ""ל מהדרין",שטראוס גרופ,IL,"לבן 3% 200 מ""ל",מיליליטרים,200.00,"100 מ""ל",false,,2.00,0.0100,true,1,1341717
7290000042015,false,"חלב שתייה תנובה בד""צ בשקית 1 ליטר",תנובה מרכז שיתופי לש,IL,חלב תנובה טרי שקית 3,ליטרים,1.00,ליטר,false,,4.90,4.9000,true,1,1325282
7290000042022,false,חלב על הבוקר1%קרט+.פקק1ל,תנובה מרכז שיתופי לש,IL,משקה חלב בטעם וניל 1,מטרים,1000.00,100 מ'ל,false,,7.80,0.0078,true,1,1325283
7290000042404,false,חלב 3% בשקית יטבתה 1 ליטר מהדרין,שטראוס גרופ,IL,חלב מועשר 3% יטבתה 1,ליטרים,1.00,ליטר,false,,5.90,5.9000,true,1,1341718
7290000042435,false,חלב דל שומן בקרטון+פקק תנובה 1 ליטר,תנובה מרכז שיתופי לש,IL,חלב תנובה טרי קרט+ פ,מיליליטרים,1000.00,"100 מ""ל",false,,5.50,0.0055,true,1,1325289
7290000042503,false,"חלב עמיד קרטון 3% 1 ליטר בד""צ תנובה",תנובה מרכז שיתופי לש,IL,חלב עמיד 3% תנובה 1,ליטרים,1.00,ליטר,false,,6.70,6.7000,true,1,1325292
7290000042640,false,"חלב תנובה עמיד 3% קרטון 250 מ""ל",תנובה חלב,IL,חלב עמיד 3% תנובה 25,מיליליטרים,250.00,"100 מ""ל",false,,2.50,0.0100,true,1,1325297
7290000042855,false,"שוקו בשקית 250 מ""ל ""יטבתה""",שטראוס גרופ,IL,שוקו בשקית יטבתה 225,מיליליטרים,225.00,"100 מ""ל",false,,2.50,0.0111,true,1,1341720
7290000043012,false,"שוקו עמיד 2% בקרטון 250 מ""ל תנובה",תנובה מרכז שיתופי לש,IL,שוקו עמיד 2% תנובה 2,מיליליטרים,250.00,"100 מ""ל",false,,4.50,0.0180,true,1,1325300
7290000043111,false,חמאת תנובה 200ג רבנות,"תנובה, מחלבת תל יוסף",IL,חמאה תנובה 200 גרם,גרמים,200.00,100 גרם,false,,7.70,0.0385,true,1,1325301
7290000043814,false,השף הלבן שמנת להקצפה 38% שומן 250 מל - מוצר בפיקוח,תנובה מרכז שיתופי לש,IL,השף הלבן שמנת עמידה,מיליליטרים,250.00,"100 מ""ל",false,,5.90,0.0236,true,1,1325304
7290000043890,false,תנובה רויון לבן מחלב מפסוטר 1.5%,תנובה מרכז שיתופי לש,IL,רוויון קרטון 1 ליטר,ליטרים,1.50,ליטר,false,,10.90,7.2667,true,1,1325306
7290000044712,false,יוגורט עם תות 1.5% שומן 500 ג' פרילי,מיוצר עי קונדיטוריית,IL,פרילי תות גביע 500 ג,מיליליטרים,500.00,"100 מ""ל",false,,9.90,0.0198,true,1,1325312
7290000044880,false,באדי יוגורט תות 3% שומן 500 ג' תנובה,מיוצר עי קונדיטוריית,IL,באדי יוגורט תות גביע,מיליליטרים,500.00,"100 מ""ל",false,,8.80,0.0176,true,1,1325314
7290000045399,false,שמיניית גבינה מותכת 2.6% תנובה 25 גרם,תנובה מרכז שיתופי לש,IL,ניר גבינה מותכת 200ג,גרמים,200.00,100 גרם,false,,13.20,0.0660,true,1,1325315
7290000045573,false,גבינת מותכת משולשים 25% שומן 200 ג' נעמה,תנובה חלב,IL,נעמה גבינה מותכת 25%,גרמים,200.00,100 גרם,false,,13.90,0.0695,true,1,1325316
7290000045580,false,גבינה מותכת נעמה חורש תנובה 240 גרם,תנובה מרכז שיתופי לש,IL,נעמה חורש משולשים 24,גרמים,240.00,100 גרם,false,,16.90,0.0704,true,1,1325317
7290000045771,false,יוגורט לבן 4% תנובה 3 ליטר,תנובה מרכז שיתופי לש,IL,יוגורט תנובה כד 3 לי,ליטרים,3.00,ליטר,false,,28.90,9.6333,true,1,1325318
7290000045917,false,תנובה פרומעז גבינה מותכת מחלב עיזים 23% שומן,תנובה חלב,IL,פרומעז גבינת עזים גל,גרמים,200.00,100 גרם,false,,24.90,0.1245,true,1,1325319
7290000046006,false,גבינה צהובה עמק בלוק,תנובה מרכז שיתופי לש,IL,גבינת עמק 28% במשקל,קילוגרמים,1.00,"ק""ג",true,,41.30,41.3000,true,1,1325193
7290000046020,false,גלבוע גבינה שמנה במש,תנובה מרכז שיתופי לש,IL,גלבוע 22% במשקל,קילוגרמים,1.00,"ק""ג",true,,40.40,40.4000,true,1,1325194
7290000046327,false,גלבוע גבינה צהובה פרוסה 22% תנובה 200 גרם,תנובה מרכז שיתופי לש,IL,גלבוע גבינה צהובה פר,גרמים,200.00,100 גרם,false,,12.60,0.0630,true,1,1325321
7290000046549,false,גבינת מוצרלה 20% במשקל,תנובה מרכז שיתופי לש,IL,מוצרלה חריץ במשקל 20,קילוגרמים,1.00,"ק""ג",true,,75.00,75.0000,true,1,1325198
7290000046563,false,גב.קולאז' פרמזן 23%במשקל,תנובה מרכז שיתופי לש,IL,קולאז פרמזן חריץ %23,קילוגרמים,1.00,"ק""ג",true,,109.00,109.0000,true,1,1325199
7290000047027,false,גב.קולאז' גלעד 27% במשקל,תנובה מרכז שיתופי לש,IL,גבינת גלעד 27% משקל,קילוגרמים,1.00,"ק""ג",true,,119.00,119.0000,true,1,1325202
7290000047546,false,השף הלבן כנען גבינה לבנה דלת נתרן 5% תנובה 500 גרם,תנובה מרכז שיתופי לש,IL,השף הלבן כנען גבינה,גרמים,500.00,100 גרם,false,,22.90,0.0458,true,1,1325325
7290000047621,false,גבינה לבנה רכה 5% תנובה 250ג' מהדרין,תנובה מרכז שיתופי לש,IL,גבינה לבנה 5% 250 גר,גרמים,250.00,100 גרם,false,,4.70,0.0188,true,1,1325327
7290000047942,false,**תנובה גבינה לבנה מהדרין 9% 250ג,תנובה מרכז שיתופי לש,IL,גבינה לבנה 9% 250 גר,גרמים,250.00,100 גרם,false,,4.70,0.0188,true,1,1325329
7290000048307,false,גבינת קוטג' עם זיתים 5% תנובה 250 גרם,מיוצר עי קונדיטוריית,IL,גבינת קוטג' עם זיתים,גרמים,250.00,100 גרם,false,,5.70,0.0228,true,1,1325332
7290000048413,false,פיראוס חמד גבינה מלוחה 16% שומן,תנובה מרכז שיתופי לש,IL,פיראוס חמד שקית 250,גרמים,250.00,100 גרם,false,,17.50,0.0700,true,1,1325333
7290000048437,false,פיראוס צפתית 5% שומן 200 גרם,פארייפאבה אגרואינדוס,IL,פיראוס צפתית גביע 20,גרמים,200.00,100 גרם,false,,13.90,0.0695,true,1,1325334
7290000050447,false,"יוגורט ביו בטעם תות YYY יופלה 500 מ""ל",מיוצר עי קונדיטוריית,IL,יוגורט ביו בטעם תות,מיליליטרים,500.00,"100 מ""ל",false,,12.50,0.0250,true,1,1325343
7290000050454,false,יוגורט יופלה אפרסק 3% שומן 500 גרם,מיוצר עי קונדיטוריית,IL,יוגורט אפרסק 3% YYY,מיליליטרים,500.00,"100 מ""ל",false,,12.50,0.0250,true,1,1325344
7290000051002,false,עגבניה,,,עגבניה,קילוגרמים,1.00,"ק""ג",true,,4.74,4.7400,true,1,1340339
7290000051307,false,"מארז הפסקת אוכל עם דגני עוגי ומשקה חלב עמיד בטעם וניל 150 מ""ל",תנובה מרכז שיתופי לש,IL,הפסקת אוכל דגני עוגי,מיליליטרים,150.00,"100 מ""ל",false,,8.90,0.0593,true,1,1325353
7290000051352,false,חלב מלא בטעם של פעם 3.4% תנובה קרטון 1 ל',תנובה מרכז שיתופי לש,IL,חלב של פעם 3.8% תנוב,ליטרים,1.00,ליטר,false,,7.40,7.4000,true,1,1325354
7290000051376,false,יוגורט יופלה דיאט אננס 0% שומן 150 גרם,תנובה מרכז שיתופי לש,IL,יופלה דיאט אננס גביע,מיליליטרים,150.00,"100 מ""ל",false,,4.70,0.0313,true,1,1325355
7290000051710,false,פיראוס גבינת לאבנה אסלית על בסיס יוגורט תנובה 263 גרם,"תנובה, מחלבת אלון תב",IL,פיראוס גבינת לאבנה א,גרמים,263.00,100 גרם,false,,12.90,0.0490,true,1,1325360
7290000052298,false,משקה מוקה בקבוק 1 ליטר,תנובה,IL,מוקה 1.7% שומן תנובה,ליטרים,1.00,ליטר,false,,12.50,12.5000,true,1,1325367
7290000052304,false,"משקה מוקה בקבוק 340 מ""ל",תנובה,IL,מוקה 2% שומן תנובה 3,מיליליטרים,340.00,"100 מ""ל",false,,6.20,0.0182,true,1,1325368
7290000052311,false,גבינה צהובה עמק לייט 15% שומן 200 גרם,תנובה מרכז שיתופי לש,IL,עמק לייט פרוס 200 גר,גרמים,200.00,100 גרם,false,,14.90,0.0745,true,1,1325369
7290000052649,false,גבינת לאבנה 5% שומן 500 ג' פיראוס,תנובה מרכז שיתופי לש,IL,פיראוס לאבנה 5% גביע,גרמים,500.00,100 גרם,false,,18.90,0.0378,true,1,1325372
7290000052717,false,גבינת קוטג' שום שמיר 5% תנובה 250 גרם,מיוצר עי קונדיטוריית,IL,גבינת קוטג' שום שמיר,גרמים,250.00,100 גרם,false,,5.70,0.0228,true,1,1325375
7290000052946,false,מארז יוגורט יופלה לבן מעודן בדצ 8*150,תנובה מרכז שיתופי לש,IL,"יופלה בד""צ 1.5% מעוד",ליטרים,1.20,ליטר,false,,20.00,16.6667,true,1,1325378
7290000053219,false,טל העמק חריץ 32% במשקל,תנובה מרכז שיתופי לש,IL,חריץ טל עמק 32%,קילוגרמים,1.00,"ק""ג",true,,55.00,55.0000,true,1,2161682
7290000055206,false,גבינה לבנה 5% בטעם בצל מטוגן 250 ג' תנובה,מחלבת אלון תבור,IL,גבינה לבנה 5% בטעם ב,גרמים,250.00,100 גרם,false,,5.30,0.0212,true,1,1325405
7290000055329,false,"משקה בוקר יוגורט 1.5% בטעם תות מלון יופלה 250 מ""ל",תנובה מרכז שיתופי לש,IL,משקה בוקר יוגורט 1.5,מיליליטרים,250.00,"100 מ""ל",false,,4.90,0.0196,true,1,1325407
7290000055336,false,"משקה יוגורט 1.5% בטעם בננה אפרסק יופלה 250 מ""ל",תנובה מרכז שיתופי לש,IL,משקה יוגורט 1.5% בננ,מיליליטרים,250.00,"100 מ""ל",false,,4.90,0.0196,true,1,1325408
7290000055343,false,משקה יוגורט יופלה פירות טרופיים 250 גרם,תנובה מרכז שיתופי לש,IL,משקה בוקר יוגורט טרו,מיליליטרים,250.00,"100 מ""ל",false,,4.90,0.0196,true,1,1325409
7290000055350,false,גבינה צהובה חריץ עמק 28% במשקל,תנובה מרכז שיתופי לש,IL,גבינת עמק 28% במשקל,קילוגרמים,1.00,"ק""ג",true,,41.30,41.3000,true,1,1325211
7290000055893,false,חמאה משמנת מפוסטרת 200גרם 82% כ.מהדרין - מוצר בפיקוח,תנובה מרכז שיתופי לש,IL,חמאה 200ג מהדרין,גרמים,200.00,100 גרם,false,,7.60,0.0380,true,1,1325414
7290000056081,false,מארז יוגורט פרילי טבע 6*200 גרם,מיוצר עי קונדיטוריית,IL,מאגדת פרילי טבע תנוב,ליטרים,1.20,ליטר,false,,21.90,18.2500,true,1,1325416
7290000056272,false,גבינה לבנה 5% עם זיתים ירוקים 250 ג' תנובה,מחלבת אלון תבור,IL,גבינה לבנה 5% עם זית,גרמים,250.00,100 גרם,false,,5.30,0.0212,true,1,1325420
7290000056883,false,שמיניית יוגורט יופלה 3% טעמים שונים 150 גרם,תנובה מרכז שיתופי לש,IL,מאג 8*150ג יופלה פרי,קילוגרמים,1.20,"ק""ג",false,,27.90,23.2500,true,1,1325429
7290000056890,false,שמיניית דיאט יופלה 0% טעמים שונים 150 גרם,מיוצר עי קונדיטוריית,IL,מאג 8*150ג דיאט יופל,ליטרים,1.20,ליטר,false,,27.90,23.2500,true,1,1325430
7290000056906,false,מאגדת לבן טבעי 1.5% שומן 8 יח' * 150 ג' יופלה,מחלבת אלון תבור,IL,מאג 8*150ג יופלה לבן,ליטרים,1.20,ליטר,false,,16.90,14.0833,true,1,1325431
7290000056951,false,"תנובה, השף הלבן, שמנת לבישול 15% שומן 500 מל",תנובה מרכז שיתופי לש,IL,שף לבן שמנת לבישול +,מיליליטרים,500.00,"100 מ""ל",false,,15.90,0.0318,true,1,1325434
7290000056968,false,שמנת מתוקה38%עם פקק 500מ,תנובה,IL,שמנת עמידה לקצפת 38%,מיליליטרים,500.00,"100 מ""ל",false,,11.50,0.0230,true,1,1325435
7290000057088,false,עמק גבינה צהובה פרוסה דק דק 28% תנובה 200 גרם,תנובה מרכז שיתופי לש,IL,עמק גבינה צהובה פרוס,גרמים,200.00,100 גרם,false,,14.90,0.0745,true,1,1325438
7290000057118,false,גבינה צהובה עמק 28% שומן ואקום 400 גרם,תנובה מרכז שיתופי לש,IL,עמק פרוס סמי מעדנייה,גרמים,400.00,100 גרם,false,,19.90,0.0497,true,1,1325440
7290000057132,false,יוגורט תנובה טבעי 1.5% גביע 200 גרם,מחלבת אלון תבור,IL,יוגורט תנובה טבעי 1.,מיליליטרים,200.00,"100 מ""ל",false,,3.00,0.0150,true,1,1325441
7290000057149,false,יוגורט תנובה טבעי 3% גביע 200 גרם,מיוצר עי קונדיטוריית,IL,יוגורט תנובה טבעי 3%,גרמים,200.00,100 גרם,false,,3.00,0.0150,true,1,1325442
7290000057453,false,גבינת עמק בדץ 28% במ,תנובה,IL,גבינת עמק בדץ 28% במ,קילוגרמים,1.00,"ק""ג",true,,42.00,42.0000,true,1,1325214
7290000057477,false,חלב טרי 3% הומוגני תנובה קרטון 1.5 ל',תנובה מרכז שיתופי לש,IL,חלב תנובה 1.5לי בדצ,ליטרים,1.50,ליטר,false,,8.61,5.7400,true,1,1325450
7290000057552,false,יופלה דיאט עוגת גבינה ותות 0% גביע 150ג',תנובה חלב,IL,יופלה דיאט עוגת גבינ,מיליליטרים,150.00,"100 מ""ל",false,,4.80,0.0320,true,1,1325453
7290000058030,false,"שמיניית יופלה שטוזים משקה יוגורט תות 100 מ""ל",מיוצר עי קונדיטוריית,IL,יופלה משקה יוגורט תו,100 מל,100.00,100 מל,false,,19.90,0.1990,true,1,1325460
7290000058047,false,שמנת להקצפה 38% 500מל מהדרין עמיד השף הלבן,תנובה מרכז שיתופי לש,IL,שמנת 38% 500מל עם פק,מיליליטרים,500.00,"100 מ""ל",false,,11.90,0.0238,true,1,1325461
7290000058276,false,"שמיניית קרלו מיני תות 100 גרם בד""ץ",מחלבת אלון תבור,IL,מאגדת שמינייה מיני ק,יח',1.00,יח',false,,13.50,13.5000,true,1,1325465
7290000058979,false,גיל בטעם תות 3% שומן 125 ג' תנובה,תנובה מרכז שיתופי לש,IL,גיל בטעם תות,גרמים,125.00,100 גרם,false,,1.30,0.0104,true,1,1325473
7290000060071,false,אוסם - חטיפי פריכונים מאורז מלא קלוי 80גר,"פרח תעשיות מזון בע""מ.",IL,חטיפי פריכונים בטעם,גרמים,0.00,גרם,false,,7.50,0.0000,true,1,1329025
7290000060088,false,בייגלה מקלות מלוחים אסם 400 גרם,מיוצר עי קונדיטוריית,IL,בייגלה מקלות מלוחים,גרמים,400.00,100 גרם,false,,8.90,0.0223,true,1,1329026
7290000060156,false,פסטה אסם אטריות ביצים דקות 200גר,"אסם תעשיות בע""מ",IL,אטריות ביצים דקות אס,גרמים,200.00,100 גרם,false,,5.90,0.0295,true,1,1329028
7290000060163,false,פסטה אסם אטריות דקות 400גר,"אסם תעשיות בע""מ",IL,אטריות דקות אסם 400,גרמים,400.00,100 גרם,false,,4.90,0.0123,true,1,1329029
7290000060200,false,פסטה אסם פתיתים אפויים קוסקוס 500גר,"אסם תעשיות בע""מ",IL,פתיתים אפויים קוסקוס,גרמים,500.00,100 גרם,false,,4.90,0.0098,true,1,1329030
7290000060408,false,פסטה אסם פתיתים אפויים טבעות 500 גר,"אסם השקעות בע""\מ",IL,פתיתים אפויים טבעות,גרמים,500.00,100 גרם,false,,4.90,0.0098,true,1,1329040
7290000060415,false,"פסטה פרפקטו לאזניה 500 ג' ""אסם""",אסם פרפקטו,IT,פרפקטו לזניה אסם 500,גרמים,500.00,100 גרם,false,,10.00,0.0200,true,1,1329041
7290000060576,false,פתיתים אפויים כוכבים אסם 500 גרם,"אסם השקעות בע""\מ",IL,פתיתים אפויים כוכבים,גרמים,500.00,100 גרם,false,,4.90,0.0098,true,1,1329049
7290000060903,false,פסטה אסם פתיתים אפויים אורז 500גר,"אסם השקעות בע""\מ",IL,פתיתים אפויים אורז א,גרמים,500.00,100 גרם,false,,4.90,0.0098,true,1,1329057
7290000060958,false,פסטה אסם אטריות בינוניות 400 גרם,"אסם השקעות בע""\מ",IL,אטריות בינוניות אסם,גרמים,400.00,100 גרם,false,,4.90,0.0123,true,1,1329059
7290000060965,false,פסטה אסם אטריות רחבות 400גר,"אסם השקעות בע""\מ",IL,אטריות רחבות אסם 400,גרמים,400.00,100 גרם,false,,4.90,0.0123,true,1,1329060
7290000061061,false,קרקר חיטה עם בצל אסם,"אסם השקעות בע""\מ",IL,קרקר בצל אסם 250 גרם,גרמים,250.00,100 גרם,false,,9.90,0.0396,true,1,1329062
7290000061108,false,"רוטב טריאקי 290 מ""ל-בקבוק","אסם השקעות בע""\מ",IL,רוטב טריאקי אסם 290,מיליליטרים,290.00,"100 מ""ל",false,,8.90,0.0307,true,1,1329064
7290000061214,false,פתיתים אפויים קוסקוס עם בצל אסם 500 גרם,"אסם השקעות בע""\מ",IL,פתיתים אפויים קוסקוס,גרמים,500.00,100 גרם,false,,4.90,0.0098,true,1,1329065
7290000061245,false,עוגיות שוקוצ'יפס במילוי שוקולד אסם 220 גרם,מיוצר עי קונדיטוריית,IL,עוגיות שוקוצ'יפס עם,גרמים,220.00,100 גרם,false,,9.90,0.0450,true,1,1329066
7290000061450,false,פתיתים אפויים קוסקוס 3 צבעים אסם 500 גרם,"אסם השקעות בע""\מ",IL,פתיתים אפויים קוסקוס,גרמים,500.00,100 גרם,false,,4.90,0.0098,true,1,1329068
7290000061764,false,קפה נמס מגורען רד מאג 200 גרם,נסטלה ספרד קפה,ES,קפה נמס מגורען רד מא,גרמים,200.00,100 גרם,false,,18.90,0.0945,true,1,1329069
7290000061771,false,נס קפה מגורען 50 גרם רד מאג,נסטלה ספרד קפה,ES,קפה נמס מגורען רד מא,גרמים,50.00,100 גרם,false,,4.90,0.0980,true,1,1329070
7290000062129,false,"אינסטנט פודינג בטעם וניל אסם 1 ק""ג","אסם תעשיות בע""מ",IL,אינסטנט פודינג בטעם,גרמים,1000.00,100 גרם,false,,23.90,0.0239,true,1,1329074
7290000062952,false,אוסם - מיני קרוטונים למרק ולסלט 250 גרם,עינת תעשיות מזון אגו,IL,מיני קרוטונים למרק ו,גרמים,250.00,100 גרם,false,,13.90,0.0556,true,1,1329078
7290000063140,false,שקדי מרק רכיבים טבעיים בשקית 400 ג' אסם,"אסם תעשיות בע""מ",IL,שקדי מרק בשקית אסם 4,גרמים,400.00,100 גרם,false,,9.90,0.0248,true,1,1329083
7290000063157,false,"קמח עוגה תופח מאליו אסם 1 ק""ג","אסם השקעות בע""\מ",IL,"קמח תופח אסם 1 ק""ג",קילו,1.00,קילו,false,,7.90,7.9000,true,1,1329084
7290000064758,false,קוסקוס בינוני אמיתי אסם 350 ג',"מיוצר ע""י קוד יצרן K",IL,קוסקוס בינוני אסם 35,גרמים,350.00,100 גרם,false,,7.50,0.0214,true,1,1329103
7290000065090,false,מיני קרוטונים מתובלים למרק ולסלט אסם 400 גרם,עינת תעשיות מזון אגו,IL,מיני קרוטונים מתובלי,גרמים,400.00,100 גרם,false,,20.90,0.0522,true,1,1329105
7290000065335,false,אוסם - מנה חמה פירה עם ירקות 55 גרם,"אסם תעשיות בע""מ",IL,מנה חמה פירה עם ירקו,גרמים,55.00,100 גרם,false,,4.90,0.0891,true,1,1329107
7290000065540,false,אוסם - מנה חמה פסטה מוקרמת בטעם עוף 55 גרם,"אסם תעשיות בע""מ",IL,מנה חמה פסטה מוקרמת,גרמים,55.00,100 גרם,false,,4.90,0.0891,true,1,1329108
7290000065557,false,אוסם - מנה חמה קוסקוס עם ירקות 84 גרם,"אסם תעשיות מזון בע""מ",IL,מנה חמה קוסקוס עם יר,גרמים,84.00,100 גרם,false,,4.90,0.0583,true,1,1329109
7290000065977,false,חטיפי פריכונים תירס שומשום אסם 80 גרם,"פרח תעשיות מזון בע""מ.",IL,פריכיות תירס שומשום,גרמים,80.00,100 גרם,false,,7.50,0.0938,true,1,1329116
7290000066134,false,ביסלי חטיף בטעם פלאפל אסם 70 גרם,"אסם השקעות בע""\מ",IL,ביסלי חטיף בטעם פלאפ,גרמים,70.00,100 גרם,false,,3.90,0.0557,true,1,1329118
7290000066141,false,ביסלי חטיף בטעם גריל אסם 70 גרם,"אסם השקעות בע""\מ",IL,ביסלי חטיף בטעם גריל,גרמים,70.00,100 גרם,false,,3.90,0.0557,true,1,1329119
7290000066264,false,דובונים חטיף תפוחי אדמה אסם 40 גרם,"אסם השקעות בע""\מ",IL,דובונים חטיף תפוחי א,גרמים,40.00,100 גרם,false,,3.90,0.0975,true,1,1329128
7290000066295,false,במבה מתוקה מחומרים טבעיים 30 גרם,מיוצר עי קונדיטוריית,IL,במבה מתוקה בטעם תות,גרמים,30.00,100 גרם,false,,2.50,0.0833,true,1,1329129
7290000066318,false,במבה חטיף בוטנים אסם 80 גרם,"אסם השקעות בע""\מ",IL,במבה חטיף בוטנים אסם,גרמים,80.00,100 גרם,false,,3.90,0.0487,true,1,1329131
7290000066332,false,אפרופו חטיף תירס אסם 50 גרם,מיוצר עי קונדיטוריית,IL,אפרופו חטיף תירס אסם,גרמים,50.00,100 גרם,false,,3.90,0.0780,true,1,1329132
7290000066349,false,אפרופו חטיף תירס אסם 100 גרם,מיוצר עי קונדיטוריית,IL,אפרופו חטיף תירס אסם,גרמים,100.00,100 גרם,false,,7.90,0.0790,true,1,1329133
7290000066431,false,פופקו חטיף פופקורן בטעם חמאה ודבש אסם 80 גרם,מיוצר עי קונדיטוריית,IL,פופקו חטיף פופקורן ב,גרמים,80.00,100 גרם,false,,4.50,0.0563,true,1,1329135
7290000067070,false,עוג.מיני ממולא.שוקולד300,מיוצר עי קונדיטוריית,IL,עוגיות מיני ממולאות,גרמים,300.00,100 גרם,false,,9.90,0.0330,true,1,1329143
7290000067131,false,אסם גלי בזק תות צבע טבעי 88 גרם,מיוצר עי קונדיטוריית,IL,ג'לי תות שדה 85 גרם,גרמים,85.00,100 גרם,false,,5.90,0.0694,true,1,1329144
7290000067537,false,"ביסלי גריל כשל""פ 70 גרם",מיוצר עי קונדיטוריית,IL,"ביסלי בטעם גריל כשל""",גרמים,70.00,100 גרם,false,,3.90,0.0557,true,1,1329148
7290000067551,false,"ביסלי בצל כשל""פ 70 גרם",מיוצר עי קונדיטוריית,IL,"ביסלי בצל כשל""פ 70 ג",גרמים,70.00,100 גרם,false,,3.90,0.0557,true,1,1329150
7290000067568,false,ביסלי ברביקיו 70 גרם כשלפ,מיוצר עי קונדיטוריית,IL,"ביסלי ברבקיו כשל""פ 7",גרמים,70.00,100 גרם,false,,3.90,0.0557,true,1,1329151
7290000067599,false,מנה חמה ספגטי ברוטב בולונז אסם 65 גרם,"אסם השקעות בע""\מ",IL,מנה חמה ספגטי ברוטב,גרמים,65.00,100 גרם,false,,4.90,0.0754,true,1,1329153
7290000067735,false,פרפקטו ניוקי בצקיות תפוחי אדמה 500 ג' אסם,גרנדי פסטי,IT,פרפקטו ניוקי אסם 500,גרמים,500.00,100 גרם,false,,10.90,0.0218,true,1,1329155
7290000067742,false,אסם אינסטנט פודינג וניל 80 גרם כשר לפסח,מיוצר עי קונדיטוריית,IL,פודינג וניל 80ג אסם,גרמים,80.00,100 גרם,false,,0.00,0.0000,true,1,1329156
7290000068138,false,אינסטנט פודינג בטעם וניל אסם 80 גרם,מיוצר עי קונדיטוריית,IL,אינסטנט פודינג בטעם,גרמים,80.00,100 גרם,false,,4.90,0.0613,true,1,1329160
7290000068152,false,"אבקת רוטב לצלי בשר 22 גרם אסם כשל""פ","אסם השקעות בע""\מ",IL,"אבקת רוטב צלי כשל""פ",גרמים,22.00,100 גרם,false,,3.60,0.1636,true,1,1329161
7290000068190,false,אסם ג'לי תות שדה צבעים טבעיים 90 גרם,מיוצר עי קונדיטוריית,IL,אבקה להכנת ג'לי בטעם,גרמים,90.00,100 גרם,false,,5.90,0.0656,true,1,1329164
7290000068237,false,אבקה להכנת ג'לי בטעם פטל אסם 85 גרם,מיוצר עי קונדיטוריית,IL,אבקה להכנת ג'לי בטעם,גרמים,85.00,100 גרם,false,,5.90,0.0694,true,1,1329166
7290000068251,false,אבקה להכנת ג'לי בטעם אננס אסם 85 גרם,מיוצר עי קונדיטוריית,IL,אבקה להכנת ג'לי בטעם,גרמים,85.00,100 גרם,false,,5.90,0.0694,true,1,1329168
7290000068282,false,מנה חמה תפוח אדמה עם ירקות כשלפ 44גר,"אסם השקעות בע""\מ",IL,מנה חמה תפוא עם ירקו,גרמים,44.00,100 גרם,false,,4.90,0.1114,true,1,1329170
7290000068343,false,אסם פריכונים פרוסות קלויות מלא,"פרח תעשיות מזון בע""מ.",IL,פריכיות מאורז מלא אס,גרמים,140.00,100 גרם,false,,6.90,0.0493,true,1,1329172
7290000068701,false,אסם שקדי מרק רכיבים טבע.מיכל 400 גרם,"אסם תעשיות בע""מ",IL,שקדי מרק במיכל אסם 4,גרמים,400.00,100 גרם,false,,15.90,0.0398,true,1,1329174
7290000068770,false,במבה יום הולדת חטיף בוטנים אסם 80 גרם,"אסם השקעות בע""\מ",IL,במבה יום הולדת חטיף,גרמים,80.00,100 גרם,false,,3.90,0.0487,true,1,1329177
7290000069609,false,חטיפי קרקר זעתר אסם 300 גרם,"אסם תעשיות בע""מ",IL,חטיפי קרקר בטעם זעתר,גרמים,300.00,100 גרם,false,,10.90,0.0363,true,1,1329193
7290000069715,false,אוסם - חטיפי קרקר מלוח 300 גרם,"אסם תעשיות בע""מ",IL,חטיפי קרקר מלוח אסם,גרמים,300.00,100 גרם,false,,10.90,0.0363,true,1,1329195
7290000069739,false,אוסם - חטיפי קרקר שומשום 300 גרם,מיוצר עי קונדיטוריית,IL,חטיפי קרקר שומשום אס,גרמים,300.00,100 גרם,false,,9.90,0.0330,true,1,1329196
7290000069968,false,"קמח תופח לעוגה כשל""פ200ג","אסם השקעות בע""\מ",IL,"קמח תופח כשל""פ 200 ג",גרמים,200.00,100 גרם,false,,4.90,0.0245,true,1,1329201
7290000070308,false,אבקת מרק עוף אמיתי בשרי אסם 400 גרם,"אסם השקעות בע""\מ",IL,אבקת מרק עוף אמיתי ב,גרמים,400.00,100 גרם,false,,14.90,0.0373,true,1,1329204
7290000070322,false,אבקת מרק פטריות רכיבים טבעיים אסם 400 גרם,"אסם השקעות בע""\מ",IL,אבקת מרק פטריות רכיב,גרמים,400.00,100 גרם,false,,19.90,0.0497,true,1,1329205
7290000070353,false,אבקת מרק בצל רכיבים טבעיים אסם 400 גרם,"אסם השקעות בע""\מ",IL,אבקת מרק בצל רכיבים,גרמים,400.00,100 גרם,false,,19.90,0.0497,true,1,1329206
7290000070384,false,אבקת מרק טעם עוף זך 400 גרם,"אסם השקעות בע""\מ",IL,"מרק עדיף אסם כשל""פ 4",גרמים,400.00,100 גרם,false,,12.90,0.0323,true,1,1329207
7290000070919,false,בייגלה אסם רשתות עם מלח 400 ג',מיוצר עי קונדיטוריית,IL,בייגלה אסם רשתות מלח,גרמים,400.00,100 גרם,false,,11.90,0.0298,true,1,1329212
7290000072067,false,במבה במילוי קרם חלבה 60ג' אסם,מיוצר עי קונדיטוריית,IL,במבה חטיף בוטנים במי,גרמים,60.00,100 גרם,false,,4.30,0.0717,true,1,1329217
7290000072227,false,"רוטב סויה בסגנון סיני אסם 290 מ""ל","אסם השקעות בע""\מ",IL,אסם רוטב סויה בסגנון,מיליליטרים,290.00,"100 מ""ל",false,,8.90,0.0307,true,1,1329220
7290000072623,false,קטשופ אסם בקבוק לחיץ 750 גרם,"אסם תעשיות בע""מ",IL,קטשופ אסם 750 גרם,גרמים,750.00,100 גרם,false,,9.90,0.0132,true,1,1329224
7290000072630,false,קטשופ אסם חריף 750 גרם-בקבוק,"אסם תעשיות בע""מ",IL,קטשופ חריף אסם 750 ג,גרמים,750.00,100 גרם,false,,11.90,0.0159,true,1,1329225
7290000072753,false,קפה נמס מגורען טסטרס צ'ויס 200 גרם-,נסטלה קוריאה - קפה,KR,קפה נמס מגורען טסטרס,גרמים,200.00,100 גרם,false,,29.90,0.1495,true,1,1329230
7290000072777,false,קפה נמס מגורען נטול קפאין טסטרס צ'ויס 200 גרם,נסטלה קוריאה - קפה,KR,קפה נמס מגורען נטול,גרמים,200.00,100 גרם,false,,35.90,0.1795,true,1,1329232
7290000072968,false,דגני בוקר סיני מיניס חיטה מלאה וקינמון נסטלה 500 גרם,נסטלה פולין דגני בוק,PL,סיני מיניס דגנים 500,גרמים,500.00,100 גרם,false,,23.90,0.0478,true,1,1329238
7290000073415,false,אוסם - מנה חמה פסטה ברוטב פיצה 61 גרם,"אסם השקעות בע""\מ",IL,מנה חמה פסטה ברוטב פ,גרמים,61.00,100 גרם,false,,4.90,0.0803,true,1,1329243
7290000073699,false,סלט חומוס צבר 150 גרם,סלטי צבר,IL,חומוס צבר 150 גרם,גרמים,150.00,100 גרם,false,,4.50,0.0300,true,1,1329245
7290000073750,false,מנה חמה נודלס אטר+ירקות טעם עוף 70 גרם,PUB FOODS PRESIDENT THAI,TH,מנה חמה נודלס בטעם ע,גרמים,70.00,100 גרם,false,,4.90,0.0700,true,1,1329246
7290000073767,false,מנה חמה נודלס אטר.+ירקות טעם בקר 70 גרם,PUB FOODS PRESIDENT THAI,TH,מנה חמה נודלס בטעם ב,גרמים,70.00,100 גרם,false,,4.90,0.0700,true,1,1329247
7290000073774,false,מנה חמה נודלס אטר+ירקות טעם צילי 70 גרם,טאי רזידנט,TH,מנה חמה נודלס בטעם פ,גרמים,70.00,100 גרם,false,,4.90,0.0700,true,1,1329248
7290000074153,false,ביסקוויט פתי בר שוקולד אסם 500 גרם,מיוצר עי קונדיטוריית,IL,ביסקוויט פתי בר שוקו,גרמים,500.00,100 גרם,false,,8.90,0.0178,true,1,1329255
7290000074184,false,ביסקוויט פתי בר אסם 500 גרם,"אסם השקעות בע""\מ",IL,ביסקוויט פתי בר אסם,גרמים,500.00,100 גרם,false,,8.90,0.0178,true,1,1329257
7290000074245,false,אוסם - קרם קרקר אסם 250 גרם,"אסם השקעות בע""\מ",IL,קרם קרקר אסם 250 גרם,גרמים,250.00,100 גרם,false,,7.80,0.0312,true,1,1329258
7290000074252,false,קרקר שומשון אסם 250 גרם,"אסם השקעות בע""\מ",IL,קרקר שומשום אסם 250,גרמים,250.00,100 גרם,false,,7.90,0.0316,true,1,1329259
7290000074276,false,קרקר פיקנטי טבעון 250 ג' אסם,"אסם השקעות בע""\מ",IL,קרקר פיקנטי אסם 250,גרמים,250.00,100 גרם,false,,9.90,0.0396,true,1,1329260
7290000074375,false,אוסם - קרקר זהב 150 גרם,"אסם השקעות בע""\מ",IL,קרקר זהב אסם 150 גרם,גרמים,150.00,100 גרם,false,,6.50,0.0433,true,1,1329264
7290000074481,false,לחמית אגוזים אסם 160 גרם,"אסם השקעות בע""\מ",IL,לחמית אגוזים אסם 160,גרמים,160.00,100 גרם,false,,8.90,0.0556,true,1,1329266
7290000074696,false,אסם קרם קרקר 4*1קג ח,"אסם השקעות בע""\מ",IL,"קרם קרקר אסם 1 ק""ג",גרמים,1000.00,100 גרם,false,,22.90,0.0229,true,1,1329269
7290000074764,false,קרקר הזהב אסם 900 גרם,"אסם השקעות בע""\מ",IL,קרקר זהב אסם 900 גרם,גרמים,900.00,100 גרם,false,,26.90,0.0299,true,1,1329273
7290000075143,false,עוג. שוקוצ'יפס קלאסי200ג,מיוצר עי קונדיטוריית,IL,עוגיות שוקוצ'יפס אסם,גרמים,200.00,100 גרם,false,,7.90,0.0395,true,1,1329278
7290000075204,false,אוסם - לחמית חיטה מלאה 250 גרם,"אסם השקעות בע""\מ",IL,לחמית חיטה מלאה אסם,גרמים,250.00,100 גרם,false,,7.90,0.0316,true,1,1329279
7290000075693,false,עוגת הבית שמרים בריוש שוקולד אסם 360 גרם,מיוצר עי קונדיטוריית,IL,עוגת הבית שמרים בריו,גרמים,360.00,100 גרם,false,,14.90,0.0414,true,1,1329282
7290000076133,false,בייגלה שמיניות קטנות עם מלח אסם 400 גרם,"אסם השקעות בע""\מ",IL,בייגלה שמיניות עם מל,גרמים,400.00,100 גרם,false,,8.90,0.0223,true,1,1329285
7290000076645,false,טוסטעים פת קלויה חיטה מלאה אסם 100 גרם,ון דר מולן האלום,NL,טוסטעים פת קלויה חיט,גרמים,100.00,100 גרם,false,,9.90,0.0990,true,1,1329290
7290000077017,false,עוגיות קרמוגית במילוי קרם שוקולד אסם 200 גרם,מיוצר עי קונדיטוריית,IL,עוגיות קרמוגית במילו,גרמים,200.00,100 גרם,false,,9.90,0.0495,true,1,1329292
7290000077253,false,אוסם - לחמית כפרית עם דגנים מלאים 190 גרם,"אסם השקעות בע""\מ",IL,לחמית כפרית עם דגנים,גרמים,190.00,100 גרם,false,,8.90,0.0468,true,1,1329295
7290000078212,false,קרוטונים מתובלים למרק אסם 250 גרם,עינת תעשיות מזון אגו,IL,קרוטונים מתובלים למר,גרמים,250.00,100 גרם,false,,13.90,0.0556,true,1,1329302
7290000078762,false,אוסם - חטיפי פריכונים מאורז מלא בטעם דבש 80גר,סנורייס בלגיום אן. ו,GB,חטיפי פריכונים מאורז,גרמים,80.00,100 גרם,false,,6.90,0.0863,true,1,1329305
7290000079233,false,קרם קרקר דיאטטי דל נתרן 250 גרם,"אסם תעשיות בע""מ",IL,קרם קרקר דל נתרן אסם,גרמים,250.00,100 גרם,false,,9.90,0.0396,true,1,1329308
7290000080765,false,טוסטעים פת קלויה עם שומשום אסם 100 גרם,ון דר מולן האלום,NL,טוסטעים פת קלויה עם,גרמים,100.00,100 גרם,false,,9.90,0.0990,true,1,1329316
7290000081663,false,"בייגלה טבעות שומשום אסם 300 גרם בד""ץ",מיוצר עי קונדיטוריית,IL,בייגלה טבעות שומשום,גרמים,300.00,100 גרם,false,,8.90,0.0297,true,1,1329318
7290000098756,false,עמלה כספומן,,,עמלה כספומן,יח',1.00,יח',false,,5.90,5.9000,true,1,3869599
7290000100036,false,פתיתי ברוקולי סנפרוס,"סנפרוסט בע""מ",IL,פתיתי ברוקולי,גרמים,800.00,100 גרם,false,,19.90,0.0249,true,1,3866847
7290000100128,false,פירות קפואים תות סנפרוסט 300 ג',"סנפרוסט בע""מ",IL,פירות קפואים תות,גרמים,300.00,100 גרם,false,,12.90,0.0430,true,1,3866850
7290000100135,false,פירות קפואים סנפרוסט דובדבן 300 גר,"סנפרוסט בע""מ",IL,פירות קפואים דובדבן,גרמים,300.00,100 גרם,false,,12.90,0.0430,true,1,3859342
7290000100142,false,תערובת להכנת שייק סמ,"סנפרוסט בע""מ",IL,סמוטיז צהוב 300 גר,גרמים,300.00,100 גרם,false,,12.90,0.0430,true,1,3866851
7290000100272,false,"כרובית קפוא 600 גר' סנפרוסט-תנובה בד""ץ","סנפרוסט בע""\מ",IL,כרובית בדצ 600 גר,גרמים,600.00,100 גרם,false,,29.90,0.0498,true,1,3866855
7290000100302,false,פול ירוק קלוף סנפרוסט 600 גרם,"סנפרוסט בע""\מ",IL,פול ירוק קלוף סנפרוס,גרמים,600.00,100 גרם,false,,22.90,0.0382,true,1,3866858
7290000101927,false,אוכמניות כחולות מוקפאות סנפרוסט 300 גרם,"איי, בי, אינבוו",IL,אוכמניות כחולות מוקפ,גרמים,300.00,100 גרם,false,,12.90,0.0430,true,1,2975332
7290000101934,false,מיקס פירות יער מוקפאות 300 ג' סנפרוסט,"סנפרוסט בע""\מ",IL,מיקס פירות יער מוקפא,גרמים,300.00,100 גרם,false,,12.90,0.0430,true,1,2975333
7290000101941,false,אננס חתוך מוקפא סנפרוסט 300ג',"סנפרוסט בע""\מ",IL,אננס מוקפא 300 גר,גרמים,300.00,100 גרם,false,,12.90,0.0430,true,1,2975334
7290000103457,false,"מיני כרובית 600 גרם ""סנפרוסט""","סנפרוסט בע""\מ",IL,מיני כרובית מעדנות 6,גרמים,600.00,100 גרם,false,,15.90,0.0265,true,1,1487148
7290000103471,false,מיני ברוקולי סנפרוסט 600 גרם,"סנפרוסט בע""\מ",IL,מיני ברוקולי 600גר,גרמים,600.00,100 גרם,false,,15.90,0.0265,true,1,1324856
7290000103730,false,לקט להקפצה עם פסטה פוזילי סנפרוסט 800 גרם,"איי, בי, אינבוו",IL,לקט להקפצה עם פסטה פוזילי,גרמים,800.00,100 גרם,false,,22.90,0.0286,true,1,1324869
7290000103815,false,לקט להקפצה בסגנון תאילנדי סנפרוסט 800 גרם,"סנפרוסט בע""\מ",IL,לקט להקפצה בסגנון תאילנדי,גרמים,800.00,100 גרם,false,,22.90,0.0286,true,1,1324876
7290000104072,false,עדשים ירוקות מבושלות מוקפאות 800 ג' סנפרוסט,"איי, בי, אינבוו",IL,עדשים מוקפאים 14 יח 800 ג,גרמים,800.00,100 גרם,false,,18.70,0.0234,true,1,1324884
7290000104218,false,סנפרוסט במיה 600 גרם,"איי, בי, אינבוו",IL,במיה 14 יח 600 ג,גרמים,600.00,100 גרם,false,,15.80,0.0263,true,1,1324888
7290000104676,false,אפונה קפואה סנפרוסט 800 גרם,"איי, בי, אינבוו",IL,אפונה גינה 20 יח 800 ג,גרמים,800.00,100 גרם,false,,14.90,0.0186,true,1,1324891
7290000104683,false,שעועית ירוקה שלמה סנפרוסט 800 גרם,"סנפרוסט בע""\מ",IL,שעועית ירוקה שלמה 16 יח 8,גרמים,800.00,100 גרם,false,,19.90,0.0249,true,1,1324892
7290000104690,false,תירס גרעינים 800 גרם סנפרוסט,"איי, בי, אינבוו",IL,גרעיני תירס 20 יח 800 ג,גרמים,800.00,100 גרם,false,,17.80,0.0223,true,1,1324893
7290000104706,false,גזר גמדי סנפרוסט 800 גרם,"סנפרוסט בע""\מ",IL,גזר גמדי 16 יח 800 ג,גרמים,800.00,100 גרם,false,,16.90,0.0211,true,1,1324894
7290000104713,false,פול ירוק סנפרוסט 800 גרם,"איי, בי, אינבוו",IL,פול ירוק 20 יח 800 ג,גרמים,800.00,100 גרם,false,,20.90,0.0261,true,1,1324895
7290000104720,false,שעועית ירוקה חתוכה סנפרוסט 800 גרם,"סנפרוסט בע""\מ",IL,שעועית ירוקה חתוכה 16 יח,גרמים,800.00,100 גרם,false,,16.90,0.0211,true,1,1324896
7290000104744,false,כרובית סנפרוסט 800 גרם,"סנפרוסט בע""\מ",IL,כרובית 12 יח 800 ג,גרמים,800.00,100 גרם,false,,23.90,0.0299,true,1,1324898
7290000104751,false,"כרוב ניצנים 800 גרם ""סנפרוסט""","איי, בי, אינבוו",IL,כרוב ניצנים 16 יח 800 ג,גרמים,800.00,100 גרם,false,,16.90,0.0211,true,1,1324899
7290000104768,false,תרד עלים סנפרוסט 800 ג ',"איי, בי, אינבוו",IL,עלי תרד 14 יח 800 ג,גרמים,800.00,100 גרם,false,,19.90,0.0249,true,1,1324900
7290000104775,false,תרד מדליונים סנפרוסט 800 גרם,"איי, בי, אינבוו",IL,מדליוני תרד 16 יח 800 ג,גרמים,800.00,100 גרם,false,,23.90,0.0299,true,1,1324901
7290000104799,false,שעועית לבנה מבושלת סנפרוסט 800 גרם,"איי, בי, אינבוו",IL,שעועית לבנה 16 יח 800 גר,גרמים,800.00,100 גרם,false,,14.90,0.0186,true,1,1324902
7290000104805,false,גרגירי חומוס מבושלים סנפרוסט 800 גרם,"איי, בי, אינבוו",IL,גרגירי חומוס 14 יח 800 גר,גרמים,800.00,100 גרם,false,,18.90,0.0236,true,1,1324903
7290000104836,false,שעועית ירוקה עדינה שלמה סנפרוסט 600 גרם,"סנפרוסט בע""\מ",IL,שעועית עדינה שלמה 12 יח,גרמים,600.00,100 גרם,false,,19.90,0.0332,true,1,1324906
7290000104881,false,לקט אפונה וגזר סנפרוסט 800 גרם,"איי, בי, אינבוו",IL,לקט אפונה וגזר 13 יח 800,גרמים,800.00,100 גרם,false,,14.90,0.0186,true,1,1324909
7290000104904,false,לקט ירקות מעורבים סנפרוסט 800 גרם,"איי, בי, אינבוו",IL,ירקות מעורבים 14 יח 800 ג,גרמים,800.00,100 גרם,false,,23.00,0.0288,true,1,1324910
7290000104911,false,לקט נורמנדי סנפרוסט 800 גרם,"איי, בי, אינבוו",IL,לקט נורמנדי 12 יח 800 ג,גרמים,800.00,100 גרם,false,,16.90,0.0211,true,1,1324911
7290000106175,false,"לקט כפרי סנפרוסט 2 ק""ג","סנפרוסט בע""\מ",IL,לקט כפרי 6 יח 2 קג,קילוגרמים,2.00,"ק""ג",false,,36.90,18.4500,true,1,1324913
7290000106526,false,ירקות מעורבים מוקפאים חגיגה ירוקה להקפצה,"איי, בי, אינבוו",IL,לקט להקפצה חגיגה ירו,גרמים,800.00,100 גרם,false,,22.90,0.0286,true,1,3866862
7290000107165,false,חטיף סויה אדממה סנפרוסט 400 גרם,"איי, בי, אינבוו",IL,סויה אדממה 20 יח 400 גרם,גרמים,400.00,100 גרם,false,,13.90,0.0348,true,1,1324914
7290000107189,false,תחתיות ארטישוק סנפרוסט 400 גרם,"איי, בי, אינבוו",IL,תחתיות ארטישוק 12 יח 400,גרמים,400.00,100 גרם,false,,19.90,0.0497,true,1,1324915
7290000107295,false,תפרחות ברוקולי סנפרוסט 800 גרם,"איי, בי, אינבוו",IL,תפרחות ברוקולי 12 יח 800,גרמים,800.00,100 גרם,false,,24.90,0.0311,true,1,1324916
7290000107615,false,ירקות ואננס להקפצה מנה אסייתית צבעונית ועשירה,"איי, בי, אינבוו",IL,מנה אסייתית צבעונית,גרמים,800.00,100 גרם,false,,23.00,0.0288,true,1,3878751
7290000110844,false,"כיפלי בטעם גריל 70 גרם-בד""ץ",יוניליור ישראל מזון,IL,כיפלי בטעם גריל 70 ג,גרמים,70.00,100 גרם,false,,4.90,0.0700,true,1,1330960
7290000110851,false,חטיף כיפלי בטעם בצל 70גר,אתר שפע - Food,IL,כיפלי בטעם בצל 70 גר,גרמים,70.00,100 גרם,false,,4.90,0.0700,true,1,1330961
7290000111117,false,מרכך כביסה לבן בדין 4 ליטר,יוניליור ישראל טיפוח איש,IL,בדין מרכך כביסה לבן,ליטרים,4.00,ליטר,false,,19.90,4.9750,true,1,1330963
7290000111119,false,תפוח אדמה לבן ארוז,ביכורי השקמה,,תפוח אדמה לבן ארוז,קילוגרמים,1.00,"ק""ג",true,,5.53,5.5300,true,1,2595922
7290000111186,false,"מיונז אמיתי תלמה 500 גרם בד""צ",יוניליוור ישראל מזון בע\,IL,מיונז תלמה 500 גרם,גרמים,500.00,100 גרם,false,,8.90,0.0178,true,1,1330965
7290000111353,false,"מיונז אמיתי תלמה 1 ק""ג",יוניליוור ישראל מזון בע\,IL,"מיונז תלמה 1 ק""ג",100 לקג,1.00,100 לקג,false,,16.90,16.9000,true,1,1330967
7290000111360,false,"חרדל אמיתי תלמה 250 גרם בד""צ",יוניליוור ישראל מזו,IL,חרדל תלמה 250 גרם-כש,גרמים,250.00,100 גרם,false,,5.90,0.0236,true,1,1330968
7290000111384,false,חרדל אמיתי בצנצנת 550 ג' תלמה,יוניליוור ישראל מזו,IL,חרדל תלמה 550 גרם,גרמים,550.00,100 גרם,false,,7.50,0.0136,true,1,1330969
7290000112220,false,טחינה גולמית שומשום טהור בארכה 500 גרם,"רושדי תעשיות מזון בע""\מ",IL,טחינה גולמית שומשום,גרמים,500.00,100 גרם,false,,13.90,0.0278,true,1,1329319
7290000112237,false,"טחינה גולמית שומשום טהור בארכה 1 ק""ג","רושדי תעשיות מזון בע""\מ",IL,טחינה גולמית שומשום,יח',1.00,יח',false,,19.90,19.9000,true,1,1329320
7290000112497,false,מרק עשיר עוף אטריות קנור 75 גרם - שקיות,יוניליוור ישראל מזון בע\,IL,קנור מרק עשיר עוף עם,גרמים,75.00,100 גרם,false,,11.90,0.1587,true,1,1330971
7290000112619,false,מרק עוף לתיבול והעשרה קנור 400 ג',יוניליוור ישראל מזון בע\,IL,מרק 400 עוף אמיתי,גרמים,400.00,100 גרם,false,,14.90,0.0373,true,1,1330974
7290000113180,false,"כיפלי צ'יפס בד""צ תלמה 50 ג'",יוניליור ישראל מזון,IL,כיפלי צ'יפס 50 גרם-ב,גרמים,50.00,100 גרם,false,,4.90,0.0980,true,1,1330976
7290000114187,false,פנטסטיק תרכיז ניקוי כללי אורנים סיף 4 ליטר,סיף פנטסטיק Cif Fantastic,IL,פנטסטיק נוזל לניקוי,ליטרים,4.00,ליטר,false,,17.90,4.4750,true,1,1330980
7290000116204,false,"אבקת מרק דגש בטעם עוף 1ק""ג קנור",יוניליוור ישראל מזון בע\,IL,מרק דגש מופחת נתרן ק,גרמים,1000.00,100 גרם,false,,13.70,0.0137,true,1,1330985
7290000116884,false,"רוטב ברביקיו קנור 300 גרם בד""צ",יוניליוור ישראל מזון בע\,IL,רוטב ברביקיו קנור 34,מיליליטרים,340.00,"100 מ""ל",false,,9.90,0.0291,true,1,1330986
7290000116921,false,רוטב צ'ילי מתוק 340 גרם קנור,יוניליוור ישראל מזון בע\,IL,רוטב צ'ילי מתוק קנור,מיליליטרים,300.00,"100 מ""ל",false,,9.90,0.0330,true,1,1330987
7290000116945,false,"רוטב סויה קלאסי קנור בד""צ 350 גרם",יוניליוור ישראל מזון בע\,IL,רוטב סויה קלאסי קנור,מיליליטרים,300.00,"100 מ""ל",false,,9.90,0.0330,true,1,1330988
7290000117171,false,מרק טעם עוף דל קלוריות 48 גרם-קופסא,יוניליוור ישראל מזון,IL,"נמס בכוס בד""ץ טעם עו",יח',10.00,יח',false,,6.50,0.6500,true,1,1330991
7290000117720,false,נמס בכוס פטריות קנור 21.5 גרם מארז זוגי,יוניליוור ישראל מזון בע\,IL,"נמס בכוס פטריות בד""ץ",יח',1.00,יח',false,,6.50,6.5000,true,1,1330995
7290000118277,false,כופתאות מצה להכנת מהירה 65 ג' קנור,יוניליוור ישראל מזון בע\,IL,אבקה להכנת קניידלך ק,גרמים,260.00,100 גרם,false,,8.90,0.0342,true,1,1330998
7290000118352,false,לטקס תפוחי אדמה קנור 2*85 גרם,יוניליוור ישראל מזון בעמ,IL,לטקס תפוחי אדמה קנור,גרמים,170.00,100 גרם,false,,13.90,0.0818,true,1,1331000
7290000120836,false,"מיונז אמיתי 394 גרם ""הלמנס""",קונפקו אינק' די.בי.א,CA,מיונז הלמנס 394 גרם,גרמים,394.00,100 גרם,false,,9.90,0.0251,true,1,1331005
7290000120874,false,מיונז הלמנס לייט מופחת קלוריות 424ג,"יונילוור ארה""ב - HPC",US,מיונז הלמנס לייט 424,גרמים,424.00,100 גרם,false,,9.90,0.0233,true,1,1331006
7290000121017,false,שומרון גבינה מותכת 7% 120 גרם,שלושת האופים,IL,שומרון גבינה מותכת 7,גרמים,120.00,100 גרם,false,,8.90,0.0742,true,1,1333585
7290000121031,false,החתול המחייך גבינה מותכת 14% מון בלאן 120 גרם,שלושת האופים,IL,החתול המחייך גבינה מ,גרמים,120.00,100 גרם,false,,8.90,0.0742,true,1,1333586
7290000121093,false,גבינה מותכת לייט בטעם שוויצרי 7% מון בלאן 120 גר',האי נאם סי או אל.טי.,IL,גבינה מותכת לייט בטע,גרמים,120.00,100 גרם,false,,8.90,0.0742,true,1,1333589
7290000121109,false,גבינה מותכת לייט עם זיתים 7% מון בלאן 120 גרם,האי נאם סי או אל.טי.,IL,גבינה מותכת לייט עם,גרמים,120.00,100 גרם,false,,8.90,0.0742,true,1,1333590
7290000121147,false,גבינה מותכת לייט בטעם פיקנטי 7% מון בלאן 120 גרם,"שלושת האופים בע""מ",IL,גבינה מותכת לייט בטע,גרמים,120.00,100 גרם,false,,8.90,0.0742,true,1,1333591
7290000121154,false,גבינה מותכת לייט עם סלמון 7% מון בלאן 120 גרם,האי נאם סי או אל.טי.,IL,גבינה מותכת לייט עם,גרמים,120.00,100 גרם,false,,8.90,0.0742,true,1,1333592
7290000121239,false,מיוקל 5% שומן ללא כולסטרול תלמה 500ג',יוניליוור ישראל מזון בע\,IL,מיונז מיוקל 5% תלמה,גרמים,500.00,100 גרם,false,,11.90,0.0238,true,1,1331007
7290000122830,false,"רוטב מקסיקני סצ'ואן קנור 300 מ""ל",יוניליוור ישראל מזון בע\,IL,רוטב מקסיקני סצ'ואן,מיליליטרים,300.00,"100 מ""ל",false,,9.90,0.0330,true,1,1331016
7290000123363,false,"צימקאו לציפוי ואפיה אפיכל 500 גרם בד""צ",אתר צפת ממרחים וצימא,IL,צימקאו שוקולד 500 גר,גרמים,500.00,100 גרם,false,,10.50,0.0210,true,1,1331021
7290000124841,false,מאגדת שוקולד חלב ורד הגליל 3* 100 ג,יוניליוור ישראל מזון בע\,IL,שוקולד חלב ורד הגליל,גרמים,300.00,100 גרם,false,,13.90,0.0463,true,1,1331024
7290000125251,false,שמפו לכביסה עדינה בדין 2 ליטר,"זוהר דליה, קיבוץ דליה, 1",IL,בדין שמפו לכביסה עדי,ליטרים,2.00,ליטר,false,,23.90,11.9500,true,1,1331025
7290000129457,false,אבקת רוטב פטריות קנור 28 ג' שקית,יוניליוור ישראל מזון בע\,IL,רוטב פטריות קנור 28,גרמים,28.00,100 גרם,false,,3.90,0.1393,true,1,1331033
7290000131009,false,דפי בצק פילו דקיקים שחף 500 גרם,מאפיית אריאל,IL,דפי בצק פילו דקיקים,גרמים,500.00,100 גרם,false,,12.90,0.0258,true,1,1342389
7290000131023,false,"בצק עלים מרודד שחף 1 ק""ג",שחף,IL,בצק עלים מרודד שחף 1,גרמים,1000.00,100 גרם,false,,11.80,0.0118,true,1,1342390
7290000131122,false,"בצק עלים צרפתי שחף 1.5 ק""ג",יושלם,IL,בצק עלים צרפתי שחף 1,קילוגרמים,1.50,"ק""ג",false,,14.90,9.9333,true,1,1342391
7290000133645,false,שלישיית משחת שיניים סודה אורביטול 145 גרם,טרופיקל דגיל תעשיות קוסמ,IL,משחת שיניים בטעם מנט,גרמים,435.00,100 גרם,false,,16.50,0.0379,true,1,1331845
7290000133904,false,"מטהר אוויר דואופרש פסיפלורה תפוז סנו 300 מ""ל","סנו מפעלי ברונוס בע""מ",IL,דואופרש פסיפלורה ותפ,מיליליטרים,300.00,"100 מ""ל",false,,9.90,0.0330,true,1,1331850
7290000135045,false,"XL TEN משקה אנרגיה פתוח ללא סוכר 250 מ""ל","טמפו משקאות בע""\מ",IL,"XL פחית 250 מ""ל",מיליליטרים,250.00,"100 מ""ל",false,,3.80,0.0152,true,1,3867089
7290000135052,false,"XL TEN משקה אנרגיה מנגו ללא סוכר 250 מ""ל","טמפו משקאות בע""\מ",IL,"XL פחית 250 מ""ל",מיליליטרים,250.00,"100 מ""ל",false,,3.80,0.0152,true,1,3867090
7290000135113,false,"משקה אנרגיה XL פחית ten נענע ליים 250 מ""ל","טמפו משקאות בע""\מ",IL,"משקה אנרגיה לל""ס נענ",מיליליטרים,250.00,"100 מ""ל",false,,3.80,0.0152,true,1,3878830
7290000135465,false,"מי סודה 500 מ""ל - מארז 12 בקבוקים","טמפו משקאות בע""\מ",IL,טמפו סודה 12* 500 מל,ליטרים,6.00,ליטר,false,,24.90,4.1500,true,1,3892034
7290000136141,false,משקה בטעם קולה 1.5ל' פפסי,"טמפו משקאות בע""\מ",IL,פפסי 1.5 ליטר,ליטרים,1.50,ליטר,false,,7.40,4.9333,true,1,3897731
7290000136158,false,פפסי מקס 1.5 ליטר פיקדון,"טמפו משקאות בע""\מ",IL,פפסי מקס 1.5 ליטר,ליטרים,1.50,ליטר,false,,6.90,4.6000,true,1,3897732
7290000136165,false,מירינדה בקבוק 1.5 לי,"טמפו משקאות בע""\מ",IL,מירינדה 1.5 ליטר,ליטרים,1.50,ליטר,false,,6.90,4.6000,true,1,3897733
7290000136172,false,סבן אפ בקבוק 1.5 ליט,"טמפו משקאות בע""\מ",IL,סבן אפ 1.5 ליטר,ליטרים,1.50,ליטר,false,,6.90,4.6000,true,1,3897734
7290000136189,false,סבן אף דיאט 1.5 ליטר בודד,"טמפו משקאות בע""\ם.",IL,דיאט סבן אפ 1.5 ליטר,ליטרים,1.50,ליטר,false,,6.90,4.6000,true,1,3897735
7290000136264,false,מי טוניק גזוז 1.5 ל' טמפו,"טמפו משקאות בע""\מ",IL,מי טוניק 1.5 ליטר,ליטרים,1.50,ליטר,false,,7.20,4.8000,true,1,3897738
7290000136431,false,משקה בטעם אפרסק צלול תריסר 1.5 ל' ג'אמפ,"טמפו משקאות בע""\מ",IL,ג'אמפ אפרסק 1.5 ליטר,ליטרים,1.50,ליטר,false,,7.50,5.0000,true,1,3897743
7290000136455,false,משקה בטעם אשכוליות תריסר 1.5 ל' ג'אמפ,"טמפו משקאות בע""\ם.",IL,ג'אמפ אשכוליות 1.5 ל,ליטרים,1.50,ליטר,false,,7.50,5.0000,true,1,3897744
7290000136516,false,משקה בטעם מנגו פסיפלורה תריסר 1.5 ל' ג'אמפ,טמפו משקאות בעמ,IL,ג'אמפ מנגו פסיפלורה,ליטרים,1.50,ליטר,false,,7.50,5.0000,true,1,3897746
7290000136523,false,משקה בטעם ענבים תריסר 1.5 ל' ג'אמפ,"טמפו משקאות בע""\ם.",IL,ג'אמפ ענבים 1.5 ליטר,ליטרים,1.50,ליטר,false,,7.50,5.0000,true,1,3897747
7290000136561,false,משקה בטעם תות בננה תריסר 1.5 ל' ג'אמפ,"טמפו משקאות בע""\מ",IL,ג'אמפ תות בננה 1.5 ל,ליטרים,1.50,ליטר,false,,7.50,5.0000,true,1,3897748
7290000136585,false,משקה בטעם תפוזים תריסר 1.5 ל' ג'אמפ,"טמפו משקאות בע""\ם.",IL,ג'אמפ תפוזים 1.5 ליט,ליטרים,1.50,ליטר,false,,7.50,5.0000,true,1,3897749
7290000136608,false,משקה בטעם תפוח צלול תריסר 1.5 ל' ג'אמפ,"טמפו משקאות בע""\ם.",IL,ג'אמפ תפוח צלול 1.5,ליטרים,1.50,ליטר,false,,7.50,5.0000,true,1,3897750
7290000136646,false,בירה נשר מאלט ללא אלכוהול 1.5 ליטר,"טמפו משקאות בע""\מ",IL,בירה שחורה נשר מאלט,ליטרים,1.90,ליטר,false,,8.90,4.6842,true,1,3897751
7290000136653,false,דיאט נשר מאלט ללא אלכוהול 1.5 ליטר,"טמפו משקאות בע""\מ",IL,בירה שחורה דיאט נשר,ליטרים,1.50,ליטר,false,,8.90,5.9333,true,1,3897752
7290000136660,false,סודה טמפו ליטר וחצי,טמפו,IL,סודה 1.5 ליטר,ליטרים,1.50,ליטר,false,,3.20,2.1333,true,1,3897753
7290000136691,false,מארז שישייה סבן אפ 1.5 ל',סבן אפ 7up,IL,סבן אפ 1.5לי שישייה,מטרים,1500.00,100 מ'ל,false,,37.90,0.0253,true,1,3897754
7290000136752,false,סבן אפ דיאט מארז שישייה 1.5 ל' FREE,"טמפו משקאות בע""\מ",IL,דיאט סבן אפ 1.5 ליטר,ליטרים,9.00,ליטר,false,,35.90,3.9889,true,1,3897755
7290000136769,false,מארז שישיה בטעם קולה 1.5 ל' פפסי,"טמפו משקאות בע""\מ",IL,פפסי 1.5 ליטר שישייה,ליטרים,9.00,ליטר,false,,35.80,3.9778,true,1,3897756
7290000136776,false,שישיית פפסי מקס דל קלוריות 1.5 ליטר,פפסי Pepsi,IL,פפסי מקס 1.5 ליטר שי,ליטרים,9.00,ליטר,false,,35.90,3.9889,true,1,3897757
7290000136783,false,מארז שישייה מרינדה 1.5 ל',"טמפו משקאות בע""\מ",IL,מירנדה 1.5 ליטר שישי,ליטרים,9.00,ליטר,false,,37.30,4.1444,true,1,3897758
7290000136790,false,שישיית מי סודה טמפו 1.5 ליטר,"טמפו משקאות בע""\מ",IL,טמפו סודה 6* 1.5 ליט,מטרים,9000.00,100 מ'ל,false,,15.70,0.0017,true,1,3897759
7290000136806,false,מארז סודה רביעייה לימון ליים 1.5 ל' טמפו,טמפו משקאות בעמ,IL,סודה לימון ליים 1.5,ליטרים,6.00,ליטר,false,,10.90,1.8167,true,1,3897760
7290000136813,false,סודה בטעם אננס מארז רביעייה 1.5 ל' טמפו,טמפו משקאות בע''מn\,IL,סודה אננס 1.5לי רביע,ליטרים,6.00,ליטר,false,,10.90,1.8167,true,1,3897761
7290000136837,false,רביעיית מי סודה נגיעות אפרסק טמפו 1.5 ליטר,טמפו משקאות בע''מn\,IL,רביעייה סודה טעם אפר,ליטרים,1.50,ליטר,false,,10.90,7.2667,true,1,3897763
7290000136844,false,מארז מים מזוככים אקווה נובה שישיית 2 ליטר,"טמפו משקאות בע""\מ",IL,מים אקווה נובה 2 ליט,ליטרים,12.00,ליטר,false,,10.70,0.8917,true,1,3897764
7290000136899,false,סודה לימון ליים 1.5 ל' טמפו,טמפו,IL,סודה לימון ליים 1.5,ליטרים,1.50,ליטר,false,,2.90,1.9333,true,1,3897767
7290000137513,false,גלידונית גלידה וניל בציפוי שוקולד 60 יח' קרמיסימו,"גלידת שטראוס בע""\מ, רחוב",IL,גלידונית קרמיסימו בט,גרמים,630.00,100 גרם,false,,39.80,0.0632,true,1,1339827
7290000137643,false,שלגוני טעמקור בטעם שוקו וניל שטראוס 8*50 גרם,"גלידת שטראוס בע""\מ, רחוב",IL,שלגוני טעמקור בטעם ש,יח',1.00,יח',false,,31.90,31.9000,true,1,1339828
7290000139104,false,שלווה חיטה תפוחה מתוקה אשבול 230 גרם,"אשב""ל בע""מ",IL,שלווה חיטה תפוחה מתו,גרמים,230.00,100 גרם,false,,7.40,0.0322,true,1,1321411
7290000139111,false,שלווה חיטה תפוחה מתוקה אשבול 90 גרם,אשבול,,שלווה חיטה תפוחה מתו,גרמים,90.00,100 גרם,false,,2.90,0.0322,true,1,1321412
7290000139180,false,שלווה חיטה מלאה תפוחה אשבול 140 גרם,אשבל מזון פונקציונלי,IL,שלווה חיטה מלאה תפוח,גרמים,140.00,100 גרם,false,,7.40,0.0529,true,1,1321414
7290000139227,false,דגן לבן משפחתי 150 גר' אשבול,אשבל מזון פונקציונלי,IL,אשבול דגן לבן 150גר,גרמים,150.00,100 גרם,false,,7.40,0.0493,true,1,1321417
7290000139241,false,מולטי דגני בוקר בטעם שוקו וניל 500 ג',אשבול,IL,מולטי שוקו וניל 500,גרמים,500.00,100 גרם,false,,8.90,0.0178,true,1,1321419
7290000139258,false,שלווה דבש וסוכר חום אשבול 200 גרם,אשבל מזון פונקציונלי,IL,שלווה טבע חיטה מלאה,גרמים,250.00,100 גרם,false,,7.40,0.0296,true,1,1321420
7290000139265,false,מולטי דגנים מלאים עם דבש 420-500 גרם,אשבול,IL,אשבול מולטי דבש 500,גרמים,500.00,100 גרם,false,,8.90,0.0178,true,1,1321421
7290000139289,false,חטיף מולטי שוקולד אשבול 500 גרם,אשבול,IL,אשבול מולטי שוקולד 5,גרמים,500.00,100 גרם,false,,8.90,0.0178,true,1,1321423
7290000139609,false,שלווה פיצפוצי אורז רגיל מתוק אשבול 375 גרם,אשבול,IL,אשבול פצפוצי אורז 37,גרמים,375.00,100 גרם,false,,9.90,0.0264,true,1,1321430
7290000139623,false,פיצפוצי אורז לייט 375 גר' אשבול,אשבול,IL,פצפוצי אורז אשבול,גרמים,60.00,100 גרם,false,,9.90,0.1650,true,1,1321432
7290000143187,false,"הוואי שמפו 2 ב 1 לגבר 700 מ""ל",שוורצקוף& הנקל דיסלד,IL,הוואי שמפו לגבר 700,מיליליטרים,700.00,"100 מ""ל",false,,8.90,0.0127,true,1,1326027
7290000143194,false,"הוואי שמפו+מרכך 2 ב 1 לשיער רגיל 700 מ""ל",טרופיקל דגיל בעמ,IL,שמפו ומרכך לשיער אלו,מיליליטרים,700.00,"100 מ""ל",false,,8.90,0.0127,true,1,1326028
7290000143200,false,"הוואי - מרכך לשיער יבש 700 מ""ל",שוורצקוף& הנקל דיסלד,IL,הוואי מרכך לשיער יבש,מיליליטרים,700.00,"100 מ""ל",false,,8.90,0.0127,true,1,1326029
7290000143217,false,"הוואי שמפו יבש מסולסל 700 מ""ל",שוורצקוף& הנקל דיסלד,IL,הוואי שמפו לשיער יבש,מיליליטרים,700.00,"100 מ""ל",false,,8.90,0.0127,true,1,1326030
7290000143255,false,"שמפו הוואי לשיער רגיל 700 מ""ל",שוורצקוף& הנקל דיסלד,IL,הוואי שמפו לשיער רגי,מיליליטרים,700.00,"100 מ""ל",false,,8.90,0.0127,true,1,1326031
7290000143262,false,"שמפו הוואי לילדים 700 מ""ל",שוורצקוף& הנקל דיסלד,IL,הוואי שמפו לילדים 70,מיליליטרים,700.00,"100 מ""ל",false,,8.90,0.0127,true,1,1326032
7290000143279,false,"הוואי שמפו לשיער נגד קשקשים 700 מ""ל",שוורצקוף& הנקל דיסלד,IL,הוואי שמפו לשיער נגד,מיליליטרים,700.00,"100 מ""ל",false,,8.90,0.0127,true,1,1326033
7290000143286,false,"מרכך הוואי לשיער רגיל 700 מ""ל",טרופיקל דגיל קוסמטיק,IL,הוואי מרכך לשיער רגי,מיליליטרים,700.00,"100 מ""ל",false,,8.90,0.0127,true,1,1326034
7290000143293,false,"הוואי - מרכך ילדים מתיר קשרים 700 מ""ל",טרופיקל דגיל,IL,הוואי מרכך שיער לילד,מיליליטרים,700.00,"100 מ""ל",false,,8.90,0.0127,true,1,1326035
7290000144160,false,"שמן זית כתית מעולה ארומתי עץ הזית 750 מ""ל","מרקאולאו, ספרד.אבסה,",IT,שמן זית כתית מעולה א,מיליליטרים,750.00,"100 מ""ל",false,,32.90,0.0439,true,1,1334069
7290000144467,false,שמן חמניות מועשר בנוגדי חמצון 1 ל' עץ הזית,"נארז ע""י : א.ג. גילר",GR,שמן בריאות חמניות עץ,ליטרים,1.00,ליטר,false,,13.90,13.9000,true,1,1334072
7290000144474,false,שמן עץ הזית קנולה 1 ליטר בריאות מהטבע,שמן תעשיות בעמ,EE,שמן בריאות קנולה עץ,ליטרים,1.00,ליטר,false,,13.90,13.9000,true,1,1334073
7290000146928,false,"משחת שיניים לילדים בטעם ענבים טום וג'רי 50 מ""ל",טרופיקל דגיל קוסמטיק,IL,משחת שיניים לילדים ב,גרמים,50.00,100 גרם,false,,7.90,0.1580,true,1,1326044
7290000146997,false,משחת שיניים לילדים מסטיק טום וג'רי 50 מל,טרופיקל דגיל קוסמטיק,IL,משחת שיניים לילדים מ,יח',1.00,יח',false,,7.90,7.9000,true,1,1326046
7290000148380,false,פיסטוקים קלויים קליית גת 200 גרם,"ג'י אנד ג'י בע""מ",IL,פיסטוקים קלויים קליי,גרמים,200.00,100 גרם,false,,18.70,0.0935,true,1,1337081
7290000148489,false,"קליית גת גרעיני דלעת קלויים,200 גרם","ג'י אנד ג'י בע""מ",IL,גרעיני דלעת קלויים ק,גרמים,200.00,100 גרם,false,,8.90,0.0445,true,1,1337082
7290000148748,false,קליית גת גרעיני חמניה קלויים ומומלחים200,"ג'י אנד ג'י בע""מ",IL,גרעיני חמניות קלויים,גרמים,200.00,100 גרם,false,,5.90,0.0295,true,1,1337084
7290000148939,false,שקדים קלויים קלית גת 200 ג',"ג'י אנד ג'י בע""מ",IL,שקדים קלויים 200 גרם,גרמים,200.00,100 גרם,false,,16.90,0.0845,true,1,1337085
7290000149615,false,רביעיית סבון מוצק קלאסי לתינוק נקה 7 4*100 גרם,גליל כימיקלים בעממשו,IL,סבון מוצק לתינוק נקה,גרמים,400.00,100 גרם,false,,10.90,0.0273,true,1,1331857
7290000149844,false,סבון רב שימושי סינטבון 230 גרם,סינטבון,IL,סבון רב שימושי סינטב,גרמים,230.00,100 גרם,false,,6.90,0.0300,true,1,1331860
7290000149905,false,טקסטיל נוזל לכביסה עדינה נקה 1 ליטר,מיוצר עי קונדיטוריית,IL,טקסטיל נוזל לכביסה ע,ליטרים,1.00,ליטר,false,,12.90,12.9000,true,1,1331863
7290000149943,false,"טקסטיל אבקת כביסה ביד נקה 1 ק""ג",קריות זול,IL,טקסטיל אבקת כביסה בי,ליטרים,1.00,ליטר,false,,12.90,12.9000,true,1,1331864
7290000150956,false,עוף טוב מקלוני קבנוס 160 גרם,מוצרי עוף טוב (2001) בע\,IL,מקלוני קבנוס עוף טוב,גרמים,160.00,100 גרם,false,,9.90,0.0619,true,1,1329327
7290000151601,false,פסטרמה בדבש טהור עוף,מוצרי עוף טוב (2001) בע\,IL,פסטרמה בדבש טהור עוף,גרמים,300.00,100 גרם,false,,18.90,0.0630,true,1,1329340
7290000152288,false,עוף טוב נקניקיות עוף מיס לוסי 400 גרם,מוצרי עוף טוב (2001) בע\,IL,נקניקיות עוף טוב 400,גרמים,400.00,100 גרם,false,,9.90,0.0248,true,1,1329343
7290000153445,false,קציצות בקר מתובלות 100% רכיבים טבעיים,מולינו ניקולי s.p.a,IL,קציצות בקר מתובלות 1,גרמים,600.00,100 גרם,false,,29.90,0.0498,true,1,1329351
7290000158105,false,שניצל עוף מיני דינוזאור ללא אנטיביוטיקה מ100% ר.טבעי,"מוצרי עוף טוב (2001) בע""",IL,שניצל עוף מיני דינוז,גרמים,700.00,100 גרם,false,,24.90,0.0356,true,1,1329369
7290000159010,false,שניצל עוף מיני דובונים ללא אנטיביוטיקה מ100% ר.טבעי,"מוצרי עוף טוב (2001) בע""",IL,שניצל עוף מיני דובונ,גרמים,700.00,100 גרם,false,,24.90,0.0356,true,1,1329374
7290000161358,false,תלמה מיונז אמיתי משמן קנולה 500 גרם,יוניליוור ישראל מזון בע\,IL,מיונז שמן קנולה 500,גרמים,500.00,100 גרם,false,,12.90,0.0258,true,1,1331050
7290000168173,false,"ברנפלקס קרנצ'ים תלמה בד""ץ 375 גרם",יוניליור ישראל מזון,IL,ברנפלקס קרנצ'ים תלמה,גרמים,375.00,100 גרם,false,,19.90,0.0531,true,1,1331112
7290000169538,false,"נמס בכוס עגבניות וקרוטונים מרק כשרות בד""ץ 62 ג' קנור",יוניליוור ישראל מזון בע\,IL,"נמס בכוס עגבניות בד""",גרמים,31.00,100 גרם,false,,6.90,0.2226,true,1,1331132
7290000169798,false,"עוגי מופחת סוכר 20% פצפוצי שוקו' 500ג' בד""צ",יוניליוור ישראל מזון בע\,IL,עוגי מופחת 20%סוכר 5,גרמים,500.00,100 גרם,false,,18.90,0.0378,true,1,1331136
7290000170053,false,"שוקולד פרה חלב 100 גרם בד""צ לל""ג","שטראוס גרופ בע""\מ.",IL,שוקולד פרה חלב מעולה,גרמים,100.00,100 גרם,false,,4.90,0.0490,true,1,1327640
7290000170077,false,שוקולד פרה מריר ללא גלוטן,"שטראוס גרופ בע""\מ.",IL,שוקולד פרה מריר מעול,גרמים,100.00,100 גרם,false,,4.90,0.0490,true,1,1327641
7290000174099,false,בפלות ופלים בטעם שוקולד 500 גרם,שטראוס גרופ,IL,ופלים שוקולד 48 יחיד,גרמים,500.00,100 גרם,false,,9.90,0.0198,true,1,1327648
7290000174723,false,שוקולית אבקה להכנת משקה שוקו 500 גרם,הנסיך- מפעל לייצור ט,IL,שוקולית 500 גרם,גרמים,500.00,100 גרם,false,,11.90,0.0238,true,1,1327649
7290000176079,false,קפה עלית טורקי עם הל 100 גרם,הנסיך- מפעל לייצור ט,IL,קפה טורקי עם הל 100,גרמים,100.00,100 גרם,false,,8.90,0.0890,true,1,1327652
7290000176116,false,"קפה טורקי עלית וואקום 1 ק""ג",הנסיך- מפעל לייצור ט,IL,קפה טורקי - ואקום 1,לקג,1.00,לקג,false,,74.90,74.9000,true,1,1327655
7290000176147,false,קפה לפילטר קלוי וטחון מוקה מספר 1 עלית 500 גרם,ELITE CAFE SP. ZO.O,PL,קפה לפילטר קלוי וטחו,גרמים,500.00,100 גרם,false,,47.90,0.0958,true,1,1327656
7290000176413,false,קפה נמס אבקתי 50 ג' עלית,הנסיך- מפעל לייצור ט,IL,קפה נמס 50 גרם,גרמים,50.00,100 גרם,false,,8.90,0.1780,true,1,1327658
7290000176420,false,קפה נמס פחית עלית 200 גרם,שטראוס קפה בי.וי,IL,קפה נמס 200 גרם,גרמים,200.00,100 גרם,false,,18.90,0.0945,true,1,1327659
7290000176468,false,קפה נמס נטול קפאין 50 ג' קפה האג,"איי, בי, אינבוו",IL,קפה נמס האג נטול קפא,גרמים,50.00,100 גרם,false,,10.90,0.2180,true,1,1327660
7290000176475,false,האג קפה נמס נטול קפאין עלית 200 גרם,שטראוס גרופ,VN,האג קפה נמס נטול קפא,גרמים,200.00,100 גרם,false,,33.90,0.1695,true,1,1327661
7290000178707,false,תפוצ'יפס בטעם טבעי 50 גרם,"שטראוס פריטו ליי בע""\מ )",IL,תפוצ'יפס בטעם טבעי 5,גרמים,50.00,100 גרם,false,,3.50,0.0700,true,1,1335264
7290000178721,false,תפוצ'יפס בטעם טבעי 200 גרם,"שטראוס פריטו ליי בע""\מ )",IL,תפוצ'יפס בטעם טבעי 2,גרמים,200.00,100 גרם,false,,9.90,0.0495,true,1,1335265
7290000179445,false,עלית בזוקה גומי לעיס,STRAUSS-ISRAEL,IL,מסטיק בזוקה עלית 180,גרמים,180.00,100 גרם,false,,6.90,0.0383,true,1,1327666
7290000180212,false,שוקולוד פרה מריר אגוזים 100ג' עלית,"שטראוס גרופ בע""מ",IL,שוקולד מריר עם שברי,גרמים,100.00,100 גרם,false,,4.90,0.0490,true,1,1327667
7290000181103,false,ביסקויט עד חצות חלב200גר,STRAUSS-ISRAEL,IL,עד חצות חלב 200 גרם,גרמים,200.00,100 גרם,false,,11.90,0.0595,true,1,1327668
7290000185224,false,סילאן בקבוק לחיץ תמר כנרת 650 גר,תמר כנרת,IL,סילאן לחיץ כנרת 650,גרמים,650.00,100 גרם,false,,15.90,0.0245,true,1,1323434
7290000185330,false,סילאן טבעי תמר כנרת 900 גר,טעמי הגליל,IL,סילאן טבעי 900גר כנר,גרמים,900.00,100 גרם,false,,23.90,0.0266,true,1,2719918
7290000185460,false,חרוסת בטעם ביתי תמר,מנדלז סי.אר. פרודקשן,IL,חרוסת כנרת 250 ג,גרמים,250.00,100 גרם,false,,12.90,0.0516,true,1,1323435
7290000186030,false,מגבוני האגיס תחליב דיספנסר רביעייה,קימברלי קלארק,IL,מגבוניה האגיס רבעייה,יח',1.00,יח',false,,24.90,24.9000,true,1,1337698
7290000186337,false,מטליות לחות לניקוי כללי ניקול שלישייה,עלבד משואות יצחק,IL,מטליות לחות לניקוי כ,יח',50.00,יח',false,,19.90,0.3980,true,1,1337701
7290000186535,false,נייר טואלט תלת שכבתי לבן לילי 32 יחידות,לילי נייר טואלט חוגלה,IL,נייר טאולט לילי טריו,יח',32.00,יח',false,,37.90,1.1844,true,1,1337705
7290000186931,false,ניקול כריות קרצוף חתוכות 12 יח',ניקול,US,כריות קרצוף חתוכות נ,יח',1.00,יח',false,,9.90,9.9000,true,1,1337709
7290000187853,false,נייר טואלט קלאסיק לב,לילי,,נייר טואלט קלאסיק לב,יח',40.00,יח',false,,42.80,1.0700,true,1,1337713
7290000187860,false,מגבוני טואלט לחים לילי דיספנסר 40יח',עלבד משואות יצחק בעמ,IL,לילי לח פיור 56 דפים,יח',56.00,יח',false,,7.90,0.1411,true,1,1337714
7290000187952,false,נייר טואלט תלת שכבתי ורוד לילי 32 יחידות,לילי נייר טואלט חוגלה,IL,נייר טאולט לילי טריו,יח',32.00,יח',false,,37.90,1.1844,true,1,1337719
7290000188270,false,קליניקס ממחטות אף אולטרא סופט 2*80 דף,חוגלה קימברלי,IL,ממחטות אף אולטרה סופ,יח',160.00,יח',false,,15.90,0.0994,true,1,1337724
7290000188355,false,מגבות מטבח ניקול לבנה שישייה,קימברלי-קלארק,IL,מגבות נייר ניקול 6 י,יח',6.00,יח',false,,10.90,1.8167,true,1,1337725
7290000188553,false,קוטקס מגן תחתון יאנג ביג 60 יחידות,קימברלי קלארק,CN,מגן תחתון נורמל קוטק,יח',60.00,יח',false,,15.90,0.2650,true,1,1337730
7290000188591,false,קוטקס מגן תחתון יאנג ביג 60 יחידות,קימברלי קלארק,CN,מגן תחתון יאנג קוטקס,יח',60.00,יח',false,,15.90,0.2650,true,1,1337732
7290000189079,false,"ניקול תבניות אינגליש חזקות ועבות מארז, 7 יח'",ניקול,CN,תבניות אינגליש קייק,יח',6.00,יח',false,,9.90,1.6500,true,1,1337737
7290000189192,false,סופר מטלית מטליות נייר רב פעמיות ניקול 64 יחידות,קימברלי קלארק,IL,סופר מטלית מטליות ני,יח',64.00,יח',false,,15.90,0.2484,true,1,1337739
7290000189499,false,תבנית קרטון אפיה עגולה אינגליש ניקול 3יח',"דוקארט בעמ, קיבוץ כפ",IL,תבניות אפיה עגולות מ,יח',3.00,יח',false,,9.90,3.3000,true,1,1337751
7290000189536,false,שקיות אשפהעם שרוך 65*52 ניקול 40 יחידות,אשפלסט,TR,שקיות אשפהעם שרוך 65,יח',40.00,יח',false,,19.90,0.4975,true,1,1337753
7290000189550,false,"שקיות אשפה ענקיות עם שרוך 78 * 90 ס""מ ניקול 2 * 10 יחידות",חוגלה קימברלי,IL,שקיות אשפה מתכלות עם,יח',20.00,יח',false,,21.80,1.0900,true,1,1337754
7290000189598,false,מטליות לחות חד פעמיות לניקוי כללי 50 יח' ניקול,עלבד משואות יצחק בעמ,IL,מטליות לחות לניקוי כ,יח',50.00,יח',false,,9.90,0.1980,true,1,1337755
7290000189659,false,מטליות לחות לרצפה ניקול 10 יח'-מרכז,עלבד משואות יצחק בעמ,IL,מטליות לחות לרצפה ני,יח',10.00,יח',false,,9.90,0.9900,true,1,1337756
7290000189680,false,ניקול זוג מטליות לחות לרצפה,חוגלה קימברלי,IL,זוג מטליות לחות לרצפ,מיליליטרים,700.00,"100 מ""ל",false,,19.90,0.0284,true,1,1337757
7290000189734,false,מטליות לחות לניקוי פרקט ניקול 10 יחידות,עלבד משואות יצחק בעמ,IL,מטליות לחות לניקוי פ,יח',10.00,יח',false,,10.90,1.0900,true,1,1337758
7290000189758,false,קוטקס מגן תחתון DESIGN עם ניחוח,קוטקס,IL,קוטקס מגן תחתון נורמ,יח',50.00,יח',false,,15.90,0.3180,true,1,1337760
7290000189871,false,"שקיות אשפה עם שרוך 52 * 65 ס""מ ניקול 55 שקיות",חוגלה קימברלי,IL,שקיות אשפה עם שרוך 5,יח',55.00,יח',false,,17.90,0.3255,true,1,1337762
7290000190198,false,מטליות לחות לניקוי וחיטוי 99.9% ניקול 50 יחידה,עלבד משואות יצחק בעמ,IL,מטליות לניקוי וחיטוי,יח',50.00,יח',false,,9.90,0.1980,true,1,1337773
7290000190853,false,לילי פיור נייר טואלט דו שכבתי לבן 30 גלילים,לילי נייר טואלט חוגלה,IL,לילי לבן נייר טואלט,גרמים,2300.00,100 גרם,false,,35.90,0.0156,true,1,2818788
7290000191171,false,קלינקס קולקשן ניילון אריזת זוג,חוגלה קימברלי,IL,קלינקס קולקשן זוג,יח',90.00,יח',false,,10.50,0.1167,true,1,1696214
7290000191225,false,חיתולים ליטל בייביז מידה 2 האגיס 46 יחידות,קימברלי קלארק שיווק,IL,האגיס ליטל שלב 2 46,יח',46.00,יח',false,,28.90,0.6283,true,1,1337785
7290000191393,false,מגבוני טישיו רכים שביעייה מולט 100X7יח',מולט,IL,ממחטות אף מולט מארז,יח',700.00,יח',false,,18.90,0.0270,true,1,1337786
7290000191539,false,חמישיית ממחטות טישו צבועני לילי 100 יחידות,חוגלה קימברלי,IL,ממחטות אף לילי 450 י,יח',400.00,יח',false,,12.60,0.0315,true,1,1337788
7290000191645,false,"חיתולים האגיס ליטל בייביס ניו בורן שלב 1 עד 4 ק""ג",קימברלי קלארק ארהב,US,חיתולים האגיס ליטל ב,יח',36.00,יח',false,,29.90,0.8306,true,1,1337792
7290000191652,false,שלישיית ממחטות אולטרה סופט קלינקס 90 יחידות,חוגלה קימברלי,IL,ממחטות אף במארז מעוצ,יח',90.00,יח',false,,9.90,0.1100,true,1,1337793
7290000193014,false,מגן תחתון פדיות אינטרלוד לילי 50 יחידות,חוגלה קימברלי,CZ,מגן תחתון לילי 50 יח,יח',50.00,יח',false,,9.90,0.1980,true,1,1337799
7290000193076,false,"שלישיית מטליות לריצפה ""ניקול""",עופרטקס,IL,שלישיית מטליות רצפה,יח',3.00,יח',false,,9.90,3.3000,true,1,1337801
7290000193083,false,נובה-לי תחבושות היגייניות לילי 28 יחידות,חוגלה קימברלי,CZ,נובה-לי תחבושות היגי,יח',28.00,יח',false,,8.90,0.3179,true,1,1337802
7290000193205,false,תחבושות עם כנפיים ללילה נטורל לילי 20 יחידות,חוגלה קימברלי,BE,תחבושות לילה עם כנפי,יח',20.00,יח',false,,15.90,0.7950,true,1,1337805
7290000193472,false,מגן תחתון נטורל נורמל לילי 60 יחידות,חוגלה קימברלי,ES,מגן תחתון נטורל נורמ,יח',60.00,יח',false,,14.90,0.2483,true,1,1337807
7290000193540,false,מגן תחתון לונג נטורל לילי 52 יחידות,חוגלה קימברלי,ES,מגן תחתון ארוך נטורל,יח',52.00,יח',false,,14.90,0.2865,true,1,1337809
7290000193618,false,לילי אינטימייט מגן תחתון נורמל 24 יח',חוגלה קימברלי,ES,מגן תחתון לייט נטורל,יח',62.00,יח',false,,14.90,0.2403,true,1,1337810
7290000193649,false,תחבושות עם כנפיים נורמל פלוס לילי 24 יחידות,חוגלה קימברלי,ES,תחבושות עם כנפיים נו,יח',24.00,יח',false,,15.90,0.6625,true,1,1337811
7290000193656,false,תחבושות עם כנפיים סופר פלוס לילי 24 יחידות,חוגלה קימברלי,ES,תחבושות עם כנפיים סו,יח',24.00,יח',false,,15.90,0.6625,true,1,1337812
7290000193793,false,לילי תחבושות אינטימי נורמל אולט' 24 יח',חוגלה קימברלי,BE,תחבושות נורמל אולטרה,יח',24.00,יח',false,,15.90,0.6625,true,1,1337816
7290000194288,false,משטח החתלה האגיס 10 יחידות,חוגלה קימברלי,BE,משטח החתלה האגיס 10,יח',10.00,יח',false,,19.90,1.9900,true,1,1337819
7290000194837,false,ניקול - שקיות מזון + ידיות קשירה אקסטרה לארג' 200 יח',ניקול,CN,שקיות למזון עם ידית,יח',200.00,יח',false,,9.90,0.0495,true,1,1337820
7290000195216,false,נייר אפייה בשקית ניקול 50 יחידות,ניקול,IL,נייר אפייה בשקית ניק,יח',50.00,יח',false,,9.30,0.1860,true,1,1337825
7290000195537,false,האגיס - מגבוני האגיס דיילי קר לא מבושם 64 יח' * 4,חוגלה קימברלי,IL,מגבונים לחים לעור רג,יח',72.00,יח',false,,18.90,0.2625,true,1,1337833
7290000196039,false,"מפות שולחן איריס ח""פ ניקול 2 יח'",חוגלה קימברלי,IL,מפת שולחן 110*180 ני,יח',2.00,יח',false,,9.90,4.9500,true,1,1337844
7290000196763,false,"שקיות אשפה חזקות במיוחד עם שרוך 52 * 65 ס""מ ניקול 40 יחידות",חוגלה קימברלי,IL,שקיות אשפה חזקות ניק,יח',40.00,יח',false,,24.90,0.6225,true,1,1337849
7290000197012,false,שקיות ריצ'רץ' אחסון למזון ניקול 15 יחידות,חוגלה קימברלי,CN,שקיות ריצ'רץ' אחסון,יח',15.00,יח',false,,12.90,0.8600,true,1,1337851
7290000197029,false,שקיות ריצ'רץ' רב תכליתיות ניקול 12 יחידות,קריות זול,IL,שקיות ריצ'רץ' רב תכל,יח',12.00,יח',false,,12.90,1.0750,true,1,1337852
7290000197081,false,ניקול ניילון נצמד 150 מטר+מתקן לחיתוך קל,חוגלה קימברלי,IL,ניילון נצמד עם מתקן,אורך,150.00,אורך,false,,24.90,0.1660,true,1,1337853
7290000197340,false,"רדיד אלומניום ארוך 45 ס""מ רוחב ניקול 7.5 מטר",חוגלה קימברלי,IL,רדיד אלומניום ארוך 4,אורך,7.50,אורך,false,,14.90,1.9867,true,1,1337858
7290000197425,false,חיתולים פרידום דריי שלב 3 האגיס 52 יחידות,קימברלי קלארק ישראל,IL,האגיס פרידום דריי של,יח',52.00,יח',false,,41.90,0.8058,true,1,1337861
7290000197432,false,שקיות אוכל סנדביצ'ון ניקול מארז 150X2יח',"אשפלסט תעשיות בע""מ",IL,שקיות אוכל ניקול 300,יח',300.00,יח',false,,11.90,0.0397,true,1,1337862
7290000197456,false,חיתולים פרידום דריי שלב 4 האגיס 44 יחידות,קימברלי קלארק ישראל,IL,האגיס פרידום דריי של,יח',44.00,יח',false,,41.90,0.9523,true,1,1337864
7290000197463,false,חיתולים פרידום דריי שלב +4 האגיס 40 יחידות,קימברלי קלארק ישראל,IL,האגיס פרידום דריי של,יח',40.00,יח',false,,41.90,1.0475,true,1,1337865
7290000197470,false,שקיות רב שימושיות מתכלות ניקול 250 יחידות,אשלפסט תעשיות בעמ,IL,שקיות רב שימושיות מת,יח',250.00,יח',false,,14.40,0.0576,true,1,1337866
7290000197548,false,חיתולים פרידום דריי שלב 5 האגיס 36 יחידות,קימברלי קלארק ישראל,IL,האגיס פרידום דריי של,יח',36.00,יח',false,,41.90,1.1639,true,1,1337867
7290000197654,false,ניקול אשפתון שקיות אשפה ענקיות 45 יח',"אשפלסט תעשיות בע""מ",IL,שקיות אשפה ענקיות נש,יח',45.00,יח',false,,19.90,0.4422,true,1,1337868
7290000197678,false,חיתולי האגיס פרידום דריי שלב 6 30 יחידות,קימברלי קלארק ישראל,IL,האגיס פרידום דריי של,יח',30.00,יח',false,,41.90,1.3967,true,1,1337869
7290000197753,false,ניילון נצמד אנטי בטקריאלי ניקול 30X2מ',חוגלה קימברלי,CN,ניילון נצמד ניקול 2*,אורך,30.00,אורך,false,,9.90,0.3300,true,1,1337871
7290000197876,false,תבניות אלומיניום קטנות עם מכסה ניקול 4 יחידות,חוגלה קימברלי,CN,תבניות אלומיניום קטנ,יח',4.00,יח',false,,8.90,2.2250,true,1,1337874
7290000197982,false,"רדיד אלומיניום עבה 45 ס""מ רוחב ניקול 2 יח' 7.5 מטר",ניקול,IL,רדיד אלומיניום עבה 4,אורך,7.50,אורך,false,,19.90,2.6533,true,1,1337877
7290000197999,false,רדיד אלומיניום עבה ניקול זוגי 30X7.5מ',קריות זול,IL,רדיד אלומיניום עבה נ,אורך,7.50,אורך,false,,14.90,1.9867,true,1,1337878
7290000199313,false,קוטקס יאנג תחבושות עם כנפיים נורמל חדש30,חוגלה קימברלי,CZ,תחבושות עם כנפיים נו,יח',30.00,יח',false,,15.90,0.5300,true,1,1337882
7290000201818,false,טיטולים פרימיום שלב 2 64 יחידות,חוגלה קימברלי,IL,טיטולים פרימיום שלב,יח',52.00,יח',false,,29.90,0.5750,true,1,1337888
7290000201832,false,טיטולים פרימיום שלב 3 50 יחידות,חוגלה קימברלי,IL,טיטולים פרימיום שלב,יח',50.00,יח',false,,29.90,0.5980,true,1,1337889
7290000201856,false,טיטולים פרימיום שלב4+ 38 יחידות .,חוגלה קימברלי,IL,טיטולים פרימיום שלב4,יח',38.00,יח',false,,29.90,0.7868,true,1,1337891
7290000201863,false,טיטולים פרימיום שלב 5 34 יחידות,חוגלה קימברלי,IL,טיטולים פרימיום שלב,יח',34.00,יח',false,,29.90,0.8794,true,1,1337892
7290000201870,false,טיטולים פרימיום שלב 6 30 יחידות,חוגלה קימברלי,IL,טיטולים פרימיום שלב,יח',30.00,יח',false,,29.90,0.9967,true,1,1337893
7290000204086,false,ניקול כרית קרצוף מארז שלישייה,חוגלה קימברלי,US,סקוטש קרצוף ניקול 3,יח',3.00,יח',false,,9.90,3.3000,true,1,1337928
7290000204147,false,רביעיית כרית יפנית עבה ניקול 4 יחידות,פלסטו פוליש (ברקן),IL,כריות יפניות עבות ני,יח',4.00,יח',false,,9.90,2.4750,true,1,1337929
7290000204215,false,שישיית כרית יפנית ניקול 6 יחידות,פלסטו פוליש (ברקן),IL,כריות יפניות ניקול 6,יח',6.00,יח',false,,9.90,1.6500,true,1,1337930
7290000204253,false,מטליות רב שימושיות לניקיון ניקול 9 יחידות,נועם אורים-קיבוץ אור,IL,מטליות רב שימושיות ל,יח',9.00,יח',false,,9.90,1.1000,true,1,1337932
7290000204307,false,ניקול מטליות רב שימושיות בגליל 40 יח',נועם אורים-קיבוץ אור,IL,מטליות רב שימושיות ב,יח',40.00,יח',false,,20.80,0.5200,true,1,1337933
7290000204611,false,שישיית ספוגית הקסם ניקול 6 יחידות,חוגלה קימברלי,US,ספוגית הקסם ניקול 6,יח',6.00,יח',false,,9.90,1.6500,true,1,1337934
7290000205526,false,פיסגה נוזל ריחני לשטיפת רצפות סנו 2 ליטר,"סנו מפעלי ברונוס בע""",IL,פיסגה נוזל ריחני לשט,ליטרים,2.00,ליטר,false,,9.90,4.9500,true,1,1331869
7290000205762,false,חיתולי האגיס אקסטרה קר מידה 3 48 יחידות,חוגלה קימברלי,IL,האגיס אקסטרה קייר מי,יח',48.00,יח',false,,46.80,0.9750,true,1,1337935
7290000205915,false,חיתולי האגיס אקסטרה קייר מידה 4 40 יחידות,חוגלה קימברלי,IL,האגיס אקסטרה קייר מי,יח',40.00,יח',false,,46.80,1.1700,true,1,1337936
7290000207063,false,רסק עגבניות פריכוז 28% 240 גרם יכין,היינץ צפון אמריקה מק,IL,פריכוז רסק עגבניות B,גרמים,260.00,100 גרם,false,,3.80,0.0146,true,1,1337482
7290000207162,false,רוטב עגבניות מרכיב טבעי 100 ג' יכין,"זנלכל בע""\מ",IL,רסק עגבניות מרוכז BX,גרמים,100.00,100 גרם,false,,1.50,0.0150,true,1,1337485
7290000207438,false,עגבניות 2.5 A קוביות 850 גרם יכין,"זנלכל בע""\מ",IL,עגבניות מקולפות חתוכ,גרמים,800.00,100 גרם,false,,7.80,0.0097,true,1,1337486
7290000208008,false,רסק פלפל חריף חריסה A2 יכין 550 ג',"זנלכל בע""\מ",IL,חריסה פלפל מרוסק יכי,גרמים,570.00,100 גרם,false,,6.80,0.0119,true,1,1337489
7290000208022,false,עגבניות מרוסקות פריכוז 800 ג' יכין,"זנלכל בע""\מ",IL,עגבניות מקולפות מרוס,גרמים,800.00,100 גרם,false,,7.80,0.0097,true,1,1337490
7290000208077,false,אפונת גינה רגילה 550 גרם יכין,"זנלכל בע""\מ",IL,אפונת גינה יכין 550,גרמים,335.00,100 גרם,false,,5.80,0.0173,true,1,1337492
7290000208114,false,"אפונה וגזר יכין A2 פ""ק בית יוסף","זנלכל בע""\מ",IL,אפונת גינה וגזר יכין,גרמים,335.00,100 גרם,false,,5.80,0.0173,true,1,1337495
7290000208138,false,סירופ דיאט בטעם ענבים יכין 1 ליטר,"זנלכל בע""\מ",IL,סירופ דיאט בטעם ענבי,ליטרים,1.00,ליטר,false,,16.70,16.7000,true,1,1337497
7290000208145,false,גרעיני תירס מתוק לייט 550 גרם יכין,"זנלכל בע""\מ",IL,תירס מתוק לייט יכין,גרמים,335.00,100 גרם,false,,6.40,0.0191,true,1,1337498
7290000208213,false,שעועית לבנה אפויה A2 ברוטב עגבניות יכין 560ג',היינץ צפון אמריקה מק,IL,שעועית לבנה ברוטב עג,גרמים,355.00,100 גרם,false,,5.80,0.0163,true,1,1337501
7290000208220,false,"שעועית צ'לי יכין פ""ק A2 בית יוסף",היינץ צפון אמריקה מק,IL,שעועית צ'ילי יכין 58,גרמים,355.00,100 גרם,false,,9.90,0.0279,true,1,1337502
7290000208244,false,"בסיס לשקשוקה יכין A2 פ""ק בית יוסף","זנלכל בע""מ",IL,רוטב מתובל לשקשוקה י,גרמים,570.00,100 גרם,false,,6.90,0.0121,true,1,1337504
7290000208251,false,שעועית ירוקה חתוכה יכין 550 גרם,"זנלכל בע""מ",IL,שעועית ירוקה חתוכה י,גרמים,320.00,100 גרם,false,,7.90,0.0247,true,1,1337505
7290000208312,false,גרעיני תירס מתוק בואקום יכין 400 גר',"זנלכל בע""\מ",IL,תירס מתוק יכין 400 ג,גרמים,246.00,100 גרם,false,,4.90,0.0199,true,1,1337507
7290000208329,false,גרעיני תירס מתוק 550 גרם יכין,"זנלכל בע""\מ",IL,תירס מתוק יכין 550 ג,גרמים,335.00,100 גרם,false,,5.70,0.0170,true,1,1337508
7290000208336,false,רסק יכין 240גר 22% יכין בית יוסף,"זנלכל בע""\מ",IL,רסק עגבניות מרוכז BX,גרמים,240.00,100 גרם,false,,3.50,0.0146,true,1,1337509
7290000208343,false,עגבניות מרוסקות שום יכין A2.5 בית יוסף,היינץ צפון אמריקה מק,IL,עגבניות מרוסקות עם ש,גרמים,800.00,100 גרם,false,,7.80,0.0097,true,1,1337510
7290000208367,false,עגבניות מרוסקות בתוספת בזיליקום 800 ג' יכין,זנלכל,IL,עגבניות מרוסקות עם ב,גרמים,800.00,100 גרם,false,,7.80,0.0097,true,1,1337512
7290000208428,false,גרגרי חומוס שלם 550 גרם יכין,"זנלכל בע""\מ",IL,חומוס יכין 550גרם,גרמים,290.00,100 גרם,false,,5.70,0.0197,true,1,1337514
7290000208459,false,"לקט אפונה, תפוחי אדמה וגזר יכין 550 גרם","זנלכל בע""\מ",IL,לקט אפונה תפוחי אדמ,גרמים,335.00,100 גרם,false,,6.90,0.0206,true,1,1337516
7290000208480,false,גרעיני תירס מתוק בטעם חמאה 550 גרם יכין,"זנלכל בע""\מ",IL,תירס מתוק בטעם חמאה,גרמים,550.00,100 גרם,false,,6.90,0.0125,true,1,1337517
7290000208534,false,גרעיני תירס מתוק לילדים 550 גרם יכין,"זנלכל בע""\מ",IL,תירס מתוק לילדים יכי,גרמים,335.00,100 גרם,false,,6.50,0.0194,true,1,1337518
7290000208855,false,רוטב לפסטה קלאסי 240 גרם יכין,"זנלכל בע""\מ",IL,רוטב פסטה קלאסי יכין,גרמים,240.00,100 גרם,false,,4.90,0.0204,true,1,1337521
7290000208947,false,עגבניות מרוסקות יכין 260 גרם,היינץ צפון אמריקה מק,IL,עגבניות מקולפות מרוס,גרמים,240.00,100 גרם,false,,4.90,0.0204,true,1,1337525
7290000208978,false,רוטב עגבניות פריכוז יכין 100 גרם,היינץ צפון אמריקה מק,IL,פריכוז רסק עגבניות 2,גרמים,100.00,100 גרם,false,,2.90,0.0290,true,1,1337526
7290000209012,false,חומץ 1ליטר יכין הדרים,"זנלכל בע""\מ",IL,חומץ 5% יכין 1 ליטר,ליטרים,1.00,ליטר,false,,4.90,4.9000,true,1,1337528
7290000209043,false,מיץ לימון לתיבול יכין 1 ליטר,היינץ צפון אמריקה מק,IL,מיץ לימון לתיבול יכי,100 יח',1000.00,100 יח',false,,4.90,0.0049,true,1,1337530
7290000209173,false,חומצה אצטית למזון 5% יכין 1 ליטר,"זנלכל בע""\מ",IL,חומצה אצטית למזון 5%,100 מל,1000.00,100 מל,false,,4.50,0.0045,true,1,1337532
7290000209371,false,תירס מתוק יכין 200 גרם מארז 3 יח',היינץ צפון אמריקה מק,IL,תירס מתוק יכין 200 ג,גרמים,495.00,100 גרם,false,,11.90,0.0240,true,1,1337541
7290000209388,false,תירס מתוק לייט יכין 200 גרם מארז 3 יח',"זנלכל בע""\מ",IL,תירס מתוק לייט יכין,גרמים,369.00,100 גרם,false,,11.70,0.0317,true,1,1337542
7290000209517,false,סירופ דיאט בטעם לימון יכין 1 ליטר,היינץ צפון אמריקה מק,IL,סירופ דיאט בטעם לימו,ליטרים,1.00,ליטר,false,,16.70,16.7000,true,1,1337544
7290000209524,false,סירופ דיאט בטעם פטל יכין 1 ליטר,"זנלכל בע""\מ",IL,סירופ דיאט בטעם פטל,ליטרים,1.00,ליטר,false,,16.70,16.7000,true,1,1337545
7290000209531,false,סירופ דיאט בטעם אשכוליות יכין 1 ליטר,"זנלכל בע""\מ",IL,סירופ דיאט בטעם אשכו,ליטרים,1.00,ליטר,false,,16.70,16.7000,true,1,1337546
7290000209555,false,סירופ דיאט בטעם תפוחים יכין 1 ליטר,"זנלכל בע""\מ",IL,סירופ דיאט בטעם תפוח,ליטרים,1.00,ליטר,false,,16.70,16.7000,true,1,1337547
7290000209579,false,סירופ דיאט בטעם אננס יכין 1 ליטר,"זנלכל בע""\מ",IL,סירופ דיאט בטעם אננס,ליטרים,1.00,ליטר,false,,16.70,16.7000,true,1,1337549
7290000209708,false,עגבניות מרוסקות עם בזיליקום יכין 240 גרם,היינץ צפון אמריקה מק,IL,עגבניות מרוסקות עם ב,גרמים,240.00,100 גרם,false,,4.90,0.0204,true,1,1337551
7290000209722,false,רסק עגבניות 28% פריכוז 580 גרם יכין,"זנלכל בע""\מ",IL,פריכוז רסק עגבניות 2,גרמים,580.00,100 גרם,false,,7.90,0.0136,true,1,1337553
7290000209913,false,עגבניות חתוכות לקוביות 240 גרם יכין,"זנלכל בע""\מ",IL,עגבניות מקולפות חתוכ,גרמים,240.00,100 גרם,false,,4.90,0.0204,true,1,1337555
7290000209944,false,רוטב לעגבניות בסיס לשקשוקה 240 ג' יכין,"זנלכל בע""\מ",IL,רוטב מתובל לשקשוקה י,גרמים,240.00,100 גרם,false,,4.90,0.0204,true,1,1337556
7290000209951,false,רוטב עגבניות לפיצה 260 גרם יכין,"זנלכל בע""\מ",IL,רוטב מתובל לפיצה יכי,מיליליטרים,240.00,"100 מ""ל",false,,4.90,0.0204,true,1,1337557
7290000209968,false,רוטב עגבניות ללזניה יכין 240 גרם,"זנלכל בע""\מ",IL,רוטב מתובל ללזניה יכ,גרמים,240.00,100 גרם,false,,4.90,0.0204,true,1,1337558
7290000210896,false,רוטב לפסטה בולונז 240 גרם יכין,"זנלכל בע""מ",IL,רוטב פסטה בולונז יכי,גרמים,240.00,100 גרם,false,,4.90,0.0204,true,1,1337567
7290000211169,false,"אורז תאילנדי אחד אחד סוגת 1 ק""ג",האי נאם סי או אל.טי.,IL,"אורז תאילנדי 1 ק""ג",גרמים,1000.00,100 גרם,false,,5.90,0.0059,true,1,1331561
7290000211312,false,סוגת אורז מלא פרסי אחד אחד 1 קג,האי נאם סי או אל.טי.,IL,"אורז מלא 1 ק""ג",גרמים,1000.00,100 גרם,false,,7.90,0.0079,true,1,1331562
7290000211374,false,"קמח חיטה מלא סוגת 1 ק""ג",טחנת קמח דגן-שטיבל,IL,"קמח מלא 1 ק""ג",גרמים,1000.00,100 גרם,false,,5.90,0.0059,true,1,1331563
7290000211442,false,"סוגת אורז פרסי קלאסי שקית 1 ק""ג",האי נאם סי או אל.טי.,IL,"אורז פרסי סוגת 1 ק""ג",גרמים,1000.00,100 גרם,false,,10.80,0.0108,true,1,1331565
7290000211626,false,"סוגת אורז חיש 1 ק""ג","סוגת תעשיות בע""\מ",IL,"אורש חיש 1 ק""ג",גרמים,1000.00,100 גרם,false,,7.90,0.0079,true,1,1331567
7290000211985,false,"סוגת אורז עגול ריזוטו 1 ק""ג","סוגת תעשיות בע""\מ",IL,"אורז עגול 1 ק""ג",גרמים,1000.00,100 גרם,false,,9.90,0.0099,true,1,1331569
7290000214115,false,מרק עוף בצנצנת ויטה 400 גרם,"פרי הגליל בע""""מ",IL,מרק עוף צנצנת ויטה 4,גרמים,400.00,100 גרם,false,,9.90,0.0248,true,1,1351984
7290000226514,false,עוגת דובוש טעם ריבת חלב קפולסקי 450 גרם,תופינים מקבוצת קפולסקי,IL,עוגת דובוש ריבת חלב,גרמים,450.00,100 גרם,false,,29.90,0.0664,true,1,1358127
7290000226552,false,קפולסקי עוגת טורט ריבת חלב+ קוקוס קפוא,קפולסקי שיווק וקמעונ,IL,עוגת טורט ריבת חלב ע,גרמים,1000.00,100 גרם,false,,63.90,0.0639,true,1,1358130
7290000226576,false,"עוגת טורט מצופה שוקולד קפולסקי 1 ק""ג",תופינים מקבוצת קפולסקי,IL,עוגת טורט קצפת שוקול,יח',1.00,יח',false,,63.90,63.9000,true,1,1358132
7290000238029,false,"בצק עלים צרפתי מרודד מעדנות 1 ק""ג",מיוצר עי קונדיטוריית,IL,"בצק עלים מרודד 1 ק""ג מעדנ",גרמים,1000.00,100 גרם,false,,15.90,0.0159,true,1,1324920
7290000238036,false,מלאווח בקופסא מעדנות 700 גרם,מיוצר עי קונדיטוריית,IL,מלאווח 700גר מעדנות,גרמים,700.00,100 גרם,false,,12.90,0.0184,true,1,1324921
7290000238173,false,בורקס גבינה מעדנות 800 גרם,מיוצר עי קונדיטוריית,IL,בורקס גבינה מעדנות 800גר,גרמים,800.00,100 גרם,false,,14.90,0.0186,true,1,1324922
7290000238180,false,בורקס תפוחי אדמה מעדנות 800 גרם,מיוצר עי קונדיטוריית,IL,"בורקס תפו""א 800 גרם מעדנו",גרמים,800.00,100 גרם,false,,14.90,0.0186,true,1,1324923
7290000240541,false,ריבועי בצק עלים מעדנות 800 גרם,מיוצר עי קונדיטוריית,IL,ריבועי בצק עלים 800גר מעד,גרמים,800.00,100 גרם,false,,22.90,0.0286,true,1,1324925
7290000244082,false,"הוואי שלישיית סבון נוזלי שמיים כחולים 500 מ""ל",טרופיקל דגיל,IL,הוואי סבון נוזלי כחו,ליטרים,1.50,ליטר,false,,14.90,9.9333,true,1,1326049
7290000244143,false,"הוואי - קרם לאחר גילוח 120 מ""ל",טרופיקל דגיל קוסמטיק,IL,קרם לאחר גילוח הוואי,מיליליטרים,120.00,"100 מ""ל",false,,16.90,0.1408,true,1,1326052
7290000244761,false,"קרם ידיים ולווטה 100 מ""ל",טרופיקל דגיל קוסמטיק,IL,קרם ידים ולווטה 100,מטרים,100.00,100 מ'ל,false,,8.90,0.0890,true,1,1326054
7290000245072,false,סוד מרכך כביסה בייבי סנסטיב 4 ליטר,"הנקל סוד בע""\מ",IL,סוד מרכך כביסה תינוק 4 לי,ליטרים,4.00,ליטר,false,,17.90,4.4750,true,1,1353913
7290000245089,false,סוד סופט מרכך כביסה סגול 4 ליטר,"הנקל סוד בע""מ",IL,סוד מרכך כביסה סגול 4 ליט,ליטרים,4.00,ליטר,false,,17.90,4.4750,true,1,1353914
7290000245157,false,סוד סופט מרכך כביסה סנסיישן 4 ליטר,"הנקל סוד בע""\מ",IL,סוד מרכך כביסה סנסיישן 4,ליטרים,4.00,ליטר,false,,17.90,4.4750,true,1,1353915
7290000245782,false,סוד סופט מרכך כביסה ורוד 4 ליטר,"הנקל סוד בע""\מ",IL,סוד מרכך כביסה ורוד 4 ליט,ליטרים,4.00,ליטר,false,,14.90,3.7250,true,1,1353931
7290000245799,false,סוד סופט מרכך כביסה כחול 4 ליטר,"הנקל סוד בע""\מ",IL,סוד מרכך כביסה כחול 4 ליט,ליטרים,4.00,ליטר,false,,14.90,3.7250,true,1,1353932
7290000253220,false,שוקולד צ'יפס חום אופנהיימר 260 גר',אופנהיימר,IL,שוקולד צ'יפס חום 260,גרמים,260.00,100 גרם,false,,10.90,0.0419,true,1,1341645
7290000253251,false,שוקולד צ'יפס לבן אופנהיימר 250 גרם,אופנהיימר,IL,שוקולד צ'יפס לבן 250,גרמים,250.00,100 גרם,false,,9.90,0.0396,true,1,1341647
7290000253374,false,מיני שוקולד צ'יפס 250 גרם- 66% מוצקי קקאו,אופנהיימר,IL,מיני שוקולד ציפס 250,גרמים,250.00,100 גרם,false,,14.90,0.0596,true,1,3892949
7290000253381,false,שוקולד ציפס 500 ג-אופינהיימר,אופנהיימר,IL,שוקולד ציפס 500 ג-או,גרמים,500.00,100 גרם,false,,14.60,0.0292,true,1,3891367
7290000262161,false,נייר טואלט לב אדום 40 גלילים מולט,מולט / שמורת טבע,IL,נייר טואלט מולט 40 ל,יח',40.00,יח',false,,32.00,0.8000,true,1,1337939
7290000262239,false,נייר טואלט מולט 48גלילים,קימברלי-קלארק,IL,נייר טואלט מולט 48 ג,יח',1.00,יח',false,,39.80,39.8000,true,1,1337940
7290000263359,false,חיתולים ליטל בייביז מידה 1 האגיס 40 יחידות,קימברלי קלארק שיווק,IL,האגיס ליטל בייביס מי,יח',40.00,יח',false,,28.90,0.7225,true,1,1337949
7290000272443,false,סירופ דיאט בטעם תפוזים עסיס 1 ליטר,בית-השיטה עסיס תעשיות מז,IL,סירופ דיאט בטעם תפוז,ליטרים,1.00,ליטר,false,,17.90,17.9000,true,1,1329391
7290000272696,false,עסיס מיץ לימון טבעי משומר 1 ל' אסם,בית-השיטה עסיס תעשיות מז,IL,עסיס מיץ לימון משומר,100 מל,1000.00,100 מל,false,,8.30,0.0083,true,1,1329393
7290000272726,false,חומץ רכיבים רכיבים טבעיים 5% עסיס 1 ליטר,בית-השיטה עסיס תעשיות מז,IL,חומץ רכיבים רכיבים ט,100 מל,1000.00,100 מל,false,,5.90,0.0059,true,1,1329394
7290000284316,false,קוקה -קולה בקבוק 1.5 ליטר,החברה המרכזית לייצור משקאות,IL,קוקה-קולה בקבוק 1.5,ליטרים,1.50,ליטר,false,,8.70,5.8000,true,1,1323518
7290000286228,false,ספוגיות לניקוי כללי סנו סושי 6 יחידות,סנו מפעלי ברונו בעמ,IL,כריות יפניות סנו סוש,יח',6.00,יח',false,,9.90,1.6500,true,1,1331870
7290000286297,false,"אנטי קאלק מסיר אבנית מקומקום סנו 700 מ""ל",סנו מפעלי ברונוס בעמ,IL,אנטי קאלק מסיר אבנית,מיליליטרים,700.00,"100 מ""ל",false,,9.90,0.0141,true,1,1331871
7290000286549,false,מטליות לניקוי כללי סנו סושי 9 יחידות,נועם אורים תעשיות בע,IL,מטליות לניקוי כללי ס,יח',9.00,יח',false,,9.90,1.1000,true,1,1331876
7290000286594,false,אבקה לניקוי במיכל לימון X סנו 600 גרם,סנו מפעלי ברונוס בעמ,IL,אבקה לניקוי ריח לימו,גרמים,600.00,100 גרם,false,,9.90,0.0165,true,1,1331878
7290000286631,false,"סנו אבקה לניקוי ומירוק בריח לימון 600 מ""ל",קריות זול,IL,אבקה לניקוי ומירוק ב,מיליליטרים,600.00,"100 מ""ל",false,,6.90,0.0115,true,1,1331879
7290000286761,false,ניילון נצמד סנו סושי פלסטיק מארז 30X2 מ',מיוצר עי קונדיטוריית,CN,ניילון נצמד פלסטיק ס,יח',2.00,יח',false,,9.90,4.9500,true,1,1331881
7290000286877,false,"רב מתכת מנקה מתכות סנו 300 מ""ל",סנו,IL,רב מתכת מנקה מתכות ס,מיליליטרים,300.00,"100 מ""ל",false,,24.90,0.0830,true,1,1331882
7290000286907,false,"סנוקל מסיר כתמים סנו 170 מ""ל",סנו מפעלי ברונוס בעמ,IL,סנוקל מסיר כתמים סנו,מיליליטרים,170.00,"100 מ""ל",false,,25.90,0.1524,true,1,1331884
7290000286921,false,"ספריי להסרת כתמים סנו קל 750 מ""ל",סנו מפעלי ברונוס בעמ,IL,סנו קל רסס וכבס 750,מיליליטרים,750.00,"100 מ""ל",false,,10.90,0.0145,true,1,1331886
7290000287102,false,"ספריי שמפו לניקוי שטיחים סנו 600 מ""ל",מיוצר עי קונדיטוריית,IL,ספריי שמפו לניקוי שט,מיליליטרים,600.00,"100 מ""ל",false,,19.70,0.0328,true,1,1331889
7290000287195,false,"סנו רהיט ספריי עשיר בווקס להברקה 305 מ""ל",מיוצר עי קונדיטוריית,IL,סנו רהיט תרסיס לניקו,מיליליטרים,300.00,"100 מ""ל",false,,13.70,0.0457,true,1,1331890
7290000287362,false,פוליויקס נוזל רצפות בניחוח לוטוס סנו 4 ליטר,סנו,IL,פוליויקס נוזל רצפות,ליטרים,4.00,ליטר,false,,34.90,8.7250,true,1,1331892
7290000287409,false,"שלישיית סנובון תות לאסלה ""סנו""",סנו מפעלי ברונוס בעמ,IL,סנובון לאסלה תות סנו,יח',3.00,יח',false,,10.70,3.5667,true,1,1331893
7290000287430,false,סנובון צבעוני לאסלה בריח לימון שלישייה,סנו מפעלי ברונו בעמ,IL,סנובון לאסלה לימון ס,יח',3.00,יח',false,,10.70,3.5667,true,1,1331894
7290000287492,false,"סנובון נוזל לניקוי אסלות בריח לימון סנו 750 מ""ל","סנו מפעלי ברונוס בע""מ",IL,סנובון נוזל לניקוי א,מיליליטרים,750.00,"100 מ""ל",false,,8.90,0.0119,true,1,1331896
7290000287607,false,"אקוה בלו סבון לניאגרה סנו 150 מ""ל",סנו מפעלי ברונוס בעמ,IL,אקוה בלו סבון לניאגר,מיליליטרים,150.00,"100 מ""ל",false,,19.90,0.1327,true,1,1331898
7290000287621,false,"אנטי קאלק נוזל לניקוי אסלות סנו 750 מ""ל",מיוצר עי קונדיטוריית,IL,אנטי קאלק נוזל לניקו,מיליליטרים,750.00,"100 מ""ל",false,,9.90,0.0132,true,1,1331899
7290000287659,false,שקית רב פעמית ורודה,,,שקית רב פעמית ורודה,יח',1.00,יח',false,,2.90,2.9000,true,1,1342657
7290000288017,false,אקונומיקה בריח לימון סנו ז'אוול 1 ליטר,"סנו מפעלי ברונוס בע""",IL,אקונומיקה בריח לימון,ליטרים,1.00,ליטר,false,,7.90,7.9000,true,1,1331907
7290000288024,false,סנו - ז'אוול אקונומיקה בריח לימון 4 ליטר,"סנו מפעלי ברונוס בע""מ",IL,אקונומיקה בריח לימון,ליטרים,4.00,ליטר,false,,16.90,4.2250,true,1,1331908
7290000288048,false,סנו זאוול מרסס מונבלאן 1 ליטר,"סנו מפעלי ברונוס בע""מ",IL,מרסס גאוול לבנדר 1 ל,ליטרים,1.00,ליטר,false,,16.90,16.9000,true,1,1331910
7290000288086,false,אבקת ניקוי עם אקונומיקה בריח לימון סנו ז'אוול 600 ג',מיוצר עי קונדיטוריית,IL,אבקת ניקוי עם אקונומ,גרמים,600.00,100 גרם,false,,9.90,0.0165,true,1,1331911
7290000288291,false,סנומט דוחה יתושים לוחיות אידוי 30 יחידות,טרופיקל דגיל תעשיות,IT,סנומט דוחה יתושים לו,יח',1.00,יח',false,,11.90,11.9000,true,1,1331913
7290000288352,false,"קוטל חרקים וזוחלים K-300 סנו 630 מ""ל","סנו מפעלי ברונוס בע""מ",IL,קוטל חרקים K300 סנו,מיליליטרים,630.00,"100 מ""ל",false,,19.90,0.0316,true,1,1331915
7290000288390,false,"קוטל זבובים ויתושים K-600 סנו 500 מ""ל","סנו מפעלי ברונוס בע""מ",IL,קוטל זבובים ויתושים,מיליליטרים,500.00,"100 מ""ל",false,,19.90,0.0398,true,1,1331917
7290000288642,false,מקסימה מרכך כביסה סנסיטיב בייבי סנו 4 ליטר,"סנו מפעלי ברונוס בע""\מ",IL,מקסימה מרכך כביסה סנ,ליטרים,4.00,ליטר,false,,21.90,5.4750,true,1,1331923
7290000288659,false,"סנו - די רולאון דוחה יתושים ג'ונגל 50 מ""ל",טרופיקל דגיל תעשיות,IL,סנו די ג'ונגל 50 מל,מטרים,50.00,100 מ'ל,false,,19.90,0.3980,true,1,3867998
7290000289052,false,פוליויקס נוזל רצפות בניחוח סחלבים סנו 4 ליטר,סנו פוליויקס,IL,פוליויקס נוזל רצפות,ליטרים,4.00,ליטר,false,,34.90,8.7250,true,1,1331926
7290000289069,false,סנו - ז'אוול מרסס קצף ניקוי בתוספת אקונומיקה בריח לימון 1 ליטר,"סנו מפעלי ברונוס בע""מ",IL,קצף לניקוי כללי בריח,ליטרים,1.00,ליטר,false,,16.90,16.9000,true,1,1331927
7290000289236,false,K3 נמלים פיתיון ג'ל - קוטל נמלים בבית ובחצר,"סנו מפעלי ברונוס בע""\מ",IL,סנו K3 תחנת פיתיון ל,יח',1.00,יח',false,,39.90,39.9000,true,1,3883494
7290000289380,false,"סנו - ז'אוול לניקוי אסלות לימון 750 מ""ל",סנו מפעלי ברונוס בעמ,IL,ג'ל לניקוי אסלה ז'או,מיליליטרים,750.00,"100 מ""ל",false,,10.80,0.0144,true,1,1331932
7290000289472,false,סנו סושי שקיות אשפה - 50 יחידות,מיוצר עי קונדיטוריית,IL,סנו סושי שקיות אשפה,יח',50.00,יח',false,,16.90,0.3380,true,1,1331934
7290000289496,false,"סנו - ז'אוול ג'ל קרם לניקוי כללי לימון 750 מ""ל","סנו מפעלי ברונוס בע""\מ",IL,קרם לניקוי כללי לימו,מיליליטרים,750.00,"100 מ""ל",false,,10.80,0.0144,true,1,1331935
7290000289595,false,"אורביטול משחת שיניים לילדים בטעם תות שדה 145 מ""ל",טרופיקל דגיל תעשיות קוסמ,IL,משחת שיניים לילדים ב,מיליליטרים,145.00,"100 מ""ל",false,,6.90,0.0476,true,1,1331937
7290000289748,false,"מסיר שומנים לתנורים פורטה פלוס סנו 750 מ""ל","סנו מפעלי ברונוס בע""\מ",IL,מסיר שומנים לתנורים,מיליליטרים,750.00,"100 מ""ל",false,,12.80,0.0171,true,1,1331939
7290000289885,false,"מטהר אוויר ענק אושנבריז סנו פרש 375 מ""ל","סנו מפעלי ברונוס בע""\מ",IL,מטהר אויר כחול ים סנ,מיליליטרים,375.00,"100 מ""ל",false,,9.80,0.0261,true,1,1331940
7290000289892,false,"סנו פרש ענק מאונטן טורקיז 375 מ""ל",סנו fresh,IL,פרש מבשם אויר ספרינג,מיליליטרים,375.00,"100 מ""ל",false,,9.90,0.0264,true,1,1331941
7290000291857,false,פוליויקס נוזל רצפות בניחוח גולדן סאנרייז סנו 2 ליטר,סנו פוליויקס,IL,פוליויקס נוזל רצפות,ליטרים,2.00,ליטר,false,,19.90,9.9500,true,1,1331943
7290000291932,false,"סנובון נוזל לניקוי אסלה בניחוח לבנדר סנו 750 מ""ל","סנו מפעלי ברונוס בע""מ",IL,סנובון נוזל לניקוי א,מיליליטרים,750.00,"100 מ""ל",false,,8.90,0.0119,true,1,1331944
7290000291963,false,אקונומיקה סמיכה בריח לימון סנו ז'אוול 1 ליטר,סנו JAVEL,IL,אקונומיקה סמיכה בריח,ליטרים,1.00,ליטר,false,,7.90,7.9000,true,1,1331946
7290000292007,false,K3 פיתיון ג'ל קוטל תיקנים (ג'וקים) בבית ובחצר,מיוצר עי קונדיטוריית,IL,סנו K3 פיתיון ג'ל קו,יח',1.00,יח',false,,39.90,39.9000,true,1,3867999
7290000292137,false,"נוזל לניקוי וטיפול מוצרי עור סנו 500 מ""ל",מיוצר עי קונדיטוריית,IL,נוזל לניקוי וטיפול מ,מיליליטרים,500.00,"100 מ""ל",false,,29.90,0.0598,true,1,1331947
7290000292311,false,פוליויקס נוזל רצפות בניחוח סחלבים סנו 2 ליטר,"סנו מפעלי ברונוס בע""\מ",IL,פוליויקס נוזל רצפות,ליטרים,2.00,ליטר,false,,19.90,9.9500,true,1,1331949
7290000292533,false,סנו גל לניקוי כללי על בסיס שמן אורנים 1ל,החברה הדרומית,IL,ג'ל לניקוי כללי סנו,ליטרים,1.00,ליטר,false,,16.90,16.9000,true,1,1331951
7290000292557,false,סנומט מלוי נוזלי דוחה יתושים 45 לילות,טרופיקל דגיל תעשיות,IT,סנומט דוחה יתושים מי,יח',1.00,יח',false,,14.90,14.9000,true,1,1331953
7290000292564,false,סנו K-2000 תרסיס מיקרו קפסולרי ללא ריח 750 מ”ל,מיוצר עי קונדיטוריית,IL,קוטל חרקים K2000 ללא,מיליליטרים,750.00,"100 מ""ל",false,,29.90,0.0399,true,1,1331954
7290000292694,false,מגן קריסטל לרצפות סנו 2 ליטר,סנו,IL,מגן קריסטל לרצפות סנ,ליטרים,2.00,ליטר,false,,39.90,19.9500,true,1,1331957
7290000292915,false,"תרסיס לניקוי כללי רסס ונגב סנו 750 מ""ל","סנו מפעלי ברונוס בע""\מ",IL,תרסיס לניקוי כללי רס,מיליליטרים,750.00,"100 מ""ל",false,,10.90,0.0145,true,1,1331958
7290000293073,false,מקסימה מרכך כביסה ביו לבן סנו 4 ליטר,"סנו מפעלי ברונוס בע""\מ",IL,מקסימה מרכך כביסה בי,ליטרים,4.00,ליטר,false,,21.50,5.3750,true,1,1331960
7290000293516,false,"מתקן סופג לחות ומונע עובש ""סנופרש""","סנו מפעלי ברונוס בע""\מ",IL,סופג לחות סנו,מיליליטרים,340.00,"100 מ""ל",false,,25.90,0.0762,true,1,1331962
7290000293561,false,"תרסיס להסרת כתמי עובש עם אקונומיקה סנו 750 מ""ל","סנו מפעלי ברונוס בע""\מ",IL,תרסיס להסרת כתמי עוב,מיליליטרים,750.00,"100 מ""ל",false,,14.90,0.0199,true,1,1331964
7290000293820,false,"קרמה מן שמפו וג'ל גל רחצה אקטיב בלוק 700מ""ל",קוסמופארם בעמ,IL,שמפו וג'ל רחצה קרמה,מיליליטרים,700.00,"100 מ""ל",false,,14.90,0.0213,true,1,3868001
7290000293943,false,"מרסס לבן מסיר אבנית 1 ליטר אנטי קאלק ""סנו""",מיוצר עי קונדיטוריית,IL,אנטיקאלק תרסיס להסרת,ליטרים,1.00,ליטר,false,,16.70,16.7000,true,1,1331965
7290000294391,false,נוזל לניקוי כללי בניחוח סחלבים סנו ג'ט 4 ליטר,סנו מפעלי ברונוס בעמ,IL,נוזל לניקוי כללי בני,ליטרים,4.00,ליטר,false,,17.90,4.4750,true,1,1331966
7290000294780,false,אקונומיקה סמיכה בריח לימון סנו ז'אוול 4 ליטר,"סנו מפעלי ברונוס בע""מ",IL,אקונומיקה סמיכה בריח,ליטרים,4.00,ליטר,false,,16.90,4.2250,true,1,1331972
7290000295121,false,מטליות זיגזג סנו סושי לניקוי רצפות 3יח',קריות זול,IL,מטליות לניקוי רצפות,יח',3.00,יח',false,,9.90,3.3000,true,1,1331973
7290000295299,false,סנו סושי כריות הפלא רב תכלתיות רביעייה,סנו מפעלי ברונו בעמ,IL,כריות יפניות סנו סוש,יח',4.00,יח',false,,9.70,2.4250,true,1,1331974
7290000295367,false,"מקסימה אבקת כביסה אפקט ז'אוול סנו 2.5 ק""ג",סנו מקסימה,IL,מקסימה אבקת כביסה אפ,קילוגרמים,2.50,"ק""ג",false,,22.90,9.1600,true,1,1331976
7290000295404,false,שקיות אשפה עם שרוך 54 * 65 סנו סושי 60 יחידות,מיוצר עי קונדיטוריית,IL,סנו סושי שקיות אשפה,יח',60.00,יח',false,,19.90,0.3317,true,1,1331977
7290000295503,false,זוג שקיות מזון טבע 19*25 סנו סושי 150 יחידות,"אשפלסט תעשיות בע""מ",CN,סנו סושי זוג שקיות א,יח',300.00,יח',false,,13.70,0.0457,true,1,1331979
7290000295541,false,רב מגבת ג'מבו סנו סושי 75 יחידות,מיוצר עי קונדיטוריית,IL,רב מגבת ג'מבו סנו סו,יח',75.00,יח',false,,16.90,0.2253,true,1,1331980
7290000295558,false,"רדיד אלומיניום רוחב 30 ס""מ סנו סושי 2 יח' 7.5 מטר",מולינו ניקולי s.p.a,TR,רדיד אלומיניום רוחב,יח',1.00,יח',false,,10.00,10.0000,true,1,1331981
7290000295565,false,"רדיד אלומיניום רוחב 45 ס""מ סנו 2 יח' 7.5 מטר",בורסה פאזרי,TR,רדיד אלומיניום רוחב,אורך,7.50,אורך,false,,15.90,2.1200,true,1,1331982
7290000295572,false,"מארז זוגי מנקה אסלות 00 סנו 750 מ""ל",מיוצר עי קונדיטוריית,IL,נוזל לניקוי אסלה 00,מיליליטרים,750.00,"100 מ""ל",false,,16.90,0.0225,true,1,1331983
7290000295589,false,טלק לתינוק בייבי כיף 200 גרם,מייצר :אשבל בע''מ .,IL,טלק בייבי כיף 200 גר,גרמים,200.00,100 גרם,false,,14.90,0.0745,true,1,1331984
7290000295794,false,ספוגיות מתכת אל חלד לניקוי סנו 3 יחידות,סנו,,ספוגיות מתכת אל חלד,יח',3.00,יח',false,,9.90,3.3000,true,1,1331985
7290000295824,false,"רדיד אלומיניום 30 ס""מ רוחב סנו סושי 100 מטר",מולינו ניקולי s.p.a,TR,"רדיד אלומיניום 30 ס""",יח',1.00,יח',false,,49.90,49.9000,true,1,1331987
7290000300900,false,שניצל תירס מרכיבים טבעיים טבעול 750 גרם,עיצובים 2020 (4.8),IL,שניצל תירס מרכיבים ט,גרמים,750.00,100 גרם,false,,24.90,0.0332,true,1,1329403
7290000304663,false,סלט טונה נון 160 גרם בדצ עדה חרדית,קריות זול,IL,סלט טונה 160גר',גרמים,160.00,100 גרם,false,,6.50,0.0406,true,1,1336485
7290000305882,false,אס הרינג עם ירקות ברוטב עגבניות 120 גרם,"סטארקיסט פודור בע""מ",TR,קוליאס 120גרם,גרמים,120.00,100 גרם,false,,4.90,0.0408,true,1,1336503
7290000311128,false,מן עוגיות בטעם חמאה 300 גרם*נ.ל.פ,תות ממתקי איכות,IL,מן עוגיות בטעם חמאה,גרמים,300.00,100 גרם,false,,6.40,0.0213,true,1,1334698
7290000311180,false,ופל ופליתעשיריות מן 250 גרם מארז 10 יחידות,"רוקחמן בע""מ",IL,מן וופלים שוקולד ציב,גרמים,250.00,100 גרם,false,,6.70,0.0268,true,1,1334703
7290000311203,false,"וופלים בטעם שוקולד ""מן"" 200 גרם",תות ממתקי איכות,IL,מן וופלים שוקולד 200,גרמים,200.00,100 גרם,false,,3.90,0.0195,true,1,1334705
7290000311210,false,"וופלים בטעם לימון ""מן"" 200 גרם","רוקחמן בע""מ",IL,מן וופל לימון 200 גר,גרמים,200.00,100 גרם,false,,3.90,0.0195,true,1,1334706
7290000311227,false,"וופלים במילוי קרם קפה ""מן"" 200 גרם","רוקחמן בע""מ",IL,מן וופלים קפה 200 גר,גרמים,200.00,100 גרם,false,,3.90,0.0195,true,1,1334707
7290000311234,false,מן וופלים וניל 200 גרם,"רוקחמן בע""מ",IL,מן וופלים וניל 200 ג,גרמים,200.00,100 גרם,false,,4.30,0.0215,true,1,1334708
7290000311258,false,מן וופל מצופה שוקולד 250 גרם,"רוקחמן בע""מ",IL,מן וופל מצופה 250 גר,גרמים,250.00,100 גרם,false,,6.50,0.0260,true,1,1334709
7290000311272,false,מן-וופלים במילוי חלווה 180 ג,"רוקחמן בע""מ",IL,מן וופל חלבה 180ג,גרמים,180.00,100 גרם,false,,3.90,0.0217,true,1,1334710
7290000311289,false,מיני וופל מצופה מן טעם שוקולד,מן,,מן וופל מיני מן מצופ,גרמים,200.00,100 גרם,false,,7.70,0.0385,true,1,1334711
7290000311319,false,"מן וופלים מצופים 10 יח' 1 ק""ג",מן עוגיות,IL,וופלים מצופים מן 1 ק,גרמים,1000.00,100 גרם,false,,23.70,0.0237,true,1,1334712
7290000311357,false,מן וופלים בטעם אגוזים 10*28 גר-נ.ל.פ,"רוקחמן בע""מ",IL,מן וופלים בטעם אגוזי,גרמים,280.00,100 גרם,false,,9.90,0.0354,true,1,1334714
7290000311364,false,מן וופלים שוקולד טייק 1 מן 10*21 גרם,מן עוגיות,IL,מן וופלים שוקולד טיי,גרמים,210.00,100 גרם,false,,6.30,0.0300,true,1,1334715
7290000311425,false,ופל מצופה עשיריות מן 220 גרם מארז 10 יחידות,תות ממתקי איכות,IL,מן וופלים מצופים 10*,גרמים,220.00,100 גרם,false,,6.80,0.0309,true,1,1334716
7290000311432,false,עוגיות גרנולה קינמון ללא תוספת סוכר 200ג,"רוקחמן בע""מ",IL,מן עוגיות גרנולה וקי,גרמים,200.00,100 גרם,false,,8.70,0.0435,true,1,3892822
7290000311463,false,מן עוגיות חיטה מלאה חמאה ללא סוכר 200 גרם,"רוקחמן בע""מ",IL,מן עוגיות חיטה מלאה,גרמים,250.00,100 גרם,false,,8.70,0.0348,true,1,3892823
7290000311500,false,מן וופלים בטעם שוקולד 500 ג-נ.ל.פ,"רוקחמן בע""מ",IL,מן וופלים בטעם שוקול,גרמים,500.00,100 גרם,false,,7.90,0.0158,true,1,1334717
7290000311517,false,מן וופלים בטעם לימון 500 גרם,מן עוגיות,IL,מן וופלים בטעם לימון,גרמים,500.00,100 גרם,false,,8.70,0.0174,true,1,1334718
7290000311708,false,מן עוגיות מחיטה מלאה 300 גרם*נ.ל.פ,תות ממתקי איכות,IL,מן עוגיות מחיטה מלאה,גרמים,300.00,100 גרם,false,,6.40,0.0213,true,1,1334721
7290000311715,false,מן עוגיות כוכבים בטעם שוקולד 300 גרם*נ.ל.פ,תות ממתקי איכות,IL,מן עוגיות כוכבים בטע,גרמים,300.00,100 גרם,false,,6.40,0.0213,true,1,1334722
7290000311722,false,מן עוגיות כוכבים וניל 300 גרם,תות ממתקי איכות,IL,מן עוגיות כוכבים 300,גרמים,300.00,100 גרם,false,,6.40,0.0213,true,1,1334723
7290000311746,false,עוגיות מן בטעם קרמל 300 גר',"רוקחמן בע""מ",IL,מן עוגיות קרמל 300 ג,גרמים,300.00,100 גרם,false,,6.40,0.0213,true,1,1334725
7290000311753,false,עוגיות חיטה מלאה בטעם חלווה מן 250 גר',"רוקחמן בע""מ",IL,מן עוגיות חיטה מלאה,גרמים,250.00,100 גרם,false,,6.40,0.0256,true,1,3879361
7290000311869,false,מן-וופלים בטעם שוק ללא תוספת סוכר 180ג,תות ממתקי איכות,IL,מן וופלים שוקולד ללא,גרמים,180.00,100 גרם,false,,7.70,0.0428,true,1,1334727
7290000311876,false,מן-וופלים בטעם וניל ללא תוספת סוכר 180ג,"רוקחמן בע""מ",IL,מן וופלים וניל ללא ת,גרמים,180.00,100 גרם,false,,7.70,0.0428,true,1,1334728
7290000311883,false,מן עוגיות גרנולה ללא תוספת סוכר 200 גר,תות ממתקי איכות,IL,מן עוגיות גרנולה ללא,גרמים,200.00,100 גרם,false,,8.70,0.0435,true,1,1334729
7290000311890,false,ופלים בטעם לימון ללא תוספת סוכר 180 גרם,"רוקחמן בע""מ",IL,מן וופל לימון ללא סו,יח',1.00,יח',false,,7.70,7.7000,true,1,3888896
7290000313160,false,זהבה ושלושת הדובים עוגיות בטעם שוקולד אסם 350 גרם,"הגביע מוצרי וופלים בע""\מ",IL,זהבה ושלושת הדובים ע,גרמים,350.00,100 גרם,false,,7.90,0.0226,true,1,1329411
7290000313184,false,עוגיות חברים גן חיות וניל אסם 250 גר',"הגביע מוצרי וופלים בע""\מ",IL,גן חיות עוגיות בטעם,גרמים,250.00,100 גרם,false,,7.90,0.0316,true,1,1329412
7290000315133,false,קנור ציר בקר משחתי 300ג,יוניליוור ישראל מזון בע\,IL,ציר בקר קנור 300 גרם,גרמים,300.00,100 גרם,false,,24.90,0.0830,true,1,1331142
7290000315140,false,"תלמה קורנפלקס מלא בד""ץ 500 גרם","יוניליוור שפע ישראל בע""\",IL,קורנפלקס קמח מלא בד',גרמים,500.00,100 גרם,false,,15.90,0.0318,true,1,1331143
7290000318127,false,"נקניקיות ביס 380 גרם ""יחיעם""",מעדני יחיעם 1993,IL,נקניקיות ביס יחיעם 3,גרמים,380.00,100 גרם,false,,10.90,0.0287,true,1,1338433
7290000318479,false,נקניק פרושוטו בקר יחיעם 100 גרם,תאי פרזידנט פוד פאבל,IL,נקניק פרושוטו בקר יח,גרמים,100.00,100 גרם,false,,24.90,0.2490,true,1,1338441
7290000318677,false,נקניק סלמי סרוולט יחיעם 150 גרם,מעדני יחיעם 1993,IL,נקניק סלמי סרוולט יח,גרמים,150.00,100 גרם,false,,22.90,0.1527,true,1,1338445
7290000318707,false,נקניק סלמי מעושן יחיעם 500 גרם,מעדני יחיעם 1993,IL,נקניק סלמי מעושן יחי,גרמים,500.00,100 גרם,false,,33.80,0.0676,true,1,1338447
7290000318943,false,פסטרמה של פעם מעושן 1.5% יחיעם 200 גרם,תאי פרזידנט פוד פאבל,IL,פסטרמה של פעם מעושן,גרמים,200.00,100 גרם,false,,21.90,0.1095,true,1,1338453
7290000319063,false,כתף בקר מפולפל יחיעם 150 גרם,מעדני יחיעם,IL,כתף בקר מעושן מפולפל,גרמים,150.00,100 גרם,false,,22.90,0.1527,true,1,3868980
7290000319124,false,סלמי סרוולט מאפ יחיעם 250 גרם,מעדני יחיעם 1993,IL,סלמי סרוולט 250 גרם,גרמים,250.00,100 גרם,false,,33.90,0.1356,true,1,1338457
7290000319131,false,נקניקיות עוף יחיעם 400 גרם,מעדני יחיעם 1993,IL,נקניקיות עוף יחיעם 4,גרמים,400.00,100 גרם,false,,10.90,0.0273,true,1,1338458
7290000319520,false,נקניק סלמי צרפתי יחיעם 100 גרם,מעדני יחיעם 1993,IL,נקניק סלמי צרפתי יחי,גרמים,100.00,100 גרם,false,,18.90,0.1890,true,1,1338468
7290000319803,false,קבנוס קלאסי יחיעם 125 גרם,תאי פרזידנט פוד פאבל,IL,קבנוס קלאסי יחיעם 12,גרמים,125.00,100 גרם,false,,13.90,0.1112,true,1,1338476
7290000319834,false,קבנוס פפרוני קלאסי 125 גרם,תאי פרזידנט פוד פאבל,IL,קבנוס פפרוני קלאסי 1,גרמים,125.00,100 גרם,false,,13.90,0.1112,true,1,1338477
7290000327051,false,שישיית מי סודה בטעם אננס טמפו 0.5 ליטר,"טמפו משקאות בע""\מ",IL,סודה טעם אננס 500מ,ליטרים,3.00,ליטר,false,,13.90,4.6333,true,1,3901351
7290000327075,false,שישיית סודה בטעם למון ליים 500 מל בקבוק,"טמפו משקאות בע""\מ",IL,סודה טעם למון ליים 5,ליטרים,3.00,ליטר,false,,15.90,5.3000,true,1,3901352
7290000334325,false,ציפס למיקרו מארז שלישיה 125 ג' תפוגן,"תעשיות תפוגן בע""\מ",IL,תפוגן צ'יפס למיקרוגל,גרמים,375.00,100 גרם,false,,12.90,0.0344,true,1,1329420
7290000334745,false,"אמריקאן צ'יפס תפוגן 1.5 ק""ג","תעשיות תפוגן בע""מ",IL,תפוגן אמריקן צ'יפס 1,קילוגרמים,1.50,"לק""ג",false,,24.90,16.6000,true,1,1329425
7290000336053,false,"תרכיז טבעי סיידר הגליל 330 מ""ל","טמפו משקאות בע""מ",IL,סיידר תרכיז 330 בקבוק 24,מיליליטרים,330.00,"100 מ""ל",false,,12.00,0.0364,true,1,1326569
7290000339191,false,אבקת הלבנה רן ללא כל,יוניליוור ניקיון,IL,אבקת הלבנה רן 350 גר,גרמים,350.00,100 גרם,false,,17.90,0.0511,true,1,1331163
7290000339566,false,בדין מרכך כביסה ורוד 4 ליטר,יוניליור ישראל טיפוח איש,IL,בדין מרכך כביסה ורוד,ליטרים,4.00,ליטר,false,,19.90,4.9750,true,1,1331164
7290000341071,false,בדין - מרכך כביסה בייבי לבן 2 ליטר,יוניליור ישראל טיפוח איש,IL,בדין מרכך כביסה לבן,ליטרים,2.00,ליטר,false,,15.90,7.9500,true,1,1331169
7290000342832,false,מרכך כביסה צהוב בדין 4 ליטר,יוניליוור פארם,IL,בדין מרכך כביסה 4 לי,ליטרים,4.00,ליטר,false,,19.90,4.9750,true,1,1331170
7290000342856,false,מרכך כביסה כחול בדין 4 ליטר,יוניליור ישראל טיפוח איש,IL,בדין מרכך כביסה כחול,ליטרים,4.00,ליטר,false,,19.90,4.9750,true,1,1331171
7290000345208,false,תה כחול קלאסיק ויסוצקי 25 יחידות,תה ויסוצקי,IL,תה מעודן ויסוצקי 25,גרמים,25.00,100 גרם,false,,6.40,0.2560,true,1,1336142
7290000345215,false,תה כחול קלאסיק ויסוצקי 100 יחידות,מולינו ניקולי s.p.a,IL,תה מעודן ויסוצקי 100,גרמים,100.00,100 גרם,false,,15.90,0.1590,true,1,1336143
7290000345260,false,תה קלאסיק מעטפות ויסוצקי 25 יחידות,מולינו ניקולי s.p.a,IL,תה קלאסיק מעטפות ויס,גרמים,37.50,100 גרם,false,,6.90,0.1840,true,1,1336144
7290000345277,false,תה ויסוצקי קלאסי אריזה ירוקה מרובעת (50שקיקים),מולינו ניקולי s.p.a,IL,תה קלאסיק מעטפות ויס,גרמים,75.00,100 גרם,false,,12.90,0.1720,true,1,1336145
7290000345291,false,תה ארל גריי ויסוצקי 25 יחידות,תה ויסוצקי,IL,תה ארל גריי ויסוצקי,גרמים,37.50,100 גרם,false,,14.90,0.3973,true,1,1336147
7290000345307,false,תה ארל גריי ויסוצקי 50 יחידות,מולינו ניקולי s.p.a,IL,תה ארל גריי ויסוצקי,גרמים,75.00,100 גרם,false,,24.90,0.3320,true,1,1336148
7290000345536,false,תה נענע ויסוצקי 25 יחידות,מולינו ניקולי s.p.a,IL,תה נענע ויסוצקי 25 י,גרמים,37.50,100 גרם,false,,16.50,0.4400,true,1,1336150
7290000346120,false,חליטת קינמון הגן הקסום ויסוצקי 25 יחידות,תה ויסוצקי,IL,הגן הקסום תה קינמון,גרמים,62.50,100 גרם,false,,16.90,0.2704,true,1,1336156
7290000346199,false,חליטת פירות יער הגן הקסום ויסוצקי 25 יחידות,תה ויסוצקי,IL,הגן הקסום פירות היער,גרמים,67.50,100 גרם,false,,16.90,0.2504,true,1,1336161
7290000346205,false,חליטת קמומיל הגן הקסום ויסוצקי 25 יחידות,תה ויסוצקי,IL,הגן הקסום תה קמומיל,100 יח,25.00,100 יח,false,,16.90,0.6760,true,1,1336162
7290000346960,false,תה ויסוצקי נענע 1.7 גרם 50יח',בית ויסוצקי,IL,תה נענע ויסוצקי 50 י,גרמים,75.00,100 גרם,false,,29.90,0.3987,true,1,1336167
7290000347738,false,תה ירוק נענע ויסוצקי 25 יחידות,תה ויסוצקי,IL,תה ירוק נענע ויסוצקי,גרמים,37.50,100 גרם,false,,22.90,0.6107,true,1,1336172
7290000347752,false,תה ירוק לימונית ולואיזה 25 שקיקים *1.5 ג'' ויסוצקי,תה ויסוצקי,IL,תה ירוק לימונית ולוא,גרמים,37.50,100 גרם,false,,22.90,0.6107,true,1,1336173
7290000355498,false,רוטב עגבניות A2 BX28 טומטו 580ג',"מילוז(1989)בע""""מ",IL,רסק עגבניות 28% טומט,גרמים,580.00,100 גרם,false,,5.50,0.0095,true,1,3885025
7290000363202,false,סלמי גליל מעושן נקניק מעושן חצי יבש 600 גרם,הנסיך- מפעל לייצור ט,IL,סלמי גליל 600 גרם,גרמים,600.00,100 גרם,false,,26.90,0.0448,true,1,1324931
7290000364261,false,"דקניקים, סלסולי פסטרמה כתף בקר מעושנת 120 גרם",הנסיך- מפעל לייצור ט,IL,נקניק סלסולי כתף בקר,גרמים,120.00,100 גרם,false,,13.90,0.1158,true,1,1324938
7290000364278,false,דקניקים סלסולי סלמי איטלקי משובח טירת צבי 120 גרם,הנסיך- מפעל לייצור ט,IL,נקניק סלסולי סלמי אי,גרמים,120.00,100 גרם,false,,13.90,0.1158,true,1,1324939
7290000364292,false,דקניקים סלסולי פסטרמה הודו על גחלים 1% טירת צבי 120 גרם,הנסיך- מפעל לייצור ט,IL,דקניקים סלסולי פסטרמ,גרמים,120.00,100 גרם,false,,13.90,0.1158,true,1,1324941
7290000364803,false,נקניקיות בקר אמריקאיות טירת צבי 500 גרם,הנסיך- מפעל לייצור ט,IL,נקניקיות בקר אמריקאי,גרמים,500.00,100 גרם,false,,27.90,0.0558,true,1,1324943
7290000364858,false,"נקניקיות עוף טרי טירת צבי 1 ק""ג",הנסיך- מפעל לייצור ט,IL,נקניקיות עוף טרי טיר,גרמים,1000.00,100 גרם,false,,22.90,0.0229,true,1,1324945
7290000364872,false,נקניקיות עוף טירת צבי 400 גרם,טיב טירת צבי 2000,IL,נקניקיות עוף טירת צב,גרמים,400.00,100 גרם,false,,10.90,0.0273,true,1,1324946
7290000367590,false,פסטרמה כפרית וסלמי פריזר כפרי טירת צבי 2*400 גרם,טיב טירת צבי 2000,IL,פסטרמה כפרית וסלמי פ,גרמים,800.00,100 גרם,false,,24.90,0.0311,true,1,1324958
7290000377209,false,בוטן מטוגן קליית גת 200 גרם,"ג'י אנד ג'י בע""מ",IL,בוטנים מטוגנים קלית,גרמים,200.00,100 גרם,false,,6.90,0.0345,true,1,1337086
7290000377445,false,נש צ'אנס קליית גת 200 גרם,"ג'י אנד ג'י בע""מ",IL,חטיפי נש צ'אנס קלויי,גרמים,200.00,100 גרם,false,,7.70,0.0385,true,1,1337087
7290000379104,false,לחם אחיד פרוס אנג'ל 750 גרם,מאפיית אנג'\ל אורנים מאפ,IL,לחם אחיד פרוס אנג'ל,גרמים,750.00,100 גרם,false,,6.90,0.0092,true,1,1326797
7290000379142,false,לחם עינן מחיטה מלאה פרוס 750 גרם(מרובע),מאפיית שלמה א. אנג'\ל בע,IL,לחם עינן מחיטה מלאה,גרמים,750.00,100 גרם,false,,13.90,0.0185,true,1,1326800
7290000379203,false,לחם עינן קל פרוס מחיטה מלאה אנג'ל 500 גרם,מאפיית שלמה א. אנג'\ל בע,IL,לחם עינן קל פרוס מחי,גרמים,500.00,100 גרם,false,,13.90,0.0278,true,1,1326801
7290000379357,false,חלה קלה פרוסה אנגל 5,מאפיית שלמה א. אנג'\ל בע,IL,חלה קלה אנג'ל 500 גר,גרמים,500.00,100 גרם,false,,13.80,0.0276,true,1,1326804
7290000379647,false,"חלה חשופה תבנית ""אנג'ל""- מוצר בפיקוח",מאפיית אנג'ל,IL,חלה רגילה מרובעת אנג,גרמים,500.00,100 גרם,false,,3.90,0.0078,true,1,1326783
7290000379654,false,"חלה חשופה קלועה ""אנג'ל"" -מוצר בפיקוח",מאפיית אנג'ל,IL,חלה קלועה אנג'ל 500,גרמים,500.00,100 גרם,false,,3.90,0.0078,true,1,1326784
7290000408316,false,יוגורט דנונה דל לקטוז 200 גרם,מיוצר עי קונדיטוריית,IL,יוגורט דנונה ביו לבן,מיליליטרים,200.00,"100 מ""ל",false,,3.40,0.0170,true,1,1341722
7290000408354,false,יוגורט עם אורז מצופה שוקולד קקאו 175 ג' דנונה,"שטראוס בריאות בע""\מ",IL,יוגורט דנונה ביו עם,מיליליטרים,175.00,"100 מ""ל",false,,4.30,0.0246,true,1,1341723
7290000412481,false,נוזל לניקוי אסלות 00 סנו 1 ליטר,מיוצר עי קונדיטוריית,IL,נוזל לניקוי אסלות 00,ליטרים,1.00,ליטר,false,,7.50,7.5000,true,1,1331992
7290000416021,false,ממרח בטעם שוקולד השחר חלבי 500,השחר העולה,IL,ממרח בטעם שוקולד השח,גרמים,500.00,100 גרם,false,,13.80,0.0276,true,1,1335577
7290000416045,false,"ממרח בטעם שוקולד השחר 1 ק""ג",השחר העולה תעשייות מ,IL,ממרח בטעם שוקולד השח,יח',1.00,יח',false,,23.90,23.9000,true,1,1335579
7290000416076,false,"צימקאו לאפייה וציפוי השחר 400 גרם כשל""פ",השחר העולה תעשייות מ,IL,השחר צימקאו 400 גר'-,גרמים,400.00,100 גרם,false,,10.90,0.0273,true,1,1335580
7290000416618,false,"ממרח שוקולד פרווה השחר 400 גרם כשל""פ",השחר העולה תעשייות מ,IL,השחר ממרח שוקולד פרו,גרמים,400.00,100 גרם,false,,11.40,0.0285,true,1,1335592
7290000416632,false,"ממרח שוקולד פרווה השחר 1 ק""ג כשל""פ",השחר העולה תעשית ממת,IL,ממרח בטעם שוקולד פרו,100 לקג,1.00,100 לקג,false,,23.90,23.9000,true,1,1335593
7290000416809,false,ממרח חצי חצי נוגט אגוזים וקרם חלב השחר 350ג',השחר העולה תעשייות מ,IL,השחר ממרח חצי חצי 35,גרמים,350.00,גרם,false,,10.90,0.0311,true,1,3892873
7290000416922,false,השחר ממרח חלב 350 גרם,השחר העולה תעשייות מ,IL,השחר ממרח חלב 350 גר,יח',1.00,יח',false,,10.90,10.9000,true,1,3892875
7290000419107,false,לנדוור קפה מקורי לבוקר טחון טורקי 100 גרם,קפה לנדוור בע''מ,IL,קפה טורקי קלוי וטחון,גרמים,100.00,100 גרם,false,,7.90,0.0790,true,1,1329429
7290000419114,false,קפה טחון טורקי לנדור200ג,"קפה לנדוור בע""\מ",IL,קפה שחור לנדוור 200,גרמים,200.00,100 גרם,false,,13.90,0.0695,true,1,1329430
7290000419220,false,מארז קפה לנדוור לבוקר 3 יח 100 גרם,קפה לנדוור,IL,קפה כחול לנדוור שליש,גרמים,300.00,100 גרם,false,,18.90,0.0630,true,1,1329431
7290000419374,false,שלישיית קפה טחון טורקי לנדוור 100 גרם,קפה לנדוור,IL,מארז לנדוור קפה טחון,גרמים,300.00,100 גרם,false,,18.90,0.0630,true,1,1329432
7290000419909,false,לנדוור קפה שחור לבוקר טחון טורקי 100 גרם,מולינו ניקולי s.p.a,IL,קפה שחור חזק לנדוור,גרמים,100.00,100 גרם,false,,7.90,0.0790,true,1,1329434
7290000420417,false,גלילונית שקיות אשפה 52X65 עם שרוך 60 יחידות,"איטיליאן פוד, אס.פי.",IL,גלילונית 52X65עם שרוך - 6,יח',60.00,יח',false,,17.90,0.2983,true,1,1351572
7290000430102,false,קוביות קרח בשקית מיסטר אייס 2 קילו,"אייס (קיובס) בע""מ -",IL,שקית קרח 2קג,קילוגרמים,2.00,"ק""ג",false,,8.40,4.2000,true,1,1342462
7290000435015,false,סוכריות לקישוט צבעונ,,,סוכריות לקישוט צבעונ,יח',1.00,יח',false,,4.80,4.8000,true,1,3886298
7290000436470,false,פריכיות אורז שוקולד 80ג רמילוי,,,פריכיות אורז שוקולד,יח',1.00,יח',false,,5.90,5.9000,true,1,3872911
7290000442013,false,"פמינה - שטיפה אינטימית לנערות 220 מ""ל",פמינה,IL,פמינה שטיפה אינטימית,מיליליטרים,220.00,"100 מ""ל",false,,23.90,0.1086,true,1,1344007
7290000442044,false,פמינה תחליב רחצה אינטימי חמוציות 220 מל,פמינה,IL,פמינה שטיפה אינטימית,מיליליטרים,220.00,"100 מ""ל",false,,23.90,0.1086,true,1,1344008
7290000442310,false,טפטפים בייביסקין משחה לטוסיק מבושם 100,"רצט שקיים בע""מ",IL,בייביסקין משחה לתינו,גרמים,100.00,100 גרם,false,,10.90,0.1090,true,1,1344011
7290000442594,false,"גינקו סאי - קרם ידיים 100 מ""ל",כצט,IL,"גינקו קרם ידיים 100 מ""ל",גרמים,100.00,100 גרם,false,,4.90,0.0490,true,1,1344013
7290000449128,false,סיף פנטסטיק לימון ניקוי רב תכליתי 4ל',יוניליוור ישראל טיפוח אי,IL,פנטסטיק נוזל לניקוי,ליטרים,4.00,ליטר,false,,17.90,4.4750,true,1,1331173
7290000450209,false,פוסידון טונה בהירה בשמן 77 גרם,"מיוצר עי וליגר בעמ,",IL,פוסידון טונה בהירה ב,גרמים,77.00,100 גרם,false,,5.00,0.0649,true,1,1333594
7290000450308,false,פוסידון טונה בהירה במי מלח 77 גרם,ויליגר בעמ עבור נטו,IL,פוסידון טונה בהירה ב,גרמים,77.00,100 גרם,false,,5.00,0.0649,true,1,1333595
7290000453019,false,שמרים טריים לאפייה שקית שמרית 50 ג',"פאקא תעשיות בע""\מ",IL,שמרים טריים שמרית 50,גרמים,50.00,100 גרם,false,,3.90,0.0780,true,1,1341724
7290000453125,false,שמרית שמרים טריים לאפייה +משפר אפייה 100ג,"פאקא תעשיות בע""\מ",IL,שמרית + משפר אפייה 1,גרמים,100.00,100 גרם,false,,6.90,0.0690,true,1,1341725
7290000453385,false,שמרים יבשים פארא אינסטנט 500 גרם עלית,פאקא תעשיות בעמ,GB,פאקא שמרים יבשים 500,גרמים,500.00,100 גרם,false,,11.90,0.0238,true,1,1327673
7290000453408,false,בצק פיצה דק מצונן ומוכן לאפייה שמרית 415 גרם,"פאקא תעשיות בע""מ",FR,בצק פיצה דק מצונן ו,גרמים,415.00,100 גרם,false,,16.90,0.0407,true,1,3879755
7290000453415,false,בצק עלים מצונן ומוכן לאפייה שמרית 300 גרם,"פאקא תעשיות בע""מ",FR,בצק עלים מצונן ומוכן,גרמים,300.00,100 גרם,false,,14.90,0.0497,true,1,3879756
7290000453422,false,בצק פילו מצונן ומוכן לאפייה שמרית 300 גרם,"פאקא תעשיות בע""מ",GR,בצק פילו מוכן לאפייה,גרמים,300.00,100 גרם,false,,14.90,0.0497,true,1,3883683
7290000453781,false,שמרים יבשים שמרית 125 גרם,"פאקא תעשיות בע""מ",PT,שמרים יבשים 125גר שמ,גרמים,125.00,100 גרם,false,,5.90,0.0472,true,1,3867305
7290000453798,false,שמרית שמרים יבשים אקטיביים 500 גר',"גי' בי' רכיבים בע""מ",IL,שמרים אקטיביים 500 ג,גרמים,500.00,100 גרם,false,,12.90,0.0258,true,1,1464726
7290000453866,false,נטורינה תחליף מרגרינה לבישול ואפיה קוקוס שמרית 200 גרם,גרונבאנג- גרונדנסק א,DK,נטורינה קוקוס שמרית,גרמים,200.00,100 גרם,false,,6.50,0.0325,true,1,3731257
7290000461625,false,בייגלה שמיניות מלח בייגל בייגל 400 ג',בייגל את בייגל מזון 198),IL,בייגלה שמיניות מלוחו,גרמים,400.00,100 גרם,false,,8.90,0.0223,true,1,1331174
7290000461656,false,בייגלה מקלות מלוחים בייגל בייגל 400 גרם,בייגל את בייגל מזון 198),IL,בייגלה מקלות 400 גרם,גרמים,400.00,100 גרם,false,,8.90,0.0223,true,1,1331175
7290000461700,false,בייגלה שמיניות גדולות מלוחות 400 גרם,בייגל את בייגל מזון 198),IL,בייגלה שמיניות גדולו,גרמים,400.00,100 גרם,false,,11.90,0.0298,true,1,1331176
7290000461724,false,בייגלה שמיניות גדולות שומשום בייגל בייגל,יוניליוור מזון,IL,בייגלה שמיניות גדולו,גרמים,400.00,100 גרם,false,,11.90,0.0298,true,1,1331177
7290000462141,false,סחוג אדום תימני מקורי חריף מאוד זהבי 150 גרם,קריניסה ויטמין אס אי,IL,סחוג אדום תימני מקור,גרמים,150.00,100 גרם,false,,6.90,0.0460,true,1,1341728
7290000462172,false,סחוג תימני ירוק חריף זהבי הכרם 150 גרם,קריניסה ויטמין אס אי,IL,סחוג ירוק תימני חריף,גרמים,150.00,100 גרם,false,,6.90,0.0460,true,1,1341729
7290000467153,false,מלך החומוס סמיר הגדול 400 גרם צבר,סלטי צבר,IL,מלך החומוס סמיר הגדו,גרמים,400.00,100 גרם,false,,13.90,0.0348,true,1,1329461
7290000467320,false,מלך החומוס אבו מרוואן 400 גרם,סלטי צבר,IL,מלך החומוס אבו מרווא,גרמים,400.00,100 גרם,false,,13.90,0.0348,true,1,1329466
7290000474090,false,"חלב בקרטון 1%- 1 ליטר בד""צ - מוצר בפיקוח",מילקו תעשיות בעמ,IL,חלב 1% טרה 1 ליטר,ליטרים,1.00,ליטר,false,,5.50,5.5000,true,1,1322917
7290000474373,false,"שמנת חמוצה 15% שומן 200 מ""ל טרה",קריות זול,IL,שמנת חמוצה 15% טרה 2,מיליליטרים,200.00,"100 מ""ל",false,,2.20,0.0110,true,1,1322922
7290000474502,false,גבינה לבנה טרה 5% מרכיבים טבעיים,הפריט בפיקוח,IL,גבינה לבנה 5% טרה 25,גרמים,250.00,100 גרם,false,,4.70,0.0188,true,1,1322925
7290000474540,false,טוב טעם גבינה לבנה 3% טרה 250 גרם,קריות זול,IL,טוב טעם גבינה לבנה 3,גרמים,250.00,100 גרם,false,,10.20,0.0408,true,1,1322926
7290000474830,false,נעם גבינה צהובה מגורדת 28% טרה 500 גרם,מילקו תעשיות בעמ,IL,נעם גבינה צהובה מגור,גרמים,500.00,100 גרם,false,,29.90,0.0598,true,1,1322928
7290000480107,false,קוואקר שיבולת שועל פחית 500 גרם,וולקרס סנקס לימיטד,GB,קוואקר שיבולת שועל פ,גרמים,500.00,100 גרם,false,,11.90,0.0238,true,1,1335267
7290000480305,false,ממתיק מלאכותי הרמזית,HERMES,CH,הרמזית 400 טב',יח',400.00,יח',false,,17.90,0.0447,true,1,1336512
7290000480442,false,קוואקר שיבולת שועל בשקית 500 גרם,פריטו ליי FRITO-LAY,IL,קוואקר שיבולת שועל ש,גרמים,500.00,100 גרם,false,,11.90,0.0238,true,1,1335268
7290000484747,false,עראק עלית 700 מל 40% כהל,יקב הגליל יוסף גולד ובניו,IL,ארק עלית 700 מל,מיליליטרים,700.00,"100 מ""ל",false,,49.90,0.0713,true,1,3896653
7290000490601,false,גלידל וניל פלדמן מארז שמינייה,הגלידות של פלדמן,IL,"גלידל וניל לל""ס 8יח",גרמים,400.00,100 גרם,false,,26.90,0.0672,true,1,3873791
7290000490625,false,שלגונים ציפוי שוקו מאגדת שמינייה 560 ג',הגלידות של פלדמן,IL,מאגדת שלגונים ציפוי,גרמים,560.00,100 גרם,false,,19.80,0.0354,true,1,3873792
7290000490717,false,מאגדת גלית- שלגון חלבי בטעם וניל עם ציפו,הגלידות של פלדמן,IL,גלית שרבט בטעם תות 8,גרמים,560.00,100 גרם,false,,21.90,0.0391,true,1,3873793
7290000490762,false,גלידל שוקו פלדמן מארז שמינייה,הגלידות של פלדמן,IL,"גלידל שוקו לל""ס 8יח",גרמים,400.00,100 גרם,false,,26.90,0.0672,true,1,3873794
7290000493176,false,אסם אבקת רוטב צלי לבשר 22 ג',"אסם השקעות בע""\מ",IL,רוטב צלי לבשר אסם 22,גרמים,22.00,100 גרם,false,,3.60,0.1636,true,1,1329469
7290000493183,false,אבקת רוטב פטריות לבשר-30 גרם,"אסם השקעות בע""\מ",IL,אבקת רוטב פטריות אסם,גרמים,30.00,100 גרם,false,,3.50,0.1167,true,1,1329470
7290000497044,false,"לחם אקטיב 750 גרם ""ברמן""",מאפית י את א ברמן בע,IL,ברמן לחם אקטיב 500גר,גרמים,750.00,100 גרם,false,,14.90,0.0199,true,1,3869499
7290000497112,false,"לחם כהה פרוס וארוז ""ברמן""-מוצר בפיקוח",מאפית י את א ברמן בע,IL,לחם אחיד פרוס ברמן,גרמים,750.00,100 גרם,false,,6.50,0.0087,true,1,3863240
7290000497273,false,לחמניות ברמן אקטיב 6יח 450גר,מאפית י את א ברמן בע,IL,לחמניות ברמן אקטיב 6,גרמים,450.00,100 גרם,false,,11.90,0.0264,true,1,3869502
7290000497303,false,"שישיית לחמניות מקמח מלא ""ברמן""",מאפית י את א ברמן בע,IL,לחמניות מקמח מלא 6 י,גרמים,540.00,100 גרם,false,,10.90,0.0202,true,1,3869503
7290000497426,false,לחם ברמן לענין פלוס 500 גרם,מאפית י את א ברמן בע,IL,לחם ברמן לענין פלוס,גרמים,500.00,100 גרם,false,,12.90,0.0258,true,1,3869505
7290000497532,false,"לחם מקמח מלא""לעניין"" 750 גר'",מאפית י את א ברמן בע,IL,לחם ברמן לענין 750 ג,גרמים,750.00,100 גרם,false,,12.90,0.0172,true,1,3869508
7290000498003,false,לחם מקמח חיטה מלא 750 גר,מאפית י את א ברמן בע,IL,לחם מקמח מלא 750 גר,גרמים,750.00,100 גרם,false,,14.70,0.0196,true,1,3869509
7290000498010,false,לחם אי פרי קמח שיפון,מאפית י.את א. ברמן ב,IL,לחם שיפון 750 גר,גרמים,750.00,100 גרם,false,,14.70,0.0196,true,1,3863242
7290000498034,false,לחם אי פרי קמח כוסמין מלא 750 גר',מאפית י את א ברמן בע,IL,לחם כוסמין מלא 750 ג,גרמים,750.00,100 גרם,false,,14.70,0.0196,true,1,3879834
7290000498041,false,לחם אקטיב כוסמין 750 גרם,מאפית י.את א. ברמן ב,IL,אקטיב כוסמין 750 גר,גרמים,750.00,100 גרם,false,,15.90,0.0212,true,1,3901749
7290000498256,false,עשיריית לחמניות ברמן,מאפית י.את א. ברמן ב,IL,לחמניות 10יח בשקית,גרמים,750.00,100 גרם,false,,9.90,0.0132,true,1,3869511
7290000498393,false,חלה מרובעת ברמן 500,מאפיות ברמן,,חלה מרובעת ברמן,גרמים,500.00,100 גרם,false,,3.90,0.0078,true,1,3862986
7290000504049,false,סוכרזית קלאסי קנקן 1200 טבליות,אף.סי תבליני בגליל ב,IL,ממתיק סוכרזית 1200 ט,יח',1200.00,יח',false,,17.90,0.0149,true,1,1327676
7290000504209,false,"סוכרזית דיאט טיפ נוזלי 220 מ""ל",אף.סי תבליני בגליל ב,IL,ממתיק טיפות סוכרזית,מיליליטרים,220.00,"100 מ""ל",false,,14.80,0.0673,true,1,1327677
7290000504261,false,סוויט דיאט כמו סוכר ממתיק אבקתי 65ג',סוכרזית Sucrazit,IL,ממתיק אבקתי כמו סוכר,גרמים,65.00,100 גרם,false,,24.90,0.3831,true,1,1327678
7290000504278,false,ממתיק סוכרזית אריזת פטנט 700 טבליות,אף.סי תבליני בגליל ב,IL,ממתיק סוכרזית 700 טב,גרמים,574.00,100 גרם,false,,13.90,0.0242,true,1,1327679
7290000518121,false,ממתיק מתוק וקל 50 יחידות,קריות זול,IL,ממתיק מתוק וקל 50 יח,גרמים,50.00,100 גרם,false,,4.90,0.0980,true,1,1351311
7290000518152,false,ממתיק זהב מתוק וקל 50 שקיות,קריות זול,IL,ממתיק זהב מתוק וקל 5,גרמים,25.00,100 גרם,false,,4.90,0.1960,true,1,1351312
7290000518169,false,ממתיק מתוק וקל 1000 טבליות,קריות זול,IL,ממתיק מתוק וקל 1000,יח',1.00,יח',false,,6.60,6.6000,true,1,1351313
7290000518176,false,ממתיק מתוק וקל 250 שקיות,מתוק וקל בעמ,IL,ממתיק מתוק וקל 250 ש,גרמים,250.00,100 גרם,false,,16.90,0.0676,true,1,1351314
7290000518190,false,מתוק וקל סטיביה 100 יחידות,מתוק וקל,IL,מתוק וקל סטיביה 100,יח',1.00,יח',false,,24.70,24.7000,true,1,3101575
7290000518220,false,ממתיק סוכרה דיאט 100 יחידות,פתח תקווה,IL,ממתיק סוכרה דיאט 100,יח',1.00,יח',false,,23.90,23.9000,true,1,3101576
7290000518251,false,ממתיק זהב מתוק וקל 100 יחידות,קריות זול,IL,ממתיק זהב מתוק וקל 1,גרמים,100.00,100 גרם,false,,10.90,0.1090,true,1,1351315
7290000521008,false,יין אדום יבש של סגל750מל,"כרמי צבי - אחים סגל בע""\",IL,"סגל אדום יבש 750 מ""ל 2013",מיליליטרים,750.00,"100 מ""ל",false,,19.90,0.0265,true,1,1326579
7290000521015,false,"יין לבן יבש של סגל750מ""ל","מיוצר ע""י כרמי צבי-",IL,"סגל לבן יבש 750 מ""ל",מיליליטרים,750.00,"100 מ""ל",false,,19.80,0.0264,true,1,1326580
7290000521022,false,"של סגל, יין לבן חצי יבש 750 מ""ל","מיוצר ע""י כרמי צבי-",IL,"סגל לבן חצי יבש 750 מ""ל",מיליליטרים,750.00,"100 מ""ל",false,,19.90,0.0265,true,1,1326581
7290000521404,false,"יין מרום גליל קברנה סוביניון סינגל 750 מ""ל",כרמי צבי אחים סגל בע,IL,מרום גליל קברנה סוביניון,מיליליטרים,750.00,"100 מ""ל",false,,29.90,0.0399,true,1,1326587
7290000521411,false,יין מרום גליל סינגל מרלו 750 מל,כרמי צבי אחים סגל בע,IL,מרום גליל מרלו סינגל 750,מיליליטרים,750.00,"100 מ""ל",false,,29.90,0.0399,true,1,1326588
7290000522166,false,חלב הרים טהור-עמיד- נטול לקטוז 1 לי 3%,"מחלבות רמת הגולן בע""",IL,חלב הרים טהור 1 ל' נ,ליטרים,1.00,ליטר,false,,10.50,10.5000,true,1,1322933
7290000523125,false,מלח הארץ הים האדום 250 ג' עדין,"חברת מלח הארץ אילת בע""\מ",IL,מלח ים יבש מלח הארץ,גרמים,250.00,100 גרם,false,,5.40,0.0216,true,1,1336175
7290000523224,false,מלח הארץ הים האדום 500 ג' עדין,"חברת מלח הארץ אילת בע""\מ",IL,מלח ים יבש מלח הארץ,גרמים,500.00,100 גרם,false,,7.90,0.0158,true,1,1336176
7290000523514,false,מלח ים יבש מלח הארץ 250 גרם מופחת נתרן,"חברת מלח הארץ אילת בע""\מ",IL,מלח ים יבש מופחת נתר,גרמים,250.00,100 גרם,false,,9.90,0.0396,true,1,1336177
7290000523521,false,מלח ים מלח הארץ 250 גרם מועשר ביוד,חברת מלח הארץ אילת ב,IL,מלח ים מועשר ביוד מל,גרמים,250.00,100 גרם,false,,5.90,0.0236,true,1,1336178
7290000523804,false,"מלח עדין צנצנת 1 ק""ג מלח הארץ","חברת מלח הארץ אילת בע""\מ",IL,מלח עדין מלח הארץ 1,גרמים,1000.00,100 גרם,false,,6.90,0.0069,true,1,1336179
7290000523811,false,"צנצנת מלח גס 1 ק""ג מלח הארץ","חברת מלח הארץ אילת בע""\מ",IL,"מלח גס מלח הארץ 1 ק""",גרמים,1000.00,100 גרם,false,,6.90,0.0069,true,1,1336180
7290000525969,false,מיץ תפוזים סחוט רכיבים טבעיים פרימור 1 ליטר,"גניר (1992) בע""מ",IL,מיץ תפוזים סחוט רכיב,ליטרים,1.00,ליטר,false,,14.90,14.9000,true,1,1341730
7290000530086,false,נקניק סלמי מעושן זוגלובק 600 גרם,נקניק נהריה כשר זוגל,IL,נקניק סלמי מעושן זוג,גרמים,600.00,100 גרם,false,,24.90,0.0415,true,1,1357530
7290000530109,false,קבנוס זוגי בואקום זוגלובק 180ג',נקניק נהריה כשר זוגל,IL,קבנוס זוגלובק 2*180,גרמים,360.00,100 גרם,false,,24.90,0.0692,true,1,1357531
7290000530116,false,נקניק סלמי מעושן בשן 470 ג' זוגלובק,נקניק נהריה כשר זוגל,IL,נקניק סלמי בשן זוגלו,גרמים,470.00,100 גרם,false,,24.90,0.0530,true,1,1357532
7290000530291,false,נקניק מבשר הודו קטן זוגלובק 750 גרם,נקניק נהריה כשר זוגל,IL,נקניק מבשר הודו קטן,גרמים,750.00,100 גרם,false,,18.90,0.0252,true,1,1357534
7290000530413,false,המבורגר זהב זוגלובק 400 גרם,נקניק נהריה כשר זוגל,IL,המבורגר זהב זוגלובק,גרמים,400.00,100 גרם,false,,19.90,0.0497,true,1,1357535
7290000530468,false,"נקניקיות וינר זוגלובק 1 ק""ג",זוגלובק,IL,נקניקיות וינר זוגלוב,גרמים,1000.00,100 גרם,false,,23.90,0.0239,true,1,1357536
7290000530598,false,נקניקיות עוף וינר זוגלובק 500 גרם,נקניק נהריה כשר זוגל,IL,נקניקיות עוף וינר זו,גרמים,500.00,100 גרם,false,,11.90,0.0238,true,1,1357537
7290000530703,false,פסטרמה חרמון כפרית ונקניק תה מעושן זוגלובק 2*400 גרם,נקניק נהריה כשר זוגל,IL,פסטרמה חרמון כפרית ו,גרמים,800.00,100 גרם,false,,25.90,0.0324,true,1,1357539
7290000531601,false,סטייקבורגר זהב זוגלובק 400 גרם,נקניק נהריה כשר זוגל,IL,סטייקבורגר זהב זוגלו,גרמים,400.00,100 גרם,false,,19.90,0.0497,true,1,1357544
7290000531977,false,בורקס גבינה זוגלובק 800 גרם,נקניק נהריה כשר זוגל,IL,בורקס גבינה זוגלובק,גרמים,800.00,100 גרם,false,,13.90,0.0174,true,1,1357545
7290000533353,false,"בצק עלים צרפתי 1 ק""ג זוגלובק",מאפיית אריאל וגידרון,IL,בצק עלים מרודד זוגלו,גרמים,1000.00,100 גרם,false,,13.90,0.0139,true,1,1357551
7290000536316,false,"שניצל מן הצומח זוגלובק 1 ק""ג",נקניק נהריה כשר זוגל,IL,שניצל מן הצומח זוגלו,גרמים,1000.00,100 גרם,false,,23.90,0.0239,true,1,1357556
7290000536743,false,שניצלונים קריספי ט. תירס 500 גר' זוגלובק,נקניק נהריה כשר זוגל,IL,אצבעות שניצל טבע 500,גרמים,500.00,100 גרם,false,,11.90,0.0238,true,1,1357557
7290000536774,false,"נקניקיות מן הצומח זוגלובק 1ק""ג בד""צ",זוגלובק טבע,IL,נקניקיות מן הצומח זו,גרמים,1000.00,100 גרם,false,,23.90,0.0239,true,1,1357559
7290000537566,false,נקניקיות עוף טרי 400 ג' זוגלובק,נקניק נהריה כשר זוגל,IL,נקניקיות עוף זוגלובק,גרמים,400.00,100 גרם,false,,9.90,0.0248,true,1,1357564
7290000537603,false,"נקניקיות עוף זוגלובק 1 ק""ג",זוגלובק,IL,נקניקיות עוף זוגלובק,גרמים,1000.00,100 גרם,false,,23.90,0.0239,true,1,1357565
7290000538105,false,נקניק סלמי סרוולד 200 ג' זוגלובק,נקניק נהריה כשר זוגל,,נקניק סרבלד זוגלובק,גרמים,200.00,100 גרם,false,,38.90,0.1945,true,1,1357567
7290000538709,false,נקניק סלמי תה מעושן זוגלובק 200 גרם,זוגלובק,IL,נקניק סלמי תה מעושן,גרמים,200.00,100 גרם,false,,14.90,0.0745,true,1,1357569
7290000552118,false,נקניקיות מרגז טיבון ויל 400 גרם,טיבון ויל אחזקות בעמ,IL,נקניקיות מרגז טיבון,גרמים,400.00,100 גרם,false,,20.50,0.0513,true,1,1333596
7290000552194,false,קישקע טיבון ויל 500 גרם,טיבון ויל אחזקות בעמ,IL,קישקע טיבון ויל 500,גרמים,500.00,100 גרם,false,,12.90,0.0258,true,1,1333598
7290000552569,false,סטייקבורגר בקר טיבון ויל 400 גרם,"טיבון ויל אחזקות בע""\מ",IL,סטייקבורגר בקר טיבון,גרמים,400.00,100 גרם,false,,17.90,0.0447,true,1,1333599
7290000552927,false,עוף טחון טיבון ויל 500 גרם,"טיבון ויל אחזקות בע""\מ",IL,עוף טחון טיבון ויל 5,גרמים,500.00,100 גרם,false,,12.90,0.0258,true,1,1333601
7290000552934,false,בשר הודו טחון טיבון ויל 500 גרם,"טיבון ויל אחזקות בע""\מ",IL,בשר הודו טחון טיבון,גרמים,500.00,100 גרם,false,,12.90,0.0258,true,1,1333602
7290000552989,false,בשר טחון מובחר טיבון 500 ג',"טיבון ויל אחזקות בע""\מ",IL,בשר טחון טיבון ויל 5,גרמים,500.00,100 גרם,false,,26.90,0.0538,true,1,1333603
7290000554402,false,מעדן חלב מלבי 5% גד 170 גרם,"מיוצר ע""\י קוד יצרן EDNK",IL,מעדן חלב מלבי גד 160,מיליליטרים,160.00,"100 מ""ל",false,,5.50,0.0344,true,1,1330458
7290000554471,false,נקניק מוצרלה 22 אחוז 180גרם גד מהדרין,"מחלבות גד בע""\מ",IL,גבינת מוצרלה 22% גד,גרמים,180.00,100 גרם,false,,15.90,0.0883,true,1,1330460
7290000554532,false,גבינה צפתית מעודנת במלח ים 5% 200 ג' גד,הנסיך- מפעל לייצור ט,IL,גבינה צפתית מעודנת 5,גרמים,200.00,100 גרם,false,,13.90,0.0695,true,1,1330461
7290000554600,false,מוצרלה מגורדת 22 אחוז 300גרם גד מהדרין,מחלבות גד בעמ,IL,גבינת מוצרלה מגורדת,גרמים,300.00,100 גרם,false,,23.90,0.0797,true,1,1330462
7290000554624,false,מעדן חלב ירח מתוק עם אורז 3% גד 150 גרם,"מיוצר ע""\י קוד יצרן EDNK",IL,ירח מתוק מעדן חלב עם,מיליליטרים,150.00,"100 מ""ל",false,,4.50,0.0300,true,1,1330463
7290000554686,false,גבינת לאבנה בתוספת שמן זית וזעתר 5% גד 250 גרם,מחלבות גד בעמ,IL,גבינת לאבנה בתוספת ש,גרמים,250.00,100 גרם,false,,13.80,0.0552,true,1,1330464
7290000554822,false,ריקוטה גבינה לבנה בסגנון איטלקי 5% גד 250 גרם,מחלבות גד בעמ,IL,ריקוטה גבינה לבנה בס,גרמים,250.00,100 גרם,false,,12.90,0.0516,true,1,1330466
7290000554839,false,מסקרפונה שמנת מתוקה קשה בסגנון איטלקי 40% גד 250 גרם,מחלבות גד בעמ,IL,מסקרפונה שמנת מתוקה,גרמים,250.00,100 גרם,false,,19.30,0.0772,true,1,1330467
7290000560540,false,אדג' ג'ל גילוח כתום לעור רגיש 198גרם,המאפיה של הרמן,US,אדג' ג'ל כתום לעור רגיש 1,גרמים,198.00,100 גרם,false,,14.90,0.0753,true,1,1351579
7290000571386,false,המחלבה יוגורמה יוגורט מחלב כבשים 5% 850 גרם,גבינות משק אחים מאיר בית,IL,יוגורט כבשים 850 גרם,מיליליטרים,850.00,"100 מ""ל",false,,24.90,0.0293,true,1,1325480
7290000596723,false,פתי בר ללא סוכר 150 גרם,הדר,,פתי בר ללא תוספת סוכ,גרמים,150.00,100 גרם,false,,6.50,0.0433,true,1,1341655
7290000598017,false,קמח מצה שמורה לעוגות500ג,מצות יהודה,IL,קמח מצה שמורה לעוגה,גרמים,500.00,100 גרם,false,,27.90,0.0558,true,1,1334215
7290000598024,false,קמח מצה לעוגות 500 גרם,מצות יהודה,IL,קמח מצה לעוגות 500 ג,גרמים,500.00,100 גרם,false,,21.90,0.0438,true,1,1334216
7290000598222,false,קמח מצה שמורה מצות י,מצות יהודה,,קמח מצה שמורה מצות י,גרמים,500.00,100 גרם,false,,22.90,0.0458,true,1,1334224
7290000598260,false,3 מצות שמורות כשר לפסח,מצות יהודה,IL,מצות שמורות מצות יהו,יח',3.00,יח',false,,12.90,4.3000,true,1,1334227
7290000598307,false,"מצה יהודה 2.5 ק""ג לפסח",מצות יהודה,IL,"מצות יהודה 2.5 ק""ג-פ",קילוגרמים,2.50,"ק""ג",false,,27.80,11.1200,true,1,1334230
7290000598314,false,מצה ירושלמי 2.5קג כ.לפסח,מצות יהודה,IL,מצה ירושלים מצות יהו,קילוגרמים,2.50,"ק""ג",false,,79.90,31.9600,true,1,1334231
7290000598321,false,מצה שמורה ירושלמי 2.5 קג',מצות יהודה,,מצה שמורה מצות יהודה,קילוגרמים,2.50,"ק""ג",false,,107.00,42.8000,true,1,1334232
7290000598369,false,קמח מצה בשקית לפסח 500גר,מצות יהודה,IL,קמח מצה מצות יהודה 5,גרמים,500.00,100 גרם,false,,5.90,0.0118,true,1,1334233
7290000598390,false,"מצות מצופות כשל""פ 20",מצות יהודה,IL,"מצות מצופות כשל""פ 20",גרמים,200.00,100 גרם,false,,11.90,0.0595,true,1,1334234
7290000598741,false,מצה עשירה מצות יהודה,מצות יהודה,IL,מצה עשירה מצות יהודה,גרמים,300.00,100 גרם,false,,16.90,0.0563,true,1,1334240
7290000653372,false,עוף טרי ארוז,תנובה,,עוף טרי ארוז,קילוגרמים,1.00,"ק""ג",true,,18.90,18.9000,true,1,1358193
7290000653389,false,כרעיים טרי ארוז,תנובה,,כרעיים טרי ארוז,קילוגרמים,1.00,"ק""ג",true,,24.90,24.9000,true,1,1358194
7290000653402,false,שוקיים טרי ארוז,תנובה,,שוקיים טרי ארוז,קילוגרמים,1.00,"ק""ג",true,,27.90,27.9000,true,1,1358196
7290000653419,false,ירכיים טרי ארוז,תנובה,,ירכיים טרי ארוז,קילוגרמים,1.00,"ק""ג",true,,24.90,24.9000,true,1,1358197
7290000653426,false,שניצל פרוס ארוז,תנובה,,שניצל פרוס ארוז,קילוגרמים,1.00,"ק""ג",true,,36.90,36.9000,true,1,1358198
7290000653433,false,חזה טרי ארוז,תנובה,,חזה טרי ארוז,קילוגרמים,1.00,"ק""ג",true,,34.90,34.9000,true,1,1358199
7290000653471,false,כנפיים טרי ארוז,תנובה,,כנפיים טרי ארוז,קילוגרמים,1.00,"ק""ג",true,,9.90,9.9000,true,1,1358203
7290000654102,false,חזה עוף קפוא הרב מחפוד,,IL,חזה טרי ארוז מחפוד,קילוגרמים,1.00,"ק""ג",true,,32.90,32.9000,true,1,1599936
7290000654188,false,כנפיים עוף טרי ארוז,,,כנפיים עוף טרי ארוז,קילוגרמים,1.00,"ק""ג",true,,14.90,14.9000,true,1,1599943
7290000654256,false,כנפיים קפוא מחפוד,,,כנפיים עוף מחפוד,קילוגרמים,1.00,"ק""ג",true,,11.90,11.9000,true,1,3872158
7290000654263,false,כרעיים עוף קפוא הרב מחפוד,,IL,כרעיים עוף מחפוד,קילוגרמים,1.00,"ק""ג",true,,29.90,29.9000,true,1,3872159
7290000654287,false,ירכיים קפוא מחפוד,,,ירכיים עוף מחפוד,קילוגרמים,1.00,"ק""ג",true,,29.90,29.9000,true,1,3872160
7290000654386,false,לבבות עוף מחפוד,,,לבבות עוף מחפוד,קילוגרמים,1.00,"ק""ג",true,,29.90,29.9000,true,1,3872163
7290000654768,false,שוקיים בלי עור,תנובה,,שוקיים בלי עור,קילוגרמים,1.00,"ק""ג",true,,29.90,29.9000,true,1,1358225
7290000679440,false,"קמיל בלו משחה לתינוק ד""ר פישר 100 גרם",פישר מעבדות פרמצבטיות בע,IL,קמיל בלו משחה לתינוק 100,גרמים,100.00,100 גרם,false,,15.90,0.1590,true,1,1350007
7290000681601,false,כנפיים טרי מחפוד,,,כנפיים טרי מחפוד,קילוגרמים,1.00,"ק""ג",true,,14.90,14.9000,true,1,3873120
7290000688374,false,"מים מינרליים מי עדן בייבי 6*330 מ""ל","מופק ממקור בזלתי עדן ,1",IL,מים מינרלים מי עדן 6,ליטרים,1.98,ליטר,false,,14.90,7.5253,true,1,1330560
7290000688381,false,שישיית מי עדן פקק ספורט 0.5 ליטר,"מופק ממקור בזלתי עדן ,1",IL,מים מינרלים מי עדן 6,ליטרים,3.00,ליטר,false,,13.90,4.6333,true,1,1330561
7290000688503,false,"מים מינרלים פקק ספורט מי עדן 6*750 מ""ל","מופק ממקור בזלתי עדן ,1",IL,מים מינרלים פקק ספור,מיליליטרים,750.00,"100 מ""ל",false,,15.90,0.0212,true,1,1330563
7290000692135,false,ספיד סטיק דאו בסיסי ירוק א.פ פרש פאוור,קולגייט-פלמוליב,TR,ספיד סטיק בסיסי ירוק,גרמים,60.00,100 גרם,false,,16.90,0.2817,true,1,1327032
7290000692203,false,נוזל לניקוי כללי ורצפות בניחוח לימון אג'קס 2 ליטר,הנסיך- מפעל לייצור ט,GR,נוזל לניקוי כללי ורצ,ליטרים,2.00,ליטר,false,,22.90,11.4500,true,1,1327033
7290000692210,false,נוזל לניקוי כללי ורצפות בניחוח לבנדר אג'קס 2 ליטר,הנסיך- מפעל לייצור ט,GR,נוזל לניקוי כללי ורצ,ליטרים,2.00,ליטר,false,,22.90,11.4500,true,1,1327034
7290000692227,false,נוזל כלים פלמוליב צילינדר קלאסי 1 ליטר,יבואן ומשווק: ש. שסט,GR,נוזל לניקוי כלים קלא,ליטרים,1.00,ליטר,false,,13.90,13.9000,true,1,1327035
7290000692456,false,אג'קס חלונות זוג 750*2 מל ספריי ורפיל,הנסיך- מפעל לייצור ט,GR,תרסיס לניקוי חלונות,מיליליטרים,750.00,"100 מ""ל",false,,23.90,0.0319,true,1,1327038
7290000692937,false,"קולגייט משחת שיניים אדומה, זוג* 100 מ""ל",קולגייט-פלמוליב,PL,קולגייט אדומה זוג 20,מיליליטרים,200.00,"100 מ""ל",false,,17.90,0.0895,true,1,1327040
7290000799800,false,פקדון 12 יח,,,פקדון 12 יח,יח',1.00,יח',false,,3.60,3.6000,true,1,1355342
7290000799801,false,פיקדון בודד 0.3 ₪,,,פיקדון בודד 0.3 ₪,יח',1.00,יח',false,,0.30,0.3000,true,1,1319831
7290000799802,false,"פיקדון שישיה 1.8 ש""ח",,,"פיקדון שישיה 1.8 ש""ח",יח',1.00,יח',false,,1.80,1.8000,true,1,1321450
7290000803067,false,"משחת שיניים לילדים גילאים 6-2 אלמקס 75 מ""ל",הנסיך- מפעל לייצור ט,PL,משחת שיניים לילדים ג,מיליליטרים,75.00,"100 מ""ל",false,,15.90,0.2120,true,1,1327042
7290000805870,false,מזון לחתולים לה קט ד,"ביופט בע""מ",FR,לה קט דגים 1.5קג,קילוגרמים,1.50,"ק""ג",false,,34.90,23.2667,true,1,1336522
7290000805900,false,"מזון חתולים לה קט עוף 2.85 ק""ג","ביופט בע""מ",FR,לה קט עוף 2.85קג,קילוגרמים,2.85,"ק""ג",false,,49.90,17.5088,true,1,1336525
7290000805924,false,"מזון חתולים לה קט דגים 2.85 ק""ג","ביופט בע""מ",IL,לה קט דגים 2.85קג,קילוגרמים,2.85,"ק""ג",false,,49.90,17.5088,true,1,1336527
7290000841557,false,"סטרילי נוזל חיטוי 500 מ""ל לניקוי פירות וירקות",,IL,סטרילי לחיטוי ושטיפה,מיליליטרים,700.00,"100 מ""ל",false,,11.90,0.0170,true,1,1346372
7290000961804,false,תבלין עמבה,ברכת קטיף,IL,דלעת ארוזה,קילוגרמים,1.00,"ק""ג",true,,8.90,8.9000,true,1,1356554
7290000998251,false,תות שדה 250 גרם,Unknown,,תות שדה 500 גר,גרמים,500.00,100 גרם,false,,29.90,0.0598,true,1,3894984
7290001001592,false,כנפיים עוף קפוא ארוז,עוף ירושלים מהדרין,,כנפיים עוף קפוא ארוז,קילוגרמים,1.00,"ק""ג",true,,7.90,7.9000,true,1,1341109
7290001001905,false,חזה טרי ארוז כשר למה,עוף ירושלים מהדרין,,חזה טרי ארוז כשר למה,קילוגרמים,1.00,"ק""ג",true,,34.90,34.9000,true,1,1354527
7290001001912,false,כרעיים טרי ארוז כשר,עוף ירושלים מהדרין,,כרעיים טרי ארוז כשר,קילוגרמים,1.00,"ק""ג",true,,24.90,24.9000,true,1,1354528
7290001001967,false,כבד טרי ארוז למהדרין,עוף ירושלים מהדרין,,כבד טרי ארוז למהדרין,קילוגרמים,1.00,"ק""ג",true,,22.90,22.9000,true,1,1354533
7290001004289,false,סטייק ע.ע חלק טרי,,,סטייק ע.ע חלק טרי,קילוגרמים,1.00,"ק""ג",true,,119.90,119.9000,true,1,3902442
7290001004333,false,אסאדו ע.ע חלק טרי,,,אסאדו ע.ע חלק טרי,קילוגרמים,1.00,"ק""ג",true,,54.90,54.9000,true,1,3902443
7290001004388,false,אוסובקו ע.ע חלק טרי,,,אוסובקו ע.ע חלק טרי,קילוגרמים,1.00,"ק""ג",true,,59.90,59.9000,true,1,3902444
7290001004487,false,צוואר ע.ע חלק טרי,,,צוואר ע.ע חלק טרי,קילוגרמים,1.00,"ק""ג",true,,49.90,49.9000,true,1,3902446
7290001004494,false,טחון טרי מכושר פרמי,,,טחון טרי מכושר פרמי,קילוגרמים,1.00,"ק""ג",true,,49.90,49.9000,true,1,3902272
7290001004531,false,חזה ע.ע חלק טרי,,,חזה ע.ע חלק טרי,קילוגרמים,1.00,"ק""ג",true,,49.90,49.9000,true,1,3903177
7290001004845,false,טחון טרי מוכשר,,,טחון טרי מוכשר,קילוגרמים,1.00,"ק""ג",true,,0.00,0.0000,true,1,3903184
7290001004999,false,אוסובקו ע.ע מוכשר,,,אוסובקו ע.ע מוכשר,קילוגרמים,1.00,"ק""ג",true,,54.90,54.9000,true,1,3903187
7290001072097,false,ג'ל גילוח עור עדין רמי לוי,,,ג'ל גילוח עור עדין ר,יח',1.00,יח',false,,9.90,9.9000,true,1,3871439
7290001072103,false,ג'ל גילוח קמומיל ויט,,,ג'ל גילוח קמומיל ויט,יח',1.00,יח',false,,9.90,9.9000,true,1,3871440
7290001121054,false,צמד חמד פסטרמה וסלמי יחיעם 700 גרם,תאי פרזידנט פוד פאבל,IL,*מבצע* צמד חמד יחיעם,גרמים,700.00,100 גרם,false,,25.90,0.0370,true,1,1338480
7290001121238,false,נקניק קורנדביף 4% יחיעם 180 גרם,מעדני יחיעם 1993,IL,נקניק קורנדביף 4% יח,גרמים,180.00,100 גרם,false,,22.90,0.1272,true,1,1338482
7290001121795,false,נקניקיות עוף חריפות יחיעם 400 גרם,מעדני יחיעם,,נקניקיות עוף חריפות,גרמים,400.00,100 גרם,false,,10.90,0.0273,true,1,1338489
7290001121979,false,נקניק סלמי הרץ מעדני יחיעם 150 גרם,תאי פרזידנט פוד פאבל,IL,נקניק סלמי הרץ מעדני,גרמים,150.00,100 גרם,false,,22.90,0.1527,true,1,1338496
7290001123072,false,שריר מס' 8 טאק טורו מחיר,קונספסיון/ פניסקור/,IL,בשר מספר 8 חלק צרכני,קילוגרמים,1.00,"ק""ג",true,,27.90,27.9000,true,1,1350531
7290001123775,false,שווארמה אמיתית פרגיות טיבון ויל 500 גרם,"טיבול ויל אחזקות בע""",IL,שווארמה אמיתית פרגיו,גרמים,500.00,100 גרם,false,,19.90,0.0398,true,1,1333607
7290001123782,false,שווארמה אמיתית הודו טיבון ויל 500 גרם,טיבון ויל - נטו,IL,שווארמה אמיתית הודו,גרמים,500.00,100 גרם,false,,19.90,0.0398,true,1,1333608
7290001124536,false,ארוחת נודלס טעם תירס מג'יק 70 גרם,טאט הוי פוד בעמ,SG,ארוחת נודלס תירס מג',גרמים,70.00,100 גרם,false,,4.90,0.0700,true,1,1333609
7290001124611,false,שומן כבש טיבון ויל 200 גרם,טיבון ויל אחזקות בעמ,IL,שומן כבש טיבון ויל 2,גרמים,200.00,100 גרם,false,,14.90,0.0745,true,1,1333610
7290001126806,false,דג קרפיון שלם נקי טרי,שלושת האופים,IL,דג קרפיון נקי,קילוגרמים,1.00,"ק""ג",true,,34.90,34.9000,true,1,3873316
7290001126813,false,דג אמנון גדול נקי,נטו,IL,אמנון טרי נקי,קילוגרמים,1.00,"ק""ג",true,,34.90,34.9000,true,1,3873317
7290001126851,false,בורי טרי נקי,,,בורי טרי נקי,קילוגרמים,1.00,"ק""ג",true,,44.90,44.9000,true,1,3873319
7290001127742,false,דג לברק שלם נקי טרי,נטו,IL,לברק בינוני נקי,קילוגרמים,1.00,"ק""ג",true,,59.90,59.9000,true,1,3873321
7290001136287,false,"שמפו לשיער רגיל בבושם פרחים נקה 7 750 מ""ל","אמיליה קוסמטיקס בע""מ",IL,שמפו לשיער רגיל בבוש,מיליליטרים,750.00,"100 מ""ל",false,,9.90,0.0132,true,1,1331996
7290001136294,false,"שמפו לשיער יבש בבישום פרחים נקה 7 750 מ""ל","אמיליה קוסמטיקס בע""מ",IL,שמפו לשיער יבש בבישו,מיליליטרים,750.00,"100 מ""ל",false,,9.90,0.0132,true,1,1331997
7290001136300,false,"נקה 7 שמפו ומרכך לסירוק קל 750 מ""ל",אמיליה קוסמטיקס בעמ,IL,שמפו + מרכך של נקה 7,מיליליטרים,750.00,"100 מ""ל",false,,9.90,0.0132,true,1,1331998
7290001136683,false,"מרכך לשיער רגיל בבושם פרחים נקה 7 750 מ""ל","אמיליה קוסמטיקס בע""מ",IL,מרכך לשיער רגיל בבוש,מיליליטרים,750.00,"100 מ""ל",false,,9.90,0.0132,true,1,1332002
7290001193693,false,נרונים מאורות 6 שעות,מעגל הזמן,,נרונים מאורות 6 שעות,100 יח',72.00,100 יח',false,,24.90,0.3458,true,1,1356786
7290001216231,false,טחינה גולמית שומשום מלא אל ארז 500 גרם,אגס ירוק מסחר ושירותים,IL,טחינה שומשום מלא 500,גרמים,500.00,100 גרם,false,,16.80,0.0336,true,1,1354880
7290001245385,false,מרכך מרוכז פרפל 1לי רמילוי,,,מרכך מרוכז פרפל 1לי,ליטרים,1.00,ליטר,false,,10.90,10.9000,true,1,3871441
7290001245392,false,מרכך מרוכז אוריינטל 1לי רמילוי,,,מרכך מרוכז אוריינטל,ליטרים,1.00,ליטר,false,,10.90,10.9000,true,1,3871442
7290001245408,false,מרכך מרוכז אלגנט 1לי רמילוי,,,מרכך מרוכז אלגנט 1לי,ליטרים,1.00,ליטר,false,,10.90,10.9000,true,1,3871443
7290001245453,false,ג'ל כביסה ורוד 5לי רמילוי,,,ג'ל כביסה ורוד 5לי ר,ליטרים,5.00,ליטר,false,,29.90,5.9800,true,1,3871444
7290001245460,false,ג'ל כביסה ירוק 5לי רמילוי,,,ג'ל כביסה ירוק 5לי ר,ליטרים,5.00,ליטר,false,,29.90,5.9800,true,1,3871445
7290001245477,false,ג'ל כביסה כחול 5לי רמילוי,,,ג'ל כביסה כחול 5לי ר,ליטרים,5.00,ליטר,false,,29.90,5.9800,true,1,3871446
7290001245651,false,נוזל רצפות מאסק 4 ליט רמילוי,,,נוזל רצפות מאסק 4 לי,יח',1.00,יח',false,,11.90,11.9000,true,1,3880651
7290001246009,false,ג'ל לכביסה אדום 3לי רמילוי,,,ג'ל לכביסה אדום 3לי,יח',1.00,יח',false,,20.90,20.9000,true,1,3871447
7290001246016,false,ג'ל לכביסה ירוק 3לי רמילוי,,,ג'ל לכביסה ירוק 3לי,יח',1.00,יח',false,,20.90,20.9000,true,1,3871448
7290001246023,false,ג'ל לכביסה כחול 3לי רמילוי,,,ג'ל לכביסה כחול 3לי,יח',1.00,יח',false,,20.90,20.9000,true,1,3880652
7290001246665,false,מבשם נטול גז אושיין 350מל רמילוי,,,מבשם נטול גז אושיין,מיליליטרים,350.00,"100 מ""ל",false,,7.90,0.0226,true,1,3880654
7290001246672,false,מבשם נטול גז פרש 350מל רמילוי,,,מבשם נטול גז פרש 350,מיליליטרים,350.00,"100 מ""ל",false,,7.90,0.0226,true,1,3880655
7290001246689,false,מבשם נטול גז לבנדר 350מל רמילוי,,,מבשם נטול גז לבנדר 3,מיליליטרים,350.00,"100 מ""ל",false,,7.90,0.0226,true,1,3880656
7290001246771,false,מטהר אויר לוונדר 300מל רמילוי,,,מטהר אויר לוונדר 300,מיליליטרים,300.00,"100 מ""ל",false,,4.90,0.0163,true,1,3880657
7290001246788,false,מטהר אויר לימון 300מל רמילוי,,,מטהר אויר לימון 300מ,מיליליטרים,300.00,"100 מ""ל",false,,4.90,0.0163,true,1,3880658
7290001246795,false,מטהר אוויר פריחה 300מל רמילוי,,,מטהר אוויר פריחה 300,מיליליטרים,300.00,"100 מ""ל",false,,4.90,0.0163,true,1,3880659
7290001247068,false,קרטונית נקטר ספרינג תות בננה 1 ליטר,יפאורה שותפות מובגלת לשיווק,IL,נקטר תות בננה ספרינג,ליטרים,1.00,ליטר,false,,6.50,6.5000,true,1,1330565
7290001247082,false,מיץ עגבניות רכיבים טבעיים ספרינג 1 ליטר,יפאורה שותפות מובגלת לשיווק,IL,מיץ עגבניות רכיבים ט,ליטרים,1.00,ליטר,false,,6.30,6.3000,true,1,1330566
7290001247099,false,קרטונית נקטר ספרינג מנגו 1 ליטר,יפאורה שותפות מובגלת לשיווק,IL,נקטר מנגו ספרינג 1 ל,ליטרים,1.00,ליטר,false,,6.50,6.5000,true,1,1330567
7290001247105,false,קרטונית נקטר ספרינג אפרסק 1 ליטר,יפאורה שותפות מובגלת לשיווק,IL,נקטר אפרסק ספרינג 1,ליטרים,1.00,ליטר,false,,6.50,6.5000,true,1,1330568
7290001247112,false,קרטונית נקטר ספרינג לימונענע 1 ליטר,יפאורה שותפות מובגלת לשיווק,IL,נקטר לימונים ספרינג,ליטרים,1.00,ליטר,false,,6.50,6.5000,true,1,1330569
7290001247129,false,נקטר ספרינג תפוזים קרטונית 1 ל',יפאורה שותפות מובגלת לשיווק,IL,נקטר תפוזים ספרינג 1,ליטרים,1.00,ליטר,false,,6.50,6.5000,true,1,1330570
7290001258040,false,משולש גבינת רוקפור משקל,גבינות משק יעקבס,IL,משולש רוקפור,קילוגרמים,1.00,"ק""ג",true,,92.00,92.0000,true,1,3870774
7290001258118,false,קממבר טבעי יעקבס לקג,גבינות משק יעקבס,IL,*מבצע* קממברט,קילוגרמים,1.00,"ק""ג",true,,84.00,84.0000,true,1,1351176
7290001258170,false,רוקפוא משק יעקבס לקג,גבינות משק יעקבס,IL,רוקפור,קילוגרמים,1.00,"ק""ג",true,,92.00,92.0000,true,1,1351179
7290001258187,false,משק יעקבס צפתית בקר,,,משק יעקבס צפתית בקר,קילוגרמים,1.00,"ק""ג",true,,34.00,34.0000,true,1,1365971
7290001258200,false,גבינת שמנת 30% במשקל,גבינות משק יעקבס,IL,*מבצע* גבינת שמנת 25,קילוגרמים,1.00,"ק""ג",true,,31.00,31.0000,true,1,1351180
7290001258224,false,לבנה בקר יעקבס במשקל,גבינות יעקבס,IL,לאבנה בקר שקיל,קילוגרמים,1.00,"ק""ג",true,,27.00,27.0000,true,1,1351182
7290001258347,false,גבינת שמנת יר,משק יעקבס,,*מבצע* גבינת שמנת יר,קילוגרמים,1.00,"ק""ג",true,,31.00,31.0000,true,1,1351186
7290001258378,false,גבינת חלומי במשקל,גבינות משק יעקבס,IL,*מבצע* חלומי יעקבס,קילוגרמים,1.00,"ק""ג",true,,88.00,88.0000,true,1,1351187
7290001258385,false,מוצרלה במים 20% במשקל,גבינות משק יעקבס,IL,מוצרלה במים,קילוגרמים,1.00,"ק""ג",true,,75.00,75.0000,true,1,1351188
7290001258415,false,רוקפור באריזת ווקום יעקובס 180 גרם,גבינות משק יעקבס,IL,גבינת רוקפור משק יעק,גרמים,180.00,100 גרם,false,,24.70,0.1372,true,1,1351205
7290001258422,false,קשקבל צאן 26% שומן במשקל,גבינות משק יעקבס,IL,*מבצע* קשקבל יעקבס,קילוגרמים,1.00,"ק""ג",true,,95.00,95.0000,true,1,1351189
7290001258439,false,גבינת שמנת עז מה במש,גבינות משק יעקבס,IL,גבינת עיזים למריחה 5,קילוגרמים,1.00,"ק""ג",true,,58.00,58.0000,true,1,1351190
7290001258453,false,קממברט בקר+אגוזים במשקל,גבינות משק יעקבס,,*מבצע* קממברט אגוזים,קילוגרמים,1.00,"ק""ג",true,,80.00,80.0000,true,1,1351191
7290001258576,false,גאודה ואקום יעקובס 200 גרם,גבינות משק יעקבס,IL,גבינת גאודה יעקבס 20,גרמים,200.00,100 גרם,false,,19.70,0.0985,true,1,1351209
7290001258590,false,גבינת מנצג'ו 30%גוש משקל,גבינות משק יעקבס,IL,מנצ'גו כבשים,קילוגרמים,1.00,"ק""ג",true,,125.00,125.0000,true,1,1351194
7290001258620,false,גבינת מנצ'גו מחלב כבשים יעקבס 180 גרם,גבינות יעקבס,IL,גבינת מנצ'גו משק יעק,גרמים,180.00,100 גרם,false,,23.90,0.1328,true,1,1351210
7290001258668,false,גבינת עז מה 5% יעקבס 250 גרם,גבינות משק יעקבס,IL,גבינת עז מה 5% יעקבס,גרמים,250.00,100 גרם,false,,14.90,0.0596,true,1,1351211
7290001258682,false,"יוגורט עיזים באריזה 500 מ""ל",גבינות משק יעקבס,IL,יעקבס יוגורט עיזים 3,מיליליטרים,500.00,"100 מ""ל",false,,12.90,0.0258,true,1,1351212
7290001258729,false,לאבנה עיזים יעקובס 250 גרם,גבינות משק יעקבס,IL,יעקבס לאבנה עיזים 25,גרמים,250.00,100 גרם,false,,13.90,0.0556,true,1,1351213
7290001258774,false,מוצרלה בייבי 150 גרם יעקובס,גבינות משק יעקבס,IL,בייבי מוצרלה 140גר,מיליליטרים,140.00,"100 מ""ל",false,,12.90,0.0921,true,1,1351214
7290001258798,false,פטה כבשים יעקבס 250 גר,גבינות משק יעקבס,IL,יעקבס פטה כבשים 250ג,גרמים,250.00,100 גרם,false,,22.90,0.0916,true,1,1351215
7290001258811,false,כדורי מוצרלה בייבי י,גבינות משק יעקבס,IL,כדורי מוצרלה,קילוגרמים,1.00,"ק""ג",true,,79.00,79.0000,true,1,1351196
7290001258958,false,מוצרלה מגורדת יעקבס 200 גרם,גבינות משק יעקבס,IL,מוצרלה מגורדת 200 גר,גרמים,200.00,100 גרם,false,,22.50,0.1125,true,1,1351217
7290001258972,false,גבינת חלומי בואקום 2,גבינות משק יעקבס,IL,חלומי 200 גרם,גרמים,200.00,100 גרם,false,,17.90,0.0895,true,1,1351218
7290001258989,false,קממבר בקר בייבי במשקל,גבינות משק יעקבס,IL,*מבצע* קממברט בקר בי,קילוגרמים,1.00,"ק""ג",true,,84.00,84.0000,true,1,1351201
7290001258996,false,מעדניה - שמנת שום שמ,משק יעקבס,,*מבצע* גבינת שמנת שו,קילוגרמים,1.00,"ק""ג",true,,31.00,31.0000,true,1,1351202
7290001274422,false,שלגונים ציפוי בננה מאגדת שמינייה 560 ג',הגלידות של פלדמן,IL,מאגדת שלגונים ציפוי,10 יח',1.00,10 יח',false,,19.80,19.8000,true,1,3873795
7290001274576,false,גלידל וניל תות 0% שומן ללא סוכר,גלידות פלדמן,IL,גלידל וניל תות 0% שו,ליטרים,1.00,ליטר,false,,19.90,19.9000,true,1,3873796
7290001274583,false,גלידל שוקו פקאן 0% שומן ללא סוכר,"פלקו בע""\מ, חברה ישראלית",IL,גלידל שוקו פקאן 0% ש,מיליליטרים,900.00,"100 מ""ל",false,,19.90,0.0221,true,1,3873797
7290001274941,false,"שמיניית גלידל פרי פטל ""פלדמן""",הגלידות של פלדמן,IL,גלידל פרי בטעם פטל 8,גרמים,640.00,100 גרם,false,,19.80,0.0309,true,1,3873799
7290001305058,false,"פלמוליב - נטורלס תחליב רחצה חלב ודבש 500 מ""ל",הנסיך- מפעל לייצור ט,TR,סבון נוזלי בניחוח חל,מיליליטרים,500.00,"100 מ""ל",false,,15.90,0.0318,true,1,1327047
7290001305188,false,"נוזל לניקוי כלים בריח לימון פלמוליב 750 מ""ל",יבואן ומשווק: ש. שסט,GR,נוזל לניקוי כלים ברי,מיליליטרים,750.00,"100 מ""ל",false,,11.90,0.0159,true,1,1327048
7290001327180,false,שטראוס קרמיסימו וניל ציפ 1.33 ליטר,"גלידת שטראוס בע""\מ, רחוב",IL,שטראוס קרמיסימו וניל,ליטרים,1.33,ליטר,false,,17.90,13.4586,true,1,1339830
7290001327791,false,גלידת קרמיסימו וניל עוגיות חלבי,"גלידת שטראוס בע""\מ, רחוב",IL,שטראוס קרמיסימו עוגי,ליטרים,1.33,ליטר,false,,17.90,13.4586,true,1,1339834
7290001343845,false,"גרנולה פירות 1 ק""ג - 845 - ורוד שקדיה",הנסיך- מפעל לייצור ט,IL,"גרנולה פירות 1 ק""ג ש",קג,1.00,קג,false,,21.90,21.9000,true,1,1324565
7290001355206,false,עצמות בקר טרי,עוף ירושלים מהדרין,,עצמות בקר טרי,קילוגרמים,1.00,"ק""ג",true,,14.90,14.9000,true,1,1354567
7290001355541,false,אסדו בקר טרי חלק,,,אסדו בקר טרי חלק,קילוגרמים,1.00,"ק""ג",true,,69.90,69.9000,true,1,1319490
7290001355572,false,בשר טחון טרי חלק,,,בשר טחון טרי חלק,קילוגרמים,1.00,"ק""ג",true,,49.90,49.9000,true,1,1319492
7290001381618,false,גולש קוביות לא מעובד,,,גולש קוביות לא מעובד,קילוגרמים,1.00,"ק""ג",true,,59.90,59.9000,true,1,3895017
7290001407547,false,טחינה גולמית משומשום מלא פי 6 בארכה 500ג',"רושדי תעשיות מזון בע""\מ",IL,טחינה משומשום מלא פי,גרמים,500.00,100 גרם,false,,12.90,0.0258,true,1,1329484
7290001407592,false,"בארכה טחינה גולמית פי 6 סידן 6*1 ק""ג",,IL,בארכה טחינה גולמית פ,גרמים,800.00,100 גרם,false,,19.90,0.0249,true,1,3890813
7290001407752,false,טחינה גולמית עם פטרוזיליה בארכה 500 גרם,"רושדי תעשיות מזון בע""\מ",IL,טחינה גולמית עם פטרו,גרמים,500.00,100 גרם,false,,12.90,0.0258,true,1,1329486
7290001407769,false,טחינה גולמית שומשום מלא בארכה 500 גרם,"רושדי תעשיות מזון בע""\מ",IL,טחינה גולמית שומשום,גרמים,500.00,100 גרם,false,,12.90,0.0258,true,1,1329487
7290001427132,false,"משקה רימון 500 מ""ל פריניב זכוכית",קשת מיצים טבעיים,IL,*מבצע* מיץ רימונים ט,מיליליטרים,500.00,"100 מ""ל",false,,16.90,0.0338,true,1,3895124
7290001427255,false,מיץ תפוחים קשת 1 ליטר,קשת רמת הגולן,IL,קשת מיץ תפוח פט 1 ל,ליטרים,1.00,ליטר,false,,16.90,16.9000,true,1,3886680
7290001461105,false,לחם מחמצת לבן (ברקוד,פילסברי,,לחם מחמצת לבן,יח',1.00,יח',false,,15.90,15.9000,true,1,1323241
7290001461457,false,בגט רוסטיק קמח מלא ו,פילסברי,,באגט רוסטיק קמח,יח',1.00,יח',false,,6.90,6.9000,true,1,1323370
7290001461457,false,בגט רוסטיק קמח מלא ו,פילסברי,,באגט רוסטיק קמח,יח',1.00,יח',false,,6.90,6.9000,true,1,3886052
7290001461860,false,עשריית פיתות פילסברי,פילסברי,,עשריית פיתות פילסברי,יח',1.00,יח',false,,12.90,12.9000,true,1,1323251
7290001461891,false,לחמניה יאמיז קמח מלא,פילסברי,,יאמיס עם קמח מלא,יח',1.00,יח',false,,12.90,12.9000,true,1,2799057
7290001482094,false,גבינה פרמז'נו משולשים ויליפוד 200ג',זנטי אס. אי לאלין,IT,פרמז'נו וילי פוד 200,גרמים,200.00,100 גרם,false,,17.90,0.0895,true,1,1350346
7290001482384,false,חתיכות אננס בסירופ קל וילי פוד 227 גרם,וילי פוד,TH,חתיכות אננס בסירופ ק,גרמים,227.00,100 גרם,false,,3.90,0.0172,true,1,1335886
7290001482506,false,וילי פוד חומץ בלסמי בדץ 500מל,וילי פוד,IT,חומץ בלסמי וילי פוד,מיליליטרים,500.00,"100 מ""ל",false,,14.90,0.0298,true,1,1335889
7290001485019,false,גבינת קרם שמנת טבעי 5% טרה 200 גרם,קריות זול,IL,גבינת קרם שמנת 5% טר,גרמים,200.00,100 גרם,false,,10.90,0.0545,true,1,1322938
7290001485026,false,גבינת קרם שמנת זיתים 5% טרה 200 גרם,Unknown,IL,גבינת קרם שמנת זיתים,גרמים,200.00,100 גרם,false,,10.90,0.0545,true,1,1322939
7290001485033,false,גב.שמנת שום שמיר5% 200ג,Unknown,IL,גבינת שמנת שום שמיר,גרמים,200.00,100 גרם,false,,10.90,0.0545,true,1,1322940
7290001491010,false,תה ירוק יסמין ויסוצקי 25 יחידות,תה ויסוצקי,IL,תה ירוק יסמין ויסוצק,גרמים,37.50,100 גרם,false,,22.90,0.6107,true,1,1336184
7290001491096,false,תה ירוק בתוספת לימונית ולואיזה 50 שקיקים ויסוצקי,תה ויסוצקי,IL,תה ירוק לימונית ולוא,גרמים,75.00,100 גרם,false,,39.90,0.5320,true,1,1336185
7290001501009,false,שירות החלפה מילוי גז,סודה סטרים,,מילוי גז למיכל סודה,יח',1.00,יח',false,,88.90,88.9000,true,1,1335645
7290001552025,false,קוסקוס של אמא פרבורגר 800 גרם,פרבורגר רויאל,IL,קוסקוס של אמא פרבורג,גרמים,800.00,100 גרם,false,,14.90,0.0186,true,1,1327556
7290001552049,false,קוסקוס מרוקאי קפוא 800 גר,מטעמי פאר,IL,קוסקוס אמא 800גר,גרמים,800.00,100 גרם,false,,14.90,0.0186,true,1,1327558
7290001567555,false,פסטרמה מעודנת עם דבש 300 ג' יחיעם,מעדני יחיעם,IL,פסטרמה מעודנת עם דבש,גרמים,300.00,100 גרם,false,,19.90,0.0663,true,1,2529298
7290001567708,false,נקניקיות וינר יחיעם 400 גרם,מעדני יחיעם,IL,נקנקיות עוף 400 גרם,גרמים,400.00,100 גרם,false,,10.90,0.0273,true,1,1495458
7290001567814,false,סלמי מעושן בסגנון איטלקי 300 ג' יחיעם,מעדני יחיעם,IL,סלמי מעושן בסגנון אי,גרמים,300.00,100 גרם,false,,19.90,0.0663,true,1,1681494
7290001567906,false,פסטרמה מעודנת יחיעם 200 ג',מעדני יחיעם,IL,פסטרמה מעודנת 200 ג,גרמים,200.00,100 גרם,false,,9.90,0.0495,true,1,1338500
7290001567920,false,סלמי תה יחיעם 200 גר,מעדני יחיעם,IL,סלמי תה 200 גר,גרמים,200.00,100 גרם,false,,8.90,0.0445,true,1,1338502
7290001591673,false,"קניידלך קפוא מקמח תפו""א 500 גרם","שלושת האופים בע""\מ",IL,קניידלך מקמח תפוא 50,גרמים,500.00,100 גרם,false,,19.90,0.0398,true,1,3903061
7290001591680,false,קניידלך מקמח מצה 500 גרם שלושת האופים,"שלושת האופים בע""\מ",IL,קניידלך מקמח מצה 500,גרמים,500.00,100 גרם,false,,19.90,0.0398,true,1,3903062
7290001591703,false,קבב אנגוס עגול טיבון ויל 500 גרם,טיבון ויל,IL,קבב אנגוס עגול 500 ג,גרמים,500.00,100 גרם,false,,22.90,0.0458,true,1,3901394
7290001591710,false,המבורגר אנגוס טיבון ויל 600 גרם,טיבון ויל,IL,המבורגר אנגוס 600 גר,גרמים,600.00,100 גרם,false,,22.90,0.0382,true,1,3901395
7290001591727,false,קבב על מקל 500 ג' טיבון ויל,טיבון ויל,IL,קבב על מקל 500 גר,גרמים,500.00,100 גרם,false,,22.90,0.0458,true,1,3901396
7290001591734,false,נקניקיה מרגז בסגנון מרוקאי טיבון ויל 500 גרם,טיבון ויל,IL,מרגז נקניקייה סגנון,גרמים,500.00,100 גרם,false,,22.90,0.0458,true,1,3901397
7290001591741,false,קבבוני טלה 500 ג' טיבון ויל,טיבון ויל,IL,קבבוני טלה 500 גר,גרמים,500.00,100 גרם,false,,22.90,0.0458,true,1,3901145
7290001591949,false,שיפודי פרגיות 100% טיבון ויל 500 גרם,טיבון ויל,IL,שיפודי פרגיות 100%,גרמים,500.00,100 גרם,false,,48.90,0.0978,true,1,3907522
7290001594230,false,קינלי סודה בבקבוק זכוכית,החברה המרכזית לייצור,IL,קינלי סודה קלאסי 250,מיליליטרים,250.00,"100 מ""ל",false,,2.90,0.0116,true,1,1323534
7290001594520,false,"בירה טובורג רד בקבוק 330 מ""ל",מבשלות בירה בינלאומיות ב,IL,"טובורג בקבוק 330 מ""ל",יח',1.00,יח',false,,6.90,6.9000,true,1,3883091
7290001594568,false,"קרלסברג פחית 500 מ""ל פקדון",מבשלות בירה בינלאומיות ב,RO,בירה בפחית קרלסברג 5,מיליליטרים,500.00,"100 מ""ל",false,,8.90,0.0178,true,1,1323541
7290001594810,false,"בירה שחורה מאלטי בקב' מארז 330X6מ""ל",החברה המרכזית לייצור משקאות,IL,בירה שחורה מאלטי 6*3,ליטרים,1.98,ליטר,false,,26.90,13.5859,true,1,1323546
7290001594858,false,"שישייה בירה טובורג רד בקבוק 330 מ""ל",מבשלות בירה בינלאומיות ב,IL,טובורג רד מארז שישיי,מיליליטרים,1980.00,"100 מ""ל",false,,39.90,0.0202,true,1,1323547
7290001594865,false,"שישייה בירה קרלסברג בקבוק 330 מ""ל",מבשלות בירה בינלאומיות ב,IL,בירה קרלסברג 6*330 מ,ליטרים,1.98,ליטר,false,,39.90,20.1515,true,1,1323548
7290001598085,false,לחם משפחתי עם דגנים מקמח מלא,מאפית יוסף בראון,IL,לחם משפחתי עם דגנים,גרמים,400.00,100 גרם,false,,13.90,0.0348,true,1,3887474
7290001598276,false,"לחם 7 דגנים קל מקמח חיטה מלא ללא שמרים 1.1 ק""ג הברון",מאפיית יוסף ברון,IL,לחם 7 דגנים קל 1.1קג,קילוגרמים,1.10,"ק""ג",false,,13.90,12.6364,true,1,3887475
7290001627242,false,ג'ל לניקוי לימון אסלות 750,,,ג'ל לניקוי לימון אסל,מיליליטרים,750.00,"100 מ""ל",false,,6.20,0.0083,true,1,3871690
7290001670514,false,מלית אוכמניות - 400 גרם פוליבה,"פוליבה בע""מ",IL,מלית אוכמניות 400 גר,גרמים,400.00,100 גרם,false,,9.90,0.0248,true,1,1335504
7290001670859,false,מלית דובדבנים פוליבה 400 ג',קריות זול,IL,מלית דובדבנים 400 גר,גרמים,400.00,100 גרם,false,,9.90,0.0248,true,1,1335509
7290001690031,false,שניצל אמיתי עוף צעיר 700 ג' טיבון ויל,טיבון ויל,,שניצל אמיתי 700 גר,גרמים,700.00,100 גרם,false,,19.90,0.0284,true,1,3903479
7290001690376,false,אמנון שלם נקי בוואקום,דלידג,IL,אמנון שלם נקי בוואקו,קילוגרמים,1.00,"ק""ג",true,,19.90,19.9000,true,1,3903477
7290001690987,false,דג פילה הייק ארוז קפוא דלידג,דלידג,,דג פילה הייק במשקל,קילוגרמים,1.00,"ק""ג",true,,46.90,46.9000,true,1,3903478
7290001710111,false,נקניקיות מרגז ארוז 500 גר,לאטי עזרא גלם ודגים,IL,נקניקיות מרגז ארוז 5,גרמים,500.00,100 גרם,false,,19.80,0.0396,true,1,2742971
7290001710159,false,גולש עגל קפוא ארוז מ,לאטי עזרא גלם ודגים,IL,גולש עגל מוכשר,קילוגרמים,1.00,"ק""ג",true,,44.90,44.9000,true,1,2215185
7290001710814,false,טחון בקר 500 גרם,מעדני הטלה,,טחון בקר 500 גרם,גרמים,500.00,100 גרם,false,,14.90,0.0298,true,1,3467684
7290001713150,false,סנט מוריץ מתז אקונומיקה Bleach קצף לימון 1 ליטר,קומפלקס כימיקלים בעמ,IL,סנט מוריץ אקונומיקה,מטרים,1000.00,100 מ'ל,false,,9.90,0.0099,true,1,3886319
7290001713167,false,סנט מוריץ - מרסס קצף ניקוי 1 ליטר סניטרי אפור,קומפלקס כימיקלים בעמ,IL,סנט מוריץ קצף ניקוי,מיליליטרים,750.00,"100 מ""ל",false,,11.90,0.0159,true,1,3879707
7290001713211,false,מנקה רצפות סופר מבושם מאסק 2.5 ל',ABC,TR,רצפות סופר מבושם מאס,ליטרים,2.50,ליטר,false,,11.90,4.7600,true,1,3893250
7290001713228,false,מנקה רצפות סופר מבושם כחול 2.5 ל',ABC,TR,רצפות סופר מבושם אוק,ליטרים,2.50,ליטר,false,,11.90,4.7600,true,1,3890414
7290001713235,false,מנקה רצפות סופר מבושם סגול 2.5 ל',,TR,רצפות סופר מבושם לבנ,יח',1.00,יח',false,,11.90,11.9000,true,1,3893251
7290001713372,false,"תרסיס לניקוי מוצרי עור 400 מ""ל",קומפלקס כימיקלים,IL,נוזל לניקוי עור 400,יח',1.00,יח',false,,14.90,14.9000,true,1,1339766
7290001713662,false,מרכך כביסה pure בניחוח מלון רויאל 1 ל' סנט מוריץ,"קומפלקס כימיקלים בע""",TR,מרכך כביסה ספא 1לי מ,מטרים,1000.00,100 מ'ל,false,,9.90,0.0099,true,1,3897967
7290001713815,false,PURE מרכך כביסה בניחוח מלון מפנק 1 ליטר,"קומפלקס כימיקלים בע""",TR,מרכך כביסה ספא 1לי מ,מטרים,1000.00,100 מ'ל,false,,9.90,0.0099,true,1,3897968
7290001713860,false,PURE מרכך כביסה בניחוח מלון ספא 1 ליטר,"קומפלקס כימיקלים בע""",TR,מרכך כביסה ספא 1לי מ,מטרים,1000.00,100 מ'ל,false,,9.90,0.0099,true,1,3897969
7290001791349,false,פיסגה אקונומיקה ריחנית סנו 4 ליטר,"סנו מפעלי ברונוס בע""מ",IL,פיסגה אקונומיקה ריחנ,ליטרים,4.00,ליטר,false,,9.90,2.4750,true,1,1332027
7290001791356,false,"פרש מבשם אויר אוטומטי בניחוח לבנדר סנו 250 מ""ל",סנו מפעלי ברונוס בעמ,IL,פרש מבשם אויר אוטומט,מיליליטרים,250.00,"100 מ""ל",false,,12.90,0.0516,true,1,1332028
7290001791363,false,"מטהר אויר בניחוח וניל קוקוס מילוי סנו 250 מ""ל",סנו מפעלי ברונוס בעמ,IL,מטהר אויר בניחוח וני,מיליליטרים,250.00,"100 מ""ל",false,,12.90,0.0516,true,1,1332029
7290001791776,false,"סנו-די דוחה יתושים רול און עם אלוורה סנו 50 מ""ל",גוד פוד פרודקטס S.p,IL,סנו-די דוחה יתושים ר,מטרים,50.00,100 מ'ל,false,,19.90,0.3980,true,1,1332031
7290001813454,false,"עוגיות חיוכים שוקולד עלית 900 גרם מארז 6 יחידות בד""צ",אפיפית נצרת תעשיות ב,IL,חיוכים עוגיות שוקו ע,גרמים,900.00,100 גרם,false,,18.90,0.0210,true,1,3862923
7290001813478,false,"עוגיות חיוכים וניל עלית 900 גרם מארז 6 יחידות בד""צ",אפיפית נצרת תעשיות ב,IL,חיוכים עוגיות בטעם ו,גרמים,900.00,100 גרם,false,,18.90,0.0210,true,1,3862924
7290001813881,false,פתי בר בטעם חמאה 500 גרם,שטראוס גרופ,IL,פתי בר קלאסי 500 גרם,גרמים,250.00,100 גרם,false,,8.90,0.0356,true,1,1327683
7290001814147,false,ממרח בטעם שוקולד פרה500ג,STRAUSS-ISRAEL,IL,ממרח שוקולד פרה 500,גרמים,500.00,100 גרם,false,,9.90,0.0198,true,1,1327684
7290001817063,false,סוכ.טופי מזל וברכות850גר,עלית מגדים,IL,טופי ברכות בטעם תות,גרמים,850.00,100 גרם,false,,14.90,0.0175,true,1,1327690
7290001817728,false,צ'יטוס אפוי כאפה בטעם קטשופ 55 גרם,"שטראוס פריטו ליי בע""\מ )",IL,צ'יטוס אפוי כאפה בטע,גרמים,55.00,100 גרם,false,,3.10,0.0564,true,1,1335271
7290001835340,false,פרמיו לבבות 100 גרם,,CN,פרמיו לבבות 100 גרם,יח',1.00,יח',false,,13.90,13.9000,true,1,3881899
7290001855232,false,שמן למאור מרום הגליל,ירושלים שיווק שמן זית וזיתים,IL,שמן למאור 1 ליטר,ליטרים,1.00,ליטר,false,,10.90,10.9000,true,1,1350737
7290001873441,false,המבורגר בלאק אנגוס 320 גרם,טיבון ויל אחזקות בעמ,IL,המבורגר,גרמים,320.00,100 גרם,false,,24.90,0.0778,true,1,3883505
7290001873458,false,סטייקבורגר בלאק אנגוס 320 גרם,טיבון ויל אחזקות בעמ,IL,סטייק בורגר,גרמים,320.00,100 גרם,false,,24.90,0.0778,true,1,3883506
7290001873472,false,"קבב בלאק אנגוס 320 גרם,",טיבון ויל אחזקות בעמ,IL,קבב,גרמים,320.00,100 גרם,false,,24.90,0.0778,true,1,3883095
7290001873489,false,קרפצ'יו בלאק אנגוס 120 ג,טיבון ויל אחזקות בעמ,IL,קרפציו,גרמים,120.00,100 גרם,false,,19.90,0.1658,true,1,3883507
7290001946121,false,פפריקה מרוקאית מתוקה תבליני ביטון 400 גרם,"דין שיווק וקלייה בע""",IL,פפריקה מרוקאית מתוקה,גרמים,400.00,100 גרם,false,,17.90,0.0447,true,1,1324567
7290001973233,false,"קמיל בלו מגבונים לחים סנסיטיב ד""ר פישר 120 יחידות",פישר מעבדות פרמצבטיות,IL,ק.ב סנסטיב מגבונים 120 יח,יח',120.00,יח',false,,10.90,0.0908,true,1,1350022
7290001990094,false,"סוכר חום כהה צנצנת קלאסי סוגת 1ק""ג",האי נאם סי או אל.טי.,IL,סוכר חום קלאסי בצנצנת,100 לקג,1.00,100 לקג,false,,14.50,14.5000,true,1,1331571
7290001990148,false,"סוכר גולדן קלאסי בצנצנת סוגת 1 ק""ג",האי נאם סי או אל.טי.,IL,סוכר גולדן קלסי צנצנת1 קג,יח',1.00,יח',false,,10.90,10.9000,true,1,1331573
7290001990261,false,"סוגת חומוס 1 ק""ג","סוגת תעשיות בע""\מ",IL,"חומוס 1 ק""ג",גרמים,1000.00,100 גרם,false,,12.90,0.0129,true,1,1331574
7290001990278,false,"שעועית לבנה סוגת 1 ק""ג","סוגת תעשיות בע""\מ",IL,"שעועית לבנה 1 ק""ג",גרמים,1000.00,100 גרם,false,,18.90,0.0189,true,1,1331575
7290001990391,false,אפונה יבשה 1קג סוגת,"סוגת תעשיות בע""\מ",IL,"אפונה 1 ק""ג",גרמים,1000.00,100 גרם,false,,9.40,0.0094,true,1,1331579
7290001990407,false,"עדשים ירוקים 1 ק""ג סוגת","סוגת תעשיות בע""\מ",IL,"עדשים ירוקים 1 ק""ג",גרמים,1000.00,100 גרם,false,,13.80,0.0138,true,1,1331580
7290001990414,false,"עדשים אדומים יבש סוגת 1 ק""ג","סוגת תעשיות בע""\מ",IL,"עדשים אדומים 1 ק""ג",גרמים,1000.00,100 גרם,false,,13.80,0.0138,true,1,1331581
7290002000136,false,שעווה לחימום במיקרוגל - דבש ופרופוליס,"ש. שוורץ )באר שבע( בע""\מ",IL,מגע המשי הדבש ש.למיקרוגל,גרמים,500.00,100 גרם,false,,19.50,0.0390,true,1,1351604
7290002000266,false,שעווה מגע המשי הדבש תפוח למיקרו 500 גרם,המאפיה של הרמן,IL,מגע המשי התפוח ש.למיקרוגל,גרמים,500.00,100 גרם,false,,16.90,0.0338,true,1,1351606
7290002007234,false,אבקת סוכר הנמל 100 גרם,"מיוצר וארוז ע""י: ר.ס",IL,אבקת סוכר הנמל 100 ג,גרמים,100.00,100 גרם,false,,1.60,0.0160,true,1,1335512
7290002007241,false,סודה לשתיה הנמל 50 גרם,"מיוצר וארוז ע""י: BAS",IL,סודה לשתיה הנמל 50 ג,100 יח',50.00,100 יח',false,,1.50,0.0300,true,1,3885535
7290002008255,false,נייר אפייה הנמל 10 י,הנמל,,נייר אפייה הנמל 10 י,יח',1.00,יח',false,,2.30,2.3000,true,1,1335535
7290002008347,false,קורנפלור 500 גרם הנמל,הנמל,IL,קורנפלור 500 גרם הנמ,גרמים,500.00,100 גרם,false,,5.90,0.0118,true,1,1335538
7290002008507,false,נייר אפיה הנמל 50 יחידות,הנמל אריזות ושיווק ב,IL,נייר אפיה הנמל 50 יח,יח',50.00,יח',false,,7.90,0.1580,true,1,1335542
7290002008750,false,אבקת אפיה עשירייה הנמל 100 גרם,ר.ס. חברה ליבוא ויצו,IL,אבקת אפיה 10x10 גרם,100 יח',100.00,100 יח',false,,1.90,0.0190,true,1,3885536
7290002019114,false,רוטב עגבניות מרוכז מאד 28-30BX פריניר,פרי ניר,IL,תרכיז עגבניות 28% פר,גרמים,580.00,100 גרם,false,,6.50,0.0112,true,1,1333619
7290002019183,false,פריניר עגב שלמות במיץA2.5,נטו מלינדה,IL,עגבניות שלמות מקולפו,גרמים,800.00,100 גרם,false,,6.80,0.0085,true,1,1333620
7290002019763,false,עגבניות מרוסקות פרי ניר 800 גרם,פרי ניר,IL,עגבניות מרוסקות פרינ,גרמים,800.00,100 גרם,false,,6.70,0.0084,true,1,1333621
7290002019787,false,רוטב עגבניות מרוכז מאוד 260 גרם פריניר,פריניר ( הדס 1987) ב,IL,רסק עגבניות 22% פרינ,גרמים,260.00,100 גרם,false,,3.50,0.0135,true,1,1333622
7290002019794,false,רוטב עגבניות מרוכז מאוד 100 גרם פריניר,פריניר ( הדס 1987) ב,IL,רסק עגבניות 22% פרינ,גרמים,100.00,100 גרם,false,,1.70,0.0170,true,1,1333623
7290002026341,false,בטטה צ'יפס רגיל אריסטו קראנץ 500 ג',מוצרי איכות אמריקאיים,CA,ציפס בטטה פלאנק 500,גרמים,500.00,100 גרם,false,,15.50,0.0310,true,1,1336387
7290002026365,false,טבעות בצל אריסטו קראנץ' 500 גרם,מוצרי איכות אמריקאיים,BE,טבעות בצל 500גר,גרמים,500.00,100 גרם,false,,8.70,0.0174,true,1,1336389
7290002026402,false,בלינצס גבינה בראנץ אנד קראנץ 350 ג',מוצרי איכות אמריקאיים בע,IL,בלינצ'ס גבינה,גרמים,350.00,100 גרם,false,,10.90,0.0311,true,1,1336390
7290002026587,false,וופל בלגי פרווה בראנץ אנד קראנץ 8 יח',בראנץ' אנד קראנץ Brunch& Crunch,BE,ופל בלגי חם קפוא 280,גרמים,280.00,100 גרם,false,,10.90,0.0389,true,1,3884949
7290002026778,false,"גלידה בן&ג'ריס שמנת וניל קרמל וחתיכות 500מ""ל",מוצרי איכות אמריקאיים בע,IL,גלידה בן אנד ג'ריס 5,מיליליטרים,500.00,"100 מ""ל",false,,18.90,0.0378,true,1,1551155
7290002026914,false,"מאגדת גלידת בן& ג'ריס קלאסיק מיקס 400 מ""ל",מוצרי איכות אמריקאיים בע,IL,גלידת בן גריס מארז 4,גרמים,288.00,100 גרם,false,,24.90,0.0865,true,1,3837630
7290002040019,false,קוסקוס רגיל הנמל 350 גרם,"קוסקוס מזון בע""מ",IL,קוסקוס רגיל הנמל 350,גרמים,350.00,100 גרם,false,,4.80,0.0137,true,1,1335553
7290002040064,false,קוסקוס דק הנמל 350 גרם,טרופיקל דגיל תעשיות,IL,קוסקוס דק הנמל 350 ג,גרמים,350.00,100 גרם,false,,4.80,0.0137,true,1,1335555
7290002040071,false,קוסקוס עבה שקית 350 גרם הנמל,"קוסקוס מזון בע""מ",IL,קוסקוס עבה הנמל 350,גרמים,350.00,100 גרם,false,,4.80,0.0137,true,1,1335556
7290002040088,false,קוסקוס מלא הנמל 350 גרם,"קוסקוס מזון בע""מ",IL,קוסקוס מלא הנמל 350,גרמים,350.00,100 גרם,false,,5.80,0.0166,true,1,1335557
7290002043072,false,אקסטרה פריכיות אורז חום מלא בציפוי שוקולד חלב 70 גרם,נוהלס ג'\י אס סי.,BG,אקסטרה פריכוני אורז,יח',1.00,יח',false,,7.90,7.9000,true,1,3891045
7290002043188,false,אקסטרה צ'יפס אורז חום מלא צ'ילי חריף 60 גרם,נוהלס ג'\י אס סי.,BG,אקסטרה ציפס אורז חום,יח',1.00,יח',false,,5.90,5.9000,true,1,3891574
7290002043218,false,אקסטרה צ'יפס אורז חום מלא מלח 60 גרם,נוהלס ג'\י אס סי.,BG,אקסטרה ציפס מלח ים 6,יח',1.00,יח',false,,5.90,5.9000,true,1,3891191
7290002043225,false,אקסטרה צ'יפס אורז חום מלא פפריקה 60 גרם,נוהלס ג'\י אס סי.,BG,אקסטרה ציפס פפריקה 6,גרמים,60.00,100 גרם,false,,5.90,0.0983,true,1,3891192
7290002043232,false,אקסטרה ציפס משפחתי טקסס ברביקיו 120 גר,נוהלס ג'\י אס סי.,BG,אקסטרה ציפס משפחתי ט,גרמים,120.00,100 גרם,false,,10.90,0.0908,true,1,3891575
7290002043294,false,אקסטרה צ'יפס אורז חום מלא טקסס ברביקיו 25 גרם,,BG,אקסטרה ציפס טקסס ברב,יח',1.00,יח',false,,3.90,3.9000,true,1,3891576
7290002043317,false,ציפס אורז חום צילי ח,,BG,אקסטרה ציפס צ'ילי חר,יח',1.00,יח',false,,3.90,3.9000,true,1,3891577
7290002043348,false,ציפס אורז חום מלא ציה וקינואה 60 גרם,נוהלס ג'\י אס סי.,BG,אקסטרה ציפס צ'יה וקי,גרמים,60.00,100 גרם,false,,6.90,0.1150,true,1,3891579
7290002043379,false,אקסטרה ציפס פרוטאין עדשים שחורות 60 גר,נוהלס ג'\י אס סי.,BG,אקסטרה ציפס פרוטאין,גרמים,60.00,100 גרם,false,,6.90,0.1150,true,1,3891582
7290002043386,false,ציפס אורז חום שעועית,,BG,אקסטרה ציפס פרוטאין,גרמים,60.00,100 גרם,false,,6.90,0.1150,true,1,3891583
7290002043782,false,אקסטרה צ'יפס אורז חום מלא טקסס ברביקיו 60 גרם,נוהלס ג'\י אס סי.,BG,אקסטרה ציפס טקסס ברב,יח',1.00,יח',false,,5.90,5.9000,true,1,3891586
7290002043829,false,אקסטרה פריכיות אורז חום מלא מהרי ההימלאיה 200 גרם,מימונס אפיה,BG,אקסטרה פריכיות מלח ה,גרמים,200.00,100 גרם,false,,14.90,0.0745,true,1,3890376
7290002057017,false,זיתים נובו ענק A2 יבנה 330ג',שיוך למחסן 17,IL,זית נובו 330 גרם,גרמים,330.00,100 גרם,false,,8.90,0.0270,true,1,1331746
7290002057031,false,זיתים מבוקעים פיקנטי קבוצת יבנה 340 גרם,קבוצת יבנה,IL,זית יבנה מבוקע פיקנט,גרמים,340.00,100 גרם,false,,8.90,0.0262,true,1,1331747
7290002057048,false,זית יבנה סורי מבוקע בשמן זית 340 גרם,קבוצת יבנה,IL,זית יבנה סורי מבוקע,גרמים,340.00,100 גרם,false,,10.50,0.0309,true,1,1331748
7290002057055,false,זיתים סורי ירוק שלם A2 יבנה 560ג',קבוצת יבנה,IL,זית סורי שלם בטעם שו,גרמים,340.00,100 גרם,false,,10.50,0.0309,true,1,1331749
7290002057062,false,זיתים מנזנילו ירוק בינוני קבוצת יבנה 340 גרם,קבוצת יבנה,IL,זיתים ירוקים בינוניי,גרמים,340.00,100 גרם,false,,6.90,0.0203,true,1,1331750
7290002057086,false,זיתים מנזנילו גדול קבוצת יבנה 780 גרם,קבוצת יבנה,IL,זית מנזלינו גדול יבנ,גרמים,780.00,100 גרם,false,,17.90,0.0229,true,1,1331752
7290002057093,false,זיתים מנזנילו גדול קבוצת יבנה 340 גרם,קבוצת יבנה,IL,זית ירוק גדול מנזלינ,גרמים,340.00,100 גרם,false,,7.90,0.0232,true,1,1331753
7290002057109,false,זיתים יבנה ירוקים גדולים מאוד שום מנזלינ,קבוצת יבנה,IL,זיתים יבנה ירוקים גד,גרמים,340.00,100 גרם,false,,8.90,0.0262,true,1,1331754
7290002057123,false,זיתים ירוקים מנזנילו קבוצת יבנה 560 גרם,קבוצת יבנה,IL,זית חרוזית ירוק יבנה,גרמים,275.00,100 גרם,false,,9.50,0.0345,true,1,1331756
7290002057130,false,זיתים חרוזית קבוצת יבנה 650 גרם,קבוצת יבנה,IL,חרוזית ‏43‏ או יבנה,גרמים,650.00,100 גרם,false,,19.90,0.0306,true,1,1331757
7290002057178,false,זיתים שחורים גדולים מנזלינו קבוצת יבנה 3,קבוצת יבנה,IL,זיתים שחורים גדולים,גרמים,340.00,100 גרם,false,,8.70,0.0256,true,1,1331761
7290002057185,false,טבעות זיתים ירוקים קבוצת יבנה 560 גרם,קבוצת יבנה,IL,זית יבנה טבעות ירוק,גרמים,275.00,100 גרם,false,,9.20,0.0335,true,1,1331762
7290002057215,false,"מלפפונים במלח ‏12‏-‏10‏ קבוצת יבנה 320 גרם בד""ץ",קבוצת יבנה,,"מלפפון במלח בד""צ 320",גרמים,320.00,100 גרם,false,,7.50,0.0234,true,1,1331763
7290002057284,false,"זיתים חרוזית קבוצת יבנה 275 גרם בד""ץ",קבוצת יבנה,,זיתים חרוזית 275 גרם,גרמים,275.00,100 גרם,false,,9.50,0.0345,true,1,1331770
7290002057291,false,פלפל חריף שיפקה A2יבנה 540 גרם,קבוצת יבנה,IL,שיפקה 225 גרם יבנה,גרמים,225.00,100 גרם,false,,5.50,0.0244,true,1,1331771
7290002057321,false,"מלפפון במלח ‏25‏-‏21‏ יבנה 1.3 ק""ג",קבוצת יבנה,IL,מלפפון במלח 21-25 יב,גרמים,725.00,100 גרם,false,,15.90,0.0219,true,1,1331774
7290002057345,false,"מלפפונים במלח ‏36‏-‏30 קבוצת יבנה 1.75 ק""ג",קבוצת יבנה,IL,מלפפונים במלח בינוני,גרמים,750.00,100 גרם,false,,19.00,0.0253,true,1,1331775
7290002057352,false,מלפפונים במלח ‏9‏-‏7‏ קבוצת יבנה 320 גרם,קבוצת יבנה מוצרי מזון,IL,מלפפון יבנה במלח גדו,גרמים,320.00,100 גרם,false,,6.50,0.0203,true,1,1331776
7290002057369,false,מלפפונים במלח ‏12‏-‏10‏ קבוצת יבנה 320 גרם,קבוצת יבנה,IL,מלפפון יבנה במלח בינ,גרמים,320.00,100 גרם,false,,7.50,0.0234,true,1,1331777
7290002057376,false,מלפפונים במלח ‏17‏-‏13‏ קבוצת יבנה 320 גרם,קבוצת יבנה,IL,מלפפון יבנה במלח קטנ,גרמים,320.00,100 גרם,false,,9.90,0.0309,true,1,1331778
7290002057383,false,מלפפונים במלח ‏25‏-‏18‏ קבוצת יבנה 320 גרם,קבוצת יבנה,IL,מלפפון יבנה במלח קטנ,גרמים,320.00,100 גרם,false,,12.90,0.0403,true,1,1331779
7290002057406,false,"מלפפון חומץ ‏36‏-‏30‏ ‏10‏-‏A‏ יבנה 3 ק""ג",קבוצת יבנה,IL,מלפפונים בחומץ 30-36,קילוגרמים,1.70,"ק""ג",false,,19.90,11.7059,true,1,1331780
7290002057437,false,פלפל שיפקונית קבוצת יבנה 225 גרם,קבוצת יבנה,IL,שיפקונית יבנה,גרמים,650.00,100 גרם,false,,10.90,0.0168,true,1,3892633
7290002057451,false,מלפפונים בחומץ ‏9‏-‏7 קבוצת יבנה 290 גרם,קבוצת יבנה מוצרי מזון,IL,מלפפון יבנה בחומץ גד,גרמים,290.00,100 גרם,false,,6.50,0.0224,true,1,1331784
7290002057468,false,מלפפון יבנה בחומץ בינוניים 10-12 290 גרם,קבוצת יבנה,IL,מלפפון יבנה בחומץ בי,גרמים,290.00,100 גרם,false,,7.50,0.0259,true,1,1331785
7290002057475,false,מלפפונים בחומץ ‏17‏-‏13 קבוצת יבנה 290 גרם,קבוצת יבנה,IL,מלפפון יבנה בחומץ קט,גרמים,290.00,100 גרם,false,,9.90,0.0341,true,1,1331786
7290002057482,false,מלפפונים קטנים בחומץ קבוצת יבנה 560 גרם,קבוצת יבנה,IL,מלפפון יבנה בחומץ קט,גרמים,290.00,100 גרם,false,,12.90,0.0445,true,1,1331787
7290002057543,false,"מלפפונים במלח ‏9‏-‏7‏ קבוצת יבנה 320 גרם בד""ץ",קבוצת יבנה,,מלפפון במלח 7-9 320,גרמים,320.00,100 גרם,false,,6.50,0.0203,true,1,1331788
7290002057604,false,פלפל חריף שיפקה קבוצת יבנה 225 גרם.,קבוצת יבנה,IL,פלפל חריף שיפקה קבוצ,גרמים,225.00,100 גרם,false,,5.50,0.0244,true,1,1331791
7290002057628,false,טבעות זיתים מושחר קבוצת יבנה 275 גרם,קבוצת יבנה,IL,זית יבנה טבעות מושחר,גרמים,275.00,100 גרם,false,,8.90,0.0324,true,1,1331793
7290002057703,false,חצילים במלח קבוצת יבנה 320 גרם,קבוצת יבנה,IL,חצילים במלח קבוצת יב,גרמים,320.00,100 גרם,false,,6.50,0.0203,true,1,1331797
7290002057734,false,זיתים חרוזית מושחר קבוצת יבנה 275 גרם,קבוצת יבנה,IL,זית חרוזית שחור יבנה,גרמים,275.00,100 גרם,false,,8.90,0.0324,true,1,1331799
7290002065555,false,שישיית לחמנייה הכי רכה בהפסקה אנג'ל 450 גרם,מאפיית שלמה א. אנג'\ל בע,IL,לחמניות אנג'ל 6 יחיד,גרמים,450.00,100 גרם,false,,9.90,0.0220,true,1,1326822
7290002065616,false,לחם שיפון גרעינים פרוס אחדות 750 גרם,מאפיית שלמה א. אנג'\ל בע,IL,לחם שיפון גרעינים פר,גרמים,750.00,100 גרם,false,,12.90,0.0172,true,1,1341632
7290002065623,false,לחם שיפון של פעם כפרי פרוס אורנים 750 גרם,מאפיית שלמה א. אנג'\ל בע,IL,לחם שיפון של פעם כפר,גרמים,750.00,100 גרם,false,,12.90,0.0172,true,1,1341633
7290002105015,false,רבע כבש קפוא מחפוד מהדרין,עוף ירושלים מהדרין,,רבע כבש מחפוד,קילוגרמים,1.00,"ק""ג",true,,89.90,89.9000,true,1,1341168
7290002105176,false,בשר מס' 4 כתף מחיר לפי מ,עוף ירושלים,IL,כתף מרכזי צרכני מס',קילוגרמים,1.00,"ק""ג",true,,43.90,43.9000,true,1,1341171
7290002105503,false,בורגר מזרחי קפוא גלאט 500ג' מחפוד,עוף ירושלים,IL,המבורגר בקר 500 גר מ,גרמים,500.00,100 גרם,false,,15.90,0.0318,true,1,1341346
7290002105510,false,קבב מזרחי מתובל וקפוא גלאט הדר בשר 500ג',עוף ירושלים,,קבב מזרחי 500-מחפוד,גרמים,500.00,100 גרם,false,,18.90,0.0378,true,1,1341347
7290002105527,false,גולש עגל 800 גר' מחפוד קפוא,עוף ירושלים,IL,גולש בקר 800 גרם מחפ,גרמים,800.00,100 גרם,false,,49.90,0.0624,true,1,1341348
7290002105558,false,מוצר בקר טחון 500 ג' (בתוספת חלבון מן הצומח) מחפוד,עוף ירושלים,,טחון בקר 500-מחפוד,גרמים,500.00,100 גרם,false,,18.90,0.0378,true,1,1341351
7290002105565,false,טחון הודו 500 גרם מחפוד מהדרין,עוף ירושלים,IL,הודו טחון עוף ירושלי,גרמים,500.00,100 גרם,false,,12.90,0.0258,true,1,1341352
7290002105671,false,טחון עוף 500 גר' קפוא מחפוד,עוף ירושלים,IL,עוף טחון 500 גר מחפו,גרמים,500.00,100 גרם,false,,12.90,0.0258,true,1,1341353
7290002105695,false,קבב עוף 500 גר מחפוד,עוף ירושלים,,קבב עוף 500 גר מחפוד,גרמים,500.00,100 גרם,false,,13.90,0.0278,true,1,1341354
7290002105701,false,המבורגר עוף 500 גרם,עוף ירושלים,,המבורגר עוף 500 גרם,גרמים,500.00,100 גרם,false,,13.90,0.0278,true,1,1341355
7290002105749,false,"טחון בקר 100% קפוא 1 ק""ג גאלט מחפוד",עוף ירושלים,IL,"בשר טחון 1 ק""ג מחפוד",100 קילו,1.00,100 קילו,false,,39.80,39.8000,true,1,1341356
7290002105756,false,טחון בקר בתוספת חלבון מן הצומח מחפוד,עוף ירושלים,IL,"טחון בקר מחפוד 1ק""ג",גרמים,1000.00,100 גרם,false,,34.90,0.0349,true,1,1341187
7290002105770,false,"קבב כבש קציצות ביתי בוואקום מחפוד 1 ק""ג",עוף ירושלים,IL,קציצות קבב כבש ביתי,קילוגרמים,1.00,"ק""ג",false,,39.90,39.9000,true,1,1341189
7290002105824,false,קבב ג'מבו רומני קפוא מחפוד ע.ירושלים,עוף ירושלים מהדרין,,קבב ג'מבו רומני מחפו,קילוגרמים,1.00,"ק""ג",true,,44.90,44.9000,true,1,1341192
7290002105831,false,שניצל עגל קפוא בוואקום מחפוד,,,שניצל עגל בוואקום קפ,קילוגרמים,1.00,"ק""ג",true,,49.90,49.9000,true,1,3453511
7290002107071,false,גבינת פטה עיזים מעודנת 16% משק צוריאל 200 גרם,מחלבת משק צוריאל,IL,בולגרית עיזים מעודנת,גרמים,200.00,100 גרם,false,,22.50,0.1125,true,1,1322949
7290002107385,false,גליל גבינת עיזים מה עז משק צוריאל 180 גרם,מחלבת משק צוריאל,IL,גליל גבינת עיזים מה,גרמים,180.00,100 גרם,false,,19.90,0.1106,true,1,1322951
7290002107491,false,גבינה לבנה מחלב עיזים למריחה 5% משק צוריאל 250 גרם,מחלבת משק צוריאל,IL,גבינה לבנה מחלב עיזי,גרמים,250.00,100 גרם,false,,13.80,0.0552,true,1,1322953
7290002107798,false,גבינה בולגרית מעודנת 5% משק צוריאל 250 גרם,מחלבת משק צוריאל,IL,גבינה בולגרית מעודנת,גרמים,250.00,100 גרם,false,,19.70,0.0788,true,1,1322954
7290002107965,false,טבורוג גבינה לאפייה 5% צוריאל 500 ג',מחלבת משק צוריאל,IL,גבינה לאפיה טבורוג ל,גרמים,500.00,100 גרם,false,,22.90,0.0458,true,1,1322955
7290002109488,false,קבב 100% אמיתי טיבון ויל 440 גרם,"טיבון ויל אחזקות בע""\מ",IL,קבב 100% אמיתי טיבון,גרמים,440.00,100 גרם,false,,19.90,0.0452,true,1,1333639
7290002111085,false,"רוטב עגבניות 22% ""פרי מבורך"" 100 גרם","זנלכל בע""\מ",IL,רסק עגבניות 22 BX פר,גרמים,100.00,100 גרם,false,,1.60,0.0160,true,1,1337573
7290002111139,false,רסק תפוחי עץ טבעי בלי תוספת סוכר פרי מבו,"זנלכל בע""\מ",IL,רסק תפוחי עץ טבעי בל,גרמים,560.00,100 גרם,false,,7.80,0.0139,true,1,1337575
7290002111214,false,גרעיני תירס לייט A2 פרי מבורך 550 גר',"זנלכל בע""\מ",IL,תירס מתוק לייט פרי מ,גרמים,335.00,100 גרם,false,,6.60,0.0197,true,1,1337576
7290002128397,false,נר נשמה שבועי זכוכית,,,נר נשמה שבועי זכוכית,יח',1.00,יח',false,,9.90,9.9000,true,1,3880863
7290002128403,false,נרות שולחן אורה 4 יחידות,קריות זול,IL,נרות שבת אורה מספר 4,יח',1.00,יח',false,,2.90,2.9000,true,1,1354099
7290002128434,false,נרות שבת אורה 10 יחידות,קריות זול,IL,נרות שבת אורה מספר 1,יח',1.00,יח',false,,2.90,2.9000,true,1,1354101
7290002128458,false,נרות שבת אורה מספר 1,מנורה,,נרות שבת אורה מספר 1,יח',1.00,יח',false,,2.90,2.9000,true,1,1354102
7290002128472,false,נרות 72 (4 שעות) רמילוי,,,נרות 72 (4 שעות) רמי,יח',1.00,יח',false,,19.90,19.9000,true,1,3891427
7290002128519,false,נרות 63 (6 שעות) רמילוי,,,נרות 63 (6 שעות) רמי,יח',1.00,יח',false,,19.90,19.9000,true,1,3895126
7290002128540,false,זוג נריות זכוכית לשבת רמילוי,,,זוג נריות זכוכית לשב,יח',1.00,יח',false,,4.50,4.5000,true,1,3895127
7290002128663,false,נרות חימום בלוק 50יח רמילוי,,,נרות חימום בלוק 50יח,יח',1.00,יח',false,,9.90,9.9000,true,1,3887689
7290002128816,false,נרות חימום שקית 50יח רמילוי,,,נרות חימום שקית 50יח,יח',1.00,יח',false,,8.90,8.9000,true,1,3895128
7290002128823,false,נרות חימום 100 בשקית רמילוי,,,נרות חימום 100 בשקית,יח',1.00,יח',false,,17.80,17.8000,true,1,3895129
7290002128885,false,נרות חימום 8 שעות 48יח,,,נרות חימום 8 שעות 48,יח',1.00,יח',false,,20.90,20.9000,true,1,3886683
7290002129455,false,פיצה איטלקית XL גדולה שלושת האופים 450 גרם,,IT,פיצה איטלקית גדולה 4,גרמים,450.00,100 גרם,false,,19.90,0.0442,true,1,3677877
7290002129462,false,פיצה איטלקית דקה שלושת האופים מארז זוג 640 ג',סוילה אס.אר.אל,IT,זוג פיצה איטלקית דקה,יח',1.00,יח',false,,19.90,19.9000,true,1,2880819
7290002129479,false,פיצה מרגריטה איטלקית דקה שלושת האופים 320 גרם,האי נאם סי או אל.טי.,IT,פיצה איטלקית דקה שלו,יח',1.00,יח',false,,9.90,9.9000,true,1,2880820
7290002130567,false,דבש דבורים טהור פרחי בר יד מרדכי 350 גרם,מכוורת יד מרדכי שטראוס ב,IL,דבש טהור 350 גרם,גרמים,350.00,100 גרם,false,,16.90,0.0483,true,1,1327692
7290002130574,false,דבש טהור מפרחי בר בזכוכית 500 ג' יד מרדכי,מכוורת יד מרדכי שטראוס ב,IL,דבש טהור 500 גרם,גרמים,500.00,100 גרם,false,,24.70,0.0494,true,1,1327693
7290002130581,false,"דבש טהור יד מרדכי 1 ק""ג",מכוורת יד מרדכי שטראוס ב,IL,"דבש יד מרדכי 1 ק""ג",100 לקג,1.00,100 לקג,false,,42.90,42.9000,true,1,1327694
7290002132011,false,עוגיות מזרחיות מלוחות עבאדי 400 גרם,מאפיית יוסף ושמחה עבאדי,IL,עוגיות מזרחיות מלוחו,גרמים,400.00,100 גרם,false,,13.90,0.0348,true,1,1336187
7290002133162,false,גבינה בולגרית 5% גבינות השומרון 250 גרם,מחלבת השומרון,IL,גבינה בולגרית 5% גבי,גרמים,250.00,100 גרם,false,,16.90,0.0676,true,1,1321456
7290002133247,false,לאבנה עם שמן זית וזעתר 5% גבינות השומרון 250 גרם,מחלבת השומרון,IL,לאבנה עם שמן זית וזע,גרמים,250.00,100 גרם,false,,12.90,0.0516,true,1,1321457
7290002133506,false,יוגורט של פעם חלב עיזים 4% גבינות השומרון 400 גרם,מחלבת השומרון,IL,יוגורט של פעם חלב עי,מיליליטרים,400.00,"100 מ""ל",false,,9.90,0.0248,true,1,1321458
7290002133537,false,יוגורט של פעם חלב עיזים 4% גבינות השומרון 180 גרם,מחלבת השומרון,IL,יוגורט של פעם חלב עי,מיליליטרים,180.00,"100 מ""ל",false,,5.90,0.0328,true,1,1321460
7290002133551,false,גבינת לאבנה עם שמן זית וזעתר 5% השומרון 500 גרם,מחלבת השומרון,IL,גבינת לאבנה עם שמן ז,גרמים,500.00,100 גרם,false,,14.90,0.0298,true,1,1321462
7290002133889,false,גבינה בולגרית מעודנת 5% 250 גרם,מחלבת השומרון,IL,גבינה בולגרית מעודנת,גרמים,250.00,100 גרם,false,,18.90,0.0756,true,1,1321468
7290002133940,false,יוגורט של פעם כבשים 4% גבינות השומרון 180 גרם,מחלבת השומרון,IL,יוגורט של פעם כבשים,גרמים,180.00,100 גרם,false,,5.50,0.0306,true,1,1321470
7290002157953,false,מארז נתחי טונה בהירה בשמן קנולה - 4 יחידות,דיאמנט פוד פרודקט,IL,טונה ויליגר 392 גרם,גרמים,392.00,100 גרם,false,,18.90,0.0482,true,1,2724560
7290002157960,false,רביעיית טונה במים ויליגר 140 גרם,ויליגר,IL,טונה ויליגר 392 גרם,גרמים,392.00,100 גרם,false,,18.90,0.0482,true,1,2724561
7290002190141,false,ריבת חלב קונדיטור 450גרם,Barhan gida sanayi v,IL,ריבת חלב גלעם 450ג',גרמים,450.00,100 גרם,false,,12.90,0.0287,true,1,1326254
7290002190516,false,"ריבת חלב גלעם-קומידה 500ג' 12X-כשל""פ",אשבל מזון פונקציונלי בע\,IL,ריבת חלב גלעם-קומידה,גרמים,500.00,100 גרם,false,,12.90,0.0258,true,1,1326255
7290002225386,false,גרונות הודו ארוז קפוא מחפוד,עוף ירושלים מהדרין,,גרונות הודו מחפוד,קילוגרמים,1.00,"ק""ג",true,,34.90,34.9000,true,1,1341197
7290002232964,false,ציפוי לשניצל פז טחון דק 500 גרם דגש,"תירפז בע""מ",IL,ציפוי לשניצל פז טחון,גרמים,500.00,100 גרם,false,,27.50,0.0550,true,1,1357357
7290002232995,false,ציפוי לשניצל פז 500 גרם דגש,פ.פ.ח. שאביט,IL,ציפוי לשניצל פז 500,גרמים,500.00,100 גרם,false,,26.90,0.0538,true,1,1357360
7290002253006,false,שום כתוש דורות בצנצנת 200 גרם,עיצובים 2020 (3.8),IL,דורות שום כתוש טרי 2,גרמים,200.00,100 גרם,false,,15.90,0.0795,true,1,1329492
7290002253013,false,ראשום שום כתוש דורות,מוצרי שום ותיבול דורות,IL,דורות ראשום 400 גר,גרמים,400.00,100 גרם,false,,19.90,0.0497,true,1,3878982
7290002253105,false,קוביות שום כתוש טרי דורות 80 גרם,עיצובים 2020 (3.8),IL,קוביות שום כתוש דורו,גרמים,80.00,100 גרם,false,,9.90,0.1238,true,1,1329496
7290002253150,false,קוביות בזיליקום קצוץ דורות 70 גרם,עיצובים 2020 (3.8),IL,קוביות בזיליקום קצוץ,גרמים,70.00,100 גרם,false,,9.50,0.1357,true,1,1329497
7290002253167,false,פטרוזיליה קצוצה דורות 70 גרם,עיצובים 2020 (3.8),IL,פטרוזיליה קצוצה דורו,גרמים,70.00,100 גרם,false,,9.50,0.1357,true,1,1329498
7290002253181,false,קוביות כוסברה קצוצה דורות 70 גרם,עיצובים 2020 (3.8),IL,קוביות כוסברה קצוצה,גרמים,70.00,100 גרם,false,,9.90,0.1414,true,1,1329500
7290002253235,false,דורות רוטב פסטו 160 גרם,עיצובים 2020 (3.8),IL,דורות רוטב פסטו 160ג,גרמים,160.00,100 גרם,false,,10.90,0.0681,true,1,1329502
7290002253259,false,"""דורות"" רוטב עגבניות בזיליקום קפוא 160 גרם",עיצובים 2020 (3.8),IL,דורות רוטב עגבניות ב,גרמים,160.00,100 גרם,false,,11.90,0.0744,true,1,1329504
7290002253310,false,דורות שום צילי חריף קוביות תערובת 80 גר,עיצובים 2020 (3.8),IL,דורות שום צילי חריף,יח',1.00,יח',false,,12.90,12.9000,true,1,3867514
7290002253495,false,קוביות תבל לטחינה ביתית וזעתר דורות 70גר,עיצובים 2020 (3.8),IL,דורות תיבול לטחינה ב,יח',1.00,יח',false,,10.40,10.4000,true,1,3867515
7290002259664,false,רדיד אלומיניום דיימונד גדול 60X0.60מ',ריינולדס מוצרי צריכה,US,רדיד אלומיניום צר רוחב 30,אורך,60.00,אורך,false,,49.00,0.8167,true,1,1344021
7290002263586,false,מיץ לימון 500מל 99.9% סחוט,,IT,מיץ לימון 500מל 99.9,יח',1.00,יח',false,,11.90,11.9000,true,1,3883160
7290002263661,false,מיץ לימון 250מל 100% אחוז טבעי,,IT,מיץ לימון 250מל 100%,יח',1.00,יח',false,,7.80,7.8000,true,1,3883161
7290002270713,false,"קרם ידיים וגוף אבוקדו 45 מ""ל",אבוקדו,,קרם ידיים וגוף אבוקד,מטרים,45.00,100 מ'ל,false,,7.90,0.1756,true,1,1332044
7290002281436,false,סטייק דג טונה בהירה קפוא ללא עור,בין דין פישרי ויאטנם,VN,סטייק דג טונה בהירה,קילוגרמים,1.00,"ק""ג",true,,44.90,44.9000,true,1,3868169
7290002281443,false,סטייק דג טונה עם עור קג,בון צון פישארי,VN,סטייק דג טונה קפוא,קילוגרמים,1.00,"ק""ג",true,,39.90,39.9000,true,1,3868170
7290002281979,false,שריר מס' 8 חלק קפוא קג,פניסקור,AR,בשר מספר 8 חלק צרכני,קילוגרמים,1.00,"ק""ג",true,,0.00,0.0000,true,1,3906848
7290002298571,false,אוסובוקו עם עצם קפוא מחפוד,,,אוסובוקו עם עצם פרוס,קילוגרמים,1.00,"ק""ג",true,,64.90,64.9000,true,1,3713600
7290002331025,false,"מים מינרלים נביעות ספורט 500 מ""ל פקדון",נביעות טבע הגליל בעמ,IL,מים מינרלים נביעות ס,מיליליטרים,500.00,"100 מ""ל",false,,3.30,0.0066,true,1,3866632
7290002331094,false,"מים מינרליים GO TO נביעות 755 מ""ל",נביעות טבע הגליל בעמ,IL,מים מינרליים נביעות,מיליליטרים,755.00,"100 מ""ל",false,,3.60,0.0048,true,1,3859272
7290002331360,false,"נביעות מים מינרליים טו גו מארז 500X6מ""ל",נביעות טבע,IL,מים מינרלים נביעות 6,ליטרים,3.00,ליטר,false,,14.70,4.9000,true,1,1323566
7290002331421,false,"שישיית מים מינרליים GO TO נביעות 755 מ""ל",נביעות טבע הגליל בעמ,IL,מים מינרלים נביעות 6,ליטרים,4.53,ליטר,false,,16.90,3.7307,true,1,1323567
7290002331483,false,"שישיית נביעות אישי בייבי 320 מ""ל",נביעות טבע הגליל בעמ,IL,מים מינרלים נביעות 6,ליטרים,1.92,ליטר,false,,13.90,7.2396,true,1,1323568
7290002333692,false,דוחן אורגני הרדוף 500 גרם,אול אורגני,IL,דוחן אורגני הרדוף 50,גרמים,500.00,100 גרם,false,,9.90,0.0198,true,1,1323875
7290002333999,false,גרעיני חמניות קלופים אורגני הרדוף 300 גרם,אול אורגני,IL,גרעיני חמניות קלופים,גרמים,300.00,100 גרם,false,,10.90,0.0363,true,1,1323880
7290002341123,false,שריר הזרוע 8 צרכני בקר קפוא חלק סופר ביף פולין,,,שריר מס' 8 חלק,קילוגרמים,1.00,"ק""ג",true,,34.90,34.9000,true,1,3872197
7290002341192,false,לשון בקר,,,לשון בקר,קילוגרמים,1.00,"ק""ג",true,,39.90,39.9000,true,1,3467572
7290002342038,false,מיקרופייבר לניקוי והברקת זכוכיות,,,מקרופייבר לניקוי זכו,יח',1.00,יח',false,,7.90,7.9000,true,1,3880887
7290002345022,false,אנטריקוט דק דק מינוט סטייק אל גאוצ'ו 250 גרם,"טיבון ויל אחזקות בע""\מ",IL,אנטריקוט דקדק 250 גר,גרמים,250.00,100 גרם,false,,15.90,0.0636,true,1,3879333
7290002345046,false,סטייק אנטירקוט קפוא 300 ג,,,סטייק אנטירקוט קפוא,גרמים,300.00,100 גרם,false,,23.90,0.0797,true,1,3871750
7290002345060,false,גב.מאסדם הולנדי 29% משקל,סר קאשנדל בי.וי,NL,מאסדם הולנדי,קילוגרמים,1.00,"ק""ג",true,,75.00,75.0000,true,1,3872513
7290002345077,false,שניצל בקר מינוט אל גאוצ'ו קפוא 250 גר,"טיבון ויל אחזקות בע""\מ",IL,שניצל בקר דקדק קפוא,גרמים,250.00,100 גרם,false,,14.90,0.0596,true,1,3868209
7290002345121,false,אסאדו דקדק אל גאוצ'ו 250 גרם,"טיבון ויל אחזקות בע""\מ",IL,אסאדו דקדק 250 גר,גרמים,250.00,100 גרם,false,,24.90,0.0996,true,1,3892769
7290002345152,false,לימון כבוש 250 גרם רמי לוי,,,לימון כבוש 250 גרם ר,גרמים,250.00,100 גרם,false,,11.90,0.0476,true,1,3836134
7290002345169,false,סחוג ירוק 250גר רמי לוי,,,סחוג ירוק 250גר רמי,גרמים,250.00,100 גרם,false,,11.90,0.0476,true,1,3830697
7290002345176,false,סחוג אדום 250 גר רמי לוי,,,סחוג אדום 250 גר רמי,גרמים,250.00,100 גרם,false,,11.90,0.0476,true,1,3830637
7290002345183,false,אריסה מתוקה 250 גר רמי לוי,,,אריסה מתוקה 250 גר ר,גרמים,250.00,100 גרם,false,,11.90,0.0476,true,1,3830638
7290002345190,false,אריסה חריפה 250 גר רמי לוי,,,אריסה חריפה 250 גר ר,גרמים,250.00,100 גרם,false,,11.90,0.0476,true,1,3830639
7290002345206,false,שום כתוש 250 גר רמי לוי,,,שום כתוש 250 גר רמי,גרמים,250.00,100 גרם,false,,11.90,0.0476,true,1,3830640
7290002345213,false,פלפל צומה 250 גרם רמי לוי,,,פלפל צומה 250 גרם רמ,גרמים,250.00,100 גרם,false,,11.90,0.0476,true,1,3836135
7290002345220,false,עמבה 250 גר רמי לוי,,,עמבה 250 גר רמי לוי,גרמים,250.00,100 גרם,false,,11.90,0.0476,true,1,3830641
7290002345237,false,ממרח לימון כבוש 250 גר רמי לוי,,,ממרח לימון כבוש 250,גרמים,250.00,100 גרם,false,,11.90,0.0476,true,1,3830642
7290002345244,false,ממרח שום 250גר רמי לוי,,,ממרח שום 250גר רמי ל,גרמים,235.00,100 גרם,false,,11.90,0.0506,true,1,3830643
7290002345275,false,פילה דג סלמון מעושן 100 גר,,,פילה דג סלמון מעושן,גרמים,100.00,100 גרם,false,,15.90,0.1590,true,1,3844883
7290002345282,false,נתחי פילה סלמון קפוא דלידג,דלידג,IL,נתחי פילה סלמון קפוא,קילוגרמים,1.00,"ק""ג",true,,73.80,73.8000,true,1,3837357
7290002345435,false,פילה מרלוזה ארגנטינאיתקפ,דלידג - נטו,IL,פילה מרלוזה ארגנטינא,קילוגרמים,1.00,"ק""ג",true,,26.90,26.9000,true,1,3868173
7290002345565,false,המבורגר מסעדות ריב ט,טיבון ויל - נטו,IL,המבורגר מסעדות ריב ט,גרמים,560.00,100 גרם,false,,31.80,0.0568,true,1,3868213
7290002349037,false,אנט ג'ל,,,אנט ג'ל,יח',1.00,יח',false,,39.90,39.9000,true,1,3886689
7290002349044,false,ספוג הקסם שלישייה-רמ,,,ספוג הקסם WOW רמילוי,יח',1.00,יח',false,,8.90,8.9000,true,1,3884171
7290002349198,false,ספוג רחצה סאקי,,,ספוג סאקי,יח',1.00,יח',false,,11.90,11.9000,true,1,3895162
7290002349211,false,כרית יפנית 4 יח רמי לוי,,,כרית יפנית 4 יח רמי,יח',1.00,יח',false,,8.30,8.3000,true,1,3895170
7290002349228,false,ספוג פלא עם שכבה ירוקה רמי לוי,,,ספוג פלא עם שכבה ירו,יח',1.00,יח',false,,8.30,8.3000,true,1,3895171
7290002349327,false,מטלית מיקרופייבר אידאלית לרצפה,,,מטלית מיקרופייבר איד,יח',1.00,יח',false,,9.80,9.8000,true,1,3890455
7290002349334,false,מטלית פרימיום לניקוי כללי,,,מטלית פרימיום לניקוי,יח',1.00,יח',false,,11.90,11.9000,true,1,3895174
7290002349549,false,GOOD PHARM - מטליות מיקרופייבר עם ספוג,,,מטליות מיקרופייבר לנ,יח',1.00,יח',false,,14.90,14.9000,true,1,3901523
7290002349587,false,כרית קרצוף נירוסטה רמילוי,,,כרית קרצוף נירוסטה ר,יח',1.00,יח',false,,7.90,7.9000,true,1,3904243
7290002360124,false,חליטת צמחים ורד הבר והיביסקוס פומפדור 20 יחידות,TEEKANNE- POMPADOU,DE,חליטת צמחים ורד הבר,גרמים,30.00,100 גרם,false,,11.90,0.3967,true,1,1327050
7290002360155,false,חליטת תה פרחי שומר פומפדור 20 שקיקים,TEEKANNE- POMPADOU,DE,חליטת שומר פומפדור 2,גרמים,40.00,100 גרם,false,,11.90,0.2975,true,1,1327051
7290002360278,false,חליטת צמחים פומפדור מנטה 20 יחידות,"איטיליאן פוד, אס.פי.",DE,חליטת מנטה פומפדור 2,גרמים,45.00,100 גרם,false,,11.90,0.2644,true,1,1327054
7290002360285,false,חליטת צמחים פומפדור קמומיל 20 יחידות,TEEKANNE- POMPADOU,DE,חליטת קמומיל פומפדור,גרמים,30.00,100 גרם,false,,11.90,0.3967,true,1,1327055
7290002370161,false,גבינת צדר בשלה MATURED ORANGE במשקל,ווייקה פארמס,GB,גבינת צ'דר בשלה שקיל,קילוגרמים,1.00,"ק""ג",true,,95.00,95.0000,true,1,3834491
7290002370604,false,גבינת עיזים חלב ישרא,,,גבינת עיזים חצי קשה,קילוגרמים,1.00,"ק""ג",true,,98.00,98.0000,true,1,3895005
7290002370789,false,גבינת כבשים עם פטריות כמהין במשקל 36% שו,אל פסטור,ES,גבינת כבשים פטריות כ,קילוגרמים,1.00,"ק""ג",true,,160.00,160.0000,true,1,3900098
7290002371526,false,דקניקים סלסולי פסטרמה שום וצילי פיקנטי טירת צבי 120 גרם,הנסיך- מפעל לייצור ט,IL,סלסולי פסטרמה שום וצ,גרמים,120.00,100 גרם,false,,14.90,0.1242,true,1,1324984
7290002371533,false,דקניקים סלסולי פסטרמה דבש טירת צבי 120 גרם,הנסיך- מפעל לייצור ט,IL,סלסולי פסטרמה דבש,גרמים,120.00,100 גרם,false,,13.90,0.1158,true,1,1324985
7290002371854,false,נקניקיות עוף חריפות טירת צבי 2 * 500 גרם,הנסיך- מפעל לייצור ט,IL,נקניקיות עוף חריפות,100 לקג,1.00,100 לקג,false,,22.90,22.9000,true,1,1324988
7290002374640,false,שמן בריאות קנולה פלוס אומגה 3 עץ הזית 1 ליטר,שמן תעשיות,EE,שמן קנולה פלוס אומגה,ליטרים,1.00,ליטר,false,,16.50,16.5000,true,1,1334089
7290002395409,false,גבינה צהובה 28% נועם,החברה המרכזית,,ג. צהובה 28% נעם,קילוגרמים,1.00,"ק""ג",true,,42.70,42.7000,true,1,1322904
7290002395416,false,גבינה צהובה נעם 9%,החברה המרכזית,,ג. צהובה 9% נעם,קילוגרמים,1.00,"ק""ג",true,,71.00,71.0000,true,1,1322905
7290002395423,false,גבינה צהובה 22% נועם,החברה המרכזית,,ג.צהובה 22% נעם,קילוגרמים,1.00,"ק""ג",true,,39.00,39.0000,true,1,1322906
7290002402855,false,נקניקיות קוקטייל 400 גר' מחפוד,עוף ירושלים מהדרין,,נקניקיות קוקטייל 400,גרמים,400.00,100 גרם,false,,8.90,0.0223,true,1,1341370
7290002402978,false,צוואר כבש לתנור ארוז קפוא מחפוד,,,צוואר כבש לתנור קפוא,קילוגרמים,1.00,"ק""ג",true,,79.90,79.9000,true,1,3872206
7290002404576,false,"מוריה- יין מתוק לייט 750 מ""ל",יקבי ארזה,IL,"מוריה לייט 750 מ""ל",מיליליטרים,750.00,"100 מ""ל",false,,16.20,0.0216,true,1,1345215
7290002404583,false,"יין בראשית קברנה ארזה 750 מ""ל",יקבי ארזה,IL,"קברנה 750 מנ""ל",מיליליטרים,750.00,"100 מ""ל",false,,34.90,0.0465,true,1,1345216
7290002404590,false,"יין מרלו הראשית 750 מ""ל היוצר",יקבי ארזה,IL,היוצר בראשית מרלו,מיליליטרים,750.00,"100 מ""ל",false,,34.90,0.0465,true,1,1345217
7290002404606,false,"יין היוצר בראשית שיראז 750 מ""ל",יקבי ארזה,IL,היוצר בראשית שירז,מיליליטרים,750.00,"100 מ""ל",false,,34.90,0.0465,true,1,1345218
7290002404613,false,"יין וירטואוז קברנה 750 מ""ל היוצר",יקבי ארזה,IL,היוצר וירטואוזו קברנ,מיליליטרים,750.00,"100 מ""ל",false,,44.90,0.0599,true,1,1345219
7290002404620,false,"יין היוצר וירטואוזו מרלו 750 מ""ל",יקבי ארזה,IL,היוצר וירטואוזו מרלו,מיליליטרים,750.00,"100 מ""ל",false,,44.90,0.0599,true,1,1345220
7290002404828,false,מיץ ענבים תירוש יקב ארזה 1 ליטר,יקבי ארזה,IL,מיץ ענבים תירוש יקב,ליטרים,1.00,ליטר,false,,15.90,15.9000,true,1,1345224
7290002404958,false,יין גינוסר ליטר -מתוק לקידוש 1 ליטר,יקבי ארזה,IL,גנוסר יין אדום מתוק,ליטרים,1.00,ליטר,false,,14.90,14.9000,true,1,1345231
7290002404965,false,"מוריה יין אדום מתוק יקב ארזה 750 מ""ל",יקבי ארזה,IL,מוריה יין אדום מתוק,מיליליטרים,750.00,"100 מ""ל",false,,16.20,0.0216,true,1,1345232
7290002405245,false,קרקר תפוח אדמה,טעמן,,קרקר תפוח אדמה,גרמים,150.00,100 גרם,false,,11.90,0.0793,true,1,1328446
7290002405313,false,"קרקר תפו""א בטעם בצל",טעמן,,"קרקר תפו""א בטעם בצל",גרמים,150.00,100 גרם,false,,11.90,0.0793,true,1,1328447
7290002407454,false,שמן זית כתית מעולה ס,משק משפחת ג'השאן,IL,שמן זית 750 - זן סורי,מיליליטרים,750.00,"100 מ""ל",false,,39.80,0.0531,true,1,1336539
7290002410713,false,קישקע ממולא קפוא 500גרם,לאטי עזרא גלם ודגים,IL,קישקע 500 גר,גרמים,500.00,100 גרם,false,,9.90,0.0198,true,1,2215188
7290002410874,false,רבעי פרגיות ממולאות קג,לאטי עזרא גלם ודגים,IL,רבעי פרגיות ממולאות,קילוגרמים,1.00,"ק""ג",true,,49.80,49.8000,true,1,1858952
7290002420927,false,נקניקיות קראנץ 1קג ר,,,נקניקיות קראנץ 1קג ר,100 קילו,1.00,100 קילו,false,,19.90,19.9000,true,1,3675745
7290002420934,false,נקניקיות עוף 400 גר,,,נקניקיות עוף 400 גר,גרמים,400.00,100 גרם,false,,7.90,0.0198,true,1,3675746
7290002439981,false,קלאסיקו קבב בקר אל גאוצ'ו,"טיבון ויל אחזקות בע""\מ",IL,קלאסיקו קבב בקר אל ג,גרמים,400.00,100 גרם,false,,23.90,0.0597,true,1,1333673
7290002439998,false,קלאסיקו קבב בקר וכבש אלג,טיבון ויל - נטו,IL,קלאסיקו קבב בקר כבש,גרמים,400.00,100 גרם,false,,23.90,0.0597,true,1,1333674
7290002447511,false,זנב עגל טרי,אדום אדום,,זנב עגל טרי,קילוגרמים,1.00,"ק""ג",true,,73.90,73.9000,true,1,3880444
7290002448051,false,סוכר ענבים פרינוק 500גרם,סטאר סנקס,IL,500 סוכר ענבים,גרמים,500.00,100 גרם,false,,14.00,0.0280,true,1,1323884
7290002448280,false,חטיף נקניקיות עוף 100גרם,,,חטיף נקניקיות עוף 10,יח',1.00,יח',false,,13.90,13.9000,true,1,3881909
7290002448983,false,חטיף סושי ברווז 100גרם,,,חטיף סושי ברווז 100ג,יח',1.00,יח',false,,13.90,13.9000,true,1,3881913
7290002488057,false,"תמר מגהול פרימיום 2 ק""",,,תמר מגהול פרימיום 2,יח',1.00,יח',false,,38.90,38.9000,true,1,3886329
7290002493563,false,תמר מגהול 1 קג קליית השקמה,,,תמר מגהול 1 קג קליית,יח',1.00,יח',false,,19.90,19.9000,true,1,3879733
7290002507604,false,פיצה שגב השף מאיטליה 350 גרם,האי נאם סי או אל.טי.,IT,פיצת השף שגב 320 ג,גרמים,320.00,100 גרם,false,,15.80,0.0494,true,1,3155288
7290002511137,false,מעדניה - פטה עיזים,מחלבת המושבה,IL,פטה עיזים 18%,קילוגרמים,1.00,"ק""ג",true,,99.00,99.0000,true,1,1357938
7290002511243,false,בולגרית מסורתית 16% משקל,"מחלבת המושבה בע""מ",IL,בולגרית מסורתית 16%,קילוגרמים,1.00,"ק""ג",true,,39.00,39.0000,true,1,1357942
7290002511250,false,גב.שמנת שום שמיר30% משקל,"מחלבת המושבה בע""מ",IL,שמנת שום שמיר 30%,קילוגרמים,1.00,"ק""ג",true,,37.00,37.0000,true,1,1357943
7290002511267,false,שמנת 30% פיקנטי המוש,"מחלבת המושבה בע""מ",IL,שמנת בטעם פסטו,קילוגרמים,1.00,"ק""ג",true,,37.00,37.0000,true,1,1357944
7290002511274,false,גבינת שמנת זיתים30%משקל,"מחלבת המושבה בע""מ",IL,שמנת זיתים 30%,קילוגרמים,1.00,"ק""ג",true,,37.00,37.0000,true,1,1357945
7290002511281,false,גבינת ברינזה צאן18% משקל,"מחלבת המושבה בע""מ",IL,*מבצע* ברינזה צאן 16,קילוגרמים,1.00,"ק""ג",true,,74.00,74.0000,true,1,1357946
7290002511311,false,גבינת פיקורינו כבשים,,,גבינת פיקורינו כבשים,קילוגרמים,1.00,"ק""ג",true,,120.00,120.0000,true,1,3863965
7290002511335,false,גבינת תום כבשים מעדנ,מחלבת המושבה,IL,גבינת תום כבשים מעדנ,קילוגרמים,1.00,"ק""ג",true,,120.00,120.0000,true,1,3871736
7290002511397,false,גבינת ברי בקר במשקל,מחלבת מושבה,IL,ברי בקר המושבה,קילוגרמים,1.00,"ק""ג",true,,79.00,79.0000,true,1,3871738
7290002511427,false,אצבעות שוקולד וניל במשקל,"מחלבת המושבה בע""מ",IL,אצבעות שוקולד וניל,קילוגרמים,1.00,"ק""ג",true,,49.00,49.0000,true,1,1357947
7290002511670,false,גבינת צ'דר המושבה מע,,,גבינת צ'דר המושבה מע,קילוגרמים,1.00,"ק""ג",true,,87.00,87.0000,true,1,3376487
7290002511748,false,גבינת גאודה כמהין,"מחלבת המושבה בע""מ",IL,גבינת גאודה כמהין,קילוגרמים,1.00,"ק""ג",true,,120.00,120.0000,true,1,3884064
7290002512004,false,מלוואח צנעני 900 גרם,צנעני מוצרי בצק,IL,מלווח צנעני 900 ג,גרמים,900.00,100 גרם,false,,19.90,0.0221,true,1,1352109
7290002512011,false,צנעני גחנון 900 גרם,צנעני מוצרי בצק,IL,גחנון צנעני 900 ג,גרמים,900.00,100 גרם,false,,19.90,0.0221,true,1,1352110
7290002512035,false,"בצק עלים צנעני 1 ק""ג",צנעני מוצרי בצק,IL,בצק עלים 1קג,יח',1.00,יח',false,,17.90,17.9000,true,1,1352111
7290002512066,false,גחנון אפוי צנעני 600 גרם,YOAL,IL,ג'חנון אפוי 650גר צנ,גרמים,650.00,100 גרם,false,,19.90,0.0306,true,1,3894361
7290002512257,false,מלווח מופחת שומן 700 גר,צנעני,IL,מלווח מופחת שומן 700,גרמים,700.00,100 גרם,false,,17.90,0.0256,true,1,2608282
7290002512264,false,גחנון מופחת שומן 700 גר,צנעני,IL,גחנון מופחת שומן 700,גרמים,700.00,100 גרם,false,,17.90,0.0256,true,1,2608283
7290002515333,false,"ד""ר פישר - קמיל בלו סנסיטיב אל סבון עדין לתינוק 500 מ""ל",פישר מעבדות פרמצבטיות בע,IL,קמיל בלו סנסיטיב אל סבון,מיליליטרים,500.00,"100 מ""ל",false,,17.90,0.0358,true,1,1350029
7290002515364,false,"קמיל בלו אל סבון לתינוק קלאסיק ד""ר פישר 500 מ""ל",פישר מעבדות פרמצבטיות בע,IL,קמיל בלו קלאסיק 500 משאבה,מיליליטרים,500.00,"100 מ""ל",false,,15.90,0.0318,true,1,1350030
7290002515371,false,"קמיל בלו אל סבון לתינוקות ד""ר פישר 1 ליטר",פישר מעבדות פרמצבטיות בע,IL,קמיל בלו קלאסיק ליטר,ליטרים,1.00,ליטר,false,,25.50,25.5000,true,1,1350031
7290002543046,false,קלוגס פרוסטיס דגנים וסוכר 750ג',קלוג מנייופרטורינג א,ES,קלוגס פרוסטיס 750 ג',גרמים,750.00,100 גרם,false,,14.90,0.0199,true,1,1336545
7290002543237,false,דגני בוקר קלוגס קורנפלקס 750 גרם,קלוגס קומפני אוף גרייט ב,GB,קלוגס קורנפלקס 750 ג',גרמים,750.00,100 גרם,false,,13.90,0.0185,true,1,1336551
7290002552260,false,"קרחון טעם משמש לל""ס ריאו מארז 90X8ג'","ביח""\ר לגלידה וממתקים בע",IL,מאגדת-שמיניות קרחוני,יח',1.00,יח',false,,18.30,18.3000,true,1,1342252
7290002552345,false,מאגדת שלגונים גלי גל פרווה 8 יח' ריאו,"גלידות ריאו ביח""ר לג",IL,גליגל שלגונים בטעם ו,יח',1.00,יח',false,,13.90,13.9000,true,1,1342256
7290002552499,false,מאגדת שלגוני שרבט פרווה תות מנגו 8 יח' ריאו,"גלידות ריאו ביח""ר לג",IL,מאגדת שמיניות שלגוני,יח',1.00,יח',false,,17.00,17.0000,true,1,1342263
7290002577492,false,"פילה דג הרינג מלוח בשמן, 340 גרם",מיוצר על ידי קוד יצר,IL,פילה דג הרינג 240 ג,גרמים,240.00,100 גרם,false,,20.70,0.0862,true,1,2371204
7290002577508,false,פילה דג הרינג מלוח בשמן ובצל דלידג 240 ג',מיוצר על ידי קוד יצר,IL,פילה דג הרינג 240 ג,גרמים,240.00,100 גרם,false,,20.90,0.0871,true,1,2371205
7290002589855,false,פסיפלורה מיני,,,פסיפלורה מיני,יח',1.00,יח',false,,14.90,14.9000,true,1,3903074
7290002596295,false,מעורב ירושלמי חבילה,,,מעורב ירושלמי חבילה,גרמים,800.00,100 גרם,false,,31.80,0.0398,true,1,3467689
7290002596448,false,חזה בקר כבוש קורנדבי,מעדני הטלה והעגל,IL,חזה בקר כבוש קורנדבי,קילוגרמים,1.00,"ק""ג",true,,39.80,39.8000,true,1,1945994
7290002603016,false,רביעיית טונה במים ויליגר 140 גרם,ויליגר,IL,טונה ויליגר 392 גרם,גרמים,392.00,100 גרם,false,,18.90,0.0482,true,1,3689955
7290002603474,false,פיצת השף מאיטליה רוטב פטריות בטעם כמהין 256 גרם,סוילה אס.אר.אל,IT,פיצת השף מאיטליה שגב,גרמים,220.00,100 גרם,false,,12.90,0.0586,true,1,3837360
7290002603481,false,פיצת השף מאיטליה CHEF שגב פסטו ועגבניות 200 גרם,האי נאם סי או אל.טי.,IT,פיצת השף מאיטליה שגב,גרמים,220.00,100 גרם,false,,14.90,0.0677,true,1,3837361
7290002603498,false,פיצת השף מאיטליה אנטי פסטי 256 גרם,האי נאם סי או אל.טי.,IT,פיצת השף מאיטליה שגב,גרמים,220.00,100 גרם,false,,12.90,0.0586,true,1,3837362
7290002603504,false,פיצת השף מאיטליה CHEF שגב עגבניות ובצל סגול 200 גרם,סוילה אס.אר.אל,IT,פיצת השף מאיטליה שגב,גרמים,220.00,100 גרם,false,,12.90,0.0586,true,1,3837363
7290002603535,false,בסגנון פטה רמי לוי,,,בסגנון פטה רמי לוי,קילוגרמים,1.00,"ק""ג",true,,26.00,26.0000,true,1,3871746
7290002603764,false,כיסוני תפוא 600 גר רמי לוי,,,כיסוני תפוא 600 גר ר,גרמים,600.00,100 גרם,false,,9.90,0.0165,true,1,3830716
7290002603771,false,פלמני כיסוני בשר 600 גר רמי לוי,,,פלמני כיסוני בשר 600,גרמים,600.00,100 גרם,false,,9.90,0.0165,true,1,3830666
7290002603788,false,קובה חמוסטה 600 גר רמי לוי,,,קובה חמוסטה 600 גר ר,גרמים,600.00,100 גרם,false,,9.90,0.0165,true,1,3830667
7290002603801,false,קובה למרק 600 גר רמי לוי,,,קובה למרק 600 גר רמי,גרמים,600.00,100 גרם,false,,9.90,0.0165,true,1,3830668
7290002603863,false,אמפנדס בשר 600 גר רמי לוי,,,אמפנדס בשר 600 גר רמ,גרמים,600.00,100 גרם,false,,9.90,0.0165,true,1,3830673
7290002603887,false,קובה מטוגן 600 גר רמי לוי,,,קובה מטוגן 600 גר רמ,גרמים,600.00,100 גרם,false,,9.90,0.0165,true,1,3830675
7290002603900,false,פלאפל 500 גר רמי לוי,,,פלאפל 500 גר רמי לוי,גרמים,600.00,100 גרם,false,,9.90,0.0165,true,1,3830677
7290002603917,false,מאפה עלים למילוי 500 גר רמי לוי,,,מאפה עלים למילוי 500,גרמים,500.00,100 גרם,false,,9.90,0.0198,true,1,3830678
7290002603924,false,אגרול סיני 600 גרם ר,,,מאפה אגרול סיני 600,גרמים,600.00,100 גרם,false,,9.90,0.0165,true,1,3830679
7290002603931,false,מאפה פסטל בשר 600 גר רמי לוי,,,מאפה פסטל בשר 600 גר,גרמים,600.00,100 גרם,false,,9.90,0.0165,true,1,3830644
7290002603948,false,"מאפה פסטל תפו""א 600 גר רמי לוי",,,"מאפה פסטל תפו""א 600",גרמים,600.00,100 גרם,false,,9.90,0.0165,true,1,3830645
7290002603955,false,מאפה סיגר בשר 600 גר רמי לוי,,,מאפה סיגר בשר 600 גר,גרמים,600.00,100 גרם,false,,9.90,0.0165,true,1,3830646
7290002603962,false,"מאפה סיגר תפו""א 600 גר רמי לוי",,,"מאפה סיגר תפו""א 600",גרמים,600.00,100 גרם,false,,9.90,0.0165,true,1,3830647
7290002603979,false,פיצה איטלקית 320גר רמי לוי,,,פיצה איטלקית 320גר ר,גרמים,350.00,100 גרם,false,,10.90,0.0311,true,1,3830717
7290002603986,false,פיצה מרגריטה זוג 640 גרם רמי לוי,,,פיצה מרגריטה זוג 640,גרמים,640.00,100 גרם,false,,19.90,0.0311,true,1,3832515
7290002603993,false,פיצה מרגריטה זיתים 340 גר רמי לוי,,,פיצה מרגריטה זיתים 3,גרמים,350.00,100 גרם,false,,11.90,0.0340,true,1,3830718
7290002608370,false,לחמניית בגט (רבע בגט,,,רבע באגט,יח',1.00,יח',false,,1.60,1.6000,true,1,2905591
7290002608516,false,לחם מחמצת מקמח מלא 5,פילסברי,,לחם מחמצת מקמח מלא,יח',1.00,יח',false,,15.90,15.9000,true,1,3862907
7290002608899,false,עוגיות מנגלך טעם שוק,פילסברי,IL,מארז מינגלך שוקולד,יח',1.00,יח',false,,19.90,19.9000,true,1,3904072
7290002610168,false,עוף מספר 2 קפוא ארוז חתם סופר,,,עוף מס' 2 קפוא חתם ס,קילוגרמים,1.00,"ק""ג",true,,19.90,19.9000,true,1,3861241
7290002610175,false,כרעיים עוף קפוא ארוז חתם סופר,,,כרעיים עוף ארוז קפוא,קילוגרמים,1.00,"ק""ג",true,,23.90,23.9000,true,1,3872228
7290002610199,false,כנפיים עוף קפוא ארוז חתם סופר,,,כנפיים עוף ארוז קפוא,קילוגרמים,1.00,"ק""ג",true,,7.90,7.9000,true,1,3872229
7290002610212,false,ירכיים עוף קפוא ארוז חתם סופר,,,ירכיים עוף ארוז קפוא,קילוגרמים,1.00,"ק""ג",true,,25.90,25.9000,true,1,3861242
7290002610236,false,שניצל עוף פרוס ארוז קפוא חתם סופר,,,שניצל עוף פרוס ארוז,קילוגרמים,1.00,"ק""ג",true,,25.90,25.9000,true,1,3872232
7290002610243,false,"סטייק פרגיות עוף ארוז קפוא חת""ס",,,סטייק פרגיות עוף ארו,קילוגרמים,1.00,"ק""ג",true,,46.90,46.9000,true,1,3864207
7290002610267,false,לבבות עוף קפוא ארוז חתם סופר,,,לבבות עוף ארוז קפוא,קילוגרמים,1.00,"ק""ג",true,,24.90,24.9000,true,1,3872234
7290002627098,false,פיצה ביס שלושת האופים 350 גרם,שגמור ייצור ושווק מוצרי,IL,פיצה ביס 350ג שלושת,גרמים,350.00,100 גרם,false,,14.90,0.0426,true,1,3897917
7290002627135,false,פיצה איטלקית ד.גבינה 340 ג,,,פיצה איטלקית ד.גבינה,גרמים,340.00,100 גרם,false,,11.90,0.0350,true,1,3880771
7290002627210,false,גפילטע פיש קציצות מדגי קרפיון וכסיף בצנצנת 560 גרם,האי נאם סי או אל.טי.,IL,גפילטע פיש דלידג 280,גרמים,280.00,100 גרם,false,,9.90,0.0354,true,1,3879334
7290002651116,false,גחנון חמסי 1 קג לא א,מאפיית אריאל,IL,"ג'חנון חמסי 1 ק""ג",גרמים,1000.00,100 גרם,false,,15.90,0.0159,true,1,1332863
7290002651123,false,מלאווח חמסי ארוז 1 ק,מאפיית אריאל,IL,"מלוואח חמסי 1 ק""ג",גרמים,1000.00,100 גרם,false,,14.90,0.0149,true,1,1332864
7290002661153,false,"לחם דני קל ברמן 1 ק""",מאפית י את א ברמן בע,IL,לחם דני קל 1 קג,גרמים,1.00,100 גרם,false,,14.90,14.9000,true,1,3869519
7290002674221,false,"אקווה פרש משחת שינים משאבה מנטה 100 מ""ל",גלקסו סמית קליין,GB,"אקוה פרש משאבה 100 מ""ל",גרמים,100.00,100 גרם,false,,11.80,0.1180,true,1,1344023
7290002679035,false,נתחי חזה הודו טרי,,,נתחי חזה הודו טרי,קילוגרמים,1.00,"ק""ג",true,,27.90,27.9000,true,1,3873125
7290002679042,false,שוק הודו טרי,,,שוק הודו טרי,קילוגרמים,1.00,"ק""ג",true,,20.90,20.9000,true,1,3873126
7290002679066,false,שווארמה הודו נקבה טר,,,שווארמה הודו נקבה טר,קילוגרמים,1.00,"ק""ג",true,,59.90,59.9000,true,1,3873128
7290002679080,false,גרון הודו טרי,,,גרון הודו טרי,קילוגרמים,1.00,"ק""ג",true,,24.90,24.9000,true,1,3873130
7290002679097,false,חזה חצוי הודו טרי,,,חזה חצוי הודו טרי,קילוגרמים,1.00,"ק""ג",true,,29.90,29.9000,true,1,3873131
7290002679547,false,קורקבן הודו טרי,,,קורקבן הודו טרי,קילוגרמים,1.00,"ק""ג",true,,11.90,11.9000,true,1,3873134
7290002679769,false,גרון הודו מחפוד,,,גרון הודו מחפוד,קילוגרמים,1.00,"ק""ג",true,,31.90,31.9000,true,1,3873141
7290002679776,false,כנפיים הודו מחפוד,,,כנפיים הודו מחפוד,קילוגרמים,1.00,"ק""ג",true,,19.90,19.9000,true,1,3873142
7290002680314,false,עוף טרי,,,עוף טרי,קילוגרמים,1.00,"ק""ג",true,,18.90,18.9000,true,1,3873147
7290002680321,false,כרעיים עוף טרי,,,כרעיים עוף טרי,קילוגרמים,1.00,"ק""ג",true,,24.90,24.9000,true,1,3873148
7290002680338,false,שוקיים עוף טרי,,,שוקיים עוף טרי,קילוגרמים,1.00,"ק""ג",true,,27.90,27.9000,true,1,3873149
7290002680345,false,ירכיים עוף טרי,,,ירכיים עוף טרי,קילוגרמים,1.00,"ק""ג",true,,24.90,24.9000,true,1,3873150
7290002680352,false,שניצל עוף טרי,,,שניצל עוף טרי,קילוגרמים,1.00,"ק""ג",true,,36.90,36.9000,true,1,3873151
7290002680369,false,חזה שלם טרי,,,חזה שלם טרי,קילוגרמים,1.00,"ק""ג",true,,34.90,34.9000,true,1,3873152
7290002680376,false,פילה עוף טרי,,,פילה עוף טרי,קילוגרמים,1.00,"ק""ג",true,,34.90,34.9000,true,1,3873153
7290002680383,false,לב עוף טרי,,,לב עוף טרי,קילוגרמים,1.00,"ק""ג",true,,27.90,27.9000,true,1,3873154
7290002680406,false,כנפיים עוף טרי,הוד חפר,,כנפיים עוף טרי,קילוגרמים,1.00,"ק""ג",true,,9.90,9.9000,true,1,3873156
7290002680413,false,כבד עוף טרי לצלייה ב,,,כבד עוף טרי לצלייה ב,קילוגרמים,1.00,"ק""ג",true,,22.90,22.9000,true,1,3873157
7290002680420,false,קורקבן עוף טרי,,,קורקבן עוף טרי,קילוגרמים,1.00,"ק""ג",true,,9.90,9.9000,true,1,3873158
7290002680604,false,שניצל דק דק רמי לוי,,,שניצל דק דק רמי לוי,קילוגרמים,1.00,"ק""ג",true,,39.90,39.9000,true,1,3873160
7290002681007,false,קוקטייל עוף פרימיום,,,קוקטייל עוף פרימיום,קילוגרמים,1.00,"ק""ג",true,,29.90,29.9000,true,1,3873161
7290002681021,false,כרעיים מפורק עוף טרי,,,כרעיים מפורק עוף טרי,קילוגרמים,1.00,"ק""ג",true,,44.90,44.9000,true,1,3873162
7290002681137,false,שניצל דק דק פרימיום,,,שניצל דק דק פרימיום,קילוגרמים,1.00,"ק""ג",true,,39.90,39.9000,true,1,3873165
7290002681472,false,טחול עוף טרי,,,טחול עוף טרי,קילוגרמים,1.00,"ק""ג",true,,54.90,54.9000,true,1,3873173
7290002681526,false,עוף שלם טרי מחפוד,,,עוף שלם טרי מחפוד,קילוגרמים,1.00,"ק""ג",true,,22.90,22.9000,true,1,3873176
7290002681533,false,חזה טרי מחפוד,,,חזה טרי מחפוד,קילוגרמים,1.00,"ק""ג",true,,32.90,32.9000,true,1,3873177
7290002681540,false,כרעיים טרי מחפוד,,,כרעיים טרי מחפוד,קילוגרמים,1.00,"ק""ג",true,,32.90,32.9000,true,1,3873178
7290002681557,false,ירכיים טרי מחפוד,,,ירכיים טרי מחפוד,קילוגרמים,1.00,"ק""ג",true,,29.90,29.9000,true,1,3873179
7290002681564,false,שוקיים עוף טרי מחפוד,,,שוקיים עוף טרי מחפוד,קילוגרמים,1.00,"ק""ג",true,,33.90,33.9000,true,1,3873180
7290002681601,false,כנפיים טרי מחפוד,,,כנפיים טרי מחפוד,קילוגרמים,1.00,"ק""ג",true,,12.90,12.9000,true,1,3873184
7290002681625,false,שניצל עוף טרי מחפוד,,,שניצל עוף טרי מחפוד,קילוגרמים,1.00,"ק""ג",true,,34.90,34.9000,true,1,3873186
7290002683711,false,פילה עוף מובחר פרימי,,,פילה עוף מובחר פרימי,קילוגרמים,1.00,"ק""ג",true,,34.90,34.9000,true,1,3895229
7290002683728,false,חזה עוף פרימיום,,,חזה עוף פרימיום,קילוגרמים,1.00,"ק""ג",true,,35.90,35.9000,true,1,3895230
7290002683735,false,כרעיים פרימיום,,,כרעיים פרימיום,קילוגרמים,1.00,"ק""ג",true,,29.90,29.9000,true,1,3895231
7290002683742,false,שוקיים פרימיום,,,שוקיים פרימיום,קילוגרמים,1.00,"ק""ג",true,,29.90,29.9000,true,1,3895232
7290002683759,false,כנפיים פרימיום,,,כנפיים פרימיום,קילוגרמים,1.00,"ק""ג",true,,15.00,15.0000,true,1,3895233
7290002692393,false,שמן קנולה מזוכך מועשר עץ הזית 1 ליטר,שמן תעשיות בעמ,EE,שמן קנולה מזוכך מועש,ליטרים,1.00,ליטר,false,,13.70,13.7000,true,1,1334090
7290002692478,false,"שמן זית כתית מעולה קלאסי מעודן 750 מ""ל עץ הזית","מרקאולאו, ספרד.אבסה,",IT,שמן זית כתית מעולה מ,מיליליטרים,750.00,"100 מ""ל",false,,32.80,0.0437,true,1,1334093
7290002692768,false,"תרסיס שמן קנולה מזוכך ללא תוספת גז עץ הזית 200 מ""ל",טרנסומס פוד איי בי,IT,תרסיס שמן קנולה עץ ה,מיליליטרים,200.00,"100 מ""ל",false,,15.80,0.0790,true,1,1334096
7290002692775,false,"תרסיס שמן קנולה בטעם חמאה עץ הזית 200 מ""ל",קומפניה,IT,תרסיס שמן חמאה עץ הז,מיליליטרים,200.00,"100 מ""ל",false,,15.70,0.0785,true,1,1334097
7290002692782,false,"תרסיס שמן זית כתית מעולה ללא תוספת גז עץ הזית 150 מ""ל",י.ב טכנולוגיות אריזה,IT,תרסיס שמן זית עץ הזי,מיליליטרים,148.00,"100 מ""ל",false,,15.70,0.1061,true,1,1334098
7290002706731,false,דלידג רצועות פילה הנסיכה קפוא 100%,דלידג ק.מלאכי,IL,רצועות פילה נסיכת הנ,קילוגרמים,1.00,"ק""ג",true,,69.90,69.9000,true,1,1350550
7290002706915,false,"פילה נסיכת הנילוס קפוא עד""ח",דלידג - נטו,IL,נסיכת הנילוס,קילוגרמים,1.00,"ק""ג",true,,64.90,64.9000,true,1,1350555
7290002710004,false,ביצים אורגניות מן הטבע 12 יחידות,מן הטבע בארותיים,IL,ביצים אורגניות מן הט,יח',1.00,יח',false,,21.90,21.9000,true,1,1339747
7290002710110,false,ביצי חופש לארג' 12 יחידות,מן הטבע בארותיים,IL,ביצי חופש 12 יח מן ה,יח',1.00,יח',false,,14.90,14.9000,true,1,1339748
7290002715375,false,קבב יווני טיבון ויל 400 גרם,טיבון ויל אחזקות בעמ,IL,קבב יווני טיבון ויל,גרמים,400.00,100 גרם,false,,17.90,0.0447,true,1,1333693
7290002715504,false,ארוחת נודלס בטעם עוף מג'יק 70 גרם,טאט הוי פוד בעמ,SG,ארוחת נודלס בטעם עוף,גרמים,70.00,100 גרם,false,,4.90,0.0700,true,1,1333694
7290002715511,false,ארוחת נודלס בטעם בשר מג'יק 70 גרם,טאט הוי פוד בעמ,SG,ארוחת נודלס בטעם בשר,גרמים,70.00,100 גרם,false,,4.90,0.0700,true,1,1333695
7290002715528,false,ארוחת נודלס בטעם ירקות מג'יק 70 גרם,טאט הוי פוד בעמ,SG,ארוחת נודלס בטעם ירק,גרמים,70.00,100 גרם,false,,4.50,0.0643,true,1,1333696
7290002715580,false,ארוחת נודלס בטעם סיני חריף מג'יק 70 גרם,טאט הוי פוד בעמ,SG,ארוחת נודלס בטעם סינ,גרמים,70.00,100 גרם,false,,4.90,0.0700,true,1,1333698
7290002730262,false,"נוזל לניקוי כלים קלאסי פלמוליב 750 מ""ל",יבואן ומשווק: ש. שסט,GR,נוזל לניקוי כלים קלא,מיליליטרים,750.00,"100 מ""ל",false,,11.90,0.0159,true,1,1327061
7290002730354,false,וניה תחבושת הגינית מקסי-מרכז,CILAG GMBH INTERNATI,BE,וניה תחבושות ללילה ו,יח',12.00,יח',false,,23.90,1.9917,true,1,1327062
7290002730521,false,צימרוני אוזניים בלונס בקופסא 200 יח',קריות זול,GR,צמרוני אוזניים בלונס,יח',200.00,יח',false,,5.90,0.0295,true,1,1327064
7290002730538,false,בלונס פדים להסרת איפור 80 יח',הנסיך- מפעל לייצור ט,GR,פדיות להסרת איפור בל,יח',80.00,יח',false,,7.90,0.0988,true,1,1327065
7290002730675,false,"קולגייט משחת שיניים אדומה משפחתי 100 מ""ל",קולגייט-פלמוליב,PL,משחת שיניים קולגייט,מיליליטרים,100.00,"100 מ""ל",false,,10.90,0.1090,true,1,1327067
7290002730903,false,פלמוליב סבון מוצק ורדים רביעייה * 125 ג',הנסיך- מפעל לייצור ט,TR,סבון מוצק ורדים פלמו,גרמים,500.00,100 גרם,false,,16.90,0.0338,true,1,1327069
7290002730941,false,כדורי צמר גפן בלונס 100 יחידות,הנסיך- מפעל לייצור ט,GR,צמר גפן פרוס בלונס 1,גרמים,100.00,100 גרם,false,,5.90,0.0590,true,1,1327072
7290002730958,false,סבון מוצק בניחוח זיתים ואלוורה פלמוליב 4*100 גרם,הנסיך- מפעל לייצור ט,TR,סבון מוצק בניחוח זית,גרמים,400.00,100 גרם,false,,16.90,0.0422,true,1,1327073
7290002735809,false,בצק עלים רמי לוי 1קג,ינון,IL,בצק עלים רמי לוי 1קג,גרמים,1000.00,100 גרם,false,,11.90,0.0119,true,1,1357115
7290002735816,false,גחנון רמי לוי 750 גרם,ינון,IL,גחנון רמי לוי 750 גר,גרמים,750.00,100 גרם,false,,11.90,0.0159,true,1,1357116
7290002735823,false,מלווח רמי לוי 700 גרם,ינון,IL,מלווח רמי לוי 700 גר,גרמים,700.00,100 גרם,false,,11.90,0.0170,true,1,1357117
7290002735830,false,בורקס תפוא רמי לוי 800 גרם,ינון,IL,בורקס תפוא רמי לוי 8,גרמים,800.00,100 גרם,false,,10.90,0.0136,true,1,1357118
7290002735847,false,בורקס גבינה רמי לוי 800 גרם,ינון,IL,בורקס גבינה רמי לוי,גרמים,800.00,100 גרם,false,,12.90,0.0161,true,1,1357119
7290002735854,false,גחנון אפוי רמי לוי 600 גרם,ינון,IL,גחנון אפוי רמי לוי 6,גרמים,600.00,100 גרם,false,,11.90,0.0198,true,1,1357120
7290002735861,false,נקניקיה מהצומח בציפו,,,נקניקיה מהצומח בציפו,גרמים,700.00,100 גרם,false,,19.90,0.0284,true,1,2677314
7290002735878,false,מאפה בצק עלים למילוי,,,מאפה בצק עלים למילוי,גרמים,600.00,100 גרם,false,,10.90,0.0182,true,1,2691055
7290002748229,false,כרעיים עוף ארוז קפוא,עוף ירושלים מהדרין,,כרעיים עוף ארוז קפוא,קילוגרמים,1.00,"ק""ג",true,,23.90,23.9000,true,1,1341241
7290002748250,false,חזה עוף ארוז קפוא שק,עוף ירושלים,IL,חזה עוף ארוז קפוא שק,קילוגרמים,1.00,"ק""ג",true,,22.90,22.9000,true,1,1341242
7290002748281,false,שוקיים עוף ארוז קפוא,עוף ירושלים,,שוקיים עוף ארוז קפוא,קילוגרמים,1.00,"ק""ג",true,,23.90,23.9000,true,1,1341244
7290002748298,false,ירכיים עוף ארוז קפוא,עוף ירושלים,,ירכיים עוף ארוז קפוא,קילוגרמים,1.00,"ק""ג",true,,25.90,25.9000,true,1,1341245
7290002748328,false,כבד עוף ארוז קפוא שק,עוף ירושלים,,כבד עוף ארוז קפוא שק,קילוגרמים,1.00,"ק""ג",true,,16.90,16.9000,true,1,1341247
7290002748335,false,לבבות עוף שקיל,עוף ירושלים מהדרין,,לבבות עוף שקיל,קילוגרמים,1.00,"ק""ג",true,,22.90,22.9000,true,1,1341248
7290002750154,false,שישיית לחמניות יאמיס,פילסברי,IL,מארז6 לחמניית יאמי,יח',1.00,יח',false,,12.90,12.9000,true,1,2905627
7290002750383,false,לחם מחמצת טוסקני כפר,פילסברי,,לחם מחמצת טוסקני כפר,יח',1.00,יח',false,,15.90,15.9000,true,1,3891705
7290002750963,false,באגט רוסטיק פילסברי,פילסברי,,באגט רוסטיק,יח',1.00,יח',false,,6.90,6.9000,true,1,3886053
7290002750987,false,חלה פילסברי קלועה מתוקה 550ג',פילסברי,,חלה רגילה קלועה פילס,יח',1.00,יח',false,,12.40,12.4000,true,1,2799060
7290002752332,false,"סוכריות מנטוס פירות בגליל, 37.5 גרם",הדקלאים אגודת שיתופי,NL,סוכריות בטעם פירות מ,גרמים,37.50,100 גרם,false,,2.90,0.0773,true,1,1337091
7290002752349,false,סוכריות מנטוס מנטה 40יח' בגליל 38ג',פרפטי ואן מלה,NL,סוכריות מנטה מנטוס 3,גרמים,37.50,100 גרם,false,,2.90,0.0773,true,1,1337092
7290002752493,false,רביעיה סוכריות מנטה 4* 16 ג' טיק טק,פררו - אלבה,ZA,טיק טק מנטה רביעייה,גרמים,64.00,100 גרם,false,,9.90,0.1547,true,1,1337093
7290002753223,false,רביעייה סוכריות תפוז 4*16 ג' טיק טק,פררו - אלבה,ZA,טיק טק תפוז רביעייה,גרמים,64.00,100 גרם,false,,9.90,0.1547,true,1,1337094
7290002757665,false,קבב מזרחי טיבון ויל 400 ג',טיבון ויל,IL,קבב מזרחי 400 גרם,גרמים,400.00,100 גרם,false,,9.90,0.0248,true,1,1333707
7290002757672,false,המבורגר מזרחי טיבון ויל 400ג',טיבון ויל,IL,המבורגר 400 גרם,גרמים,400.00,100 גרם,false,,9.90,0.0248,true,1,1333708
7290002768036,false,"מי פה תיאדנט ענק מונע עששת 150מ""ל",אמיליה קוסמטיקס,IL,מי פה למניעת עששת תי,מיליליטרים,150.00,"100 מ""ל",false,,14.70,0.0980,true,1,1332045
7290002768043,false,"תיאדנט מי-פה ענק פלאוריד 150 מ""ל",אמיליה קוסמטיקס בע'\'\מ,IL,"מי פה תיאדנט 150 מ""ל",מיליליטרים,150.00,"100 מ""ל",false,,14.70,0.0980,true,1,1332046
7290002771104,false,קפה עם הל אל נחלה 500 גרם,מולינו ניקולי s.p.a,IL,קפה עם הל אל נחלה 50,גרמים,500.00,100 גרם,false,,29.90,0.0598,true,1,1344665
7290002771111,false,קפה עם הל אל נחלה 250 גרם,מולינו ניקולי s.p.a,IL,קפה עם הל אל נחלה 25,גרמים,250.00,100 גרם,false,,15.90,0.0636,true,1,1344666
7290002771128,false,קפה אלנח'לה בלי הל 250 ג',מולינו ניקולי s.p.a,IL,קפה אל נחלה 250 גרם,גרמים,250.00,100 גרם,false,,15.90,0.0636,true,1,1344667
7290002771326,false,קפסולות קפה אלנחלה קלוי טחון עם הל 10 יח,קפה אל נח'לה,IL,קפסולות קפה קלוי וטח,יח',1.00,יח',false,,18.90,18.9000,true,1,3879949
7290002782131,false,"פנינה רוזנבלום - דאודורנט ספריי לאישה מס' 1 150 מ""ל",פנינה רוזנבלום,IL,דאודורנט ספריי מס' 1,מיליליטרים,150.00,"100 מ""ל",false,,21.90,0.1460,true,1,1339975
7290002782742,false,"פנינה רוזנבלום - דאודורנט ספריי לאישה מס' 2 150 מ""ל",פנינה רוזנבלום,IL,דאודורנט ספריי לנשים,מיליליטרים,150.00,"100 מ""ל",false,,14.90,0.0993,true,1,1339977
7290002782759,false,"פנינה קרם גוף רוזנבלום 400 מ""ל",פנינה רוזנבלום,IL,קרם גוף מס' 2 פנינה,מיליליטרים,340.00,"100 מ""ל",false,,22.90,0.0674,true,1,1339974
7290002793311,false,שירות והחלפה מילוי גז 60 סודהסטרים,סודה סטרים,IL,מילוי גז למיכל סודה,יח',1.00,יח',false,,48.90,48.9000,true,1,1335632
7290002805151,false,סיף פנטסטיק לרצפות בניחוח סחלבים 4ל',יוניליוור ישראל טיפו,IL,פנטסטיק רצפות סחלבים,ליטרים,4.00,ליטר,false,,16.90,4.2250,true,1,1331188
7290002814054,false,סנט מוריץ מתז אנטרטיק מתז 1 ליטר,קומפלקס כימיקלים בעמ,IL,אנטרטיק במתז 1 ליטר,יח',1.00,יח',false,,9.90,9.9000,true,1,3869121
7290002814078,false,סנט מוריץ נוזל לניקוי אמבט אנטרטיק 1ל',"קומפלקס כימיקלים בע""",IL,מבריק ומחטא אנטרטיק,ליטרים,1.00,ליטר,false,,4.90,4.9000,true,1,1339779
7290002814290,false,קצף מרוכז blanco בניחוח לימון משמיד 99.9% חיידקים סנט מוריץ 1 ליטר,קומפלקס כימיקלים בעמ,IL,קצף מרוכז אקונומיקה,יח',1.00,יח',false,,9.90,9.9000,true,1,3886325
7290002814368,false,"סנט מוריץ - מרסס מסיר שומנים קר 800 מ""ל",,,מסיר שומנים קר מתז 8,מיליליטרים,800.00,"100 מ""ל",false,,13.90,0.0174,true,1,3893253
7290002814498,false,"סנט מוריץ - מרסס חומץ לניקוי כללי 750 מ""ל",קומפלקס כימיקלים,TR,נוזל לניקוי כללי תוס,מיליליטרים,750.00,"100 מ""ל",false,,7.90,0.0105,true,1,3893254
7290002814528,false,נוזל לניקוי האסלה סנט מוריץ 1 ליטר,קומפלקס כימיקלים בעמ,IL,סנט מוריץ מס' 1 לאסל,ליטרים,1.00,ליטר,false,,4.90,4.9000,true,1,1339792
7290002814580,false,טורנדו גרגירים לפתיחת סתימות 200 גרם,"קומפלקס כימיקלים בע""",IL,טורנדו גרגרים לפתיחת,גרמים,200.00,100 גרם,false,,9.90,0.0495,true,1,2486458
7290002814597,false,סנט מוריץ טורנדו נוזל לפתיחת סתימות 1 לי,קומפלקס כימיקלים,IL,סנט מוריץ טורנדו נוז,מטרים,1000.00,100 מ'ל,false,,14.90,0.0149,true,1,2486459
7290002814610,false,סנט מוריץ מסיר שומנים מבושם שחור 1 ליטר,קומפלקס כימיקלים בעמ,IL,סנט מוריץ מסיר שומני,יח',1.00,יח',false,,12.90,12.9000,true,1,3886327
7290002814665,false,סנט מוריץ - מרסס מסיר עובש 1 ליטר,קומפלקס כימיקלים,IL,מסיר עובש 1לי-סנט מו,יח',1.00,יח',false,,9.90,9.9000,true,1,3890853
7290002814689,false,"נוזל כלים סנט מוריץ בניחוח לימון מארז 750X3מ""ל",קומפלקס כימיקלים,IL,נוזל לכלים שלישייה 7,מיליליטרים,750.00,"100 מ""ל",false,,16.50,0.0220,true,1,1339795
7290002814887,false,מטליות רצפה לניקוי ובישום סנטמוריץ,קומפלקס כימיקלים,CN,מטליות רצפה לניקוי ו,יח',1.00,יח',false,,8.90,8.9000,true,1,3879708
7290002824183,false,"גבינה לבנה סקי 500 גרם 5% ""שטראוס"" -מוצר בפיקוח",מיוצר עי קונדיטוריית,IL,גבינה לבנה סקי 5% שו,גרמים,500.00,100 גרם,false,,9.20,0.0184,true,1,1341737
7290002824466,false,יוגורט דנונה ביו לבן 0% שומן 200 גרם,"שטראוס בריאות בע""\מ",IL,יוגורט דנונה ביו לבן,מיליליטרים,200.00,"100 מ""ל",false,,3.40,0.0170,true,1,1341738
7290002824640,false,"גבינת סקי 250 גרם 5% ""שטראוס"" -מוצר בפיקוח",מיוצר עי קונדיטוריית,IL,גבינה לבנה סקי 5% שו,גרמים,250.00,100 גרם,false,,4.70,0.0188,true,1,1341740
7290002825722,false,סלט כרוב אדום אחלה 500 גרם,מיוצר עי קונדיטוריית,IL,סלט כרוב אדום אחלה 5,גרמים,500.00,100 גרם,false,,12.90,0.0258,true,1,1341744
7290002827306,false,נקניקיות עוף ירושלים מחפוד 400 ג',עוף ירושלים,IL,נקניקיות עוף 400ג מח,גרמים,400.00,100 גרם,false,,8.90,0.0223,true,1,1341380
7290002827320,false,נקניקיות מרגז קפוא גלאט הדר הבשר 400ג',עוף ירושלים,IL,נקניקיות מרגז 400 גר,גרמים,400.00,100 גרם,false,,18.90,0.0472,true,1,1341381
7290002827337,false,נקניקיות עוף פיקנטי חריף 400 מחפוד,עוף ירושלים,IL,נקניקיות עוף פיקנטי,גרמים,400.00,100 גרם,false,,8.90,0.0223,true,1,1341382
7290002827740,false,כתף כבש פרוס קפוא מחפוד,,,כתף כבש פרוס מחפוד,קילוגרמים,1.00,"ק""ג",true,,119.90,119.9000,true,1,1888755
7290002827801,false,טבעות עוף 600ג מחפוד,עוף ירושלים,,טבעות עוף 600ג מחפוד,גרמים,600.00,100 גרם,false,,21.90,0.0365,true,1,1341386
7290002827818,false,עוף ירושלים נגיסי עוף 500 גר מחפוד.,עוף ירושלים,,נגיסי עוף 600 גרם מח,גרמים,600.00,100 גרם,false,,19.90,0.0332,true,1,1341387
7290002827825,false,שניצל אמיתי מצופה (חמם הגש) מחפוד,עוף ירושלים,,שניצל עוף אמיתי 600,גרמים,600.00,100 גרם,false,,21.90,0.0365,true,1,1341388
7290002827931,false,זרוע כבש קפוא בוואקו,,,זרוע כבש קפוא בוואקו,קילוגרמים,1.00,"ק""ג",true,,129.90,129.9000,true,1,3872239
7290002830948,false,גבינת עיזים מותכת 30% מון בלאן 120 גרם,סלס קרית מלאכי ישראל,IL,גבינת עיזים מותכת 30,גרמים,120.00,100 גרם,false,,8.90,0.0742,true,1,1333743
7290002862000,false,הררית אריסה טוניסאית,"הררית מזון בע""מ",IL,אריסה 250 גביע הררית,גרמים,250.00,100 גרם,false,,12.90,0.0516,true,1,1357888
7290002862017,false,שום כתוש 250 הררית,"הררית מזון בע""מ",IL,שום כתוש 250 הררית,גרמים,250.00,100 גרם,false,,12.90,0.0516,true,1,1357889
7290002862031,false,אריסה 250מתובלת הררית,"הררית מזון בע""מ",IL,אריסה 250מתובלת הררי,גרמים,250.00,100 גרם,false,,12.90,0.0516,true,1,1357890
7290002862055,false,לימון כבוש 250 גרם,,IL,לימון כבוש 250 גרם,גרמים,250.00,100 גרם,false,,12.90,0.0516,true,1,1357892
7290002862093,false,חזרת 250 גרם,"הררית מזון בע""מ",IL,חזרת 250 גרם,גרמים,250.00,100 גרם,false,,12.90,0.0516,true,1,1357893
7290002862123,false,סחוג ירוק 150 גר הררית,"הררית מזון בע""מ",IL,סחוג ירוק 150 גר הרר,גרמים,250.00,100 גרם,false,,9.90,0.0396,true,1,1357894
7290002862338,false,סחוג אדום 150 גרם,"הררית מזון בע""מ",IL,סחוג אדום 150 גרם,גרמים,150.00,100 גרם,false,,9.90,0.0660,true,1,1357897
7290002862352,false,פפריקה מתוקה בשמן 400 גרם בשקית,הררית,,פפריקה מתוקה בשמן 40,גרמים,400.00,100 גרם,false,,14.90,0.0373,true,1,1357898
7290002862468,false,"הררית מעדן פסטו 200 מ""ל",,,הררית מעדן פסטו 200,מיליליטרים,200.00,"100 מ""ל",false,,17.90,0.0895,true,1,3834799
7290002862482,false,פירורי לחם לשניצל בטעם קלאסי 500 גרם,הררית הגליל,,פירורי לחם לשניצל בט,מיליליטרים,500.00,"100 מ""ל",false,,7.90,0.0158,true,1,1357901
7290002862543,false,פלפל צומה 250 גרם,הררית הגליל,,פלפל צומה 250 ג,גרמים,250.00,100 גרם,false,,12.90,0.0516,true,1,1357903
7290002862802,false,הררית אריסה בתוספת לימון 250מל,הררית מזון בעמ,IL,הררית אריסה בתוספת ל,מיליליטרים,250.00,"100 מ""ל",false,,12.90,0.0516,true,1,3834835
7290002866183,false,פילה אמנון טרי,,,פילה אמנון טרי,קילוגרמים,1.00,"ק""ג",true,,59.90,59.9000,true,1,3880971
7290002866596,false,דניס טרי נקי,,,דניס טרי נקי,קילוגרמים,1.00,"ק""ג",true,,59.90,59.9000,true,1,3873336
7290002866701,false,דג ברמונדי נקי טרי,נטו,IL,ברמונדי טרי,קילוגרמים,1.00,"ק""ג",true,,49.90,49.9000,true,1,3873337
7290002868996,false,"קוטג' 5% שומן, רכיבים טבעיים, 250 גרם",קריות זול,IL,גבינת קוטג' מועשר 5%,גרמים,250.00,100 גרם,false,,5.30,0.0212,true,1,1322959
7290002871248,false,"בירה טובורג רד בקבוק 500 מ""ל חוזר",מבשלות בירה בינלאומיות ב,IL,"טובורג רד 500 מ""ל",מיליליטרים,500.00,"100 מ""ל",false,,7.50,0.0150,true,1,1323581
7290002871361,false,"בירה קרלסברג בקבוק 500 מ""ל חוזר",מבשלות בירה בינלאומיות ב,IL,קרלסברג בירה בק.חוזר,מיליליטרים,500.00,"100 מ""ל",false,,7.50,0.0150,true,1,1323583
7290002881209,false,רסק תפוחי עץ דיאט 700 ג' תומר,KONSERVENFABRIEK BALTUSSEN,NL,רסק תפוחי עץ תומר 70,גרמים,708.00,100 גרם,false,,9.90,0.0140,true,1,1326266
7290002881216,false,רסק תפוחי עץ לא ממותק תומר 700 גרם,KONSERVENFABRIEK BALTUSSEN,NL,רסק תפוחי עץ לא ממות,גרמים,708.00,100 גרם,false,,9.90,0.0140,true,1,1326267
7290002900566,false,פסטרמה ברביקיו דל שומן טירת צבי 400 גרם,הנסיך- מפעל לייצור ט,IL,פסטרמה ברביקיו 1.5%,גרמים,360.00,100 גרם,false,,25.90,0.0719,true,1,1324997
7290002904694,false,"טיטניום דאודורנט ספריי לגברים 150 מ""ל","אמיליה קוסמטיקס בע""מ",IL,דאו ספריי טיטניום 18,מיליליטרים,180.00,"100 מ""ל",false,,14.90,0.0828,true,1,1332049
7290002921165,false,"חלב לניקוי רהיטי עור הזלין יעקבי 400 מ""ל",אסטוניש -לידס,CH,חלב לניקוי רהיטי עור,מיליליטרים,400.00,"100 מ""ל",false,,32.90,0.0822,true,1,1335007
7290002921226,false,"חלב לניקוי רהיטי עור יעקבי 250 מ""ל",יעקובי,CH,חלב לניקוי רהיטי עור,מיליליטרים,250.00,"100 מ""ל",false,,24.90,0.0996,true,1,1335008
7290002921240,false,"קרבונה שמפוזר לניקוי שטיחים וריפוד יעקבי 650 מ""ל",קרבונה Carbona,MX,קרבונה שמפוזר לניקוי,מיליליטרים,650.00,"100 מ""ל",false,,24.80,0.0382,true,1,1335010
7290002921332,false,סבון פלא אסטוניש מסיר כתמים 75גר,יעקובי אסטוניש,GB,סבון הפלא אסטוניש 75,גרמים,750.00,100 גרם,false,,10.90,0.0145,true,1,1335011
7290002921349,false,לוקטייט סופר גלו 3 - זוגי,יעקובי סופר גלו,TR,לוקטייט סופר גלו 3 -,יח',1.00,יח',false,,13.90,13.9000,true,1,3892826
7290002921516,false,טורבול-סופג לחות לבית יעקבי,יעקובי,,סופג לחות טורבול,מיליליטרים,340.00,"100 מ""ל",false,,38.90,0.1144,true,1,1335012
7290002925729,false,"גם וגם משחת שיניים כחול ומי פה בטעם פפרמינט 120 מ""ל","אמיליה קוסמטיקס בע""מ",IL,משחת שיניים ומי פה ב,מיליליטרים,120.00,"100 מ""ל",false,,14.90,0.1242,true,1,1332050
7290002925798,false,"גם וגם משחת שיניים ירוק מי פה לייט 120 מ""ל",אמיליה קוסמטיקס,IL,משחת שיניים ומי פה ג,מיליליטרים,120.00,"100 מ""ל",false,,14.90,0.1242,true,1,1332051
7290002929642,false,רביעיית טונה בשמן ויליגר 140 גרם,דיאמנט פוד פרודקט קו,TH,טונה ויליגר 392 גרם,גרמים,392.00,100 גרם,false,,18.90,0.0482,true,1,1333754
7290002929734,false,"גפילטעפיש קציצות מדגי קרפיון וכסיף 560 גר' העד""ח",נטו מלינדה,IL,גפילטע פיש 310 ג,גרמים,310.00,100 גרם,false,,12.90,0.0416,true,1,1333755
7290002954460,false,"Sunwhite אורז אוסטרלי עגול לסושי-1 ק""ג",בני ג'ורג' שוקחה חיפ,AU,אורז אוסטרלי עגול 1ק,יח',1.00,יח',false,,9.50,9.5000,true,1,3896671
7290002957850,false,פילה סלמון שלם טרי,,,פילה סלמון שלם טרי,קילוגרמים,1.00,"ק""ג",true,,89.90,89.9000,true,1,3873339
7290002987963,false,"סלט חומוס אחלה 1 ק""ג",מיוצר עי קונדיטוריית,IL,"סלט חומוס אחלה 1 ק""ג",יח',1.00,יח',false,,13.90,13.9000,true,1,3203858
7290002996323,false,שריר הזרוע בקר קפוא,נטו מלינדה,,שריר הזרוע בקר קפוא,קילוגרמים,1.00,"ק""ג",true,,36.90,36.9000,true,1,1350578
7290003009312,false,בוטן קלוי קליית גת 200 גרם,הדקלאים אגודת שיתופי,IL,בוטנים קלויים קליית,גרמים,200.00,100 גרם,false,,6.60,0.0330,true,1,1337097
7290003009329,false,בוטנים אמריקאיים קליית גת 200 גרם,הדקלאים אגודת שיתופי,IL,בוטנים אמריקאיים קלי,גרמים,200.00,100 גרם,false,,5.70,0.0285,true,1,1337098
7290003009596,false,"סירופ דיאט אשכוליות פריגת 750 מ""ל",סירופ - גבעת חיים,IL,סירופ דיאט אשכוליות,מיליליטרים,750.00,"100 מ""ל",false,,19.90,0.0265,true,1,1323596
7290003009640,false,מיץ תפוזים סחוט רכיבים טבעיים פריגת 1 ליטר,פריגת מצוננים,IL,מיץ תפוזים סחוט רכיב,ליטרים,1.00,ליטר,false,,15.90,15.9000,true,1,1322960
7290003013128,false,פתיל צף מתומן כ-50 יחידות שלהבת,שלהבת,IL,פתיל צף מתומן כ-50 י,יח',50.00,יח',false,,3.50,0.0700,true,1,1356799
7290003015627,false,"נוזל רצפות אפרסק 2 ליטר ""ריצפז פרש""","סנו מפעלי ברונוס בע""",IL,ריצפז פרש 2 לי,ליטרים,2.00,ליטר,false,,16.90,8.4500,true,1,1332061
7290003015634,false,"נוזל רצפות פסיפלורה 2 ליטר ""ריצפז פרש""",קריות זול,IL,ריצפז פרש 2 לי,ליטרים,2.00,ליטר,false,,16.90,8.4500,true,1,1332062
7290003015641,false,"נוזל רצפות יסמין 2 ליטר ""ריצפז פרש""",קריות זול,IL,ריצפז פרש 2 לי,ליטרים,2.00,ליטר,false,,16.90,8.4500,true,1,1332063
7290003023165,false,שוקו יטבתה בכד פלסטי,מחלבת יטבתה,IL,שוקו יטבתה 2 ליטר,ליטרים,2.00,ליטר,false,,18.90,9.4500,true,1,1341745
7290003026029,false,"ד""ר פישר - קמיל בלו סנסיטיב שמפו אלדמע 500 מ""ל",פישר מעבדות פרמצבטיות בע,IL,קמיל בלו סנסיטיב אל דמע 5,מיליליטרים,500.00,"100 מ""ל",false,,17.90,0.0358,true,1,1350034
7290003026036,false,"ד""ר פישר - קמיל בלו סנסיטיב אל סבון עדין לתינוק 1 ליטר",פישר מעבדות פרמצבטיות בע,IL,קמיל בלו סנסיטיב אל סבון,ליטרים,1.00,ליטר,false,,32.80,32.8000,true,1,1350035
7290003026227,false,"קמיל בלו שמפו לתינוק סנסיטיב אל דמע ד""ר פישר 1 ליטר",פישר מעבדות פרמצבטיות בע,IL,קמיל בלו סנסיטיב אל דמע ל,ליטרים,1.00,ליטר,false,,32.80,32.8000,true,1,1350037
7290003026234,false,"ד""ר פישר - קמיל בלו תחליב לתינוק 500 מ""ל",פישר מעבדות פרמצבטיות בע,IL,קמיל בלו סנסיטיב תחליב לת,מיליליטרים,500.00,"100 מ""ל",false,,29.90,0.0598,true,1,1350038
7290003026319,false,"קמיל בלו משחת החתלה לתינוק ד""ר פישר 120 גרם",פישר מעבדות פרמצבטיות בע,IL,קמיל בלו סנסיטיב משחה לתי,גרמים,120.00,100 גרם,false,,18.90,0.1575,true,1,1350039
7290003029181,false,משקה יטבתה שוקו' בקבוק 1ל מהדרין,שטראוס גרופ,IL,שוקו יטבתה 1 ליטר,100 מל,1000.00,100 מל,false,,11.50,0.0115,true,1,1341749
7290003029372,false,משקה חלב בטעם בננה יטבתה 1 ליטר,שטראוס גרופ,IL,משקה חלב בטעם בננה י,מיליליטרים,1000.00,"100 מ""ל",false,,11.50,0.0115,true,1,1341751
7290003029389,false,"משקה חלב בננה פקק ספורט 250 מ""ל יוטבתה",שטראוס גרופ,IL,משקה חלב בננה פקק ספ,מיליליטרים,250.00,"100 מ""ל",false,,5.20,0.0208,true,1,1341752
7290003029433,false,"משקה יטבתה שוקו פקק 250 מ""ל מהדרין",שטראוס גרופ,IL,שוקו פקק ספורט יטבתה,מיליליטרים,250.00,"100 מ""ל",false,,5.20,0.0208,true,1,1341754
7290003029532,false,מוקה בבקבוק יטבתה 1 ליטר מהדרין,שטראוס גרופ,IL,מוקה יטבתה 1 ליטר,100 מל,1000.00,100 מל,false,,11.50,0.0115,true,1,1341756
7290003029792,false,"משקה יטבתה שוקו שקיות מהדרין מארז 225X8מ""ל",שטראוס גרופ,IL,שוקו בשקית יטבתה 8 י,יח',8.00,יח',false,,18.90,2.3625,true,1,1341758
7290003029815,false,כד חלב 3% יטבתה 2 ליטר מהדרין,שטראוס גרופ,IL,חלב מועשר 2 ל 3% מהד,ליטרים,2.00,ליטר,false,,14.90,7.4500,true,1,1341759
7290003029907,false,אייס קפה יטבתה 1 ליטר מהדרין,שטראוס גרופ,IL,אייס קפה יטבתה 1 ליט,ליטרים,1.00,ליטר,false,,11.50,11.5000,true,1,1341761
7290003031702,false,"נקניקיות הודו מחפוד וואקום 1 ק""ג טירת צבי",טיב טירת צבי 2000,IL,נקניקיות הודו חלק מה,גרמים,1000.00,100 גרם,false,,24.90,0.0249,true,1,1324998
7290003031733,false,טירת צבי פסטרמה על גחלים קופ. מחפוד 400ג,טיב טירת צבי 2000,IL,פסטרמה על גחלים 2% ט,גרמים,400.00,100 גרם,false,,24.90,0.0622,true,1,1324999
7290003031740,false,טירתצבי פסטרמה בדבש קופ. מחפוד 400ג,טיב טירת צבי 2000,IL,פסטרמה הודו בדבש 3%,גרמים,400.00,100 גרם,false,,24.90,0.0622,true,1,1325000
7290003031788,false,צמד כפרי סלמי+פסטרמה טירת צבי 400X2ג' מחפוד,טיב טירת צבי 2000,IL,צמד כפרי מחפוד800גר,גרמים,800.00,100 גרם,false,,24.90,0.0311,true,1,1325004
7290003031849,false,"פסטרמה כפרית דבש וברביקיו צמד ט.צבי 300X2ג' בד""ץ",טיב טירת צבי 2000,IL,צמד מהדרין מחפוד 600,גרמים,600.00,100 גרם,false,,24.80,0.0413,true,1,1325006
7290003047642,false,תה שחור יילו לייבל 100*1.5 ג' שקיק ליפטון,"יונילוור רוסייה בע""מ",RU,ליפטון תה קלאסי 100,גרמים,150.00,100 גרם,false,,11.90,0.0793,true,1,1331190
7290003054657,false,חרדל ריין דיז'ון אקסטרה פורטה 370 גרם,מרום את קונפינו,FR,חרדל דיג'ון אקסטרא פורטה,גרמים,370.00,100 גרם,false,,9.90,0.0268,true,1,1336562
7290003060030,false,"קמח חיטה מלא 1 ק""ג מטחנות ישראליות",טחנות ישראליות,IL,קמח חיטה מלא רמילוי,יח',1.00,יח',false,,3.90,3.9000,true,1,1354767
7290003060061,false,"קמח כוסמין טחנות ישראליות 1 ק""ג",טחנות ישראליות בעמ,IL,קמח כוסמין מלא 1 קג,יח',1.00,יח',false,,9.90,9.9000,true,1,2681465
7290003060078,false,"קמח ישראלי שיפון מלא טחנות ישראליות 1 ק""ג",טחנות ישראל,IL,קמח שיפון מלא רמילוי,יח',1.00,יח',false,,3.90,3.9000,true,1,1354768
7290003060085,false,קמח ישראלי ללחם וחלות טחנות ישראליות,טחנות ישראליות,IL,קמח ללחם וחלות מועשר,יח',1.00,יח',false,,3.90,3.9000,true,1,1354769
7290003060337,false,קמח כוסמין לבן מנופה,,,קמח כוסמין לבן מנופה,קילוגרמים,1.00,"ק""ג",false,,13.90,13.9000,true,1,3894453
7290003060368,false,קמח כוסמין מנופה 80% 1קג,,,קמח כוסמין מנופה 80%,יח',1.00,יח',false,,12.90,12.9000,true,1,3836389
7290003060528,false,קמח פיצה פוקצ'ה מנופה 1קג רמילוי,,,קמח פיצה פוקצ'ה מנופ,יח',1.00,יח',false,,6.90,6.9000,true,1,3894455
7290003060535,false,"קמח חיטה לבן בהיר מנופה 1 ק""ג רמילוי",,,קמח חיטה לבן בהיר מנ,יח',1.00,יח',false,,5.90,5.9000,true,1,3883921
7290003060542,false,קמח מנופה ללחם וחלות 1 קג -רמי לוי,,,קמח מנופה ללחם וחלות,יח',1.00,יח',false,,6.90,6.9000,true,1,3883922
7290003060559,false,קמח תופח מנופה 1קג רמילוי,,,קמח תופח מנופה 1קג ר,גרמים,1000.00,100 גרם,false,,5.90,0.0059,true,1,3883923
7290003060573,false,קמח כוסמין מלא מנופה 1קג רמילוי,,,קמח כוסמין מלא מנופה,יח',1.00,יח',false,,12.90,12.9000,true,1,3883925
7290003060580,false,קמח חיטה מלא מנופה 1קג רמילוי,,,קמח חיטה מלא מנופה 1,יח',1.00,יח',false,,5.90,5.9000,true,1,3883926
7290003069583,false,סטייק סלמון פרוס נורווגי,נטו מלינדה,XX,סטייק סלמון,קילוגרמים,1.00,"ק""ג",true,,59.90,59.9000,true,1,1350585
7290003069590,false,"פילה פוטית עם עור קפוא דלידג 1 ק""ג",דאליאן גואופו אקאטיק,CN,"פילה סול דלידג 1 ק""ג",גרמים,1000.00,100 גרם,false,,29.90,0.0299,true,1,3892775
7290003072521,false,כתף בקר מעושן מחפוד טירת צבי 300 גרם,טיב טירת צבי 2000,IL,פסטרמה כתף בקר מעושן,גרמים,300.00,100 גרם,false,,24.90,0.0830,true,1,3856650
7290003072804,false,פסטרמה של פעם טירת צבי 200 גרם,טיב טירת צבי 2000,IL,פסטרמה של פעם 200 גר,גרמים,200.00,100 גרם,false,,19.90,0.0995,true,1,3878753
7290003072842,false,חזה אווז טירת צבי 12,הנסיך- מפעל לייצור ט,IL,חזה אווז 100 גר,גרמים,100.00,100 גרם,false,,22.90,0.2290,true,1,3883225
7290003072859,false,רוסטביף טירת צבי 120 גרם,הנסיך- מפעל לייצור ט,IL,רוסטביף 120 גר,גרמים,120.00,100 גרם,false,,23.90,0.1992,true,1,3878757
7290003072972,false,קבנוס בתיבול מעושן טירת צבי 120 גרם,טיב טירת צבי 2000,IL,קבנוס בתיבול שום 120,גרמים,120.00,100 גרם,false,,9.90,0.0825,true,1,3891882
7290003121090,false,ארוחת נודלס ירקות בשקית מג'יק 85 גרם,זנטי אס. אי לאלין,SG,ארוחת נודלס בטעם ירק,גרמים,85.00,100 גרם,false,,2.50,0.0294,true,1,1333766
7290003126958,false,טופו גבינה גוש בואקום צוריאל 300 ג',א.י.ן תעשיות מזון בע,IL,גבינת טופו משק צוריא,גרמים,300.00,100 גרם,false,,11.90,0.0397,true,1,1322965
7290003130399,false,מברשת שיניים לילדים שלב 2 אקווה פרש.,גלקסו סמית קליין,IN,אקוה פרש מברשת חיות שלב 2,יח',1.00,יח',false,,7.90,7.9000,true,1,1344031
7290003140237,false,"סילאן לחיץ קליית גת 360 גרם כשל""פ",ליימן מותגים,IL,סילאן לחיץ 360גר,גרמים,360.00,100 גרם,false,,9.90,0.0275,true,1,1337105
7290003141159,false,יוגטה מרשמלו ממתק מוקצף בטעמי תות שדה ווניל 180 גרם,יוגוטה,IL,יוגטה מרשמלו 180 גרם,גרמים,180.00,100 גרם,false,,6.80,0.0378,true,1,1337108
7290003142477,false,ערמונים קלופים וקלויים 100 גרם,הדקלאים אגודת שיתופי,IL,ערמונים קלויים 100 ג,גרמים,100.00,100 גרם,false,,5.90,0.0590,true,1,1337126
7290003143139,false,סילאן תמרים קלית גת 900 ג',"טעמי הגליל בע""\מ",IL,סילאן קליית גת 900 ג,גרמים,900.00,100 גרם,false,,12.80,0.0142,true,1,1337137
7290003143146,false,ממרח תמרים קליית גת 450 גרם,הדקלאים אגודת שיתופי,IL,ממרח תמרים קליית 450,גרמים,450.00,100 גרם,false,,4.90,0.0109,true,1,1337138
7290003143276,false,יוגטה מרשמלו ממתק מוקצף בטעם תות שדה 180 גרם,תות ממתקי איכות,IL,יוגוטה מרשמלו רול 18,גרמים,180.00,100 גרם,false,,6.80,0.0378,true,1,1337147
7290003143337,false,סילאן רכיבים טבעיים לחיץ קליית גת 350 גרם,ליימן מותגים,IL,סילאן רכיבים טבעיים,גרמים,350.00,100 גרם,false,,14.90,0.0426,true,1,1337150
7290003143351,false,"תער.לעוגת וניל כשל""פ500ג","פוליבה בע""\מ",IL,תערובת לעוגת וניל כש,גרמים,500.00,100 גרם,false,,15.90,0.0318,true,1,1337152
7290003144037,false,צ'וקטה אבקת קקאו 150 גרם,קריניציה ויטמינה אס,ES,אבקת קקאו 150 גרם צ',גרמים,150.00,100 גרם,false,,6.90,0.0460,true,1,1337168
7290003144310,false,תערובת אגוזים וחמוציות קליית גת 150 גרם,ליימן מותגים,IL,קליית גת תערובת אגוז,גרמים,150.00,100 גרם,false,,15.90,0.1060,true,1,1464736
7290003144419,false,סילאן טבעי קליית גת 710 גרם,"טעמי הגליל בע""\מ",IL,סילאן רכיבים טבעיים,גרמים,710.00,100 גרם,false,,19.90,0.0280,true,1,1337177
7290003145959,false,פקאן טבעי קליית גת 150 גרם,ליימן מותגים,IL,אגוזי פקאן טבעיים קל,גרמים,150.00,100 גרם,false,,19.90,0.1327,true,1,1337192
7290003153831,false,שוש חטיף בוטנים 80 גרם,"שטראוס פריטו ליי בע""\מ )",IL,שוש חטיף בוטנים אפוי,גרמים,80.00,100 גרם,false,,3.50,0.0438,true,1,1335272
7290003163939,false,מעדני הטלה נקניקיות,יושלם,,נקניקיות גריל 1.5 קג,קילוגרמים,1.50,"ק""ג",false,,24.90,16.6000,true,1,3467692
7290003185726,false,קבב מזרחי טיבון ויל 500 גרם,טיבון ויל אחזקות בעמ,IL,קבב מזרחי טיבון ויל,גרמים,500.00,100 גרם,false,,17.90,0.0358,true,1,1333769
7290003187843,false,עגל טחון טיבון ויל 500 גרם,טיבון ויל אחזקות בעמ,IL,עגל טחון טיבון ויל 5,גרמים,500.00,100 גרם,false,,29.90,0.0598,true,1,1333771
7290003189045,false,צהובה הולנדית מחיר לפי מ,צי תעשיות מזון יבנה,IL,*מבצע* הצהובה הטובה,קילוגרמים,1.00,"ק""ג",true,,30.00,30.0000,true,1,1324758
7290003189076,false,פיצרלה הצהובה הטובה מגורדת 22% כפיר 500 גרם,צי תעשיות מזון יבנה,IL,פיצרלה הצהובה הטובה,גרמים,500.00,100 גרם,false,,15.90,0.0318,true,1,1324766
7290003189137,false,"גבינה שוורצית 1 ק""ג כפיר",צי תעשיות מזון יבנה,IL,הצהובה הטובה שוויצרי,גרמים,1000.00,100 גרם,false,,29.90,0.0299,true,1,1324767
7290003189144,false,"גבינה הולנדית 22% שומן 1 ק""ג כפיר",צי תעשיות מזון יבנה,IL,הצהובה הטובה בסגנון,גרמים,1000.00,100 גרם,false,,28.90,0.0289,true,1,1324768
7290003189168,false,"צהובה מעושנת כפיר 1 ק""ג",צי תעשיות מזון יבנה,IL,צהובה מעושנת כפיר 1,100 לקג,1.00,100 לקג,false,,31.90,31.9000,true,1,1324770
7290003189199,false,צהובה טובה חריפה במש,צי תעשיות מזון יבנה,IL,*מבצע* הצהובה הטובה,קילוגרמים,1.00,"ק""ג",true,,32.00,32.0000,true,1,1324759
7290003189274,false,בנוסח מעושנת גליל26%משקל,צי תעשיות מזון יבנה,IL,הצהובה הטובה מעושנת,קילוגרמים,1.00,"ק""ג",true,,32.00,32.0000,true,1,1324760
7290003189380,false,מעדן עם שום ושמיר26%משקל,צי תעשיות מזון יבנה,IL,הצהובה הטובה שמיר מע,קילוגרמים,1.00,"ק""ג",true,,32.00,32.0000,true,1,1324762
7290003189557,false,הצהובה הטובה לייט מעושנת 5% כפיר 200 גרם,כפיר,IL,הצהובה הטובה לייט מע,גרמים,200.00,100 גרם,false,,12.90,0.0645,true,1,1324776
7290003189571,false,הצהובה הטובה שום שמיר 5% כפיר 200 גרם,כפיר,,הצהובה הטובה שום שמי,גרמים,200.00,100 גרם,false,,12.90,0.0645,true,1,1324777
7290003208609,false,"וורמוט מרטיני אדום מתוק 750 מ""ל",מרטיני ורוסי,IT,מרטיני רוסו 750 מל,מיליליטרים,750.00,"100 מ""ל",false,,44.90,0.0599,true,1,1339159
7290003219766,false,טורבול סופג לחות יעקבי,יעקובי,,טורבול סופג לחות יעק,קילוגרמים,1.35,"ק""ג",false,,38.80,28.7407,true,1,1335016
7290003229116,false,פסטרמה הודו בדבש שומן טירת צבי 400 גרם,הנסיך- מפעל לייצור ט,IL,פסטרמה הודו בדבש 3%,גרמים,400.00,100 גרם,false,,25.90,0.0647,true,1,1325009
7290003229123,false,פסטרמה הודו על גחלים 2% טירת צבי 400 גרם,הנסיך- מפעל לייצור ט,IL,פסטרמה הודו על גחלים,גרמים,400.00,100 גרם,false,,25.90,0.0647,true,1,1325010
7290003229147,false,נקניק סלמי איטלקי מעושן טירת צבי 300 גרם,הנסיך- מפעל לייצור ט,IL,נקניק סלמי איטלקי מע,גרמים,300.00,100 גרם,false,,24.90,0.0830,true,1,1325011
7290003229154,false,נקניק סלמי קוניאק טירת צבי 300 גרם,הנסיך- מפעל לייצור ט,IL,נקניק סלמי קוניאק טי,גרמים,300.00,100 גרם,false,,24.90,0.0830,true,1,1325012
7290003229192,false,נקניק כתף בקר מעושן 2% טירת צבי 400 גרם,טיב טירת צבי 2000,IL,נקניק כתף בקר מעושן,גרמים,400.00,100 גרם,false,,25.90,0.0647,true,1,1325014
7290003229208,false,פסטרמה ספרדית 2% טירת צבי 360 גרם,טירת צבי - מדף,IL,פסטרמה ספרדית 2% טיר,גרמים,360.00,100 גרם,false,,24.90,0.0692,true,1,1325015
7290003229215,false,פסטרמה איטלקית 3.5% טירת צבי 360 גרם,טירת צבי - מדף,IL,פסטרמה איטלקית 3.5%,גרמים,360.00,100 גרם,false,,25.90,0.0719,true,1,1325016
7290003231270,false,דאב דאו סטיק פרש טאצ 50 גרם מלפופנים,"חברת זולברג, קוויט,",PH,דאב דאודורנט נשים סט,גרמים,50.00,100 גרם,false,,14.90,0.2980,true,1,1331194
7290003244331,false,עגבניות חתוכות לקוביות 800 גרם פריניר,פריניר,IL,עגבניות חתוכות לקובי,גרמים,800.00,100 גרם,false,,6.90,0.0086,true,1,1333772
7290003258284,false,"קרם גוף מס' 3 350 מ""ל פנינה רוזנבלום",פנינה רוזנבלום,IL,"קרם גוף מס' 3 350 מ""",מיליליטרים,350.00,"100 מ""ל",false,,28.90,0.0826,true,1,1339978
7290003258291,false,"דאודורנט ספריי לנשים 150 מ""ל פנינה רוזנבלום",פנינה רוזנבלום,IL,דאודורנט ספריי לנשים,מיליליטרים,150.00,"100 מ""ל",false,,15.90,0.1060,true,1,1339979
7290003258406,false,"פנינה וואקס בריליאנטין לשיער 100 מ""ל",פנינה רוזנבלום,IL,ווקס לשיער פנינה רוז,מטרים,100.00,100 מ'ל,false,,16.90,0.1690,true,1,1339981
7290003310555,false,"מאגדת טילון קרם עוגיות 4*100 מ""ל בן וג'ירי",מוצרי איכות אמריקאיים,IL,בן&ג'ריס טילוני קרם,גרמים,400.00,100 גרם,false,,24.90,0.0622,true,1,3616445
7290003318827,false,מארז וופל 640 גר רמי לוי,,,מארז וופל 640 גר רמי,גרמים,640.00,100 גרם,false,,11.90,0.0186,true,1,3834528
7290003321155,false,יוגורט בר עם פקאן מצופה שוקולד 183 ג' דנונה,"שטראוס בריאות בע""\מ",IL,יוגורט דנונה ביו עם,מיליליטרים,183.00,"100 מ""ל",false,,4.30,0.0235,true,1,1341762
7290003321292,false,גבינה לבנה 9% שומן 250 ג' שטראוס,מיוצר עי קונדיטוריית,IL,גבינה לבנה סקי 9% שו,גרמים,250.00,100 גרם,false,,4.70,0.0188,true,1,1341763
7290003332007,false,קפה שחור עם הל 250 גרם,סובחי נחלה ובניו,IL,קפה נחלה 250 ג,גרמים,250.00,100 גרם,false,,13.90,0.0556,true,1,2550507
7290003332014,false,קפה נח'לה אדום עם הל500ג,קפה אל נח'לה,IL,קפה נחלה 500 ג,גרמים,500.00,100 גרם,false,,26.90,0.0538,true,1,2550508
7290003332021,false,"קפה נחלה סובחי 1 ק""ג",,,קפה נחלה 1קג,100 קילו,1.00,100 קילו,false,,49.90,49.9000,true,1,2550509
7290003332045,false,קפה נחלה אדום ללא הל 250ג',קפה אל נחלה,IL,קפה נחלה 250 ג בלי ה,גרמים,250.00,100 גרם,false,,13.90,0.0556,true,1,2550510
7290003387205,false,דאו' ספיד סטיק בסיסי ירוק רגיל לגבר 63ג',הנסיך- מפעל לייצור ט,US,דאודורנט ספיד סטיק ר,גרמים,63.00,100 גרם,false,,16.90,0.2683,true,1,1327074
7290003387373,false,דאודורנט ספיד סטיק בסיסי קלאסי פרש ספורט לגבר,הנסיך- מפעל לייצור ט,US,דאודורנט ספיד סטיק ב,גרמים,70.00,100 גרם,false,,16.90,0.2414,true,1,1327075
7290003400500,false,חטיף הרשי ריזס נאטרייגיס 47 גרם,ליימן מותגים,US,חטיף קרמל בוטנים בצי,גרמים,47.00,100 גרם,false,,3.90,0.0830,true,1,1336822
7290003401369,false,"קרם לחות לשיער חוחובה נטורל פורמולה 400 מ""ל",מיוצר עי אמיליה קוסמ,IL,קרם לחות לשיער חוחוב,מיליליטרים,400.00,"100 מ""ל",false,,19.90,0.0497,true,1,1332068
7290003401376,false,"קרם לחות ועיצוב לשיער אלוורה נטורל 400 מ""ל",מיוצר עי אמיליה קוסמ,IL,קרם לחות קלאסיק ירוק,מיליליטרים,400.00,"100 מ""ל",false,,19.90,0.0497,true,1,1332069
7290003401420,false,"קרם לחות לשיער סיליקון כתום נטורל 400 מ""ל",מיוצר עי אמיליה קוסמ,IL,קרם לחות לשיער נטורל,מיליליטרים,400.00,"100 מ""ל",false,,19.90,0.0497,true,1,1332070
7290003401635,false,נטורל פורמולה לחות מעצבת לפתיחת תלתלים,מיוצר עי אמיליה קוסמ,IL,נטורל פורמולה לחות מ,מיליליטרים,400.00,"100 מ""ל",false,,20.90,0.0522,true,1,1332071
7290003401642,false,"קרם לחות לתלתלים טבעיים נטורל פורמולה 400 מ""ל",מיוצר עי אמיליה קוסמ,IL,קרם לחות לתלתלים טבע,מיליליטרים,400.00,"100 מ""ל",false,,20.90,0.0522,true,1,1332072
7290003411276,false,עמבה הודית מובחרת הנמל 600ג',טרופיקל דגיל תעשיות,IL,עמבה הנמל 500 גרם,גרמים,500.00,100 גרם,false,,9.90,0.0198,true,1,1335562
7290003423909,false,חטיף קוקיס אנד קרים לבן 43 גרם,ליימן מותגים,US,חטיף שוקולד לבן עם ש,יח',1.00,יח',false,,3.90,3.9000,true,1,1336824
7290003427154,false,"שמן זית כתית מעולה טעם מעודן זיתא 750 מ""ל",זיתא תעשיות שמן זיתt\,IL,שמן זית כתית מעולה ט,מיליליטרים,750.00,"100 מ""ל",false,,32.90,0.0439,true,1,1336190
7290003438006,false,ממרח אולביה פסטו וצנובר איטלקי 190ג',מיוצר עי קונדיטוריית,IL,ממרח פסטו איטלקי,גרמים,190.00,100 גרם,false,,12.90,0.0679,true,1,1323906
7290003438013,false,ממרח זיתים ירוקים אוליביה 190 גרם,קריות זול,IL,ממרח זיתים ירוקים,גרמים,190.00,100 גרם,false,,12.90,0.0679,true,1,1323907
7290003438020,false,ממרח עגבניות מיובשות אוליביה 190 גרם,מיוצר עי קונדיטוריית,IL,ממרח עגבניות מיובשות,גרמים,190.00,100 גרם,false,,12.90,0.0679,true,1,1323908
7290003438075,false,"חרוסת אוליביה 210 גרם כשל""פ",מיוצר עי קונדיטוריית,IL,חרוסת אוליביה 210 ג,גרמים,210.00,100 גרם,false,,8.90,0.0424,true,1,1325491
7290003438082,false,"חזרת אוליביה ""תנובה""",אוליביה גורמה (1996),IL,חזרת מצונן 180 גרם,גרמים,180.00,גרם,false,,11.90,0.0661,true,1,1325492
7290003438709,false,ממרח אולביה זיתים שחורים וירוקים 190 ג',גוד פוד פרודקטס S.p,IL,ממרח זיתים שחורים,גרמים,190.00,100 גרם,false,,12.90,0.0679,true,1,1323919
7290003438853,false,אוליביה ממרח אריסה חריפה 185 גר ',אוליביה,IL,אריסה חריפה 185גר,גרמים,185.00,100 גרם,false,,12.80,0.0692,true,1,1323920
7290003438884,false,חזרת אוליביה 190 גר,אוליביה,IL,חזרת 190 גרם,גרמים,190.00,100 גרם,false,,10.90,0.0574,true,1,1323921
7290003438990,false,עיטורי עגבניות מיובשות וזיתים אוליביה 280 ג',אוליביה גורמה בעמ,IL,עיטורי עגבניות,גרמים,280.00,100 גרם,false,,17.90,0.0639,true,1,1323923
7290003444009,false,הרשי ריזס חטיף במילוי בוטנים 42 גרם,ליימן מותגים,US,שוקולד חלב במילוי חמ,יח',1.00,יח',false,,3.90,3.9000,true,1,1336825
7290003457991,false,טילון קורנטו וניל עם וופל ואגוזי לוז מסוכרים,"גלידת שטראוס בע""\מ, רחוב",IL,טילון קורנטו קלאסיקו,גרמים,300.00,100 גרם,false,,25.90,0.0863,true,1,1339848
7290003514571,false,פריכיות אורז עם מלח מנה 100 גרם,מנה Mana,IL,פריכיות אורז עם מלח,גרמים,100.00,100 גרם,false,,4.90,0.0490,true,1,1327090
7290003520572,false,מטריות חרובים שקית בודד (בשרוול 6 שקיות),תופינית,,מטריות שוקולד חרוב 6,יח',1.00,יח',false,,14.90,14.9000,true,1,3880400
7290003521074,false,"ד""ר פישר - סרקל מרכך שיער לילדים 1 ליטר",פישר מעבדות פרמצבטיות בע,IL,סרקל מעצב ליטר,ליטרים,1.00,ליטר,false,,28.90,28.9000,true,1,1350042
7290003521081,false,"סרקל שמפו אל דמע לילדים ד""ר פישר 1 ליטר",פישר מעבדות פרמצבטיות בע,IL,סרקל שמפו ליטר,ליטרים,1.00,ליטר,false,,28.90,28.9000,true,1,1350043
7290003525461,false,סלט טונה פיקנטי ויליגר 160 גרם,ויליגר,IL,סלט טונה פיקנטי וילי,גרמים,160.00,100 גרם,false,,4.90,0.0306,true,1,1333779
7290003525478,false,סלט טונה ויליגר 160 גרם,"ויליגר, תעשיות בע""מ",IL,סלט טונה ויליגר 160,גרמים,160.00,100 גרם,false,,4.90,0.0306,true,1,1333780
7290003550753,false,רביעיית טונה בשמן פוסידון 108 גרם,"מיוצר עי וליגר בעמ,",IL,טונה פוסידון בשמן 4*,גרמים,308.00,100 גרם,false,,19.90,0.0646,true,1,1333798
7290003550937,false,רגל פרוסה קפואה במגש,טיבון ויל - נטו,IL,רגל קפוא בקר פרוסה נ,קילוגרמים,1.00,"ק""ג",true,,35.90,35.9000,true,1,1333537
7290003569021,false,כרובית ארוזה יח' רמי לוי,,,כרובית ארוזה יח' רמי,יח',1.00,יח',false,,7.61,7.6100,true,1,2435016
7290003578061,false,לבבות דקל שלמים ויליפוד 400 גרם,אלימנטוס אי קונסרבס,EC,לבבות דקל שלמים וילי,גרמים,400.00,100 גרם,false,,9.50,0.0238,true,1,1335891
7290003578078,false,קוקטייל פירות טרופי בסירופ קל ויליפוד 850 גרם,קריות זול,CN,קוקטייל פירות בסירופ,גרמים,850.00,100 גרם,false,,0.00,0.0000,true,1,1335892
7290003578177,false,תירס צעיר שלם וילי פוד 210 גרם,מגסטיק פוד אידסטרי ק,TH,תירס צעיר שלם וילי פ,גרמים,210.00,100 גרם,false,,6.50,0.0310,true,1,1335897
7290003578498,false,חמאה ללא תוספת מלח 500 גר VALIO,ואליו,FI,חמאה פינלנד 500 גר.,גרמים,500.00,100 גרם,false,,24.90,0.0498,true,1,3870541
7290003643004,false,"סוגת אורז בסמטי קלאסי 1 ק""ג",האי נאם סי או אל.טי.,IL,סוגת אורז בסמטי קלאס,גרמים,1000.00,100 גרם,false,,12.90,0.0129,true,1,1331584
7290003643325,false,קוסקוס בינוני סוגת 350 גרם,"אסיף תעשיות מזון בע""\מ",IL,קוסקוס בינוני 350 גרם,גרמים,350.00,100 גרם,false,,4.90,0.0140,true,1,1331593
7290003643387,false,"סוכר לבן בצנצנת 1 ק""ג סוגת",האי נאם סי או אל.טי.,IL,סוכר לבן בצנצנת 1 קג,גרמים,1000.00,100 גרם,false,,7.90,0.0079,true,1,1331596
7290003643646,false,"סוכר דמררה קלאסי בצנצנת סוגת 1 ק""ג",האי נאם סי או אל.טי.,IL,סוכר חום דמררה צנצנת 1 קג,יח',1.00,יח',false,,12.90,12.9000,true,1,1331597
7290003643684,false,אפונה יבשה סוגת 500 גר',האי נאם סי או אל.טי.,IL,אפונה 500 גר,גרמים,500.00,100 גרם,false,,5.90,0.0118,true,1,1331598
7290003643707,false,סוגת גריסים 500 גרם,"סוגת תעשיות בע""מ",IL,גריסים 500 גר,גרמים,500.00,100 גרם,false,,4.50,0.0090,true,1,1331599
7290003643714,false,חומוס גרגירים 500 גרם סוגת,האי נאם סי או אל.טי.,IL,חומוס 500 גר,גרמים,500.00,100 גרם,false,,6.90,0.0138,true,1,1331600
7290003643738,false,סוגת חיטה 500 גרם,האי נאם סי או אל.טי.,IL,חיטה 500 גר,גרמים,500.00,100 גרם,false,,4.50,0.0090,true,1,1331601
7290003643745,false,סוגת כוסמת 500 גרם,האי נאם סי או אל.טי.,IL,כוסמת 500 גר,גרמים,500.00,100 גרם,false,,6.90,0.0138,true,1,1331602
7290003643752,false,עדשים ירוקים יבש סוגת 500 גר',האי נאם סי או אל.טי.,IL,עדשים ירוקים 500 גר,גרמים,500.00,100 גרם,false,,6.90,0.0138,true,1,1331603
7290003643769,false,עדשים אדומים יבש סוגת 500 גר',"סוגת תעשיות בע""\מ",IL,עדשים אדומים 500 גר,גרמים,500.00,100 גרם,false,,6.90,0.0138,true,1,1331604
7290003643776,false,"פופקורן גרעינים סוגת 500 ג' כשל""פ",האי נאם סי או אל.טי.,IL,פופקורן 500 גר,גרמים,500.00,100 גרם,false,,5.50,0.0110,true,1,1331605
7290003643806,false,שעועית לבנה יבשה סוגת 500 ג',האי נאם סי או אל.טי.,IL,שעועית לבנה 500 גר,גרמים,500.00,100 גרם,false,,10.90,0.0218,true,1,1331607
7290003643813,false,שעועית אדומה יבשה סוגת 500 גר',האי נאם סי או אל.טי.,IL,שעועית אדומה 500 גר,גרמים,500.00,100 גרם,false,,10.90,0.0218,true,1,1331608
7290003648184,false,סלמון מעושן 100 גרם,שמיר,,סלמון מעושן 100 גרם,100 יח',100.00,100 יח',false,,16.70,0.1670,true,1,3891532
7290003680184,false,מסחטת מיץ,,,מסחטת מיץ,יח',1.00,יח',false,,7.90,7.9000,true,1,1893502
7290003719259,false,"ליבו לחם טבעי אקסקלוסיבי 1 ק""ג",מאפית י את א ברמן בע,IL,לחם ליבו אקסלוסיבי 1,100 לקג,1.00,100 לקג,false,,13.90,13.9000,true,1,3857917
7290003726141,false,טופו אמיתי כפרי בריא 300 גרם,ג'נרל מילס סאן אדריא,IL,טופו אמיתי כפרי בריא,גרמים,300.00,100 גרם,false,,9.90,0.0330,true,1,1330470
7290003726615,false,"טופו ויילר 300 גרם ""שטראוס""",הדקלאים אגודת שיתופי,IL,טופו ויילר 300 גר,יח',1.00,יח',false,,10.90,10.9000,true,1,3869268
7290003726622,false,טופו קשה בטעם פיקנטי 300 גרם,"משק ויילר בע""\מ",IL,טופו פיקנטי 300 גר,גרמים,300.00,100 גרם,false,,10.90,0.0363,true,1,3902421
7290003726868,false,טופו חומוס בתוספת עגבניות מיובשות 300 ג' משק ויילר,"משק ויילר בע""\מ",IL,טופו חומוס בתוספת עג,גרמים,300.00,100 גרם,false,,12.90,0.0430,true,1,3903078
7290003726875,false,טופו חומוס בתוספת פסטו 300 ג' משק ויילר,"משק ויילר בע""\מ",IL,טופו חומוס בתוספת פס,גרמים,300.00,100 גרם,false,,12.90,0.0430,true,1,3903079
7290003727667,false,"סלט חומוס צבר 1 ק""ג",סלטי צבר,IL,"חומוס צבר 1 ק""ג",גרמים,1000.00,100 גרם,false,,13.90,0.0139,true,1,1329530
7290003781065,false,מלפפונים בחומץ קטנים מאוד וילי פוד 370 גרם,וילי פוד,VN,מלפפונים בחומץ קטנים,גרמים,370.00,100 גרם,false,,8.90,0.0241,true,1,1335905
7290003781652,false,צלפים במי מלח וילי פוד 230 גרם,קריות זול,TR,צלפים במי מלח וילי פ,גרמים,230.00,100 גרם,false,,8.90,0.0387,true,1,1335907
7290003781850,false,גבינת קשקבל פרוסות 200 גרם - דיספליי (18),סאסו פטוראגס קומטויס אף,TR,גבינת קשקבל פרוסות 2,יח',1.00,יח',false,,19.90,19.9000,true,1,3891248
7290003804252,false,תיבולית קנור בנוסח הודי 72 גרם,יוניליוור ישראל מזון בע\,IL,תיבולית הודי קנור 72,גרמים,72.00,100 גרם,false,,7.40,0.1028,true,1,1331204
7290003804320,false,תיבולית שום ופטרוזיליה קנור 72 גרם,יוניליוור ישראל מזון בע\,IL,תיבולית שום ופטרוזיל,גרמים,80.00,100 גרם,false,,7.40,0.0925,true,1,1331206
7290003804368,false,"תיבוליות בזיליקום קנור 72 גרם בד""צ",יוניליוור ישראל מזון בע\,IL,תיבולית בזיליקום קנו,גרמים,72.00,100 גרם,false,,7.40,0.1028,true,1,1331209
7290003804382,false,"תיבוליות פטריות קנור 72 גרם בד""צ",יוניליוור ישראל מזון בע\,IL,תיבולית פטריות קנור,גרמים,72.00,100 גרם,false,,7.40,0.1028,true,1,1331211
7290003805129,false,פירה בטעם ביתי קנור 240 גרם מארז 3 יחידות,יוניליוור ישראל מזון בע\,IL,קנור פירה ביתי 240 ג,גרמים,260.00,100 גרם,false,,0.00,0.0000,true,1,1331223
7290003805501,false,"פתית שוודי חסכוני בד""צ 300 גרם",יוניליוור ישראל מזון בע\,IL,פתית שוודי תלמה 300,גרמים,300.00,100 גרם,false,,14.90,0.0497,true,1,1331228
7290003805587,false,"פתית חיטה מלאה בד""צ 250 גרם-קופסא",יוניליוור ישראל מזון בע\,IL,פתית חיטה מלאה תלמה,גרמים,250.00,100 גרם,false,,14.90,0.0596,true,1,1331235
7290003806591,false,דאב דאו ספריי מלפפונים 150 מל,ארנסט. רחוב קומבינצק,GB,דאב ספריי מלפפונים ל,מיליליטרים,150.00,"100 מ""ל",false,,14.90,0.0993,true,1,1331253
7290003807178,false,"רוטב קנור סויה בסגנון סיני 300 מ""ל",יוניליוור ישראל מזון בע\,IL,רוטב סויה בסגנון סינ,מיליליטרים,300.00,"100 מ""ל",false,,9.90,0.0330,true,1,1331265
7290003807482,false,קנור רוטב טריאקי מופחת נתרן 370 גרם,יוניליוור ישראל מזון בע\,IL,רוטב טריאקי קנור 300,מיליליטרים,300.00,"100 מ""ל",false,,9.90,0.0330,true,1,1331270
7290003808649,false,ורד הגליל שוק.מריר60,יוניליוור ישראל מזון,IL,שוקולד מריר 60% זוגי,גרמים,200.00,100 גרם,false,,9.90,0.0495,true,1,1331271
7290003864478,false,סרדינים בשמן צמחי פתח קל ויליפוד 110 גרם,גולדן פרייז קאנינג א,TH,סרדינים בשמן צמחי וי,גרמים,85.00,100 גרם,false,,4.90,0.0576,true,1,1335910
7290003864492,false,סרדינים בשמן צמחי חריף פתח קל ויליפוד 110ג',גולדן פרייז קאנינג א,TH,סרדינים בשמן צמחי פי,גרמים,85.00,100 גרם,false,,4.90,0.0576,true,1,1335912
7290003882922,false,עלי גפן ממולאים באורז וילי פוד 360 גרם,הזה פלאקספו פוד קו ב,CN,עלי גפן ממולאים באור,גרמים,360.00,100 גרם,false,,8.90,0.0247,true,1,1335916
7290003896141,false,חטיף ספרדי פיקנטי אלמנדוס 200 גרם,הדקלאים אגודת שיתופי,IL,אלמנדוס חטיף ספרדי פ,גרמים,200.00,100 גרם,false,,8.70,0.0435,true,1,1337193
7290003903788,false,עלית קפוצינו טעם וניל פחית 200ג,שטראס קפה בי.וי,IL,קפוצ'ינו וניל 200 גר,גרמים,200.00,100 גרם,false,,23.90,0.1195,true,1,1327704
7290003903955,false,שוקולד קרם חלב 100 גרם,STRAUSS-ISRAEL,IL,שוקולד חלב פרה במילו,גרמים,100.00,100 גרם,false,,4.90,0.0490,true,1,1327705
7290003976386,false,אל אקונומיקה גרין קר 2 ליטר,,,ניקוי כללי 85 מל,מטרים,85.00,100 מ'ל,false,,11.90,0.1400,true,1,3884010
7290003976751,false,מילוי למטהר אויר אוטמטי 250 מל,,,מילוי למטהר אויר אוט,יח',1.00,יח',false,,8.90,8.9000,true,1,3894770
7290003989096,false,סלט חצילים פיקנטי אחלה 500 גרם,מיוצר עי קונדיטוריית,IL,סלט חצילים פיקנטי אח,גרמים,500.00,100 גרם,false,,14.90,0.0298,true,1,1341764
7290003989539,false,לורנצו רביולי במילוי גבינה,מיוצר עי קונדיטוריית,IL,פסטה רביולי גבינה 40,גרמים,400.00,100 גרם,false,,19.80,0.0495,true,1,1341765
7290003989553,false,פסטה טורטליני גבינה ופטריות 400 גרם,מיוצר עי קונדיטוריית,IL,פסטה טורטליני גבינה,גרמים,400.00,100 גרם,false,,19.80,0.0495,true,1,1341766
7290003996070,false,נענע חסלט כפרי טרי,יעל ירק עלים,IL,נענע (שקית )חסלט,יח',1.00,יח',false,,6.80,6.8000,true,1,1343318
7290003996100,false,עלי סלק חסלט יחידה,קטיף.,IL,עלי סלק(שקית) חסלט,יח',1.00,יח',false,,7.80,7.8000,true,1,1343321
7290003996209,false,פטריות שמפיניון חסלט ללא חרקים א.א,נסטלה קוריאה - קפה,IL,פטריות שמפניון חסלט,יח',1.00,יח',false,,9.90,9.9000,true,1,3893504
7290003996506,false,כרוב לבן קצוץ 400 גרם חסלט,יעל ירק עלים,IL,כרוב לבן חתוך חסלט 4,גרמים,400.00,100 גרם,false,,11.80,0.0295,true,1,1343332
7290003996575,false,סלק אדום מבושל בוואקום חסלט 500 גרם,,,סלק וואקום שקית 500,גרמים,500.00,100 גרם,false,,6.90,0.0138,true,1,3898010
7290004011284,false,ריצ בסיס להכנת קצפת 25% 212מל,ריצ' פרודקטס קורפריי,US,בסיס להכנת קצפת ריצ',מיליליטרים,212.00,"100 מ""ל",false,,6.90,0.0325,true,1,1333805
7290004011291,false,"קצפת ריץ' בסיס קרטונית 425 מ""ל",ריצ',US,בסיס להכנת קצפת ריצ',מיליליטרים,425.00,"100 מ""ל",false,,12.90,0.0304,true,1,1333806
7290004011338,false,"ספריי קצפת מתוקה מוכנה ריץ' 250 מ""ל",האי נאם סי או אל.טי.,IT,ספריי קצפת מתוקה מוכ,מיליליטרים,250.00,"100 מ""ל",false,,8.90,0.0356,true,1,1333807
7290004011796,false,קבבונים בקר קפוא אל גאוצ''ו 400ג',"טיבון ויל אחזקות בע""",IL,קבבונים אל גאוצ'ו 40,גרמים,45.00,100 גרם,false,,22.90,0.5089,true,1,1333813
7290004011819,false,המבורגר ריב אנטריקוט אל גאוצ'ו 360 גרם,האי נאם סי או אל.טי.,IL,המבורגר ריב אנטריקוט,גרמים,360.00,100 גרם,false,,21.90,0.0608,true,1,1333815
7290004011826,false,מיני המבורגר ריב אנטריקוט,טיבון ויל אחזקות בעמ,IL,מיני המבורגר ריב 320,גרמים,320.00,100 גרם,false,,21.90,0.0684,true,1,1333816
7290004014407,false,עדשי מ&מ'ס חמאת בוטנים46,מרס נדרלנד,US,אמ אנד אם חטיף 46 גר,גרמים,46.00,100 גרם,false,,4.90,0.1065,true,1,1332872
7290004023041,false,"לחם שיפון ללא שמרים ד""ר מרק 750 גר'",המאפה של דר מרק בריא,IL,לחם מחמצת שיפון 750,גרמים,750.00,100 גרם,false,,13.90,0.0185,true,1,3882266
7290004026776,false,לחם מחמצת אגוזים וצימוקים,פילסברי,,לחם מחמצת אגוזים וצי,יח',1.00,יח',false,,15.90,15.9000,true,1,3891707
7290004030018,false,"פריניב מיץ לימון סחוט פרי לתיבול 500 מ""ל",הנסיך- מפעל לייצור ט,IL,מיץ לימון סחוט רכיבי,מיליליטרים,500.00,"100 מ""ל",false,,6.40,0.0128,true,1,1357687
7290004030148,false,מיץ לימון לתיבול סלטים,,IL,מיץ לימון סחוט 500 מ,מיליליטרים,500.00,"100 מ""ל",false,,6.50,0.0130,true,1,3884156
7290004030216,false,משקה בטעם חמוציות 1 ליטר פריניב,פריניב בעמ,IL,נקטר חמוציות 1 ליטר,100 מל,1000.00,100 מל,false,,12.90,0.0129,true,1,3872686
7290004030223,false,מיץ תפוחים סחוט רכיבים טבעיים 100% פרי ניב 1 ליטר,פריניב בעמ,IL,מיץ תפוחים סחוט רכיב,ליטרים,1.00,ליטר,false,,14.90,14.9000,true,1,1357695
7290004030377,false,מיץ לימון לתיבול רמי לוי 500 מל,,,מיץ לימון לתיבול רמי,מיליליטרים,500.00,"100 מ""ל",false,,5.50,0.0110,true,1,1357702
7290004033729,false,לחם עננים מקמח כוסמין עם פרוסות עבות,מאפית י את א ברמן בע,IL,לחם עננים כוסמין 600,גרמים,600.00,100 גרם,false,,14.90,0.0248,true,1,3893413
7290004033736,false,"עננים לחם לבן בסגנון בריוש עם פרוסות עבות, 500 גרם",מאפית י את א ברמן בע,IL,לחם עננים סגנון בריו,גרמים,500.00,100 גרם,false,,13.90,0.0278,true,1,3901860
7290004033958,false,לחם דגנים 750גר רמיל,,,לחם דגנים 750גר רמיל,גרמים,750.00,100 גרם,false,,10.90,0.0145,true,1,3887085
7290004033989,false,לחמניות חיטה מלאה וס,,,לחמניות חיטה מלאה וס,יח',1.00,יח',false,,10.90,10.9000,true,1,3887087
7290004034610,false,המבורגר ריב אנטריקוט 360ג רמילוי,,,המבורגר ריב אנטריקוט,גרמים,360.00,100 גרם,false,,19.90,0.0553,true,1,3872740
7290004034627,false,קבב 400גר קפוא מחפוד רמילוי,,,קבב 400גר קפוא מחפוד,גרמים,360.00,100 גרם,false,,19.90,0.0553,true,1,3872741
7290004034641,false,קציצות מתובלות לאש 4,,,קציצות מתובלות לאש 4,גרמים,360.00,100 גרם,false,,19.90,0.0553,true,1,3872743
7290004034658,false,סטייק אנטריקוט קפוא,,,סטייק אנטריקוט קפוא,קילוגרמים,1.00,"ק""ג",true,,89.90,89.9000,true,1,3872739
7290004043108,false,עדשי מ&מ'ס שוקולד 89 גרם,מרס,US,אם אנד אם שוקולד 89,גרמים,89.00,100 גרם,false,,5.90,0.0663,true,1,2354026
7290004043205,false,עדשי שוק.מ&מ'ס בוטנים90ג,מרס,US,אם אנד אם בוטנים 93,גרמים,93.00,100 גרם,false,,5.90,0.0634,true,1,2430222
7290004061449,false,שף העוף שניצל אמרקאי 700 גר,ויטה,,טופ שף שניצל אמרקאי,גרמים,700.00,100 גרם,false,,10.90,0.0156,true,1,3885149
7290004061487,false,טבעות עוף 700 גר,פרסקו,,טבעות עוף 700,גרמים,700.00,100 גרם,false,,14.90,0.0213,true,1,3885150
7290004063016,false,מלח שולחן -מוצר בפיקוח,האי נאם סי או אל.טי.,IL,מלח שולחן דק סלית 1,גרמים,1000.00,100 גרם,false,,1.70,0.0017,true,1,1342492
7290004063115,false,"מלח מטבח עבה להמלחת בשר ובישול 1 ק""ג 1ק""ג",האי נאם סי או אל.טי.,IL,מלח מטבח עבה סלית 1,גרמים,1000.00,100 גרם,false,,1.70,0.0017,true,1,1342493
7290004063153,false,"מלח ים אטלנטי טבעי 1 ק""ג",חברת מלח הארץ אילת ב,FR,"מלח ים אטלנטי 1 ק""ג",יח',1.00,יח',false,,17.90,17.9000,true,1,1336197
7290004064099,false,מטחנה מלח ים מהרי ההימלאיה מלח הארץ 100 גרם,"חברת מלח הארץ אילת בע""\מ",IL,מטחנה מלח מהרי האימל,גרמים,250.00,100 גרם,false,,15.90,0.0636,true,1,1555272
7290004064105,false,מטחנה מלח עשבי תיבול מלח הארץ 100 גרם,חברת מלח הארץ אילת ב,IL,מטחנה מלח עשבי תיבול,גרמים,250.00,100 גרם,false,,15.90,0.0636,true,1,1555252
7290004064174,false,"תבלין מלח ההימלאיה דק בצנצנת 1 ק""ג","חברת מלח הארץ אילת בע""\מ",PK,מלח הימלאיה דק צנצנת,100 קילו,1.00,100 קילו,false,,14.90,14.9000,true,1,3583967
7290004064181,false,"תבלין מלח ההימלאיה גס בצנצנת 1 ק""ג","חברת מלח הארץ אילת בע""\מ",PK,מלח הימלאיה גס צנצנת,100 קילו,1.00,100 קילו,false,,14.90,14.9000,true,1,3583968
7290004064198,false,מטחנת מלח ספייסי- אקסטרא תבלינים 115 ג',"מלח הארץ אילת בע""מ",IL,מטחנת מלח אקסטרא ספי,גרמים,115.00,100 גרם,false,,15.90,0.1383,true,1,3868544
7290004064228,false,מלח במטחנה אקסטרא תבלינים שום ופלפל 125 גר',"חברת מלח הארץ אילת בע""\מ",IL,מטחנת מלח אקסטרא שום,גרמים,125.00,100 גרם,false,,15.90,0.1272,true,1,3868546
7290004064297,false,"מלח מועשר ביוד בצנצנת מלח הארץ 1 ק""ג","חברת מלח הארץ אילת בע""\מ",IL,מלח מועשר ביוד צנצנת,גרמים,1000.00,100 גרם,false,,8.90,0.0089,true,1,3868548
7290004064303,false,מלח אטלנטי בצנצנת מלח הארץ 800 גרם,"חברת מלח הארץ אילת בע""\מ",FR,מלח אטלנטי צנצנת 800,גרמים,800.00,100 גרם,false,,17.90,0.0224,true,1,3868549
7290004064358,false,"מלח דק זורם בקלות מלח הארץ קרטון 1 ק""ג","חברת מלח הארץ אילת בע""\מ",IL,מלח דק קרטון 1קג,גרמים,1000.00,100 גרם,false,,4.90,0.0049,true,1,3879414
7290004064365,false,"מלח דק מועשר ביוד מלח הארץ קרטון 1 ק""ג","חברת מלח הארץ אילת בע""\מ",IL,מלח דק מועשר ביוד קר,גרמים,1000.00,100 גרם,false,,5.90,0.0059,true,1,3879415
7290004064389,false,מלח הימלאייה דק מלחייה 250 גרם,"חברת מלח הארץ אילת בע""\מ",IL,מלח הימלאיה דק מלחיי,גרמים,250.00,100 גרם,false,,9.90,0.0396,true,1,3892618
7290004068011,false,יוגורט כבשים בדלי 5% שומן 600 ג' גד,"מיוצר ע""י קוד יצרן M",IL,יוגורט כבשים מחלבות,מיליליטרים,600.00,"100 מ""ל",false,,16.90,0.0282,true,1,1330471
7290004068028,false,"יוגורט צזיקי לשתייה 3.5% 500 מ""ל רובין",מיוצר על ידי קוד יצר,IL,משקה ציזיקי גד 500 מ,מיליליטרים,500.00,"100 מ""ל",false,,9.20,0.0184,true,1,1330472
7290004068035,false,"יוגורט לשתייה איירן 3% גד 500 מ""ל","מיוצר ע""י קוד יצרן M",IL,איירן 500מל,מיליליטרים,500.00,"100 מ""ל",false,,7.90,0.0158,true,1,1330473
7290004068172,false,יוגורט עזים בדלי 5% שומן 600 ג' גד,קוד יצרן MKN,IL,יוגורט עזים דלי 600ג,גרמים,600.00,100 גרם,false,,16.90,0.0282,true,1,1330475
7290004075248,false,סינטה עגל פרמיום דק דק 300 גר' מחפוד.,,,סינטה עגל פרימיום פר,יח',1.00,יח',false,,24.90,24.9000,true,1,3886636
7290004075422,false,כנף עוף חצוי מתובל פרמיום מיט ארוז קפוא מחפוד,,,כנף עוף חצוי מתובל פ,קילוגרמים,1.00,"ק""ג",true,,14.90,14.9000,true,1,3895055
7290004075521,false,נשנושי טלה קפוא ארוז מחפוד,,,נשנושי טלה קפוא מחפו,קילוגרמים,1.00,"ק""ג",true,,99.90,99.9000,true,1,3889012
7290004075583,false,ניו יורק בורגר פרמיום מיט קפוא ארוז מחפוד,,,ניורק בורגר פרמיום מ,קילוגרמים,1.00,"ק""ג",true,,49.90,49.9000,true,1,3895066
7290004075620,false,קציצות כבש פרמיום מיטקפוא ארוז מחפוד,,,קציצות כבש פרמיום מי,קילוגרמים,1.00,"ק""ג",true,,49.90,49.9000,true,1,3895068
7290004078263,false,מקלות אוזניים פלסטיק 2* 200 יחידות,ספטונה,GR,צמרוני אוזניים בלונס,יח',400.00,יח',false,,9.90,0.0248,true,1,1327107
7290004078270,false,נוזל לניקוי כלים בריח לימון פלמוליב 1 ליטר,יבואן ומשווק: ש. שסט,GR,נוזל לניקוי כלים ברי,ליטרים,1.00,ליטר,false,,13.90,13.9000,true,1,1327108
7290004078690,false,"אגקס נוזל לניקוי אסלות מרענן 750 מ""ל",הנסיך- מפעל לייצור ט,GR,אג'קס נוזל לניקוי אס,מיליליטרים,750.00,"100 מ""ל",false,,14.90,0.0199,true,1,1327110
7290004078942,false,ליידי ספיד סטיק - דאודורנט ג'ל לאישה 65 גרם,קולגייט-פלמוליב,US,דאודורנט ג'ל פרש ליי,גרמים,63.00,100 גרם,false,,14.90,0.2365,true,1,1327111
7290004091248,false,וזלין פטרוליום אינטנסיב קאר ג'ל 106 גר',"יוניליוור ארה""ב, ג'ו",US,וזלין פטרוליום ג'ל 1,מיליליטרים,106.00,"100 מ""ל",false,,12.90,0.1217,true,1,1331272
7290004104306,false,טרמומטר לחדר עץ,איתן,,טרמומטר לחדר עץ,יח',1.00,יח',false,,11.90,11.9000,true,1,1355899
7290004119133,false,כד יוגורט תנובה 6.5% שומן 1.5 ליטר,מיוצר עי קונדיטוריית,IL,יוגורט תנובה 6.5% כד,ליטרים,1.50,ליטר,false,,16.90,11.2667,true,1,1325503
7290004119225,false,יופלה יוגורט אננס %3 גביע 150 גרם,תנובה מרכז שיתופי לש,IL,יופלה יוגורט אננס %3,מיליליטרים,150.00,"100 מ""ל",false,,4.70,0.0313,true,1,1325504
7290004119928,false,מעדן חלב בטעם וניל 2% קרלו תנובה 125 גרם,מחלבת אלון תבור,IL,קרלו מעדן וניל גביע,מיליליטרים,125.00,"100 מ""ל",false,,2.90,0.0232,true,1,1325507
7290004119973,false,קרלו מעדן שוקו רביעיה גביע 1.5% 125 גרם,תנובה מרכז שיתופי לש,IL,קרלו מעדן שוקולד 2%,מיליליטרים,125.00,"100 מ""ל",false,,2.80,0.0224,true,1,1325508
7290004120061,false,מעדן חלב בטעם שוקו וניל שוניל 2% קרלו 125 גרם,תנובה מרכז שיתופי לש,IL,קרלו שוניל 1.5% 125,מיליליטרים,125.00,"100 מ""ל",false,,2.90,0.0232,true,1,1325509
7290004120108,false,יופלה דיאט יוגורט דובדבן %0 גביע 150גרם,תנובה מרכז שיתופי לש,IL,יופלה דיאט יוגורט דו,מיליליטרים,150.00,"100 מ""ל",false,,4.80,0.0320,true,1,1325510
7290004120252,false,באדי תות מעדן 125 גרם בדצ העדה החרדית 3%,מחלבת אלון תבור,IL,"באדי תות בד""צ 125מל",מיליליטרים,125.00,"100 מ""ל",false,,2.80,0.0224,true,1,1325511
7290004120566,false,פיראוס 24% גבינה בולגרית 250 גרם,תנובה חלב,IL,פיראוס בולגרית גביע,גרמים,250.00,100 גרם,false,,19.90,0.0796,true,1,1325514
7290004120573,false,פיראוס 16% גבינה בולגרית 250 גרם,תנובה מרכז שיתופי לש,IL,פיראוס בולגרית גביע,גרמים,250.00,100 גרם,false,,19.90,0.0796,true,1,1325515
7290004120634,false,גבינה פיראוס בולגרית 5% 250 גרם,תנובה מרכז שיתופי לש,IL,פיראוס בולגרית גביע,גרמים,250.00,100 גרם,false,,19.90,0.0796,true,1,1325516
7290004120832,false,"חלב 2 ליטר 3% כד ""תנובה""- מוצר בפיקוח",תנובה מרכז שיתופי לש,IL,חלב תנובה טרי %3 כד,ליטרים,2.00,ליטר,false,,11.90,5.9500,true,1,1325517
7290004121488,false,יופלה דיאט אפרסק 0% גביע 150 גרם,תנובה מרכז שיתופי לש,IL,יופלה דיאט אפרסק 0%,מיליליטרים,150.00,"100 מ""ל",false,,4.80,0.0320,true,1,1325518
7290004121525,false,יופלה מאגדת פרי 4 תות 4 אפרסק 3% 8 יח'*150 ג',תנובה מרכז שיתופי לש,IL,מאגדת שמיניה יופלה פ,ליטרים,1.20,ליטר,false,,27.90,23.2500,true,1,1325519
7290004121754,false,יוגורט ביו עוגת גבינה ותות 3% יופלה 150 גרם,תנובה חלב,IL,יופלה יוגורט עוגת גב,מיליליטרים,150.00,"100 מ""ל",false,,4.80,0.0320,true,1,1325521
7290004121853,false,גבינה בולגרית פיראוס 5% קוביות 200 גרם,תנובה מרכז שיתופי לש,IL,פיראוס קוביות בולגרי,גרמים,200.00,100 גרם,false,,19.90,0.0995,true,1,1325523
7290004122119,false,פתיתי פרמזן לפסטה 23% השף הלבן 100 גרם,פ.פ.ח. שאביט,IL,פתיתי פרמזן לפסטה 10,גרמים,100.00,100 גרם,false,,11.90,0.1190,true,1,1325526
7290004122195,false,גוש חלב גבינה צהובה פרוסה 28% תנובה 200 גרם,תנובה חלב,IL,גוש חלב פרוס 200 %28,גרמים,200.00,100 גרם,false,,12.90,0.0645,true,1,1325527
7290004122270,false,עמק קלאסית פרוסות גבינה חצי קשה 28% 200 גרם,תנובה מרכז שיתופי לש,IL,עמק פרוס בקופסא 200,גרמים,200.00,100 גרם,false,,15.80,0.0790,true,1,1325528
7290004122348,false,גבינת עמק לייט פרוס בקופסא 200 גרם,תנובה מרכז שיתופי לש,IL,עמק לייט פרוס 200 גר,גרמים,200.00,100 גרם,false,,16.60,0.0830,true,1,1325530
7290004122607,false,גבינת עמק לייט 9% במשקל,תנובה מרכז שיתופי לש,IL,עמק לייט 9%- חריץ,קילוגרמים,1.00,"ק""ג",true,,70.00,70.0000,true,1,1325234
7290004122676,false,גבינת חמד לייט 5% פיראוס 250 ג',"תנובה,מחלבת טנא נוגה",IL,פיראוס חמד לייט 5% 2,גרמים,250.00,100 גרם,false,,17.50,0.0700,true,1,1325534
7290004122683,false,עמק חטיף אצבעות גבינה חצי קשה 28% שומן,תנובה מרכז שיתופי לש,IL,אצבעות 28% חטיף גבינ,גרמים,172.00,100 גרם,false,,15.90,0.0924,true,1,1325535
7290004124205,false,יופלה דיאט יוגורט תות %0 גביע 150 גרם,תנובה מרכז שיתופי לש,IL,יופלה דיאט יוגורט תו,מיליליטרים,150.00,"100 מ""ל",false,,4.70,0.0313,true,1,1325544
7290004124847,false,"קצפת צמחית השף הלבן 500 מ""ל תנובה",תנובה מרכז שיתופי לש,IL,קצפת צמחית השף הלבן,מיליליטרים,500.00,"100 מ""ל",false,,13.90,0.0278,true,1,1325545
7290004125370,false,"שמנת חמוצה 9% מופחתת שומן תנובה 200 מ""ל מהדרין",תנובה מרכז שיתופי לש,IL,שמנת אורגינל 9% 200מ,מיליליטרים,200.00,"100 מ""ל",false,,3.50,0.0175,true,1,1325547
7290004125400,false,"אשל שלי מהדרין 200 מ""ל 4.5% ""תנובה""- מוצר בפיקוח",פארייפאבה אגרואינדוס,IL,אשל 4.5% 200מל מהדרי,מיליליטרים,200.00,"100 מ""ל",false,,1.55,0.0078,true,1,1325548
7290004125417,false,"גיל 3% שלי 200 מ""ל ""תנובה"" -מוצר בפיקוח",תנובה מרכז שיתופי לש,IL,גיל 3% 200מל מהדרין,מיליליטרים,200.00,"100 מ""ל",false,,1.40,0.0070,true,1,1325549
7290004125455,false,"שמנת חמוצה 200 מ""ל 15% ""תנובה"" -מוצר בפיקוח",תנובה מרכז שיתופי לש,IL,שמנת אורגינל 15% 200,מיליליטרים,200.00,"100 מ""ל",false,,2.20,0.0110,true,1,1325550
7290004125462,false,"שמנת חמוצה 15% תנובה 500 מ""ל מהדרין",תנובה מרכז שיתופי לש,IL,שמנת אורגינל 15% 500,מיליליטרים,500.00,"100 מ""ל",false,,5.70,0.0114,true,1,1325551
7290004125509,false,"שמנת חמוצה 15% מועשרת תנובה 100 מ""ל",תנובה מרכז שיתופי לש,IL,שמנת חמוצה 15% תנובה,מטרים,100.00,100 מ'ל,false,,1.60,0.0160,true,1,1325552
7290004125578,false,משקה סויה מעושר בסידן תנובה 1ל',תנובה מרכז שיתופי לש,IL,משקה סויה מועשר 1 לי,ליטרים,1.00,ליטר,false,,9.90,9.9000,true,1,1325553
7290004125585,false,משקה סויה בטעם וניל תנובה 1 ליטר,תנובה מרכז שיתופי לש,IL,משקה סויה וניל על הב,ליטרים,1.00,ליטר,false,,9.90,9.9000,true,1,1325554
7290004125721,false,"השף הלבן שמנת עמידה לבישול 15% תנובה 250 מ""ל",תנובה מרכז שיתופי לש,IL,השף הלבן שמנת עמידה,מיליליטרים,250.00,"100 מ""ל",false,,7.90,0.0316,true,1,1325555
7290004125738,false,שמנת מתוקה להקצפה32% 250מל עמיד השף הלבן,תנובה מרכז שיתופי לש,IL,השף הלבן שמנת להקצפה,מיליליטרים,250.00,"100 מ""ל",false,,5.90,0.0236,true,1,1325556
7290004125776,false,גבינה צהובה עמק 28% 400 גרם בקופסא,תנובה חלב,IL,עמק פרוס 28% 400 גרם,גרמים,400.00,100 גרם,false,,27.80,0.0695,true,1,1325557
7290004126674,false,טל העמק פרוסות גבינה חצי קשה לייט %9 200 גרם בקופסא,תנובה מרכז שיתופי לש,IL,טל העמק לייט %9 200,גרמים,200.00,100 גרם,false,,17.90,0.0895,true,1,1325559
7290004126759,false,יוגורט דיאט יופלה פירות יער 150 גרם,תנובה חלב,IL,יופלה דיאט פירות יער,מיליליטרים,150.00,"100 מ""ל",false,,4.80,0.0320,true,1,1325560
7290004126872,false,משקאות חלב תנובה שוקו בקבוק 250מל,תנובה חלב,IL,"שוקו תנובה 250 מ""ל",מיליליטרים,250.00,"100 מ""ל",false,,5.30,0.0212,true,1,1325561
7290004127077,false,קוטג תנובה 3% גביע 250 גרם מהדרין,מיוצר עי קונדיטוריית,IL,קוטג תנובה 3% גביע 2,גרמים,250.00,100 גרם,false,,5.40,0.0216,true,1,1325562
7290004127800,false,"גבינה לבנה 500 גרם 5% ""תנובה"" -מוצר בפיקוח",מיוצר עי קונדיטוריית,IL,גבינה לבנה 5% 500 גר,גרמים,500.00,100 גרם,false,,9.20,0.0184,true,1,1325567
7290004127817,false,גבינה לבנה 9% שומן 500 ג' תנובה,מיוצר עי קונדיטוריית,IL,גבינה לבנה 9% 500 גר,גרמים,500.00,100 גרם,false,,9.20,0.0184,true,1,1325568
7290004127862,false,"גבינה לבנה 750 גרם 5% ""תנובה"" - מוצר בפיקוח",תנובה מרכז שיתופי לש,IL,גבינה לבנה 5% 750 גר,גרמים,750.00,100 גרם,false,,13.80,0.0184,true,1,1325569
7290004127916,false,גבינה לבנה 0.5% שומן 500 ג' תנובה,תנובה מרכז שיתופי לש,IL,גבינה לבנה 1/2% תנוב,גרמים,500.00,100 גרם,false,,9.20,0.0184,true,1,1325571
7290004128333,false,לאבנה על בסיס יוגורט %9 שומן 500 ג' פיראוס,תנובה חלב,IL,פיראוס גבינת לאבנה 9,גרמים,500.00,100 גרם,false,,18.90,0.0378,true,1,1325577
7290004128340,false,קרם גבינת שמנת %5 בטעם טבעי 200 ג' תנובה,תנובה חלב,IL,קרם גבינת שמנת %5 בט,גרמים,200.00,100 גרם,false,,10.90,0.0545,true,1,1325578
7290004128364,false,קרם גבינת שמנת 5% עם זיתים ירוקים 200 ג' תנובה,"תנובה, מחלבת תל יוסף",IL,גבינת שמנת בטעם זיתי,גרמים,200.00,100 גרם,false,,10.90,0.0545,true,1,1325579
7290004128432,false,פתיתים מיוחדים לפיצה על בסיס גבינה 500 ג',תנובה חלב,IL,פתיתים מיוחדים לפיצה,גרמים,500.00,100 גרם,false,,21.80,0.0436,true,1,1325580
7290004129101,false,גבינת שמנת 25% בטעם טבעי 225 ג' נפוליאון,תנובה מרכז שיתופי לש,IL,נפוליאון טבעי גביע 2,גרמים,225.00,100 גרם,false,,12.90,0.0573,true,1,1325581
7290004129118,false,גבינת שמנת 24% עם זיתים ירוקים 225 ג' נפוליאון,תנובה מרכז שיתופי לש,IL,נפוליאון זית גביע 22,גרמים,225.00,100 גרם,false,,12.90,0.0573,true,1,1325582
7290004129156,false,גבינת שמנת25% עם שום שמיר 225 ג' נפוליאון,תנובה מרכז שיתופי לש,IL,נפוליאון שום שמיר גב,גרמים,225.00,100 גרם,false,,12.90,0.0573,true,1,1325583
7290004129736,false,יוגורט במתיקות מעודנת 1.5% שומן 200 ג' יופלה,תנובה מרכז שיתופי לש,IL,יופלה לבן מעודן 1.5%,מיליליטרים,200.00,"100 מ""ל",false,,4.20,0.0210,true,1,1325586
7290004129767,false,"3% 'יופלה לבן מארז שמינייה 1.2 ק""ג",מחלבת אלון תבור,IL,יופלה לבן 3% מאגדת 8,קילוגרמים,1.20,"ק""ג",false,,16.90,14.0833,true,1,1325588
7290004130695,false,משקאות חלב תנובה אייס קפה בבקבוק 1ל,תנובה מרכז שיתופי לש,IL,אייס קפה תנובה 1 ליט,ליטרים,1.00,ליטר,false,,12.50,12.5000,true,1,1325589
7290004130794,false,משקה סויה במתיקות מופחתת תנובה 1 ליטר,תנובה מרכז שיתופי לש,IL,משקה סויה טבעי במתיק,ליטרים,1.00,ליטר,false,,9.90,9.9000,true,1,1325590
7290004130916,false,יוגורט יופלה פירות יער בשמנת 3% 150 גרם,תנובה מרכז שיתופי לש,IL,יופלה פירות יער בשמנ,מיליליטרים,150.00,"100 מ""ל",false,,4.70,0.0313,true,1,1325591
7290004131074,false,"חלב 1 ליטר 3% קרטון ""תנובה""- מוצר בפיקוח",תנובה מרכז שיתופי לש,IL,חלב תנובה טרי1ל קרטו,ליטרים,1.00,ליטר,false,,5.90,5.9000,true,1,1325593
7290004131227,false,תנובה גבינה לבנה 3%,מחלבת אלון תבור,IL,גבינה לבנה 3% 500 גר,גרמים,500.00,100 גרם,false,,9.20,0.0184,true,1,1325596
7290004131432,false,יוגורט יופלה לבן ביו 3% 200 גרם,מיוצר עי קונדיטוריית,IL,יופלה לבן 3% גביע 20,מיליליטרים,200.00,"100 מ""ל",false,,3.70,0.0185,true,1,1325598
7290004131456,false,יוגורט ביו 1.5% שומן 200 ג' יופלה,מיוצר עי קונדיטוריית,IL,יופלה לבן 1.5% גביע,מיליליטרים,200.00,"100 מ""ל",false,,3.70,0.0185,true,1,1325599
7290004131531,false,משקאות חלב תנובה שוקו בקבוק 1ל,תנובה מרכז שיתופי לש,IL,שוקו תנובה בקבוק 1 ל,ליטרים,1.00,ליטר,false,,11.90,11.9000,true,1,1325602
7290004131814,false,גבינה צפתית 5% מעודנת 200 ג' פיראוס,פארייפאבה אגרואינדוס,IL,פיראוס צפתית 5% מעוד,גרמים,200.00,100 גרם,false,,13.90,0.0695,true,1,1325606
7290004131845,false,גבינת לאבנה 9% שומן 750 ג' פיראוס,תנובה מרכז שיתופי לש,IL,פיראוס לאבנה 9% גביע,גרמים,750.00,100 גרם,false,,20.90,0.0279,true,1,1325607
7290004132231,false,חלב פלוס לקפה 3.5% שומן,"תנובה, מחלבת רחובות",IL,חלב מיוחד לקפה 3.5%,מיליליטרים,800.00,"100 מ""ל",false,,6.40,0.0080,true,1,1325610
7290004132552,false,משקה סויה בטעם טבעי לייט תנובה 1 ליטר,תנובה מרכז שיתופי לש,IL,משקה סויה לייט בטעם,ליטרים,1.00,ליטר,false,,9.90,9.9000,true,1,1325613
7290004132606,false,"קרלו מעדן חלב בטעם וניל 2% תנובה 8*100 מ""ל",תנובה מרכז שיתופי לש,IL,קרלו מעדן חלב בטעם ו,מיליליטרים,800.00,"100 מ""ל",false,,13.20,0.0165,true,1,1325614
7290004132712,false,חטיף אצבעות גבינת מוצרלה 20% 172 ג' עמק,תנובה מרכז שיתופי לש,IL,חטיף אצבעות גבינת מו,גרמים,172.00,100 גרם,false,,15.90,0.0924,true,1,1325616
7290004132903,false,גבינה לבנה 3% מהדרין תנובה 250 גרם,תנובה מרכז שיתופי לש,IL,גבינה לבנה 3% מהדרין,גרמים,250.00,100 גרם,false,,4.70,0.0188,true,1,1325619
7290004133511,false,יופלה מאגדת לבן 1.5% מעודן 8 יח' * 150 ג',מיוצר עי קונדיטוריית,IL,יופלה מאגדת שמיניה ל,ליטרים,1.20,ליטר,false,,19.90,16.5833,true,1,1325625
7290004133627,false,משקה חלב בטעם וניל בתוספת ויטמין A+D 3% ליטר,תנובה מרכז שיתופי לש,IL,חלב על הבוקר בטעם ונ,ליטרים,1.00,ליטר,false,,7.90,7.9000,true,1,1325626
7290004133900,false,קצפת צמחית השף הלבן250מל,סוי מג'יק,IL,קצפת צמחית השף הלבן,מיליליטרים,250.00,"100 מ""ל",false,,8.90,0.0356,true,1,1325627
7290004134198,false,"משקה בננה בקבוק 250 מ""ל",תנובה,IL,תנובה משקה בננה אישי,מטרים,250.00,100 מ'ל,false,,5.30,0.0212,true,1,1325629
7290004135058,false,שמיניית קרלו מיני שוקולד 100 גרם מהדרין,תנובה מרכז שיתופי לש,IL,מאגדת קרלו מיני שוקו,מיליליטרים,800.00,"100 מ""ל",false,,13.20,0.0165,true,1,1325633
7290004135072,false,"מעדן חלב מיני שוקולדה 1.5% מהדרין קרלו 8*100 מ""ל",תנובה מרכז שיתופי לש,IL,מעדן חלב מיני שוקולד,מיליליטרים,800.00,"100 מ""ל",false,,13.90,0.0174,true,1,1325634
7290004135119,false,"שמיניית קרלו מיני וניל 100 גרם בד""ץ",תנובה מרכז שיתופי לש,IL,מעדן חלב מיני וניל 1,מיליליטרים,800.00,"100 מ""ל",false,,13.90,0.0174,true,1,1325635
7290004135225,false,מעדן חלב דל קלוריות בטעם שוקולד 0.2שומ,תנובה מרכז שיתופי לש,IL,מעדן חלב דל קלוריות,מיליליטרים,150.00,"100 מ""ל",false,,3.80,0.0253,true,1,1325637
7290004135614,false,גבינה בולגרית מעודנת 5% פיראוס 250 גרם,תנובה חלב,IL,פיראוס בולגרית מעודנ,גרמים,250.00,100 גרם,false,,18.90,0.0756,true,1,1325640
7290004136154,false,"משקה חלב אייס קפה תנובה בבקבוק 340 מ""ל",גוד פוד פרודקטס S.p,IL,"אייס קפה 340 מ""ל",מיליליטרים,340.00,"100 מ""ל",false,,6.50,0.0191,true,1,1325646
7290004136598,false,מארז הפסקת אוכל עם קורנפלקס ומשקה חלב עמיד בטעם וניל,פארייפאבה אגרואינדוס,IL,מארז הפסקת אוכל חלב,מיליליטרים,150.00,"100 מ""ל",false,,8.90,0.0593,true,1,1325652
7290004136857,false,מעדן גלי פטל תנובה 125 גרם,תנובה מרכז שיתופי לש,IL,ג'לי תנובה פטל,מיליליטרים,125.00,"100 מ""ל",false,,2.20,0.0176,true,1,1325654
7290004136864,false,מעדן ג'לי בטעם אננס עם חתיכות תנובה 125 גרם,תנובה חלב,IL,מעדן ג'לי בטעם אננס,מיליליטרים,125.00,"100 מ""ל",false,,2.60,0.0208,true,1,1325655
7290004136871,false,מעדן ג'לי בטעם אפרסק עם חתיכות תנובה 125 גרם,תנובה מרכז שיתופי לש,IL,מעדן ג'לי בטעם אפרסק,מיליליטרים,125.00,"100 מ""ל",false,,2.50,0.0200,true,1,1325656
7290004137021,false,"שמנת עמידה לבישול מופחת שומן 10% השף הלבן 250 מ""ל",תנובה מרכז שיתופי לש,IL,שמנת עמידה לבישול 10,מיליליטרים,250.00,"100 מ""ל",false,,7.90,0.0316,true,1,1325658
7290004137311,false,עמק לייט משפחתית 9% 400ג-ועדת מהדרין,תנובה חלב,IL,עמק לייט פרוס 400 גר,גרמים,400.00,100 גרם,false,,29.90,0.0747,true,1,1325660
7290004137809,false,פיראוס לאבנה 5% גביע 250 גרם,"תנובה, מחלבת אלון תב",IL,פיראוס לאבנה 5% גביע,גרמים,250.00,100 גרם,false,,11.90,0.0476,true,1,1325661
7290004146986,false,נקה 7 שמפו לשיער צבוע ומובהר 750 מל,אמיליה קוסמטיקס,IL,שמפו לשיער צבוע נקה,מיליליטרים,750.00,"100 מ""ל",false,,9.90,0.0132,true,1,1332076
7290004146993,false,נקה 7 מרכך שיער צבוע ומובהר 750 מל,אמיליה קוסמטיקס,IL,מרכך לשיער צבוע נקה,מיליליטרים,750.00,"100 מ""ל",false,,9.90,0.0132,true,1,1332077
7290004165000,false,רסק תפוחי עץ בתוספת סוכר יכין 560גר,זנלכל,IL,רסק תפוחי עץ בתוספת,גרמים,560.00,100 גרם,false,,6.10,0.0109,true,1,1337596
7290004194178,false,עוף קפוא מס' 1 בשקית מחפוד,עוף ירושלים,,עוף קפוא מחפוד,קילוגרמים,1.00,"ק""ג",true,,24.90,24.9000,true,1,1341303
7290004194185,false,עוף מספר 2 קפוא חלק הרב מחפוד,עוף ירושלים,IL,עוף מספר 2 מחפוד,קילוגרמים,1.00,"ק""ג",true,,24.90,24.9000,true,1,1341304
7290004194208,false,כרעיים עוף חלק רב מחפוד קפוא,עוף ירושלים,IL,כרעיים עוף מחפוד,קילוגרמים,1.00,"ק""ג",true,,29.90,29.9000,true,1,1341306
7290004194239,false,מחפוד-חזה עוף קפוא מהדרין,עוף ירושלים,IL,חזה עוף מחפוד,קילוגרמים,1.00,"ק""ג",true,,29.90,29.9000,true,1,1341307
7290004194253,false,כנפיים עוף קפוא ארוז חלק מחפוד.,עוף ירושלים,IL,*מבצע* כנפיים עוף מח,קילוגרמים,1.00,"ק""ג",true,,11.90,11.9000,true,1,1341308
7290004194260,false,מחפוד-שוקיים עוף קפוא מהדרין,עוף ירושלים,IL,*מבצע* שוקיים עוף מח,קילוגרמים,1.00,"ק""ג",true,,31.90,31.9000,true,1,1341309
7290004194277,false,ירכיים עוף קפוא-מחפוד מהדרין,עוף ירושלים,,ירכיים עוף מחפוד,קילוגרמים,1.00,"ק""ג",true,,29.90,29.9000,true,1,1341310
7290004194284,false,מחפוד - פרגיות עוף קפוא מהדרין,עוף ירושלים,IL,פרגיות עוף קפוא מחפו,קילוגרמים,1.00,"ק""ג",true,,74.90,74.9000,true,1,1341311
7290004194307,false,כבד עוף קפוא ארוז מחפוד,עוף ירושלים,IL,כבד עוף קפוא מחפוד,קילוגרמים,1.00,"ק""ג",true,,24.90,24.9000,true,1,1341312
7290004194314,false,לבבות עוף קפוא מחפוד,עוף ירושלים מהדרין,,לבבות עוף מחפוד,קילוגרמים,1.00,"ק""ג",true,,29.90,29.9000,true,1,1341313
7290004194345,false,שניצל עוף קפוא פרוס מחפוד,עוף ירושלים,IL,שניצל עוף פרוס מחפוד,קילוגרמים,1.00,"ק""ג",true,,31.90,31.9000,true,1,1341315
7290004194529,false,עוף שלם טרי ארוז מחפ,עוף ירושלים מהדרין ב,IL,עוף טרי מחפוד ארוז,קילוגרמים,1.00,"ק""ג",true,,22.90,22.9000,true,1,1354706
7290004194543,false,כרעיים עוף טרי מחפוד ארוז,עוף ירושלים מהדרין ב,IL,כרעיים עוף טרי מחפוד,קילוגרמים,1.00,"ק""ג",true,,29.90,29.9000,true,1,1354708
7290004194567,false,ירכיים עוף טרי מחפוד ארוז,עוף ירושלים מהדרין,,ירכיים עוף טרי מחפוד,קילוגרמים,1.00,"ק""ג",true,,29.90,29.9000,true,1,1354710
7290004194574,false,שוקיים עוף טרי מחפוד ארוז,עוף ירושלים מהדרין ב,IL,שוקיים עוף טרי ארוז,קילוגרמים,1.00,"ק""ג",true,,32.90,32.9000,true,1,1354711
7290004194604,false,לבבות עוף טרי ארוז מ,עוף ירושלים מהדרין,,לבבות עוף טרי ארוז מ,קילוגרמים,1.00,"ק""ג",true,,31.90,31.9000,true,1,1354714
7290004194635,false,שניצל עוף טרי מחפוד קג,עוף ירושלים מהדרין ב,IL,שניצל עוף טרי ארוז מ,קילוגרמים,1.00,"ק""ג",true,,34.90,34.9000,true,1,1354716
7290004194642,false,גרון עוף טרי ארוז מחפוד,עוף ירושלים מהדרין,,גרון עוף טרי ארוז מח,קילוגרמים,1.00,"ק""ג",true,,9.90,9.9000,true,1,1354717
7290004219079,false,לבבות דקל פרוסות ויליפוד 400 גרם,אלימנטוס אי קונסרבס דל א,EC,לבבות דקל פרוסות ויל,גרמים,400.00,100 גרם,false,,6.90,0.0173,true,1,1335918
7290004219819,false,קומפלטה מלבין קפה הולנדי 200ג,פריזלנד פודס קיוויט,NL,מלבין קפה קומפלטה 20,גרמים,200.00,100 גרם,false,,9.90,0.0495,true,1,1335921
7290004219826,false,מלבין קפה הולנדי קומפלטה 400ג',פריזלנד פודס קיוויט,NL,מלבין קפה קומפלטה 40,גרמים,400.00,100 גרם,false,,17.90,0.0447,true,1,1335922
7290004225285,false,גבינה בסגנון דנאבלו 100 ג',האי נאם סי או אל.טי.,DK,סגנון דנאבלו 100 גר,גרמים,100.00,100 גרם,false,,12.10,0.1210,true,1,1333822
7290004227937,false,"רבע טלה טרי חלק צרפת ק""ג",נטו,FR,רבע טלה טרי עטרה,קילוגרמים,1.00,"ק""ג",true,,99.00,99.0000,true,1,3884615
7290004227968,false,רבע טלה טרי מחולק צרפת ק,נטו,FR,רבע טלה טרי עטרה,קילוגרמים,1.00,"ק""ג",true,,99.00,99.0000,true,1,3884616
7290004228415,false,פיצה משפחתית עבה סיציליאנית שגב 425 גרם,האי נאם סי או אל.טי.,IT,פיצה עבה סיצליה שגב,גרמים,425.00,100 גרם,false,,16.90,0.0398,true,1,3868226
7290004228804,false,עלי בצק לסיגרים שלושת האופים 450 גרם.,"שלושת האופים בע""\מ",IL,עלי סיגר 500 גרם,גרמים,500.00,100 גרם,false,,11.90,0.0238,true,1,3883510
7290004229528,false,פילה דג לשנון הליבוט,דלידג,,פילה הליבוט,קילוגרמים,1.00,"ק""ג",true,,49.90,49.9000,true,1,3892765
7290004255107,false,"גביע 500 מ""ל + מכסה (6 יחידות במארז)",,,מנורה נרות הבדלה פרמ,יח',1.00,יח',false,,12.90,12.9000,true,1,3886684
7290004256180,false,גאודה הולנדית30.3% משקל,וויסר קאשנדל בי.וי נ,NL,גאודה משקל,קילוגרמים,1.00,"ק""ג",true,,75.00,75.0000,true,1,3872515
7290004256197,false,גאודה הולנד עז30.6%משקל,וויסר קאשנדל בי.וי נ,NL,גאודה עיזים הולנדית,קילוגרמים,1.00,"ק""ג",true,,110.00,110.0000,true,1,3880857
7290004256357,false,עצמות מח פרוסות קפוא,טיבון ויל,IL,עצמות מח פרוסות קפוא,קילוגרמים,1.00,"ק""ג",true,,32.90,32.9000,true,1,3868181
7290004256753,false,עלי לסיגר מרוקאי לפסטיליה 450 גרם,סטאר סנקס,IL,עלי סיגר מרוקאים,יח',1.00,יח',false,,11.90,11.9000,true,1,3868231
7290004256920,false,טחון מן הצומח שגב 400גר,טיבון ויל,IL,טחון צמחי שף שגב 400,גרמים,400.00,100 גרם,false,,19.90,0.0497,true,1,3875368
7290004258528,false,גפרורים קטן רמי לוי 10יח,מנורה,,גפרורים קטן רמי לוי,יח',10.00,יח',false,,2.60,0.2600,true,1,1934399
7290004258535,false,גפרורים ארוכים רמי לוי,מנורה,,גפרורים ארוכים רמי ל,יח',1.00,יח',false,,4.90,4.9000,true,1,1934400
7290004258573,false,נר נשמה בפחית רמי לוי,,,נר נשמה בפחית רמי לו,יח',1.00,יח',false,,1.60,1.6000,true,1,1756082
7290004258924,false,נריות חימום 100יח בלוק רמילוי,,,נריות חימום 100יח בל,יח',10.00,יח',false,,17.90,1.7900,true,1,3872702
7290004323882,false,טחון הודו אדום מתובל,"טיבון ויל אחזקות בע""\מ",IL,הודו אדום טחון 500 ג,גרמים,500.00,100 גרם,false,,14.90,0.0298,true,1,1333859
7290004323974,false,טבעות עוף 700 ג' טיבון ויל,טיבון ויל,IL,טבעות עוף טיבון ויל,גרמים,700.00,100 גרם,false,,14.50,0.0207,true,1,1333861
7290004324605,false,גבינה מותכת למריחה בטעם רוקפור 7% מון בלאן 120 ג',האי נאם סי או אל.טי.,IL,גבינה מותכת למריחה ב,גרמים,120.00,100 גרם,false,,8.90,0.0742,true,1,1333863
7290004324858,false,קבב כבש טיבון ויל 500 גרם,"טיבון ויל אחזקות בע""",IL,קבב כבש טיבון ויל 50,גרמים,500.00,100 גרם,false,,17.90,0.0358,true,1,1333864
7290004339432,false,סייטן קפוא טבעי 500 גרם טבע דלי,טבע דלי בעמ,IL,סייטן קפוא טבעי 500ג,גרמים,500.00,100 גרם,false,,16.50,0.0330,true,1,3840963
7290004339784,false,המבורגר ניו יורק על האש 400 גרם טבע דלי,טבע דלי,IL,המבורגר מהצומח על הא,גרמים,400.00,100 גרם,false,,24.90,0.0622,true,1,3870903
7290004386825,false,שעועית בגודל ענק אפויה ברוטב עגבניות -מוכן לאכילה,וילי פוד,GR,שעועית ענקית אפויה ב,גרמים,420.00,100 גרם,false,,9.80,0.0233,true,1,1335923
7290004390396,false,שיכר דובדבנים שרי וו,siebrand,,שרי יין- הולנד 750 מ,מיליליטרים,750.00,"100 מ""ל",false,,19.90,0.0265,true,1,1334163
7290004485290,false,"כבד עוף טבעי ארוז ק""ג",שונות,IL,כבד עוף טבעי במגש,קילוגרמים,1.00,"ק""ג",true,,29.90,29.9000,true,1,1354729
7290004492762,false,"נשנושים תירס אפוי טעם טבעי בייגל בייגל 325 גרם בד""צ",בייגל את בייגל מזון 198),IL,נשנושים תירס 325 גרם,גרמים,325.00,100 גרם,false,,11.90,0.0366,true,1,1331279
7290004494100,false,כנען אדום מבושל (דלת,"יקב דלתון בע""מ",,כנען אדום מבושל (דלת,מיליליטרים,750.00,"100 מ""ל",false,,37.50,0.0500,true,1,3879552
7290004494131,false,יין דלתון קברנה סוביניון גליל,"יקב דלתון בע""\מ",IL,גליל קברנה סוביניון,מיליליטרים,750.00,"100 מ""ל",false,,54.90,0.0732,true,1,1737813
7290004494377,false,"יין אדום שיראז סדרת דלתון 750 מ""ל","יקב דלתון בע""\מ",IL,גליל שיראז (דלתון),מיליליטרים,750.00,"100 מ""ל",false,,54.90,0.0732,true,1,1737815
7290004494919,false,יין כנען קברנה שיראז 750 מל דלתון,"יקב דלתון בע""מ",IL,כנען קברנה-שיראז (דל,מיליליטרים,750.00,"100 מ""ל",false,,37.50,0.0500,true,1,1338006
7290004502997,false,וודקה פינלנדיה בקבוק,בראון פורמן,FI,וודקה פינלנדיה 500 מ,מיליליטרים,500.00,"100 מ""ל",false,,49.90,0.0998,true,1,3869050
7290004554354,false,גלידת פנטזיה שוקו וניל 1 ל' שטראוס,"גלידת שטראוס בע""\מ, רחוב",IL,פנטסיה שוקו וניל 900,מיליליטרים,900.00,"100 מ""ל",false,,17.80,0.0198,true,1,1339852
7290004554903,false,"גלידת פנטזיה שוקו וניל 900 מ""ל שטראוס","גלידת שטראוס בע""\מ, רחוב",IL,גלידת פנטזיה שוקו ונ,מיליליטרים,900.00,"100 מ""ל",false,,17.80,0.0198,true,1,1339858
7290004575069,false,גלידה מיניס חטיפים וניל ציפוי שוקו' ופצפוצי נ.חיטה ריאו מארז 32יח',"גלידות ריאו ביח""ר לג",IL,מיניס שוקולידה 32 יח,גרמים,700.00,100 גרם,false,,29.90,0.0427,true,1,1342269
7290004575229,false,גלידת סנקור ריאו מארז חמישייה,"ריאו נתניה ביח""\ר לגלידה",IL,סנקור גלידת קסטה ריא,גרמים,500.00,100 גרם,false,,19.90,0.0398,true,1,1810786
7290004575335,false,ארטיק מגיק מיני וניל ציפוי שוקו' ופצפוצי נ.חיטה ריאו מארז 45X8ג'באריזה,"גלידות ריאו ביח""ר לג",IL,מיני מג'יק שלגונים ב,יח',1.00,יח',false,,17.90,17.9000,true,1,1342278
7290004575373,false,שלגון מצופים וניל בציפוי שוקולד ריאו מארז 80X8 ג',"גלידות ריאו ביח""ר לג",IL,שלגונים מצופים בטעמי,יח',1.00,יח',false,,15.90,15.9000,true,1,1342280
7290004575397,false,גלידה בטעמי מוקה וניל פיסטוק 1.8 ל' ריאו,"גלידות ריאו ביח""ר לג",IL,*מבצע* גלידה שוקולד,ליטרים,1.80,ליטר,false,,14.90,8.2778,true,1,1342281
7290004575403,false,טריו גלידת פרווה בטעמים 1.8 ליטר ריאו,"גלידות ריאו ביח""ר לג",IL,*מבצע* טריו גלידה בט,ליטרים,1.80,ליטר,false,,16.90,9.3889,true,1,1342282
7290004575502,false,שמיניות גליגל חלבי 600מל,ריאו,IL,גליגל שלגונים בטעם ו,גרמים,600.00,100 גרם,false,,16.30,0.0272,true,1,3869545
7290004584306,false,רבעיית גמדים בטעם תות בננה * 100 ג' שטראוס,מיוצר עי קונדיטוריית,IL,מעדן גמדים תות בננה,מיליליטרים,400.00,"100 מ""ל",false,,10.90,0.0273,true,1,1341769
7290004584351,false,גבינה לבנה סימפוניה עם תוספות 200 ג' חמישית 200,"שטראוס בריאות בע""\מ",IL,סימפוניה גבינה במרקם,גרמים,200.00,100 גרם,false,,10.40,0.0520,true,1,1341770
7290004584528,false,יוגורט דנונה ביו לבן 1.7% שומן 200 גרם,מיוצר עי קונדיטוריית,IL,יוגורט דנונה ביו לבן,מיליליטרים,200.00,"100 מ""ל",false,,3.40,0.0170,true,1,1341771
7290004585907,false,דני ועדן וניל 1.5% 125ג' שטראוס,מיוצר עי קונדיטוריית,IL,1.5% דני בטעם וניל 1,מיליליטרים,125.00,"100 מ""ל",false,,2.50,0.0200,true,1,1341772
7290004603175,false,מלח הים האדום גס מלח הארץ 500 גרם,"חברת מלח הארץ אילת בע""\מ",IL,מלח הים האדום גס 500,גרמים,500.00,100 גרם,false,,7.90,0.0158,true,1,1336208
7290004639006,false,קוסקוס ביתי מוקפא 800 גר,מטעמי פאר,IL,קוסקוס ביתי קפוא 800,גרמים,800.00,100 גרם,false,,14.90,0.0186,true,1,1327559
7290004652029,false,גבינה מוצרלה רמי לוי,,,גבינה מוצרלה רמי לוי,קילוגרמים,1.00,"ק""ג",true,,28.00,28.0000,true,1,3894886
7290004652043,false,גבינה צהובה פרוס רמי לוי 400 גרם,עלמה,,גבינה צהובה פרוס רמי,גרמים,400.00,100 גרם,false,,12.80,0.0320,true,1,3894891
7290004652098,false,גבינה צהובה רמי לוי,,,גבינה צהובה רמי לוי,גרמים,200.00,100 גרם,false,,6.60,0.0330,true,1,3894893
7290004652159,false,גבינה צהובה רמי לוי,,,גבינה צהובה רמי לוי,קילוגרמים,1.00,"ק""ג",true,,28.00,28.0000,true,1,3894888
7290004652173,false,חמאה 200 גרם עלמה,מלקפול,PL,חמאה עלמה 200 גר,גרמים,200.00,100 גרם,false,,7.60,0.0380,true,1,3894895
7290004652364,false,גבינת קשקבל ספרדי במ,,ES,קשקבל,קילוגרמים,1.00,"ק""ג",true,,79.00,79.0000,true,1,3895120
7290004652401,false,ג'חנון ללא מרגרינה שגב 650 גר' לנדא,"שגמור בע""\מ",IL,ג'חנון ללא מרגרינה 6,גרמים,650.00,100 גרם,false,,18.90,0.0291,true,1,3897918
7290004652418,false,מיני ג'חנון ללא מרגרינה שגב 650 גר' לנדא,"שגמור בע""\מ",IL,מיני ג'חנון ללא מרגר,גרמים,650.00,100 גרם,false,,18.90,0.0291,true,1,3897919
7290004652890,false,מנצ'גו כבשים שקיל,,,*מבצע* מנצ'גו כבשים,קילוגרמים,1.00,"ק""ג",true,,99.00,99.0000,true,1,3907288
7290004658946,false,יין שרדונה פרייבט קולקשן יקבי כרמל,"כד בני דרום בע""מ",IL,יין שרדונה פרייבט קו,מיליליטרים,750.00,"100 מ""ל",false,,32.90,0.0439,true,1,1339438
7290004658960,false,יין אמרלד ריזלינג פרייבט קולקשן יקבי כרמל,אגודת הכורמים הקואופרטיב,IL,יין אמרלד ריזלינג פר,מיליליטרים,750.00,"100 מ""ל",false,,32.90,0.0439,true,1,1339440
7290004685089,false,לחם הארץ לחם חמניות 500 גר',מאפית י את א ברמן בע,IL,לחם הארץ לחם חמניות,גרמים,500.00,100 גרם,false,,15.50,0.0310,true,1,3869528
7290004685157,false,לחם שיפון 100% 750 גרם לחם הארץ,מאפית י את א ברמן בע,IL,לחם שיפון 100% הארץ,גרמים,750.00,100 גרם,false,,15.50,0.0207,true,1,3869532
7290004685430,false,לחם הארץ כוסמין 100% 500 גרם,מאפית י את א ברמן בע,IL,לחם הארץ כוסמין 100%,גרמים,500.00,100 גרם,false,,15.50,0.0310,true,1,3863245
7290004685447,false,לחמניות כוסמין 6 בשקית 450 גרם,מאפית ברמן מקבוצת י. את,IL,לחמניות כוסמין 6יח,יח',1.00,יח',false,,13.50,13.5000,true,1,3879835
7290004685454,false,לחם שיבולת שועל 500 גר'.,מאפית י את א ברמן בע,IL,לחם שיבולת שועל 100%,יח',1.00,יח',false,,14.90,14.9000,true,1,3883697
7290004725426,false,גבינה צהובה עמק חריץ 28% בדץ,תנובה מרכז שיתופי לש,IL,גבינת עמק בדץ 28% במ,קילוגרמים,1.00,"ק""ג",true,,42.00,42.0000,true,1,1325245
7290004725600,false,גבינה סקנדינבית31% משקל,תנובה חלב,IL,גבינת חריץ סקנדינבית,קילוגרמים,1.00,"ק""ג",true,,69.00,69.0000,true,1,1810813
7290004731076,false,אלסבון אלוורה כיף 1 ליטר,טרופיקל דגיל תעשיות,IL,אל סבון נוזלי עם אלו,ליטרים,1.00,ליטר,false,,9.90,9.9000,true,1,1332078
7290004731083,false,"סבון נוזלי לידיים ג'נסינג ""כיף""",טרופיקל דגיל תעשיות,IL,אל סבון נוזלי ורוד כ,ליטרים,1.00,ליטר,false,,9.90,9.9000,true,1,1332079
7290004731410,false,"שלישיית כריות קרצוף ירוקות סנו סושי 25X10.6 ס""מ",קריות זול,IL,כריות קרצוף לניקוי כ,יח',3.00,יח',false,,9.50,3.1667,true,1,1332085
7290004731472,false,"שלישיית אלסבון צבעוני כיף 500 מ""ל",טרופיקל דגיל תעשיות,IL,אל סבון נוזלי מעורב,ליטרים,1.50,ליטר,false,,18.90,12.6000,true,1,1332086
7290004731557,false,"מקסימה תרסיס מרכך ומבשם כביסה במייבש מאסק סנו 750 מ""ל",סנו מקסימה,IL,מקסימה תרסיס מרכך ומ,מיליליטרים,750.00,"100 מ""ל",false,,16.30,0.0217,true,1,1332089
7290004731564,false,"מקסימה מבשם ומרכך למייבש הכביסה בלו בלוסום 750 מ""ל",סנו מקסימה,IL,מקסימה למייבש בלו בל,מיליליטרים,750.00,"100 מ""ל",false,,16.30,0.0217,true,1,3297875
7290004731670,false,"מטהר אוויר דואופרש פצ'ולי לבנדר סנו 300 מ""ל","סנו מפעלי ברונוס בע""\מ",IL,מטהר אויר בניחוח לבנ,מיליליטרים,300.00,"100 מ""ל",false,,9.90,0.0330,true,1,1332091
7290004731687,false,"מטהר אויר בניחוח וניל ולמון גראס סנו 300 מ""ל",סנו מפעלי ברונוס בעמ,IL,מטהר אויר בניחוח וני,מיליליטרים,300.00,"100 מ""ל",false,,9.90,0.0330,true,1,1332092
7290004731984,false,אורביטול משחת שיניים הלבנה 145 גר,טרופיקל דגיל תעשיות קוסמ,IL,אורביטול משחת שיניים,גרמים,145.00,100 גרם,false,,14.90,0.1028,true,1,3887387
7290004737719,false,אספרגוס שלם מקולף בצנצנת ויליפוד 330 גרם,קריות זול,CN,אספרגוס שלם מקולף ול,גרמים,205.00,100 גרם,false,,8.50,0.0415,true,1,1335925
7290004737900,false,חלב כחוש מרוכז וממותק בתוספת שמן צמחי ויליפוד 397 גרם,יו.איי.בי מאריג'אמפו,LT,חלב מרוכז וממותק בתו,מיליליטרים,397.00,"100 מ""ל",false,,6.90,0.0174,true,1,1335927
7290004825546,false,סכומון מגירה,ד.ג.ש,,סכומון מגירה,יח',1.00,יח',false,,10.00,10.0000,true,1,1347022
7290004861025,false,גבינה בולגרית 5% במשקל,"מחלבת המושבה בע""מ",IL,בולגרית 5% מסורתית,קילוגרמים,1.00,"ק""ג",true,,35.00,35.0000,true,1,1357950
7290004861063,false,גבינת קש המושבה במשק,"מחלבת המושבה בע""מ",IL,צפתית קאש 9% המושבה,קילוגרמים,1.00,"ק""ג",true,,39.00,39.0000,true,1,1357952
7290004861070,false,גבינה צפתית קשה המוש,מחלבת המושבה,IL,גבינה צפתית קשה המוש,קילוגרמים,1.00,"ק""ג",true,,65.00,65.0000,true,1,1357953
7290004861278,false,שמנת 30% טבעי המושבה,"מחלבת המושבה בע""מ",IL,גבינה שמנת 30%,קילוגרמים,1.00,"ק""ג",true,,37.00,37.0000,true,1,1357955
7290004861315,false,מעדניה-גבינה לאבנה ט,"מחלבת המושבה בע""מ",IL,גבינה לאבנה טבעי /זע,קילוגרמים,1.00,"ק""ג",true,,32.00,32.0000,true,1,1357957
7290004861360,false,צפתית קצח מושבה,מחלבת המושבה,IL,צפתית בטעמים 5%,קילוגרמים,1.00,"ק""ג",true,,41.00,41.0000,true,1,1357958
7290004861384,false,גבינת אורדה/ריקוטה,מחלבת המושבה,IL,גבינת אורדה/ריקוטה,קילוגרמים,1.00,"ק""ג",true,,39.00,39.0000,true,1,1357960
7290004861445,false,כדורי לבנה בזעתר במשקל,מחלבת מושבה,IL,כדורי לאבנה בשמן זית,קילוגרמים,1.00,"ק""ג",true,,98.00,98.0000,true,1,2691304
7290004861520,false,גבינת שמנת 5% מושבה,"מחלבת המושבה בע""מ",IL,קרם שמנת בטעמים 5%,קילוגרמים,1.00,"ק""ג",true,,26.00,26.0000,true,1,1357963
7290004914219,false,בקבוק ריח עם מקלות עץ,סאנרייז,,מפיץ ריח לרכב,מיליליטרים,250.00,"100 מ""ל",false,,13.90,0.0556,true,1,1347040
7290004914691,false,מפיץ ריח סנרייז,,,מפיץ יוקרתי,יח',1.00,יח',false,,14.90,14.9000,true,1,3870248
7290004914912,false,מפיץ סטייל יוקרתי,,,מפיץ סטייל יוקרתי,יח',1.00,יח',false,,14.90,14.9000,true,1,3880105
7290004934064,false,טחון בקר 100% 1קג,,,טחון בקר 100% 1קג,יח',1.00,יח',false,,34.90,34.9000,true,1,1341327
7290005008184,false,"סבון נוזלי בניחוח חלב שקדים פלמוליב 500 מ""ל",הנסיך- מפעל לייצור ט,TR,סבון נוזלי בניחוח חל,מיליליטרים,500.00,"100 מ""ל",false,,15.90,0.0318,true,1,1327115
7290005008191,false,"סבון נוזלי ארומה בניחוח לבנדר פטצ'ולי וילנג ילנג פלמוליב 500 מ""ל",הנסיך- מפעל לייצור ט,TR,סבון נוזלי ארומה בני,מיליליטרים,500.00,"100 מ""ל",false,,15.90,0.0318,true,1,1327116
7290005008481,false,ספיד סטיק - דאודורנט ג'ל לגבר ספורט 85 גרם,הנסיך- מפעל לייצור ט,US,ספיד סטיק ג'ל בסיסי,גרמים,85.00,100 גרם,false,,13.50,0.1588,true,1,1327117
7290005033117,false,מפות שולחן עבות 8-6 יח,משי,,מפות שולחן עבות 8-6,יח',1.00,יח',false,,7.90,7.9000,true,1,1342481
7290005033162,false,מפות עבות במיוחד 6-8 יח,משי,,מפות עבות במיוחד 6-8,יח',6.00,יח',false,,13.00,2.1667,true,1,1342484
7290005033209,false,שקיות אשפה קרם עם ידית 40יח 90*75,,,שקיות אשפה קרם עם יד,יח',40.00,יח',false,,22.90,0.5725,true,1,3034371
7290005033230,false,שקיות אשפה 75*90 50 יחידות,משי,,שקיות אשפה 75*90 50,יח',1.00,יח',false,,18.80,18.8000,true,1,1342485
7290005033599,false,שקיות אשפה קומפקט 90*75 משי 40 יח,משי,,שקיות אשפה קומפקט 90,יח',40.00,יח',false,,19.80,0.4950,true,1,1342488
7290005033711,false,מפות 45מ על 1.6 רוחב עבה במיוחד,,,מפות 45מ על 1.6 רוחב,יח',1.00,יח',false,,29.90,29.9000,true,1,3869587
7290005041129,false,מעדני הטלה קבב גמבו,לאטי עזרא גלם ודגים,IL,קבב גמבו מזרחי 1קג,גרמים,1000.00,100 גרם,false,,45.90,0.0459,true,1,3467693
7290005041198,false,מעדני הטלה קבב ביתי,לאטי עזרא גלם ודגים,IL,קבב ביתי 1קג,גרמים,1000.00,100 גרם,false,,44.90,0.0449,true,1,2042790
7290005079290,false,נעם גבינה צהובה15% משקל,טרה,IL,גבינה צהובה 15% נעם,קילוגרמים,1.00,"ק""ג",true,,64.00,64.0000,true,1,1322907
7290005079344,false,מוצרלה נועם רכיבים ט,מחלבת משק צוריאל,IL,מוצרלה נעם שקיל,קילוגרמים,1.00,"ק""ג",true,,74.00,74.0000,true,1,3848404
7290005079412,false,גבינה אמנטל נעם 30% משקל,טרה,IL,אמנטל נעם חריץ,קילוגרמים,1.00,"ק""ג",true,,50.00,50.0000,true,1,3121539
7290005084355,false,סנסודין משחת שיניים דואל קר פלואוריד 75,גלקסו סמית קליין,GB,"סנסודיין דואלקר 75 מ""ל",גרמים,75.00,100 גרם,false,,20.90,0.2787,true,1,1344040
7290005111761,false,"מזון לכלבים בונזו מזון כלבים בשר 3 ק""ג","ביופט בע""מ",FR,"בונזו בשר 1+3 ק""ג תוספת",קילוגרמים,3.00,"ק""ג",false,,39.90,13.3000,true,1,1336578
7290005113222,false,זיתים קוקטייל וגמבה יבנה 350ג',קבוצת יבנה,IL,זית יבנה מיקס 340 גר,גרמים,340.00,100 גרם,false,,9.80,0.0288,true,1,1331811
7290005168253,false,"יין קליל דל אלכוהול יקבי ציון 750 מ""ל",יקבי ציון,IL,קליל יין אדום מתוק 7,מיליליטרים,750.00,"100 מ""ל",false,,13.00,0.0173,true,1,3871744
7290005168284,false,"יין גן עדן יקבי ציון 750 מ""ל",יקבי ציון,IL,"גן עדן 750 מ""ל",מיליליטרים,750.00,"100 מ""ל",false,,19.90,0.0265,true,1,1358088
7290005168420,false,מיץ ענבים בית סבא יקבי ציון 1 ליטר,יקבי ציון,IL,מיץ בית סבא 1 ליטר,ליטרים,1.00,ליטר,false,,16.90,16.9000,true,1,1358089
7290005174513,false,סלט חצילים במיונז אחלה 500 גרם,מיוצר עי קונדיטוריית,IL,סלט חצילים במיונז אח,גרמים,500.00,100 גרם,false,,14.90,0.0298,true,1,1341775
7290005174551,false,סלט חומוס עם צנוברים 125 ג' אחלה,מיוצר עי קונדיטוריית,IL,חומוס אחלה 125 גרם,גרמים,125.00,100 גרם,false,,4.70,0.0376,true,1,1341776
7290005174575,false,טחינה אחלה יום יום משובחת 125ג',מיוצר עי קונדיטוריית,IL,סלט טחינה אחלה 125 ג,גרמים,125.00,100 גרם,false,,4.70,0.0376,true,1,1341778
7290005197758,false,"עוגיות חיוכים שוקולד עלית 150 גרם בד""צ",אפיפית נצרת תעשיות ב,IL,עוגיות חיוכים שוקו ש,גרמים,150.00,100 גרם,false,,4.90,0.0327,true,1,1327711
7290005199288,false,מסטיק MUST בטעם פטל לימון ללא סוכר 28 גרם,"שטראוס גרופ בע""מ",IL,מסטיק MUST בטעם פטל,גרמים,28.00,100 גרם,false,,4.00,0.1429,true,1,1327714
7290005199578,false,קפה פלטינום נטול קפאין עלית 200 גרם,שטראוס קפה בי.וי.,IL,קפה נטול קפאין 200 ג,גרמים,200.00,100 גרם,false,,29.90,0.1495,true,1,1327718
7290005199738,false,גומי מאסט בטעם פפרמינט ריח פה נעים פליפטופ 28 ג' עלית,"שטראוס גרופ בע""מ",IL,יח',גרמים,28.00,100 גרם,false,,4.30,0.1536,true,1,1327720
7290005200786,false,תפוצ'יפס בטעם שמנת בצל עלית 50 גרם,"שטראוס פריטו ליי בע""\מ )",IL,תפוצ'יפס בטעם שמנת ב,גרמים,50.00,100 גרם,false,,3.50,0.0700,true,1,1335275
7290005201455,false,קפה נמס מגורען ארומה קלאסי עלית 200 גרם,"אינסטנטה בע""מ",PL,קפה נמס מגורען עלית,גרמים,200.00,100 גרם,false,,21.90,0.1095,true,1,1327725
7290005287206,false,רביעיית טונה בשמן סטארקיסט 160 גרם,"סטארקיסט פודור בע""מ",VN,טונה ס.ק בשמן 160גר 'רביע,גרמים,492.00,100 גרם,false,,24.90,0.0506,true,1,1336593
7290005287213,false,"רביעיית טונה בשמן סטארקיסט 160 גרם בד""צ",סטארקיסט,IL,טונה ס.ק בשמן 160גר 'רביע,גרמים,448.00,100 גרם,false,,24.90,0.0556,true,1,1336594
7290005287251,false,רביעיית טונה במים סטארקיסט 160 גרם,"סטארקיסט פודור בע""מ",VN,טונה ס.ק במים 160גר 'רביע,גרמים,448.00,100 גרם,false,,24.90,0.0556,true,1,1336597
7290005287657,false,"סטארקיסט ממרח טונה 160 גרם בד""צ","סטארקיסט פודור בע""מ",TH,ס.ק. ממרח טונה 160 גר' -,גרמים,160.00,100 גרם,false,,5.90,0.0369,true,1,1336612
7290005287930,false,"טונה סטארקיסט רבעיות מים בד""ץ 112 גר-עדה",סטארקיסט,IL,טונה סטארקיסט במים 160 רב,גרמים,448.00,100 גרם,false,,25.90,0.0578,true,1,1336622
7290005296260,false,"אסטוניש ספריי רסס ונגב לניקוי כללי יעקבי 750 מ""ל",יעקובי אסטוניש,GB,אסטוניש ספריי רסס ונ,מיליליטרים,750.00,"100 מ""ל",false,,11.90,0.0159,true,1,1335021
7290005296857,false,"פוליבוי ספריי מנקה ומבריק הכל יעקבי 300 מ""ל",דרמרס DRAMERS,PL,פוליבוי ספריי מנקה ו,מיליליטרים,300.00,"100 מ""ל",false,,14.90,0.0497,true,1,1335025
7290005326387,false,עגבניות מיובשות בשמן זית אוליביה 270 גרם,אוליביה,IL,עגבניות מיובשות בשמש,גרמים,270.00,100 גרם,false,,15.90,0.0589,true,1,1323948
7290005326523,false,ממרח פסטו פטרוזיליה ונענע אוליביה 180 גרם,אוליביה,IL,אוליביה פסטו פטרוזיל,גרמים,185.00,100 גרם,false,,12.90,0.0697,true,1,1323950
7290005358753,false,לשון בקר קפוא חלק קג,נטו,BR,לשון בקר,קילוגרמים,1.00,"ק""ג",true,,44.90,44.9000,true,1,3872280
7290005418693,false,"קרם לחות לחיזוק נטורל פורמולה 400 מ""ל",נטורל,,קרם לחות לחיזוק נטור,מיליליטרים,400.00,"100 מ""ל",false,,20.90,0.0522,true,1,1332096
7290005418709,false,"נטורל קרם לחות לקיבוע תלתלים גלי 400 מ""ל",מיוצר עי אמיליה קוסמ,IL,קרם לחות לעיצוב תלתל,מיליליטרים,400.00,"100 מ""ל",false,,20.70,0.0517,true,1,1332097
7290005418716,false,"קרם לחות לבניית תלתלים עגולים נטורל פורמולה 400 מ""ל",מיוצר עי אמיליה קוסמ,IL,קרם לחות לבניית תלתל,מיליליטרים,400.00,"100 מ""ל",false,,20.90,0.0522,true,1,1332098
7290005418723,false,"נטורל קרם לחות לשיער חלק ברגע קליל 400 מ""ל",נטורל,,קרם לחות סירוק קל נט,מיליליטרים,400.00,"100 מ""ל",false,,20.90,0.0522,true,1,1332099
7290005423055,false,סנו פורטה פלוס מתז בניחות לימון 1 ל',"סנו מפעלי ברונוס בע""\מ",IL,סנו פורטה פלוס לימון,יח',1.00,יח',false,,16.90,16.9000,true,1,3868003
7290005423253,false,"סנו - מקסימה מרסס למייבש כביסה אולטרה פרש 750 מ""ל","סנו מפעלי ברונוס בע""\מ",IL,מקסימה מרכך ומבשם למ,מיליליטרים,750.00,"100 מ""ל",false,,16.30,0.0217,true,1,1332103
7290005423499,false,"תרסיס לניקוי משטחי נירוסטה אירוסל סנו 500 מ""ל",מיוצר עי קונדיטוריית,IL,תרסיס לניקוי משטחי נ,מיליליטרים,500.00,"100 מ""ל",false,,18.90,0.0378,true,1,1332110
7290005423505,false,"אורביטול מי פה להלבנת השיניים 500 מ""ל",קוסמופארם,IL,מי פה להלבנת שיניים,מיליליטרים,500.00,"100 מ""ל",false,,16.90,0.0338,true,1,1332111
7290005423567,false,מטליות ניקוי רב שימושיות בגליל סנו סושי 40 יחידות,אסותא תעשיות אלבד בע,IL,מטליות ניקוי רב שימו,יח',40.00,יח',false,,18.90,0.4725,true,1,1332113
7290005423635,false,ריצפז נוזל רצפות דוחה תיקנים סנו 2 ליטר,מיוצר עי קונדיטוריית,IL,ריצפז נוזל רצפות דוח,ליטרים,2.00,ליטר,false,,19.90,9.9500,true,1,1332114
7290005423734,false,מרכך כביסה מרוכז אולטרא פרש סנו מקסימה 4 ליטר,"סנו מפעלי ברונוס בע""\מ",IL,מקסימה מרכך כביסה או,ליטרים,4.00,ליטר,false,,21.50,5.3750,true,1,1332115
7290005423833,false,פוליויקס נוזל לניקוי פרקט סנו 2 ליטר,"סנו מפעלי ברונוס בע""\מ",IL,פוליויקס נוזל לניקוי,ליטרים,2.00,ליטר,false,,19.90,9.9500,true,1,1332116
7290005423871,false,שלישיית משחת שיניים מנטול אורביטול 145 גרם,טרופיקל דגיל תעשיות קוסמ,IL,משחת שיניים עם פלואו,גרמים,435.00,100 גרם,false,,16.50,0.0379,true,1,1332117
7290005423888,false,"אל סבון נוזלי מעורב כיף 3*500 מ""ל",טרופיקל דגיל תעשיות,IL,אל סבון נוזלי מעורב,ליטרים,1.50,ליטר,false,,18.90,12.6000,true,1,1332118
7290005423918,false,סנו - מקסימה מרכך כביסה היפואלרגני אלוורה 4 ליטר,"סנו מפעלי ברונוס בע""\מ",IL,מקסימה מרכך כביסה בי,ליטרים,4.00,ליטר,false,,21.50,5.3750,true,1,1332119
7290005424113,false,מטליות רצפה סנו סושי 4 יחידות,סנו סושי,IL,סנו סושי מטליות רצפה,יח',1.00,יח',false,,12.90,12.9000,true,1,1332122
7290005424700,false,סנו - פורטה פלוס מרסס מסיר שומנים 1 ליטר,"סנו מפעלי ברונוס בע""\מ",IL,פורטה פלוס - קצף ברי,ליטרים,1.00,ליטר,false,,16.90,16.9000,true,1,3868005
7290005424809,false,כריות קרצוף ענקיות לניקוי כללי סנו סושי 3 יחידות,קריות זול,IL,כריות קרצוף ענקיות ל,יח',1.00,יח',false,,9.50,9.5000,true,1,1332135
7290005424847,false,"מפיות סופט לבנות לשולחן (150 יח') ""סנו""",מיוצר עי קונדיטוריית,TR,מפיות נייר סנו סושי,יח',1.00,יח',false,,6.50,6.5000,true,1,1332136
7290005424991,false,סנו פרש אוטומטיק בהתזה קצובה ניחוח בייבי פאודר,סנו מפעלי ברונוס בעמ,IL,פרש מבשם אויר אוטומט,מיליליטרים,250.00,"100 מ""ל",false,,12.90,0.0516,true,1,3879259
7290005425110,false,"חיטוי משטחים 99.9% מתז מחטא ומשמיד 750 מ""ל","סנו מפעלי ברונוס בע""\מ",IL,סנו מחטא ומשמיד חייד,מיליליטרים,750.00,"100 מ""ל",false,,11.90,0.0159,true,1,3868007
7290005425127,false,"חיטוי משטחים 99.9% מתז לשומנים ואבנית 750 מ""ל","סנו מפעלי ברונוס בע""\מ",IL,סנו מחטא ומשמיד חייד,מיליליטרים,750.00,"100 מ""ל",false,,11.90,0.0159,true,1,3868008
7290005425196,false,"מקסימה אבקת כביסה סנסיטיב סנו 2.5 ק""ג",מיוצר עי קונדיטוריית,IL,מקסימה אבקת כביסה סנ,קילוגרמים,2.50,"ק""ג",false,,22.90,9.1600,true,1,1332143
7290005425202,false,אבקת כביסה ביו מקסימה לכתמים קשים,"סנו מפעלי ברונוס בע""\מ",IL,מקסימה אבקת כביסה בי,קילוגרמים,2.50,"ק""ג",false,,22.90,9.1600,true,1,1332144
7290005425585,false,מטליות לחות לניקוי רהיטים סנו 20 יחידות,"סנו מפעלי ברונוס בע""\מ",IL,מטליות לחות לניקוי ר,יח',20.00,יח',false,,16.90,0.8450,true,1,1332150
7290005425646,false,קליר נוזל לניקוי חלונות רב תכליתי סנו 1 ליטר,"סנו מפעלי ברונוס בע""\מ",IL,קליר נוזל לניקוי חלו,ליטרים,1.00,ליטר,false,,9.90,9.9000,true,1,1332152
7290005425660,false,סנומט מכשיר חשמלי דוחה יתושים סנו 60 לילות,General,,סנומט מכשיר חשמלי דו,יח',1.00,יח',false,,39.90,39.9000,true,1,1332154
7290005425714,false,"שמפו שטיחים סנו פלוס 600 מ""ל","סנו מפעלי ברונוס בע""\מ",IL,שמפו שטיחים סנו פלוס,מיליליטרים,600.00,"100 מ""ל",false,,25.90,0.0432,true,1,1332155
7290005425745,false,משחה אורביטול להלבנה145ג,טרופיקל דגיל,IL,משחת שיניים אורביטול,מיליליטרים,145.00,"100 מ""ל",false,,7.90,0.0545,true,1,1332156
7290005426186,false,סקוטש כריות קרצוף ענקיות סנו סושי 3 יחידות,קריות זול,US,סקוטש כריות קרצוף ענ,יח',1.00,יח',false,,16.90,16.9000,true,1,1332165
7290005426193,false,ספוגית הפלא סנו סושי 6 יחידות,טרופיקל דגיל תעשיות,IL,ספוגית הפלא סנו סושי,יח',1.00,יח',false,,9.90,9.9000,true,1,1332166
7290005426230,false,מטלית הפלא לרצפה מיקרופייבר סנו 1יח',קריות זול,CN,מטלית הפלא לרצפה 50*,יח',1.00,יח',false,,9.90,9.9000,true,1,1332167
7290005426384,false,"סנומוד מבשם אויר מיס מיליון סטטוס סנו 150 מ""ל",סנו מפעלי ברונוס בעמ,IL,סנומוד מבשם אויר מיס,מיליליטרים,150.00,"100 מ""ל",false,,9.90,0.0660,true,1,1332171
7290005426568,false,"קרמה - קרם לחות לשיער רגיל 400 מ""ל",טרופיקל דגיל תעשיות,IL,קרם לחות לשיער רגיל,מיליליטרים,400.00,"100 מ""ל",false,,16.90,0.0422,true,1,1332174
7290005426575,false,"קרמה לחות לשיער יבש ללא שטיפה 400 מ""ל",טרופיקל דגיל תעשיות,IL,קרם לחות לשיער יבש ק,מיליליטרים,400.00,"100 מ""ל",false,,16.90,0.0422,true,1,1332175
7290005426629,false,"סנו דואופרש אורן לוטוס ופרחי מים ודובדבן, 300 מ""ל",סנו fresh,IL,מבשר אויר בניחוח אור,מיליליטרים,300.00,"100 מ""ל",false,,9.90,0.0330,true,1,1332177
7290005426803,false,מקסימה מרכך כביסה פצ'ולי לבנדר סגול סנו 4 ליטר,סנו מקסימה,IL,מקסימה מרכך כביסה פצ,ליטרים,4.00,ליטר,false,,21.50,5.3750,true,1,1332180
7290005427107,false,סנו - סושי מגבות נייר הפלא 6 יחידות,מיוצר עי קונדיטוריית,IL,מגבות נייר סנו סושי,גרמים,570.00,100 גרם,false,,9.90,0.0174,true,1,1332186
7290005427619,false,"כיף גל לשיער לשיער קוצים 1ק""ג",גוד פוד פרודקטס S.p,IL,כיף גל לשיער לשיער ק,100 לקג,1.00,100 לקג,false,,19.90,19.9000,true,1,1332204
7290005427626,false,"ג'ל לעיצוב השיער למראה רטוב כיף 1 ק""ג",קוסמופארם בעמ,IL,ג'ל לעיצוב השיער למר,100 לקג,1.00,100 לקג,false,,19.90,19.9000,true,1,1332205
7290005427756,false,אל סבון נוזלי אלוורה כיף 2 ליטר,קוסמופארם,IL,אל סבון נוזלי אלוורה,ליטרים,2.00,ליטר,false,,18.90,9.4500,true,1,1332210
7290005427770,false,"קרמה - קרם לחות לשיער לגבר 400 מ""ל",טרופיקל דגיל תעשיות,IL,קרם לחות לשיער לגבר,מיליליטרים,400.00,"100 מ""ל",false,,16.90,0.0422,true,1,1332212
7290005427787,false,"קרמה - קרם לחות לשיער מתולתל 400 מ""ל",טרופיקל דגיל תעשיות,IL,קרם לחות לשיער מתולת,מיליליטרים,400.00,"100 מ""ל",false,,16.90,0.0422,true,1,1332213
7290005427848,false,מטליות ניקוי רב שימושיות בגליל סנו סושי 40 יחידות,קריות זול,IL,מטליות ניקוי רב שימו,100 יח',1.00,100 יח',false,,18.90,18.9000,true,1,1332215
7290005427978,false,"תחליב רחצה לפנים פילינג קרמה 180 מ""ל",גוד פוד פרודקטס S.p,IL,תחליב רחצה לפנים קרמ,מיליליטרים,180.00,"100 מ""ל",false,,12.90,0.0717,true,1,1332219
7290005427985,false,"קרמה תחליב רחצה לפנים בתוספת גרגירי פילינג 180 מ""ל",גוד פוד פרודקטס S.p,IL,תחליב פילינג לפנים ב,מיליליטרים,180.00,"100 מ""ל",false,,12.90,0.0717,true,1,1332220
7290005428845,false,מפיות סנו סופט 33*33 100 יחידות,"חי מוצרי נייר בע""מ",IL,מפיות סנו סופט 33*33,100 יח',1.00,100 יח',false,,7.90,7.9000,true,1,1332222
7290005428852,false,ממחטות טישו צבעוניים סנו סופט 5 יח' *100דף,ישרפייפר,IL,סופט ממחטות אף צבעונ,100 יח',650.00,100 יח',false,,12.90,0.0198,true,1,3868009
7290005428951,false,ממחטות טישיו סופט בק,ישרפייפר,,ממחטות אף סנו סופט 1,גרמים,220.00,100 גרם,false,,7.90,0.0359,true,1,1332225
7290005429019,false,פיסגה נוזל לרצפות מבושם סנו 4 ליטר,סנו פיסגה,IL,פיסגה נוזל לרצפות מב,ליטרים,4.00,ליטר,false,,19.90,4.9750,true,1,1332229
7290005430602,false,"סנו אוקסיג'ן ספריי להסרת כתמים עם חמצן פעיל 750 מ""ל","סנו מפעלי ברונוס בע""",IL,סנו אוקסיג'ן ספריי ל,מיליליטרים,750.00,"100 מ""ל",false,,17.70,0.0236,true,1,1332235
7290005430862,false,מים מזוקקים סנו 4 ליטר,סנו,,מים מזוקקים סנו 4 לי,ליטרים,4.00,ליטר,false,,19.90,4.9750,true,1,1332240
7290005430961,false,מקסימה שמפו נוזל לכביסה עדינה ביד סנו 1 ליטר,יושלם,,מקסימה שמפו נוזל לכב,ליטרים,1.00,ליטר,false,,15.90,15.9000,true,1,1332241
7290005431883,false,מלבי חלבי עדן קינוחים 165 גרם,עדן קינוחים Eden,IL,מלבי חלבי,יח',1.00,יח',false,,5.90,5.9000,true,1,3878764
7290005431890,false,עדן קינוחים בוואריה,עדן קינוחים,IL,בוואריה,יח',1.00,יח',false,,5.90,5.9000,true,1,3878765
7290005431906,false,קדאיף עדן קינוחים 82 גרם,עדן קינוחים Eden,IL,קדאיף,יח',1.00,יח',false,,5.90,5.9000,true,1,3878766
7290005431913,false,עוגת גבינה פירורים עדן קינוחים 92 גרם,עדן קינוחים Eden,IL,עוגת גבינה פירורים,יח',1.00,יח',false,,5.90,5.9000,true,1,3878767
7290005431920,false,עוגת גבינה פירורים לייט עדן קינוחים 78 גרם,עדן קינוחים Eden,IL,עוגת גבינה פירורים ל,יח',1.00,יח',false,,5.90,5.9000,true,1,3878768
7290005431937,false,טירמיסו עדן קינוחים 82 גרם,עדן קינוחים Eden,IL,טרמיסו,יח',1.00,יח',false,,5.90,5.9000,true,1,3878769
7290005431968,false,מלבי שמנת עדן קינוחים 150 גרם,עדן קינוחים Eden,IL,מלבי שמנת 150 גר,גרמים,150.00,100 גרם,false,,6.90,0.0460,true,1,3886089
7290005431999,false,קינוח מלבי חלבי לייט,עדן קינוחים,IL,מעדן מלבי חלבי לייט,גרמים,150.00,100 גרם,false,,5.90,0.0393,true,1,3897721
7290005437069,false,"שמן זית למאור בד""ץ טעמן 1 ליטר",מוצרי יסוד - טעמן,IL,טעמן שמן זית למאור 1,ליטרים,1.00,ליטר,false,,14.90,14.9000,true,1,1328448
7290005437113,false,שמן אגוזים 1 ליטר טעמן,טעמן,,שמן אגוזים 1 ליטר,ליטרים,1.00,ליטר,false,,20.90,20.9000,true,1,1328449
7290005437809,false,חתיכות אננס חתבמיץ טבעי 825 גרם טעמן,טעמן,ID,טעמן אננס חתוך במיץ,גרמים,490.00,100 גרם,false,,0.00,0.0000,true,1,1328462
7290005437830,false,פרוסות אננס במיץ טבעי טעמן 825 גרם,פ.ת גרייט פנאפל,ID,טעמן פרוסות אננס 825,גרמים,825.00,100 גרם,false,,9.90,0.0120,true,1,1328464
7290005437861,false,קוקטייל פירות טרופיים בסירופ קל טעמן 825 גרם,פ.ת גרייט פנאפל,ID,טעמן קוקטייל פירות 8,גרמים,825.00,100 גרם,false,,8.90,0.0108,true,1,1328466
7290005477669,false,סבון נוזלי דרמפון מועשר לחות קרליין 1 ליטר,"אמיליה קוסמטיקס בע""מ",IL,אל סבון נוזלי מועשר,ליטרים,1.00,ליטר,false,,17.80,17.8000,true,1,1332244
7290005489082,false,תרכיז תפוחים/תפוזים פרי קטיף,"פרי קטיף מזון בע""מ",IL,רכז תפוחים 1.2 לי,ליטרים,1.20,ליטר,false,,31.90,26.5833,true,1,1334768
7290005489129,false,פרי קטיף רכז אננס 1.2 ליטר,"פרי קטיף מזון בע""מ",IL,תרכיז אננס 1.2 ליטר,ליטרים,1.20,ליטר,false,,31.90,26.5833,true,1,1334770
7290005500558,false,ג'ל חזק לעיצוב שיער 1 ליטר פנינה רוזנבלום,פנינה רוזנבלום,IL,ג'ל חזק לעיצוב שיער,ליטרים,1.00,ליטר,false,,17.90,17.9000,true,1,1339983
7290005500657,false,ג'ל לשיער כחול 1 ק'',פנינה רוזנבלום,IL,ג'ל לשיער כחול 1 ק'',ליטרים,1.00,ליטר,false,,17.90,17.9000,true,1,1339986
7290005500688,false,"פנינה רוזנבלום מסיכה לשיקום ורודה , 1 ק""ג",פנינה רוזנבלום,IL,"מסיכה לשיער 1 ק""ג פנ",100 לקג,1.00,100 לקג,false,,26.80,26.8000,true,1,1339987
7290005500916,false,"קרם ידיים מטפח 100 מ""ל פנינה רוזנבלום",פנינה רוזנבלום,,קרם ידיים מטפח 100 מ,מטרים,100.00,100 מ'ל,false,,9.90,0.0990,true,1,1339992
7290005500978,false,מסיר לק ריחני פנינה רוזנבלום 220 מ''ל,פנינה רוזנבלום,,מסיר לק ריחני פנינה,מיליליטרים,220.00,"100 מ""ל",false,,9.90,0.0450,true,1,1339995
7290005509445,false,עוגיות מיני קוקיס חמאה בצנצנת כרמית 600 גרם,כרמית תעשיות ממתקים,IL,עוגיות מיני קוקיס בט,גרמים,600.00,100 גרם,false,,13.90,0.0232,true,1,1339252
7290005559709,false,בורקס פיצה מעדנות 700 גרם,"מעדנות בע""\מ",IL,בורקס פיצה 700גר מעדנות,גרמים,700.00,100 גרם,false,,24.90,0.0356,true,1,1325023
7290005559907,false,פיצה משפחתית 100% גבינה מעדנות 500 גרם,מיוצר עי קונדיטוריית,IL,פיצה משפחתית גבינה מעדנות,גרמים,500.00,100 גרם,false,,16.90,0.0338,true,1,1325026
7290005559914,false,פיצה משפחתית עם 100% גבינה בתוספת זיתים מעדנות 550 גרם,מיוצר עי קונדיטוריית,IL,פיצה משפחתית זיתים מעדנות,גרמים,550.00,100 גרם,false,,16.90,0.0307,true,1,1325027
7290005559990,false,בצק פילאס תורכי מעדנות 600 גרם,מיוצר עי קונדיטוריית,IL,בצק פילאס תורכי 600גר מעד,גרמים,600.00,100 גרם,false,,19.90,0.0332,true,1,1325033
7290005564253,false,ספרינג אגס סברס תפוח 1.5ל,יפאורה שותפות מובגלת לשיווק,IL,משקה קל אגס סברס תפו,ליטרים,1.50,ליטר,false,,7.60,5.0667,true,1,1330680
7290005589829,false,"לקקן תרנגול/מוצץ 8 יח' בשקית כשל""פ מחפוד",,,לקקן 8יח תרנגול/לב,יח',1.00,יח',false,,10.90,10.9000,true,1,3883577
7290005591761,false,דבש טהור מפרחי בר בלחיץ 400 ג' יד מרדכי,מכוורת יד מרדכי שטראוס ב,IL,דבש טהור לחיץ 400 גר,גרמים,400.00,100 גרם,false,,19.90,0.0497,true,1,1327728
7290005651069,false,"מזון חתולים לה קט מיקס 2.85 ק""ג","ביופט בע""מ",FR,לה קט מיקס 2.85 קג,קילוגרמים,2.85,"ק""ג",false,,49.90,17.5088,true,1,1336628
7290005699818,false,צלעות בקר מס' 2 קפוא סופר ביף,,,צלעות 2 צרכני,קילוגרמים,1.00,"ק""ג",true,,39.90,39.9000,true,1,3896000
7290005719462,false,עוגיות מנגלך טעם קינ,פילסברי,IL,מארז מינגלך קינמון,יח',1.00,יח',false,,19.90,19.9000,true,1,3904073
7290005838002,false,מעדן גבינה ויוגורט בטעם וניל 88 ג' דניאלה,"שטראוס בריאות בע""מ",IL,דניאלה בטעם וניל 150,מיליליטרים,150.00,"100 מ""ל",false,,3.90,0.0260,true,1,1341780
7290005838613,false,"סקי וניל בודד 125 גרם ""שטראוס""","שטראוס בריאות בע""\מ",IL,גבינת סקי בטעם וניל,גרמים,125.00,100 גרם,false,,3.70,0.0296,true,1,1341782
7290005839078,false,שמיניית יוגורט לבן 3% ביו דנונה 150 גרם,מיוצר עי קונדיטוריית,IL,יוגורט דנונה ביו לבן,ליטרים,1.20,ליטר,false,,15.80,13.1667,true,1,1341784
7290005839108,false,גבינה לבנה סימפוניה עם תוספות 200 ג'+זיתים 5%,"שטראוס בריאות בע""\מ",IL,סימפוניה ג.שמנת זיתי,גרמים,200.00,100 גרם,false,,10.40,0.0520,true,1,1341785
7290005839313,false,"מילקי טופ מגולגלת שטראוס 170 מ""ל",מיוצר עי קונדיטוריית,IL,מילקי טופ מגולגלת שט,מיליליטרים,170.00,"100 מ""ל",false,,4.50,0.0265,true,1,1341786
7290005896439,false,"בירה מכבי, בקבוק חוזר 500 מ''ל","טמפו משקאות בע""מ",IL,"מכבי חוזר 500 מ""ל בקבוק 2",מיליליטרים,500.00,"100 מ""ל",false,,5.90,0.0118,true,1,1326593
7290005896453,false,"בירה מכבי 7.9%, בירה חזקה, בקבוק חוזר 500 מ''ל",טמפו משקאות בע''מ,IL,גולדסטאר חוזר 500 בקבוק 2,מיליליטרים,500.00,"100 מ""ל",false,,6.90,0.0138,true,1,2312522
7290005902048,false,"רב-מג, מטאטא גומי מסדרת רב-מגב",דגש,CN,מטאטא גומי,יח',1.00,יח',false,,59.90,59.9000,true,1,1347050
7290005902055,false,מגב גומי `רב מגבת,דגש,,רב מגב- מגב הפלא,יח',1.00,יח',false,,59.90,59.9000,true,1,1347051
7290005938030,false,פסטו זעתר 220 גרם,נטו מלינדה,IL,פסטו זעתר 220 גרם,גרמים,220.00,100 גרם,false,,20.00,0.0909,true,1,1333870
7290005938238,false,ממרח צ'ימצ'ורי פרסקו 220ג' מצונן,"פרסקו חצבה 2006 בע""מ",IL,רוטב צ'ימיצ'ורי פרסק,גרמים,220.00,100 גרם,false,,17.90,0.0814,true,1,1333871
7290005938245,false,ממרח פסטו קלאסי פרסקו 220ג' מצונן,מיוצר עי פרסקו חצבה,IL,ממרח פסטו קלאסי פרסק,גרמים,220.00,100 גרם,false,,17.90,0.0814,true,1,1333872
7290005938603,false,טפאנד זיתים ירוקים 220גר,פרסקו חצבה,IL,טפנד זיתים שחורים 22,גרמים,220.00,100 גרם,false,,18.90,0.0859,true,1,1333874
7290005938610,false,טפנד זיתים ירוקים 220 ג,פרסקו חצבה,IL,טפנד זיתים ירוקים 22,גרמים,220.00,100 גרם,false,,18.90,0.0859,true,1,1333875
7290005938627,false,ממרח עגבניות מיובשות פרסקו 220 גרם,פרסקו חצבה 2006 בעמ,IL,ממרח עגבניות מיובשות,גרמים,220.00,100 גרם,false,,18.90,0.0859,true,1,1333876
7290005951039,false,כרובית ארוזה,,,כרובית ארוזה,יח',1.00,יח',false,,8.90,8.9000,true,1,3891098
7290005966033,false,"יין לבן הר חרמון 750 מ""ל",יקבי רמת הגולן קצרין,IL,"הר חרמון לבן 750 מ""ל",מיליליטרים,750.00,"100 מ""ל",false,,29.90,0.0399,true,1,1351948
7290005981500,false,מייבש כלים איכותי,דגש,,מייבש כלים איכותי,יח',1.00,יח',false,,20.00,20.0000,true,1,1347060
7290005981845,false,מיכל לחמוצים,ד.ג.ש,,מיכל לחמוצים,יח',1.00,יח',false,,13.00,13.0000,true,1,1347061
7290005992018,false,"יוגורט עיזים לשתיה 3% מחלבות גד 500 מ""ל","מיוצר ע""\י קוד יצרן MKN",IL,יוגורט עיזים לשתיה 3,מיליליטרים,500.00,"100 מ""ל",false,,12.20,0.0244,true,1,1330479
7290005992575,false,גבינה בולגרית למריחה 5% גד 250 גרם,מחלבות גד בעמ,IL,גבינה בולגרית למריחה,גרמים,250.00,100 גרם,false,,15.90,0.0636,true,1,1330482
7290005992735,false,לאבנה טבעית 5% 250 גר' - רבנות,הנסיך- מפעל לייצור ט,IL,גבינת לאבנה 5% גד 25,גרמים,250.00,100 גרם,false,,11.90,0.0476,true,1,1330485
7290005996009,false,סלמי גלילי מעושן 400 ג' יחיעם,מעדני יחיעםn\,IL,סלמי גלילי מעושן 400,גרמים,400.00,100 גרם,false,,22.90,0.0572,true,1,3868981
7290005996221,false,פסטרמה של פעם דקדק יחיעם 120 גרם,מעדני יחיעם,IL,פסטרמה של פעם דק דק,גרמים,120.00,100 גרם,false,,12.90,0.1075,true,1,3886312
7290005996238,false,פסטרמה בדבש דק דק 120 גרם,מעדני יחיעם,IL,פסטרמה דבש דק דק 120,גרמים,120.00,100 גרם,false,,12.90,0.1075,true,1,3886313
7290005996276,false,פסטרמה ברביקיו דקדק יחיעם 120 גרם,מעדני יחיעם,IL,פסטרמה בקביקיו דק דק,גרמים,120.00,100 גרם,false,,12.90,0.1075,true,1,3886314
7290005996740,false,סלמי פפרוני יחיעם 300 ג',מעדני יחיעם 1993,IL,סלמי פפרוני 300 גר,גרמים,300.00,100 גרם,false,,22.90,0.0763,true,1,3890850
7290006065070,false,נתחי סלמון,,,נתחי סלמון,קילוגרמים,1.00,"ק""ג",true,,84.90,84.9000,true,1,3875155
7290006065179,false,סטייק טונה קפוא בואק,,,סטייק טונה,קילוגרמים,1.00,"ק""ג",true,,39.90,39.9000,true,1,3875157
7290006065582,false,סלמון נורווגי מעושן,,,סלמון נורווגי מעושן,יח',1.00,יח',false,,7.90,7.9000,true,1,3906826
7290006129345,false,אנטריקוט דק דק חלק 3,,,אנטריקוט דק דק,יח',1.00,יח',false,,33.90,33.9000,true,1,3875171
7290006133502,false,סינטה דק דק מוכשר 30,,,סינטה דק דק מוכשר 30,גרמים,300.00,100 גרם,false,,33.90,0.1130,true,1,3881304
7290006153104,false,בשר 5 קפוא חלק,,,בשר 5 קפוא חלק,קילוגרמים,1.00,"ק""ג",true,,79.90,79.9000,true,1,3896003
7290006153111,false,בשר 6 קפוא חלק,,,בשר 6 קפוא חלק,קילוגרמים,1.00,"ק""ג",true,,43.90,43.9000,true,1,3896004
7290006161130,false,אצבעות אנטריקוט חלק,,,אצבעות אנטריקוט חלק,קילוגרמים,1.00,"ק""ג",true,,59.90,59.9000,true,1,3888280
7290006161758,false,פילה מדומה קפוא,,,פילה מדומה קפוא,קילוגרמים,1.00,"ק""ג",true,,43.90,43.9000,true,1,3884195
7290006185501,false,"פנינה רוזנבלום -אל סבון נוזלי ורוד,1 ליטר",פנינה רוזנבלום,IL,אל סבון נוזלי ורוד 1,ליטרים,1.00,ליטר,false,,8.90,8.9000,true,1,1339999
7290006185518,false,"פנינה רוזנבלום -אל סבון נוזלי כחול,1 ליטר",פנינה רוזנבלום,IL,אל סבון נוזלי כחול 1,ליטרים,1.00,ליטר,false,,8.90,8.9000,true,1,1340000
7290006185952,false,מגבונים לחים להסרת איפור פנינה רוזנבלום 30 יחידות,דן מור חומרי טבע וכי,IL,מגבונים לחים להסרת א,יח',30.00,יח',false,,7.90,0.2633,true,1,1340001
7290006199218,false,"שמיניית גלידל אייס מוקה ""פלדמן""",הגלידות של פלדמן,IL,"גלידל קפוצינו לל""ס 8",גרמים,400.00,100 גרם,false,,26.90,0.0672,true,1,3873801
7290006199942,false,"שמיניית גלידל פרי דובדבן ""פלדמן""",הגלידות של פלדמן,IL,"גלידל פרי דובדבן לל""",גרמים,640.00,100 גרם,false,,19.80,0.0309,true,1,3873803
7290006229427,false,סן בנדטו - מים מינרלים - מארז שישיית 500 מל,קריות זול,IT,"סן בנדטו 500 מ""ל שישייה",ליטרים,3.00,ליטר,false,,11.90,3.9667,true,1,1326601
7290006235053,false,"ד""ר פישר - סרקל קרם רוזמרין מתיר קשרים 325 מ""ל * 2",פישר מעבדות פרמצבטיות בע,IL,קרם סרקל רוזמרין זוג,יח',1.00,יח',false,,34.90,34.9000,true,1,1350069
7290006235244,false,קמיל בלו משחת צמחי מרפא פסטה לתינוק 100 ג',פישר מעבדות פרמצבטיות בע,IL,'קמיל בלו צמחי מרפא פסטה,גרמים,100.00,100 גרם,false,,17.90,0.1790,true,1,1350073
7290006241191,false,אגוזי מלך קליית גת 150 גר,הדקלאים אגודת שיתופי,US,אגוזי מלך טבעיים קלי,גרמים,150.00,100 גרם,false,,16.90,0.1127,true,1,1337201
7290006241214,false,שקד טבעי קליית גת 200 גרם,הדקלאים אגודת שיתופי,IL,שקדים טבעיים קליית ג,גרמים,200.00,100 גרם,false,,16.30,0.0815,true,1,1337202
7290006241504,false,"משקה תפוזים קפוא פריגת 340 מ""ל",פריגת מצוננים,IL,פריגת מיץ תפוזים קפו,גרמים,340.00,100 גרם,false,,9.90,0.0291,true,1,1322967
7290006241689,false,"משקה לימונים מרוכז קפוא פריגת 280 מ""ל",היינץ צפון אמריקה מק,IL,משקה לימונים מרוכז ק,מיליליטרים,280.00,"100 מ""ל",false,,9.90,0.0354,true,1,1322970
7290006243577,false,בורקס תפוח אדמה שחף 800 גרם,שחף,IL,בורקס תפוח אדמה שחף,גרמים,800.00,100 גרם,false,,11.90,0.0149,true,1,1342392
7290006243713,false,בורקס גבינה שחף 800 גרם,שחף,,בורקס גבינה שחף 800,גרמים,800.00,100 גרם,false,,11.90,0.0149,true,1,1342393
7290006243737,false,ג'חנון שחף 800 גרם,מאפיית אריאל,IL,שחף ג'חנון 800גר,גרמים,800.00,100 גרם,false,,11.90,0.0149,true,1,1342394
7290006251107,false,תה צ'אי מסאלה ויסוצקי 25 יחידות,מולינו ניקולי s.p.a,IL,תה צ'אי מסאלה ויסוצק,גרמים,50.00,100 גרם,false,,17.50,0.3500,true,1,1336209
7290006251275,false,תה ירוק סיני קלאסי ויסוצקי 25 יחידות,תה ויסוצקי,IL,תה ירוק סיני קלאסי ו,גרמים,37.50,100 גרם,false,,22.90,0.6107,true,1,1336211
7290006251343,false,חליטת פסיפלורה מנגו הגן הקסום ויסוצקי 25 יחידות,תה ויסוצקי,IL,הגן הקסום תה פסיפלור,יח',25.00,יח',false,,16.90,0.6760,true,1,1336213
7290006256775,false,"יין גאטו נגרו מלבק 750 מ""ל",פינקה לה סליה,AR,גאטו נגרו מלבק 750 מ,מטרים,750.00,100 מ'ל,false,,38.90,0.0519,true,1,3891425
7290006265500,false,פטריות שמפיניון ארוז מרינה,"מרינה פטריות הגליל בע""מ",IL,שמפניון ארוז מרינה,יח',1.00,יח',false,,8.90,8.9000,true,1,1345512
7290006271174,false,ג'חנון לאפיה בתנור מעדנות 700 גרם,מיוצר עי קונדיטוריית,IL,גחנון בצק 700גר מעדנות,גרמים,700.00,100 גרם,false,,16.90,0.0241,true,1,1325034
7290006271181,false,ג'חנון אפוי למיקרוגל מעדנות 750 גרם,מיוצר עי קונדיטוריית,IL,גחנון אפוי 750גר מעדנות,גרמים,750.00,100 גרם,false,,21.90,0.0292,true,1,1325035
7290006271648,false,מיני בורקס תפוחי אדמה מעדנות 800 גרם,"מעדנות בע""\מ",IL,"מיני בורקס תפו""א 800 גרם",גרמים,800.00,100 גרם,false,,19.90,0.0249,true,1,1325039
7290006271655,false,מיני בורקס גבינה מעדנות 800 גרם,מיוצר עי קונדיטוריית,IL,מיני בורקס גבינה 800 גרם,גרמים,800.00,100 גרם,false,,19.90,0.0249,true,1,1325040
7290006271761,false,מיני ג'חנון אפוי מעדנות,מיוצר עי קונדיטוריית,IL,מיני גחנון אפוי מעדנות,גרמים,600.00,100 גרם,false,,21.90,0.0365,true,1,1325043
7290006272072,false,חטיפי פיצה גבינה מעדנות 650 גרם,"מעדנות בע""\מ",IL,חטיפי פיצה מעדנות 65,גרמים,650.00,100 גרם,false,,27.90,0.0429,true,1,1325044
7290006272430,false,בצק עלים חמאה מעדנות 600 גרם,מיוצר עי קונדיטוריית,IL,בצק עלים חמאה 600גר,גרמים,600.00,100 גרם,false,,27.90,0.0465,true,1,1325045
7290006342645,false,טורטיה גדולה שקדיה 840 גרם 12 יחידות,אלקטי קוראבייכיסיגיד,TR,טורטיות 12 יח 840 גר,גרמים,840.00,100 גרם,false,,14.90,0.0177,true,1,1324571
7290006374738,false,קונפיטורית תות 340 גר' יד מרדכי,אף.סי תבליני בגליל ב,IL,קונפיטורת תות 340 גר,גרמים,340.00,100 גרם,false,,10.90,0.0321,true,1,1327735
7290006376053,false,סוכר חום רטוב פרימיום 1,ר.ס-.חברה ליבוא וייצור מ,IL,סוכר חום כהה שקית 1,קילוגרמים,1.00,"לק""ג",false,,11.90,11.9000,true,1,3896605
7290006376329,false,ציפוי לשניצל בטעם קלאסי 350 גרם,,,ציפוי לשניצל בטעם קל,גרמים,350.00,100 גרם,false,,10.90,0.0311,true,1,1326755
7290006376336,false,ציפוי לשניצל בטעם מקסיקני 350 גרם,,,ציפוי לשניצל בטעם מק,גרמים,350.00,100 גרם,false,,10.90,0.0311,true,1,1326756
7290006376343,false,ציפוי לשניצל בטעם ים תיכוני 350ג' שקית,,,ציפוי לשניצל בטעם ים,גרמים,350.00,100 גרם,false,,10.90,0.0311,true,1,1326757
7290006376718,false,גלטין לעוגה פרימיום 24 יח,,,ג'לטין דגים קרטונית,גרמים,24.00,100 גרם,false,,8.90,0.3708,true,1,3888513
7290006429049,false,שמן דקלים 1 ליטר,טעמן,,שמן דקלים 1 ליטר,ליטרים,1.00,ליטר,false,,0.00,0.0000,true,1,1328472
7290006439451,false,בארי גולדן אורז בסמט,צימאן לאל סאטיה-דלהי,IN,אורז בסמתי 'גולד' מו,קילוגרמים,5.00,"ק""ג",false,,39.90,7.9800,true,1,3891451
7290006448026,false,נפוליאון גבינת שמנת טבעי 25% 800 גרם,קריות זול,IL,נפוליאון גבינת שמנת,קילוגרמים,1.00,"ק""ג",true,,39.00,39.0000,true,1,3890700
7290006448033,false,גבינת שמנת זיתים נפוליאון 24% שומן 800 ג',תנובה,IL,נפוליאון גבינת שמנת,קילוגרמים,1.00,"ק""ג",true,,39.00,39.0000,true,1,3890701
7290006448040,false,גבינת שמנת שום שמיר נפוליאון 25% שומן 800 ג',תנובה,IL,נפוליאון גבינת שמנת,קילוגרמים,1.00,"ק""ג",true,,39.00,39.0000,true,1,3890702
7290006492432,false,גבינת מוצרלה בייבי 18% גד 150 גרם,מחלבות גד בעמ,IL,גבינת מוצרלה בייבי 1,גרמים,150.00,100 גרם,false,,12.90,0.0860,true,1,1330486
7290006492616,false,גבינה בולגרית מעודנת פרוסות 5% גד 250 גרם,DSH עבור מחלבות גד ב,IL,גבינה בולגרית מעודנת,גרמים,250.00,100 גרם,false,,25.20,0.1008,true,1,1330488
7290006492630,false,גבינת פרומעז עיזים 22% גד 180 גרם,מחלבות גד בעמ,IL,גבינת פרומעז עיזים 2,גרמים,180.00,100 גרם,false,,21.90,0.1217,true,1,1330489
7290006492685,false,גבינת לאבנה 5% מחלב עזים גד 250 גרם,מחלבות גד בעמ,IL,גבינת לאבנה עיזים 5%,גרמים,250.00,100 גרם,false,,15.90,0.0636,true,1,1330491
7290006492852,false,גבינת עיזים למריחה 5% שומן 250 ג' גד,גבינות מדף,IL,גבינת עיזים 5% גד 25,גרמים,250.00,100 גרם,false,,15.90,0.0636,true,1,1330493
7290006492913,false,גבינת לאבנה ציזיקי 5% מחלבות גד 250 גרם,מחלבות גד בעמ,IL,גבינת לאבנה ציזיקי 5,גרמים,250.00,100 גרם,false,,11.90,0.0476,true,1,1330494
7290006494597,false,מרמולייט סירופ בטעם תפוחים 1ליטר,זנלכל,IL,מרמולייט סירופ בטעם תפוחי,ליטרים,1.00,100 ליטר,false,,17.90,17.9000,true,1,1351647
7290006496225,false,"משקד מי ורדים 650 מ""ל",משקד,IL,"מי ורדים 750 מ""ל משק",מיליליטרים,750.00,"100 מ""ל",false,,11.90,0.0159,true,1,1334943
7290006511157,false,"פטריות שלמות ויליפוד 400 גרם בד""ץ",אוקצ'מפס אס.איי אויי,PL,פטריות שמפיניון שלמו,גרמים,230.00,100 גרם,false,,6.80,0.0296,true,1,1335936
7290006582355,false,סילאן סירופ 900 גרם שקדיה,"דין שיווק וקליה בע""מ",TR,סילאן שקדיה 900 גרם,גרמים,900.00,100 גרם,false,,9.90,0.0110,true,1,1324572
7290006618078,false,"מרסס לניקוי יסודי מטבח אסטוניש 750 מ""ל",יעקובי אסטוניש,GB,אסטוניש מרסס לניקוי,מיליליטרים,750.00,"100 מ""ל",false,,11.90,0.0159,true,1,1335034
7290006618085,false,"אסטוניש תרסיס ניקוי אמבטיה וכיורים יעקבי 750 מ""ל",יעקובי אסטוניש,GB,אסטוניש תרסיס ניקוי,מיליליטרים,750.00,"100 מ""ל",false,,11.90,0.0159,true,1,1335035
7290006618146,false,"מדליק פחמים נוזלי הפי יעקבי 500 מ""ל",תות תעשיות מזון (201,NL,הפי מדליק פחמים נוזל,מיליליטרים,500.00,"100 מ""ל",false,,13.90,0.0278,true,1,1335038
7290006644480,false,תפוזינה תפוזים 0.5 ליטר,יפאורה שותפות מובגלת לשיווק,IL,תפוזינה תפוזים 0.5 ל,מיליליטרים,500.00,"100 מ""ל",false,,4.80,0.0096,true,1,1330588
7290006644510,false,"מיץ ענבים 500 מ""ל תפוזינה",יפאורה שותפות מובגלת לשיווק,IL,תפוזינה ענבים 0.5 לי,מיליליטרים,500.00,"100 מ""ל",false,,4.80,0.0096,true,1,1330590
7290006644527,false,תפוזינה תות בננה 0.5 ליטר,יפאורה שותפות מובגלת לשיווק,IL,תפוזינה תות בננה 0.5,מיליליטרים,500.00,"100 מ""ל",false,,4.80,0.0096,true,1,3857918
7290006651570,false,"קמיל בלו צמחי מרפא שמפו ואל סבון ד""ר פישר 750 מ""ל",פישר מעבדות פרמצבטיות בע,IL,קמיל בלו צמחי מרפא שמפו ו,מיליליטרים,750.00,"100 מ""ל",false,,17.90,0.0239,true,1,1350084
7290006652027,false,במבה חטיף בוטנים אסם 20*15 גרם,מיוצר עי קונדיטוריית,IL,במבה חטיף בוטנים אסם,גרמים,300.00,100 גרם,false,,23.90,0.0797,true,1,1329547
7290006653819,false,פתיתי קוסקוס דק 350 גרם,"מיוצר ע""י קוד יצרן K",IL,קוסקוס דק אסם 350 גר,גרמים,350.00,100 גרם,false,,7.50,0.0214,true,1,1329553
7290006653857,false,"ארנבונים חטיף תפו""א 40גר","אסם תעשיות בע""מ",IL,ארנבונים חטיף תפוחי,גרמים,40.00,100 גרם,false,,3.90,0.0975,true,1,1329554
7290006660596,false,קמח עדשים אדומות ללא גלוטן 500 גרם,אף.סי תבליני בגליל ב,IL,קמח עדשים אדומות,גרמים,500.00,100 גרם,false,,16.90,0.0338,true,1,3866529
7290006660640,false,קמח טף דגש 500 גרם,נטורפוד,IL,קמח טף 500 גר,גרמים,500.00,100 גרם,false,,24.90,0.0498,true,1,3878605
7290006664037,false,גמדים דגנים ארוחת בוקר מארז 100X4ג',"שטראוס בריאות בע""\מ",IL,גמדים תות בננה+תפוח,מיליליטרים,400.00,"100 מ""ל",false,,10.90,0.0273,true,1,1341797
7290006664051,false,"אקטימל לבן 1.51 ק""ג מארז 14 יחידות",מיוצר עי קונדיטוריית,IL,יוגורט אקטימל 14*100,ליטרים,1.40,ליטר,false,,28.90,20.6429,true,1,1341798
7290006664310,false,גבינה לבנה 3% שומן 250 ג' שטראוס,מיוצר עי קונדיטוריית,IL,גבינה לבנה סקי 3% שו,גרמים,250.00,100 גרם,false,,4.70,0.0188,true,1,1341801
7290006664402,false,גבינה לבנה סקי 5% שומן 750 גרם,מיוצר עי קונדיטוריית,IL,גבינה לבנה סקי 5% שו,גרמים,750.00,100 גרם,false,,13.60,0.0181,true,1,1341803
7290006664532,false,יוגורט עם תות 3% שומן 150 ג' דנונה,מיוצר עי קונדיטוריית,IL,יוגורט דנונה תות 3%,מיליליטרים,150.00,"100 מ""ל",false,,3.50,0.0233,true,1,1341805
7290006664655,false,"אקטימל לבן טבעי מארז 100X8 מ""ל",מיוצר עי קונדיטוריית,IL,יוגורט אקטימל 8*100,מיליליטרים,800.00,"100 מ""ל",false,,19.90,0.0249,true,1,1341808
7290006664693,false,יוגורט עם אפרסק 3% שומן 150 ג' דנונה,מיוצר עי קונדיטוריית,IL,יוגורט דנונה אפרסק 3,מיליליטרים,150.00,"100 מ""ל",false,,3.50,0.0233,true,1,1341809
7290006664990,false,"יוגורט דנונה ביו לבן 1.7% שומן 8*150 מ""ל",מיוצר עי קונדיטוריית,IL,יוגורט דנונה ביו לבן,ליטרים,1.20,ליטר,false,,15.80,13.1667,true,1,1341813
7290006681003,false,גלידה תות לימון סורבה 1.33 ל' קרמיסימו,"גלידת שטראוס בע""\מ, רחוב",IL,קרמיסימו תות לימון ס,ליטרים,1.33,ליטר,false,,17.90,13.4586,true,1,1339863
7290006681089,false,גל.לייט מיני סנדוויץ 10י,"גלידת שטראוס בע""\מ, רחוב",IL,מיני סנדויץ' לייט גל,גרמים,250.00,100 גרם,false,,24.90,0.0996,true,1,1339865
7290006681577,false,מאגדת קרחון אסקימו לימון דובדובן 10 יח' שטראוס,"מיוצר ע""\י גלידת שטראוס",IL,אסקימו קרחונים בטעם,יח',1.00,יח',false,,14.80,14.8000,true,1,1339868
7290006684004,false,ביצים גדולות 30יח L,ביצי הגליל,,ביצים גדולות 30יח L,יח',30.00,יח',false,,28.20,0.9400,true,1,1353515
7290006684196,false,ביצים 30 יח גודל M א,ביצי הגליל,,ביצים 30 יח גודל M א,יח',30.00,יח',false,,25.90,0.8633,true,1,1353516
7290006696595,false,יין אדום מתוק מסורת אפרת 1 ליטר,יקב טפרברג,,יין אדום מתוק מסורת,ליטרים,1.00,ליטר,false,,15.90,15.9000,true,1,1335193
7290006696717,false,יקבי אפרת תירוש מוסקט לבן 1 ליטר,יקב טפרברג 1870 בעמ,IL,מיץ ענבים לבן 1 לי,ליטרים,1.00,ליטר,false,,12.90,12.9000,true,1,1335196
7290006703903,false,מעדני הטלה טחון בקר,מעדני הטלה,,טחון בקר 1 קג חלק,קילוגרמים,1.00,"ק""ג",false,,39.80,39.8000,true,1,3467695
7290006704658,false,ברוקולי ארוז שקיל,יריב חג'בי,IL,ברוקולי ארוז,יח',1.00,יח',false,,8.90,8.9000,true,1,1345532
7290006712684,false,ספיד סטיק 24/7 סטיק כחול,קולגייט פלמוליב,US,דאודורנט ספיד סטיק כ,גרמים,51.00,100 גרם,false,,16.90,0.3314,true,1,1327123
7290006712981,false,"משחת שיניים קולגייט ספיידרמן מגיל שש 50 מ""ל",הנסיך- מפעל לייצור ט,PL,משחת שיניים לילדים ב,גרמים,50.00,100 גרם,false,,11.90,0.2380,true,1,1327125
7290006714381,false,טחון עוף 500 גר,מעדני הטלה והעגל,,טחון עוף 500גר,גרמים,500.00,100 גרם,false,,13.90,0.0278,true,1,3467696
7290006714398,false,טחון הודו 500 גר,לאטי עזרא,,טחון הודו 500גר,גרמים,500.00,100 גרם,false,,11.90,0.0238,true,1,3467697
7290006737014,false,ממתק מקלונים קצרים עלה 20 יח',,IL,מקלונים קצרים 20 יח,גרמים,200.00,100 גרם,false,,8.90,0.0445,true,1,1337462
7290006738615,false,קבב פרימיום זהב 100% בשר זוגלובק 400 ג',נקניק נהריה כשר זוגל,IL,קבב זהב זוגלובק 400,גרמים,400.00,100 גרם,false,,19.90,0.0497,true,1,1357585
7290006739124,false,בצק עלים פילאס 500ג' זוגלובק,זוגלובק,IL,בצק פילאס 500גר זוגל,גרמים,500.00,100 גרם,false,,11.90,0.0238,true,1,1357587
7290006739131,false,בצק גולמי פילו זוגלובק 500ג',מאפיית אריאל,IL,בצק פילו 500גר זוגלו,גרמים,500.00,100 גרם,false,,11.90,0.0238,true,1,1357588
7290006739292,false,נקניק פסטרמה פרגיות ציפוי תירס,נקניק נהריה כשר זוגל,IL,פסטרמה תבור 2% זוגלו,גרמים,330.00,100 גרם,false,,25.90,0.0785,true,1,1357592
7290006739346,false,נקניקיות פרגיות טרי 400 גרם זוגלובק,נקניק נהריה כשר זוגל,IL,נקניקיות פרגיות זוגל,גרמים,400.00,100 גרם,false,,11.90,0.0298,true,1,1357593
7290006739407,false,שניצל תירס לייט זוגלובק 600 גרם,נקניק נהריה כשר זוגל,IL,שניצל תירס לייט זוגל,גרמים,600.00,100 גרם,false,,21.90,0.0365,true,1,1357595
7290006739414,false,נקניק סלמי קוניאק זוגלובק 300 גרם,נקניק נהריה כשר זוגל,IL,נקניק סלמי קוניאק זו,גרמים,300.00,100 גרם,false,,24.90,0.0830,true,1,1357596
7290006739421,false,נקניק סלמי מעושן איטלקי זוגלובק 300 גרם,נקניק נהריה כשר זוגל,IL,נקניק סלמי מעושן איט,גרמים,300.00,100 גרם,false,,24.90,0.0830,true,1,1357597
7290006739445,false,שניצל תירס קלאסי 750 ג' זוגלובק,נקניק נהריה כשר זוגל,IL,שניצל תירס קלאסי 750,גרמים,750.00,100 גרם,false,,21.90,0.0292,true,1,1357598
7290006739544,false,נקניק כתף בקר 3% 300 גרם,זוגלובק,IL,נקניק כתף בקר 3% 300,גרמים,300.00,100 גרם,false,,25.90,0.0863,true,1,1357599
7290006741363,false,בורקס תפוחי אדמה זוגלובק 800 גרם,מאפיית אריאל וגידרון,IL,בורקס תפוחי אדמה זוג,גרמים,800.00,100 גרם,false,,13.90,0.0174,true,1,1357616
7290006742162,false,המבורגר מזרחי זוגלובק 400 גרם,נקניק נהריה כשר זוגל,IL,המבורגר מזרחי זוגלוב,גרמים,400.00,100 גרם,false,,19.90,0.0497,true,1,1357623
7290006742278,false,פסטרמה הודו צלויה על לבנים 330 ג' זוגלובק,נקניק נהריה כשר זוגל,IL,פסטרמה צלויה על לבני,גרמים,330.00,100 גרם,false,,25.90,0.0785,true,1,1357625
7290006742292,false,פסטרמה הודו בדבש 330 ג' זוגלובק,נקניק נהריה כשר זוגל,IL,פסטרמה בדבש 2% זוגלו,גרמים,330.00,100 גרם,false,,25.90,0.0785,true,1,1357626
7290006742308,false,פסטרמה חזה עוף ברביק,נקניק נהריה כשר זוגל,,פסטרמה חזה עוף ברביק,גרמים,330.00,100 גרם,false,,25.90,0.0785,true,1,1357627
7290006742315,false,פסטרמה חזה הודו ברביקיו 2% זוגלובק 330 גרם,נקניק נהריה כשר זוגל,IL,פסטרמה חזה הודו ברבי,גרמים,330.00,100 גרם,false,,25.90,0.0785,true,1,1357628
7290006742339,false,פסטרמה חזה עוף מעושן,נקניק נהריה כשר זוגל,IL,פסטרמה חזה עוף מעושן,גרמים,330.00,100 גרם,false,,25.90,0.0785,true,1,1357629
7290006753915,false,מיני מרגז חריפות 500 גרם,מעדני הטלה והעגל,IL,מיני מרגז חריפות 500,גרמים,500.00,100 גרם,false,,28.90,0.0578,true,1,3903127
7290006753922,false,נקניקיות מיני צ'וריס,מעדני הטלה והעגל,IL,מיני צוריסוס 500 גרם,גרמים,500.00,100 גרם,false,,28.90,0.0578,true,1,3902900
7290006764058,false,"נשר בירה לבנה נשר בקבוק חוזר 500 מ""ל","טמפו משקאות בע""מt",IL,נשר לבן חוזר 500 בקבוק 20,מיליליטרים,500.00,"100 מ""ל",false,,5.00,0.0100,true,1,1326604
7290006764096,false,"בירה איגל 500 מ""ל 3.8% בקבוק חוזר","טמפו משקאות בע""\מ",IL,גולדסטאר חוזר 500 בקבוק 2,מיליליטרים,500.00,"100 מ""ל",false,,5.80,0.0116,true,1,2524333
7290006764102,false,שישיית בירה גולדסטאר בסקט מולטי בקבוק חוזר,"טמפו משקאות בע""\מ",IL,גולדסטאר שיישייה חוז,ליטרים,3.00,ליטר,false,,39.90,13.3000,true,1,3192155
7290006764126,false,פקדון חוזר שישיית בירה,,IL,בקבוק חוזר 500מל פקד,יח',1.00,יח',false,,7.20,7.2000,true,1,3192106
7290006764164,false,גולדסטאר ל.מסנ.חוזר500*6,טמפו משקאות בע''מ,IL,גולדסטאר לא מסונן 50,ליטרים,3.00,ליטר,false,,49.20,16.4000,true,1,3867099
7290006764485,false,"בירה שחורה נשר מאלט שישייה ח""פ 330*6 מ''ל","טמפו משקאות בע""\ם.",IL,"נשר מאלט ח""פ 330 בקבוק מש",ליטרים,1.98,ליטר,false,,24.90,12.5758,true,1,1326607
7290006765000,false,טורטיה מקמח מלא שקדיה 540 גרם,אלקטי קוראבייכיסיגיד,TR,טורטיה 12 יח קמח מלא,גרמים,540.00,100 גרם,false,,9.90,0.0183,true,1,3866807
7290006770684,false,עוגת מוס גבינה עם פירורים 850 גר,קפולסקי שיווק וקמעונ,IL,עוגת מוס גבינה פירור,גרמים,850.00,100 גרם,false,,64.90,0.0764,true,1,1358140
7290006784261,false,אקונומיקה מקציפה לבנ,,,אקונומיקה מקציפה לבנ,יח',1.00,יח',false,,7.50,7.5000,true,1,3890886
7290006784339,false,"תרסיס לניקוי רהיט סנט מוריץ 300 מ""ל",קומפלקס כימיקלים,IL,תרסיס לניקוי רהיט סנ,מיליליטרים,300.00,"100 מ""ל",false,,9.90,0.0330,true,1,1339808
7290006784407,false,"PURE מבשם כביסה בניחוח מלון בוטיק 500 מ""ל",קומפלקס כימיקלים,TR,מבשם כביסה 500 מל,מטרים,500.00,100 מ'ל,false,,9.90,0.0198,true,1,3897971
7290006784414,false,"PURE מבשם כביסה בניחוח מלון ספא 500 מ""ל",קומפלקס כימיקלים,TR,מבשם כביסה 500 מל,מטרים,500.00,100 מ'ל,false,,9.90,0.0198,true,1,3897972
7290006784452,false,"PURE - מבשם כביסה מרסס בניחוח מלון רויאל 500 מ""ל",קומפלקס כימיקלים,TR,מבשם כביסה 500 מל,מטרים,500.00,100 מ'ל,false,,9.90,0.0198,true,1,3897973
7290006784483,false,"PURE מבשם אוויר ניחוח חופשה בסנט מוריץ 400 מ""ל",קומפלקס כימיקלים,TR,מבשם אוויר 400 מל,מטרים,400.00,100 מ'ל,false,,7.90,0.0198,true,1,3897975
7290006784551,false,תרסיס 365-C קוטל מעופפים,קומפלקס כימיקלים,IL,תרסיס קוטל יתושים 63,מיליליטרים,630.00,"100 מ""ל",false,,16.90,0.0268,true,1,1339814
7290006784650,false,מסיר אבנית מתז 750 מל רמי לוי,,,מסיר אבנית מתז 750 מ,מיליליטרים,750.00,"100 מ""ל",false,,8.30,0.0111,true,1,1930157
7290006784711,false,נוזל כלים צהוב לימון 750 מל רמילוי,,,נוזל כלים צהוב לימון,מיליליטרים,750.00,"100 מ""ל",false,,5.90,0.0079,true,1,2778375
7290006784735,false,נוזל כלים פרחי אביב 750 מל רמילוי,,,נוזל כלים פרחי אביב,מיליליטרים,750.00,"100 מ""ל",false,,5.90,0.0079,true,1,2778377
7290006784759,false,ג'ל לניקוי פרחים אסל,,,ג'ל לניקוי פרחים אסל,מיליליטרים,750.00,"100 מ""ל",false,,6.20,0.0083,true,1,1930159
7290006784766,false,נוזל חלונות 1ליטר רמי לוי,,,נוזל חלונות 1ליטר רמ,ליטרים,1.00,ליטר,false,,4.90,4.9000,true,1,2247275
7290006784797,false,נוזל לניקוי כלים 4 ליטר,,,נוזל לניקוי כלים 4 ל,ליטרים,4.00,ליטר,false,,22.50,5.6250,true,1,2332606
7290006784803,false,נוזל לניקוי אמבטיות 1 ליטר רמי לוי,,,נוזל לניקוי אמבטיות,ליטרים,1.00,ליטר,false,,8.30,8.3000,true,1,2239186
7290006784810,false,נוזל כלים לימון 1.6 רמילוי,,,נוזל כלים לימון 1.6,ליטרים,1.60,ליטר,false,,8.50,5.3125,true,1,3830388
7290006784834,false,נוזל כלים פרחים 1.6 רמילוי,,,נוזל כלים פירות יער,ליטרים,1.60,ליטר,false,,8.50,5.3125,true,1,3830390
7290006784858,false,"ג""ל לניקוי אסלה 750 מל",,,"ג""ל לניקוי אסלה 750",מיליליטרים,750.00,"100 מ""ל",false,,6.20,0.0083,true,1,3871693
7290006784865,false,סנט מוריץ לניקוי משטחי מטבחים מרוכז ועוצמתי 1ל',קומפלקס כימיקלים בעמ,IL,סנט מוריץ מרסס מטבחי,100 מל,1000.00,100 מל,false,,9.90,0.0099,true,1,3869125
7290006784933,false,סבון אסלה ים שלישייה 180גר רמי לוי,,,סבון אסלה ים שלישייה,גרמים,180.00,100 גרם,false,,9.90,0.0550,true,1,3885304
7290006784940,false,סבון אסלה לוונדר שלישייה 180גר רמילוי,,,סבון אסלה לוונדר שלי,גרמים,180.00,100 גרם,false,,9.90,0.0550,true,1,3885305
7290006784957,false,סבון אסלה לימון שלישייה 180גר רמילוי,,,סבון אסלה לימון שליש,גרמים,180.00,100 גרם,false,,9.90,0.0550,true,1,3885306
7290006784964,false,סבון אסלה תות שלישיי,,,סבון אסלה תות שלישיי,גרמים,180.00,100 גרם,false,,9.90,0.0550,true,1,3885307
7290006784988,false,תרסיס אקונומיקה בריח לימון 1לי,,,תרסיס אקונומיקה בריח,מטרים,1000.00,100 מ'ל,false,,9.90,0.0099,true,1,3880751
7290006784995,false,תרסיס אקונומיקה בריח לבנדר 1לי,,,תרסיס אקונומיקה בריח,יח',1.00,יח',false,,9.90,9.9000,true,1,3880752
7290006788351,false,קרליין דאודורנט סטיק נושם כחול,אמיליה קוסמטיקס,IL,דאודורנט קרליין סטיק,גרמים,50.00,100 גרם,false,,14.90,0.2980,true,1,1332265
7290006788375,false,קרליין דאודורנט סטיק נושם ורוד,מיוצר עי : אמיליה קוסמטי,IL,דאודורנט קרליין סטיק,גרמים,50.00,100 גרם,false,,14.90,0.2980,true,1,1332267
7290006788382,false,דאודורנט קרליין סטיק נושם אוקסיג'ן,אמיליה קוסמטיקס,IL,דאודורנט קרליין סטיק,גרמים,50.00,100 גרם,false,,14.90,0.2980,true,1,1332268
7290006788399,false,"דאו רול און נושם סנסיטיב ירוק קרליין 75 מ""ל",אמיליה קוסמטיקס בעמ,IL,דאודורנט קרליין רול,גרמים,75.00,100 גרם,false,,10.90,0.1453,true,1,1332269
7290006788405,false,"קרליין - נושם אקטיב דאודורנט רול און לאישה ברודו 75 מ""ל",מיוצר עי : אמיליה קוסמטי,IL,דאודורנט קרליין רול,גרמים,75.00,100 גרם,false,,10.90,0.1453,true,1,1332270
7290006788412,false,"קרליין - נושם אקווה דאודורנט רול און לאישה כחול 75 מ""ל",אמיליה קוסמטיקס בעמ,IL,דאודורנט קרליין רול,גרמים,50.00,100 גרם,false,,10.90,0.2180,true,1,1332271
7290006788436,false,"קרליין - נושם פיור דאודורנט רול און לאישה ורוד 75 מ""ל",משווק: קוסמופארם בעמ,IL,דאודורנט קרליין רול,גרמים,75.00,100 גרם,false,,10.90,0.1453,true,1,1332273
7290006788443,false,"קרליין - נושם אוקסיג'ן דאודורנט רול און לאישה סגול 75 מ""ל","אמיליה קוסמטיקס בע""מ",IL,דאודורנט קרליין רול,גרמים,75.00,100 גרם,false,,10.90,0.1453,true,1,1332274
7290006788467,false,"קרליין - נושם אקטיב דאודורנט ספריי לאישה בורדו 200 מ""ל",מיוצר עי : אמיליה קוסמטי,IL,דאודורנט קרליין ספרי,מיליליטרים,200.00,"100 מ""ל",false,,10.90,0.0545,true,1,1332276
7290006788481,false,"קרליין - נושם סאן רייס דאודורנט ספריי לאישה כתום 200 מ""ל",מיוצר עי : אמיליה קוסמטי,IL,דאודורנט קרליין ספרי,מיליליטרים,200.00,"100 מ""ל",false,,10.90,0.0545,true,1,1332278
7290006788498,false,"קרליין - נושם פיור דאודורנט ספריי לאישה ורוד 200 מ""ל",מיוצר עי : אמיליה קוסמטי,IL,דאודורנט קרליין ספרי,מיליליטרים,200.00,"100 מ""ל",false,,10.90,0.0545,true,1,1332279
7290006788504,false,"קרליין - נושם אוקסיג'ן דאודורנט ספריי לאישה סגול 200 מ""ל",מיוצר עי : אמיליה קוסמטי,IL,דאודורנט קרליין ספרי,מיליליטרים,200.00,"100 מ""ל",false,,10.90,0.0545,true,1,1332280
7290006789617,false,"קרם לחות לתלתול טבעי לשיער גלי עד מתולתל 10 קרליין 400 מ""ל",מיוצר עי : אמיליה קוסמטי,IL,קרם לחות לתלתול טבעי,מיליליטרים,400.00,"100 מ""ל",false,,16.90,0.0422,true,1,1332291
7290006789624,false,"קרם לחות לשיער מחיה שיער צבוע 10 קרליין 400 מ""ל",אמיליה קוסמטיקס,IL,קרם לחות לשיער מחיה,מיליליטרים,400.00,"100 מ""ל",false,,16.90,0.0422,true,1,1332292
7290006789631,false,קרליין קרם לחות לשיער רגיל 400 גרם,מיוצר עי : אמיליה קוסמטי,IL,קרם לחות 10 לשיער רג,מיליליטרים,400.00,"100 מ""ל",false,,16.90,0.0422,true,1,1332293
7290006789648,false,"קרם לחות לשיער יבש 10 קרליין 400 מ""ל","אמיליה קוסמטיקס בע""מ",IL,קרם לחות לשיער יבש 1,מיליליטרים,400.00,"100 מ""ל",false,,16.90,0.0422,true,1,1332294
7290006804051,false,בורקס גבינה פילסברי,פילסברי,,בורקס גבינה פילסברי,קילוגרמים,1.00,"ק""ג",true,,39.00,39.0000,true,1,1323269
7290006804068,false,"מאפיה - בורקס תפו""א",פילסברי,,בורקס תפוח אדמה,קילוגרמים,1.00,"ק""ג",true,,39.00,39.0000,true,1,1323270
7290006804082,false,קרואסון ביס שוקולד פ,פילסברי,,קרואסון ביס שוקולד פ,קילוגרמים,1.00,"ק""ג",true,,39.00,39.0000,true,1,1323272
7290006804099,false,גביניות פילסברי חלבי,פילסברי,,גביניות פילסברי חלבי,קילוגרמים,1.00,"ק""ג",true,,39.00,39.0000,true,1,1323273
7290006804143,false,מאפה מתוק/מלוח פילסב,פילסברי,,רוגלעך פילסברי,קילוגרמים,1.00,"ק""ג",true,,39.00,39.0000,true,1,1323276
7290006804334,false,לחמניית כריך ילדים ל,,,לחמניית כריך ילדים ל,יח',1.00,יח',false,,1.70,1.7000,true,1,3878678
7290006804907,false,פיתה אסלית אפויה קפואה (חמישיות),פילסברי,,מארז 5 פיתות אסלי פי,יח',5.00,יח',false,,6.90,1.3800,true,1,3891749
7290006805355,false,"פילסברי, כדורים בטעם שוקולד, תערובת להכנת כדורים בטעם שוקולד. 500 גרם.",הדקלאים אגודת שיתופי,IL,תערובת להכנת כדורי ש,גרמים,500.00,100 גרם,false,,15.90,0.0318,true,1,1337203
7290006805362,false,חצי באגט מאפית,פילסברי,,חצי באגט מאפית,יח',1.00,יח',false,,2.50,2.5000,true,1,1323305
7290006805881,false,בייגל ירושלמי וינואז,פילסברי,,חלת בגט,יח',1.00,יח',false,,7.00,7.0000,true,1,2905628
7290006806499,false,לחמנייה דגנים וגרעינ,,,לחמניה עם קמח מלא,יח',1.00,יח',false,,3.90,3.9000,true,1,2799092
7290006806963,false,חלה מתוקה קלועה אפויה-קפואה,פילסברי,,חלה מתוקה קלועה אפוי,יח',1.00,יח',false,,12.40,12.4000,true,1,2799093
7290006822192,false,נקטר דיאט חמוציות אושן ספריי פריגת 1 ליטר,מבשלות בירה בינלאומיות ב,IL,נקטר דיאט חמוציות או,ליטרים,1.00,ליטר,false,,11.00,11.0000,true,1,1323631
7290006855183,false,ברבריא חטיף תמרים שומשום אגוז מלך 30*4,טבעית מוצרים מן הטבע בעמ,IL,חטיף בר תמרים אגוזי,גרמים,120.00,100 גרם,false,,14.90,0.1242,true,1,1329558
7290006855206,false,חטיף בר שזיפים קוקוס ואוכמניות מארז 120 גרם,טבעית מוצרים מן הטבע,IL,חטיף בר שזיפים קוקוס,גרמים,120.00,100 גרם,false,,14.90,0.1242,true,1,1329559
7290006855244,false,ברבריא חטיף אגוזים שקדים וצימוקים 30*4,טבעית מוצרים מן הטבע בעמ,IL,חטיף בר אגוזים שקדים,גרמים,120.00,100 גרם,false,,14.90,0.1242,true,1,1329560
7290006855251,false,ברבריא חטיף קשיו חמוציות וסילאן 120 גרם,טבעית מוצרים מן הטבע בעמ,IL,חטיף בר קשיו אגוזי מ,גרמים,120.00,100 גרם,false,,14.90,0.1242,true,1,1329561
7290006866363,false,מיץ סחוט אשכוליות אדומות פרימור 1 ליטר,"גניר (1992) בע""מ",IL,מיץ סחוט אשכולית אדו,ליטרים,1.00,ליטר,false,,15.90,15.9000,true,1,1341814
7290006866967,false,פרימור נקטר חמוציות 1ליטר,סטאר סנקס,IL,נקטר חמוציות 1ליטר בבקבוק,ליטרים,1.00,ליטר,false,,8.80,8.8000,true,1,1322532
7290006920447,false,"גבינת פיצרלה מגורדת בד""צ 500 גר'",צי תעשיות מזון יבנה,IL,כפיר פיצרלה פתיתים ב,גרמים,500.00,100 גרם,false,,18.90,0.0378,true,1,1324778
7290006920638,false,גבינת שמנת זיתים 500 גרם,,IL,גבינת שמנת זיתים 500,גרמים,500.00,100 גרם,false,,15.90,0.0318,true,1,1324781
7290006920737,false,גבינת שמנת טבעי 500 גרם,,IL,גבינת שמנת 500 גרם,גרמים,500.00,100 גרם,false,,15.90,0.0318,true,1,1324784
7290006920744,false,גבינת שמנת שום שמיר כפיר 500 גרם,,IL,גבינת שמנת שום שמיר,גרמים,500.00,100 גרם,false,,15.90,0.0318,true,1,1324785
7290006983152,false,קרוטונים מתובלים למרק אסם 400 גרם,עינת תעשיות מזון אגו,IL,קרוטונים מתובלים למר,גרמים,400.00,100 גרם,false,,17.90,0.0447,true,1,1329565
7290006983176,false,אוסם - לחמית שיפון 250 גרם,"אסם השקעות בע""\מ",IL,לחמית שיפון אסם 250,גרמים,250.00,100 גרם,false,,7.90,0.0316,true,1,1329566
7290006983527,false,עוגת הבית תפוחי עץ עם פירורים 400 ג' אסם,מיוצר עי קונדיטוריית,IL,עוגת הבית תפוחי עץ ו,גרמים,400.00,100 גרם,false,,14.90,0.0373,true,1,1329570
7290006983763,false,עוגת הבית שוקולד 400 גרם אסם.,מיוצר עי קונדיטוריית,IL,עוגת הבית שוקולד אסם,גרמים,400.00,100 גרם,false,,10.90,0.0273,true,1,1329571
7290006983770,false,עוגת הבית שיש אסם 400 גרם,מיוצר עי קונדיטוריית,IL,עוגת הבית שיש אסם 40,גרמים,400.00,100 גרם,false,,10.90,0.0273,true,1,1329572
7290006983787,false,עוגת הבית שוקולד צ'יפס אסם 400 גרם,מיוצר עי קונדיטוריית,IL,עוגת הבית שוקולד צ'י,גרמים,400.00,100 גרם,false,,10.90,0.0273,true,1,1329573
7290006983794,false,עוגת הבית בטעם תפוז אסם 400 גרם,מיוצר עי קונדיטוריית,IL,עוגת הבית בטעם תפוז,גרמים,400.00,100 גרם,false,,10.90,0.0273,true,1,1329574
7290006992161,false,מטרנה - דייסת קורנפלור פרוביוטי 200 גרם,מולינו ניקולי s.p.a,IL,מטרנה דייסת קורנפלור,גרמים,200.00,100 גרם,false,,12.90,0.0645,true,1,1329576
7290006992185,false,"מטרנה - דייסת אורז פרוביוטי כשל""פ 200 גרם",מולינו ניקולי s.p.a,IL,מטרנה דייסת אורז 200,גרמים,200.00,100 גרם,false,,12.90,0.0645,true,1,1329578
7290006992192,false,דייסה מטרנה סולת פרוביוטיקה,מטרנה תעשיות ש.מ,IL,מטרנה דייסת סולת 200,גרמים,200.00,100 גרם,false,,12.90,0.0645,true,1,1329579
7290006992208,false,מטרנה דייסת 8 דגנים מעורבים 200 גרם,מטרנה תעשיות ש.מ,IL,מטרנה דייסת 8 דגנים,גרמים,200.00,100 גרם,false,,12.90,0.0645,true,1,1329580
7290006992390,false,"מטרנה - דייסת וניל פרוביוטי כשל""פ 200 גרם",מולינו ניקולי s.p.a,IL,מטרנה דייסת וניל 200,גרמים,200.00,100 גרם,false,,12.90,0.0645,true,1,1329582
7290008000239,false,"שטיפה אינטימית מועשר בלחות פמינה 220 מ""ל",פמינה,IL,שטיפה אינטימית מועשר,מיליליטרים,220.00,"100 מ""ל",false,,22.90,0.1041,true,1,1344046
7290008000666,false,שעווה להסרת שיער בני,שואו,IL,שעווה להסרת שיער בני,גרמים,500.00,100 גרם,false,,12.90,0.0258,true,1,1344049
7290008000680,false,שעווה בניחוח תפוח 500 מ''ל show,כצט,IL,SHOW שעווה בניחוח תפוח,מיליליטרים,500.00,"100 מ""ל",false,,12.90,0.0258,true,1,1344051
7290008000796,false,"סופרמן משחת שיניים לילדים בטעם פירות כצט 50 מ""ל",כצט נוביס,IL,משחת שיניים סופרמן,מטרים,50.00,100 מ'ל,false,,9.90,0.1980,true,1,1344052
7290008000826,false,"משחת שיניים לילדים בטעם פירות לגילאים 2-6 כצט 50 מ""ל",כצט נוביס,IL,"משחת שיניים ברבי 50 מ""ל",יח',1.00,יח',false,,9.90,9.9000,true,1,1344055
7290008023542,false,סיף פנטסטיק שמפו רצפות כתום 4ל',יוניליוור ישראל טיפוח אי,IL,נוזל לניקוי רצפות בנ,ליטרים,4.00,ליטר,false,,16.90,4.2250,true,1,1331296
7290008101653,false,פלפל שחור טחון 250ג,,,פלפל שחור טחון 250ג,גרמים,250.00,100 גרם,false,,19.90,0.0796,true,1,3871456
7290008101677,false,אגוז מוסקט 40ג רמילו,,,אגוז מוסקט 40ג רמילו,גרמים,40.00,100 גרם,false,,11.90,0.2975,true,1,3871458
7290008101691,false,צ'ילי גרוס 80ג רמילוי,,,צ'ילי גרוס 80ג רמילו,גרמים,80.00,100 גרם,false,,7.90,0.0988,true,1,3871460
7290008101714,false,פפריקה מרוקאית חריפה 100ג רמילוי,,,פפריקה מרוקאית חריפה,גרמים,100.00,100 גרם,false,,7.90,0.0790,true,1,3871462
7290008101721,false,תבלין על האש 100ג רמילוי,,,תבלין על האש 100ג רמ,גרמים,100.00,100 גרם,false,,7.90,0.0790,true,1,3871463
7290008101738,false,תערובת חווג' למרק 100ג רמילוי,,,תערובת חווג' למרק 10,גרמים,100.00,100 גרם,false,,7.90,0.0790,true,1,3871464
7290008101783,false,זעתר ושומשום שקית 80ג רמילוי,,,זעתר ושומשום שקית 80,גרמים,80.00,100 גרם,false,,4.90,0.0613,true,1,3860911
7290008101790,false,אורגנו שקית רמילוי,,,אורגנו שקית רמילוי,יח',1.00,יח',false,,4.90,4.9000,true,1,3862446
7290008101806,false,שום גבישי בשקית רמילוי,,,שום גבישי בשקית רמיל,יח',1.00,יח',false,,4.90,4.9000,true,1,3871469
7290008101813,false,פפריקה חריפה שקית 80גר רמילוי,,,פפריקה חריפה שקית 80,גרמים,80.00,100 גרם,false,,4.90,0.0613,true,1,3871470
7290008102094,false,סירופ שוקולד 700מל רמי לוי,,,סירופ שוקולד 700מל ר,מטרים,700.00,100 מ'ל,false,,8.90,0.0127,true,1,3889998
7290008102896,false,אבקת אפייה עשירייה רמילוי,,,אבקת אפייה עשירייה ר,יח',1.00,יח',false,,1.60,1.6000,true,1,3883099
7290008102902,false,סוכר וניל עשירייה רמילוי,,,סוכר וניל עשירייה רמ,יח',1.00,יח',false,,1.60,1.6000,true,1,3884017
7290008102919,false,אבקת סוכר 100 גר רמילוי,,,אבקת סוכר 100 גר רמי,יח',1.00,יח',false,,1.80,1.8000,true,1,3884018
7290008104050,false,"שטיפת אינטימית לקטופיל פמינה 220 מ""ל",כצט נוביס סעמ,IL,שטיפת אינטימית לקטופ,מיליליטרים,220.00,"100 מ""ל",false,,19.90,0.0905,true,1,1344061
7290008154222,false,שניצלונים עוף טוב 700 גרם,"מוצרי עוף טוב (2001) בע""",IL,שניצלונים בציפוי מעו,גרמים,700.00,100 גרם,false,,13.90,0.0199,true,1,1329586
7290008175173,false,חמאה מפינלנד ללא מלח 200 גרם ויליפוד,ואליו אל.טי.די,FI,חמאה מפינלנד 200 ג ל,יח',1.00,יח',false,,11.90,11.9000,true,1,1350352
7290008175210,false,גבינת פרמזן מגורדת 90ג' ויליפוד,זנטי אס.איי.,IT,פרמזנו מגורדת וילי פ,גרמים,90.00,100 גרם,false,,14.90,0.1656,true,1,1350353
7290008175814,false,וילי פוד פטריות שמפיניון חתוך בדץ 400ג,"אוקצ'מפ אס, איי אויי",PL,פטריות חתוכות וילי פ,גרמים,230.00,100 גרם,false,,4.40,0.0191,true,1,1350356
7290008190640,false,"כרמית אפיפיות אגוז ושוקולד 110 גרם כשל""פ",קריות זול,IL,אגו משפחתי לבן כרמית,גרמים,110.00,100 גרם,false,,5.90,0.0536,true,1,1339255
7290008190909,false,עוגיות מיני קוקיס שוקולד צ'יפס בצנצנת כרמית 600 גרם,כרמית תעשיות ממתקים,IL,עוגיות מיני קוקיס שו,גרמים,600.00,100 גרם,false,,13.90,0.0232,true,1,1339260
7290008202022,false,צלעות חלק טרי,,,צלעות חלק טרי,קילוגרמים,1.00,"ק""ג",true,,59.90,59.9000,true,1,3882382
7290008202039,false,חזה בקר חלק טרי,,,חזה בקר חלק טרי,קילוגרמים,1.00,"ק""ג",true,,54.90,54.9000,true,1,3882383
7290008202046,false,כתף חלק טרי,,,כתף חלק טרי,קילוגרמים,1.00,"ק""ג",true,,59.90,59.9000,true,1,3882384
7290008202053,false,צלי כתף חלק טרי,,,צלי כתף חלק טרי,קילוגרמים,1.00,"ק""ג",true,,84.90,84.9000,true,1,3882385
7290008202060,false,פילה מדומה חלק טרי,,,פילה מדומה חלק טרי,קילוגרמים,1.00,"ק""ג",true,,69.90,69.9000,true,1,3882386
7290008202077,false,שריר חלק טרי,,,שריר חלק טרי,קילוגרמים,1.00,"ק""ג",true,,64.90,64.9000,true,1,3882387
7290008202084,false,אסאדו ללא עצם טרי,,,קשתית חלק טרי,קילוגרמים,1.00,"ק""ג",true,,59.90,59.9000,true,1,3882388
7290008202121,false,סינטה חלק טרי,,,סינטה חלק טרי,קילוגרמים,1.00,"ק""ג",true,,119.90,119.9000,true,1,3882391
7290008202138,false,פילה עגל חלק טרי,,,פילה עגל חלק טרי,קילוגרמים,1.00,"ק""ג",true,,199.90,199.9000,true,1,3882392
7290008202183,false,לב הצלע חלק טרי,,,לב הצלע חלק טרי,קילוגרמים,1.00,"ק""ג",true,,69.90,69.9000,true,1,3882394
7290008202213,false,פילה אמנון קפוא עם ע,,,פילה אמנון קפוא עם ע,קילוגרמים,1.00,"ק""ג",true,,24.90,24.9000,true,1,3885414
7290008202367,false,נתחי פילה סלמון קפוא,,,נתחי פילה סלמון קפוא,קילוגרמים,1.00,"ק""ג",true,,59.90,59.9000,true,1,3896277
7290008202602,false,רצועות להקפצה פרימיו,,,רצועות להקפצה פרימיו,קילוגרמים,1.00,"ק""ג",true,,84.90,84.9000,true,1,3896283
7290008202695,false,עצמות בקר,,,עצמות בקר,קילוגרמים,1.00,"ק""ג",true,,21.90,21.9000,true,1,3884434
7290008202923,false,פילה סלמון קפוא עם ע,,,פילה סלמון קפוא עם ע,קילוגרמים,1.00,"ק""ג",true,,59.80,59.8000,true,1,3896278
7290008202930,false,מנות פילה סלמון טרי,,,מנות פילה סלמון טרי,קילוגרמים,1.00,"ק""ג",true,,99.90,99.9000,true,1,3887708
7290008259521,false,בוטני חטיף בוטנים 80ג רמילוי,,,בוטני חטיף בוטנים 80,יח',1.00,יח',false,,2.90,2.9000,true,1,3880472
7290008259538,false,בוטני חטיף בוטנים 25*10 רמי לוי,,,בוטני חטיף בוטנים 25,גרמים,250.00,100 גרם,false,,8.90,0.0356,true,1,3880473
7290008263597,false,קוואקר אורגני הרדוף 500 גרם,אול אורגני,IL,קוואקר 500 גר',גרמים,500.00,100 גרם,false,,10.90,0.0218,true,1,1323973
7290008263634,false,ברנפלקס אורגני הרדוף 375 גר,לאמרי,IL,"ברנפלקס ללת""ס אורגני",גרמים,375.00,100 גרם,false,,18.50,0.0493,true,1,1323975
7290008322676,false,אצבעות עם עצם בקר קפ,,,אצבעות עם עצם בקר קפ,קילוגרמים,1.00,"ק""ג",true,,59.90,59.9000,true,1,3896032
7290008330107,false,מרכך כביסה בדין סגול 4 ליטר,יוניליור ישראל טיפוח איש,IL,בדין מרכך כביסה סגול,ליטרים,4.00,ליטר,false,,19.90,4.9750,true,1,1331297
7290008330381,false,בדין דפים למייבש כביסה ורוד 40 יחידות,קריות זול,US,בדין דפים למייבש כבי,יח',40.00,יח',false,,14.90,0.3725,true,1,1331298
7290008333115,false,אבקת ג'לטין טהור נטו 28 גרם,מאיר עזרא ובניו,IL,אבקת גלטין טהור נטו,יח',1.00,יח',false,,9.50,9.5000,true,1,1333877
7290008335539,false,פלמיני במלית בשר קפוא 60,"שלושת האופים בע""\מ",IL,פלמיני בשר 600גר,גרמים,600.00,100 גרם,false,,11.90,0.0198,true,1,3903063
7290008335546,false,"ורניקי תפו""א שלושת האופים 600 גר'","שלושת האופים בע""\מ",IL,"ורניקי תפו""א 600 גר",גרמים,600.00,100 גרם,false,,11.90,0.0198,true,1,3903064
7290008344258,false,המבורגר מזרחי טיבון ויל 400 גרם,"טיבון ויל אחזקות בע""\מ",IL,המבורגר מזרחי טיבון,גרמים,400.00,100 גרם,false,,20.90,0.0522,true,1,1333907
7290008344272,false,המבורגר 100% טיבון ויל 400 גרם,טיבון ויל אחזקות בעמ,IL,המבורגר 100% טיבון ו,גרמים,400.00,100 גרם,false,,17.90,0.0447,true,1,1333908
7290008345118,false,דלידג מקרל בשמן 240 גרם,מיוצר על ידי קוד יצר,IL,240 מקרל בשמן,גרמים,240.00,100 גרם,false,,21.90,0.0912,true,1,1333909
7290008345132,false,הרינג כבוש דלידג 240 ג',כלורוקס אוקלנד,IL,240 הרינג כבוש,גרמים,240.00,100 גרם,false,,20.90,0.0871,true,1,1333911
7290008345576,false,סלט איקרה ביתית לבנה 300 גרם דלידג,כלורוקס אוקלנד,IL,סלט איקרה ביתית לבנה,גרמים,300.00,100 גרם,false,,14.90,0.0497,true,1,1333916
7290008345583,false,איקרה ביתית ורוד 300 גרם דלידג,כלורוקס אוקלנד,IL,סלט איקרה ביתית ורוד,גרמים,300.00,100 גרם,false,,14.90,0.0497,true,1,1333917
7290008409049,false,שניצלונים בציפוי שומשום מיני מיני דק מאמא עוף 500 גרם,תנובה גליל שותפות מוגבלת,IL,מיני שניצלונים בציפו,גרמים,500.00,100 גרם,false,,24.90,0.0498,true,1,1325057
7290008409100,false,אצבעות שניצל בציפוי שומשום מאמא עוף 700 גרם,תנובה גליל שותפות מוגבלת,IL,אצבעות שניצל בציפוי,גרמים,700.00,100 גרם,false,,29.90,0.0427,true,1,1325060
7290008409124,false,מאמא עוף קפוא שניצל ג'ונגל פריך 700 גרם,תנובה גליל שותפות מוגבלת,IL,שניצל גונג'ל מאמא עו,גרמים,700.00,100 גרם,false,,29.90,0.0427,true,1,1325062
7290008409216,false,מאמא עוף קפוא שניצל דק פריך 700 גרם,תנובה גליל,IL,שניצל דק דק פריך מאמ,גרמים,700.00,100 גרם,false,,39.90,0.0570,true,1,1325063
7290008409223,false,שניצל דק דק מתובל מאמא עוף 700 גרם,תנובה גליל שותפות מוגבלת,IL,שניצל דק דק מתובל מא,גרמים,700.00,100 גרם,false,,39.90,0.0570,true,1,1325064
7290008409407,false,שניצל דק צ'יפס מאמא עוף 700 גרם,תנובה גליל שותפות מוגבלת,IL,מאמא עוף שניצל דק צי,גרמים,700.00,100 גרם,false,,39.90,0.0570,true,1,1325071
7290008409544,false,שניצל עוף אמיתי בציפוי פריך מאמא עוף 700 ג',תנובה גליל שותפות מוגבלת,IL,שניצל עוף אמיתי מאמא,גרמים,700.00,100 גרם,false,,39.90,0.0570,true,1,1325077
7290008409551,false,שניצל עוף אמיתי בציפוי מעודן 700 ג' מאמא עוף,תנובה גליל שותפות מוגבלת,IL,שניצל עוף בציפוי מעו,גרמים,700.00,100 גרם,false,,29.90,0.0427,true,1,1325078
7290008409568,false,שניצל עוף אמיתי בציפוי שבבי ציפס 700 גר,תנובה גליל שותפות מוגבלת,IL,שניצל צ'יפס אמיתי מא,גרמים,700.00,100 גרם,false,,38.90,0.0556,true,1,1325079
7290008409582,false,שניצל עוף אמיתי בציפוי ביתי מאמא עוף 700 גרם,תנובה גליל שותפות מוגבלת,IL,שניצל עוף אמיתי בציפ,גרמים,700.00,100 גרם,false,,29.90,0.0427,true,1,1325081
7290008409605,false,כוכבי עוף בציפוי מעודן מאמא עוף 700 גרם,תנובה גליל שותפות מוגבלת,IL,כוכבי עוף בציפוי מעו,גרמים,700.00,100 גרם,false,,29.90,0.0427,true,1,1325082
7290008409773,false,קציצות עוף אמיתיות מאמא עוף 700 גרם,תנובה גליל שותפות מוגבלת,IL,קציצות עוף אמיתיות מ,גרמים,700.00,100 גרם,false,,27.50,0.0393,true,1,1325087
7290008415514,false,צבר חומוס עם חריף עגול 150 גרם,סלטי צבר,IL,סלט חומוס חריף צבר 1,גרמים,150.00,100 גרם,false,,4.90,0.0327,true,1,1329592
7290008427500,false,משחת כלים בריח לימון 3.5 קג,,,משחת כלים בריח לימון,יח',1.00,יח',false,,22.90,22.9000,true,1,3889920
7290008443616,false,"מרכך לשיער יבש אדום נקה 7 750 מ""ל","אמיליה קוסמטיקס בע""מ",IL,מרכך לשיער יבש נקה 7,מיליליטרים,750.00,"100 מ""ל",false,,9.90,0.0132,true,1,1332307
7290008443630,false,"שמפו לשיער מתולתל סגול נקה 7 750 מ""ל",אמיליה קוסמטיקס בע'\'\מ,IL,שמפו לשיער מתולתל נק,מיליליטרים,750.00,"100 מ""ל",false,,9.90,0.0132,true,1,1332309
7290008443647,false,"מרכך לשיער מתולתל סגול, 750 מ""ל נקה 7","אמיליה קוסמטיקס בע""מ",IL,מרכך לשיער מתולתל נק,מיליליטרים,750.00,"100 מ""ל",false,,9.90,0.0132,true,1,1332310
7290008461221,false,סרדינים רוברט בשמן חמניות 115 גרם,"רמירז, מטוסינוס",PT,סרדינים בשמן חמניות,גרמים,84.00,100 גרם,false,,5.90,0.0702,true,1,1333922
7290008461283,false,גבינת טריפל צ'דר חצי קשה הגבינות של נני 200 גרם,דאוליי צ'סמייקרס,GB,צ'דר טריפל 200 גר,גרמים,200.00,100 גרם,false,,19.90,0.0995,true,1,3868232
7290008462204,false,חרדל דיז'ון מקורי נטו מאי 380 גרם,יוניליבר צרפת,FR,חרדל דיז'ון מקורי נט,גרמים,380.00,100 גרם,false,,11.90,0.0313,true,1,1333925
7290008462259,false,חרדל דיז'ון גרגירים מיילי 380 גרם,יוניליוור צרפת,FR,דיז'ון גרגירים 380 ג,גרמים,380.00,100 גרם,false,,12.90,0.0339,true,1,1333926
7290008464024,false,"בירה גולדסטאר Unfiltered, בירה לא מסוננת, פחית 500 מ""ל","טמפו משקאות בע""מ",IL,גולדסטאר לא מסונן פחית 50,מיליליטרים,500.00,"100 מ""ל",false,,7.90,0.0158,true,1,1326613
7290008464109,false,"בירה גולדסטאר Unfiltered, בירה לא מסוננת, בקבוק 330 מ""ל","טמפו משקאות בע""מ",IL,"גולדסטאר 330 מ""ל",מיליליטרים,330.00,"100 מ""ל",false,,7.90,0.0239,true,1,1326456
7290008464130,false,"בירה גולדסטאר Unfiltered, בירה לא מסוננת, מארז שישייה, בקבוק 330 מ""ל",טמפו,IL,"גולדסטאר לא מסונן ח""פ 330",ליטרים,1.98,ליטר,false,,29.90,15.1010,true,1,1326614
7290008464208,false,"בירה מכבי 7.9%, בירה חזקה, בקבוק 330 מ''ל",טמפו משקאות בע''מ,IL,בירה מכבי 7.9 330 מל,מיליליטרים,330.00,"100 מ""ל",false,,7.00,0.0212,true,1,3361482
7290008464222,false,"בירה מכבי 7.9%, בירה חזקה, פחית 500 מ""ל","טמפו משקאות בע""\מ",IL,מכבי 7.9 פחית 500מל,מיליליטרים,500.00,"100 מ""ל",false,,7.50,0.0150,true,1,1326615
7290008464345,false,"בירה גולדסטאר, בקבוק 330 מ''ל",טמפו משקאות בע''מ,IL,"גולדסטאר בק 330 מ""ל",מיליליטרים,330.00,"100 מ""ל",false,,5.90,0.0179,true,1,1326458
7290008464468,false,"בירה גולדסטאר, פחית 500 מ""ל","טמפו משקות בע""\מ",IL,גולדסטאר 500 פחית 24 יח',מיליליטרים,500.00,"100 מ""ל",false,,7.90,0.0158,true,1,1326617
7290008464475,false,"בירה מכבי, פחית 500 מ""ל","טמפו משקאות בע""\מ",IL,מכבי 500 פחית 24 יח',מיליליטרים,500.00,"100 מ""ל",false,,6.90,0.0138,true,1,1326618
7290008464505,false,"בקבוק מים בודד סאן בנדיטו 500 מ""ל",אקווה מינרלה סאן בנדטו ב,IT,"מים סאן בנדטו 500 מ""",מיליליטרים,500.00,"100 מ""ל",false,,3.20,0.0064,true,1,1326461
7290008464604,false,"בירה הייניקן פחית 500 מ""ל",טמפו משקאות בע''מ,NL,היינקן הולנד 500 פחית 24,מיליליטרים,500.00,"100 מ""ל",false,,11.80,0.0236,true,1,1326622
7290008464673,false,"בירה גולדסטאר SLOWBREW פחית 10%, 500 מ""ל","טמפו משקאות בע""\מ",IL,בירה גולדסטאר פחית 5,מיליליטרים,500.00,"100 מ""ל",false,,7.90,0.0158,true,1,3867103
7290008464697,false,"בירה מכבי 7.9%, בירה חזקה, מארז שישייה, בקבוק 330 מ""ל",טמפו,IL,"מכבי חזקה 7.9% ח""פ 330 בק",ליטרים,1.98,ליטר,false,,29.90,15.1010,true,1,1326623
7290008464703,false,"שישיית בירה מכבי בקבוק 330 מ""ל",טמפו משקאות בע''מ,IL,"מכבי ח""פ 330 בקבוק שישייה",מיליליטרים,330.00,"100 מ""ל",false,,29.90,0.0906,true,1,1326624
7290008464734,false,"שישיית בירה גולדסטאר לאגר SLOW BREW בקבוק 330 מ""ל",טמפו משקאות בע''מ,IL,גולדסטאר SLOWBREW שי,מיליליטרים,330.00,"100 מ""ל",false,,34.90,0.1058,true,1,2287965
7290008464741,false,"בירה גולדסטאר, מארז שישייה, בקבוק 330 מ''ל","טמפו משקאות בע""\מ",IL,"גולדסטאר ח""פ 330 בקבוק שי",מיליליטרים,330.00,"100 מ""ל",false,,29.90,0.0906,true,1,1326627
7290008464796,false,"בירה היינקן, מארז שישייה, בקבוק 330 מ''ל",טמפו משקאות בע''מ,IL,היינקן cities 330 בקבוק ח,ליטרים,1.98,ליטר,false,,29.90,15.1010,true,1,1326630
7290008470759,false,מסטיק אורביט סטיקס ספירמינט שמינייה,אורביט,FR,מסטיק סטיקס בטעם מנט,גרמים,40.00,100 גרם,false,,13.90,0.3475,true,1,1322818
7290008470766,false,מסטיק אורביט סטיקס פפרמינט שמינייה,ריגלי צרפת,FR,מסטיק סטיקס בטעם מנט,גרמים,40.00,100 גרם,false,,13.90,0.3475,true,1,1322819
7290008472357,false,רבע כבש עם עצם קפוא,,,רבע כבש עם עצם קפוא,קילוגרמים,1.00,"ק""ג",true,,89.90,89.9000,true,1,3896056
7290008493413,false,פירורי לחם מאיר בייגל פירורי גריסיני 200 גרם,מאיר את ביגל,IL,פירורים גריסיני 200גרם,גרמים,200.00,100 גרם,false,,5.90,0.0295,true,1,1336639
7290008496216,false,נתחי סלמון,,,נתחי סלמון,קילוגרמים,1.00,"ק""ג",true,,79.90,79.9000,true,1,3902903
7290008496544,false,פילה דג ברבוניה ארוז 400 גרם,,,פילה דג מנוקד קפוא,יח',1.00,יח',false,,24.90,24.9000,true,1,3907844
7290008500128,false,עוגת שמרים פרימיום ש,ב- פילסברי (ג'נל מיל,IL,עוגת שמרים שוקולד 60,גרמים,500.00,100 גרם,false,,24.90,0.0498,true,1,3891723
7290008500159,false,עוגת שמרים פרימיום ג,ב- פילסברי (ג'נל מיל,IL,עוגת שמרים גבינה 600,גרמים,500.00,100 גרם,false,,21.90,0.0438,true,1,3890378
7290008500531,false,ערכת יום הולדת פילסברי 525 גרם,ג'נרל מילס,DE,ערכת יום הולדת של פי,יח',1.00,יח',false,,19.70,19.7000,true,1,3901820
7290008504027,false,לחמניות המבורגר 4 יח,,,לחמניות המבורגר 4 יח,יח',1.00,יח',false,,12.90,12.9000,true,1,3891728
7290008504041,false,רבע בגט 10 יח,,,רבע בגט 10 יח,יח',1.00,יח',false,,16.00,16.0000,true,1,3891730
7290008504065,false,חצי בגט כפרי 5 יח,,,חצי בגט כפרי 5 יח,יח',1.00,יח',false,,13.90,13.9000,true,1,3891732
7290008504720,false,בשר טחון טרי יבוא אר,,,בשר טחון טרי יבוא אר,קילוגרמים,1.00,"ק""ג",true,,31.00,31.0000,true,1,3898330
7290008504898,false,פילה אמנון קפוא עם ע,,,פילה אמנון קפוא עם ע,קילוגרמים,1.00,"ק""ג",true,,24.90,24.9000,true,1,3896279
7290008504959,false,פילה אמנון קפוא ללא,,,פילה אמנון קפוא ללא,קילוגרמים,1.00,"ק""ג",true,,29.90,29.9000,true,1,3898329
7290008504966,false,פילה אמנון קפוא ללא,,,פילה אמנון קפוא ללא,קילוגרמים,1.00,"ק""ג",true,,29.90,29.9000,true,1,3896280
7290008507158,false,נקניקיות מרגז פרמיום ארוז 700 גר,א.ג.ש מלכה,IL,נקניקיות מרגז פרמיום,גרמים,700.00,100 גרם,false,,34.90,0.0499,true,1,3895106
7290008507172,false,נקניקיות צוריסוס פרימיום ארוז חלק 700 גר,א.ג.ש מלכה,IL,נקניקיות צ'יריוס פרי,גרמים,700.00,100 גרם,false,,34.90,0.0499,true,1,3895108
7290008532907,false,נורת לד 12W אור לבן,,,נורת לד 12W אור לבן,יח',1.00,יח',false,,9.90,9.9000,true,1,3883791
7290008644112,false,סלט מטבוחה יום יום אחלה 125 גרם,"שטראוס גרופ בע""\מ",IL,סלט מטבוחה אחלה 125,גרמים,125.00,100 גרם,false,,4.70,0.0376,true,1,1341816
7290008644235,false,עלי בייבי שטראוס 120 גרם,שטראוס בריאות ירקות טריי,IL,עלי בייבי שטראוס 120,גרמים,120.00,100 גרם,false,,9.90,0.0825,true,1,1341817
7290008644945,false,לקט לסלט המושבה שטראוס 450 גרם,שטראוס בריאות ירקות טריי,IL,לקט לסלט המושבה שטרא,גרמים,450.00,100 גרם,false,,10.90,0.0242,true,1,1341821
7290008645935,false,חומוס לניגוב אחלה 750 ג',"שטראוס גרופ בע""\מ",IL,חומוס אחלה 750 גרם,גרמים,750.00,100 גרם,false,,9.90,0.0132,true,1,1341825
7290008670142,false,"יין רקנאטי יסמין אדום 750 מ""ל",יקב רקאנטי,IL,יין אדום יסמין רקנאט,מיליליטרים,750.00,"100 מ""ל",false,,31.90,0.0425,true,1,1334126
7290008670159,false,"יין רקנאטי יסמין לבן 750 מ""ל","יקבי רקנאטי בע""מ",IL,יין לבן יסמין רקנאטי,מיליליטרים,750.00,"100 מ""ל",false,,31.90,0.0425,true,1,1334127
7290008690713,false,נקטר חמוציות אושן ספריי פריגת 1 ליטר,מבשלות בירה בינלאומיות ב,IL,נקטר חמוציות אושן ספ,ליטרים,1.00,ליטר,false,,11.50,11.5000,true,1,1323644
7290008693134,false,מעדן גבינה ויוגורט בטעם תות 5% שומן 88 ג' דניאלה,"שטראוס בריאות בע""מ",IL,דניאלה בטעם תות 150,מיליליטרים,150.00,"100 מ""ל",false,,3.90,0.0260,true,1,1341826
7290008713016,false,לחם שבעה דגנים קל פרוס אנג'ל 500 גרם,מאפיית שלמה א. אנג'\ל בע,IL,לחם שבעה דגנים קל פר,גרמים,500.00,100 גרם,false,,13.90,0.0278,true,1,1326842
7290008713900,false,לחם שיפון עגול פרוס אנג'ל 750 גרם,מאפיית אנג'\ל אורנים מאפ,IL,לחם שיפון עגול פרוס,גרמים,750.00,100 גרם,false,,12.90,0.0172,true,1,1326849
7290008745239,false,תפוצ'יפס קראנצ' בטעם טבעי עלית 50 גרם,"שטראוס פריטו ליי בע""\מ )",IL,תפוצ'יפס קראנצ' בטעם,גרמים,50.00,100 גרם,false,,3.50,0.0700,true,1,1335278
7290008747431,false,שוקולד פרה במילוי תות50ג,שטראוס גרופ,IL,חטיף שוקולד פרה במיל,גרמים,50.00,100 גרם,false,,3.90,0.0780,true,1,1327740
7290008747547,false,תפוצ'יפס קראנץ' בטעם טבעי עלית 200 גרם,"שטראוס פריטו ליי בע""\מ )",IL,תפוצ'יפס קראנץ' בטעם,גרמים,200.00,100 גרם,false,,9.90,0.0495,true,1,1335280
7290008748384,false,שוקולד ספלנדיד מריר100גר,STRAUSS-ISRAEL,IL,ספלנדיד מריר מעולה 7,גרמים,100.00,100 גרם,false,,9.90,0.0990,true,1,1327741
7290008749343,false,בפלות שחור לבן 400 גרם,STRAUSS-ISRAEL,IL,ופלים שחור לבן 32 יח,גרמים,400.00,100 גרם,false,,13.90,0.0348,true,1,1327743
7290008749954,false,טוב טעם מגדים 20 יחידות,STRAUSS-ISRAEL,IL,חטיף וופל טוב טעם 20,גרמים,600.00,100 גרם,false,,18.90,0.0315,true,1,1327746
7290008750264,false,"מסטיק מאסט ציקלס דובדבן 28 גרם לל""ס מגדים","שטראוס גרופ בע""מ",IL,מסטיק MUST בטעם דובד,גרמים,28.00,100 גרם,false,,4.30,0.1536,true,1,1327747
7290008750400,false,שוקולד לבן+עוגיות100 גרם,שטראוס גרופ,IL,שוקולד פרה לבן עם שב,גרמים,100.00,100 גרם,false,,4.90,0.0490,true,1,1327748
7290008750677,false,שוקולד פרה במילוי תות 100 גרם ממולדה,שטראוס גרופ,IL,שוקולד חלב פרה במילו,גרמים,100.00,100 גרם,false,,4.90,0.0490,true,1,1327749
7290008753111,false,תפוצ'יפס קראנץ' בטעם מקסיקני עלית 50 גרם,"שטראוס פריטו ליי בע""\מ )",IL,תפוצ'יפס קראנץ' בטעם,גרמים,50.00,100 גרם,false,,3.50,0.0700,true,1,1335284
7290008753876,false,בפלות עוגת גבינה+פירו350,STRAUSS-ISRAEL,IL,ופלים עוגת גבינה 32,גרמים,350.00,100 גרם,false,,13.90,0.0397,true,1,1327751
7290008753883,false,בפלות טרפלס+פירורים350גר,STRAUSS-ISRAEL,IL,ופלים טראפלס שוקולד,גרמים,350.00,100 גרם,false,,13.90,0.0397,true,1,1327752
7290008753982,false,שוקולד חלב אוורירי 85גרם,"שטראוס גרופ בע""מ",IL,שוקולד חלב פרה אוורי,גרמים,100.00,100 גרם,false,,4.90,0.0490,true,1,1327753
7290008754033,false,ממרח בטעם שוקולד פרה,STRAUSS-ISRAEL,,ממרח בטעם שוקולד פרה,גרמים,850.00,100 גרם,false,,14.90,0.0175,true,1,1327754
7290008754040,false,ממרח שוקולד פרה עלית 850 גרם מגדים,שטראוס גרופ,IL,ממרח בטעם שוקולד פרה,גרמים,850.00,100 גרם,false,,13.90,0.0164,true,1,1327755
7290008754415,false,גומי מאסט בטעם ספירמינט עדין פליפטופ 28 ג' עלית,"שטראוס גרופ בע""מ",IL,יח',גרמים,28.00,100 גרם,false,,4.00,0.1429,true,1,1327756
7290008754422,false,גומי מאסט בטעם פפרמינט קלאסי פליפטופ 28 ג' עלית,"שטראוס גרופ בע""מ",IL,יח',גרמים,28.00,100 גרם,false,,4.00,0.1429,true,1,1327757
7290008754613,false,רולדת שוקולד מצופה 350גר,STRAUSS-ISRAEL,IL,רולדת שוקולד 350 גרם,גרמים,350.00,100 גרם,false,,13.90,0.0397,true,1,1327760
7290008754682,false,רולדת קוקוס מצופה 350גרם,STRAUSS-ISRAEL,IL,רולדת קוקוס 300 גרם,גרמים,350.00,100 גרם,false,,11.90,0.0340,true,1,1327761
7290008757980,false,קרטונית ספרינג נקטר רימונים 1 ליטר,יפאורה שותפות מובגלת לשיווק,IL,נקטר רימונים ספרינג,ליטרים,1.00,ליטר,false,,6.50,6.5000,true,1,1330603
7290008775816,false,ערגליות עוגיות במילוי שוקולד אסם 300 גרם,מיוצר עי קונדיטוריית,IL,ערגליות עוגיות במילו,גרמים,300.00,100 גרם,false,,7.90,0.0263,true,1,1329597
7290008775823,false,ערגליות עוגיות תות שדה אסם 300 גרם,מיוצר עי קונדיטוריית,IL,ערגליות במילוי תות א,גרמים,300.00,100 גרם,false,,7.90,0.0263,true,1,1329598
7290008801010,false,"יין קברנה סוביניון מרלו פרייוט קולקשן 750 מ""ל",אגודת הכורמים הקאופו,IL,ין קברנה /מרלו פרייב,מיליליטרים,750.00,"100 מ""ל",false,,32.90,0.0439,true,1,1339441
7290008801089,false,"יין P.C קברנה סוביניון אדום יבש כרמל 375 מ""ל",יקבי כרמל,IL,קברנה סובניון P.C,גרמים,375.00,100 גרם,false,,16.90,0.0451,true,1,3869110
7290008801157,false,"יין מרלו סלקטד כרמל כרמל 750 מ""ל",כרמל מזרחי,IL,יין מרלו סלקטד יקבי,מיליליטרים,750.00,"100 מ""ל",false,,24.90,0.0332,true,1,1339443
7290008801430,false,"מיץ ענבים תירוש אדום המקורי כרמל 750 מ""ל","כד בני דרום בע""מ",IL,מיץ ענבים תירוש כרמל,מיליליטרים,750.00,"100 מ""ל",false,,13.90,0.0185,true,1,3879700
7290008801478,false,"יין טופז זהב כרמל 750 מ""ל",כרמל מזרחי,IL,יין טופז זהב יקבי כר,מיליליטרים,750.00,"100 מ""ל",false,,14.90,0.0199,true,1,1339446
7290008801522,false,יין קינג דויד קונקורד אדום מתוק 750 מל,אגודת הכורמים הקואופרטיב,IL,יין קונקורד קינג דיו,מיליליטרים,750.00,"100 מ""ל",false,,17.90,0.0239,true,1,1339447
7290008801539,false,יין כרמל 120 קינג דיוויד יקבי כרמל,אגודת הכורמים הקואופרטיב,IL,יין כרמל 120 קינג די,מיליליטרים,750.00,"100 מ""ל",false,,17.90,0.0239,true,1,1339448
7290008801546,false,יין מוסקט מתוק קינג דיוויד יקבי כרמל,אגודת הכורמים הקואופרטיב,IL,יין מוסקט מתוק קינג,מיליליטרים,750.00,"100 מ""ל",false,,17.90,0.0239,true,1,1339449
7290008801843,false,"יין קברנה סוביניון סלקטד כרמל 750 מ""ל","כד בני דרום בע""מ",IL,יין קברנה סוביניון ס,מיליליטרים,750.00,"100 מ""ל",false,,24.90,0.0332,true,1,1339450
7290008801850,false,סלקטד אמרלד ריזלינג לבן חצי יבש 750 מל,אגודת הכורמים הקואופרטיב,IL,יין אמרלד ריזלינג סל,מיליליטרים,750.00,"100 מ""ל",false,,24.90,0.0332,true,1,1339451
7290008802291,false,יין מרלו פרייבט קולקשן יקבי כרמל,אגודת הכורמים הקואופרטיב,IL,יין מרלו פרייבט קולק,מיליליטרים,750.00,"100 מ""ל",false,,32.90,0.0439,true,1,1339452
7290008802512,false,"יין וינו אדום ""כרמל מזרחי""","כד בני דרום בע""מ",IL,יין וינו אדום יקבי כ,מיליליטרים,750.00,"100 מ""ל",false,,17.90,0.0239,true,1,1339453
7290008802529,false,"יין לבן חצי יבש וינו 750 מ""ל",כרמל מזרחי,IL,יין וינו לבן יקבי כר,מיליליטרים,750.00,"100 מ""ל",false,,17.90,0.0239,true,1,1339454
7290008802895,false,יין קברנה סוביניון פרייבט קולקשן יקבי כרמל,אגודת הכורמים הקאופורטיב,IL,יין קברנה סוביניון פ,מיליליטרים,750.00,"100 מ""ל",false,,32.90,0.0439,true,1,1339455
7290008803021,false,"כרמל אדום עתיק 750 מ""ל",כרמל מזרחי,IL,יין כרמל אדום עתיק,מיליליטרים,750.00,"100 מ""ל",false,,19.90,0.0265,true,1,1339457
7290008804189,false,יין קברנה סוביניון גליל עליון סדרה אזורית יקבי כרמל,אגודת הכורמים הקואופרטיב,IL,יין קברנה סוביניון ג,מיליליטרים,750.00,"100 מ""ל",false,,49.90,0.0665,true,1,1339459
7290008804332,false,שיראז אדום יבש פריווט קולקשיין 750מל,אגודת הכורמים הקואופרטיב,IL,יין שיראז פרייבט קול,מיליליטרים,750.00,"100 מ""ל",false,,32.90,0.0439,true,1,1339461
7290008804462,false,יין מוסקט קינוח פרייבט קולקשן יקבי כרמל,אגודת הכורמים הקואופרטיב,IL,יין מוסקט קינוח פריי,מיליליטרים,500.00,"100 מ""ל",false,,34.90,0.0698,true,1,1339465
7290008805049,false,סלקטד זינפנדל כרמל מזרחי 750 מל,"כד בני דרום בע""מ",IL,יין רוזה סלקטד יקבי,מיליליטרים,750.00,"100 מ""ל",false,,24.90,0.0332,true,1,1339470
7290008805384,false,סלקטד מוסקטו לבן מבעבע 750 מל 2016,אגודת הכורמים הקואופרטיב,IL,יין מוסקטו סלקטד יקב,מיליליטרים,750.00,"100 מ""ל",false,,24.90,0.0332,true,1,1339471
7290008805520,false,"יין קברנה/סוביניון סלקטד כרמל 750 מ""ל","כד בני דרום בע""מ",IL,יין קברנה /מרלו סלקט,מיליליטרים,750.00,"100 מ""ל",false,,24.90,0.0332,true,1,1339472
7290008805964,false,יין קברנה שיראז גליל עליון סדרה אזורית יקבי כרמל,אגודת הכורמים הקואופרטיב,IL,יין קברנה שיראז גליל,מיליליטרים,750.00,"100 מ""ל",false,,49.90,0.0665,true,1,1339473
7290008806961,false,גלידה שוקולד שבבי שוקולד פרה 1.33 ל' קרמיסימו,"גלידת שטראוס בע""\מ, רחוב",IL,קרמיסימו שוקולד שבבי,ליטרים,1.33,ליטר,false,,17.90,13.4586,true,1,1339878
7290008806985,false,נישנושים גלידה שוקו וניל בציפוי שוקולד 60 יח' קרמיסימו,"גלידת שטראוס בע""\מ, רחוב",IL,נשנושים שטראוס קרמיס,גרמים,630.00,100 גרם,false,,39.80,0.0632,true,1,1339879
7290008815468,false,"שקית ואקום דגש 55*85 ס""מ",דגש,,שקית ואקום דגש 55*85,יח',1.00,יח',false,,14.90,14.9000,true,1,1347070
7290008836265,false,"נינוה יין לבן מוסקט אלכסנדרוני יקבי אפרת 750 מ""ל",יקב טפרברג 1870 בעמ,IL,נינוה יין לבן מוסקט,מיליליטרים,750.00,"100 מ""ל",false,,20.90,0.0279,true,1,1335204
7290008836272,false,"יין אדום נינוה מוסקט המבורג יקבי אפרת 750 מ""ל",יקב טפרברג 1870 בעמ,IL,יין אדום נינוה מוסקט,מיליליטרים,750.00,"100 מ""ל",false,,20.90,0.0279,true,1,1335205
7290008836401,false,יין אדום מתוק ישן נושן אפרת 1 ליטר,יקב טפרברג 1870 בעמ,IL,יין אדום מתוק ישן נו,ליטרים,1.00,ליטר,false,,15.90,15.9000,true,1,1335208
7290008836425,false,יין קל אפרת 1 ליטר,יקב טפרברג 1870 בעמ,IL,יין קל אפרת 1 ליטר,ליטרים,1.00,ליטר,false,,15.90,15.9000,true,1,1335210
7290008836494,false,מיץ ענבים תירוש אדום אפרת 1 ליטר,יקב טפרברג 1870 בעמ,IL,מיץ ענבים רכיבים טבע,ליטרים,1.00,ליטר,false,,12.90,12.9000,true,1,1335212
7290008837866,false,שירת הלל 100% מיץ ענבים טבעי 1 ליטר,יקבי ארזה,IL,מיץ הלל 1לי 100%,יח',1.00,יח',false,,16.90,16.9000,true,1,1345264
7290008846219,false,"שמן זית כתית מעולה חלוצה 750 מ""ל",האי נאם סי או אל.טי.,IL,שמן זית כתית מעולה ח,מיליליטרים,750.00,"100 מ""ל",false,,39.90,0.0532,true,1,1333927
7290008849470,false,פלפל צ'ומה חריף אוליביה 185 גרם,אוליביה גורמה בעמ,IL,פלפל צומה 185 גר',גרמים,185.00,100 גרם,false,,12.90,0.0697,true,1,1323995
7290008849586,false,רוטב לעוף ריבת בצל אוליביה 310 גרם,קריות זול,IL,רוטב לעוף ריבת בצל,גרמים,310.00,100 גרם,false,,12.80,0.0413,true,1,1323998
7290008849739,false,רוטב סויה אמיתי אוליביה 310 גרם,קריות זול,IL,רוטב סויה אמיתי,מיליליטרים,290.00,"100 מ""ל",false,,15.90,0.0548,true,1,1324000
7290008849753,false,רוטב טריאקי אוליביה 300 גרם,מיוצר עי קונדיטוריית,IL,רוטב טריאקי,מיליליטרים,290.00,"100 מ""ל",false,,12.80,0.0441,true,1,1324002
7290008849777,false,רוטב צ'ילי מתוק אוליביה 345 גרם,קריות זול,IL,רוטב צ'ילי מתוק,גרמים,350.00,100 גרם,false,,12.80,0.0366,true,1,1324003
7290008866002,false,קממברט אגוזים בייבי משקל,גבינות משק יעקבס,IL,קממבר בייבי אגוזים,קילוגרמים,1.00,"ק""ג",true,,120.00,120.0000,true,1,3894286
7290008866019,false,ברי עיזים בייבי28% משקל,גבינות יעקבס,IL,*מבצע* ברי עיזים ביי,קילוגרמים,1.00,"ק""ג",true,,129.00,129.0000,true,1,3898087
7290008899345,false,לחמניית שמינייה קלוע,פילסברי,,לחמניה שמינייה קלועה,יח',1.00,יח',false,,3.90,3.9000,true,1,2799094
7290008899505,false,בגט לבן פילסברי 250,פילסברי,,באגט,גרמים,250.00,100 גרם,false,,4.40,0.0176,true,1,1323388
7290008899512,false,באגט כפרי פילסברי,פילסברי,,בגט פילסברי,יח',1.00,יח',false,,4.40,4.4000,true,1,1323349
7290008899642,false,בורקס תורכי פטריות פ,פילסברי,,בורקס תורכי פטריות פ,קילוגרמים,1.00,"ק""ג",true,,39.00,39.0000,true,1,1323357
7290008961110,false,טושיונקה בקר מיוחד 400 גר,פרוטרי,,תבשיל בשר בקר 400ג,גרמים,470.00,100 גרם,false,,19.90,0.0423,true,1,3885674
7290008961127,false,טושיונקה בקר רוסית 400 גרם,גוד פוד ג'.א'.ג'י. ב,,טושונקה תבשיל בשר בק,גרמים,470.00,100 גרם,false,,19.90,0.0423,true,1,3885675
7290008975551,false,תחליף חלב מטרנה מהדרין שלב 3 חלבי 700 גרם,מולינו ניקולי s.p.a,IL,תחליף חלב מהדרין שלב,גרמים,700.00,100 גרם,false,,47.90,0.0684,true,1,1329607
7290010002016,false,כוסברה טחונה תבליני מימון 100 גרם,א.ל ייצור ושיווק תבל,IL,כוסברה טחונה 100 גרם,גרמים,100.00,100 גרם,false,,8.90,0.0890,true,1,1322391
7290010002023,false,כורכום הודי טחון תבליני מימון 100 גרם,א.ל ייצור ושיווק תבלינים,IL,כורכום הודי טחון 100 גרם,גרמים,100.00,100 גרם,false,,10.90,0.1090,true,1,1322392
7290010002030,false,תבלין כמון טחון תבליני מימון 100 גרם,א.ל ייצור ושיווק תבלינים,IL,כמון 100 גרם,גרמים,100.00,100 גרם,false,,10.90,0.1090,true,1,1322393
7290010002061,false,פלפל לבן טחון תבליני מימון 100 גרם,א.ל ייצור ושיווק תבל,IL,פלפל לבן טחון 100 גרם,גרמים,100.00,100 גרם,false,,16.90,0.1690,true,1,1322395
7290010002078,false,פלפל שחור טחון תבליני מימון 100 גרם,א.ל ייצור ושיווק תבלינים,IL,פלפל שחור טחון 100 גרם,גרמים,100.00,100 גרם,false,,13.90,0.1390,true,1,1322396
7290010002092,false,תבלין פלפל שחור גרוס דק תבליני מימון 90,א.ל ייצור ושיווק תבלינים,IL,פלפל שחור גרוס דק 90 גרם,גרמים,90.00,100 גרם,false,,13.90,0.1544,true,1,1322398
7290010002108,false,תבלין פלפל שחור גרוס גס תבליני מימון 90,א.ל ייצור ושיווק תבלינים,IL,פלפל שחור גרוס גס 90 גרם,גרמים,90.00,100 גרם,false,,13.90,0.1544,true,1,1322399
7290010002122,false,פפריקה הונגרית מתוקה תבליני מימון 100 גרם,א.ל ייצור ושיווק תבלינים,IL,פפריקה הונגרית מתוקה 100,גרמים,100.00,100 גרם,false,,10.90,0.1090,true,1,1322400
7290010002139,false,פפריקה הונגרית חריפה תבליני מימון 100 גרם,א.ל ייצור ושיווק תבלינים,IL,פפריקה הונגרית חריפה 100,גרמים,100.00,100 גרם,false,,10.90,0.1090,true,1,1322401
7290010002146,false,פפריקה מרוקאית מתוקה תבליני מימון 100 גרם,א.ל ייצור ושיווק תבלינים,IL,פפריקה מרוקאית מתוקה 100,גרמים,100.00,100 גרם,false,,10.90,0.1090,true,1,1322402
7290010002153,false,פפריקה מרוקאית חריפה תבליני מימון 100 גרם,א.ל ייצור ושיווק תבלינים,IL,פפריקה מרוקאית חריפה 100,גרמים,100.00,100 גרם,false,,10.90,0.1090,true,1,1322403
7290010002191,false,תבלין מקלות קינמון תבליני מימון 50 גרם,א.ל ייצור ושיווק תבל,IL,מקלות קינמון 50 גרם,גרמים,50.00,100 גרם,false,,10.90,0.2180,true,1,1322404
7290010002207,false,תבלין קינמון טחון תבליני מימון 100 גרם,א.ל ייצור ושיווק תבלינים,IL,קינמון טחון 100 גרם,גרמים,100.00,100 גרם,false,,8.90,0.0890,true,1,1322405
7290010002214,false,תבלין צ'ילי גרוס תבליני מימון 80 גרם,א.ל ייצור ושיווק תבלינים,IL,צ'ילי גרוס 80 גרם,גרמים,80.00,100 גרם,false,,10.90,0.1363,true,1,1322406
7290010002283,false,תיבול על האש תבליני מימון 100 גרם,א.ל ייצור ושיווק תבלינים,IL,תיבול על האש 100 גרם,גרמים,100.00,100 גרם,false,,10.90,0.1090,true,1,1322407
7290010002290,false,תיבול לשווארמה תבליני מימון 100 גרם,א.ל ייצור ושיווק תבל,IL,תיבול לשווארמה 100 גרם,גרמים,100.00,100 גרם,false,,10.90,0.1090,true,1,1322408
7290010002306,false,תיבול לקציצות תבליני מימון 100 גרם,א.ל ייצור ושיווק תבל,IL,תיבול לקציצות 100 גרם,גרמים,100.00,100 גרם,false,,10.90,0.1090,true,1,1322409
7290010002313,false,תבלין ראס אל חנות תבליני מימון 100 גרם,א.ל ייצור ושיווק תבלינים,IL,ראס אל חנות 100 גרם,גרמים,100.00,100 גרם,false,,10.90,0.1090,true,1,1322410
7290010002320,false,תיבול לגריל עוף תבליני מימון 100 גרם,א.ל ייצור ושיווק תבלינים,IL,תיבול לגריל עוף 100 גרם,גרמים,100.00,100 גרם,false,,10.90,0.1090,true,1,1322411
7290010002337,false,תיבול לסטייק תבליני מימון 100 גרם,א.ל ייצור ושיווק תבלינים,IL,תיבול לסטייק 100 גרם,גרמים,110.00,100 גרם,false,,10.90,0.0991,true,1,1322412
7290010002344,false,תבלין לדג תבליני מימון 100 גרם.,א.ל ייצור ושיווק תבלינים,IL,תיבול לדג 100 גרם,גרמים,100.00,100 גרם,false,,10.90,0.1090,true,1,1322413
7290010002351,false,זעתר ושומשום תבליני מימון 100 גרם,א.ל ייצור ושיווק תבלינים,IL,זעתר ושומשום 100 גרם,גרמים,100.00,100 גרם,false,,10.90,0.1090,true,1,1322414
7290010002368,false,תערובת חווויג' תבליני מימון 100 גרם,א.ל ייצור ושיווק תבלינים,IL,תערובת חוויג' למרק 100 גר,גרמים,100.00,100 גרם,false,,10.90,0.1090,true,1,1322415
7290010002375,false,קארי תבליני מימון 100 גרם,א.ל ייצור ושיווק תבל,IL,קארי 100 גרם,גרמים,100.00,100 גרם,false,,10.90,0.1090,true,1,1322416
7290010002382,false,תבלין אורגנו תבליני מימון 40 גרם,א.ל ייצור ושיווק תבלינים,IL,אורגנו 40 גרם,גרמים,40.00,100 גרם,false,,8.90,0.2225,true,1,1322417
7290010002399,false,תבלין בזיליקום תבליני מימון 40 גרם,א.ל ייצור ושיווק תבלינים,IL,בזיליקום 40 גרם,גרמים,40.00,100 גרם,false,,8.90,0.2225,true,1,1322418
7290010002405,false,תבלין טימין הררי תבליני מימון 40 גרם,א.ל ייצור ושיווק תבל,IL,טימין הררי 40 גרם,גרמים,40.00,100 גרם,false,,8.90,0.2225,true,1,1322419
7290010002429,false,עלי דפנה תבליני מימון 20 גרם צנצנת,א.ל ייצור ושיווק תבל,IL,עלי דפנה 20 גרם צנצנת,גרמים,20.00,100 גרם,false,,8.90,0.4450,true,1,1322420
7290010002436,false,תבלין פטרוזיליה תבליני מימון 25 גרם,א.ל ייצור ושיווק תבל,IL,פטרוזיליה 25 גרם,גרמים,25.00,100 גרם,false,,8.90,0.3560,true,1,1322421
7290010002443,false,תבלין רוזמרין תבליני מימון 40 גרם,א.ל ייצור ושיווק תבל,IL,רוזמרין 40 גרם,גרמים,40.00,100 גרם,false,,8.90,0.2225,true,1,1322422
7290010002481,false,תבלין שום טחון תבליני מימון 100 גרם,א.ל ייצור ושיווק תבלינים,IL,שום טחון 100 גרם,גרמים,100.00,100 גרם,false,,13.90,0.1390,true,1,1322424
7290010002498,false,תבלין שום גבישי תבליני מימון 120 גרם,א.ל ייצור ושיווק תבלינים,IL,שום גבישי 120 גרם,גרמים,120.00,100 גרם,false,,13.90,0.1158,true,1,1322425
7290010002580,false,פלפל לבן טחון 100ג ר,,,פלפל לבן טחון 100ג ר,גרמים,100.00,100 גרם,false,,11.90,0.1190,true,1,3884031
7290010002597,false,כוסברה ירוקה תבליני מימון 30 גרם,א.ל ייצור ושיווק תבלינים,IL,כוסברה ירוקה 30 גרם,גרמים,20.00,100 גרם,false,,8.90,0.4450,true,1,1322426
7290010002610,false,פפריקה חריפה 100גר רמילוי,,,פפריקה חריפה 100גר ר,גרמים,100.00,100 גרם,false,,7.90,0.0790,true,1,3884033
7290010002658,false,פלפל יבש מתוק תבליני מימון 150 גרם,א.ל ייצור ושיווק תבל,IL,פלפל יבש מתוק 150 גרם,גרמים,150.00,100 גרם,false,,12.90,0.0860,true,1,1322427
7290010002726,false,תבלין לפרגיות תבליני מימון 100 גרם.,א.ל ייצור ושיווק תבלינים,IL,תיבול לפרגיות 100 גרם,גרמים,100.00,100 גרם,false,,10.90,0.1090,true,1,1322428
7290010003051,false,פפריקה הונגרית מתוקה תבליני מימון 400 גרם,א.ל ייצור ושיווק תבלינים,IL,פפריקה הונגרית מתוקה 400,גרמים,400.00,100 גרם,false,,23.70,0.0592,true,1,1322429
7290010003075,false,פפריקה מרוקאית מתוקה תבליני מימון 400 גרם,א.ל ייצור ושיווק תבלינים,IL,פפריקה מרוקאית מתוקה 400,גרמים,400.00,100 גרם,false,,23.70,0.0592,true,1,1322430
7290010003686,false,עלי דפנה בשקית תבליני מימון20 גרם,א.ל ייצור ושיווק תבל,IL,עלי דפנה שקית 20 גרם - חד,גרמים,20.00,100 גרם,false,,5.70,0.2850,true,1,1322434
7290010003693,false,פפריקה מתוקה בשקית תבליני מימון 80 גרם,א.ל ייצור ושיווק תבל,IL,פריקה מתוקה שקית 80 גרם -,גרמים,80.00,100 גרם,false,,5.90,0.0738,true,1,1322435
7290010003709,false,פלפל שחור טחון בשקית תבליני מימון 50 גרם,א.ל ייצור ושיווק תבל,IL,פלפל שחור טחון שקית 50 גר,גרמים,50.00,100 גרם,false,,7.70,0.1540,true,1,1322436
7290010003754,false,כמון טחון בשקית תבליני תבליני מימון 50 גרם,א.ל ייצור ושיווק תבל,IL,כמון טחון שקית 50 גרם - ח,גרמים,50.00,100 גרם,false,,5.90,0.1180,true,1,1322437
7290010003761,false,כורכום טחון בשקית תבליני מימון 80 גרם,א.ל ייצור ושיווק תבל,IL,כורכום טחון שקית 80 גרם -,גרמים,80.00,100 גרם,false,,5.90,0.0738,true,1,1322438
7290010003778,false,תיבול לגריל עוף בשקית תבליני מימון 80 גרם,א.ל ייצור ושיווק תבל,IL,תיבול לגריל עוף שקית 80 ג,גרמים,80.00,100 גרם,false,,5.90,0.0738,true,1,1322439
7290010003792,false,מלח לימון בשקית תבליני מימון 100 גרם,א.ל ייצור ושיווק תבל,IL,מלח לימון שקית 100 גרם -,גרמים,100.00,100 גרם,false,,5.90,0.0590,true,1,1322441
7290010003808,false,זעתר ושמשום בשקית תבליני מימון 80 גרם,א.ל ייצור ושיווק תבל,IL,זעתר ושומשום שקית 80גרם -,גרמים,80.00,100 גרם,false,,5.90,0.0738,true,1,1322442
7290010003815,false,פלפל שטה יבש תבליני מימון 150 גרם שקית,א.ל ייצור ושיווק תבל,IL,פלפל שטה 150 גרם שקית,גרמים,150.00,100 גרם,false,,14.90,0.0993,true,1,1322443
7290010003822,false,פפריקה חריפה בשקית תבליני מימון 80 גרם,א.ל ייצור ושיווק תבל,IL,פפריקה חריפה שקית 80 גרם,גרמים,80.00,100 גרם,false,,5.70,0.0713,true,1,1322444
7290010003839,false,קינמון טחון בשקית תבליני מימון 80 גרם,א.ל ייצור ושיווק תבל,IL,קינמון טחון שקית 80 גרם -,גרמים,80.00,100 גרם,false,,5.70,0.0713,true,1,1322445
7290010003846,false,אורגנו בשקית תבליני מימון 20 גרם,א.ל ייצור ושיווק תבל,IL,אורגנו שקית 20 גרם - חדש,גרמים,20.00,100 גרם,false,,5.70,0.2850,true,1,1322446
7290010003990,false,פטרוזיליה בשקית תבליני מימון 20 גרם,א.ל ייצור ושיווק תבל,IL,פטרוזיליה שקית 20 גרם - ח,גרמים,20.00,100 גרם,false,,5.70,0.2850,true,1,1322447
7290010004348,false,פפריקה מתוקה תבליני מימון 250 גרם,א.ל ייצור ושיווק תבל,IL,פפריקה מתוקה 250 גרם,גרמים,250.00,100 גרם,false,,19.90,0.0796,true,1,3866505
7290010004737,false,עלים לקרמשניט 300גר רמילוי,,,עלים לקרמשניט 300גר,גרמים,300.00,100 גרם,false,,12.80,0.0427,true,1,3861985
7290010004744,false,סודה לשתייה 100גר רמילוי,שיוך למחסן 17,,סודה לשתייה 100גר רמ,גרמים,100.00,100 גרם,false,,1.60,0.0160,true,1,3861986
7290010023622,false,תה קלאסי עם נגיעות נענע ויסוצקי 100 יחידות,תה ויסוצקי,IL,תה קלאסי עם נגיעות נ,יח',100.00,יח',false,,17.70,0.1770,true,1,1336226
7290010051076,false,לבבות חסה ארוז א.אדמה,אדמה,,לבבות קיסר א.אדמה,יח',1.00,יח',false,,8.90,8.9000,true,1,1343269
7290010051144,false,תרד עלים א.אדמה,אדמה,,תרד עלים א.אדמה,יח',1.00,יח',false,,7.90,7.9000,true,1,1343272
7290010051199,false,שורש פטרוזיליה ארוז א.אדמה,אדמה,,שורש פטרוזיליה א.אדמ,יח',1.00,יח',false,,4.50,4.5000,true,1,1343277
7290010051205,false,סלרי עלים ארוז א.אדמה,אדמה,,סלרי אמריקאי א.אדמה,יח',1.00,יח',false,,5.40,5.4000,true,1,1343278
7290010051212,false,ראש סלרי א.אדמה,אדמה,,ראש סלרי א.אדמה,יח',1.00,יח',false,,5.40,5.4000,true,1,1343279
7290010051267,false,לוף בשקית א.אדמה,חקלאי,IL,לוף בשקית א.אדמה,יח',1.00,יח',false,,7.90,7.9000,true,1,1343284
7290010051298,false,מנגולד עלי סלק א.אדמה,אדמה,,מנגולד עלי סלק א.אדמ,יח',1.00,יח',false,,5.40,5.4000,true,1,1343286
7290010051335,false,בצל ירוק ארוז א.אדמה,אדמה,,בצל ירוק א.אדמה,יח',1.00,יח',false,,5.40,5.4000,true,1,1343287
7290010065271,false,פרינוק - מחית תפוחי עץ 130 גרם,פרינוק,CZ,"מחית תפו""ע 130 גר'",גרמים,130.00,100 גרם,false,,4.80,0.0369,true,1,1324016
7290010065301,false,פרינוק - מחית סלט פירות 130 גרם,פרינוק,CZ,מחית סלט פירות 130 גר',גרמים,130.00,100 גרם,false,,4.80,0.0369,true,1,1324019
7290010065318,false,מחית תפוח עץ ג'וניור פרינוק 190 גרם,פרוטה פודווין איי.אס,CZ,"מחית ג'וניור תפו""ע 190 גר",גרמים,190.00,100 גרם,false,,5.90,0.0311,true,1,1324020
7290010065332,false,מחית תפוח עץ בננה ג'וניור פרינוק 190 גרם,פרוטה פודווין איי.אס,CZ,"מחית ג'וניור תפו""ע בננה 1",גרמים,190.00,100 גרם,false,,5.90,0.0311,true,1,1324022
7290010065349,false,מחית סלט פירות ג'וניור פרינוק 190 גרם,פרוטה פודווין איי.אס,CZ,מחית ג'וניור סלט פירות 19,גרמים,190.00,100 גרם,false,,5.90,0.0311,true,1,1324023
7290010065745,false,מחית לפתן פירות ג'וניור פרינוק 190 גרם,פרוטה פודווין איי.אס,CZ,מחית ג'וניור לפתן פירות 1,גרמים,190.00,100 גרם,false,,5.90,0.0311,true,1,1324033
7290010116348,false,מארז מיקס מעורב 390 גרם מגדים,"שטראוס גרופ בע""מ",IL,מיקס חטיפי שוקולד מג,גרמים,390.00,100 גרם,false,,19.90,0.0510,true,1,1327763
7290010116355,false,מיני פסק זמן מגדים 400גר,STRAUSS-ISRAEL,IL,מיקס חטיפי שוקולד מי,גרמים,400.00,100 גרם,false,,19.90,0.0497,true,1,1327764
7290010116980,false,אבקת שוקולית שקית עלית 850 ג',הנסיך- מפעל לייצור ט,IL,שוקולית 850 גרם,גרמים,850.00,100 גרם,false,,14.90,0.0175,true,1,1327769
7290010118328,false,תפוצ'יפס בטעם טבעי עלית מארז 6*40 גרם,שטראוס פריטו ליי (מל,IL,תפוצ'יפס בטעם טבעי ע,גרמים,240.00,100 גרם,false,,11.90,0.0496,true,1,1335296
7290010129003,false,עוגיות אוזניים 600 גרם,ק.א. ומשווק בבלעדיות על,IL,עוגיות אוזניים 600גר,גרמים,600.00,100 גרם,false,,16.90,0.0282,true,1,1323202
7290010129041,false,עוגיות בטעמים שונים600גר,"מיוצר על ידי ע.ה. בעמ, מ",IL,עוגיות מלוחות 600 גר,גרמים,600.00,100 גרם,false,,16.90,0.0282,true,1,1323206
7290010129232,false,עוגיות בוטנים מצופה500ג,דולצ'ה ויטה,IL,עוגיות בוטנים מצופה,גרמים,500.00,100 גרם,false,,19.90,0.0398,true,1,3891695
7290010129430,false,עוג.בוטנים רגיל/מצופה500,קריניציה ויטמינה אס,IL,עוגיות בוטנים 500 גר,גרמים,500.00,100 גרם,false,,19.90,0.0398,true,1,1323217
7290010129621,false,עוגיות קוקוס מצופה 450גר,דולצ'ה ויטה,IL,עוגיות קוקוס מצופה 4,גרמים,450.00,100 גרם,false,,19.90,0.0442,true,1,3907492
7290010129720,false,עוגיות שמרים קינמון 400 גרם דולצה ויטה,שיבולים א.ד.ל,IL,עוגיות רוגלך קינמון,גרמים,400.00,100 גרם,false,,11.90,0.0298,true,1,3878658
7290010129942,false,עוגיות שמרים 500 גרם דולצה ויטה,קונדטוריית אנגל,IL,עוגת קראנץ שוקולד 50,גרמים,500.00,100 גרם,false,,12.90,0.0258,true,1,2045326
7290010129959,false,עוגיות שמרים 400 גרם דולצה ויטה,קונדטוריית אנגל,IL,עוגיות רוגלך שוקולד,גרמים,400.00,100 גרם,false,,11.90,0.0298,true,1,2045327
7290010154005,false,סחוג תימני יוחאי ביטון 250 גרם,תבליני יוחאי ביטון,IL,סחוג תימני 250 ביטון,גרמים,250.00,100 גרם,false,,12.90,0.0516,true,1,1333928
7290010154012,false,לימון בלאדי כבוש תבליני ביטון 250 גרם,תבליני יוחאי ביטון,IL,לימון בלאדי כבוש תבל,גרמים,250.00,100 גרם,false,,12.90,0.0516,true,1,1333929
7290010154029,false,אריסה מתוקה יוחאי ביטון 250 גרם,תבליני יוחאי ביטון,IL,250 אריסה מתוקה ביטו,גרמים,250.00,100 גרם,false,,12.90,0.0516,true,1,1333930
7290010154036,false,עמבה תבליני ביטון 250 גרם,תבליני יוחאי ביטון,IL,עמבה תבליני ביטון 25,גרמים,250.00,100 גרם,false,,12.90,0.0516,true,1,1333931
7290010154241,false,סלט חזרת ריף ביטון 250 ג',תבליני יוחאי ביטון,IL,סלט חזרת 250 ג,גרמים,250.00,100 גרם,false,,12.90,0.0516,true,1,1333932
7290010154265,false,פלפל צ'ומה תבליני ביטון 250 גרם,תבליני יוחאי ביטון,IL,פלפל צ'ומה תבליני בי,גרמים,250.00,100 גרם,false,,12.90,0.0516,true,1,1333933
7290010154418,false,סחוג אדום תבליני ביטון 130 גרם,תבליני יוחאי ביטון,IL,סחוג אדום תבליני ביט,גרמים,130.00,100 גרם,false,,7.90,0.0608,true,1,1333934
7290010154425,false,סחוג ירוק תבליני ביטון 130 גרם,תבליני יוחאי ביטון,IL,סחוג ירוק תבליני ביט,גרמים,130.00,100 גרם,false,,7.90,0.0608,true,1,1333935
7290010154548,false,ממרח שום טבעי יוחאי ביטון 235 גרם,תבליני יוחאי ביטון,IL,ממרח שום 235 ג,גרמים,235.00,100 גרם,false,,12.90,0.0549,true,1,1657104
7290010154555,false,ממרח לימון כבוש יוחאי ביטון 250 גרם,תבליני יוחאי ביטון,IL,ממרח לימון כבוש 235,גרמים,235.00,100 גרם,false,,12.90,0.0549,true,1,1657105
7290010154678,false,אריסה מרוקאית תבליני ביטון 250 גרם,תבליני יוחאי ביטון,IL,אריסה מרוקאית תבליני,גרמים,250.00,100 גרם,false,,12.90,0.0516,true,1,3868233
7290010154685,false,סלט שום כתוש 250 ג' ביטון יוחאי,תבליני יוחאי ביטון,IL,סלט שום כתוש 250 ג,גרמים,250.00,100 גרם,false,,12.90,0.0516,true,1,3868234
7290010173037,false,"יין הרי גליל רוזה, 750 מ""ל י יקב הרי גליל",יקבי רמת הגולן,IL,"רוזה הרי גליל 750 מ""",מיליליטרים,750.00,"100 מ""ל",false,,33.20,0.0443,true,1,1351956
7290010173068,false,"יין חרמון גליל קברנה אדום יבש 750מ""ל",יקבי רמת הגולן,IL,קברנה סובניון הרי גל,מיליליטרים,750.00,"100 מ""ל",false,,29.90,0.0399,true,1,1351958
7290010173181,false,יין אלה הרי גליל 750 מל,יקבי רמת הגולן,IL,יין הר גליל אלה 750,מיליליטרים,750.00,"100 מ""ל",false,,49.90,0.0665,true,1,3880799
7290010173334,false,יין הרי גליל שיראז 750 מל,יקבי רמת הגולן,IL,"סירה גליל 750 מ""ל",מיליליטרים,750.00,"100 מ""ל",false,,29.90,0.0399,true,1,1351959
7290010175048,false,מיץ בטעם לימון משומר 1 ליטר טעמן,טעמן,IL,מיץ לימון משומר טעמן,מיליליטרים,1000.00,"100 מ""ל",false,,3.90,0.0039,true,1,1328478
7290010175819,false,חמאת בוטנים קלאסית טעמן 510 גרם,ניצה אס סיי,IL,חמאת בוטנים קלאסית ט,גרמים,510.00,100 גרם,false,,11.90,0.0233,true,1,1328487
7290010176212,false,נודלס בטעם עוף בכוס 65 גר' טעמן,זיזיאנג גרין הום פוד,CN,טעמן נודלס בטעם עוף,גרמים,70.00,100 גרם,false,,3.90,0.0557,true,1,1328493
7290010176229,false,נודלס בטעם בקר בכוס 65 גר' טעמן,זיזיאנג גרין הום פוד,CN,נודלס בטעם בשר טעמן,גרמים,65.00,100 גרם,false,,3.90,0.0600,true,1,1328494
7290010176236,false,נודלס בטעם ירקות בכוס 65 גר' טעמן,זיזיאנג גרין הום פוד,CN,ארוחת נודלס בטעם ירק,גרמים,65.00,100 גרם,false,,3.90,0.0600,true,1,1328495
7290010176243,false,נודלס בטעם סיני בכוס 65 גר' טעמן,זיזיאנג גרין הום פוד,CN,נודלס בטעם פיקנטי טע,גרמים,67.00,100 גרם,false,,3.90,0.0582,true,1,1328496
7290010196678,false,שקיות ענק לצליה בתנור קוקי 2*5 יח,ש.שסטוביץ,IL,שקיות ענק לצליה בתנו,100 יח',1.00,100 יח',false,,16.90,16.9000,true,1,1327132
7290010234769,false,"דאודורנט איזבלה ורוד 200 מ""ל פנינה רוזנבלום",פנינה רוזנבלום PR,IL,דאודורנט איזבלה ורוד,מיליליטרים,200.00,"100 מ""ל",false,,15.90,0.0795,true,1,1340005
7290010237531,false,"פפסי קולה פלסטיק 500 מ""ל","טמפו משקאות בע""ם.",IL,פפסי 500 בקבוק 24 יח',מיליליטרים,500.00,"100 מ""ל",false,,3.80,0.0076,true,1,1326633
7290010237548,false,"פפסי מקס דל קלוריות 500 מ""ל בקבוק",טמפו משקאות בעמ,IL,פפסי מקס 500 בקבוק 24 יח',מיליליטרים,500.00,"100 מ""ל",false,,3.80,0.0076,true,1,1326634
7290010237562,false,משקה פפסי מרינדה קוו,"טמפו משקאות בע""מ",IL,מירינדה 500 בקבוק 24 יח',מיליליטרים,500.00,"100 מ""ל",false,,3.80,0.0076,true,1,1326635
7290010237579,false,משקה סבן אפ קוול 500,"טמפו משקאות בע""מ",IL,סבן אפ 500 בקבוק 24 יח',מיליליטרים,500.00,"100 מ""ל",false,,3.80,0.0076,true,1,1326636
7290010237586,false,סבן אפ דיאט פלסטיק 500מל,"טמפו משקאות בע""מ",IL,דיאט סבן אפ 500 בקבוק 24,מיליליטרים,500.00,"100 מ""ל",false,,3.80,0.0076,true,1,1326637
7290010237784,false,בירה שנדי בתוספת משקה לימון ליים - שישייה,"טמפו משקאות בע""\מ",IL,שנדי לימון ליים 330 בקבוק,ליטרים,1.98,ליטר,false,,27.90,14.0909,true,1,1326645
7290010237890,false,"בירה הייניקן בקבוק 500 מ""ל חוזר",טמפו משקאות בע''מ,IL,היינקן חוזר 500 בקבוק 20,מיליליטרים,500.00,"100 מ""ל",false,,8.50,0.0170,true,1,1326651
7290010259823,false,מנת השף-מרק עם נודלס בטעם עוף ויליפוד,נמצ'או(תאילנד) בעמ,TH,מנת השף נודלס בטעם ע,גרמים,70.00,100 גרם,false,,4.80,0.0686,true,1,1335948
7290010259830,false,מנת השף נודלס בסגנון סיני פיקנטי וילי פוד 70 גרם,נמצ'או(תאילנד) בעמ,TH,מנת השף נודלס בסגנון,גרמים,70.00,100 גרם,false,,4.80,0.0686,true,1,1335949
7290010259847,false,מנת השף מרק עם נודלס בטעם תירס ויליפוד 70 גרם,קריות זול,TH,מנת השף נודלס בטעם ת,גרמים,70.00,100 גרם,false,,4.80,0.0686,true,1,1335950
7290010259854,false,מנת השף מרק עם נודלס בטעם פטריות ויליפוד 70 גרם,נמצ'או(תאילנד) בעמ,TH,מנת השף נודלס בטעם פ,גרמים,70.00,100 גרם,false,,4.80,0.0686,true,1,1335951
7290010259861,false,מנת השף מרק עם נודלס בטעם ירקות ויליפוד 70 גרם,קריות זול,TH,מנת השף נודלס בטעם י,גרמים,70.00,100 גרם,false,,4.80,0.0686,true,1,1335952
7290010259991,false,צנימים מיוחדים בטעם טבעי 250 ג',קריות זול,GR,צנימים 250 גרם,גרמים,250.00,100 גרם,false,,7.90,0.0316,true,1,1335954
7290010329595,false,אפיפיות בטעם שוקולד בציפוי שוקולד חלב 110 גר בית יוסף,כרמית,IL,אגו אצבעות וופל בטעם,גרמים,130.00,100 גרם,false,,0.00,0.0000,true,1,1339263
7290010329854,false,מיני קוקיס עוגיות בטעם חמאה ללא סוכר כרמית 600 גרם,כרמית,IL,מיני קוקיס עוגיות בט,גרמים,600.00,100 גרם,false,,19.90,0.0332,true,1,1339264
7290010382811,false,"לחות קלילה לשיער מתולתל נטורל פורמולה, 400 מ""ל",קרליין,,נטורל פורמולה לחות ק,מיליליטרים,300.00,"100 מ""ל",false,,19.90,0.0663,true,1,1332327
7290010382828,false,"קרם לחות קלילה לשיער יבש נטורל פורמולה, 400 מ""ל",אמיליה קוסמטיקס בעמ,IL,נטורל פורמולה לחות ק,מיליליטרים,300.00,"100 מ""ל",false,,19.90,0.0663,true,1,1332328
7290010382842,false,"קרם נטורל פורמולה קרם לחות קלילה לשיער רגיל, 400 מ""ל קלילה רגיל",מיוצר עי : אמיליה קוסמטי,IL,נטורל פורמולה לחות ק,מיליליטרים,300.00,"100 מ""ל",false,,19.90,0.0663,true,1,1332330
7290010429554,false,"שמן זית כתית מעולה יד מרדכי 2 קלאסי, 750 מ""ל",מכוורת יד מרדכי שטראוס ב,IL,שמן זית 2 קלאסי 750,מיליליטרים,750.00,"100 מ""ל",false,,32.90,0.0439,true,1,1327777
7290010471669,false,יוגורט תות עם קורנפלקס מצופה שוקולד ללא גלוטן 3.9%,"שטראוס בריאות בע""\מ",IL,יוגורט דנונה תות ביו,מיליליטרים,175.00,"100 מ""ל",false,,4.30,0.0246,true,1,1341828
7290010472307,false,"שמיניית משקה גמדים תות בננה דיסני 108 מ""ל",מיוצר עי קונדיטוריית,IL,משקה גמדים תות בננה,מיליליטרים,800.00,"100 מ""ל",false,,19.90,0.0249,true,1,1341832
7290010472390,false,מארז 8 יחידות מעדן דני בטעם שוקולד 1.5%,מיוצר עי קונדיטוריית,IL,דני בטעם שוקולד שמינ,מיליליטרים,1000.00,"100 מ""ל",false,,14.90,0.0149,true,1,1341833
7290010513703,false,מזרח ומערב צ'ופסטיקס צפצפה,גולין פנגזו,IL,צ'ופסטיקס צפצפה - 20,100 יח',20.00,100 יח',false,,6.40,0.3200,true,1,1341518
7290010513727,false,פנקו פרורי לחם 200 גרם (קינגדאו),קינגדאו גוניון פודס,CN,פנקו פרורי לחם 200 ג,גרמים,200.00,100 גרם,false,,7.90,0.0395,true,1,1341519
7290010530090,false,טופג'ל להדברת נמלים,,,טופג'ל להדברת נמלים,גרמים,5.00,גרם,false,,59.90,11.9800,true,1,3863689
7290010546558,false,גרנולה חלבה תמרים מנדל 400 גר,מנדל טי אם,IL,גרנולה חלבה תמרים 40,גרמים,400.00,100 גרם,false,,19.90,0.0497,true,1,3848474
7290010546763,false,מנדל חטיף חלבון עפ פיצוחים וחמאת בוטנים 120 גרם,,AT,חטיף חלבון פיצוחים ו,גרמים,145.00,100 גרם,false,,19.90,0.1372,true,1,3901332
7290010548514,false,קוביות עשבי תיבול לבישול איטלקי דורות 70 גרם,עיצובים 2020 (3.8),IL,קוביות עשבי תיבול לב,גרמים,70.00,100 גרם,false,,9.90,0.1414,true,1,1329611
7290010569052,false,"גלידה חלבי 5 טעמים פיסטוק, שוקו, וניל, קרמל,מוקה 2ל'","גלידת שטראוס בע""\מ, רחוב",IL,גלידה 5 טעמים שטראוס,ליטרים,2.00,ליטר,false,,19.80,9.9000,true,1,1339881
7290010627004,false,טחינה גולמית מסורתית ירושלים 500 ג',"בראשית ירושלים בע""מ",IL,טחינה ירושלים 500 גר,גרמים,500.00,100 גרם,false,,14.90,0.0298,true,1,1352123
7290010627844,false,טחינה גולמית שומשום מלא ירושלים 500גרם,"טחינה ירושליים בע""מ",IL,טחינה ירושלים מלא 50,גרמים,500.00,100 גרם,false,,14.90,0.0298,true,1,1723651
7290010650019,false,אנדיב בלגי אמיתי חוות תקוע,מרינה פטריות הגליל,IL,אנדיב בלגי אמיתי חוו,גרמים,150.00,100 גרם,false,,11.90,0.0793,true,1,1352822
7290010650033,false,בצלצלי שאלוט תקוע אר,חוות פטריות תקוע,NL,בצלצלי שלוט,יח',1.00,יח',false,,10.90,10.9000,true,1,1352824
7290010650040,false,פטריות שיטאקי חוות תקוע,ביכורי שדה דרום 2002,IL,פטריות שיטאקי חוות ת,יח',1.00,יח',false,,8.90,8.9000,true,1,1352825
7290010650064,false,פטריות יער מיובשות חוות תקוע 25 גרם,חוות תקוע,IL,פטריות יער מיובשות ח,גרמים,25.00,100 גרם,false,,7.90,0.3160,true,1,1352827
7290010650088,false,פטריות שמפיניון מיובשות 25 גרם,חוות פטריות תקוע,CN,פטריות שמפיניון מיוב,גרמים,25.00,100 גרם,false,,7.80,0.3120,true,1,1352829
7290010650194,false,זנגוויל (ג'ינג'ר)ארוז מגשית,"פסח בא בע""מ",CN,זנגוויל ארוז 250ג,גרמים,250.00,100 גרם,false,,7.90,0.0316,true,1,1352834
7290010650231,false,פטריות מאיטקי מיובשו,חוות פטריות תקוע,IL,פטריות מאי טאקי,גרמים,25.00,100 גרם,false,,11.90,0.4760,true,1,1352836
7290010650279,false,לקט פטריות לפסטה 25 גרם,חקלאי,IL,לקט פטריות לפסטה 25,גרמים,25.00,100 גרם,false,,12.90,0.5160,true,1,1352839
7290010650576,false,פטריות שנוקי טרי ארו,חוות פטריות תקוע,IL,שיטאקי שינוקי טריות,יח',1.00,יח',false,,9.90,9.9000,true,1,1352847
7290010650590,false,ריזוטו פטריות מיובשות,חוות פטריות תקוע,IL,ריזוטו פטריות מיובשו,גרמים,275.00,100 גרם,false,,13.90,0.0505,true,1,1352848
7290010650668,false,למון גראס -חוות תקוע,ביכורי השקמה,IL,למון גראס,יח',1.00,יח',false,,8.90,8.9000,true,1,3366605
7290010650705,false,חסה רדיקו 250 גר,,,אפונת שלג,יח',1.00,יח',false,,16.90,16.9000,true,1,3870959
7290010650767,false,אנדיב אדום 220 גרם,פמילי,IL,אנדיב אדום,יח',1.00,יח',false,,13.90,13.9000,true,1,1352852
7290010650798,false,לקט בורגול ופטריות חוות תקוע,,,לקט בורגול ופטריות,יח',1.00,יח',false,,12.90,12.9000,true,1,3870961
7290010650828,false,פטריות שימג'י חוות תקוע 150 גרם,שנגחאי פינק פוד קומפני,CN,פטריות שימג'י חוות ת,גרמים,150.00,100 גרם,false,,9.90,0.0660,true,1,3870963
7290010650996,false,"פטריות שי מג'י חומות, 150 גרם חוות תקוע",שנגחאי פינק פוד קומפני,CN,פטריות שימג'י חוות ת,גרמים,150.00,100 גרם,false,,9.90,0.0660,true,1,3894372
7290010718023,false,"קרם גוף איזבלה ורוד 300 מ""ל פנינה רוזנבלום",פנינה רוזנבלום,IL,קרם גוף איזבלה ורוד,מיליליטרים,300.00,"100 מ""ל",false,,17.90,0.0597,true,1,1340010
7290010718627,false,פנינה רוזנבלום אל סבון נוזלי ירוק 1 ליטר,פנינה רוזנבלום,IL,אל סבון נוזלי ירוק 1,ליטרים,1.00,ליטר,false,,8.90,8.9000,true,1,1340013
7290010718634,false,"פנינה רוזנבלום -אל סבון נוזלי לבן,1 ליטר",פנינה רוזנבלום,IL,סבון נוזלי לבן 1 ליט,ליטרים,1.00,ליטר,false,,8.90,8.9000,true,1,1340014
7290010719013,false,"שמן זית כתית מעולה משק אחיה 750 מ""ל",ארץ זית שמן מובחר -,IL,שמן זית כתית מעולה מ,מיליליטרים,750.00,"100 מ""ל",false,,34.90,0.0465,true,1,1327582
7290010748518,false,"סרקל פורטה שמפו לילדים 750 מ""ל",פישר מעבדות פרמצבטיות בע,IL,סרקל פורטה שמפו 750 גרם,מיליליטרים,750.00,"100 מ""ל",false,,24.90,0.0332,true,1,1350107
7290010748853,false,"ד""ר פישר - אפקטיב קר קרם ידיים סנסיטיב 150 מ""ל",פישר מעבדות פרמצבטיות בע,IL,אפקטיב קר קרם ידיים סנסיט,מיליליטרים,150.00,"100 מ""ל",false,,10.90,0.0727,true,1,1350109
7290010748884,false,אפקטיב קר קרם גוף אינטנסיב לעור יבש במיוחד ח 700,פישר מעבדות פרמצבטיות,IL,אפקטיב קר קרם גוף אינטנסי,מיליליטרים,700.00,"100 מ""ל",false,,23.90,0.0341,true,1,1350112
7290010748891,false,אפקטיב קר קרם גוף מולטי ויטמין לעור רגיל יבש ח 7,פישר מעבדות פרמצבטיות בע,IL,אפקטיב קר קרם גוף מולטי ו,מיליליטרים,700.00,"100 מ""ל",false,,23.90,0.0341,true,1,1350113
7290010760688,false,בצק פילאס שחף מגולגל,מאפית אריאל,IL,בצק פילאס 600 גר,גרמים,600.00,100 גרם,false,,14.90,0.0248,true,1,1342397
7290010760749,false,"מארז שישיית לחמניות כשל""פ",מאפיית אריאל,IL,לחמניות מארז 6 יח כש,גרמים,400.00,100 גרם,false,,14.90,0.0373,true,1,1342398
7290010760886,false,"בורקס גבינה כשל""פ 600 גרם",מאפיית אריאל,IL,בורקס 600 גר כשלפ,גרמים,600.00,100 גרם,false,,21.90,0.0365,true,1,1464433
7290010760893,false,"בורקס תפו""א כשל""פ 600 גרם",מאפיית אריאל,IL,"בורקס כשל""פ 600 ג",גרמים,600.00,100 גרם,false,,21.90,0.0365,true,1,1342399
7290010760909,false,"בורקס פיצה כשל""פ 600 גרם",מאפיית אריאל,IL,"בורקס פיצה כשל""פ 600",גרמים,600.00,100 גרם,false,,21.90,0.0365,true,1,1342400
7290010766949,false,ממרח תחתיות ארטישוק 180ג' אוליביה,אוליביה,IL,ממרח ארטישוק,גרמים,180.00,100 גרם,false,,12.90,0.0717,true,1,1324047
7290010766956,false,ממרח פלפלים מתוקים אדומים אוליביה 180 גרם,אוליביה גורמה בעמ,IL,ממרח פלפלים קלויים,גרמים,180.00,100 גרם,false,,12.90,0.0717,true,1,1324048
7290010770762,false,מברשת שיניים קלין אנד פלקס אקווה פרש,גלקסו סמית קליין,DE,אקוה פרש מברשת פלקס,יח',1.00,יח',false,,4.90,4.9000,true,1,1344069
7290010775057,false,"רוטב סויה פודלי 700 מ""ל",פוד לי,,רוטב סויה 700 גר,גרמים,700.00,100 גרם,false,,13.80,0.0197,true,1,1339410
7290010775064,false,רוטב צ'ילי מתוק פוד,פוד לי,,רוטב צ'ילי מתוק פוד,גרמים,700.00,100 גרם,false,,10.90,0.0156,true,1,1339411
7290010775071,false,"רוטב צ'ילי חריף 700 מ""ל",פודלי,,רוטב צ'ילי חריף אייז,מיליליטרים,700.00,"100 מ""ל",false,,10.90,0.0156,true,1,1339412
7290010775088,false,רוטב פיצה 700 גרם,פוד לי,,רוטב פיצה 700 גרם,גרמים,700.00,100 גרם,false,,13.80,0.0197,true,1,1339413
7290010775101,false,רוטב בולונז 700 גרם,פוד לי,,רוטב בולונז 700 גרם,גרמים,700.00,100 גרם,false,,13.80,0.0197,true,1,1339415
7290010775132,false,"רוטב צ'ילי ברביקיו 700 מ""ל",פוד לי,,"רוטב ברבקיו 700 מ""ל",מיליליטרים,700.00,"100 מ""ל",false,,13.80,0.0197,true,1,1339418
7290010775293,false,רוטב שקשוקה פודלי,,,רוטב שקשוקה 700 גרם,גרמים,700.00,100 גרם,false,,13.80,0.0197,true,1,2947742
7290010814244,false,שלשות שוקולד מריר 85 גרם*3 בלמינט *18 בקרטון,"כרמית תעשיות ממתקים בע""\",IL,שוקולד מריר שלשייה 2,גרמים,255.00,100 גרם,false,,9.80,0.0384,true,1,1339267
7290010814695,false,שוקולד מריר פרווה ללא תוספת סוכר כרמית 85 גרם,כרמית תעשיות ממתקים בעמ,IL,שוקולד מריר פרווה לל,גרמים,85.00,100 גרם,false,,4.90,0.0576,true,1,1339272
7290010814701,false,שוקולד חלב ללא תוספת סוכר וסטהיים,"כרמית תעשיות ממתקים בע""\",IL,"שוקולד חלב אגו ללת""ס",גרמים,85.00,100 גרם,false,,4.90,0.0576,true,1,1339273
7290010815005,false,סנסי קרם ידיים אובלפיחה טיפולי 100מ'ל (,TEVA SENSI,IL,סנסי קרם ידיים אובלפ,יח',1.00,יח',false,,14.90,14.9000,true,1,1870084
7290010815340,false,סנסי קרם רגליים אובלפיחה 100מ'ל,,,סנסי קרם רגליים אובל,יח',1.00,יח',false,,14.90,14.9000,true,1,1870087
7290010838219,false,ממתיק על בסיס צמח הסטיביה - שקיות,"קיפל טבליות וממתיקים בע""מ",IL,מר' סטיביה 100שקיות,גרמים,100.00,100 גרם,false,,26.90,0.2690,true,1,1351687
7290010838424,false,ג'ל לניקוי מתקדם בניחוח רענן - מארז זוג,"איטיליאן פוד, אס.פי.",NL,טואלט דאק * 750זוג *ירוק,מיליליטרים,750.00,"100 מ""ל",false,,16.90,0.0225,true,1,1351688
7290010838431,false,ג'ל לניקוי מתקדם בניחוח ים - מארז זוג,מיוצר עי קונדיטוריית,NL,טואלט דאק * 750זוג *כחול,מיליליטרים,750.00,"100 מ""ל",false,,16.90,0.0225,true,1,1351689
7290010839865,false,רוטב רכז רימונים ויליפוד 320 ג',ניו ג'רסי סטאר סנקס,TR,רוטב רימונים וילי פו,גרמים,320.00,100 גרם,false,,10.20,0.0319,true,1,1335959
7290010849505,false,יין למברוסקו די לואיג'י רוסו דולצ'ה,פארייפאבה אגרואינדוס,IT,למברוסקו די לואיג'י רוסו,מיליליטרים,750.00,"100 מ""ל",false,,24.90,0.0332,true,1,1338013
7290010849512,false,יין למברוסקו די לואיג'ירוזטו אמבילה,פארייפאבה אגרואינדוס,IT,למברוסקו די לואיג' רוזאטו,מיליליטרים,750.00,"100 מ""ל",false,,24.90,0.0332,true,1,1338014
7290010883042,false,"סנובון נוזלי אפקט קצף פעיל רענן תות 750 מ""ל",סנו מפעלי ברונוס בעמ,IL,סנובון נוזלי ניחוח ר,מיליליטרים,750.00,"100 מ""ל",false,,8.90,0.0119,true,1,1332331
7290010883356,false,כפפות אלוורה רב שימושיות גדולות L סנו סושי,סנו סושי,CN,כפפות אלוורה רב שימו,יח',1.00,יח',false,,8.90,8.9000,true,1,1332333
7290010903344,false,אצבעות שניצל רמי לוי 1 קג,,,אצבעות שניצל רמי לוי,יח',1.00,יח',false,,28.90,28.9000,true,1,3894789
7290010903498,false,לבבות תירס 600 גר רמילוי,,,לבבות תירס 600 גר רמ,גרמים,600.00,100 גרם,false,,10.90,0.0182,true,1,3871607
7290010931330,false,סלט מטבוחה אחלה 500 גרם,מיוצר עי קונדיטוריית,IL,סלט מטבוחה אחלה 500,גרמים,500.00,100 גרם,false,,13.80,0.0276,true,1,1341837
7290010945146,false,קוטג' 3% מועשר בסידן טרה 250 ג' מהדרין,קריות זול,IL,גבינת קוטג' 3% טרה 2,גרמים,250.00,100 גרם,false,,5.30,0.0212,true,1,1322980
7290010945450,false,גבינה לבנה 3% 250 גר מועשר בסידן וויטמין,הפריט בפיקוח,IL,גבינה לבנה 3% טרה 25,גרמים,250.00,100 גרם,false,,4.70,0.0188,true,1,1322984
7290010945481,false,גבינה לבנה טרה 5% מרכיבים טבעיים,הפריט בפיקוח,IL,גבינה לבנה 5% טרה 50,גרמים,500.00,100 גרם,false,,9.20,0.0184,true,1,1322985
7290010984879,false,שום כתוש בצנצנת 200ג רמילוי,,,שום כתוש בצנצנת 200ג,גרמים,200.00,100 גרם,false,,10.90,0.0545,true,1,3871608
7290010984886,false,בזיליקום מגשית 70ג רמילוי,,,בזיליקום מגשית 70ג ר,גרמים,70.00,100 גרם,false,,7.90,0.1129,true,1,3871609
7290010984893,false,פטרוזיליה מגשית 70ג רמילוי,,,פטרוזיליה מגשית 70ג,גרמים,70.00,100 גרם,false,,7.90,0.1129,true,1,3871610
7290010984909,false,כוסברה מגשית 70ג רמילוי,,,כוסברה מגשית 70ג רמי,גרמים,70.00,100 גרם,false,,7.90,0.1129,true,1,3871611
7290010984923,false,שום כתוש מגשית 80ג רמילוי,,,שום כתוש מגשית 80ג ר,גרמים,80.00,100 גרם,false,,7.90,0.0988,true,1,3871612
7290011015985,false,"סירופ בטעם דיאט אננס 750 מ""ל פריגת",סירופ - גבעת חיים,IL,סירופ דיאט אננס פריג,מיליליטרים,750.00,"100 מ""ל",false,,19.90,0.0265,true,1,1323669
7290011017866,false,קוקה קולה קלאסי בפחית,החברה המרכזית לייצור משקאות,IL,"קוקה קולה 330 מ""ל",מיליליטרים,330.00,"100 מ""ל",false,,3.90,0.0118,true,1,1323685
7290011017873,false,"פחיות קוקה קולה זירו 330 מ""ל",החברה המרכזית לייצור משקאות,IL,"קולה זירו 330 מ""ל",מיליליטרים,330.00,"100 מ""ל",false,,3.90,0.0118,true,1,1323686
7290011018832,false,"קוקה קולה פרידגפק סליק 330 מ""ל שישייה",החברה המרכזית לייצור משקאות,IL,מארז קוקה קולה 6 פחי,ליטרים,1.98,ליטר,false,,19.90,10.0505,true,1,1323713
7290011018849,false,בקבוק בירה חוזר ריק,,,בקבוק בירה חוזר ריק,יח',1.00,יח',false,,1.20,1.2000,true,1,1323550
7290011018917,false,ק.קולה זירו פרידגפק סליק 330 מל שישייה,החברה המרכזית לייצור משקאות,IL,מארז זירו קולה 6 330,ליטרים,1.98,ליטר,false,,19.90,10.0505,true,1,1323715
7290011026066,false,"ד""ר פישר - סרקל שמפו + מרכך לילדים 1 ליטר",פישר מעבדות פרמצבטיות בע,IL,סרקל שמפו + מעצב ליטר,ליטרים,1.00,ליטר,false,,28.90,28.9000,true,1,1350114
7290011026523,false,שמפו לתינוק לפני השינה Senstive עם לבנדר וקמומיל,פישר מעבדות פרמצבטיות בע,IL,קמיל בלו סנסיטיב אל דמע ל,מיליליטרים,500.00,"100 מ""ל",false,,17.90,0.0358,true,1,1350117
7290011026530,false,ק.ב סנסטיב אל סבון לבנדר קמומיל לפני השינה 500 מ,פישר מעבדות פרמצבטיות בע,IL,קמיל בלו סנסיטיב אל סבון,מיליליטרים,500.00,"100 מ""ל",false,,17.90,0.0358,true,1,1350118
7290011051525,false,ספרינג תה קר אפרסק 500מל,יפאורה שותפות מובגלת לשיווק,IL,ספרינג תה קר אפרסק 5,מיליליטרים,500.00,"100 מ""ל",false,,4.80,0.0096,true,1,3867747
7290011051938,false,תפוזינה תפוח רענן 1.5 ל',יפאורה שותפות מובגלת לשיווק,IL,משקה קל בטעם תפוח מר,ליטרים,1.50,ליטר,false,,7.60,5.0667,true,1,1330615
7290011065072,false,"תמצית בטעם וניל 50 מ""ל",,,תמצית בטעם וניל 50 מ,100 מל,50.00,100 מל,false,,3.50,0.0700,true,1,2889856
7290011065089,false,"תמצית בטעם רום 50 מ""ל",,,"תמצית בטעם רום 50 מ""",100 מל,50.00,100 מל,false,,3.50,0.0700,true,1,2889857
7290011065133,false,"תמצית בטעם ורדים 50 מ""ל",,,תמצית בטעם ורדים 50,100 מל,50.00,100 מל,false,,5.50,0.1100,true,1,2889859
7290011065140,false,"צבע מאכל ירוק 50 מ""ל",,,"צבע מאכל ירוק 50 מ""ל",100 מל,50.00,100 מל,false,,3.20,0.0640,true,1,2889860
7290011065157,false,"צבע מאכל כחול 50 מ""ל",,,"צבע מאכל כחול 50 מ""ל",100 מל,50.00,100 מל,false,,3.20,0.0640,true,1,2889861
7290011065171,false,צבע מאכל אדום 50 גר,,,צבע מאכל אדום 50 גר,גרמים,50.00,100 גרם,false,,3.20,0.0640,true,1,2889863
7290011065188,false,שוקולד ציפס 48% רמילוי,,,שוקולד ציפס 48% רמיל,גרמים,250.00,100 גרם,false,,10.90,0.0436,true,1,3871471
7290011065225,false,סוכריות צבעוניות לקי,,,סוכריות צבעוניות לקי,גרמים,200.00,100 גרם,false,,7.90,0.0395,true,1,2889864
7290011065256,false,קורנפלור 200 גרם רמי,,,קורנפלור 200 גרם רמי,גרמים,200.00,100 גרם,false,,2.50,0.0125,true,1,2817436
7290011065324,false,פפריקה מתוקה 80ג שקית רמילוי,,,פפריקה מתוקה 80ג שקי,גרמים,80.00,100 גרם,false,,4.90,0.0613,true,1,3797637
7290011065331,false,כמון טחון 50 שקית רמילוי,,,כמון טחון 50 שקית רמ,גרמים,50.00,100 גרם,false,,4.90,0.0980,true,1,3797638
7290011065348,false,כורכום טחון 80 שקית רמילוי,,,כורכום טחון 80 שקית,גרמים,80.00,100 גרם,false,,4.90,0.0613,true,1,3797639
7290011065386,false,פלפל שחור טחון 50גר שקית רמילוי,,,פלפל שחור טחון 50גר,גרמים,50.00,100 גרם,false,,6.90,0.1380,true,1,3797641
7290011065416,false,פלפל שחור מטחנה מימונס 60 גרם,"א.ל ייצור ושיווק תבלינים בע""מ",IL,תבלין פלפל שחור מטחנ,גרמים,60.00,100 גרם,false,,14.90,0.2483,true,1,2884980
7290011065423,false,תבלין מלח ים מטחנה 90 גר,א.ל ייצור ושיווק תבלינים,IL,תבלין מלח ים מטחנה 9,גרמים,90.00,100 גרם,false,,14.90,0.1656,true,1,2884981
7290011065430,false,צ'ילי מטחנה מימונס 50 גרם,א.ל ייצור ושיווק תבל,,תבלין צ'ילי מטחנה 30,גרמים,30.00,100 גרם,false,,14.90,0.4967,true,1,2884998
7290011065447,false,תבלין לפיצה מטחנה מימונס 50 גרם,"א.ל ייצור ושיווק תבלינים בע""מ",IL,תבלין לפיצה מטחנה 30,גרמים,30.00,100 גרם,false,,14.90,0.4967,true,1,2884999
7290011065539,false,שמרים יבשים בוואקום 500ג רמילוי,,,שמרים יבשים בוואקום,גרמים,500.00,100 גרם,false,,10.90,0.0218,true,1,3237666
7290011065546,false,שמרים יבשים בוואקום 125ג רמילוי,,,שמרים יבשים בוואקום,גרמים,125.00,100 גרם,false,,4.90,0.0392,true,1,3237667
7290011065829,false,תבלין פלפל ארבע עונות 35 ג מטחנה,א.ל ייצור ושיווק תבלינים,IL,תבלין פלפל ארבע עונו,גרמים,60.00,100 גרם,false,,14.90,0.2483,true,1,3277098
7290011081492,false,גלידה בטעם שלושה שוקולדים 1.33ל' קרמיסימו,"גלידת שטראוס בע""\מ, רחוב",IL,קרמיסימו שלושה שוקול,ליטרים,1.33,ליטר,false,,17.90,13.4586,true,1,1339892
7290011081690,false,קרמיסימו פרווה שוקו ציפ+וניל ציפ 1.33ל,"גלידת שטראוס בע""\מ, רחוב",IL,קרמיסימו פרווה שוקו,ליטרים,1.33,ליטר,false,,17.90,13.4586,true,1,1339895
7290011113926,false,דאודורנט ספריי טיטניום בלאק Titanium Black,משווק: וסמופארם בעממ,IL,דאו ספריי טיטניום 18,מיליליטרים,180.00,"100 מ""ל",false,,14.90,0.0828,true,1,1332344
7290011115203,false,אל סבון מוצק מבושם בניחוח עדין קלאסיק - מארז רביעיה,טרופיקל דגיל תעשיות,IL,סבון מוצק מועשר ורוד,גרמים,400.00,100 גרם,false,,10.90,0.0273,true,1,1332353
7290011115258,false,אל סבון מוצק מבושם בניחוח עדין קלאסיק - מארז רביעיה,"גליל כימיכלים בע""מ",IL,סבון מוצק מועשר ירוק,גרמים,400.00,100 גרם,false,,10.90,0.0273,true,1,1332355
7290011115265,false,מארז סבון מוצק ארומה אל סבון מועשר בשמנים ארומטיים,"גליל כימיכלים בע""מ",IL,סבון מוצק מועשר בניח,גרמים,400.00,100 גרם,false,,10.90,0.0273,true,1,1332356
7290011115272,false,אל סבון מוצק מועשר בקרם לחות צמחים - מארז רביעיה,קוסמופארם בע''מ,IL,סבון מוצק מועשר בקרם,גרמים,400.00,100 גרם,false,,10.90,0.0273,true,1,1332357
7290011115289,false,אל סבון מוצק מבושם בניחוח עדין קלאסיק - מארז רביעיה,"גליל כימיכלים בע""מ",IL,סבון מוצק מועשר סגול,גרמים,400.00,100 גרם,false,,10.90,0.0273,true,1,1332358
7290011115296,false,אל סבון מוצק מועשר בקרם לחות לבנדר - מארז רביעיה,נקה 7,,סבון מוצק מועשר בקרם,גרמים,400.00,100 גרם,false,,10.90,0.0273,true,1,1332359
7290011115401,false,אל סבון ארומטי מוצק צהוב קמומיל - רביעייה,נקה 7,IL,סבון מוצק ארומה לבן,גרמים,400.00,100 גרם,false,,10.90,0.0273,true,1,1332364
7290011126209,false,הגן הקסום תה טעם תפוח וקינמון סיידר ויסוצקי 25 יח',תה ויסוצקי,IL,הגן הקסום תה טעם תפו,יח',25.00,יח',false,,16.90,0.6760,true,1,1336236
7290011126452,false,הגן הקסום תה בטעם קמומיל ונענע ויסוצקי 25 יחידות,תה ויסוצקי,IL,הגן הקסום תה בטעם קמ,יח',25.00,יח',false,,16.90,0.6760,true,1,1336244
7290011131975,false,גרנולה בתוספת פירות מיובשים ומסוכרים,ויטליאה ניקולה דו,MK,גרנולה בתוספת פירות,גרמים,1000.00,100 גרם,false,,24.90,0.0249,true,1,1333014
7290011133252,false,סודה למון ליים 1.5*4ליטר,טמפו משקאות בעמ,IL,סודה לימון ליים 1.5,ליטרים,6.00,ליטר,false,,9.90,1.6500,true,1,1326662
7290011133375,false,בירה שנדי בתוספת משקה אפרסק - שישייה,"טמפו משקאות בע""מ",IL,שנדי אפרסק 330 בקבוק שישי,ליטרים,1.98,ליטר,false,,27.90,14.0909,true,1,1326665
7290011133450,false,פקדון בקבוק חוזר 500,,,בקבוק חוזר 500מל פקד,יח',1.00,יח',false,,1.20,1.2000,true,1,1326594
7290011133511,false,ארגז פלסטיק גולדסטאר,,,ארגז פלסטיק לבקבוק ח,יח',1.00,יח',false,,30.60,30.6000,true,1,1326670
7290011133634,false,"פפסי מקס פחית צרה מארז שישייה 330 מ""ל","טמפו משקאות בע""\מ",IL,פפסי מקס פחית דל קלו,ליטרים,1.98,ליטר,false,,16.90,8.5354,true,1,3878833
7290011148621,false,דאבל ברוקולי,,,דאבל ברוקולי,יח',1.00,יח',false,,16.90,16.9000,true,1,3834312
7290011148829,false,בזיליקום גלאט,,,בזיליקום גלאט,יח',1.00,יח',false,,5.90,5.9000,true,1,3894727
7290011154028,false,תרכיז סיידר תפוחים טהור טעמי הגליל 1.2 ליטר,טעמי הגליל,IL,תרכיז סיידר תפוחים ט,ליטרים,1.20,ליטר,false,,39.90,33.2500,true,1,1334681
7290011154035,false,"תרכיז תפוחים סחוט טעמי הגליל 500 מ""ל",טעמי הגליל,IL,רכז תפוחים סחוט 500,מיליליטרים,500.00,"100 מ""ל",false,,19.90,0.0398,true,1,3883558
7290011154080,false,"תרכיז תפוחים צלול טעמי הגליל 500 מ""ל",טעמי הגליל,IL,רכז תפוחים צלול 500,מיליליטרים,500.00,"100 מ""ל",false,,19.90,0.0398,true,1,3883559
7290011154141,false,סילאן לחיץ 360 גרם רמי לוי,,,סילאן לחיץ 360 גרם ר,גרמים,360.00,100 גרם,false,,8.90,0.0247,true,1,3836364
7290011154158,false,סילאן לחיץ טבעי 350 ג רמי לוי,,,סילאן לחיץ טבעי 350,גרמים,350.00,100 גרם,false,,11.90,0.0340,true,1,3836365
7290011154165,false,סילאן 900 גרם רמי לוי,,,סילאן 900 גרם רמי לו,גרמים,900.00,100 גרם,false,,9.90,0.0110,true,1,3836366
7290011154172,false,סילאן טבעי 900 ג רמי לוי,,,סילאן טבעי 900 ג רמי,גרמים,900.00,100 גרם,false,,19.90,0.0221,true,1,3836367
7290011154189,false,ממרח תמרים 450 ג רמי לוי,,,ממרח תמרים 450 ג רמי,גרמים,450.00,100 גרם,false,,4.50,0.0100,true,1,3836368
7290011154196,false,תמרים ללא חרצנים 500 גרם רמי לוי,,,תמרים ללא חרצנים 500,גרמים,500.00,100 גרם,false,,10.90,0.0218,true,1,3836369
7290011154882,false,"תרכיז תפוזים 500 מ""ל טעמי הגליל",טעמי הגליל,IL,תרכיז תפוזים טבעי 50,מטרים,500.00,100 מ'ל,false,,26.90,0.0538,true,1,3901404
7290011164553,false,"טופי בטעם פירות 700 גרם ""טעים""",טעמן,BR,סוכריות טופי ממולא ב,גרמים,700.00,100 גרם,false,,14.90,0.0213,true,1,1328509
7290011174231,false,עוגת מוס גבינה אוכמניות 850 גרם,קפולסקי שיווק וקמעונ,IL,עוגת מוס גבינה אוכמנ,גרמים,850.00,100 גרם,false,,64.90,0.0764,true,1,1358143
7290011194215,false,מעדן גבינה ויוגורט בטעם בננה 5% שומן 88 ג' דניאלה,"שטראוס בריאות בע""מ",IL,דניאלה בטעם בננה 150,מיליליטרים,150.00,"100 מ""ל",false,,3.90,0.0260,true,1,1341838
7290011194246,false,קוטג' 5% עם סידן 250 ג' שטראוס,מיוצר עי קונדיטוריית,IL,קוטג' 5% שומן 250 גר,גרמים,250.00,100 גרם,false,,5.80,0.0232,true,1,1341839
7290011215934,false,"תערובת לעוגה בטעם שוקולד פילסברי 500 גרם כשל""פ",ליימן-שליסל,IL,פילסבורי תערובת עוגת,גרמים,560.00,100 גרם,false,,15.90,0.0284,true,1,1337205
7290011223038,false,בונומי עלים לקרמשניט שכבות אפויות מבצק עלים 300 גרם,בונומי ס.פ.א,IT,עלים לקרמשניט - בונומי 30,גרמים,300.00,100 גרם,false,,14.80,0.0493,true,1,1351697
7290011223045,false,בישקוטים בונומי 200 גרם,בונומי ס.פ.א,IT,בישקוטים בונומי 200גרם,גרמים,200.00,100 גרם,false,,5.90,0.0295,true,1,1351698
7290011223205,false,ריבת חלב ארגנטינאית דולקור דאנש 450 גרם,אשבל מזון פונקציונלי,IL,ריבת חלב ארגנטינאית חדשה,גרמים,450.00,100 גרם,false,,14.90,0.0331,true,1,1351704
7290011223229,false,"טואלט דאק ג'ל לאסלה טיפות טל רעננות 55 מ""ל","איטיליאן פוד, אס.פי.",IT,ט.ד ג'ל אסלה טיפות טל רענ,מטרים,55.00,100 מ'ל,false,,9.90,0.1800,true,1,1351705
7290011223243,false,"טואלט דאק ג'ל לאסלה בניחוח לבנדר 55 מ""ל","איטיליאן פוד, אס.פי.",IT,ט.ד ג'ל אסלה ניחוח לבנדר,מטרים,55.00,100 מ'ל,false,,9.90,0.1800,true,1,1351706
7290011240134,false,מיץ ענבים בית סבא - מוסקט לבן 1ליטר.,יקבי ציון,IL,מיץ ענבים מוסקט 1 לי,ליטרים,1.00,100 ליטר,false,,16.90,16.9000,true,1,3894876
7290011240318,false,"יין שאטו דה למר קברנה סוביניון יקבי ציון 750 מ""ל",יקבי ציון,IL,שאטו דה למר קברנה סו,מיליליטרים,750.00,"100 מ""ל",false,,17.90,0.0239,true,1,1358093
7290011240837,false,"יין שאטו דה למר מרלו יקבי ציון 750 מ""ל",יקבי ציון,IL,יין שאטו דה למר מרלו,מיליליטרים,750.00,"100 מ""ל",false,,17.90,0.0239,true,1,1358095
7290011240905,false,"יין מוסקטו לבן מבעבע יקבי ציון 750 מ""ל",יקבי ציון,IL,מוסקטו לבן מבעבע,מיליליטרים,750.00,"100 מ""ל",false,,24.90,0.0332,true,1,1358097
7290011276485,false,חסה עגולה רמי לוי,,,חסה עגולה רמי לוי,יח',1.00,יח',false,,5.90,5.9000,true,1,2337386
7290011379018,false,פטריות טריות מיקס מרינה זוגי 250X2ג',"מרינה פטריות הגליל בע""מ",IL,צמד פטריות מרינה,יח',1.00,יח',false,,14.90,14.9000,true,1,1345543
7290011392055,false,אקווה פרש מברשת סופט פלקס 3 יחידות,גלקסוסמיתקליין,DE,אקוה פרש מברשת פלקס שלישי,יח',1.00,יח',false,,9.90,9.9000,true,1,1344074
7290011435226,false,דבש מפרחי בר לחיץ 650 ג' יד מרדכי,מכוורת יד מרדכי שטראוס ב,IL,דבש לחיץ 650 גרם,גרמים,650.00,100 גרם,false,,33.90,0.0522,true,1,1327781
7290011438142,false,"משקה יטבתה אייס קפה בבקבוק אישי 350 מ""ל",שטראוס גרופ,IL,אייס קפה יטבתה 350 מ,מיליליטרים,350.00,"100 מ""ל",false,,6.20,0.0177,true,1,1341847
7290011447014,false,מטרנה דייסת סלט פירות 200 גרם,מטרנה תעשיות ש.מ,IL,מטרנה דייסת סלט פירו,גרמים,200.00,100 גרם,false,,12.90,0.0645,true,1,1329634
7290011447120,false,תחליף חלב מטרנה מהדרין ללא שלב חלבי 700 גרם,מטרנה תעשיות ש.מ,IL,תחליף חלב מהדרין פרי,גרמים,700.00,100 גרם,false,,47.90,0.0684,true,1,1329637
7290011447267,false,מטרנה פרימיום חלבי שלב 1 700 גרם חיסכון,מטרנה תעשיות ש.מ,IL,תחליף חלב חלבי שלב 1,גרמים,700.00,100 גרם,false,,47.90,0.0684,true,1,1329639
7290011447281,false,מטרנה פרימיום חלבי שלב 2 700 גרם חיסכון,מטרנה תעשיות ש.מ,IL,תחליף חלב חלבי שלב 2,גרמים,700.00,100 גרם,false,,47.90,0.0684,true,1,1329641
7290011447304,false,מטרנה פרימיום חלבי שלב 3 700 גרם חיסכון,מטרנה תעשיות ש.מ,IL,תחליף חלב חלבי שלב 3,גרמים,700.00,100 גרם,false,,47.90,0.0684,true,1,1329643
7290011447359,false,תחליף חלב מטרנה מהדרין שלב 1 חלבי 700 גרם,מולינו ניקולי s.p.a,IL,תחליף חלב מהדרין שלב,גרמים,700.00,100 גרם,false,,47.90,0.0684,true,1,1329646
7290011447373,false,תחליף חלב מטרנה מהדרין שלב 2 חלבי 700 גרם,מטרנה תעשיות ש.מ,IL,תחליף חלב מהדרין שלב,גרמים,700.00,100 גרם,false,,47.90,0.0684,true,1,1329648
7290011447908,false,"מזון לחתולים מלא טעם עוף וכבד סופר קט 3 ק""ג",קריות זול,IL,מזון לחתולים מלא טעם,100 לקג,3.00,100 לקג,false,,39.90,13.3000,true,1,1336669
7290011468484,false,טחינה הנסיך שומשום מ,STRAUSS-ISRAEL,,טחינה משומשום מלא 45,גרמים,450.00,100 גרם,false,,9.90,0.0220,true,1,3896564
7290011468613,false,טחינה אורגנית 500ג רמילוי,,,טחינה אורגנית 500ג ר,גרמים,500.00,100 גרם,false,,12.90,0.0258,true,1,3878894
7290011468620,false,טחינה גולמית 500ג רמילוי,,,טחינה גולמית 500ג רמ,גרמים,500.00,100 גרם,false,,8.90,0.0178,true,1,3878895
7290011468637,false,טחינה גולמית 1קג רמי,,,טחינה גולמית 1קג רמי,גרמים,1000.00,100 גרם,false,,15.90,0.0159,true,1,3878896
7290011468644,false,טחינה מלאה 500גר רמי,,,טחינה מלאה 500גר רמי,גרמים,500.00,100 גרם,false,,8.90,0.0178,true,1,3878897
7290011468675,false,ממרח טחינה עם בוטנים,,,ממרח טחינה עם בוטנים,גרמים,350.00,100 גרם,false,,9.90,0.0283,true,1,3883318
7290011473006,false,קינואה אורגני לבנה 500 גרם,ארוז ע' תבואות,BO,קינואה אורגני לבנה 5,גרמים,500.00,100 גרם,false,,16.50,0.0330,true,1,2161971
7290011473358,false,שעועית שחורה אורגנית 500 גרם,תבואות,US,שעועית שחורה אורגנית,גרמים,500.00,100 גרם,false,,11.90,0.0238,true,1,2161993
7290011473464,false,סובין שיבולת שועל אורגנית,תבואות,GB,סובין אורגני 400 גרם,גרמים,400.00,100 גרם,false,,10.90,0.0273,true,1,2161998
7290011473907,false,סובין חיטה טבעי 200 גרם,תבואות,IL,סובין חיטה טבעי 200,גרמים,200.00,100 גרם,false,,4.90,0.0245,true,1,2162002
7290011473969,false,קינואה טריו אורגנית 500 גרם,תבואות,BO,קינואה טריו אורגנית,גרמים,500.00,100 גרם,false,,22.90,0.0458,true,1,2162003
7290011474256,false,מלח הימליה גס שקית 1 קילו תבואות,תבואות,,מלח הימליה גס שקית 1,גרמים,1000.00,100 גרם,false,,16.90,0.0169,true,1,2161866
7290011474362,false,קמח עדשים אורגני 500 גרם תבואות,תבואות,TR,קמח עדשים אורגני 500,גרמים,500.00,100 גרם,false,,15.80,0.0316,true,1,2651205
7290011474386,false,קוואקר דק אורגני 500 גרם,תבואות,,קוואקר דק אורגני 500,גרמים,500.00,100 גרם,false,,12.90,0.0258,true,1,2161867
7290011480516,false,שמיר מהדרין קטיף טרי,TBD,,שמיר מהדרין,יח',1.00,יח',false,,4.90,4.9000,true,1,1356558
7290011486389,false,שוקולד לבן מהדרין לפ,כרמית,IL,שוקולד לבן מהדרין לפ,גרמים,85.00,100 גרם,false,,4.30,0.0506,true,1,1327134
7290011499051,false,פטה כבשים מסורתית 20% בגביע 250 גרם - רובין,MKN עבור מחלבות גד ב,IL,גבינת פטה כבשים 20%,גרמים,250.00,100 גרם,false,,23.90,0.0956,true,1,1330495
7290011499112,false,בולגרית מסורתית 16% 250 גרם - רבנות,"מיוצר ע""י dsh",IL,גד בולגרית 16% 250 ג,גרמים,250.00,100 גרם,false,,21.90,0.0876,true,1,1330497
7290011499129,false,גבינה בולגרית מעודנת קוביות קטנות 5% גד 200 גרם,קוד יצרן DSH,IL,גבינה בולגרית מעודנת,גרמים,200.00,100 גרם,false,,19.90,0.0995,true,1,1330498
7290011499303,false,גבינה בולגרית עזים 5% גד מעודנת 250 גרם,ג'נרל מילס סאן אדריא,IL,פטה עיזים מעודנת 5%,גרמים,250.00,100 גרם,false,,29.90,0.1196,true,1,1330503
7290011499327,false,גבינה בולגרית מעודנת 5% 250 גרם - רבנות,מיוצר על ידי DSH עבו,IL,גבינה בולגרית מעודנת,גרמים,250.00,100 גרם,false,,21.90,0.0876,true,1,1330505
7290011499365,false,גד חלומי 24% 200 גרם רובין,"מחלבות גד בע""\מ",IL,גד חלומי 200 גר,גרמים,200.00,100 גרם,false,,18.90,0.0945,true,1,1330509
7290011499419,false,גבינה במרקם שמנת בטעם טבעי 5% ניו יורק,גבינות מדף,IL,גבינת שמנת ניו יורק,גרמים,200.00,100 גרם,false,,11.40,0.0570,true,1,1330512
7290011499525,false,גבינת לאבנה דרוזית 9% גד 500 גרם,מחלבות גד בעמ,IL,גבינת לאבנה דרוזית 9,גרמים,500.00,100 גרם,false,,18.90,0.0378,true,1,1330517
7290011499624,false,שמנת 30% ניו יורק טבעי 200 גרם רבנות,גבינות מדף,IL,גבינת שמנת בטעם טבעי,גרמים,200.00,100 גרם,false,,12.90,0.0645,true,1,1330519
7290011499846,false,גבינת ריקוטה פרסקה 9% גד 300 גרם,מחלבות גד בעמ,IL,גבינת ריקוטה פרסקה 9,גרמים,300.00,100 גרם,false,,16.90,0.0563,true,1,1330532
7290011499853,false,שמנת 30% ניו יורק זיתים מחלבות גד,מחלבות גד (שיווק 199,IL,גבינת שמנת עם זיתים,גרמים,200.00,100 גרם,false,,12.90,0.0645,true,1,1330533
7290011518561,false,"אקטימל תות 1.51 ק""ג מארז 14 יחידות",מיוצר עי קונדיטוריית,IL,יוגורט אקטימל תות 14,ליטרים,1.40,ליטר,false,,28.90,20.6429,true,1,1341855
7290011525316,false,"ד""ר פישר - קמיל בלו סנסיטיב תחליב לתינוק שיבולת 500 מ""ל",פישר מעבדות פרמצבטיות בע,IL,קמיל בלו סנסיטיב תחליב לת,מיליליטרים,500.00,"100 מ""ל",false,,29.90,0.0598,true,1,1350127
7290011525712,false,"קמיל בלו אל סבון סנסיטיב לפני השינה ד""ר פישר 1 ליטר",פישר מעבדות פרמצבטיות בע,IL,קמיל בלו סנסיטיב אל סבון,ליטרים,1.00,ליטר,false,,32.80,32.8000,true,1,1350131
7290011525729,false,שמפו לתינוק קמיל בלו סנסטיב לפני השינה עם לבנדר וקמומיל,פישר מעבדות פרמצבטיות בע,IL,קמיל בלו סנסיטיב שמפו לפנ,ליטרים,1.00,ליטר,false,,32.80,32.8000,true,1,1350132
7290011552022,false,פטס מנטרל ריחות טבעי,,,פטס מנטרל ריחות טבעי,יח',1.00,יח',false,,39.90,39.9000,true,1,3886997
7290011570088,false,ממרח ריבת חלב לייט ללא תוספת סוכר,Satko ltd,IL,ריבת חלב לייט 400ג,גרמים,400.00,100 גרם,false,,18.90,0.0472,true,1,1326304
7290011570132,false,"תחליף קמח ללא גלוטן 1 קֿֿֿֿ""ג 10X",אשבל מזון פונקציונלי,IL,קמח ללא גלוטן גלעם 1,גרמים,1000.00,100 גרם,false,,4.90,0.0049,true,1,1326305
7290011570507,false,קמח כרגיל ללא גלוטן 450 גרם,אשבל מזון פונקציונלי בע\,IL,קמח נטול גלוטן רב תכ,גרמים,450.00,100 גרם,false,,14.90,0.0331,true,1,1326309
7290011570644,false,קמח רב תכליתי ללא גלוטן אשבל 450 גרם,אשבל מזון פונקציונלי בע\,IL,קמח כרגיל ללחם 500 ג,גרמים,450.00,100 גרם,false,,14.90,0.0331,true,1,1326310
7290011570798,false,"קמח כרגיל ללא גלוטן בטעם שוקולד אשבל 1 ק""ג",אשבל מזון פונקציונלי בע\,IL,קמח כרגיל ללא גלוטן,גרמים,450.00,100 גרם,false,,14.90,0.0331,true,1,2042953
7290011575809,false,"הגרטי תרסיס לניקוי כלי כסף יעקבי 200 מ""ל",יעקובי הפי,BE,הגרטי תרסיס לניקוי כ,מיליליטרים,200.00,"100 מ""ל",false,,29.90,0.1495,true,1,1335059
7290011587581,false,פילה אנשובי תומר צנצנת 100 גרם,אינוורסינס פריסקו,PE,אנשובי צנצנת 100 גר,יח',1.00,יח',false,,9.90,9.9000,true,1,1326319
7290011587598,false,שימורי אנשובי בפח 45 ג' תומר,אינוורסיונס פריסקו,PE,אנשובי בפח 26 גר -תו,יח',1.00,יח',false,,4.90,4.9000,true,1,1326320
7290011587833,false,חצאי עגבניות מיובשות מתובלות בשמן חמניות ועשבי תיבול,Sunto gida sun ve ti,,עגב. חצויות מיובש בש,גרמים,340.00,100 גרם,false,,11.20,0.0329,true,1,1326330
7290011587840,false,עגבניות קצוצות בשמן 340 גר,תומר,,עגב. קצוצות בשמן 340,גרמים,340.00,100 גרם,false,,11.20,0.0329,true,1,1326331
7290011593087,false,"שמן זית כתית מעולה 750 מ""ל סבא חביב",סאן אויל עיבוד ושיוו,IL,סבא חביב שמן זית כתי,מטרים,750.00,100 מ'ל,false,,29.70,0.0396,true,1,3904718
7290011598211,false,"סנו - אנטי קאלק מרסס ניקוי כללי 4 ב-1 700 מ""ל",מיוצר עי קונדיטוריית,IL,אנטי קאלק תרסיס לניק,מיליליטרים,700.00,"100 מ""ל",false,,17.70,0.0253,true,1,1332372
7290011598259,false,"פרש מטהר אוויר אוטומטי בניחוח מאסק סנו 250 מ""ל",סנו מפעלי ברונוס בעמ,IL,פרש מטהר אוויר אוטומ,מיליליטרים,250.00,"100 מ""ל",false,,12.90,0.0516,true,1,1332373
7290011598365,false,רביעיית מטליות מיקרופייבר מקצועיות סנו סושי,סנו סושי,IL,סנו סושי מטליות מקרו,יח',4.00,יח',false,,13.90,3.4750,true,1,1332374
7290011598372,false,מטלית מיקרופייבר פרופשיונל לרצפה סנו סושי,סנו מפעלי ברונוס.,IL,מטלית מיקרופייבר לרצ,יח',1.00,יח',false,,10.90,10.9000,true,1,1332375
7290011598402,false,מקסימה מרכך כביסה ארומתרפי מאסק סנו 4 ליטר,"סנו מפעלי ברונוס בע""\מ",IL,מקסימה מרכך כביסה אר,ליטרים,4.00,ליטר,false,,21.50,5.3750,true,1,1332376
7290011598457,false,ניירטואלט לבן סנו סופט 48 יח',מפעלי ברונוס בעמ,IL,נייר טואלט סופט לבן,יח',48.00,יח',false,,42.90,0.8937,true,1,1332378
7290011607197,false,"קולון 101 אבקת כביסה 5 ק""ג",רקיט בנקיזר,IL,COLON 101 3x5KG new promo,קילוגרמים,5.00,"ק""ג",false,,29.90,5.9800,true,1,1344873
7290011615260,false,"טורטייה 20 ס""מ קוטר וילי פוד 540 גר",מוטלוקל גידה סאנאי ט,TR,טורטיות 540 גרם,גרמים,540.00,100 גרם,false,,8.70,0.0161,true,1,1335965
7290011615406,false,בולגרית בקוביות בשמן ותבלינים הבולגריה 325 ג' קוליוס,"קוליוס אס. איי, גריק",GR,וילי פוד בולגריה ק.ב,גרמים,325.00,100 גרם,false,,12.90,0.0397,true,1,1350368
7290011618025,false,בייבי ביס הוט קידס נגיסי אורז לתינוק,גואנז'ו יונג וואנט פ,CN,נגיסי אורז לתינוקות בטעם,גרמים,50.00,100 גרם,false,,11.50,0.2300,true,1,1351720
7290011618124,false,חטיף אורז אפוי לתינוקות בטעם ירקות +6,גואנז'ו יונג וואנט פ,CN,נגיסי אורז לתינוקות בטעם,גרמים,50.00,100 גרם,false,,11.50,0.2300,true,1,1351724
7290011618131,false,"בייבי ביס חטיף אורז כשל""פ בטעם גזר",גואנז'ו יונג וואנט פ,CN,נגיסי אורז לתינוקות בטעם,גרמים,50.00,100 גרם,false,,11.50,0.2300,true,1,1351725
7290011618636,false,רייד נוזל מילוי 45 לילות,ג'נרל מילס סאן אדריא,CN,רייד מילוי נוזל בודד,יח',1.00,יח',false,,19.90,19.9000,true,1,1351741
7290011622442,false,טבעונים - חטיף טבעות דגנים מלאים בטעם טבעי 45 גרם,הארט Heart,IL,טבעונים טבעות דגנים מלאים,גרמים,45.00,100 גרם,false,,4.90,0.1089,true,1,1324058
7290011622664,false,כתמטמינים - חטיף אצבעות טחינה אורז ותירס 45 גרם,אלס נוטרישן,IL,כתמטמינים טחינה,גרמים,45.00,100 גרם,false,,4.90,0.1089,true,1,3105875
7290011622770,false,אצבעונים - פלוס בטעם וניל 130 גרם,מצות אביב בעמ,IL,אצבעונים פלוס,גרמים,130.00,100 גרם,false,,19.90,0.1531,true,1,3886064
7290011623005,false,עוגיות בראוניס 500 ג,טעמן,,עוגיות בראוניס 500 ג,גרמים,500.00,100 גרם,false,,29.90,0.0598,true,1,1328517
7290011623012,false,עוגיות קוקוס 500 גר,טעמן,,עוגיות קוקוס 500 גר,גרמים,500.00,100 גרם,false,,29.90,0.0598,true,1,1328518
7290011623197,false,ציפוי לשניצל 130גר' - לא שרויה אפיקומן,טעמן,,ציפוי לשניצל שקית 13,גרמים,200.00,100 גרם,false,,14.80,0.0740,true,1,1328531
7290011623302,false,קצפיות אפיקומן קפה 1,טעמן,,קצפיות אפיקומן קפה 1,גרמים,100.00,100 גרם,false,,14.90,0.1490,true,1,1328534
7290011623333,false,עוגיות קוקוס בטעם שוקולד אפיקומן 180 גרם,טעמן,,עוגיות קוקוס בטעם שו,גרמים,180.00,100 גרם,false,,14.90,0.0828,true,1,1328536
7290011623708,false,תערובת להכנת כדורי ש,,,תערובת להכנת כדורי ש,יח',1.00,יח',false,,12.90,12.9000,true,1,3892297
7290011668143,false,מסיכה משקמת ומטפחת לשיער צבוע ופגום,פנינה רוזנבלום PR,IL,"מסיכה משקמת 1 ק""ג פנ",100 מל,1000.00,100 מל,false,,26.80,0.0268,true,1,1340022
7290011668433,false,"שמפו לשיער צבוע שיאה 750 מ""ל פנינה רוזנבלום",פנינה רוזנבלום,IL,שמפו לשיער צבוע שיאה,מיליליטרים,750.00,"100 מ""ל",false,,8.90,0.0119,true,1,1340034
7290011668440,false,מרכך שיאה לשיער צבוע פנינה רוזנבלום 750 מל,פנינה רוזנבלום,IL,מרכך שיאה שיער צבוע,מיליליטרים,750.00,"100 מ""ל",false,,8.90,0.0119,true,1,1340035
7290011668570,false,בריא מהטבע גרנולה פירות יבשים 450 גרם פנינה רוזנבלום,בריא מהטבע פנינה רוזנבלום,IL,בריא מהטבע גרנולה פי,גרמים,450.00,100 גרם,false,,24.90,0.0553,true,1,1340040
7290011668594,false,בריא מהטבע תוספת בריאה לסלט 550 גרם פנינה רוזנבלום,בריא מהטבע פנינה רוזנבלום,IL,בריא מהטבע תוספת ברי,גרמים,550.00,100 גרם,false,,36.90,0.0671,true,1,1340042
7290011732257,false,"מיץ לימון איטלקי בפלסטיק טעמן 500 מ""ל",טעמן,IT,מיץ לימון טעמן 500 מ,מיליליטרים,500.00,"100 מ""ל",false,,6.90,0.0138,true,1,1328545
7290011732820,false,גרעיני תירס 340 גרם טעמן,טעמן,,גרעיני תירס מתוק טעמ,גרמים,340.00,100 גרם,false,,4.70,0.0138,true,1,1328552
7290011743833,false,"סנסודיין משחת שיניים פרונאמל 75 מ""ל",גלקסו סמית קליין,GB,"סנסודיין פרונמל 75 מ""ל",גרמים,75.00,100 גרם,false,,21.90,0.2920,true,1,1344089
7290011744892,false,"אקווה פרש - משחת שיניים ילדים ג'וניור 6+ 50 מ""ל",גלקסו סמית קליין,SK,א.פרש משחת ילדים ג'וניור,100 מל,50.00,100 מל,false,,13.60,0.2720,true,1,1344091
7290011765071,false,ג'ל גילוח לעור רגיל לחות והגנה Moisture,טרופיקל דגיל תעשיות,TR,ג'ל גילוח לעור רגיל,מיליליטרים,200.00,"100 מ""ל",false,,11.90,0.0595,true,1,1332379
7290011765088,false,ג'ל גילוח לעור רגיל מנטול Cool,טרופיקל דגיל תעשיות,TR,ג'ל גילוח קול קרמה מ,מיליליטרים,200.00,"100 מ""ל",false,,11.90,0.0595,true,1,1332380
7290011765095,false,קרמה מן גל גילוח אלוורה ירוק 200 מל,טרופיקל דגיל תעשיות,TR,ג'ל גילוח לעור עדין,מיליליטרים,200.00,"100 מ""ל",false,,11.90,0.0595,true,1,1332381
7290011765101,false,"קרמה - קצף גילוח כתום 200 מ""ל",קוסמופארם,,קצף גילוח לעור רגיל,מיליליטרים,200.00,"100 מ""ל",false,,9.70,0.0485,true,1,1332382
7290011765392,false,"בוב ספוג שמפו לשיער לסירוק קל כיף 750 מ""ל",טרופיקל דגיל תעשיות,IL,בוב ספוג שמפו לשיער,מיליליטרים,750.00,"100 מ""ל",false,,10.90,0.0145,true,1,1332395
7290011765408,false,שמפו + מרכך בוב ספוג לסירוק קל מכיל רוזמרין,קוסמופארם בע''מ,IL,בוב ספוג שמפו ומרכך,מיליליטרים,750.00,"100 מ""ל",false,,10.90,0.0145,true,1,1332396
7290011765422,false,אל סבון מועשר בלחות ותמצית קמומיל - בוב ספוג,קוסמופארם בע'\'\מ,IL,בוב ספוג אל סבון קמו,מיליליטרים,750.00,"100 מ""ל",false,,10.90,0.0145,true,1,1332398
7290011765446,false,משחת שיניים לילדים בוב ספוג בטעם מיץ ענבים עם פלואוריד למניעת עששת,טרופיקל דגיל תעשיות קוסמ,IL,משחת שיניים לילדים ב,גרמים,50.00,100 גרם,false,,7.50,0.1500,true,1,1332399
7290011765613,false,סנו מסיר עובש בניחות לימון מתז 1 ל',"סנו מפעלי ברונוס בע""\מ",IL,סנו מסיר עובש בניחוח,יח',1.00,יח',false,,14.90,14.9000,true,1,3868010
7290011778354,false,ביצים חופשיות 20 יחידות,ביצים מן הטבע,IL,ביצים חופשיות מן הטב,יח',20.00,יח',false,,29.90,1.4950,true,1,1339757
7290011778378,false,ביצים גדולות L אומגה,ביצים מן הטבע,,ביצים גדולות L אומגה,יח',12.00,יח',false,,18.90,1.5750,true,1,1339758
7290011800642,false,סלט מטבוחה רפי כהן 400גר,סלטי צבר,IL,צבר סלט מטבוחה מרוקא,גרמים,400.00,100 גרם,false,,14.90,0.0373,true,1,1329650
7290011800840,false,רפי כהן סלט טחינה בלאדי צבר 400 גרם,רפי כהן / צבר,IL,רפי כהן סלט טחינה בל,גרמים,400.00,100 גרם,false,,14.90,0.0373,true,1,1329654
7290011830243,false,אטריות אורג. ללא גלוטן מאורז תאילנדי 250,השדה מוצרים אורגניים,CN,*מבצע* אטריות נודלס,גרמים,250.00,100 גרם,false,,15.90,0.0636,true,1,1324067
7290011830274,false,אטריות אורגניות ללא גלוטן מאורז שחור 250,השדה מוצרים אורגניים,CN,נודלס אורגניות אורז,גרמים,250.00,100 גרם,false,,17.70,0.0708,true,1,1324070
7290011830564,false,ביסקוויט פתי בר כוסמין אורגני,השדה מוצרים אורגניים,IL,פתי בר אורגני כוסמין,גרמים,200.00,100 גרם,false,,11.60,0.0580,true,1,3887108
7290011860301,false,כדורי תפוא ביסבול תפ,"תעשיות תפוגן בע""\מ",IL,ביסבול כדורי פירה מת,גרמים,700.00,100 גרם,false,,11.90,0.0170,true,1,1329658
7290011876388,false,קציצות עוף ובקר מאמא עוף 600 גרם,תנובה גליל שותפות מו,IL,קציצות עוף ובקר מאמא,גרמים,600.00,100 גרם,false,,27.90,0.0465,true,1,1325095
7290011876494,false,שניצל עוף תירס 750 ג' מאמא עוף,תנובה גליל,IL,שניצל עוף ותירס מאמא,גרמים,750.00,100 גרם,false,,34.90,0.0465,true,1,1325097
7290011876609,false,שניצל דקדק פריך כשר לפסח,תנובה גליל שותפות מו,IL,שניצל אמיתי ביתי כשל,גרמים,700.00,100 גרם,false,,34.90,0.0499,true,1,1325098
7290011877088,false,"רדיד אלומיניום רוחב 30 ס""מ, 18 מיקרון - מארז זוג",בורסה פאזרי,TR,רדיד אלומיניום קצר 3,יח',1.00,יח',false,,14.90,14.9000,true,1,1332402
7290011877095,false,"רדיד אלומיניום רוחב 45 ס""מ סנו סושי 2*7.5 מטר",בורסה פאזרי,TR,רדיד אלומיניום רוחב,אורך,7.50,אורך,false,,19.90,2.6533,true,1,1332403
7290011877156,false,"מבשם אוויר, בגדים וארונות פרש בניחוח מאסק",מיוצר עי קונדיטוריית,IL,סנופרש ענק מאסק,מיליליטרים,375.00,"100 מ""ל",false,,9.80,0.0261,true,1,1332405
7290011877859,false,סנו אינסטלטור חדש פותח סתימות 200ג',מיוצר עי קונדיטוריית,IL,אינסטלטור פותח סתימו,מיליליטרים,200.00,"100 מ""ל",false,,9.90,0.0495,true,1,1332413
7290011877866,false,"מקסימה אבקת כביסה בניחוח מאסק סנו 6 ק""ג","סנו מפעלי ברונוס בע""\מ",IL,מקסימה אבקת כביסה בנ,קילוגרמים,6.00,"ק""ג",false,,44.90,7.4833,true,1,1332414
7290011923068,false,הצהובה הקלאסית פרוס תחליף שומן צמחי 200גר,,GR,הצהובה הקלאסית פרוס,גרמים,200.00,100 גרם,false,,18.90,0.0945,true,1,3898099
7290011923273,false,טופו אורגני-ליב 300 גרם,א.י.ן תעשיות מזון בע,IL,טופו אורגני 300גרם ל,גרמים,300.00,100 גרם,false,,11.90,0.0397,true,1,1352075
7290011923303,false,טופו טבעי 300גרם ליב,א.י.ן תעשיות מזון בע,IL,טופו טבעי 300גרם ליב,גרמים,300.00,100 גרם,false,,9.90,0.0330,true,1,1352076
7290011931162,false,סוכרלייט ממתיק נוזלי על בסיס סוכרלוז,אף.סי תבליני בגליל ב,IL,סוכרלייט ממתיק נוזלי,מיליליטרים,220.00,"100 מ""ל",false,,22.90,0.1041,true,1,1327785
7290011931193,false,סוכרלייט ממתיק אבקה סוכרזית 100 גרם,סוכרזית Sucrazit,IL,סוכרלייט ממתיק אבקה,גרמים,100.00,100 גרם,false,,28.90,0.2890,true,1,1327786
7290011947309,false,זיתים מצוננים סורי מבוקע ולימון כבוש זיתא 230 ג',זיתא – י.ט.ב תעשיות,IL,זיתים סורים מבוקעים,גרמים,230.00,100 גרם,false,,13.50,0.0587,true,1,1336264
7290011947521,false,"שמן זית כתית מעולה 750 מ""ל טעם מודגש זיתא",זיתא - י.ט.ב תעשיות,IL,"שמן זית זיתא 750 מ""ל",מיליליטרים,750.00,"100 מ""ל",false,,32.90,0.0439,true,1,2545970
7290011947743,false,זיתים זיתא מיקס זית ירוק וזית קלמטה 215 גרם,זיתא - י.ט.ב תעשיות,IL,מיקס זיתים 215ג,גרמים,215.00,100 גרם,false,,13.50,0.0628,true,1,3879417
7290011947781,false,מיקס זית ירוק וזית קלמטה ללא גלעין עם שמן זית כתית מעולה,זיתא - י.ט.ב תעשיות,IL,מיקס זיתים ירוקים קל,גרמים,190.00,100 גרם,false,,13.90,0.0732,true,1,3892950
7290011947835,false,שמן זית כתית מעולה פטריות כמהין 475 גר',סטאר סנקס,IL,שמן זית כתית מעולה פ,מיליליטרים,475.00,"100 מ""ל",false,,22.80,0.0480,true,1,3892951
7290011947859,false,"זיתא שמן כתית פלפל צ'ילי 240 מ""ל",סטאר סנקס,IL,שמן זית כתית מעולה פ,מיליליטרים,475.00,"100 מ""ל",false,,22.80,0.0480,true,1,3891368
7290011947903,false,מיקס זיתים יווני 232 גרם,זיתא - י.ט.ב תעשיות,IL,מיקס זיתים יווני 215,יח',1.00,יח',false,,13.50,13.5000,true,1,3892954
7290011947965,false,מיקס זיתים ירוק+קלמטה190,זיתא - י.ט.ב תעשיות,IL,מיקס זית ירוק ללא גל,גרמים,330.00,100 גרם,false,,13.90,0.0421,true,1,3901814
7290011947972,false,זית מגולען טימין+רוזמ190,זיתא - י.ט.ב תעשיות,IL,זית ירוק ללא גלעין ב,גרמים,330.00,100 גרם,false,,13.90,0.0421,true,1,3901815
7290011947989,false,זית זיתא ירוק מגולען,זיתא - י.ט.ב תעשיות,IL,זית ירוק ללא גלעין ט,גרמים,330.00,100 גרם,false,,13.90,0.0421,true,1,3901816
7290011947996,false,זית סורי שחור עם שמן,זיתא - י.ט.ב תעשיות,IL,זית סורי שחור עם שמן,גרמים,215.00,100 גרם,false,,13.50,0.0628,true,1,3901817
7290011977627,false,סרדינים בשמן צמחי טעים 125 גרם,טעמן,MA,סרדינים בשמן צמחי טע,גרמים,125.00,100 גרם,false,,3.90,0.0312,true,1,1328581
7290011977634,false,סרדינים בשמן קנולה עם פלפל חריף טעים 125 גרם,טעמן,IL,סרדינים בשמן צמחי עם,גרמים,125.00,100 גרם,false,,3.90,0.0312,true,1,1328582
7290012001994,false,חרדל דיז'ון גרעינים 350 ג' ריין דיזון,ריין דיז'ון reine dijon,FR,חרדל דיגון גרעינים 350 גר,גרמים,350.00,100 גרם,false,,9.90,0.0283,true,1,1336678
7290012019265,false,רביעיית מחית תפוח עץ ללא תוספת סוכר תומר 113 גרם,אינדיאן סאמר קו אופ אינק,US,"מחית תפו""ע ללא תוספת",גרמים,452.00,100 גרם,false,,9.90,0.0219,true,1,1326339
7290012022203,false,פריכיות קליליות חיטה,דילייט 2005,IL,קליליות מרובה דגנים,יח',1.00,יח',false,,13.50,13.5000,true,1,1350481
7290012022227,false,קליליות חיטה בטעם טבעי,דילייט 2005,IL,קליליות רגיל 60 ג,יח',1.00,יח',false,,11.50,11.5000,true,1,1350482
7290012022272,false,פריכיות קליליות קידס,דילייט 2005,IL,קליליות ילדים 30 ג,יח',1.00,יח',false,,9.90,9.9000,true,1,1350483
7290012052200,false,גרנולה אגוזים זרעים ופירותי 800 גרם,רפאלס,IL,גרנולה אגוזים זרעים,גרמים,800.00,100 גרם,false,,27.90,0.0349,true,1,1353532
7290012052217,false,גרנולה עם אגוזים ופירות יבשים במתיקות מעודנת,רפאלס,,גרנולה אגוזים ופירות,גרמים,800.00,100 גרם,false,,23.90,0.0299,true,1,1353533
7290012052330,false,גרנולה תענוג חלבה ותמרים 1 ק''ג,רפאלס,IL,גרנולה תענוג חלבה ות,יח',1.00,יח',false,,21.90,21.9000,true,1,1353539
7290012071935,false,"ד""ר פישר - אמול לתינוק שמן רחצה טיפולי קלאסי 200 מ""ל","ד""ר פישר Dr fischer",,"ד""ר פישר אמול לתינוק",מיליליטרים,200.00,"100 מ""ל",false,,34.90,0.1745,true,1,3870515
7290012116032,false,כיף פיות מרכך לסירוק קל 750 מל,טרופיקל דגיל תעשיות,IL,מרכך לשיער פיות כיף,מיליליטרים,750.00,"100 מ""ל",false,,10.90,0.0145,true,1,1332426
7290012116360,false,פוליויקס נוזל לניקוי רצפות גרניט פורצלן סנו 2 ליטר,"מפעלי סנו ברונוס בע""",IL,פוליויקס נוזל לניקוי,ליטרים,2.00,ליטר,false,,16.90,8.4500,true,1,1332433
7290012116537,false,"מקסימה אבקת כביסה בניחוח מאסק סנו 2.5 ק""ג",טרופיקל דגיל תעשיות,IL,מקסימה אבקת כביסה בנ,קילוגרמים,2.50,"ק""ג",false,,22.90,9.1600,true,1,1332435
7290012116551,false,אנטי קאלק נוזל לניקוי כללי סנו 2 ליטר,מיוצר עי קונדיטוריית,IL,אנטי קאלק נוזל לניקו,ליטרים,2.00,ליטר,false,,17.90,8.9500,true,1,1332436
7290012116735,false,נייר טואלט גליל כפול סנו סופט 24 גלילים,סנו מפעלי ברונוס בעמ,IL,נייר טואלט סופט ג'מב,יח',24.00,יח',false,,39.90,1.6625,true,1,1332449
7290012117039,false,נוזל לניקוי אמבטיה 00 סנו 1 ליטר,סנו מפעלי ברונוס בעמ,IL,נוזל לניקוי אמבטיה 0,ליטרים,1.00,ליטר,false,,7.50,7.5000,true,1,1332457
7290012117091,false,"אבקת כביסה סנסיטיב סנו מקסימה 6 ק""ג",סנו מקסימה,IL,מקסימה אבקת כביסה סנ,קילוגרמים,6.00,"ק""ג",false,,44.90,7.4833,true,1,1332460
7290012117275,false,"קליר שקית מילוי לניקוי חלונות סנו 750 מ""ל",טרופיקל דגיל תעשיות,IL,קליר שקית מילוי לניק,מיליליטרים,750.00,"100 מ""ל",false,,5.80,0.0077,true,1,1332461
7290012117350,false,"נוזל רצפות לילך 2 ליטר ""ריצפז פרש""","סנו מפעלי ברונוס בע""\מ",IL,ריצפז פרש 2 לי,ליטרים,2.00,ליטר,false,,16.90,8.4500,true,1,1332462
7290012117411,false,"שמפו וג'ל רחצה רויבוס 700 מ""ל ""קרמה""",קוסמופארם בע'\'\מ,IL,ג'ל רחצה לגבר במבוק,מיליליטרים,700.00,"100 מ""ל",false,,14.90,0.0213,true,1,1332467
7290012117428,false,"ג'ל רחצה ושמפו מעיינות מנטה קרמה מן 700 מ""ל",טרופיקל דגיל תעשיות,IL,ג'ל רחצה ושמפו מעיינ,מיליליטרים,700.00,"100 מ""ל",false,,14.90,0.0213,true,1,1332468
7290012117435,false,"קרמה - שמפו וג'ל רחצה 2 ב-1 אלוורה 700 מ""ל",טרופיקל דגיל תעשיות,IL,ג'ל רחצה קרמה מן 700,מיליליטרים,700.00,"100 מ""ל",false,,14.90,0.0213,true,1,1332469
7290012117466,false,"תחליב רחצה לפנים תה ירוק קרמה 180 מ""ל",קוסמופארם,IL,תחליב רחצה לפנים תה,מיליליטרים,180.00,"100 מ""ל",false,,13.90,0.0772,true,1,1332470
7290012117534,false,מרכך כביסה מרוכז תכלת קול סנו מקסימה 1 ליטר,"סנו מפעלי ברונוס בע""\מ",IL,מקסימה מרכך כביסה מר,ליטרים,1.00,ליטר,false,,17.50,17.5000,true,1,1332475
7290012117541,false,מרכך כביסה מרוכז צהוב סנו מקסימה 1 ליטר,סנו מפעלי ברונוס בעמ,IL,מקסימה מרכך כביסה מר,ליטרים,1.00,ליטר,false,,17.90,17.9000,true,1,1332476
7290012117558,false,מקסימה מרכך כביסה מרוכז ורוד בניחוח מאסק סנו 1 ליטר,"סנו מפעלי ברונוס בע""\מ",IL,מקסימה מרכך כביסה מר,ליטרים,1.00,ליטר,false,,17.50,17.5000,true,1,1332477
7290012117732,false,מקסימה מרכך כביסה ארומתרפי קול סנו 4 ליטר,"סנו מפעלי ברונוס בע""\מ",IL,מקסימה מרכך כביסה אר,ליטרים,4.00,ליטר,false,,21.50,5.3750,true,1,1332488
7290012117916,false,אינסטלטור נוזל לפתיחת סתימות סנו 1 ליטר,"סנו מפעלי ברונוס בע""",IL,אינסטלטור נוזל לפתיח,ליטרים,1.00,ליטר,false,,26.90,26.9000,true,1,1332494
7290012226021,false,נקניק סלמי מעושן פראג זוגלובק 400 גרם,נקניק נהריה כשר זוגל,IL,נקניק סלמי מעושן פרא,גרמים,400.00,100 גרם,false,,14.90,0.0373,true,1,1357633
7290012226120,false,"קבנוס 135 גרם ""זוגלובק""",נקניק נהריה כשר זוגל,IL,קבנוס זוגלובק 135 גר,גרמים,135.00,100 גרם,false,,9.90,0.0733,true,1,1357635
7290012226342,false,נקניקיה טבעונית למחבת או לתנור עשירה בחלבון,זוגלו'ס Zoglos,IL,נקניקיות מן הצומח עש,גרמים,460.00,100 גרם,false,,24.90,0.0541,true,1,3871712
7290012226762,false,בורגרפטריות עדשים קינואה,זוגלובק,NL,בורגר פטריות וקינואה,גרמים,450.00,100 גרם,false,,24.70,0.0549,true,1,3871713
7290012226922,false,קבנוס בטעם שום זוגלובק 135 גרם,נקניק נהריה כשר זוגל,IL,קבנוס בטעם שום זוגלו,גרמים,135.00,100 גרם,false,,9.90,0.0733,true,1,1357639
7290012226939,false,קבנוס עם צ'ילי חריף זוגלובק 135 גרם,נקניק נהריה כשר זוגל,IL,קבנוס עם צ'ילי חריף,גרמים,135.00,100 גרם,false,,9.90,0.0733,true,1,1357640
7290012226946,false,קבנוס בטעם בצל זוגלו,נקניק נהריה כשר זוגל,IL,קבנוס בטעם בצל זוגלו,גרמים,135.00,100 גרם,false,,9.90,0.0733,true,1,1357641
7290012226991,false,"נקניקיות עוף באריזת ג''מבו 1.5 ק""ג זוגלובק",נקניק נהריה כשר זוגל,IL,נקניקיות באריזה ג'מב,קילוגרמים,1.50,"ק""ג",false,,26.70,17.8000,true,1,1357646
7290012227172,false,חרמן הודו בדבש וברביקיו זוג במארז 600 ג' זוגלובק,נקניק נהריה כשר זוגל,IL,מארז פסטרמה 600 ג,גרמים,600.00,100 גרם,false,,25.90,0.0432,true,1,1357653
7290012227240,false,סלמי איטלקי מעושן רמי לוי 300 גרם,,,סלמי איטלקי מעושן רמ,גרמים,300.00,100 גרם,false,,21.90,0.0730,true,1,1922596
7290012227325,false,סלמי דק דק מעושן איטלקי 120 ג' זוגלובק,זוגלובק,IL,סלמי מעושן דק דק 120,גרמים,120.00,100 גרם,false,,12.90,0.1075,true,1,3836037
7290012227592,false,פסט' חרמון כפרי וסלמי תה זוגי זוגלובק 300X2ג' מחפוד,זוגלובק,IL,זוג חרמון כפרית ותה,גרמים,700.00,100 גרם,false,,25.90,0.0370,true,1,1357666
7290012227608,false,מארז חרמון 300 גר' +חרמון ברבקיו 300ג' זוגלובק,זוגלובק,IL,זוג חרמון כפרית וברב,גרמים,600.00,100 גרם,false,,25.90,0.0432,true,1,1357667
7290012227615,false,נקניקיות עוף זוגלובק 800 ג' מחפוד,זוגלובק,IL,נקניקיות עוף 800 גר,גרמים,800.00,100 גרם,false,,23.90,0.0299,true,1,1357668
7290012227622,false,פסטרמה חרמון כפרית דבש 400גר מחפוד זוגלובק,זוגלובק,IL,חרמון כפרית דבש 400ג,גרמים,400.00,100 גרם,false,,18.90,0.0472,true,1,1357669
7290012227769,false,פסטרמה ברביקיו זוגלובק מחפוד 400 גרם,זוגלובק,IL,פסטרמה ברביקיו 400ג,גרמים,400.00,100 גרם,false,,18.90,0.0472,true,1,1357676
7290012227776,false,פסטרמה חרמון הודו מחפוד 400 גר',זוגלובק,IL,פסטרמה הודו 400ג מחפ,גרמים,400.00,100 גרם,false,,18.90,0.0472,true,1,1357677
7290012227912,false,קבנוס מעודן זוגלובק 135 גרם,זוגלובק,IL,קבנוס מעודן 135 ג,גרמים,135.00,100 גרם,false,,9.90,0.0733,true,1,1655051
7290012227974,false,פסטרמה הודו בדבש טהור דק דק דק,זוגלובק,IL,פסטרמה בדבש 120 גר,גרמים,120.00,100 גרם,false,,12.90,0.1075,true,1,3836038
7290012227981,false,פסטרמה דק דק ברביקיו 120 ג' זוגלובק,זוגלובק,IL,פסטרמה ברביקיו 120 ג,גרמים,120.00,100 גרם,false,,12.90,0.1075,true,1,3871714
7290012227998,false,פסטרמה דק דק חזה בקר 120 ג' זוגלובק,זוגלובק,IL,חזה בקר 120 גר,גרמים,120.00,100 גרם,false,,12.90,0.1075,true,1,3836039
7290012228001,false,"נקניקיות עוף רמי לוי 1 ק""ג",,,נקניקיות עוף רמי לוי,גרמים,1000.00,100 גרם,false,,19.90,0.0199,true,1,1922597
7290012228018,false,נקניקיות עוף 400רמי לוי גרם,,,נקניקיות עוף 400רמי,גרמים,400.00,100 גרם,false,,8.90,0.0223,true,1,1922598
7290012228025,false,מארז פסטרמה הודו +סלמי תה רמי לוי 800 גרם,,,מארז פסטרמה הודו +סל,גרמים,800.00,100 גרם,false,,19.90,0.0249,true,1,1922599
7290012228087,false,כתף בקר רמי לוי 300 גרם,,,כתף בקר רמי לוי 300,גרמים,300.00,100 גרם,false,,24.90,0.0830,true,1,1922604
7290012228124,false,קבנוס סטיקס עם נגיעות מלח ים סדרת ריינהולד'ס,זוגלובק,IL,קבנוס סטיקס 50 גר,גרמים,50.00,100 גרם,false,,8.90,0.1780,true,1,3871717
7290012228230,false,פסטרמה חזה עוף דק דק דק,זוגלובק,IL,פסטרמה חזה עוף 120 ג,גרמים,120.00,100 גרם,false,,12.90,0.1075,true,1,3836040
7290012228261,false,נקנקיות קנקרס הודו ועוף ריינהולד'ס זוגלובק 300 ג',זוגלובק,IL,נקניקיות בוקוורסט הו,גרמים,310.00,100 גרם,false,,19.90,0.0642,true,1,2889882
7290012228278,false,נקנקיות בוקוורסט עוף ובקר ריינהולד'ס 310 ג' זוגלובק,זוגלובק,IL,נקניקיות בוקוורסט הו,גרמים,310.00,100 גרם,false,,19.90,0.0642,true,1,2889865
7290012228285,false,פסטרמה הודו ברביקיו 300ג רמילוי,,,פסטרמה הודו ברביקיו,גרמים,300.00,100 גרם,false,,21.90,0.0730,true,1,2827603
7290012228292,false,פסטרמה על צלייה 300ג רמילוי,,,פסטרמה על צלייה 300ג,גרמים,300.00,100 גרם,false,,21.90,0.0730,true,1,2827604
7290012228315,false,פסטרמה הודו ודבש 300ג רמילוי,,,פסטרמה הודו ודבש 300,גרמים,300.00,100 גרם,false,,21.90,0.0730,true,1,2827606
7290012228407,false,"נקניקיות ג'מבו מחפוד זוגלובק 1.5 ק""ג",זוגלובק,IL,נקניקיות ג'מבו מחפוד,קילוגרמים,1.50,"ק""ג",false,,32.90,21.9333,true,1,3880756
7290012228421,false,פסטרמה בדבש 120ג דק דק רמילוי,,,פסטרמה בדבש 120ג דק,גרמים,120.00,100 גרם,false,,9.90,0.0825,true,1,3871984
7290012228438,false,חזה בקר 120ג דק דק רמילוי,,,חזה בקר 120ג דק דק ר,גרמים,120.00,100 גרם,false,,9.90,0.0825,true,1,3871985
7290012228445,false,קבנוס רמי לוי 135 גר,,,קבנוס 135ג רמילוי,גרמים,135.00,100 גרם,false,,7.90,0.0585,true,1,3871986
7290012228728,false,קבנוס סטיקס בסגנון מקסיקני חריף סדרת ריינהולד'ס,זוגלובק,IL,קבנוס סטיקס מקסיקני,גרמים,50.00,100 גרם,false,,8.90,0.1780,true,1,3880758
7290012228742,false,נקניקיות מרגז זוגלוב,זוגלובק,IL,נקניקיות מרגז,יח',1.00,יח',false,,23.90,23.9000,true,1,3880759
7290012228766,false,קבנוס מחפוד זוגלובק 120 גרם,זוגלובק,IL,קבנוס מחפוד זוגלובק,גרמים,120.00,100 גרם,false,,9.90,0.0825,true,1,3887672
7290012228773,false,סדרת המחבת נקניקיות,זוגלובק,IL,סדרת המחבת נקניקיות,גרמים,360.00,100 גרם,false,,23.90,0.0664,true,1,3887673
7290012228780,false,נקנקיות גמבו 1.5 קג,,,נקנקיות גמבו 1.5 קג,יח',1.00,יח',false,,29.90,29.9000,true,1,3887682
7290012228933,false,סדרת המחבת נקניקיות,זוגלובק,IL,סדרת המחבת נקניקיות,גרמים,360.00,100 גרם,false,,23.90,0.0664,true,1,3887675
7290012245190,false,ציפס זיג זג למיקרולג רמי לוי,,,ציפס זיג זג למיקרולג,גרמים,140.00,100 גרם,false,,4.30,0.0307,true,1,3905812
7290012245275,false,"גולד ציפס בטטה קריספי 1 ק""ג",אגריסטו,BE,גולד ציפס בטטה קריספ,יח',1.00,יח',false,,24.90,24.9000,true,1,3891609
7290012295836,false,חסה לליק,,,חסה,יח',1.00,יח',false,,9.90,9.9000,true,1,3894732
7290012309878,false,חלוה פיסטוק ששון הקולה 500 גרם,ששון הקולה,IL,חלבה פיסטוק 500 גרם,גרמים,500.00,100 גרם,false,,12.90,0.0258,true,1,1324597
7290012309892,false,חלבה וניל ששון הקולה 500 ג',ששון הקולה,IL,חלבה וניל 500 גרם שש,גרמים,500.00,100 גרם,false,,12.90,0.0258,true,1,1324599
7290012309939,false,חלווה מסולסלת בקופסא ששון הקולה 500 גרם,אף.סי תבליני בגליל ב,IL,חלבה מסולסלת 500 ג,גרמים,500.00,100 גרם,false,,15.90,0.0318,true,1,1324600
7290012313141,false,מלפפונים פרוסות במלח קבוצת יבנה 330 גרם,אף.סי תבליני בגליל ב,IL,מלפפון פרוסות במלח 3,גרמים,320.00,100 גרם,false,,6.50,0.0203,true,1,1331832
7290012313264,false,כרוב כבוש קבוצת יבנה,קדבורי,IL,כרוב כבוש 430 גרם,גרמים,430.00,100 גרם,false,,7.90,0.0184,true,1,1331836
7290012335518,false,חומץ אצטי מדולל 5% 1 ליטר,טעמן,IL,חומץ 1 ליטר מהדרין,ליטרים,1.00,ליטר,false,,4.90,4.9000,true,1,1328595
7290012335525,false,"מיץ לימון משומר טעמן 1 ליטר כשל""פ",הלל תעשיות,IL,מיץ לימון 1 ליטר מהד,ליטרים,1.00,ליטר,false,,3.90,3.9000,true,1,1373144
7290012352010,false,קרם לחות מזינה עם שמן ארגן מרוקאי לשיער יבש מאוד ופגום,נטורל פורמולה Natural Formula,IL,קרם לחות לשיער יבש ע,מיליליטרים,400.00,"100 מ""ל",false,,20.90,0.0522,true,1,1332512
7290012352034,false,"נטורל - קרם לחות עם שמן אגוז מקדמיה לשיער מתולתל 400 מ""ל",נטורל פורמולה Natural Formula,IL,קרם לחות עם שמן אגוז,מיליליטרים,400.00,"100 מ""ל",false,,20.90,0.0522,true,1,1332514
7290012359743,false,דבש טהור רמי לוי 1 ק,,,דבש טהור רמי לוי 1 ק,קילוגרמים,1.00,"ק""ג",false,,38.90,38.9000,true,1,3871592
7290012367717,false,קרם ידיים וציפורניים Intensive relief לעור יבש ומגורה,פישר מעבדות פרמצבטיות בע,IL,אפקטיב קר קרם ידיים שיבול,מיליליטרים,150.00,"100 מ""ל",false,,9.90,0.0660,true,1,1350147
7290012404955,false,נקטר חמוציות ספרינג קולקשן 1.25 ליטר,יפאורה שותפות מובגלת לשיווק,IL,נקטר חמוציות ספרינג,ליטרים,1.25,ליטר,false,,12.00,9.6000,true,1,1330624
7290012404993,false,נקטר דיאט חמוציות ספרינג קולקשן 1.25 ליטר,יפאורה שותפות מובגלת לשיווק,IL,נקטר דיאט חמוציות ספ,ליטרים,1.25,ליטר,false,,11.50,9.2000,true,1,1330626
7290012475108,false,משקה משעורה נמס אורגני גרין פילד 75 גרם,גרין פילד,EG,משקה משעורה נמס אורג,גרמים,75.00,100 גרם,false,,14.70,0.1960,true,1,1324085
7290012475382,false,מיץ רימונים אורגני גרין פילד 1 ליטר,,TR,מיץ רימונים אורגני ג,ליטרים,1.00,ליטר,false,,17.50,17.5000,true,1,3890467
7290012483608,false,"אורז בסמטי DAAWAT מהדרין 5 ק""ג.",הנסיך- מפעל לייצור ט,IN,וילי פוד אורז בסמטי,קילוגרמים,5.00,"ק""ג",false,,49.90,9.9800,true,1,1335977
7290012522581,false,טבעול שניצל תירס ללא גלוטן טבעול 664 גרם,עיצובים 2020 (4.8),IL,שניצל תירס ללא גלוטן,גרמים,664.00,100 גרם,false,,19.90,0.0300,true,1,1329672
7290012557569,false,צנצנת גולים 180 גר,,IL,צנצנת גולים 180 גר,גרמים,180.00,100 גרם,false,,7.90,0.0439,true,1,3573519
7290012557576,false,מסטיק ציקלט צנצנת 250 גר',,,צנצנת ציקלט 250 גר,גרמים,250.00,100 גרם,false,,9.90,0.0396,true,1,3573520
7290012557873,false,צנצנת גומי ענק 180 גרם,,IL,צנצנת גולים ענק 180,גרמים,180.00,100 גרם,false,,7.90,0.0439,true,1,3573521
7290012561337,false,כורכום טרי כתוש קפוא דורות 70 גר,מוצרי שום ותיבול דורות,IL,קוביות כורכום טרי כת,גרמים,70.00,100 גרם,false,,9.90,0.1414,true,1,3867520
7290012561405,false,בצל חצי מטוגן דורות 180 גרם,עיצובים 2020 (3.8),IL,קוביות בצל קצוץ ומטו,גרמים,180.00,100 גרם,false,,9.90,0.0550,true,1,1329682
7290012576362,false,יין ספיישל רזרב קברנה סוביניון 750 מל,יקבי ברקן שיווק והפצה בע,IL,ספיישל רזרב קברנה סו,מיליליטרים,750.00,"100 מ""ל",false,,59.90,0.0799,true,1,3890385
7290012576379,false,יין ספיישל רזרב מרלו 750 מל,יקבי ברקן שיווק והפצה בע,IL,ספיישל רזרב מרלו 750,מיליליטרים,750.00,"100 מ""ל",false,,59.90,0.0799,true,1,3891330
7290012576607,false,"יין קברנה סוביניון פרמייר מלבק אדום ברקן 750 מ""ל","ברקן שיווק והפצה בע""",IL,פרמייר קברנה סוביניון אדו,מיליליטרים,750.00,"100 מ""ל",false,,17.90,0.0239,true,1,1326682
7290012576614,false,יין Premieur לבן חצי יבש אמרלד ריזלינג קולומברד,יקבי ברקן שיווק והפצה בע,IL,פרמייר אמרלד ריזלינג לבן,מיליליטרים,750.00,"100 מ""ל",false,,17.90,0.0239,true,1,1326683
7290012588242,false,"מים מינרלים מיי וואטר כדורגל מארז 500X6מ""ל",נרה קריטיס אס איי באריפט,GR,מים מינרליים שישייה,מיליליטרים,500.00,"100 מ""ל",false,,10.90,0.0218,true,1,3834239
7290012642562,false,"מיץ שזיפים יבשים 946 מ""ל",תומר,US,"מיץ שזיף 946מ""""ל12X",מיליליטרים,946.00,"100 מ""ל",false,,15.90,0.0168,true,1,1326353
7290012645112,false,יוגורט עיזים 2.8% בדלי חלב הארץ 750 גרם,מחלבות סוסיא,IL,יוגורט עיזים 750ג דל,מיליליטרים,750.00,"100 מ""ל",false,,17.90,0.0239,true,1,3020378
7290012645129,false,יוגורט כבשים 5% בדלי חלב הארץ 750 גרם,מחלבות סוסיא,IL,יוגורט כבשים 750ג דל,גרמים,750.00,100 גרם,false,,17.90,0.0239,true,1,3020379
7290012697081,false,סוכרזית מהטבע סטיוויה 100 טבליות,"סוכרזית בע""מ",IL,סוכרזית מהטבע סטיווי,גרמים,100.00,100 גרם,false,,24.90,0.2490,true,1,1327789
7290012697388,false,סוכרזית מצמח הסטיוויה כפית לכפית 100 גר,סוכרזית Sucrazit,IL,ממתיק סטיוויה סוכרזי,גרמים,100.00,100 גרם,false,,33.90,0.3390,true,1,1327794
7290012738043,false,קמח מצה לעוגות-שקית 500ג,מצות יהודה,IL,קמח מצה לעוגות 500גר,גרמים,500.00,100 גרם,false,,11.90,0.0238,true,1,1334251
7290012738098,false,מצות מצופות עם קוקוס170ג,מצות יהודה,IL,מצות מצופות 160 גרם,גרמים,160.00,100 גרם,false,,11.90,0.0744,true,1,1334255
7290012738142,false,מצות קמח כוסמין 300,מצות יהודה,,מצות קמח כוסמין 300,גרמים,300.00,100 גרם,false,,18.90,0.0630,true,1,1334257
7290012738302,false,מצה כוסמין שמורה 600,,,מצה כוסמין שמורה 600,גרמים,600.00,100 גרם,false,,89.90,0.1498,true,1,3883520
7290012738326,false,קמח מצה כוסמין שמורה,,,קמח מצה כוסמין שמורה,גרמים,350.00,100 גרם,false,,54.90,0.1569,true,1,3883522
7290012738562,false,מצות קמח כוסמין אורג,מצות יהודה,IL,מצות קמח כוסמין אורג,גרמים,300.00,100 גרם,false,,22.90,0.0763,true,1,2664749
7290012738579,false,מצות קמח מלא אורגני,מצות יהודה,IL,מצות קמח מלא אורגני,גרמים,300.00,100 גרם,false,,17.90,0.0597,true,1,2664750
7290012738593,false,מצות מחיטה מלאה 900 גרם,מצות יהודה,IL,מצות יהודה מחיטה מלא,גרמים,900.00,100 גרם,false,,39.90,0.0443,true,1,3868290
7290012738616,false,מצות מקמח כוסמין 700גרם,מצות יהודה,IL,מצות יהודה מקמח כוסמ,גרמים,700.00,100 גרם,false,,42.90,0.0613,true,1,3868292
7290012738715,false,קמח מצה כוסמין אורגנ,,,קמח מצה כוסמין אורגנ,גרמים,350.00,100 גרם,false,,14.90,0.0426,true,1,3868293
7290012803055,false,סוכרלוז מרמולייט- 100שקיות אישיות,"קיפל טבליות וממתיקים בע""מ",IL,מר' סוכרלוז 100שקיות,גרמים,100.00,100 גרם,false,,19.80,0.1980,true,1,1351756
7290012803215,false,וופל בלגי בטעם שוקולד ללא תוספת סוכר,בטר אנד דיפרנט,IL,טוסו ופל בלגי בטעם שוקולד,גרמים,200.00,100 גרם,false,,9.20,0.0460,true,1,1351760
7290012803222,false,טוסו ופל בסגנון בלגי בטעם לימון ללא תוספת סוכר 200 גרם,בטר אנד דיפרנט,IL,טוסו ופל בלגי בטעם לימון,גרמים,200.00,100 גרם,false,,9.20,0.0460,true,1,1351761
7290012803321,false,מרמולייט סוכרלוז 200 שקיות אישיות,מרמולייט,IL,מר' סוכרלוז 200שקיות,גרמים,200.00,100 גרם,false,,39.70,0.1985,true,1,1351764
7290012803352,false,רייד תרסיס קוטל יתושים/זבובים 300 מל,אס.סי.ג'ונסון מידרכט,NL,RAIDקוטל זבובים ויתושים 3,מיליליטרים,300.00,"100 מ""ל",false,,13.90,0.0463,true,1,1351765
7290012803451,false,טוסו שוקולד מריר 62% מוצקי קקאו ללא תוספת סוכר 100 גרם,אלטינמארקה,TR,טוסו שוקולד מריר מעולה 10,גרמים,100.00,100 גרם,false,,8.90,0.0890,true,1,1351767
7290012803765,false,טוסו שוקולד מריר ללא תוספת סוכר 100 גרם,אלטינמארקה גידה סאן,TR,טוסו שוקולד מריר 100גרם,גרמים,100.00,100 גרם,false,,8.90,0.0890,true,1,1351779
7290012803772,false,טוסו שוקולד חלב ללא תוספת סוכר 100 גרם,אלטינמארקה גידה סאן,TR,טוסו שוקולד חלב 100גרם,גרמים,100.00,100 גרם,false,,8.90,0.0890,true,1,1351780
7290012803789,false,טוסו שוקולד מריר עם אגוזים ללא תוספת סוכר 100 גרם,האי נאם סי או אל.טי.,TR,טוסו שוקולד מריר עם אגוזי,גרמים,100.00,100 גרם,false,,8.90,0.0890,true,1,1351781
7290012823237,false,"תחליב רחצה קרמה בריזת ים 700 מ""ל",החברה הדרומית,IL,תחליב רחצה קרמה 700,מיליליטרים,700.00,"100 מ""ל",false,,16.90,0.0241,true,1,3892634
7290012823381,false,מקסימה מרכך כביסה מרוכז סנסטיב בייבי סנו 1 ליטר,"סנו מפעלי ברונוס בע""\מ",IL,מקסימה מרכך כביסה מר,ליטרים,1.00,ליטר,false,,17.50,17.5000,true,1,1332519
7290012823404,false,מטהר אוויר פרש אוטומטיק יסמין וסנדלווד,סנו פרש Fresh,IL,סנו פרש אוטומטיק יסמ,מיליליטרים,250.00,"100 מ""ל",false,,12.90,0.0516,true,1,1332520
7290012823558,false,"מטליות לחות לרצפה 40*70 ס""מ סנו סושי 10 יחידות",סנו מפעלי ברונוס בעמ,IL,מטליות לחות לרצפה סנ,יח',10.00,יח',false,,9.90,0.9900,true,1,1332522
7290012823589,false,ריצפז פרש בניחוח לימון מרענן,סנו פרש Fresh,IL,ריצפז פרש 2 לי,ליטרים,2.00,ליטר,false,,16.90,8.4500,true,1,1332525
7290012823657,false,"סנו קל רסס וכבס מילוי 750 מ""ל",סנו קל,IL,סנו קל רסס וכבס מילו,מיליליטרים,750.00,"100 מ""ל",false,,9.90,0.0132,true,1,1332529
7290012823794,false,כיף אל סבון יסמין לבנדר 2 ל',קוסמופארם,IL,כיף אל סבון 2 ליטר,ליטרים,2.00,ליטר,false,,18.90,9.4500,true,1,1332536
7290012850035,false,מחית בוליווד תפוח ואפרסק 190 גרם,NOVOFRUCHT SK S.R.O,SK,BELOVED מחית תפוח ואפרסק,גרמים,190.00,100 גרם,false,,5.90,0.0311,true,1,1335803
7290012850073,false,מחית בוליווד סלט פירות 190 גרם,בילובד Beloved,SK,BELOVED מחית סלט פירות 19,גרמים,190.00,100 גרם,false,,5.90,0.0311,true,1,1335807
7290012864001,false,נבטי חמנייה ארוז א.אדמה,קרונוס,IL,נבטי חמניה,יח',1.00,יח',false,,7.90,7.9000,true,1,1356567
7290012864025,false,נבטי אלפא אלפא ארוז א.אדמה,קרלסברג יבוא יצוא,IL,אלפלפא,יח',1.00,יח',false,,5.90,5.9000,true,1,1356568
7290012864032,false,מיקס עדשים ונבטוטים,קרלסברג ישראל,IL,נבטוטים,גרמים,250.00,100 גרם,false,,8.90,0.0356,true,1,1356569
7290012864049,false,נבטי צנונית,ביכורי השקמה,,נבטי צנונית,יח',1.00,יח',false,,7.90,7.9000,true,1,1356570
7290012864056,false,נבטי ברוקולי.,חקלאי,IL,נבטי ברוקולי,יח',1.00,יח',false,,8.90,8.9000,true,1,1356571
7290012864131,false,עדשים שחורות מונבטות.,,IL,עדשים שחורות מונבטות,יח',1.00,יח',false,,8.90,8.9000,true,1,1356574
7290012864155,false,מיקס נבטים נבטי העמק,"רוקחמן בע""מ",IL,מיקס נבטים נבטי העמק,יח',1.00,יח',false,,12.90,12.9000,true,1,1356575
7290012868108,false,"מהודר קמח מלא 70% 1 ק""ג.",מהודר,,מהודר קמח מלא 70% 1,קילוגרמים,1.00,"ק""ג",false,,9.90,9.9000,true,1,1356835
7290012901256,false,"חומץ תפוחים גאלה 946 מ""ל",פיניקל פודס גרופ,US,גאלה חומץ תפוחים 946,מיליליטרים,946.00,"100 מ""ל",false,,11.90,0.0126,true,1,1930209
7290012901355,false,דודלס ארוחת אטריות עם גבינה 206 גרם,האי נאם סי או אל.טי.,US,מקרוני עם גבינה 206,גרמים,206.00,100 גרם,false,,10.90,0.0529,true,1,1334962
7290012929656,false,ממרח טעם שוקולד 400,טעמן,,ממרח טעם שוקולד 400,גרמים,400.00,100 גרם,false,,7.90,0.0198,true,1,1328622
7290012936937,false,תבלינים בהרט בצנצנת 40 גרם,א.ל ייצור ושיווק תבל,IL,בהרט 40 גרם,גרמים,50.00,100 גרם,false,,10.90,0.2180,true,1,1322495
7290012936944,false,אגוז מוסקט טחון תבליני מימון 40 גרם,א.ל ייצור ושיווק תבלינים,IL,אגוז מוסקט טחון 40 גרם -,גרמים,40.00,100 גרם,false,,13.50,0.3375,true,1,1322496
7290012938405,false,"רדיד אלומיניום עבה במיוחד לבישול,אפייה והקפאה.",ריינולדס,CN,רדיד אלומיניום רחב רוחב 4,אורך,7.60,אורך,false,,15.90,2.0921,true,1,1344119
7290012938580,false,"סנסודיין משחת שיניים להלבנה עדינה 75 מ""ל",גלקסוסמית'\קליין קונסיומ,GB,סנסודיין הלבנה עדינה 75 מ,מטרים,75.00,100 מ'ל,false,,20.90,0.2787,true,1,1344122
7290012938597,false,"סנסודיין משחת שיניים רפיד רליף 75 מ""ל","סמיתקליין ביצ'ם בע""מ",GB,סנסודיין רפיד רליף 75 מ'',מטרים,75.00,100 מ'ל,false,,21.90,0.2920,true,1,1344123
7290012938740,false,"משחת שיניים פרש מינט מנטה 75מ""ל סנסודיין",גלקסו סמית קליין,GB,"סנסודיין פרש מינט 75 מ""ל",מטרים,75.00,100 מ'ל,false,,20.90,0.2787,true,1,1344126
7290012938924,false,אקוהפרש מי פה ללא אלכוהול 500 מל,מולינו ניקולי s.p.a,GB,"א.פרש מי פה 500 מ""ל",מיליליטרים,500.00,"100 מ""ל",false,,19.70,0.0394,true,1,1344128
7290012983153,false,סילאן טבעי בקבוק לחיץ תמר כנרת 400 גר,מנדלז סי.אר. פרודקשן,IL,סילאן כנרת 400 גר לח,גרמים,400.00,100 גרם,false,,16.80,0.0420,true,1,1323473
7290012983160,false,סילאן בקבוק לחיץ 400 גרם,"חצר כנרת מוצרי תמר אגש""ח",IL,סילאן לחיץ 400 ג כנר,גרמים,400.00,100 גרם,false,,11.90,0.0298,true,1,1323474
7290012983276,false,סילאן תמרים כנרת 900 ג',תמר כנרת,,סילאן כנרת 900 גרם-כ,גרמים,900.00,100 גרם,false,,12.80,0.0142,true,1,1323475
7290012996672,false,סבון אסלה + בושם ל24 שעות ביום הפי,יוליניבר,IT,סבון אסלה מבושם יעקב,יח',2.00,יח',false,,7.90,3.9500,true,1,1335074
7290013027399,false,לחם קמח מלא קל בתוספת שיפון 750 ג' אנג'ל,מאפיית שלמה א. אנג'\ל בע,IL,לחם קל פרוס 100% קמח,גרמים,750.00,100 גרם,false,,13.90,0.0185,true,1,1326864
7290013038432,false,מים אקווה נובה בקבוק יחיד,אקווה נובה Aqua Nova,IL,מים אקווה נובה 2 ליט,ליטרים,2.00,ליטר,false,,3.20,1.6000,true,1,1326689
7290013083661,false,תחליף חלב מטרנה אקסטרה קר שלב 1 700 גרם,מטרנה תעשיות ש.מ,IL,תחליף חלב אקסטרה קר,גרמים,700.00,100 גרם,false,,58.90,0.0841,true,1,1329690
7290013083678,false,תחליף חלב מטרנה אקסטרה קר שלב 2 700 גרם,מולינו ניקולי s.p.a,IL,תחליף חלב אקסטרה קר,גרמים,700.00,100 גרם,false,,58.90,0.0841,true,1,1329691
7290013083685,false,תחליף חלב מטרנה אקסטרה קר שלב 3 חסכון 700 גרם,מטרנה תעשיות ש.מ,IL,תחליף חלב אקסטרה קר,גרמים,700.00,100 גרם,false,,58.90,0.0841,true,1,1329692
7290013117212,false,בורקס פילו במילוי גבינה מעדנות 600 גר,מיוצר עי קונדיטוריית,IL,בורקס פילו במילוי גבינה מ,גרמים,600.00,100 גרם,false,,18.90,0.0315,true,1,1325108
7290013117229,false,"בורקס פילו במילוי תפו""א מעדנות 600 גר",מיוצר עי קונדיטוריית,IL,"בורקס פילו במילוי תפו""א מ",גרמים,600.00,100 גרם,false,,18.90,0.0315,true,1,1325109
7290013117236,false,בורקס פילו פיצה מעדנות 600 גרם,מיוצר עי קונדיטוריית,IL,בורקס פילו פיצה 600 גר,גרמים,600.00,100 גרם,false,,18.90,0.0315,true,1,1325110
7290013117243,false,בורקס פילו בולגרית מעדנות 600 גרם,מיוצר עי קונדיטוריית,IL,בורקס פילו בולגרית 600 גר,גרמים,600.00,100 גרם,false,,18.90,0.0315,true,1,1325111
7290013117410,false,בצק פריך מרודד למאפים מתוקים 900 ג' מעדנות,מיוצר עי קונדיטוריית,IL,בצק פריך מתוק 900 גר מעדנ,גרמים,900.00,100 גרם,false,,19.90,0.0221,true,1,1325114
7290013117427,false,בצק פריך מרודד למאפים מלוחים מעדנות 2*450 גרם,מיוצר עי קונדיטוריית,IL,בצק פריך מלוח 900 גר מעדנ,גרמים,900.00,100 גרם,false,,19.90,0.0221,true,1,1325115
7290013117526,false,בצק שמרים מרודד למאפים מתוקים מעדנות 900 גרם,"מעדנות בע""\מ",IL,בצק שמרים למאפים מתוקים 9,גרמים,900.00,100 גרם,false,,19.90,0.0221,true,1,1325119
7290013144171,false,"תערובת עוגת שוקולד 560 גרם ""מיימונס""",א.ל ייצור ושיווק תבלינים,IL,תערובת עוגת שוקולד,גרמים,560.00,100 גרם,false,,15.80,0.0282,true,1,1346215
7290013144195,false,מיימונס תערובת כדורי שוקולד 500 גרם.,א.ל ייצור ושיווק תבלינים,IL,תערובת כדורי שוקולד,גרמים,500.00,100 גרם,false,,15.80,0.0316,true,1,1346217
7290013144201,false,מיימונס תערובת פנקייק 400 גרם,א.ל ייצור ושיווק תבלינים,IL,תערובת פנקייק,גרמים,400.00,100 גרם,false,,14.90,0.0373,true,1,1346218
7290013144218,false,מיימונס תערובת עוגת וניל 560 גרם.,א.ל ייצור ושיווק תבלינים,IL,תערובת עוגת וניל,גרמים,560.00,100 גרם,false,,15.80,0.0282,true,1,1346219
7290013144232,false,מיימונס פודינג בטעם וניל 80 גרם,א.ל ייצור ושיווק תבלינים,IL,פודינג וניל 85 גרם,גרמים,80.00,100 גרם,false,,3.90,0.0487,true,1,1346221
7290013144249,false,מיימונס פודינג שוקולד 95 גרם,א.ל ייצור ושיווק תבלינים,IL,פודינג שוקולד 95 גרם,גרמים,95.00,100 גרם,false,,3.90,0.0411,true,1,1346222
7290013144263,false,תערובת מאלבי להכנה מהירה מיימונס 112 גרם,א.ל ייצור ושיווק תבלינים,IL,מלבי,גרמים,100.00,100 גרם,false,,9.90,0.0990,true,1,1346224
7290013144270,false,תערובת להכנת קרם פטיסייר מיימונס 100 גרם,א.ל ייצור ושיווק תבלינים,IL,קרם פטיסייר 100 גרם,גרמים,100.00,100 גרם,false,,9.90,0.0990,true,1,1346225
7290013144287,false,ג'לי בטעם תות מימונס 85 גרם,א.ל ייצור ושיווק תבלינים,IL,ג'לי בטעם תות 85 גרם,גרמים,85.00,100 גרם,false,,5.80,0.0682,true,1,1346226
7290013144317,false,מימונס ג'וני גלילית וופל למילוי 18 יחידות,הגביע מוצרי וופלים ב,IL,ג'וני - גלילית וופל למילו,יח',18.00,יח',false,,19.90,1.1056,true,1,1346228
7290013144393,false,"תמצית בטעם וניל מימונס 50 מ""ל",א.ל ייצור ושיווק תבלינים,IL,תמצית וניל 50 גרם,גרמים,50.00,100 גרם,false,,4.30,0.0860,true,1,1346235
7290013144409,false,תמצית בטעם רום מימונס 50 גרם,א.ל ייצור ושיווק תבלינים,IL,תמצית בטעם רום 50 גרם,גרמים,50.00,100 גרם,false,,4.30,0.0860,true,1,1346236
7290013144522,false,מימונס צבע מאכל ירוק 50 גרם,א.ל ייצור ושיווק תבלינים,IL,צבע מאכל ירוק 50 גרם,גרמים,50.00,100 גרם,false,,3.90,0.0780,true,1,1346245
7290013144539,false,צבע מאכל אדום מימונס 50 גרם,א.ל ייצור ושיווק תבלינים,IL,צבע מאכל אדום 50 גרם,גרמים,50.00,100 גרם,false,,3.40,0.0680,true,1,1346246
7290013144560,false,מיימונס צבע מאכל כחול 50 גרם,א.ל ייצור ושיווק תבלינים,IL,צבע מאכל כחול 50 גרם,גרמים,50.00,100 גרם,false,,3.90,0.0780,true,1,1346249
7290013144614,false,"מיימונס סירופ מייפל אמיתי 100% מקנדה 236 מ""ל",הנסיך- מפעל לייצור ט,CA,סירופ מייפל אמיתי 100% מק,מיליליטרים,236.00,"100 מ""ל",false,,27.90,0.1182,true,1,1346252
7290013144751,false,סירופ בטעם מייפל מימונס 500 גרם,א.ל ייצור ושיווק תבלינים,IL,סירופ בטעם מייפל 500 גרם,גרמים,500.00,100 גרם,false,,12.70,0.0254,true,1,1346257
7290013144768,false,סירופ בטעם שוקולד מימונס 500 גרם,א.ל ייצור ושיווק תבלינים,IL,סירופ בטעם שוקולד 500 גרם,גרמים,500.00,100 גרם,false,,12.50,0.0250,true,1,1346258
7290013144980,false,תרסיס שמן קנולה מימונס 170 גרם,מולינו ניקולי s.p.a,FI,מימונס תרסיס שמן קנו,גרמים,170.00,100 גרם,false,,13.90,0.0818,true,1,1346261
7290013145017,false,אגוז מלך קלוף מיימונס 100 גרם,א.ל ייצור ושיווק תבלינים,IL,אגוז מלך קלוף,גרמים,100.00,100 גרם,false,,10.90,0.1090,true,1,1346263
7290013145031,false,אגוזי לוז מסוכרים מיימונס 100 גרם,א.ל ייצור ושיווק תבלינים,IL,ברס- אגוזי לוז מסוכרים 10,גרמים,100.00,100 גרם,false,,11.90,0.1190,true,1,1346265
7290013145048,false,מיימונס צנוברים 100 גרם,א.ל ייצור ושיווק תבלינים,IL,צנוברים,גרמים,100.00,100 גרם,false,,24.90,0.2490,true,1,1346266
7290013145055,false,פרג שלם מיימונס 100 גרם,א.ל ייצור ושיווק תבלינים,IL,פרג שלם,גרמים,100.00,100 גרם,false,,5.90,0.0590,true,1,1346267
7290013145109,false,שקד מולבון טחון מימונס 100 גרם,א.ל ייצור ושיווק תבלינים,IL,שקד מולבן טחון,גרמים,100.00,100 גרם,false,,11.90,0.1190,true,1,1346271
7290013145116,false,מיימונס שקד מולבן מקלות 100 גרם.,א.ל ייצור ושיווק תבלינים,IL,שקד מולבן מקלות,גרמים,100.00,100 גרם,false,,11.90,0.1190,true,1,1346272
7290013145123,false,מיימונס שקד מולבן פרוס 100 גרם,א.ל ייצור ושיווק תבלינים,IL,שקד מולבן פרוס,גרמים,100.00,100 גרם,false,,11.90,0.1190,true,1,1346273
7290013145130,false,"שקד מולבן חצוי 100 גרם ""מיימונס",מימונס אפייה,IL,שקד מולבן חצוי,גרמים,100.00,100 גרם,false,,11.90,0.1190,true,1,1346274
7290013145178,false,קוקוס טחון לבן מיימונס 100 גרם,א.ל ייצור ושיווק תבלינים,IL,קוקוס טחון לבן,גרמים,100.00,100 גרם,false,,3.90,0.0390,true,1,1346278
7290013145215,false,שומשום מימונס 400 גרם,א.ל ייצור ושיווק תבלינים,IL,שומשום 400 גרם,גרמים,400.00,100 גרם,false,,11.90,0.0298,true,1,1346280
7290013145246,false,גרעין חמניה מקולף מיימונס 100 גרם,א.ל ייצור ושיווק תבלינים,IL,גרעין חמנייה מקולף,גרמים,100.00,100 גרם,false,,5.30,0.0530,true,1,1346282
7290013145277,false,עלים לקרמשניט מימונס 300 גרם,מימונס אפייה,IT,עלים לקרמשניט 300 גר,גרמים,300.00,100 גרם,false,,15.90,0.0530,true,1,3155385
7290013145390,false,מימונס שוקולד צ'יפס מהדרין 250 גר,אינטרגטה תעשיות מזון 19),IL,שוקולד צ'יפס,גרמים,250.00,100 גרם,false,,7.80,0.0312,true,1,1346287
7290013145406,false,שוקולד צ'יפס לבן מיימונס 250 גרם,אינטרגטה תעשיות מזון 19),IL,שוקולד צ'יפס לבן,גרמים,250.00,100 גרם,false,,8.80,0.0352,true,1,1346288
7290013145437,false,שוקולד מריר מעולה ציפס מימונס 250 ג',אינטרגטה תעשיות מזון 19),IL,שוקולד צ'יפס 48%,גרמים,250.00,100 גרם,false,,12.90,0.0516,true,1,1346291
7290013145444,false,שוקולד מריר מעולה ציפס 66% מימונס 250 ג',המאפיה של הרמן,IL,שוקולד צ'יפס 66%,גרמים,250.00,100 גרם,false,,14.70,0.0588,true,1,1346292
7290013145451,false,אבקת קקאו מימונס 150 ג',מיוצר עי קונדיטוריית,IL,"קקאו דל שומן 10-12% , 15",גרמים,150.00,100 גרם,false,,7.90,0.0527,true,1,1346293
7290013145529,false,סוכריות צבעוניות לקישוט מיימונס 90 גרם,א.ל ייצור ושיווק תבלינים,IL,סוכריות צבעוניות לקישוט 9,גרמים,90.00,100 גרם,false,,4.90,0.0544,true,1,1346296
7290013145536,false,סוכריות לקישוט בטעם שוקולד מיימונס 85 גרם,א.ל ייצור ושיווק תבלינים,IL,סוכריות בטעם שוקולד לקישו,גרמים,85.00,100 גרם,false,,4.80,0.0565,true,1,1346297
7290013145567,false,מיימונס מיני מיני עדשים 90 גרם.,א.ל ייצור ושיווק תבלינים,IL,מיני מיני עדשים 90 גרם,גרמים,90.00,100 גרם,false,,10.50,0.1167,true,1,1346299
7290013145574,false,מיימונס ערכה לקישוט 100 גרם,א.ל ייצור ושיווק תבלינים,IL,ערכה לקישוט (מזרה עיגולים,גרמים,100.00,100 גרם,false,,10.80,0.1080,true,1,1346300
7290013145628,false,סוכריות צבעוניות לקישוט מימונס 200 גרם,א.ל ייצור ושיווק תבלינים,IL,סוכריות צבעוניות לקישוט 2,גרמים,200.00,100 גרם,false,,8.40,0.0420,true,1,1346303
7290013145642,false,"תמצית וניל טהור 30 מ""ל",,,תמצית וניל טהור 30 מ,מטרים,30.00,100 מ'ל,false,,28.90,0.9633,true,1,3901870
7290013145710,false,מיימונס דובדבנים מסוכרים 100 גרם,א.ל ייצור ושיווק תבלינים,IL,דובדבנים מסוכרים,גרמים,100.00,100 גרם,false,,8.50,0.0850,true,1,1346309
7290013145727,false,קליפות הדרים מסוכרים 90 גר,א.ל ייצור ושיווק תבל,IL,קליפות הדרים מסוכרים,גרמים,90.00,100 גרם,false,,6.80,0.0756,true,1,1346310
7290013145826,false,פודניג בטעם וניל לבן במיוחד מימונס 80 ג',א.ל ייצור ושיווק תבלינים,IL,פודינג בטעם וניל לבן במיו,גרמים,80.00,100 גרם,false,,3.90,0.0487,true,1,1346318
7290013145833,false,פודינג שוקולד אמיתי מימונס 80 גרם,א.ל ייצור ושיווק תבלינים,IL,פודינג שוקולד בלגי 95 גרם,גרמים,95.00,100 גרם,false,,3.90,0.0411,true,1,1346319
7290013145840,false,סוכר וניל מיימונס 10 יחידות,א.ל ייצור ושיווק תבלינים,IL,סוכר וניל 10 יח' בצלופן,גרמים,116.00,100 גרם,false,,1.90,0.0164,true,1,1346320
7290013145857,false,אבקת אפיה מיימונס 10 יחידות,מימונס אפייה,IL,אבקת אפיה 10 יח' בצלופן,גרמים,10.00,100 גרם,false,,1.90,0.1900,true,1,1346321
7290013145864,false,אבקת ג'לטין טהור מיימונס 28 גרם,א.ל ייצור ושיווק תבלינים,IL,"ג'לטין טהור אבקה בד""צ",גרמים,28.00,100 גרם,false,,9.80,0.3500,true,1,1346322
7290013145901,false,סודה לשתיה מיימונס 100 גרם,א.ל ייצור ושיווק תבלינים,IL,סודה לשתיה,גרמים,50.00,100 גרם,false,,1.90,0.0380,true,1,1346324
7290013145918,false,אבקת סוכר מיימונס 100 גרם,א.ל ייצור ושיווק תבלינים,IL,אבקת סוכר,גרמים,100.00,100 גרם,false,,1.90,0.0190,true,1,1346325
7290013145956,false,שמרים יבשים בוואקום מיימונס 500 גרם,הנסיך- מפעל לייצור ט,CN,שמרים יבשים בואקום 500 גר,גרמים,500.00,100 גרם,false,,11.90,0.0238,true,1,1346329
7290013145963,false,שמרים יבשים בוואקום מיימונס 125 גרם,מימונס אפייה,CN,שמרים יבשים בואקום 125 גר,גרמים,125.00,100 גרם,false,,5.30,0.0424,true,1,1346330
7290013145970,false,קורנפלור מימונס בשקית 200 ג',א.ל ייצור ושיווק תבלינים,IL,קורנפלור בשקית 200 גרם,גרמים,200.00,100 גרם,false,,3.90,0.0195,true,1,1346331
7290013146007,false,מיימונס מלית פרג 400 גרם,א.ל ייצור ושיווק תבלינים,IL,מלית פרג,גרמים,400.00,100 גרם,false,,15.90,0.0398,true,1,1346333
7290013146014,false,מלית אוכמניות 70% פרי מיימונס 400 גרם,אינטרגטה,IL,מלית אוכמניות 70% פרי,גרמים,400.00,100 גרם,false,,15.90,0.0398,true,1,1346334
7290013146274,false,מארז תחתיות מרנג 8 יחידות 100 גרם,סטולורגן - פארק תעשיה בל,IE,תחתיות מרנג,יח',1.00,יח',false,,18.90,18.9000,true,1,3880027
7290013146304,false,קורנפלור 500 גרם מימונס.,א.ל ייצור ושיווק תבלינים,IL,קורנפלור 500 גר.,גרמים,500.00,100 גרם,false,,5.90,0.0118,true,1,3155402
7290013146410,false,נשיקות לקישוט צבע כחול מימונס 60 גרם,רות פטיפורים,IL,מיני מרנג צבע כחול 6,יח',1.00,יח',false,,14.90,14.9000,true,1,3886412
7290013146427,false,נשיקות לקישוט צבע לבן מימונס 60 גרם,"מימונס אפיה בע""מ",IL,מיני מרנג צבע לבן 60,יח',1.00,יח',false,,14.90,14.9000,true,1,3886413
7290013146441,false,נשיקות לקישוט צבע ורוד מימונס 60 גרם,"מימונס אפיה בע""מ",IL,מיני מרנג צבע ורוד 6,יח',1.00,יח',false,,14.90,14.9000,true,1,3886415
7290013146656,false,כוכבים תכלת ירוק לבן לקישוט 60 גרם,"מימונס אפיה בע""מ",IL,כוכבים בצבעים לקישוט,יח',1.00,יח',false,,10.90,10.9000,true,1,3883738
7290013146663,false,אטריות צבעוניות לקישוט מימונס 55 גרם,"מימונס אפיה בע""מ",IL,אטריות צבעוניות לקיש,יח',1.00,יח',false,,10.90,10.9000,true,1,3883739
7290013146670,false,סוכריות לב סגול ורוד לבן לקישוט 60 גרם,"מימונס אפיה בע""מ",IL,סוכריות לב בצבעים לק,יח',1.00,יח',false,,10.90,10.9000,true,1,3883740
7290013146724,false,אבקת אייס קפה 350 גרם מימונס,מימונס אפייה,IL,אייס קפה להכנה ביתית,גרמים,350.00,100 גרם,false,,19.90,0.0569,true,1,3893729
7290013146755,false,"קצפת 24% שומן מימונס 500 מ""ל",מוצרי קפוא זן,BG,מימונס קצפת מעולה 24,מיליליטרים,500.00,"100 מ""ל",false,,13.90,0.0278,true,1,3891610
7290013146762,false,"קצפת לזילוף 24% שומן מימונס 200 מ""ל",מוצרי קפוא זן,BG,מימונס קצפת מעולה 24,מיליליטרים,200.00,"100 מ""ל",false,,6.90,0.0345,true,1,3891611
7290013146809,false,בישקוטים 200 גר' מימ,מימונס אפייה,,בישקוטים 200 גר,יח',1.00,יח',false,,5.70,5.7000,true,1,3870064
7290013146816,false,אבקת סוכר מימונס 500 גרם,א.ל ייצור ושיווק תבלינים,IL,אבקת סוכר שקית 500 ג,גרמים,500.00,100 גרם,false,,6.80,0.0136,true,1,3861774
7290013146854,false,קוקוס לבן טחון מימונס 400 ג',א.ל ייצור ושיווק תבלינים,IL,קוקוס לבן 400 גרם,גרמים,400.00,100 גרם,false,,12.70,0.0317,true,1,1346342
7290013153395,false,פריגת סחוט טרי רימונים 1ליטר,פריגת מצוננים,IL,פריגת סחוט רימונים 1,ליטרים,1.00,ליטר,false,,21.90,21.9000,true,1,1323000
7290013153418,false,פריגת סחוט לימונענע 1 ליטר,פריגת מצוננים,IL,סחוט לימונענע 1 ליטר,ליטרים,1.00,ליטר,false,,15.90,15.9000,true,1,1323002
7290013153579,false,משקה בטעם אפרסק מרוכז קפוא,פריגת מצוננים,IL,מיץ פריגת קפוא 280 מ,מיליליטרים,280.00,"100 מ""ל",false,,9.90,0.0354,true,1,3121362
7290013153593,false,תפוזים מתקתק 100% פריגת 1 ליטר,"גת גבעת חיים,",IL,מיץ תפוזים 100% 1לי,ליטרים,1.00,ליטר,false,,10.90,10.9000,true,1,3121364
7290013170583,false,"פירורית אסם כשל""פ 350גרם",מיוצר עי קונדיטוריית,IL,"פירורית זהב כשל""פ 35",גרמים,350.00,100 גרם,false,,7.90,0.0226,true,1,1329693
7290013215017,false,פטריות זוגות חוות השמפניון,אראל תוצרת חקלאית בע,IL,פטריות זוגות חוות הש,גרמים,500.00,100 גרם,false,,14.90,0.0298,true,1,1358240
7290013267665,false,סולרו מיני קלאסי - פירות טרופיים (חלבי),"מיוצר ע""\י גלידת שטראוס",IL,מאגדת שלגוני מיני סו,גרמים,354.00,100 גרם,false,,19.80,0.0559,true,1,1339913
7290013268020,false,מקסימה מרכך כביסה מרוכז בניחוח אולטרא פרש סנו 1 ליטר,"סנו מפעלי ברונוס בע""\מ",IL,מקסימה מרכך כביסה מר,ליטרים,1.00,ליטר,false,,17.50,17.5000,true,1,1332546
7290013268037,false,מקסימה מרכך כביסה מרוכז בניחוח לבנדר פצ'ולי סנו 1 ליטר,"סנו מפעלי ברונוס בע""\מ",IL,מקסימה מרכך כביסה מר,ליטרים,1.00,ליטר,false,,17.90,17.9000,true,1,1332547
7290013268242,false,תרכיז ריחני לניקוי רצפות בריח מלון מפנק ריצפז פרש,"סנו מפעלו ברונוס בע""\מ",IL,ריצפז פרש הום 2 לי,ליטרים,2.00,ליטר,false,,19.80,9.9000,true,1,3879260
7290013268372,false,פוליויקס נוזל לניקוי פרקט סנו 2 ליטר,סנו פוליויקס,IL,פוליויקס נוזל לניקוי,ליטרים,2.00,ליטר,false,,19.90,9.9500,true,1,3886228
7290013268594,false,דאודורנט ספריי לגבר Body Power הגנה אפקטיבית,אמיליה קוסמטיקס,IL,קרמה מן דאודורנט ספר,מיליליטרים,200.00,"100 מ""ל",false,,10.90,0.0545,true,1,1332566
7290013268884,false,"נוזל רצפות מאסק 2 ליטר ""ריצפז פרש""",מיוצר עי קונדיטוריית,IL,ריצפז פרש 2 ליטר בני,ליטרים,2.00,ליטר,false,,16.90,8.4500,true,1,1332581
7290013268891,false,אוקסיג'ן ג'ל ללא אקונומיקה עם חמצן פעיל סנו 3 ליטר,"סנו מפעלי ברונוס בע""\מ",IL,אוקסיג'ן ג'ל ללא אקו,ליטרים,3.00,ליטר,false,,28.90,9.6333,true,1,1332582
7290013268907,false,ג'ל כביסה ביו בטמפרטורות נמוכות,"סנו מפעלי ברונוס בע""\מ",IL,מקסימה ג'ל כביסה ביו,ליטרים,3.00,ליטר,false,,28.90,9.6333,true,1,1332583
7290013268914,false,סנו מקסימה ג'ל כביסה סמארט 3 ל',סנו מקסימה,IL,סנו ג'ל מקסימה חכמה,ליטרים,3.00,ליטר,false,,29.90,9.9667,true,1,3595133
7290013268983,false,מרכך כביסה סופר מרוכז בבישום עוצמתי סנו מקסימה 1 ל',"סנו מפעלי ברונוס בע""\מ",IL,מקסימה מרכך כביסה מר,מטרים,1000.00,100 מ'ל,false,,17.90,0.0179,true,1,3892635
7290013268990,false,מרכך כביסה מרוכז לבן ביו סנו מקסימה 1 ליטר,"סנו מפעלי ברונוס בע""\מ",IL,מרכך כביסה מרוכז לבן,ליטרים,1.00,ליטר,false,,17.50,17.5000,true,1,1332585
7290013269003,false,מרכך כביסה סופר מרוכז בייבי לתינוקות ולעור רגיש,"סנו מפעלי ברונוס בע""\מ",IL,מקסימה מרכך כביסה מר,ליטרים,1.00,ליטר,false,,17.90,17.9000,true,1,1332586
7290013269157,false,"מרכך מבשם למייבש כביסה לבנדר סנו מקסימה 750 מ""ל",סנו מקסימה,,סנו מקסימה לבנדר מרכ,מיליליטרים,750.00,"100 מ""ל",false,,16.30,0.0217,true,1,1332590
7290013269263,false,ג'ל כביסה מרוכז מקסימה בבישום קריסטל נואר,סנו מפעלי ברונוס בעמ,IL,מקסימה ג'ל כביסה קרי,ליטרים,3.00,ליטר,false,,28.90,9.6333,true,1,1332592
7290013269287,false,סנו - מקסימה ג'ל כביסה מרוכז מאסק 3 ליטר,"סנו מפעלי ברונוס בע""\מ",IL,מקסימה ג'ל כביסה מאס,ליטרים,3.00,ליטר,false,,28.90,9.6333,true,1,1332594
7290013269300,false,ניילון נצמד פלוס סנו סושי 150 מטר,"מיוצר בהונג קונג, סי",IL,ניילון נצמד 150 מ סנ,יח',150.00,יח',false,,20.90,0.1393,true,1,1332596
7290013269348,false,K3 תחנת פיתיון קוטל תיקנים (ג'וקים) בבית ובחצר,טרופיקל דגיל תעשיות,IL,סנו K3 תחנת פיתיון ל,יח',1.00,יח',false,,39.90,39.9000,true,1,3879263
7290013269621,false,ריצפז פרש לניקוי רצפות בניחוח מלון בוטיק,מיוצר עי קונדיטוריית,IL,ריצפז פרש הום 2 לי,ליטרים,2.00,ליטר,false,,19.80,9.9000,true,1,3868013
7290013269638,false,ספוג הפלא אקסטרה Extra- מארז 6 יח',החברה הדרומית,IL,סנו סושי ספוג הפלא א,יח',6.00,יח',false,,9.70,1.6167,true,1,1332599
7290013269669,false,ריצפז בניחוח פנטזיה לניקוי הרצפה,"סנו מפעלי ברונוס בע""",IL,ריצפז 3 ליטר פנטזיה,ליטרים,3.00,ליטר,false,,11.70,3.9000,true,1,1332602
7290013269850,false,נייר אפיה אקולוגי סנו סושי 50 יחידות,מולינו ניקולי s.p.a,IL,נייר אפיה אקולוגי סנ,יח',50.00,יח',false,,13.90,0.2780,true,1,1332609
7290013269911,false,"סנו K-333 קוטל חרקים ללא ריח 750מ""ל","סנו מפעלי ברונוס בע""",IL,סנו K333 נוזלי,מיליליטרים,750.00,"100 מ""ל",false,,28.90,0.0385,true,1,1332613
7290013276124,false,"בקבוק בירה נגב אמבר אייל 330 מ""ל",הכרם משקאות חריפים בעמ,IL,בקבוק בירה נגב אמבר,מיליליטרים,330.00,"100 מ""ל",false,,12.90,0.0391,true,1,3868960
7290013284082,false,פריניר זית מושחר ללא גלעין 275 גרם,פריניר,,פריניר זית מושחר ללא,גרמים,275.00,100 גרם,false,,6.90,0.0251,true,1,3867716
7290013284105,false,זיתים ירוקים טבעות 560 גר,פריניר,,זיתים ירוקים טבעות 5,גרמים,560.00,100 גרם,false,,7.90,0.0141,true,1,3862945
7290013284112,false,פריניר זית חרוזית יר,פריניר ( הדס 1987) ב,IL,זיתים חרוזית ירוק 56,גרמים,560.00,100 גרם,false,,6.90,0.0123,true,1,3092630
7290013284136,false,מלפפונים פריניר במלח,פריניר,IL,מלפפון במלח 7-9 560,גרמים,560.00,100 גרם,false,,5.30,0.0095,true,1,3092607
7290013284143,false,מלפפונים פריניר במלח,פריניר,IL,מלפפון במלח 10-12 32,גרמים,320.00,100 גרם,false,,5.90,0.0184,true,1,3092608
7290013284150,false,מלפפונים פריניר במלח,פריניר,IL,מלפפון במלח 13-17 32,גרמים,320.00,100 גרם,false,,6.40,0.0200,true,1,3092609
7290013284167,false,מלפפונים פריניר במלח,פרי ניר,IL,מלפפון במלח 18-25 56,גרמים,560.00,100 גרם,false,,8.90,0.0159,true,1,3092610
7290013284174,false,פריניר מלפפונים בחומ,פריניר,IL,מלפפון בחומץ 7-9 560,גרמים,560.00,100 גרם,false,,5.30,0.0095,true,1,3092611
7290013284181,false,פריניר מלפפונים בחומ,פריניר,,מלפפון בחומץ 10-12 2,גרמים,290.00,100 גרם,false,,5.90,0.0203,true,1,3092631
7290013284204,false,מלפפונים פריניר בחומ,פריניר,,מלפפון בחומץ 18-25 5,גרמים,560.00,100 גרם,false,,8.90,0.0159,true,1,3092613
7290013284303,false,פריניר זית ירוק גדול 560גר,,IL,פריניר זית ירוק גדול,גרמים,560.00,100 גרם,false,,6.70,0.0120,true,1,3867717
7290013284310,false,רוטב פסטה לילדים פריניר 240 גרם,פריניר ( הדס 1987) ב,IL,רוטב פסטה לילדים 240,גרמים,240.00,100 גרם,false,,4.90,0.0204,true,1,1333940
7290013284662,false,רוטב פיצה פיתה לילדים 240 ג' פריניר,פריניר ( הדס 1987) ב,IL,רוטב פיצה פיתה 240 ג,גרמים,240.00,100 גרם,false,,4.90,0.0204,true,1,1333947
7290013302311,false,מחית לתינוק פריטוב אפרסק ותפוח טעמן 6 * 190 גרם,טעמן,IL,מחית אפרסק טעמן 6*19,קילוגרמים,1.14,"ק""ג",false,,19.90,17.4561,true,1,1328654
7290013302373,false,מארז מחית סלט פירות 130 גרם*6 יח' פריטוב,טעמן,,פריטוב מחיות שלב 1 ס,גרמים,130.00,100 גרם,false,,19.90,0.1531,true,1,1328660
7290013302748,false,סוכריות זיסי טופי ממולא יוגורט טעמן 600 גרם,פאסין אס אי,BR,סוכריות טופי ממולא ב,גרמים,600.00,100 גרם,false,,17.90,0.0298,true,1,1328672
7290013358004,false,גריזלי גריל 70 ג רמי לוי,,,גריזלי גריל 70 ג רמי,יח',1.00,יח',false,,2.50,2.5000,true,1,3884228
7290013358011,false,גריזלי ברבקיו 70 ג רמי לוי,,,גריזלי ברבקיו 70 ג ר,יח',1.00,יח',false,,2.50,2.5000,true,1,3884229
7290013358028,false,גריזלי בצל 70 גרם רמי לוי,,,גריזלי בצל 70 גרם רמ,יח',1.00,יח',false,,2.50,2.5000,true,1,3884230
7290013358059,false,גריזלי פלאפל 70 גרם רמי לוי,,,גריזלי פלאפל 70 גרם,יח',1.00,יח',false,,2.50,2.5000,true,1,3884231
7290013358066,false,גריזלי פיצה 70 גרם רמי לוי,,,גריזלי פיצה 70 גרם ר,יח',1.00,יח',false,,2.50,2.5000,true,1,3884232
7290013358356,false,מאסטר שף - פירורי לחם מוזהבים 320 גרם,מנה י.א בעמ,IL,מאסטר שף פירורי לחם,גרמים,320.00,100 גרם,false,,6.90,0.0216,true,1,1327143
7290013358363,false,מאסטר שף פרורי לחם פנקו עבים בסגנון יפני 300 גר,קריניציה ויטמינה אס,IL,מאסטר שף פירורי לחם,גרמים,300.00,100 גרם,false,,9.90,0.0330,true,1,1327144
7290013358370,false,פנקו פירורי לחם מאסטר שף בטעם שום 300 גרם,"מיוצר ע""י מנה י.א בע",IL,מאסטר שף פירורי לחם,גרמים,300.00,100 גרם,false,,9.90,0.0330,true,1,1327145
7290013358417,false,מאסטר שף אסייאתי רוטב טריאקי 300 מל כשלפ,קריניציה ויטמינה אס,TH,מאסטר שף רוטב טריאקי,מיליליטרים,300.00,"100 מ""ל",false,,7.90,0.0263,true,1,1327148
7290013358448,false,"קרוטונים לסלט אקסטרה ארוכים בתיבול שום, בצל ופטרוזיליה",עינת תעשיות מזון אגו,IL,מאסטר שף קרוטונים לס,גרמים,200.00,100 גרם,false,,11.80,0.0590,true,1,1327151
7290013358462,false,"מיני קרוטונים למרק בתיבול שום, בצל ופטרוזיליה","עינת תעשיות מזון, אגשח ב",IL,מאסטר שף מיני קרוטונ,גרמים,350.00,100 גרם,false,,18.90,0.0540,true,1,1327153
7290013358486,false,מאסטר שף פירורים מוזהבים ללא צורך בביצה 300 ג,"מיוצר ע""י מנה י.א בע",IL,מאסטר שף פרורי לחם מ,גרמים,300.00,100 גרם,false,,6.90,0.0230,true,1,1327154
7290013358530,false,מאסטר שף אסייאתי רוטב צ'ילי מתוק 700 מל כשלפ,קריניציה ויטמינה אס,TH,מאסטר שף רוטב צ'ילי,מיליליטרים,700.00,"100 מ""ל",false,,11.90,0.0170,true,1,1327159
7290013358547,false,מאסטר שף אסייאתי רוטב צ'ילי חריף 700 מל כשלפ,קי.אר.אס. ספייסי פוד,TH,מאסטר שף רוטב צ'ילי,מיליליטרים,700.00,"100 מ""ל",false,,11.80,0.0169,true,1,1327160
7290013358806,false,מנה מאגדת פריכיות אורז עם מלח 264 גרם,מנה Mana,IL,מנה מאגדת פריכיות עם,גרמים,264.00,100 גרם,false,,10.90,0.0413,true,1,1327167
7290013389381,false,"1 קֿֿֿֿ""ג 10X( פולנטה) קמח תירס",מולינו פילה,IT,קמח תירס 1קג פולנטה,100 קילו,1.00,100 קילו,false,,9.90,9.9000,true,1,1326373
7290013453624,false,דני וגלית עוגיות שוקולדצ'יפס מקמח שקדים וקמח אורז מלא 230 גרם,"דני וגלית בע""מ",IL,עוגיות קמח שקדים שוק,גרמים,230.00,100 גרם,false,,21.90,0.0952,true,1,3887063
7290013453631,false,דני וגלית עוגיות חמאת בוטנים שוקולדצ'יפס מפצפוצי אורז מלא 230 גרם,האי נאם סי או אל.טי.,IL,עוגיות חמאת בוטנים ש,גרמים,230.00,100 גרם,false,,25.50,0.1109,true,1,3887064
7290013453648,false,דני וגלית עוגיות פירות יער מקמח שקדים וקמח אורז מלא 230 גרם,"דני וגלית בע""מ",IL,עוגיות קמח שקדים פיר,גרמים,230.00,100 גרם,false,,25.50,0.1109,true,1,3887065
7290013472892,false,בולגריה קוביות במי מלח - מרכיבי חלב ושומן צמחי,"קוליוס אס.איי, גריק",GR,הבולגריה בולגרית 22%,גרמים,200.00,100 גרם,false,,10.90,0.0545,true,1,1350374
7290013520463,false,לחם בריאות ושובע כוס,מאפיית אגמי,,לחם כוסמין 100% 600,גרמים,600.00,100 גרם,false,,14.90,0.0248,true,1,1557777
7290013521200,false,פוזילי אפונה ירוקה אורגני 250 גרם ללא גלוטן,השדה מוצרים טבעיים ו,IT,פוזילי אפונה ירוקה א,גרמים,250.00,100 גרם,false,,12.90,0.0516,true,1,3887138
7290013521545,false,עוגיות חצי ירח אורגניות 180 גר,הגביע,IL,עוגיות חצי ירח אורגנ,גרמים,180.00,100 גרם,false,,12.80,0.0711,true,1,3887109
7290013521897,false,גליליות מקמח כוסמין מלא קרם חרובים 100 ג,השדה מוצרים טבעיים ו,IL,גליליות כוסמין 100 ג,גרמים,100.00,100 גרם,false,,13.90,0.1390,true,1,3887110
7290013531117,false,רוטב פסטה לילדים 240 גרם יכין,"זנלכל בע""\מ",IL,רוטב פסטה לילדים יכי,גרמים,240.00,100 גרם,false,,4.90,0.0204,true,1,1337610
7290013531346,false,סירופ דיאט בטעם לימונענע יכין 1 ליטר,"זנלכל בע""\מ",IL,סירופ דיאט בטעם לימו,ליטרים,1.00,ליטר,false,,16.70,16.7000,true,1,1337614
7290013531582,false,מארז זיתים ירוקים מגולענים יכין 200 גרם,פרופר,IL,זיתים ירוקים מגולעני,גרמים,255.00,100 גרם,false,,11.90,0.0467,true,1,2638055
7290013531612,false,רוטב לפסטה נפוליטנה יכין 240 גרם,זנלכל,IL,רוטב פסטה נפוליטנה י,גרמים,240.00,100 גרם,false,,4.90,0.0204,true,1,1337623
7290013531759,false,שעועית אפויה במים יכין 330 גרם,"זנלכל בע""\מ",IL,שעועית לבנה במים יכי,גרמים,330.00,100 גרם,false,,8.90,0.0270,true,1,1337632
7290013539502,false,סטייל קרם לחות ארגן מרוקאי 400 מל,א.ל.ארמן ייצור תמרוקים ב,IL,סטייל קרם לחות ארגן,מיליליטרים,400.00,"100 מ""ל",false,,28.50,0.0713,true,1,1344134
7290013584328,false,פקדון בקבוק בירה ריק,,,בקבוק בירה חוזר ריק,יח',1.00,יח',false,,1.20,1.2000,true,1,1323582
7290013585233,false,"ספרייט זירו פחית סליק 330 מ""ל",החברה המרכזית לייצור משקאות,IL,ספרייט זירו פחית 330,מיליליטרים,330.00,"100 מ""ל",false,,3.50,0.0106,true,1,1323734
7290013585387,false,קוקה קולה זירו בקבוק,החברה המרכזית לייצור משקאות,IL,קולה זירו 1ליטר בודד,ליטרים,1.00,ליטר,false,,6.50,6.5000,true,1,1323745
7290013585394,false,קוקה קולה 1ליטר בודד,החברה המרכזית לייצור משקאות,IL,קוקה קולה 1ליטר בודד,ליטרים,1.00,ליטר,false,,6.90,6.9000,true,1,1323746
7290013585967,false,מארז ספרייט זירו 6 * 330 פח Fridge- pack,קוקה קולה ישראל,IL,מארז ספרייט זירו 6 י,ליטרים,1.98,ליטר,false,,19.90,10.0505,true,1,1479666
7290013608260,false,מיץ רימונים 100%מיץ סחוט טרי מצונן 1ליט,"גניר (1992) בע""מ",IL,מיץ רימונים סחוט פרי,ליטרים,1.00,ליטר,false,,21.90,21.9000,true,1,1341871
7290013608550,false,נקטר תפוזים פרימור 1 ליטר,סטאר סנקס,IL,פרימור נקטר תפוזים 1,ליטרים,1.00,ליטר,false,,7.80,7.8000,true,1,2515899
7290013608635,false,משקה לימונים עם נענע פרימור 1 ליטר,סטאר סנקס,IL,פרימור משקה לימונים,ליטרים,1.00,ליטר,false,,7.80,7.8000,true,1,2743575
7290013608673,false,נקטר תפוחי עץ פרימור 1 ליטר,סטאר סנקס,IL,פרימור נקטר תפוחי עץ,ליטרים,1.00,ליטר,false,,7.80,7.8000,true,1,2515901
7290013625229,false,פילה מקרל בשמן צמחי ופלפל חריף טעים 125 ג',טעמן,IL,פילה מקרל ופלפל חריף,גרמים,125.00,100 גרם,false,,5.90,0.0472,true,1,1328693
7290013625403,false,חצאי אפרסק צ'ויס בסירופ 470גרם,,IL,חצאי אפרסק צ'ויס בסי,גרמים,470.00,100 גרם,false,,12.90,0.0274,true,1,1328701
7290013625724,false,חומץ סינטטי בדץ כשלפ,טעמן,,חומץ סינטטי בדץ כשלפ,ליטרים,1.00,ליטר,false,,4.90,4.9000,true,1,1328709
7290013625922,false,אטריות דקות טעמן 400 גרם,מוטלו,TR,איטריות 400ג דקות טע,גרמים,400.00,100 גרם,false,,4.50,0.0113,true,1,1328721
7290013645371,false,"עוגיות שוקולד צ'יפס ג'י פרי 200 גרם לל""ג","מוצרי הכט בע""מ",IL,עוגיות שוקולד ציפס 2,גרמים,200.00,100 גרם,false,,16.90,0.0845,true,1,1358371
7290013652782,false,נטורל קר קרם לחות לשיער מתולתל- יסמין ופרחי מגנוליה,פישר מעבדות פרמצבטיות,IL,נטורל קר קרם לחות לשיער מ,גרמים,400.00,100 גרם,false,,22.90,0.0572,true,1,1350215
7290013652799,false,נטורל קר קרם לחות לשיער רגיל/יבש- ורדים וחלב רימונים,פישר מעבדות פרמצבטיות בע,IL,נטורל קר קרם לחות לשיער ר,גרמים,400.00,100 גרם,false,,23.00,0.0575,true,1,1350216
7290013652874,false,נטורל קר מרכך לשיער רגיל- ורדים וחלב רימונים,"ד""ר פישר Dr fischer",IL,נטורל קר מרכך לשיער רגיל,מיליליטרים,700.00,"100 מ""ל",false,,18.90,0.0270,true,1,1350224
7290013652928,false,נטורל קר שמפו קשקשים- לבנדר ושיבולת שועל,פישר תעשיות,IL,נטורל קר שמפו קשקשים - לב,מיליליטרים,700.00,"100 מ""ל",false,,18.90,0.0270,true,1,1350229
7290013652935,false,נטורל קר שמפו לשיער רגיל- יסמין ופרחי מגנוליה,"ד""ר פישר Dr fischer",IL,נטורל קר שמפו לשיער רגיל,מיליליטרים,700.00,"100 מ""ל",false,,18.90,0.0270,true,1,1350230
7290013675545,false,"שניצל כלי תחבורה ""מאמא עוף"" 700 גרם",תנובה גליל שותפות מוגבלת,IL,שניצל כלי תחבורה 700,גרמים,700.00,100 גרם,false,,29.90,0.0427,true,1,3866877
7290013675804,false,שניצלונים בטעם טבעות,תנובה גליל שותפות מו,IL,מיני מיני דק טעם טבע,גרמים,500.00,100 גרם,false,,25.90,0.0518,true,1,3890800
7290013675835,false,ירוק גלילי עם חזה להקפצה סנפרוסט 450 ג',"סנפרוסט בע""\מ",IL,ירוק גלילי להקפצה 45,גרמים,450.00,100 גרם,false,,19.90,0.0442,true,1,3883228
7290013675958,false,רצועות שומשום מאמא ע,תנובה גליל,,רצועות שומשום מאמא ע,גרמים,500.00,100 גרם,false,,24.90,0.0498,true,1,3891054
7290013675972,false,רצועות טעם גריל מאמע,תנובה גליל,,רצועות טעם גריל מאמע,גרמים,500.00,100 גרם,false,,24.90,0.0498,true,1,3891318
7290013700001,false,מצות רכות עבודת יד 1,,,מצות רכות עבודת יד 1,יח',1.00,יח',false,,59.90,59.9000,true,1,1358082
7290013700049,false,"מצות כתר ההידור 1 ק""",,,"מצות כתר ההידור 1 ק""",יח',1.00,יח',false,,69.90,69.9000,true,1,1358083
7290013700155,false,מצה שמורה 3 יח,,,מצה שמורה 3 יח,יח',1.00,יח',false,,21.90,21.9000,true,1,1358087
7290013702036,false,"שוופס ווטר 500 מ""ל- אפרסק",יפאורה שותפות מובגלת לשיווק,IL,שוופס וואטר אפרסק 50,מיליליטרים,500.00,"100 מ""ל",false,,4.80,0.0096,true,1,3867748
7290013702050,false,"שוופס ווטר 500 מ""ל- ענבים",יפאורה תבורי,IL,שוופס וואטר ענבים 50,מיליליטרים,500.00,"100 מ""ל",false,,4.80,0.0096,true,1,3867749
7290013702388,false,"שוופס מים ט.תפוח 500 מ""ל",יפאורה שותפות מובגלת לשיווק,IL,שוופס ווטר תפוח 500מ,מיליליטרים,500.00,"100 מ""ל",false,,4.80,0.0096,true,1,3867750
7290013725738,false,אצות ים נורי לסושי 25גרם,"דין שיווק וקלייה בע""",VN,אצות נורי (10 דפים),גרמים,25.00,100 גרם,false,,9.90,0.3960,true,1,3886797
7290013771414,false,לאבנה 5% שמן זית וזע,,,לאבנה 5% שמן זית וזע,גרמים,250.00,100 גרם,false,,9.90,0.0396,true,1,3873220
7290013771438,false,צפתית מעודנת 5% 200גר רמילוי,,,צפתית מעודנת 5% 200ג,גרמים,200.00,100 גרם,false,,10.90,0.0545,true,1,3873222
7290013771452,false,לאבנה 5% שמן זית וזע,,,לאבנה 5% שמן זית וזע,גרמים,500.00,100 גרם,false,,15.90,0.0318,true,1,3873224
7290013771469,false,בולגרית קלאסית 5% 250גר רמילוי,,,בולגרית קלאסית 5% 25,גרמים,250.00,100 גרם,false,,14.90,0.0596,true,1,3873225
7290013771476,false,פטאקי 16% סגנון יווני 250גר רמילוי,,,פטאקי 16% סגנון יוונ,גרמים,250.00,100 גרם,false,,13.90,0.0556,true,1,3873226
7290013771483,false,בולגרית מעודנת 5% 250גר רמילוי,,,בולגרית מעודנת 5% 25,גרמים,250.00,100 גרם,false,,15.90,0.0636,true,1,3873227
7290013771490,false,גבינת שמנת טבעי 25% 200גר רמילוי,,,גבינת שמנת טבעי 25%,גרמים,200.00,100 גרם,false,,9.90,0.0495,true,1,3873228
7290013771506,false,גבינת שמנת שום שמיר 25% 200גר רמילוי,,,גבינת שמנת שום שמיר,גרמים,200.00,100 גרם,false,,9.90,0.0495,true,1,3873229
7290013771575,false,יוגורט יווני 8% כד 1.3ל',מחלבת השומרון,IL,יוגורט יווני 8% 1.3,ליטרים,1.30,ליטר,false,,17.90,13.7692,true,1,3878546
7290013787385,false,רביולי סלק ריקוטה 400ג רמילוי,,,רביולי סלק ריקוטה 40,גרמים,400.00,100 גרם,false,,21.90,0.0547,true,1,3871623
7290013787392,false,רביולי גבינות קלאסי 330 גרם ריקו בית יוסף,דודו איטליאן פרודקטס בע\,IL,רביולי גבינות קלאסי,גרמים,330.00,100 גרם,false,,21.80,0.0661,true,1,3891057
7290013787422,false,פסטה פלין פטריות בטעם כמהין 330 גרם,דודו איטליאן פרודקטס בע\,IL,רביולי פטריות כמהין,גרמים,330.00,100 גרם,false,,22.80,0.0691,true,1,3891906
7290013787736,false,רביולי במילוי גבינה 400 רמילוי,,,רביולי במילוי גבינה,גרמים,400.00,100 גרם,false,,21.90,0.0547,true,1,3863855
7290013787743,false,רביולי במילוי בטטה 400 רמילוי,,,רביולי במילוי בטטה 4,גרמים,400.00,100 גרם,false,,21.90,0.0547,true,1,3863856
7290013787750,false,רביולי בטטה ומסקרפונה 400 רמילוי,,,רביולי בטטה ומסקרפונ,גרמים,400.00,100 גרם,false,,21.90,0.0547,true,1,3863857
7290013787767,false,רביולי ריקוטה ותרד 400 רמילוי,,,רביולי ריקוטה ותרד 4,גרמים,400.00,100 גרם,false,,21.90,0.0547,true,1,3871624
7290013847102,false,נתחי טונה בהירה בשמן - מארז שלישיה,סטארקיסט Starkist,TR,טונה סטארקיסט בשמן ש,גרמים,294.00,100 גרם,false,,11.90,0.0405,true,1,3879444
7290013847119,false,טונה סטארקיסט בשמן קנולה רביעיות בישול י,סטארקיסט,IL,"טונה SK בשמן קנולה 160 ב""",גרמים,640.00,100 גרם,false,,28.90,0.0452,true,1,1336699
7290013847409,false,סטארקיסט לייט נתחי טונה בהירה במים ושמן קנולה עם לימון ופלפל חריף 140 גרם,סטארקיסט Starkist,IL,טונה סטרקיסט לייט 4%,גרמים,98.00,100 גרם,false,,6.90,0.0704,true,1,3868648
7290013847645,false,סטארקיסט טונה בשמן זית 80 גר' שלישיות - בית,סטארקיסט Starkist,TR,טונה סטארקיסט שלישיי,גרמים,80.00,100 גרם,false,,16.90,0.2112,true,1,3868652
7290013847836,false,נתחי טונה בשמן קנולה זוג * 140 ג' סטארקיסט,סטארקיסט Starkist,IL,זוג טונה סטארקיסט בש,גרמים,196.00,100 גרם,false,,9.90,0.0505,true,1,3868656
7290013847980,false,"טונה סטארקיסט שפע 425גר בד""ץ**מבצע**",תאי יוניון,TH,טונה סטארקיסט שפע 42,גרמים,425.00,100 גרם,false,,15.90,0.0374,true,1,3875376
7290013848055,false,קרמה מן קרם גוף בניחוח גברי 400 מ' ל,קוסמופארם בע'\'\מ,IL,קרמה מן קרם גוף 400,מיליליטרים,400.00,"100 מ""ל",false,,19.90,0.0497,true,1,2100719
7290013848345,false,מארז מטליות לחיטוי וניקוי יסודי אנטיבקטריאלי 99.9%,סנו מפעלי ברונוס בעמ,IL,סנו מטליות לחיטוי ול,יח',1.00,יח',false,,19.90,19.9000,true,1,3868016
7290013848383,false,קרמה מן גל רחצה אקטיב בלוק 700 מל לגבר,טרופיקל דגיל תעשיות,IL,ג'ל רחצה קרמה מן אקט,מיליליטרים,700.00,"100 מ""ל",false,,14.90,0.0213,true,1,1332628
7290013848611,false,רדיד אלומיניום עבה וחזק 61 מטר,סנו סושי,IL,רדידי אלומניום סנו ס,יח',1.00,יח',false,,39.90,39.9000,true,1,1332634
7290013848758,false,מקסימה גל כביסה מרוכז בייבי 3ליטר סנסטיב,"סנו מפעלי ברונוס בע""\מ",IL,סנו מקסימה ג'ל מרוכז,ליטרים,3.00,ליטר,false,,32.80,10.9333,true,1,1332644
7290013848802,false,כייף רביעייה אל סבון מוצק לבנדר,קוסמופארם,IL,כייף רביעייה אל סבון,גרמים,100.00,100 גרם,false,,9.90,0.0990,true,1,1332648
7290013848925,false,דאו' קרמה סטיק קלאסי 65 גר',אמיליה קוסמטיקס בעמ,IL,קרמה דאו סטיק קלאסי,יח',1.00,יח',false,,14.90,14.9000,true,1,1332656
7290013848970,false,"קרמה - דאודורנט ספריי לאישה קלאסי 150 מ""ל",מיוצר עי : אמיליה קוסמטי,IL,קרמה ספריי קלאסי 150,מיליליטרים,150.00,"100 מ""ל",false,,9.90,0.0660,true,1,1332660
7290013883148,false,סופג ריחות במקרר ווליט 40 גרם,יעקבי - הפי Hepi,IT,הפי ג'ל סופג ריחות ב,יח',1.00,יח',false,,9.90,9.9000,true,1,1335082
7290013883490,false,מדליק פחמים הפי 250 גרם,שייני Shiny,,הפי מדליק פחמים מוצק,גרמים,250.00,100 גרם,false,,9.80,0.0392,true,1,1335090
7290013903099,false,תחליף רוקפור טבעוני,ביוט איילנד פודס בעמ,,רוקפור טבעונית 200 ג,גרמים,200.00,100 גרם,false,,21.70,0.1085,true,1,3870912
7290013903327,false,טופו בטעם טבעי 500 גרם,"א.י.ן תעשיות בע""מ",IL,טופו 500גרם ליב טבעי,גרמים,500.00,100 גרם,false,,14.90,0.0298,true,1,3880402
7290013906052,false,נקניקיות פרגיות טירת צבי 300 גרם,הנסיך- מפעל לייצור ט,IL,נקניקיות פרגיות 300,גרמים,300.00,100 גרם,false,,10.90,0.0363,true,1,1325143
7290013906205,false,פסטרמה עם שום וצילי טירת צבי 400 ג',הנסיך- מפעל לייצור ט,IL,פסטרמה שום וצ'לי 400,גרמים,400.00,100 גרם,false,,25.90,0.0647,true,1,1325151
7290013906236,false,סלמי גלבוע טירת צבי 400 ג',הנסיך- מפעל לייצור ט,IL,סלמי גלבוע 400 גר,גרמים,400.00,100 גרם,false,,19.90,0.0497,true,1,1325154
7290013906496,false,פסטרמה עגל בסגנון רומני טירת צבי 120 גר,הנסיך- מפעל לייצור ט,IL,פסטרמה עגל רומנית 12,גרמים,120.00,100 גרם,false,,13.90,0.1158,true,1,1325165
7290013906687,false,פסט' צמד כפרית ברביקיו ודבש 300X2ג' טירת צבי,הנסיך- מפעל לייצור ט,IL,צמד כפרי ברביקיו ודב,גרמים,600.00,100 גרם,false,,24.90,0.0415,true,1,1325167
7290013906694,false,נקניקיות שקית קילו וחצי טירת צבי,הנסיך- מפעל לייצור ט,IL,"נקניקיות עוף 1.5 ק""ג",גרמים,1500.00,100 גרם,false,,29.90,0.0199,true,1,3903005
7290013906700,false,"נקניקיות הודו טירת צבי כשרות הרב מחפוד 1.5 ק""ג",טיב טירת צבי 2000,IL,נקניקיות הודו מחפוד,גרמים,1500.00,100 גרם,false,,29.90,0.0199,true,1,3903006
7290013906939,false,קורנביף טירת צבי מחפוד 120 גרם,טיב טירת צבי 2000,IL,קורנביף 120 גר,גרמים,120.00,100 גרם,false,,13.90,0.1158,true,1,3616560
7290013919687,false,עוגיות מרוקאיות רמי,אנג'ל,IL,עוגיות מרוקאיות רמי,גרמים,600.00,100 גרם,false,,11.90,0.0198,true,1,1357139
7290013994585,false,גרעיני דלעת קלופים אורגניים 300 גרם הרדוף,אול אורגני,IL,גרעיני דלעת קלופים א,גרמים,300.00,100 גרם,false,,16.90,0.0563,true,1,2384343
7290013994653,false,קינואה רויאל אורגני 500 גרם - הרדוף,אול אורגני,IL,קינואה רויאל אורגני,גרמים,500.00,100 גרם,false,,17.90,0.0358,true,1,2384344
7290014002197,false,חליטת קמומיל ולימונית הגן הקסום ויסוצקי 25 יחידות,תה ויסוצקי,IL,חליטת קמומיל ולימוני,יח',25.00,יח',false,,16.90,0.6760,true,1,1336291
7290014002203,false,חליטת לימונית ולואיזה הגן הקסום ויסוצקי 25 יחידות,תה ויסוצקי,IL,חליטת לימונית ולואיז,יח',25.00,יח',false,,16.90,0.6760,true,1,1336292
7290014017986,false,קוביות דגנים במילוי,,,קוביות דגנים במילוי,גרמים,750.00,100 גרם,false,,17.90,0.0239,true,1,3831611
7290014017993,false,קוביות דגנים במילוי,,,קוביות דגנים במילוי,גרמים,750.00,100 גרם,false,,17.90,0.0239,true,1,3831612
7290014027213,false,"ערק ג'בלנא 40% אלכוהול 700 מ""ל",משקאות ג'בלנא,IL,ערק ג'באלנא 700 מל,מיליליטרים,700.00,"100 מ""ל",false,,48.90,0.0699,true,1,1763112
7290014046047,false,צמד פסטרמות יחיעם 600 גרם,מעדני יחיעם 1993,IL,*מבצע* צמד פסטרמות 6,גרמים,600.00,100 גרם,false,,21.90,0.0365,true,1,1338507
7290014046436,false,נשנושי קבנוס יחיעם 125 גרם,מעדני יחיעם 1993,IL,נשנושי קבנוס 125 ג,גרמים,125.00,100 גרם,false,,13.00,0.1040,true,1,1338510
7290014046474,false,"נקניקיות עוף יחיעם 1.5 ק""ג",מעדני יחיעם,IL,"נקניקיות עוף 1.5 ק""ג",קילוגרמים,1.50,"ק""ג",false,,25.90,17.2667,true,1,2346851
7290014046580,false,"פסטרמה מעודנת על האש 300 גרם ""יחיעם""",מעדני יחיעם 1993,IL,פסטרמה מעודנת גחלים,גרמים,300.00,100 גרם,false,,19.90,0.0663,true,1,1338519
7290014046757,false,סלמי תה מעדני יחיעם,מעדני יחיעם,IL,סלמי תה 300 גר,גרמים,300.00,100 גרם,false,,19.90,0.0663,true,1,1681495
7290014046764,false,סלמי פפרוני יחיעם 200 גרם,מעדני יחיעם,IL,סלמי פפרוני 200 גרם,גרמים,200.00,100 גרם,false,,9.90,0.0495,true,1,3187601
7290014059078,false,"אקווה פרש מי פה אקסטרים 500 מ""ל",גלקסוסמיתקליין,GB,א.פרש מי פה אקסטרים 500 מ,מיליליטרים,500.00,"100 מ""ל",false,,14.90,0.0298,true,1,1344157
7290014059085,false,"משחת שיניים סנסודיין 75 מ""ל פרימיום לשיקום והגנה","סמית קליין ביצ'ם בע""",GB,סנסודיין משחה לשיקום והגנ,100 מל,75.00,100 מל,false,,21.90,0.2920,true,1,1344158
7290014059436,false,"משחת שיניים סנסודיין 75 מ""ל פרימיום לשיקום והגנה מלבינה 75 מ""ל","סמית קליין ביצ'ם בע""",GB,סנסודיין משחה לשיקום והגנ,100 מל,75.00,100 מל,false,,21.90,0.2920,true,1,1344164
7290014066113,false,לנדוור קפה המקורי מארז זוג 2*100 גרם,,,לנדוור קפה המקורי מא,יח',1.00,יח',false,,9.90,9.9000,true,1,3892081
7290014066380,false,לנדוור-קפסולות אספרסו סופרימו(10) - 10יח'12X יח,קפה לנדוור,IL,לנדוור קפסולות אספרס,יח',1.00,יח',false,,14.90,14.9000,true,1,3885176
7290014066403,false,קפה טחון טורקי לנדוו,,,לנדוור קפה טורקי 160,גרמים,160.00,100 גרם,false,,9.90,0.0619,true,1,3867521
7290014066441,false,לנדוור-קפסולות אספרסו נטול קפאין(07) - 10יח'12X יח,קפה לנדוור,IL,לנדוור קפסולות אספרס,יח',1.00,יח',false,,14.90,14.9000,true,1,3885177
7290014066526,false,לנדוור-קפסולות אספרסו תערובת הבית(11) - 10יח'12X יח,קפה לנדוור,IL,לנדוור קפסולות אספרס,יח',1.00,יח',false,,14.90,14.9000,true,1,3885178
7290014079847,false,פטריות בייבי בלה צמד מרינה,"מרינה פטריות הגליל בע""מ",IL,פטריות בייבי בלה צמד,יח',1.00,יח',false,,14.90,14.9000,true,1,1345565
7290014094307,false,סילאן רכיבים טבעיים 380 גר-השקדיה,"דין שיווק וקליה בע""מ",IL,סילאן רכיבים טבעיים,גרמים,380.00,100 גרם,false,,13.90,0.0366,true,1,1324618
7290014126343,false,בישוקטים בונומי וניל קקאו קקאו 200 גרם,דנשר,IT,בישקוטים בונומי וניל-קקאו,גרמים,200.00,100 גרם,false,,5.70,0.0285,true,1,1351811
7290014204003,false,"שמפו לשיער צבוע 750 מ""ל פנינה רוזנבלום",פנינה רוזנבלום,IL,שמפו לשיער צבוע 750,מיליליטרים,750.00,"100 מ""ל",false,,8.90,0.0119,true,1,1340053
7290014204027,false,"שמפו לשיער חפיפה יומיומית 750 מ""ל פנינה רוזנבלום",פנינה רוזנבלום,IL,שמפו לשיער חפיפה יומ,מיליליטרים,750.00,"100 מ""ל",false,,8.90,0.0119,true,1,1340055
7290014204478,false,קרם גוף 4 פנינה רוזנבלום,פנינה רוזנבלום,IL,קרם גוף 4 פנינה רוזנ,מיליליטרים,340.00,"100 מ""ל",false,,21.90,0.0644,true,1,1340088
7290014204560,false,"סבון נוזלי שלישיה 500 מ""ל פנינה רוזנבלום",פ.רוזנבלום כללי,IL,סבון נוזלי שלישיה 50,מיליליטרים,500.00,"100 מ""ל",false,,9.90,0.0198,true,1,1340097
7290014204645,false,"שמפו קרטין לאחר החלקה 750 מ""ל פנינה רוזנבלום",פנינה רוזנבלום PR,IL,שמפו קרטין לאחר החלק,מיליליטרים,750.00,"100 מ""ל",false,,24.90,0.0332,true,1,1340105
7290014204683,false,סבון משאבה סגול 1 ליטר פנינה רוזנבלום,פנינה רוזנבלום,IL,סבון משאבה סגול 1 לי,ליטרים,1.00,ליטר,false,,9.90,9.9000,true,1,1340109
7290014204706,false,סבון משאבה קורל 1 ליטר פנינה רוזנבלום,פנינה רוזנבלום,IL,סבון משאבה קורל 1 לי,ליטרים,1.00,ליטר,false,,9.90,9.9000,true,1,1340111
7290014204713,false,"תרסיס גוף מס' 2 250 מ""ל פנינה רוזנבלום",פנינה רוזנבלום,IL,תרסיס גוף מס' 2 250,מיליליטרים,250.00,"100 מ""ל",false,,24.90,0.0996,true,1,1340112
7290014218482,false,"חטיפי פיצה גבינה בד""ץ מעדנות 650 גרם","מעדנות בע""\מ",IL,חטיפי פיצה גבינה בדצ,גרמים,650.00,100 גרם,false,,29.90,0.0460,true,1,1625895
7290014218505,false,"שלישיית פיצות בד""ץ מעדנות 3*360 גרם","מעדנות בע""\מ",IL,שלישיית פיצות מעדנות,קילוגרמים,1.08,"ק""ג",false,,29.90,27.6852,true,1,1625896
7290014218536,false,בצק עלים מרודד מופחת שומן מעדנות 1 קג,תנובה מעדנות,IL,בצק עלים מופחת שומן,גרמים,1000.00,100 גרם,false,,21.90,0.0219,true,1,2312454
7290014256620,false,"יין מבעבע קריניאנו באזז יקבי כרמל 750 מ""ל",יקבי כרמל Carmel Winery,IL,יין קריניאנו באזז יק,מיליליטרים,750.00,"100 מ""ל",false,,22.90,0.0305,true,1,1339477
7290014256637,false,"יין מבעבע מוסקטו באזז יקבי כרמל 750 מ""ל",יקבי כרמל Carmel Winery,IL,יין מוסקטו באזז יקבי,מיליליטרים,750.00,"100 מ""ל",false,,22.90,0.0305,true,1,1339478
7290014258716,false,תרכובת מזון צמחי על בסיס חלבון סויה מגיל לידה,מטרנה תעשיות ש.מ,IL,מטרנה צמחית מגיל ליד,גרמים,700.00,100 גרם,false,,49.90,0.0713,true,1,1329720
7290014258730,false,תרכובת מזון צמחי לתינוקות מגיל 12 חודשים ואילך,מטרנה תעשיות ש.מ,IL,מטרנה צמחית מגיל שנה,גרמים,700.00,100 גרם,false,,59.90,0.0856,true,1,1329722
7290014258877,false,מטרנה מהדרין ספיישל 700 גרם,מטרנה תעשיות ש.מ,IL,מטרנה מהדרין ספיישל,גרמים,700.00,100 גרם,false,,68.90,0.0984,true,1,1655033
7290014338883,false,רוטב לפסטה בזיליקום,,,רוטב לפסטה בזיליקום,גרמים,350.00,100 גרם,false,,7.90,0.0226,true,1,3885029
7290014338906,false,רוטב לפסטה מתובל 420,,,רוטב לפסטה מתובל 420,גרמים,350.00,100 גרם,false,,7.90,0.0226,true,1,3885031
7290014397163,false,"מטהר אוויר פרש הום פריחת השקד, ורד אנגלי וכותנה",סנו מפעלי ברונוס בעמ,IL,סנו פרש מיכל מילוי,גרמים,165.00,100 גרם,false,,12.90,0.0782,true,1,3868017
7290014397170,false,"פרש מיכל מילוי אוטומטיק סופט בלאנס 250 מ""ל סנו",מיוצר עי קונדיטוריית,IL,סנו פרש מיכל מילוי,גרמים,165.00,100 גרם,false,,12.90,0.0782,true,1,3868018
7290014397279,false,שקיות מזון גדולות XL סנו סושי 300 יחידות,"אשפלסט תעשיות בע""מ",CN,סושי שקיות אוכל 300X,יח',300.00,יח',false,,9.90,0.0330,true,1,1332669
7290014397286,false,מרכך כביסה מרוכז חלב ודבש סנו מקסימה 1 ליטר,סנו-מקסימה,IL,מקסימה מרכך כביסה מר,ליטרים,1.00,ליטר,false,,17.90,17.9000,true,1,1332670
7290014397453,false,סנו אוקסיגן גל מסיר כתמים כביסה לבנה 3 ל,סנו אוקסיג'ן,IL,סנו אוקסיגן 3 ליטר,ליטרים,3.00,ליטר,false,,28.90,9.6333,true,1,1332674
7290014397507,false,מבשם אויר סנו פרש הום בניחוח מאסק מעודן 350 מ''ל,מיוצר עי קונדיטוריית,IL,מבשם אויר סנו פרש הו,מיליליטרים,350.00,"100 מ""ל",false,,9.90,0.0283,true,1,1332676
7290014397521,false,"מבשם אויר סנו פרש הום בניחוח לבנדר 350 מ""ל",סנו פרש Fresh,IL,מבשם אויר סנו פרש הו,מיליליטרים,350.00,"100 מ""ל",false,,9.90,0.0283,true,1,1332678
7290014397538,false,"מבשם אויר סנו פרש הום בניחוח אביב 350 מ""ל",סנו מפעלי ברונוס בעמ,IL,מבשם אויר סנו פרש הו,מיליליטרים,350.00,"100 מ""ל",false,,9.90,0.0283,true,1,1332679
7290014397675,false,סנו מקסימה מרכך כביסה חלב ודבש 4 ליטר,סנו מקסימה,IL,מקסימה מרכך כביסה חל,ליטרים,4.00,ליטר,false,,21.50,5.3750,true,1,1332686
7290014397736,false,מרכך כביסה סנומקסימה,סנו,IL,מרכך מקסימה 4 לי,ליטרים,4.00,ליטר,false,,21.50,5.3750,true,1,1332691
7290014397767,false,סנו ריצפז פרש הום 2 ליטר בניחוח כותנה-מרכז,"סנו מפעלי ברונוס בע""",IL,ריצפז פרש הום 2לי,ליטרים,2.00,ליטר,false,,19.80,9.9000,true,1,1332694
7290014397774,false,רצפז פרש הום טבע רענן 2 ל',סנו פרש Fresh,IL,רייצפז פרש הום 2 לי,ליטרים,2.00,ליטר,false,,19.80,9.9000,true,1,1332695
7290014397781,false,סנו ריצפז פרש הום 2 ליטר בניחוח סבון,סנו פרש Fresh,IL,ריצפז פרש הום 2לי,ליטרים,2.00,ליטר,false,,19.80,9.9000,true,1,1332696
7290014397835,false,סנו - מט דוחה יתושים נוזלי מכשיר + מילוי 45 לילות,זובאלה,IT,מכשיר סנומט סמרט 45,יח',1.00,יח',false,,36.60,36.6000,true,1,1332698
7290014397873,false,מרכך כביסה בבישום עוצמתי ג'נטל בריז,סנו מפעלי ברונוס בעמ,IL,מקסימה מרכך כביסה סנ,ליטרים,4.00,ליטר,false,,21.50,5.3750,true,1,3879264
7290014417847,false,ניוואה רביעיית סבון מוצק חלב 360גר,ביירסדורץ,TR,ניוואה רביעיית סבוני,גרמים,360.00,100 גרם,false,,9.90,0.0275,true,1,1334423
7290014426061,false,משחת שיניים הלו קיטי בטעם ענבים לגיל 2-6,כצט נוביס,IL,משחת שיניים הלו קיטי,מיליליטרים,50.00,"מ""ל",false,,9.90,0.1980,true,1,1344174
7290014426986,false,שואו שעווה מיקרו 480גר,,,שואו שעווה מיקרו 480,גרמים,480.00,100 גרם,false,,14.90,0.0310,true,1,1344177
7290014455245,false,גבינת גרנה פדנו משולש 29% 200 גרם בית יוסף,מחלבת סוציאלה מנטובה,IT,גרנה פדנו משולש 200,גרמים,200.00,100 גרם,false,,22.80,0.1140,true,1,1330538
7290014455252,false,גבינה קשה מגורדת גרנה פדנו 29% שומן,מחלבות גד שיווק 1992,IT,גרנה פדנו מגורד 100,גרמים,100.00,100 גרם,false,,10.90,0.1090,true,1,1330539
7290014455320,false,גבינה כדורי מוצרלה פרסקה גד 100ג',מחלבות גד בעמ,IL,כדורי מוצרלה טרי בשק,גרמים,100.00,100 גרם,false,,8.50,0.0850,true,1,1330546
7290014455467,false,ירח מתוק מעדן חלב 2% ושיבולת שועל גד 150ג',גבינות מדף,IL,מעדן שיבולת שועל 150,מיליליטרים,150.00,"100 מ""ל",false,,5.40,0.0360,true,1,1330551
7290014459137,false,"תפוגן סטייק צ'יפס 1.5 ק""ג אסם","תעשיות תפוגן בע""\מ",IL,תפוגן סטיק ציפס 8*1.,קילוגרמים,1.50,"ק""ג",false,,23.90,15.9333,true,1,1329726
7290014459373,false,"צ'יפס קראנצ'י לתנור קפוא תפוגן 1.5ק""ג","תעשיות תפוגן בע""\מ",IL,תפוגן ציפס קראנצי 1.,קילוגרמים,1.50,"ק""ג",false,,24.90,16.6000,true,1,1329730
7290014459472,false,"צ'יפס קפוא תפוגן 2 ק""ג כשל""פ","תעשיות תפוגן בע""מ",IL,תפוגן ציפס קלאסי 2 ק,קילוגרמים,2.00,"ק""ג",false,,24.90,12.4500,true,1,2307926
7290014466128,false,"יין הר חרמון אינדיגו 750 מ""ל",מיוצר וממולא על ידי יקב,IL,הר חרמון אינדגו 750,מיליליטרים,750.00,"100 מ""ל",false,,29.90,0.0399,true,1,1351971
7290014466135,false,"הר חרמון אינדיגו 375 מ""ל",יקבי רמת הגולן קצרין,IL,"חרמון אינדגו 375 מ""ל",מיליליטרים,375.00,"100 מ""ל",false,,17.90,0.0477,true,1,1351972
7290014466463,false,"יין הר חרמון מסקטו עברית 750 מ""ל",יקבי רמת הגולן קצרין,IL,הר חרמון מוסקטו 750,מיליליטרים,750.00,"100 מ""ל",false,,29.90,0.0399,true,1,1351977
7290014471412,false,"מוזלי בוטנים אגוזים ושקדים 1 ק""ג - ירוק שקדיה","דין שיווק וקלייה בע""",IL,מוזלי בוטנים אגוזים,קילו,1.00,קילו,false,,21.90,21.9000,true,1,1324652
7290014471429,false,"מוזלי עם פירות 1 ק""ג - 429 סגול שקדיה","דין שיווק וקלייה בע""",IL,"מוזלי פירות 1 ק""ג שק",קג,1.00,קג,false,,21.90,21.9000,true,1,1324653
7290014471443,false,"גרנולה צימוקים אגוזים ושקדים1 ק""ג חדש - 443 כתום שקדיה (כתום)","דין שיווק וקלייה בע""",IL,גרנולה עם צימוקים אג,קילו,1.00,קילו,false,,21.90,21.9000,true,1,1324655
7290014472990,false,ממרח 100% שקדים שקדיה 300 גרם,ג'\י אנד ג'\י פקאנס בעמ,IL,שקדיה ממרח שקדים 300,גרמים,300.00,100 גרם,false,,29.90,0.0997,true,1,3866810
7290014473409,false,"חומץ טבעי כשל""פ 1 ליטר",טעמן,IL,חומץ 1לי טעמן,ליטרים,1.00,ליטר,false,,6.90,6.9000,true,1,1328753
7290014473676,false,חמאת בוטנים 100% טבעית ללא תוספת סוכר טעמן 510 גרם,ניצה אס סיי,AR,חמאת בוטנים 510גר טע,גרמים,510.00,100 גרם,false,,11.90,0.0233,true,1,1328770
7290014501829,false,"יין גליל קברנה סוביניון 750 מ""ל",יקב הרי גליל,IL,גליל קברנה סוביניון,מטרים,750.00,100 מ'ל,false,,64.90,0.0865,true,1,3903125
7290014503137,false,"יין כנען אדום דלתון 750 מ""ל","יקב דלתון בע""\מ",IL,יובלים אדום (דלתון) - רשת,מיליליטרים,750.00,"100 מ""ל",false,,37.50,0.0500,true,1,1338034
7290014525009,false,חטיף סלים פרוט Slim fruit בטעם יוגורט ובמילוי תפוח,סלים דליס Slim Delis,ES,חטיף בריאות יוגורט ב,גרמים,182.00,100 גרם,false,,10.90,0.0599,true,1,1327179
7290014525016,false,עשיריית חטיף סלים פרוט מרבה יוגורט תות סלים דליס 18.2 גרם,סלים דליס Slim Delis,ES,חטיף בריאות יוגורט ב,גרמים,182.00,100 גרם,false,,10.90,0.0599,true,1,1327180
7290014525023,false,חטיף בריאות יוגורט במילוי פירות יער 182ג,סלים דליס Slim Delis,ES,חטיף בריאות יוגורט ב,גרמים,215.00,100 גרם,false,,10.90,0.0507,true,1,1327181
7290014525573,false,שוקו דליס עוגיות מצופות במילוי קרם שוקול,הלמה הלום בי.וי,NL,מרבה שוקודליס עוגיות,גרמים,176.00,100 גרם,false,,8.50,0.0483,true,1,3867186
7290014547322,false,סנסודין זוג מברשות שיניים שיקום כחול+תכל,סנסודיין,CN,זוג מברשת סנסודיין ש,יח',2.00,יח',false,,19.90,9.9500,true,1,3494219
7290014547353,false,סנסודין זוג מברשות שיניים דואלקר ירוק+יר,"L Co., Industrial Shummi",CN,זוג מברשת סנסודיין ד,יח',1.00,יח',false,,19.90,19.9000,true,1,3494221
7290014673014,false,פלפל אנגלי שלם תבליני מימון 90 גרם,א.ל ייצור ושיווק תבל,IL,פלפל אנגלי שלם 90 גרם,גרמים,90.00,100 גרם,false,,12.90,0.1433,true,1,1322497
7290014673021,false,פלפל שחור שלם תבליני מימון 100 גרם,א.ל ייצור ושיווק תבל,IL,פלפל שחור שלם 100 גרם,גרמים,100.00,100 גרם,false,,13.90,0.1390,true,1,1322498
7290014673137,false,תערובת תיבול לפיצה מימון 100 גרם,א.ל ייצור ושיווק תבל,IL,תערובת תיבול לפיצה 1,גרמים,100.00,100 גרם,false,,10.80,0.1080,true,1,3890793
7290014673359,false,מלח לימון תבליני מימון 400 גרם,א.ל ייצור ושיווק תבל,IL,מלח לימון 400 גרם,גרמים,400.00,100 גרם,false,,19.90,0.0497,true,1,1322500
7290014673366,false,כורכום טחון תבליני מימון 250 גרם,א.ל ייצור ושיווק תבל,IL,כורכום טחון 250 גרם,גרמים,250.00,100 גרם,false,,20.90,0.0836,true,1,1322501
7290014673380,false,כמון טחון תבליני מימון 250 גרם,א.ל ייצור ושיווק תבל,IL,כמון טחון 250 גרם,גרמים,250.00,100 גרם,false,,20.90,0.0836,true,1,1322503
7290014673397,false,תיבול לגריל עוף תבליני מימון 250 גרם,א.ל ייצור ושיווק תבל,IL,תיבול לגריל עוף 250 גרם,גרמים,250.00,100 גרם,false,,20.90,0.0836,true,1,1322504
7290014673403,false,פלפל שחור טחון תבליני מימון 250 גרם,א.ל ייצור ושיווק תבל,IL,פלפל שחור טחון 250 גרם,גרמים,250.00,100 גרם,false,,27.90,0.1116,true,1,1322505
7290014673410,false,פלפל שחור גרוס דק תבליני מימון 250 גרם,א.ל ייצור ושיווק תבלינים,IL,פלפל שחור גרוס דק 250 גרם,גרמים,250.00,100 גרם,false,,27.90,0.1116,true,1,1322506
7290014673434,false,פלפל שחור גרוס דק שקית תבליני מימון 80גרם,א.ל ייצור ושיווק תבל,,תבלין בשקית פלפל שחו,גרמים,80.00,100 גרם,false,,8.90,0.1113,true,1,3866507
7290014673557,false,זעפרן תבליני מימון 5 גרם,א.ל ייצור ושיווק תבל,IL,זעפרן 0.5 גרם,יח',1.00,יח',false,,20.90,20.9000,true,1,1322508
7290014692299,false,גבינת ברי EURO CHEESE ויליפוד 125 גרם,יורו צ'יז Euro Cheese,DK,גבינת ברי 125גר יורו,גרמים,125.00,100 גרם,false,,14.90,0.1192,true,1,1350390
7290014692305,false,גבינת קממבר EURO CHEESE ויליפוד 125 גרם,הנסיך- מפעל לייצור ט,DK,גבינת קממבר 125גר יו,גרמים,125.00,100 גרם,false,,14.90,0.1192,true,1,1350391
7290014692541,false,צהובה מגורדת גולדן 500 גרם ויליפוד,ג.וילי פוד אינטרנשיו,IL,צהובה מגורדת 500 גרם,גרמים,500.00,100 גרם,false,,14.90,0.0298,true,1,1350392
7290014692565,false,גרעיני תירס מתוק וילי פוד 320 גרם,אקו קונסרויפרי קי.אפ,HU,גרעיני תירס 285 ג,גרמים,285.00,100 גרם,false,,3.90,0.0137,true,1,1336016
7290014692817,false,גבינת מוצרלה מגורדתEURO CHEESE ויליפוד 200 גרם,הנסיך- מפעל לייצור ט,IL,גבינת מוצרלה מגורדת,גרמים,200.00,100 גרם,false,,10.90,0.0545,true,1,1350398
7290014704121,false,קקאו בשקית רמי לוי 150 גרם,רמי לוי,BE,קקאו בשקית רמי לוי 1,גרמים,150.00,100 גרם,false,,4.90,0.0327,true,1,1357165
7290014704145,false,קפה נמס רמי לוי 200 גרם,רמי לוי,BE,קפה נמס רמי לוי 200,גרמים,200.00,100 גרם,false,,14.90,0.0745,true,1,1357167
7290014704152,false,אבקת שוקו בפחית רמי,רמי לוי,BE,אבקת שוקו בפחית רמי,גרמים,500.00,100 גרם,false,,9.90,0.0198,true,1,1357168
7290014704244,false,שוקלטה אבקה להכנת שוקו רמי לוי 850 גרם,,,שוקלטה אבקה להכנת שו,גרמים,850.00,100 גרם,false,,13.90,0.0164,true,1,1897527
7290014704381,false,קפסולות קפה עוצמה 14 רמילוי,,,קפסולות קפה עוצמה 14,יח',1.00,יח',false,,11.90,11.9000,true,1,3894845
7290014704398,false,קפסולות קפה עוצמה 12,,,קפסולות קפה עוצמה 12,יח',1.00,יח',false,,11.90,11.9000,true,1,3894846
7290014704411,false,קפסולות קפה עוצמה 9,,,קפסולות קפה עוצמה 9,יח',1.00,יח',false,,11.90,11.9000,true,1,3894847
7290014704435,false,קפסולות קפה טעם וניל רמילוי,,,קפסולות קפה טעם וניל,יח',1.00,יח',false,,11.90,11.9000,true,1,3894849
7290014704442,false,קפסולות קפה טעם שוקולד רמילוי,,,קפסולות קפה טעם שוקו,יח',1.00,יח',false,,11.90,11.9000,true,1,3894850
7290014704459,false,קפסולות קפה טעם אגוז,,,קפסולות קפה טעם אגוז,יח',1.00,יח',false,,11.90,11.9000,true,1,3894851
7290014712294,false,כדורי בייבי מוצרלה הכפרייה,גבינות הכפר בעמ,IL,מוצרלה בייבי 150 גר,גרמים,150.00,100 גרם,false,,12.80,0.0853,true,1,3866841
7290014712379,false,"יוגורט בקבוק בטעם אפרסק 500 מ""ל הכפר",מחלבת בת הרים,IL,יוגורט אפרסק 500 מל,מיליליטרים,500.00,"100 מ""ל",false,,15.90,0.0318,true,1,3890380
7290014712409,false,לאבנה כדורים כפיר 320 גרם,,IL,לאבנה כדורים 320 גר,גרמים,320.00,100 גרם,false,,29.90,0.0934,true,1,3886075
7290014712539,false,"יוגורט בקבוק בטעם תות שדה 500 מ""ל הכפר",מחלבת בת הרים,IL,יוגורט תות שדה 500 מ,מיליליטרים,500.00,"100 מ""ל",false,,15.90,0.0318,true,1,3886078
7290014712546,false,"יוגורט בקבוק בטעם פירות יער 500 מ""ל הכפר",מחלבת בת הרים,IL,יוגורט פירות יער 500,מיליליטרים,500.00,"100 מ""ל",false,,15.90,0.0318,true,1,3886079
7290014725294,false,סוכרזית סוכרלוז סטיוויה 100 שקית,"סוכרזית בע""מ",IL,סוכרזית סוכרלוז 100,יח',100.00,יח',false,,16.90,0.1690,true,1,1327799
7290014747333,false,שניצל עוף דקענק כשר לפסח,עוף טוב,IL,עוף טוב שניצל דק 650,גרמים,650.00,100 גרם,false,,0.00,0.0000,true,1,1329760
7290014747753,false,פסטרמה רומנית דלי 240גרם,מוצרי עוף טוב (2001) בע\,IL,עוף טוב דלי פסטרמה כ,גרמים,240.00,100 גרם,false,,20.90,0.0871,true,1,1583861
7290014747791,false,פסטרמה אמרק.סטייל דלי,מוצרי עוף טוב (2001) בע\,IL,עוף טוב דלי פסטרמה א,גרמים,240.00,100 גרם,false,,19.90,0.0829,true,1,1583863
7290014747814,false,עוף טוב דלי סלמי פפר,מולינו ניקולי s.p.a,IL,עוף טוב דלי סלמי פפר,גרמים,240.00,100 גרם,false,,20.90,0.0871,true,1,1583864
7290014748149,false,כתף בקר עסיסי דלי 200 גר,עוף טוב,IL,דלי כתף בקר עוף טוב,גרמים,200.00,100 גרם,false,,16.90,0.0845,true,1,2909583
7290014749078,false,מקלוני קבנוס עוף טוב 200 גרם,עיצובים 2020 (4.9),IL,קבנוס 200 גר,גרמים,200.00,100 גרם,false,,15.90,0.0795,true,1,3878986
7290014749245,false,ספיישל רצועות שניצל שומשום עוף טוב 600 גרם,מוצרי עוף טוב (2001) בע\,IL,עוף טוב רצועות שניצל,גרמים,600.00,100 גרם,false,,29.80,0.0497,true,1,3878989
7290014749702,false,שניצל עוף ביתי עם שומשום,מוצרי עוף טוב (2001) בע\,IL,שניצל עוףטוב ביתי שו,גרמים,700.00,100 גרם,false,,34.90,0.0499,true,1,3886157
7290014749726,false,עוף טוב שניצל עוף ביתי קריספי 700 גרם,"מוצרי עוף טוב (2001) בע""",IL,שניצל עוףטוב ביתי קר,גרמים,700.00,100 גרם,false,,29.90,0.0427,true,1,3886158
7290014749764,false,עוף טוב שניצל עוף ביתי עדין כזה 700 גרם,מוצרי עוף טוב (2001) בע\,IL,שניצל עוףטוב ביתי עד,גרמים,700.00,100 גרם,false,,29.90,0.0427,true,1,3886160
7290014749801,false,צ'ונגו-רצועות שניצל בתיבול צ'ילי חריף מתוק טוב 600 גרם,מוצרי עוף טוב (2001) בע\,IL,עוף טוב צונגו רצועות,גרמים,600.00,100 גרם,false,,29.80,0.0497,true,1,3884908
7290014749849,false,שניצל דק ענק קריספי שומשום עוף טוב 720 גרם,מוצרי עוף טוב (2001) בע\,IL,עוף טוב שניצל דק ענק,גרמים,720.00,100 גרם,false,,27.90,0.0387,true,1,3891339
7290014749863,false,שניצל דק ענק קריספי צ'יפס עוף טוב 720 גרם,מוצרי עוף טוב (2001) בע\,IL,עוף טוב שניצל דק ענק,גרמים,720.00,100 גרם,false,,27.90,0.0387,true,1,3890814
7290014749887,false,שניצל דק ענק קריספי קלאסי עוף טוב 720 גרם,מוצרי עוף טוב (2001) בע\,IL,עוף טוב שניצל עוף דק,גרמים,720.00,100 גרם,false,,29.90,0.0415,true,1,3892325
7290014758100,false,מאגדת יוגורט ביו 3% שומן 8 יח' *150ג' תנובה,מיוצר עי קונדיטוריית,IL,מאגדת יוגורט ביו 3%,קילוגרמים,1.20,"ק""ג",false,,15.90,13.2500,true,1,1325710
7290014758117,false,מאגדת יוגורט ביו 1.5% שומן 8 יח' *150 ג' תנובה,מיוצר עי קונדיטוריית,IL,מאגדת יוגורט ביו 1.5,קילוגרמים,1.20,"ק""ג",false,,15.90,13.2500,true,1,1325711
7290014758162,false,חלב עיזים מלא 3.6% קרטון 1 ל' תנובה,תנובה מרכז שיתופי לש,IL,חלב עיזים מלא 3.7% ת,ליטרים,1.00,ליטר,false,,13.90,13.9000,true,1,1325714
7290014758544,false,חמאה תנובה מפוסטרת 200 ג' בדץ,תנובה מרכז שיתופי לש,IL,חמאה 200ג בדצ,גרמים,200.00,100 גרם,false,,7.60,0.0380,true,1,1325731
7290014758681,false,קוטג תנובה 1% גביע 250 גרם,מיוצר עי קונדיטוריית,IL,קוטג תנובה 1% גביע 2,גרמים,250.00,100 גרם,false,,5.40,0.0216,true,1,1325733
7290014759084,false,גבינת שמנת נפוליאון 16% מופחת שומן תנובה 225 גרם,תנובה מרכז שיתופי לש,IL,נפוליאון 16% גביע 22,גרמים,225.00,100 גרם,false,,12.90,0.0573,true,1,1325738
7290014759237,false,כד יוגורט תנובה 6.5% שומן 3 ליטר,,,יוגורט תנובה 6.5% כד,יח',1.00,יח',false,,26.90,26.9000,true,1,3866906
7290014759534,false,גבינה בולגרית למריחה טבעי 5% 200 ג' פיראוס,"תנובה, מחלבת תל יוסף",IL,בולגרית למריחה תנובה,גרמים,200.00,100 גרם,false,,12.90,0.0645,true,1,1325744
7290014759978,false,גבינת קצקבל גלעד 27% תנובה 200 גרם,תנובה חלב,IL,קצקבל גלעד 27% פלח 2,גרמים,200.00,100 גרם,false,,24.90,0.1245,true,1,1325755
7290014759985,false,גבינת פרמזן גבע 23% תנובה 200 גרם,תנובה חלב,IL,פלח פרמזן גבע 23% 20,גרמים,200.00,100 גרם,false,,23.90,0.1195,true,1,1325756
7290014759992,false,גבינת רוקפור גליל פלח 140 ג' תנובה,"תנובה, מחלבת תל יוסף",IL,רוקפור 140 גרם תנובה,גרמים,140.00,100 גרם,false,,18.50,0.1321,true,1,1325757
7290014760134,false,"מעדן סויה בטעם וניל תנובה 125 מ""ל",תנובה Alternative,IL,מעדן סויה בטעם וניל,גרמים,125.00,100 גרם,false,,3.90,0.0312,true,1,1325759
7290014760141,false,משקה שקדים תנובה E אלטרנטיב,תנובה Alternative,IL,משקה שקדים טרי 1 ליט,ליטרים,1.00,ליטר,false,,11.60,11.6000,true,1,1325760
7290014760448,false,גבינה צהובה גלבוע 400 גרם 22% שומן תנובה,מחלבת בית יצחק,IL,גלבוע 22% 400 גרם,גרמים,400.00,100 גרם,false,,22.90,0.0572,true,1,1325768
7290014760912,false,פרוסות גבינה 28% שומן 400 ג' גוש חלב,תנובה מרכז שיתופי לש,IL,גוש חלב כשרות מהדרין,גרמים,400.00,100 גרם,false,,24.90,0.0622,true,1,1325782
7290014761018,false,גיל בטעם וניל תנובה 125 גרם,תנובה מרכז שיתופי לש,IL,גיל בטעם וניל,גרמים,125.00,100 גרם,false,,1.30,0.0104,true,1,1325785
7290014761056,false,מעדן שוקולד חלב יולו תנובה 123 גרם,מיוצר עי קונדיטוריית,IL,YOLO מעדן שוקולד חלב,גרמים,122.00,100 גרם,false,,4.30,0.0352,true,1,1325786
7290014761063,false,מעדן שוקולד מריר יולו תנובה 123 גרם,מיוצר עי קונדיטוריית,IL,YOLO מעדן שוקולד מרי,גרמים,122.00,100 גרם,false,,4.30,0.0352,true,1,1325787
7290014761070,false,מעדן שוקולד לבן יולו תנובה 123 גרם,מיוצר עי קונדיטוריית,IL,YOLO מעדן שוקולד לבן,גרמים,122.00,100 גרם,false,,4.30,0.0352,true,1,1325788
7290014761193,false,יוגורט עם פירות יער 1.5% שומן 125 ג' פרילי,תנובה מרכז שיתופי לש,IL,פרילי פירות יער 125ג,גרמים,125.00,100 גרם,false,,3.30,0.0264,true,1,1325790
7290014761414,false,יולו מעדן שכבות שוקולד חלב ולבן 123 גר,מיוצר עי קונדיטוריית,IL,YOLO מעדן שכבות שוקו,גרמים,122.00,100 גרם,false,,4.30,0.0352,true,1,1325802
7290014761438,false,פיראוס בולגרית קלאסית 24% סמי מעדניה 400,תנובה מרכז שיתופי לש,IL,סמי בולגרית 24% קלאס,גרמים,400.00,100 גרם,false,,25.80,0.0645,true,1,1325803
7290014761612,false,מעדן שכבות שוקולד מריר ולבן יולו 122 גרם,מיוצר עי קונדיטוריית,IL,YOLO מעדן שכבות שוקו,גרמים,122.00,100 גרם,false,,4.30,0.0352,true,1,1325809
7290014761698,false,"גבינת עמק 28% סמי חצי קשה 600 גרם בד""ץ",תנובה מרכז שיתופי לש,IL,עמק סמי מעדניה בדצ 2,גרמים,600.00,100 גרם,false,,27.90,0.0465,true,1,2161684
7290014762756,false,גבינת שמנת נפוליאון 16% עם בצל תנובה 225 גרם,תנובה חלב,IL,נפוליאון 16% בצל.,גרמים,225.00,100 גרם,false,,12.90,0.0573,true,1,1325848
7290014762800,false,מעדן סויה שוקולד גביע 125 גרם אלטרנטיב,תנובה מרכז שיתופי לש,IL,מעדן סויה שוקולד גבי,גרמים,125.00,100 גרם,false,,3.70,0.0296,true,1,3418468
7290014762831,false,גבינת שמנת נפוליאון 16% עם פלפל חלפיניו תנובה 225 גרם,תנובה מרכז שיתופי לש,IL,גבינת נפוליאון עם פל,גרמים,225.00,100 גרם,false,,12.90,0.0573,true,1,1546733
7290014762909,false,פתיתי מוצרלה השף הלבן 10% תוספת מתנה,"תנובה, מחלבת תל יוסף",IL,פתיתי מוצרלה 200 גר,גרמים,200.00,100 גרם,false,,17.90,0.0895,true,1,1487185
7290014762947,false,לאבנה גלילית 11% שומן 750 ג' פיראוס,תנובה,IL,לאבנה גלילית פיראוס,גרמים,750.00,100 גרם,false,,23.70,0.0316,true,1,1395557
7290014763098,false,קרם גבינת שמנת 5% עם פלפל שום ובצל 200 ג' תנובה,תנובה,IL,קרם גבינת שמנת 5% טו,גרמים,200.00,100 גרם,false,,10.90,0.0545,true,1,1487188
7290014763395,false,גבינה צהובה עמק פרוס 28% 600 גרם מהדרין,תנובה מרכז שיתופי לש,IL,עמק סמי מהדרין 600 ג,גרמים,600.00,100 גרם,false,,29.90,0.0498,true,1,2312456
7290014763418,false,"כד יוגרט תנובה 4% שומן 1.5 ליטר, מהדרין",תנובה מרכז שיתופי לש,IL,יוגורט כד תנובה 4% 1,ליטרים,1.50,ליטר,false,,16.50,11.0000,true,1,1858873
7290014789913,false,עוגיות אוראו קרם בטעם וניל מארז 176 גרם,מונדלייז,UA,שלישיית עוגיות אוראו קרם,גרמים,528.00,100 גרם,false,,21.90,0.0415,true,1,1336722
7290014791558,false,שוופס סודה נענע לי1.5*4ל,יפאורה שותפות מובגלת לשיווק,IL,סודה בטעם נענע 4*1.5,ליטרים,6.00,ליטר,false,,9.90,1.6500,true,1,1330650
7290014821064,false,כבל סנכרון אלומניום גלקסי 2 מטר,ארטוס,,כבל סינכרון אלומיניו,יח',1.00,יח',false,,24.90,24.9000,true,1,1352977
7290014855397,false,הנ.קופון מגבוני בייבי סיסטר,,,הנ.קופון מגבוני בייב,יח',1.00,יח',false,,0.01,0.0100,true,1,2934706
7290014855434,false,מגבונים בייביסיטר פרפורמנס מבושם רביעיה,בייביסיטר Babysitter,IL,בייביסיטר פרפורמנס מ,יח',4.00,יח',false,,14.90,3.7250,true,1,2719292
7290014855458,false,מגבוני בייביסיטר פרפורמנס ללא בישום מארז 72X4יח',בייביסיטר Babysitter,IL,בייביסיטר פרפורמנס מ,יח',72.00,יח',false,,14.90,0.2069,true,1,2719293
7290014860070,false,"מקלוני אורז ללא גלוטן 5 מ""מ 454גר' (אור)",ניינטי נודל קו,TH,מקלוני אורז ללא גלוט,גרמים,454.00,100 גרם,false,,10.50,0.0231,true,1,1341520
7290014860094,false,"מקלוני אורז ללא גלוטן 3מ""מ 454גר' (אור)",ניינטי נודל קו,TH,מקלוני אורז ללא גלוט,גרמים,454.00,100 גרם,false,,10.50,0.0231,true,1,1341522
7290014860155,false,מחצלת במבו שטוחה 24X24 ס'מ,גולין פנגזו,CN,מחצלת במבו שטוחה 24X,יח',1.00,יח',false,,7.70,7.7000,true,1,1341523
7290014860247,false,שבבי אורז מרובעים ללא גלוטן 227 גרם (Oriental),ליאן תאי רייס,TH,שבבי אורז מרובעים לל,גרמים,227.00,100 גרם,false,,8.80,0.0388,true,1,1341524
7290014860988,false,"שימורי קרם קוקוס 17% 400 מ""ל (TCC) כשר",theppadungporn cocon,TH,שימורי קרם קוקוס 17%,מיליליטרים,400.00,"100 מ""ל",false,,9.90,0.0248,true,1,1341525
7290014890145,false,גבינת שמנת טבעי 225 גרם יעקובס,גבינות משק יעקבס,IL,שמנת 225 גרם,גרמים,225.00,100 גרם,false,,9.90,0.0440,true,1,3607880
7290014890152,false,גבינת שמנת זיתים 225 גרם יעקובס,גבינות משק יעקבס,IL,שמנת זיתים 225 גרם,גרמים,225.00,100 גרם,false,,9.90,0.0440,true,1,3768249
7290014890169,false,גבינת שמנת שום שמיר 225 גרם יעקובס,גבינות משק יעקבס,IL,שמנת שום שמיר 225 גר,גרמים,225.00,100 גרם,false,,9.90,0.0440,true,1,3870789
7290014890176,false,ריקוטה סגנון איטלק5% 250,מחלבת משק יעקובס,IL,ריקוטה 250 גר,יח',1.00,יח',false,,9.90,9.9000,true,1,3870790
7290014890190,false,גבינת מוצרלה כדור 100 גר,מחלבת משק יעקובס,IL,מוצרלה כדור 100 גר,יח',1.00,יח',false,,10.90,10.9000,true,1,3870791
7290014890206,false,קרם פרש 250גרם יעקוב,מחלבת משק יעקובס,IL,קרם פרש 250 גר,יח',1.00,יח',false,,14.90,14.9000,true,1,3870792
7290014890237,false,גבינת קממברט יעקבס 125 גרם,גבינות משק יעקבס,IL,גבינת קממבר בייבי 12,גרמים,125.00,100 גרם,false,,14.70,0.1176,true,1,2643871
7290014901247,false,"שמפו קרטין לאחר החלקה ועיצוב בחום סטייל 750 מ""ל",א.ל. ארמן ייצור תמרו,IL,750 שמפו קרטין,מיליליטרים,750.00,"100 מ""ל",false,,30.90,0.0412,true,1,1344184
7290014901308,false,"סנסודיין משחת שיניים להגנה מלאה 75 מ""ל - סדרת פרמיום","סמית קליין ביצ'ם בע""",GB,"סנסודיין הגנה מלאה 75 מ""ל",מטרים,75.00,100 מ'ל,false,,21.90,0.2920,true,1,1344187
7290014901315,false,סנסודיין משחה הגנה מלאה אקסטרה פרש 75 מל,"סמית קליין ביצ'ם בע""",GB,סנסודיין הגנה מלאה פרש 75,100 מל,75.00,100 מל,false,,21.90,0.2920,true,1,1344188
7290014901896,false,"מי פה סנסודיין מנטה מרענן 500 מ""ל",גלקסוסמיתקליין,GB,סנסודיין מי פה 300 מל',מיליליטרים,500.00,"100 מ""ל",false,,19.90,0.0398,true,1,1344205
7290014901988,false,משחת סנסודיין פרונמל75מל,גלקסוסמיתקליין,SI,משחת סנסודיין פרונמל,יח',1.00,יח',false,,21.90,21.9000,true,1,1720301
7290014905160,false,"הפי מטהר אוויר פניני ריח בניחוחות, 130 גרם",יוליניבר,IT,מפיץ ריח פניני ריח י,גרמים,130.00,100 גרם,false,,10.90,0.0838,true,1,1335101
7290014905344,false,"הפי תרסיס קצף לניקוי שטיחים יעקביי 623 מ""ל",שרווין ויליאמס,US,הפי תרסיס קצף לניקוי,מיליליטרים,623.00,"100 מ""ל",false,,19.90,0.0319,true,1,1335105
7290014905696,false,"נוזל כלים הפי מרוכז 24% לימון 750 מ""ל",יעקובי הפי,IL,"הפי לכלים 24% 750 מ""",מיליליטרים,750.00,"100 מ""ל",false,,7.90,0.0105,true,1,1335111
7290014905733,false,"הפי פרפקט לניקוי שמשות 750 מ""ל",יעקובי הפי,TR,חלונות הפי יעקבי 750,מיליליטרים,750.00,"100 מ""ל",false,,6.80,0.0091,true,1,1335113
7290014918009,false,דלי שטיפה+פיה,פלנרו,IL,דלי איכותי,יח',1.00,יח',false,,11.90,11.9000,true,1,1347200
7290014940093,false,הלחמניה הקלה 6 יחידו,מאפיית שלמה א. אנג'\ל בע,IL,הלחמניה הקלה 6 יחידו,גרמים,324.00,100 גרם,false,,12.90,0.0398,true,1,1326870
7290014940901,false,לחם פשוט מלא אנג'ל 750 גרם,מאפיית שלמה א. אנג'\ל בע,IL,לחם פשוט מלא 750 אנג,גרמים,750.00,100 גרם,false,,11.90,0.0159,true,1,1326878
7290014996007,false,ביצים גדולות לארג 12,ביצי הגליל,,ביצים גדולות לארג 12,יח',12.00,יח',false,,11.30,0.9417,true,1,1353518
7290014996045,false,ביצים 12 יח M ביצי ה,ביצי הגליל,,ביצים 12 יח M ביצי ה,יח',12.00,יח',false,,10.40,0.8667,true,1,1353522
7290015009027,false,"חומץ בלסמי 500 מ""ל ""daniel""",ר. צ'צ'יק,ES,חומץ בלסמי כשר,מיליליטרים,500.00,"100 מ""ל",false,,17.90,0.0358,true,1,1334978
7290015009041,false,"חומץ תפוחים 500 מ""ל ""daniel""",מנדלז סי.אר. פרודקשן,ES,חומץ תפוחים 500מל,מיליליטרים,500.00,"100 מ""ל",false,,13.60,0.0272,true,1,3879364
7290015014175,false,עלי חסה רומית רמי לו,,,עלי חסה רומית רמי לו,יח',1.00,יח',false,,8.90,8.9000,true,1,3871407
7290015014182,false,לבבות קיסר בנספק רמי לוי,קטיף.,IL,לבבות קיסר בנספק רמי,יח',1.00,יח',false,,8.90,8.9000,true,1,3871408
7290015014267,false,פסיפלורה 330 ג,ביכורי השקמה,,פסיפלורה 330 ג,גרמים,330.00,100 גרם,false,,10.38,0.0315,true,1,2596055
7290015014274,false,צנוניות רמי לוי 500ג,,,צנוניות רמי לוי 500ג,גרמים,500.00,100 גרם,false,,4.90,0.0098,true,1,1356580
7290015014427,false,אורגנו רמי לוי,,,אורגנו רמי לוי,יח',1.00,יח',false,,3.90,3.9000,true,1,3871410
7290015014458,false,מרווה רמי לוי,,,מרווה רמי לוי,יח',1.00,יח',false,,3.90,3.9000,true,1,3871411
7290015014465,false,רוזמרין רמילוי,,,רוזמרין רמילוי,יח',1.00,יח',false,,3.90,3.9000,true,1,3871412
7290015014472,false,קורנית(בוסתן),,,טימין רמי לוי,יח',1.00,יח',false,,3.90,3.9000,true,1,3871413
7290015014922,false,עגבניות שרי צהוב,,,עגבניות שרי צהוב,יח',1.00,יח',false,,9.90,9.9000,true,1,3871414
7290015025959,false,מגבונים לחים בניחוח עדין מכיל תמציות קשמיר ומשי,עלבד משואות יצחק,IL,פרש וואנס רביעיה קשמ,יח',4.00,יח',false,,15.80,3.9500,true,1,3870833
7290015037204,false,כרוב לבן קצוץ 400 גרם אוצר הארץ,קטיף.,IL,כרוב לבן 400 גרם חסל,גרמים,400.00,100 גרם,false,,11.80,0.0295,true,1,1343361
7290015037211,false,כרוב אדום קצוץ 400 גרם אוצר הארץ,קטיף.,IL,כרוב אדום 400 גרם חס,גרמים,400.00,100 גרם,false,,11.80,0.0295,true,1,1343362
7290015037228,false,סלט קולסלו 400 גר אוצר הארץ,קטיף.,IL,סלט קולסלו 400 גרם ח,גרמים,400.00,100 גרם,false,,11.80,0.0295,true,1,1343363
7290015037242,false,לקט ים תיכוני 350 גרם אוצר הארץ,קטיף,IL,לקט ים תיכוני 350 גר,גרמים,350.00,100 גרם,false,,12.80,0.0366,true,1,1343365
7290015037273,false,פטרוזיליה אוצר הארץ - מהדרין,נסטלה שוויץ - רורשאך,IL,פטרוזיליה (שקית ) חס,יח',1.00,יח',false,,6.30,6.3000,true,1,1343367
7290015037280,false,כוסברה אוצר הארץ - מהדרין,ס.ר.ל פוסטל,IL,כוסברה (שקית) חסלט,יח',1.00,יח',false,,6.30,6.3000,true,1,1343368
7290015037297,false,שמיר אוצר הארץ - מהדרין,סאאדת,IL,שמיר (שקית ) חסלט,יח',1.00,יח',false,,6.30,6.3000,true,1,1343369
7290015037396,false,נענע אוצר הארץ - מהדרין,קטיף.,IL,נענע (שקית )חסלט,יח',1.00,יח',false,,6.30,6.3000,true,1,1343374
7290015037402,false,‏בצל ירוק שקית - אוצר הארץ,סאמיט,IL,בצל ירוק (שקית ) חסל,יח',1.00,יח',false,,7.30,7.3000,true,1,1343375
7290015037419,false,סלרי אמריקאי אוצר הארץ,עבאדי,IL,סלרי (שקית ) חסלט,יח',1.00,יח',false,,7.30,7.3000,true,1,1343376
7290015037433,false,חסה ערבית אוצר הארץ יחיד,נסטלה קוריאה - קפה,IL,חסה ערבית (שקית ) חס,יח',1.00,יח',false,,7.30,7.3000,true,1,1343378
7290015037440,false,"כרוב לבן שלם 1 ק""ג -א. הארץ",סאסאטק,IL,כרוב לבן שלם חסלט,קילוגרמים,1.00,"ק""ג",true,,14.50,14.5000,true,1,1343379
7290015037457,false,"כרוב אדום שלם 1 ק""ג -א. הארץ",קטיף.,IL,כרוב אדום שלם חסלט,קילוגרמים,1.00,"ק""ג",true,,15.50,15.5000,true,1,1343380
7290015037655,false,כרובית 600 גרם מהדרין אוצר הארץ י.ע.ל.,י.ש. ירקות עליים,IL,כרובית קפוא 600 גר,גרמים,600.00,100 גרם,false,,29.90,0.0498,true,1,3902140
7290015037662,false,ברוקולי 600 גרם מהדרין אוצר הארץ י.ע.ל.,י.ש. ירקות עליים,IL,ברוקולי קפוא 600 גר,גרמים,600.00,100 גרם,false,,29.90,0.0498,true,1,3904464
7290015037693,false,לבבות חסה במגשית חסלט,נסטלה שוויץ - רורשאך,IL,לבבות חסה במגשית חסל,יח',1.00,יח',false,,12.90,12.9000,true,1,3898011
7290015039055,false,"רוטב צ'ילי חריף תאילנדי וילי פוד 700 מ""ל",הנסיך- מפעל לייצור ט,TH,רוטב צ'ילי חריף תאיל,מיליליטרים,700.00,"100 מ""ל",false,,9.50,0.0136,true,1,1336031
7290015039130,false,חמאה בלגית ללא מלח 200ג,סוסייטה פרמייר,BE,"חמאה לל""ת מלח 200 גר",גרמים,200.00,100 גרם,false,,6.80,0.0340,true,1,1350403
7290015039246,false,נתחי טונה בשמן צמחי רביעיה * 160 ג' וילי פוד,וילי פוד,TH,טונה בשמן רביעייה 16,גרמים,640.00,100 גרם,false,,19.70,0.0308,true,1,1350407
7290015039253,false,עלי גפן במי מלח ויליפוד 620 גרם,קוראהן פזלרמה וי דיס,TR,עלי גפן במלח וילי פו,גרמים,620.00,100 גרם,false,,8.90,0.0144,true,1,1336034
7290015039338,false,נתחי טונה במי מלח רביעיה * 160 ג' וילי פוד,וילי פוד,TH,טונה רביעייה במים 16,גרמים,640.00,100 גרם,false,,19.70,0.0308,true,1,1350409
7290015054058,false,פאוורטק חלבון שוקולד700ג,סיטי תוספי מזון,IL,פאוארטק חלבון 700ג ש,יח',1.00,יח',false,,129.00,129.0000,true,1,3887654
7290015057066,false,עלי גפן ממולאים טעים 400 גר',,IL,עלי גפן 400 גר,גרמים,400.00,גרם,false,,7.60,0.0190,true,1,1328794
7290015129121,false,אטריות קונג'אק בתוספת טפיוקה בצורת נודלס,הוויזאי וואנגייה פוד,CN,סקיני פסטה נודלס 270,גרמים,270.00,100 גרם,false,,9.90,0.0367,true,1,1357413
7290015129145,false,אטריות קונג'אק בתוספת טפיוקה בצורת ספגטי,הוויזאי וואנגייה פוד,CN,סקיני פסטה ספגטי 270,גרמים,270.00,100 גרם,false,,9.90,0.0367,true,1,1357415
7290015129220,false,איטריות קונגאק ללא גלוטן 270 גרם skinny,אף.סי תבליני בגליל ב,CN,סקיני פסטה קוסקוס 27,גרמים,270.00,100 גרם,false,,9.90,0.0367,true,1,1357421
7290015129251,false,איטריות קונגאק ללא גלוטן 270 גרם skinny,אף.סי תבליני בגליל ב,CN,סקיני פסטה פטוצ'יני,גרמים,270.00,100 גרם,false,,9.90,0.0367,true,1,1357423
7290015129756,false,סקיני פסטה שיבולת שועל פטוצ'יני 270 גרם,הוויזאי וואנגייה,CN,סקיני פסטה שיבולת שו,גרמים,270.00,100 גרם,false,,9.90,0.0367,true,1,3866532
7290015139250,false,"שוקולד מריר פצפוצי אורז כרמית 85 גרם לל""ס","כרמית תעשיות ממתקים בע""\",IL,כרמית אגו שוקולד ופי,גרמים,85.00,100 גרם,false,,4.90,0.0576,true,1,1339306
7290015139267,false,שוקולד מריר עם שקדים ללא תוספת סוכר וסטהיים,"כרמית תעשיות ממתקים בע""\",IL,כרמית אגו שוקולד ושק,גרמים,85.00,100 גרם,false,,4.90,0.0576,true,1,1339307
7290015139526,false,חופשי ופל בציפוי ומילוי שוקו ללא גלוטן כרמית 125 גרם,כרמית תעשיות ממתקים,IL,חופשי וופל בציפוי שו,גרמים,125.00,100 גרם,false,,6.90,0.0552,true,1,1339320
7290015150088,false,מחית עגבניות קלה גרנד איטליה 700 גרם,שוורצקוף& הנקל דיסלד,IT,מחית עגבניות 700גר,גרמים,700.00,100 גרם,false,,12.30,0.0176,true,1,1336331
7290015150118,false,שלישיית עגבניות חתוכות דק גרנד איטליה 400 גרם,אמיליאנה קונסרב ס.פ.,IT,עגבניות חתוכות דק 21,גרמים,648.00,100 גרם,false,,16.90,0.0261,true,1,1336334
7290015155250,false,פרמיו חטיף כריות סלמון 60 גר,פרמיו Premio,AT,פרמיו חטיף כריות סלמ,100 קילו,60.00,100 קילו,false,,9.90,0.1650,true,1,3866725
7290015155557,false,פרמיו מקלוני ברווז מובחרים 100ג,,CN,פרמיו מקלוני ברווז מ,יח',1.00,יח',false,,13.90,13.9000,true,1,3881948
7290015155823,false,מחית תפוחי עץ חטיפטף ללא תוספת סוכר,פרוטה פודיווין איי.א,CZ,פרינוק פאוץ' תפוח 12,גרמים,120.00,100 גרם,false,,5.90,0.0492,true,1,3246694
7290015155830,false,מחית תפוחי עץ ובננה חטיפטף ללא תוספת סוכר,פרוטה פודווין איי.אס,CZ,פרינוק פאוץ' תפוח בנ,גרמים,120.00,100 גרם,false,,5.90,0.0492,true,1,3246695
7290015156769,false,מחית פרינוק פאוץ' תפוח ואוכמניות 120 גרם,פרוטה פודווין איי.אס,CZ,פרינוק פאוץ' תפוח וא,גרמים,120.00,100 גרם,false,,5.90,0.0492,true,1,3866729
7290015156813,false,פאוץ' מחית פירות מעורבים פרינוק 120 גרם,פרוטה פודווין איי.אס,CZ,פרינוק פאוץ' פירות מ,גרמים,120.00,100 גרם,false,,5.90,0.0492,true,1,3866731
7290015161862,false,פת פריכה אורגנית ללא גלוטן - ערמונים 100 גרם,אקסטרודו בצ'\יצה,CZ,פת פריכה אורגנית ערמ,גרמים,100.00,100 גרם,false,,13.50,0.1350,true,1,3885348
7290015164832,false,מחית קארי ירוק 400 גרם SUREE כשר,טאפאדונגפורן קוקינט,TH,מחית קארי ירוקה 400ג,גרמים,400.00,100 גרם,false,,18.70,0.0467,true,1,1341527
7290015164856,false,רוטב קארי אדומה 400 גרם SUREE כשר,טאפאדונגפורן קוקינט,TH,מחית קארי אדומה 400ג,גרמים,400.00,100 גרם,false,,18.70,0.0467,true,1,1341528
7290015181181,false,מברשת שירותים ליפסקי,,,מברשת לאסלה ראטן,יח',1.00,יח',false,,24.90,24.9000,true,1,3889902
7290015253062,false,פחמים 2 קג,,,פחמים 2 קג,יח',1.00,יח',false,,9.90,9.9000,true,1,3886448
7290015264174,false,טחינה אבן רחיים 500 גרם בדלי,General,,טחינה 500גר ממלכת הח,גרמים,500.00,100 גרם,false,,19.90,0.0398,true,1,3892298
7290015282291,false,טחינה ביתית 300גר שמ,סלטי שמיר 2006,,טחינה ביתית 300גר שמ,100 יח',300.00,100 יח',false,,9.90,0.0330,true,1,1321884
7290015282307,false,חציל במיונז 300גר שמ,סלטי שמיר 2006,,חציל במיונז 300גר שמ,100 יח',300.00,100 יח',false,,9.90,0.0330,true,1,1321885
7290015282345,false,סלט טורקי איסטמבול 3,סלטי שמיר 2006,,תורכי איסטנבול 300גר,100 יח',300.00,100 יח',false,,10.90,0.0363,true,1,1321889
7290015282352,false,תפוחי אדמה 300גר שמי,סלטי שמיר 2006,,תפוחי אדמה 300גר שמי,100 יח',300.00,100 יח',false,,10.90,0.0363,true,1,1321890
7290015325769,false,ג'ל רחצה מועשר נקטר פרחים 750 רמילוי,,,ג'ל רחצה מועשר נקטר,מיליליטרים,750.00,"100 מ""ל",false,,7.90,0.0105,true,1,2901819
7290015325776,false,ג'ל רחצה מועשר פירות אקזוטי 750 רמילוי,,,ג'ל רחצה מועשר פירות,מיליליטרים,750.00,"100 מ""ל",false,,7.90,0.0105,true,1,2901837
7290015325783,false,ג'ל רחצה מועשר לבנדר 750 רמילוי,,,ג'ל רחצה מועשר לבנדר,מיליליטרים,750.00,"100 מ""ל",false,,7.90,0.0105,true,1,2901854
7290015325790,false,ג'ל רחצה מועשר חוחובה 750 רמילוי,,,ג'ל רחצה מועשר חוחוב,מיליליטרים,750.00,"100 מ""ל",false,,7.90,0.0105,true,1,2901820
7290015325813,false,תחליב רחצה 750מל רמילוי,,,תחליב רחצה 750מל רמי,מיליליטרים,750.00,"100 מ""ל",false,,7.90,0.0105,true,1,2901856
7290015325820,false,תחליב רחצה קוקוס 750מל רמילוי,,,תחליב רחצה קוקוס 750,מיליליטרים,750.00,"100 מ""ל",false,,7.90,0.0105,true,1,2901857
7290015325837,false,תחליב רחצה פרש 750מל רמילוי,,,תחליב רחצה פרש 750מל,מיליליטרים,750.00,"100 מ""ל",false,,7.90,0.0105,true,1,2901858
7290015328500,false,הגדה של פסח,,,הגדה של פסח,יח',1.00,יח',false,,2.90,2.9000,true,1,3858746
7290015328715,false,האשפתון 65*52 50 יח',,,האשפתון 65*52,יח',1.00,יח',false,,10.90,10.9000,true,1,3868896
7290015328722,false,האשפתון 90*78 2 גליל,,,האשפתון 78*90,20 יח',1.00,20 יח',false,,10.90,10.9000,true,1,3859983
7290015335607,false,יוגונאט טבעי 150גר' ניה,טרופיקל דגיל תעשיות,IL,מעדן ביו טבעי,גרמים,150.00,100 גרם,false,,6.90,0.0460,true,1,3880403
7290015335614,false,מעדן ביו עם תות 150 גרם,טרופיקל דגיל תעשיות,IL,מעדן ביו עם תות,גרמים,150.00,100 גרם,false,,6.90,0.0460,true,1,3880404
7290015335621,false,יוגונאט פירות יער 150גר' ניה,טרופיקל דגיל תעשיות,IL,מעדן ביו עם פירות,גרמים,150.00,100 גרם,false,,6.90,0.0460,true,1,3880405
7290015335638,false,מעד ביו דובדבן 150 גר,טרופיקל דגיל תעשיות,IL,מעדן ביו עם דובדבן,גרמים,150.00,100 גרם,false,,6.90,0.0460,true,1,3880406
7290015339650,false,"שוקולד חלבי בד""ץ 100 גרם",אלבה שוקולד,CH,"שוקולד חלבי בד""צ",גרמים,100.00,100 גרם,false,,6.90,0.0690,true,1,1328900
7290015339933,false,ריבת חלב טעמן 340 גרם,טעמן,IL,ריבת חלב 340גר,גרמים,340.00,100 גרם,false,,10.90,0.0321,true,1,1328917
7290015339988,false,עוגיות טעמן מלוחות ב,טעמן,,עוגיות טעמן מלוחות ב,גרמים,500.00,100 גרם,false,,19.90,0.0398,true,1,1328922
7290015350150,false,"יין אדום חצי יבש סגל 750 מ""ל","כרמי צבי - אחים סגל בע""\",IL,סגל אדום חצי יבש 750,מיליליטרים,750.00,"100 מ""ל",false,,19.90,0.0265,true,1,3886113
7290015350242,false,שטוק 84 משקה כוהלי על בסיס ברנדי בטעם דבש,יקבי ברקן,IL,ברנדי שטוק 84 דבש 75,מיליליטרים,750.00,"100 מ""ל",false,,64.90,0.0865,true,1,3864518
7290015355834,false,קטשופ היינץ חריף ומתובל 855 ג'ר,ה.י. היינץ,US,מיונז היינץ לחיץ,גרמים,855.00,100 גרם,false,,16.90,0.0198,true,1,1336732
7290015366380,false,ספירה אנתוש ספריי דוחה יתושים 70 מל,סאסא קוסמטיקס,IL,"תחליב להרחקת יתושים 70 מ""",מטרים,70.00,100 מ'ל,false,,14.90,0.2129,true,1,1344228
7290015366663,false,"משחת שיניים מנטה עדין אקווה פרש 100 מ""ל",גלקסוסמיתקליין,SK,"אקוה פרש מנטה 100 מ""ל",מיליליטרים,100.00,"100 מ""ל",false,,5.90,0.0590,true,1,1344246
7290015366670,false,משחת שיניים הגנה משולשת מנטה מרענן,גלקסוסמיתקליין,SK,"אקוה פרש מנטה 100 מ""ל",מיליליטרים,100.00,"100 מ""ל",false,,5.90,0.0590,true,1,1344247
7290015395892,false,ממרח פפריקה שקדיה 710 גרם,ליניטי קטיימה פודסטף,MK,ממרח פפריקה 710 גרם,גרמים,710.00,100 גרם,false,,16.90,0.0238,true,1,1714685
7290015437431,false,רכז רימונים 100% טבעי 420 גר,AROMA PRODUCT ITD,GE,רכז רימונים 100% טבע,גרמים,420.00,100 גרם,false,,18.90,0.0450,true,1,3878820
7290015446617,false,פראוד - חטיף חלבון בננה טופי 60 גרם,v.s.i,NL,חטיף חלבון טעם בננה,גרמים,60.00,100 גרם,false,,12.90,0.2150,true,1,3871331
7290015470094,false,טוסו שוקולד מריר תפוז ללא סוכר 100גרם,אלטינמארקה,TR,טוסו שוקולד מריר תפו,גרמים,100.00,100 גרם,false,,8.90,0.0890,true,1,1838401
7290015597210,false,מאגדת טילון קורנטו פרווה טבעוני-וויגן פרנדלי,"גלידת שטראוס בע""\מ, רחוב",IL,טילון קורנטו פרווה ט,גרמים,300.00,100 גרם,false,,25.90,0.0863,true,1,3860172
7290015597326,false,מאגדת קרחוני אייס לייט 3 טעמים 260 גר,"גלידת שטראוס בע""\מ, רחוב",IL,מאגדת אייס לייט,גרמים,710.00,100 גרם,false,,19.80,0.0279,true,1,1339969
7290015599023,false,VEGA צהובה טבעונית בטעם קלאסי 200 גרם,וגה מוצרים טבעוניים VEGA,GR,צהובה טבעונית בטעם ק,גרמים,200.00,100 גרם,false,,23.70,0.1185,true,1,3887112
7290015599054,false,פרוסות צהובה טבעונית בטעם גבינת צ'דר,וגה מוצרים טבעוניים VEGA,GR,גבינה צהובה טבעונית,גרמים,200.00,100 גרם,false,,23.70,0.1185,true,1,3887114
7290015599061,false,VEGA צהובה טבעונית בטעם מוצרלה 200 גרם,וגה מוצרים טבעוניים VEGA,GR,צהובה טבעונית בטעם מ,גרמים,200.00,100 גרם,false,,23.70,0.1185,true,1,3887115
7290015599504,false,VEGA ממרח בטעם חמאה אורגני 225 גרם,גוד פוד פרודקטס S.p,DK,ממרח טעם חמאה אורגני,גרמים,225.00,100 גרם,false,,17.80,0.0791,true,1,3887121
7290015603188,false,אטריות ביצים 454ג' (כ) (fu),פוגיאן לונגהי אנלידה אינ,CN,אטריות ביצים 454ג' (,גרמים,454.00,100 גרם,false,,9.90,0.0218,true,1,1341532
7290015603218,false,אטריות עם עגבניה מזרח מערב 454 גרם,פוגקן לונגהי אנלידה,CN,אטריות עם עגבניה 454,גרמים,454.00,100 גרם,false,,9.90,0.0218,true,1,1955424
7290015603522,false,"נוזל אגוזי קוקוס 5%-7% 400 מ""ל",אסי אטיק גרו אינדוסט,TH,נוזל אגוזי קוקוס 5-7,מיליליטרים,400.00,"100 מ""ל",false,,5.80,0.0145,true,1,1341535
7290015603546,false,"שימורי קרם קוקוס 17-19% 400 מ""ל (ASIATIC)(כ)",אסיאטיק אגרו אינדסטר,TH,שימורי קרם קוקוס 400,מיליליטרים,400.00,"100 מ""ל",false,,8.50,0.0213,true,1,3869242
7290015603560,false,"שימורי קרם קוקוס 20-22% 400 מ""ל (ASIATIC)(כ)",אסיאטיק אגרו אינדוסטרי,TH,שימורי קרם קוקוס 20-,מיליליטרים,400.00,"100 מ""ל",false,,9.60,0.0240,true,1,1341536
7290015603584,false,ג'ינגר לבן כבוש ללא מונוסודיום 160 גרם (כ),לאיווי איפנג פודס קו,CN,ג'ינגר לבן כבוש ללא,גרמים,160.00,100 גרם,false,,7.70,0.0481,true,1,1341537
7290015603591,false,גינגר ורוד כבוש ללא מונוסודיום 160 גרם,ננטונג הידה אקוטיק פ,CN,גינגר ורוד 160 גרם,גרמים,160.00,100 גרם,false,,7.70,0.0481,true,1,3671439
7290015603638,false,"אורז קלרוז 1 ק""ג (כ) (Minh)",מינה פונג גרין אגריק,VN,"אורז קלרוז 1 ק""ג (כ)",גרמים,1000.00,100 גרם,false,,11.50,0.0115,true,1,1341541
7290015644297,false,שישיית לחמניות פשוט מלא אנג'ל 450 גרם,מאפיית שלמה א. אנג'\ל בע,IL,לחמניות פשוט מלא 6 י,גרמים,75.00,100 גרם,false,,10.90,0.1453,true,1,2812857
7290015644426,false,"לחם צרפתי חיטה מלאה ודגנים 600 גרם ""אנג'ל""",מאפיית שלמה א. אנג'\ל בע,IL,לחם צרפתי חיטה מלאה,גרמים,600.00,100 גרם,false,,15.90,0.0265,true,1,1464534
7290015644433,false,לחם מחמצת 100% שיפון קל אנג'ל 600 גרם,מאפיית שלמה א. אנג'\ל בע,IL,לחם צרפתי שיפון 100%,גרמים,650.00,100 גרם,false,,15.90,0.0245,true,1,1464535
7290015652254,false,גרעיני חמניה קלויים 400 גרם ששון הקלה,"דין שיווק וקלייה בע""",IL,גרעיני חמניה קלויים,גרמים,500.00,100 גרם,false,,9.90,0.0198,true,1,1352536
7290015652261,false,בוטנים קלויים ששון הקולה 350 גרם,"דין שיווק וקלייה בע""",IL,בוטנים קלויים 350גר,גרמים,350.00,100 גרם,false,,9.90,0.0283,true,1,1352537
7290015652292,false,קבוקים עם שומשום ששון הקולה 400 גרם,"דין שיווק וקלייה בע""",IL,קבוקים עם שומשום 400,גרמים,400.00,100 גרם,false,,9.90,0.0248,true,1,1352540
7290015652308,false,מנצ'ס ששון הקולה 400 גרם,"דין שיווק וקלייה בע""",,מנצס 400גר,גרמים,400.00,100 גרם,false,,9.90,0.0248,true,1,1352541
7290015652322,false,בוטנים אמריקאיים מצופים 400 גר ששון הקלה,"דין שיווק וקלייה בע""",IL,בוטנים אמריקאים מצופ,גרמים,400.00,100 גרם,false,,9.90,0.0248,true,1,1352543
7290015652407,false,פיסטוק קלוי ששון הקולה 250 גרם,"דין שיווק וקלייה בע""",IL,פיסטוק קלוי 250גרם,גרמים,250.00,100 גרם,false,,19.90,0.0796,true,1,1787996
7290015673013,false,טחון מהצומח צליה גריל500,טבע דלי בעמ,IL,טחון לצלייה צמחוני 5,גרמים,500.00,100 גרם,false,,23.90,0.0478,true,1,3870915
7290015673150,false,קציצות אוקרה ברוקולי וציה 400 גר,ליב,,קציצות אוקרה ברוקולי,גרמים,400.00,100 גרם,false,,24.90,0.0622,true,1,3870916
7290015673181,false,בורגר מהצומח עם ברוקולי קליפורניה 400 גר,טבע דלי,IL,המבורגר עם ברוקולי ט,גרמים,400.00,100 גרם,false,,24.90,0.0622,true,1,3870917
7290015673198,false,המבורגר טקסס עם פטריות טבע דלי 400 גרם,טבע דלי בעמ,IL,המבורגר טקסס עם פטרי,גרמים,400.00,100 גרם,false,,24.90,0.0622,true,1,3870918
7290015681070,false,אובלטים שומשום רמי לוי 300 גרם,רמי לוי,IL,אובלטים שומשום רמי ל,גרמים,300.00,100 גרם,false,,9.90,0.0330,true,1,1356659
7290015681087,false,אובלטים קימל רמי לוי 300 גרם,רמי לוי,IL,אובלטים קימל רמי לוי,גרמים,300.00,100 גרם,false,,9.90,0.0330,true,1,1356660
7290015681117,false,חטיפי עוף רמי לוי 60,רמי לוי,IL,חטיפי עוף רמי לוי 60,גרמים,600.00,100 גרם,false,,22.90,0.0382,true,1,1357122
7290015681131,false,שניצלוני גן חיות רמי לוי 600 גרם,רמי לוי,IL,שניצלוני גן חיות רמי,גרמים,600.00,100 גרם,false,,22.90,0.0382,true,1,1357123
7290015681155,false,כוכבי תירס רמי לוי 600 גרם,רמי לוי,IL,כוכבי תירס רמי לוי 6,גרמים,600.00,100 גרם,false,,17.90,0.0298,true,1,1357125
7290015681162,false,שניצל תירס רמי לוי 750 גרם,רמי לוי,IL,שניצל תירס רמי לוי 7,גרמים,750.00,100 גרם,false,,17.90,0.0239,true,1,1357126
7290015681179,false,שניצל צמחי רמי לוי 750 גרם,רמי לוי,IL,שניצל צמחי רמי לוי 7,גרמים,750.00,100 גרם,false,,17.90,0.0239,true,1,1357127
7290015681186,false,שניצל עוף אמיתי עם שומשום רמי לוי 700 גרם,רמי לוי,IL,שניצל עוף אמיתי עם ש,גרמים,700.00,100 גרם,false,,25.90,0.0370,true,1,1357128
7290015681247,false,פילה עוף אמיתי בציפוי שומשום רמי לוי 700 גרם,רמי לוי,IL,פילה עוף אמיתי בציפו,גרמים,700.00,100 גרם,false,,29.90,0.0427,true,1,1357134
7290015681254,false,זיתים מרוקאי 600 ג ר,רמי לוי,IL,זיתים מרוקאי 600 ג ר,גרמים,600.00,100 גרם,false,,21.90,0.0365,true,1,1357019
7290015681261,false,זיתים סורי 600 גרם ר,רמי לוי,IL,זיתים סורי 600 גרם ר,גרמים,600.00,100 גרם,false,,14.90,0.0248,true,1,1357020
7290015681285,false,זיתים קלמטה 600 ג רמי לוי,משק משפחת ג'השאן,IL,זיתים קלמטה 600 ג רמ,גרמים,600.00,100 גרם,false,,19.90,0.0332,true,1,1357022
7290015681445,false,קפסולות קפה קפוצינו רמי לוי,אספרסו,IT,קפסולות קפה קפוצינו,יח',1.00,יח',false,,12.90,12.9000,true,1,1780661
7290015681476,false,קפסולות קפה אספרסו רמי לוי,אספרסו,IT,קפסולות קפה אספרסו ר,10 יח',1.00,10 יח',false,,12.90,12.9000,true,1,1780664
7290015681483,false,קפסולות קפה אספרסו חזק רמי לוי,אספרסו,IT,קפסולות קפה אספרסו ח,יח',1.00,יח',false,,12.90,12.9000,true,1,1780665
7290015681735,false,מיזלי צימוקים תפוח רמי לוי 400 גרם,דין שיווק,,מיזלי צימוקים תפוח ר,גרמים,400.00,100 גרם,false,,10.40,0.0260,true,1,1356959
7290015681759,false,מיזלי פירות רמי לוי,רמי לוי,,מיזלי פירות רמי לוי,גרמים,400.00,100 גרם,false,,10.40,0.0260,true,1,1356961
7290015681766,false,חטיפי גרנולה אגוזים ושקדים רמי לוי,ויטלה ניקולא דו,MK,חטיפי גרנולה אגוזים,גרמים,175.00,100 גרם,false,,8.90,0.0509,true,1,1356962
7290015681773,false,קינואה רמי לוי 400 גרם,דין שיווק,,קינואה רמי לוי 400 ג,גרמים,400.00,100 גרם,false,,9.90,0.0248,true,1,1356963
7290015681780,false,גרנולה פירות רמי לוי 400 גרם,רמי לוי,,גרנולה פירות רמי לוי,גרמים,400.00,100 גרם,false,,10.40,0.0260,true,1,1356964
7290015681810,false,גרנולה פירות רמי לוי 800 גרם,רמי לוי,,גרנולה פירות רמי לוי,גרמים,800.00,100 גרם,false,,17.90,0.0224,true,1,1356966
7290015681827,false,מיזלי צימוק תפוח רמי,רמי לוי,,מיזלי צימוק תפוח רמי,גרמים,800.00,100 גרם,false,,17.90,0.0224,true,1,1356967
7290015681872,false,חטיפי גרנולה צימוקים ותמרים רמי לוי,ויטלה ניקולא דו,MK,חטיפי גרנולה צימוקים,גרמים,175.00,100 גרם,false,,8.90,0.0509,true,1,1356972
7290015681896,false,מוזלי אגוזים רמי לוי,דין שיווק,,מוזלי אגוזים רמי לוי,גרמים,800.00,100 גרם,false,,17.90,0.0224,true,1,1356973
7290015681964,false,מלפפון בחומץ 18-25 ר,רמי לוי,IL,מלפפון בחומץ 18-25 ר,גרמים,290.00,100 גרם,false,,10.90,0.0376,true,1,1357023
7290015699730,false,סבון דה מארסיי יעקבי 1.5 ליטר *חדש-,יעקובי הפי,BE,נוזל רצפות מבושם ורו,ליטרים,1.50,ליטר,false,,11.90,7.9333,true,1,1543437
7290015733144,false,מטרנה גולד שלב 2 תרכובת מזון על בסיס חלבי,מטרנה,IL,מטרנה גולד שלב 2 700,גרמים,700.00,100 גרם,false,,67.50,0.0964,true,1,3867545
7290015733168,false,מטרנה גולד שלב שלוש 700 ג',מטרנה תעשיות ש.מ,IL,מטרנה גולד שלב 3 700,גרמים,700.00,100 גרם,false,,67.50,0.0964,true,1,3867546
7290015733205,false,תרכובת מזון לתינוקות חלבי שלב 1 אקסטרה קר מהדרין,נסטלה,IL,מטרנה אקסטרה קר מהדר,גרמים,700.00,100 גרם,false,,56.90,0.0813,true,1,3867548
7290015733229,false,תרכובת מזון לתינוקות חלבי שלב 2 אקסטרה קר מהדרין,מטרנה,IL,מטרנה אקסטרה קר מהדר,גרמים,700.00,100 גרם,false,,56.90,0.0813,true,1,3867549
7290015733243,false,מטרנה אקסטרה קייר מהדרין שלב 3 700 גרם,מטרנה תעשיות ש.מ.,IL,מטרנה אקסטרה קר מהדר,גרמים,700.00,100 גרם,false,,56.90,0.0813,true,1,3867550
7290015733427,false,מטרנה דייסת גם וגם וניל פרו12*300ג 2019,מולינו ניקולי s.p.a,IL,מטרנה דייסת גם וגם ו,יח',1.00,יח',false,,17.90,17.9000,true,1,3884910
7290015733939,false,"תרכובת מזון A.R על בסיס חלבי בתוספת עמילן תפו""א ותירס",מטרנה תעשיות ש.מ.,IL,מטרנה אקסטרה קר 700,גרמים,700.00,100 גרם,false,,77.80,0.1111,true,1,3891074
7290015781008,false,"יין VISION מרלו אדום טפרברג 750 מ""ל","יקב טפרברג 1870 בע""מ",IL,מרלו ויז'יון 750 מ'',מיליליטרים,750.00,"100 מ""ל",false,,34.90,0.0465,true,1,1335233
7290015781015,false,"יין VISION מלבק טפרברג 750 מ""ל","יקב טפרברג 1870 בע""מ",IL,מלבק ויז'יון 750 מ'',מיליליטרים,750.00,"100 מ""ל",false,,34.90,0.0465,true,1,1335234
7290015781046,false,"יין VISION לבן חצי יבש טפרברג 750 מ""ל","יקב טפרברג 1870 בע""מ",IL,יין לבן חצי יבש ויזו,מיליליטרים,750.00,"100 מ""ל",false,,34.90,0.0465,true,1,1335235
7290015781053,false,"יין VISION לבן יבש טפרברג 750 מ""ל","יקב טפרברג 1870 בע""מ",IL,לבן יבש ויז'יון,מיליליטרים,750.00,"100 מ""ל",false,,34.90,0.0465,true,1,1335236
7290015781091,false,"יין VISION קברנה סוביניון טפרברג 750 מ""ל","יקב טפרברג 1870 בע""מ",IL,קברנה סובניון ויז'יו,מיליליטרים,750.00,"100 מ""ל",false,,34.90,0.0465,true,1,1335237
7290015781114,false,"יין IMPRESSION מרלו טפרברג 750 מ""ל","יקב טפרברג 1870 בע""מ",IL,מרלו אימפרשן 750 מ'',מיליליטרים,750.00,"100 מ""ל",false,,44.90,0.0599,true,1,1335239
7290015781121,false,"יין IMPRESSION קברנה סוביניון יבש טפרברג 750 מ""ל","יקב טפרברג 1870 בע""מ",IL,קברנה סובניון אימפרש,מיליליטרים,750.00,"100 מ""ל",false,,44.90,0.0599,true,1,1335240
7290015781145,false,ריזלינג בציר מאוחר אימפרשן 500 מ''ל,"יקב טפרברג 1870 בע""מ",IL,ריזלינג בציר מאוחר א,מיליליטרים,500.00,"100 מ""ל",false,,44.90,0.0898,true,1,1335242
7290015781169,false,"יין IMPRESSION קברנה סוביניון חצי יבש טפרברג 750 מ""ל","יקב טפרברג 1870 בע""מ",IL,אדום חצי יבש אימפרשן,מיליליטרים,750.00,"100 מ""ל",false,,44.90,0.0599,true,1,1335244
7290015781268,false,"יין מוסקטו אדום 750 מ""ל MOSCATO","יקב טפרברג 1870 בע""מ",IL,יין אדום מוסקטו,מיליליטרים,750.00,"100 מ""ל",false,,34.90,0.0465,true,1,1335245
7290015781275,false,"יין מוסקטו לבן 750 מ""ל MOSCATO","יקב טפרברג 1870 בע""מ",IL,יין לבן מוסקטו,מיליליטרים,750.00,"100 מ""ל",false,,34.90,0.0465,true,1,1335246
7290015781299,false,"יין VISION שיראז אדום טפרברג 750 מ""ל","יקב טפרברג 1870 בע""מ",IL,שיראז ויז'יון 750 מ',מיליליטרים,750.00,"100 מ""ל",false,,34.90,0.0465,true,1,1335248
7290015781657,false,"יין אלגרו למברוסקו רוזה, 750 מ""ל",יקב טפרברג 1870 בעמ,IL,למברוסקו רוזה,מיליליטרים,750.00,"100 מ""ל",false,,29.90,0.0399,true,1,3868361
7290015781664,false,יין אלגרו למבורסקו ל,יקב טפרברג 1870 בעמ,IL,אלגרו למברוסקו לבן,מיליליטרים,750.00,"100 מ""ל",false,,29.90,0.0399,true,1,3868362
7290015804899,false,תירס 800 ג,,,תירס 800 ג,גרמים,800.00,100 גרם,false,,8.70,0.0109,true,1,2149087
7290015804905,false,אפונה 800 ג רמילוי,,,אפונה 800 ג רמילוי,גרמים,800.00,100 גרם,false,,8.70,0.0109,true,1,2149088
7290015804912,false,אפונה וגזר 800 ג רמי לוי,,,אפונה וגזר 800 ג רמי,גרמים,800.00,100 גרם,false,,8.70,0.0109,true,1,2149089
7290015804929,false,שעועית ירוקה חתוכה 800 ג רמילוי,,,שעועית ירוקה חתוכה 8,גרמים,800.00,100 גרם,false,,8.70,0.0109,true,1,2149090
7290015804936,false,שעועית צהובה חתוכה 800 גר רמילוי,,,שעועית צהובה חתוכה 8,גרמים,800.00,100 גרם,false,,8.70,0.0109,true,1,2149147
7290015804943,false,שעועית ירוקה שלמה 800 גר רמילוי,,,שעועית ירוקה שלמה 80,גרמים,800.00,100 גרם,false,,9.20,0.0115,true,1,2149148
7290015804950,false,פול ירוק 800 גר רמילוי,,,פול ירוק 800 גר רמיל,גרמים,800.00,100 גרם,false,,10.90,0.0136,true,1,2149149
7290015804967,false,ברוקולי מוקפא 800 גר רמילוי,,,ברוקולי מוקפא 800 גר,גרמים,800.00,100 גרם,false,,14.90,0.0186,true,1,2149150
7290015804974,false,כרובית 800 גר רמילוי,,,כרובית 800 גר רמילוי,גרמים,800.00,100 גרם,false,,9.90,0.0124,true,1,2149151
7290015804981,false,תחתיות ארטישוק מוקפאות 400 גר רמילוי,,,תחתיות ארטישוק מוקפא,גרמים,400.00,100 גרם,false,,7.90,0.0198,true,1,2149152
7290015804998,false,במיה מוקפאות 600 גר רמילוי,,,במיה מוקפאות 600 גר,גרמים,600.00,100 גרם,false,,8.30,0.0138,true,1,2149153
7290015821582,false,מארז נרות נשמה 4 יח',,,מארז נרות,יח',1.00,יח',false,,8.90,8.9000,true,1,3871492
7290015834100,false,"ג'ין לוקסרדו דובדבנים חמוצים- איטליה 700 מ""ל",רמי לוי,,ג'ין לוקסרדו דובדבני,גרמים,350.00,100 גרם,false,,9.30,0.0266,true,1,1357106
7290015834155,false,פטריות חתוכות רמי לוי,רמי לוי,,פטריות חתוכות רמי לו,גרמים,230.00,100 גרם,false,,3.90,0.0170,true,1,1357108
7290015834162,false,"קמח לבן רמי לוי 1 ק""ג",רמי לוי,IL,"קמח לבן רמי לוי 1 ק""",יח',1.00,יח',false,,3.30,3.3000,true,1,1354770
7290015834186,false,"קמח תופח רמי לוי 1 ק""ג",רמי לוי,IL,קמח תופח רמי לוי 1 ק,יח',1.00,יח',false,,3.90,3.9000,true,1,1354771
7290015834193,false,"סולת חיטה רמי לוי 1 ק""ג",רמי לוי,IL,סולת חיטה רמי לוי 1,קילוגרמים,1.00,"ק""ג",false,,3.30,3.3000,true,1,1354772
7290015834209,false,"ציפס קלאסי רמי לוי 2 ק""ג",קפוא-זן,BE,ציפס קלאסי רמי לוי 2,קילוגרמים,2.00,"ק""ג",false,,21.90,10.9500,true,1,1357135
7290015834216,false,רמי לוי - ציפס 800 ג,קפוא-זן,BE,ציפס קלאסי 800 גרם,גרמים,800.00,100 גרם,false,,8.90,0.0111,true,1,1357136
7290015834223,false,פרורי לחם מוזהבים רמי לוי 200 גרם,רמי לוי,ES,פרורי לחם מוזהבים רמ,גרמים,200.00,100 גרם,false,,3.50,0.0175,true,1,1357203
7290015834230,false,קוסקוס דק רמי לוי 350 גרם,רמי לוי,IL,קוסקוס דק רמי לוי 35,גרמים,350.00,100 גרם,false,,4.20,0.0120,true,1,1357033
7290015834247,false,קוסקוס בינוני רמי לוי 350 גרם,רמי לוי,IL,קוסקוס בינוני רמי לו,גרמים,350.00,100 גרם,false,,4.20,0.0120,true,1,1357034
7290015834254,false,קוסקוס עבה רמי לוי 350 גרם,רמי לוי,IL,קוסקוס עבה רמי לוי 3,גרמים,350.00,100 גרם,false,,4.20,0.0120,true,1,1357035
7290015834285,false,פתיתים אורז רמי לוי 500 גרם,רמי לוי,IL,פתיתים אורז רמי לוי,גרמים,500.00,100 גרם,false,,3.90,0.0078,true,1,1357038
7290015834292,false,פתיתים קוסקוס רמי לוי 500 גרם,רמי לוי,IL,פתיתים קוסקוס רמי לו,גרמים,500.00,100 גרם,false,,3.90,0.0078,true,1,1357039
7290015834315,false,"דבש טהור רמי לוי 1 ק""ג",עמק חפר,RO,דבש טהור רמי לוי 1 ק,יח',1.00,יח',false,,39.90,39.9000,true,1,1357041
7290015834339,false,דבש בצנצנת רמי לוי 350 גרם,דבש עמק חפר,RO,דבש בצנצנת רמי לוי 3,גרמים,350.00,100 גרם,false,,15.90,0.0454,true,1,1357042
7290015834445,false,"ציפס סטיק רמי לוי 2 ק""ג",קפוא-זן,BE,ציפס סטיק רמי לוי 2,קילוגרמים,2.00,"ק""ג",false,,21.90,10.9500,true,1,1357137
7290015834452,false,ציפס זיגזג רמי לוי 1,קפוא-זן,BE,ציפס זיגזג רמי לוי 1,יח',1.00,יח',false,,11.90,11.9000,true,1,1357138
7290015834469,false,פרוסות דקל רמי לוי 220 גרם,טעמן,,פרוסות דקל רמי לוי 2,גרמים,220.00,100 גרם,false,,7.90,0.0359,true,1,1357109
7290015834483,false,דבש לחיץ רמי לוי 250 גרם,רמי לוי,IL,דבש לחיץ רמי לוי 250,גרמים,250.00,100 גרם,false,,12.90,0.0516,true,1,1357048
7290015834896,false,מלפפון בחומץ ‏12‏-‏1,רמי לוי,IL,מלפפון בחומץ 10-12 ר,גרמים,290.00,100 גרם,false,,6.50,0.0224,true,1,1357051
7290015834940,false,מלפפון במלח 18-25 רמי לוי 320 גרם,רמי לוי,IL,מלפפון במלח 18-25 רמ,גרמים,320.00,100 גרם,false,,10.90,0.0341,true,1,1357056
7290015834988,false,פרורי לחם לבנים רמי לוי 200 גרם,רמי לוי,ES,פרורי לחם לבנים רמי,גרמים,200.00,100 גרם,false,,3.50,0.0175,true,1,1357204
7290015835039,false,כריות יפניות עבות רמי לוי 6 יח,רמי לוי,,כריות יפניות עבות רמ,100 יח',6.00,100 יח',false,,7.50,1.2500,true,1,1357061
7290015835046,false,כריות יפניות רמי לוי 9 יח,,,כריות יפניות רמי לוי,100 יח',9.00,100 יח',false,,8.60,0.9556,true,1,1357062
7290015835053,false,כריות קרצוף ארוכות רמי לוי,רמי לוי,,כריות קרצוף ארוכות ר,100 יח',1.00,100 יח',false,,7.50,7.5000,true,1,1357063
7290015835060,false,כריות קרצוף רמי לוי 10 יח,רמי לוי,,כריות קרצוף רמי לוי,100 יח',10.00,100 יח',false,,5.10,0.5100,true,1,1357064
7290015835077,false,ברזלית צילינדר רמי לוי 4 יח רמי לוי,פלסטו פוליש,IL,ברזלית צילינדר רמי ל,100 יח',4.00,100 יח',false,,7.50,1.8750,true,1,1357065
7290015835084,false,ספוג פלא לניקוי רמי לוי 6 יח,רמי לוי,,ספוג פלא לניקוי רמי,100 יח',6.00,100 יח',false,,7.50,1.2500,true,1,1357066
7290015835091,false,כריות יפניות רמי לוי 4 יח,רמי לוי,,כריות יפניות רמי לוי,100 יח',4.00,100 יח',false,,7.50,1.8750,true,1,1357067
7290015835107,false,צמר פלדה רמי לוי 350 גרם,רמי לוי,,צמר פלדה רמי לוי 350,גרמים,350.00,100 גרם,false,,8.60,0.0246,true,1,1357068
7290015835114,false,צמר פלדה רמי לוי 100 גרם,רמי לוי,,צמר פלדה רמי לוי 100,גרמים,100.00,100 גרם,false,,2.90,0.0290,true,1,1357069
7290015835121,false,מטליות רמי לוי 9 יח,רמי לוי,,מטליות רמי לוי 9 יח,יח',9.00,יח',false,,7.50,0.8333,true,1,1357070
7290015835138,false,פרורי לחם לבנים 400 גרם רמי לוי,רמי לוי,ES,פרורי לחם לבנים 400,גרמים,400.00,100 גרם,false,,4.90,0.0123,true,1,1357205
7290015835183,false,מטליות מיקרופייבר רביעייה רמי לוי,פלסטו פוליש,CN,מטליות מיקרופייבר רב,יח',4.00,יח',false,,7.50,1.8750,true,1,1357075
7290015835206,false,מטלית מיקרופייבר רמי לוי 50*80,פלסטו פוליש,CN,מטלית מיקרופייבר רמי,יח',1.00,יח',false,,7.50,7.5000,true,1,1357077
7290015835237,false,פרורי לחם מוזהבים רמי לוי 400 גרם,רמי לוי,ES,פרורי לחם מוזהבים רמ,גרמים,400.00,100 גרם,false,,4.90,0.0123,true,1,1357206
7290015835404,false,גרנולה אגוזים רמי לו,רמי לוי,,גרנולה אגוזים רמי לו,גרמים,800.00,100 גרם,false,,17.90,0.0224,true,1,1356974
7290015835411,false,גרנולה אגוזים רמי לוי 400 גרם,רמי לוי,,גרנולה אגוזים רמי לו,גרמים,400.00,100 גרם,false,,10.40,0.0260,true,1,1356975
7290015835428,false,מוזלי פירות רמי לוי 800 גרם,דין שיווק,,מוזלי פירות רמי לוי,גרמים,800.00,100 גרם,false,,17.90,0.0224,true,1,1356976
7290015835466,false,פרורי לחם גריל 200גר רמי לוי,רמי לוי,ES,פרורי לחם גריל 200גר,גרמים,200.00,100 גרם,false,,3.50,0.0175,true,1,1357207
7290015835510,false,קנלוני רמי לוי 250 גרם,פסטיפיציו,IT,קנלוני רמי לוי 250 ג,גרמים,250.00,100 גרם,false,,6.90,0.0276,true,1,1357088
7290015835527,false,לזניה רמי לוי 500 גרם,פסטיפיציו,IT,לזניה רמי לוי 500 גר,גרמים,500.00,100 גרם,false,,9.90,0.0198,true,1,1594159
7290015835541,false,"אבקת כביסה רמי לוי 8 ק""ג",זוהר דליה,IL,אבקת כביסה רמי לוי 8,קילוגרמים,8.00,"ק""ג",false,,38.90,4.8625,true,1,1373011
7290015835572,false,פרורי לחם שומשום 200גר רמי לוי,רמי לוי,ES,פרורי לחם שומשום 200,גרמים,200.00,100 גרם,false,,3.50,0.0175,true,1,1357208
7290015835596,false,סירופ שוקולד רמי לוי,,,סירופ שוקולד רמי לוי,גרמים,700.00,100 גרם,false,,8.90,0.0127,true,1,1357516
7290015835619,false,גלילי וופל אגוזים רמ,מנעמים,IL,גלילי וופל אגוזים רמ,גרמים,100.00,100 גרם,false,,3.20,0.0320,true,1,1357089
7290015835626,false,גלילי וופל שוקולד רמ,מנעמים,IL,גלילי וופל שוקולד רמ,גרמים,100.00,100 גרם,false,,3.20,0.0320,true,1,1357090
7290015835633,false,"וופל טעם שוקולד רמי לוי 1 ק""ג",,,וופל טעם שוקולד רמי,גרמים,250.00,100 גרם,false,,14.90,0.0596,true,1,1357091
7290015835756,false,שיבולת שועל דק רמי לוי 500 גרם,רמי לוי,,שיבולת שועל דק רמי ל,גרמים,500.00,100 גרם,false,,4.50,0.0090,true,1,1356980
7290015835763,false,שיבולת שועל עבה רמי לוי 500 גרם,רמי לוי,,שיבולת שועל עבה רמי,גרמים,500.00,100 גרם,false,,4.50,0.0090,true,1,1356981
7290015835817,false,אטריות דקיקות 400 גרם רמי לוי,רמי לוי,,אטריות דקיקות 400 גר,גרמים,400.00,100 גרם,false,,4.50,0.0113,true,1,1357111
7290015835824,false,אטריות דקות 400 גרם רמי לוי,רמי לוי,,אטריות דקות 400 גרם,גרמים,400.00,100 גרם,false,,4.50,0.0113,true,1,1357112
7290015835930,false,מגבות נייר רמי לוי 8 יח,רמי לוי,,מגבות מטבח רמי לוי 8,יח',1.00,יח',false,,13.50,13.5000,true,1,1339817
7290015835947,false,נייר טואלט רמי לוי 40 יח,רמי לוי,,נייר טואלט רמי לוי 4,יח',1.00,יח',false,,35.90,35.9000,true,1,1339818
7290015835954,false,מפיות נייר רמי לוי 100 יח,רמי לוי,,מפיות נייר רמי לוי 1,יח',1.00,יח',false,,4.90,4.9000,true,1,1339819
7290015835961,false,נייר טואלט חתוך 800 יח רמי לוי,,,נייר טואלט חתוך 800,יח',800.00,יח',false,,17.90,0.0224,true,1,3863116
7290015835978,false,ממחטות מארז חמישייה רמי לוי,רמי לוי,,ממחטות מארז חמישייה,יח',1.00,יח',false,,11.80,11.8000,true,1,1339820
7290015855143,false,שיני שום קלופות בנספ,רעננים,,שום קלוף רננים א.אדמ,גרמים,230.00,100 גרם,false,,13.90,0.0604,true,1,1343309
7290015855228,false,אספרגוס א.אדמה,אדמה,,אספרגוס א.אדמה,גרמים,230.00,100 גרם,false,,27.90,0.1213,true,1,1343311
7290015856331,false,קרם קרקר חיטה מלאה 2,,,קרם קרקר חיטה מלאה 2,גרמים,250.00,100 גרם,false,,6.90,0.0276,true,1,3872912
7290015856348,false,קרם קרקר חיטה מלאה ו,,,קרם קרקר חיטה מלאה ו,גרמים,250.00,100 גרם,false,,6.90,0.0276,true,1,3872913
7290015856355,false,קרקר 110 גרם רמי לוי,,,קרקר 110 גרם רמי לוי,גרמים,110.00,100 גרם,false,,2.30,0.0209,true,1,3872914
7290015856362,false,קרקר 110 גרם רמי לוי,,,קרקר 110 גרם רמי לוי,גרמים,110.00,100 גרם,false,,2.30,0.0209,true,1,3872915
7290015856386,false,חטיפי קרקר שומשום 350ג רמילוי,,,חטיפי קרקר שומשום 35,גרמים,350.00,100 גרם,false,,6.90,0.0197,true,1,3872917
7290015856393,false,חטיפי קרקר מלח ים 350ג רמילוי,,,חטיפי קרקר מלח ים 35,גרמים,350.00,100 גרם,false,,6.90,0.0197,true,1,3872918
7290015856416,false,חטיפי קרקר בצל 350ג רמילוי,,,חטיפי קרקר בצל 350ג,גרמים,350.00,100 גרם,false,,6.90,0.0197,true,1,3872920
7290015856423,false,קרקר עם בצל 110ג רמילוי,,,קרקר עם בצל 110ג רמי,גרמים,110.00,100 גרם,false,,2.30,0.0209,true,1,3872921
7290015856430,false,דגדגים 200גר רמי לוי,,,דגדגים 200גר רמי לוי,גרמים,200.00,100 גרם,false,,4.50,0.0225,true,1,3872922
7290015856713,false,סנקסו חטיף אפונה אפוי עם אריסה 50 גרם,אפיפית נצרת (1971) ב,IL,חטיף אפונה אפוי עם א,גרמים,50.00,100 גרם,false,,4.90,0.0980,true,1,3883165
7290015856720,false,סנקסו חטיף אפונה אפוי עם זעתר 50 גרם,תות תעשיות מזון (201,IL,חטיף אפונה אפוי עם ז,גרמים,50.00,100 גרם,false,,4.90,0.0980,true,1,3883166
7290015856751,false,פירורי עוגיות אמריקאיות 250 גר',אפיפית,IL,פירורי ביסקויט קקאו,גרמים,250.00,100 גרם,false,,4.90,0.0196,true,1,3896560
7290015856768,false,פירורי עוגיות בטעם קרמל הדר 250 גרם,אפיפית,IL,פירורי ביסקויט טעם ק,גרמים,250.00,100 גרם,false,,4.90,0.0196,true,1,3896561
7290015856812,false,הבסקוויט של הקרמבו וניל הדר 200 גרם,אפיפית,IL,ביסקוויט של קרמבו טע,גרמים,200.00,100 גרם,false,,3.90,0.0195,true,1,3900299
7290015858106,false,"ממרח פסטו ביתי 180 גרם ""עללחם""","מדשא תעשיות מזון בע""\מ",IL,עללחם פסטו ביתי 180ג,גרמים,180.00,100 גרם,false,,15.90,0.0883,true,1,3869274
7290015858113,false,"ממרח עגבניות מיובשות 180 גרם ""טריטרי""","מדשא תעשיות מזון בע""\מ",IL,עללחם ממרח עגבניות מ,גרמים,180.00,100 גרם,false,,15.90,0.0883,true,1,3869275
7290015858144,false,ממרח ארטישוק עללחם 180 גרם,"מדשא תעשיות מזון בע""\מ",IL,עללחם ממרח ארטישוק 1,גרמים,180.00,100 גרם,false,,15.90,0.0883,true,1,3869276
7290015865722,false,קונפיטורת תות שדה לייט 400 גרם,ענבי ציון,IL,קונפיטורת תות שדה לי,גרמים,400.00,100 גרם,false,,19.70,0.0492,true,1,3903192
7290015865739,false,קונפיטורת אוכמניות לייט 400 גר,ענבי ציון,IL,קונפיטורת אוכמניות ל,גרמים,400.00,100 גרם,false,,19.70,0.0492,true,1,3903193
7290015888042,false,אורז בסמתי 'ריהן' 5ק'ג,ציימן לאל סטיה,,אורז בסמתי 'ריהן' 5ק,קילוגרמים,5.00,"ק""ג",false,,43.90,8.7800,true,1,3896676
7290015888301,false,שמן חמניות שוקחה 3 ל,אל אל סי פרייקלוטניא,FR,שמן חמניות 3 ליטר X,ליטרים,3.00,ליטר,false,,29.90,9.9667,true,1,3891289
7290015899093,false,תרסיס ניקוי נירוסטה 500 מל,,,תרסיס ניקוי נירוסטה,מיליליטרים,500.00,"100 מ""ל",false,,12.90,0.0258,true,1,3811432
7290015899109,false,תרסיס מבריק רהיטים רמילוי 300 מל,,,תרסיס מבריק רהיטים ר,מיליליטרים,300.00,"100 מ""ל",false,,8.90,0.0297,true,1,3871449
7290015899215,false,אקונומיקה ללא בישום רמי לוי 4 ליטר,רמי לוי,IL,אקונומיקה ללא בישום,ליטרים,4.00,ליטר,false,,8.90,2.2250,true,1,1356599
7290015899222,false,אקונומיקה מבושמת סמיכה רמי לוי 4 ליטר,רמי לוי,IL,אקונומיקה מבושמת סמי,ליטרים,4.00,ליטר,false,,9.90,2.4750,true,1,1356600
7290015899239,false,אקונומיקה מבושמת רמי לוי 4 ליטר,רמי לוי,IL,אקונומיקה מבושמת רמי,ליטרים,4.00,ליטר,false,,9.90,2.4750,true,1,1356601
7290015899246,false,מרכך צהוב רמי לוי 4 ליטר,רמי לוי,IL,מרכך צהוב רמי לוי 4,ליטרים,4.00,ליטר,false,,15.90,3.9750,true,1,1356602
7290015899253,false,מרכך כביסה ורוד רמי לוי 4 ליטר,רמי לוי,IL,מרכך כביסה ורוד רמי,ליטרים,4.00,ליטר,false,,15.90,3.9750,true,1,1356603
7290015899277,false,מרכך כביסה כחול רמי לוי 4 ליטר,רמי לוי,IL,מרכך כביסה כחול רמי,ליטרים,4.00,ליטר,false,,15.90,3.9750,true,1,1356605
7290015899291,false,מרכך מרוכז צהוב רמי לוי 1 ליטר,רמי לוי,IL,מרכך מרוכז צהוב רמי,ליטרים,1.00,ליטר,false,,9.50,9.5000,true,1,1356607
7290015899307,false,מרכך מרוכז ורוד רמי לוי 1 ליטר,רמי לוי,IL,מרכך מרוכז ורוד רמי,ליטרים,1.00,ליטר,false,,9.50,9.5000,true,1,1356608
7290015899314,false,מרכך מרוכז לבן רמי לוי 1 ליטר,רמי לוי,IL,מרכך מרוכז לבן רמי ל,ליטרים,1.00,ליטר,false,,9.50,9.5000,true,1,1356609
7290015899338,false,"מבשם כביסה לבן רמי לוי 500 מ""ל",רמי לוי,IL,מבשם כביסה לבן רמי ל,מיליליטרים,500.00,"100 מ""ל",false,,10.90,0.0218,true,1,1356611
7290015899345,false,"מבשם כביסה ורוד רמי לוי 500 מ""ל",רמי לוי,IL,מבשם כביסה ורוד רמי,מיליליטרים,500.00,"100 מ""ל",false,,10.90,0.0218,true,1,1356612
7290015899352,false,"מבשם כביסה כחול רמי לוי 500 מ""ל",רמי לוי,IL,מבשם כביסה כחול רמי,מיליליטרים,500.00,"100 מ""ל",false,,10.90,0.0218,true,1,1356613
7290015899406,false,נוזל רצפות כחול רמי לוי 4 ליטר,רמי לוי,IL,נוזל רצפות כחול רמי,ליטרים,4.00,ליטר,false,,11.90,2.9750,true,1,1356614
7290015899413,false,נוזל רצפות ורוד רמי לוי 4 ליטר,רמי לוי,IL,נוזל רצפות ורוד רמי,ליטרים,4.00,ליטר,false,,11.90,2.9750,true,1,1356615
7290015899420,false,נוזל רצפות סגול רמי לוי 4 ליטר,רמי לוי,IL,נוזל רצפות סגול רמי,ליטרים,4.00,ליטר,false,,11.90,2.9750,true,1,1356616
7290015899437,false,נוזל רצפות ירוק רמי לוי 4 ליטר,רמי לוי,IL,נוזל רצפות ירוק רמי,ליטרים,4.00,ליטר,false,,11.90,2.9750,true,1,1356617
7290015899475,false,מילוי למטהר אויר אוטמטי 250 מל,,,מילוי למטהר אויר אוט,יח',1.00,יח',false,,8.90,8.9000,true,1,3894771
7290015899482,false,מילוי למטהר אויר אוטמטי 250 מל,,,מילוי למטהר אויר אוט,יח',1.00,יח',false,,8.90,8.9000,true,1,3894772
7290015899499,false,מילוי למטהר אויר אוטמטי 250 מל,,,מילוי למטהר אויר אוט,יח',1.00,יח',false,,8.90,8.9000,true,1,3894773
7290015951227,false,"יין גמלא השמורה סירה 2021 750 מ""ל",מיוצר וממולא על ידי יקב,IL,גמלא סירה 2017 750מל,מיליליטרים,750.00,"100 מ""ל",false,,61.90,0.0825,true,1,3890449
7290015951869,false,"יין הר חרמון רוזה 750 מ""ל",מיוצר וממולא על ידי יקב,IL,הר חרמון רוזה,מיליליטרים,750.00,"100 מ""ל",false,,29.90,0.0399,true,1,3871964
7290015994064,false,"בורגול רמי לוי 1 ק""ג",רמי לוי,IL,"בורגול רמי לוי 1 ק""ג",גרמים,1000.00,100 גרם,false,,6.30,0.0063,true,1,1357170
7290015994071,false,"גרישה רמי לוי 1 ק""ג",רמי לוי,IL,"גרישה רמי לוי 1 ק""ג",גרמים,1000.00,100 גרם,false,,6.90,0.0069,true,1,1357171
7290015994088,false,"גריסי פנינה רמי לוי 1 ק""ג",רמי לוי,IL,גריסי פנינה רמי לוי,100 קג,1.00,100 קג,false,,6.30,6.3000,true,1,1357172
7290015994095,false,"חומוס גדול רמי לוי 1 ק""ג",סוגת,IL,חומוס גדול רמי לוי 1,גרמים,1000.00,100 גרם,false,,12.90,0.0129,true,1,1357173
7290015994118,false,"חיטה רמי לוי 1 ק""ג",רמי לוי,IL,"חיטה רמי לוי 1 ק""ג",גרמים,1000.00,100 גרם,false,,5.90,0.0059,true,1,1357174
7290015994149,false,"פופקורן רמי לוי 1 ק""ג",רמי לוי,IL,"פופקורן רמי לוי 1 ק""",גרמים,1000.00,100 גרם,false,,9.20,0.0092,true,1,1357177
7290015994156,false,"שעועית לבנה רמי לוי 1 ק""ג",רמי לוי,IL,שעועית לבנה רמי לוי,גרמים,1000.00,100 גרם,false,,11.50,0.0115,true,1,1357178
7290015994163,false,"שעועית אדומה רמי לוי 1 ק""ג",רמי לוי,IL,שעועית אדומה רמי לוי,גרמים,1000.00,100 גרם,false,,13.90,0.0139,true,1,1357179
7290015994705,false,קינמוני 500 גר רמילו,,,קינמוני 500 גר רמילו,גרמים,500.00,100 גרם,false,,10.90,0.0218,true,1,3480289
7290015994712,false,צדפוני שוקולד 500 גר רמילוי,,,צדפוני שוקולד 500 גר,גרמים,500.00,100 גרם,false,,10.90,0.0218,true,1,3480307
7290015994729,false,כדורוני 500 גר רמילו,,,כדורוני 500 גר רמילו,גרמים,500.00,100 גרם,false,,10.90,0.0218,true,1,3480308
7290015994736,false,גלגלוני 500 גר רמילוי,,,גלגלוני 500 גר רמילו,גרמים,500.00,100 גרם,false,,10.90,0.0218,true,1,3480309
7290015994767,false,"אפונה רמי לוי 1 ק""ג",רמי לוי,IL,"אפונה רמי לוי 1 ק""ג",גרמים,1000.00,100 גרם,false,,6.90,0.0069,true,1,1357180
7290015994774,false,"חומוס לבן ענק רמי לוי 1 ק""ג",רמי לוי,IL,חומוס לבן ענק רמי לו,100 קילו,1.00,100 קילו,false,,17.90,17.9000,true,1,1357181
7290015994781,false,"עדשים ירוקות רמי לוי 1 ק""ג",רמי לוי,IL,עדשים ירוקות רמי לוי,גרמים,1000.00,100 גרם,false,,10.50,0.0105,true,1,1357182
7290015994798,false,נוזל רצפות דוחה חרקי,קומפלקס,IL,נוזל רצפות דוחה חרקי,ליטרים,2.00,ליטר,false,,9.90,4.9500,true,1,1357240
7290015994811,false,"מסיר שומנים מרסס רמי לוי 750מ""ל",קומפלקס,IL,מסיר שומנים מרסס רמי,מיליליטרים,750.00,"100 מ""ל",false,,9.90,0.0132,true,1,1357242
7290015994835,false,רהיט ספריי 750 רמי לוי,קומפלקס,IL,רהיט ספריי 750 רמי ל,מיליליטרים,750.00,"100 מ""ל",false,,13.00,0.0173,true,1,1357244
7290015994842,false,ניקוי כללי רמי לוי 4 ליטר,קומפלקס,IL,ניקוי כללי רמי לוי 4,ליטרים,4.00,ליטר,false,,14.50,3.6250,true,1,1357245
7290015996754,false,סוכרזית סטיוויה 300 טבליות,אף.סי תבליני בגליל ב,IL,סוכרזית סטיוויה 300,300 יח',1.00,300 יח',false,,35.90,35.9000,true,1,3130148
7290016006292,false,נקטר מנגו בננה מלון קרטונית 1 ל' ספרינג,יפאורה שותפות מובגלת לשיווק,IL,נקטר ספרינג 1 ליטר מ,ליטרים,1.00,ליטר,false,,6.50,6.5000,true,1,1489906
7290016006339,false,מים מינרלים - מארז רביעייה,"מופק ממקור בזלתי עדן ,1",IL,מי עדן רביעייה 1 לי,ליטרים,4.00,ליטר,false,,10.90,2.7250,true,1,1569125
7290016006346,false,שוופס סודה 0.5 ליטר מארז שישייה,יפאורה שותפות מובגלת לשיווק,IL,שוופס סודה שישייה 50,ליטרים,3.00,ליטר,false,,13.90,4.6333,true,1,1373145
7290016083088,false,"אריאל כשל""פ- זיווה גבינה 500 גר'",מאפיית אריאל,IL,"זיווה כשל""פ 500 ג",גרמים,500.00,100 גרם,false,,21.90,0.0438,true,1,3893424
7290016083996,false,פיצה מרגריטה 400 גרם,,,פיצה מרגריטה 400 גרם,גרמים,400.00,100 גרם,false,,24.90,0.0622,true,1,3893425
7290016087116,false,רוטב עגבניות מתובל לפסטה 240 ג',פריניר,IL,רוטב עגבניות מתובל ל,גרמים,240.00,100 גרם,false,,4.90,0.0204,true,1,3323690
7290016087123,false,רוטב מתובל לפסטה בסגנון קלאסי פריניר 240 גרם,פריניר,IL,רוטב עגבניות מתובל ל,גרמים,240.00,100 גרם,false,,4.90,0.0204,true,1,3323691
7290016087147,false,רוטב עגבניות לפיצה מרגריטה 240 ג' פריניר,פריניר,IL,רוטב עגבניות מתובל ל,גרמים,240.00,100 גרם,false,,4.90,0.0204,true,1,3323692
7290016087208,false,עגבניות מרוסקות מרוכזות ובזיליקום 230 גרם פריניר,פריניר,IL,עגבניות מרוסקות בזיל,גרמים,230.00,100 גרם,false,,4.90,0.0213,true,1,3595270
7290016087222,false,רוטב עגבניות מרוכז לשקשוקה פריניר 230 גרם,פריניר ( הדס 1987) ב,IL,רוטב עגבניות לשקשוקה,גרמים,230.00,100 גרם,false,,4.90,0.0213,true,1,3595272
7290016087239,false,רוטב עגבניות מרוכז לשקשוקה פיקנטי פריניר 230 גרם,פריניר,IL,רוטב עגבניות לשקשוקה,גרמים,230.00,100 גרם,false,,4.90,0.0213,true,1,3595273
7290016087468,false,עגבניות מקולפות במיץ,,,עגבניות מקולפות במיץ,יח',1.00,יח',false,,3.50,3.5000,true,1,3889135
7290016087482,false,שלישייה קוביות עגבני,,,שלישייה קוביות עגבני,גרמים,600.00,100 גרם,false,,9.90,0.0165,true,1,3892469
7290016087499,false,פריניר עגבניות חתוכות דק שלישיה 3 * 400 גרם,פריניר ) הדס (1987 בעמ,IL,עגבניות חתוך דק שליש,גרמים,720.00,100 גרם,false,,9.90,0.0138,true,1,3867719
7290016087543,false,זיתים ירוקים נטולי גלעין,פריניר,IL,זיתים ירוקים נטולי ג,גרמים,200.00,100 גרם,false,,4.90,0.0245,true,1,3903389
7290016087550,false,מלפפונים במלח קטנים מאוד 8-12,"פריניר(הדס 1987) בע""",IL,מלפפונים במלח קטנים,גרמים,200.00,100 גרם,false,,4.90,0.0245,true,1,3903390
7290016087574,false,זית ירוקים ללא גלעין390ג,פריניר,IL,זיתים ירוקים נטולי ג,גרמים,390.00,100 גרם,false,,5.90,0.0151,true,1,3892470
7290016087581,false,זיתים ירוקים טבעות 390 ג,פריניר,IL,זיתים ירוקים טבעות A,יח',1.00,יח',false,,5.90,5.9000,true,1,3892471
7290016096415,false,רביעיית טונה בשמן צמ,,,רביעיית טונה בשמן צמ,גרמים,448.00,100 גרם,false,,19.90,0.0444,true,1,2086858
7290016096590,false,רביעיית טונה במים רמי לוי 112 גרם,,,רביעיית טונה במים רמ,גרמים,448.00,100 גרם,false,,19.80,0.0442,true,1,2086862
7290016096743,false,שלישיית טונה בשמן קנ,,,שלישיית טונה בשמן קנ,גרמים,240.00,100 גרם,false,,9.90,0.0413,true,1,3880805
7290016096798,false,רביעיית טונה בשמן זי,,,רביעיית טונה בשמן זי,גרמים,448.00,100 גרם,false,,25.90,0.0578,true,1,3871996
7290016096941,false,רביעיית טונה בשמן (חתם סופר) רמילוי,,,רביעיית טונה בשמן (ח,גרמים,632.00,100 גרם,false,,19.90,0.0315,true,1,3903131
7290016096958,false,רביעיית טונה ש. קנולה (חתם סופר) רמילוי,,,רביעיית טונה ש. קנול,גרמים,632.00,100 גרם,false,,19.90,0.0315,true,1,3903132
7290016096965,false,רביעיית טונה במי מלח (חתם סופר) רמי לוי,,,רביעיית טונה במי מלח,גרמים,632.00,100 גרם,false,,19.90,0.0315,true,1,3901927
7290016104813,false,"סירופ מלבי 750 מ""ל",,,סירופ מלבי 750 מל,מיליליטרים,750.00,"100 מ""ל",false,,14.90,0.0199,true,1,2793612
7290016106213,false,"שוקולד מריר שברי אגוזים בד""ץ טעמן",אלבה שוקולד,CH,שוקולד מריר שברי אגו,גרמים,100.00,100 גרם,false,,7.90,0.0790,true,1,1328948
7290016114300,false,נייר טואלט דו שכבתי אורך כפול לבן לילי 16 גלילים,לילי נייר טואלט חוגלה,IL,נייר טואלט לילי לבן,יח',16.00,יח',false,,32.90,2.0562,true,1,1885137
7290016117363,false,ברזלית צילינדר 5יח רמילוי,,,ברזלית צילינדר 5יח ר,יח',1.00,יח',false,,7.20,7.2000,true,1,3880902
7290016117370,false,נקי לשבת WOW רמילוי,,,נקי לשבת WOW רמילוי,יח',1.00,יח',false,,6.90,6.9000,true,1,3884176
7290016135718,false,כוס אימון לתינוק 150מל+ ידית רמילוי,,,כוס אימון לתינוק 150,יח',1.00,יח',false,,14.90,14.9000,true,1,3087918
7290016136692,false,משחת שיניים הגנה משולשת מנטה מרענן- שלישייה,גלקסוסמיתקליין,SK,אקווה פרש שלישיה מנט,מטרים,100.00,100 מ'ל,false,,16.90,0.1690,true,1,1720305
7290016136708,false,משחת שיניים הגנה משולשת מנטה עדין- שלישייה,גלקסוסמיתקליין,SK,אקווה פרש שלישיה עדי,מיליליטרים,300.00,"100 מ""ל",false,,16.90,0.0563,true,1,1720306
7290016136722,false,פתיתים פנה ללא גלוטן 340 גרם גי פרי,אורגרן הלס אנד ניצר,AU,פסטה פנה ללא גלוטן 3,גרמים,340.00,100 גרם,false,,13.90,0.0409,true,1,2358322
7290016136739,false,GFREE פתיתי פוזילי על בסיס קמח תירס וקמח,malino andriani,IT,פסטה פוזילי ללא גלוט,גרמים,340.00,100 גרם,false,,13.90,0.0409,true,1,2358229
7290016136746,false,איטריות מקלונים ללא גלוטן 340 גר גי פרי,אורגרן הלס אנד ניצר,IT,ספגטי ללא גלוטן 340,גרמים,340.00,100 גרם,false,,13.90,0.0409,true,1,2358323
7290016144000,false,"קמח חיטה מלאה נפלאות 80% 1 ק""ג","קמח מלכים בע""\מ",IL,קמח חיטה מלאה 80% 1ק,יח',1.00,יח',false,,8.90,8.9000,true,1,3875324
7290016144017,false,"קמח מלא נפלאות 100% ללא ניפוי 1 ק""ג",קמח מלכים,IL,קמח חיטה מלאה 100%,יח',1.00,יח',false,,8.90,8.9000,true,1,3875325
7290016144024,false,"קמח כוסמין מלא נפלאות 100% 1 ק""ג","קמח מלכים בע""מ",IL,קמח כוסמין מלא 100%,יח',1.00,יח',false,,14.90,14.9000,true,1,3875326
7290016144031,false,קמח חיטה לבן מנופה נפלאות,קמח מלכים,IL,קמח חיטה לבן מנופה,יח',1.00,יח',false,,6.90,6.9000,true,1,3875327
7290016144048,false,"קמח כוסמין לבן נפלאות 1 ק""ג","קמח מלכים בע""מ",IL,קמח כוסמין לבן,יח',1.00,יח',false,,16.90,16.9000,true,1,3875328
7290016144055,false,קמח כוסמין בהיר 80%-נפלאות,קמח מלכים,IL,קמח כוסמין 80%,יח',1.00,יח',false,,14.90,14.9000,true,1,3875329
7290016162219,false,כדורי שוקולד קוקוס קפולסקי 280 גר',תופינים מקבוצת קפולסקי,IL,כדורי שוקולד פרווה 2,גרמים,280.00,100 גרם,false,,19.90,0.0711,true,1,1358159
7290016162233,false,עוגיות ממולאות סוגים שונים 200 גרם קפולסקי,קפולסקי,IL,עוגיות דיזרט פרמיום,גרמים,240.00,100 גרם,false,,19.90,0.0829,true,1,1358161
7290016162264,false,עוגת גבינה רנסנס קפולסקי 450 גרם,קפולסקי שיווק וקמעונ,IL,עוגת גבינה רנסנס 450,גרמים,450.00,100 גרם,false,,29.90,0.0664,true,1,1358164
7290016188585,false,GIACOBAZZI למברוסקו רוזה חצי יבש יקבי כרמל,יקב גאקובזי,IT,למברוסקו רוזה יקבי כ,מיליליטרים,750.00,"100 מ""ל",false,,22.90,0.0305,true,1,1339513
7290016188592,false,GIACOBAZZI למברוסקו אדום חצי יבש יקבי כרמל,"כד בני דרום בע""מ",IT,למברוסקו אדום יקבי כ,מיליליטרים,750.00,"100 מ""ל",false,,22.90,0.0305,true,1,1339514
7290016188608,false,GIACOBAZZI למברוסקו לבן חצי יבש יקבי כרמל,יקב גאקובזי,IT,למברוסקו לבן יקבי כר,מיליליטרים,750.00,"100 מ""ל",false,,22.90,0.0305,true,1,1339515
7290016197488,false,מטליות מיקרופייבר למשטחים ניקול 3יח',חוגלה קימברלי,CN,מטלית קסם לשיש שלישי,יח',3.00,יח',false,,9.90,3.3000,true,1,1337965
7290016197495,false,ניקול זוג מטליות הקסם מיקרופייבר לרצפה,חוגלה קימברלי,CN,מטלית קסם לרצפה זוג,יח',2.00,יח',false,,15.60,7.8000,true,1,1337966
7290016197617,false,תחבושת לנשים אקסטרה דיפנד 10 יחידות,קימברלי קלארק,VN,תחבושות דיפנד 10 יח,יח',10.00,יח',false,,16.90,1.6900,true,1,1640835
7290016197624,false,תחבושות לנשים סופר דיפנד 8 יחידות,קימברלי קלארק,VN,תחבושות דיפנד 8 יח,יח',1.00,יח',false,,16.90,16.9000,true,1,1640836
7290016197839,false,ניקול השקית החזקה 20 יח' XL,"אשפלסט תעשיות בע""מ",IL,השקית החזקה XL ניקול,2 יח',10.00,2 יח',false,,19.90,1.9900,true,1,1337967
7290016233384,false,גפילטע פיש 7 קציצות תומר 555 גרם,דג טעים ירושלים,IL,גפילטא פיש 7 קציצות,גרמים,550.00,100 גרם,false,,14.50,0.0264,true,1,3892026
7290016233995,false,שימורי אנשובי עם שמן זית 45 ג' תומר,אינוורסינס פריסקו,PE,אנשובי פח עם שמן זית,גרמים,45.00,100 גרם,false,,4.90,0.1089,true,1,3867067
7290016234008,false,פילה אנשובי שמן זית תומר צנצנת 100 גרם,אינוורסינס פריסקו,PE,אנשובי צנצנת שמןזית,גרמים,100.00,100 גרם,false,,9.90,0.0990,true,1,3867068
7290016246209,false,"חטיף חלבה וניל 100 גרם ""בארכה""","רושדי תעשיות מזון בע""\מ",IL,בארכה חטיף חלבה וניל,גרמים,100.00,100 גרם,false,,3.80,0.0380,true,1,2608389
7290016255324,false,פותח סתימות 1לי רמי לוי,,,פותח סתימות 1לי רמי,100 קילו,100.00,100 קילו,false,,12.90,0.1290,true,1,3835862
7290016255737,false,מרכך כביסה סגול רמילוי 4 ליט,,,מרכך כביסה סגול רמיל,ליטרים,4.00,ליטר,false,,15.90,3.9750,true,1,3731239
7290016255744,false,מרכך כביסה ירוק רמילוי 4 ליט,,,מרכך כביסה ירוק רמיל,ליטרים,4.00,ליטר,false,,15.90,3.9750,true,1,3731263
7290016270709,false,עגבניות שרי אשכולות,ביכורי השקמה,IL,עגבניות שרי 460 ג,גרמים,460.00,100 גרם,false,,3.30,0.0072,true,1,2332656
7290016272017,false,זיתים ירוקים מנזלינו גדול 340 גר,,,זיתים ירוקים מנזלינו,גרמים,340.00,100 גרם,false,,7.50,0.0221,true,1,2202567
7290016272024,false,סורי מבוקע 340 גר,,,סורי מבוקע 340 גר,גרמים,340.00,100 גרם,false,,8.90,0.0262,true,1,2202568
7290016272031,false,חרוזית ירוק ללא גלעין 275 גר רמי לוי,,,חרוזית ירוק ללא גלעי,גרמים,275.00,100 גרם,false,,7.90,0.0287,true,1,2202569
7290016272048,false,טבעות זיתים ירוקים 275 גר רמי לוי,,,טבעות זיתים ירוקים 2,גרמים,275.00,100 גרם,false,,7.90,0.0287,true,1,2202570
7290016272055,false,טבעות מושחר 275 גר,,,טבעות מושחר 275 גר,גרמים,275.00,100 גרם,false,,7.50,0.0273,true,1,2202571
7290016272062,false,חרוזית שחור 275 גרם רמי לוי,,,חרוזית שחור 275 גרם,גרמים,275.00,100 גרם,false,,7.50,0.0273,true,1,2202572
7290016272079,false,מבוקע פיקנטי 340 גר,,,מבוקע פיקנטי 340 גר,גרמים,340.00,100 גרם,false,,7.50,0.0221,true,1,2202573
7290016272147,false,ביסקויט חצי מצופה רמי לוי,הדר,IL,ביסקויט חצי מצופה רמ,גרמים,175.00,100 גרם,false,,5.50,0.0314,true,1,1681598
7290016272154,false,ביסקויט מתוק גן חיות רמי לוי 200 גרם,הדר,IL,ביסקויט מתוק גן חיות,גרמים,200.00,100 גרם,false,,3.50,0.0175,true,1,1681599
7290016272161,false,קרם קרקר רמי לוי 250 גרם,הדר,IL,קרקר קרם רמי לוי 250,גרמים,250.00,100 גרם,false,,6.90,0.0276,true,1,1681600
7290016272178,false,עוגיות שוקוצ'יפס רמי לוי 150 גרם,,,עוגיות שוקוצ'יפס רמי,גרמים,150.00,100 גרם,false,,4.90,0.0327,true,1,1560314
7290016272444,false,"מסיר כתמים רמי לוי 750 מ""ל",קומפלקס,IL,מסיר כתמים רמי לוי 7,מיליליטרים,750.00,"100 מ""ל",false,,9.30,0.0124,true,1,1787878
7290016272468,false,גביעי גלידה אמריקאי,גילרו,IL,גביעי גלידה אמריקאי,100 יח',24.00,100 יח',false,,6.90,0.2875,true,1,1536738
7290016272475,false,גביעי גלידה מגולגלים רמי לוי 12 יח,גילרו,IL,גביעי גלידה מגולגלים,גרמים,132.00,100 גרם,false,,7.90,0.0598,true,1,1536739
7290016272482,false,גביעי גלידה רמי לוי 30 יח,גילרו,IL,גביעי גלידה רמי לוי,גרמים,115.00,100 גרם,false,,6.50,0.0565,true,1,1536740
7290016272505,false,וופלים בלגי לימון רמי לוי 200 גרם,גילרו,IL,וופלים בלגי לימון רמ,גרמים,200.00,100 גרם,false,,2.90,0.0145,true,1,1536742
7290016272512,false,"וופל בלגי שוקו לל""ס רמי לוי 200 גרם",גילרו,IL,"וופל בלגי שוקו לל""ס",גרמים,200.00,100 גרם,false,,5.90,0.0295,true,1,1536743
7290016272758,false,סט מברשת מסרק לתינוק,,,סט מברשת מסרק לתינוק,יח',1.00,יח',false,,11.90,11.9000,true,1,2176432
7290016272796,false,נייר טואלט רמי לוי 30 יח,,,נייר טואלט רמי לוי 3,יח',30.00,יח',false,,26.90,0.8967,true,1,1640870
7290016272802,false,מגבות נייר רמי לוי 6,,,מגבות רמי לוי 6 יח,יח',6.00,יח',false,,9.90,1.6500,true,1,1640871
7290016272819,false,צמר גפן רמי לוי 100,,,צמר גפן 100 גר,גרמים,100.00,100 גרם,false,,5.10,0.0510,true,1,1869836
7290016272826,false,צמר גפן כדורים צבעוני,,,צמר גפן כדורים צבעונ,יח',1.00,יח',false,,5.10,5.1000,true,1,1869837
7290016272833,false,פדים קוסמטיים 80 יח,,,פדים קוסמטיים 80 יח,יח',80.00,יח',false,,5.10,0.0637,true,1,1869838
7290016272840,false,רצועות שעווה 50 יח,,,רצועות שעווה 50 יח,יח',50.00,יח',false,,12.50,0.2500,true,1,1869839
7290016272871,false,מחלק מנות רמי לוי,,,מחלק מנות רמי לוי,יח',1.00,יח',false,,9.90,9.9000,true,1,2743033
7290016272925,false,שקדי מרק רמי לוי 400 גרם,רמי לוי,IL,שקדי מרק רמי לוי 400,גרמים,400.00,100 גרם,false,,6.90,0.0173,true,1,1991372
7290016272949,false,בקבוק לתינוק מארז שלישייה,,,בקבוק לתינוק מארז של,יח',1.00,יח',false,,16.90,16.9000,true,1,2105102
7290016272963,false,מוצצים פטמה אובלית 0-6 רמילוי,,,מוצצים פטמה אובלית 0,יח',1.00,יח',false,,17.90,17.9000,true,1,3087919
7290016272987,false,כוס שתיה לתינוק + ידית רמילוי,,,כוס שתיה לתינוק + יד,יח',1.00,יח',false,,16.90,16.9000,true,1,3087921
7290016273007,false,דקדקים שטוח מלח 200ג רמילוי,,,דקדקים שטוח מלח 200ג,גרמים,200.00,100 גרם,false,,6.50,0.0325,true,1,3306118
7290016273014,false,דקדקים שטוח שומשום 200ג רמילוי,,,דקדקים שטוח שומשום 2,גרמים,200.00,100 גרם,false,,6.50,0.0325,true,1,3306119
7290016273021,false,דקדקים שטוח שומשום לבן 200ג רמילוי,,,דקדקים שטוח שומשום ל,גרמים,200.00,100 גרם,false,,6.50,0.0325,true,1,3306120
7290016273281,false,שמן קנולה מועשר 1 לי,,,שמן קנולה מועשר 1 לי,ליטרים,1.00,ליטר,false,,11.90,11.9000,true,1,3176218
7290016273311,false,חומץ בלסמי 500 מל רמ,,,חומץ בלסמי 500 מל רמ,מיליליטרים,500.00,"100 מ""ל",false,,16.90,0.0338,true,1,3831630
7290016273328,false,חומץ יין לבן 500 מל,,,חומץ יין לבן 500 מל,מיליליטרים,500.00,"100 מ""ל",false,,10.90,0.0218,true,1,3831631
7290016273335,false,חומץ יין אדום 500 מל,,,חומץ יין אדום 500 מל,מיליליטרים,500.00,"100 מ""ל",false,,10.90,0.0218,true,1,3831632
7290016273359,false,חומץ יין לבן 500 מל רמי לוי,,,חומץ יין לבן 500 מל,מיליליטרים,500.00,"100 מ""ל",false,,10.90,0.0218,true,1,3831609
7290016273397,false,קרוטונים אפויים לסלט 400 גר רמילוי,,,קרוטונים אפויים לסלט,גרמים,400.00,100 גרם,false,,11.90,0.0298,true,1,3573581
7290016273410,false,שמן קנולה מועשר רמיל,,,שמן קנולה מועשר רמיל,ליטרים,1.00,ליטר,false,,11.90,11.9000,true,1,3578736
7290016273427,false,שמן חמניות מועשר רמי,,,שמן חמניות מועשר רמי,יח',1.00,יח',false,,11.90,11.9000,true,1,3578737
7290016273519,false,קרם גוף לתינוק 480 מל רמילוי,,,קרם גוף לתינוק 480 מ,מיליליטרים,480.00,"100 מ""ל",false,,16.90,0.0352,true,1,3862673
7290016273533,false,פריכיות דקות אורז מלא וקצח 100גר רמילוי,,,פריכיות דקות אורז מל,גרמים,100.00,100 גרם,false,,6.50,0.0650,true,1,3480311
7290016273540,false,"פריכיות דקות אורז מלא לל""מ 100גר רמילוי",,,פריכיות דקות אורז מל,גרמים,100.00,100 גרם,false,,6.50,0.0650,true,1,3480312
7290016273557,false,פריכיות דקות אורז מלא 100גר רמילוי,,,פריכיות דקות אורז מל,גרמים,100.00,100 גרם,false,,6.50,0.0650,true,1,3480313
7290016273588,false,פלפל קלוי 400 גרם רמי לוי,,,פלפל קלוי 400 גרם רמ,גרמים,400.00,100 גרם,false,,9.90,0.0248,true,1,3689956
7290016273601,false,דבש לחיץ 500 גר רמי לוי,,,דבש לחיץ 500 גר רמי,גרמים,500.00,100 גרם,false,,23.90,0.0478,true,1,3357175
7290016273694,false,נר נשמה זכוכית 48 שעות,,,נר נשמה זכוכית 48 שע,יח',1.00,יח',false,,3.90,3.9000,true,1,3522933
7290016273700,false,נר נשמה זכוכית 72 שעות,,,נר נשמה זכוכית 72 שע,יח',1.00,יח',false,,4.70,4.7000,true,1,3522934
7290016273922,false,פת קרקר 7 דגנים 340גר רמי לוי,,,פת קרקר 7 דגנים 340ג,גרמים,340.00,100 גרם,false,,9.90,0.0291,true,1,3835915
7290016273939,false,פת קרקר סגנון שוודי 340גר רמי לוי,,,פת קרקר סגנון שוודי,גרמים,340.00,100 גרם,false,,9.90,0.0291,true,1,3835916
7290016277753,false,חטיפי דגנים עם אגוזים 150 גרם רמי לוי,,,חטיפי דגנים עם אגוזי,גרמים,150.00,100 גרם,false,,8.90,0.0593,true,1,2885115
7290016277890,false,מעדן פרי תות רמי לוי 284 גר,,,מעדן פרי תות רמי לוי,גרמים,284.00,100 גרם,false,,8.90,0.0313,true,1,2148997
7290016277906,false,מעדן פרי אפרסק רמי ל,,,מעדן פרי אפרסק רמי ל,גרמים,284.00,100 גרם,false,,8.90,0.0313,true,1,2148998
7290016277913,false,מעדן פרי דובדבן רמי לוי 284 גר,,,מעדן פרי דובדבן רמי,גרמים,284.00,100 גרם,false,,8.90,0.0313,true,1,2148999
7290016277937,false,מעדן פרי משמש רמי לוי 284 גר,,,מעדן פרי משמש רמי לו,גרמים,284.00,100 גרם,false,,8.90,0.0313,true,1,2149001
7290016277944,false,מעדן פרי שזיף רמי לוי 284 גר,,,מעדן פרי שזיף רמי לו,גרמים,284.00,100 גרם,false,,8.90,0.0313,true,1,2149002
7290016277975,false,"מעדן פרי תפו""ע רמי ל",,,"מעדן פרי תפו""ע רמי ל",גרמים,284.00,100 גרם,false,,8.90,0.0313,true,1,2149005
7290016302042,false,מארז רביעיית סנדוויץ,,,מארז 4לחמניות פרנה,יח',1.00,יח',false,,10.00,10.0000,true,1,3891756
7290016302059,false,מארז לחמניות פרנה ביס 10 יח',פרנה בייקרי,,מארז 10 לחמניות ביס,גרמים,350.00,100 גרם,false,,10.00,0.0286,true,1,3891757
7290016319187,false,טוסו עוגיות סנדוויץ שוקו במילוי קרם שוקולד *זוג* 300 גרם,בטר אנד דיפרנט,IL,טוסו עוגיות סנדוויץ,גרמים,300.00,100 גרם,false,,16.90,0.0563,true,1,3886521
7290016319194,false,טוסו עוגיות סנדוויץ שוקו במילוי קרם וניל *זוג* 300 גרם,אפיפית,IL,טוסו עוגיות סנדוויץ,גרמים,300.00,100 גרם,false,,16.90,0.0563,true,1,3886522
7290016319200,false,טוסו עוגיות סנדוויץ' אוראו במילוי קרם וניל *זוג* 300 גרם,אפיפית,IL,מארז עוגיות אוראו,יח',1.00,יח',false,,16.90,16.9000,true,1,3886283
7290016321319,false,סבון נוזלי בניחוח אשכליות אדומה 1 ל' פמלי,אינטרקוסמא,TR,פמלי אל סבון אשכולית,מטרים,1000.00,100 מ'ל,false,,9.90,0.0099,true,1,3901480
7290016321326,false,סבון נוזלי בניחוח מנדרינה ולואיזה + משאבה 1 ל' פמלי,אינטרקוסמא,TR,פמלי אל סבון מנדרין,מטרים,1000.00,100 מ'ל,false,,9.90,0.0099,true,1,3900721
7290016321531,false,רצועות שעווה לגוף מגע הדבש אלוורה 12+3יח,שוורצקוף& הנקל דיסלד,IL,מגע המשי רצועות שעוו,יח',16.00,יח',false,,19.90,1.2437,true,1,3886523
7290016321661,false,פרש וואנס SENSITIVE מגבונים ללא בישום רביעייה 72 יחידות,עלבד משואות יצחק,IL,פרש וואנס רביעיה סנס,יח',4.00,יח',false,,15.80,3.9500,true,1,3870842
7290016321678,false,מגבונים לחים בניחוח מרענן עם תמציות קמומיל ואלוורה,עלבד משואות יצחק,IL,פרש וואנס רביעיה נטו,יח',4.00,יח',false,,15.80,3.9500,true,1,3870843
7290016321890,false,פרשוואנס נייר טואלט מתכלה למבוגרים -מארז שלישייה,עלבד משואות יצחק בעמ,IL,פרש וואנס מתכלת 1/3,יח',1.00,יח',false,,12.90,12.9000,true,1,3880390
7290016329261,false,סרקל מתיר קשרים ספריי רציףף 300 מ'ל,פישר מעבדות פרמצבטיות בע,IL,סרקל מתיר קשרים ספרי,מיליליטרים,300.00,"100 מ""ל",false,,29.90,0.0997,true,1,1723908
7290016329278,false,קמיל בלו מגבונים מילוי 64 יח רביעייה,פישר מעבדות פרמצבטיות בע,IL,מגבוני קמיל בלו 75 יח' מי,יח',4.00,יח',false,,19.90,4.9750,true,1,2247340
7290016329308,false,"ד""ר פישר - סרקל קרם רוזמרין לשיער מתולתל 325 מ""ל",פישר מעבדות פרמצבטיות בע,IL,סרקל קרם רוזמרין לשי,מיליליטרים,325.00,"100 מ""ל",false,,24.90,0.0766,true,1,2490289
7290016329315,false,סרקל ספריי מתיר קשרים לילדים לשיער מתולתל,פישר מעבדות פרמצבטיות בע,IL,סרקל ספריי מתיר קשרי,מיליליטרים,300.00,"100 מ""ל",false,,29.90,0.0997,true,1,2417037
7290016329674,false,קמיל בלו קרם פנים לתינוק לעור יבש במיוחד,פישר מעבדות פרמצבטיות בע,IL,קרם פנים קמיל בלו 75,100 מל,75.00,100 מל,false,,29.90,0.3987,true,1,2884895
7290016334036,false,עירית רמי לוי,,,עירית רמי לוי,יח',1.00,יח',false,,3.90,3.9000,true,1,3871415
7290016334050,false,סלרי חתוך,,,סלרי חתוך,יח',1.00,יח',false,,5.90,5.9000,true,1,1356582
7290016334166,false,לוף רגיל ארוז ליח,,,לוף רגיל ארוז,יח',1.00,יח',false,,5.90,5.9000,true,1,3871417
7290016334173,false,פלפל טינקרבל ארוז,קטיף.,IL,פלפלונים רמי לוי,יח',1.00,יח',false,,8.90,8.9000,true,1,2292176
7290016334180,false,מלפפון בייבי רמי לוי,,,מלפפון בייבי רמי לוי,יח',1.00,יח',false,,8.90,8.9000,true,1,2292177
7290016334296,false,ברוקולי ארוז מגשית,,,ברוקולי רמי לוי,יח',1.00,יח',false,,7.90,7.9000,true,1,2292178
7290016334388,false,פלפל צ'ילי רמי לוי,קטיף.,IL,פלפל צ'ילי רמי לוי,יח',1.00,יח',false,,5.90,5.9000,true,1,3833110
7290016334395,false,שיבה רמי לוי,,,שיבה רמי לוי,יח',1.00,יח',false,,4.90,4.9000,true,1,2110518
7290016334456,false,בזיליקום רמי לוי,,,בזיליקום רמי לוי,יח',1.00,יח',false,,3.90,3.9000,true,1,3871419
7290016334487,false,פלפל אדום יבש 200ג,ביכורי השקמה,,פלפל אדום יבש 200ג,יח',1.00,יח',false,,8.90,8.9000,true,1,2421406
7290016334500,false,לבבות חסה זוגות בשקי,,,זוג לבבות חסה,יח',1.00,יח',false,,8.90,8.9000,true,1,2909699
7290016334562,false,פלפל יבש חריף,ביכורי השקמה,,פלפל יבש חריף,יח',1.00,יח',false,,12.90,12.9000,true,1,2469764
7290016334654,false,תרד ניו זילנדי רמי לוי,,,תרד ניו זילנדי רמי ל,גרמים,370.00,100 גרם,false,,12.90,0.0349,true,1,3871428
7290016334883,false,עגבניות שרי תמר,,,עגבניות שרי תמר,יח',1.00,יח',false,,8.90,8.9000,true,1,3871433
7290016334890,false,עגבניות שרי ליקופן,,,עגבניות שרי ליקופן,יח',1.00,יח',false,,9.90,9.9000,true,1,3871434
7290016334906,false,עגבניות שרי מיקס,,,עגבניות שרי מיקס,יח',1.00,יח',false,,10.90,10.9000,true,1,3863741
7290016372342,false,עגבניות חתוך קוביות גראנד איטליה מארז 400X3ג',גרנד איטליה Grand Italia,IT,עגבניות חתוכות לקובי,גרמים,620.00,100 גרם,false,,16.90,0.0273,true,1,3514464
7290016372373,false,רסק עגבניות ללא תוספת סוכר ומלח - מארז זוג,גרנד איטליה Grand Italia,IT,רסק עגבניות 280 גר,גרמים,280.00,100 גרם,false,,6.80,0.0243,true,1,3514466
7290016372458,false,חליטת לימונית ולואיזה הגן הקסום ויסוצקי 50 יחידות,תה ויסוצקי,IL,הגן הקסום לימונית ול,יח',50.00,יח',false,,27.30,0.5460,true,1,3514408
7290016372489,false,ויסוצקי חליטת ג'ינג'ר ולימון סודות הצמחים 25 שקיקים,תה ויסוצקי,IL,חליטת ג'ינגר ולימון,יח',25.00,יח',false,,16.90,0.6760,true,1,3514469
7290016373035,false,ליצ'י שלם מקולף 567 גרם בסירופ קל,,IL,ליצ'י שלם מקולף 567,גרמים,567.00,100 גרם,false,,0.00,0.0000,true,1,2905731
7290016373622,false,שמן חמניות מועשר רמי,,,שמן חמניות מועשר רמי,יח',1.00,יח',false,,11.90,11.9000,true,1,3578740
7290016408119,false,טרליני כעכים בטעם קלאסי 225 גר' - בדץ,אפוליה פוד,IT,טרליני כעכים 225 גר,גרמים,225.00,100 גרם,false,,6.50,0.0289,true,1,1737820
7290016408294,false,"מרשמלו ורוד לבן וסטהיים 150 ג', 26 בקרטון",מנדלז סי.אר. פרודקשן,IL,מרשמלו ורוד לבן 150,גרמים,150.00,100 גרם,false,,4.50,0.0300,true,1,2328298
7290016408430,false,קרקר עם תערובת תבלינים כרמית 130 גרם,דנוויטה ג'\יי. אס. סי,LT,חטיף קרקר ותערובת תב,גרמים,130.00,100 גרם,false,,5.90,0.0454,true,1,2042964
7290016408836,false,מאגדת שוקולד חלב ללס 85X,כרמית,IL,מאגדת זוג שוקולד חלב,גרמים,170.00,100 גרם,false,,8.90,0.0524,true,1,3584141
7290016416961,false,מוס גבינה תות שדה קפולסקי 400 גרם,קפולסקי שיווק וקמעונ,IL,עוגת מוס גבינה תות ש,גרמים,400.00,100 גרם,false,,35.90,0.0897,true,1,2176103
7290016437591,false,קוטקס - תחתונים סופגים לנשים לאחר לידה מדיום 8 יח',חוגלה קימברלי,KR,תחתונים סופגים לנשים,יח',8.00,יח',false,,32.90,4.1125,true,1,3837730
7290016437645,false,חיתולי האגיס פרידום דריי pants מידה 5 34 יחידות,קימברלי קלארק צ'כיה,CZ,האגיס פרידום דריי פנ,יח',32.00,יח',false,,41.90,1.3094,true,1,2818792
7290016437652,false,חיתולי האגיס פרידום דריי pants מידה 6 30 יחידות,קימברלי קלארק צ'כיה,CZ,האגיס פרידום דריי פנ,יח',26.00,יח',false,,41.90,1.6115,true,1,2818793
7290016496208,false,פתיל צף עגול בינוני מוכן,שלהבת,IN,פתיל צף מוכן,יח',1.00,יח',false,,4.90,4.9000,true,1,2312387
7290016509786,false,פרסיל גל לכביסה לבנה וצבעונית-ירוק 2.5 ל,"הנקל סוד בע""\מ",IL,פרסיל ג'ל 2.5 ליטר י,ליטרים,2.50,ליטר,false,,32.90,13.1600,true,1,3870991
7290016509793,false,ג'ל לכביסה לבנה וצבעונית אריזת XL,"הנקל סוד בע""\מ",IL,פרסיל ג'ל לכביסה לבנ,ליטרים,4.00,ליטר,false,,39.90,9.9750,true,1,3870992
7290016509809,false,ג'ל מרוכז לכביסה קולור 2.5 ל' פרסיל,"הנקל סוד בע""\מ",IL,פרסיל ג'ל 2.5 ליטר ק,ליטרים,2.50,ליטר,false,,32.90,13.1600,true,1,3870993
7290016509816,false,ג'ל כביסה פרסיל קולור 4ל,"הנקל סוד בע""\מ",IL,פרסיל ג'ל 4 ליטר קול,ליטרים,4.00,ליטר,false,,39.90,9.9750,true,1,3870994
7290016509823,false,ג'ל לכביסה לבנה וצבעונית בניחוח רענן,"הנקל סוד בע""\מ",IL,פרסיל ג'ל 2.5 ליטר ב,ליטרים,2.50,ליטר,false,,32.90,13.1600,true,1,3870995
7290016509847,false,פרסיל ג'ל לכביסה כהה בלאק 2.5 ליטר,"הנקל סוד בע""\מ",IL,פרסיל ג'ל לכביסה כהה,ליטרים,2.50,ליטר,false,,32.90,13.1600,true,1,3865322
7290016510096,false,"הוואי שמפו מי קוקוס לשיער יבש 700 מ""ל",טרופיקל דגיל בעמ,IL,הוואי שמפו מי קוקוס,מיליליטרים,700.00,"100 מ""ל",false,,8.90,0.0127,true,1,3832318
7290016510102,false,"מרכך הוואי מי קוקוס 700 מ""ל",טרופיקל דגיל בעמ,IL,הוואי מרכך רגיל 700,מיליליטרים,700.00,"100 מ""ל",false,,8.90,0.0127,true,1,3832319
7290016510225,false,הוואי תחליב רחצה יוגורט וניל 700 מל,תאי פרזידנט פוד פאבל,IL,הוואי תחליב רחצה יוג,מיליליטרים,700.00,"100 מ""ל",false,,8.90,0.0127,true,1,3867032
7290016510232,false,"תחליב רחצה הוואי יוגורט קוקוס 700 מ""ל",תאי פרזידנט פוד פאבל,IL,הוואי תחליב רחצה יוג,מיליליטרים,700.00,"100 מ""ל",false,,8.90,0.0127,true,1,3867033
7290016510249,false,"הוואי - תחליב רחצה יוגורט שקדים 700 מ""ל",תאי פרזידנט פוד פאבל,IL,הוואי תחליב רחצה יוג,מיליליטרים,700.00,"100 מ""ל",false,,8.90,0.0127,true,1,3867034
7290016510263,false,הוואי תחליב רחצה רגעים יוקרתיים 700 מל,טרופיקל דגיל בעמ,IL,הוואי תחליב רחצה רגע,מיליליטרים,700.00,"100 מ""ל",false,,8.90,0.0127,true,1,3867035
7290016510287,false,"תחליב רחצה הוואי דבש אירוס זהוב 700 מ""ל",תאי פרזידנט פוד פאבל,IL,הוואי תחליב רחצה איר,מיליליטרים,700.00,"100 מ""ל",false,,8.90,0.0127,true,1,3867037
7290016510317,false,"הוואי תחליב רחצה לגבר פול פורס 700 מ""ל-מרכז",טרופיקל דגיל בעמ,IL,הוואי תחליב רחצה לגב,מיליליטרים,700.00,"100 מ""ל",false,,8.90,0.0127,true,1,3867040
7290016510324,false,"הוואי תחליב רחצה לגבר אריסטבבול 700 מ""ל",טרופיקל דגיל בעמ,IL,הוואי תחליב רחצה לגב,מיליליטרים,700.00,"100 מ""ל",false,,8.90,0.0127,true,1,3867041
7290016510331,false,"הוואי אל סבון לילדים בנות 700 מ""ל",טרופיקל דגיל,IL,הוואי תחליב רחצה לבנ,מיליליטרים,700.00,"100 מ""ל",false,,8.90,0.0127,true,1,3883124
7290016510348,false,"הוואי אל סבון לילדים בנים 700 מ""ל",טרופיקל דגיל,IL,הוואי תחליב רחצה לבנ,מיליליטרים,700.00,"100 מ""ל",false,,8.90,0.0127,true,1,3883255
7290016510430,false,"תחליב רחצה הוואי שמני הזנה מגנוליה 700 מ""ל",טרופיקל דגיל בעמ,IL,הוואי תחליב רחצה שמנ,מיליליטרים,700.00,"100 מ""ל",false,,8.90,0.0127,true,1,3867043
7290016510768,false,"הוואי תחליב רחצה יוגורט ואוכמניות 700 מ""ל",טרופיקל דגיל בעמ,IL,הוואי תחליב רחצה יוג,מיליליטרים,700.00,"100 מ""ל",false,,8.90,0.0127,true,1,3867045
7290016510775,false,"תחליב רחצה הוואי רגעים שמימיים 700 מ""ל",טרופיקל דגיל בעמ,IL,הוואי תחליב רחצה רגע,מיליליטרים,700.00,"100 מ""ל",false,,8.90,0.0127,true,1,3867046
7290016510898,false,"שמפו+מרכך הוואי פריחת הדובדבן 700 מ""ל",שוורצקוף& הנקל דיסלד,IL,הוואי שמפו 700 דובדב,מיליליטרים,700.00,"100 מ""ל",false,,8.90,0.0127,true,1,3867047
7290016510904,false,"הוואי מרכך פריחת הדובדבן 700 מ""ל",שוורצקוף& הנקל דיסלד,IL,הוואי מרכך דובדבן 70,מיליליטרים,700.00,"100 מ""ל",false,,8.90,0.0127,true,1,3867048
7290016523508,false,שימורי ליצי בסירופ ק,,,שימורי ליצ'י בסירופ,גרמים,567.00,100 גרם,false,,7.90,0.0139,true,1,3585425
7290016542509,false,"טוסקניה שיכר תפוחים מוגז 750 מ""ל",קבוצת וקסמן קרקוב פולין,PL,טוסקנה מבעבעת יבש 10,מיליליטרים,750.00,"100 מ""ל",false,,11.90,0.0159,true,1,2841049
7290016542516,false,"טוסקניה שיכר תפוחים מוגז חצי יבש 750 מ""ל",קבוצת וקסמן קרקוב פולין,PL,טוסקניה מבעבע חצי יב,מיליליטרים,750.00,"100 מ""ל",false,,9.90,0.0132,true,1,2841050
7290016564006,false,מבריקל הפלא ספוגיות להסרת כתמים קשים ושומנים 3יח,,,מבריקל הפלא ספוגית,יח',1.00,יח',false,,9.90,9.9000,true,1,3880903
7290016564143,false,מארז 5 מטליות רב שימושיות מבריקל,,,מארז 5 מטליות רב שימ,יח',1.00,יח',false,,9.90,9.9000,true,1,3891284
7290016564266,false,מבריקל הפלא כיסוי הפלא 3,פארמה דיל,IL,כיסוי הפלא,יח',1.00,יח',false,,9.90,9.9000,true,1,3880905
7290016584004,false,חטיפוני גזר 130 גרם,"מרינה פטריות הגליל בע""מ",IL,חטיפוני גזר 130 גרם,גרמים,130.00,100 גרם,false,,5.90,0.0454,true,1,1893498
7290016601008,false,נוזל שמשות 4 לי,,,נוזל שמשות 4 לי,ליטרים,4.00,ליטר,false,,9.90,2.4750,true,1,1858816
7290016601114,false,דאו ספריי בריז 150 מל רמי לוי,,,דאו ספריי בריז 150 מ,מיליליטרים,150.00,"100 מ""ל",false,,7.90,0.0527,true,1,3871450
7290016601121,false,דאו ספריי ויקטוריי 150 מל רמי לוי,,,דאו ספריי ויקטוריי 1,מיליליטרים,150.00,"100 מ""ל",false,,7.90,0.0527,true,1,3871451
7290016601138,false,דאו ספריי אנרג'י 150 מל רמי לוי,,,דאו ספריי אנרג'י 150,מיליליטרים,150.00,"100 מ""ל",false,,7.90,0.0527,true,1,3871452
7290016601145,false,דאו ספריי ספורט 150 מל רמי לוי,,,דאו ספריי ספורט 150,מיליליטרים,150.00,"100 מ""ל",false,,7.90,0.0527,true,1,3871453
7290016601466,false,נוזל רצפות רמי לוי 2 ליטר,,,נוזל רצפות רמי לוי 2,ליטרים,2.00,ליטר,false,,7.90,3.9500,true,1,2105030
7290016601473,false,נוזל רצפות רמי לוי 2 ליטר,,,נוזל רצפות רמי לוי 2,ליטרים,2.00,ליטר,false,,7.90,3.9500,true,1,2105031
7290016601480,false,נוזל רצפות רמי לוי 2 ליטר,,,נוזל רצפות רמי לוי 2,ליטרים,2.00,ליטר,false,,7.90,3.9500,true,1,2105100
7290016601497,false,נוזל רצפות רמי לוי 2 ליטר,,,נוזל רצפות רמי לוי 2,ליטרים,2.00,ליטר,false,,7.90,3.9500,true,1,2105101
7290016601633,false,אל סבון קוקוס 2 ליטר,,,אל סבון קוקוס 2 ליטר,ליטרים,2.00,ליטר,false,,10.90,5.4500,true,1,2578330
7290016601640,false,אל סבון פרחים 2 ליטר,,,אל סבון פרחים 2 ליטר,ליטרים,2.00,ליטר,false,,10.90,5.4500,true,1,2578331
7290016607772,false,"יין רוזה גליל דלתון 750 מ""ל","יקב דלתון בע""\מ",IL,גליל רוזה (דלתון),מיליליטרים,700.00,"100 מ""ל",false,,54.90,0.0784,true,1,3893170
7290016609004,false,גזר גמדי 800 גר רמילוי,,,גזר גמדי 800 גר רמיל,גרמים,800.00,100 גרם,false,,8.20,0.0102,true,1,2149154
7290016609011,false,שעועית לבנה 800 גרם רמי לוי,,,שעועית לבנה 800 גרם,גרמים,800.00,100 גרם,false,,9.90,0.0124,true,1,2149155
7290016609028,false,גרגירי חומוס 800 גרם רמי לוי,,,גרגירי חומוס 800 גרם,גרמים,800.00,100 גרם,false,,9.90,0.0124,true,1,2149156
7290016609035,false,לקט למרק 800 גר רמילוי,,,לקט למרק 800 גר רמיל,גרמים,800.00,100 גרם,false,,10.90,0.0136,true,1,2149157
7290016609042,false,אפונה עדינה 600 גר רמי לוי,,,אפונה עדינה 600 גר ר,גרמים,600.00,100 גרם,false,,10.90,0.0182,true,1,2149158
7290016609059,false,שעועית עדינה 600 גר,,,שעועית עדינה 600 גר,גרמים,600.00,100 גרם,false,,10.90,0.0182,true,1,2149159
7290016609066,false,פולי סויה 600 גר רמילוי,,,פולי סויה 600 גר רמי,גרמים,600.00,100 גרם,false,,8.30,0.0138,true,1,2149160
7290016609073,false,לקט לקוסקוס 800 גר רמילוי,,,לקט לקוסקוס 800 גר ר,גרמים,800.00,100 גרם,false,,11.90,0.0149,true,1,2149161
7290016609080,false,לקט ישראלי 800 גר' רמילוי,,,לקט ישראלי 800 גר' ר,גרמים,800.00,100 גרם,false,,9.90,0.0124,true,1,2149162
7290016609097,false,לקט כפרי 2 קג רמילוי,,,לקט כפרי 2 קג רמילוי,קילוגרמים,2.00,"ק""ג",false,,20.90,10.4500,true,1,2149163
7290016609134,false,אפונת גינה בגודל בינ,,,אפונה 335 גר רמי לוי,גרמים,335.00,100 גרם,false,,5.50,0.0164,true,1,2149164
7290016609141,false,אפונה וגזר רמי לוי 5,,,אפונה וגזר 330 גר,גרמים,330.00,100 גרם,false,,5.50,0.0167,true,1,2149165
7290016609158,false,חומוס גרגירים 290 גר רמי לוי,,,חומוס גרגירים 290 גר,גרמים,290.00,100 גרם,false,,5.50,0.0190,true,1,2149166
7290016609165,false,פול מצרי 340 גר,,,פול מצרי 340 גר,גרמים,340.00,100 גרם,false,,5.50,0.0162,true,1,2149167
7290016609172,false,שעועית לבנה ברוטב עגבניות 335 גר,,,שעועית לבנה ברוטב עג,גרמים,335.00,100 גרם,false,,5.50,0.0164,true,1,2149168
7290016609189,false,גרעיני תירס 335 גר רמי לוי,,,גרעיני תירס 335 גר ר,גרמים,335.00,100 גרם,false,,5.50,0.0164,true,1,2149169
7290016609196,false,גרעיני תירס לייט 335 גר רמי לוי,,,גרעיני תירס לייט 335,גרמים,335.00,100 גרם,false,,5.80,0.0173,true,1,2149170
7290016609233,false,רוטב עגבניות 100 גר רמילוי,,,רסק עגבניות 100 גר ר,גרמים,100.00,100 גרם,false,,1.40,0.0140,true,1,2149172
7290016609240,false,רסק עגבניות 260 גר ר,,,רסק עגבניות 260 גר ר,גרמים,260.00,100 גרם,false,,2.90,0.0112,true,1,2149173
7290016609257,false,עגבניות מרוסקות 250 גר רמילוי,,,עגבניות מרוסקות 250,גרמים,250.00,100 גרם,false,,2.90,0.0116,true,1,2149174
7290016609264,false,עגבניות מרוסקות ושום 250 גר רמילוי,,,עגבניות מרוסקות ושום,גרמים,250.00,100 גרם,false,,2.90,0.0116,true,1,2149175
7290016609271,false,עגבניות מרוסקות בזיליקום 250 גר רמילוי,,,עגבניות מרוסקות בזיל,גרמים,250.00,100 גרם,false,,2.90,0.0116,true,1,2149176
7290016609318,false,עגבניות מרוסקות 800ג רמילוי,,,עגבניות מרוסקות 800ג,גרמים,800.00,100 גרם,false,,5.90,0.0074,true,1,3101488
7290016609349,false,עגבניות מרוסקות+בזיליקום 800ג רמילוי,,,עגבניות מרוסקות+בזיל,גרמים,800.00,100 גרם,false,,5.90,0.0074,true,1,3101540
7290016609356,false,עגבניות מרוסקות+שום 800ג רמילוי,,,עגבניות מרוסקות+שום,גרמים,800.00,100 גרם,false,,5.90,0.0074,true,1,3101541
7290016609585,false,"גרעיני תירס לל""ס 285 ג רמי לוי",,,"גרעיני תירס לל""ס 285",גרמים,285.00,100 גרם,false,,3.90,0.0137,true,1,3836309
7290016609660,false,רוטב פיצה לילדים 250,,,רוטב פיצה לילדים 250,גרמים,250.00,100 גרם,false,,2.90,0.0116,true,1,3871988
7290016609875,false,עגבניות מרוסקות שקשוקה 250 ג רמי לוי,,,עגבניות מרוסקות שקשו,גרמים,250.00,100 גרם,false,,2.90,0.0116,true,1,3871994
7290016621341,false,אל סבון היגייני לניקוי יסודי קמיל Clean & Moisture,פישר מעבדות פרמצבטיות בע,IL,קמיל אל סבון 1 ליטר,100 מל,1000.00,100 מל,false,,15.80,0.0158,true,1,2884896
7290016621358,false,"ד""ר פישר - קמיל אל סבון ניקיון והזנה ורוד 1 ליטר",פישר מעבדות פרמצבטיות בע,IL,קמיל אל סבון 1 ליטר,100 מל,1000.00,100 מל,false,,15.80,0.0158,true,1,2884897
7290016621365,false,אל סבון היגייני לניקוי יסודי קמיל Clean & Moisture,פישר מעבדות פרמצבטיות בע,IL,קמיל אל סבון 1 ליטר,100 מל,1000.00,100 מל,false,,15.80,0.0158,true,1,2884898
7290016621952,false,קמיל בלו סנסיטיב קרם פנים לתינוק SPF30,פישר מעבדות פרמצבטיות בע,IL,קרם פנים קמיל בלו 75,100 מל,75.00,100 מל,false,,34.90,0.4653,true,1,2884899
7290016663174,false,עוגיות גרעינים בוטני,מורנינג פוד,IL,עוגיות גרעינים בוטני,גרמים,200.00,100 גרם,false,,19.90,0.0995,true,1,3906476
7290016663297,false,עוגיות גרעינים חמוצי,מורנינג פוד,IL,עוגיות גרעינים חמוצי,גרמים,200.00,100 גרם,false,,19.90,0.0995,true,1,3906477
7290016663419,false,עוגיות שומשום קשיו כ,,IL,עוגיות שומשום קשיו כ,גרמים,200.00,100 גרם,false,,19.90,0.0995,true,1,3906478
7290016682182,false,שייק תמר בננה מופחת סוכר 1 ליטר פרי ניב,פריניב בעמ,IL,שייק תמר בננה 1 ליטר,ליטרים,1.00,ליטר,false,,14.50,14.5000,true,1,2696873
7290016682328,false,מיץ תפוזים 100% מרכז פריניב 2 ליטר,פרי ניב,IL,מיץ תפוזים מרכז 2לי,ליטרים,2.00,ליטר,false,,17.90,8.9500,true,1,3898213
7290016682335,false,מיץ תפוזים סחוט פריניב 2 ליטר,פרי ניב,IL,מיץ תפוזים סחוט 2לי,ליטרים,2.00,ליטר,false,,24.90,12.4500,true,1,3898214
7290016682342,false,מיץ תפוזים וולנסיה פרי ניב 2 ליטר-,פרי ניב,IL,מיץ תפוזים ולנסיה 2ל,ליטרים,2.00,ליטר,false,,26.60,13.3000,true,1,3898215
7290016682359,false,מיץ תפוזים שמוטי פרי ניב 2 ליטר-,פרי ניב,IL,מיץ תפוזים שמוטי 2לי,ליטרים,2.00,ליטר,false,,26.60,13.3000,true,1,3898216
7290016682366,false,מיץ תפוח צלול פרי ניב 2 ליטר-,פריניב,IL,מיץ תפוח צלול 2לי,ליטרים,2.00,ליטר,false,,18.60,9.3000,true,1,3898217
7290016682373,false,משקה קל לימונדה בלאדי 2 ליטר פריניב,פריניב,IL,מיץ לימונדה בלדי 2לי,ליטרים,2.00,ליטר,false,,18.60,9.3000,true,1,3898218
7290016682380,false,מיץ טבעי לימונדה ולואיזה פרי ניב 2 ליטר-,פרי ניב,IL,מיץ לימונדה לואיזה 2,ליטרים,2.00,ליטר,false,,18.60,9.3000,true,1,3898219
7290016682397,false,מיץ חמוציות פרי ניב 2 ליטר-,פרי ניב,IL,*מבצע* מיץ חמוציות 2,ליטרים,2.00,ליטר,false,,17.90,8.9500,true,1,3898220
7290016682441,false,100% מיץ תפוזים מיוצר מרכז טבעי,פרי ניב,IL,מיץ תפוזים עשוי מרכז,מטרים,1000.00,100 מ'ל,false,,9.90,0.0099,true,1,3901521
7290016693041,false,"יין אמירים רזרב קברנה 750 מ""ל!.",יקבי ארזה,IL,אמירים רזרב קברנה 75,מיליליטרים,750.00,"100 מ""ל",false,,17.90,0.0239,true,1,2934740
7290016693058,false,"יין אמירים רזרב מרלו 750 מ""ל!.",יקבי ארזה,IL,אמירים רזרב מרלו 750,מיליליטרים,750.00,"100 מ""ל",false,,17.90,0.0239,true,1,2934741
7290016693065,false,"יין אמירים רזרב רוזה 750 מ""ל.",יקבי ארזה,IL,אמירים רזרב רוזה 750,מיליליטרים,750.00,"100 מ""ל",false,,17.90,0.0239,true,1,2934742
7290016693072,false,"יין אמירים רזרב ריזלינג 750 מ""ל",יקבי ארזה,IL,אמירים רזרב ריזלינג,מיליליטרים,750.00,"100 מ""ל",false,,17.90,0.0239,true,1,2934743
7290016693546,false,"יין קברנה עונות ארזה 750 מ""ל",יקבי ארזה,IL,יין עונות קברנה 750,מיליליטרים,750.00,"100 מ""ל",false,,28.90,0.0385,true,1,3863406
7290016693553,false,"יין מרלו עונות ארזה 750 מ""ל",יקבי ארזה,IL,יין עונות מרלו 750 מ,מיליליטרים,750.00,"100 מ""ל",false,,28.90,0.0385,true,1,3870014
7290016693560,false,"יין קברנה מרלו עונות ארזה 750 מ""ל",יקבי ארזה,IL,יין עונות קברנה מרלו,מיליליטרים,750.00,"100 מ""ל",false,,28.90,0.0385,true,1,3870015
7290016693584,false,"יין שיראז עונות ארזה 750 מ""ל",יקבי ארזה,IL,יין עונות שיראז 750,מיליליטרים,750.00,"100 מ""ל",false,,28.90,0.0385,true,1,3870017
7290016693898,false,"יין פטי ורדו בראשית היוצר 750 מ""ל",יקבי ארזה,IL,יין פטי ורדו בראשית,מיליליטרים,750.00,"100 מ""ל",false,,34.90,0.0465,true,1,3896118
7290016717044,false,"יין מוסקטו סלקטד באז כרמל 750 מ""ל",כרמל מזרחי,IL,יין מנגו באזז יקבי כ,מיליליטרים,750.00,"100 מ""ל",false,,22.90,0.0305,true,1,3869111
7290016717051,false,משקה Buzz מוגז בטעם רימון מבוסס יין אדום מתוק,יקבי כרמל Carmel Winery,IL,יין רימון באזז יקבי,מיליליטרים,750.00,"100 מ""ל",false,,22.90,0.0305,true,1,3879701
7290016717099,false,"יין כרמל סלקטד אדום חצי יבש, 750 מ""ל",יקבי כרמל Carmel Winery,IL,יין אדום חצי יבש סלק,מיליליטרים,750.00,"100 מ""ל",false,,24.90,0.0332,true,1,2342009
7290016717235,false,יין קונקורד אדום ממותק קינג דיוויד - בקבוק אישי,יקבי כרמל Carmel Winery,IL,קונקורד קינג דויד 18,מיליליטרים,187.00,"100 מ""ל",false,,6.90,0.0369,true,1,3869113
7290016717631,false,יין מוסקטו בעל חוזק אלכוהול נמוך פרייבט קולקשן,אגודת הכורמים הקואופרטיב,IL,יין מוסקטו פרייבט קו,מיליליטרים,750.00,"100 מ""ל",false,,32.90,0.0439,true,1,3830995
7290016717754,false,"יין ישן נושן יקבי כרמל 750 מ""ל ^^^",אגודת הכורמים הקואופרטיב,IL,יין ישן נושן יקבי כר,מיליליטרים,750.00,"100 מ""ל",false,,14.90,0.0199,true,1,3869114
7290016717976,false,"יין סלקטד באז אפרסק כרמל 750 מ""ל",כרמל מזרחי,IL,ספארקלינג באזז אפרסק,מיליליטרים,750.00,"100 מ""ל",false,,22.90,0.0305,true,1,3886318
7290016733006,false,אציטון רמי לוי 100 מל,,,אציטון רמי לוי 100 מ,גרמים,100.00,100 גרם,false,,4.30,0.0430,true,1,2105103
7290016733020,false,ממחטות כיס רמי לוי 1,,,ממחטות כיס רמילוי,יח',1.00,יח',false,,5.90,5.9000,true,1,2550456
7290016733044,false,מטליות ריצפה מיקרופייבר שלישייה רמי לוי,,,מטליות ריצפה מיקרופי,יח',3.00,יח',false,,13.90,4.6333,true,1,1841000
7290016733051,false,מטליות ניקוי כללי מיקרופייבר עשירייה רמי לוי,,,מטליות ניקוי כללי מי,יח',10.00,יח',false,,13.90,1.3900,true,1,1841001
7290016733174,false,עוגיות מחייכות שוקו,,,עוגיות מחייכות שוקו,גרמים,150.00,100 גרם,false,,3.30,0.0220,true,1,2524125
7290016733181,false,עוגיות מחייכות וניל 150 ג,,,עוגיות מחייכות וניל,גרמים,150.00,100 גרם,false,,3.30,0.0220,true,1,2524126
7290016733198,false,קרקר דק מחיטה מלאה 2,,,קרקר דק מחיטה מלאה 2,גרמים,240.00,100 גרם,false,,6.90,0.0288,true,1,2524127
7290016733204,false,קרקר דק כפרי 240 גר,,,קרקר דק כפרי 240 גר,גרמים,240.00,100 גרם,false,,6.90,0.0288,true,1,2524128
7290016733259,false,סלק מבושל בוואקום 500ג,,,סלק מבושל בוואקום 50,גרמים,500.00,100 גרם,false,,5.90,0.0118,true,1,2399907
7290016733433,false,פטריות שלמות 230 גרם,,,פטריות שלמות 230 גרם,גרמים,230.00,100 גרם,false,,6.90,0.0300,true,1,2353788
7290016733471,false,"משמש חצאים ""רמי לוי",,,משמש חצאים 470 גר,גרמים,470.00,100 גרם,false,,8.30,0.0177,true,1,2273717
7290016733501,false,פתיתים חישוקים 500 גר רמילוי,,,פתיתים חישוקים 500 ג,גרמים,500.00,100 גרם,false,,3.90,0.0078,true,1,2612630
7290016733518,false,פתיתים עם בצל 400 ג,,,פתיתים עם בצל 400 ג,גרמים,400.00,100 גרם,false,,3.90,0.0097,true,1,2753916
7290016733532,false,קורנפלקס 750 גרם רמי לוי,,,קורנפלקס 750 גרם רמי,גרמים,750.00,100 גרם,false,,12.90,0.0172,true,1,2909716
7290016733693,false,"שניצל תירס רמי לוי 2ק""ג",רמי לוי,IL,שניצל תירס רמי לוי 2,קילוגרמים,2.00,"ק""ג",false,,38.90,19.4500,true,1,2465382
7290016733723,false,וופלים אגוזים 400 גר,,,וופלים אגוזים 400 גר,גרמים,400.00,100 גרם,false,,7.90,0.0198,true,1,2366794
7290016733730,false,וופלים לימון 500ג רמי לוי,,,וופלים לימון 500ג רמ,גרמים,500.00,100 גרם,false,,7.90,0.0158,true,1,2366795
7290016733754,false,חומץ 5% 1 ליטר רמי ל,,,חומץ 5% 1לי רמי לוי,יח',1.00,יח',false,,4.50,4.5000,true,1,2617298
7290016733761,false,רוטב לימון משומר 1 לי רמי לוי,,,רוטב לימון משומר 1 ל,ליטרים,1.00,ליטר,false,,4.50,4.5000,true,1,2617299
7290016733815,false,מטליות רב שימושיות לבן 700ג,,,מטליות רב שימושיות ל,גרמים,700.00,100 גרם,false,,18.50,0.0264,true,1,2342561
7290016733822,false,חטיפי קרח רמי לוי 70 ח,,,חטיפי קרח רמי לוי 70,ליטרים,2.03,ליטר,false,,8.80,4.3350,true,1,2638638
7290016733846,false,נס קפה מגורען 200 גר,,,נס קפה מגורען 200 גר,גרמים,200.00,100 גרם,false,,18.90,0.0945,true,1,3306122
7290016733860,false,וופלים לימון 300 ג רמי לוי,,,וופלים לימון 300 ג ר,גרמים,300.00,100 גרם,false,,3.90,0.0130,true,1,2366796
7290016733877,false,וופלים מצופים 400ג רמי לוי,,,וופלים מצופים 400ג ר,גרמים,400.00,100 גרם,false,,7.90,0.0198,true,1,2366797
7290016733891,false,טבעות בצל רמי לוי 60,קפוא-זן,IL,טבעות בצל 600 גרם,גרמים,600.00,100 גרם,false,,13.90,0.0232,true,1,2499277
7290016784039,false,טחינה פרימיום משומשום אתיופי 500 גרם,,,טחינה פרימיום משומשו,גרמים,500.00,100 גרם,false,,11.90,0.0238,true,1,3897156
7290016865103,false,שניצל דק בציפוי ציפס 700 ג,,,שניצל דק בציפוי ציפס,גרמים,700.00,100 גרם,false,,25.90,0.0370,true,1,2894371
7290016865257,false,וופלים בטעם לימון רמי לוי 200 גרם,,,וופלים בטעם לימון רמ,גרמים,200.00,100 גרם,false,,2.90,0.0145,true,1,2591183
7290016865516,false,לחם אחיד פרוס 750ג ר,,,לחם אחיד פרוס 750ג ר,גרמים,750.00,100 גרם,false,,5.90,0.0079,true,1,3015861
7290016865530,false,לחם שיפון קל 750ג רמילוי,,,לחם שיפון קל 750ג רמ,גרמים,750.00,100 גרם,false,,10.90,0.0145,true,1,3015863
7290016865547,false,לחם מקמח מלא ושיפון,,,לחם מקמח מלא ושיפון,גרמים,750.00,100 גרם,false,,9.90,0.0132,true,1,3015864
7290016865554,false,10 לחמניות רגילות 750ג רמילוי,,,10 לחמניות רגילות 75,גרמים,750.00,100 גרם,false,,10.90,0.0145,true,1,3015915
7290016865561,false,10 לחמניות מקמח מלא 750ג רמילוי,,,10 לחמניות מקמח מלא,גרמים,750.00,100 גרם,false,,10.90,0.0145,true,1,3015916
7290016865578,false,עוגיות חיוכים שוקו 9,,,עוגיות חיוכים שוקו 9,גרמים,900.00,100 גרם,false,,18.90,0.0210,true,1,3106071
7290016865608,false,כדוריות סבון אסלה -ניחוח ים בריזה,,,כדוריות סבון אסלה -נ,יח',1.00,יח',false,,9.90,9.9000,true,1,3343837
7290016865615,false,כדוריות סבון אסלה -ניחוח היביסקוס,,,כדוריות סבון אסלה -נ,יח',1.00,יח',false,,9.90,9.9000,true,1,3343855
7290016865639,false,כדוריות סבון אסלה שלישייה,,,כדוריות סבון אסלה של,יח',3.00,יח',false,,9.90,3.3000,true,1,3343857
7290016865646,false,כדוריות סבון אסלה שלישייה,,,כדוריות סבון אסלה של,יח',3.00,יח',false,,9.90,3.3000,true,1,3343858
7290016865752,false,גריסים 500ג רמילוי,,,גריסים 500ג רמילוי,גרמים,500.00,100 גרם,false,,3.90,0.0078,true,1,3366781
7290016865769,false,שעועית לבנה 500ג רמילוי,,,שעועית לבנה 500ג רמי,גרמים,500.00,100 גרם,false,,6.90,0.0138,true,1,3366782
7290016865783,false,אפונה יבשה 500ג רמילוי,,,אפונה יבשה 500ג רמיל,גרמים,500.00,100 גרם,false,,3.90,0.0078,true,1,3366819
7290016865790,false,פופקורן 500ג רמילוי,,,פופקורן 500ג רמילוי,גרמים,500.00,100 גרם,false,,4.90,0.0098,true,1,3366820
7290016865806,false,חומוס גדול 500ג רמי לוי,,,חומוס גדול 500ג רמי,גרמים,500.00,100 גרם,false,,5.80,0.0116,true,1,3376211
7290016865813,false,חומוס ענק 500ג רמי לוי,,,חומוס ענק 500ג רמי ל,גרמים,500.00,100 גרם,false,,8.90,0.0178,true,1,3376212
7290016865820,false,עדשים אדומות 500ג רמי לוי,,,עדשים אדומות 500ג רמ,גרמים,500.00,100 גרם,false,,5.50,0.0110,true,1,3376232
7290016865837,false,עדשים ירוקות 500ג רמי לוי,,,עדשים ירוקות 500ג רמ,גרמים,500.00,100 גרם,false,,5.50,0.0110,true,1,3376233
7290016865844,false,כוסמת 500ג רמי לוי,,,כוסמת 500ג רמי לוי,גרמים,500.00,100 גרם,false,,6.50,0.0130,true,1,3376234
7290016865851,false,חיטה 500ג רמי לוי,,,חיטה 500ג רמי לוי,גרמים,500.00,100 גרם,false,,2.90,0.0058,true,1,3376235
7290016865868,false,גריסי פנינה 500ג רמי לוי,,,גריסי פנינה 500ג רמי,גרמים,500.00,100 גרם,false,,3.90,0.0078,true,1,3376236
7290016865882,false,גרישה 500ג רמי לוי,,,גרישה 500ג רמי לוי,גרמים,500.00,100 גרם,false,,3.90,0.0078,true,1,3376238
7290016865899,false,קינואה 500ג רמי לוי,,,קינואה 500ג רמי לוי,גרמים,500.00,100 גרם,false,,8.90,0.0178,true,1,3376239
7290016865905,false,רגע מתוק ביסקויט 102ג רמילוי,,,רגע מתוק ביסקויט 102,גרמים,102.00,100 גרם,false,,4.90,0.0480,true,1,3835917
7290016866438,false,פתיתים אפויים אורז 3,,,פתיתים אפויים אורז 3,גרמים,300.00,100 גרם,false,,17.50,0.0583,true,1,2638358
7290016866643,false,פרודונטקס מ.שיניים אקסטרה פרש 75 מל,פרודונטקס Parodontax,SK,פרודונטקס פרש 75 מל,100 מל,75.00,100 מל,false,,30.90,0.4120,true,1,3869822
7290016866650,false,"פרודונטקס - משחת שיניים אוריג'ינל 75 מ""ל",פרודונטקס Parodontax,SK,פרודונטקס אורג'ינל 7,100 מל,75.00,100 מל,false,,30.90,0.4120,true,1,3869823
7290016866667,false,"פרודונטקס - משחת שיניים ללא פלאוריד 75 מ""ל",פרודונטקס Parodontax,SK,פרודונטקס פלאוריד 75,100 מל,75.00,100 מל,false,,30.90,0.4120,true,1,3869824
7290016866674,false,"פרודונטקס - משחת שיניים מלבינה 75 מ""ל",פרודונטקס Parodontax,SK,פרודונטקס מלבינה 75,100 מל,75.00,100 מל,false,,30.90,0.4120,true,1,3869825
7290016866704,false,"סטייל שמפו לאחר החלקה מועשר בויטמין אי, 750 מ""ל",סטייל Style,IL,סטייל שמפו קרטין 750,מיליליטרים,750.00,"100 מ""ל",false,,22.90,0.0305,true,1,3869826
7290016866711,false,"סטייל מרכך לשיער קרטין פלוס לאחר החלקה, 750 מ""ל",סטייל Style,IL,סטייל מרכך קרטין 750,גרמים,750.00,100 גרם,false,,22.90,0.0305,true,1,3869827
7290016866728,false,סטייל מסכה קרטין E 500 מל לשיקום שיער יב,סטייל Style,IL,סטייל מסכה קרטין 750,מיליליטרים,750.00,"100 מ""ל",false,,25.90,0.0345,true,1,3865141
7290016867008,false,"לחם כוסמין מחמצת ד""ר מרק",המאפה של דר' מארק,IL,לחם מחמצת כוסמין 750,גרמים,750.00,100 גרם,false,,16.90,0.0225,true,1,3882268
7290016867039,false,"מארז פיתות קלות כוסמין בתוספת מחמצת 6 יחידות ד""ר מרק",המאפה של דר מרק בריא,IL,פיתות קלות כוסמין בת,גרמים,303.00,100 גרם,false,,14.90,0.0492,true,1,3896229
7290016867046,false,"מארז פיתות קלות כוסמין במתיקות מעודנת 6 יחידות ד""ר מרק",המאפה של דר מרק בריא,IL,פיתות קלות כוסמין במ,גרמים,303.00,100 גרם,false,,14.90,0.0492,true,1,3896230
7290016867053,false,לחם קל כוסמין בתוספת מחמצת 450 גרם,המאפה של דר מרק בריא,IL,לחם קל כוסמין בתוספת,יח',1.00,יח',false,,18.90,18.9000,true,1,3896231
7290016867077,false,לחמניות כוסמין מלא בתוספת סיבים פרה ביוטיים 300 גרם,,,לחמניות כוסמין מלא ע,גרמים,300.00,100 גרם,false,,15.90,0.0530,true,1,3904786
7290016867084,false,לחם כוסמין מלא בתוספת סיבים פרה ביוטיים 450 גרם,,,לחם כוסמין מלא עם סי,גרמים,450.00,100 גרם,false,,18.90,0.0420,true,1,3904787
7290016867114,false,לחם כוסמין קל מלא 500 גר',המאפה של דר מרק בריא,IL,לחם קל כוסמין מלא,יח',1.00,יח',false,,17.90,17.9000,true,1,3896232
7290016867145,false,"מארז פיתות קלות קמח מלא 6 יחידות ד""ר מרק",המאפה של דר' מארק,IL,פיתות קלות מקמח מלא,גרמים,408.00,100 גרם,false,,13.90,0.0341,true,1,3882273
7290016867152,false,"מארז פיתות קלות כוסמין 5 יחידות ד""ר מרק",המאפה של דר מרק בריא,IL,פיתות קלות מקמח כוסמ,גרמים,330.00,100 גרם,false,,13.90,0.0421,true,1,3882274
7290016882445,false,מעדן פרי קיוי רמי לו,,,מעדן פרי קיוי רמי לו,גרמים,284.00,100 גרם,false,,8.90,0.0313,true,1,2817384
7290016882452,false,מעדן פרי אננס רמי לו,,,מעדן פרי אננס רמי לו,גרמים,284.00,100 גרם,false,,8.90,0.0313,true,1,2817385
7290016912494,false,"ד""ר פישר - אפקטיב קר תרחיץ פנים לכל סוגי העור 180 מ""ל",פישר מעבדות פרמצבטיות בע,IL,אפקטיב קר תרחיץ פנים,מיליליטרים,180.00,"100 מ""ל",false,,17.90,0.0994,true,1,3574111
7290016912500,false,"ד""ר פישר - אפקטיב קר תרחיץ פנים לעור רגיש 180 מ""ל",פישר מעבדות פרמצבטיות בע,IL,אפקטיב קר תרחיץ פנים,מיליליטרים,180.00,"100 מ""ל",false,,17.90,0.0994,true,1,3574112
7290016912609,false,"סרקל מסיכת הזנה לשיער ילדים 200 מ""ל",פישר מעבדות פרמצבטיות בע,IL,סרקל מסכת הזנה לשיער,מיליליטרים,200.00,"100 מ""ל",false,,24.90,0.1245,true,1,3574113
7290016912616,false,סרקל שמפו לילדים לשיער בהיר - בלונדיני,פישר מעבדות פרמצבטיות,IL,סרקל בלונד שמפו 1 לי,ליטרים,1.00,ליטר,false,,29.90,29.9000,true,1,3357404
7290016967074,false,לחם חיטה מלאה עם גרעינים ודגנים,מאפיית שלמה א. אנג'\ל בע,IL,לחם חיטה מלאה 750 ג,גרמים,750.00,100 גרם,false,,14.90,0.0199,true,1,2545987
7290016967456,false,לחם צרפתי מחמצת 100% כוסמין 600 ג' אנג'ל,"מאפיית אנג'\ל בעמ, מקבוצ",IL,לחם צרפתי כוסמין 100,גרמים,600.00,100 גרם,false,,15.90,0.0265,true,1,3323689
7290017023212,false,"שוויפס מוגז פירות תפוח מארז רביעייה* 330 מ""ל",יפאורה תבורי בעמ,IL,שוופס רביעייה מוגז פ,ליטרים,1.32,ליטר,false,,11.90,9.0152,true,1,3867756
7290017023229,false,רביעיית פחיות שוופס מוגז פירות תות ליים 330 מל.,יפאורה תבורי בעמ,IL,שוופס רביעייה מוגז פ,ליטרים,1.32,ליטר,false,,11.90,9.0152,true,1,3867757
7290017023236,false,רביעיית פחיות שוופס מוגז פירות ענבים 330 מל.,יפאורה תבורי בעמ,IL,שוופס רביעייה מוגז פ,ליטרים,1.32,ליטר,false,,11.90,9.0152,true,1,3867758
7290017023663,false,"שוופס מיץ פירות לימונייד פחית מארז 330X4מ""ל",יפאורה תבורי,IL,שוופס רביעייה מוגז פ,ליטרים,1.32,ליטר,false,,11.90,9.0152,true,1,3867770
7290017023809,false,"רביעיית ספרינג אגס סברס תפוח 250 מ""ל","יפאורה תבורי בע""\מ",IL,ספרינג אגס סברס תפוח,מטרים,1000.00,100 מ'ל,false,,11.20,0.0112,true,1,3879104
7290017023816,false,"ספרינג  פירות טרופיים 250 מ""ל רביעייה","יפאורה תבורי בע""\מ",IL,ספרינג פירות טרופיים,מטרים,1000.00,100 מ'ל,false,,11.20,0.0112,true,1,3879105
7290017023823,false,"רביעיית ספרינג תות בננה 250 מ""ל","יפאורה תבורי בע""\מ",IL,ספרינג תות בננה 4*25,מטרים,1000.00,100 מ'ל,false,,11.20,0.0112,true,1,3879106
7290017023854,false,מי סודה בקבוקים אישיים - מארז 4 יח',יפאורה תבורי בעמ,IL,שוופס סודה רביעייה 2,ליטרים,1.00,ליטר,false,,9.90,9.9000,true,1,3867774
7290017023861,false,סודה בטעם לימון בקבוקים אישיים - מארז 4 יח',יפאורה תבורי בעמ,IL,שוופס סודה רביעייה 2,ליטרים,1.00,ליטר,false,,9.90,9.9000,true,1,3867775
7290017023878,false,סודה בטעם נענע ליים בקבוקים אישיים - מארז 4 יח',יפאורה תבורי בעמ,IL,שוופס סודה רביעייה 2,ליטרים,1.00,ליטר,false,,9.90,9.9000,true,1,3867776
7290017031156,false,דפים על בסיס קמח תירס ואורז ללא גלוטן בר-אל 250 גרם,,IT,דפים על בסיס קמח תיר,גרמים,250.00,100 גרם,false,,15.30,0.0612,true,1,3866743
7290017031170,false,פתיתים על בסיס קמח עדשים אדומות בצורת פוזילי ללא גלוטן 250 גר',andnani,IT,פוזילי עדשים אדומות,יח',1.00,יח',false,,15.30,15.3000,true,1,3866745
7290017031477,false,"סנסודיין משחת שיניים רפיד רליף להלבנה 75 מ""ל","סמיתקליין ביצ'ם בע""מ",GB,משחת סנסודיין רפיד ר,יח',1.00,יח',false,,24.90,24.9000,true,1,3869828
7290017031514,false,סטייל קרם לחות עם גלייז 400 מל,גורי,IL,קרם לחות לשיער סטייל,מיליליטרים,400.00,"100 מ""ל",false,,20.90,0.0522,true,1,3869829
7290017031705,false,"סנסודיין משחת שיניים קלין & פרש 75 מ""ל",גלקסוס סמית קליין,SK,סנסודיין קלין פרש 75,מטרים,75.00,100 מ'ל,false,,20.90,0.2787,true,1,3869832
7290017031811,false,פרודונטקס מברשת שיניים אקסטרא סופט א.זוג,גלקסוסמיתקליין,CN,זוג מברשות שיניים פר,יח',1.00,יח',false,,19.90,19.9000,true,1,3869833
7290017031859,false,"פרודונטקס - משחת שיניים אולטרא קלין 75 מ""ל","מאסטרפוד אוסטריה בע""מ",SK,פרודונטקס אולטרא קלי,מטרים,75.00,100 מ'ל,false,,30.90,0.4120,true,1,3869834
7290017058139,false,רביעיית מחית תפוח עץ ותות שדה תומר 113 גרם,אינדיאן סאמר קו אופ אינק,US,רסק תפוח עץ עם תות ש,גרמים,452.00,100 גרם,false,,9.90,0.0219,true,1,3867069
7290017058146,false,"רסק תפוֿֿֿֿ""ע עם אפרסק 4 יח' 12X",אינדיאן סאמר קו אופ אינק,US,"רסק תפו""""ע עם אפרסק",יח',1.00,יח',false,,9.90,9.9000,true,1,3867070
7290017058252,false,אטריות פנה קרטוניה ל,pol foods,PL,אטריות ללא גלוטן פנה,גרמים,250.00,100 גרם,false,,5.90,0.0236,true,1,3867072
7290017058269,false,תומר אטריות פוזילי ל,יכין,,אטריות ללא גלוטן פוז,גרמים,250.00,100 גרם,false,,5.90,0.0236,true,1,3867073
7290017058283,false,אטריות ספגטי קרטוניה,pol foods,PL,אטריות ללא גלוטן ספג,גרמים,250.00,100 גרם,false,,5.90,0.0236,true,1,3867075
7290017058573,false,תומר פרוסות פלפל חלפיניו בחומץ 340 גרם,אינדיה אגרו אקספורט,IN,פרוסות פלפל חלפיניו,גרמים,340.00,100 גרם,false,,6.50,0.0191,true,1,3889236
7290017058689,false,זית שחור טבעי תומר 4,מסנוי גידה רעהס,TR,זית שחור טבעי 400גר,גרמים,400.00,100 גרם,false,,14.90,0.0373,true,1,3878822
7290017058740,false,שעועית אדומה תומר שלשות 3*200 גרם,,HU,שעועית אדומה שלשות 2,יח',1.00,יח',false,,7.90,7.9000,true,1,3892028
7290017062204,false,מרכך כביסה מרוכז 1לי רמילוי,,,מרכך כביסה מרוכז 1לי,ליטרים,1.00,ליטר,false,,9.50,9.5000,true,1,3871454
7290017062211,false,מרכך כביסה מרוכז 1לי רמילוי ירוק,,,מרכך כביסה מרוכז 1לי,ליטרים,1.00,ליטר,false,,9.50,9.5000,true,1,3871455
7290017065007,false,פרוסות גבינה מוצרלה חצי קשה 22% שומן 200 ג' גד,מחלבות גד בעמ,IL,מוצרלה פרוסה גד 150,גרמים,150.00,100 גרם,false,,16.90,0.1127,true,1,2930735
7290017065137,false,ריקוטה למריחה 5% טבעית 200 גרם - רובין,האי נאם סי או אל.טי.,IL,ריקוטה למריחה 5% טבע,יח',1.00,יח',false,,8.90,8.9000,true,1,3843107
7290017065144,false,ריקוטה למריחה בתוספת בזיליקום 5% גד 200 גם,האי נאם סי או אל.טי.,IL,ריקוטה למריחה 5% בזי,יח',1.00,יח',false,,8.90,8.9000,true,1,3867724
7290017065168,false,גבינה כחולה denish blue cheese 100 גרם,ST.CLEMENS-BOMHOLMWS,DK,גבינה כחולה גד 100 ג,גרמים,100.00,100 גרם,false,,14.90,0.1490,true,1,3867726
7290017065212,false,גבינת קרם מסקרפונה מחלבות גד 250 גר,מיוצר עי קוד יצרן ED,IL,קרם מסקרפונה 38% שומ,יח',1.00,יח',false,,15.90,15.9000,true,1,3867729
7290017065236,false,גבינה בולגרית מעודנת 24% גד 250 גרם,הנסיך- מפעל לייצור ט,IL,גבינה בולגרית מעודנת,גרמים,250.00,100 גרם,false,,21.90,0.0876,true,1,3867730
7290017065311,false,פרוסות גבינה מוצרלה מעושנת 200 ג',מחלבות גד בעמ,IL,פרוסות מוצרלה מעושנת,גרמים,200.00,100 גרם,false,,16.90,0.0845,true,1,3867733
7290017065441,false,גבינה גאודה עיזים פרוסה הולנדית 200 גר',גבינות מדף,NL,פרוסות גאודה עיזים.,גרמים,200.00,100 גרם,false,,29.90,0.1495,true,1,3867740
7290017065526,false,קוואטרו פורמאג'י 4 גבינות מגוררות 26%,"מחלבות גד בע""\מ",IL,קואטרו פורמאג'י,גרמים,300.00,100 גרם,false,,25.90,0.0863,true,1,3867746
7290017065618,false,גבינת פקורינו פרוס מחלב כבשים,הנסיך- מפעל לייצור ט,ES,פקורינו פרוס 150 גר,גרמים,150.00,100 גרם,false,,18.90,0.1260,true,1,3884932
7290017065649,false,קרם פטיסייר מחלבות גד,מיוצר עי קוד יצרן ED,IL,קרם פטיסייר,גרמים,250.00,100 גרם,false,,15.90,0.0636,true,1,3884934
7290017065663,false,גבינת פטה עיזים מעודנת 16% גד 200 גרם,ג'נרל מילס סאן אדריא,IL,גבינת פטה עיזים מעוד,גרמים,200.00,100 גרם,false,,28.90,0.1445,true,1,3892474
7290017065762,false,מאנורי גבינה בסגנון יווני לצליה 30% שומן 100 גרם,גבינות מדף,IL,מאנורי גבינה סגנון י,גרמים,100.00,100 גרם,false,,9.50,0.0950,true,1,3903041
7290017065786,false,"גבינת צ`דר מחלבות גד , 210 גרם","מחלבות גד בע""\מ",IL,צ'דר 210 גר,גרמים,210.00,100 גרם,false,,18.40,0.0876,true,1,3890737
7290017079127,false,פתיתים קוסקוס 500ג רמילוי,,,פתיתים קוסקוס 500ג ר,גרמים,500.00,100 גרם,false,,3.90,0.0078,true,1,3871595
7290017079134,false,פתיתים אורז 500ג רמילוי,,,פתיתים אורז 500ג רמי,גרמים,500.00,100 גרם,false,,3.90,0.0078,true,1,3871596
7290017079738,false,חמישיית שוקולד מריר,מילאנו ספולקה זד,IL,חמישיית שוקולד מריר,יח',1.00,יח',false,,16.90,16.9000,true,1,3892305
7290017079769,false,מחית תפוח עץ ובננה בפאוץ פריטוב קידס,פרוטה פודיוין איי.אס,CZ,מחית תפוע ובננה בפאו,יח',1.00,יח',false,,3.90,3.9000,true,1,3892306
7290017079783,false,מחיות פאוץ' תפוח עץ פריטוב 120 גרם,פרוטה פודיוין איי.אס,CZ,מחית תפוע בפאוץ כשלפ,יח',1.00,יח',false,,3.90,3.9000,true,1,3892308
7290017079950,false,"סרדינים לימון בד""ץ טעמן 125 גר'",,MA,סרדינים בדצ לימון טע,יח',1.00,יח',false,,6.90,6.9000,true,1,3907506
7290017079967,false,"סרדינים בשמן צימחי בד""ץ טעמן 125 גר'",,MA,סרדינים בדצ בשמן קנו,יח',1.00,יח',false,,6.90,6.9000,true,1,3907507
7290017088051,false,בייביסיטר - חיתולי סטנדרט מידה 3 - 52 יח',די.פי.אל תעשיות מוצרים ח,IL,בייביסיטר משופר מידה,יח',1.00,יח',false,,32.90,32.9000,true,1,3868454
7290017088068,false,בייביסיטר - חיתולי סטנדרט מידה 4 - 42 יח',די.פי.אל תעשיות מוצרים ח,IL,בייביסיטר משופר מידה,יח',1.00,יח',false,,32.90,32.9000,true,1,3868455
7290017088075,false,בייביסיטר - חיתולי סטנדרט מידה 4+ - 40 יח',די.פי.אל תעשיות מוצרים ח,IL,בייביסיטר משופר מידה,יח',1.00,יח',false,,32.90,32.9000,true,1,3868456
7290017088082,false,בייביסיטר - חיתולי סטנדרט מידה 5 - 36 יח',די.פי.אל תעשיות מוצרים ח,IL,בייביסיטר משופר מידה,יח',1.00,יח',false,,32.90,32.9000,true,1,3868457
7290017088099,false,בייביסיטר - חיתולי סטנדרט מידה 6 - 30 יח',די.פי.אל תעשיות מוצרים ח,IL,בייביסיטר משופר מידה,יח',1.00,יח',false,,32.90,32.9000,true,1,3868458
7290017088327,false,רבעיית מגבונים בייביסיטר אקסטרא סופט ללא בישום 64 יחידות,די.פי.אל בעמ,IL,מגבונים בייביסיטר לת,יח',4.00,יח',false,,14.90,3.7250,true,1,3887407
7290017088464,false,תחבושות סופגנית מקסי לונג טופ פד 20 יח',D.P.L,IT,טופ פד סופגנית מקסי,יח',1.00,יח',false,,18.90,18.9000,true,1,3890835
7290017088693,false,קוויק מטליות לחות לניקוי וחיטוי רצפות ניחוח לוונדר 10 יחידות,די.פי.אל,IL,קוויק מטליות ניקוי ר,יח',1.00,יח',false,,8.90,8.9000,true,1,3883527
7290017088839,false,BREEZE תחבושות לבריחת שתן אקסטרה פלוס (8 יח'),ניאופארם,IT,תחבושות בריז אקסטרה,יח',1.00,יח',false,,16.90,16.9000,true,1,3891223
7290017088969,false,חיתולי בייביסיטר ניו בורן מידה 1 42 יח',די.פי.אל תעשיות מוצרים ח,IL,חיתולי בייביסיטר ביי,יח',1.00,יח',false,,25.90,25.9000,true,1,3897931
7290017094199,false,סלט קוביות חציל ברוטב שמיר 200 גרם,"סלטי שמיר 2006 בע""מ",IL,מעדן חצילים 200 גר ש,גרמים,200.00,100 גרם,false,,9.90,0.0495,true,1,3891533
7290017100401,false,"כפפות לטקס 100 יחי' M כשלפ עד""ח פרפקט",פאלאס,ID,כפפות לטקס 100 יחידו,יח',1.00,יח',false,,18.90,18.9000,true,1,3903107
7290017100418,false,"כפפות לטקס 100 יחי' L כשלפ עד""ח פרפקט",פאלאס,ID,כפפות לטקס 100 יחידו,יח',1.00,יח',false,,18.90,18.9000,true,1,3903108
7290017100425,false,"כפפות לטקס 100 יחי' XL כשלפ עד""ח פרפקט",DB,TH,כפפות לטקס לבן 100 י,יח',1.00,יח',false,,18.90,18.9000,true,1,3903109
7290017105062,false,גרגירי חומוס שלם יכין הקטניה הטובה 200 ג,היינץ צפון אמריקה מק,IL,חומוס יכין הקטניה הט,גרמים,105.00,100 גרם,false,,3.40,0.0324,true,1,3763868
7290017105079,false,שעועית לבנה ברוטב עגבניות יכין הקטניה הט,היינץ צפון אמריקה מק,IL,שעועית לבנה ברוטב עג,גרמים,105.00,100 גרם,false,,3.40,0.0324,true,1,3763907
7290017105116,false,תורמוס הקטניה הטובה יכין 200/105 גרם,"זנלכל בע""\מ",IL,תורמוס יכין הקטניה ה,גרמים,105.00,100 גרם,false,,3.40,0.0324,true,1,3763911
7290017105369,false,סירופ דיאט בטעם תה אפרסק יכין 1ליטר,זנלכל,IL,סירופ דיאט בטעם תה א,יח',1.00,יח',false,,16.70,16.7000,true,1,3868926
7290017105468,false,מארז שלישייה אפונה קטנה יכין 3*200 גר,קשקמט קונסרב הונגריה,IL,אפונה קטנה יכין 200,גרמים,360.00,100 גרם,false,,11.90,0.0331,true,1,3879529
7290017105550,false,רביעיית רסק עגבניות 100% יכין 4X100 גרם,היינץ צפון אמריקה מק,IL,רסק עגבניות 100% עגב,גרמים,400.00,100 גרם,false,,7.90,0.0198,true,1,3883584
7290017105895,false,גרגרי חומוס להכנת חומוס משובח יכין 560 ג,זנלכל,IL,גרגרי חומוס להכנת חו,יח',1.00,יח',false,,9.90,9.9000,true,1,3887422
7290017106069,false,"קוביות סלק יכין, 550 גרם",היינץ צפון אמריקה מק,IL,קוביות סלק יכין 550,גרמים,550.00,100 גרם,false,,6.90,0.0125,true,1,3883591
7290017121086,false,"אריסה ביתית מתוקה עללחם, 250 גרם","מדשא תעשיות מזון בע""\מ",IL,עללחם אריסה ביתית מת,גרמים,250.00,100 גרם,false,,12.90,0.0516,true,1,3903080
7290017129334,false,פניני טוסטונים צנימים טבעי 100 גרם,תות תעשיות מזון (201,IT,פניני טוסטונים צנימי,יח',1.00,יח',false,,4.90,4.9000,true,1,3857612
7290017129495,false,אגו מיקס כדורי תירס מצופים שוקולד חלב כרמית 55 גרם,כרמית תעשיות ממתקים בעמ,IL,אגו מיקס כדורי תירס,גרמים,55.00,100 גרם,false,,3.90,0.0709,true,1,3857613
7290017129624,false,כרמית לקקן ענבים תפוח 450 גרם,שוגבי,TR,לקקן ענבים תפוח 450,גרמים,450.00,100 גרם,false,,13.90,0.0309,true,1,3857618
7290017129754,false,"שוקולד מריר מעולה 70% מוצקי קקאו 100 גר בד""ץ","כרמית תעשיות ממתקים בע""\",IL,שוקולד 70% קלאסי כשל,גרמים,100.00,100 גרם,false,,7.90,0.0790,true,1,3869077
7290017129778,false,שוקולד פרימיום 70% מריר בטעם קפה כרמית 100 גרם,"כרמית תעשיות ממתקים בע""\",IL,שוקולד פרימיום 70% ק,גרמים,100.00,גרם,false,,7.90,0.0790,true,1,3869079
7290017129877,false,מיקס לקקנים שטוחים פירות 40*7.5 גר' * 24 בקר',דורקן סקרלמה סאן. וי,TR,מיקס לקקנים שטוחים 4,גרמים,300.00,100 גרם,false,,9.90,0.0330,true,1,3857623
7290017129983,false,שוקולד צ'יפס לבן פרווה כרמית 250 גרם,"כרמית תעשיות ממתקים בע""\",IL,אגו שוקו צ'יפס לבן 2,גרמים,250.00,100 גרם,false,,8.90,0.0356,true,1,3869089
7290017139272,false,פמינה שמן המפ שטיפה אינטימית,כ.צ.ט,IL,פמינה המפ 220 מל,מיליליטרים,220.00,"100 מ""ל",false,,19.90,0.0905,true,1,3869842
7290017142005,false,"שמן קוקוס אורגני כתית 320 מ""ל עץ הזית",אקספלונקה,LK,שמן קוקוס אורגני כתי,מיליליטרים,320.00,"100 מ""ל",false,,23.90,0.0747,true,1,3117321
7290017142012,false,שמן קוקוס אורגני כתית 500 מל עץ הזית,אקספולנקה,LK,שמן קוקוס אורגני כתי,מיליליטרים,500.00,"100 מ""ל",false,,39.80,0.0796,true,1,3117322
7290017142111,false,פתיתי טונה בשמן זית טו גו עץ הזית 85 גרם,"יוניקורד ח.צ בע""מ",TH,עץ הזית פתיתי טונה ב,גרמים,85.00,100 גרם,false,,9.90,0.1165,true,1,3868270
7290017142128,false,"שמן זית כתית מעולה קלאסי עץ הזית 750 מ""ל",שמן תעשיות בעמ,IT,שמן זית כתית מעולה ק,מיליליטרים,750.00,"100 מ""ל",false,,32.80,0.0437,true,1,3831468
7290017142159,false,"שלישיית נתחי טונה בהירה בשמן זית 80 גרם ""עץ הזית""",הנסיך- מפעל לייצור ט,TH,עץ הזית נתחי טונה בה,גרמים,168.00,100 גרם,false,,23.90,0.1423,true,1,3868271
7290017142180,false,פילה פרוס ושמן זית בנגיעות טעם לימון ופלפל שחור,"יוניקורד ח.צ בע""מ",TH,עץ הזית פילה טונה פר,יח',1.00,יח',false,,14.90,14.9000,true,1,3868273
7290017142203,false,"פילה טונה פרוס עם שמן זית בטעם מעושן 120 גרם ""עץ הזית""","יוניקורד ח.צ בע""מ",TH,עץ הזית פילה טונה פר,יח',1.00,יח',false,,14.90,14.9000,true,1,3868274
7290017142289,false,"תרסיס שמן חמניות מזוכך עץ הזית 200 מ""ל",י.ב טכנולוגיות אריזה בעמ,IT,תרסיס שמן חמניות עץ,מיליליטרים,200.00,"100 מ""ל",false,,15.70,0.0785,true,1,3868275
7290017142340,false,שמן זרעי ענבים מזוכך 1 לי עץ הזית,אף.ג'\יי.סנצ'\ז סוקחורס,TH,שמן זרעי ענבים מזוכך,מטרים,1000.00,100 מ'ל,false,,24.90,0.0249,true,1,3879345
7290017142371,false,"שמן שומשום לא מזוכך עץ הזית 250 מ""ל",גאה די. או. או.,SI,שמן שומשום לא מזוכך,מיליליטרים,250.00,"100 מ""ל",false,,29.90,0.1196,true,1,3879348
7290017142388,false,שמן חמניות פלוס אומגה 3 עץ הזית 1 ליטר,שמן תעשיות בעמ,IL,שמן חמניות פלוס 1 לי,יח',1.00,יח',false,,14.90,14.9000,true,1,3879349
7290017142418,false,"LUNCH TO GO אורז עם עדשים טונה בשמן זית 160 גרם ""עץ הזית""",יוניקורד ח.צ בעמ,TH,עץ הזית ארוחה טונה ע,גרמים,160.00,100 גרם,false,,13.90,0.0869,true,1,3879351
7290017142487,false,"LUNCH TO GO בורגול עם חומוס טונה בשמן זית 160 גרם ""עץ הזית""",יוניקורד ח.צ בעמ,TH,עץ הזית ארוחהבורגול,גרמים,160.00,100 גרם,false,,13.90,0.0869,true,1,3892621
7290017153148,false,חלב מרוכז פוליבה 300גר' בדץ,פוליבה בעמ,IL,חלב מרוכז 300 גר,גרמים,300.00,100 גרם,false,,10.90,0.0363,true,1,3573523
7290017189413,false,טבעות בצל שלמות בציפוי טמפורה,משק ויילר,ES,טבעות בצל שלמות בציפ,גרמים,600.00,100 גרם,false,,12.90,0.0215,true,1,3883171
7290017197067,false,מגבונים בייבי בישום עדין 100 יח רמי לוי,,,מגבונים בייבי בישום,100 יח',100.00,100 יח',false,,5.60,0.0560,true,1,3871047
7290017197142,false,שמפו נועה נגד קשקשים 750 מל רמי לוי,,,שמפו נועה נגד קשקשים,מיליליטרים,750.00,"100 מ""ל",false,,7.90,0.0105,true,1,3832459
7290017197159,false,שמפו ומרכך 2 ב1 נועה נגד קשקשים 750 מל רמי לוי,,,שמפו ומרכך 2 ב1 נועה,מיליליטרים,750.00,"100 מ""ל",false,,7.90,0.0105,true,1,3832460
7290017197296,false,שמפו נועה לילדים 750 מל רמי לוי,,,שמפו נועה לילדים 750,מיליליטרים,750.00,"100 מ""ל",false,,8.50,0.0113,true,1,3832461
7290017197302,false,שמפו ומרכך לילדים 2 ב-1 נועה 750 מל רמי לוי,,,שמפו ומרכך לילדים 2,מיליליטרים,750.00,"100 מ""ל",false,,8.50,0.0113,true,1,3832462
7290017197319,false,מרכך לילדים נועה 750 מל רמי לוי,,,מרכך לילדים נועה 750,מיליליטרים,750.00,"100 מ""ל",false,,8.50,0.0113,true,1,3832463
7290017197388,false,מגבונים הפי דייז מבושם 72*6 רמי לוי,,,מגבונים הפי דייז מבו,יח',72.00,יח',false,,19.90,0.2764,true,1,3841103
7290017197395,false,מגבונים הפי דייז ללא בישום 72*6 רמי לוי,,,מגבונים הפי דייז ללא,יח',72.00,יח',false,,19.90,0.2764,true,1,3871050
7290017197425,false,מגבונים בייבי מבושם 4*72 רמי לוי,,,מגבונים בייבי מבושם,יח',4.00,יח',false,,14.90,3.7250,true,1,3871051
7290017197432,false,מגבונים בייבי ללא בישום 4*72 רמי לוי,,,מגבונים בייבי ללא בי,יח',4.00,יח',false,,14.90,3.7250,true,1,3871052
7290017197449,false,מגבונים בייבי לעור רגיש 4*72 רמי לוי,,,מגבונים בייבי לעור ר,יח',4.00,יח',false,,14.90,3.7250,true,1,3871053
7290017197500,false,שמפו נועה לשיער יבש 750 מל רמי לוי,,,שמפו נועה לשיער יבש,מיליליטרים,750.00,"100 מ""ל",false,,7.90,0.0105,true,1,3832533
7290017197517,false,שמפו נועה לשיער רגיל 750 מל רמי לוי,,,שמפו נועה לשיער רגיל,מיליליטרים,750.00,"100 מ""ל",false,,7.90,0.0105,true,1,3832534
7290017197524,false,שמפו נועה לשיער רגיל מרוקאי 750 מל רמי לוי,,,שמפו נועה לשיער רגיל,מיליליטרים,750.00,"100 מ""ל",false,,7.90,0.0105,true,1,3832535
7290017197531,false,מרכך נועה לשיער יבש 750 מל רמי לוי,,,מרכך נועה לשיער יבש,מיליליטרים,750.00,"100 מ""ל",false,,7.90,0.0105,true,1,3832536
7290017197548,false,מרכך נועה מרוקאי לשיער רגיל 750 מל רמי לוי,,,מרכך נועה מרוקאי לשי,מיליליטרים,750.00,"100 מ""ל",false,,7.90,0.0105,true,1,3832537
7290017197555,false,מרכך נועה לשיער רגיל 750 מל רמי לוי,,,מרכך נועה לשיער רגיל,מיליליטרים,750.00,"100 מ""ל",false,,7.90,0.0105,true,1,3832538
7290017197616,false,אל סבון בניחוח פירות 1 ליטר,,,אל סבון בניחוח פירות,ליטרים,1.00,ליטר,false,,7.90,7.9000,true,1,3871054
7290017197623,false,אל סבון בניחוח לבנדר 1 ליטר,,,אל סבון בניחוח לבנדר,100 ליטור,1.00,100 ליטור,false,,7.90,7.9000,true,1,3871055
7290017197630,false,אל סבון בניחוח ים 1 ליטר,,,אל סבון בניחוח ים 1,ליטרים,1.00,ליטר,false,,7.90,7.9000,true,1,3871056
7290017197647,false,אל סבון בניחוח מאסק 1 ליטר,,,אל סבון בניחוח מאסק,ליטרים,1.00,ליטר,false,,7.90,7.9000,true,1,3871057
7290017197654,false,מטליות לחות לניקוי ר,,,מגבוני רצפה -רמי לוי,יח',1.00,יח',false,,8.90,8.9000,true,1,3871058
7290017197678,false,מגבוני ניקיון שלישייה -רמי לוי,,,מגבוני ניקיון שלישיי,יח',3.00,יח',false,,14.90,4.9667,true,1,3871059
7290017197685,false,שלישייה מגבוני טואלט לחים,,,שלישייה מגבוני טואלט,יח',3.00,יח',false,,9.90,3.3000,true,1,3871060
7290017197838,false,שמפו וגל רחצה לגבר נועה,,,שמפו וגל רחצה לגבר נ,מיליליטרים,750.00,"100 מ""ל",false,,8.50,0.0113,true,1,3871061
7290017197944,false,סבון קצף לידיים אלוורה,,,סבון קצף לידיים אלוו,מיליליטרים,500.00,"100 מ""ל",false,,6.90,0.0138,true,1,3894472
7290017197975,false,סבון קצף לילדים ענבים 500מל רמילוי,,,סבון קצף לילדים ענבי,מיליליטרים,500.00,"100 מ""ל",false,,6.90,0.0138,true,1,3883928
7290017197982,false,סבון קצף לילדים מלון 500מל רמילוי,,,סבון קצף לילדים מלון,מיליליטרים,500.00,"100 מ""ל",false,,6.90,0.0138,true,1,3883929
7290017197999,false,אלסבון לידיים ולגוף לבנדר 500מל רמילוי,,,אלסבון לידיים ולגוף,מיליליטרים,500.00,"100 מ""ל",false,,5.90,0.0118,true,1,3887609
7290017239101,false,סלמון אטלנטי מעושן מצונן,סלטי שמיר,IL,פילה סלמון נורווגי 1,גרמים,100.00,100 גרם,false,,19.90,0.1990,true,1,3811240
7290017239118,false,קרפצ'ינו סלמון נורוו,סלטי שמיר,IL,קרפצ'ינו סלמון נורוו,גרמים,100.00,100 גרם,false,,19.90,0.1990,true,1,3811241
7290017239187,false,מקרל פרוס בעישון קל 250,סלטי שמיר,IL,מקרל בעישון קר פרוס,גרמים,250.00,100 גרם,false,,29.70,0.1188,true,1,3845410
7290017239286,false,פילה מטיאס מעודן 250 גרם,"פוד קולקשיין בע""מ",IL,פילה הרינג ורוד 250,גרמים,250.00,100 גרם,false,,19.90,0.0796,true,1,3872910
7290017239378,false,מארז פיצה משפחתית מרגריטה 3 * 400 ג' כל טוב,,,מארז 3 יח פיצה 1.5 ק,יח',1.00,יח',false,,34.90,34.9000,true,1,3878641
7290017239828,false,פילה דג בקלה בציפוי,,,פילה דג בקלה בציפוי,גרמים,400.00,100 גרם,false,,29.90,0.0747,true,1,3897155
7290017260006,false,שמן פארפין למאור 1 ליטר,,,שמן פארפין למאור 1לי,יח',1.00,יח',false,,26.90,26.9000,true,1,3888746
7290017266602,false,וופל קראנץ טעם שוקולד 150ג רמילוי,,,וופל קראנץ טעם שוקול,גרמים,150.00,100 גרם,false,,2.90,0.0193,true,1,3887169
7290017266619,false,וופל קראנץ טעם אגוז 150ג רמילוי,,,וופל קראנץ טעם אגוז,גרמים,150.00,100 גרם,false,,2.90,0.0193,true,1,3887170
7290017266633,false,וופל רול טעם שוקולד 100ג רמילוי,,,וופל רול טעם שוקולד,יח',1.00,יח',false,,2.90,2.9000,true,1,3887172
7290017266640,false,וופל רול טעם אגוז 100ג רמילוי,,,וופל רול טעם אגוז 10,יח',1.00,יח',false,,2.90,2.9000,true,1,3887173
7290017266756,false,גביעי גלידה ללא סוכר רמילוי,,,גביעי גלידה ללא סוכר,יח',1.00,יח',false,,4.90,4.9000,true,1,3896514
7290017289113,false,"שיראז ממלכת יהודה אפרת 750 מ""ל",טפרברג,IL,שיראז סדרת ממלכת יהו,מיליליטרים,750.00,"100 מ""ל",false,,24.90,0.0332,true,1,3868366
7290017289120,false,"מרלו-פטיט סירה ממלכת יהודה אפרת 750 מ""ל",טפרברג,IL,מרלו פטיט סירה סדרת,מיליליטרים,750.00,"100 מ""ל",false,,24.90,0.0332,true,1,3868367
7290017289137,false,"זינפנדל ממלכת יהודה אפרת 750 מ""ל",יקב טפרברג 1870 בעמ,IL,זינפנדל סדרת ממלכת י,מיליליטרים,750.00,"100 מ""ל",false,,24.90,0.0332,true,1,3868368
7290017289144,false,"ממלכת יהודה סובניון בלאן 750 מ""ל","יקב טפרברג 1870 בע""מ",IL,סובניון בלאן סדרת ממ,יח',1.00,יח',false,,24.90,24.9000,true,1,3868369
7290017289151,false,"ממלכת יהודה אמרלד ריזלינג 750 מ""ל",יקב טפרברג,IL,אמרלד ריזלינג סדרת מ,יח',1.00,יח',false,,24.90,24.9000,true,1,3868370
7290017289175,false,"יין ישראלי פטיט סירה אפרת 750 מ""ל",יקב טפרברג 1870 בעמ,IL,פטיט סירה סדרת ישראל,מיליליטרים,750.00,"100 מ""ל",false,,17.90,0.0239,true,1,3868372
7290017289182,false,"יין ישראלי לבן חצי יבש אפרת 750 מ""ל",יקב טפרברג 1870 בעמ,IL,לבן חצי יבש סדרת ישר,מיליליטרים,750.00,"100 מ""ל",false,,17.90,0.0239,true,1,3868373
7290017289205,false,"יין ישראלי קברנה סוביניון 750 מ""ל",יקב טפרברג 1870 בעמ,IL,קברנה סובניון סדרת י,מיליליטרים,750.00,"100 מ""ל",false,,17.90,0.0239,true,1,3868375
7290017289595,false,"יין אינספייר בלנד אדום יבש 150 שנה 750 מ""ל",יקב טפרברג 1870 בעמ,IL,אינספייר בלנד אדום 7,מיליליטרים,750.00,"100 מ""ל",false,,64.90,0.0865,true,1,3886268
7290017296142,false,בריא מהטבע גרנולה שוקולד חלבה 400 גר,פנינה רוזנבלום,IL,בריא מהטבע גרנולה שו,גרמים,400.00,100 גרם,false,,24.90,0.0622,true,1,3885570
7290017297309,false,עדשים ירוקות מבושלות רמי לוי,,,עדשים ירוקות מבושלות,יח',1.00,יח',false,,13.90,13.9000,true,1,3895483
7290017297316,false,שעועית אדומה מבושלת מוקפאת רמי לוי,,,שעועית אדומה מבושלת,יח',1.00,יח',false,,13.90,13.9000,true,1,3895484
7290017297347,false,רוטב עגבניות מרוכז 28 580 גרם רמי לוי,,,רוטב עגבניות מרוכז 2,גרמים,580.00,100 גרם,false,,5.50,0.0095,true,1,3901925
7290017297354,false,רוטב עגבניות מרוכז 100גר רמילוי,,,רוטב עגבניות מרוכז 1,גרמים,100.00,100 גרם,false,,1.40,0.0140,true,1,3894964
7290017297361,false,רוטב עגבניות 240 גר רמילוי,,,רסק עגבניות 240 גר ר,גרמים,240.00,100 גרם,false,,2.90,0.0121,true,1,3894965
7290017297385,false,קלחי תירס 1 קג רמי לוי,,,קלחי תירס 1 קג רמי ל,קילוגרמים,1.00,"100 לק""ג",false,,11.90,11.9000,true,1,3901532
7290017303802,false,אריאל מלוואח 600 גרם,מאפיית אריאל,IL,"מלווח כשל""פ 600 גרם",גרמים,600.00,100 גרם,false,,21.90,0.0365,true,1,3869566
7290017325477,false,רסק עגבניות 100 גר אורגני - הרדוף,פריניר (הדס 1987) בע,IL,רסק עגבניות אורגני 1,גרמים,100.00,100 גרם,false,,3.40,0.0340,true,1,3896497
7290017334042,false,אורז יסמין 5 קג רמי לוי,,,אורז יסמין 5 קג רמי,קילוגרמים,5.00,"ק""ג",false,,36.90,7.3800,true,1,3847889
7290017389349,false,אגוז מלך קלופיים קלי,,,אגוז מלך קלופיים קלי,גרמים,280.00,100 גרם,false,,18.90,0.0675,true,1,3842555
7290017389356,false,שקד טבעי 280 גר,,,שקד טבעי 280 גר,גרמים,280.00,100 גרם,false,,21.90,0.0782,true,1,3842556
7290017389363,false,פקאן טבעי קלוף 280 ג,,,פקאן טבעי קלוף 280 ג,גרמים,280.00,100 גרם,false,,32.90,0.1175,true,1,3842557
7290017389370,false,אגוזי קשיו קלוף 250,,,אגוזי קשיו קלוף 250,גרמים,250.00,100 גרם,false,,23.90,0.0956,true,1,3842558
7290017389387,false,צנובר 150 גר,,,צנובר 150 גר,גרמים,150.00,100 גרם,false,,28.90,0.1927,true,1,3842559
7290017389394,false,גרעיני דלעת קלופים 2,,,גרעיני דלעת קלופים 2,גרמים,200.00,100 גרם,false,,9.90,0.0495,true,1,3842560
7290017389400,false,גרעיני חמנייה קלופים,,,גרעיני חמנייה קלופים,גרמים,200.00,100 גרם,false,,6.50,0.0325,true,1,3842561
7290017389417,false,פיסטוק קלוף 150 גר,,,פיסטוק קלוף 150 גר,גרמים,150.00,100 גרם,false,,26.90,0.1793,true,1,3842562
7290017389424,false,שקד מולבן פרוס 200 ג,,,שקד מולבן פרוס 200 ג,גרמים,200.00,100 גרם,false,,16.90,0.0845,true,1,3842563
7290017389431,false,שקד מולבן שבבים 200,,,שקד מולבן שבבים 200,גרמים,200.00,100 גרם,false,,16.90,0.0845,true,1,3842564
7290017389455,false,שקדים טבעיים קלופים,,,שקדים טבעיים קלופים,גרמים,150.00,100 גרם,false,,15.90,0.1060,true,1,3845528
7290017389462,false,אגוזי מלך קלופים 150,,,אגוזי מלך קלופים 150,גרמים,150.00,100 גרם,false,,11.90,0.0793,true,1,3845529
7290017389479,false,אגוז פקאן קלופים 150,,,אגוז פקאן קלופים 150,גרמים,150.00,100 גרם,false,,18.90,0.1260,true,1,3845530
7290017389493,false,פקאן סיני מסוכר 150,,,פקאן סיני מסוכר 150,גרמים,150.00,100 גרם,false,,17.80,0.1187,true,1,3845532
7290017389509,false,אגוזי קשיו קלויים 20,,,אגוזי קשיו קלויים 20,גרמים,200.00,100 גרם,false,,19.90,0.0995,true,1,3845533
7290017389516,false,גרעיני חמנייה קלויים,,,גרעיני חמנייה קלויים,גרמים,400.00,100 גרם,false,,7.80,0.0195,true,1,3845534
7290017389523,false,גרעיני חמנייה קלויים,,,גרעיני חמנייה קלויים,גרמים,200.00,100 גרם,false,,4.30,0.0215,true,1,3845535
7290017389547,false,תערובת אגוזים קלויים,,,תערובת אגוזים קלויים,גרמים,200.00,100 גרם,false,,20.90,0.1045,true,1,3845536
7290017389554,false,גרעין אבטיח קלוי 200,,,גרעין אבטיח קלוי 200,גרמים,200.00,100 גרם,false,,13.90,0.0695,true,1,3845537
7290017389561,false,בוטנים קלויים 200 גר,,,בוטנים קלויים 200 גר,גרמים,200.00,100 גרם,false,,5.90,0.0295,true,1,3845538
7290017389578,false,שקדים קלויים 200 גר,,,שקדים קלויים 200 גר,גרמים,200.00,100 גרם,false,,21.90,0.1095,true,1,3845539
7290017389585,false,גרעיני דלעת קלויים 2,,,גרעיני דלעת קלויים 2,גרמים,200.00,100 גרם,false,,8.90,0.0445,true,1,3845540
7290017389592,false,בוטן בקליפה קלויי 20,,,בוטן בקליפה קלויי 20,גרמים,200.00,100 גרם,false,,6.90,0.0345,true,1,3845541
7290017389608,false,בוטן מטוגן 200 גר,,,בוטן מטוגן 200 גר,גרמים,200.00,100 גרם,false,,6.90,0.0345,true,1,3845542
7290017389615,false,פיסטוקים קלויים 200,,,פיסטוקים קלויים 200,גרמים,200.00,100 גרם,false,,16.30,0.0815,true,1,3845543
7290017389639,false,קבוקים 200 גר,,,קבוקים 200 גר,גרמים,200.00,100 גרם,false,,5.90,0.0295,true,1,3845545
7290017389653,false,משמש מיובש 450 גר,,,משמש מיובש 450 גר,גרמים,450.00,100 גרם,false,,21.90,0.0487,true,1,3845547
7290017389660,false,צימוק בהיר 400 גרם-,,,צימוק בהיר 400 גר,גרמים,400.00,100 גרם,false,,21.90,0.0547,true,1,3845548
7290017389677,false,חמוציות מסוכרות 400,,,חמוציות מסוכרות 400,גרמים,400.00,100 גרם,false,,14.90,0.0373,true,1,3845549
7290017389684,false,שזיף מיובש ללא גלעין,,,שזיף מיובש ללא גלעין,גרמים,450.00,100 גרם,false,,21.90,0.0487,true,1,3845550
7290017389707,false,חמוציות ברכז פרי 330,,,חמוציות ברכז פרי 330,גרמים,330.00,100 גרם,false,,16.90,0.0512,true,1,3845552
7290017389721,false,פקאן סיני מסוכר 200,,,פקאן סיני מסוכר 200,גרמים,200.00,100 גרם,false,,24.90,0.1245,true,1,3845554
7290017389738,false,שזיף מיובש 450 גר,,,שזיף מיובש 450 גר,גרמים,450.00,100 גרם,false,,16.90,0.0376,true,1,3845555
7290017389752,false,ג'ינג'ר מסוכר 200 גר,,,ג'ינג'ר מסוכר 200 גר,גרמים,200.00,100 גרם,false,,9.80,0.0490,true,1,3845557
7290017389769,false,בננה צ'יפס מסוכרת 25,,,בננה צ'יפס מסוכרת 25,גרמים,250.00,100 גרם,false,,9.90,0.0396,true,1,3845558
7290017389813,false,תאנים מיובשות 330 גר,,,תאנים מיובשות 330 גר,גרמים,330.00,100 גרם,false,,19.60,0.0594,true,1,3845563
7290017389820,false,צימוקים כהים 300 גר,,,צימוקים כהים 300 גר,גרמים,300.00,100 גרם,false,,9.90,0.0330,true,1,3845564
7290017389837,false,חמוציות מסוכרות 250,,,חמוציות מסוכרות 250,גרמים,250.00,100 גרם,false,,8.90,0.0356,true,1,3845565
7290017389844,false,משמש מיובש 300 גר,,,משמש מיובש 300 גר,גרמים,300.00,100 גרם,false,,14.50,0.0483,true,1,3845566
7290017389851,false,שזיף מיובש ללא גלעין,,,שזיף מיובש ללא גלעין,גרמים,300.00,100 גרם,false,,14.50,0.0483,true,1,3845567
7290017389868,false,שזיפים מיובשים 300 ג,,,שזיפים מיובשים 300 ג,גרמים,300.00,100 גרם,false,,11.90,0.0397,true,1,3845568
7290017389875,false,צימוקים בהירים 300 ג,,,צימוקים בהירים 300 ג,גרמים,300.00,100 גרם,false,,15.90,0.0530,true,1,3845569
7290017389882,false,צנובר 80 גרם - קליית,,,צנובר 80 גר,גרמים,80.00,100 גרם,false,,18.90,0.2362,true,1,3845570
7290017389905,false,"אננס מיובש לל""ס 160",,,"אננס מיובש לל""ס 160",גרמים,160.00,100 גרם,false,,16.90,0.1056,true,1,3865636
7290017389912,false,זרעי צ'יה 300 גר רמילוי,,,זרעי צ'יה 300 גר רמי,גרמים,300.00,100 גרם,false,,15.90,0.0530,true,1,3873205
7290017389929,false,שקד מולבן גרוס 200 ג,,,שקד מולבן גרוס 200 ג,גרמים,200.00,100 גרם,false,,16.90,0.0845,true,1,3845571
7290017389943,false,שקד מולבן חצוי 200 ג,,,שקד מולבן חצוי 200 ג,גרמים,200.00,100 גרם,false,,16.90,0.0845,true,1,3845572
7290017389950,false,אגוז מלך גרוס 200 גר,,,אגוז מלך גרוס 200 גר,גרמים,200.00,100 גרם,false,,17.90,0.0895,true,1,3845573
7290017389967,false,ערמונים קלופים 100 גר קליית השקמה,,,ערמונים קלופים 100 ג,גרמים,100.00,100 גרם,false,,4.90,0.0490,true,1,3845574
7290017390000,false,אפונה וואסבי 150 גר,,,אפונה וואסבי 150 גר,גרמים,150.00,100 גרם,false,,10.90,0.0727,true,1,3845575
7290017390017,false,תירס קלוי150 גר,,,תירס קלוי150 גר,גרמים,150.00,100 גרם,false,,10.90,0.0727,true,1,3845576
7290017390031,false,בוטן רביולי 150 גר,,,בוטן רביולי 150 גר,גרמים,150.00,100 גרם,false,,10.90,0.0727,true,1,3845578
7290017390048,false,פול מטוגן בקליפה 140,,,פול מטוגן בקליפה 140,גרמים,140.00,100 גרם,false,,10.90,0.0779,true,1,3845579
7290017390390,false,"גרנולה פירות 1 ק""ג -",,,גרנולה פירות 1 קג,גרמים,1000.00,100 גרם,false,,19.90,0.0199,true,1,3845608
7290017390420,false,"מיזלי צימוקים ותפ""ע 1 קג",,,"מיזלי צימוקים ותפ""ע",גרמים,1000.00,100 גרם,false,,19.90,0.0199,true,1,3845611
7290017390468,false,גרעיני אבטיח כורדי 2,,,גרעיני אבטיח כורדי 2,גרמים,200.00,100 גרם,false,,13.90,0.0695,true,1,3845615
7290017390475,false,מטבעות שוקולד מריר לאפיה 300 גר,,,מטבעות שוקולד מריר ל,גרמים,300.00,100 גרם,false,,10.90,0.0363,true,1,3845616
7290017390482,false,מטבעות שוקולד חלב לאפיה 300 גר,,,מטבעות שוקולד חלב לא,גרמים,300.00,100 גרם,false,,10.90,0.0363,true,1,3845617
7290017390499,false,מטבעות שוקולד לבן לאפיה 300 גר,,,מטבעות שוקולד לבן לא,גרמים,300.00,100 גרם,false,,10.90,0.0363,true,1,3845618
7290017390529,false,סוכריות גומי דובונים פירות 300 גר,,,סוכריות גומי דובונים,גרמים,300.00,100 גרם,false,,9.90,0.0330,true,1,3845621
7290017390543,false,סוכריות גומי מסוכרות,,,סוכריות גומי טעם בננ,גרמים,300.00,100 גרם,false,,9.90,0.0330,true,1,3845623
7290017390567,false,סוכריות גומי נחשים ב,,,סוכריות גומי נחשים 3,גרמים,300.00,100 גרם,false,,9.90,0.0330,true,1,3845625
7290017390574,false,סוכריות גומי טעם אבטיח 300 גר,,,סוכריות גומי טעם אבט,גרמים,300.00,100 גרם,false,,9.90,0.0330,true,1,3845626
7290017390628,false,שקד בציפוי שוקולד חלב 250 גר,,,שקד בציפוי שוקולד חל,גרמים,250.00,100 גרם,false,,15.90,0.0636,true,1,3845631
7290017390697,false,אגוז לוז בציפוי שוקולד חלב 250 גר,,,אגוז לוז בציפוי שוקו,גרמים,250.00,100 גרם,false,,15.90,0.0636,true,1,3845638
7290017390710,false,שומשום בציפוי שוקולד מריר 250 גר,,,שומשום בציפוי שוקולד,גרמים,250.00,100 גרם,false,,15.90,0.0636,true,1,3845640
7290017390734,false,פקאן בציפוי שוקולד לבן 250 גר,,,פקאן בציפוי שוקולד ל,גרמים,250.00,100 גרם,false,,15.90,0.0636,true,1,3845642
7290017390741,false,סוכריות מנטול ירוק 2,,,סוכריות מנטול ירוק 2,גרמים,220.00,100 גרם,false,,9.90,0.0450,true,1,3845643
7290017390758,false,סוכריות מנטול כחול 220 גר,,,סוכריות מנטול כחול 2,גרמים,220.00,100 גרם,false,,9.90,0.0450,true,1,3845644
7290017390789,false,סוכריות מטלוס מנטה 220 גר,,,סוכריות מטלוס מנטה 2,גרמים,220.00,100 גרם,false,,9.90,0.0450,true,1,3845647
7290017390819,false,חטיפי בוטנים 250 גר',,,חטיפי בוטנים 250 גר,גרמים,250.00,100 גרם,false,,9.90,0.0396,true,1,3845650
7290017406367,false,אורז פרסי 1קג זיפר ר,,,אורז פרסי 1קג זיפר ר,גרמים,1000.00,100 גרם,false,,6.50,0.0065,true,1,3872055
7290017406374,false,אורז יסמין 1קג זיפר רמילוי,,,אורז יסמין 1קג זיפר,גרמים,1000.00,100 גרם,false,,8.90,0.0089,true,1,3872056
7290017406381,false,פירורי לחם מתובלים ג,,,פירורי לחם מתובלים ג,מיליליטרים,500.00,"100 מ""ל",false,,7.90,0.0158,true,1,3872044
7290017406398,false,פירורי לחם מתובלים ש,,,פירורי לחם מתובלים ש,מיליליטרים,500.00,"100 מ""ל",false,,7.90,0.0158,true,1,3872045
7290017406435,false,אורז בסמטי חום טאג' מאהל רמילוי,,,אורז בסמטי חום טאג',יח',1.00,יח',false,,9.90,9.9000,true,1,3894995
7290017406589,false,אורז בסמטי טאג' מאהל 1קג רמילוי,,,אורז בסמטי טאג' מאהל,גרמים,1000.00,100 גרם,false,,9.90,0.0099,true,1,3885326
7290017406619,false,פירורי לחם לבנים 1קג רמילוי,,,פירורי לחם לבנים 1קג,גרמים,1000.00,100 גרם,false,,9.90,0.0099,true,1,3887683
7290017406626,false,פירורי לחם מוזהבים 1קג רמילוי,,,פירורי לחם מוזהבים 1,גרמים,1000.00,100 גרם,false,,9.90,0.0099,true,1,3887684
7290017406695,false,מיני טורטיה מקמח חיטה וסובין רמי לוי,,,מיני טורטיה מקמח חיט,גרמים,250.00,100 גרם,false,,7.90,0.0316,true,1,3901512
7290017406718,false,מיני טורטיה מקמח חיטה רמי לוי,,,מיני טורטיה מקמח חיט,גרמים,250.00,100 גרם,false,,7.90,0.0316,true,1,3901514
7290017406725,false,חרדל עם גרגירים 350גר רמילוי,,,חרדל עם גרגירים 350ג,גרמים,350.00,100 גרם,false,,7.90,0.0226,true,1,3890451
7290017406732,false,חרדל דיג'ון 350גר רמילוי,,,חרדל דיג'ון 350גר רמ,גרמים,350.00,100 גרם,false,,7.90,0.0226,true,1,3894997
7290017406817,false,טורטיה קמח חיטה רמי לוי,,,טורטיה קמח חיטה רמי,גרמים,360.00,100 גרם,false,,8.90,0.0247,true,1,3901515
7290017406824,false,טורטיה קמח חיטה וסובין רמי לוי,,,טורטיה קמח חיטה וסוב,גרמים,360.00,100 גרם,false,,8.90,0.0247,true,1,3901516
7290017406848,false,פתי בר וניל 300גר רמילוי,,,פתי בר וניל 300גר רמ,גרמים,300.00,100 גרם,false,,4.50,0.0150,true,1,3904473
7290017440309,false,"ד""ר פישר - קידס שמפו ויטמינים 750 מ""ל","ד""ר פישר Dr fischer",IL,שמפו קידס 750 מל,מיליליטרים,750.00,"100 מ""ל",false,,16.90,0.0225,true,1,3875390
7290017440323,false,"ד""ר פישר - קידס שמפו + מרכך ויטמינים 750 מ""ל","ד""ר פישר Dr fischer",IL,שמפו+מרכך קידס 750 מ,יח',1.00,יח',false,,16.90,16.9000,true,1,3875391
7290017440798,false,ד.פישר סילבר מרכך לשיער כסוף 400 מל,קולגייט פלמוליב,IL,סילבר מרכך לשיער כסו,מיליליטרים,400.00,"100 מ""ל",false,,29.90,0.0747,true,1,3880250
7290017440965,false,אל סבון היגייני לניקוי יסודי ולהזנת העור clean & nourish,"ד""ר פישר Dr fischer",IL,אל סבון קמיל בלו לבן,יח',1.00,יח',false,,15.80,15.8000,true,1,3870539
7290017457574,false,כדוריות סבון נתלה לאסלה בניחוח פרחים - 3 יח',הנקל סוד,RS,סוד כדוריות לאסלה פר,גרמים,204.00,100 גרם,false,,16.90,0.0828,true,1,3871003
7290017457628,false,גל כביסה סוד טוטאל כחול 2.5 ליטר,הנקל סוד,IL,סוד ג'ל כביסה טוטל כ,ליטרים,2.50,ליטר,false,,19.90,7.9600,true,1,3886561
7290017457703,false,"סוד ארומתרפי זהב מרכך כביסה מרוכז20%+בישום 900 מ""ל",הנקל סוד,IL,סוד מרכך ארומתרפי זה,מיליליטרים,900.00,"100 מ""ל",false,,11.90,0.0132,true,1,3871009
7290017457710,false,"מרכך כביסה סוד מרוכז ארומתרפי סגול 900 מ""ל",הנקל,IL,סוד מרכך מרוכז ארומה,מיליליטרים,900.00,"100 מ""ל",false,,11.90,0.0132,true,1,3871010
7290017457727,false,"סוד כחול מרכך כביסה מרוכז20%+בישום 900 מ""ל",הנקל סוד,IL,סוד מרכך מרוכז 900 מ,מיליליטרים,900.00,"100 מ""ל",false,,11.90,0.0132,true,1,3871011
7290017457734,false,"סוד ורוד מרכך כביסה מרוכז20%+בישום 900 מ""ל",הנקל סוד,IL,סוד מרכך מרוכז ורוד,מיליליטרים,900.00,"100 מ""ל",false,,11.90,0.0132,true,1,3871012
7290017457741,false,"מרכך כביסה סוד מרוכז סגול 900 מ""ל",הנקל,IL,סוד מרכך מרוכז סגול,מיליליטרים,900.00,"100 מ""ל",false,,11.90,0.0132,true,1,3871013
7290017457871,false,סוד ג'ל כביסה ירוק טוטאל 4 ליטר,הנקל סוד,IL,סוד ג'ל כביסה טוטל י,ליטרים,4.00,ליטר,false,,26.90,6.7250,true,1,3886562
7290017457888,false,סוד ג'ל כביסה טוטל כחול 4 לי,הנקל סוד,IL,סוד ג'ל כביסה טוטל כ,ליטרים,4.00,ליטר,false,,26.90,6.7250,true,1,3886563
7290017457925,false,סוד מרכך כביסה מרוכז פרש קונטרול ורוד,הנקל סוד,IL,סוד מרכך מרוכז ורוד,מיליליטרים,900.00,"100 מ""ל",false,,11.90,0.0132,true,1,3891404
7290017457932,false,סוד מרכך כביסה מרוכז פרש קונטרול כחול,הנקל סוד,IL,סוד מרכך מרוכז כחול,מיליליטרים,900.00,"100 מ""ל",false,,13.90,0.0154,true,1,3891124
7290017477169,false,קשיו קלוי 250 גרם ששון הקולה,"דין שיווק וקלייה בע""",IL,שקדיה קשיו קלוי 250ג,גרמים,250.00,100 גרם,false,,19.90,0.0796,true,1,3895245
7290017477688,false,מנגו מיובש 160גר ללא,,,מנגו מיובש 160גר ללא,גרמים,160.00,100 גרם,false,,16.90,0.1056,true,1,3873209
7290017477701,false,קוקוס מיובש 160גר לל,,,קוקוס מיובש 160גר לל,גרמים,160.00,100 גרם,false,,13.80,0.0863,true,1,3873211
7290017477718,false,שקד טחון 200 גר,,,שקד טחון 200 גר,יח',1.00,יח',false,,16.90,16.9000,true,1,3873212
7290017487045,false,"עירית בנספק ""שדות בעמק""",חקלאי,IL,עירית שדות בעמק,גרמים,40.00,100 גרם,false,,5.90,0.1475,true,1,3875045
7290017487090,false,שיבה בנספק 40גרם שדו,חקלאי,IL,שיבה שדות בעמק,גרמים,40.00,100 גרם,false,,5.90,0.1475,true,1,3895860
7290017487137,false,"אורגנו בנספק ""שדות בעמק""",חקלאי,IL,אורגנו שדות בעמק,יח',1.00,יח',false,,5.90,5.9000,true,1,3875052
7290017487175,false,"רוזמרין בנספק ""שדות בעמק""",חקלאי,IL,רוזמרין שדות בעמק,יח',1.00,יח',false,,5.90,5.9000,true,1,3865709
7290017487205,false,"מרווה בנספק ""שדות בעמק""",חקלאי,IL,מרווה שדות בעמק,גרמים,40.00,100 גרם,false,,5.90,0.1475,true,1,3865710
7290017487229,false,קורנית בנספק שדות בע,חקלאי,IL,קורנית שדות בעמק,גרמים,40.00,100 גרם,false,,5.90,0.1475,true,1,3875056
7290017487403,false,"בזיליקום גדול ""שדות בעמק""",חקלאי,IL,בזיליקום שדות בעמק,גרמים,100.00,100 גרם,false,,8.90,0.0890,true,1,3895861
7290017487410,false,רוקולה 100 גרם שדות בעמק,חקלאי,IL,רוקולה 100 גרם שדות,גרמים,40.00,100 גרם,false,,10.90,0.2725,true,1,3895862
7290017487427,false,עלי קייל דינוזאור שד,חקלאי,IL,עלי קייל שדות בעמק,יח',1.00,יח',false,,12.90,12.9000,true,1,3895863
7290017487441,false,בצל ירוק בשקית יחידה,חקלאי,IL,בצל ירוק שדות בעמק,יח',1.00,יח',false,,6.90,6.9000,true,1,3895864
7290017487458,false,פזיל/מנגולד בשקית שד,חקלאי,IL,מנגולד שדות בעמק,יח',1.00,יח',false,,6.90,6.9000,true,1,3895865
7290017487472,false,"חסה סלנובה ""שדות בעמק""",חקלאי,IL,חסה סלנובה שדות בעמק,יח',1.00,יח',false,,9.90,9.9000,true,1,3895866
7290017487489,false,"תרד ניו זילנדי שדות בעמק""",חקלאי,IL,תרד ניו זילנד שדות ב,יח',1.00,יח',false,,11.90,11.9000,true,1,3895867
7290017487526,false,"עלי חסה רומית ""שדות בעמק""",חקלאי,IL,עלי חסה רומית שדות ב,יח',1.00,יח',false,,9.90,9.9000,true,1,3895869
7290017487557,false,בזיליקום בנספק שדות,חקלאי,IL,בזיליקום שדות בעמק,גרמים,40.00,100 גרם,false,,5.90,0.1475,true,1,3895870
7290017487595,false,נענע בשקית שדות בעמק,חקלאי,IL,נענע שדות בעמק,יח',1.00,יח',false,,4.90,4.9000,true,1,3895873
7290017487601,false,פטרוזיליה בשקית שדות,חקלאי,IL,פטרוזליה שדות בעמק,יח',1.00,יח',false,,4.90,4.9000,true,1,3895874
7290017487618,false,כוסברה בשקית שדות בע,חקלאי,IL,כוסברה שדות בעמק,יח',1.00,יח',false,,4.90,4.9000,true,1,3895875
7290017487625,false,שמיר בשקית שדות בעמק,חקלאי,IL,שמיר שדות בעמק,יח',1.00,יח',false,,4.90,4.9000,true,1,3895876
7290017487823,false,סלרי עלים בשקית שדות,חקלאי,IL,סלרי עלים שדות בעמק,יח',1.00,יח',false,,6.90,6.9000,true,1,3895878
7290017513485,false,מחית עגבניות רוסטיקה גרנד איטליה 680 גרם,היצרן: ס.פ. פודנצנו -10,IT,מחית עגבניות 680 ג,גרמים,680.00,100 גרם,false,,12.30,0.0181,true,1,3879424
7290017513775,false,פליפז בייגלה מצופה שוקולד חלב מקוויטיס 140 גרם,שוורצקוף& הנקל דיסלד,TR,בייגלה מצופה בשוקולד,גרמים,140.00,100 גרם,false,,7.90,0.0564,true,1,3879427
7290017513782,false,פליפז בייגלה מצופה שוקולד מריר מקוויטיס 140 גרם,שוורצקוף& הנקל דיסלד,TR,בייגלה מצופה בשוקולד,גרמים,140.00,100 גרם,false,,7.90,0.0564,true,1,3879428
7290017589633,false,"רזרב גולד אדישיין קברנה סוביניון 750 מ""ל",יקבי ברקן Barkan,IL,רזרב גולד קברנה סובי,מיליליטרים,750.00,"100 מ""ל",false,,32.90,0.0439,true,1,3867115
7290017595023,false,כוסיות לנרונים עם סיליקון,,,כוסיות לנרונים,יח',1.00,יח',false,,2.90,2.9000,true,1,3871495
7290017595054,false,זוג כוסיות שבת +גומי,,IL,זוג כוסיות עם גומי,יח',1.00,יח',false,,4.90,4.9000,true,1,3888747
7290017599229,false,ממתיק סוכרלוז 200 טבליות סוכרזית,"סוכרזית בע""מ",IL,סוכריות סוכרלוז 200,יח',1.00,יח',false,,19.90,19.9000,true,1,3901780
7290017599236,false,סוכריות סטיוויה 200 טבליות,סנו מפעלי ברונוס.,IL,סוכריות סטיוויה 200,יח',1.00,יח',false,,21.90,21.9000,true,1,3901781
7290017616414,false,אפונה וגזר 800 ג,,,אפונה וגזר 800 ג,גרמים,800.00,100 גרם,false,,7.90,0.0099,true,1,3884049
7290017616711,false,שיני שום מוקפאות 250 גר,ג'קסיאן הינגשינגפודס,CN,שיני שום מוקפאות 250,גרמים,250.00,100 גרם,false,,10.90,0.0436,true,1,3890308
7290017617046,false,נתחי טונה בשמן זית כתית מעולה רביעיה * 140 ג',סטארקיסט,TR,טונה סטארקיסט בשמן ז,גרמים,560.00,100 גרם,false,,21.80,0.0389,true,1,3879445
7290017617091,false,סטארקיסט מיקס טוגו טונה עם פתיתים 185 גרם,דרדנל אוננטאס גידה,TR,סטארקיסט מיקס טוגו 1,גרמים,185.00,100 גרם,false,,12.90,0.0697,true,1,3889968
7290017617107,false,סטארקיסט מיקס טוגו טונה עם 4 דגנים 185 גרם,"איטיליאן פוד, אס.פי.",TR,סטארקיסט מיקס טוגו 1,גרמים,185.00,100 גרם,false,,12.90,0.0697,true,1,3889899
7290017617138,false,רביעיית טונה סטארקיסט בשמן קנולה דל נתרן 160 גרם,"סטארקיסט פודור בע""מ",TH,טונה סטארקיסט בשמן ד,גרמים,640.00,100 גרם,false,,24.90,0.0389,true,1,3892979
7290017641089,false,פניני צנימים עם בטעם,ניולט פוד,IT,פניני צנימים קלאסי 3,גרמים,100.00,100 גרם,false,,9.90,0.0990,true,1,3869094
7290017641096,false,"שוקולד פרימיום 70% לל""ס 100גרם בדצ *12יח*2 בדיס",כרמית תעשיות ממתקים,IL,שוקולד פרימיום 70% ל,יח',1.00,יח',false,,7.50,7.5000,true,1,3869095
7290017641201,false,קרקר עם שיפון מלא וקייל כרמית 130 גרם,דנוויטה ג'\יי. אס. סי,LT,קרקר עם שיפון מלא וק,גרמים,130.00,100 גרם,false,,5.70,0.0438,true,1,3869105
7290017641508,false,"כדורים פריכים מצופים שוקולד חלב 55 גר כשל""פ",כרמית תעשיות ממתקים בעמ,IL,אגו מיקס כדור שוקולד,גרמים,55.00,100 גרם,false,,3.80,0.0691,true,1,3893206
7290017641515,false,"כדורים פריכים מצופים שוקולד לבן 55 גר כשל""פ",כרמית תעשיות ממתקים בעמ,IL,אגו מיקס כדור שוקולד,גרמים,55.00,100 גרם,false,,3.80,0.0691,true,1,3893207
7290017641720,false,שוקולד פרימיום 70% שברי שקד כרמית 100 גרם,כרמית תעשיות ממתקים בעמ,IL,שוקולד מריר שברי אגו,גרמים,100.00,100 גרם,false,,7.90,0.0790,true,1,3883637
7290017641751,false,מרשמלו ורוד לבן 180ג רמילוי,,,מרשמלו ורוד לבן 180ג,גרמים,180.00,100 גרם,false,,4.90,0.0272,true,1,3884103
7290017641768,false,מרשמלו מסובב ורוד לבן 180ג רמילוי,,,מרשמלו מסובב ורוד לב,גרמים,180.00,100 גרם,false,,4.90,0.0272,true,1,3884104
7290017641775,false,מרשמלו צבעוני 180ג רמילוי,,,מרשמלו מסובב 180ג רמ,גרמים,180.00,100 גרם,false,,4.90,0.0272,true,1,3884105
7290017641782,false,טופי אצבעות בטעם תות כרמית 804 גרם,,TR,טופי אצבעות תות 804,גרמים,804.00,100 גרם,false,,19.90,0.0248,true,1,3883640
7290017641829,false,"טופי ממולא בטעמי פירות 600 גר' בד""ץ כרמית",שוגבי סקרלמה גידה אינסט,TR,סוכריות טופי ממולאות,גרמים,600.00,100 גרם,false,,9.90,0.0165,true,1,3887437
7290017641997,false,"שוקולד מריר עם שברי אגוזי לוז פרימיום 70% לל""ס כרמית","כרמית תעשיות ממתקים בע""\",IL,שוקולד מריר מעולה 70,יח',1.00,יח',false,,7.50,7.5000,true,1,3887440
7290017647425,false,"יין גמלא קברנה סוביניון שנת 2018 750 מ""ל",יקבי רמת הגולן,IL,גמלא קברנה סובניון 7,מיליליטרים,750.00,"100 מ""ל",false,,59.90,0.0799,true,1,3887681
7290017687162,false,גליונות נייר לבן לפסח,,IL,נייר ארונות לבן 10 י,יח',1.00,יח',false,,5.90,5.9000,true,1,3895196
7290017688503,false,בורקס גבינה ללא גלוטן,,,בורקס גבינה 400 גר ל,גרמים,400.00,100 גרם,false,,19.90,0.0497,true,1,3879844
7290017712161,false,פרמיו מזון מלא פאוץ עם סלמון בג'לי 85 גר,,FR,פרמיו מזון מלא פאוץ,יח',1.00,יח',false,,4.00,4.0000,true,1,3881988
7290017712185,false,פרמיו מזון מלא פאוץ,,,פרמיו מזון מלא פאוץ,יח',1.00,יח',false,,4.00,4.0000,true,1,3881990
7290017712192,false,פרמיו נתחי פילה עוף ועשבי תיבול 100 גר,פרמיו Premio,FR,פרמיו נתחי פילה עוף,יח',1.00,יח',false,,4.90,4.9000,true,1,3881991
7290017712215,false,פרמיו שימורי מזון מל,,,פרמיו עוף לחתול 100,יח',1.00,יח',false,,4.90,4.9000,true,1,3881993
7290017712246,false,פרמיו עם בקר ולבבות 150 גר,פרמיו Premio,FR,פרמיו עם בקר ולבבות,גרמים,150.00,100 גרם,false,,5.90,0.0393,true,1,3881996
7290017712277,false,פרמיו עם כבש במרקם פטה 100 גר,פרמיו Premio,FR,פרמיו עם כבש במרקם פ,יח',1.00,יח',false,,5.90,5.9000,true,1,3881998
7290017712505,false,מחית תפוע רביעייה 19,HME,CZ,מחית תפוע רביעייה 19,גרמים,190.00,100 גרם,false,,18.90,0.0995,true,1,3886065
7290017712550,false,גוסטו מרק כתום 300 מ,,,גוסטו מרק כתום 300 מ,מיליליטרים,300.00,"100 מ""ל",false,,6.90,0.0230,true,1,3890797
7290017712567,false,גוסטו מרק אפונה 300 מל,קונסורזיו קאסאלאסקו,IT,גוסטו מרק אפונה 300,מיליליטרים,300.00,"100 מ""ל",false,,6.90,0.0230,true,1,3891316
7290017712598,false,הורייזן סלמון לחתול,הורייזן Horizon,,הוריזן סלמון לחתול 8,יח',1.00,יח',false,,5.90,5.9000,true,1,3896175
7290017712666,false,הוריזן בקר לכלב ננסי 100 גר,הורייזן Horizon,DE,הוריזן בקר לכלב ננסי,יח',1.00,יח',false,,4.90,4.9000,true,1,3896181
7290017712734,false,פרמיו לגור חתולים עוף וכבד,פרמיו Premio,,פרמיו גור עוף וכבד 1,יח',1.00,יח',false,,4.90,4.9000,true,1,3896188
7290017712765,false,פרימו סלמון ופורל לחתול,פרמיו Premio,FR,פרמיו סלמון ופורל 10,יח',1.00,יח',false,,4.90,4.9000,true,1,3896190
7290017712789,false,פרמיו סטירליז עוף 100 ג',,FR,פרמיו סטירליז עוף 10,יח',1.00,יח',false,,4.90,4.9000,true,1,3890012
7290017715285,false,רביעיית מחית תפוח עץ עם דובדבן תומר 113 גרם,Cherry growers inc,US,רסק תפוע עם דובדבן 4,גרמים,452.00,100 גרם,false,,9.90,0.0219,true,1,3883272
7290017715346,false,זית שחור טאסוס 400 גרם,מסנוי גידה רעהס,TR,זית שחור טאסוס 400גר,גרמים,400.00,100 גרם,false,,14.90,0.0373,true,1,3878825
7290017715438,false,שימורי אפונה בשלשות 200 גרם,,HU,אפונה שלשות 200 גר ת,יח',1.00,יח',false,,7.90,7.9000,true,1,3891060
7290017715742,false,"טורטיה תירס כשל""פ 250 גר",מיסון פוד איבריה,ES,טורטיית תירס 250גר כ,גרמים,250.00,100 גרם,false,,8.90,0.0356,true,1,3883273
7290017715872,false,תומר כרוב כבוש תומר 550 גרם,,,תומר כרוב כבוש 550 ג,גרמים,550.00,100 גרם,false,,5.80,0.0105,true,1,3892030
7290017752631,false,אטריות ביצים רחבות 400ג רמילוי,,,אטריות ביצים רחבות 4,גרמים,400.00,100 גרם,false,,6.90,0.0173,true,1,3875318
7290017752648,false,אטריות ביצים דקות 400ג רמילוי,,,אטריות ביצים דקות 40,גרמים,400.00,100 גרם,false,,6.90,0.0173,true,1,3875319
7290017752709,false,אטריות אורז דקות 454ג רמילוי,,,אטריות אורז דקות 454,גרמים,454.00,100 גרם,false,,10.50,0.0231,true,1,3875320
7290017752716,false,אטריות אורז רחבות 454ג רמילוי,,,אטריות אורז רחבות 45,גרמים,454.00,100 גרם,false,,10.50,0.0231,true,1,3875321
7290017812083,false,מיץ תירוש אדום רמי לוי 1 לי,,,מיץ תירוש אדום רמי ל,ליטרים,1.00,ליטר,false,,12.90,12.9000,true,1,3875073
7290017812090,false,מיץ תירוש לבן רמי לוי 1 לי,,,מיץ תירוש לבן רמי לו,ליטרים,1.00,ליטר,false,,12.90,12.9000,true,1,3875074
7290017812571,false,מיץ ענבים תירוש אדום 100% טבעי כרמל 1 ליטר,יקבי כרמל Carmel Winery,IL,מיץ ענבים אדום 100%,ליטרים,1.00,ליטר,false,,17.90,17.9000,true,1,3883649
7290017812588,false,מיץ ענבים תירוש לבן 100% טבעי כרמל 1 ליטר,יקבי כרמל Carmel Winery,IL,מיץ ענבים לבן 100% ט,ליטרים,1.00,ליטר,false,,17.90,17.9000,true,1,3883129
7290017812618,false,מיץ ענבים תירוש אדום רוזה כרמל 1 ליטר,כרמל מזרחי,IL,תירוש טבעי רוזה 100%,ליטרים,1.00,ליטר,false,,17.90,17.9000,true,1,3885568
7290017812656,false,"תירוש אדום מיץ ענבים מבעבע כרמל 750 מ""ל",ג'\קובז'\י איי.אי פיגלי,IL,תירוש מבעבע אדום 750,מיליליטרים,750.00,"100 מ""ל",false,,19.90,0.0265,true,1,3891229
7290017812830,false,יין רוזה פרייבט קולקשיין 750מל יקבי כרמל,"כד בני דרום בע""מ",IL,יין רוזה פרייבט קולק,מיליליטרים,750.00,"100 מ""ל",false,,32.90,0.0439,true,1,3893240
7290017812847,false,"יין פרנץ גוורצטרמינר סלקטד כרמל 750 מ""ל","כד בני דרום בע""מ",IL,סלקטד פרנץ גוורצטרמי,מיליליטרים,750.00,"100 מ""ל",false,,24.90,0.0332,true,1,3893241
7290017812861,false,יין וינו לבן יקבי כרמל,כרמל מזרחי,IL,יין וינו לבן יקבי כר,מיליליטרים,750.00,"100 מ""ל",false,,17.90,0.0239,true,1,3893242
7290017812885,false,"יין P.C סוביניון בלאן גוורצטרמינר כרמל 750 מ""ל",אגודת הכורמים א.ת אל,IL,P.C סוביניון גוורצטר,מיליליטרים,750.00,"100 מ""ל",false,,32.90,0.0439,true,1,3893244
7290017812977,false,"יין קריניאנו סלקטדאננס באז כרמל 750 מ""ל",כרמל מזרחי,IL,באזז אננס 750מל,מיליליטרים,750.00,"100 מ""ל",false,,22.90,0.0305,true,1,3893245
7290017816081,false,טורטיות כוסמין 320 גרם,,RS,טורטיה כוסמין 320 גר,גרמים,250.00,100 גרם,false,,12.90,0.0516,true,1,3889725
7290017845111,false,פטריות מיוחדות לבישו,,,פטריות מיוחדות לבישו,יח',1.00,יח',false,,16.90,16.9000,true,1,3902899
7290017864259,false,בזיליקום 100ג רמי לוי,,,בזיליקום 100ג רמי לו,גרמים,100.00,גרם,false,,8.90,0.0890,true,1,3886600
7290017864341,false,תפוא למיקרו רמי לוי,,,תפוא למיקרו רמי לוי,גרמים,700.00,100 גרם,false,,5.90,0.0084,true,1,3885020
7290017864358,false,נענע ארוז רמי לוי,,,נענע ארוז רמי לוי,יח',1.00,יח',false,,3.90,3.9000,true,1,3894737
7290017864365,false,פטרוזליה ארוז רמי לוי,,,פטרוזליה ארוז רמי לו,יח',1.00,יח',false,,3.90,3.9000,true,1,3894738
7290017864372,false,שמיר ארוז רמי לוי,,,שמיר ארוז רמי לוי,יח',1.00,יח',false,,3.90,3.9000,true,1,3894739
7290017864389,false,כוסברה ארוז רמי לוי,,,כוסברה ארוז רמי לוי,יח',1.00,יח',false,,3.90,3.9000,true,1,3894740
7290017864396,false,סלרי ארוז רמי לוי,,,סלרי ארוז רמי לוי,יח',1.00,יח',false,,5.90,5.9000,true,1,3894741
7290017864402,false,עלי מנגולד ארוז רמי לוי,,,עלי מנגולד ארוז רמי,יח',1.00,יח',false,,5.90,5.9000,true,1,3894742
7290017864419,false,שורש פטרוזיליה ארוז,,,שורש ארוז רמי לוי,יח',1.00,יח',false,,5.90,5.9000,true,1,3894743
7290017864426,false,בצל ירוק ארוז רמי לוי,,,בצל ירוק ארוז רמי לו,יח',1.00,יח',false,,5.90,5.9000,true,1,3894744
7290017864457,false,סלרי ראש רמי לוי,,,סלרי ראש רמי לוי,יח',1.00,יח',false,,5.90,5.9000,true,1,3894745
7290017864464,false,לוף פרסה ארוז רמי לוי,,,לוף פרסה ארוז רמי לו,יח',1.00,יח',false,,7.90,7.9000,true,1,3883995
7290017864471,false,עלי בייבי 250ג רמי לוי,,,עלי בייבי 250ג רמי ל,גרמים,250.00,100 גרם,false,,13.90,0.0556,true,1,3880647
7290017864549,false,עלי רוקולה 250ג רמי לוי,,,עלי רוקולה 250ג רמי,גרמים,250.00,100 גרם,false,,13.90,0.0556,true,1,3885294
7290017864556,false,בייבי תרד 250ג רמי לוי,,,בייבי תרד 250ג רמי ל,גרמים,250.00,100 גרם,false,,13.90,0.0556,true,1,3885295
7290017864839,false,לבבות חסה פרימיום נס,ברכת קטיף,IL,לבבות קיסר בוסתן,יח',1.00,יח',false,,9.90,9.9000,true,1,3894748
7290017871370,false,פמילי יהלום- סבון ידיים מועשר בשמן אבוקדו לניקוי וטיפוח עור הידיים,המאפיה של הרמן,TR,סבון ידיים מועשר 500,מיליליטרים,500.00,"100 מ""ל",false,,9.50,0.0190,true,1,3883869
7290017871400,false,פופסטאר חטיף תירס בצ,,,פופסטאר חטיף תירס בצ,גרמים,150.00,100 גרם,false,,7.90,0.0527,true,1,3894324
7290017871424,false,טוסו חטיף תמרים ובוטנים ללא גלוטן,תות ממתקי איכות,IL,חטיף תמרים ובוטנים,גרמים,140.00,100 גרם,false,,14.70,0.1050,true,1,3880391
7290017871448,false,טוסו חטיף תמרים וקשיו ללא גלוטן וללא תוספת סוכר,תות תעשיות מזון (2014) ב,IL,חטיף תמרים וקשיו,גרמים,140.00,100 גרם,false,,14.70,0.1050,true,1,3880393
7290017871974,false,טוסו אבקת ג'לי טעם תות 30גרם,אשבל מזון פונקציונלי בע\,IL,טוסו אבקת ג'לי טעם ת,גרמים,30.00,100 גרם,false,,9.90,0.3300,true,1,3886533
7290017871981,false,טוסו אבקת ג'לי טעם משמש 30גרם,אשבל מזון פונקציונלי בע\,IL,טוסו אבקת ג'לי טעם מ,גרמים,30.00,100 גרם,false,,9.90,0.3300,true,1,3886534
7290017872162,false,טוסו - עוגיות אגוזי לוז ללא סוכר 200 גרם,"הגביע מוצרי וופלים בע""\מ",IL,טוסו עוגיות אגוזי לו,גרמים,200.00,100 גרם,false,,14.90,0.0745,true,1,3885638
7290017872179,false,טוסו - עוגיות טחינה ללא סוכר 200 גרם,"הגביע מוצרי וופלים בע""\מ",IL,טוסו עוגיות טחינה 20,גרמים,200.00,100 גרם,false,,14.90,0.0745,true,1,3885639
7290017872193,false,טוסו עוגיות שקדים וקינמון ללא סוכר 200 גרם,"הגביע מוצרי וופלים בע""\מ",IL,טוסו עוגיות שקדים וק,גרמים,200.00,100 גרם,false,,14.90,0.0745,true,1,3885641
7290017872209,false,שעווה מגע המשי הדבש למיקרו קוקוס 500 גרם,"ש. שוורץ )באר שבע( בע""\מ",IL,מגע המשי הדבש שעווה,גרמים,500.00,100 גרם,false,,19.50,0.0390,true,1,3886545
7290017872407,false,טוסו עוגיות טחינה במ,רוקחמן,,טוסו עוגיות טחינה במ,גרמים,150.00,100 גרם,false,,13.90,0.0927,true,1,3887604
7290017872414,false,"עוגיות פקאן ללת""ס 150 גר","הגביע מוצרי וופלים בע""\מ",IL,טוסו עוגיות פקאן במא,גרמים,150.00,100 גרם,false,,13.90,0.0927,true,1,3887605
7290017872667,false,"פמלי יהלום-סבון ידיים עם שמן קמומיל 500 מ""ל",המאפיה של הרמן,TR,פמלי סבון ידיים יהלו,מיליליטרים,500.00,"100 מ""ל",false,,8.90,0.0178,true,1,3887608
7290017872872,false,בייביביס חטיפי דגנים אפויים לתינוקות בטעם גזר וסלק,טאטא גלובל בוורג'ס,IL,בייביביס חטיף אפוי ט,גרמים,40.00,100 גרם,false,,12.50,0.3125,true,1,3901482
7290017872889,false,מארז שקיות אשפה אקס לארג גלילונית 2*22 יח',"אליף בע""\מ",TR,גלילונית לאשפה לארג,יח',22.00,יח',false,,21.90,0.9955,true,1,3890748
7290017873008,false,גלילונית הקפאה זוג 275 יחידות,"אשפלסט תעשיות בע""מ",IL,גלילונית הקפאה זוג 2,יח',1.00,יח',false,,11.90,11.9000,true,1,3890749
7290017873039,false,מארז זוג שקיות לסנדוויץ גלילונית 2*160 יח',"קינג באג בע""מ",TH,גלילונית שקיות לסנדו,יח',1.00,יח',false,,9.90,9.9000,true,1,3890750
7290017873176,false,"סבון ידיים מועשר בשמן אבוקדו 500 מ""ל יהלום",טאהא,TR,פמילי סבון ידיים מוע,מטרים,500.00,100 מ'ל,false,,9.90,0.0198,true,1,3901484
7290017884455,false,ג'חנון 600 גרם מאפית,מאפיית א.ש.ייצור ושי,,"ג'חנון 600 גרם כשל""פ",גרמים,600.00,100 גרם,false,,21.90,0.0365,true,1,3869567
7290017884462,false,"אריאל כשל""פ- ריבועי בצק עלים 450 גר'",מאפיית א.ש.ייצור ושי,IL,מארז ריבועי בצק עלים,גרמים,450.00,100 גרם,false,,17.90,0.0398,true,1,3869568
7290017888095,false,"רביעיית פחיות שוופס מוגז עדין פירות יער 330 מ""ל.",יפאורה תבורי בעמ,IL,שוופס רביעייה מוגז ע,ליטרים,1.32,ליטר,false,,11.40,8.6364,true,1,3867782
7290017888101,false,"שוויפס מוגז עדין אפרסק מארז רביעייה* 330 מ""ל",יפאורה תבורי בעמ,IL,שוופס רביעייה מוגז ע,ליטרים,1.32,ליטר,false,,11.40,8.6364,true,1,3867783
7290017888729,false,שוופס סודה בקבוק 1 ל',"יפאורה תבורי בע""\מ",IL,סודה 1 לי,יח',1.00,יח',false,,3.90,3.9000,true,1,3886186
7290017888972,false,בקבוק מי עדן פקק ספורט 1 ליטר,"מופק ממקור בזלתי עדן ,1",IL,מי עדן 1לי פקק ספורט,יח',1.00,יח',false,,3.50,3.5000,true,1,3886190
7290017894102,false,פנה אורז תירס דגש 400 גרם,אנדריאני,IL,פנה אורז תירס 400 גר,גרמים,400.00,100 גרם,false,,9.50,0.0238,true,1,3891048
7290017894164,false,קמח שקדים 250 גר,,,קמח שקדים 250 גר,גרמים,250.00,100 גרם,false,,24.90,0.0996,true,1,3891605
7290017907246,false,סולת מאורז לנמנעים מגלוטן,פוראטוס ישראל,IL,*מבצע* תמי סולת ללא,גרמים,300.00,100 גרם,false,,13.90,0.0463,true,1,3890912
7290017917382,false,אל סבון היגייני לניקוי יסודי ולהרגע העור clean & calm,"ד""ר פישר Dr fischer",IL,אל סבון קמיל בלו 1לי,יח',1.00,יח',false,,15.80,15.8000,true,1,3880253
7290017917450,false,קמיל בלו סנסיטיב אל סבון ושמפו לתינוק קמומיל ואלוורה,פישר מעבדות פרמצבטיות בע,IL,קמיל בלו אל סבון סנס,יח',1.00,יח',false,,32.80,32.8000,true,1,3875395
7290017917566,false,ד.פישר סילבר שמפו לשיער כסוף ללא מלח,מדי פישר,IL,"ד""ר פישר שמפו סילבר",יח',1.00,יח',false,,39.90,39.9000,true,1,3880260
7290017917634,false,קמיל בלו סנס.שמפו ללא דמעות 750 מל א.זוג,פישר תעשיות,IL,סנסיטיב זוג אל דמע 7,מיליליטרים,750.00,"100 מ""ל",false,,29.90,0.0399,true,1,3880261
7290017917665,false,קמיל בלו סנסיטיב אל סבון עדין לתינוק,פישר תעשיות,IL,סנסיטיב זוג אל סבון,מיליליטרים,750.00,"100 מ""ל",false,,29.90,0.0399,true,1,3880262
7290017917764,false,"ד""ר פישר - אפקטיב קר קרם גוף מועשר בשמן ארגן 450 מ""ל",פישר מעבדות פרמצבטיות בע,IL,קרם גוף אפקטיב קר שמ,מיליליטרים,450.00,"100 מ""ל",false,,24.90,0.0553,true,1,3886473
7290017928036,false,מקלות גריסיני שומשום מאיר בייגל 175 גרם,מאיר את בייגל,IL,מאיר בייגל מקלות גרי,גרמים,175.00,100 גרם,false,,11.90,0.0680,true,1,3879446
7290017928043,false,מקלות גריסיני קראנץ' מלח מאיר בייגל 175 גרם,מאיר את בייגל,IL,מאיר בייגל גריסיני ק,גרמים,175.00,100 גרם,false,,11.90,0.0680,true,1,3879447
7290017928081,false,מקלות כעכים עם מלח רמילוי,,,מקלות כעכים עם מלח ר,גרמים,200.00,100 גרם,false,,5.90,0.0295,true,1,3896658
7290017928098,false,שטוחלה מלח מאיר בייגל 330 גרם,מאיר את בייגל,IL,מאיר בייגל שטוח מלח,גרמים,330.00,100 גרם,false,,11.90,0.0361,true,1,3890751
7290017928210,false,בייגלה גדול שומשום מאיר בייגל 250 גרם,מאיר את בייגל,IL,מאיר בייגל בייגלה גד,גרמים,250.00,100 גרם,false,,11.90,0.0476,true,1,3879449
7290017928227,false,מאיר בייגל שטוחהלה פינוקים 300 גר',מאיר את בייגל,IL,מאיר בייגל שטוחלה פי,גרמים,300.00,100 גרם,false,,11.90,0.0397,true,1,3879450
7290017928289,false,שמיניות כעכים עם מלח רמילוי,,,שמיניות כעכים עם מלח,גרמים,200.00,100 גרם,false,,5.90,0.0295,true,1,3896659
7290017928432,false,מקלות גריסיני קראנץ' פרג מאיר בייגל 175 גרם,מאיר את בייגל,IL,מאיר בייגל גריסיני ק,גרמים,175.00,100 גרם,false,,11.90,0.0680,true,1,3879455
7290017928463,false,מאיר בייגל -סמאש-שבורים בטעם דבש חרדל ובצל 300 גרם,מאיר בייגל,BG,סמאש שברי בייגלה טעם,גרמים,300.00,100 גרם,false,,12.80,0.0427,true,1,3896657
7290017928487,false,כעכים גדולים עם מלח רמילוי,,,כעכים גדולים עם מלח,גרמים,200.00,100 גרם,false,,5.90,0.0295,true,1,3896660
7290017928524,false,בייגלה שטוח ניגובים מלח 330 ג' מאיר בייגל,מאיר את בייגל,IL,מאיר בייגל שטוח ניגו,גרמים,330.00,100 גרם,false,,11.90,0.0361,true,1,3890752
7290017928616,false,מאיר בייגל שטוחהלה שומשום 300 גר',מאיר את בייגל,IL,מאיר בייגל שטוחלה שו,גרמים,330.00,100 גרם,false,,11.90,0.0361,true,1,3879458
7290017928661,false,מאיר בייגל -סמאש-שבורים בטעם צ'דר 300 גרם,מאיר בייגל,BG,סמאש שברי בייגלה טעם,גרמים,300.00,100 גרם,false,,12.80,0.0427,true,1,3891170
7290017928722,false,בייגלה שטוח ניגובים שומשום 300 ג' מאיר בייגל,מאיר את בייגל,IL,מאיר בייגל שטוח ניגו,גרמים,300.00,100 גרם,false,,11.90,0.0397,true,1,3890754
7290017928746,false,פירורי בייגלה מאיר בייגל 200 גרם,מאיר בייגל,IL,מאיר בייגל פירורי בי,גרמים,200.00,100 גרם,false,,6.50,0.0325,true,1,3903431
7290017928821,false,מקלות גריסיני קלאסי מאיר בייגל 200 גרם,מאיר את בייגל,IL,מאיר בייגל מקלות גרי,גרמים,200.00,100 גרם,false,,11.90,0.0595,true,1,3879463
7290017946368,false,שלישיית כדוריות סבון לאסלה אוקיינוס סוד 50 גרם,הנקל סוד,RS,סוד כדוריות לאסלה או,יח',1.00,יח',false,,16.90,16.9000,true,1,3894407
7290017946399,false,"מרכך כביסה מרוכז ארומתרפי אדום 900 מ""ל סוד",הנקל סוד,IL,סוד מרכך מרוכז ארומה,מיליליטרים,900.00,"100 מ""ל",false,,11.90,0.0132,true,1,3898106
7290017946474,false,"הוואי ג'ל רחצה בניחוח סודות פוליניזיה, 700 מ""ל",טרופיקל דגיל בעמ,IL,הוואי ג'ל רחצה אקזוט,מיליליטרים,700.00,"100 מ""ל",false,,8.90,0.0127,true,1,3878813
7290017946542,false,סוד - מרכך כביסה מרוכז ורוד 1.80 ליטר,סוד,,סוד מרכך כביסה מרוכז,יח',1.00,יח',false,,17.90,17.9000,true,1,3890881
7290017946597,false,סוד מרכך מרוכז ארומתרפי זהב 1.8 ליטר,,TR,סוד מרכך כביסה מרוכז,ליטרים,1.80,ליטר,false,,17.90,9.9444,true,1,3898107
7290017946764,false,מנקה מכונת כביסה 150 גר K2R,הנקל Henkel,DE,מנקה מכונות כביסה 15,יח',1.00,יח',false,,19.90,19.9000,true,1,3891255
7290017946795,false,כדוריות לאסלה סוד ביי ברף,,IL,כדוריות לאסלה סוד בי,יח',1.00,יח',false,,8.90,8.9000,true,1,3894410
7290017946979,false,פרסיל גל לכביסה דיפ קלין מנטרל ריחות 2.4,"הנקל סוד בע""\מ",IL,פרסיל ג'ל לניקיון הי,יח',1.00,יח',false,,32.90,32.9000,true,1,3894411
7290017946993,false,סבון אסלה כדוריות בר,,,כדוריות לאסלה,יח',1.00,יח',false,,8.90,8.9000,true,1,3894412
7290017947105,false,לחם אנג'ל בסגנון אמריקה 500 גרם,מאפיית שלמה א. אנג'\ל בע,IL,לחם סגנון אמריקה,גרמים,500.00,100 גרם,false,,12.90,0.0258,true,1,3883295
7290017947457,false,חלה קלועה כוסמין אנג'ל ארוזה 500 גרם,מאפיית שלמה א.אנג'ל,IL,חלה קלועה כוסמין 500,גרמים,500.00,100 גרם,false,,16.90,0.0338,true,1,3892058
7290017947495,false,6 לחמניות כוסמין 450 גרם אנג'ל,מאפיית שלמה א.אנג'\ל,IL,לחמניות כוסמין 6 יח,גרמים,450.00,100 גרם,false,,13.80,0.0307,true,1,3892061
7290017947891,false,לחם אנג'ל כוסמין וחיטה מלאה 750 גרם,מאפיית שלמה א. אנג'\ל בע,IL,לחם כוסמין וחיטה מלא,גרמים,750.00,100 גרם,false,,14.90,0.0199,true,1,3883296
7290017947921,false,לחמניות המבורגר בסגנון אמריקאי מארז 6 יח',מאפיית שלמה א. אנג'\ל בע,IL,שישיית לחמניות המבור,גרמים,450.00,100 גרם,false,,12.90,0.0287,true,1,3884888
7290017947938,false,מיני לחמניות המבורגר בסגנון אמריקה 400 ג' אנג'ל,מאפיית שלמה א. אנג'\ל בע,IL,לחמניות המבורגר 8יח,יח',1.00,יח',false,,12.90,12.9000,true,1,3892064
7290018043295,false,חטיף חלבון בטעם ונילה קראנץ',הרת'סייד פוד סולושיי,NL,שוקולד וניל קראנץ,יח',1.00,יח',false,,13.90,13.9000,true,1,3894692
7290018043844,false,חטיף חלבון בוטנים קרמל קראנץ 60 ג' פראוד,פראוד PROUD,NL,פראוד חטיף חלבון קרמ,יח',1.00,יח',false,,12.90,12.9000,true,1,3904855
7290018045084,false,BON&BON דגנים במילוי קרם בטעם בראוניז 480 גרם,monday,DE,דגנים במילוי קרם ברא,גרמים,480.00,100 גרם,false,,22.80,0.0475,true,1,3901866
7290018045497,false,בון בון דגנים במילוי קרם שוקולד 480 גרם,monday,DE,דגנים במילוי קרם שוק,גרמים,480.00,100 גרם,false,,22.80,0.0475,true,1,3901867
7290018045695,false,BON&BON דגנים במילוי קרם קרמל מלוח 480 גרם,monday,DE,דגנים במילוי קרם קרמ,גרמים,480.00,100 גרם,false,,22.80,0.0475,true,1,3901868
7290018045893,false,בון בון דגנים במילוי קרם נוגט 480 גרם,monday,DE,דגנים במילוי קרם נוג,גרמים,480.00,100 גרם,false,,22.80,0.0475,true,1,3901869
7290018091029,false,מקלות פילו תפוחי אדמה מעדנות 450 ג',תנובה מעדנות,IL,"מקלות פילו תפו""א 450",גרמים,450.00,100 גרם,false,,14.90,0.0331,true,1,3887307
7290018091265,false,פיצה נפוליטנה מעדנות 330 גרם,"מעדנות בע""\מ",IL,פיצה נפוליטנה,גרמים,330.00,100 גרם,false,,19.90,0.0603,true,1,3897719
7290018091616,false,מקלות פילו גבינה מעדנות 450 גרם,מיוצר עי קונדיטוריית,IL,מקלות פילו וגבינה,גרמים,450.00,100 גרם,false,,16.90,0.0376,true,1,3886087
7290018091821,false,פיצה נפוליטנה מעדנות 200 גרם,תנובה מעדנות,IL,פיצה נפוליטנה מעדנות,גרמים,210.00,100 גרם,false,,12.90,0.0614,true,1,3891888
7290018098806,false,כדורי פלאפל 500 ג' כל טוב,,,כדורי פלאפל 500 ג,גרמים,500.00,100 גרם,false,,13.90,0.0278,true,1,3878644
7290018098837,false,פיצה ביס אישית 70 גרם כל טוב,,,פיצה ביס 70 ג,יח',1.00,יח',false,,2.90,2.9000,true,1,3878645
7290018098974,false,עלי סיגר מרוקאים 400 ג' כל טוב,,,עלי סיגר 500 ג,יח',1.00,יח',false,,13.90,13.9000,true,1,3890794
7290018127469,false,"ביסקוויט פתי בר בטעם שוקולד לל""ג 200 גרם",רום גת,IL,"פתי בר לל""ג טעם קוקו",גרמים,200.00,100 גרם,false,,12.90,0.0645,true,1,3887168
7290018131138,false,לה קרמרייה שוקו וולנ,גלידות נסטלה,,לה קרמרייה שוקו וולנ,יח',1.00,יח',false,,17.70,17.7000,true,1,3878744
7290018131312,false,להקרמריה שוקווניל כשרלפס,גלידות נסטלה )נגה גלידות,IL,לה קרמריה וניל איטלק,יח',1.00,יח',false,,18.90,18.9000,true,1,3883210
7290018131831,false,נסטלה מאגדת שלגון מילקה וניל חדש8 4*66ג,שוורצקוף& הנקל דיסלד,PL,נסטלה מאגדת מילקה ונ,יח',1.00,יח',false,,24.90,24.9000,true,1,3891854
7290018131930,false,מאג בננה תמך פקאן שוקו לה פרוטה 5*65ג',גלידות נסטלה )נגה גלידות,IL,לה פרוטה מאגדת תמר פ,יח',1.00,יח',false,,23.90,23.9000,true,1,3891858
7290018156094,false,"ד""ר פישר סרקל אקטיב מרכך 450 מ""ל",פישר מעבדות פרמצבטיות,IL,סרקל אקטיב מרכך 450,מיליליטרים,450.00,"100 מ""ל",false,,34.90,0.0776,true,1,3889905
7290018165027,false,"יין רזרב GOLD EDITION רוזה ברקן 750 מ""ל",יקבי ברקן שיווק והפצה בע,IL,רזרב גולד רוזה 750 מ,מיליליטרים,750.00,"100 מ""ל",false,,32.90,0.0439,true,1,3883283
7290018165447,false,"יין רזרב GOLD מרלו ברקן 750 מ""ל",יקבי ברקן שיווק והפצה בע,IL,רזרב גולד מרלו 750 מ,מיליליטרים,750.00,"100 מ""ל",false,,32.90,0.0439,true,1,3892050
7290018192658,false,מארז זוג פטריות פורטובלה ושמפיניון מרינה,"מרינה פטריות הגליל בע""מ",IL,צמד פטריות איטלקי מר,יח',1.00,יח',false,,15.90,15.9000,true,1,3887477
7290018194058,false,"ערק ג'בלנא 16% בטעם פסיפלורה 700 מ""ל-בודד",,,עארק בטעם פסיפלורה 7,מטרים,700.00,100 מ'ל,false,,39.90,0.0570,true,1,3890420
7290018195048,false,"חתיכות אננס בסירופ קל טעמן, 850 גרם",פ.ת גרייט פנאפל,TH,טעמן אננס חתוך בסירו,גרמים,850.00,100 גרם,false,,10.90,0.0128,true,1,3907510
7290018195154,false,שוקולד מריר שברי אגוזים 100 גרם טעמן,,,שוקולד מריר שברי אגו,גרמים,100.00,100 גרם,false,,5.90,0.0590,true,1,3907511
7290018195178,false,שוקולד מריר 62% קקאו 100 גרם טעמן,אס.קיי ראיס אינטרנשי,PL,שוקולד מריר 62% 100,גרמים,100.00,100 גרם,false,,5.90,0.0590,true,1,3907513
7290018195338,false,חמישיית שוקולד זהב חלב 100 גרם טעמן,אלבה שוקולד,,חמישיית שוקולד זהב ח,גרמים,500.00,100 גרם,false,,24.90,0.0498,true,1,3907515
7290018195970,false,קקאו 500גר רמילוי,,,קקאו 500גר רמילוי,גרמים,500.00,100 גרם,false,,12.90,0.0258,true,1,3894788
7290018198209,false,צ'יפס בטטה קראנצ'י תפוגן 500 גרם,"תעשיות תפוגן בע""מ",IL,תפוגן ציפס בטטה קראנ,גרמים,500.00,100 גרם,false,,15.90,0.0318,true,1,3892332
7290018198254,false,"תפוגן קריספי צ'יפס פוטטוס 1.25 ק""ג",עיצובים 2020 (4.5),IL,תפוגן קריספי ציפס פו,קילוגרמים,1.25,"ק""ג",false,,19.90,15.9200,true,1,3892333
7290018236635,false,צ'ונגו-פופקורן מצופה עוף טוב 600 גרם,מוצרי עוף טוב (2001) בע\,IL,עוף טוב צ'ונגו פופקו,גרמים,600.00,100 גרם,false,,29.80,0.0497,true,1,3890815
7290018237397,false,עוף טוב פסטרמה מקורמלת נתח שלם 8*300 גרם,מוצרי עוף טוב (2001) בע\,IL,עוף טוב פסטרמה מקורמ,גרמים,300.00,100 גרם,false,,26.90,0.0897,true,1,3892342
7290018237410,false,עוף טוב פסטרמה במעשנה נתח שלם 8*300 גרם,מוצרי עוף טוב (2001) בע\,IL,עוף טוב פסטרמה במעשנ,גרמים,300.00,100 גרם,false,,26.90,0.0897,true,1,3891340
7290018237434,false,צ'ונגו רצועות שניצלביסלי,מוצרי עוף טוב (2001) בע\,IL,עוף טוב צונגו רצועות,גרמים,600.00,100 גרם,false,,29.80,0.0497,true,1,3892343
7290018237458,false,צ'ונגו רצועות שניצלביסלי,מוצרי עוף טוב (2001) בע\,IL,עוף טוב צונגו רצועות,גרמים,600.00,100 גרם,false,,29.80,0.0497,true,1,3892344
7290018237489,false,פסטרמה ברביקיו דק דק עוף טוב 200 גרם,"עוף טוב (שאן) בע""מ",IL,פסטרמה ברביקיו דק-דק,גרמים,220.00,100 גרם,false,,19.90,0.0905,true,1,3900717
7290018237502,false,עוף טוב כתף בקר דק-דק 200 גרם,"עוף טוב (שאן) בע""מ",IL,עוף טוב כתף בקר דק-ד,גרמים,200.00,100 גרם,false,,19.90,0.0995,true,1,3901363
7290018249123,false,"סוויטאנגו אינסטנט פודינג וניל, 50 גרם",מתבל תעשיות מזון,IL,פודינג וניל סוויטנגו,יח',1.00,יח',false,,11.90,11.9000,true,1,3895465
7290018249291,false,ממתיק סוכר וניל סוויטאנגו 100 ג',מתבל תעשיות מזון,IL,סוויטאנגו סוכר וניל,גרמים,100.00,100 גרם,false,,14.90,0.1490,true,1,3895466
7290018249994,false,סוויטאנגו תחליף סוכר ממתיק 700 גר',מתבל תעשיות מזון,IL,ממתיק סוויטנגו 700 ג,גרמים,700.00,100 גרם,false,,56.70,0.0810,true,1,3884253
7290018276150,false,שקית אישית פיור וואי HD,סיטי תוספי מזון,IL,סשט פיור וואי חלבון,יח',1.00,יח',false,,7.90,7.9000,true,1,3894693
7290018276174,false,שקית אישית פיור וואי HD,סיטי תוספי מזון,IL,סשט פיור וואי חלבון,יח',1.00,יח',false,,7.90,7.9000,true,1,3894694
7290018282007,false,שמפו+ג'ל רחצה+סבון לגבר 750 מל,,,שמפו+ג'ל רחצה+סבון ל,גרמים,750.00,100 גרם,false,,8.50,0.0113,true,1,3886569
7290018282021,false,נועה שמפו לסירוק קל לילדים 750מל,,,נועה שמפו לסירוק קל,מיליליטרים,750.00,"100 מ""ל",false,,8.90,0.0119,true,1,3901885
7290018282205,false,רביעיית מגבונים 72 יחידות,,,רביעיית מגבונים 72 י,יח',1.00,יח',false,,10.90,10.9000,true,1,3887743
7290018282212,false,רביעיית מגבונים 72 יחידות,,,רביעיית מגבונים 72 י,יח',1.00,יח',false,,10.90,10.9000,true,1,3887744
7290018282250,false,מגבונים להסרת איפור מארז שלישייה,,,מגבונים להסרת איפור,יח',1.00,יח',false,,10.90,10.9000,true,1,3886570
7290018282410,false,נועה מרכך לסירוק קל לילדים 750מל,,,נועה מרכך לסירוק קל,מיליליטרים,750.00,"100 מ""ל",false,,8.90,0.0119,true,1,3901886
7290018282427,false,נועה קרם לסירוק קל לילדים 350מל,,,נועה קרם לסירוק קל ל,מיליליטרים,350.00,"100 מ""ל",false,,13.90,0.0397,true,1,3901887
7290018282465,false,מטליות לחות אנטיבקטריאליות 25יח רמילוי,,,מטליות לחות אנטיבקטר,יח',1.00,יח',false,,3.90,3.9000,true,1,3896442
7290018282601,false,נועה תרסיס לסירוק קל לילדים 350מל,,,נועה תרסיס לסירוק קל,מיליליטרים,350.00,"100 מ""ל",false,,13.90,0.0397,true,1,3901888
7290018282625,false,"גל ניקוי לידיים 500 מ""ל רמי לוי",,,גל ניקוי לידיים 500,מיליליטרים,500.00,"100 מ""ל",false,,9.90,0.0198,true,1,3885443
7290018282632,false,תחליב רחצה נועה לילדים 750 מל רמי לוי,,,תחליב רחצה נועה לילד,מיליליטרים,750.00,"100 מ""ל",false,,8.50,0.0113,true,1,3887610
7290018294000,false,"יין קינג דויד רוזה כרמל 750 מ""ל",כרמל מזרחי,IL,קינג דיוויד רוזה 750,מיליליטרים,750.00,"100 מ""ל",false,,17.90,0.0239,true,1,3893246
7290018294208,false,"סלקטדאדום ישראלי יבש כרמל 750 מ""ל","כד בני דרום בע""מ",IL,סלקטד אדום ישראלי 75,מיליליטרים,750.00,"100 מ""ל",false,,24.90,0.0332,true,1,3893247
7290018294352,false,"ארק יקבי כרמל 700 מ""",יקבי כרמל Carmel Winery,ES,ערק כרמל 37.5% 700 מ,מטרים,700.00,100 מ'ל,false,,54.90,0.0784,true,1,3900720
7290018296042,false,לחם טוסט אמריקה אגמי,מאפיית אגמי,IL,לחם טוסט אמריקה 500,גרמים,500.00,100 גרם,false,,12.90,0.0258,true,1,3890434
7290018296226,false,לחמניות לילדים 8 באריזה רמילוי,,,לחמניות לילדים 8 באר,יח',1.00,יח',false,,9.90,9.9000,true,1,3890914
7290018296424,false,לחם מרובע רמי לוי,,,לחם מרובע רמי לוי,יח',1.00,יח',false,,12.90,12.9000,true,1,3890915
7290018296448,false,לחם בריוש 500 גרם,מאפיית אגמי,IL,לחם בריוש,גרמים,500.00,100 גרם,false,,13.80,0.0276,true,1,3902583
7290018296455,false,לחם דגנים קל מרובע חלי ממן 750גר,מאפיית אגמי,IL,לחם דגנים קל מרובע ח,גרמים,750.00,100 גרם,false,,16.90,0.0225,true,1,3894390
7290018296608,false,לחם בריאות ושובע 9 דגנים קל,מאפיית אגמי,IL,לחם בריאות ושובע 9 ד,גרמים,600.00,100 גרם,false,,12.80,0.0213,true,1,3883914
7290018296653,false,לחם אחיד פלוס כוסמין מרובע 700גר,מאפיית אגמי,IL,לחם אחיד פלוס כוסמין,גרמים,700.00,100 גרם,false,,16.90,0.0241,true,1,3894392
7290018296806,false,לחם בריאות ושובע מועשר בסיבים,מאפיית אגמי,IL,לחם בריאות ושובע מוע,גרמים,600.00,100 גרם,false,,12.80,0.0213,true,1,3883916
7290018296813,false,פיתה ביס קלה 10 יח 4,"מאפיית אגמי בע""מ",,פיתה קלה ביס 10 יח,גרמים,450.00,100 גרם,false,,12.80,0.0284,true,1,3883917
7290018296820,false,לחמניות המבורגר אריזה 6יח,,,לחמניות המבורגר אריז,יח',1.00,יח',false,,11.90,11.9000,true,1,3890916
7290018333105,false,מצמוץ קפוא 100*8 רמילוי,,,מצמוץ קפוא 100*8 רמי,יח',1.00,יח',false,,3.90,3.9000,true,1,3894985
7290018333112,false,טופי אצבעות מיקס פירות כרמית 402 גרם,,TR,אריזת טופי אצבעות מי,גרמים,400.00,100 גרם,false,,9.90,0.0248,true,1,3893212
7290018333334,false,זוג שוקולד מריר 60% 85 גרם כרמית,,,אגו מארז שוקולד 60%,גרמים,170.00,100 גרם,false,,8.90,0.0524,true,1,3893218
7290018333525,false,וופלס קרם אגוזים בצי,,,וופלס קרם אגוזים בצי,גרמים,130.00,100 גרם,false,,5.90,0.0454,true,1,3893224
7290018333532,false,וופלס קרם אגוזים בצי,,,וופלס קרם אגוזים בצי,גרמים,130.00,100 גרם,false,,5.90,0.0454,true,1,3893225
7290018333563,false,גלילי וופל במילוי קרם שוקולד חלב,,,גלילי וופל במילוי קר,גרמים,160.00,100 גרם,false,,7.90,0.0494,true,1,3894986
7290018333570,false,גלילי וופל במילוי קרם שוקולד לבן,,,גלילי וופל במילוי קר,גרמים,160.00,100 גרם,false,,7.90,0.0494,true,1,3894987
7290018333648,false,מיצמוץ טרופית קש 18,,,מיצמוץ טרופית קש 18,ליטרים,3.60,ליטר,false,,19.90,5.5278,true,1,3894988
7290018333655,false,מיצמוץ טרופית פקק 20 יחידות 200 מל,,,מיצמוץ טרופית פקק 20,ליטרים,3.60,ליטר,false,,26.90,7.4722,true,1,3894989
7290018333846,false,יאמממ וופל קרם מצופה,,,יאמממ וופל קרם מצופה,גרמים,200.00,100 גרם,false,,7.90,0.0395,true,1,3894992
7290018333952,false,חטיף אגוזים רפאלס וחמוציות בדצ 150 גר *12יח,כרמית תעשיות ממתקים,IL,חטיף אגוזים רפאלס וח,גרמים,150.00,100 גרם,false,,14.90,0.0993,true,1,3893234
7290018333969,false,חטיף גרנולה רפאלס שקדים וטחינה בדצ 150 גר *12יח,כרמית תעשיות ממתקים,IL,חטיף גרנולה רפאלס שק,גרמים,150.00,100 גרם,false,,14.90,0.0993,true,1,3893235
7290018338278,false,אבקת קארי אורגני 90 גרם,,IN,קארי טחון אורגני 90,גרמים,90.00,100 גרם,false,,12.90,0.1433,true,1,3891819
7290018343319,false,"ד""ר פישר שמפו לשיער מתולתל -400 מ""ל PERFECT CURLS",מדי פישר,IL,"שמפו לשיער מתולתל ד""",מיליליטרים,400.00,"100 מ""ל",false,,29.90,0.0747,true,1,3889906
7290018343357,false,"ד""ר פישר SMOOTH & REPAIR מרכך משקם לאחר החלקה או עיצוב בחום",פישר מעבדות פרמצבטיות,IL,מרכך משקם לאחר החלקה,מיליליטרים,400.00,"100 מ""ל",false,,39.90,0.0997,true,1,3890430
7290018344156,false,חטיף חלווה שקדים טוב האר,"ממתקי השלום בעולם בע""\מ\",IL,חלבה משומשום מלא שקד,יח',1.00,יח',false,,7.90,7.9000,true,1,3901551
7290018344606,false,חטיף מולטי ויטמין חל,,,חטיף מולטי ויטמין חל,יח',1.00,יח',false,,8.90,8.9000,true,1,3901556
7290018345122,false,"בורגר מהצומח ע""ב חלבוני אפונה 400 גרם",,TR,בורגר מן הצומח בסיס,גרמים,360.00,100 גרם,false,,38.90,0.1081,true,1,3894340
7290018345146,false,שניצל מן הצומח בסיס,,,שניצל מן הצומח בסיס,גרמים,360.00,100 גרם,false,,38.90,0.1081,true,1,3894342
7290018359020,false,יכין קידס סירופ בטעם,,,יכין קידס סירופ בטעם,מטרים,1000.00,100 מ'ל,false,,18.90,0.0189,true,1,3883593
7290018359051,false,יכין קידס סירופ בטעם,,,יכין קידס סירופ בטעם,מטרים,1000.00,100 מ'ל,false,,18.90,0.0189,true,1,3884831
7290018359129,false,פולפה עגבניות חתוכות מקולפות דק יכין 690 גרם,אמיליאנה קונסרב,IT,פולפה עגבניות חתוכות,גרמים,690.00,100 גרם,false,,8.90,0.0129,true,1,3893130
7290018359334,false,רכז עגבניות טבעי פריכוז שף יכין 580 גרם,זנלכל,IL,פריכוז שף רסק עגבניו,גרמים,580.00,100 גרם,false,,8.90,0.0153,true,1,3893131
7290018359358,false,שלישית רוטב עגבניות מרוכז מאודפריכוז יכין 200 גרם,זנלכל,IL,שלישיית פריכוז יכין,גרמים,600.00,100 גרם,false,,10.90,0.0182,true,1,3893132
7290018359464,false,חטיף קראנצ'י תירס טבעי יכין,יכין,IL,קראנצ'י תירס חטיף תי,גרמים,27.00,100 גרם,false,,9.90,0.3667,true,1,3893135
7290018359471,false,חטיף קראנצ'י תפוחים טבעי יכין,יכין,IL,קראנצ'י תפוח חטיף תפ,גרמים,18.00,100 גרם,false,,9.90,0.5500,true,1,3893136
7290018359495,false,תירס מהשדה בלי תוספת סוכר יכין 550 גרם,היינץ צפון אמריקה מק,IL,תירס מהשדה בלי תוספת,גרמים,550.00,100 גרם,false,,6.80,0.0124,true,1,3893137
7290018359518,false,תירס מהשדה בלי תוספת סוכר יכין מארז 200X3 גר',"זנלכל בע""\מ",IL,תירס מהשדה מארז 3יח,גרמים,600.00,100 גרם,false,,11.90,0.0198,true,1,3893139
7290018359556,false,תירס מהשדה בלי תוספת סוכר יכין 400 גרם,היינץ צפון אמריקה מק,IL,תירס מהשדה בלי תוספת,גרמים,400.00,100 גרם,false,,5.40,0.0135,true,1,3893140
7290018359570,false,שעועית צ'ילי הקטניה הטובה יכין 3*200 גרם,זנלכל,,שעועית צ'ילי יכין 3*,גרמים,600.00,100 גרם,false,,9.90,0.0165,true,1,3893141
7290018359587,false,חומוס הקטניה הטובה יכין מארז 3*200 גר,זנלכל,IL,חומוס קטניה טובה יכי,יח',1.00,יח',false,,9.90,9.9000,true,1,3893142
7290018359686,false,יכין חומוס גדול 550 גר A2,היינץ צפון אמריקה מק,IL,יכין חומוס גדול 550,גרמים,550.00,100 גרם,false,,9.90,0.0180,true,1,3893144
7290018359716,false,רוטב עגבניות פיצה טוסקנה 240 גרם יכין,"זנלכל בע""\מ",IL,רוטב לפיצה טוסקנה יכ,גרמים,240.00,100 גרם,false,,4.90,0.0204,true,1,3893145
7290018359860,false,רסק עגבניות ליקופן טבעי יכין 200 גר*2,זנלכל,IL,יכין רסק עגבנ.ליקופן,גרמים,200.00,100 גרם,false,,12.70,0.0635,true,1,3902270
7290018359877,false,רסק עגבניות טבעי יכין 200 גר*3,זנלכל,IL,יכין רסק עגבניות טבע,גרמים,600.00,100 גרם,false,,12.70,0.0212,true,1,3903068
7290018367162,false,דפי אורז 22 סמ 400ג רמילוי,,,דפי אורז 22 סמ 400ג,גרמים,400.00,100 גרם,false,,9.90,0.0248,true,1,3896103
7290018367179,false,נוזל קוקוס 400גר רמילוי,,,נוזל קוקוס 400גר רמי,גרמים,400.00,100 גרם,false,,4.90,0.0123,true,1,3896104
7290018367261,false,רוטב טריאקי 700מל רמילוי,,,רוטב טריאקי 700מל רמ,מיליליטרים,700.00,"100 מ""ל",false,,19.90,0.0284,true,1,3896105
7290018367285,false,רוטב צ'ילי מתוק 700מ,,,רוטב צ'ילי מתוק 700מ,מיליליטרים,700.00,"100 מ""ל",false,,11.90,0.0170,true,1,3896107
7290018367292,false,רוטב סויה להקפצה 700מל רמילוי,,,רוטב סויה להקפצה 700,מיליליטרים,700.00,"100 מ""ל",false,,12.90,0.0184,true,1,3896108
7290018380871,false,פטיסון כבוש 670 גרם תומר,Polan polsko francus,MD,פטיסון כבוש שלם 670,גרמים,670.00,100 גרם,false,,12.90,0.0193,true,1,3901774
7290018394021,false,ח.תקוע פטריות מלך היער,חוות פטריות תקוע,CN,פטריות מלך היער,גרמים,160.00,100 גרם,false,,9.90,0.0619,true,1,3890433
7290018394069,false,ביציי שליו חוות תקוע,,,ביציי שליו חוות תקוע,יח',1.00,יח',false,,14.90,14.9000,true,1,3894375
7290018394083,false,שופ פנינה חוות תקוע 200 גרם,FOODS YOKID QINGADO,IL,שום פנינה טרי,יח',1.00,יח',false,,9.90,9.9000,true,1,3898103
7290018400005,false,בורגרים מן הצומח 227 גרם,ג'\י סי אל פוד אינגרידיא,GB,בורגרים מן הצומח 227,גרמים,227.00,100 גרם,false,,32.90,0.1449,true,1,3891199
7290018400036,false,חגיגת טעמים כתומים סנפרוסט 800 גרם,"סנפרוסט בע""מ",IL,חגיגת טעמים כתומים ס,גרמים,800.00,100 גרם,false,,16.90,0.0211,true,1,3891892
7290018400616,false,לקט ירקות ירוקים להקפצה סנפרוסט 700גרם,veget green fry and Stir,IL,לקט ירקות ירוקים לקפ,גרמים,700.00,100 גרם,false,,19.90,0.0284,true,1,3891897
7290018400647,false,סמודיז בננה תמר סנפרוסט 300 גרם,"סנפרוסט בע""\מ",IL,סמוזי בננה תמר,יח',1.00,יח',false,,12.90,12.9000,true,1,3891899
7290018440209,false,פליפז בייגלה בציפוי פאדג' לבן מקוויטיס 140 גרם,שוורצקוף& הנקל דיסלד,TR,בייגלה בציפוי פאדג',גרמים,140.00,100 גרם,false,,7.90,0.0564,true,1,3892957
7290018440223,false,תה צ'אי מסאלה 25 שקיקים ויסוצקי,תה ויסוצקי,IL,תה צ'אי מסאלה ויסוצק,יח',1.00,יח',false,,18.90,18.9000,true,1,3897938
7290018440476,false,פליפז בייגלה מצופה בקרם עוגת גבינה ותותים מקוויטיס 140 גרם,אולקר מקבוצת פלאדיס,TR,בייגלה מצופה קרם עוג,גרמים,140.00,100 גרם,false,,7.90,0.0564,true,1,3892958
7290018440483,false,פליפז בייגלה מצופה בקרמל מלוח ושוקולד מקוויטיס 140 גרם,שוורצקוף& הנקל דיסלד,TR,בייגלה מצופה קרמל מל,גרמים,140.00,100 גרם,false,,7.90,0.0564,true,1,3892959
7290018440629,false,תה ויסוצקי טעם עשיר,ויסוצקי,IL,תה שחור קלאסי 120 שק,יח',1.00,יח',false,,19.90,19.9000,true,1,3892963
7290018440896,false,הגן הקסום חליטה ג'ינגר כורכום ויסוצקי 25 יח,תה ויסוצקי,IL,הגן הקסום חליטה ג'ינ,100 יח,25.00,100 יח,false,,16.90,0.6760,true,1,3901399
7290018441626,false,גלידת פיינטים מנטה עוגיות 430 ג' בן וג'ירי,מוצרי איכות אמריקאיים בע,IL,גלידה בן אנד ג'ריס מ,מיליליטרים,430.00,"100 מ""ל",false,,18.90,0.0440,true,1,3897945
7290018443040,false,נבטים סיניים (בוסתן,,,נבטים סיניים,יח',1.00,יח',false,,5.90,5.9000,true,1,3894751
7290018443057,false,נבטי חמניה (בוסתן),,,נבטי חמניה,יח',1.00,יח',false,,8.90,8.9000,true,1,3894752
7290018443064,false,נבטי אלפלפא (בוסתן),,,נבטי אלפלפא,יח',1.00,יח',false,,5.90,5.9000,true,1,3894753
7290018443255,false,בייבי בטטה,,,בייבי בטטה,יח',1.00,יח',false,,7.90,7.9000,true,1,3899060
7290018443728,false,באק צ'וי זוג רמי לוי,,,באק צ'וי זוג רמי לוי,יח',1.00,יח',false,,11.90,11.9000,true,1,3898184
7290018443736,false,בייבי מיקס רמי לוי 150 גרם,,,בייבי מיקס רמי לוי 1,יח',1.00,יח',false,,9.90,9.9000,true,1,3898185
7290018443743,false,חמציץ רמי לוי פראש,,,חמציץ רמי לוי,יח',1.00,יח',false,,9.90,9.9000,true,1,3898186
7290018443767,false,חסה סלנובה רמי לוי,,,חסה סלנובה רמי לוי,יח',1.00,יח',false,,9.90,9.9000,true,1,3898188
7290018443774,false,עלי קייל רמי לוי,,,עלי קייל רמי לוי,יח',1.00,יח',false,,10.90,10.9000,true,1,3898189
7290018443781,false,רוקט 150 גרם רמי לוי,,,רוקט 150 גרם רמי לוי,יח',1.00,יח',false,,9.90,9.9000,true,1,3898190
7290018443798,false,תרד בייבי 150 גרם רמ,,,תרד בייבי 150 גרם רמ,יח',1.00,יח',false,,9.90,9.9000,true,1,3898191
7290018471029,false,"סודה בטעם לימון - מארז 6 בקבוקים 500 מ""ל",יפאורה תבורי בעמ,IL,שוופס סודה שישייה 50,ליטרים,3.00,ליטר,false,,13.90,4.6333,true,1,3892484
7290018471210,false,קרטונית נקטר ספרינג תפוח סברס 1 ליטר,"יפאורה תבורי בע""\מ",IL,נקטר אגס סברס ספרינג,ליטרים,1.00,ליטר,false,,6.50,6.5000,true,1,3892489
7290018471395,false,משקה פרוט& ווג' תפוח רימון ג'ינג'ר 1 ליטר,פרוט אנד וג' Fruit & Veg,IL,פרוט&ווג תפוח סלק רי,מטרים,1000.00,100 מ'ל,false,,11.90,0.0119,true,1,3890398
7290018471401,false,משקה פרוט& ווג' אננס בננה כורכום 1 ליטר,פרוט אנד וג' Fruit & Veg,IL,פרוט&ווג אננס בננה כ,מטרים,1000.00,100 מ'ל,false,,11.90,0.0119,true,1,3891080
7290018471449,false,קרטונית ספרינג שייק בננה תמר תפוז 1 ליטר,"יפאורה תבורי בע""\מ",IL,שייק בננה תמר תפוז 1,ליטרים,1.00,ליטר,false,,11.60,11.6000,true,1,3890185
7290018471456,false,קרטונית ספרינג שייק אננס מנגו פסיפלורה 1 ליטר,"יפאורה תבורי בע""\מ",IL,ספרינג שייק אננס מנג,ליטרים,1.00,ליטר,false,,11.60,11.6000,true,1,3890186
7290018471463,false,תפוזינה נקטר תפוז מנגו קרטונית 1 ליטר,"יפאורה תבורי בע""\מ",IL,תפוזינה נקטר תפוז מנ,ליטרים,1.00,ליטר,false,,6.50,6.5000,true,1,3892496
7290018471487,false,תפוזינה נקטר תפוז אננס קרטונית 1 ליטר,"יפאורה תבורי בע""\מ",IL,תפוזינה נקטר תפוז אנ,ליטרים,1.00,ליטר,false,,6.50,6.5000,true,1,3892498
7290018471548,false,"רביעיית ספרינג ענבים 250 מ""ל","יפאורה תבורי בע""\מ",IL,ספרינג ענבים 4*250 מ,מטרים,1000.00,100 מ'ל,false,,11.40,0.0114,true,1,3892500
7290018471623,false,שוופס טוניק אשכוליות ליצ'י 1 ליטר,"יפאורה תבורי בע""\מ",IL,שוופס טוניק אשכוליות,מטרים,1000.00,100 מ'ל,false,,8.90,0.0089,true,1,3892502
7290018471739,false,משקה אלוורה קינג פטל 1 ליטר,"טרופיקל דגיל בע""מ אז",KR,משקה אלוורה קינג פטל,מטרים,1000.00,100 מ'ל,false,,9.90,0.0099,true,1,3890190
7290018471906,false,שוופס מוגז פירות לימונדה ורודה 1.5 ליטר פיקדון,"יפאורה תבורי בע""\מ",IL,משקה מוגז לימונדה ור,ליטרים,1.50,ליטר,false,,8.20,5.4667,true,1,3897806
7290018471913,false,משקה מוגז פירות תפוחים שוופס 1.5 ליטר,"יפאורה תבורי בע""\מ",IL,משקה מוגז פירות תפוח,ליטרים,1.50,ליטר,false,,8.20,5.4667,true,1,3897807
7290018471920,false,שוופס מוגז פירות ענבים 1.5 ליטר פיקדון,"יפאורה תבורי בע""\מ",IL,משקה מוגז פירות ענבי,ליטרים,1.50,ליטר,false,,8.20,5.4667,true,1,3897808
7290018471937,false,שוופס מוגז פירות תות ליים 1.5 ליטר פיקדון,"יפאורה תבורי בע""\מ",IL,משקה מוגז פירות תות,ליטרים,1.50,ליטר,false,,8.20,5.4667,true,1,3897809
7290018471944,false,שוופס מוגז פירות לימונייד 1.5 ליטר פיקדון,"יפאורה תבורי בע""\מ",IL,משקה מוגז פירות לימו,ליטרים,1.50,ליטר,false,,8.20,5.4667,true,1,3897810
7290018471951,false,שוופס מוגז פירות אשכולית אדומה 1.5 ליטר פיקדון,"יפאורה תבורי בע""\מ",IL,משקה מוגז פירות אשכו,ליטרים,1.50,ליטר,false,,8.20,5.4667,true,1,3897811
7290018493052,false,"ד""ר פישר - אפקטיב קר קרם ידיים מועשר בשמן אבוקדו 100 מ""ל",פישר מעבדות פרמצבטיות,IL,אפקטיב קר קרם ידיים,מטרים,100.00,100 מ'ל,false,,15.90,0.1590,true,1,3894136
7290018493076,false,"אפקטיב קר קרם ידייםמועשר בשמן ארגן ד""ר פישר 100 מ""ל",פישר מעבדות פרמצבטיות,IL,אפקטיב קר קרם ידיים,מטרים,100.00,100 מ'ל,false,,15.90,0.1590,true,1,3894137
7290018493144,false,קמיל קלין &נוריש אל סבון מועשר בשמן ארגן 1 ליטר,פישר מעבדות פרמצבטיות,IL,קמיל אל סבון 1 ליטר,100 מל,1000.00,100 מל,false,,15.80,0.0158,true,1,3894138
7290018493915,false,"ד""ר פישר - שמן גוף לתינוק מעושר בשמן שקדים 200 מ""ל",פישר מעבדות פרמצבטיות בע,IL,שמן גוף לתינוק עם שמ,מטרים,200.00,100 מ'ל,false,,19.90,0.0995,true,1,3901247
7290018507445,false,שניצים רצועות חזה עוף,תנובה גליל שותפות מוגבלת,IL,רצועות חזה עוף בציפו,גרמים,600.00,100 גרם,false,,39.90,0.0665,true,1,3903008
7290018516348,false,מחית פרינוק פאוץ' שיבולת שועל סלט פירות 120 גרם,פרוטה פודווין איי.אס,CZ,מחית פרינוק פאוצ סלט,גרמים,120.00,100 גרם,false,,5.90,0.0492,true,1,3891824
7290018516355,false,מחיט תפוח עץ ושבולות שועל 190 ג' פרינוק גוניור,פרוטה פודווין איי.אס,CZ,"גוניור תפו""ע שיבולת",גרמים,190.00,100 גרם,false,,5.90,0.0311,true,1,3901338
7290018516362,false,מחיט תפוח עץ בננה ושבולות שועל 190 ג' פרינוק גוניור,פרוטה פודווין איי.אס,CZ,"גוניור תפו""ע בננה שי",גרמים,190.00,100 גרם,false,,5.90,0.0311,true,1,3901339
7290018516393,false,פרמיו סופרים מיקס לחתול,פרמיו Premio,DE,פרמיו מיקס 3קג,יח',1.00,יח',false,,59.90,59.9000,true,1,3898320
7290018540329,false,שקית פיתה פיתה בלדי 800 ג' אנג'ל,מאפיית שלמה א. אנג'\ל בע,IL,פיתה אנגל 8 יח,גרמים,800.00,100 גרם,false,,10.90,0.0136,true,1,3892066
7290018540817,false,ארטיזנל לחם מחמצת כוסמין אנג'ל 500 גרם,מאפיית אורנים,IL,לחם מחמצת ארטיזנל כו,גרמים,500.00,100 גרם,false,,17.80,0.0356,true,1,3899428
7290018540824,false,ארטיזנל לחם מחמצת כפרי אנג'ל 500 גרם,מאפיית אורנים,IL,לחם מחמצת ארטיזנל כפ,גרמים,500.00,100 גרם,false,,16.80,0.0336,true,1,3899429
7290018540831,false,ארטיזנל לחם מחמצת חיטה מלאה ודגנים אנג'ל 500 גרם,מאפיית אורנים,IL,לחם מחמצת ארטיזנל חי,גרמים,500.00,100 גרם,false,,16.80,0.0336,true,1,3899430
7290018546000,false,פסטה פנה 500גר רמילוי,,,פסטה פנה 500גר רמילו,גרמים,500.00,100 גרם,false,,2.50,0.0050,true,1,3901928
7290018546017,false,פסטה פנה חיטה מלאה 5,,,פסטה פנה חיטה מלאה 5,גרמים,500.00,100 גרם,false,,3.90,0.0078,true,1,3901929
7290018546024,false,פסטה לספגטי חיטה מלא,,,פסטה לספגטי חיטה מלא,גרמים,500.00,100 גרם,false,,2.50,0.0050,true,1,3901930
7290018546031,false,ספגטי 500גר רמילוי,,,ספגטי 500גר רמילוי,גרמים,500.00,100 גרם,false,,3.20,0.0064,true,1,3901931
7290018546048,false,פסטה מסולסלת 500גר ר,,,פסטה מסולסלת 500גר ר,גרמים,500.00,100 גרם,false,,3.20,0.0064,true,1,3901932
7290018546055,false,פסטה פרפלה 500גר רמי,,,פסטה פרפלה 500גר רמי,גרמים,500.00,100 גרם,false,,3.20,0.0064,true,1,3901933
7290018546062,false,פסטה קונכיות 500גר רמילוי,,,פסטה קונכיות 500גר ר,גרמים,500.00,100 גרם,false,,3.20,0.0064,true,1,3901934
7290018546086,false,ספגטיני 500גר רמילוי,,,ספגטיני 500גר רמילוי,גרמים,500.00,100 גרם,false,,3.20,0.0064,true,1,3901935
7290018546116,false,פסטה פוזילי 500גר רמ,,,פסטה פוזילי 500גר רמ,גרמים,500.00,100 גרם,false,,3.20,0.0064,true,1,3901938
7290018546130,false,פסטה צדפים 500גר רמילוי,,,פסטה צדפים 500גר רמי,גרמים,500.00,100 גרם,false,,3.20,0.0064,true,1,3901939
7290018546260,false,פירורי לחם מוזהבים 800 גרם,,,פירורי לחם מוזהבים 8,גרמים,800.00,100 גרם,false,,11.90,0.0149,true,1,3872046
7290018554005,false,מלפפון במלח 7-9 רמי לוי,,,מלפפון במלח 7-9 רמי,גרמים,670.00,100 גרם,false,,4.90,0.0073,true,1,3896528
7290018554029,false,מלפפונים במלח 10-12 רמילוי,,,מלפםונים במלח 10-12,גרמים,540.00,100 גרם,false,,5.90,0.0109,true,1,3896530
7290018554036,false,מלפפונים בחומץ 10-12 רמילוי,,,מלפםונים בחומץ 10-12,גרמים,540.00,100 גרם,false,,5.90,0.0109,true,1,3891167
7290018554043,false,מלפפונים במלח 13-17 רמילוי,,,מלפםונים במלח 13-17,גרמים,540.00,100 גרם,false,,6.90,0.0128,true,1,3896531
7290018554074,false,מלפםונים בחומץ 18-25 רמילוי,,,מלפםונים בחומץ 18-25,גרמים,670.00,100 גרם,false,,8.90,0.0133,true,1,3890918
7290018563267,false,תרכיז תפוחים 100% ללא תוספת סוכר 1 ליטר בקבוק,"פ.קטיף מזון בע""מ",IL,רכז טעם תפוחים ללא ס,ליטרים,1.00,ליטר,false,,32.90,32.9000,true,1,3897176
7290018564004,false,גזר גמדי רמילוי 800 גר,,,גזר גמדי רמילוי 800,גרמים,800.00,100 גרם,false,,8.20,0.0102,true,1,3894793
7290018564011,false,אפונת גינה רמילוי 800 גר,,,אפונת גינה רמילוי 80,גרמים,800.00,100 גרם,false,,8.70,0.0109,true,1,3894794
7290018564028,false,אפונה עדינה 600ג רמילוי,,,אפונה עדינה 600ג רמי,גרמים,600.00,100 גרם,false,,10.90,0.0182,true,1,3894795
7290018564035,false,שעועית ירוקה שלמה 80,,,שעועית ירוקה שלמה 80,גרמים,800.00,100 גרם,false,,6.50,0.0081,true,1,3894796
7290018564042,false,שעועית צהובה חתוכה 8,,,שעועית צהובה חתוכה 8,גרמים,800.00,100 גרם,false,,6.50,0.0081,true,1,3894797
7290018564059,false,שעועית ירוקה שלמה עדינה 600ג רמילוי,,,שעועית ירוקה שלמה עד,גרמים,600.00,100 גרם,false,,10.90,0.0182,true,1,3894798
7290018564066,false,אפונה וגזר רמילוי 800 גר,,,אפונה וגזר רמילוי 80,גרמים,800.00,100 גרם,false,,8.70,0.0109,true,1,3894799
7290018564073,false,במיה קפוא 600ג רמילוי,,,במיה קפוא 600ג רמילו,גרמים,600.00,100 גרם,false,,7.90,0.0132,true,1,3894800
7290018564103,false,פולי סויה 600גר,,,פולי סויה 600גר,גרמים,600.00,100 גרם,false,,11.90,0.0198,true,1,3891131
7290018564110,false,ארטישוק קפוא 400ג רמילוי,,,ארטישוק קפוא 400ג רמ,גרמים,400.00,100 גרם,false,,7.90,0.0198,true,1,3894803
7290018564141,false,גרגירי חומוס מבושלים 800גר רמי לוי,,,גרגירי חומוס מבושלים,גרמים,800.00,100 גרם,false,,9.90,0.0124,true,1,3894806
7290018564165,false,כרובית 800גר רמי לוי,,,כרובית 800גר רמי לוי,גרמים,800.00,100 גרם,false,,9.90,0.0124,true,1,3894808
7290018564172,false,ברוקולי 800גר רמי לוי,,,ברוקולי 800גר רמי לו,גרמים,800.00,100 גרם,false,,12.90,0.0161,true,1,3894809
7290018564196,false,שעועית ירוקה חתוכה 8,,,שעועית ירוקה חתוכה 8,גרמים,800.00,100 גרם,false,,6.50,0.0081,true,1,3889999
7290018564547,false,ירקות חמוצים בטעם ביתי 500 גרם,,,ירקות חמוצים בטעם בי,גרמים,500.00,100 גרם,false,,19.90,0.0398,true,1,3894812
7290018564554,false,מלפפונים חמוצים ביתיים כבושים 500 גרם,,,מלפפונים חמוצים ביתי,גרמים,500.00,100 גרם,false,,19.90,0.0398,true,1,3894813
7290018564561,false,ירקות חמוצים בסגנון טורשי,,,ירקות חמוצים בסגנון,גרמים,500.00,100 גרם,false,,19.90,0.0398,true,1,3894814
7290018564585,false,ירקות חמוצים בטעם חמוץ מתוק 500 גרם,,,ירקות חמוצים בטעם חמ,גרמים,500.00,100 גרם,false,,19.90,0.0398,true,1,3894816
7290018566008,false,אגוזי מלך קלופים 250גר בקופסא,,,אגוזי מלך קלופים 250,גרמים,250.00,100 גרם,false,,18.90,0.0756,true,1,3909572
7290018566817,false,ענב שחור יבוא,,,ענב שחור יבוא,יח',1.00,יח',false,,10.53,10.5300,true,1,3893291
7290018566848,false,מיץ לימון משומר 1000 מל,,,מיץ לימון משומר 1000,יח',1.00,יח',false,,7.90,7.9000,true,1,3896861
7290018566862,false,קטשופ 720מל רמי לוי,,,קטשופ 720מל רמי לוי,גרמים,720.00,100 גרם,false,,6.90,0.0096,true,1,3901986
7290018566879,false,תה ירוק קלאסי 25 יח רמי לוי,,,תה ירוק קלאסי 25שק ר,יח',1.00,יח',false,,8.90,8.9000,true,1,3901987
7290018566893,false,תה קמומיל 25 יח רמי לוי,,,תה קמומיל 25שק רמי ל,יח',1.00,יח',false,,8.90,8.9000,true,1,3901989
7290018566909,false,תה ירוק נענע 25 יח רמי לוי,,,תה ירוק נענע 5שק רמי,יח',1.00,יח',false,,8.90,8.9000,true,1,3901990
7290018566916,false,ארל גרי 25 יח רמי לוי,,,ארל גרי 25שק רמי לוי,יח',1.00,יח',false,,8.90,8.9000,true,1,3901991
7290018566923,false,תה שחור 100שק רמי לוי,,,תה שחור 100שק רמי לו,יח',1.00,יח',false,,9.90,9.9000,true,1,3901992
7290018626313,false,שמן קנולה מזוכך 1לי רמילוי,,,שמן קנולה מזוכך 1לי,יח',1.00,יח',false,,8.90,8.9000,true,1,3896256
7290018651001,false,לחם פרנה בית הפרנה 4,,IL,לחם פרנה בית הפרנה 4,גרמים,400.00,100 גרם,false,,12.90,0.0323,true,1,3890925
7290018651025,false,פרנה זעתר בית הפרנה,,IL,פרנה זעתר בית הפרנה,גרמים,400.00,100 גרם,false,,12.90,0.0323,true,1,3896855
7290018651049,false,פרנה שום בית הפרנה,,IL,פרנה שום בית הפרנה,גרמים,400.00,100 גרם,false,,12.90,0.0323,true,1,3896857
7290018651056,false,פרנה ביס בית הפרנה,,,פרנה ביס בית הפרנה,גרמים,400.00,100 גרם,false,,12.90,0.0323,true,1,3896858
7290018652039,false,לה קרמריה קרמל מלוח ונוגט בדצ 6*1.4 ליטר,גלידות נסטלה )נגה גלידות,IL,לה קרמריה קרמל מלוח,ליטרים,1.40,ליטר,false,,17.70,12.6429,true,1,3891862
7290018652671,false,"לה קרמריה שוקולד וניל 1.4 ליטר [תו אי""ל]",גלידות נסטלה,IL,לה קרמריה שוקו וניל,ליטרים,1.40,ליטר,false,,17.70,12.6429,true,1,3904844
7290018652688,false,לה קרמריה פירות טרופיים ופירות יער נסטלה 700 גרם,גלידות נסטלה,IL,לה קרמריה פירות טרופ,ליטרים,1.40,ליטר,false,,17.70,12.6429,true,1,3904845
7290018677148,false,גרנולה קראנצ'י שוקולד וקוקוס ללא גלוטן וללא תוספת סוכר נוטרה זן-300 גרם,,CZ,גרנולה קראנצי שוקולד,גרמים,300.00,100 גרם,false,,22.90,0.0763,true,1,3896470
7290018677155,false,"תערובת קמחים רב תכליתי לל""ג 500 גרם",נוטרה זון,IT,"תערובת קמחים לל""ג 50",גרמים,500.00,100 גרם,false,,16.90,0.0338,true,1,3890913
7290018708118,false,חלבה וניל פיסטוק ללא סוכר בארכה 350 גרם,בארכה,,בארכה חלבה וניל פיסט,גרמים,350.00,100 גרם,false,,14.90,0.0426,true,1,3897797
7290018708132,false,בארכה חלבה מסולסלת שוקו וניל 250 גרם,בארכה,IL,בארכה חלבה מסולסלת ש,גרמים,250.00,100 גרם,false,,13.90,0.0556,true,1,3901366
7290018710234,false,אבקת אפייה עשירייה רמילוי,,,אבקת אפייה עשירייה ר,יח',1.00,יח',false,,1.60,1.6000,true,1,3890920
7290018710241,false,סוכר וניל עשירייה רמילוי,,,סוכר וניל עשירייה רמ,יח',1.00,יח',false,,1.60,1.6000,true,1,3896756
7290018710258,false,קורנפלור 200גר רמילוי,,,קורנפלור 200גר רמילו,גרמים,200.00,100 גרם,false,,2.50,0.0125,true,1,3890921
7290018710265,false,סודה לשתייה 100גר רמילוי,,,סודה לשתייה 100גר רמ,גרמים,100.00,100 גרם,false,,1.60,0.0160,true,1,3890922
7290018710272,false,שומשום 200גר רמילוי,,,שומשום 200גר רמילוי,גרמים,200.00,100 גרם,false,,4.90,0.0245,true,1,3896757
7290018710296,false,קוקוס טחון 200גר רמילוי,,,קוקוס טחון 200גר רמי,גרמים,200.00,100 גרם,false,,4.90,0.0245,true,1,3896758
7290018710302,false,קוקוס טחון 500גר רמילוי,,,קוקוס טחון 500גר רמי,גרמים,500.00,100 גרם,false,,11.90,0.0238,true,1,3896759
7290018710319,false,אבקת סוכר 100גר רמילוי,,,אבקת סוכר 100גר רמיל,גרמים,100.00,100 גרם,false,,1.80,0.0180,true,1,3891172
7290018710326,false,אבקת סוכר 500גר רמילוי,,,אבקת סוכר 500גר רמיל,גרמים,500.00,100 גרם,false,,6.80,0.0136,true,1,3891292
7290018710333,false,מלח לימון 100גר רמילוי,,,מלח לימון 100גר רמיל,גרמים,100.00,100 גרם,false,,4.90,0.0490,true,1,3891173
7290018710371,false,סוכר חום דמררה 1קג רמילוי,,,סוכר חום דמררה 1קג ר,קילוגרמים,1.00,"ק""ג",false,,9.90,9.9000,true,1,3898340
7290018710678,false,קמח תפוא רמי לוי 500,,,קמח תפוא רמי לוי 500,גרמים,500.00,100 גרם,false,,5.90,0.0118,true,1,3905813
7290018711071,false,מיונז אמיתי 500ג רמילוי,,,מיונז אמיתי 500ג רמי,גרמים,500.00,100 גרם,false,,7.90,0.0158,true,1,3901567
7290018711088,false,מיונז אמיתי 1קג רמילוי,,,מיונז אמיתי 1קג רמיל,גרמים,1000.00,100 גרם,false,,13.90,0.0139,true,1,3901568
7290018724804,false,"זרעי צ'יה ""נטורלה"" 230 גרם",,IL,זרעי ציה נטורלה,גרמים,230.00,100 גרם,false,,12.90,0.0561,true,1,3896474
7290018724897,false,פירורי לחם ללא גלוטן 300 גרם אביב ירוק,,IL,פרורי מאפה ללא גלוטן,גרמים,300.00,100 גרם,false,,12.90,0.0430,true,1,3896475
7290018809006,false,מיני סמבוסק מיקס,,,מיני סמבוסק מיקס,יח',1.00,יח',false,,49.90,49.9000,true,1,3896353
7290018860717,false,אטריות אורז 454גר ללא גלוטן,סא ג'אנג אוספורט,VN,אטריות אורז 454גר לל,גרמים,454.00,100 גרם,false,,10.90,0.0240,true,1,3902578
7290018878019,false,"כרמית שוקולד צ'יפס מריר 250 גר' כשל""פ",,IL,שוקולד ציפס מריר 47%,גרמים,250.00,100 גרם,false,,9.90,0.0396,true,1,3904819
7290018879658,false,שוקולד צ'יפס מריר 45% כרמית 250 גרם,כרמית,IL,אגו  שוקולד צ'יפס מר,גרמים,250.00,100 גרם,false,,9.90,0.0396,true,1,3901025
7290018879856,false,טופי שטוח  ענבים ופטל  50 יח  24 יח בדצ - חדש,דורקאן,TR,טופי שטוח ענבים ופטל,גרמים,400.00,100 גרם,false,,9.90,0.0248,true,1,3897966
7290018886335,false,פת דגנים שיפון 170 ג,,,מאפים שיפון 170 גר,גרמים,170.00,100 גרם,false,,6.90,0.0406,true,1,3898325
7290018886359,false,פת דגנים 7 דגנים 170,,,מאפים 7 דגנים 170 גר,גרמים,170.00,100 גרם,false,,6.90,0.0406,true,1,3898326
7290018886991,false,שמן קנולה מזוכך 1לי- בית יוסף,סקנולה,EE,שמן קנולה מזוכך 1לי-,יח',1.00,יח',false,,8.90,8.9000,true,1,3900244
7290018893012,false,צ'וקולטה שוקולד מריר,,,צ'וקולטה שוקולד מריר,גרמים,300.00,100 גרם,false,,9.90,0.0330,true,1,3898353
7290018893036,false,צ'וקטה ביסקוויט בטעם שוקוטלד במילוי קרם בטעם וניל 176 גרם,צ'וקטה Chocketa,ES,ביסקוויט סנדביץ בטעם,גרמים,176.00,100 גרם,false,,6.90,0.0392,true,1,3898341
7290018893043,false,ממרח אגוזי לוז 350 גר רמילוי,,,רמי לוי ממרח אגוזי ל,גרמים,350.00,100 גרם,false,,9.90,0.0283,true,1,3898355
7290018893081,false,עוגות מגולגלות במילוי קרם חלבי וציפוי בטעם שוקולד,צ'וקטה Chocketa,IL,צוקטה עוגות מגולגלות,גרמים,222.00,100 גרם,false,,7.90,0.0356,true,1,3896865
7290018893111,false,צ'וקטה שוקולד מריר בלגי 70% 100 גרם,צ'וקטה Chocketa,BE,צוקטה שוקולד מריר בל,גרמים,100.00,100 גרם,false,,8.90,0.0890,true,1,3900910
7290018893227,false,פרימיום שוקולד חלב מעולה 34% רמילוי,,,שוקולד חלב בלגי 36%,גרמים,100.00,100 גרם,false,,8.90,0.0890,true,1,3898356
7290018893234,false,צ'וקולטה עוגיות סנדביץ 176גר רמי לוי,,,צ'וקולטה עוגיות סנדב,גרמים,176.00,100 גרם,false,,4.90,0.0278,true,1,3898357
7290018893241,false,ממרח אגוזי לוז 750גר רמילוי,,,רמי לוי ממרח אגוזי ל,גרמים,750.00,100 גרם,false,,18.90,0.0252,true,1,3898358
7290018893258,false,צ'וקטה עוגות אישיות במילוי קרם קרמל ובציפוי בטעם שוקולד 300 גרם,פרדי קונדיטוריה אס.פ,IT,צ'וקטה עוגות אישיות,גרמים,300.00,100 גרם,false,,10.90,0.0363,true,1,3896866
7290018893289,false,עוגות מגולגלות בטעם קקאו - 6 יחידות במארז,צ'וקטה Chocketa,IL,צוקטה עוגות מגולגלות,גרמים,222.00,100 גרם,false,,7.90,0.0356,true,1,3896868
7290018893418,false,שוקולד מריר 60% מארז 6 יח' *100 ג' צ'וקטה,צ'וקטה Chocketa,ES,צוקטה שוקולד מריר שי,גרמים,600.00,100 גרם,false,,19.90,0.0332,true,1,3896869
7290018893425,false,צוקטה ממרח אגוזי לוז וקקאו דואו 700 גר,נאטרא מאלה,BE,צוקטה ממרח אגוזי לוז,גרמים,700.00,100 גרם,false,,17.90,0.0256,true,1,3898345
7290018893432,false,פרימיום שוקולד מריר ואגוזי לוז רמילוי,,,צ'וקולטה שוקולד מריר,גרמים,100.00,100 גרם,false,,8.90,0.0890,true,1,3898359
7290018893456,false,צ'וקטה עוגות אישיות במילוי קרם ובציפוי בטעם שוקולד 300 גרם,"פרדי קונדיטוריה אס,פי.אי",IT,צ'וקטה עוגות אישיות,גרמים,300.00,100 גרם,false,,10.90,0.0363,true,1,3896870
7290018893487,false,צ'וקטה עוגות אישיות עם קוקוס-מארז עשירייה,פרדי קונדטוריה אס פי,IT,צוקטה עוגות אישיות ק,גרמים,350.00,100 גרם,false,,10.90,0.0311,true,1,3896871
7290018893616,false,שישיית שוקולד מריר 48% צ'וקטה 100 גרם,איברקקאו,ES,שוקולד צוקטה מריר 48,גרמים,600.00,100 גרם,false,,18.90,0.0315,true,1,3898349
7290018893623,false,צ'וקולטה שוקולד חלב 3*100גר רמילוי,,,צ'וקולטה שוקולד חלב,גרמים,300.00,100 גרם,false,,9.90,0.0330,true,1,3898360
7290018893647,false,עוגיות סנדוויץ במילוי קרם וניל בציפוי שוקולד 150 גרם צ'וקטה,צ'וקטה Chocketa,ES,צ'וקטה עוגיות סנדביץ,גרמים,150.00,100 גרם,false,,7.90,0.0527,true,1,3898350
7290018893661,false,עוגות אישיות במילוי קרם קקאו ציפוי בטעם שוקולד מריר,"פרדי קונדיטוריה אס,פי.אי",IT,צ'וקטה עוגות אישיות,גרמים,240.00,100 גרם,false,,10.90,0.0454,true,1,3896872
7290018893685,false,צ'וקולטה עוגות אישיות חלב 350גר רמילוי,,,צ'וקולטה עוגות אישיו,גרמים,350.00,100 גרם,false,,9.90,0.0283,true,1,3898361
7290018893807,false,צ'וקטה - שוקולד מריר שלישייה 3 * 100 גרם,אייברקקאו אס אי. יו,ES,צ'וקטה שוקולד מריר 6,גרמים,300.00,100 גרם,false,,10.90,0.0363,true,1,3898351
7290018893814,false,חמישיית שוקולד מריר 48% צ'וקטה 100 גרם,הדקלאים אגודת שיתופי,ES,שוקולד מריר 48% חמיש,גרמים,500.00,100 גרם,false,,15.90,0.0318,true,1,3898352
7290018893821,false,צ'וקולטה שוקולד מריר 5*100גר רמילוי,,,צ'וקולטה שוקולד מריר,גרמים,500.00,100 גרם,false,,13.90,0.0278,true,1,3898362
7290018893838,false,פרימיום שוקולד מריר 70% רמילוי,,,צ'וקולטה שוקולד מריר,גרמים,100.00,100 גרם,false,,8.90,0.0890,true,1,3898363
7290018893845,false,פתי בר ביסקוויט בטעם חמאה 400 גרם צ'וקטה,צ'וקטה Chocketa,ES,צוקטה פתי בר טעם חמא,גרמים,400.00,100 גרם,false,,6.90,0.0173,true,1,3896874
7290018893876,false,עוגות אישיות רכות עם מילוי קרם בטעם וניל,פרדי קונדיטוריה אס.פ,IT,צוקטה עוגות אישיות ו,גרמים,200.00,100 גרם,false,,10.90,0.0545,true,1,3896875
7290018893883,false,עוגות אישיות במילוי ובציפוי 350ג רמילוי,,,צ'וקולטה עוגות אישיו,גרמים,350.00,100 גרם,false,,9.90,0.0283,true,1,3898364
7290018894019,false,עוגות אישיות במילוי קרם חלבי ובציפוי קרם קקאו,בלקוני Balconi,IT,בלקוני עוגות מיקס מק,גרמים,350.00,100 גרם,false,,14.90,0.0426,true,1,3903234
7290018894200,false,בלקוני וופל קוביות ויל 250 גרם חלבי OU,בלקוני Balconi,IT,בלקוני וופל קוביות ו,גרמים,250.00,100 גרם,false,,11.90,0.0476,true,1,3903235
7290018894217,false,עוגות אישיות במילוי קרם קקאו ובציפוי קרם קקאו,בלקוני Balconi,IT,בלקוני עוגות מיקס מק,גרמים,350.00,100 גרם,false,,14.90,0.0426,true,1,3903236
7290018894804,false,וופלים במילוי קרם אגוזי לוז - חלבי,בלקוני Balconi,IT,בלקוני וופל אגוזים 1,גרמים,175.00,100 גרם,false,,7.90,0.0451,true,1,3903240
7290018921029,false,"ד""ר פישר - קמיל בלו מגבוני סנסיטיב 64 יח' * 4",פישר מעבדות פרמצבטיות בע,IL,רביעיית מגבוני קמיל,יח',1.00,יח',false,,21.80,21.8000,true,1,3894151
7290018921166,false,קמיל אל סבון להזנת העור מועשר באצות-ים 1 ליטר,פישר מעבדות פרמצבטיות בע,IL,קמיל אל סבון היגייני,100 מל,1000.00,100 מל,false,,15.80,0.0158,true,1,3894152
7290018921265,false,"תחליב רחצה מועשר בתמצית אלוורה 700 מ""ל אפקטיב קר",פישר מעבדות פרמצבטיות בע,IL,אפקטיב קר תחליב רחצה,מטרים,700.00,100 מ'ל,false,,16.90,0.0241,true,1,3898071
7290018921456,false,"ד""ר פישר - אפקטיב קר תחליב רחצה שמן כותנה 700 מ""ל",פישר מעבדות פרמצבטיות בע,IL,אפקטיב קר תחליב רחצה,מטרים,700.00,100 מ'ל,false,,16.90,0.0241,true,1,3898072
7290018921654,false,"ד""ר פישר - אפקטיב קר תחליב רחצה תמצית לוונדר 700 מ""ל",פישר מעבדות פרמצבטיות בע,IL,אפקטיב קר תחליב רחצה,מטרים,700.00,100 מ'ל,false,,16.90,0.0241,true,1,3898073
7290018921753,false,קמיל אל סבון היגייני לניקוי יסודי מועשר בלחות 1 ליטר,פישר תעשיות,IL,קמיל אל סבון היגייני,100 מל,1000.00,100 מל,false,,15.80,0.0158,true,1,3894155
7290018925065,false,מיץ פרימור תפוזים סחוט 2 ליטר-,"גניר (1992) בע""מ",IL,מיץ תפוזים פרימור 2,ליטרים,2.00,ליטר,false,,24.20,12.1000,true,1,3897984
7290018925096,false,משקה קל תפוזים פרימור 1.5 ליטר,פרימור,IL,פרימור משקה קל תפוזי,ליטרים,1.50,ליטר,false,,7.90,5.2667,true,1,3897596
7290018925102,false,משקה קל ענבים פרימור 1.5 ליטר,פרימור,IL,פרימור משקה קל ענבים,ליטרים,1.50,ליטר,false,,7.90,5.2667,true,1,3897597
7290018925119,false,משקה קל דיאט אשכוליות פרימור 1.5 ליטר,פרימור,IL,פרימור משקה קל דיאט,ליטרים,1.50,ליטר,false,,7.50,5.0000,true,1,3897598
7290018925126,false,משקה קל תפוחי עץ פרימור 1.5 ליטר,פרימור,IL,"פרימור משקה קל תפו""ע",ליטרים,1.50,ליטר,false,,7.90,5.2667,true,1,3897599
7290018925133,false,פרימור משקה קל מנגו ‏5‏.‏1‏ ליטר,פרימור,IL,פרימור משקה קל מנגו,ליטרים,1.50,ליטר,false,,7.90,5.2667,true,1,3897600
7290018925140,false,משקה קל אשכוליות פרימור 1.5 ליטר,פרימור,IL,פרימור משקה קל אשכול,ליטרים,1.50,ליטר,false,,7.90,5.2667,true,1,3897601
7290018925157,false,משקה קל לימונים פרימור 1.5 ליטר,פרימור,IL,פרימור משקה קל לימונ,ליטרים,1.50,ליטר,false,,7.90,5.2667,true,1,3897602
7290018940082,false,וירטואוזו רונדו חצי יבש 750מ,יקבי ארזה,IL,וירטואוזו רונדו חצי,מיליליטרים,750.00,"100 מ""ל",false,,44.90,0.0599,true,1,3896119
7290018989005,false,שלישיית פולפה עגבניות טבעי יכין 400X3 גרם,זנלכל,IL,יכין פולפה טבעית 400,גרמים,1200.00,100 גרם,false,,16.50,0.0138,true,1,3903070
7290019035237,false,שמן קנולה פילד גוד 1 ליטר,OJSC BOBRUISK FACTOR,BY,שמן קנולה 1 ליטר,ליטרים,1.00,ליטר,false,,8.90,8.9000,true,1,3901750
7290019038320,false,עוגה טעם תפוז ללא סוכר 350 גר,,,עוגה טעם תפוז ללא סו,גרמים,350.00,100 גרם,false,,10.90,0.0311,true,1,3902949
7290019038658,false,ערק חביבי בטעם ענבים,,,ערק חביבי בטעם ענבים,מטרים,700.00,100 מ'ל,false,,44.90,0.0641,true,1,3893680
7290019038672,false,ערק חביבי אניס 700מל,,,ערק חביבי אניס 700מל,מטרים,700.00,100 מ'ל,false,,59.90,0.0856,true,1,3893682
7290019038689,false,ערק חביבי בטעם שקדים 700 מל,,,ערק חביבי בטעם שקדים,מטרים,700.00,100 מ'ל,false,,44.90,0.0641,true,1,3893683
7290019038719,false,שישיית מי סודה מוגז רמילוי 250מל,,,שישיית מי סודה מוגז,מטרים,1500.00,100 מ'ל,false,,11.90,0.0079,true,1,3890926
7290019038726,false,שישיית סודה נענע ליים מוגז רמילוי 250מל,,,שישיית סודה נענע ליי,מטרים,1500.00,100 מ'ל,false,,11.90,0.0079,true,1,3897161
7290019038733,false,שישיית סודה לימון מוגז רמילוי 250מל,,,שישיית סודה לימון מו,מטרים,1500.00,100 מ'ל,false,,11.90,0.0079,true,1,3890927
7290019044000,false,"תפו""א לבן ארוז",,,"תפו""א לבן ארוז",קילוגרמים,1.00,"ק""ג",true,,3.90,3.9000,true,1,3891230
7290019056027,false,שוופס מוגז פירות תפוחים ללא סוכר 1.5 ליטר פיקדון,"יפאורה תבורי בע""\מ",IL,משקה מוגז פירות תפוח,ליטרים,1.50,ליטר,false,,7.90,5.2667,true,1,3897817
7290019056034,false,שוופס מוגז פירות אננס ללא סוכר 1.5 ליטר פיקדון,"יפאורה תבורי בע""מ",IL,משקה מוגז פירות אננס,ליטרים,1.50,ליטר,false,,7.90,5.2667,true,1,3897818
7290019056041,false,שוופס מוגז פירות לימונייד ללא סוכר 1.5 ליטר פיקדון,"יפאורה תבורי בע""מ",IL,משקה מוגז פירות לימו,ליטרים,1.50,ליטר,false,,7.90,5.2667,true,1,3897819
7290019056058,false,שוופס מוגז עדין תפוח ליים 1.5 ליטר פיקדון,"יפאורה תבורי בע""\מ",IL,שוופס מוגז עדין תפוח,ליטרים,1.50,ליטר,false,,8.30,5.5333,true,1,3897820
7290019056065,false,שוופס מוגז עדין פירות יער 1.5 ליטר פיקדון,"יפאורה תבורי בע""\מ",IL,שוופס מוגז עדין פירו,ליטרים,1.50,ליטר,false,,8.30,5.5333,true,1,3897821
7290019056072,false,שוופס מוגז עדין אננס 1.5 ליטר פיקדון,"יפאורה תבורי בע""מ",IL,שוופס מוגז עדין אננס,ליטרים,1.50,ליטר,false,,8.30,5.5333,true,1,3897822
7290019056089,false,שוופס מוגז עדין ענבי ריזלינג 1.5 ליטר פיקדון,"יפאורה תבורי בע""\מ",IL,שוופס מוגז עדין ענבי,ליטרים,1.50,ליטר,false,,8.30,5.5333,true,1,3897823
7290019056096,false,שוופס מוגז עדין אפרסק 1.5 ליטר פיקדון,"יפאורה תבורי בע""\מ",IL,שוופס מוגז עדין אפרס,ליטרים,1.50,ליטר,false,,8.30,5.5333,true,1,3897824
7290019056119,false,שוופס סודה 1.5 ליטר פיקדון,"יפאורה תבורי בע""\מ",IL,סודה שוופס 1.5 ליטר,ליטרים,1.50,ליטר,false,,2.90,1.9333,true,1,3897825
7290019056164,false,שוופס סודה 1.5 ליטר רביעייה פיקדון,"יפאורה תבורי בע""\מ",IL,סודה שוופס 4*1.5 ליט,ליטרים,6.00,ליטר,false,,11.50,1.9167,true,1,3897830
7290019056171,false,שוופס סודה לימון 1.5 ליטר רביעייה פיקדון,"יפאורה תבורי בע""\מ",IL,סודה לימון שוופס 4*1,ליטרים,6.00,ליטר,false,,11.50,1.9167,true,1,3897831
7290019056188,false,שוופס סודה נענע ליים 1.5 ליטר רביעייה פיקדון,"יפאורה תבורי בע""\מ",IL,סודה נענע ליים שוופס,ליטרים,6.00,ליטר,false,,11.50,1.9167,true,1,3897832
7290019056232,false,משקה מוגז בטעם ליים מוחיטו 1.5 ל' שוופס,"יפאורה תבורי בע""\מ",IL,שוופס מוגז עדין מוחי,ליטרים,1.50,ליטר,false,,8.50,5.6667,true,1,3897835
7290019056249,false,שוופס מים בטעמים ענבים 1.5 ליטר פיקדון,"יפאורה תבורי בע""מ",IL,מים בטעם ענבים שוופס,ליטרים,1.50,ליטר,false,,7.80,5.2000,true,1,3897836
7290019056256,false,שוופס מים בטעמים תפוחים 1.5 ליטר פיקדון,"יפאורה תבורי בע""מ",IL,מים בטעם תפוחים שוופ,ליטרים,1.50,ליטר,false,,7.80,5.2000,true,1,3897837
7290019056263,false,שוופס מים בטעמים אפרסק 1.5 ליטר פיקדון,"יפאורה תבורי בע""מ",IL,מים בטעם אפרסק שוופס,ליטרים,1.50,ליטר,false,,7.80,5.2000,true,1,3897838
7290019056270,false,שוופס מים בטעמים פירות יער 1.5 ליטר פיקדון,"יפאורה תבורי בע""\מ",IL,מים בטעם פירות יער ש,ליטרים,1.50,ליטר,false,,7.80,5.2000,true,1,3897839
7290019056287,false,שוופס מים בטעמים אפרסק ללא סוכר 1.5 ליטר פיקדון,יפאורה שותפות מובגלת לשי,IL,מים בטעם אפרסק לייט,ליטרים,1.50,ליטר,false,,7.90,5.2667,true,1,3897840
7290019056300,false,משקה בטעם ביטר לימון 1.5 ל' שוויפס,"יפאורה תבורי בע""\מ",IL,ביטר למון שוופס 1.5,ליטרים,1.50,ליטר,false,,11.90,7.9333,true,1,3897842
7290019056317,false,שוופס ראשן 1.5 ליטר פיקדון,"יפאורה תבורי בע""\מ",IL,ראשן שוופס 1.5 ליטר,ליטרים,1.50,ליטר,false,,11.90,7.9333,true,1,3897843
7290019056324,false,שוופס טוניק 1.5 ליטר פיקדון,"יפאורה תבורי בע""\מ",IL,טוניק שוופס 1.5 ליטר,ליטרים,1.50,ליטר,false,,11.90,7.9333,true,1,3897844
7290019056331,false,שוופס טוניק ללא סוכר 1.5 ליטר פיקדון,"יפאורה תבורי בע""מ",IL,טוניק ללא סוכר שוופס,ליטרים,1.50,ליטר,false,,11.50,7.6667,true,1,3897845
7290019056355,false,תפוזינה לימונדה MIX לימונענע 1.5 ליטר,"יפאורה תבורי בע""\מ",IL,תפוזינה לימונענע 1.5,ליטרים,1.50,ליטר,false,,7.90,5.2667,true,1,3897846
7290019056362,false,תפוזינה ענבים 1.5 ליטר פיקדון,"יפאורה תבורי בע""\מ",IL,תפוזינה ענבים 1.5 לי,ליטרים,1.50,ליטר,false,,7.90,5.2667,true,1,3897847
7290019056379,false,תפוזינה תפוזים 1.5 ליטר פיקדון,"יפאורה תבורי בע""\מ",IL,תפוזינה תפוזים 1.5 ל,ליטרים,1.50,ליטר,false,,7.90,5.2667,true,1,3897848
7290019056386,false,פתוזינה אשכולית 1.5 ליטר פיקדון,"יפאורה תבורי בע""\מ",IL,תפוזינה אשכוליות 1.5,ליטרים,1.50,ליטר,false,,7.90,5.2667,true,1,3897849
7290019056393,false,תפוזינה תות בננה 1.5 ליטר פיקדון,"יפאורה תבורי בע""\מ",IL,תפוזינה תות בננה 1.5,ליטרים,1.50,ליטר,false,,7.90,5.2667,true,1,3897850
7290019056409,false,תפוזינה מנגו 1.5 ליטר פיקדון,"יפאורה תבורי בע""\מ",IL,תפוזינה מנגו 1.5 לי,ליטרים,1.50,ליטר,false,,7.90,5.2667,true,1,3897851
7290019056416,false,מיץ בטעם לימונדה ורודה 1.5 ל' תפוזינה,"יפאורה תבורי בע""\מ",IL,תפוזינה לימונדה ורוד,ליטרים,1.50,ליטר,false,,7.90,5.2667,true,1,3897852
7290019056423,false,מיץ בטעם תפוח רענן 1.5ל' תפוזינה,"יפאורה תבורי בע""\מ",IL,תפוזינה תפוחים 1.5 ל,ליטרים,1.50,ליטר,false,,7.90,5.2667,true,1,3897853
7290019056430,false,תפוזינה תפוזים לייט 1.5 ליטר פיקדון,"יפאורה תבורי בע""\מ",IL,תפוזינה תפוזים לייט,ליטרים,1.50,ליטר,false,,7.80,5.2000,true,1,3897854
7290019056447,false,תפוזינה אשכוליות לייט 1.5 ליטר פיקדון,"יפאורה תבורי בע""\מ",IL,תפוזינה אשכוליות ליי,ליטרים,1.50,ליטר,false,,7.80,5.2000,true,1,3897855
7290019056454,false,משקה מוגז בטעם קולה 1.5 ל' אר סי,"יפאורה תבורי בע""\מ",IL,קולה אר סי 1.5 ליטר,ליטרים,1.50,ליטר,false,,6.60,4.4000,true,1,3897856
7290019056461,false,מארז משקה בטעם קולה שישייה * 1.5 ל' אר.סי,"יפאורה תבורי בע""\מ",IL,ארסי קולה שישייה 1.5,ליטרים,9.00,ליטר,false,,37.90,4.2111,true,1,3897857
7290019056478,false,ספרינג טי קר אפרסק 1.5ליטר פיקדון,"יפאורה תבורי בע""\מ",IL,תה קר בטעם אפרסק ספר,ליטרים,1.50,ליטר,false,,7.20,4.8000,true,1,3897858
7290019056485,false,ספריג תה ירוק לימון לואיזה 1.5 ליטר פיקדון,"יפאורה תבורי בע""\מ",IL,תה קר לימון לואיזה ס,ליטרים,1.50,ליטר,false,,7.20,4.8000,true,1,3897859
7290019056492,false,ספרינג תה מנגו אפרסק 1.5 ליטר פיקדון,"יפאורה תבורי בע""\מ",IL,תה קר מנגו אפרסק ספר,ליטרים,1.50,ליטר,false,,7.20,4.8000,true,1,3897860
7290019056508,false,פרוט ווטר ענבים 1.5 ליטר פיקדון,"יפאורה תבורי בע""\מ",IL,פרוט ווטר ענבים 1.5,ליטרים,1.50,ליטר,false,,7.90,5.2667,true,1,3897861
7290019056515,false,פרוט ווטר אננס 1.5 ליטר פיקדון,"יפאורה תבורי בע""\מ",IL,פרוט ווטר אננס 1.5 ל,ליטרים,1.50,ליטר,false,,7.90,5.2667,true,1,3897862
7290019056522,false,פרוט ווטר תות 1.5 ליטר פיקדון,"יפאורה תבורי בע""\מ",IL,פרוט ווטר תות 1.5 לי,ליטרים,1.50,ליטר,false,,7.90,5.2667,true,1,3897863
7290019056539,false,פרוט ווטר אפרסק 1.5 ליטר פיקדון,"יפאורה תבורי בע""\מ",IL,פרוט ווטר אפרסק 1.5,ליטרים,1.50,ליטר,false,,7.90,5.2667,true,1,3897864
7290019056546,false,פרוט ווטר אבטיח 1.5 ליטר פיקדון,"יפאורה תבורי בע""\מ",IL,פרוט ווטר אבטיח 1.5,ליטרים,1.50,ליטר,false,,7.90,5.2667,true,1,3897865
7290019056553,false,שישיית מים מינרלים עין גדי 2 ליטר,עין גדי מים מינרליים,IL,מים עין גדי 2 ליטר ש,ליטרים,12.00,ליטר,false,,12.70,1.0583,true,1,3897866
7290019056560,false,עין גדי מים מינרלים 2 ליטר,עין גדי מיים מינרלים,IL,מים עין גדי 2 ליטר,ליטרים,2.00,ליטר,false,,3.20,1.6000,true,1,3897867
7290019056577,false,משקה קל מנגו ספרינג 1.5 ליטר,"יפאורה תבורי בע""\מ",IL,משקה קל מנגו ספרינג,ליטרים,1.50,ליטר,false,,7.90,5.2667,true,1,3897868
7290019056584,false,משקה קל תפוזים ספרינג 1.5 ליטר,"יפאורה תבורי בע""\מ",IL,משקה קל תפוזים ספרינ,ליטרים,1.50,ליטר,false,,7.90,5.2667,true,1,3897869
7290019056591,false,משקה קל ענבים ספרינג 1.5 ליטר,"יפאורה תבורי בע""\מ",IL,משקה קל ענבים ספרינג,ליטרים,1.50,ליטר,false,,7.90,5.2667,true,1,3897870
7290019056607,false,משקה קל תפוחים ספרינג 1.5 ליטר,"יפאורה תבורי בע""\מ",IL,משקה קל תפוחים ספרינ,ליטרים,1.50,ליטר,false,,7.90,5.2667,true,1,3897871
7290019056614,false,משקה קל אפרסק ספרינג 1.5 ליטר,"יפאורה תבורי בע""\מ",IL,משקה קל אפרסק ספרינג,ליטרים,1.50,ליטר,false,,7.90,5.2667,true,1,3897872
7290019056621,false,משקה קל פירות טרופיים ספרינג 1.5 ליטר,"יפאורה תבורי בע""\מ",IL,משקה קל פירות טרופיי,ליטרים,1.50,ליטר,false,,7.90,5.2667,true,1,3897873
7290019056638,false,משקה קל תות בננה ספרינג 1.5 ליטר,"יפאורה תבורי בע""\מ",IL,משקה קל תות בננה ספר,ליטרים,1.50,ליטר,false,,7.90,5.2667,true,1,3897874
7290019056645,false,משקה קל אגס תפוח סברס ספרינג 1.5 ליטר,"יפאורה תבורי בע""\מ",IL,משקה קל אגס תפוח סבר,ליטרים,1.50,ליטר,false,,7.90,5.2667,true,1,3897875
7290019056652,false,משקה קל אננס בננה ספרינג 1.5 ליטר,"יפאורה תבורי בע""\מ",IL,משקה קל אננס בננה ספ,ליטרים,1.50,ליטר,false,,7.90,5.2667,true,1,3897876
7290019056669,false,משקה קל תפוחים דיאט ספרינג 1.5 ליטר,"יפאורה תבורי בע""\מ",IL,משקה קל תפוחים דיאט,ליטרים,1.50,ליטר,false,,7.80,5.2000,true,1,3897877
7290019056676,false,משקה קל אשכולית אננס דיאט ספרינג 1.5 ליטר,"יפאורה תבורי בע""\מ",IL,משקה קל אשכולית אננס,ליטרים,1.50,ליטר,false,,7.80,5.2000,true,1,3897878
7290019056720,false,קריסטל מיץ ענבים 2 ליטר פיקדון,"יפאורה תבורי בע""\מ",IL,משקה אשכוליות קריסטל,ליטרים,2.00,ליטר,false,,6.90,3.4500,true,1,3897882
7290019056737,false,קריסטל מיץ אשכוליטרות 2 ליטר,"יפאורה תבורי בע""\מ",IL,משקה אשכוליות קריסטל,ליטרים,2.00,ליטר,false,,6.90,3.4500,true,1,3897883
7290019056751,false,קריסטל מיץ אשכוליות דיאט 2 ליטר פיקדון,"יפאורה תבורי בע""\מ",IL,משקה מיץ אשכולית דיא,ליטרים,2.00,ליטר,false,,6.90,3.4500,true,1,3897885
7290019056768,false,קריסטל מיץ מנגו 2 ליטר פיקדון,"יפאורה תבורי בע""\מ",IL,משקה מיץ מנגו קריסטל,ליטרים,2.00,ליטר,false,,6.90,3.4500,true,1,3897886
7290019056775,false,קריסטל מוגז ענבים 2 ליטר פיקדון,"יפאורה תבורי בע""\מ",IL,משקה קריסטל מוגז ענב,ליטרים,2.00,ליטר,false,,6.90,3.4500,true,1,3897887
7290019056782,false,משקה מוגז בטעם לימון ליים 2 ל' קריסטל,"יפאורה תבורי בע""\מ",IL,משקה קריסטל מוגז למו,ליטרים,2.00,ליטר,false,,6.90,3.4500,true,1,3897888
7290019056799,false,קריסטל מוגז אקזוטי 2 ליטר פיקדון,"יפאורה תבורי בע""\מ",IL,משקה קריסטל מוגז אקז,ליטרים,2.00,ליטר,false,,6.90,3.4500,true,1,3897889
7290019056805,false,קריסטל מוגז תפוחים 2 ליטר פיקדון,"יפאורה תבורי בע""\מ",IL,משקה קריסטל מוגז תפו,ליטרים,2.00,ליטר,false,,6.90,3.4500,true,1,3897890
7290019056812,false,קריסטל מוגז מנטה 2 ליטר פיקדון,"יפאורה תבורי בע""\מ",IL,משקה קריסטל מוגז מנט,ליטרים,2.00,ליטר,false,,6.90,3.4500,true,1,3897891
7290019056829,false,קריסטל מוגז תפוזים 2 ליטר פיקדון,"יפאורה תבורי בע""\מ",IL,משקה קריסטל מוגז תפו,ליטרים,2.00,ליטר,false,,6.90,3.4500,true,1,3897892
7290019056836,false,קריסטל מוגז תות 2 ליטר פיקדון,"יפאורה תבורי בע""\מ",IL,משקה קריסטל מוגז תות,ליטרים,2.00,ליטר,false,,6.90,3.4500,true,1,3897893
7290019056843,false,קריסטל מוגז קולה 2 ליטר פיקדון,"יפאורה תבורי בע""\מ",IL,משקה קריסטל מוגז קול,ליטרים,2.00,ליטר,false,,6.90,3.4500,true,1,3897894
7290019056850,false,ספרינג תה אפרסק דיאט 1.5 ליטר פיקדון,"יפאורה תבורי בע""\מ",IL,תה קר אפרסק דיאט ספר,ליטרים,1.50,ליטר,false,,7.20,4.8000,true,1,3897895
7290019056959,false,מי עדן 1.5 ליטר בק' בודד פיקדון,"מופק ממקור בזלתי עדן ,1",IL,מי עדן 1.5ל,ליטרים,1.50,ליטר,false,,2.80,1.8667,true,1,3897896
7290019056973,false,שישיית מי עדן 1.5 ליטר משפחתי,"מופק ממקור בזלתי עדן ,1",IL,מים מינרלים מי עדן 6,ליטרים,9.00,ליטר,false,,12.70,1.4111,true,1,3897897
7290019074502,false,"קמיל בלו קרם גוף לתינוק שפופרת 240 מ""ל",פישר מעבדות פרמצבטיות בע,IL,קרם גוף לתינוק שפורפ,מטרים,240.00,100 מ'ל,false,,24.90,0.1037,true,1,3901267
7290019153023,false,מארז קולה ללא סוכר רביעייה *1.5 ל' אר.סי,"יפאורה תבורי בע""\מ",IL,"אר.סי קולה לל""ס 4*1.",מטרים,6000.00,100 מ'ל,false,,23.90,0.0040,true,1,3901806
7290019153078,false,"שוופס ביטר למון לייט, 1.5 ליטר פקדון","יפאורה תבורי בע""\מ",IL,שוופס ביטר למון לייט,ליטרים,1.50,ליטר,false,,11.90,7.9333,true,1,3901807
7290019153085,false,שוופס מוגז ליים מוחיטו ללא סוכר 1.5 ליטר-,"יפאורה תבורי בע""\מ",IL,שוופס מוחיטו ללא סוכ,ליטרים,1.50,ליטר,false,,7.90,5.2667,true,1,3901808
7290019297451,false,מי ורדים שקדיה 500 מ,אף.סי תבליני בגליל ב,BE,מי ורדים 500 מל,מיליליטרים,500.00,"100 מ""ל",false,,13.90,0.0278,true,1,1324715
7290019297505,false,"רוטב רימונים שקדיה 700 מ""ל",קארל קיוחנה,TR,שקדיה רוטב רימונים 7,מיליליטרים,700.00,"100 מ""ל",false,,19.90,0.0284,true,1,3866828
7290019297512,false,"רוטב רימונים שקדיה 340 מ""ל בדץ",סיטוגלוגידה,TR,רוטב רימונים שקדיה 3,גרמים,340.00,100 גרם,false,,9.90,0.0291,true,1,1324717
7290019297550,false,בוטנים מטוגנים בקופסא 185 גרם,קריניציה ויטמינה אס,IL,בוטנים מטוגנים בקופס,גרמים,185.00,100 גרם,false,,7.90,0.0427,true,1,1324719
7290022005005,false,פפריקה מרוקאית מתוקה רמי לוי,תבליני מימון,IL,פפריקה מרוקאית מתוקה,גרמים,400.00,100 גרם,false,,19.90,0.0497,true,1,1356630
7290022005012,false,פפריקה הונגרית מתוקה רמי לוי 400 גרם,רמי לוי,IL,פפריקה הונגרית מתוקה,גרמים,400.00,100 גרם,false,,19.90,0.0497,true,1,1356631
7290022005029,false,כורכום טחון רמי לוי 250 גרם,רמי לוי,IL,כורכום טחון רמי לוי,גרמים,250.00,100 גרם,false,,15.90,0.0636,true,1,1356632
7290022005043,false,כמון טחון רמי לוי 250 גרם,רמי לוי,IL,כמון טחון רמי לוי 25,גרמים,250.00,100 גרם,false,,15.90,0.0636,true,1,1356634
7290022005050,false,פפריקה הונגרית חריפה,רמי לוי,IL,פפריקה הונגרית חריפה,גרמים,250.00,100 גרם,false,,15.90,0.0636,true,1,1356635
7290022005173,false,פלפל שחור טחון רמי לוי 100 גרם,רמי לוי,IL,פלפל שחור טחון רמי ל,גרמים,100.00,100 גרם,false,,11.90,0.1190,true,1,1356636
7290022005180,false,פלפל שחור גרוס דק רמי לוי 90 גרם,רמי לוי,IL,פלפל שחור גרוס דק רמ,גרמים,90.00,100 גרם,false,,11.90,0.1322,true,1,1356637
7290022005197,false,פפריקה מתוקה רמי לוי 100 גרם,רמי לוי,IL,פפריקה מתוקה רמי לוי,גרמים,100.00,100 גרם,false,,7.90,0.0790,true,1,1356638
7290022005203,false,כורכום הודי טחון רמי לוי 100 גרם,רמי לוי,IL,כורכום הודי טחון רמי,גרמים,100.00,100 גרם,false,,7.90,0.0790,true,1,1356639
7290022005210,false,כמון רמי לוי 100 גרם,רמי לוי,IL,כמון רמי לוי 100 גרם,גרמים,100.00,100 גרם,false,,7.90,0.0790,true,1,1356640
7290022005227,false,שום טחון רמי לוי 100 גרם,רמי לוי,IL,שום טחון רמי לוי 100,גרמים,100.00,100 גרם,false,,11.90,0.1190,true,1,1356641
7290022005234,false,תיבול לגריל עוף רמי לוי 100 גרם,רמי לוי,IL,תיבול לגריל עוף רמי,גרמים,100.00,100 גרם,false,,7.90,0.0790,true,1,1356642
7290022005241,false,זעתר ושומשום רמי לוי 100 גרם,רמי לוי,IL,זעתר ושומשום רמי לוי,גרמים,100.00,100 גרם,false,,7.90,0.0790,true,1,1356643
7290022005258,false,קינמון טחון רמי לוי 100 גרם,רמי לוי,IL,קינמון טחון רמי לוי,גרמים,100.00,100 גרם,false,,7.90,0.0790,true,1,1356644
7290022005265,false,פפריקה הונגרית חריפה רמי לוי 100 גרם,רמי לוי,IL,פפריקה הונגרית חריפה,גרמים,100.00,100 גרם,false,,7.90,0.0790,true,1,1356645
7290022005272,false,פפריקה הונגרית מתוקה רמי לוי 100 גרם,רמי לוי,IL,פפריקה הונגרית מתוקה,גרמים,100.00,100 גרם,false,,7.90,0.0790,true,1,1356646
7290022005289,false,שום גבישי רמי לוי 120 גרם,רמי לוי,IL,שום גבישי רמי לוי 12,גרמים,100.00,100 גרם,false,,11.90,0.1190,true,1,1356647
7290022005296,false,אורגנו רמי לוי 40 גרם,רמי לוי,IL,אורגנו רמי לוי 40 גר,גרמים,40.00,100 גרם,false,,7.90,0.1975,true,1,1356648
7290022005319,false,ג'לי תות רמי לוי 85 גרם,רמי לוי,IL,ג'לי תות רמי לוי 85,גרמים,85.00,100 גרם,false,,3.90,0.0459,true,1,1356650
7290022005326,false,ג'לי לימון רמי לוי 85 גרם,רמי לוי,IL,ג'לי לימון רמי לוי 8,גרמים,85.00,100 גרם,false,,3.90,0.0459,true,1,1356651
7290022005333,false,פודינג וניל רמי לוי 80 גרם,רמי לוי,IL,פודינג וניל רמי לוי,גרמים,90.00,100 גרם,false,,3.50,0.0389,true,1,1356652
7290022005340,false,פודינג שוקולד רמי לוי 90 גרם,רמי לוי,IL,פודינג שוקולד רמי לו,גרמים,90.00,100 גרם,false,,3.50,0.0389,true,1,1356653
7290022005371,false,תערובת עוגת וניל רמי לוי 560 גרם,תבליני מימון,IL,תערובת עוגת וניל רמי,גרמים,560.00,100 גרם,false,,12.90,0.0230,true,1,1356656
7290022005388,false,תערובת עוגת שוקולד רמי לוי 560 גרם,תבליני מימון,IL,תערובת עוגת שוקולד ר,גרמים,560.00,100 גרם,false,,12.90,0.0230,true,1,1356657
7290022005555,false,תבלין פילדלפיה מימון 120 גרם,א.ל ייצור ושיווק תבל,,פילדלפיה,גרמים,120.00,100 גרם,false,,10.90,0.0908,true,1,3878589
7290055090801,false,כרמית שוקולד לבן ללא תוספת סוכר 85 גרם,"כרמית תעשיות ממתקים בע""\",IL,כרמית שוקולד לבן ללא,גרמים,85.00,100 גרם,false,,4.90,0.0576,true,1,1339355
7290100240137,false,"תרסיס ריחני למייבש כחול בדין 500 מ""ל","זוהר דליה, קיבוץ דליה, 1",IL,בדין תרסיס למייבש כב,מיליליטרים,500.00,"100 מ""ל",false,,14.90,0.0298,true,1,1331326
7290100240144,false,"תרסיס ריחני למייבש ורוד בדין 500 מ""ל","זוהר דליה, קיבוץ דליה, 1",IL,בדין תרסיס למייבש כב,מיליליטרים,500.00,"100 מ""ל",false,,14.90,0.0298,true,1,1331327
7290100240632,false,קרקר פתית 200-300ג' 6 דגנים 250 גרם,יוניליוור ישראל מזון בע\,IL,פתית 6 דגנים תלמה 25,גרמים,250.00,100 גרם,false,,14.90,0.0596,true,1,1331328
7290100240656,false,"פתית שיפון בד""צ חדש 300X24 גר'",יוניליוור ישראל מזון בע\,IL,פתית שיפון תלמה 300,גרמים,300.00,100 גרם,false,,14.90,0.0497,true,1,1331329
7290100243671,false,"מרכך כביסה מרוכז אקסטרה כחול בדין 960 מ""ל",יוניליוור סנאיי וי טיקאר,TR,בדין אקסטרא מרוכז כח,מיליליטרים,960.00,"100 מ""ל",false,,15.90,0.0166,true,1,1331344
7290100245231,false,נמס בכוס מרק בטעם עוף עם אטריות ושקדי מרק-2 שקיות,יוניליוור ישראל מזון בע\,IL,נמס בכוס טעם עוף ושק,גרמים,50.00,100 גרם,false,,6.50,0.1300,true,1,1331354
7290100246023,false,כריות במילוי קרם נוג,יוניליוור ישראל מזון בע\,IL,"כריות 500 גרם -כשל""פ",גרמים,500.00,100 גרם,false,,18.90,0.0378,true,1,1331356
7290100249598,false,"רוטב לעוף שום ודבש קנור 320 גרם בד""צ",יוניליוור ישראל מזון בע\,IL,קנור רוטב שום ודבש ל,גרמים,310.00,100 גרם,false,,9.90,0.0319,true,1,1331390
7290100249659,false,"רוטב לעוף צ'ילי מתוק ושום קנור 320 גרם בד""צ",יוניליוור ישראל מזון בע\,IL,קנור רוטב לעוף צ'ילי,גרמים,310.00,100 גרם,false,,9.90,0.0319,true,1,1331394
7290100411254,false,מחית בוליווד תפוח ובננה 190 גרם ללא תוספ,בילובד Beloved,SK,BELOVED מחית תפוח וגזר 10,גרמים,190.00,100 גרם,false,,5.90,0.0311,true,1,1335836
7290100411278,false,בי -לאב מחית אגס ותפוח ללא סוכר 190ג,NOVOFRUCHT SK S.R.O,SK,BELOVED מחית תפוח וגזר 10,גרמים,190.00,100 גרם,false,,5.90,0.0311,true,1,1335837
7290100412343,false,קוויק מטליות לחות 99.9% לניקוי כללי בריח לימון 50 יחידות,די.פי.אל,IL,קוויק מגבונים לניקוי,יח',50.00,יח',false,,7.90,0.1580,true,1,1780851
7290100412442,false,קוויק מגבונים לניקוי שירותים ואמבטיה מנטה 50יח',די.פי.אל,IL,קוויק מגבונים לניקוי,יח',50.00,יח',false,,7.90,0.1580,true,1,1780854
7290100412763,false,"תחליב רחצה ד""ר עור לבנדר 700 מ""ל","אמיליה קוסמטיקס בע""מ",IL,"ד""ר עור תחליב רחצה ל",מיליליטרים,700.00,"100 מ""ל",false,,14.90,0.0213,true,1,3868460
7290100412787,false,"ד""ר עור - תחליב רחצה קלאסי בניחוח פריחת הכותנה 700 מ""ל","אמיליה קוסמטיקס בע""מ",IL,"ד""ר עור תחליב רחצה כ",מיליליטרים,700.00,"100 מ""ל",false,,14.90,0.0213,true,1,3868462
7290100412831,false,תחליב רחצה אנטי אייג'ינג בניחוח וניל טרופי,"אמיליה קוסמטיקס בע""מ",IL,"ד""ר עור תחליב רחצה א",יח',1.00,יח',false,,14.90,14.9000,true,1,3868464
7290100413609,false,קוויק מטליות לחות דוחה אבק לימון 50 יחידות,,IL,קוויק מטליות דוחה אב,יח',1.00,יח',false,,8.90,8.9000,true,1,2673980
7290100653586,false,"דאודורנט ג'ל פרש פיוזן 24/7 ליידי ספיד סטיק 65 מ""ל",ליידי ספיד סטיק Lady Speed Stick,US,דאודורנט ג'ל פרש פיו,גרמים,65.00,100 גרם,false,,14.90,0.2292,true,1,1327213
7290100658338,false,"נוזל לניקוי כלים אוקסי פלוס פלמוליב 750 מ""ל",הנסיך- מפעל לייצור ט,GR,נוזל לניקוי כלים אוק,מיליליטרים,750.00,"100 מ""ל",false,,11.90,0.0159,true,1,1327218
7290100659090,false,פרי חטיפים ללא גלוטן ותוספת סוכר מארז 5 תמרים וקינמון,טבעית מוצרים מן הטבע בעמ,IL,פרי חטיפים ללא גלוטן,גרמים,100.00,100 גרם,false,,15.90,0.1590,true,1,1327219
7290100680650,false,מנה חמה נודלס-אטריות ירקות טעם תאילנדי אסם 76 ג',PUB FOODS PRESIDENT THAI,TH,מנה חמה נודלס בסגנון,גרמים,76.00,100 גרם,false,,4.90,0.0645,true,1,1329782
7290100680667,false,מנה חמה נודלס-אטריות+ירקות טעם סצ'ואן,PUB FOODS PRESIDENT THAI,TH,מנה חמה נודלס בסגנון,גרמים,76.00,100 גרם,false,,4.90,0.0645,true,1,1329783
7290100680711,false,פירורית זהב אסם זהב 350ג',עינת תעשיות מזון אגו,IL,פירורית זהב אסם 350,גרמים,350.00,100 גרם,false,,7.90,0.0226,true,1,1329785
7290100680728,false,פירורית רגילה שקית 350 גרם,מיוצר עי קונדיטוריית,IL,פירורית אסם 350 גרם,גרמים,350.00,100 גרם,false,,6.90,0.0197,true,1,1329786
7290100681015,false,אינסטנט פודינג בטעם ריבת חלב אסם 84 גרם,מיוצר עי קונדיטוריית,IL,אינסטנט פודינג בטעם,גרמים,84.00,100 גרם,false,,4.90,0.0583,true,1,1329788
7290100681114,false,רוטב סויה סיני גדול600גר,"אסם השקעות בע""\מ",IL,רוטב סויה בסגנון סינ,מיליליטרים,600.00,"100 מ""ל",false,,14.90,0.0248,true,1,1329789
7290100681138,false,מארז אפרופו חטיף תירס 3 יחידות,"אסם השקעות בע""\מ",IL,חטיף אפרופו תירס אסם,גרמים,150.00,100 גרם,false,,12.90,0.0860,true,1,1329790
7290100681503,false,עסיס סירופ לימונענע דיאטטי 1 ליטר,בית-השיטה עסיס תעשיות מז,IL,סירופ דיאט לימונענע,ליטרים,1.00,ליטר,false,,17.90,17.9000,true,1,1329792
7290100681510,false,סירופ דיאט בטעם אשכולית אדומה עסיס 1 ליטר,בית-השיטה עסיס תעשיות מז,IL,סירופ דיאט בטעם אשכו,ליטרים,1.00,ליטר,false,,17.90,17.9000,true,1,1329793
7290100683880,false,פירה אסם ללא צורך בבישול 260 גרם,"אסם השקעות בע""\מ",IL,פירה להכנה מהירה אסם,גרמים,260.00,100 גרם,false,,13.90,0.0535,true,1,1329804
7290100685068,false,אינסטנט פודינג בטעם וניל עם פצפוצי שוקולד אסם 110 גרם,"אסם תעשיות בע""מ",IL,אינסטנט פודינג בטעם,גרמים,110.00,100 גרם,false,,4.90,0.0445,true,1,1329811
7290100685334,false,אבקת מרק עוף אמיתי בשרי רכיבים טבעיים אסם 400 גרם,"אסם השקעות בע""\מ",IL,אבקת מרק עוף אמיתי ב,גרמים,400.00,100 גרם,false,,19.90,0.0497,true,1,1329815
7290100685341,false,אבקת מרק טעם עוף זך רכיבים טבעיים אסם 400 גרם,"אסם השקעות בע""\מ",IL,אבקת מרק טעם עוף זך,גרמים,400.00,100 גרם,false,,13.90,0.0348,true,1,1329816
7290100686164,false,מארז מולטיפק ביסלי ברביקיו 6 יח 35 גר יח,מיוצר עי קונדיטוריית,IL,ביסלי חטיף בטעם ברבי,גרמים,210.00,100 גרם,false,,12.90,0.0614,true,1,1329825
7290100686171,false,מארז מולטיפק ביסלי גריל 6 יח 35 גר ליח,"אסם השקעות בע""\מ",IL,ביסלי חטיף בטעם גריל,גרמים,210.00,100 גרם,false,,12.90,0.0614,true,1,1329826
7290100687109,false,במבה במילוי קרם נוגט 60ג' אסם,"אסם השקעות בע""\מ",IL,במבה במילוי נוגט אסם,גרמים,60.00,100 גרם,false,,4.30,0.0717,true,1,1329829
7290100688618,false,גביעי גלידה שוקולד אסם 95 גרם 24 יחידות,"גילרו בע""מ",IL,גביעי גלידה בטעם שוק,יח',24.00,יח',false,,14.90,0.6208,true,1,1329836
7290100700006,false,"סוגת חיטה 1 ק""ג","סוגת תעשיות בע""\מ",IL,"חיטה 1 ק""ג",יח',1.00,יח',false,,8.80,8.8000,true,1,1331610
7290100700020,false,סוגת גריסי פנינה 500 גרם,האי נאם סי או אל.טי.,IL,גריסי פנינה 500 גר,גרמים,500.00,100 גרם,false,,4.50,0.0090,true,1,1331611
7290100700075,false,פירורי לחם מוזהבים סוגת 200 גרם,"סוגת תעשיות בע""\מ",IL,פירורי מאפה מוזהבים 200 ג,גרמים,200.00,100 גרם,false,,2.90,0.0145,true,1,1331613
7290100700242,false,"סוגת אורז מלא עגול 1 ק""ג","סוגת תעשיות בע""\מ",IL,"אורז עגול מלא 1 ק""ג",גרמים,1000.00,100 גרם,false,,9.90,0.0099,true,1,1331614
7290100700273,false,קינואה לבנה 500 ג סו,האי נאם סי או אל.טי.,IL,קינואה 500 גר,גרמים,500.00,100 גרם,false,,12.50,0.0250,true,1,1331616
7290100700310,false,"סוגת כוסמת סוגת 1ק""ג","סוגת תעשיות בע""מ",IL,"כוסמת 1 ק""ג",גרמים,1000.00,100 גרם,false,,13.80,0.0138,true,1,1331618
7290100700334,false,קינואה לבנה 1 קג סוג,"סוגת תעשיות בע""מ",IL,סוגת קינואה 1קג,קילו,1.00,קילו,false,,19.90,19.9000,true,1,1583836
7290100700372,false,"סוגת אורז בסמטי מלא 1 ק""ג",האי נאם סי או אל.טי.,IL,"אורז בסמטי 1מלא ק""ג",גרמים,1000.00,100 גרם,false,,13.90,0.0139,true,1,1331621
7290100700389,false,"אורז אדום 1 ק""ג ""סוגת""","סוגת תעשיות בע""\מ",IL,"אורז אדום 1 ק""ג",גרמים,1000.00,100 גרם,false,,12.10,0.0121,true,1,1331622
7290100700396,false,"סוגת אורז יסמין קלאסי 1 ק""ג",האי נאם סי או אל.טי.,IL,סוגת אורז יסמין קלאס,גרמים,1000.00,100 גרם,false,,10.80,0.0108,true,1,1331623
7290100700419,false,"סוגת בורגול 1 ק""ג","סוגת תעשיות בע""\מ",IL,"בורגול 1 ק""ג",גרמים,1000.00,100 גרם,false,,7.50,0.0075,true,1,1331625
7290100700563,false,"סוגת אורז מיקס קלאסי 1 ק""ג",סוגת תעשיות בעמ,IL,"אורז מיקס קלאסי 1 ק""ג",גרמים,1000.00,100 גרם,false,,12.90,0.0129,true,1,1331628
7290100700587,false,"בורגול ""סוגת"" 500 גרם",האי נאם סי או אל.טי.,IL,בורגול 500 גר,גרמים,500.00,100 גרם,false,,4.50,0.0090,true,1,1331629
7290100701126,false,סוגת שעועית מש סוגת 500 גרם,סוגת תעשיות בעמ,IL,שעועית מאש 500 גרם,גרמים,500.00,100 גרם,false,,11.90,0.0238,true,1,1331646
7290100701140,false,"אורז ריזוטו ארבוריו 1 ק""ג ""סוגת""","סוגת תעשיות בע""מ",IL,אורז ארבוריו,גרמים,1000.00,100 גרם,false,,12.90,0.0129,true,1,1331647
7290100701157,false,"אורז להכנת סושי סוגת 1 ק""ג","סוגת תעשיות בע""\מ",IL,אורז סושי,גרמים,1000.00,100 גרם,false,,11.90,0.0119,true,1,1331648
7290100701300,false,קינואה אדומה סוגת 500 גרם,"סוגת תעשיות בע""\מ",IL,סוגת קינואה אדומה 50,גרמים,500.00,100 גרם,false,,12.80,0.0256,true,1,1331653
7290100701331,false,קמח רב תכליתי שטיבל קמח חיטה לבן בהיר,"שטיבל בע""\מ - טחנות קמח",IL,קמח רב תכליתי,לקג,1.00,לקג,false,,5.90,5.9000,true,1,1331655
7290100701348,false,"קמח שיפון מלא סוגת 1 ק""ג",טחנות קמח שטיבל באר,IL,קמח שיפון מלא,לקג,1.00,לקג,false,,5.90,5.9000,true,1,1331656
7290100701386,false,קמח לחלה קמח חיטה לבן שטיבל,"שטיבל בע""מ - טחנות ק",IL,קמח לחלה,קילו,1.00,קילו,false,,5.90,5.9000,true,1,1331658
7290100701454,false,גרישה בורגול דק סוגת 500 גרם,"סוגת תעשיות בע""\מ",IL,גרישה 500 גרם,גרמים,500.00,100 גרם,false,,4.50,0.0090,true,1,1331664
7290100701577,false,קמח לחם קמח חיטה לבן שטיבל,טחנות קמח שטיבל באר שבע,IL,קמח לחם,לקג,1.00,לקג,false,,5.90,5.9000,true,1,1331668
7290100701874,false,"קמח כוסמין מלא סוגת 1 ק""ג",טחנות קמח שטיבל באר,IL,קמח כוסמין מלא + 12,לקג,1.00,לקג,false,,12.90,12.9000,true,1,1331679
7290100701881,false,קמח פיצה ופוקצ'ה- קמח חיטה לבן בהיר שטיבל,"שטיבל בע""\מ - טחנת קמח",IL,קמח פיצה ופוקצ'ה,לקג,1.00,לקג,false,,5.90,5.9000,true,1,1331680
7290100702260,false,קוסקוס דק סוגת 350 גרם,"אסיף תעשיות מזון בע""\מ",IL,קוסקוס דק 350 גרם,גרמים,350.00,100 גרם,false,,4.90,0.0140,true,1,1331687
7290100702314,false,שעועית שחורה 500 גרם סוגת,סוגת תעשיות בעמ,IL,שעועית שחורה 500 גר,גרמים,500.00,100 גרם,false,,12.90,0.0258,true,1,1331690
7290100702383,false,קמח תופח מס' 13 סוגת,"שטיבל בע""\מ - טחנות קמח",IL,קמח תופח,קילו,1.00,קילו,false,,5.90,5.9000,true,1,1331693
7290100702604,false,קמח פולנטה להכנה מהירה 500 ג',מולינו פילה,IT,פולנטה 500 גרם,גרמים,500.00,100 גרם,false,,8.90,0.0178,true,1,1331702
7290100702635,false,פתיתים אפויים כוכבים סוגת 500 גרם,"אסיף תעשיות מזון בע""",IL,פתיתים אפויים כוכבים 500,גרמים,500.00,100 גרם,false,,4.90,0.0098,true,1,1331705
7290100702659,false,פתיתים קוסקוס קמח מלא סוגת 400 גרם,"אסיף תעשיות מזון בע""",IL,פתיתים אפויים Kids חיות 4,גרמים,400.00,100 גרם,false,,4.90,0.0123,true,1,1331706
7290100702994,false,סוכר דמררה קלאסי בשקית סוגת 500 גרם,"סוגת תעשיות בע""מ",IL,סוכר דמררה קלאסי בשק,גרמים,500.00,100 גרם,false,,4.90,0.0098,true,1,1331721
7290100703007,false,"עדשים שחורות בלוגה 500 גרם ""סוגת""",האי נאם סי או אל.טי.,IL,סוגת עדשים שחורות בל,גרמים,500.00,100 גרם,false,,7.80,0.0156,true,1,1331722
7290100703861,false,"תערובת קסם לחלה ללא צורך בניפוי סוגת 1 ק""ג","שטיבל בע""\מ - טחנות קמח",IL,סוגת קמח קסם מנופה ל,קילו,1.00,קילו,false,,7.90,7.9000,true,1,3519072
7290100703915,false,פופקורן להכנה במיקרוגל בטעם חמאה - מארז 6 שקיות,סוגת,IL,סוגת פופקורן למיקרוג,גרמים,540.00,100 גרם,false,,9.90,0.0183,true,1,3867982
7290100703922,false,פופקורן להכנה במיקרוגל בטעם טבעי - מארז 6 שקיות,סוגת,IL,סוגת פופקורן למיקרוג,גרמים,540.00,100 גרם,false,,9.90,0.0183,true,1,3867983
7290100704493,false,"סוגת קמח שמרים פיצה ללא צורך בניפוי 1 ק""ג","שטיבל בע""\מ - טחנת קמח",IL,סוגת קמח שמרים לפיצה,קילו,1.00,קילו,false,,7.90,7.9000,true,1,3892626
7290100704516,false,חומוס מיני סוגת 500 גרם,"סוגת תעשיות בע""\מ",IL,סוגת חומוס מיני 500,גרמים,500.00,100 גרם,false,,5.90,0.0118,true,1,3892627
7290100704608,false,שעועית לבנה עדינה סוגת 500 גרם,"סוגת תעשיות בע""\מ",IL,שעועית לבנה עדינה 50,גרמים,500.00,100 גרם,false,,6.90,0.0138,true,1,3892628
7290100704615,false,סוכר לבן דק דק בצנצנת סוגת 500 גרם,"סוגת תעשיות בע""\מ",IL,סוגת סוכר לבן דק דק,גרמים,500.00,100 גרם,false,,7.90,0.0158,true,1,3892629
7290100704622,false,סוכר דמררה דק דק בצנצנת סוגת 500 גרם,"סוגת תעשיות בע""\מ",IL,סוגת סוכר דמררה דק ד,גרמים,500.00,100 גרם,false,,7.90,0.0158,true,1,3892630
7290100704660,false,"קינואה מיקס סוגת, 500 גרם","סוגת תעשיות בע""\מ",IL,סוגת קינואה מיקס 500,גרמים,500.00,100 גרם,false,,12.50,0.0250,true,1,3892632
7290100850916,false,דוריטוס חמוץ חריף מעודן 70 גרם כשר לפסח,"שטראוס פריטו ליי בע""\מ )",IL,דוריטוס בטעם חמוץ חר,גרמים,70.00,100 גרם,false,,3.20,0.0457,true,1,1335302
7290100850923,false,דוריטוס בטעם גריל 70 גרם,"שטראוס פריטו ליי בע""\מ )",IL,דוריטוס בטעם גריל 70,גרמים,70.00,100 גרם,false,,3.20,0.0457,true,1,1335303
7290100850930,false,דוריטוס בטעם טבעי 70 גרם,"שטראוס פריטו ליי בע""\מ )",IL,דוריטוס בטעם טבעי 70,גרמים,70.00,100 גרם,false,,3.20,0.0457,true,1,1335304
7290100854266,false,שוקולד מריר 60%קקאו100ג,STRAUSS-ISRAEL,IL,שוקולד פרה שוקולד מר,גרמים,100.00,100 גרם,false,,7.90,0.0790,true,1,1327820
7290100857045,false,שוק.ספלנדיד מריר קפה100ג,STRAUSS-ISRAEL,IL,ספלנדיד מריר 70% עם,גרמים,100.00,100 גרם,false,,9.90,0.0990,true,1,1327823
7290100858592,false,אבקת קקאו עלית שקית 150 ג',הנסיך- מפעל לייצור ט,IL,קקאו 150 גרם,גרמים,150.00,100 גרם,false,,8.90,0.0593,true,1,1327830
7290100858608,false,אבקת קקאו עלית שקית 500 ג',שטראוס קפה בי.ויn\.,IL,קקאו 500 גרם,גרמים,500.00,100 גרם,false,,23.90,0.0478,true,1,1327831
7290100859162,false,שוקולד פרה60% מריר100*2ג,STRAUSS-ISRAEL,IL,2 טבלאות שוקולד פרה,גרמים,200.00,100 גרם,false,,13.90,0.0695,true,1,1327836
7290100921401,false,"הוואי - שמפו קרטין מחזק 700 מ""ל",טרופיקל דגיל,IL,הוואי שמפו קרטין 700,מיליליטרים,700.00,"100 מ""ל",false,,8.90,0.0127,true,1,1326093
7290100921418,false,"הוואי - מרכך קרטין מחזק 700 מ""ל",תאי פרזידנט פוד פאבל,IL,הוואי מרכך 700 מל קר,מיליליטרים,700.00,"100 מ""ל",false,,8.90,0.0127,true,1,1326094
7290100921609,false,סוד סבון לאסלה 4 כדוריות בניחוח אוקיינוס 50 ג',"הנקל סוד בע""\מ",RS,סוד סבון אסלה בניחוח אוקי,יח',1.00,יח',false,,7.90,7.9000,true,1,1353942
7290100921616,false,סוד סבון לאסלה 4 כדוריות בניחוח אורנים 50 ג',הנקל סוד,HU,סוד סבון אסלה בניחוח אורנ,יח',1.00,יח',false,,7.90,7.9000,true,1,1353943
7290100921623,false,מנקה אסלה סוד 4 כדוריות נתלה אקונומיקה נתלה 50 ג',"הנקל סוד בע""\מ",HU,סוד סבון אסלה בניחוח אקונ,יח',1.00,יח',false,,7.90,7.9000,true,1,1353944
7290100921760,false,"הוואי שמפו ספורט לגבר 700 מ""ל",טרופיקל דגיל בעמ,IL,הוואי שמפו ספורט 700,מיליליטרים,700.00,"100 מ""ל",false,,8.90,0.0127,true,1,1326102
7290100922569,false,קרם לטיפוח עוד הידיים והגוף- מארז שלישייה,טרופיקל דגיל,IL,ולווטה קרם רב שימושי,מיליליטרים,300.00,"100 מ""ל",false,,16.90,0.0563,true,1,1326123
7290100922637,false,"הוואי שלישיית סבון נוזלי מי קוקוס 500 מ""ל",הנקל סוד,IL,הוואי סבון נוזלי כחו,ליטרים,1.50,ליטר,false,,14.90,9.9333,true,1,1456030
7290100924204,false,"פרסיל אבקה לכביסה רגיל 8 ק""ג",פרסיל Persil,IL,אבקת כביסה פרסיל 8 קילו,קילוגרמים,8.00,"ק""ג",false,,44.90,5.6125,true,1,1353956
7290100924457,false,שלישיית כדוריות סבון לאסלה לימון סוד 50 גרם,הנקל סוד,RS,סוד מארז כדוריות*3 לימון,3 יח',1.00,3 יח',false,,14.80,14.8000,true,1,1353964
7290100924464,false,כדוריות סבון נתלה לאסלה עם אקונומיקה - 3 יח',הנקל סוד,HU,סוד מארז כדוריות*3 אקונומ,3 יח',1.00,3 יח',false,,14.80,14.8000,true,1,1353965
7290100924631,false,מרכך כביסה מרוכז לבגדי תינוקות ובעלי עור רגיש,"הנקל סוד בע""\מ",IL,סוד מרכך כביסה מרוכז,מיליליטרים,900.00,"100 מ""ל",false,,11.90,0.0132,true,1,1353974
7290100924693,false,סבון סוד 4 כדוריות מוצק כחול אקטיבי-אקנומיקה 50ג',"הנקל סוד בע""\מ",HU,סוד כדוריות סבון נתל,יח',1.00,יח',false,,7.90,7.9000,true,1,1353975
7290100925669,false,קולור קאצ'ר - דפים למכונת כביסה 10 יח',"הנקל סוד בע""\מ",IE,קולור קאצ'ר - 10 דפי,10 יח',1.00,10 יח',false,,12.90,12.9000,true,1,1714755
7290100925676,false,קולור קאצר 20 דפים לוכדי צבע למכונת כביס,"הנקל סוד בע""\מ",IE,קולור קאצ'ר 20 דפים,20 יח',1.00,20 יח',false,,14.90,14.9000,true,1,1714756
7290100925751,false,"סוד נוזל כלים תפוח 650 מ""ל","הנקל סוד בע""\מ",IL,סוד נוזל לכלים ליים 1.250,מיליליטרים,650.00,"100 מ""ל",false,,5.90,0.0091,true,1,1830688
7290100925768,false,"סוד נוזל כלים 650 מ""ל פירות טרופיים 1/15",הנקל סוד,IL,סוד נוזל לכלים ליים 1.250,מיליליטרים,650.00,"100 מ""ל",false,,5.90,0.0091,true,1,1830689
7290100925775,false,"סוד נוזל כלים רימון ותאנים 650 מ""ל",הנקל סוד,IL,סוד נוזל לכלים ליים 1.250,מיליליטרים,650.00,"100 מ""ל",false,,5.90,0.0091,true,1,1830690
7290100925782,false,סוד נוזל כלים לימון 1.25,"הנקל סוד בע""\מ",IL,סוד נוזל לכלים ליים 1.250,ליטרים,1.25,ליטר,false,,9.90,7.9200,true,1,1830691
7290100926109,false,סוד לבן חלומי 4 ל מרכך כביסה,הנקל סוד,IL,סוד מרכך כביסה צהוב 4 ליט,ליטרים,4.00,ליטר,false,,17.90,4.4750,true,1,1354007
7290100926147,false,אבקת כביסה פרסיל קולור שקית 2.5 קג,"הנקל סוד בע""מ",IL,פרסיל אבקת כביסה קולור 2.,קילוגרמים,2.50,"ק""ג",false,,24.90,9.9600,true,1,1354008
7290100926598,false,"פרסיל אבקת כביסה 5 ק""ג",פרסיל Persil,IL,"פרסיל אבקת כביסה 5 ק""ג",קילוגרמים,5.00,"ק""ג",false,,42.90,8.5800,true,1,1354015
7290100928516,false,סוד - ג'ל לכביסה ביד 1 ליטר,"הנקל סוד בע""מ",IL,סוד ג'ל לכביסה ביד 1 ליטר,ליטרים,1.00,ליטר,false,,13.90,13.9000,true,1,1354026
7290100928561,false,"אבקת כביסה בניחוח פרחים סוד 5 ק""ג",סוד,IL,"סוד אבקת כביסה שושן 5 ק""ג",קילוגרמים,5.00,"ק""ג",false,,29.90,5.9800,true,1,1354029
7290100928639,false,סוד נוזל רצפות בניחו,סוד,IL,סוד נוזל רצפה בניחוח מרכך,ליטרים,2.00,ליטר,false,,16.90,8.4500,true,1,1354032
7290100928646,false,נוזל רצפות סוד בניחוח מרכך ורוד 2 ליטר,"הנקל סוד בע""מ",IL,סוד נוזל רצפה בניחוח מרכך,ליטרים,2.00,ליטר,false,,16.90,8.4500,true,1,1354033
7290101031550,false,שקית רב פעמית ורודה,רמי לוי,,שקית רב פעמית ורודה,יח',1.00,יח',false,,2.90,2.9000,true,1,1343040
7290101110149,false,גלידה בלסימו וניל עם פליק 1.3 ל' פלדמן,גלידות פלדמן,IL,בליסימו פרורים 1.3לי,ליטרים,1.30,ליטר,false,,18.90,14.5385,true,1,3873804
7290101110163,false,גלידה בליסימו וניל עוגיות 1.3 ל' פלדמן,גלידות פלדמן,IL,בליסימו וניל עוגיות,ליטרים,1.30,ליטר,false,,18.90,14.5385,true,1,3873805
7290101110262,false,חגיגה גלידת פלדמן 1.8 חלבי,,,חגיגה מלבי 1.8ל,ליטרים,1.80,ליטר,false,,22.90,12.7222,true,1,3895446
7290101110279,false,גלידת בליסימו בטעם שוקולד פאדג' פקאן,הגלידות של פלדמן,IL,בליסימו שוקולד פקאן,ליטרים,1.30,ליטר,false,,18.90,14.5385,true,1,3873806
7290101110460,false,גלידה בליסימו וניל צרפתי 1.3 ל' פלדמן,הגלידות של פלדמן,IL,בליסימו וניל צרפתי 1,ליטרים,1.30,ליטר,false,,18.90,14.5385,true,1,3873807
7290101110811,false,גלידל שלגון בטעם וניל מצופה סורבה פסיפלורה - 8 יח',הגלידות של פלדמן,IL,גלידל וניל בציפוי פס,גרמים,640.00,100 גרם,false,,26.90,0.0420,true,1,3873808
7290101111085,false,"גל.שוקולד חלב מריר כשל""פ",גלידות פלדמן,IL,בליסימו שוקולד מריר,ליטרים,1.30,ליטר,false,,18.90,14.5385,true,1,3873809
7290101112112,false,חגיגה טירמיסו פלדמן 1.8 ליטר,"פלקו בע""מ",IL,גלידת דיזרט טירמיסו,ליטרים,1.80,ליטר,false,,22.90,12.7222,true,1,3890461
7290101112228,false,גלידל פרי קרחון מופחת קלוריות בטעם אננס - 8 יח',הגלידות של פלדמן,IL,גלידל פרי שמיניה אננ,גרמים,800.00,100 גרם,false,,19.80,0.0248,true,1,3873816
7290101112518,false,שישיית גרניטה חלב אייס קפוצ'ינו פלדמן,גלידות פלדמן,IL,פלדמן מאגדת אייס קפה,גרמים,80.00,100 גרם,false,,19.90,0.2487,true,1,3873817
7290101112600,false,גלידה בלסימו מילקשייק וניל מוקה 1.3 ל' פלדמן,גלידות פלדמן,IL,בליסימו מילקשייק וני,ליטרים,1.30,ליטר,false,,18.90,14.5385,true,1,3873819
7290101112983,false,מאגדת גרניטה אפרסק 515 ג,"פלקו בע""\מ, חברה ישראלית",IL,גרניטה אפרסק 6 יח,גרמים,480.00,100 גרם,false,,19.90,0.0415,true,1,3873828
7290101112990,false,מאגדת גרניטה קוקוס פלדמן 6 יחידות,פלקו בעמ,IL,גרניטה קוקוס 6 יח,גרמים,80.00,6 גרם,false,,19.90,0.2487,true,1,3873829
7290101113386,false,מאגדת יוגורט סורבה מנגו,פלקו בעמ,IL,שלגון יוגורט מנגו פס,יח',1.00,יח',false,,19.90,19.9000,true,1,3885040
7290101113447,false,עשירייה גלידל מיני קסטה בטעמי שוקו ווניל 270 ג' פלדמן,הגלידות של פלדמן,IL,גלידל מיני קסטה שוקו,יח',1.00,יח',false,,27.70,27.7000,true,1,3900128
7290101113584,false,מאגדת טילונים שוקולד לבן עם ליבת שוקולד יולו 5 יח',הגלידות של פלדמן,IL,מאגדת טילון יולו שוק,יח',1.00,יח',false,,18.70,18.7000,true,1,3890165
7290101113638,false,גלידת סנקור XL בטעם שוקו וניל עם ביסקוויטים 8 יח',גלידות פלדמן,IL,מאגדת סנקור ארוך 8יח,יח',1.00,יח',false,,26.90,26.9000,true,1,3895451
7290101113683,false,מאגדת שישיית גרניטה אייס ונילה פלדמן 480 גרם,פלדמן,IL,גרניטה אייס ונילה 6,גרמים,480.00,6 גרם,false,,19.90,0.0415,true,1,3895455
7290101450559,false,בלונים 100 יח פסטל,,,בלונים 100יח,יח',1.00,יח',false,,22.00,22.0000,true,1,3879588
7290101454151,false,נרות ג'מבו כוכבים - סמי הכבאי,סודי,IL,נרות ג'מבו כוכבים סמ,יח',1.00,יח',false,,6.00,6.0000,true,1,1338684
7290101486688,false,חטיף דגנים עם שוקולד ללא גלוטן וסוכר פרי 5*20 גרם,טבעית מוצרים מן הטבע בעמ,IL,חטיף דגנים עם שוקולד,גרמים,100.00,100 גרם,false,,15.90,0.1590,true,1,1327221
7290101488248,false,"ליידי ספיד סטיק - דאודורנט רול און לאישה ורוד פרש פיושן 50 מ""ל",ליידי ספיד סטיק Lady Speed Stick,IT,ליידי 24/7 רול און ו,מטרים,50.00,100 מ'ל,false,,13.90,0.2780,true,1,1327224
7290101488286,false,"ליידי ספיד סטיק - דאודורנט ספריי לאישה 24/7 פרש פיוזן ורוד 150 מ""ל",ליידי ספיד סטיק Lady Speed Stick,RU,ליידי ספיידסטיק ספרי,מיליליטרים,150.00,"100 מ""ל",false,,13.90,0.0927,true,1,1327226
7290101488316,false,ליידי ספיד סטיק - דאודורנט סטיק לאישה ללא סימן ורוד סטיק 65 גרם,ליידי ספיד סטיק Lady Speed Stick,US,דאודורנט ללא סימן פר,גרמים,50.00,100 גרם,false,,16.90,0.3380,true,1,1327229
7290101488323,false,ליידי ספיד סטיק - דאודורנט סטיק לאישה ללא סימן ירוק סטיק 65 גרם,ליידי ספיד סטיק Lady Speed Stick,US,דאודורנט ללא סימן פא,גרמים,65.00,100 גרם,false,,16.90,0.2600,true,1,1327230
7290101551027,false,קפסולות קפה אספרסו חזק במיוחד 14 עלית 10 יח',הנסיך- מפעל לייצור ט,IL,קפסולות 14 למכונת נס,יח',1.00,יח',false,,15.90,15.9000,true,1,3864574
7290101551263,false,סילאן טבעי ללא תוספת סוכר,מכוורת יד מרדכי,IL,סילאן טבעי 700 גר,גרמים,700.00,100 גרם,false,,19.90,0.0284,true,1,3867312
7290101551300,false,סילאן טבעי ללא תוספת סוכר בקבוק לחיץ,מכוורת יד מרדכי שטראוס ב,IL,סילאן טבעי לחיץ 380,גרמים,380.00,100 גרם,false,,13.90,0.0366,true,1,3867313
7290101551362,false,פלפלים קלויים חריפים,STRAUSS-ISRAEL,,פלפלים קלויים חריפים,גרמים,350.00,100 גרם,false,,14.90,0.0426,true,1,3869285
7290101551539,false,יוגורט PRO בטעם אפרסק 0% 20 גרם חלבון בגביע,"שטראוס בריאות בע""מ",IL,דנונה פרו 20ג אפרסק,גרמים,200.00,100 גרם,false,,5.90,0.0295,true,1,3869286
7290101551584,false,תפוצ'יפס קידס מארז 10 יח' * 20 ג',"שטראוס פריטו ליי בע""מ )פ",IL,מארז תפוציפס קידס 20,גרמים,200.00,100 גרם,false,,12.90,0.0645,true,1,3868379
7290101551614,false,חטיף צ'יטוס קראנץ בטעם גבינה - מארז 8 יח',"שטראוס פריטו ליי בע""מ )פ",IL,מארז ציטוס קראנצ 30*,גרמים,240.00,100 גרם,false,,10.90,0.0454,true,1,3868381
7290101557609,false,דניאלה בטעם מנגו 150,STRAUSS-ISRAEL,IL,דניאלה בטעם מנגו 150,מיליליטרים,150.00,"100 מ""ל",false,,3.90,0.0260,true,1,3869299
7290101582359,false,יין שרדונה המושבה בי,בנימינה Binyamina,,יין המושבה שרדונה 75,מיליליטרים,750.00,"100 מ""ל",false,,28.90,0.0385,true,1,3870869
7290101582366,false,יין קברנה סוביניון המושבה,יקבי בינימינה,IL,יין המושבה קברנה סוב,מיליליטרים,750.00,"100 מ""ל",false,,28.90,0.0385,true,1,3870870
7290101863410,false,"סיליט באנג ספריי ניקוי עוצמתי מכיל אקונומיקה 750 מ""ל",סיליט באנג Cillit Bang,PL,"CILIT,IL,BANG 12X750ML VE",מיליליטרים,750.00,"100 מ""ל",false,,9.90,0.0132,true,1,1344891
7290101864127,false,"ספריי להסרת כתמים 750 מ""ל וניש קליה",קליה וניש Kalia Vanish,IL,Vanish Spray SOLO 750ml 1,מיליליטרים,750.00,"100 מ""ל",false,,16.80,0.0224,true,1,1344896
7290101865261,false,"פיניש נוזל הברקה למדיח 800 מ""ל",רקיט בנקיזר,PL,"FINSH,IL,RA S&D R 12X800M",מיליליטרים,800.00,"100 מ""ל",false,,19.90,0.0249,true,1,1344903
7290101866633,false,וניש קליה גל להסרת כתמים 3 ליטר אוקסיפרש,קליה וניש Kalia Vanish,IL,Vanish 3L Pink (Titan)*6,ליטרים,3.00,ליטר,false,,26.80,8.9333,true,1,1344920
7290101866787,false,וניש קליה נוזל מסיר כתמים לכביסה לבנה 3 ליטר,קליה וניש Kalia Vanish,IL,Vanish 3L White (Titan)*6,ליטרים,3.00,ליטר,false,,26.80,8.9333,true,1,1344925
7290101868460,false,"קולון 101 אבקת כביסה 8 ק""ג",רקיט בנקיזר,IL,Colon 101 8KG,קילוגרמים,8.00,"ק""ג",false,,42.80,5.3500,true,1,1344967
7290101868958,false,"פיניש נוזל הברקה למדיח בניחוח לימון 500 מ""ל",רקיט בנקיזר,PL,"FINSH,IL,S&D L 12X800ML",מיליליטרים,800.00,"100 מ""ל",false,,19.90,0.0249,true,1,1344972
7290101869719,false,ג'ל מרוכז למדיח פיניש all in one max בניחוח לימון,פיניש רקיט בנקיזר,PL,"FINSH,IL,600ml x 6Lem",מיליליטרים,600.00,"100 מ""ל",false,,31.90,0.0532,true,1,1344984
7290101869726,false,ג'ל מרוכז למדיח הכל ב-1 פיניש 1 ליטר,רקיט בנקיזר,PL,"FINSH,IL,1000ml x 5REG",ליטרים,1.00,ליטר,false,,34.90,34.9000,true,1,1344985
7290101869733,false,פיניש ג'ל למדיח כלים בניחוח לימון 1 ליטר ALL IN 1,רקיט בנקיזר,PL,"FINSH,IL,1000ml x 5LEM",ליטרים,1.00,ליטר,false,,34.90,34.9000,true,1,1344986
7290101869788,false,"אירוויק ספריי אוטומטי מילוי בניחוח אואזיס 250 מ""ל*",איירוויק Air Wick,HU,"AWICK,IL,TURQ OASIS,12X25",מיליליטרים,250.00,"100 מ""ל",false,,14.90,0.0596,true,1,1344991
7290101869795,false,"מטהר אוויר אירוויק ספריי מילוי חלום ליל קיץ 250 מ""ל",איירוויק Air Wick,GB,"AWICK,IL,SMER DLGHTS12X25",מיליליטרים,250.00,"100 מ""ל",false,,14.90,0.0596,true,1,1344992
7290101869801,false,"אירוויק מכשיר חשמלי+מילוי בניחוח אואזיס 19 מ""ל",רקיט בנקיזר,HU,"AWICK,IL,ELCOMPL TUROX6 U",מטרים,19.00,100 מ'ל,false,,19.90,1.0474,true,1,1344993
7290101869818,false,"אירוויק מכשיר חשמלי+מילוי בניחוח חלום ליל קיץ 19 מ""ל",איירוויק Air Wick,HU,"AWICK,IL,ELCOMPL SUMX6 U",מטרים,19.00,100 מ'ל,false,,19.90,1.0474,true,1,1344994
7290101869832,false,"אירוויק מילוי מבשם אויר חשמלי חלום ליל קיץ 19 מ""ל",איירוויק Air Wick,HU,"AWICK,IL,ELREF SUM19ml*6",מטרים,19.00,100 מ'ל,false,,13.80,0.7263,true,1,1344996
7290101869849,false,איירוויק מילוי חטא מתוק,רקיט בנקיזר,PL,"AWICK,IL,Elref MOM 19ml*6",מטרים,19.00,100 מ'ל,false,,14.80,0.7789,true,1,1344997
7290101869917,false,"אירוויק מילוי מבשם אויר אטומטי היער הקסום 19 מ""ל",איירוויק Air Wick,GB,"AWICK,IL,MYSTI GARDEN 12X",מיליליטרים,250.00,"100 מ""ל",false,,14.90,0.0596,true,1,1344999
7290101869924,false,מילוי מבשם אויר חשמלי מסתור אקזוטי בודד,רקיט בנקיזר,PL,"AWICK,IL,Elref LUS 19ml*6",מטרים,19.00,100 מ'ל,false,,13.80,0.7263,true,1,1345000
7290101869962,false,"אירוויק מקלות ריחניים בניחוח חלום ליל קיץ 30 מ""ל",איירוויק Air Wick,HU,"AWICK,IL,REED SUM 30MLx5",100 מל,30.00,100 מל,false,,14.80,0.4933,true,1,1345004
7290101869979,false,"אירוויק מקלות ריחניים בניחוח אואזיס 30 מ""ל",איירוויק Air Wick,HU,"AWICK,IL,Westl TURO U 30M",100 מל,30.00,100 מל,false,,14.80,0.4933,true,1,1345005
7290101999737,false,נרות מטה לבבות - מיני(1X24),סודי,CN,נרות מטה לבבות -מיני,יח',1.00,יח',false,,4.90,4.9000,true,1,1338919
7290102006441,false,זר יום הולדת לראש עם פרחים לבן 1 יחידה,שמחה זה אנחנו,CN,זר יום הולדת לראש עם,יח',1.00,יח',false,,9.00,9.0000,true,1,1338974
7290102030330,false,תפוצ'יפס קראנצ' בטעם מקסיקני 200 גרם,"שטראוס פריטו ליי בע""\מ )",IL,תפוצ'יפס קראנצ' בטעם,גרמים,200.00,100 גרם,false,,9.90,0.0495,true,1,1335308
7290102031276,false,מארז 8 יחידות אקטימל משקה יוגורט בטעם תות בננה,מיוצר עי קונדיטוריית,IL,יוגורט אקטימל תות בנ,מיליליטרים,800.00,"100 מ""ל",false,,19.90,0.0249,true,1,1341881
7290102032334,false,אבקה להכנת משקה קפה בטעם וניל,שטראוס קפה בי.וי,IL,קפה נמס וניל 200 גרם,גרמים,200.00,100 גרם,false,,19.90,0.0995,true,1,1327843
7290102035007,false,מסטיק מאסט בטעם בזוקה28ג,STRAUSS-ISRAEL,IL,מסטיק בזוקה ללא סוכר,גרמים,28.00,100 גרם,false,,4.00,0.1429,true,1,1327846
7290102060764,false,מרידול מברשת שיניים אריזת זוג,יבואן ומשווק: ש. שסט,CH,מרידול זוג מברשות שי,יח',2.00,יח',false,,34.90,17.4500,true,1,1327232
7290102062195,false,"משחת שיניים לילדים לגילאי 6-12 אלמקס 75 מ""ל",יבואן ומשווק: ש. שסט,PE,משחת שיניים לילדים ל,מטרים,75.00,100 מ'ל,false,,15.90,0.2120,true,1,1327237
7290102300815,false,"גבינת צ'דר אנגלית כתומה פרוס, 200 גרם",שבינגטון,GB,גבינת צ'דר אנגלית כת,גרמים,200.00,100 גרם,false,,21.90,0.1095,true,1,1333952
7290102300822,false,גבינה צ'דר אנגלית כתומה 200 גרם,דאולי צ'יסמייקרס,GB,גבינת צדר אנגלי כתומ,גרמים,200.00,100 גרם,false,,19.90,0.0995,true,1,1333953
7290102300860,false,"גבינת צ'דר אנגלית לבן, 200 גרם",דאוליי צ'יסמייקרס,GB,גבינת צדר אנגלית 200,גרמים,200.00,100 גרם,false,,19.90,0.0995,true,1,1333954
7290102302833,false,גבינת גאודה פרוסה נני 150 גרם,קאסמאקרי הנרי ויליך,NL,גאודה הולנדית פרוסה,גרמים,150.00,100 גרם,false,,17.90,0.1193,true,1,3892779
7290102302840,false,גבינת גאודה עיזים פרוסה נני 150 גרם,מיוצר עי קונדיטוריית,NL,נני גאודה עיזים פרוס,גרמים,150.00,100 גרם,false,,21.90,0.1460,true,1,3892780
7290102302949,false,גאיה בסגנון עיזים פר,קריניציה ויטמינה אס,DE,גבינת גאיה עיזים 150,גרמים,150.00,100 גרם,false,,19.90,0.1327,true,1,3890403
7290102390427,false,יוגורט ביו עם קציפת תות 3% שומן 150 ג' מולר,מולר Muller,IL,יוגורט פרופ תות 3% מ,מיליליטרים,150.00,"100 מ""ל",false,,4.80,0.0320,true,1,1323004
7290102390465,false,יוגורט ביו עם קציפת אפרסק ופסיפלורה 3% שומן 150 ג' מולר,מולר Muller,IL,יוגורט פרופ אפרסק פס,מיליליטרים,150.00,"100 מ""ל",false,,4.80,0.0320,true,1,1323006
7290102390489,false,יוגורט ביו עם קציפת לימון 3% שומן 150 ג' מולר,מולר Muller,IL,יוגורט פרופ לימון 3%,מיליליטרים,150.00,"100 מ""ל",false,,4.80,0.0320,true,1,1323007
7290102391844,false,יוגורט ביו עם קציפת פירות יער3% שומן 150 ג' מולר,מולר Muller,IL,יוגורט פרופ פירות יע,מיליליטרים,150.00,"100 מ""ל",false,,4.80,0.0320,true,1,1323015
7290102392049,false,גבינה לאפיה תבור ללא תוספת מלח 5% משק צוריאל 500 גרם,מחלבת משק צוריאל,IL,גבינה לאפיה תבור ללא,גרמים,500.00,100 גרם,false,,22.90,0.0458,true,1,1323017
7290102392094,false,חלב עיזים 3.7% בקרטון משק צוריאל 1 ליטר,מילקו תעשיות בעמ,IL,חלב עיזים מלא 3.7% מ,מיליליטרים,1000.00,"100 מ""ל",false,,14.90,0.0149,true,1,1323018
7290102392254,false,חלב בקרטון 1% 2 ליטר טרה,מילקו תעשיות בעמ,IL,חלב 1% טרה 2 ליטר,ליטרים,2.00,ליטר,false,,11.50,5.7500,true,1,1323021
7290102393039,false,"יוגורט ביו קרמי מיקס פצפוצי שוקולד 7.6% מולר 170 מ""ל",קריות זול,IL,יוגורט ביו קרמי מיקס,מיליליטרים,170.00,"100 מ""ל",false,,5.50,0.0324,true,1,1323036
7290102393060,false,"יוגורט ביו קרמי מיקס גלילי ופל ואגוזים 5.9% מולר 170 מ""ל",קריות זול,IL,יוגורט ביו קרמי מיקס,מיליליטרים,170.00,"100 מ""ל",false,,5.50,0.0324,true,1,1323037
7290102393169,false,"יוגורט סימפלי פרוט בטעם תות 3% מולר 150 מ""ל",מולר Muller,IL,יוגורט סימפלי פרוט ב,מיליליטרים,150.00,"100 מ""ל",false,,4.80,0.0320,true,1,1323046
7290102393176,false,סימפלי פרוט יוגורט אפרסק 3% שומן 150 ג' מולר,מילקו תעשיות בעמ,IL,מולר סימפלי פרוט אפר,מיליליטרים,150.00,"100 מ""ל",false,,4.80,0.0320,true,1,1323047
7290102393190,false,"יוגורט סימפלי פרוט בטעם פירות יער 3% מולר 150 מ""ל",מילקו תעשיות בעמ,IL,יוגורט סימפלי פרוט ב,מיליליטרים,150.00,"100 מ""ל",false,,4.80,0.0320,true,1,1323049
7290102393268,false,**טרה גבינה לבנה אריזת חיסכון 5% 750ג,הפריט בפיקוח,IL,גבינה לבנה 5% טרה 75,גרמים,750.00,100 גרם,false,,13.50,0.0180,true,1,1323051
7290102393299,false,יוגורט עיזים לשתייה 3% משק צוריאל 500 גרם,מיוצר עי קוד יצרן HG,IL,יוגורט עיזים 3% משק,מיליליטרים,500.00,"100 מ""ל",false,,11.70,0.0234,true,1,1323052
7290102393718,false,גבינת חלומי מחלב בקר 28% משק צוריאל 200 גרם,מחלבת משק צוריאל,IL,גבינת חלומי מחלב בקר,גרמים,200.00,100 גרם,false,,19.90,0.0995,true,1,1323059
7290102393848,false,יוגורט עיזים 2.4% עם תות משק צוריאל 150 גרם,מחלבת משק צוריאל,IL,יוגורט עיזים בטעם תו,מיליליטרים,150.00,"100 מ""ל",false,,5.80,0.0387,true,1,1323060
7290102393947,false,סימפלי פרוט יוגורט בטעם קיווי 3% שומן 150 ג' מולר,מילקו תעשיות בעמ,IL,יוגורט ביו קיווי 3%,מיליליטרים,150.00,"100 מ""ל",false,,4.80,0.0320,true,1,1323064
7290102394081,false,"יוגורט ביו קרמי מיקס קורנפלקס מצופה שוקולד מולר 170 מ""ל",מילקו תעשייה בעמ,IL,יוגורט ביו קרמי מיקס,מיליליטרים,170.00,"100 מ""ל",false,,5.50,0.0324,true,1,1323069
7290102394258,false,גליל גבינת עיזים מה עז 9% משק צוריאל 180 גרם,מחלבת משק צוריאל,IL,גליל גבינת עיזים מה,גרמים,180.00,100 גרם,false,,20.90,0.1161,true,1,1323070
7290102394463,false,נעם גבינה צהובה פרוסה ואקום 28% טרה 500 גרם,Unknown,IL,נעם גבינה צהובה פרוס,גרמים,500.00,100 גרם,false,,23.90,0.0478,true,1,1323077
7290102394821,false,נעם גבינה צהובה פרוסה 28% טרה 200 גרם,מילקו תעשיות בעמ,IL,נעם גבינה צהובה פרוס,גרמים,200.00,100 גרם,false,,15.20,0.0760,true,1,1323081
7290102394845,false,נעם גבינה צהובה לייט פרוסה דק דק 9% טרה 200 גרם,מילקו תעשיות בעמ,IL,נעם גבינה צהובה לייט,גרמים,200.00,100 גרם,false,,16.30,0.0815,true,1,1323082
7290102395101,false,ממרח גבינה ושוקולד מוו טרה 200 גרם,מילקו תעשיות בעמ,IL,טרה גבינה ושוקולד 20,מיליליטרים,200.00,"100 מ""ל",false,,10.90,0.0545,true,1,1323088
7290102395217,false,מאגדת שמיניה מולר במתיקות מעודנת 1.2% 8*150 ג',מולר Muller,IL,מאגדת שמיניית מולר מ,קילוגרמים,1.20,"ק""ג",false,,17.90,14.9167,true,1,1323093
7290102395224,false,שמיניית יוגורט ביו ביאנקו 1.7% מולר 150 גרם,מולר Muller,IL,יוגורט 1.7% מולר 8*1,ליטרים,1.20,ליטר,false,,15.90,13.2500,true,1,1323094
7290102395231,false,שמיניית יוגורט ביו ביאנקו 2.8% מולר 150 גרם,מולר Muller,IL,יוגורט 2.8% מולר 8*1,ליטרים,1.20,ליטר,false,,15.90,13.2500,true,1,1323095
7290102395262,false,מארז 8 גביעים יוגורט בטעם תות שדה ואפרסק 3% Simply Fruit,מולר Muller,IL,יוגורט בטעם תות ואפר,ליטרים,1.20,ליטר,false,,28.90,24.0833,true,1,1323096
7290102395347,false,"יוגורט 6% בכד 3 ק""ג רבנות",טרה,IL,יוגורט כד 6% 3קג,יח',1.00,יח',false,,29.90,29.9000,true,1,1323098
7290102395378,false,נעם גבינה צהובה פרוסה ואקום 28% טרה 360 גרם,טרה,IL,נעם גבינה צהובה פרוס,גרמים,360.00,100 גרם,false,,19.90,0.0553,true,1,1323099
7290102395408,false,נעם גבינה צהובה 28% במשקל,החברה המרכזית,IL,ג. צהובה 28% נעם,קילוגרמים,1.00,"ק""ג",true,,42.70,42.7000,true,1,1323101
7290102395415,false,נועם גב.צהובה9%חריץ משקל,החברה המרכזית,IL,ג. צהובה 9% נעם,קילוגרמים,1.00,"ק""ג",true,,71.00,71.0000,true,1,1323102
7290102395422,false,נעם גבינה צהובה 22% במשקל,החברה המרכזית,IL,ג.צהובה 22% נעם,קילוגרמים,1.00,"ק""ג",true,,38.00,38.0000,true,1,1323103
7290102395439,false,מארז 8 גביעים יוגורט בטעם פירות יער וקיווי 3% Simply Fruit,מילקו תעשיות בעמ,IL,מולר שמינייה פירות י,קילוגרמים,1.20,"ק""ג",false,,29.90,24.9167,true,1,1323104
7290102395446,false,מעדן חלב בטעם וניל עם קצפת 123 ג' טרה,Unknown,IL,מעדן מוו וניל קצפת,גרמים,123.00,100 גרם,false,,2.80,0.0228,true,1,1323105
7290102395477,false,מעדן חלב בטעם שוקולד עם קצפת 123 ג' טרה,Unknown,IL,מעדן מוו שוקולד קצפת,גרמים,123.00,100 גרם,false,,2.80,0.0228,true,1,1323108
7290102395521,false,"שמנת לבישול 15% שומן 500 מ""ל טרה",מילקו תעשיות בעמ,IL,שמנת לבישול 15% 500,מיליליטרים,500.00,"100 מ""ל",false,,15.90,0.0318,true,1,1323109
7290102396399,false,שמיניית מעדן שוקולד מוו 1.5% טרה 100 גרם,Unknown,IL,מאגדת שמינייה מעדן ש,מיליליטרים,800.00,"100 מ""ל",false,,11.90,0.0149,true,1,1323135
7290102396405,false,שמיניית מעדן וניל מוו 1.5% טרה 100 גרם,Unknown,IL,מאגדת שמינייה מעדן ו,מיליליטרים,800.00,"100 מ""ל",false,,11.90,0.0149,true,1,1323136
7290102396436,false,מעדן שוקולד מוו 1.5% טרה 125 גרם,מילקו תעשיות בעמ,IL,מעדן מוו שוקולד 125,גרמים,125.00,100 גרם,false,,2.70,0.0216,true,1,1323137
7290102396443,false,"מעדן מוו וניל 1.5% 125 גרם בד""צ",מילקו תעשיות בעמ,IL,מעדן מוו וניל 125 גר,גרמים,125.00,100 גרם,false,,2.70,0.0216,true,1,1323138
7290102396580,false,מעדן מוו שוקולד ומוס שוקולד טרה 118 גרם,טרה,IL,מעדן מוו שוקלד ומוס,גרמים,118.00,100 גרם,false,,2.80,0.0237,true,1,1323143
7290102396597,false,מעדן מוו וניל ומוס שוקולד טרה 118 גרם,טרה,IL,מעדן מוו וניל ומוס 1,גרמים,118.00,100 גרם,false,,2.80,0.0237,true,1,1323144
7290102396665,false,נעם גבינה צהובה דק דק 15% טרה 200 גרם,מילקו תעשיות בעמ,IL,נעם גבינה צהובה דק ד,גרמים,200.00,100 גרם,false,,15.20,0.0760,true,1,1323147
7290102396672,false,"גבנ""צ דק דק נעם פתיחה חוזרת 9% 360 גרם",מילקו תעשיות בעמ,IL,נעם גבינה צהובה דק ד,גרמים,360.00,100 גרם,false,,25.90,0.0719,true,1,1323148
7290102396733,false,יוגורט0%סימפלי פ.יער150ג,מילקו תעשיות בעמ,IL,מולר סימפלי פרוט פיר,גרמים,150.00,100 גרם,false,,4.80,0.0320,true,1,1323153
7290102396740,false,מארז 8 גביעים יוגורט בטעם תות שדה ואפרסק 0% Simply Fruit,מילקו תעשיות בעמ,IL,מאגדת שמינייה מולר ס,קילוגרמים,1.20,"ק""ג",false,,28.90,24.0833,true,1,1323154
7290102397204,false,"גבנ""צ דק דק נעם פתיחה חוזרת 22% 200 גרם",מילקו תעשיות בעמ,IL,נעם גבינה צהובה דק ד,גרמים,200.00,100 גרם,false,,15.20,0.0760,true,1,1323175
7290102397310,false,מעדן מיני בטעם שוקולד קצפת מוו מאגדת 8 יח' * 70 ג',מילקו תעשיות בעמ,IL,מאגדת שמינייה מיני מ,מיליליטרים,944.00,"100 מ""ל",false,,11.30,0.0120,true,1,1373079
7290102397334,false,גבינה בולגרית גלילית 5% משק צוריאל 250 גרם,מחלבת משק צוריאל,IL,בולגרית 5% 250 גר,גרמים,250.00,100 גרם,false,,19.90,0.0796,true,1,1323178
7290102397341,false,בולגרית גלילית24% 250גרם,משק צוריאל תבור,IL,בולגרית 24% 250 גר,גרמים,250.00,100 גרם,false,,19.70,0.0788,true,1,1323179
7290102397464,false,יוגורט ביו בתוספת גרעינים אגוזים וחמוציות 170 ג' מולר,מולר Muller,IL,מולר נטורל 102 גר,גרמים,102.00,100 גרם,false,,5.50,0.0539,true,1,2859119
7290102397600,false,מיקס יוגורט בתוספת שקדים ובוטנים מקורמלים 170 ג' מולר,מילקו תעשייה בעמ,IL,מולר שקדים בוטנים בק,מיליליטרים,170.00,"100 מ""ל",false,,5.50,0.0324,true,1,1723649
7290102397617,false,יוגורט ביו קרמי עם כדורים מצופים שוקולד חום לבן,מולר Muller,IL,מולר מיקס קליק,יח',1.00,יח',false,,5.50,5.5000,true,1,1723650
7290102397679,false,קוטג' וחצי טרה 5% מרכיבים טבעיים,מילקו,IL,קוטג' 5% 375 גר,גרמים,375.00,100 גרם,false,,7.50,0.0200,true,1,2616974
7290102397730,false,פרוסות גבינה אמנטל חצי קשה 30% שומן 200 ג' נעם,Unknown,IL,אמנטל נעם פתיחה חוזר,גרמים,200.00,100 גרם,false,,16.90,0.0845,true,1,3121540
7290102397747,false,פרוסות גבינת מוצרלה נעם מחלב בקר 22%,טרה,IL,מוצרלה נעם 200 גר,גרמים,200.00,100 גרם,false,,17.90,0.0895,true,1,3866561
7290102397891,false,גבינה מותכת משק צוריאל 100 גרם,משק צוריאל,IL,גבינה מותכת 100 ג צו,גרמים,25.00,100 גרם,false,,6.90,0.2760,true,1,2859102
7290102398058,false,חלב 3% בשקית מהדרין 1 לי,טרה,IL,חלב שקית 3% 1לי מהדר,יח',1.00,יח',false,,4.90,4.9000,true,1,3667029
7290102398065,false,חלב טרה בקרטון 2 ליטר מהדרין 3% - מוצר בפיקוח,הפריט בפיקוח,IL,חלב 3% טרה 2 ליטר,ליטרים,2.00,ליטר,false,,11.50,5.7500,true,1,3436901
7290102398072,false,"חלב קרטון 3%-1 ליטר "" טרה"" -מוצר פיקוח",הפריט בפיקוח,IL,חלב 3% טרה 1 ליטר,ליטרים,1.00,ליטר,false,,5.90,5.9000,true,1,3349690
7290102398287,false,יוגורט מולר פרופ תות,Unknown,IL,מולר פרופ תות 0.9% 1,גרמים,150.00,100 גרם,false,,4.80,0.0320,true,1,3836799
7290102398294,false,יוגורט פרופ מנגו 150 גרם,Unknown,IL,מולר פרופ מנגו 0.9%,גרמים,150.00,100 גרם,false,,4.80,0.0320,true,1,3836800
7290102398331,false,חלב מועשר דל לקטוז 2% שומן טרה 1 ליטר,טרה,IL,חלב מועשר דל לקטוז 1,ליטרים,1.00,ליטר,false,,6.90,6.9000,true,1,3836804
7290102398478,false,לאבנה 9% שומן 500 ג' טרה,טרה,IL,לאבנה 9% 500 גר,גרמים,500.00,100 גרם,false,,18.70,0.0374,true,1,3866573
7290102398553,false,משקה חלב בטעם שוקו 2% XL אריזה משפחתית,מילקו תעשיות בעמ,IL,שוקו טרה 1.5ליט,יח',1.00,יח',false,,15.90,15.9000,true,1,3883175
7290102398560,false,שוקו טרה מועשר בבקבוק 1 ליטר,מילקו תעשיות בעמ,IL,שוקו מועשר בבקבוק 1,ליטרים,1.00,ליטר,false,,10.90,10.9000,true,1,3866577
7290102398577,false,משקה חלב בטעם שוקו 2% בבקבוק אישי,מילקו תעשיות בעמ,IL,שוקו טרה מועשר בבקבו,מיליליטרים,250.00,"100 מ""ל",false,,4.90,0.0196,true,1,3866578
7290102398614,false,משקה חלב בטעם בננה טרה 1 ליטר,מילקו תעשיות בעמ,IL,משקה חלב בטעם בננה 1,ליטרים,1.00,ליטר,false,,10.90,10.9000,true,1,3866581
7290102398638,false,משקה חלב בטעם מוקה טרה 1 ליטר,מילקו תעשיות בעמ,IL,משקה חלב בטעם מוקה 1,ליטרים,1.00,ליטר,false,,10.90,10.9000,true,1,3866582
7290102398669,false,משקה חלב אייס קפוצ'ינו טרה 1 ליטר,מילקו תעשיות בעמ,IL,אייס קפוצינו בבקבוק,ליטרים,1.00,ליטר,false,,10.90,10.9000,true,1,3886039
7290102398782,false,משקה סויה קלאסי משק צוריאל 1 ליטר,מחלבת משק צוריאל,IT,משקה סויה קלאסי 1 לי,יח',1.00,יח',false,,9.90,9.9000,true,1,3878648
7290102398799,false,משקה סויה במתיקות מופחתת משק צוריאל 1 ליטר,מחלבת משק צוריאל,IT,משקה סויה במתיקות מו,יח',1.00,יח',false,,9.90,9.9000,true,1,3878219
7290102398805,false,משקה סויה בטעם וניל משק צוריאל 1 ליטר,מחלבת משק צוריאל,IT,משקה סויה וניל 1 ליט,יח',1.00,יח',false,,9.90,9.9000,true,1,3878220
7290102398836,false,משקה שקדים קלאסי משק צוריאל 1 ליטר,מחלבת משק צוריאל,IT,משקה שקדים קלאסי 1 ל,יח',1.00,יח',false,,11.90,11.9000,true,1,3878222
7290102399048,false,פרוסות גבינת קשקבל נעם 200 ג' טרה,מילקו,IL,קשקבל נעם 200 גר,גרמים,200.00,100 גרם,false,,21.90,0.1095,true,1,3866590
7290102399635,false,"מולר פרופ יוגורט ביו עם קציפת קוקוס ואננס 150 מ""ל",מולר Muller,IL,מולר יוגורט טרופיקל,גרמים,150.00,100 גרם,false,,4.80,0.0320,true,1,3887272
7290102399697,false,סימפלי פרוט מנגו 1.5% שומן 150 ג' מולר,מילקו תעשיות בעמ,IL,מולר סימפלי פרוט מנג,יח',1.00,יח',false,,4.80,4.8000,true,1,3883176
7290102399772,false,מולר ספרדבל-ממרח חמאת מולר במליחות עדינה 250 גרם,G Weihenstephan Molkerei,DE,ממרח חמאה מולר במליח,גרמים,250.00,100 גרם,false,,15.70,0.0628,true,1,3886043
7290102399789,false,מולר ספרדבל-ממרח חמאת מולר ללא מלח 250 גרם,G Weihenstephan Molkerei,DE,ממרח חמאה מולר ללא ת,גרמים,250.00,100 גרם,false,,14.90,0.0596,true,1,3886044
7290102399796,false,מעדן יוגורט לבן מועשר בחלבון 200 ג' מולר אקטיב,מולר Muller,IL,יוגורט מולר אקטיב 25,גרמים,200.00,100 גרם,false,,5.40,0.0270,true,1,3886045
7290102399802,false,יוגורט עם תות מולר אקטיב מועשר בחלבון 200 גר',מולר Muller,IL,יוגורט מולר אקטיב תו,גרמים,200.00,100 גרם,false,,5.80,0.0290,true,1,3886046
7290102399819,false,יוגורט עם פירות יער מולר אקטיב מועשר בחלבון 200 גר',מולר Muller,IL,יוגורט מולר פירות יע,גרמים,200.00,100 גרם,false,,5.90,0.0295,true,1,3878650
7290102399857,false,מולר אקטיב לייט 20 גרם חלבון 0% שומן עם תות 200 גרם,מולר Muller,IL,מולר יוגורט מועשר חל,גרמים,200.00,100 גרם,false,,5.50,0.0275,true,1,3887274
7290102399864,false,מולר אקטיב לייט אפרסק200,טרה,IL,מעדן יוגורט מועשר בח,יח',1.00,יח',false,,5.50,5.5000,true,1,3887275
7290103120658,false,דאודורנט ספיד סטיק גל שחור 85 גרם,הנסיך- מפעל לייצור ט,US,ספיד סטיק 24/7 גל שח,גרמים,85.00,100 גרם,false,,16.90,0.1988,true,1,1327245
7290103121600,false,"ספיד סטיק - דאודורנט ספריי לגבר 24/7 קול פיוזן 150 מ""ל",קולגייט פלמוליב,RU,ספיד סטיק ספריי -כתו,מיליליטרים,165.00,"100 מ""ל",false,,13.90,0.0842,true,1,1327247
7290103124588,false,"סבון נוזלי ארומה בניחוח לבנדר פטצ'ולי פלמוליב 750 מ""ל",הנסיך- מפעל לייצור ט,TR,סבון נוזלי ארומה בני,מיליליטרים,750.00,"100 מ""ל",false,,19.90,0.0265,true,1,1327253
7290103124601,false,"תחליב רחצה נוזל חלב ודבש משאבה 750מ""ל פלמוליב",הנסיך- מפעל לייצור ט,TR,תחליב רחצה מזין חלב,מיליליטרים,750.00,"100 מ""ל",false,,19.90,0.0265,true,1,1327255
7290103126797,false,"משחת שיניים קולגייט סנסיטיב פרו רליף 75 מ""ל",הנסיך- מפעל לייצור ט,BR,משחת שיניים סנסטיב פ,גרמים,110.00,100 גרם,false,,17.90,0.1627,true,1,1327262
7290103128739,false,מקלוני כותנה לתינוק בלונס 50 יחידות,הנסיך- מפעל לייצור ט,GR,מקלוני אוזנים בלונס,יח',50.00,יח',false,,5.90,0.1180,true,1,1327270
7290103129392,false,ליידי ספיד סטיק פרש אסנס פרח הפרזיה סטיק 65 גר,ליידי ספיד סטיק Lady Speed Stick,US,ליידי ספיד סטיק פרש,גרמים,65.00,100 גרם,false,,16.90,0.2600,true,1,1327275
7290103129408,false,ליידי ספיד סטיק - דאודורנט סטיק לאישה פרש אסנס פריחת הפרדס 65 גרם,ליידי ספיד סטיק Lady Speed Stick,US,ליידי ספיד סטיק פרש,גרמים,65.00,100 גרם,false,,16.90,0.2600,true,1,1327276
7290103129637,false,בלונס פדים אובליים להסרת איפור 40 יחידות,הנסיך- מפעל לייצור ט,GR,בלונס פדים אובליים ל,יח',40.00,יח',false,,6.90,0.1725,true,1,1327278
7290103243296,false,עוגה שוקו ציפס 450 גרם נוסטלגיה,,,עוגה שוקו ציפס 450 ג,גרמים,450.00,100 גרם,false,,6.90,0.0153,true,1,1766725
7290103243302,false,עוגת שוקולד 450 גרם נוסטלגיה,,,עוגת שוקולד 450 גרם,גרמים,450.00,100 גרם,false,,6.90,0.0153,true,1,1766706
7290103243319,false,עוגה אנגלית 450 גרם נוסטלגיה,,,עוגה אנגלית 450 גרם,גרמים,450.00,100 גרם,false,,6.90,0.0153,true,1,1766726
7290103243326,false,עוגת שיש 450 גרם נוסטלגיה,,,עוגת שיש 450 גרם נוס,גרמים,450.00,100 גרם,false,,6.90,0.0153,true,1,1766707
7290103243333,false,עוגה בטעם תפוז 450 ג נוסטלגיה,,,עוגה בטעם תפוז 450 ג,גרמים,450.00,100 גרם,false,,6.90,0.0153,true,1,1766708
7290103400194,false,"כרוב לבן 400 גר בד""צ ירקות שטראוס",שטראוס בריאות ירקות טריי,IL,כרוב לבן 400 ג בדצ י,גרמים,400.00,100 גרם,false,,8.50,0.0213,true,1,1341887
7290103400231,false,"גזר מגורד שטראוס 400 גרם בד""צ",שטראוס בריאות ירקות טריי,IL,גזר גוליאן בדצ 400גר,גרמים,400.00,100 גרם,false,,8.50,0.0213,true,1,1341888
7290103400255,false,"סלט קולסלאו 400 גרם בד""צ ירקות שטראוס",שטראוס בריאות ירקות טריי,IL,סלט קולסלאו 400 גרם,גרמים,400.00,100 גרם,false,,8.50,0.0213,true,1,1341889
7290103400378,false,עוגת בראוניז שוקולד380גר,STRAUSS-ISRAEL,IL,"עוגת בראוניז כשל""פ 3",גרמים,380.00,100 גרם,false,,10.90,0.0287,true,1,1327855
7290103401429,false,קפה קצב ברזילאי אוריגינס 200 גר,הנסיך- מפעל לייצור ט,IL,קפה פליטנום ברזילאי,גרמים,200.00,100 גרם,false,,24.90,0.1245,true,1,1327859
7290103402853,false,אצבעות שוקולד מגדים 96 ג,עלית מגדים,IL,8 אצבעות שוקולד פרה,גרמים,96.00,100 גרם,false,,6.40,0.0667,true,1,1327864
7290103404758,false,סלט כרוב אדום במיונז אחלה 120 גרם,מיוצר עי קונדיטוריית,IL,סלט כרוב אדום אחלה 1,גרמים,120.00,100 גרם,false,,4.70,0.0392,true,1,1341893
7290103408206,false,עלי חסה ערבית שטופים שטראוס 250 גרם,שטראוס בריאות ירקות טריי,IL,עלי חסה ערבית שטופים,גרמים,250.00,100 גרם,false,,9.90,0.0396,true,1,1341901
7290103681197,false,"יין הר שיראז מיתוג תנשמת 750 מ""ל",מיוצר על ידי יקב תבור,IL,הר שיראז 750 מל,מיליליטרים,750.00,"100 מ""ל",false,,29.90,0.0399,true,1,3866600
7290103681227,false,"יין הר גוורצטרמינר מיתוג תנשמת 750 מ""ל",מיוצר על ידי יקב תבור,IL,הר גוורצטרמינר 750 מ,מיליליטרים,750.00,"100 מ""ל",false,,29.90,0.0399,true,1,3866602
7290103681241,false,"יין הר מוסקטו מיתוג תנשמת 750 מ""ל",יקב תבור,IL,הר מוסקטו 750 מל,יח',1.00,יח',false,,29.90,29.9000,true,1,3866604
7290103681630,false,"פנינים מבעבע לבן הר תבור 750 מ""ל",יקב תבור,IL,פנינים לבן 750 מל,מיליליטרים,750.00,"100 מ""ל",false,,35.90,0.0479,true,1,3891655
7290103702533,false,מגבות נייר כפול 6 יח רמילוי,,,מגבות נייר כפול 6 יח,יח',1.00,יח',false,,18.90,18.9000,true,1,3879709
7290103702878,false,מפיות עבות וחזקות 150יח,,,מפיות עבות וחזקות 15,יח',1.00,יח',false,,6.90,6.9000,true,1,2729580
7290103702939,false,נייר טואלט גליל כפול 16 רמילוי,,,נייר טואלט גליל כפול,יח',16.00,יח',false,,28.90,1.8062,true,1,2793697
7290103702946,false,נייר טואלט רמי לוי כפול 24יח,,,נייר טואלט רמי לוי כ,יח',24.00,יח',false,,42.90,1.7875,true,1,2516152
7290103703585,false,נ.טואלט תלת שכבתי 32 רמי לוי,,,נ.טואלט תלת שכבתי 32,יח',32.00,יח',false,,39.90,1.2469,true,1,3869127
7290103703752,false,נייר טואלט פסטל 40 רמי לוי,,,נייר טואלט פסטל 40 ר,יח',40.00,יח',false,,35.90,0.8975,true,1,3869128
7290103704162,false,נייר טואלט טאצ' 32 גלילים מהדורה 2021,"שניב תעשיות נייר בע""",IL,נייר טואלט טאץ 32 יח,יח',1.00,יח',false,,31.90,31.9000,true,1,3893255
7290104060403,false,גומי לעיסה ללא סוכר בטעם ענבים,שטראוס גרופ,IL,מסטיק בזוקה בטעם ענב,גרמים,28.00,100 גרם,false,,4.00,0.1429,true,1,1327891
7290104061219,false,רבע לשבע אצבעות אגוז120ג,"שטראוס גרופ בע""מ",IL,רבע לשבע נוגט 120 גר,גרמים,120.00,100 גרם,false,,10.00,0.0833,true,1,1327894
7290104061417,false,סלט חומוס עם טחינה אחלה 400 גרם,"שטראוס גרופ בע""\מ",IL,סלט חומוס עם טחינה א,גרמים,400.00,100 גרם,false,,9.90,0.0248,true,1,1341909
7290104061424,false,סלט חומוס עם זעתר אחלה 400 גרם,מיוצר עי קונדיטוריית,IL,סלט חומוס עם זעתר אח,גרמים,400.00,100 גרם,false,,9.90,0.0248,true,1,1341910
7290104061431,false,סלט חומוס עם צנובר אחלה 400 גרם,"שטראוס גרופ בע""\מ",IL,סלט חומוס עם צנובר א,גרמים,400.00,100 גרם,false,,9.90,0.0248,true,1,1341911
7290104061448,false,סלט חומוס עם חריף אחלה 400 גרם,מיוצר עי קונדיטוריית,IL,סלט חומוס עם חריף אח,גרמים,400.00,100 גרם,false,,9.90,0.0248,true,1,1341912
7290104062599,false,מארז 8 יחידות מעדן גמדים בטעמי תות ובננה,"שטראוס בריאות בע""\מ",IL,מעדן גמדים תות בננה,מיליליטרים,800.00,"100 מ""ל",false,,17.90,0.0224,true,1,1341915
7290104065187,false,אבקה להכנת משקה קפה בטעם מוקה,STRAUSS-ISRAEL,IL,קפה נמס מוקה 200 גרם,גרמים,200.00,100 גרם,false,,19.90,0.0995,true,1,1327904
7290104065934,false,עלי רוקט שטראוס 150 גרם,שטראוס בריאות ירקות טריי,IL,עלי רוקט שטראוס 150,גרמים,150.00,100 גרם,false,,9.90,0.0660,true,1,1341921
7290104066016,false,מעדן מילקי טופ עדשים 170 ג',"שטראוס גרופ בע""\מ",IL,מעדן מילקי עם עדשים,מיליליטרים,140.00,"100 מ""ל",false,,4.30,0.0307,true,1,1341922
7290104066566,false,טחינה שומשום מלא אחלה 500 גר',מיוצר עי קונדיטוריית,IL,טחינה 500 גרם,גרמים,500.00,100 גרם,false,,13.90,0.0278,true,1,1341925
7290104067198,false,ספלנדיד מריר 70%תפוז100ג,STRAUSS-ISRAEL,IL,ספלנדיד בטעם תפוז 10,גרמים,100.00,100 גרם,false,,9.90,0.0990,true,1,1327907
7290104068546,false,גומי מאסט בטעם לימון קולה ללא סוכר 28 ג' עלית,"שטראוס גרופ בע""מ",IL,מסטיק MUST בטעם קולה,גרמים,28.00,100 גרם,false,,4.30,0.1536,true,1,1327912
7290104360602,false,שטיפה אינטימית אקטיב,PHARM PEER,IL,שטיפה אינטימית אקטיב,יח',1.00,יח',false,,24.90,24.9000,true,1,1870096
7290104364679,false,פרולטה שמפו ללא מלחים 500 מל,פאר פארם)איתן(,IL,שמפו פרולטה 500מל לל,מיליליטרים,500.00,"100 מ""ל",false,,44.90,0.0898,true,1,1355901
7290104364686,false,מרכך פרולטה 500מל ללא מלח,פאר פארם)איתן(,IL,מרכך פרולטה 500מל לל,מיליליטרים,500.00,"100 מ""ל",false,,44.90,0.0898,true,1,1355902
7290104500572,false,אפרופו חטיף תירס איטליאנו אסם 50 גרם,מיוצר עי קונדיטוריית,IL,אפרופו חטיף תירס איט,גרמים,50.00,100 גרם,false,,3.90,0.0780,true,1,1329852
7290104501661,false,אינסטנט פודינג בטעם וניל צרפתי אסם 80 גרם,מיוצר עי קונדיטוריית,IL,אינסטנט פודינג בטעם,גרמים,80.00,100 גרם,false,,4.90,0.0613,true,1,1329854
7290104503184,false,הבית עוגת שבת בראוניס טעם שוקולד ריבת חלב 380 גרם,מיוצר עי קונדיטוריית,IL,עוגת שבת בראוניס ריב,גרמים,380.00,100 גרם,false,,14.90,0.0392,true,1,1329859
7290104504228,false,מיני דובונים אסם 100 גרם מארז 5 יחידות,"אסם השקעות בע""\מ",IL,דובונים חטיף תפוחי א,גרמים,100.00,100 גרם,false,,12.90,0.1290,true,1,1329867
7290104506819,false,"קראנץ' רולס כשל""פ 370גרם","אסם השקעות בע""מ",IL,"קראנצ' רולס כשל""פ 37",גרמים,370.00,100 גרם,false,,19.90,0.0538,true,1,1329871
7290104508189,false,גביעי וופל ממותקים לגלידה 24 יח',בטר אנד דיפרנט,IL,גביעי גלידה אסם 24 י,יח',24.00,יח',false,,11.90,0.4958,true,1,1329875
7290104508943,false,במבה חטיף בוטנים אסם 200 גרם,"אסם השקעות בע""\מ",IL,במבה חטיף בוטנים אסם,גרמים,200.00,100 גרם,false,,8.90,0.0445,true,1,1329884
7290104570131,false,תמר מג'הול ששון ושות,,,"תמר מג'הול 1 ק""ג",יח',1.00,יח',false,,19.90,19.9000,true,1,1415834
7290104570162,false,תמרים כבושים 500גרם בית שאן,תמר העמקים בית שאן,IL,תמרים כבושים 500גרם,גרמים,500.00,100 גרם,false,,6.90,0.0138,true,1,1340681
7290104570551,false,תמר מג'הול פרמיום קי,ביכורי השקמה,,תמר מג'הול פרמיום קי,גרמים,500.00,100 גרם,false,,16.90,0.0338,true,1,2686766
7290104720499,false,מארז 8 יחידות מעדן דני בטעם וניל 1.5%,מיוצר עי קונדיטוריית,IL,דני בטעם וניל שמיניי,מיליליטרים,1000.00,"100 מ""ל",false,,14.90,0.0149,true,1,1341933
7290104721533,false,רצועות פלפלים קלויים אחלה 400 ג',מיוצר עי קונדיטוריית,IL,פלפלים קלויים 400 גר,גרמים,400.00,100 גרם,false,,14.90,0.0373,true,1,1341939
7290104721953,false,לקט מסולסלים ירקות שטראוס 350 גרם,שטראוס בריאות ירקות טריי,IL,לקט מסולסלים ירקות ש,גרמים,350.00,100 גרם,false,,12.90,0.0369,true,1,1341941
7290104722219,false,עוגת יומולדת ק.שוקולד330,"שטראוס גרופ בע""\מ.",IL,עוגת שוקולד עם קרם ש,גרמים,330.00,100 גרם,false,,14.40,0.0436,true,1,1327925
7290104724718,false,שוק.במילוי קרם נוגט100גר,STRAUSS-ISRAEL,IL,שוקולד חלב במילוי קר,גרמים,100.00,100 גרם,false,,4.90,0.0490,true,1,1327940
7290104725326,false,קוטג שטראוס 5% 400 ג,"שטראוס בריאות בע""\מ",IL,קוטג' 5% 400 גר,גרמים,400.00,100 גרם,false,,8.90,0.0223,true,1,1341946
7290104726262,false,רביעייה מעדן דני שוקולד דיסני לבנים 125 גרם,מיוצר עי קונדיטוריית,IL,דני בטעם שוקולד לשתי,מיליליטרים,500.00,"100 מ""ל",false,,10.90,0.0218,true,1,1341955
7290104726712,false,מארז 8 יחידות מעדן מילקי בטעם שוקולד עם קצפת,"שטראוס גרופ בע""\מ",IL,מארז מילקי שוקולד שמ,קילוגרמים,1.06,"ק""ג",false,,19.90,18.7736,true,1,1341959
7290104727726,false,5 טבלאות שוקולד פרה,שטראוס,IL,5 טבלאות שוקולד פרה,גרמים,500.00,100 גרם,false,,18.90,0.0378,true,1,1327950
7290104728310,false,"שמנת מתוקה עמידה 38% שומן ""יטבתה"" -מוצר בפיקוח",שטראוס גרופ,IL,שמנת להקצפה 38% 250,מיליליטרים,250.00,"100 מ""ל",false,,5.60,0.0224,true,1,1341967
7290104729010,false,"לבן בטעם תות יטבתה 100 מ""ל מהדרין",שטראוס גרופ,IL,"לבן בטעם תות 100 מ""ל",מטרים,100.00,100 מ'ל,false,,1.40,0.0140,true,1,1341972
7290104729492,false,5 טבלאות שוקולד פרה,"שטראוס גרופ בע""\מ.",IL,5 טבלאות שוקולד פרה,גרמים,500.00,100 גרם,false,,18.90,0.0378,true,1,1327959
7290104931857,false,אבקת כביסה 5קג רמי ל,,IL,אבקת כביסה 5קג רמי ל,קילוגרמים,5.00,"ק""ג",false,,23.90,4.7800,true,1,2499056
7290104960239,false,"תחליב רחצה נקה 7 ארומה לבן 750 מ""ל",טרופיקל דגיל תעשיות קוסמ,IL,נקה 7 תחליב רחצה קמו,מיליליטרים,750.00,"100 מ""ל",false,,9.90,0.0132,true,1,1332708
7290104960246,false,"נקה 7 - תחליב רחצה ורד ויסמין 750 מ""ל",טרופיקל דגיל תעשיות קוסמ,IL,נקה 7 תחליב רחצה ארו,מיליליטרים,750.00,"100 מ""ל",false,,9.90,0.0132,true,1,1332709
7290104960253,false,"תחליב רחצה נקה 7 לבנדר סגול 750מ""ל",טרופיקל דגיל תעשיות קוסמ,IL,נקה 7 תחליב רחצה לבנ,מיליליטרים,750.00,"100 מ""ל",false,,9.90,0.0132,true,1,1332710
7290104960338,false,"נקה 7 תחליב רחצה ארומה אלוורה ותה ירוק 750מ""ל",טרופיקל דגיל תעשיות קוסמ,IL,נקה 7 תחליב רחצה אלו,מיליליטרים,750.00,"100 מ""ל",false,,9.90,0.0132,true,1,1332711
7290104960352,false,"נקה 7 תחליב רחצה ארומה שקד וניל 750מ""ל","אמיליה קוסמטיקס בע""מ",IL,נקה 7 תחליב רחצה וני,מיליליטרים,750.00,"100 מ""ל",false,,9.90,0.0132,true,1,1332712
7290104960970,false,דאודורנט ספריי טיטניום מטאל Titanium Metal,אמיליה קוסמטיקס בעמ,IL,דאו טיטניום ספריי 18,מיליליטרים,180.00,"100 מ""ל",false,,14.90,0.0828,true,1,1332718
7290104961205,false,"נקה 7 תחליב רחצה מגע קטיפה מ""לפפון קיווי 750 מ""ל",טרופיקל דגיל תעשיות קוסמ,IL,תחליב רחצה מלפפון ול,מיליליטרים,750.00,"100 מ""ל",false,,9.90,0.0132,true,1,1332719
7290104961243,false,"נקה 7 תחליב רחצה מגע קטיפה קוקוס ליים 750 מ""ל",טרופיקל דגיל תעשיות קוסמ,IL,תחליב רחצה קוקוס יסמ,מיליליטרים,750.00,"100 מ""ל",false,,9.90,0.0132,true,1,1332721
7290104961250,false,"נקה 7 תחליב רחצה מגע קטיפה וניל מאסק 750 מ""ל",טרופיקל דגיל תעשיות קוסמ,IL,נקה 7 תחליב רחצה וני,מיליליטרים,750.00,"100 מ""ל",false,,9.90,0.0132,true,1,1332722
7290104961526,false,דאודורנט ספריי גוף טיטניום קלאסיק Titanium Classic,"אמיליה קוסמטיקס בע""מ",IL,טיטניום ספריי גוף 15,מיליליטרים,150.00,"100 מ""ל",false,,9.90,0.0660,true,1,1332728
7290104961533,false,דאודורנט ספריי גוף טיטניום בלק Titanium Black,אמיליה קוסמטיקס,IL,טיטניום ספריי גוף 15,מיליליטרים,150.00,"100 מ""ל",false,,9.90,0.0660,true,1,1332729
7290104961878,false,"שמפו לשיער קרטין אינטנס פורמולה 400 מ""ל נטורל",נטורל פורמולה Natural Formula,IL,שמפו קרטין לשיער שעב,מיליליטרים,400.00,"100 מ""ל",false,,29.90,0.0747,true,1,1332733
7290104961885,false,מרכך קרטין טהור לשיער שעבר החלקה או עיצוב בחום,נטורל פורמולה Natural Formula,IL,מרכך קרטין לשיער שעב,מיליליטרים,400.00,"100 מ""ל",false,,29.90,0.0747,true,1,1332734
7290104961892,false,מסכת קרטין טהור לשיער שעבר החלקה או עיצוב בחום,נטורל פורמולה Natural Formula,IL,מסיכת קרטין לשיער שע,מיליליטרים,350.00,"100 מ""ל",false,,39.90,0.1140,true,1,1332735
7290104962080,false,"טיטניום - דאודורנט ספריי לגבר גולד 150 מ""ל",משווק: קוסמופארם בעמ,IL,טיטניום ספריי גוף 15,מיליליטרים,150.00,"100 מ""ל",false,,10.90,0.0727,true,1,1332740
7290104962110,false,"דאו נושם לנערות ללא אלומיניום קרליין 150 מ""ל",מיוצר עי : אמיליה קוסמטי,IL,דאודורנט קרליין ספרי,מיליליטרים,150.00,"100 מ""ל",false,,10.90,0.0727,true,1,1332741
7290104962134,false,דאודורנט קרליין רול און נושם לנערות ללא אלומיניום,מיוצר עי : אמיליה קוסמטי,IL,דאודורנט קרליין רול,מטרים,75.00,100 מ'ל,false,,10.90,0.1453,true,1,1332743
7290104962578,false,דאודורנט ספריי נושם + אינביזיבל ללא סימנים לבנים,קרליין Careline,IL,קרליין ספריי נושם אי,מיליליטרים,200.00,"100 מ""ל",false,,10.90,0.0545,true,1,2919458
7290104962585,false,דאודורנט רול און נושם +אינביזיבל ללא סימנים לבנים,מיוצר עי : אמיליה קוסמטי,IL,קרליין רול און אינוז,100 מל,75.00,100 מל,false,,10.90,0.1453,true,1,2919459
7290104962660,false,"קרליין - נושם דאודורנט ספריי לאישה ללא אלומיניום 200 מ""ל",אמיליה קוסמטיקס בעמ,IL,דאודורנט קרליין ספרי,מיליליטרים,150.00,"100 מ""ל",false,,10.90,0.0727,true,1,1332750
7290104962684,false,"קרליין - נושם דאודורנט רול און לאישה ללא אלומיניום 75 מ""ל",מיוצר עי : אמיליה קוסמטי,IL,דאודורנט קרליין רול,מטרים,50.00,100 מ'ל,false,,10.90,0.2180,true,1,1332751
7290104962844,false,"שמפו אמפולה לטיפול אינטנסיבי לשיער יבש, צבוע ופגום",נטורל פורמולה Natural Formula,IL,"שמפו אמפולה 400 מ""ל",מיליליטרים,400.00,"100 מ""ל",false,,29.90,0.0747,true,1,1332755
7290104962851,false,"מרכך אמפולה לטיפול אינטנסיבי לשיער יבש, צבוע ופגום",נטורל פורמולה Natural Formula,IL,"מרכך אמפולה 400 מ""ל",מיליליטרים,400.00,"100 מ""ל",false,,29.90,0.0747,true,1,1332756
7290104962868,false,"מסכת אמפולה לטיפול אינטנסיבי לשיער יבש, צבוע ופגום",נטורל פורמולה Natural Formula,IL,"מסכה אמפולה 350 מ""ל",מיליליטרים,350.00,"100 מ""ל",false,,29.90,0.0854,true,1,1332757
7290104963018,false,סופטקר מגבונים לחים רביעייה ללא בישום,החברה הדרומית,IL,מגבונים סופטקר רביעי,יח',4.00,יח',false,,16.90,4.2250,true,1,1573485
7290104963155,false,"סופטקר שמן לתינוקות 500 מ""ל",קוסמופארם בע'\'\מ,IL,סופטקר שמן לתינוקות,מיליליטרים,500.00,"100 מ""ל",false,,24.90,0.0498,true,1,1668582
7290104963162,false,"סופטקר - קרם גוף לתינוקות 500 מ""ל",קוסמופארם בע'\'\מ,IL,סופטקר קרם גוף 500 מ,מיליליטרים,500.00,"100 מ""ל",false,,24.90,0.0498,true,1,1668583
7290104963216,false,סופטקר - אל סבון עדין לתינוק לעור רגיש 1 ליטר,קוסמופארם בע'\'\מ,IL,סופטקר אלסבון עדין ל,ליטרים,1.00,ליטר,false,,14.90,14.9000,true,1,1668586
7290104963223,false,סופטקר - אל סבון עדין לתינוק לעור רגיש 1 ליטר,קוסמופארם בע'\'\מ,IL,סופטקר אלסבון לתינוק,ליטרים,1.00,ליטר,false,,14.90,14.9000,true,1,1668587
7290104963650,false,נקה 7 שמפו אל דמע סופטקר 1 ליטר,קוסמופארם בע'\'\מ,IL,סופטקר שמפו אלדמע 1ל,ליטרים,1.00,ליטר,false,,14.90,14.9000,true,1,1668588
7290104963667,false,שמפו ותחליב רחצה אל דמע סופט קר 1 ליטר,קוסמופארם בע'\'\מ,IL,סופטקר 2ב1 אלסבון שמ,ליטרים,1.00,ליטר,false,,14.90,14.9000,true,1,1668589
7290104963711,false,"שמפו סופטקר אלדמע משאבה 770 מ""ל",גוד פוד פרודקטס S.p,IL,סופטקר שמפו אלדמע 77,מיליליטרים,770.00,"100 מ""ל",false,,18.90,0.0245,true,1,3859630
7290104964084,false,"קרליין - מולטי אפקט קרם יום 50 מ""ל 25SPF",זוהר קוסמטיקה,IL,קרליין מולטי אפקט- ק,מטרים,50.00,100 מ'ל,false,,49.90,0.9980,true,1,3739691
7290104964213,false,"קרליין - פילינג פנים לניקוי עמוק 150 מ""ל",אמיליה קוסמטיקס,IL,קרליין סקראב פילינג,מיליליטרים,150.00,"100 מ""ל",false,,29.90,0.1993,true,1,3693528
7290104964350,false,אל סבון עשיר בלחות בניחוח פרחי מים - מארז 3 יח',נקה 7,IL,סבון נוזלי כחול נקה,ליטרים,1.50,ליטר,false,,19.90,13.2667,true,1,1763793
7290104965647,false,קרליין דאו רול און נושם סוויט קיס לנערות,מיוצר עי : אמיליה קוסמטי,IL,קרליין דיאודורנט בנו,מטרים,75.00,100 מ'ל,false,,10.90,0.1453,true,1,3892636
7290104965661,false,קרליין דאו ספרי נושם סוויט קיס לנערות150,"אמיליה קוסמטיקס בע""מ",IL,קרליין דיאודורנט בנו,מיליליטרים,150.00,"100 מ""ל",false,,10.90,0.0727,true,1,3892637
7290105360250,false,קפסולות 09 עשיר וארומטי למכונת נספרסו עלית 10יח',הנסיך- מפעל לייצור ט,IL,קפסולות קפה אספרסו 9,יח',1.00,יח',false,,15.90,15.9000,true,1,1327964
7290105360328,false,קפסולות אספרסו חזק למכונות נספרסו 10 יח',הנסיך- מפעל לייצור ט,IL,קפסולות קפה אספרסו 1,יח',1.00,יח',false,,15.90,15.9000,true,1,1327965
7290105360335,false,קפסולות אספרסו למכונות נספרסו 50 גר,הנסיך- מפעל לייצור ט,IL,קפסולות קפה אספרסו 7,יח',1.00,יח',false,,15.90,15.9000,true,1,1327966
7290105360755,false,"שמן זית 3 חזק 750 מ""ל יד מרדכי",מכוורת יד מרדכי שטראוס ב,IL,"שמן זית 3 חזק 750 מ""",מיליליטרים,750.00,"100 מ""ל",false,,29.90,0.0399,true,1,1327974
7290105362339,false,"שמנת לבישול 15% 250 מ""ל יטבתה מהדרין",שטראוס גרופ,IL,שמנת לבישול 15% מהדר,מיליליטרים,250.00,"100 מ""ל",false,,7.60,0.0304,true,1,1341985
7290105362377,false,חטיף כיף כף חלב מגדי,STRAUSS-ISRAEL,IL,כיף כף מגדים 45 גרם,גרמים,45.00,100 גרם,false,,3.90,0.0867,true,1,1327979
7290105363572,false,שוק.פרה ביסקויט מגדים100,עלית מגדים,IL,שוקולד פרה ביסקוויט,גרמים,100.00,100 גרם,false,,5.90,0.0590,true,1,1327984
7290105363602,false,מקלות כיף כף קלאסי עלית 40 גרם,שולן צ'\יקולטה גידה סאן.,TR,מקלות כיף כף קלאסי ע,גרמים,40.00,100 גרם,false,,4.70,0.1175,true,1,1327985
7290105364289,false,מקלות כיף כף פצפוצים עלית 40 גרם,שולן צ'\יקולטה גידה סאן.,TR,מקלות כיף כף פצפוצים,גרמים,40.00,100 גרם,false,,4.70,0.1175,true,1,1327987
7290105364302,false,"עלית חטיף שוקולד כיף כף מקלות אגוזים, 40 גרם",שולן צ'\יקולטה גידה סאן.,TR,מקלות כיף כף אגוזים,גרמים,42.00,100 גרם,false,,4.70,0.1119,true,1,1327988
7290105364678,false,"אקטיביה משקה יוגורט בטעם אפרסק שטראוס 250 מ""ל",מיוצר עי קונדיטוריית,IL,אקטיביה משקה יוגורט,מיליליטרים,250.00,"100 מ""ל",false,,4.90,0.0196,true,1,1341989
7290105364883,false,ביסקוויט עד חצות לבן200ג,STRAUSS-ISRAEL,IL,עד חצות לבן 200 גרם,גרמים,200.00,100 גרם,false,,11.90,0.0595,true,1,1327997
7290105366023,false,סלט חצילים בטעם כבד אחלה 400 גרם,מיוצר עי קונדיטוריית,IL,סלט חצילים בטעם כבד,גרמים,400.00,100 גרם,false,,14.90,0.0373,true,1,1341998
7290105366993,false,סימפוניה גבינת שמנת פלפל שיפקה 5% שטראוס 200 גרם,"שטראוס בריאות בע""מ",IL,סימפוניה גבינת שמנת,גרמים,200.00,100 גרם,false,,10.40,0.0520,true,1,1342008
7290105368294,false,שום ישראלי קלוף 120 גר י,"איקה חקלאות בע""מ",IL,שיני שום מקולפים 120,גרמים,120.00,100 גרם,false,,9.90,0.0825,true,1,1342026
7290105368331,false,מעדן מילקי בטעם תות עם קצפת,מחלבת אחיהוד,IL,מילקי תות שטראוס 133,מיליליטרים,133.00,"100 מ""ל",false,,2.70,0.0203,true,1,1342027
7290105368904,false,"שמנת מתוקה להקצפה 32% שומן 250 מ""ל יוטבתה",שטראוס גרופ,IL,שמנת מתוקה להקצפה 32,מיליליטרים,250.00,"100 מ""ל",false,,6.90,0.0276,true,1,1342040
7290105368928,false,"שמנת 9% שומן 200 מ""ל יוטבתה",שטראוס גרופ,IL,"שמנת חמוצה 9% 200 מ""",מיליליטרים,200.00,"100 מ""ל",false,,2.90,0.0145,true,1,1342042
7290105368959,false,פונץ בננה+פקק מהדרין250מ,מחלבת יטבתה,IL,משקה פונץ' בננה יטבת,מיליליטרים,250.00,"100 מ""ל",false,,5.20,0.0208,true,1,1342044
7290105369130,false,סימפוניה גבינת שמנת בצל ירוק 5% שטראוס 200 גרם,"שטראוס בריאות בע""\מ",IL,סימפוניה גבינת שמנת,גרמים,200.00,100 גרם,false,,10.40,0.0520,true,1,1342047
7290105430458,false,תחליב רחצה מועשר בשקדים וקרם לחות Naturals משאבה,הנסיך- מפעל לייצור ט,TR,פלמוליב סבון נוזלי ש,מיליליטרים,750.00,"100 מ""ל",false,,19.90,0.0265,true,1,1327281
7290105430489,false,ליידי ספיד סטיק 24/7 רול און סטיין גארד,הנסיך- מפעל לייצור ט,IT,ליידי ספיד סטיק רולא,מטרים,50.00,100 מ'ל,false,,13.90,0.2780,true,1,1327284
7290105431516,false,מארז חטיף פריי תמרים ובוטנים ללא גלוטן ותוספת סוכר 125 גרם,טבעית מוצרים מן הטבע בעמ,IL,מארז חטיף פריי תמרים,גרמים,125.00,100 גרם,false,,15.90,0.1272,true,1,1327291
7290105431868,false,"פלמוליב ספא קוקוס גרגרים נוזלי 500 מ""ל",הנסיך- מפעל לייצור ט,TR,פלמוליב ספא קוקוס גר,מיליליטרים,500.00,"100 מ""ל",false,,15.90,0.0318,true,1,1327296
7290105433961,false,"ליידי ספיד סטיק לסס פרש אסנס ספריי דובדבן, 150 מ""ל",קולגייט-פלמוליב,RU,ליידי ספיד סטיק פרש,מיליליטרים,150.00,"100 מ""ל",false,,13.90,0.0927,true,1,1327309
7290105434050,false,ספיד סטיק - דאודורנט סטיק לגבר XL ירוק רגיולר 85 גרם,קולגייט פלמוליב,US,ספיד סטיק ירוק רגיל,גרמים,85.00,100 גרם,false,,16.90,0.1988,true,1,1327315
7290105436382,false,חטיף פרי תמרים קשיו ללא תוספת סוכר וגלוטן 5 יח,טבעית מוצרים מן הטבע בעמ,IL,חטיף פרי תמרים קשיו,גרמים,100.00,100 גרם,false,,15.90,0.1590,true,1,1327327
7290105439499,false,מאסטר שף מאסטר שף מיונז 480 גר כשלפ,רמיה סי.וי. הולנד,NL,מאסטר שף מיונז 483 ג,גרמים,483.00,100 גרם,false,,11.90,0.0246,true,1,1327332
7290105439505,false,מאסטר שף קרם בטעם מיונז לייט 479 גר כשלפ,רמיה סי.וי. הולנד,NL,מאסטר שף מיונז לייט,גרמים,479.00,100 גרם,false,,11.90,0.0248,true,1,2308073
7290105439581,false,מנה מאסטר שף חרדל דיזיון צרפתי 370 גר,רמיה סי.וי.הולנד,FR,מנה מאסטר שף חרדל די,גרמים,370.00,100 גרם,false,,9.90,0.0268,true,1,1327333
7290105439598,false,מאסטר שף חרדל דיז'ון גרגירים 370 גר כשלפ,סאס קווינור צרפת,FR,מנה מאסטר שף חרדל די,גרמים,370.00,100 גרם,false,,9.90,0.0268,true,1,1327334
7290105474056,false,לה קט מוס סלמון 155 גר',"ביופט בע""מ",IL,לה קט מוס סלמון 155 גר',גרמים,155.00,100 גרם,false,,5.00,0.0323,true,1,1336753
7290105474070,false,לה קט מעדן מוס טונה 155ג,PRODUCTS FOOD HIQ,IL,לה קט מוס טונה 155 גר',גרמים,155.00,100 גרם,false,,5.00,0.0323,true,1,1336755
7290105474124,false,"מזון לכלבים בונזו מזון כלבים בשר 12 ק""ג מחולק","ביופט בע""מ",FR,"בונזו בשר 12 ק""ג מחולק",קילוגרמים,12.00,"ק""ג",false,,118.00,9.8333,true,1,1336756
7290105474179,false,מארז מען לה קט פטה מולטיפק 100 גר 4 יח,SA NORMANDISE LA,FR,לה קט מעדן פטה מולטיפק 10,גרמים,100.00,100 גרם,false,,12.90,0.1290,true,1,1336761
7290105500151,false,וודקה פינלנדיה בקבוק,"אלטיה קורפ, הלסינקי,",FI,וודקה פינלנדיה 700 מ,מיליליטרים,700.00,"100 מ""ל",false,,54.90,0.0784,true,1,1339171
7290105500953,false,"וויסקי ג'ק דניאלס דבש 700 מ""ל",ג'ק דניאל'ס,BE,ג'ק דניאלס דבש 700 מ,מיליליטרים,700.00,"100 מ""ל",false,,99.90,0.1427,true,1,3869052
7290105691224,false,אסם חטיפי פריכונים טורטייה שום בצל 60 גרם,"פרח תעשיות מזון בע""מ.",IL,חטיפי טורטיה שום בצל,גרמים,60.00,100 גרם,false,,6.90,0.1150,true,1,1329911
7290105691248,false,אסם חטיפי פריכונים טורטייה תירס 60 גרם,"פרח תעשיות מזון בע""מ.",IL,חטיפי טורטיה תירס אס,גרמים,60.00,100 גרם,false,,6.90,0.1150,true,1,1329912
7290105691712,false,אסם עוגיות הפסקת קפה דגנים מלאים 230 גרם,היינץ צפון אמריקה מק,IL,עוגיות הפסקת קפה חיט,גרמים,230.00,100 גרם,false,,10.90,0.0474,true,1,1329919
7290105691934,false,קמח שמרים אסם 1 קילו,תאי פרזידנט פוד פאבל,IL,"קמח שמרים אסם 1 ק""ג",גרמים,1000.00,100 גרם,false,,7.90,0.0079,true,1,1329924
7290105692474,false,עוגת בראוניס קוקוס 430גר,"אסם השקעות בע""\מ",IL,עוגת בראוניס קוקוס ל,גרמים,430.00,100 גרם,false,,11.90,0.0277,true,1,1329928
7290105692498,false,"עוגת בראוניס כשל""פ430גרם","אסם השקעות בע""\מ",IL,עוגת בראוניס לפסח 43,גרמים,430.00,100 גרם,false,,11.90,0.0277,true,1,1329929
7290105692511,false,"עוגת הבית שיש כשל""פ350גר","אסם השקעות בע""\מ",IL,עוגת שיש לפסח 350 גר,גרמים,350.00,100 גרם,false,,9.80,0.0280,true,1,1329930
7290105692535,false,עוגת שוקו שוקוצ'יפס350גר,"אסם השקעות בע""\מ",IL,עוגת שוקולד צ'יפס לפ,גרמים,350.00,100 גרם,false,,9.80,0.0280,true,1,1329931
7290105692771,false,תערובת להכנת לחמניות200ג,מיוצר עי קונדיטוריית,IL,אבקה להכנת לחמניות כ,גרמים,200.00,100 גרם,false,,6.90,0.0345,true,1,1329934
7290105693341,false,מארז עשיריית במבה אסם 25*10 גרם,"אסם השקעות בע""\מ",IL,במבה חטיף בוטנים אסם,גרמים,250.00,100 גרם,false,,13.90,0.0556,true,1,1329940
7290105693457,false,עוגת הבית דמקה שוקו וניל אסם 320 גרם,מיוצר עי קונדיטוריית,IL,עוגת הבית דמקה שוקו,גרמים,320.00,100 גרם,false,,10.90,0.0341,true,1,1329941
7290105695024,false,פתיתים אפויים אורז עם אטריות אסם 500 גרם,"אסם השקעות בע""\מ",IL,פתיתים אפויים אורז ע,גרמים,500.00,100 גרם,false,,4.90,0.0098,true,1,1329969
7290105695321,false,עוגת הבית בראוניס פאדג' אסם 380 גרם,מיוצר עי קונדיטוריית,IL,עוגת הבית בראוניס פא,גרמים,380.00,100 גרם,false,,14.90,0.0392,true,1,1329975
7290105961181,false,פונץ' בננה מהדרין 1ליטר,מחלבת יטבתה,IL,משקה פונץ' בננה יטבת,מיליליטרים,1000.00,"100 מ""ל",false,,11.50,0.0115,true,1,1342049
7290105961525,false,שוק.ספלנדיד מריר85% 100ג,"שטראוס גרופ בע""\מ",IL,ספלנדיד מריר 85% 100,גרמים,100.00,100 גרם,false,,9.90,0.0990,true,1,1328023
7290105962331,false,סחוג תימני אדום חריף מאוד זהבי הכרם 220 גרם,קריניסה ויטמין אס אי,IL,סחוג אדום תימני חריף,גרמים,220.00,100 גרם,false,,9.90,0.0450,true,1,1342050
7290105963864,false,חזרת אחלה שטראוס 220,"שטראוס גרופ בע""\מ",IL,חזרת 220 גרם,גרמים,220.00,100 גרם,false,,9.90,0.0450,true,1,1342053
7290105964564,false,סלט חומוס אחלה 400גר,מיוצר עי קונדיטוריית,IL,חומוס אחלה 400 גר,גרמים,400.00,100 גרם,false,,7.80,0.0195,true,1,1573098
7290105965493,false,ספלנדיד מריר+מוס שוק105ג,שטראוס,IL,ספלנדיד מריר 62% אקו,גרמים,105.00,100 גרם,false,,9.90,0.0943,true,1,1328045
7290105965509,false,שוק.מריר62% +מוס גאנדויה,שטראוס,IL,ספלנדיד מריר 62% עם,גרמים,105.00,100 גרם,false,,9.90,0.0943,true,1,1328046
7290105965738,false,יוגורט לשתיה בטעם תות בננה267 ג' דנונה,מיוצר עי קונדיטוריית,IL,משקה יוגורט דנונה תו,גרמים,267.00,100 גרם,false,,4.50,0.0169,true,1,1342063
7290105966469,false,"חומץ בלסמי ממודנה יד מרדכי 250 מ""ל",אצטייה ג'וזפה קרמוני,IT,חומץ בלסמי יד מרדכי,מיליליטרים,250.00,"100 מ""ל",false,,13.90,0.0556,true,1,1328052
7290105968098,false,"סלט קולסלאו 500 גרם ""אחלה""",שטראוס גרופ סלטים,IL,קולסלאו אחלה 500 גרם,גרמים,500.00,100 גרם,false,,14.90,0.0298,true,1,1342080
7290105968654,false,רביולי בטטה פרווה פסטה נונה 400 ג',מיוצר עי קונדיטוריית,IL,פסטה רביולי בטטה פרו,גרמים,400.00,100 גרם,false,,19.80,0.0495,true,1,1342081
7290105968777,false,פריכיות 5 דגנים עם תחתית שוקולד מריר 70 גרם,"טחנת האבן תעשיות בע""",IL,פריכיות 5 דגנים עם ת,גרמים,70.00,100 גרם,false,,7.50,0.1071,true,1,1328062
7290106354081,false,גופיית סבא,,,גופיית סבא,יח',1.00,יח',false,,15.00,15.0000,true,1,1321076
7290106509818,false,48פלטינום נורמל קוואטרו,פרוקטר אנד גמבל,DE,אולוויז קואטרו פלטינ,יח',1.00,יח',false,,36.90,36.9000,true,1,3879919
7290106520066,false,"רבע לשבע שוקולד חלב במילוי אגוזים עלית 160 גרם בד""צ","הגביע מוצרי וופלים בע""\מ",IL,רבע לשבע במילוי קרם,גרמים,160.00,100 גרם,false,,10.00,0.0625,true,1,1328065
7290106520288,false,יוגורט פרו חלבון עם תות 2.4% שומן 150 ג' דנונה,"שטראוס בריאות בע""מ",IL,דנונה WOW תות 2.4%,גרמים,150.00,100 גרם,false,,4.50,0.0300,true,1,1342083
7290106520905,false,סלט טורקי אחלה 400 גרם,"שטראוס גרופ בע""\מ",IL,סלט טורקי 400 גרם,גרמים,400.00,100 גרם,false,,14.90,0.0373,true,1,1342093
7290106520912,false,"שמנת 9% לבישול יטבתה 250 מ""ל מהדרין",שטראוס גרופ,IL,שמנת לבישול 9% 250 מ,מיליליטרים,250.00,"100 מ""ל",false,,7.60,0.0304,true,1,1342094
7290106521049,false,אחלה טעמי השוק קוביות סלק 400 גר,מיוצר עי קונדיטוריית,IL,קוביות סלק 400 גרם,גרמים,400.00,100 גרם,false,,14.90,0.0373,true,1,1342102
7290106521612,false,חטיף ופל מצופה טורטי,STRAUSS-ISRAEL,IL,רביעיית טורטית עלית,גרמים,160.00,100 גרם,false,,9.90,0.0619,true,1,1328075
7290106521650,false,חטיף שוקולד חלב טעמי,STRAUSS-ISRAEL,IL,רביעיית טעמי,גרמים,160.00,100 גרם,false,,9.90,0.0619,true,1,1328077
7290106524439,false,"תפוצ'יפס פופס 60 גרם ""עלית""","שטראוס פריטו ליי בע""\מ )",IL,תפוצ'יפס פופס 60 גרם,גרמים,60.00,100 גרם,false,,3.50,0.0583,true,1,3837504
7290106525320,false,אבקת שוקולית לאפייה קופסא 500ג' עלית,הנסיך- מפעל לייצור ט,IL,שוקולית לאפייה 500 ג,גרמים,500.00,100 גרם,false,,14.90,0.0298,true,1,1328095
7290106525375,false,קפה מארז טורקי שלישייה 3*125 גר עלית,עלית,,קפה מארז טורקי שלישי,גרמים,375.00,100 גרם,false,,25.90,0.0691,true,1,1328097
7290106525382,false,קפה טורקי עלית 125 גר,עלית,,קפה טורקי 125 גר,גרמים,125.00,100 גרם,false,,9.90,0.0792,true,1,1328098
7290106525399,false,קפסולות 06 ברזיל למכונות נספרסו עלית 10יח',הנסיך- מפעל לייצור ט,IL,קפסולות ברזיל למכונת,יח',1.00,יח',false,,15.90,15.9000,true,1,1625965
7290106525405,false,קפסולות למכונת נספרסו נטול קפאין,שטראוס קפה בי.וי.,IL,קפסולות קפה אספרסו נ,100 יח',1.00,100 יח',false,,15.90,15.9000,true,1,1328099
7290106526822,false,פריכיות אורז חום מלא תחתית שוקולד חלב 80 גרם,"טחנת האבן תעשיות בע""",IL,פריכיות אורז חום מלא,גרמים,80.00,100 גרם,false,,7.50,0.0938,true,1,1328114
7290106527386,false,אנרגי פריכיות מצופות שוקולד חלב 70ג,"שטראוס גרופ בע""\מ",IL,פריכיות אורז חום מלא,גרמים,70.00,100 גרם,false,,7.50,0.1071,true,1,1328115
7290106528567,false,"דוריטוס גריל 185 גרם ""עלית""","שטראוס פריטו ליי בע""\מ )",IL,דוריטוס בטעם גריל 18,גרמים,185.00,100 גרם,false,,6.90,0.0373,true,1,1490104
7290106528628,false,"דוריטוס טבעי 185 גרם ""עלית""","שטראוס פריטו ליי בע""\מ )",IL,דוריטוס בטעם טבעי 18,גרמים,185.00,100 גרם,false,,6.90,0.0373,true,1,1490105
7290106528949,false,לקט ערוגות 450 גרם שטראוס,שטראוס בריאות ירקות טריי,IL,לקט ערוגות 450 גרם ש,גרמים,450.00,100 גרם,false,,10.80,0.0240,true,1,1342134
7290106570023,false,"שטוחים שומשום כשל""פ 250ג","אסם השקעות בע""\מ",IL,בייגלה שטוחים שומשום,גרמים,250.00,100 גרם,false,,9.90,0.0396,true,1,1329987
7290106570177,false,בייגלה שטוחים מלח 250 גר,"אסם השקעות בע""\מ",IL,בייגלה שטוחים מלח כש,גרמים,250.00,100 גרם,false,,0.00,0.0000,true,1,1329989
7290106571709,false,"רוטב צ'ילי מתוק כשל""פ290",מיוצר עי קונדיטוריית,IL,"רוטב צ'ילי כשל""פ 290",מיליליטרים,290.00,"100 מ""ל",false,,8.90,0.0307,true,1,1329996
7290106571921,false,עוגיות פיטנס עוגיות חמוציות 180 גר',מיוצר עי קונדיטוריית,IL,פיטנס עוגיות חמוציות,גרמים,180.00,100 גרם,false,,10.90,0.0606,true,1,1329999
7290106571945,false,עוג.שוקולד מריר פיטנס180,"אסם תעשיות בע""מ",IL,עוגיות שוקולד מריר 1,גרמים,180.00,100 גרם,false,,10.90,0.0606,true,1,1330000
7290106572027,false,אוסם - לחמית חמישה דגנים 190 גרם,"אסם השקעות בע""\מ",IL,לחמית חמישה דגנים אס,גרמים,190.00,100 גרם,false,,7.90,0.0416,true,1,1330001
7290106572065,false,חטיפי פריכונים טורטיה חמוץ מתוק 60 גרם,"פרח תעשיות מזון בע""מ",IL,חטיפי טורטיה חמוץ מת,גרמים,60.00,100 גרם,false,,6.90,0.1150,true,1,1330002
7290106572614,false,דובונים חטיף תפוחי א,"אסם השקעות בע""\מ",IL,דובונים חטיף תפוחי א,גרמים,40.00,100 גרם,false,,3.90,0.0975,true,1,1330005
7290106572997,false,"קמח שמרים לפיצה ופוקצ'ה אסם 1 ק""ג","קוד יצרן TKMB, משווק",IL,קמח שמרים לפיצה 1 ק',קילו,1.00,קילו,false,,8.90,8.9000,true,1,1330014
7290106573086,false,קוסקוס בינוני אמיתי 350X2ג' אסם,"מיוצר ע""י קוד יצרן K",IL,מארז קוסקוס 350גר,גרמים,350.00,100 גרם,false,,9.90,0.0283,true,1,1330017
7290106573277,false,אוסם - קריספי טאפאס זיתים 150 גרם,מיוצר עי קונדיטוריית,IL,קריספי טאפאס זיתים א,גרמים,150.00,100 גרם,false,,10.90,0.0727,true,1,1330020
7290106573574,false,חומוס ירושלמי צבר 400גרם,סלטי צבר,IL,חומוס ירושלמי צבר 40,גרמים,400.00,100 גרם,false,,11.50,0.0288,true,1,1330025
7290106573598,false,צבר חומוס לבנוני 400 גרם,סלטי צבר,IL,חומוס לבנוני צבר 400,גרמים,400.00,100 גרם,false,,11.90,0.0298,true,1,1330026
7290106573628,false,צבר חומוס עם טחינה 400 גרם,סלטי צבר,IL,חומוס עם טחינה צבר 4,גרמים,400.00,100 גרם,false,,11.90,0.0298,true,1,1330027
7290106573642,false,חומוס צנוברים צבר 400 גרם,סלטי צבר,IL,חומוס צנובר צבר 400,גרמים,400.00,100 גרם,false,,11.90,0.0298,true,1,1330028
7290106573819,false,חומוס אבו גוש צבר 400 גר,סלטי צבר,IL,חומוס אבו גוש צבר 40,גרמים,400.00,100 גרם,false,,11.50,0.0288,true,1,1330033
7290106574793,false,עוגת הבית בטעם שוקו-שוקוצ'יפס 350 ג' אסם,מיוצר עי קונדיטוריית,IL,עוגת שוקו שוקוציפס,גרמים,330.00,100 גרם,false,,10.90,0.0330,true,1,1330047
7290106574953,false,בייגלה שטוחים כעכים שטוחים עם שומשום,מיוצר עי קונדיטוריית,IL,בייגלה שטוחים שומשום,גרמים,300.00,100 גרם,false,,9.90,0.0330,true,1,1330048
7290106574977,false,בייגלה שטוחים כעכים שטוחים עם מלח,מיוצר עי קונדיטוריית,IL,בייגלה שטוחים מלח אס,גרמים,300.00,100 גרם,false,,9.90,0.0330,true,1,1330049
7290106575011,false,פתיתים אפויים קוסקוס מחיטה מלאה אסם 400 גרם,מיוצר עי קונדיטוריית,IL,פתיתים אפויים קוסקוס,גרמים,400.00,100 גרם,false,,4.90,0.0123,true,1,1330050
7290106575257,false,עוגת הבית סופלה בטעם שוקולד 340 ג' אסם,מיוצר עי קונדיטוריית,IL,עוגת סופלה בטעם שוקו,גרמים,340.00,100 גרם,false,,10.90,0.0321,true,1,1330054
7290106575431,false,עוגת הבית סופלה בטעם שוקוניל 340 ג' אסם,מיוצר עי קונדיטוריית,IL,עוגת סופלה בטעם שוקו,גרמים,340.00,100 גרם,false,,10.90,0.0321,true,1,1330060
7290106575943,false,אבקה להכנת קניידלך140ג,"אסם השקעות בע""\מ",IL,"קניידלך אסם כשל""פ 14",גרמים,140.00,100 גרם,false,,6.90,0.0493,true,1,1330066
7290106576223,false,"אפרופו שוקולד 40 גרם ""אסם""",מיוצר עי קונדיטוריית,IL,אפרופו שוקולד 40 גר,גרמים,40.00,100 גרם,false,,3.90,0.0975,true,1,2045834
7290106576513,false,סלט חומוס צבר 400 גר,סלטי צבר,IL,חומוס חלק 400 ג,גרמים,400.00,100 גרם,false,,8.90,0.0223,true,1,1330078
7290106576537,false,חומוס מסעדות צבר 700 גרם,סלטי צבר,IL,חומוס מסעדות צבר 700,גרמים,700.00,100 גרם,false,,10.80,0.0154,true,1,1330079
7290106576797,false,"לה קרמריה גלידת וניל איטלקי כשל""פ 1.4ל'",תות תעשיות מזון (201,IL,לה קרמריה וניל איטלק,יח',1.00,יח',false,,17.70,17.7000,true,1,1324481
7290106576810,false,גלידה לה קרמריה ריבת חלב 1.4 ל' נסטלה,לה קרמריה- נסטלה,IL,לה קרמריה ריבת חלב 1,יח',1.00,יח',false,,17.70,17.7000,true,1,1324482
7290106576834,false,גלידה לה קרמריה פונטש בננה1.4 ל' נסטלה,תות תעשיות מזון (201,IL,לה קרמריה פונטש בננה,יח',1.00,יח',false,,17.70,17.7000,true,1,1324483
7290106576858,false,גלידה לה קרמריה תותים בשמנת 1.4 ל' נסטלה,גלידות נסטלה )נגה גלידות,IL,לה קרמריה תותים בשמנ,יח',1.00,יח',false,,17.70,17.7000,true,1,1324484
7290106576919,false,גלידה קרמריה סורבה תות לימון 1.4 ליטר,גלידות נסטלה )נגה גלידות,IL,לה קרמריה סורבה תות,יח',1.00,יח',false,,17.70,17.7000,true,1,1324486
7290106576957,false,"לה קרמריה גלידת שוקו וניל פליק פרווה כשל""פ 1.4",תות תעשיות מזון (201,IL,לה קרמריה שוקו וניל,יח',1.00,יח',false,,17.70,17.7000,true,1,1324488
7290106576971,false,גלידה לה קרמריה שוקולד בלגי 1.4 ל' נסטלה,תות תעשיות מזון (201,IL,לה קרמריה שוקולד בלג,יח',1.00,יח',false,,17.70,17.7000,true,1,1324489
7290106576995,false,גלידה סורבה לה קרמריה תות מנגו לייט 1.4 ל' נסטלה,גלידות נסטלה )נגה גלידות,IL,לה קרמריה סורבה לייט,יח',1.00,יח',false,,17.70,17.7000,true,1,1324490
7290106577039,false,גלידה לה קרמריה שוקו וניל פליק 1.4 ל' נסטלה,תות תעשיות מזון (201,IL,לה קרמריה וניל שוקו,יח',1.00,יח',false,,17.70,17.7000,true,1,1324491
7290106577282,false,טחינה אמיתית מרובע 400 ג' צבר,סלטי צבר,IL,סלט טחינה צבר 400 ג,גרמים,400.00,100 גרם,false,,11.90,0.0298,true,1,1330084
7290106577480,false,חציל על האש בטחינה400גר,סלטי צבר,IL,סלט חציל על האש בטחי,גרמים,400.00,100 גרם,false,,11.90,0.0298,true,1,1330089
7290106577503,false,חציל במיונז מרובע 400גרם,סלטי צבר,IL,חציל במיונז מרובע 40,גרמים,400.00,100 גרם,false,,11.90,0.0298,true,1,1330090
7290106577541,false,כרוב אדום מרובע 400 ג' צבר,סלטי צבר,IL,כרוב אדום מרובע 400,גרמים,400.00,100 גרם,false,,10.90,0.0273,true,1,1330092
7290106577572,false,מטבוחה אמיתית מרובע 400 ג' צבר,סלטי צבר,IL,סלט מטבוחה צבר 400 ג,גרמים,400.00,100 גרם,false,,11.90,0.0298,true,1,1330093
7290106578821,false,עוגת הבית שמרים קלאסית שוקולד אסם 350 גרם,מיוצר עי קונדיטוריית,IL,עוגת שמרים שוקולד קל,גרמים,350.00,100 גרם,false,,14.90,0.0426,true,1,1330106
7290106651265,false,"פ""ז קלאסי מגדים45*3 גרם","שטראוס גרופ בע""\מ",IL,שלישיית פסק זמן מגדי,גרמים,180.00,100 גרם,false,,9.90,0.0550,true,1,1328140
7290106653689,false,לקט לסלט אסייתי שטראוס 350 גרם,שטראוס בריאות ירקות טריי,IL,לקט לסלט אסיאתי 350,גרמים,350.00,100 גרם,false,,10.90,0.0311,true,1,2798992
7290106654099,false,מילקי CAKE עוגות אישיות במילוי קרם חלב,בובארד איטליה אס.פי.איי,IT,מארז מילקי קייק שמינ,גרמים,272.00,100 גרם,false,,19.90,0.0732,true,1,1342145
7290106656512,false,וופל טורטית עם קרם ש,שטראוס גרופ,IL,בפלות טורטית 32 יחיד,גרמים,360.00,100 גרם,false,,13.90,0.0386,true,1,1328176
7290106656734,false,"עוגיות חיוכים וניל עלית 600 גרם בד""צ",אפיפית נצרת תעשיות ב,IL,עוגיות חיוכים וניל ו,גרמים,600.00,100 גרם,false,,16.90,0.0282,true,1,1328179
7290106657748,false,עדשים שוקולד מיני מיני 80 גרם חלבי,שטראוס גרופ,IL,מיני עדשים שוקולד חל,גרמים,80.00,100 גרם,false,,6.90,0.0863,true,1,1328182
7290106658479,false,עלית וופל בטעם טורטית אגוזים 360גר,"שטראוס גרופ בע""\מ",IL,טורטית אגוזים מגדים,גרמים,40.00,100 גרם,false,,3.90,0.0975,true,1,1780905
7290106660649,false,חטיף ציטוס קראנץ בוט,"שטראוס פריטו ליי בע""\מ )",IL,ציטוס בוטנים 80 גר,גרמים,80.00,גרם,false,,4.20,0.0525,true,1,2919481
7290106662025,false,תפוציפס טבעי מלח ופלפל 50 גרם,"שטראוס פריטו ליי בע""",IL,תפוציפס טבעי מלח פלפ,גרמים,50.00,100 גרם,false,,3.50,0.0700,true,1,1955406
7290106662223,false,"אפיפיות שוקולד לל""ג400ג","שטראוס גרופ בע""\מ",IL,"וופל אפיפית לל""ג 400",גרמים,400.00,100 גרם,false,,11.90,0.0298,true,1,2307961
7290106662964,false,עלית סוכריות נוסטלגיה גומי יין 100גר,טופגאם תעשיות ממתקים,IL,סוכריות גומי יין,גרמים,100.00,100 גרם,false,,5.90,0.0590,true,1,1328223
7290106663091,false,"לאבנה 9 % עם שמן זית 500 גר' ""שטראוס""",הדקלאים אגודת שיתופי,IL,גבינת לאבנה 9% שומן,גרמים,500.00,100 גרם,false,,16.90,0.0338,true,1,1342185
7290106663503,false,קונפיטורה לייט תות יד מרדכי 230 גרם,אף.סי תבליני בגליל ב,IL,קונפיטורת תות שדה לי,גרמים,230.00,100 גרם,false,,10.90,0.0474,true,1,1328228
7290106663565,false,אבקה חלבית מלבין קפה עלית 300ג',STRAUSS-ISRAEL,IL,חלבית- מלבין קפה חלב,גרמים,300.00,100 גרם,false,,16.90,0.0563,true,1,1328234
7290106664067,false,לאבנה עם שמן זית וזעתר 10% שטראוס 400 ג',הדקלאים אגודת שיתופי,IL,לאבנה שמן זית וזעתר,גרמים,400.00,100 גרם,false,,13.90,0.0348,true,1,1342194
7290106664555,false,"רוטב שמנת עם עגבניות 9% שומן 250 מ""ל יוטבתה",שטראוס גרופ,IL,רוטב שמנת עם עגבניות,מיליליטרים,250.00,"100 מ""ל",false,,9.80,0.0392,true,1,1342197
7290106664562,false,רוטב שמנת עם פטריות 9% שומן 258 ג' יוטבתה,שטראוס גרופ,IL,רוטב שמנת עם פטריות,מיליליטרים,250.00,"100 מ""ל",false,,9.80,0.0392,true,1,1342198
7290106667266,false,"דוריטוס חמוץ חריף 185 גרם ""עלית""","שטראוס פריטו ליי בע""\מ )",IL,דוריטוס חמוץ חריף 18,גרמים,185.00,100 גרם,false,,6.90,0.0373,true,1,1490109
7290106668577,false,"מיץ לימון טיבעי 250 מ""ל יד מרדכי",האי נאם סי או אל.טי.,IT,"מיץ לימון 250 מ""ל",מיליליטרים,250.00,"100 מ""ל",false,,7.80,0.0312,true,1,1328253
7290106668713,false,יוגורט עם פירות יער 3% שומן 150 ג' דנונה,מיוצר עי קונדיטוריית,IL,יוגורט דנונה פירות י,מיליליטרים,150.00,"100 מ""ל",false,,3.50,0.0233,true,1,1342208
7290106669857,false,קפסולות אספרסו בטעם וניל עלית 10 יחידות,הנסיך- מפעל לייצור ט,IL,קפסולות אספרסו בטעם,100 יח',1.00,100 יח',false,,15.90,15.9000,true,1,2812840
7290106720626,false,צ'יטוס קראנצ' בטעם גבינה - חלבי,"שטראוס פריטו ליי בע""\מ )",IL,ציטוס גבינה 80 גר,גרמים,80.00,גרם,false,,4.20,0.0525,true,1,2919482
7290106721906,false,מסטיק בזוקה צ'יקלט 66גרם,שטראוס גרופ,IL,מסטיק בזוקה ללא סוכר,גרמים,66.00,100 גרם,false,,8.90,0.1348,true,1,1328286
7290106721913,false,מסטיק מאסט MUST ללא סוכר בטעם מנטה מרעננת,"שטראוס גרופ בע""מ",IL,יח',גרמים,66.00,100 גרם,false,,8.90,0.1348,true,1,1328287
7290106721920,false,צנצנת מסטיק מאסט בטעם ספירמינט עדין 66 ג' עלית,"שטראוס גרופ בע""\מ.",IL,מאסט בוקס,גרמים,66.00,100 גרם,false,,8.90,0.1348,true,1,1328288
7290106723689,false,עלי תרד בייבי שטראוס 200 גרם,שטראוס בריאות ירקות טריי,IL,עלי תרד בייבי 200 גר,גרמים,200.00,100 גרם,false,,10.90,0.0545,true,1,1342217
7290106724419,false,עוגיות חיוכים וניל 150גר,אפיפית נצרת תעשיות ב,IL,עוגיות חיוכים וניל ו,גרמים,150.00,100 גרם,false,,4.90,0.0327,true,1,1328315
7290106725867,false,"סירופ מייפל טבעי 189 מ""ל ""יד מרדכי""",קוסלסי פוד,CA,"סירופ מייפל 189 מ""ל",מיליליטרים,189.00,"100 מ""ל",false,,29.90,0.1582,true,1,1328335
7290106726161,false,דנונה פרו אפרסק2.4% 150ג,"שטראוס בריאות בע""מ",IL,דנונה WOW אפרסק 2.4%,גרמים,150.00,100 גרם,false,,4.50,0.0300,true,1,1342223
7290106726178,false,יוגורט PRO עם פירות יער 2.4% 10 גרם חלבון בגביע,מיוצר עי קונדיטוריית,IL,דנונה WOW פירות יער,גרמים,150.00,100 גרם,false,,4.50,0.0300,true,1,1342224
7290106727984,false,"כיף כף פצפצים בגביע 135 גרם ""עלית""",שולן צ'\יקולטה גידה סאן.,TR,גביע כיף כף פצפצים 1,גרמים,135.00,100 גרם,false,,9.90,0.0733,true,1,1955338
7290106728127,false,חלב טבעי בקבוק3.6% 1ליטר,מחלבת יטבתה,IL,חלב יטבתה 3.6% 1 לי,ליטרים,1.00,ליטר,false,,7.30,7.3000,true,1,1342228
7290106729421,false,עוגת בראוניז טורטית380ג,"שטראוס גרופ בע""\מ",IL,בראוניז טורטית 380 ג,גרמים,380.00,100 גרם,false,,14.90,0.0392,true,1,3263515
7290106729650,false,יוגורט עם תות מאגדת 8 יח' * 150ג' דנונה,"שטראוס גרופ בע""\מ",IL,מארז דנונה 8 יח 1.2,ליטרים,1.20,ליטר,false,,23.90,19.9167,true,1,1555326
7290107280013,false,"חמישיית מגבונים ל.מבושם ""ליטופים""",טרופיקל דגיל קוסמטיק,IL,מגבונים ליטופים מארז,יח',72.00,יח',false,,17.90,0.2486,true,1,1332762
7290107280020,false,שלישיית מטליות לחות לניקוי כללי סנו סושי 50 יחידות,טרופיקל דגיל- תעשיות,IL,שלישיית מגבונים סנו,יח',3.00,יח',false,,16.90,5.6333,true,1,1332763
7290107280037,false,50 מטליות לחות לניקוי כללי גדולות ועבות,דינאמיק תעשיות,IL,סנו מטליות עבות גדול,יח',1.00,יח',false,,8.90,8.9000,true,1,1332764
7290107280105,false,מגבוני אף רכים נשלף סנו סופט 120 יחידות,סנו סופט,IL,סנו סופט מגבוני אף ר,יח',1.00,יח',false,,7.90,7.9000,true,1,1332767
7290107280129,false,סנו סושי 20 שקיות אשפה חזקות גדולות XXL,אשפלסט תעשיות,IL,סנו סושי 20 שקיות אש,יח',1.00,יח',false,,22.90,22.9000,true,1,1332768
7290107280341,false,ריצפז מטליות לחות לניקוי הרצפה בניחוח מלון מפנק,"סנו מפעלי ברונוס סע""",IL,מטליות ריצפז הום פרש,יח',1.00,יח',false,,10.90,10.9000,true,1,3879265
7290107280389,false,"סנו - ג'ט מרסס לניקוי בחדר האמבטיה 750 מ""ל","איי, בי, אינבוו",IL,"סנו ג'ט לאמבט 750 מ""",מיליליטרים,750.00,"100 מ""ל",false,,11.90,0.0159,true,1,1332773
7290107280396,false,"סנו - ג'ט מרסס לניקוי יסודי במטבח 750 מ""ל","סנו מפעלי ברונוס בע""",IL,"סנו ג'ט למטבח 750 מ""",מיליליטרים,750.00,"100 מ""ל",false,,11.90,0.0159,true,1,1332774
7290107280549,false,"סנו - K400 קוטל זבובים ויתושים 300 מ""ל","סנו מפעלי ברונוס בע""מ",IL,"K-400 קוטל ז300 מ""ל",מיליליטרים,300.00,"100 מ""ל",false,,10.90,0.0363,true,1,3868024
7290107280563,false,ג'ל אוקסיג'ן בייבי סנו 3 ליטר,"איי, בי, אינבוו",IL,סנו אוקסיג'ן בייבי 3,ליטרים,3.00,ליטר,false,,28.90,9.6333,true,1,1332782
7290107280570,false,סנו - מקסימה ג'ל כביסה מרוכז לכביסה צבעונית 3 ליטר,מיוצר עי קונדיטוריית,IL,סנו מקסימה ג'ל לכביס,ליטרים,3.00,ליטר,false,,28.90,9.6333,true,1,1332783
7290107280594,false,שלישיית סנובון מוצק דאבל אקשן לבנדר 55 גרם,סנו מפעלי ברונוס בעמ,IL,סנובון דאבל אקשן בני,גרמים,165.00,100 גרם,false,,9.90,0.0600,true,1,1332785
7290107280600,false,טבליות למדיח סנו ספארק 100 טבליות במארז,גרופה אינקו,PL,סנו ספארק טבל 100 יח,קילוגרמים,2.00,"ק""ג",false,,49.90,24.9500,true,1,3830300
7290107280723,false,נוזל לניקוי כלים סנו ספארק Spark בניחוח לימון רענן,סנו כימיקלים,IL,סנו ספארק נוזל לכלים,מיליליטרים,700.00,"100 מ""ל",false,,7.90,0.0113,true,1,1332792
7290107280730,false,נוזל לניקוי כלים סנו ספארק Spark בניחוח לבנדר,מיוצר עי קונדיטוריית,IL,סנו ספארק נוזל לכלים,מיליליטרים,700.00,"100 מ""ל",false,,7.90,0.0113,true,1,1332793
7290107280747,false,נוזל לניקוי כלים סנו ספארק Spark קלאסי,סנו כימיקלים,IL,סנו ספארק נוזל לכלים,מיליליטרים,700.00,"100 מ""ל",false,,7.90,0.0113,true,1,1332794
7290107280754,false,נוזל כלים סנו ספארק Spark היפואלרגני פריחת השקד,סנו ספארק,IL,סנו ספארק נוזל לכלים,מיליליטרים,700.00,"100 מ""ל",false,,7.90,0.0113,true,1,1332795
7290107280761,false,נוזל לניקוי כלים בניחוח לימון רענן סנו ספארק Spark,מיוצר עי קונדיטוריית,IL,סנו ספארק נוזל לכלים,ליטרים,1.00,ליטר,false,,10.70,10.7000,true,1,1332796
7290107280822,false,סנו ריצפז פרש הום 2 ליטר בניחוח ספא,"סנו מפעלי ברונוס בע""\מ",IL,ריצפז פרש הום 2לי,ליטרים,2.00,ליטר,false,,19.80,9.9000,true,1,1332801
7290107545365,false,אורנה 19 קרם גוף ונילה אנד סולט,אלפא קוסמטיקה,IL,תחליב גוף בניחוח וני,מטרים,400.00,100 מ'ל,false,,19.90,0.0497,true,1,3900094
7290107645584,false,אבקת מרק עוף אמיתי רכיבים טבעיים 400 גרם - רבנות,יוניליוור ישראל מזון בע\,IL,מרק 400 עוף אמיתי 10,גרמים,400.00,100 גרם,false,,19.90,0.0497,true,1,3867805
7290107645591,false,אבקת מרק בטעם עוף 100% רכיבים טבעיים 400 גרם,יוניליוור ישראל מזון בע\,IL,מרק 400 טעם עוף 100%,גרמים,400.00,100 גרם,false,,14.90,0.0373,true,1,3867806
7290107646062,false,אבקת מרק בצל רכיבים טבעיים קנור 400 ג',יוניליוור ישראל מזון בע\,IL,מרק 400 בצל 100% רכב,גרמים,400.00,100 גרם,false,,18.90,0.0472,true,1,3867808
7290107646147,false,"חטיף שוגי קורנפלקס תלמה 156 גרם מארז 6 יחידות בד""צ",יוניליוור ישראל מזון בעמ,IL,מאגדת חטיפי שוגי שיש,יח',1.00,יח',false,,12.80,12.8000,true,1,3867809
7290107646154,false,"חטיף קוקומן פצפוצים תלמה 126 גרם מארז 6 יחידות בד""צ",יוניליוור ישראל מזון בעמ,IL,מאגדת חטיפי קוקומן פ,יח',1.00,יח',false,,12.80,12.8000,true,1,3867810
7290107646383,false,סיף מטליות לחות לניקוי רצפות בניחוח לימו,עלבד משואות יצחק בעמ,IL,סיף מטליות לחות לניק,יח',1.00,יח',false,,9.90,9.9000,true,1,3293579
7290107646826,false,"חטיף שוגי שוקו תלמה 156 גרם מארז 6 יחידות בד""צ",יוניליוור ישראל מזון בעמ,IL,מאגדת חטיפי שוגי שוק,יח',1.00,יח',false,,12.80,12.8000,true,1,3867811
7290107646833,false,תלמה שוגי חטיף דגנים פצפוצי שוקולד שישי,יוניליוור ישראל מזון בעמ,IL,מאגדת חטיפי שוגי פצפ,יח',1.00,יח',false,,12.80,12.8000,true,1,3867812
7290107646895,false,קנור - רוטב פסטה נפוליטנה 415 גרם חתם סופר,קונסורזיו קאסאלאסקו דל פ,IT,קנור רוטב עגבניות לפ,גרמים,415.00,100 גרם,false,,9.90,0.0239,true,1,3670995
7290107646918,false,רוטב עגבניות ופלפלים לשקשוקה 415 ג' קנור,קונסורזיו קאסאלאסקו דל פ,IT,קנור רוטב עגבניות לש,מיליליטרים,415.00,"100 מ""ל",false,,9.90,0.0239,true,1,3670997
7290107646925,false,ברנפלקס אקסטרה פייבר 410 גרם,יוניליוור ישראל מזון בע\,IL,ברנפלקס אקסטרה פייבר,גרמים,410.00,100 גרם,false,,19.90,0.0485,true,1,3612149
7290107647458,false,מיונז תלמה 500 גר כש,,,"מיונז 500 ג כשל""פ*-ב",גרמים,500.00,100 גרם,false,,8.90,0.0178,true,1,3867820
7290107647731,false,קוקומן חום לבן בטעם שוקולד ווניל,יוניליוור ישראל מזון בעמ,IL,קוקומן חום לבן 20%פח,גרמים,375.00,100 גרם,false,,19.90,0.0531,true,1,3675768
7290107647816,false,"דגני ברנפלקס ללא תוספת סוכר 500 גרם בד""צ",יוניליוור ישראל מזון בעמ,IL,ברנפלקס ללא תוספת סו,גרמים,500.00,100 גרם,false,,19.90,0.0398,true,1,3867822
7290107647854,false,"שוגי מופחת סוכר תלמה 500 ג' בד""צ",יוניליוור ישראל מזון בעמ,IL,שוגי 500 גרם מופחת ס,גרמים,500.00,100 גרם,false,,18.90,0.0378,true,1,3675774
7290107648974,false,קנור רוטב לפסטה עגבניות עם בזיליקום,קונסורזיו קאסאלאסקו דל פ,IL,קנור רוטב לפסטה עגבנ,גרמים,415.00,100 גרם,false,,9.90,0.0239,true,1,3867835
7290107649100,false,בייגלה טבעות שומשום 300 גרם.,בייגל את בייגל מזון 198),IL,בייגלה טבעות שומשום,גרמים,300.00,100 גרם,false,,8.90,0.0297,true,1,3867844
7290107649605,false,קליק אקסטרא לארג שוקולד חלב עם פתיתי תירס ודגנים,יוניליוור ישראל מזון בעמ,IL,קליק טבלת שוקולד קור,יח',1.00,יח',false,,4.90,4.9000,true,1,3867847
7290107649728,false,גלידה פרווה שוקולד ופרורי עוגיות שטראוס,"גלידת שטראוס בע""\מ, רחוב",IL,גלידה פרווה שוקולד ו,ליטרים,2.00,ליטר,false,,19.80,9.9000,true,1,3869142
7290107649735,false,"גלידה בטעמי תות דשה, לימון, בננה, משמש, פטל","גלידת שטראוס בע""\מ, רחוב",IL,גלידה 5 טעמים שטראוס,ליטרים,2.00,ליטר,false,,19.80,9.9000,true,1,3869143
7290107694827,false,טישרט גבר לבן וי,,,טישרט גבר לבן וי,יח',1.00,יח',false,,18.00,18.0000,true,1,1321185
7290107874502,false,ביסלי גריל קדמ. מארז אחיד 10 4*55 גרם,מיוצר עי קונדיטוריית,IL,ביסלי גריל 4*55גרם,גרמים,220.00,100 גרם,false,,12.50,0.0568,true,1,1668573
7290107874526,false,חטיף במבה בומבה 60 ג,"אסם השקעות בע""\מ",IL,במבה בומבה 60 גרם,גרמים,60.00,100 גרם,false,,0.00,0.0000,true,1,1330179
7290107875400,false,גלידה לה קרמריה פיסטוק מוקה 1.4 ל' נסטלה,גלידות נסטלה )נגה גלידות,IL,לה קרמרייה פיסטוק מו,ליטרים,1.40,ליטר,false,,17.70,12.6429,true,1,1324510
7290107875820,false,קרוטונים אפויים בתיבול ביתי אוסם 180 ג',עינת תעשיות מזון,IL,קרוטונים אפויים בתיב,גרמים,180.00,100 גרם,false,,10.90,0.0606,true,1,1330193
7290107877619,false,מארז במבה במילוי קרם נוגט 5*30ג' אסם,"אסם השקעות בע""\מ",IL,במבה במילוי קרם נוגט,גרמים,150.00,100 גרם,false,,13.90,0.0927,true,1,1330219
7290107908450,false,סנדוויץ בוקס גבינה/נ,,,קופסא מעוצבת,יח',1.00,יח',false,,6.90,6.9000,true,1,3893988
7290107909006,false,סיר מקושט 2 ל אותנטי,,,סיר מקושט 2 ל אותנטי,יח',1.00,יח',false,,9.90,9.9000,true,1,3893991
7290107930321,false,קונפיטורת יד מרדכי דובדובן 340 גרם,"בית אל מזון בע""מ",IL,קונפיטורה דובדבן 340,גרמים,340.00,100 גרם,false,,10.90,0.0321,true,1,1328345
7290107931465,false,אנרגי פריכיות תחתית שוקולד לבן 80 גרם,"שטראוס גרופ בע""\מ",IL,פריכיות אנרגי מצופה,גרמים,70.00,100 גרם,false,,7.50,0.1071,true,1,1328348
7290107932080,false,חלב מועשר יוטבתה בבקבוק 3% 1 ליטר,מחלבת יטבתה,IL,חלב בבקבוק 3% מועשר,ליטרים,1.00,ליטר,false,,7.20,7.2000,true,1,1342235
7290107932134,false,חלב מועשר יוטבתה בבקבוק 1% 1 ליטר,מחלבת יטבתה,IL,חלב בבקבוק 1% מועשר,ליטרים,1.00,ליטר,false,,7.30,7.3000,true,1,1342237
7290107933155,false,לקט סלנובה שטראוס 200 גרם,שטראוס בריאות ירקות טריי,IL,לקט סלנובה 200 ג,גרמים,200.00,100 גרם,false,,11.90,0.0595,true,1,1319584
7290107933315,false,יטבתה חלב בבקבוק דל לקטוז 2% 1ל,מחלבת יטבתה,IL,חלב בבקבוק דל לקטוז,ליטרים,1.00,ליטר,false,,6.80,6.8000,true,1,1342239
7290107933643,false,"משקה יטבתה חלב ודגנים ובננה 250מ""ל",מחלבת יטבתה,IL,משקה חלב עם דגנים מל,גרמים,250.00,100 גרם,false,,4.60,0.0184,true,1,1446255
7290107933650,false,ארוחה קטנה בבקבוק תות250,מחלבת יטבתה,IL,ארוחה קטנה בבקבוק תו,גרמים,250.00,100 גרם,false,,4.60,0.0184,true,1,1446256
7290107934473,false,שמינייה יוגורט לבן אקטיביה 1.5% דנונה 150 גרם,"שטראוס גרופ בע""\מ",IL,יוגורט אקטיביה לבן 1,ליטרים,1.20,ליטר,false,,19.90,16.5833,true,1,1342241
7290107935999,false,עד חצות חלב קרמל 190 גרם,"שטראוס גרופ בע""\מ",IL,עד חצות חלב קרמל כשל,גרמים,190.00,100 גרם,false,,11.90,0.0626,true,1,1328356
7290107936309,false,דנונה יוגורט 7% יווני לבן 130 ג',"שטראוס בריאות בע""מ",IL,דנונה יווני לבן 130,גרמים,130.00,100 גרם,false,,3.20,0.0246,true,1,2353936
7290107936460,false,מארז 8 יח' דנכול משקה יוגורט בטעם מעודן,מיוצר עי קונדיטוריית,IL,דנכול בטעם מעודן שמי,גרמים,800.00,100 גרם,false,,28.90,0.0361,true,1,1442980
7290107936965,false,עיגולים עד חצות עם שוקולד חלב 225 גר,ביסקווטרי עוגיות סנט,FR,עד חצות עיגולים 225,גרמים,225.00,100 גרם,false,,11.90,0.0529,true,1,3763583
7290107937542,false,משקה יוגורט אקטיביה עם תות 1.2% שומן,מיוצר עי קונדיטוריית,IL,משקה אקטיביה תות 1.2,מיליליטרים,265.00,"100 מ""ל",false,,4.90,0.0185,true,1,1691696
7290107937627,false,מסטיק מאסט Must קוביות ללא סוכר בטעם מנטה עדינה,אסקום קונפקשיין,DE,יח',גרמים,58.00,100 גרם,false,,9.90,0.1707,true,1,2307983
7290107937634,false,צנצנית מסטיק מאסט קוביות פפירמינט 58 ג' עלית,אסקום קונפקשיין,DE,יח',גרמים,58.00,100 גרם,false,,9.90,0.1707,true,1,2307984
7290107937856,false,קפסולות 11חזק למכונות נספרסו עלית 10יח',הנסיך- מפעל לייצור ט,IL,קפסולות למכונה עלית,יח',1.00,יח',false,,15.90,15.9000,true,1,2161706
7290107938396,false,שמיניית אקטימל תות דיסני בנים 108 גרם,מיוצר עי קונדיטוריית,IL,אקטימל שמינייה תות,גרמים,864.00,100 גרם,false,,19.90,0.0230,true,1,1847822
7290107939003,false,"עד חצות לבן אגוזים כשל""פ","שטראוס גרופ בע""\מ",IL,עד חצות לבן אגוזים כ,גרמים,190.00,100 גרם,false,,11.90,0.0626,true,1,2550564
7290107939027,false,גזר דק דק שטראוס 250 גרם,שטראוס בריאות ירקות טריי,IL,גזר דק דק 250 גרם שט,גרמים,250.00,100 גרם,false,,5.90,0.0236,true,1,2353980
7290107940467,false,אקטיביה יוגורט 1.5% שומן 200 ג' דנונה,מיוצר עי קונדיטוריית,IL,אקטיביה 200גר 1.5%,גרמים,200.00,100 גרם,false,,3.70,0.0185,true,1,1847825
7290107942232,false,מעדן ספלנדיד שוק.חלב130ג,מיוצר עי קונדיטוריית,IL,מעדן ספלנדיד שוקלדחל,גרמים,130.00,100 גרם,false,,3.20,0.0246,true,1,2353894
7290107942355,false,תפוציפס מקלות בטעם טבעי 60 גרם,"שטראוס פריטו ליי בע""",IL,תפוצ'יפס מקלות בטעם,גרמים,60.00,100 גרם,false,,3.90,0.0650,true,1,2486494
7290107942447,false,ממרח פסק זמן מגדים 350גר,"שטראוס גרופ בע""\מ",IL,ממרח פסק זמן מגדים 3,גרמים,350.00,100 גרם,false,,11.90,0.0340,true,1,3130150
7290107942454,false,ממרח פסק זמן מגדים700ג,"שטראוס גרופ בע""\מ",IL,ממרח פסק זמן מגדים 7,גרמים,700.00,100 גרם,false,,19.90,0.0284,true,1,3130151
7290107943192,false,"שמנת חמוצה מהערבה 27% שומן 200 מ""ל יטבתה",מחלבת יטבתה,IL,שמנת חמוצה מהערבה 27,מיליליטרים,200.00,"100 מ""ל",false,,3.90,0.0195,true,1,3731259
7290107943369,false,קוואקר שיבולת שועל ללא גלוטן 511 גרם,היידי שוקולד בירונטי,US,קוואקר שיבולת שועל ל,גרמים,511.00,100 גרם,false,,17.90,0.0350,true,1,3480216
7290107944236,false,רולדה קפה נמס ווסטהי,Unknown,,רולדה קפה נמס ווסטהי,גרמים,350.00,100 גרם,false,,14.90,0.0426,true,1,3130152
7290107944366,false,גלילי וופל רבע לשבע,"הגביע מוצרי וופלים בע""\מ",IL,רבע לשבע לבן בדצ,גרמים,120.00,100 גרם,false,,10.00,0.0833,true,1,2812731
7290107944472,false,סימפוניה גבינה במרקם שמנת 5% שום שמיר,"שטראוס בריאות בע""\מ",IL,סימפוניה שום שמיר 5%,גרמים,200.00,100 גרם,false,,10.40,0.0520,true,1,2416892
7290107944717,false,שקית מיני טורטית עלי,"שטראוס גרופ בע""\מ",IL,שקית מיני טורטית עלי,גרמים,23.00,100 גרם,false,,19.90,0.8652,true,1,3263516
7290107945165,false,קונפיטורת משמש יד מרדכי 340 גרם,אף.סי תבליני בגליל ב,IL,קונפיטורת משמש 340 ג,גרמים,340.00,100 גרם,false,,10.90,0.0321,true,1,2812733
7290107947473,false,אנרגי תחתית פסק זמן24*6ג,"שטראוס גרופ בע""\מ",IL,אנרג'י מאגדת תחתית פ,גרמים,198.00,100 גרם,false,,11.90,0.0601,true,1,3867332
7290107947480,false,אנרגי חטיפי דגנים מצופה אגוזים ושוקולד 6,"שטראוס גרופ בע""\מ",IL,אנרג'י מאגדת מצופה ש,גרמים,168.00,100 גרם,false,,11.90,0.0708,true,1,3867333
7290107947763,false,עדשים מיני לקישוט 130גרם,"שטראוס גרופ בע""\מ",IL,עדשים מיני לאפייה וק,גרמים,130.00,100 גרם,false,,9.90,0.0762,true,1,3867335
7290107947992,false,שוקולד פרה אקסטרא חל,"שטראוס גרופ בע""\מ",IL,שוקולד פרה אקסטרא חל,גרמים,100.00,100 גרם,false,,4.90,0.0490,true,1,3867337
7290107950183,false,מעדן דיאט בטעם וניל 130ג,"שטראוס בריאות בע""מ",IL,מעדן בטעם וניל דיאט,גרמים,130.00,100 גרם,false,,3.20,0.0246,true,1,2353897
7290107950190,false,מעדן חלב דל קלוריות בטעם שוקולד מריר 0.5% שומן,מיוצר עי קונדיטוריית,IL,מעדן שטראוס דיאט שוק,גרמים,130.00,100 גרם,false,,3.20,0.0246,true,1,2353918
7290107950206,false,מעדן חלב דל קלוריות בטעם שוקולד 0% שומן,מיוצר עי קונדיטוריית,IL,מעדן שטראוס דיאט שוק,גרמים,130.00,100 גרם,false,,3.20,0.0246,true,1,2353919
7290107951104,false,בפלות ופלים ארוכים בטעם שוקולד,"שטראוס גרופ בע""\מ",IL,בפלות שוקולד 200 גר,גרמים,200.00,100 גרם,false,,3.90,0.0195,true,1,2416969
7290107951586,false,"מיקס חטיפ.מתוק.כשל""פ390ג","שטראוס גרופ בע""\מ",IL,מיקס חטיפי עילית מעו,גרמים,390.00,100 גרם,false,,19.90,0.0510,true,1,2550570
7290107951623,false,שוקולד פרה בלונדי קרמל ומלח,"שטראוס גרופ בע""\מ",IL,שוקולד בלונדי קרמל ו,גרמים,100.00,100 גרם,false,,7.50,0.0750,true,1,3595228
7290107951630,false,שוקולד פרה בלונדי קוקוס קלוי,"שטראוס גרופ בע""\מ",IL,שוקולד בלונדי שבבי ק,גרמים,100.00,100 גרם,false,,7.50,0.0750,true,1,3595229
7290107953559,false,"מארז קפה טורקי עלית לדרך כשל""פ 168 גרם",הנסיך- מפעל לייצור ט,IL,מארז קפה טורקי לדרך,גרמים,168.00,100 גרם,false,,16.90,0.1006,true,1,2550592
7290107954457,false,בראוניז פסק זמן 380 גרם,"שטראוס גרופ בע""\מ",IL,בראוניז פסק זמן בדצ,גרמים,380.00,100 גרם,false,,14.90,0.0392,true,1,3323699
7290107954709,false,"קונפיטורת פירות יער ""יד מרדכי"" 340 גר'","ב.א. מזון בע""\מ",IL,קונפיטורת פירות יער,גרמים,340.00,100 גרם,false,,11.90,0.0350,true,1,3263535
7290107955768,false,"שוקולד פרה חלב ללת""ס100ג","שטראוס גרופ בע""\מ.",IL,"שוקולד פרה בדצ לל""ס",גרמים,100.00,100 גרם,false,,7.80,0.0780,true,1,3867350
7290107955782,false,"שוקולד פרה מריר ללת""ס100","שטראוס גרופ בע""\מ.",IL,שוקולד פרה מריר בדצ,גרמים,100.00,100 גרם,false,,6.90,0.0690,true,1,3867352
7290107956895,false,קפסולות 07 אספרסו בטעם קרמל עלית 10יח',שטראוס קפה בי.וי.,IL,קפסולות אספרסו טעם ק,100 יח',1.00,100 יח',false,,15.90,15.9000,true,1,3867357
7290107956901,false,קפסולות בטעם אגוזים למכונת נספרסו עלית 10 יחידות,שטראוס קפה בי.וי.,IL,קפסולות אספרסו בטעם,יח',1.00,יח',false,,15.90,15.9000,true,1,3830874
7290107956925,false,קפסולות 13 אוגנדה למכונת נספרסו עלית 10יח',שטראוס קפה בי.וי.,IL,קפסולות אוגנדה 13 50,יח',1.00,יח',false,,15.90,15.9000,true,1,3867358
7290107956932,false,קפסולות אספרסו אידונזיה למכונות 50 גר,שטראוס קפה בי.וי.,IL,קפסולות קפה אינדונזי,יח',1.00,יח',false,,15.90,15.9000,true,1,3763584
7290107958035,false,יוגורט במתיקות מעודנת 2% ללא תוספת סוכר- מארז 8 יח,"שטראוס בריאות בע""\מ",IL,מארז 8 דנונה מעודנת,קילוגרמים,1.20,"ק""ג",false,,17.90,14.9167,true,1,3869353
7290107958639,false,"מטבוחה מרוקאית חריפה 400 גרם ""אחלה""",מיוצר עי קונדיטוריית,IL,מטבוחה מרוקאית חריפה,גרמים,400.00,100 גרם,false,,14.90,0.0373,true,1,3869359
7290107958653,false,חומוס אחלה 9% שומן 4,"שטראוס גרופ בע""\מ",IL,חומוס אחלה 9% שומן 4,גרמים,400.00,100 גרם,false,,8.80,0.0220,true,1,3840529
7290107971522,false,חטיף בוטנים ושקדים עם שוקולד מריר ופיסטוק,אמקו סאם מילס ספול.,CZ,פרי חטיף בוטנים שקדי,גרמים,140.00,100 גרם,false,,15.90,0.1136,true,1,1636024
7290107971744,false,"קולגייט - מי פה טוטל ירוק ספרמינט 500 מ""ל",יבואן ומשווק: ש. שסט,PL,קולגייט מי פה טוטל י,מיליליטרים,500.00,"100 מ""ל",false,,24.90,0.0498,true,1,1543534
7290107971751,false,מי פה קולגייט טוטל ללא אלכוהול פפרמינט,יבואן ומשווק: ש. שסט,PL,קולגייט מי פה טוטל כ,מיליליטרים,500.00,"100 מ""ל",false,,19.90,0.0398,true,1,1543535
7290107973038,false,"סבון ידיים משאבה פלמוליב אקווריום 300 מ""ל",הנסיך- מפעל לייצור ט,IT,פלמוליב סבון ידיים 3,מיליליטרים,300.00,"100 מ""ל",false,,10.90,0.0363,true,1,1827484
7290107973311,false,קולגייט מברשת שיניים 360 פחם זהב זוג,הנסיך- מפעל לייצור ט,CN,קולגייט מברשת 360 פח,יח',1.00,יח',false,,24.90,24.9000,true,1,1543536
7290107973809,false,שימורי עגבניות קוביות 400 ג' מאסטר שף,פראנו אריקו ופיגלי ס.פ.א,IT,מאסטר שף עגבניות קוב,גרמים,400.00,100 גרם,false,,5.90,0.0148,true,1,1963311
7290107973861,false,מאסטר שף עגבניות קצוצות דק שלישיה 400ג*3 כשלפ,קונסרזיו קאסאלאסקו ד,IT,מנה עגבניות קצוצות ד,קילוגרמים,1.20,"ק""ג",false,,15.90,13.2500,true,1,1963333
7290107974073,false,מנה עלי טורטיה קמח לבן מ.שף 20 סמ 320 גר,אלקאטי קורביישיסי גי,ES,מאסטר שף עלי טורטיה,מיליליטרים,320.00,"100 מ""ל",false,,7.90,0.0247,true,1,1636046
7290107974080,false,מנה עלי טורטיה קמח לבן מ.שף 25 סמ 840 גר,הדקלאים אגודת שיתופי,TR,מאסטר שף עלי טורטיה,גרמים,744.00,100 גרם,false,,15.90,0.0214,true,1,1636047
7290107974301,false,ליידי ספיד סטיק - דאודורנט ג'ל לאישה אלוורה 45 גרם,ליידי ספיד סטיק Lady Speed Stick,US,ליידי ספיד סטיק אלוו,גרמים,65.00,100 גרם,false,,14.90,0.2292,true,1,3121141
7290107974646,false,מרידול נשימה רעננה שטיפת פה 400 מל,הנסיך- מפעל לייצור ט,PL,מרידול מי פה נשימה ר,מיליליטרים,400.00,"100 מ""ל",false,,32.90,0.0822,true,1,2161697
7290107974806,false,"מאסטר שף - אורז בסמטי 1 ק""ג",דווה סינג שיהם סינג,IN,מאסטר שף אורז בסמטי,גרמים,1000.00,100 גרם,false,,9.90,0.0099,true,1,2608367
7290107974820,false,ממרח בטעם ספייסי מיונז מאסטר שף 250 גרם,רמיה סי.וי.הולנד,NL,מאסטר שף מיונז מתובל,גרמים,252.00,100 גרם,false,,7.90,0.0313,true,1,2308074
7290107975278,false,דאודורנט סטיק עם הגנת אלוורה Aloe Protection,ליידי ספיד סטיק Lady Speed Stick,US,ליידי ספיד סטיק אלוו,גרמים,45.00,100 גרם,false,,16.90,0.3756,true,1,3121142
7290107975285,false,דאו לנערות תות מתוק ליידי ספיד סטיק 65 ג,ליידי ספיד סטיק Lady Speed Stick,US,ליידי ספיד סטיק נערו,גרמים,65.00,100 גרם,false,,16.90,0.2600,true,1,3607116
7290107975292,false,ליידי ספיד סטיק - דאודורנט סטיק נערות ורוד 65 גרם,ליידי ספיד סטיק Lady Speed Stick,US,ליידי ספיד סטיק נערו,גרמים,65.00,100 גרם,false,,16.90,0.2600,true,1,3607117
7290107975346,false,ספיד סטיק - דאודורנט ג'ל לגבר כוח הטבע 85 גרם,קולגייט-פלמוליב,US,ספיד סטיק כוח הטבע א,גרמים,85.00,100 גרם,false,,15.90,0.1871,true,1,3247138
7290107975360,false,ליידי ספיד סטיק פיור פרשנס ג'ל נשים 65ג',ליידי ספיד סטיק Lady Speed Stick,US,ליידי ספיד סטיק פיור,גרמים,65.00,100 גרם,false,,14.90,0.2292,true,1,3247140
7290107975544,false,"קולגייט משחת שיניים סמיילס ברבי לגילאי 6 50מ""ל",קולגייט- פלמוליב,PL,קולגייט סמיילס ברבי,מיליליטרים,50.00,"100 מ""ל",false,,11.90,0.2380,true,1,3216835
7290107976916,false,"סבון ידיים משאבה פלמוליב זיתים 300 מ""ל",פלמוליב Palmolive,IT,פלמוליב סבון ידיים 3,מיליליטרים,300.00,"100 מ""ל",false,,10.90,0.0363,true,1,3449287
7290107977456,false,"פלמוליב - ג'ל רחצה ושמפו ספורט לגבר 750 מ""ל",קולגייט פלמוליב,TR,פלמוליב לגבר ג'ל רחצ,מיליליטרים,750.00,"100 מ""ל",false,,19.90,0.0265,true,1,3878867
7290107977753,false,"משחת שיניים פרודונט אקספרס 75 מ""ל ""מרידול""",קולגייט פלמוליב,PL,מרידול שיניים פרודונ,גרמים,75.00,100 גרם,false,,24.90,0.3320,true,1,3811218
7290107978101,false,מש.שיניים קולגייט א.וויט אקסטרה פאוור 75,קולגייט-פלמוליב,PL,קולגייט אופטיק וויטן,מטרים,75.00,100 מ'ל,false,,29.90,0.3987,true,1,3867194
7290107978132,false,קולגייט מברשת זיגזג שישייה,קולגייט פלמוליב,PL,קולגייט מברשת זיגזג,יח',1.00,יח',false,,17.90,17.9000,true,1,3867195
7290107978323,false,מאסטר שף איטריות דקיקות 400 גר,הדקלאים אגודת שיתופי,PL,מאסטר שף איטריות דקי,גרמים,400.00,100 גרם,false,,3.90,0.0097,true,1,3247141
7290107978637,false,"מרידול משחת שיניים 75 מ""ל כשל""פ-מרכז",קולגייט פלמוליב,PL,מרידול משחת שיניים 7,מטרים,75.00,100 מ'ל,false,,19.90,0.2653,true,1,2966872
7290108079357,false,מארז בלונים על מקל לניפוח עצמי HAPPY BIRTHDAY - כסף,,CN,סט בלונים 14,יח',1.00,יח',false,,29.90,29.9000,true,1,3879597
7290108201284,false,איירוויק מקלות ריחניים בניחוח לבנדר מתוק,איירוויק Air Wick,HU,אירוויק מקלות לבנדר,יח',1.00,יח',false,,14.80,14.8000,true,1,2608407
7290108201437,false,"אבקת כביסה קולון 101 2.5 ק""ג",רקיט בנקיזר,IL,אבקת קולון 101 2.5 ק,קילוגרמים,2.50,"ק""ג",false,,19.90,7.9600,true,1,2841254
7290108201802,false,"ספריי דטול לחיטוי בניחוח כביסה 400 מ""ל",רקיט בנקיזר,US,דטול ספריי חיטוי 400,מיליליטרים,400.00,"100 מ""ל",false,,14.90,0.0373,true,1,3869955
7290108201864,false,קולון קפסולות גל לכביסה 28 יחידות,רקיט בנקיזר,IT,קולון קפסולות לכביסה,יח',1.00,יח',false,,19.90,19.9000,true,1,3869956
7290108201871,false,קולון קפסולות גל לכביסה 42 יחידות,רקיט בנקיזר,PL,קולון קפסולות לכביסה,יח',1.00,יח',false,,34.80,34.8000,true,1,3869957
7290108270006,false,לפתניה קרם (25 יח') רמי לוי,חגיגית,,לפתניה קרם 25 רמי לו,יח',25.00,יח',false,,4.90,0.1960,true,1,1354949
7290108270013,false,לפתניה זהב 25 יחידות,חגיגית,,לפתניה זהב 25 יחידות,יח',25.00,יח',false,,4.90,0.1960,true,1,1354950
7290108270020,false,לפתניה כסף 25 יחידות,חגיגית,,לפתניה כסף 25 יחידות,יח',25.00,יח',false,,4.90,0.1960,true,1,1354951
7290108270136,false,קערית אובלי קטן זהב 25 יחידות,חגיגית,,קערית אובלי קטן זהב,יח',1.00,יח',false,,5.50,5.5000,true,1,1354962
7290108270143,false,קערית אובלי קטן כסף 25 יחידות,חגיגית,,קערית אובלי קטן כסף,יח',1.00,יח',false,,5.50,5.5000,true,1,1354963
7290108270433,false,כוסות שתיה קרה רמי לוי 150 יח,חגיגית,,כוסות שתיה קרה רמי ל,יח',1.00,יח',false,,18.90,18.9000,true,1,1354992
7290108270440,false,כוס עיטור זהב 40 יחי,חגיגית,,כוס עיטור זהב 40 יחי,יח',40.00,יח',false,,12.90,0.3225,true,1,1354993
7290108270570,false,כפית מהודרת זהב 50 י,חגיגית,,כפית מהודרת זהב 50 י,יח',50.00,יח',false,,6.90,0.1380,true,1,1355006
7290108270587,false,מזלג מהודר זהב 50 יח,חגיגית,,מזלג מהודר זהב 50 יח,יח',50.00,יח',false,,8.90,0.1780,true,1,1355007
7290108270594,false,כף מהודרת זהב 50 יחי,חגיגית,,כף מהודרת זהב 50 יחי,יח',50.00,יח',false,,8.90,0.1780,true,1,1355008
7290108270693,false,קערה מרובעת גדולה [חגיגית],חגיגית,,קערה מרובעת גדולה,יח',1.00,יח',false,,9.90,9.9000,true,1,1355018
7290108271164,false,מגשית אלומיניום קטנה עם מכסה R29 (5 יח'),ב.ה. דבליו,,מגשיות אלומיניום קטנ,5 יח',1.00,5 יח',false,,5.90,5.9000,true,1,1355065
7290108271171,false,מגשית אלומיניום גדול עם מכסה R2 (3 יח'),חגיגית,,מגשיות אלומיניום קטנ,3 יח',1.00,3 יח',false,,6.90,6.9000,true,1,1355066
7290108271331,false,נייר אפייה 50 יחידות,חגיגית,,נייר אפייה 50 יחידות,יח',50.00,יח',false,,8.90,0.1780,true,1,1355081
7290108271416,false,שקיות אשפה 52/65 עם שרוך רמי לוי,רמי לוי,,שקיות אשפה 52/65 עם,יח',60.00,יח',false,,16.90,0.2817,true,1,1355088
7290108271423,false,שקיות אשפה 52/65 עם שרוך רמי לוי 100 יח,רמי לוי,,שקיות אשפה 52/65 עם,יח',100.00,יח',false,,25.90,0.2590,true,1,1355089
7290108271430,false,שקיות אשפה עם שרוך 2*10 רמי לוי,רמי לוי,,שקיות אשפה עם שרוך 2,יח',20.00,יח',false,,13.90,0.6950,true,1,1355090
7290108271447,false,שקית אשפה 90*75 גליל רמי לוי,רמי לוי,,שקית אשפה 90*75 גליל,יח',50.00,יח',false,,9.90,0.1980,true,1,1355091
7290108271454,false,שקיות מזון בקופסא רמי לוי 300 יח,רמי לוי,,שקיות מזון בקופסא רמ,יח',300.00,יח',false,,9.50,0.0317,true,1,1355092
7290108271461,false,שקיות רב שימושיות (הקפאה) 200 יחידות,רמי לוי,,שקיות רב שימושיות (ה,יח',200.00,יח',false,,7.90,0.0395,true,1,1355093
7290108271485,false,שקיות גופייה 75/90 רמי לוי 25 יח,איכותית,IL,שקיות גופייה 75/90 ר,יח',25.00,יח',false,,13.90,0.5560,true,1,1355095
7290108271492,false,נייר אפייה רמי לוי 37*42,רמי לוי,,נייר אפייה רמי לוי 3,יח',50.00,יח',false,,7.90,0.1580,true,1,1355096
7290108271577,false,כוסות עם מכסה רמי לוי 30 יח,רמי לוי,,כוסות עם מכסה רמי לו,יח',30.00,יח',false,,15.90,0.5300,true,1,1355099
7290108271607,false,"רדיד אלומיניום זוגות רמי לוי 30 ס""מ",רמי לוי,,רדיד אלומיניום זוגות,אורך,7.50,אורך,false,,9.90,1.3200,true,1,1355100
7290108271614,false,"רדיד אלומיניום זוגות רמי לוי 45 ס""מ",רמי לוי,,רדיד אלומיניום זוגות,2 יח',7.50,2 יח',false,,12.90,1.7200,true,1,1355101
7290108271621,false,רדיד אלומיניום רמי לוי 60 מ',רמי לוי,,רדיד אלומיניום רמי ל,אורך,60.00,אורך,false,,22.90,0.3817,true,1,1355102
7290108271652,false,צמרוני עץ רמי לוי 100 יח,רמי לוי,,צמרוני עץ רמי לוי 10,יח',100.00,יח',false,,1.30,0.0130,true,1,1355103
7290108271669,false,צמרוני עץ רמי לוי 300 יח,רמי לוי,,צמרוני עץ רמי לוי 30,יח',300.00,יח',false,,3.50,0.0117,true,1,1355104
7290108271676,false,צמרוני עץ רמי לוי 400 יח,רמי לוי,,צמרוני עץ רמי לוי 40,יח',400.00,יח',false,,4.50,0.0113,true,1,1355105
7290108271683,false,צמרוני פלסטיק מרובע רמי לוי 200 יח,רמי לוי,,צמרוני פלסטיק מרובע,יח',200.00,יח',false,,3.90,0.0195,true,1,1355106
7290108271690,false,צמרוני פלסטיק רמי לוי 300 עגול,רמי לוי,,צמרוני פלסטיק רמי לו,יח',300.00,יח',false,,4.50,0.0150,true,1,1355107
7290108271706,false,צמרוני תינוקות רמי לוי 55 יח,רמי לוי,,צמרוני תינוקות רמי ל,יח',55.00,יח',false,,4.90,0.0891,true,1,1355108
7290108271812,false,קופסאות אחסון 2 ליטר,חגיגית,,קופסאת אחסון 2 ליטר,ליטרים,2.00,ליטר,false,,8.90,4.4500,true,1,1355115
7290108271829,false,קופסאות אחסון 1 ליטר,חגיגית,,קופסאות אחסון 1 ליטר,5 יח',1.00,5 יח',false,,8.90,8.9000,true,1,1355116
7290108271911,false,מפות 1/6 עבה במיוחד,חגיגית,,מפות 1/6 עבה במיוחד,יח',25.00,יח',false,,9.90,0.3960,true,1,1355125
7290108271928,false,חגיגית - מפה ניילון עבה 8 יח',חגיגית,,מפות 1/8 עבה במיוחד,8 יח',1.00,8 יח',false,,9.90,9.9000,true,1,1355126
7290108271942,false,גליל ניילון עבה וחזק במיוחד רמי לוי 45 מטר,רמי לוי,,גליל ניילון עבה וחזק,אורך,45.00,אורך,false,,29.90,0.6644,true,1,1355128
7290108271959,false,גליל ניילון שולחן עבה 45 מ',חגיגית,,גליל ניילון שולחן עב,אורך,45.00,אורך,false,,19.90,0.4422,true,1,1355129
7290108271966,false,גליל ניילון רמי לוי 100 מטר,רמי לוי,,גליל ניילון רמי לוי,אורך,100.00,אורך,false,,29.90,0.2990,true,1,1355130
7290108271980,false,כוסיות חד פעמי קטנים 50 יחידות,חגיגית,,כוסיות חד פעמי קטנים,יח',50.00,יח',false,,4.90,0.0980,true,1,1355132
7290108272000,false,כוסות שתיה קרה 100 יחידות,חגיגית,,כוסות שתיה קרה 100 י,יח',100.00,יח',false,,6.80,0.0680,true,1,1355134
7290108272079,false,מגבונים לניקוי כללי 400 יח דלי,רמי לוי,,מגבונים לניקוי כללי,יח',400.00,יח',false,,18.90,0.0472,true,1,1355140
7290108272130,false,נייר סנדויץ 25*35 רמי לוי 100 יח,רמי לוי,,נייר סנדויץ 25*35 רמ,יח',100.00,יח',false,,7.90,0.0790,true,1,1355144
7290108272147,false,לפתניה לבן 25 יחידות,חגיגית,,לפתניה לבן 25 יחידות,יח',25.00,יח',false,,3.90,0.1560,true,1,1355145
7290108272154,false,מרקיות רמי לוי 25 יח,רמי לוי,,מרקיות רמי לוי 25 יח,יח',25.00,יח',false,,6.90,0.2760,true,1,1355146
7290108272161,false,קערית אובלית קטן רמי לוי 25 יח,רמי לוי,,קערית אובלית קטן רמי,יח',25.00,יח',false,,4.90,0.1960,true,1,1355147
7290108272185,false,צלחת בינוני רמי לוי 50 יח,רמי לוי,,צלחת בינוני רמי לוי,יח',50.00,יח',false,,11.90,0.2380,true,1,1355149
7290108272192,false,חגיגית - זוג מפות אלבד לבן,רמי לוי,,זוג מפות אלבד לבן חג,יח',2.00,יח',false,,8.90,4.4500,true,1,1355150
7290108272215,false,זוג מפות זהב חלק רמי לוי,רמי לוי,,זוג מפות זהב חלק רמי,יח',1.00,יח',false,,8.90,8.9000,true,1,1355152
7290108272321,false,מפות שולחן 240*135 (,ב.ה. דבליו,,מפות איכותיות,8 יח',1.00,8 יח',false,,6.90,6.9000,true,1,1355163
7290108272338,false,מפות עבות ואיכותיות 10 יחידות,ב.ה. דבליו,,מפות עבות ואיכותיות,יח',10.00,יח',false,,9.90,0.9900,true,1,1355164
7290108272376,false,צלחות אובליות קרם רמי לוי 25 יח,חגיגית,,צלחות אובליות קרם רמ,יח',1.00,יח',false,,5.50,5.5000,true,1,1355167
7290108272420,false,מרקיה זהוב רמי לוי 25 יח,,,מרקיה זהוב רמי לוי 2,יח',25.00,יח',false,,7.50,0.3000,true,1,1355172
7290108272437,false,מרקיה כסף רמי לוי 25 יח,,,מרקיה כסף רמי לוי 25,יח',25.00,יח',false,,7.50,0.3000,true,1,1355173
7290108272451,false,מרקיה קרם רמי לוי 25 יח,,,מרקיה קרם רמי לוי 25,יח',25.00,יח',false,,7.50,0.3000,true,1,1355174
7290108272468,false,מנגטים צבעוניים מס 1,,,מנגטים צבעוניים מס 1,יח',1.00,יח',false,,3.50,3.5000,true,1,1532236
7290108272475,false,מנגטים צבעונים מס 2,,,מנגטים צבעונים מס 2,יח',1.00,יח',false,,3.50,3.5000,true,1,1532237
7290108272482,false,מנגטים צבעונים מס 3,,,מנגטים צבעונים מס 3,יח',1.00,יח',false,,4.50,4.5000,true,1,1532238
7290108272499,false,מנגטים צבעונים 4,,,מנגטים צבעונים 4,יח',4.00,יח',false,,4.50,1.1250,true,1,1532239
7290108272550,false,שקיות אוכל מנייר 50 יחידות,,,שקיות אוכל מנייר 50,יח',1.00,יח',false,,6.90,6.9000,true,1,1698506
7290108272659,false,שקיות מזון רמי לוי 200 יח,,,שקיות מזון רמי לוי 2,200 יח',1.00,200 יח',false,,3.50,3.5000,true,1,1949983
7290108272666,false,שקיות הקפאה 35*25 רמי לוי,,,שקיות הקפאה 35*25 רמ,100 יח',1.00,100 יח',false,,3.90,3.9000,true,1,1949984
7290108272673,false,שקיות קרח רמי לוי 12,,,שקיות קרח,יח',1.00,יח',false,,2.90,2.9000,true,1,2132553
7290108272703,false,נייר אפייה אקולוגי (40 יח') רמי לוי,,,נייר אפיה,יח',1.00,יח',false,,9.90,9.9000,true,1,2252262
7290108272819,false,מגשיות אלומניום קטנות,,,מגשיות אלומניום קטנו,יח',1.00,יח',false,,9.90,9.9000,true,1,2587142
7290108272895,false,"סבון ידיים 3*500 מ""ל רמי לוי",,,"סבון ידיים 3*500 מ""ל",ליטרים,1.50,ליטר,false,,11.50,7.6667,true,1,3688877
7290108272901,false,"סבון ידיים 3*500 מ""ל רמי לוי",,,"סבון ידיים 3*500 מ""ל",ליטרים,1.50,ליטר,false,,11.50,7.6667,true,1,3688878
7290108272918,false,"סבון ידיים 3*500 מ""ל רמי לוי",,,"סבון ידיים 3*500 מ""ל",ליטרים,1.50,ליטר,false,,11.50,7.6667,true,1,3688915
7290108272925,false,"סבון ידיים 3*500 מ""ל רמי לוי",,,"סבון ידיים 3*500 מ""ל",ליטרים,1.50,ליטר,false,,11.50,7.6667,true,1,3688916
7290108272956,false,מגש עגול מעוטר,,,מגש עגול מעוטר,יח',1.00,יח',false,,4.90,4.9000,true,1,3704422
7290108273083,false,צלחת קטנה איכותית קרם רמי לוי 25 יח,רמי לוי,,צלחת קטנה איכותית קר,יח',25.00,יח',false,,5.90,0.2360,true,1,1355175
7290108273090,false,צלחת קטנה איכותית זהב רמי לוי 25 יח,רמי לוי,,צלחת קטנה איכותית זה,יח',25.00,יח',false,,5.90,0.2360,true,1,1355176
7290108273106,false,צלחת קטנה איכותית כסף רמי לוי 25 יח,רמי לוי,,צלחת קטנה איכותית כס,יח',25.00,יח',false,,5.90,0.2360,true,1,1355177
7290108273168,false,צלחת בינונית איכותית קרם רמי לוי 25 יח,רמי לוי,,צלחת בינונית איכותית,יח',25.00,יח',false,,11.90,0.4760,true,1,1355179
7290108273175,false,צלחת בינונית איכותית זהב רמי לוי 25 יח,רמי לוי,,צלחת בינונית איכותית,יח',25.00,יח',false,,11.90,0.4760,true,1,1355180
7290108273205,false,צלחות גדולות איכותיו,רמי לוי,,צלחות גדולות איכותיו,יח',20.00,יח',false,,15.90,0.7950,true,1,1355183
7290108273212,false,צלחות גדולות איכותיו,רמי לוי,,צלחות גדולות איכותיו,יח',20.00,יח',false,,15.90,0.7950,true,1,1355184
7290108273229,false,צלחת גדולה איכותית ר,רמי לוי,,צלחת גדולה איכותית ר,יח',20.00,יח',false,,15.90,0.7950,true,1,1355185
7290108273410,false,ניילון נצמד זוגות 2*30 רמי לוי,רמי לוי,,ניילון נצמד זוגות 2*,אורך,30.00,אורך,false,,7.50,0.2500,true,1,1355196
7290108273427,false,ניילון נצמד 150 מטר + סכין עליון רמי לוי,רמי לוי,,ניילון נצמד 150 מטר,יח',1.00,יח',false,,15.90,15.9000,true,1,1355197
7290108273434,false,שקיות צלייה 28/35 רמי לוי 10 יח,רמי לוי,,שקיות צלייה 28/35 רמ,יח',10.00,יח',false,,2.90,0.2900,true,1,1355198
7290108273441,false,שקיות צליה 35/50 רמי לוי 5 יח,רמי לוי,,שקיות צליה 35/50 רמי,יח',5.00,יח',false,,2.90,0.5800,true,1,1355199
7290108273595,false,קשים רמי לוי 40 יח,רמי לוי,,קשים רמי לוי 40 יח,יח',40.00,יח',false,,1.90,0.0475,true,1,1355208
7290108273601,false,קשים צבעוניים רמי לוי 225 יח,רמי לוי,,קשים צבעוניים רמי לו,יח',225.00,יח',false,,9.90,0.0440,true,1,1355209
7290108273618,false,קיסמי שניים מארז מלחייה רמי לוי,רמי לוי,,קיסמי שניים מארז מלח,יח',1.00,יח',false,,1.80,1.8000,true,1,1355210
7290108273625,false,קיסמי שיניים מרובע רמי לוי 500 יח,רמי לוי,,קיסמי שיניים מרובע ר,יח',500.00,יח',false,,2.90,0.0058,true,1,1355211
7290108273632,false,שיפודי עץ רמי לוי 100 יח,רמי לוי,,שיפודי עץ רמי לוי 10,יח',100.00,יח',false,,2.90,0.0290,true,1,1355212
7290108273649,false,שיפודי עץ עבים רמי לוי 75 יח,רמי לוי,,שיפודי עץ עבים רמי ל,יח',75.00,יח',false,,2.90,0.0387,true,1,1355213
7290108273656,false,תבניות אלומניום צרות רמי לוי 5 יח,רמי לוי,,תבניות אלומניום צרות,יח',5.00,יח',false,,6.50,1.3000,true,1,1355214
7290108273663,false,מגשיות אלומיניום גדולות (5 יח') R33 רמי,רמי לוי,,תבניות אלומניום גדול,יח',5.00,יח',false,,6.90,1.3800,true,1,1355215
7290108273670,false,מגשיות אלומיניום ענקיות (3 יח') R99 רמי,רמי לוי,,תבניות אלומניום ענקי,יח',3.00,יח',false,,7.90,2.6333,true,1,1355217
7290108273687,false,תבנית אלומניום עגולה רמי לוי 5 יח,רמי לוי,,תבנית אלומניום עגולה,יח',5.00,יח',false,,5.90,1.1800,true,1,1355218
7290108273694,false,מגשיות אלומיניום אינגליש (10 יח') R88 רמ,רמי לוי,,תבנית אינגליש קייק ר,יח',10.00,יח',false,,6.90,0.6900,true,1,1355219
7290108273793,false,כפפות ניטריל כחולות S רמי לוי,רמי לוי,,כפפות ניטריל כחולות,יח',100.00,יח',false,,0.00,0.0000,true,1,1355229
7290108273809,false,כפפות ניטריל כחולות M רמי לוי,רמי לוי,,כפפות ניטריל כחולות,יח',1.00,יח',false,,24.90,24.9000,true,1,1355230
7290108273816,false,כפפות ניטריל כחולות L רמי לוי,רמי לוי,,כפפות ניטריל כחולות,יח',1.00,יח',false,,24.90,24.9000,true,1,1355231
7290108273823,false,כפפות ניטריל כחולות XL רמי לוי,רמי לוי,,כפפות ניטריל כחולות,יח',1.00,יח',false,,0.00,0.0000,true,1,1355232
7290108273847,false,תבנית מאפין אישית 50 יח,חגיגית,,תבנית מאפין אישית 50,יח',50.00,יח',false,,8.90,0.1780,true,1,1355234
7290108273885,false,פלסטר שקוף רמי לוי 100 יח,רמי לוי,,פלסטר שקוף רמי לוי 1,יח',100.00,יח',false,,5.90,0.0590,true,1,1355235
7290108273892,false,פלסטר עור אחיד רמי לוי 100 יח,רמי לוי,,פלסטר עור אחיד רמי ל,יח',100.00,יח',false,,5.90,0.0590,true,1,1355236
7290108273908,false,פלסטר עור מיקס רמי לוי 100 יח,רמי לוי,,פלסטר עור מיקס רמי ל,יח',100.00,יח',false,,5.90,0.0590,true,1,1355237
7290108273915,false,פלסטר ילדים 50 יח רמי לוי,רמי לוי,,פלסטר ילדים 50 יח רמ,יח',50.00,יח',false,,5.90,0.1180,true,1,1355238
7290108273922,false,סכין מהודר שקוף רמי,רמי לוי,,סכין מהודר שקוף רמי,יח',50.00,יח',false,,8.90,0.1780,true,1,1355239
7290108273939,false,כפית מהודרת שקוף רמי לוי 50 יח,רמי לוי,,כפית מהודרת שקוף רמי,יח',50.00,יח',false,,6.90,0.1380,true,1,1355240
7290108273946,false,מזלג מהודר שקוף רמי,רמי לוי,,מזלג מהודר שקוף רמי,יח',50.00,יח',false,,8.90,0.1780,true,1,1355241
7290108273953,false,כף מהודרת שקוף רמי לוי 50 יח,רמי לוי,,כף מהודרת שקוף רמי ל,יח',50.00,יח',false,,8.90,0.1780,true,1,1355242
7290108273960,false,סכין מהודר קרם רמי ל,רמי לוי,,סכין מהודר קרם רמי ל,יח',50.00,יח',false,,8.90,0.1780,true,1,1355243
7290108273977,false,כפית מהודרת קרם רמי לוי 50 יחי,רמי לוי,,כפית מהודרת קרם רמי,יח',50.00,יח',false,,6.90,0.1380,true,1,1355244
7290108273984,false,מזלג מהודר קרם רמי ל,רמי לוי,,מזלג מהודר קרם רמי ל,יח',50.00,יח',false,,8.90,0.1780,true,1,1355245
7290108273991,false,כף מהודרת קרם רמי לו,רמי לוי,,כף מהודרת קרם רמי לו,יח',50.00,יח',false,,8.90,0.1780,true,1,1355246
7290108274042,false,מגש 4 תאים,,,מגש 4 תאים,יח',1.00,יח',false,,6.90,6.9000,true,1,1355250
7290108274059,false,מגשיות אלומיניום קטנות (8 יח') R29 רמי ל,,,מגשיות אלומניום קטנו,יח',1.00,יח',false,,5.90,5.9000,true,1,1355251
7290108274080,false,"כוס יהלום 250 מ""ל 40 יח'",חגיגית,,כוס יהלום 40יח,יח',10.00,יח',false,,9.90,0.9900,true,1,1355252
7290108274103,false,רדיד אלומניום רחב רמי לוי 30 מטר,,,רדיד אלומניום רחב רמ,אורך,30.00,אורך,false,,19.90,0.6633,true,1,1888594
7290108274127,false,שקיות גדולות 100 יח רמי לוי,,,שקיות גדולות 100 יח,יח',1.00,יח',false,,16.90,16.9000,true,1,1355253
7290108274165,false,גופיית גבר ריב,,,גופיית גבר ריב,יח',1.00,יח',false,,15.00,15.0000,true,1,1575972
7290108274356,false,נייר אלומניום 7.5 מט,,,נייר אלומניום 7.5 מט,יח',1.00,יח',false,,9.90,9.9000,true,1,2659892
7290108274400,false,כוסות ליקר,,,כוסות ליקר,יח',1.00,יח',false,,4.90,4.9000,true,1,1691793
7290108274905,false,שקיות אשפה גופייה 50,,,שקיות אשפה גופיה 50/,קילו,100.00,קילו,false,,13.90,0.1390,true,1,3903110
7290108275063,false,שקיות ענקיות רמי לוי 40 יחידות,,,שקיות ענקיות רמי לוי,יח',40.00,יח',false,,13.90,0.3475,true,1,2207563
7290108275070,false,כפפות משק מידה 7,,,כפפות משק מידה 7,יח',1.00,יח',false,,7.90,7.9000,true,1,2252225
7290108275087,false,כפפות משק מידה 8,,,כפפות משק מידה 8,יח',1.00,יח',false,,7.90,7.9000,true,1,2252226
7290108275094,false,כפפות משק מידה 9,,,כפפות משק מידה 9,יח',1.00,יח',false,,7.90,7.9000,true,1,2252227
7290108275100,false,כפפות משק מידה S,,,כפפות משק מידה S,יח',1.00,יח',false,,4.90,4.9000,true,1,2252228
7290108275117,false,כפפות גומי (M) רמי ל,,,כפפות משק מידה M,יח',1.00,יח',false,,4.90,4.9000,true,1,2252229
7290108275124,false,כפפות גומי (L) רמי ל,,,כפפות משק מידה L,יח',1.00,יח',false,,4.90,4.9000,true,1,2252266
7290108275261,false,קינוחיות 24 גביעי מלבה,חגיגית,,קינוחיות 24 גביעי מל,יח',1.00,יח',false,,15.90,15.9000,true,1,2366719
7290108275278,false,קינוחיות 24 גביעי פבלובה,חגיגית,,קינוחיות 24 גביעי פב,יח',1.00,יח',false,,14.90,14.9000,true,1,2366720
7290108275285,false,קינוחיות 24 גביעי דולסה,חגיגית,,קינוחיות 24 גביעי דו,יח',1.00,יח',false,,14.90,14.9000,true,1,2366721
7290108275537,false,סכין לבן (100 יח') ב,,,סכין לבן 100 יח,יח',100.00,יח',false,,6.90,0.0690,true,1,3546036
7290108275544,false,מזלג לבן (100 יח') ב,,,מזלג 100 יח לבן,יח',1.00,יח',false,,7.90,7.9000,true,1,3546037
7290108275551,false,כף לבנה 100 יחידות,,,כף לבנה 100 יחידות,יח',100.00,יח',false,,7.90,0.0790,true,1,3496590
7290108275568,false,כפית לבן 100 יחידות,,,כפית לבן 100 יחידות,יח',100.00,יח',false,,6.90,0.0690,true,1,3546018
7290108275704,false,ניילון נצמד 45/150,,,ניילון נצמד 45/150,אורך,150.00,אורך,false,,23.90,0.1593,true,1,3281585
7290108275902,false,מרקיה טוסקנה 7' לבן,,,מרקיה טוסקנה 7' לבן,יח',1.00,יח',false,,13.90,13.9000,true,1,3838457
7290108276343,false,מטליות רצפה זיגזג רמי לוי,,,מטליות רצפה זיגזג רמ,יח',1.00,יח',false,,6.90,6.9000,true,1,3871111
7290108276664,false,שקוף כף (50 יח') בסט וליו,,,כף שקופה,יח',1.00,יח',false,,8.90,8.9000,true,1,3871121
7290108276701,false,קרם כף (50 יח') בסט וליו,,,כפות חד פעמי,יח',1.00,יח',false,,8.90,8.9000,true,1,3871125
7290108276930,false,צלחת איטלקית גדולה (50 יח') בסט וליו,,,צלחת איטלקית גדולה,יח',1.00,יח',false,,20.90,20.9000,true,1,3871127
7290108277234,false,100יח קשים לשתיה רמי לוי,,,100יח קשים לשתיה רמי,יח',100.00,יח',false,,7.90,0.0790,true,1,3871149
7290108277258,false,אקולוגית צלחת 7' (25 יח') בסט וליו,,,אקולוגית צלחת 7' (25,יח',1.00,יח',false,,8.90,8.9000,true,1,3865935
7290108277265,false,אקולוגית צלחת 9' (25 יח') בסט וליו,,,אקולוגית צלחת 9' (25,יח',1.00,יח',false,,15.90,15.9000,true,1,3865936
7290108277272,false,אקולוגית צלחת 10' (25 יח') בסט וליו,,,אקולוגית צלחת 10' (2,יח',1.00,יח',false,,18.90,18.9000,true,1,3865937
7290108277289,false,אקולוגית מרקיה (25 י,,,אקולוגית מרקיה (25 י,יח',1.00,יח',false,,14.90,14.9000,true,1,3865938
7290108277357,false,צלחת שקוף 25 יחידות,,,צלחת שקוף 25 יחידות,יח',1.00,יח',false,,6.50,6.5000,true,1,3886573
7290108277364,false,שקוף צלחת 9' (25יח') בסט וליו,,,צלחת 9,יח',1.00,יח',false,,12.90,12.9000,true,1,3871156
7290108277371,false,שקוף צלחת 10' (25יח') בסט וליו,,,צלחת 10,יח',1.00,יח',false,,18.90,18.9000,true,1,3871157
7290108277388,false,מרקיה שקוף 25 יחידות,,,מרקיה שקוף 25 יחידות,יח',1.00,יח',false,,7.90,7.9000,true,1,3880499
7290108277395,false,לפתניה שקוף 25 יחידות,,,לפתניה שקוף 25 יחידו,יח',1.00,יח',false,,5.50,5.5000,true,1,3880500
7290108277555,false,שקיות אשפה 90*75 רמי לוי,,,שקיות אשפה 90*75 רמי,קילו,100.00,קילו,false,,18.90,0.1890,true,1,3871171
7290108277562,false,שקיות הקפאה רמי לוי,,,שקיות הקפאה רמי לוי,יח',1.00,יח',false,,8.90,8.9000,true,1,3871172
7290108277579,false,שקיות אשפה 50*50 רמי לוי,,,שקיות אשפה 50*50 רמי,קילו,100.00,קילו,false,,9.90,0.0990,true,1,3871173
7290108277746,false,שקיות זיפר 28*26,,,שקיות זיפר 28*26,יח',1.00,יח',false,,8.90,8.9000,true,1,3871180
7290108277753,false,"שקיות זיפר 19*18 ס""מ",,,שקיות זיפר 18*19,יח',1.00,יח',false,,7.90,7.9000,true,1,3871181
7290108277937,false,"מפות פירנצה חתוכות לבן 1.2*2.4 ס""מ (1יח')",,,מפות פירנצה חתוכות ל,יח',1.00,יח',false,,7.90,7.9000,true,1,3871182
7290108277999,false,"מפות גליל בורדו 16 מטר *1.2 ס""מ (1יח')",,,מפות גליל בורדו 16 מ,יח',1.00,יח',false,,32.90,32.9000,true,1,3863671
7290108278057,false,כסף צלחת 9' (25יח') בסט וליו,,,צלחת כסף 25 יחידות,יח',1.00,יח',false,,11.90,11.9000,true,1,3880501
7290108278118,false,בורדו קסרול 25 יחידות,,,בורדו קסרול 25 יחידו,יח',1.00,יח',false,,5.50,5.5000,true,1,3886575
7290108278125,false,מרקיה בורדו 25 יחידות,,,מרקיה בורדו 25 יחידו,יח',1.00,יח',false,,7.50,7.5000,true,1,3880502
7290108278132,false,צלחת בורדו 25 יחידות,,,צלחת בורדו 25 יחידות,יח',1.00,יח',false,,5.90,5.9000,true,1,3886576
7290108278156,false,צלחת 25 יחידות,,,צלחת 25 יחידות,יח',1.00,יח',false,,15.90,15.9000,true,1,3871193
7290108278262,false,קערת קרם אובלי,,,קערת קרם אובלי,יח',1.00,יח',false,,19.90,19.9000,true,1,3871201
7290108278569,false,מיני כפית לבן 50 יח,,,מיני כפית לבן 50 יח,יח',1.00,יח',false,,6.90,6.9000,true,1,3871215
7290108278583,false,קערה עמוקה שקוף,,,קערה עמוקה,יח',1.00,יח',false,,6.90,6.9000,true,1,3871217
7290108278637,false,כוסות שתיה קרה בירה,,,כוסות בירה 330 מל,יח',1.00,יח',false,,9.90,9.9000,true,1,3871220
7290108278651,false,קיסמי שיניים פלסטיק 200 יח,,,קיסמי שיניים פלסטיק,יח',1.00,יח',false,,9.90,9.9000,true,1,3871222
7290108278934,false,כף ורוד 10יחידות,,,כף ורוד 10יחידות,יח',1.00,יח',false,,4.90,4.9000,true,1,3880519
7290108278972,false,מנהטן כף פנינה 10יח,,,מנהטן כף פנינה 10יח,יח',1.00,יח',false,,4.90,4.9000,true,1,3871235
7290108350128,false,סנו סושי שקיות אשפה חזקות במיוחד 40 יח',מיוצר עי קונדיטוריית,IL,סנו סושי 40 שקיות אש,יח',40.00,יח',false,,22.90,0.5725,true,1,1332803
7290108350142,false,"שקיות רב שימושיות גדולות 25*35 ס""מ סנו סושי 270 יחידות",אשפלסט תעשיות,IL,סנו סושי שקיות רב שי,יח',270.00,יח',false,,14.90,0.0552,true,1,1332805
7290108350210,false,סנו סושי 30 שקיות אשפה XL חזקות במיוחד,מיוצר עי קונדיטוריית,IL,סושי שקיות חזקות 65*,יח',30.00,יח',false,,22.90,0.7633,true,1,1332808
7290108350500,false,סנובון מוצק דאבל אקשן בניחוח תפוז שלישייה,סנו,,סנובון דאבל אקשן בני,גרמים,165.00,100 גרם,false,,9.90,0.0600,true,1,1332810
7290108350531,false,סנו ספארק נוזל כלים בניחוח קלאסי עם משאבה 1 ל',מיוצר עי קונדיטוריית,IL,נוזל כלים סנו ספארק,יח',1.00,יח',false,,10.70,10.7000,true,1,1332811
7290108350548,false,סנו ספארק נוזל כלים בניחוח לבנדר עם משאבה 1 ל',מיוצר עי קונדיטוריית,IL,נוזל כלים סנו ספארק,יח',1.00,יח',false,,10.70,10.7000,true,1,1332812
7290108350555,false,נוזל כלים סנו ספארק Spark היפואלרגני פריחת השקד,סנו ספארק,IL,נוזל כלים סנו ספארק,ליטרים,1.00,ליטר,false,,10.70,10.7000,true,1,1332813
7290108350616,false,סנו - מקסימה מרכך כביסה מרוכז פריחה כחולה 1 ליטר,"סנו מפעלי ברונוס בע""\מ",IL,מקסימה מרכך כביסה מר,ליטרים,1.00,ליטר,false,,17.50,17.5000,true,1,1751081
7290108350623,false,מרכך כביסה סופר מרוכז סופט סילק מקסימה 1 ל' סנו,"סנו מפעלי ברונוס בע""\מ",IL,מקסימה מרכך כביסה מר,ליטרים,1.00,ליטר,false,,17.50,17.5000,true,1,1751082
7290108350654,false,כיף פיות תרסיס לשיער להתרת קשרים 350 מל,קוסמופארם בע''מ,IL,כיף פיות תרסיס להתרת,מיליליטרים,350.00,"100 מ""ל",false,,16.90,0.0483,true,1,1442775
7290108350722,false,אורביטול גוניור משחת שיניים בוב ספוג 70ג,טרופיקל דגיל תעשיות קוסמ,IL,משחת שיניים ילדים בו,יח',1.00,יח',false,,7.90,7.9000,true,1,3892638
7290108350739,false,משחת שיניים אורביטול קידס סטעם סוכריות ג'לי 70 גרם,טרופיקל דגיל תעשיות קוסמ,IL,אורביטול קידס 70 גר,גרמים,70.00,גרם,false,,7.90,0.1129,true,1,3868027
7290108350791,false,אורביטול מברשות שיניים כדורגל +8,,,אורביטול מברשת שיניי,יח',1.00,יח',false,,9.90,9.9000,true,1,3868030
7290108351118,false,"סנו K-4000 קוטל מעופפים 750 מ""ל",סנו מפעלי ברונוס בעמ,IL,"קוטל מעופפים 750 מ""ל",מיליליטרים,750.00,"100 מ""ל",false,,29.90,0.0399,true,1,2596072
7290108351149,false,ג'ל ניקוי כללי בתוספת אבקת סודה ריח כביסה סנו ג'ט 1.5 ליטר,"סנו מפעלי ברונוס בע""\מ",IL,סנו ג'ט פלוס לניקוי,ליטרים,1.50,ליטר,false,,11.90,7.9333,true,1,2650983
7290108351156,false,ג'ל ניקוי כללי בתוספת חומץ בריח לבנדר סנו ג'ט 1.5 ליטר,"סנו מפעלי ברונוס בע""\מ",IL,סנו ג'ט פלוס לניקוי,מיליליטרים,750.00,"100 מ""ל",false,,11.90,0.0159,true,1,2650984
7290108351491,false,סנו - אוקסיג'ן פאוור אבקה להסרת כתמים קשים 720 גרם,החברה הדרומית,IL,סנו אוקסיג'ן אבקה לה,גרמים,720.00,100 גרם,false,,14.90,0.0207,true,1,2608285
7290108351507,false,מרכך כביסה אינספרישיין סנו מקסימה 4 ליטר,סנו מקסימה,IL,מרכך מקסימה 4 לי,ליטרים,4.00,ליטר,false,,21.50,5.3750,true,1,2504151
7290108351514,false,מרכך כביסה בלו בלוסום סנו מקסימה 4 ליטר,סנו מקסימה,IL,מרכך מקסימה 4 לי,ליטרים,4.00,ליטר,false,,21.50,5.3750,true,1,2504118
7290108351538,false,סנופרש הום מבשם לבית בניחוח מרכך כביסה ב,סנו מפעלי ברונוס בעמn,IL,מבשם לבית - בריח מרכ,מיליליטרים,200.00,"100 מ""ל",false,,10.90,0.0545,true,1,3868031
7290108351545,false,מטהר אוויר סנו פרש הום בניחוח מרכך,סנו מפעלי ברונוס בעמn,IL,מבשם לבית - בניחוח מ,מיליליטרים,200.00,"100 מ""ל",false,,10.90,0.0545,true,1,3868032
7290108351552,false,"סנו - ג'ט לניקוי כללי בתוספת חומץ בניחוח לבנדר 750 מ""ל","סנו מפעלי ברונוס בע""\מ",IL,מתז לניקוי כללי ג'ט+,מיליליטרים,750.00,"100 מ""ל",false,,11.90,0.0159,true,1,3868033
7290108351576,false,"אוקסיג'ן אבקה להסרת כתמים 1.5 ק""ג סנו",גליל כימיקלים,IL,סנו אוקסיג'ן כביסה 1,יח',1.00,יח',false,,28.90,28.9000,true,1,3885200
7290108351583,false,"סנו - ג'ט פלוס חומץ ג'ל לניקוי אסלות לבנדר 750 מ""ל",טרופיקל דגיל תעשיות,IL,סנו ג'ט+ניקוי אסלות,מיליליטרים,750.00,"100 מ""ל",false,,8.90,0.0119,true,1,3868034
7290108351590,false,"סנופרש הום בלו בלוסון בניחוח מרכך כביסה 350 מ""ל",סנו פרש Fresh,IL,מבשם אויר סנו פרש הו,מיליליטרים,350.00,"100 מ""ל",false,,9.90,0.0283,true,1,3293508
7290108351606,false,מטהר אוויר בלו בלוסום סנו פרש הום 350 מל,סנו מפעלי ברונוס בעמ,IL,מבשם אויר סנו פרש הו,מיליליטרים,350.00,"100 מ""ל",false,,9.90,0.0283,true,1,3293489
7290108351613,false,סנו ריצפז פרש הום 2 ליטר בניחוח מלון חלומי,"סנו מפעלי ברונוס בע""\מ",IL,ריצפז פרש הום 2 לי,ליטרים,2.00,ליטר,false,,19.80,9.9000,true,1,3293490
7290108351699,false,סנו - ג'ט מטליות לחות לניקוי כללי בתוספת חומץ לבנדר שלישיה,סנו מפעלי ברונוס על,IL,מארז שלישייה מגבונים,יח',50.00,יח',false,,19.90,0.3980,true,1,3868038
7290108351705,false,פניני בישום 275 גרם מקסימה,inc prodacts smart value,IL,סנו פניני בישום לכבי,יח',1.00,יח',false,,19.90,19.9000,true,1,3879266
7290108351712,false,מקסימה פניני בישום לכביסה לובלי 275 גרם,inc prodacts smart value,IL,סנו פניני בישום לכבי,יח',1.00,יח',false,,19.90,19.9000,true,1,3879267
7290108351736,false,נ.לניקוי חלונותסנו גרין פאוור אקולוגי750,סנו מפעלי ברונוס בעמ,IL,סנו גרין פאוור ניקוי,יח',1.00,יח',false,,9.90,9.9000,true,1,3885202
7290108351750,false,נ.לניקוי רצפות סנו גרין פאוור אקולוגי 2ל,סנו מפעלי ברונוס בעמ,IL,סנו גרין פאוור ניקוי,יח',1.00,יח',false,,15.90,15.9000,true,1,3885204
7290108351767,false,סנו פרש מכשיר אוטומטי + מילוי בלו אייר,"יצרן מכשיר: זובלה, ש",IL,מכשיר אוטומטי לבישום,יח',1.00,יח',false,,44.90,44.9000,true,1,3868039
7290108351781,false,ג'ל לניקוי אסלות + חומץ ומלח לימון בריח הדרים,"סנו מפעלי ברונוס בע""",IL,סנו ג'ט+ניקוי אסלות,מיליליטרים,750.00,"100 מ""ל",false,,8.90,0.0119,true,1,3868041
7290108351804,false,מרכך כביסה סופר מרוכז Gentl Breeze סנו מקסימה 1 ליטר,מיוצר עי קונדיטוריית,IL,מקסימה מרכך סופר מרו,מטרים,1000.00,100 מ'ל,false,,17.50,0.0175,true,1,3879268
7290108351811,false,מרכך כביסה סופר מרוכז Floral touch סנו מקסימה 1 ליטר,מיוצר עי קונדיטוריית,IL,מקסימה מרכךסופר מרוכ,מטרים,1000.00,100 מ'ל,false,,17.50,0.0175,true,1,3879269
7290108351835,false,מרכך כביסה Pure Sensation סנו מקסימה 4 ליטר,מיוצר עי קונדיטוריית,IL,מקסימה מרכך כביסה סנ,ליטרים,4.00,ליטר,false,,21.50,5.3750,true,1,3879270
7290108351866,false,"סנו מקסימה בושם מרוכז לכביסה FOREVER בורדו 600 מ""ל",סנו מקסימה,IL,מקסימה בושם מרוכז לכ,מיליליטרים,600.00,"100 מ""ל",false,,19.90,0.0332,true,1,3868044
7290108351927,false,סנו ספארק טבליות למדיח 70 יחידות,גרופה אינקו,PL,סנו ספארק 70 טבליות,קילוגרמים,1.40,"ק""ג",false,,39.90,28.5000,true,1,3868046
7290108351972,false,סנופרש הום מבשם לבית בניחוח מלון בוטיק,מיוצר עי קונדיטוריית,IL,מבשם אויר הום יבש מל,יח',1.00,יח',false,,11.90,11.9000,true,1,3879275
7290108351989,false,סנופרש הום מבשם לבית בניחוח מלון מפנק,מיוצר עי קונדיטוריית,IL,מבשם אויר הום יבש בו,יח',1.00,יח',false,,11.90,11.9000,true,1,3879276
7290108352092,false,משחת שיניים אורביטול פרוטקטיב סולט בטעם מנטה,טרופיקל דגיל תעשיות קוסמ,IL,אורביטול מ. שיניים ר,גרמים,145.00,100 גרם,false,,13.90,0.0959,true,1,3887392
7290108352146,false,"סנובון נוזלי בניחוח מנגוליה ונרולי סנו 750 מ""ל",סנו מפעלי ברונוס בעמ,IL,סנובון נוזלי סנסוריי,יח',1.00,יח',false,,8.90,8.9000,true,1,3885528
7290108352153,false,"סנובון נוזלי בניחוח לוטוס וסחלב סנו 750 מ""ל",מיוצר עי קונדיטוריית,IL,סנובון נוזלי סנסוריי,יח',1.00,יח',false,,8.90,8.9000,true,1,3885529
7290108352207,false,מקסימה 40 קפסולות לכביסה בניחוח fresh burst,"גליל כימיקלים, א.ת. צפונ",IL,סנו מקסימה קפסולות ל,יח',1.00,יח',false,,28.90,28.9000,true,1,3885207
7290108352214,false,סנו - מקסימה קפסולות כביסה בניחוח בריזה מרעננת 40 יח',טרופיקל דגיל תעשיות,IL,סנו מקסימה קפסולות ל,יח',1.00,יח',false,,28.90,28.9000,true,1,3885208
7290108352252,false,נוזל לניקוי כלים מתאים לניקוי ירקות ופירות סנו ספארק,"סנו מפעלי ברונוס בע""\מ",IL,סנו ספארק נוזל לכלים,ליטרים,1.00,ליטר,false,,10.90,10.9000,true,1,3887394
7290108352283,false,נוזל לחיטוי וניקוי רצפות- סדרת 99.9% סנו 2 ליטר,"סנו מפעלי ברונוס בע""\מ",IL,נוזל שטיפה 2לי חיטוי,יח',1.00,יח',false,,17.90,17.9000,true,1,3883499
7290108352290,false,שלישיית מטליות לחיטוי ולניקוי יסודי לחדר האמבטיה סדרת 99.9%,מיוצר עי קונדיטוריית,IL,סנו שלישיית מטליות ל,יח',1.00,יח',false,,19.90,19.9000,true,1,3883500
7290108352320,false,"מבשם אויר סנו פרש הום בניחוח כותנה מלטפת 350 מ""ל",מיוצר עי קונדיטוריית,IL,מבשם אויר סנו פרש הו,מיליליטרים,350.00,"100 מ""ל",false,,9.90,0.0283,true,1,3886230
7290108352368,false,תוסף לחיטוי כביסה 99.9% סנו מקסימה 3 ל',סנו מקסימה,IL,תוסף לחיטוי כביסה 3ל,יח',1.00,יח',false,,29.90,29.9000,true,1,3890272
7290108352399,false,ריצפז פרש הום בניחוח מרכך כביסה פלורל טאצ',"סנו מפעלי ברונוס בע""\מ",IL,ריצפז פרש הום בניחוח,מטרים,2000.00,100 מ'ל,false,,19.80,0.0099,true,1,3901384
7290108352405,false,מטהר אוויר סנו פרש הום נוזלי ירוק ארומטי,סנו מפעלי ברונוס בעמ,IL,מטהר אוויר ארומטי,יח',1.00,יח',false,,11.90,11.9000,true,1,3892639
7290108352429,false,מטהר אוויר סנו פרש הום נוזלי כחול ארומטי,סנו מפעלי ברונוס בעמ,IL,מטהר אוויר ארומטי,יח',1.00,יח',false,,11.90,11.9000,true,1,3889961
7290108352436,false,סנובון מוצק בניחוח נגוליה ונרולי שלישייה,סנו מפעלי ברונוס בעמ,IL,סנובון מוצק לניקוי א,יח',3.00,יח',false,,14.90,4.9667,true,1,3892641
7290108352443,false,סנובון מוצק לניקוי אסלה כחול סנו 3 יחידות,סנו מפעלי ברונוס בעמ,IL,סנובון מוצק לניקוי א,יח',3.00,יח',false,,14.90,4.9667,true,1,3892642
7290108352450,false,ריצפז פרש הום בניחוח מרכך כביסה בלו בלוסום,סנו מפעלי ברונוס בעמ,IL,ריצפז פרש הום 2 לי,ליטרים,2.00,ליטר,false,,19.80,9.9000,true,1,3892643
7290108352474,false,"סנומוד מטהר אוויר ליידי קוקו סנו 150 מ""ל","סנו מפעלי ברונוס בע""\מ",IL,סנומוד מטהר אוויר לי,מיליליטרים,150.00,"100 מ""ל",false,,9.90,0.0660,true,1,3892644
7290108352498,false,מכשיר אוטומטי מעוצב ואלגנטי עם מילוי מלון בוטיק סנו פרש,"יצרן מכשיר: זובלה, יצרן",IL,סנו פרש מכשיר אוטומט,יח',1.00,יח',false,,44.90,44.9000,true,1,3892646
7290108352528,false,"מתז לחיטוי וניקוי חדר האמבטיה 99.9% 750 מ""ל","סנו מפעלי ברונוס בע""\מ",IL,99.9 מתז לניקוי וחיט,מיליליטרים,750.00,"100 מ""ל",false,,11.90,0.0159,true,1,3890825
7290108352535,false,סנו - מקסימה דפי בישום לחים למייבש הכביסה בניחוח מרכך כביסה,טרופיגל דגיל תעשיות קוסמ,IL,מקסימה דפי בישום לחי,יח',1.00,יח',false,,12.90,12.9000,true,1,3890557
7290108352566,false,מרכך כביסה בבישום עוצמתי 4 ל' סנו מקסינה,"סנו מפעלי ברונוס בע""\מ",IL,מקסימה מרכך כביסה 4,מטרים,4000.00,100 מ'ל,false,,21.90,0.0055,true,1,3897908
7290108352634,false,סנו סופט - נייר טואלט חתוך במארז עשירייה,סנו,IL,נייר טואלט חתוך עשיר,10 יח',100.00,10 יח',false,,14.90,0.1490,true,1,3179709
7290108352641,false,סנו סושי מטלית הפלא לניקוי כללי במארז שלישייה,סנו מפעלי ברונוס.,IL,מטלית הפלא סנו סושי,יח',3.00,יח',false,,14.90,4.9667,true,1,3418492
7290108352689,false,כריות קרצוף ללכלוך קשה סנו סושי 9 יחידות,טרופיקל דגיל תעשיות,US,סושי כריות קרצוף ללכ,יח',9.00,יח',false,,9.50,1.0556,true,1,1780658
7290108352696,false,"סנו סושי- ניילון נצמד+ רחב במיוחד 45 ס""מ",פפין ונטג,IL,סנו סושי- ניילון נצמ,אורך,100.00,אורך,false,,29.90,0.2990,true,1,3868050
7290108352801,false,"שקיות אשפה לפחים קטנים 45 * 56 ס""מ סנו סושי 100 יחידות","סנו מפעלי ברונוס בע""מ",IL,סנו שקיות אשפה לפח ק,יח',100.00,יח',false,,18.90,0.1890,true,1,3868053
7290108352825,false,ספוג הפלא נירוסטה סנו סושי 3יח',ltdn s.k.a.tסנו מפעלי בר,CN,סנו סושי - ספוג הפלא,יח',1.00,יח',false,,9.90,9.9000,true,1,3868055
7290108352863,false,סנו סושי שקיות צלייה 20יח' מידה L,סנו מפעלי ברונוס בעמ . ח,TR,סנו סושי שקיות צלייה,יח',20.00,יח',false,,7.90,0.3950,true,1,3859632
7290108352870,false,סנו סושי שקיות צלייה 10יח' מידה XL,סנו מפעלי ברונוס בעמ . ח,IL,סנו סושי שקיות צלייה,יח',10.00,יח',false,,7.90,0.7900,true,1,3868058
7290108353037,false,"תבניות אפיה עגולות מנייר קוטר 21 ס""מ",מיוצר עי קונדיטוריית,CN,סנו סושי 4 תבניות אפ,יח',1.00,יח',false,,13.90,13.9000,true,1,3879282
7290108353068,false,ספוג הפלא נירוסטה עם סיבי קירצוף סנו סושי 2 יח',מיוצר עי קונדיטוריית,CN,כרית קרצוף עם סיבי נ,יח',1.00,יח',false,,9.90,9.9000,true,1,3879285
7290108353099,false,ממחטות אף במארז ניילון סנו סופט 5 יח' * 100 דף,טרופיקל דגיל תעשיות,IL,מארז נייר ממחטות אף,יח',1.00,יח',false,,11.50,11.5000,true,1,3879287
7290108353341,false,"מרכך למניעת קשקשים עם שמן עץ התה ואסאי 700 מ""ל כיף",קוסמופארם בעמ,IL,כיף מרכךלשיער רגיל 7,מיליליטרים,700.00,"100 מ""ל",false,,11.50,0.0164,true,1,3879289
7290108353396,false,צמד מברשות שיניים עם סיבים דקים ורכים במיוחד,יבואן ומשווק: ש. שסט,IL,צמד מברשות שיניים או,יח',1.00,יח',false,,18.90,18.9000,true,1,3879290
7290108353402,false,צמד מברשות שיניים עם סיבי פחם דקים במיוחד,יבואן ומשווק: ש. שסט,CN,צמד מברשות שיניים או,יח',1.00,יח',false,,18.90,18.9000,true,1,3879291
7290108353419,false,צמד מברשות שיניים עם סיבי הלבנה ספירליים,החברה הדרומית,IL,צמד מברשות שיניים או,יח',1.00,יח',false,,18.90,18.9000,true,1,3879292
7290108353426,false,צמד מברשות שיניים לחניכיים ושיניים רגישות,יבואן ומשווק: ש. שסט,IL,צמד מברשות שיניים או,יח',1.00,יח',false,,18.90,18.9000,true,1,3879293
7290108353433,false,שטיפת פה לרעננות מתמשכת מנטה עדין Protect & Fresh,"קוסמופארם בע""\מ",IL,אורביטול שטיפת פה 50,מיליליטרים,500.00,"100 מ""ל",false,,19.90,0.0398,true,1,3868071
7290108353440,false,אורביטול מברשות שיניים נאנו לחניכיים 2יח,החברה הדרומית,CN,אורביטול מברשות שיני,יח',1.00,יח',false,,29.90,29.9000,true,1,3892651
7290108353501,false,"שקיות אשפה ענקיות עם ידיות ענקיות 75*90 ס""מ סנו סושי 25 יחידות",טרופיקל דגיל תעשיות,TR,סנו סושי 25שקיות אטו,יח',1.00,יח',false,,19.90,19.9000,true,1,3879296
7290108353525,false,סנו סושי - תבניות אלומיניום עם ידיות אחיזה,קריניסה ויטמין אס אי,CN,סנו סושי - תבניות אל,יח',1.00,יח',false,,9.90,9.9000,true,1,3882724
7290108353532,false,"שקיות אשפה חזקות עם שרוך לארג' 54 * 65 ס""מ סנו סושי 100 יחידות",סנו סושי,IL,סנו סושי שקיות 100 י,יח',1.00,יח',false,,29.90,29.9000,true,1,3879297
7290108353648,false,סנו סושי - שקיות אוכל מנייר 70 יחידות,איי טיי אריזות טורקיה,TR,סנו סושי שקיות אוכל,יח',1.00,יח',false,,12.90,12.9000,true,1,3887396
7290108353686,false,מטלית חלומית לרצפה סנו סושי 1 יחידה,נינגבו סנבנג,CN,מטלית הפלא לרצפה 50*,יח',1.00,יח',false,,9.90,9.9000,true,1,3888640
7290108353716,false,"קרמה - תחליב רחצה חימר פיטאיה 500 מ""ל","קוסמופארם בע""\מn\",IL,קרמה תחליב חימר 500מ,מטרים,500.00,100 מ'ל,false,,12.90,0.0258,true,1,3906832
7290108353778,false,"נקה 7 - תחליב רחצה שוודיה בניחוח פיטנגו 750 מ""ל","אמיליה קוסמטיקס בע""מ",IL,נקה 7 תחליב רחצה ניח,מיליליטרים,750.00,"100 מ""ל",false,,9.90,0.0132,true,1,3892653
7290108353785,false,תחליב רחצה נקה 7 מרוקו בניחוח טונקה 750,"אמיליה קוסמטיקס בע""מ",IL,נקה 7 תחליב רחצה ניח,מיליליטרים,750.00,"100 מ""ל",false,,9.90,0.0132,true,1,3892654
7290108353792,false,"תחליב רחצה יפן נקה 7 בניחוח פריחת הדובדבן 750 מ""ל","אמיליה קוסמטיקס בע""מ",IL,נקה 7 תחליב רחצה פרי,מיליליטרים,750.00,"100 מ""ל",false,,9.90,0.0132,true,1,3892655
7290108353808,false,"תחליב רחצה מדגסקר נקה 7 בניחוח אמבר 750 מ""ל","אמיליה קוסמטיקס בע""מ",IL,נקה 7 תחליב רחצה ניח,מיליליטרים,750.00,"100 מ""ל",false,,9.90,0.0132,true,1,3890826
7290108353969,false,"קרמה - דאודורנט ספריי לאישה קרמה מאסק 150 מ""ל",מיוצר עי : אמיליה קוסמטי,IL,קרמה דיאודורנט ספריי,מטרים,150.00,100 מ'ל,false,,11.90,0.0793,true,1,3892661
7290108353983,false,"קרמה - קרם גוף קרמה קלאסי 500 מ""ל",טרופיקל דגיל תעשיות,IL,קרם גוף קלאסי קרמה 5,מיליליטרים,500.00,"100 מ""ל",false,,21.90,0.0438,true,1,3891355
7290108353990,false,"קרמה - קרם גוף קרמה מאסק 500 מ""ל",טרופיקל דגיל תעשיות,IL,קרם גוף מאסק קרמה 50,מיליליטרים,500.00,"100 מ""ל",false,,21.90,0.0438,true,1,3892662
7290108354065,false,קרמה מן גל רחצה פילינג 700 מל לגבר,קוסמופארם בע'\'\מ,IL,קרמה מן ג'ל רחצה פיל,מטרים,700.00,100 מ'ל,false,,14.90,0.0213,true,1,3906433
7290108354164,false,"כיף שלישיית אל סבון קטיפתי מועשר בשמנים 3*500 מ""ל",טרופיקל דגיל תעשיות,IL,אל סבון שלישייה שמני,ליטרים,1.50,ליטר,false,,18.90,12.6000,true,1,3888975
7290108354270,false,מרכך כביסה מרוכז בבישום עוצמתי 1 ל' סנו מקסימה,מיוצר עי קונדיטוריית,IL,מקסימה מרכך כביסה מר,מטרים,1000.00,100 מ'ל,false,,17.90,0.0179,true,1,3897909
7290108354430,false,"שמפו כיף לשיקום והזנה שמן קוקוס וקרטין 700 מ""ל",קוסמופארם בעמ,IL,כיף שמפו לשיער שמן ק,מיליליטרים,700.00,"100 מ""ל",false,,11.50,0.0164,true,1,3892665
7290108354447,false,"מרכך כיף לשיקום והזנה שמן קוקוס וקרטין 700 מ""ל",גוד פוד פרודקטס S.p,IL,כיף מרכך לשיער שמן ק,מיליליטרים,700.00,"100 מ""ל",false,,11.50,0.0164,true,1,3890827
7290108354485,false,"קרליין מרכך 10 לשיער שמן ארגן 700 מ""ל","קוסמופארם בע""\מ",IL,קרליין 10 מרכך ארגן,מטרים,700.00,100 מ'ל,false,,13.80,0.0197,true,1,3906434
7290108354492,false,"קרליין שמפו 10 לשיער שמן ארגן 700 מ""ל","קוסמופארם בע""\מ",IL,קרליין 10 שמפו ארגן,מטרים,700.00,100 מ'ל,false,,0.00,0.0000,true,1,3906435
7290108354577,false,דאודורנט רול און קרמה וניל ופלפל ורוד,"קוסמופארם בע""\מ.",IL,קרמה דיאודורנט רולאו,מטרים,75.00,100 מ'ל,false,,12.80,0.1707,true,1,3892666
7290108354706,false,"קרמה - תחליב רחצה מאסק 500 מ""ל","קוסמופארם בע""\מ",IL,קרמה תחליב רחצה מאסק,מטרים,500.00,100 מ'ל,false,,12.90,0.0258,true,1,3897910
7290108354751,false,"סנו - ג'ט מרסס לניקוי כללי בתוספת אבקת סודה 750 מ""ל","סנו מפעלי ברונוס בע""\מ",IL,מתז לניקוי כללי ג'ט+,מיליליטרים,750.00,"100 מ""ל",false,,11.90,0.0159,true,1,3868072
7290108354782,false,"קרם גוף קרמה ג'ינג'ר ולמון גראס 500 מ""ל",קוסמופארם בע'\'\מ,IL,קרם גוף קרמה ג'ינג'ר,מיליליטרים,500.00,"100 מ""ל",false,,21.90,0.0438,true,1,3891218
7290108354805,false,"שמן גוף קרמה נרולי ומגנוליה 150 מ""ל",החברה הדרומית,IL,שמן גוף קרמה נרולי ו,מיליליטרים,150.00,"100 מ""ל",false,,19.90,0.1327,true,1,3892668
7290108354829,false,"קרם ידיים קרמה ורד וניל 100 מ""ל מ""ל",קוסמופארם,IL,קרם ידיים קרמה 100 מ,מיליליטרים,100.00,"100 מ""ל",false,,9.90,0.0990,true,1,3892669
7290108354836,false,קרם ידיים מרוכז לידיים יבשות מאוד בבישום עדין,קוסמופארם,IL,קרם ידיים מרוכז בישו,מטרים,700.00,100 מ'ל,false,,14.90,0.0213,true,1,3889895
7290108354911,false,"שמפו, ג'ל רחצה וגילוח מועשר בתמצית אלוורה",טרופיקל דגיל תעשיות,IL,"קרמה מן 3ב1 500 מ""ל",מיליליטרים,500.00,"100 מ""ל",false,,14.90,0.0298,true,1,3884942
7290108354980,false,קרם ידיים מרוכז לידיים יבשות מאוד ללא בישום,קוסמופארם,IL,קרם ידיים מרוכז ללא,מטרים,700.00,100 מ'ל,false,,14.90,0.0213,true,1,3892670
7290108355000,false,"שמפו מיניונים לילדים נקה 7 750 מ""ל",אמיליה קוסמטיקס,IL,שמפו מיניונים נקה 7,מיליליטרים,750.00,"100 מ""ל",false,,10.90,0.0145,true,1,1442776
7290108355017,false,"נקה 7 מרכך לילדים מיניונים 750 מ""ל",אמיליה קוסמטיקס,IL,מרכך מיניונים נקה 7,מיליליטרים,750.00,"100 מ""ל",false,,10.90,0.0145,true,1,1442777
7290108355024,false,"נקה 7 שמפו ומרכך לילדים מיניונים 750 מ""ל",קוסמופארם בע'\'\מ,IL,מרכך+שמפו מיניונים נ,מיליליטרים,750.00,"100 מ""ל",false,,10.90,0.0145,true,1,1442778
7290108355055,false,לחו.לשיער מקצועי גלייז נטורל פורמולה 400,נטורל פורמולה Natural Formula,IL,לחות לשיער מקצועית ע,מיליליטרים,400.00,"100 מ""ל",false,,29.90,0.0747,true,1,3272704
7290108355062,false,לחו.לשיער מקצועי קרטין נטורל פורמולה 400,אמיליה קוסמטיקס,IL,לחות מקצועית עם קרטי,מיליליטרים,400.00,"100 מ""ל",false,,29.90,0.0747,true,1,3272705
7290108355079,false,לחו.לשיער מקצועי קוקוס נטורל פורמולה 400,החברה הדרומית,IL,לחות לשיער עם קוקוס,מיליליטרים,400.00,"100 מ""ל",false,,29.90,0.0747,true,1,3272706
7290108355154,false,"שמפו שמני הזנה נקה 7 750 מ""ל","אמיליה קוסמטיקס בע""מ",IL,שמפו שמני הזנה נקה 7,מיליליטרים,750.00,"100 מ""ל",false,,9.90,0.0132,true,1,3868077
7290108355161,false,"מרכך שיער שמני הזנה 750 מ""ל נקה 7","אמיליה קוסמטיקס בע""מ",IL,מרכך שמני הזנה נקה 7,מיליליטרים,750.00,"100 מ""ל",false,,9.90,0.0132,true,1,3868078
7290108355185,false,"נטורל מסיכת קרטין אינטנס למניעת קשקשים 350 מ""ל",נטורל פורמולה Natural Formula,IL,מסכה קרטין 350 מל,מיליליטרים,350.00,"100 מ""ל",false,,39.90,0.1140,true,1,3837303
7290108355192,false,"מרכך קרטין אינטנס למניעת קשקשים נטורל פורמולה 400 מ""ל",נטורל פורמולה Natural Formula,IL,מרכך קרטין 400 מל,מיליליטרים,400.00,"100 מ""ל",false,,29.90,0.0747,true,1,3837304
7290108355208,false,"שמפו קרטין אינטנס למניעת קשקשים נטורל 400 מ""ל",נטורל פורמולה Natural Formula,IL,שמפו קרטין 400 מל,מיליליטרים,400.00,"100 מ""ל",false,,29.90,0.0747,true,1,3837305
7290108355291,false,קרם לסירוק קל בתוספת רוזמרין,קוסמופארם בעמ,IL,קרם נקה 7 להתרת קשרי,גרמים,350.00,100 גרם,false,,16.90,0.0483,true,1,3868083
7290108355314,false,מרכך לסירוק קל בתוספת רוזמרין,גוד פוד פרודקטס S.p,IL,מרכך נקה 7 סירוק קל,מיליליטרים,750.00,"100 מ""ל",false,,10.90,0.0145,true,1,3868085
7290108355536,false,"קרמה - דאודורנט ספריי לאישה קרמה ורד וניל 150 מ""ל",מיוצר עי : אמיליה קוסמטי,IL,קרמה דיאודורנט ספריי,מטרים,150.00,100 מ'ל,false,,11.90,0.0793,true,1,3892676
7290108355543,false,דאודורנט ספריי קרמה בניחוח נרולי ומגנוליה,מיוצר עי : אמיליה קוסמטי,IL,קרמה דיאודורנט ספריי,מטרים,150.00,100 מ'ל,false,,11.90,0.0793,true,1,3892677
7290108355574,false,"קרליין - מסכה פיור אסנס שיער מתולתל 300 מ""ל",,,קרליין מסכה פיור אסנ,מיליליטרים,300.00,"100 מ""ל",false,,26.90,0.0897,true,1,3879302
7290108355765,false,דאודורנט ספריי קרמה בניחוח לבנדר ואקליפטוס,מיוצר עי : אמיליה קוסמטי,IL,קרמה דיאודורנט ספריי,מטרים,150.00,100 מ'ל,false,,11.90,0.0793,true,1,3892678
7290108355802,false,"תחליב רחצה קרמה ורד ווניל 700 מ""ל",גוד פוד פרודקטס S.p,IL,תחליב רחצה קרמה 700,מיליליטרים,700.00,"100 מ""ל",false,,16.90,0.0241,true,1,3889896
7290108356014,false,"כיף תחליב רחצה בניחות מסקרפונה ופירות יער 700 מ""ל",החברה הדרומית,IL,כיף תחליב רחצה 700 מ,מיליליטרים,700.00,"100 מ""ל",false,,11.90,0.0170,true,1,3868087
7290108356021,false,כיף תחליב רחצה בניחוח גלידת קרם עוגיות,גוד פוד פרודקטס S.p,IL,כיף תחליב רחצה 700 מ,מיליליטרים,700.00,"100 מ""ל",false,,11.90,0.0170,true,1,3868088
7290108356045,false,"כיף תחליב רחצה בניחוח גלידת סוכריות ג'לי 700 מ""ל",החברה הדרומית,IL,כיף תחליב רחצה 700 מ,מיליליטרים,700.00,"100 מ""ל",false,,11.90,0.0170,true,1,3868090
7290108356090,false,קרמה תרחיץ גל לשטיפה אינטימית 220 מל,קוסמופארם בעמ,IL,קרמה תרחיץ ג'ל לשטיפ,מיליליטרים,220.00,"100 מ""ל",false,,19.90,0.0905,true,1,3890829
7290108356106,false,כיף תחליב רחצה חלב שקדים 700 מל,החברה הדרומית,IL,כייף תחליב רחצה שקד,מיליליטרים,700.00,"100 מ""ל",false,,9.90,0.0141,true,1,3868095
7290108356113,false,"כיף תחליב רחצה דבש 700 מ""ל-מרכז",קוסמופארם בעמ,IL,כייף תחליב רחצה 700,מיליליטרים,700.00,"100 מ""ל",false,,9.90,0.0141,true,1,3868096
7290108356120,false,"תחליב רחצה כיף קוקוס וניל 700 מ""ל",קוסמופארם,IL,כייף תחליב רחצה קוקו,מיליליטרים,700.00,"100 מ""ל",false,,9.90,0.0141,true,1,3868097
7290108356137,false,"כיף - תחליב רחצה לבנדר 700 מ""ל",קוסמופארם,IL,כייף תחליב רחצה לבנד,מיליליטרים,700.00,"100 מ""ל",false,,9.90,0.0141,true,1,3868098
7290108356151,false,"תחליב רחצה כיף מאסק יסמין 700 מ""ל",גוד פוד פרודקטס S.p,IL,כייף תחליב רחצה מאסק,מיליליטרים,700.00,"100 מ""ל",false,,9.90,0.0141,true,1,3868099
7290108356168,false,"כיף - תחליב רחצה אוקיינוס 700 מ""ל",גוד פוד פרודקטס S.p,IL,כייף תחליב רחצה אוקי,מיליליטרים,700.00,"100 מ""ל",false,,9.90,0.0141,true,1,3868100
7290108356182,false,כיף אל סבון תאנה ותה ירוק 1 ליטר משאבה,קוסמופארם בע'\'\מ,IL,כיף אלסבון קטיפתי 1,ליטרים,1.00,100 ליטר,false,,10.90,10.9000,true,1,3892682
7290108356199,false,אל סבון כיף בניחוח אפרסק ופלפל שחור 1 ל,טרופיקל דגיל תעשיות,IL,כיף אלסבון קטיפתי 1,ליטרים,1.00,100 ליטר,false,,10.90,10.9000,true,1,3892683
7290108356519,false,קרליין שמפו 10למניעת קשקשים 700מל,"קוסמופארם בע""\מ",IL,קרליין שמפו 10למניעת,מטרים,700.00,100 מ'ל,false,,13.80,0.0197,true,1,3903047
7290108356526,false,"קרליין - שמפו 10 לשיער יבש 700 מ""ל","קוסמופארם בע""\מ",IL,קרליין שמפו 10לשיער,מטרים,700.00,100 מ'ל,false,,13.80,0.0197,true,1,3903048
7290108356533,false,קרוליין 10 שמפו לשיער מתולתל 700 מל,"קוסמופארם בע""\מ",IL,קרליין שמפו 10לשיער,מטרים,700.00,100 מ'ל,false,,13.80,0.0197,true,1,3903049
7290108356540,false,קרוליין 10 שמפו לשיער צבוע 700 מל,"קוסמופארם בע""\מ",IL,קרליין שמפו 10לשיער,מטרים,700.00,100 מ'ל,false,,13.80,0.0197,true,1,3903050
7290108356557,false,"שמפו 10 לשיער למניעת קשקשים 700 מ""ל קרליין","קוסמופארם בע""\מ",IL,קרליין שמפו 10לשיער,מטרים,700.00,100 מ'ל,false,,13.80,0.0197,true,1,3903051
7290108356564,false,"קרליין - מרכך 10 לשיער רגיל 700 מ""ל","קוסמופארם בע""\מn\",IL,קרליין מרכך 10לשיער,מטרים,700.00,100 מ'ל,false,,13.80,0.0197,true,1,3903052
7290108356571,false,"קרליין - מרכך 10 לשיער יבש 700 מ""ל","קוסמופארם בע""\מ",IL,קרליין מרכך 10לשיער,מטרים,700.00,100 מ'ל,false,,13.80,0.0197,true,1,3903053
7290108356588,false,קרוליין 10 מרכך לשיער מתולתל 700 מל,"קוסמופארם בע""\מ",IL,קרליין מרכך 10לשיער,מטרים,700.00,100 מ'ל,false,,13.80,0.0197,true,1,3903054
7290108356595,false,קרוליין 10 מרכך לשיער צבוע 700 מל,"קוסמופארם בע""\מ",IL,קרליין מרכך 10לשיער,מטרים,700.00,100 מ'ל,false,,13.80,0.0197,true,1,3903055
7290108357004,false,כיף שמפו ורד ושמן קוקוי לרכות וברק,טרופיקל דגיל תעשיות,IL,כיף שמפו לשיער שמן ק,מיליליטרים,700.00,"100 מ""ל",false,,11.50,0.0164,true,1,3879314
7290108357011,false,כיף קונדישינר לשיער שמן קוקוי 700 מל,טרופיקל דגיל תעשיות,IL,כיף קונדישינר לשיער,מיליליטרים,700.00,"100 מ""ל",false,,11.50,0.0164,true,1,3879315
7290108357028,false,"תחליב רחצה כיף ורד ושמן קוקוי 700 מ""ל",קוסמופארם בעמ,IL,כייף תחליב רחצה שמן,מיליליטרים,700.00,"100 מ""ל",false,,9.90,0.0141,true,1,3879316
7290108357042,false,"קרליין - נושם ביו דאודורנט רול און 75 מ""ל Citrus Blossoms לאישה","קוסמופארם בע""\מ",IL,קרליין דיאודורנט נוש,מטרים,75.00,100 מ'ל,false,,11.90,0.1587,true,1,3906439
7290108357059,false,"קרליין - נושם ביו דאודורנט רול און 75 מ""ל Secret Garden לאישה","קוסמופארם בע""\מ",IL,קרליין ביו רולאון נו,מטרים,75.00,100 מ'ל,false,,11.90,0.1587,true,1,3906440
7290108357110,false,"קרליין - נושם ביו דאודורנט רול און 75 מ""ל Valvet Rose לאישה","קוסמופארם בע""\מ",IL,קרליין דיאודורנט ביו,מטרים,75.00,100 מ'ל,false,,0.00,0.0000,true,1,3906444
7290108357189,false,"מבשם ומרכך למייבש הכביסה מקסימה פלורל 750 מ""ל סנו","סנו מפעלי ברונוס בע""\מ",IL,מקסימה למייבש בניחוח,מיליליטרים,750.00,"100 מ""ל",false,,16.30,0.0217,true,1,3879317
7290108357196,false,"ג'ט פלוס לניקוי כללי בתוספת תמצית עץ התה 750 מ""ל סנו",מיוצר עי קונדיטוריית,IL,מתז לניקוי כללי ג'ט+,מיליליטרים,750.00,"100 מ""ל",false,,11.90,0.0159,true,1,3892691
7290108357202,false,סנוקליר לניקוי בניחוח בלו בלוסום 1 ליטר,"סנו מפעלי ברונוס בע""\מ",IL,סנוקליר בניחוח בלו ב,ליטרים,1.00,ליטר,false,,9.90,9.9000,true,1,3892692
7290108357226,false,"אוקסיגן POWER אבקה לכביסה לבנה והסרת כתמים 1.4 ק""ג סנו",החברה הדרומית,IL,אוקסיג'ן אבקה להסרת,גרמים,1400.00,100 גרם,false,,29.90,0.0214,true,1,3903056
7290108357233,false,סנוקליר מטליות לחות לניקוי והברקה 50יח,"סנו מפעלי ברונוס בע""\מ",IL,סנוקליר מטליות לחות,יח',1.00,יח',false,,11.90,11.9000,true,1,3906445
7290108357240,false,"אוקסיג'ן פאוור תוסף להסרת כתמים קשים 1.4 ק""ג",החברה הדרומית,IL,אוקסיג'ן אבקה להסרת,גרמים,1400.00,100 גרם,false,,29.90,0.0214,true,1,3902945
7290108357288,false,אקונומיקה ז'אוול בניחוח פריחה לבנה 4 ל' סנו,סנו ז'אוול Javel,IL,אקונומיקה בריח פריחה,ליטרים,4.00,10 ליטר,false,,17.90,4.4750,true,1,3905143
7290108357394,false,"תחליב רחצה קרמה חלב ודבש 700 מ""ל",קוסמופארם בע'\'\מ,IL,תחליב רחצה קרמה חלב,מיליליטרים,700.00,"100 מ""ל",false,,16.90,0.0241,true,1,3892693
7290108357417,false,"קרמה - קרם גוף קרמה ורד ווניל 500 מ""ל",טרופיקל דגיל תעשיות,IL,קרם גוף קרמה ורד וונ,מיליליטרים,500.00,"100 מ""ל",false,,21.90,0.0438,true,1,3892695
7290108357424,false,"קרם גוף קרמה נרולי ומגנוליה 500 מ""ל",קוסמופארם בע'\'\מ,IL,קרם גוף קרמה נרולי ו,מיליליטרים,500.00,"100 מ""ל",false,,21.90,0.0438,true,1,3891087
7290108357448,false,"קרמה - קרם גוף קרמה לבנדר ואקליפטוס 500 מ""ל",קוסמופארם בע'\'\מ,IL,קרם גוף קרמה לבנדר ו,מיליליטרים,500.00,"100 מ""ל",false,,21.90,0.0438,true,1,3892696
7290108357493,false,"תחליב רחצה קרמה וניל ופלפל ורוד 700 מ""ל",גוד פוד פרודקטס S.p,IL,תחליב רחצה קרמה וניל,מיליליטרים,700.00,"100 מ""ל",false,,16.90,0.0241,true,1,3892697
7290108357707,false,"כיף שמפו לשיער רגיל- תפוח זרעי צ'יה 700 מ""ל",גוד פוד פרודקטס S.p,IL,כיף שמפו לשיער רגיל,מיליליטרים,700.00,"100 מ""ל",false,,11.50,0.0164,true,1,3868101
7290108357714,false,"כיף שמפו לשיער יבש -רימונים ושמן ארגן 700 מ""ל",גוד פוד פרודקטס S.p,IL,כיף שמפו לשיער יבש 7,מיליליטרים,700.00,"100 מ""ל",false,,11.50,0.0164,true,1,3868102
7290108357745,false,שמפו ומרכך 2 ב-1 תאנה ומנטה לכל סוגי השיער,גוד פוד פרודקטס S.p,IL,כיף שמפו ומרכך 2+1 7,מיליליטרים,700.00,"100 מ""ל",false,,11.50,0.0164,true,1,3868104
7290108357769,false,"מרכך לשיער רגיל תפוח וזרעי צ'יה 700 מ""ל כיף",גוד פוד פרודקטס S.p,IL,כיף מרכך לשיער רגיל,מיליליטרים,700.00,"100 מ""ל",false,,11.50,0.0164,true,1,3868106
7290108357776,false,"כיף מרכך לשיער יבש -רימונים ושמן ארגן 700 מ""ל",גוד פוד פרודקטס S.p,IL,כיף מרכך לשיער יבש 7,מיליליטרים,700.00,"100 מ""ל",false,,11.50,0.0164,true,1,3868107
7290108357851,false,"כיף - ג'ל רחצה אליקסיר אוילס מועשר בשמן קוקוס 700 מ""ל","קוסמופארם בע""\מ",IL,כיף ג'ל רחצה מועשר ב,מטרים,700.00,100 מ'ל,false,,9.90,0.0141,true,1,3901385
7290108358070,false,"תחליב רחצה קרמה קלאסי 700 מ""ל",גוד פוד פרודקטס S.p,IL,תחליב רחצה קרמה קלאס,מיליליטרים,700.00,"100 מ""ל",false,,16.90,0.0241,true,1,3892699
7290108358094,false,"קרמה - תחליב רחצה חמאת שיאה וקוקוי 500 מ""ל","קוסמופארם בע""\מn\",IL,קרמה תחליב רחצה שיאה,מטרים,500.00,100 מ'ל,false,,12.90,0.0258,true,1,3897912
7290108358117,false,"פרש הום מקלות ריחניים לבית בניחוח כביסה רעננה 100 מ""ל",החברה הדרומית,IL,סנו פרש הום מקלות רי,מטרים,100.00,100 מ'ל,false,,19.90,0.1990,true,1,3903058
7290108359008,false,סושי שקיות זיפר עם סליידר 15 יח לארג',החברה הדרומית,CN,סושי שקיות זיפר עם ס,יח',1.00,יח',false,,14.90,14.9000,true,1,3901387
7290108359039,false,שקיות אשפה עם ידיות סנו סושי לפחים 30 יחידות,סנאט גרופ,TR,שקיות אשפה עם ידית 9,יח',30.00,יח',false,,19.90,0.6633,true,1,3892701
7290108359046,false,שקיות אשפה EXTRA חזקאות במיוחד XXL סנו סושי 20 יח',סנו,TR,שקיות אשפה אקסטרה חז,יח',1.00,יח',false,,24.90,24.9000,true,1,3892702
7290108359060,false,סנו סושי כריות הפלא רב תכלתיות *4 לשבת,סנו מפעלי ברונו בעמ,IL,סנו כריות ניקוי לשבת,יח',1.00,יח',false,,9.90,9.9000,true,1,3892703
7290108359114,false,סנו סושי – 10 חמגשית אלומיניום עם מכסה,סנו סושי,IL,סושי חמגשית אלומיניו,יח',10.00,יח',false,,9.90,0.9900,true,1,3906835
7290108359824,false,"כיף - בייבי כיף קרם 500 מ""ל",קוסמופארם בעמ,IL,קרם גוף בייבי כיף 50,מיליליטרים,750.00,"100 מ""ל",false,,19.90,0.0265,true,1,3868110
7290108359848,false,שמפו אל דמע בייבי כיף 1 ליטר,בייבי כיף Baby,IL,שמפו אלדמע בייבי כיף,ליטרים,1.00,ליטר,false,,17.90,17.9000,true,1,3868112
7290108359862,false,בייבי כיף אל סבון 1 ליטר,בייבי כיף Baby,IL,אלסבון בייבי כיף 1 ל,ליטרים,1.00,ליטר,false,,17.90,17.9000,true,1,3868114
7290108359879,false,"אלסבון בייבי כיף+משאבה 750 מ""ל",קוסמופארם בעמ,IL,אלסבון בייבי כיף 750,מיליליטרים,750.00,"100 מ""ל",false,,13.90,0.0185,true,1,3868115
7290108359886,false,תחליב רחצה בייבי כיף 1 ליטר,בייבי כיף Baby,IL,תחליב רחצה בייבי כיף,ליטרים,1.00,ליטר,false,,17.90,17.9000,true,1,3868116
7290108359961,false,אורביטול משחת שיניים פרוטקט פרש 145 ג' שלישיה,טרופיקל דגיל תעשיות קוסמ,IL,שלישיית משחות שיניים,יח',1.00,יח',false,,19.90,19.9000,true,1,3879318
7290108359985,false,סנו - ז'אוול מרסס קצף לניקוי וחינו בניחוח פריחה לבנה 1 ליטר,סנו ז'אוול Javel,IL,קצף לניקוי כללי פריח,100 מל,750.00,100 מל,false,,16.90,0.0225,true,1,3905854
7290108465679,false,גרביי גבים זוגות,,,גרביי (3) אלגנט,יח',1.00,יח',false,,20.00,20.0000,true,1,1985359
7290108468939,false,גרבי בריאות (3) גבר LEE COOPER,,,גרביי בריאות (3) גבר,יח',1.00,יח',false,,20.00,20.0000,true,1,3101613
7290108500677,false,כבד דג שיבוט בשמן דג וילי פוד 115 גרם,"איטיליאן פוד, אס.פי.",IS,כבד דג שיבוט בשמן דג,גרמים,115.00,100 גרם,false,,8.90,0.0774,true,1,1945725
7290108501087,false,גרעיני תירס 285 גר רמילוי,,,גרעיני תירס 285 גר ר,גרמים,285.00,100 גרם,false,,3.90,0.0137,true,1,2714757
7290108501360,false,גבינת צ'דר בשלה ויליפוד 200 גרם,ווייקה פארמס,GB,גבינת צ'ידר בשלה 200,גרמים,200.00,100 גרם,false,,17.90,0.0895,true,1,3835529
7290108501391,false,גבינה חצי קשה חלב עיזים פרוס 150 גר,ג.וילי פוד אינטרנשיונל ב,IL,גבינה חצי קשה חלב עי,גרמים,150.00,100 גרם,false,,21.90,0.1460,true,1,3835531
7290108501407,false,גבינת צ'דר מיושנת ויליפוד 200 גרם,וויקה פארמס אל.טי.די,GB,גבינת צ'ידר מיושנת 2,גרמים,200.00,100 גרם,false,,17.90,0.0895,true,1,3835532
7290108501506,false,גבינת חלומי יורו ציז,סאסו פטוראגס קומטויס אף,CY,גבינת חלומי 200 גר,גרמים,200.00,100 גרם,false,,16.90,0.0845,true,1,3835541
7290108502145,false,גבינת צ'דר בשלה פרוס150ג,,GB,גבינה צ'דר בשלה פרוס,גרמים,150.00,100 גרם,false,,16.90,0.1127,true,1,3894162
7290108502329,false,רביעיית טונה בשמן זית ויליפוד 4*160 גרם,גולדן פרייז קאנינג אל טי,TH,רביעיית נתחי טונה בש,גרמים,160.00,100 גרם,false,,26.90,0.1681,true,1,3870577
7290108502589,false,גבינת שמנת עם שום ויליפוד 200 גרם,אטלסר&אלפרי קאסורק,DE,גבינת שמנת עם שום 20,גרמים,200.00,100 גרם,false,,10.90,0.0545,true,1,3865269
7290108502725,false,גבינת גאודה פרוסות ויליפוד 400 גרם,ג.וילי פוד אינטרנשיונל ב,IL,גבינת גאודה 400 גר,גרמים,400.00,100 גרם,false,,19.90,0.0497,true,1,3870592
7290108502862,false,מלפפונים כבושים במלח 18-25 קטנים ויליפוד 600 גרם,זיתור סאן גידה סני וטיקר,TR,מלפפונים קטנים 18-25,גרמים,600.00,100 גרם,false,,8.90,0.0148,true,1,3892900
7290108503043,false,תפוחונים חטיף פלחים מיובשים מארז 22X4ג',הביי דונגפנג פוד קו. בעמ,CN,מארז תפוחונים מיובשי,יח',1.00,יח',false,,14.20,14.2000,true,1,3868503
7290108503159,false,גבינה כחולה עם עובש 31% ויליפוד 100 גרם,קסוס אל פסטור,ES,גבינה כחולה עם עובש,גרמים,100.00,100 גרם,false,,9.90,0.0990,true,1,3870600
7290108503647,false,"DAAWAT אורז בסמטי מהדרין ויליפוד 1 ק""ג",אל.טי.פודס בעמ,IN,אורז בסמטי 1קג מהדרי,קילוגרמים,1.00,"ק""ג",false,,11.90,11.9000,true,1,3868509
7290108503791,false,ניוקי תפוח אדמה 3 צבעים 500 גרם (ללא גלוטן),סיימה אלימנטרי,IT,ניוקי תפוא 3 צבעים ל,גרמים,500.00,100 גרם,false,,11.90,0.0238,true,1,3890837
7290108503982,false,פרוסות גבינה בטעם צ'דר לכריכים וטוסטים ויליפוד 150 גרם,סנטרל קסרה,ES,פרוסות גבינת צ'דר 15,גרמים,150.00,100 גרם,false,,9.90,0.0660,true,1,3875396
7290108504279,false,קשקבל \איבריקו\ מנצ'גו צ'אנק 150 גרם,ג.וילי פוד אינטרנשיו,ES,קשקבל צ'אנק 150 גר,יח',1.00,יח',false,,16.90,16.9000,true,1,3870621
7290108505726,false,אצבעות גבינת חצי קשה EURO CHEESE ויליפוד 200 גרם,סאסו פטוראגס קומטויס אף,TR,אצבעות גבינה חצי קשה,גרמים,200.00,100 גרם,false,,12.90,0.0645,true,1,3885588
7290108505740,false,קשקבל גבינה חצי קשה EURO CHEESE ויליפוד 200 גרם,Euro יורו מחלבות אירופה,TR,גבינת קשקבל חצי קשה,גרמים,200.00,100 גרם,false,,12.90,0.0645,true,1,3885590
7290108506495,false,"כנאפה מאפה בצק ""שערות"" קדאיף וגבינה",ארמה גרופ,TR,כנאפה קפוא,גרמים,192.00,100 גרם,false,,12.90,0.0672,true,1,3885010
7290108506501,false,אצבעות בצק פילו ממולאות גבינה 500 ג' ויליפוד,סיהאן גידה,TR,אצבעות בצק פילו ממול,גרמים,500.00,100 גרם,false,,16.90,0.0338,true,1,3900100
7290108506518,false,אצבעות בצק פילו ממולאות גבינה ותרד 500 ג' ויליפוד,סיהאן גידה,TR,אצבעות בצק פילו ממול,גרמים,500.00,100 גרם,false,,16.90,0.0338,true,1,3900101
7290108506549,false,גליליות וופל במילוי קרם וניל פינוקים 400 גרם,Unknown,GR,גליליות וופל במילוי,גרמים,400.00,100 גרם,false,,12.90,0.0323,true,1,3885551
7290108506624,false,גבינת עיזים צ'אנק ויליפוד 150 גרם,אל פסטור,ES,עיזים צ'אנק 150 גר,יח',1.00,יח',false,,16.90,16.9000,true,1,3886492
7290108506709,false,גבינת פרמג'יאנו רג'יאנו 150 גר' רבנות,וילי פוד,IT,גבינת פרמג'נו רג'יאנ,גרמים,150.00,100 גרם,false,,17.90,0.1193,true,1,3885283
7290108506969,false,מאפה בורקס מים תורכי גבינה ויליפוד 300 גרם,וילי פוד,TR,מאפה בורקס תורכי גבי,גרמים,300.00,100 גרם,false,,12.90,0.0430,true,1,3886493
7290108507010,false,מאפה בורקס מים תורכי תרד וגבינה ויליפוד 300 גרם,וילי פוד,TR,מאפה בורקס תורכי תרד,גרמים,300.00,100 גרם,false,,12.90,0.0430,true,1,3886494
7290108507065,false,גבינת פרמג'אנו רגיאנו מגורדת ויליפוד 100 גרם,זנאתי,IT,גבינת פרמג'אנו מגורד,גרמים,100.00,100 גרם,false,,13.90,0.1390,true,1,3894176
7290108507072,false,שבבי גבינת גרנה פדנו ויליפוד 100 גרם,זנאתי,IT,שבבי גבינת גרנה פדנו,גרמים,100.00,100 גרם,false,,9.90,0.0990,true,1,3894177
7290108507188,false,כנאפה קפוא אריזה משפחתית 657.5 גרם,ארמה גרופ,TR,כנאפה אריזה משפחתית,גרמים,657.00,100 גרם,false,,29.90,0.0455,true,1,3889908
7290108507294,false,יאסו יוגורט יווני טע,,,יאסו יוגורט יווני טע,גרמים,150.00,100 גרם,false,,4.80,0.0320,true,1,3894968
7290108507300,false,יאסו יוגורט יווני טע,,,יאסו יוגורט יווני טע,גרמים,150.00,100 גרם,false,,4.80,0.0320,true,1,3894969
7290108507317,false,יאסו יוגורט יווני ושבבי שוקולד רמילוי,,,יאסו יוגורט יווני וש,גרמים,150.00,100 גרם,false,,4.80,0.0320,true,1,3894970
7290108507324,false,יאסו יוגורט יווני טע,,,יאסו יוגורט יווני טע,גרמים,150.00,100 גרם,false,,4.80,0.0320,true,1,3894971
7290108507331,false,יאסו יוגורט יווני טעם קוקוס רמילוי,,,יאסו יוגורט יווני טע,גרמים,150.00,100 גרם,false,,4.80,0.0320,true,1,3894972
7290108507348,false,יאסו יוגורט יווני טעם אוכמניות רמילוי,,,יאסו יוגורט יווני טע,גרמים,150.00,100 גרם,false,,4.80,0.0320,true,1,3894973
7290108507355,false,יאסו יוגורט יווני טע,,,יאסו יוגורט יווני טע,גרמים,150.00,100 גרם,false,,4.80,0.0320,true,1,3894974
7290108507386,false,יאסו יוגורט יווני טעם טבעי רמילוי,,,יאסו יוגורט יווני טע,גרמים,150.00,100 גרם,false,,4.80,0.0320,true,1,3890888
7290108507492,false,קרקרים עם שומשום 105ג רמילוי,,,קרקרים עם שומשום 105,גרמים,105.00,100 גרם,false,,4.90,0.0467,true,1,3894977
7290108507508,false,קרקרים עם תרד ושמיר 105ג רמילוי,,,קרקרים עם תרד ושמיר,גרמים,105.00,100 גרם,false,,4.90,0.0467,true,1,3894978
7290108507607,false,גבינת פרמז'ן קשה 27% רמילוי 200גר,,,גבינת פרמז'ן קשה 27%,גרמים,200.00,100 גרם,false,,22.90,0.1145,true,1,3894979
7290108507942,false,ירקות גינה+טונה 160 גרם בית יוסף,גולדן פרייז קאנינג אל טי,TR,ירקות גינה עם טונה 1,גרמים,160.00,100 גרם,false,,11.90,0.0744,true,1,3892902
7290108508031,false,ויליפוד אננס שלם 830 גרם,אנגס פארם,TH,אננס שלם 830 גר וילי,גרמים,830.00,100 גרם,false,,9.50,0.0114,true,1,3904577
7290108508178,false,פסטה פנה ללא גלוטן 400 גרם חתם סופר,,,פסטה פנה ללא גלוטן 4,גרמים,400.00,100 גרם,false,,8.90,0.0223,true,1,3890838
7290108508185,false,פסטה ריגטוני ללא גלוטן 400 גרם חתם סופר,וילי פוד,TR,פסטה ריגטוני ללא גלו,גרמים,400.00,100 גרם,false,,8.90,0.0223,true,1,3892907
7290108508390,false,כריות דגנים טעם וניל,,,כריות דגנים טעם וניל,גרמים,500.00,100 גרם,false,,14.90,0.0298,true,1,3891139
7290108508413,false,כריות דגנים טעם קקאו,,,כריות דגנים טעם קקאו,גרמים,500.00,100 גרם,false,,14.90,0.0298,true,1,3890889
7290108508468,false,משקה יוגורט אננס2.6% 200,,TR,משקה יוגורט אננס 200,מיליליטרים,200.00,"100 מ""ל",false,,4.90,0.0245,true,1,3894215
7290108508475,false,משקה יוגורט תות שדה 200מ,אקר,TR,משקה יוגורט תות שדה,מיליליטרים,200.00,"100 מ""ל",false,,4.90,0.0245,true,1,3894216
7290108508482,false,"משקה יוגורט עם אפרסק 2.6% 200 מ""ל",אקר,TR,משקה יוגורט אפרסק ומ,מיליליטרים,200.00,"100 מ""ל",false,,4.90,0.0245,true,1,3894217
7290108508703,false,טורטיה ללא גלוטן 270 גרם ויליפוד,מוטלוקל גידה סאנאי טיקרט,TR,טורטיה ללא גלוטן 270,גרמים,270.00,100 גרם,false,,9.90,0.0367,true,1,3891364
7290108508710,false,ממתקים חמוצים בטעם פירות עם מילוי 250 גרם,,,ממתקים חמוצים טעם פי,גרמים,250.00,100 גרם,false,,6.90,0.0276,true,1,3891224
7290108508888,false,ביסקוויטים פתי בר ויליפוד 500 ג',ארגון ציקולאטה,TR,ביסקוויט פתי בר 500,גרמים,500.00,100 גרם,false,,5.90,0.0118,true,1,3892920
7290108509007,false,פריכיות אורז בציפוי,,,פריכיות אורז בציפוי,יח',1.00,יח',false,,6.90,6.9000,true,1,3892922
7290108509014,false,פריכיות אורז בציפוי,אורק,TR,פריכיות אורז בציפוי,יח',1.00,יח',false,,6.90,6.9000,true,1,3892923
7290108509045,false,גבינת מוצרלה מגורדת 300ג רמילוי,,,גבינת מוצרלה מגורדת,גרמים,300.00,100 גרם,false,,15.90,0.0530,true,1,3894983
7290108509090,false,גבינה מותכת משולשים 14% שומן יורו 200 ג',סוטאש,TR,גבינה מותכת משולשים,גרמים,200.00,100 גרם,false,,14.50,0.0725,true,1,3891399
7290108509113,false,"גבינה בולגרית מעודנת 18% שומן 250 גרם חת""ס פ""ת",Euro יורו מחלבות אירופה,TR,גבינה בולגרית 18% מע,גרמים,250.00,100 גרם,false,,11.90,0.0476,true,1,3894228
7290108509168,false,שלישיית עגבניות קוביות במיץ עגבניות ויליפוד 3*400,וילי פוד,IT,שלישיית עגבניות קובי,גרמים,400.00,100 גרם,false,,12.90,0.0323,true,1,3892926
7290108509250,false,"אנטיפסטי ארטישוק+עגבניות מיובשות וצלפים בשמן חמניות 380 מ""ל",אלימנטוס אי קונסרבס דל א,IT,אנטיפסטי ארטישוק,גרמים,380.00,100 גרם,false,,22.90,0.0603,true,1,3892927
7290108509298,false,גבינת גאודה מעושנת פ,,,גבינת גאודה מעושנת פ,גרמים,150.00,100 גרם,false,,13.70,0.0913,true,1,3905478
7290108509397,false,עלי בצק פילו [משולשים] 360 גרם,ארמה גרופ,TR,עלי בצק פילו 360 גר,גרמים,360.00,100 גרם,false,,9.90,0.0275,true,1,3894233
7290108509403,false,חלבה טורקית קלאסית 350 גרם ויליפוד,וילי פוד,TR,חלבה טורקית קלאסית 3,גרמים,350.00,100 גרם,false,,10.90,0.0311,true,1,3890407
7290108509410,false,חלבה טורקית עם קקאו 350 גרם ויליפוד,וילי פוד,TR,חלבה טורקית עם קקאו,גרמים,350.00,100 גרם,false,,10.90,0.0311,true,1,3892928
7290108509434,false,טחינה ויליפוד 500 גרם,,TR,טחינה 500 גר,גרמים,500.00,100 גרם,false,,10.90,0.0218,true,1,3892930
7290108509540,false,רוטב ברביקיו ויליפוד 350 גרם,וילי פוד,,רוטב ברביקיו 350 גר,גרמים,350.00,100 גרם,false,,8.90,0.0254,true,1,3891365
7290108509625,false,זיתים ירוקים ופלפל על הגריל מגולענים במרינדה 730 גרם ויליפוד,,TR,זיתים ירוקים ופלפל ע,גרמים,730.00,100 גרם,false,,23.90,0.0327,true,1,3892934
7290108509649,false,זיתי קלמטה מגורענים 780 גרם,,TR,זיתי קלמטה מגולענים,גרמים,780.00,100 גרם,false,,17.90,0.0229,true,1,3892936
7290108509656,false,מיקס זיתים פרוסות 800 גר,,,מיקס זיתים פרוסות 80,גרמים,800.00,100 גרם,false,,13.90,0.0174,true,1,3892937
7290108509670,false,זיתים ירוקים ממולאים פלפל אדום 820 גרם,,TR,זיתים ירוקים ממולאים,גרמים,820.00,100 גרם,false,,17.90,0.0218,true,1,3891092
7290108509694,false,זיתים ירוקים ממולאים פלפל פפרוני 820 גרם,,TR,זיתים ירוקים ממולאים,גרמים,820.00,100 גרם,false,,17.90,0.0218,true,1,3891366
7290108509939,false,פרוסות פילה טונה בשמן זית כתית מעולה,וילי פוד,TH,פרוסות פילה טונה 120,גרמים,120.00,100 גרם,false,,12.90,0.1075,true,1,3894234
7290108620023,false,יין קפיטל קברנה סובניון יבש אדום 750 מל,יקבי ציון,IL,יין קפיטל קברנה סובנ,מיליליטרים,750.00,"100 מ""ל",false,,59.90,0.0799,true,1,3890445
7290108620054,false,יין אסטייט קברנה סובניון יבש אדום 750 מל,יקבי ציון,IL,יין אסטייט קברנה סוב,מיליליטרים,750.00,"100 מ""ל",false,,39.90,0.0532,true,1,3894877
7290108620061,false,יין אסטייט שיראז יבש אדום 750 מל,יקבי ציון,IL,יין אסטייט שיראז יבש,מיליליטרים,750.00,"100 מ""ל",false,,39.90,0.0532,true,1,3894878
7290108620115,false,יין אימפריאל מרלו אדום יבש 750 מל,יקבי ציון,IL,יין אימפריאל מרלו אד,מיליליטרים,750.00,"100 מ""ל",false,,29.90,0.0399,true,1,3891136
7290108620153,false,יין אסטייט קברנה סמי חצי מתוק אדום 750 מל,יקבי ציון,IL,יין אסטייט קברנה סמי,מיליליטרים,750.00,"100 מ""ל",false,,39.90,0.0532,true,1,3894882
7290108620306,false,"אימפריאל - קברנה סובניון - 375 מ""ל",יקב ציון,IL,אימפריאל קברנה סובני,מטרים,375.00,100 מ'ל,false,,16.90,0.0451,true,1,3900152
7290109351025,false,מלך החומוס חומוסטחינה 40% טחינה גולמית,סלטי צבר,IL,צבר חומוס טחינה 400,גרמים,400.00,100 גרם,false,,13.90,0.0348,true,1,1330246
7290109351957,false,פריכיות אורז מלא פיטנס עם שכבת שוקולד חלב,סנורייס בלגיום אן. ו,BE,פיטנס פריכיות גדולות,גרמים,100.00,100 גרם,false,,8.50,0.0850,true,1,2307928
7290109351971,false,פריכיות דגנים פיטנס מצופות שוקולד חלב,פרח תעשיות,IL,פיטנס בר פריכיות שוק,גרמים,84.00,100 גרם,false,,11.90,0.1417,true,1,1838421
7290109352916,false,פריכיות דגנים פיטנס מצופות שוקולד לבן,פרח תעשיות,IL,פיטנס בר פריכיות שוק,גרמים,84.00,100 גרם,false,,11.90,0.1417,true,1,1838422
7290109354972,false,אוסם - פתי בר וניל חלבי ללא גלוטן 200 גרם,מיוצר עי קונדיטוריית,IL,"אסם פתי בר לל""ג קלאס",גרמים,200.00,100 גרם,false,,8.90,0.0445,true,1,1838397
7290109356556,false,"קרקר חטיף אפוי 170ג' כשל""פ אסם",מיוצר עי קונדיטוריית,IL,"חטיפי קרקר כשל""פ 170",גרמים,170.00,100 גרם,false,,6.90,0.0406,true,1,2600592
7290109358482,false,עוגיות קרמוגית במילוי קרם בטעם חלבה,"הגביע מוצרי וופלים בע""\מ",IL,אסם קרמוגית במילוי ק,גרמים,200.00,100 גרם,false,,9.90,0.0495,true,1,3867573
7290109580012,false,בורגר אנטריקוט קלאסי 360,זוגלובק,IL,בורגר אנטריקוט קלאסי,גרמים,360.00,100 גרם,false,,23.90,0.0664,true,1,3885023
7290109580043,false,"שניצל תירס קלאסי זוגלובק 1.75 ק""ג",זוגלובק,IL,שניצל תירס 1.75קג בד,קילוגרמים,1.75,"ק""ג",false,,49.90,28.5143,true,1,3894861
7290109580050,false,נקניקיות צ'וריסוס וונדרס 0% בשר טבעוני ללא גלוטן,"וונדרס ע""י זוגלובק 2000",IL,נקניקיות צ'וריסוס 22,גרמים,226.00,100 גרם,false,,26.90,0.1190,true,1,3891293
7290109580067,false,"טחון וונדרס 0% בשר , טבעוני","וונדרס ע""י זוגלובק 2000",IL,טחון 340גר וונדרס,גרמים,340.00,100 גרם,false,,26.90,0.0791,true,1,3896761
7290109580081,false,וונדרס בורגר 226 גרם,"וונדרס ע""י זוגלובק 2000",IL,בורגר 226גר וונדרס,גרמים,226.00,100 גרם,false,,26.90,0.1190,true,1,3896762
7290109580098,false,קבנוס בטעם סרירצ'ה זוגלובק 135 גרם,זוגלובק,IL,קבנוס טעם סרירצ'ה 13,גרמים,135.00,100 גרם,false,,9.90,0.0733,true,1,3904822
7290109580104,false,רוסטביף פרימיום זוגלובק 150 גרם,זוגלובק,IL,רוסטביף,יח',1.00,יח',false,,24.90,24.9000,true,1,3894862
7290109580111,false,צלעות אסאדו מעושנות פרימיום זוגלובק 120 גרם,זוגלובק,IL,צלעות אסאדו מעושנות,גרמים,120.00,100 גרם,false,,24.70,0.2058,true,1,3903120
7290109580135,false,קורנדביף פרימיום 180 גרם זוגלובק,זוגלובק,IL,זוגלובק פרימיום קורנ,גרמים,180.00,100 גרם,false,,24.90,0.1383,true,1,3894863
7290109580159,false,פסטרמה בנוסח טוסקנה פרימיום זוגלובק 180 גרם,זוגלובק,IL,פסטרמה נוסח טוסקנה,יח',1.00,יח',false,,24.90,24.9000,true,1,3891135
7290109580166,false,סרוולד קלאסי פרימיום זוגלובק 150 גרם,זוגלובק,IL,סרוולד קלאסי,יח',1.00,יח',false,,24.90,24.9000,true,1,3894865
7290109580203,false,קציצות עראייס למחבת,זוגלובק,IL,קציצות עראיס,יח',1.00,יח',false,,23.90,23.9000,true,1,3889237
7290109580210,false,נקנקיות ריינהולד'ס הצרפתיה זוגלובק 300 ג',זוגלובק,IL,נקניקיות ריינהולד'ס,גרמים,300.00,100 גרם,false,,19.90,0.0663,true,1,3890349
7290109580227,false,נקניקיות עוף ובקר בסגנון ברלינאי קאריוורסט,זוגלובק,IL,נקניקיות ריינהולד'ס,גרמים,300.00,100 גרם,false,,19.90,0.0663,true,1,3890350
7290109580234,false,"נקניקיות מרגז חריפות וונדרס 0% בשר, טבעוני",זוגלובק וונדרס Wonders,IL,נקניקיות מרגז 226גר,גרמים,280.00,100 גרם,false,,26.90,0.0961,true,1,3901569
7290109580319,false,"בורגר וונדרס 0% בשר , טבעוני",זוגלובק וונדרס Wonders,IL,בורגר 280גר וונדרס,גרמים,280.00,100 גרם,false,,26.90,0.0961,true,1,3901570
7290109640020,false,גוש טבעוני בטעם מוצרלה 18% שומן 300 גרם - משומשו,וי גרדן,IL,משומשו טבעוני בטעם מ,גרמים,300.00,100 גרם,false,,17.90,0.0597,true,1,1635925
7290109640396,false,ממרח שום שמיר על בסיס קוקוס 9% שומן 200 גרם - משומשו,גן שמואל-תעשיות בריאות,IL,משומשו ממרח שום שמיר,גרמים,200.00,100 גרם,false,,14.90,0.0745,true,1,3891624
7290109920146,false,"דורגול מסיר אבנית מקומקומים 750 מ""ל",יעקובי דורגול,CH,דורגול מסיר אבנית 75,מיליליטרים,750.00,"100 מ""ל",false,,17.90,0.0239,true,1,2156849
7290109920313,false,"אסטוניש מרסס לניקוי חלונות 750 מ""ל",יעקבי- אסטוניש Astonish,GB,אסטוניש מרסס שמשות 7,מיליליטרים,750.00,"100 מ""ל",false,,11.90,0.0159,true,1,3868344
7290109920320,false,"מרסס משמיד עובש 750 מ""ל אסטוניש",יעקובי אסטוניש,GB,אסטוניש מרסס לעובש 7,מיליליטרים,750.00,"100 מ""ל",false,,11.90,0.0159,true,1,3837469
7290109920580,false,"מרסס עם אקונומיקה 750 מ""ל אסטוניש",יעקובי אסטוניש,GB,אסטוניש מרסס עם אקונ,מיליליטרים,750.00,"100 מ""ל",false,,11.90,0.0159,true,1,3840097
7290109920603,false,"אסטוניש קרם לניקוי המטבח 500 מ""ל",יעקובי אסטוניש,GB,אסטוניש קרם מטבח,מיליליטרים,500.00,"100 מ""ל",false,,10.90,0.0218,true,1,3868346
7290109920658,false,"אסטוניש - מרסס אנטי בקטריאלי למטבח 750 מ""ל",יעקובי אסטוניש,GB,אסטוניש מרסס אנטיבקט,מיליליטרים,750.00,"100 מ""ל",false,,11.90,0.0159,true,1,3868348
7290109920665,false,"אסטוניש - מרסס מסיר אוכל שרוף במטבח 750 מ""ל",יעקבי- אסטוניש Astonish,GB,אסטוניש מרסס למטבח 7,מיליליטרים,750.00,"100 מ""ל",false,,11.90,0.0159,true,1,3843355
7290109920825,false,צמד-דורגול אספרסו + דורגול מקציף חלב מתנה,יעקובי דורגול,CH,דורגול אספרסו 500 מל,מיליליטרים,500.00,"100 מ""ל",false,,28.90,0.0578,true,1,3868350
7290109920887,false,גל כביסה הפי מיוחד לכביסה ביד צמר ומשי,יעקובי הפי,BE,הפי ג'ל מיוחד לכביסה,מטרים,1000.00,100 מ'ל,false,,14.90,0.0149,true,1,3892829
7290109921303,false,טורבול סופג לחות 2 מגשיות,יעקובי,SE,טורבולן סופג לחות,יח',1.00,יח',false,,29.90,29.9000,true,1,3868356
7290109921334,false,אידיאל פרוטקט יעקבי 15 דפי כביסה,יעקובי,ES,דפי כביסה 15 יח,קילו,1.00,קילו,false,,14.90,14.9000,true,1,3868357
7290109921372,false,משחה לניקוי תנורים אסטוניש+ספוג 250 גר,יעקובי אסטוניש,GB,אסטוניש לתנורים+פרש,יח',1.00,יח',false,,15.90,15.9000,true,1,3868358
7290109921389,false,נוזל מקצועי לניקוי רצפות השיפוצניק יעקבי,יעקובי,TR,שטיפת רצפות לאחר שיפ,יח',1.00,יח',false,,19.90,19.9000,true,1,3892832
7290109921419,false,כדוריות אסלה כחול + אקונומיקה הפי יעקבי 2*33,רלווי,IT,סבון אסלה כחול+אקונו,יח',1.00,יח',false,,9.90,9.9000,true,1,3892833
7290109921488,false,"דורגול לניקוי וחיטוי מכונת הכביסה יעקבי 500 מ""ל",יעקובי דורגול,DE,דורגול לניקוי מכונת,מיליליטרים,500.00,"100 מ""ל",false,,28.90,0.0578,true,1,3879367
7290109921686,false,מטליות לחות פוליבוי לניקוי רהיטים 24 יח',יעקובי,DE,פוליבוי 24 מטליות לנ,יח',1.00,יח',false,,10.90,10.9000,true,1,3892834
7290109921723,false,"דורגול ג'ל לאסלה 750 מ""ל",יעקובי דורגול,,דורגול ג'ל אסלה 750,מיליליטרים,750.00,"100 מ""ל",false,,19.90,0.0265,true,1,3891361
7290109921853,false,אסטוניש המשחה המקורית לניקוי עם עוצמה,יעקבי- אסטוניש Astonish,GB,אסטוניש משחה לניקוי,גרמים,150.00,100 גרם,false,,15.90,0.1060,true,1,3892835
7290109922867,false,2 in 1 - סופרו - ג'ל כביסה מרוכז עם מרכך יעקבי,וונדפוט,BE,ג'ל כביסה סופרו 2ב1,ליטרים,2.50,ליטר,false,,0.00,0.0000,true,1,3906851
7290109923024,false,"אסטוניש מרסס פרימיום ארומטיק למטבח 750 מ""ל",יעקובי אסטוניש,GB,אסטוניש מרסס ארומטיק,מטרים,750.00,100 מ'ל,false,,14.90,0.0199,true,1,3903391
7290109923031,false,"אסטוניש מרסס פרימיום ארומטיק למקלחון 750 מ""ל",יעקובי אסטוניש,GB,אסטוניש מרסס ארומטיק,מטרים,750.00,100 מ'ל,false,,14.90,0.0199,true,1,3903392
7290110058869,false,שלישית ביצי שוקולד (חלב ישראל) סמי הכבאי (3X24),שמחה זה אנחנו,IT,שלישית ביצי שוקולד (,גרמים,20.00,100 גרם,false,,12.90,0.6450,true,1,3677953
7290110110277,false,"סומרסבי סיידר תפוחים אלכוהולי 4*300 מ""ל","קרלסברג קרואטיה , יב",HR,סומרסבי סיידר 4 בק 3,מיליליטרים,330.00,"100 מ""ל",false,,30.90,0.0936,true,1,3866652
7290110113261,false,נקטר חמוציות 19 קלוריות SPRAY OCEAN פריגת 1 ליטר,קריות זול,IL,נקטר חמוציות אושן ספ,ליטרים,1.00,ליטר,false,,11.00,11.0000,true,1,3897646
7290110114510,false,סירופ פריגת שייק בננ750מ,סירופ - גבעת חיים,IL,סירופ להכנת שייק טעם,מטרים,750.00,100 מ'ל,false,,19.90,0.0265,true,1,3891783
7290110114787,false,נביעות+ מים מינרליים בטעם תפוח 1.5 ליטר,נביעות טבע הגליל בעמ,IL,נביעות+ מים מינרליים,ליטרים,1.50,ליטר,false,,8.00,5.3333,true,1,3897647
7290110114794,false,נביעות+ מים מינרליים בטעם אפרסק 1.5 ליטר,"נביעות טבע הגליל בע""\מ ,",IL,נביעות+ מים מינרליים,ליטרים,1.50,ליטר,false,,8.00,5.3333,true,1,3897648
7290110114800,false,נביעות+ מים מינרליים בטעם ענבים 1.5 ליטר,"נביעות טבע הגליל בע""\מ",IL,נביעות+ מים מינרליים,ליטרים,1.50,ליטר,false,,8.00,5.3333,true,1,3897649
7290110114817,false,מים בטעם פרי מנגו 1.5 ל' נביעות,"נביעות טבע הגליל בע""\מ",IL,נביעות+ רכיבי פרי מנ,ליטרים,1.50,ליטר,false,,8.60,5.7333,true,1,3897650
7290110114824,false,נביעות+רכיבי פרי אבטיח 1.5 ליטר פיקדון,"נביעות טבע הגליל בע""\מ",IL,נביעות+ רכיבי פרי אב,ליטרים,1.50,ליטר,false,,8.60,5.7333,true,1,3897651
7290110114831,false,נביעות+רכיבי פרי אננס 1.5 ליטר פיקדון,"נביעות טבע הגליל בע""\מ",IL,נביעות+ רכיבי פרי אנ,ליטרים,1.50,ליטר,false,,8.60,5.7333,true,1,3897652
7290110114848,false,נביעות+ רכיבי פרי ליצ'י 1.5 ליטר-,"נביעות טבע הגליל בע""\מ",IL,נביעות+ רכיבי פרי לי,ליטרים,1.50,ליטר,false,,8.60,5.7333,true,1,3897653
7290110114855,false,"נביעות מים מינרליים, שישיה 6 * 1.5 ליטר פקדון",נביעות טבע הגליל בעמ,IL,מים מינרליים נביעות,ליטרים,1.50,ליטר,false,,12.70,8.4667,true,1,3897654
7290110114886,false,פריגת סחוט טרי קלמנטינה 2 ליטר,פריגת מצוננים,IL,סחוט קלמנטינה 2לי,ליטרים,2.00,ליטר,false,,27.30,13.6500,true,1,3897628
7290110114893,false,פריגת סחוט טרי תפוז 2 ליטר,פריגת מצוננים,IL,סחוט תפוז 2לי,ליטרים,2.00,ליטר,false,,27.90,13.9500,true,1,3897629
7290110114909,false,"100% מיץ תפוחים צלול עשוי מרכז, 2 ליטר",היינץ צפון אמריקה מק,IL,סחוט תפוח צלול 2לי,ליטרים,2.00,ליטר,false,,27.90,13.9500,true,1,3897630
7290110114916,false,מיץ סחוט לימונענע פריגת 2 ליטר,פריגת מצוננים,IL,סחוט לימונענע 2לי,ליטרים,2.00,ליטר,false,,28.30,14.1500,true,1,3897631
7290110114954,false,מיץ תפוזים מתקתקים פריגת 2 ליטר,פריגת מצוננים,IL,תפוזים מתקתק 100% 2ל,ליטרים,2.00,ליטר,false,,16.90,8.4500,true,1,3897633
7290110114961,false,משקה קל תפוזים פריגת 1.5 ליטר,מבשלות בירה בינלאומיות ב,IL,משקה קל תפוזים פריגת,ליטרים,1.50,ליטר,false,,8.50,5.6667,true,1,3897656
7290110114978,false,פריגת דיאט תפוזים 1.5 ליטר-,מבשלות בירה בינלאומיות ב,IL,משקה קל לייט תפוזים,ליטרים,1.50,ליטר,false,,8.30,5.5333,true,1,3897657
7290110114985,false,משקה קל אשכוליות פריגת 1.5 ליטר,מבשלות בירה בינלאומיות ב,IL,משקה קל אשכולית פריג,ליטרים,1.50,ליטר,false,,8.80,5.8667,true,1,3897658
7290110114992,false,משקה קל לייט אשכוליות פריגת 1.5 ליטר,מבשלות בירה בינלאומיות ב,IL,משקה קל לייט אשכולית,ליטרים,1.50,ליטר,false,,8.30,5.5333,true,1,3897659
7290110115005,false,משקה קל ענבים פריגת 1.5 ליטר,מבשלות בירה בינלאומיות ב,IL,משקה קל ענבים פריגת,ליטרים,1.50,ליטר,false,,8.80,5.8667,true,1,3897660
7290110115012,false,מיץ ענבים בניחוח מרלו 1.5 ל' פריגת,פריגת,IL,משקה קל מרלו ענבים פ,ליטרים,1.50,ליטר,false,,8.80,5.8667,true,1,3897661
7290110115029,false,"פריגת משק""ל תפוח 1.5 ליטר פיקדון",מבשלות בירה בינלאומיות ב,IL,"משקה משק""ל תפוח פריג",ליטרים,1.50,ליטר,false,,8.80,5.8667,true,1,3897662
7290110115036,false,משקה קל מנגו פריגת 1.5 ליטר,מבשלות בירה בינלאומיות ב,IL,משקה פריגת מנגו 1.5,ליטרים,1.50,ליטר,false,,8.80,5.8667,true,1,3897663
7290110115043,false,משקה קל לימונענע פריגת 1.5 ליטר,מבשלות בירה בינלאומיות ב,IL,משקה לימונענע פריגת,ליטרים,1.50,ליטר,false,,8.80,5.8667,true,1,3900356
7290110115050,false,פריגת מיקס תות בננה 1.5 ליטר פיקדון,מבשלות בירה בינלאומיות ב,IL,משקה פריגת מיקס תות,ליטרים,1.50,ליטר,false,,8.80,5.8667,true,1,3897664
7290110115067,false,פריגת אפרסק 1.5 ליטר פיקדון,מבשלות בירה בינלאומיות ב,IL,משקה פריגת אפרסק 1.5,ליטרים,1.50,ליטר,false,,8.80,5.8667,true,1,3897665
7290110115074,false,פריגת תפוח דובדבן 1.5 ליטר פיקדון,מבשלות בירה בינלאומיות ב,IL,משקה פריגת תפוח דובד,ליטרים,1.50,ליטר,false,,8.50,5.6667,true,1,3897666
7290110115081,false,פריגת צלול ענבים 1.5 ליטר פיקדון,"מבשלות בירה לישראל בע""\מ",IL,פריגת צלול ענבים 1.5,ליטרים,1.50,ליטר,false,,8.20,5.4667,true,1,3897667
7290110115098,false,פריגת צלול תפוחים 1.5 ליטר פיקדון,"מבשלות בירה לישראל בע""\מ",IL,פריגת צלול תפוחים 1.,ליטרים,1.50,ליטר,false,,8.20,5.4667,true,1,3897668
7290110115104,false,פריגת צלול אפרסק 1.5 ליטר פיקדון,מבשלות בירה בינלאומיות ב,IL,פריגת צלול אפרסק 1.5,ליטרים,1.50,ליטר,false,,8.20,5.4667,true,1,3897669
7290110115111,false,פריגת צלול אננס 1.5 ליטר פיקדון,"מבשלות בירה לישראל בע""\מ",IL,פריגת צלול אננס 1.5,ליטרים,1.50,ליטר,false,,8.20,5.4667,true,1,3897670
7290110115128,false,פריגת צלול בטעם לימונענע 1.5 ליטר פיקדון,"מבשלות בירה לישראל בע""\מ",IL,פריגת צלול לימונענע,ליטרים,1.50,ליטר,false,,8.50,5.6667,true,1,3897671
7290110115180,false,מים מינרלים נביעות 1.5 ליטר,"נביעות טבע הגליל בע""",IL,מים מינרליים נביעות,ליטרים,1.50,ליטר,false,,3.10,2.0667,true,1,3897677
7290110115203,false,קוקה קולה 1.5 ליטר פיקדון,החברה המרכזית לייצור משק,IL,קוקה-קולה בקבוק 1.5,ליטרים,1.50,ליטר,false,,8.60,5.7333,true,1,3897679
7290110115210,false,דיאט קוקה קולה 1.5 ליטר פיקדון,החברה המרכזית לייצור משק,IL,קוקה-קולה דיאט בקבוק,ליטרים,1.50,ליטר,false,,8.20,5.4667,true,1,3897680
7290110115234,false,קוקה-קולה זירו נטול בקבוק 1.5 ליטר,החברה המרכזית לייצור משק,IL,קוקה-קולה זירו נטול,ליטרים,1.50,ליטר,false,,8.30,5.5333,true,1,3897682
7290110115241,false,קוקה-קולה זירו לימון בקבוק 1.5 ליטר,החברה המרכזית לייצור משק,IL,קוקה-קולה זירו לימון,ליטרים,1.50,ליטר,false,,8.30,5.5333,true,1,3897683
7290110115258,false,קוקה קולה זירו מנגו 1.5 ליטר -,החברה המרכזית לייצור משק,IL,קוקה-קולה זירו מנגו,ליטרים,1.50,ליטר,false,,8.30,5.5333,true,1,3897684
7290110115265,false,ספרייט לימון ליים 1.5 ליטר-,החברה המרכזית לייצור משק,IL,ספרייט ליים 1.5 ליטר,ליטרים,1.50,ליטר,false,,8.90,5.9333,true,1,3897685
7290110115272,false,ZERO ספרייט זירו 1.5 ליטר פיקדון,החברה המרכזית לייצור משק,IL,ספרייט זירו 1.5ליטר,ליטרים,1.50,ליטר,false,,8.30,5.5333,true,1,3897686
7290110115289,false,ספרייט 19 קל' לימון-נענע 1.5 ליטר פיקדון,החברה המרכזית לייצור משק,IL,ספרייט לימון נענע 1.,ליטרים,1.50,ליטר,false,,8.30,5.5333,true,1,3897687
7290110115296,false,משקה מוגז אורנג' פאנטה 1.5 ליטר,החברה המרכזית לייצור משק,IL,משקה מוגז אורנג' פאנ,ליטרים,1.50,ליטר,false,,8.20,5.4667,true,1,3897688
7290110115302,false,משקה מוגז אורנג' זירו פאנטה 1.5 ליטר,החברה המרכזית לייצור משק,IL,משקה מוגז אורנג' זיר,ליטרים,1.50,ליטר,false,,7.80,5.2000,true,1,3897689
7290110115319,false,פאנטה אקזוטיק 1.5 ליטר פיקדון,החברה המרכזית לייצור משק,IL,פאנטה אקזוטיק 1.5 לי,ליטרים,1.50,ליטר,false,,8.20,5.4667,true,1,3897690
7290110115326,false,פאנטה אורנג' מנגו 1.5 ליטר פיקדון,החברה המרכזית לייצור משק,IL,פאנטה אורנג' מנגו 1.,ליטרים,1.50,ליטר,false,,8.20,5.4667,true,1,3897691
7290110115333,false,פאנטה תות 1.5 ליטר פיקדון,החברה המרכזית לייצור משק,IL,פאנטה תות 1.5 ליטר,ליטרים,1.50,ליטר,false,,8.30,5.5333,true,1,3897692
7290110115340,false,פאנטה ענבים 1.5 ליטר פיקדון,החברה המרכזית לייצור משק,IL,פאנטה ענבים 1.5 ליטר,ליטרים,1.50,ליטר,false,,8.20,5.4667,true,1,3897693
7290110115357,false,קינלי סודה 1.5 ליטר פיקדון,החברה המרכזית לייצור משק,IL,סודה קינלי 1.5 ליטר,ליטרים,1.50,ליטר,false,,3.30,2.2000,true,1,3897694
7290110115364,false,שישייה קוקה קולה 1.5 ליטר פיקדון,החברה המרכזית לייצור משק,IL,קוקה קולה 6*1.5 ליטר,ליטרים,9.00,ליטר,false,,49.30,5.4778,true,1,3897695
7290110115371,false,דיאט קוקה קולה שישיות 1.5 ליטר פיקדון,החברה המרכזית לייצור משק,IL,קוקה קולה דייט 6*1.5,ליטרים,9.00,ליטר,false,,46.10,5.1222,true,1,3897696
7290110115388,false,ספרייט ליים שישיות 1.5 ליטר פיקדון,החברה המרכזית לייצור משק,IL,ספרייט ליים שישייה 1,ליטרים,9.00,ליטר,false,,49.70,5.5222,true,1,3897697
7290110115395,false,ZERO ספרייט שישיות 1.5 ליטר פיקדון,החברה המרכזית לייצור משק,IL,ספרייט זירו שישייה 1,ליטרים,9.00,ליטר,false,,46.10,5.1222,true,1,3897698
7290110115401,false,קינלי סודה שישייה 1.5 ליטר פיקדון,החברה המרכזית לייצור משק,IL,קינלי סודה שישייה 1.,ליטרים,9.00,ליטר,false,,14.70,1.6333,true,1,3897699
7290110115418,false,מארז שישייה קוקה קולה זירו 1.5 ל',החברה המרכזית לייצור משק,IL,קוקה קולה זירו 6*1.5,ליטרים,9.00,ליטר,false,,46.10,5.1222,true,1,3897700
7290110115449,false,אייס תה בטעם מנגו אננס 1.5ל' FUZE TEA,מבשלות בירה בינלאומיות ב,IL,פיוז-טי בטעם מנגו אנ,ליטרים,1.50,ליטר,false,,8.90,5.9333,true,1,3897703
7290110115456,false,"תה קר בטעם אפרסק 19 קלוריות ב- 100 מ""ל",מבשלות בירה בינלאומיות ב,IL,פיוז-טי בטעם אפרסק 1,ליטרים,1.50,ליטר,false,,8.90,5.9333,true,1,3897704
7290110115463,false,פיוז טי אפרסק 1.5 ליטר פיקדון,מבשלות בירה בינלאומיות ב,IL,פיוז-טי בטעם אפרסק 1,ליטרים,1.50,ליטר,false,,8.60,5.7333,true,1,3897705
7290110115487,false,FUZE TEA רביעיות אפרסק 1.5 ליטר פיקדון,מבשלות בירה בינלאומיות ב,IL,פיוז טי רביעייה תה א,יח',1.00,יח',false,,32.30,32.3000,true,1,3897707
7290110115494,false,תה קר בטעם ענבים פיוז טי 1.5 ליטר,מבשלות בירה בינלאומית בע,IL,תה קר בטעם ענבים פיו,ליטרים,1.50,ליטר,false,,8.90,5.9333,true,1,3897708
7290110115531,false,משקה מוגז תפוח זירו פאנטה 1.5 ליטר,החברה המרכזית לייצור משק,IL,משקה מוגז תפוח זירו,ליטרים,1.50,ליטר,false,,7.80,5.2000,true,1,3897711
7290110115579,false,מארז רביעייה פאנטה אורנג' 1.5 ל',החברה המרכזית לייצור משק,IL,רביעיית פנטה אורנג 1,ליטרים,6.00,ליטר,false,,33.30,5.5500,true,1,3897715
7290110115586,false,פריגת תפוזים 40% פחות סוכר 1.5 ליטר פיקדון,מבשלות בירה בינלאומיות ב,IL,פריגת תפוזים 40% פחו,ליטרים,1.50,ליטר,false,,8.30,5.5333,true,1,3897716
7290110115593,false,פריגת אשכוליות 40% פחות סוכר 1.5 ליטר פיקדון,מבשלות בירה בינלאומיות ב,IL,פריגת אשכוליות 40% פ,ליטרים,1.50,ליטר,false,,8.30,5.5333,true,1,3897717
7290110115609,false,פריגת ענבים 40% פחות סוכר 1.5 ליטר פיקדון,מבשלות בירה בינלאומיות ב,IL,פריגת ענבים 40% פחות,ליטרים,1.50,ליטר,false,,8.30,5.5333,true,1,3897718
7290110115623,false,משקה פיוז טי זירו ZERO בטעם אפרסק,מבשלות בירה בינלאומיות ב,IL,פיוז-טי זירו אפרסק 1,ליטרים,1.50,ליטר,false,,8.90,5.9333,true,1,3901330
7290110115869,false,קוקה קולה זירו 1.5 ליטר פיקדון,תות תעשיות מזון (201,IL,קוקה קולה זירו 1.5 ל,מטרים,1500.00,100 מ'ל,false,,8.20,0.0055,true,1,3901331
7290110116323,false,שישיית קוקה קולה זירו 1.5 ליטר חג שמח-,החברה המרכזית קולה,IL,קולה זירו 6*1.5 ליט,ליטרים,9.00,ליטר,false,,44.90,4.9889,true,1,3907494
7290110320591,false,גבינה בולגרית במרקם מעודן 16% פיראוס,תנובה חלב,IL,בולגרית מעודנת 16% 2,גרמים,250.00,100 גרם,false,,19.90,0.0796,true,1,2975273
7290110320683,false,שמיניית משקה יוגורט 1.5% טעם תות יופלה 107 גרם,מיוצר עי קונדיטוריית,IL,משקה יופלה שמינייה,מיליליטרים,856.00,"100 מ""ל",false,,15.90,0.0186,true,1,3763542
7290110320867,false,פתיתים גבינה חצי קשה מגורדת 28% שומן,תנובה מרכז שיתופי לש,IL,פתיתי עמק 28% שומן,גרמים,500.00,100 גרם,false,,28.90,0.0578,true,1,3242244
7290110320935,false,גבינת מוצרלה תנובה 150ג' פרוסות,תנובה מרכז שיתופי לש,IL,פרוסות מוצרלה 150 גר,גרמים,150.00,100 גרם,false,,15.90,0.1060,true,1,3616504
7290110321031,false,מעדן חלב GO יוגורט מועשר בחלבון טבעי 200 ג' יופלה,"תנובה, מחלבת אלון תב",IL,יופלה GO יוגורט מועש,גרמים,200.00,100 גרם,false,,4.90,0.0245,true,1,3616483
7290110321215,false,עמק סמי מעדנייה 15%,,,עמק סמי מעדנייה 15%,גרמים,400.00,100 גרם,false,,25.90,0.0647,true,1,3836991
7290110321277,false,קוטג' בקטנה 5% תנובה 100 גרם מהדרין,פארייפאבה אגרואינדוס,IL,קוטג' בקטנה 100 גרם,גרמים,100.00,100 גרם,false,,2.30,0.0230,true,1,3866924
7290110321284,false,קוטג' בקטנה 9% תנובה 100 גרם מהדרין,פארייפאבה אגרואינדוס,IL,קוטג' בקטנה 100 גרם,גרמים,100.00,100 גרם,false,,2.30,0.0230,true,1,3866925
7290110321604,false,קוביות פיראוס בולגרית מעודנת 5% 200 גרם - רבנות,תנובה חלב,IL,קוביות בולגרית מעודנ,גרמים,230.00,100 גרם,false,,19.90,0.0865,true,1,3866932
7290110321680,false,יוגורט GO בטעם תות 20 גרם חלבון בגביע,מיוצר עי קונדיטוריית,IL,יופלה GO יוגורט מועש,מיליליטרים,200.00,"100 מ""ל",false,,5.50,0.0275,true,1,3836994
7290110321697,false,יוגורט GO בטעם אפרסק 20 גרם חלבון בגביע,מיוצר עי קונדיטוריית,IL,יופלה GO יוגורט מועש,מיליליטרים,200.00,"100 מ""ל",false,,5.50,0.0275,true,1,3836995
7290110321703,false,יוגורט עם פירות יער בתוספת חלבוני חלב 2% שומן,מיוצר עי קונדיטוריית,IL,יופלה גו פירות יער,מיליליטרים,200.00,"100 מ""ל",false,,5.50,0.0275,true,1,3866935
7290110321789,false,גבינת מסקרפונה 38% השף הלבן 250 גרם,תנובה חלב,IL,גבינת מסקרפונה 38% 2,גרמים,250.00,100 גרם,false,,18.90,0.0756,true,1,3866937
7290110322946,false,יופלה טיוב יוגורט במרקם חלק בטעם תות בננה כשרות רבנות 348 ג',תנובה חלב,IL,יופלה טיוב יוגורט במ,גרמים,348.00,100 גרם,false,,11.90,0.0342,true,1,3866956
7290110323066,false,משקה יוגורט GO בננה אפרסק 250 ג' יופלה,תנובה חלב,IL,משקה יוגורט GO מועשר,מיליליטרים,250.00,"100 מ""ל",false,,5.90,0.0236,true,1,3866961
7290110323073,false,"משקה יוגורט יופלה גו תות פטל 250 מ""ל - רבנות",מיוצר עי קונדיטוריית,IL,משקה יוגורט GO מועשר,מיליליטרים,250.00,"100 מ""ל",false,,5.90,0.0236,true,1,3866962
7290110323097,false,מעדן גבינה עם תות 5% שומן 80 ג' תנובה,תנובה בעמ,IL,תאומים גביע - 80 גר',יח',1.00,יח',false,,1.80,1.8000,true,1,3866963
7290110323301,false,טל העמק בסגנון אמנטל 32% שומן 200 גרם,עמק - תנובה,IL,גבינת טל העמק 32% 20,גרמים,200.00,100 גרם,false,,17.90,0.0895,true,1,3866976
7290110323585,false,יופלה יוגורט עם דובדבן מופחת קלוריות 200 ג' GO,יופלה Yoplait,IL,יוגורט גו דובדבן 200,מיליליטרים,200.00,"100 מ""ל",false,,5.50,0.0275,true,1,3866979
7290110323592,false,יופלה יוגורט עם אפרסק מופחת קלוריות 200 ג' GO,יופלה Yoplait,IL,יוגורט גו 200 מל,מיליליטרים,200.00,"100 מ""ל",false,,5.50,0.0275,true,1,3866980
7290110323714,false,משקה קוקוס שקדים תנובה E אלטרנטיב,מיוצר עי קונדיטוריית,IL,משקה קוקוס שקדים,יח',1.00,יח',false,,11.60,11.6000,true,1,3866987
7290110323998,false,מאגדת שמינייה מיני קרלו קצפת 8*77 ג',תנובה מרכז שיתופי לש,IL,מאגדת שמינייה מיני ק,מיליליטרים,800.00,"100 מ""ל",false,,13.90,0.0174,true,1,3891908
7290110324353,false,יוגורט GO לייט בטעם אננס 20 גרם חלבון בגביע,"תנובה בע""\מ",IL,יופלה גו לייט אננס,יח',1.00,יח',false,,5.50,5.5000,true,1,3867003
7290110324551,false,יופלה טיוב יוגורט במרקם חלק תות כשרות מהדרין,"תנובה בע""\מ",IL,יופלה טיוב יוגורט תו,גרמים,348.00,100 גרם,false,,11.90,0.0342,true,1,3867015
7290110324728,false,ממרח סויה 9% שומן עם שום שמיר תנובה 250 גרם,מיוצר עי קונדיטוריית,IL,ממרח סויה 9% שום שמי,גרמים,250.00,100 גרם,false,,7.90,0.0316,true,1,3867020
7290110324841,false,מעדן שקדים עם שוקולד מריר תנובה 125 גרם,מיוצר עי קונדיטוריית,IL,מעדן שקדים ושוקולדמר,גרמים,125.00,100 גרם,false,,3.90,0.0312,true,1,3878786
7290110324872,false,גבינה צהובה גלבוע 5% שומן 200 גרם,גלבוע - תנובה,IL,גלבוע 5% 200 גרם.,גרמים,200.00,100 גרם,false,,17.90,0.0895,true,1,3878788
7290110324926,false,משקה סויה ללא תוספת סוכר E אלטרנטיב,תנובה מרכז שיתופי לש,IL,"משקה סויה לל""ס",ליטרים,1.00,ליטר,false,,9.90,9.9000,true,1,3878793
7290110325084,false,מאגדת שמינייה מיני קרלו שוניל 8*100גרם,"תנובה בע""\מ",IL,מאגדת שמינייה מיני ק,מיליליטרים,800.00,"100 מ""ל",false,,13.90,0.0174,true,1,3878794
7290110325114,false,"משקה יוגורט יופלה גו לייט תות בננה 250 מ""ל - רבנות",מיוצר עי קונדיטוריית,IL,משקה יוגורט גו לייט,מיליליטרים,250.00,"100 מ""ל",false,,5.90,0.0236,true,1,3878797
7290110325121,false,"משקה יוגורט יופלה גו לייט מנגו אננס 250 מ""ל","תנובה בע""\מ",IL,משקה יוגורט גו לייט,מיליליטרים,250.00,"100 מ""ל",false,,5.90,0.0236,true,1,3878798
7290110325169,false,פרוסות גאודה תנובה 170 גרם,תנובה חלב,IL,פרוסות גאודה 170 גר,גרמים,170.00,100 גרם,false,,16.90,0.0994,true,1,3884872
7290110325305,false,יופלה GO סויה 20 גרם חלבון במתיקות מעודנת תנובה 200 גרם,מיוצר עי קונדיטוריית,IL,מעדן סויה גו 20% חלב,מיליליטרים,200.00,"100 מ""ל",false,,5.50,0.0275,true,1,3878801
7290110325312,false,יופלה GO סויה 20 גרם חלבון בטעם תות תנובה 200 גרם,"תנובה בע""\מ",IL,מעדן סויה גו 20% חלב,מיליליטרים,200.00,"100 מ""ל",false,,5.50,0.0275,true,1,3878802
7290110325510,false,יופלה טיוב יוגורט במרקם חלק בטעם וניל-יוניקור,"תנובה בע""\מ",IL,יופלה יוגורט טעם וני,גרמים,348.00,100 גרם,false,,9.90,0.0284,true,1,3878805
7290110325619,false,משקה שיבולת שועל תנובה E אלטרנטיב,מיוצר עי קונדיטוריית,IL,משקה שיבולת שועל 1 ל,מטרים,1000.00,100 מ'ל,false,,11.60,0.0116,true,1,3883238
7290110325626,false,"משקה שקדים ללת""ס 1 ליטר",תנובה,IL,"משקה שקדים ללת""ס 1 ל",ליטרים,1.00,ליטר,false,,11.60,11.6000,true,1,3886091
7290110325893,false,משקה חלב GO מועשר בחלבון בטעם אייס קפה,מיוצר עי קונדיטוריית,IL,תנובה GO אייס קפה 34,מיליליטרים,340.00,"100 מ""ל",false,,6.90,0.0203,true,1,3883247
7290110326210,false,יופלה און טופ פצפוצים תנובה 157 גרם,מיוצר עי קונדיטוריית,IL,יופלה און טופ פצפוצי,גרמים,157.00,100 גרם,false,,4.70,0.0299,true,1,3884874
7290110326234,false,יופלה און טופ כוכבים תנובה 157 גרם,מיוצר עי קונדיטוריית,IL,יופלה און טופ כוכבים,גרמים,157.00,100 גרם,false,,4.70,0.0299,true,1,3884876
7290110326241,false,יופלה און טופ גרנולה תנובה 157 גרם,מיוצר עי קונדיטוריית,IL,יופלה און טופ גרנולה,גרמים,157.00,100 גרם,false,,4.70,0.0299,true,1,3884877
7290110326333,false,פרוסות גבינה סקנדינבית תנובה 170 גרם,פ.פ.ח. שאביט,IL,פרוסות גבינה סקנדינב,גרמים,200.00,100 גרם,false,,17.50,0.0875,true,1,3891911
7290110326906,false,חלב נטול לקטוז 3% שומן תנובה 1 ליטר,מיוצר עי קונדיטוריית,IL,חלב נטול לקטוז 3% 1,יח',1.00,יח',false,,7.90,7.9000,true,1,3891920
7290110326982,false,משקה YOLO חלב עם שוקולד קלאסי 1 ליטר,תנובה,IL,משקה חלב יולו שוקולד,מטרים,1000.00,100 מ'ל,false,,11.80,0.0118,true,1,3887321
7290110326999,false,"משקאות חלב+שוקולד קלאסי 340 מ""ל YOLO בקבוק.",תנובה חלב,IL,משקה חלב יולו שוקולד,מיליליטרים,340.00,"100 מ""ל",false,,6.50,0.0191,true,1,3887322
7290110327033,false,משקה סויה תנובה גו מועשר בחלבון במתיקות מופחתת,מיוצר עי קונדיטוריית,IL,משקה סויה גו מועשר ח,יח',1.00,יח',false,,11.60,11.6000,true,1,3890381
7290110327125,false,פטה 21% מחלב צאן במי מלח תנובה 200 גרם,תנובה חלב,IL,פטה 21% מחלב צאן במי,גרמים,200.00,100 גרם,false,,20.80,0.1040,true,1,3889950
7290110327316,false,גבינה לבנה+5%פריכיות139ג,תנובה חלב,IL,גבינה לבנה עם פריכיו,גרמים,139.00,100 גרם,false,,4.90,0.0353,true,1,3891932
7290110327514,false,alternative משקה שיבולת שועל בטעם אגוזי לוז תנובה 1 ליטר,תנובה מרכז שיתופי לש,IL,משקה שיבולת שועל טעם,מטרים,1000.00,100 מ'ל,false,,11.60,0.0116,true,1,3891939
7290110327545,false,יופלה און טופ בטעם תות בתוספת פצפוצים מצופים שוקולד 157 גרם,מיוצר עי קונדיטוריית,IL,יופלה און טופ תות ופ,גרמים,157.00,100 גרם,false,,4.70,0.0299,true,1,3902376
7290110327798,false,חטיף חלבון GO - שוקולד 60 ג' חלב נוכרי - רבנות,"בלמונט קונפקציות בע""\מ.",US,חטיף חלבון גו שוקולד,יח',1.00,יח',false,,11.90,11.9000,true,1,3894695
7290110327804,false,חטיף חלבון GO - עוגיות 60 ג' חלב נוכרי - רבנות,"בלמונט קונפקציות בע""\מ.",US,חטיף חלבון גו עוגיות,יח',1.00,יח',false,,11.90,11.9000,true,1,3894696
7290110327811,false,חטיף חלבון GO - קוקוס 60 ג' חלב נוכרי - רבנות,"בלמונט קונפקציות בע""\מ.",US,חטיף חלבון גו קוקוס,יח',1.00,יח',false,,11.90,11.9000,true,1,3894697
7290110327828,false,חטיף חלבון GO - חמאת בוטנים 60 ג' חלב נוכרי - רבנות,"בלמונט קונפקציות בע""\מ.",US,חטיף חלבון גו חמאת ב,יח',1.00,יח',false,,11.90,11.9000,true,1,3894698
7290110328016,false,משקה סויה מועשר בחלבון בטעם אגוזי לוז 250 גרם,תנובה מרכז שיתופי לש,IL,משקה סויה מועשר חלבו,מיליליטרים,250.00,"100 מ""ל",false,,5.90,0.0236,true,1,3891950
7290110328023,false,משקה סויה מועשר בחלבון בטעם קפה 250 גרם,תנובה מרכז שיתופי לש,IL,משקה סויה מועשר חלבו,מיליליטרים,250.00,"100 מ""ל",false,,5.90,0.0236,true,1,3891951
7290110328092,false,פיראוס פטה יוונית קוביות 21% שומן 150 גרם,דודוני תעשיית החלב החקלא,GR,פיראוס פטה יוונית קו,יח',1.00,יח',false,,16.90,16.9000,true,1,3891953
7290110328221,false,יוגורט נטול לקטוז תנובה 200 גרם,מיוצר עי קונדיטוריית,IL,יוגורט תנובה נטול לק,מיליליטרים,200.00,"100 מ""ל",false,,3.70,0.0185,true,1,3891959
7290110328474,false,גבינת פרמג'יאנו רג'יאנו 30% מחלב בקר,מנדלז סי.אר. פרודקשן,IT,פלח פרמג'נו רג'יאנו,גרמים,150.00,100 גרם,false,,25.90,0.1727,true,1,3891969
7290110328481,false,פתיתי פרמג'יאנו רג'יאנו מחלב בקר 30%,ברטינלי גיאני א.,IT,פתיתי פרמג'נו רג'יאנ,גרמים,100.00,100 גרם,false,,13.80,0.1380,true,1,3891970
7290110328504,false,טריו - מיקס גבינות מוצרלה סקנדינבית וגאודה 300 גרם,מיוצר עי קונדיטוריית,IL,מיקס מוצרלה סדנדינבי,גרמים,300.00,100 גרם,false,,25.90,0.0863,true,1,3891971
7290110328580,false,יוגורט תנובה טבעי 5% גביע 200 גרם,מיוצר עי קונדיטוריית,IL,יוגורט תנובה טבעי 5%,גרמים,200.00,100 גרם,false,,3.00,0.0150,true,1,3901342
7290110328764,false,יוגורט יופלה GO במרקם סמיך עם תות 0%,מיוצר עי קונדיטוריית,IL,יופלה יוגורט גו קרמי,מיליליטרים,200.00,"100 מ""ל",false,,5.50,0.0275,true,1,3891977
7290110328771,false,יוגורט יופלה GO במרקם סמיך עם פירות יער 0%,מיוצר עי קונדיטוריית,IL,יופלה יוגורט גו קרמי,מיליליטרים,200.00,"100 מ""ל",false,,5.50,0.0275,true,1,3891978
7290110328788,false,יוגורט יופלה GO במרקם סמיך בטעם אפרסק 0%,תנובה מרכז שיתופי לש,IL,יופלה יוגורט גו קרמי,מיליליטרים,200.00,"100 מ""ל",false,,5.50,0.0275,true,1,3891979
7290110329136,false,מעדן חלב מעושר בחלבון בטעם שוקולד 120 ג' GO,תנובה מרכז שיתופי לש,IL,מעדן גו טעם שוקולד 1,גרמים,120.00,100 גרם,false,,4.90,0.0408,true,1,3897722
7290110329143,false,מעדן חלב מעושר בחלבון בטעם וניל גביע 120 ג' GO,תנובה מרכז שיתופי לש,IL,מעדן גו טעם וניל 12ג,גרמים,120.00,100 גרם,false,,4.90,0.0408,true,1,3897723
7290110329266,false,יוגורט תנובה מחלב עיזים מלא תנובה 140 ג',קריות זול,IL,יוגורט מחלב עיזים מל,גרמים,140.00,100 גרם,false,,4.90,0.0350,true,1,3890805
7290110329273,false,יוגורט תנובה מחלב עיזים מלא 750 גרם,תנובה,IL,יוגורט מחלב עיזים מל,גרמים,750.00,100 גרם,false,,18.90,0.0252,true,1,3891991
7290110329303,false,פרוסות בטעם צהובה קלאסית אלטרנטיב 200 גר,תנובה Alternative,IL,פרוסות טעם צהובה 200,גרמים,200.00,100 גרם,false,,22.90,0.1145,true,1,3891992
7290110329624,false,יופלה אוללה וניל וקר,"תנובה בע""מ",IL,יופלה אוללה וניל וקר,מיליליטרים,150.00,"100 מ""ל",false,,4.80,0.0320,true,1,3901343
7290110329631,false,יופלה אוללה וניל וקר,"תנובה בע""מ",IL,יופלה אוללה וניל וקר,מיליליטרים,150.00,"100 מ""ל",false,,4.80,0.0320,true,1,3901344
7290110329648,false,יופלה אוללה וניל קרם,"תנובה בע""מ",IL,יופלה אוללה וניל קרם,מיליליטרים,150.00,"100 מ""ל",false,,4.80,0.0320,true,1,3901345
7290110329655,false,יופלה אוללה וניל קרם,"תנובה בע""מ",IL,יופלה אוללה וניל קרם,מיליליטרים,150.00,"100 מ""ל",false,,4.80,0.0320,true,1,3901346
7290110329693,false,יוגורט גו סמיך מלבי 200ג,מיוצר עי קונדיטוריית,IL,יופלה יוגורט גו סמיך,מיליליטרים,200.00,"100 מ""ל",false,,5.50,0.0275,true,1,3897727
7290110329709,false,יוגורט תנובה טבעי 0% גביע 200 גרם,מיוצר עי קונדיטוריית,IL,יוגורט תנובה טבעי 0%,גרמים,200.00,100 גרם,false,,3.00,0.0150,true,1,3901348
7290110329808,false,יוגורט סויה BIO Alternative תות 150 ג' תנובה,מיוצר עי קונדיטוריית,IL,סויה ביו תות גביע 15,גרמים,150.00,100 גרם,false,,4.50,0.0300,true,1,3901244
7290110329815,false,סויה BIO מתיקות מעודנת גביע 150 גרם אלטרנטיב,מיוצר עי קונדיטוריית,IL,סויה ביו מתיקות מעוד,גרמים,150.00,100 גרם,false,,4.50,0.0300,true,1,3901245
7290110329822,false,יוגורט סויה BIO Alternative פירות יער 150 ג' תנובה,מיוצר עי קונדיטוריית,IL,סויה ביו פירות יער ג,גרמים,150.00,100 גרם,false,,4.50,0.0300,true,1,3901223
7290110329846,false,יוגורט סויה BIO Alternative בטעם טבעי 150 ג' תנובה,תנובה Alternative,IL,סויה ביו טבעי גביע 1,גרמים,150.00,100 גרם,false,,4.50,0.0300,true,1,3901246
7290110329952,false,יוגורט גו סמיך קוקוס200ג,"תנובה בע""\מ",IL,יוגורט גו סמיך קוקוס,גרמים,150.00,100 גרם,false,,5.50,0.0367,true,1,3903009
7290110329969,false,מעדן סויה גו בטעם קו,תנובה חלב,,מעדן סויה גו קוקוס .,מיליליטרים,200.00,"100 מ""ל",false,,5.50,0.0275,true,1,3906171
7290110472467,false,מתאם למצת TYPE C + כבל טעינה 1.5 מטר,Unknown,,מתאם למצת TYPE C + כ,יח',1.00,יח',false,,24.90,24.9000,true,1,3332568
7290110476625,false,כבל IN CHARGE אייפון,Unknown,,כבל IN CHARGE אייפון,יח',1.00,יח',false,,29.90,29.9000,true,1,3891254
7290110550394,false,PERFECT BITE שוקולד חלב במילוי קרם ושברי אגוזי לוז 234 גרם,"שטראוס גרופ בע""\מ",IL,שקית מיני נשיקולדה ש,גרמים,234.00,100 גרם,false,,17.90,0.0765,true,1,3897780
7290110550400,false,שוקולד פרה בלונדבוטנ,Unknown,,שוקולד בלונדי 100 גר,גרמים,100.00,100 גרם,false,,7.50,0.0750,true,1,3901782
7290110550417,false,שוקולד בלונדי שומשום,Unknown,,שוקולד בלונדי חלק 10,גרמים,100.00,100 גרם,false,,7.50,0.0750,true,1,3901783
7290110551100,false,שוקולד פרה לבן עדשים,STRAUSS-ISRAEL,,שוקולד פרה לבן עדשים,גרמים,100.00,100 גרם,false,,4.90,0.0490,true,1,3902574
7290110551117,false,שוקולד פרה לבן סוכרי,STRAUSS-ISRAEL,IL,שוקולד פרה לבן סוכרי,גרמים,100.00,100 גרם,false,,4.90,0.0490,true,1,3902575
7290110551193,false,בפלות אחת אחת קוקוס 240 גרם,הגביע מוצרי וופלים ב,,בפלות אחת אחת קוקוס,גרמים,240.00,100 גרם,false,,14.90,0.0621,true,1,3901785
7290110551612,false,ספלנדיד צאנקס חלב 36% אגוזים ושקדים,"שטראוס גרופ בע""\מ",IL,ספלנדיד צ'אנקס בלונד,גרמים,95.00,100 גרם,false,,11.90,0.1253,true,1,3897781
7290110551629,false,ספלנדיד מריר אגוז+שקד95ג,"שטראוס גרופ בע""\מ",IL,ספלנדיד צ'אנקס מריר,גרמים,95.00,100 גרם,false,,11.90,0.1253,true,1,3897782
7290110552220,false,יוגורט PRO בטעם תות 0% סוכר לבן 20 גרם חלבון בגביע,"שטראוס בריאות בע""\מ",IL,דנונה פרו 20 גרם ללא,מטרים,200.00,100 מ'ל,false,,5.90,0.0295,true,1,3900857
7290110552237,false,יוגורט פרו בטעם אפרסק מנגו ללא סוכר 200 ג' דנונה,"שטראוס בריאות בע""\מ",IL,"דנונה פרו 20 גרם לל""",מטרים,200.00,100 מ'ל,false,,5.90,0.0295,true,1,3900830
7290110552251,false,אקטיביה צ'יה אוכמניות150,"שטראוס בריאות בע""\מ",IL,אקטיביה עם צ'יה ואוכ,מטרים,150.00,100 מ'ל,false,,4.50,0.0300,true,1,3900831
7290110553029,false,"אנרג'י קריספס-פריכיות חומוס, עדשים ואפונה עם קייל וסלק","פרח תעשיו מזון בע""מ",IL,פריכיות חלבון קייל ח,גרמים,60.00,100 גרם,false,,8.90,0.1483,true,1,3902944
7290110553036,false,קריספס-פריכיות עם אפונה ובטטה סגולה בטעם בצל מקורמל,"פרח תעשיו מזון בע""מ",IL,פריכיות חלבון בטטה ס,גרמים,60.00,100 גרם,false,,8.90,0.1483,true,1,3903012
7290110553449,false,מילקי סנאק 6יחידות 123 ג,בווארד טור ד'\אלבון,FR,מילקי סנאק 6 יח,גרמים,123.00,גרם,false,,13.90,0.1130,true,1,3902579
7290110553890,false,פריכיות אנרגי בלונדי,STRAUSS-ISRAEL,,פריכיותבלונדי 70 גר,גרמים,70.00,100 גרם,false,,7.50,0.1071,true,1,3901360
7290110554125,false,"נודלס סצ'ואן חריף""דלישס"" שטראוס",אוכל ביתי ניר עציון,IL,נודלס סצ'ואן חריף 35,גרמים,350.00,100 גרם,false,,26.90,0.0769,true,1,3897607
7290110554422,false,פומודורו רוטב עגבניות ופלפלים לשקשוקה לפסטה יד מרדכי 350 גרם,אמיליאנה קונסרב סוסייטה,IT,רוטב עגבניות ופלפלים,מטרים,350.00,100 מ'ל,false,,10.90,0.0311,true,1,3903014
7290110557027,false,חומוס עשיר 50% טחינה גולמית 400 ג' אחלה,מיוצר עי קונדיטוריית,IL,חומוס 50% טחינה 400,גרמים,400.00,100 גרם,false,,12.90,0.0323,true,1,3897988
7290110557102,false,מעדן חלב עם שוקולד מועשר בחלבון 150 ג' שטראוס,מיוצר עי קונדיטוריית,IL,מעדן חלב עם שוקולד מ,גרמים,150.00,100 גרם,false,,4.70,0.0313,true,1,3893328
7290110557126,false,משקה יוגורט דנונה רי,מיוצר עי קונדיטוריית,IL,דנונה ריפרש בננה תמר,גרמים,250.00,100 גרם,false,,4.90,0.0196,true,1,3902580
7290110557133,false,מעדן הגולן וניל 125 ג' שטראוס,מיוצר עי קונדיטוריית,IL,מעדן הגולן וניל 125,גרמים,125.00,100 גרם,false,,2.80,0.0224,true,1,3897989
7290110557416,false,מילקי טופ לבבות 141 גרם,מיוצר עי קונדיטוריית,IL,מילקי טופ לבבות 144,גרמים,144.00,גרם,false,,4.50,0.0313,true,1,3902581
7290110557478,false,חומוס גלילי במרקם מעודן 600 גרם,"שטראוס גרופ בע""\מ",IL,חומוס גלילי אחלה 600,גרמים,600.00,100 גרם,false,,11.90,0.0198,true,1,3905466
7290110557539,false,מעדן מילקי מוס תותים,"שטראוס גרופ בע""מ",IL,מילקי מוס תותים בשמנ,גרמים,81.00,גרם,false,,3.30,0.0407,true,1,3902582
7290110558291,false,דנונה פרו 20 גר' קוקוס 200 גרם,"שטראוס בריאות בע""\מ",IL,דנונה פרו 20ג קוקוס,גרמים,200.00,100 גרם,false,,5.90,0.0295,true,1,3905467
7290110559120,false,ניוקי בטטהEAT GOOD 4,"שטראוס גרופ בע""מ",IL,ניוקי בטטה 400 גר,גרמים,400.00,100 גרם,false,,19.80,0.0495,true,1,3905468
7290110560300,false,"הפריכיות הטעימות חומוס, עדשים שחורות, קינואה ופלפל שחור",אנרג'י Energy - שטראוס,IL,פריכיות משולשות פלפל,גרמים,30.00,100 גרם,false,,4.90,0.1633,true,1,3867377
7290110560317,false,"הפריכיות הטעימות חומוס, עדשים שחורות, קינואה ומלח ים","פרח תעשיו מזון בע""מ",IL,פריכיות משולשות מלח,גרמים,30.00,100 גרם,false,,4.90,0.1633,true,1,3867378
7290110560324,false,"הפריכיות הטעימות תפו""א, אורז, אפונה ומלח ים","פרח תעשיו מזון בע""מ",IL,פריכיות משולשות אפונ,גרמים,30.00,100 גרם,false,,4.90,0.1633,true,1,3867379
7290110560836,false,"מילקי טעם פסק זמן שטראוס 133 מ""ל",מיוצר עי קונדיטוריית,IL,מילקי טעם פסק זמן שט,מיליליטרים,133.00,"100 מ""ל",false,,2.70,0.0203,true,1,3869371
7290110561352,false,דנונה יוגורט ביו פרוביוטי 3% דל לקטוז 150ג',"שטראוס בריאות בע""\מ",IL,דנונה ביו דל לקטוז 2,מיליליטרים,200.00,"100 מ""ל",false,,3.40,0.0170,true,1,3869390
7290110561604,false,מארז 8 יחידות מעדן גמדים בטעם תות בננה,"שטראוס בריאות בע""\מ",IL,מעדן גמדים תות בננה,מיליליטרים,800.00,"100 מ""ל",false,,17.90,0.0224,true,1,3869398
7290110562403,false,בונ.פינוקי ספלנדיד 162גר,"מקס ברנר תעשיות בע""\מ",IL,פינוקי ספלנדיד 162 ג,גרמים,162.00,100 גרם,false,,19.90,0.1228,true,1,3867381
7290110563431,false,"משקה קפה קר בסגנון קלאסי 230 מ""ל 1.6% יוטבתה",האי נאם סי או אל.טי.,AT,משקה קפה קר קלאסי 1.,גרמים,230.00,100 גרם,false,,7.50,0.0326,true,1,3869400
7290110563448,false,"משקה קפה קר בסגנון מעודן 230 מ""ל 1.6% יוטבתה",האי נאם סי או אל.טי.,AT,משקה קפה קר מעודן 1.,גרמים,230.00,100 גרם,false,,7.50,0.0326,true,1,3869401
7290110563462,false,חלב 2% דל לקטוז בבקבוק יטבתה 1 ליטר.,מחלבת יטבתה,IL,חלב בק' נטול לקטוז 2,ליטרים,1.00,ליטר,false,,7.80,7.8000,true,1,3869403
7290110563851,false,אנרגי חטיפי דגנים אגוזים ושוקולד חלב מא6,"שטראוס גרופ בע""\מ",IL,אנרג'י מאגדת תחתית ח,גרמים,144.00,100 גרם,false,,10.90,0.0757,true,1,3867387
7290110563868,false,אנרגי חטיפי דגנים אגוזים ושוקולד מריר מ6,"שטראוס גרופ בע""\מ",IL,אנרג'י מאג תחתית מרי,גרמים,144.00,100 גרם,false,,11.90,0.0826,true,1,3867388
7290110564339,false,חומוס אחלה הסידרה המובחר 30% טחינה 400 גר',מיוצר עי קונדיטוריית,IL,החומוס של אבי עם תטב,גרמים,400.00,100 גרם,false,,12.90,0.0323,true,1,3869408
7290110564360,false,חומוס אחלה הסידרה המובחר 40% טחינה 400 גר',מיוצר עי קונדיטוריית,IL,החומוס סדרה מובחרת 4,גרמים,400.00,100 גרם,false,,12.90,0.0323,true,1,3869409
7290110564414,false,חומוס אחלה הסידרה המובחר 30% טחינה 600 גר',מיוצר עי קונדיטוריית,IL,החומוס סדרה מבוחרת 6,גרמים,600.00,100 גרם,false,,14.90,0.0248,true,1,3869413
7290110564513,false,עוגת אגוזי עם קרם 380גרם,STRAUSS-ISRAEL,IL,עוגת אגוזי עם קרם בד,גרמים,380.00,100 גרם,false,,14.90,0.0392,true,1,3867398
7290110564919,false,דנונה מעודן ללא סוכר החזרות 150 גר,מיוצר עי קונדיטוריית,IL,דנונה מעודנת ללא סוכ,גרמים,150.00,100 גרם,false,,3.50,0.0233,true,1,3869422
7290110565527,false,יוגורט PRO פרו 1.5% 20 גרם חלבון בגביע,"שטראוס בריאות בע""מ",IL,דנונה פרו 20ג חלבון,גרמים,200.00,100 גרם,false,,5.90,0.0295,true,1,3869424
7290110565572,false,מארז קפה טורקי עלית לדרך עם הל 168 גרם,שטראוס קפה בי.וי.,IL,מארז טורקי לדרך עם ה,גרמים,168.00,100 גרם,false,,16.90,0.1006,true,1,3878907
7290110565664,false,עוגת בראוניז מריר+קרם380,"שטראוס גרופ בע""\מ",IL,בראוניז שוקולד מריר,גרמים,380.00,100 גרם,false,,14.90,0.0392,true,1,3867407
7290110565879,false,מאגדת אנרגי שוקולד מריר וחמוציות 168 גר,Unknown,,אנרג'י מאג מצופה מרי,גרמים,168.00,100 גרם,false,,11.90,0.0708,true,1,3867409
7290110565893,false,"אנרגי מאג ללת""ס מצופה6יח","שטראוס גרופ בע""\מ",IL,"אנרג'י מאג לל""ס מצופ",גרמים,156.00,100 גרם,false,,12.90,0.0827,true,1,3867411
7290110566975,false,דנונה פרו יוגורט 0% תות עשיר בחלבון 200ג',"שטראוס בריאות בע""\מ",IL,דנונה פרו 20ג תות,גרמים,200.00,100 גרם,false,,5.90,0.0295,true,1,3869431
7290110567057,false,צנצנת מסטיק מאסט קוביות מנטה חזקה 66 ג' עלית,אסקום קונפקשיין,DE,מאסט מסטיק בוקסי מנט,גרמים,64.00,100 גרם,false,,9.90,0.1547,true,1,3867418
7290110568238,false,"קצפת צמחית 21% שומן 250 מ""ל יוטבתה",מחלבת יטבתה,IL,קצפת צמחית 21% שומן,מיליליטרים,250.00,"100 מ""ל",false,,7.50,0.0300,true,1,3869438
7290110568559,false,דוריטוס עלית מארז חמוץ חריף 10 יח' *25 ג',"שטראוס פריטו ליי בע""מ )פ",IL,מארז דוריטוס חמוץ חר,גרמים,250.00,100 גרם,false,,10.90,0.0436,true,1,3868412
7290110568566,false,דוריטוס גריל עלית מארז 10 יח' *25 ג',"שטראוס פריטו ליי בע""מ )פ",IL,מארז דוריטוס גריל 25,גרמים,250.00,100 גרם,false,,10.90,0.0436,true,1,3868413
7290110570811,false,מארז דוריטוס 55*5 ג,,,מארז דוריטוס 55*5 ג,גרמים,210.00,100 גרם,false,,11.90,0.0567,true,1,3907523
7290110730109,false,נוטרילון קומפורט תרכובת מזון מגיל לידה,נוטרישיה קאלק,NL,נוטרילון קומפורט 900,גרמים,900.00,100 גרם,false,,89.90,0.0999,true,1,3527766
7290110804602,false,אוליב מסכה לשיער פגום 500מ'ל,א.פ.חורי,IL,אוליב מסכה לשיער פגו,מיליליטרים,500.00,"100 מ""ל",false,,23.90,0.0478,true,1,3891452
7290110954499,false,מיקסר יד עוצמתי,,,מיקסר יד עוצמתי,יח',1.00,יח',false,,89.90,89.9000,true,1,3891149
7290111091520,false,"דר' עור תחליב רחצה קלאסי -קוקוס 700 מ""ל","אמיליה קוסמטיקס בע""מ",IL,"ד""ר עור תחליב רחצה א",מיליליטרים,700.00,"100 מ""ל",false,,14.90,0.0213,true,1,3868466
7290111093180,false,מטליות לחות לניקוי ב,די.פי.אל,IL,מגב' קוויק לניקוי כל,יח',1.00,יח',false,,19.90,19.9000,true,1,3901048
7290111093760,false,קוויק מטליות לחות לניקוי רצפות ניחוח מרכך כביסה 10 יחידות,די.פי.אל,IL,מגבוני קוויק לניקוי,יח',1.00,יח',false,,8.90,8.9000,true,1,3906450
7290111094576,false,חיתולי בייבי סופרים 3 רמילוי,,,חיתולי בייבי סופרים,יח',1.00,יח',false,,27.90,27.9000,true,1,3901994
7290111094866,false,חיתולי בייבי סופרים 4 רמילוי,,,חיתולי בייבי סופרים,יח',1.00,יח',false,,27.90,27.9000,true,1,3901995
7290111095276,false,חיתולי בייבי סופרים 4+ רמילוי,,,חיתולי בייבי סופרים,יח',1.00,יח',false,,27.90,27.9000,true,1,3901996
7290111095566,false,חיתולי בייבי סופרים 5 מילוי,,,חיתולי בייבי סופרים,יח',1.00,יח',false,,27.90,27.9000,true,1,3901997
7290111095818,false,קוויק שקיות אשפה L חזקות במיוחד עם שרוך 40 יח',,TR,קוויק שקיות אשפה L ע,יח',1.00,יח',false,,18.90,18.9000,true,1,3892893
7290111095856,false,חיתולי בייבי סופרים 6 מילוי,,,חיתולי בייבי סופרים,יח',1.00,יח',false,,27.90,27.9000,true,1,3901998
7290111285288,false,צלחת במבוק 23 סמ ספיידרמן,שמחה זה אנחנו,CN,צלחת במבוק 23 ספיידר,יח',1.00,יח',false,,9.90,9.9000,true,1,3868987
7290111285370,false,קערה במבוק ספידרמן יח,שמחה זה אנחנו,CN,קערה במבוק ספידרמן,יח',1.00,יח',false,,9.90,9.9000,true,1,3868994
7290111285462,false,כוס במבוק ספיידרמן יח,שמחה זה אנחנו,CN,כוס במבוק ספיידרמן,יח',1.00,יח',false,,7.90,7.9000,true,1,3869001
7290111340178,false,מטליות לחות ניקול לניקוי כללי בניחוח מרכך כביסה 50 יח',חוגלה קימברלי,IL,מטליות לחות לניקוי 5,יח',50.00,יח',false,,9.90,0.1980,true,1,3357194
7290111340185,false,מטליות לחות רצפה ניחוח מרכך כביסה ניקול 10 יחידות,חוגלה קימברלי,IL,מטליות לחות לרצפה 10,יח',10.00,יח',false,,9.90,0.9900,true,1,3357195
7290111341359,false,רדיד אלומיניום+סכין חיתוך ניקול 60 מטר,"אופל בע""\מ",IL,ניקול רדיד אלומניום,אורך,60.00,אורך,false,,29.90,0.4983,true,1,3868934
7290111341366,false,ניקול מפיות אירוח חד שכבתי 150 יחידות,"משווק ע""י קימברלי קלארק",SK,ניקול מפיות חד שכבתי,יח',150.00,יח',false,,5.90,0.0393,true,1,3860035
7290111341540,false,קוטקס אקטיב טמפונים ללא מוליך נורמל 32יח,קימברלי קלארק צ'כיה,CZ,טמפונים קוטקס אקטיב,יח',32.00,יח',false,,22.90,0.7156,true,1,3868941
7290111341557,false,קוטקס אקטיב טמפונים ללא מוליך סופר 32יח,קימברלי קלארק צ'כיה,CZ,טמפונים קוטקס אקטיב,יח',32.00,יח',false,,22.90,0.7156,true,1,3868942
7290111342042,false,ניקול כריות יפניות אנטיבקטריאלי 4 יחידות,פלסטו פוליש,IL,כריות יפניות אנטיבקט,יח',1.00,יח',false,,9.90,9.9000,true,1,3883597
7290111342059,false,50 מטליות מיקרופייבר לשטחים אנטיבקטריאלי ניקול,ניקול,IL,מטליות לחות אנטיבקטר,יח',1.00,יח',false,,9.90,9.9000,true,1,3883598
7290111342073,false,מטליות מקרופייבר למשטחים אנטיבקטריאלי ניקול,ניקול,IL,מטליות מיקרופייבר אנ,יח',1.00,יח',false,,14.90,14.9000,true,1,3883599
7290111342189,false,מפיות אירוח צבעוני 150 יחי' ניקול,חוגלה קימברלי,SK,מפיות אירוח 30*30,יח',1.00,יח',false,,7.90,7.9000,true,1,3879541
7290111342196,false,קוטקס מגיני תחתון נורמל גיגה 76 יחידות,חוגלה קימברלי,VN,קוטקס מגני תחתון נור,יח',1.00,יח',false,,17.90,17.9000,true,1,3879542
7290111342547,false,קוטקס מגני תחתון יאנ,קימברלי,CN,קוטקס מגני תחתון יאנ,יח',1.00,יח',false,,17.90,17.9000,true,1,3879545
7290111342684,false,מפיות חד שכבתי מודפסות 100 יח',חוגלה קימברלי,BG,ניקול מפיות תלת שכבת,יח',1.00,יח',false,,6.20,6.2000,true,1,3887423
7290111343797,false,מטליות לחות לניקוי חלונות 48 יח' ניקול,חוגלה קימברלי,IL,ניקול מטליות לניקוי,יח',1.00,יח',false,,9.90,9.9000,true,1,3887425
7290111343841,false,ספוגית הקסם נירוסטה - מארז 3 יחידות,ניקול,IL,ספוגית הקסם נירוסטה,יח',1.00,יח',false,,9.90,9.9000,true,1,3887428
7290111343858,false,ניקול מטליות לחות לרצפה אנטיבקרטריאלי 10 יחידות,עלבד משואות יצחק,IL,מטליות לחות לניקוי ו,יח',1.00,יח',false,,9.90,9.9000,true,1,3886304
7290111344077,false,מטליות לחות לחיטוי משטחים אריזת שלישייה,עלבד משואות יצחק,IL,מטליות לחות אנטיבקטר,יח',1.00,יח',false,,19.90,19.9000,true,1,3886305
7290111344145,false,ניקול זוג מטליות מיקרופייבר אנטיבקטריאליות לרצפה,ניקול,CN,ניקול זוג מטליות מיק,יח',1.00,יח',false,,24.90,24.9000,true,1,3887430
7290111344206,false,-מגבונים לחים לעור רגיש ללא בישום האגיס 4*64 יחידות,חוגלה קימברלי,IL,-מגבונים לחים לעור ר,יח',1.00,יח',false,,18.90,18.9000,true,1,3897960
7290111344459,false,קוטוקס תחבושות נייט אקסטרא לונג 20 יח',חוגלה קימברלי,CN,תחבושות קוטקס נייט א,יח',1.00,יח',false,,15.90,15.9000,true,1,3893158
7290111344503,false,חיתולי האגיס אקסטרה קייר מידה +4 36 יח',חוגלה קימברלי,IL,האגיס אקסטרה קייר מי,יח',1.00,יח',false,,46.80,46.8000,true,1,3893159
7290111344527,false,ניקול שקיות אשפה XXL לפחים ענקיים 20 יחי,קימברלי קלארק,IL,שקיות אשפה XXL שחור,יח',1.00,יח',false,,23.90,23.9000,true,1,3893161
7290111344558,false,ניקול שקיות אשפה גדולות 100 יח,חוגלה קימברלי,IL,ניקול 100 שקיות אשפה,יח',1.00,יח',false,,29.90,29.9000,true,1,3893162
7290111344572,false,ניקול שקיות אשפה עם ידיות 25 יח',ניקול,TR,ניקול שקיות אשפה גדו,יח',1.00,יח',false,,19.90,19.9000,true,1,3893163
7290111344824,false,מגן תחתון קוטקס אקסטרא אנטיבקטריאלי לארג',חוגלה,CN,קוטקס מגן תחתון 52 י,יח',1.00,יח',false,,15.90,15.9000,true,1,3901411
7290111344831,false,קוטקס - מגיני יום אקסטרא פרוטקט נורמל ביג 60 יח',חוגלה קימברלי,CN,קוטקס מגן תחתון 60 י,יח',60.00,יח',false,,15.90,0.2650,true,1,3901412
7290111344855,false,קוטקס - מגיני יום אקסטרא פרוטקט לארג' ביג 52 יח',חוגלה קימברלי,CN,קוטקס מגיני יום אקסט,יח',52.00,יח',false,,15.90,0.3058,true,1,3901413
7290111344879,false,קוטקס מגיני תחתון 2IN1 מחזור+שתן 44 יחיד,חוגלה,CN,קוטקס מגן תחתון 2 ב-,יח',44.00,יח',false,,15.90,0.3614,true,1,3901414
7290111344916,false,ניקול שישיית כריות יפניות אנטיבקטריאליות,חוגלה קימברלי,IL,ניקול כריות יפניות א,יח',1.00,יח',false,,13.90,13.9000,true,1,3893165
7290111344930,false,מטליות לחות לרצפה בניחוח כביסה ארומתרפיה ניקול 10 יח',ניקול,IL,מטליות לחות לרצפה בנ,יח',1.00,יח',false,,9.90,9.9000,true,1,3901415
7290111344978,false,רדיד אלומיניום עבה 60 מטר ניקול,"אופל בע""מ",IL,ניקול רדיד אלומניום,יח',1.00,יח',false,,36.90,36.9000,true,1,3893166
7290111345753,false,תחבושות נטורל דואו נורמל 24 יח' קוטקס,קריות זול,CZ,קוטקס תחבושות כותנה,יח',1.00,יח',false,,15.90,15.9000,true,1,3906856
7290111345760,false,תחבושות נטורל דואו סופר 18 יח' קוטקס,קריות זול,CZ,קוטקס תחבושות כותנה,יח',1.00,יח',false,,15.90,15.9000,true,1,3906857
7290111345777,false,תחבושת קוטקס כותנה לילה 16 יח' קוטקס,קריות זול,CZ,קוטקס תחבושות כותנה,יח',1.00,יח',false,,15.90,15.9000,true,1,3906858
7290111345814,false,נייר טואלט לילי נטורל קר 30 גלילים מהדורה,לילי נייר טואלט חוגלה,IL,נייר טואלט לילי נטור,יח',1.00,יח',false,,32.90,32.9000,true,1,3897961
7290111345821,false,נייר טואלט נטורל קר - מארז 16 גלילי ג'מבו,חוגלה קימברלי,IL,נייר טואלט לילי נטור,יח',1.00,יח',false,,34.90,34.9000,true,1,3897962
7290111345999,false,ניקול זוג מטליות לחות לרצפה בניחוח מרכך,עלבד,IL,זוג מטליות לחות לרצפ,יח',1.00,יח',false,,19.90,19.9000,true,1,3906775
7290111350030,false,רסק תפוחי עץ טבעי בצנצנת 670 גרם קלית גת,"ג'י אנד ג'י בע""מ",IL,רסק תפוחי עץ טבעי 67,גרמים,670.00,100 גרם,false,,10.70,0.0160,true,1,2578349
7290111350047,false,תמרים מזן מגהול ללא חרצנים 500 גרם,טעמי הגליל,IL,תמרים מגולענים 500 ג,גרמים,500.00,100 גרם,false,,11.90,0.0238,true,1,2638223
7290111350306,false,ממרח אגוזי לוז וקקאו,,,ממרח אגוזי לוז וקקאו,גרמים,350.00,100 גרם,false,,9.90,0.0283,true,1,3872033
7290111350313,false,ממרח אגוזי לוז וקקאו,,,ממרח אגוזי לוז וקקאו,גרמים,750.00,100 גרם,false,,18.90,0.0252,true,1,3872034
7290111350665,false,קליית גת דבש לחיץ טהור מפרחי בר 350 גרם,חקלאות עין חרוד מאוח,IL,דבש לחיץ 350 גרם,גרמים,350.00,100 גרם,false,,19.90,0.0569,true,1,3868754
7290111350672,false,צנצנת דבש קליית גת 700 גרם,חקלאות עין חרוד מאוח,IL,דבש צנצנת 700 גר,גרמים,700.00,100 גרם,false,,29.90,0.0427,true,1,3868755
7290111350719,false,חטיף נאצוס הוטפופ בסגנון מסעדות 322 גר,ליימן מותגים,US,נאצוס מסעדות 322 גר,גרמים,322.00,100 גרם,false,,15.70,0.0488,true,1,3868757
7290111350726,false,חטיף נאצוס הוטפופ בסגנון מקסיקני 322 גר,ליימן מותגים,US,נאצוס מקסיקני 322 גר,גרמים,322.00,100 גרם,false,,15.70,0.0488,true,1,3868758
7290111350740,false,הוט פופ קידס טבעי+מלח 500 ג' +5 גביעים,ליימן מותגים,US,פופקורן למיקרוגל 5שק,גרמים,800.00,100 גרם,false,,14.80,0.0185,true,1,3868759
7290111350962,false,פופקורן למיקרו טבעי,,,פופקורן למיקרו טבעי,גרמים,500.00,100 גרם,false,,9.90,0.0198,true,1,3872036
7290111351280,false,תערובת אגוזים קלויים ללא מלח 150 גרם קליית גת,קליית גת,IL,קליית גת תערובת אגוז,גרמים,150.00,100 גרם,false,,15.90,0.1060,true,1,3868784
7290111351433,false,"צ'וקטה עלי וופל דקים בטעם חמאה, 100 גרם",דיסטרופר אוליבייר,PL,עלי וופל דקים בטעם ח,יח',1.00,יח',false,,9.90,9.9000,true,1,3868787
7290111352140,false,חמוציות מיובשות ברכז תפוחים קליית גת 150 גרם,קליית גת,IL,חמוציות רכז תפוחים 1,גרמים,150.00,100 גרם,false,,10.90,0.0727,true,1,3879505
7290111352379,false,שוקולד בלגי מריר 54% 100 ג רמילוי,,,שוקולד בלגי מריר 54%,גרמים,100.00,100 גרם,false,,8.90,0.0890,true,1,3884098
7290111352508,false,סילאן טבעי לחיץ קליית גת 840 גרם,"ששון ושות' בע""מ",IL,סילאן טבעי לחיץ 840,מיליליטרים,840.00,"100 מ""ל",false,,19.90,0.0237,true,1,3883564
7290111352522,false,מארז עגבניות קצוצות,,,מארז עגבניות קצוצות,קילוגרמים,1.20,"ק""ג",false,,11.90,9.9167,true,1,3893058
7290111352935,false,יוגטה סוכריות טופי ממולאות 600 גרם 3 טעמים,יוגטה yogueta,TR,סוכריות טופי ממולאות,גרמים,600.00,100 גרם,false,,9.90,0.0165,true,1,3887416
7290111352942,false,יוגטה סוכריות טופי ללא גלוטן 850 ג',יוגטה yogueta,TR,סוכריות טופי יוגטה 8,גרמים,850.00,100 גרם,false,,14.90,0.0175,true,1,3887417
7290111352966,false,יוגטה סוכריות ממולאות בטעם פירות 250 גרם ללא ג'לטין,ליימן שליסל,TR,סוכריות גומי ממולאות,גרמים,250.00,100 גרם,false,,5.90,0.0236,true,1,3887419
7290111352973,false,יוגוטה קוביות חמוצות ממולאות בטעם פירות,יוגטה yogueta,TR,יוגטה קוביות חמוצות,גרמים,220.00,100 גרם,false,,5.90,0.0268,true,1,3887420
7290111353055,false,"גומי דובי 200 גר' וסטהיים (כש""לפ בית יוסף)",טופגם תעשיות ממתקים,TR,יוגטה סוכריות גומי ד,גרמים,200.00,100 גרם,false,,7.90,0.0395,true,1,3893060
7290111353062,false,סוכריות גומי דובונים 800 גרם יוגטה,טופ גאם,IL,יוגטה סוכריות גומי ד,גרמים,800.00,100 גרם,false,,15.90,0.0199,true,1,3893061
7290111353093,false,סוכריות טופי במילוי בטעמי פירות בצורת מקלות,יוגטה,,טופי מקלות 672גר עדה,גרמים,600.00,100 גרם,false,,9.90,0.0165,true,1,3904773
7290111353116,false,סוכריות גומי נחשים מבריק 800 גרם יוגטה.,ליימן מותגים,TR,יוגטה סוכריות גומי נ,גרמים,800.00,100 גרם,false,,15.90,0.0199,true,1,3889970
7290111353123,false,"גומי נחש מסוכר 200 גר' וסטהיים (כש""לפ בית יוסף)",טופגם תעשיות ממתקים,IL,יוגטה סוכריות גומי נ,גרמים,200.00,100 גרם,false,,7.90,0.0395,true,1,3893064
7290111353239,false,"גומי יין 200 גר' וסטהיים (כש""לפ בית יוסף)",טופגם תעשיות ממתקים,TR,יוגטה סוכריות גומי י,גרמים,200.00,100 גרם,false,,7.90,0.0395,true,1,3893069
7290111353246,false,סוכריות גומי יין 800 גרם יוגטה,טופגם תעשיות ממתקים,IL,יוגטה סוכריות גומי י,גרמים,800.00,100 גרם,false,,15.90,0.0199,true,1,3891096
7290111353376,false,מארז 100 סוכריות מנטוס שמחות בטעם מנטה 250 גרם,פרפטי ואן מלה ברדה,NL,סוכריות מנטוס שמחות,גרמים,250.00,100 גרם,false,,13.90,0.0556,true,1,3893070
7290111353383,false,מארז 100 סוכריות מנטוס שמחות בטעם תות 250 גרם,פרפטי ואן מלה ברדה,NL,סוכריות מנטוס שמחות,גרמים,250.00,100 גרם,false,,13.90,0.0556,true,1,3893071
7290111353437,false,חטיף בטטה ומלח ים 120 גרם הוט פופ,איץ.סיי גרופ אס.דה א,HN,חטיף בטטה ומלח ים 13,גרמים,135.00,100 גרם,false,,13.90,0.1030,true,1,3893072
7290111353444,false,חטיף בטטות ומלח ים 120 גרם הוט פופ,איץ.סיי גרופ אס.דה א,HN,חטיף בטטות ומלח ים 1,גרמים,135.00,100 גרם,false,,13.90,0.1030,true,1,3889971
7290111353451,false,חטיף בירקות שורש ומלח ים הוטפופ 120 גרם,איץ.סיי גרופ אס.דה א,HN,חטיף ירקות שורש ומלח,גרמים,135.00,100 גרם,false,,13.90,0.1030,true,1,3893073
7290111353475,false,"שטיחים חמוצים בטעם פירות 200 גרם בד""ץ",צ'וקטה,TR,שטיחים חמוצים פירות,גרמים,200.00,100 גרם,false,,5.90,0.0295,true,1,3893074
7290111353482,false,מקלות חמוצים ממולאות בטעמי פירות יוגטה 200 גרם,צ'וקטה,TR,מקלות חמוצים טעמי פי,גרמים,200.00,100 גרם,false,,5.90,0.0295,true,1,3893075
7290111353550,false,חמאת בוטנים טבעית קליית גת 300 גרם,J&G קיסריה,IL,חמאת בוטנים טבעית 30,גרמים,300.00,100 גרם,false,,14.90,0.0497,true,1,3893076
7290111353567,false,ממרח שקדים טבעי קליית גת 300 גרם,J&G קיסריה,IL,ממרח שקדים טבעי 300,גרמים,300.00,100 גרם,false,,32.90,0.1097,true,1,3893077
7290111354038,false,מארז שלישיית עגבניות חתוכות דק מרקדו טייסט 400 גרם,פראנו אנריקו,IT,עגבניות תמר איטלקיות,גרמים,1200.00,100 גרם,false,,14.90,0.0124,true,1,3906854
7290111354045,false,מארז שלישיית עגבניות קצוצות מרקדו טייסט 400 גרם,פראנו אנריקו,IT,עגבניות תמר איטלקיות,גרמים,1200.00,100 גרם,false,,14.90,0.0124,true,1,3906797
7290111530135,false,כדורים טעם שוקולד 30,,,כדורים טעם שוקולד 30,גרמים,300.00,100 גרם,false,,13.90,0.0463,true,1,2642458
7290111531439,false,עוגיות לקפה 350 גר רמי לוי,,,עוגיות לקפה 350 גר ר,גרמים,350.00,100 גרם,false,,13.90,0.0397,true,1,3880728
7290111531811,false,עוגיות אצבע שוקלד600,,,עוגיות אצבע שוקלד600,גרמים,600.00,100 גרם,false,,11.90,0.0198,true,1,3880740
7290111533303,false,עוגיות מלוחות עגול ר,,,עוגיות מלוחות עגול ר,גרמים,500.00,100 גרם,false,,11.90,0.0238,true,1,3871668
7290111533389,false,חומץ תפוחים בלסמי 50,,,חומץ תפוחים בלסמי 50,יח',1.00,יח',false,,19.90,19.9000,true,1,3871673
7290111563492,false,סלטי צבר מטבוחה חריפה מרובע 6*400גרם,סלטי צבר,IL,צבר סלט מטבוחה חריפה,גרמים,400.00,100 גרם,false,,11.50,0.0288,true,1,3867585
7290111564277,false,פריכיות דקות ונימוחות 3 דגנים פיטנס Fitness,פרח תעשיות בעמ,IL,פיטנס פריכיות דקות 3,גרמים,120.00,100 גרם,false,,9.90,0.0825,true,1,3277260
7290111564291,false,פריכיות דקות ונימוחות 3 דגנים וקינואה פיטנס Fitness,פרח תעשיות בעמ,IL,פיטנס פריכיות דקות ו,גרמים,120.00,100 גרם,false,,9.90,0.0825,true,1,3277261
7290111565038,false,"לה קרמריה וניל קוקילידה בד""צ 1.4 ל'",גלידות נסטלה )נגה גלידות,IL,לה קרמריה וניל קוקיל,יח',1.00,יח',false,,17.70,17.7000,true,1,3866793
7290111566226,false,שניצל ברוקולי טבעול 667 גרם,עיצובים 2020 (4.8),IL,טבעול שניצל ברוקולי,גרמים,667.00,100 גרם,false,,29.90,0.0448,true,1,3837170
7290111566240,false,שניצל דק מן הצומח בטעם צ'ילי חריף 700 גרם,עיצובים 2020 (4.8),IL,טבעול שניצל דק צ'לי,גרמים,564.00,100 גרם,false,,29.90,0.0530,true,1,3837171
7290111566271,false,חטיפי תירס טבעול 657 גרם,עיצובים 2020 (4.8),IL,טבעול חטיפי תירס 657,גרמים,657.00,100 גרם,false,,29.90,0.0455,true,1,3837172
7290111566547,false,טבעול חזה בגריל צמחוני 99 קלוריות 560ג',עיצובים 2020 (4.8),IL,טבעול חזה בגריל צמחו,גרמים,560.00,100 גרם,false,,29.90,0.0534,true,1,3837178
7290111566585,false,"שניצל צמחוני 99 קלוריות 650 גר' ""טבעול""",עיצובים 2020 (4.8),IL,טבעול שניצל צמחוני 9,גרמים,650.00,100 גרם,false,,29.90,0.0460,true,1,3837180
7290111566691,false,"שניצל תרד 99 קלוריות 560 גרם ""טבעול""",עיצובים 2020 (4.8),IL,טבעול שניצל תרד 99 ק,גרמים,560.00,100 גרם,false,,29.90,0.0534,true,1,3837183
7290111566714,false,טבעול המבורגר צמחוני 99 קלוריות 600 גרם,עיצובים 2020 (4.8),IL,טבעול המבורגר צמחוני,גרמים,600.00,100 גרם,false,,29.90,0.0498,true,1,3837184
7290111566752,false,טבעול שניצל תירס 99 קלוריות 693 גרם,עיצובים 2020 (4.8),IL,טבעול שניצל תירס 99,גרמים,693.00,100 גרם,false,,29.90,0.0431,true,1,3837186
7290111566776,false,"נקניקיות קוקטייל מן הצומח 680 גרם ""טבעול""",עיצובים 2020 (4.8),IL,טבעול נקניקיות קוקטי,גרמים,680.00,100 גרם,false,,29.90,0.0440,true,1,3837187
7290111568275,false,אטריות נודלס אורז רחבות אסם אסייתי 300גרם,תאי פרזידנט,TH,נודלס אטריות אורז רח,גרמים,300.00,100 גרם,false,,8.90,0.0297,true,1,3867615
7290111568350,false,פירורית פנקו בסגנון יפני,Unknown,IL,פירורית פנקו 300גר,גרמים,300.00,100 גרם,false,,6.90,0.0230,true,1,3867618
7290111568466,false,רוטב אסייתי למוקפץ הסדרה האסייתית,אסיף תעשיות מזון בעמ,IL,רוטב אסיאתי למוקפץ א,מיליליטרים,290.00,"100 מ""ל",false,,10.90,0.0376,true,1,3867621
7290111568961,false,בייגלה טבעות מלח אסם 400 גרם,אסם,IL,בייגלה טבעות מלח 400,גרמים,400.00,100 גרם,false,,9.90,0.0248,true,1,3867628
7290111738869,false,חמישית תחתוני נשים S,,,חמישית תחתוני נשים S,יח',1.00,יח',false,,35.00,35.0000,true,1,3881113
7290111738876,false,חמישית תחתוני נשים M,,,חמישית תחתוני נשים M,יח',1.00,יח',false,,35.00,35.0000,true,1,3881114
7290111738883,false,חמישית תחתוני נשים L,,,חמישית תחתוני נשים L,יח',1.00,יח',false,,35.00,35.0000,true,1,3881115
7290111738890,false,חמישית תחתוני נשים XL,,,חמישית תחתוני נשים X,יח',1.00,יח',false,,35.00,35.0000,true,1,3881116
7290111738906,false,חמישית תחתוני נשים XXL,,,חמישית תחתוני נשים X,יח',1.00,יח',false,,35.00,35.0000,true,1,3881117
7290111739033,false,בוקסר לייקרה גבר L,,,בוקסר לייקרה גבר L,יח',1.00,יח',false,,20.00,20.0000,true,1,3874259
7290111739040,false,בוקסר לייקרה גבר XL,,,בוקסר לייקרה גבר XL,יח',1.00,יח',false,,20.00,20.0000,true,1,3874260
7290111739064,false,שלישיית בוקסר (S) לייקרה (ע) UMBRO,,,שלישיית בוקסר לייקרה,יח',1.00,יח',false,,49.90,49.9000,true,1,3874262
7290111739071,false,שלישיית בוקסר (M) לייקרה UMBRO,,,שלישיית בוקסר לייקרה,יח',1.00,יח',false,,49.90,49.9000,true,1,3874263
7290111739088,false,שלישיית בוקסר (L) לייקרה UMBRO,,,שלישיית בוקסר לייקרה,יח',1.00,יח',false,,49.90,49.9000,true,1,3874264
7290111739095,false,שלישיית בוקסר (XL) לייקרה UMBRO,,,שלישיית בוקסר לייקרה,יח',1.00,יח',false,,49.90,49.9000,true,1,3874265
7290111739118,false,בוקסר כותנה חלק S,,,בוקסר כותנה חלק S,יח',1.00,יח',false,,19.90,19.9000,true,1,3874267
7290111739149,false,בוקסר כותנה חלק XL,,,בוקסר כותנה חלק XL,יח',1.00,יח',false,,19.90,19.9000,true,1,3874270
7290111739163,false,בוקסר כותנה מודפס S,,,בוקסר כותנה מודפס S,יח',1.00,יח',false,,19.90,19.9000,true,1,3874272
7290111739279,false,זוגות בוקסר בנים 6-8,,,זוגות בוקסר בנים 6-8,יח',1.00,יח',false,,19.90,19.9000,true,1,3874278
7290111739286,false,זוגות בוקסר בנים 8-10,,,זוגות בוקסר בנים 8-1,יח',1.00,יח',false,,19.90,19.9000,true,1,3874279
7290111739293,false,זוגות בוקסר בנים 12-14,,,זוגות בוקסר בנים 12-,יח',1.00,יח',false,,19.90,19.9000,true,1,3874280
7290111873140,false,נרות מטה כוכבים פרוזן יח,סודי,CN,נרות מטה כוכבים,יח',1.00,יח',false,,4.90,4.9000,true,1,3879615
7290111873621,false,צלחת במבוק כח פי ג'יי '9,,CN,צלחת במבוק 23 כח פי,יח',1.00,יח',false,,9.90,9.9000,true,1,3869017
7290111874130,false,שקית 10 מודפס,,,שקית 10 מודפס,יח',1.00,יח',false,,7.90,7.9000,true,1,3879618
7290111930102,false,קוקי 25 דפי אפיה מניילון,דקסון,IL,דפי קוקי לתבנית 25 י,יח',25.00,יח',false,,11.90,0.4760,true,1,3574047
7290111930898,false,חטיף פוף כוכבים גריל אמריקאי 40 גרם,פוף POOF,IL,פוף כוכבים גריל אמרי,גרמים,40.00,100 גרם,false,,2.90,0.0725,true,1,3811219
7290111930904,false,חטיף פוף כוכבים בצל 40 גרם,פוף POOF,IL,פוף כוכבים בצל 40 גר,גרמים,40.00,100 גרם,false,,2.90,0.0725,true,1,3811220
7290111930911,false,חטיף פוף לבבות קלאסי 40 גרם,פוף POOF,IL,פוף לבבות קלאסי 40 ג,גרמים,40.00,100 גרם,false,,2.90,0.0725,true,1,3811221
7290111930928,false,חטיף פוף לבבות גריל 40 גרם,פוף POOF,IL,פוף לבבות גריל 40 גר,גרמים,40.00,100 גרם,false,,2.90,0.0725,true,1,3811222
7290111930935,false,חטיף פוף טבעות קלאסי 40 גרם,פוף POOF,IL,פוף טבעות קלאסי 40 ג,גרמים,40.00,100 גרם,false,,2.90,0.0725,true,1,3811223
7290111931321,false,"קולגייט משחת שיניים ילדים 6+ מיניונים 50 מ""ל",קולגייט- פלמוליב,PL,קולגייט ילדים מיניונ,מטרים,50.00,100 מ'ל,false,,11.90,0.2380,true,1,3867199
7290111932380,false,"מארז זוגי משחת שיניים מרידול 75 מ""ל",GABA LOER GER,PL,זוג משחת שיניים מריד,מטרים,75.00,100 מ'ל,false,,31.90,0.4253,true,1,3864553
7290111932502,false,"משחת שיניים קולגייט אופטיק וייט אקספרט וויט 75 מ""ל",קולגייט Colgate,MX,קולגייט אופטיק וויט,מטרים,75.00,100 מ'ל,false,,29.90,0.3987,true,1,3867209
7290111933554,false,שלישייה עגבניות קוביות מאסטר שף 400 גרם,קונסוריזיו קאסאלסקו,IT,מאסטר שף עגבניות קוב,קילוגרמים,1.20,"ק""ג",false,,15.90,13.2500,true,1,3867221
7290111934827,false,"סבון ידיים משאבה פלמוליב היגיינה 300 מ""ל",פלמוליב Palmolive,TR,פלמוליב סבון ידיים 3,מיליליטרים,300.00,"100 מ""ל",false,,10.90,0.0363,true,1,3867228
7290111935800,false,דאו ליידי ספיד סטיק דרמה ויטמין אי 45 גר,ליידי ספיד סטיק Lady Speed Stick,US,ליידי ספיד סטיק דרמה,גרמים,45.00,100 גרם,false,,16.90,0.3756,true,1,3875354
7290111935824,false,ליידי ספיד סטיק אומגה 3 דרמה סטיק 45 ג',Colgate - USA,US,ליידי ספיד סטיק דרמה,יח',1.00,יח',false,,16.90,16.9000,true,1,3878869
7290111936241,false,"ספריי גוף ספיד סטיק קול אנרגי 140 מ""ל",קולגייט פלמוליב,MX,ספיד סטיק ספריי גוף,גרמים,690.00,100 גרם,false,,13.90,0.0201,true,1,3867241
7290111936296,false,"סבון רחצה פלמוליב ארומה סנסיישן מסאז' 750 מ""ל",קולגייט פלמוליב,TR,פלמוליב ארומה סנסייש,מיליליטרים,750.00,"100 מ""ל",false,,19.90,0.0265,true,1,3867244
7290111936487,false,"קולגייט זוג משחת שיניים טוטל קלין להלבנה 100 מ""ל",קולגייט,PL,זוג קולגייט טוטל הלב,מיליליטרים,200.00,"100 מ""ל",false,,32.90,0.1645,true,1,3867246
7290111936784,false,פרי מארז חטיפים 5 יחידות תמרים ואגוזי לוז כשלפ,"טבעית מוצרים מהטבע בע""\מ",IL,פרי מארז 5 חטיפים תמ,גרמים,125.00,100 גרם,false,,14.90,0.1192,true,1,3867248
7290111936852,false,פרי מארז חטיפי 5יח תמרים חמוציות ותפוח עץ 125ג'',"טבעית מוצרים מהטבע בע""\מ",IL,פרי מארז 5 חטיפים תמ,גרמים,125.00,100 גרם,false,,14.90,0.1192,true,1,3867249
7290111937088,false,ליידי ספיד סטיק דרמה רול און אומגה 3,Colgate - Mexico,MX,ליידי ספיד סטיק דרמה,יח',1.00,יח',false,,13.90,13.9000,true,1,3892093
7290111937231,false,פרי מארז חטיפים 5 יחידות תמרים וקוקוס כשלפ,"טבעית מוצרים מהטבע בע""\מ",IL,פרי מארז 5 חטיפים תמ,גרמים,125.00,100 גרם,false,,14.90,0.1192,true,1,3867250
7290111937248,false,פרי מארז חטיפים 5 יחידות תמרים קשיו ונגיעות לוז כשלפ,"טבעית מוצרים מהטבע בע""\מ",IL,פרי מארז 5 חטיפים תמ,גרמים,125.00,100 גרם,false,,14.90,0.1192,true,1,3867251
7290111937255,false,מארז חמישיית חטיפי תמרים בוטנים ואגוזי לוז פרי 125 גרם,"טבעית מוצרים מהטבע בע""\מ",IL,פרי מארז 5 חטיפים תמ,גרמים,125.00,100 גרם,false,,14.90,0.1192,true,1,3867252
7290111937262,false,מארז חמישיית חטיפי תמרים אגוזים ושברי קקאו פרי 125 גרם,"טבעית מוצרים מהטבע בע""\מ",IL,פרי מארז 5 חטיפים תמ,גרמים,125.00,100 גרם,false,,14.90,0.1192,true,1,3867253
7290111937651,false,פצצת אמבט מנגו לכל סוגי העור,בלונס Balloons,CN,בלונס פצצת אמבט מנגו,מטרים,100.00,100 מ'ל,false,,9.90,0.0990,true,1,3892094
7290111937668,false,פצצת אמבט תפוח לכל סוגי העור,בלונס Balloons,CN,בלונס פצצת אמבט תפוח,מטרים,100.00,100 מ'ל,false,,9.90,0.0990,true,1,3892095
7290111937767,false,מגבת מיקרופייבר ליבוש,,CN,בלונס מגבת לייבוש שי,יח',1.00,יח',false,,17.90,17.9000,true,1,3891066
7290111938498,false,"מנה אסייאתי רוטב סויה בהירה 700 מ""ל מ.שף",קי.אר.אס. ספייסי פוד,TH,מאסטר שף רוטב סויה ב,מיליליטרים,700.00,"100 מ""ל",false,,9.90,0.0141,true,1,3878877
7290111977541,false,מגני תחתון נורמל 60יל רמילוי,,,מגני תחתון נורמל 60י,יח',1.00,יח',false,,11.90,11.9000,true,1,3872940
7290111977558,false,מגני תחתון לארג 52 רמילוי,,,מגני תחתון לארג 52 ר,יח',1.00,יח',false,,11.90,11.9000,true,1,3872941
7290111977565,false,מגני תחתון לונג פלוס,,,מגני תחתון לונג פלוס,יח',44.00,יח',false,,11.90,0.2705,true,1,3872942
7290112000149,false,אירוויק מפיץ אדים אוטמטי מכשיר +מחלוי יסמין,RB הונגריה,HU,אירוויק מפיץ אדים קו,יח',1.00,יח',false,,39.90,39.9000,true,1,3869967
7290112000163,false,מילוי למפזר אדים בניחוח יסמין ואדמונית,איירוויק Air Wick,HU,מילוי מפיץ אדים יסמי,מטרים,20.00,100 מ'ל,false,,12.50,0.6250,true,1,3869969
7290112000170,false,אייר ויק מילוי למפזר אדים אוטומטי מרענן,איירוויק Air Wick,HU,מילוי מפיץ אדים מרענ,מטרים,20.00,100 מ'ל,false,,12.50,0.6250,true,1,3869970
7290112000385,false,מנקה ומחטא עוצמתי למטבח ללא אקונומיקה,רקיט בנקיזר,PL,דטול תרסיס למטבח 750,מיליליטרים,750.00,"100 מ""ל",false,,9.90,0.0132,true,1,3869974
7290112000392,false,מנקה ומחטא עוצמתי לחדר האמבטיה ללא אקונומיקה,רקיט בנקיזר,PL,דטול תרסיס לאמבטיה 7,מיליליטרים,750.00,"100 מ""ל",false,,9.90,0.0132,true,1,3865178
7290112000408,false,מנקה ומחטא עוצמתי לניקוי כללי בניחוח לימון,רקיט בנקיזר,US,דטול תרסיס לניקוי כל,מיליליטרים,750.00,"100 מ""ל",false,,9.90,0.0132,true,1,3869975
7290112000736,false,פיניש טבליות aio 80 יח אריזת חסכון,רקיט בנקיזר,PL,פיניש 80 טבליות,קילוגרמים,1.28,"ק""ג",false,,54.90,42.8906,true,1,3869985
7290112000798,false,"דיטול תרסיסי חיטוי וניקוי אנטי בקטריאלי 750 מ""ל",רקיט בנקיזר,US,דטול תרסיס חיטוי אנט,מיליליטרים,750.00,"100 מ""ל",false,,9.90,0.0132,true,1,3869986
7290112000828,false,דטול - מגבונים חיטוי וניקוי אנטי בקטריאלי 60 יח',רקיט בנקיזר,PL,דטול מגבונים חיטוי א,יח',60.00,יח',false,,7.90,0.1317,true,1,3869988
7290112000842,false,דטול מגבונים לניקוי כללי בניחות לימון 60 יח',רקיט בנקיזר,PL,דטול מגבונים לניקוי,יח',60.00,יח',false,,7.90,0.1317,true,1,3869989
7290112000873,false,מטליות לחות לחדר האמבטיה מנקה ומחטא עוצמתי,רקיט בנקיזר,US,דטול מגבונים לאמבטיה,יח',60.00,יח',false,,7.90,0.1317,true,1,3869990
7290112001030,false,"אירוויק ספרי אוטמטי מילוי פריחת הדובדבן 250 מ""ל","יצרן המכשיר: זובלה, שנזן",HU,אירוויק מילוי מכשיר,מיליליטרים,250.00,"100 מ""ל",false,,14.90,0.0596,true,1,3869995
7290112001221,false,מנקה מכונת כביסה בניחוח נקי ורענן,רקיט בנקיזר,PT,קולון מנקה מכונה רגי,מיליליטרים,250.00,"100 מ""ל",false,,14.80,0.0592,true,1,3869996
7290112001238,false,"מנקה מכונת כביסה קולון לימון 250 מ""ל",רקיט בנקיזר,ES,קולון מנקה מכונה לימ,מיליליטרים,250.00,"100 מ""ל",false,,14.80,0.0592,true,1,3865179
7290112001436,false,"פיניש מנקה מדיח כלים בניחוח לימון 250 מ""ל",רקיט בנקיזר,PL,פיניש מנקה מדיח כלים,מיליליטרים,250.00,"100 מ""ל",false,,14.90,0.0596,true,1,3879955
7290112001870,false,"סיליט באנג ספריי ניקוי אמבטיה 750 מ""ל",רקיט בנקיזר,PL,סיליט באנג אמבטיות 7,מיליליטרים,750.00,"100 מ""ל",false,,9.90,0.0132,true,1,3879960
7290112002099,false,קולון גל כביסה מרוכז 2.5 ליטר קלאסי,רקיט בנקיזר,IL,קולון ג'ל 2.5 לי רגי,יח',1.00,יח',false,,23.70,23.7000,true,1,3879964
7290112002105,false,קולון גל כביסה מרוכז 2.5 ליטר ניחוח לילך,רקיט בנקיזר,IL,קולון ג'ל 2.5 לי ניח,יח',1.00,יח',false,,23.70,23.7000,true,1,3879965
7290112002112,false,ג'ל כביסה מרוכז קולון 101 בניחוח ורדים,רקיט בנקיזר,IL,קולון ג'ל 2.5 לי ניח,יח',1.00,יח',false,,23.70,23.7000,true,1,3879966
7290112002129,false,ג'ל כביסה מרוכז קולון 101 בניחוח פריחה מרענן,רקיט בנקיזר,IL,קולון ג'ל 2.5 לי ניח,יח',1.00,יח',false,,23.70,23.7000,true,1,3879967
7290112002136,false,ג'ל כביסה מרוכז קולון 101 קלאסי,רקיט בנקיזר,IL,קולון ג'ל 4לי,יח',1.00,יח',false,,34.80,34.8000,true,1,3879968
7290112002143,false,ג'ל כביסה מרוכז קולון 101 בניחוח לילך,רקיט בנקיזר,IL,קולון ג'ל 4לי ניחוח,יח',1.00,יח',false,,34.80,34.8000,true,1,3879969
7290112002150,false,ג'ל כביסה מרוכז קולון 101 בניחוח ורדים,רקיט בנקיזר,IL,קולון ג'ל 4לי ורדים,יח',1.00,יח',false,,34.80,34.8000,true,1,3879970
7290112002167,false,קולון ג'ל כביסה בניחוח פריחה מרענן ירוק 4 ליטר,רקיט בנקיזר,IL,קולון ג'ל 4 לי,יח',1.00,יח',false,,34.80,34.8000,true,1,3879971
7290112002181,false,אירוויק ג'ל מוצק בניחוח ורדים,רקיט בנקיזר,CN,אירוויק ג'ל מוצק בני,יח',1.00,יח',false,,9.90,9.9000,true,1,3879973
7290112002457,false,דטול - שלישיית מגבונים לניקוי וחיטוי בניחוח לימון,רקיט בנקיזר,PL,דטול מגבונים לניקוי,יח',1.00,יח',false,,19.90,19.9000,true,1,3879990
7290112003140,false,"אירוויק ספרי אוטמטי מילוי מנגו מרענן 250 מ""ל",RECKITT BENCKISER UK,GB,אירוויק פרשמטיק מילו,יח',1.00,יח',false,,14.90,14.9000,true,1,3886395
7290112003508,false,"מבשם אוויר אירוויק ספריי יער ועשבי בר 236 מ""ל",רקיט בנקיזר,PL,איירוויק בוטניקה ספר,מיליליטרים,250.00,"100 מ""ל",false,,14.90,0.0596,true,1,3893660
7290112003515,false,איירוויק ספריי בוטינקה בניחוח ורדים וגרניום 236 מל,רקיט בנקיזר,PL,איירוויק בוטניקה ספר,יח',1.00,יח',false,,14.90,14.9000,true,1,3890419
7290112003843,false,"קלגון גל אנטי בקטריאלי 750 מ""ל",רקיט בנקיזר,IT,קלגון ג'ל אנטיבקטריא,יח',1.00,יח',false,,19.90,19.9000,true,1,3890864
7290112003959,false,וניש מסיר כתמים אבקה לכביסה צבעונית 470 גרם,רקיט בנקיזר,IT,וניש מסיר כתמים לכבי,גרמים,470.00,100 גרם,false,,16.70,0.0355,true,1,3890211
7290112003966,false,"אבקה להסרת כתמים לכביסה לבנה ""וניש גולד""",רקיט בנקיזר,IT,וניש מסיר כתמים לכבי,יח',1.00,יח',false,,16.70,16.7000,true,1,3890212
7290112003973,false,וניש מסיר כתמים אבקה לכביסה צבעונית 1350 גרם,רקיט בנקיזר,IT,וניש מסיר כתמים לכיס,יח',1.00,יח',false,,34.70,34.7000,true,1,3890213
7290112003997,false,אבקת וניש להסרת כתמי,RB איטליה,IT,וניש גולד אבקה 1.62,קילוגרמים,1.62,"100 ק""ג",false,,34.90,21.5432,true,1,3903091
7290112004000,false,אבקת וניש להסרת כתמי,RB איטליה,IT,וניש גולד אבקה 1.62,קילוגרמים,1.62,"100 ק""ג",false,,34.90,21.5432,true,1,3903092
7290112004024,false,ג'ל מסיר כתמים לכביסה לבנה וניש אוקסי אקשן,קליה וניש Kalia Vanish,PL,"וניש גולד ג'ל 940 מ""",מיליליטרים,940.00,"100 מ""ל",false,,19.90,0.0212,true,1,3899185
7290112004109,false,מטליות לחות לניקוי כללי וחיטוי בריח ליים ונענע- מארז,רקיט בנקיזר,PL,דטול מארז מגבונים לח,יח',1.00,יח',false,,19.90,19.9000,true,1,3891380
7290112004192,false,פיניש טבליות אקולוגי 70יח 1 ALL IN,רקיט בנקיזר,PL,פיניש טבליות אקולוגי,יח',1.00,יח',false,,54.80,54.8000,true,1,3890216
7290112004208,false,פיניש טבליות למדיח הכל ב 1 לימון 50 יחידות,רקיט בנקיזר,PL,פיניש טבליות אקולוגי,יח',1.00,יח',false,,34.90,34.9000,true,1,3890217
7290112004253,false,"קרם בספריי להסרת שיער לעור רגיש 150 מ""ל ויט",רקיט בנקיזר,,ויט קרם בספריי להסרת,מיליליטרים,150.00,"100 מ""ל",false,,19.90,0.1327,true,1,3898020
7290112004314,false,"דטול - תרסיס חיטוי וניקוי בניחוח לימון רימונים 750 מ""ל",רקיט בנקיזר,PL,דטול תרסיס מנקה ומחט,מיליליטרים,750.00,"100 מ""ל",false,,9.90,0.0132,true,1,3890218
7290112004413,false,"ספריי וניש קליה להסרת כתמים לבגדים לבנים 750 מ""ל",רקיט בנקיזר,PL,וניש קליה ספריי להסר,מיליליטרים,750.00,"100 מ""ל",false,,0.00,0.0000,true,1,3906861
7290112004604,false,דטול - שלישיית מגבונים לניקוי וחיטוי בניחוח לימון רימונים,רקיט בנקיזר,PL,דטו מגבונים שלישייה,יח',1.00,יח',false,,19.90,19.9000,true,1,3890865
7290112004611,false,"וניש קליה ג'ל מרוכז לטיפול נקודתי בכתמים 200 מ""ל",רקיט בנקיזר,PT,וניש גולד ג'ל עוצמתי,מטרים,200.00,100 מ'ל,false,,16.90,0.0845,true,1,3903093
7290112011008,false,רוטב ברביקיו 560גר רמי לוי,,,רוטב ברביקיו 560גר ר,גרמים,560.00,100 גרם,false,,9.90,0.0177,true,1,3872732
7290112011930,false,רוטב סויה 550 גרם רמי לוי,,,רוטב סויה 550 גרם רמ,גרמים,550.00,100 גרם,false,,9.90,0.0180,true,1,3872734
7290112011985,false,רוטב טריאקי 560 גרם רמילוי,,,רוטב טריאקי 560 גרם,גרמים,560.00,100 גרם,false,,9.90,0.0177,true,1,3880875
7290112012845,false,רוטב מרינדה שום ודבש רמילוי,,,רוטב מרינדה שום ודבש,מטרים,570.00,100 מ'ל,false,,9.90,0.0174,true,1,3894817
7290112012852,false,רוטב סויה סגנון סיני,,,רוטב סויה סגנון סיני,מטרים,570.00,100 מ'ל,false,,9.90,0.0174,true,1,3890443
7290112012869,false,רוטב טריאקי גינגר ושומשום רמילוי,,,רוטב טריאקי גינגר וש,גרמים,590.00,100 גרם,false,,9.90,0.0168,true,1,3894818
7290112013767,false,רמי לוי רוטב אלף האיים 500 גר' 6X,,,רמי לוי רוטב אלף האי,גרמים,500.00,100 גרם,false,,9.90,0.0198,true,1,3797405
7290112013774,false,רוטב אלף האיים לייט 500 ג רמילוי,,,רוטב אלף האיים לייט,גרמים,500.00,100 גרם,false,,9.90,0.0198,true,1,3797406
7290112013781,false,רמי לוי רוטב ויניגרט 500 גר',,,רמי לוי רוטב ויניגרט,גרמים,500.00,100 גרם,false,,9.90,0.0198,true,1,3797407
7290112013798,false,רמי לוי רוטב וינגרט לייט 500 גר',,,רמי לוי רוטב וינגרט,גרמים,500.00,100 גרם,false,,9.90,0.0198,true,1,3797425
7290112013811,false,רמי לוי רוטב שום לייט 500 גר',,,רמי לוי רוטב שום ליי,מיליליטרים,500.00,"100 מ""ל",false,,9.90,0.0198,true,1,3797427
7290112190420,false,פופקורן מתוק 80ג רמי,,,פופקורן מתוק 80ג רמי,גרמים,80.00,100 גרם,false,,3.50,0.0438,true,1,3871548
7290112190437,false,פופקורן קלאסי 65ג רמ,,,פופקורן קלאסי 65ג רמ,גרמים,65.00,100 גרם,false,,3.50,0.0538,true,1,3871549
7290112190543,false,דקדקים קצח 200ג רמילוי,,,דקדקים קצח 200ג רמיל,גרמים,200.00,100 גרם,false,,6.50,0.0325,true,1,3871550
7290112190864,false,גריסיני שמן זית 120ג רמילוי,,,גריסיני שמן זית 120ג,גרמים,120.00,100 גרם,false,,5.90,0.0492,true,1,3863831
7290112191069,false,8 טורטיות מזונות ברי,,,טורטיה 8יח 20סמ,יח',1.00,יח',false,,8.90,8.9000,true,1,3858643
7290112191090,false,טורטיה עם קמח כוסמת מלא 320מלא גרם 8 יחי,,,טורטיה קמח כוסמת מלא,גרמים,320.00,100 גרם,false,,8.90,0.0278,true,1,3858603
7290112191113,false,טורטיות עם זרעי צ'יה 320 ג',,,טורטיה וזרעי צ'יה 32,גרמים,320.00,100 גרם,false,,8.90,0.0278,true,1,3858604
7290112191328,false,ניוקי 500 ג רמי לוי,,,ניוקי 500 ג רמי לוי,גרמים,500.00,100 גרם,false,,5.90,0.0118,true,1,3863833
7290112191410,false,"שמן זית כתית מעולה רמי לוי 750 מ""ל",,,שמן זית כתית מעולה ר,מיליליטרים,750.00,"100 מ""ל",false,,28.90,0.0385,true,1,3871568
7290112191465,false,שמן זית כתית מעולה ר,,,שמן זית כתית מעולה ר,מיליליטרים,750.00,"100 מ""ל",false,,28.90,0.0385,true,1,3871573
7290112191564,false,מסטיק ללא סוכר פירות 33גר רמילוי,,,מסטיק ללא סוכר פירות,גרמים,33.00,100 גרם,false,,3.50,0.1061,true,1,3880698
7290112191571,false,מסטיק ללא תוספת סוכר,,,מסטיק ללא תוספת סוכר,גרמים,33.00,100 גרם,false,,3.50,0.1061,true,1,3880699
7290112191595,false,מסטיק ללא תוספת סוכר,,,מסטיק ללא תוספת סוכר,גרמים,33.00,100 גרם,false,,3.50,0.1061,true,1,3880701
7290112191878,false,פתיתים 50% קמח מלא 500גר רמילוי,,,פתיתים 50% קמח מלא 5,גרמים,500.00,100 גרם,false,,3.90,0.0078,true,1,3871577
7290112191984,false,מארז קפסולות אספרסו חזק 50יח רמילוי,,,מארז קפסולות אספרסו,יח',1.00,יח',false,,59.90,59.9000,true,1,3856781
7290112191991,false,מארז קפסולות קפוצינו 50יח רמילוי,,,מארז קפסולות קפוצינו,יח',1.00,יח',false,,59.90,59.9000,true,1,3856782
7290112192158,false,"ניוקי תפו""א 500 גרם ללא גלוטן",,IT,ניוקי תפוא ללא גלוטן,גרמים,500.00,100 גרם,false,,10.90,0.0218,true,1,3866765
7290112192578,false,משחת שיניים פרודונטקס אקסטרה פרש הגנה מלאה,ג'י.אס.קיי קונסיומר,IE,פרודונטקס הגנה מלאה,מטרים,75.00,100 מ'ל,false,,34.90,0.4653,true,1,3879898
7290112192585,false,פרודונטקס מברשת שיניים הגנה מלאה סופט,גלקסוס סמית קליין,IE,מברשת שיניים פרודונט,יח',1.00,יח',false,,24.90,24.9000,true,1,3879899
7290112192875,false,"סנסודיין - משחת שיניים רגישות וחניכיים 75 מ""ל",סנסודיין Sensodyne,GB,סנסודיין חניכיים רגי,יח',1.00,יח',false,,33.90,33.9000,true,1,3879900
7290112192882,false,"סנסודיין - משחת שיניים רגישות וחניכיים מלבינה 75 מ""ל",ג'י.אס.קיי קונסיומר,GB,סנסודיין מלבינה 75 מ,יח',1.00,יח',false,,33.90,33.9000,true,1,3879901
7290112192981,false,סטייל מתולתלות קרם לחות לשיער גלי 400,גורי,IL,קרם לחות לשיער גלי 4,מטרים,400.00,100 מ'ל,false,,25.90,0.0647,true,1,3901863
7290112193322,false,"סטייל - מסיכת לילה מתולתלות 250 מ""ל",גורי,IL,מסיכת לילה מתולתלות,גרמים,250.00,100 גרם,false,,25.90,0.1036,true,1,3886368
7290112194091,false,פתיבר ביסקויט קלאסי 500ג רמילוי,,,פתיבר ביסקויט קלאסי,גרמים,500.00,100 גרם,false,,6.90,0.0138,true,1,3880704
7290112194305,false,תרמו לארגון לתת,,,תרמו לארגון לתת,יח',1.00,יח',false,,20.00,20.0000,true,1,3879884
7290112194343,false,סכיני גילוח לאישה 5יח רמילוי,,,סכיני גילוח לאישה 5י,יח',1.00,יח',false,,8.90,8.9000,true,1,3882427
7290112194350,false,סכיני גילוח לגבר 5יח רמילוי,,,סכיני גילוח לגבר 5יח,יח',1.00,יח',false,,8.90,8.9000,true,1,3882428
7290112194367,false,סכיני גילוח לאישה 10יח רמילוי,,,סכיני גילוח לאישה 10,יח',1.00,יח',false,,14.90,14.9000,true,1,3882429
7290112194381,false,סכיני גילוח 3 להבים לאישה 4יח רמילוי,,,סכיני גילוח 3 להבים,יח',1.00,יח',false,,14.90,14.9000,true,1,3882431
7290112194398,false,סכיני גילוח 3 להבים לגבר 4יח רמילוי,,,סכיני גילוח 3 להבים,יח',1.00,יח',false,,14.90,14.9000,true,1,3882432
7290112194534,false,טורטיה חיטה מלאה 320 גר,,,טורטיה חיטה מלאה 320,גרמים,320.00,100 גרם,false,,8.50,0.0266,true,1,3880713
7290112194909,false,דקדקים בייגלה שטוח וקימל 200 גר,,,דקדקים בייגלה שטוח ו,גרמים,200.00,100 גרם,false,,6.50,0.0325,true,1,3894775
7290112195029,false,רגעים מתוקים ביסקויט בתחתית שוקולד לבן,,,רגעים מתוקים ביסקויט,גרמים,102.00,100 גרם,false,,4.90,0.0480,true,1,3886607
7290112195036,false,רגעים מתוקים ביסקויט בתחתית שוקולד מריר,,,רגעים מתוקים ביסקויט,גרמים,102.00,100 גרם,false,,4.90,0.0480,true,1,3886608
7290112195104,false,חמאת בוטנים רמילוי,,,חמאת בוטנים רמילוי,גרמים,500.00,100 גרם,false,,10.90,0.0218,true,1,3894776
7290112195111,false,חמאת בוטנים עם שבבים רמי לוי,,,חמאת בוטנים עם שבבים,גרמים,500.00,100 גרם,false,,10.90,0.0218,true,1,3894777
7290112195197,false,מלפפונים במלח 15-17 310גר,,,מלפפונים במלח 15-17,גרמים,310.00,100 גרם,false,,6.90,0.0223,true,1,3894778
7290112195296,false,לחמניות נקניקייה 4יח,,,לחמניות נקניקייה 4יח,גרמים,330.00,100 גרם,false,,9.90,0.0300,true,1,3894364
7290112195302,false,לחמניות המבורגר 4יח,,,לחמניות המבורגר 4יח,גרמים,360.00,100 גרם,false,,9.90,0.0275,true,1,3894365
7290112195319,false,באגט 3יח רמילוי כשלפ,,,באגט 3יח רמילוי כשלפ,גרמים,360.00,100 גרם,false,,9.90,0.0275,true,1,3894366
7290112195326,false,ג'בטה 3יח רמילוי כשלפ,,,ג'בטה 3יח רמילוי כשל,גרמים,380.00,100 גרם,false,,12.90,0.0339,true,1,3894367
7290112195333,false,פיתות 5יח רמילוי כשל,,,פיתות 5יח רמילוי כשל,גרמים,420.00,100 גרם,false,,19.90,0.0474,true,1,3894368
7290112195340,false,פרכיות 165 גרם,,,פרכיות 165 גרם,גרמים,165.00,100 גרם,false,,6.50,0.0394,true,1,3894779
7290112195425,false,משקה אורז 1לי רמי לוי,,,משקה אורז 1לי רמי לו,ליטרים,1.00,ליטר,false,,8.90,8.9000,true,1,3898193
7290112195432,false,משקה אורז ושקדים 1לי רמי לוי,,,משקה אורז ושקדים 1לי,ליטרים,1.00,ליטר,false,,9.90,9.9000,true,1,3898194
7290112195449,false,משקה סויה מועשר סידן 1לי רמי לוי,,,משקה סויה מועשר סידן,ליטרים,1.00,ליטר,false,,8.90,8.9000,true,1,3898195
7290112195456,false,משקה שקדים 1לי רמי לוי,,,משקה שקדים 1לי רמי ל,ליטרים,1.00,ליטר,false,,9.90,9.9000,true,1,3898196
7290112195463,false,משקה שיבולת שועל 1לי רמי לוי,,,משקה שיבולת שועל 1לי,ליטרים,1.00,ליטר,false,,11.90,11.9000,true,1,3898197
7290112195524,false,פתי בר ביסקויט 1.75ק,,,פתי בר ביסקויט 1.75ק,קילוגרמים,1.75,"ק""ג",false,,19.80,11.3143,true,1,3904469
7290112196514,false,חטיפי קרקר כוסמין 180 גר,,,חטיפי קרקר כוסמין 18,גרמים,180.00,100 גרם,false,,9.90,0.0550,true,1,3891835
7290112196521,false,חטיפי קרקר כוסמין שומשום,,,חטיפי קרקר כוסמין שו,יח',1.00,יח',false,,9.90,9.9000,true,1,3891836
7290112196644,false,פירורי לחם כוסמין 20,,,פרורי לחם כוסמין,יח',1.00,יח',false,,8.90,8.9000,true,1,3891840
7290112196798,false,קמח כוסמין 8מלא מנופה 1קג,,,קמח כוסמין 8מלא מנופ,יח',1.00,יח',false,,16.90,16.9000,true,1,3890798
7290112196996,false,שלישיית סבון ידיים אדום סטייל,,,שלישיית סבון ידיים א,מטרים,1500.00,100 מ'ל,false,,7.90,0.0053,true,1,3901442
7290112197252,false,סנסודיין - משחת שיניים מלבינה לשיקום והגנה כשר לפסח זוג,גורי,GB,סנסודיין שיקום והגנה,100 מל,150.00,100 מל,false,,34.90,0.2327,true,1,3905472
7290112330352,false,"יוגורט PRO בטעם וניל 0% , 20 גרם חלבון בגביע","שטראוס בריאות בע""\מ",IL,דנונה פרו 20ג וניל 0,גרמים,200.00,100 גרם,false,,5.90,0.0295,true,1,3869446
7290112330390,false,דנונה פרו פירות יער 20 גרם חלבון 0% שומן 200 גרם,"שטראוס בריאות בע""\מ",IL,דנונה פרו 20ג פירות,גרמים,200.00,100 גרם,false,,5.90,0.0295,true,1,3869448
7290112330420,false,דנונה פרו לבן 2.9% שומן 150 גרם,מיוצר עי קונדיטוריית,IL,דנונה פרו לבן 2.9%,גרמים,150.00,100 גרם,false,,4.50,0.0300,true,1,3869450
7290112330970,false,"שייק חלבון מי גבינה עם פירות יער 350מ""ל יטבתה",מחלבת יטבתה,IL,שייק חלבון טעם פירות,גרמים,350.00,100 גרם,false,,7.50,0.0214,true,1,3869452
7290112330987,false,"שייק חלבון מי גבינה+אפרסק ומנגו 350 מ""ל",מחלבת יטבתה,IL,שייק חלבון מי גבינה,גרמים,350.00,100 גרם,false,,7.50,0.0214,true,1,3869453
7290112331281,false,דגני בוקר קוואקר בתו,"קיים תעשיות מזון בע""",IN,שיבולת שועל חמוציות,גרמים,400.00,100 גרם,false,,19.90,0.0497,true,1,3892843
7290112331946,false,רבע לשבע טורטית120גרם,"הגביע מוצרי וופלים בע""\מ",IL,רבע לשבע טורטית 120,גרמים,120.00,100 גרם,false,,10.00,0.0833,true,1,3867447
7290112331953,false,עוגיות עלית שוקוציפס,Unknown,,עוגיות שוקולד צ'אנקס,גרמים,162.00,100 גרם,false,,8.90,0.0549,true,1,3867448
7290112331984,false,שוקולד קראנץ ביסקווי,STRAUSS-ISRAEL,,פרה קראנץ ביסקוויט ק,גרמים,100.00,גרם,false,,0.00,0.0000,true,1,3878915
7290112332110,false,שוקולד מריר ללא סוכר,Unknown,,שוקולד פרה מריר 60%,גרמים,100.00,100 גרם,false,,7.90,0.0790,true,1,3878917
7290112332585,false,פריכיות משולש תפוא אורז בתיבול סלק ומלח ים אנרג'י 30 גרם,"פרח תעשיו מזון בע""מ",IL,פריכיות תפוא אורז בת,גרמים,30.00,גרם,false,,4.90,0.1633,true,1,3878922
7290112332691,false,פינוקיות עוגיות קרם פסק זמן אגוזים 200 גרם,"הגביע מוצרי וופלים בע""\מ",IL,עוגיית קרם פסק אגוזי,גרמים,200.00,100 גרם,false,,9.90,0.0495,true,1,3878923
7290112335487,false,הפריכיות הטעימות קצח ודגנים אנרג'י 135 גרם,אנרג'י Energy - שטראוס,IL,פריכיות הטעימות קצח,גרמים,135.00,100 גרם,false,,9.90,0.0733,true,1,3878928
7290112335494,false,הפריכיות הטעימות תפוחי אדמה בטעם פוטטוס,"פרח תעשיות מזון בע""\מ",IL,פריכיות הטעימות פוטט,גרמים,135.00,100 גרם,false,,9.90,0.0733,true,1,3878929
7290112335500,false,"פרכיות אנרג'י חומוס,אורז,עדשים שחורות וקינואה 135 גרם","פרח תעשיות מזון בע""\מ",IL,פריכיות הטעימות חלבו,גרמים,135.00,100 גרם,false,,9.90,0.0733,true,1,3878930
7290112336613,false,עד חצות סנדוויץ' ביסקוויט עם שוקולד חלב,שטראוס גרופ,FR,עד חצות סנדוויץ' ביס,גרמים,135.00,100 גרם,false,,10.00,0.0741,true,1,3878937
7290112336637,false,סוכריות מאסט Must ללא סוכר יוגורט תות ואוכניות,שטראוס גרופ,PL,"סוכריות לל""ס יוגורט",גרמים,80.00,100 גרם,false,,6.90,0.0863,true,1,3878939
7290112336644,false,סוכריות מאסט ללא סוכר לימון 80 ג' עלית,שטראוס גרופ,PL,"סוכריות לל""ס לימון 8",גרמים,80.00,100 גרם,false,,6.90,0.0863,true,1,3878940
7290112336651,false,סוכריות מאסט ללא סוכר ריבת חלב 80 ג' עלית,שטראוס גרופ,PL,"סוכריות לל""ס ריבת חל",גרמים,80.00,100 גרם,false,,6.90,0.0863,true,1,3878941
7290112336712,false,יוגורט PRO לבן 0% 21 גרם חלבון בגביע,"שטראוס בריאות בע""מ",IL,דנונה פרו 21 0%,גרמים,200.00,100 גרם,false,,5.90,0.0295,true,1,3869467
7290112337474,false,סוכריות מאסט ללא סוכר פטל לימון 80 ג' עלית,שטראוס גרופ,PL,"סוכריות לל""ס פטל לימ",גרמים,80.00,100 גרם,false,,6.90,0.0863,true,1,3878943
7290112338877,false,מעדן גבינה בטעם תות 3% 125ג' סקי,"שטראוס בריאות בע""\מ",IL,סקי תות 3% 125 גר,גרמים,125.00,100 גרם,false,,3.70,0.0296,true,1,3869469
7290112339171,false,מילקי מוס עם שוקולד וקצפת,מיוצר עי קונדיטוריית,IL,מילקי מוס 81 גר,גרמים,81.00,גרם,false,,3.30,0.0407,true,1,3869474
7290112339294,false,אקטיביה+צ'יה ואפרסק150ג,"שטראוס בריאות בע""\מ",IL,אקטיביה צ'יה ואפרסק,גרמים,150.00,100 גרם,false,,4.50,0.0300,true,1,3879769
7290112339362,false,דנונה לייט אנד פריי בטעם קפוצ'ינו 150 גרם,"שטראוס בריאות בע""\מ",IL,דנונה דיאט קפוצינו,גרמים,150.00,100 גרם,false,,4.30,0.0287,true,1,3879770
7290112339867,false,גמדים לדרך גבינה לבנה עם מחית תות,"שטראוס בריאות בע""\מ",IL,גמדים סקוויז לדרך תו,גרמים,100.00,100 גרם,false,,5.40,0.0540,true,1,3869486
7290112339874,false,גמדים לדרך גבינה לבנה עם מחיות תות ובננה,"שטראוס בריאות בע""\מ",IL,גמדים סקוויז לדרך תו,גרמים,100.00,100 גרם,false,,5.40,0.0540,true,1,3869487
7290112340122,false,הפריכיות הטעימות 3 דגנים אנרג'י 135 גרם,"פרח תעשיות מזון בע""\מ",IL,פריכיות הטעימות 3 דג,גרמים,135.00,100 גרם,false,,9.90,0.0733,true,1,3878945
7290112340252,false,צנצנת מסטיק מאסט בטעם אבטיח מלון 66 ג' עלית,"שטראוס גרופ בע""\מ",IL,יח',יח',1.00,יח',false,,8.90,8.9000,true,1,3867464
7290112340900,false,קפה טורקי האג נטול קפאין 200 גרם,הנסיך- מפעל לייצור ט,IL,האג קפה טורקי 200 גר,גרמים,200.00,100 גרם,false,,24.90,0.1245,true,1,3892199
7290112341112,false,משקה חלב מוקה בקבוק350מ,מחלבת יטבתה,IL,"מוקה יטבתה 350 מ""ל",מטרים,350.00,100 מ'ל,false,,6.20,0.0177,true,1,3869498
7290112341167,false,חטיפי אנרגי מיני תחת,,,שקית מיני אנרג'י מצו,גרמים,168.00,100 גרם,false,,10.90,0.0649,true,1,3887354
7290112341556,false,יוגורט אקטיביה עם צ'יה ותות 150 גרם,"שטראוס בריאות בע""\מ",IL,אקטיביה צ'יה ותות,גרמים,150.00,100 גרם,false,,4.50,0.0300,true,1,3879778
7290112341679,false,דנונה אקטיביה 3% שומן 200 גרם,מיוצר עי קונדיטוריית,IL,אקטיביה 3% 200 גרם,גרמים,200.00,100 גרם,false,,3.70,0.0185,true,1,3879779
7290112341686,false,שמינייה יוגורט לבן אקטיביה 3% דנונה 150 גרם.,מיוצר עי קונדיטוריית,IL,יוגורט אקטיביה 3% 15,ליטרים,1.20,ליטר,false,,19.90,16.5833,true,1,3879780
7290112342102,false,סימפוניה גבינה במרקם שמנת בצל מקורמל 5%,"שטראוס בריאות בע""\מ",IL,סימפוניה בצל מקורמל,גרמים,200.00,100 גרם,false,,10.40,0.0520,true,1,3879786
7290112342270,false,קפה פלטינום אינטנס מחוזק ב- 10% אספרסו,שטראוס קפה בי.וי,IL,קפה פלטינום אינטנס 1,גרמים,125.00,100 גרם,false,,15.90,0.1272,true,1,3878961
7290112342621,false,שוקו בקבוק יוטבתה 350 מל,מחלבת יטבתה,IL,"שוקו בק יטבתה 350 מ""",מטרים,350.00,100 מ'ל,false,,6.20,0.0177,true,1,3879791
7290112343260,false,"יטבתה רוטב שמנת קלאסי 9% שומן 260 מ""ל",שטראוס גרופ,IL,רוטב שמנת קלאסי 9%,מיליליטרים,260.00,"100 מ""ל",false,,9.80,0.0377,true,1,3879794
7290112343420,false,"משקה חלב עם דגנים מלאים ובננה פרו יטבתה 350מ""ל",מחלבת יטבתה,IL,יטבתה פרו ארוחת בוקר,מיליליטרים,350.00,"100 מ""ל",false,,6.90,0.0197,true,1,3879797
7290112344564,false,רביולי גבינה קלאסי שטראוס 400 ג',"שטראוס גרופ בע""\מ",IL,רביולי גבינה,גרמים,300.00,100 גרם,false,,19.80,0.0660,true,1,3879799
7290112344724,false,מעדן בטעם שוקולד בלונדי 170 ג' מילקי,מיוצר עי קונדיטוריית,IL,מילקי בטעם שוקולד בל,גרמים,133.00,100 גרם,false,,3.30,0.0248,true,1,3879802
7290112344731,false,מילקי שוקולד אקסטרה,"שטראוס גרופ בע""מ",IL,מילקי שוקולד אקסטרה,גרמים,133.00,100 גרם,false,,3.50,0.0263,true,1,3897990
7290112344748,false,מילקי EXקצפת קפוצינו133ג,"שטראוס גרופ בע""\מ",IL,מילקי אקסטרה עם קצפת,גרמים,133.00,100 גרם,false,,3.50,0.0263,true,1,3897991
7290112344755,false,מילקי שוקולד 26% פחות סוכר 135 גרם,מיוצר עי קונדיטוריית,IL,מילקי 26% פחות סוכר,מיליליטרים,135.00,"100 מ""ל",false,,2.70,0.0200,true,1,3893329
7290112344953,false,סימפוניה חציל קלוי גבינה במקרם שמנת 5%,"שטראוס בריאות בע""\מ",IL,סימפוניה חציל קלוי 5,גרמים,200.00,100 גרם,false,,10.40,0.0520,true,1,3893334
7290112344960,false,סימפוניה חלפניו 5% 200 ג,מיוצר עי קונדיטוריית,IL,סימפוניה חלפניו 200,גרמים,200.00,100 גרם,false,,10.40,0.0520,true,1,3897992
7290112345356,false,מסטיק לימון נוסטלגיה 31 גר',שטראוס גרופ,DE,מסטיק לימון עלית,יח',1.00,יח',false,,4.90,4.9000,true,1,3892200
7290112346360,false,בפלות אחת אחת ופל בטעם שוקולד מצופה שוקולד,הגביע מוצרי וופלים ב,GR,בפלות אחת אחת בציפוי,גרמים,180.00,100 גרם,false,,12.90,0.0717,true,1,3883342
7290112346537,false,עוגיות פינוקיות בטעם טורטית 200 ג' עלית,"הגביע מוצרי ופלים בע""\מ",IL,פינוקיות טורטית במיל,גרמים,200.00,100 גרם,false,,9.90,0.0495,true,1,3878977
7290112346629,false,דנונה בר יוגורט+קורנפלקס מצופה שוקולד חלב ולבן 172 גרם,"שטראוס בריאות בע""\מ",IL,יוגורט דנונה קורנפלק,מיליליטרים,172.00,"100 מ""ל",false,,4.30,0.0250,true,1,3886338
7290112346766,false,דנונה לייט בננה קרמל150ג,"שטראוס בריאות בע""\מ",IL,דנונה דיאט בננה קרמל,מיליליטרים,150.00,"100 מ""ל",false,,4.30,0.0287,true,1,3887451
7290112346773,false,יוגורט בטעם וניל 0% לייט אנד פרי 10 גרם חלבון בגביע,מיוצר עי קונדיטוריית,IL,דנונה לייט אנד פריי,גרמים,150.00,100 גרם,false,,4.30,0.0287,true,1,3893335
7290112347473,false,מארז דנונה לייט אנד פריי תות ואפרסק 150 גרם 8 יחידות,מיוצר עי קונדיטוריית,IL,מארז דנונה דיאט תות,קילוגרמים,1.20,"ק""ג",false,,26.90,22.4167,true,1,3879822
7290112347602,false,נשנושים עלית טורטית,,,טורטית נשנושים 130 ג,גרמים,130.00,100 גרם,false,,10.90,0.0838,true,1,3885183
7290112348142,false,שעועית לבנה 380 גר' בקופסה טעם הטבע,שטראוס טעם הטבע,IT,שעועית לבנה 380גר קו,גרמים,380.00,100 גרם,false,,6.90,0.0182,true,1,3886134
7290112348241,false,פסק זמן פטיסרי עם קרם קפה לאטה,שטראוס גרופ,IL,פסק זמן פטיסרי עם קר,גרמים,45.00,100 גרם,false,,4.90,0.1089,true,1,3890812
7290112348548,false,שוקולד פרה לבן מעולה,"תופינית בע""\מ",IL,שוקולד לבן רבנות 202,גרמים,100.00,100 גרם,false,,4.90,0.0490,true,1,3883346
7290112348616,false,עלית - קפה נמס אגוזי לוז 100 גרם,שטראוס קפה בי.וי,IL,קפה נמס אגוזי לוז 10,גרמים,100.00,100 גרם,false,,14.80,0.1480,true,1,3892208
7290112348999,false,הפריכיות הטעימות תירס דקות אנרג'י 135 גרם,פרח תעשיות,IL,פריכיות הטעימות תירס,גרמים,135.00,100 גרם,false,,9.90,0.0733,true,1,3891208
7290112349606,false,מעדן גבינה ויוגורט תות בננה 88 ג' דניאלה,"שטראוס בריאות בע""\מ",IL,דניאלה תות בננה 88 ג,מיליליטרים,88.00,"100 מ""ל",false,,3.90,0.0443,true,1,3900858
7290112349668,false,ספלנדיד מריר מעולה 90% 100 גרם,"שטראוס גרופ בע""\מ",IL,ספלנדיד 90%,גרמים,100.00,100 גרם,false,,10.00,0.1000,true,1,3885188
7290112349699,false,פסאטה מחית עגבניות חלקה 350 גר' יד מרדכי,אמיליאנה קונסרב סוסייטה,IT,מחית עגבניות חלקה 35,גרמים,350.00,100 גרם,false,,5.90,0.0169,true,1,3883349
7290112349705,false,פומודורו רוטב עגבניות קלאסי לפסטה יד מרדכי 350 גרם,אמיליאנה קונסרב סוסייטה,IT,פומודורו רוטב עגבניו,גרמים,350.00,100 גרם,false,,10.90,0.0311,true,1,3883350
7290112349736,false,בזיליקום רוטב עגבניות לפסטה יד מרדכי 350 גרם,אמיליאנה קונסרב סוסייטה,IT,בזיליקום רוטב עגבניו,גרמים,350.00,100 גרם,false,,10.90,0.0311,true,1,3883351
7290112349750,false,פיצה רוטב עגבניות לפיצה יד מרדכי 350 גרם,אמיליאנה קונסרב סוסייטה,IT,רוטב עגבניות לפיצה 3,גרמים,350.00,100 גרם,false,,10.90,0.0311,true,1,3883353
7290112350275,false,קפסולות LUNGO למכונת נספרסו עלית 10 יחידות,שטראוס קפה בי.וי,IL,קפסולות לונגו למכונת,יח',1.00,יח',false,,15.90,15.9000,true,1,3883127
7290112350312,false,קפסולות 15 קפה יותר למכונות נספרסו עלית 10יח',הנסיך- מפעל לייצור ט,IL,קפסולות 15 למכונת נס,יח',1.00,יח',false,,15.90,15.9000,true,1,3892210
7290112350589,false,ציקו אבקה להכנת משקה ציקוריה 65 גר,שטראוס קפה בי.וי,IL,קפה צ'יקו 65 גר,גרמים,65.00,100 גרם,false,,11.90,0.1831,true,1,3887358
7290112351067,false,סילאן טבעי 100% תמר מג'הול ללא תוספת סוכר,יד מרדכי,IL,סילאן טבעי לחיץ 630,מיליליטרים,630.00,"100 מ""ל",false,,23.90,0.0379,true,1,3885190
7290112351104,false,שוקולד פרה ממולא פיצפוצי אורז 100 ג' עלית,"שטראוס גרופ בע""\מ",IL,שוקולד פרה פיצפוצי א,גרמים,100.00,100 גרם,false,,4.90,0.0490,true,1,3886140
7290112351128,false,שוקולד פרה סוכריות קופצות וועסטהייים,"שטראוס גרופ בע""\מ",IL,שוקולד פרה סוכריות ק,גרמים,100.00,100 גרם,false,,4.90,0.0490,true,1,3887359
7290112351463,false,שלישיית סוכריות מאסט FRESH פטל לימון 45 ג' עלית,"הליקון גידה בע""\מ",TR,שלישיית סוכריות רפרש,יח',1.00,יח',false,,7.90,7.9000,true,1,3886141
7290112351470,false,סוכריות ללא סוכר בטעם תות רימון מאסט פרש,"הליקון גידה בע""\מ",TR,שלישיית סוכריות רפרש,יח',1.00,יח',false,,7.90,7.9000,true,1,3886142
7290112351524,false,עלי סלנובה 200 גר' שטראוס טעם הטבע,שטראוס בריאות ירקות טריי,IL,עלי סלנובה 200 גר' ש,גרמים,200.00,100 גרם,false,,11.90,0.0595,true,1,3887455
7290112351807,false,שוקולד פרה בלונדי חל,Unknown,,שוקולד בלונדי חלק 10,גרמים,100.00,100 גרם,false,,7.50,0.0750,true,1,3892218
7290112353214,false,מאגדת שלישיית פסק זמן,"שטראוס גרופ בע""\מ",IL,פסק זמן שלישייה גליל,גרמים,120.00,100 גרם,false,,9.90,0.0825,true,1,3892228
7290112353412,false,"פריכיות משולשות-תפוא,תירס,אפונה,סלק ומלח 30 גרם","פרח תעשיו מזון בע""מ",IL,פריכיות משולשות מיקס,גרמים,30.00,100 גרם,false,,4.90,0.1633,true,1,3892232
7290112353535,false,ניוקי תפוחי אדמה ללג,STRAUSS-ISRAEL,IL,ניוקי תפוא 400 גר לל,גרמים,400.00,100 גרם,false,,19.80,0.0495,true,1,3883694
7290112354204,false,"ספגטי עגבניות 280 גר' ""דלישס"" שטראוס",גסטרונומיה פרוסט אס. אר.,IT,ספגטי עגבניות 280גרם,גרמים,280.00,100 גרם,false,,21.90,0.0782,true,1,3897610
7290112354211,false,"פיצה מרגריטה""דלישס"" שטראוס",סקרלינפיצה אס. אר. אל. א,IT,פיצה מרגריטה 400גרם,גרמים,400.00,100 גרם,false,,25.90,0.0647,true,1,3897611
7290112354242,false,"קונוס פיצה ""דלישס"" שטראוס",סקרלינפיצה אס. אר. אל. א,IL,קונוס פיצה 280גרם,גרמים,280.00,100 גרם,false,,25.90,0.0925,true,1,3897614
7290112355027,false,דנונה פרו 20 גרם חלבון בטעם קרמל מלוח 200 גרם,"שטראוס בריאות בע""\מ",IL,דנונה פרו 20ג קרמל מ,גרמים,200.00,100 גרם,false,,5.90,0.0295,true,1,3893350
7290112355102,false,גמדים סקוויז 100 גרם פאוץ סלט פירות 100 גרם,"שטראוס בריאות בע""\מ",IL,גמדים פאוץ סלט פירות,גרמים,100.00,100 גרם,false,,5.40,0.0540,true,1,3893355
7290112355195,false,דנונה וואו בננה תמר,"שטראוס בריאות בע""מ",IL,דנונה WOW בננה תמר 2,גרמים,150.00,100 גרם,false,,4.50,0.0300,true,1,3893356
7290112355461,false,חומוס בסגנון ירושלמי,"שטראוס גרופ בע""\מ",IL,חומוס סגנון ירושלמי,גרמים,400.00,100 גרם,false,,9.90,0.0248,true,1,3893358
7290112355720,false,דנונה קרמל מלוח וואו,"שטראוס בריאות בע""\מ",IL,דנונה WOW קרמל מלוח,גרמים,150.00,100 גרם,false,,4.50,0.0300,true,1,3893361
7290112355744,false,מעדן גבינה סקי קוקוס,STRAUSS-ISRAEL,,סקי קוקוס 125 גר,גרמים,125.00,100 גרם,false,,3.70,0.0296,true,1,3897996
7290112355881,false,דנונה לייט אנד פרי תות עם חלבון,"שטראוס בריאות בע""\מ",IL,דנונה לייט אנד פריי,גרמים,150.00,100 גרם,false,,4.30,0.0287,true,1,3893364
7290112356123,false,שלישיית סוכריות FRESH מנדרינה ואבטיח,,,שלישיית סוכריות פרש,יח',1.00,יח',false,,7.90,7.9000,true,1,3892235
7290112357113,false,גרגרי חומוס בקופסה 380 גר' טעם הטבע,שטראוס טעם הטבע,IT,גרגירי חומוס 380 גר,גרמים,380.00,100 גרם,false,,6.90,0.0182,true,1,3886150
7290112357618,false,כשלפ מסטיק קוביות בטעם פירות טרופיים 58 ג,אסקום קונפקשיין,DE,מאסט צנצנתל קוביות פ,יח',1.00,יח',false,,9.90,9.9000,true,1,3883358
7290112357892,false,סוכריות ללא סוכר בטעם מנטה מאסט פרש,"הליקון גידה בע""\מ",TR,שלישיית סוכריות רפרש,יח',1.00,יח',false,,7.90,7.9000,true,1,3886151
7290112358004,false,פסק זמן קראנצ' עלית 32 גרם,שולן צ'\יקולטה גידה סאן.,TR,פסק זמן קראנצ' עלית,גרמים,32.00,100 גרם,false,,4.90,0.1531,true,1,3892239
7290112358844,false,שוקולד חלב שברי אגוז100ג,"שטראוס גרופ בע""\מ",IL,שוקולד פרה שברי אגוז,גרמים,100.00,100 גרם,false,,4.90,0.0490,true,1,3886156
7290112415400,false,עוגיות אלפחורס קפולסקי 280 גרם,תופינים מקבוצת קפולסקי,IL,עוגיות אלפחורס מקרר,גרמים,280.00,100 גרם,false,,29.90,0.1068,true,1,3885309
7290112419613,false,כתר ריבה בטעם תות 30,,,עוגיות כתר ריבה 300,גרמים,300.00,100 גרם,false,,13.90,0.0463,true,1,3883182
7290112419620,false,נטיפי שוקולד קוקוס מ,,,טעמונים 300 גר כשלפ,גרמים,300.00,100 גרם,false,,13.90,0.0463,true,1,3883183
7290112419668,false,עוגיות קוקוס אפוי מי,,,עוגיות קוקוס אפוי מי,גרמים,300.00,100 גרם,false,,13.90,0.0463,true,1,3883186
7290112419682,false,עוגיות קוקוס אפוי מי,,,עוגיות קוקוס אפוי מי,גרמים,300.00,100 גרם,false,,13.90,0.0463,true,1,3883188
7290112490032,false,"נמס בכוס טעם תירס קנור 31 גרם מארז זוגי בד""צ",יוניליוור ישראל מזון בעמ,IL,"נמס בכוס תירס בד""ץ",גרמים,22.50,100 גרם,false,,6.50,0.2889,true,1,3867853
7290112490117,false,קליק אקסטרא לארג שוקולד חלב עם וופל ואגוזים,יוניליוור ישראל מזון בעמ,IL,קליק טבלת אגוז וופל*,יח',1.00,יח',false,,4.90,4.9000,true,1,3867857
7290112490209,false,נמס בכוס מרק עגבניות עם קרוטונים רכיבים טבעיים,יוניליוור ישראל מזון בעמ,IL,נמס בכוס 100% רכיבים,יח',1.00,יח',false,,5.90,5.9000,true,1,3867859
7290112490230,false,מרק נמס בכוס אפונה קנור 100% רכיבים טבעיים,יוניליוור ישראל מזון בעמ,IL,נמס בכוס 100% אפונה,גרמים,25.00,100 גרם,false,,5.90,0.2360,true,1,3867861
7290112490582,false,חרדל דיג'וןן צרפתי הלמנס 350 גר,יוניליוור מזון,FR,חרדל צרפתי דיז'ון 35,גרמים,350.00,100 גרם,false,,11.90,0.0340,true,1,3867863
7290112490650,false,קונפיטורה תות שדה 340 גרם-צנצנת,קונפיטורות לה-ארדניי,BE,קונפיטורה תות 778 50,גרמים,340.00,100 גרם,false,,11.90,0.0350,true,1,3867865
7290112490667,false,קונפיטורה משמש778 50% פרי 340 גר',יוניליוור מזון,BE,קונפיטורה משמש778 50,גרמים,340.00,100 גרם,false,,11.90,0.0350,true,1,3857791
7290112490674,false,קונפיטורה דובדבנים 778 50% פרי 340 גר-,יוניליוור מזון,IL,קונפיטורה דובדבנים 7,גרמים,340.00,100 גרם,false,,11.90,0.0350,true,1,3867866
7290112490698,false,קונפיטורה תות שדה לייט 300 גרם-צנצנת,יוניליוור מזון,IL,קונפיטורה תות לייט 5,גרמים,260.00,100 גרם,false,,12.90,0.0496,true,1,3867868
7290112490728,false,מרק עשיר ירקות עם בורגול רכיבים טבעיים 95 ג' קנור,יוניליוור ישראל מזון בעמ,IL,מרק עשיר ירקות בורגו,גרמים,95.00,100 גרם,false,,11.90,0.1253,true,1,3867870
7290112490735,false,מרק עשיר עגבניות עם פסטה ר.טבעיים 105 גרם קנור,יוניליוור ישראל מזון בעמ,IL,קנור מרק עשיר עגבניו,גרמים,105.00,100 גרם,false,,11.90,0.1133,true,1,3867871
7290112490742,false,מרק עשיר פטריות עם גריסים רכיבים טבעיים 104 ג' קנור,יוניליוור ישראל מזון בע\,IL,קנור מרק עשיר פטריות,גרמים,104.00,100 גרם,false,,11.90,0.1144,true,1,3867872
7290112490759,false,מרק עשיר עוף עם אטריות רכיבים טבעיים 74 ג' קנור,יוניליוור ישראל מזון בעמ,IL,קנור מרק עשיר עוף אט,יח',1.00,יח',false,,11.90,11.9000,true,1,3867873
7290112490827,false,תרסיס ריחני למייבש הכביסה בדין בייבי 500,"זוהר דליה, קיבוץ דליה, 1",IL,בדין תרסיס למייבש בי,מיליליטרים,500.00,"100 מ""ל",false,,14.90,0.0298,true,1,3867878
7290112490896,false,"קנור רוטב צ'ילי חריף 370 מ""ל PAL",יוניליוור מזון,IL,רוטב צ'ילי חריף קנור,מיליליטרים,370.00,"100 מ""ל",false,,9.90,0.0268,true,1,3867880
7290112491497,false,"קנור מרק פטריות 400 גרם כשל""פ","יונליוור ישראל מזון בע""\",IL,קנור מרק פטריות כשלפ,גרמים,400.00,100 גרם,false,,18.90,0.0472,true,1,3883431
7290112491558,false,מאגדת שישייה שוקולד מריר פרווה,אתר צפת טבלאות ותעשי,IL,שוקלד מריר שישיה פרו,יח',1.00,יח',false,,17.90,17.9000,true,1,3857738
7290112491695,false,קונפיטורה משמש לייט 50%778פרי 260 גר',יוניליוור מזון,BE,קונפיטורה משמש לייט,גרמים,260.00,100 גרם,false,,12.90,0.0496,true,1,3886197
7290112491701,false,ברנפלקס בטעם וניל מעודן 20% חלבון Extra Protein,יוניליוור ישראל מזון בעמ,IL,ברנפלקס אקסטרא פרוטי,גרמים,375.00,100 גרם,false,,19.90,0.0531,true,1,3867901
7290112491770,false,בייגלה דקים דקים מלח ים בייגל בייגל 300 גרם.,בייגל את בייגל מזון 198),IL,בייגלה דקים עם מלח 3,גרמים,300.00,100 גרם,false,,9.90,0.0330,true,1,3867902
7290112491787,false,בייגלה דקים דקים עם שומשום בייגל בייגל 300 גרם,בייגל את בייגל מזון 198),IL,בייגלה דקים ושומשום,גרמים,300.00,100 גרם,false,,9.90,0.0330,true,1,3867903
7290112492449,false,פינוק שמפו שיער רגיל 700 מל-חדש,יוניליוור ישראל טיפוח אי,IL,פינוק שמפו שיער רגיל,מיליליטרים,700.00,"100 מ""ל",false,,11.90,0.0170,true,1,3885519
7290112492456,false,"שמפו פינוק לשיער יבש/פגום 700 מ""ל",יוניליוור ישראל טיפוח אי,IL,פינוק שמפו שיער יבש,מיליליטרים,700.00,"100 מ""ל",false,,11.90,0.0170,true,1,3885192
7290112492463,false,"שמפו ומרכך 2 ב-1 לשיער רגיל פינוק 700 מ""ל.",יוניליוור ישראל טיפו,IL,פינוק 1-2 רגיל 700 מ,יח',1.00,יח',false,,11.90,11.9000,true,1,3886198
7290112492470,false,"שמפו ומרכך 2 ב-1 לשיער יבש פינוק 700 מ""ל.",יוניליוור פארם,IL,"פינוק 2-1 יבש 700 מ""",יח',1.00,יח',false,,11.90,11.9000,true,1,3892516
7290112492487,false,פינוק שמפו לשיער עם שמן מרוקאי 700 מל,יוניליוור ישראל טיפוח אי,IL,פינוק שמפו שמן מרוקא,מיליליטרים,700.00,"100 מ""ל",false,,11.90,0.0170,true,1,3885193
7290112492500,false,פינוק שמפו לשיער עם שמן קוקוס 700 מל,"יוניליור ישראל, טיפו",IL,פינוק שמפו שמן קוקוס,מיליליטרים,750.00,"100 מ""ל",false,,11.90,0.0159,true,1,3885520
7290112492531,false,פינוק מרכך שיער רגיל 700 מל-חדש,יוניליוור פארם,IL,פינוק מרכך שיער רגיל,מיליליטרים,700.00,"100 מ""ל",false,,11.90,0.0170,true,1,3879129
7290112492548,false,"מרכך פינוק עם שמן חוחובה 700 מ""ל",יוניליוור פארם,IL,פינוק מרכך לשיעריבש,מיליליטרים,700.00,"100 מ""ל",false,,11.90,0.0170,true,1,3879130
7290112492579,false,פינוק מרכך בתוספת שמן קוקוס 700 מל-חדש,יוניליוור ישראל טיפוח אי,IL,פינוק מרכך בתוספת שמ,מיליליטרים,700.00,"100 מ""ל",false,,11.90,0.0170,true,1,3879133
7290112492593,false,תחליב רחצה פינוק בניחוח פינוק קלאסי 700,יוניליוור ישראל טיפוח אי,IL,פינוק תחליב רחצה קלא,מיליליטרים,700.00,"100 מ""ל",false,,9.90,0.0141,true,1,3879134
7290112492609,false,"תחליב רחצה פינוק 700 מ""ל לבנדר ווניל",יוניליוור ישראל טיפוח אי,IL,פינוק תחליב רחצה לבנ,מיליליטרים,700.00,"100 מ""ל",false,,9.90,0.0141,true,1,3879135
7290112492630,false,"שמפו ג'ל רחצה וסבון פנים 3 ב-1 לגבר פינוק 700 מ""ל",יוניליוור ישראל טיפוח אי,IL,פינוק שמפו 3ב1 לגבר,מיליליטרים,700.00,"100 מ""ל",false,,11.90,0.0170,true,1,3879138
7290112492647,false,"פינוק לגבר 3 ב1 שמפו ג'ל רחצה וסבון פנים 700 מ""ל",יוניליוור ישראל טיפוח אי,IL,פינוק לגבר 3ב1 ספורט,מיליליטרים,700.00,"100 מ""ל",false,,11.90,0.0170,true,1,3879139
7290112492685,false,פינוק מרכך לשיער רגיל אריזת נסיעות 100 מ,יוניליוור ישראל טיפוח אי,IL,פינוק שפורפרת מרכך ק,מטרים,100.00,100 מ'ל,false,,4.90,0.0490,true,1,3885522
7290112492715,false,"פינוק שמפו ללא דמעות לסירוק קל לילדים 700 מ""ל",יוניליוור ישראל טיפוח אי,IL,פינוק שמפו אל דמע יל,מיליליטרים,750.00,"100 מ""ל",false,,11.90,0.0159,true,1,3886200
7290112492722,false,"2ב-1 שמפו ומרכך פינוק אל דמע לסירוק קל לילדים 700 מ""ל",יוניליוור ישראל טיפוח אי,IL,פינוק ילדים 2-1שמפו+,גרמים,750.00,100 גרם,false,,11.90,0.0159,true,1,3886201
7290112492746,false,"פינוק מרכך ללא דמעות לסירוק קל לילדים 700 מ""ל",יוניליוור ישראל טיפוח אי,IL,פינוק מרכך לסירוק קל,מיליליטרים,750.00,"100 מ""ל",false,,11.90,0.0159,true,1,3886202
7290112492753,false,"פינוק לילדים אל סבון לרחצה 700 מ""ל",יוניליוור ישראל טיפוח אי,IL,פינוק אל סבון לילדים,מיליליטרים,750.00,"100 מ""ל",false,,11.90,0.0159,true,1,3886203
7290112492777,false,שמפו ומרכך למניעת פינוק 2 ב קשקשים 700 מל,יוניליוור,IL,פינוק 2ב1 שמפו ומרכך,מיליליטרים,770.00,"100 מ""ל",false,,12.90,0.0168,true,1,3879141
7290112492944,false,"קנור אבקת מרק עוף אמיתי 400 גרם כשל""פ",יוניליוור ישראל מזון בע\,IL,קנור מרק עוף אמיתי כ,גרמים,400.00,100 גרם,false,,12.90,0.0323,true,1,3883432
7290112492968,false,"אבקת מרק בצל קנור כשל""פ 400 גר'","יונליוור ישראל מזון בע""\",IL,קנור מרק בצל כשלפ 40,גרמים,400.00,100 גרם,false,,18.90,0.0472,true,1,3883434
7290112492975,false,"קנור מרק טעם עוף 400 גרם כשל""פ",יוניליוור ישראל מזון בע\,IL,קנור מרק טעם עוף כשל,גרמים,400.00,100 גרם,false,,11.90,0.0298,true,1,3883435
7290112492982,false,"אבקת מרק פטריות כשל""פ 100% רכיבים טבעיים 400 גרם",יוניליוור ישראל מזון בע\,IL,קנור מרק פטריות רכיב,גרמים,400.00,100 גרם,false,,18.90,0.0472,true,1,3879145
7290112492999,false,קנור מרק עוף אמיתי 400 גרם פרווה,יוניליוור ישראל מזון בע\,IL,קנור מרק טעם עוף 400,גרמים,400.00,100 גרם,false,,11.90,0.0298,true,1,3879146
7290112493064,false,רוטב לבישול שזפים קנור 320 גרם,יוניליוור ישראל מזון בע\,IL,רוטב שזיפים קנור 320,גרמים,375.00,100 גרם,false,,9.90,0.0264,true,1,3883436
7290112493071,false,מרק היום עדשים כתומות 85 גרם,יוניליוור ישראל מזון בעמ,IL,קנור מרק עשיר עדשים,גרמים,85.00,2 גרם,false,,11.90,0.1400,true,1,3879148
7290112493293,false,קנור - נמס ירקות וקרוטונים ר.טבעי 44 גרם,יוניליוור ישראל מזון בעמ,IL,נמס בכוס ירקות קרוטו,גרמים,24.00,2 גרם,false,,5.90,0.2458,true,1,3879156
7290112493316,false,מרק היום אפונה ר.טבעיים קנור 117 גרם,יוניליוור ישראל מזון בעמ,IL,מרק היום אפונה 100%,גרמים,117.00,100 גרם,false,,11.90,0.1017,true,1,3879157
7290112493873,false,דג דג חטיף אפוי מלוח400ג,בייגל את בייגל מזון 198),IL,בייגלה דג דג 400 גר,גרמים,400.00,100 גרם,false,,10.90,0.0273,true,1,3879160
7290112493927,false,גלידה בטעם ריבת חלב 1.33ל' קרמיסימו,"גלידת שטראוס בע""\מ, רחוב",IL,קרמיסימו ריבת חלב 1.,קילוגרמים,1.33,"ק""ג",false,,17.90,13.4586,true,1,3879712
7290112493934,false,גלידת וניל צרפתי קרמיסימו 1.33 ל,"גלידת שטראוס בע""\מ, רחוב",IL,קרמיסימו וניל צרפתי,קילוגרמים,1.33,"ק""ג",false,,17.90,13.4586,true,1,3879713
7290112493965,false,קרמיסימו חלבית בטעם מסטיק וניל 665 גר,"גלידת שטראוס בע""\מ, רחוב",IL,קרמיסימו מסטיגם 1.33,קילוגרמים,1.33,"ק""ג",false,,17.90,13.4586,true,1,3879714
7290112494153,false,תיבולית בניחוח צלי קנור 72 גרם,יוניליוור ישראל מזון בע\,IL,תיבולית ניחוח צלי 72,גרמים,200.00,100 גרם,false,,7.40,0.0370,true,1,3883437
7290112494221,false,קליק - ביסקויט תפזורת 65 גרם,יוניליוור ישראל מזון בע\,IL,קליק שקית ביסקוויט 6,יח',1.00,יח',false,,4.90,4.9000,true,1,3879165
7290112494238,false,קליק - כדורים חלב תפזורת 65 גרם,יוניליוור ישראל מזון בע\,IL,קליק שקית כדורים 65,יח',1.00,יח',false,,4.90,4.9000,true,1,3879166
7290112494283,false,קליק - מעורב חום לבן תפזורת 65 גרם,יוניליוור ישראל מזון בע\,IL,קליק שקית חום לבן 65,יח',1.00,יח',false,,4.90,4.9000,true,1,3879169
7290112494313,false,קליק - קורנפלקס תפזורת 65 גרם,יוניליוור ישראל מזון בע\,IL,קליק שקית קורנפלקס 6,יח',1.00,יח',false,,4.90,4.9000,true,1,3879171
7290112494351,false,תלמה קורנפלקס של אלופים 850 ג',"יוניליוור שפע ישראל בע""\",IL,קורנפלקס אלופים תלמה,גרמים,850.00,100 גרם,false,,16.90,0.0199,true,1,3883439
7290112494610,false,קנור רוטב עגבניות פיקנטי לדג 415 גרם,קונסורזיו קאסאלאסקו,IT,קנור רוטב עגבניות פי,גרמים,415.00,100 גרם,false,,9.90,0.0239,true,1,3879182
7290112494795,false,בדין-ג'ל לכביסה לבנה וצבעונית בניחוח עדין כחול 2.5 ליטר,"זוהר דליה, קיבוץ דליה, 1",IL,בדין ג'ל לכביסה כחול,יח',1.00,יח',false,,27.90,27.9000,true,1,3879187
7290112494801,false,בדין-ג'ל לכביסה לבנה וצבעונית בניחוח עדין ורוד 2.5 ליטר,יוניליוור פארם,IL,בדין ג'ל כביסה ורוד,יח',1.00,יח',false,,27.90,27.9000,true,1,3879188
7290112494825,false,תרחיץ פנים לעור רגיש מכיל 25% קרם לחות,יוניליוור ישראל טיפוח אי,IL,תרחיץ פנים לעור רגיש,מיליליטרים,180.00,"100 מ""ל",false,,11.90,0.0661,true,1,3892517
7290112494832,false,"דאב - תרחיץ פנים לעור רגיל 180 מ""ל",יוניליוור ישראל טיפוח אי,IL,תרחיץ פנים לעור רגיל,מיליליטרים,180.00,"100 מ""ל",false,,11.90,0.0661,true,1,3892518
7290112494993,false,דגני בוקר וניל 686ג' כריות,"יוניליוור שפע ישראל בע""\",IL,כריות וניל 686 גרם ב,גרמים,686.00,100 גרם,false,,23.90,0.0348,true,1,3879194
7290112495006,false,כריות נוגט 686 גרם - קופסא,"יוניליוור ישראל מזון בע""",IL,כריות נוגט תלמה 686,גרמים,686.00,100 גרם,false,,23.90,0.0348,true,1,3879195
7290112495020,false,כריות צוקולדה בדצ מאוחד 750 גר,"יוניליוור ישראל מזון בע""",IL,כריות צ'וקולדה 686 ג,גרמים,686.00,100 גרם,false,,23.90,0.0348,true,1,3879197
7290112495037,false,דגני בוקר בטעם שוקולד כדורים 375 ג' קוקומן,יוניליוור שפע ישראל בעמ,IL,קוקומן כדורים בדצ 37,גרמים,375.00,100 גרם,false,,18.90,0.0504,true,1,3879198
7290112495044,false,ציפי (פצפוצים) גריין בדצ 500גר,"יוניליור שפע ישראל בע""\מ",IL,"קוקומן פיצפוצים בד""ץ",גרמים,375.00,100 גרם,false,,18.90,0.0504,true,1,3879199
7290112495105,false,נשנושים טעם שמנת בצל בייגל בייגל 260 גרם,בייגל את בייגל מזון 198),IL,נשנושים שמנת בצל 260,גרמים,260.00,100 גרם,false,,11.90,0.0458,true,1,3879201
7290112495143,false,נשנושי קרקר קוקטייל מלוח בייגל בייגל 300 גרם,בייגל את בייגל מזון 198),IL,נשנושים קרקר קוקטייל,גרמים,300.00,100 גרם,false,,11.90,0.0397,true,1,3879204
7290112495150,false,נשנושי קרקר עיגולים מלח בייגל בייגל 300 גרם,בייגל את בייגל מזון 198),IL,נשנושים קרקר עגול מל,גרמים,300.00,100 גרם,false,,11.90,0.0397,true,1,3879205
7290112495174,false,נשנושי קרקר קוקטייל שומשום בייגל בייגל 300 גרם,בייגל את בייגל מזון 198),IL,נשנושים קרקר קוקטייל,גרמים,300.00,100 גרם,false,,11.90,0.0397,true,1,3879207
7290112495235,false,ריבועי דגנים של אלופים וניל 488 גר',"יוניליוור שפע ישראל בע""\",IL,קורנפלקס וניל תלמה 4,גרמים,448.00,100 גרם,false,,16.90,0.0377,true,1,3879209
7290112495280,false,ריבועי ברנפלקס קינמון תלמה 400 גרם,"יוניליוור שפע ישראל בע""\",IL,ריבועי ברנפלקס קינמו,גרמים,400.00,100 גרם,false,,19.90,0.0497,true,1,3883440
7290112495433,false,דגני דליפקאן תוספת אגוזי פקאן ושקדים 400 גר,"יוניליור שפע ישראל בע""\מ",IL,קורנפלקס דליפקאן 400,גרמים,400.00,100 גרם,false,,19.90,0.0497,true,1,3879214
7290112495471,false,"קורנפלקס כשל""פ 500 גרם","מולינו ניקולי ,S.P.A ויה",IT,קורנפלקס תלמה 500 גר,גרמים,500.00,100 גרם,false,,16.90,0.0338,true,1,3883445
7290112495488,false,קורנפלקס פתיתי תירס קלויים ללא גלוטן 500,"מולינו ניקולי S.p.A,",IT,קורנפלקס ללא גלוטן ת,גרמים,500.00,100 גרם,false,,13.90,0.0278,true,1,3883446
7290112495556,false,חטיף שוקולד נוגט שוקולד חלב 105 גרם,"טחנת האבן תעשיות בע""\מ,",IL,קליק חטיף OK נוגט של,יח',1.00,יח',false,,9.90,9.9000,true,1,3886204
7290112495662,false,קרקר חיטה מלאה ופשתן בייגל בייגל 300 גרם,"מיוצר ע""י קוד יצרן A",IL,קרקר חיטה מלאה ופשתן,גרמים,300.00,100 גרם,false,,8.90,0.0297,true,1,3883450
7290112495754,false,"רטבי הלמנס לסלט 300 מ""ל אלף האיים",יוניליוור ישראל מזון בעמ,IL,הלמנס רוטב אלף האיים,מיליליטרים,305.00,"100 מ""ל",false,,9.90,0.0325,true,1,3883454
7290112495761,false,"הלמנס רוטב לחיץ אלף האיים לייט 290 מ""ל",יוניליוור ישראל מזון בעמ,IL,הלמנס רוטב לחיץ אלף,מיליליטרים,290.00,"100 מ""ל",false,,9.90,0.0341,true,1,3883455
7290112495778,false,רוטב הלמנס אלף האיים,יוניליוור,IL,הלמנס לחיץ אלף האיים,מיליליטרים,305.00,"100 מ""ל",false,,0.00,0.0000,true,1,3883456
7290112495785,false,רוטב לסלט שום הלמנס 300ג,יוניליוור ישראל מזון בעמ,IL,הלמנס רוטב שום 300מל,מיליליטרים,300.00,"100 מ""ל",false,,9.90,0.0330,true,1,3882793
7290112495792,false,הלמנס רוטב לסלט שום לייט 300 גר',יוניליוור ישראל מזון בעמ,IL,הלמנס רוטב שום לייט,מיליליטרים,300.00,"100 מ""ל",false,,9.90,0.0330,true,1,3882794
7290112495815,false,"רוטב חרדל ודבש לייט הלמנס 305 גרם בד""צ.",יוניליוור ישראל מזון בעמ,IL,הלמנס רוטב חרדל ודבש,גרמים,305.00,100 גרם,false,,9.90,0.0325,true,1,3883458
7290112495822,false,כריות BLACK בטעם שוקולד וניל תלמה 686 גרם,"יוניליוור שפע ישראל בע""\",IL,כריות בלאק 686 גרם,גרמים,686.00,100 גרם,false,,23.90,0.0348,true,1,3879218
7290112495921,false,"מרק דגש בטעם עוף 1 ק""ג כשל""פ","יונליוור ישראל מזון בע""\",IL,"מרק דגש כשל""פ 1 ק""ג",גרמים,1000.00,100 גרם,false,,13.70,0.0137,true,1,3883459
7290112495938,false,"קרקר 6 דגנים בייגל בייגל 250 גרם בד""צ","מיוצר ע""\י קוד יצרן AF",IL,קרקר 6 דגנים בייגל ב,גרמים,250.00,100 גרם,false,,8.90,0.0356,true,1,3883460
7290112495976,false,פריכיות אורז בציפוי שוקולד חלב 35גר-חדש,"גוד פוד פרודקטס ,Sp.zo.o",PL,פריכיות אורז בציפוי,יח',1.00,יח',false,,3.90,3.9000,true,1,3885195
7290112495983,false,פרכיות פתיתבציפוי שוקולד חלב ושבבי קרמל מלוח 39 גר',"גוד פוד פרודקטס ,Sp.zo.o",PL,פריכיות אורז בציפוי,יח',1.00,יח',false,,3.90,3.9000,true,1,3885196
7290112496027,false,סירופ שוקולד אפיכל 580 גרם,יוניליוור ישראל מזון בע\,IL,אפיכל סירופ שוקולד 5,מיליליטרים,580.00,"100 מ""ל",false,,11.90,0.0205,true,1,3883461
7290112496034,false,סירופ מייפל אפיכל 580 גרם,יוניליוור ישראל מזון בע\,IL,אפיכל סירופ מייפל 58,מיליליטרים,580.00,"100 מ""ל",false,,11.90,0.0205,true,1,3883462
7290112496065,false,"פתית תירס כשל""פ 200 גרם",אקסטרודו בשיצ'\ה S.R.O ב,CZ,"פתית תירס -כשל""פ",יח',1.00,יח',false,,14.90,14.9000,true,1,3883463
7290112496218,false,קנור רוטב טריאקי הפחתה של מעל 50% סוכר ונתרן 310 ג',יוניליוור ישראל מזון בעמ,IL,רוטב טריקאי 50% מופח,גרמים,380.00,100 גרם,false,,9.90,0.0261,true,1,3883464
7290112496270,false,"פתית צ'יפס תפו""א בתוספת עגבניות ועשבי תיבול 22 גרם",JLM גלובל פודסn37\ דרך א,GB,"פתית ציפס תפו""א עגבנ",יח',1.00,יח',false,,4.90,4.9000,true,1,3886210
7290112496287,false,פתית - צ'יפס בטטה בטעם טבעי 21 גרם,JLM גלובל פודסn37\ דרך א,GB,פתית ציפס בטטה טעם ט,יח',1.00,יח',false,,4.90,4.9000,true,1,3886211
7290112496294,false,חטיף פתית צ'יפס עם אפונה ירוקה צהובה וצ'ילי,JLM גלובל פודסn37\ דרך א,GB,פתית ציפס אפונה ותוס,יח',1.00,יח',false,,4.90,4.9000,true,1,3886212
7290112496331,false,קורנפלקס בננה תלמה אלופים 448 גרם,"יוניליוור שפע ישראל בע""\",IL,קורנפלקס בננה תלמה 4,גרמים,448.00,100 גרם,false,,16.90,0.0377,true,1,3891350
7290112496430,false,קנור נמס בכוס אקסטרה עגבניות+אטריות 37 גרם - רבנות,יוניליוור ישראל מזון בע\,IL,נמס בכוס אקסטרה עגבנ,יח',1.00,יח',false,,3.90,3.9000,true,1,3892522
7290112496447,false,נמס בכוס אקסטרה טעם עוף עם המון אטריות 27ג',יוניליוור ישראל מזון בע\,IL,נמס בכוס אקסטרה מרק,יח',1.00,יח',false,,3.90,3.9000,true,1,3897898
7290112496461,false,נמס בכוס אקסטרה מרק ירקות עם המון אטריות,יוניליוור ישראל מזון בע\,IL,קנור נמס בכוס אקסטרה,יח',1.00,יח',false,,3.90,3.9000,true,1,3892523
7290112496676,false,אקס דאודורנט בודי ספריי ריצארג,יוניליוור,GB,אקס ספריי גוף ריצארג,מיליליטרים,150.00,"100 מ""ל",false,,9.90,0.0660,true,1,3892524
7290112497000,false,סיף פנטסטיק ניקוי כללי בניחוח לימון 1 לי,"זוהר דליה, קיבוץ דלי",IL,פנטסטיק סיף 1 ליטר-ח,יח',1.00,יח',false,,9.90,9.9000,true,1,3886216
7290112497123,false,סחלב תערובת להכנת מעדן בטעם סחלב 112גרם,יוניליוור ישראל מזון בע\,IL,אבקת להכנת סחלב תלמה,גרמים,112.00,100 גרם,false,,9.90,0.0884,true,1,3892525
7290112497185,false,אקס דאודורנט בודי ספריי פיניקס,יוניליוור,GB,אקס דאו ספריי גוף פי,יח',1.00,יח',false,,9.90,9.9000,true,1,3892526
7290112497369,false,דאב דאו רול און טלק סופט לנשים,"יוניליוור אנגליה, דרך קו",GB,דאב רולאון טאלק 50 מ,גרמים,50.00,100 גרם,false,,14.90,0.2980,true,1,3891083
7290112497499,false,קליק אקסטרא לארג שוקולד לבן עוגיות 85 גרם,אתר צפת טבלאות ותעשי,IL,קליק טבלת שוקולד לבן,גרמים,85.00,100 גרם,false,,4.90,0.0576,true,1,3892529
7290112497505,false,וזלין תחליב גוף בתוספת אלוורה 600 מל,"יוניליוור, ג'פרסון סיטי,",US,וזלין תחליב גוף בתוס,מיליליטרים,618.00,"100 מ""ל",false,,19.90,0.0322,true,1,3886218
7290112497864,false,אבקת מרק בטעם עוף רכיבים טבעיים 33% פחות נתרן 400 גרם,יוניליוור מזון,IL,מרק טעם עוף 33% פחות,גרמים,400.00,100 גרם,false,,19.90,0.0497,true,1,3892530
7290112497994,false,"גרנולה תלמה פרוטאין בתוספת חלבון ואגוזים, 300 גרם","רפאלס בריא וטעים בע""\מ,",IL,גרנולה בתוספת חלבון,גרמים,300.00,100 גרם,false,,14.90,0.0497,true,1,3892535
7290112498007,false,גרנולה פרוטאין בתוספת חלבון שקדים וחמוציות תלמה 300 ג',"רפאלס בריא וטעים בע""\מ,",IL,גרנולה בתוספת חלבון,גרמים,300.00,100 גרם,false,,14.90,0.0497,true,1,3892536
7290112498052,false,מאגדת פתית צ'יפס בטטה 21 גרם*4 יח',JLM גלובל פודסn37\ דרך א,GB,פתית ציפס עם בטטה מא,יח',1.00,יח',false,,14.90,14.9000,true,1,3892537
7290112498069,false,#קוקומן ללא גלוטן כשלפ 375ג - חדש,"מולינו ניקולי ,S.p.A ויה",IT,קוקומן ללא גלוטן 375,גרמים,375.00,100 גרם,false,,17.90,0.0477,true,1,3889960
7290112498083,false,"פינוק שמפו שמן חוחובה 700 מ""ל-חדש","יוניליוור רוסיה, ,123022",IL,פינוק שמפו שמן חוחוב,יח',1.00,יח',false,,11.90,11.9000,true,1,3888847
7290112498090,false,מרכך בתוספת שמן חוחבה 700 מ''ל פינוק,"יוניליוור רוסיה, ,123022",IL,פינוק מרכך שמן חוחוב,יח',1.00,יח',false,,11.90,11.9000,true,1,3892538
7290112498106,false,פינוק תחליב רחצה 700 בתוספת שמן חוחובה,יוניליוור ישראל טיפוח אי,IL,פינוק תחליב רחצה חוח,מיליליטרים,700.00,"100 מ""ל",false,,9.90,0.0141,true,1,3892539
7290112498267,false,פינוק אל סבון לידיים בניחוח פינוק קלאסי,קוסטר אירוסול ולף סנ,TR,פינוק אלסבון לידיים,מיליליטרים,950.00,"100 מ""ל",false,,11.80,0.0124,true,1,3892543
7290112498274,false,פינוק אלסבון לידיים לבנדר וניל 1ליטר+משא,יוניליוור ישראל טיפוח אי,TR,פינוק אלסבון לידיים,מטרים,1000.00,100 מ'ל,false,,11.80,0.0118,true,1,3892544
7290112498281,false,"אל סבון לידיים בתוספת שמן קוקוס פינוק 950 מ""ל",יוניליוור ישראל טיפוח אי,TR,פינוק אלסבון לידיים,מטרים,1000.00,100 מ'ל,false,,11.80,0.0118,true,1,3892545
7290112498298,false,"אל סבון ליידים בתוספת שמן מרוקאי פינוק 950 מ""ל",קוסטר אירוסול ולף סנ,TR,פינוק אלסבון לידיים,מטרים,1000.00,100 מ'ל,false,,11.80,0.0118,true,1,3892546
7290112498380,false,אקס שמפו לגבר 3 ב-1 טוטאל פרש,"יוניליוור ארהב, רייפורד,",US,אקס שמפו לגבר 3 ב-1,מיליליטרים,473.00,"100 מ""ל",false,,15.90,0.0336,true,1,3889891
7290112498434,false,רוטב גריל אסייתי 370 גרם,יוניליוור ישראל מזון בע\,IL,קנור רוטב גריל אסיאת,מיליליטרים,300.00,"100 מ""ל",false,,9.90,0.0330,true,1,3889257
7290112498472,false,אקס דאודורנט בודי ספריי מגנום,"ארנסט, רחוב קומבינצק",RU,אקס ספריי גוף מגנום,מיליליטרים,150.00,"100 מ""ל",false,,9.90,0.0660,true,1,3891217
7290112498533,false,פתית ציפס עם עם חומוס אפונה ושעועית,JLM גלובל פודסn37\ דרך א,GB,פתית ציפס חומוס אפונ,יח',1.00,יח',false,,4.90,4.9000,true,1,3890400
7290112498748,false,מיני סולרו וניל תות שדה 350 גרם,"מיוצר ע""\י גלידת שטראוס",IL,שטראוס מאגדת מיני סו,יח',1.00,יח',false,,19.80,19.8000,true,1,3890854
7290112498885,false,מאגדת גודי'ז תותים ושוקולד לבן 235 גרם,"גלידת שטראוס בע""\מ, רח'\",IL,מאגדת גודיז תותים וש,גרמים,240.00,100 גרם,false,,19.90,0.0829,true,1,3893258
7290112498908,false,מאגדת קורנטו בננהשוקוציפ,"מיוצר ע""\י גלידת שטראוס",IL,מאגדת קורנטו בננה שו,גרמים,300.00,100 גרם,false,,25.90,0.0863,true,1,3889973
7290112498915,false,מאגדת מיני מגנום שקדים מובחר שטראוס 250 גרם,"מיוצר ע""\י גלידת שטראוס",IL,מאגדת מיני מגנום שקד,יח',1.00,יח',false,,24.90,24.9000,true,1,3893259
7290112498922,false,מאגדת מיני מגנום לבן שטראוס 250 גרם,"מיוצר ע""\י גלידת שטראוס",IL,מאגדת מיני מגנום לבן,יח',1.00,יח',false,,24.90,24.9000,true,1,3893260
7290112499059,false,קרמיסימו שוקו לבן ותות,"גלידת שטראוס בע""מ, ר",IL,קרמיסימו שוקולד לבן,ליטרים,1.33,ליטר,false,,17.90,13.4586,true,1,3901858
7290112499097,false,מאגדת מיני מגנום מריר Intense Dark! 240 גרם,"מיוצר ע""\י גלידת שטראוס",IL,מגנום מיני שוקולד מר,יח',1.00,יח',false,,24.90,24.9000,true,1,3903073
7290112499134,false,שטראוס אחמ 5 צבעים ח,"גלידת שטראוס בע""מ",,שטראוס אחמ 5 צבעים ח,גרמים,1450.00,100 גרם,false,,19.90,0.0137,true,1,3905464
7290112499448,false,"מרכך פינוק בתוספת שמן מרוקאי 700 מ""ל",יוניליוור ישראל טיפוח אי,IL,פינוק מרכך שמן מרוקא,מיליליטרים,700.00,"100 מ""ל",false,,11.90,0.0170,true,1,3892550
7290112499455,false,פינוק תחליב רחצה 700 בתוספת שמן מרוקאי,יוניליוור ישראל טיפוח אי,IL,פינוק תחליב רחצה שמן,מיליליטרים,700.00,"100 מ""ל",false,,9.90,0.0141,true,1,3892551
7290112499462,false,פינוק תחליב רחצה 700 בתוספת שמן קוקוס,יוניליוור ישראל טיפוח אי,IL,פינוק תחליב רחצה שמן,מיליליטרים,700.00,"100 מ""ל",false,,9.90,0.0141,true,1,3892552
7290112499479,false,"פינוק - שמפו בתוספת קרטין 700 מ""ל",יוניליוור ישראל טיפוח אי,IL,פינוק שמפו קרטין 700,מיליליטרים,700.00,"100 מ""ל",false,,11.90,0.0170,true,1,3892553
7290112499486,false,"פינוק מרכך בתוספת קרטין 700 מ""ל",יוניליוור ישראל טיפוח אי,IL,פינוק מרכך קרטין 700,מיליליטרים,700.00,"100 מ""ל",false,,11.90,0.0170,true,1,3892554
7290112499493,false,"רקסונה - דאודורנט ספריי לאישה אלוורה 150 מ""ל","ארנסט, רחוב קומבינצקיה 6",RU,רקסונה ספריי נשים במ,מיליליטרים,150.00,"100 מ""ל",false,,12.90,0.0860,true,1,3902374
7290112499523,false,"רקסונה - דאודורנט ספריי לגבר אקטיב 150 מ""ל","ארנסט, רחוב קומבינצקיה 6",RU,רקסונה ספריי אקטיב,מיליליטרים,150.00,"100 מ""ל",false,,12.90,0.0860,true,1,3902375
7290112499622,false,"גלידת בטעמי שוקו עוגיות, וניל צ'יפ",שטראוס,IL,שוקו עוגיות וניל ציפ,ליטרים,2.00,ליטר,false,,19.90,9.9500,true,1,3883661
7290112499776,false,גלידת שמנת מופחתת שומן וקלוריות בטעם שוקולד לבן 240 גרם,"גלידת שטראוס בע""\מ, רח'\",IL,מאגדת גודיז 3 שוקולד,גרמים,240.00,100 גרם,false,,19.90,0.0829,true,1,3883664
7290112499844,false,מאגדת מיני מגנום דואט שוקולד עם נוגט שטראוס 310 גרם,"מיוצר ע""\י גלידת שטראוס",IL,מגנום מיני דואט שוקו,יח',1.00,יח',false,,24.90,24.9000,true,1,3879716
7290112499868,false,מאגדת מיני מגנום טבעוני,"גלידת שטראוס בע""\מ, רח'\",IL,מאגדת מיני מגנום טבע,גרמים,250.00,100 גרם,false,,24.90,0.0996,true,1,3883665
7290112499943,false,מיני מאגדת מיני מגנום טעמים שונים וניל+שוקו,"מיוצר ע""\י גלידת שטראוס",IL,מגנום מיני חוף השנהב,יח',1.00,יח',false,,24.90,24.9000,true,1,3879717
7290112499974,false,מאגדת מיני פסק זמן על מקל,"גלידת שטראוס בע""\מ, רח'\",IL,מאגדת מיני שלגון פסק,גרמים,280.00,100 גרם,false,,21.90,0.0782,true,1,3885569
7290112703187,false,נר אותיות HB כסף,,,נר אותיות,יח',1.00,יח',false,,9.00,9.0000,true,1,3879626
7290112703194,false,נרות אותיות HB זהב,,,נר אותיות,יח',1.00,יח',false,,9.00,9.0000,true,1,3879627
7290112870100,false,בצל מטוגן בצנצנת 200,,,בצל מטוגן בצנצנת 200,גרמים,200.00,100 גרם,false,,12.90,0.0645,true,1,3885644
7290112870131,false,ממרח ארטישוק 190ג רמ,,,ממרח ארטישוק 190ג רמ,גרמים,190.00,100 גרם,false,,9.90,0.0521,true,1,3872021
7290112870148,false,ממרח טפנד זית מרינד 190ג רמילוי,,,ממרח טפנד זית מרינד,גרמים,190.00,100 גרם,false,,9.90,0.0521,true,1,3872022
7290112870155,false,ממרח טפנד זית ירוק 1,,,ממרח טפנד זית ירוק 1,גרמים,190.00,100 גרם,false,,9.90,0.0521,true,1,3872023
7290112870162,false,ממרח צ'מיצ'ורי 190ג,,,ממרח צ'מיצ'ורי 190ג,גרמים,190.00,100 גרם,false,,9.90,0.0521,true,1,3872024
7290112870179,false,ממרח פלפל אדום 190ג,,,ממרח פלפל אדום 190ג,גרמים,190.00,100 גרם,false,,9.90,0.0521,true,1,3872025
7290112870551,false,ממרח אריסה 190 ג רמילוי,,,ממרח אריסה 190 ג רמי,גרמים,190.00,100 גרם,false,,9.90,0.0521,true,1,3862390
7290112870568,false,סחוג מסורתי 190 ג רמילוי,,,סחוג מסורתי 190 ג רמ,גרמים,190.00,100 גרם,false,,9.90,0.0521,true,1,3862391
7290112870575,false,ממרח שום 190 ג רמילוי,,,ממרח שום 190 ג רמילו,גרמים,190.00,100 גרם,false,,9.90,0.0521,true,1,3862392
7290112961143,false,טבעול נתחי בקר צמחוניים 470 גרם,טבעול תעשיות מזון בע,IL,טבעול נתחי בקר צמחונ,גרמים,470.00,100 גרם,false,,29.90,0.0636,true,1,3867645
7290112961266,false,בייגלה כפיות פיזור איטלקי אסם 300 גרם,"אסם תעשיות בע""מ",IL,בייגלה כפיות איטלקי,יח',1.00,יח',false,,9.90,9.9000,true,1,3867649
7290112961327,false,בייגלה כפיות פיזור כפרי אסם 300 גרם,"אסם תעשיות בע""מ",IL,בייגלה כפיות פיזור כ,יח',1.00,יח',false,,9.90,9.9000,true,1,3867651
7290112961372,false,פיטנס חטיפי פריכיות דקות קינמון 60 גרם,"פרח תעשיות מזון בע""\מ",IL,פיטנס חטיפי פריכיות,גרמים,60.00,100 גרם,false,,7.80,0.1300,true,1,3867652
7290112961440,false,פיטנס חטיפי פריכיות שוקולד מריר 84 גרם,פרח תעשיות,IL,פיטנס בר חטיפי פריכי,יח',1.00,יח',false,,11.90,11.9000,true,1,3883385
7290112961464,false,פיטנס חטיפי פריכיות דגנים וחומוס מתובלות,"פרח תעשיות מזון בע""\מ",IL,פיטנס חטיפי פריכיות,גרמים,60.00,100 גרם,false,,7.90,0.1317,true,1,3867655
7290112961754,false,עוגיות שוקולד ציפס עם קרם בטעם אגוזים 220 גר',מיוצר עי קונדיטוריית,IL,אסם עוגיות במילוי קר,גרמים,220.00,100 גרם,false,,9.90,0.0450,true,1,3867663
7290112962096,false,פתיתים אפויים לבבות 400 ג' אסם,"אסם השקעות בע""\מ",IL,פתיתים אסם לבבות 400,גרמים,400.00,100 גרם,false,,0.00,0.0000,true,1,3867666
7290112962249,false,טבעול לביבות בטטה 99 קלו,טבעול תעשיות מזון בע,IL,טבעול לביבות בטטה,גרמים,490.00,100 גרם,false,,29.90,0.0610,true,1,3879003
7290112962287,false,טבעול שווארמה טבעונית 6*450 גרם,"טבעול תעשיות מזון בע""\מ",IL,טבעול שווארמה טבעוני,גרמים,450.00,100 גרם,false,,29.90,0.0664,true,1,3885515
7290112962324,false,שניצל כרובית 500 ג' טבעול,"טבעול תעשיות מזון בע""\מ",IL,טבעול שניצל כרובית 9,גרמים,500.00,100 גרם,false,,29.90,0.0598,true,1,3867670
7290112962652,false,"אסם אבקת מרק טעם עוף כשל""פ 800 גרם","אסם השקעות בע""\מ",IL,אסם מרק טעם עוף כשלפ,גרמים,800.00,100 גרם,false,,9.80,0.0123,true,1,3867672
7290112962904,false,אסם שקדי מרק 150 גרם כשר לפסח,"אסם תעשיות בע""מ",IL,אסם שקדי מרק כשלפ 15,גרמים,150.00,100 גרם,false,,5.90,0.0393,true,1,3867674
7290112963918,false,פיטנס חטיפי קרקר דק רוזמרין 140 גרם,נסטלה Nestle,IL,פיטנס קרקר דק רוזמרי,גרמים,140.00,100 גרם,false,,10.90,0.0779,true,1,3867682
7290112964434,false,אסם רוטב קיסר חדש לסלט 295 גרם,"אסם תעשיות בע""מ",IL,רוטב קיסר לסלט 290 מ,מיליליטרים,290.00,"100 מ""ל",false,,8.90,0.0307,true,1,3867688
7290112964458,false,רוטב ויניגרט חדש לסלט 295 גרם אסם,"אסם תעשיות בע""מ",IL,רוטב ויניגרט לסלט 29,מיליליטרים,295.00,"100 מ""ל",false,,8.90,0.0302,true,1,3867689
7290112964588,false,רוטב אסייתי לפאד תאי,"אסם תעשיות בע""מ",IL,רוטב לפאד תאי אסם 29,מיליליטרים,290.00,"100 מ""ל",false,,10.90,0.0376,true,1,3867693
7290112964601,false,רוטב בנוסח סצ'ואן הסדרה האסייתית,"אסם השקעות בע""\מ",IL,רוטב בנוסח סצואן אסם,מיליליטרים,290.00,"100 מ""ל",false,,10.90,0.0376,true,1,3867694
7290112964625,false,אסם רוטב שום לייט חדש לסלט 310 גרם,"אסם תעשיות בע""מ",IL,רוטב שום לייט לסלט 3,מיליליטרים,310.00,"100 מ""ל",false,,8.90,0.0287,true,1,3867695
7290112965165,false,מרק נמס פטריות אסם בדצ 48 גרם מארז זוגי,"אסם תעשיות בע""מ",IL,זוג מרק נמס פטריות ב,יח',1.00,יח',false,,5.50,5.5000,true,1,3879016
7290112965226,false,אורז סיני עם נודלס אסם 143 גר'.,"אסם תעשיות בע""מ",IL,אורז סיני עם נודלס 1,גרמים,130.00,100 גרם,false,,11.50,0.0885,true,1,3879017
7290112965264,false,אבקת מרק נמס אפונה אסם בדצ 52 גרם מארז זוגי,"אסם תעשיות בע""מ",IL,אסם זוג מרק נמס אפונ,יח',1.00,יח',false,,5.50,5.5000,true,1,3892350
7290112965288,false,מרק נמס ירקות אסם בדצ 56 גרם מארז זוגי,"אסם תעשיות בע""מ",IL,אסם זוג מרק נמס ירקו,יח',1.00,יח',false,,5.50,5.5000,true,1,3892351
7290112965301,false,זוג מרק נמס בטעם עוף עם שקדי מרק רגע חם,"אסם תעשיות בע""מ",IL,זוג מרק נמס טעם עוף,יח',1.00,יח',false,,5.90,5.9000,true,1,3879019
7290112965325,false,תבשיל אורז ספרדי אוסם 140 גרם,"אסם תעשיות בע""מ",IL,אורז ספרדי 140 גר,גרמים,140.00,100 גרם,false,,11.50,0.0821,true,1,3879020
7290112965660,false,פיטנס - חטיף מולטיגריין מלח פלפל 25 גרם,מיוצר עי קונדיטוריית,IL,פיטנס חטיף מולטיגריי,יח',1.00,יח',false,,4.90,4.9000,true,1,3892352
7290112965707,false,פיטנס - חטיף מולטיגריין צילי מעודן 25 גרם,"אסם השקעות בע""\מ",IL,פיטנס חטיף מולטיגריי,יח',1.00,יח',false,,4.90,4.9000,true,1,3892353
7290112965745,false,אוסם - ביסלי פריסטייל בצל מעושן 60 גרם,"אסם השקעות בע""\מ",IL,ביסלי פריסטייל בצל מ,גרמים,60.00,100 גרם,false,,3.90,0.0650,true,1,3892354
7290112965783,false,אוסם - ביסלי פריסטייל על האש 60 גרם,"אסם השקעות בע""\מ",IL,ביסלי פריסטייל על הא,גרמים,60.00,100 גרם,false,,3.90,0.0650,true,1,3892355
7290112965806,false,אוסם - ביסלי פריסטייל חמוץ חריף 60 גרם,"אסם תעשיות בע""מ",IL,ביסלי פריסטייל חמוץ,גרמים,60.00,100 גרם,false,,3.90,0.0650,true,1,3892356
7290112965905,false,בייגלה שמיניות במליחות מעודנת אסם 400 גרם,מיוצר עי קונדיטוריית,IL,בייגלה שמיניות מלח ב,גרמים,300.00,100 גרם,false,,9.90,0.0330,true,1,3879030
7290112965943,false,טבעול נאגטס ירקות ירוקים 6*500גרם,"טבעול תעשיות מזון בע""\מ",IL,טבעול נאגטס ירקות יר,גרמים,500.00,100 גרם,false,,27.50,0.0550,true,1,3884916
7290112966094,false,עוגת הבית תפוז מופחת סוכר אסם 400 גרם,מיוצר עי קונדיטוריית,IL,עוגת תפוז פחות סוכר,גרמים,400.00,100 גרם,false,,10.90,0.0273,true,1,3879033
7290112966124,false,ביסקוויט פתי בר מופחת סוכר 500 גרם,מיוצר עי קונדיטוריית,IL,פתיבר פחות סוכר 500,גרמים,500.00,100 גרם,false,,8.90,0.0178,true,1,3879034
7290112966247,false,לחמית כוסמין אסם 200 גרם,"אסם תעשיות בע""מ",IL,לחמית כוסמין 200 גרם,גרמים,200.00,100 גרם,false,,8.90,0.0445,true,1,3884919
7290112966353,false,פתיתים אפויים מספרים 400 ג' אסם,"אסם השקעות בע""\מ",IL,פתיתים מספרים 400 גר,גרמים,400.00,100 גרם,false,,4.90,0.0123,true,1,3879038
7290112966766,false,צבר טחינה בלאדי חציל עגבניות ושום 350 גרם,שוורצקוף& הנקל דיסלד,IL,טחינה באלדי חציל 350,גרמים,350.00,100 גרם,false,,14.90,0.0426,true,1,3879048
7290112966827,false,אסם אינסטנט פודינג שוקולד כלפ 90 גרם,מיוצר עי קונדיטוריית,IL,פודינג שוקולד 80 ג,יח',1.00,יח',false,,0.00,0.0000,true,1,3883392
7290112967114,false,פיטנס חטיפי פריכיות קטניות ופלפל 60 גרם,"פרח תעשיות מזון בע""\מ",IL,פיטנס חטיפי פריכיות,יח',1.00,יח',false,,7.90,7.9000,true,1,3883393
7290112967381,false,פיטנס חטיפי פריכיות קטניות ומלח ים 60 גרם,"פרח תעשיות מזון בע""\מ",IL,פיטנס חטיפי פריכיות,יח',1.00,יח',false,,7.90,7.9000,true,1,3883394
7290112967404,false,"רוטב אלף האיים כשל""פ290ג","אסם תעשיות בע""מ",IL,רוטב אלף האיים 290 מ,מיליליטרים,290.00,"100 מ""ל",false,,8.90,0.0307,true,1,3883395
7290112967428,false,"רוטב שום כשל""פ 290 גרם","אסם תעשיות בע""מ",IL,"רוטב שום 290 מ""ל",מיליליטרים,290.00,"100 מ""ל",false,,8.90,0.0307,true,1,3883396
7290112967572,false,"אסם רוטב ברביקיו 290 מ""ל אסם",Unknown,IL,רוטב ברביקיו 290 מל,מיליליטרים,290.00,"100 מ""ל",false,,8.90,0.0307,true,1,3886166
7290112967596,false,רוטב טריאקי כשר לפסח290מ,"אסם השקעות בע""\מ",IL,רוטב טריאקי כשלפ 290,מיליליטרים,290.00,"100 מ""ל",false,,8.90,0.0307,true,1,3892358
7290112967824,false,אסם בישולים מיקס קלאסי 9*200גרם,"אסם השקעות בע""\מ",IL,אסם בישולים מיקס קלא,גרמים,200.00,100 גרם,false,,17.90,0.0895,true,1,3883399
7290112967848,false,ג'לי תות שדה מופחת סוכר אסם 90 גרם,מיוצר עי קונדיטוריית,IL,ג'לי בטעם תות שדה מו,גרמים,85.00,100 גרם,false,,4.90,0.0576,true,1,3883400
7290112968203,false,צבר סלט טחינה בלאדי 6*250גרם,שוורצקוף& הנקל דיסלד,IL,צבר סלט טחינה בלאדי,גרמים,250.00,100 גרם,false,,9.90,0.0396,true,1,3883405
7290112968340,false,צבר חומוס גרוס גס גס 400 גרם,שוורצקוף& הנקל דיסלד,IL,חומוס גרוס גס גס צבר,גרמים,400.00,100 גרם,false,,12.90,0.0323,true,1,3883406
7290112968401,false,חומוס גרגירים רכים 400 ג,שוורצקוף& הנקל דיסלד,IL,חומוס גרגרים 400 ג,גרמים,400.00,100 גרם,false,,12.90,0.0323,true,1,3883408
7290112968449,false,סלט טחינה כרוב אדום 250 גרם,שוורצקוף& הנקל דיסלד,IL,צבר סלט כרוב אדום 25,גרמים,250.00,100 גרם,false,,9.90,0.0396,true,1,3883409
7290112968524,false,צבר סלט חומוס גרגירים רכים 6*250גרם,שוורצקוף& הנקל דיסלד,IL,צבר סלט חומוס סמיר 2,גרמים,250.00,100 גרם,false,,9.90,0.0396,true,1,3883411
7290112968685,false,חומוס גרגרים רכים בטבילה צבר 400 גרם,שוורצקוף& הנקל דיסלד,IL,צבר חומוס גרגירים בט,גרמים,400.00,100 גרם,false,,12.90,0.0323,true,1,3883413
7290112968807,false,פיטנס - קרקר דק סלק 140 גרם,מפעל אסם יקנעם,IL,פיטנס קרקר דק סלק 14,גרמים,140.00,100 גרם,false,,10.90,0.0779,true,1,3892361
7290112968821,false,פיטנס - קרקר דק בטטה 140 גרם,מפעל אסם יקנעם,IL,פיטנס קרקר דק בטטה 1,גרמים,140.00,100 גרם,false,,10.90,0.0779,true,1,3892362
7290112969538,false,מנה חמה נודלס ויאטנמ,"אסם תעשיות בע""מ",TH,מנה חמה נודלס ויאטנא,גרמים,70.00,100 גרם,false,,4.90,0.0700,true,1,3892367
7290112969903,false,טבעול נאגטס ירקות לבנים 6*500גרם,טבעול תעשיות מזון בע,IL,טבעול נאגטס ירקות לב,גרמים,500.00,100 גרם,false,,27.50,0.0550,true,1,3884927
7290112969989,false,מנה חמה נודלס קוריאנ,"אסם תעשיות בע""מ",TH,מנה חמה נודלס קוריאנ,גרמים,70.00,100 גרם,false,,4.90,0.0700,true,1,3892369
7290113190375,false,סילאן טבעי שקדיה 900 גרם,ג.מ. טעם הארץ,TR,סילאן טבעי שקדיה 900,גרמים,900.00,100 גרם,false,,19.90,0.0221,true,1,3888876
7290113190450,false,ממרח תמרים 450 גר' שקדיה,"תמר העמקים בע""מ",IL,ממרח תמרים 450 גר,גרמים,450.00,100 גרם,false,,6.90,0.0153,true,1,3862091
7290113190467,false,אפונה שקית זיפר 1קג רמילוי,,,אפונה שקית זיפר 1קג,יח',1.00,יח',false,,7.50,7.5000,true,1,3871507
7290113190474,false,בורגול שקית זיפר 1קג רמילוי,,,בורגול שקית זיפר 1קג,קילוגרמים,1.00,"ק""ג",false,,6.50,6.5000,true,1,3871508
7290113190481,false,גריסי פנינה שקית זיפר 1קג רמילוי,,,גריסי פנינה שקית זיפ,קילוגרמים,1.00,"ק""ג",false,,6.50,6.5000,true,1,3871509
7290113190504,false,חומוס גדול שקית זיפר 1קג רמילוי,,,חומוס גדול שקית זיפר,יח',1.00,יח',false,,10.90,10.9000,true,1,3871510
7290113190511,false,חומוס ענק שקית זיפר 1קג רמילוי,,,חומוס ענק שקית זיפר,קילוגרמים,1.00,"ק""ג",false,,12.90,12.9000,true,1,3871511
7290113190528,false,חיטה שקית זיפר 1קג רמילוי,,,חיטה שקית זיפר 1קג ר,יח',1.00,יח',false,,6.50,6.5000,true,1,3880693
7290113190542,false,לוביה קלויה שקית זיפר 900גר רמילוי,,,לוביה קלויה שקית זיפ,גרמים,900.00,100 גרם,false,,16.90,0.0188,true,1,3871514
7290113190573,false,עדשים שחורות שקית זי,,,עדשים שחורות שקית זי,100 קילו,1.00,100 קילו,false,,13.90,13.9000,true,1,3871515
7290113190580,false,עדשים אדומות שקית זי,,,עדשים אדומות שקית זי,יח',1.00,יח',false,,10.90,10.9000,true,1,3871516
7290113190597,false,עדשים ירוקות שקית זיפר 1קג רמילוי,,,עדשים ירוקות שקית זי,יח',1.00,יח',false,,10.90,10.9000,true,1,3871517
7290113190603,false,גרעיני תירס להכנת פו,,,פופקורן שקית זיפר 1ק,קילוגרמים,1.00,"ק""ג",false,,9.50,9.5000,true,1,3871518
7290113190634,false,שעועית מנומרת שקית ז,,,שעועית מנומרת שקית ז,יח',1.00,יח',false,,15.90,15.9000,true,1,3871519
7290113190641,false,שעועית לבנה שקית זיפ,,,שעועית לבנה שקית זיפ,יח',1.00,יח',false,,9.90,9.9000,true,1,3871520
7290113190658,false,שעועית בובס שקית זיפ,,,שעועית בובס שקית זיפ,100 קילו,1.00,100 קילו,false,,17.90,17.9000,true,1,3871521
7290113191099,false,"סירופ מייפל טהור 250 מ""ל","קופרדקס איי פי אם בע""\מ",DK,סירופ מייפל טהור 250,מיליליטרים,250.00,"100 מ""ל",false,,19.90,0.0796,true,1,3895246
7290113192201,false,תערובת להכנת סחלב 500 גרם ששון הקולה,"י. כהן בע""מ",IL,תערובת להכנת סחלב,גרמים,500.00,100 גרם,false,,13.90,0.0278,true,1,3883219
7290113192218,false,תערובת להכנת מלבי 500 גרם ששון הקולה,"שקדיה גבע תעשיות בע""",IL,תערובת להכנת מלבי 50,גרמים,500.00,100 גרם,false,,13.90,0.0278,true,1,3885501
7290113192300,false,זיתים מושחרים חרוזית 275 גרם בית השיטה,בית השיטה,IL,בית השיטה חרוזית מוש,גרמים,275.00,100 גרם,false,,9.60,0.0349,true,1,3879060
7290113192324,false,זיתים ירוקים שלמים בינוניים בית השיטה,בית-השיטה עסיס תעשיות מז,IL,זיתים ירוקים 340 ג,גרמים,340.00,100 גרם,false,,8.90,0.0262,true,1,3879062
7290113192331,false,זיתים ירוקים מנזנילו 340 גר' בית השיטה,בית-השיטה עסיס תעשיות מז,IL,בית השיטה זיתים ירוק,גרמים,340.00,100 גרם,false,,9.50,0.0279,true,1,3879063
7290113192348,false,בית השיטה זיתים ירוקים גדול מאודבטעם שום,בית-השיטה עסיס תעשיות מז,IL,בית השיטה זיתים ירוק,גרמים,340.00,100 גרם,false,,9.50,0.0279,true,1,3879064
7290113192355,false,חרוזית זיתים ירוקים ללא גלעין 275 ג' בית השיטה,בית-השיטה עסיס תעשיות מז,IL,בית השיטה חרוזית זית,גרמים,275.00,100 גרם,false,,9.50,0.0345,true,1,3879065
7290113192362,false,זיתים ירוקים טבעות A2 בית השיטה 280 גרם,בית-השיטה עסיס תעשיות מז,IL,בית השיטה טבעות זיתי,גרמים,280.00,100 גרם,false,,9.90,0.0354,true,1,3879066
7290113192379,false,בית השיטה זיתים ירוקים מבוקעים א2 340גר',"בית-השיטה תעשיות בע""\מ",IL,בית השיטה זיתים ירוק,גרמים,340.00,100 גרם,false,,10.70,0.0315,true,1,3879067
7290113192386,false,בית השיטה זיתים ירוקים סורי מבוקע 340גרם,בית השיטה,IL,בית השיטה זיתים ירוק,גרמים,340.00,100 גרם,false,,9.80,0.0288,true,1,3879068
7290113192393,false,בית השיטה קוקטייל זיתים א2 336 גרם,בית-השיטה עסיס תעשיות מז,IL,בית השיטה קוקטייל זי,גרמים,340.00,100 גרם,false,,10.90,0.0321,true,1,3879069
7290113192478,false,בית השיטה מלפפונים במלח בינוני 10-12 320 גרם,בית-השיטה עסיס תעשיות מז,IL,בית השיטה מלפפון מלח,גרמים,320.00,100 גרם,false,,7.50,0.0234,true,1,3879077
7290113192485,false,בית השיטה מלפפונים בחומץ בינוני 10-12 290 גרם,בית-השיטה עסיס תעשיות מז,IL,בית השיטה מלפפון בחו,גרמים,290.00,100 גרם,false,,7.50,0.0259,true,1,3879078
7290113192492,false,בית השיטה מלפפונים בחומץ קטנים 1317 290 גרם,בית-השיטה עסיס תעשיות מז,IL,בית השיטה מלפפון בחו,גרמים,290.00,100 גרם,false,,10.50,0.0362,true,1,3879079
7290113192508,false,בית השיטה מלפפונים במלח קטן 1317 320 גרם,בית-השיטה עסיס תעשיות מז,IL,בית השיטה מלפפון במל,גרמים,320.00,100 גרם,false,,10.50,0.0328,true,1,3879080
7290113192515,false,בית השיטה מלפפונים במלח קטן מאוד 1825 320 גרם,בית-השיטה עסיס תעשיות מז,IL,בית השיטה מלפפון במל,גרמים,320.00,100 גרם,false,,11.50,0.0359,true,1,3879081
7290113192522,false,בית השיטה מלפפונים בחומץ קטן מאוד 1825 290 גרם,בית-השיטה עסיס תעשיות מז,IL,בית השיטה מלפפון בחו,גרמים,290.00,100 גרם,false,,11.50,0.0397,true,1,3879082
7290113192539,false,בית השיטה מלפפונים במלח גדול 79 320 גרם,בית-השיטה עסיס תעשיות מז,IL,בית השיטה מלפפון במל,גרמים,320.00,100 גרם,false,,6.30,0.0197,true,1,3879083
7290113192546,false,"מלפפונים בחומץ רכיבים טבעיים 7-9 ""בית השיטה""",בית-השיטה עסיס תעשיות מז,IL,בית השיטה מלפפון בחו,גרמים,290.00,100 גרם,false,,6.30,0.0217,true,1,3879084
7290113192553,false,מלפפונים במלח 13-17 פיקנטי בית השיטה 320 גרם,בית-השיטה עסיס תעשיות מז,IL,בית השיטה מלפפון במל,גרמים,320.00,100 גרם,false,,10.70,0.0334,true,1,3879085
7290113192560,false,בית השיטה פלפל שיפקה חריף כבוש 230 גרם,בית-השיטה עסיס תעשיות מז,IL,בית השיטה שיפקה 230,גרמים,230.00,100 גרם,false,,6.50,0.0283,true,1,3879086
7290113192577,false,בית השיטה כרוב כבוש א2 12*430גרם חדש,"בית-השיטה תעשיות בע""\מ",IL,בית השיטה כרוב כבוש,גרמים,430.00,100 גרם,false,,6.90,0.0160,true,1,3879087
7290113192881,false,"טורטיה חיטה מופחת קלוריות, קוטר 20 ס""מ - 6 יח'",דין שיווק,TR,טורטיה חיטה מופחתת ק,גרמים,270.00,100 גרם,false,,9.90,0.0367,true,1,3883220
7290113192997,false,בית השיטה זית מרוקאי 340 גרם*,"בית השיטה תעשיות בע""\מ",IL,בית השיטה זית מרוקאי,גרמים,340.00,100 גרם,false,,12.90,0.0379,true,1,3883415
7290113193000,false,בית השיטה פלפל שיפקונית 230 גרם*,"בית השיטה תעשיות בע""\מ",IL,בית השיטה פלפל שיפקו,גרמים,230.00,100 גרם,false,,9.90,0.0430,true,1,3883416
7290113193017,false,בית השיטה חרוזית קוקטייל זיתים 275 גרם,"בית השיטה תעשיות בע""\מ",IL,בית השיטה חרוזית קוק,גרמים,275.00,100 גרם,false,,11.50,0.0418,true,1,3883417
7290113193031,false,חרוזית קלמטה - זיתים שחורים ללא גלעין קלמטה,"בית השיטה תעשיות בע""\מ",IL,בית השיטה חרוזית קלמ,גרמים,275.00,100 גרם,false,,11.50,0.0418,true,1,3883418
7290113193369,false,"תרסיס שמן קנולה מזוכך בית השיטה 150מ""ל",פוד אירוסולס ספיין,ES,בית השיטה תרסיס שמן,מטרים,150.00,100 מ'ל,false,,0.00,0.0000,true,1,3907701
7290113193406,false,"קוקטייל טבעות זיתים - זיתים ירוקים, שחורים מרינד","בית השיטה תעשיות בע""\מ",IL,בית השיטה זיתים טבעו,גרמים,280.00,100 גרם,false,,10.70,0.0382,true,1,3884928
7290113193666,false,זיתים ירוקים שלמים סדוקים במי מלח 700 ג',,TR,זיתים ירוקים שלמים ס,יח',1.00,יח',false,,14.90,14.9000,true,1,3886072
7290113193673,false,זיתים שחורים יבשים במי מלח 400 גגר,,TR,זיתים שחורים יבשים ב,יח',1.00,יח',false,,9.90,9.9000,true,1,3886073
7290113194298,false,בית השיטה רצועות סלק חמוץ 215 גרם,"בית השיטה תעשיות בע""\מ",IL,בית השיטה רצועות סלק,גרמים,215.00,100 גרם,false,,2.90,0.0135,true,1,3891215
7290113194373,false,בית השיטה עגבניות שרי מוחמצות 12*215 גרם,"בית השיטה תעשיות בע""\מ",IL,בית השיטה עגבניות שר,גרמים,215.00,100 גרם,false,,2.90,0.0135,true,1,3903501
7290113194632,false,ממרח שקדים שקדיה 500 גרם,ג'\י אנד ג'\י פקאנס בעמ,IL,ממרח שקדים 500גר,גרמים,500.00,100 גרם,false,,49.90,0.0998,true,1,3891317
7290113194649,false,מלפפונים במלח קוביות בית השיטה 320 גרם,בית-השיטה עסיס תעשיו,IL,בית השיטה מלפפון במל,גרמים,320.00,100 גרם,false,,0.00,0.0000,true,1,3891075
7290113194663,false,אגוזי מלך חצאים 250ג,,,אגוזי מלך חצאים 250ג,גרמים,250.00,100 גרם,false,,21.90,0.0876,true,1,3887707
7290113195042,false,מלפפון חמוץ במלח כבישה ביתית בית השיטה 750 גר',שוורצקוף& הנקל דיסלד,IL,בית השיטה מלפפון במל,גרמים,750.00,100 גרם,false,,24.80,0.0331,true,1,3892372
7290113195158,false,בית השיטה מיקס רצועות פלפל 12*215גרם,"בית השיטה תעשיות בע""\מ",IL,בית השיטה מיקס רצועו,גרמים,215.00,100 גרם,false,,2.90,0.0135,true,1,3903502
7290113195172,false,בית השיטה רצועות קולורבי בתחמיץ 215 גרם,"בית השיטה תעשיות בע""\מ",IL,בית השיטה רצועות קול,גרמים,215.00,100 גרם,false,,2.90,0.0135,true,1,3903503
7290113195479,false,קמח שקדים 200 גרם - שקדיה,"שקדיה גבע תעשיות בע""",IL,קמח שקדים 200גר שקדי,גרמים,200.00,100 גרם,false,,14.70,0.0735,true,1,3891148
7290113196414,false,"אורז בסמטי 1 ק""ג - שקדיה כחול מטאלי",דאבה סינג שאם סינג,IN,אורז בסמטי 1'ד שקדיה,קילוגרמים,1.00,"ק""ג",false,,9.70,9.7000,true,1,3891864
7290113196513,false,פריכיות כוסמת בתוספת שקדים שקדיה 150 גרם,זנבר המכללה לטבעונות,IL,פריכיות כוסמת שקדים,גרמים,150.00,100 גרם,false,,10.90,0.0727,true,1,3895265
7290113196520,false,פריכיות כוסמין ללא מלח שקדיה 150 גרם,זנבר המכללה לטבעונות,IL,"פריכיות כוסמין לל""מ",גרמים,150.00,100 גרם,false,,10.90,0.0727,true,1,3895266
7290113196759,false,ירקות מעורבים בסגנון מזרחי בטעם ביתי,בית השיטה עסיס תעשיו,IL,בית השיטה ירקות מעור,גרמים,750.00,100 גרם,false,,29.90,0.0399,true,1,3897798
7290113197800,false,פלפל קלוי קלוי 400 גרם בית השיטה,בית השיטה,,בית השיטה פלפל קלוי,גרמים,400.00,100 גרם,false,,0.00,0.0000,true,1,3907702
7290113197817,false,חציל קלוי 670 גרם בית השיטה,בית השיטה,,קציל קלוי 670 גר בית,גרמים,670.00,100 גרם,false,,0.00,0.0000,true,1,3907703
7290113300194,false,פאוצ' להקט עוף ברוטב 85 גר',PPF צ'כיה,FR,פאוצ' נתחוני לה קט ע,יח',1.00,יח',false,,4.90,4.9000,true,1,3882078
7290113300224,false,פאוצ' לה קט סלמון ברוטב 85 ג',"ביופט- מזון לבע""ח",CZ,פאוצ' נתחוני לה קט ס,יח',1.00,יח',false,,3.90,3.9000,true,1,3882081
7290113300330,false,חטיף מקלות לחתול לה,,,לה קט כבש סטיק 30 גר,יח',1.00,יח',false,,9.90,9.9000,true,1,3907845
7290113300347,false,חטיף מקלות לחתול לה,,,לה קט סלמון סטיק 30,יח',1.00,יח',false,,9.90,9.9000,true,1,3907663
7290113302297,false,חטיף אנרגיה בונזו עוף ותפוח 80 גר,,,חטיף אנרגיה בונזו עו,יח',1.00,יח',false,,9.90,9.9000,true,1,3896212
7290113302358,false,חטיפי בנוזו עוף צורת סושי 80 גר,לנגי,CN,חטיפי בנוזו עוף צורת,יח',1.00,יח',false,,9.90,9.9000,true,1,3887812
7290113302396,false,שיפוד כבש ודג בקלה 80 גר,שינייה פט פוד,CN,שיפוד כבש ודג בקלה 8,יח',1.00,יח',false,,9.90,9.9000,true,1,3887816
7290113460607,false,סוכר לבן 1קג רמילוי,,,סוכר לבן 1קג רמילוי,קילוגרמים,1.00,"ק""ג",false,,3.90,3.9000,true,1,3875041
7290113470019,false,מדליק פחמים +גפרור (,,,מדליק פחמים,יח',1.00,יח',false,,4.90,4.9000,true,1,3871268
7290113470026,false,גפרורים אקסטרה לארג',,,גפרורים XL,יח',1.00,יח',false,,5.90,5.9000,true,1,3871269
7290113470392,false,כוסות אספרסו 50 יח,,,כוסות אספרסו 50 יח,יח',1.00,יח',false,,6.90,6.9000,true,1,3871295
7290113470477,false,נעלי בית גברים (41-46) EXCLUSIVE שחור/אפור,,,נעלי בית לגברים,יח',1.00,יח',false,,49.90,49.9000,true,1,3881124
7290113471115,false,כיסוי לכיסא,,,כיסוי לכיסא,יח',1.00,יח',false,,24.90,24.9000,true,1,3881136
7290113471122,false,כרית שינה,,,כרית שינה,יח',1.00,יח',false,,24.90,24.9000,true,1,3881137
7290113471245,false,מפית מובלטת קרם הדפס,,,מפית מובלטת קרם הדפס,יח',1.00,יח',false,,4.90,4.9000,true,1,3880578
7290113471573,false,סבון אסלה כחול אקטיבי רמילוי,,,סבון אסלה כחול אקטיב,יח',1.00,יח',false,,9.90,9.9000,true,1,3880594
7290113471580,false,סבון אסלה לימון רמילוי,,,סבון אסלה לימון רמיל,יח',1.00,יח',false,,9.90,9.9000,true,1,3880595
7290113471597,false,סבון אסלה לבנדר רמילוי,,,סבון אסלה לבנדר רמיל,יח',1.00,יח',false,,9.90,9.9000,true,1,3880596
7290113471702,false,סדין יחיד ג'רזי 90*200 שמנת,,,סדין יחיד ג'רזי 90*2,יח',1.00,יח',false,,49.90,49.9000,true,1,3881154
7290113471719,false,סדין זוגי ג'רזי 1.60*200 לבן,,,סדין זוגי ג'רזי 1.60,יח',1.00,יח',false,,59.90,59.9000,true,1,3881155
7290113471726,false,סדין זוגי ג'רזי 1.60*200 אפור,,,סדין זוגי ג'רזי 1.60,יח',1.00,יח',false,,59.90,59.9000,true,1,3881156
7290113471788,false,סדין זוגי ג'רזי 1.60*200 שמנת,,,סדין זוגי ג'רזי 1.60,יח',1.00,יח',false,,59.90,59.9000,true,1,3881162
7290113471962,false,זוג ציפה לכרית ג'רזי 50*70 אפור,,,זוג ציפה לכרית ג'רזי,יח',1.00,יח',false,,24.90,24.9000,true,1,3881179
7290113472006,false,זוג ציפה לכרית ג'רזי 50*70 כחול ג'ינס,,,זוג ציפה לכרית ג'רזי,יח',1.00,יח',false,,24.90,24.9000,true,1,3881183
7290113472655,false,מרקיה לוקסור לבן (10 יח'),,,מרקיה לוקסור לבן (10,יח',1.00,יח',false,,18.90,18.9000,true,1,3883943
7290113472709,false,7' לוקסור מנטה (10 יח'),,,7' לוקסור מנטה (10 י,יח',1.00,יח',false,,15.90,15.9000,true,1,3883948
7290113472754,false,9' לוקסור ורוד (10 י,,,9' לוקסור ורוד (10 י,יח',1.00,יח',false,,19.90,19.9000,true,1,3883953
7290113472822,false,7' לוקסור נצנץ כסף (,,,7' לוקסור נצנץ כסף (,יח',1.00,יח',false,,15.90,15.9000,true,1,3883960
7290113472846,false,10' לוקסור נצנץ כסף (10 יח'),,,10' לוקסור נצנץ כסף,יח',1.00,יח',false,,26.90,26.9000,true,1,3883962
7290113473461,false,נר בריח וניל צבעוני,,,נר בריח וניל צבעוני,יח',1.00,יח',false,,9.90,9.9000,true,1,3884314
7290113473577,false,כוסות פרימיום 250 מל,,,כוסות פרימיום 250 מל,יח',1.00,יח',false,,14.90,14.9000,true,1,3883972
7290113473607,false,שמיכת פיקה 150*200,,,שמיכת פיקה 150*200,יח',1.00,יח',false,,69.90,69.9000,true,1,3884319
7290113474024,false,צלחת עגולה קטנה (10 יח') עלי דקל,,,צלחת עגולה קטנה (10,יח',1.00,יח',false,,10.90,10.9000,true,1,3887616
7290113474079,false,צלחות מלבניות גדולות (10 יח') עלי דקל,,,צלחות מלבניות גדולות,יח',1.00,יח',false,,14.90,14.9000,true,1,3887621
7290113474406,false,זוג כפות הגשה ניו יורק ורוד,,,זוג כפות הגשה ניו יו,יח',1.00,יח',false,,2.90,2.9000,true,1,3886586
7290113474437,false,זוג כפות הגשה ניו יורק זהב נוצץ,,,זוג כפות הגשה ניו יו,יח',1.00,יח',false,,2.90,2.9000,true,1,3886589
7290113474666,false,זוג תחתוני נשים,,,זוג תחתוני נשים,יח',1.00,יח',false,,15.90,15.9000,true,1,3886905
7290113474703,false,זוג תחתוני גבר,,,זוג תחתוני גבר,יח',1.00,יח',false,,20.00,20.0000,true,1,3886909
7290113474727,false,זוג תחתוני גבר,,,זוג תחתוני גבר,יח',1.00,יח',false,,20.00,20.0000,true,1,3886911
7290113474796,false,מזלג פרימיום,,,מזלג פרימיום,יח',1.00,יח',false,,9.90,9.9000,true,1,3894515
7290113475205,false,נעלי בית גברים (41-46) EXCLUSIVE שחור/אפור,,,נעלי בית גברים,יח',1.00,יח',false,,49.90,49.9000,true,1,3887753
7290113475458,false,קערת פסים קטנה,,,קערת פסים קטנה,יח',1.00,יח',false,,3.90,3.9000,true,1,3894526
7290113475465,false,קערת פסים גדולה,,,קערת פסים גדולה,יח',1.00,יח',false,,4.90,4.9000,true,1,3894527
7290113475472,false,קערת פסים ענק,,,קערת פסים ענק,יח',1.00,יח',false,,5.90,5.9000,true,1,3894528
7290113475700,false,קשיות נייר 50 יחידות,,,קשיות נייר 50 יחידות,יח',1.00,יח',false,,3.90,3.9000,true,1,3894537
7290113475878,false,סדין זוגי ג'רזי (1.60*200) NAVY-10821,,,סדין זוגי ג'רזי (1.6,יח',1.00,יח',false,,59.90,59.9000,true,1,3890007
7290113475939,false,ציפה זוגית לפוך ג'רזי (220*200)NAVY-10821,,,ציפה זוגית לפוך ג'רז,יח',1.00,יח',false,,99.90,99.9000,true,1,3895546
7290113475946,false,זוג ציפה לכרית ג'רזי (50*70) BEIGE-61594,,,זוג ציפה לכרית ג'רזי,יח',1.00,יח',false,,24.90,24.9000,true,1,3895547
7290113475953,false,זוג ציפה לכרית ג'רזי (50*70) PINK-42775,,,זוג ציפה לכרית ג'רזי,יח',1.00,יח',false,,24.90,24.9000,true,1,3891272
7290113475960,false,זוג ציפה לכרית ג'רזי (50*70) NAVY-10821,,,זוג ציפה לכרית ג'רזי,יח',1.00,יח',false,,24.90,24.9000,true,1,3891436
7290113475977,false,סדין מיטה וחצי ג'רזי (120*200*25) BEIGE-61594,,,סדין מיטה וחצי ג'רזי,יח',1.00,יח',false,,49.90,49.9000,true,1,3895548
7290113476059,false,סדין מיטה וחצי ג'רזי (120*200*25) BLUE-72269,,,סדין מיטה וחצי ג'רזי,יח',1.00,יח',false,,49.90,49.9000,true,1,3895552
7290113476066,false,סדין מיטה וחצי ג'רזי (120*200*25) BLUE-72269,,,סדין מיטה וחצי ג'רזי,יח',1.00,יח',false,,49.90,49.9000,true,1,3895553
7290113476080,false,מגבת גוף (70*140) לבן,,,מגבת גוף (70*140) לב,יח',1.00,יח',false,,44.90,44.9000,true,1,3888076
7290113476103,false,מגבת גוף (70*140) תכלת,,,מגבת גוף (70*140) תכ,יח',1.00,יח',false,,44.90,44.9000,true,1,3888078
7290113476110,false,מגבת גוף (70*140) בז',,,מגבת גוף (70*140) בז,יח',1.00,יח',false,,44.90,44.9000,true,1,3888079
7290113476127,false,מגבת גוף (70*140) אפור כהה,,,מגבת גוף (70*140) אפ,יח',1.00,יח',false,,44.90,44.9000,true,1,3888080
7290113476134,false,מגבת גוף 140*70 ורוד פוקסיה,,,מגבת גוף 140*70 ורוד,יח',1.00,יח',false,,44.90,44.9000,true,1,3888081
7290113476158,false,מגבת פנים (50*90) אפור,,,מגבת פנים (50*90) אפ,יח',1.00,יח',false,,24.90,24.9000,true,1,3888083
7290113476165,false,מגבת פנים (50*90) תכלת,,,מגבת פנים (50*90) תכ,יח',1.00,יח',false,,24.90,24.9000,true,1,3888084
7290113476189,false,מגבת פנים (50*90) אפור כהה,,,מגבת פנים (50*90) אפ,יח',1.00,יח',false,,24.90,24.9000,true,1,3888086
7290113476448,false,בקבוק ספורט שחור קליפורניה,,,בקבוק ספורט שחור קלי,יח',1.00,יח',false,,30.90,30.9000,true,1,3888939
7290113476486,false,כוס יהלום לבן 250 מל 40 יחידות,,,כוס יהלום לבן 250 מל,יח',1.00,יח',false,,9.90,9.9000,true,1,3889912
7290113477537,false,סט מצעים זוגי100% כו,,,סט מצעים זוגי100% כו,יח',1.00,יח',false,,129.90,129.9000,true,1,3895608
7290113477582,false,סט מצעים זוגי100% כו,,,סט מצעים זוגי100% כו,יח',1.00,יח',false,,129.90,129.9000,true,1,3895613
7290113477599,false,סט מצעים זוגי100% כו,,,סט מצעים זוגי100% כו,יח',1.00,יח',false,,129.90,129.9000,true,1,3895614
7290113477735,false,שמיכת קיץ יחיד 150*2,,,שמיכת קיץ יחיד 150*2,יח',1.00,יח',false,,34.90,34.9000,true,1,3895619
7290113477742,false,שמיכת קיץ זוגי 220*2,,,שמיכת קיץ זוגי 220*2,יח',1.00,יח',false,,49.90,49.9000,true,1,3895620
7290113478183,false,"גביעים אמריקאים 480מ""ל (26יח')",,,גביעים אמריקאים 480מ,יח',1.00,יח',false,,19.90,19.9000,true,1,3894567
7290113478190,false,"גביעים אמריקאים 240מ""ל (36יח')",,,גביעים אמריקאים 240מ,יח',1.00,יח',false,,19.90,19.9000,true,1,3894568
7290113478206,false,"גביעים אמריקאים 980מ""ל (16יח')",,,גביעים אמריקאים 980מ,יח',1.00,יח',false,,19.90,19.9000,true,1,3894569
7290113478374,false,כפפות TPE כחול L,,,כפפות TPE כחול L,יח',1.00,יח',false,,9.90,9.9000,true,1,3893706
7290113478381,false,כפפות TPE כחול XL,,,כפפות TPE כחול XL,יח',1.00,יח',false,,9.90,9.9000,true,1,3891106
7290113478923,false,מפת שולחן דקורטיבית (BEIGE (140*250,,,מפת שולחן דקורטיבית,יח',1.00,יח',false,,39.90,39.9000,true,1,3889410
7290113478930,false,מפת שולחן דקורטיבית,,,מפת שולחן דקורטיבית,יח',1.00,יח',false,,49.90,49.9000,true,1,3889440
7290113478947,false,מפת שולחן דקורטיבית,,,מפת שולחן דקורטיבית,יח',1.00,יח',false,,49.90,49.9000,true,1,3889441
7290113479319,false,מגבת גוף איכותית (140*70) לבן,,,מגבת גוף איכותית (14,יח',1.00,יח',false,,44.90,44.9000,true,1,3890900
7290113479357,false,מגבת גוף איכותית (14,,,מגבת גוף איכותית (14,יח',1.00,יח',false,,44.90,44.9000,true,1,3895681
7290113479388,false,מגבת פנים איכותית (9,,,מגבת פנים איכותית (9,יח',1.00,יח',false,,24.90,24.9000,true,1,3890464
7290113479531,false,זוג תחתוני נשים XXXL הי לג,,,זוג תחתוני נשים XXXL,יח',1.00,יח',false,,20.00,20.0000,true,1,3895693
7290113479562,false,זוג תחתוני נשים L הי לג,,,זוג תחתוני נשים L הי,יח',1.00,יח',false,,20.00,20.0000,true,1,3895696
7290113479586,false,חמישית תחתוני נשים XLL ביקיני,,,חמישית תחתוני נשים X,יח',1.00,יח',false,,39.90,39.9000,true,1,3895698
7290113479616,false,חמישית תחתוני נשים M ביקיני,,,חמישית תחתוני נשים M,יח',1.00,יח',false,,39.90,39.9000,true,1,3895701
7290113479623,false,חמישית תחתוני נשים S ביקיני,,,חמישית תחתוני נשים S,יח',1.00,יח',false,,39.90,39.9000,true,1,3895702
7290113479630,false,כוס אבן (40 יח') שחור ברונזה,,,כוס אבן (40 יח') שחו,יח',1.00,יח',false,,12.90,12.9000,true,1,3890437
7290113479678,false,כוס אבן (40 יח') לבן,,,כוס אבן (40 יח') לבן,יח',1.00,יח',false,,12.90,12.9000,true,1,3894573
7290113479708,false,גליל נייר מגבת מודפס איכותי למטבח,,,גליל נייר מגבת מודפס,יח',1.00,יח',false,,10.90,10.9000,true,1,3894575
7290113479722,false,מפיות מודפסות,,,מפיות מודפסות,יח',1.00,יח',false,,3.90,3.9000,true,1,3894576
7290113479739,false,מפיות מודפסות,,,מפיות מודפסות,יח',1.00,יח',false,,3.90,3.9000,true,1,3890438
7290113479760,false,מפיות מודפסות,,,מפיות מודפסות,יח',1.00,יח',false,,3.90,3.9000,true,1,3894579
7290113479807,false,מפיות מודפסות,,,מפיות מודפסות,יח',1.00,יח',false,,3.90,3.9000,true,1,3894583
7290113479869,false,מפיות דגם 1455,,,מפיות דגם 1455,יח',1.00,יח',false,,4.90,4.9000,true,1,3898129
7290113479883,false,כפפות TPE שחור L,,,כפפות TPE שחור L,יח',1.00,יח',false,,9.90,9.9000,true,1,3891107
7290113479890,false,כפפות TPE שחור XL,,,כפפות TPE שחור XL,יח',1.00,יח',false,,9.90,9.9000,true,1,3891108
7290113479937,false,שמיכת חרמון 180*200,,,שמיכת חרמון 180*200,יח',1.00,יח',false,,89.90,89.9000,true,1,3895706
7290113560055,false,פרודונטקס מי פה טיפול יומי לחניכיים 500,"מאסטרפוד אוסטריה בע""מ",GB,פרודונטקס מי פה טיפו,מיליליטרים,500.00,"100 מ""ל",false,,25.90,0.0518,true,1,3887469
7290113560062,false,"סנסודיין - משחת שיניים להלבנה עדינה משאבה 100 מ""ל",גלקסוסמית'\קליין קונסיומ,GB,סנסודיין משאבה הלבנה,יח',1.00,יח',false,,24.90,24.9000,true,1,3886382
7290113560109,false,פרודונטקס מ.שיניים בטעם צמחי 75 מל,פרודונטקס Parodontax,SK,פרודונטקס טעם צמחי 7,יח',1.00,יח',false,,30.90,30.9000,true,1,3889976
7290113592650,false,נר גדול ספרה 0 עם מעמד שחור - כסף מטאלי,,,נר גדול ספרה 0 עם מע,יח',1.00,יח',false,,6.90,6.9000,true,1,3879660
7290113592667,false,נר גדול ספרה 1 עם מעמד שחור - כסף מטאלי,,,נר גדול ספרה 1 עם מע,יח',1.00,יח',false,,6.90,6.9000,true,1,3879661
7290113592698,false,נר גדול ספרה 5 עם מעמד שחור - כסף מטאלי,,,נר גדול ספרה 5 עם מע,יח',1.00,יח',false,,6.90,6.9000,true,1,3879664
7290113592704,false,נר גדול ספרה 6 עם מעמד שחור - כסף מטאלי,,,נר גדול ספרה 6 עם מע,יח',1.00,יח',false,,6.90,6.9000,true,1,3879665
7290113592735,false,נר גדול ספרה 9 עם מעמד שחור - כסף מטאלי,,,נר גדול ספרה 9 עם מע,יח',1.00,יח',false,,6.90,6.9000,true,1,3879668
7290113655270,false,שלישיית מגבות מטבח,,,שלישיית מגבות מטבח,יח',1.00,יח',false,,9.90,9.9000,true,1,3881192
7290113655645,false,שלישיית מגבות מטבח ברכות,,,שלישיית מגבות,יח',1.00,יח',false,,14.90,14.9000,true,1,3895708
7290114134217,false,טי שרט קצר לבן V (מידה M),,,טי שרט קצר לבן V (מי,יח',1.00,יח',false,,20.90,20.9000,true,1,3886912
7290114134408,false,חמישיית תחתוני בנות (מידה 4-6) SUPER,,,חמישיית תחתוני בנות,יח',1.00,יח',false,,19.90,19.9000,true,1,3886931
7290114134415,false,חמישיית תחתוני בנות (מידה 8-10) SUPER,,,חמישיית תחתוני בנות,יח',1.00,יח',false,,19.90,19.9000,true,1,3886932
7290114134422,false,חמישיית תחתוני בנות (מידה 12-14) SUPER,,,חמישיית תחתוני בנות,יח',1.00,יח',false,,24.90,24.9000,true,1,3886933
7290114134439,false,חמישיית תחתוני בנות (מידה 16-18) SUPER,,,חמישיית תחתוני בנות,יח',1.00,יח',false,,19.90,19.9000,true,1,3886934
7290114137157,false,גרבי גבר (3) חצי מגבת מלה,,,גרבי גבר (3) חצי מגב,יח',1.00,יח',false,,20.00,20.0000,true,1,3889926
7290114137171,false,גרבי גבר (3) חצי מגבת מלה,,,גרבי גבר (3) חצי מגב,יח',1.00,יח',false,,20.00,20.0000,true,1,3895720
7290114137225,false,גרביי נשים (3) חצי מגבת מלה,,,גרביי נשים (3) חצי מ,יח',1.00,יח',false,,20.00,20.0000,true,1,3895723
7290114137287,false,גרביי בנים(3) חצי מגבת מלה,,,גרביי בנים(3) חצי מג,יח',1.00,יח',false,,20.00,20.0000,true,1,3895729
7290114137331,false,גרביי בנות (3) חצי מגבת מלה,,,גרביי בנות (3) חצי מ,יח',1.00,יח',false,,20.00,20.0000,true,1,3895732
7290114196031,false,כבל מיקרו 2 מטר רמי,,,כבל מיקרו 2 מטר רמי,יח',1.00,יח',false,,24.90,24.9000,true,1,3886502
7290114196048,false,כבל אייפון 2 מטר רמי לוי,,,כבל אייפון 2 מטר רמי,יח',1.00,יח',false,,24.90,24.9000,true,1,3886503
7290114196055,false,כבל Type C רמי לוי 2 מטר,,,כבל Type C רמי לוי 2,יח',1.00,יח',false,,24.90,24.9000,true,1,3886504
7290114310215,false,"שמנת מתוקה 38% רמת הגולן 250 מ""ל ווסטהיים - מוצר בפיקוח",מילקו תעשיות בעמ,IL,שמנת מתוקה 38% 250מל,מיליליטרים,250.00,"100 מ""ל",false,,6.00,0.0240,true,1,3886049
7290114310222,false,חלב מועשר בסידן וויטמין Dי 3% 1.5 ל' טרה,מילקו תעשיות בעמ,IL,חלב מועשר בסידן 1.5ל,יח',1.00,יח',false,,10.90,10.9000,true,1,3886050
7290114310239,false,חלב נטול לקטוז מועשר בוויטמין D י 2% 1.5 ל' טרה,מילקו תעשיות בעמ,IL,חלב נטול לקטוז מועשר,יח',1.00,יח',false,,10.70,10.7000,true,1,3886051
7290114310246,false,גרנה פדנו צ'אנק משק צוריאל 125 גרם,מחלבת משק צוריאל,IL,גרנה פדנו 29%,גרמים,125.00,100 גרם,false,,17.80,0.1424,true,1,3891658
7290114310338,false,צפתית מעודנת 5% בגביע 225 גרם משק צוריאל,מחלבת משק צוריאל,IL,צפתית מעודנת 5% 225ג,גרמים,225.00,100 גרם,false,,16.90,0.0751,true,1,3891660
7290114310345,false,מעדן יוגורט בטעם תות 1.5% 125 גרם טרה,מילקו תעשיות בעמ,IL,מעדן יוגורט תות 1.5%,גרמים,125.00,100 גרם,false,,2.60,0.0208,true,1,3891661
7290114310352,false,מולר הוואן תפוח ופטל,מילקו,IL,מולר הוואן תפוח ופטל,גרמים,120.00,100 גרם,false,,5.20,0.0433,true,1,3891662
7290114310369,false,מולר HEAVEN +תות אננס 120 גרם,מילקו,IL,מולר הוואן תות ואננס,גרמים,120.00,100 גרם,false,,5.20,0.0433,true,1,3891663
7290114310376,false,מולר עם מנגו פסיפלור,מילקו,IL,מולר הוואן מנגו פסיפ,גרמים,120.00,100 גרם,false,,5.20,0.0433,true,1,3891664
7290114310482,false,נעם פרוס בטעם מעושן200ג,מילקו תעשיות בעמ,IL,נעם בטעמים מעושנת 20,גרמים,200.00,100 גרם,false,,19.70,0.0985,true,1,3890795
7290114310499,false,מולר מיקס פקאן מצופה185ג,טרה,IL,מולר מיקס ביו שברי פ,גרמים,170.00,100 גרם,false,,5.50,0.0324,true,1,3891669
7290114310536,false,יוגורט לייט מעושר חלבון 25 גרם חלבון וניל MULLER ACTIVE,מולר Muller,IL,מולר אקטיב לייט טעם,יח',1.00,יח',false,,5.80,5.8000,true,1,3891673
7290114310543,false,יוגורט לייט מולר אקטיב 25 גר' חלבון בטעם קפוצ'ינו 200 גר',מילקו,IL,מולר אקטיב 22גר חלבו,יח',1.00,יח',false,,5.80,5.8000,true,1,3891674
7290114310550,false,גבינת פטה עיזים מעודנת 5% משק צוריאל 200 גרם,מחלבת משק צוריאל,IL,פטה עיזים מעודנת 5%,גרמים,200.00,100 גרם,false,,23.90,0.1195,true,1,3891675
7290114310567,false,לאבנה עיזים 5% שומן 200 גרם,מחלבת משק צוריאל,IL,לאבנה עיזים 200 גר,גרמים,200.00,100 גרם,false,,14.80,0.0740,true,1,3891676
7290114310574,false,גבינת קרם שמנת עיזים 5% 200 גרם צוריאל,מחלבת משק צוריאל,IL,קרם שמנת עיזים מעודנ,גרמים,200.00,100 גרם,false,,13.70,0.0685,true,1,3891677
7290114310611,false,"משקה חלב בננה בבקבוק פקק ספורט טרה 250 מ""ל",מילקו תעשיות בעמ,IL,משקה חלב בננה 250 מל,מיליליטרים,250.00,"100 מ""ל",false,,4.90,0.0196,true,1,3891679
7290114310628,false,משקה חלב וניל ועוגיות בקבוק 1 ליטר,מילקו תעשיות בעמ,IL,משקה חלב וניל ועוגיו,ליטרים,1.00,ליטר,false,,9.90,9.9000,true,1,3891680
7290114310895,false,"סימפלי פרוט יוגורט עם מנגו תות, שמיניה 8 * 150 גרם",מולר Muller,IL,מאגדת סימפלי מנגו תו,גרמים,1200.00,100 גרם,false,,28.90,0.0241,true,1,3891689
7290114310932,false,יוגורט תפוז רימון3% 150ג,Unknown,IL,מולר פרופ תפוז רימון,גרמים,150.00,100 גרם,false,,4.80,0.0320,true,1,3891691
7290114310949,false,יוג.מולר תפוח קינמון150ג,טרה,IL,מולר פרופ תפוח קינמו,גרמים,150.00,100 גרם,false,,4.80,0.0320,true,1,3891692
7290114310963,false,יוגורט מחלב עיזים מלא כ3.8% שומן מועשר 500 גר',מחלבת משק צוריאל,IL,יוגורט מחלב עיזים מל,גרמים,500.00,100 גרם,false,,13.70,0.0274,true,1,3897634
7290114311007,false,יוגורט מולר מיקס טופ,טרה,,מולר ביו עם מיני ריב,גרמים,170.00,100 גרם,false,,4.50,0.0265,true,1,3897635
7290114311045,false,מולר סימפלי פרוט תות בננה 3% שומן,מילקו תעשיות בעמ,IL,מולר סימפלי פרוט תות,מיליליטרים,150.00,"100 מ""ל",false,,4.80,0.0320,true,1,3905419
7290114311052,false,יוגורט0%סימפלי מנדרינ150,מילקו תעשיות בעמ,IL,מולר סימפלי פרוט מנד,גרמים,150.00,100 גרם,false,,4.80,0.0320,true,1,3905420
7290114311069,false,יוגורט לבן מועשר בחלבון 0% שומן 200 גרם muller active,מולר Muller,IL,מולר אקטיב טעם טבעי,מיליליטרים,200.00,"100 מ""ל",false,,5.40,0.0270,true,1,3905421
7290114311090,false,מולר נטורל גרנולה דבש177,Unknown,IL,יוגורט מולר נטורל סי,מיליליטרים,177.00,"100 מ""ל",false,,6.20,0.0350,true,1,3901772
7290114311106,false,מולר נטורל גרנו+סילאן177,Unknown,IL,יוגורט מולר נטורל סי,מיליליטרים,177.00,"100 מ""ל",false,,6.20,0.0350,true,1,3901773
7290114600811,false,חטיף תירס עם כורכום,,,חטיף תירס עם כורכום,יח',1.00,יח',false,,4.90,4.9000,true,1,3883312
7290114600941,false,מאסטר שף מיונז הולנדי לחיץ 435 גרם,קפה לנדוור,NL,מאסטר שף מיונז לחיץ,גרמים,435.00,100 גרם,false,,12.80,0.0294,true,1,3890807
7290114602976,false,FREE מיניס קרקר פריך מחומוס,אפיפית,IL,מיניס קרקר פריך חומו,גרמים,270.00,100 גרם,false,,9.90,0.0367,true,1,3890389
7290114603317,false,גריזלי טבעות טעם גריל 40 גר,,,גריזלי טבעות טעם גרי,יח',1.00,יח',false,,2.90,2.9000,true,1,3886399
7290114603324,false,גריזלי טבעות טעם בצל,,,גריזלי טבעות טעם בצל,יח',1.00,יח',false,,2.90,2.9000,true,1,3886400
7290114603508,false,"רוטב להקצפה מאסטר שף 300 מ""ל",סיטי פוד,TH,רוטב להקפצה מאסטר שף,מיליליטרים,300.00,"100 מ""ל",false,,7.90,0.0263,true,1,3892104
7290114603553,false,מאסטר שף עגבניות חתוכות גס 800 גרם,פראנו אנריקו ופיגלי,IT,מאסטר שף עגבניות חתו,גרמים,800.00,100 גרם,false,,8.90,0.0111,true,1,3888788
7290114603591,false,PLAY חטיף פוף בטעם קטשופ 40 גרם,מנה,IL,פוף פליי טעם קטשופ 4,יח',1.00,יח',false,,2.90,2.9000,true,1,3887342
7290114603607,false,PLAY חטיף פוף בטעם חמוץ חריף 40 גרם,מנה,,פוף פליי טעם חמוץ חר,יח',1.00,יח',false,,2.90,2.9000,true,1,3887343
7290114603768,false,"מארז אג'קס כלורון נוזל לניקוי אסלות 750 מ""ל*2 יח'",קולגייט פלמוליב,FR,אגקס שירותים 750מל ז,ליטרים,1.50,ליטר,false,,29.90,19.9333,true,1,3887344
7290114604895,false,מאסטר שף ממרח לחיץ ספייסי לחיץ 446 גרם,מאסטר שף,NL,מאסטר שף ממרח ספייסי,גרמים,446.00,100 גרם,false,,12.90,0.0289,true,1,3892108
7290114604932,false,רוטב ברביקיו דבש מאסטר שף 520 גרם,רמיה סי.וי. הולנד,NL,מאסטר שף רוטב ברביקי,גרמים,524.00,100 גרם,false,,12.90,0.0246,true,1,3892111
7290114604949,false,מאסטר שף רוטב ברביקיו 524 גרם,רמיה סי.וי. הולנד,NL,מאסטר שף רוטב ברביקי,גרמים,524.00,100 גרם,false,,12.90,0.0246,true,1,3892112
7290114604963,false,פירורי לחם מתובלים מאסטר שף 230 גרם,מאסטר שף,IL,מאסטר שף פירורים מתו,גרמים,230.00,100 גרם,false,,6.90,0.0300,true,1,3891205
7290114605342,false,פירסט סמייל רפידות הנקה גודל מדיום 110,צאנזו שאנג קאר פרודק,CN,רפידות הנקה מדיום 11,יח',1.00,יח',false,,24.90,24.9000,true,1,3892113
7290114606530,false,רוטב בטעם מיונז וקטשופ מאסטר שף 515 גרם,מאסטר שף,NL,מאסטר שף רוטב טעם מי,גרמים,515.00,100 גרם,false,,12.90,0.0250,true,1,3889815
7290114606547,false,מיונז פטריות כמהין לחיץ מאסטר שף 242 גרם,מאסטר שף,NL,מיונז עם פטריות כמהי,גרמים,242.00,100 גרם,false,,12.90,0.0533,true,1,3892118
7290114606578,false,שקדי מרק מאסטר שף 400 גרם,שסטוביץ,IL,מאסטר שף שקדי מרק 40,גרמים,400.00,100 גרם,false,,9.80,0.0245,true,1,3890808
7290114608640,false,קרוטונים לסלט כוסמין מאסטר שף 260 גרם,עינת תעשיות מזון אגו,IL,מאסטר שף קרוטונים כו,גרמים,260.00,100 גרם,false,,18.90,0.0727,true,1,3892131
7290114608657,false,סילאן מאסטר שף 700 גרם,,AE,מאסטר שף סילאן 700 מ,מטרים,700.00,100 מ'ל,false,,19.80,0.0283,true,1,3892132
7290114608671,false,סילאן לחיץ מאסטר שף 470 גרם,מנה,AE,מאסטר שף סילאן לחיץ,גרמים,470.00,100 גרם,false,,14.90,0.0317,true,1,3892133
7290114608695,false,מיונז עם ווסאבי לחיץ מאסטר שף 241 גרם,רמיה סי.וי,NL,מאסטר שף מיונז עם וו,גרמים,241.00,100 גרם,false,,12.90,0.0535,true,1,3892134
7290114821469,false,כבד דג שיבוט מעושן במיץ טבעי אופיסר 120 גרם,אופיסר Officer,IS,כבד דג שיבוט אופיסר,גרמים,120.00,100 גרם,false,,13.60,0.1133,true,1,3892989
7290115073676,false,מסכה לפנים חד פעמי 50 יח צבעוניות,שמחה זה אנחנו,CN,מארז 50 מסכות שמחה ש,יח',1.00,יח',false,,7.90,7.9000,true,1,3893188
7290115077131,false,מסכות ילדים צבעוני מעורב 40 יח',מ.פאנג,CN,מסכות ילדים צבעוני מ,יח',1.00,יח',false,,8.90,8.9000,true,1,3893189
7290115200003,false,פתי בר פינוקי וניל אסם 220 גרם,תאי פרזידנט פוד פאבל,PL,פתי בר פינוקי וניל 2,גרמים,220.00,100 גרם,false,,9.90,0.0450,true,1,3887377
7290115200027,false,אסם פתי בר פינוקים שוקו 220 גרם,קריות זול,PL,פתי בר פינוקי שוקולד,גרמים,220.00,100 גרם,false,,9.90,0.0450,true,1,3887378
7290115200676,false,עוגיות קרמוגית במילוי קרם בטעם קרמל מלוח,"הגביע מוצרי וופלים בע""\מ",IL,אסם קרמוגית קרמל 200,גרמים,200.00,100 גרם,false,,7.90,0.0395,true,1,3892377
7290115200713,false,במבה קלאסי מארז אחיד 8 50*5 ג',"אסם השקעות בע""\מ",IL,במבה קלאסי מארז 5*50,יח',1.00,יח',false,,11.90,11.9000,true,1,3887379
7290115201031,false,אסם פתי בר דובי שוקולד 175 גרם,טרופיקל דגיל תעשיות,PL,פתי בר פינוקי שוקולד,גרמים,175.00,100 גרם,false,,9.90,0.0566,true,1,3892381
7290115201864,false,חטיף במבה נוגט אינסי,מיוצר עי קונדיטוריית,IL,במבה נוגט אינסייד אא,גרמים,60.00,100 גרם,false,,4.30,0.0717,true,1,3901370
7290115202304,false,אסם נודלס אטריות אורז מרובעות 230 גרם,תאי פרזידנט פוד פאבליק ק,TH,נודלס אטריות אורז מר,גרמים,230.00,100 גרם,false,,7.90,0.0343,true,1,3891344
7290115202434,false,צבר סלט חומוס עם זעתר 375 גרם,ג'נרל מילס סאן אדריא,IL,צבר חומוס עם זעתר 37,גרמים,375.00,100 גרם,false,,11.90,0.0317,true,1,3892394
7290115202687,false,חומוס עם חריף חדש צבר 3,ג'נרל מילס סאן אדריא,IL,צבר חומוס עם חריף 37,גרמים,375.00,100 גרם,false,,11.90,0.0317,true,1,3892395
7290115202786,false,מנה חמה פאוץ נודלס אטריות טעם בקר 70 גרם,תאי פרזידנט,TH,מנה חמה פאוצ' אסם 70,גרמים,70.00,100 גרם,false,,4.90,0.0700,true,1,3889959
7290115202816,false,מנה חמה פאוץ נודלס אטריות טעם עוף 70 גרם,תאי פרזידנט,TH,מנה חמה פאוצ' אסם 70,גרמים,70.00,100 גרם,false,,4.90,0.0700,true,1,3892398
7290115202847,false,מנה חמה פאוץ נודלס אטריות טעם עוף 70 גרם,תאי פרזידנט,TH,מנה חמה פאוצ' אסם 70,גרמים,70.00,100 גרם,false,,4.90,0.0700,true,1,3892399
7290115202939,false,מנה חמה רייס נודלס עוף פטריות אסם 50 גרם,מיוצר עי קונדיטוריית,TH,מנה חמה רייס נודלס ע,גרמים,50.00,100 גרם,false,,6.90,0.1380,true,1,3899432
7290115202953,false,אוסם - מנה חמה רייס נודלס קארי צהוב 55 גרם,מיוצר עי קונדיטוריית,TH,מנה חמה רייס נודלס ק,גרמים,50.00,100 גרם,false,,6.90,0.1380,true,1,3899433
7290115202977,false,אוסם - מנה חמה רייס נודלס רוטב סויה סיני 55 גרם,מיוצר עי קונדיטוריית,TH,מנה חמה רייס נודלס ר,גרמים,50.00,100 גרם,false,,6.90,0.1380,true,1,3899434
7290115203806,false,"רוטב בסיס לבישול אסם 290 מ""ל","אסם השקעות בע""\מ",IL,אסם רוטב בסיס 290 מל,מיליליטרים,290.00,"100 מ""ל",false,,10.90,0.0376,true,1,3892409
7290115203936,false,אסם קטשופ פחות סוכר 690 גרם,"אסם תעשיות בע""מ",IL,קטשופ אסם 56% פחות ס,גרמים,690.00,100 גרם,false,,9.90,0.0143,true,1,3892411
7290115204155,false,צבר סחוג אדום 6*190גרם חדש,פרסקו,IL,צבר סחוג אדום 190גר,גרמים,190.00,100 גרם,false,,10.90,0.0574,true,1,3901801
7290115204582,false,טחינה ירוקה צבר 350 גר',צבר,IL,צבר טחינה ירוקה 350,גרמים,350.00,100 גרם,false,,14.90,0.0426,true,1,3892417
7290115205176,false,פיטנס - קרקר דק כפרי פיטנס 140 גרם,נסטלה Nestle,IL,קרקר דק כפרי פיטנס 1,גרמים,140.00,100 גרם,false,,9.90,0.0707,true,1,3901804
7290115205312,false,קרקר פיטנס דק עם זיתי קלמטה ועשבי תיבול,"אסם השקעות בע""\מ",IL,פיטנס קרקר 140 גר,גרמים,140.00,100 גרם,false,,8.90,0.0636,true,1,3907706
7290115205435,false,לאבנה עם חציל על האש220ג,מחלבת כפר תבור ומפעל צבר,IL,צבר לאבנה עם חציל על,גרמים,220.00,100 גרם,false,,14.90,0.0677,true,1,3900880
7290115205480,false,לאבנה+פלפל ח+ג.חומוס220ג,מחלבת כפר תבור ומפעל צבר,IL,צבר לאבנה עם וחומוס,גרמים,220.00,100 גרם,false,,14.90,0.0677,true,1,3900881
7290115205695,false,אסם בונזור בצק מצונן לפיצה 460 גרם,נסטלה סוויס )שוויץ(,CH,בונז'ור בצק מצונן לפ,גרמים,460.00,100 גרם,false,,14.90,0.0324,true,1,3900883
7290115205718,false,אסם בונזור בצק מצונן עלים 230 גרם,נסטלה סוויס )שוויץ(,CH,בונז'ור בצק מצונן על,גרמים,230.00,100 גרם,false,,11.90,0.0517,true,1,3900884
7290115205978,false,"פתי בר אצבעות שוקולד אוסם, 180 גרם","t\ד""\ר ג'\רארד בע""\מn\",PL,פתי בר אצבעות 180גר,גרמים,180.00,100 גרם,false,,9.90,0.0550,true,1,3903022
7290115206081,false,בייגלה כפיות צילי פי,"אסם תעשיות בע""מ",,בייגלה כפיות צ'לי פי,גרמים,300.00,100 גרם,false,,9.90,0.0330,true,1,3901371
7290115206135,false,"טבעול גורמה ארוחת קינואה, 450 גרם",טבעול (מקבוצת אסם הש,IL,ארוחת קינואה 450 גר,גרמים,450.00,100 גרם,false,,29.90,0.0664,true,1,3903023
7290115206173,false,אסם פתי בר קרמל 500 גרם חדש,Unknown,IL,פתי בר קרמל אסם 500,גרמים,500.00,100 גרם,false,,8.90,0.0178,true,1,3892429
7290115206333,false,עוגיות מיני שוקוצ'יפס 225 גרם,"t\אסם השקעות בע""\מ",IL,עוגיות מיני שוקוצ'יפ,גרמים,225.00,100 גרם,false,,9.80,0.0436,true,1,3903024
7290115206401,false,רוטב בסגנון סויה סינ,"אסם השקעות בע""מ",IL,"רוטב סויה סיני כשל""פ",גרמים,330.00,100 גרם,false,,8.90,0.0270,true,1,3905433
7290115206449,false,"אסם אינסטנט פודינג תות 80 גרם כשל""פ","אסם השקעות בע""\מ",IL,"פודינג תות כשל""פ 80",גרמים,80.00,100 גרם,false,,5.90,0.0738,true,1,3905434
7290115206708,false,חטיף במבה נוגט אינסי,"אסם תעשיות בע""מ",IL,במבה נוגט 130 גר,גרמים,130.00,100 גרם,false,,8.90,0.0685,true,1,3901372
7290115206937,false,"מנה חמה רייס נודלס מוקפץ כשל""פ 55 גרם",תאי פרזידנט,TH,מנה חמה רייס נודלס מ,גרמים,55.00,100 גרם,false,,6.90,0.1255,true,1,3905435
7290115207163,false,פרפקטו ניוקי בזיליקום ושום אסם 500 גרם,איטלניוקי,IT,פרפקטו ניוקי בזיליקו,גרמים,500.00,100 גרם,false,,13.90,0.0278,true,1,3901374
7290115207286,false,"פרפקטו פסטה ספגטי ללא גלוטן 400 גרם כשל""פ",ניולט,IT,פרפקטו פסטה ספגטי לל,גרמים,400.00,100 גרם,false,,9.90,0.0248,true,1,3905437
7290115207323,false,"פרפקטו פסטה ספירלי ללא גלוטן 400 גרם כשל""פ",ניולט,IT,פרפקטו פסטה פוזילי ל,גרמים,400.00,100 גרם,false,,9.90,0.0248,true,1,3905438
7290115207460,false,צבר חציל פיקנטי היתר,מפעל צבר,IL,צבר חציל פיקנטי היתר,גרמים,360.00,100 גרם,false,,14.90,0.0414,true,1,3901375
7290115207545,false,עוגיות קרמוגית במילו,אסם,,קרמוגית קרם במבה אדו,גרמים,200.00,100 גרם,false,,10.90,0.0545,true,1,3903025
7290115207811,false,"טבעול נקניקיות טבעוניות, 418 גרם","טבעול תעשיות מזון בע""\מ",IL,נקניקיות טבעוניות 41,גרמים,418.00,100 גרם,false,,29.90,0.0715,true,1,3903028
7290115207880,false,סירופ ויטמינציק פטל 2 ליטר,בית השיטה עסיס תעשיו,IL,ויטמנצ'יק פטל 2 ליטר,מטרים,2000.00,100 מ'ל,false,,37.90,0.0189,true,1,3902576
7290115207903,false,סירופ ויטמינציק תפוח 2 ליטר,בית השיטה עסיס תעשיו,IL,ויטמנצ'יק תפוח 2 ליט,מטרים,2000.00,100 מ'ל,false,,37.90,0.0189,true,1,3902895
7290115207941,false,סירופ אננס ויטמינצ'יק 1 ליטר,בית-השיטה עסיס תעשיות מז,IL,ויטמינצ'יק אננס 1 לי,מטרים,1000.00,100 מ'ל,false,,19.90,0.0199,true,1,3903030
7290115207965,false,סירופ מנגו אפרסק ויטמינצ'יק 1 ליטר,בית-השיטה עסיס תעשיות מז,IL,ויטמינציק מנגו אפרסק,מטרים,1000.00,100 מ'ל,false,,19.90,0.0199,true,1,3903031
7290115207989,false,סירופ לימון ויטמינצ'יק 1 ליטר,בית-השיטה עסיס תעשיות מז,IL,ויטמינצ'יק לימון 1 ל,מטרים,1000.00,100 מ'ל,false,,19.90,0.0199,true,1,3903032
7290115208009,false,סירופ ענבים ויטמינצ'יק 1 ליטר,בית-השיטה עסיס תעשיות מז,IL,ויטמינצ'יק ענבים 1 ל,מטרים,1000.00,100 מ'ל,false,,19.90,0.0199,true,1,3903033
7290115208023,false,סירופ ויטמינציק ענבים 2 ליטר,,,ויטמנצ'יק ענבים 2 לי,מטרים,2000.00,100 מ'ל,false,,37.90,0.0189,true,1,3903034
7290115208047,false,סירופ פטל ויטמינצ'יק 1 ליטר,בית-השיטה עסיס תעשיות מז,IL,ויטמינצ'יק פטל 1 ליט,מטרים,1000.00,100 מ'ל,false,,19.90,0.0199,true,1,3903035
7290115208061,false,סירופ תפוח ויטמינצ'יק 1 ליטר,בית השיטה עסיס תעשיות מז,IL,ויטמינצ'יק תפוח 1 לי,מטרים,1000.00,100 מ'ל,false,,19.90,0.0199,true,1,3903036
7290115208634,false,"אסם קמח ללא גלוטן כשל""פ 400 גרם",אשבל מזון פונקציונלי בע\,IL,קמח רב תכליתי ללא גל,גרמים,400.00,100 גרם,false,,9.90,0.0248,true,1,3905439
7290115400700,false,מקלות מלוחים עם מלח אטלנטי ותבלינים רמי לוי,,,מקלות מלוחים עם מלח,גרמים,200.00,100 גרם,false,,14.90,0.0745,true,1,3894840
7290115402728,false,עוגיות קוקוס רמילוי,,,עוגיות קוקוס רמילוי,גרמים,600.00,100 גרם,false,,19.90,0.0332,true,1,3906914
7290115402735,false,עוגיות בוטנים רמילוי,,,עוגיות בוטנים רמילוי,גרמים,600.00,100 גרם,false,,19.90,0.0332,true,1,3906915
7290115402759,false,עוגיות בוטנים מצופה,,,עוגיות בוטנים מצופה,גרמים,600.00,100 גרם,false,,0.00,0.0000,true,1,3906917
7290115405002,false,עוגת פס ריבת חלב,,,עוגת פס ריבת חלב,גרמים,300.00,100 גרם,false,,24.90,0.0830,true,1,3885311
7290115410006,false,סלטי היום חומוס 200 גרם,סלטי היום - קפוא זן,,סלטי היום חומוס 200,גרמים,200.00,100 גרם,false,,6.90,0.0345,true,1,3891630
7290115410020,false,סלטי היום טורקי 200 גרם,,,סלטי היום טורקי 200,גרמים,200.00,100 גרם,false,,6.90,0.0345,true,1,3891631
7290115410044,false,סלטי היום כרוב אדום 200 גרם,סלטי היום - קפוא זן,,סלטי היום כרוב אדום,גרמים,200.00,100 גרם,false,,6.90,0.0345,true,1,3891633
7290115410051,false,סלטי היום מתבל חצילים 200 גרם,סלטי היום - קפוא זן,,סלטי היום חציל במיונ,גרמים,200.00,100 גרם,false,,6.90,0.0345,true,1,3891634
7290115410877,false,סלט כרוב אדום במיונז,,,כרוב אדום 400ג רמילו,גרמים,400.00,100 גרם,false,,8.90,0.0223,true,1,3894819
7290115410884,false,חציל על האש 400ג רמילוי,,,חציל על האש 400ג רמי,גרמים,400.00,100 גרם,false,,8.90,0.0223,true,1,3891421
7290115410891,false,חומוס מסבחה 400ג רמילוי,,,חומוס מסבחה 400ג רמי,גרמים,400.00,100 גרם,false,,8.90,0.0223,true,1,3894820
7290115410907,false,מטבוחה רמי לוי 400 ג,,,מטבוחה 400ג רמילוי,גרמים,400.00,100 גרם,false,,8.90,0.0223,true,1,3894821
7290115410914,false,חציל רומני 400ג רמילוי,,,חציל רומני 400ג רמיל,גרמים,400.00,100 גרם,false,,8.90,0.0223,true,1,3894822
7290115410921,false,חומוס ירושלמי 400ג רמילוי,,,חומוס ירושלמי 400ג ר,גרמים,400.00,100 גרם,false,,8.90,0.0223,true,1,3894823
7290115410938,false,טחינה רמי לוי 400 גר,,,טחינה 400ג רמילוי,גרמים,400.00,100 גרם,false,,8.90,0.0223,true,1,3894824
7290115410945,false,חומוס זעתר 400ג רמילוי,,,חומוס זעתר 400ג רמיל,גרמים,400.00,100 גרם,false,,8.90,0.0223,true,1,3894825
7290115410969,false,חומוס לפיתה 700ג רמילוי,,,חומוס לפיתה 700ג רמי,גרמים,700.00,100 גרם,false,,8.90,0.0127,true,1,3894826
7290115411157,false,חומוס עם חריף 400ג רמילוי,,,חומוס עם חריף 400ג ר,גרמים,400.00,100 גרם,false,,8.90,0.0223,true,1,3894827
7290115411454,false,חומוס ירושלמי המזטים,,,חומוס ירושלמי 250גר,גרמים,250.00,100 גרם,false,,7.90,0.0316,true,1,3891132
7290115411461,false,חומוס מסבחה ירוק 250גר רמילוי,,,חומוס מסבחה ירוק 250,גרמים,250.00,100 גרם,false,,7.90,0.0316,true,1,3901919
7290115411478,false,חומוס מסבחה חריף 250גר רמילוי,,,חומוס מסבחה חריף 250,גרמים,250.00,100 גרם,false,,7.90,0.0316,true,1,3901920
7290115411492,false,טחינה לבנה 250גר רמילוי,,,טחינה לבנה 250גר רמי,גרמים,250.00,100 גרם,false,,7.90,0.0316,true,1,3894829
7290115411560,false,חציל תאילנדי 250גר רמילוי,,,חציל תאילנדי 250גר ר,גרמים,250.00,100 גרם,false,,7.90,0.0316,true,1,3894830
7290115411577,false,חציל במיונז 250גר רמילוי,,,חציל במיונז 250גר רמ,גרמים,250.00,100 גרם,false,,7.90,0.0316,true,1,3894831
7290115411607,false,חציל בטעם כבד 250גר רמילוי,,,חציל בטעם כבד 250גר,גרמים,250.00,100 גרם,false,,14.90,0.0596,true,1,3894833
7290115411638,false,קוביות חציל בטחינה 250גר רמילוי,,,קוביות חציל בטחינה 2,גרמים,250.00,100 גרם,false,,7.90,0.0316,true,1,3894835
7290115413083,false,חומוס אבו גוש עם גרגירים רמילוי,,,חומוס אבו גוש עם גרג,גרמים,250.00,100 גרם,false,,7.90,0.0316,true,1,3901921
7290115480009,false,"מרכך כביסה מרוכז פרש קונטרול ירוק 900 מ""ל סוד",הנקל סוד,IL,סוד מרכך מרוכז פרש י,מיליליטרים,900.00,"100 מ""ל",false,,11.90,0.0132,true,1,3898108
7290115640199,false,פתיל צף עגול קטן מוכן - 44 בקופסה,,,פתיל צף עגול קטן מוכ,יח',1.00,יח',false,,3.90,3.9000,true,1,3886602
7290115670561,false,ממרחית בטעם חלב 500 גרם,"שטראוס גרופ בע""\מ",IL,ממרחית- בטעם חלב 500,גרמים,500.00,100 גרם,false,,9.90,0.0198,true,1,3892252
7290115670578,false,ממרחית בטעם שוקולד 500 ג,"שטראוס גרופ בע""\מ",IL,ממרחית- ממרח שוקולד,גרמים,500.00,100 גרם,false,,9.90,0.0198,true,1,3892253
7290115670752,false,"מארז קפה נמס וכוס 200 גרם כשל""פ",הנסיך- מפעל לייצור ט,IL,מארז קפה נמס וכוס לד,גרמים,200.00,100 גרם,false,,0.00,0.0000,true,1,3892258
7290115670844,false,מיני פרה ללא סוכר שק,,,"שקית מיני פרה ללת""ס",גרמים,208.00,100 גרם,false,,18.50,0.0889,true,1,3901361
7290115670868,false,שקית מיני כיף כף ללת,"שטראוס גרופ בע""\מ",IL,שקית מיני כיף כף ללת,גרמים,200.00,100 גרם,false,,18.80,0.0940,true,1,3892261
7290115671155,false,שלישיית סוכריות מאסט FRESH ענבים 45 גרם,הליקון גידה,TR,שלישיית סוכריות פרש,יח',1.00,יח',false,,7.90,7.9000,true,1,3901794
7290115671179,false,מסטיק מאסט בטעם קרטי,,,מסטיק קרטיב רמזור 66,גרמים,66.00,100 גרם,false,,9.90,0.1500,true,1,3892265
7290115671223,false,מסטיק מאסט פאן אבטיח מנגו צנצנת 58 גרם,אסקום קונפקשיין,DE,מאסט פאן אבטיח מנגו,גרמים,58.00,100 גרם,false,,9.90,0.1707,true,1,3901795
7290115671308,false,מסטיק מאסט פאן בצנצנת תות דובדבן,אסקום קונפשטיין,DE,מאסט פאן תות דובדבן,גרמים,58.00,100 גרם,false,,9.90,0.1707,true,1,3901796
7290115671339,false,מיני פינוקיות בראוניז בייגל בוטן עלית 180 ג' עלית,"הגביע מוצרי ופלים בע""\מ",IL,עלית מיני פנוקיות בי,גרמים,180.00,100 גרם,false,,9.90,0.0550,true,1,3892268
7290115671346,false,מיני פינוקיות טופי קרמל מלוח עלית 180 גרם,"הגביע מוצרי ופלים בע""\מ",IL,עלית מיני פינוקיות ק,גרמים,180.00,100 גרם,false,,9.90,0.0550,true,1,3892269
7290115671353,false,מיני פינוקיות עוגיות קקאו במילוי קרם בטעם וניל,"הגביע מוצרי ופלים בע""\מ",IL,מיני פינוקיות שחור ל,גרמים,180.00,100 גרם,false,,9.90,0.0550,true,1,3901797
7290115673135,false,שוקולד פרה חלב עדשים,STRAUSS-ISRAEL,IL,שוקולד פרה חלב עדשים,גרמים,100.00,100 גרם,false,,4.90,0.0490,true,1,3892274
7290115673975,false,ספלנדיד צאנקס בלונדי עם אגוזים ושקדים,"שטראוס גרופ בע""\מ",IL,ספלנדיד צ'אנקס חלב 3,גרמים,95.00,100 גרם,false,,11.90,0.1253,true,1,3897792
7290115675696,false,דגני בוקר קראנצ'ים שיבולת שועל עם אגוזים ושקדים,גלידות שטראוס,PL,קוואקר קרוזלי אגוזים,גרמים,375.00,100 גרם,false,,19.80,0.0528,true,1,3892858
7290115675702,false,דגני בוקר קראנצ'ים שיבולת שועל עם פירות מיובשים,גלידות שטראוס,PL,קוואקר קרוזלי פירות,גרמים,375.00,100 גרם,false,,19.80,0.0528,true,1,3892859
7290115675764,false,עלית קפסולות אתיופיה נספרסו 50 גר',הנסיך- מפעל לייצור ט,IL,קפסולות מס 8 אתיופיה,גרמים,50.00,100 גרם,false,,15.90,0.3180,true,1,3901798
7290115675986,false,דנונה יוגורט בר עם אגוזים מקורמלים 173 גרם,"שטראוס בריאות בע""\מ",IL,דנונה בר עם אגוזים מ,מיליליטרים,180.00,"100 מ""ל",false,,4.30,0.0239,true,1,3893372
7290115676020,false,דנונה בר בזוקה עם פצ,מיוצר עי קונדיטוריית,IL,דנונה בר בזוקה עם פצ,מטרים,173.00,100 מ'ל,false,,4.30,0.0249,true,1,3900835
7290115676037,false,דנונה ריפרש יוגורט עם תות ודומדמניות 1.6% שומן,מיוצר עי קונדיטוריית,IL,דנונה ריפרש תות דומד,גרמים,250.00,100 גרם,false,,4.90,0.0196,true,1,3893374
7290115676044,false,יוגורט+אפרסק+מנגו250גרם,מיוצר עי קונדיטוריית,IL,דנונה ריפרש ריפרש מנ,גרמים,250.00,100 גרם,false,,4.90,0.0196,true,1,3893375
7290115676082,false,משקה דנונה פרו 20 יוגורט תות 255 ג' רבנות,"שטראוס בריאות בע""\מ.",IL,משקה דנונה פרו 20 תו,יח',1.00,יח',false,,6.90,6.9000,true,1,3893376
7290115676099,false,משקה דנונה פרו 20 יוגורט וניל 255 ג' רבנות,"שטראוס בריאות בע""\מ.",IL,דנונה פרו משקה וניל,גרמים,265.00,100 גרם,false,,6.90,0.0260,true,1,3893377
7290115676273,false,אבקת קקאו עלית 500 גרם+ 10% תוספת,שטראוס קפה בי.וי.,IL,קקאו 550 גרם,גרמים,550.00,100 גרם,false,,23.90,0.0435,true,1,3892286
7290115676990,false,תפוצ'יפס מלח&חומץ 50 גרם,"שטראוס פריטו ליי בע""\מ )",IL,תפוציפס 50 גרם,יח',1.00,יח',false,,3.50,3.5000,true,1,3892862
7290115677430,false,אורז צ'אזה 350גרם,,,אורז צ'אזה 350גרם,גרמים,350.00,100 גרם,false,,26.90,0.0769,true,1,3897622
7290115677485,false,ציטוס קראנץ פלמין הו,STRAUSS-ISRAEL,,ציטוס קראנץ פלמין הו,גרמים,80.00,100 גרם,false,,4.20,0.0525,true,1,3892866
7290115677966,false,ממרח אבוקדו טעם הטבע 200 גרם,ג'י. אר. סימפלוט,MX,ממרח אבוקדו שטראוס,גרמים,200.00,100 גרם,false,,14.90,0.0745,true,1,3898002
7290115678048,false,טחינה קרם חציל 235 גרם,"שטראוס גרופ בע""\מ",IL,טחינה קרם חציל 235 ג,יח',1.00,יח',false,,8.90,8.9000,true,1,3893387
7290115678215,false,דנונה פרו ויטD וסידן200ג,"שטראוס בריאות בע""\מ",IL,דנונה פרו 20גר סידן,גרמים,200.00,100 גרם,false,,6.20,0.0310,true,1,3893392
7290115678376,false,מעדן הגולן שוקולד 125 גרם,מיוצר עי קונדיטוריית,IL,מעדן הגולן שוקולד 12,גרמים,125.00,100 גרם,false,,2.80,0.0224,true,1,3891232
7290115678383,false,מעדן הגולן שוקולד מריר 125 גרם,מיוצר עי קונדיטוריית,IL,מעדן הגולן שוקולד מר,גרמים,125.00,100 גרם,false,,2.80,0.0224,true,1,3893397
7290115678666,false,נשנוש טחינה קרם חציל,"שטראוס גרופ בע""מ",IL,אחלה נשנוש טחינה קרם,גרמים,110.00,100 גרם,false,,9.90,0.0900,true,1,3900801
7290116051109,false,מגש פרח מחולק שקוף,,,מגש פרח מחולק שקוף,יח',1.00,יח',false,,5.90,5.9000,true,1,3904785
7290116051277,false,רומא מזלג מנטה (10יח'),,,רומא מזלג מנטה (10יח,יח',1.00,יח',false,,3.90,3.9000,true,1,3906121
7290116051321,false,רומא סכין ורוד עתיק (10יח'),,,רומא סכין ורוד עתיק,יח',1.00,יח',false,,3.90,3.9000,true,1,3906126
7290116051345,false,רומא כפית ורוד עתיק (10יח'),,,רומא כפית ורוד עתיק,יח',1.00,יח',false,,3.90,3.9000,true,1,3906128
7290116054230,false,מארז 50 צלחות לבן 8.5' בסט וליו,,,מארז 50 צלחות לבן 8.,יח',1.00,יח',false,,0.00,0.0000,true,1,3907555
7290116054247,false,מארז 50 צלחות קרם 8.5' בסט וליו,,,מארז 50 צלחות קרם 8.,יח',1.00,יח',false,,0.00,0.0000,true,1,3907556
7290116054568,false,צלחת מרכזית 30 יח בס,,,צלחת מרכזית 30 יח בס,יח',30.00,יח',false,,16.90,0.5633,true,1,3905485
7290116055664,false,כוסות שתיה חמה 40 יחידות,,,כוסות שתיה חמה 40 יח,יח',1.00,יח',false,,0.00,0.0000,true,1,3907792
7290116056296,false,צלחת 9' קרם (50 יח') בסט וליו,,,צלחת 9 קרם 50יח בסט,יח',1.00,יח',false,,19.90,19.9000,true,1,3904465
7290116056302,false,צלחת 9' לבן (50 יח') בסט וליו,,,צלחת 9 לבן 50יח בסט,יח',1.00,יח',false,,19.90,19.9000,true,1,3904466
7290116056968,false,מטליות 50יח לניקוי וחיטוי 99.9%,,,מטליות 50יח לניקוי ו,יח',1.00,יח',false,,6.90,6.9000,true,1,3898141
7290116057002,false,סכין מנטה כסף 10יח,,,סכין מנטה כסף 10יח,יח',1.00,יח',false,,9.90,9.9000,true,1,3894588
7290116057019,false,מזלג מנטה כסף 10יח,,,מזלג מנטה כסף 10יח,יח',1.00,יח',false,,9.90,9.9000,true,1,3894589
7290116057026,false,כף מנטה כסף 10יח,,,כף מנטה כסף 10יח,יח',1.00,יח',false,,9.90,9.9000,true,1,3894590
7290116057101,false,מזלג 10 יח' שחור זהב,,,מזלג 10 יח' שחור זהב,יח',1.00,יח',false,,9.90,9.9000,true,1,3901639
7290116057118,false,כף (10יח') שחור זהב,,,כף 10 יח' שחור זהב,יח',1.00,יח',false,,9.90,9.9000,true,1,3901640
7290116057170,false,מפיות דגם 1453,,,מפיות דגם 1453,יח',1.00,יח',false,,4.90,4.9000,true,1,3898144
7290116057576,false,"נעלי בית נשים (36-41) לאופרד קרם,ורוד/חום",,,נעלי בית נשים,יח',1.00,יח',false,,49.90,49.9000,true,1,3895735
7290116057590,false,כיסוי לכיסא שיש לבן,,,כיסוי לכיסא שיש לבן,יח',1.00,יח',false,,14.90,14.9000,true,1,3895737
7290116057682,false,בקבוק ספורט 700מל מנ,,,בקבוק ספורט 700מל מנ,יח',1.00,יח',false,,29.90,29.9000,true,1,3891273
7290116057699,false,בקבוק ספורט 700מל סג,,,בקבוק ספורט 700מל סג,יח',1.00,יח',false,,29.90,29.9000,true,1,3895745
7290116057705,false,בקבוק ספורט 700מל אד,,,בקבוק ספורט 700מל אד,יח',1.00,יח',false,,29.90,29.9000,true,1,3895746
7290116057798,false,בקבוק גלשן 450מ,,,בקבוק גלשן 450מ,יח',1.00,יח',false,,29.90,29.9000,true,1,3895753
7290116058139,false,טוסקנה צלחת 9 ורוד עתיק 10יח,,,טוסקנה צלחת 9 ורוד ע,יח',1.00,יח',false,,15.90,15.9000,true,1,3894598
7290116058146,false,טוסקנה צלחת 10' ורוד,,,טוסקנה צלחת 10' 10יח,יח',1.00,יח',false,,22.90,22.9000,true,1,3894599
7290116058207,false,טוסקנה צלחת 7' לבן 10יח,,,טוסקנה צלחת 7' לבן 1,יח',1.00,יח',false,,10.90,10.9000,true,1,3891415
7290116058221,false,טוסקנה צלחת 10' לבן 10יח,,,טוסקנה צלחת 10' לבן,יח',1.00,יח',false,,22.90,22.9000,true,1,3894606
7290116058252,false,טוסקנה אובלי קטן לבן 10יח,,,טוסקנה אובלי קטן לבן,יח',1.00,יח',false,,8.90,8.9000,true,1,3890439
7290116058276,false,טוסקנה אובלי גדול 3יח,,,טוסקנה אובלי גדול 3י,יח',1.00,יח',false,,8.90,8.9000,true,1,3894610
7290116058290,false,טוסקנה אובלי גדול לבן 3יח,,,טוסקנה אובלי גדול לב,יח',1.00,יח',false,,8.90,8.9000,true,1,3894612
7290116058580,false,"מפות גליל ורוד 16מ 1.2ס""מ",,,מפות גליל ורוד 16מ 1,יח',1.00,יח',false,,32.90,32.9000,true,1,3898162
7290116058634,false,מפיות עגולות דגם 1373,,,מפיות עגולות דגם 137,יח',1.00,יח',false,,4.90,4.9000,true,1,3901895
7290116059570,false,מפיות דגם 1391,,,מפיות דגם 1391,יח',1.00,יח',false,,4.90,4.9000,true,1,3901913
7290116059600,false,כפפות ויטריל שחור S רמי לוי,,,כפפות ויטריל שחור S,יח',1.00,יח',false,,18.90,18.9000,true,1,3903111
7290116059631,false,כפפות ויטריל שחור XL,,,כפפות ויטריל שחור XL,יח',1.00,יח',false,,18.90,18.9000,true,1,3903114
7290116059693,false,פלייסמנט נוצות כסף,,,פלייסמנט נוצות כסף,יח',1.00,יח',false,,7.90,7.9000,true,1,3904477
7290116059716,false,פלייסמנט רשת רוז גול,,,פלייסמנט רשת רוז גול,יח',1.00,יח',false,,7.90,7.9000,true,1,3904479
7290116059730,false,פלייסמנט פרח כסף,,,פלייסמנט פרח כסף,יח',1.00,יח',false,,7.90,7.9000,true,1,3904481
7290116059747,false,פלייסמנט פרח שחור,,,פלייסמנט פרח שחור,יח',1.00,יח',false,,7.90,7.9000,true,1,3904482
7290116059785,false,פלייסמנט עלה 12יח זה,,,פלייסמנט עלה 12יח זה,יח',1.00,יח',false,,7.90,7.9000,true,1,3904486
7290116059792,false,פלייסמנט עלה 12יח כס,,,פלייסמנט עלה 12יח כס,יח',1.00,יח',false,,7.90,7.9000,true,1,3904487
7290116059839,false,פלייסמנט עיגולים 12י,,,פלייסמנט עיגולים 12י,יח',1.00,יח',false,,7.90,7.9000,true,1,3904491
7290116059860,false,פלייסמנט עיגולים מלבן,,,פלייסמנט עיגולים מלב,יח',1.00,יח',false,,7.90,7.9000,true,1,3904494
7290116071480,false,כבל 1M iPhone NEW VIMAX לבן ^,,,כבל 1M iPhone NEW VI,יח',1.00,יח',false,,14.90,14.9000,true,1,3890878
7290116071497,false,כבל 1M TYPE C NEW VIMAX לבן ^,,,כבל 1M TYPE C NEW VI,יח',1.00,יח',false,,19.90,19.9000,true,1,3890431
7290116071503,false,כבל 1M MICRO USB NEW VIMAX לבן ^,,,כבל 1M MICRO USB NEW,יח',1.00,יח',false,,14.90,14.9000,true,1,3889989
7290116071558,false,כבל USB 3IN1 NEW VIMAX גלקסי & אייפון & TYPE-C,,,כבל USB 3IN1 NEW VIM,יח',1.00,יח',false,,19.90,19.9000,true,1,3894244
7290116071565,false,אוזניה NEW VIMAX דגם אייפון לבן ^,,,אוזניה NEW VIMAX דגם,יח',1.00,יח',false,,29.90,29.9000,true,1,3891121
7290116071572,false,אוזניה NEW VIMAX דגם גלקסי S6 לבן ^,,,אוזניה NEW VIMAX דגם,יח',1.00,יח',false,,19.90,19.9000,true,1,3894245
7290116071626,false,אוזניה סטריאו NEW VIMAX כחול ^,,,אוזניה סטריאו NEW VI,יח',1.00,יח',false,,49.90,49.9000,true,1,3894250
7290116071749,false,מטען קיר ראש + כבל 2.1A TYPE C,,,מטען קיר ראש + כבל 2,יח',1.00,יח',false,,49.90,49.9000,true,1,3894261
7290116071824,false,זרוע Magnetic Windshield Arm Mount NEW VIMAX ^,,,זרוע Magnetic Windsh,יח',1.00,יח',false,,49.90,49.9000,true,1,3894269
7290116071855,false,תכשיט NEW VIMAX טבעות מעוצבות/פופסוקט,,,תכשיט NEW VIMAX טבעו,יח',1.00,יח',false,,9.90,9.9000,true,1,3894272
7290116073057,false,מטען קיר ראש 20 וואט,,,מטען קיר VIMAX,יח',1.00,יח',false,,54.90,54.9000,true,1,3891250
7290116073064,false,מטען רכב NEW VIMAX ראש 2 יציאות,,,מטען רכב NEW VIMAX ר,יח',1.00,יח',false,,54.90,54.9000,true,1,3898076
7290116073071,false,אוזניה NEW RL דגם גלקסי S8,,,אוזניה NEW RL דגם גל,יח',1.00,יח',false,,29.90,29.9000,true,1,3891400
7290116073095,false,כבל Type C מטר,,,כבל Type C מטר,יח',1.00,יח',false,,14.90,14.9000,true,1,3894274
7290116073132,false,כבל אייפון 1 מטר,,,כבל אייפון 1 מטר,יח',1.00,יח',false,,14.90,14.9000,true,1,3894275
7290116073149,false,מטען קיר ראש 2.1A,,,מטען קיר ראש 2.1A,יח',1.00,יח',false,,29.90,29.9000,true,1,3890432
7290116073156,false,מטען קיר גלקסי 2.1A + יציאת USB נוספת,,,מטען קיר גלקסי 2.1A,יח',1.00,יח',false,,39.90,39.9000,true,1,3891122
7290116511641,false,גרבי גבר (2) למטיילים,,,גרבי גבר (2) למטיילי,יח',1.00,יח',false,,20.00,20.0000,true,1,3898277
7290116511733,false,גרבי נשים (2) שניל,,,גרבי נשים (2) שניל,יח',1.00,יח',false,,29.90,29.9000,true,1,3899475
7290116511788,false,גרבי נשים (3) נגד החלקה ארומה,,,גרבי נשים (3) נגד הח,יח',1.00,יח',false,,29.90,29.9000,true,1,3899476
7290116511795,false,גרבי נשים (1) נגד החלקה,,,גרבי נשים (1) נגד הח,יח',1.00,יח',false,,17.90,17.9000,true,1,3898279
7290116511870,false,גרביון נשים טרמי ללא כף רגל,,,גרביון נשים טרמי ללא,יח',1.00,יח',false,,24.90,24.9000,true,1,3898280
7290116530062,false,רוטב ויניגרט לסלט הלמנס 295 גרם,יוניליוור ישראל מזון בע\,IL,הלמנס רוטב לסלט ויני,מטרים,295.00,100 מ'ל,false,,9.90,0.0336,true,1,3892557
7290116530116,false,קליק שלישיית ברים שוקולד נוגט לבן 105 גרם,,,קליק חטיף OK נוגט בצ,יח',1.00,יח',false,,9.90,9.9000,true,1,3892559
7290116530185,false,"קורנפלקס דלישקד קרמל מלוח 400 גרם בד""ץ","יוניליוור שפע ישראל בע""\",IL,קורנפלקס דלישקד קרמל,גרמים,400.00,100 גרם,false,,19.90,0.0497,true,1,3892564
7290116530215,false,דאודרנט סטיק לגבר דרק טמפטיישן 76 ג' אקס,יוניליוור פארם,US,דאו אקס סטיק לגבר דר,גרמים,76.00,100 גרם,false,,19.90,0.2618,true,1,3892565
7290116530239,false,אקס דאו סטיק לגבר בלאק 7 גרם,יוניליוור פארם,US,דאו אקס סטיק בלאק 77,גרמים,76.00,100 גרם,false,,19.90,0.2618,true,1,3892566
7290116530260,false,דגני בוקר שוגי קקאו400גר,"יוניליוור שפע ישראל בע""\",IL,שוגי קקאו 400 גר,גרמים,400.00,100 גרם,false,,15.90,0.0398,true,1,3892567
7290116530482,false,תלמה מארז קורנפלקס אלופים 30 גרם*5 יחידו,פרו מן-יו פתרנות ארי,IL,קורנפלקס אלופים 5*30,גרמים,150.00,100 גרם,false,,9.90,0.0660,true,1,3892573
7290116531021,false,"שוקולד חלב ורד הגליל 100 גרם כשל""פ",יוניליוור ישראל מזון,IL,ורד הגליל שוקולד חלב,גרמים,100.00,100 גרם,false,,4.90,0.0490,true,1,3892579
7290116531038,false,"שוקולד מריר 60% ורד הגליל 100 גרם כשל""פ",יוניליוור ישראל מזון,IL,ורד הגליל שוקולד מרי,גרמים,100.00,100 גרם,false,,4.90,0.0490,true,1,3892580
7290116531045,false,קורנפלקס דליפקאן 350ג ללא גלוטן,"מולינו ניקולי ,S.p.A ויה",IT,קורנפלקס דליפקאן 350,גרמים,350.00,100 גרם,false,,19.90,0.0569,true,1,3905441
7290116531083,false,"ברנפלקס ללא ת.סוכר בטעם דבש בתוספת שקדים, 400 גרם","יוניליוור שפע ישראל בע""\",IL,"ברנפלקס ללת""ס שקדים",גרמים,400.00,100 גרם,false,,19.90,0.0497,true,1,3897899
7290116531137,false,קנור מרק עשיר תאילנד,יוניליוור ישראל מזון,IL,קנור מרק עשיר תאילנד,גרמים,65.00,100 גרם,false,,11.90,0.1831,true,1,3892583
7290116531250,false,פינוק שמפו למניעת קשקשים עם תמציות צמחים,יוניליוור ישראל טיפוח אי,IL,פינוק שמפו נגד קשקשי,מיליליטרים,770.00,"100 מ""ל",false,,12.90,0.0168,true,1,3900718
7290116531519,false,קוקומן ט.שוקו בננה375גרם,"יוניליוור שפע ישראל בע""\",IL,קוקומן שוקו בננה 475,גרמים,475.00,100 גרם,false,,18.90,0.0398,true,1,3897902
7290116531540,false,"קורנפלקס דבש 375 גרם כשל""פ רבנות","מולינו ניקולי ,S.p.A ויה",IT,קורנפלקס דבש 375 גר-,גרמים,375.00,100 גרם,false,,14.50,0.0387,true,1,3906427
7290116531557,false,"פריכיות פתית תירס עם מלח 150 גרם כשל""פ",גוד פוד פרודקטס Sp.zo.o,PL,פתית פריכיות תירס דק,גרמים,150.00,100 גרם,false,,9.90,0.0660,true,1,3902378
7290116531564,false,מאגדת פתית פריכיות תירס דקות עם קינואה ובזיליקום 150 ג',גוד פוד פרודקטס,PL,פתית פריכיות תירס דק,גרמים,150.00,100 גרם,false,,9.90,0.0660,true,1,3902379
7290116531656,false,"מרכך פינוק לשיער בניחוח תפוח 700 מ""ל",יוניליוור ישראל טיפוח אי,IL,פינוק מרכך ניחוח תפו,מיליליטרים,700.00,"100 מ""ל",false,,11.90,0.0170,true,1,3892588
7290116531724,false,מאגדת חטיפי שוגי שוק,יוניליוור,IL,חטיף דגנים שוגי שוקו,גרמים,130.00,100 גרם,false,,9.90,0.0762,true,1,3905442
7290116531731,false,"חט.שוגי שוק.לבן כשל""פ5יח","טחנת האבן תעשיות בע""\מ,",IL,חטיף דגנים שוגי שוקו,גרמים,130.00,100 גרם,false,,9.90,0.0762,true,1,3905443
7290116531748,false,קליק שוקו מיקס חום לבן כשר לפסח 65 גרם,"דרך השוקולד ,1 צפת 13404",IL,קליק שוקו מיקס חום ל,גרמים,65.00,גרם,false,,4.90,0.0754,true,1,3905444
7290116531793,false,הלמנ'ס רוטב לסלט קיסר 295 גרם,יוניליוור ישראל מזון בע\,IL,הלמנס רוטב לסלט קיסר,מיליליטרים,295.00,"100 מ""ל",false,,9.90,0.0336,true,1,3897903
7290116531816,false,תחליב רחצה 700 שייק מייפל קקאו ופרלינים,יוניליוור ישראל טיפוח אי,IL,פינוק תחליב רחצה מיי,מיליליטרים,750.00,"100 מ""ל",false,,9.90,0.0132,true,1,3897905
7290116531922,false,דג דג חטיף ט.קטשופ235גרם,"דרך השוקולד ,1 צפת 13404",IL,בייגלה דגדג קטשופ 23,גרמים,235.00,100 גרם,false,,9.90,0.0421,true,1,3901381
7290116532011,false,קליק אוקיי נוגט בציפוי שוקולד חלב 35 גרם,תות תעשיות מזון (2014) ב,IL,קליק חטיף OK נוגט 35,גרמים,35.00,גרם,false,,3.90,0.1114,true,1,3905445
7290116532035,false,קליק קורנפלקס חום לבן כשר לפסח 65 גרם,"דרך השוקולד ,1 צפת 13404",IL,קליק קורנפלקס כשלפ,גרמים,65.00,גרם,false,,4.90,0.0754,true,1,3905447
7290116532042,false,קליק כריות נוגט כשר לפסח 65 גרם,"דרך השוקולד 1, צפת 1",IL,קליק כריות נוגט כשלפ,גרמים,65.00,100 גרם,false,,4.90,0.0754,true,1,3905448
7290116532370,false,"בדין אקסטרה, זוג 2 * 960 מ""ל יסמין",יוניליוור סנאיי וי טיקאר,IL,מארז זוגות בדין אקסט,ליטרים,4.00,ליטר,false,,24.90,6.2250,true,1,3905449
7290116930077,false,יוגורט יופלה דיאט אפרסק פסיפלורה 0% שומן,"תנובה בע""מ",IL,יוגורט יופלה דיאט אפ,גרמים,150.00,100 גרם,false,,4.70,0.0313,true,1,3903010
7290116930329,false,יופלה יוגורט בטעם ונ,"תנובה בע""\מ",IL,יופלה אוללה וניל פיר,גרמים,150.00,100 גרם,false,,4.50,0.0300,true,1,3902377
7290117260678,false,תן בו וניל בציפוי שו,,DK,תן בו וניל בציפוי שו,יח',1.00,יח',false,,9.90,9.9000,true,1,3900826
7290117900826,false,חמצוצים בטעם קולה 180 גרם רמי לוי,,,חמצוצים בטעם קולה 18,גרמים,180.00,100 גרם,false,,0.00,0.0000,true,1,3906480
7290117900833,false,חמצוצים בטעם תות בננה 180 גרם רמי לוי,,,חמצוצים בטעם תות בננ,גרמים,180.00,100 גרם,false,,0.00,0.0000,true,1,3906481
7290117900840,false,חמצוצים בטעם תות 180 גרם רמי לוי,,,חמצוצים בטעם תות 180,גרמים,180.00,100 גרם,false,,8.90,0.0494,true,1,3906482
7290117900857,false,חמצוצים בטעם אוכמניות 180 גרם רמי לוי,,,חמצוצים בטעם אוכמניו,גרמים,180.00,100 גרם,false,,8.90,0.0494,true,1,3906483
7290117900864,false,חמצוצים בטעם פירות 180 גרם רמי לוי,,,חמצוצים בטעם פירות,גרמים,180.00,100 גרם,false,,8.90,0.0494,true,1,3906484
7290117900871,false,מגש סוכריות גומי 700 גרם רמי לוי,,,מגש סוכריות גומי 700,גרמים,700.00,100 גרם,false,,28.90,0.0413,true,1,3906485
7290616784039,false,טחינה פרימיום משומשו,,,טחינה פרימיום משומשו,גרמים,500.00,100 גרם,false,,11.90,0.0238,true,1,3897157
7291044052893,false,שואב אבק ידני יונדא,,,שואב אבק ידני יונדא,יח',1.00,יח',false,,119.90,119.9000,true,1,1321636
7291044056006,false,טוסטר לחיצה נירוסטה,,,טוסטר לחיצה נירוסטה,יח',1.00,יח',false,,149.90,149.9000,true,1,2332675
7291044059472,false,מטחנת קפה יונדאי 120,,,מטחנת קפה יונדאי 120,יח',1.00,יח',false,,79.90,79.9000,true,1,1321672
7291044061505,false,קומקום חשמלי יונדאי שחור 2 ל,,IL,קומקום חשמלי שחור 2,יח',1.00,יח',false,,59.90,59.9000,true,1,1321673
7291044061642,false,מצנם ל-2 פרוסות יונד,,,מצנם ל-2 פרוסות יונד,יח',1.00,יח',false,,89.90,89.9000,true,1,1321679
7291044068696,false,כירה חשמלית-בודדת/נירוסטה 1500W,,,כירה חשמלית-בודדת/ני,יח',1.00,יח',false,,99.90,99.9000,true,1,3891482
7291044070989,false,רבעיית סוללות אלקליין רמי לוי AA,,,רבעיית סוללות אלקליי,יח',4.00,יח',false,,4.90,1.2250,true,1,1347436
7291044077209,false,מארז סוללות רמי לוי,,,מארז סוללות 12 יח,יח',12.00,יח',false,,14.90,1.2417,true,1,2156997
7291044082944,false,כירה חשמלית קרמית כפ,,,*מבצע* כירה חשמלית ק,יח',1.00,יח',false,,299.90,299.9000,true,1,3763794
7291044083293,false,קומקום זכוכית שחור 1.7 יונדאי,,,*מבצע* קומקום זכוכית,יח',1.00,יח',false,,79.90,79.9000,true,1,3293779
7291044083309,false,קומקום זכוכית לבן 1.7 יונדאי,,,*מבצע* קומקום זכוכית,יח',1.00,יח',false,,79.90,79.9000,true,1,3293780
7291044094572,false,משקל אדם דיגיטלי יונדאי דק,יונדאי Hyundai,IL,משקל אדם דיגיטלי דק,יח',1.00,יח',false,,49.90,49.9000,true,1,3891492
7291044097542,false,בלנדר חשמלי 450W יונדאי,,IL,*מבצע* בלנדר חשמלי 4,יח',1.00,יח',false,,99.90,99.9000,true,1,3891498
7291044097580,false,טוסטר אובן שחור יונד,,,טוסטר אובן שחור יונד,יח',1.00,יח',false,,299.90,299.9000,true,1,3891040
7291044098877,false,משקל מטבח דיגיטלי יונדאי,,,משקל מטבח דיגיטלי HY,יח',1.00,יח',false,,49.90,49.9000,true,1,3891506
7296058000298,false,מארז פריכיות 310ג רמילוי,,,מארז פריכיות 310ג רמ,גרמים,300.00,100 גרם,false,,13.50,0.0450,true,1,3871587
7296058000519,false,פריכיות כוסמת דל נתרן 130 גרם,"פרח תעשיות מזון בע""מ.",IL,פרכיות פרח כוסמת דל,גרמים,130.00,100 גרם,false,,7.80,0.0600,true,1,3870955
7296058000526,false,פריכיות כוסמת פרח 160 גרם,פרח תעשיות,IL,פרח פריכיות 100% כוס,גרמים,130.00,100 גרם,false,,7.70,0.0592,true,1,1352685
7296155149791,false,נפת קוסקוס,,,נפת קוסקוס,יח',1.00,יח',false,,29.90,29.9000,true,1,2180148
7296155151305,false,נפת משי כשרה,,,נפת משי כשרה,יח',1.00,יח',false,,29.90,29.9000,true,1,1347465
7296168000300,false,מסיר לק ללא אצטון 200מל רמילוי,,,מסיר לק ללא אצטון 20,מיליליטרים,200.00,"100 מ""ל",false,,9.90,0.0495,true,1,3884084
7296168000324,false,מסיר לק 200מל רמילוי,,,מסיר לק 200מל רמילוי,מיליליטרים,200.00,"100 מ""ל",false,,9.90,0.0495,true,1,3884085
7296168009259,false,מוצץ אורטודנטי כתום,מוצצי סוויטי,IL,מוצץ אורטודנטי כתום,יח',1.00,יח',false,,39.90,39.9000,true,1,1382737
7296168010590,false,פדים להסרת איפור 80*,,,צמר גפן דיסקיות,יח',1.00,יח',false,,16.60,16.6000,true,1,3832831
7296168011061,false,כוס שתייה + קשית,,,כוס שתייה + קשית,יח',1.00,יח',false,,3.90,3.9000,true,1,1355930
7296168014826,false,מברשת לצחצוח נעליים,איתן,,מברשת לצחצוח נעליים,יח',30.00,יח',false,,6.90,0.2300,true,1,3860842
7296168015519,false,סדין שעוונית,,,סדין שעוונית,יח',1.00,יח',false,,14.90,14.9000,true,1,1355937
7296168015786,false,זוג כפיות רכות לתינוק צבעים שונים,איתן ספקים E,,זוג כפיות רכות לתינו,יח',2.00,יח',false,,10.90,5.4500,true,1,1355939
7296168035012,false,צמר גפן אורגני רמילוי,,,צמר גפן אורגני רמילו,יח',1.00,יח',false,,6.90,6.9000,true,1,3894950
7296168089015,false,סוויטי שרשרת סרט למוצץ,סוויטי,IL,סווטי שרשרת למוצץ סר,מיליליטרים,250.00,"100 מ""ל",false,,19.90,0.0796,true,1,1870105
7296168089077,false,אצבעון לצחצוח שניים יח',סוויטי,CN,נשכן אצבעון לתינוקות,יח',1.00,יח',false,,14.90,14.9000,true,1,3894701
7296168089176,false,קוצץ ציפורניים לתינוק,NEAVITA,IL,קוצץ ציפורניים לתינו,יח',1.00,יח',false,,15.90,15.9000,true,1,2673995
7296168089381,false,נשכן סיליקון סנאי,,,נשכן סיליקון סנאי,יח',1.00,יח',false,,24.90,24.9000,true,1,3894704
7296168100079,false,ערכה לבדיקת היריון,איתן,,ערכה לבדיקת היריון,יח',1.00,יח',false,,12.90,12.9000,true,1,1355953
7296168106170,false,קיסמי שיניים חוט כפול,,,קיסמי שיניים חוט כפו,יח',1.00,יח',false,,9.90,9.9000,true,1,3871981
7296168106187,false,קיסמי שיניים זווית,,,קיסמי שיניים זווית,יח',1.00,יח',false,,9.90,9.9000,true,1,3871982
7296168154232,false,שקיות איחסון חלב אם 25 יחידות,איתן ספקים E,CN,שקיות איחסון חלב אם,יח',25.00,יח',false,,22.90,0.9160,true,1,1355967
7296168158766,false,"אלכוהול 70% 100 מ""ל",ש.שוורץ,CN,אלכוהול 70%,קילו,100.00,קילו,false,,9.90,0.0990,true,1,3871373
7296168330032,false,מספריים,,,מספריים,יח',1.00,יח',false,,10.90,10.9000,true,1,3890450
7296168330094,false,בקבוק לתינוק 360 מל,,,בקבוק לתינוק 360 מל,יח',1.00,יח',false,,15.90,15.9000,true,1,3894957
7296168330100,false,בקבוק לתינוק 150 מל,,,בקבוק לתינוק 150 מל,יח',1.00,יח',false,,14.90,14.9000,true,1,3891426
7296168330124,false,מוצץ 6-12,,,מוצץ 6-12,יח',1.00,יח',false,,18.90,18.9000,true,1,3894958
7296168330131,false,מברשת לבקבוק+פיטמה רמילוי,,,מברשת לבקבוק+פיטמה ר,יח',1.00,יח',false,,12.90,12.9000,true,1,3899167
7296168705113,false,וולטרס קיסמי שיניים דנטליים,ארוינג טישו,CN,קיסמי שיניים דינטלים,יח',300.00,יח',false,,14.90,0.0497,true,1,1355973
7296168890123,false,נשכן קרור,,,נשכן קרור,יח',1.00,יח',false,,12.90,12.9000,true,1,3880629
7296168890130,false,ברווזי גומי לאמבט,,,ברווזי גומי לאמבט,יח',1.00,יח',false,,12.90,12.9000,true,1,3880630
7296168890147,false,נשכן קרור,,,נשכן קרור,יח',1.00,יח',false,,12.90,12.9000,true,1,3880631
7297268303032,false,גופיית ציצית,,IL,גופיית ציצית,יח',1.00,יח',false,,29.90,29.9000,true,1,1344720
7297292000068,false,כיפה טרלין חלק4חל\קט,,,כיפה טרלין חלק4חל\קט,יח',1.00,יח',false,,6.00,6.0000,true,1,1345094
7297292000341,false,כיפה פלוש אמריקאי קטן,,,כיפה פלוש אמריקאי קט,יח',1.00,יח',false,,13.90,13.9000,true,1,1345098
7297395000019,false,בדי בדיקה טהרה,בת מלך,,בדי טהרה,יח',1.00,יח',false,,7.50,7.5000,true,1,1334804
7297395000026,false,בדית בדי טהרה שלישייה,חן המעין בעמ,IL,בדי בדיקה טהרה 60 יח,יח',60.00,יח',false,,14.80,0.2467,true,1,1334805
7297395000040,false,בדי בדיקה מיוחד,,,סריג 20 יח,יח',1.00,יח',false,,6.90,6.9000,true,1,1334806
7297395000156,false,מגן תחתון שחור 22 יח,,IL,מגן תחתון שחור,יח',1.00,יח',false,,9.90,9.9000,true,1,1334810
7297395000194,false,בדי בדיקה בת מלך 20י,בת מלך,IL,בדי טהרה,יח',1.00,יח',false,,5.90,5.9000,true,1,1334812
7297395000200,false,בת מלך סריג בקופסה 20 יח'-מרכז,בת מלך,,בדי בדיקה בת מלך,יח',1.00,יח',false,,6.90,6.9000,true,1,1334813
7297488098152,false,דגש קמח חומוס ללא גל,אף.סי תבליני בגליל ב,IL,קמח חומוס 500 גרם דג,גרמים,500.00,100 גרם,false,,14.80,0.0296,true,1,1357440
7297488098169,false,"קמח תירס ללא גלוטן דג""ש","תבליני העליון בע""מ",IL,קמח תירס 500 גרם דגש,גרמים,500.00,100 גרם,false,,8.90,0.0178,true,1,1357441
7297488098176,false,קמח סויה ללא גלוטן ד,אף.סי. תבליני הגליל,IL,קמח סויה 500 גרם דגש,גרמים,500.00,100 גרם,false,,8.80,0.0176,true,1,1357442
7297488098183,false,קמח אורז ללא גלוטן 500 ג,"תבליני העליון בע""מ",IL,קמח אורז 500 גרם דגש,גרמים,500.00,100 גרם,false,,9.80,0.0196,true,1,1357443
7297488098190,false,0 קמח אורז מלא ללא גלוטן,אף.סי תבליני בגליל ב,IL,קמח אורז מלא 500 גרם,גרמים,500.00,100 גרם,false,,12.90,0.0258,true,1,1357444
7297488098220,false,קמח תפוחי אדמה 500 גרם דגש,תות תעשיות מזון (201,IL,קמח תפוחי אדמה 500 ג,גרמים,500.00,100 גרם,false,,9.60,0.0192,true,1,1357446
7297488098282,false,אבקת מרק בטעם עוף 500 גרם,אף.סי. תבליני הגליל,IL,אבקת מרק בטעם עוף,יח',1.00,יח',false,,18.90,18.9000,true,1,1357452
7297488098305,false,קמח שקדים ללא גלוטן,תות תעשיות מזון (201,IL,קמח שקדים 250 גרם דג,גרמים,250.00,100 גרם,false,,24.80,0.0992,true,1,1357454
7297488098688,false,דגש פצפוצי אורז מלא ללא תוספת סוכר ומלח 450 גרם,משובח תעשיות מזון,IL,פצפוצי אורז מלא 450,גרמים,450.00,100 גרם,false,,18.70,0.0416,true,1,1897692
7297488099821,false,גרנולה ללא תוספת סוכר לנמנעים מגלוטן,תות תעשיות מזון (201,IL,גרנולה דגש 250 ג ללא,גרמים,250.00,100 גרם,false,,12.90,0.0516,true,1,2354008
7297488199590,false,פצפוצי אורז לבן תפוח ללא גלוטן,דגש- דוכן גן שמואל,IL,דגש פצפוצי אורז,גרמים,450.00,100 גרם,false,,19.90,0.0442,true,1,1357467
7297488199606,false,פצפוצי אורז תפוח ללא תוספת סוכר ומלח ללא גלוטן,דגש- דוכן גן שמואל,IL,דגש פצפוצי אורז קל,גרמים,450.00,100 גרם,false,,19.90,0.0442,true,1,1357468
7297488199620,false,פצפוצי אורז מלא תפוח ללא גלוטן,דגש- דוכן גן שמואל,FR,דגש פצפוצי אורז מלא,גרמים,450.00,100 גרם,false,,19.90,0.0442,true,1,1357469
7297488199781,false,דגש קניידל מיקס 130 גרם,"חיים טובים מזון בע""מ",IL,דגש קניידל מיקס 130,גרמים,130.00,100 גרם,false,,18.90,0.1454,true,1,1357475
7297488199859,false,"מצות מקמח תפו""א 300 גרם","פסח בא בע""מ",IL,מצות 300 גרם,גרמים,300.00,100 גרם,false,,24.90,0.0830,true,1,1357480
7298171126909,false,גרביונים סרוגים פרוז,,,גרביונים סרוגים פרוז,יח',1.00,יח',false,,10.00,10.0000,true,1,3874738
7298171126923,false,גרביונים סרוגים הלו,,,גרביונים סרוגים הלו,יח',1.00,יח',false,,10.00,10.0000,true,1,3864464
7312040017683,false,"אבסולוט וודקה, 700 מ''ל",חברת אבסולוט,SE,"אבסולוט וודקה 700 מ""ל",מיליליטרים,700.00,"100 מ""ל",false,,59.90,0.0856,true,1,1349760
7394376616778,false,אוטלי משקה שיבולת שועל להקצפה בריסטה 1 ליטר,טרנסומס פוד,SE,משקה אוטלי שיבולת שו,ליטרים,1.00,ליטר,false,,15.90,15.9000,true,1,3887345
7501013122039,false,ג'ומקס מיץ מנגו קרטונית ליטר תריסר,חומקס קומר קומרסאליזדורה,MX,גומקס נקטר מנגו 1 לי,מטרים,1000.00,100 מ'ל,false,,9.50,0.0095,true,1,3878845
7501013122053,false,ג'ומקס מיץ אפרסק קרטונית ליטר תריסר,חומקס קומר קומרסאליזדורה,MX,גומקס נקטר אפרסק 1 ל,מטרים,1000.00,100 מ'ל,false,,9.50,0.0095,true,1,3878846
7501013122114,false,"נקטר משקה אננס בקרטונית ג'ומקס, 1 ל'",חומקס קומר קומרסאליזדורה,MX,גומקס נקטר אננס קרטו,מטרים,1000.00,100 מ'ל,false,,9.50,0.0095,true,1,3878847
7501013122190,false,ג'ומקס מיץ תפוחים קרטונית ליטר תריסר,חומקס קומר קומרסאליזדורה,MX,גומקס נקטר תפוחים קר,מטרים,1000.00,100 מ'ל,false,,9.50,0.0095,true,1,3878848
7501013122992,false,ג'ומקס מיץ קוקוס אננס קרטונית ליטר תריסר,חומקס קומר קומרסאליזדורה,MX,גומקס קרטונית קוקוס,יח',1.00,יח',false,,9.50,9.5000,true,1,3878849
7501013138047,false,משקה רימונים יוניקו פרסקו ג'ומקס בקרטונית 1 ליטר,חומקס קומר קומרסאליזדורה,MX,גומקס נקטר רימונים 1,מטרים,1000.00,100 מ'ל,false,,10.80,0.0108,true,1,3878850
7501013138856,false,יוניקו תפוזים סחוט ט,,,יוניקו פרסקו תפוזים,יח',1.00,יח',false,,10.60,10.6000,true,1,3892051
7501049936945,false,"שישיית בירה סול בקבוק 330 מ""ל",היינקן,NL,בירה סול שישיה 330 מ,ליטרים,1.98,ליטר,false,,32.90,16.6162,true,1,3884834
7501064191466,false,"שישיית בירה קורונה 355 מ""ל בקבוק",סרבסריה מודלו,MX,קורונה מארז שישיה 6*,ליטרים,2.13,ליטר,false,,31.90,14.9765,true,1,1321449
7502004507149,false,כוסות שתיה חמה רמי לוי 50 יח,רמי לוי,,כוסות שתיה חמה רמי ל,יח',50.00,יח',false,,7.90,0.1580,true,1,1355258
7509546061160,false,"משחת שיניים לילדים מיניונים 2-5 75 מ""ל קולגייט",קולגייט פלמוליב,PL,קולגייט משחת ילדים מ,מטרים,75.00,100 מ'ל,false,,15.90,0.2120,true,1,3892137
7509546666846,false,"קולגייט טוטאל משחת שיניים פחם 75 מ""ל",קולגייט פלמוליב,MX,קולגייט טוטאל פחם מש,מטרים,75.00,100 מ'ל,false,,19.90,0.2653,true,1,3892140
7610008059073,false,טבלת שוקולד רגוסה קלאסי עם שקדים 100 גר,RAGUSA,CH,טבלת רגוסה קלאסי 100,גרמים,100.00,100 גרם,false,,14.90,0.1490,true,1,3895467
7610008059080,false,טבלת שוקולד רגוסה מריר עם שקדים 100 גר,RAGUSA,CH,טבלת רגוסה מריר 100,גרמים,100.00,100 גרם,false,,14.90,0.1490,true,1,3895468
7610008059097,false,רגוזה-בלונד שוק לבן טרפל א.חלב מקורמלת 100 גרם,RAGUSA,CH,טבלת רגוסה בלונד 100,גרמים,100.00,100 גרם,false,,14.90,0.1490,true,1,3895469
7610008641506,false,טורינו מריר שוקולד שוויצרי,קמיל בלוך,CH,טבלת טורינו מריר 100,גרמים,100.00,100 גרם,false,,14.90,0.1490,true,1,3864426
7610100034084,false,מיונז טומי בשפורפרת 265 גרם,נסטלה שוויץ ס.א,CH,מיונז טומי 265 גר,גרמים,265.00,100 גרם,false,,9.90,0.0374,true,1,2947776
7610113011652,false,בריזר - משקה כוהלי מוגז בטעם תפוח,בקרדי בריזר Bacardi Breezer,BE,בקרדי בריזר תפוח 275,מיליליטרים,275.00,"100 מ""ל",false,,12.90,0.0469,true,1,3887336
7610243004463,false,"דורגול - מרסס להסרת אבנית במקלחון 600 מ""ל",יעקבי- דורגול Durgol,CH,דורגול תרסיס להסרת א,מיליליטרים,600.00,"100 מ""ל",false,,19.90,0.0332,true,1,1335123
7610400010481,false,לינדט אקסלנס שוקולד חלב 100 גרם,לינדט ושפרונגלי קילשברג,FR,לינדט אקסלנס שוקולד,גרמים,100.00,100 גרם,false,,14.90,0.1490,true,1,1333022
7610400068505,false,לינדט לינדור בונבוניירה שוקולד חלב 200 גרם,לינדט ושפרונגלי קילשברג,CH,לינדט לינדור בונבוני,גרמים,200.00,100 גרם,false,,22.90,0.1145,true,1,1333030
7610400068529,false,לינדט לינדור בונבוניירה כדורי שוקולד מטעמים 200 גרם,לינדט ושפרונגלי קילשברג,CH,לינדט לינדור בונבוני,גרמים,200.00,100 גרם,false,,22.90,0.1145,true,1,1333031
7610400075770,false,לינדט לה גרנד שוקולד מריר אגוז 150 גרם,לינדט ושפרונגלי קילשברג,CH,לינדט לה גרנד שוקולד,גרמים,150.00,100 גרם,false,,23.80,0.1587,true,1,1333042
7610400075787,false,לינדט לה גרנד שוקולד חלב אגוז 150 גרם,לינדט ושפרונגלי קילשברג,CH,לינדט לה גרנד שוקולד,גרמים,150.00,100 גרם,false,,23.80,0.1587,true,1,1333043
7610400085946,false,לינדט לגרנד דארק אלמונד סולט 150 גרם,לינדט ושפרונגלי קילשברג,CH,לינדט לה גרנד דארק 1,גרמים,150.00,100 גרם,false,,23.80,0.1587,true,1,3879326
7610400091060,false,שוקולד מריר לינדט אקסלנס בתוספת תפוז ושקדים,לינדט ושפרונגלי קילש,CH,לינדט אקסלנס תפוז 10,גרמים,100.00,100 גרם,false,,14.90,0.1490,true,1,3886250
7610928010048,false,"קרם הגרטי לכלי כסף יעקבי 100 מ""ל",דיוורסי,CH,מבריק כלי כסף יעקבי,מטרים,100.00,100 מ'ל,false,,29.40,0.2940,true,1,1335124
7613030979647,false,דגני בוקר טריקס פירות עולם היורה 480 ג',ג'נרל מילס סאן אדריא,CL,טריקס 480 גר,גרמים,480.00,100 גרם,false,,19.90,0.0415,true,1,3867698
7613032045753,false,פיטנס - דגני בוקר שוקולד 375 גרם,נסטלה צרפת איטנקורט,FR,פיטנס שוקולד נסטלה 3,גרמים,375.00,100 גרם,false,,19.90,0.0531,true,1,1330256
7613033548192,false,פיטנס - דגני בוקר שוקולד מריר 375 גרם,נסטלה צרפת איטנקורט,FR,פיטנס עם שוקולד מריר,גרמים,375.00,100 גרם,false,,19.90,0.0531,true,1,1330289
7613034146502,false,מזון לכלבים קטנים בטעם עוף פורינה ONE,נסטלה פורינה איטליה,US,ONE מיני אקטיב עוף 1,יח',1.00,יח',false,,59.90,59.9000,true,1,3878463
7613034146656,false,מזון לכלבים קטנים בטעם בקר פורינה ONE,נסטלה פורינה איטליה,US,ONE מיני אקטיב בקר 1,יח',1.00,יח',false,,59.90,59.9000,true,1,3878464
7613035548374,false,דגני בוקר גולדן מיניס מחיטה מלאה ותירס,נסטלה פולין דגני בוק,FR,גולדן מיניס 570 גרם,גרמים,570.00,100 גרם,false,,23.90,0.0419,true,1,1330309
7613035622623,false,פיטנס - גרנולה שקדים ודבש 300 גרם,שוורצקוף& הנקל דיסלד,LT,פיטנס גרנולה שקדים ו,גרמים,300.00,100 גרם,false,,14.90,0.0497,true,1,1492702
7613035758834,false,פיטנס סופר גרנולה וחמוציות 300 גרם,שוורצקוף& הנקל דיסלד,LT,פיטנס גרנולה חמוציות,גרמים,300.00,100 גרם,false,,15.90,0.0530,true,1,2045840
7613036105637,false,"דוגלי עוף לכלבים בוגרים 12 ק""ג",נסטלה פורינה באק הונ,HU,דוגלי בוגר עוף 12 קג,קילוגרמים,12.00,"ק""ג",false,,108.00,9.0000,true,1,3362277
7613036307390,false,ONEעוף לכלב בינוני/גדול,נסטלה פורינה איטליה,IT,ONE מידמקסי עוף 2.5ק,יח',1.00,יח',false,,89.90,89.9000,true,1,3878321
7613036710879,false,מארז מיני חטיפי קיט קט צ'אנקי Kit Kat Chanky,נסטלה גרמניה,DE,קיט קט צ'אנקי מיני 1,גרמים,194.00,100 גרם,false,,9.90,0.0510,true,1,3868797
7613036976695,false,פריסקיז - פאוץ בקר ברוטב 85 גרם,נסטלה פורינה הונגריה,HU,פאוץ פריסקיז בקר 85,יח',1.00,יח',false,,4.90,4.9000,true,1,3887818
7613037012095,false,פיטנס סופר גרנולה שוקולד קינואה ושקדים 300 גרם,NESTLE WATERS,BE,פיטנס קרנולה שוקולד,גרמים,300.00,100 גרם,false,,15.00,0.0500,true,1,3879094
7613037686906,false,פיטנס שקדים ודבש 355 גרם מופחת סוכר,נסטלה צרפת איטנקורט,FR,פיטנס שקדים ודבש 355,גרמים,355.00,100 גרם,false,,19.90,0.0561,true,1,3879099
7613037687132,false,דגני בוקר פיטנס שקדים ודבש 585 גרם,נסטלה צרפת איטנקורט,FR,פיטנס שקדים ודבש 585,גרמים,585.00,100 גרם,false,,25.90,0.0443,true,1,3879100
7613037811629,false,דגני בוקר קורנפלקס גו פרי 500 גר',שוורצקוף& הנקל דיסלד,GB,גו פרי קורנפלקס,גרמים,500.00,100 גרם,false,,9.90,0.0198,true,1,3883422
7613038451954,false,דגני בוקר שוקולד מופחת סוכר 410 ג' קראנץ',נסטלה צרפת איטנקורט,FR,קראנץ שוקולד מופחת ס,גרמים,410.00,100 גרם,false,,21.90,0.0534,true,1,3879102
7613039770450,false,טבעול סנסשיונל בורגר צמחוני 226 גרם,ג'נרל מילס סאן אדריא,CZ,טבעול בורגר צמחוני 2,גרמים,226.00,100 גרם,false,,29.90,0.1323,true,1,3891345
7613039771174,false,טבעול סנסשיונל מינס טחון צמחוני 400 גרם,ג'נרל מילס סאן אדריא,CZ,טבעול טחון צמחוני 40,גרמים,400.00,100 גרם,false,,29.90,0.0747,true,1,3892438
7613039879382,false,גרבר - מחית תפוחי עץ 190 גרם,נסטלה פולסקה אס.איי,PL,"מחית גרבר תפו""ע 190ג",גרמים,190.00,100 גרם,false,,5.90,0.0311,true,1,3891076
7613039881521,false,גרבר מחית מרק מנגו 190 גרם,נסטלה פולסקה אס.איי,PL,מחית גרבר מנגו 190גר,גרמים,190.00,100 גרם,false,,6.50,0.0342,true,1,3892439
7613287121783,false,סמארטיס מיני 16*187 גרם,נסטלה גרמניה,DE,סמארטיס מיני 187 גר,גרמים,187.00,100 גרם,false,,9.90,0.0529,true,1,3892441
7613287155832,false,גרבר מחית תפוחי עץ 90 גרם פאוץ,"מפעל סברס, נסטלה ספרד ס.",ES,גרבר פאוצ מחית תפוח,יח',1.00,יח',false,,5.90,5.9000,true,1,3890396
7613287155863,false,מטרנה מחית אגס פאוץ' 90 גר',"מפעל סברס, נסטלה ספרד ס.",ES,גרבר פאוצ מחית אגס,יח',1.00,יח',false,,5.90,5.9000,true,1,3890818
7613287155894,false,"גרבר מחית אפרסק פאוץ כשל""פ 90 גרם","מפעל סברס, נסטלה ספרד ס.",ES,מחית גרבר אפרסק פאוץ,גרמים,90.00,100 גרם,false,,5.90,0.0656,true,1,3890819
7613287181411,false,ויטמינציק מחית סלט פירות 110 גרם,"טרופיקל דגיל בע""מ אז",ES,ויטמינצ'יק מחית סלט,גרמים,110.00,100 גרם,false,,4.90,0.0445,true,1,3892442
7613287186928,false,סטארבקס קפסולות קפה ברקפסט רוסט 10יח,נסטלה שוויץ - קפה,CH,סטארבקס קפסולות ברקפ,יח',1.00,יח',false,,20.90,20.9000,true,1,3892446
7613287302373,false,סטארבקס קפסולות איטליאן סטייל רוסט 56 גרם,נסטלה שוויץ - קפה,PT,סטארבקס קפסולות סטיי,יח',1.00,יח',false,,20.90,20.9000,true,1,3892447
7613287325808,false,אוסם - דיפ אנד ספרד מטבל איולי שום 295 גרם,נסטלה פולין,PL,רוטב איולי שום לחיץ,מטרים,295.00,100 מ'ל,false,,12.80,0.0434,true,1,3892448
7613287325822,false,אוסם - דיפ אנד ספרד מטבל מיקס 295 גרם,נסטלה,PL,רוטב מיקס לחיץ 295 מ,מטרים,295.00,100 מ'ל,false,,12.80,0.0434,true,1,3892449
7613287476494,false,אוסם - דיפ אנד ספרד מיונז בסגנון צרפתי 280 גרם,נסטלה פולין,PL,אסם רוטב מיונז לחיץ,גרמים,280.00,100 גרם,false,,12.80,0.0457,true,1,3892454
7613287476678,false,דגני בוקר סינימיניס צ'ורוס נסטלה 360 ג',נסטלה אוונקה,PT,סינימיניס צ'ורוס 360,גרמים,360.00,100 גרם,false,,19.90,0.0553,true,1,3892455
7613287654151,false,קראנץ' כריות שוקו בננה 385 גרם,סי. פי. פולין,FR,קראנץ' כריות שוקו בנ,גרמים,385.00,100 גרם,false,,19.90,0.0517,true,1,3892456
7614500010013,false,טובלרון - שוקולד חלב קלאסי 100 גרם,,,טובלרון שוקולד חלב 1,גרמים,100.00,100 גרם,false,,9.50,0.0950,true,1,3901528
7622010001858,false,עוגיות אוראו ממולאות קרם וניל 176 גרם.,פי אר ג'\יי אס אי מנדלז,UA,עוגיות אוראו ממולאות קרם,גרמים,176.00,100 גרם,false,,8.90,0.0506,true,1,1319885
7622201050757,false,שוקולד מילקה טבלת חלב עם קרמל 100 ג',מילקה Milka,DE,מילקה-שוק' חלב עם קרמל 10,גרמים,100.00,100 גרם,false,,5.90,0.0590,true,1,1336766
7622201127206,false,מילקה ממרח אגוזי לוז 350 ג',"נטרה מלה אנ.וי,",BE,ממרח שוקולד מילקה 35,גרמים,350.00,100 גרם,false,,17.90,0.0511,true,1,3892991
7622201127398,false,מילקה אוראו מיניס אורגינל 153 גרם,פי.אר.ג'יי.אס.סי מונ,UA,מילקה אוראו מיניס 15,גרמים,153.00,100 גרם,false,,14.90,0.0974,true,1,3892993
7622201137175,false,טובלרון שוקולד חלב צ,,,טובלרון שוקולד חלב צ,גרמים,100.00,100 גרם,false,,9.50,0.0950,true,1,3901531
7622201139278,false,גבינת שמנת 27% שומן 150 ג' פילדלפיה,מיודלז אספניה פרודוק,ES,גבינת פילדלפיה 150 ג,גרמים,150.00,100 גרם,false,,11.90,0.0793,true,1,3883511
7622201400972,false,מילקה ממרח שוקולד ואגוזים 600 ג',"נטרה מלה אנ.וי,",AT,מילקה ממרח שוקולד 60,גרמים,600.00,100 גרם,false,,25.90,0.0432,true,1,3892995
7622201401900,false,עוגיות סנסיישן אוראו מילקה 156 גרם,מונדלז פולסקה פרודקש,PL,עוגיות מילקה סנסיישן,גרמים,156.00,100 גרם,false,,9.90,0.0635,true,1,3892996
7622201798154,false,גבינת שמנת לייט מופחתת שומן 13% שומן,מיודלז אספניה פרודוק,ES,פילדלפיה לייט 150גר,גרמים,150.00,100 גרם,false,,11.90,0.0793,true,1,3892790
7622201802363,false,מילקה טבלת שוקולד חלב וצימוקים ואגוזים 100ג',מנדלז דויצ'\לנד סנקס פרו,DE,שוקולד מילקה חלב עם,גרמים,100.00,100 גרם,false,,5.90,0.0590,true,1,3892999
7622201802394,false,שוקולד מילקה חלב מסרונים 100 גרם,מנדלז דויצ'\לנד סנקס פרו,DE,שוקולד חלב מילקה 100,גרמים,100.00,100 גרם,false,,5.90,0.0590,true,1,3890843
7622201808631,false,אוראו מיני עוגיות ממולאות קרם וניל 67גרם,פי.טי. מונדלז אינדונ,ID,אוראו מיני כוסות טעם,יח',1.00,יח',false,,6.90,6.9000,true,1,3893000
7622201809188,false,מילקה ביסקוויט 150 גרם חדש,מונדלז פרנס ביסקוויט פרו,FR,מילקה ביסקויט 150 גר,גרמים,150.00,100 גרם,false,,9.90,0.0660,true,1,3891371
7622201813390,false,עוגיות מילקה וואפל במילוי קרם קקאו 150 ג,מונדליז סי.אר. ביסקוויט,CZ,מילקה וופל במילוי קק,גרמים,150.00,100 גרם,false,,9.90,0.0660,true,1,3893001
7622210137234,false,עוגיות אוראו עם דאבל קרים וניל 170 גר,מונדלייז,ES,עוגיות אוראו עם דאבל,גרמים,170.00,100 גרם,false,,9.90,0.0582,true,1,1859178
7622210453327,false,עוגיות שוקוצ'יפס במילוי שוקולד סנסיישן,מנדלז פולסקה פרודקשן,PL,מילקה סנסיישן 156 גר,גרמים,156.00,100 גרם,false,,9.90,0.0635,true,1,3768338
7622210464729,false,אוראו גולדן עוגיות וניל במילוי קרם וניל,מונדלייז,CZ,אוראו גולדן 154 גר,גרמים,154.00,100 גרם,false,,6.90,0.0448,true,1,3879467
7622210637994,false,מיני עוגיות אוראו קראנצ'י בייטס אורגינל,מונדלז אספניה ג'לאטס,ES,אוראו ביס קראנצי אור,גרמים,110.00,100 גרם,false,,7.90,0.0718,true,1,3893006
7622210638021,false,מיני עוגיות אוראו קראנצ'י בייטס מצופים,מונדלז אספניה ג'לאטס,ES,אוראו ביס קראנצי בצי,גרמים,110.00,100 גרם,false,,7.90,0.0718,true,1,3893007
7622210826053,false,שוקולד מילקה אוראו סנדוויץ 92 גר',גיאורי קאקסז קייאףטי,HU,שוקולד מילקה אוראו ס,גרמים,92.00,100 גרם,false,,5.90,0.0641,true,1,3893010
7622210829108,false,עוגיות אוראו שוקו דקים 96 גרם,פי אר ג'יי אס סי מונ,UA,אוראו דקים שוקו 96 ג,גרמים,96.00,100 גרם,false,,6.90,0.0719,true,1,3886285
7622300270506,false,מילקה גריינס - עוגיות שיבולת שועל מצופות שוקולד 168 ג',מונדלז פולסקה פרודקש,PL,"מילקה גריינס - עוגיות ש""ש",גרמים,168.00,100 גרם,false,,9.90,0.0589,true,1,1336776
7622300315283,false,אוראו עוגיות ממולאות קרם וניל 154 גרם,"מונדלז CR פרודקשיין,",UA,אוראו וניל בדצ 154 ג,גרמים,154.00,100 גרם,false,,5.90,0.0383,true,1,3893012
7622300356767,false,עוגיות מילקה עם גרנולה ושוקו צ''יפס 168 ג',מונדלז פולסקה פרודקש,PL,מילקה עוגיות שוקלד ציפס 1,גרמים,168.00,100 גרם,false,,9.90,0.0589,true,1,1336779
7622300441715,false,עוגיות מילקה ביסקוויט ממולא קרם חלב מצופה למחצה בשוקולד חלב 150 גר',מוביל בעל מוניטין,CZ,עוגיות מילקה שוקומינ,גרמים,150.00,100 גרם,false,,10.90,0.0727,true,1,2324364
7622300489434,false,"עוגיות אוראו פאדג' בציפוי שוקולד חלב, 246 גרם",מנדלז אספנה גאלטס פר,ES,עוגיות אוראו בציפוי,גרמים,246.00,100 גרם,false,,14.90,0.0606,true,1,3862968
7622300498429,false,מילקה שוקולד חלב עם יוגורט תות 100 גר',מנדלז דויצ'\לנד סנקס פרו,DE,מילקה יוגורט תות 100 גרם,גרמים,100.00,100 גרם,false,,5.90,0.0590,true,1,1336782
7622300503079,false,עוגיות ביסקוויט מצופה שוקולד חלב מילקה 200 גרם,מונדלז פולסקה פרודקש,PL,מילקה מוו 200 גרם,גרמים,200.00,100 גרם,false,,9.90,0.0495,true,1,1336783
7622300617820,false,מילקה שוקולד חלב במילוי קרם חלב ווניל ושבבי עוגיות אוראו 100 גרם,מנדלז דויצ'\לנד סנקס פרו,DE,מילקה אוראו 100 גרם,גרמים,100.00,100 גרם,false,,5.90,0.0590,true,1,1336784
7622400005190,false,שוקולד חלב נגיעות שוקולד לבן מילקה 100 ג,מנדלז דויצ'\לנד סנקס פרו,DE,מילקה COW,גרמים,100.00,100 גרם,false,,5.90,0.0590,true,1,1336790
7630311507016,false,סטארבקס קפסולות קפה סאני דיי 10יח,נסטלה שוויץ - קפה,CH,קפסולות סטארבקס סאני,גרמים,56.00,100 גרם,false,,20.90,0.3732,true,1,3905440
7630477891592,false,סטארבקס קפסולות קפה האוס בלנד 10 יחידות,נסטלה שוויץ - קפה,CH,סטארבקס קפסולות האוס,יח',1.00,יח',false,,20.90,20.9000,true,1,3892458
7630477891653,false,סטארבקס קפסולות קפה אספרסו נטול 10 יחידו,נסטלה שוויץ - קפה,CH,סטארבקס קפסולות אספר,יח',1.00,יח',false,,20.90,20.9000,true,1,3892461
7630477891677,false,סטארבקס קפסולות קפה פייק פלייס 10 יחידות,נסטלה שוויץ - קפה,CH,סטארבקס קפסולות פייק,יח',1.00,יח',false,,20.90,20.9000,true,1,3892462
7630477891691,false,סטארבקס קפסולות קפה קולמביה 10 יחידות,נסטלה שוויץ - קפה,CH,סטארבקס קפסולות קולו,יח',1.00,יח',false,,20.90,20.9000,true,1,3892463
7630477891714,false,סטארבקס קפסולות קפה אספרסו 10 יחידות,נסטלה שוויץ - קפה,CH,סטארבקס קפסולות אספר,יח',1.00,יח',false,,20.90,20.9000,true,1,3892464
7630477891738,false,סטארבקס קפסולות קפה אספרסו בלונד 10 יחיד,נסטלה שוויץ - קפה,CH,סטארבקס קפסולות אספר,יח',1.00,יח',false,,20.90,20.9000,true,1,3892465
7702018069316,false,סכין גילוח חד פעמי לנשים ונוס 2 להבים 6,פרוקטר אנד גמבל,PL,סכין גילוח חד פעמי ל,יח',6.00,יח',false,,16.90,2.8167,true,1,1344632
7702018469901,false,ג'ילט סכיני גילוח מארז מוגדל פיוזן שמינייה,פרוקטר אנד גמבל,DE,ג'ילט מארז מוגדל פיו,יח',1.00,יח',false,,94.80,94.8000,true,1,3869882
7702018471423,false,גילט פיוזן סטארט סכיני גילוח 4יח,פרןקטר אנד גמבל ברלי,PL,גילט פיוזן סטארט סכי,יח',1.00,יח',false,,34.90,34.9000,true,1,3900934
7702018499342,false,מכשיר גילוח גילט ונוס פלטינום+3 סכינים,מולינו ניקולי s.p.a,PL,ונוס מכשיר גילוח וסכ,יח',1.00,יח',false,,39.90,39.9000,true,1,3885239
7702018978106,false,"ג'ילט - דאודורנט ג'ל לגבר ארטיק אייס 70 מ""ל",פרוקטר אנד גמבל,PL,דאודורנט קליר ג'ילט,מטרים,70.00,100 מ'ל,false,,14.90,0.2129,true,1,1344658
7702018978120,false,"ג'ילט - דאודורנט ג'ל לגבר קול וייב 70 מ""ל",פרוקטר אנד גמבל,PL,דאודורנט קליר ג'ילט,מטרים,70.00,100 מ'ל,false,,14.90,0.2129,true,1,1344659
7702024074625,false,פיטנס - חטיפי קרקר חיטה מלאה 234 גרם,קומסטיבלס לה רוזה אס.איי,CO,פיטנס חטיפי קרקר חיט,גרמים,234.00,100 גרם,false,,11.90,0.0509,true,1,3867711
7702024258322,false,"חטיפי קרקר עם חיטה מלאה, צ'יה וזרעי פשתן פיטנס",נסטלה Nestle,CO,פיטנס חטיפי קרקר צ'י,גרמים,234.00,100 גרם,false,,11.90,0.0509,true,1,3891347
7702174066631,false,לקקן יוגטה פין פופ במילוי מסטיק 170 גר,הדקלאים אגודת שיתופי,EC,סוכריות בטעמי פירות,גרמים,170.00,100 גרם,false,,7.90,0.0465,true,1,1337224
7702174068826,false,יוגטה מבחר סוכריות לקקן קשות ממולאות טופי בטעמי יוגורט ופירות 204 גרם,קומסטיבלס אלדור,CO,לקקן יוגטה עם סוכריי,גרמים,216.00,100 גרם,false,,8.90,0.0412,true,1,1337228
7702174068833,false,יוגטה סוכריות קשות על מקל ממולאות טופי בטעמי גלידת פירות 12 יח' 204 גרם,ליימן שליסל,CO,לקקן בטעם גלידה יוגט,גרמים,216.00,100 גרם,false,,8.90,0.0412,true,1,1337229
7702174070201,false,יוגטה לקקן בטעם מסטיק ממולא טופי בטעם תות 12 יח' 204 גרם,ליימן שליסל,CO,לקקן יוגטה 216 ג,גרמים,216.00,100 גרם,false,,8.90,0.0412,true,1,1337232
7702174073783,false,סוכריות על מקל בטעם קולה במילוי גומי לעיסה,הדקלאים אגודת שיתופי,CO,סוכריות לקקן בטעמי פ,גרמים,170.00,100 גרם,false,,7.90,0.0465,true,1,1337233
7702174073844,false,לקקן יוגטה פין פופ פירות 48 יח 672 גרם,הדקלאים אגודת שיתופי,CO,סוכריות פין פופ פירו,גרמים,672.00,100 גרם,false,,19.90,0.0296,true,1,1337234
7777121200116,false,קערת פופ מלמין,,,קערת פופ מלמין,יח',1.00,יח',false,,10.00,10.0000,true,1,1347594
7777272500011,false,סט מספריים,,,סט מספריים,יח',1.00,יח',false,,7.90,7.9000,true,1,3880135
7777272500042,false,תמונה קשיחה,,,תמונה קשיחה,יח',1.00,יח',false,,4.90,4.9000,true,1,3880138
7777272500066,false,טושים מרססים,,,טושים מרססים,יח',1.00,יח',false,,19.90,19.9000,true,1,3880140
7777272500073,false,סט עטי גל,,,סט עטי גל,יח',1.00,יח',false,,12.90,12.9000,true,1,3880141
7777272500080,false,סט גליטרים,,,סט גליטרים,יח',1.00,יח',false,,7.90,7.9000,true,1,3880143
7777272500097,false,פלסטלינה,,,פלסטלינה,יח',1.00,יח',false,,9.90,9.9000,true,1,3880144
7777272500103,false,טושי גואש,,,טושי גואש,יח',1.00,יח',false,,14.90,14.9000,true,1,3880145
7777272500127,false,ערכת יצירה,,,ערכת יצירה,יח',1.00,יח',false,,1.00,1.0000,true,1,3880147
7777272500158,false,סט טושים מדגישים,,,סט טושים מדגישים,יח',1.00,יח',false,,7.90,7.9000,true,1,3880150
7777272500165,false,טושים לא מחיקים,,,טושים לא מחיקים,יח',1.00,יח',false,,9.90,9.9000,true,1,3880151
7777272500233,false,חול קינטי,,,חול קינטי,יח',1.00,יח',false,,14.90,14.9000,true,1,3880158
7777272500264,false,שדכן,,,שדכן,יח',1.00,יח',false,,9.90,9.9000,true,1,3880161
7777272500288,false,דבק סטיק 15 גרם,,,דבק סטיק 15 גרם,יח',1.00,יח',false,,1.00,1.0000,true,1,3880163
7777272500318,false,סט 5 עטים,,,סט 5 עטים,יח',1.00,יח',false,,9.90,9.9000,true,1,3880166
7777272500332,false,פלטת צבעי מים,,,פלטת צבעי מים,יח',1.00,יח',false,,14.90,14.9000,true,1,3880168
7777272500349,false,בצק משחק ברכב,,,בצק משחק ברכב,יח',1.00,יח',false,,14.90,14.9000,true,1,3880169
7777272500356,false,בצק משחק בפרצוף,,,בצק משחק בפרצוף,יח',1.00,יח',false,,14.90,14.9000,true,1,3880170
7777272500493,false,טושים עם חותמת,,,טושים עם חותמת,יח',1.00,יח',false,,14.90,14.9000,true,1,3880179
7777272500578,false,טושי קסם,,,טושי קסם,יח',1.00,יח',false,,9.90,9.9000,true,1,3883818
7777272500585,false,חמישיית עפרונות מכניים 0.5,,,חמישיית עפרונות מכני,יח',1.00,יח',false,,9.90,9.9000,true,1,3880183
7777272500622,false,טושים צבעונים,,,טושים צבעונים,יח',1.00,יח',false,,12.90,12.9000,true,1,3880187
7777272500653,false,סט מחקים,,,סט מחקים,יח',1.00,יח',false,,6.90,6.9000,true,1,3880190
7777272500820,false,12עפרונות HB מחודדים עם מחק,,,12עפרונות HB מחודדים,יח',1.00,יח',false,,1.90,1.9000,true,1,3880202
7777272500868,false,מדבקות 10 דפים,,,מדבקות 10 דפים,יח',1.00,יח',false,,5.90,5.9000,true,1,3880205
7777272510003,false,מארז טושי,,,מארז טושי,יח',1.00,יח',false,,14.90,14.9000,true,1,3887539
7777272510065,false,חול אלסטי,,,חול אלסטי,יח',1.00,יח',false,,19.90,19.9000,true,1,3887542
7777272510164,false,בצק משחק -ביצה,,,בצק משחק -ביצה,יח',1.00,יח',false,,7.90,7.9000,true,1,3894016
7777272510218,false,ערכת סופר קליי 24 צב,,,ערכת סופר קליי 24 צב,יח',1.00,יח',false,,14.90,14.9000,true,1,3894021
7777445600074,false,כיסוי אסלה היגייני חד פעמי כ-10 יחידות,,,כיסוי אסלה היגייני ח,יח',1.00,יח',false,,6.90,6.9000,true,1,1347625
7777555500097,false,קערת פופקורן בינונית,דגש,,קערת פופקורן בינונית,יח',1.00,יח',false,,7.90,7.9000,true,1,1347639
7777555500103,false,קערת פופקורן גדולה,דגש,,קערת פופקורן גדולה,יח',1.00,יח',false,,9.90,9.9000,true,1,1347640
7777555500110,false,קערת פופקורן ענקית,דגש,,קערת פופקורן ענקית,יח',1.00,יח',false,,14.90,14.9000,true,1,1347641
7777555501070,false,מקרצף גב יפני איכותי,,,מקרצף גב יפני איכותי,יח',1.00,יח',false,,8.00,8.0000,true,1,1347678
7777555501285,false,מחבת + כלים לילדים,,,מחבת + כלים לילדים,יח',1.00,יח',false,,15.00,15.0000,true,1,1347684
7777555502077,false,תרווד נירוסטה איכותי,דגש,,תרווד נירוסטה איכותי,יח',1.00,יח',false,,15.00,15.0000,true,1,1347726
7777555502091,false,כף הגשה נירוסטה איכו,דגש,,כף הגשה נירוסטה איכו,יח',1.00,יח',false,,15.00,15.0000,true,1,1347728
7777555502152,false,קופסת אחסון מלבנית ק,,,קופסת אחסון מלבנית ק,יח',1.00,יח',false,,10.00,10.0000,true,1,1347731
7777555502169,false,קופסת אחסון מלבנית ב,,,קופסת אחסון מלבנית ב,יח',1.00,יח',false,,12.00,12.0000,true,1,1347732
7777555502176,false,קופסת אחסון מלבנית ג,,,קופסת אחסון מלבנית ג,יח',1.00,יח',false,,15.00,15.0000,true,1,1347733
7777555502244,false,בלונים מארז 50,,,בלונים מארז 50,יח',1.00,יח',false,,13.00,13.0000,true,1,1347736
7777555502268,false,קערת פסים צבעונית ענ,דגש,,קערת פסים צבעונית ענ,יח',1.00,יח',false,,15.00,15.0000,true,1,1347738
7777555502824,false,מגרדת,דגש,,מגרדת,יח',1.00,יח',false,,10.00,10.0000,true,1,1347771
7777555502848,false,משפך גדול מעוצב,,,משפך גדול מעוצב,יח',1.00,יח',false,,6.00,6.0000,true,1,1347773
7777555503272,false,כוס מלמין,,,כוס מלמין,יח',1.00,יח',false,,6.00,6.0000,true,1,1347787
7777555503906,false,שפריצר מיכל אלומניום,,,שפריצר מיכל אלומניום,יח',1.00,יח',false,,12.00,12.0000,true,1,1347831
7777555505320,false,אלמוגית ענקית,,,אלמוגית ענקית,יח',1.00,יח',false,,11.90,11.9000,true,1,1347892
7777555506730,false,מאג יהלום,,,מאג יהלום,יח',1.00,יח',false,,3.90,3.9000,true,1,1347970
7777555506761,false,"מייבש כלים מעוצב רמי לוי 48*38 ס""מ",,,מייבש כלים מעוצב רמי,יח',1.00,יח',false,,9.90,9.9000,true,1,1347972
7777555507065,false,מאג איכותית,,,מאג רוזה,יח',1.00,יח',false,,3.90,3.9000,true,1,1347989
7777555507591,false,מצע גמיש רב שימושי,,,מצע גמיש רב שימושי,יח',1.00,יח',false,,9.90,9.9000,true,1,1348032
7777555507836,false,"מסננת ידית ברזל 15 ס""מ",דגש,,מסננת ידית ברזל 15 ס,יח',1.00,יח',false,,12.00,12.0000,true,1,1348046
7777555507843,false,"מסננת ידית ברזל 20 ס""מ",,,מסננת ידית ברזל 20 ס,יח',1.00,יח',false,,15.90,15.9000,true,1,1348047
7777555508055,false,מצת איכותי מעוצב,,,מצת איכותי מעוצב,יח',1.00,יח',false,,9.00,9.0000,true,1,1348064
7777555508109,false,מארז סיכות ביטחון,,,מארז סיכות ביטחון,יח',1.00,יח',false,,5.90,5.9000,true,1,1348067
7777555508406,false,מברשת לניקוי מגהץ,,,מברשת לניקוי מגהץ,יח',1.00,יח',false,,6.00,6.0000,true,1,1348075
7777555509090,false,מאפרת זכוכית מעוצבת,,,מאפרת זכוכית מעוצבת,יח',1.00,יח',false,,6.00,6.0000,true,1,1348112
7777555509229,false,צלחת ילדים איכותית,,,צלחת ילדים איכותית,יח',1.00,יח',false,,3.90,3.9000,true,1,1348124
7777555509236,false,צלחת ילדים איכותית,,,צלחת ילדים איכותית,יח',1.00,יח',false,,3.90,3.9000,true,1,1348125
7777555509625,false,מברשת לניקוי איכותית,,IT,מברשת לניקוי איכותית,יח',1.00,יח',false,,14.90,14.9000,true,1,1348157
7777555509731,false,מיכל לאבקת סוכר נירו,,,מיכל לאבקת סוכר נירו,יח',1.00,יח',false,,8.00,8.0000,true,1,1348166
7777555509878,false,מצת גמיש,,,מצת גמיש,יח',1.00,יח',false,,12.00,12.0000,true,1,1348179
7777555510089,false,מגש ענק מעוצב,,,מגש ענק מעוצב,יח',1.00,יח',false,,29.90,29.9000,true,1,1348193
7777555510331,false,מטריה מיני,,,מטריה מיני,יח',1.00,יח',false,,9.90,9.9000,true,1,1348218
7777555510409,false,משקפי ראיה מעוצבות,,,משקפי ראיה מעוצבות,יח',1.00,יח',false,,12.90,12.9000,true,1,1348225
7777555510423,false,סכומון עגול מעוצב,,,סכומון עגול מעוצב,יח',1.00,יח',false,,5.00,5.0000,true,1,1348227
7777555510546,false,פינגאן גדול איכותי,,,פינגאן גדול איכותי,יח',1.00,יח',false,,34.90,34.9000,true,1,1348239
7777555510799,false,זוג דבק 3 שניות חזק במיוחד כ-3 גרם ליחידה (פ=24),,,זוג דבק 3 שניות חזק,יח',1.00,יח',false,,5.90,5.9000,true,1,1348264
7777555510805,false,מברשת למנגל,,,מברשת למנגל,יח',1.00,יח',false,,9.90,9.9000,true,1,1348265
7777555510898,false,קרש חיתוך זכוכית,,,קרש חיתוך זכוכית,יח',1.00,יח',false,,19.90,19.9000,true,1,1401547
7777555511017,false,פינגאן מצופה איכותי,,,פינגאן מצופה איכותי,יח',1.00,יח',false,,29.90,29.9000,true,1,1401554
7777555511055,false,קופסת איחסון גדולה +,,,קופסת איחסון גדולה +,יח',1.00,יח',false,,17.90,17.9000,true,1,1401558
7777555511062,false,קופסת איחסון ענקית +,,,קופסת איחסון ענקית +,יח',1.00,יח',false,,19.90,19.9000,true,1,1401559
7777555511413,false,מגש סיליקון להכנת שו,,,מגש סיליקון להכנת שו,יח',1.00,יח',false,,9.90,9.9000,true,1,1426880
7777555511864,false,מנגל קטן,,,מנגל קטן,יח',1.00,יח',false,,29.90,29.9000,true,1,1787633
7777555511895,false,קופסת אחסון M,,,קופסת אחסון M,יח',1.00,יח',false,,9.90,9.9000,true,1,1787635
7777555511901,false,קופסת אחסון XL,,,קופסת אחסון XL,יח',1.00,יח',false,,24.90,24.9000,true,1,1787636
7777555511925,false,מחליקים לרהיטים,,,מחליקים לרהיטים,יח',1.00,יח',false,,5.90,5.9000,true,1,1787638
7777555512236,false,כוס בירה,,,כוס בירה,יח',1.00,יח',false,,7.90,7.9000,true,1,2110695
7777555512755,false,סלסלת קש לב,,,סלסלת קש לב,יח',1.00,יח',false,,19.90,19.9000,true,1,2550762
7777555512830,false,רשת צלייה M,,,רשת צלייה M,יח',1.00,יח',false,,14.90,14.9000,true,1,2239430
7777555512878,false,מטאטא שרובר,,,מטאטא שרובר,יח',1.00,יח',false,,14.90,14.9000,true,1,2239434
7777555512977,false,פותחן ליין,,,פותחן ליין,יח',1.00,יח',false,,14.90,14.9000,true,1,2299575
7777555513110,false,כוס מרוקאית,,,כוס מרוקאית,יח',1.00,יח',false,,5.90,5.9000,true,1,2524232
7777555513684,false,כוס אספרסו,,,כוס אספרסו,יח',1.00,יח',false,,3.90,3.9000,true,1,3151443
7777555514186,false,שקית זילוף,,,שקית זילוף,יח',1.00,יח',false,,19.90,19.9000,true,1,3870385
7777555514261,false,קופסת איחסון מיני,,,קופסת איחסון מיני,יח',1.00,יח',false,,4.90,4.9000,true,1,3870392
7777555514940,false,מטאטא גולד,,,מטאטא גולד,יח',1.00,יח',false,,29.90,29.9000,true,1,3870449
7777555515145,false,כרית קרצוף,,,כרית קרצוף,יח',1.00,יח',false,,9.90,9.9000,true,1,3870463
7777555515190,false,מצקת,,,מצקת,יח',1.00,יח',false,,14.90,14.9000,true,1,3870468
7777555515251,false,מברג רב תכליתי,,,מברג רב תכליתי,יח',1.00,יח',false,,19.90,19.9000,true,1,3870474
7777555515275,false,כבל ל-iPhone,,,כבל ל-iPhone,יח',1.00,יח',false,,9.90,9.9000,true,1,3880209
7777555515282,false,כבל טעינה מיקרו USB,,,כבל טעינה מיקרו USB,יח',1.00,יח',false,,9.90,9.9000,true,1,3880210
7777555515299,false,כבל טעינה Type-C,,,כבל טעינה Type-C,יח',1.00,יח',false,,9.90,9.9000,true,1,3880211
7777555515305,false,מלחיה מעוצבת,,,מלחיה מעוצבת,יח',1.00,יח',false,,7.90,7.9000,true,1,3880212
7777555515442,false,שפריצר מעוצב,,,שפריצר מעוצב,יח',1.00,יח',false,,7.90,7.9000,true,1,3894034
7777555515497,false,קרש חיתוך במבוק איכותי,,,קרש חיתוך במבוק איכו,יח',1.00,יח',false,,19.90,19.9000,true,1,3894036
7777555515527,false,משטח בד לייבוש כלים איכותי,,,משטח בד לייבוש כלים,יח',1.00,יח',false,,11.90,11.9000,true,1,3894039
7777555515534,false,תבנית לביצים רב פעמית,,,תבנית לביצים רב פעמי,יח',1.00,יח',false,,14.90,14.9000,true,1,3894040
7777555515633,false,שירותון פסטל,,,שירותון פסטל,יח',1.00,יח',false,,11.90,11.9000,true,1,3894047
7777555515732,false,מלקחיים נירוסטה,,,מלקחיים נירוסטה,יח',1.00,יח',false,,9.90,9.9000,true,1,3890426
7777555515862,false,סט 6 כוסות לשתיה קרה,,,סט 6 כוסות שתייה,יח',1.00,יח',false,,11.90,11.9000,true,1,3906198
7777555515886,false,טפט נדבק לכיסוי השיש,,,טפט נדבק לכיסוי השיש,יח',1.00,יח',false,,14.90,14.9000,true,1,3906200
7777886600015,false,סט תפירה,,,סט תפירה,יח',1.00,יח',false,,6.90,6.9000,true,1,1348431
7777886600077,false,שלישית פותחנים,,,שלישית פותחנים,יח',1.00,יח',false,,4.90,4.9000,true,1,1348436
7777886600084,false,שישיית מזלגות,,,שישיית מזלגות,יח',1.00,יח',false,,9.90,9.9000,true,1,1348437
7777886600091,false,שישיית כפיות,,,שישיית כפיות,יח',1.00,יח',false,,7.90,7.9000,true,1,1348438
7777886600107,false,שישיית כפות,,,שישיית כפות,יח',1.00,יח',false,,9.90,9.9000,true,1,1348439
7777886600121,false,מסנן כיור פרפר,,,מסנן כיור פרפר,יח',1.00,יח',false,,4.90,4.9000,true,1,1348441
7777886600176,false,פומפיה 4 כיוונים,,,פומפיה 4 כיוונים,יח',1.00,יח',false,,24.90,24.9000,true,1,1348446
7777886600206,false,סילר,,,סילר,יח',1.00,יח',false,,9.90,9.9000,true,1,1348449
7777886600213,false,אטבי כביסה 24,,,אטבי כביסה 24,יח',1.00,יח',false,,6.90,6.9000,true,1,1348450
7777886600312,false,מצע למקרר וארונות,,,מצע למקרר וארונות,יח',1.00,יח',false,,9.90,9.9000,true,1,1348460
7777886600350,false,סט כפות במבוק איכותיות,,,סט כפות במבוק איכותי,יח',1.00,יח',false,,9.90,9.9000,true,1,1348464
7777886600527,false,רשת צלייה XL,,,רשת צלייה XL,יח',1.00,יח',false,,19.90,19.9000,true,1,1348475
7777886600565,false,סכומון מעוצב בינוני,,,סכומון מעוצב בינוני,יח',1.00,יח',false,,15.00,15.0000,true,1,1348477
7777886600572,false,סכומון מעוצב גדול,,,סכומון מעוצב גדול,יח',1.00,יח',false,,20.00,20.0000,true,1,1348478
7777886600596,false,מלקחיים נירוסטה XL,,,מלקחיים נירוסטה XL,יח',1.00,יח',false,,7.90,7.9000,true,1,1348480
7777886600602,false,מלקחיים נירוסטה M,,,מלקחיים נירוסטה M,יח',1.00,יח',false,,5.90,5.9000,true,1,1348481
7777886600619,false,פומפיה נירוסטה ענקית,,,פומפיה נירוסטה ענקית,יח',1.00,יח',false,,29.90,29.9000,true,1,1348482
7777886600695,false,מברשת שירותים,,,מברשת שירותים,יח',1.00,יח',false,,10.00,10.0000,true,1,1348490
7777886600725,false,קליפסים לשקיות,,,קליפסים לשקיות,יח',1.00,יח',false,,6.90,6.9000,true,1,1348492
7777886600732,false,קליפסים ארוכים לשקיות,,,קליפסים ארוכים לשקיו,יח',1.00,יח',false,,6.90,6.9000,true,1,1348493
7777886600947,false,נפנף למנגל,,,נפנף למנגל,יח',1.00,יח',false,,3.50,3.5000,true,1,1348513
7777886601234,false,מגב חלון איכותי,,,מגב חלון איכותי,יח',1.00,יח',false,,8.00,8.0000,true,1,1348536
7777886601968,false,אטבי כביסה מארז,,CN,אטבי כביסה FIX,יח',1.00,יח',false,,8.90,8.9000,true,1,1348584
7777886602019,false,דבק דו צדדי כ-2.7 מט,,,דבק דו צדדי כ-2.7 מט,יח',1.00,יח',false,,3.90,3.9000,true,1,1348589
7777886602149,false,סט קוצצי ציפורנים גד,,,סט קוצצי ציפורנים גד,יח',1.00,יח',false,,15.00,15.0000,true,1,1348599
7777886602194,false,אטבי כביסה סיליקון מארז,,CN,אטבי כביסה סופר מילנ,יח',1.00,יח',false,,19.90,19.9000,true,1,1348603
7777886602316,false,מטאטא בראבה,,,מטאטא בראבה,יח',1.00,יח',false,,14.90,14.9000,true,1,1348614
7777886602323,false,מטאטא ארגנטה,,,מטאטא ארגנטה,יח',1.00,יח',false,,19.90,19.9000,true,1,1348615
7777886602330,false,מטאטא רומנה,,,מטאטא רומנה,יח',1.00,יח',false,,19.90,19.9000,true,1,1348616
7777886602347,false,מטאטא פיורנטינה,,,מטאטא פיורנטינה,יח',1.00,יח',false,,24.90,24.9000,true,1,1348617
7777886602354,false,מטאטא בלונדה,,,מטאטא בלונדה,יח',1.00,יח',false,,19.90,19.9000,true,1,1348618
7777886602361,false,יעה+ מברשת,,,יעה+ מברשת,יח',1.00,יח',false,,9.90,9.9000,true,1,1348619
7777886602408,false,מקל מחוזק,,,מקל מחוזק,יח',1.00,יח',false,,6.00,6.0000,true,1,1348620
7777886602415,false,מטאטא פרינסס,,,מטאטא פרינסס,יח',1.00,יח',false,,29.90,29.9000,true,1,1348621
7777886602637,false,מטאטא סלקטה,,,מטאטא סלקטה,יח',1.00,יח',false,,15.90,15.9000,true,1,1348636
7777886602644,false,מטאטא פרימיולה,,,מטאטא פרימיולה,יח',1.00,יח',false,,24.90,24.9000,true,1,1348637
7777886602668,false,מטאטא סלנטינה,,,מטאטא סלנטינה,יח',1.00,יח',false,,14.90,14.9000,true,1,1348639
7777886602699,false,מצע לפירות וירקות 30,,,מצע לפירות וירקות 30,יח',1.00,יח',false,,8.90,8.9000,true,1,1348641
7777886602804,false,גומיות משרדיות כ-350,,,גומיות משרדיות כ-350,יח',1.00,יח',false,,7.90,7.9000,true,1,1348649
7777886602927,false,פטנט לאחסון ואקום,,,פטנט לאחסון ואקום,יח',1.00,יח',false,,24.90,24.9000,true,1,1348657
7777886602958,false,סט סכום בגליל,,,סט סכום בגליל,יח',1.00,יח',false,,39.90,39.9000,true,1,1348660
7777886602972,false,סט קולבים מעץ איכותי,,,סט קולבים מעץ איכותי,יח',1.00,יח',false,,7.90,7.9000,true,1,1348661
7777886603153,false,שישיית קולבים איכותי,,,שישיית קולבים איכותי,יח',1.00,יח',false,,8.90,8.9000,true,1,1348666
7777886603221,false,אטבי כביסה עץ,,,אטבי כביסה עץ,יח',1.00,יח',false,,9.90,9.9000,true,1,1348673
7777886603573,false,"פחמים 2 ק""ג רמי לוי",,,"פחמים 2 ק""ג רמי לוי",קילוגרמים,2.00,"ק""ג",false,,9.90,4.9500,true,1,1348704
7777886603610,false,ערכת פלסטרים,,,ערכת פלסטרים,יח',1.00,יח',false,,4.90,4.9000,true,1,1348707
7777886603627,false,סט ג'ונגל,,,סט ג'ונגל,יח',1.00,יח',false,,19.90,19.9000,true,1,1348708
7777886603832,false,"קרש חיתוך מעוצב 36*25 ס""מ",,,קרש חיתוך מעוצב 36*2,יח',1.00,יח',false,,19.90,19.9000,true,1,1348729
7777886604631,false,סכומון מעוצב,,,סכומון מעוצב,יח',1.00,יח',false,,29.90,29.9000,true,1,2743308
7777886604853,false,מחבת יציקה איכותית 2,,,מחבת יציקה איכותית 2,יח',1.00,יח',false,,44.90,44.9000,true,1,3125499
7777886604860,false,מחבת יציקה איכותית 2,,,מחבת יציקה איכותית 2,יח',1.00,יח',false,,59.90,59.9000,true,1,3125500
7777886604877,false,מחבת יציקה איכותית 30 wood edition,,,מחבת יציקה איכותית 3,יח',1.00,יח',false,,69.90,69.9000,true,1,3125501
7777886604891,false,מחבת יציקה איכותית 20 סדרת עץ,,,מחבת יציקה איכותית 2,יח',1.00,יח',false,,39.90,39.9000,true,1,3125502
7777886604907,false,מחבת יציקה איכותית 24 סדרת עץ,,,מחבת יציקה איכותית 2,יח',1.00,יח',false,,49.90,49.9000,true,1,3125503
7777886604914,false,מחבת יציקה איכותית 28 wood edition,,,מחבת יציקה איכותית 2,יח',1.00,יח',false,,59.90,59.9000,true,1,3125504
7777886605478,false,מכסה למיקרוגל,,,מכסה למיקרוגל,יח',1.00,יח',false,,5.90,5.9000,true,1,3891117
7777886605768,false,יעה פס גומי,,,יעה פס גומי,יח',1.00,יח',false,,5.00,5.0000,true,1,3894076
7777886605775,false,ראש דוש מגביר לחץ MO,,,ראש דוש מגביר לחץ MO,יח',1.00,יח',false,,39.90,39.9000,true,1,3891243
7777886605799,false,ראש דוש TOP +צינור 1,,,ראש דוש TOP +צינור 1,יח',1.00,יח',false,,29.90,29.9000,true,1,3890428
7777886605812,false,ראש דוש BLUE MOCONA,,,ראש דוש BLUE MOCONA,יח',1.00,יח',false,,29.90,29.9000,true,1,3894079
7777886605843,false,ראש דוש 3 מצבים MOCO,,,ראש דוש 3 מצבים MOCO,יח',1.00,יח',false,,24.90,24.9000,true,1,3889983
7777886605874,false,צינור אמבט מתכת מחוזק 2 מטר MOCONA,,,צינור אמבט מתכת מחוז,יח',1.00,יח',false,,29.90,29.9000,true,1,3894082
7777886605881,false,צינור אמבט גמיש MOCONA,,,צינור אמבט גמיש MOCO,יח',1.00,יח',false,,24.90,24.9000,true,1,3890874
7777886605911,false,וילון אמבט 1.8*1.8מ MOCONA,,,וילון אמבט 1.8*1.8מ,יח',1.00,יח',false,,29.90,29.9000,true,1,3894083
7777886605928,false,שלילית ווים נדבקים M,,,שלילית ווים נדבקים M,יח',1.00,יח',false,,4.90,4.9000,true,1,3903097
7777886605942,false,שלישית ווים ניצמדים MOCONA,,,שלישית ווים ניצמדים,יח',1.00,יח',false,,5.90,5.9000,true,1,3894085
7777886605959,false,שישיית ווים לתליה MOCONA,,,שישיית ווים לתליה MO,יח',1.00,יח',false,,9.90,9.9000,true,1,3894086
7777886605966,false,פקק חכם MOCONA,,,פקק חכם MOCONA,יח',1.00,יח',false,,8.90,8.9000,true,1,3894087
7777886605980,false,צנצנת MARBLE -M,,,צנצנת MARBLE -M,יח',1.00,יח',false,,14.90,14.9000,true,1,3894088
7777886606017,false,אטבים ענקיים,,,אטבים ענקיים,יח',1.00,יח',false,,5.90,5.9000,true,1,3894091
7777886606086,false,קערת זכוכית מעוצבת ב,,,קערת זכוכית מעוצבת ב,יח',1.00,יח',false,,3.90,3.9000,true,1,3891118
7777886700111,false,אולר הישרדות,,,אולר הישרדות,יח',1.00,יח',false,,29.90,29.9000,true,1,3894101
7777886700197,false,סט 12 כפיות פסטל,,,סט 12 כפיות פסטל,יח',1.00,יח',false,,9.90,9.9000,true,1,3894106
7777886700234,false,פורס ביצה קפיצי,,,פורס ביצה קפיצי,יח',1.00,יח',false,,16.90,16.9000,true,1,3894107
7777886700272,false,סט כוסות קש פסטל,,,סט כוסות קש פסטל,יח',1.00,יח',false,,9.90,9.9000,true,1,3894108
7777886700289,false,סט צלחת מחולקת דובי,,,סט צלחת מחולקת דובי,יח',1.00,יח',false,,7.90,7.9000,true,1,3894109
7777886700319,false,מסננת רשת M,,,מסננת רשת M,יח',1.00,יח',false,,14.90,14.9000,true,1,3891395
7777886700333,false,מסננת רשת XL,,,מסננת רשת XL,יח',1.00,יח',false,,24.90,24.9000,true,1,3894112
7777886700364,false,סט קערות פסטל,,,סט קערות פסטל,יח',1.00,יח',false,,9.90,9.9000,true,1,3890876
7777887755554,false,סט סכינים רב שימושיות רמי לוי,,,סט סכינים רב שימושיו,יח',1.00,יח',false,,19.90,19.9000,true,1,1348779
7777999900132,false,מלחיה זכוכית,דגש,,מלחיה זכוכית,יח',1.00,יח',false,,3.00,3.0000,true,1,1348832
7777999901115,false,אלמוגית רחבה סירה,,,אלמוגית רחבה סירה,יח',1.00,יח',false,,9.90,9.9000,true,1,1348863
7777999910636,false,מברשת לניקוי אסלה יח,דגש,CN,מברשת לניקוי מעוצבת,יח',1.00,יח',false,,6.00,6.0000,true,1,1348898
7777999911374,false,סבוניה ואקום,,,סבוניה ואקום,יח',1.00,יח',false,,9.90,9.9000,true,1,1348931
7778999900948,false,כלי בית כללי,,,כלי בית כללי,יח',1.00,יח',false,,14.90,14.9000,true,1,1348955
7778999901778,false,כלי בית כללי,,,כלי בית כללי,יח',1.00,יח',false,,19.90,19.9000,true,1,1348963
7790040420076,false,מיני אלפחורס בון בון 117 גר,ארקור,AR,מיני אלפחורס בון בון,גרמים,117.00,100 גרם,false,,8.90,0.0761,true,1,3893124
7790040423022,false,עוגיית אלפחורס בונבון במיולי קרם בוטנים 19.5 גר',ארקור,AR,בון בון 45אלפחורס 19,גרמים,45.00,100 גרם,false,,2.90,0.0644,true,1,3905461
7790580109646,false,"וופל בון בון, 45 גרם",,,וופל בון בון 45 גר,גרמים,45.00,100 גרם,false,,2.90,0.0644,true,1,3905462
7790580315979,false,סוכריות ממולאות טעם פירות 470ג' מהדרין,,IL,סוכריות ממולאות פירו,גרמים,470.00,100 גרם,false,,13.90,0.0296,true,1,1573094
7790580412654,false,מארז בון בון צהוב 270 גרם,ארקור,MX,בונבון צהוב 270 גר,גרמים,270.00,100 גרם,false,,15.90,0.0589,true,1,3868916
7790580421663,false,שוקולד בון בון ריבת חלב 288 גרם,ארקור,AR,בון בון 288גר ריבת ח,גרמים,288.00,100 גרם,false,,19.90,0.0691,true,1,3905463
7798141877829,false,"יין גאטו נגרו פינו גריג'ו 750 מ""ל",פינקה לה סליה,AR,גאטו נגרו פינו גריג',מטרים,750.00,100 מ'ל,false,,38.90,0.0519,true,1,3894942
7798141877836,false,"יין גאטו נגרו סובניון בלאן 750 מ""ל",פינקה לה סליה,AR,גאטו נגרו סובניון בל,מטרים,750.00,100 מ'ל,false,,38.90,0.0519,true,1,3894943
7804414000860,false,יין דון חוליו קברנה סוביניון,צ'ילה לואיס פיליפה אדוארדס,CL,דון חוליו קברנה כשר,מיליליטרים,750.00,"100 מ""ל",false,,26.90,0.0359,true,1,1338041
7804414000877,false,"יין דון חוליו מרלו 750 מ""ל",צ'ילה לואיס פיליפה אדוארדס,CL,דון חוליו מרלו כשר,מיליליטרים,750.00,"100 מ""ל",false,,26.90,0.0359,true,1,1338042
7804414012351,false,יין אדום יבש מלבק דו,צ'ילה לואיס פיליפה א,CL,דון חוליו מלבק,מיליליטרים,750.00,"100 מ""ל",false,,26.90,0.0359,true,1,2905679
7804414012368,false,יין אדום רוזה דון חו,צ'ילה לואיס פיליפה א,CL,דון חוליו רוזה,מיליליטרים,750.00,"100 מ""ל",false,,26.90,0.0359,true,1,2905680
7891024124826,false,קולגייט משחת אופטיק ספרקלינג וייט 75מל,הנסיך- מפעל לייצור ט,BR,משחת שיניים אופטיק ו,100 מל,75.00,100 מל,false,,19.90,0.2653,true,1,1327362
7891024179482,false,"שטיפת פה קולגייט אופטיק וייט 500מ""ל",יבואן ומשווק: ש. שסט,PL,מי פה אופטיק וייט קו,מיליליטרים,500.00,"100 מ""ל",false,,24.90,0.0498,true,1,1327369
7891118014767,false,טופי בטעם תות יוגורט בוטובסקי,,,סוכריות טופי יוגורט,גרמים,500.00,100 גרם,false,,9.90,0.0198,true,1,3893127
7901131958822,false,סובין שיבולת שועל 30,,,סובין שיבולת שועל 30,גרמים,300.00,100 גרם,false,,9.90,0.0330,true,1,3890894
8000070010680,false,קפסולות אספרסו לוואצה NCC מותאמות למכונו,לאוג'י לוואצה אס.פי.אי,IT,לוואצה ויגורוסו,יח',1.00,יח',false,,16.90,16.9000,true,1,3893078
8000070012783,false,קפה לוואצה קלוי וטחון חוזק 5 אורו 250 גר,לאוג'י לוואצה אס.פי.אי,IT,קפה אורו זהב לוואצה,גרמים,250.00,100 גרם,false,,38.90,0.1556,true,1,1340141
8000070032835,false,קפה לוואצה קלוי וטחון חוזק 10 מטינו 250 גר,לאוג'י לוואצה אס.פי.אי,IT,קפה לוואצה מאטינו 25,גרמים,250.00,100 גרם,false,,26.90,0.1076,true,1,1340146
8000070038868,false,קפה לוואצה קלוי וטחון חוזק 8 קלאסיקו 250 גר,לאוג'י לוואצה אס.פי.אי,IT,קפה קרמה גוסטו לוואצ,גרמים,250.00,100 גרם,false,,28.90,0.1156,true,1,1340148
8000070081109,false,קפסולות לוואצה ריקו נטולקפאין 6 נספרס 50,לאוג'\י לוואצה אס.פי.אי,IT,קפסולות לוואצה 10 יח,יח',1.00,יח',false,,16.90,16.9000,true,1,3868800
8000113003402,false,"קמח תירס בוואקום 1 ק""ג",מולינו ניקולי אס.פי.,IT,"קמח תירס 1 ק""ג",100 לקג,1.00,100 לקג,false,,16.50,16.5000,true,1,1324210
8000215204219,false,ויטאריז משקה אורז אורגני 1 ליטר,בטר אנד דיפרנט,IT,משקה אורז אורגני ללא,ליטרים,1.00,ליטר,false,,12.90,12.9000,true,1,3862357
8000215204240,false,ויטאריז משקה שקדים ואורז אורגני 1 ליטר,בטר אנד דיפרנט,IT,משקה שקדים ואורז אור,ליטרים,1.00,ליטר,false,,12.90,12.9000,true,1,3839516
8000215204554,false,ויטאריז משקה אורז קוקוס אורגני 1 ליטר,ויטריז Vitariz,IT,משקה אורז קוקוס אורג,ליטרים,1.00,ליטר,false,,12.90,12.9000,true,1,3862362
8000215204561,false,ויטסי משקה שקדים אורגני 1 ליטר,בטר אנד דיפרנט,IT,ויטסי משקה שקדים אור,יח',1.00,יח',false,,14.90,14.9000,true,1,3878616
8000215204653,false,משקה סויה אורגני 1ליטר,בטר אנד דיפרנט,IT,ויטסי משקה סויה 1 לי,מטרים,1000.00,100 מ'ל,false,,11.90,0.0119,true,1,3878618
8000215204677,false,ויטריז - משקה שיבולת שועל בריסטה אורגני,בטר אנד דיפרנט,IT,ויטריז משקה שיבולת ש,ליטרים,1.00,ליטר,false,,12.90,12.9000,true,1,3903003
8000215204714,false,משקה שיבולת שועל אורגני 1 ליטר PRIMAVENA,בטר אנד דיפרנט,IT,משקה שבולת שועל אורג,ליטרים,1.00,ליטר,false,,12.90,12.9000,true,1,3862363
8000380003723,false,וופל אגוזים בציפוי שוקולד לואקר 100 גרם,קריניציה ויטמינה אס,IT,וופל אגוזים בציפוי ש,גרמים,100.00,100 גרם,false,,11.50,0.1150,true,1,1337236
8000380003754,false,עוגיות וופל קפה קפוצ'ינו 100 גרם לואקר,"כד בני דרום בע""מ",IT,לואקר גרנד פטיסרי קפ,גרמים,100.00,100 גרם,false,,11.60,0.1160,true,1,3097222
8000380003761,false,וופל גרנד פטיסרי שוקולד וקוקוס לואקר 100 גרם,קריניציה ויטמינה אס,IT,וופל גרנד פטיסרי שוק,גרמים,100.00,100 גרם,false,,11.50,0.1150,true,1,1337237
8000380004669,false,וופל לואקר סנדוויץ קוביות ושוקולד 200ג',"א. לואקר, קונפקט ג'י",AT,וופל סנדוויץ' קקאו ל,גרמים,200.00,100 גרם,false,,11.90,0.0595,true,1,1337239
8000380004676,false,קוביות וופל סנדוויץ Sandwich עם וניל וחלב,"א. לואקר, קונפקט ג'י",AT,קוביות וופל קרם וניל,גרמים,200.00,100 גרם,false,,11.90,0.0595,true,1,1337240
8000380004911,false,קוביות וופל קואדרטיני Quadratini קרם אגוזים,קריניציה ויטמינה אס,AT,וופל קואדרטיני אגוזי,גרמים,250.00,100 גרם,false,,13.90,0.0556,true,1,1337242
8000380004942,false,קוביות וופל בטעם וניל לואקר 250 גרם,ליימן מותגים,AT,קוביות וופל בטעם וני,גרמים,250.00,100 גרם,false,,13.90,0.0556,true,1,1337243
8000380004966,false,וופל קוארדטיני לואקר קוביות שוקולד 250ג',קריניציה ויטמינה אס,AT,קוביות וופל בטעם קקא,גרמים,250.00,100 גרם,false,,13.90,0.0556,true,1,1337244
8000380007219,false,וופלים בטעם אגוזים לואקר 175 גרם,ליימן מותגים,AT,וופל בטעם אגוזים לוא,גרמים,175.00,100 גרם,false,,10.80,0.0617,true,1,1337250
8000380007257,false,וופל גרדנה אגוזים לואקר 200 גרם,קריניציה ויטמינה אס,IT,וופל בטעם אגוזים לוא,גרמים,200.00,100 גרם,false,,13.70,0.0685,true,1,1337252
8000380007264,false,וופלים בטעם קקאו לואקר 175 גרם,קריניציה ויטמינה אס,AT,וופל בטעם קקאו לואקר,גרמים,175.00,100 גרם,false,,10.80,0.0617,true,1,1337253
8000380007271,false,וופל במילוי קרם חלב לואקר 175 גרם,ליימן מותגים,AT,וופל במילוי קרם חלב,גרמים,175.00,100 גרם,false,,10.80,0.0617,true,1,1337254
8000380106028,false,טורטינה לואקר וופל שוקולד ואגוזים שישיה 125ג',קריניציה ויטמינה אס,IT,טורטינה לואקר 125 גר,גרמים,125.00,100 גרם,false,,15.50,0.1240,true,1,1337256
8000380142484,false,קוביות וופל קואדרטיני Quadratini בטעם שוקולד מריר,"אינסטנטה בע""מ",AT,וופל קואדרטיני שוקול,גרמים,250.00,100 גרם,false,,13.90,0.0556,true,1,1337258
8000380144044,false,גרדנה וופל מצופה שוקולד חלב לואקר 200 גרם,"א. לואקר , AG/SpA, ו",IT,גרדנה וופל מצופה שוק,גרמים,200.00,100 גרם,false,,13.70,0.0685,true,1,1337260
8000380148035,false,וופל אגוזי לוג שוקולד מריר גראן פטיסרי Gran Pasticceria,קריניציה ויטמינה אס,IT,וופל בציפוי שוקולד מ,גרמים,100.00,100 גרם,false,,11.60,0.1160,true,1,1583838
8000380153534,false,מארז וופל שוקולד טורטינה Tortina שוקולד לבן,א. לואקר אס. פי. אי-אי.,IT,טורטינה וויט שישיה 1,גרמים,125.00,100 גרם,false,,15.50,0.1240,true,1,1337270
8000380156023,false,לואקר ורד הדולומיטים,,,לואקר ורד הדולומיטים,גרמים,150.00,100 גרם,false,,19.90,0.1327,true,1,3893082
8000380157440,false,שוקולד חלב במילוי קרם אגוזי לוז לואקר 87 גרם,"אינסטנטה בע""מ",IT,שוקולד לואקר אגוז 85,גרמים,87.00,100 גרם,false,,5.90,0.0678,true,1,2118014
8000380180721,false,לואקר וופל קקאו במילוי קרם חלבי 175 גר,קריניציה ויטמינה אס,AT,לואקר קלאסיק 175 גר,גרמים,175.00,100 גרם,false,,10.80,0.0617,true,1,1373006
8000380180745,false,וופל קוביות קקאו במילוי קרם חלב לואקר 250 גרם,"א. לואקר, קונפקט ג'י",AT,קואדרטיני שוקו חלב 2,גרמים,250.00,100 גרם,false,,13.90,0.0556,true,1,1373007
8000380180837,false,וופל גרנד פטיסרי קוקוס לבן מצופה שוקולד לבן לואקר 100 גרם,"אינסטנטה בע""מ",IT,גרנד פטיסרי קרם קוקו,גרמים,100.00,100 גרם,false,,11.60,0.1160,true,1,1926464
8000380184316,false,לואקר שוק.חלב במילוי,ליימן מותגים,,לואקר שוקולד חלב 80,גרמים,80.00,100 גרם,false,,5.90,0.0738,true,1,3671417
8000380192243,false,וופלים לואקר מקסי בטעם אגוז 200 גר',לואקר Loacker,AT,לואקר מקסי טעם אגוז,גרמים,200.00,100 גרם,false,,11.90,0.0595,true,1,3857116
8000380192250,false,וופלים לואקר מקסי בטעם שוקולד 200 גר',לואקר Loacker,AT,לואקר מקסי טעם שוקול,גרמים,200.00,100 גרם,false,,11.90,0.0595,true,1,3857117
8000380192588,false,וופלים קואדרטיני דאבל שוקולד לואקר 250 גרם,קריניציה ויטמינה אס,AT,וופל קואדרטיני דאבל,גרמים,250.00,100 גרם,false,,13.90,0.0556,true,1,3868812
8000380198221,false,"וופל לואקר מקסי דאבל שוקולד 200 גרם בד""צ",לואקר Loacker,AT,לואקר מקסי טעם אגוז,גרמים,200.00,100 גרם,false,,11.90,0.0595,true,1,3886297
8000380201396,false,שוקולד חלב ממולא קרם קרמל ועלי וופל פריכ,ליימן מותגים,AT,טורטינה קרמל,גרמים,149.00,100 גרם,false,,15.50,0.1040,true,1,3893085
8000380201525,false,חטיפי גרנד פטיסרי שישיה בטעם אגוזי לוז 126 ג' לואקר,ליימן מותגים,IT,לואקר פטיסרי אגוז 15,גרמים,152.00,100 גרם,false,,15.50,0.1020,true,1,3897952
8000380201549,false,מארז שישיית גרנד פטיסרי קוקוס 126 גרם,ליימן מותגים,IT,לואקר פטיסרי קוקוס 1,גרמים,152.00,100 גרם,false,,15.50,0.1020,true,1,3897953
8000392006132,false,מגב אייפל פטנט,,CN,מגב אייפל פטנט,יח',1.00,יח',false,,24.90,24.9000,true,1,1349018
8000392050074,false,כרית קירצוף מסיליקון,,,כרית מהפכנית,יח',1.00,יח',false,,9.90,9.9000,true,1,3889904
8000392900010,false,"מגב אייפל מסיליקון 45 ס""מ + מקל",מ.א. ייצור ויבוא מטליות,CN,מגב אייפל סיליקון פט,יח',1.00,יח',false,,54.90,54.9000,true,1,1349025
8000500018828,false,שלישיית קינדר שוקולד חצי מטר 100 גרם,קינדר Kinder,IT,קינדר שוקולד,גרמים,300.00,100 גרם,false,,18.90,0.0630,true,1,3713582
8000500023624,false,חטיפי הפי היפו Happy Hippo במילוי קרם חלב וקקאו,פררו - אלבה,IT,חטיף הפי היפו קינדר,גרמים,100.00,100 גרם,false,,11.50,0.1150,true,1,1337284
8000500023976,false,בונבוניירת רפאלו פררו 150 גרם,פררו - אלבה,PL,בונבוניירת רפאלו פרר,גרמים,150.00,100 גרם,false,,14.90,0.0993,true,1,1337285
8000500026731,false,שוקולד ביצי הפתעה קינדר שלישייה,פררו אס.פי.אי,IT,קינדר ביצת הפתעה שלי,גרמים,114.00,100 גרם,false,,13.80,0.1211,true,1,1337286
8000500029350,false,מארז וופל מצופה 3יח' *43 גרם קינדר בואנו,פררו - אלבה,PL,שוקולד קינדר בואנו ש,גרמים,129.00,100 גרם,false,,9.90,0.0767,true,1,1337288
8000500032237,false,בונבונרייה פררו רושר 375 גרם,פררו - אלבה,IT,רושר 375 גרם,גרמים,375.00,100 גרם,false,,39.90,0.1064,true,1,1337289
8000500037874,false,בונבונרייה פררו רושר 200 גרם,פררו - אלבה,IT,בונבוניירת פררו רושה,גרמים,200.00,100 גרם,false,,22.90,0.1145,true,1,1337290
8000500071083,false,אצבעות שוקולד קינדר Kinder שש עשרה יחידות,פררו - אלבה,IT,אצבעות קינדר שוקולד,גרמים,200.00,100 גרם,false,,11.90,0.0595,true,1,1337292
8000500075708,false,ביצי שוקולד הפתעה קינדר ג'וי כחול בנים שלישיה,פררו - אלבה,ZA,קינדר ג'וי שלישייה 6,גרמים,20.00,100 גרם,false,,13.80,0.6900,true,1,1337293
8000500121436,false,מארז קינדר בואנו Kinder Bueno לבן שלוש יחידות,פררו - אלבה,PL,קינדר בואנו לבן שליש,גרמים,117.00,100 גרם,false,,9.90,0.0846,true,1,1337295
8000500126325,false,ביצי שוקולד הפתעה קינדר ג'וי ורוד בנות שלישיה,פררו - אלבה,ZA,קינדר ג'וי שלישייה 6,גרמים,20.00,100 גרם,false,,13.80,0.6900,true,1,1337296
8000500127728,false,ק'נדר מילק עוגת ספוג מצופה שוקולד 112 גרם,פררו טורקיה צ'\יקולטה וו,TR,מארז עוגות קינדר מצו,גרמים,112.00,100 גרם,false,,12.90,0.1152,true,1,3891999
8000500167656,false,קינדר שוקולד עם דגנים סיריאל 94 ג',פררו,IT,קינדר שוקולד עם דגני,גרמים,94.00,100 גרם,false,,7.70,0.0819,true,1,3880793
8000500172810,false,סוכריות בטעם תות שדה מנטה- מארז רביעייה,פררו - אלבה,EC,טיק טק רביעייה תות ש,גרמים,16.00,100 גרם,false,,9.90,0.6188,true,1,1337299
8000500217740,false,קינדר בואנו מיני 86 גרם,פררו,PL,קינדר בואנו מיני 86,יח',1.00,יח',false,,9.90,9.9000,true,1,3886621
8000500227848,false,נוטלה - בי רדי אצבעות ביסקוויט במילוי שוקולד 6 יח' * 22 גרם,פררו,IT,נוטלה בי ריידי,גרמים,132.00,100 גרם,false,,10.70,0.0811,true,1,3871946
8000500247167,false,פררו קולקשן - כדורי וופל מצופים 24 יחידו,פררו,DE,פררו קולקשין 269 גר,גרמים,249.00,100 גרם,false,,39.90,0.1602,true,1,3332396
8000500249352,false,קינדר בואנו מיני מיקס שקית 205 ג',פררו - אלבה,PL,קינדר בואנו מיני מיק,גרמים,205.00,100 גרם,false,,17.80,0.0868,true,1,3514209
8000500256213,false,קינדר שוקולד מיני בשקית.,פררו - אלבה,IT,קינדר שוקולד מיני 12,גרמים,120.00,100 גרם,false,,8.90,0.0742,true,1,3871948
8000500267103,false,קינדר דליס עוגת ספוג קקאו במילוי חלבי*10,קינדר Kinder,IT,קינדר דליס מארז עשיר,גרמים,390.00,100 גרם,false,,18.90,0.0485,true,1,3871949
8000500353738,false,רביעיה סוכריות בטעם מנטה חזק 4 * 16 ג' טחק טק,פררו,ZA,טיק טק מנטה חזק 64 ג,גרמים,64.00,100 גרם,false,,9.90,0.1547,true,1,3890002
8000500374429,false,גרנד פררו רושה מעטפת שוקולד חלב עם אגוזי לוז,פררו Ferrero,PL,בונבוניירה גראנד רוש,גרמים,125.00,100 גרם,false,,14.90,0.1192,true,1,3894941
8000500374542,false,שוקולד מריר מעולה אגוזי לוז פררו רושה125,רושר,PL,פררו גרנד רושה שוקול,גרמים,125.00,100 גרם,false,,14.90,0.1192,true,1,3906463
8000700000050,false,דאב סבון מוצק אורגינל רביעייה,יוניליוור גרמניה (מנ,DE,סבון מוצק לבן דאב 4*,גרמים,400.00,100 גרם,false,,14.90,0.0373,true,1,1331456
8001003100164,false,יוגטה סוכריות ג'לי בטעמי פירות 450 גרם,יוגטה yogueta,IT,סוכריות ג'לי 450 גר,גרמים,450.00,100 גרם,false,,9.90,0.0220,true,1,3868813
8001003100218,false,סוכריות יוגטה ג'לי פירות 800 גר',תות ממתקי איכות,IT,סוכריות ג'לי פירות 8,גרמים,800.00,100 גרם,false,,15.90,0.0199,true,1,1337306
8001090015969,false,פיירי טבליות למדיח פלטינום 63 יחידות,פרוקטר אנד גמבל,BE,פיירי טבליות למדיח 6,גרמים,938.00,100 גרם,false,,44.90,0.0479,true,1,2324344
8001090016003,false,"טבליות למדיח פיירי 84 יחידות בד""צ",פרוקטר אנד גמבל,BE,פיירי טבליות למדיח 8,קילוגרמים,1.14,"ק""ג",false,,44.90,39.3860,true,1,2324314
8001090065964,false,תחבושות אולוויז דיסקרט נורמל 12 יח,פרוקטר אנד גמבל,DE,תחבושות אולוויז דיסק,יח',1.00,יח',false,,13.90,13.9000,true,1,3901444
8001090065988,false,תחבושות אולוויז דיסקרט לונג 10 יח לבריחת שתן,פרוקטר אנד גמבל,DE,תחבושות אולוויז דיסק,יח',1.00,יח',false,,13.90,13.9000,true,1,3901445
8001090066008,false,תחבושות אולוויז לבריחת שתן לונג פלוס 8יח,פרוקטר אנד גמבל,DE,תחבושות אולוויז דיסק,יח',1.00,יח',false,,13.90,13.9000,true,1,3901446
8001090111685,false,תחתונים אולוויז דיסקריט מידה L לבריחת שתן,פרוקטר אנד גמבל,DE,אולוויז דיסקריט תחתו,יח',1.00,יח',false,,25.90,25.9000,true,1,3901448
8001090156839,false,פמפרס בייבי דריי מידה 4 86 יח,פרוקטר & גמבל,TR,פמפרס בייבי דריי מיד,יח',1.00,יח',false,,64.90,64.9000,true,1,3905475
8001090268617,false,פמפרס בייבי דריי 3 1,פרוקטר אנד גמבל,DE,פמפרס בייבי דריי 3 1,יח',1.00,יח',false,,69.80,69.8000,true,1,3879932
8001090336354,false,פמפרס בייבי דריי חיתולים מידה 2 46 יח,פרוקטר אנד גמבל,DE,חיתולי פמפרס בייבי,יח',1.00,יח',false,,29.90,29.9000,true,1,3879933
8001090368553,false,פמפרס בייבי דריי מידה 6 68 יח,פרוקטר & גמבל,TR,פמפרס בייבי דריי מיד,יח',1.00,יח',false,,64.90,64.9000,true,1,3905477
8001090377487,false,מסכה לשיער פנטן לחות מוגברת 300 מל,פרוקטר אנד גמבל,RO,פנטן מסכה לחות מוגבר,מיליליטרים,300.00,"100 מ""ל",false,,34.90,0.1163,true,1,3869887
8001090379337,false,פמפרס פרימיום קר חיתולים שלב 3 40 יח VP,פרוקטר אנד גמבל,PL,חיתולי פמפרס פרימיום,יח',40.00,יח',false,,30.90,0.7725,true,1,3825872
8001090379368,false,פמפרס פרימיום קר חיתולים שלב 4 34 יח VP,פרוקטר אנד גמבל,PL,חיתולי פמפרס פרימיום,יח',34.00,יח',false,,30.90,0.9088,true,1,3825873
8001090379399,false,פמפרס פרימיום קר חיתולים שלב 5 30 יח VP,פרוקטר אנד גמבל,PL,חיתולי פמפרס פרימיום,יח',30.00,יח',false,,30.90,1.0300,true,1,3825874
8001090458322,false,פיירי ורדים משי 1.015 מלי,פרוקטר אנד גמבל,GB,פיירי ורדים משי 1.01,ליטרים,1.01,ליטר,false,,15.90,15.7426,true,1,3327954
8001090493637,false,"הד אנד שולדרס שמפו אולטרא טוטאל קר 450 מ""ל",פרוקטר אנד גמבל,RO,הדשולדרס שמפו אולטרא,מיליליטרים,450.00,"100 מ""ל",false,,17.90,0.0398,true,1,3583971
8001090721099,false,טבליות ג'ל לכביסה 3 ב-1 בניחוח אביב הרים,פרוקטר אנד גמבל,FR,אריאל קפסולות לכביסה,יח',1.00,יח',false,,30.90,30.9000,true,1,3869901
8001090734044,false,אולוויז מגן תחתון גיגה פק לארג' אקסטרה פרוטקט 64 יח',פרוקטר אנד גמבל,DE,מגן תחתון אולוויז מג,יח',64.00,יח',false,,16.90,0.2641,true,1,3869904
8001090740717,false,מגני תחתון אולוויז נורמל עם ניחוח רענן Fresh Scent,פרוקטר אנד גמבל )ראה קוד,UA,מגן תחתון אולוויז מג,יח',76.00,יח',false,,16.90,0.2224,true,1,3869906
8001090802385,false,קפסולות גל לכביסה טייד בניחוח לנור 26 יח,פרוקטר אנד גמבל,FR,טייד קפסולות ג'ל 26,יח',26.00,יח',false,,23.90,0.9192,true,1,3869910
8001090832535,false,"שמפו פנטן שמן מרוקאי משקם 660 מ""ל",פרוקטר אנד גמבל,RO,פנטן שמפו שמן מרוקאי,מיליליטרים,660.00,"100 מ""ל",false,,18.90,0.0286,true,1,3885241
8001090832573,false,"שמפו פנטן לחות מוגברת 660 מ""ל",פרוקטר אנד גמבל,RO,פנטן שמפו לחות מוגבר,מיליליטרים,660.00,"100 מ""ל",false,,18.90,0.0286,true,1,3885242
8001090832610,false,"שמפו פנטן למגע רך כמשי 660 מ""ל",פרוקטר אנד גמבל,RO,פנטן שמפו למגע רך כמ,מיליליטרים,660.00,"100 מ""ל",false,,18.90,0.0286,true,1,3886386
8001090832696,false,"פנטן שמפו לתלתלים מושלמים 660 מ""ל",פרוקטר אנד גמבל,RO,פנטן שמפו לתלתלים מו,מיליליטרים,660.00,"100 מ""ל",false,,18.90,0.0286,true,1,3885243
8001090832771,false,"פנטן שמפו להזנת קרטין 660 מ""ל",פרוקטר אנד גמבל,RO,פנטן שמפו הזנת קרטין,מיליליטרים,660.00,"100 מ""ל",false,,18.90,0.0286,true,1,3885245
8001090832818,false,מרכך פנטן הנוסחה הקלאסית לשיער רגיל ומעורב,פרוקטר אנד גמבל,RO,פנטן מרכך נוסחה קלאס,מיליליטרים,600.00,"100 מ""ל",false,,18.90,0.0315,true,1,3885246
8001090832856,false,"פנטן 660 מ""ל קונדישינר מרוקאי משקם",פרוקטר אנד גמבל,RO,פנטן מרכך מרוקאי משק,מיליליטרים,660.00,"100 מ""ל",false,,18.90,0.0286,true,1,3885247
8001090832894,false,מרכך לשיער חלש ופגום לחות מוגברת,פרוקטר אנד גמבל,RO,פנטן מרכך לחות מוגבר,מיליליטרים,660.00,"100 מ""ל",false,,18.90,0.0286,true,1,3885248
8001090832931,false,"פנטן 660 מ""ל קונדישינר למגע רך כמשי",פרוקטר אנד גמבל,RO,פנטן מרכך למגע רך כמ,מיליליטרים,660.00,"100 מ""ל",false,,18.90,0.0286,true,1,3886387
8001090832979,false,"פנטן מרכך לתלתלים מושלמים 660 מ""ל",פנטן שמפו ומרכך ב 17,RO,פנטן מרכך לתלתלים מו,מיליליטרים,660.00,"100 מ""ל",false,,18.90,0.0286,true,1,3885249
8001090833051,false,"פנטן 660 מ""ל קונדישינר הזנת קרטין",פנטן שמפו ומרכך ב 17,RO,פנטן מרכך הזנת קרטין,מיליליטרים,660.00,"100 מ""ל",false,,18.90,0.0286,true,1,3885251
8001090833136,false,אריאל ג'ל כביסה בייבי 2.255 ליטר,פרוקטור אנד גמבל,FR,אריאל ג'ל כביסה בייב,ליטרים,2.26,ליטר,false,,27.90,12.3451,true,1,3863352
8001090833259,false,גל כביסה אריאל בניחוח הרים 3.740 ליטר,פרוקטר אנד גמבל,FR,אריאל ג'ל כביסה ניחו,ליטרים,3.74,ליטר,false,,39.80,10.6417,true,1,3869921
8001090899194,false,תחבושות אולוויז פלטינום נורמל 24 יחידות,פרוקטר אנד גמבל,DE,תחבושות אולוויז פלטי,יח',1.00,יח',false,,17.90,17.9000,true,1,3893603
8001090899224,false,תחבושות אולוויז פלטינום לונג 20 יחידות,פרוקטר אנד גמבל,DE,תחבושות אולוויז פלטי,יח',1.00,יח',false,,17.90,17.9000,true,1,3890859
8001090899255,false,תחבושות אולוויז פלטינום לילה 16 יחידות,פרוקטר אנד גמבל,DE,תחבושות אולוויז פלטי,יח',1.00,יח',false,,16.90,16.9000,true,1,3893604
8001090899286,false,תחבושות אולוויז פלטינום לילה בטוח 14 יח',פרוקטר אנד גמבל,DE,תחבושות אולוויז פלטי,יח',1.00,יח',false,,16.90,16.9000,true,1,3893605
8001090943095,false,סבון כלים פעולה אנטי-בקטריאלית אקליפטוס,פיירי Fairy,,פיירי אנטי בקטריאלי,ליטרים,1.01,ליטר,false,,17.90,17.7228,true,1,3869929
8001090961907,false,"אבקת כביסה אריאל שושן צחור 9 ק""ג",פרוקטר אנד גמבל,,אבקת כביסה אריאל שוש,קילוגרמים,9.00,"ק""ג",false,,59.90,6.6556,true,1,3891103
8001160001786,false,"משקה אנרגיה גטורייד ספורט כחול 500מ""ל",אקווה מינרלה סאן בנדטו,IT,גטורייד ספורט כחול 5,מיליליטרים,500.00,"100 מ""ל",false,,9.90,0.0198,true,1,3837052
8001160001892,false,"משקה אנרגיה גטורייד ספורט תפוז אדום 500מ""ל",אקווה מינרלה סאן בנדטו,IT,גטורייד ספורט תפוז א,מיליליטרים,500.00,"100 מ""ל",false,,9.90,0.0198,true,1,3837053
8001359008589,false,פרולטה שמפו אובליפיחה לחיזוק שורשים,פאר פארם,IL,שמפו לנשירת שיער 500,מיליליטרים,500.00,"100 מ""ל",false,,22.90,0.0458,true,1,1355977
8001359108654,false,"מויסטר ריסורס קרם פנים 250מ""ל",אנדראה טיפוח,IL,קרם לחות לפנים מויסט,יח',1.00,יח',false,,19.90,19.9000,true,1,1355981
8001620011935,false,"סן בנדטו- מים מינרלים מוגז - מארז שישיית 500 מ""ל",אקווה מינרלה סאן בנד,IT,"סן בנדטו מוגז 500 מ""ל שיש",ליטרים,3.00,ליטר,false,,11.90,3.9667,true,1,1326696
8001620015629,false,"משקה פירות בטעם תפוז ותפוז אדום 400 מ""ל פרוטה",אקווה מינרלה סאן בנדטו ב,IT,משקה פרוטה תפוז 400,מיליליטרים,400.00,"100 מ""ל",false,,6.50,0.0163,true,1,3900055
8001620015636,false,"משקה פירות פרוטה-מיקס פירות 400 מ""ל סאן בנדטו",אקווה מינרלה סאן בנדטו ב,IT,משקה פרוטה מיקס פירו,מיליליטרים,400.00,"100 מ""ל",false,,6.50,0.0163,true,1,3892053
8001620017456,false,"סן בנדטו ספורט, מים מינרלים טבעיים 500 מ""ל שישייה",אקווה מינרלה סאן בנדטו ב,IT,"סאן בנדטו 6*500 מ""ל",ליטרים,6.00,ליטר,false,,13.90,2.3167,true,1,3832231
8001841053646,false,תחבושות אולוויז עבה נורמל פלוס 14 יחידות,פרוקטר אנד גמבל )ראה קוד,HU,תחבושות אולוויז עבה,יח',14.00,יח',false,,9.90,0.7071,true,1,3869939
8001841053684,false,תחבושות אולוויז עבה לונג פלוס 12 יחידות,פרוקטר אנד גמבל )ראה קוד,HU,תחבושות אולוויז עבה,יח',12.00,יח',false,,9.90,0.8250,true,1,3869940
8001841053806,false,תחבושות היגייניות אולוויז מקסי עבה לילה,פרוקטר אנד גמבל,HU,תחבושות אולוויז עבה,יח',9.00,יח',false,,9.90,1.1000,true,1,3869941
8001841096889,false,"נוזל לניקוי כלים לימון קלאסי 900 מ""ל",פרוקטר אנד גמבל,TR,פיירי לימון קלאסי 90,מיליליטרים,900.00,"100 מ""ל",false,,6.90,0.0077,true,1,3869942
8001841104751,false,פמפרס פרימיום קר חיתולים שלב 1 52 יח VP,פרוקטר אנד גמבל,PL,חיתולי פמפרס פרימיום,יח',52.00,יח',false,,30.90,0.5942,true,1,3869943
8001841104799,false,פמפרס פרימיום קר חיתולים שלב 2 46 יח VP,פרוקטר אנד גמבל,PL,חיתולי פמפרס פרימיום,יח',46.00,יח',false,,30.90,0.6717,true,1,3869944
8001841105093,false,פמפרס פרימיום קר חיתולים שלב 6 26 יח VP,פרוקטר אנד גמבל,PL,חיתולי פמפרס פרימיום,יח',26.00,יח',false,,30.90,1.1885,true,1,3869945
8001841216584,false,תחבושות אולוויז אולטרה לילה בטוח,פרוקטר אנד גמבל,UA,תחבושות אולוויז לילה,יח',1.00,יח',false,,32.90,32.9000,true,1,3879944
8001841502298,false,"הרבל אסנסס - מרכך ללא סולפטים אלוורה ומנגו 275 מ""ל",הרבל אסנס Herbal Essences,FR,הרבל אסנס מרכך ללא ס,מיליליטרים,300.00,"100 מ""ל",false,,14.90,0.0497,true,1,3893612
8001841566771,false,לנור כדוריות בושם בניחוח יסמין 210 גרם,פרוקטר אנד גמבל,US,לנור כדוריות בושם יס,גרמים,210.00,100 גרם,false,,24.90,0.1186,true,1,3890860
8001841625188,false,סבון כלים פלטינום לימון X3 פעולות להסרת שומנים,פרוקטר אנד גמבל,GB,פיירי פלטינום לימון,מיליליטרים,515.00,"100 מ""ל",false,,8.90,0.0173,true,1,3883724
8001841625461,false,סבון כלים פלטינום X3 פעולות להסרת שומנים,פרוקטר אנד גמבל,GB,פיירי פלטינום אורגינ,מיליליטרים,515.00,"100 מ""ל",false,,8.90,0.0173,true,1,3883726
8001841625508,false,"נוזל כלים פיירי פלטינום אורגינל 1.015 ליטר בד""צ",פרוקטר אנד גמבל,GB,פיירי פלטינום אורגינ,ליטרים,1.01,ליטר,false,,12.90,12.7723,true,1,3883727
8001841660257,false,מסכת מינרלס במבוק לשיער חזק וארוך,פנטן Pantene,FR,פנטן מיראקלס במבוק מ,מיליליטרים,160.00,"100 מ""ל",false,,14.90,0.0931,true,1,3893614
8001841660530,false,קרם לחות מינרלס במבוק + חלבון משקם לשיער ארוך,פנטן Pantene,FR,פנטן מיראקלס במבוק ק,מיליליטרים,270.00,"100 מ""ל",false,,13.90,0.0515,true,1,3893615
8001841669465,false,קפסולות לכביסה אריאל בניחוח לנור 24 יחידות,פרוקטר אנד גמבל,FR,אריאל קפסולות לכביסה,יח',1.00,יח',false,,29.90,29.9000,true,1,3893616
8001841669519,false,קפסולות לכביסה ALL IN ONE אריאל 55 יחידות,פרוקטר אנד גמבל,FR,אריאל קפסולות לכביסה,יח',1.00,יח',false,,54.90,54.9000,true,1,3893617
8001841680989,false,מגן תחתון אולוויז מגה פק פרו פרש לארג' 60 יחי,פרוקטר אנד גמבל,DE,אולוויז מגן תחתון לא,יח',1.00,יח',false,,16.90,16.9000,true,1,3886390
8001841716435,false,"ג'ל רחצה ושמפו לעור רגיש האד אנד שולדרס 360 מ""ל","נארז ע""י : א.ג. גילר",FR,הד שולדרס ג'ל רחצה ו,מיליליטרים,360.00,"100 מ""ל",false,,16.90,0.0469,true,1,3891235
8001841716596,false,"ג'ל רחצה ושמפו מרענן האד אנד שולדרס 360 מ""ל","נארז ע""י : א.ג. גילר",FR,הד שולדרס ג'ל רחצה ו,מיליליטרים,360.00,"100 מ""ל",false,,16.90,0.0469,true,1,3893620
8001841943961,false,לנור כדוריות בושם בניחוח אוקיינוס 210 גר,פרוקטר אנד גמבל,US,לנור כדוריות בושם או,גרמים,210.00,100 גרם,false,,24.90,0.1186,true,1,3893622
8002066001399,false,אטריות ביצים טלייאטלה ללא גלוטן 250גר,,IT,"אטריות ביצים לל""ג 25",גרמים,250.00,100 גרם,false,,19.70,0.0788,true,1,3866783
8002066001405,false,אטריות ביצים טלייאטלה ללא גלוטן 250גר,,IT,"אטריות ביצים לל""ג 25",גרמים,250.00,100 גרם,false,,19.70,0.0788,true,1,3866784
8002066001412,false,אטריות ביצים טליאוליני ללא גלוטן 250גר,,IT,"אטריות ביצים לל""ג 25",גרמים,250.00,100 גרם,false,,19.70,0.0788,true,1,3866785
8002267014662,false,שלישייה ביצי שוקולד חלב עם צעצוע ברבי,צ'וקטה Chocketa,IT,ביצת הפתעה ברבי שלשי,גרמים,20.00,100 גרם,false,,10.90,0.5450,true,1,3868814
8002267014945,false,שלישייה ביצי שוקולד חלב עם צעצוע הוט ווילס,ואל קור קורסניני אס אנ ס,IT,ביצת הפתעה הוט ווילס,גרמים,20.00,100 גרם,false,,10.90,0.5450,true,1,3868815
8002267015263,false,שלישייה ביצת הפתעה מאשה והדוב צ'וקטה 20 גרם,צ'וקטה Chocketa,IT,צוקטה ביצת הפתעה מאש,יח',1.00,יח',false,,10.90,10.9000,true,1,3896877
8002270866524,false,סן פלגרינו מים מינרליים טבעיים מוגזים,סן פלגרינו San Pellegrino,IT,סן פלגרינו 1 ליטר בקבוק פ,יח',1.00,יח',false,,8.90,8.9000,true,1,1326699
8002450202005,false,ורדי ספרקלטיני אסאי Verdi acai Sparkletini,איטליה בוסקה,IT,ורדי ספרקלטיני אסאי בוסקה,מיליליטרים,750.00,"100 מ""ל",false,,24.90,0.0332,true,1,1338053
8002450203002,false,"ורדי בטעם אבטיח 750 מ""ל",איטליה בוסקה,IT,ורדי אבטיח כשר,מיליליטרים,750.00,"100 מ""ל",false,,24.90,0.0332,true,1,3868966
8002450205006,false,משקה כהלי מוגז ורדי,איטליה בוסקה,IT,ורדי רימונים כשר,מיליליטרים,750.00,"100 מ""ל",false,,24.90,0.0332,true,1,2729754
8002450208007,false,ורדי גרין אפל ספרקלטיני,איטליה בוסקה,IT,ורדי גרין אפל כשר,מיליליטרים,750.00,"100 מ""ל",false,,24.90,0.0332,true,1,1338061
8002450209004,false,יין מבעבע ורדי רוזה,איטליה בוסקה,IT,ורדי ספומנטה כשר,מיליליטרים,750.00,"100 מ""ל",false,,24.90,0.0332,true,1,1338062
8002450409206,false,"ורדי אפרסק כשל""פ 750 מ""ל",איטליה בוסקה,IT,ורדי אפרסק כשלפ 750,יח',1.00,יח',false,,24.90,24.9000,true,1,3883603
8002450609200,false,ורדי רימונים כשלפ 750 מל,"איי, בי, אינבוו",IT,ורדי רימונים כשלפ 75,יח',1.00,יח',false,,24.90,24.9000,true,1,3883604
8002910043476,false,ויט רצועות שעווה מוכנות לקו הביקיני 12 יחידות,רקיט בנקיזר צרפת,FR,ויט רצועות שעווה מוכ,יח',12.00,יח',false,,29.90,2.4917,true,1,3869999
8003012004365,false,מארז קפסולות סלציונה 10 יח' GRAN CAFFE,,,קפסולות תואם נספרסו,יח',1.00,יח',false,,8.90,8.9000,true,1,3896488
8003012004372,false,מארז קפסולות גרן קרו 10 יח' GRAN CAFFE,,,קפסולות תואם נספרסו,יח',1.00,יח',false,,8.90,8.9000,true,1,3896489
8003012007588,false,קפסולות אינטנסו ארוך תואם נספרסו (10 יח'),,,קפסולות תואם נספרסו,יח',1.00,יח',false,,8.90,8.9000,true,1,3896490
8003012007595,false,מארז קפסולות ארומה 10 יח' GRAN CAFFE,,,קפסולות תואם נספרסו,יח',1.00,יח',false,,8.90,8.9000,true,1,3896491
8003012007618,false,קפסולות תואם נספרסו,,,קפסולות תואם נספרסו,יח',1.00,יח',false,,8.90,8.9000,true,1,3896492
8003340091280,false,לינדט לינדור בונבוניירה 60% מוצקי קקאו 200 גרם,לינדט ושפרונגלי קילשברג,IT,לינדט לינדור בונבוני,גרמים,200.00,100 גרם,false,,22.90,0.1145,true,1,1333053
8003385311473,false,רוטב עגבניות לשקשוקה,,,רוטב עגבניות לשקשוקה,גרמים,680.00,100 גרם,false,,12.90,0.0190,true,1,3881402
8003385311480,false,רוטב עגבניות לשקשוקה,,,רוטב עגבניות לשקשוקה,גרמים,680.00,100 גרם,false,,12.90,0.0190,true,1,3881403
8003385312425,false,רוטב עגבניות לקציצות,,,רוטב עגבניות לקציצות,גרמים,680.00,100 גרם,false,,14.90,0.0219,true,1,3896111
8003446002685,false,שמן זית איטלקי 1 ליטר רמי לוי,,,שמן זית איטלקי 1 ליט,100 מל,1000.00,100 מל,false,,29.90,0.0299,true,1,3872028
8003753158587,false,אילי קפסולות אספרסו פורטה 10 יח' 57 גרם,ג'ייקובס דאו אגרבטס פר א,FR,אילי קפסולות אספרסו,גרמים,57.00,100 גרם,false,,24.90,0.4368,true,1,3893013
8003753158648,false,אילי קפסולות אספרסו אינטנסו 10 יח' 57 גרם,ג'ייקובס דאו אגרבטס פר א,FR,אילי קפסולות אספרסו,גרמים,57.00,100 גרם,false,,24.90,0.4368,true,1,3893014
8003753900438,false,קפה לנדוור אילי אספרסו טחון 250 גרם,קפה לנדוור,IT,איליי קפה אספרסו 250,גרמים,250.00,100 גרם,false,,39.90,0.1596,true,1,1330310
8004030022010,false,ירקות גינה עם טונה ריו מרה אינסלטיסימי 160 ג',"בולטון אלימנטרי בע""\מ",IT,טונה ריו מרה ירקות ג,גרמים,160.00,100 גרם,false,,14.90,0.0931,true,1,1327371
8004030044005,false,נתחי טונה בהירה בשמן זית ריו מרה 112גרם,"בולטון אלימנטרי בע""\מ",IT,נתחי טונה בהירה בשמן,גרמים,160.00,100 גרם,false,,15.90,0.0994,true,1,1327373
8004030102033,false,טונה בשמן זית עם מיץ לימון ופלפל שחור - מארז 3 יח',בולטון אלימנטרי,IT,טונה ריו מרה בשמן זי,גרמים,240.00,100 גרם,false,,24.90,0.1037,true,1,3867254
8004030177000,false,טונה בשמן זית וצ'ילי ריו מרה מארז 80X3 גר',ריו מארה Rio Mare,IT,טונה בשמן זית עם צ'י,גרמים,168.00,100 גרם,false,,24.90,0.1482,true,1,3867256
8004030344938,false,"ריו מרה טונה בשמן זית 3X80 גרם מתכון חדש כשל""פ","בולטון אלימנטרי בע""\מ",IT,טונה ריו מרה בשמן זי,גרמים,168.00,100 גרם,false,,24.90,0.1482,true,1,1327375
8004030381681,false,ריו מרה נתחי טונה בהירה בשמן זית זוג 160 גר,BOLTON GROUP- RIO,IT,ריו מרה נתחי טונה בה,יח',1.00,יח',false,,28.90,28.9000,true,1,3875365
8004030845046,false,טונה עם ירקות בתוספת עם אורז ריו מרה אינסלטיסימי 160 ג',בולטון אלימנטרי,IT,ריו מארה אינסלטיסימי,יח',1.00,יח',false,,14.90,14.9000,true,1,3867258
8004030860001,false,ירקות עם קוקוס וטונה ריו מרה אינסלטיסימי 160 ג',"בולטון אלימנטרי בע""\מ",IT,טונה ריו מרה ירקות ו,גרמים,160.00,100 גרם,false,,14.90,0.0931,true,1,2308096
8005110002243,false,רכז עגבניות Doppio Concentr בשפופרת 185 ג' MUTTI,"איי, בי, אינבוו",IT,רכז עגבניות מוטיבשפו,גרמים,185.00,100 גרם,false,,6.90,0.0373,true,1,3896493
8005110170300,false,עגבניות מרוסקות חתוכות מוטי MUTTI שלישיה *400,מוטי Mutti,IT,עגבניות מרוסקות 3*40,קילוגרמים,1.20,"ק""ג",false,,15.80,13.1667,true,1,3887079
8005110200014,false,רסק עגבניות מרוכז - מוטי,"איי, בי, אינבוו",IT,רכז עגבניות 22% 210ג,גרמים,210.00,100 גרם,false,,5.90,0.0281,true,1,3887080
8005200256587,false,נסטי - תה קר בטעם אפרסק 1.5 ליטר,מפעל סאנפלגרינו S.P.A,IT,תה קר בטעם אפרסק נסט,ליטרים,1.50,ליטר,false,,8.20,5.4667,true,1,3897769
8005200286584,false,תה קר בטעם מנגו אננס נסטי 1.5 ליטר,מפעל סאנפלגרינו S.P.A,IT,תה קר בטעם מנגו אננס,ליטרים,1.50,ליטר,false,,8.20,5.4667,true,1,3897770
8005200316588,false,תה קר דיאט בטעם אפרסק נסטי 1.5 ליטר,מפעל סאנפלגרינו s.p.a,IT,תה קר דיאט בטעם אפרס,ליטרים,1.50,ליטר,false,,8.20,5.4667,true,1,3897771
8005803010357,false,גריסיני קלאסי - מקלות אפויים עם שמן זית ומלח,"אינסטנטה בע""מ",IT,גרסיני קלאסי 125 גר,גרמים,125.00,100 גרם,false,,5.70,0.0456,true,1,2399957
8005803010371,false,"גריסיני רוזמרין - מקלות אפויים עם שמן זית, מלח ורוזמרין","אינסטנטה בע""מ",IT,גרסיני רוזמרין 125 ג,גרמים,125.00,100 גרם,false,,5.70,0.0456,true,1,2399958
8005803010586,false,"מקלות אפויים עם שמן זית, מלח, עגבניות ואורגנו, 125 גרם, אמור די פאן","הוסטה איטליה, ס.ר.ל.",IT,גרסיני פיצה 125 גר,גרמים,125.00,100 גרם,false,,5.70,0.0456,true,1,2399959
8005803010661,false,"מקלות אפויים עם שמן זית, מלח, ושומשום, 125 גרם, אמור די פאן","הוסטה איטליה, ס.ר.ל.",IT,גרסיני שומשום 125 גר,גרמים,125.00,100 גרם,false,,5.70,0.0456,true,1,2399960
8006540009512,false,לנור מרכך כביסה מרוכז בייבי 897 מל,פרוקטר אנד גמבל,FR,לנור מרכך כביסה בייב,מטרים,897.00,100 מ'ל,false,,14.90,0.0166,true,1,3893626
8006540027011,false,לנור מרכך מרוכז בניחוח אמטיסט 897 מל,פרוקטר אנד גמבל,FR,לנור מרכך מרוכז 900,מיליליטרים,900.00,"100 מ""ל",false,,14.90,0.0166,true,1,3893627
8006540027042,false,"לנור מרכך כביסה מרוכז ורוד""פרח בר"" 897 מ""ל",פרוקטר אנד גמבל,FR,לנור מרכך מרוכז 900,מיליליטרים,900.00,"100 מ""ל",false,,14.90,0.0166,true,1,3893628
8006540110317,false,שמפו מינרלס ביוטין + במבוק לשיער חזק וארוך,פרוקטר אנד גמבל,RO,פנטן מיראקלס במבוק ש,מיליליטרים,400.00,"100 מ""ל",false,,14.90,0.0373,true,1,3893631
8006540112793,false,"מרכך כביסה מרוכז בניחוח יסמין לנור 900 מ""ל",פרוקטר אנד גמבל,US,לנור מרכך מרוכז בניח,מטרים,900.00,100 מ'ל,false,,14.90,0.0166,true,1,3893632
8006540112823,false,"לנור מרכך כביסה מרוכז בניחוח האוקיינוס 900 מ""ל",פרוקטר אנד גמבל,FR,לנור מרכך מרוכז בניח,מיליליטרים,900.00,"100 מ""ל",false,,14.90,0.0166,true,1,3890417
8006540112854,false,"מרכך כביסה מרוכז בניחוח סחלב לנור 900 מ""ל",פרוקטר אנד גמבל,US,לנור מרכך מרוכז 900,מיליליטרים,900.00,"100 מ""ל",false,,14.90,0.0166,true,1,3889621
8006540157374,false,מרכך מינרלס ביוטין + במבוק לשיער חזק וארוך,פנטן Pantene,FR,פנטן מיראקלס במבוק מ,מיליליטרים,275.00,"100 מ""ל",false,,14.90,0.0542,true,1,3890861
8006540383087,false,טבליות למדיח פיירי פלטינום פלוס דיפ קלין 42 יחידות,פרוקטר אנד גמבל,BE,פירי פלטינום פלוס די,100 יח,42.00,100 יח,false,,44.90,1.0690,true,1,3906197
8006540429327,false,פיירי מקס פאוור לימון עם מנגנון למניעת נזילות,פרוקטר אנד גמבל,CZ,פיירי לכלים לימון 44,מטרים,440.00,100 מ'ל,false,,8.90,0.0202,true,1,3903090
8007178120310,false,חומץ בלסמי ד'מודנה Giacobazzi,פטורייה ג'יאקובאזי ס,IT,חומץ בלסמי גקובזי 500 מל,מיליליטרים,500.00,"100 מ""ל",false,,17.90,0.0358,true,1,1336796
8007178223547,false,קרם מצומצם עם חומץ בלסמי ממודנה,פארייפאבה אגרואינדוס,IT,"קרם בלסמי מצומצם 250 מ""ל",מיליליטרים,250.00,"100 מ""ל",false,,21.90,0.0876,true,1,1336797
8008245004847,false,ממרח אגוזי לוז וקקאו מובנפיק 300 גרם,נאטקו,IT,ממרח אגוזי לוז וקקאו,גרמים,300.00,100 גרם,false,,12.80,0.0427,true,1,3889897
8008245004861,false,ממרח אגוזי לוז עם חלב מובנפיק 300 גרם,יבואן ומשווק: ש. שסט,IT,ממרח אגוזי לוז עם חל,גרמים,300.00,100 גרם,false,,12.80,0.0427,true,1,3891088
8008660210021,false,מעדן ריבה מנץ אנד גאססר דובדבן 300 גר,שוורצקוף& הנקל דיסלד,IT,מעדן דובדבן 300 גר,גרמים,300.00,100 גרם,false,,15.90,0.0530,true,1,1555274
8008660210038,false,מעדן ריבה מנץ אנד גאססר תות שדה 300 גר,קריניציה ויטמינה אס,IT,מעדן תות שדה 300 גר,גרמים,300.00,100 גרם,false,,15.90,0.0530,true,1,1555275
8008660210045,false,מעדן פירות יער מנז אנד גאסר ויסוצקי 300 גרם,שוורצקוף& הנקל דיסלד,IT,מעדן פירות יער 300 ג,גרמים,300.00,100 גרם,false,,15.90,0.0530,true,1,1555276
8008660210052,false,מעדן פרי תפוז מנז אנד גאסר ויסוצקי 320 גרם,מנז אנד גאסר Menz&Gasser,IT,מעדן פרי תפוז 320 גר,גרמים,320.00,100 גרם,false,,15.90,0.0497,true,1,3868579
8008698002049,false,קרקרים עגולים 175 גרם ללא גלוטן,ס.ר.ל פוסטל,IT,קרקרים עגולים 175 גר,גרמים,175.00,100 גרם,false,,19.90,0.1137,true,1,1357492
8008698002100,false,מקלות גריסיני 200 גרם ד''ר שר,"ד""ר שר ס.ר.ל",IT,מקלות גריסיני 200 גר,גרמים,200.00,100 גרם,false,,19.90,0.0995,true,1,1357493
8008698003503,false,עוגיות שיבולת שועל עם צימוקים 250 גר,"דר שר ס.ר.ל פוסטל, א",IT,קרקר אפוי 210ג ללא ג,גרמים,210.00,100 גרם,false,,22.80,0.1086,true,1,1357496
8008698003961,false,"שוקו סטיקס מקלוני עוגיות לל""ג 150 גר",דר שר דויטשלנד ג'\י אם ב,DE,שוקו סטיקס מקלוני עו,גרמים,150.00,100 גרם,false,,21.90,0.1460,true,1,3894345
8008698004548,false,שר ביסקוויט בציפוי קרם שוקולד חלב ללא גלוטן 150 גר',"ד""ר שר ס.ר.ל",DE,ביסקוויט בציפוי קרם,גרמים,150.00,100 גרם,false,,16.80,0.1120,true,1,3835642
8008698004630,false,SORRISI עוגיות סנדוויץ' במילוי קרם קקאו 250 גר',ס.ר.ל פוסטל,FR,עוגיות סנדוויץ קרם ק,גרמים,250.00,100 גרם,false,,19.90,0.0796,true,1,1357497
8008698005231,false,עוגיות סנדוויץ בטעם שוקולד ממולאות קרם חלב ללא גלוט,שר Schar,IT,עוגיות סנדויץ שוקולד,גרמים,165.00,100 גרם,false,,19.90,0.1206,true,1,3886552
8008698008157,false,שר עוגיות שוקולד במילוי קרם שמנת ללא גלוטן 100 גר',דר שר ס.ר.ל פוסטל,IT,עוגיות שוקולד וקרם ש,גרמים,500.00,100 גרם,false,,10.80,0.0216,true,1,1357501
8008698012857,false,ביסקויט פתי בר בטעם חמאה 165 גרם ללא גלוטן petit,ס.ר.ל פוסטל,IT,פתי בר טעם חמאה 165ג,גרמים,165.00,100 גרם,false,,13.80,0.0836,true,1,1357505
8008698013021,false,שר עוגיות שוקולד ציפס מריר ללא גלוטן 100 ג',דר שר פוסטל,IT,עוגיות שוקולדציפס מר,גרמים,150.00,100 גרם,false,,10.80,0.0720,true,1,3870930
8008698024065,false,פאן בלנקו-לחם ללא גלוטן 250 גרם,schar,IT,פאן בלנקו- לחם ללא ג,יח',1.00,יח',false,,17.90,17.9000,true,1,3870932
8008698024140,false,לחם ללא גלוטן פאן מולטי גראנו 250 גר,schar,DE,פאן מולטי גראנו- לחם,יח',1.00,יח',false,,17.90,17.9000,true,1,3870933
8008698054109,false,מילוי גריס - ממרח אגוזי לוז עם קקאו בתוספות מקלות 52 גרם,"ד""ר שר ס.ר.ל",IT,ממרח אגוזי לוז וקקאו,יח',1.00,יח',false,,12.90,12.9000,true,1,3883882
8008912010072,false,ליגורי- לינגוויני מספר 7 500גר,מנז'\ אנד גאסר ס.פ.א,IT,ליגורי- לינגוויני מס,גרמים,500.00,100 גרם,false,,6.80,0.0136,true,1,3902946
8008912010300,false,LIGUORI פסטה פרפלה 500 גרם מספר 30,מנז'\ אנד גאסר ס.פ.א,IT,פסטה פרפלה מספר 30,גרמים,500.00,100 גרם,false,,6.80,0.0136,true,1,3902947
8008912010331,false,פסטה ניוקטי סרדי בצורת קונכיות מס' 33,מנז'\ אנד גאסר ס.פ.א,IT,ליגורי פסטה ניוקי סר,גרמים,500.00,100 גרם,false,,6.80,0.0136,true,1,3902577
8008912010423,false,LIGUORI פסטה פנה ריגטה 500 גרם מספר 42,מנז'\ אנד גאסר ס.פ.א,IT,ליגורי- פנה ריגטה מס,גרמים,500.00,100 גרם,false,,6.80,0.0136,true,1,3902898
8008912016012,false,ליגורי- לזניה מספר 102 500גר,פסטיפישיו פציון ס.פ.,IT,ליגורי- לזניה מספר 1,גרמים,500.00,100 גרם,false,,14.90,0.0298,true,1,3904772
8023678161363,false,משקה שבלת שועל טבעי אורגני 1ל' ISOLA,איזולה ביו Isola Bio,IT,משקה שבלת שועל אורגנ,יח',1.00,יח',false,,11.70,11.7000,true,1,1352095
8024985002967,false,סמוזי נטורה נובה בננה תרד 100 גרם,נטורה נובה,IT,סמוזי בננה תרד,גרמים,100.00,100 גרם,false,,4.90,0.0490,true,1,3878624
8024985003988,false,סמוזי תפוח בננה 100 גר נטורה נובה,נטורה נובה Natura Nuova,IT,נטורה נובה סמוזי תפו,גרמים,100.00,100 גרם,false,,4.90,0.0490,true,1,3866542
8024985008037,false,סמוזי נטורה נובה סמוצי תפוח 100 גרם,"נטורפוד בע""מ",IT,נטורה סמודי תפוחים א,מטרים,100.00,100 מ'ל,false,,4.90,0.0490,true,1,3859201
8024985008044,false,נטורה משקה סמודי אגסים אורגני 100 גר,"נטורפוד בע""מ",IT,נטורה משקה סמודי אגס,מטרים,100.00,100 מ'ל,false,,4.90,0.0490,true,1,3866544
8024985008051,false,נטורה סמודי פירות אדומים אורגניים 100מל,נטורה נובה Natura Nuova,IT,נטורה סמודי פירות אד,מטרים,100.00,100 מ'ל,false,,4.90,0.0490,true,1,3866545
8032573170035,false,יין מוסקטו טרה סינה 750 מל,יקבי קנטינה,IT,מוסקטו טרה סינה,מיליליטרים,750.00,"100 מ""ל",false,,34.90,0.0465,true,1,1345268
8032715385976,false,"פסטה פוזילוני לל""ג בסיס אורז חום 250 גר",,IT,"פסטה פוזילוני לל""ג ב",גרמים,250.00,100 גרם,false,,12.90,0.0516,true,1,3896476
8032793342458,false,עגבניות מרוסקות דק ומסוננות בבקבוק 700 ג',קונסוריזיו קאסאלסקו דל פ,IT,עגבניות מרוסקות דק ב,גרמים,700.00,100 גרם,false,,11.90,0.0170,true,1,2358326
8032880800243,false,פיקניק הפתעה - אגוזי לוז ומקלות אפויים,"הוסטה איטליה, ס.ר.ל.",IT,פיקניק הפתעה 50 גרם,גרמים,50.00,100 גרם,false,,6.70,0.1340,true,1,1337319
8033275522368,false,"יין מונטרו קיאנטי, 750 מ""ל י מונטרו",סרסטר,IT,"יין קיאנטי 750 מ""ל",יח',1.00,יח',false,,54.90,54.9000,true,1,3884082
8076800195019,false,ברילה - צ.א ספגטי מס1 קפליני 500 גרם,ברילה גי.אי.אר פרטלי ס.פ,IT,קפליני מספר 1 ברילה,גרמים,500.00,100 גרם,false,,6.90,0.0138,true,1,1327377
8076800195033,false,ברילה - צ.א ספגטיני מס3 חדש 500 גרם,ברילה גי.אי.אר פרטלי ס.פ,IT,ספגטי מספר 3 ברילה 5,גרמים,500.00,100 גרם,false,,5.90,0.0118,true,1,1327378
8076800195057,false,ברילה - צ.א ספגטי מס5 חדש 500 גרם,ברילה גי.אי.אר פרטלי ס.פ,IT,ברילה ספגטיני מספר 5,גרמים,500.00,100 גרם,false,,6.90,0.0138,true,1,1327379
8076802085738,false,ברילה צ.ק פנה רגטה מס' 73 500 גרם,ברילה גי.אי.אר פרטלי ס.פ,IT,פסטה פנה ריגטה ברילה,גרמים,500.00,100 גרם,false,,5.90,0.0118,true,1,1327383
8076802085837,false,ברילה - צ.ק טורטליוני מס83 500 גרם,הנסיך- מפעל לייצור ט,IT,פסטה מספר 83 ברילה 5,גרמים,500.00,100 גרם,false,,5.90,0.0118,true,1,1327384
8076802085981,false,ברילה - צ.ק פוזילי חדש 500 גרם,ברילה גי.אי.אר פרטלי ס.פ,IT,פסטה פוזילי ברילה 50,גרמים,500.00,100 גרם,false,,5.90,0.0118,true,1,1327387
8076808050440,false,פסטה מקרוני מספר 44 ברילה 500 גרם,ברילה Barilla,IT,פסטה מקרוני מספר 44,גרמים,500.00,100 גרם,false,,5.90,0.0118,true,1,1327389
8076808060654,false,פסטה פרפלה מספר 65 ברילה 500 גרם,ברילה גי.אי.אר פרטלי ס.פ,IT,פסטה פרפלה מספר 65 ב,גרמים,500.00,100 גרם,false,,5.90,0.0118,true,1,1327390
8076808150072,false,ברילה - צ.א ספגטוני מס7 חדש 500 גרם,ברילה גי.אי.אר פרטלי ס.פ,IT,ספגטי מספר 7 ברילה 5,גרמים,500.00,100 גרם,false,,5.90,0.0118,true,1,1327392
8076809512268,false,פסטה גירנדולה טורסדס מספר 34 ברילה 500 גרם,ברילה גי.אי.אר פרטלי ס.פ,IT,פסטה גירנדולה טורסדס,גרמים,500.00,100 גרם,false,,5.90,0.0118,true,1,1327394
8076809513395,false,ברילה פומודורו רוטב עגבניות קלאסי 400 גר,ברילה גי.אי.אר פרטלי ס.פ,IT,רוטב לפסטה פומודורו,גרמים,400.00,100 גרם,false,,14.90,0.0373,true,1,1327396
8076809513654,false,בסיס רוטב עגבניות לבולונז ברילה 400 גרם,ברילה גי.אי.אר פרטלי ס.פ,IT,בסיס רוטב עגבניות לב,גרמים,400.00,100 גרם,false,,14.90,0.0373,true,1,1327397
8076809513692,false,רוטב עגבניות נפולטנה בתוספת ירקות,ברילה גי.אי.אר פרטלי ס.פ,IT,רוטב לפסטה נפוליטנה,גרמים,400.00,100 גרם,false,,14.90,0.0373,true,1,1327398
8076809513739,false,ברילה רוטב עגבניות עם בזיליקום 400 גרם,ברילה גי.אי.אר פרטלי ס.פ,IT,רוטב לפסטה בזיליקום,גרמים,400.00,100 גרם,false,,14.90,0.0373,true,1,1327399
8076809523561,false,רוטב עגבניות עם עשבי תיבול 400 ג' ברילה,ברילה גי.אי.אר פרטלי ס.פ,IT,רוטב עגבניות ברילה 4,גרמים,400.00,100 גרם,false,,14.90,0.0373,true,1,1327403
8076809523738,false,דפי לזניה ברילה 500 גרם,ברילה גי.אי.אר פרטלי ס.פ,IT,לזניה ברילה 500 גרם,גרמים,500.00,100 גרם,false,,19.90,0.0398,true,1,1327406
8076809529419,false,ספגטי מחיטה מלאה מס' 5 500 ג' ברילה,ברילה גי. אי. אר פרט,IT,ספגטי חיטה מלאה בריל,גרמים,500.00,100 גרם,false,,12.90,0.0258,true,1,1327407
8076809529433,false,פסטה פנה ריגטה חיטה מלאה ברילה 500 גרם,"ש. שסטוביץ בע""\מ",IT,פסטה פנה ריגטה חיטה,גרמים,500.00,100 גרם,false,,12.90,0.0258,true,1,1327408
8076809545440,false,ברילה איטריות ללא גלוטן 400 גר,ברילה ג'.אי.אר פרטלי,IT,ברילה איטריות ללא גל,גרמים,400.00,100 גרם,false,,14.90,0.0373,true,1,1327410
8076809545457,false,ברילה אטריות ללא גלוטן 400 ג' צינורות 400 ג',ברילה ג'.אי.אר פרטלי,IT,ברילה צינורות ללא גל,גרמים,400.00,100 גרם,false,,14.90,0.0373,true,1,1327411
8076809545464,false,ברילה פסטה ללא גלוטן צורת ספירלי 400 גר,מולינו אנדריאני אס.א,IT,ברילה ספירלי ללא גלו,גרמים,400.00,100 גרם,false,,14.90,0.0373,true,1,1327412
8076809547956,false,ברילה - צ.ק קיפרי 500 גרם,ברילה ג'.אי.אר פרטלי,IT,ברילה צ.ק קיפרי 500,גרמים,500.00,100 גרם,false,,6.90,0.0138,true,1,3884895
8076809580496,false,פסטה ברילה פפירי 450 גרם - מנצסטר,"ש.שסטוביץ בע""\מ",IT,ברילה פפירי 450 גר,גרמים,450.00,100 גרם,false,,12.90,0.0287,true,1,3892147
8121300206946,false,ממתיק סיטיביה טרוביה 80 שקיות אישיות,הרתסייד פוד,US,טרוביה סטיביה ממתיק,יח',1.00,יח',false,,19.90,19.9000,true,1,3879909
8121300207004,false,טרוביה - סטיביה ממתיק בצנצנת 270 גרם,קספרס פאקאגעהג,US,טרוביה סטיביה ממתיק,גרמים,270.00,100 גרם,false,,24.90,0.0922,true,1,3879910
8121300207172,false,טרוביה- סטיביה תערובת סוכר קנים- 500ג',קספרס פאקאגעהג,US,טרוביה סוכר קנים 500,גרמים,500.00,100 גרם,false,,33.90,0.0678,true,1,3879911
8231218060803,false,מיחם לשבת 80 כוסות ללא צורך בטבילה BT-8060-60,,,*מבצע* מיחם לשבת 80,יח',1.00,יח',false,,279.90,279.9000,true,1,3873669
8231228060503,false,מיחם לשבת 50 כוסות ללא טבילה BT-8060-50,,,*מבצע* מיחם לשבת 50,יח',1.00,יח',false,,219.00,219.0000,true,1,3873670
8231238060302,false,מיחם לשבת 30,,,*מבצע* מיחם לשבת 30,יח',1.00,יח',false,,179.90,179.9000,true,1,3861390
8231238060401,false,מיחם לשבת 40 כוסות ללא טבילה BT-8060-40,,,מיחם לשבת 40 כוסות ל,יח',1.00,יח',false,,199.90,199.9000,true,1,3873672
8231298060601,false,מיחם לשבת 60 כוסות ללא טבילה BT-8060-60,,,*מבצע* מיחם לשבת 60,יח',1.00,יח',false,,239.90,239.9000,true,1,3873674
8272764680428,false,קומקום פלסטיק BENATON BT-8042,,,קומקום פלסטיק BENATO,יח',1.00,יח',false,,79.90,79.9000,true,1,3881008
8273828774008,false,ערכת טיפוח לגבר 14IN,,,ערכת טיפוח לגבר 14IN,יח',1.00,יח',false,,199.90,199.9000,true,1,3895358
8377373138848,false,מסחטת מיצים PREMIUM XL BT-3500,,,BT-3500 מסחטת מיצים,יח',1.00,יח',false,,79.90,79.9000,true,1,3891433
8410000000184,false,עוגיות בציפוי שוקולד,,,עוגיות בציפוי שוקולד,גרמים,135.00,100 גרם,false,,4.90,0.0363,true,1,3895218
8410076600622,false,חטיפי גרנולה קראנצ'י עם שוקולד מריר נייצ'ר ואלי 210 גרם,ג'נרל מילס סאן אדריאן,ES,חטיפי גרנולה קראנצ'י,גרמים,210.00,100 גרם,false,,14.90,0.0710,true,1,1337322
8410076610379,false,"חטיף בוטנים, חלבון סויה ושוקולד מריר עם ציפוי בטעם שוקולד",סריילטו ספיין פודס,ES,נייטשר ואלי פרוטאין,גרמים,160.00,100 גרם,false,,22.90,0.1431,true,1,1643512
8410076610386,false,נייטשר ואלי פרוטאין בוטנים עם ציפוי בטעם קרמל מלוח 160 ג',ג'\נרל מילס סאן אדריאן S,ES,נייטשר ואלי פרוטאין,גרמים,160.00,100 גרם,false,,22.90,0.1431,true,1,1643513
8410076620538,false,פייבר וואן עוגת טריפל שוקולד רביעייה,ליימן מותגים,ES,פייבר 1 עוגות שוקולד,יח',1.00,יח',false,,14.90,14.9000,true,1,3868820
8410076621009,false,עוגות אישיות בטעם קרמל עם חתיכות בטעם קרמל מלוח,"גלאטס סירו בע""\מ",PT,פייבר 1 עוגות אישיות,גרמים,120.00,100 גרם,false,,14.90,0.1242,true,1,3893090
8410076621047,false,עוגות אישיות בטעם שוקולד עם חתיכות בטעם שוקולד,"גלאטס סירו בע""\מ",ES,פייבר 1 בראוניז שוקו,גרמים,120.00,100 גרם,false,,14.90,0.1242,true,1,3893091
8410076621573,false,פייבר וואן עוגיות בטעם בראוניז*5,"גלאטס סירו בע""\מ",ES,פייבר וואן קוקיס אנד,גרמים,155.00,100 גרם,false,,14.90,0.0961,true,1,3906454
8410104039134,false,"מנקה ומחדש מדיח כלים פיניש 250 מ""ל",הדקלאים אגודת שיתופי,PL,FINISH MACHINE CLEAN. 12x,מיליליטרים,250.00,"100 מ""ל",false,,14.90,0.0596,true,1,1345023
8410104044916,false,פיניש אבקה למדיח 2.7 לימון,רקיט בנקיזר,PL,Finish powder 2.7,קילוגרמים,2.70,"ק""ג",false,,44.90,16.6296,true,1,1345024
8410104045111,false,"פיניש מלח למדיח כלים 2ק""ג",רקיט בנקיזר,IL,Finish Salt 2kg,קילוגרמים,2.00,"ק""ג",false,,12.90,6.4500,true,1,1345025
8410104437268,false,מפיג ריח רגיל למדיח פיניש 1 יחידה,רקיט בנקיזר,HU,"FINSH,IT,DEO ODORSTOP*20",יח',1.00,יח',false,,14.90,14.9000,true,1,1345031
8410104511340,false,ויט רצועות שעווה מוכנות לעור יבש 12 יחידות,רקיט בנקיזר צרפת,FR,Veet CWS Dry Skin Missoni,יח',12.00,יח',false,,19.90,1.6583,true,1,1345033
8410128768294,false,משקה שיבולת שועל 1 ליטר,S.A.U\n PASCUAL CALIDAD,ES,ויוה סוי שיבולת שועל,יח',1.00,יח',false,,11.90,11.9000,true,1,3883289
8410128768324,false,משקה ויוה סוי שקדים קרטונים 1 ל',קלידאד פסקואל,ES,ויוה סוי שקדים קרטונ,יח',1.00,יח',false,,11.90,11.9000,true,1,3883290
8410128768355,false,ויוה סוי משקה סויה קלאסי קרטונית ליטר,קלידאד פסקואל,ES,ויוה סוי קרטונית 1 ל,יח',1.00,יח',false,,10.90,10.9000,true,1,3883291
8410376006070,false,בסקוויט גולון מריה 800 ג',גולון,ES,ביסקוויט מרי 800ג,גרמים,800.00,100 גרם,false,,11.60,0.0145,true,1,3873887
8410376009392,false,ביסקויט מחיטה מלאה ללא תוספת סוכר גולון 170 גרם,גאלטס גלון סא,ES,גולון- ביסקוויט חיטה מלאה,גרמים,170.00,100 גרם,false,,8.80,0.0518,true,1,1349491
8410376017113,false,גולון סיבקוויט סנדוויץ שוקו 500 גר,גולון,ES,גולון סיבקוויט סנדוו,גרמים,500.00,100 גרם,false,,8.90,0.0178,true,1,3873888
8410376017342,false,עוגיות גולון שוקו ציפס ללא גלוטן 200 גר,גולון,ES,גולון-עוגיות שוקו צ'יפס ל,גרמים,200.00,100 גרם,false,,16.90,0.0845,true,1,1349501
8410376023831,false,גולון-ביסקוויט ח.מלאה 400 גר' ללא סוכר 1/15,גולון,ES,גולון-ביסקוויט ח.מלאה 400,גרמים,400.00,100 גרם,false,,14.90,0.0373,true,1,1349504
8410376037319,false,קרקר פיק מלח גולון 300 גר,,ES,גולון קרקר פיק מלח 3,גרמים,300.00,100 גרם,false,,8.90,0.0297,true,1,3895473
8410376037784,false,גולון ביסקויט סנדויץ שוקו ללא סוכר 250ג,תות תעשיות מזון (201,ES,גולון-ביסקויט סנדביץ שוקו,גרמים,250.00,100 גרם,false,,12.90,0.0516,true,1,1349514
8410376037883,false,"עוגיות שוקוצ'יפס לל""ס ולל""ג 130 גרם ""גולון""",תות תעשיות מזון (201,ES,גולון-שוקו' ציפס ללא סוכר,גרמים,130.00,100 גרם,false,,9.90,0.0762,true,1,1349517
8410376044393,false,עוגיות סנדוויץ וניל ללא תוספת סוכר 210,גולון,ES,גולון עוגיות ללא סוכ,גרמים,210.00,100 גרם,false,,17.50,0.0833,true,1,1349518
8410376044959,false,גולון דיבוס שרקיז ללא גלוטן ולקטוז 250גר,דן נקסט,ES,גולון בסקוויט ללא גל,גרמים,250.00,100 גרם,false,,16.90,0.0676,true,1,1443188
8410376051124,false,גולון דיאג'סטיב 250,,,גולון דיאג'סטיב 250,יח',1.00,יח',false,,6.90,6.9000,true,1,3873891
8410376052633,false,גולון-עוגיות שוקוצ'יפס ללא תוספת סוכר 150 ג 1/12,VIRGINIAS INDUSTRIAS,ES,"גולון שוקוציפס ללת""ס",גרמים,150.00,100 גרם,false,,11.90,0.0793,true,1,3886821
8410376055542,false,ביסקוויט גולון ללא ת,,,"גולון ללת""ס קרוקנט 2",גרמים,280.00,100 גרם,false,,10.90,0.0389,true,1,3895475
8410376057270,false,גולון-ביסקוויט ללא סוכר עם ש.מריר 150 גר' 1/12,גולון,ES,"גולון טאבלט ללת""ס",גרמים,150.00,100 גרם,false,,17.90,0.1193,true,1,3884261
8410376059380,false,גולון וופל וניל ללא תוספת סוכר 180 גרם,GULLON,ES,"וופל גולון ללת""ס וני",גרמים,180.00,100 גרם,false,,14.90,0.0828,true,1,3891269
8410376059397,false,גולון וופל שוקולד ללא תוספת סוכר 180 גרם,GULLON,ES,"וופל גולון ללת""ס שוק",גרמים,180.00,100 גרם,false,,14.90,0.0828,true,1,3891434
8410436218092,false,צבע שיער סאיוס אולאו אינטנס 4-18,סאיוס syoss,DE,צבע שיער סאיוס אולאו,יח',1.00,יח',false,,27.90,27.9000,true,1,1326144
8410436218214,false,סאיוס אולאו אינטנס 7-10 בלונד טבעי,סאיוס syoss,DE,צבע שיער סאיוס אולאו,יח',1.00,יח',false,,27.90,27.9000,true,1,1326147
8410436218252,false,סאיוס אולאו אינטנס 6-10 בלונד כהה,סאיוס syoss,IL,צבע שיער סאיוס אולאו,יח',1.00,יח',false,,27.90,27.9000,true,1,1326148
8410644611203,false,יין קאווה איבריקה לבן יבש Cava Iberica,יוסף מסאקס ס.ל.,ES,קאווה איבריקה לבן יבש 750,מיליליטרים,750.00,"100 מ""ל",false,,29.90,0.0399,true,1,1326700
8410644611210,false,יין קאווה איבריקה לבן חצי יבש Cava Iberica,יוסף מסאקס ס.ל.,ES,קאווה איבריקה לבן חצי יבש,מיליליטרים,750.00,"100 מ""ל",false,,29.90,0.0399,true,1,1326701
8410679030017,false,טבלת שוקולד חלב ללא סוכר טראפה 75ג',,,"טבלת טראפה ללת""ס חלב",גרמים,75.00,100 גרם,false,,8.90,0.1187,true,1,3891435
8410679030031,false,טבלת שוקולד מריר ללא סוכר טראפה 75ג',,,"טבלת טראפה ללת""ס מרי",גרמים,75.00,100 גרם,false,,8.90,0.1187,true,1,3891270
8410679234514,false,"טבלת טו ללת""ס מהודר מריר כשלפ",,,"טבלת טו ללת""ס מהודר",גרמים,80.00,100 גרם,false,,14.90,0.1863,true,1,3895481
8411037800037,false,מר בראוני שוקו ציפס 200 גר,,,מר בראוני שוקו ציפס,גרמים,200.00,100 גרם,false,,9.90,0.0495,true,1,3904470
8411037884402,false,מר בראוני שוקו ציפס סוכריות 200 גר,,,מר בראוני שוקו ציפס,גרמים,200.00,100 גרם,false,,9.90,0.0495,true,1,3904242
8411037892308,false,מר בראוני בלונדי שוקו ציפס 200 גר,,,מר בראוני בלונדי שוק,גרמים,200.00,100 גרם,false,,9.90,0.0495,true,1,3904471
8411037892315,false,מר בראוני שוקולד קוקוס 200 גר,,,מר בראוני שוקולד קוק,גרמים,200.00,100 גרם,false,,9.90,0.0495,true,1,3904472
8412300801072,false,"קרם רב שימושי ניוואה 400 מ""ל",ביירסדורץ,DE,ניוואה קרם רב שימושי,מיליליטרים,400.00,"100 מ""ל",false,,27.90,0.0697,true,1,3886969
8413376024839,false,גבינת עיזים רכה עם עשבי תיבול 29% ויליפוד 110 גרם,,ES,גבינת עיזים רכה ועשב,גרמים,110.00,100 גרם,false,,10.90,0.0991,true,1,3870625
8420822130600,false,"ספריי סופר מסיר שומנים 750מ""ל יעקבי",קה לורדה,ES,סופר מסיר שומנים 750,מטרים,750.00,100 מ'ל,false,,16.90,0.0225,true,1,3897920
8420822130624,false,"ספריי סופר מסיר כתמים 750מ""ל יעקבי",קה לורדה,ES,סופר מסיר כתמים 750מ,מטרים,750.00,100 מ'ל,false,,18.90,0.0252,true,1,3897921
8423207206488,false,סלים דליס חטיף דגנים מצופה שוקולד חלב מרבה 6*20 גרם,אף.סי תבליני בגליל ב,ES,סלים דליס חטיף דגנים,גרמים,120.00,100 גרם,false,,10.90,0.0908,true,1,1327417
8423207206495,false,סלים דליס חטיף דגנים מצופה שוקולד מריר מרבה 6*20 גרם,אף.סי תבליני בגליל ב,ES,סלים דליס חטיף דגנים,גרמים,120.00,100 גרם,false,,10.90,0.0908,true,1,1327418
8423207206501,false,סלים דליס חטיף דגנים עם שוקולד חלב מרבה 6*13 גרם,סלים דליס Slim Delis,ES,סלים דליס חטיף דגנים,גרמים,13.00,100 גרם,false,,10.90,0.8385,true,1,1327419
8423207208680,false,חטיף דגנים שוקולד סלים דליס לילדים מרבה 6 יחידות,ביסנצ'ורי אס.אל.יו,ES,סלים דליס לילדים שוק,גרמים,78.00,100 גרם,false,,10.90,0.1397,true,1,1327429
8423207208703,false,חטיפי סלים דליס שוקולד מריר מרבה 6 יחידות,ביסנצ'ורי אס.אל.יו,ES,סלים דליס שוקולד מרי,גרמים,120.00,100 גרם,false,,10.90,0.0908,true,1,1327431
8423207208888,false,פריכיות תירס בטעם עגבניות ועשבי תיבול סלים דליס 123 ג',סלים דליס Slim Delis,ES,פריכיות תירס עגבניות,גרמים,123.00,100 גרם,false,,8.90,0.0724,true,1,1430740
8423207208895,false,פריכיות תירס בטעם זיתים ועירית סלים דליס 123 ג',סלים דליס Slim Delis,ES,פריכיות תירס בטעם זי,גרמים,123.00,100 גרם,false,,8.90,0.0724,true,1,1430741
8423207209748,false,חטיף דגנים מלאים שוקולד מריר נגיעות תפוז,ביסנצ'ורי אס.אל.יו,ES,סלים דליס מצופה שוקו,גרמים,120.00,100 גרם,false,,10.90,0.0908,true,1,3867269
8423207209885,false,מרבה חטיפי סלים דליס מהדורה מיוחדת שוקולד חלב,סלים דליס Slim Delis,ES,מרבה סלים דליס שוקול,גרמים,120.00,100 גרם,false,,10.90,0.0908,true,1,3837096
8423207210928,false,חטיף דגנים מצופה שוקולד חלב ואגוזי לוז - 5 במארז,נוטרישן אנד סנטה קוב,ES,סלים דליס טופינג אגו,יח',1.00,יח',false,,7.90,7.9000,true,1,3892148
8423207210942,false,חטיף דגנים מצופה שוקולד לבן ופירות יער,נוטרישן אנד סנטה קוב,ES,סלים דליס טופינג פיר,יח',1.00,יח',false,,7.90,7.9000,true,1,3892149
8423207210966,false,חטיף רב דגנים מצופה שוקולד לבן קוקוס ולימון,נוטרישן אנד סנטה קוב,ES,סלים דליס טופינג קוק,יח',1.00,יח',false,,7.90,7.9000,true,1,3892150
8423207210980,false,סלים דליס טופינג קליפת תפוז 90 גרם,נוטרישן אנד סנטה קוב,ES,סלים דליס טופינג קלי,יח',1.00,יח',false,,7.90,7.9000,true,1,3891336
8425206000081,false,ריבת חלב מרדל 450 גרם,כלורוקס אוקלנד,ES,ריבת חלב מרדל,גרמים,450.00,100 גרם,false,,17.90,0.0398,true,1,1324230
8427030005010,false,תרכובת מזון על בסיס חלב A.R מלידה ואילך,אבוט מעבדות רפואיות,ES,SIMILAC SPIT-UP RELIEF 37,גרמים,375.00,100 גרם,false,,44.90,0.1197,true,1,1335849
8432112328994,false,מגהץ אדים קרמי כיבוי אוטומטי BENATON BT-2899 2600W,,,*מבצע* מגהץ אדים כרמ,יח',1.00,יח',false,,99.90,99.9000,true,1,3881013
8434165466326,false,מיני קרקרים מיקס 350ג,,,מיני קרקרים מיקס 350,גרמים,350.00,100 גרם,false,,9.90,0.0283,true,1,3898251
8434165466333,false,קרקר קואטרה 350 גרם עגול,קאויקיולי,ES,מיני קרקרים עגולים 3,גרמים,350.00,100 גרם,false,,9.90,0.0283,true,1,3898252
8435495805106,false,"ביומט אבקת כביסה בניחוח רענן 5ק""ג",ליימן מותגים,DE,אבקת כביסה ביומט 5 ק,קילוגרמים,5.00,"ק""ג",false,,29.90,5.9800,true,1,3832812
8435495805168,false,"תינוקלין לכביסה לעור רגיש אולימפיק 1.25ק""ג",מולינו ניקולי s.p.a,PL,אבקת כביסה תינוקלין,קילוגרמים,1.25,"ק""ג",false,,21.90,17.5200,true,1,3859965
8435495805199,false,"אבקת כביסה תינוקלין שקית 3 ק""ג.",מולינו ניקולי s.p.a,TR,אבקת כביסה תינוקלין,קילוגרמים,3.00,"ק""ג",false,,39.90,13.3000,true,1,3857158
8435495807636,false,ג'ל כביסה היפואלרגני 2 ל' תינוקלין,פרוקטר אנד גמבל,TR,תינוקלין ג'ל כביסה 2,יח',1.00,יח',false,,29.90,29.9000,true,1,3868827
8436048402841,false,עוגיות בציפוי שוקולד,,,עוגיות בציפוי שוקולד,גרמים,135.00,100 גרם,false,,4.90,0.0363,true,1,3895220
8436535740050,false,כוס לונג לא שביר,לפיד,,כוס לונג לא שביר,יח',1.00,יח',false,,8.90,8.9000,true,1,1355260
8485818700014,false,משקפיים בנרתיק,,,משקפי קריאה,יח',1.00,יח',false,,18.90,18.9000,true,1,1351054
8593868006014,false,בירה בלו מון פחית 50,"איי, בי, אינבוו",CZ,"פחית בלומון 500 מ""ל",מיליליטרים,500.00,"100 מ""ל",false,,10.90,0.0218,true,1,3890626
8680861069013,false,מסטיק קנגו בטעמים 24 גר',רומגה אינדוסטרי,TR,קנגו מסטיק בטעמים 24,גרמים,24.00,100 גרם,false,,1.30,0.0542,true,1,3573524
8682162004045,false,חול קטמניה קרבון 8.5,,,חול קטמניה קרבון 8.5,יח',1.00,יח',false,,45.00,45.0000,true,1,3884416
8682162004069,false,חול קטמניה לבנדר 8.5,,,חול קטמניה לבנדר 8.5,יח',1.00,יח',false,,45.00,45.0000,true,1,3884417
8683130008348,false,מיונז הלמנס חריף לחי,יוניליוור ישראל שיוו,TR,הלמנס מיונז חריף 400,גרמים,400.00,100 גרם,false,,15.00,0.0375,true,1,3892590
8683130008355,false,מיונז שום לחיץ אמיתי הלמנס 400 גרם,יוניליוור ישראל שיווק בע,TR,הלמנס מיונז עם שום 4,גרמים,400.00,100 גרם,false,,15.00,0.0375,true,1,3892591
8686868600051,false,המותג אביזרי שיער,,CN,אביזרי שיער,יח',1.00,יח',false,,7.90,7.9000,true,1,1349979
8686868600068,false,המותג אביזרי שיער,,CN,אביזרי שיער,יח',1.00,יח',false,,8.90,8.9000,true,1,1349980
8686868600075,false,המותג אביזרי שיער,,CN,אביזרי שיער,יח',1.00,יח',false,,9.90,9.9000,true,1,1349981
8686868600105,false,אביזרי שיער מברשות ה,,CN,אביזרי שיער,יח',1.00,יח',false,,12.90,12.9000,true,1,1349984
8686868600150,false,המותג אביזרי שיער,,CN,אביזרי שיער,יח',1.00,יח',false,,17.90,17.9000,true,1,1349989
8690504081913,false,מקוויטיס טינס מצופה שוקולד חלב 150 גרם,"אולקר ביסקווי סנאי,",TR,טינס מצופה שוקולד חל,גרמים,150.00,100 גרם,false,,9.90,0.0660,true,1,3868587
8690504081937,false,מקוויטיס טינס שוקולד חלב וקפוצינו 150 גר,"אולקר ביסקווי סנאי,",TR,טינס שוקולד חלב וקפו,גרמים,150.00,100 גרם,false,,9.90,0.0660,true,1,3868588
8690504153740,false,גודייבה שוקולד מריר במילוי קרם גנאש 86 גרם,ביסקוט ביסקווי סילבר,TR,טבלת שוקולד מריר גנא,גרמים,86.00,100 גרם,false,,13.90,0.1616,true,1,3868590
8690526009278,false,אי טי אי - חטיף קרמל מצופה שוקולד וחלב כדורוני דגנים 126 גרם,"GIDA ETI , טורקיה n\",TR,חטיף קרמל מצופה שוקו,גרמים,126.00,100 גרם,false,,7.50,0.0595,true,1,3885572
8690526009308,false,אי טי אי - חטיף קוקוס מצופה שוקולד חלב וכדורוני דגנים 126 גרם,גורי,TR,חטיף קוקוס מצופה שוק,גרמים,126.00,100 גרם,false,,7.50,0.0595,true,1,3884980
8690526009353,false,אי טי אי - מיני חטיף בוטנים נוגט קרמל מצופה שוקולד חלב 140 גרם,"GIDA ETI , טורקיה n\",TR,מיני חטיף בוטנים נוג,גרמים,126.00,100 גרם,false,,7.50,0.0595,true,1,3884981
8690526019154,false,אי טי אי - וופל קקאו במילוי קרם קקאו 142 גרם,מולינו ניקולי s.p.a,TR,וופל קקאו במילוי קרם,גרמים,142.00,100 גרם,false,,4.90,0.0345,true,1,3884983
8690526028569,false,שוקולד חלב עם בוטנים,,,שוקולד חלב עם בוטנים,גרמים,92.00,100 גרם,false,,5.90,0.0641,true,1,3890314
8690526029191,false,אי טי אי - מיני וופל במילוי קרם אגוזים וחתיכות בוטנים 140 גרם,"GIDA ETI , טורקיה n\",TR,מיני וופל במילוי קרם,גרמים,143.00,100 גרם,false,,10.90,0.0762,true,1,3890315
8690526029207,false,אי טי אי - מארז חמישייה וופל במילוי קרם קקאו וחתיכות בוטנים 145 גרם,אתי גידה סאנאי וה טיק .A,TR,חמישיית וופל במילוי,גרמים,145.00,100 גרם,false,,9.90,0.0683,true,1,3890316
8690526032047,false,שוקולד מריר 54% עם פיסטוק,,,שוקולד מריר 54% עם פ,גרמים,63.00,100 גרם,false,,5.90,0.0937,true,1,3890317
8690526039190,false,אי טי אי - מארז חמישייה וופל במילוי קרם אגוזים וחתיכות בוטנים 145 גרם,אתי גידה סאנאי וה טיק .A,TR,חמישיית וופל במילוי,גרמים,145.00,100 גרם,false,,9.90,0.0683,true,1,3890318
8690526039206,false,אי טי אי - מיני וופל במילוי קרם קקאו וחתיכות בוטנים 140 גרם,"GIDA ETI , טורקיה n\",TR,מיני וופל במילוי קרם,גרמים,140.00,100 גרם,false,,10.90,0.0779,true,1,3890319
8690526049335,false,אי טי אי - שוקולד חלב עם פיסטוק 90 גרם,,,שוקולד חלב עם פיסטוק,גרמים,63.00,100 גרם,false,,5.90,0.0937,true,1,3890320
8690531032377,false,פלפלים קטנים חריפים במי מלח 340 גרם,גנגיר גידה,TR,פלפלים צהובים חריפים,גרמים,180.00,100 גרם,false,,9.90,0.0550,true,1,1324740
8690572778326,false,פה ד.ספרי אנטיפרספינט 200 מל 1/12,שוורצקופף והנקל,DE,דאו פה ספריי 200 צך,מיליליטרים,200.00,"100 מ""ל",false,,9.90,0.0495,true,1,2719311
8690572799499,false,"סאיוס - מרכך אולאו 500 מ""ל",הובי קוסמטיק,TR,סאיוס מרכך אולאו 500,מיליליטרים,500.00,"100 מ""ל",false,,11.90,0.0238,true,1,3891059
8690572799536,false,"סאיוס שמפו שמני הזנה 500 מ""ל","הובי קוסמטיק, אנקרה, תור",TR,סאיוס שמפו אולאו 500,מיליליטרים,500.00,"100 מ""ל",false,,11.90,0.0238,true,1,3891324
8690572799550,false,"סאיוס שמפו לשיער גלי ומתולתל 500 מ""ל",הובי קוסמטיק,TR,סאיוס שמפו תלתלים 50,מיליליטרים,500.00,"100 מ""ל",false,,11.90,0.0238,true,1,3889951
8690637073434,false,תה ליפטון ארל גריי 100 שקיקים,ליפטון Lipton,,ליפטון ארל גריי 100,גרמים,200.00,100 גרם,false,,19.90,0.0995,true,1,1331465
8690637503856,false,ממרח הלמנס כ- 40% פחות שומן לעומת מיונז,אפפילד איסטנבול ייצור מז,TR,הלמנס ממרח לחיץ לייט,גרמים,355.00,100 גרם,false,,15.00,0.0423,true,1,3892592
8690637504426,false,"קרם ניקוי סיף בניחוח לימון 500 מ""ל",יוניליוור סנאיי וי טיקאר,TR,פנטסטיק סיף קרם ניקו,מטרים,500.00,100 מ'ל,false,,10.90,0.0218,true,1,3897907
8690637505607,false,בדין אקסטרה מרכך כביסה בניחוח פינוק כחול,יוניליוור סנאיי וי טיקאר,TR,בדין אקסטרא בניחוח פ,מטרים,960.00,100 מ'ל,false,,15.90,0.0166,true,1,3892593
8690637505614,false,"מרכך כביסה בדין אקסטרה פינוק קוקוס 960 מ""ל",יוניליוור סנאיי וי טיקאר,TR,בדין אקסטרא בניחוח פ,מטרים,960.00,100 מ'ל,false,,15.90,0.0166,true,1,3890821
8690637555084,false,"מרכך כביסה מרוכז אקסטרה פריחת התפוז בדין 960 מ""ל",יוניליוור סנאיי וי טיקאר,TR,בדין אקסטרא מרוכז תפ,מיליליטרים,960.00,"100 מ""ל",false,,15.90,0.0166,true,1,1331475
8690637704277,false,"שמפו ומרכך לשיער רגיל 600 מ""ל דאב",יוניליוור טורקיה. אזור ת,TR,דאב שמפו יום יומי 2,מיליליטרים,600.00,"100 מ""ל",false,,16.90,0.0282,true,1,1331497
8690637704291,false,שמפו לשיקום אינטנסיבי לשיער פגום,יוניליוור טורקיה. אזור ת,TR,"דאב שמפו משקם 600 מ""",מיליליטרים,600.00,"100 מ""ל",false,,16.90,0.0282,true,1,1331498
8690637704376,false,"שמפו לטיפוח יום יומי דאב 600 מ""ל",יוניליוור סנאיי וי טיקאר,TR,דאב שמפו יום יומי 60,מיליליטרים,600.00,"100 מ""ל",false,,16.90,0.0282,true,1,1331499
8690637704390,false,"מרכך שיער לטיפוח יום יומי דאב 600 מ""ל",יוניליוור טורקיה. אזור ת,TR,דאב מרכך יום יומי 60,מיליליטרים,600.00,"100 מ""ל",false,,16.90,0.0282,true,1,1331500
8690637704413,false,מרכך לשיקום אינטנסיבי לשיער פגום,יוניליוור טורקיה. אזור ת,TR,"דאב מרכך משקם 600 מ""",מיליליטרים,600.00,"100 מ""ל",false,,16.90,0.0282,true,1,1331501
8690637704437,false,שמפו עם שמני הזנה לטיפוח לשיער יבש,יוניליוור סנאיי וי טיקאר,TR,דאב שמפו שמני הזנה 6,מיליליטרים,600.00,"100 מ""ל",false,,16.90,0.0282,true,1,1331502
8690637704451,false,מרכך עם שמני הזנה לטיפוח לשיער יבש,יוניליוור טורקיה. אזור ת,TR,דאב מרכך שמני הזנה 6,מיליליטרים,600.00,"100 מ""ל",false,,16.90,0.0282,true,1,1331503
8690637842399,false,מאגדת מגנום מיני דאבל פרי יער שוקולד 6 יח' נסטלה,יוניליוור סנאי וי סי,TR,מיני מגנום דאבל פירו,גרמים,47.00,100 גרם,false,,24.90,0.5298,true,1,3869149
8690637866685,false,"קרם לניקוי כללי לימון עם מיקרו קריסטלים סיף 500 מ""ל",יוניליוור ניקיון,TR,סיף קרם לניקוי לימון,מיליליטרים,500.00,"100 מ""ל",false,,10.90,0.0218,true,1,3867928
8690637866753,false,"בדין מרכך כביסה מרוכז אקסטרה סגול 960 מ""ל",יונילוור - תורכיה,TR,בדין אקסטרא סגול חדש,מיליליטרים,960.00,"100 מ""ל",false,,15.90,0.0166,true,1,3867929
8690637871061,false,"דאב שמפו עם שמן אבוקדו ותמצית קלנדולה 600 מ""ל",יונילוור - תורכיה,TR,דאב שמפו אבוקדו 600,מיליליטרים,600.00,"100 מ""ל",false,,16.90,0.0282,true,1,3867931
8690637871085,false,הלמנ'ס רוטב ברביקיו 285 גרם,יוניליוור,TR,הלמנס רוטב ברביקיו ל,גרמים,285.00,100 גרם,false,,11.90,0.0418,true,1,3879219
8690637871245,false,הלמנס מיונז אמיתי 395 גר' בקבוק לחיץ.,"בסטפוד - 3P ארה""ב Fo",TR,הלמנס מיונז אמיתי לח,גרמים,385.00,100 גרם,false,,15.00,0.0390,true,1,3867932
8690637890666,false,מאגדת מגנום מיני דאבל פיסטוק 6 יח' שטראוס,יוניליוור סנאיי וי ט,TR,מגנום דאבל פיסטוק מא,גרמים,282.00,100 גרם,false,,24.90,0.0883,true,1,3869151
8690637946301,false,"בדין - מרכך כביסה אקסטרא בייביי כחול 960 מ""ל",יוניליוור סנאיי וי טיקאר,TR,בדין אקסטרה בייבי כח,מיליליטרים,960.00,"100 מ""ל",false,,15.90,0.0166,true,1,3884939
8690637946318,false,"מרכך כביסה בדין מרוכז אקסטרה בייבי טלק 960 מ""ל",יוניליוור סנאיי וי טיקאר,TR,בדין אקסטרא צהוב ביי,יח',1.00,יח',false,,15.90,15.9000,true,1,3886219
8690637971310,false,"מרכך כביסה מרוכז אקסטרה בניחוח יערת הדבש בדין 960 מ""ל",יוניליוור סנאיי וי טיקאר,TR,בדין אקסטרה ניחוח יע,יח',1.00,יח',false,,15.90,15.9000,true,1,3892596
8690637976995,false,"מרכך כביסה מרוכז אקסטרה ורוד סחלבים פראי בדין 960 מ""ל",יוניליוור סנאיי וי טיקאר,TR,בדין אקסטרה ורוד ניח,יח',1.00,יח',false,,15.90,15.9000,true,1,3892599
8690637987441,false,"מרכך כביסה אקסטרה פרח הכותנה ווניל 960 מ""ל בדין",יוניליוור סנאיי וי טיקאר,TR,בדין אקסטרא פרח הכות,מיליליטרים,960.00,"100 מ""ל",false,,15.90,0.0166,true,1,3892601
8690637989612,false,שלגון שמנת בטעם וניל עם ריפל בטעם שוקולד 246 גרם,יונילוור סנאיי וי טיג'\,TR,מגנום מיני דולצ'ה גו,גרמים,282.00,100 גרם,false,,24.90,0.0883,true,1,3893266
8690637994029,false,מרכך כביסה אקסטרה סחלבים 1.44 ל' בדין,יוניליוור סנאיי וי טיקאר,TR,בדין אקסטרה כחול ניח,ליטרים,1.44,ליטר,false,,21.90,15.2083,true,1,3892602
8690637994036,false,מרכך כביסה אקסטרה יסמין 1.44 ל' בדין,יוניליוור סנאיי וי טיקאר,TR,בדין אקסטרה כחול ניח,ליטרים,1.44,ליטר,false,,21.90,15.2083,true,1,3892603
8690637996559,false,סיף ג'ל אקונומיקה לימון 1.25 ליטר,יוניליוור סנאיי וי טיקאר,TR,סיף ג'ל אקונומיקה לי,ליטרים,1.25,ליטר,false,,15.90,12.7200,true,1,3892604
8690710009435,false,חלבה קקאו 200 גרם,,,חלבה שוקו 200 גר,גרמים,200.00,100 גרם,false,,8.90,0.0445,true,1,3899050
8690710137442,false,אגוזי לוז טורקי 250,,,אגוזי לוז טורקי 250,גרמים,250.00,100 גרם,false,,19.90,0.0796,true,1,3903243
8690710137459,false,רחת לוקום אגוזים 250 גר,,,רחת לוקום אגוזים 250,גרמים,250.00,100 גרם,false,,17.90,0.0716,true,1,3899052
8690710138678,false,רחת לוקום ורד 125 גר,,,רחת לוקום ורד 125 גר,גרמים,125.00,100 גרם,false,,8.90,0.0712,true,1,3899055
8690710138685,false,מיקס חלקומים מקומחים 125 גר,,,מיקס חלקומים מקומחים,גרמים,125.00,100 גרם,false,,8.90,0.0712,true,1,3903244
8690766156367,false,גודייבה שוקולד חלב מעולה 90 גרם,"אולקר מקבוצת פלאדיס,",TR,גודייבה שוקולד חלב מ,גרמים,90.00,100 גרם,false,,14.90,0.1656,true,1,3879434
8690766156374,false,גודייבה שוקולד מריר מעולה 72% מוצקי קקאו 72גרם,"אולקר מקבוצת פלאדיס,",TR,גודייבה שוקולד מריר,גרמים,90.00,100 גרם,false,,14.90,0.1656,true,1,3879435
8690766156404,false,שוקולד מריר גודייבה בטעם תפוז אדום 90 גר,גודייבה,TR,גודייבה שוקולד מריר,גרמים,90.00,100 גרם,false,,15.90,0.1767,true,1,3879438
8690777203012,false,פלפלים ירוקים כבושים לא חריפים סרה ויליפוד 600 גרם,יוליניבר,TR,פלפלים ירוקים כבושים,גרמים,600.00,100 גרם,false,,10.90,0.0182,true,1,1336065
8690777204071,false,פלפלים כבושים חריפים סרה 320 גרם,יוליניבר,TR,פלפלים כבושים חריפים,גרמים,320.00,100 גרם,false,,10.90,0.0341,true,1,1336066
8690777206051,false,חציל קלוי על האש סרה ויליפוד 650 גרם,קוראהן פזלרמה וי דיס,TR,חציל קלוי על האש סרה,גרמים,650.00,100 גרם,false,,10.90,0.0168,true,1,1336067
8690777221405,false,פלפל אדום קלוי סרה ויליפוד 650 גרם,קוראהן פזלרמה וי דיס,TR,פלפלים אדומים קלויים,גרמים,400.00,100 גרם,false,,12.90,0.0323,true,1,1336068
8690784516440,false,דאק נוזל לניקוי מתקדם בניחוח לבנדה בודד 750מל,"אס.סי.ג'\ונסון מידרכט, ה",NL,דאק ג'ל נוזל לבנדר-ח,מיליליטרים,750.00,"100 מ""ל",false,,8.90,0.0119,true,1,3811234
8690784614993,false,דאק סבון ניקוי אסלה ניחוח הדרים,"פול הון ,(#POL-hUN) קולו",PL,דאק סבון ניקוי אסלה,יח',1.00,יח',false,,6.90,6.9000,true,1,3870850
8693323099107,false,מרשמלו לבבות בטעם תות ווניל,ליימן שליסל,TR,יוגטה מרשמלו לבבות 1,גרמים,150.00,100 גרם,false,,6.80,0.0453,true,1,3857164
8693374263564,false,אורז לבן ארוך בסמטי הר הכרמל,"יאילה בע""מ",TR,אורז לבן ארוך בסמטי,קילוגרמים,1.00,"ק""ג",false,,6.90,6.9000,true,1,3901617
8693374263588,false,הר הכרמל אורז בסמטי 5 קג,"יאילה בע""מ",TR,הר הכרמל אורז בסמטי,קילוגרמים,5.00,"ק""ג",false,,29.90,5.9800,true,1,3903769
8693374264042,false,"אורז בסמטי 5 ק""ג",,,"אורז בסמטי 5 ק""ג",קילוגרמים,5.00,"10 ק""ג",false,,19.90,3.9800,true,1,3899474
8693495037853,false,מברשת שיניים סלים סופט קולגייט 2 יחידות,הנסיך- מפעל לייצור ט,CN,מברשת שיניים סלים סו,2 יח',1.00,2 יח',false,,24.90,24.9000,true,1,1327448
8693495041461,false,קולגייט זוג מברשות שיניים סלים סופט פחם,הנסיך- מפעל לייצור ט,CN,מברשת קולגייט סלים ס,2 יח',1.00,2 יח',false,,19.90,19.9000,true,1,1327453
8693495050333,false,"פלמוליב סבון נוזלי לגבר לימון ירוק 500 מ""ל",קולגייט-פלמוליב,TR,פלמוליב סבון נוזלי ל,מיליליטרים,500.00,"100 מ""ל",false,,15.90,0.0318,true,1,3247142
8693495051002,false,קולגייט מברשת שיניים מיניונים 6+ לילדים,קולגייט פלמוליב,CN,קולגייט מברשת ילדים,יח',1.00,יח',false,,9.90,9.9000,true,1,3449288
8693495052191,false,פלמוליב ס.נוזלי אפרסק 750 מל משאבה,קולגייט פלמוליב,TR,פלמוליב אפרסק 750 מל,מיליליטרים,750.00,"100 מ""ל",false,,19.90,0.0265,true,1,3837098
8693495052931,false,זוג מברשות שיניים אדוונסט 360 לניקוי כל חלל הפה,קולגייט פלמוליב,CN,קולגייט זוג מברשות 3,יח',1.00,יח',false,,29.80,29.8000,true,1,3875366
8693495054034,false,פלמוליב ס.נוזלי לומינוס אבוקדו 750 משאבה,קולגייט פלמוליב,TR,פלמוליב סבון לומינוס,מיליליטרים,750.00,"100 מ""ל",false,,19.90,0.0265,true,1,3897773
8693495054058,false,פלמוליב ס.נוזלי לומינוס מקדמיה 750 משאבה,קולגייט פלמוליב,TR,פלמוליב סבון לומינוס,מיליליטרים,750.00,"100 מ""ל",false,,19.90,0.0265,true,1,3897774
8693807229853,false,SGB-7102A SINBO מנגל,,,SGB-7102A SINBO מנגל,יח',1.00,יח',false,,149.90,149.9000,true,1,3895381
8693807238831,false,SSM-2549 SINBO 2 טוסטר גריל,,,SSM-2549 SINBO 2 טוס,יח',1.00,יח',false,,79.90,79.9000,true,1,3895387
8693807238992,false,טוסטר גריל 4 פרוסות ענק,,,*מבצע* SSM-2550 SINB,יח',1.00,יח',false,,169.90,169.9000,true,1,3895388
8693807247512,false,שואב ידני מטאטא SINBO SVC8602,,,*מבצע* שואב ידני מטא,יח',1.00,יח',false,,189.90,189.9000,true,1,3895392
8694686405857,false,מיטו מזון לחתול 1 קג,,TR,מיטו מזון לחתול 1 קג,יח',1.00,יח',false,,19.90,19.9000,true,1,3887001
8695543006668,false,גבינת רסטה 200 גרם,מוטיבי גידה דיירי אי,TR,גבינה רסטה 200 גר,גרמים,200.00,100 גרם,false,,14.90,0.0745,true,1,3870629
8697413482824,false,שמן חמניות 1 ליטר,,,שמן חמניות 1 ליטר,ליטרים,1.00,ליטר,false,,9.50,9.5000,true,1,3901341
8697418280333,false,שערות קדאיף מיובשות 500 גרם,פרינסיס און וה אונלו,TR,שערות קדאיף יבשות 50,גרמים,500.00,100 גרם,false,,19.90,0.0398,true,1,3879366
8697826469092,false,טורטיה קטנה שקדיה 540 גרם 12 יחידות,דין שיווק,TR,טורטיות קטנה 8 יח 54,גרמים,540.00,100 גרם,false,,9.90,0.0183,true,1,1324749
8697924596508,false,חיתולים בייבי סופרים ניו בייבי רמילוי,,,חיתולים בייבי סופרים,יח',1.00,יח',false,,19.90,19.9000,true,1,3896436
8698782712567,false,"מגב חד להב 45 ס""מ יח",,IL,מגב חד להב,יח',1.00,יח',false,,19.90,19.9000,true,1,3880222
8698996006490,false,מגבות נייר 9ב1 רמילוי,,,מגבות נייר 9ב1 רמילו,יח',1.00,יח',false,,12.90,12.9000,true,1,3895182
8710103658825,false,אוונט מוצץ LOVE טרומן 6-18 ללא ביספינול,כמיפל,GB,6-18 מוצץ לאב,יח',1.00,יח',false,,26.80,26.8000,true,1,1324254
8710103811183,false,אוונט זוג מוצצים קלאסי 0-6 תכלת פסטל,כמיפל,GB,אוונט זוג מוצצים 0-6,יח',1.00,יח',false,,26.80,26.8000,true,1,3880952
8710103811220,false,אוונט זוג מוצצים קלאסי 0-6 ורוד ירקרק,פיליפס אוונט,GB,אוונט זוג מוצצים 0-6,יח',1.00,יח',false,,26.80,26.8000,true,1,3880953
8710428005755,false,תרכובת מזון לתינוקות על בסיס חלבון סויה איזומיל שלב 1,"אבוט מעבדות רפואיות בע""מ",NL,SIMILAC ISOMIL NG 400GR,גרמים,400.00,100 גרם,false,,39.80,0.0995,true,1,1335852
8710428016348,false,אבקת משקה להשלמה תזונתית וניל 400 ג' פדיאשור,אבוט מעבדות רפואיות,NL,סימילאק פדיאשור וניל,גרמים,400.00,100 גרם,false,,39.80,0.0995,true,1,3892897
8710428016355,false,אבקת משקה להשלמה תזונתית שוקו 400 ג' פדיאשור,אבוט מעבדות רפואיות,NL,סימילאק פדיאשור שוקו,גרמים,400.00,100 גרם,false,,39.80,0.0995,true,1,3892898
8710447224175,false,טרזמה שמפו משקם בתוספת ביוטין 400 מל,"יוניליוור פולין, רחוב קר",PL,טרזמה שמפו משקם 400,מיליליטרים,400.00,"100 מ""ל",false,,14.90,0.0373,true,1,3858949
8710447224205,false,"מרכך טרזמה משקם בתוספת ביוטין 400 מ""ל",יוניליוור פולין,PL,טרזמה מרכך משקם 400,מיליליטרים,400.00,"100 מ""ל",false,,14.90,0.0373,true,1,3858950
8710447224342,false,טרזמה שמפו קרטין לשיער 400 מל,"יוניליוור פולין, רחוב קר",PL,טרזמה שמפו קרטין לשי,יח',1.00,יח',false,,14.90,14.9000,true,1,3867939
8710447224366,false,טרזמה מרכך קרטין לשיער 400 מל,"יוניליוור פולין, רחוב קר",PL,טרזמה מרכך קרטין לשי,מיליליטרים,400.00,"100 מ""ל",false,,14.90,0.0373,true,1,3867940
8710447240915,false,מסכה טרזמה משקמת בתוספת ביוטין 300 גר,"יוניליוור פולין, רחוב קר",PL,טרזמה מסכה משקמת 300,מיליליטרים,300.00,"100 מ""ל",false,,29.90,0.0997,true,1,3858951
8710447275313,false,דאב קרם ידיים שמן קוקוס וחלב שקדים,"יוניליוור פולין, רחוב קר",PL,דאב קרם ידיים שמן קו,יח',1.00,יח',false,,8.90,8.9000,true,1,3859010
8710447331095,false,טרזמה בוטניק מסכה לשיער 300 מל,יוניליוור פולין,PL,טרזמה בוטניק מסכה לש,יח',1.00,יח',false,,29.90,29.9000,true,1,3859577
8710502139017,false,עוגיות מרבה טריפל שוקולד שוקוצ'יפס 180ג',בנקטבקריי מרבה בי.וי,NL,עוגיות טריפל שוקולד,גרמים,180.00,100 גרם,false,,7.90,0.0439,true,1,1327459
8710502194801,false,"עוגיות שוקלד ציפס רכה פירות יער ""מרבה"" 175 גרם",בנקטבקריי מרבה בי.וי,NL,מרבה עוגיות שוקולד צ,גרמים,175.00,100 גרם,false,,7.90,0.0451,true,1,1827541
8710502194825,false,מרבה - עוגיות שוקוצ'יפס כשר למהדרין 150 גרם,מרבה הולנד,NL,מרבה עוגיות שוקולדצי,גרמים,150.00,100 גרם,false,,4.90,0.0327,true,1,1327462
8710502231018,false,מרבה מיני עוגיות שוקולד צ'יפס 175 גרם,"מרבה בע""\מ",NL,עוגיות מרבה מיני שוק,גרמים,175.00,100 גרם,false,,7.90,0.0451,true,1,3892152
8710502279010,false,מרבה עוגיות שוקולד צ'יפס מצופות שוקולד 175 גרם,"י.מרבה ישראל בע""מ",NL,מרבה עוגיות שוקולד צ,גרמים,175.00,100 גרם,false,,7.90,0.0451,true,1,3892153
8710502405204,false,עוגיות שוקולד צ'יפס עם קרם שוקולד מרבה 175 גרם,קריניציה ויטמינה אס,NL,עוגיות שוקולד צ'יפס,גרמים,175.00,100 גרם,false,,7.90,0.0451,true,1,1327466
8710502470028,false,עוגיות שוקולד צ'יפס ממולאות בקרם נוגט,קריניציה ויטמינה אס,NL,עוגיות נוגטלי מרבה 1,גרמים,160.00,100 גרם,false,,7.90,0.0494,true,1,1327469
8710552274614,false,שמפו קצף לנ.שטיחים וניש קליה גולד 600 מל,קליה וניש Kalia Vanish,GB,וניש קליה גולד לשטיח,מיליליטרים,600.00,"100 מ""ל",false,,19.90,0.0332,true,1,3870001
8710739494897,false,תחנת רוח וופל טוסט 12 יח במארז 250 גר,BANKETGRORP DE,NL,תחנת רוח וופל טוסט 2,גרמים,250.00,100 גרם,false,,9.90,0.0396,true,1,3895482
8710800027573,false,סוכריות מיני בטעם פירות מנטוס 178 גרם,פרפטי ואן מלה ברדה,NL,סוכריות מיני בטעם פי,גרמים,178.00,100 גרם,false,,12.30,0.0691,true,1,1337383
8710847860829,false,"רקסונה - דאודורנט רול און לאישה כותנה 50 מ""ל",יוניליוור פארם,GB,רקסונה רולאון כותנה,יח',1.00,יח',false,,9.90,9.9000,true,1,3879226
8710847898853,false,"רקסונה - דאודורנט ספריי לגבר אקסטרא קול 150 מ""ל","יוניליוור אנגליה, דרך קו",GB,רקסונה מן דאודורנט ס,מיליליטרים,150.00,"100 מ""ל",false,,9.90,0.0660,true,1,3879228
8710847908446,false,"דאו אקס ספריי אנטיפרספירנט בלאק 150 מ""ל",ארנסט. רחוב קומבינצק,RU,אקס ספריי אנטיפרספיר,מיליליטרים,150.00,"100 מ""ל",false,,11.90,0.0793,true,1,3879232
8710847942693,false,טרזמה מרכך לשיער יבש שמן המפ 400 מל,יוניליוור,PL,טרזמה מרכך שמן הביסק,מטרים,400.00,100 מ'ל,false,,14.90,0.0373,true,1,3892605
8710847962592,false,אקס דאודורנט בודי ספריי פינק פפר,"יוניליוור אנגליה, דרך קו",GB,דאו אקס ספרי פינק פפ,מיליליטרים,150.00,"100 מ""ל",false,,9.90,0.0660,true,1,3883473
8710908693809,false,"טרזמה מסכה טיפולית עם קרטין 300מ""ל","יוניליוור פולין, רחוב קר",PL,טרזמה מסכה לשיער עם,מיליליטרים,300.00,"100 מ""ל",false,,29.90,0.0997,true,1,3867956
8711000362631,false,קפסולות קפה תואמות נספרסו אוניקס 12 ל'אור 10 יחידות,גיקובס דאו אגברטס צרפת,FR,לור קפסולות קפה אספר,גרמים,52.00,100 גרם,false,,15.90,0.3058,true,1,3868697
8711000362655,false,לור קפסולות קפה אספרסו אבסולו 9,"ג'\ייקובס דאו אגרבטס, צר",FR,לור קפסולות אספרסו א,יח',1.00,יח',false,,15.90,15.9000,true,1,3885564
8711000362679,false,קפסולות קפה תואמות נספרסו קולומביה 8 ל'אור 10 יחידות,ג'\ייקובס דאו אגרבטס צרפ,FR,לור קפסולות אספרסו ק,יח',1.00,יח',false,,15.90,15.9000,true,1,3868698
8711000371176,false,ג'ייקובס קפסולות קפה אספרסו קלאסיקו עוצמה 7,ג'ייקובס דאו אגברטס צרפת,FR,ג'ייקובס קפסולות קפה,גרמים,52.00,100 גרם,false,,14.80,0.2846,true,1,3868700
8711000371183,false,ג'ייקובס קפסולות קפה אספרסו אינטסו עוצמה 10,ג'ייקובס דאו אגברטס צרפת,FR,ג'ייקובס קפסולות קפה,גרמים,52.00,100 גרם,false,,14.80,0.2846,true,1,3868701
8711000371206,false,ג'ייקובס קפסולות קפה אספרסו ריסטרטו עוצמה 12,ג'ייקובס דאו אגברטס צרפת,FR,ג'ייקובס קפסולות קפה,גרמים,52.00,100 גרם,false,,14.80,0.2846,true,1,3868702
8711000371244,false,"ג'ייקובס קפסולות אספרסו (8) 10 יח', 52ג' לונגו",ג'\ייקובס דאו אגברטס,FR,ג'ייקובס קפסולות אספ,יח',1.00,יח',false,,14.80,14.8000,true,1,3879478
8711000397466,false,לור קפסולות קפה אספרסו נטול קפאית ריסטרטו 52 גרם,ג'ייקובס דאו אגברטס צרפת,FR,לור קפסולות אספרסו נ,גרמים,52.00,100 גרם,false,,15.90,0.3058,true,1,3868703
8711000471296,false,קפסולות קפה תואמות נספרסו אולטימו 13 ל'אור 10 יחידות,ג'\ייקובס דאו אגרבטס צרפ,FR,לור קפסולות אספרסו א,יח',1.00,יח',false,,15.90,15.9000,true,1,3885565
8711327475618,false,"מגנום פיינט וניל קלאסיק 440 מ""ל","מפעל גלידות בווספרם, רחו",HU,מגנום פיינט וניל קלא,גרמים,325.00,100 גרם,false,,19.90,0.0612,true,1,3891379
8711327475663,false,מגנום פיינט וניל שוקולד לבן 260 גרם,"מפעל גלידות בווספרם, רחו",HU,מגנום פיינט וניל שוק,גרמים,325.00,100 גרם,false,,19.90,0.0612,true,1,3893267
8711327475717,false,מגנום פיינט וניל שקדים 260 גרם,"מפעל גלידות בווספרם, רחו",HU,מגנום פיינט וניל שקד,גרמים,325.00,100 גרם,false,,19.90,0.0612,true,1,3893268
8711327475762,false,מגנום פיינט שוקולד לבן עוגיות 260 גרם,"מפעל גלידות בווספרם, רחו",HU,מגנום פיינט שוקולד ל,גרמים,325.00,100 גרם,false,,19.90,0.0612,true,1,3893269
8712000051099,false,"שישיית בירה היינקן 0% אלכוהל בקבוק 330 מ""ל","מבשלת היינקן, ריטבלדנברג",NL,היינקן מארז שישייה 0,ליטרים,1.98,ליטר,false,,30.40,15.3535,true,1,3867116
8712400802499,false,תרכובת מזון המשך לפעוטות על בסיס חלב שלב 1,נוטרישיה קאלק ב. ו.,NL,נוטרילון 1- 800 גרם,גרמים,800.00,100 גרם,false,,59.90,0.0749,true,1,1336803
8712400802512,false,תרכובת מזון המשך לפעוטות על בסיס חלב שלב 2,נוטרישיה קאלק ב. ו.,NL,נוטרילון 2- 800 גרם,גרמים,800.00,100 גרם,false,,59.90,0.0749,true,1,1336805
8712400802536,false,תרכובת מזון המשך לפעוטות על בסיס חלב שלב 3,נוטרישיה קאלק ב. ו.,NL,נוטרילון 3- 800 גרם,גרמים,800.00,100 גרם,false,,59.90,0.0749,true,1,1336807
8712561594608,false,"דאב תחליב רחיצה להזנה עמוקה 750 מ""ל","יוניליוור גרמניה, Gmbh &",DE,דאב תחליב רחצה 750 מ,מיליליטרים,750.00,"100 מ""ל",false,,15.90,0.0212,true,1,1331517
8712561611411,false,"תחליב רחצה בניחוח מלפפון ותה ירוק דאב 750 מ""ל","יוניליוור גרמניה, Gmbh &",DE,דאב תחליב רחצה 750 מ,מיליליטרים,750.00,"100 מ""ל",false,,15.90,0.0212,true,1,1331518
8712561631570,false,"תחליב רחצה קוקוס ויסמין דאב 750 מ""ל",יוניליוור גרמניה (בו,DE,דאב תחליב רחצה 750 מ,מיליליטרים,750.00,"100 מ""ל",false,,15.90,0.0212,true,1,1331520
8712561646024,false,"תחליב רחצה קרם פיסטוק ומגנוליה דאב 750 מ""ל","יוניליוור גרמניה, Gmbh &",DE,דאב תחליב רחצה 750 מ,מיליליטרים,750.00,"100 מ""ל",false,,15.90,0.0212,true,1,3905450
8714599104316,false,ג'ייקובס קפה שחור קלוי וטחון טורקי 200 גרם,אל.אל.סי ג'\ייקובס דאו א,RU,גייקובס קפה שחור קלו,גרמים,200.00,100 גרם,false,,9.90,0.0495,true,1,3879479
8714599104330,false,ג'ייקובס קפה שחור 85 גרם קלוי וטחון טורקי,ג'ייקובס Jacobs,RU,גייקובס קפה שחור קלו,גרמים,85.00,100 גרם,false,,7.90,0.0929,true,1,3879480
8714599107423,false,גייקובס אייס קרמל מל,,,גייקובס אייס קרמל מל,גרמים,215.00,100 גרם,false,,17.90,0.0833,true,1,3893021
8714599410578,false,ג'ייקובס גולד מיובש בהקפאה 47.5 גרם צנ,מאיר בייגל,,ג'ייקובס גולד צנצנת,גרמים,47.50,100 גרם,false,,4.90,0.1032,true,1,3837650
8714599410806,false,ג'ייקובס קרוננג מיובש בהקפאה 160 גרם סגירה חוזרת,ג'ייקובס Jacobs,RU,גייקובס קרוננג שקית,יח',1.00,יח',false,,17.90,17.9000,true,1,3868707
8714599412220,false,ג'ייקובס וולווט קפה נמס מיובש בהקפאה 95 גרם,אל.אל.סי ג'\ייקובס דאו א,RU,ג'ייקובס ולווט קפה נ,יח',1.00,יח',false,,14.90,14.9000,true,1,3893022
8714599412336,false,קפה נמס בריסטה אמריקנו קלוי וטחון 160 ג' ג'ייקובס,ג'\ייקובס דאו אגברטס רוס,RU,גייקובס בריסטה אמריק,גרמים,160.00,100 גרם,false,,26.90,0.1681,true,1,3893023
8714599513781,false,"קפה נמס מיובש בהקפאה זהב צנצנת ג'ייקובס 200 גרם לל""ס",אל.אל. סי ג''יקובס דאו א,RU,ג'יקובס קרנט זהב 200 גרם,גרמים,200.00,100 גרם,false,,24.90,0.1245,true,1,1336808
8714599513835,false,גי'קובס קרונונג נייט אנד דיי - נטול קופיאין,ג'ייקובס Jacobs,DE,ג'יקובס קרוננג נייט אנד ד,גרמים,200.00,100 גרם,false,,32.90,0.1645,true,1,1796744
8714599513866,false,"קפה נמס מיובש בהקפאה קרונג צנצנת ג'ייקובס 200 גרם לל""ס",אל.אל.סי גייקובס דאו,DE,ג'יקובס קרונונג 200 גרם,גרמים,200.00,100 גרם,false,,24.90,0.1245,true,1,1336809
8714789177229,false,רבעיית מברשות שיניים קולגייט אקסטרה קלין 1 יחידה,הנסיך- מפעל לייצור ט,CN,מברשת שיניים אקסטרה,יח',4.00,יח',false,,9.90,2.4750,true,1,1327474
8714789218465,false,מברשת שיניים 360 סופט קולגייט 2 יחידות,הנסיך- מפעל לייצור ט,CN,מברשת שיניים 360 סופ,יח',2.00,יח',false,,24.90,12.4500,true,1,1327479
8714789303925,false,מברשת שיניים 360 סנסטיב רכה במיוחד קולגייט 2 יחידות,קולגייט- פלמוליב,CH,מברשת שיניים 360 סנס,יח',2.00,יח',false,,24.90,12.4500,true,1,1327483
8714789402918,false,נוזל לניקוי כללי ורצפות בניחוח פרחי בר אג'קס 1.5 ליטר,הנסיך- מפעל לייצור ט,GR,נוזל לניקוי כללי ורצ,ליטרים,1.50,ליטר,false,,19.90,13.2667,true,1,1327484
8714789402932,false,נוזל לניקוי כללי ורצפות בניחוח ורדי בוקר אג'קס 1.5 ליטר,הנסיך- מפעל לייצור ט,GR,נוזל לניקוי כללי ורצ,ליטרים,1.50,ליטר,false,,19.90,13.2667,true,1,1327485
8714789402970,false,נוזל לניקוי כללי ורצפות בניחוח פרחי אביב אגק'ס 1.5 ליטר,הנסיך- מפעל לייצור ט,GR,נוזל לניקוי כללי ורצ,ליטרים,1.50,ליטר,false,,19.90,13.2667,true,1,1327486
8714789450315,false,פלמוליב נוזל כלים לימון 1.5 ליטר,הנסיך- מפעל לייצור ט,GR,פלמוליב שקוף לימון 1,ליטרים,1.50,ליטר,false,,15.90,10.6000,true,1,1327488
8714789582764,false,אג'קס ספריי לניקוי חלונות ומשטחים,קולגייט-פלמוליב,GR,"אגקס טריגרם 750 מ""ל",מיליליטרים,750.00,"100 מ""ל",false,,14.90,0.0199,true,1,1327499
8714789740058,false,מברשת שיניים טוויסטר סופט קולגייט 2 יחידות,הנסיך- מפעל לייצור ט,CN,מברשת שיניים טוויסטר,יח',2.00,יח',false,,17.90,8.9500,true,1,1327509
8714789797786,false,"פלמוליב נוזל לניקוי כלים גריז בלסטר 750 מ""ל",יבואן ומשווק: ש. שסט,GR,פלמוליב נוזל לניקוי,מיליליטרים,750.00,"100 מ""ל",false,,11.90,0.0159,true,1,1327511
8714789831275,false,מברשת שיניים 360 אופטיק ווייט קולגייט 2 יחידות,קולגייט-פלמוליב,CN,מברשת שיניים 360 אופ,יח',2.00,יח',false,,24.90,12.4500,true,1,1327517
8714789930848,false,"משחת שיניים אופטיק וייט הלבנה מיידית קולגייט 75 מ""ל",הנסיך- מפעל לייצור ט,PL,משחת שיניים אופטיק ו,מטרים,75.00,100 מ'ל,false,,19.90,0.2653,true,1,1327523
8715035130500,false,רוטב קיקומן מופחת נתרן 500 מל,,NL,רוטב סויה קיקומן דל,מיליליטרים,500.00,"100 מ""ל",false,,17.90,0.0358,true,1,3890410
8715035520301,false,פונזו רוטב יפני מסורתי מבוסס על רוטב סויה ולימון,קיקומן פודז יורופ בי,NL,רוטב קיקומן פונזו 25,מיליליטרים,250.00,"100 מ""ל",false,,17.90,0.0716,true,1,3868710
8715700110141,false,מיונז קרמי היינץ צנצנת 460ג',ה.י.היינץ הולדינג בי.וי,NL,ממרח היינץ צנצנת 460,גרמים,460.00,100 גרם,false,,9.90,0.0215,true,1,3768339
8715700115344,false,"מתבל עגבניות היינץ 460 גר' כשל""פ",אייץ'. ג'יי. היינץ פ,ES,מתבל עגבניות היינץ 4,גרמים,460.00,100 גרם,false,,6.90,0.0150,true,1,2616866
8715700117805,false,"קטשופ היינץ מתבל עגבניות ללא תוספת סוכר ומלח 425 מ""ל","ה.י היינץ הולדינג בי.וי,",NL,היינץ מתבל עגבניות ל,גרמים,425.00,100 גרם,false,,9.90,0.0233,true,1,3883555
8715700120874,false,מתבל עגבניות היינץ בתוספת שום,ה.י.היינץ הולדינג בי.וי,NL,היינץ קטשופ שום 460,גרמים,460.00,100 גרם,false,,9.90,0.0215,true,1,3893025
8715700419718,false,מתבל עגבניות היינץ 910 גרם,ה.י. היינץ,NL,קטשופ היינץ 910 גרם,גרמים,910.00,100 גרם,false,,11.90,0.0131,true,1,1336810
8715700422367,false,מיונז לייט היינץ 420 גרם,היינץ מנופקצ'רינג ספ,ES,מיונז היינץ לייט 430 גרם,גרמים,420.00,100 גרם,false,,9.90,0.0236,true,1,1737993
8715700422381,false,מיונז היינץ 420 גר' כשלפ,היינץ מנופקצ'רינג ספ,ES,מיונז היינץ 430 גרם,גרמים,420.00,100 גרם,false,,9.90,0.0236,true,1,1737994
8715700423906,false,היינץ מתבל עגבניות מופחת סוכר ומלח 50/50 550 גרם,היינץ צפון אמריקה מק,NL,היינץ מתבל עגבניות 5,גרמים,555.00,100 גרם,false,,9.90,0.0178,true,1,3862976
8717163607305,false,דאב סבון מוצק גרגירים לעיסוי עדין *4,יוניליוור גרמניה (בו,DE,סבון מוצק גרגירים דא,גרמים,400.00,100 גרם,false,,14.90,0.0373,true,1,1331533
8717163628355,false,"מרכך טרזמה להחלקה וצביעה 400 מ""ל","יוניליוור פולין, רחוב קר",PL,טרזמה מרכך להחלקה וצ,מיליליטרים,400.00,"100 מ""ל",false,,17.90,0.0447,true,1,3886223
8717163628812,false,מסכה טרזמה ללא סולפטים להחלקה ולצביעה300,"יוניליוור פולין, רחוב קר",PL,טרזמה מסכה להחלקה וצ,מיליליטרים,300.00,"100 מ""ל",false,,29.90,0.0997,true,1,3886224
8717163630105,false,"שמפו טרזמה להחלקה וצביעה 400 מ""ל",יוניליוור,PL,טרזמה שמפו להחלקה וצ,מיליליטרים,400.00,"100 מ""ל",false,,17.90,0.0447,true,1,3886225
8717163647196,false,אקס דאודורנט בודי ספריי אנרכי לאשה,יוניליוור אנגליה,GB,אקס דאו ספריי * אנרכ,מיליליטרים,150.00,"100 מ""ל",false,,9.90,0.0660,true,1,3867966
8717163647202,false,אקס דאודורנט בודי ספריי אנרכי,יוניליוור אנגליה,GB,אקס דאו ספריי אנרכי,מיליליטרים,150.00,"100 מ""ל",false,,9.90,0.0660,true,1,3867967
8717163647226,false,"אקס דאודורנט ספריי גוף בלאק 150 מ""ל",ארנסט. רחוב קומבינצק,GB,אקס דאו ספריי *בלאק,מיליליטרים,150.00,"100 מ""ל",false,,9.90,0.0660,true,1,3867969
8717163647233,false,"אקס דאודורנט ספריי גוף בלאק נייט 150 מ""ל",ארנסט. רחוב קומבינצק,GB,אקס דאו ספרייבלאק ני,מיליליטרים,150.00,"100 מ""ל",false,,9.90,0.0660,true,1,3867970
8717163647240,false,"אקס דאודורנט ספריי גוף לגבר שוקולד 150 מ""ל",יוניליוור גרמניה (בו,GB,אקס דאו ספריי* שוקול,מיליליטרים,150.00,"100 מ""ל",false,,9.90,0.0660,true,1,3867971
8717163647257,false,"אקס אנטיפרספירנט ספריי גוף גולד 150מ""ל",יוניליוור אנגליה,GB,אקס דאו ספריי גולד ל,מיליליטרים,150.00,"100 מ""ל",false,,9.90,0.0660,true,1,3867972
8717163647264,false,"אקס דאודורנט ספריי גוף אייס צ'יל 150 מ""ל",יוניליוור אנגליה,GB,אקס דאו ספריי *לגבר,מיליליטרים,150.00,"100 מ""ל",false,,9.90,0.0660,true,1,3859029
8717163647301,false,אקס דאודורנט ספריי גולד לגבר 150 מל,יוניליוור אנגליה,GB,אקס ספריי אנטי פספרנ,מיליליטרים,150.00,"100 מ""ל",false,,11.90,0.0793,true,1,3867975
8717163655825,false,"רקסונה דאו' ספריי לנשים בניחוח כותנה, 150 מ""ל","קוסטר אירוסול, גבזה 4140",GB,רקסונה דאודורנט ספרי,מיליליטרים,150.00,"100 מ""ל",false,,9.90,0.0660,true,1,3879239
8717163663493,false,"רקסונה - דאודורנט ספריי לגבר קובלט דריי 150 מ""ל","יוניליוור אנגליה, דרך קו",GB,רקסונה דאו ספריי לגב,מיליליטרים,150.00,"100 מ""ל",false,,9.90,0.0660,true,1,3879241
8717163666753,false,"ספריי אנטיפרספרנט אייס צ'יל לגבר 150 מ""ל אקס","יוניליוור אנגליה, דרך קו",GB,אקס ספריי אנטיפרספרנ,מיליליטרים,150.00,"100 מ""ל",false,,11.90,0.0793,true,1,3867978
8717163859759,false,"דאו ספריי וורקאאוט נשים רקסונה 150 מ""ל","יוניליוור אנגליה, דרך קו",GB,רקסונה ספריי וורקאוט,מיליליטרים,150.00,"100 מ""ל",false,,9.90,0.0660,true,1,3883479
8717163891735,false,רקסונה דאו ספריי וורקאאוט לגבר,"יוניליוור אנגליה, דרך קו",GB,רקסונה מן ספריי וורק,מיליליטרים,150.00,"100 מ""ל",false,,9.90,0.0660,true,1,3883480
8717644390566,false,סבון מוצר רביעיה תמצית מלפפון ותה ירוק,יוניליוור גרמניה (בו,DE,סבון מוצק ירוק דאב ר,גרמים,400.00,100 גרם,false,,14.90,0.0373,true,1,1331534
8717677336593,false,טוניס שוקולד חלב 180 גרם רבנות - נוכרי,טוניס/שוקולונלי,NL,שוקולד טוניס שוקולונ,גרמים,180.00,100 גרם,false,,17.90,0.0994,true,1,3901821
8717677336630,false,שוקולד חלב עם שקדים ודבש טוניס' שוקולונלי 180 גרם,טוניס/שוקולונלי,NL,שוקולד טוניס שוקולונ,גרמים,180.00,100 גרם,false,,17.90,0.0994,true,1,3901823
8717677336661,false,טוניס שוקולד מריר מעולה 70% 180 גרם רבנות - נוכרי,טוניס/שוקולונלי,NL,שוקולד טוניס שוקולונ,גרמים,180.00,100 גרם,false,,17.90,0.0994,true,1,3901824
8718114734484,false,מיונז מאילי 320 גר צ,יונילבר צרפת,FR,מיונז מיילי 320 גרם,גרמים,320.00,100 גרם,false,,12.90,0.0403,true,1,3868266
8718692610828,false,בקבוקים צבעוניים סודה סטרים 1 ל' * 3 יח',סודהסטרים sodastream,IL,מארז שלישייה בק סודה,3 יח',1.00,3 יח',false,,49.00,49.0000,true,1,1335685
8718692610835,false,שלישית בקבוקי סודה סטרים פיוז 1 ליטר,סודה סטרים,IL,שלישיית בקבוקים 1לי,יח',1.00,יח',false,,49.00,49.0000,true,1,1603465
8718951001596,false,"ספריי ניקוי לאמבטיה 600 מ""ל ""א'גקס""",הנסיך- מפעל לייצור ט,GR,אג'קס ספריי אמבטיה 6,מיליליטרים,600.00,"100 מ""ל",false,,11.90,0.0198,true,1,1327529
8718951001602,false,"ספריי לניקוי רב פעולות 600 מ""ל ""א'גקס""",הנסיך- מפעל לייצור ט,GR,אג'קס ספריי כללי 600,מיליליטרים,600.00,"100 מ""ל",false,,11.90,0.0198,true,1,1327530
8718951030169,false,"קולגייט סנסיטיב הלבנה המסייעת בהגנה לשיניים רגישות 75 מ""ל",קולגייט Colgate,PL,קולגייט משחת הלבנה 7,יח',1.00,יח',false,,17.90,17.9000,true,1,3892156
8718951030206,false,"קולגייט סנסיטיב פרוטקשן משחת שיניים לשיניים רגישות 75 מ""ל",קולגייט-פלמוליב,PL,קולגייט סנסיטיב מולט,יח',1.00,יח',false,,17.90,17.9000,true,1,3884896
8718951044913,false,מרידול משחת שיניים להלבנה 75 מל,קולגייט פלמוליב,PL,מרידול משחת שיניים 7,מטרים,75.00,100 מ'ל,false,,21.90,0.2920,true,1,1327533
8718951079205,false,"קולגייט סנסיטיב פרו רליף רפיר אנד פריוונט 75 מ""ל",קולגייט-פלמוליב,PL,קולגייט סנסיטיב פרו,מטרים,75.00,100 מ'ל,false,,17.90,0.2387,true,1,2975571
8718951093331,false,מרידול זוג מברשות שיניים אקסטרה סופט,קולגייט פלמוליב,CH,מרידול זוג מברשות שי,יח',2.00,יח',false,,34.90,17.4500,true,1,1327536
8718951144064,false,מרידול מברשת שיניים פרודונט אקספרט זוג,"ש. שסטוביץ בע""\מ",CH,מרידול מברשת שיניים,100 יח',1.00,100 יח',false,,34.90,34.9000,true,1,2608368
8718951159808,false,מברשות שיניים 360 מדיום- מארז שלישייה,קולגייט-פלמוליב,CN,קולגייט מברשת 360 של,יח',3.00,יח',false,,24.90,8.3000,true,1,3422825
8718951160897,false,ספריי אקונומיקה עוצמת ה7 טריגר אגקס 500מ,קולגייט-פלמוליב,GR,אגקס ספריי עוצמה 7 א,מיליליטרים,500.00,"100 מ""ל",false,,9.90,0.0198,true,1,3247143
8718951166288,false,"משחת שיניים קולגייט מקס וייט 125 מ""ל",הנסיך- מפעל לייצור ט,PL,קולגייט משחת מקס ויי,מיליליטרים,125.00,"100 מ""ל",false,,17.90,0.1432,true,1,3867283
8718951166561,false,משחת שיניים לרעננות מוגברת max fresh cooling crystals,הנסיך- מפעל לייצור ט,PL,קולגייט משחת מקס פרש,מיליליטרים,125.00,"100 מ""ל",false,,17.90,0.1432,true,1,3867284
8718951167094,false,נוזל כלים פלמוליב צילינדר תפוז וליים 1 ל,יבואן ומשווק: ש. שסט,GR,פלמוליב צילינדר תפוז,ליטרים,1.00,ליטר,false,,13.90,13.9000,true,1,3837100
8718951170445,false,"קולגייט סמיילס משחת שיניים ילדים גילאי 2-5 50 מ""ל",קולגייט פלמוליב,PL,קולגייט סמיילס לילדי,מטרים,50.00,100 מ'ל,false,,11.90,0.2380,true,1,3867285
8718951175280,false,"קולגייט טוטאל משחת שיניים פרו ויזבל אקשן עם קצף פעיל 75 מ""ל",קולגייט Colgate,PL,קולגייט טוטאל פרו מש,יח',1.00,יח',false,,16.80,16.8000,true,1,3867287
8718951175600,false,"משחת שיניים קולגייט אוטאל קליין מינט 75 מ""ל",CP-Poland swidnica,PL,קולגייט טוטאל משחת ש,מיליליטרים,75.00,"מ""ל",false,,12.90,0.1720,true,1,3867288
8718951187115,false,זוג מברשות שיניים אלמקס לילדים גילאי 3-6,GABA TRISA SWIZ,CN,זוג אלמקס מברשת ילדי,יח',1.00,יח',false,,24.90,24.9000,true,1,3867291
8718951187122,false,זוג מברשות שיניים אלמקס לילדים גילאי 0-3,GABA TRISA SWIZ,CN,זוג אלמקס מברשת ילדי,יח',1.00,יח',false,,24.90,24.9000,true,1,3867292
8718951222779,false,"מרידול פור משחה לשיניים וחניכיים בריאות 75 מ""ל",קולגייט פלמוליב,PL,מרידול פור 75 מל,יח',1.00,יח',false,,19.90,19.9000,true,1,3878888
8718951228801,false,"משחת שיניים קולגייט מקס פרש כחול 125 מ""ל",קולגייט פלמוליב,PL,קולגייט משחת מקס פרש,מיליליטרים,125.00,"100 מ""ל",false,,17.90,0.1432,true,1,3867296
8718951236790,false,"קולגייט טוטאל משחת שיניים קלין מינט לפה בריא 100 מ""ל",קולגייט פלמוליב,PL,קולגייט טוטאל משחת ש,מטרים,100.00,100 מ'ל,false,,16.80,0.1680,true,1,3867297
8718951236806,false,"קולגייט טוטאל הלבנה משחת שיניים המסייעת בהסרת כתמים 100 מ""ל",קולגייט Colgate,PL,קולגייט טוטאל הלבנה,מטרים,100.00,100 מ'ל,false,,16.80,0.1680,true,1,3864555
8718951236813,false,"קולגייט טוטאל משחת שיניים ניקוי מתקדם לפה בריא יותר 100 מ""ל",קולגייט פלמוליב,PL,קולגייט טוטאל משחת ש,יח',1.00,יח',false,,16.80,16.8000,true,1,3867298
8718951240742,false,"קולגייט טוטאל משחת שיניים פסים מרעננים 100 מ""ל",קולגייט פלמוליב,PL,קולגייט טוטאל משחת ש,מטרים,100.00,100 מ'ל,false,,16.80,0.1680,true,1,3867299
8718951264618,false,"קולגייט אופטיק וייט פחם צ'רקול משחת שיניים, 75 מ""ל",קולגייט-פלמוליב,PL,קולגייט אופטיק וייט,יח',1.00,יח',false,,29.90,29.9000,true,1,3884897
8718951265103,false,מברשת שיניים קולגייט אולטרה סופט זוג,קולגייט פלמוליב,CN,קולגייט מברשת אולטרה,מטרים,1000.00,100 מ'ל,false,,29.80,0.0298,true,1,3878890
8718951286733,false,"קולגייט אופטיק וייט לסטינג וייט משחת שיניים 75 מ""ל",קולגייט Colgate,PL,קולגייט אופטיק וייט,מטרים,75.00,100 מ'ל,false,,29.90,0.3987,true,1,3892160
8718951288492,false,"משחת שיניים מרידול בי טיוב מארז 2*75 מ""ל",קולגייט פלמוליב,PL,מרידול משחת שיניים ב,יח',1.00,יח',false,,29.90,29.9000,true,1,3883315
8718951296794,false,"פלמוליב גל רחצה נורדיק האג 500 מ""ל",CP UK,IT,פלמוליב ג'ל רחצה נור,מיליליטרים,500.00,"100 מ""ל",false,,15.90,0.0318,true,1,3892161
8718951297234,false,"פלמוליב ג'ל רחצה קוזי מוד 500 מ""ל",קריות זול,IT,פלמוליב ג'ל רחצה קוז,מיליליטרים,500.00,"100 מ""ל",false,,15.90,0.0318,true,1,3892162
8718951301139,false,פלמוליב תחליב רחצה ויטמין B ורימון 750מל,שסטוביץ,TR,פלמוליב תחליב רחצה ו,מיליליטרים,750.00,"100 מ""ל",false,,19.90,0.0265,true,1,3886130
8718951313927,false,"סבון ידיים משאבה פלמוליב חימר טונוס 300 מ""ל",פלמוליב Palmolive,TR,פלמוליב סבון ידיים ח,מיליליטרים,300.00,"100 מ""ל",false,,10.90,0.0363,true,1,3892164
8718951314009,false,פלמוליב תחליב רחצה פטל שחור 750 מל,קולגייט פלמוליב,TR,פלמוליב נטורל תחליב,מיליליטרים,750.00,"100 מ""ל",false,,19.90,0.0265,true,1,3897775
8718951315303,false,"קולגייט אדומה משחת שיניים להגנה מפני עששת 2*100 מ""ל",קולגייט-פלמוליב,PL,משחה קולגייט אדומה ז,מיליליטרים,200.00,"100 מ""ל",false,,19.90,0.0995,true,1,3886131
8718951319806,false,פלמוליב לגבר גל רחצה ושמפו מרענן 750 משא,פלמוליב Palmolive,TR,פלמוליב לגבר ג'ל רחצ,מיליליטרים,750.00,"100 מ""ל",false,,19.90,0.0265,true,1,3883316
8718951320093,false,זוג מברשות 360 אדוונס וויט שיניים קולגייט,קולגייט-פלמוליב,CN,מברשת קולגייט 360 אד,יח',1.00,יח',false,,24.90,24.9000,true,1,3886132
8718951329300,false,לסס 24/7 ספריי מהדורה מוגבלת לימיטלס 150 מל,קולגייט פלמוליב,RU,ליידי ספיד סטיק ספרי,יח',1.00,יח',false,,9.80,9.8000,true,1,3887350
8718951333048,false,"פלמוליב סבון לידיים למטבח, 300 מ""ל",הנסיך- מפעל לייצור ט,IT,פלמוליב סבון ידיים ל,מיליליטרים,300.00,"100 מ""ל",false,,10.90,0.0363,true,1,3889952
8718951334090,false,"סופלין מרכך כביסה מרוכז כחול 650 מ""ל",סופלין Soupline,GR,סופלין מרכך כביסה מר,מיליליטרים,650.00,"100 מ""ל",false,,10.90,0.0168,true,1,3884899
8718951334120,false,"סופלין מרכך כביסה מרוכז לבנדר 650 מ""ל",שסטוביץ,GR,סופלין מרכך כביסה מר,מיליליטרים,650.00,"100 מ""ל",false,,10.90,0.0168,true,1,3884900
8718951338128,false,"ליידי ספיד סטיק רול און שאוור פרש 50 מ""ל",קולגייט פלמוליב,IT,ליידי ספיד סטיק רול,מטרים,50.00,100 מ'ל,false,,14.90,0.2980,true,1,3891069
8718951345119,false,נוזל לניקוי רצפות וכללי היביסקוס 2 ליטר,הנסיך- מפעל לייצור ט,GR,אגקס ניקוי כללי עוצמ,ליטרים,1.00,ליטר,false,,22.90,22.9000,true,1,3892167
8718951354807,false,נוזל רצפות אגקס חגיגת הפרחים יסמין 1.5 ל,קולגייט פלמוליב,GR,אג'קס חגיגת הפרחים י,ליטרים,1.50,ליטר,false,,19.90,13.2667,true,1,3892169
8718951365865,false,קולגייט זוג מברשות עם סיבי פחם בצפיפות ג,קולגייט פלמוליב,PL,קולגייט מברשת פחם זו,יח',1.00,יח',false,,31.90,31.9000,true,1,3891070
8718951377998,false,קולגייט סופט פואם זוג מברשות שיניים לניק,קולגייט פלמוליב,CN,קולגייט מברשת סופטנס,יח',1.00,יח',false,,29.90,29.9000,true,1,3888790
8718951382787,false,"משחת שיניים אופטיק וויט חימר ומינרלים 75 מ""ל קולגייט",קולגייט Colgate,PL,קולגייט משחת אופטיק,מטרים,75.00,100 מ'ל,false,,24.90,0.3320,true,1,3900906
8718951385290,false,נוזל לניקוי כללי ורצפות אג'קס 2 ליטר,קולגייט פלמוליב,GR,נוזל לניקוי כללי ורצ,ליטרים,2.00,ליטר,false,,22.90,11.4500,true,1,3891206
8718951391253,false,אג'קס אנטי בקטריאלי ניקוי רצפות מרענן כחול 1.5 ליטר,קולגייט-פלמוליב,GR,אג'קס אנטי בקטריאלי,ליטרים,1.50,ליטר,false,,21.90,14.6000,true,1,3892174
8718951409798,false,זוג מברשות שיניים מקס וויט פחם קולגייט,הנסיך- מפעל לייצור ט,PL,קולגייט מברשת מקס וו,גרמים,2.00,100 גרם,false,,24.90,12.4500,true,1,3892176
8718951415836,false,קולגייט מי פה פלאקס פחם לחיוך לבן 500 מל,קולגייט Colgate,PL,קולגייט מי פה פלאקס,מיליליטרים,500.00,"100 מ""ל",false,,24.90,0.0498,true,1,3892177
8718951423558,false,"סבון רחצה גוף ונשמה קמומיל 750 מ""ל פלמוליב",שסטוביץ,TR,פלמוליב סבון רחצה גו,מטרים,750.00,100 מ'ל,false,,19.90,0.0265,true,1,3900907
8718951428492,false,"פלמוליב סבון רחצה לגבר 4ב1 מועשר בפחם 750 מ""ל",שסטוביץ,TR,פלמוליב סבון רחצה לג,מטרים,750.00,100 מ'ל,false,,19.90,0.0265,true,1,3901779
8718951461413,false,"קולגייט טוטאל קלין מינט ביטיוב 100 מ""ל*2 כשל""פ",קולגייט פלמוליב,PL,קולגייט טוטל קלין מי,מטרים,100.00,100 מ'ל,false,,29.90,0.2990,true,1,3905430
8718951461444,false,"זוג משחת שיניים טוטאל הלבנה ביטיו *100 מ""ל קולגייט",קולגייט פלמוליב,PL,קולגייט טוטל הלבנה ב,מטרים,100.00,100 מ'ל,false,,29.90,0.2990,true,1,3905431
8718951470538,false,קולגייט משחת שיניים מקס פרש ביטיוב 125*2 כשלפ,קולגייט פלמוליב,PL,קולגייט משחת שיניים,גרמים,125.00,100 גרם,false,,29.90,0.2392,true,1,3905432
8718951477384,false,"קולגייט משחת שיניים טוטאל ג'ל מתקדם פיור 75 מ""ל",קולגייט פלמוליב,PL,קולגייט משחת שיניים,מטרים,75.00,100 מ'ל,false,,19.90,0.2653,true,1,3900909
8719128110332,false,"סירופ סודה סטרים אנרגיה 500 מ""ל",סודהסטרים sodastream,IL,סירופ אנרגיה 500 מל,מיליליטרים,500.00,"100 מ""ל",false,,22.90,0.0458,true,1,3868433
8719128110363,false,סירופ סודה סטרים אשכולית אדומה 0.5 ל,סודה סטרים,IL,סירופ אשכולית אדומה,מיליליטרים,500.00,"100 מ""ל",false,,22.90,0.0458,true,1,3868436
8719128112633,false,בקבוקי הגזה סודה סטרים לילדים 0.5 ל*2,סודה סטרים,IL,זוג בקבוקי חצי ליטר-,יח',1.00,יח',false,,39.90,39.9000,true,1,3837558
8719128117249,false,"סירופ פפסי מקס 440 מ""ל סודהסטרים",סודה סטרים,IL,סירופ פפסי מקס,מיליליטרים,440.00,"100 מ""ל",false,,22.90,0.0520,true,1,3891221
8719200997998,false,מרגרינה למריחה בישול וטיגון 200 ג' בלו בנד,אתר חיפה מרגרינה - F,IL,מרגרינה בלובנד עם מל,גרמים,200.00,100 גרם,false,,4.50,0.0225,true,1,3883484
8719200998001,false,מרגרינה לאפיה ובישול בלי מלח 200 ג' בלו בנד,יוניליוור ישראל מזון בע\,IL,מרגרינה ללא תוספת מל,גרמים,200.00,100 גרם,false,,4.30,0.0215,true,1,3883485
8719200998018,false,מחמאה מרגרינה בטעם חמאה בלובנד 200 גרם,"מיוצר ע""\י יוניליוור ישר",IL,מרגרינה מחמאה 200 גר,גרמים,200.00,100 גרם,false,,4.30,0.0215,true,1,3883486
8719200998032,false,"מרגרינה מזולה גלורי טעם חמאה 250גר 8 יחידות - כשל""פ","מיוצר ע""\י יוניליוור ישר",IL,מרגרינה מזולה גלורי,גרמים,250.00,100 גרם,false,,9.00,0.0360,true,1,3879251
8719200998049,false,"מרגרינה מזולה גלורי רגיל 250גר 8 יחידות -כשל""פ","מיוצר ע""\י יוניליוור ישר",IL,מרגרינה מזולה גלורי,גרמים,250.00,100 גרם,false,,9.00,0.0360,true,1,3883488
8719200998094,false,"מרגרינה מזולה לאפיה ללא תוספת מלח 200גר - 40 יח' -כשל""פ","מיוצר ע""\י יוניליוור ישר",IL,מרגרינה מזולה לאפיה,גרמים,200.00,100 גרם,false,,6.50,0.0325,true,1,3883493
8720181043093,false,"דאו אקס ספריי גוף לגבר אפולו 150 מ""ל","יוניליוור אנגליה, דרך קו",GB,אקס דאו ספריי גוף אפ,מיליליטרים,150.00,"100 מ""ל",false,,9.90,0.0660,true,1,3892611
8720181045639,false,"דאב דאו ספריי א.פ טלק סופט 150 מ""ל","יוניליוור אנגליה, דרך קו",RU,דאו דאב ספריי טלק 15,מיליליטרים,150.00,"100 מ""ל",false,,14.90,0.0993,true,1,3889260
8720181045912,false,"אקס דאודורנט ספריי גוף אפריקה 150 מ""ל","יוניליוור אנגליה, דרך קו",GB,אקס דאו ספריי גוף אפ,מיליליטרים,150.00,"100 מ""ל",false,,9.90,0.0660,true,1,3892613
8720181046605,false,דאב - דאודורנט ספריי לאישה אורגינל כחול 150מל,"יוניליוור אנגליה, דרך קו",TR,דאב ספריי אוריגינל ל,מיליליטרים,150.00,"100 מ""ל",false,,14.90,0.0993,true,1,3892614
8720181046612,false,"דאב - דאודורנט רול און לאישה אורגינל 50 מ""ל","יוניליוור אנגליה, דרך קו",GB,דאב רולאון נשים אורג,מטרים,50.00,100 מ'ל,false,,14.90,0.2980,true,1,3892615
8720181090219,false,תחליב רחצה רימונים ותמצית פרח היביסקוס,"יוניליוור גרמניה, Gmbh &",DE,דאב תחליב רימונים  7,מיליליטרים,750.00,"100 מ""ל",false,,15.90,0.0212,true,1,3892617
8723400756552,false,מארז סוכריות מנטוס Mentos ריינבואו,פרפטי ואן מלה ברדה,NL,מנטוס ריינבואו 1/4,גרמים,150.00,100 גרם,false,,10.70,0.0713,true,1,1337385
8723400782544,false,מנטוס סוכריות לעיסה בתפזורת בטעם מנטה 160 ג',פרפטי ואן מלה,NL,מנטוס סוכריות מנטה ש,גרמים,160.00,100 גרם,false,,9.90,0.0619,true,1,3843529
8723400793922,false,מנטוס גליל בטעם דובדבן אריזת רביעיה 150 ג',פרפטי ואן מלה ברדה,NL,סוכריות מנטוס מארז ר,יח',1.00,יח',false,,10.90,10.9000,true,1,3893098
8723412804159,false,קומקום מעוצב BENATON BT8041,,,קומקום מעוצב BENATON,יח',1.00,יח',false,,99.90,99.9000,true,1,3881027
8766321230510,false,קוצץ מזון BENATON BT-3050,,,קוצץ מזון BENATON BT,יח',1.00,יח',false,,79.90,79.9000,true,1,3873725
8801055706952,false,נסקפה קפוצינו קרמל 10*17 גרם,נסטלה קוריאה - קפה,KR,אבקה להכנת משקה קפוצ,גרמים,170.00,100 גרם,false,,17.90,0.1053,true,1,1330328
8801055707010,false,נסקפה קפוצינו קלאסיק 10*12.5 גרם,נסטלה קוריאה - קפה,KR,קפוצ'ינו קלאסי נס קפ,גרמים,125.00,100 גרם,false,,17.90,0.1432,true,1,1330330
8801055707188,false,נסקפה קפוצינו אגוזים 10*18 גרם,נסטלה קוריאה - קפה,KR,אבקה להכנת משקה קפוצ,גרמים,180.00,100 גרם,false,,17.90,0.0994,true,1,1330331
8801055707966,false,קפה טייסטר צו'יס נס קפה בריסטה 180ג',נסטלה קוריאה - קפה,KR,טסטר צ'ויס בריסטה 18,גרמים,180.00,100 גרם,false,,29.90,0.1661,true,1,1694036
8801055708772,false,קפה טייסטר צ'ויס 200גר+50גר' מארז,נסטלה קוריאה - קפה,KR,מארז טסטר צויס 250 ג,גרמים,250.00,100 גרם,false,,29.90,0.1196,true,1,3867713
8801055709458,false,אבקה להכנת משקה קפה בטעם קפוצ'ינו קרמל,נסטלה קוריאה - קפה,IL,נסקפה קפוצינו קרמל 1,גרמים,170.00,100 גרם,false,,18.70,0.1100,true,1,3903037
8801055709465,false,אבקה להכנת משקה קפה בטעם קפוצ'ינו וניל,נסטלה קוריאה - קפה,KR,נסקפה קפוצינו וניל 1,גרמים,185.00,100 גרם,false,,18.70,0.1011,true,1,3903038
8801055709472,false,נסטלה - נסקפה קפוצ'ינו קלאסי 12.50 גרם * 10,נסטלה קוריאה - קפה,KR,נסקפה קפוצ'ינו קלאסי,גרמים,125.00,100 גרם,false,,18.70,0.1496,true,1,3903039
8801055709489,false,אבקה להכנת משקה קפה בטעם קפוצ'ינו אגוזים,נסטלה קוריאה - קפה,IL,נסקפה קפוצינו אגוזים,גרמים,180.00,100 גרם,false,,18.70,0.1039,true,1,3903040
8804880400026,false,גומיות צבעוניות חזקו,,,גומיות צבעוניות חזקו,יח',1.00,יח',false,,8.30,8.3000,true,1,3872798
8804880400040,false,גומיות כוכבים צבעוניות,,,גומיות כוכבים צבעוני,יח',1.00,יח',false,,8.30,8.3000,true,1,3872800
8804880400057,false,גומיות פסים זוהרים,,,גומיות פסים זוהרים,יח',1.00,יח',false,,8.30,8.3000,true,1,3864277
8804880400064,false,גומיות מקרופיבר רחב צבעוני,,,גומיות מקרופיבר רחב,יח',1.00,יח',false,,8.30,8.3000,true,1,3872801
8804880400071,false,גומיות מקרופיבר רחב,,,גומיות מקרופיבר רחב,יח',1.00,יח',false,,8.30,8.3000,true,1,3872802
8804880400088,false,גומיות מקרופיבר חזק צבעוני,,,גומיות מקרופיבר חזק,יח',1.00,יח',false,,8.30,8.3000,true,1,3872803
8804880400095,false,גומיות מקרופיבר חזק שחור,,,גומיות מקרופיבר חזק,יח',1.00,יח',false,,8.30,8.3000,true,1,3872804
8804880400187,false,גומיות מקרופיבר ענק שחור,,,גומיות מקרופיבר ענק,יח',1.00,יח',false,,8.30,8.3000,true,1,3872812
8804880400279,false,גומיות סיליקון זורח,,,גומיות סיליקון זורח,יח',1.00,יח',false,,7.90,7.9000,true,1,3872821
8804880400422,false,קשת פרח,,,קשת פרח,יח',1.00,יח',false,,8.30,8.3000,true,1,3872836
8805880588011,false,מברשת מרובעת מראה ענקית,,,מברשת מרובעת מראה ענ,יח',1.00,יח',false,,16.60,16.6000,true,1,3872850
8805880588042,false,מברשת מרובעת סגול,,,מברשת מרובעת סגול,יח',1.00,יח',false,,13.90,13.9000,true,1,3872853
8805880588066,false,מברשת מרובעת כסף,,,מברשת מרובעת כסף,יח',1.00,יח',false,,16.70,16.7000,true,1,3872855
8805880588080,false,מברשת מרובעת כחול,,,מברשת מרובעת כחול,יח',1.00,יח',false,,16.70,16.7000,true,1,3872857
8805880588110,false,מברשת מרובעת,,,מברשת מרובעת,קילו,100.00,קילו,false,,16.70,0.1670,true,1,3865617
8805880588226,false,מברשת עגולה כחול,,,מברשת עגולה כחול,יח',1.00,יח',false,,16.70,16.7000,true,1,3864279
8805880588233,false,מברשת עגולה ורוד,,,מברשת עגולה ורוד,יח',1.00,יח',false,,15.90,15.9000,true,1,3872870
8805880588240,false,מברשת עגולה צבעונית,,,מברשת עגולה צבעונית,יח',1.00,יח',false,,16.70,16.7000,true,1,3872871
8805880588271,false,מברשת עגולה ידית אור,,,מברשת עגולה ידית אור,יח',1.00,יח',false,,14.50,14.5000,true,1,3861315
8805880588318,false,מברשת ספרים מקצועית,,,מברשת ספרים מקצועית,קילו,100.00,קילו,false,,16.70,0.1670,true,1,3872877
8805880588325,false,מברשת ספרים מקצועית,,,מברשת ספרים מקצועית,יח',1.00,יח',false,,16.70,16.7000,true,1,3865618
8805880588431,false,מברשת קלאסית לשיער ד,,,מברשת אובלית לשיער ר,יח',1.00,יח',false,,16.70,16.7000,true,1,3872886
8809168840471,false,חטיף אצות מיובשות 9*4.5 גרם,ג'י וואן גלובול נאט,KR,חטיף אצות מיובשות 9י,יח',1.00,יח',false,,22.90,22.9000,true,1,3893305
8832828776001,false,ערכת גילוח לגבר 5IN1 BENATON BT77600,,,ערכת גילוח וטיפוח לג,יח',1.00,יח',false,,199.90,199.9000,true,1,3895423
8850006331699,false,שלישיית מברשת שיניים קולגייט סלים סופט,קולגייט פלמוליב,CN,קולגייט מברשת סלים ס,יח',3.00,יח',false,,29.90,9.9667,true,1,3867300
8850161161247,false,קוקו מקס 100% מי קוקוס 1 ליטר,טויו סייקאן קו.אל.טי.די,TH,קוקו מקס 100% מי קוק,מטרים,1000.00,100 מ'ל,false,,16.90,0.0169,true,1,3878853
8850161167089,false,קוקו וואי משקה קוקוס 1 ליטר,טויו טייקאן קו.אל.טי.די,TH,קוקו וואי משקה קוקוס,מטרים,1000.00,100 מ'ל,false,,17.90,0.0179,true,1,3878854
8850180040028,false,קמח טמפורה להכנת בלי,קרנחם אוטאי פחרה,TH,טמפורה 500גרם (GOGI),גרמים,500.00,100 גרם,false,,10.70,0.0214,true,1,1341544
8850206250592,false,רוטב צ'ילי סריראצ'ה 540 גרם (מזרח ומערב),יאן וואל יון קו.לטד,TH,רוטב צילי סיראצ'ה 54,גרמים,540.00,100 גרם,false,,19.40,0.0359,true,1,3585426
8850206280049,false,רוטב צ'ילי חריף מיו 250 גרם,יאן וואל יון קו.לטד,TH,רוטב צ'ילי חריף 250,גרמים,250.00,100 גרם,false,,16.70,0.0668,true,1,3899466
8850367990443,false,"רוטב לסלט בסגנון אסייאתי 285 מ""לTCC (כ)ללא גלוטן",c coconut Theppadungporn,TH,רוטב לסלט בסגנון אסי,מיליליטרים,285.00,"100 מ""ל",false,,9.90,0.0347,true,1,1341553
8850367992140,false,"משקה קוקוס בקרטונית 330 מ""ל",,,משקה קוקוס בקרטונית,מיליליטרים,330.00,"100 מ""ל",false,,7.90,0.0239,true,1,2995364
8850367992164,false,קרם קוקוס 250 מל 20-22% ללא חומר משמר,טאפאדונגפורן קוקנט,TH,קרם קוקוס 250 מל -מז,מיליליטרים,250.00,"100 מ""ל",false,,7.90,0.0316,true,1,1341555
8850367992171,false,קרם קוקוס 1 ליטר 20-22% ללא חומר משמר,טאפאדונגפורן קוקינט,TH,קרם קוקוס 1000מל,ליטרים,1.00,ליטר,false,,24.50,24.5000,true,1,1341556
8850367992898,false,"רוטב לסלט עם למון גראס 285 מ""ל TCC (כ) ללא גלוטן",Theppadungporn cocon,,רוטב לסלט עם למון גר,מיליליטרים,285.00,"100 מ""ל",false,,10.90,0.0382,true,1,2173075
8850367994021,false,"רוטב צ'ילי מתוק ללא סוכר מזרח ומערב ללא גלוטן 280 מ""ל",c coconut Theppadungporn,TH,"רוטב צ'ילי מתוק לל""ס",גרמים,280.00,100 גרם,false,,10.90,0.0389,true,1,3879745
8850389105825,false,משקה אלוורה בטעם ענבים סאפה 1 ליטר,סאפה פובליק קומפני לימיט,TH,סאפה אלוורה ענבים 1ל,ליטרים,1.00,ליטר,false,,11.90,11.9000,true,1,1326703
8850389105832,false,סאפה משקה אלוורה בטעם תפוח עם קוביות אלוורה 1 ליטר,סאפה פובליק קומפני לימיט,TH,סאפה אלוורה תפוחים 1,ליטרים,1.00,ליטר,false,,11.90,11.9000,true,1,1326704
8850389105849,false,סאפה משקה אלוורה מופחת קלוריות בטעם אפרסק 1 ליטר,סאפה פובליק קומפני לימיט,TH,סאפה אלוורה אפרסק 1ל,ליטרים,1.00,ליטר,false,,11.90,11.9000,true,1,1326705
8850389115336,false,משקה אלוורה בטעם מלון סאפה 1 ליטר,סאפה פובליק קומפני לימיט,TH,סאפה אלוורה מלון 1ל',ליטרים,1.00,ליטר,false,,11.90,11.9000,true,1,3867118
8850632605201,false,"יוגטה, חיספוסים, ממתק חמוץ בצורת שטיח, בטעם מעורב- תות בננה, תפוח, תפוז, 50 גרם",הדקלאים אגודת שיתופי,TR,חמצוצים שטיח בטעם מע,גרמים,50.00,100 גרם,false,,3.50,0.0700,true,1,1337393
8851613101378,false,"נוזל קוקוס ארוי די 250 מ""ל",תאי אגרי פוד פובליק קו'\,TH,"חלב קוקוס 250 מ""ל",מיליליטרים,250.00,"100 מ""ל",false,,9.80,0.0392,true,1,1324255
8851613106106,false,חלב קוקוס ארוי די150,טי אגרי פוד,TH,מי קוקוס 150 מל,מיליליטרים,150.00,"100 מ""ל",false,,7.50,0.0500,true,1,1324257
8852633020403,false,פניני טפיוקה 500 גרם (כשר),super j internationa,TH,פניני טפיוקה 500 גרם,גרמים,500.00,100 גרם,false,,11.70,0.0234,true,1,1341568
8857101301008,false,רוטב צילי מתוק ויליפוד 700 גרם,פאן אינטר,TH,רוטב צ'ילי מתוק 700,מיליליטרים,700.00,"100 מ""ל",false,,9.50,0.0136,true,1,1336075
8858271002887,false,רוטב טריאקי 250 מ'ל - מקסצ'אפ,דאנינג יוה פודס קו,TH,רוטב טריאקי 250 מ'ל,גרמים,250.00,100 גרם,false,,9.90,0.0396,true,1,1341573
8858271003044,false,רוטב סויה כהה פורמולה 5 700 גרם מקסצאפ,מזרח ומערב,,רוטב סויה פורמולה 5,גרמים,700.00,100 גרם,false,,15.90,0.0227,true,1,1341575
8858271003174,false,רוטב שזיפים 700 מ'ל-מקסצ'אפ,מזרח ומערב,,רוטב שזיפים 700 מ'ל-,גרמים,700.00,100 גרם,false,,15.90,0.0227,true,1,1341580
8858271004034,false,רוטב צ'ילי חריף 700 מ'ל מקסצ'אפ,דאנינג יוה פודס קו,TH,רוטב צ'ילי חריף 700,גרמים,700.00,100 גרם,false,,15.50,0.0221,true,1,1341583
8858271004300,false,רוטב טריאקי 700 מ'ל מקסצ'אפ,דאנינג יוה פודס קו,TH,רוטב טריאקי 700 מ'ל,גרמים,227.00,100 גרם,false,,19.90,0.0877,true,1,1341585
8858271004799,false,"רוטב צילי מתוק אל פורפסיס 700 מ""ל",יאן ונזל יון,TH,רוטב צ'ילי מתוק 700,מיליליטרים,700.00,"100 מ""ל",false,,12.50,0.0179,true,1,1341593
8858271005451,false,"רוטב סויה פורמולה 1 - 250 מ""ל מקסצ'אפ",yan wal yun corpara,TH,רוטב סויה פורמולה 1,מיליליטרים,250.00,"100 מ""ל",false,,9.90,0.0396,true,1,1341594
8858271005772,false,"רוטב סויה ללא גלוטן (תמרי)300 מ""ל (כ)",יאן ונזל יון,TH,רוטב סויה ללא גלוטן,מיליליטרים,300.00,"100 מ""ל",false,,15.90,0.0530,true,1,2430205
8858671550056,false,טמפורה מתובלת צילי ח,,,"טמפורה מתובלת ב""צ'יל",גרמים,500.00,100 גרם,false,,10.90,0.0218,true,1,2995365
8877299260208,false,אופה פיתות חלונות +,,,אופה פיתות חלונות +,יח',1.00,יח',false,,249.90,249.9000,true,1,3895434
8888021200256,false,סוללות אנרג'ייזר AA מקס 8 יחידות,יצרן: אנרג'ייזר סינג,SG,סוללות ENERGIZER 1X8 AA M,8 יח',1.00,8 יח',false,,24.90,24.9000,true,1,1351906
8888021200720,false,סוללות אנרג'ייזר AAA מקס 8 יחידות,יצרן: אנרג'ייזר סינג,SG,סוללות ENERGIZER 1X8 *AAA,8 יח',1.00,8 יח',false,,24.90,24.9000,true,1,1351907
8888757101506,false,100% שמן מזוכך משומשום קלוי,אוך אייק גואן פוד אי,,"שמן שומשום 150 מ""ל",מיליליטרים,150.00,"100 מ""ל",false,,11.10,0.0740,true,1,1324264
8888757103005,false,"שמן שומשום טהור 300 מ""ל",אוך אייק גואן פוד אינדוס,SG,"שמן שומשום 300 מ""ל",מיליליטרים,300.00,"100 מ""ל",false,,18.30,0.0610,true,1,1324265
8901138825577,false,"משחת שיניים הימלאיה להגנה מושלמת 75 מ""ל",הימלאיה Himalaya,IN,משחת שיניים הימלאיה,מטרים,75.00,100 מ'ל,false,,14.90,0.1987,true,1,2045756
8901537024014,false,"אורז בסמטי מובחר 1 ק""ג - דוואט) יורה דיעה",הנסיך- מפעל לייצור ט,IN,אורז בסמטי וילי פוד,גרמים,1000.00,100 גרם,false,,11.90,0.0119,true,1,1336076
8905964548426,false,מארז 3 צנצנות תבלינים עגול,,,מארז 3 צנצנות תבליני,יח',1.00,יח',false,,9.90,9.9000,true,1,3894629
8905964548440,false,מארז 3 צנצנות איחסון עגול,,,מארז 3 צנצנות איחסון,יח',1.00,יח',false,,13.90,13.9000,true,1,3894631
8905964548457,false,מארז 3 צנצנות איחסון מרובע,,,מארז 3 צנצנות איחסון,יח',1.00,יח',false,,13.90,13.9000,true,1,3894632
8934878081811,false,"דפי אורז 22 ס""מ 400 גר'(Trav) ללא גלוטן",דאנינג יוה פודס קו,VN,"דפי אורז 22 ס""מ 400",גרמים,400.00,100 גרם,false,,11.90,0.0298,true,1,1341609
8934878081828,false,"אטריות אורז דקות 1מ""",Chanh Khang Company,,"אטריות אורז דקות 1מ""",גרמים,250.00,100 גרם,false,,7.90,0.0316,true,1,1341610
8934878081866,false,"דפי אורז 22 ס""מ מרובעים 400 גרם TRAV",Chanh Khang Company,TH,דפי אורז מרובעים 440,גרמים,400.00,100 גרם,false,,11.90,0.0298,true,1,3886332
8938535541366,false,דפי אורז צבעוניים ללא גלוטן 400 גרם,Ltd Company Khang .Chanh,VN,דפי אורז צבעוניים לל,יח',1.00,יח',false,,14.90,14.9000,true,1,3890857
9000100806657,false,"פה - דאודורנט רול און לאישה בלתי נראה 50 מ""ל",שוורצקופף והנקל,DE,דאו פה ספורט רולאון,100 מל,50.00,100 מל,false,,9.90,0.1980,true,1,1326192
9000101329322,false,סבון אסלה בניחוח מתחלף תפוח נופר 50 ג' ברף,הנקל סוד,RS,ברף בניחוח מתחלף תפו,גרמים,50.00,100 גרם,false,,9.90,0.1980,true,1,3898109
9000101418163,false,שלישיית סבון אסלה בניחוח מתחלף תפוח ירוק ברף,ברף Bref,RS,ברף בניחוח מתחלף תפו,גרמים,150.00,100 גרם,false,,19.90,0.1327,true,1,3905425
9000101504484,false,קולור קאצר +ניקיון הגייני 10 שקיות,"הנקל סוד בע""\מ",HU,קולור קאצ'ר 10 שקיות,יח',1.00,יח',false,,14.90,14.9000,true,1,3894415
9000101512526,false,פרסיל - פאוור קאפס קפסולות ג'ל מרוכזות לכביסה 26 יח',קריות זול,RS,פרסיל קאפס לכביסה לב,יח',1.00,יח',false,,34.90,34.9000,true,1,3890608
9000101515596,false,קפסולות ג'ל מרוכזות לכביסה צבעונית 56 יח' פרסיל,הנקל,RS,פרסיל פאוור קאפס לכב,יח',1.00,יח',false,,54.90,54.9000,true,1,3892020
9000101520965,false,שלישיית סבון אסלה בניחוח מתחלף לוטוס עדין ברף,ברף Bref,RS,ברף בניחוח מתחלף לוט,גרמים,150.00,100 גרם,false,,19.90,0.1327,true,1,3905426
9000101521436,false,סבון אסלה בניחוח מתחלף לוטוס במבוק 50 ג' ברף,הנקל סוד,RS,ברף פרימיום בניחוח ל,יח',1.00,יח',false,,9.90,9.9000,true,1,3894417
9001616202100,false,מוצץ לתינוק ללא ביספנול 6+ מאם 2 יחידות,General,HU,מוצץ לתינוק ללא ביספ,יח',1.00,יח',false,,32.80,32.8000,true,1,1334431
9001616202186,false,"בקבוק לתינוק 330 מ""ל 4+ חודשים Easy Active",טרופיקל דגיל תעשיות,AT,"בקבוק לתינוק 330 מ""ל",יח',1.00,יח',false,,32.80,32.8000,true,1,1334437
9001616202360,false,זוג מוצצי סיליקון זוהר בחושך 6+ חודשים Original Night,מאם Mam,HU,מוצץ לתינוק אולטי סי,יח',1.00,יח',false,,32.80,32.8000,true,1,1334438
9001616202377,false,מאם מוצצים סיליקון 0-6 לילה זוהרים תכלת,General,AT,מאם מוצץ מיני אולטי,יח',1.00,יח',false,,32.80,32.8000,true,1,1334439
9001616203305,false,זוג פטמות X לבקבוק 6+ חודשים,מאם Mam,HU,פטמה לבקבוק איקס 6+,יח',1.00,יח',false,,24.90,24.9000,true,1,1334443
9001616203350,false,מאם זוג פטמות מס 1 זרימה איטית,General,AT,פטמה לבקבוק שלב 1 מא,יח',1.00,יח',false,,28.90,28.9000,true,1,1334446
9001616203367,false,מאם זוג פטמות מס 2 זרימה בינונית,General,AT,פטמה לבקבוק שלב 2 מא,יח',1.00,יח',false,,24.90,24.9000,true,1,1334447
9001616205781,false,מאם מוצצים סיליקון 6+ אנימלס כחול,אלפא,HU,זוג מוצצי ננו סיליקו,יח',1.00,יח',false,,32.80,32.8000,true,1,1334451
9001616205828,false,מאם מברשת לניקוי בקבוקים ירוק,אלפא,AU,מברשת לניקוי בקבוקים,יח',1.00,יח',false,,32.80,32.8000,true,1,2354086
9001616205835,false,מאם כוס ספורט 330 מל כחול,אלפא,AT,כוס ספורט מאמ 330 מל,יח',1.00,יח',false,,35.90,35.9000,true,1,1334452
9001616661099,false,"בקבוק לתינוק 270 מ""ל 2+ חודשים Easy Active",מאם Mam,AT,בקבוק לתינוק שלב 2 מ,יח',1.00,יח',false,,32.80,32.8000,true,1,1334453
9001616680991,false,"בקבוק לתינוק אנטי קוליק מאמ 260 מ""ל",מאם Mam,AT,בקבוק לתינוק אנטי קו,יח',1.00,יח',false,,32.80,32.8000,true,1,3861653
9001616681363,false,"בקבוק לתינוק אנטי קוליק מאמ 260 מ""ל",General,HU,בקבוק לתינוק אנטי קו,יח',1.00,יח',false,,27.80,27.8000,true,1,3861654
9001616692857,false,מאם בקבוק אימון 220 מל תכלת,General,AT,בקבוק טרינר 220 מל מ,יח',1.00,יח',false,,39.90,39.9000,true,1,2354067
9001616702600,false,זוג מוצצים סיליקון מאמ 0-2 ורוד,General,HU,זוג מוצצים סיליקון מ,יח',1.00,יח',false,,32.80,32.8000,true,1,3861655
9001616702655,false,מאם מוצצים סיליקון 0-6 לילה זוהרים ורוד,General,HU,זוג מוצצים סיליקון ז,יח',1.00,יח',false,,32.80,32.8000,true,1,3861660
9001616702662,false,זוג מוצצים סיליקון פרל מאמ 0-6 ורוד,General,HU,זוג מוצצים סיליקון פ,יח',1.00,יח',false,,32.80,32.8000,true,1,3861661
9001616702686,false,זוג מוצצים סיליקון אי לאב מאמי מאמ 0-6 ורוד,אלפא,HU,זוג מוצצים סיליקון א,יח',1.00,יח',false,,32.80,32.8000,true,1,3861663
9001616702693,false,זוג מוצצי סיליקון בעלי חיים 0-6 ורוד,אלפא,HU,זוג מוצצים סיליקון ב,יח',1.00,יח',false,,32.80,32.8000,true,1,3861664
9001616702716,false,זוג מוצצים סיליקון זוהרים בלילה מאמ +6 ורוד,General,HU,זוג מוצצים סיליקון ז,יח',1.00,יח',false,,32.80,32.8000,true,1,3861666
9001616702808,false,זוג מוצצים סיליקון קלירליין מאמ +6 ורוד,אלפא,HU,זוג מוצצים סיליקון ק,יח',1.00,יח',false,,32.80,32.8000,true,1,3861675
9001616702822,false,זוג מוצצים סיליקון קריסטל מאמ +6 ורוד,General,HU,זוג מוצצים סיליקון ק,יח',1.00,יח',false,,32.80,32.8000,true,1,3861677
9001616702877,false,זוג מוצצים סיליקון מאמ +16 ורוד,General,HU,זוג מוצצים סיליקון מ,יח',100.00,יח',false,,32.80,0.3280,true,1,3861682
9001616702921,false,מאם בקבוק אנטי קוליק 260 מל לבן,General,HU,בקבוק לתינוק אנטי קו,יח',1.00,יח',false,,32.80,32.8000,true,1,3861685
9001616702952,false,מאם בקבוק אנטי קוליק 320 מל ירוק,אלפא,AT,בקבוק לתינוק אנטי קו,יח',1.00,יח',false,,32.80,32.8000,true,1,3861688
9001616702969,false,"בקבוק תינוק 270 מ""ל סגול",General,HU,בקבוק לתינוק מאם 270,יח',1.00,יח',false,,32.80,32.8000,true,1,3861689
9001616702976,false,"בקבוק לתינוק מאם 270 מ""ל",General,HU,בקבוק לתינוק מאם 270,יח',1.00,יח',false,,32.80,32.8000,true,1,3861690
9001616702983,false,"בקבוק לתינוק מאמ 330 מ""ל",General,HU,בקבוק לתינוק מאמ 330,יח',1.00,יח',false,,32.80,32.8000,true,1,3861691
9001616703010,false,"בקבוק תינוק 330 מ""ל ורוד",General,AT,בקבוק לתינוק מאמ 330,יח',1.00,יח',false,,32.80,32.8000,true,1,3861693
9001616703027,false,בקבוק האכלה לתינוק מ,General,AT,בקבוק לתינוק מאמ 330,יח',1.00,יח',false,,32.80,32.8000,true,1,3861694
9002975393836,false,סוכריות גילי הריבו האפי קולה 70 גרם,"האריבו , ג'\י.אם.בי.אייץ",AT,הריבו סוכריות גומי ב,גרמים,70.00,100 גרם,false,,6.70,0.0957,true,1,3890341
9005835312602,false,טבליות למדיח קלרו 30 יח,קלרו,AT,טבליות למדיח קלרו 30,יח',1.00,יח',false,,24.90,24.9000,true,1,3879373
9005835312626,false,קלרו 50 טבליות למדיח ללא פוספטים,יעקובי,AT,קלרו טבליות למדיח 50,יח',1.00,יח',false,,47.90,47.9000,true,1,3879374
9005835312732,false,"קלרו נוזל הברקה למדיח כלים 500 מ""ל CLARO",יעקובי,AT,נוזל הברקה למדיח,יח',1.00,יח',false,,13.90,13.9000,true,1,3879377
9008700128575,false,נקטר פסיפלורה ראוץ' 1 ליטר,ראוך Rauch,AT,נקטר פסיפלורה 1 ליטר,יח',1.00,יח',false,,10.90,10.9000,true,1,3867079
9310072028743,false,טים טם ביסקוויט במילוי שוקולד 200 גרם,"ארנוטס ביסקוויטס בע""",AU,טים טם ביסקוויט במיל,גרמים,200.00,100 גרם,false,,19.80,0.0990,true,1,1495610
9310072028750,false,טים טם Tim Tam וופל שוקולד ציפוי כפול,"ארנוטס ביסקוויטס בע""",AU,טים טם ביסקוויט שוקו,גרמים,200.00,100 גרם,false,,19.80,0.0990,true,1,1369701
9310088007015,false,דיפנד תחבושות אוברנייט בלילה,קימברלי-קלארק,VN,תחבושות לילה פויז 8,יח',8.00,יח',false,,16.90,2.1125,true,1,1337974
9312931720294,false,שיק אינטואישן נשים מכשיר+2 סכינים,שסטוביץ,CN,שיק אינטואישן נשים מ,יח',1.00,יח',false,,24.90,24.9000,true,1,3867301
9322969000015,false,פריכיות תירס בטעם אורגינל ריל פודס 150 ג',אף.סי תבליני בגליל ב,AU,פריכיות תירס - 150ג' בטעם,גרמים,150.00,100 גרם,false,,11.90,0.0793,true,1,1351909
9322969000022,false,"ריל פוד פריכיות תירס עם סויה וזרעי פשתן, ללא גלוטן 150 גרם",אף.סי תבליני בגליל ב,AU,פריכיות תירס - 150ג' עם ס,גרמים,150.00,100 גרם,false,,11.90,0.0793,true,1,1351910
9322969000039,false,פריכיות תירס 150 גרם עם 5 סוגי דגנים,ריאל פודס בעמ,AU,פריכיות תירס 150 גרם,גרמים,150.00,100 גרם,false,,11.90,0.0793,true,1,3870855
9322969000046,false,פריכיות תירס שומשום אורגני ריל פודס 150 ג',אף.סי תבליני בגליל ב,AU,פריכיות תירס אורגניות - 1,גרמים,150.00,100 גרם,false,,11.90,0.0793,true,1,1351911
9324054906394,false,כלורוקס מגבוני ניקוי אקספרט פלופאק 30 יח,כלורקס,US,מגבוני כלורוקס אקספר,יח',1.00,יח',false,,10.90,10.9000,true,1,3890309
9330344004473,false,סכין גילוח שיק היידרו סילק חד פעמי 2 יח,"אם החיטה בע""מ",CN,שיק היידרו סילק חד פ,יח',1.00,יח',false,,26.90,26.9000,true,1,3883126
9720188050109,false,ממרח על בסיס סויה בסגנון גבינה טופוטי 225 גרם,טופוטי ברנדס אינק.ג',IL,ממרח על בסיס סויה בס,גרמים,225.00,100 גרם,false,,19.90,0.0884,true,1,1323186
9720188060108,false,ממרח על בסיס סויה בסגון שמנת טופוטי 340 גרם,טופוטי ברנדס אינק.ג',IL,ממרח על בסיס סויה בס,גרמים,340.00,100 גרם,false,,19.90,0.0585,true,1,1323187
9770793914006,false,עיתון גירוסלים פוסט יום שישי,,,גרוזלם פוסט יום שישי,יח',1.00,יח',false,,15.90,15.9000,true,1,1332833
9771565025005,false,עיתון מעריב סוף השבוע,,IL,מעריב שישי,יח',1.00,יח',false,,6.00,6.0000,true,1,1322834
9771565039125,false,עיתון לאישה יום ב,ידיעות אחרונות,,עיתון לאישה,יח',1.00,יח',false,,21.90,21.9000,true,1,1326719
9771565051066,false,עיתון ידיעות אחרונות,ידיעות אחרונות,,עיתון ידיעות אחרונות,יח',1.00,יח',false,,12.00,12.0000,true,1,1326729
9843022871057,false,נר הבדלה,,,נר הבדלה,מיליליטרים,1.00,"מ""ל",false,,9.90,9.9000,true,1,3899080
9843022871125,false,נר הבדלה עששית 250 גרם,,CN,נר הבדלה עששית,יח',1.00,יח',false,,17.90,17.9000,true,1,3880681
9843022871972,false,מארז 6 כוסיות לנרונים ללא רגל,,,מארז כוסיות בלי רגל,100 יח',72.00,100 יח',false,,9.90,0.1375,true,1,3898250
