code,internal_code,name,manufacturer_name,manufacture_country,manufacturer_item_description,unit_qty,quantity,unit_of_measure,weighted,qty_in_package,price,unit_of_measure_price,allow_discount,status,item_id
18389423,false,סינטה עגל,,,סינטה עגל,קילוגרמים,1.00,"ק""ג",true,,129.00,129.0000,true,1,135429
18389430,false,סינטה עגל,,,סינטה עגל,קילוגרמים,1.00,"ק""ג",true,,129.00,129.0000,true,1,135430
18389621,false,סינטה עגל,,,סינטה עגל,קילוגרמים,1.00,"ק""ג",true,,129.00,129.0000,true,1,135431
18389638,false,סינטה עגל,,,סינטה עגל,קילוגרמים,1.00,"ק""ג",true,,129.00,129.0000,true,1,135432
32147230,false,מיץ לימון סיצילייה 2,קריות זול,,מיץ לימון סיצילייה 2,מיליליטרים,200.00,"100 מ""ל",false,,8.90,4.4500,true,1,43982
40099132,false,הובה בובה צאנק תות 3,,,הובה בובה צאנק תות 3,גרמים,35.00,100 גרם,false,,3.50,10.0000,true,1,65111
40144016,false,סוכריות וורטר גליל 5,קריות זול,,סוכריות וורטר גליל 5,גרמים,50.00,100 גרם,false,,4.90,9.8000,true,1,31900
42123866,false,הובה בובה קלאסי צ'אנ,קריות זול,,הובה בובה קלאסי צ'אנ,גרמים,35.00,100 גרם,false,,3.50,10.0000,true,1,38886
42154662,false,אורביט מעטפה בטעם ספ,קריות זול,,אורביט מעטפה בטעם ספ,גרמים,27.00,100 גרם,false,,6.50,24.0741,true,1,39827
42182115,false,פייב ספירמינט סטיקס,,,פייב ספירמינט סטיקס,גרמים,29.00,100 גרם,false,,7.50,25.8621,true,1,49875
42188889,false,פייב אבטיח סטיקס 29ג,,,פייב אבטיח סטיקס 29ג,גרמים,29.00,100 גרם,false,,7.50,25.8621,true,1,52489
54051140,false,אלפרו מעדן סויה וניל,קריות זול,,אלפרו מעדן סויה וניל,מיליליטרים,500.00,"100 מ""ל",false,,16.90,3.3800,true,1,39175
72940754,false,"מילקי וניל 170 מ""ל",קריות זול,,"מילקי וניל 170 מ""ל",מיליליטרים,170.00,"100 מ""ל",false,,2.90,1.7059,true,1,30544
72940761,false,מילקי שוקולד מהדרין,קריות זול,,מילקי שוקולד מהדרין,מיליליטרים,170.00,"100 מ""ל",false,,2.90,1.7059,true,1,30545
72940952,false,מילקי פי 2 קצפת מהדר,קריות זול,,מילקי פי 2 קצפת מהדר,מיליליטרים,110.00,"100 מ""ל",false,,3.90,3.5455,true,1,30546
72941041,false,מיני מילקי שוקולד 70,קריות זול,,מיני מילקי שוקולד 70,מיליליטרים,70.00,"100 מ""ל",false,,2.30,3.2857,true,1,30550
72945308,false,שמרית קוביות שמרים ל,קריות זול,,שמרית קוביות שמרים ל,גרמים,50.00,100 גרם,false,,4.30,8.6000,true,1,30551
72961506,false,פרילי תות 1.5% 125גר,קריות זול,,פרילי תות 1.5% 125גר,גרמים,125.00,100 גרם,false,,3.50,2.8000,true,1,29278
72961520,false,פרילי אננס 1.5% 125ג,קריות זול,,פרילי אננס 1.5% 125ג,גרמים,125.00,100 גרם,false,,3.50,2.8000,true,1,29280
72961544,false,באדי תות 125מל,קריות זול,,באדי תות 125מל,מיליליטרים,125.00,"100 מ""ל",false,,2.90,2.3200,true,1,29281
72986370,false,בן&גריס גלידה פיינטי,,,בן&גריס גלידה פיינטי,גרמים,420.00,100 גרם,false,,24.90,5.9286,true,1,21851
72986424,false,בן&גריס גלידה פיינטי,,,בן&גריס גלידה פיינטי,יחידה,420.00,יחידה,false,,24.90,0.0593,true,1,21852
72986448,false,בן&גריס גלידה טופי ק,,,בן&גריס גלידה טופי ק,יחידה,420.00,יחידה,false,,24.90,0.0593,true,1,47700
72986479,false,בן&גריס גלידה צאנקי,,,בן&גריס גלידה צאנקי,גרמים,420.00,100 גרם,false,,24.90,5.9286,true,1,21855
72991886,false,בן&גריס גלידה ריבת ח,,,בן&גריס גלידה ריבת ח,גרמים,750.00,100 גרם,false,,24.90,3.3200,true,1,21857
72993637,false,דני מהדרין שוקו בודד,קריות זול,,דני מהדרין שוקו בודד,גרמים,125.00,100 גרם,false,,2.80,2.2400,true,1,42456
80001287,false,גרדנה חטיף אגוז 38גר,,,גרדנה חטיף אגוז 38גר,גרמים,38.00,100 גרם,false,,4.60,12.1053,true,1,31906
80042556,false,עגבניות חתוכות מוטי,,,עגבניות חתוכות מוטי,גרמים,400.00,100 גרם,false,,16.90,4.2250,true,1,93635
80042563,false,רסק עגבניות 700גר (צ,,,רסק עגבניות 700גר (צ,גרמים,700.00,100 גרם,false,,14.90,2.1286,true,1,89084
80050025,false,טיק טק תפוז 16גר,קריות זול,,טיק טק תפוז 16גר,גרמים,16.00,100 גרם,false,,3.90,24.3750,true,1,49590
80050124,false,טיק טק מנטה 16גר,קריות זול,,טיק טק מנטה 16גר,גרמים,16.00,100 גרם,false,,3.90,24.3750,true,1,49591
80052760,false,קינדר בואנו 43גר,קריות זול,,קינדר בואנו 43גר,גרמים,43.00,100 גרם,false,,4.90,11.3953,true,1,31914
80052883,false,טיק טק מנטה חזק 16 ג,,,טיק טק מנטה חזק 16 ג,גרמים,16.00,100 גרם,false,,3.90,24.3750,true,1,128433
80177173,false,נוטלה ממרח 350 גרם,קריות זול,,נוטלה ממרח 350 גרם,גרמים,350.00,100 גרם,false,,14.90,4.2571,true,1,31916
80768838,false,מנטוס וויט ביג פירות,,,מנטוס וויט ביג פירות,גרמים,70.00,100 גרם,false,,18.90,27.0000,true,1,90109
80773429,false,מסטיק מנטוס פיור פרש,,,מסטיק מנטוס פיור פרש,גרמים,60.00,100 גרם,false,,9.90,16.5000,true,1,96077
80773443,false,מסטיק מנטוס בקבוק מע,,,מסטיק מנטוס בקבוק מע,גרמים,60.00,100 גרם,false,,9.90,16.5000,true,1,93798
80776307,false,מנטוס מסטיק ביג בקבו,,,מנטוס מסטיק ביג בקבו,גרמים,90.00,100 גרם,false,,18.90,21.0000,true,1,93795
80790990,false,מסטיק מנטוס בקבוק מע,,,מסטיק מנטוס בקבוק מע,גרמים,60.00,100 גרם,false,,9.90,16.5000,true,1,93799
80794233,false,מנטוס מסטיק ביג בקבו,,,מנטוס מסטיק ביג בקבו,גרמים,90.00,100 גרם,false,,18.90,21.0000,true,1,93797
80843184,false,מסטיק מנטוס פיור פרש,,,מסטיק מנטוס פיור פרש,גרמים,60.00,100 גרם,false,,9.90,16.5000,true,1,136896
80896081,false,מנטוס מסטיק פיור פרש,,,מנטוס מסטיק פיור פרש,גרמים,60.00,100 גרם,false,,9.90,16.5000,true,1,96078
80913467,false,מסטיק מנטוס בבקבוק מ,,,מסטיק מנטוס בבקבוק מ,גרמים,60.00,100 גרם,false,,9.90,16.5000,true,1,93800
80926481,false,מסטיק מנטוס פיור פרש,,,מסטיק מנטוס פיור פרש,גרמים,90.00,100 גרם,false,,18.90,21.0000,true,1,98847
80936459,false,שלישיית ביצי שוקולד,,,שלישיית ביצי שוקולד,גרמים,60.00,100 גרם,false,,9.90,16.5000,true,1,137984
80945468,false,מנטוס פיור וויט מנטה,,,מנטוס פיור וויט מנטה,גרמים,60.00,100 גרם,false,,9.90,16.5000,true,1,137393
80974215,false,מסטיק מנטוס פיור פרש,,,מסטיק מנטוס פיור פרש,גרמים,90.00,100 גרם,false,,18.90,21.0000,true,1,98848
80979128,false,מסטיק מנטוס פיור פרש,,,מסטיק מנטוס פיור פרש,גרמים,60.00,100 גרם,false,,9.90,16.5000,true,1,136895
80995128,false,מנטוס מסטיק בטעם הדר,,,מנטוס מסטיק בטעם הדר,גרמים,60.00,100 גרם,false,,9.90,16.5000,true,1,140981
87108538,false,מנטוס תות בגליל בודד,קריות זול,,מנטוס תות בגליל בודד,גרמים,37.50,100 גרם,false,,3.90,10.4000,true,1,40493
87108651,false,סוכריות מנטוס מנטה ר,קריות זול,,סוכריות מנטוס מנטה ר,גרמים,37.50,100 גרם,false,,12.90,34.4000,true,1,31926
87108712,false,סוכריות מנטוס רביעיי,קריות זול,,סוכריות מנטוס רביעיי,גרמים,37.50,100 גרם,false,,12.90,34.4000,true,1,31927
87311396,false,מנטוס ריינבואו גליל,,,מנטוס ריינבואו גליל,גרמים,37.50,100 גרם,false,,3.90,10.4000,true,1,65275
90087066,false,הפי דיי מיץ תפוחים ר,,,הפי דיי מיץ תפוחים ר,מיליליטרים,1000.00,"100 מ""ל",false,,12.90,1.2900,true,1,92469
90087769,false,הפי דיי נקטר אננס לל,,,הפי דיי נקטר אננס לל,מיליליטרים,1000.00,"100 מ""ל",false,,12.90,1.2900,true,1,78215
90087974,false,חומץ תפוחים 5% 750מל,,,חומץ תפוחים 5% 750מל,מיליליטרים,750.00,"100 מ""ל",false,,13.90,1.8533,true,1,92454
90087998,false,"מיץ לימון 250מ""ל",,,"מיץ לימון 250מ""ל",מיליליטרים,250.00,"100 מ""ל",false,,5.90,2.3600,true,1,75949
3338322029,false,אוכמניות טריות 125גר,,,אוכמניות טריות 125גר,גרמים,125.00,100 גרם,false,,14.90,11.9200,true,1,137304
8112100298,false,שמן שומשום טהור 185מ,,,שמן שומשום טהור 185מ,מיליליטרים,185.00,"100 מ""ל",false,,15.90,8.5946,true,1,56444
9800800056,false,נוטלה&גו חטיף 52גר,,,נוטלה&גו חטיף 52גר,גרמים,52.00,100 גרם,false,,6.50,12.5000,true,1,89774
11179111541,false,מפות שולחן אמריקאי פ,,,מפות שולחן אמריקאי פ,יחידה,0.00,יחידה,false,,3.90,0.0000,true,1,93642
11210000094,false,טבסקו אדום 60מל,קריות זול,,טבסקו אדום 60מל,מיליליטרים,60.00,"100 מ""ל",false,,10.90,18.1667,true,1,22353
11210009387,false,טבסקו ירוק 60מל,,,טבסקו ירוק 60מל,מיליליטרים,60.00,"100 מ""ל",false,,10.90,18.1667,true,1,28944
11210607040,false,טבסקו  מעושן ציפוטלי,,,טבסקו  מעושן ציפוטלי,מיליליטרים,60.00,"100 מ""ל",false,,10.90,18.1667,true,1,94786
11210618503,false,"טבסקו סקורפיון 60 מ""",,,"טבסקו סקורפיון 60 מ""",מיליליטרים,60.00,"100 מ""ל",false,,14.90,24.8333,true,1,128489
11210698055,false,רוטב טבסקו סרירצ'ה 5,,,רוטב טבסקו סרירצ'ה 5,גרמים,566.00,100 גרם,false,,24.90,4.3993,true,1,128490
16000185517,false,*מבצע* דגני פייבר וו,,,*מבצע* דגני פייבר וו,גרמים,555.00,100 גרם,false,,20.00,3.6036,true,1,138951
16000281684,false,ניטשר וואלי חטיף קרא,,,ניטשר וואלי חטיף קרא,גרמים,210.00,100 גרם,false,,22.50,10.7143,true,1,43480
16000423534,false,ניטשר וואלי חטיף שיב,,,ניטשר וואלי חטיף שיב,גרמים,210.00,100 גרם,false,,22.50,10.7143,true,1,54945
16000548404,false,ניטשר וואלי חטיף קרא,,,ניטשר וואלי חטיף קרא,גרמים,210.00,100 גרם,false,,22.50,10.7143,true,1,31934
16000548503,false,ניטשר וואלי חטיף קרא,,,ניטשר וואלי חטיף קרא,גרמים,210.00,100 גרם,false,,22.50,10.7143,true,1,31936
16000548602,false,ניטשר וואלי חטיף קרא,,,ניטשר וואלי חטיף קרא,גרמים,210.00,100 גרם,false,,22.50,10.7143,true,1,31937
16000548909,false,ניטשר וואלי חטיף קרא,,,ניטשר וואלי חטיף קרא,גרמים,210.00,100 גרם,false,,22.50,10.7143,true,1,33829
18000701223,false,תערובת עוגת שוקולד פ,קריות זול,,תערובת עוגת שוקולד פ,גרמים,550.00,100 גרם,false,,19.90,3.6182,true,1,31941
18000703494,false,תערובת עוגת וניל 500,קריות זול,,תערובת עוגת וניל 500,גרמים,500.00,100 גרם,false,,19.90,3.9800,true,1,31942
18000703517,false,תערובת עוגת שיש 550ג,,,תערובת עוגת שיש 550ג,גרמים,550.00,100 גרם,false,,19.90,3.6182,true,1,31943
21000052387,false,רוטב ברביקיו דבש מתו,,,רוטב ברביקיו דבש מתו,מיליליטרים,510.00,"100 מ""ל",false,,10.00,1.9608,true,1,107525
22200956949,false,ספיד סטיק 24/7 ג'ל כ,,,ספיד סטיק 24/7 ג'ל כ,גרמים,85.00,100 גרם,false,,21.90,25.7647,true,1,33849
25675301092,false,מקלות חמצוצים צבעוני,,,מקלות חמצוצים צבעוני,גרמים,50.00,100 גרם,false,,5.90,11.8000,true,1,110365
25675301153,false,מקלות חמוצים פטל 50,,,מקלות חמוצים פטל 50,גרמים,50.00,100 גרם,false,,5.90,11.8000,true,1,105843
29424000687,false,גלילי וופל אגוז מנעמ,,,גלילי וופל אגוז מנעמ,גרמים,100.00,100 גרם,false,,5.90,5.9000,true,1,50397
29424000854,false,גלילי וופל מנעמים שו,,,גלילי וופל מנעמים שו,גרמים,100.00,100 גרם,false,,5.90,5.9000,true,1,50398
31200001597,false,חמוציות אושן ספריי 1,קריות זול,,חמוציות אושן ספריי 1,גרמים,170.00,100 גרם,false,,13.70,8.0588,true,1,53176
33383220291,false,אוכמניות טריות 125 ג,,,אוכמניות טריות 125 ג,יחידה,0.00,יחידה,false,,14.90,0.0000,true,1,137305
33617322616,false,קרקר ואזה מקמח שיפון,,,קרקר ואזה מקמח שיפון,גרמים,270.00,100 גרם,false,,14.90,5.5185,true,1,62376
33617340610,false,פת פריכה מקמח שיפון,,,פת פריכה מקמח שיפון,גרמים,250.00,100 גרם,false,,14.90,5.9600,true,1,62377
34000446001,false,חטיפי שוקולד חלב במי,,,חטיפי שוקולד חלב במי,גרמים,150.00,100 גרם,false,,10.90,7.2667,true,1,93777
34000470563,false,ריסז מיניס פאוצ 215ג,,,ריסז מיניס פאוצ 215ג,גרמים,215.00,100 גרם,false,,19.90,9.2558,true,1,140007
34000996643,false,הרשי דרופס פאוצ 215ג,,,הרשי דרופס פאוצ 215ג,גרמים,215.00,100 גרם,false,,19.90,9.2558,true,1,140008
37600207188,false,חמאת בוטנים קלאסי סק,,,חמאת בוטנים קלאסי סק,גרמים,462.00,100 גרם,false,,24.90,5.3896,true,1,71292
37600207256,false,חמאת בוטנים עם שברי,,,חמאת בוטנים עם שברי,גרמים,462.00,100 גרם,false,,24.90,5.3896,true,1,71293
37600207287,false,חמאת בוטנים עם דבש ס,,,חמאת בוטנים עם דבש ס,גרמים,462.00,100 גרם,false,,24.90,5.3896,true,1,71294
38000138638,false,פרינגלס פיצה 158גר,,,פרינגלס פיצה 158גר,גרמים,158.00,100 גרם,false,,11.90,7.5316,true,1,92502
38000197840,false,פרינגלס גלי בטעם חרי,,,פרינגלס גלי בטעם חרי,גרמים,137.00,100 גרם,false,,11.90,8.6861,true,1,128317
38000202278,false,פרינגלס גלי בטעם אור,,,פרינגלס גלי בטעם אור,גרמים,130.00,100 גרם,false,,11.90,9.1538,true,1,128325
38000232152,false,פרינגלס ביג ברביקיו,,,פרינגלס ביג ברביקיו,גרמים,158.00,100 גרם,false,,11.90,7.5316,true,1,112809
38000232176,false,פרינגלס ביג שמנת ובצ,,,פרינגלס ביג שמנת ובצ,גרמים,149.00,100 גרם,false,,11.90,7.9866,true,1,112808
38000232183,false,פרינגלס ביג אורגינל,,,פרינגלס ביג אורגינל,גרמים,149.00,100 גרם,false,,11.90,7.9866,true,1,112807
38527591053,false,דגני בוקר קוואקר מרו,,,דגני בוקר קוואקר מרו,גרמים,412.00,100 גרם,false,,22.90,5.5583,true,1,64392
38527591060,false,דגני בוקר קוואקר מרו,,,דגני בוקר קוואקר מרו,גרמים,412.00,100 גרם,false,,22.90,5.5583,true,1,63759
40000514480,false,אמ&אמס עדשי שוקולד 4,,,אמ&אמס עדשי שוקולד 4,גרמים,48.00,100 גרם,false,,4.90,10.2083,true,1,90121
40000514510,false,אמ&אמס עדשי שוקולד ב,,,אמ&אמס עדשי שוקולד ב,גרמים,49.00,100 גרם,false,,4.90,10.0000,true,1,89516
41390010309,false,רוטב טריאקי קיקומן 4,,,רוטב טריאקי קיקומן 4,מיליליטרים,444.00,"100 מ""ל",false,,29.90,6.7342,true,1,72068
41500000428,false,חרדל חום חריף פרנציס,,,חרדל חום חריף פרנציס,גרמים,340.00,100 גרם,false,,19.90,5.8529,true,1,139746
42400108153,false,דגני פוסט טוטי פרוטי,,,דגני פוסט טוטי פרוטי,גרמים,354.00,100 גרם,false,,24.90,7.0339,true,1,135091
44600300580,false,כלורקס קלין אפ פרש 9,קריות זול,,כלורקס קלין אפ פרש 9,מיליליטרים,946.00,"100 מ""ל",false,,19.90,2.1036,true,1,136799
46214731552,false,עוגיות שוקולד ציפס ע,קריות זול,,עוגיות שוקולד ציפס ע,גרמים,225.00,100 גרם,false,,12.90,5.7333,true,1,25258
48256214758,false,אסטוניש אבקת הפלא מס,,,אסטוניש אבקת הפלא מס,גרמים,1000.00,100 גרם,false,,32.90,3.2900,true,1,33938
50000225224,false,פריסקיז פילה הודו בר,,,פריסקיז פילה הודו בר,גרמים,156.00,100 גרם,false,,6.50,4.1667,true,1,92415
50000429042,false,פנסי פיסט כבד עם מעד,,,פנסי פיסט כבד עם מעד,גרמים,85.00,100 גרם,false,,6.50,7.6471,true,1,23286
50000429448,false,פנסי פיסט מוס סלמון,,,פנסי פיסט מוס סלמון,גרמים,85.00,100 גרם,false,,6.50,7.6471,true,1,38936
54881000055,false,תה אנגלי שחור מחר פי,,,תה אנגלי שחור מחר פי,יחידה,0.00,יחידה,false,,9.90,0.0000,true,1,98546
54881000062,false,תה אנגלי שחור לימוני,,,תה אנגלי שחור לימוני,יחידה,0.00,יחידה,false,,9.90,0.0000,true,1,98547
54881006958,false,תה אנגלי שחור קינמון,,,תה אנגלי שחור קינמון,יחידה,0.00,יחידה,false,,9.90,0.0000,true,1,98550
54881008174,false,תה ארל גריי אחמד 100,,,תה ארל גריי אחמד 100,יחידה,0.00,יחידה,false,,16.90,0.0000,true,1,92458
54881008945,false,תה אנגלי ירוק 20שק,,,תה אנגלי ירוק 20שק,יחידה,0.00,יחידה,false,,9.90,0.0000,true,1,98559
55369902342,false,"רסק תפו""ע ביתי אפל ס",,,"רסק תפו""ע ביתי אפל ס",גרמים,709.00,100 גרם,false,,15.90,2.2426,true,1,22364
62558202381,false,סירופ מייפל אורגני 1,,,סירופ מייפל אורגני 1,מיליליטרים,236.00,"100 מ""ל",false,,29.90,12.6695,true,1,97042
70080000016,false,חרדל לחיץ אמריק' ניצ,,,חרדל לחיץ אמריק' ניצ,גרמים,297.00,100 גרם,false,,9.90,3.3333,true,1,92371
70221011116,false,טובלרון שוקולד חלב 1,,,טובלרון שוקולד חלב 1,גרמים,100.00,100 גרם,false,,9.90,9.9000,true,1,114507
73490130359,false,קרם קרקר 250גר,קריות זול,,קרם קרקר 250גר,גרמים,250.00,100 גרם,false,,7.50,3.0000,true,1,23293
73490130946,false,פתי בר וניל 500 גרם,,,פתי בר וניל 500 גרם,גרמים,500.00,100 גרם,false,,8.90,1.7800,true,1,49385
73490130953,false,פתי בר שוקו 500 גרם,,,פתי בר שוקו 500 גרם,גרמים,500.00,100 גרם,false,,8.90,1.7800,true,1,49386
76840100156,false,בן&גריס גלידה שמנת ע,,,בן&גריס גלידה שמנת ע,מיליליטרים,473.00,"100 מ""ל",false,,24.90,5.2643,true,1,135531
76840100583,false,בן&גריס גלידה וניל+ב,,,בן&גריס גלידה וניל+ב,מיליליטרים,473.00,"100 מ""ל",false,,24.90,5.2643,true,1,51190
76840400218,false,בן&גריס גלידה עוגת ג,,,בן&גריס גלידה עוגת ג,יחידה,473.00,יחידה,false,,24.90,0.0526,true,1,69717
77245110610,false,מאסט סוכריות ללא סוכ,קריות זול,,מאסט סוכריות ללא סוכ,גרמים,80.00,100 גרם,false,,9.30,11.6250,true,1,30337
77343000233,false,להבונים 50יח,קריות זול,,להבונים 50יח,יחידה,0.00,יחידה,false,,9.90,0.0000,true,1,26099
77975036976,false,מטבל עגבניות בחריפות,,,מטבל עגבניות בחריפות,גרמים,439.00,100 גרם,false,,18.90,4.3052,true,1,76696
77975094624,false,שברי בייגל במילוי חמ,,,שברי בייגל במילוי חמ,גרמים,283.50,100 גרם,false,,16.90,5.9612,true,1,127853
77975094631,false,בייגלה סניידרס גבינה,,,בייגלה סניידרס גבינה,גרמים,266.00,100 גרם,false,,16.90,6.3534,true,1,127852
77975094761,false,שברי בייגל בטעם גבינ,,,שברי בייגל בטעם גבינ,גרמים,340.00,100 גרם,false,,16.90,4.9706,true,1,135473
77975094778,false,סניידרס בטעם דבש חרד,,,סניידרס בטעם דבש חרד,גרמים,340.00,100 גרם,false,,16.90,4.9706,true,1,136294
77975095157,false,סניידרס שברי בייגלה,,,סניידרס שברי בייגלה,גרמים,318.00,100 גרם,false,,16.90,5.3145,true,1,139579
80432402931,false,*מבצע* וויסקי שיבאס,,,*מבצע* וויסקי שיבאס,מיליליטרים,700.00,"100 מ""ל",false,,109.90,15.7000,true,1,72461
80518532743,false,בלוני גומי רמה 3,,,בלוני גומי רמה 3,יחידה,0.00,יחידה,false,,11.90,0.0000,true,1,28656
89041081056,false,שמן צ'ילי 185 מל,,,שמן צ'ילי 185 מל,מיליליטרים,185.00,"100 מ""ל",false,,12.90,6.9730,true,1,106079
639138513238,false,פילה הרינג מעושן 190,,,פילה הרינג מעושן 190,גרמים,190.00,100 גרם,false,,14.50,7.6316,true,1,39876
645173911038,false,קורנישון מיני 720גר,,,קורנישון מיני 720גר,גרמים,720.00,100 גרם,false,,12.90,1.7917,true,1,22564
693493158657,false,"תפו""א גורמה",,,"תפו""א גורמה",קילוגרמים,1.00,"ק""ג",true,,5.90,5.9000,true,1,138644
728229123590,false,ציפס חטיף טרה ירקות,,,ציפס חטיף טרה ירקות,גרמים,110.00,100 גרם,false,,15.90,14.4545,true,1,47785
728229123811,false,ציפס חטיף טרה ירקות,,,ציפס חטיף טרה ירקות,גרמים,110.00,100 גרם,false,,15.90,14.4545,true,1,47787
728229130154,false,ציפס חטיף טרה בטטה ו,,,ציפס חטיף טרה בטטה ו,גרמים,110.00,100 גרם,false,,15.90,14.4545,true,1,47788
728229130444,false,ציפס חטיף טרה ירק תפ,,,ציפס חטיף טרה ירק תפ,גרמים,110.00,100 גרם,false,,15.90,14.4545,true,1,51040
729011726254,false,דונאטס מצופה,,,דונאטס מצופה,יחידה,0.00,יחידה,false,,5.90,0.0000,true,1,141435
835811005728,false,עלים לקרמשניט 2*200ג,,,עלים לקרמשניט 2*200ג,גרמים,300.00,100 גרם,false,,19.90,6.6333,true,1,69186
835811006497,false,אבקת סוכר הנמל 500גר,,,אבקת סוכר הנמל 500גר,גרמים,500.00,100 גרם,false,,6.90,1.3800,true,1,74912
835811006695,false,קוקטים לאפייה 20יח,,,קוקטים לאפייה 20יח,יח',20.00,יח',false,,9.90,0.4950,true,1,72707
835811006701,false,קוקטים לאפייה 24יח,,,קוקטים לאפייה 24יח,יח',24.00,יח',false,,9.90,0.4125,true,1,72708
839762000641,false,איילנד נקטר מנגו 1לי,,,איילנד נקטר מנגו 1לי,מיליליטרים,1000.00,"100 מ""ל",false,,13.90,1.3900,true,1,42244
839762000658,false,איילנד נקטר גויאבה 1,,,איילנד נקטר גויאבה 1,מיליליטרים,1000.00,"100 מ""ל",false,,13.90,1.3900,true,1,42245
856591000055,false,עוגיות עבאדי מזרחיות,,,עוגיות עבאדי מזרחיות,גרמים,400.00,100 גרם,false,,19.90,4.9750,true,1,76936
856591000062,false,עוגיות עבאדי מזרחיות,קריות זול,,עוגיות עבאדי מזרחיות,גרמים,400.00,100 גרם,false,,19.90,4.9750,true,1,34147
856591000109,false,עוגיות עבאדי עוגיות,,,עוגיות עבאדי עוגיות,גרמים,400.00,100 גרם,false,,19.90,4.9750,true,1,49786
884912002372,false,פוסט סלקט קרנברי 396,,,פוסט סלקט קרנברי 396,גרמים,396.00,100 גרם,false,,26.90,6.7929,true,1,65028
884912102102,false,דגני פוסט בלובלרי מו,,,דגני פוסט בלובלרי מו,גרמים,382.00,100 גרם,false,,26.90,7.0419,true,1,139730
884912117625,false,דגני פוסט גולדן קריס,,,דגני פוסט גולדן קריס,גרמים,418.00,100 גרם,false,,24.90,5.9569,true,1,99618
884912129512,false,*מבצע* דגני פוסט קוק,,,*מבצע* דגני פוסט קוק,גרמים,311.00,100 גרם,false,,20.00,6.4309,true,1,70495
884912359162,false,דגני פוסט האני בנצ'ס,,,דגני פוסט האני בנצ'ס,גרמים,340.00,100 גרם,false,,24.90,7.3235,true,1,139722
884912359414,false,*מבצע* דגני פוסט האנ,,,*מבצע* דגני פוסט האנ,גרמים,340.00,100 גרם,false,,16.90,4.9706,true,1,139725
884912359421,false,*מבצע* דגני פוסט האנ,,,*מבצע* דגני פוסט האנ,גרמים,340.00,100 גרם,false,,16.90,4.9706,true,1,139723
884912365200,false,דגני בוקר אוראו 311,,,דגני בוקר אוראו 311,גרמים,311.00,100 גרם,false,,21.90,7.0418,true,1,140686
884912365217,false,דגני בוקר אוראו 311,,,דגני בוקר אוראו 311,גרמים,311.00,100 גרם,false,,21.90,7.0418,true,1,135476
884912377142,false,*מבצע* דגני פוסט האנ,,,*מבצע* דגני פוסט האנ,גרמים,340.00,100 גרם,false,,16.90,4.9706,true,1,139726
887930415667,false,נורות לד קודאק A60 ו,,,נורות לד קודאק A60 ו,יחידה,0.00,יחידה,false,,13.90,0.0000,true,1,96554
887930951998,false,סוללות קודאק 4יח AAA,,,סוללות קודאק 4יח AAA,יחידה,0.00,יחידה,false,,7.90,0.0000,true,1,95370
887930952025,false,סוללות קודאק AA4 אצב,,,סוללות קודאק AA4 אצב,יחידה,0.00,יחידה,false,,7.90,0.0000,true,1,95357
887930952049,false,סוללה קודאק C2 2041ב,,,סוללה קודאק C2 2041ב,יחידה,0.00,יחידה,false,,17.90,0.0000,true,1,95372
887930952056,false,סוללה קודאק 2D גד205,,,סוללה קודאק 2D גד205,יחידה,0.00,יחידה,false,,22.90,0.0000,true,1,95373
3014260214692,false,גילט גל גילוח רגיש ס,קריות זול,,גילט גל גילוח רגיש ס,מיליליטרים,200.00,"100 מ""ל",false,,19.90,9.9500,true,1,24848
3014260228842,false,גילט קצף גילוח רגיל,,,גילט קצף גילוח רגיל,מיליליטרים,200.00,"100 מ""ל",false,,14.90,7.4500,true,1,48583
3014260240226,false,גילט קצף גילוח לעור,,,גילט קצף גילוח לעור,מיליליטרים,200.00,"100 מ""ל",false,,14.90,7.4500,true,1,48584
3046920016377,false,שוקולד לינדט אקסלנס,,,שוקולד לינדט אקסלנס,גרמים,50.00,100 גרם,false,,15.90,31.8000,true,1,120789
3046920028363,false,שוקולד לינדט אקסלנס,,,שוקולד לינדט אקסלנס,גרמים,100.00,100 גרם,false,,15.90,15.9000,true,1,31285
3046920028721,false,שוקולד לינדט אקסלנס,,,שוקולד לינדט אקסלנס,גרמים,50.00,100 גרם,false,,15.90,31.8000,true,1,128499
3046920028752,false,שוקולד לינדט אקסלנס,,,שוקולד לינדט אקסלנס,גרמים,100.00,100 גרם,false,,15.90,15.9000,true,1,55980
3046920029681,false,שוקולד לינדט אקסלנס,,,שוקולד לינדט אקסלנס,גרמים,100.00,100 גרם,false,,15.90,15.9000,true,1,120790
3046920029759,false,שוקולד לינדט אקסלנס,,,שוקולד לינדט אקסלנס,גרמים,100.00,100 גרם,false,,15.90,15.9000,true,1,74041
3059943015104,false,איירויק נטול גז פריס,,,איירויק נטול גז פריס,מיליליטרים,345.00,"100 מ""ל",false,,15.90,4.6087,true,1,49227
3059943016569,false,איירוויק ספריי פריסי,,,איירוויק ספריי פריסי,מיליליטרים,240.00,"100 מ""ל",false,,10.90,4.5417,true,1,54850
3120581456267,false,שבלי מ.דה יין לבן יב,,,שבלי מ.דה יין לבן יב,מיליליטרים,750.00,"100 מ""ל",false,,99.90,13.3200,true,1,135072
3387390320244,false,פיטנס פירות 375גר,קריות זול,,פיטנס פירות 375גר,גרמים,375.00,100 גרם,false,,23.90,6.3733,true,1,34215
3387390525960,false,דגני קראנץ' נסטלה 50,,,דגני קראנץ' נסטלה 50,גרמים,500.00,100 גרם,false,,27.90,5.5800,true,1,45851
3574660240030,false,אובה טמפונים פרוקומפ,,,אובה טמפונים פרוקומפ,יח',32.00,יח',false,,19.90,0.6219,true,1,106883
3574660389128,false,ליסטרין מי פה קול מי,,,ליסטרין מי פה קול מי,מיליליטרים,500.00,"100 מ""ל",false,,19.90,3.9800,true,1,140898
3574660415506,false,ליסטרין טוטאל קייר ס,,,ליסטרין טוטאל קייר ס,מיליליטרים,500.00,"100 מ""ל",false,,19.90,3.9800,true,1,140900
3574661352275,false,*מבצע* ליסטרין קידס,,,*מבצע* ליסטרין קידס,מיליליטרים,250.00,"100 מ""ל",false,,10.90,4.3600,true,1,128284
3574661487328,false,קרפרי תחתוניות רגיל,,,קרפרי תחתוניות רגיל,יחידה,0.00,יחידה,false,,14.90,0.0000,true,1,106978
3574661491721,false,ליסטרין  מי פה לבן,,,ליסטרין  מי פה לבן,מיליליטרים,500.00,"100 מ""ל",false,,19.90,3.9800,true,1,140901
3574661554877,false,קרפרי מגן תחתון אוור,קריות זול,,קרפרי מגן תחתון אוור,יח',56.00,יח',false,,14.90,0.2661,true,1,120572
3574661643359,false,ליסטרין נטורלס מי פה,,,ליסטרין נטורלס מי פה,מיליליטרים,500.00,"100 מ""ל",false,,19.90,3.9800,true,1,139046
3574669908665,false,גונסון בייבי אל סבון,,,גונסון בייבי אל סבון,מיליליטרים,750.00,"100 מ""ל",false,,19.90,2.6533,true,1,100375
3607343817547,false,אדידס דאודורנט ספריי,,,אדידס דאודורנט ספריי,מיליליטרים,150.00,"100 מ""ל",false,,14.90,9.9333,true,1,136951
3607345264912,false,פיוז'ן ספריי גוף איי,,,פיוז'ן ספריי גוף איי,מיליליטרים,150.00,"100 מ""ל",false,,14.90,9.9333,true,1,52687
3607345265117,false,פיוז'ן ספריי גוף טים,,,פיוז'ן ספריי גוף טים,מיליליטרים,150.00,"100 מ""ל",false,,14.90,9.9333,true,1,52688
3608580075646,false,קונפיטורה שזיפים 370,,,קונפיטורה שזיפים 370,גרמים,370.00,100 גרם,false,,19.90,5.3784,true,1,139738
3608580730255,false,קונפיטורה משמש צרפתי,,,קונפיטורה משמש צרפתי,גרמים,370.00,100 גרם,false,,19.90,5.3784,true,1,75289
3800016701161,false,חצאי שזיף בסירופ 700,,,חצאי שזיף בסירופ 700,מיליליטרים,700.00,"100 מ""ל",false,,7.90,1.1286,true,1,76818
3838824127149,false,פאלטה-צבע לשיער שחור,,,פאלטה-צבע לשיער שחור,יחידה,0.00,יחידה,false,,19.90,0.0000,true,1,97716
3838824127248,false,פאלטה-צבע לשיער חום,,,פאלטה-צבע לשיער חום,יחידה,0.00,יחידה,false,,19.90,0.0000,true,1,97719
3838824127507,false,פאלטה-צבע לשיער חום,,,פאלטה-צבע לשיער חום,יחידה,0.00,יחידה,false,,19.90,0.0000,true,1,75630
4000417022004,false,שוקולד קולד ריטר צימ,,,שוקולד קולד ריטר צימ,גרמים,100.00,100 גרם,false,,9.90,9.9000,true,1,44616
4000417025005,false,שוקולד ריטר ספורט מר,,,שוקולד ריטר ספורט מר,גרמים,100.00,100 גרם,false,,9.90,9.9000,true,1,44623
4000417026002,false,שוקולד ריטר ספורט פר,,,שוקולד ריטר ספורט פר,גרמים,100.00,100 גרם,false,,9.90,9.9000,true,1,47938
4000417211002,false,שוקולד ריטר ספורט מו,,,שוקולד ריטר ספורט מו,גרמים,100.00,100 גרם,false,,9.90,9.9000,true,1,89650
4000417212009,false,שוקולד ריטר ספורט מר,,,שוקולד ריטר ספורט מר,גרמים,100.00,100 גרם,false,,9.90,9.9000,true,1,99677
4000417222008,false,שוקולד ריטר ספורט חל,,,שוקולד ריטר ספורט חל,גרמים,100.00,100 גרם,false,,9.90,9.9000,true,1,76998
4000522009747,false,ציו חטיף תפוחי אדמה,,,ציו חטיף תפוחי אדמה,גרמים,80.00,100 גרם,false,,4.90,6.1250,true,1,74481
4000522061752,false,בייגלה צ'יו מקלות 10,,,בייגלה צ'יו מקלות 10,גרמים,100.00,100 גרם,false,,4.90,4.9000,true,1,71070
4000539280726,false,שוקולד לינדט אקסלנס,,,שוקולד לינדט אקסלנס,גרמים,100.00,100 גרם,false,,15.90,15.9000,true,1,140295
4000539280740,false,שוקולד לינדט אקסלנס,,,שוקולד לינדט אקסלנס,גרמים,100.00,100 גרם,false,,15.90,15.9000,true,1,140439
4002448017684,false,סיליט באנג ספריי רב,קריות זול,,סיליט באנג ספריי רב,מיליליטרים,750.00,"100 מ""ל",false,,13.90,1.8533,true,1,31467
4002448019480,false,סיליט באנג ספריי מסי,,,סיליט באנג ספריי מסי,מיליליטרים,750.00,"100 מ""ל",false,,13.90,1.8533,true,1,31469
4002575016253,false,מרציפן 100גר,קריות זול,,מרציפן 100גר,גרמים,100.00,100 גרם,false,,9.90,9.9000,true,1,31961
4002590000022,false,סוכריות קלפני פירות,קריות זול,,סוכריות קלפני פירות,גרמים,150.00,100 גרם,false,,10.90,7.2667,true,1,53052
4002590000039,false,סוכריות קלפני הדרים,קריות זול,,סוכריות קלפני הדרים,גרמים,150.00,100 גרם,false,,10.90,7.2667,true,1,101319
4002590000046,false,סוכריות קלפני מרענן,קריות זול,,סוכריות קלפני מרענן,גרמים,150.00,100 גרם,false,,10.90,7.2667,true,1,53610
4002631025069,false,בירה קוניגסבכר פחית,,,בירה קוניגסבכר פחית,מיליליטרים,500.00,"100 מ""ל",false,,5.90,1.1800,true,1,102483
4003754081000,false,מרציפן 100גר,,,מרציפן 100גר,גרמים,100.00,100 גרם,false,,8.90,8.9000,true,1,75760
4004666042004,false,מלרוד מרסס משמיד עוב,,,מלרוד מרסס משמיד עוב,מיליליטרים,500.00,"100 מ""ל",false,,29.90,5.9800,true,1,105446
4005808229390,false,ניוואה ג'ל רחצה לגבר,,,ניוואה ג'ל רחצה לגבר,מיליליטרים,500.00,"100 מ""ל",false,,14.90,2.9800,true,1,106454
4005808293469,false,ניוואה דאודורנט ספרי,,,ניוואה דאודורנט ספרי,מיליליטרים,150.00,"100 מ""ל",false,,14.90,9.9333,true,1,137650
4005808366392,false,שפתון לבלו כחול בליס,,,שפתון לבלו כחול בליס,יחידה,0.00,יחידה,false,,10.00,0.0000,true,1,102278
4005808368280,false,שפתון לבלו פירות בטע,,,שפתון לבלו פירות בטע,יחידה,0.00,יחידה,false,,10.00,0.0000,true,1,102279
4005808406029,false,ניוואה תחליב רחצה סו,,,ניוואה תחליב רחצה סו,מטרים,750.00,100 מ'ל,false,,14.90,1.9867,true,1,120628
4005808817405,false,ניוואה ג'ל גילוח לעו,,,ניוואה ג'ל גילוח לעו,מיליליטרים,200.00,"100 מ""ל",false,,19.90,9.9500,true,1,106458
4005808890576,false,ניוואה קרם ידיים שפו,,,ניוואה קרם ידיים שפו,יחידה,0.00,יחידה,false,,11.90,0.0000,true,1,120614
4005900036445,false,ניוואה רול און בלק ו,,,ניוואה רול און בלק ו,מיליליטרים,50.00,"100 מ""ל",false,,14.90,29.8000,true,1,120617
4005900036506,false,ניוואה דאו רול און ש,,,ניוואה דאו רול און ש,מיליליטרים,50.00,"100 מ""ל",false,,14.90,29.8000,true,1,102283
4005900036568,false,ניוואה דאו ספריי שקו,,,ניוואה דאו ספריי שקו,מיליליטרים,150.00,"100 מ""ל",false,,14.90,9.9333,true,1,120622
4005900037909,false,ניוואה דאו ספריי  אי,,,ניוואה דאו ספריי  אי,מטרים,150.00,100 מ'ל,false,,14.90,9.9333,true,1,120623
4005900494924,false,ניוואה דאו ספריי דרי,,,ניוואה דאו ספריי דרי,מיליליטרים,150.00,"100 מ""ל",false,,14.90,9.9333,true,1,120625
4005900555915,false,ניוואה תחליב רחצה קו,,,ניוואה תחליב רחצה קו,מטרים,750.00,100 מ'ל,false,,14.90,1.9867,true,1,120721
4005900633125,false,ניוואה מן דאו ספריי,,,ניוואה מן דאו ספריי,מטרים,150.00,100 מ'ל,false,,14.90,9.9333,true,1,139761
4005900648181,false,ניוואה תחליב רחצה אל,,,ניוואה תחליב רחצה אל,מטרים,750.00,100 מ'ל,false,,14.90,1.9867,true,1,136797
4005900828088,false,ניוואה דאו רול און פ,,,ניוואה דאו רול און פ,מיליליטרים,50.00,"100 מ""ל",false,,14.90,29.8000,true,1,102287
4005900978950,false,לבלו דובדבן שפתון לח,,,לבלו דובדבן שפתון לח,יחידה,0.00,יחידה,false,,10.00,0.0000,true,1,141284
4005900978967,false,לבלו וניל שפתון וניל,,,לבלו וניל שפתון וניל,יחידה,0.00,יחידה,false,,10.00,0.0000,true,1,141277
4006529002170,false,עוגיות גולד רינג 400,,,עוגיות גולד רינג 400,גרמים,400.00,100 גרם,false,,8.90,2.2250,true,1,89748
4008287058161,false,שישיית בירת קרומבכר,,,שישיית בירת קרומבכר,מיליליטרים,1980.00,"100 מ""ל",false,,29.90,1.5101,true,1,136813
4009300522966,false,פומפדור תה ירוק נענע,,,פומפדור תה ירוק נענע,גרמים,36.00,100 גרם,false,,17.90,49.7222,true,1,71693
4009300524588,false,פומפדור חליטת תה פיר,,,פומפדור חליטת תה פיר,גרמים,60.00,100 גרם,false,,14.90,24.8333,true,1,48317
4009300525684,false,פומפדור חליטות גינגר,,,פומפדור חליטות גינגר,יחידה,0.00,יחידה,false,,14.90,0.0000,true,1,65408
4009300595120,false,פומפדור חליטת צמחים,,,פומפדור חליטת צמחים,גרמים,30.00,100 גרם,false,,14.90,49.6667,true,1,128077
4009900013581,false,אורביט סטיקס בטעם ספ,,,אורביט סטיקס בטעם ספ,יחידה,0.00,יחידה,false,,10.90,0.0000,true,1,69399
4009900402965,false,אורביט ווייט בקבוקון,,,אורביט ווייט בקבוקון,גרמים,65.00,100 גרם,false,,10.90,16.7692,true,1,67291
4009900403023,false,אורביט ווייט בקבוקון,,,אורביט ווייט בקבוקון,גרמים,64.00,100 גרם,false,,10.90,17.0313,true,1,67292
4009900406918,false,הובה בובה טריפל מיקס,קריות זול,,הובה בובה טריפל מיקס,גרמים,56.00,100 גרם,false,,7.90,14.1071,true,1,39829
4009900420129,false,אורביט פרופשיונל פפר,,,אורביט פרופשיונל פפר,גרמים,64.00,100 גרם,false,,10.90,17.0313,true,1,99243
4009900426039,false,איירוויבז מנטה אקליפ,,,איירוויבז מנטה אקליפ,גרמים,64.00,100 גרם,false,,10.90,17.0313,true,1,90675
4009900426121,false,איירוויבז אוכמניות ב,,,איירוויבז אוכמניות ב,גרמים,64.00,100 גרם,false,,10.90,17.0313,true,1,90677
4009900465304,false,סקיטלס בטעם פירות חמ,,,סקיטלס בטעם פירות חמ,גרמים,174.00,100 גרם,false,,9.90,5.6897,true,1,71890
4009900479998,false,אורביט אוכמניות בקבו,,,אורביט אוכמניות בקבו,יחידה,0.00,יחידה,false,,10.90,0.0000,true,1,72183
4009900482417,false,אורביט באבל מינט בקב,,,אורביט באבל מינט בקב,יחידה,0.00,יחידה,false,,10.90,0.0000,true,1,67976
4009900484060,false,אורביט בקבוק בטעם מנ,,,אורביט בקבוק בטעם מנ,גרמים,60.00,100 גרם,false,,14.50,24.1667,true,1,68890
4009900491044,false,אירוובס בקבוק אוכמני,,,אירוובס בקבוק אוכמני,גרמים,84.00,100 גרם,false,,14.50,17.2619,true,1,99769
4009900521581,false,סוכריות אורביט מינטס,,,סוכריות אורביט מינטס,גרמים,77.00,100 גרם,false,,10.00,12.9870,true,1,95009
4009900521611,false,סוכריות אורביט מינטס,,,סוכריות אורביט מינטס,גרמים,77.00,100 גרם,false,,10.00,12.9870,true,1,95010
4009900525138,false,אורביט ווייט בקבוקון,,,אורביט ווייט בקבוקון,גרמים,64.00,100 גרם,false,,10.90,17.0313,true,1,107793
4009900531122,false,אורביט פרופשיונל פפר,,,אורביט פרופשיונל פפר,גרמים,64.00,100 גרם,false,,10.90,17.0313,true,1,99244
4009900534581,false,איירוויבז מנטה דובדב,,,איירוויבז מנטה דובדב,גרמים,64.00,100 גרם,false,,10.90,17.0313,true,1,113206
4009900534611,false,איירוויבז מנטה מלון,,,איירוויבז מנטה מלון,גרמים,64.00,100 גרם,false,,10.90,17.0313,true,1,113207
4009900536257,false,אורביט רפרשרס ספירמי,,,אורביט רפרשרס ספירמי,גרמים,67.00,100 גרם,false,,12.90,19.2537,true,1,136034
4011800528416,false,קורני בייס סויט&סול,,,קורני בייס סויט&סול,גרמים,150.00,100 גרם,false,,12.90,8.6000,true,1,128398
4011800628512,false,קורני חטיף דגנים עם,,,קורני חטיף דגנים עם,גרמים,150.00,100 גרם,false,,12.90,8.6000,true,1,70080
4011800630515,false,קורני חטיף דגנים עם,,,קורני חטיף דגנים עם,גרמים,150.00,100 גרם,false,,12.90,8.6000,true,1,70082
4011800632519,false,קורני חטיף דגנים עם,,,קורני חטיף דגנים עם,גרמים,150.00,100 גרם,false,,12.90,8.6000,true,1,70084
4011800633516,false,קורני חטיף דגנים עם,,,קורני חטיף דגנים עם,גרמים,150.00,100 גרם,false,,12.90,8.6000,true,1,70085
4011800636517,false,קורני פרי חטיף דגנים,,,קורני פרי חטיף דגנים,גרמים,120.00,100 גרם,false,,12.90,10.7500,true,1,70087
4011800637514,false,קורני פרי חטיף דגנים,,,קורני פרי חטיף דגנים,גרמים,120.00,100 גרם,false,,12.90,10.7500,true,1,70088
4014400901412,false,מרסי מריר 250גר,קריות זול,,מרסי מריר 250גר,גרמים,250.00,100 גרם,false,,27.90,11.1600,true,1,56837
4014400904376,false,סוכריות שוקולדן 325ג,קריות זול,,סוכריות שוקולדן 325ג,גרמים,325.00,100 גרם,false,,16.90,5.2000,true,1,31986
4014400907902,false,סוכריות וורטר ללא סו,,,סוכריות וורטר ללא סו,גרמים,42.00,100 גרם,false,,7.70,18.3333,true,1,51699
4014400909692,false,סוכריות וורטר ללא סו,,,סוכריות וורטר ללא סו,גרמים,42.00,100 גרם,false,,7.70,18.3333,true,1,63944
4014400910063,false,סוכריות וורטר שקית 1,,,סוכריות וורטר שקית 1,גרמים,135.00,100 גרם,false,,10.90,8.0741,true,1,51252
4014400914696,false,סוכריות וורטר ללא סו,,,סוכריות וורטר ללא סו,גרמים,80.00,100 גרם,false,,10.90,13.6250,true,1,52448
4014400914924,false,סוכריות וורטר ללא סו,,,סוכריות וורטר ללא סו,גרמים,80.00,100 גרם,false,,10.90,13.6250,true,1,52449
4014400920857,false,סוכריות וורטר בטעם ש,,,סוכריות וורטר בטעם ש,גרמים,70.00,100 גרם,false,,10.90,15.5714,true,1,73231
4014400923711,false,טופיפי 125גרם,קריות זול,,טופיפי 125גרם,גרמים,125.00,100 גרם,false,,13.90,11.1200,true,1,91661
4014400925319,false,פופקורן קרמל וורטרס,,,פופקורן קרמל וורטרס,גרמים,140.00,100 גרם,false,,14.90,10.6429,true,1,128481
4014400929010,false,וופל מיני קנופרס 200,,,וופל מיני קנופרס 200,גרמים,200.00,100 גרם,false,,21.90,10.9500,true,1,140678
4015000615921,false,פה ספריי ספורט 200מל,,,פה ספריי ספורט 200מל,מיליליטרים,200.00,"100 מ""ל",false,,15.90,7.9500,true,1,30038
4015100190762,false,גליס מסכה שיקום שמן,,,גליס מסכה שיקום שמן,מיליליטרים,300.00,"100 מ""ל",false,,19.90,6.6333,true,1,97601
4015100190793,false,גליס מסכה שיקום אולט,,,גליס מסכה שיקום אולט,מיליליטרים,300.00,"100 מ""ל",false,,19.90,6.6333,true,1,97604
4015400731719,false,אולוויז תחבושות דואו,,,אולוויז תחבושות דואו,יחידה,0.00,יחידה,false,,19.90,0.0000,true,1,77124
4015400755241,false,אולוויז תחבושות דואו,,,אולוויז תחבושות דואו,יחידה,0.00,יחידה,false,,19.90,0.0000,true,1,77125
4015400755487,false,אולוויז תחבושות דואו,,,אולוויז תחבושות דואו,יחידה,0.00,יחידה,false,,19.90,0.0000,true,1,77127
4015600762902,false,הד&שולדרס שמפו מנטול,,,הד&שולדרס שמפו מנטול,מיליליטרים,500.00,"100 מ""ל",false,,23.90,4.7800,true,1,68124
4015600763022,false,הד&שולדרס שמפו מגע מ,,,הד&שולדרס שמפו מגע מ,מיליליטרים,500.00,"100 מ""ל",false,,23.90,4.7800,true,1,68127
4015600766900,false,הד&שולדרס שמפו 2ב1 מ,,,הד&שולדרס שמפו 2ב1 מ,מיליליטרים,500.00,"100 מ""ל",false,,23.90,4.7800,true,1,70811
4017100160417,false,בלזן וופל ונילה קרמי,,,בלזן וופל ונילה קרמי,גרמים,100.00,100 גרם,false,,8.90,8.9000,true,1,112717
4017100198151,false,בלזן עוגיות סנדוויץ,,,בלזן עוגיות סנדוויץ,גרמים,220.00,100 גרם,false,,9.90,4.5000,true,1,73246
4017100364112,false,בלזן עוגיות סנדוויץ,,,בלזן עוגיות סנדוויץ,גרמים,220.00,100 גרם,false,,9.90,4.5000,true,1,73001
4017100366239,false,בלזן ליבניץ אנד קרים,,,בלזן ליבניץ אנד קרים,גרמים,190.00,100 גרם,false,,8.90,4.6842,true,1,102878
4033100024146,false,וינסטון קוד,,,וינסטון קוד,יחידה,0.00,יחידה,false,,32.00,0.0000,false,1,65722
4033100024252,false,וינסטון קוד אקווה,,,וינסטון קוד אקווה,יחידה,0.00,יחידה,false,,32.00,0.0000,false,1,65724
4066600601920,false,בירה פאולנר פחית 500,,,בירה פאולנר פחית 500,מיליליטרים,500.00,"100 מ""ל",false,,13.90,2.7800,true,1,135136
4066600999614,false,בירה פאולנר 500מל,,,בירה פאולנר 500מל,מיליליטרים,500.00,"100 מ""ל",false,,13.90,2.7800,true,1,93221
4084500088917,false,פיירי נוזל לכלים צהו,,,פיירי נוזל לכלים צהו,מיליליטרים,650.00,"100 מ""ל",false,,10.90,1.6769,true,1,71865
4084500853553,false,פיירי נוזל לכלים ירו,,,פיירי נוזל לכלים ירו,מיליליטרים,650.00,"100 מ""ל",false,,10.90,1.6769,true,1,74425
4084500853898,false,פיירי לכלים אלוורה ו,,,פיירי לכלים אלוורה ו,מיליליטרים,515.00,"100 מ""ל",false,,10.90,2.1165,true,1,138163
4100130937163,false,בירה גרמנית בקס שישי,,,בירה גרמנית בקס שישי,מיליליטרים,1650.00,"100 מ""ל",false,,29.90,1.8121,true,1,113093
4260147890513,false,אטריות ורמיצ'לי ביצי,,,אטריות ורמיצ'לי ביצי,גרמים,500.00,100 גרם,false,,9.90,1.9800,true,1,56283
4260147890537,false,אטריות ביצים ברצועות,,,אטריות ביצים ברצועות,גרמים,500.00,100 גרם,false,,9.90,1.9800,true,1,56284
4260147890551,false,אטריות ביצים רצועות,,,אטריות ביצים רצועות,גרמים,500.00,100 גרם,false,,9.90,1.9800,true,1,56280
4600659010854,false,*מבצע* וודקה סטולי 7,,,*מבצע* וודקה סטולי 7,מיליליטרים,700.00,"100 מ""ל",false,,60.00,8.5714,true,1,52255
4605561010305,false,פילה הרינג עם שמיר ב,,,פילה הרינג עם שמיר ב,גרמים,500.00,100 גרם,false,,27.90,5.5800,true,1,136504
4605561010343,false,פילה דג הרינג בשמן ח,,,פילה דג הרינג בשמן ח,גרמים,500.00,100 גרם,false,,27.90,5.5800,true,1,136505
4605561011975,false,חתיכות פילה הרינג בש,,,חתיכות פילה הרינג בש,גרמים,150.00,100 גרם,false,,8.90,5.9333,true,1,128003
4605561012613,false,פילה הרינג (קצוץ) בש,,,פילה הרינג (קצוץ) בש,גרמים,400.00,100 גרם,false,,17.90,4.4750,true,1,128007
4605561013009,false,פילה הרינג בשמן 400,,,פילה הרינג בשמן 400,גרמים,400.00,100 גרם,false,,17.90,4.4750,true,1,128008
4606260007948,false,תערובת תיבול פלפל שח,,,תערובת תיבול פלפל שח,גרמים,40.00,100 גרם,false,,10.00,25.0000,true,1,107518
4606260008778,false,תערובת תיבול פלפלים,,,תערובת תיבול פלפלים,גרמים,47.00,100 גרם,false,,10.00,21.2766,true,1,107520
4607054451718,false,גרעינים שחורים 230 ג,,,גרעינים שחורים 230 ג,גרמים,230.00,100 גרם,false,,10.90,4.7391,true,1,107550
4607054453651,false,בוטנים קלויים 250 גר,,,בוטנים קלויים 250 גר,גרמים,250.00,100 גרם,false,,14.90,5.9600,true,1,136558
4640018993398,false,פיניש קוואנטום 60 קפ,,,פיניש קוואנטום 60 קפ,יח',60.00,יח',false,,55.90,0.9317,true,1,128087
4710068001692,false,מאסטר קפה לאטה 240 מ,,,מאסטר קפה לאטה 240 מ,מיליליטרים,240.00,"100 מ""ל",false,,8.20,3.4167,true,1,71757
4710068001715,false,מאסטר קפה טרמיסו 240,,,מאסטר קפה טרמיסו 240,מיליליטרים,240.00,"100 מ""ל",false,,8.20,3.4167,true,1,71758
4710068001739,false,מאסטר קפה קולומביאני,,,מאסטר קפה קולומביאני,מיליליטרים,240.00,"100 מ""ל",false,,8.20,3.4167,true,1,71759
4750021000799,false,וודקה סטוליצניה עילי,,,וודקה סטוליצניה עילי,מיליליטרים,700.00,"100 מ""ל",false,,99.00,14.1429,true,1,137761
4751001581475,false,שימורי דג ריגה זהב ק,,,שימורי דג ריגה זהב ק,גרמים,280.00,100 גרם,false,,8.90,3.1786,true,1,89523
4770179106976,false,שוקולד פרגלה מריר עם,,,שוקולד פרגלה מריר עם,גרמים,93.00,100 גרם,false,,6.90,7.4194,true,1,97648
4770179125076,false,שוקולד פרגלה מריר עם,,,שוקולד פרגלה מריר עם,גרמים,100.00,100 גרם,false,,6.90,6.9000,true,1,97652
4770179125144,false,שוקולד פרגלה מריר עם,,,שוקולד פרגלה מריר עם,גרמים,100.00,100 גרם,false,,6.90,6.9000,true,1,97654
4770237048088,false,גלידה יוגורט אוכמניו,,,גלידה יוגורט אוכמניו,יחידה,0.00,יחידה,false,,6.50,0.0000,true,1,91762
4770237049443,false,פלומביר גלידה קרם בר,,,פלומביר גלידה קרם בר,יחידה,0.00,יחידה,false,,6.50,0.0000,true,1,91766
4770237049450,false,פלומביר גלידה בכוס 7,,,פלומביר גלידה בכוס 7,יחידה,0.00,יחידה,false,,6.50,0.0000,true,1,91767
4770237050432,false,פלומביר גלידה שוקולד,,,פלומביר גלידה שוקולד,יחידה,0.00,יחידה,false,,6.50,0.0000,true,1,91768
4779021230630,false,שוקולד אקסקלוסיב מרי,,,שוקולד אקסקלוסיב מרי,גרמים,100.00,100 גרם,false,,9.90,9.9000,true,1,102825
4779021230654,false,שוקולד אקסקלוסיב מרי,,,שוקולד אקסקלוסיב מרי,גרמים,100.00,100 גרם,false,,9.90,9.9000,true,1,102826
4810168001056,false,חתיכות פילה דג הרינג,,,חתיכות פילה דג הרינג,גרמים,260.00,100 גרם,false,,18.90,7.2692,true,1,99336
4810168018795,false,חתיכות פילה דג הרינג,,,חתיכות פילה דג הרינג,גרמים,200.00,100 גרם,false,,14.90,7.4500,true,1,99337
4810168037888,false,גלידה YUKKI אגוזים א,,,גלידה YUKKI אגוזים א,גרמים,70.00,100 גרם,false,,6.50,9.2857,true,1,98170
4810168038267,false,גלידה  YUKKI  אסקימו,,,גלידה  YUKKI  אסקימו,גרמים,70.00,100 גרם,false,,6.50,9.2857,true,1,98171
4810168038977,false,גלידה YUKKI פלומביר,,,גלידה YUKKI פלומביר,גרמים,70.00,100 גרם,false,,6.50,9.2857,true,1,98172
4810168038984,false,גלידה YUKKI פלומביר,,,גלידה YUKKI פלומביר,גרמים,70.00,100 גרם,false,,6.50,9.2857,true,1,98173
4810168049966,false,בלינצ'ס במילוי דובדב,,,בלינצ'ס במילוי דובדב,גרמים,360.00,100 גרם,false,,13.90,3.8611,true,1,137164
4810168051570,false,"בלינצ'ס במילוי תפו""ץ",,,"בלינצ'ס במילוי תפו""ץ",גרמים,360.00,100 גרם,false,,13.90,3.8611,true,1,137165
4810168052270,false,עלי בלינצ'ס  320גר,,,עלי בלינצ'ס  320גר,גרמים,320.00,100 גרם,false,,9.90,3.0938,true,1,137169
4810168057435,false,חתיכות פילה דג הרינג,,,חתיכות פילה דג הרינג,גרמים,400.00,100 גרם,false,,27.90,6.9750,true,1,137972
4810168058982,false,חתיכות פילה דג הרינג,,,חתיכות פילה דג הרינג,גרמים,400.00,100 גרם,false,,27.90,6.9750,true,1,140335
4810322005944,false,שמן קנולה מזוכך 850מ,,,שמן קנולה מזוכך 850מ,מיליליטרים,850.00,"100 מ""ל",false,,10.90,1.2824,true,1,137955
4820076682117,false,שמן חמניות 850מל,,,שמן חמניות 850מל,מיליליטרים,850.00,"100 מ""ל",false,,10.90,1.2824,true,1,139252
4820198873271,false,תה שחור עם קליפת תפו,,,תה שחור עם קליפת תפו,יחידה,0.00,יחידה,false,,10.90,0.0000,true,1,141290
4820198873288,false,תה ירוק סיני קלאסי 1,,,תה ירוק סיני קלאסי 1,יחידה,0.00,יחידה,false,,10.90,0.0000,true,1,141295
4820198873295,false,תה ירוק 1.8עם נענע ב,,,תה ירוק 1.8עם נענע ב,יחידה,0.00,יחידה,false,,10.90,0.0000,true,1,141296
4823077602863,false,"סוכריות ג'לי רושן ""ק",,,"סוכריות ג'לי רושן ""ק",גרמים,200.00,100 גרם,false,,7.90,3.9500,true,1,136473
4823077608513,false,סוכריות קורובקה 205ג,,,סוכריות קורובקה 205ג,גרמים,205.00,100 גרם,false,,7.90,3.8537,true,1,91517
4823077613203,false,שוקולד מריר+פונדוק ש,,,שוקולד מריר+פונדוק ש,גרמים,90.00,100 גרם,false,,8.90,9.8889,true,1,91503
4823077613630,false,חטיף שוקולד רושן ממו,,,חטיף שוקולד רושן ממו,גרמים,43.00,100 גרם,false,,3.90,9.0698,true,1,135422
4823077614675,false,ביסקוויט לקפה רושן ב,,,ביסקוויט לקפה רושן ב,גרמים,185.00,100 גרם,false,,3.90,2.1081,true,1,140652
4823077614699,false,ביסקוויט לקפה רושן ב,,,ביסקוויט לקפה רושן ב,גרמים,185.00,100 גרם,false,,3.90,2.1081,true,1,140651
4823077614767,false,שוקולד רושן חלב נוגט,,,שוקולד רושן חלב נוגט,גרמים,90.00,100 גרם,false,,6.90,7.6667,true,1,139972
4823077617041,false,באטונציק קרמל 40גר,,,באטונציק קרמל 40גר,גרמים,40.00,100 גרם,false,,3.90,9.7500,true,1,91492
4823077621635,false,וופל רושן בטעם חלב 7,,,וופל רושן בטעם חלב 7,גרמים,72.00,100 גרם,false,,3.90,5.4167,true,1,137560
4823077621642,false,וופל רושן בטעם שוקול,,,וופל רושן בטעם שוקול,גרמים,72.00,100 גרם,false,,3.90,5.4167,true,1,137561
4823077621659,false,וופל רושן בטעם אגוז,,,וופל רושן בטעם אגוז,גרמים,72.00,100 גרם,false,,3.90,5.4167,true,1,137562
4823077625589,false,וופל רושן בטעם חלב 2,,,וופל רושן בטעם חלב 2,גרמים,216.00,100 גרם,false,,7.90,3.6574,true,1,136459
4823077625602,false,וופל רושן בטעם שוקול,,,וופל רושן בטעם שוקול,גרמים,216.00,100 גרם,false,,7.90,3.6574,true,1,136460
4823077625626,false,וופל רושן בטעם אגוז,,,וופל רושן בטעם אגוז,גרמים,216.00,100 גרם,false,,7.90,3.6574,true,1,136461
4823077626203,false,שוקולד רושן אוורירי,,,שוקולד רושן אוורירי,גרמים,80.00,100 גרם,false,,7.90,9.8750,true,1,106716
4823077626227,false,שוקולד רושן אוורירי,,,שוקולד רושן אוורירי,גרמים,80.00,100 גרם,false,,7.90,9.8750,true,1,106717
4823077626241,false,שוקולד רושן אוורירי,,,שוקולד רושן אוורירי,גרמים,80.00,100 גרם,false,,7.90,9.8750,true,1,106718
4823077626364,false,שוקולד רושן אוורירי,,,שוקולד רושן אוורירי,גרמים,80.00,100 גרם,false,,7.90,9.8750,true,1,106719
4823077630057,false,חמאה רושן 200 גרם 82,,,חמאה רושן 200 גרם 82,גרמים,200.00,100 גרם,false,,10.90,5.4500,true,1,136063
4823077630743,false,סוכריות מקל רושן קוק,,,סוכריות מקל רושן קוק,גרמים,800.00,100 גרם,false,,25.90,3.2375,true,1,136481
4823077630996,false,סנדוויץ' קרקר קקאו א,,,סנדוויץ' קרקר קקאו א,גרמים,235.00,100 גרם,false,,9.90,4.2128,true,1,137020
4823077631467,false,קרקר עם מלח ים רושן,,,קרקר עם מלח ים רושן,גרמים,168.00,100 גרם,false,,6.90,4.1071,true,1,137021
4823077631474,false,קרקר קלאסי רושן 168,,,קרקר קלאסי רושן 168,גרמים,168.00,100 גרם,false,,6.90,4.1071,true,1,137022
4823077632112,false,וופל רושן בטעם קקאו,,,וופל רושן בטעם קקאו,גרמים,216.00,100 גרם,false,,7.90,3.6574,true,1,136462
4823077632259,false,חטיף שוקולד רושן עם,,,חטיף שוקולד רושן עם,גרמים,43.00,100 גרם,false,,3.90,9.0698,true,1,135423
4823077632570,false,שוקולד רושן מריר 85,,,שוקולד רושן מריר 85,גרמים,85.00,100 גרם,false,,7.90,9.2941,true,1,136965
4823077632587,false,שוקולד רושן חלב עם ש,,,שוקולד רושן חלב עם ש,גרמים,90.00,100 גרם,false,,8.90,9.8889,true,1,136966
4823077632594,false,שוקולד רושן חלב עם א,,,שוקולד רושן חלב עם א,גרמים,90.00,100 גרם,false,,8.90,9.8889,true,1,136967
4823077633317,false,עוגיות לוויטה שוקולד,,,עוגיות לוויטה שוקולד,גרמים,150.00,100 גרם,false,,7.90,5.2667,true,1,136465
4823077633324,false,עוגיות שוקוציפס לווי,,,עוגיות שוקוציפס לווי,גרמים,150.00,100 גרם,false,,7.90,5.2667,true,1,136466
4823077633331,false,עוגיות רושן לוויטהבט,,,עוגיות רושן לוויטהבט,גרמים,150.00,100 גרם,false,,7.90,5.2667,true,1,136467
4823077633348,false,עוגיות רושן לוויטה ע,,,עוגיות רושן לוויטה ע,גרמים,150.00,100 גרם,false,,7.90,5.2667,true,1,136468
4823077633508,false,רושן חטיף וופל במילו,,,רושן חטיף וופל במילו,גרמים,34.00,100 גרם,false,,3.90,11.4706,true,1,140649
4823077633515,false,רושן חטיף וופל במילו,,,רושן חטיף וופל במילו,גרמים,34.00,100 גרם,false,,3.90,11.4706,true,1,140650
4823077634178,false,עוגיות רושן לוויטה ב,,,עוגיות רושן לוויטה ב,גרמים,168.00,100 גרם,false,,7.90,4.7024,true,1,137943
4823077634222,false,עוגיות תפוז לוויטה 1,,,עוגיות תפוז לוויטה 1,גרמים,135.00,100 גרם,false,,7.90,5.8519,true,1,137610
4823077634246,false,עוגיות פטל לוויטה 13,,,עוגיות פטל לוויטה 13,גרמים,135.00,100 גרם,false,,7.90,5.8519,true,1,137608
4823077634277,false,עוגיות תות שדה לוויט,,,עוגיות תות שדה לוויט,גרמים,135.00,100 גרם,false,,7.90,5.8519,true,1,137609
4823077634369,false,שוקולד רושן חלב אוור,,,שוקולד רושן חלב אוור,גרמים,85.00,100 גרם,false,,7.90,9.2941,true,1,140443
4823077634376,false,שוקולד רושן חלב אוור,,,שוקולד רושן חלב אוור,גרמים,85.00,100 גרם,false,,7.90,9.2941,true,1,140444
4823077635533,false,*מבצע* חטיף וופל רוש,,,*מבצע* חטיף וופל רוש,גרמים,350.00,100 גרם,false,,15.90,4.5429,true,1,138837
4823077635793,false,וופלים  דקיקים רושן,,,וופלים  דקיקים רושן,גרמים,55.00,100 גרם,false,,4.90,8.9091,true,1,141286
4823077636004,false,עוגיות קקאו דובדבן ל,,,עוגיות קקאו דובדבן ל,גרמים,135.00,100 גרם,false,,7.90,5.8519,true,1,138645
4823077636172,false,וופל רושן בטעם לימון,,,וופל רושן בטעם לימון,גרמים,216.00,100 גרם,false,,7.90,3.6574,true,1,139973
4823077636547,false,סוכריות ממולאות בטעם,,,סוכריות ממולאות בטעם,גרמים,468.00,100 גרם,false,,11.90,2.5427,true,1,139635
4823077636578,false,סוכריות טופי כוס חלב,,,סוכריות טופי כוס חלב,גרמים,325.00,100 גרם,false,,11.90,3.6615,true,1,139640
4823077636592,false,סוכריות גלי רושן קרי,,,סוכריות גלי רושן קרי,גרמים,378.00,100 גרם,false,,11.90,3.1481,true,1,139639
4823077636608,false,סוכריות טופי רושן במ,,,סוכריות טופי רושן במ,גרמים,325.00,100 גרם,false,,11.90,3.6615,true,1,139641
4823097809754,false,גלידת שמנת משובחת ונ,,,גלידת שמנת משובחת ונ,גרמים,90.00,100 גרם,false,,6.50,7.2222,true,1,136447
4903001904192,false,רוטב סויה יאמסה 500מ,,,רוטב סויה יאמסה 500מ,מיליליטרים,500.00,"100 מ""ל",false,,19.90,3.9800,true,1,55790
4903001925784,false,רוטב סויה יאמסה מופח,,,רוטב סויה יאמסה מופח,מיליליטרים,500.00,"100 מ""ל",false,,19.90,3.9800,true,1,94106
4903001930993,false,רוטב טריאקי ימאסה 50,,,רוטב טריאקי ימאסה 50,מיליליטרים,500.00,"100 מ""ל",false,,19.90,3.9800,true,1,94107
4903001945706,false,רוטב פונדו יאמסה 500,,,רוטב פונדו יאמסה 500,מיליליטרים,500.00,"100 מ""ל",false,,19.90,3.9800,true,1,140010
5000127533196,false,קלוגס מנות אישיות וו,קריות זול,,קלוגס מנות אישיות וו,גרמים,191.00,100 גרם,false,,23.90,12.5131,true,1,98730
5000146048671,false,סילבו לניקוי כלי כסף,,,סילבו לניקוי כלי כסף,גרמים,75.00,100 גרם,false,,15.90,21.2000,true,1,67031
5000146057710,false,וינדולין ספריי לחלונ,קריות זול,,וינדולין ספריי לחלונ,מיליליטרים,750.00,"100 מ""ל",false,,8.90,1.1867,true,1,31473
5000146401568,false,ווליט לכביסה שומרי צ,קריות זול,,ווליט לכביסה שומרי צ,יחידה,0.00,יחידה,false,,16.90,0.0000,true,1,32619
5000157143365,false,מתבל בטעם מיונז וקטש,,,מתבל בטעם מיונז וקטש,גרמים,425.00,100 גרם,false,,14.90,3.5059,true,1,112739
5000159461122,false,סניקרס חטיף שוקולד 5,,,סניקרס חטיף שוקולד 5,גרמים,50.00,100 גרם,false,,3.90,7.8000,true,1,67958
5000204115048,false,גלייד מטהר אוויר איר,,,גלייד מטהר אוויר איר,מיליליטרים,300.00,"100 מ""ל",false,,10.90,3.6333,true,1,112061
5000204151053,false,פלדג' אירוסול לניקוי,,,פלדג' אירוסול לניקוי,מיליליטרים,250.00,"100 מ""ל",false,,17.90,7.1600,true,1,120528
5000204155723,false,גלייד מטהר אויר אוטו,,,גלייד מטהר אויר אוטו,מיליליטרים,269.00,"100 מ""ל",false,,39.90,14.8327,true,1,127835
5000204657883,false,קיווי משחת נעליים בק,,,קיווי משחת נעליים בק,יחידה,0.00,יחידה,false,,8.90,0.0000,true,1,66938
5000204657913,false,קיווי משחת נעליים בק,,,קיווי משחת נעליים בק,יחידה,0.00,יחידה,false,,8.90,0.0000,true,1,66939
5000204658187,false,קיווי נוזל נעליים שח,,,קיווי נוזל נעליים שח,יחידה,0.00,יחידה,false,,19.90,0.0000,true,1,66941
5000204661392,false,קיווי משחת נעליים בק,,,קיווי משחת נעליים בק,יחידה,0.00,יחידה,false,,15.90,0.0000,true,1,66943
5000213000359,false,בירה גינס 330מל,,,בירה גינס 330מל,מיליליטרים,330.00,"100 מ""ל",false,,14.00,4.2424,true,1,72820
5000267014234,false,וויסקי ג'וני ווקר רד,,,וויסקי ג'וני ווקר רד,מיליליטרים,700.00,"100 מ""ל",false,,89.90,12.8429,true,1,45335
5000267024233,false,*מבצע* גוני ווקר שחו,,,*מבצע* גוני ווקר שחו,מיליליטרים,700.00,"100 מ""ל",false,,120.00,17.1429,true,1,65303
5000289925440,false,*מבצע* ג'ין גורדון 7,,,*מבצע* ג'ין גורדון 7,מיליליטרים,700.00,"100 מ""ל",false,,70.00,10.0000,true,1,94989
5000394017641,false,סוללות דורסל רביעייה,,,סוללות דורסל רביעייה,יחידה,0.00,יחידה,false,,9.90,0.0000,true,1,89462
5010038454831,false,"בירה בלו מון 330 מ""ל",,,"בירה בלו מון 330 מ""ל",מיליליטרים,330.00,"100 מ""ל",false,,14.90,4.5152,true,1,102917
5010182996799,false,טואלט דאק ג'ל אסלה ב,קריות זול,,טואלט דאק ג'ל אסלה ב,מיליליטרים,55.00,"100 מ""ל",false,,9.90,18.0000,true,1,25302
5010182997253,false,רייד קוטל ג'וקים 400,קריות זול,,רייד קוטל ג'וקים 400,מיליליטרים,400.00,"100 מ""ל",false,,13.90,3.4750,true,1,25303
5010182997338,false,טואלט דאק ג'ל אסלה ב,קריות זול,,טואלט דאק ג'ל אסלה ב,מיליליטרים,55.00,"100 מ""ל",false,,9.90,18.0000,true,1,25304
5010182998847,false,טואלט דאק נוזל לאסלה,,,טואלט דאק נוזל לאסלה,מיליליטרים,750.00,"100 מ""ל",false,,9.90,1.3200,true,1,51865
5010182998861,false,טואלט דאק נוזל לאסלה,,,טואלט דאק נוזל לאסלה,מיליליטרים,750.00,"100 מ""ל",false,,9.90,1.3200,true,1,34429
5010677551281,false,בקרדי בריזר לימון 27,,,בקרדי בריזר לימון 27,מיליליטרים,275.00,"100 מ""ל",false,,16.90,6.1455,true,1,20400
5010677551397,false,בקרדי בריזר בטעם לימ,,,בקרדי בריזר בטעם לימ,מיליליטרים,275.00,"100 מ""ל",false,,16.90,6.1455,true,1,73183
5010677552387,false,בקרדי בריזר אננס 275,,,בקרדי בריזר אננס 275,מיליליטרים,275.00,"100 מ""ל",false,,16.90,6.1455,true,1,20401
5010677850100,false,וודקה גריי גוס 700 מ,,,וודקה גריי גוס 700 מ,מיליליטרים,700.00,"100 מ""ל",false,,119.90,17.1286,true,1,99932
5011157730271,false,טילדה אורז יסמין 1 ק,,,טילדה אורז יסמין 1 ק,גרמים,1000.00,100 גרם,false,,19.90,1.9900,true,1,140920
5011417552247,false,איירוויק נטול גז פשת,,,איירוויק נטול גז פשת,מיליליטרים,345.00,"100 מ""ל",false,,15.90,4.6087,true,1,49229
5029053002408,false,קלינקס נייר טואלט לב,קריות זול,,קלינקס נייר טואלט לב,גרמים,1184.00,100 גרם,false,,41.90,3.5389,true,1,23109
5029053002439,false,קלינקס נייר טואולט צ,קריות זול,,קלינקס נייר טואולט צ,גרמים,1184.00,100 גרם,false,,41.90,3.5389,true,1,23110
5029053039725,false,קלינקס נטורל פרש טיש,,,קלינקס נטורל פרש טיש,יח',72.00,יח',false,,13.90,0.1931,true,1,137765
5029053510811,false,קוטקס תחבושות אולטרה,קריות זול,,קוטקס תחבושות אולטרה,יח',28.00,יח',false,,19.90,0.7107,true,1,23118
5029053523446,false,קוטקס תחבושות אולטרה,קריות זול,,קוטקס תחבושות אולטרה,יח',20.00,יח',false,,19.90,0.9950,true,1,23122
5029053578309,false,קלינקס טישו אולטרה ס,,,קלינקס טישו אולטרה ס,יח',48.00,יח',false,,7.90,0.1646,true,1,137842
5035766044673,false,סיידר תפוחים סטרונגב,,,סיידר תפוחים סטרונגב,מיליליטרים,330.00,"100 מ""ל",false,,7.90,2.3939,true,1,73184
5060250343741,false,הרשיז ראונדס קוקיס א,,,הרשיז ראונדס קוקיס א,גרמים,96.00,100 גרם,false,,10.90,11.3542,true,1,140532
5060250343765,false,ריסז ראונדס בוטנים 6,,,ריסז ראונדס בוטנים 6,גרמים,96.00,100 גרם,false,,10.90,11.3542,true,1,140533
5060517886516,false,מונסטר אנרגי זירו פח,,,מונסטר אנרגי זירו פח,מיליליטרים,500.00,"100 מ""ל",false,,7.90,1.5800,true,1,112790
5060639128051,false,מונסטר אולטרה פחית 5,,,מונסטר אולטרה פחית 5,מיליליטרים,500.00,"100 מ""ל",false,,7.90,1.5800,true,1,126934
5060639129102,false,מונסטר אנרגי פח 500,,,מונסטר אנרגי פח 500,מיליליטרים,500.00,"100 מ""ל",false,,7.90,1.5800,true,1,134779
5060751219033,false,מונסטר אולטרה פרדייס,,,מונסטר אולטרה פרדייס,מיליליטרים,500.00,"100 מ""ל",false,,7.90,1.5800,true,1,140053
5200133120476,false,גליליות וופלים ממולא,,,גליליות וופלים ממולא,גרמים,400.00,100 גרם,false,,17.90,4.4750,true,1,101109
5201178801054,false,ניוואה קרם  רב שימוש,,,ניוואה קרם  רב שימוש,מיליליטרים,250.00,"100 מ""ל",false,,29.90,11.9600,true,1,119421
5201347400545,false,ויט רצועות שעווה לפנ,,,ויט רצועות שעווה לפנ,יחידה,0.00,יחידה,false,,34.90,0.0000,true,1,90814
5201360582280,false,מארז קוראסון שישייה,,,מארז קוראסון שישייה,גרמים,240.00,100 גרם,false,,9.90,4.1250,true,1,106960
5201583115098,false,סוכריות ג'לי פירות 1,,,סוכריות ג'לי פירות 1,גרמים,1000.00,100 גרם,false,,24.90,2.4900,true,1,69922
5201583750411,false,סוכריות לימון זירו 3,,,סוכריות לימון זירו 3,גרמים,32.00,100 גרם,false,,6.90,21.5625,true,1,137384
5201583752118,false,סוכריות חמאה במילוי,,,סוכריות חמאה במילוי,גרמים,36.00,100 גרם,false,,6.90,19.1667,true,1,137385
5201940010110,false,זית קלמטה ויליפוד 45,,,זית קלמטה ויליפוד 45,גרמים,454.00,100 גרם,false,,18.90,4.1630,true,1,56205
5391523057936,false,סימילאק גולד 700 גרם,,,סימילאק גולד 700 גרם,גרמים,700.00,100 גרם,false,,72.90,10.4143,true,1,97518
5410126006360,false,לוטוס עוגיות סנדוויץ,,,לוטוס עוגיות סנדוויץ,גרמים,150.00,100 גרם,false,,9.90,6.6000,true,1,140755
5410126006377,false,לוטוס עוגיות סנדוויץ,,,לוטוס עוגיות סנדוויץ,גרמים,150.00,100 גרם,false,,9.90,6.6000,true,1,140756
5410126106022,false,לוטוס מארז חגים 2*25,,,לוטוס מארז חגים 2*25,גרמים,500.00,100 גרם,false,,18.90,3.7800,true,1,140794
5410126116953,false,ממרח ביסקוויט לוטוס,,,ממרח ביסקוויט לוטוס,גרמים,400.00,100 גרם,false,,22.90,5.7250,true,1,66787
5410126726947,false,ממרח עוגיות לוטוס קר,,,ממרח עוגיות לוטוס קר,גרמים,380.00,100 גרם,false,,22.90,6.0263,true,1,71004
5410228141785,false,"בירה הוגרדן 330 מ""ל",,,"בירה הוגרדן 330 מ""ל",מיליליטרים,330.00,"100 מ""ל",false,,12.90,3.9091,true,1,76714
5410228142089,false,בירה לף לונד בלונד 3,,,בירה לף לונד בלונד 3,מיליליטרים,330.00,"100 מ""ל",false,,12.90,3.9091,true,1,66817
5410228144755,false,*מבצע* בירה סטלה ארט,קריות זול,,*מבצע* בירה סטלה ארט,מיליליטרים,1980.00,"100 מ""ל",false,,29.90,1.5101,true,1,27842
5410228267515,false,בירה באדוויזר שישייה,,,בירה באדוויזר שישייה,מיליליטרים,1980.00,"100 מ""ל",false,,29.90,1.5101,true,1,113091
5410291022011,false,ממרח אגוזי לוז קקאו,,,ממרח אגוזי לוז קקאו,גרמים,350.00,100 גרם,false,,12.90,3.6857,true,1,77108
5410316994019,false,*מבצע* וודקה סמירנוף,,,*מבצע* וודקה סמירנוף,מיליליטרים,700.00,"100 מ""ל",false,,50.00,7.1429,true,1,67896
5411188094159,false,אלפרו מעדן סויה שוקו,קריות זול,,אלפרו מעדן סויה שוקו,מיליליטרים,500.00,"100 מ""ל",false,,16.90,3.3800,true,1,39177
5411188096108,false,אלפרו סויה לבישול 4.,,,אלפרו סויה לבישול 4.,מיליליטרים,250.00,"100 מ""ל",false,,10.90,4.3600,true,1,49519
5411188106159,false,אלפרו משקה סויה טבעי,,,אלפרו משקה סויה טבעי,מיליליטרים,1000.00,"100 מ""ל",false,,14.90,1.4900,true,1,70835
5411188110835,false,אלפרו משקה משקה שקדי,,,אלפרו משקה משקה שקדי,מיליליטרים,1000.00,"100 מ""ל",false,,14.90,1.4900,true,1,67973
5411188112549,false,אלפרו משקה אורז 1 לי,,,אלפרו משקה אורז 1 לי,מיליליטרים,1000.00,"100 מ""ל",false,,14.90,1.4900,true,1,74807
5411188112709,false,אלפרו משקה שקדים ללא,,,אלפרו משקה שקדים ללא,מיליליטרים,1000.00,"100 מ""ל",false,,14.90,1.4900,true,1,74808
5411188115472,false,אלפרו משקה סויה 1 לי,,,אלפרו משקה סויה 1 לי,מיליליטרים,1000.00,"100 מ""ל",false,,14.90,1.4900,true,1,127917
5411188116905,false,אלפרו משקה סויה בטעם,,,אלפרו משקה סויה בטעם,מיליליטרים,1000.00,"100 מ""ל",false,,14.90,1.4900,true,1,139545
5411188118732,false,אלפרו משקה קוקוס שקד,,,אלפרו משקה קוקוס שקד,מיליליטרים,1000.00,"100 מ""ל",false,,14.90,1.4900,true,1,120867
5411188124689,false,אלפרו משקה שיבולת שו,,,אלפרו משקה שיבולת שו,מיליליטרים,1000.00,"100 מ""ל",false,,13.90,1.3900,true,1,128260
5411188129899,false,אלפרו בריסטה שקדים 1,,,אלפרו בריסטה שקדים 1,מיליליטרים,1000.00,"100 מ""ל",false,,14.90,1.4900,true,1,127916
5411188135005,false,אלפרו נוט מילק 1.8%,,,אלפרו נוט מילק 1.8%,מיליליטרים,1000.00,"100 מ""ל",false,,14.90,1.4900,true,1,138120
5411188300328,false,אלפרו משקה סויה שוקו,,,אלפרו משקה סויה שוקו,מיליליטרים,1000.00,"100 מ""ל",false,,14.90,1.4900,true,1,70837
5411188543398,false,אלפרו משקה סויה ללא,,,אלפרו משקה סויה ללא,מיליליטרים,1000.00,"100 מ""ל",false,,14.90,1.4900,true,1,127918
5411616002190,false,בירה מרטינס סטרונג 8,,,בירה מרטינס סטרונג 8,מיליליטרים,500.00,"100 מ""ל",false,,6.90,1.3800,true,1,89881
5411616133245,false,בירה מרטנס ירוק פחית,,,בירה מרטנס ירוק פחית,מיליליטרים,500.00,"100 מ""ל",false,,6.90,1.3800,true,1,89872
5411616148546,false,בירה מרטינס גולד פחי,,,בירה מרטינס גולד פחי,מיליליטרים,500.00,"100 מ""ל",false,,6.90,1.3800,true,1,89875
5411681038001,false,בירה מרדסו לבנה טריפ,,,בירה מרדסו לבנה טריפ,מיליליטרים,330.00,"100 מ""ל",false,,14.90,4.5152,true,1,76684
5412514555559,false,עלי טורטייה מקסיקאית,,,עלי טורטייה מקסיקאית,גרמים,320.00,100 גרם,false,,19.90,6.2187,true,1,22397
5413149655522,false,אריאל שושן צחור אבקת,,,אריאל שושן צחור אבקת,קילוגרמים,1.25,"ק""ג",false,,19.90,15.9200,true,1,46515
5413149922907,false,אריאל אבקת כביסה קול,,,אריאל אבקת כביסה קול,קילוגרמים,5.00,"ק""ג",false,,45.90,9.1800,true,1,64011
5601008200444,false,עוגיות טבעת גודיס מצ,,,עוגיות טבעת גודיס מצ,גרמים,150.00,100 גרם,false,,9.90,6.6000,true,1,62639
5601008200451,false,עוגיות טבעת גודיס מצ,,,עוגיות טבעת גודיס מצ,גרמים,150.00,100 גרם,false,,9.90,6.6000,true,1,62640
5701932026964,false,הוטפופ פופקורן בתוספ,קריות זול,,הוטפופ פופקורן בתוספ,גרמים,600.00,100 גרם,false,,17.90,2.9833,true,1,31992
5701932026971,false,הוטפופ פופקורן בטעם,קריות זול,,הוטפופ פופקורן בטעם,גרמים,600.00,100 גרם,false,,17.90,2.9833,true,1,31993
5701932026995,false,הוטפופ פופקורן לייט,קריות זול,,הוטפופ פופקורן לייט,גרמים,510.00,100 גרם,false,,17.90,3.5098,true,1,31994
5706516031358,false,הוטפופ פופקורן 100 ק,,,הוטפופ פופקורן 100 ק,גרמים,160.00,100 גרם,false,,17.90,11.1875,true,1,48718
5711953106583,false,גבינת שמנת טבעי ארלה,,,גבינת שמנת טבעי ארלה,גרמים,200.00,100 גרם,false,,16.50,8.2500,true,1,106842
5711953106590,false,גבינת שמנת שום ארלה,,,גבינת שמנת שום ארלה,גרמים,200.00,100 גרם,false,,16.50,8.2500,true,1,106843
5711953106606,false,גבינת שמנת עשבי תיבו,,,גבינת שמנת עשבי תיבו,גרמים,200.00,100 גרם,false,,16.50,8.2500,true,1,106844
5740900403215,false,לורפק ממרח עם מלח 25,,,לורפק ממרח עם מלח 25,גרמים,250.00,100 גרם,false,,18.90,7.5600,true,1,98745
5740900403222,false,לורפק ממרח עם מלח מו,,,לורפק ממרח עם מלח מו,גרמים,250.00,100 גרם,false,,18.90,7.5600,true,1,98746
5740900403239,false,לורפק ממרח ללא מלח 2,,,לורפק ממרח ללא מלח 2,גרמים,250.00,100 גרם,false,,18.90,7.5600,true,1,98749
5740900403260,false,לורפק ממרח עם מלח מו,,,לורפק ממרח עם מלח מו,גרמים,250.00,100 גרם,false,,18.90,7.5600,true,1,98750
5740900403284,false,לורפק ללא מלח 200 גר,,,לורפק ללא מלח 200 גר,גרמים,200.00,100 גרם,false,,12.70,6.3500,true,1,126971
5740900403864,false,לורפק חמאה עם מלח 20,,,לורפק חמאה עם מלח 20,גרמים,200.00,100 גרם,false,,12.70,6.3500,true,1,137048
5900017062419,false,ניוואה תחליב רחצה ור,,,ניוואה תחליב רחצה ור,מיליליטרים,750.00,"100 מ""ל",false,,14.90,1.9867,true,1,136263
5900020012814,false,דגני בוקר נסקוויק נס,,,דגני בוקר נסקוויק נס,גרמים,500.00,100 גרם,false,,27.90,5.5800,true,1,49007
5900020020741,false,חטיף דגנים נסקוויק ב,,,חטיף דגנים נסקוויק ב,גרמים,150.00,100 גרם,false,,16.90,11.2667,true,1,69369
5900020022325,false,חטיף דגנים סיני מיני,,,חטיף דגנים סיני מיני,גרמים,150.00,100 גרם,false,,16.90,11.2667,true,1,71495
5900020024817,false,פיטנס בר דליס שוקולד,,,פיטנס בר דליס שוקולד,גרמים,135.00,100 גרם,false,,16.90,12.5185,true,1,74381
5900020025807,false,דגני סיני מיניס נסטל,,,דגני סיני מיניס נסטל,גרמים,375.00,100 גרם,false,,12.90,3.4400,true,1,74377
5900020026552,false,דגני האני נאט צ'יריו,,,דגני האני נאט צ'יריו,גרמים,625.00,100 גרם,false,,27.90,4.4640,true,1,76897
5900020026859,false,דגני האני נאט צ'יריו,,,דגני האני נאט צ'יריו,גרמים,375.00,100 גרם,false,,12.90,3.4400,true,1,89028
5900020031877,false,חטיף דגנים צ'יריוס ה,,,חטיף דגנים צ'יריוס ה,יחידה,0.00,יחידה,false,,16.90,0.0000,true,1,97821
5900020032454,false,פיטנס מארז חטיפי דגנ,,,פיטנס מארז חטיפי דגנ,גרמים,188.00,100 גרם,false,,16.90,8.9894,true,1,128145
5900020032539,false,פיטנס מארז חטיפי דגנ,,,פיטנס מארז חטיפי דגנ,גרמים,188.00,100 גרם,false,,16.90,8.9894,true,1,128146
5900020034991,false,קראנץ צדפים בטעם שוק,,,קראנץ צדפים בטעם שוק,גרמים,450.00,100 גרם,false,,27.90,6.2000,true,1,107736
5900020036407,false,ליון דגני בוקר שוקול,,,ליון דגני בוקר שוקול,גרמים,480.00,100 גרם,false,,27.90,5.8125,true,1,120584
5900352002866,false,חטיף אליבי 49 ג,,,חטיף אליבי 49 ג,יחידה,0.00,יחידה,false,,4.90,0.0000,true,1,74483
5900396031112,false,תה לוייד רויבוש תפוח,,,תה לוייד רויבוש תפוח,יחידה,0.00,יחידה,false,,9.90,0.0000,true,1,128374
5900627026429,false,סיליט באנג סתימות 75,,,סיליט באנג סתימות 75,מיליליטרים,750.00,"100 מ""ל",false,,9.90,1.3200,true,1,105869
5900627063233,false,פיניש טבליות למדיח 5,,,פיניש טבליות למדיח 5,יח',50.00,יח',false,,35.90,0.7180,true,1,89323
5901677007611,false,שוקולד ברון חלב 300ג,,,שוקולד ברון חלב 300ג,גרמים,300.00,100 גרם,false,,12.90,4.3000,true,1,138976
5901677008489,false,שוקולד ברון מריר 300,,,שוקולד ברון מריר 300,גרמים,300.00,100 גרם,false,,12.90,4.3000,true,1,138977
5902198160403,false,אקסל משקה אנרגיה טן,,,אקסל משקה אנרגיה טן,מיליליטרים,250.00,"100 מ""ל",false,,5.00,2.0000,true,1,93146
5902808786672,false,טורטילאב דפיטורטייה,,,טורטילאב דפיטורטייה,גרמים,320.00,100 גרם,false,,9.90,3.0938,true,1,113429
5904603191323,false,מלפפונים כבושים דוור,,,מלפפונים כבושים דוור,גרמים,850.00,100 גרם,false,,13.90,1.6353,true,1,139978
5904941751302,false,בלו משקה אנרגיה 250מ,,,בלו משקה אנרגיה 250מ,מיליליטרים,250.00,"100 מ""ל",false,,4.90,1.9600,true,1,45603
5906485301012,false,אקסל משקה אנרגיה 250,קריות זול,,אקסל משקה אנרגיה 250,מיליליטרים,250.00,"100 מ""ל",false,,5.00,2.0000,true,1,20040
5941021000639,false,שוקולד היידי גראנדור,,,שוקולד היידי גראנדור,גרמים,100.00,100 גרם,false,,10.90,10.9000,true,1,67602
5941021000899,false,שוקולד היידי גראנדור,,,שוקולד היידי גראנדור,גרמים,100.00,100 גרם,false,,10.90,10.9000,true,1,67580
5941021001254,false,שוקולד היידי גראנדור,,,שוקולד היידי גראנדור,גרמים,80.00,100 גרם,false,,10.90,13.6250,true,1,67581
5941021002190,false,שוקולד היידי שוקולד,,,שוקולד היידי שוקולד,גרמים,100.00,100 גרם,false,,10.90,10.9000,true,1,68169
5941021005139,false,שוקולד היידי שוקולד,,,שוקולד היידי שוקולד,גרמים,100.00,100 גרם,false,,10.90,10.9000,true,1,67584
5941021007577,false,שוקולד היידי גראנדור,,,שוקולד היידי גראנדור,גרמים,80.00,100 גרם,false,,10.90,13.6250,true,1,67585
5941021008208,false,שוקולד היידי גראנדור,,,שוקולד היידי גראנדור,גרמים,80.00,100 גרם,false,,10.90,13.6250,true,1,75895
5941021011147,false,שוקולד היידי גראנדור,,,שוקולד היידי גראנדור,גרמים,100.00,100 גרם,false,,10.90,10.9000,true,1,76569
5941021015596,false,טבלת היידי שוקולד מר,,,טבלת היידי שוקולד מר,גרמים,80.00,100 גרם,false,,10.90,13.6250,true,1,107105
6001067017523,false,קולגייט מברשת שיניים,,,קולגייט מברשת שיניים,יחידה,0.00,יחידה,false,,11.90,0.0000,true,1,69976
6001067017530,false,קולגייט מברשת שיניים,,,קולגייט מברשת שיניים,יחידה,0.00,יחידה,false,,11.90,0.0000,true,1,69977
6001067024446,false,קולגייט מברשת שיניים,,,קולגייט מברשת שיניים,יחידה,0.00,יחידה,false,,10.00,0.0000,true,1,52922
6111094000228,false,קוסקוס תומר דק 1 קג,קריות זול,,קוסקוס תומר דק 1 קג,גרמים,1000.00,100 גרם,false,,18.90,1.8900,true,1,56970
6112012100075,false,קולפן פלסטיק יקר,,,קולפן פלסטיק יקר,יחידה,0.00,יחידה,false,,12.90,0.0000,true,1,76300
6112012100358,false,שישיית קולבי פלסטיק,,,שישיית קולבי פלסטיק,יחידה,0.00,יחידה,false,,10.90,0.0000,true,1,76393
6112012100655,false,מגבלשיש מהודר,,,מגבלשיש מהודר,יחידה,0.00,יחידה,false,,7.90,0.0000,true,1,100597
6112012100662,false,כותש שום,,,כותש שום,יחידה,0.00,יחידה,false,,14.90,0.0000,true,1,76261
6112012100983,false,מזלגות גדולות,,,מזלגות גדולות,יחידה,0.00,יחידה,false,,9.90,0.0000,true,1,76273
6112013100104,false,מותחן למזרון חדש,,,מותחן למזרון חדש,יחידה,0.00,יחידה,false,,17.90,0.0000,true,1,102138
6112013100999,false,סוגרים לשקיות,,,סוגרים לשקיות,יחידה,0.00,יחידה,false,,9.90,0.0000,true,1,76362
6112015100294,false,"מגב מתכת 40 ס""מ",,,"מגב מתכת 40 ס""מ",יחידה,0.00,יחידה,false,,21.90,0.0000,true,1,89423
6112016100514,false,תחתית לסיר מברזל 20,,,תחתית לסיר מברזל 20,יחידה,0.00,יחידה,false,,10.90,0.0000,true,1,100502
6112017100056,false,מברשת קטנה לניקוי כל,,,מברשת קטנה לניקוי כל,יחידה,0.00,יחידה,false,,9.90,0.0000,true,1,106734
6112017102791,false,מברשת ג'מבו לניקוי+י,,,מברשת ג'מבו לניקוי+י,יחידה,0.00,יחידה,false,,9.90,0.0000,true,1,100577
6112017103354,false,אטבי כביסה סיליקון 1,,,אטבי כביסה סיליקון 1,יחידה,0.00,יחידה,false,,9.90,0.0000,true,1,100555
6112017104153,false,ספוג מסאז,,,ספוג מסאז,יחידה,0.00,יחידה,false,,8.90,0.0000,true,1,100578
6112017104580,false,מטאטא שיער סוס,,,מטאטא שיער סוס,יחידה,0.00,יחידה,false,,39.90,0.0000,true,1,100584
6112017105778,false,"מגב לריצפה 40 ס""מ",,,"מגב לריצפה 40 ס""מ",יחידה,0.00,יחידה,false,,20.90,0.0000,true,1,106743
6112017105853,false,"מגב מתכת 60 ס""מ",,,"מגב מתכת 60 ס""מ",יחידה,0.00,יחידה,false,,28.90,0.0000,true,1,112051
6112017106096,false,מסנן כיור אמריקאי,,,מסנן כיור אמריקאי,יחידה,0.00,יחידה,false,,15.90,0.0000,true,1,112877
6118000240501,false,סרדין מרוקאי בשמן סו,,,סרדין מרוקאי בשמן סו,גרמים,125.00,100 גרם,false,,6.90,5.5200,true,1,100691
6598255452236,false,מסכות חד פעמי 50יח,,,מסכות חד פעמי 50יח,יחידה,0.00,יחידה,false,,9.90,0.0000,true,1,126970
6910191800287,false,דפי סושי אצות נורי ב,,,דפי סושי אצות נורי ב,יח',10.00,יח',false,,13.90,1.3900,true,1,65603
6912977000140,false,אטריות שעועית 250גר,,,אטריות שעועית 250גר,גרמים,250.00,100 גרם,false,,10.90,4.3600,true,1,76689
6921052701001,false,אצות ים וואקמה 40גר,,,אצות ים וואקמה 40גר,גרמים,40.00,100 גרם,false,,11.90,29.7500,true,1,98759
6922276100083,false,מחית וואסבי 43גר,,,מחית וואסבי 43גר,גרמים,43.00,100 גרם,false,,11.90,27.6744,true,1,63814
6925454151662,false,שעון שבת .,,,שעון שבת .,יחידה,0.00,יחידה,false,,24.90,0.0000,true,1,102166
6931191500649,false,דבק סופר גלו רביעייה,,,דבק סופר גלו רביעייה,יחידה,0.00,יחידה,false,,11.90,0.0000,true,1,76371
6931191500878,false,מקלף פלסטיק,,,מקלף פלסטיק,יחידה,0.00,יחידה,false,,5.90,0.0000,true,1,76315
6934931267246,false,מצת לכיריים,,,מצת לכיריים,יחידה,0.00,יחידה,false,,9.90,0.0000,true,1,137070
6934931272196,false,מטאטא מאלזיה  גב עץ,,,מטאטא מאלזיה  גב עץ,יחידה,0.00,יחידה,false,,19.90,0.0000,true,1,137065
6934931272332,false,מטאטא ויטני גב עץ אי,,,מטאטא ויטני גב עץ אי,יחידה,0.00,יחידה,false,,19.90,0.0000,true,1,137067
6935487561246,false,מסכות חד פעמי 50 יח,,,מסכות חד פעמי 50 יח,יח',50.00,יח',false,,9.90,0.1980,true,1,135130
6935673035612,false,כפפות אלוורה שאיני S,,,כפפות אלוורה שאיני S,יחידה,0.00,יחידה,false,,7.90,0.0000,true,1,41211
6935673035629,false,כפפות אלוורה שאיני M,,,כפפות אלוורה שאיני M,יחידה,0.00,יחידה,false,,7.90,0.0000,true,1,41212
6935673035643,false,כפפות אלוורה שאיני X,,,כפפות אלוורה שאיני X,יחידה,0.00,יחידה,false,,7.90,0.0000,true,1,41214
6936745600462,false,מירין דאניינג 500מל,,,מירין דאניינג 500מל,מיליליטרים,500.00,"100 מ""ל",false,,22.90,4.5800,true,1,65570
6936745600783,false,חומץ אורז דאניינג 50,,,חומץ אורז דאניינג 50,מיליליטרים,500.00,"100 מ""ל",false,,16.90,3.3800,true,1,65571
6945305614047,false,רביעיית מתלים ניקל,,,רביעיית מתלים ניקל,יחידה,0.00,יחידה,false,,9.90,0.0000,true,1,76372
6952415521486,false,כבל מאריך 3 מטר,,,כבל מאריך 3 מטר,יחידה,0.00,יחידה,false,,34.90,0.0000,true,1,102169
6985425120011,false,מסנן פרפר זוג,,,מסנן פרפר זוג,יחידה,0.00,יחידה,false,,8.90,0.0000,true,1,76379
6985425120028,false,ספוגים רחצה רביעייה,,,ספוגים רחצה רביעייה,יחידה,0.00,יחידה,false,,9.90,0.0000,true,1,89425
6985425120592,false,קרש חיתוך עץ,,,קרש חיתוך עץ,יחידה,0.00,יחידה,false,,17.90,0.0000,true,1,76317
6985425120950,false,זוג ידיות לסיר עליון,,,זוג ידיות לסיר עליון,יחידה,0.00,יחידה,false,,9.90,0.0000,true,1,76320
7271730901261,false,תערובת להכנת פסטה+גב,,,תערובת להכנת פסטה+גב,גרמים,156.00,100 גרם,false,,12.90,8.2692,true,1,67469
7290000000070,false,סופגניה,,,סופגניה,יחידה,0.00,יחידה,false,,3.90,0.0000,true,1,141324
7290000000095,false,ביסלי/מיקס ביסלי אסם,,,ביסלי/מיקס ביסלי אסם,יחידה,0.00,יחידה,false,,14.90,0.0000,true,1,141353
7290000000818,false,גלידה מצופים 6יח ריא,,,גלידה מצופים 6יח ריא,יחידה,0.00,יחידה,false,,15.90,0.0000,true,1,141377
7290000001070,false,גרנה פדנו מגורד+פסטה,,,גרנה פדנו מגורד+פסטה,יחידה,0.00,יחידה,false,,22.90,0.0000,true,1,141352
7290000001236,false,אנטרטיק/קצץ אקונומיק,,,אנטרטיק/קצץ אקונומיק,יחידה,0.00,יחידה,false,,22.90,0.0000,true,1,141360
7290000001338,false,תה דאלאי 25שקיקים+וו,,,תה דאלאי 25שקיקים+וו,יחידה,0.00,יחידה,false,,15.90,0.0000,true,1,141359
7290000001593,false,4יח צ'וקטה ממרח אגוז,,,4יח צ'וקטה ממרח אגוז,יחידה,0.00,יחידה,false,,14.90,0.0000,true,1,141361
7290000018485,false,דונאטס מצופה,,,דונאטס מצופה,יחידה,0.00,יחידה,false,,5.90,0.0000,true,1,128454
7290000023007,false,ברנדי שטוק 84 750מל,קריות זול,,ברנדי שטוק 84 750מל,מיליליטרים,750.00,"100 מ""ל",false,,79.90,10.6533,true,1,20406
7290000023083,false,ערק אשקלון 700 מל,,,ערק אשקלון 700 מל,מיליליטרים,700.00,"100 מ""ל",false,,49.90,7.1286,true,1,70636
7290000023809,false,יין קלאסיק קברנה סוב,,,יין קלאסיק קברנה סוב,מיליליטרים,750.00,"100 מ""ל",false,,39.90,5.3200,true,1,20414
7290000024264,false,יין רזרב מרלו 750 מל,קריות זול,,יין רזרב מרלו 750 מל,מיליליטרים,750.00,"100 מ""ל",false,,49.90,6.6533,true,1,34568
7290000024523,false,מיץ ענבים של סגל 1 ל,,,מיץ ענבים של סגל 1 ל,מיליליטרים,1000.00,"100 מ""ל",false,,13.90,1.3900,true,1,70100
7290000024530,false,יין אדום מתוק קידוש,,,יין אדום מתוק קידוש,מיליליטרים,750.00,"100 מ""ל",false,,17.90,2.3867,true,1,91466
7290000033976,false,כתף טלה טרי,,,כתף טלה טרי,קילוגרמים,1.00,"ק""ג",true,,109.00,109.0000,true,1,39332
7290000034973,false,חזה טלה ספרייס טרי,,,חזה טלה ספרייס טרי,קילוגרמים,1.00,"ק""ג",true,,79.00,79.0000,true,1,39333
7290000036977,false,צוואר כבש טרי,,,צוואר כבש טרי,קילוגרמים,1.00,"ק""ג",true,,79.90,79.9000,true,1,84112
7290000040042,false,יופלה תות שובב 3% 15,קריות זול,,יופלה תות שובב 3% 15,גרמים,150.00,100 גרם,false,,5.00,3.3333,true,1,29296
7290000040066,false,יופלה דובדבן פראי 3%,קריות זול,,יופלה דובדבן פראי 3%,גרמים,150.00,100 גרם,false,,5.00,3.3333,true,1,29297
7290000040080,false,יופלה אפרסק מאוהב 3%,קריות זול,,יופלה אפרסק מאוהב 3%,גרמים,150.00,100 גרם,false,,5.00,3.3333,true,1,23343
7290000040301,false,גבינה קממבר עין גדי,קריות זול,,גבינה קממבר עין גדי,גרמים,125.00,100 גרם,false,,19.90,15.9200,true,1,23346
7290000040318,false,גבינת קולאז' ברי 24%,קריות זול,,גבינת קולאז' ברי 24%,גרמים,125.00,100 גרם,false,,19.90,15.9200,true,1,29299
7290000040462,false,עמק גבינה טוסטי טעם,קריות זול,,עמק גבינה טוסטי טעם,גרמים,200.00,100 גרם,false,,18.90,9.4500,true,1,29301
7290000040974,false,חלב קרטון דל לקטוז ת,,,חלב קרטון דל לקטוז ת,מיליליטרים,1000.00,"100 מ""ל",false,,7.50,0.7500,true,1,52863
7290000041445,false,קוטג 5% מהדרין 250גר,קריות זול,,קוטג 5% מהדרין 250גר,גרמים,250.00,100 גרם,false,,5.90,2.3600,true,1,23348
7290000041452,false,"קוטג 9% בד""צ 250גר ת",קריות זול,,"קוטג 9% בד""צ 250גר ת",גרמים,250.00,100 גרם,false,,5.90,2.3600,true,1,46030
7290000041858,false,שמנת חמוצה 15% 200מל,קריות זול,,שמנת חמוצה 15% 200מל,מיליליטרים,200.00,"100 מ""ל",false,,2.50,1.2500,true,1,23349
7290000042435,false,חלב בקרטון תנובה 1%,קריות זול,,חלב בקרטון תנובה 1%,מיליליטרים,1000.00,"100 מ""ל",false,,5.86,0.5860,true,1,23361
7290000042503,false,חלב עמיד קרטון תנובה,קריות זול,,חלב עמיד קרטון תנובה,מיליליטרים,1000.00,"100 מ""ל",false,,7.20,0.7200,true,1,23364
7290000042640,false,חלב עמיד תנובה 3% 25,קריות זול,,חלב עמיד תנובה 3% 25,מיליליטרים,250.00,"100 מ""ל",false,,3.10,1.2400,true,1,29306
7290000042855,false,שוקו שקית 250,קריות זול,,שוקו שקית 250,מיליליטרים,250.00,"100 מ""ל",false,,3.10,1.2400,true,1,23368
7290000043012,false,שוקו עמיד תנובה בקרט,קריות זול,,שוקו עמיד תנובה בקרט,מיליליטרים,250.00,"100 מ""ל",false,,4.90,1.9600,true,1,29308
7290000043814,false,שמנת להקצפה 38% 250מ,קריות זול,,שמנת להקצפה 38% 250מ,מיליליטרים,250.00,"100 מ""ל",false,,6.47,2.5880,true,1,23371
7290000043890,false,רויון תנובה 1.5% 1לי,קריות זול,,רויון תנובה 1.5% 1לי,מיליליטרים,1000.00,"100 מ""ל",false,,11.50,1.1500,true,1,23372
7290000044712,false,פרילי תות 1.5% 500מל,קריות זול,,פרילי תות 1.5% 500מל,מיליליטרים,500.00,"100 מ""ל",false,,10.90,2.1800,true,1,23376
7290000044880,false,באדי תות 3% 500מל,קריות זול,,באדי תות 3% 500מל,מיליליטרים,500.00,"100 מ""ל",false,,9.30,1.8600,true,1,29313
7290000045580,false,נעמה גבינת מותכת 240,קריות זול,,נעמה גבינת מותכת 240,גרמים,240.00,100 גרם,false,,17.90,7.4583,true,1,29314
7290000045917,false,גבינה פרומעז 23% קול,קריות זול,,גבינה פרומעז 23% קול,גרמים,200.00,100 גרם,false,,26.90,13.4500,true,1,23379
7290000046006,false,עמק 28% תנובה,,,עמק 28% תנובה,קילוגרמים,1.00,"ק""ג",true,,44.79,44.7900,true,1,50995
7290000046020,false,גלבוע 22% תנובה,קריות זול,,גלבוע 22% תנובה,קילוגרמים,1.00,"ק""ג",true,,42.58,42.5800,true,1,29258
7290000046136,false,גלבוע 22% תנובה,קריות זול,,גלבוע 22% תנובה,קילוגרמים,1.00,"ק""ג",true,,42.58,42.5800,true,1,112952
7290000046327,false,גלבוע גבינה צהובה פר,קריות זול,,גלבוע גבינה צהובה פר,גרמים,200.00,100 גרם,false,,13.70,6.8500,true,1,23381
7290000046501,false,טל העמק חריץ 32% תנו,קריות זול,,טל העמק חריץ 32% תנו,קילוגרמים,1.00,"ק""ג",true,,61.00,61.0000,true,1,29260
7290000046563,false,פרמזן קולאז 23% תנוב,קריות זול,,פרמזן קולאז 23% תנוב,קילוגרמים,1.00,"ק""ג",true,,120.00,120.0000,true,1,29262
7290000046662,false,עמק דליקטס סקנדינבית,קריות זול,,עמק דליקטס סקנדינבית,קילוגרמים,1.00,"ק""ג",true,,79.00,79.0000,true,1,29265
7290000047027,false,קאשקבל 28% תנובה חלב,קריות זול,,קאשקבל 28% תנובה חלב,קילוגרמים,1.00,"ק""ג",true,,128.00,128.0000,true,1,29266
7290000047034,false,רוקפור 28% תנובה,,,רוקפור 28% תנובה,קילוגרמים,1.00,"ק""ג",true,,126.00,126.0000,true,1,113544
7290000047485,false,בולגרית 24% תנובה,,,בולגרית 24% תנובה,קילוגרמים,1.00,"ק""ג",true,,59.00,59.0000,true,1,29269
7290000047546,false,גבינה לבנה ללא תוספת,קריות זול,,גבינה לבנה ללא תוספת,גרמים,500.00,100 גרם,false,,24.90,4.9800,true,1,23383
7290000047621,false,גבינה לבנה 5% מהדרין,קריות זול,,גבינה לבנה 5% מהדרין,גרמים,250.00,100 גרם,false,,4.98,1.9920,true,1,29318
7290000047942,false,גבינה לבנה 9% מהדרין,קריות זול,,גבינה לבנה 9% מהדרין,גרמים,250.00,100 גרם,false,,4.90,1.9600,true,1,50025
7290000048185,false,גבינה לבנה 250גר 5%,קריות זול,,גבינה לבנה 250גר 5%,גרמים,250.00,100 גרם,false,,4.98,1.9920,true,1,23386
7290000048192,false,גבינה לבנה רכה 9% 25,קריות זול,,גבינה לבנה רכה 9% 25,גרמים,250.00,100 גרם,false,,4.90,1.9600,true,1,23387
7290000048413,false,גבינת חמד פיראוס 16%,קריות זול,,גבינת חמד פיראוס 16%,גרמים,250.00,100 גרם,false,,18.50,7.4000,true,1,23388
7290000048437,false,צפתית 5% 200גר פיראו,קריות זול,,צפתית 5% 200גר פיראו,גרמים,200.00,100 גרם,false,,15.30,7.6500,true,1,23389
7290000049458,false,פטה עיזים  פיראוס 16,קריות זול,,פטה עיזים  פיראוס 16,גרמים,250.00,100 גרם,false,,29.90,11.9600,true,1,23390
7290000050447,false,יופלה YYY תות 3% 500,,,יופלה YYY תות 3% 500,מיליליטרים,500.00,"100 מ""ל",false,,13.50,2.7000,true,1,46477
7290000050454,false,יופלה YYY אפרסק 3% 5,,,יופלה YYY אפרסק 3% 5,מיליליטרים,500.00,"100 מ""ל",false,,13.50,2.7000,true,1,46478
7290000051307,false,הפסקת אוכל עוגי +חלב,,,הפסקת אוכל עוגי +חלב,מיליליטרים,150.00,"100 מ""ל",false,,9.50,6.3333,true,1,47827
7290000051376,false,יופלה דיאט אננס ספור,,,יופלה דיאט אננס ספור,גרמים,150.00,100 גרם,false,,5.00,3.3333,true,1,48630
7290000051710,false,לאבנה עם שמן זית וזע,,,לאבנה עם שמן זית וזע,גרמים,263.00,100 גרם,false,,14.50,5.5133,true,1,48633
7290000052311,false,עמק גבינה צהובה מהדר,,,עמק גבינה צהובה מהדר,גרמים,200.00,100 גרם,false,,16.70,8.3500,true,1,51180
7290000055015,false,פטה כבשים 5% שומן פי,,,פטה כבשים 5% שומן פי,גרמים,250.00,100 גרם,false,,27.50,11.0000,true,1,52956
7290000055206,false,גבינה לבנה בטעם בצל,,,גבינה לבנה בטעם בצל,גרמים,250.00,100 גרם,false,,5.90,2.3600,true,1,56021
7290000055329,false,יופלה משקה יוגורט תו,,,יופלה משקה יוגורט תו,מיליליטרים,250.00,"100 מ""ל",false,,5.60,2.2400,true,1,55842
7290000055336,false,יופלה משקה יוגורט בנ,,,יופלה משקה יוגורט בנ,מיליליטרים,250.00,"100 מ""ל",false,,5.60,2.2400,true,1,55843
7290000055343,false,יופלה משקה יוגורט טר,,,יופלה משקה יוגורט טר,מיליליטרים,250.00,"100 מ""ל",false,,5.60,2.2400,true,1,55844
7290000055350,false,עמק 28% תנובה,,,עמק 28% תנובה,קילוגרמים,1.00,"ק""ג",true,,44.79,44.7900,true,1,74992
7290000055893,false,חמאה תנובה 200 גר מה,,,חמאה תנובה 200 גר מה,גרמים,200.00,100 גרם,false,,7.88,3.9400,true,1,57158
7290000056272,false,גבינה לבנה עם זיתים,,,גבינה לבנה עם זיתים,גרמים,250.00,100 גרם,false,,5.90,2.3600,true,1,56031
7290000056845,false,חלב בקרטון תנובה 3%,,,חלב בקרטון תנובה 3%,מיליליטרים,1500.00,"100 מ""ל",false,,9.35,0.6233,true,1,63721
7290000056890,false,יופלה מאגדת דיאט טעמ,,,יופלה מאגדת דיאט טעמ,יחידה,0.00,יחידה,false,,31.70,0.0000,true,1,62511
7290000056906,false,יופלה לבן מאגדת שמינ,,,יופלה לבן מאגדת שמינ,גרמים,1200.00,100 גרם,false,,18.00,1.5000,true,1,62512
7290000056951,false,שמנת לבישול 15% פקק,,,שמנת לבישול 15% פקק,מיליליטרים,500.00,"100 מ""ל",false,,17.50,3.5000,true,1,64028
7290000057088,false,עמק גבינה צהובה דק ד,,,עמק גבינה צהובה דק ד,גרמים,200.00,100 גרם,false,,16.70,8.3500,true,1,63722
7290000057118,false,*מבצע* המעדניה של עמ,,,*מבצע* המעדניה של עמ,גרמים,400.00,100 גרם,false,,19.90,4.9750,true,1,63427
7290000057132,false,יוגורט טבעי 1.5%תנוב,,,יוגורט טבעי 1.5%תנוב,מיליליטרים,200.00,"100 מ""ל",false,,3.20,1.6000,true,1,63428
7290000057149,false,יוגורט טבעי 3% תנובה,,,יוגורט טבעי 3% תנובה,מיליליטרים,200.00,"100 מ""ל",false,,3.20,1.6000,true,1,63429
7290000057552,false,יופלה דיאט עוגת גבינ,,,יופלה דיאט עוגת גבינ,גרמים,150.00,100 גרם,false,,5.00,3.3333,true,1,65684
7290000058030,false,יופלה שטוזים משקה יו,,,יופלה שטוזים משקה יו,גרמים,800.00,100 גרם,false,,20.90,2.6125,true,1,64663
7290000058047,false,שמנת להקצפה מהדרין 3,,,שמנת להקצפה מהדרין 3,מיליליטרים,500.00,"100 מ""ל",false,,12.94,2.5880,true,1,65556
7290000060071,false,חטיפי פריכונים מאורז,קריות זול,,חטיפי פריכונים מאורז,גרמים,80.00,100 גרם,false,,9.50,11.8750,true,1,23392
7290000060088,false,בייגלה מקלות מלוחים,קריות זול,,בייגלה מקלות מלוחים,גרמים,300.00,100 גרם,false,,11.90,3.9667,true,1,23393
7290000060156,false,אטריות ביצים דקות אס,קריות זול,,אטריות ביצים דקות אס,גרמים,200.00,100 גרם,false,,7.90,3.9500,true,1,23394
7290000060163,false,אטריות דקות אסם 400ג,קריות זול,,אטריות דקות אסם 400ג,גרמים,400.00,100 גרם,false,,7.90,1.9750,true,1,23395
7290000060200,false,פתיתים אפויים קוסקוס,קריות זול,,פתיתים אפויים קוסקוס,גרמים,500.00,100 גרם,false,,7.90,1.5800,true,1,23397
7290000060217,false,פסטה מקרוני 7 אסם 50,קריות זול,,פסטה מקרוני 7 אסם 50,גרמים,500.00,100 גרם,false,,6.90,1.3800,true,1,34586
7290000060248,false,פסטה תלתלים אסם 500,קריות זול,,פסטה תלתלים אסם 500,גרמים,500.00,100 גרם,false,,6.90,1.3800,true,1,23398
7290000060316,false,פסטה פרפקטו ספגטי אס,קריות זול,,פסטה פרפקטו ספגטי אס,גרמים,500.00,100 גרם,false,,8.50,1.7000,true,1,23401
7290000060330,false,פסטה פרפקטו ספיראלי,קריות זול,,פסטה פרפקטו ספיראלי,גרמים,500.00,100 גרם,false,,8.50,1.7000,true,1,23403
7290000060408,false,פתיתים אפויים טבעות,קריות זול,,פתיתים אפויים טבעות,גרמים,500.00,100 גרם,false,,7.90,1.5800,true,1,23405
7290000060538,false,פסטה פרפקטו צדפים אס,קריות זול,,פסטה פרפקטו צדפים אס,גרמים,500.00,100 גרם,false,,8.50,1.7000,true,1,23412
7290000060576,false,פתיתים אפויים כוכב א,קריות זול,,פתיתים אפויים כוכב א,גרמים,500.00,100 גרם,false,,7.90,1.5800,true,1,23414
7290000060781,false,פסטה מסולסלים אסם 50,קריות זול,,פסטה מסולסלים אסם 50,גרמים,500.00,100 גרם,false,,6.90,1.3800,true,1,23415
7290000060828,false,פסטה קרניים בינוניות,קריות זול,,פסטה קרניים בינוניות,גרמים,500.00,100 גרם,false,,6.90,1.3800,true,1,23417
7290000060859,false,פסטה צדפים קטנים אסם,קריות זול,,פסטה צדפים קטנים אסם,גרמים,500.00,100 גרם,false,,6.90,1.3800,true,1,23420
7290000060880,false,פסטה ספגטי אסם 500גר,קריות זול,,פסטה ספגטי אסם 500גר,גרמים,500.00,100 גרם,false,,6.90,1.3800,true,1,23421
7290000060903,false,פתיתים אפויים אורז א,קריות זול,,פתיתים אפויים אורז א,גרמים,500.00,100 גרם,false,,7.90,1.5800,true,1,23423
7290000060958,false,אטריות בינוניות אסם,קריות זול,,אטריות בינוניות אסם,גרמים,400.00,100 גרם,false,,7.90,1.9750,true,1,23425
7290000060965,false,אטריות רחבות אסם 400,קריות זול,,אטריות רחבות אסם 400,גרמים,400.00,100 גרם,false,,7.90,1.9750,true,1,23426
7290000061061,false,קרקר בצל אסם 250גר,קריות זול,,קרקר בצל אסם 250גר,גרמים,250.00,100 גרם,false,,11.90,4.7600,true,1,23431
7290000061085,false,רוטב צילי מתוק אסם 2,קריות זול,,רוטב צילי מתוק אסם 2,מיליליטרים,290.00,"100 מ""ל",false,,12.90,4.4483,true,1,23433
7290000061245,false,עוגיות שוקוציפס ממול,קריות זול,,עוגיות שוקוציפס ממול,גרמים,220.00,100 גרם,false,,12.70,5.7727,true,1,23437
7290000061450,false,פתיתים אפויים קוסקוס,,,פתיתים אפויים קוסקוס,גרמים,500.00,100 גרם,false,,7.90,1.5800,true,1,46905
7290000062952,false,מיני קרוטונים למרק ו,,,מיני קרוטונים למרק ו,גרמים,250.00,100 גרם,false,,16.90,6.7600,true,1,43532
7290000063102,false,קמח תופח אסם 350גר,קריות זול,,קמח תופח אסם 350גר,גרמים,350.00,100 גרם,false,,4.90,1.4000,true,1,23462
7290000063133,false,שקדי מרק בשקית אסם 1,קריות זול,,שקדי מרק בשקית אסם 1,גרמים,100.00,100 גרם,false,,5.70,5.7000,true,1,23463
7290000063140,false,שקדי מרק רכיבים טבעי,קריות זול,,שקדי מרק רכיבים טבעי,גרמים,400.00,100 גרם,false,,14.90,3.7250,true,1,23464
7290000063157,false,קמח תופח מאליו אסם 1,קריות זול,,קמח תופח מאליו אסם 1,גרמים,1000.00,100 גרם,false,,9.90,0.9900,true,1,23465
7290000064758,false,קוסקוס בינוני אסם 35,קריות זול,,קוסקוס בינוני אסם 35,גרמים,350.00,100 גרם,false,,8.50,2.4286,true,1,23476
7290000064871,false,מנה חמה אסם פירה תפו,קריות זול,,מנה חמה אסם פירה תפו,גרמים,56.00,100 גרם,false,,6.90,12.3214,true,1,23477
7290000065090,false,מיני קורטונים למרק ו,קריות זול,,מיני קורטונים למרק ו,גרמים,400.00,100 גרם,false,,26.90,6.7250,true,1,23479
7290000065335,false,מנה חמה אסם פירה עם,קריות זול,,מנה חמה אסם פירה עם,גרמים,55.00,100 גרם,false,,6.90,12.5455,true,1,23480
7290000065977,false,חטיפי פריכונים תירס,,,חטיפי פריכונים תירס,גרמים,80.00,100 גרם,false,,9.50,11.8750,true,1,51163
7290000066141,false,ביסלי בטעם גריל אסם,קריות זול,,ביסלי בטעם גריל אסם,גרמים,70.00,100 גרם,false,,4.90,7.0000,true,1,23493
7290000066196,false,ביסלי גדול טעם גריל,קריות זול,,ביסלי גדול טעם גריל,גרמים,200.00,100 גרם,false,,9.50,4.7500,true,1,23498
7290000066226,false,ביסלי בטעם פיצה אסם,קריות זול,,ביסלי בטעם פיצה אסם,גרמים,200.00,100 גרם,false,,9.50,4.7500,true,1,23501
7290000066264,false,דובונים אסם 40גר,קריות זול,,דובונים אסם 40גר,גרמים,40.00,100 גרם,false,,4.90,12.2500,true,1,23502
7290000066295,false,במבה תות מחומרים טבע,קריות זול,,במבה תות מחומרים טבע,גרמים,30.00,100 גרם,false,,3.00,10.0000,true,1,23503
7290000066318,false,במבה אסם 80 גרם,קריות זול,,במבה אסם 80 גרם,גרמים,80.00,100 גרם,false,,4.90,6.1250,true,1,23505
7290000066332,false,אפרופו אסם 50גר,קריות זול,,אפרופו אסם 50גר,גרמים,50.00,100 גרם,false,,5.50,11.0000,true,1,23506
7290000066431,false,פופקו חטיף אסם 80גר,קריות זול,,פופקו חטיף אסם 80גר,גרמים,80.00,100 גרם,false,,5.90,7.3750,true,1,23509
7290000067599,false,מנה חמה אסם ספגטי רו,קריות זול,,מנה חמה אסם ספגטי רו,גרמים,65.00,100 גרם,false,,6.90,10.6154,true,1,23525
7290000068138,false,פודינג וניל אסם 80גר,קריות זול,,פודינג וניל אסם 80גר,גרמים,80.00,100 גרם,false,,5.90,7.3750,true,1,23529
7290000068190,false,ג'לי תות אסם 85 גר,קריות זול,,ג'לי תות אסם 85 גר,גרמים,85.00,100 גרם,false,,6.90,8.1176,true,1,23531
7290000068237,false,ג'לי פטל אסם 85 גר,קריות זול,,ג'לי פטל אסם 85 גר,גרמים,85.00,100 גרם,false,,6.90,8.1176,true,1,23533
7290000068251,false,ג'לי אננס אסם 85 גר,קריות זול,,ג'לי אננס אסם 85 גר,גרמים,85.00,100 גרם,false,,6.90,8.1176,true,1,23534
7290000068343,false,פריכונים מאורז מלא א,קריות זול,,פריכונים מאורז מלא א,גרמים,140.00,100 גרם,false,,8.90,6.3571,true,1,23538
7290000068701,false,שקדי מרק במיכל אסם 4,קריות זול,,שקדי מרק במיכל אסם 4,גרמים,400.00,100 גרם,false,,17.90,4.4750,true,1,23543
7290000069364,false,פריכונים מאורז מלא ל,קריות זול,,פריכונים מאורז מלא ל,גרמים,140.00,100 גרם,false,,8.90,6.3571,true,1,23550
7290000069609,false,חטיפי קרקר זעתר 300ג,,,חטיפי קרקר זעתר 300ג,גרמים,300.00,100 גרם,false,,12.90,4.3000,true,1,47057
7290000069715,false,חטיפי קרקר מלוח 300ג,,,חטיפי קרקר מלוח 300ג,גרמים,300.00,100 גרם,false,,12.90,4.3000,true,1,47058
7290000070308,false,מרק עוף אמיתי אסם 40,קריות זול,,מרק עוף אמיתי אסם 40,גרמים,400.00,100 גרם,false,,18.90,4.7250,true,1,23557
7290000070322,false,מרק פטריות רכיבים טב,קריות זול,,מרק פטריות רכיבים טב,גרמים,400.00,100 גרם,false,,29.90,7.4750,true,1,23559
7290000070353,false,מרק בצל רכיבים טבעיי,קריות זול,,מרק בצל רכיבים טבעיי,גרמים,400.00,100 גרם,false,,29.90,7.4750,true,1,23560
7290000070919,false,בייגלה רשתות מלח אסם,,,בייגלה רשתות מלח אסם,גרמים,400.00,100 גרם,false,,14.50,3.6250,true,1,55932
7290000071008,false,בייגלה שטוחים מלח אס,,,בייגלה שטוחים מלח אס,גרמים,60.00,100 גרם,false,,3.90,6.5000,true,1,52723
7290000072067,false,במבה במילוי קרם חלבה,,,במבה במילוי קרם חלבה,גרמים,60.00,100 גרם,false,,4.90,8.1667,true,1,49151
7290000072241,false,רוטב פיצה-בקבוק 290מ,קריות זול,,רוטב פיצה-בקבוק 290מ,מיליליטרים,290.00,"100 מ""ל",false,,12.90,4.4483,true,1,23583
7290000072623,false,קטשופ אסם 750גר,קריות זול,,קטשופ אסם 750גר,גרמים,750.00,100 גרם,false,,10.90,1.4533,true,1,23585
7290000072630,false,קטשופ חריף אסם 750גר,קריות זול,,קטשופ חריף אסם 750גר,גרמים,750.00,100 גרם,false,,12.90,1.7200,true,1,23586
7290000072753,false,טסטרס צויס 200 גרם,,,טסטרס צויס 200 גרם,גרמים,200.00,100 גרם,false,,29.90,14.9500,true,1,23590
7290000072968,false,דגני סיני מיניס נסטל,קריות זול,,דגני סיני מיניס נסטל,גרמים,500.00,100 גרם,false,,27.90,5.5800,true,1,23600
7290000073415,false,מנה חמה אסם פסטה ברו,קריות זול,,מנה חמה אסם פסטה ברו,גרמים,61.00,100 גרם,false,,6.90,11.3115,true,1,23608
7290000073750,false,מנה חמה אסם נודלס טע,קריות זול,,מנה חמה אסם נודלס טע,גרמים,70.00,100 גרם,false,,6.90,9.8571,true,1,23611
7290000073767,false,מנה חמה אסם נודלס טע,קריות זול,,מנה חמה אסם נודלס טע,גרמים,70.00,100 גרם,false,,6.90,9.8571,true,1,23612
7290000073774,false,מנה חמה אסם נודלס טע,קריות זול,,מנה חמה אסם נודלס טע,גרמים,70.00,100 גרם,false,,6.90,9.8571,true,1,23613
7290000074153,false,פתי בר שוקו אסם 500ג,קריות זול,,פתי בר שוקו אסם 500ג,גרמים,500.00,100 גרם,false,,14.90,2.9800,true,1,23617
7290000074184,false,פתי בר וניל אסם 500ג,קריות זול,,פתי בר וניל אסם 500ג,גרמים,500.00,100 גרם,false,,12.90,2.5800,true,1,23619
7290000074245,false,קרם קרקר אסם 250גר,קריות זול,,קרם קרקר אסם 250גר,גרמים,250.00,100 גרם,false,,8.90,3.5600,true,1,23620
7290000074252,false,קרקר שומשום אסם 250ג,קריות זול,,קרקר שומשום אסם 250ג,גרמים,250.00,100 גרם,false,,9.90,3.9600,true,1,23621
7290000074276,false,קרקר פיקנטי טבעון אס,קריות זול,,קרקר פיקנטי טבעון אס,גרמים,250.00,100 גרם,false,,11.90,4.7600,true,1,23622
7290000074375,false,קרקר זהב אסם 150 גרם,קריות זול,,קרקר זהב אסם 150 גרם,גרמים,150.00,100 גרם,false,,7.90,5.2667,true,1,23627
7290000074481,false,לחמית אגוזים אסם 160,,,לחמית אגוזים אסם 160,גרמים,160.00,100 גרם,false,,11.90,7.4375,true,1,63120
7290000074696,false,קרם קרקר אסם 1קג,קריות זול,,קרם קרקר אסם 1קג,גרמים,1000.00,100 גרם,false,,29.90,2.9900,true,1,23629
7290000074764,false,קרקר זהב אסם 900גר,קריות זול,,קרקר זהב אסם 900גר,גרמים,900.00,100 גרם,false,,29.90,3.3222,true,1,23633
7290000075204,false,לחמית חיטה מלאה אסם,קריות זול,,לחמית חיטה מלאה אסם,גרמים,250.00,100 גרם,false,,9.90,3.9600,true,1,23639
7290000075693,false,עוגת הבית שמרים בריו,,,עוגת הבית שמרים בריו,גרמים,360.00,100 גרם,false,,18.50,5.1389,true,1,48802
7290000076126,false,בייגלה שמיניות קטנות,קריות זול,,בייגלה שמיניות קטנות,גרמים,80.00,100 גרם,false,,3.90,4.8750,true,1,23643
7290000076133,false,בייגלה שמיניות קטנות,קריות זול,,בייגלה שמיניות קטנות,גרמים,400.00,100 גרם,false,,11.90,2.9750,true,1,23644
7290000076645,false,טוסטעים חיטה מלאה אס,,,טוסטעים חיטה מלאה אס,גרמים,100.00,100 גרם,false,,10.90,10.9000,true,1,49918
7290000077017,false,קרמוגית במילוי שוקול,קריות זול,,קרמוגית במילוי שוקול,גרמים,200.00,100 גרם,false,,12.70,6.3500,true,1,23654
7290000077253,false,לחמית כפרית עם דגנים,,,לחמית כפרית עם דגנים,גרמים,190.00,100 גרם,false,,11.90,6.2632,true,1,51029
7290000077925,false,טוסטעים עגול חיטה מל,,,טוסטעים עגול חיטה מל,גרמים,125.00,100 גרם,false,,10.90,8.7200,true,1,49919
7290000078212,false,קרוטונים מתובלים אסם,קריות זול,,קרוטונים מתובלים אסם,גרמים,250.00,100 גרם,false,,16.90,6.7600,true,1,23662
7290000078762,false,חטיפי פריכונים מאורז,קריות זול,,חטיפי פריכונים מאורז,גרמים,80.00,100 גרם,false,,9.50,11.8750,true,1,23665
7290000079233,false,קרם דל נתרן אסם 250ג,קריות זול,,קרם דל נתרן אסם 250ג,גרמים,250.00,100 גרם,false,,11.90,4.7600,true,1,23668
7290000080406,false,אסאדו עע,,,אסאדו עע,קילוגרמים,1.00,"ק""ג",true,,69.90,69.9000,true,1,41996
7290000080420,false,צלי כתף עגל,,,צלי כתף עגל,קילוגרמים,1.00,"ק""ג",true,,89.90,89.9000,true,1,42002
7290000080758,false,טוסטעים פת קלוי אסם,קריות זול,,טוסטעים פת קלוי אסם,גרמים,100.00,100 גרם,false,,10.90,10.9000,true,1,23675
7290000080765,false,טוסטעים פת קלוי עם ש,קריות זול,,טוסטעים פת קלוי עם ש,גרמים,100.00,100 גרם,false,,10.90,10.9000,true,1,23676
7290000081663,false,בייגלה טבעות שומשום,קריות זול,,בייגלה טבעות שומשום,גרמים,300.00,100 גרם,false,,11.90,3.9667,true,1,23681
7290000100128,false,תות שדה מוקפא 300גר,,,תות שדה מוקפא 300גר,גרמים,300.00,100 גרם,false,,16.90,5.6333,true,1,98034
7290000100135,false,דובדבן מתוק קפוא 300,,,דובדבן מתוק קפוא 300,גרמים,300.00,100 גרם,false,,16.90,5.6333,true,1,98043
7290000100609,false,קוביות אנטי פסטי להק,,,קוביות אנטי פסטי להק,גרמים,600.00,100 גרם,false,,23.90,3.9833,true,1,112774
7290000101927,false,אוכמניות כחולות מוקפ,,,אוכמניות כחולות מוקפ,גרמים,300.00,100 גרם,false,,16.90,5.6333,true,1,98035
7290000101934,false,תערובת פירות יער מוק,,,תערובת פירות יער מוק,גרמים,300.00,100 גרם,false,,16.90,5.6333,true,1,98036
7290000101941,false,אננס חתוך מוקפא 300ג,,,אננס חתוך מוקפא 300ג,גרמים,300.00,100 גרם,false,,16.90,5.6333,true,1,98039
7290000101958,false,מנגו חתוך מוקפא 300ג,,,מנגו חתוך מוקפא 300ג,גרמים,300.00,100 גרם,false,,16.90,5.6333,true,1,98037
7290000103365,false,מרק ירקות קפוא סנפרו,,,מרק ירקות קפוא סנפרו,גרמים,550.00,100 גרם,false,,18.90,3.4364,true,1,65591
7290000103839,false,מרק כתום קפוא סנפרוס,,,מרק כתום קפוא סנפרוס,גרמים,570.00,100 גרם,false,,18.90,3.3158,true,1,57305
7290000103846,false,מרק אפונה קפוא סנפרו,,,מרק אפונה קפוא סנפרו,גרמים,570.00,100 גרם,false,,18.50,3.2456,true,1,57306
7290000103860,false,מרק עדשים קפוא סנפרו,,,מרק עדשים קפוא סנפרו,גרמים,570.00,100 גרם,false,,18.90,3.3158,true,1,57303
7290000103877,false,מרק שעועית קפוא סנפר,,,מרק שעועית קפוא סנפר,גרמים,640.00,100 גרם,false,,18.90,2.9531,true,1,57304
7290000104072,false,עדשים ירוקות מבושלות,,,עדשים ירוקות מבושלות,גרמים,800.00,100 גרם,false,,21.90,2.7375,true,1,56100
7290000104188,false,שעועית אדומה מבושלת,,,שעועית אדומה מבושלת,גרמים,800.00,100 גרם,false,,21.90,2.7375,true,1,49567
7290000104201,false,אפונה עדינה סנפרוסט,קריות זול,,אפונה עדינה סנפרוסט,גרמים,600.00,100 גרם,false,,19.90,3.3167,true,1,29095
7290000104218,false,במיה סנפרוסט 600גר,קריות זול,,במיה סנפרוסט 600גר,גרמים,600.00,100 גרם,false,,17.90,2.9833,true,1,29096
7290000104676,false,אפונה גינה סנפרוסט 8,קריות זול,,אפונה גינה סנפרוסט 8,גרמים,800.00,100 גרם,false,,17.90,2.2375,true,1,29000
7290000104683,false,שעועית שלמה ירוקה סנ,קריות זול,,שעועית שלמה ירוקה סנ,גרמים,800.00,100 גרם,false,,21.90,2.7375,true,1,29001
7290000104690,false,גרעיני תירס סנפרוסט,קריות זול,,גרעיני תירס סנפרוסט,גרמים,800.00,100 גרם,false,,18.90,2.3625,true,1,29002
7290000104706,false,גזר גמדי סנפרוסט 800,קריות זול,,גזר גמדי סנפרוסט 800,גרמים,800.00,100 גרם,false,,18.90,2.3625,true,1,29101
7290000104713,false,פול ירוק סנפרוסט 800,קריות זול,,פול ירוק סנפרוסט 800,גרמים,800.00,100 גרם,false,,27.90,3.4875,true,1,29003
7290000104720,false,שעועית ירוקה חתוכה ס,קריות זול,,שעועית ירוקה חתוכה ס,גרמים,800.00,100 גרם,false,,19.90,2.4875,true,1,29004
7290000104737,false,שעועית צהובה חתוכה ס,קריות זול,,שעועית צהובה חתוכה ס,גרמים,800.00,100 גרם,false,,19.90,2.4875,true,1,29102
7290000104744,false,כרובית סנפרוסט 800גר,קריות זול,,כרובית סנפרוסט 800גר,גרמים,800.00,100 גרם,false,,25.90,3.2375,true,1,29005
7290000104751,false,כרוב ניצנים סנפרוסט,קריות זול,,כרוב ניצנים סנפרוסט,גרמים,800.00,100 גרם,false,,25.90,3.2375,true,1,29103
7290000104768,false,תרד עלים סנפרוסט 800,קריות זול,,תרד עלים סנפרוסט 800,גרמים,800.00,100 גרם,false,,27.90,3.4875,true,1,29006
7290000104775,false,תרד מדליונים סנפרוסט,קריות זול,,תרד מדליונים סנפרוסט,גרמים,800.00,100 גרם,false,,27.90,3.4875,true,1,29104
7290000104799,false,שעועית לבנה מבושלת ס,קריות זול,,שעועית לבנה מבושלת ס,גרמים,800.00,100 גרם,false,,21.90,2.7375,true,1,20577
7290000104805,false,גרגירי חומוס קפוא סנ,קריות זול,,גרגירי חומוס קפוא סנ,גרמים,800.00,100 גרם,false,,21.90,2.7375,true,1,29007
7290000104829,false,קלחוני תירס סנפרוסט,קריות זול,,קלחוני תירס סנפרוסט,גרמים,1000.00,100 גרם,false,,21.90,2.1900,true,1,20422
7290000104836,false,שעועית עדינה שלמה סנ,קריות זול,,שעועית עדינה שלמה סנ,גרמים,600.00,100 גרם,false,,24.90,4.1500,true,1,29105
7290000104874,false,לקט לקוסקוס סנפרוסט,קריות זול,,לקט לקוסקוס סנפרוסט,גרמים,800.00,100 גרם,false,,23.90,2.9875,true,1,29009
7290000104881,false,אפונה וגזר סנפרוסט 8,קריות זול,,אפונה וגזר סנפרוסט 8,גרמים,800.00,100 גרם,false,,18.90,2.3625,true,1,29010
7290000104904,false,לקט ירקות מעורבים סנ,קריות זול,,לקט ירקות מעורבים סנ,גרמים,800.00,100 גרם,false,,23.90,2.9875,true,1,29012
7290000104911,false,לקט נורמנדי סנפרוסט,קריות זול,,לקט נורמנדי סנפרוסט,גרמים,800.00,100 גרם,false,,23.90,2.9875,true,1,29013
7290000107165,false,פולי סויה קפוא סנפרו,קריות זול,,פולי סויה קפוא סנפרו,גרמים,400.00,100 גרם,false,,14.90,3.7250,true,1,29108
7290000107189,false,תחתיות ארטישוק 400גר,קריות זול,,תחתיות ארטישוק 400גר,גרמים,400.00,100 גרם,false,,23.90,5.9750,true,1,29019
7290000107295,false,תפרחות ברוקולי סנפרו,קריות זול,,תפרחות ברוקולי סנפרו,גרמים,800.00,100 גרם,false,,26.90,3.3625,true,1,29021
7290000111063,false,מיונז תלמה 250 גר,קריות זול,,מיונז תלמה 250 גר,גרמים,250.00,100 גרם,false,,6.90,2.7600,true,1,26256
7290000111117,false,בדין לבן מרכך כביסה,קריות זול,,בדין לבן מרכך כביסה,ליטרים,4.00,ליטר,false,,22.90,5.7250,true,1,26257
7290000111353,false,"מיונז תלמה 1ק""ג",קריות זול,,"מיונז תלמה 1ק""ג",גרמים,1000.00,100 גרם,false,,17.90,1.7900,true,1,26263
7290000112220,false,טחינה 100% שומשום בא,קריות זול,,טחינה 100% שומשום בא,גרמים,500.00,100 גרם,false,,15.90,3.1800,true,1,25324
7290000112497,false,מרק עשיר עוף ואיטריו,קריות זול,,מרק עשיר עוף ואיטריו,גרמים,68.00,100 גרם,false,,10.90,16.0294,true,1,26293
7290000112503,false,מרק עשיר ירקות קנור,קריות זול,,מרק עשיר ירקות קנור,גרמים,61.00,100 גרם,false,,10.90,17.8689,true,1,26294
7290000112619,false,מרק עוף אמיתי קנור 4,קריות זול,,מרק עוף אמיתי קנור 4,גרמים,400.00,100 גרם,false,,23.90,5.9750,true,1,26298
7290000114187,false,סיף פנטסטיק אורנים ת,קריות זול,,סיף פנטסטיק אורנים ת,מיליליטרים,4000.00,"100 מ""ל",false,,22.90,0.5725,true,1,22812
7290000116204,false,מרק דגש קנור 1 קג,קריות זול,,מרק דגש קנור 1 קג,גרמים,1000.00,100 גרם,false,,18.90,1.8900,true,1,26350
7290000116945,false,רוטב סויה קנור 300מל,קריות זול,,רוטב סויה קנור 300מל,מיליליטרים,300.00,"100 מ""ל",false,,14.90,4.9667,true,1,26359
7290000117171,false,נמס בכוס קנור 10*10,קריות זול,,נמס בכוס קנור 10*10,גרמים,46.00,100 גרם,false,,7.90,17.1739,true,1,26363
7290000117720,false,נמס בכוס קנור פטריות,קריות זול,,נמס בכוס קנור פטריות,גרמים,43.00,100 גרם,false,,7.50,17.4419,true,1,26371
7290000118277,false,קניידלך קנור 2*65 גר,קריות זול,,קניידלך קנור 2*65 גר,גרמים,130.00,100 גרם,false,,11.90,9.1538,true,1,26380
7290000120874,false,מיונז הלמנס לייט 424,קריות זול,,מיונז הלמנס לייט 424,גרמים,424.00,100 גרם,false,,13.90,3.2783,true,1,26397
7290000123363,false,צמקאו לאכילה ציפוי ו,קריות זול,,צמקאו לאכילה ציפוי ו,גרמים,500.00,100 גרם,false,,17.90,3.5800,true,1,26419
7290000129457,false,רוטב פטריות קנור 28ג,קריות זול,,רוטב פטריות קנור 28ג,גרמים,28.00,100 גרם,false,,5.90,21.0714,true,1,26476
7290000129785,false,בדין ירוק מרכך כביסה,קריות זול,,בדין ירוק מרכך כביסה,ליטרים,4.00,ליטר,false,,22.90,5.7250,true,1,26483
7290000134023,false,חזה הודו טרי ארוז,,,חזה הודו טרי ארוז,קילוגרמים,1.00,"ק""ג",true,,35.90,35.9000,true,1,138152
7290000134147,false,מוסקט טחון 40גר,,,מוסקט טחון 40גר,גרמים,40.00,100 גרם,false,,14.90,37.2500,true,1,51949
7290000134307,false,קינמון טחון 50גר,קריות זול,,קינמון טחון 50גר,גרמים,50.00,100 גרם,false,,5.90,11.8000,true,1,51984
7290000134338,false,אבקת שום 90גר,,,אבקת שום 90גר,גרמים,90.00,100 גרם,false,,12.90,14.3333,true,1,51995
7290000134352,false,קימנון טחון 80 גר,,,קימנון טחון 80 גר,גרמים,80.00,100 גרם,false,,10.90,13.6250,true,1,51997
7290000134376,false,פפריקה בשמן 100גר,,,פפריקה בשמן 100גר,גרמים,100.00,100 גרם,false,,10.90,10.9000,true,1,51998
7290000134666,false,רוזמרין 15גר,,,רוזמרין 15גר,גרמים,15.00,100 גרם,false,,6.90,46.0000,true,1,51954
7290000134673,false,זנגביל 30גר,,,זנגביל 30גר,גרמים,30.00,100 גרם,false,,6.90,23.0000,true,1,51943
7290000134680,false,קימל שלם 40גר,,,קימל שלם 40גר,גרמים,40.00,100 גרם,false,,6.90,17.2500,true,1,51955
7290000134826,false,זעתר מעורב במיכל 100,,,זעתר מעורב במיכל 100,גרמים,100.00,100 גרם,false,,10.90,10.9000,true,1,51991
7290000134833,false,כמון טחון במיכל 100ג,,,כמון טחון במיכל 100ג,גרמים,100.00,100 גרם,false,,10.90,10.9000,true,1,51999
7290000134840,false,כורכום במיכל 100גר,,,כורכום במיכל 100גר,גרמים,100.00,100 גרם,false,,10.90,10.9000,true,1,51992
7290000134857,false,פפריקה מתוקה במיכל 1,,,פפריקה מתוקה במיכל 1,גרמים,100.00,100 גרם,false,,10.90,10.9000,true,1,52000
7290000134864,false,פפריקה חריפה במיכל 1,,,פפריקה חריפה במיכל 1,גרמים,100.00,100 גרם,false,,10.90,10.9000,true,1,52001
7290000134871,false,פלפל שחור טחון 100גר,,,פלפל שחור טחון 100גר,גרמים,100.00,100 גרם,false,,15.90,15.9000,true,1,52002
7290000134970,false,חוואייג 100גר,,,חוואייג 100גר,גרמים,100.00,100 גרם,false,,10.90,10.9000,true,1,51994
7290000134987,false,פלפל שחור גרוס 90גר,,,פלפל שחור גרוס 90גר,גרמים,90.00,100 גרם,false,,15.90,17.6667,true,1,52003
7290000134994,false,טימין 20גר,,,טימין 20גר,גרמים,20.00,100 גרם,false,,6.90,34.5000,true,1,41387
7290000135052,false,אקס אל טן מנגו 250 מ,,,אקס אל טן מנגו 250 מ,מטרים,250.00,100 מ'ל,false,,5.00,2.0000,true,1,106799
7290000135113,false,אקסל פחית טן ליים 25,,,אקסל פחית טן ליים 25,מיליליטרים,250.00,"100 מ""ל",false,,5.00,2.0000,true,1,112740
7290000136141,false,פפסי 1.5 ליטר,,,פפסי 1.5 ליטר,מיליליטרים,1500.00,"100 מ""ל",false,,7.90,0.5267,true,1,138259
7290000136158,false,פפסי מקס 1.5 ליטר,,,פפסי מקס 1.5 ליטר,מיליליטרים,1500.00,"100 מ""ל",false,,7.90,0.5267,true,1,138260
7290000136165,false,טמפו מירינדה 1.5 ליט,,,טמפו מירינדה 1.5 ליט,מיליליטרים,1500.00,"100 מ""ל",false,,7.90,0.5267,true,1,138257
7290000136240,false,סודה טמפו 1.5ליטר,,,סודה טמפו 1.5ליטר,מיליליטרים,1500.00,"100 מ""ל",false,,4.00,0.2667,true,1,138254
7290000136257,false,ראש&טוניק טמפו 1.5לי,,,ראש&טוניק טמפו 1.5לי,מיליליטרים,1500.00,"100 מ""ל",false,,13.00,0.8667,true,1,138247
7290000136264,false,מי טוניק טמפו 1.5ליט,,,מי טוניק טמפו 1.5ליט,מיליליטרים,1500.00,"100 מ""ל",false,,13.00,0.8667,true,1,138246
7290000136288,false,סירופ בטעם תפוחים ג',,,סירופ בטעם תפוחים ג',מיליליטרים,330.00,"100 מ""ל",false,,17.90,5.4242,true,1,141203
7290000136295,false,סירופ בטעם פטל ג'ויס,,,סירופ בטעם פטל ג'ויס,מיליליטרים,330.00,"100 מ""ל",false,,17.90,5.4242,true,1,141204
7290000136301,false,סירופ בטעם ענבים ג'ו,,,סירופ בטעם ענבים ג'ו,מיליליטרים,330.00,"100 מ""ל",false,,17.90,5.4242,true,1,141205
7290000136431,false,גאמפ אפרסק צלול 1.5ל,,,גאמפ אפרסק צלול 1.5ל,מיליליטרים,1500.00,"100 מ""ל",false,,8.90,0.5933,true,1,138255
7290000136486,false,גאמפ דיאט אשכוליות 1,,,גאמפ דיאט אשכוליות 1,מיליליטרים,1500.00,"100 מ""ל",false,,8.90,0.5933,true,1,138253
7290000136561,false,גאמפ תות בננה 1.5 לי,,,גאמפ תות בננה 1.5 לי,מיליליטרים,1500.00,"100 מ""ל",false,,8.90,0.5933,true,1,138251
7290000136585,false,גאמפ תפוזים 1.5 ליטר,,,גאמפ תפוזים 1.5 ליטר,מיליליטרים,1500.00,"100 מ""ל",false,,8.90,0.5933,true,1,138252
7290000136646,false,נשר מאלט 1.5ליטר תרי,,,נשר מאלט 1.5ליטר תרי,מיליליטרים,1500.00,"100 מ""ל",false,,11.90,0.7933,true,1,138244
7290000136653,false,נשר מאלט דיאט 1.5ליט,,,נשר מאלט דיאט 1.5ליט,מיליליטרים,1500.00,"100 מ""ל",false,,11.90,0.7933,true,1,138245
7290000136677,false,פפסי 1.5 ליטר,,,פפסי 1.5 ליטר,מיליליטרים,1500.00,"100 מ""ל",false,,7.90,0.5267,true,1,138873
7290000136684,false,פפסי מקס 1.5 ליטר,,,פפסי מקס 1.5 ליטר,מיליליטרים,1500.00,"100 מ""ל",false,,7.90,0.5267,true,1,138686
7290000136691,false,סבן אפ 6*1.5ליטר,,,סבן אפ 6*1.5ליטר,מיליליטרים,9000.00,"100 מ""ל",false,,37.90,0.4211,true,1,138238
7290000136752,false,דיאט סבן אפ פרי 6*1.,,,דיאט סבן אפ פרי 6*1.,מיליליטרים,9000.00,"100 מ""ל",false,,37.90,0.4211,true,1,138239
7290000136769,false,פפסי 6*1.5ליטר,,,פפסי 6*1.5ליטר,מיליליטרים,9000.00,"100 מ""ל",false,,37.90,0.4211,true,1,138241
7290000136776,false,פפסי מקס 6*1.5ליטר,,,פפסי מקס 6*1.5ליטר,מיליליטרים,9000.00,"100 מ""ל",false,,37.90,0.4211,true,1,138242
7290000136790,false,סודה טמפו 6* 1.5 ליט,,,סודה טמפו 6* 1.5 ליט,מיליליטרים,9000.00,"100 מ""ל",false,,18.90,0.2100,true,1,138231
7290000136844,false,מי אקווה נובה 2 ליטר,,,מי אקווה נובה 2 ליטר,מיליליטרים,12000.00,"100 מ""ל",false,,13.90,0.1158,true,1,138230
7290000136868,false,מים סאן בנדטו 6* 1.5,,,מים סאן בנדטו 6* 1.5,מיליליטרים,9000.00,"100 מ""ל",false,,21.90,0.2433,true,1,138232
7290000136875,false,מים סאן בנדטו מוגז 6,,,מים סאן בנדטו מוגז 6,מיליליטרים,9000.00,"100 מ""ל",false,,23.90,0.2656,true,1,138233
7290000136936,false,סבן אפ 1.5 ליטר דיאט,,,סבן אפ 1.5 ליטר דיאט,מיליליטרים,1500.00,"100 מ""ל",false,,7.90,0.5267,true,1,139197
7290000137513,false,קרמיסימו גלידונית שו,קריות זול,,קרמיסימו גלידונית שו,גרמים,630.00,100 גרם,false,,49.90,7.9206,true,1,30571
7290000139609,false,פצפוצי אורז טבעי 450,,,פצפוצי אורז טבעי 450,גרמים,450.00,100 גרם,false,,12.90,2.8667,true,1,49048
7290000143293,false,הוואי מרכך ילדים מתי,קריות זול,,הוואי מרכך ילדים מתי,מיליליטרים,700.00,"100 מ""ל",false,,13.90,1.9857,true,1,30059
7290000144160,false,שמן זית כתית מעולה א,,,שמן זית כתית מעולה א,מיליליטרים,750.00,"100 מ""ל",false,,34.90,4.6533,true,1,50923
7290000144467,false,שמן חמניות בריאות מה,קריות זול,,שמן חמניות בריאות מה,מיליליטרים,1000.00,"100 מ""ל",false,,17.90,1.7900,true,1,32778
7290000146669,false,הוואי סבון מוצק שמיי,קריות זול,,הוואי סבון מוצק שמיי,גרמים,400.00,100 גרם,false,,11.90,2.9750,true,1,30092
7290000146683,false,הוואי סבון מוצק אפקט,קריות זול,,הוואי סבון מוצק אפקט,גרמים,400.00,100 גרם,false,,11.90,2.9750,true,1,30094
7290000146997,false,טום וגרי משחת שיניים,,,טום וגרי משחת שיניים,מיליליטרים,50.00,"100 מ""ל",false,,10.90,21.8000,true,1,30105
7290000149615,false,נקה 7 סבון מוצק לתינ,,,נקה 7 סבון מוצק לתינ,גרמים,400.00,100 גרם,false,,11.90,2.9750,true,1,40027
7290000149905,false,טקסטיל שמפו 1ליטר,קריות זול,,טקסטיל שמפו 1ליטר,מיליליטרים,1000.00,"100 מ""ל",false,,14.90,1.4900,true,1,20648
7290000149943,false,טקסטיל שמפו שקית 1קג,קריות זול,,טקסטיל שמפו שקית 1קג,גרמים,1000.00,100 גרם,false,,14.90,1.4900,true,1,20649
7290000152288,false,נקניקיות עוף עוף טוב,,,נקניקיות עוף עוף טוב,גרמים,400.00,100 גרם,false,,15.60,3.9000,true,1,72524
7290000152943,false,סלמי+פסטרמה עוף טוב,,,סלמי+פסטרמה עוף טוב,גרמים,700.00,100 גרם,false,,30.90,4.4143,true,1,72520
7290000158105,false,שניצל מיני דינוזאור,,,שניצל מיני דינוזאור,גרמים,700.00,100 גרם,false,,39.90,5.7000,true,1,64880
7290000161358,false,מיונז אמיתי משמן קנו,קריות זול,,מיונז אמיתי משמן קנו,גרמים,500.00,100 גרם,false,,14.90,2.9800,true,1,26491
7290000169538,false,נמס בכוס קנור עגבניו,,,נמס בכוס קנור עגבניו,גרמים,62.00,100 גרם,false,,7.50,12.0968,true,1,69074
7290000169798,false,עוגי מופחת סוכר 500ג,,,עוגי מופחת סוכר 500ג,גרמים,500.00,100 גרם,false,,22.90,4.5800,true,1,69558
7290000174723,false,שוקולית עלית 500גר,קריות זול,,שוקולית עלית 500גר,גרמים,500.00,100 גרם,false,,12.90,2.5800,true,1,27177
7290000176062,false,קפה טורקי עלית 100גר,קריות זול,,קפה טורקי עלית 100גר,גרמים,100.00,100 גרם,false,,8.50,8.5000,true,1,30346
7290000176079,false,קפה טורקי עם הל עלית,קריות זול,,קפה טורקי עם הל עלית,גרמים,100.00,100 גרם,false,,9.90,9.9000,true,1,30347
7290000176420,false,קפה נמס עלית 200גר,קריות זול,,קפה נמס עלית 200גר,גרמים,200.00,100 גרם,false,,19.90,9.9500,true,1,27187
7290000176475,false,האג קפה נטול קפאין 2,קריות זול,,האג קפה נטול קפאין 2,גרמים,200.00,100 גרם,false,,37.90,18.9500,true,1,34834
7290000178707,false,תפוציפס טבעי 50גר,קריות זול,,תפוציפס טבעי 50גר,גרמים,50.00,100 גרם,false,,4.20,8.4000,true,1,27040
7290000178721,false,תפוציפס טבעי 200גר,,,תפוציפס טבעי 200גר,גרמים,200.00,100 גרם,false,,11.70,5.8500,true,1,27042
7290000185330,false,סילאן טבעי 900 גרם,,,סילאן טבעי 900 גרם,גרמים,900.00,100 גרם,false,,23.90,2.6556,true,1,141181
7290000186535,false,לילי טריו לבן נייר ט,,,לילי טריו לבן נייר ט,יחידה,0.00,יחידה,false,,49.90,0.0000,true,1,71836
7290000187952,false,לילי טריו נייר טאולט,,,לילי טריו נייר טאולט,יחידה,0.00,יחידה,false,,49.90,0.0000,true,1,44495
7290000188355,false,מגבות מטבח שישייה ני,,,מגבות מטבח שישייה ני,יחידה,0.00,יחידה,false,,12.90,0.0000,true,1,44313
7290000189192,false,סופר מגבת רב פעמית נ,,,סופר מגבת רב פעמית נ,100 יח',11.00,100 יח',false,,22.90,208.1818,true,1,23140
7290000189215,false,מטלית הקסם לרצפה ניק,קריות זול,,מטלית הקסם לרצפה ניק,יחידה,0.00,יחידה,false,,13.90,0.0000,true,1,23142
7290000189550,false,אשפתון זוג ענק 20 מת,קריות זול,,אשפתון זוג ענק 20 מת,יח',20.00,יח',false,,25.90,1.2950,true,1,23143
7290000189598,false,מטליות לחות לניקוי כ,,,מטליות לחות לניקוי כ,יח',50.00,יח',false,,10.90,0.2180,true,1,47765
7290000189871,false,אשפתון 60 שקיות מתכל,,,אשפתון 60 שקיות מתכל,יח',60.00,יח',false,,25.90,0.4317,true,1,48881
7290000190136,false,חלה מתוקה ברמן,,,חלה מתוקה ברמן,גרמים,500.00,100 גרם,false,,8.90,1.7800,true,1,47090
7290000190198,false,מטליות לחות לניקוי ש,,,מטליות לחות לניקוי ש,יחידה,0.00,יחידה,false,,10.90,0.0000,true,1,69796
7290000190853,false,לילי לבן נייר טואלט,,,לילי לבן נייר טואלט,יחידה,0.00,יחידה,false,,39.90,0.0000,true,1,76287
7290000191539,false,לילי צבעוני חמישיה 5,קריות זול,,לילי צבעוני חמישיה 5,גרמים,593.00,100 גרם,false,,17.90,3.0185,true,1,48872
7290000191652,false,קלינקס קלאסיק ניילון,,,קלינקס קלאסיק ניילון,יחידה,0.00,יחידה,false,,11.90,0.0000,true,1,65689
7290000192581,false,מגבות נייר ניקול שיש,,,מגבות נייר ניקול שיש,יחידה,0.00,יחידה,false,,21.90,0.0000,true,1,126942
7290000193472,false,לילי מגני תחתון נטור,קריות זול,,לילי מגני תחתון נטור,יח',60.00,יח',false,,15.90,0.2650,true,1,22813
7290000193618,false,לילי מגני תחתון נטור,קריות זול,,לילי מגני תחתון נטור,יח',62.00,יח',false,,15.90,0.2565,true,1,22814
7290000193649,false,לילי תחבושות נורמל א,קריות זול,,לילי תחבושות נורמל א,יחידה,0.00,יחידה,false,,15.90,0.0000,true,1,23156
7290000194172,false,חטיפי ממתקים ללא סוכ,,,חטיפי ממתקים ללא סוכ,יחידה,0.00,יחידה,false,,14.50,0.0000,true,1,56039
7290000195216,false,נייר אפיה 50יח ניקול,,,נייר אפיה 50יח ניקול,יח',50.00,יח',false,,12.90,0.2580,true,1,70904
7290000196039,false,מפות שולחן זוג ניקול,קריות זול,,מפות שולחן זוג ניקול,גרמים,250.00,100 גרם,false,,9.90,3.9600,true,1,23167
7290000196763,false,השקית החזקה ניקול,,,השקית החזקה ניקול,יחידה,0.00,יחידה,false,,25.90,0.0000,true,1,92275
7290000197012,false,ניקול שקיות ניילון ר,קריות זול,,ניקול שקיות ניילון ר,יחידה,0.00,יחידה,false,,12.90,0.0000,true,1,43471
7290000197029,false,ניקול שקיות ניילון ר,קריות זול,,ניקול שקיות ניילון ר,יחידה,0.00,יחידה,false,,12.90,0.0000,true,1,43472
7290000197081,false,ניילון נצמד 150 מטר,,,ניילון נצמד 150 מטר,יחידה,150.00,יחידה,false,,27.90,0.1860,true,1,48337
7290000197340,false,ניקול רדיד אלומיניום,קריות זול,,ניקול רדיד אלומיניום,מטרים,15.00,מטר,false,,16.90,1.1267,true,1,34860
7290000197432,false,ניקול שקיות אוכל זוג,קריות זול,,ניקול שקיות אוכל זוג,גרמים,150.00,100 גרם,false,,13.90,9.2667,true,1,23170
7290000197456,false,האגיס פרידום דריי של,,,האגיס פרידום דריי של,יחידה,0.00,יחידה,false,,48.90,0.0000,true,1,74034
7290000197463,false,האגיס פרידום דריי של,,,האגיס פרידום דריי של,יחידה,0.00,יחידה,false,,48.90,0.0000,true,1,74035
7290000197548,false,האגיס פרידום דריי של,,,האגיס פרידום דריי של,יחידה,0.00,יחידה,false,,48.90,0.0000,true,1,74036
7290000197654,false,אשפתון שקיות אשפה ענ,קריות זול,,אשפתון שקיות אשפה ענ,יח',50.00,יח',false,,19.90,0.3980,true,1,23174
7290000197678,false,האגיס פרידום דריי של,,,האגיס פרידום דריי של,יחידה,0.00,יחידה,false,,48.90,0.0000,true,1,74037
7290000197982,false,ניקול רדיד אלומיניום,,,ניקול רדיד אלומיניום,מטרים,15.00,מטר,false,,19.90,1.3267,true,1,34872
7290000200019,false,עוף שלם טרי ארוז,,,עוף שלם טרי ארוז,קילוגרמים,1.00,"ק""ג",true,,20.90,20.9000,true,1,90741
7290000200026,false,חזה עוף טרי ארוז,,,חזה עוף טרי ארוז,קילוגרמים,1.00,"ק""ג",true,,39.90,39.9000,true,1,90742
7290000200033,false,כרעיים עוף טרי ארוז,,,כרעיים עוף טרי ארוז,קילוגרמים,1.00,"ק""ג",true,,29.90,29.9000,true,1,90743
7290000200040,false,שוקיים עוף טרי ארוז,,,שוקיים עוף טרי ארוז,קילוגרמים,1.00,"ק""ג",true,,37.90,37.9000,true,1,90744
7290000200057,false,שניצל עוף טרי ארוז,,,שניצל עוף טרי ארוז,קילוגרמים,1.00,"ק""ג",true,,44.90,44.9000,true,1,90745
7290000200064,false,כנפיים עוף טרי ארוז,,,כנפיים עוף טרי ארוז,קילוגרמים,1.00,"ק""ג",true,,12.90,12.9000,true,1,90746
7290000200088,false,פרגיות טרי ארוז,,,פרגיות טרי ארוז,קילוגרמים,1.00,"ק""ג",true,,69.90,69.9000,true,1,90748
7290000200095,false,כבד עוף טרי ארוז לצל,,,כבד עוף טרי ארוז לצל,קילוגרמים,1.00,"ק""ג",true,,24.90,24.9000,true,1,90749
7290000200101,false,קורקבן עוף טרי ארוז,,,קורקבן עוף טרי ארוז,קילוגרמים,1.00,"ק""ג",true,,10.90,10.9000,true,1,90750
7290000200125,false,לב עוף טרי ארוז,,,לב עוף טרי ארוז,קילוגרמים,1.00,"ק""ג",true,,34.90,34.9000,true,1,90751
7290000200149,false,פילה עוף טרי ארוז,,,פילה עוף טרי ארוז,קילוגרמים,1.00,"ק""ג",true,,39.90,39.9000,true,1,90753
7290000200156,false,חזה הודו טרי ארוז,,,חזה הודו טרי ארוז,קילוגרמים,1.00,"ק""ג",true,,35.90,35.9000,true,1,90777
7290000200163,false,שוקיים הודו טרי ארוז,,,שוקיים הודו טרי ארוז,קילוגרמים,1.00,"ק""ג",true,,31.90,31.9000,true,1,90754
7290000200170,false,שווארמה הודו טרי ארו,,,שווארמה הודו טרי ארו,קילוגרמים,1.00,"ק""ג",true,,74.90,74.9000,true,1,90755
7290000200187,false,בשר אדום הודו טרי אר,,,בשר אדום הודו טרי אר,קילוגרמים,1.00,"ק""ג",true,,57.90,57.9000,true,1,90756
7290000200194,false,כנפיים הודו טרי ארוז,,,כנפיים הודו טרי ארוז,קילוגרמים,1.00,"ק""ג",true,,17.90,17.9000,true,1,90757
7290000200224,false,גרון הודו טרי ארוז,,,גרון הודו טרי ארוז,קילוגרמים,1.00,"ק""ג",true,,31.90,31.9000,true,1,90760
7290000200255,false,שישליק הודו טרי ארוז,,,שישליק הודו טרי ארוז,קילוגרמים,1.00,"ק""ג",true,,49.90,49.9000,true,1,90763
7290000204086,false,כרית קרצוף ניקול 3 י,קריות זול,,כרית קרצוף ניקול 3 י,יחידה,0.00,יחידה,false,,12.90,0.0000,true,1,23178
7290000204215,false,כריות יפניות ניקול 6,קריות זול,,כריות יפניות ניקול 6,יח',4.00,יח',false,,12.90,3.2250,true,1,34876
7290000204307,false,מטליות רב שימושיות ב,,,מטליות רב שימושיות ב,יח',40.00,יח',false,,19.90,0.4975,true,1,47760
7290000204512,false,מטליות לחות לרצפה בר,,,מטליות לחות לרצפה בר,יחידה,0.00,יחידה,false,,11.90,0.0000,true,1,92296
7290000205915,false,האגיס אקסטרא קייר מי,,,האגיס אקסטרא קייר מי,יחידה,0.00,יחידה,false,,49.90,0.0000,true,1,105403
7290000207063,false,רסק עגבניות פריכוז 2,,,רסק עגבניות פריכוז 2,גרמים,260.00,100 גרם,false,,4.90,1.8846,true,1,22282
7290000207162,false,רוטב עגבניות 22% 100,קריות זול,,רוטב עגבניות 22% 100,גרמים,100.00,100 גרם,false,,2.50,2.5000,true,1,22284
7290000207438,false,עגבניות קוביות 800גר,,,עגבניות קוביות 800גר,גרמים,800.00,100 גרם,false,,9.90,1.2375,true,1,22285
7290000208077,false,אפונה גדולה יכין 550,קריות זול,,אפונה גדולה יכין 550,גרמים,550.00,100 גרם,false,,9.50,1.7273,true,1,22290
7290000208114,false,אפונה וגזר יכין 550ג,,,אפונה וגזר יכין 550ג,גרמים,550.00,100 גרם,false,,9.50,1.7273,true,1,22291
7290000208138,false,סירופ דייאט ענבים יכ,,,סירופ דייאט ענבים יכ,מיליליטרים,1000.00,"100 מ""ל",false,,16.90,1.6900,true,1,22293
7290000208145,false,תירס לייט יכין 550גר,קריות זול,,תירס לייט יכין 550גר,גרמים,550.00,100 גרם,false,,10.90,1.9818,true,1,22294
7290000208176,false,"תפו""א קלופים יכין 55",קריות זול,,"תפו""א קלופים יכין 55",גרמים,550.00,100 גרם,false,,9.90,1.8000,true,1,57106
7290000208213,false,שעועית לבנה ברוטב עג,קריות זול,,שעועית לבנה ברוטב עג,גרמים,580.00,100 גרם,false,,9.90,1.7069,true,1,22297
7290000208220,false,שעועית צילי יכין 550,קריות זול,,שעועית צילי יכין 550,גרמים,550.00,100 גרם,false,,9.90,1.8000,true,1,22298
7290000208251,false,שעועית ירוקה חתוכה י,קריות זול,,שעועית ירוקה חתוכה י,גרמים,550.00,100 גרם,false,,9.90,1.8000,true,1,22301
7290000208312,false,תירס מתוק ואקום יכין,קריות זול,,תירס מתוק ואקום יכין,גרמים,400.00,100 גרם,false,,7.90,1.9750,true,1,21940
7290000208329,false,תירס מתוק יכין 550גר,קריות זול,,תירס מתוק יכין 550גר,גרמים,550.00,100 גרם,false,,9.50,1.7273,true,1,22303
7290000208336,false,רוטב עגבניות יכין 22,קריות זול,,רוטב עגבניות יכין 22,גרמים,240.00,100 גרם,false,,4.90,2.0417,true,1,22304
7290000208343,false,עגבניות מרוסקות עם ש,,,עגבניות מרוסקות עם ש,גרמים,800.00,100 גרם,false,,9.90,1.2375,true,1,40532
7290000208367,false,עגבניות מרוסקות בתוס,,,עגבניות מרוסקות בתוס,גרמים,800.00,100 גרם,false,,9.90,1.2375,true,1,39505
7290000208404,false,פול מצרי יכין 550גר,קריות זול,,פול מצרי יכין 550גר,גרמים,550.00,100 גרם,false,,9.90,1.8000,true,1,22305
7290000208428,false,חומוס שלם יכין 550גר,קריות זול,,חומוס שלם יכין 550גר,גרמים,550.00,100 גרם,false,,9.90,1.8000,true,1,22306
7290000208534,false,תירס קיד יכין 550גר,קריות זול,,תירס קיד יכין 550גר,גרמים,550.00,100 גרם,false,,10.90,1.9818,true,1,21941
7290000208855,false,רוטב לפסטה קלאסי יכי,קריות זול,,רוטב לפסטה קלאסי יכי,גרמים,240.00,100 גרם,false,,6.90,2.8750,true,1,22317
7290000208893,false,תירס לייט ואקום 340,קריות זול,,תירס לייט ואקום 340,גרמים,340.00,100 גרם,false,,7.90,2.3235,true,1,34882
7290000208930,false,עגבניות מרוסקות ושום,,,עגבניות מרוסקות ושום,גרמים,240.00,100 גרם,false,,6.90,2.8750,true,1,22319
7290000208947,false,עגבניות מרוסקות יכין,,,עגבניות מרוסקות יכין,גרמים,240.00,100 גרם,false,,6.90,2.8750,true,1,22320
7290000208978,false,רסק עגבניות פריכוז %,,,רסק עגבניות פריכוז %,גרמים,100.00,100 גרם,false,,2.90,2.9000,true,1,43601
7290000209012,false,חומץ הדרים יכין 1 לי,קריות זול,,חומץ הדרים יכין 1 לי,מיליליטרים,1000.00,"100 מ""ל",false,,5.90,0.5900,true,1,22323
7290000209043,false,מיץ לימון משומר 1ל,,,מיץ לימון משומר 1ל,מיליליטרים,1000.00,"100 מ""ל",false,,5.90,0.5900,true,1,22324
7290000209173,false,חומץ סינטטי יכין 1 ל,,,חומץ סינטטי יכין 1 ל,מיליליטרים,1000.00,"100 מ""ל",false,,6.90,0.6900,true,1,22326
7290000209371,false,תירס יכין שלישייה 3*,,,תירס יכין שלישייה 3*,גרמים,495.00,100 גרם,false,,15.90,3.2121,true,1,72777
7290000209388,false,תירס ליייט שלישייה 3,,,תירס ליייט שלישייה 3,גרמים,495.00,100 גרם,false,,15.90,3.2121,true,1,72778
7290000209517,false,סירופ דייאט לימון יכ,,,סירופ דייאט לימון יכ,מיליליטרים,1000.00,"100 מ""ל",false,,16.90,1.6900,true,1,22335
7290000209524,false,סירופ דיאט פטל יכין,,,סירופ דיאט פטל יכין,מיליליטרים,1000.00,"100 מ""ל",false,,16.90,1.6900,true,1,22336
7290000209531,false,סירופ דייאט אשכוליות,,,סירופ דייאט אשכוליות,מיליליטרים,1000.00,"100 מ""ל",false,,16.90,1.6900,true,1,22337
7290000209555,false,"סירופ דייאט תפוח""ע י",,,"סירופ דייאט תפוח""ע י",מיליליטרים,1000.00,"100 מ""ל",false,,16.90,1.6900,true,1,22338
7290000209579,false,סירופ דייאט אננס יכי,,,סירופ דייאט אננס יכי,מיליליטרים,1000.00,"100 מ""ל",false,,16.90,1.6900,true,1,22340
7290000209708,false,עגבניות מרוסקות בזיל,,,עגבניות מרוסקות בזיל,גרמים,240.00,100 גרם,false,,6.90,2.8750,true,1,22341
7290000209722,false,רסק עגבניות פריכוז 2,,,רסק עגבניות פריכוז 2,גרמים,580.00,100 גרם,false,,10.90,1.8793,true,1,22342
7290000209906,false,עגבניות מרוסקות בצל,,,עגבניות מרוסקות בצל,גרמים,240.00,100 גרם,false,,6.90,2.8750,true,1,45425
7290000209913,false,עגבניות קוביות יכין,,,עגבניות קוביות יכין,גרמים,240.00,100 גרם,false,,6.90,2.8750,true,1,46787
7290000209944,false,רוטב שקשוקה יכין 240,,,רוטב שקשוקה יכין 240,גרמים,240.00,100 גרם,false,,6.90,2.8750,true,1,48658
7290000209951,false,רוטב פיצה יכין 240 ג,,,רוטב פיצה יכין 240 ג,גרמים,240.00,100 גרם,false,,6.90,2.8750,true,1,47358
7290000209968,false,רוטב לזניה יכין 240,,,רוטב לזניה יכין 240,גרמים,240.00,100 גרם,false,,6.90,2.8750,true,1,48659
7290000210469,false,עגבניות שלמות יכין 7,,,עגבניות שלמות יכין 7,גרמים,700.00,100 גרם,false,,9.90,1.4143,true,1,48642
7290000210896,false,רוטב בולונז יכין 240,,,רוטב בולונז יכין 240,גרמים,240.00,100 גרם,false,,6.90,2.8750,true,1,51749
7290000211169,false,אורז תאילנדי סוגת 1ק,קריות זול,,אורז תאילנדי סוגת 1ק,גרמים,1000.00,100 גרם,false,,8.90,0.8900,true,1,32153
7290000211312,false,אורז מלא פרסי סוגת 1,קריות זול,,אורז מלא פרסי סוגת 1,גרמים,1000.00,100 גרם,false,,10.90,1.0900,true,1,32784
7290000211381,false,סוכר חום כהה בשקית ס,קריות זול,,סוכר חום כהה בשקית ס,גרמים,1000.00,100 גרם,false,,10.90,1.0900,true,1,32155
7290000211442,false,אורז פרסי קלאסי שקית,קריות זול,,אורז פרסי קלאסי שקית,גרמים,1000.00,100 גרם,false,,10.90,1.0900,true,1,32156
7290000211503,false,"סוכר סוגת 1 ק""ג",,,"סוכר סוגת 1 ק""ג",גרמים,1000.00,100 גרם,false,,4.50,0.4500,true,1,32157
7290000211626,false,אורז חיש סוגת 1קג,קריות זול,,אורז חיש סוגת 1קג,גרמים,1000.00,100 גרם,false,,10.90,1.0900,true,1,32159
7290000211985,false,אורז עגול סוגת 1קג,קריות זול,,אורז עגול סוגת 1קג,גרמים,1000.00,100 גרם,false,,10.90,1.0900,true,1,32161
7290000212401,false,וופל מצופית מנעמים 4,קריות זול,,וופל מצופית מנעמים 4,גרמים,400.00,100 גרם,false,,10.90,2.7250,true,1,25328
7290000214115,false,מרק עוף ויטה 400 גר,קריות זול,,מרק עוף ויטה 400 גר,גרמים,400.00,100 גרם,false,,10.90,2.7250,true,1,27619
7290000226569,false,עוגת טורט קצפת שוקול,,,עוגת טורט קצפת שוקול,גרמים,1000.00,100 גרם,false,,65.90,6.5900,true,1,39120
7290000226613,false,עוגת דובוש מצופה בטע,,,עוגת דובוש מצופה בטע,גרמים,450.00,100 גרם,false,,42.90,9.5333,true,1,39129
7290000238029,false,*מבצע* בצק עלים מרוד,קריות זול,,*מבצע* בצק עלים מרוד,גרמים,1000.00,100 גרם,false,,16.90,1.6900,true,1,28810
7290000238036,false,מלווח מעדנות קופסא 7,קריות זול,,מלווח מעדנות קופסא 7,גרמים,700.00,100 גרם,false,,16.90,2.4143,true,1,29117
7290000238173,false,בורקס גבינה מעדנות 8,קריות זול,,בורקס גבינה מעדנות 8,גרמים,800.00,100 גרם,false,,21.90,2.7375,true,1,28811
7290000238180,false,"בורקס תפו""א מעדנות 8",קריות זול,,"בורקס תפו""א מעדנות 8",גרמים,800.00,100 גרם,false,,19.90,2.4875,true,1,28812
7290000240541,false,ריבועי בצק בורקס מעד,קריות זול,,ריבועי בצק בורקס מעד,גרמים,800.00,100 גרם,false,,24.90,3.1125,true,1,29119
7290000243566,false,שמן קנולה בריאות עץ,,,שמן קנולה בריאות עץ,מיליליטרים,750.00,"100 מ""ל",false,,13.90,1.8533,true,1,65079
7290000244051,false,הוואי אל סבון טרופי,קריות זול,,הוואי אל סבון טרופי,מיליליטרים,1500.00,"100 מ""ל",false,,16.90,1.1267,true,1,34909
7290000244082,false,הוואי אל סבון כחול ש,קריות זול,,הוואי אל סבון כחול ש,מיליליטרים,1500.00,"100 מ""ל",false,,16.90,1.1267,true,1,34911
7290000244143,false,הוואי קרם לאחר גילוח,,,הוואי קרם לאחר גילוח,גרמים,120.00,100 גרם,false,,24.90,20.7500,true,1,39266
7290000244761,false,ולוטה קרם ידיים 80מל,קריות זול,,ולוטה קרם ידיים 80מל,מיליליטרים,100.00,"100 מ""ל",false,,13.90,13.9000,true,1,30117
7290000245072,false,סוד מרכך כביסה בייבי,קריות זול,,סוד מרכך כביסה בייבי,ליטרים,4.00,ליטר,false,,17.90,4.4750,true,1,30120
7290000245089,false,סוד מרכך כביסה הניצן,קריות זול,,סוד מרכך כביסה הניצן,ליטרים,4.00,ליטר,false,,17.90,4.4750,true,1,30121
7290000245270,false,פרסיל סופרא שקית אבק,קריות זול,,פרסיל סופרא שקית אבק,קילוגרמים,1.25,"ק""ג",false,,14.90,11.9200,true,1,30128
7290000245287,false,פרסיל קולור שקית אבק,קריות זול,,פרסיל קולור שקית אבק,קילוגרמים,1.25,"ק""ג",false,,14.90,11.9200,true,1,30129
7290000245294,false,פרסיל אבקת כביסה סופ,,,פרסיל אבקת כביסה סופ,קילוגרמים,2.50,"ק""ג",false,,24.90,9.9600,true,1,62637
7290000245508,false,סוד פרפקט אבקת כביסה,קריות זול,,סוד פרפקט אבקת כביסה,קילוגרמים,1.25,"ק""ג",false,,13.90,11.1200,true,1,30132
7290000245515,false,סוד קומפורט פרפיום א,קריות זול,,סוד קומפורט פרפיום א,קילוגרמים,1.25,"ק""ג",false,,13.90,11.1200,true,1,30133
7290000245782,false,סוד מרכך כביסה ורדי,קריות זול,,סוד מרכך כביסה ורדי,ליטרים,4.00,ליטר,false,,17.90,4.4750,true,1,30142
7290000253220,false,שוקולד ציפס 300גר,,,שוקולד ציפס 300גר,גרמים,300.00,100 גרם,false,,14.90,4.9667,true,1,22401
7290000253251,false,שוקולד ציפס לבן  250,,,שוקולד ציפס לבן  250,גרמים,250.00,100 גרם,false,,14.90,5.9600,true,1,22402
7290000262031,false,מולט לב נייר טואלט 3,,,מולט לב נייר טואלט 3,גרמים,1850.00,100 גרם,false,,31.90,1.7243,true,1,49298
7290000267029,false,שקדים חצויים 100גרם,,,שקדים חצויים 100גרם,גרמים,100.00,100 גרם,false,,10.90,10.9000,true,1,55122
7290000267036,false,שקדים מולבנים שבבים,קריות זול,,שקדים מולבנים שבבים,גרמים,100.00,100 גרם,false,,10.90,10.9000,true,1,31066
7290000267043,false,שקד פרוס השף 100גר,קריות זול,,שקד פרוס השף 100גר,גרמים,100.00,100 גרם,false,,10.90,10.9000,true,1,55123
7290000267050,false,שקד טחון השף 100 גר,,,שקד טחון השף 100 גר,גרמים,100.00,100 גרם,false,,10.90,10.9000,true,1,55124
7290000267104,false,שקדים גרוסים טבעי 10,,,שקדים גרוסים טבעי 10,גרמים,100.00,100 גרם,false,,10.90,10.9000,true,1,55125
7290000267548,false,אגוזי מלך גרוסים השף,,,אגוזי מלך גרוסים השף,גרמים,100.00,100 גרם,false,,13.90,13.9000,true,1,66960
7290000267586,false,גרעייני חמניה קלופים,,,גרעייני חמניה קלופים,גרמים,150.00,100 גרם,false,,5.90,3.9333,true,1,68491
7290000267678,false,גרעיני דלעת טבעי קלו,,,גרעיני דלעת טבעי קלו,גרמים,150.00,100 גרם,false,,7.90,5.2667,true,1,68492
7290000272696,false,מיץ לימון טבעי משומר,קריות זול,,מיץ לימון טבעי משומר,מיליליטרים,1000.00,"100 מ""ל",false,,12.90,1.2900,true,1,23782
7290000272726,false,חומץ טבעי 5% עסיס 1,קריות זול,,חומץ טבעי 5% עסיס 1,מיליליטרים,1000.00,"100 מ""ל",false,,8.90,0.8900,true,1,23784
7290000286228,false,סנו סושי ספוגיות לני,קריות זול,,סנו סושי ספוגיות לני,יחידה,0.00,יחידה,false,,11.90,0.0000,true,1,26894
7290000286549,false,מטליות לכל סנו סושי,קריות זול,,מטליות לכל סנו סושי,יח',9.00,יח',false,,11.90,1.3222,true,1,25636
7290000286631,false,סנו X אבקה לניקוי לי,קריות זול,,סנו X אבקה לניקוי לי,גרמים,600.00,100 גרם,false,,8.90,1.4833,true,1,25639
7290000286921,false,סנוקל רסס כבס להסרת,,,סנוקל רסס כבס להסרת,מיליליטרים,750.00,"100 מ""ל",false,,17.90,2.3867,true,1,39317
7290000286945,false,סנו רהיט מרסס 500מל,קריות זול,,סנו רהיט מרסס 500מל,מיליליטרים,500.00,"100 מ""ל",false,,27.90,5.5800,true,1,25644
7290000287102,false,סנו שמפו שטיחים 540מ,קריות זול,,סנו שמפו שטיחים 540מ,מיליליטרים,540.00,"100 מ""ל",false,,22.90,4.2407,true,1,25648
7290000287195,false,סנו רהיט מבריק רהיטי,קריות זול,,סנו רהיט מבריק רהיטי,מיליליטרים,300.00,"100 מ""ל",false,,16.90,5.6333,true,1,25650
7290000287430,false,סנובון שלישיה צבעוני,קריות זול,,סנובון שלישיה צבעוני,גרמים,165.00,100 גרם,false,,13.90,8.4242,true,1,25654
7290000287492,false,סנובון נוזלי לימון 7,קריות זול,,סנובון נוזלי לימון 7,מיליליטרים,750.00,"100 מ""ל",false,,10.90,1.4533,true,1,25656
7290000288024,false,אקונומיקה סנו ז'אוול,קריות זול,,אקונומיקה סנו ז'אוול,ליטרים,4.00,ליטר,false,,17.90,4.4750,true,1,25661
7290000288048,false,סנו ז'אוול מרסס מונט,קריות זול,,סנו ז'אוול מרסס מונט,מיליליטרים,1000.00,"100 מ""ל",false,,19.90,1.9900,true,1,25663
7290000288086,false,סנו ז'אוול אבקת לניק,קריות זול,,סנו ז'אוול אבקת לניק,גרמים,600.00,100 גרם,false,,10.90,1.8167,true,1,25666
7290000288109,false,סנו מקסימה אבקת כביס,קריות זול,,סנו מקסימה אבקת כביס,קילוגרמים,1.25,"ק""ג",false,,14.90,11.9200,true,1,25667
7290000288352,false,מדביר K - 300,קריות זול,,מדביר K - 300,100 יח',630.00,100 יח',false,,24.90,3.9524,true,1,25671
7290000288413,false,סנו די רולאון דוחה י,קריות זול,,סנו די רולאון דוחה י,מיליליטרים,50.00,"100 מ""ל",false,,23.90,47.8000,true,1,25674
7290000288642,false,סנו מקסימה מרכך כביס,קריות זול,,סנו מקסימה מרכך כביס,ליטרים,4.00,ליטר,false,,23.90,5.9750,true,1,25679
7290000288727,false,סנו מקסימה מאסק אבקת,קריות זול,,סנו מקסימה מאסק אבקת,קילוגרמים,1.25,"ק""ג",false,,14.90,11.9200,true,1,25680
7290000289069,false,סנו ז'אוול מרסס לימו,קריות זול,,סנו ז'אוול מרסס לימו,מיליליטרים,1000.00,"100 מ""ל",false,,19.90,1.9900,true,1,25683
7290000289496,false,סנו ז'אוול ג'ל קרם מ,קריות זול,,סנו ז'אוול ג'ל קרם מ,מיליליטרים,750.00,"100 מ""ל",false,,13.90,1.8533,true,1,25693
7290000289595,false,אורביטול משחת שיניים,,,אורביטול משחת שיניים,גרמים,145.00,100 גרם,false,,9.90,6.8276,true,1,79566
7290000289748,false,סנו פורטה פלוס לתנור,קריות זול,,סנו פורטה פלוס לתנור,מיליליטרים,750.00,"100 מ""ל",false,,15.90,2.1200,true,1,25696
7290000292007,false,סנו קיי קוטל חרקים K,,,סנו קיי קוטל חרקים K,יחידה,0.00,יחידה,false,,55.90,0.0000,true,1,112637
7290000292137,false,סנו לניקוי עור 500מל,קריות זול,,סנו לניקוי עור 500מל,מיליליטרים,500.00,"100 מ""ל",false,,29.90,5.9800,true,1,25708
7290000292311,false,פוליויקס סחלבים 2ליט,קריות זול,,פוליויקס סחלבים 2ליט,ליטרים,2.00,ליטר,false,,23.90,11.9500,true,1,25713
7290000292564,false,K 2000 סנו ללא ריח,קריות זול,,K 2000 סנו ללא ריח,יחידה,750.00,יחידה,false,,32.90,0.0439,true,1,25720
7290000292687,false,סנובון לאסלה כחול של,קריות זול,,סנובון לאסלה כחול של,גרמים,165.00,100 גרם,false,,17.90,10.8485,true,1,25721
7290000293073,false,סנו מקסימה מרכך כביס,קריות זול,,סנו מקסימה מרכך כביס,ליטרים,4.00,ליטר,false,,23.90,5.9750,true,1,25727
7290000293530,false,סופג לחות שקית מילוי,קריות זול,,סופג לחות שקית מילוי,גרמים,340.00,100 גרם,false,,14.90,4.3824,true,1,26898
7290000293561,false,סנו מסיר עובש 750מל,קריות זול,,סנו מסיר עובש 750מל,מיליליטרים,750.00,"100 מ""ל",false,,16.90,2.2533,true,1,25730
7290000293820,false,קרמה מן ג'ל רחצה אקט,,,קרמה מן ג'ל רחצה אקט,מיליליטרים,700.00,"100 מ""ל",false,,17.90,2.5571,true,1,97554
7290000294780,false,אקונומיקה סנו ז'אוול,קריות זול,,אקונומיקה סנו ז'אוול,ליטרים,4.00,ליטר,false,,17.90,4.4750,true,1,31733
7290000295299,false,סנו סושי כריות יפניו,קריות זול,,סנו סושי כריות יפניו,יח',4.00,יח',false,,11.90,2.9750,true,1,25741
7290000295343,false,סנו מקסימה ביו אבקת,קריות זול,,סנו מקסימה ביו אבקת,קילוגרמים,1.25,"ק""ג",false,,14.90,11.9200,true,1,25744
7290000295367,false,"אבקת מקסימה 2.5 ק""ג",קריות זול,,"אבקת מקסימה 2.5 ק""ג",קילוגרמים,2.50,"ק""ג",false,,25.90,10.3600,true,1,79591
7290000295404,false,שקיות אשפה 60 יח סנו,קריות זול,,שקיות אשפה 60 יח סנו,יח',60.00,יח',false,,25.90,0.4317,true,1,26900
7290000295558,false,סנו סושי צמד רדידי א,קריות זול,,סנו סושי צמד רדידי א,מטרים,0.30,מטר,false,,10.90,36.3333,true,1,25751
7290000295794,false,ספוגית מתכת סנו סושי,,,ספוגית מתכת סנו סושי,יחידה,0.00,יחידה,false,,10.90,0.0000,true,1,105293
7290000300016,false,פילה נסיכת הנילוס טר,,,פילה נסיכת הנילוס טר,קילוגרמים,1.00,"ק""ג",true,,69.90,69.9000,true,1,90832
7290000300108,false,דג בס טרי,,,דג בס טרי,קילוגרמים,1.00,"ק""ג",true,,49.90,49.9000,true,1,90841
7290000300900,false,שניצל תירס טבעול 750,קריות זול,,שניצל תירס טבעול 750,גרמים,750.00,100 גרם,false,,28.90,3.8533,true,1,23797
7290000301910,false,לב עוף טרי ארוז,,,לב עוף טרי ארוז,קילוגרמים,1.00,"ק""ג",true,,34.90,34.9000,true,1,106767
7290000301920,false,כבד עוף טרי ארוז לצל,,,כבד עוף טרי ארוז לצל,קילוגרמים,1.00,"ק""ג",true,,24.90,24.9000,true,1,106768
7290000303581,false,פול מיצרי 560גר,קריות זול,,פול מיצרי 560גר,גרמים,560.00,100 גרם,false,,8.90,1.5893,true,1,27666
7290000303598,false,שעועית אפוייה 550גר,קריות זול,,שעועית אפוייה 550גר,גרמים,550.00,100 גרם,false,,8.90,1.6182,true,1,27667
7290000303604,false,חומוס גרגירים 550גר,קריות זול,,חומוס גרגירים 550גר,גרמים,550.00,100 גרם,false,,8.90,1.6182,true,1,27668
7290000307015,false,אפונת גינה גדולה 550,קריות זול,,אפונת גינה גדולה 550,גרמים,550.00,100 גרם,false,,8.90,1.6182,true,1,27669
7290000307046,false,אפונה וגזר 550גר,קריות זול,,אפונה וגזר 550גר,גרמים,550.00,100 גרם,false,,8.90,1.6182,true,1,27670
7290000307220,false,תירס מתוק ואקום 340ג,קריות זול,,תירס מתוק ואקום 340ג,גרמים,340.00,100 גרם,false,,6.90,2.0294,true,1,27671
7290000307237,false,תירס גרעינים 550 גר,קריות זול,,תירס גרעינים 550 גר,גרמים,550.00,100 גרם,false,,8.90,1.6182,true,1,27672
7290000307800,false,פול ירוק 800גר,קריות זול,,פול ירוק 800גר,גרמים,800.00,100 גרם,false,,10.90,1.3625,true,1,27679
7290000307985,false,תירס ללא תוספת סוכר,קריות זול,,תירס ללא תוספת סוכר,גרמים,340.00,100 גרם,false,,8.90,2.6176,true,1,27680
7290000311203,false,וופל מן שוקו 200גר,,,וופל מן שוקו 200גר,גרמים,200.00,100 גרם,false,,5.90,2.9500,true,1,56220
7290000311210,false,וופל מן לימון 200גר,,,וופל מן לימון 200גר,גרמים,200.00,100 גרם,false,,5.90,2.9500,true,1,56221
7290000311319,false,וופל מן מצופה 1קג,,,וופל מן מצופה 1קג,גרמים,1000.00,100 גרם,false,,29.90,2.9900,true,1,91852
7290000311357,false,וופל מן בטעם אגוזים,,,וופל מן בטעם אגוזים,גרמים,280.00,100 גרם,false,,13.90,4.9643,true,1,74949
7290000311364,false,וופל מן בטעם שוקולד,,,וופל מן בטעם שוקולד,גרמים,200.00,100 גרם,false,,8.90,4.4500,true,1,94464
7290000311425,false,וופל מן מצופים עשירי,,,וופל מן מצופים עשירי,גרמים,220.00,100 גרם,false,,8.90,4.0455,true,1,41426
7290000311500,false,וופל מן שוקו 500גר,,,וופל מן שוקו 500גר,גרמים,500.00,100 גרם,false,,10.90,2.1800,true,1,40783
7290000311517,false,וופל מן לימון 500גר,,,וופל מן לימון 500גר,גרמים,500.00,100 גרם,false,,10.90,2.1800,true,1,40784
7290000311708,false,עוגיות חיטה מלאה 300,,,עוגיות חיטה מלאה 300,גרמים,300.00,100 גרם,false,,7.90,2.6333,true,1,93981
7290000311722,false,עוגיות כוכבים בטעם ו,,,עוגיות כוכבים בטעם ו,גרמים,300.00,100 גרם,false,,7.90,2.6333,true,1,93980
7290000311746,false,עוגיות בטעם קרמל 300,,,עוגיות בטעם קרמל 300,גרמים,300.00,100 גרם,false,,7.90,2.6333,true,1,93983
7290000311753,false,עוגיות חיטה מלאה  בט,,,עוגיות חיטה מלאה  בט,גרמים,250.00,100 גרם,false,,7.90,3.1600,true,1,112601
7290000311845,false,עוגיות קמח מלא ללא ס,,,עוגיות קמח מלא ללא ס,גרמים,200.00,100 גרם,false,,10.90,5.4500,true,1,93985
7290000311869,false,וופל מן בטעם שוקולד,,,וופל מן בטעם שוקולד,גרמים,180.00,100 גרם,false,,8.90,4.9444,true,1,93987
7290000311876,false,וופל מן בטעם וניל לל,,,וופל מן בטעם וניל לל,גרמים,180.00,100 גרם,false,,8.90,4.9444,true,1,93988
7290000311883,false,עוגיות גרנולה ללא סו,,,עוגיות גרנולה ללא סו,גרמים,200.00,100 גרם,false,,10.90,5.4500,true,1,93986
7290000313160,false,חברים זהבה ושלושת הד,קריות זול,,חברים זהבה ושלושת הד,גרמים,250.00,100 גרם,false,,8.90,3.5600,true,1,23812
7290000313184,false,חברים ביסקויט גן חיו,קריות זול,,חברים ביסקויט גן חיו,גרמים,250.00,100 גרם,false,,8.90,3.5600,true,1,23813
7290000313290,false,נודלס איטריות מסולסל,קריות זול,,נודלס איטריות מסולסל,גרמים,200.00,100 גרם,false,,10.90,5.4500,true,1,23815
7290000315126,false,ציר עוף קנור 300 גר,קריות זול,,ציר עוף קנור 300 גר,גרמים,300.00,100 גרם,false,,27.90,9.3000,true,1,26508
7290000318127,false,נקניקיות ביס יחיעם 3,קריות זול,,נקניקיות ביס יחיעם 3,גרמים,380.00,100 גרם,false,,12.90,3.3947,true,1,20064
7290000318165,false,פסטרמה אמיתית צלויה,קריות זול,,פסטרמה אמיתית צלויה,קילוגרמים,1.00,"ק""ג",true,,89.00,89.0000,true,1,39046
7290000318479,false,פרושטו בקר יחיעם 100,קריות זול,,פרושטו בקר יחיעם 100,גרמים,100.00,100 גרם,false,,29.90,29.9000,true,1,20074
7290000318493,false,כתף בקר מפולפל יחיעם,,,כתף בקר מפולפל יחיעם,קילוגרמים,1.00,"ק""ג",true,,139.00,139.0000,true,1,38638
7290000318677,false,סלמי סרוולט יחיעם 15,קריות זול,,סלמי סרוולט יחיעם 15,גרמים,150.00,100 גרם,false,,29.90,19.9333,true,1,39100
7290000318806,false,סלמי סרוולד יחיעם,,,סלמי סרוולד יחיעם,קילוגרמים,1.00,"ק""ג",true,,179.00,179.0000,true,1,39053
7290000318882,false,נקניק מעושן איטלקי י,קריות זול,,נקניק מעושן איטלקי י,קילוגרמים,1.00,"ק""ג",true,,99.00,99.0000,true,1,20059
7290000319124,false,סלמי סרוולט 250 גרם,קריות זול,,סלמי סרוולט 250 גרם,גרמים,250.00,100 גרם,false,,42.90,17.1600,true,1,20084
7290000319131,false,נקניקיות עוף יחיעם 4,קריות זול,,נקניקיות עוף יחיעם 4,גרמים,400.00,100 גרם,false,,12.90,3.2250,true,1,20085
7290000319520,false,סלמי צרפתי יחיעם 100,קריות זול,,סלמי צרפתי יחיעם 100,גרמים,100.00,100 גרם,false,,21.90,21.9000,true,1,34977
7290000319704,false,כתף בקר מעושן יחיעם,קריות זול,,כתף בקר מעושן יחיעם,קילוגרמים,1.00,"ק""ג",true,,139.00,139.0000,true,1,65756
7290000319803,false,קבנוס קלאסי יחיעם 12,,,קבנוס קלאסי יחיעם 12,גרמים,125.00,100 גרם,false,,15.50,12.4000,true,1,73420
7290000319834,false,קבנוס פפרוני קלאסי י,,,קבנוס פפרוני קלאסי י,גרמים,125.00,100 גרם,false,,15.50,12.4000,true,1,73421
7290000319841,false,פסטרמה מהמעשנה יחיעם,,,פסטרמה מהמעשנה יחיעם,קילוגרמים,1.00,"ק""ג",true,,89.00,89.0000,true,1,140097
7290000334684,false,טבעות בצל תפוגן 700ג,קריות זול,,טבעות בצל תפוגן 700ג,גרמים,700.00,100 גרם,false,,19.50,2.7857,true,1,23830
7290000334745,false,"ציפס אמריקאן 1.5ק""ג",,,"ציפס אמריקאן 1.5ק""ג",גרמים,1500.00,100 גרם,false,,26.90,1.7933,true,1,73355
7290000336282,false,סיידר תפוח צלול בקבו,,,סיידר תפוח צלול בקבו,מיליליטרים,330.00,"100 מ""ל",false,,8.90,2.6970,true,1,34989
7290000339191,false,אבקת הלבנה רן 350גר,קריות זול,,אבקת הלבנה רן 350גר,גרמים,350.00,100 גרם,false,,22.90,6.5429,true,1,26533
7290000339849,false,סיף משחת כלים בדלי 3,,,סיף משחת כלים בדלי 3,קילוגרמים,3.50,"ק""ג",false,,29.90,8.5429,true,1,40653
7290000341071,false,בדין בייבי מרכך כביס,קריות זול,,בדין בייבי מרכך כביס,ליטרים,2.00,ליטר,false,,18.90,9.4500,true,1,26539
7290000345048,false,תה 74 ויסוצקי 125גר,,,תה 74 ויסוצקי 125גר,גרמים,125.00,100 גרם,false,,14.50,11.6000,true,1,31068
7290000345055,false,תה ארל גריי עלים ויס,,,תה ארל גריי עלים ויס,גרמים,100.00,100 גרם,false,,15.90,15.9000,true,1,31069
7290000345208,false,תה ויסוצקי קלאסיק 25,קריות זול,,תה ויסוצקי קלאסיק 25,יח',25.00,יח',false,,7.90,0.3160,true,1,31073
7290000345215,false,תה ויסוצקי קלאסיק כח,קריות זול,,תה ויסוצקי קלאסיק כח,גרמים,100.00,100 גרם,false,,18.90,18.9000,true,1,31074
7290000345260,false,תה ויסוצקי קלאסיק 25,קריות זול,,תה ויסוצקי קלאסיק 25,יח',25.00,יח',false,,7.90,0.3160,true,1,31075
7290000345284,false,תה ויסוצקי קלאסיק יר,קריות זול,,תה ויסוצקי קלאסיק יר,גרמים,150.00,100 גרם,false,,18.90,12.6000,true,1,31077
7290000345291,false,תה ארל גריי ויסוצקי,קריות זול,,תה ארל גריי ויסוצקי,יח',25.00,יח',false,,16.90,0.6760,true,1,31078
7290000345307,false,תה ארל גריי ויסוצקי,קריות זול,,תה ארל גריי ויסוצקי,גרמים,75.00,100 גרם,false,,29.90,39.8667,true,1,31079
7290000345536,false,תה נענע 25יח,קריות זול,,תה נענע 25יח,גרמים,37.50,100 גרם,false,,19.90,53.0667,true,1,31082
7290000346021,false,תה קמומיל ויסוצקי 50,קריות זול,,תה קמומיל ויסוצקי 50,יח',50.00,יח',false,,37.90,0.7580,true,1,31089
7290000346120,false,תה קסם הקנמון 25יח,קריות זול,,תה קסם הקנמון 25יח,גרמים,62.50,100 גרם,false,,19.90,31.8400,true,1,31999
7290000346137,false,תה הילולי פירות 25יח,קריות זול,,תה הילולי פירות 25יח,גרמים,62.50,100 גרם,false,,19.90,31.8400,true,1,32000
7290000346205,false,תה קמומיל גן הקסום 2,קריות זול,,תה קמומיל גן הקסום 2,גרמים,37.50,100 גרם,false,,19.90,53.0667,true,1,32004
7290000346960,false,תה נענע ויסוצקי 50יח,קריות זול,,תה נענע ויסוצקי 50יח,גרמים,75.00,100 גרם,false,,34.90,46.5333,true,1,31090
7290000347738,false,תה ירוק נענע 25יח,קריות זול,,תה ירוק נענע 25יח,גרמים,37.50,100 גרם,false,,26.90,71.7333,true,1,31093
7290000347752,false,תה ירוק לימונית ולוא,קריות זול,,תה ירוק לימונית ולוא,גרמים,37.50,100 גרם,false,,26.90,71.7333,true,1,31095
7290000355382,false,עגבניות מרוסקות עם ב,קריות זול,,עגבניות מרוסקות עם ב,גרמים,800.00,100 גרם,false,,9.90,1.2375,true,1,22033
7290000355405,false,עגבניות מרוסקות בצל,קריות זול,,עגבניות מרוסקות בצל,גרמים,800.00,100 גרם,false,,9.90,1.2375,true,1,22034
7290000355412,false,עגבניות מרוסקות שום,קריות זול,,עגבניות מרוסקות שום,גרמים,800.00,100 גרם,false,,9.90,1.2375,true,1,22035
7290000355757,false,עגבניות מרוסקות 800ג,קריות זול,,עגבניות מרוסקות 800ג,גרמים,800.00,100 גרם,false,,9.90,1.2375,true,1,22039
7290000363462,false,נקניק סלמי מעושן איט,,,נקניק סלמי מעושן איט,קילוגרמים,1.00,"ק""ג",true,,89.00,89.0000,true,1,99581
7290000363486,false,נקניק תה טירת צבי,,,נקניק תה טירת צבי,קילוגרמים,1.00,"ק""ג",true,,54.00,54.0000,true,1,99582
7290000364261,false,סלסולי פסטרמה כתף בק,,,סלסולי פסטרמה כתף בק,גרמים,120.00,100 גרם,false,,15.90,13.2500,true,1,89591
7290000364278,false,סלסולי סלמי איטלקי מ,,,סלסולי סלמי איטלקי מ,גרמים,120.00,100 גרם,false,,15.90,13.2500,true,1,89592
7290000364285,false,סלסולי פסטרמה הודו א,,,סלסולי פסטרמה הודו א,גרמים,120.00,100 גרם,false,,15.90,13.2500,true,1,89593
7290000364292,false,סלסולי פסטרמה הודו ג,,,סלסולי פסטרמה הודו ג,גרמים,120.00,100 גרם,false,,15.90,13.2500,true,1,89594
7290000364803,false,נקניקיות בקר בסגנון,,,נקניקיות בקר בסגנון,גרמים,500.00,100 גרם,false,,26.90,5.3800,true,1,89612
7290000364858,false,נקניקיות עוף טירת צב,,,נקניקיות עוף טירת צב,גרמים,1000.00,100 גרם,false,,26.90,2.6900,true,1,86119
7290000364872,false,נקניקיות עוף טירת צב,,,נקניקיות עוף טירת צב,גרמים,400.00,100 גרם,false,,14.90,3.7250,true,1,89607
7290000365954,false,פסטרמה הודו גחלים טי,,,פסטרמה הודו גחלים טי,קילוגרמים,1.00,"ק""ג",true,,89.00,89.0000,true,1,99593
7290000367590,false,פסטרמה צמד סלמי 400ג,,,פסטרמה צמד סלמי 400ג,גרמים,800.00,100 גרם,false,,31.90,3.9875,true,1,89608
7290000369037,false,סלט קוביות בולגרית 2,,,סלט קוביות בולגרית 2,גרמים,200.00,100 גרם,false,,15.90,7.9500,true,1,107840
7290000369365,false,מעדן בולגרית עם תוספ,,,מעדן בולגרית עם תוספ,גרמים,200.00,100 גרם,false,,13.90,6.9500,true,1,106055
7290000369617,false,כדורי רחוב 150 גרם,,,כדורי רחוב 150 גרם,גרמים,150.00,100 גרם,false,,18.90,12.6000,true,1,106056
7290000369709,false,ממרח חמאה 100 גרם,קריות זול,,ממרח חמאה 100 גרם,גרמים,100.00,100 גרם,false,,13.90,13.9000,true,1,106057
7290000372204,false,דג ברמונדי בינוני נק,,,דג ברמונדי בינוני נק,קילוגרמים,1.00,"ק""ג",true,,49.90,49.9000,true,1,100736
7290000379432,false,לחמניה רגילה,,,לחמניה רגילה,גרמים,75.00,100 גרם,false,,1.90,2.5333,true,1,135605
7290000408316,false,דנונה טבעי 3% 200גר,קריות זול,,דנונה טבעי 3% 200גר,גרמים,200.00,100 גרם,false,,3.80,1.9000,true,1,30574
7290000408354,false,דנונה בר פיצפוצים 17,,,דנונה בר פיצפוצים 17,גרמים,173.00,100 גרם,false,,4.80,2.7746,true,1,30575
7290000412481,false,מנקה אסלות 00 סנו 1ל,קריות זול,,מנקה אסלות 00 סנו 1ל,מיליליטרים,1000.00,"100 מ""ל",false,,8.90,0.8900,true,1,25761
7290000416021,false,ממרח השחר 500גר,קריות זול,,ממרח השחר 500גר,גרמים,500.00,100 גרם,false,,13.90,2.7800,true,1,26045
7290000416045,false,"ממרח השחר חדש 1 ק""ג",,,"ממרח השחר חדש 1 ק""ג",גרמים,1000.00,100 גרם,false,,24.90,2.4900,true,1,35012
7290000416618,false,"ממרח השחר בד""צ 400גר",,,"ממרח השחר בד""צ 400גר",גרמים,400.00,100 גרם,false,,12.90,3.2250,true,1,26047
7290000416632,false,ממרח השחר פרווה 1קג,,,ממרח השחר פרווה 1קג,גרמים,1000.00,100 גרם,false,,24.90,2.4900,true,1,38820
7290000416854,false,קקאו השחר 150גר,,,קקאו השחר 150גר,גרמים,150.00,100 גרם,false,,11.90,7.9333,true,1,35016
7290000419107,false,לנדוור קפה שחור 100ג,,,לנדוור קפה שחור 100ג,גרמים,100.00,100 גרם,false,,7.90,7.9000,true,1,19704
7290000419220,false,לנדוור קפה כחול מארז,,,לנדוור קפה כחול מארז,גרמים,300.00,100 גרם,false,,18.90,6.3000,true,1,19705
7290000419374,false,לנדוור קפה טחון טורק,,,לנדוור קפה טחון טורק,גרמים,300.00,100 גרם,false,,18.90,6.3000,true,1,91654
7290000419893,false,לנדוור קפה שחור לבוק,,,לנדוור קפה שחור לבוק,גרמים,100.00,100 גרם,false,,7.90,7.9000,true,1,44726
7290000420325,false,פופסטאר בטעם טבעי 5י,קריות זול,,פופסטאר בטעם טבעי 5י,גרמים,500.00,100 גרם,false,,14.90,2.9800,true,1,25332
7290000453125,false,שמרית + משפר אפיה 10,קריות זול,,שמרית + משפר אפיה 10,גרמים,100.00,100 גרם,false,,8.90,8.9000,true,1,30578
7290000453408,false,בצק פיצה דק שמרית מצ,,,בצק פיצה דק שמרית מצ,גרמים,415.00,100 גרם,false,,18.90,4.5542,true,1,106845
7290000453415,false,בצק עלים שמרית מצונן,,,בצק עלים שמרית מצונן,גרמים,300.00,100 גרם,false,,17.50,5.8333,true,1,106846
7290000453422,false,בצק פילו שמרית מצונן,,,בצק פילו שמרית מצונן,גרמים,300.00,100 גרם,false,,17.50,5.8333,true,1,106847
7290000453781,false,שמרים יבשים שמרית 12,,,שמרים יבשים שמרית 12,גרמים,125.00,100 גרם,false,,6.50,5.2000,true,1,98427
7290000453880,false,מרגרינה ללא מלח לאפי,,,מרגרינה ללא מלח לאפי,גרמים,200.00,100 גרם,false,,6.70,3.3500,true,1,76149
7290000453897,false,מרגרינה בטעם חמאה 20,,,מרגרינה בטעם חמאה 20,גרמים,200.00,100 גרם,false,,6.70,3.3500,true,1,76150
7290000461656,false,בייגלה מקלות 400גר,קריות זול,,בייגלה מקלות 400גר,גרמים,400.00,100 גרם,false,,10.90,2.7250,true,1,26553
7290000461793,false,בייגלה ארוך ארוך סיד,קריות זול,,בייגלה ארוך ארוך סיד,גרמים,200.00,100 גרם,false,,6.90,3.4500,true,1,26557
7290000462103,false,סחוג אדום חריף עדין,קריות זול,,סחוג אדום חריף עדין,גרמים,150.00,100 גרם,false,,11.90,7.9333,true,1,30579
7290000462141,false,סחוג אדום חריף מאוד,,,סחוג אדום חריף מאוד,גרמים,150.00,100 גרם,false,,11.90,7.9333,true,1,46769
7290000462172,false,סחוג ירוק חריף מאוד,קריות זול,,סחוג ירוק חריף מאוד,גרמים,150.00,100 גרם,false,,11.90,7.9333,true,1,30580
7290000467320,false,חומוס אבו מרוואן צבר,,,חומוס אבו מרוואן צבר,גרמים,400.00,100 גרם,false,,14.90,3.7250,true,1,70687
7290000474090,false,חלב בקרטון טרה 1% 1ל,קריות זול,,חלב בקרטון טרה 1% 1ל,מיליליטרים,1000.00,"100 מ""ל",false,,5.86,0.5860,true,1,33304
7290000474373,false,שמנת חמוצה 15% 200מל,קריות זול,,שמנת חמוצה 15% 200מל,מיליליטרים,200.00,"100 מ""ל",false,,2.40,1.2000,true,1,33313
7290000474502,false,גבינה לבנה 5% 250גר,קריות זול,,גבינה לבנה 5% 250גר,גרמים,250.00,100 גרם,false,,4.98,1.9920,true,1,33317
7290000474540,false,גבינת 3% טוב טעם 250,קריות זול,,גבינת 3% טוב טעם 250,גרמים,250.00,100 גרם,false,,12.50,5.0000,true,1,33318
7290000480107,false,קוואקר מהיר אטוס פחי,קריות זול,,קוואקר מהיר אטוס פחי,גרמים,500.00,100 גרם,false,,15.90,3.1800,true,1,22413
7290000480442,false,קואקר שבולת שועל שקי,קריות זול,,קואקר שבולת שועל שקי,גרמים,500.00,100 גרם,false,,14.90,2.9800,true,1,22415
7290000481029,false,פיתות בטעם ביתי 10 י,,,פיתות בטעם ביתי 10 י,גרמים,1000.00,100 גרם,false,,11.90,1.1900,true,1,129106
7290000481043,false,פיתות כוסמין מארז 10,,,פיתות כוסמין מארז 10,גרמים,700.00,100 גרם,false,,15.90,2.2714,true,1,135608
7290000481074,false,*מבצע* לחם טריו דגני,,,*מבצע* לחם טריו דגני,גרמים,750.00,100 גרם,false,,14.90,1.9867,true,1,139862
7290000481180,false,לחם מחמצת שאור דגנית,,,לחם מחמצת שאור דגנית,גרמים,550.00,100 גרם,false,,18.90,3.4364,true,1,141418
7290000481197,false,לחם מחמצת גרעינים וש,,,לחם מחמצת גרעינים וש,גרמים,550.00,100 גרם,false,,18.90,3.4364,true,1,141416
7290000481203,false,לחם מחמצת מקמח מלא ד,,,לחם מחמצת מקמח מלא ד,גרמים,550.00,100 גרם,false,,18.90,3.4364,true,1,141419
7290000481487,false,חלה רגילה 500גר,,,חלה רגילה 500גר,גרמים,500.00,100 גרם,false,,5.17,1.0340,true,1,47081
7290000481494,false,מיני בגט 2יח רוסטיק,,,מיני בגט 2יח רוסטיק,גרמים,320.00,100 גרם,false,,11.90,3.7188,true,1,141417
7290000481517,false,פוקצות 2יח עם שמן זי,,,פוקצות 2יח עם שמן זי,גרמים,320.00,100 גרם,false,,12.90,4.0313,true,1,141415
7290000481555,false,לחמניה רגילה,,,לחמניה רגילה,גרמים,75.00,100 גרם,false,,1.90,2.5333,true,1,47076
7290000482033,false,קוקי שקיות ענק בתנור,קריות זול,,קוקי שקיות ענק בתנור,יח',5.00,יח',false,,10.90,2.1800,true,1,28339
7290000484747,false,הארק עלית 40% 700מל,,,הארק עלית 40% 700מל,מיליליטרים,700.00,"100 מ""ל",false,,58.90,8.4143,true,1,77159
7290000490625,false,מאגדת שלגונים ציפוי,,,מאגדת שלגונים ציפוי,יח',8.00,יח',false,,23.90,2.9875,true,1,134900
7290000490717,false,גלית שרבט בטעם תות 8,,,גלית שרבט בטעם תות 8,יח',8.00,יח',false,,21.90,2.7375,true,1,129461
7290000490762,false,גלידל חלבי מאגדת בטע,,,גלידל חלבי מאגדת בטע,יח',8.00,יח',false,,29.90,3.7375,true,1,129462
7290000493176,false,אבקת רוטב צלי אסם 22,קריות זול,,אבקת רוטב צלי אסם 22,גרמים,22.00,100 גרם,false,,4.90,22.2727,true,1,23902
7290000493183,false,אבקת רוטב פטריות אסם,קריות זול,,אבקת רוטב פטריות אסם,גרמים,30.00,100 גרם,false,,4.90,16.3333,true,1,23903
7290000497044,false,לחם אקטיב ברמן 750גר,,,לחם אקטיב ברמן 750גר,גרמים,750.00,100 גרם,false,,16.90,2.2533,true,1,135651
7290000497228,false,לחמניות בשקית 6יח,,,לחמניות בשקית 6יח,גרמים,450.00,100 גרם,false,,10.90,2.4222,true,1,135656
7290000497273,false,לחמניות אקטיב 6 יח',,,לחמניות אקטיב 6 יח',גרמים,450.00,100 גרם,false,,13.90,3.0889,true,1,135657
7290000497303,false,לחמניה מקמח מלא 6יח,,,לחמניה מקמח מלא 6יח,גרמים,540.00,100 גרם,false,,10.90,2.0185,true,1,135658
7290000497358,false,חלומית חלה מתוקה ארו,,,חלומית חלה מתוקה ארו,גרמים,500.00,100 גרם,false,,14.90,2.9800,true,1,135659
7290000497426,false,לחם ברמן לענין פלוס,,,לחם ברמן לענין פלוס,גרמים,500.00,100 גרם,false,,16.90,3.3800,true,1,135660
7290000497532,false,לחם ברמן לעניין 750ג,,,לחם ברמן לעניין 750ג,גרמים,750.00,100 גרם,false,,15.50,2.0667,true,1,135663
7290000497570,false,לחם דגנים פלוס ברמן,,,לחם דגנים פלוס ברמן,גרמים,500.00,100 גרם,false,,16.90,3.3800,true,1,135664
7290000498003,false,לחם מקמח מלא ברמן 75,קריות זול,,לחם מקמח מלא ברמן 75,גרמים,750.00,100 גרם,false,,16.90,2.2533,true,1,135665
7290000498034,false,לחם מקמח כוסמין מלא,,,לחם מקמח כוסמין מלא,גרמים,750.00,100 גרם,false,,16.90,2.2533,true,1,135668
7290000498256,false,מארז 10יח לחמניות בר,,,מארז 10יח לחמניות בר,יחידה,0.00,יחידה,false,,13.90,0.0000,true,1,135669
7290000498423,false,חלה מתוקה ברמן,,,חלה מתוקה ברמן,גרמים,500.00,100 גרם,false,,8.90,1.7800,true,1,135673
7290000504025,false,סוכרזית פטריה 300 טב,קריות זול,,סוכרזית פטריה 300 טב,יח',300.00,יח',false,,10.90,0.0363,true,1,27207
7290000504049,false,סוכרזית קנקן 1200 טב,קריות זול,,סוכרזית קנקן 1200 טב,יח',1200.00,יח',false,,28.90,0.0241,true,1,30359
7290000504209,false,סוכרזית קלאסי נוזלי,קריות זול,,סוכרזית קלאסי נוזלי,מיליליטרים,220.00,"100 מ""ל",false,,22.90,10.4091,true,1,27209
7290000504278,false,סוכרזית פטנט 700טבלי,קריות זול,,סוכרזית פטנט 700טבלי,יח',700.00,יח',false,,19.90,0.0284,true,1,27212
7290000518152,false,מתוק וקל זהב 50 שקיו,קריות זול,,מתוק וקל זהב 50 שקיו,גרמים,50.00,100 גרם,false,,7.90,15.8000,true,1,32634
7290000518169,false,מתוק וקל 1000 טבליות,קריות זול,,מתוק וקל 1000 טבליות,יח',1000.00,יח',false,,9.90,0.0099,true,1,32635
7290000518176,false,*מבצע* מתוק וקל ענק,קריות זול,,*מבצע* מתוק וקל ענק,גרמים,250.00,100 גרם,false,,18.90,7.5600,true,1,32636
7290000518190,false,מתוק וקל סטיביה 100,,,מתוק וקל סטיביה 100,יחידה,0.00,יחידה,false,,29.90,0.0000,true,1,93607
7290000518220,false,סוכרה דיאט 100 שקיות,,,סוכרה דיאט 100 שקיות,יחידה,0.00,יחידה,false,,29.90,0.0000,true,1,93608
7290000518336,false,מווש צמר גפן מתוק 10,,,מווש צמר גפן מתוק 10,גרמים,10.00,גרם,false,,4.90,0.4900,true,1,140835
7290000521008,false,יין סגל אדום יבש 750,,,יין סגל אדום יבש 750,מיליליטרים,750.00,"100 מ""ל",false,,24.90,3.3200,true,1,20444
7290000521015,false,יין סגל לבן יבש 750מ,,,יין סגל לבן יבש 750מ,מיליליטרים,750.00,"100 מ""ל",false,,24.90,3.3200,true,1,20445
7290000523125,false,מלח הארץ ים יבש 250,קריות זול,,מלח הארץ ים יבש 250,גרמים,250.00,100 גרם,false,,6.90,2.7600,true,1,22591
7290000523224,false,מלח הארץ ים יבש 500,קריות זול,,מלח הארץ ים יבש 500,גרמים,500.00,100 גרם,false,,9.90,1.9800,true,1,22592
7290000523804,false,מלח הארץ עדין צנצנת,,,מלח הארץ עדין צנצנת,גרמים,1000.00,100 גרם,false,,8.90,0.8900,true,1,56061
7290000523811,false,מלח הארץ גס צנצנת 1ק,,,מלח הארץ גס צנצנת 1ק,גרמים,1000.00,100 גרם,false,,8.90,0.8900,true,1,56062
7290000525969,false,פרימור תפוזים 1ליטר,קריות זול,,פרימור תפוזים 1ליטר,מיליליטרים,1000.00,"100 מ""ל",false,,16.90,1.6900,true,1,30584
7290000530024,false,תה מעושן זוגלובק,,,תה מעושן זוגלובק,קילוגרמים,1.00,"ק""ג",true,,54.00,54.0000,true,1,29765
7290000530048,false,סלמי פפרוני זוגלובק,,,סלמי פפרוני זוגלובק,קילוגרמים,1.00,"ק""ג",true,,59.00,59.0000,true,1,29767
7290000530062,false,נקניק מעושן איטלקי ז,,,נקניק מעושן איטלקי ז,קילוגרמים,1.00,"ק""ג",true,,89.00,89.0000,true,1,29768
7290000530086,false,*מבצע* נקניק סלמי מע,קריות זול,,*מבצע* נקניק סלמי מע,גרמים,600.00,100 גרם,false,,28.90,4.8167,true,1,29800
7290000530109,false,קבנוס זוגלובק זוג 18,,,קבנוס זוגלובק זוג 18,גרמים,180.00,100 גרם,false,,34.90,19.3889,true,1,41267
7290000530116,false,*מבצע* נקניק בשן זוג,קריות זול,,*מבצע* נקניק בשן זוג,גרמים,470.00,100 גרם,false,,18.90,4.0213,true,1,29801
7290000530178,false,נקניק קוניאק זוגלובק,,,נקניק קוניאק זוגלובק,קילוגרמים,1.00,"ק""ג",true,,89.00,89.0000,true,1,29770
7290000530260,false,מורטודלה זוגלובק,,,מורטודלה זוגלובק,קילוגרמים,1.00,"ק""ג",true,,47.00,47.0000,true,1,40156
7290000530369,false,פסטרמה גולן הודו מעו,,,פסטרמה גולן הודו מעו,קילוגרמים,1.00,"ק""ג",true,,89.00,89.0000,true,1,29773
7290000530413,false,המבורגר זהב זוגלובק,קריות זול,,המבורגר זהב זוגלובק,גרמים,400.00,100 גרם,false,,24.90,6.2250,true,1,29805
7290000530444,false,כתף בקר מעושן זוגלוב,,,כתף בקר מעושן זוגלוב,קילוגרמים,1.00,"ק""ג",true,,119.00,119.0000,true,1,29775
7290000530604,false,נקניקיות חריפות זוגל,קריות זול,,נקניקיות חריפות זוגל,גרמים,400.00,100 גרם,false,,15.90,3.9750,true,1,29812
7290000530703,false,נקניק תה 400גר + חרמ,,,נקניק תה 400גר + חרמ,גרמים,800.00,100 גרם,false,,33.90,4.2375,true,1,50896
7290000531410,false,פסטרממיה בדבש טהור,,,פסטרממיה בדבש טהור,קילוגרמים,1.00,"ק""ג",true,,89.00,89.0000,true,1,29779
7290000531601,false,סטייק בורגר זוגלובק,קריות זול,,סטייק בורגר זוגלובק,גרמים,400.00,100 גרם,false,,24.90,6.2250,true,1,29826
7290000532400,false,פסטרמה ברביקיו זוגלו,,,פסטרמה ברביקיו זוגלו,קילוגרמים,1.00,"ק""ג",true,,89.00,89.0000,true,1,29780
7290000532585,false,רוסטביף זוגלובק,,,רוסטביף זוגלובק,קילוגרמים,1.00,"ק""ג",true,,119.00,119.0000,true,1,52292
7290000532721,false,טורו כתף בקר זוגלובק,,,טורו כתף בקר זוגלובק,קילוגרמים,1.00,"ק""ג",true,,119.00,119.0000,true,1,52293
7290000534718,false,פסטרמה חזה תבור זוגל,,,פסטרמה חזה תבור זוגל,קילוגרמים,1.00,"ק""ג",true,,89.00,89.0000,true,1,29784
7290000534824,false,חרמון הודו מעושן זוג,,,חרמון הודו מעושן זוג,קילוגרמים,1.00,"ק""ג",true,,59.00,59.0000,true,1,29786
7290000536743,false,קריספי סטיקס תירס זו,,,קריספי סטיקס תירס זו,גרמים,500.00,100 גרם,false,,21.90,4.3800,true,1,71940
7290000537566,false,נקניקיות עוף זוגלובק,קריות זול,,נקניקיות עוף זוגלובק,גרמים,400.00,100 גרם,false,,14.90,3.7250,true,1,29896
7290000537610,false,סלמי עממי זוגלובק,,,סלמי עממי זוגלובק,קילוגרמים,1.00,"ק""ג",true,,59.00,59.0000,true,1,29788
7290000538099,false,פסטרמה כפרית במשקל ז,,,פסטרמה כפרית במשקל ז,קילוגרמים,1.00,"ק""ג",true,,89.00,89.0000,true,1,29789
7290000554402,false,מלבי 160גר מחלבות גד,קריות זול,,מלבי 160גר מחלבות גד,גרמים,160.00,100 גרם,false,,6.00,3.7500,true,1,19880
7290000554457,false,צפתית 5% 350גר מחלבו,קריות זול,,צפתית 5% 350גר מחלבו,גרמים,350.00,100 גרם,false,,23.90,6.8286,true,1,19881
7290000554471,false,מוצרלה נקניק טבעי מח,קריות זול,,מוצרלה נקניק טבעי מח,גרמים,180.00,100 גרם,false,,18.90,10.5000,true,1,19882
7290000554532,false,צפתית מעודנת במלח ים,,,צפתית מעודנת במלח ים,גרמים,200.00,100 גרם,false,,15.50,7.7500,true,1,46346
7290000554600,false,מוצרלה 22% מגורדת 30,קריות זול,,מוצרלה 22% מגורדת 30,גרמים,300.00,100 גרם,false,,28.90,9.6333,true,1,19884
7290000554624,false,ירח מתוק 150גר מחלבו,קריות זול,,ירח מתוק 150גר מחלבו,גרמים,150.00,100 גרם,false,,6.00,4.0000,true,1,19885
7290000554686,false,לאבנה בשמן זית וזעתר,קריות זול,,לאבנה בשמן זית וזעתר,גרמים,250.00,100 גרם,false,,15.50,6.2000,true,1,19887
7290000554822,false,ריקוטה טבעי 5% 250גר,קריות זול,,ריקוטה טבעי 5% 250גר,גרמים,250.00,100 גרם,false,,15.90,6.3600,true,1,19891
7290000554839,false,גבינה מסקרפונה 40% 2,קריות זול,,גבינה מסקרפונה 40% 2,גרמים,250.00,100 גרם,false,,23.90,9.5600,true,1,19892
7290000560533,false,אדג גל גילוח ירוק עם,קריות זול,,אדג גל גילוח ירוק עם,מיליליטרים,200.00,"100 מ""ל",false,,18.90,9.4500,true,1,25343
7290000560540,false,אדג גל גילוח כתום לע,קריות זול,,אדג גל גילוח כתום לע,מיליליטרים,200.00,"100 מ""ל",false,,18.90,9.4500,true,1,25344
7290000571386,false,יוגורמה מחלב כבשים 8,קריות זול,,יוגורמה מחלב כבשים 8,גרמים,850.00,100 גרם,false,,28.50,3.3529,true,1,29334
7290000572208,false,חלבה אחווה 100גר,,,חלבה אחווה 100גר,גרמים,100.00,100 גרם,false,,3.90,3.9000,true,1,22048
7290000572222,false,חלבה בבלוק אחווה 500,,,חלבה בבלוק אחווה 500,גרמים,500.00,100 גרם,false,,12.90,2.5800,true,1,22050
7290000572543,false,חלבה קקאו וניל 400 ג,,,חלבה קקאו וניל 400 ג,גרמים,400.00,100 גרם,false,,13.90,3.4750,true,1,22052
7290000572628,false,חטיף חלבה ללא סוכר 1,,,חטיף חלבה ללא סוכר 1,גרמים,275.00,100 גרם,false,,14.90,5.4182,true,1,22053
7290000572673,false,חטיף חלבה אחווה 12*2,,,חטיף חלבה אחווה 12*2,גרמים,300.00,100 גרם,false,,14.90,4.9667,true,1,22055
7290000574011,false,מארז 8 לחמניות חיטה,,,מארז 8 לחמניות חיטה,יח',8.00,יח',false,,11.90,1.4875,true,1,135617
7290000574028,false,לחם שחור מועשר פלוס,,,לחם שחור מועשר פלוס,גרמים,750.00,100 גרם,false,,8.90,1.1867,true,1,135618
7290000574035,false,לחם אחיד פרוס 750גרם,,,לחם אחיד פרוס 750גרם,גרמים,750.00,100 גרם,false,,7.10,0.9467,true,1,135619
7290000574066,false,לחם חיטה מלאה עם שיפ,,,לחם חיטה מלאה עם שיפ,גרמים,750.00,100 גרם,false,,15.90,2.1200,true,1,135622
7290000574097,false,מארז לחמניות מיוחדות,,,מארז לחמניות מיוחדות,יח',8.00,יח',false,,11.90,1.4875,true,1,135624
7290000574141,false,לחם חיטה מלאה 750גר,,,לחם חיטה מלאה 750גר,גרמים,750.00,100 גרם,false,,14.90,1.9867,true,1,135626
7290000574158,false,מארז 8 לחמניות לוסי,,,מארז 8 לחמניות לוסי,יח',8.00,יח',false,,11.90,1.4875,true,1,135627
7290000574165,false,חלה פרוסה מעודנת 500,,,חלה פרוסה מעודנת 500,גרמים,500.00,100 גרם,false,,9.90,1.9800,true,1,135628
7290000574172,false,לחם קל חיטה מלאה 750,,,לחם קל חיטה מלאה 750,גרמים,750.00,100 גרם,false,,16.90,2.2533,true,1,135629
7290000574189,false,מארז 6 לחמניות קלועו,,,מארז 6 לחמניות קלועו,יח',6.00,יח',false,,11.90,1.9833,true,1,135630
7290000574226,false,לחמניות אצבע דגנית מ,,,לחמניות אצבע דגנית מ,יחידה,0.00,יחידה,false,,11.90,0.0000,true,1,135631
7290000574233,false,לחמניה רגילה,,,לחמניה רגילה,גרמים,75.00,100 גרם,false,,1.90,2.5333,true,1,47077
7290000574257,false,*מבצע* לחם שחור פרוס,,,*מבצע* לחם שחור פרוס,גרמים,750.00,100 גרם,false,,13.90,1.8533,true,1,135632
7290000574301,false,לחמניות 10יח חיטה מל,,,לחמניות 10יח חיטה מל,יחידה,0.00,יחידה,false,,11.90,0.0000,true,1,135633
7290000574370,false,לחם שיפון אמיתי קל 5,,,לחם שיפון אמיתי קל 5,גרמים,500.00,100 גרם,false,,16.90,3.3800,true,1,135635
7290000574455,false,לחם חיטה מלאה כוסמין,,,לחם חיטה מלאה כוסמין,גרמים,750.00,100 גרם,false,,16.90,2.2533,true,1,135638
7290000574509,false,לחמניות חצויות 6יח 4,,,לחמניות חצויות 6יח 4,גרמים,450.00,100 גרם,false,,9.90,2.2000,true,1,135639
7290000599564,false,צמר פלדה 5יח,,,צמר פלדה 5יח,גרמים,200.00,100 גרם,false,,3.90,1.9500,true,1,55321
7290000599571,false,צמר פלדה 200גר,,,צמר פלדה 200גר,גרמים,200.00,100 גרם,false,,6.90,3.4500,true,1,55322
7290000599847,false,רב מגבת גליל,,,רב מגבת גליל,יחידה,0.00,יחידה,false,,10.90,0.0000,true,1,55323
7290000599977,false,כרית יפנית 9יח,,,כרית יפנית 9יח,יחידה,0.00,יחידה,false,,10.90,0.0000,true,1,41849
7290000611181,false,כנפיים עוף טרי,,,כנפיים עוף טרי,קילוגרמים,1.00,"ק""ג",true,,12.90,12.9000,true,1,27009
7290000611228,false,פילה עוף טרי ארוז,,,פילה עוף טרי ארוז,קילוגרמים,1.00,"ק""ג",true,,39.90,39.9000,true,1,106482
7290000611280,false,עוף שלם טרי ארוז,,,עוף שלם טרי ארוז,קילוגרמים,1.00,"ק""ג",true,,20.90,20.9000,true,1,106483
7290000611761,false,כרעיים עוף קפוא,,,כרעיים עוף קפוא,קילוגרמים,1.00,"ק""ג",true,,27.90,27.9000,true,1,72406
7290000611839,false,שוקיים עוף טרי ארוז,,,שוקיים עוף טרי ארוז,קילוגרמים,1.00,"ק""ג",true,,37.90,37.9000,true,1,106484
7290000611846,false,כרעיים עוף טרי ארוז,,,כרעיים עוף טרי ארוז,קילוגרמים,1.00,"ק""ג",true,,29.90,29.9000,true,1,104957
7290000611853,false,כנפיים עוף טרי ארוז,,,כנפיים עוף טרי ארוז,קילוגרמים,1.00,"ק""ג",true,,12.90,12.9000,true,1,106485
7290000611860,false,חזה עוף טרי ארוז,,,חזה עוף טרי ארוז,קילוגרמים,1.00,"ק""ג",true,,39.90,39.9000,true,1,106486
7290000611884,false,כבד עוף טרי ארוז לצל,,,כבד עוף טרי ארוז לצל,קילוגרמים,1.00,"ק""ג",true,,24.90,24.9000,true,1,106488
7290000611891,false,לב עוף טרי ארוז,,,לב עוף טרי ארוז,קילוגרמים,1.00,"ק""ג",true,,34.90,34.9000,true,1,70404
7290000611945,false,קורקבן עוף טרי ארוז,,,קורקבן עוף טרי ארוז,קילוגרמים,1.00,"ק""ג",true,,10.90,10.9000,true,1,106490
7290000611983,false,שניצל עוף טרי ארוז,,,שניצל עוף טרי ארוז,קילוגרמים,1.00,"ק""ג",true,,44.90,44.9000,true,1,106491
7290000612867,false,שווארמה הודו טרי ארו,,,שווארמה הודו טרי ארו,קילוגרמים,1.00,"ק""ג",true,,74.90,74.9000,true,1,106492
7290000612874,false,שישליק הודו טרי ארוז,,,שישליק הודו טרי ארוז,קילוגרמים,1.00,"ק""ג",true,,49.90,49.9000,true,1,106493
7290000612881,false,שוקיים הודו טרי ארוז,,,שוקיים הודו טרי ארוז,קילוגרמים,1.00,"ק""ג",true,,31.90,31.9000,true,1,106503
7290000612904,false,חזה הודו טרי ארוז,,,חזה הודו טרי ארוז,קילוגרמים,1.00,"ק""ג",true,,35.90,35.9000,true,1,106495
7290000612911,false,בשר אדום הודו טרי אר,,,בשר אדום הודו טרי אר,קילוגרמים,1.00,"ק""ג",true,,57.90,57.9000,true,1,106496
7290000612928,false,כנפיים הודו טרי ארוז,,,כנפיים הודו טרי ארוז,קילוגרמים,1.00,"ק""ג",true,,17.90,17.9000,true,1,106504
7290000612966,false,גרון הודו טרי ארוז,,,גרון הודו טרי ארוז,קילוגרמים,1.00,"ק""ג",true,,31.90,31.9000,true,1,106500
7290000644783,false,מנות סלמון קפוא תנוב,,,מנות סלמון קפוא תנוב,קילוגרמים,1.00,"ק""ג",true,,89.90,89.9000,true,1,74973
7290000646299,false,פילה נסיכת הנילוס קפ,,,פילה נסיכת הנילוס קפ,קילוגרמים,1.00,"ק""ג",true,,59.90,59.9000,true,1,113224
7290000658926,false,פילה מרלוזה קפוא 100,,,פילה מרלוזה קפוא 100,קילוגרמים,1.00,"ק""ג",true,,34.90,34.9000,true,1,113228
7290000659312,false,פילה סלמון פרמיום קפ,,,פילה סלמון פרמיום קפ,קילוגרמים,1.00,"ק""ג",true,,79.90,79.9000,true,1,74971
7290000679631,false,קמיל בלו אל סבון קלא,,,קמיל בלו אל סבון קלא,מיליליטרים,500.00,"100 מ""ל",false,,13.90,2.7800,true,1,52049
7290000688084,false,"מי עדן ספורט 500מ""ל",קריות זול,,"מי עדן ספורט 500מ""ל",מיליליטרים,500.00,"100 מ""ל",false,,3.00,0.6000,true,1,26106
7290000688381,false,מי עדן ספורט שישייה,קריות זול,,מי עדן ספורט שישייה,מיליליטרים,3000.00,"100 מ""ל",false,,14.90,0.4967,true,1,22246
7290000688503,false,מי עדן ג'ים שישייה 6,קריות זול,,מי עדן ג'ים שישייה 6,מיליליטרים,4500.00,"100 מ""ל",false,,19.90,0.4422,true,1,26107
7290000692203,false,אגקס לניקוי כללי ניח,קריות זול,,אגקס לניקוי כללי ניח,מיליליטרים,2000.00,"100 מ""ל",false,,24.90,1.2450,true,1,28343
7290000692210,false,אגקס לניקוי כללי לבנ,קריות זול,,אגקס לניקוי כללי לבנ,מיליליטרים,2000.00,"100 מ""ל",false,,24.90,1.2450,true,1,28344
7290000805597,false,בונזו 7+ לכלבים 3קג,קריות זול,,בונזו 7+ לכלבים 3קג,קילוגרמים,3.00,"ק""ג",false,,54.90,18.3000,true,1,25079
7290000931673,false,סברס,,,סברס,קילוגרמים,1.00,"ק""ג",true,,28.90,28.9000,true,1,90439
7290000931781,false,פטאיה,,,פטאיה,קילוגרמים,1.00,"ק""ג",true,,24.90,24.9000,true,1,134313
7290000979427,false,שרי כתום ארוז בלב,,,שרי כתום ארוז בלב,גרמים,460.00,100 גרם,false,,9.90,2.1522,true,1,140110
7290000991029,false,ערמונים,,,ערמונים,קילוגרמים,1.00,"ק""ג",true,,19.90,19.9000,true,1,90359
7290000991512,false,אגס נאשי,,,אגס נאשי,קילוגרמים,1.00,"ק""ג",true,,15.90,15.9000,true,1,90504
7290000991961,false,תפוח ברשת,,,תפוח ברשת,קילוגרמים,1.00,"ק""ג",true,,9.90,9.9000,true,1,90445
7290000992381,false,אפרסמון,,,אפרסמון,קילוגרמים,1.00,"ק""ג",true,,19.90,19.9000,true,1,90360
7290000992426,false,אנונה,,,אנונה,קילוגרמים,1.00,"ק""ג",true,,25.90,25.9000,true,1,90447
7290000995410,false,נבטים סיניים נבטי הע,,,נבטים סיניים נבטי הע,גרמים,1000.00,100 גרם,false,,7.90,0.7900,true,1,20199
7290000999104,false,דלעת ערמונים,,,דלעת ערמונים,קילוגרמים,1.00,"ק""ג",true,,9.90,9.9000,true,1,92959
7290000999350,false,תפוז ארוז ברשת,,,תפוז ארוז ברשת,קילוגרמים,1.00,"ק""ג",true,,3.90,3.9000,true,1,90362
7290000999361,false,"תפו""ע פינק גולד",,,"תפו""ע פינק גולד",קילוגרמים,1.00,"ק""ג",true,,16.90,16.9000,true,1,90363
7290000999626,false,ברוקולי ארוז,,,ברוקולי ארוז,גרמים,1000.00,100 גרם,false,,7.90,0.7900,true,1,90524
7290000999748,false,גינגר תפזורת,,,גינגר תפזורת,קילוגרמים,1.00,"ק""ג",true,,24.90,24.9000,true,1,90512
7290000999752,false,רימון,,,רימון,קילוגרמים,1.00,"ק""ג",true,,8.90,8.9000,true,1,90364
7290000999782,false,עגבניה מגי,,,עגבניה מגי,קילוגרמים,1.00,"ק""ג",true,,16.90,16.9000,true,1,90517
7290000999818,false,אננס,,,אננס,יחידה,0.00,יחידה,false,,39.90,0.0000,true,1,90458
7290000999819,false,קלמנטינה/מנדרינה,,,קלמנטינה/מנדרינה,קילוגרמים,1.00,"ק""ג",true,,7.90,7.9000,true,1,90365
7290000999821,false,קיווי,,,קיווי,קילוגרמים,1.00,"ק""ג",true,,19.90,19.9000,true,1,90459
7290000999825,false,עגבניה שרי מנומר,,,עגבניה שרי מנומר,קילוגרמים,1.00,"ק""ג",true,,19.90,19.9000,true,1,90737
7290000999826,false,אפרסק,,,אפרסק,קילוגרמים,1.00,"ק""ג",true,,14.90,14.9000,true,1,90460
7290000999832,false,גויבה,,,גויבה,קילוגרמים,1.00,"ק""ג",true,,18.90,18.9000,true,1,90462
7290000999833,false,ברוקולי,,,ברוקולי,גרמים,1000.00,100 גרם,false,,7.90,0.7900,true,1,90366
7290000999834,false,דלורית,,,דלורית,קילוגרמים,1.00,"ק""ג",true,,5.90,5.9000,true,1,90463
7290000999852,false,פטיה,,,פטיה,קילוגרמים,1.00,"ק""ג",true,,10.00,10.0000,true,1,90708
7290000999875,false,שזיף שגיב,,,שזיף שגיב,קילוגרמים,1.00,"ק""ג",true,,15.90,15.9000,true,1,90466
7290000999877,false,"תפו""א לאפיה קטן",,,"תפו""א לאפיה קטן",קילוגרמים,1.00,"ק""ג",true,,3.90,3.9000,true,1,90467
7290000999890,false,פלפל שושקה,,,פלפל שושקה,קילוגרמים,1.00,"ק""ג",true,,15.90,15.9000,true,1,90367
7290000999896,false,ענבים אדום,,,ענבים אדום,קילוגרמים,1.00,"ק""ג",true,,24.90,24.9000,true,1,90368
7290000999899,false,קישואים זוקיני,,,קישואים זוקיני,קילוגרמים,1.00,"ק""ג",true,,14.90,14.9000,true,1,90468
7290000999901,false,עגבניה אשכולות,,,עגבניה אשכולות,קילוגרמים,1.00,"ק""ג",true,,6.90,6.9000,true,1,90369
7290000999902,false,עגבניה שרי,,,עגבניה שרי,קילוגרמים,1.00,"ק""ג",true,,15.90,15.9000,true,1,90370
7290000999903,false,מלפפון,,,מלפפון,קילוגרמים,1.00,"ק""ג",true,,5.90,5.9000,true,1,90371
7290000999904,false,פלפל ירוק,,,פלפל ירוק,קילוגרמים,1.00,"ק""ג",true,,9.90,9.9000,true,1,90469
7290000999905,false,פלפל בהיר,,,פלפל בהיר,קילוגרמים,1.00,"ק""ג",true,,9.90,9.9000,true,1,90470
7290000999906,false,פלפל אדום,,,פלפל אדום,קילוגרמים,1.00,"ק""ג",true,,9.90,9.9000,true,1,90372
7290000999907,false,פלפל צהוב,,,פלפל צהוב,קילוגרמים,1.00,"ק""ג",true,,9.90,9.9000,true,1,90471
7290000999908,false,פלפל חריף,,,פלפל חריף,קילוגרמים,1.00,"ק""ג",true,,9.90,9.9000,true,1,90373
7290000999909,false,כרוב לבן,,,כרוב לבן,קילוגרמים,1.00,"ק""ג",true,,3.90,3.9000,true,1,90374
7290000999910,false,כרוב אדום,,,כרוב אדום,קילוגרמים,1.00,"ק""ג",true,,5.90,5.9000,true,1,90472
7290000999911,false,כרובית,,,כרובית,קילוגרמים,1.00,"ק""ג",true,,12.90,12.9000,true,1,90375
7290000999912,false,קישואים,,,קישואים,קילוגרמים,1.00,"ק""ג",true,,8.90,8.9000,true,1,90376
7290000999913,false,חציל,,,חציל,קילוגרמים,1.00,"ק""ג",true,,5.90,5.9000,true,1,90377
7290000999914,false,גזר ארוז,,,גזר ארוז,קילוגרמים,1.00,"ק""ג",true,,4.90,4.9000,true,1,90378
7290000999916,false,סלק,,,סלק,קילוגרמים,1.00,"ק""ג",true,,5.90,5.9000,true,1,90401
7290000999917,false,בטטה,,,בטטה,קילוגרמים,1.00,"ק""ג",true,,9.90,9.9000,true,1,90380
7290000999918,false,דלעת,,,דלעת,קילוגרמים,1.00,"ק""ג",true,,9.90,9.9000,true,1,90473
7290000999919,false,בצל יבש,,,בצל יבש,קילוגרמים,1.00,"ק""ג",true,,4.90,4.9000,true,1,90474
7290000999920,false,בצל אדום,,,בצל אדום,קילוגרמים,1.00,"ק""ג",true,,6.90,6.9000,true,1,90475
7290000999921,false,חסה ערבית,,,חסה ערבית,גרמים,1000.00,100 גרם,false,,5.90,0.5900,true,1,90396
7290000999922,false,חסה עגולה,,,חסה עגולה,גרמים,1000.00,100 גרם,false,,5.90,0.5900,true,1,90500
7290000999924,false,שום יבש,,,שום יבש,גרמים,1000.00,100 גרם,false,,7.90,0.7900,true,1,90476
7290000999925,false,"תפו""א לבן",,,"תפו""א לבן",קילוגרמים,1.00,"ק""ג",true,,4.90,4.9000,true,1,90381
7290000999926,false,"תפו""א אדום",,,"תפו""א אדום",קילוגרמים,1.00,"ק""ג",true,,5.90,5.9000,true,1,90382
7290000999934,false,עגבניה שרי תמר,,,עגבניה שרי תמר,קילוגרמים,1.00,"ק""ג",true,,19.90,19.9000,true,1,90383
7290000999936,false,תירס,,,תירס,קילוגרמים,1.00,"ק""ג",true,,9.90,9.9000,true,1,90384
7290000999942,false,תפו'ע זהוב,,,תפו'ע זהוב,קילוגרמים,1.00,"ק""ג",true,,11.90,11.9000,true,1,90385
7290000999943,false,תפו'ע סמיט,,,תפו'ע סמיט,קילוגרמים,1.00,"ק""ג",true,,11.90,11.9000,true,1,90386
7290000999944,false,תפו'ע חרמון/גלה,,,תפו'ע חרמון/גלה,קילוגרמים,1.00,"ק""ג",true,,11.90,11.9000,true,1,90387
7290000999945,false,אגס,,,אגס,קילוגרמים,1.00,"ק""ג",true,,14.90,14.9000,true,1,90388
7290000999947,false,שזיף אדום,,,שזיף אדום,קילוגרמים,1.00,"ק""ג",true,,19.90,19.9000,true,1,90478
7290000999948,false,נקטרינה,,,נקטרינה,קילוגרמים,1.00,"ק""ג",true,,14.90,14.9000,true,1,90479
7290000999949,false,בננה,,,בננה,קילוגרמים,1.00,"ק""ג",true,,6.90,6.9000,true,1,90480
7290000999950,false,מלון,,,מלון,קילוגרמים,1.00,"ק""ג",true,,8.90,8.9000,true,1,90481
7290000999952,false,ענבים לבנים,,,ענבים לבנים,קילוגרמים,1.00,"ק""ג",true,,29.90,29.9000,true,1,90389
7290000999953,false,לימון,,,לימון,קילוגרמים,1.00,"ק""ג",true,,6.90,6.9000,true,1,90390
7290000999954,false,מנגו,,,מנגו,קילוגרמים,1.00,"ק""ג",true,,14.90,14.9000,true,1,90483
7290000999955,false,קולורבי,,,קולורבי,קילוגרמים,1.00,"ק""ג",true,,7.90,7.9000,true,1,90397
7290000999956,false,פלפל כתום,,,פלפל כתום,קילוגרמים,1.00,"ק""ג",true,,9.90,9.9000,true,1,90484
7290000999957,false,אבוקדו,,,אבוקדו,קילוגרמים,1.00,"ק""ג",true,,12.90,12.9000,true,1,90391
7290000999959,false,תפו'ע יונתן,,,תפו'ע יונתן,קילוגרמים,1.00,"ק""ג",true,,9.90,9.9000,true,1,90486
7290000999961,false,שומר,,,שומר,קילוגרמים,1.00,"ק""ג",true,,5.90,5.9000,true,1,90392
7290000999967,false,פומלה,,,פומלה,קילוגרמים,1.00,"ק""ג",true,,9.90,9.9000,true,1,90488
7290000999976,false,תפו'ע ענה,,,תפו'ע ענה,קילוגרמים,1.00,"ק""ג",true,,11.90,11.9000,true,1,90491
7290000999988,false,תפוז,,,תפוז,קילוגרמים,1.00,"ק""ג",true,,6.90,6.9000,true,1,90393
7290000999990,false,פומלית,,,פומלית,קילוגרמים,1.00,"ק""ג",true,,5.90,5.9000,true,1,90495
7290001009123,false,לחם כוסמין 100% 600,,,לחם כוסמין 100% 600,גרמים,600.00,100 גרם,false,,15.90,2.6500,true,1,135832
7290001009178,false,לחם שיפון לחמנו 900ג,,,לחם שיפון לחמנו 900ג,גרמים,900.00,100 גרם,false,,15.90,1.7667,true,1,135837
7290001041178,false,אפונה ירוקה מיה 1קג,,,אפונה ירוקה מיה 1קג,גרמים,1000.00,100 גרם,false,,8.90,0.8900,true,1,49981
7290001041185,false,פופקורן מיה 1קג,,,פופקורן מיה 1קג,גרמים,1000.00,100 גרם,false,,10.90,1.0900,true,1,49982
7290001041192,false,עדשים אדומות 1 קג,,,עדשים אדומות 1 קג,גרמים,1000.00,100 גרם,false,,13.90,1.3900,true,1,49973
7290001041208,false,עדשים ירוקות 1 קג,,,עדשים ירוקות 1 קג,גרמים,1000.00,100 גרם,false,,13.90,1.3900,true,1,49983
7290001041215,false,חיטה מיה 1קג,,,חיטה מיה 1קג,גרמים,1000.00,100 גרם,false,,8.90,0.8900,true,1,49974
7290001041260,false,שומשום 400 גרם,,,שומשום 400 גרם,גרמים,400.00,100 גרם,false,,11.90,2.9750,true,1,50530
7290001050019,false,"קמח תפו""א פרימיום 50",,,"קמח תפו""א פרימיום 50",גרמים,500.00,100 גרם,false,,6.50,1.3000,true,1,99612
7290001072141,false,סבון ידיים ורוד+משאב,,,סבון ידיים ורוד+משאב,מיליליטרים,1000.00,"100 מ""ל",false,,10.90,1.0900,true,1,72937
7290001121023,false,פסטרמה של פעם יחיעם,,,פסטרמה של פעם יחיעם,קילוגרמים,1.00,"ק""ג",true,,89.00,89.0000,true,1,39050
7290001121054,false,צמד חמד יחיעם 700 גר,קריות זול,,צמד חמד יחיעם 700 גר,גרמים,700.00,100 גרם,false,,29.90,4.2714,true,1,35178
7290001121238,false,קורנדביף יחיעם 180גר,,,קורנדביף יחיעם 180גר,גרמים,180.00,100 גרם,false,,29.90,16.6111,true,1,49286
7290001121672,false,פסטרמה מעודנת בפפריק,,,פסטרמה מעודנת בפפריק,גרמים,300.00,100 גרם,false,,26.90,8.9667,true,1,64617
7290001121849,false,פסטרמה הודו 100% חומ,,,פסטרמה הודו 100% חומ,גרמים,250.00,100 גרם,false,,27.90,11.1600,true,1,67400
7290001121979,false,סלמי הרץ יחיעם 150 ג,,,סלמי הרץ יחיעם 150 ג,גרמים,150.00,100 גרם,false,,29.90,19.9333,true,1,62387
7290001135037,false,חזה עוף טרי ארוז,,,חזה עוף טרי ארוז,קילוגרמים,1.00,"ק""ג",true,,39.90,39.9000,true,1,137396
7290001136294,false,נקה 7 שמפו לשיער יבש,,,נקה 7 שמפו לשיער יבש,מיליליטרים,750.00,"100 מ""ל",false,,12.90,1.7200,true,1,22227
7290001136300,false,נקה 7 שמפו לסירוק קל,,,נקה 7 שמפו לסירוק קל,מיליליטרים,750.00,"100 מ""ל",false,,12.90,1.7200,true,1,20657
7290001216231,false,טחינה שומשום מלא אל,,,טחינה שומשום מלא אל,גרמים,500.00,100 גרם,false,,18.90,3.7800,true,1,76067
7290001230739,false,כאמל כחול חפיסה,,,כאמל כחול חפיסה,יחידה,0.00,יחידה,false,,32.00,0.0000,false,1,50030
7290001231932,false,וינסטון כחול בוקס,,,וינסטון כחול בוקס,יחידה,0.00,יחידה,false,,34.00,0.0000,false,1,50034
7290001245729,false,ג'ל כביסה ירוק 3ל טא,,,ג'ל כביסה ירוק 3ל טא,ליטרים,3.00,ליטר,false,,17.90,5.9667,true,1,107265
7290001246078,false,מרכך פרימיום סנשואל,,,מרכך פרימיום סנשואל,ליטרים,1.00,ליטר,false,,13.90,13.9000,true,1,107280
7290001246238,false,תרסיס מטהר אוויר פרי,,,תרסיס מטהר אוויר פרי,מיליליטרים,300.00,"100 מ""ל",false,,4.90,1.6333,true,1,107290
7290001246306,false,נוזל כלים תפוח 24% 7,,,נוזל כלים תפוח 24% 7,מיליליטרים,750.00,"100 מ""ל",false,,6.90,0.9200,true,1,107294
7290001247068,false,ספרינג תות בננה קרטו,קריות זול,,ספרינג תות בננה קרטו,מיליליטרים,1000.00,"100 מ""ל",false,,7.90,0.7900,true,1,26116
7290001247082,false,ספרינג עגבניות קרטונ,קריות זול,,ספרינג עגבניות קרטונ,מיליליטרים,1000.00,"100 מ""ל",false,,7.90,0.7900,true,1,26118
7290001247112,false,ספרינג לימונענע קרטו,קריות זול,,ספרינג לימונענע קרטו,מיליליטרים,1000.00,"100 מ""ל",false,,7.90,0.7900,true,1,26121
7290001247129,false,ספרינג תפוז קרטונית,קריות זול,,ספרינג תפוז קרטונית,מיליליטרים,1000.00,"100 מ""ל",false,,7.90,0.7900,true,1,26122
7290001247143,false,ספרינג תפוח קרטונית,קריות זול,,ספרינג תפוח קרטונית,מיליליטרים,1000.00,"100 מ""ל",false,,7.90,0.7900,true,1,26124
7290001258453,false,קממברט אגוזים בקר יע,,,קממברט אגוזים בקר יע,קילוגרמים,1.00,"ק""ג",true,,99.90,99.9000,true,1,112586
7290001258804,false,קשקבל ואקום 180 גרם,,,קשקבל ואקום 180 גרם,גרמים,180.00,100 גרם,false,,24.90,13.8333,true,1,112596
7290001258958,false,מוצרלה מגורדת 200 גר,,,מוצרלה מגורדת 200 גר,גרמים,200.00,100 גרם,false,,24.90,12.4500,true,1,112597
7290001274576,false,גלידל גלידה משפחתית,,,גלידל גלידה משפחתית,גרמים,450.00,100 גרם,false,,19.90,4.4222,true,1,134921
7290001274934,false,גלידל פרי מאגדת בטעם,,,גלידל פרי מאגדת בטעם,יח',5.00,יח',false,,23.90,4.7800,true,1,129465
7290001274941,false,גלידל פרי מאגדת בטעם,,,גלידל פרי מאגדת בטעם,יח',8.00,יח',false,,23.90,2.9875,true,1,129466
7290001303948,false,שניצל עוף ארוז,,,שניצל עוף ארוז,קילוגרמים,1.00,"ק""ג",true,,45.90,45.9000,true,1,102008
7290001305058,false,פלמוליב תחליב רחצה ס,קריות זול,,פלמוליב תחליב רחצה ס,מיליליטרים,500.00,"100 מ""ל",false,,17.50,3.5000,true,1,28358
7290001327180,false,קרמיסימו וניל ציפ 1.,קריות זול,,קרמיסימו וניל ציפ 1.,מיליליטרים,1330.00,"100 מ""ל",false,,21.90,1.6466,true,1,28847
7290001327791,false,קרמיסימו עוגיות 1.33,קריות זול,,קרמיסימו עוגיות 1.33,מיליליטרים,1330.00,"100 מ""ל",false,,21.90,1.6466,true,1,28853
7290001407134,false,חלבה פרוסות שוקו וני,,,חלבה פרוסות שוקו וני,גרמים,400.00,100 גרם,false,,16.90,4.2250,true,1,68830
7290001407547,false,טחינה משומשום מלא פי,,,טחינה משומשום מלא פי,גרמים,500.00,100 גרם,false,,17.90,3.5800,true,1,73495
7290001407813,false,חלבה שאמית פיסטוק בא,קריות זול,,חלבה שאמית פיסטוק בא,גרמים,350.00,100 גרם,false,,17.90,5.1143,true,1,25379
7290001407820,false,חלבה שאמית קלאסית בא,קריות זול,,חלבה שאמית קלאסית בא,גרמים,350.00,100 גרם,false,,17.90,5.1143,true,1,25380
7290001407936,false,טחינה מעודנת לחיץ בא,,,טחינה מעודנת לחיץ בא,גרמים,310.00,100 גרם,false,,14.90,4.8065,true,1,90302
7290001436790,false,נקניקיות מרגז מיני א,,,נקניקיות מרגז מיני א,גרמים,500.00,100 גרם,false,,29.90,5.9800,true,1,91783
7290001455456,false,פילה נסיכת הנילוס פר,,,פילה נסיכת הנילוס פר,קילוגרמים,1.00,"ק""ג",true,,74.90,74.9000,true,1,103300
7290001455937,false,אנטריקוט עגל פריים,,,אנטריקוט עגל פריים,קילוגרמים,1.00,"ק""ג",true,,159.00,159.0000,true,1,136357
7290001482094,false,פרמז'נו וילי פוד 200,,,פרמז'נו וילי פוד 200,גרמים,200.00,100 גרם,false,,23.90,11.9500,true,1,68147
7290001482933,false,גאודה הולנדי 28% ויל,,,גאודה הולנדי 28% ויל,קילוגרמים,1.00,"ק""ג",true,,65.00,65.0000,true,1,69344
7290001485019,false,גבינת שמנת טבעי 5% 2,קריות זול,,גבינת שמנת טבעי 5% 2,גרמים,200.00,100 גרם,false,,12.90,6.4500,true,1,33325
7290001491010,false,תה ירוק יסמין 25יח,קריות זול,,תה ירוק יסמין 25יח,גרמים,37.50,100 גרם,false,,26.90,71.7333,true,1,31097
7290001491096,false,תה ירוק בתוספת לימונ,קריות זול,,תה ירוק בתוספת לימונ,יח',50.00,יח',false,,46.90,0.9380,true,1,31098
7290001548011,false,טחינה ירוקה 250 גרם,,,טחינה ירוקה 250 גרם,גרמים,250.00,100 גרם,false,,15.90,6.3600,true,1,113118
7290001548042,false,ביצים גביע 250גר סלט,,,ביצים גביע 250גר סלט,גרמים,250.00,100 גרם,false,,22.90,9.1600,true,1,120147
7290001548073,false,חציל טבעי שום 250גר,,,חציל טבעי שום 250גר,גרמים,250.00,100 גרם,false,,16.90,6.7600,true,1,113108
7290001548103,false,עלי גפן ממולאים 250,,,עלי גפן ממולאים 250,גרמים,250.00,100 גרם,false,,21.90,8.7600,true,1,141254
7290001548134,false,כרוב לבן שום שמיר 25,,,כרוב לבן שום שמיר 25,גרמים,250.00,100 גרם,false,,15.90,6.3600,true,1,113131
7290001548202,false,רצועות סלק גביע 250ג,,,רצועות סלק גביע 250ג,גרמים,250.00,100 גרם,false,,15.90,6.3600,true,1,120150
7290001548233,false,חציל מחנה יהודה פיקנ,,,חציל מחנה יהודה פיקנ,גרמים,250.00,100 גרם,false,,17.90,7.1600,true,1,141236
7290001548271,false,כרוב לבן וגזר 250 גר,,,כרוב לבן וגזר 250 גר,גרמים,250.00,100 גרם,false,,15.90,6.3600,true,1,141252
7290001548288,false,מסבחה פיקנטי 250 גרם,,,מסבחה פיקנטי 250 גרם,גרמים,250.00,100 גרם,false,,15.90,6.3600,true,1,113116
7290001548295,false,מטבוחה 250 גרם סלטי,,,מטבוחה 250 גרם סלטי,גרמים,250.00,100 גרם,false,,15.90,6.3600,true,1,113141
7290001548332,false,טונה סלרי (אמריקאית),,,טונה סלרי (אמריקאית),גרמים,250.00,100 גרם,false,,24.90,9.9600,true,1,120148
7290001548349,false,"תפו""א במיונז ביתי 25",,,"תפו""א במיונז ביתי 25",גרמים,250.00,100 גרם,false,,15.90,6.3600,true,1,113128
7290001548387,false,כרוב סיני 250 גרם סל,,,כרוב סיני 250 גרם סל,גרמים,250.00,100 גרם,false,,15.90,6.3600,true,1,113133
7290001548400,false,חומוס זהב 250 גרם סל,,,חומוס זהב 250 גרם סל,גרמים,250.00,100 גרם,false,,15.90,6.3600,true,1,113117
7290001548462,false,פלפל רצועות חריף 250,,,פלפל רצועות חריף 250,גרמים,250.00,100 גרם,false,,22.90,9.1600,true,1,113143
7290001548493,false,שום כתוש 250 גרם סלט,,,שום כתוש 250 גרם סלט,גרמים,250.00,100 גרם,false,,13.90,5.5600,true,1,113122
7290001548530,false,מסבחה פטרוזיליה 250,,,מסבחה פטרוזיליה 250,גרמים,250.00,100 גרם,false,,15.90,6.3600,true,1,113119
7290001548561,false,גזר חריף חי בלימון 2,,,גזר חריף חי בלימון 2,גרמים,250.00,100 גרם,false,,15.90,6.3600,true,1,113137
7290001548592,false,סלט טחינה עמבה 250 ג,,,סלט טחינה עמבה 250 ג,גרמים,250.00,100 גרם,false,,15.90,6.3600,true,1,141253
7290001548615,false,חציל בטחינה 250 גרם,,,חציל בטחינה 250 גרם,גרמים,250.00,100 גרם,false,,16.90,6.7600,true,1,113109
7290001548639,false,חציל מונטה קרלו 250,,,חציל מונטה קרלו 250,גרמים,250.00,100 גרם,false,,16.90,6.7600,true,1,113113
7290001548691,false,כרוב אדום במיונז 250,,,כרוב אדום במיונז 250,גרמים,250.00,100 גרם,false,,15.90,6.3600,true,1,113134
7290001548752,false,טחינה לבנה 250 גרם ס,,,טחינה לבנה 250 גרם ס,גרמים,250.00,100 גרם,false,,15.90,6.3600,true,1,113123
7290001548776,false,סחוג אדום 250 גרם סל,,,סחוג אדום 250 גרם סל,גרמים,250.00,100 גרם,false,,15.90,6.3600,true,1,113149
7290001548783,false,פלפל אש טוניסאי 250ג,,,פלפל אש טוניסאי 250ג,גרמים,250.00,100 גרם,false,,22.90,9.1600,true,1,113150
7290001548875,false,חמוצים יפנים 450 ג ס,,,חמוצים יפנים 450 ג ס,גרמים,450.00,100 גרם,false,,24.90,5.5333,true,1,113136
7290001548950,false,פלפל חריף מונטה גביע,,,פלפל חריף מונטה גביע,גרמים,250.00,100 גרם,false,,21.90,8.7600,true,1,128527
7290001548974,false,לימון כבוש טחון 250,,,לימון כבוש טחון 250,גרמים,250.00,100 גרם,false,,21.90,8.7600,true,1,113126
7290001548998,false,סלט חומוס זהב 500 גר,,,סלט חומוס זהב 500 גר,גרמים,500.00,100 גרם,false,,22.90,4.5800,true,1,141237
7290001567555,false,פסטרמה מעודנת עם דבש,,,פסטרמה מעודנת עם דבש,גרמים,300.00,100 גרם,false,,26.90,8.9667,true,1,91663
7290001567760,false,פסטרמה של פעם ללא חו,,,פסטרמה של פעם ללא חו,גרמים,300.00,100 גרם,false,,29.90,9.9667,true,1,77019
7290001567814,false,סלמי מעושן בסגנון אי,,,סלמי מעושן בסגנון אי,גרמים,300.00,100 גרם,false,,26.90,8.9667,true,1,77024
7290001589342,false,ספירה תחליב נגד עקיצ,,,ספירה תחליב נגד עקיצ,יחידה,70.00,יחידה,false,,13.90,0.1986,true,1,35310
7290001594025,false,קוקה קולה קלאסי 350מ,,,קוקה קולה קלאסי 350מ,מיליליטרים,350.00,"100 מ""ל",false,,7.00,2.0000,true,1,101881
7290001594377,false,פריגת תפוזים 500 מל,קריות זול,,פריגת תפוזים 500 מל,מיליליטרים,500.00,"100 מ""ל",false,,6.70,1.3400,true,1,27883
7290001594384,false,פריגת אשכוליות 500מל,קריות זול,,פריגת אשכוליות 500מל,מיליליטרים,500.00,"100 מ""ל",false,,6.70,1.3400,true,1,27884
7290001594391,false,פריגת ענבים 500מל,קריות זול,,פריגת ענבים 500מל,מיליליטרים,500.00,"100 מ""ל",false,,6.70,1.3400,true,1,27885
7290001594858,false,בירה טובורג בקבוק שי,קריות זול,,בירה טובורג בקבוק שי,מיליליטרים,1980.00,"100 מ""ל",false,,44.90,2.2677,true,1,27895
7290001594865,false,שישיית בירה קרלסברג,קריות זול,,שישיית בירה קרלסברג,מיליליטרים,1980.00,"100 מ""ל",false,,43.90,2.2172,true,1,27896
7290001598085,false,לחם משפחתי 1.1 קג,,,לחם משפחתי 1.1 קג,גרמים,1100.00,100 גרם,false,,16.90,1.5364,true,1,134648
7290001598191,false,לחם קל מקמח שיפון 70,,,לחם קל מקמח שיפון 70,גרמים,700.00,100 גרם,false,,13.90,1.9857,true,1,134651
7290001598276,false,"לחם 7 דגנים 1.1 ק""ג",,,"לחם 7 דגנים 1.1 ק""ג",גרמים,1100.00,100 גרם,false,,16.90,1.5364,true,1,134654
7290001598528,false,לחם כוסמין  450 גרם,,,לחם כוסמין  450 גרם,גרמים,450.00,100 גרם,false,,16.90,3.7556,true,1,136661
7290001598580,false,פיתות 6 יח כוסמין 37,,,פיתות 6 יח כוסמין 37,גרמים,372.00,100 גרם,false,,16.90,4.5430,true,1,136663
7290001648919,false,קפה כתר 3*70גר,,,קפה כתר 3*70גר,גרמים,210.00,100 גרם,false,,10.90,5.1905,true,1,52710
7290001648995,false,*מבצע* קפה טורקי רג',,,*מבצע* קפה טורקי רג',גרמים,300.00,100 גרם,false,,12.90,4.3000,true,1,98791
7290001670514,false,מלית אוכמניות 400 גר,קריות זול,,מלית אוכמניות 400 גר,גרמים,400.00,100 גרם,false,,13.90,3.4750,true,1,31744
7290001670668,false,קרחונית 12יח,,,קרחונית 12יח,יח',12.00,יח',false,,3.90,0.3250,true,1,73278
7290001670842,false,מלית חלבה 400 גר,קריות זול,,מלית חלבה 400 גר,גרמים,400.00,100 גרם,false,,12.90,3.2250,true,1,31750
7290001670859,false,מלית דובדבנים 400 גר,קריות זול,,מלית דובדבנים 400 גר,גרמים,400.00,100 גרם,false,,13.90,3.4750,true,1,31751
7290001713150,false,אקונומיקה קצף ניקוי,,,אקונומיקה קצף ניקוי,ליטרים,1.00,ליטר,false,,11.90,11.9000,true,1,99858
7290001713167,false,קצף לניקוי כלים סניט,,,קצף לניקוי כלים סניט,ליטרים,1.00,ליטר,false,,11.90,11.9000,true,1,99859
7290001713518,false,סנט מוריץ תרסיס לניק,,,סנט מוריץ תרסיס לניק,מיליליטרים,750.00,"100 מ""ל",false,,12.90,1.7200,true,1,52115
7290001714034,false,שריר עגל,,,שריר עגל,קילוגרמים,1.00,"ק""ג",true,,69.90,69.9000,true,1,74249
7290001714058,false,אנטריקוט עגל פריים,,,אנטריקוט עגל פריים,קילוגרמים,1.00,"ק""ג",true,,159.00,159.0000,true,1,74250
7290001714072,false,צלעות עגל,,,צלעות עגל,קילוגרמים,1.00,"ק""ג",true,,69.90,69.9000,true,1,74251
7290001714089,false,צוואר עגל,,,צוואר עגל,קילוגרמים,1.00,"ק""ג",true,,69.90,69.9000,true,1,74252
7290001714133,false,גולש עגל,,,גולש עגל,קילוגרמים,1.00,"ק""ג",true,,69.00,69.0000,true,1,134776
7290001791349,false,אקונומיקה פיסגה ריחנ,קריות זול,,אקונומיקה פיסגה ריחנ,ליטרים,4.00,ליטר,false,,12.90,3.2250,true,1,25769
7290001791776,false,סנו די רולאון עם אלו,,,סנו די רולאון עם אלו,מיליליטרים,50.00,"100 מ""ל",false,,23.90,47.8000,true,1,43174
7290001855935,false,שמן חמניות מזוכך 900,,,שמן חמניות מזוכך 900,מיליליטרים,900.00,"100 מ""ל",false,,10.90,1.2111,true,1,103304
7290001865439,false,פמלי סבון נוזלי וניל,קריות זול,,פמלי סבון נוזלי וניל,מיליליטרים,1000.00,"100 מ""ל",false,,14.90,1.4900,true,1,25393
7290001865453,false,פמלי סבון נוזלי לבנד,קריות זול,,פמלי סבון נוזלי לבנד,מיליליטרים,1000.00,"100 מ""ל",false,,14.90,1.4900,true,1,25394
7290001873052,false,צלי כתף עגל,,,צלי כתף עגל,קילוגרמים,1.00,"ק""ג",true,,89.90,89.9000,true,1,134824
7290001893838,false,לברק נקי טרי,,,לברק נקי טרי,קילוגרמים,1.00,"ק""ג",true,,69.90,69.9000,true,1,76700
7290001917527,false,פדיות קוסמטיות פרש ו,קריות זול,,פדיות קוסמטיות פרש ו,יח',80.00,יח',false,,20.90,0.2612,true,1,43006
7290001973233,false,קמיל בלו סנסטיב מגבו,,,קמיל בלו סנסטיב מגבו,יחידה,0.00,יחידה,false,,11.90,0.0000,true,1,92877
7290001990094,false,סוכר חום בצנצנת קלאס,קריות זול,,סוכר חום בצנצנת קלאס,גרמים,1000.00,100 גרם,false,,15.90,1.5900,true,1,22608
7290001990148,false,סוכר גולדן קלאסי בצנ,קריות זול,,סוכר גולדן קלאסי בצנ,גרמים,1000.00,100 גרם,false,,13.90,1.3900,true,1,32164
7290001990377,false,שעועית בובס סוגת 500,קריות זול,,שעועית בובס סוגת 500,גרמים,500.00,100 גרם,false,,13.90,2.7800,true,1,32166
7290002007234,false,אבקת סוכר הנמל 100 ג,,,אבקת סוכר הנמל 100 ג,גרמים,100.00,100 גרם,false,,2.20,2.2000,true,1,31771
7290002007357,false,שקיות לצליה דליקטס ק,,,שקיות לצליה דליקטס ק,יח',10.00,יח',false,,4.90,0.4900,true,1,31776
7290002007487,false,צמר פלדה 100גר,קריות זול,,צמר פלדה 100גר,גרמים,100.00,100 גרם,false,,3.90,3.9000,true,1,31784
7290002007500,false,קיסמי שיניים במבוק 5,קריות זול,,קיסמי שיניים במבוק 5,יח',500.00,יח',false,,4.90,0.0098,true,1,31785
7290002007746,false,צבע מאכל כחול 50מל,קריות זול,,צבע מאכל כחול 50מל,מיליליטרים,50.00,"100 מ""ל",false,,3.90,7.8000,true,1,31788
7290002007821,false,צבע מאכל אדום 55מל,קריות זול,,צבע מאכל אדום 55מל,מיליליטרים,55.00,"100 מ""ל",false,,3.90,7.0909,true,1,31789
7290002008071,false,עטרות חום מס 2,,,עטרות חום מס 2,יחידה,0.00,יחידה,false,,5.90,0.0000,true,1,31799
7290002008088,false,צבע מאכל צהוב 55מל,,,צבע מאכל צהוב 55מל,מיליליטרים,55.00,"100 מ""ל",false,,3.90,7.0909,true,1,31800
7290002008118,false,צמרונים עץ 100יח.,קריות זול,,צמרונים עץ 100יח.,יח',100.00,יח',false,,1.90,0.0190,true,1,31802
7290002008156,false,עטרות חום .5,קריות זול,,עטרות חום .5,יחידה,0.00,יחידה,false,,7.90,0.0000,true,1,31804
7290002008170,false,עטרות חום 3,,,עטרות חום 3,יחידה,0.00,יחידה,false,,5.90,0.0000,true,1,31805
7290002008224,false,קישוט לעוגה גליד 100,קריות זול,,קישוט לעוגה גליד 100,גרמים,100.00,100 גרם,false,,6.50,6.5000,true,1,31808
7290002008262,false,מצע לירקות ולפירות ה,,,מצע לירקות ולפירות ה,יחידה,0.00,יחידה,false,,11.90,0.0000,true,1,31811
7290002008460,false,עטרות חום 1.5,קריות זול,,עטרות חום 1.5,יחידה,0.00,יחידה,false,,5.90,0.0000,true,1,31818
7290002008491,false,סוכריות מזרה שוקולד,קריות זול,,סוכריות מזרה שוקולד,גרמים,100.00,100 גרם,false,,6.50,6.5000,true,1,31820
7290002008507,false,נייר אפיה 50יח,,,נייר אפיה 50יח,יח',50.00,יח',false,,9.90,0.1980,true,1,31821
7290002008620,false,צבע מאכל ירוק 55 מל,,,צבע מאכל ירוק 55 מל,מיליליטרים,55.00,"100 מ""ל",false,,3.90,7.0909,true,1,31823
7290002008828,false,סוכריות לעוגה גמבו ש,,,סוכריות לעוגה גמבו ש,גרמים,200.00,100 גרם,false,,9.50,4.7500,true,1,35425
7290002008934,false,סוכריות צבעוניות לקי,קריות זול,,סוכריות צבעוניות לקי,גרמים,200.00,100 גרם,false,,9.50,4.7500,true,1,31829
7290002013006,false,פסטרמה מקסיקנית זוגל,,,פסטרמה מקסיקנית זוגל,קילוגרמים,1.00,"ק""ג",true,,89.00,89.0000,true,1,49574
7290002013037,false,פסטרמה פרגית זוגלובק,,,פסטרמה פרגית זוגלובק,קילוגרמים,1.00,"ק""ג",true,,89.00,89.0000,true,1,49575
7290002013174,false,פסטרמה של פעם זוגלוב,,,פסטרמה של פעם זוגלוב,קילוגרמים,1.00,"ק""ג",true,,89.00,89.0000,true,1,52030
7290002014201,false,חומוס  מיקי 200 גרם,,,חומוס  מיקי 200 גרם,גרמים,200.00,100 גרם,false,,9.90,4.9500,true,1,28726
7290002014232,false,סלט טורקי 200 גר,,,סלט טורקי 200 גר,גרמים,200.00,100 גרם,false,,9.90,4.9500,true,1,28729
7290002019763,false,עגבניות מרוסקות פרינ,,,עגבניות מרוסקות פרינ,גרמים,800.00,100 גרם,false,,7.90,0.9875,true,1,35450
7290002019787,false,רסק עגבניות22% פריני,קריות זול,,רסק עגבניות22% פריני,גרמים,260.00,100 גרם,false,,4.70,1.8077,true,1,33463
7290002019794,false,רסק עגבניות 22% פרינ,,,רסק עגבניות 22% פרינ,גרמים,100.00,100 גרם,false,,2.50,2.5000,true,1,32795
7290002026341,false,צ'יפס אריסטו רגיל 50,,,צ'יפס אריסטו רגיל 50,גרמים,500.00,100 גרם,false,,18.90,3.7800,true,1,98141
7290002026365,false,טבעות בצל 500גר,,,טבעות בצל 500גר,גרמים,500.00,100 גרם,false,,11.90,2.3800,true,1,90103
7290002026440,false,פרצלס קפוא 280גר,,,פרצלס קפוא 280גר,גרמים,280.00,100 גרם,false,,14.90,5.3214,true,1,69584
7290002026587,false,וופל בלגי קפוא 8יח ב,,,וופל בלגי קפוא 8יח ב,גרמים,280.00,100 גרם,false,,14.90,5.3214,true,1,120059
7290002037040,false,חלה פלוב ודש 500 גרם,,,חלה פלוב ודש 500 גרם,גרמים,500.00,100 גרם,false,,16.90,3.3800,true,1,135675
7290002037057,false,לחם לבן פרוס 500גר,,,לחם לבן פרוס 500גר,גרמים,500.00,100 גרם,false,,6.10,1.2200,true,1,135676
7290002037125,false,חלה פרוסה וודש 500גר,,,חלה פרוסה וודש 500גר,גרמים,500.00,100 גרם,false,,9.90,1.9800,true,1,135677
7290002037163,false,לחם אחיד פרוס 750גר,,,לחם אחיד פרוס 750גר,גרמים,750.00,100 גרם,false,,7.10,0.9467,true,1,135679
7290002037194,false,לחם שחור מקמח מלא וו,,,לחם שחור מקמח מלא וו,גרמים,750.00,100 גרם,false,,13.90,1.8533,true,1,135680
7290002037309,false,לחמניות המבורגר 8יח,,,לחמניות המבורגר 8יח,גרמים,400.00,100 גרם,false,,14.90,3.7250,true,1,135682
7290002037637,false,חליות מתוקות 4יח,,,חליות מתוקות 4יח,גרמים,400.00,100 גרם,false,,12.90,3.2250,true,1,135685
7290002037651,false,חלה מתוקה ברמן,,,חלה מתוקה ברמן,גרמים,500.00,100 גרם,false,,8.90,1.7800,true,1,136636
7290002053088,false,אטריות ביצים מס`8 20,,,אטריות ביצים מס`8 20,גרמים,200.00,100 גרם,false,,10.90,5.4500,true,1,55601
7290002053118,false,אטריות ביצים מס 14 2,קריות זול,,אטריות ביצים מס 14 2,גרמים,200.00,100 גרם,false,,10.90,5.4500,true,1,22419
7290002053538,false,נודלס תאילנדי 400גר+,,,נודלס תאילנדי 400גר+,יחידה,0.00,יחידה,false,,19.90,0.0000,true,1,102806
7290002057017,false,זית נובו יבנה 330גר,קריות זול,,זית נובו יבנה 330גר,גרמים,330.00,100 גרם,false,,10.90,3.3030,true,1,35454
7290002057031,false,זית מבוקע יבנה 540גר,קריות זול,,זית מבוקע יבנה 540גר,גרמים,540.00,100 גרם,false,,9.90,1.8333,true,1,35455
7290002057048,false,זית סורי מבוקע 540גר,קריות זול,,זית סורי מבוקע 540גר,גרמים,540.00,100 גרם,false,,10.90,2.0185,true,1,22610
7290002057123,false,חרוזית ירוק 540 גר,קריות זול,,חרוזית ירוק 540 גר,גרמים,540.00,100 גרם,false,,10.90,2.0185,true,1,22615
7290002057161,false,זית מירנט חתוך ביין,קריות זול,,זית מירנט חתוך ביין,גרמים,340.00,100 גרם,false,,10.90,3.2059,true,1,22617
7290002057185,false,טבעות זיתים ירוק 540,קריות זול,,טבעות זיתים ירוק 540,גרמים,540.00,100 גרם,false,,10.90,2.0185,true,1,22618
7290002057352,false,מלפפון 7-9 במלח 540ג,קריות זול,,מלפפון 7-9 במלח 540ג,גרמים,540.00,100 גרם,false,,7.40,1.3704,true,1,40281
7290002057376,false,מלפפון 13-17 במלח 54,קריות זול,,מלפפון 13-17 במלח 54,גרמים,540.00,100 גרם,false,,10.70,1.9815,true,1,40354
7290002057383,false,מלפפון 18-25 במלח 54,קריות זול,,מלפפון 18-25 במלח 54,גרמים,540.00,100 גרם,false,,12.90,2.3889,true,1,40358
7290002057451,false,מלפפון 7-9 בחומץ 540,קריות זול,,מלפפון 7-9 בחומץ 540,גרמים,540.00,100 גרם,false,,7.40,1.3704,true,1,40282
7290002057468,false,מלפפון 10-12 בחומץ 5,קריות זול,,מלפפון 10-12 בחומץ 5,גרמים,540.00,100 גרם,false,,7.90,1.4630,true,1,40355
7290002057475,false,מלפפון 13-17 בחומץ 5,קריות זול,,מלפפון 13-17 בחומץ 5,גרמים,540.00,100 גרם,false,,10.70,1.9815,true,1,35464
7290002057482,false,מלפפון 18-25 חומץ 54,קריות זול,,מלפפון 18-25 חומץ 54,גרמים,540.00,100 גרם,false,,12.90,2.3889,true,1,35465
7290002057604,false,פלפל חריף שיפקה יבנה,קריות זול,,פלפל חריף שיפקה יבנה,גרמים,540.00,100 גרם,false,,6.50,1.2037,true,1,22621
7290002057628,false,זית טבעות מושחר 540ג,קריות זול,,זית טבעות מושחר 540ג,גרמים,540.00,100 גרם,false,,10.90,2.0185,true,1,22622
7290002079552,false,לחם אחיד שחור,,,לחם אחיד שחור,גרמים,750.00,100 גרם,false,,5.10,0.6800,true,1,47089
7290002079590,false,חלה רגילה 500גר,,,חלה רגילה 500גר,גרמים,500.00,100 גרם,false,,5.17,1.0340,true,1,101418
7290002079606,false,חלה רגילה 500גר,,,חלה רגילה 500גר,גרמים,500.00,100 גרם,false,,5.17,1.0340,true,1,101419
7290002079675,false,לחמניה רגילה,,,לחמניה רגילה,גרמים,75.00,100 גרם,false,,1.90,2.5333,true,1,47078
7290002079699,false,לחמניה רגילה,,,לחמניה רגילה,גרמים,75.00,100 גרם,false,,1.90,2.5333,true,1,47079
7290002107385,false,גליל גבינת עיזים צור,,,גליל גבינת עיזים צור,גרמים,180.00,100 גרם,false,,25.50,14.1667,true,1,44749
7290002107491,false,גבינת עזים למריחה טב,קריות זול,,גבינת עזים למריחה טב,גרמים,250.00,100 גרם,false,,17.50,7.0000,true,1,31206
7290002107798,false,בולגרית מעודנת 5% בג,,,בולגרית מעודנת 5% בג,גרמים,250.00,100 גרם,false,,24.90,9.9600,true,1,31213
7290002118398,false,צימרוני אוזניים 'בקו,,,צימרוני אוזניים 'בקו,יח',200.00,יח',false,,4.90,0.0245,true,1,31837
7290002128311,false,נר נשמה בכוס ל-7 ימי,קריות זול,,נר נשמה בכוס ל-7 ימי,יח',72.00,יח',false,,10.90,0.1514,true,1,20750
7290002128854,false,כוסות שתייה חמה 50 י,,,כוסות שתייה חמה 50 י,יחידה,0.00,יחידה,false,,19.90,0.0000,true,1,139203
7290002128946,false,נר נשמה כוס 48 שעות,קריות זול,,נר נשמה כוס 48 שעות,יח',72.00,יח',false,,4.90,0.0681,true,1,20759
7290002130574,false,דבש טהור מפרחי בר בז,קריות זול,,דבש טהור מפרחי בר בז,גרמים,500.00,100 גרם,false,,29.90,5.9800,true,1,30363
7290002132011,false,עוגיות עבאדי מזרחיות,קריות זול,,עוגיות עבאדי מזרחיות,גרמים,400.00,100 גרם,false,,19.90,4.9750,true,1,31105
7290002133032,false,פתיתי קשקבל 28% 300ג,,,פתיתי קשקבל 28% 300ג,גרמים,300.00,100 גרם,false,,29.90,9.9667,true,1,51760
7290002133070,false,קאשקבל טורקי שומרון,,,קאשקבל טורקי שומרון,קילוגרמים,1.00,"ק""ג",true,,119.00,119.0000,true,1,49929
7290002133117,false,בולגרית 5% מעודנת שו,,,בולגרית 5% מעודנת שו,קילוגרמים,1.00,"ק""ג",true,,39.00,39.0000,true,1,51732
7290002133124,false,ריקוטה 5% שומרון,,,ריקוטה 5% שומרון,קילוגרמים,1.00,"ק""ג",true,,49.00,49.0000,true,1,51731
7290002133131,false,ריקוטה 5% 250גר השומ,,,ריקוטה 5% 250גר השומ,גרמים,250.00,100 גרם,false,,14.90,5.9600,true,1,55759
7290002133148,false,צפתית רכה 5% שומרון,,,צפתית רכה 5% שומרון,קילוגרמים,1.00,"ק""ג",true,,39.00,39.0000,true,1,49931
7290002133162,false,בולגרית גביע 5% 250ג,קריות זול,,בולגרית גביע 5% 250ג,גרמים,250.00,100 גרם,false,,18.90,7.5600,true,1,49946
7290002133193,false,בולגרית שומרון,,,בולגרית שומרון,קילוגרמים,1.00,"ק""ג",true,,39.00,39.0000,true,1,49932
7290002133209,false,לאבנה 5% שומרון,,,לאבנה 5% שומרון,קילוגרמים,1.00,"ק""ג",true,,39.00,39.0000,true,1,51717
7290002133216,false,גבינת שמנת 25% שומרו,,,גבינת שמנת 25% שומרו,קילוגרמים,1.00,"ק""ג",true,,39.00,39.0000,true,1,51718
7290002133247,false,לאבנה עם זעתר ושמן 5,קריות זול,,לאבנה עם זעתר ושמן 5,גרמים,250.00,100 גרם,false,,11.90,4.7600,true,1,50999
7290002133520,false,יוגורט של פעם 3% השו,,,יוגורט של פעם 3% השו,גרמים,400.00,100 גרם,false,,9.90,2.4750,true,1,51776
7290002133551,false,לאבנה עם זעתר ושמן ז,,,לאבנה עם זעתר ושמן ז,גרמים,500.00,100 גרם,false,,17.50,3.5000,true,1,51777
7290002133582,false,כדורי מוצרלה שומרון,,,כדורי מוצרלה שומרון,קילוגרמים,1.00,"ק""ג",true,,79.00,79.0000,true,1,51719
7290002133858,false,בולגרית צאן גביע 250,,,בולגרית צאן גביע 250,גרמים,250.00,100 גרם,false,,23.90,9.5600,true,1,51765
7290002133889,false,בולגרית מעודנת בקר 5,,,בולגרית מעודנת בקר 5,גרמים,250.00,100 גרם,false,,18.90,7.5600,true,1,55714
7290002150718,false,"קרפלך במילוי תפו""א ח",,,"קרפלך במילוי תפו""א ח",גרמים,400.00,100 גרם,false,,16.90,4.2250,true,1,68768
7290002150732,false,קרפלך במילוי בשר חמי,,,קרפלך במילוי בשר חמי,גרמים,400.00,100 גרם,false,,16.90,4.2250,true,1,68769
7290002150794,false,סיגר בשר חמים וטעים,,,סיגר בשר חמים וטעים,גרמים,400.00,100 גרם,false,,16.90,4.2250,true,1,67932
7290002150817,false,"סיגר תפו""א חמים וטעי",,,"סיגר תפו""א חמים וטעי",גרמים,400.00,100 גרם,false,,16.90,4.2250,true,1,67933
7290002150848,false,אגרול סיני חמים וטעי,,,אגרול סיני חמים וטעי,גרמים,400.00,100 גרם,false,,16.90,4.2250,true,1,67935
7290002150862,false,קובה בשר מטוגן חמים,,,קובה בשר מטוגן חמים,גרמים,400.00,100 גרם,false,,16.90,4.2250,true,1,67936
7290002153801,false,אובלטים שומשום 300 ג,,,אובלטים שומשום 300 ג,גרמים,300.00,100 גרם,false,,10.90,3.6333,true,1,98161
7290002153887,false,אובלטים קימל 300גר,,,אובלטים קימל 300גר,גרמים,300.00,100 גרם,false,,10.90,3.6333,true,1,98163
7290002190141,false,ריבת חלב בצנצנת 450,קריות זול,,ריבת חלב בצנצנת 450,גרמים,450.00,100 גרם,false,,13.90,3.0889,true,1,28190
7290002190516,false,ריבת חלב ממרח 500גר,קריות זול,,ריבת חלב ממרח 500גר,גרמים,500.00,100 גרם,false,,13.90,2.7800,true,1,32643
7290002195054,false,המבורגר בלדי 400גר,,,המבורגר בלדי 400גר,גרמים,400.00,100 גרם,false,,14.90,3.7250,true,1,49245
7290002195078,false,בלדי קבב כבש 400גר,,,בלדי קבב כבש 400גר,גרמים,400.00,100 גרם,false,,14.90,3.7250,true,1,49246
7290002195085,false,קבב מזרחי 400גר,,,קבב מזרחי 400גר,גרמים,400.00,100 גרם,false,,14.90,3.7250,true,1,49247
7290002195092,false,קבב רומני 400גר,,,קבב רומני 400גר,גרמים,400.00,100 גרם,false,,14.90,3.7250,true,1,49248
7290002198048,false,פסטרמה הודו בתיבול ש,,,פסטרמה הודו בתיבול ש,קילוגרמים,1.00,"ק""ג",true,,89.00,89.0000,true,1,135038
7290002211013,false,קמח חיטה לבן בהיר 1ק,,,קמח חיטה לבן בהיר 1ק,גרמים,1000.00,100 גרם,false,,5.50,0.5500,true,1,86122
7290002211044,false,"סולת 1ק""ג",,,"סולת 1ק""ג",גרמים,1000.00,100 גרם,false,,6.50,0.6500,true,1,40787
7290002211112,false,קמח רוט כחול לבן 1קג,,,קמח רוט כחול לבן 1קג,גרמים,1000.00,100 גרם,false,,6.50,0.6500,true,1,91843
7290002211501,false,קמח תופח מנופה טחנת,,,קמח תופח מנופה טחנת,גרמים,1000.00,100 גרם,false,,7.90,0.7900,true,1,140254
7290002211518,false,קמח חיטה לבן מנופה ט,,,קמח חיטה לבן מנופה ט,גרמים,1000.00,100 גרם,false,,7.90,0.7900,true,1,140252
7290002239185,false,אפונה מוקפאת 800גר,קריות זול,,אפונה מוקפאת 800גר,גרמים,800.00,100 גרם,false,,10.90,1.3625,true,1,27682
7290002239215,false,אפונה וגזר 800גר,קריות זול,,אפונה וגזר 800גר,גרמים,800.00,100 גרם,false,,10.90,1.3625,true,1,27683
7290002239307,false,שעועית צהובה 800גר,,,שעועית צהובה 800גר,גרמים,800.00,100 גרם,false,,10.90,1.3625,true,1,27685
7290002239338,false,שעועית ירוקה 800גר,קריות זול,,שעועית ירוקה 800גר,גרמים,800.00,100 גרם,false,,10.90,1.3625,true,1,27686
7290002239369,false,שעועית שלמה 800גר,קריות זול,,שעועית שלמה 800גר,גרמים,800.00,100 גרם,false,,10.90,1.3625,true,1,27688
7290002239420,false,גרעיני תירס 800גר,קריות זול,,גרעיני תירס 800גר,גרמים,800.00,100 גרם,false,,10.90,1.3625,true,1,27689
7290002253006,false,שום כתוש דורות 200גר,קריות זול,,שום כתוש דורות 200גר,גרמים,200.00,100 גרם,false,,17.90,8.9500,true,1,23950
7290002253150,false,קוביות בזיליקום קצוץ,קריות זול,,קוביות בזיליקום קצוץ,גרמים,70.00,100 גרם,false,,12.90,18.4286,true,1,23953
7290002253167,false,פטרוזליה קצוצה דורות,קריות זול,,פטרוזליה קצוצה דורות,גרמים,70.00,100 גרם,false,,12.90,18.4286,true,1,23954
7290002253198,false,גינגר כתוש במגשית דו,קריות זול,,גינגר כתוש במגשית דו,גרמים,70.00,100 גרם,false,,12.90,18.4286,true,1,35510
7290002255215,false,"עלי סיגר מרובע בד""צ",,,"עלי סיגר מרובע בד""צ",גרמים,500.00,100 גרם,false,,11.90,2.3800,true,1,43346
7290002259640,false,דאיימונד 30*7.60,קריות זול,,דאיימונד 30*7.60,מטרים,7.62,מטר,false,,12.90,1.6929,true,1,32647
7290002259664,false,רדיד אלומניום 30*61,קריות זול,,רדיד אלומניום 30*61,מטרים,60.00,מטר,false,,54.90,0.9150,true,1,42500
7290002278528,false,כרית ניקוי כלים 2יח,,,כרית ניקוי כלים 2יח,יחידה,0.00,יחידה,false,,8.90,0.0000,true,1,69778
7290002291046,false,המבורגר מסעדות קצביי,,,המבורגר מסעדות קצביי,גרמים,480.00,100 גרם,false,,25.90,5.3958,true,1,57360
7290002319016,false,אבקת אפיה 10*10גרם,,,אבקת אפיה 10*10גרם,גרמים,100.00,100 גרם,false,,2.20,2.2000,true,1,52033
7290002319061,false,קוקוס טחון מיה 100 ג,,,קוקוס טחון מיה 100 ג,גרמים,100.00,100 גרם,false,,4.90,4.9000,true,1,50532
7290002319115,false,חומוס גדול 500גר,,,חומוס גדול 500גר,גרמים,500.00,100 גרם,false,,8.90,1.7800,true,1,49949
7290002319122,false,גריסים מיה 500 גר,,,גריסים מיה 500 גר,גרמים,500.00,100 גרם,false,,5.90,1.1800,true,1,49950
7290002319139,false,שעועית לבנה 500גר,,,שעועית לבנה 500גר,גרמים,500.00,100 גרם,false,,9.90,1.9800,true,1,49951
7290002319146,false,שעועית אדומה 500גר,,,שעועית אדומה 500גר,גרמים,500.00,100 גרם,false,,9.90,1.9800,true,1,49952
7290002319160,false,אפונה מאה 500 גר,,,אפונה מאה 500 גר,גרמים,500.00,100 גרם,false,,6.90,1.3800,true,1,49958
7290002319221,false,חיטה מיה 500 גר,,,חיטה מיה 500 גר,גרמים,500.00,100 גרם,false,,6.90,1.3800,true,1,49953
7290002319375,false,קורנפלור 200 גרם,,,קורנפלור 200 גרם,גרמים,200.00,100 גרם,false,,3.90,1.9500,true,1,52036
7290002319528,false,קמח מצה 200גר,,,קמח מצה 200גר,גרמים,200.00,100 גרם,false,,3.50,1.7500,true,1,72277
7290002319771,false,"תמצית אפיה וניל 50מ""",,,"תמצית אפיה וניל 50מ""",מיליליטרים,50.00,"100 מ""ל",false,,3.70,7.4000,true,1,52038
7290002319788,false,תמצית אפיה בטעם רום,,,תמצית אפיה בטעם רום,מיליליטרים,50.00,"100 מ""ל",false,,3.70,7.4000,true,1,52039
7290002321750,false,פילה אמנון קפוא,,,פילה אמנון קפוא,קילוגרמים,1.00,"ק""ג",true,,29.90,29.9000,true,1,46737
7290002329602,false,עוגה בחושה שוקולד עו,,,עוגה בחושה שוקולד עו,גרמים,350.00,100 גרם,false,,8.90,2.5429,true,1,100759
7290002329619,false,עוגה בחושה שוקו צ'יפ,,,עוגה בחושה שוקו צ'יפ,גרמים,350.00,100 גרם,false,,8.90,2.5429,true,1,100760
7290002329626,false,עוגה בחושה שיש עוגל',,,עוגה בחושה שיש עוגל',גרמים,350.00,100 גרם,false,,8.90,2.5429,true,1,100761
7290002329640,false,עוגת לימון 350גר,,,עוגת לימון 350גר,גרמים,350.00,100 גרם,false,,8.90,2.5429,true,1,104988
7290002329961,false,עוגת שוקוצ'ינו 350 ג,,,עוגת שוקוצ'ינו 350 ג,גרמים,350.00,100 גרם,false,,8.90,2.5429,true,1,100837
7290002331025,false,נביעות ספורט 500מל,,,נביעות ספורט 500מל,מיליליטרים,500.00,"100 מ""ל",false,,3.00,0.6000,true,1,31159
7290002331360,false,נביעות טו גו שישייה,קריות זול,,נביעות טו גו שישייה,מיליליטרים,3000.00,"100 מ""ל",false,,16.90,0.5633,true,1,27914
7290002336686,false,אסאדו עע,,,אסאדו עע,קילוגרמים,1.00,"ק""ג",true,,69.90,69.9000,true,1,113015
7290002345886,false,צלי כתף עגל,,,צלי כתף עגל,קילוגרמים,1.00,"ק""ג",true,,89.90,89.9000,true,1,134825
7290002360124,false,חליטת תה פומפדור ורד,קריות זול,,חליטת תה פומפדור ורד,גרמים,30.00,100 גרם,false,,14.90,49.6667,true,1,28368
7290002360285,false,חליטת תה פומפדור קמו,קריות זול,,חליטת תה פומפדור קמו,גרמים,30.00,100 גרם,false,,14.90,49.6667,true,1,28375
7290002370130,false,גבינת ברי צרפתית במש,,,גבינת ברי צרפתית במש,קילוגרמים,1.00,"ק""ג",true,,120.00,120.0000,true,1,136257
7290002370161,false,גבינת צ'דר בשלה וילי,,,גבינת צ'דר בשלה וילי,קילוגרמים,1.00,"ק""ג",true,,99.00,99.0000,true,1,98232
7290002371533,false,סלסולי פסטרמה בדבש ט,,,סלסולי פסטרמה בדבש ט,גרמים,120.00,100 גרם,false,,15.90,13.2500,true,1,89595
7290002371571,false,פסטרמה פרגיות לבגט ט,,,פסטרמה פרגיות לבגט ט,קילוגרמים,1.00,"ק""ג",true,,89.00,89.0000,true,1,99583
7290002371854,false,נקניקיות עוף חריפות,,,נקניקיות עוף חריפות,גרמים,1000.00,100 גרם,false,,31.90,3.1900,true,1,89613
7290002371939,false,סרוולד פסטרמה בסגנון,,,סרוולד פסטרמה בסגנון,גרמים,120.00,100 גרם,false,,32.90,27.4167,true,1,89596
7290002374268,false,שמן חמניות מילומור 1,קריות זול,,שמן חמניות מילומור 1,מיליליטרים,1000.00,"100 מ""ל",false,,10.90,1.0900,true,1,137350
7290002374640,false,שמן קנולה פלוס אומגה,,,שמן קנולה פלוס אומגה,מיליליטרים,1000.00,"100 מ""ל",false,,17.90,1.7900,true,1,72011
7290002407034,false,זית סורי מבוקע 800גר,,,זית סורי מבוקע 800גר,גרמים,800.00,100 גרם,false,,19.90,2.4875,true,1,31107
7290002407102,false,זית סנטה 800גר,,,זית סנטה 800גר,גרמים,800.00,100 גרם,false,,19.90,2.4875,true,1,51666
7290002407348,false,שמן זית ג'השאן כתית,,,שמן זית ג'השאן כתית,מיליליטרים,750.00,"100 מ""ל",false,,29.90,3.9867,true,1,97538
7290002408017,false,גאודה עיזים מולן הכפ,,,גאודה עיזים מולן הכפ,קילוגרמים,1.00,"ק""ג",true,,120.00,120.0000,true,1,91463
7290002409014,false,גחנון אפוי ציפור השר,,,גחנון אפוי ציפור השר,גרמים,600.00,100 גרם,false,,19.90,3.3167,true,1,22436
7290002409038,false,בורקס גבינה 800גר,,,בורקס גבינה 800גר,גרמים,800.00,100 גרם,false,,18.90,2.3625,true,1,35567
7290002409045,false,"בורקס תפו""א 800גר",,,"בורקס תפו""א 800גר",גרמים,800.00,100 גרם,false,,18.90,2.3625,true,1,41960
7290002409052,false,בורקס תרד 800גר,,,בורקס תרד 800גר,גרמים,800.00,100 גרם,false,,22.90,2.8625,true,1,59534
7290002409069,false,בורקס ביס גבינה 800ג,,,בורקס ביס גבינה 800ג,גרמים,800.00,100 גרם,false,,22.90,2.8625,true,1,101663
7290002409076,false,גחנון בצק ציפור השרו,,,גחנון בצק ציפור השרו,גרמים,800.00,100 גרם,false,,15.90,1.9875,true,1,22437
7290002409106,false,בורקס פיצה 800גר,,,בורקס פיצה 800גר,גרמים,800.00,100 גרם,false,,22.90,2.8625,true,1,50240
7290002409175,false,בצק עלים 1קג,,,בצק עלים 1קג,גרמים,1000.00,100 גרם,false,,15.90,1.5900,true,1,22438
7290002409274,false,מלווח ציפור השרון 80,,,מלווח ציפור השרון 80,גרמים,800.00,100 גרם,false,,15.90,1.9875,true,1,137824
7290002409281,false,סבבה ציפור השרון 750,,,סבבה ציפור השרון 750,גרמים,750.00,100 גרם,false,,19.90,2.6533,true,1,22012
7290002409304,false,נקניקיות עטופות בבצק,,,נקניקיות עטופות בבצק,גרמים,600.00,100 גרם,false,,22.90,3.8167,true,1,101666
7290002447481,false,צ'אך עגל,,,צ'אך עגל,קילוגרמים,1.00,"ק""ג",true,,89.90,89.9000,true,1,51267
7290002447498,false,ויסבראטן עגל,,,ויסבראטן עגל,קילוגרמים,1.00,"ק""ג",true,,89.90,89.9000,true,1,51268
7290002447528,false,אווזית עגל,,,אווזית עגל,קילוגרמים,1.00,"ק""ג",true,,89.90,89.9000,true,1,51269
7290002447535,false,בשר ראש עגל,,,בשר ראש עגל,קילוגרמים,1.00,"ק""ג",true,,69.00,69.0000,true,1,85482
7290002447559,false,סינטה עגל,,,סינטה עגל,קילוגרמים,1.00,"ק""ג",true,,129.00,129.0000,true,1,51270
7290002447573,false,שייטל עגל,,,שייטל עגל,קילוגרמים,1.00,"ק""ג",true,,89.90,89.9000,true,1,51271
7290002453383,false,מרגז טלה 500גר,,,מרגז טלה 500גר,גרמים,500.00,100 גרם,false,,29.90,5.9800,true,1,90955
7290002453512,false,קבב קציצות ישראלי 80,,,קבב קציצות ישראלי 80,גרמים,800.00,100 גרם,false,,37.90,4.7375,true,1,46107
7290002453529,false,אנטריקוט בורגר 400גר,,,אנטריקוט בורגר 400גר,גרמים,400.00,100 גרם,false,,26.90,6.7250,true,1,46108
7290002453680,false,נקניקיה אסאדו ארגנטי,,,נקניקיה אסאדו ארגנטי,גרמים,500.00,100 גרם,false,,29.90,5.9800,true,1,93330
7290002453697,false,קבב אנטריקוט קצבים ע,,,קבב אנטריקוט קצבים ע,גרמים,400.00,100 גרם,false,,26.90,6.7250,true,1,93331
7290002511229,false,בולגרית מעודנת המושב,,,בולגרית מעודנת המושב,קילוגרמים,1.00,"ק""ג",true,,45.00,45.0000,true,1,85371
7290002511236,false,בולגרית מעודנת 5% המ,,,בולגרית מעודנת 5% המ,קילוגרמים,1.00,"ק""ג",true,,45.00,45.0000,true,1,95653
7290002511571,false,מוצרלה 22% המושבה,,,מוצרלה 22% המושבה,קילוגרמים,1.00,"ק""ג",true,,89.00,89.0000,true,1,95668
7290002515333,false,קמיל בלו סנסטיב אל ס,,,קמיל בלו סנסטיב אל ס,מיליליטרים,500.00,"100 מ""ל",false,,19.90,3.9800,true,1,68921
7290002515371,false,קמיל בלו קלאסיק 1 לי,,,קמיל בלו קלאסיק 1 לי,מיליליטרים,1000.00,"100 מ""ל",false,,29.90,2.9900,true,1,52050
7290002517269,false,פלפל שחור שלם 35גר,,,פלפל שחור שלם 35גר,גרמים,35.00,100 גרם,false,,11.90,34.0000,true,1,72057
7290002517337,false,אורגנו עלים 20גר,קריות זול,,אורגנו עלים 20גר,גרמים,20.00,100 גרם,false,,7.90,39.5000,true,1,51964
7290002517375,false,בזיליקום עלים 30גר,,,בזיליקום עלים 30גר,גרמים,30.00,100 גרם,false,,7.90,26.3333,true,1,51965
7290002517566,false,תערובת תיבול לדג 80ג,,,תערובת תיבול לדג 80ג,גרמים,80.00,100 גרם,false,,12.90,16.1250,true,1,52010
7290002517580,false,תערובת תיבול לעוף 80,,,תערובת תיבול לעוף 80,גרמים,80.00,100 גרם,false,,12.90,16.1250,true,1,52012
7290002517603,false,בזיליקום 10גר,,,בזיליקום 10גר,גרמים,10.00,100 גרם,false,,6.90,69.0000,true,1,51944
7290002517634,false,תבליני כוסברה 30גר,,,תבליני כוסברה 30גר,גרמים,30.00,100 גרם,false,,6.90,23.0000,true,1,51946
7290002517726,false,מקלות קינמון 15גר,,,מקלות קינמון 15גר,גרמים,15.00,100 גרם,false,,6.90,46.0000,true,1,51959
7290002517733,false,קצח 40גר,,,קצח 40גר,גרמים,40.00,100 גרם,false,,6.90,17.2500,true,1,51960
7290002517801,false,צילי כתוש 30גר,,,צילי כתוש 30גר,גרמים,30.00,100 גרם,false,,6.90,23.0000,true,1,51961
7290002517863,false,ציפורן טחון 40גר,,,ציפורן טחון 40גר,גרמים,40.00,100 גרם,false,,9.90,24.7500,true,1,51963
7290002543046,false,דגני קלוגס פרוסטיס 7,קריות זול,,דגני קלוגס פרוסטיס 7,גרמים,750.00,100 גרם,false,,24.90,3.3200,true,1,22440
7290002543237,false,קורנפלקס קלוגס 750 ג,קריות זול,,קורנפלקס קלוגס 750 ג,גרמים,750.00,100 גרם,false,,17.90,2.3867,true,1,28391
7290002552260,false,קרחונים ללא סוכר מאג,,,קרחונים ללא סוכר מאג,יחידה,0.00,יחידה,false,,17.90,0.0000,true,1,49864
7290002552499,false,שלגונים שרבט פרווה ת,,,שלגונים שרבט פרווה ת,יחידה,0.00,יחידה,false,,16.90,0.0000,true,1,49865
7290002552772,false,ארטיק קרח עשיריות,,,ארטיק קרח עשיריות,יחידה,0.00,יחידה,false,,10.90,0.0000,true,1,46317
7290002560036,false,רדיד אלומיניום מעוצב,,,רדיד אלומיניום מעוצב,יחידה,0.00,יחידה,false,,11.90,0.0000,true,1,120329
7290002560227,false,אשפתון גופיה 75/90 2,קריות זול,,אשפתון גופיה 75/90 2,יחידה,0.00,יחידה,false,,10.90,0.0000,true,1,96320
7290002560234,false,צלחות 9 אינץ 66יח 1ק,,,צלחות 9 אינץ 66יח 1ק,יחידה,0.00,יחידה,false,,39.90,0.0000,true,1,99898
7290002560333,false,שקיות אוכל גדולות XL,,,שקיות אוכל גדולות XL,יחידה,0.00,יחידה,false,,11.90,0.0000,true,1,99717
7290002560524,false,נייר אפייה בגליל 25,,,נייר אפייה בגליל 25,יחידה,0.00,יחידה,false,,14.90,0.0000,true,1,141089
7290002581536,false,וופל נפוליטנה ללא סו,,,וופל נפוליטנה ללא סו,גרמים,250.00,100 גרם,false,,9.90,3.9600,true,1,33293
7290002599029,false,תבלינים בשקית 80גר,,,תבלינים בשקית 80גר,גרמים,80.00,100 גרם,false,,4.70,5.8750,true,1,51931
7290002599036,false,פלפל לבן/שחור 50גר,,,פלפל לבן/שחור 50גר,גרמים,50.00,100 גרם,false,,4.70,9.4000,true,1,51932
7290002599081,false,תבלינים בשקית,,,תבלינים בשקית,יחידה,0.00,יחידה,false,,4.70,0.0000,true,1,51933
7290002599104,false,תבלינים בשקית 50גר,,,תבלינים בשקית 50גר,גרמים,50.00,100 גרם,false,,4.70,9.4000,true,1,51934
7290002599197,false,פלפל לבן/שחור 50גר,,,פלפל לבן/שחור 50גר,גרמים,50.00,100 גרם,false,,4.70,9.4000,true,1,51935
7290002627302,false,צלי כתף עגל,,,צלי כתף עגל,קילוגרמים,1.00,"ק""ג",true,,89.90,89.9000,true,1,134826
7290002627364,false,אנטריקוט עגל פריים,,,אנטריקוט עגל פריים,קילוגרמים,1.00,"ק""ג",true,,159.00,159.0000,true,1,112992
7290002627371,false,צלעות עגל,,,צלעות עגל,קילוגרמים,1.00,"ק""ג",true,,69.90,69.9000,true,1,112999
7290002627401,false,צלי כתף עגל,,,צלי כתף עגל,קילוגרמים,1.00,"ק""ג",true,,89.90,89.9000,true,1,113010
7290002627432,false,צוואר עגל,,,צוואר עגל,קילוגרמים,1.00,"ק""ג",true,,69.90,69.9000,true,1,113012
7290002628064,false,טחון בקר בלדי קפוא 5,,,טחון בקר בלדי קפוא 5,גרמים,500.00,100 גרם,false,,19.90,3.9800,true,1,49259
7290002628088,false,טחון הודו בלדי קפוא,,,טחון הודו בלדי קפוא,גרמים,1000.00,100 גרם,false,,10.90,1.0900,true,1,52234
7290002628293,false,טחון עוף בלדי קפוא 5,,,טחון עוף בלדי קפוא 5,גרמים,1000.00,100 גרם,false,,10.90,1.0900,true,1,52172
7290002628989,false,נקניקיות מרגז בלדי 5,,,נקניקיות מרגז בלדי 5,גרמים,500.00,100 גרם,false,,25.90,5.1800,true,1,49261
7290002661115,false,לחם הולנדי 1.2קג,,,לחם הולנדי 1.2קג,גרמים,1200.00,100 גרם,false,,17.90,1.4917,true,1,135687
7290002661153,false,לחם דני קל 1 קג,,,לחם דני קל 1 קג,גרמים,1000.00,100 גרם,false,,17.90,1.7900,true,1,135688
7290002661443,false,פירורי לחם זהוב עדין,,,פירורי לחם זהוב עדין,גרמים,200.00,100 גרם,false,,4.50,2.2500,true,1,91885
7290002661474,false,פירורי לחם זהוב עם ש,,,פירורי לחם זהוב עם ש,גרמים,200.00,100 גרם,false,,4.50,2.2500,true,1,91886
7290002661535,false,פירורי לחם זהוב 1 קג,,,פירורי לחם זהוב 1 קג,גרמים,1000.00,100 גרם,false,,10.90,1.0900,true,1,103301
7290002661863,false,קרוטונים מתובלים למר,,,קרוטונים מתובלים למר,גרמים,350.00,100 גרם,false,,16.90,4.8286,true,1,106905
7290002692393,false,שמן קנולה מועשר עץ ה,קריות זול,,שמן קנולה מועשר עץ ה,מיליליטרים,1000.00,"100 מ""ל",false,,16.90,1.6900,true,1,28706
7290002692478,false,שמן זית כתית מעולה ע,קריות זול,,שמן זית כתית מעולה ע,מיליליטרים,750.00,"100 מ""ל",false,,34.90,4.6533,true,1,32801
7290002692768,false,תרסיס שמן קנולה מופח,,,תרסיס שמן קנולה מופח,מיליליטרים,200.00,"100 מ""ל",false,,17.90,8.9500,true,1,46442
7290002692775,false,תרסיס שמן קנולה בטעם,,,תרסיס שמן קנולה בטעם,מיליליטרים,200.00,"100 מ""ל",false,,17.90,8.9500,true,1,99089
7290002692782,false,תרסיס שמן זית עץ הזי,,,תרסיס שמן זית עץ הזי,מיליליטרים,200.00,"100 מ""ל",false,,17.90,8.9500,true,1,46444
7290002730521,false,צמרוני אוזניים בקופס,קריות זול,,צמרוני אוזניים בקופס,יח',200.00,יח',false,,6.50,0.0325,true,1,35616
7290002730958,false,פלמוליב סבון מוצק זי,קריות זול,,פלמוליב סבון מוצק זי,גרמים,360.00,100 גרם,false,,10.90,3.0278,true,1,42507
7290002735007,false,בצק עלים ינון 1קג,,,בצק עלים ינון 1קג,גרמים,1000.00,100 גרם,false,,16.90,1.6900,true,1,20132
7290002735014,false,מלווח ארוז ינון 800ג,,,מלווח ארוז ינון 800ג,גרמים,800.00,100 גרם,false,,14.90,1.8625,true,1,20133
7290002735021,false,גחנון ארוז ינון 750ג,,,גחנון ארוז ינון 750ג,גרמים,750.00,100 גרם,false,,14.90,1.9867,true,1,20134
7290002735113,false,בורקס גבינה ינון 800,,,בורקס גבינה ינון 800,גרמים,800.00,100 גרם,false,,16.90,2.1125,true,1,20135
7290002735120,false,"בורקס תפו""א ינון 800",,,"בורקס תפו""א ינון 800",גרמים,800.00,100 גרם,false,,14.90,1.8625,true,1,20136
7290002735274,false,גחנון אפוי ינון 600ג,,,גחנון אפוי ינון 600ג,גרמים,600.00,100 גרם,false,,17.90,2.9833,true,1,20138
7290002752332,false,מנטוס גליל פירות בוד,קריות זול,,מנטוס גליל פירות בוד,גרמים,37.50,100 גרם,false,,3.90,10.4000,true,1,32011
7290002752493,false,טיקטק מנטה רביעייה 4,קריות זול,,טיקטק מנטה רביעייה 4,גרמים,64.00,100 גרם,false,,11.90,18.5938,true,1,32014
7290002753223,false,טיקטק תפוז רביעייה 4,קריות זול,,טיקטק תפוז רביעייה 4,גרמים,64.00,100 גרם,false,,11.90,18.5938,true,1,32016
7290002753995,false,ערכת קישוטי עוגה 150,קריות זול,,ערכת קישוטי עוגה 150,גרמים,150.00,100 גרם,false,,18.90,12.6000,true,1,32017
7290002768159,false,קצף אמבט בת אורן 500,קריות זול,,קצף אמבט בת אורן 500,מיליליטרים,500.00,"100 מ""ל",false,,19.90,3.9800,true,1,20681
7290002769316,false,עוגת קראנץ 500 גרם,,,עוגת קראנץ 500 גרם,גרמים,500.00,100 גרם,false,,16.90,3.3800,true,1,105927
7290002769347,false,עוגיות מובחרות 500 ג,,,עוגיות מובחרות 500 ג,גרמים,500.00,100 גרם,false,,16.90,3.3800,true,1,118092
7290002769675,false,מאפינס ללא סוכר 450,,,מאפינס ללא סוכר 450,גרמים,450.00,100 גרם,false,,16.90,3.7556,true,1,120467
7290002773269,false,דג סלמון טרי שלם,,,דג סלמון טרי שלם,קילוגרמים,1.00,"ק""ג",true,,59.90,59.9000,true,1,89732
7290002814016,false,מסיר שומנים סנט מורי,,,מסיר שומנים סנט מורי,מיליליטרים,750.00,"100 מ""ל",false,,15.90,2.1200,true,1,22237
7290002814054,false,אנטרטיק במתז 1 ליטר,,,אנטרטיק במתז 1 ליטר,ליטרים,1.00,ליטר,false,,11.90,11.9000,true,1,99860
7290002814290,false,קצף אקונומיקה מרוכז,,,קצף אקונומיקה מרוכז,מיליליטרים,1000.00,"100 מ""ל",false,,12.90,1.2900,true,1,120221
7290002814412,false,נוזל כלים ירוק 1.5 ל,,,נוזל כלים ירוק 1.5 ל,ליטרים,1500.00,ליטר,false,,11.90,0.0079,true,1,97248
7290002814436,false,נוזל כלים צהוב 1.6 ל,,,נוזל כלים צהוב 1.6 ל,ליטרים,1600.00,ליטר,false,,11.90,0.0074,true,1,97249
7290002814528,false,נוזל אסלות מס'1 1ליט,,,נוזל אסלות מס'1 1ליט,מיליליטרים,1000.00,"100 מ""ל",false,,6.90,0.6900,true,1,22241
7290002814597,false,טורנדו נוזל לפתיחת ס,,,טורנדו נוזל לפתיחת ס,ליטרים,1000.00,ליטר,false,,15.90,0.0159,true,1,97253
7290002814603,false,מסיר שומנים סנט מורי,,,מסיר שומנים סנט מורי,מיליליטרים,750.00,"100 מ""ל",false,,15.90,2.1200,true,1,95072
7290002814719,false,נוזל רצפות בניחוח מא,,,נוזל רצפות בניחוח מא,מיליליטרים,4000.00,"100 מ""ל",false,,12.90,0.3225,true,1,141209
7290002814900,false,כדוריות לאסלה לימון,,,כדוריות לאסלה לימון,יחידה,0.00,יחידה,false,,9.90,0.0000,true,1,120581
7290002814931,false,נוזל רצפות 4 ליטר סנ,,,נוזל רצפות 4 ליטר סנ,ליטרים,4.00,ליטר,false,,12.90,3.2250,true,1,97255
7290002824183,false,גבינה לבנה סקי 5% 50,קריות זול,,גבינה לבנה סקי 5% 50,גרמים,500.00,100 גרם,false,,9.96,1.9920,true,1,30602
7290002824466,false,דנונה יוגורט ביו 0%,קריות זול,,דנונה יוגורט ביו 0%,גרמים,200.00,100 גרם,false,,3.80,1.9000,true,1,30603
7290002824640,false,גבינה לבנה סקי 5% שט,קריות זול,,גבינה לבנה סקי 5% שט,גרמים,250.00,100 גרם,false,,4.98,1.9920,true,1,30605
7290002825722,false,כרוב אדום אחלה 500גר,קריות זול,,כרוב אדום אחלה 500גר,גרמים,500.00,100 גרם,false,,14.90,2.9800,true,1,30608
7290002842002,false,שבולת שועל אנגלי מור,,,שבולת שועל אנגלי מור,גרמים,500.00,100 גרם,false,,10.90,2.1800,true,1,29343
7290002868996,false,קוטג מועשר 5% 250גר,קריות זול,,קוטג מועשר 5% 250גר,גרמים,250.00,100 גרם,false,,6.30,2.5200,true,1,33362
7290002881025,false,מעדן דובדבן חמוץ סן,קריות זול,,מעדן דובדבן חמוץ סן,גרמים,282.00,100 גרם,false,,12.90,4.5745,true,1,22643
7290002881216,false,"רסק תפו""ע לסכרתיים 7",קריות זול,,"רסק תפו""ע לסכרתיים 7",גרמים,700.00,100 גרם,false,,10.90,1.5571,true,1,22653
7290002881872,false,פטריות חתוכות תומר 2,,,פטריות חתוכות תומר 2,גרמים,290.00,100 גרם,false,,4.90,1.6897,true,1,65717
7290002881940,false,סרדין מרוקאי בשמן 12,קריות זול,,סרדין מרוקאי בשמן 12,גרמים,125.00,100 גרם,false,,6.90,5.5200,true,1,22671
7290002881957,false,סרדין מרוקאי חריף 12,קריות זול,,סרדין מרוקאי חריף 12,גרמים,125.00,100 גרם,false,,6.90,5.5200,true,1,22672
7290002900313,false,פסטרמה בסגנון ספרדי,,,פסטרמה בסגנון ספרדי,קילוגרמים,1.00,"ק""ג",true,,89.00,89.0000,true,1,99594
7290002904694,false,טיטניום ספריי 180מל,קריות זול,,טיטניום ספריי 180מל,מיליליטרים,180.00,"100 מ""ל",false,,18.90,10.5000,true,1,40051
7290002909569,false,פילה ברבוניה קפוא 40,,,פילה ברבוניה קפוא 40,גרמים,400.00,100 גרם,false,,24.90,6.2250,true,1,111894
7290002909576,false,בשר טחון לקציצות ולק,,,בשר טחון לקציצות ולק,גרמים,500.00,100 גרם,false,,19.90,3.9800,true,1,74531
7290002909804,false,*מבצע* מרלוזה פילה ל,,,*מבצע* מרלוזה פילה ל,קילוגרמים,1.00,"ק""ג",true,,29.90,29.9000,true,1,89230
7290002909880,false,פולי סויה אדממה קפוא,,,פולי סויה אדממה קפוא,גרמים,400.00,100 גרם,false,,10.90,2.7250,true,1,89515
7290002921349,false,זוג דבק סופר גלו,קריות זול,,זוג דבק סופר גלו,יחידה,0.00,יחידה,false,,14.90,0.0000,true,1,26845
7290002927044,false,צלי כתף מס' 5 קפוא,,,צלי כתף מס' 5 קפוא,קילוגרמים,1.00,"ק""ג",true,,44.90,44.9000,true,1,46118
7290002927105,false,צלי עגל ברשת קפוא,,,צלי עגל ברשת קפוא,קילוגרמים,1.00,"ק""ג",true,,39.90,39.9000,true,1,46121
7290002927358,false,סטיק אנטריקוט 800גר,,,סטיק אנטריקוט 800גר,גרמים,800.00,100 גרם,false,,39.90,4.9875,true,1,102908
7290002927389,false,טחון עוף קפוא 500 גר,,,טחון עוף קפוא 500 גר,גרמים,500.00,100 גרם,false,,12.90,2.5800,true,1,107825
7290002927464,false,גולש עגל קפוא,,,גולש עגל קפוא,קילוגרמים,1.00,"ק""ג",true,,34.90,34.9000,true,1,46126
7290002927471,false,צלי עגל חצוי קפוא,,,צלי עגל חצוי קפוא,קילוגרמים,1.00,"ק""ג",true,,42.90,42.9000,true,1,46127
7290002927631,false,טחון הודו קפוא 500 ג,,,טחון הודו קפוא 500 ג,גרמים,500.00,100 גרם,false,,12.90,2.5800,true,1,107826
7290003009596,false,סירופ דיאט אשכולית פ,קריות זול,,סירופ דיאט אשכולית פ,מיליליטרים,750.00,"100 מ""ל",false,,24.90,3.3200,true,1,27937
7290003011087,false,אורז בסמטי אלפנט 1קג,,,אורז בסמטי אלפנט 1קג,גרמים,1000.00,100 גרם,false,,12.90,1.2900,true,1,65662
7290003026029,false,קמיל בלו סנסטיב שמפו,,,קמיל בלו סנסטיב שמפו,מיליליטרים,500.00,"100 מ""ל",false,,19.90,3.9800,true,1,68922
7290003026036,false,קמיל בלו סנסיטיב אל,,,קמיל בלו סנסיטיב אל,מיליליטרים,1000.00,"100 מ""ל",false,,33.90,3.3900,true,1,52052
7290003026227,false,קמיל בלו סנסיטיב שמפ,,,קמיל בלו סנסיטיב שמפ,מיליליטרים,1000.00,"100 מ""ל",false,,33.90,3.3900,true,1,52053
7290003026234,false,*מבצע* קמיל בלו תחלי,,,*מבצע* קמיל בלו תחלי,גרמים,500.00,100 גרם,false,,22.90,4.5800,true,1,57372
7290003026319,false,*מבצע* משחה לתינוק ק,,,*מבצע* משחה לתינוק ק,גרמים,120.00,100 גרם,false,,17.90,14.9167,true,1,52054
7290003029181,false,שוקו יטבתה בקבוק 1ל,קריות זול,,שוקו יטבתה בקבוק 1ל,מיליליטרים,1000.00,"100 מ""ל",false,,11.90,1.1900,true,1,30617
7290003029372,false,משקה חלב בננה יטבתה,קריות זול,,משקה חלב בננה יטבתה,מיליליטרים,1000.00,"100 מ""ל",false,,11.90,1.1900,true,1,30622
7290003029433,false,שוקו יטבתה 250מל,קריות זול,,שוקו יטבתה 250מל,מיליליטרים,250.00,"100 מ""ל",false,,5.90,2.3600,true,1,30626
7290003029532,false,משקה מוקה יטבתה 1ליט,קריות זול,,משקה מוקה יטבתה 1ליט,מיליליטרים,1000.00,"100 מ""ל",false,,11.90,1.1900,true,1,30630
7290003029792,false,שוקו שקיות יטבתה 8*2,קריות זול,,שוקו שקיות יטבתה 8*2,מיליליטרים,1800.00,"100 מ""ל",false,,21.90,1.2167,true,1,30638
7290003029815,false,חלב מועשר בכד יטבתה,קריות זול,,חלב מועשר בכד יטבתה,מיליליטרים,2000.00,"100 מ""ל",false,,15.90,0.7950,true,1,30640
7290003029907,false,אייס קפה יטבתה 1ל,קריות זול,,אייס קפה יטבתה 1ל,מיליליטרים,1000.00,"100 מ""ל",false,,11.90,1.1900,true,1,30645
7290003047642,false,ליפטון תה יילו לייבל,קריות זול,,ליפטון תה יילו לייבל,גרמים,150.00,100 גרם,false,,14.90,9.9333,true,1,26593
7290003054657,false,חרדל דיזון אקסטרא פו,קריות זול,,חרדל דיזון אקסטרא פו,גרמים,370.00,100 גרם,false,,12.90,3.4865,true,1,22458
7290003060009,false,קמח בהיר בשקיות 1קג,,,קמח בהיר בשקיות 1קג,גרמים,1000.00,100 גרם,false,,6.50,0.6500,true,1,70936
7290003072965,false,קבנוס חריף מעושן 120,,,קבנוס חריף מעושן 120,גרמים,120.00,100 גרם,false,,11.90,9.9167,true,1,128989
7290003072972,false,קבנוס בתיבול שום 120,,,קבנוס בתיבול שום 120,גרמים,120.00,100 גרם,false,,11.90,9.9167,true,1,128990
7290003126712,false,יוגורט עיזים בגביע 3,,,יוגורט עיזים בגביע 3,מיליליטרים,150.00,"100 מ""ל",false,,6.90,4.6000,true,1,44203
7290003126958,false,טופו בואקום צוריאל 3,קריות זול,,טופו בואקום צוריאל 3,גרמים,300.00,100 גרם,false,,12.60,4.2000,true,1,101171
7290003141159,false,מרשמלו יוגטה 180גר,,,מרשמלו יוגטה 180גר,גרמים,180.00,100 גרם,false,,7.90,4.3889,true,1,67015
7290003143276,false,מרשמלו רול יוגטה 180,,,מרשמלו רול יוגטה 180,גרמים,180.00,100 גרם,false,,7.90,4.3889,true,1,69548
7290003189045,false,הולנדית כפיר,,,הולנדית כפיר,קילוגרמים,1.00,"ק""ג",true,,29.00,29.0000,true,1,22150
7290003189168,false,מעושנת כפיר,,,מעושנת כפיר,קילוגרמים,1.00,"ק""ג",true,,39.00,39.0000,true,1,138718
7290003189199,false,חריפה במשקל כפיר,,,חריפה במשקל כפיר,קילוגרמים,1.00,"ק""ג",true,,29.00,29.0000,true,1,22152
7290003189274,false,מעושנת כפיר,,,מעושנת כפיר,קילוגרמים,1.00,"ק""ג",true,,39.00,39.0000,true,1,22154
7290003189380,false,צהובה עם שום שמיר כפ,,,צהובה עם שום שמיר כפ,קילוגרמים,1.00,"ק""ג",true,,29.00,29.0000,true,1,22156
7290003208586,false,מרטיני ביאנקו 750מל,,,מרטיני ביאנקו 750מל,מיליליטרים,750.00,"100 מ""ל",false,,49.90,6.6533,true,1,51228
7290003208609,false,מרטיני רוסו 750מל,,,מרטיני רוסו 750מל,מיליליטרים,750.00,"100 מ""ל",false,,49.90,6.6533,true,1,51230
7290003212965,false,מובחרות שמרים 400 גר,,,מובחרות שמרים 400 גר,גרמים,400.00,100 גרם,false,,11.90,2.9750,true,1,86901
7290003217014,false,פיתות מיזרחיות 5*100,קריות זול,,פיתות מיזרחיות 5*100,גרמים,500.00,100 גרם,false,,5.90,1.1800,true,1,135643
7290003217052,false,פיתות כפריות קלות 5*,קריות זול,,פיתות כפריות קלות 5*,גרמים,500.00,100 גרם,false,,9.90,1.9800,true,1,135644
7290003222049,false,פיתה ביס קמח מלא 12,,,פיתה ביס קמח מלא 12,יחידה,0.00,יחידה,false,,10.90,0.0000,true,1,135591
7290003222094,false,פיתה ביס 11 יח',,,פיתה ביס 11 יח',יחידה,0.00,יחידה,false,,10.90,0.0000,true,1,135592
7290003222568,false,פיתה רגילה 5 יח,,,פיתה רגילה 5 יח,גרמים,500.00,100 גרם,false,,5.90,1.1800,true,1,135594
7290003222797,false,פיתה כוסמין מלא 100%,,,פיתה כוסמין מלא 100%,יחידה,0.00,יחידה,false,,12.90,0.0000,true,1,135597
7290003224036,false,אוכמניות כחולות קפוא,,,אוכמניות כחולות קפוא,גרמים,300.00,100 גרם,false,,19.90,6.6333,true,1,48776
7290003224128,false,"כיסוני תפו""א 800גר",,,"כיסוני תפו""א 800גר",גרמים,800.00,100 גרם,false,,19.90,2.4875,true,1,41607
7290003224159,false,בלינצס בשר מאמא מרי,,,בלינצס בשר מאמא מרי,גרמים,700.00,100 גרם,false,,22.90,3.2714,true,1,46533
7290003224173,false,בלינצס  פטריות,,,בלינצס  פטריות,גרמים,700.00,100 גרם,false,,19.90,2.8429,true,1,46534
7290003224272,false,כיסונים בשר מוסקובסק,,,כיסונים בשר מוסקובסק,גרמים,1000.00,100 גרם,false,,32.90,3.2900,true,1,101495
7290003224388,false,חמוציות קפוא 300גר,,,חמוציות קפוא 300גר,גרמים,300.00,100 גרם,false,,14.90,4.9667,true,1,48777
7290003224456,false,כיסונים בשר סיבירסקי,,,כיסונים בשר סיבירסקי,גרמים,1000.00,100 גרם,false,,29.90,2.9900,true,1,101496
7290003224463,false,כיסונים אוקרינסקי מא,,,כיסונים אוקרינסקי מא,גרמים,1000.00,100 גרם,false,,29.90,2.9900,true,1,101497
7290003224470,false,כיסונים בשר קייבסקי,,,כיסונים בשר קייבסקי,גרמים,1000.00,100 גרם,false,,29.90,2.9900,true,1,101498
7290003224654,false,מיקס פירות יער קפוא,,,מיקס פירות יער קפוא,גרמים,300.00,100 גרם,false,,14.90,4.9667,true,1,41120
7290003224746,false,דומדמניות שחורות קפו,,,דומדמניות שחורות קפו,גרמים,300.00,100 גרם,false,,14.90,4.9667,true,1,43397
7290003229109,false,פסטרמה הודו בפפריקה,,,פסטרמה הודו בפפריקה,גרמים,400.00,100 גרם,false,,28.90,7.2250,true,1,84382
7290003229116,false,פסטרמה בדבש טירת צבי,,,פסטרמה בדבש טירת צבי,גרמים,400.00,100 גרם,false,,28.90,7.2250,true,1,89597
7290003229123,false,פסטרמה על גחלים טירת,,,פסטרמה על גחלים טירת,גרמים,400.00,100 גרם,false,,28.90,7.2250,true,1,89598
7290003229147,false,סלמי בסגנון איטלקי ט,,,סלמי בסגנון איטלקי ט,גרמים,300.00,100 גרם,false,,28.90,9.6333,true,1,89599
7290003229154,false,סלמי קוניאק טירת צבי,,,סלמי קוניאק טירת צבי,גרמים,300.00,100 גרם,false,,28.90,9.6333,true,1,89600
7290003268030,false,חלה רגילה 500גר,,,חלה רגילה 500גר,גרמים,500.00,100 גרם,false,,5.17,1.0340,true,1,101420
7290003268245,false,*מבצע* חלה מתוקה ארו,,,*מבצע* חלה מתוקה ארו,יחידה,0.00,יחידה,false,,12.90,0.0000,true,1,135645
7290003268252,false,*מבצע* לחם חיטה מלאה,,,*מבצע* לחם חיטה מלאה,גרמים,750.00,100 גרם,false,,14.90,1.9867,true,1,135646
7290003268429,false,לחם חיטה מלאה ירוק 7,,,לחם חיטה מלאה ירוק 7,גרמים,750.00,100 גרם,false,,16.90,2.2533,true,1,135647
7290003268627,false,חלה מתוקה ברמן,,,חלה מתוקה ברמן,גרמים,500.00,100 גרם,false,,8.90,1.7800,true,1,47092
7290003268641,false,חאלע חלה מתוקה מיוחד,,,חאלע חלה מתוקה מיוחד,יחידה,0.00,יחידה,false,,14.90,0.0000,true,1,135604
7290003268740,false,לחם אחיד שחור,,,לחם אחיד שחור,גרמים,750.00,100 גרם,false,,5.10,0.6800,true,1,39213
7290003268764,false,חלה רגילה 500גר,,,חלה רגילה 500גר,גרמים,500.00,100 גרם,false,,5.17,1.0340,true,1,135650
7290003268795,false,לחמניה רגילה,,,לחמניה רגילה,גרמים,75.00,100 גרם,false,,1.90,2.5333,true,1,101422
7290003287253,false,נקניקיות מרגז בלדי 5,,,נקניקיות מרגז בלדי 5,גרמים,500.00,100 גרם,false,,29.90,5.9800,true,1,63545
7290003287284,false,קבב ביתי ארוז 600גר,,,קבב ביתי ארוז 600גר,גרמים,600.00,100 גרם,false,,29.90,4.9833,true,1,63555
7290003287291,false,קבב טלה וצנובר 600גר,,,קבב טלה וצנובר 600גר,גרמים,600.00,100 גרם,false,,29.90,4.9833,true,1,63556
7290003287796,false,סינטה עגל,,,סינטה עגל,קילוגרמים,1.00,"ק""ג",true,,129.00,129.0000,true,1,136358
7290003318100,false,וופל טעם שוקו מנעמים,קריות זול,,וופל טעם שוקו מנעמים,גרמים,200.00,100 גרם,false,,4.90,2.4500,true,1,31111
7290003318131,false,וופל אגוז מנעמים 200,,,וופל אגוז מנעמים 200,גרמים,200.00,100 גרם,false,,4.90,2.4500,true,1,50399
7290003318155,false,וופל טעם לימון מנעמי,קריות זול,,וופל טעם לימון מנעמי,גרמים,200.00,100 גרם,false,,4.90,2.4500,true,1,46169
7290003318599,false,וופל וניל מנעמים 200,,,וופל וניל מנעמים 200,גרמים,200.00,100 גרם,false,,4.90,2.4500,true,1,46669
7290003321155,false,דנונה בר פקאן 183גר,קריות זול,,דנונה בר פקאן 183גר,גרמים,183.00,100 גרם,false,,4.80,2.6230,true,1,30648
7290003332007,false,קפה נחלה סובחי 250גר,,,קפה נחלה סובחי 250גר,גרמים,250.00,100 גרם,false,,15.90,6.3600,true,1,56931
7290003332045,false,קפה נחלה סובחי 250גר,,,קפה נחלה סובחי 250גר,גרמים,250.00,100 גרם,false,,15.90,6.3600,true,1,56932
7290003387205,false,ספיד סטיק ירוק לגבר,קריות זול,,ספיד סטיק ירוק לגבר,גרמים,56.00,100 גרם,false,,21.90,39.1071,true,1,35824
7290003401369,false,נטורל קרם לשיער פגום,קריות זול,,נטורל קרם לשיער פגום,מיליליטרים,400.00,"100 מ""ל",false,,24.90,6.2250,true,1,35829
7290003411276,false,עמבה מובחרת 500גר,קריות זול,,עמבה מובחרת 500גר,גרמים,500.00,100 גרם,false,,12.90,2.5800,true,1,31848
7290003411313,false,הנמל מפה מבד לא ארוג,קריות זול,,הנמל מפה מבד לא ארוג,גרמים,100.00,100 גרם,false,,7.90,7.9000,true,1,31849
7290003411832,false,גרנולה אגוזים ובונדו,,,גרנולה אגוזים ובונדו,גרמים,400.00,100 גרם,false,,13.50,3.3750,true,1,31859
7290003411849,false,גרנולה תמרים ושקדים,,,גרנולה תמרים ושקדים,גרמים,400.00,100 גרם,false,,13.50,3.3750,true,1,31860
7290003411856,false,"גרנולה תפו""ע וקינמון",,,"גרנולה תפו""ע וקינמון",גרמים,400.00,100 גרם,false,,13.50,3.3750,true,1,31861
7290003411948,false,צמר גפן הנמל 100גרם,,,צמר גפן הנמל 100גרם,גרמים,100.00,100 גרם,false,,4.90,4.9000,true,1,31864
7290003411993,false,גפרורים 10יח הנמל,,,גפרורים 10יח הנמל,יח',10.00,יח',false,,2.90,0.2900,true,1,31865
7290003414406,false,נטיפי אפייה מקרם בוט,,,נטיפי אפייה מקרם בוט,גרמים,283.00,100 גרם,false,,15.90,5.6184,true,1,76624
7290003423909,false,הרשי קוקיס קרם לבן 4,,,הרשי קוקיס קרם לבן 4,גרמים,43.00,100 גרם,false,,4.90,11.3953,true,1,139139
7290003438006,false,פסטו איטלקי אוליביה,קריות זול,,פסטו איטלקי אוליביה,גרמים,180.00,100 גרם,false,,14.90,8.2778,true,1,32655
7290003438020,false,ממרח עגבניות מיובשות,קריות זול,,ממרח עגבניות מיובשות,גרמים,190.00,100 גרם,false,,14.90,7.8421,true,1,32657
7290003438853,false,אריסה חריפה 185 גרם,,,אריסה חריפה 185 גרם,גרמים,185.00,100 גרם,false,,14.90,8.0541,true,1,73489
7290003444009,false,חטיף ריזס במילוי חמא,,,חטיף ריזס במילוי חמא,גרמים,42.00,100 גרם,false,,4.90,11.6667,true,1,101310
7290003450602,false,חרדל אמיתי צהוב בקבו,קריות זול,,חרדל אמיתי צהוב בקבו,גרמים,255.00,100 גרם,false,,12.90,5.0588,true,1,25116
7290003470433,false,פרג 200 גרם סולימני,,,פרג 200 גרם סולימני,גרמים,200.00,100 גרם,false,,8.90,4.4500,true,1,121495
7290003520572,false,תופינית מטריות שוקול,,,תופינית מטריות שוקול,גרמים,60.00,100 גרם,false,,16.90,28.1667,true,1,55896
7290003521074,false,סרקל מרכך שיער לילדי,קריות זול,,סרקל מרכך שיער לילדי,מיליליטרים,1000.00,"100 מ""ל",false,,29.90,2.9900,true,1,52950
7290003521081,false,סרקל שמפו לילדים 1לי,,,סרקל שמפו לילדים 1לי,מיליליטרים,1000.00,"100 מ""ל",false,,29.90,2.9900,true,1,52055
7290003521197,false,סקרל מתיר קשרים 340מ,,,סקרל מתיר קשרים 340מ,מיליליטרים,400.00,"100 מ""ל",false,,27.90,6.9750,true,1,52057
7290003570164,false,שווארמה פרגית מינוט,,,שווארמה פרגית מינוט,גרמים,300.00,100 גרם,false,,31.90,10.6333,true,1,97137
7290003570171,false,שניצל מינוט 300 גרם,,,שניצל מינוט 300 גרם,גרמים,300.00,100 גרם,false,,26.90,8.9667,true,1,97138
7290003570928,false,קבב בלדי קצביה ארוז,,,קבב בלדי קצביה ארוז,גרמים,500.00,100 גרם,false,,29.90,5.9800,true,1,96586
7290003578085,false,מוצרלה 21% ויליפוד ש,,,מוצרלה 21% ויליפוד ש,קילוגרמים,1.00,"ק""ג",true,,79.00,79.0000,true,1,69352
7290003578108,false,אננס חתיכות ויליפוד,קריות זול,,אננס חתיכות ויליפוד,גרמים,850.00,100 גרם,false,,9.90,1.1647,true,1,35876
7290003578177,false,תירס גמדי ויליפוד 41,קריות זול,,תירס גמדי ויליפוד 41,גרמים,410.00,100 גרם,false,,8.90,2.1707,true,1,24663
7290003598311,false,*מבצע* סטייק מינוט 3,,,*מבצע* סטייק מינוט 3,גרמים,300.00,100 גרם,false,,30.00,10.0000,true,1,94771
7290003643004,false,אורז בסמטי סוגת 1קג,קריות זול,,אורז בסמטי סוגת 1קג,גרמים,1000.00,100 גרם,false,,14.90,1.4900,true,1,32169
7290003643325,false,קוסקוס בינוני סוגת 3,קריות זול,,קוסקוס בינוני סוגת 3,גרמים,350.00,100 גרם,false,,6.90,1.9714,true,1,65423
7290003643387,false,סוכר לבן בצנצנת סוגת,קריות זול,,סוכר לבן בצנצנת סוגת,גרמים,1000.00,100 גרם,false,,8.50,0.8500,true,1,32178
7290003643646,false,סוכר דמררה בצנצנת סו,קריות זול,,סוכר דמררה בצנצנת סו,גרמים,1000.00,100 גרם,false,,13.90,1.3900,true,1,22689
7290003643684,false,אפונה סוגת 500גר,קריות זול,,אפונה סוגת 500גר,גרמים,500.00,100 גרם,false,,6.90,1.3800,true,1,32181
7290003643707,false,גריסים סוגת 500גר,קריות זול,,גריסים סוגת 500גר,גרמים,500.00,100 גרם,false,,6.90,1.3800,true,1,32183
7290003643714,false,חומוס סוגת 500גר,קריות זול,,חומוס סוגת 500גר,גרמים,500.00,100 גרם,false,,8.90,1.7800,true,1,32184
7290003643738,false,חיטה סוגת 500 גר,קריות זול,,חיטה סוגת 500 גר,גרמים,500.00,100 גרם,false,,6.90,1.3800,true,1,32185
7290003643745,false,כוסמת סוגת 500גר,קריות זול,,כוסמת סוגת 500גר,גרמים,500.00,100 גרם,false,,8.90,1.7800,true,1,32186
7290003643752,false,עדשים ירוקים סוגת 50,קריות זול,,עדשים ירוקים סוגת 50,גרמים,500.00,100 גרם,false,,9.90,1.9800,true,1,32187
7290003643769,false,עדשים אדומים סוגת 50,קריות זול,,עדשים אדומים סוגת 50,גרמים,500.00,100 גרם,false,,9.90,1.9800,true,1,32188
7290003643776,false,פופקורן סוגת 500 גר,קריות זול,,פופקורן סוגת 500 גר,גרמים,500.00,100 גרם,false,,6.90,1.3800,true,1,32806
7290003643783,false,קוקוס סוגת 100 גר,קריות זול,,קוקוס סוגת 100 גר,גרמים,100.00,100 גרם,false,,4.90,4.9000,true,1,32189
7290003643806,false,שעועית לבנה סוגת 500,קריות זול,,שעועית לבנה סוגת 500,גרמים,500.00,100 גרם,false,,10.90,2.1800,true,1,32190
7290003643813,false,שעועית אדומה סוגת 50,קריות זול,,שעועית אדומה סוגת 50,גרמים,500.00,100 גרם,false,,10.90,2.1800,true,1,32191
7290003643820,false,חומוס ענק סוגת 500גר,,,חומוס ענק סוגת 500גר,גרמים,500.00,100 גרם,false,,12.90,2.5800,true,1,32192
7290003681303,false,שעועית מעורבת 500גר,,,שעועית מעורבת 500גר,גרמים,500.00,100 גרם,false,,9.50,1.9000,true,1,49954
7290003681334,false,קוקוס מיה 400גרם,,,קוקוס מיה 400גרם,גרמים,400.00,100 גרם,false,,12.90,3.2250,true,1,50537
7290003681532,false,דובדבנים מסוכרים 80,,,דובדבנים מסוכרים 80,גרמים,80.00,100 גרם,false,,8.50,10.6250,true,1,52042
7290003681693,false,חומוס לבן ענק 500גר,,,חומוס לבן ענק 500גר,גרמים,500.00,100 גרם,false,,11.90,2.3800,true,1,49955
7290003718610,false,במיה קפואה 400גר,,,במיה קפואה 400גר,גרמים,400.00,100 גרם,false,,10.90,2.7250,true,1,92056
7290003719259,false,לחם טיבעי ליבו 1קג,קריות זול,,לחם טיבעי ליבו 1קג,גרמים,1000.00,100 גרם,false,,17.50,1.7500,true,1,135697
7290003726615,false,טופו ויילר 300גר,,,טופו ויילר 300גר,גרמים,300.00,100 גרם,false,,12.90,4.3000,true,1,100365
7290003781652,false,צלפים 370 גר,קריות זול,,צלפים 370 גר,גרמים,370.00,100 גרם,false,,12.90,3.4865,true,1,35910
7290003804252,false,תיבולית הודי קנור 72,קריות זול,,תיבולית הודי קנור 72,גרמים,72.00,100 גרם,false,,10.90,15.1389,true,1,26626
7290003804320,false,תיבולית קנור שום פטר,קריות זול,,תיבולית קנור שום פטר,גרמים,72.00,100 גרם,false,,10.90,15.1389,true,1,26627
7290003804382,false,תיבולית קנור פטריות,קריות זול,,תיבולית קנור פטריות,גרמים,72.00,100 גרם,false,,10.90,15.1389,true,1,26632
7290003882922,false,עלי גפן ממולא 400 גר,קריות זול,,עלי גפן ממולא 400 גר,גרמים,400.00,100 גרם,false,,9.90,2.4750,true,1,24676
7290003903771,false,קפוצינו עלית 200גר,קריות זול,,קפוצינו עלית 200גר,גרמים,200.00,100 גרם,false,,25.90,12.9500,true,1,27251
7290003976508,false,נוזל לניקוי אסלות 1ל,,,נוזל לניקוי אסלות 1ל,מיליליטרים,1000.00,"100 מ""ל",false,,7.90,0.7900,true,1,57094
7290003976614,false,אקונומיקה סמיכה טאצ',,,אקונומיקה סמיכה טאצ',ליטרים,4000.00,ליטר,false,,10.90,0.0027,true,1,120878
7290003989096,false,חציל פיקנטי אחלה 500,קריות זול,,חציל פיקנטי אחלה 500,גרמים,500.00,100 גרם,false,,16.90,3.3800,true,1,30652
7290003989539,false,רביולי גבינה שטראוס,קריות זול,,רביולי גבינה שטראוס,גרמים,400.00,100 גרם,false,,21.90,5.4750,true,1,30653
7290003989553,false,טורטליני פטריות שטרא,קריות זול,,טורטליני פטריות שטרא,גרמים,400.00,100 גרם,false,,21.90,5.4750,true,1,30654
7290004014407,false,אמ&אמס פינאטבאטר 46ג,,,אמ&אמס פינאטבאטר 46ג,גרמים,46.00,100 גרם,false,,4.90,10.6522,true,1,75417
7290004033705,false,לחמניות המבורגר ביג,קריות זול,,לחמניות המבורגר ביג,גרמים,600.00,100 גרם,false,,15.90,2.6500,true,1,136428
7290004033712,false,לחם עננים מקמח מלא 7,קריות זול,,לחם עננים מקמח מלא 7,גרמים,750.00,100 גרם,false,,16.90,2.2533,true,1,136426
7290004033729,false,לחם עננים כוסמין 750,קריות זול,,לחם עננים כוסמין 750,גרמים,750.00,100 גרם,false,,16.90,2.2533,true,1,136427
7290004033736,false,לחם עננים סגנון בריו,,,לחם עננים סגנון בריו,גרמים,500.00,100 גרם,false,,16.90,3.3800,true,1,137821
7290004033811,false,לחם מיוחד ללא גלוטן,,,לחם מיוחד ללא גלוטן,גרמים,320.00,100 גרם,false,,16.90,5.2812,true,1,136420
7290004061449,false,שניצל אמרקאי 700גר,,,שניצל אמרקאי 700גר,גרמים,700.00,100 גרם,false,,11.90,1.7000,true,1,19837
7290004061463,false,שניצל עוף אמיתי שומש,,,שניצל עוף אמיתי שומש,גרמים,700.00,100 גרם,false,,29.90,4.2714,true,1,35950
7290004061487,false,טבעות עוף 700גר,,,טבעות עוף 700גר,גרמים,700.00,100 גרם,false,,16.90,2.4143,true,1,19838
7290004061494,false,נגיסי עוף 700גר,,,נגיסי עוף 700גר,גרמים,700.00,100 גרם,false,,16.90,2.4143,true,1,19839
7290004063016,false,מלח שולחן 1קג,קריות זול,,מלח שולחן 1קג,גרמים,1000.00,100 גרם,false,,2.07,0.2070,true,1,22691
7290004063115,false,מלח למליחות בשר וביש,קריות זול,,מלח למליחות בשר וביש,גרמים,1000.00,100 גרם,false,,2.07,0.2070,true,1,22692
7290004064099,false,מלח מהרי ההימלאי מטח,,,מלח מהרי ההימלאי מטח,גרמים,250.00,100 גרם,false,,19.50,7.8000,true,1,90660
7290004064174,false,מלח ההימלאיה דק בצנצ,,,מלח ההימלאיה דק בצנצ,גרמים,1000.00,100 גרם,false,,19.90,1.9900,true,1,94655
7290004064181,false,מלח ההימלאיה גס בצנצ,,,מלח ההימלאיה גס בצנצ,גרמים,1000.00,100 גרם,false,,19.90,1.9900,true,1,94656
7290004064280,false,מלח מופחת נתרן צנצנת,,,מלח מופחת נתרן צנצנת,גרמים,600.00,100 גרם,false,,19.90,3.3167,true,1,120832
7290004064297,false,מלח מועשר ביוד 1 קג,,,מלח מועשר ביוד 1 קג,ק'ג,1.00,ק'ג,false,,10.90,10.9000,true,1,120833
7290004064303,false,מלח אטלנטי בצנצנת 80,,,מלח אטלנטי בצנצנת 80,גרמים,800.00,100 גרם,false,,19.90,2.4875,true,1,140867
7290004068011,false,יוגורט כבשים 5% מחלב,,,יוגורט כבשים 5% מחלב,גרמים,600.00,100 גרם,false,,18.90,3.1500,true,1,65608
7290004068028,false,משקה יוגורט צזיקי 3.,,,משקה יוגורט צזיקי 3.,מיליליטרים,500.00,"100 מ""ל",false,,10.50,2.1000,true,1,67455
7290004068172,false,יוגורט עיזים דלי 5%,,,יוגורט עיזים דלי 5%,גרמים,600.00,100 גרם,false,,18.90,3.1500,true,1,70845
7290004078270,false,פלמוליב לכלים לימון,קריות זול,,פלמוליב לכלים לימון,מיליליטרים,1000.00,"100 מ""ל",false,,14.90,1.4900,true,1,28420
7290004119225,false,יופלה אננס 3% 150גר,קריות זול,,יופלה אננס 3% 150גר,גרמים,150.00,100 גרם,false,,5.00,3.3333,true,1,29358
7290004119928,false,קרלו וניל 1.5% 125גר,קריות זול,,קרלו וניל 1.5% 125גר,גרמים,125.00,100 גרם,false,,2.90,2.3200,true,1,29365
7290004119973,false,קרלו שוקולדה 1.5% 12,קריות זול,,קרלו שוקולדה 1.5% 12,גרמים,125.00,100 גרם,false,,2.90,2.3200,true,1,29366
7290004120061,false,קרלו שוניל 1.5% 125מ,קריות זול,,קרלו שוניל 1.5% 125מ,מיליליטרים,125.00,"100 מ""ל",false,,3.00,2.4000,true,1,29367
7290004120108,false,יופלה דיאט דובדבן 0%,קריות זול,,יופלה דיאט דובדבן 0%,גרמים,150.00,100 גרם,false,,5.00,3.3333,true,1,29369
7290004120566,false,בולגרית 24% פיראוס,קריות זול,,בולגרית 24% פיראוס,גרמים,250.00,100 גרם,false,,23.90,9.5600,true,1,29383
7290004120573,false,בולגרית בקר 16% פירא,קריות זול,,בולגרית בקר 16% פירא,גרמים,250.00,100 גרם,false,,23.90,9.5600,true,1,29384
7290004120634,false,בולגרית 5% 250גר פיר,קריות זול,,בולגרית 5% 250גר פיר,גרמים,250.00,100 גרם,false,,23.90,9.5600,true,1,29385
7290004120832,false,חלב כד תנובה %3 2ל,קריות זול,,חלב כד תנובה %3 2ל,מיליליטרים,2000.00,"100 מ""ל",false,,12.46,0.6230,true,1,43699
7290004121488,false,יופלה דיאט אפרסק 0%,קריות זול,,יופלה דיאט אפרסק 0%,גרמים,150.00,100 גרם,false,,5.00,3.3333,true,1,29394
7290004121525,false,יופלה אפרסק תות 3% 8,קריות זול,,יופלה אפרסק תות 3% 8,מיליליטרים,1200.00,"100 מ""ל",false,,31.70,2.6417,true,1,29396
7290004121754,false,יופלה קרם גבינה ותות,קריות זול,,יופלה קרם גבינה ותות,גרמים,150.00,100 גרם,false,,5.00,3.3333,true,1,29404
7290004121839,false,פטה כבשים 20% פיראוס,קריות זול,,פטה כבשים 20% פיראוס,גרמים,250.00,100 גרם,false,,27.50,11.0000,true,1,29405
7290004121853,false,בולגרית בקוביות 5%פי,קריות זול,,בולגרית בקוביות 5%פי,גרמים,200.00,100 גרם,false,,21.50,10.7500,true,1,29406
7290004122119,false,פתיתי פרמזן לפסטה 10,קריות זול,,פתיתי פרמזן לפסטה 10,גרמים,100.00,100 גרם,false,,12.90,12.9000,true,1,29410
7290004122195,false,גבינה גוש חלב פרוס 2,קריות זול,,גבינה גוש חלב פרוס 2,גרמים,200.00,100 גרם,false,,14.90,7.4500,true,1,29411
7290004122270,false,עמק פרוס סגירה חוזרת,קריות זול,,עמק פרוס סגירה חוזרת,גרמים,200.00,100 גרם,false,,16.70,8.3500,true,1,29412
7290004122348,false,עמק לייט 9% 200גר,קריות זול,,עמק לייט 9% 200גר,גרמים,200.00,100 גרם,false,,17.90,8.9500,true,1,29414
7290004122607,false,עמק לייט חריץ 9% תנו,,,עמק לייט חריץ 9% תנו,קילוגרמים,1.00,"ק""ג",true,,74.00,74.0000,true,1,39480
7290004122676,false,גבינת חמד לייט גביע,קריות זול,,גבינת חמד לייט גביע,גרמים,250.00,100 גרם,false,,18.50,7.4000,true,1,29420
7290004122683,false,עמק אצבעות גבינה 172,קריות זול,,עמק אצבעות גבינה 172,גרמים,172.00,100 גרם,false,,16.90,9.8256,true,1,39037
7290004124205,false,יופלה דיאט תות 0% 15,קריות זול,,יופלה דיאט תות 0% 15,גרמים,150.00,100 גרם,false,,5.00,3.3333,true,1,29445
7290004124847,false,קצפת צמחית 24% 500מל,קריות זול,,קצפת צמחית 24% 500מל,מיליליטרים,500.00,"100 מ""ל",false,,15.90,3.1800,true,1,29451
7290004125370,false,שמנת קלה 9% 200מל תנ,קריות זול,,שמנת קלה 9% 200מל תנ,מיליליטרים,200.00,"100 מ""ל",false,,3.90,1.9500,true,1,29458
7290004125400,false,אשל 200 מל,קריות זול,,אשל 200 מל,מיליליטרים,200.00,"100 מ""ל",false,,1.69,0.8450,true,1,29459
7290004125417,false,"גיל 200 מ""ל",קריות זול,,"גיל 200 מ""ל",מיליליטרים,200.00,"100 מ""ל",false,,1.51,0.7550,true,1,29460
7290004125455,false,שמנת אורגינל מהדרין,קריות זול,,שמנת אורגינל מהדרין,מיליליטרים,200.00,"100 מ""ל",false,,2.40,1.2000,true,1,29461
7290004125509,false,שמנת חצי מנה 15% תנו,קריות זול,,שמנת חצי מנה 15% תנו,מיליליטרים,100.00,"100 מ""ל",false,,2.10,2.1000,true,1,29463
7290004125578,false,משקה סויה מועשר בסיד,קריות זול,,משקה סויה מועשר בסיד,מיליליטרים,1000.00,"100 מ""ל",false,,10.90,1.0900,true,1,29464
7290004125585,false,משקה סויה על הבוקר ת,קריות זול,,משקה סויה על הבוקר ת,מיליליטרים,1000.00,"100 מ""ל",false,,10.90,1.0900,true,1,29465
7290004125721,false,שמנת לבישול 15% 250מ,קריות זול,,שמנת לבישול 15% 250מ,מיליליטרים,250.00,"100 מ""ל",false,,8.90,3.5600,true,1,29474
7290004125738,false,שמנת להקצפה 32% 250מ,קריות זול,,שמנת להקצפה 32% 250מ,מיליליטרים,250.00,"100 מ""ל",false,,6.80,2.7200,true,1,29475
7290004125776,false,עמק פרוסות 28% 400גר,קריות זול,,עמק פרוסות 28% 400גר,גרמים,400.00,100 גרם,false,,29.90,7.4750,true,1,29477
7290004126674,false,עמק טל לייט 9% 200גר,קריות זול,,עמק טל לייט 9% 200גר,גרמים,200.00,100 גרם,false,,19.70,9.8500,true,1,29491
7290004126759,false,יופלה דיאט פירות יער,קריות זול,,יופלה דיאט פירות יער,גרמים,150.00,100 גרם,false,,5.00,3.3333,true,1,29495
7290004126872,false,שוקו תנובה בקבוק 250,קריות זול,,שוקו תנובה בקבוק 250,מיליליטרים,250.00,"100 מ""ל",false,,5.70,2.2800,true,1,29496
7290004127329,false,קוטג 5% 250גר תנובה,קריות זול,,קוטג 5% 250גר תנובה,גרמים,250.00,100 גרם,false,,5.90,2.3600,true,1,29499
7290004127336,false,קוטג 9% 250גר תנובה,קריות זול,,קוטג 9% 250גר תנובה,גרמים,250.00,100 גרם,false,,5.90,2.3600,true,1,29500
7290004127800,false,גבינה לבנה 5% 500גר,קריות זול,,גבינה לבנה 5% 500גר,גרמים,500.00,100 גרם,false,,9.96,1.9920,true,1,29504
7290004127817,false,גבינה לבנה %9 500גר,קריות זול,,גבינה לבנה %9 500גר,גרמים,500.00,100 גרם,false,,9.80,1.9600,true,1,29505
7290004127862,false,גבינה לבנה 5% 750גרם,קריות זול,,גבינה לבנה 5% 750גרם,גרמים,750.00,100 גרם,false,,14.94,1.9920,true,1,29506
7290004128340,false,גבינת שמנת בטעם טבעי,קריות זול,,גבינת שמנת בטעם טבעי,גרמים,200.00,100 גרם,false,,11.70,5.8500,true,1,29519
7290004128432,false,פתיתי גבינה מותכת הש,,,פתיתי גבינה מותכת הש,גרמים,500.00,100 גרם,false,,23.70,4.7400,true,1,43040
7290004129101,false,גבינת נפוליאון בטעם,קריות זול,,גבינת נפוליאון בטעם,גרמים,225.00,100 גרם,false,,14.10,6.2667,true,1,29535
7290004129156,false,גבינת נפוליאון שום ש,קריות זול,,גבינת נפוליאון שום ש,גרמים,225.00,100 גרם,false,,14.10,6.2667,true,1,29537
7290004129767,false,יופלה לבן מאגדת שמינ,קריות זול,,יופלה לבן מאגדת שמינ,גרמים,1200.00,100 גרם,false,,18.00,1.5000,true,1,29557
7290004130695,false,אייס קפה משקה חלב תנ,,,אייס קפה משקה חלב תנ,מיליליטרים,1000.00,"100 מ""ל",false,,13.90,1.3900,true,1,43507
7290004130794,false,משקה סויה מועשר 1 לי,קריות זול,,משקה סויה מועשר 1 לי,מיליליטרים,1000.00,"100 מ""ל",false,,10.90,1.0900,true,1,29568
7290004130916,false,יופלה בטעם פירות יער,קריות זול,,יופלה בטעם פירות יער,גרמים,150.00,100 גרם,false,,5.00,3.3333,true,1,29572
7290004131074,false,חלב בקרטון מהדרין תנ,קריות זול,,חלב בקרטון מהדרין תנ,מיליליטרים,1000.00,"100 מ""ל",false,,6.23,0.6230,true,1,29579
7290004131432,false,יופלה לבן 3% 200מל,קריות זול,,יופלה לבן 3% 200מל,מיליליטרים,200.00,"100 מ""ל",false,,3.90,1.9500,true,1,29587
7290004131531,false,שוקו תנובה בקבוק 1ל,קריות זול,,שוקו תנובה בקבוק 1ל,מיליליטרים,1000.00,"100 מ""ל",false,,12.70,1.2700,true,1,29593
7290004131814,false,צפתית מעודנת 5% 200ג,קריות זול,,צפתית מעודנת 5% 200ג,גרמים,200.00,100 גרם,false,,15.30,7.6500,true,1,29603
7290004132552,false,משקה סויה דיאט וניל,קריות זול,,משקה סויה דיאט וניל,מיליליטרים,1000.00,"100 מ""ל",false,,10.90,1.0900,true,1,29613
7290004132712,false,עמק אצבעות מוצרלה 20,קריות זול,,עמק אצבעות מוצרלה 20,גרמים,172.00,100 גרם,false,,16.90,9.8256,true,1,29620
7290004133511,false,יופלה לבן מאגדת שמינ,קריות זול,,יופלה לבן מאגדת שמינ,גרמים,1200.00,100 גרם,false,,20.90,1.7417,true,1,29630
7290004135225,false,מעדן תנובה דיאט שוקו,קריות זול,,מעדן תנובה דיאט שוקו,מיליליטרים,150.00,"100 מ""ל",false,,4.10,2.7333,true,1,29657
7290004135614,false,בולגרית מעודנת בקר פ,קריות זול,,בולגרית מעודנת בקר פ,גרמים,250.00,100 גרם,false,,23.70,9.4800,true,1,40470
7290004136154,false,אייס קפה תנובה בקבוק,,,אייס קפה תנובה בקבוק,מיליליטרים,340.00,"100 מ""ל",false,,7.20,2.1176,true,1,41765
7290004136598,false,הפסקת אוכל חלב ודגני,קריות זול,,הפסקת אוכל חלב ודגני,מיליליטרים,150.00,"100 מ""ל",false,,9.50,6.3333,true,1,39401
7290004136857,false,ג'לי תנובה פטל 125גר,קריות זול,,ג'לי תנובה פטל 125גר,גרמים,125.00,100 גרם,false,,2.60,2.0800,true,1,39199
7290004136864,false,ג'לי תנובה אננס עם ח,קריות זול,,ג'לי תנובה אננס עם ח,גרמים,125.00,100 גרם,false,,2.90,2.3200,true,1,39190
7290004136871,false,ג'לי תנובה אפרסק עם,קריות זול,,ג'לי תנובה אפרסק עם,גרמים,125.00,100 גרם,false,,2.90,2.3200,true,1,39191
7290004137021,false,שמנת לבישול 10% 250מ,,,שמנת לבישול 10% 250מ,מיליליטרים,250.00,"100 מ""ל",false,,8.90,3.5600,true,1,42945
7290004137311,false,עמק לייט משפחתית 9%,,,עמק לייט משפחתית 9%,גרמים,400.00,100 גרם,false,,31.90,7.9750,true,1,42083
7290004165000,false,"רסק תפו""ע עם סוכר 56",,,"רסק תפו""ע עם סוכר 56",גרמים,560.00,100 גרם,false,,9.90,1.7679,true,1,52304
7290004219819,false,מלבין קפה קומפלטה 20,קריות זול,,מלבין קפה קומפלטה 20,גרמים,200.00,100 גרם,false,,11.90,5.9500,true,1,24679
7290004255305,false,נר נשמה בכוס פלסטיק,,,נר נשמה בכוס פלסטיק,יחידה,0.00,יחידה,false,,10.90,0.0000,true,1,136899
7290004255428,false,נר נשמה מנורה פחית 2,,,נר נשמה מנורה פחית 2,יחידה,0.00,יחידה,false,,1.90,0.0000,true,1,112950
7290004267124,false,עוגיות ממולאות בטעמי,קריות זול,,עוגיות ממולאות בטעמי,גרמים,200.00,100 גרם,false,,6.70,3.3500,true,1,102349
7290004267650,false,עוגיות ריבה ברמן 600,,,עוגיות ריבה ברמן 600,גרמים,600.00,100 גרם,false,,14.90,2.4833,true,1,92650
7290004267759,false,עוגיות מפנקות במילוי,,,עוגיות מפנקות במילוי,גרמים,180.00,100 גרם,false,,6.70,3.7222,true,1,92666
7290004456108,false,פילה סלמון נורבגי קפ,,,פילה סלמון נורבגי קפ,קילוגרמים,1.00,"ק""ג",true,,79.90,79.9000,true,1,141183
7290004456283,false,אנטריקוט עגל פריים,,,אנטריקוט עגל פריים,קילוגרמים,1.00,"ק""ג",true,,159.00,159.0000,true,1,128768
7290004492274,false,בייגלה גל גל 400גר,קריות זול,,בייגלה גל גל 400גר,גרמים,400.00,100 גרם,false,,10.90,2.7250,true,1,26697
7290004492762,false,נשנושים תירס 325גר,קריות זול,,נשנושים תירס 325גר,גרמים,325.00,100 גרם,false,,14.50,4.4615,true,1,26710
7290004532024,false,חמניה קלוף טבעי 200ג,,,חמניה קלוף טבעי 200ג,גרמים,200.00,100 גרם,false,,5.90,2.9500,true,1,41432
7290004532031,false,שקד קלוי 200גר,,,שקד קלוי 200גר,גרמים,200.00,100 גרם,false,,19.90,9.9500,true,1,41433
7290004532048,false,גרעין לבן 200גר,,,גרעין לבן 200גר,גרמים,200.00,100 גרם,false,,8.90,4.4500,true,1,41434
7290004532062,false,גרעיני אבטיח 200גר,,,גרעיני אבטיח 200גר,גרמים,200.00,100 גרם,false,,13.90,6.9500,true,1,41435
7290004532086,false,קשיו 200גר,,,קשיו 200גר,גרמים,200.00,100 גרם,false,,17.90,8.9500,true,1,41436
7290004532093,false,בוטנים בקליפה 250גר,,,בוטנים בקליפה 250גר,גרמים,250.00,100 גרם,false,,7.90,3.1600,true,1,41437
7290004532123,false,פיסטוק חלבי 200גר,,,פיסטוק חלבי 200גר,גרמים,200.00,100 גרם,false,,19.90,9.9500,true,1,41440
7290004532130,false,בוטן אמריקאי 200גר,,,בוטן אמריקאי 200גר,גרמים,200.00,100 גרם,false,,4.90,2.4500,true,1,41441
7290004532147,false,קבוקים 200גר,,,קבוקים 200גר,גרמים,200.00,100 גרם,false,,4.90,2.4500,true,1,41442
7290004532161,false,חטיף מנצס 200גר,,,חטיף מנצס 200גר,גרמים,200.00,100 גרם,false,,8.90,4.4500,true,1,41443
7290004532369,false,חטיף מנצס 180גר,,,חטיף מנצס 180גר,גרמים,180.00,100 גרם,false,,8.90,4.9444,true,1,41451
7290004532383,false,פקאן טבעי במגש 200גר,,,פקאן טבעי במגש 200גר,גרמים,200.00,100 גרם,false,,25.90,12.9500,true,1,45786
7290004532390,false,אגוזי מלך בשקית 200ג,,,אגוזי מלך בשקית 200ג,גרמים,200.00,100 גרם,false,,17.90,8.9500,true,1,41452
7290004532444,false,שקד טבעי 200גרם,,,שקד טבעי 200גרם,גרמים,200.00,100 גרם,false,,19.90,9.9500,true,1,41453
7290004532574,false,גרעין שחור 200גר,,,גרעין שחור 200גר,גרמים,200.00,100 גרם,false,,5.90,2.9500,true,1,41455
7290004532581,false,בוטנים קלויים 200גר,,,בוטנים קלויים 200גר,גרמים,200.00,100 גרם,false,,6.90,3.4500,true,1,41456
7290004575007,false,טילונים ריאו חמישייה,,,טילונים ריאו חמישייה,יחידה,0.00,יחידה,false,,15.90,0.0000,true,1,44916
7290004575069,false,חטיפי גלידה מיניס בט,,,חטיפי גלידה מיניס בט,גרמים,700.00,100 גרם,false,,34.90,4.9857,true,1,41369
7290004575229,false,גלידה סנקור 5יח,,,גלידה סנקור 5יח,גרמים,500.00,100 גרם,false,,17.90,3.5800,true,1,75352
7290004575397,false,גלידה טריו חלבי/ילדו,,,גלידה טריו חלבי/ילדו,מיליליטרים,1800.00,"100 מ""ל",false,,15.90,0.8833,true,1,41374
7290004575632,false,קרמבו ריאו 16יח,,,קרמבו ריאו 16יח,יחידה,0.00,יחידה,false,,22.90,0.0000,true,1,41376
7290004584306,false,גמדים תות בננה 4*100,קריות זול,,גמדים תות בננה 4*100,גרמים,400.00,100 גרם,false,,11.60,2.9000,true,1,30667
7290004584351,false,גבינת סימפוניה טעם ט,קריות זול,,גבינת סימפוניה טעם ט,גרמים,200.00,100 גרם,false,,11.80,5.9000,true,1,30668
7290004584528,false,דנונה ביו 1.5% 200גר,קריות זול,,דנונה ביו 1.5% 200גר,גרמים,200.00,100 גרם,false,,3.80,1.9000,true,1,30670
7290004585907,false,דני וניל 125 גר,קריות זול,,דני וניל 125 גר,גרמים,125.00,100 גרם,false,,2.80,2.2400,true,1,30674
7290004586171,false,תירוש אדום 650מל כרמ,,,תירוש אדום 650מל כרמ,מיליליטרים,650.00,"100 מ""ל",false,,13.90,2.1385,true,1,111895
7290004603175,false,מלח הארץ הים האדום ג,,,מלח הארץ הים האדום ג,גרמים,500.00,100 גרם,false,,9.90,1.9800,true,1,70241
7290004649869,false,דג אמנון בינוני נקי,,,דג אמנון בינוני נקי,קילוגרמים,1.00,"ק""ג",true,,29.90,29.9000,true,1,71454
7290004649982,false,דניס טרי,,,דניס טרי,קילוגרמים,1.00,"ק""ג",true,,69.90,69.9000,true,1,71710
7290004658953,false,יין סובניון בלאן לבן,קריות זול,,יין סובניון בלאן לבן,מיליליטרים,750.00,"100 מ""ל",false,,39.90,5.3200,true,1,19732
7290004685010,false,לחם הארץ שיפון פלוס,,,לחם הארץ שיפון פלוס,גרמים,500.00,100 גרם,false,,16.90,3.3800,true,1,135699
7290004685027,false,לחם הארץ חיטה מלאה פ,,,לחם הארץ חיטה מלאה פ,גרמים,500.00,100 גרם,false,,16.90,3.3800,true,1,135700
7290004685089,false,לחם הארץ חמניות 500ג,,,לחם הארץ חמניות 500ג,גרמים,500.00,100 גרם,false,,16.90,3.3800,true,1,135702
7290004685126,false,לחם הארץ פומפרניקל 7,,,לחם הארץ פומפרניקל 7,גרמים,750.00,100 גרם,false,,16.90,2.2533,true,1,135703
7290004685157,false,לחם הארץ שיפון 100%,,,לחם הארץ שיפון 100%,גרמים,750.00,100 גרם,false,,16.90,2.2533,true,1,135704
7290004685201,false,לחם הארץ אגוזים 500ג,,,לחם הארץ אגוזים 500ג,גרמים,500.00,100 גרם,false,,16.90,3.3800,true,1,135706
7290004685225,false,לחם הארץ פומפרניקל 7,,,לחם הארץ פומפרניקל 7,גרמים,750.00,100 גרם,false,,16.90,2.2533,true,1,135707
7290004685430,false,לחם הארץ כוסמין 100%,,,לחם הארץ כוסמין 100%,גרמים,500.00,100 גרם,false,,16.90,3.3800,true,1,135712
7290004685447,false,לחמניות כוסמין 6יח ש,,,לחמניות כוסמין 6יח ש,גרמים,450.00,100 גרם,false,,13.90,3.0889,true,1,135713
7290004685454,false,לחם הארץ שיבולת שועל,,,לחם הארץ שיבולת שועל,גרמים,500.00,100 גרם,false,,16.90,3.3800,true,1,135714
7290004731083,false,כיף אלסבון ג'נסנג 1ל,,,כיף אלסבון ג'נסנג 1ל,מיליליטרים,1000.00,"100 מ""ל",false,,13.90,1.3900,true,1,39512
7290004731472,false,כיף אל סבון שלישיה צ,קריות זול,,כיף אל סבון שלישיה צ,מיליליטרים,1500.00,"100 מ""ל",false,,21.90,1.4600,true,1,36151
7290004731557,false,סנו מקסימה למייבש מא,,,סנו מקסימה למייבש מא,מיליליטרים,750.00,"100 מ""ל",false,,19.90,2.6533,true,1,39407
7290004737719,false,אספרגוס שלם בצנצנת 3,קריות זול,,אספרגוס שלם בצנצנת 3,גרמים,330.00,100 גרם,false,,10.90,3.3030,true,1,24684
7290004737900,false,חלב מרוכז ממותק 397,קריות זול,,חלב מרוכז ממותק 397,גרמים,397.00,100 גרם,false,,11.90,2.9975,true,1,24686
7290004810207,false,פרש וואנס פדיות קוסמ,,,פרש וואנס פדיות קוסמ,יח',80.00,יח',false,,7.90,0.0988,true,1,43007
7290004861063,false,גבינת קש 9% המושבה,,,גבינת קש 9% המושבה,קילוגרמים,1.00,"ק""ג",true,,45.00,45.0000,true,1,95661
7290004861070,false,צפתית 24% קשה מושבה,,,צפתית 24% קשה מושבה,קילוגרמים,1.00,"ק""ג",true,,75.00,75.0000,true,1,103139
7290004861315,false,לאבנה 5%  המושבה,,,לאבנה 5%  המושבה,קילוגרמים,1.00,"ק""ג",true,,45.00,45.0000,true,1,95659
7290004861360,false,צפתית 5%  המושבה,,,צפתית 5%  המושבה,קילוגרמים,1.00,"ק""ג",true,,49.00,49.0000,true,1,95664
7290004861407,false,מוצרלה גוניור המושבה,,,מוצרלה גוניור המושבה,קילוגרמים,1.00,"ק""ג",true,,79.00,79.0000,true,1,95669
7290004944032,false,חומוס אסלי 400 גרם,,,חומוס אסלי 400 גרם,גרמים,400.00,100 גרם,false,,14.90,3.7250,true,1,74277
7290004944049,false,טחינה אסלי 400גר,,,טחינה אסלי 400גר,גרמים,400.00,100 גרם,false,,14.90,3.7250,true,1,74278
7290004944056,false,חציל במיונז אסלי 400,,,חציל במיונז אסלי 400,גרמים,400.00,100 גרם,false,,14.90,3.7250,true,1,74279
7290004944063,false,תורכי אסלי 400גר,,,תורכי אסלי 400גר,גרמים,400.00,100 גרם,false,,14.90,3.7250,true,1,74280
7290005008184,false,פלמוליב תחליב רחצה ס,קריות זול,,פלמוליב תחליב רחצה ס,מיליליטרים,500.00,"100 מ""ל",false,,17.50,3.5000,true,1,28432
7290005020162,false,וויסקי בלנטיינס 700,,,וויסקי בלנטיינס 700,מיליליטרים,700.00,"100 מ""ל",false,,89.90,12.8429,true,1,39351
7290005068058,false,תירס קל מופחת קלוריו,קריות זול,,תירס קל מופחת קלוריו,גרמים,550.00,100 גרם,false,,8.90,1.6182,true,1,27713
7290005068447,false,תירס קל בוואקום 340ג,קריות זול,,תירס קל בוואקום 340ג,גרמים,340.00,100 גרם,false,,8.90,2.6176,true,1,27715
7290005068492,false,לקט ירקות מעורבים 70,קריות זול,,לקט ירקות מעורבים 70,גרמים,700.00,100 גרם,false,,10.90,1.5571,true,1,36265
7290005084355,false,סנסודיין משחת שיניים,,,סנסודיין משחת שיניים,מיליליטרים,75.00,"100 מ""ל",false,,21.90,29.2000,true,1,54838
7290005111761,false,בונזו בשר 3קג,קריות זול,,בונזו בשר 3קג,קילוגרמים,3.00,"ק""ג",false,,54.90,18.3000,true,1,25122
7290005113222,false,זיתים מיקס יבנה 340,,,זיתים מיקס יבנה 340,גרמים,340.00,100 גרם,false,,10.90,3.2059,true,1,42754
7290005174513,false,חציל במיונז אחלה 500,קריות זול,,חציל במיונז אחלה 500,גרמים,500.00,100 גרם,false,,15.90,3.1800,true,1,30678
7290005174551,false,סלט חומוס אחלה 125גר,קריות זול,,סלט חומוס אחלה 125גר,גרמים,125.00,100 גרם,false,,5.50,4.4000,true,1,30679
7290005174575,false,סלט טחינה אחלה 125גר,קריות זול,,סלט טחינה אחלה 125גר,גרמים,125.00,100 גרם,false,,5.60,4.4800,true,1,30681
7290005175589,false,קמח תירס ויליפוד 1 ק,קריות זול,,קמח תירס ויליפוד 1 ק,גרמים,1000.00,100 גרם,false,,10.90,1.0900,true,1,36279
7290005197758,false,עוגיות חיוכים שוקו 1,קריות זול,,עוגיות חיוכים שוקו 1,גרמים,150.00,100 גרם,false,,5.20,3.4667,true,1,27262
7290005199578,false,קפה נטול קפאין עלית,קריות זול,,קפה נטול קפאין עלית,גרמים,200.00,100 גרם,false,,29.90,14.9500,true,1,27273
7290005200786,false,תפוציפס שמנת ובצל 50,קריות זול,,תפוציפס שמנת ובצל 50,גרמים,50.00,100 גרם,false,,4.20,8.4000,true,1,27056
7290005201455,false,*מבצע* קפה נמס ארומה,קריות זול,,*מבצע* קפה נמס ארומה,גרמים,200.00,100 גרם,false,,15.90,7.9500,true,1,106216
7290005270000,false,עלי סיגר 500גר,,,עלי סיגר 500גר,גרמים,500.00,100 גרם,false,,16.90,3.3800,true,1,20181
7290005287206,false,טונה סטארקיסט בשמן 4,קריות זול,,טונה סטארקיסט בשמן 4,גרמים,640.00,100 גרם,false,,25.90,4.0469,true,1,25125
7290005287251,false,טונה סטארקיסט במים 4,קריות זול,,טונה סטארקיסט במים 4,גרמים,640.00,100 גרם,false,,25.90,4.0469,true,1,36306
7290005287527,false,טונה סטארקיסט בשמן ל,קריות זול,,טונה סטארקיסט בשמן ל,גרמים,160.00,100 גרם,false,,7.90,4.9375,true,1,39914
7290005287534,false,טונה סטארקיסט בשמן ע,קריות זול,,טונה סטארקיסט בשמן ע,גרמים,160.00,100 גרם,false,,7.90,4.9375,true,1,39915
7290005287657,false,ממרח טונה סטארקיסט 1,,,ממרח טונה סטארקיסט 1,גרמים,160.00,100 גרם,false,,7.90,4.9375,true,1,44119
7290005296260,false,אסטוניש רסס ונגב 750,קריות זול,,אסטוניש רסס ונגב 750,מיליליטרים,750.00,"100 מ""ל",false,,15.90,2.1200,true,1,26852
7290005317125,false,ביסקוויט חצי מצופה 1,קריות זול,,ביסקוויט חצי מצופה 1,גרמים,175.00,100 גרם,false,,6.50,3.7143,true,1,20379
7290005317200,false,קרקר טופז מלח 110גר,קריות זול,,קרקר טופז מלח 110גר,גרמים,110.00,100 גרם,false,,3.90,3.5455,true,1,24063
7290005326585,false,פסטו בזיליקום אוליבי,,,פסטו בזיליקום אוליבי,גרמים,180.00,100 גרם,false,,13.90,7.7222,true,1,97758
7290005326677,false,רוטב ברביקיו 350 גרם,,,רוטב ברביקיו 350 גרם,גרמים,350.00,100 גרם,false,,15.90,4.5429,true,1,98937
7290005384851,false,מיץ לימון ויליפוד 20,קריות זול,,מיץ לימון ויליפוד 20,מיליליטרים,200.00,"100 מ""ל",false,,4.90,2.4500,true,1,97176
7290005384868,false,בסגנון דנאבלו ויליפו,,,בסגנון דנאבלו ויליפו,קילוגרמים,1.00,"ק""ג",true,,89.00,89.0000,true,1,24610
7290005387043,false,צלעות מס' 2 חלק קפוא,,,צלעות מס' 2 חלק קפוא,קילוגרמים,1.00,"ק""ג",true,,39.90,39.9000,true,1,138797
7290005423567,false,סנו סושי בגליל 40יח,קריות זול,,סנו סושי בגליל 40יח,יחידה,0.00,יחידה,false,,22.90,0.0000,true,1,105320
7290005423635,false,ריצפז פלוס דוחה חרקי,קריות זול,,ריצפז פלוס דוחה חרקי,ליטרים,2.00,ליטר,false,,24.90,12.4500,true,1,25846
7290005423833,false,פוליויקס פרקט 2ליטר,קריות זול,,פוליויקס פרקט 2ליטר,ליטרים,2.00,ליטר,false,,23.90,11.9500,true,1,25850
7290005423871,false,אורביטול משחת שיניים,קריות זול,,אורביטול משחת שיניים,גרמים,435.00,100 גרם,false,,19.90,4.5747,true,1,25851
7290005423918,false,סנו מקסימה מרכך כביס,קריות זול,,סנו מקסימה מרכך כביס,ליטרים,4.00,ליטר,false,,23.90,5.9750,true,1,25853
7290005424403,false,כיף אל סבון אצות ים,,,כיף אל סבון אצות ים,מיליליטרים,1000.00,"100 מ""ל",false,,13.90,1.3900,true,1,25857
7290005424755,false,ריצפז פלוס מטליות לח,,,ריצפז פלוס מטליות לח,יח',10.00,יח',false,,16.90,1.6900,true,1,99473
7290005425127,false,מתז לחיטוי ולניקוי י,,,מתז לחיטוי ולניקוי י,מטרים,750.00,100 מ'ל,false,,17.90,2.3867,true,1,113077
7290005425585,false,מטליות להברקת רהיטים,קריות זול,,מטליות להברקת רהיטים,יח',20.00,יח',false,,13.90,0.6950,true,1,25886
7290005425646,false,סנוקליר לניקוי חלונו,קריות זול,,סנוקליר לניקוי חלונו,מיליליטרים,1000.00,"100 מ""ל",false,,10.90,1.0900,true,1,25888
7290005426193,false,סנו סושי ספוג הפלא 6,קריות זול,,סנו סושי ספוג הפלא 6,יחידה,0.00,יחידה,false,,11.90,0.0000,true,1,25903
7290005426568,false,קרמה לחות לשיער רגיל,,,קרמה לחות לשיער רגיל,מיליליטרים,400.00,"100 מ""ל",false,,22.90,5.7250,true,1,25922
7290005427107,false,סנו סושי מגבות הפלא,קריות זול,,סנו סושי מגבות הפלא,יח',6.00,יח',false,,11.90,1.9833,true,1,26930
7290005427725,false,מגבוני ליטופים מבושם,,,מגבוני ליטופים מבושם,יח',5.00,יח',false,,21.90,4.3800,true,1,105335
7290005428852,false,סנו סופט מגבוני טישו,,,סנו סופט מגבוני טישו,גרמים,650.00,100 גרם,false,,15.90,2.4462,true,1,36375
7290005429286,false,סנו מקסימה ביו אבקת,,,סנו מקסימה ביו אבקת,קילוגרמים,6.00,"ק""ג",false,,49.90,8.3167,true,1,36380
7290005430602,false,סנו אוקסיגן מסיר כתמ,קריות זול,,סנו אוקסיגן מסיר כתמ,מיליליטרים,750.00,"100 מ""ל",false,,18.90,2.5200,true,1,26004
7290005430671,false,פוליויקס קרמיקה 2ליט,קריות זול,,פוליויקס קרמיקה 2ליט,ליטרים,2.00,ליטר,false,,23.90,11.9500,true,1,26008
7290005431883,false,מלבי חלבי 165 גרם,,,מלבי חלבי 165 גרם,גרמים,165.00,100 גרם,false,,6.90,4.1818,true,1,112258
7290005431906,false,קדאיף 82 גרם,,,קדאיף 82 גרם,גרמים,92.00,100 גרם,false,,6.90,7.5000,true,1,112259
7290005431913,false,עוגת גבינה פירורים 9,,,עוגת גבינה פירורים 9,גרמים,92.00,100 גרם,false,,6.90,7.5000,true,1,112260
7290005431920,false,עוגת גבינה פירורים ל,,,עוגת גבינה פירורים ל,גרמים,165.00,100 גרם,false,,6.90,4.1818,true,1,112261
7290005431937,false,טירמיסו 82 גרם,,,טירמיסו 82 גרם,גרמים,82.00,100 גרם,false,,6.90,8.4146,true,1,112256
7290005431968,false,מלבי שמנת 150 גרם,,,מלבי שמנת 150 גרם,גרמים,150.00,100 גרם,false,,7.50,5.0000,true,1,120436
7290005437540,false,פטריות חתוכות טעמן 2,,,פטריות חתוכות טעמן 2,גרמים,290.00,100 גרם,false,,4.90,1.6897,true,1,68335
7290005437632,false,שמן קנולה טעמן 1ליטר,,,שמן קנולה טעמן 1ליטר,מיליליטרים,1000.00,"100 מ""ל",false,,11.90,1.1900,true,1,127393
7290005437762,false,פסטה ספירלה טעמן 500,,,פסטה ספירלה טעמן 500,גרמים,500.00,100 גרם,false,,4.90,0.9800,true,1,101365
7290005437861,false,קוקטייל פירות טרופיי,,,קוקטייל פירות טרופיי,גרמים,825.00,100 גרם,false,,13.90,1.6848,true,1,70868
7290005437946,false,פסטה ספגטי מס' 6 טעמ,,,פסטה ספגטי מס' 6 טעמ,גרמים,500.00,100 גרם,false,,4.90,0.9800,true,1,101367
7290005477669,false,דרמפון סבון נוזלי מו,,,דרמפון סבון נוזלי מו,מיליליטרים,1000.00,"100 מ""ל",false,,19.90,1.9900,true,1,40052
7290005509445,false,מיני קוקיס בטעם חמאה,קריות זול,,מיני קוקיס בטעם חמאה,גרמים,600.00,100 גרם,false,,17.90,2.9833,true,1,19812
7290005559709,false,בורקס פיצה מעדנות 70,קריות זול,,בורקס פיצה מעדנות 70,גרמים,700.00,100 גרם,false,,27.90,3.9857,true,1,28820
7290005559907,false,*מבצע* פיצה משפחתית,קריות זול,,*מבצע* פיצה משפחתית,גרמים,500.00,100 גרם,false,,15.90,3.1800,true,1,28824
7290005559914,false,*מבצע* פיצה משפחתית,קריות זול,,*מבצע* פיצה משפחתית,גרמים,550.00,100 גרם,false,,15.90,2.8909,true,1,28825
7290005559990,false,בצק פילאס תורכי מעדנ,קריות זול,,בצק פילאס תורכי מעדנ,גרמים,600.00,100 גרם,false,,22.90,3.8167,true,1,28831
7290005591761,false,דבש טהור מפרחי בר בל,קריות זול,,דבש טהור מפרחי בר בל,גרמים,400.00,100 גרם,false,,29.90,7.4750,true,1,27281
7290005609121,false,פילה סלמון טרי,,,פילה סלמון טרי,קילוגרמים,1.00,"ק""ג",true,,99.00,99.0000,true,1,72039
7290005609152,false,בורי בינוני נקי טרי,,,בורי בינוני נקי טרי,קילוגרמים,1.00,"ק""ג",true,,44.90,44.9000,true,1,71709
7290005610127,false,"תפו""א גורמה דוד משה",,,"תפו""א גורמה דוד משה",קילוגרמים,1.00,"ק""ג",true,,5.90,5.9000,true,1,98439
7290005610509,false,צנוניות יח,,,צנוניות יח,יחידה,0.00,יחידה,false,,4.90,0.0000,true,1,94361
7290005651069,false,לה קט מיקס 2.85קג,קריות זול,,לה קט מיקס 2.85קג,קילוגרמים,2.85,"ק""ג",false,,79.90,28.0351,true,1,25133
7290005651366,false,בונזו כבד 3קג,קריות זול,,בונזו כבד 3קג,קילוגרמים,3.00,"ק""ג",false,,55.90,18.6333,true,1,25134
7290005658464,false,עוגיות מובחרות עד 35,,,עוגיות מובחרות עד 35,גרמים,350.00,100 גרם,false,,12.90,3.6857,true,1,51891
7290005689369,false,סינטה עגל,,,סינטה עגל,קילוגרמים,1.00,"ק""ג",true,,129.00,129.0000,true,1,140348
7290005838002,false,דניאלה מעדן גבינה 15,קריות זול,,דניאלה מעדן גבינה 15,מיליליטרים,150.00,"100 מ""ל",false,,4.30,2.8667,true,1,30685
7290005838613,false,סקי גבינת וניל 125גר,קריות זול,,סקי גבינת וניל 125גר,גרמים,125.00,100 גרם,false,,3.90,3.1200,true,1,30690
7290005839078,false,דנונה ביו מארז שמיני,,,דנונה ביו מארז שמיני,גרמים,1200.00,100 גרם,false,,17.50,1.4583,true,1,30692
7290005839108,false,גבינת סימפוניה עם זי,קריות זול,,גבינת סימפוניה עם זי,גרמים,200.00,100 גרם,false,,11.80,5.9000,true,1,30694
7290005839313,false,מילקי טופ מגולגלת 14,קריות זול,,מילקי טופ מגולגלת 14,מיליליטרים,142.00,"100 מ""ל",false,,4.80,3.3803,true,1,30695
7290005877247,false,פרגיות טרי ארוז,,,פרגיות טרי ארוז,קילוגרמים,1.00,"ק""ג",true,,69.90,69.9000,true,1,138160
7290005877261,false,פרגיות טרי ארוז,,,פרגיות טרי ארוז,קילוגרמים,1.00,"ק""ג",true,,69.90,69.9000,true,1,137410
7290005877278,false,עוף שלם טרי ארוז,,,עוף שלם טרי ארוז,קילוגרמים,1.00,"ק""ג",true,,20.90,20.9000,true,1,137394
7290005877308,false,כנפיים עוף טרי ארוז,,,כנפיים עוף טרי ארוז,קילוגרמים,1.00,"ק""ג",true,,12.90,12.9000,true,1,137414
7290005877322,false,חזה עוף טרי ארוז,,,חזה עוף טרי ארוז,קילוגרמים,1.00,"ק""ג",true,,39.90,39.9000,true,1,137397
7290005877339,false,שוקיים עוף טרי ארוז,,,שוקיים עוף טרי ארוז,קילוגרמים,1.00,"ק""ג",true,,37.90,37.9000,true,1,137402
7290005877346,false,שניצל עוף טרי ארוז,,,שניצל עוף טרי ארוז,קילוגרמים,1.00,"ק""ג",true,,44.90,44.9000,true,1,137415
7290005896620,false,סאן בנדטו מים מינרלי,,,סאן בנדטו מים מינרלי,מיליליטרים,1500.00,"100 מ""ל",false,,3.90,0.2600,true,1,31875
7290005896637,false,סאן בנדטו 1.5 ליטר,,,סאן בנדטו 1.5 ליטר,מיליליטרים,1500.00,"100 מ""ל",false,,3.90,0.2600,true,1,69135
7290005992018,false,יוגורט עיזים 3% 500מ,קריות זול,,יוגורט עיזים 3% 500מ,מיליליטרים,500.00,"100 מ""ל",false,,14.70,2.9400,true,1,19902
7290005992575,false,בולגרית למריחה 5% 25,קריות זול,,בולגרית למריחה 5% 25,גרמים,250.00,100 גרם,false,,18.90,7.5600,true,1,19909
7290005992735,false,לאבנה 5% 250גר מחלבו,קריות זול,,לאבנה 5% 250גר מחלבו,גרמים,250.00,100 גרם,false,,13.30,5.3200,true,1,19912
7290005996740,false,סלמי פפרוני יחיעם 30,,,סלמי פפרוני יחיעם 30,גרמים,300.00,100 גרם,false,,24.90,8.3000,true,1,135913
7290006131102,false,הליבוט עם עור פרוס ב,,,הליבוט עם עור פרוס ב,קילוגרמים,1.00,"ק""ג",true,,74.90,74.9000,true,1,102237
7290006131287,false,פילה בקלה (מרלוזה) א,,,פילה בקלה (מרלוזה) א,קילוגרמים,1.00,"ק""ג",true,,34.90,34.9000,true,1,102239
7290006131447,false,מקרל קפוא,,,מקרל קפוא,קילוגרמים,1.00,"ק""ג",true,,21.90,21.9000,true,1,102241
7290006131591,false,פילה ברבוניה בוואקום,,,פילה ברבוניה בוואקום,גרמים,400.00,100 גרם,false,,24.90,6.2250,true,1,102242
7290006185501,false,אל סבון ורוד פנינה ר,,,אל סבון ורוד פנינה ר,מיליליטרים,1000.00,"100 מ""ל",false,,11.90,1.1900,true,1,106268
7290006199027,false,גלידל חלבי מאגדת בטע,,,גלידל חלבי מאגדת בטע,יח',8.00,יח',false,,29.90,3.7375,true,1,129467
7290006199218,false,גלידל חלבי מאגדת בטע,,,גלידל חלבי מאגדת בטע,יח',8.00,יח',false,,29.90,3.7375,true,1,129468
7290006199942,false,גלידל פרי מאגדת בטעם,,,גלידל פרי מאגדת בטעם,יח',8.00,יח',false,,23.90,2.9875,true,1,134912
7290006229427,false,סאן בנדטו שישייה 6*5,קריות זול,,סאן בנדטו שישייה 6*5,מיליליטרים,3000.00,"100 מ""ל",false,,14.90,0.4967,true,1,20479
7290006229588,false,בירה איגל זהב פחית 5,,,בירה איגל זהב פחית 5,מיליליטרים,500.00,"100 מ""ל",false,,6.90,1.3800,true,1,95433
7290006241504,false,פריגת תפוזים קפוא 34,קריות זול,,פריגת תפוזים קפוא 34,גרמים,345.00,100 גרם,false,,15.90,4.6087,true,1,27984
7290006241511,false,פריגת לימון נענע קפו,קריות זול,,פריגת לימון נענע קפו,גרמים,340.00,100 גרם,false,,15.90,4.6765,true,1,27985
7290006241689,false,פריגת לימון קפוא 340,,,פריגת לימון קפוא 340,גרמים,340.00,100 גרם,false,,15.90,4.6765,true,1,27991
7290006251275,false,תה ירוק סיני 25יח,קריות זול,,תה ירוק סיני 25יח,גרמים,37.50,100 גרם,false,,26.90,71.7333,true,1,31116
7290006251589,false,תה ירוק עם עלי נענע,קריות זול,,תה ירוק עם עלי נענע,יח',50.00,יח',false,,46.90,0.9380,true,1,31120
7290006271174,false,גחנון לאפיה בתנור מע,קריות זול,,גחנון לאפיה בתנור מע,גרמים,700.00,100 גרם,false,,18.90,2.7000,true,1,29165
7290006271181,false,גחנון אפוי מעדנות 75,קריות זול,,גחנון אפוי מעדנות 75,גרמים,750.00,100 גרם,false,,26.90,3.5867,true,1,29166
7290006271655,false,מיני בורקס גבינה מעד,קריות זול,,מיני בורקס גבינה מעד,גרמים,800.00,100 גרם,false,,27.90,3.4875,true,1,36520
7290006272072,false,חטיפי פיצה מעדנות 65,קריות זול,,חטיפי פיצה מעדנות 65,גרמים,650.00,100 גרם,false,,33.90,5.2154,true,1,29191
7290006272430,false,בצק עלים חמאה מעדנות,,,בצק עלים חמאה מעדנות,גרמים,600.00,100 גרם,false,,28.90,4.8167,true,1,44485
7290006306296,false,רביולי במילוי גבינה,,,רביולי במילוי גבינה,גרמים,400.00,100 גרם,false,,26.90,6.7250,true,1,62204
7290006306302,false,רביולי פרמזן ריקוטה,,,רביולי פרמזן ריקוטה,גרמים,400.00,100 גרם,false,,26.90,6.7250,true,1,19921
7290006306319,false,רביולי במילוי בטטה 4,קריות זול,,רביולי במילוי בטטה 4,גרמים,400.00,100 גרם,false,,26.90,6.7250,true,1,19922
7290006306333,false,רביולי במילוי תרד וג,קריות זול,,רביולי במילוי תרד וג,גרמים,400.00,100 גרם,false,,26.90,6.7250,true,1,19924
7290006306340,false,"ניוקי תפו""א 400גר",קריות זול,,"ניוקי תפו""א 400גר",גרמים,400.00,100 גרם,false,,25.90,6.4750,true,1,19925
7290006342072,false,גרעין דלעת קלוי ששון,,,גרעין דלעת קלוי ששון,גרמים,200.00,100 גרם,false,,7.90,3.9500,true,1,91709
7290006342089,false,גרעין שחור 200גרם,,,גרעין שחור 200גרם,גרמים,200.00,100 גרם,false,,4.90,2.4500,true,1,66962
7290006342553,false,קבוקים 200גר,,,קבוקים 200גר,גרמים,200.00,100 גרם,false,,5.00,2.5000,true,1,71954
7290006346025,false,סלט צאזיקי יווני 250,,,סלט צאזיקי יווני 250,גרמים,250.00,100 גרם,false,,22.90,9.1600,true,1,141244
7290006346063,false,לאבנה בשמן זית וזעתר,,,לאבנה בשמן זית וזעתר,גרמים,250.00,100 גרם,false,,22.90,9.1600,true,1,141250
7290006346414,false,סלט אבוקדו  250 גרם,,,סלט אבוקדו  250 גרם,גרמים,250.00,100 גרם,false,,22.90,9.1600,true,1,141240
7290006346452,false,טונה זיתים (ללא מיונ,,,טונה זיתים (ללא מיונ,גרמים,250.00,100 גרם,false,,24.90,9.9600,true,1,141242
7290006346629,false,שמנת חציל 250 גרם סל,,,שמנת חציל 250 גרם סל,גרמים,250.00,100 גרם,false,,22.90,9.1600,true,1,141251
7290006346643,false,חומוס זעתר 250 גרם ס,,,חומוס זעתר 250 גרם ס,גרמים,250.00,100 גרם,false,,15.90,6.3600,true,1,113120
7290006346773,false,רוטב צימיצורי גביע 2,,,רוטב צימיצורי גביע 2,גרמים,250.00,100 גרם,false,,21.90,8.7600,true,1,128528
7290006346834,false,פלפלית בלימון חריף ג,,,פלפלית בלימון חריף ג,גרמים,250.00,100 גרם,false,,15.90,6.3600,true,1,128525
7290006346971,false,חציל אפוי במיונז 250,,,חציל אפוי במיונז 250,גרמים,250.00,100 גרם,false,,16.90,6.7600,true,1,113112
7290006374653,false,דבש לייט מופחת קלורי,קריות זול,,דבש לייט מופחת קלורי,גרמים,350.00,100 גרם,false,,29.90,8.5429,true,1,27293
7290006374738,false,קונפיטורת תות יד מרד,קריות זול,,קונפיטורת תות יד מרד,גרמים,340.00,100 גרם,false,,13.90,4.0882,true,1,27299
7290006376022,false,קורנפלור 200גר פרימי,,,קורנפלור 200גר פרימי,גרמים,200.00,100 גרם,false,,3.90,1.9500,true,1,120449
7290006376091,false,סודה לשתיה פרימיום 5,,,סודה לשתיה פרימיום 5,גרמים,50.00,100 גרם,false,,2.20,4.4000,true,1,99615
7290006376329,false,ציפוי לשניצל קלאסי,,,ציפוי לשניצל קלאסי,גרמים,200.00,100 גרם,false,,13.50,6.7500,true,1,55866
7290006376626,false,אבקת סוכר פרימיום 10,,,אבקת סוכר פרימיום 10,גרמים,100.00,100 גרם,false,,2.50,2.5000,true,1,99616
7290006376688,false,סוכר וניל 10*10גרם פ,,,סוכר וניל 10*10גרם פ,גרמים,100.00,100 גרם,false,,2.50,2.5000,true,1,99613
7290006376695,false,אבקת אפיה 10*10גר פר,,,אבקת אפיה 10*10גר פר,גרמים,100.00,100 גרם,false,,2.50,2.5000,true,1,99614
7290006376718,false,ג'לטין שקיות 24 גר,,,ג'לטין שקיות 24 גר,גרמים,24.00,100 גרם,false,,9.90,41.2500,true,1,75736
7290006376725,false,קוקוס 200 גרם חילדה,,,קוקוס 200 גרם חילדה,גרמים,200.00,100 גרם,false,,7.90,3.9500,true,1,137750
7290006376732,false,שומשום 200 גרם חילדה,,,שומשום 200 גרם חילדה,גרמים,200.00,100 גרם,false,,7.90,3.9500,true,1,137751
7290006464293,false,כבד בקר לצליה לא מוכ,,,כבד בקר לצליה לא מוכ,קילוגרמים,1.00,"ק""ג",true,,29.90,29.9000,true,1,36586
7290006492432,false,בייבי מוצרלה מחלבות,קריות זול,,בייבי מוצרלה מחלבות,גרמים,100.00,100 גרם,false,,16.50,16.5000,true,1,19932
7290006492616,false,בולגרית פרוסות 5% 25,קריות זול,,בולגרית פרוסות 5% 25,גרמים,250.00,100 גרם,false,,27.90,11.1600,true,1,19934
7290006492630,false,גבינת גליל מחלבות גד,קריות זול,,גבינת גליל מחלבות גד,גרמים,180.00,100 גרם,false,,24.50,13.6111,true,1,19935
7290006492685,false,לאבנה עזים 5% 250גר,קריות זול,,לאבנה עזים 5% 250גר,גרמים,250.00,100 גרם,false,,18.80,7.5200,true,1,19936
7290006492852,false,גבינת עיזים 5 % למרי,קריות זול,,גבינת עיזים 5 % למרי,גרמים,250.00,100 גרם,false,,19.70,7.8800,true,1,19941
7290006492913,false,לאבנה ציזיקי 250גר מ,קריות זול,,לאבנה ציזיקי 250גר מ,גרמים,250.00,100 גרם,false,,14.50,5.8000,true,1,57383
7290006494917,false,וופל מרמולייט ופל בט,קריות זול,,וופל מרמולייט ופל בט,גרמים,180.00,100 גרם,false,,11.90,6.6111,true,1,25480
7290006498052,false,יוגורט טבעי מהדרין 3,קריות זול,,יוגורט טבעי מהדרין 3,מיליליטרים,150.00,"100 מ""ל",false,,2.90,1.9333,true,1,68765
7290006511010,false,פרמזנו ויליפוד,,,פרמזנו ויליפוד,קילוגרמים,1.00,"ק""ג",true,,120.00,120.0000,true,1,96550
7290006511683,false,פולי סויה מאנצו קפוא,,,פולי סויה מאנצו קפוא,גרמים,454.00,100 גרם,false,,10.90,2.4009,true,1,36634
7290006511904,false,כדורי גבינת אדם וילי,,,כדורי גבינת אדם וילי,קילוגרמים,1.00,"ק""ג",true,,79.00,79.0000,true,1,63095
7290006546012,false,צילי בנוסח מקסיקני ב,,,צילי בנוסח מקסיקני ב,גרמים,580.00,100 גרם,false,,9.90,1.7069,true,1,75347
7290006546333,false,ציפס קפוא פרי גליל 7,,,ציפס קפוא פרי גליל 7,גרמים,700.00,100 גרם,false,,13.90,1.9857,true,1,27729
7290006546371,false,במיה 600גר,קריות זול,,במיה 600גר,גרמים,600.00,100 גרם,false,,12.90,2.1500,true,1,27730
7290006546395,false,לקט העונה 800גר,קריות זול,,לקט העונה 800גר,גרמים,800.00,100 גרם,false,,10.90,1.3625,true,1,36638
7290006546524,false,ציפס מובחר 800גר,,,ציפס מובחר 800גר,גרמים,800.00,100 גרם,false,,14.90,1.8625,true,1,140552
7290006546982,false,לקט סיני 800גר,קריות זול,,לקט סיני 800גר,גרמים,800.00,100 גרם,false,,12.90,1.6125,true,1,86031
7290006562029,false,כפפות לוקס L,,,כפפות לוקס L,יחידה,0.00,יחידה,false,,14.90,0.0000,true,1,36662
7290006582355,false,סילאן 900 גרם,,,סילאן 900 גרם,גרמים,900.00,100 גרם,false,,10.90,1.2111,true,1,50718
7290006618085,false,אסטוניש מרסס לאמבט 7,,,אסטוניש מרסס לאמבט 7,מיליליטרים,750.00,"100 מ""ל",false,,15.90,2.1200,true,1,36691
7290006644480,false,"תפוזינה תפוזים 500מ""",,,"תפוזינה תפוזים 500מ""",מיליליטרים,500.00,"100 מ""ל",false,,5.90,1.1800,true,1,101125
7290006644510,false,"תפוזינה ענבים 500מ""ל",,,"תפוזינה ענבים 500מ""ל",מיליליטרים,500.00,"100 מ""ל",false,,5.90,1.1800,true,1,101126
7290006644527,false,תפוזינה תות בננה 500,,,תפוזינה תות בננה 500,מיליליטרים,500.00,"100 מ""ל",false,,5.90,1.1800,true,1,101127
7290006651730,false,אלכוויפס מגבונים לשמ,,,אלכוויפס מגבונים לשמ,יחידה,0.00,יחידה,false,,15.90,0.0000,true,1,113156
7290006652027,false,במבה מארז 20*15גר אס,,,במבה מארז 20*15גר אס,גרמים,300.00,100 גרם,false,,19.90,6.6333,true,1,24098
7290006653765,false,פסטה פרפקטו פטוציני,קריות זול,,פסטה פרפקטו פטוציני,גרמים,500.00,100 גרם,false,,8.50,1.7000,true,1,24124
7290006653819,false,קוסקוס דק אסם 350 גר,קריות זול,,קוסקוס דק אסם 350 גר,גרמים,350.00,100 גרם,false,,8.50,2.4286,true,1,24127
7290006664051,false,אקטימל טבעי 14*100מל,קריות זול,,אקטימל טבעי 14*100מל,מיליליטרים,1400.00,"100 מ""ל",false,,32.90,2.3500,true,1,30724
7290006664310,false,גבינה לבנה סקי 3% שט,קריות זול,,גבינה לבנה סקי 3% שט,גרמים,250.00,100 גרם,false,,4.90,1.9600,true,1,30730
7290006664402,false,גבינה לבנה סקי 5% 75,קריות זול,,גבינה לבנה סקי 5% 75,גרמים,750.00,100 גרם,false,,14.94,1.9920,true,1,30733
7290006664532,false,דנונה תות 1.5% 150 מ,קריות זול,,דנונה תות 1.5% 150 מ,מיליליטרים,150.00,"100 מ""ל",false,,3.90,2.6000,true,1,30741
7290006664655,false,אקטימל טבעי 8*100מל,קריות זול,,אקטימל טבעי 8*100מל,מיליליטרים,800.00,"100 מ""ל",false,,21.90,2.7375,true,1,30745
7290006664693,false,דנונה אפרסק 1.5% 150,קריות זול,,דנונה אפרסק 1.5% 150,גרמים,150.00,100 גרם,false,,3.90,2.6000,true,1,30747
7290006664990,false,דנונה ביו מארז שמיני,,,דנונה ביו מארז שמיני,גרמים,1200.00,100 גרם,false,,17.50,1.4583,true,1,30761
7290006681003,false,קרמיסימו תות לימון ס,קריות זול,,קרמיסימו תות לימון ס,מיליליטרים,1330.00,"100 מ""ל",false,,21.90,1.6466,true,1,28875
7290006681553,false,קרמבו וניל שטראוס 8י,קריות זול,,קרמבו וניל שטראוס 8י,יח',8.00,יח',false,,15.90,1.9875,true,1,28888
7290006681560,false,קרמבו מוקה שטראוס 8י,קריות זול,,קרמבו מוקה שטראוס 8י,יח',8.00,יח',false,,15.90,1.9875,true,1,28889
7290006681577,false,קרחון אסקימו לימון+ד,קריות זול,,קרחון אסקימו לימון+ד,יחידה,0.00,יחידה,false,,15.90,0.0000,true,1,28890
7290006707345,false,חזה עוף טרי ארוז,,,חזה עוף טרי ארוז,קילוגרמים,1.00,"ק""ג",true,,39.90,39.9000,true,1,51109
7290006707352,false,שניצל עוף טרי ארוז,,,שניצל עוף טרי ארוז,קילוגרמים,1.00,"ק""ג",true,,44.90,44.9000,true,1,51110
7290006707369,false,כרעיים עוף טרי ארוז,,,כרעיים עוף טרי ארוז,קילוגרמים,1.00,"ק""ג",true,,29.90,29.9000,true,1,112250
7290006707383,false,שוקיים עוף טרי ארוז,,,שוקיים עוף טרי ארוז,קילוגרמים,1.00,"ק""ג",true,,37.90,37.9000,true,1,112251
7290006707390,false,פרגיות טרי ארוז,,,פרגיות טרי ארוז,קילוגרמים,1.00,"ק""ג",true,,69.90,69.9000,true,1,112272
7290006707420,false,עוף שלם טרי ארוז,,,עוף שלם טרי ארוז,קילוגרמים,1.00,"ק""ג",true,,20.90,20.9000,true,1,112252
7290006707437,false,כנפיים עוף טרי ארוז,,,כנפיים עוף טרי ארוז,קילוגרמים,1.00,"ק""ג",true,,12.90,12.9000,true,1,112269
7290006707444,false,קורקבן עוף טרי ארוז,,,קורקבן עוף טרי ארוז,קילוגרמים,1.00,"ק""ג",true,,10.90,10.9000,true,1,112270
7290006707451,false,לב עוף טרי ארוז,,,לב עוף טרי ארוז,קילוגרמים,1.00,"ק""ג",true,,34.90,34.9000,true,1,51114
7290006707468,false,כבד עוף טרי ארוז לצל,,,כבד עוף טרי ארוז לצל,קילוגרמים,1.00,"ק""ג",true,,24.90,24.9000,true,1,51115
7290006707543,false,פילה עוף טרי ארוז,,,פילה עוף טרי ארוז,קילוגרמים,1.00,"ק""ג",true,,39.90,39.9000,true,1,112271
7290006712981,false,קולגייט משחת שיניים,קריות זול,,קולגייט משחת שיניים,מיליליטרים,50.00,"100 מ""ל",false,,13.90,27.8000,true,1,28453
7290006738615,false,קבב פרימיום 100% בשר,,,קבב פרימיום 100% בשר,גרמים,400.00,100 גרם,false,,24.90,6.2250,true,1,42852
7290006739292,false,פסטרמה תבור זוגלובק,,,פסטרמה תבור זוגלובק,גרמים,330.00,100 גרם,false,,29.90,9.0606,true,1,44967
7290006739407,false,שניצל תירס לייט זוגל,,,שניצל תירס לייט זוגל,גרמים,630.00,100 גרם,false,,27.90,4.4286,true,1,45832
7290006739414,false,סלמי קוניאק זוגלובק,,,סלמי קוניאק זוגלובק,גרמים,300.00,100 גרם,false,,28.90,9.6333,true,1,45833
7290006739421,false,סלמי מעושן איטלקי זו,,,סלמי מעושן איטלקי זו,גרמים,300.00,100 גרם,false,,28.90,9.6333,true,1,45830
7290006739445,false,שניצל תירס קלאסי זוג,,,שניצל תירס קלאסי זוג,גרמים,750.00,100 גרם,false,,27.90,3.7200,true,1,46384
7290006742162,false,המבורגר מזרחי זוגלוב,,,המבורגר מזרחי זוגלוב,גרמים,400.00,100 גרם,false,,22.90,5.7250,true,1,39111
7290006742278,false,פסטרממיה צלויה על לב,,,פסטרממיה צלויה על לב,גרמים,330.00,100 גרם,false,,29.90,9.0606,true,1,48467
7290006742292,false,פסטרממיה בדבש 1% זוג,,,פסטרממיה בדבש 1% זוג,גרמים,330.00,100 גרם,false,,29.90,9.0606,true,1,48469
7290006742315,false,חזה הודו ברביקיו 1%,,,חזה הודו ברביקיו 1%,גרמים,330.00,100 גרם,false,,29.90,9.0606,true,1,48471
7290006764485,false,נשר מאלט בקבוק שישיי,קריות זול,,נשר מאלט בקבוק שישיי,מיליליטרים,1980.00,"100 מ""ל",false,,32.90,1.6616,true,1,20497
7290006770561,false,לקט לקוסקוס 800גר,,,לקט לקוסקוס 800גר,גרמים,800.00,100 גרם,false,,12.90,1.6125,true,1,86033
7290006775030,false,עוגת שוקולד 450גר,,,עוגת שוקולד 450גר,גרמים,450.00,100 גרם,false,,10.90,2.4222,true,1,50594
7290006775047,false,עוגת שוקולד 450גר,,,עוגת שוקולד 450גר,גרמים,450.00,100 גרם,false,,10.90,2.4222,true,1,50595
7290006775054,false,עוגת שיש 450גר,,,עוגת שיש 450גר,גרמים,450.00,100 גרם,false,,10.90,2.4222,true,1,50596
7290006775191,false,מאפין ממולא שוקולד 5,,,מאפין ממולא שוקולד 5,גרמים,50.00,100 גרם,false,,3.20,6.4000,true,1,51893
7290006775344,false,עוגת שמרים קינמון וא,,,עוגת שמרים קינמון וא,גרמים,400.00,100 גרם,false,,12.90,3.2250,true,1,50599
7290006775405,false,מאפינס 40גר,,,מאפינס 40גר,גרמים,40.00,100 גרם,false,,3.20,8.0000,true,1,51895
7290006775764,false,עוגת שוקוציפס ללא סו,,,עוגת שוקוציפס ללא סו,גרמים,400.00,100 גרם,false,,12.90,3.2250,true,1,65347
7290006784360,false,נוזל חלונות 1 ליטר ס,,,נוזל חלונות 1 ליטר ס,ליטרים,1.00,ליטר,false,,5.90,5.9000,true,1,50688
7290006788009,false,"קרליין ""10"" שמפו לשי",,,"קרליין ""10"" שמפו לשי",מיליליטרים,700.00,"100 מ""ל",false,,13.90,1.9857,true,1,36833
7290006788061,false,"קרליין ""10"" מרכך לשי",,,"קרליין ""10"" מרכך לשי",מיליליטרים,700.00,"100 מ""ל",false,,13.90,1.9857,true,1,36837
7290006788412,false,קרליין רולאון נושם כ,,,קרליין רולאון נושם כ,מיליליטרים,75.00,"100 מ""ל",false,,14.90,19.8667,true,1,43087
7290006788429,false,קרליין רולאון נושם כ,,,קרליין רולאון נושם כ,מיליליטרים,75.00,"100 מ""ל",false,,14.90,19.8667,true,1,43088
7290006788436,false,קרליין רולאון נושם ו,,,קרליין רולאון נושם ו,מיליליטרים,75.00,"100 מ""ל",false,,14.90,19.8667,true,1,43089
7290006788443,false,דאודורנט קרליין רול,,,דאודורנט קרליין רול,גרמים,75.00,100 גרם,false,,14.90,19.8667,true,1,114737
7290006788474,false,קרליין דאו ספריי 200,,,קרליין דאו ספריי 200,מיליליטרים,200.00,"100 מ""ל",false,,14.90,7.4500,true,1,114738
7290006788504,false,קרליין ספריי רקטיב נ,,,קרליין ספריי רקטיב נ,מיליליטרים,200.00,"100 מ""ל",false,,14.90,7.4500,true,1,43096
7290006788559,false,טיטניום ספריי בלו אי,,,טיטניום ספריי בלו אי,מיליליטרים,180.00,"100 מ""ל",false,,18.90,10.5000,true,1,84486
7290006805850,false,תערובת להכנת פנקייקס,קריות זול,,תערובת להכנת פנקייקס,גרמים,500.00,100 גרם,false,,19.90,3.9800,true,1,36840
7290006822192,false,אושן ספריי דיאט חמוצ,קריות זול,,אושן ספריי דיאט חמוצ,מיליליטרים,1000.00,"100 מ""ל",false,,13.90,1.3900,true,1,28023
7290006866363,false,פרימור אשכולית אדומה,קריות זול,,פרימור אשכולית אדומה,מיליליטרים,1000.00,"100 מ""ל",false,,16.90,1.6900,true,1,30768
7290006873460,false,מיץ ענבים בציר 1 ליט,,,מיץ ענבים בציר 1 ליט,מיליליטרים,1000.00,"100 מ""ל",false,,13.90,1.3900,true,1,102854
7290006873620,false,מיץ ענבים אדום טבעי,,,מיץ ענבים אדום טבעי,מיליליטרים,1000.00,"100 מ""ל",false,,12.90,1.2900,true,1,75009
7290006983152,false,קרוטונים מתובלים למר,קריות זול,,קרוטונים מתובלים למר,גרמים,400.00,100 גרם,false,,21.90,5.4750,true,1,24165
7290006983206,false,תערובת להכנת פלאפל א,קריות זול,,תערובת להכנת פלאפל א,גרמים,180.00,100 גרם,false,,10.90,6.0556,true,1,24167
7290006983770,false,עוגת הבית שיש אסם 40,קריות זול,,עוגת הבית שיש אסם 40,גרמים,400.00,100 גרם,false,,14.90,3.7250,true,1,24174
7290006983787,false,עוגת הבית שוקוציפס א,קריות זול,,עוגת הבית שוקוציפס א,גרמים,400.00,100 גרם,false,,14.90,3.7250,true,1,24175
7290006983794,false,עוגת הבית תפוז אסם 4,קריות זול,,עוגת הבית תפוז אסם 4,גרמים,400.00,100 גרם,false,,14.90,3.7250,true,1,24176
7290008154222,false,שניצלונים עוף טוב 70,קריות זול,,שניצלונים עוף טוב 70,גרמים,700.00,100 גרם,false,,19.90,2.8429,true,1,24195
7290008166775,false,בוטן מטוגן 200גרם,,,בוטן מטוגן 200גרם,גרמים,200.00,100 גרם,false,,8.90,4.4500,true,1,49703
7290008175173,false,חמאה מפינלנד ללא מלח,קריות זול,,חמאה מפינלנד ללא מלח,גרמים,200.00,100 גרם,false,,15.90,7.9500,true,1,24703
7290008175210,false,פרמזנו מגורדת ויליפו,,,פרמזנו מגורדת ויליפו,גרמים,90.00,100 גרם,false,,16.90,18.7778,true,1,24704
7290008175760,false,מנצגו כבשים ויליפוד,,,מנצגו כבשים ויליפוד,קילוגרמים,1.00,"ק""ג",true,,120.00,120.0000,true,1,63096
7290008175777,false,איבריקו ויליפוד,,,איבריקו ויליפוד,קילוגרמים,1.00,"ק""ג",true,,120.00,120.0000,true,1,63097
7290008190909,false,מיני קוקיס שוקולד צי,קריות זול,,מיני קוקיס שוקולד צי,גרמים,600.00,100 גרם,false,,17.90,2.9833,true,1,32825
7290008194266,false,חטיפים מעורבים 350 ג,,,חטיפים מעורבים 350 ג,גרמים,350.00,100 גרם,false,,14.50,4.1429,true,1,51369
7290008194839,false,חטיפים מצופים אטיאס,,,חטיפים מצופים אטיאס,גרמים,300.00,100 גרם,false,,14.50,4.8333,true,1,76663
7290008254236,false,*מבצע* רבע כבש קדמי,,,*מבצע* רבע כבש קדמי,קילוגרמים,1.00,"ק""ג",true,,89.90,89.9000,true,1,127871
7290008286947,false,פילה סלמון נורבגי מנ,,,פילה סלמון נורבגי מנ,קילוגרמים,1.00,"ק""ג",true,,89.90,89.9000,true,1,136552
7290008329279,false,ליפתנית לבן 25 יח' ד,,,ליפתנית לבן 25 יח' ד,יחידה,0.00,יחידה,false,,5.90,0.0000,true,1,41039
7290008329286,false,כפיות אר 100 דנטס,,,כפיות אר 100 דנטס,יחידה,0.00,יחידה,false,,9.90,0.0000,true,1,41907
7290008329293,false,סכינים פרימיום שקוף/,,,סכינים פרימיום שקוף/,יחידה,0.00,יחידה,false,,9.90,0.0000,true,1,47181
7290008329309,false,מזלגות פרימיום שקוף/,,,מזלגות פרימיום שקוף/,יחידה,0.00,יחידה,false,,9.90,0.0000,true,1,47182
7290008329316,false,כפות פרימיום שקוף/קר,,,כפות פרימיום שקוף/קר,יחידה,0.00,יחידה,false,,9.90,0.0000,true,1,44448
7290008329378,false,קסרול לבן אר' 25 יח',,,קסרול לבן אר' 25 יח',יח',25.00,יח',false,,7.90,0.3160,true,1,42839
7290008330107,false,בדין סגול מרכך כביסה,קריות זול,,בדין סגול מרכך כביסה,ליטרים,4.00,ליטר,false,,22.90,5.7250,true,1,26748
7290008379427,false,קממבר כבשים 150 גרם,,,קממבר כבשים 150 גרם,גרמים,150.00,100 גרם,false,,24.90,16.6000,true,1,93996
7290008379557,false,כדורי בייבי מוצרלה 1,,,כדורי בייבי מוצרלה 1,גרמים,150.00,100 גרם,false,,17.90,11.9333,true,1,93998
7290008409049,false,שניצלונים מיני מיני,,,שניצלונים מיני מיני,גרמים,500.00,100 גרם,false,,29.90,5.9800,true,1,68721
7290008409100,false,אצבעות שניצל שומשום,קריות זול,,אצבעות שניצל שומשום,גרמים,700.00,100 גרם,false,,38.90,5.5571,true,1,37058
7290008409124,false,שניצל גונגל פריך מאמ,קריות זול,,שניצל גונגל פריך מאמ,גרמים,700.00,100 גרם,false,,38.90,5.5571,true,1,29214
7290008409216,false,שניצל דק פריך מאמא ע,,,שניצל דק פריך מאמא ע,גרמים,700.00,100 גרם,false,,45.90,6.5571,true,1,46815
7290008409407,false,שניצל דק בציפוי ציפס,,,שניצל דק בציפוי ציפס,גרמים,700.00,100 גרם,false,,45.90,6.5571,true,1,51880
7290008409551,false,שניצל עוף אמיתי מעוד,קריות זול,,שניצל עוף אמיתי מעוד,גרמים,700.00,100 גרם,false,,45.90,6.5571,true,1,29232
7290008443616,false,נקה 7 מרכך לשיער יבש,,,נקה 7 מרכך לשיער יבש,מיליליטרים,750.00,"100 מ""ל",false,,12.90,1.7200,true,1,20727
7290008464024,false,בירה גולדסטאר לאגר כ,,,בירה גולדסטאר לאגר כ,מיליליטרים,500.00,"100 מ""ל",false,,9.90,1.9800,true,1,70556
7290008464130,false,בירה גולדסטאר לא מסו,,,בירה גולדסטאר לא מסו,מיליליטרים,1980.00,"100 מ""ל",false,,36.90,1.8636,true,1,67502
7290008464222,false,בירה מכבי 7.9% פחית,,,בירה מכבי 7.9% פחית,מיליליטרים,500.00,"100 מ""ל",false,,8.90,1.7800,true,1,76752
7290008464468,false,בירה גולדסטאר פחית 5,קריות זול,,בירה גולדסטאר פחית 5,מיליליטרים,500.00,"100 מ""ל",false,,8.90,1.7800,true,1,20515
7290008464734,false,בירה גולדסטאר SLOW B,קריות זול,,בירה גולדסטאר SLOW B,מיליליטרים,1980.00,"100 מ""ל",false,,39.90,2.0152,true,1,90970
7290008464741,false,בירה גולדסטאר בקבוק,קריות זול,,בירה גולדסטאר בקבוק,מיליליטרים,1980.00,"100 מ""ל",false,,36.90,1.8636,true,1,20522
7290008464796,false,בירה היינקן בקבוק 6*,קריות זול,,בירה היינקן בקבוק 6*,מיליליטרים,1980.00,"100 מ""ל",false,,36.90,1.8636,true,1,20526
7290008469593,false,שריר הזרוע מס 8 מוכש,,,שריר הזרוע מס 8 מוכש,קילוגרמים,1.00,"ק""ג",true,,36.90,36.9000,true,1,66685
7290008493413,false,פרורי גריסני שקית 20,,,פרורי גריסני שקית 20,גרמים,200.00,100 גרם,false,,6.90,3.4500,true,1,32688
7290008493710,false,פרורי גריסיני זהב 20,,,פרורי גריסיני זהב 20,גרמים,200.00,100 גרם,false,,6.90,3.4500,true,1,136944
7290008496742,false,בלו פיש-אצבעות דג אמ,,,בלו פיש-אצבעות דג אמ,גרמים,400.00,100 גרם,false,,24.90,6.2250,true,1,140300
7290008590129,false,שעועית ירוקה שלמה שף,,,שעועית ירוקה שלמה שף,גרמים,800.00,100 גרם,false,,9.90,1.2375,true,1,139960
7290008590136,false,שעועית צהובה חתוכה ק,,,שעועית צהובה חתוכה ק,גרמים,800.00,100 גרם,false,,9.90,1.2375,true,1,138613
7290008590150,false,אפונת גינה קטנה שף ה,,,אפונת גינה קטנה שף ה,גרמים,800.00,100 גרם,false,,9.90,1.2375,true,1,138229
7290008590167,false,אפונה וגזר 800 גרם ש,,,אפונה וגזר 800 גרם ש,גרמים,800.00,100 גרם,false,,9.90,1.2375,true,1,138614
7290008590198,false,שעועית ירוקה חתוכה 8,,,שעועית ירוקה חתוכה 8,גרמים,800.00,100 גרם,false,,9.90,1.2375,true,1,138615
7290008614559,false,שריר הזרוע מס 8 חלק,,,שריר הזרוע מס 8 חלק,קילוגרמים,1.00,"ק""ג",true,,36.90,36.9000,true,1,120855
7290008614788,false,סינטה קפוא,,,סינטה קפוא,קילוגרמים,1.00,"ק""ג",true,,69.90,69.9000,true,1,138822
7290008644235,false,עלי בייבי 120 גר שטר,קריות זול,,עלי בייבי 120 גר שטר,גרמים,120.00,100 גרם,false,,11.90,9.9167,true,1,30777
7290008644945,false,סלט המושבה שטראוס 45,,,סלט המושבה שטראוס 45,גרמים,450.00,100 גרם,false,,12.90,2.8667,true,1,30788
7290008679435,false,כפפות הנדי לבית ולמט,קריות זול,,כפפות הנדי לבית ולמט,יחידה,0.00,יחידה,false,,7.90,0.0000,true,1,28227
7290008693134,false,דניאלה תות מעדן גבינ,קריות זול,,דניאלה תות מעדן גבינ,מיליליטרים,150.00,"100 מ""ל",false,,4.30,2.8667,true,1,30805
7290008736015,false,סטייק עין ורד הצלע ח,,,סטייק עין ורד הצלע ח,קילוגרמים,1.00,"ק""ג",true,,59.90,59.9000,true,1,139204
7290008736312,false,לשון בקר קפוא,,,לשון בקר קפוא,קילוגרמים,1.00,"ק""ג",true,,39.90,39.9000,true,1,137593
7290008737296,false,"גפילטע פיש ""דג עדן 6",,,"גפילטע פיש ""דג עדן 6",יח',6.00,יח',false,,15.90,2.6500,true,1,65178
7290008745239,false,תפוציפס אקסטרא טבעי,קריות זול,,תפוציפס אקסטרא טבעי,גרמים,50.00,100 גרם,false,,4.20,8.4000,true,1,27061
7290008747547,false,תפוציפס אקסטרא טבעי,,,תפוציפס אקסטרא טבעי,גרמים,200.00,100 גרם,false,,11.70,5.8500,true,1,27063
7290008750264,false,מסטיק מאסט דובדבן 28,קריות זול,,מסטיק מאסט דובדבן 28,גרמים,28.00,100 גרם,false,,4.90,17.5000,true,1,30420
7290008752435,false,ציטוס קראנצי גבינה 3,קריות זול,,ציטוס קראנצי גבינה 3,גרמים,30.00,100 גרם,false,,2.20,7.3333,true,1,39457
7290008753111,false,תפוציפס מקסיקני 50גר,קריות זול,,תפוציפס מקסיקני 50גר,גרמים,50.00,100 גרם,false,,4.20,8.4000,true,1,27077
7290008754415,false,מסטיק מאסט בטעם ספיר,,,מסטיק מאסט בטעם ספיר,גרמים,28.00,100 גרם,false,,4.90,17.5000,true,1,27402
7290008757034,false,שוופס סודה 250מל,קריות זול,,שוופס סודה 250מל,מיליליטרים,250.00,"100 מ""ל",false,,3.90,1.5600,true,1,39113
7290008757980,false,ספרינג רימונים 1 ליט,קריות זול,,ספרינג רימונים 1 ליט,מיליליטרים,1000.00,"100 מ""ל",false,,7.90,0.7900,true,1,26185
7290008775816,false,ערגליות שוקו אסם 300,קריות זול,,ערגליות שוקו אסם 300,גרמים,300.00,100 גרם,false,,11.50,3.8333,true,1,24243
7290008792264,false,טאצ מפיות 100,,,טאצ מפיות 100,יח',100.00,יח',false,,4.90,0.0490,true,1,49670
7290008801010,false,יין קברנה סוביניון מ,קריות זול,,יין קברנה סוביניון מ,מיליליטרים,750.00,"100 מ""ל",false,,39.90,5.3200,true,1,19735
7290008801157,false,יין סלקטד מרלו 750 מ,קריות זול,,יין סלקטד מרלו 750 מ,מיליליטרים,750.00,"100 מ""ל",false,,29.90,3.9867,true,1,19742
7290008801478,false,יין טופז זהב 750מל,קריות זול,,יין טופז זהב 750מל,מיליליטרים,750.00,"100 מ""ל",false,,20.90,2.7867,true,1,19750
7290008801539,false,יין קינג דיוויד מתוק,קריות זול,,יין קינג דיוויד מתוק,מיליליטרים,750.00,"100 מ""ל",false,,21.90,2.9200,true,1,37223
7290008802512,false,יין וינו אדום יבש 75,קריות זול,,יין וינו אדום יבש 75,מיליליטרים,750.00,"100 מ""ל",false,,21.90,2.9200,true,1,19762
7290008802529,false,יין וינו לבן יבש 750,קריות זול,,יין וינו לבן יבש 750,מיליליטרים,750.00,"100 מ""ל",false,,21.90,2.9200,true,1,19763
7290008802895,false,יין קברנה סוביניון פ,קריות זול,,יין קברנה סוביניון פ,מיליליטרים,750.00,"100 מ""ל",false,,39.90,5.3200,true,1,37227
7290008804332,false,יין שיראז אדום יבש פ,קריות זול,,יין שיראז אדום יבש פ,מיליליטרים,750.00,"100 מ""ל",false,,39.90,5.3200,true,1,19775
7290008805520,false,יין סלקטד קברנה סובנ,קריות זול,,יין סלקטד קברנה סובנ,מיליליטרים,750.00,"100 מ""ל",false,,29.90,3.9867,true,1,19794
7290008807029,false,יין טבע אמרלד רזלינג,,,יין טבע אמרלד רזלינג,מיליליטרים,750.00,"100 מ""ל",false,,24.90,3.3200,true,1,37235
7290008835770,false,לשון בקר חלק קפוא,,,לשון בקר חלק קפוא,קילוגרמים,1.00,"ק""ג",true,,39.90,39.9000,true,1,139556
7290008835954,false,פילה אמנון 5-7 וואקו,,,פילה אמנון 5-7 וואקו,קילוגרמים,1.00,"ק""ג",true,,29.90,29.9000,true,1,120452
7290008836401,false,יין ישן נושן 1 ליטר,,,יין ישן נושן 1 ליטר,מיליליטרים,1000.00,"100 מ""ל",false,,24.90,2.4900,true,1,46682
7290008849777,false,רוטב צילי מתוק 350 מ,קריות זול,,רוטב צילי מתוק 350 מ,מיליליטרים,290.00,"100 מ""ל",false,,13.90,4.7931,true,1,37275
7290008849838,false,טפנד זיתים אוליביה 1,,,טפנד זיתים אוליביה 1,גרמים,140.00,100 גרם,false,,13.90,9.9286,true,1,97761
7290008849845,false,אריסה פיקנטית אוליבי,,,אריסה פיקנטית אוליבי,גרמים,140.00,100 גרם,false,,13.90,9.9286,true,1,97762
7290010050109,false,רוזמרין/עירית,,,רוזמרין/עירית,יחידה,0.00,יחידה,false,,5.90,0.0000,true,1,56391
7290010051021,false,בזיליקום,,,בזיליקום,יחידה,0.00,יחידה,false,,5.90,0.0000,true,1,56254
7290010051052,false,פטרוזליה,,,פטרוזליה,יחידה,0.00,יחידה,false,,4.90,0.0000,true,1,46309
7290010051076,false,לבבות חסה,,,לבבות חסה,יחידה,0.00,יחידה,false,,10.90,0.0000,true,1,77161
7290010051113,false,קורנית (טימין),,,קורנית (טימין),יחידה,0.00,יחידה,false,,5.90,0.0000,true,1,56256
7290010051168,false,כוסברה,,,כוסברה,יחידה,0.00,יחידה,false,,4.90,0.0000,true,1,56239
7290010051175,false,כוסברה/שמיר ארוז,,,כוסברה/שמיר ארוז,גרמים,1000.00,100 גרם,false,,4.90,0.4900,true,1,46310
7290010051182,false,נענע ארוזה,,,נענע ארוזה,יחידה,0.00,יחידה,false,,4.90,0.0000,true,1,46311
7290010051199,false,שורש פטרוזיליה,,,שורש פטרוזיליה,יחידה,0.00,יחידה,false,,5.90,0.0000,true,1,56241
7290010051205,false,סלרי אמריקאי.,,,סלרי אמריקאי.,גרמים,200.00,100 גרם,false,,6.90,3.4500,true,1,56242
7290010051212,false,סלרי ראש,,,סלרי ראש,יחידה,0.00,יחידה,false,,6.90,0.0000,true,1,56243
7290010051267,false,פרסה לוף שלם,,,פרסה לוף שלם,יחידה,0.00,יחידה,false,,7.90,0.0000,true,1,65258
7290010051298,false,סלק עלים ארוז,,,סלק עלים ארוז,יחידה,0.00,יחידה,false,,6.90,0.0000,true,1,56244
7290010051311,false,סלרי חתוך,,,סלרי חתוך,גרמים,110.00,100 גרם,false,,5.90,5.3636,true,1,90946
7290010051335,false,בצל ירוק,,,בצל ירוק,גרמים,110.00,100 גרם,false,,5.90,5.3636,true,1,56251
7290010051403,false,שיבה,,,שיבה,יחידה,0.00,יחידה,false,,5.90,0.0000,true,1,56261
7290010051434,false,חסה סלנובה,,,חסה סלנובה,יחידה,0.00,יחידה,false,,10.90,0.0000,true,1,98841
7290010051687,false,רוזמרין,,,רוזמרין,יחידה,0.00,יחידה,false,,5.90,0.0000,true,1,67816
7290010065745,false,פרינוק מחית גוניור ל,,,פרינוק מחית גוניור ל,גרמים,190.00,100 גרם,false,,6.70,3.5263,true,1,40547
7290010066056,false,טונה במים פילטונה 15,,,טונה במים פילטונה 15,גרמים,158.00,100 גרם,false,,6.80,4.3038,true,1,71561
7290010066445,false,נתחי טונה בהירה בשמן,,,נתחי טונה בהירה בשמן,גרמים,414.00,100 גרם,false,,13.90,3.3575,true,1,102845
7290010066513,false,נתחי טונה בשמן פילטו,,,נתחי טונה בשמן פילטו,גרמים,632.00,100 גרם,false,,22.90,3.6234,true,1,52243
7290010066575,false,נתחי טונה במים פילטו,,,נתחי טונה במים פילטו,גרמים,632.00,100 גרם,false,,22.90,3.6234,true,1,52246
7290010066582,false,נתחי טונה בשמן קנולה,,,נתחי טונה בשמן קנולה,גרמים,632.00,100 גרם,false,,22.90,3.6234,true,1,52247
7290010066599,false,נתחי טונה בשמן זית פ,,,נתחי טונה בשמן זית פ,גרמים,632.00,100 גרם,false,,29.90,4.7310,true,1,55888
7290010066957,false,טונה פרינס בשמן 960ג,,,טונה פרינס בשמן 960ג,גרמים,960.00,100 גרם,false,,29.90,3.1146,true,1,55920
7290010124107,false,סטייק בורגר זהב 400,,,סטייק בורגר זהב 400,גרמים,400.00,100 גרם,false,,19.90,4.9750,true,1,100689
7290010124213,false,סינטה בקר דק דק אל מ,,,סינטה בקר דק דק אל מ,גרמים,250.00,100 גרם,false,,19.90,7.9600,true,1,99947
7290010126323,false,חציל במיונז 400 גרם,,,חציל במיונז 400 גרם,גרמים,400.00,100 גרם,false,,12.90,3.2250,true,1,103016
7290010126330,false,תירס במיונז 400 גרם,,,תירס במיונז 400 גרם,גרמים,400.00,100 גרם,false,,12.90,3.2250,true,1,103027
7290010126408,false,חציל בטחינה 400 גרם,,,חציל בטחינה 400 גרם,גרמים,400.00,100 גרם,false,,12.90,3.2250,true,1,103017
7290010126477,false,טחינה ירוקה 400 גרם,,,טחינה ירוקה 400 גרם,גרמים,400.00,100 גרם,false,,12.90,3.2250,true,1,103018
7290010126491,false,סלט סלק 400 גרם כיד,,,סלט סלק 400 גרם כיד,גרמים,400.00,100 גרם,false,,12.90,3.2250,true,1,103025
7290010126507,false,סלט טורקי 400 גרם כי,,,סלט טורקי 400 גרם כי,גרמים,400.00,100 גרם,false,,12.90,3.2250,true,1,103026
7290010126583,false,חציל טבעי 400 גרם כי,,,חציל טבעי 400 גרם כי,גרמים,400.00,100 גרם,false,,12.90,3.2250,true,1,103020
7290010126958,false,"סלט תפו""א במיונז 400",,,"סלט תפו""א במיונז 400",גרמים,400.00,100 גרם,false,,12.90,3.2250,true,1,103028
7290010126972,false,טחינה לבנה 400 גרם כ,,,טחינה לבנה 400 גרם כ,גרמים,400.00,100 גרם,false,,12.90,3.2250,true,1,103023
7290010153503,false,שעועית בובס 400גר,,,שעועית בובס 400גר,גרמים,400.00,100 גרם,false,,11.90,2.9750,true,1,49957
7290010153510,false,בורגול מיה 500 גר,,,בורגול מיה 500 גר,גרמים,500.00,100 גרם,false,,6.90,1.3800,true,1,49963
7290010163069,false,צנובר 100גרם,,,צנובר 100גרם,גרמים,100.00,100 גרם,false,,21.90,21.9000,true,1,74950
7290010175857,false,לבבות דקל פרוסות 400,,,לבבות דקל פרוסות 400,גרמים,400.00,100 גרם,false,,12.90,3.2250,true,1,93044
7290010176229,false,נודלס בטעם בשר 65 גר,,,נודלס בטעם בשר 65 גר,גרמים,65.00,100 גרם,false,,5.90,9.0769,true,1,101373
7290010237531,false,"פפסי בקבוק 500 מ""ל",,,"פפסי בקבוק 500 מ""ל",מיליליטרים,500.00,"100 מ""ל",false,,5.90,1.1800,true,1,51753
7290010259830,false,נודלס סגנון סיני פיק,קריות זול,,נודלס סגנון סיני פיק,גרמים,70.00,100 גרם,false,,5.90,8.4286,true,1,24728
7290010259991,false,צנימים ויליפוד 250גר,קריות זול,,צנימים ויליפוד 250גר,גרמים,250.00,100 גרם,false,,8.50,3.4000,true,1,68148
7290010328093,false,ממרח חלבה 400גר,,,ממרח חלבה 400גר,גרמים,400.00,100 גרם,false,,10.90,2.7250,true,1,56000
7290010328246,false,טחינה משומשום מלא 50,,,טחינה משומשום מלא 50,גרמים,500.00,100 גרם,false,,12.90,2.5800,true,1,65352
7290010328253,false,טחינה גולמית 500 גרם,,,טחינה גולמית 500 גרם,גרמים,500.00,100 גרם,false,,11.90,2.3800,true,1,47717
7290010328468,false,חטיפי מיני חלבה ב3 ט,,,חטיפי מיני חלבה ב3 ט,גרמים,216.00,100 גרם,false,,12.90,5.9722,true,1,68016
7290010328505,false,חטיפי מיני חלבה ללא,,,חטיפי מיני חלבה ללא,יח',15.00,יח',false,,12.90,0.8600,true,1,69806
7290010328680,false,עוגת שוקולד עם שוקוצ,,,עוגת שוקולד עם שוקוצ,גרמים,450.00,100 גרם,false,,10.90,2.4222,true,1,73972
7290010328710,false,קצפיות במגש 180גר,,,קצפיות במגש 180גר,גרמים,180.00,100 גרם,false,,10.90,6.0556,true,1,74596
7290010328734,false,ממרח טחינה עם סילאן,,,ממרח טחינה עם סילאן,גרמים,400.00,100 גרם,false,,10.90,2.7250,true,1,76699
7290010328819,false,ממרח טחינה עם שוקולד,,,ממרח טחינה עם שוקולד,גרמים,400.00,100 גרם,false,,10.90,2.7250,true,1,90123
7290010328901,false,מאפין בטעם וניל 45גר,,,מאפין בטעם וניל 45גר,גרמים,45.00,100 גרם,false,,3.20,7.1111,true,1,92759
7290010429554,false,שמן זית כתית מעולה2,קריות זול,,שמן זית כתית מעולה2,מיליליטרים,750.00,"100 מ""ל",false,,36.90,4.9200,true,1,27452
7290010454051,false,מפיות טרנדי תלת-שכבת,,,מפיות טרנדי תלת-שכבת,יחידה,0.00,יחידה,false,,7.50,0.0000,true,1,56508
7290010471669,false,דנונה בר תות קורנפלק,קריות זול,,דנונה בר תות קורנפלק,גרמים,173.00,100 גרם,false,,4.80,2.7746,true,1,30822
7290010472390,false,דני שוקולד מארז 8*12,קריות זול,,דני שוקולד מארז 8*12,גרמים,1000.00,100 גרם,false,,16.90,1.6900,true,1,30834
7290010513703,false,מקלות צ'ופסטיקס 20יח,,,מקלות צ'ופסטיקס 20יח,יחידה,0.00,יחידה,false,,7.90,0.0000,true,1,40357
7290010513727,false,פירורי לחם פנקו 200ג,,,פירורי לחם פנקו 200ג,גרמים,200.00,100 גרם,false,,9.90,4.9500,true,1,67776
7290010546633,false,גרנולה חמאת בוטנים מ,,,גרנולה חמאת בוטנים מ,גרמים,350.00,100 גרם,false,,19.90,5.6857,true,1,138204
7290010548514,false,עשבי תיבול לבישול אי,,,עשבי תיבול לבישול אי,גרמים,70.00,100 גרם,false,,12.90,18.4286,true,1,91031
7290010561032,false,ברילי תערובת להכנת פ,,,ברילי תערובת להכנת פ,גרמים,400.00,100 גרם,false,,19.90,4.9750,true,1,135978
7290010561667,false,ברילי פתיתים אפויים,,,ברילי פתיתים אפויים,גרמים,250.00,100 גרם,false,,19.90,7.9600,true,1,135981
7290010609550,false,טרופי קש 20 יח,,,טרופי קש 20 יח,יחידה,0.00,יחידה,false,,27.90,0.0000,true,1,54833
7290010613953,false,דלי מטליות לניקוי וח,,,דלי מטליות לניקוי וח,יחידה,0.00,יחידה,false,,10.90,0.0000,true,1,137210
7290010711123,false,"ננס רביעיה ""שייני""",,,"ננס רביעיה ""שייני""",יחידה,0.00,יחידה,false,,7.90,0.0000,true,1,43916
7290010711208,false,מטליות שיאני בגליל,,,מטליות שיאני בגליל,יח',33.00,יח',false,,18.90,0.5727,true,1,41850
7290010711437,false,4 סרטי קרצוף לניקוי,,,4 סרטי קרצוף לניקוי,יחידה,0.00,יחידה,false,,10.90,0.0000,true,1,128909
7290010711932,false,מטליות רב שימושיות 9,,,מטליות רב שימושיות 9,יח',9.00,יח',false,,9.90,1.1000,true,1,56726
7290010748891,false,קרם גוף אפקטיב מולטי,,,קרם גוף אפקטיב מולטי,מיליליטרים,700.00,"100 מ""ל",false,,33.90,4.8429,true,1,106034
7290010766307,false,רוטב לפסטה בולונז או,,,רוטב לפסטה בולונז או,גרמים,420.00,100 גרם,false,,15.90,3.7857,true,1,32722
7290010766734,false,רוטב פיצה אוליביה 41,,,רוטב פיצה אוליביה 41,גרמים,415.00,100 גרם,false,,14.90,3.5904,true,1,43235
7290010766949,false,ממרח ארטישוק אוליביה,,,ממרח ארטישוק אוליביה,גרמים,180.00,100 גרם,false,,14.90,8.2778,true,1,50863
7290010766956,false,ממרח פלפלים מתוקים א,,,ממרח פלפלים מתוקים א,גרמים,180.00,100 גרם,false,,14.90,8.2778,true,1,50864
7290010778058,false,פסטה פטוצ'יני 500גר,,,פסטה פטוצ'יני 500גר,גרמים,500.00,100 גרם,false,,22.90,4.5800,true,1,72165
7290010778065,false,ניוקי תפוח אדמה 500ג,,,ניוקי תפוח אדמה 500ג,גרמים,500.00,100 גרם,false,,22.90,4.5800,true,1,72166
7290010778089,false,טורטליני גבינה 500גר,,,טורטליני גבינה 500גר,גרמים,500.00,100 גרם,false,,32.90,6.5800,true,1,72167
7290010778126,false,רוטב פסטו 240גר,,,רוטב פסטו 240גר,גרמים,240.00,100 גרם,false,,22.90,9.5417,true,1,72176
7290010778157,false,רביולי ריקוטה ותרד 5,,,רביולי ריקוטה ותרד 5,גרמים,500.00,100 גרם,false,,32.90,6.5800,true,1,72168
7290010778164,false,רביולי ריקוטה פטריות,,,רביולי ריקוטה פטריות,גרמים,500.00,100 גרם,false,,32.90,6.5800,true,1,72169
7290010778171,false,רביולי בטטה 500גר,,,רביולי בטטה 500גר,גרמים,500.00,100 גרם,false,,32.90,6.5800,true,1,72170
7290010778218,false,רוטב שמנת פטריות 240,,,רוטב שמנת פטריות 240,גרמים,240.00,100 גרם,false,,22.90,9.5417,true,1,72178
7290010778225,false,רוטב שמנת ועגבניות 2,,,רוטב שמנת ועגבניות 2,גרמים,240.00,100 גרם,false,,22.90,9.5417,true,1,72179
7290010778300,false,רביולי מוצרלה 500גר,,,רביולי מוצרלה 500גר,גרמים,500.00,100 גרם,false,,32.90,6.5800,true,1,72174
7290010778324,false,ניוקי בטטה 500גר,,,ניוקי בטטה 500גר,גרמים,500.00,100 גרם,false,,22.90,4.5800,true,1,72175
7290010778485,false,רוטב שמנת בטטה 240גר,,,רוטב שמנת בטטה 240גר,גרמים,240.00,100 גרם,false,,22.90,9.5417,true,1,72180
7290010814244,false,שוקולד מריר כרמית מא,,,שוקולד מריר כרמית מא,גרמים,255.00,100 גרם,false,,10.90,4.2745,true,1,32726
7290010814251,false,שוקולד חלב כרמית מאר,,,שוקולד חלב כרמית מאר,גרמים,255.00,100 גרם,false,,10.90,4.2745,true,1,32727
7290010814268,false,שוקולד לבן כרמית מאר,,,שוקולד לבן כרמית מאר,גרמים,255.00,100 גרם,false,,10.90,4.2745,true,1,32728
7290010814701,false,שוקולד חלב ללא סוכר,,,שוקולד חלב ללא סוכר,גרמים,85.00,100 גרם,false,,6.90,8.1176,true,1,64842
7290010838219,false,סטיביה 100 שק,,,סטיביה 100 שק,יחידה,0.00,יחידה,false,,29.90,0.0000,true,1,64607
7290010839865,false,רכז רימונים 320 גר,,,רכז רימונים 320 גר,גרמים,320.00,100 גרם,false,,11.90,3.7188,true,1,39152
7290010903894,false,"שניצל תירס בד""ץ שף ה",,,"שניצל תירס בד""ץ שף ה",גרמים,500.00,100 גרם,false,,12.90,2.5800,true,1,139875
7290010922017,false,"אננס קפוא בד""ץ 250 ג",,,"אננס קפוא בד""ץ 250 ג",גרמים,250.00,100 גרם,false,,12.90,5.1600,true,1,140226
7290010922024,false,"פסיפלורה קפואה בד""ץ",,,"פסיפלורה קפואה בד""ץ",גרמים,250.00,100 גרם,false,,12.90,5.1600,true,1,140228
7290010922055,false,"ליצ'י קפוא בד""ץ 250",,,"ליצ'י קפוא בד""ץ 250",גרמים,250.00,100 גרם,false,,12.90,5.1600,true,1,140229
7290010922673,false,קרפציו עגל פרימיום 1,,,קרפציו עגל פרימיום 1,גרמים,140.00,100 גרם,false,,19.90,14.2143,true,1,139794
7290010922819,false,"מלון קפוא בד""ץ 250 ג",,,"מלון קפוא בד""ץ 250 ג",גרמים,250.00,100 גרם,false,,12.90,5.1600,true,1,140230
7290010922918,false,סטייק מינוט 250 גרם,,,סטייק מינוט 250 גרם,גרמים,250.00,100 גרם,false,,29.90,11.9600,true,1,136680
7290010931330,false,סלט מטבוחה אחלה 500ג,קריות זול,,סלט מטבוחה אחלה 500ג,גרמים,500.00,100 גרם,false,,15.90,3.1800,true,1,30857
7290010945146,false,קוטג מועשר 3% 250גר,קריות זול,,קוטג מועשר 3% 250גר,גרמים,250.00,100 גרם,false,,6.30,2.5200,true,1,33390
7290010945450,false,גבינה לבנה מהדרין 3%,קריות זול,,גבינה לבנה מהדרין 3%,גרמים,250.00,100 גרם,false,,4.90,1.9600,true,1,33405
7290010945481,false,גבינה לבנה 5% 500גר,קריות זול,,גבינה לבנה 5% 500גר,גרמים,500.00,100 גרם,false,,9.96,1.9920,true,1,33407
7290010970254,false,חומץ בן יין לבן מונט,,,חומץ בן יין לבן מונט,מיליליטרים,500.00,"100 מ""ל",false,,17.90,3.5800,true,1,73202
7290011015862,false,סירופ דיאט לימונענע,,,סירופ דיאט לימונענע,מיליליטרים,750.00,"100 מ""ל",false,,24.90,3.3200,true,1,48985
7290011017866,false,קוקה קולה סליק 330מל,,,קוקה קולה סליק 330מל,מיליליטרים,330.00,"100 מ""ל",false,,6.70,2.0303,true,1,65126
7290011017873,false,קוקה קולה זירו סילק,,,קוקה קולה זירו סילק,מיליליטרים,330.00,"100 מ""ל",false,,6.70,2.0303,true,1,65127
7290011017880,false,קוקה קולה דיאט 330מל,,,קוקה קולה דיאט 330מל,מיליליטרים,330.00,"100 מ""ל",false,,6.70,2.0303,true,1,65128
7290011022457,false,תבנית 90 ארוז 8 ר2,,,תבנית 90 ארוז 8 ר2,יחידה,0.00,יחידה,false,,9.90,0.0000,true,1,120381
7290011022464,false,תבנית 210 ר99 ארוז 4,,,תבנית 210 ר99 ארוז 4,יחידה,0.00,יחידה,false,,9.90,0.0000,true,1,120382
7290011022495,false,תבנית 8A ארוז 10יח',,,תבנית 8A ארוז 10יח',יחידה,0.00,יחידה,false,,9.90,0.0000,true,1,120383
7290011022563,false,ניילון נצמד צר 150/3,,,ניילון נצמד צר 150/3,יחידה,0.00,יחידה,false,,17.90,0.0000,true,1,120392
7290011022938,false,תבנית 8B ארוז 15 ר29,,,תבנית 8B ארוז 15 ר29,יחידה,0.00,יחידה,false,,9.90,0.0000,true,1,120385
7290011022945,false,תבנית אינגליש ארוז 1,,,תבנית אינגליש ארוז 1,יחידה,0.00,יחידה,false,,9.90,0.0000,true,1,120386
7290011026066,false,סרקל שמפו + מרכך ליל,,,סרקל שמפו + מרכך ליל,מיליליטרים,1000.00,"100 מ""ל",false,,29.90,2.9900,true,1,52069
7290011064020,false,בולגרית בעיר 200 גרם,,,בולגרית בעיר 200 גרם,גרמים,200.00,100 גרם,false,,13.90,6.9500,true,1,106058
7290011064075,false,לאבנה אבו גוש 200 גר,,,לאבנה אבו גוש 200 גר,גרמים,200.00,100 גרם,false,,13.90,6.9500,true,1,106059
7290011064099,false,פלפלוני שרי ממולא 12,,,פלפלוני שרי ממולא 12,גרמים,125.00,100 גרם,false,,19.90,15.9200,true,1,106060
7290011081690,false,קרמיסימו פרווה שוקו,קריות זול,,קרמיסימו פרווה שוקו,מיליליטרים,1330.00,"100 מ""ל",false,,21.90,1.6466,true,1,40564
7290011126209,false,תה תפוח וקינמון סייד,קריות זול,,תה תפוח וקינמון סייד,גרמים,55.00,100 גרם,false,,19.90,36.1818,true,1,31138
7290011126452,false,תה הגן הקסום קמומיל,קריות זול,,תה הגן הקסום קמומיל,גרמים,37.50,100 גרם,false,,19.90,53.0667,true,1,40167
7290011126469,false,תה קמומיל ודבש הגן ה,קריות זול,,תה קמומיל ודבש הגן ה,גרמים,37.50,100 גרם,false,,19.90,53.0667,true,1,40168
7290011126957,false,תה ירוק ארל גריי 25י,,,תה ירוק ארל גריי 25י,גרמים,37.50,100 גרם,false,,26.90,71.7333,true,1,45590
7290011133375,false,שנדי אפרסק שישייה 6*,,,שנדי אפרסק שישייה 6*,מיליליטרים,1980.00,"100 מ""ל",false,,39.90,2.0152,true,1,46630
7290011148805,false,שעועית טריה עד 500 ג,,,שעועית טריה עד 500 ג,גרמים,500.00,100 גרם,false,,14.90,2.9800,true,1,141091
7290011153885,false,נייר אכיל לקישוט עוג,,,נייר אכיל לקישוט עוג,יחידה,0.00,יחידה,false,,15.90,0.0000,true,1,28687
7290011164164,false,"לקקן סודה זאזא בד""ץ",,,"לקקן סודה זאזא בד""ץ",גרמים,320.00,100 גרם,false,,19.90,6.2187,true,1,101379
7290011164546,false,סוכריות טופי אטומיק,,,סוכריות טופי אטומיק,גרמים,600.00,100 גרם,false,,15.90,2.6500,true,1,69888
7290011174040,false,גזר ננסי 800גר,,,גזר ננסי 800גר,גרמים,800.00,100 גרם,false,,10.90,1.3625,true,1,27769
7290011174323,false,ציפס אמריקאי קפוא 1.,,,ציפס אמריקאי קפוא 1.,גרמים,1500.00,100 גרם,false,,22.90,1.5267,true,1,40098
7290011174866,false,צ'יפס בטטה קפוא 700ג,,,צ'יפס בטטה קפוא 700ג,גרמים,700.00,100 גרם,false,,15.90,2.2714,true,1,102987
7290011174897,false,אפונה עדינה 600גר,,,אפונה עדינה 600גר,גרמים,600.00,100 גרם,false,,10.90,1.8167,true,1,92237
7290011223229,false,טואלט דאק ג'ל אסלה נ,קריות זול,,טואלט דאק ג'ל אסלה נ,מיליליטרים,55.00,"100 מ""ל",false,,9.90,18.0000,true,1,25555
7290011236649,false,נטיפי שוקולד צ'יפס א,קריות זול,,נטיפי שוקולד צ'יפס א,גרמים,300.00,100 גרם,false,,9.90,3.3000,true,1,120824
7290011239404,false,חטיפי מחרום 330גרם,,,חטיפי מחרום 330גרם,גרמים,330.00,100 גרם,false,,15.90,4.8182,true,1,136632
7290011254346,false,קינואה מיה 1קג,,,קינואה מיה 1קג,גרמים,1000.00,100 גרם,false,,19.90,1.9900,true,1,138566
7290011378769,false,בארכה חטיף חלבה וניל,,,בארכה חטיף חלבה וניל,גרמים,126.00,100 גרם,false,,13.90,11.0317,true,1,65678
7290011379018,false,פטריות צמד חמד איטלק,קריות זול,,פטריות צמד חמד איטלק,גרמים,500.00,100 גרם,false,,16.90,3.3800,true,1,47898
7290011431341,false,מזלגות 100יח שמאי,,,מזלגות 100יח שמאי,יחידה,0.00,יחידה,false,,9.90,0.0000,true,1,102737
7290011431488,false,"אצטון 100 מ""ל",,,"אצטון 100 מ""ל",יחידה,0.00,יחידה,false,,4.90,0.0000,true,1,136496
7290011431853,false,מפות שמיניות עבה כתו,,,מפות שמיניות עבה כתו,יחידה,0.00,יחידה,false,,7.90,0.0000,true,1,120374
7290011435226,false,דבש מפרחי בר לחיץ 65,,,דבש מפרחי בר לחיץ 65,גרמים,650.00,100 גרם,false,,41.90,6.4462,true,1,48040
7290011438142,false,אייס קפה יטבתה בבקבו,קריות זול,,אייס קפה יטבתה בבקבו,מיליליטרים,350.00,"100 מ""ל",false,,6.90,1.9714,true,1,30947
7290011447908,false,סופר קט עוף כבד 3קג,קריות זול,,סופר קט עוף כבד 3קג,קילוגרמים,3.00,"ק""ג",false,,54.90,18.3000,true,1,55289
7290011473570,false,קמח חומוס 500 גר,,,קמח חומוס 500 גר,גרמים,500.00,100 גרם,false,,13.90,2.7800,true,1,92405
7290011489533,false,בייגלה שמיניות עם מל,,,בייגלה שמיניות עם מל,גרמים,300.00,100 גרם,false,,6.90,2.3000,true,1,69779
7290011489595,false,קרקר טופז שומשום 110,,,קרקר טופז שומשום 110,גרמים,110.00,100 גרם,false,,3.90,3.5455,true,1,69414
7290011489601,false,קרקר טופז בצל 110גר,,,קרקר טופז בצל 110גר,גרמים,110.00,100 גרם,false,,3.90,3.5455,true,1,69415
7290011499105,false,בולגרית 5% 250גר מחל,קריות זול,,בולגרית 5% 250גר מחל,גרמים,250.00,100 גרם,false,,24.90,9.9600,true,1,19952
7290011499112,false,בולגרית 16% 250גר מח,,,בולגרית 16% 250גר מח,גרמים,250.00,100 גרם,false,,24.90,9.9600,true,1,45140
7290011499129,false,בולגרית מעודנת קוביו,קריות זול,,בולגרית מעודנת קוביו,גרמים,200.00,100 גרם,false,,24.90,12.4500,true,1,19954
7290011499303,false,בולגרית עיזים מעודנת,,,בולגרית עיזים מעודנת,גרמים,250.00,100 גרם,false,,31.90,12.7600,true,1,43101
7290011499327,false,בולגרית בקר מעודנת 2,,,בולגרית בקר מעודנת 2,גרמים,250.00,100 גרם,false,,24.90,9.9600,true,1,43103
7290011499341,false,גבינה קאשקבל מחלבות,,,גבינה קאשקבל מחלבות,גרמים,250.00,100 גרם,false,,27.70,11.0800,true,1,43960
7290011499358,false,פטה עיזים 200גר מחלב,,,פטה עיזים 200גר מחלב,גרמים,200.00,100 גרם,false,,29.90,14.9500,true,1,43961
7290011499365,false,גבינת חלומי מחלבות ג,,,גבינת חלומי מחלבות ג,גרמים,200.00,100 גרם,false,,23.90,11.9500,true,1,43965
7290011499419,false,קרם שמנת ניו יורק טב,,,קרם שמנת ניו יורק טב,גרמים,200.00,100 גרם,false,,13.90,6.9500,true,1,97683
7290011499525,false,לאבנה דרוזית 9% 500ג,,,לאבנה דרוזית 9% 500ג,גרמים,500.00,100 גרם,false,,20.80,4.1600,true,1,47553
7290011499624,false,גבינת שמנת ניו יורק,,,גבינת שמנת ניו יורק,גרמים,200.00,100 גרם,false,,13.90,6.9500,true,1,50388
7290011499846,false,ריקוטה פרסקה 300גר מ,,,ריקוטה פרסקה 300גר מ,גרמים,300.00,100 גרם,false,,18.90,6.3000,true,1,61718
7290011499853,false,גבינת שמנת ניו יורק,,,גבינת שמנת ניו יורק,גרמים,200.00,100 גרם,false,,13.90,6.9500,true,1,67521
7290011501617,false,חמוציות דל סוכר 250ג,,,חמוציות דל סוכר 250ג,גרמים,250.00,100 גרם,false,,16.90,6.7600,true,1,70960
7290011514105,false,מסנן כיור סיליקון,,,מסנן כיור סיליקון,יחידה,0.00,יחידה,false,,14.90,0.0000,true,1,76383
7290011514273,false,וואקום ירח סגור,,,וואקום ירח סגור,יחידה,0.00,יחידה,false,,9.90,0.0000,true,1,76384
7290011514464,false,גומיות צבעוניות,,,גומיות צבעוניות,יחידה,0.00,יחידה,false,,7.90,0.0000,true,1,76386
7290011514594,false,מסננים לכיור-זוג,,,מסננים לכיור-זוג,יחידה,0.00,יחידה,false,,7.90,0.0000,true,1,100511
7290011514709,false,מתלים וואקום זוג,,,מתלים וואקום זוג,יחידה,0.00,יחידה,false,,9.90,0.0000,true,1,106686
7290011514761,false,סיכות ביטחון 3 גדלים,,,סיכות ביטחון 3 גדלים,יחידה,0.00,יחידה,false,,6.90,0.0000,true,1,134127
7290011515683,false,מאגדת אקסטרים וניל 6,,,מאגדת אקסטרים וניל 6,יחידה,0.00,יחידה,false,,35.90,0.0000,true,1,26959
7290011515911,false,מאגדת לייט ריבת חלב,,,מאגדת לייט ריבת חלב,גרמים,312.00,100 גרם,false,,29.90,9.5833,true,1,46014
7290011518561,false,אקטימל תות משפחתי 14,קריות זול,,אקטימל תות משפחתי 14,מיליליטרים,1400.00,"100 מ""ל",false,,32.90,2.3500,true,1,30965
7290011524555,false,שעועית לבנה אפויה 80,,,שעועית לבנה אפויה 80,גרמים,800.00,100 גרם,false,,10.90,1.3625,true,1,92239
7290011530358,false,שייק איט פירות קפואי,,,שייק איט פירות קפואי,גרמים,450.00,100 גרם,false,,29.90,6.6444,true,1,128439
7290011530488,false,שייק איט פירות קפואי,,,שייק איט פירות קפואי,גרמים,450.00,100 גרם,false,,29.90,6.6444,true,1,128440
7290011530525,false,שייק איט פירות קפואי,,,שייק איט פירות קפואי,גרמים,450.00,100 גרם,false,,29.90,6.6444,true,1,120458
7290011530532,false,שייק איט פירות קפואי,,,שייק איט פירות קפואי,גרמים,450.00,100 גרם,false,,29.90,6.6444,true,1,120459
7290011575007,false,הפי מרסס לאמבט 750 מ,,,הפי מרסס לאמבט 750 מ,מיליליטרים,750.00,"100 מ""ל",false,,19.90,2.6533,true,1,26881
7290011587079,false,חרדל דיז'ון גרגרים 3,,,חרדל דיז'ון גרגרים 3,גרמים,370.00,100 גרם,false,,9.90,2.6757,true,1,71068
7290011587642,false,מקרל מרוקאי חריף 125,,,מקרל מרוקאי חריף 125,גרמים,125.00,100 גרם,false,,6.90,5.5200,true,1,57176
7290011587697,false,עגבניות מיובשות פסטו,,,עגבניות מיובשות פסטו,גרמים,340.00,100 גרם,false,,12.90,3.7941,true,1,92572
7290011587765,false,נודלס עבה 200 גרם,,,נודלס עבה 200 גרם,גרמים,200.00,100 גרם,false,,6.90,3.4500,true,1,138735
7290011587826,false,חרדל דיז'ון 370 גר,,,חרדל דיז'ון 370 גר,גרמים,370.00,100 גרם,false,,9.90,2.6757,true,1,71069
7290011587857,false,עגבניות מיובשות מתוב,,,עגבניות מיובשות מתוב,גרמים,250.00,100 גרם,false,,9.90,3.9600,true,1,92443
7290011598211,false,סנו אנטי קאלק ניקוי,,,סנו אנטי קאלק ניקוי,מיליליטרים,700.00,"100 מ""ל",false,,19.90,2.8429,true,1,39866
7290011598402,false,סנו מקסימה מרכך כביס,,,סנו מקסימה מרכך כביס,ליטרים,4.00,ליטר,false,,23.90,5.9750,true,1,26036
7290011607180,false,קולון 101כתמים אבקת,,,קולון 101כתמים אבקת,קילוגרמים,1.25,"ק""ג",false,,10.90,8.7200,true,1,31657
7290011607197,false,קולון 101כתמים אבקת,,,קולון 101כתמים אבקת,קילוגרמים,5.00,"ק""ג",false,,34.90,6.9800,true,1,31658
7290011668570,false,גרנולה פירות יבשים פ,,,גרנולה פירות יבשים פ,גרמים,450.00,100 גרם,false,,29.90,6.6444,true,1,106283
7290011765088,false,קרמה גל גילוח קול 20,קריות זול,,קרמה גל גילוח קול 20,מיליליטרים,200.00,"100 מ""ל",false,,13.90,6.9500,true,1,40184
7290011800840,false,טחינה בלאדי צבר 400ג,,,טחינה בלאדי צבר 400ג,גרמים,400.00,100 גרם,false,,16.90,4.2250,true,1,47492
7290011877859,false,*מבצע* סנו אינסטלטור,,,*מבצע* סנו אינסטלטור,גרמים,200.00,100 גרם,false,,10.90,5.4500,true,1,44501
7290011885007,false,פקאן סיני 200גר,,,פקאן סיני 200גר,גרמים,200.00,100 גרם,false,,22.90,11.4500,true,1,45790
7290011947309,false,זית סורי מבוקע עם לי,,,זית סורי מבוקע עם לי,גרמים,230.00,100 גרם,false,,14.90,6.4783,true,1,69432
7290011947316,false,זיתי קלמטה 215 גר,,,זיתי קלמטה 215 גר,גרמים,215.00,100 גרם,false,,14.90,6.9302,true,1,72689
7290011947743,false,מיקס זית ירוק וזית ק,,,מיקס זית ירוק וזית ק,גרמים,215.00,100 גרם,false,,14.90,6.9302,true,1,128845
7290011947781,false,מיקס זית ירוק/קלמטה,,,מיקס זית ירוק/קלמטה,גרמים,215.00,100 גרם,false,,14.90,6.9302,true,1,134809
7290011947798,false,זית קלמטה ללא גלעין,,,זית קלמטה ללא גלעין,גרמים,215.00,100 גרם,false,,14.90,6.9302,true,1,134810
7290011964344,false,שום גבישי 120גר,,,שום גבישי 120גר,גרמים,120.00,100 גרם,false,,12.90,10.7500,true,1,52004
7290011964542,false,פפריקה מתוקה 400גר,,,פפריקה מתוקה 400גר,גרמים,400.00,100 גרם,false,,23.90,5.9750,true,1,52014
7290011964603,false,כורכום 400גר,,,כורכום 400גר,גרמים,400.00,100 גרם,false,,23.90,5.9750,true,1,52025
7290011964658,false,מלח לימון 170גר,,,מלח לימון 170גר,גרמים,170.00,100 גרם,false,,10.90,6.4118,true,1,52016
7290011964702,false,תיבול לשווארמה ללא מ,,,תיבול לשווארמה ללא מ,גרמים,100.00,100 גרם,false,,10.90,10.9000,true,1,52018
7290012019265,false,"מחית תפו""ע ללא סוכר",,,"מחית תפו""ע ללא סוכר",גרמים,452.00,100 גרם,false,,12.90,2.8540,true,1,48730
7290012022203,false,קליליות (פריכיות) חי,,,קליליות (פריכיות) חי,גרמים,100.00,100 גרם,false,,15.90,15.9000,true,1,70988
7290012022227,false,קליליות (פריכיות) חי,,,קליליות (פריכיות) חי,גרמים,100.00,100 גרם,false,,13.90,13.9000,true,1,70989
7290012022272,false,קליליות קידס 30גר,,,קליליות קידס 30גר,גרמים,30.00,100 גרם,false,,12.90,43.0000,true,1,93610
7290012025822,false,סלק אסלי 400גר,,,סלק אסלי 400גר,גרמים,400.00,100 גרם,false,,14.90,3.7250,true,1,74283
7290012025839,false,מטבוחה אסלי 400גר,,,מטבוחה אסלי 400גר,גרמים,400.00,100 גרם,false,,14.90,3.7250,true,1,74284
7290012071690,false,אלכוג'ל מגבונים אנטי,,,אלכוג'ל מגבונים אנטי,יחידה,0.00,יחידה,false,,13.90,0.0000,true,1,119404
7290012086113,false,שרי קלמר ארוז 450 גר,,,שרי קלמר ארוז 450 גר,גרמים,450.00,100 גרם,false,,9.90,2.2000,true,1,106703
7290012116025,false,כיף שמפו פיות 750מל,,,כיף שמפו פיות 750מל,מיליליטרים,750.00,"100 מ""ל",false,,11.90,1.5867,true,1,51449
7290012116360,false,פוליויקס גרניט פורצל,קריות זול,,פוליויקס גרניט פורצל,ליטרים,2.00,ליטר,false,,23.90,11.9500,true,1,43756
7290012116537,false,אבקת מקסימה 2.5 קג מ,,,אבקת מקסימה 2.5 קג מ,קילוגרמים,2.50,"ק""ג",false,,25.90,10.3600,true,1,94569
7290012116551,false,אנטי קאלק ניקוי כללי,,,אנטי קאלק ניקוי כללי,מיליליטרים,2000.00,"100 מ""ל",false,,21.90,1.0950,true,1,75338
7290012117091,false,סנו מקסימה אבקת כביס,,,סנו מקסימה אבקת כביס,קילוגרמים,6.00,"ק""ג",false,,49.90,8.3167,true,1,46207
7290012117350,false,ריצפז פרש לילך לבנדר,,,ריצפז פרש לילך לבנדר,ליטרים,2.00,ליטר,false,,21.90,10.9500,true,1,46209
7290012117411,false,קרמה גל רחצה לגבר במ,,,קרמה גל רחצה לגבר במ,מיליליטרים,700.00,"100 מ""ל",false,,17.90,2.5571,true,1,46658
7290012117428,false,קרמה שמפו גל רחצה לג,,,קרמה שמפו גל רחצה לג,מיליליטרים,700.00,"100 מ""ל",false,,17.90,2.5571,true,1,46665
7290012117534,false,סנו מקסימה קומפקט 1ל,,,סנו מקסימה קומפקט 1ל,מיליליטרים,1000.00,"100 מ""ל",false,,18.90,1.8900,true,1,48982
7290012117558,false,סנו מקסימה קומפקט מא,,,סנו מקסימה קומפקט מא,מיליליטרים,1000.00,"100 מ""ל",false,,18.90,1.8900,true,1,48984
7290012117732,false,סנו מקסימה מרכך כביס,,,סנו מקסימה מרכך כביס,ליטרים,4.00,ליטר,false,,23.90,5.9750,true,1,48711
7290012117916,false,סנו אינסטלטור נוזל 1,,,סנו אינסטלטור נוזל 1,מיליליטרים,1000.00,"100 מ""ל",false,,29.90,2.9900,true,1,48712
7290012139567,false,בונזו ג'וי ביסקוויט,,,בונזו ג'וי ביסקוויט,גרמים,90.00,100 גרם,false,,17.90,19.8889,true,1,98376
7290012193163,false,פמלי אל סבון פרחי בר,,,פמלי אל סבון פרחי בר,מיליליטרים,1000.00,"100 מ""ל",false,,14.90,1.4900,true,1,64642
7290012226014,false,נקניקיות וינר זוגלוב,,,נקניקיות וינר זוגלוב,גרמים,800.00,100 גרם,false,,23.90,2.9875,true,1,50317
7290012226021,false,*מבצע* סלמי מעושן פר,,,*מבצע* סלמי מעושן פר,גרמים,400.00,100 גרם,false,,16.90,4.2250,true,1,49578
7290012226120,false,קבנוס זוגלובק 135גר,,,קבנוס זוגלובק 135גר,גרמים,135.00,100 גרם,false,,12.90,9.5556,true,1,51498
7290012226922,false,קבנוס בטעם שום זוגלו,,,קבנוס בטעם שום זוגלו,גרמים,135.00,100 גרם,false,,12.90,9.5556,true,1,52982
7290012226939,false,קבנוס בטעם צילי זוגל,,,קבנוס בטעם צילי זוגל,גרמים,135.00,100 גרם,false,,12.90,9.5556,true,1,52983
7290012226991,false,*מבצע* נקניקיות בארי,,,*מבצע* נקניקיות בארי,גרמים,1000.00,100 גרם,false,,28.90,2.8900,true,1,119037
7290012227325,false,סלמי מעושן דק דק 120,,,סלמי מעושן דק דק 120,גרמים,120.00,100 גרם,false,,14.90,12.4167,true,1,96102
7290012227400,false,נקניקיות עוף זוגלובק,,,נקניקיות עוף זוגלובק,גרמים,800.00,100 גרם,false,,23.90,2.9875,true,1,70671
7290012227912,false,קבנוס מעודן זוגלובק,,,קבנוס מעודן זוגלובק,גרמים,135.00,100 גרם,false,,12.90,9.5556,true,1,76932
7290012227974,false,פסטרמה בדבש דק דק 12,,,פסטרמה בדבש דק דק 12,גרמים,120.00,100 גרם,false,,14.90,12.4167,true,1,96103
7290012227981,false,פסטרמה ברביקיו דק דק,,,פסטרמה ברביקיו דק דק,גרמים,120.00,100 גרם,false,,14.90,12.4167,true,1,96104
7290012227998,false,חזה בקר דק דק 120גר,,,חזה בקר דק דק 120גר,גרמים,120.00,100 גרם,false,,14.90,12.4167,true,1,96105
7290012228261,false,נקניקיות הודו פרמיום,,,נקניקיות הודו פרמיום,גרמים,300.00,100 גרם,false,,19.90,6.6333,true,1,98436
7290012228278,false,נקניקיות הודו בקר רי,,,נקניקיות הודו בקר רי,גרמים,310.00,100 גרם,false,,19.90,6.4194,true,1,98437
7290012245312,false,גולד ציפס אמריקאי 1.,,,גולד ציפס אמריקאי 1.,קילוגרמים,1.50,"ק""ג",false,,21.90,14.6000,true,1,111937
7290012245329,false,גולד צ'יפס קלאסי1.5,,,גולד צ'יפס קלאסי1.5,גרמים,1500.00,100 גרם,false,,21.90,1.4600,true,1,111938
7290012245336,false,גולד סטייק צ'יפס -1.,,,גולד סטייק צ'יפס -1.,גרמים,1500.00,100 גרם,false,,21.90,1.4600,true,1,111939
7290012247002,false,כרעיים עוף טרי ארוז,,,כרעיים עוף טרי ארוז,קילוגרמים,1.00,"ק""ג",true,,29.90,29.9000,true,1,137399
7290012247019,false,עוף שלם טרי ארוז,,,עוף שלם טרי ארוז,קילוגרמים,1.00,"ק""ג",true,,20.90,20.9000,true,1,137395
7290012247026,false,פילה עוף טרי ארוז,,,פילה עוף טרי ארוז,קילוגרמים,1.00,"ק""ג",true,,39.90,39.9000,true,1,137417
7290012247040,false,כבד עוף טרי ארוז לצל,,,כבד עוף טרי ארוז לצל,קילוגרמים,1.00,"ק""ג",true,,24.90,24.9000,true,1,137408
7290012247057,false,לב עוף טרי ארוז,,,לב עוף טרי ארוז,קילוגרמים,1.00,"ק""ג",true,,34.90,34.9000,true,1,137409
7290012247064,false,כנפיים עוף טרי ארוז,,,כנפיים עוף טרי ארוז,קילוגרמים,1.00,"ק""ג",true,,12.90,12.9000,true,1,137418
7290012247071,false,פרגיות טרי ארוז,,,פרגיות טרי ארוז,קילוגרמים,1.00,"ק""ג",true,,69.90,69.9000,true,1,137406
7290012247088,false,שניצל עוף טרי ארוז,,,שניצל עוף טרי ארוז,קילוגרמים,1.00,"ק""ג",true,,44.90,44.9000,true,1,137419
7290012247101,false,שוקיים עוף טרי ארוז,,,שוקיים עוף טרי ארוז,קילוגרמים,1.00,"ק""ג",true,,37.90,37.9000,true,1,137403
7290012247118,false,פרגיות טרי ארוז,,,פרגיות טרי ארוז,קילוגרמים,1.00,"ק""ג",true,,69.90,69.9000,true,1,137411
7290012309311,false,ערמונים קלופים שלמים,,,ערמונים קלופים שלמים,גרמים,100.00,100 גרם,false,,6.90,6.9000,true,1,70113
7290012309939,false,חלבה מסולסלת 500גר,,,חלבה מסולסלת 500גר,גרמים,500.00,100 גרם,false,,13.90,2.7800,true,1,48164
7290012313141,false,פרוסות מלפפון במלח 5,,,פרוסות מלפפון במלח 5,גרמים,540.00,100 גרם,false,,6.50,1.2037,true,1,57196
7290012335020,false,סוכריות סודה שעון מש,,,סוכריות סודה שעון מש,יח',30.00,יח',false,,19.90,0.6633,true,1,101389
7290012404955,false,ספרינג קולקשיין נקטר,,,ספרינג קולקשיין נקטר,מיליליטרים,1250.00,"100 מ""ל",false,,13.90,1.1120,true,1,51922
7290012426407,false,אבן תלייה ריחני לרכב,,,אבן תלייה ריחני לרכב,יחידה,0.00,יחידה,false,,9.90,0.0000,true,1,97946
7290012483608,false,אורז בסמטי ויליפוד 5,,,אורז בסמטי ויליפוד 5,גרמים,5000.00,100 גרם,false,,49.90,0.9980,true,1,50607
7290012561405,false,בצל חצי מטוגן דורות,,,בצל חצי מטוגן דורות,גרמים,180.00,100 גרם,false,,12.90,7.1667,true,1,56958
7290012576607,false,יין פרימייר אדום קבר,,,יין פרימייר אדום קבר,מיליליטרים,750.00,"100 מ""ל",false,,29.90,3.9867,true,1,70557
7290012576614,false,יין פרימייר לבן ריזל,,,יין פרימייר לבן ריזל,מיליליטרים,750.00,"100 מ""ל",false,,29.90,3.9867,true,1,70558
7290012642036,false,פסטה לה פסטה 5 ספגטי,,,פסטה לה פסטה 5 ספגטי,גרמים,400.00,100 גרם,false,,5.90,1.4750,true,1,76666
7290012645020,false,משקה יוגורט עיזים חל,,,משקה יוגורט עיזים חל,מיליליטרים,500.00,"100 מ""ל",false,,12.90,2.5800,true,1,128482
7290012645068,false,*מבצע* ישראלה גבינה,,,*מבצע* ישראלה גבינה,גרמים,180.00,100 גרם,false,,20.00,11.1111,true,1,140836
7290012645112,false,יוגורט עיזים בדלי 75,,,יוגורט עיזים בדלי 75,מיליליטרים,750.00,"100 מ""ל",false,,21.90,2.9200,true,1,91672
7290012645129,false,יוגורט כבשים 750מל ב,,,יוגורט כבשים 750מל ב,מיליליטרים,750.00,"100 מ""ל",false,,21.90,2.9200,true,1,91673
7290012645389,false,יוגורט טבעי בקבוק 1ל,,,יוגורט טבעי בקבוק 1ל,מיליליטרים,1000.00,"100 מ""ל",false,,23.90,2.3900,true,1,72772
7290012665059,false,קובה למרק חמים וטעים,,,קובה למרק חמים וטעים,גרמים,400.00,100 גרם,false,,16.90,4.2250,true,1,68770
7290012803222,false,וופל טוסו וופל בלגי,,,וופל טוסו וופל בלגי,גרמים,200.00,100 גרם,false,,11.90,5.9500,true,1,64140
7290012803765,false,שוקולד טוסו מריר 100,,,שוקולד טוסו מריר 100,גרמים,100.00,100 גרם,false,,13.50,13.5000,true,1,64141
7290012803772,false,שוקולד טוסו חלב 100ג,,,שוקולד טוסו חלב 100ג,גרמים,100.00,100 גרם,false,,13.50,13.5000,true,1,64142
7290012823237,false,קרמה תחליב רחצה בריז,,,קרמה תחליב רחצה בריז,מיליליטרים,700.00,"100 מ""ל",false,,18.90,2.7000,true,1,128049
7290012823398,false,מטליות לחות לרצפה בנ,,,מטליות לחות לרצפה בנ,יחידה,0.00,יחידה,false,,13.90,0.0000,true,1,135175
7290012823541,false,מטליות לחות לרצפה בנ,,,מטליות לחות לרצפה בנ,יחידה,0.00,יחידה,false,,13.90,0.0000,true,1,130022
7290012823602,false,סופט סילק נייר טואלט,,,סופט סילק נייר טואלט,גרמים,1950.00,100 גרם,false,,34.90,1.7897,true,1,52364
7290012823947,false,סנו מקסימה פרפיום קר,,,סנו מקסימה פרפיום קר,מיליליטרים,750.00,"100 מ""ל",false,,18.90,2.5200,true,1,51632
7290012871283,false,תיבול לסלט 180גר,,,תיבול לסלט 180גר,גרמים,180.00,100 גרם,false,,11.90,6.6111,true,1,65497
7290012901355,false,פסטה מקרוני עם גבינה,,,פסטה מקרוני עם גבינה,גרמים,206.00,100 גרם,false,,12.90,6.2621,true,1,72392
7290012921025,false,בירה מלכה בוטיק בהיר,,,בירה מלכה בוטיק בהיר,מיליליטרים,330.00,"100 מ""ל",false,,14.90,4.5152,true,1,76685
7290012921032,false,בירה מלכה בוטיק אדמו,,,בירה מלכה בוטיק אדמו,מיליליטרים,330.00,"100 מ""ל",false,,14.90,4.5152,true,1,76686
7290012931611,false,כריות ברזל 3יח,,,כריות ברזל 3יח,יח',3.00,יח',false,,7.90,2.6333,true,1,65387
7290012938405,false,דאיימונד נייר כסף 87,,,דאיימונד נייר כסף 87,מטרים,0.45,מטר,false,,21.90,48.6667,true,1,54842
7290012983160,false,סילאן לחיץ חצר כנרת,,,סילאן לחיץ חצר כנרת,גרמים,400.00,100 גרם,false,,10.90,2.7250,true,1,75859
7290012996672,false,הפי סבון אסלה מבושם,,,הפי סבון אסלה מבושם,גרמים,110.00,100 גרם,false,,12.90,11.7273,true,1,55834
7290013031051,false,אורז יסמין לבן שוקחה,,,אורז יסמין לבן שוקחה,גרמים,5000.00,100 גרם,false,,29.90,0.5980,true,1,90502
7290013038432,false,מים אקווה נובה 2 ליט,,,מים אקווה נובה 2 ליט,מיליליטרים,2000.00,"100 מ""ל",false,,4.20,0.2100,true,1,99056
7290013083685,false,מטרנה אקסטרא קר שלב,,,מטרנה אקסטרא קר שלב,גרמים,700.00,100 גרם,false,,59.90,8.5571,true,1,51359
7290013117212,false,בורקס פילו גבינה מעד,,,בורקס פילו גבינה מעד,גרמים,600.00,100 גרם,false,,21.90,3.6500,true,1,49568
7290013117229,false,בורקס פילו תפוא מעדנ,,,בורקס פילו תפוא מעדנ,גרמים,600.00,100 גרם,false,,21.90,3.6500,true,1,49569
7290013117236,false,בורקס פילו פיצה מעדנ,,,בורקס פילו פיצה מעדנ,גרמים,600.00,100 גרם,false,,21.90,3.6500,true,1,49570
7290013117243,false,בורקס פילו בולגרית מ,,,בורקס פילו בולגרית מ,גרמים,600.00,100 גרם,false,,21.90,3.6500,true,1,49571
7290013117526,false,בצק שמרים למאפים מתו,,,בצק שמרים למאפים מתו,גרמים,900.00,100 גרם,false,,24.50,2.7222,true,1,56093
7290013224705,false,מגיק סלקט גל כביסה 3,,,מגיק סלקט גל כביסה 3,ליטרים,3.00,ליטר,false,,15.90,5.3000,true,1,56196
7290013267665,false,מיני סולרו טרופי מאג,,,מיני סולרו טרופי מאג,יחידה,0.00,יחידה,false,,25.90,0.0000,true,1,63407
7290013268020,false,סנו מקסימה אולטרא פר,,,סנו מקסימה אולטרא פר,מיליליטרים,1000.00,"100 מ""ל",false,,18.90,1.8900,true,1,50288
7290013268242,false,ריצפז פרש הום בניחוח,,,ריצפז פרש הום בניחוח,מיליליטרים,2000.00,"100 מ""ל",false,,24.90,1.2450,true,1,112360
7290013268839,false,פוליויקס פרקט ניחוח,קריות זול,,פוליויקס פרקט ניחוח,ליטרים,2.00,ליטר,false,,23.90,11.9500,true,1,98383
7290013268884,false,ריצפז פרש מאסק 2ליטר,,,ריצפז פרש מאסק 2ליטר,ליטרים,2.00,ליטר,false,,21.90,10.9500,true,1,51634
7290013268891,false,סנו אוקסיגן 3ליטר,,,סנו אוקסיגן 3ליטר,מיליליטרים,3000.00,"100 מ""ל",false,,33.90,1.1300,true,1,52675
7290013268907,false,סנו מקסימה גל כביסה,,,סנו מקסימה גל כביסה,ליטרים,3.00,ליטר,false,,33.90,11.3000,true,1,52676
7290013269003,false,סנו מקסימה קר בייבי,,,סנו מקסימה קר בייבי,מיליליטרים,1000.00,"100 מ""ל",false,,19.90,1.9900,true,1,80123
7290013269096,false,מטליות לחות לטיפול ב,,,מטליות לחות לטיפול ב,יח',20.00,יח',false,,13.90,0.6950,true,1,70681
7290013269263,false,סנו מקסימה גל כביסה,,,סנו מקסימה גל כביסה,ליטרים,3.00,ליטר,false,,33.90,11.3000,true,1,55671
7290013269287,false,סנו מקסימה גל כביסה,,,סנו מקסימה גל כביסה,ליטרים,3.00,ליטר,false,,33.90,11.3000,true,1,63649
7290013269447,false,אטבי כביסה פרימיום,,,אטבי כביסה פרימיום,יחידה,0.00,יחידה,false,,9.90,0.0000,true,1,57364
7290013269621,false,ריצפז פרש הום בניחוח,,,ריצפז פרש הום בניחוח,ליטרים,2.00,ליטר,false,,24.90,12.4500,true,1,98773
7290013269638,false,סנו סושי ספוג הפלא א,,,סנו סושי ספוג הפלא א,יחידה,0.00,יחידה,false,,11.90,0.0000,true,1,67016
7290013269645,false,מטליות לחות ריצפז פר,,,מטליות לחות ריצפז פר,יחידה,0.00,יחידה,false,,13.90,0.0000,true,1,68117
7290013269751,false,ריצפז פרש הום מטליות,,,ריצפז פרש הום מטליות,יח',10.00,יח',false,,13.90,1.3900,true,1,99474
7290013284310,false,רוטב פסטה לילדים פרי,,,רוטב פסטה לילדים פרי,גרמים,240.00,100 גרם,false,,6.90,2.8750,true,1,98941
7290013284662,false,רוטב פיצה פריניר 240,,,רוטב פיצה פריניר 240,גרמים,240.00,100 גרם,false,,6.90,2.8750,true,1,98943
7290013358363,false,פירורי לחם פנקו מאסט,,,פירורי לחם פנקו מאסט,גרמים,300.00,100 גרם,false,,8.90,2.9667,true,1,67461
7290013358370,false,פירורי לחם פנקו בטעם,,,פירורי לחם פנקו בטעם,גרמים,300.00,100 גרם,false,,8.90,2.9667,true,1,67462
7290013358431,false,קרוטונים לסלט עגבניו,,,קרוטונים לסלט עגבניו,גרמים,200.00,100 גרם,false,,13.90,6.9500,true,1,90222
7290013358493,false,קרם קוקוס פחית מאסטר,,,קרם קוקוס פחית מאסטר,מיליליטרים,400.00,"100 מ""ל",false,,8.90,2.2250,true,1,90227
7290013358516,false,מיקסלט עם חמוציות מא,,,מיקסלט עם חמוציות מא,גרמים,200.00,100 גרם,false,,14.90,7.4500,true,1,90237
7290013358806,false,פריכיות מנה אורז עם,,,פריכיות מנה אורז עם,גרמים,264.00,100 גרם,false,,12.90,4.8864,true,1,105501
7290013361981,false,צ`יפס פרי הגליל 2 קג,,,צ`יפס פרי הגליל 2 קג,יחידה,0.00,יחידה,false,,29.90,0.0000,true,1,102991
7290013389114,false,ניוקי תפוא 500 גר,,,ניוקי תפוא 500 גר,גרמים,500.00,100 גרם,false,,9.90,1.9800,true,1,63195
7290013389145,false,מיני ניוקי 500 גר,,,מיני ניוקי 500 גר,גרמים,500.00,100 גרם,false,,9.90,1.9800,true,1,63198
7290013412003,false,איי פרש מגבונים להסר,,,איי פרש מגבונים להסר,יחידה,0.00,יחידה,false,,7.90,0.0000,true,1,72672
7290013430083,false,בירה אלכסנדר בלונד 3,,,בירה אלכסנדר בלונד 3,מיליליטרים,330.00,"100 מ""ל",false,,13.90,4.2121,true,1,77186
7290013430250,false,בירה אלכסנדר חיטה יש,,,בירה אלכסנדר חיטה יש,מיליליטרים,330.00,"100 מ""ל",false,,13.90,4.2121,true,1,136287
7290013430304,false,בירה אלכסנדר גרין  3,,,בירה אלכסנדר גרין  3,מיליליטרים,330.00,"100 מ""ל",false,,13.90,4.2121,true,1,136289
7290013472199,false,ערמונים ויליפוד 100ג,,,ערמונים ויליפוד 100ג,גרמים,100.00,100 גרם,false,,7.90,7.9000,true,1,61951
7290013472908,false,הבולגריה בקוביות ויל,,,הבולגריה בקוביות ויל,גרמים,400.00,100 גרם,false,,22.90,5.7250,true,1,97104
7290013492005,false,"תפו""א למיקרו",,,"תפו""א למיקרו",יחידה,0.00,יחידה,false,,7.90,0.0000,true,1,74512
7290013525796,false,סלט סחוג תימני שמיר,,,סלט סחוג תימני שמיר,גרמים,150.00,100 גרם,false,,12.90,8.6000,true,1,74262
7290013525819,false,סלט שום כתוש שמיר 15,,,סלט שום כתוש שמיר 15,גרמים,150.00,100 גרם,false,,12.90,8.6000,true,1,74264
7290013531117,false,רוטב פסטה לילדים יכי,,,רוטב פסטה לילדים יכי,גרמים,240.00,100 גרם,false,,6.90,2.8750,true,1,55969
7290013531346,false,סירופ דיאט לימונענע,,,סירופ דיאט לימונענע,מיליליטרים,1000.00,"100 מ""ל",false,,16.90,1.6900,true,1,64501
7290013531377,false,תורמוס יכין 560 גרם,,,תורמוס יכין 560 גרם,גרמים,560.00,100 גרם,false,,10.90,1.9464,true,1,73364
7290013531490,false,פול מתובל יכין 550גר,,,פול מתובל יכין 550גר,גרמים,550.00,100 גרם,false,,9.90,1.8000,true,1,73365
7290013531612,false,רוטב נפוליטנה יכין 2,,,רוטב נפוליטנה יכין 2,גרמים,240.00,100 גרם,false,,6.90,2.8750,true,1,73282
7290013531629,false,רוטב פומדורו יכין 24,,,רוטב פומדורו יכין 24,גרמים,240.00,100 גרם,false,,6.90,2.8750,true,1,73283
7290013531759,false,שעועית אפוייה יכין 5,,,שעועית אפוייה יכין 5,גרמים,550.00,100 גרם,false,,9.90,1.8000,true,1,72779
7290013539892,false,אל סבון נוזלי משאבה,,,אל סבון נוזלי משאבה,ליטרים,1000.00,100 ליטר,false,,9.90,0.9900,true,1,110385
7290013539915,false,אל סבון נוזלי משאבה,,,אל סבון נוזלי משאבה,ליטרים,1000.00,100 ליטר,false,,9.90,0.9900,true,1,110386
7290013540225,false,טונה פרינס בשמן צמחי,,,טונה פרינס בשמן צמחי,גרמים,632.00,100 גרם,false,,19.90,3.1487,true,1,67796
7290013540874,false,נתחי טונה בהירה בשמן,,,נתחי טונה בהירה בשמן,גרמים,414.00,100 גרם,false,,13.90,3.3575,true,1,102846
7290013541017,false,תפוח עץ 200גר,,,תפוח עץ 200גר,גרמים,200.00,100 גרם,false,,14.90,7.4500,true,1,72633
7290013541062,false,שזיף מגולען 300גר,,,שזיף מגולען 300גר,גרמים,300.00,100 גרם,false,,19.90,6.6333,true,1,72628
7290013541086,false,אגוזי מלך 200גר,,,אגוזי מלך 200גר,גרמים,200.00,100 גרם,false,,14.90,7.4500,true,1,72619
7290013541093,false,תמר מגהול 400 גרם,,,תמר מגהול 400 גרם,גרמים,400.00,100 גרם,false,,19.90,4.9750,true,1,72621
7290013541109,false,צנובר 100גר,,,צנובר 100גר,גרמים,100.00,100 גרם,false,,21.90,21.9000,true,1,72637
7290013541116,false,בננה ציפס 200גר,,,בננה ציפס 200גר,גרמים,200.00,100 גרם,false,,7.90,3.9500,true,1,72622
7290013541130,false,פקאן 150גר,,,פקאן 150גר,גרמים,150.00,100 גרם,false,,19.90,13.2667,true,1,72629
7290013541147,false,צימוקים גמבו 200גר,,,צימוקים גמבו 200גר,גרמים,200.00,100 גרם,false,,9.90,4.9500,true,1,72630
7290013541161,false,שקדים טבעי 180גר,,,שקדים טבעי 180גר,גרמים,180.00,100 גרם,false,,15.90,8.8333,true,1,72624
7290013541185,false,פיסטוק טבעי 100גר,,,פיסטוק טבעי 100גר,גרמים,100.00,100 גרם,false,,21.90,21.9000,true,1,72626
7290013541192,false,אגוז ברזיל 170גר,,,אגוז ברזיל 170גר,גרמים,170.00,100 גרם,false,,19.90,11.7059,true,1,72639
7290013541246,false,אננס מיובש 250גר,,,אננס מיובש 250גר,גרמים,250.00,100 גרם,false,,9.90,3.9600,true,1,72641
7290013541321,false,משמש מיובש 300גר,,,משמש מיובש 300גר,גרמים,300.00,100 גרם,false,,19.90,6.6333,true,1,72618
7290013542106,false,כוסות לונג דרינק גמי,,,כוסות לונג דרינק גמי,יח',10.00,יח',false,,13.90,1.3900,true,1,52088
7290013542144,false,כוסות נייר 4אוז 50יח,,,כוסות נייר 4אוז 50יח,יח',50.00,יח',false,,6.90,0.1380,true,1,52307
7290013542151,false,נרות מספרים 4 6 8 10,,,נרות מספרים 4 6 8 10,יחידה,0.00,יחידה,false,,6.90,0.0000,true,1,93911
7290013542236,false,כוסות ח.פ א'ר 100 דנ,,,כוסות ח.פ א'ר 100 דנ,יח',100.00,יח',false,,7.90,0.0790,true,1,72680
7290013542403,false,"כוס נייר 2.5 אוז חד""",,,"כוס נייר 2.5 אוז חד""",יחידה,0.00,יחידה,false,,5.50,0.0000,true,1,112616
7290013542526,false,כוס נייר 8 אוז 50יח,,,כוס נייר 8 אוז 50יח,יח',50.00,יח',false,,9.90,0.1980,true,1,90138
7290013542687,false,"קערה עגולה קטנה ""8 פ",,,"קערה עגולה קטנה ""8 פ",יחידה,0.00,יחידה,false,,5.90,0.0000,true,1,123929
7290013542762,false,קערה מרובעת 64OZ פלס,,,קערה מרובעת 64OZ פלס,יחידה,0.00,יחידה,false,,9.90,0.0000,true,1,99569
7290013579492,false,"פיטאיה קפואה בד""ץ 25",,,"פיטאיה קפואה בד""ץ 25",גרמים,250.00,100 גרם,false,,12.90,5.1600,true,1,140232
7290013580009,false,המבורגר זהב ארוז 400,,,המבורגר זהב ארוז 400,גרמים,400.00,100 גרם,false,,19.90,4.9750,true,1,100687
7290013581648,false,סטייק מינוט 250 גרם,,,סטייק מינוט 250 גרם,גרמים,250.00,100 גרם,false,,19.90,7.9600,true,1,128444
7290013585387,false,קוקה קולה זירו 1ליטר,,,קוקה קולה זירו 1ליטר,מיליליטרים,1000.00,"100 מ""ל",false,,7.50,0.7500,true,1,73087
7290013585394,false,קוקה קולה 1ליטר,,,קוקה קולה 1ליטר,מיליליטרים,1000.00,"100 מ""ל",false,,7.50,0.7500,true,1,73088
7290013585967,false,ספרייט זירו מארז פחי,,,ספרייט זירו מארז פחי,מיליליטרים,1980.00,"100 מ""ל",false,,29.90,1.5101,true,1,76245
7290013608260,false,פרימור רימונים סחוט,,,פרימור רימונים סחוט,מיליליטרים,1000.00,"100 מ""ל",false,,24.90,2.4900,true,1,71020
7290013608550,false,פרימור נקטר תפוזים 1,,,פרימור נקטר תפוזים 1,מיליליטרים,1000.00,"100 מ""ל",false,,8.90,0.8900,true,1,89940
7290013608628,false,"פרימור ענבים 500 מ""ל",,,"פרימור ענבים 500 מ""ל",מיליליטרים,500.00,"100 מ""ל",false,,5.90,1.1800,true,1,112485
7290013608635,false,פרימור נקטר לימונים,,,פרימור נקטר לימונים,מיליליטרים,1000.00,"100 מ""ל",false,,8.90,0.8900,true,1,92432
7290013608772,false,"פרימור תפוזים 500 מ""",,,"פרימור תפוזים 500 מ""",מיליליטרים,500.00,"100 מ""ל",false,,5.90,1.1800,true,1,112487
7290013608796,false,פרימור תות בננה 500,,,פרימור תות בננה 500,מיליליטרים,500.00,"100 מ""ל",false,,5.90,1.1800,true,1,112488
7290013625922,false,איטריות דקות טעמן 40,,,איטריות דקות טעמן 40,גרמים,400.00,100 גרם,false,,5.90,1.4750,true,1,68201
7290013652157,false,נטורל קר מגבונים להס,,,נטורל קר מגבונים להס,יחידה,0.00,יחידה,false,,26.90,0.0000,true,1,68924
7290013652171,false,נטורל קר מגבונים להס,,,נטורל קר מגבונים להס,יחידה,0.00,יחידה,false,,26.90,0.0000,true,1,92882
7290013675545,false,שניצל כלי תחבורה 700,,,שניצל כלי תחבורה 700,גרמים,700.00,100 גרם,false,,38.90,5.5571,true,1,97267
7290013675965,false,רצועות בטעם טבעות בצ,,,רצועות בטעם טבעות בצ,גרמים,500.00,100 גרם,false,,29.90,5.9800,true,1,128986
7290013677846,false,"כוסמת 1 ק""ג",,,"כוסמת 1 ק""ג",מיליליטרים,1000.00,"100 מ""ל",false,,13.90,1.3900,true,1,138563
7290013678041,false,פלפל רצועות 400 גרם,,,פלפל רצועות 400 גרם,גרמים,400.00,100 גרם,false,,12.90,3.2250,true,1,103037
7290013678065,false,חציל עם פלפל חריף 40,,,חציל עם פלפל חריף 40,גרמים,400.00,100 גרם,false,,12.90,3.2250,true,1,103032
7290013678171,false,חציל המלך 400 גרם כי,,,חציל המלך 400 גרם כי,גרמים,400.00,100 גרם,false,,12.90,3.2250,true,1,103033
7290013702883,false,שוופס לימונדה ורודה,,,שוופס לימונדה ורודה,מיליליטרים,500.00,"100 מ""ל",false,,5.90,1.1800,true,1,101131
7290013724977,false,משוקלדים צימוק מריר,,,משוקלדים צימוק מריר,גרמים,160.00,100 גרם,false,,9.90,6.1875,true,1,63623
7290013724991,false,משוקולדים לוז חלב קו,,,משוקולדים לוז חלב קו,גרמים,160.00,100 גרם,false,,9.90,6.1875,true,1,63630
7290013725752,false,נודלס דק סו שף 400גר,,,נודלס דק סו שף 400גר,גרמים,400.00,100 גרם,false,,9.90,2.4750,true,1,89998
7290013725769,false,נודלס עבה סו שף 400ג,,,נודלס עבה סו שף 400ג,גרמים,400.00,100 גרם,false,,9.90,2.4750,true,1,89999
7290013725820,false,משוקלדים לוז מריר קו,,,משוקלדים לוז מריר קו,גרמים,160.00,100 גרם,false,,9.90,6.1875,true,1,63624
7290013771131,false,לאבנה עיזים 5% 250גר,,,לאבנה עיזים 5% 250גר,גרמים,250.00,100 גרם,false,,19.50,7.8000,true,1,63090
7290013771216,false,פטאקי 16% 250גר השומ,,,פטאקי 16% 250גר השומ,גרמים,250.00,100 גרם,false,,14.90,5.9600,true,1,68630
7290013771261,false,בולגרית מעודנת 5% 25,,,בולגרית מעודנת 5% 25,גרמים,250.00,100 גרם,false,,14.90,5.9600,true,1,72677
7290013771292,false,פטאקי 16% 250גר הסדר,,,פטאקי 16% 250גר הסדר,גרמים,250.00,100 גרם,false,,14.90,5.9600,true,1,72674
7290013771384,false,יוגורט יווני השומרון,,,יוגורט יווני השומרון,גרמים,400.00,100 גרם,false,,10.90,2.7250,true,1,92375
7290013771391,false,צפתית 200 גרם רגילה,,,צפתית 200 גרם רגילה,גרמים,200.00,100 גרם,false,,12.90,6.4500,true,1,94105
7290013787156,false,רוטב ריקו שמנת גראנה,,,רוטב ריקו שמנת גראנה,גרמים,200.00,100 גרם,false,,13.90,6.9500,true,1,128513
7290013787170,false,רוטב ריקו שמנת פטריו,,,רוטב ריקו שמנת פטריו,גרמים,200.00,100 גרם,false,,13.90,6.9500,true,1,128515
7290013787194,false,רוטב ריקו שמנת בטטה,,,רוטב ריקו שמנת בטטה,גרמים,200.00,100 גרם,false,,13.90,6.9500,true,1,128516
7290013787392,false,רביולי ריקו גבינות ק,,,רביולי ריקו גבינות ק,גרמים,330.00,100 גרם,false,,27.90,8.4545,true,1,128506
7290013787408,false,רביולי ריקו בטטה 330,,,רביולי ריקו בטטה 330,גרמים,330.00,100 גרם,false,,27.90,8.4545,true,1,128507
7290013787415,false,רביולי ריקו ריקוטה ת,,,רביולי ריקו ריקוטה ת,גרמים,330.00,100 גרם,false,,27.90,8.4545,true,1,128508
7290013847386,false,טונה סטארקיסט לייט 4,,,טונה סטארקיסט לייט 4,גרמים,140.00,100 גרם,false,,7.90,5.6429,true,1,99000
7290013847454,false,טונה סטארקיסט בשמן ק,קריות זול,,טונה סטארקיסט בשמן ק,גרמים,640.00,100 גרם,false,,25.90,4.0469,true,1,137297
7290013847553,false,סטארקיסט טונה רביעיי,,,סטארקיסט טונה רביעיי,גרמים,640.00,100 גרם,false,,25.90,4.0469,true,1,139091
7290013848345,false,סנו מטליות לחות לחיט,,,סנו מטליות לחות לחיט,יחידה,0.00,יחידה,false,,24.90,0.0000,true,1,120209
7290013861412,false,חטיף קוקוס250גר,,,חטיף קוקוס250גר,גרמים,250.00,100 גרם,false,,9.90,3.9600,true,1,91719
7290013861429,false,חטיף שומשום250גר,,,חטיף שומשום250גר,גרמים,250.00,100 גרם,false,,9.90,3.9600,true,1,91720
7290013861443,false,חטיף בוטנים 250גר,,,חטיף בוטנים 250גר,גרמים,250.00,100 גרם,false,,9.90,3.9600,true,1,91714
7290013906212,false,נקניקיות וינר טירת צ,,,נקניקיות וינר טירת צ,גרמים,1000.00,100 גרם,false,,29.90,2.9900,true,1,89615
7290013906441,false,קבנוס טירת צבי 120גר,,,קבנוס טירת צבי 120גר,גרמים,120.00,100 גרם,false,,11.90,9.9167,true,1,89617
7290013906458,false,קבנוס פיקנטי טירת צב,,,קבנוס פיקנטי טירת צב,גרמים,120.00,100 גרם,false,,11.90,9.9167,true,1,89618
7290013906489,false,חטיפי קבנוס טירת צבי,,,חטיפי קבנוס טירת צבי,גרמים,120.00,100 גרם,false,,11.90,9.9167,true,1,99596
7290013906687,false,פסטרמה צמד מארז כפרי,,,פסטרמה צמד מארז כפרי,גרמים,600.00,100 גרם,false,,28.90,4.8167,true,1,89609
7290013927323,false,עוגת בראוניס אחווה 4,,,עוגת בראוניס אחווה 4,גרמים,400.00,100 גרם,false,,12.90,3.2250,true,1,70224
7290013927514,false,רוגעלך קינמון במגש 4,,,רוגעלך קינמון במגש 4,גרמים,400.00,100 גרם,false,,11.90,2.9750,true,1,96701
7290013927637,false,חלווה ללא תוספת סוכר,,,חלווה ללא תוספת סוכר,גרמים,400.00,100 גרם,false,,13.90,3.4750,true,1,99280
7290014002203,false,חליטת לימונית ולואיז,,,חליטת לימונית ולואיז,יח',25.00,יח',false,,19.90,0.7960,true,1,65602
7290014002944,false,תה הגן הקסום חליטת פ,,,תה הגן הקסום חליטת פ,גרמים,57.50,100 גרם,false,,19.90,34.6087,true,1,71641
7290014046047,false,צמד פסטרמות פפריקה ו,,,צמד פסטרמות פפריקה ו,גרמים,600.00,100 גרם,false,,29.90,4.9833,true,1,71599
7290014046474,false,נקניקיות עוף יחיעם 1,,,נקניקיות עוף יחיעם 1,גרמים,1500.00,100 גרם,false,,29.90,1.9933,true,1,90101
7290014046580,false,פסטרמה מעודנת על גחל,,,פסטרמה מעודנת על גחל,גרמים,300.00,100 גרם,false,,26.90,8.9667,true,1,71935
7290014046757,false,סלמי תה יחיעם 300 גר,,,סלמי תה יחיעם 300 גר,גרמים,300.00,100 גרם,false,,25.90,8.6333,true,1,77030
7290014059436,false,משחת סנסודיין לשיקום,,,משחת סנסודיין לשיקום,מיליליטרים,75.00,"100 מ""ל",false,,21.90,29.2000,true,1,90097
7290014059443,false,משחת ש.סנסודיין דואל,,,משחת ש.סנסודיין דואל,מיליליטרים,225.00,"100 מ""ל",false,,34.90,15.5111,true,1,105854
7290014066526,false,לנדוור קפסולות אספרס,,,לנדוור קפסולות אספרס,גרמים,50.00,100 גרם,false,,15.90,31.8000,true,1,120018
7290014066533,false,לנדוור קפסולות אספרס,,,לנדוור קפסולות אספרס,גרמים,50.00,100 גרם,false,,15.90,31.8000,true,1,120016
7290014083479,false,גבינת גאודה פרוסה חצ,,,גבינת גאודה פרוסה חצ,גרמים,150.00,100 גרם,false,,12.90,8.6000,true,1,67082
7290014083813,false,שפרוטים מעושנים בשמן,,,שפרוטים מעושנים בשמן,גרמים,190.00,100 גרם,false,,9.90,5.2105,true,1,68150
7290014088948,false,קקאו 150 גרם 100 %-ח,,,קקאו 150 גרם 100 %-ח,גרמים,150.00,100 גרם,false,,8.90,5.9333,true,1,137747
7290014088962,false,שוקולה 850 גרם פרימי,,,שוקולה 850 גרם פרימי,גרמים,850.00,100 גרם,false,,10.90,1.2824,true,1,137756
7290014094352,false,אגוזי מלך בקופסא 200,,,אגוזי מלך בקופסא 200,גרמים,200.00,100 גרם,false,,19.90,9.9500,true,1,70963
7290014094369,false,שקד טבעי בקופסא 200ג,,,שקד טבעי בקופסא 200ג,גרמים,200.00,100 גרם,false,,22.90,11.4500,true,1,70964
7290014094390,false,חמוציות 250 גרם קופס,,,חמוציות 250 גרם קופס,גרמים,250.00,100 גרם,false,,16.90,6.7600,true,1,70966
7290014094406,false,צימוק לבן קופסא 330ג,,,צימוק לבן קופסא 330ג,גרמים,330.00,100 גרם,false,,16.90,5.1212,true,1,70967
7290014094642,false,קשיו טבעי גדול בקופס,,,קשיו טבעי גדול בקופס,גרמים,250.00,100 גרם,false,,22.90,9.1600,true,1,70971
7290014094857,false,פקאן סיני מסוכר 150,,,פקאן סיני מסוכר 150,גרמים,150.00,100 גרם,false,,20.00,13.3333,true,1,75034
7290014094895,false,אגוזי מלך שקית 150גר,,,אגוזי מלך שקית 150גר,גרמים,150.00,100 גרם,false,,10.90,7.2667,true,1,75008
7290014094901,false,פקאן טבעי 150גרם,,,פקאן טבעי 150גרם,גרמים,150.00,100 גרם,false,,22.90,15.2667,true,1,75035
7290014095946,false,פקאן בשוקולד מריר שק,,,פקאן בשוקולד מריר שק,גרמים,160.00,100 גרם,false,,9.90,6.1875,true,1,91735
7290014095960,false,קוואקר שיבולת שועל ע,,,קוואקר שיבולת שועל ע,גרמים,500.00,100 גרם,false,,7.90,1.5800,true,1,67424
7290014204614,false,גרנולה שוקולד מריר ו,,,גרנולה שוקולד מריר ו,גרמים,400.00,100 גרם,false,,29.90,7.4750,true,1,106290
7290014217003,false,פפריקה מעושנת 90גר,,,פפריקה מעושנת 90גר,גרמים,90.00,100 גרם,false,,10.90,12.1111,true,1,63781
7290014217010,false,תיבול דגים 90גר,,,תיבול דגים 90גר,גרמים,90.00,100 גרם,false,,13.90,15.4444,true,1,65172
7290014217027,false,תיבול עוף 120גר,,,תיבול עוף 120גר,גרמים,120.00,100 גרם,false,,13.90,11.5833,true,1,65173
7290014217065,false,אורגנו מיכל גדול 30ג,,,אורגנו מיכל גדול 30ג,גרמים,30.00,100 גרם,false,,9.90,33.0000,true,1,64659
7290014217140,false,תבלין ראס אל חנות 10,,,תבלין ראס אל חנות 10,גרמים,100.00,100 גרם,false,,10.90,10.9000,true,1,107238
7290014217157,false,מיכל תערובת תיבול טו,,,מיכל תערובת תיבול טו,גרמים,120.00,100 גרם,false,,10.90,9.0833,true,1,71700
7290014217171,false,מיכל תערובת תיבול תי,,,מיכל תערובת תיבול תי,גרמים,100.00,100 גרם,false,,10.90,10.9000,true,1,71701
7290014217225,false,גריל עוף מיכל 120גר,,,גריל עוף מיכל 120גר,גרמים,120.00,100 גרם,false,,11.90,9.9167,true,1,70463
7290014217263,false,תערובת תיבול לפרגיות,,,תערובת תיבול לפרגיות,גרמים,100.00,100 גרם,false,,10.90,10.9000,true,1,76471
7290014217348,false,צ'ילי כתוש מיכל 70גר,,,צ'ילי כתוש מיכל 70גר,גרמים,70.00,100 גרם,false,,10.90,15.5714,true,1,70466
7290014217355,false,אבקת קרי מיכל 100גר,,,אבקת קרי מיכל 100גר,גרמים,100.00,100 גרם,false,,10.90,10.9000,true,1,70467
7290014217362,false,תיבול לקציצות מיכל 1,,,תיבול לקציצות מיכל 1,גרמים,100.00,100 גרם,false,,10.90,10.9000,true,1,70468
7290014217409,false,תערובת עשבי תיבול  ה,,,תערובת עשבי תיבול  ה,גרמים,100.00,100 גרם,false,,10.90,10.9000,true,1,137558
7290014217492,false,תערובת תיבול פילדלפי,,,תערובת תיבול פילדלפי,גרמים,100.00,100 גרם,false,,10.90,10.9000,true,1,101545
7290014217522,false,לחם שום תערובת מיכל,,,לחם שום תערובת מיכל,גרמים,100.00,100 גרם,false,,10.90,10.9000,true,1,98284
7290014217911,false,פלפל אדום מתוק שלם 1,,,פלפל אדום מתוק שלם 1,גרמים,150.00,100 גרם,false,,14.90,9.9333,true,1,95706
7290014218321,false,בורקס יפו גבינה מעדנ,,,בורקס יפו גבינה מעדנ,גרמים,600.00,100 גרם,false,,19.90,3.3167,true,1,90260
7290014218338,false,"בורקס יפו תפו""א מעדנ",,,"בורקס יפו תפו""א מעדנ",גרמים,600.00,100 גרם,false,,15.90,2.6500,true,1,90261
7290014218505,false,פיצה שלישייה מעדנות,,,פיצה שלישייה מעדנות,גרמים,1080.00,100 גרם,false,,38.90,3.6019,true,1,89903
7290014218932,false,חטיפי פיצה בתוספת זי,קריות זול,,חטיפי פיצה בתוספת זי,גרמים,710.00,100 גרם,false,,33.90,4.7746,true,1,99833
7290014241589,false,מיקס אגוזים טבעי וחמ,,,מיקס אגוזים טבעי וחמ,גרמים,150.00,100 גרם,false,,10.90,7.2667,true,1,72023
7290014241763,false,קשיו טבעי 200גר,,,קשיו טבעי 200גר,גרמים,200.00,100 גרם,false,,17.90,8.9500,true,1,75091
7290014325050,false,קורנפלור 500 גרם,,,קורנפלור 500 גרם,גרמים,500.00,100 גרם,false,,6.90,1.3800,true,1,93395
7290014397286,false,סנו מקסימה קר חלב וד,,,סנו מקסימה קר חלב וד,מיליליטרים,1000.00,"100 מ""ל",false,,18.90,1.8900,true,1,67275
7290014397453,false,סנו אוקסיגן לכביסה ל,,,סנו אוקסיגן לכביסה ל,מיליליטרים,3000.00,"100 מ""ל",false,,33.90,1.1300,true,1,67381
7290014397705,false,פוליויקס פרקט בניחוח,קריות זול,,פוליויקס פרקט בניחוח,ליטרים,2.00,ליטר,false,,23.90,11.9500,true,1,69031
7290014397774,false,ריצפז פרש הום בניחוח,,,ריצפז פרש הום בניחוח,ליטרים,2.00,ליטר,false,,24.90,12.4500,true,1,68536
7290014397873,false,סנו מקסימה מרכך כביס,,,סנו מקסימה מרכך כביס,מיליליטרים,4000.00,"100 מ""ל",false,,23.90,0.5975,true,1,112359
7290014435704,false,סלמון מעושן 100גר,,,סלמון מעושן 100גר,גרמים,100.00,100 גרם,false,,23.90,23.9000,true,1,140515
7290014435803,false,מטיאס הולנדי (פרובנצ,,,מטיאס הולנדי (פרובנצ,גרמים,180.00,100 גרם,false,,23.90,13.2778,true,1,74287
7290014435810,false,הרינג כבוש עם בצל במ,,,הרינג כבוש עם בצל במ,גרמים,180.00,100 גרם,false,,23.90,13.2778,true,1,74288
7290014435827,false,פילה מקרל מעושן בשמן,,,פילה מקרל מעושן בשמן,גרמים,180.00,100 גרם,false,,24.90,13.8333,true,1,74289
7290014435834,false,מקרל מעושן פרוס בשמן,,,מקרל מעושן פרוס בשמן,גרמים,180.00,100 גרם,false,,24.90,13.8333,true,1,74290
7290014435841,false,פילה מטיאס הולנדי בש,,,פילה מטיאס הולנדי בש,גרמים,180.00,100 גרם,false,,23.90,13.2778,true,1,74291
7290014435872,false,סלט הרינג מיונז 200ג,,,סלט הרינג מיונז 200ג,גרמים,200.00,100 גרם,false,,24.90,12.4500,true,1,74292
7290014435889,false,סלט מטיאס עם מיונז 2,,,סלט מטיאס עם מיונז 2,גרמים,200.00,100 גרם,false,,24.90,12.4500,true,1,74293
7290014455245,false,גרנה פדנו משולש מחלב,,,גרנה פדנו משולש מחלב,גרמים,200.00,100 גרם,false,,28.50,14.2500,true,1,75512
7290014455252,false,*מבצע* גרנה פדנו מגו,,,*מבצע* גרנה פדנו מגו,גרמים,100.00,100 גרם,false,,10.90,10.9000,true,1,75513
7290014455320,false,כדור מוצרלה פרסקה 18,,,כדור מוצרלה פרסקה 18,גרמים,100.00,100 גרם,false,,10.30,10.3000,true,1,74910
7290014455467,false,מעדן שיבולת שועל וחל,,,מעדן שיבולת שועל וחל,גרמים,150.00,100 גרם,false,,6.00,4.0000,true,1,75514
7290014459632,false,ציפס טוגן תפוגן 1.5,,,ציפס טוגן תפוגן 1.5,גרמים,1500.00,100 גרם,false,,24.90,1.6600,true,1,102732
7290014471412,false,מוזלי עם בוטנים אגוז,,,מוזלי עם בוטנים אגוז,גרמים,1000.00,100 גרם,false,,19.90,1.9900,true,1,71734
7290014471443,false,גרנולה עם צימוקים אג,,,גרנולה עם צימוקים אג,גרמים,1000.00,100 גרם,false,,19.90,1.9900,true,1,71737
7290014472228,false,תאנים בקופסא 330גרם,,,תאנים בקופסא 330גרם,גרמים,330.00,100 גרם,false,,22.90,6.9394,true,1,99128
7290014472990,false,ממרח 100% שקדים 300ג,,,ממרח 100% שקדים 300ג,גרמים,300.00,100 גרם,false,,34.90,11.6333,true,1,89995
7290014525177,false,סלים פרוט בטעם יוגור,,,סלים פרוט בטעם יוגור,גרמים,182.00,100 גרם,false,,15.90,8.7363,true,1,69596
7290014525290,false,חטיפי מרבה סלים דליס,,,חטיפי מרבה סלים דליס,גרמים,125.00,100 גרם,false,,15.90,12.7200,true,1,134895
7290014525306,false,חטיפי מרבה סלים דליס,,,חטיפי מרבה סלים דליס,גרמים,125.00,100 גרם,false,,15.90,12.7200,true,1,107544
7290014525313,false,חטיפי מרבה סלים דליס,,,חטיפי מרבה סלים דליס,גרמים,125.00,100 גרם,false,,15.90,12.7200,true,1,107545
7290014534667,false,פסטה לה פסטה קונכיה,,,פסטה לה פסטה קונכיה,גרמים,400.00,100 גרם,false,,5.90,1.4750,true,1,76668
7290014534674,false,פסטה לה פסטה פרפר 40,,,פסטה לה פסטה פרפר 40,גרמים,400.00,100 גרם,false,,5.90,1.4750,true,1,76669
7290014534681,false,פסטה לה פסטה בורג 40,,,פסטה לה פסטה בורג 40,גרמים,400.00,100 גרם,false,,5.90,1.4750,true,1,76670
7290014534698,false,פסטה לה פסטה תלתל 40,,,פסטה לה פסטה תלתל 40,גרמים,400.00,100 גרם,false,,5.90,1.4750,true,1,76671
7290014534704,false,פסטה לה פסטה אטריות,,,פסטה לה פסטה אטריות,גרמים,400.00,100 גרם,false,,5.90,1.4750,true,1,76672
7290014555082,false,מים מזוקקים מקסול 4ל,,,מים מזוקקים מקסול 4ל,ליטרים,4.00,ליטר,false,,10.90,2.7250,true,1,74513
7290014581036,false,"פחמים כ- 2 ק""ג",,,"פחמים כ- 2 ק""ג",יחידה,0.00,יחידה,false,,11.90,0.0000,true,1,71569
7290014581319,false,מנגל קטן,,,מנגל קטן,יחידה,0.00,יחידה,false,,29.90,0.0000,true,1,72341
7290014581500,false,מנגל ענק עם רגליים ו,,,מנגל ענק עם רגליים ו,יחידה,0.00,יחידה,false,,99.00,0.0000,true,1,75998
7290014648081,false,סכיני גילוח חד פעמי,,,סכיני גילוח חד פעמי,יח',10.00,יח',false,,9.90,0.9900,true,1,72185
7290014648906,false,לה בלה מסיר לק מהציפ,,,לה בלה מסיר לק מהציפ,גרמים,100.00,100 גרם,false,,5.90,5.9000,true,1,100236
7290014651920,false,קבוקים שומשום 200גר,,,קבוקים שומשום 200גר,גרמים,200.00,100 גרם,false,,7.90,3.9500,true,1,92505
7290014692299,false,גבינת ברי קאסטללו יו,,,גבינת ברי קאסטללו יו,גרמים,125.00,100 גרם,false,,21.90,17.5200,true,1,69347
7290014692305,false,גבינת קממבר יורוציז,,,גבינת קממבר יורוציז,גרמים,125.00,100 גרם,false,,21.90,17.5200,true,1,69348
7290014692541,false,אמה מגורדת 500גר,,,אמה מגורדת 500גר,גרמים,500.00,100 גרם,false,,21.90,4.3800,true,1,74753
7290014692817,false,מוצרלה מגורדת יורו צ,,,מוצרלה מגורדת יורו צ,גרמים,200.00,100 גרם,false,,16.90,8.4500,true,1,69520
7290014725294,false,סוכרזית סוכרלוז מבוש,,,סוכרזית סוכרלוז מבוש,גרמים,200.00,100 גרם,false,,25.90,12.9500,true,1,70497
7290014731707,false,צלחות פלסטיק גדול 50,,,צלחות פלסטיק גדול 50,יחידה,0.00,יחידה,false,,15.90,0.0000,true,1,100840
7290014748613,false,מקלוני דגים בציפוי צ,,,מקלוני דגים בציפוי צ,גרמים,600.00,100 גרם,false,,29.90,4.9833,true,1,98378
7290014748651,false,פילה אמנון מצופה מנת,,,פילה אמנון מצופה מנת,גרמים,360.00,100 גרם,false,,32.90,9.1389,true,1,98380
7290014749764,false,שניצל עוף ביתי מעודן,,,שניצל עוף ביתי מעודן,גרמים,700.00,100 גרם,false,,45.90,6.5571,true,1,113184
7290014749887,false,שניצל דק ענק  קריספי,,,שניצל דק ענק  קריספי,גרמים,720.00,100 גרם,false,,39.90,5.5417,true,1,136007
7290014758100,false,יוגורט ביו מאגדת שמי,,,יוגורט ביו מאגדת שמי,גרמים,1200.00,100 גרם,false,,17.30,1.4417,true,1,67144
7290014758117,false,יוגורט ביו מאגדת שמי,,,יוגורט ביו מאגדת שמי,גרמים,1200.00,100 גרם,false,,17.30,1.4417,true,1,67145
7290014758124,false,יוגורט ביו 3% 150 גר,,,יוגורט ביו 3% 150 גר,גרמים,150.00,100 גרם,false,,2.90,1.9333,true,1,99057
7290014758162,false,חלב עיזים מלה 3.6% 1,,,חלב עיזים מלה 3.6% 1,מיליליטרים,1000.00,"100 מ""ל",false,,15.30,1.5300,true,1,68000
7290014759084,false,גבינת נפוליאון 16% 2,,,גבינת נפוליאון 16% 2,גרמים,225.00,100 גרם,false,,14.10,6.2667,true,1,69309
7290014759534,false,בולגרית למריחה טבעי,,,בולגרית למריחה טבעי,גרמים,200.00,100 גרם,false,,14.50,7.2500,true,1,69551
7290014759909,false,פטה עיזים 5% פיראוס,,,פטה עיזים 5% פיראוס,גרמים,250.00,100 גרם,false,,29.90,11.9600,true,1,70054
7290014759978,false,קאשקבל פלח 200 גר,,,קאשקבל פלח 200 גר,גרמים,200.00,100 גרם,false,,26.90,13.4500,true,1,69553
7290014759985,false,פרמזן פלח 200 גר,,,פרמזן פלח 200 גר,גרמים,200.00,100 גרם,false,,25.70,12.8500,true,1,69554
7290014759992,false,רוקפור פלח 140גר,,,רוקפור פלח 140גר,גרמים,140.00,100 גרם,false,,18.90,13.5000,true,1,69555
7290014760134,false,מעדן סויה בטעם וניל,,,מעדן סויה בטעם וניל,גרמים,125.00,100 גרם,false,,4.00,3.2000,true,1,95795
7290014760141,false,משקה שקדים טרי 1ליטר,,IL,משקה שקדים טרי 1ליטר,מיליליטרים,1000.00,"100 מ""ל",false,,12.70,1.2700,true,1,73386
7290014760448,false,גבינה גלבוע 400גר,,,גבינה גלבוע 400גר,גרמים,400.00,100 גרם,false,,24.90,6.2250,true,1,70925
7290014760912,false,גבינה גוש חלב מהדרין,,,גבינה גוש חלב מהדרין,גרמים,400.00,100 גרם,false,,26.90,6.7250,true,1,123041
7290014761056,false,מעדן YOLO שוקולד חלב,,,מעדן YOLO שוקולד חלב,מיליליטרים,123.00,"100 מ""ל",false,,4.50,3.6585,true,1,72298
7290014761063,false,מעדן YOLO שוקולד מרי,,,מעדן YOLO שוקולד מרי,מיליליטרים,123.00,"100 מ""ל",false,,4.50,3.6585,true,1,72299
7290014761070,false,מעדן YOLO שוקולד לבן,,,מעדן YOLO שוקולד לבן,מיליליטרים,123.00,"100 מ""ל",false,,4.50,3.6585,true,1,72300
7290014761193,false,פרילי פירות יער 125ג,,,פרילי פירות יער 125ג,גרמים,125.00,100 גרם,false,,3.50,2.8000,true,1,72394
7290014761414,false,מעדן YOLO שכבות שוקו,,,מעדן YOLO שכבות שוקו,מיליליטרים,123.00,"100 מ""ל",false,,4.50,3.6585,true,1,72303
7290014761612,false,מעדן YOLO שכבות שוקו,,,מעדן YOLO שכבות שוקו,מיליליטרים,123.00,"100 מ""ל",false,,4.50,3.6585,true,1,73471
7290014762756,false,גבינת נפוליאון 16% ב,,,גבינת נפוליאון 16% ב,גרמים,225.00,100 גרם,false,,14.10,6.2667,true,1,75266
7290014762831,false,גבינת נפוליאון 25% ע,,,גבינת נפוליאון 25% ע,גרמים,225.00,100 גרם,false,,14.10,6.2667,true,1,76565
7290014762848,false,פתית גלבוע 22% 500 ג,,,פתית גלבוע 22% 500 ג,גרמים,500.00,100 גרם,false,,32.90,6.5800,true,1,94942
7290014762909,false,פתיתי מוצרלה 200גר,,,פתיתי מוצרלה 200גר,גרמים,200.00,100 גרם,false,,16.90,8.4500,true,1,76254
7290014763098,false,קרם גבינה שמנת 5% טו,,,קרם גבינה שמנת 5% טו,גרמים,200.00,100 גרם,false,,11.70,5.8500,true,1,76258
7290014763272,false,משקה סויה ביו תות בנ,,,משקה סויה ביו תות בנ,מיליליטרים,236.00,"100 מ""ל",false,,5.60,2.3729,true,1,76991
7290014791091,false,שוופס לימונייד 500מל,,,שוופס לימונייד 500מל,מיליליטרים,500.00,"100 מ""ל",false,,5.90,1.1800,true,1,101132
7290014791336,false,מי עדן 1ליטר,,,מי עדן 1ליטר,מיליליטרים,1000.00,"100 מ""ל",false,,3.90,0.3900,true,1,95526
7290014791725,false,שוופס מוגז  תפוח 500,,,שוופס מוגז  תפוח 500,מיליליטרים,500.00,"100 מ""ל",false,,5.90,1.1800,true,1,91798
7290014855434,false,מגבוני בייביסיטר פרפ,,,מגבוני בייביסיטר פרפ,יחידה,0.00,יחידה,false,,15.90,0.0000,true,1,73472
7290014855458,false,מגבוני בייביסיטר פרפ,,,מגבוני בייביסיטר פרפ,יחידה,0.00,יחידה,false,,15.90,0.0000,true,1,73473
7290014860100,false,מקלוני אורז ללא גלוט,,,מקלוני אורז ללא גלוט,גרמים,454.00,100 גרם,false,,10.90,2.4009,true,1,72048
7290014901247,false,שמפו סטייל קרטין 750,,,שמפו סטייל קרטין 750,מיליליטרים,750.00,"100 מ""ל",false,,19.90,2.6533,true,1,138200
7290014901315,false,סנסודיין משחת שיניים,,,סנסודיין משחת שיניים,מיליליטרים,75.00,"100 מ""ל",false,,21.90,29.2000,true,1,92610
7290014905160,false,פניני ריח הפי 130גר,,,פניני ריח הפי 130גר,גרמים,130.00,100 גרם,false,,8.90,6.8462,true,1,76480
7290014905207,false,הפי גל לניקוי אסלה 7,,,הפי גל לניקוי אסלה 7,מיליליטרים,750.00,"100 מ""ל",false,,10.90,1.4533,true,1,68846
7290014905689,false,הפי נוזל כלים ירוק ת,,,הפי נוזל כלים ירוק ת,מיליליטרים,750.00,"100 מ""ל",false,,7.90,1.0533,true,1,72041
7290014905696,false,הפי נוזל כלים צהוב ל,,,הפי נוזל כלים צהוב ל,מיליליטרים,750.00,"100 מ""ל",false,,7.90,1.0533,true,1,72042
7290014905733,false,הפי מרסס לניקוי חלונ,,,הפי מרסס לניקוי חלונ,מיליליטרים,750.00,"100 מ""ל",false,,7.90,1.0533,true,1,72045
7290014945067,false,צמרוני אוזניים פלסטי,,,צמרוני אוזניים פלסטי,יחידה,0.00,יחידה,false,,4.50,0.0000,true,1,140357
7290014945210,false,צמרוני עץ 300 יח בשק,,,צמרוני עץ 300 יח בשק,יחידה,0.00,יחידה,false,,4.90,0.0000,true,1,140356
7290014945807,false,קיסמי שיניים דנטליים,,,קיסמי שיניים דנטליים,יח',200.00,יח',false,,7.90,0.0395,true,1,93950
7290014967458,false,קפסולות אספרסו מור ק,,,קפסולות אספרסו מור ק,יחידה,0.00,יחידה,false,,10.90,0.0000,true,1,95934
7290014967465,false,קפסולות אינטסו 10 יח,,,קפסולות אינטסו 10 יח,יחידה,0.00,יחידה,false,,10.90,0.0000,true,1,95935
7290014967472,false,קפסולות אספרסו מור א,,,קפסולות אספרסו מור א,יחידה,0.00,יחידה,false,,10.90,0.0000,true,1,95936
7290014974562,false,גביעי גלידה 24 עלמה,,,גביעי גלידה 24 עלמה,יחידה,0.00,יחידה,false,,8.90,0.0000,true,1,98463
7290014974593,false,גביע  גלידה ללא גלוט,,,גביע  גלידה ללא גלוט,יח',12.00,יח',false,,16.90,1.4083,true,1,136309
7290015008020,false,נר נשמה 24 שעות שמאי,,,נר נשמה 24 שעות שמאי,יחידה,0.00,יחידה,false,,1.90,0.0000,true,1,102743
7290015008280,false,נייר אפייה 50דף,,,נייר אפייה 50דף,יחידה,0.00,יחידה,false,,8.90,0.0000,true,1,102744
7290015008976,false,שקיות אוכל בקרטון של,,,שקיות אוכל בקרטון של,יחידה,0.00,יחידה,false,,11.90,0.0000,true,1,100846
7290015039253,false,עלי גפן במי מלח 620ג,,,עלי גפן במי מלח 620ג,גרמים,620.00,100 גרם,false,,10.90,1.7581,true,1,70691
7290015139250,false,שוקולד מריר עם פצפוצ,,,שוקולד מריר עם פצפוצ,גרמים,85.00,100 גרם,false,,6.90,8.1176,true,1,75988
7290015139267,false,שוקולד מריר עם שקדים,,,שוקולד מריר עם שקדים,גרמים,85.00,100 גרם,false,,6.90,8.1176,true,1,75989
7290015150088,false,מחית עגבניות גרנד אי,,,מחית עגבניות גרנד אי,גרמים,700.00,100 גרם,false,,12.90,1.8429,true,1,72697
7290015150118,false,עגבניות חתוכות 3* 40,,,עגבניות חתוכות 3* 40,גרמים,1200.00,100 גרם,false,,14.90,1.2417,true,1,72698
7290015150361,false,תה ירוק נענע סטיביה,,,תה ירוק נענע סטיביה,יחידה,0.00,יחידה,false,,26.90,0.0000,true,1,73162
7290015155823,false,פרינוק פאוץ' בטעם תפ,,,פרינוק פאוץ' בטעם תפ,גרמים,120.00,100 גרם,false,,6.50,5.4167,true,1,112476
7290015155847,false,פרינוק פאוץ' בטעם סל,,,פרינוק פאוץ' בטעם סל,גרמים,120.00,100 גרם,false,,6.50,5.4167,true,1,112478
7290015156790,false,פרינוק פאוץ לפתן פיר,,,פרינוק פאוץ לפתן פיר,גרמים,120.00,100 גרם,false,,6.50,5.4167,true,1,112481
7290015161534,false,קוואקר עבה ללא גלוטן,,,קוואקר עבה ללא גלוטן,גרמים,400.00,100 גרם,false,,21.90,5.4750,true,1,135948
7290015161565,false,גרנולה שיבולת שועל 2,,,גרנולה שיבולת שועל 2,גרמים,300.00,100 גרם,false,,24.90,8.3000,true,1,135951
7290015161572,false,גרנולה שיבולת שועל 2,,,גרנולה שיבולת שועל 2,גרמים,300.00,100 גרם,false,,24.90,8.3000,true,1,135952
7290015161930,false,פסטה PRO עדשים צהובו,,,פסטה PRO עדשים צהובו,גרמים,250.00,100 גרם,false,,17.90,7.1600,true,1,135953
7290015161978,false,פסטה PRO עדשים אדומו,,,פסטה PRO עדשים אדומו,גרמים,250.00,100 גרם,false,,17.90,7.1600,true,1,135954
7290015164832,false,מחית קארי ירוקה 400ג,,,מחית קארי ירוקה 400ג,גרמים,400.00,100 גרם,false,,19.90,4.9750,true,1,98760
7290015164856,false,מחית קארי אדומה 400ג,,,מחית קארי אדומה 400ג,גרמים,400.00,100 גרם,false,,19.90,4.9750,true,1,98761
7290015178174,false,פסטו בטעם פרמז'ן 180,,,פסטו בטעם פרמז'ן 180,גרמים,180.00,100 גרם,false,,13.90,7.7222,true,1,128547
7290015251174,false,נובו אל סבון ירוק של,,,נובו אל סבון ירוק של,מיליליטרים,1500.00,"100 מ""ל",false,,10.90,0.7267,true,1,70564
7290015251181,false,נובו אל סבון כחול של,,,נובו אל סבון כחול של,מיליליטרים,1500.00,"100 מ""ל",false,,10.90,0.7267,true,1,70565
7290015251259,false,נובו תחליב רחצה דבש+,,,נובו תחליב רחצה דבש+,מיליליטרים,1000.00,"100 מ""ל",false,,10.00,1.0000,true,1,70568
7290015251273,false,נובו תחליב רחצה פירו,,,נובו תחליב רחצה פירו,מיליליטרים,1000.00,"100 מ""ל",false,,10.00,1.0000,true,1,71943
7290015251280,false,נובו תחליב רחצה הרבל,,,נובו תחליב רחצה הרבל,מיליליטרים,1000.00,"100 מ""ל",false,,10.00,1.0000,true,1,70569
7290015251341,false,נובו תחליב רחצה אקזו,,,נובו תחליב רחצה אקזו,מיליליטרים,1000.00,"100 מ""ל",false,,10.00,1.0000,true,1,71947
7290015282000,false,איקרה אדומה 200גר שמ,,,איקרה אדומה 200גר שמ,גרמים,200.00,100 גרם,false,,17.90,8.9500,true,1,74296
7290015282024,false,איקרה לבנה 200גר שמי,,,איקרה לבנה 200גר שמי,גרמים,200.00,100 גרם,false,,17.90,8.9500,true,1,74298
7290015282390,false,תורכי 200 גרם גורמה,,,תורכי 200 גרם גורמה,גרמים,200.00,100 גרם,false,,14.90,7.4500,true,1,93048
7290015282581,false,חומוס אבו גוש עם חרי,,,חומוס אבו גוש עם חרי,גרמים,200.00,100 גרם,false,,14.90,7.4500,true,1,93079
7290015282598,false,חומוס מסעדות 200 גר,,,חומוס מסעדות 200 גר,גרמים,200.00,100 גרם,false,,14.90,7.4500,true,1,93049
7290015282604,false,טחינה מיוחדת 200 גר,,,טחינה מיוחדת 200 גר,גרמים,200.00,100 גרם,false,,14.90,7.4500,true,1,93045
7290015282628,false,חציל בטעם כבד 200 גר,,,חציל בטעם כבד 200 גר,גרמים,200.00,100 גרם,false,,14.90,7.4500,true,1,93055
7290015282635,false,חומוס מסבחה 200 גר,,,חומוס מסבחה 200 גר,גרמים,200.00,100 גרם,false,,14.90,7.4500,true,1,93046
7290015282642,false,"חומוס אבו ג""וש 200 ג",,,"חומוס אבו ג""וש 200 ג",גרמים,200.00,100 גרם,false,,14.90,7.4500,true,1,93050
7290015282666,false,סלט טונה עם ירקות שמ,,,סלט טונה עם ירקות שמ,גרמים,200.00,100 גרם,false,,17.90,8.9500,true,1,93064
7290015282673,false,חציל במיונז ביתי שמי,,,חציל במיונז ביתי שמי,גרמים,200.00,100 גרם,false,,14.90,7.4500,true,1,93056
7290015282680,false,קישוא בטעם כבד 200 ג,,,קישוא בטעם כבד 200 ג,גרמים,200.00,100 גרם,false,,14.90,7.4500,true,1,93058
7290015282697,false,כרוב אדום 200 גר,,,כרוב אדום 200 גר,גרמים,200.00,100 גרם,false,,14.90,7.4500,true,1,93051
7290015282734,false,מטבוחה ביתית 200 גר,,,מטבוחה ביתית 200 גר,גרמים,200.00,100 גרם,false,,14.90,7.4500,true,1,93047
7290015282741,false,חציל תאילנדי 200 גר,,,חציל תאילנדי 200 גר,גרמים,200.00,100 גרם,false,,14.90,7.4500,true,1,93059
7290015282796,false,תפוח אדמה 200 גר גור,,,תפוח אדמה 200 גר גור,גרמים,200.00,100 גרם,false,,14.90,7.4500,true,1,93054
7290015320009,false,שוקולד מריר שקדיה 3*,קריות זול,,שוקולד מריר שקדיה 3*,גרמים,300.00,100 גרם,false,,10.90,3.6333,true,1,139266
7290015320054,false,עוגיות בטעם חמאה 340,,,עוגיות בטעם חמאה 340,גרמים,340.00,100 גרם,false,,10.90,3.2059,true,1,71945
7290015320481,false,שוקולד מריר 60% יעד,,,שוקולד מריר 60% יעד,גרמים,100.00,100 גרם,false,,4.90,4.9000,true,1,113414
7290015324007,false,פלפל שחור גרוס שקית,,,פלפל שחור גרוס שקית,גרמים,80.00,100 גרם,false,,11.90,14.8750,true,1,70469
7290015324014,false,פלפל שחור טחון שקית,,,פלפל שחור טחון שקית,גרמים,80.00,100 גרם,false,,11.90,14.8750,true,1,70470
7290015324052,false,פפריקה מתוקה שקית 80,,,פפריקה מתוקה שקית 80,גרמים,80.00,100 גרם,false,,6.90,8.6250,true,1,70473
7290015324069,false,גריל עוף שקית 80גר,,,גריל עוף שקית 80גר,גרמים,80.00,100 גרם,false,,6.90,8.6250,true,1,70474
7290015324076,false,זעתר שקית 80גר,,,זעתר שקית 80גר,גרמים,80.00,100 גרם,false,,7.90,9.8750,true,1,70475
7290015324083,false,מלח לימון שקית 80גר,,,מלח לימון שקית 80גר,גרמים,80.00,100 גרם,false,,6.90,8.6250,true,1,70476
7290015324090,false,כמון שקית 80גר,,,כמון שקית 80גר,גרמים,80.00,100 גרם,false,,6.90,8.6250,true,1,70477
7290015324106,false,כורכום שקית 80גר,,,כורכום שקית 80גר,גרמים,80.00,100 גרם,false,,6.90,8.6250,true,1,70478
7290015324113,false,בהרט שקית 80גר,,,בהרט שקית 80גר,גרמים,80.00,100 גרם,false,,7.90,9.8750,true,1,70479
7290015324120,false,שום גבישי שקית 80גר,,,שום גבישי שקית 80גר,גרמים,80.00,100 גרם,false,,9.90,12.3750,true,1,70480
7290015324175,false,שווארמה ללא מונוסודי,,,שווארמה ללא מונוסודי,גרמים,80.00,100 גרם,false,,7.90,9.8750,true,1,70483
7290015324281,false,בצל מטוגן בשקית 200,,,בצל מטוגן בשקית 200,גרמים,200.00,100 גרם,false,,12.90,6.4500,true,1,92888
7290015324427,false,סודה לשתיה בשקית 80ג,,,סודה לשתיה בשקית 80ג,גרמים,80.00,100 גרם,false,,4.90,6.1250,true,1,120060
7290015324526,false,תערובת תיבול לפרגיות,,,תערובת תיבול לפרגיות,גרמים,80.00,100 גרם,false,,7.90,9.8750,true,1,107224
7290015324533,false,רוזמרין מיכל גדול 55,,,רוזמרין מיכל גדול 55,גרמים,55.00,100 גרם,false,,10.90,19.8182,true,1,107234
7290015324540,false,טימין מיכל גדול 30 ג,,,טימין מיכל גדול 30 ג,גרמים,30.00,100 גרם,false,,10.90,36.3333,true,1,107235
7290015324557,false,בהרט לבישול מיכל גדו,,,בהרט לבישול מיכל גדו,גרמים,80.00,100 גרם,false,,9.90,12.3750,true,1,107236
7290015324564,false,כוסברה טחונה מיכל גד,,,כוסברה טחונה מיכל גד,גרמים,70.00,100 גרם,false,,10.90,15.5714,true,1,107237
7290015339551,false,פתיתים אפויים קוסקוס,,,פתיתים אפויים קוסקוס,גרמים,500.00,100 גרם,false,,5.90,1.1800,true,1,76712
7290015339568,false,פתיתים אפויים אורז ט,,,פתיתים אפויים אורז ט,גרמים,500.00,100 גרם,false,,5.90,1.1800,true,1,76713
7290015347464,false,קינואה מעורבת 400 גר,,,קינואה מעורבת 400 גר,גרמים,400.00,100 גרם,false,,10.90,2.7250,true,1,138569
7290015350150,false,יין סגל אדום חצי יבש,,,יין סגל אדום חצי יבש,מיליליטרים,750.00,"100 מ""ל",false,,24.90,3.3200,true,1,127052
7290015355834,false,מתבל עגבניות היינץ ח,,,מתבל עגבניות היינץ ח,גרמים,855.00,100 גרם,false,,19.90,2.3275,true,1,74418
7290015366564,false,משחת ש.סנסודיין הלבנ,,,משחת ש.סנסודיין הלבנ,מיליליטרים,225.00,"100 מ""ל",false,,34.90,15.5111,true,1,128600
7290015366663,false,אקווה פרש עדין משחת,,,אקווה פרש עדין משחת,מיליליטרים,100.00,"100 מ""ל",false,,8.90,8.9000,true,1,75965
7290015374279,false,"סיגר במילוי בשר בד""צ",,,"סיגר במילוי בשר בד""צ",גרמים,400.00,100 גרם,false,,12.90,3.2250,true,1,75652
7290015374286,false,"סיגר במילוי תפו""א בד",,,"סיגר במילוי תפו""א בד",גרמים,400.00,100 גרם,false,,12.90,3.2250,true,1,75653
7290015374309,false,"פסטל במילוי תפו""א בד",,,"פסטל במילוי תפו""א בד",גרמים,400.00,100 גרם,false,,12.90,3.2250,true,1,75655
7290015374323,false,קובה ביתי במילוי בשר,,,קובה ביתי במילוי בשר,גרמים,400.00,100 גרם,false,,12.90,3.2250,true,1,75657
7290015374330,false,"קובה מרק בד""צ 400גר",,,"קובה מרק בד""צ 400גר",גרמים,400.00,100 גרם,false,,12.90,3.2250,true,1,75658
7290015374354,false,"קרפלך במילוי תפו""א ב",,,"קרפלך במילוי תפו""א ב",גרמים,400.00,100 גרם,false,,12.90,3.2250,true,1,75660
7290015374361,false,"קרפלך במילוי בשר בד""",,,"קרפלך במילוי בשר בד""",גרמים,400.00,100 גרם,false,,12.90,3.2250,true,1,75661
7290015374392,false,בלינצס במילוי בשר בד,,,בלינצס במילוי בשר בד,גרמים,400.00,100 גרם,false,,12.90,3.2250,true,1,75663
7290015374422,false,"שניצלונים תפו""א במיל",,,"שניצלונים תפו""א במיל",גרמים,400.00,100 גרם,false,,12.90,3.2250,true,1,75666
7290015470094,false,שוקולד טוסו מריר תפו,,,שוקולד טוסו מריר תפו,גרמים,100.00,100 גרם,false,,13.50,13.5000,true,1,77199
7290015528160,false,"צלחת במבוק 10 ""סדרת",,,"צלחת במבוק 10 ""סדרת",יחידה,0.00,יחידה,false,,29.90,0.0000,true,1,90164
7290015528375,false,מרקיה לבנה מודפס כסף,,,מרקיה לבנה מודפס כסף,יח',20.00,יח',false,,13.90,0.6950,true,1,90148
7290015528641,false,מיכל 1 ליטר ארוז 3 י,,,מיכל 1 ליטר ארוז 3 י,יחידה,0.00,יחידה,false,,9.90,0.0000,true,1,106755
7290015528658,false,מיכל 2 ליטר ארוז 3 י,,,מיכל 2 ליטר ארוז 3 י,יחידה,0.00,יחידה,false,,9.90,0.0000,true,1,106778
7290015528696,false,כוס נייר OZ16 אר'50,,,כוס נייר OZ16 אר'50,יחידה,0.00,יחידה,false,,25.90,0.0000,true,1,99551
7290015528825,false,צלחת 7 מתכלה אר 25 י,,,צלחת 7 מתכלה אר 25 י,יחידה,0.00,יחידה,false,,12.90,0.0000,true,1,93898
7290015528832,false,צלחת 9 מתכלה אר' 25,,,צלחת 9 מתכלה אר' 25,יחידה,0.00,יחידה,false,,14.90,0.0000,true,1,93899
7290015528849,false,צלחת 10 מתכלה אר' 25,,,צלחת 10 מתכלה אר' 25,יחידה,0.00,יחידה,false,,18.90,0.0000,true,1,93900
7290015528863,false,"מרקיה 340 מ""ל מתכלה",,,"מרקיה 340 מ""ל מתכלה",יחידה,0.00,יחידה,false,,10.90,0.0000,true,1,93902
7290015603188,false,אטריות ביצים 454גר,,,אטריות ביצים 454גר,גרמים,454.00,100 גרם,false,,10.90,2.4009,true,1,74886
7290015603195,false,אטריות עם תרד 454 גר,,,אטריות עם תרד 454 גר,גרמים,454.00,100 גרם,false,,10.90,2.4009,true,1,73341
7290015603218,false,איטריות בתוספת עגבני,,,איטריות בתוספת עגבני,גרמים,454.00,100 גרם,false,,10.90,2.4009,true,1,89320
7290015603225,false,איטריות בתוספת גזר 4,,,איטריות בתוספת גזר 4,גרמים,454.00,100 גרם,false,,10.90,2.4009,true,1,89321
7290015603232,false,איטריות בתוספת דלעת,,,איטריות בתוספת דלעת,גרמים,454.00,100 גרם,false,,10.90,2.4009,true,1,89322
7290015603546,false,קרם קוקוס 17-19% 400,,,קרם קוקוס 17-19% 400,מיליליטרים,400.00,"100 מ""ל",false,,10.90,2.7250,true,1,97588
7290015603560,false,קרם קוקוס 20-22% 400,,,קרם קוקוס 20-22% 400,מיליליטרים,400.00,"100 מ""ל",false,,10.90,2.7250,true,1,99941
7290015603584,false,גינגר לבן כבוש ללא מ,,,גינגר לבן כבוש ללא מ,גרמים,160.00,100 גרם,false,,9.50,5.9375,true,1,75182
7290015603591,false,גינגר ורוד כבוש ללא,,,גינגר ורוד כבוש ללא,גרמים,160.00,100 גרם,false,,9.50,5.9375,true,1,94576
7290015652070,false,קשיו קלוי 150גרם,,,קשיו קלוי 150גרם,גרמים,150.00,100 גרם,false,,10.90,7.2667,true,1,74164
7290015652087,false,תערובת פיצוחים 150גר,,,תערובת פיצוחים 150גר,גרמים,150.00,100 גרם,false,,10.90,7.2667,true,1,74165
7290015652254,false,גרעינים שחורים 400 ג,,,גרעינים שחורים 400 ג,גרמים,400.00,100 גרם,false,,10.00,2.5000,true,1,91712
7290015652278,false,תערובת פיצוחים 250גר,,,תערובת פיצוחים 250גר,גרמים,250.00,100 גרם,false,,20.00,8.0000,true,1,91737
7290015652285,false,אגוזי מלך קלופים 250,,,אגוזי מלך קלופים 250,גרמים,250.00,100 גרם,false,,19.90,7.9600,true,1,74166
7290015652292,false,קבוקים עם שומשום 500,,,קבוקים עם שומשום 500,גרמים,500.00,100 גרם,false,,10.00,2.0000,true,1,74167
7290015652308,false,מנצס ששון הקולה 300,,,מנצס ששון הקולה 300,גרמים,300.00,100 גרם,false,,10.00,3.3333,true,1,91734
7290015652322,false,בוטנים אמריקאים מצופ,,,בוטנים אמריקאים מצופ,גרמים,400.00,100 גרם,false,,10.00,2.5000,true,1,74169
7290015652391,false,קמח תירס ללא גלוטן 1,,,קמח תירס ללא גלוטן 1,גרמים,1000.00,100 גרם,false,,10.90,1.0900,true,1,90001
7290015652407,false,פיסטוק 250גר,,,פיסטוק 250גר,גרמים,250.00,100 גרם,false,,20.00,8.0000,true,1,91738
7290015695800,false,נבטי ברוקולי,,,נבטי ברוקולי,גרמים,1000.00,100 גרם,false,,9.90,0.9900,true,1,90005
7290015695848,false,נבטי אלפלפא,,,נבטי אלפלפא,גרמים,1000.00,100 גרם,false,,9.90,0.9900,true,1,90010
7290015695855,false,נבטי חמניה,,,נבטי חמניה,גרמים,1000.00,100 גרם,false,,9.90,0.9900,true,1,90011
7290015695886,false,מיקס נבטים,,,מיקס נבטים,גרמים,1000.00,100 גרם,false,,9.90,0.9900,true,1,90014
7290015695916,false,מיקס נבטים ענק,,,מיקס נבטים ענק,גרמים,1000.00,100 גרם,false,,15.90,1.5900,true,1,90016
7290015695923,false,נבטים סיניים,,,נבטים סיניים,גרמים,1000.00,100 גרם,false,,6.90,0.6900,true,1,90017
7290015733120,false,מטרנה גולד שלב 1 700,,,מטרנה גולד שלב 1 700,גרמים,700.00,100 גרם,false,,74.90,10.7000,true,1,129683
7290015733168,false,מטרנה גולד שלב3 700ג,,,מטרנה גולד שלב3 700ג,גרמים,700.00,100 גרם,false,,74.90,10.7000,true,1,114326
7290015775632,false,חמאת בוטנים 350גר,,,חמאת בוטנים 350גר,גרמים,350.00,100 גרם,false,,15.90,4.5429,true,1,137807
7290015781008,false,"יין ויז'ן מרלו 750מ""",,,"יין ויז'ן מרלו 750מ""",מיליליטרים,750.00,"100 מ""ל",false,,39.90,5.3200,true,1,89064
7290015781015,false,"יין ויז'ן מלבק 750מ""",,,"יין ויז'ן מלבק 750מ""",מיליליטרים,750.00,"100 מ""ל",false,,39.90,5.3200,true,1,89066
7290015781091,false,יין ויז'ן קברנה סובי,,,יין ויז'ן קברנה סובי,מיליליטרים,750.00,"100 מ""ל",false,,39.90,5.3200,true,1,89065
7290015781114,false,יין אימפרזיון מרלו 7,,,יין אימפרזיון מרלו 7,מיליליטרים,750.00,"100 מ""ל",false,,49.90,6.6533,true,1,89074
7290015781121,false,יין אימפרזיון קברנה,,,יין אימפרזיון קברנה,מיליליטרים,750.00,"100 מ""ל",false,,49.90,6.6533,true,1,89075
7290015781299,false,יין ויז'ן שיראז 750מ,,,יין ויז'ן שיראז 750מ,מיליליטרים,750.00,"100 מ""ל",false,,39.90,5.3200,true,1,89071
7290015804394,false,רסק עגבניות 22% 260,,,רסק עגבניות 22% 260,גרמים,260.00,100 גרם,false,,4.90,1.8846,true,1,75354
7290015855013,false,פלפל טינקרבל ארוז,,,פלפל טינקרבל ארוז,יחידה,0.00,יחידה,false,,8.90,0.0000,true,1,73214
7290015855037,false,פלפל צ'ילי.,,,פלפל צ'ילי.,יחידה,0.00,יחידה,false,,7.90,0.0000,true,1,73444
7290015855051,false,מלפפון מיני ארוז,,,מלפפון מיני ארוז,יחידה,0.00,יחידה,false,,8.90,0.0000,true,1,72800
7290015855143,false,שום קלוף 170גרם,,,שום קלוף 170גרם,יחידה,0.00,יחידה,false,,11.90,0.0000,true,1,89870
7290015855228,false,אספרגוס,,,אספרגוס,יחידה,0.00,יחידה,false,,28.00,0.0000,true,1,75184
7290015855358,false,בצלצלי שאלוט,,,בצלצלי שאלוט,יחידה,0.00,יחידה,false,,9.90,0.0000,true,1,100042
7290015855495,false,חסה לאליק,,,חסה לאליק,יחידה,0.00,יחידה,false,,12.90,0.0000,true,1,138826
7290015856171,false,בייגלה שמיניות עם מל,,,בייגלה שמיניות עם מל,גרמים,200.00,100 גרם,false,,6.90,3.4500,true,1,137715
7290015856607,false,קרקר תירוש  175ג חצי,,,קרקר תירוש  175ג חצי,גרמים,175.00,100 גרם,false,,7.90,4.5143,true,1,112674
7290015856621,false,ביסקוויט תירוש קרמל,,,ביסקוויט תירוש קרמל,גרמים,175.00,100 גרם,false,,7.90,4.5143,true,1,112676
7290015856690,false,"קרם קרקר 1 ק""ג",,,"קרם קרקר 1 ק""ג",קילוגרמים,1.00,"ק""ג",false,,19.90,19.9000,true,1,120450
7290015856973,false,תה ביסקוויט וניל ללא,,,תה ביסקוויט וניל ללא,גרמים,150.00,100 גרם,false,,7.90,5.2667,true,1,139700
7290015858106,false,ממרח פסטו ביתי 180 ג,,,ממרח פסטו ביתי 180 ג,גרמים,180.00,100 גרם,false,,16.90,9.3889,true,1,100102
7290015858113,false,ממרח עגבניות מיובשות,,,ממרח עגבניות מיובשות,גרמים,180.00,100 גרם,false,,16.90,9.3889,true,1,100142
7290015858175,false,ממרח פלפלים קלויים 1,,,ממרח פלפלים קלויים 1,גרמים,180.00,100 גרם,false,,16.90,9.3889,true,1,100132
7290015858229,false,ממרח טפנד זיתי קלמטה,,,ממרח טפנד זיתי קלמטה,גרמים,180.00,100 גרם,false,,16.90,9.3889,true,1,100123
7290015858243,false,ממרח צ'ימיצ'ורי 180,,,ממרח צ'ימיצ'ורי 180,גרמים,180.00,100 גרם,false,,16.90,9.3889,true,1,100127
7290015865722,false,קונפיטורת לייט תות ש,,,קונפיטורת לייט תות ש,גרמים,400.00,100 גרם,false,,19.90,4.9750,true,1,141006
7290016006292,false,ספרינג מנגו בננה מלו,,,ספרינג מנגו בננה מלו,מיליליטרים,1000.00,"100 מ""ל",false,,7.90,0.7900,true,1,76215
7290016006339,false,מי עדן רביעייה 4*1לי,,,מי עדן רביעייה 4*1לי,מיליליטרים,4000.00,"100 מ""ל",false,,11.90,0.2975,true,1,76522
7290016006346,false,שוופס סודה מארז שישי,,,שוופס סודה מארז שישי,מיליליטרים,3000.00,"100 מ""ל",false,,15.90,0.5300,true,1,91794
7290016028003,false,קינוחי סורבה אר' 12,,,קינוחי סורבה אר' 12,יחידה,0.00,יחידה,false,,15.90,0.0000,true,1,99555
7290016028065,false,קינוחי טירמיסו קטן א,,,קינוחי טירמיסו קטן א,יחידה,0.00,יחידה,false,,15.90,0.0000,true,1,90197
7290016028348,false,מפת אל בד חתוך 11/18,,,מפת אל בד חתוך 11/18,יחידה,0.00,יחידה,false,,4.90,0.0000,true,1,93906
7290016028461,false,מגש לפיצוחים שקוף 12,,,מגש לפיצוחים שקוף 12,יחידה,0.00,יחידה,false,,9.90,0.0000,true,1,90198
7290016028836,false,קש מתקפל צבעוני אר',,,קש מתקפל צבעוני אר',יחידה,0.00,יחידה,false,,8.90,0.0000,true,1,138093
7290016087222,false,רוטב עגבניות מרוכז ל,,,רוטב עגבניות מרוכז ל,גרמים,230.00,100 גרם,false,,6.90,3.0000,true,1,98948
7290016096583,false,טונה פרינס שלישייה 3,,,טונה פרינס שלישייה 3,גרמים,240.00,100 גרם,false,,10.90,4.5417,true,1,95096
7290016102062,false,מגש מחולק ל 4,,,מגש מחולק ל 4,יחידה,0.00,יחידה,false,,9.90,0.0000,true,1,106545
7290016102789,false,צלחות קטן 50 יח',,,צלחות קטן 50 יח',יחידה,0.00,יחידה,false,,9.90,0.0000,true,1,113065
7290016114300,false,לילי דאבל לבן נייר ט,,,לילי דאבל לבן נייר ט,יחידה,0.00,יחידה,false,,39.90,0.0000,true,1,89262
7290016144000,false,קמח נפלאות חיטה 80%,,,קמח נפלאות חיטה 80%,גרמים,1000.00,100 גרם,false,,9.90,0.9900,true,1,139253
7290016144024,false,קמח נפלאות כוסמין מל,,,קמח נפלאות כוסמין מל,גרמים,1000.00,100 גרם,false,,15.90,1.5900,true,1,139258
7290016144031,false,קמח נפלאות חיטה לבן,,,קמח נפלאות חיטה לבן,גרמים,1000.00,100 גרם,false,,7.90,0.7900,true,1,139254
7290016144055,false,קמח נפלאות כוסמין 80,,,קמח נפלאות כוסמין 80,גרמים,1000.00,100 גרם,false,,15.90,1.5900,true,1,139257
7290016150117,false,סלק וואקום,,,סלק וואקום,גרמים,500.00,100 גרם,false,,6.90,1.3800,true,1,76540
7290016150711,false,נוזל קוקוס אבאל 400,,,נוזל קוקוס אבאל 400,גרמים,400.00,100 גרם,false,,6.90,1.7250,true,1,106952
7290016162264,false,עוגת גבינה רנסנס 450,,,עוגת גבינה רנסנס 450,גרמים,450.00,100 גרם,false,,42.90,9.5333,true,1,75814
7290016188592,false,יין למברוסקו אדום חצ,,,יין למברוסקו אדום חצ,מיליליטרים,750.00,"100 מ""ל",false,,24.90,3.3200,true,1,91810
7290016197488,false,מטלית קסם לשיש ניקול,,,מטלית קסם לשיש ניקול,יחידה,0.00,יחידה,false,,15.90,0.0000,true,1,76061
7290016197495,false,מטליות מיקרופייבר זו,,,מטליות מיקרופייבר זו,יחידה,0.00,יחידה,false,,19.90,0.0000,true,1,76062
7290016197839,false,השקית החזקה 20יח XL,,,השקית החזקה 20יח XL,יחידה,0.00,יחידה,false,,21.90,0.0000,true,1,76063
7290016197877,false,שקית לפחי מטבח קטנים,,,שקית לפחי מטבח קטנים,יחידה,0.00,יחידה,false,,21.90,0.0000,true,1,76064
7290016217742,false,חציל אש בטחינה 200 ג,,,חציל אש בטחינה 200 ג,גרמים,200.00,100 גרם,false,,14.90,7.4500,true,1,93061
7290016217759,false,סלט חציל מרוקאי 200,,,סלט חציל מרוקאי 200,גרמים,200.00,100 גרם,false,,14.90,7.4500,true,1,93062
7290016233575,false,שיבולת שועל 600גר,,,שיבולת שועל 600גר,גרמים,600.00,100 גרם,false,,6.90,1.1500,true,1,92453
7290016233711,false,פסטה לה פסטה לינגווי,,,פסטה לה פסטה לינגווי,גרמים,400.00,100 גרם,false,,5.90,1.4750,true,1,97168
7290016246445,false,טחינה גולמית שומשום,,,טחינה גולמית שומשום,גרמים,310.00,100 גרם,false,,14.90,4.8065,true,1,98517
7290016270709,false,שרי אשכולות ארוז כ-4,,,שרי אשכולות ארוז כ-4,יחידה,0.00,יחידה,false,,9.90,0.0000,true,1,99239
7290016276534,false,שמן קוקוס לא מזוכך 5,,,שמן קוקוס לא מזוכך 5,מיליליטרים,500.00,"100 מ""ל",false,,29.90,5.9800,true,1,89994
7290016276756,false,מעדן 4 פירות 100% רכ,,,מעדן 4 פירות 100% רכ,גרמים,284.00,100 גרם,false,,12.90,4.5423,true,1,89655
7290016276763,false,מעדן שזיף 100% רכיבי,,,מעדן שזיף 100% רכיבי,גרמים,284.00,100 גרם,false,,12.90,4.5423,true,1,89656
7290016276794,false,מעדן תפוז 100% רכיבי,,,מעדן תפוז 100% רכיבי,גרמים,284.00,100 גרם,false,,12.90,4.5423,true,1,89659
7290016276831,false,תבשיל איטריות בטעם ב,,,תבשיל איטריות בטעם ב,גרמים,70.00,100 גרם,false,,6.90,9.8571,true,1,90002
7290016276848,false,תבשיל איטריות בטעם ע,,,תבשיל איטריות בטעם ע,גרמים,70.00,100 גרם,false,,6.90,9.8571,true,1,90003
7290016276855,false,תבשיל איטריות בטעם י,,,תבשיל איטריות בטעם י,גרמים,70.00,100 גרם,false,,6.90,9.8571,true,1,90004
7290016319309,false,פמלי אל סבון מאסק+ מ,,,פמלי אל סבון מאסק+ מ,מיליליטרים,1000.00,"100 מ""ל",false,,14.90,1.4900,true,1,89115
7290016321722,false,פרש וואנס מגבונים בו,,,פרש וואנס מגבונים בו,יחידה,0.00,יחידה,false,,5.90,0.0000,true,1,100756
7290016372342,false,עגבניות חתוכות לקובי,,,עגבניות חתוכות לקובי,גרמים,1200.00,100 גרם,false,,14.90,1.2417,true,1,94660
7290016372458,false,תה לימונית ולואיזה ו,קריות זול,,תה לימונית ולואיזה ו,יח',50.00,יח',false,,37.90,0.7580,true,1,94659
7290016387254,false,מצע לייבוש כלים,,,מצע לייבוש כלים,יחידה,0.00,יחידה,false,,9.90,0.0000,true,1,90254
7290016387742,false,מטליות מיקרו לניקיון,,,מטליות מיקרו לניקיון,יחידה,0.00,יחידה,false,,10.90,0.0000,true,1,95543
7290016387841,false,אטבי כביסה ג'וי צבעו,,,אטבי כביסה ג'וי צבעו,יחידה,0.00,יחידה,false,,13.90,0.0000,true,1,95547
7290016408294,false,מרשמלו ורוד לבן כרמי,,,מרשמלו ורוד לבן כרמי,גרמים,150.00,100 גרם,false,,5.90,3.9333,true,1,95338
7290016408980,false,מטבעות שוקולד חלב 36,,,מטבעות שוקולד חלב 36,גרמים,36.00,100 גרם,false,,4.90,13.6111,true,1,98493
7290016437645,false,האגיס פרידום דריי PA,,,האגיס פרידום דריי PA,יחידה,0.00,יחידה,false,,49.90,0.0000,true,1,95919
7290016440652,false,תערובת פרוסות ירקות,,,תערובת פרוסות ירקות,גרמים,0.00,גרם,false,,19.90,0.0000,true,1,136327
7290016440881,false,תערובת ירקות חמוצים,,,תערובת ירקות חמוצים,גרמים,0.00,גרם,false,,19.90,0.0000,true,1,136328
7290016440928,false,ירקות כבושים חומץ מת,,,ירקות כבושים חומץ מת,גרמים,0.00,גרם,false,,19.90,0.0000,true,1,136330
7290016448870,false,שפרוטים 150 גרם,,,שפרוטים 150 גרם,גרמים,150.00,100 גרם,false,,6.90,4.6000,true,1,120335
7290016475067,false,לאפות 4יח מכבים,,,לאפות 4יח מכבים,יח',4.00,יח',false,,12.90,3.2250,true,1,135598
7290016509786,false,פרסיל ג'ל 2.5ליטר יר,,,פרסיל ג'ל 2.5ליטר יר,ליטרים,2.50,ליטר,false,,34.90,13.9600,true,1,97702
7290016509809,false,פרסיל ג'ל 2.5 ליטר ק,,,פרסיל ג'ל 2.5 ליטר ק,ליטרים,2.50,ליטר,false,,34.90,13.9600,true,1,101973
7290016509823,false,פרסיל ג'ל 2.5 ליטר ב,,,פרסיל ג'ל 2.5 ליטר ב,ליטרים,2.50,ליטר,false,,34.90,13.9600,true,1,97688
7290016509847,false,פרסיל גל כביסה שחור2,,,פרסיל גל כביסה שחור2,ליטרים,2.50,ליטר,false,,34.90,13.9600,true,1,98448
7290016542509,false,טוסקניה שיכר מבעבע י,,,טוסקניה שיכר מבעבע י,מיליליטרים,750.00,"100 מ""ל",false,,14.90,1.9867,true,1,97222
7290016580440,false,תבניות עגולות גדולות,,,תבניות עגולות גדולות,יחידה,0.00,יחידה,false,,9.90,0.0000,true,1,99574
7290016580549,false,צלחת 7 צבעוני לבן/ ק,,,צלחת 7 צבעוני לבן/ ק,יח',100.00,יח',false,,24.90,0.2490,true,1,99213
7290016621358,false,קמיל אל סבון ניקיון,,,קמיל אל סבון ניקיון,מיליליטרים,1000.00,"100 מ""ל",false,,16.90,1.6900,true,1,94920
7290016717099,false,יין סלקטד אדום חצי י,,,יין סלקטד אדום חצי י,מיליליטרים,750.00,"100 מ""ל",false,,29.90,3.9867,true,1,89977
7290016717754,false,"יין ישן נושן 750 מ""ל",קריות זול,,"יין ישן נושן 750 מ""ל",מיליליטרים,750.00,"100 מ""ל",false,,18.90,2.5200,true,1,98071
7290016717976,false,באז משקה מבוסס יין מ,קריות זול,,באז משקה מבוסס יין מ,מיליליטרים,750.00,"100 מ""ל",false,,26.90,3.5867,true,1,120125
7290016866643,false,פרודונטקס משחת שיניי,,,פרודונטקס משחת שיניי,מיליליטרים,75.00,"100 מ""ל",false,,29.90,39.8667,true,1,98913
7290016866650,false,פרודונטקס משחת שיניי,,,פרודונטקס משחת שיניי,מיליליטרים,75.00,"100 מ""ל",false,,29.90,39.8667,true,1,98914
7290016866674,false,פרודונטקס משחת שיניי,,,פרודונטקס משחת שיניי,מיליליטרים,75.00,"100 מ""ל",false,,29.90,39.8667,true,1,97743
7290016882407,false,ממרח חצילים קלויים 5,,,ממרח חצילים קלויים 5,גרמים,550.00,100 גרם,false,,9.90,1.8000,true,1,128241
7290017023212,false,שוופס מוגז פירות רבי,,,שוופס מוגז פירות רבי,מיליליטרים,1320.00,"100 מ""ל",false,,15.90,1.2045,true,1,97091
7290017023229,false,שוופס מוגז פירות רבי,,,שוופס מוגז פירות רבי,מיליליטרים,1320.00,"100 מ""ל",false,,15.90,1.2045,true,1,97092
7290017023823,false,ספרינג תות בננה 4*25,,,ספרינג תות בננה 4*25,מיליליטרים,1000.00,"100 מ""ל",false,,15.90,1.5900,true,1,100165
7290017023861,false,שוופס סודה לימון 4*2,,,שוופס סודה לימון 4*2,מיליליטרים,1000.00,"100 מ""ל",false,,13.90,1.3900,true,1,100167
7290017023878,false,שוופס סודה נענע ליים,,,שוופס סודה נענע ליים,מיליליטרים,1000.00,"100 מ""ל",false,,13.90,1.3900,true,1,100168
7290017031477,false,משחת שיניים סנסודיין,,,משחת שיניים סנסודיין,מטרים,75.00,100 מ'ל,false,,21.90,29.2000,true,1,136984
7290017058092,false,שיבולת שועל שלמה 600,,,שיבולת שועל שלמה 600,גרמים,600.00,100 גרם,false,,6.90,1.1500,true,1,101068
7290017058139,false,רסק תפוח עץ עם תות ש,,,רסק תפוח עץ עם תות ש,יחידה,0.00,יחידה,false,,12.90,0.0000,true,1,97579
7290017058573,false,פרוסות פלפל חלפיניו,,,פרוסות פלפל חלפיניו,גרמים,340.00,100 גרם,false,,9.90,2.9118,true,1,99137
7290017062037,false,ג'ל אלוורה נובו 200מ,,,ג'ל אלוורה נובו 200מ,מיליליטרים,200.00,"100 מ""ל",false,,9.90,4.9500,true,1,93663
7290017062730,false,טאצ' נוזל כלים תפוח,,,טאצ' נוזל כלים תפוח,מיליליטרים,750.00,"100 מ""ל",false,,8.90,1.1867,true,1,128722
7290017065007,false,מוצרלה פרוסה 150 גרם,,,מוצרלה פרוסה 150 גרם,גרמים,150.00,100 גרם,false,,19.60,13.0667,true,1,92704
7290017065137,false,ריקוטה למריחה 5% טבע,,,ריקוטה למריחה 5% טבע,גרמים,200.00,100 גרם,false,,10.90,5.4500,true,1,95776
7290017065144,false,ריקוטה למריחה 5% עפ,,,ריקוטה למריחה 5% עפ,גרמים,200.00,100 גרם,false,,10.90,5.4500,true,1,95778
7290017065168,false,גבינה כחולה 100 גרם,,,גבינה כחולה 100 גרם,גרמים,100.00,100 גרם,false,,17.90,17.9000,true,1,97096
7290017065212,false,קרם מסקרפונה 250 גרם,,,קרם מסקרפונה 250 גרם,גרמים,250.00,100 גרם,false,,21.90,8.7600,true,1,97099
7290017065236,false,בולגרית מעודנת 250גר,,,בולגרית מעודנת 250גר,גרמים,250.00,100 גרם,false,,24.90,9.9600,true,1,100923
7290017065434,false,פרוסות גאודה 200 גרם,,,פרוסות גאודה 200 גרם,גרמים,200.00,100 גרם,false,,22.90,11.4500,true,1,100390
7290017065441,false,פרוסות גאודה עיזים 2,,,פרוסות גאודה עיזים 2,גרמים,200.00,100 גרם,false,,35.90,17.9500,true,1,100391
7290017065526,false,קוואטרו פורמאג'י 300,,,קוואטרו פורמאג'י 300,גרמים,300.00,100 גרם,false,,29.90,9.9667,true,1,100399
7290017065588,false,יוגורט יווני 600 גרם,קריות זול,,יוגורט יווני 600 גרם,גרמים,600.00,100 גרם,false,,16.90,2.8167,true,1,120169
7290017065731,false,גבינת שמנת ניו יורק,,,גבינת שמנת ניו יורק,גרמים,200.00,100 גרם,false,,13.90,6.9500,true,1,135468
7290017088105,false,בייביסיטר פרפורמנס נ,,,בייביסיטר פרפורמנס נ,יח',38.00,יח',false,,29.90,0.7868,true,1,97035
7290017088112,false,בייביסיטר פרפורמנס נ,,,בייביסיטר פרפורמנס נ,יח',36.00,יח',false,,29.90,0.8306,true,1,97036
7290017088129,false,בייביסיטר פרפורמנס נ,,,בייביסיטר פרפורמנס נ,יח',34.00,יח',false,,29.90,0.8794,true,1,97037
7290017088143,false,בייביסיטר פרפורמנס נ,,,בייביסיטר פרפורמנס נ,יח',30.00,יח',false,,29.90,0.9967,true,1,97039
7290017088327,false,מגבוני בייביסיטר אקס,,,מגבוני בייביסיטר אקס,יחידה,0.00,יחידה,false,,15.90,0.0000,true,1,120208
7290017088815,false,תחבושות בריז נורמל 1,,,תחבושות בריז נורמל 1,יחידה,0.00,יחידה,false,,19.90,0.0000,true,1,136681
7290017088839,false,תחבושות בריז אקסטרה,,,תחבושות בריז אקסטרה,יחידה,0.00,יחידה,false,,19.90,0.0000,true,1,136683
7290017094847,false,סלט תפוחי אדמה 400 ג,,,סלט תפוחי אדמה 400 ג,גרמים,400.00,100 גרם,false,,14.90,3.7250,true,1,99192
7290017094861,false,חומוס עם רוטב מסבחה,,,חומוס עם רוטב מסבחה,גרמים,400.00,100 גרם,false,,14.90,3.7250,true,1,99194
7290017105383,false,תירס קיד יכין שלישיי,,,תירס קיד יכין שלישיי,גרמים,495.00,100 גרם,false,,15.90,3.2121,true,1,113034
7290017105468,false,אפונה גינה יכין Oz2,,,אפונה גינה יכין Oz2,גרמים,600.00,100 גרם,false,,15.90,2.6500,true,1,112311
7290017105550,false,רסק עגבניות 100% מאג,,,רסק עגבניות 100% מאג,גרמים,400.00,100 גרם,false,,11.90,2.9750,true,1,107829
7290017105895,false,גרגרי חומוס מסעדות י,,,גרגרי חומוס מסעדות י,גרמים,560.00,100 גרם,false,,9.90,1.7679,true,1,126961
7290017106069,false,קוביות סלק יכין 550ג,,,קוביות סלק יכין 550ג,גרמים,550.00,100 גרם,false,,10.90,1.9818,true,1,112795
7290017121048,false,ממרח פלפל צ'ומה 250,,,ממרח פלפל צ'ומה 250,גרמים,250.00,100 גרם,false,,13.90,5.5600,true,1,100134
7290017121086,false,אריסה ביתית מתוקה 25,,,אריסה ביתית מתוקה 25,גרמים,250.00,100 גרם,false,,13.90,5.5600,true,1,138766
7290017121093,false,ממרח אריסה חריפה 250,,,ממרח אריסה חריפה 250,גרמים,250.00,100 גרם,false,,13.90,5.5600,true,1,100135
7290017129617,false,לקקן קולה לימונדה 45,,,לקקן קולה לימונדה 45,גרמים,450.00,100 גרם,false,,14.90,3.3111,true,1,97998
7290017129754,false,אגו שוקולד פרימיום 7,,,אגו שוקולד פרימיום 7,גרמים,100.00,100 גרם,false,,8.90,8.9000,true,1,97990
7290017129761,false,אגו שוקולד פרימיום 7,,,אגו שוקולד פרימיום 7,גרמים,100.00,100 גרם,false,,8.90,8.9000,true,1,97991
7290017129778,false,אגו שוקולד פרימיום 7,,,אגו שוקולד פרימיום 7,גרמים,100.00,100 גרם,false,,8.90,8.9000,true,1,97992
7290017129839,false,אגו שוקולד פרימיום 7,,,אגו שוקולד פרימיום 7,גרמים,100.00,100 גרם,false,,8.90,8.9000,true,1,97993
7290017142111,false,פתיתי טונה בהירה בשמ,,,פתיתי טונה בהירה בשמ,יחידה,0.00,יחידה,false,,9.90,0.0000,true,1,97279
7290017142128,false,שמן זית כתית מעולה ק,,,שמן זית כתית מעולה ק,מיליליטרים,750.00,"100 מ""ל",false,,34.90,4.6533,true,1,96065
7290017142159,false,נתחי טונה בהירה בשמן,,,נתחי טונה בהירה בשמן,גרמים,240.00,100 גרם,false,,25.90,10.7917,true,1,97274
7290017142289,false,תרסיס שמן חמניות עץ,,,תרסיס שמן חמניות עץ,מיליליטרים,200.00,"100 מ""ל",false,,17.90,8.9500,true,1,99090
7290017142340,false,שמן זרעי ענבים מזוכך,,,שמן זרעי ענבים מזוכך,מיליליטרים,1000.00,"100 מ""ל",false,,29.90,2.9900,true,1,137263
7290017142388,false,שמן חמניות פלוס 1 לי,,,שמן חמניות פלוס 1 לי,ליטרים,1.00,ליטר,false,,17.90,17.9000,true,1,137264
7290017142500,false,תרסיס שמן זית בטעם ש,,,תרסיס שמן זית בטעם ש,מיליליטרים,150.00,"100 מ""ל",false,,19.90,13.2667,true,1,140376
7290017197029,false,אל סבון מאסק לבן 1 ל,,,אל סבון מאסק לבן 1 ל,ליטרים,1.00,ליטר,false,,9.90,9.9000,true,1,100740
7290017197364,false,אל סבון תות ורוד 1 ל,,,אל סבון תות ורוד 1 ל,ליטרים,1.00,ליטר,false,,9.90,9.9000,true,1,100741
7290017239101,false,פילה סלמון אטלנטי מע,,,פילה סלמון אטלנטי מע,גרמים,100.00,100 גרם,false,,23.90,23.9000,true,1,113297
7290017275338,false,טחינה גולמית טורקיז,,,טחינה גולמית טורקיז,גרמים,500.00,100 גרם,false,,14.90,2.9800,true,1,137813
7290017275345,false,טחינה גולמית בקבוק ל,,,טחינה גולמית בקבוק ל,גרמים,350.00,100 גרם,false,,9.90,2.8286,true,1,140805
7290017275369,false,טחינה גולמית משומשום,,,טחינה גולמית משומשום,גרמים,500.00,100 גרם,false,,14.90,2.9800,true,1,137814
7290017289168,false,"יין אדום יבש 750 מ""ל",,,"יין אדום יבש 750 מ""ל",מיליליטרים,750.00,"100 מ""ל",false,,24.90,3.3200,true,1,99123
7290017297149,false,גרגירי חומוס להכנה ח,,,גרגירי חומוס להכנה ח,גרמים,550.00,100 גרם,false,,8.90,1.6182,true,1,128533
7290017297644,false,ברוקולי גרין אנד פרש,,,ברוקולי גרין אנד פרש,גרמים,800.00,100 גרם,false,,14.90,1.8625,true,1,138157
7290017297682,false,כרובית גרין אנד פרש,,,כרובית גרין אנד פרש,גרמים,800.00,100 גרם,false,,12.90,1.6125,true,1,138156
7290017339610,false,חלה בריוש 6 כדורים,,,חלה בריוש 6 כדורים,יחידה,0.00,יחידה,false,,19.90,0.0000,true,1,137492
7290017339627,false,חלה  בריוש כתר,,,חלה  בריוש כתר,יחידה,0.00,יחידה,false,,19.90,0.0000,true,1,137483
7290017396033,false,בייגל רומני,,,בייגל רומני,יחידה,0.00,יחידה,false,,18.90,0.0000,true,1,138947
7290017396071,false,המבורגר פרימיום,,,המבורגר פרימיום,יחידה,0.00,יחידה,false,,18.90,0.0000,true,1,135873
7290017396163,false,לחם שיפון,,,לחם שיפון,יחידה,0.00,יחידה,false,,17.90,0.0000,true,1,135882
7290017396170,false,לחם שאור איטקי לבן,,,לחם שאור איטקי לבן,יחידה,0.00,יחידה,false,,17.90,0.0000,true,1,135883
7290017396187,false,לחם קלמטה,,,לחם קלמטה,יחידה,0.00,יחידה,false,,17.90,0.0000,true,1,135884
7290017396194,false,לחם דגנים דבש,,,לחם דגנים דבש,יחידה,0.00,יחידה,false,,19.90,0.0000,true,1,137487
7290017396217,false,לחם דגנים,,,לחם דגנים,יחידה,0.00,יחידה,false,,17.90,0.0000,true,1,135886
7290017396224,false,לחם כוסמין,,,לחם כוסמין,יחידה,0.00,יחידה,false,,17.90,0.0000,true,1,135887
7290017396248,false,מיני המבורגר,,,מיני המבורגר,יחידה,0.00,יחידה,false,,18.90,0.0000,true,1,137475
7290017396286,false,בייגל ירושלמי,,,בייגל ירושלמי,יחידה,0.00,יחידה,false,,18.90,0.0000,true,1,135892
7290017396415,false,ג'בטה דגנים,,,ג'בטה דגנים,יחידה,0.00,יחידה,false,,18.90,0.0000,true,1,137485
7290017396422,false,ג'בטינה דגנים,,,ג'בטינה דגנים,יחידה,0.00,יחידה,false,,18.90,0.0000,true,1,137484
7290017396439,false,ג'בטה לבן,,,ג'בטה לבן,יחידה,0.00,יחידה,false,,18.90,0.0000,true,1,137486
7290017396453,false,ביס חיטה,,,ביס חיטה,יחידה,0.00,יחידה,false,,18.90,0.0000,true,1,137471
7290017396507,false,בייגל חיטה,,,בייגל חיטה,יחידה,0.00,יחידה,false,,18.90,0.0000,true,1,137472
7290017396606,false,לחמניית שמיניה מתוקה,,,לחמניית שמיניה מתוקה,יחידה,0.00,יחידה,false,,18.90,0.0000,true,1,137482
7290017440286,false,מרכך שיער קידס פישר,,,מרכך שיער קידס פישר,מטרים,750.00,100 מ'ל,false,,17.90,2.3867,true,1,107048
7290017440309,false,שמפו קידס פישר 750 מ,,,שמפו קידס פישר 750 מ,מטרים,750.00,100 מ'ל,false,,17.90,2.3867,true,1,107049
7290017440323,false,שמפו +מרכך קידס פישר,,,שמפו +מרכך קידס פישר,מטרים,750.00,100 מ'ל,false,,17.90,2.3867,true,1,107050
7290017440965,false,קמיל אל סבון 1 ליטר,,,קמיל אל סבון 1 ליטר,מיליליטרים,1000.00,"100 מ""ל",false,,16.90,1.6900,true,1,107046
7290017457598,false,סוד מרכך מרוכז קיץ 9,,,סוד מרכך מרוכז קיץ 9,מיליליטרים,900.00,"100 מ""ל",false,,14.90,1.6556,true,1,100457
7290017457703,false,סוד מרכך מרוכז ארומת,,,סוד מרכך מרוכז ארומת,מיליליטרים,900.00,"100 מ""ל",false,,14.90,1.6556,true,1,100452
7290017457727,false,סוד מרכך מרוכז כחול,,,סוד מרכך מרוכז כחול,מיליליטרים,900.00,"100 מ""ל",false,,14.90,1.6556,true,1,100453
7290017457925,false,סוד מרכך מרוכז פרש ב,,,סוד מרכך מרוכז פרש ב,מיליליטרים,900.00,"100 מ""ל",false,,14.90,1.6556,true,1,128889
7290017457932,false,סוד מרכך מרוכז פרש ב,,,סוד מרכך מרוכז פרש ב,מיליליטרים,900.00,"100 מ""ל",false,,14.90,1.6556,true,1,128890
7290017470177,false,קש 200יח מתקפל צבעונ,,,קש 200יח מתקפל צבעונ,יחידה,0.00,יחידה,false,,10.90,0.0000,true,1,102750
7290017477169,false,קשיו קלוי ששון הקולה,,,קשיו קלוי ששון הקולה,גרמים,250.00,100 גרם,false,,20.00,8.0000,true,1,139642
7290017477282,false,גרעיני דלעת קלופים ק,,,גרעיני דלעת קלופים ק,גרמים,200.00,100 גרם,false,,10.00,5.0000,true,1,97470
7290017477299,false,ג'עלה 200 גרם.,,,ג'עלה 200 גרם.,גרמים,200.00,100 גרם,false,,10.00,5.0000,true,1,97471
7290017477305,false,זרעי צ'יה 250 גרם.,,,זרעי צ'יה 250 גרם.,גרמים,250.00,100 גרם,false,,10.00,4.0000,true,1,97473
7290017477558,false,שמן זית ספרדי לה איס,,,שמן זית ספרדי לה איס,מיליליטרים,750.00,"100 מ""ל",false,,29.90,3.9867,true,1,98691
7290017477596,false,תמר מג'הול 400 גרם א,,,תמר מג'הול 400 גרם א,גרמים,400.00,100 גרם,false,,19.90,4.9750,true,1,112220
7290017513393,false,תה ירוק סופר גרין בת,קריות זול,,תה ירוק סופר גרין בת,גרמים,87.00,100 גרם,false,,26.90,30.9195,true,1,106985
7290017513409,false,תה ירוק סופר גרין בט,,,תה ירוק סופר גרין בט,גרמים,87.00,100 גרם,false,,26.90,30.9195,true,1,107044
7290017513775,false,בייגלה מצופה שוקולד,,,בייגלה מצופה שוקולד,גרמים,140.00,100 גרם,false,,9.90,7.0714,true,1,127860
7290017513782,false,בייגלה מצופה שוקולד,,,בייגלה מצופה שוקולד,גרמים,140.00,100 גרם,false,,9.90,7.0714,true,1,127861
7290017516431,false,פנגיאה חטיפי בריאות,,,פנגיאה חטיפי בריאות,גרמים,300.00,100 גרם,false,,29.90,9.9667,true,1,135964
7290017516448,false,פנגיאה חטיפי בריאות,,,פנגיאה חטיפי בריאות,גרמים,300.00,100 גרם,false,,29.90,9.9667,true,1,135965
7290017599229,false,סוכרזית סוכרלוז 200,,,סוכרזית סוכרלוז 200,יח',200.00,יח',false,,25.90,0.1295,true,1,137786
7290017599304,false,סוכרזית סטיוויה כפית,,,סוכרזית סטיוויה כפית,גרמים,400.00,100 גרם,false,,39.90,9.9750,true,1,140762
7290017617411,false,סטארקיסט מיקס סלמון,,,סטארקיסט מיקס סלמון,גרמים,160.00,100 גרם,false,,15.90,9.9375,true,1,140758
7290017637204,false,ג'ל אלכוהול 70% נובו,,,ג'ל אלכוהול 70% נובו,מיליליטרים,100.00,"מ""ל",false,,8.90,0.0890,true,1,128083
7290017682556,false,שיפודים עבה 30סמ,,,שיפודים עבה 30סמ,יחידה,0.00,יחידה,false,,3.90,0.0000,true,1,127995
7290017812052,false,יין אקסלנס שיראז-קבר,קריות זול,,יין אקסלנס שיראז-קבר,מיליליטרים,750.00,"100 מ""ל",false,,24.90,3.3200,true,1,99288
7290017812069,false,יין אקסלנס ריזלינג-ש,,,יין אקסלנס ריזלינג-ש,מיליליטרים,750.00,"100 מ""ל",false,,24.90,3.3200,true,1,99289
7290017812106,false,יין מוג'ו בלנד לבן 7,,,יין מוג'ו בלנד לבן 7,מטרים,750.00,100 מ'ל,false,,19.90,2.6533,true,1,136805
7290017812588,false,מיץ ענבים לבן 100% ט,,,מיץ ענבים לבן 100% ט,מיליליטרים,1000.00,"100 מ""ל",false,,19.90,1.9900,true,1,112699
7290017812830,false,יין רוזה פריווט קולק,קריות זול,,יין רוזה פריווט קולק,מיליליטרים,750.00,"100 מ""ל",false,,39.90,5.3200,true,1,135170
7290017812878,false,יין אקסלנס רוזה 750,קריות זול,,יין אקסלנס רוזה 750,מיליליטרים,750.00,"100 מ""ל",false,,24.90,3.3200,true,1,135173
7290017812977,false,באז משקה יין  מוגז א,קריות זול,,באז משקה יין  מוגז א,מיליליטרים,750.00,"100 מ""ל",false,,26.90,3.5867,true,1,136008
7290017871363,false,פמלי יהלום סבון ידיי,קריות זול,,פמלי יהלום סבון ידיי,מיליליטרים,500.00,"100 מ""ל",false,,9.90,1.9800,true,1,120538
7290017871370,false,פמלי יהלום סבון ידיי,קריות זול,,פמלי יהלום סבון ידיי,מיליליטרים,500.00,"100 מ""ל",false,,9.90,1.9800,true,1,120539
7290017872056,false,פמלי אל סבון אפרסק 3,,,פמלי אל סבון אפרסק 3,יחידה,0.00,יחידה,false,,15.90,0.0000,true,1,120472
7290017872063,false,"פמלי אל סבון 500 מ""ל",קריות זול,,"פמלי אל סבון 500 מ""ל",ליטרים,1.50,ליטר,false,,15.50,10.3333,true,1,120473
7290017888101,false,שוופס מוגז עדין אפרס,,,שוופס מוגז עדין אפרס,מיליליטרים,1320.00,"100 מ""ל",false,,15.90,1.2045,true,1,100157
7290017888354,false,מי עדן 750מל,קריות זול,,מי עדן 750מל,מיליליטרים,750.00,"100 מ""ל",false,,3.50,0.4667,true,1,134781
7290017888729,false,שוופס סודה בקבוק 1 ל,,,שוופס סודה בקבוק 1 ל,מיליליטרים,1000.00,"100 מ""ל",false,,3.90,0.3900,true,1,120343
7290017888972,false,מי עדן 1 ליטר פקק ספ,,,מי עדן 1 ליטר פקק ספ,מיליליטרים,1000.00,"100 מ""ל",false,,3.90,0.3900,true,1,120608
7290017907222,false,קמח תמי תופח ללא גלו,,,קמח תמי תופח ללא גלו,גרמים,500.00,100 גרם,false,,19.90,3.9800,true,1,135925
7290017907246,false,תמי סולת ללא גלוטן 3,,,תמי סולת ללא גלוטן 3,גרמים,300.00,100 גרם,false,,16.90,5.6333,true,1,135926
7290017917283,false,רביעיית מגבוני קמיל,,,רביעיית מגבוני קמיל,יחידה,0.00,יחידה,false,,21.90,0.0000,true,1,113202
7290017917382,false,קמיל אל סבון 1 ליטר,,,קמיל אל סבון 1 ליטר,מיליליטרים,1000.00,"100 מ""ל",false,,16.90,1.6900,true,1,107045
7290017928463,false,סמאש- שבורים  בטעם ד,,,סמאש- שבורים  בטעם ד,גרמים,300.00,100 גרם,false,,13.90,4.6333,true,1,136955
7290017928661,false,סמאש- שבורים בטעם צ',,,סמאש- שבורים בטעם צ',גרמים,300.00,100 גרם,false,,13.90,4.6333,true,1,136956
7290017938264,false,חומוס עם חריף 200 גר,,,חומוס עם חריף 200 גר,גרמים,200.00,100 גרם,false,,9.90,4.9500,true,1,140525
7290017946399,false,סוד מרכך מרוכז ארומת,,,סוד מרכך מרוכז ארומת,מיליליטרים,900.00,"100 מ""ל",false,,14.90,1.6556,true,1,138060
7290017946979,false,פרסיל ג'ל כביסה נטרו,,,פרסיל ג'ל כביסה נטרו,ליטרים,2.40,ליטר,false,,34.90,14.5417,true,1,135023
7290017969084,false,מרקיות 25 יחידות,,,מרקיות 25 יחידות,יחידה,0.00,יחידה,false,,9.90,0.0000,true,1,113066
7290017969916,false,צמר גפן רפואי 100 גר,,,צמר גפן רפואי 100 גר,גרמים,100.00,100 גרם,false,,4.90,4.9000,true,1,136499
7290017969978,false,כוס מרוקאית 40 יח,,,כוס מרוקאית 40 יח,יחידה,0.00,יחידה,false,,11.90,0.0000,true,1,136523
7290017973050,false,ריבות חמוציות מעובדו,,,ריבות חמוציות מעובדו,גרמים,900.00,100 גרם,false,,24.90,2.7667,true,1,100201
7290017978215,false,קרמבו ריאו מוקה 16 י,,,קרמבו ריאו מוקה 16 י,יחידה,0.00,יחידה,false,,22.90,0.0000,true,1,127060
7290018043844,false,חטיף חלבון בוטנים קר,,,חטיף חלבון בוטנים קר,גרמים,60.00,100 גרם,false,,12.90,21.5000,true,1,140131
7290018045084,false,דגני בוקר בון בון במ,,,דגני בוקר בון בון במ,גרמים,480.00,100 גרם,false,,23.90,4.9792,true,1,138843
7290018045497,false,דגני בוקר בון בון במ,,,דגני בוקר בון בון במ,גרמים,480.00,100 גרם,false,,23.90,4.9792,true,1,138842
7290018045893,false,דגני בוקר בון בון במ,,,דגני בוקר בון בון במ,גרמים,480.00,100 גרם,false,,23.90,4.9792,true,1,138841
7290018050064,false,ממרח שקדים 300גר,,,ממרח שקדים 300גר,גרמים,300.00,100 גרם,false,,34.90,11.6333,true,1,137808
7290018050408,false,אגוזי פיסטוק קלויים,,,אגוזי פיסטוק קלויים,גרמים,160.00,100 גרם,false,,15.00,9.3750,true,1,127800
7290018050453,false,קשיו טבעי קופסא 220,,,קשיו טבעי קופסא 220,גרמים,220.00,100 גרם,false,,15.00,6.8182,true,1,127805
7290018050460,false,קשיו קלוי קופסא 200,,,קשיו קלוי קופסא 200,גרמים,200.00,100 גרם,false,,15.00,7.5000,true,1,127806
7290018050484,false,אגוז מלך קלופים טבעי,,,אגוז מלך קלופים טבעי,גרמים,150.00,100 גרם,false,,10.00,6.6667,true,1,127782
7290018050491,false,אלמונדוס קופסא 220 ג,,,אלמונדוס קופסא 220 ג,גרמים,220.00,100 גרם,false,,10.00,4.5455,true,1,127783
7290018050514,false,בוטן מטוגן קופסא 240,,,בוטן מטוגן קופסא 240,גרמים,240.00,100 גרם,false,,10.00,4.1667,true,1,127785
7290018050521,false,אגוזי לוז טבעי קופסא,,,אגוזי לוז טבעי קופסא,גרמים,180.00,100 גרם,false,,10.00,5.5556,true,1,127786
7290018050545,false,גרעיני אבטיח קלויים,,,גרעיני אבטיח קלויים,גרמים,140.00,100 גרם,false,,10.00,7.1429,true,1,127787
7290018050552,false,גרעיני דלעת קלופים ט,,,גרעיני דלעת קלופים ט,גרמים,240.00,100 גרם,false,,10.00,4.1667,true,1,127808
7290018050569,false,גרעיני חמנייה קלופים,,,גרעיני חמנייה קלופים,גרמים,400.00,100 גרם,false,,10.00,2.5000,true,1,127809
7290018050637,false,בוטנים אמריקאים מצופ,,,בוטנים אמריקאים מצופ,גרמים,300.00,100 גרם,false,,10.00,3.3333,true,1,127813
7290018050644,false,קבוקים-בוטנים מצופים,,,קבוקים-בוטנים מצופים,גרמים,300.00,100 גרם,false,,10.00,3.3333,true,1,127814
7290018050675,false,שקד קלוי קופסא 210 ג,,,שקד קלוי קופסא 210 ג,גרמים,210.00,100 גרם,false,,15.00,7.1429,true,1,127815
7290018050699,false,שקדים טבעיים קלופים,,,שקדים טבעיים קלופים,גרמים,230.00,100 גרם,false,,15.00,6.5217,true,1,127817
7290018050750,false,מיקס אגוזים חמצוציות,,,מיקס אגוזים חמצוציות,גרמים,130.00,100 גרם,false,,10.00,7.6923,true,1,127795
7290018050767,false,מיקס מאקס-חטיפי אורז,,,מיקס מאקס-חטיפי אורז,גרמים,300.00,100 גרם,false,,10.00,3.3333,true,1,127820
7290018050774,false,מיאסי (בוטנים מצופים,,,מיאסי (בוטנים מצופים,גרמים,270.00,100 גרם,false,,10.00,3.7037,true,1,127821
7290018050781,false,אפונה מטוגנת קופסא 3,,,אפונה מטוגנת קופסא 3,גרמים,320.00,100 גרם,false,,10.00,3.1250,true,1,127822
7290018050811,false,חטיף תירס ברביקיו קו,,,חטיף תירס ברביקיו קו,גרמים,220.00,100 גרם,false,,10.00,4.5455,true,1,127823
7290018050828,false,חטיף חטיפול קופסא 22,,,חטיף חטיפול קופסא 22,גרמים,220.00,100 גרם,false,,10.00,4.5455,true,1,127824
7290018050835,false,בוטנים קלויים ומומלח,,,בוטנים קלויים ומומלח,גרמים,250.00,100 גרם,false,,10.00,4.0000,true,1,127825
7290018050842,false,שקדים בקרמל קופסא 20,,,שקדים בקרמל קופסא 20,גרמים,200.00,100 גרם,false,,15.00,7.5000,true,1,127826
7290018050859,false,אגוזי קשיו בקרמל קופ,,,אגוזי קשיו בקרמל קופ,גרמים,200.00,100 גרם,false,,15.00,7.5000,true,1,127827
7290018050866,false,בוטנים בכרמל קופסא 2,,,בוטנים בכרמל קופסא 2,גרמים,200.00,100 גרם,false,,10.00,5.0000,true,1,127796
7290018091821,false,פיצה נפוליטנה מעדנות,,,פיצה נפוליטנה מעדנות,גרמים,200.00,100 גרם,false,,14.90,7.4500,true,1,128244
7290018131534,false,*מבצע* מאגדת בייטס מ,,,*מבצע* מאגדת בייטס מ,גרמים,250.00,100 גרם,false,,10.00,4.0000,true,1,136607
7290018131954,false,לה פרוטה מאגדת תות ש,,,לה פרוטה מאגדת תות ש,גרמים,350.00,100 גרם,false,,29.90,8.5429,true,1,136614
7290018165447,false,יין רזרב גולד מרלו 7,,,יין רזרב גולד מרלו 7,מיליליטרים,750.00,"100 מ""ל",false,,49.90,6.6533,true,1,135137
7290018192658,false,פטריות צמד חמד איטלק,קריות זול,,פטריות צמד חמד איטלק,יחידה,0.00,יחידה,false,,16.90,0.0000,true,1,128245
7290018194171,false,"אורז בסמטי 5 ק""ג",,,"אורז בסמטי 5 ק""ג",גרמים,5000.00,100 גרם,false,,29.90,0.5980,true,1,136061
7290018198056,false,תפוגן קוביות תפוחי א,,,תפוגן קוביות תפוחי א,גרמים,1500.00,100 גרם,false,,26.90,1.7933,true,1,120177
7290018213261,false,מטליות מיקרופייבר אי,,,מטליות מיקרופייבר אי,יחידה,0.00,יחידה,false,,10.90,0.0000,true,1,139576
7290018213995,false,*מבצע* 3 מטליות מיקר,,,*מבצע* 3 מטליות מיקר,יחידה,0.00,יחידה,false,,10.90,0.0000,true,1,140291
7290018237281,false,נקניק סלמי ירדן עוף,,,נקניק סלמי ירדן עוף,גרמים,550.00,100 גרם,false,,24.90,4.5273,true,1,139446
7290018237373,false,פסטרמה צרובה על הגרי,,,פסטרמה צרובה על הגרי,גרמים,300.00,100 גרם,false,,27.90,9.3000,true,1,139439
7290018237397,false,פסטרמה מקורמלת מנתח,,,פסטרמה מקורמלת מנתח,גרמים,300.00,100 גרם,false,,27.90,9.3000,true,1,139438
7290018237410,false,פסטרמה במעשנה מנתח ש,,,פסטרמה במעשנה מנתח ש,גרמים,300.00,100 גרם,false,,27.90,9.3000,true,1,139437
7290018237489,false,פסטרמה ברביקיו דק-דק,,,פסטרמה ברביקיו דק-דק,גרמים,220.00,100 גרם,false,,21.90,9.9545,true,1,139443
7290018237496,false,פסטרמה בדבש דק-דק 22,,,פסטרמה בדבש דק-דק 22,גרמים,220.00,100 גרם,false,,21.90,9.9545,true,1,139445
7290018237502,false,כתף בקר דק-דק 200 גר,,,כתף בקר דק-דק 200 גר,גרמים,200.00,100 גרם,false,,21.90,10.9500,true,1,139444
7290018237922,false,שניצלונים בציפוי ציפ,,,שניצלונים בציפוי ציפ,גרמים,700.00,100 גרם,false,,19.90,2.8429,true,1,139525
7290018237939,false,שניצלונים בציפוי שומ,,,שניצלונים בציפוי שומ,גרמים,700.00,100 גרם,false,,19.90,2.8429,true,1,139526
7290018237960,false,עוף טוב כתף בקר עסיס,קריות זול,,עוף טוב כתף בקר עסיס,גרמים,265.00,100 גרם,false,,25.90,9.7736,true,1,140639
7290018294208,false,יין סלקטד אדום ישראל,קריות זול,,יין סלקטד אדום ישראל,מיליליטרים,750.00,"100 מ""ל",false,,29.90,3.9867,true,1,137144
7290018359495,false,תירס מהשדה בלי תוספת,קריות זול,,תירס מהשדה בלי תוספת,גרמים,550.00,100 גרם,false,,10.90,1.9818,true,1,128818
7290018359518,false,תירס מהשדה בלי תוספת,,,תירס מהשדה בלי תוספת,גרמים,600.00,100 גרם,false,,15.90,2.6500,true,1,128819
7290018359570,false,שעועית צ'ילי הקטניה,,,שעועית צ'ילי הקטניה,גרמים,200.00,100 גרם,false,,12.90,6.4500,true,1,135033
7290018359587,false,חומוס הקטניה הטובה י,,,חומוס הקטניה הטובה י,גרמים,200.00,100 גרם,false,,12.90,6.4500,true,1,135031
7290018359952,false,רוטב עגבניות לפסטה י,,,רוטב עגבניות לפסטה י,גרמים,400.00,100 גרם,false,,11.90,2.9750,true,1,141233
7290018380505,false,"אורז פרסי ארוך 1 ק""ג",,,"אורז פרסי ארוך 1 ק""ג",גרמים,1000.00,100 גרם,false,,9.90,0.9900,true,1,136730
7290018380925,false,פרוזן שעועית ירוקה ע,,,פרוזן שעועית ירוקה ע,גרמים,800.00,100 גרם,false,,12.90,1.6125,true,1,141161
7290018380949,false,פרוזן אפונה עדינה 80,,,פרוזן אפונה עדינה 80,גרמים,800.00,100 גרם,false,,12.90,1.6125,true,1,141163
7290018380956,false,פרוזן גזר גמדי 800 ג,,,פרוזן גזר גמדי 800 ג,גרמים,800.00,100 גרם,false,,12.90,1.6125,true,1,141166
7290018400609,false,פיאסטה  מקסיקנית סנפ,,,פיאסטה  מקסיקנית סנפ,גרמים,800.00,100 גרם,false,,23.90,2.9875,true,1,128542
7290018400807,false,טברנה יוונית סנפרוסט,,,טברנה יוונית סנפרוסט,גרמים,800.00,100 גרם,false,,23.90,2.9875,true,1,128543
7290018440209,false,בייגלה בציפוי פאד'ג,,,בייגלה בציפוי פאד'ג,גרמים,140.00,100 גרם,false,,9.90,7.0714,true,1,134802
7290018440223,false,תה צאי מסאלה 25שק,קריות זול,,תה צאי מסאלה 25שק,יחידה,0.00,יחידה,false,,21.90,0.0000,true,1,138792
7290018440391,false,תה ירוק מאטה נענע גו,,,תה ירוק מאטה נענע גו,יחידה,0.00,יחידה,false,,26.90,0.0000,true,1,137812
7290018440407,false,תה ירוק מאטה קקאו לו,,,תה ירוק מאטה קקאו לו,יחידה,0.00,יחידה,false,,26.90,0.0000,true,1,137810
7290018440483,false,בייגלה מצופה בקרמל מ,,,בייגלה מצופה בקרמל מ,גרמים,140.00,100 גרם,false,,9.90,7.0714,true,1,137081
7290018440896,false,חליטת ג'ינג'ר וכורכו,,,חליטת ג'ינג'ר וכורכו,גרמים,37.50,100 גרם,false,,19.90,53.0667,true,1,138461
7290018471029,false,שוופס סודה לימון מאר,,,שוופס סודה לימון מאר,מיליליטרים,3000.00,"100 מ""ל",false,,15.90,0.5300,true,1,128458
7290018471319,false,שוופס ביטר למון 4*25,,,שוופס ביטר למון 4*25,מיליליטרים,1000.00,"100 מ""ל",false,,22.90,2.2900,true,1,135019
7290018471395,false,פרוט & ווג' תפוח רימ,,,פרוט & ווג' תפוח רימ,מיליליטרים,1000.00,"100 מ""ל",false,,13.90,1.3900,true,1,135495
7290018471401,false,פרוט & ווג' אננס בננ,,,פרוט & ווג' אננס בננ,מיליליטרים,1000.00,"100 מ""ל",false,,13.90,1.3900,true,1,135494
7290018471463,false,תפוזינה נקטר תפוז מנ,,,תפוזינה נקטר תפוז מנ,מיליליטרים,1000.00,"100 מ""ל",false,,7.90,0.7900,true,1,136367
7290018471470,false,תפוזינה נקטר תפוז פס,קריות זול,,תפוזינה נקטר תפוז פס,מיליליטרים,1000.00,"100 מ""ל",false,,7.90,0.7900,true,1,136368
7290018471487,false,תפוזינה נקטר תפוז אנ,קריות זול,,תפוזינה נקטר תפוז אנ,מיליליטרים,1000.00,"100 מ""ל",false,,7.90,0.7900,true,1,136365
7290018471623,false,שוופס טוניק אשכוליות,,,שוופס טוניק אשכוליות,מיליליטרים,1000.00,"100 מ""ל",false,,9.90,0.9900,true,1,136741
7290018471630,false,שוופס טוניק מלפפון ל,,,שוופס טוניק מלפפון ל,מיליליטרים,1000.00,"100 מ""ל",false,,9.90,0.9900,true,1,136739
7290018471906,false,שוופס מוגז לימונדה ו,,,שוופס מוגז לימונדה ו,מיליליטרים,1500.00,"100 מ""ל",false,,9.90,0.6600,true,1,138330
7290018471913,false,שוופס מוגז תפוחים 1.,,,שוופס מוגז תפוחים 1.,מיליליטרים,1500.00,"100 מ""ל",false,,9.90,0.6600,true,1,138331
7290018471937,false,שוופס מוגז פירות תות,,,שוופס מוגז פירות תות,מיליליטרים,1500.00,"100 מ""ל",false,,9.90,0.6600,true,1,138335
7290018471944,false,שוופס מוגז למונייד 1,,,שוופס מוגז למונייד 1,מיליליטרים,1500.00,"100 מ""ל",false,,9.90,0.6600,true,1,138332
7290018471951,false,שוופס מוגז אשכולית א,,,שוופס מוגז אשכולית א,מיליליטרים,1500.00,"100 מ""ל",false,,9.90,0.6600,true,1,138333
7290018564592,false,שום כתוש בצנצנת שף ה,,,שום כתוש בצנצנת שף ה,גרמים,200.00,100 גרם,false,,15.90,7.9500,true,1,139566
7290018564622,false,שום כתוש טבליות שף ה,,,שום כתוש טבליות שף ה,גרמים,80.00,100 גרם,false,,10.90,13.6250,true,1,137844
7290018564684,false,ממרח פסטו בזיליקום ו,,,ממרח פסטו בזיליקום ו,גרמים,200.00,100 גרם,false,,14.90,7.4500,true,1,138801
7290018564707,false,ממרח פלפל קלוי שף הט,,,ממרח פלפל קלוי שף הט,גרמים,200.00,100 גרם,false,,14.90,7.4500,true,1,138802
7290018652039,false,לה קרמריה קרמל מלוח,,,לה קרמריה קרמל מלוח,מיליליטרים,1400.00,"100 מ""ל",false,,22.90,1.6357,true,1,136613
7290018652671,false,לה קרמריה שוקו וניל,,,לה קרמריה שוקו וניל,מיליליטרים,1.40,"100 מ""ל",false,,22.90,1635.7143,true,1,139055
7290018652886,false,מאגדת מצופים בננה 8,,,מאגדת מצופים בננה 8,גרמים,440.00,100 גרם,false,,29.90,6.7955,true,1,139769
7290018652909,false,מאגדת גלידה קפה שוקו,,,מאגדת גלידה קפה שוקו,גרמים,215.00,100 גרם,false,,29.90,13.9070,true,1,139058
7290018652923,false,נסטלה מאגדת תות שוקו,,,נסטלה מאגדת תות שוקו,גרמים,215.00,100 גרם,false,,29.90,13.9070,true,1,139060
7290018703311,false,חטיף חלבון קרם עוגיו,,,חטיף חלבון קרם עוגיו,גרמים,60.00,100 גרם,false,,12.90,21.5000,true,1,140133
7290018703496,false,חטיף חלבון בננה טופי,,,חטיף חלבון בננה טופי,גרמים,60.00,100 גרם,false,,12.90,21.5000,true,1,140134
7290018724897,false,פירורי לחם נטורלה לל,,,פירורי לחם נטורלה לל,גרמים,300.00,100 גרם,false,,12.90,4.3000,true,1,135979
7290018770245,false,זית ירוק מגולען בטעם,,,זית ירוק מגולען בטעם,גרמים,190.00,100 גרם,false,,14.90,7.8421,true,1,140415
7290018770252,false,זית ירוק מגולען בטעם,,,זית ירוק מגולען בטעם,גרמים,190.00,100 גרם,false,,14.90,7.8421,true,1,140416
7290018770269,false,זית קלמטה עם שמן זית,,,זית קלמטה עם שמן זית,גרמים,190.00,100 גרם,false,,14.90,7.8421,true,1,140417
7290018770276,false,זית עריביקה עם שמן ז,,,זית עריביקה עם שמן ז,גרמים,215.00,100 גרם,false,,14.90,6.9302,true,1,140418
7290018770283,false,זית סורי בטעם לימון,,,זית סורי בטעם לימון,גרמים,215.00,100 גרם,false,,14.90,6.9302,true,1,140419
7290018770344,false,טחינה 100% שומשום את,,,טחינה 100% שומשום את,גרמים,500.00,100 גרם,false,,16.90,3.3800,true,1,140501
7290018770351,false,טחינה משומשום אתיופי,,,טחינה משומשום אתיופי,גרמים,500.00,100 גרם,false,,14.90,2.9800,true,1,140500
7290018792841,false,אבקת קקאו טבעי 150 ג,,,אבקת קקאו טבעי 150 ג,גרמים,150.00,100 גרם,false,,10.90,7.2667,true,1,141201
7290018792858,false,אבקת קקאו  טבעי 500,,,אבקת קקאו  טבעי 500,גרמים,500.00,100 גרם,false,,27.90,5.5800,true,1,141202
7290018860717,false,אטריות אורז 454 גרם,,,אטריות אורז 454 גרם,גרמים,454.00,100 גרם,false,,10.90,2.4009,true,1,138697
7290018860724,false,אטריות אורז  454 גרם,,,אטריות אורז  454 גרם,גרמים,454.00,100 גרם,false,,10.90,2.4009,true,1,138698
7290018893005,false,בייגלה שטוח חרדל ודב,,,בייגלה שטוח חרדל ודב,גרמים,160.00,100 גרם,false,,8.90,5.5625,true,1,138626
7290018893111,false,שוקולד מריר  בלגי 70,,,שוקולד מריר  בלגי 70,גרמים,100.00,100 גרם,false,,9.90,9.9000,true,1,138641
7290018893128,false,שוקולד חלב בלגי 34%,,,שוקולד חלב בלגי 34%,גרמים,100.00,100 גרם,false,,9.90,9.9000,true,1,138642
7290018893135,false,צ'וקטה גריסיני מלח 1,,,צ'וקטה גריסיני מלח 1,גרמים,120.00,100 גרם,false,,7.90,6.5833,true,1,140888
7290018893142,false,צ'וקטה גריסיני שמן ז,,,צ'וקטה גריסיני שמן ז,גרמים,120.00,100 גרם,false,,7.90,6.5833,true,1,140889
7290018893265,false,עוגות אישיות 5 שכבות,,,עוגות אישיות 5 שכבות,גרמים,240.00,100 גרם,false,,12.90,5.3750,true,1,138633
7290018893289,false,עוגות אישיות מגולגלו,,,עוגות אישיות מגולגלו,גרמים,222.00,100 גרם,false,,10.90,4.9099,true,1,138634
7290018893296,false,צ'וקטה עוגיות מיני ח,,,צ'וקטה עוגיות מיני ח,גרמים,100.00,100 גרם,false,,10.90,10.9000,true,1,140877
7290018893319,false,שוקולד מריר  בלגי 85,,,שוקולד מריר  בלגי 85,גרמים,100.00,100 גרם,false,,9.90,9.9000,true,1,138643
7290018893340,false,צ'וקטה גריסיני שומשו,,,צ'וקטה גריסיני שומשו,גרמים,120.00,100 גרם,false,,7.90,6.5833,true,1,140890
7290018893449,false,סטרופוופל במילוי קרמ,,,סטרופוופל במילוי קרמ,גרמים,175.00,100 גרם,false,,10.90,6.2286,true,1,138623
7290018893647,false,עוגיות סנדביץ מצופות,,,עוגיות סנדביץ מצופות,גרמים,150.00,100 גרם,false,,9.90,6.6000,true,1,138653
7290018893654,false,בייגלה בתוספת מלח צו,,,בייגלה בתוספת מלח צו,גרמים,200.00,100 גרם,false,,8.90,4.4500,true,1,138624
7290018893661,false,עוגות אישיות מצופה מ,,,עוגות אישיות מצופה מ,גרמים,240.00,100 גרם,false,,12.90,5.3750,true,1,138630
7290018893753,false,צ'וקטה וופל בלגי ט.ל,,,צ'וקטה וופל בלגי ט.ל,גרמים,100.00,100 גרם,false,,10.90,10.9000,true,1,140887
7290018893876,false,עוגות אישיות וניל ונ,,,עוגות אישיות וניל ונ,גרמים,200.00,100 גרם,false,,12.90,6.4500,true,1,138629
7290018893913,false,צ'וקטה חטיף מקלות גר,,,צ'וקטה חטיף מקלות גר,גרמים,52.00,100 גרם,false,,4.90,9.4231,true,1,140878
7290018894002,false,בלקוני וופל קוביות ק,,,בלקוני וופל קוביות ק,גרמים,250.00,100 גרם,false,,13.90,5.5600,true,1,140881
7290018894019,false,בלקוני עוגות אישיות,,,בלקוני עוגות אישיות,גרמים,350.00,100 גרם,false,,15.90,4.5429,true,1,140886
7290018894200,false,בלקוני וופל קוביות ו,,,בלקוני וופל קוביות ו,גרמים,250.00,100 גרם,false,,13.90,5.5600,true,1,140879
7290018894217,false,בלקוני עוגות מיקס מק,,,בלקוני עוגות מיקס מק,גרמים,350.00,100 גרם,false,,15.90,4.5429,true,1,140885
7290018894248,false,צוקטה שוקול חלב שליש,,,צוקטה שוקול חלב שליש,גרמים,100.00,100 גרם,false,,12.90,12.9000,true,1,140891
7290018894408,false,בלקוני וופל קוביות א,,,בלקוני וופל קוביות א,גרמים,250.00,100 גרם,false,,13.90,5.5600,true,1,140880
7290018894804,false,בלקוני וופל אגוזי  ל,,,בלקוני וופל אגוזי  ל,גרמים,175.00,100 גרם,false,,8.90,5.0857,true,1,140884
7290018925065,false,פרימור מיץ תפוזים סח,,,פרימור מיץ תפוזים סח,מיליליטרים,2000.00,"100 מ""ל",false,,29.90,1.4950,true,1,138462
7290018925096,false,משקה קל תפוזים ‏5‏.‏,,,משקה קל תפוזים ‏5‏.‏,מיליליטרים,1500.00,"100 מ""ל",false,,8.90,0.5933,true,1,138291
7290018925119,false,משקה קל דיאט אשכוליו,,,משקה קל דיאט אשכוליו,מיליליטרים,1500.00,"100 מ""ל",false,,8.90,0.5933,true,1,138293
7290018925126,false,משקה קל תפוחי עץ ‏5‏,,,משקה קל תפוחי עץ ‏5‏,מיליליטרים,1500.00,"100 מ""ל",false,,8.90,0.5933,true,1,138294
7290018925133,false,משקה קל מנגו ‏5‏.‏1‏,,,משקה קל מנגו ‏5‏.‏1‏,מיליליטרים,1500.00,"100 מ""ל",false,,8.90,0.5933,true,1,138295
7290018925157,false,משקה קל לימונים 1.5,,,משקה קל לימונים 1.5,מיליליטרים,1500.00,"100 מ""ל",false,,8.90,0.5933,true,1,138297
7290018925164,false,משקה קל תות-בננה ‏5‏,,,משקה קל תות-בננה ‏5‏,מיליליטרים,1500.00,"100 מ""ל",false,,8.90,0.5933,true,1,138298
7290018929001,false,5 מטליות מיקרופייבר,,,5 מטליות מיקרופייבר,יחידה,0.00,יחידה,false,,8.90,0.0000,true,1,140292
7290018972274,false,פרוזן שעועית ירוקה ח,,,פרוזן שעועית ירוקה ח,גרמים,800.00,100 גרם,false,,12.90,1.6125,true,1,141165
7290018972632,false,פרוזן ארטישוק תחתיות,,,פרוזן ארטישוק תחתיות,גרמים,400.00,100 גרם,false,,12.90,3.2250,true,1,141159
7290018972649,false,פרוזן פול ירוק 600 ג,,,פרוזן פול ירוק 600 ג,גרמים,600.00,100 גרם,false,,12.90,2.1500,true,1,141160
7290018972786,false,נודלס טעם ירקות להכנ,,,נודלס טעם ירקות להכנ,גרמים,72.00,100 גרם,false,,6.90,9.5833,true,1,140187
7290018989005,false,פולפה טבעית יכין 400,,,פולפה טבעית יכין 400,גרמים,1200.00,100 גרם,false,,15.90,1.3250,true,1,140034
7290019014447,false,מבשם לכביסה ולבית כח,,,מבשם לכביסה ולבית כח,מיליליטרים,500.00,"100 מ""ל",false,,29.90,5.9800,true,1,139182
7290019056034,false,שוופס מוגז פירות אננ,,,שוופס מוגז פירות אננ,מיליליטרים,1500.00,"100 מ""ל",false,,9.90,0.6600,true,1,138337
7290019056041,false,שוופס מוגז פירות ללא,,,שוופס מוגז פירות ללא,מיליליטרים,1500.00,"100 מ""ל",false,,9.90,0.6600,true,1,138338
7290019056058,false,שוופס מוגז עדין תפוח,,,שוופס מוגז עדין תפוח,מיליליטרים,1500.00,"100 מ""ל",false,,9.90,0.6600,true,1,138325
7290019056065,false,שוופס מוגז עדין פירו,,,שוופס מוגז עדין פירו,מיליליטרים,1500.00,"100 מ""ל",false,,9.90,0.6600,true,1,138326
7290019056072,false,שוופס מוגז עדין אננס,,,שוופס מוגז עדין אננס,מיליליטרים,1500.00,"100 מ""ל",false,,9.90,0.6600,true,1,138328
7290019056089,false,שוופס מוגז עדין טעם,,,שוופס מוגז עדין טעם,מיליליטרים,1500.00,"100 מ""ל",false,,9.90,0.6600,true,1,138329
7290019056096,false,שוופס מוגז עדין אפרס,,,שוופס מוגז עדין אפרס,מיליליטרים,1500.00,"100 מ""ל",false,,9.90,0.6600,true,1,138327
7290019056119,false,שוופס סודה 1.5ליטר,,,שוופס סודה 1.5ליטר,מיליליטרים,1500.00,"100 מ""ל",false,,4.20,0.2800,true,1,138314
7290019056164,false,שוופס סודה מארז 4*1.,קריות זול,,שוופס סודה מארז 4*1.,מיליליטרים,6000.00,"100 מ""ל",false,,12.90,0.2150,true,1,138370
7290019056195,false,שוופס סודה למון גראס,קריות זול,,שוופס סודה למון גראס,מיליליטרים,6000.00,"100 מ""ל",false,,12.90,0.2150,true,1,138377
7290019056201,false,שוופס סודה פירות יער,קריות זול,,שוופס סודה פירות יער,מיליליטרים,6000.00,"100 מ""ל",false,,12.90,0.2150,true,1,138378
7290019056232,false,שוופס ליים מוחיטו 1.,,,שוופס ליים מוחיטו 1.,מיליליטרים,1500.00,"100 מ""ל",false,,9.90,0.6600,true,1,138341
7290019056263,false,שוופס וואטר אפרסק 1.,,,שוופס וואטר אפרסק 1.,מיליליטרים,1500.00,"100 מ""ל",false,,9.90,0.6600,true,1,138362
7290019056294,false,שוופס ג'ינג'ר אייל 1,קריות זול,,שוופס ג'ינג'ר אייל 1,מיליליטרים,1500.00,"100 מ""ל",false,,13.90,0.9267,true,1,138371
7290019056300,false,שוופס ביטר לימון 1.5,קריות זול,,שוופס ביטר לימון 1.5,מיליליטרים,1500.00,"100 מ""ל",false,,13.90,0.9267,true,1,138372
7290019056317,false,שוופס רסצ'יין 1.5ליט,קריות זול,,שוופס רסצ'יין 1.5ליט,מיליליטרים,1500.00,"100 מ""ל",false,,13.90,0.9267,true,1,138373
7290019056324,false,שוופס מי טוניק 1.5לי,קריות זול,,שוופס מי טוניק 1.5לי,מיליליטרים,1500.00,"100 מ""ל",false,,13.90,0.9267,true,1,138369
7290019056331,false,שוופס מי טוניק ללא ס,קריות זול,,שוופס מי טוניק ללא ס,מיליליטרים,1500.00,"100 מ""ל",false,,13.90,0.9267,true,1,138374
7290019056355,false,תפוזינה לימונענע 1.5,קריות זול,,תפוזינה לימונענע 1.5,מיליליטרים,1500.00,"100 מ""ל",false,,9.90,0.6600,true,1,138324
7290019056362,false,תפוזינה ענבים 1.5ליט,קריות זול,,תפוזינה ענבים 1.5ליט,מיליליטרים,1500.00,"100 מ""ל",false,,9.90,0.6600,true,1,138315
7290019056386,false,תפוזינה אשכוליות 1.5,קריות זול,,תפוזינה אשכוליות 1.5,מיליליטרים,1500.00,"100 מ""ל",false,,9.90,0.6600,true,1,138317
7290019056393,false,תפוזינה תות בננה 1.5,קריות זול,,תפוזינה תות בננה 1.5,מיליליטרים,1500.00,"100 מ""ל",false,,9.90,0.6600,true,1,138318
7290019056409,false,תפוזינה מנגו עסיסי 1,קריות זול,,תפוזינה מנגו עסיסי 1,מיליליטרים,1500.00,"100 מ""ל",false,,9.90,0.6600,true,1,138319
7290019056416,false,תפוזינה לימונים 1.5ל,קריות זול,,תפוזינה לימונים 1.5ל,מיליליטרים,1500.00,"100 מ""ל",false,,9.90,0.6600,true,1,138320
7290019056430,false,תפוזינה דיאט תפוזים,קריות זול,,תפוזינה דיאט תפוזים,מיליליטרים,1500.00,"100 מ""ל",false,,9.90,0.6600,true,1,138322
7290019056478,false,ספרינג טי קר אפרסק 1,קריות זול,,ספרינג טי קר אפרסק 1,מיליליטרים,1500.00,"100 מ""ל",false,,9.90,0.6600,true,1,138365
7290019056485,false,ספרינג טי קר לימון ל,קריות זול,,ספרינג טי קר לימון ל,מיליליטרים,1500.00,"100 מ""ל",false,,9.90,0.6600,true,1,138366
7290019056508,false,משקה וואטר פרוט ענבי,,,משקה וואטר פרוט ענבי,מיליליטרים,1500.00,"100 מ""ל",false,,9.90,0.6600,true,1,138342
7290019056515,false,משקה וואטר פרוט אננס,,,משקה וואטר פרוט אננס,מיליליטרים,1500.00,"100 מ""ל",false,,9.90,0.6600,true,1,138343
7290019056539,false,משקה וואטר פרוט אפרס,,,משקה וואטר פרוט אפרס,מיליליטרים,1500.00,"100 מ""ל",false,,9.90,0.6600,true,1,138345
7290019056546,false,משקה וואטר פרוט אבטי,,,משקה וואטר פרוט אבטי,מיליליטרים,1500.00,"100 מ""ל",false,,9.90,0.6600,true,1,138346
7290019056553,false,עין גדי מים מינרלים,קריות זול,,עין גדי מים מינרלים,מיליליטרים,12000.00,"100 מ""ל",false,,13.80,0.1150,true,1,138301
7290019056577,false,ספרינג מנגו 1.5ליטר,קריות זול,,ספרינג מנגו 1.5ליטר,מיליליטרים,1500.00,"100 מ""ל",false,,9.90,0.6600,true,1,138304
7290019056584,false,ספרינג תפוזים 1.5ליט,קריות זול,,ספרינג תפוזים 1.5ליט,מיליליטרים,1500.00,"100 מ""ל",false,,9.90,0.6600,true,1,138303
7290019056591,false,ספרינג ענבים 1.5ליטר,,,ספרינג ענבים 1.5ליטר,מיליליטרים,1500.00,"100 מ""ל",false,,9.90,0.6600,true,1,138309
7290019056607,false,ספרינג תפוחים 1.5ליט,קריות זול,,ספרינג תפוחים 1.5ליט,מיליליטרים,1500.00,"100 מ""ל",false,,9.90,0.6600,true,1,138305
7290019056614,false,ספרינג אפרסק 1.5ליטר,קריות זול,,ספרינג אפרסק 1.5ליטר,מיליליטרים,1500.00,"100 מ""ל",false,,9.90,0.6600,true,1,138306
7290019056645,false,ספרינג אגס סברס תפוח,קריות זול,,ספרינג אגס סברס תפוח,מיליליטרים,1500.00,"100 מ""ל",false,,9.90,0.6600,true,1,138312
7290019056652,false,ספרינג אננס בננה 1.5,,,ספרינג אננס בננה 1.5,מיליליטרים,1500.00,"100 מ""ל",false,,9.90,0.6600,true,1,138313
7290019056669,false,ספרינג תפוחים דיאט 1,קריות זול,,ספרינג תפוחים דיאט 1,מיליליטרים,1500.00,"100 מ""ל",false,,9.90,0.6600,true,1,138307
7290019056676,false,ספרינג דיאט אשכוליות,קריות זול,,ספרינג דיאט אשכוליות,מיליליטרים,1500.00,"100 מ""ל",false,,9.90,0.6600,true,1,138308
7290019056720,false,קריסטל מיץ ענבים 2 ל,קריות זול,,קריסטל מיץ ענבים 2 ל,מיליליטרים,2000.00,"100 מ""ל",false,,8.90,0.4450,true,1,138349
7290019056737,false,קריסטל מיץ אשכוליות,קריות זול,,קריסטל מיץ אשכוליות,מיליליטרים,2000.00,"100 מ""ל",false,,8.90,0.4450,true,1,138350
7290019056744,false,קריסטל מיץ תפוזים 2,קריות זול,,קריסטל מיץ תפוזים 2,מיליליטרים,2000.00,"100 מ""ל",false,,8.90,0.4450,true,1,138351
7290019056751,false,קריסטל דיאט מיץ אשכו,קריות זול,,קריסטל דיאט מיץ אשכו,מיליליטרים,2000.00,"100 מ""ל",false,,8.90,0.4450,true,1,138358
7290019056768,false,קריסטל מיץ מנגו 2 לי,קריות זול,,קריסטל מיץ מנגו 2 לי,מיליליטרים,2000.00,"100 מ""ל",false,,8.90,0.4450,true,1,138352
7290019056782,false,קריסטל למון ליים 2 ל,קריות זול,,קריסטל למון ליים 2 ל,מיליליטרים,2000.00,"100 מ""ל",false,,8.90,0.4450,true,1,138354
7290019056805,false,קריסטל תפוח 2 ליטר,קריות זול,,קריסטל תפוח 2 ליטר,מיליליטרים,2000.00,"100 מ""ל",false,,8.90,0.4450,true,1,138355
7290019056812,false,קריסטל מנטה 2 ליטר,קריות זול,,קריסטל מנטה 2 ליטר,מיליליטרים,2000.00,"100 מ""ל",false,,8.90,0.4450,true,1,138356
7290019056836,false,קריסטל תות 2 ליטר,קריות זול,,קריסטל תות 2 ליטר,מיליליטרים,2000.00,"100 מ""ל",false,,8.90,0.4450,true,1,138357
7290019056850,false,ספרינג טי דיאט אפרסק,קריות זול,,ספרינג טי דיאט אפרסק,מיליליטרים,1500.00,"100 מ""ל",false,,9.90,0.6600,true,1,138368
7290019056966,false,מי עדן 1.5ליטר,,,מי עדן 1.5ליטר,מיליליטרים,1500.00,"100 מ""ל",false,,3.30,0.2200,true,1,138469
7290019056973,false,מי עדן שישייה 6*1.5,קריות זול,,מי עדן שישייה 6*1.5,מיליליטרים,9000.00,"100 מ""ל",false,,14.70,0.1633,true,1,138300
7290019153078,false,שוופס ביטר לימון  לי,קריות זול,,שוופס ביטר לימון  לי,מיליליטרים,1500.00,"100 מ""ל",false,,13.90,0.9267,true,1,138919
7290019153085,false,שוופס מוחיטו ללא סוכ,,,שוופס מוחיטו ללא סוכ,מיליליטרים,1500.00,"100 מ""ל",false,,9.90,0.6600,true,1,138874
7290019153252,false,שוופס סודה תפוח מארז,קריות זול,,שוופס סודה תפוח מארז,מיליליטרים,6000.00,"100 מ""ל",false,,12.90,0.2150,true,1,139753
7290019153269,false,שוופס סודה אננס מארז,קריות זול,,שוופס סודה אננס מארז,מיליליטרים,6000.00,"100 מ""ל",false,,12.90,0.2150,true,1,139754
7290019153375,false,תפוזינה מוחיטו 1.5 ל,קריות זול,,תפוזינה מוחיטו 1.5 ל,מיליליטרים,1500.00,"100 מ""ל",false,,9.90,0.6600,true,1,139956
7290019153566,false,ספרינג רימון אוכמניו,קריות זול,,ספרינג רימון אוכמניו,מיליליטרים,1500.00,"100 מ""ל",false,,9.90,0.6600,true,1,140606
7290019204107,false,עוף טוב פסטרמה בטעם,קריות זול,,עוף טוב פסטרמה בטעם,גרמים,320.00,100 גרם,false,,25.90,8.0937,true,1,140636
7290019204206,false,עוף טוב פסטרמה בסגנו,קריות זול,,עוף טוב פסטרמה בסגנו,גרמים,320.00,100 גרם,false,,25.90,8.0937,true,1,140637
7290019204305,false,עוף טוב פסטרמה ברביק,קריות זול,,עוף טוב פסטרמה ברביק,גרמים,350.00,100 גרם,false,,25.90,7.4000,true,1,140638
7290019204404,false,עוף טוב קורנביף נתח,קריות זול,,עוף טוב קורנביף נתח,גרמים,220.00,100 גרם,false,,25.90,11.7727,true,1,140640
7290019232155,false,תה ירוק קמומיל לבנדר,,,תה ירוק קמומיל לבנדר,יח',25.00,יח',false,,27.90,1.1160,true,1,141245
7290019232162,false,תה ירוק קמומיל מליסה,,,תה ירוק קמומיל מליסה,יח',25.00,יח',false,,27.90,1.1160,true,1,141246
7290019232193,false,תה ירוק לימונית ג'ינ,,,תה ירוק לימונית ג'ינ,יח',25.00,יח',false,,27.90,1.1160,true,1,141249
7290019232803,false,הולגריין ביסקוויט עם,,,הולגריין ביסקוויט עם,גרמים,300.00,100 גרם,false,,11.90,3.9667,true,1,141178
7290019233015,false,זיתא רוטב לשקשוקה יר,,,זיתא רוטב לשקשוקה יר,גרמים,420.00,100 גרם,false,,14.90,3.5476,true,1,141184
7290019233039,false,זיתא  רוטב לשקשוקה ק,,,זיתא  רוטב לשקשוקה ק,גרמים,420.00,100 גרם,false,,14.90,3.5476,true,1,141185
7290019233046,false,זית קלמטה בלונד זיתא,,,זית קלמטה בלונד זיתא,גרמים,215.00,100 גרם,false,,14.90,6.9302,true,1,139245
7290019297239,false,צימוק חום 330גר קופס,,,צימוק חום 330גר קופס,גרמים,330.00,100 גרם,false,,16.90,5.1212,true,1,70976
7290019297246,false,שזיפים בקופסא 330גר,,,שזיפים בקופסא 330גר,גרמים,330.00,100 גרם,false,,22.90,6.9394,true,1,70977
7290019297413,false,מעדן אפרסק שקדיה 100,,,מעדן אפרסק שקדיה 100,גרמים,284.00,100 גרם,false,,12.90,4.5423,true,1,73270
7290019297420,false,מעדן תות שדה שקדיה 1,,,מעדן תות שדה שקדיה 1,גרמים,284.00,100 גרם,false,,12.90,4.5423,true,1,73271
7290019297512,false,רוטב רימונים שקדיה 3,,,רוטב רימונים שקדיה 3,גרמים,350.00,100 גרם,false,,10.90,3.1143,true,1,71731
7290019297543,false,חמאת בוטנים 510גרם,,,חמאת בוטנים 510גרם,גרמים,510.00,100 גרם,false,,10.90,2.1373,true,1,91721
7290019297628,false,שקד טבעי 150גרם,,,שקד טבעי 150גרם,גרמים,150.00,100 גרם,false,,16.90,11.2667,true,1,75036
7290019297635,false,שקדים קלויים 150גר,,,שקדים קלויים 150גר,גרמים,150.00,100 גרם,false,,10.90,7.2667,true,1,93193
7290055090702,false,"שלוקים איגלו  29מ""ל",,,"שלוקים איגלו  29מ""ל",מיליליטרים,1740.00,"100 מ""ל",false,,14.90,0.8563,true,1,67422
7290055090801,false,שוקולד לבן ללא סוכר,,,שוקולד לבן ללא סוכר,גרמים,85.00,100 גרם,false,,6.90,8.1176,true,1,75991
7290100240137,false,בדין תרסיס כחול למיי,,,בדין תרסיס כחול למיי,מיליליטרים,500.00,"100 מ""ל",false,,19.90,3.9800,true,1,39601
7290100243671,false,בדין אקסטרא כחול 960,,,בדין אקסטרא כחול 960,מיליליטרים,960.00,"100 מ""ל",false,,18.90,1.9687,true,1,46140
7290100245231,false,נמס בכוס קנור ועוד ט,,,נמס בכוס קנור ועוד ט,גרמים,50.00,100 גרם,false,,7.50,15.0000,true,1,48456
7290100249659,false,רוטב לעוף צילי שום ק,,,רוטב לעוף צילי שום ק,גרמים,320.00,100 גרם,false,,14.90,4.6563,true,1,52207
7290100412343,false,קוויק מגבונים לניקוי,,,קוויק מגבונים לניקוי,יחידה,0.00,יחידה,false,,8.90,0.0000,true,1,77195
7290100412435,false,קוויק מגבונים לניקוי,,,קוויק מגבונים לניקוי,יחידה,0.00,יחידה,false,,8.90,0.0000,true,1,77196
7290100412459,false,קוויק מגבונים לניקוי,,,קוויק מגבונים לניקוי,יחידה,0.00,יחידה,false,,8.90,0.0000,true,1,77198
7290100412787,false,"תחליב רחצה ד""ר עור ק",,,"תחליב רחצה ד""ר עור ק",מיליליטרים,700.00,"100 מ""ל",false,,16.90,2.4143,true,1,98257
7290100413593,false,קוויק מטליות XL בניח,,,קוויק מטליות XL בניח,יחידה,0.00,יחידה,false,,8.90,0.0000,true,1,91457
7290100413609,false,קוויק מטליות לחות לנ,,,קוויק מטליות לחות לנ,יחידה,0.00,יחידה,false,,8.90,0.0000,true,1,91458
7290100680650,false,מנה חמה אסם נודלס-אט,,,מנה חמה אסם נודלס-אט,גרמים,76.00,100 גרם,false,,6.90,9.0789,true,1,37913
7290100680711,false,פירורית זהב שקית אסם,,,פירורית זהב שקית אסם,גרמים,350.00,100 גרם,false,,9.90,2.8286,true,1,24324
7290100680728,false,פירורית אסם שקית 350,,,פירורית אסם שקית 350,גרמים,350.00,100 גרם,false,,7.90,2.2571,true,1,24325
7290100681138,false,אפרופו מארז אסם 3*50,קריות זול,,אפרופו מארז אסם 3*50,גרמים,150.00,100 גרם,false,,13.90,9.2667,true,1,24328
7290100684139,false,פסטה מיני מקרוני אסם,,,פסטה מיני מקרוני אסם,גרמים,500.00,100 גרם,false,,6.90,1.3800,true,1,24398
7290100685136,false,*מבצע* מרק טעם עוף 1,,,*מבצע* מרק טעם עוף 1,גרמים,1000.00,100 גרם,false,,12.00,1.2000,true,1,24422
7290100685334,false,*מבצע* מרק עוף רכיבי,קריות זול,,*מבצע* מרק עוף רכיבי,גרמים,400.00,100 גרם,false,,22.90,5.7250,true,1,24433
7290100685341,false,*מבצע* מרק טעם עוף ז,,,*מבצע* מרק טעם עוף ז,גרמים,400.00,100 גרם,false,,16.90,4.2250,true,1,24434
7290100685600,false,פירורית זהב חיטה מלא,,,פירורית זהב חיטה מלא,גרמים,200.00,100 גרם,false,,7.90,3.9500,true,1,24452
7290100686171,false,ביסלי גריל מארז אסם,,,ביסלי גריל מארז אסם,גרמים,210.00,100 גרם,false,,14.90,7.0952,true,1,24476
7290100687109,false,במבה במילוי קרם נוגט,,,במבה במילוי קרם נוגט,גרמים,60.00,100 גרם,false,,4.90,8.1667,true,1,42846
7290100689301,false,מרק בטעם עוף זך אסם,,,מרק בטעם עוף זך אסם,גרמים,400.00,100 גרם,false,,16.90,4.2250,true,1,39917
7290100700006,false,חיטה סוגת 1קג,,,חיטה סוגת 1קג,גרמים,1000.00,100 גרם,false,,8.90,0.8900,true,1,53014
7290100700020,false,גריסי פנינה סוגת 500,,,גריסי פנינה סוגת 500,גרמים,500.00,100 גרם,false,,6.90,1.3800,true,1,37975
7290100700068,false,שעועית צבעונית סוגת,,,שעועית צבעונית סוגת,גרמים,500.00,100 גרם,false,,10.90,2.1800,true,1,49884
7290100700075,false,פירורי לחם מוזהבים ס,,,פירורי לחם מוזהבים ס,גרמים,200.00,100 גרם,false,,4.90,2.4500,true,1,52617
7290100700242,false,אורז מלא עגול סוגת 1,,,אורז מלא עגול סוגת 1,גרמים,1000.00,100 גרם,false,,10.90,1.0900,true,1,32199
7290100700273,false,קינואה סוגת 500 גר,,,קינואה סוגת 500 גר,גרמים,500.00,100 גרם,false,,15.90,3.1800,true,1,38564
7290100700297,false,עדשים שחורות סוגת 50,,,עדשים שחורות סוגת 50,גרמים,500.00,100 גרם,false,,9.90,1.9800,true,1,53175
7290100700372,false,אורז בסמטי מלא סוגת,,,אורז בסמטי מלא סוגת,גרמים,1000.00,100 גרם,false,,13.90,1.3900,true,1,39503
7290100700389,false,אורז אדום סוגת 1קג,קריות זול,,אורז אדום סוגת 1קג,גרמים,1000.00,100 גרם,false,,15.90,1.5900,true,1,53173
7290100700396,false,אורז יסמין קלאסי סוג,קריות זול,,אורז יסמין קלאסי סוג,גרמים,1000.00,100 גרם,false,,13.90,1.3900,true,1,52133
7290100700563,false,אורז מיקס סוגת 1קג,קריות זול,,אורז מיקס סוגת 1קג,גרמים,1000.00,100 גרם,false,,15.90,1.5900,true,1,54512
7290100700587,false,בורגול סוגת 500 גר,,,בורגול סוגת 500 גר,גרמים,500.00,100 גרם,false,,6.90,1.3800,true,1,50651
7290100701126,false,שעועית מש סוגת 500גר,,,שעועית מש סוגת 500גר,גרמים,500.00,100 גרם,false,,10.90,2.1800,true,1,75145
7290100701140,false,אורז ארבוריו סוגת 1ק,,,אורז ארבוריו סוגת 1ק,גרמים,1000.00,100 גרם,false,,15.90,1.5900,true,1,51551
7290100701300,false,קינואה אדומה סוגת 50,,,קינואה אדומה סוגת 50,גרמים,500.00,100 גרם,false,,15.90,3.1800,true,1,68702
7290100701454,false,גרישה סוגת 500גר,,,גרישה סוגת 500גר,גרמים,500.00,100 גרם,false,,6.90,1.3800,true,1,51059
7290100701577,false,קמח לחם סוגת 1קג,,,קמח לחם סוגת 1קג,גרמים,1000.00,100 גרם,false,,7.90,0.7900,true,1,91780
7290100701881,false,קמח פיצה ופוקצה סוגת,,,קמח פיצה ופוקצה סוגת,גרמים,1000.00,100 גרם,false,,7.90,0.7900,true,1,62361
7290100702260,false,קוסקוס דק סוגת 350 ג,,,קוסקוס דק סוגת 350 ג,גרמים,350.00,100 גרם,false,,6.90,1.9714,true,1,65424
7290100702277,false,קוסקוס עבה סוגת 350,,,קוסקוס עבה סוגת 350,גרמים,350.00,100 גרם,false,,6.90,1.9714,true,1,65425
7290100702284,false,קוסקוס מלא סוגת 350,,,קוסקוס מלא סוגת 350,גרמים,350.00,100 גרם,false,,6.90,1.9714,true,1,68850
7290100702611,false,פתיתים אפויים אורז ס,,,פתיתים אפויים אורז ס,גרמים,500.00,100 גרם,false,,6.90,1.3800,true,1,67990
7290100702628,false,פתיתים אפויים קוסקוס,,,פתיתים אפויים קוסקוס,גרמים,500.00,100 גרם,false,,6.90,1.3800,true,1,67991
7290100702635,false,פתיתים אפויים כוכבים,,,פתיתים אפויים כוכבים,גרמים,500.00,100 גרם,false,,6.90,1.3800,true,1,67992
7290100702673,false,פתיתים אפויים 3 צבעי,,,פתיתים אפויים 3 צבעי,גרמים,400.00,100 גרם,false,,6.90,1.7250,true,1,67996
7290100702741,false,סוכר חום קלאסי בקופס,,,סוכר חום קלאסי בקופס,גרמים,1000.00,100 גרם,false,,13.90,1.3900,true,1,92907
7290100702987,false,פתיתי שיבולת שועל סו,,,פתיתי שיבולת שועל סו,גרמים,500.00,100 גרם,false,,6.90,1.3800,true,1,75687
7290100703007,false,עדשים שחורות בלוגה ס,,,עדשים שחורות בלוגה ס,גרמים,500.00,100 גרם,false,,9.90,1.9800,true,1,89983
7290100703458,false,כוסמת ללא קליה סוגת,,,כוסמת ללא קליה סוגת,גרמים,500.00,100 גרם,false,,8.90,1.7800,true,1,89817
7290100703533,false,קמח קסם סוגת 1קג,,,קמח קסם סוגת 1קג,גרמים,1000.00,100 גרם,false,,9.90,0.9900,true,1,91756
7290100703632,false,קמח חיטה מלא ללא צור,,,קמח חיטה מלא ללא צור,גרמים,1000.00,100 גרם,false,,9.90,0.9900,true,1,98788
7290100703649,false,קמח חיטה 80% ללא צור,,,קמח חיטה 80% ללא צור,גרמים,1000.00,100 גרם,false,,9.90,0.9900,true,1,98753
7290100703670,false,קמח כוסמין מלא ללא צ,,,קמח כוסמין מלא ללא צ,גרמים,1000.00,100 גרם,false,,14.90,1.4900,true,1,98755
7290100703908,false,סוכר דמררה סוגת בשקי,,,סוכר דמררה סוגת בשקי,גרמים,1000.00,100 גרם,false,,8.90,0.8900,true,1,120793
7290100703915,false,פופקורן למיקרו מארז,,,פופקורן למיקרו מארז,גרמים,90.00,100 גרם,false,,10.90,12.1111,true,1,98074
7290100704493,false,קמח שמרים לפיצה ללא,,,קמח שמרים לפיצה ללא,גרמים,1000.00,100 גרם,false,,9.90,0.9900,true,1,128288
7290100704660,false,קינואה מיקס סוגת 500,,,קינואה מיקס סוגת 500,גרמים,500.00,100 גרם,false,,15.90,3.1800,true,1,136088
7290100704684,false,"קמח כוסמין שמרים 1ק""",,,"קמח כוסמין שמרים 1ק""",גרמים,1000.00,100 גרם,false,,19.00,1.9000,true,1,140276
7290100850909,false,דוריטוס נאצו מקסיקני,,,דוריטוס נאצו מקסיקני,גרמים,70.00,100 גרם,false,,3.90,5.5714,true,1,38008
7290100850916,false,דוריטוס חמוץ חריף 70,,,דוריטוס חמוץ חריף 70,גרמים,70.00,100 גרם,false,,3.90,5.5714,true,1,27090
7290100850923,false,דוריטוס גריל 70גר,,,דוריטוס גריל 70גר,גרמים,70.00,100 גרם,false,,3.90,5.5714,true,1,27091
7290100850930,false,דוריטוס דיפ טבעי 70ג,,,דוריטוס דיפ טבעי 70ג,גרמים,70.00,100 גרם,false,,3.90,5.5714,true,1,38009
7290100858592,false,קקאו עלית 150גר,,,קקאו עלית 150גר,גרמים,150.00,100 גרם,false,,10.90,7.2667,true,1,27574
7290100858608,false,קקאו עלית 500גר,,,קקאו עלית 500גר,גרמים,500.00,100 גרם,false,,28.90,5.7800,true,1,27575
7290100894200,false,מעדן תמרים 250גר,,,מעדן תמרים 250גר,גרמים,250.00,100 גרם,false,,21.90,8.7600,true,1,72644
7290100924204,false,פרסיל אבקת כביסה 8קג,,,פרסיל אבקת כביסה 8קג,קילוגרמים,8.00,"ק""ג",false,,49.90,6.2375,true,1,71668
7290100924457,false,כדוריות סוד סבון לאס,,,כדוריות סוד סבון לאס,גרמים,0.00,גרם,false,,16.90,0.0000,true,1,136775
7290100924464,false,כדוריות סוד סבון לאס,,,כדוריות סוד סבון לאס,גרמים,0.00,גרם,false,,16.90,0.0000,true,1,136776
7290100924570,false,סוד ג'ל לניקוי אסלה,,,סוד ג'ל לניקוי אסלה,מיליליטרים,700.00,"100 מ""ל",false,,10.90,1.5571,true,1,74077
7290100925676,false,לוכד צבעים קולור קאצ,,,לוכד צבעים קולור קאצ,יחידה,0.00,יחידה,false,,19.90,0.0000,true,1,106257
7290100925751,false,סוד נוזל לכלים תפוח,,,סוד נוזל לכלים תפוח,מיליליטרים,650.00,"100 מ""ל",false,,6.90,1.0615,true,1,89032
7290100926598,false,פרסיל אבקת כביסה 5קג,,,פרסיל אבקת כביסה 5קג,קילוגרמים,5.00,"ק""ג",false,,44.90,8.9800,true,1,52877
7290100928516,false,סוד ג'ל לכביסה ביד 1,,,סוד ג'ל לכביסה ביד 1,מיליליטרים,1000.00,"100 מ""ל",false,,15.90,1.5900,true,1,64319
7290101110279,false,בליסימו גלידה בטעם ש,,,בליסימו גלידה בטעם ש,מיליליטרים,1300.00,"100 מ""ל",false,,19.90,1.5308,true,1,134927
7290101110460,false,בליסימו גלידה בטעם ו,,,בליסימו גלידה בטעם ו,מיליליטרים,1300.00,"100 מ""ל",false,,19.90,1.5308,true,1,134925
7290101110811,false,גלידל חלבי מאגדת בטע,,,גלידל חלבי מאגדת בטע,יח',8.00,יח',false,,29.90,3.7375,true,1,134916
7290101112228,false,גלידל פרי מאגדת בטעם,,,גלידל פרי מאגדת בטעם,יח',8.00,יח',false,,23.90,2.9875,true,1,134913
7290101112600,false,בליסימו גלידה בטעם מ,,,בליסימו גלידה בטעם מ,מיליליטרים,1300.00,"100 מ""ל",false,,19.90,1.5308,true,1,134930
7290101112921,false,גלידל פרי מאגדת בטעם,,,גלידל פרי מאגדת בטעם,יח',8.00,יח',false,,23.90,2.9875,true,1,134914
7290101113157,false,גלידל חלבי מאגדת בטע,,,גלידל חלבי מאגדת בטע,יח',6.00,יח',false,,25.90,4.3167,true,1,134919
7290101450900,false,נרות ג'מבו כוכבים ממ,,,נרות ג'מבו כוכבים ממ,יחידה,0.00,יחידה,false,,7.90,0.0000,true,1,28688
7290101488286,false,ליידי ספיד סטיק 24/7,,,ליידי ספיד סטיק 24/7,מיליליטרים,150.00,"100 מ""ל",false,,15.90,10.6000,true,1,47193
7290101488316,false,ליידי ספיד סטיק ללא,,,ליידי ספיד סטיק ללא,גרמים,65.00,100 גרם,false,,21.90,33.6923,true,1,42870
7290101551027,false,קפסולות מס'14,,,קפסולות מס'14,גרמים,50.00,100 גרם,false,,18.90,37.8000,true,1,99246
7290101551263,false,*מבצע* סילאן טבעי יד,,,*מבצע* סילאן טבעי יד,גרמים,700.00,100 גרם,false,,20.90,2.9857,true,1,98191
7290101551300,false,*מבצע* סילאן טבעי לח,,,*מבצע* סילאן טבעי לח,גרמים,380.00,100 גרם,false,,15.90,4.1842,true,1,98192
7290101551539,false,דנונה פרו אפרסק 20 ג,,,דנונה פרו אפרסק 20 ג,גרמים,200.00,100 גרם,false,,6.40,3.2000,true,1,98331
7290101551584,false,תפוציפס קידס מארז 10,,,תפוציפס קידס מארז 10,גרמים,200.00,100 גרם,false,,12.90,6.4500,true,1,98868
7290101551614,false,ציטוס קראנץ גבינה מא,,,ציטוס קראנץ גבינה מא,גרמים,240.00,100 גרם,false,,12.90,5.3750,true,1,98870
7290101551638,false,ציטוס כאפה אפוי מארז,,,ציטוס כאפה אפוי מארז,גרמים,200.00,100 גרם,false,,12.90,6.4500,true,1,98504
7290101582373,false,יין גרנאש רוזה המושב,,,יין גרנאש רוזה המושב,מטרים,750.00,100 מ'ל,false,,29.90,3.9867,true,1,103003
7290101821151,false,דבק מגע,,,דבק מגע,יחידה,0.00,יחידה,false,,4.90,0.0000,true,1,100562
7290101863410,false,סיליט באנג ספריי אקו,,,סיליט באנג ספריי אקו,מיליליטרים,750.00,"100 מ""ל",false,,13.90,1.8533,true,1,45859
7290101864127,false,קליה אוקסי ספריי 750,,,קליה אוקסי ספריי 750,מיליליטרים,750.00,"100 מ""ל",false,,24.90,3.3200,true,1,47951
7290101866633,false,קליה גל ורוד 3ליטר,,,קליה גל ורוד 3ליטר,מיליליטרים,3000.00,"100 מ""ל",false,,29.90,0.9967,true,1,56419
7290101866787,false,קליה גל לבן 3ליטר,,,קליה גל לבן 3ליטר,מיליליטרים,3000.00,"100 מ""ל",false,,29.90,0.9967,true,1,62643
7290101868958,false,פיניש נוזל הברקה למד,,,פיניש נוזל הברקה למד,מיליליטרים,800.00,"100 מ""ל",false,,21.90,2.7375,true,1,71567
7290101869726,false,פיניש ג'ל למדיח 1ליט,,,פיניש ג'ל למדיח 1ליט,מיליליטרים,1000.00,"100 מ""ל",false,,45.90,4.5900,true,1,73195
7290101869733,false,פיניש ג'ל למדיח לימו,,,פיניש ג'ל למדיח לימו,מיליליטרים,1000.00,"100 מ""ל",false,,45.90,4.5900,true,1,73196
7290101869788,false,איירוויק מילוי מבשם,,,איירוויק מילוי מבשם,מיליליטרים,250.00,"100 מ""ל",false,,19.90,7.9600,true,1,90797
7290101869795,false,איירוויק מילוי מבשם,,,איירוויק מילוי מבשם,מיליליטרים,250.00,"100 מ""ל",false,,19.90,7.9600,true,1,90798
7290102030330,false,תפוציפס קראנץ מקסיקנ,,,תפוציפס קראנץ מקסיקנ,גרמים,200.00,100 גרם,false,,11.70,5.8500,true,1,27128
7290102031276,false,אקטימל תות בננה 8*10,,,אקטימל תות בננה 8*10,מיליליטרים,800.00,"100 מ""ל",false,,21.90,2.7375,true,1,31040
7290102032334,false,קפה נמס עלית בטעם ונ,,,קפה נמס עלית בטעם ונ,גרמים,200.00,100 גרם,false,,29.90,14.9500,true,1,40640
7290102060979,false,אלמקס משחת שיניים 10,,,אלמקס משחת שיניים 10,מיליליטרים,100.00,"100 מ""ל",false,,22.90,22.9000,true,1,44465
7290102390427,false,מולר פרופ תות 3% 150,,,מולר פרופ תות 3% 150,גרמים,150.00,100 גרם,false,,5.50,3.6667,true,1,40656
7290102390465,false,מולר פרופ אפרסק פסיפ,,,מולר פרופ אפרסק פסיפ,גרמים,150.00,100 גרם,false,,5.50,3.6667,true,1,40659
7290102390489,false,מולר פרופ לימון 3% 1,,,מולר פרופ לימון 3% 1,גרמים,150.00,100 גרם,false,,5.50,3.6667,true,1,40661
7290102391844,false,מולר פרופ לבן+קציפת,,,מולר פרופ לבן+קציפת,גרמים,150.00,100 גרם,false,,5.50,3.6667,true,1,44906
7290102392049,false,גבינה תבור לאפייה 5%,,,גבינה תבור לאפייה 5%,גרמים,500.00,100 גרם,false,,28.90,5.7800,true,1,46217
7290102392094,false,חלב עיזים צוריאל 1ל,,,חלב עיזים צוריאל 1ל,מיליליטרים,1000.00,"100 מ""ל",false,,18.50,1.8500,true,1,46221
7290102392728,false,מולר נטורל לבן טבעי,,,מולר נטורל לבן טבעי,גרמים,200.00,100 גרם,false,,4.30,2.1500,true,1,48788
7290102393039,false,מולר מיקס בתוספת פצפ,קריות זול,,מולר מיקס בתוספת פצפ,גרמים,150.00,100 גרם,false,,6.50,4.3333,true,1,49839
7290102393169,false,מולר סימפלי פרוט תות,,,מולר סימפלי פרוט תות,גרמים,150.00,100 גרם,false,,5.50,3.6667,true,1,51851
7290102393176,false,מולר סימפלי פרוט אפר,,,מולר סימפלי פרוט אפר,גרמים,150.00,100 גרם,false,,5.50,3.6667,true,1,51852
7290102393190,false,מולר סימפלי פרוט פיר,,,מולר סימפלי פרוט פיר,גרמים,150.00,100 גרם,false,,5.50,3.6667,true,1,51854
7290102393268,false,גבינה לבנה 5% 750גר,,,גבינה לבנה 5% 750גר,גרמים,750.00,100 גרם,false,,14.94,1.9920,true,1,50461
7290102393299,false,יוגורט עיזים לשתייה,,,יוגורט עיזים לשתייה,מיליליטרים,500.00,"100 מ""ל",false,,14.90,2.9800,true,1,51196
7290102393855,false,יוגורט עיזים 3% אפרס,,,יוגורט עיזים 3% אפרס,גרמים,150.00,100 גרם,false,,7.50,5.0000,true,1,52624
7290102393947,false,מולר סימפלי פרוט קיו,,,מולר סימפלי פרוט קיו,גרמים,150.00,100 גרם,false,,5.50,3.6667,true,1,55586
7290102394463,false,גבינה צהובה נעם ואקו,,,גבינה צהובה נעם ואקו,גרמים,500.00,100 גרם,false,,30.90,6.1800,true,1,67851
7290102394821,false,גבינה צהובה נעם דק ד,,,גבינה צהובה נעם דק ד,גרמים,200.00,100 גרם,false,,17.90,8.9500,true,1,63750
7290102394845,false,גבינה צהובה נעם דק ד,,,גבינה צהובה נעם דק ד,גרמים,200.00,100 גרם,false,,18.90,9.4500,true,1,63752
7290102395224,false,מולר נטורל 1.7% מארז,,,מולר נטורל 1.7% מארז,גרמים,1200.00,100 גרם,false,,19.70,1.6417,true,1,65779
7290102395231,false,מולר נטורל 2.8% מארז,,,מולר נטורל 2.8% מארז,גרמים,1200.00,100 גרם,false,,19.70,1.6417,true,1,65780
7290102395262,false,מולר סימפלי פרוט מאג,,,מולר סימפלי פרוט מאג,יחידה,0.00,יחידה,false,,31.90,0.0000,true,1,67038
7290102395439,false,מולר סימפלי פרוט מאג,,,מולר סימפלי פרוט מאג,גרמים,1200.00,100 גרם,false,,31.90,2.6583,true,1,68533
7290102395446,false,מוו וניל קצפת 123גר,,,מוו וניל קצפת 123גר,גרמים,123.00,100 גרם,false,,3.30,2.6829,true,1,66580
7290102395477,false,מוו שוקולד קצפת 123ג,,,מוו שוקולד קצפת 123ג,גרמים,123.00,100 גרם,false,,3.30,2.6829,true,1,66583
7290102395521,false,שמנת לבישול 15% 500מ,,,שמנת לבישול 15% 500מ,מיליליטרים,500.00,"100 מ""ל",false,,18.70,3.7400,true,1,70424
7290102396405,false,מוו מעדן וניל מארז 8,,,מוו מעדן וניל מארז 8,גרמים,800.00,100 גרם,false,,14.90,1.8625,true,1,71238
7290102396436,false,מוו מעדן חלב בטעם שו,,,מוו מעדן חלב בטעם שו,גרמים,125.00,100 גרם,false,,3.30,2.6400,true,1,70991
7290102396443,false,מוו מעדן חלב בטעם ונ,,,מוו מעדן חלב בטעם ונ,גרמים,125.00,100 גרם,false,,3.30,2.6400,true,1,70992
7290102396580,false,מוו שוקולד ומוס שוקו,,,מוו שוקולד ומוס שוקו,גרמים,118.00,100 גרם,false,,3.30,2.7966,true,1,71233
7290102396665,false,גבינה צהובה נעם 15%,,,גבינה צהובה נעם 15%,גרמים,200.00,100 גרם,false,,17.90,8.9500,true,1,74742
7290102396719,false,מולר סימפלי פרוט תות,,,מולר סימפלי פרוט תות,גרמים,150.00,100 גרם,false,,5.50,3.6667,true,1,72030
7290102396726,false,מולר סימפלי פרוט אפר,,,מולר סימפלי פרוט אפר,גרמים,150.00,100 גרם,false,,5.20,3.4667,true,1,72031
7290102396740,false,מולר סימפלי מאגדת 8י,,,מולר סימפלי מאגדת 8י,מיליליטרים,1200.00,"100 מ""ל",false,,31.90,2.6583,true,1,72033
7290102397204,false,גבינה צהובה נעם 22%ד,,,גבינה צהובה נעם 22%ד,גרמים,200.00,100 גרם,false,,17.90,8.9500,true,1,74744
7290102397310,false,מיני מוו שוקולד קצפת,,,מיני מוו שוקולד קצפת,גרמים,560.00,100 גרם,false,,13.50,2.4107,true,1,75963
7290102397464,false,מולר מיקס גרעינים פק,,,מולר מיקס גרעינים פק,יחידה,0.00,יחידה,false,,6.50,0.0000,true,1,92717
7290102397600,false,מולר מיקס+ שקדים ובו,,,מולר מיקס+ שקדים ובו,גרמים,170.00,100 גרם,false,,6.50,3.8235,true,1,76915
7290102397730,false,גבינה אמנטל נעם 200ג,,,גבינה אמנטל נעם 200ג,גרמים,200.00,100 גרם,false,,18.90,9.4500,true,1,93973
7290102397747,false,גבינת מוצרלה פרוס 20,,,גבינת מוצרלה פרוס 20,גרמים,200.00,100 גרם,false,,20.90,10.4500,true,1,95903
7290102397891,false,גבינה מותכת צוריאל 1,,,גבינה מותכת צוריאל 1,גרמים,100.00,100 גרם,false,,8.50,8.5000,true,1,92719
7290102398065,false,חלב בקרטון טרה 3% 2,,,חלב בקרטון טרה 3% 2,מיליליטרים,2000.00,"100 מ""ל",false,,12.46,0.6230,true,1,94097
7290102398072,false,חלב בקרטון טרה 3% 1ל,,,חלב בקרטון טרה 3% 1ל,מיליליטרים,1000.00,"100 מ""ל",false,,6.23,0.6230,true,1,94098
7290102398331,false,חלב מועשר דל לקטוז 1,,,חלב מועשר דל לקטוז 1,מיליליטרים,1000.00,"100 מ""ל",false,,8.50,0.8500,true,1,95781
7290102398560,false,שוקו טרה מועשר 1 ליט,,,שוקו טרה מועשר 1 ליט,מיליליטרים,1000.00,"100 מ""ל",false,,13.20,1.3200,true,1,97676
7290102398577,false,שוקו טרה מועשר 250 מ,,,שוקו טרה מועשר 250 מ,מיליליטרים,250.00,"100 מ""ל",false,,5.80,2.3200,true,1,97677
7290102398614,false,משקה חלב בטעם בננה 1,,,משקה חלב בטעם בננה 1,מיליליטרים,1000.00,"100 מ""ל",false,,13.20,1.3200,true,1,97679
7290102398638,false,משקה חלב טרה בטעם מו,,,משקה חלב טרה בטעם מו,מיליליטרים,1000.00,"100 מ""ל",false,,13.20,1.3200,true,1,97678
7290102398669,false,אייס קפוצ'ינו 1 ליטר,,,אייס קפוצ'ינו 1 ליטר,מיליליטרים,1000.00,"100 מ""ל",false,,13.20,1.3200,true,1,113574
7290102398782,false,משקה סויה קלאסי 1 לי,,,משקה סויה קלאסי 1 לי,מטרים,1000.00,100 מ'ל,false,,11.90,1.1900,true,1,107700
7290102398799,false,משקה סויה במתיקות מו,,,משקה סויה במתיקות מו,מטרים,1000.00,100 מ'ל,false,,11.90,1.1900,true,1,107701
7290102398805,false,משקה סויה בטעם וניל,,,משקה סויה בטעם וניל,מטרים,1000.00,100 מ'ל,false,,11.90,1.1900,true,1,107702
7290102398836,false,משקה שקדים קלאסי 1 ל,,,משקה שקדים קלאסי 1 ל,מטרים,1000.00,100 מ'ל,false,,12.90,1.2900,true,1,107704
7290102399796,false,מולר אקטיב 25 יוגורט,,,מולר אקטיב 25 יוגורט,גרמים,200.00,100 גרם,false,,5.60,2.8000,true,1,107708
7290102399802,false,מולר אקטיב יוגורט 20,,,מולר אקטיב יוגורט 20,גרמים,200.00,100 גרם,false,,6.80,3.4000,true,1,107711
7290102399819,false,מולר אקטיב יוגורט 20,,,מולר אקטיב יוגורט 20,גרמים,200.00,100 גרם,false,,6.80,3.4000,true,1,107710
7290102601547,false,כפיות פרמיום שקוף/קר,,,כפיות פרמיום שקוף/קר,יחידה,0.00,יחידה,false,,9.90,0.0000,true,1,71084
7290102611904,false,כפות אמריקאי שמאי 10,,,כפות אמריקאי שמאי 10,יחידה,0.00,יחידה,false,,9.90,0.0000,true,1,102742
7290103120658,false,ספיד סטיק ג'ל שחור 8,,,ספיד סטיק ג'ל שחור 8,מיליליטרים,85.00,"100 מ""ל",false,,21.90,25.7647,true,1,46211
7290103124601,false,פלמוליב תחליב רחצה נ,,,פלמוליב תחליב רחצה נ,מיליליטרים,750.00,"100 מ""ל",false,,21.90,2.9200,true,1,63653
7290103400194,false,כרוב לבן שטראוס 400ג,,,כרוב לבן שטראוס 400ג,גרמים,400.00,100 גרם,false,,9.50,2.3750,true,1,49800
7290103401429,false,קפה מגורען קצב ברזיל,,,קפה מגורען קצב ברזיל,גרמים,200.00,100 גרם,false,,29.90,14.9500,true,1,47292
7290103408206,false,עלי חסה ערבית שטופים,,,עלי חסה ערבית שטופים,גרמים,250.00,100 גרם,false,,11.90,4.7600,true,1,47918
7290103681173,false,יין תבור אדום קברנה,,,יין תבור אדום קברנה,מיליליטרים,750.00,"100 מ""ל",false,,39.90,5.3200,true,1,99705
7290103681180,false,יין תבור אדום מרלו 7,,,יין תבור אדום מרלו 7,מיליליטרים,750.00,"100 מ""ל",false,,39.90,5.3200,true,1,99706
7290103681197,false,יין תבור שיראז 750מל,,,יין תבור שיראז 750מל,מיליליטרים,750.00,"100 מ""ל",false,,39.90,5.3200,true,1,99702
7290103681210,false,יין תבור שרדונה 750,,,יין תבור שרדונה 750,מיליליטרים,750.00,"100 מ""ל",false,,39.90,5.3200,true,1,99703
7290103681234,false,יין תבור הר רוזה 750,,,יין תבור הר רוזה 750,מיליליטרים,750.00,"100 מ""ל",false,,39.90,5.3200,true,1,99704
7290103681623,false,יין תבור הר מוסקטו ר,,,יין תבור הר מוסקטו ר,מיליליטרים,750.00,"100 מ""ל",false,,39.90,5.3200,true,1,113070
7290103700072,false,טאצ' מטליות זיג זג ל,,,טאצ' מטליות זיג זג ל,יחידה,0.00,יחידה,false,,8.90,0.0000,true,1,99595
7290103700195,false,רדיד אלומיניום צר 30,,,רדיד אלומיניום צר 30,יח',2.00,יח',false,,10.90,5.4500,true,1,65530
7290103700225,false,שאפו רדיד אלומיניום,,,שאפו רדיד אלומיניום,יחידה,0.00,יחידה,false,,13.90,0.0000,true,1,65531
7290103700324,false,טאצ זוג שקיות אוכל ב,,,טאצ זוג שקיות אוכל ב,יחידה,0.00,יחידה,false,,10.90,0.0000,true,1,62119
7290103700331,false,שאפו שקית אוכל רב תכ,,,שאפו שקית אוכל רב תכ,יחידה,0.00,יחידה,false,,11.90,0.0000,true,1,65533
7290103700379,false,טאצ' כריות קרצוף 3יח,,,טאצ' כריות קרצוף 3יח,יח',3.00,יח',false,,9.90,3.3000,true,1,65526
7290103700386,false,טאצ' כריות קרצוף 6יח,,,טאצ' כריות קרצוף 6יח,יחידה,0.00,יחידה,false,,9.90,0.0000,true,1,65527
7290103700393,false,טאצ' כריות יפניות עב,,,טאצ' כריות יפניות עב,יח',4.00,יח',false,,9.90,2.4750,true,1,65528
7290103700652,false,טאצ' ספוג הפלא 6יח,,,טאצ' ספוג הפלא 6יח,יחידה,0.00,יחידה,false,,9.90,0.0000,true,1,65529
7290103701017,false,טאצ' נייר אפייה 50 י,,,טאצ' נייר אפייה 50 י,יחידה,0.00,יחידה,false,,9.90,0.0000,true,1,70184
7290103701055,false,כוס קרטון טאץ' ב8 או,,,כוס קרטון טאץ' ב8 או,יחידה,0.00,יחידה,false,,9.90,0.0000,true,1,120346
7290103701093,false,טאצ מטליות מיקרופייב,,,טאצ מטליות מיקרופייב,יח',7.00,יח',false,,10.90,1.5571,true,1,74755
7290103701130,false,טאצ מטליות מיקרופייב,,,טאצ מטליות מיקרופייב,יח',7.00,יח',false,,10.90,1.5571,true,1,74945
7290103701147,false,רדיד אלומיניום 200 פ,,,רדיד אלומיניום 200 פ,יחידה,0.00,יחידה,false,,27.90,0.0000,true,1,74946
7290103702229,false,טאצ מפות עבות במיוחד,,,טאצ מפות עבות במיוחד,יח',8.00,יח',false,,7.90,0.9875,true,1,90573
7290103702298,false,טאצ אשפתון עבה 50יח',,,טאצ אשפתון עבה 50יח',יח',50.00,יח',false,,15.90,0.3180,true,1,91655
7290103702304,false,טאצ אשפתון בגליל 35,,,טאצ אשפתון בגליל 35,יח',35.00,יח',false,,15.90,0.4543,true,1,90575
7290103702724,false,טאצ שקיות אשפה 52*65,,,טאצ שקיות אשפה 52*65,יח',60.00,יח',false,,17.90,0.2983,true,1,90577
7290103703080,false,טאצ זוג שקיות אשפה ע,,,טאצ זוג שקיות אשפה ע,יחידה,0.00,יחידה,false,,17.90,0.0000,true,1,90578
7290103703219,false,טאצ' מטליות לחות לני,,,טאצ' מטליות לחות לני,יח',400.00,יח',false,,19.90,0.0497,true,1,100231
7290103703226,false,טאצ מטליות לחות לניק,,,טאצ מטליות לחות לניק,יח',50.00,יח',false,,9.90,0.1980,true,1,98453
7290103703370,false,טאצ מגבוני טואלט לחי,,,טאצ מגבוני טואלט לחי,יחידה,0.00,יחידה,false,,15.90,0.0000,true,1,98025
7290103703684,false,לאבלי נייר טואלט 30,,,לאבלי נייר טואלט 30,יחידה,0.00,יחידה,false,,29.90,0.0000,true,1,99788
7290103703905,false,ממחטות נייר טישו טוט,,,ממחטות נייר טישו טוט,יחידה,0.00,יחידה,false,,11.90,0.0000,true,1,120289
7290104061417,false,חומוס טחינה אחלה קלא,,,חומוס טחינה אחלה קלא,גרמים,400.00,100 גרם,false,,11.50,2.8750,true,1,48598
7290104061431,false,חומוס צנובר אחלה קלא,,,חומוס צנובר אחלה קלא,גרמים,400.00,100 גרם,false,,11.50,2.8750,true,1,48600
7290104061448,false,חומוס חריף אחלה קלאס,,,חומוס חריף אחלה קלאס,גרמים,400.00,100 גרם,false,,11.50,2.8750,true,1,48601
7290104062599,false,גמדים תות בננה 8*100,,,גמדים תות בננה 8*100,מיליליטרים,800.00,"100 מ""ל",false,,19.50,2.4375,true,1,48741
7290104065934,false,שטראוס עלי רוקט 150ג,,,שטראוס עלי רוקט 150ג,גרמים,150.00,100 גרם,false,,11.90,7.9333,true,1,49845
7290104066566,false,טחינה משומשום מלא אח,,,טחינה משומשום מלא אח,גרמים,400.00,100 גרם,false,,15.90,3.9750,true,1,50635
7290104068539,false,מסטיק מאסט מלון ואבט,,,מסטיק מאסט מלון ואבט,גרמים,28.00,100 גרם,false,,4.90,17.5000,true,1,50882
7290104508189,false,גביעי גלידה אסם 24יח,,,גביעי גלידה אסם 24יח,יח',24.00,יח',false,,14.90,0.6208,true,1,55423
7290104721762,false,קפה טורקי עלית מארז,,,קפה טורקי עלית מארז,גרמים,255.00,100 גרם,false,,18.90,7.4118,true,1,52597
7290104721953,false,לקט מסולסלים ירקות ש,,,לקט מסולסלים ירקות ש,גרמים,350.00,100 גרם,false,,13.90,3.9714,true,1,51307
7290104722530,false,תפוציפס שמנת בצל 200,,,תפוציפס שמנת בצל 200,גרמים,200.00,100 גרם,false,,11.70,5.8500,true,1,51422
7290104726712,false,מילקי שמינייה מארז 8,,,מילקי שמינייה מארז 8,גרמים,1064.00,100 גרם,false,,21.50,2.0207,true,1,63060
7290104728310,false,שמנת להקצפה 38% 250,,,שמנת להקצפה 38% 250,מיליליטרים,250.00,"100 מ""ל",false,,6.47,2.5880,true,1,54862
7290104960239,false,נקה 7 תחליב רחצה ארו,,,נקה 7 תחליב רחצה ארו,מיליליטרים,750.00,"100 מ""ל",false,,12.90,1.7200,true,1,51455
7290104960253,false,נקה 7 תחליב רחצה ארו,,,נקה 7 תחליב רחצה ארו,מיליליטרים,750.00,"100 מ""ל",false,,12.90,1.7200,true,1,51457
7290104960338,false,נקה 7 תחליב רחצה ארו,,,נקה 7 תחליב רחצה ארו,מיליליטרים,750.00,"100 מ""ל",false,,12.90,1.7200,true,1,56290
7290104961250,false,נקה 7 תחליב רחצה מגע,,,נקה 7 תחליב רחצה מגע,מיליליטרים,750.00,"100 מ""ל",false,,12.90,1.7200,true,1,63493
7290105360250,false,קפסולות מס9 עשיר ואר,,,קפסולות מס9 עשיר ואר,יחידה,0.00,יחידה,false,,18.90,0.0000,true,1,65792
7290105360878,false,תפוציפס מארז 4*50גר,,,תפוציפס מארז 4*50גר,גרמים,200.00,100 גרם,false,,11.90,5.9500,true,1,71663
7290105362339,false,שמנת לבישול 15% 250מ,,,שמנת לבישול 15% 250מ,מיליליטרים,250.00,"100 מ""ל",false,,8.70,3.4800,true,1,63855
7290105363602,false,כיף כף מקלות קלאסי 4,,,כיף כף מקלות קלאסי 4,גרמים,40.00,100 גרם,false,,5.90,14.7500,true,1,65629
7290105364289,false,כיף כף מקלות פצפוצים,,,כיף כף מקלות פצפוצים,גרמים,40.00,100 גרם,false,,5.90,14.7500,true,1,65630
7290105364302,false,כיף כף מקלות אגוזים,,,כיף כף מקלות אגוזים,גרמים,40.00,100 גרם,false,,5.90,14.7500,true,1,65631
7290105366047,false,טחינה לבנה אחלה טעמי,,,טחינה לבנה אחלה טעמי,גרמים,400.00,100 גרם,false,,15.90,3.9750,true,1,57256
7290105366993,false,גבינת סימפוניה פלפל,,,גבינת סימפוניה פלפל,גרמים,200.00,100 גרם,false,,11.80,5.9000,true,1,69642
7290105368331,false,"מילקי תות 170מ""ל",,,"מילקי תות 170מ""ל",מיליליטרים,170.00,"100 מ""ל",false,,2.90,1.7059,true,1,64383
7290105368904,false,שמנת מתוקה להקצפה 32,,,שמנת מתוקה להקצפה 32,מיליליטרים,500.00,"100 מ""ל",false,,7.90,1.5800,true,1,65143
7290105368928,false,שמנת 9% 200מל יטבתה,,,שמנת 9% 200מל יטבתה,מיליליטרים,200.00,"100 מ""ל",false,,3.50,1.7500,true,1,63899
7290105369130,false,גבינת סימפוניה בצל י,,,גבינת סימפוניה בצל י,גרמים,200.00,100 גרם,false,,11.80,5.9000,true,1,67030
7290105439505,false,ממרח מיונז לייט מאסט,,,ממרח מיונז לייט מאסט,גרמים,479.00,100 גרם,false,,9.90,2.0668,true,1,90238
7290105500151,false,וודקה פינלנדיה 700 מ,,,וודקה פינלנדיה 700 מ,מיליליטרים,700.00,"100 מ""ל",false,,69.90,9.9857,true,1,64913
7290105500236,false,וויסקי ג'ק דניאלס 70,,,וויסקי ג'ק דניאלס 70,מיליליטרים,700.00,"100 מ""ל",false,,119.90,17.1286,true,1,68560
7290105691248,false,פריכונים חטיפי טורטי,,,פריכונים חטיפי טורטי,גרמים,60.00,100 גרם,false,,9.50,15.8333,true,1,62340
7290105691712,false,עוגיות הפסקת קפה דגנ,,,עוגיות הפסקת קפה דגנ,גרמים,230.00,100 גרם,false,,12.90,5.6087,true,1,64034
7290105691934,false,קמח שמרים אסם 1קג,,,קמח שמרים אסם 1קג,גרמים,1000.00,100 גרם,false,,11.90,1.1900,true,1,65512
7290105693341,false,*מבצע* במבה מארז אסם,,,*מבצע* במבה מארז אסם,גרמים,250.00,100 גרם,false,,16.00,6.4000,true,1,69908
7290105695024,false,פתיתים אפויים אורז ע,,,פתיתים אפויים אורז ע,גרמים,500.00,100 גרם,false,,7.90,1.5800,true,1,66617
7290105695321,false,עוגות הבית בראוניס פ,,,עוגות הבית בראוניס פ,גרמים,380.00,100 גרם,false,,18.50,4.8684,true,1,64513
7290105965738,false,דנונה לשתיה תות בננה,,,דנונה לשתיה תות בננה,מיליליטרים,250.00,"100 מ""ל",false,,5.30,2.1200,true,1,70319
7290105966469,false,חומץ בלסמי יד מרדכי,,,חומץ בלסמי יד מרדכי,מיליליטרים,2500.00,"100 מ""ל",false,,17.90,0.7160,true,1,71295
7290105968098,false,קולסלאו אחלה 500גר,,,קולסלאו אחלה 500גר,גרמים,500.00,100 גרם,false,,15.90,3.1800,true,1,65474
7290105968654,false,רביולי בטטה שטראוס 4,,,רביולי בטטה שטראוס 4,גרמים,400.00,100 גרם,false,,21.90,5.4750,true,1,65312
7290105968777,false,פריכיות תחתית שוקולד,,,פריכיות תחתית שוקולד,גרמים,80.00,100 גרם,false,,8.90,11.1250,true,1,67695
7290106520066,false,רבע לשבע גלילי וופל,,,רבע לשבע גלילי וופל,גרמים,160.00,100 גרם,false,,12.90,8.0625,true,1,65628
7290106520288,false,דנונה WOW תות 150 ג,,,דנונה WOW תות 150 ג,גרמים,150.00,100 גרם,false,,4.90,3.2667,true,1,75602
7290106520905,false,סלט טורקי אחלה טעמי,,,סלט טורקי אחלה טעמי,גרמים,400.00,100 גרם,false,,15.90,3.9750,true,1,67044
7290106520912,false,שמנת לבישול 9% יטבתה,,,שמנת לבישול 9% יטבתה,מיליליטרים,250.00,"100 מ""ל",false,,8.70,3.4800,true,1,67702
7290106521049,false,סלטי קוביות סלק אחלה,,,סלטי קוביות סלק אחלה,גרמים,400.00,100 גרם,false,,15.90,3.9750,true,1,69047
7290106524439,false,תפוציפס פופס 60גר,קריות זול,,תפוציפס פופס 60גר,גרמים,60.00,100 גרם,false,,4.20,7.0000,true,1,95845
7290106525405,false,קפסולות מס7 נטול קופ,,,קפסולות מס7 נטול קופ,יחידה,0.00,יחידה,false,,18.90,0.0000,true,1,71296
7290106528628,false,דוריטוס טבעי 185גר,,,דוריטוס טבעי 185גר,גרמים,185.00,100 גרם,false,,8.30,4.4865,true,1,76417
7290106528949,false,לקט ערוגות שטראוס 45,,,לקט ערוגות שטראוס 45,גרמים,450.00,100 גרם,false,,12.90,2.8667,true,1,70783
7290106572027,false,לחמית חמישה דגנים אס,,,לחמית חמישה דגנים אס,גרמים,190.00,100 גרם,false,,9.90,5.2105,true,1,65748
7290106572065,false,פריכונים חטיפי טורטי,,,פריכונים חטיפי טורטי,גרמים,60.00,100 גרם,false,,8.50,14.1667,true,1,65749
7290106572997,false,קמח שמרים לפיצה ופוק,,,קמח שמרים לפיצה ופוק,גרמים,1000.00,100 גרם,false,,11.90,1.1900,true,1,67308
7290106573314,false,קריספי טאפאס כפרי אס,,,קריספי טאפאס כפרי אס,גרמים,150.00,100 גרם,false,,12.90,8.6000,true,1,69534
7290106573628,false,חומוס עם טחינה צבר 4,,,חומוס עם טחינה צבר 4,גרמים,400.00,100 גרם,false,,12.90,3.2250,true,1,67806
7290106574953,false,בייגלה שטוחים שומשום,,,בייגלה שטוחים שומשום,גרמים,300.00,100 גרם,false,,11.90,3.9667,true,1,68361
7290106574977,false,בייגלה שטוחים עם מלח,,,בייגלה שטוחים עם מלח,גרמים,300.00,100 גרם,false,,11.90,3.9667,true,1,68362
7290106575257,false,עוגת הבית סופלה בטעם,,,עוגת הבית סופלה בטעם,גרמים,340.00,100 גרם,false,,14.90,4.3824,true,1,69529
7290106576513,false,חומוס צבר 400גר,,,חומוס צבר 400גר,גרמים,400.00,100 גרם,false,,10.90,2.7250,true,1,70038
7290106576537,false,חומוס מסעדות צבר 700,,,חומוס מסעדות צבר 700,גרמים,700.00,100 גרם,false,,12.90,1.8429,true,1,69000
7290106576834,false,לה קרמריה פונטש בננה,,,לה קרמריה פונטש בננה,מיליליטרים,1400.00,"100 מ""ל",false,,22.90,1.6357,true,1,69913
7290106576919,false,לה קרמריה סורבה תות,,,לה קרמריה סורבה תות,מיליליטרים,1400.00,"100 מ""ל",false,,22.90,1.6357,true,1,69915
7290106576995,false,לה קרמריה סורבה תות,,,לה קרמריה סורבה תות,מיליליטרים,1400.00,"100 מ""ל",false,,22.90,1.6357,true,1,70252
7290106577039,false,לה קרמריה וניל שוקו,,,לה קרמריה וניל שוקו,מיליליטרים,1400.00,"100 מ""ל",false,,22.90,1.6357,true,1,69918
7290106577527,false,סלט קולסלאו צבר 400,,,סלט קולסלאו צבר 400,גרמים,400.00,100 גרם,false,,12.90,3.2250,true,1,69481
7290106577541,false,כרוב אדום צבר 400גרם,,,כרוב אדום צבר 400גרם,גרמים,400.00,100 גרם,false,,12.90,3.2250,true,1,69482
7290106577572,false,מטבוחה צבר 400גרם,,,מטבוחה צבר 400גרם,גרמים,400.00,100 גרם,false,,12.90,3.2250,true,1,69483
7290106578692,false,במבה ביסלי מיקס אסם,,,במבה ביסלי מיקס אסם,גרמים,80.00,100 גרם,false,,4.90,6.1250,true,1,70902
7290106653689,false,לקט לסלט אסייתי שטרא,,,לקט לסלט אסייתי שטרא,גרמים,350.00,100 גרם,false,,12.90,3.6857,true,1,92082
7290106654099,false,מילקי קייק שמינייה 8,,,מילקי קייק שמינייה 8,גרמים,272.00,100 גרם,false,,19.90,7.3162,true,1,75933
7290106656727,false,עוגיות חיוכים שוקו ב,,,עוגיות חיוכים שוקו ב,גרמים,600.00,100 גרם,false,,18.90,3.1500,true,1,70774
7290106662964,false,סוכריות נוסטלגיה גומ,,,סוכריות נוסטלגיה גומ,גרמים,100.00,100 גרם,false,,5.90,5.9000,true,1,73497
7290106663091,false,לאבנה 9 % 500 גר שטר,,,לאבנה 9 % 500 גר שטר,גרמים,500.00,100 גרם,false,,19.20,3.8400,true,1,75105
7290106663503,false,קונפיטורת לייט תות י,,,קונפיטורת לייט תות י,גרמים,250.00,100 גרם,false,,13.90,5.5600,true,1,72099
7290106663558,false,רוטב טריאקי רימון יד,,,רוטב טריאקי רימון יד,גרמים,320.00,100 גרם,false,,14.90,4.6563,true,1,73953
7290106664067,false,לאבנה שמן זית וזעתר,,,לאבנה שמן זית וזעתר,גרמים,400.00,100 גרם,false,,15.50,3.8750,true,1,75106
7290106664555,false,רוטב שמנת עם עגבניות,,,רוטב שמנת עם עגבניות,מיליליטרים,250.00,"100 מ""ל",false,,10.90,4.3600,true,1,74879
7290106667266,false,דוריטוס חמוץ חריף 18,,,דוריטוס חמוץ חריף 18,גרמים,185.00,100 גרם,false,,8.30,4.4865,true,1,76419
7290106668577,false,מיץ לימון טבעי 250 מ,,,מיץ לימון טבעי 250 מ,מיליליטרים,250.00,"100 מ""ל",false,,8.90,3.5600,true,1,95869
7290106668713,false,דנונה פירות יער 3% 1,,,דנונה פירות יער 3% 1,גרמים,150.00,100 גרם,false,,3.90,2.6000,true,1,74220
7290106720626,false,ציטוס קראנצ בטעם גבי,,,ציטוס קראנצ בטעם גבי,גרמים,80.00,100 גרם,false,,4.90,6.1250,true,1,92966
7290106721913,false,מסטיק מאסט ריח פה צ',,,מסטיק מאסט ריח פה צ',גרמים,66.00,100 גרם,false,,10.90,16.5152,true,1,73503
7290106721920,false,מסטיק מאסט ספירימינט,,,מסטיק מאסט ספירימינט,גרמים,66.00,100 גרם,false,,10.90,16.5152,true,1,73504
7290106723689,false,עלי תרד בייבי שטראוס,,,עלי תרד בייבי שטראוס,גרמים,200.00,100 גרם,false,,11.90,5.9500,true,1,72073
7290106724488,false,דנונה טבעי 1.7% 150מ,,,דנונה טבעי 1.7% 150מ,מיליליטרים,150.00,"100 מ""ל",false,,2.50,1.6667,true,1,73332
7290106726178,false,דנונה WOW פירות יער,,,דנונה WOW פירות יער,מיליליטרים,150.00,"100 מ""ל",false,,4.90,3.2667,true,1,75111
7290107280013,false,מגבוני ליטופים חמישי,,,מגבוני ליטופים חמישי,יח',5.00,יח',false,,21.90,4.3800,true,1,105388
7290107280020,false,מגבוני ניקוי כללי סנ,,,מגבוני ניקוי כללי סנ,יחידה,0.00,יחידה,false,,21.90,0.0000,true,1,105389
7290107280099,false,מגבוני טואלט סופט של,,,מגבוני טואלט סופט של,יחידה,0.00,יחידה,false,,17.90,0.0000,true,1,112620
7290107280341,false,ריצפז מטליות לחות לנ,,,ריצפז מטליות לחות לנ,יחידה,0.00,יחידה,false,,13.90,0.0000,true,1,112361
7290107280563,false,סנו אוקסיגן בייבי 3ל,,,סנו אוקסיגן בייבי 3ל,מיליליטרים,3000.00,"100 מ""ל",false,,33.90,1.1300,true,1,71835
7290107280570,false,סנו מקסימה גל לכביסה,,,סנו מקסימה גל לכביסה,ליטרים,3.00,ליטר,false,,33.90,11.3000,true,1,71837
7290107280662,false,סנו מקסימה אבקת כביס,,,סנו מקסימה אבקת כביס,קילוגרמים,1.25,"ק""ג",false,,14.90,11.9200,true,1,74714
7290107280709,false,סנו ספארק נוזל הברקה,,,סנו ספארק נוזל הברקה,מיליליטרים,900.00,"100 מ""ל",false,,15.90,1.7667,true,1,72417
7290107280723,false,ספארק נוזל לניקוי כל,,,ספארק נוזל לניקוי כל,מיליליטרים,700.00,"100 מ""ל",false,,10.90,1.5571,true,1,72419
7290107280761,false,סנו ספארק משאבה לימו,,,סנו ספארק משאבה לימו,מיליליטרים,1000.00,"100 מ""ל",false,,13.90,1.3900,true,1,75332
7290107280822,false,ריצפז פרש הום ספא מר,,,ריצפז פרש הום ספא מר,ליטרים,2.00,ליטר,false,,24.90,12.4500,true,1,72994
7290107340243,false,מטען אייפון IMX,,,מטען אייפון IMX,יחידה,0.00,יחידה,false,,39.90,0.0000,true,1,127080
7290107341356,false,כבל אייפון IMX,,,כבל אייפון IMX,יחידה,0.00,יחידה,false,,19.90,0.0000,true,1,127896
7290107645584,false,מרק עוף אמיתי קנור ר,קריות זול,,מרק עוף אמיתי קנור ר,גרמים,400.00,100 גרם,false,,25.90,6.4750,true,1,98132
7290107646062,false,מרק בצל רכיבים טבעיי,,,מרק בצל רכיבים טבעיי,גרמים,400.00,100 גרם,false,,25.90,6.4750,true,1,96889
7290107646147,false,שוגי קורנפלקס מאגדת,,,שוגי קורנפלקס מאגדת,גרמים,156.00,100 גרם,false,,14.90,9.5513,true,1,96883
7290107646154,false,קוקומן פצפוצים מאגדת,,,קוקומן פצפוצים מאגדת,גרמים,126.00,100 גרם,false,,14.90,11.8254,true,1,96884
7290107647816,false,ברנפלקס בדצ ללא סוכר,,,ברנפלקס בדצ ללא סוכר,גרמים,500.00,100 גרם,false,,23.90,4.7800,true,1,95523
7290107647823,false,ברנפלקס בדצ 500גר,,,ברנפלקס בדצ 500גר,גרמים,500.00,100 גרם,false,,23.90,4.7800,true,1,95522
7290107647854,false,שוגי בדצ 500 גר,,,שוגי בדצ 500 גר,גרמים,500.00,100 גרם,false,,21.90,4.3800,true,1,94851
7290107649100,false,טבעות שומשום 300 גרם,,,טבעות שומשום 300 גרם,גרמים,300.00,100 גרם,false,,10.90,3.6333,true,1,99955
7290107649605,false,קליק שוקולד קורנפלקס,,,קליק שוקולד קורנפלקס,גרמים,85.00,100 גרם,false,,6.90,8.1176,true,1,98622
7290107871297,false,פירכונים מיני עשבי ת,,,פירכונים מיני עשבי ת,גרמים,25.00,100 גרם,false,,4.50,18.0000,true,1,72604
7290107871990,false,פסטה צינורות אסם 500,,,פסטה צינורות אסם 500,גרמים,500.00,100 גרם,false,,6.90,1.3800,true,1,71501
7290107874427,false,פריכונים מיני זעתר א,,,פריכונים מיני זעתר א,גרמים,25.00,100 גרם,false,,4.50,18.0000,true,1,72606
7290107874441,false,פריכונים מיני בצל מק,,,פריכונים מיני בצל מק,גרמים,25.00,100 גרם,false,,4.50,18.0000,true,1,72607
7290107874502,false,ביסלי גריל מארז אסם,,,ביסלי גריל מארז אסם,גרמים,220.00,100 גרם,false,,13.90,6.3182,true,1,76852
7290107875271,false,ביסלי ברביקיו מארז א,,,ביסלי ברביקיו מארז א,גרמים,220.00,100 גרם,false,,13.90,6.3182,true,1,76853
7290107875400,false,לה קרמריה פיסטוק מוק,,,לה קרמריה פיסטוק מוק,מיליליטרים,1400.00,"100 מ""ל",false,,22.90,1.6357,true,1,72363
7290107875820,false,קרוטונים אפויים בתיב,,,קרוטונים אפויים בתיב,גרמים,180.00,100 גרם,false,,12.90,7.1667,true,1,94307
7290107877619,false,במבה במילוי קרם נוגט,,,במבה במילוי קרם נוגט,גרמים,150.00,100 גרם,false,,14.90,9.9333,true,1,92251
7290107879569,false,מאגדת לה פרוטה מנגו,,,מאגדת לה פרוטה מנגו,יחידה,0.00,יחידה,false,,26.90,0.0000,true,1,76228
7290107930321,false,קונפיטורת דובדבן יד,,,קונפיטורת דובדבן יד,גרמים,340.00,100 גרם,false,,13.90,4.0882,true,1,74565
7290107932080,false,חלב מועשר בבקבוק 3%,,,חלב מועשר בבקבוק 3%,מיליליטרים,1000.00,"100 מ""ל",false,,7.90,0.7900,true,1,75084
7290107932134,false,חלב מועשר בבקבוק 1%,,,חלב מועשר בבקבוק 1%,מיליליטרים,1000.00,"100 מ""ל",false,,7.90,0.7900,true,1,75077
7290107933155,false,לקט סלנובה 200גר,,,לקט סלנובה 200גר,גרמים,200.00,100 גרם,false,,14.90,7.4500,true,1,76054
7290107936309,false,דנונה יווני לבן 130ג,,,דנונה יווני לבן 130ג,גרמים,130.00,100 גרם,false,,3.70,2.8462,true,1,90047
7290107937627,false,מסטיק מאסט קוביות ספ,,,מסטיק מאסט קוביות ספ,גרמים,58.00,100 גרם,false,,10.90,18.7931,true,1,90071
7290107938396,false,אקטימל תות שמינייה ב,,,אקטימל תות שמינייה ב,גרמים,864.00,100 גרם,false,,21.90,2.5347,true,1,77138
7290107939027,false,גזר דק דק ירקות שטרא,,,גזר דק דק ירקות שטרא,גרמים,250.00,100 גרם,false,,6.90,2.7600,true,1,91757
7290107940030,false,*מבצע* חומוס אחלה 65,,,*מבצע* חומוס אחלה 65,גרמים,650.00,100 גרם,false,,8.90,1.3692,true,1,96585
7290107941266,false,שעועית אדומה מבושלת,,,שעועית אדומה מבושלת,גרמים,475.00,100 גרם,false,,14.90,3.1368,true,1,91759
7290107941273,false,חומוס מבושל שטראוס 4,,,חומוס מבושל שטראוס 4,גרמים,475.00,100 גרם,false,,10.90,2.2947,true,1,91760
7290107943192,false,שמנת חמוצה מהערבה 27,,,שמנת חמוצה מהערבה 27,מיליליטרים,200.00,"100 מ""ל",false,,4.40,2.2000,true,1,94866
7290107944472,false,גבינת סימפוניה שום ש,,,גבינת סימפוניה שום ש,גרמים,200.00,100 גרם,false,,11.80,5.9000,true,1,90541
7290107945165,false,קונפיטורת משמש יד מר,קריות זול,,קונפיטורת משמש יד מר,גרמים,340.00,100 גרם,false,,13.90,4.0882,true,1,92488
7290107950190,false,מעדן שטראוס דיאט שוק,,,מעדן שטראוס דיאט שוק,גרמים,130.00,100 גרם,false,,3.40,2.6154,true,1,90037
7290107950206,false,מעדן שטראוס דיאט שוק,,,מעדן שטראוס דיאט שוק,גרמים,130.00,100 גרם,false,,3.40,2.6154,true,1,90221
7290107953559,false,מארז קפה טורקי לדרך,,,מארז קפה טורקי לדרך,גרמים,168.00,100 גרם,false,,19.90,11.8452,true,1,106236
7290107954709,false,קונפיטורת פירות יער,,,קונפיטורת פירות יער,גרמים,340.00,100 גרם,false,,13.90,4.0882,true,1,93935
7290107954976,false,משקה חלב יטבתה פרו 3,,,משקה חלב יטבתה פרו 3,מיליליטרים,350.00,"100 מ""ל",false,,6.90,1.9714,true,1,94268
7290107956642,false,"תרסיס שמן זית 150 מ""",,,"תרסיס שמן זית 150 מ""",מיליליטרים,150.00,"100 מ""ל",false,,17.90,11.9333,true,1,96694
7290107956895,false,קפסולות אספרסו בטעם,,,קפסולות אספרסו בטעם,גרמים,50.00,100 גרם,false,,18.90,37.8000,true,1,96877
7290107956901,false,קפסולות אספרסו בטעם,,,קפסולות אספרסו בטעם,גרמים,150.00,100 גרם,false,,18.90,12.6000,true,1,95259
7290107956925,false,קפסולות אוגנדה מס 13,,,קפסולות אוגנדה מס 13,יחידה,0.00,יחידה,false,,18.90,0.0000,true,1,98429
7290107957991,false,מילקי מינייס מארז 6י,,,מילקי מינייס מארז 6י,גרמים,144.00,100 גרם,false,,14.90,10.3472,true,1,98204
7290107958035,false,דנונה מארז שמינייה מ,,,דנונה מארז שמינייה מ,גרמים,1200.00,100 גרם,false,,19.90,1.6583,true,1,95274
7290107973861,false,עגבניות קצוצות דק מא,,,עגבניות קצוצות דק מא,גרמים,1200.00,100 גרם,false,,16.90,1.4083,true,1,90244
7290107974820,false,ממרח מתובל ספייסי מא,,,ממרח מתובל ספייסי מא,גרמים,250.00,100 גרם,false,,8.90,3.5600,true,1,90239
7290107974837,false,ממרח מתובל שום מאסטר,,,ממרח מתובל שום מאסטר,גרמים,250.00,100 גרם,false,,8.90,3.5600,true,1,90240
7290107977456,false,פלמוליב לגבר ג'ל רחצ,,,פלמוליב לגבר ג'ל רחצ,מיליליטרים,750.00,"100 מ""ל",false,,21.90,2.9200,true,1,107795
7290107978453,false,קראנצוס גריל 55 גרם,,,קראנצוס גריל 55 גרם,גרמים,55.00,100 גרם,false,,4.30,7.8182,true,1,94801
7290107978460,false,קראנצוס פלאפל  55 גר,,,קראנצוס פלאפל  55 גר,גרמים,55.00,100 גרם,false,,4.30,7.8182,true,1,94802
7290108201864,false,קולון קפסולות לכביסה,,,קולון קפסולות לכביסה,יחידה,0.00,יחידה,false,,27.90,0.0000,true,1,120098
7290108350128,false,שקיות אשפה סנו סושי,,,שקיות אשפה סנו סושי,יח',40.00,יח',false,,29.90,0.7475,true,1,73979
7290108350142,false,שקיות סנו סושי רב שי,,,שקיות סנו סושי רב שי,יח',270.00,יח',false,,14.90,0.0552,true,1,73980
7290108350203,false,סנו סושי כריות קרצוף,,,סנו סושי כריות קרצוף,יח',6.00,יח',false,,10.90,1.8167,true,1,89808
7290108350531,false,סנו ספארק משאבה קלאס,,,סנו ספארק משאבה קלאס,מיליליטרים,1000.00,"100 מ""ל",false,,13.90,1.3900,true,1,112353
7290108350623,false,סנו מקסימה סופט סילק,,,סנו מקסימה סופט סילק,מיליליטרים,1000.00,"100 מ""ל",false,,18.90,1.8900,true,1,76918
7290108350715,false,סנו פורטה פרי נוזל מ,,,סנו פורטה פרי נוזל מ,מיליליטרים,750.00,"100 מ""ל",false,,15.90,2.1200,true,1,90697
7290108350722,false,אורביטול משחת שיניים,,,אורביטול משחת שיניים,גרמים,70.00,100 גרם,false,,7.90,11.2857,true,1,128973
7290108351156,false,סנו ג'ט פלוס לניקוי,,,סנו ג'ט פלוס לניקוי,ליטרים,1.50,ליטר,false,,14.90,9.9333,true,1,92519
7290108351507,false,סנו מקסימה מרכך כביס,,,סנו מקסימה מרכך כביס,ליטרים,4.00,ליטר,false,,23.90,5.9750,true,1,98818
7290108351514,false,סנו מקסימה מרכך כביס,,,סנו מקסימה מרכך כביס,ליטרים,4.00,ליטר,false,,23.90,5.9750,true,1,91285
7290108351552,false,סנו ג'ט פלוס עם חומץ,,,סנו ג'ט פלוס עם חומץ,מיליליטרים,750.00,"100 מ""ל",false,,13.90,1.8533,true,1,95324
7290108351583,false,סנו גט+לניקוי אסלות,,,סנו גט+לניקוי אסלות,מיליליטרים,750.00,"100 מ""ל",false,,13.90,1.8533,true,1,97555
7290108351811,false,סנו מקסימה סופר מרוכ,,,סנו מקסימה סופר מרוכ,מיליליטרים,1000.00,"100 מ""ל",false,,18.90,1.8900,true,1,103116
7290108352009,false,סנו ספארק טבליות למד,,,סנו ספארק טבליות למד,יחידה,0.00,יחידה,false,,45.90,0.0000,true,1,113484
7290108352146,false,סנובון נוזלי בניחוח,קריות זול,,סנובון נוזלי בניחוח,מיליליטרים,750.00,"100 מ""ל",false,,10.90,1.4533,true,1,120269
7290108352207,false,סנו מקסימה 40 קפסולו,,,סנו מקסימה 40 קפסולו,יח',40.00,יח',false,,34.90,0.8725,true,1,120610
7290108352214,false,סנו מקסימה 40 קפסולו,,,סנו מקסימה 40 קפסולו,יח',40.00,יח',false,,34.90,0.8725,true,1,120611
7290108352252,false,סנו ספארק לניקוי כלי,,,סנו ספארק לניקוי כלי,מיליליטרים,1000.00,"100 מ""ל",false,,13.90,1.3900,true,1,127032
7290108352269,false,דלי מטליות לחיטוי ול,,,דלי מטליות לחיטוי ול,יחידה,0.00,יחידה,false,,34.90,0.0000,true,1,120121
7290108352344,false,סנו פרש הום אוטומטיק,,,סנו פרש הום אוטומטיק,מיליליטרים,250.00,"100 מ""ל",false,,16.90,6.7600,true,1,120272
7290108352399,false,ריצפז פרש הום בניחוח,,,ריצפז פרש הום בניחוח,מיליליטרים,2000.00,"100 מ""ל",false,,24.90,1.2450,true,1,138593
7290108352535,false,*מבצע* מקסימה דפי בי,,,*מבצע* מקסימה דפי בי,יח',20.00,יח',false,,11.90,0.5950,true,1,137938
7290108352566,false,סנו מקסימה מרכך כביס,,,סנו מקסימה מרכך כביס,מיליליטרים,4000.00,"100 מ""ל",false,,23.90,0.5975,true,1,138594
7290108352825,false,ספוג הפלא נירוסטה סנ,,,ספוג הפלא נירוסטה סנ,יחידה,0.00,יחידה,false,,10.90,0.0000,true,1,112865
7290108352849,false,סנו סושי מטלית הפלא,,,סנו סושי מטלית הפלא,יח',3.00,יח',false,,15.90,5.3000,true,1,135152
7290108353068,false,כריות סיבי הירוסטה ס,,,כריות סיבי הירוסטה ס,יחידה,0.00,יחידה,false,,10.90,0.0000,true,1,112866
7290108353334,false,כיף שמפו למניעת קשקש,,,כיף שמפו למניעת קשקש,מיליליטרים,700.00,"100 מ""ל",false,,13.90,1.9857,true,1,112590
7290108353686,false,מטלית חלומית לרצפה ס,קריות זול,,מטלית חלומית לרצפה ס,יחידה,0.00,יחידה,false,,10.90,0.0000,true,1,128974
7290108353891,false,קרמה דאודורנט רול או,,,קרמה דאודורנט רול או,מיליליטרים,75.00,"100 מ""ל",false,,15.90,21.2000,true,1,128038
7290108354034,false,קרמה סבון ידיים חמאת,,,קרמה סבון ידיים חמאת,מיליליטרים,300.00,"100 מ""ל",false,,11.90,3.9667,true,1,128039
7290108354430,false,כיף שמפו לשיער שמן ק,,,כיף שמפו לשיער שמן ק,מיליליטרים,700.00,"100 מ""ל",false,,13.90,1.9857,true,1,128975
7290108354447,false,כיף מרכך לשיער שמן ק,,,כיף מרכך לשיער שמן ק,מיליליטרים,700.00,"100 מ""ל",false,,13.90,1.9857,true,1,128976
7290108354911,false,קרמה מן 3 ב-1 -שמפו,,,קרמה מן 3 ב-1 -שמפו,מטרים,700.00,100 מ'ל,false,,17.90,2.5571,true,1,113485
7290108355147,false,נקה 7 תחליב רחצה שמנ,,,נקה 7 תחליב רחצה שמנ,מיליליטרים,750.00,"100 מ""ל",false,,12.90,1.7200,true,1,97556
7290108356021,false,כיף תחליב רחצה בניחו,,,כיף תחליב רחצה בניחו,מיליליטרים,700.00,"100 מ""ל",false,,13.90,1.9857,true,1,99477
7290108356045,false,כיף תחליב רחצה בניחו,,,כיף תחליב רחצה בניחו,מיליליטרים,700.00,"100 מ""ל",false,,13.90,1.9857,true,1,99479
7290108356113,false,כיף תחליב רחצה דבש 7,קריות זול,,כיף תחליב רחצה דבש 7,מיליליטרים,700.00,"100 מ""ל",false,,13.90,1.9857,true,1,99093
7290108356120,false,כיף תחליב רחצה קוקוס,קריות זול,,כיף תחליב רחצה קוקוס,מיליליטרים,700.00,"100 מ""ל",false,,13.90,1.9857,true,1,99094
7290108356137,false,כיף תחליב רחצה לבנדר,קריות זול,,כיף תחליב רחצה לבנדר,מיליליטרים,700.00,"100 מ""ל",false,,13.90,1.9857,true,1,99095
7290108356151,false,כיף תחליב רחצה מאסק,קריות זול,,כיף תחליב רחצה מאסק,מיליליטרים,700.00,"100 מ""ל",false,,13.90,1.9857,true,1,99096
7290108356229,false,קרמה גל גילוח קרבון,,,קרמה גל גילוח קרבון,מיליליטרים,200.00,"100 מ""ל",false,,13.90,6.9500,true,1,127042
7290108356489,false,כיף תחליב רחצה אפרסק,קריות זול,,כיף תחליב רחצה אפרסק,מיליליטרים,700.00,"100 מ""ל",false,,13.90,1.9857,true,1,139136
7290108356519,false,קרליין שמפו 10 לשיער,,,קרליין שמפו 10 לשיער,מיליליטרים,700.00,"100 מ""ל",false,,14.90,2.1286,true,1,138910
7290108356526,false,קרליין שמפו 10 לשיער,,,קרליין שמפו 10 לשיער,מיליליטרים,700.00,"100 מ""ל",false,,14.90,2.1286,true,1,138911
7290108356557,false,קרליין שמפו 10 למניע,,,קרליין שמפו 10 למניע,מיליליטרים,700.00,"100 מ""ל",false,,14.90,2.1286,true,1,138914
7290108357004,false,כיף שמפו לשיער ורד ו,,,כיף שמפו לשיער ורד ו,מיליליטרים,700.00,"100 מ""ל",false,,13.90,1.9857,true,1,112363
7290108357011,false,כיף מרכך לשיער ורד ו,,,כיף מרכך לשיער ורד ו,מיליליטרים,700.00,"100 מ""ל",false,,13.90,1.9857,true,1,112364
7290108357028,false,כיף תחליב רחצה ורד ו,,,כיף תחליב רחצה ורד ו,מיליליטרים,700.00,"100 מ""ל",false,,13.90,1.9857,true,1,112365
7290108357196,false,סנו ג'ט +לניקוי וחיט,,,סנו ג'ט +לניקוי וחיט,מיליליטרים,750.00,"100 מ""ל",false,,13.90,1.8533,true,1,136694
7290108357226,false,סנו אוקסיג'ן פאוור א,,,סנו אוקסיג'ן פאוור א,גרמים,1400.00,100 גרם,false,,29.90,2.1357,true,1,138920
7290108357288,false,אקונומיקה סנו ז'אוול,קריות זול,,אקונומיקה סנו ז'אוול,ליטרים,4.00,ליטר,false,,17.90,4.4750,true,1,139137
7290108357295,false,סנו אוקסיגן מסיר כתמ,,,סנו אוקסיגן מסיר כתמ,מיליליטרים,750.00,"100 מ""ל",false,,18.90,2.5200,true,1,140121
7290108357301,false,סנו 300-K קוטל נמלים,,,סנו 300-K קוטל נמלים,מיליליטרים,300.00,"100 מ""ל",false,,14.90,4.9667,true,1,139209
7290108357660,false,סנובון באבלס בניחוח,קריות זול,,סנובון באבלס בניחוח,מיליליטרים,0.00,"מ""ל",false,,17.90,0.0000,true,1,141218
7290108357707,false,כיף שמפו לשיער רגיל,,,כיף שמפו לשיער רגיל,מיליליטרים,700.00,"100 מ""ל",false,,13.90,1.9857,true,1,99744
7290108357714,false,כיף שמפו לשיער יבש ר,,,כיף שמפו לשיער יבש ר,מיליליטרים,700.00,"100 מ""ל",false,,13.90,1.9857,true,1,99745
7290108357745,false,כיף שמפו ומרכך 2+1 ת,,,כיף שמפו ומרכך 2+1 ת,מיליליטרים,700.00,"100 מ""ל",false,,13.90,1.9857,true,1,99750
7290108357769,false,כיף מרכך לשיער רגיל,,,כיף מרכך לשיער רגיל,מיליליטרים,700.00,"100 מ""ל",false,,13.90,1.9857,true,1,99747
7290108357776,false,כיף מרכך לשיער יבש ר,,,כיף מרכך לשיער יבש ר,מיליליטרים,700.00,"100 מ""ל",false,,13.90,1.9857,true,1,99748
7290108357875,false,כיף שמפו לחות מוגברת,,,כיף שמפו לחות מוגברת,מיליליטרים,700.00,"100 מ""ל",false,,13.90,1.9857,true,1,139134
7290108357882,false,כיף מרכך לחות מוגברת,,,כיף מרכך לחות מוגברת,מיליליטרים,700.00,"100 מ""ל",false,,13.90,1.9857,true,1,139135
7290108358087,false,קרמה תחליב רחצה מאסק,,,קרמה תחליב רחצה מאסק,מיליליטרים,700.00,"100 מ""ל",false,,18.90,2.7000,true,1,128051
7290108358124,false,*מבצע* מקסימה דפי בי,,,*מבצע* מקסימה דפי בי,יח',20.00,יח',false,,11.90,0.5950,true,1,141214
7290108359855,false,שמפו אל דמע בייבי כי,,,שמפו אל דמע בייבי כי,מיליליטרים,750.00,"100 מ""ל",false,,16.90,2.2533,true,1,98794
7290108359985,false,סנו ז'אוול קצף ניקוי,קריות זול,,סנו ז'אוול קצף ניקוי,מיליליטרים,1000.00,"100 מ""ל",false,,19.90,1.9900,true,1,139140
7290108501346,false,גבינת גאודה מגורדת 2,,,גבינת גאודה מגורדת 2,גרמים,500.00,100 גרם,false,,25.90,5.1800,true,1,96715
7290108501360,false,גבינת צדר בשלה 200גר,,,גבינת צדר בשלה 200גר,גרמים,200.00,100 גרם,false,,19.90,9.9500,true,1,97105
7290108501490,false,גבינת מוצרלה פרוסות,,,גבינת מוצרלה פרוסות,גרמים,150.00,100 גרם,false,,13.90,9.2667,true,1,98236
7290108502305,false,גבינה גרנה פדנו משול,,,גבינה גרנה פדנו משול,גרמים,150.00,100 גרם,false,,21.90,14.6000,true,1,98821
7290108502589,false,גבינת שמנת שום יורוצ,,,גבינת שמנת שום יורוצ,גרמים,200.00,100 גרם,false,,13.90,6.9500,true,1,98221
7290108502862,false,מלפפון כבוש במלח 600,,,מלפפון כבוש במלח 600,גרמים,600.00,100 גרם,false,,9.90,1.6500,true,1,107373
7290108503043,false,מארז תפוחונים 4*22 ג,,,מארז תפוחונים 4*22 ג,גרמים,88.00,100 גרם,false,,15.90,18.0682,true,1,98820
7290108503067,false,פרמזנו משולש 150 גרם,,,פרמזנו משולש 150 גרם,גרמים,150.00,100 גרם,false,,15.90,10.6000,true,1,98824
7290108503159,false,גבינה כחולה עם עובש,,,גבינה כחולה עם עובש,גרמים,100.00,100 גרם,false,,15.90,15.9000,true,1,98825
7290108503975,false,קנלוני ויליפוד 250 ג,,,קנלוני ויליפוד 250 ג,גרמים,250.00,100 גרם,false,,10.90,4.3600,true,1,100000
7290108503999,false,פרוסות גבינה 150ג בט,,,פרוסות גבינה 150ג בט,גרמים,150.00,100 גרם,false,,9.90,6.6000,true,1,129121
7290108504002,false,פרוסות גבינה לייט150,,,פרוסות גבינה לייט150,גרמים,150.00,100 גרם,false,,9.90,6.6000,true,1,129122
7290108504279,false,קשקבל צ'אנק יורו ציז,,,קשקבל צ'אנק יורו ציז,גרמים,150.00,100 גרם,false,,15.90,10.6000,true,1,100812
7290108504293,false,מנצ'גו צ'אנק יורו צי,,,מנצ'גו צ'אנק יורו צי,גרמים,150.00,100 גרם,false,,15.90,10.6000,true,1,100814
7290108505191,false,יוגורט עם פצפוצי שוק,,,יוגורט עם פצפוצי שוק,גרמים,150.00,100 גרם,false,,5.90,3.9333,true,1,120524
7290108505207,false,יוגורט עם אוכמניות 0,,,יוגורט עם אוכמניות 0,גרמים,150.00,100 גרם,false,,5.90,3.9333,true,1,120516
7290108505375,false,צהובה פרוסות 400 גרם,,,צהובה פרוסות 400 גרם,גרמים,400.00,100 גרם,false,,19.90,4.9750,true,1,112070
7290108505719,false,גבינת מוצרלה מגורדת,,,גבינת מוצרלה מגורדת,גרמים,200.00,100 גרם,false,,14.90,7.4500,true,1,120511
7290108505726,false,אצבעות גבינה חצי קשה,,,אצבעות גבינה חצי קשה,גרמים,200.00,100 גרם,false,,14.90,7.4500,true,1,120509
7290108505733,false,צמות גבינה חצי קשה 2,,,צמות גבינה חצי קשה 2,גרמים,200.00,100 גרם,false,,14.90,7.4500,true,1,120508
7290108505740,false,גבינת קשקבל חצי קשה,,,גבינת קשקבל חצי קשה,גרמים,200.00,100 גרם,false,,14.90,7.4500,true,1,120510
7290108506488,false,פינוקים סופלה שוקולד,,,פינוקים סופלה שוקולד,גרמים,200.00,100 גרם,false,,15.90,7.9500,true,1,120220
7290108506495,false,פינוקים כנאפה קפוא 1,,,פינוקים כנאפה קפוא 1,גרמים,192.50,100 גרם,false,,13.90,7.2208,true,1,120223
7290108506501,false,אצבעות בצק פילו במיל,,,אצבעות בצק פילו במיל,גרמים,500.00,100 גרם,false,,15.90,3.1800,true,1,139095
7290108506518,false,אצבעות בצק פילו במיל,,,אצבעות בצק פילו במיל,גרמים,500.00,100 גרם,false,,15.90,3.1800,true,1,139096
7290108506624,false,גבינת עיזים צ'אנק 15,,,גבינת עיזים צ'אנק 15,גרמים,150.00,100 גרם,false,,15.90,10.6000,true,1,120742
7290108506709,false,גבינת פרמג'נו רג'אנו,,,גבינת פרמג'נו רג'אנו,גרמים,150.00,100 גרם,false,,24.90,16.6000,true,1,120512
7290108506969,false,מאפה בורקס מים תורכי,,,מאפה בורקס מים תורכי,גרמים,300.00,100 גרם,false,,10.90,3.6333,true,1,128268
7290108507058,false,ביסקויט פריך בשוקולד,,,ביסקויט פריך בשוקולד,גרמים,100.00,100 גרם,false,,6.90,6.9000,true,1,139101
7290108507188,false,כנאפה אריזה משפחתית,,,כנאפה אריזה משפחתית,גרמים,657.50,100 גרם,false,,29.90,4.5475,true,1,128273
7290108507645,false,ביסקוויט פריך בשוקול,,,ביסקוויט פריך בשוקול,גרמים,100.00,100 גרם,false,,6.90,6.9000,true,1,139102
7290108507652,false,ביסקויט פריך בשוקולד,,,ביסקויט פריך בשוקולד,גרמים,100.00,100 גרם,false,,6.90,6.9000,true,1,139103
7290108508451,false,משקה יוגורט טבעי 200,,,משקה יוגורט טבעי 200,מיליליטרים,293.00,"100 מ""ל",false,,5.90,2.0137,true,1,136249
7290108508499,false,איירן משקה יוגורט בס,,,איירן משקה יוגורט בס,מיליליטרים,293.00,"100 מ""ל",false,,5.90,2.0137,true,1,136248
7290108508963,false,גבינת קשקבל מגורדת ח,,,גבינת קשקבל מגורדת ח,גרמים,200.00,100 גרם,false,,14.90,7.4500,true,1,136253
7290108509106,false,גבינה בולגרית מעודנת,,,גבינה בולגרית מעודנת,גרמים,500.00,100 גרם,false,,12.90,2.5800,true,1,138705
7290108509137,false,גבינה בולגרית מעודנת,,,גבינה בולגרית מעודנת,גרמים,250.00,100 גרם,false,,12.90,5.1600,true,1,138704
7290108509267,false,ארוחת פסטה עם רוטב ע,,,ארוחת פסטה עם רוטב ע,גרמים,206.00,100 גרם,false,,9.90,4.8058,true,1,141134
7290108509700,false,"אורז פרסי דאווט 1 ק""",,,"אורז פרסי דאווט 1 ק""",מיליליטרים,1000.00,"100 מ""ל",false,,9.90,0.9900,true,1,138701
7290108509731,false,איירן משקה יוגורט בס,,,איירן משקה יוגורט בס,מיליליטרים,1000.00,"100 מ""ל",false,,15.90,1.5900,true,1,138702
7290109351025,false,חומוסטחינה צבר 400גר,,,חומוסטחינה צבר 400גר,גרמים,400.00,100 גרם,false,,14.90,3.7250,true,1,75402
7290109351971,false,פריכיות שוקולד חלב פ,,,פריכיות שוקולד חלב פ,גרמים,84.00,100 גרם,false,,14.90,17.7381,true,1,89372
7290109352916,false,פריכיות שוקולד לבן פ,,,פריכיות שוקולד לבן פ,גרמים,84.00,100 גרם,false,,14.90,17.7381,true,1,89373
7290109354101,false,לחמית ללא גלוטן אסם,,,לחמית ללא גלוטן אסם,גרמים,200.00,100 גרם,false,,11.90,5.9500,true,1,93961
7290109358260,false,נקניקיות מן הצומח עם,,,נקניקיות מן הצומח עם,גרמים,600.00,100 גרם,false,,32.90,5.4833,true,1,94372
7290109358284,false,שניצל תירס עם חלבון,,,שניצל תירס עם חלבון,גרמים,664.00,100 גרם,false,,32.90,4.9548,true,1,94373
7290109358765,false,"דגני קראנץ רולס בד""ץ",,,"דגני קראנץ רולס בד""ץ",גרמים,450.00,100 גרם,false,,27.90,6.2000,true,1,93192
7290109580043,false,"שניצל תירס 1.75ק""ג ז",,,"שניצל תירס 1.75ק""ג ז",גרמים,1750.00,100 גרם,false,,49.90,2.8514,true,1,128393
7290109580098,false,קבנוס בטעם סרירצ'ה ז,,,קבנוס בטעם סרירצ'ה ז,גרמים,135.00,100 גרם,false,,12.90,9.5556,true,1,138943
7290109580104,false,רוסטביף 150 גרם פרימ,,,רוסטביף 150 גרם פרימ,גרמים,150.00,100 גרם,false,,25.90,17.2667,true,1,135307
7290109580111,false,צלעות אסאדו מעושנות,,,צלעות אסאדו מעושנות,גרמים,120.00,100 גרם,false,,25.90,21.5833,true,1,138819
7290109580135,false,קורנדביף 180 גרם פרי,,,קורנדביף 180 גרם פרי,גרמים,180.00,100 גרם,false,,25.90,14.3889,true,1,135309
7290109580159,false,פסטרמה בנוסח טוסקנה,,,פסטרמה בנוסח טוסקנה,גרמים,180.00,100 גרם,false,,25.90,14.3889,true,1,135305
7290109580166,false,סרוולדקלאסי 150ג פרי,,,סרוולדקלאסי 150ג פרי,גרמים,150.00,100 גרם,false,,25.90,17.2667,true,1,135306
7290109580210,false,נקניקיות הצרפתיה ריי,,,נקניקיות הצרפתיה ריי,גרמים,300.00,100 גרם,false,,19.90,6.6333,true,1,138561
7290109580227,false,נקניקיות קאריוורסט ר,,,נקניקיות קאריוורסט ר,גרמים,300.00,100 גרם,false,,19.90,6.6333,true,1,138562
7290109580241,false,נאגטס מן הצומח 500גר,,,נאגטס מן הצומח 500גר,גרמים,500.00,100 גרם,false,,25.90,5.1800,true,1,140075
7290109580432,false,פסטרמה בדחזה הודו מע,,,פסטרמה בדחזה הודו מע,גרמים,120.00,100 גרם,false,,14.90,12.4167,true,1,140073
7290109920146,false,דורגול מסיר אבנית 75,,,דורגול מסיר אבנית 75,מיליליטרים,750.00,"100 מ""ל",false,,20.90,2.7867,true,1,89452
7290109920603,false,אסטוניש קרם מטבח 500,,,אסטוניש קרם מטבח 500,מיליליטרים,500.00,"100 מ""ל",false,,19.90,3.9800,true,1,96499
7290109920627,false,אסטוניש קרם אמבט אקו,,,אסטוניש קרם אמבט אקו,מיליליטרים,500.00,"100 מ""ל",false,,19.90,3.9800,true,1,96500
7290109920740,false,הפי מרכך כביסה מרוכז,,,הפי מרכך כביסה מרוכז,מיליליטרים,1000.00,"100 מ""ל",false,,10.90,1.0900,true,1,95080
7290109920849,false,אסטוניש תפוז לניקוי,,,אסטוניש תפוז לניקוי,מיליליטרים,750.00,"100 מ""ל",false,,15.90,2.1200,true,1,95088
7290109921129,false,הפי מרכך כביסה סופר,,,הפי מרכך כביסה סופר,מיליליטרים,1000.00,"100 מ""ל",false,,10.90,1.0900,true,1,97823
7290109921587,false,הפי לרצפית גרנית פור,,,הפי לרצפית גרנית פור,מיליליטרים,1250.00,"100 מ""ל",false,,15.90,1.2720,true,1,106766
7290109923079,false,דזיטול נוזל מרוכז לח,,,דזיטול נוזל מרוכז לח,מיליליטרים,2000.00,"100 מ""ל",false,,15.90,0.7950,true,1,139827
7290109923147,false,אסטוניש מרסס פלא של,,,אסטוניש מרסס פלא של,מיליליטרים,750.00,"100 מ""ל",false,,15.90,2.1200,true,1,139824
7290110110277,false,סיידר סומרסבי רביעיי,,,סיידר סומרסבי רביעיי,מיליליטרים,1320.00,"100 מ""ל",false,,37.90,2.8712,true,1,101893
7290110110369,false,בירה קרלסברג לומה בק,קריות זול,,בירה קרלסברג לומה בק,מיליליטרים,1980.00,"100 מ""ל",false,,37.90,1.9141,true,1,127028
7290110110574,false,קוקה קולה סליק זירו,,,קוקה קולה סליק זירו,מיליליטרים,330.00,"100 מ""ל",false,,6.70,2.0303,true,1,97563
7290110113261,false,אושן ספריי 19 קלוריו,קריות זול,,אושן ספריי 19 קלוריו,מיליליטרים,1000.00,"100 מ""ל",false,,13.90,1.3900,true,1,138175
7290110114787,false,נביעות+ תפוח 1.5ליטר,,,נביעות+ תפוח 1.5ליטר,מיליליטרים,1500.00,"100 מ""ל",false,,9.90,0.6600,true,1,138405
7290110114794,false,נביעות+ אפרסק 1.5ליט,,,נביעות+ אפרסק 1.5ליט,מיליליטרים,1500.00,"100 מ""ל",false,,9.90,0.6600,true,1,138406
7290110114800,false,נביעות+ ענבים 1.5ליט,,,נביעות+ ענבים 1.5ליט,מיליליטרים,1500.00,"100 מ""ל",false,,9.90,0.6600,true,1,138407
7290110114855,false,נביעות שישייה 6*1.5ל,קריות זול,,נביעות שישייה 6*1.5ל,מיליליטרים,9000.00,"100 מ""ל",false,,14.70,0.1633,true,1,138276
7290110114893,false,סחוט תפוז 2ליטר,,,סחוט תפוז 2ליטר,מיליליטרים,2000.00,"100 מ""ל",false,,29.90,1.4950,true,1,138270
7290110114961,false,משקה קל בטעם תפוזים,,,משקה קל בטעם תפוזים,מיליליטרים,1500.00,"100 מ""ל",false,,9.90,0.6600,true,1,138412
7290110114985,false,משקה קל בטעם אשכוליו,,,משקה קל בטעם אשכוליו,מיליליטרים,1500.00,"100 מ""ל",false,,9.90,0.6600,true,1,138414
7290110114992,false,פריגת אשכולית לייט 1,,,פריגת אשכולית לייט 1,מיליליטרים,1500.00,"100 מ""ל",false,,9.90,0.6600,true,1,138415
7290110115005,false,משקה קל בטעם ענבים פ,,,משקה קל בטעם ענבים פ,מיליליטרים,1500.00,"100 מ""ל",false,,9.90,0.6600,true,1,138416
7290110115036,false,פריגת משקה קל מנגו,,,פריגת משקה קל מנגו,מיליליטרים,1500.00,"100 מ""ל",false,,9.90,0.6600,true,1,138419
7290110115043,false,משקה קל בטעם לימונענ,,,משקה קל בטעם לימונענ,מיליליטרים,1500.00,"100 מ""ל",false,,9.90,0.6600,true,1,138420
7290110115050,false,פריגת משקה קל תות-בנ,,,פריגת משקה קל תות-בנ,מיליליטרים,1500.00,"100 מ""ל",false,,9.90,0.6600,true,1,138421
7290110115081,false,פריגת צלול ענבים 1.5,,,פריגת צלול ענבים 1.5,מיליליטרים,1500.00,"100 מ""ל",false,,9.90,0.6600,true,1,138425
7290110115104,false,פריגת צלול אפרסק 1.5,,,פריגת צלול אפרסק 1.5,מיליליטרים,1500.00,"100 מ""ל",false,,9.90,0.6600,true,1,138427
7290110115128,false,פריגת צלול בטעם לימו,,,פריגת צלול בטעם לימו,מיליליטרים,1500.00,"100 מ""ל",false,,9.90,0.6600,true,1,138430
7290110115180,false,נביעות 1.5 ליטר,,,נביעות 1.5 ליטר,מיליליטרים,1500.00,"100 מ""ל",false,,2.90,0.1933,true,1,138509
7290110115203,false,קוקה קולה 1.5 ליטר,,,קוקה קולה 1.5 ליטר,מיליליטרים,1500.00,"100 מ""ל",false,,8.90,0.5933,true,1,138282
7290110115210,false,קוקה קולה דיאט 1.5ל,,,קוקה קולה דיאט 1.5ל,מיליליטרים,1500.00,"100 מ""ל",false,,8.90,0.5933,true,1,138283
7290110115227,false,קוקה קולה זירו בקבוק,,,קוקה קולה זירו בקבוק,מיליליטרים,1500.00,"100 מ""ל",false,,8.90,0.5933,true,1,138284
7290110115234,false,קוקה קולה זירו נטול,,,קוקה קולה זירו נטול,מיליליטרים,1500.00,"100 מ""ל",false,,8.90,0.5933,true,1,138285
7290110115241,false,קוקה קולה זירו לימון,,,קוקה קולה זירו לימון,מיליליטרים,1500.00,"100 מ""ל",false,,8.90,0.5933,true,1,138286
7290110115265,false,ספרייט ליים 1.5ליטר,,,ספרייט ליים 1.5ליטר,מיליליטרים,1500.00,"100 מ""ל",false,,8.90,0.5933,true,1,138381
7290110115272,false,ספרייט זירו 1.5ליטר,,,ספרייט זירו 1.5ליטר,מיליליטרים,1500.00,"100 מ""ל",false,,8.90,0.5933,true,1,138382
7290110115296,false,פאנטה אורנג 1.5ליטר,,,פאנטה אורנג 1.5ליטר,מיליליטרים,1500.00,"100 מ""ל",false,,8.90,0.5933,true,1,138431
7290110115302,false,פאנטה זירו אורנג 1.5,,,פאנטה זירו אורנג 1.5,מיליליטרים,1500.00,"100 מ""ל",false,,8.90,0.5933,true,1,138432
7290110115319,false,פאנטה אקזוטיק 1.5ליט,,,פאנטה אקזוטיק 1.5ליט,מיליליטרים,1500.00,"100 מ""ל",false,,8.90,0.5933,true,1,138435
7290110115326,false,פאנטה אורנג מנגו 1.5,,,פאנטה אורנג מנגו 1.5,מיליליטרים,1500.00,"100 מ""ל",false,,8.90,0.5933,true,1,138436
7290110115333,false,פאנטה תות 1.5ליטר,,,פאנטה תות 1.5ליטר,מיליליטרים,1500.00,"100 מ""ל",false,,8.90,0.5933,true,1,138437
7290110115340,false,פאנטה ענבים 1.5ליטר,,,פאנטה ענבים 1.5ליטר,מיליליטרים,1500.00,"100 מ""ל",false,,8.90,0.5933,true,1,138438
7290110115357,false,קינלי סודה 1.5ליטר,קריות זול,,קינלי סודה 1.5ליטר,מיליליטרים,1500.00,"100 מ""ל",false,,4.60,0.3067,true,1,138385
7290110115364,false,קוקה קולה שישייה 6*1,,,קוקה קולה שישייה 6*1,מיליליטרים,9000.00,"100 מ""ל",false,,52.90,0.5878,true,1,138288
7290110115371,false,קוקה קולה דיאט שישיי,,,קוקה קולה דיאט שישיי,מיליליטרים,9000.00,"100 מ""ל",false,,52.90,0.5878,true,1,138289
7290110115395,false,ספרייט זירו שישייה 6,,,ספרייט זירו שישייה 6,מיליליטרים,9000.00,"100 מ""ל",false,,52.90,0.5878,true,1,138434
7290110115401,false,קינלי סודה מארז שישי,,,קינלי סודה מארז שישי,מיליליטרים,9000.00,"100 מ""ל",false,,21.70,0.2411,true,1,138440
7290110115418,false,קוקה קולה זירו שישיי,,,קוקה קולה זירו שישיי,מיליליטרים,9000.00,"100 מ""ל",false,,52.90,0.5878,true,1,138379
7290110115425,false,פיוז טי גרין לימון נ,,,פיוז טי גרין לימון נ,מיליליטרים,1500.00,"100 מ""ל",false,,10.90,0.7267,true,1,138386
7290110115449,false,פיוז טי מנגו אננס 1.,,,פיוז טי מנגו אננס 1.,מיליליטרים,1500.00,"100 מ""ל",false,,10.90,0.7267,true,1,138389
7290110115456,false,פיוז טי אפרסק 19קלור,,,פיוז טי אפרסק 19קלור,מיליליטרים,1500.00,"100 מ""ל",false,,10.90,0.7267,true,1,138390
7290110115463,false,פיוז טי אפרסק 1.5ליט,,,פיוז טי אפרסק 1.5ליט,מיליליטרים,1500.00,"100 מ""ל",false,,10.90,0.7267,true,1,138391
7290110115494,false,פיוז טי ענבים 1.5ליט,,,פיוז טי ענבים 1.5ליט,מיליליטרים,1500.00,"100 מ""ל",false,,10.90,0.7267,true,1,138393
7290110115531,false,פאנטה זירו תפוח 1.5ל,,,פאנטה זירו תפוח 1.5ל,מיליליטרים,1500.00,"100 מ""ל",false,,8.90,0.5933,true,1,138439
7290110115593,false,פריגת אשכולית 40% פח,,,פריגת אשכולית 40% פח,מיליליטרים,1500.00,"100 מ""ל",false,,9.90,0.6600,true,1,138424
7290110115616,false,פיוז טי זירו גרין אנ,,,פיוז טי זירו גרין אנ,מיליליטרים,1500.00,"100 מ""ל",false,,10.90,0.7267,true,1,138396
7290110115623,false,פיוז טי זירו אפרסק 1,,,פיוז טי זירו אפרסק 1,מיליליטרים,1500.00,"100 מ""ל",false,,10.90,0.7267,true,1,138397
7290110115777,false,נביעות 1.5 ליטר,,,נביעות 1.5 ליטר,מיליליטרים,1500.00,"100 מ""ל",false,,2.90,0.1933,true,1,138510
7290110115821,false,ספרייט ליים 1.5ליטר,,,ספרייט ליים 1.5ליטר,מיליליטרים,1500.00,"100 מ""ל",false,,8.90,0.5933,true,1,138535
7290110115838,false,ספרייט זירו 1.5ליטר,,,ספרייט זירו 1.5ליטר,מיליליטרים,1500.00,"100 מ""ל",false,,8.90,0.5933,true,1,138536
7290110115845,false,קוקה קולה 1.5 ליטר,,,קוקה קולה 1.5 ליטר,מיליליטרים,1500.00,"100 מ""ל",false,,8.90,0.5933,true,1,138505
7290110115852,false,קוקה קולה דיאט 1.5ל,,,קוקה קולה דיאט 1.5ל,מיליליטרים,1500.00,"100 מ""ל",false,,8.90,0.5933,true,1,138532
7290110115869,false,קוקה קולה זירו בקבוק,,,קוקה קולה זירו בקבוק,מיליליטרים,1500.00,"100 מ""ל",false,,8.90,0.5933,true,1,138506
7290110115876,false,קינלי סודה 1.5ליטר,קריות זול,,קינלי סודה 1.5ליטר,מיליליטרים,1500.00,"100 מ""ל",false,,4.60,0.3067,true,1,138537
7290110115968,false,קוקה קולה 1ליטר,,,קוקה קולה 1ליטר,מיליליטרים,1000.00,"100 מ""ל",false,,7.50,0.7500,true,1,139138
7290110115975,false,קוקה קולה זירו 1ליטר,,,קוקה קולה זירו 1ליטר,מיליליטרים,1000.00,"100 מ""ל",false,,7.50,0.7500,true,1,139144
7290110116064,false,פאנטה זירו פירות ירו,,,פאנטה זירו פירות ירו,מיליליטרים,1500.00,"100 מ""ל",false,,8.90,0.5933,true,1,140071
7290110116194,false,נביעות+לימון ליים 0,,,נביעות+לימון ליים 0,מיליליטרים,1500.00,"100 מ""ל",false,,10.90,0.7267,true,1,140727
7290110116217,false,נביעות+אשכולית 0 קלו,,,נביעות+אשכולית 0 קלו,מיליליטרים,1500.00,"100 מ""ל",false,,10.90,0.7267,true,1,140728
7290110320591,false,בולגרית 16% במרקם מע,,,בולגרית 16% במרקם מע,גרמים,250.00,100 גרם,false,,23.70,9.4800,true,1,93087
7290110320850,false,פתיתי עמק 200גר,,,פתיתי עמק 200גר,גרמים,200.00,100 גרם,false,,15.80,7.9000,true,1,94930
7290110320867,false,פתיתי עמק גבינה צהוב,,,פתיתי עמק גבינה צהוב,גרמים,500.00,100 גרם,false,,35.70,7.1400,true,1,95973
7290110320935,false,פרוסות מוצרלה 150גר,,,פרוסות מוצרלה 150גר,גרמים,200.00,100 גרם,false,,16.90,8.4500,true,1,94687
7290110321031,false,יופלה GO יוגורט מועש,,,יופלה GO יוגורט מועש,גרמים,200.00,100 גרם,false,,5.60,2.8000,true,1,94683
7290110321277,false,קוטג בקטנה 5% מהדרין,קריות זול,,קוטג בקטנה 5% מהדרין,גרמים,100.00,100 גרם,false,,2.90,2.9000,true,1,95927
7290110321284,false,קוטג בקטנה 9% מהדרין,קריות זול,,קוטג בקטנה 9% מהדרין,גרמים,100.00,100 גרם,false,,2.90,2.9000,true,1,95928
7290110321680,false,יופלה GO תות 200 גרם,,,יופלה GO תות 200 גרם,גרמים,200.00,100 גרם,false,,5.90,2.9500,true,1,96127
7290110321697,false,יופלה GO אפרסק 200 ג,,,יופלה GO אפרסק 200 ג,גרמים,200.00,100 גרם,false,,5.90,2.9500,true,1,96128
7290110322014,false,טופו טבעי 300 גרם,,,טופו טבעי 300 גרם,גרמים,300.00,100 גרם,false,,12.60,4.2000,true,1,97752
7290110322021,false,טופו בזיליקום 300 גר,,,טופו בזיליקום 300 גר,גרמים,300.00,100 גרם,false,,12.60,4.2000,true,1,97753
7290110322038,false,טופו פיקנטי 300 גרם,,,טופו פיקנטי 300 גרם,גרמים,300.00,100 גרם,false,,12.60,4.2000,true,1,97754
7290110322946,false,יופלה טיוב יוגורט במ,,,יופלה טיוב יוגורט במ,גרמים,348.00,100 גרם,false,,12.50,3.5920,true,1,98727
7290110323073,false,משקה יוגורט מועשר בח,,,משקה יוגורט מועשר בח,מיליליטרים,250.00,"100 מ""ל",false,,6.50,2.6000,true,1,98352
7290110323301,false,גבינת טל העמק 32% שו,,IL,גבינת טל העמק 32% שו,גרמים,200.00,100 גרם,false,,18.90,9.4500,true,1,99492
7290110323585,false,יופלה GO יוגורט עם ד,,,יופלה GO יוגורט עם ד,גרמים,200.00,100 גרם,false,,5.80,2.9000,true,1,98978
7290110323714,false,משקה קוקוס שקדים 1 ל,,IL,משקה קוקוס שקדים 1 ל,מיליליטרים,1000.00,"100 מ""ל",false,,12.70,1.2700,true,1,99486
7290110324353,false,יופלה GO לייט בטעם א,,,יופלה GO לייט בטעם א,גרמים,200.00,100 גרם,false,,5.90,2.9500,true,1,100152
7290110324711,false,ממרח סויה 9% בטעם טב,קריות זול,,ממרח סויה 9% בטעם טב,גרמים,250.00,100 גרם,false,,8.90,3.5600,true,1,100774
7290110324841,false,מעדן שקדים עם שוקולד,קריות זול,,מעדן שקדים עם שוקולד,גרמים,125.00,100 גרם,false,,4.40,3.5200,true,1,107065
7290110324858,false,מעדן שקדים בטעם אגוז,קריות זול,,מעדן שקדים בטעם אגוז,גרמים,125.00,100 גרם,false,,4.40,3.5200,true,1,107066
7290110324872,false,גבינה גלבוע 200גר 5%,,,גבינה גלבוע 200גר 5%,גרמים,200.00,100 גרם,false,,18.70,9.3500,true,1,107061
7290110324926,false,משקה סויה ללא תוספת,,,משקה סויה ללא תוספת,מיליליטרים,1000.00,"100 מ""ל",false,,10.90,1.0900,true,1,106815
7290110325114,false,משקה יוגורט גו לייט,,,משקה יוגורט גו לייט,מיליליטרים,250.00,"100 מ""ל",false,,6.50,2.6000,true,1,102899
7290110325169,false,פרוסות גאודה 170 גרם,,,פרוסות גאודה 170 גרם,גרמים,170.00,100 גרם,false,,18.80,11.0588,true,1,120048
7290110325312,false,מעדן סויה גו בטעם תו,,,מעדן סויה גו בטעם תו,מיליליטרים,200.00,"100 מ""ל",false,,5.80,2.9000,true,1,107067
7290110325619,false,משקה שיבולת שועל 1 ל,,IL,משקה שיבולת שועל 1 ל,מיליליטרים,1000.00,"100 מ""ל",false,,12.70,1.2700,true,1,112266
7290110325701,false,פיראוס צזיקי יווני 9,,,פיראוס צזיקי יווני 9,גרמים,250.00,100 גרם,false,,12.90,5.1600,true,1,112767
7290110325893,false,משקה חלב גו אייס קפה,קריות זול,,משקה חלב גו אייס קפה,מיליליטרים,340.00,"100 מ""ל",false,,8.30,2.4412,true,1,112264
7290110326210,false,יופלה און טופ פצפוצי,,,יופלה און טופ פצפוצי,גרמים,157.00,100 גרם,false,,4.90,3.1210,true,1,120041
7290110326234,false,יופלה און טופ כוכבים,,,יופלה און טופ כוכבים,גרמים,157.00,100 גרם,false,,4.90,3.1210,true,1,120043
7290110326241,false,יופלה און טופ גרנולה,,,יופלה און טופ גרנולה,מיליליטרים,157.00,"100 מ""ל",false,,4.90,3.1210,true,1,120044
7290110326333,false,פרוסות גבינה סקנדינב,,,פרוסות גבינה סקנדינב,גרמים,170.00,100 גרם,false,,18.80,11.0588,true,1,128204
7290110327033,false,משקה סויה תנובה גו ח,,IL,משקה סויה תנובה גו ח,מיליליטרים,1000.00,"100 מ""ל",false,,12.70,1.2700,true,1,127848
7290110327514,false,משקה שיבולת שועל בטע,,IL,משקה שיבולת שועל בטע,מיליליטרים,1000.00,"100 מ""ל",false,,12.70,1.2700,true,1,136991
7290110327798,false,חטיף חלבון גו בטעם ש,,,חטיף חלבון גו בטעם ש,יחידה,0.00,יחידה,false,,12.90,0.0000,true,1,136685
7290110327804,false,חטיף חלבון גו בטעם ע,,,חטיף חלבון גו בטעם ע,יחידה,0.00,יחידה,false,,12.90,0.0000,true,1,136686
7290110327828,false,חטיף חלבון גו בטעם ח,,,חטיף חלבון גו בטעם ח,יחידה,0.00,יחידה,false,,12.90,0.0000,true,1,136688
7290110328627,false,יוגורט גו סמיך 0% בנ,,IL,יוגורט גו סמיך 0% בנ,גרמים,200.00,100 גרם,false,,5.90,2.9500,true,1,136604
7290110328641,false,טופו טבעי מארז 2*250,,,טופו טבעי מארז 2*250,גרמים,500.00,100 גרם,false,,20.90,4.1800,true,1,137094
7290110328764,false,יוגורט גו סמיך 0% תו,,IL,יוגורט גו סמיך 0% תו,גרמים,200.00,100 גרם,false,,5.90,2.9500,true,1,136605
7290110328771,false,יוגורט גו סמיך 0% פי,,IL,יוגורט גו סמיך 0% פי,גרמים,200.00,100 גרם,false,,5.90,2.9500,true,1,136606
7290110328788,false,יוגורט גו סמיך 0% אפ,,IL,יוגורט גו סמיך 0% אפ,גרמים,200.00,100 גרם,false,,5.90,2.9500,true,1,136603
7290110329266,false,יוגורט תנובה מחלב עי,קריות זול,,יוגורט תנובה מחלב עי,מיליליטרים,140.00,"100 מ""ל",false,,6.30,4.5000,true,1,136989
7290110329273,false,יוגורט תנובה מחלב עי,,,יוגורט תנובה מחלב עי,מיליליטרים,750.00,"100 מ""ל",false,,21.30,2.8400,true,1,136990
7290110329303,false,פרוסות בטעם גבינה צה,,,פרוסות בטעם גבינה צה,גרמים,200.00,100 גרם,false,,21.90,10.9500,true,1,136993
7290110329426,false,טופו טבעי עם רוטב קר,,,טופו טבעי עם רוטב קר,גרמים,250.00,100 גרם,false,,14.90,5.9600,true,1,139815
7290110329433,false,טופו טבעי עם רוטב סצ,,,טופו טבעי עם רוטב סצ,גרמים,250.00,100 גרם,false,,14.90,5.9600,true,1,139816
7290110329686,false,משקה חלב גו בטעם עוג,,,משקה חלב גו בטעם עוג,מיליליטרים,340.00,"100 מ""ל",false,,8.30,2.4412,true,1,138052
7290110329716,false,משקה קפה קר בטעם קפו,,,משקה קפה קר בטעם קפו,מיליליטרים,230.00,"100 מ""ל",false,,7.90,3.4348,true,1,139708
7290110329723,false,משקה קפה קר בטעם לאט,,,משקה קפה קר בטעם לאט,מיליליטרים,230.00,"100 מ""ל",false,,7.90,3.4348,true,1,139709
7290110329730,false,משקה חלב עם שוקולד ו,,,משקה חלב עם שוקולד ו,מיליליטרים,230.00,"100 מ""ל",false,,7.90,3.4348,true,1,139710
7290110329792,false,סויה ביו אפרסק 150 ג,,,סויה ביו אפרסק 150 ג,גרמים,150.00,100 גרם,false,,4.80,3.2000,true,1,138586
7290110329808,false,סויה ביו תות 150 ג א,,,סויה ביו תות 150 ג א,גרמים,150.00,100 גרם,false,,4.80,3.2000,true,1,138587
7290110329815,false,סויה ביו מתיקות מעוד,,,סויה ביו מתיקות מעוד,גרמים,150.00,100 גרם,false,,4.80,3.2000,true,1,138583
7290110329822,false,סויה ביו פירות יער ג,,,סויה ביו פירות יער ג,גרמים,150.00,100 גרם,false,,4.80,3.2000,true,1,138584
7290110329846,false,סויה ביו טבעי 150 גר,,,סויה ביו טבעי 150 גר,גרמים,150.00,100 גרם,false,,4.80,3.2000,true,1,138588
7290110550202,false,מטבעות שוקולד חלב לא,,,מטבעות שוקולד חלב לא,גרמים,400.00,100 גרם,false,,29.90,7.4750,true,1,139551
7290110550363,false,אנרג'י פריכיות משולש,,,אנרג'י פריכיות משולש,גרמים,65.00,100 גרם,false,,10.90,16.7692,true,1,138750
7290110552121,false,היוגורט הראשון שלי 1,,,היוגורט הראשון שלי 1,גרמים,100.00,100 גרם,false,,2.70,2.7000,true,1,139749
7290110552220,false,דנונה פרו 20 גרם חלב,,,דנונה פרו 20 גרם חלב,גרמים,200.00,100 גרם,false,,6.40,3.2000,true,1,138545
7290110553098,false,אנרג'י מיקס צימוקים,,,אנרג'י מיקס צימוקים,גרמים,100.00,100 גרם,false,,17.90,17.9000,true,1,140429
7290110553104,false,אבקה להכנת משקה קפוצ,,,אבקה להכנת משקה קפוצ,גרמים,130.00,100 גרם,false,,18.90,14.5385,true,1,141079
7290110553173,false,פריכיות אנרגי בטעם כ,,,פריכיות אנרגי בטעם כ,גרמים,40.00,100 גרם,false,,6.90,17.2500,true,1,140764
7290110553180,false,פריכיות אנרגי בטעם ת,,,פריכיות אנרגי בטעם ת,גרמים,40.00,100 גרם,false,,6.90,17.2500,true,1,140765
7290110553623,false,ציטוס קראנץ צ'דר חלפ,,,ציטוס קראנץ צ'דר חלפ,גרמים,80.00,100 גרם,false,,4.90,6.1250,true,1,140175
7290110554125,false,נודלס סצ'ואן חריף 35,,,נודלס סצ'ואן חריף 35,גרמים,350.00,100 גרם,false,,28.90,8.2571,true,1,141269
7290110554422,false,רוטב עגבניות ופלפלים,,,רוטב עגבניות ופלפלים,גרמים,350.00,100 גרם,false,,12.90,3.6857,true,1,138757
7290110554583,false,ציטוס פאפס בטעם גבינ,,,ציטוס פאפס בטעם גבינ,גרמים,200.00,100 גרם,false,,12.90,6.4500,true,1,138486
7290110554705,false,קפסולות נספרסו לקפה,,,קפסולות נספרסו לקפה,גרמים,50.00,100 גרם,false,,22.90,45.8000,true,1,141047
7290110554729,false,קפסולות אספרסו מס 04,,,קפסולות אספרסו מס 04,גרמים,50.00,100 גרם,false,,18.90,37.8000,true,1,138995
7290110555078,false,לאבנה עם שמן זית ועש,,,לאבנה עם שמן זית ועש,גרמים,250.00,100 גרם,false,,12.90,5.1600,true,1,139835
7290110556242,false,שוקולד מריר פרווה בד,קריות זול,,שוקולד מריר פרווה בד,גרמים,100.00,100 גרם,false,,5.90,5.9000,true,1,140766
7290110557027,false,חומוס 50% טחינה 400,,,חומוס 50% טחינה 400,גרמים,400.00,100 גרם,false,,13.90,3.4750,true,1,138110
7290110557102,false,מעדן חלב עם שוקולד 1,,,מעדן חלב עם שוקולד 1,גרמים,150.00,100 גרם,false,,5.50,3.6667,true,1,137446
7290110557133,false,מעדן הגולן וניל 125,קריות זול,,מעדן הגולן וניל 125,גרמים,125.00,100 גרם,false,,3.10,2.4800,true,1,137992
7290110557317,false,היוגורט הראשון שלי ש,,,היוגורט הראשון שלי ש,גרמים,100.00,100 גרם,false,,2.70,2.7000,true,1,139750
7290110557478,false,אחלה חומוס גלילי 600,,,אחלה חומוס גלילי 600,גרמים,600.00,100 גרם,false,,12.90,2.1500,true,1,139574
7290110558154,false,דנונה לייט אנד פרי ע,,,דנונה לייט אנד פרי ע,גרמים,150.00,100 גרם,false,,4.90,3.2667,true,1,140384
7290110558222,false,דנונה WOW בנופי 150,,,דנונה WOW בנופי 150,גרמים,150.00,100 גרם,false,,4.90,3.2667,true,1,140381
7290110558239,false,דנונה WOW קראק פאי 1,,,דנונה WOW קראק פאי 1,גרמים,150.00,100 גרם,false,,4.90,3.2667,true,1,140382
7290110558284,false,דנונה ביו מולטי 200,,,דנונה ביו מולטי 200,מיליליטרים,200.00,"100 מ""ל",false,,4.50,2.2500,true,1,140301
7290110558307,false,דנונה פרו שיבולת שוע,,,דנונה פרו שיבולת שוע,גרמים,200.00,100 גרם,false,,6.60,3.3000,true,1,139488
7290110558666,false,מעדן דניאלה תפוח 150,קריות זול,,מעדן דניאלה תפוח 150,מיליליטרים,150.00,"100 מ""ל",false,,4.30,2.8667,true,1,141226
7290110559007,false,שעועית חומה 380ג טעם,,,שעועית חומה 380ג טעם,גרמים,380.00,100 גרם,false,,6.90,1.8158,true,1,140433
7290110559014,false,שעועית שחורה 380 גרם,,,שעועית שחורה 380 גרם,גרמים,380.00,100 גרם,false,,6.90,1.8158,true,1,140434
7290110559748,false,ריל מאגדת שקדים קוקו,,,ריל מאגדת שקדים קוקו,גרמים,105.00,100 גרם,false,,17.90,17.0476,true,1,140362
7290110559755,false,ריל מאגדת בוטנים פיס,,,ריל מאגדת בוטנים פיס,גרמים,105.00,100 גרם,false,,17.90,17.0476,true,1,140360
7290110559762,false,ריל מאגדת אגוזים תמר,,,ריל מאגדת אגוזים תמר,גרמים,105.00,100 גרם,false,,17.90,17.0476,true,1,140361
7290110560317,false,פריכיות משולשות-מלח,,,פריכיות משולשות-מלח,גרמים,30.00,100 גרם,false,,5.90,19.6667,true,1,99075
7290110560324,false,פריכיות משולשות-אפונ,,,פריכיות משולשות-אפונ,גרמים,30.00,100 גרם,false,,5.90,19.6667,true,1,99076
7290110561352,false,דנונה ביו דל לקטוז 2,,,דנונה ביו דל לקטוז 2,גרמים,200.00,100 גרם,false,,3.80,1.9000,true,1,97670
7290110561604,false,גמדים תות בננה מעורב,,,גמדים תות בננה מעורב,מיליליטרים,800.00,"100 מ""ל",false,,19.50,2.4375,true,1,96138
7290110563431,false,משקה קפה קר בסיגנון,,,משקה קפה קר בסיגנון,גרמים,230.00,100 גרם,false,,7.90,3.4348,true,1,99441
7290110563448,false,משקה קפה קר בסיגנון,,,משקה קפה קר בסיגנון,גרמים,230.00,100 גרם,false,,7.90,3.4348,true,1,99442
7290110563462,false,חלב 2% בבקבוק נטול ל,,,חלב 2% בבקבוק נטול ל,מיליליטרים,1000.00,"100 מ""ל",false,,8.90,0.8900,true,1,99784
7290110564339,false,חומוס אבי עשיר ב30%,,,חומוס אבי עשיר ב30%,גרמים,400.00,100 גרם,false,,13.90,3.4750,true,1,96144
7290110564360,false,חומוס אבי עשיר ב40%,,,חומוס אבי עשיר ב40%,גרמים,400.00,100 גרם,false,,13.90,3.4750,true,1,96145
7290110564414,false,חומוס עשיר ב 30% טחי,,,חומוס עשיר ב 30% טחי,גרמים,600.00,100 גרם,false,,15.90,2.6500,true,1,120446
7290110564742,false,משקה קפה קר בסיגנון,,,משקה קפה קר בסיגנון,גרמים,230.00,100 גרם,false,,7.90,3.4348,true,1,99443
7290110565435,false,לימבו פטל חלבי 125גר,,,לימבו פטל חלבי 125גר,גרמים,125.00,100 גרם,false,,2.30,1.8400,true,1,95786
7290110565527,false,דנונה פרו 20 גרם חלב,,,דנונה פרו 20 גרם חלב,גרמים,200.00,100 גרם,false,,6.40,3.2000,true,1,95282
7290110565572,false,קפה טורקי לדרך עם הל,,,קפה טורקי לדרך עם הל,גרמים,168.00,100 גרם,false,,19.90,11.8452,true,1,106777
7290110566623,false,קפסולות קולומביה מס,,,קפסולות קולומביה מס,יחידה,0.00,יחידה,false,,18.90,0.0000,true,1,97838
7290110566975,false,דנונה פרו 20 גרם חלב,,,דנונה פרו 20 גרם חלב,גרמים,200.00,100 גרם,false,,6.40,3.2000,true,1,97153
7290110567057,false,מסטיק מאסט קוביות מנ,,,מסטיק מאסט קוביות מנ,גרמים,64.00,100 גרם,false,,10.90,17.0313,true,1,98764
7290110568238,false,קצפת צמחית 21% שומן,,,קצפת צמחית 21% שומן,מיליליטרים,250.00,"100 מ""ל",false,,8.50,3.4000,true,1,97890
7290110568276,false,משקה יוטבתה פרו וניל,,,משקה יוטבתה פרו וניל,מיליליטרים,350.00,"100 מ""ל",false,,6.90,1.9714,true,1,97568
7290110568559,false,דוריטוס בטעם טבעי מא,,,דוריטוס בטעם טבעי מא,גרמים,250.00,100 גרם,false,,14.90,5.9600,true,1,97853
7290110571184,false,עדשים חומות 380 ג טע,,,עדשים חומות 380 ג טע,גרמים,380.00,100 גרם,false,,6.90,1.8158,true,1,140432
7290110571382,false,מעדן חלב בטעם וניל 1,,,מעדן חלב בטעם וניל 1,גרמים,150.00,100 גרם,false,,5.50,3.6667,true,1,139401
7290110571405,false,מיני פינוקיות בגביע,,,מיני פינוקיות בגביע,גרמים,180.00,100 גרם,false,,10.90,6.0556,true,1,141056
7290110571474,false,רבע לשבע טבעוני פופק,,,רבע לשבע טבעוני פופק,גרמים,125.00,100 גרם,false,,12.90,10.3200,true,1,140101
7290110571481,false,קפה נמס עלית 200גר,קריות זול,,קפה נמס עלית 200גר,גרמים,200.00,100 גרם,false,,19.90,9.9500,true,1,140100
7290110572129,false,כיף כיף מקלות שוקולד,,,כיף כיף מקלות שוקולד,גרמים,40.00,100 גרם,false,,5.90,14.7500,true,1,141051
7290110572969,false,כיף כף פצפצים קרם לב,,,כיף כף פצפצים קרם לב,גרמים,40.00,100 גרם,false,,5.90,14.7500,true,1,140425
7290110572976,false,כיף כך פיצפוצים קרם,,,כיף כך פיצפוצים קרם,גרמים,135.00,100 גרם,false,,11.90,8.8148,true,1,140426
7290110576318,false,מארז שלישייה שוקולד,,,מארז שלישייה שוקולד,גרמים,300.00,100 גרם,false,,25.90,8.6333,true,1,140769
7290110576370,false,מארז שלישייה שוקולד,,,מארז שלישייה שוקולד,גרמים,300.00,100 גרם,false,,25.90,8.6333,true,1,140770
7290110576387,false,מארז שלישיית שוקולד,,,מארז שלישיית שוקולד,גרמים,300.00,100 גרם,false,,25.90,8.6333,true,1,140768
7290110576752,false,שוקולד ספלנדיד 70% מ,,,שוקולד ספלנדיד 70% מ,גרמים,100.00,100 גרם,false,,11.90,11.9000,true,1,141054
7290110576776,false,שוקולד ספלנדיד 85% מ,,,שוקולד ספלנדיד 85% מ,גרמים,100.00,100 גרם,false,,11.90,11.9000,true,1,141055
7290110576868,false,גמדים סלט פירות 4*10,קריות זול,,גמדים סלט פירות 4*10,גרמים,400.00,100 גרם,false,,11.60,2.9000,true,1,141224
7290111010194,false,מגבוני תינוקות בייבי,,,מגבוני תינוקות בייבי,יחידה,0.00,יחידה,false,,11.90,0.0000,true,1,99961
7290111010200,false,תיק רב סל,,,תיק רב סל,יחידה,0.00,יחידה,false,,2.90,0.0000,true,1,99757
7290111010248,false,"שמן זית בורגתא 750מ""",,,"שמן זית בורגתא 750מ""",מיליליטרים,750.00,"100 מ""ל",false,,29.90,3.9867,true,1,100854
7290111010262,false,מגבות נייר פייפר טאו,,,מגבות נייר פייפר טאו,יחידה,0.00,יחידה,false,,11.90,0.0000,true,1,106902
7290111010279,false,מגבונים לניקוי כללי,,,מגבונים לניקוי כללי,יחידה,0.00,יחידה,false,,10.00,0.0000,true,1,107693
7290111010293,false,נייר טואלט טוטו 48 ג,,,נייר טואלט טוטו 48 ג,יח',48.00,יח',false,,33.90,0.7062,true,1,112467
7290111010323,false,פפריקה מתוקה בשמן סו,,,פפריקה מתוקה בשמן סו,גרמים,400.00,100 גרם,false,,18.90,4.7250,true,1,113060
7290111010439,false,יין פרינס רויאל גוור,,,יין פרינס רויאל גוור,מיליליטרים,750.00,"100 מ""ל",false,,39.90,5.3200,true,1,129119
7290111010491,false,אקונומיקה 4 ליטר סן,,,אקונומיקה 4 ליטר סן,מיליליטרים,4000.00,"100 מ""ל",false,,14.90,0.3725,true,1,140195
7290111010507,false,נוזל כלים 18% תפוח 1,,,נוזל כלים 18% תפוח 1,מיליליטרים,1600.00,"100 מ""ל",false,,11.90,0.7438,true,1,140216
7290111010514,false,נוזל כלים 18% לימון,,,נוזל כלים 18% לימון,מיליליטרים,1600.00,"100 מ""ל",false,,11.90,0.7438,true,1,140217
7290111010583,false,נייר טואלט טוטו דו ש,,,נייר טואלט טוטו דו ש,יחידה,0.00,יחידה,false,,33.90,0.0000,true,1,138132
7290111010613,false,"שמן זית בשן 750מ""ל",,,"שמן זית בשן 750מ""ל",מיליליטרים,750.00,"100 מ""ל",false,,29.90,3.9867,true,1,138176
7290111010620,false,ערק כביר אסלי עם לימ,,,ערק כביר אסלי עם לימ,מיליליטרים,700.00,"100 מ""ל",false,,39.90,5.7000,true,1,138499
7290111010637,false,ערק כביר אסלי עם פסי,,,ערק כביר אסלי עם פסי,מיליליטרים,700.00,"100 מ""ל",false,,39.90,5.7000,true,1,138500
7290111010644,false,ערק כביר אסלי בטעם ע,,,ערק כביר אסלי בטעם ע,מיליליטרים,700.00,"100 מ""ל",false,,39.90,5.7000,true,1,138501
7290111010651,false,ערק כביר אסלי בטעם א,,,ערק כביר אסלי בטעם א,מיליליטרים,700.00,"100 מ""ל",false,,39.90,5.7000,true,1,138498
7290111010675,false,יין לוטן לבן  חצי יב,,,יין לוטן לבן  חצי יב,מיליליטרים,750.00,"100 מ""ל",false,,29.90,3.9867,true,1,138954
7290111010682,false,יין לוטן שיראז קברנה,,,יין לוטן שיראז קברנה,מיליליטרים,750.00,"100 מ""ל",false,,29.90,3.9867,true,1,138955
7290111010699,false,יין יערה קברנה סובינ,,,יין יערה קברנה סובינ,מיליליטרים,750.00,"100 מ""ל",false,,29.90,3.9867,true,1,138956
7290111010705,false,יין יערה אמרלד ריזלי,,,יין יערה אמרלד ריזלי,מיליליטרים,750.00,"100 מ""ל",false,,29.90,3.9867,true,1,138958
7290111010712,false,יין יערה שיראז קברנה,,,יין יערה שיראז קברנה,מיליליטרים,750.00,"100 מ""ל",false,,29.90,3.9867,true,1,138957
7290111010736,false,יין קברנה סוביניון ש,,,יין קברנה סוביניון ש,מיליליטרים,750.00,"100 מ""ל",false,,39.90,5.3200,true,1,139187
7290111010743,false,יין מרלו שאטו רפאלו,,,יין מרלו שאטו רפאלו,מיליליטרים,750.00,"100 מ""ל",false,,39.90,5.3200,true,1,139188
7290111010750,false,יין ריזלינג/שרדונה ש,,,יין ריזלינג/שרדונה ש,מיליליטרים,750.00,"100 מ""ל",false,,39.90,5.3200,true,1,139189
7290111010767,false,אקונומיקה סן רמו מבו,,,אקונומיקה סן רמו מבו,מיליליטרים,4000.00,"100 מ""ל",false,,14.90,0.3725,true,1,140196
7290111010774,false,מרכך כביסה בייבי פרש,,,מרכך כביסה בייבי פרש,מיליליטרים,4000.00,"100 מ""ל",false,,16.90,0.4225,true,1,140197
7290111010781,false,מרכך כביסה פרש מונקו,,,מרכך כביסה פרש מונקו,מיליליטרים,4000.00,"100 מ""ל",false,,16.90,0.4225,true,1,140198
7290111010804,false,מרכך כביסה פרש לבנדר,,,מרכך כביסה פרש לבנדר,מיליליטרים,4000.00,"100 מ""ל",false,,16.90,0.4225,true,1,140200
7290111010811,false,מרכך כביסה פרש בליסי,,,מרכך כביסה פרש בליסי,מיליליטרים,4000.00,"100 מ""ל",false,,16.90,0.4225,true,1,140201
7290111010828,false,מרכך כביסה פרש לאונר,,,מרכך כביסה פרש לאונר,מיליליטרים,4000.00,"100 מ""ל",false,,16.90,0.4225,true,1,140202
7290111010835,false,מרכך כביסה פרש ונילה,,,מרכך כביסה פרש ונילה,מיליליטרים,4000.00,"100 מ""ל",false,,16.90,0.4225,true,1,140203
7290111010842,false,מרכך כביסה בייבי פרש,,,מרכך כביסה בייבי פרש,מיליליטרים,1000.00,"100 מ""ל",false,,12.90,1.2900,true,1,140204
7290111010859,false,מרכך כביסה פרש  מונק,,,מרכך כביסה פרש  מונק,מיליליטרים,1000.00,"100 מ""ל",false,,12.90,1.2900,true,1,140205
7290111010866,false,מרכך כביסה פרש אורנג,,,מרכך כביסה פרש אורנג,מיליליטרים,1000.00,"100 מ""ל",false,,12.90,1.2900,true,1,140206
7290111010873,false,מרכך כביסה פרש לבנדר,,,מרכך כביסה פרש לבנדר,מיליליטרים,1000.00,"100 מ""ל",false,,12.90,1.2900,true,1,140207
7290111010880,false,מרכך כביסה פרש בליסי,,,מרכך כביסה פרש בליסי,מיליליטרים,1000.00,"100 מ""ל",false,,12.90,1.2900,true,1,140208
7290111010897,false,מרכך כביסה פרש לאונר,,,מרכך כביסה פרש לאונר,מיליליטרים,1000.00,"100 מ""ל",false,,12.90,1.2900,true,1,140209
7290111010903,false,מרכך כביסה פרש ונילה,,,מרכך כביסה פרש ונילה,מיליליטרים,1000.00,"100 מ""ל",false,,12.90,1.2900,true,1,140210
7290111010910,false,נוזל רצפות מרוכז מאס,,,נוזל רצפות מרוכז מאס,מיליליטרים,2000.00,"100 מ""ל",false,,16.90,0.8450,true,1,140211
7290111010927,false,נוזל רצפות מרוכז ספר,,,נוזל רצפות מרוכז ספר,מיליליטרים,2000.00,"100 מ""ל",false,,16.90,0.8450,true,1,140212
7290111010934,false,נוזל רצפות מרוכז ספא,,,נוזל רצפות מרוכז ספא,מיליליטרים,2000.00,"100 מ""ל",false,,16.90,0.8450,true,1,140213
7290111010941,false,נוזל רצפות מרוכז לבנ,,,נוזל רצפות מרוכז לבנ,מיליליטרים,2000.00,"100 מ""ל",false,,16.90,0.8450,true,1,140214
7290111010958,false,נוזל רצפות מרוכז בית,,,נוזל רצפות מרוכז בית,מיליליטרים,2000.00,"100 מ""ל",false,,16.90,0.8450,true,1,140215
7290111010965,false,נוזל רצפות לבנדר 4 ל,,,נוזל רצפות לבנדר 4 ל,מיליליטרים,4000.00,"100 מ""ל",false,,12.90,0.3225,true,1,140218
7290111010972,false,נוזל רצפות מאסק 4 לי,,,נוזל רצפות מאסק 4 לי,מיליליטרים,4000.00,"100 מ""ל",false,,12.90,0.3225,true,1,140219
7290111010989,false,נוזל רצפות מרענן 4 ל,,,נוזל רצפות מרענן 4 ל,מיליליטרים,4000.00,"100 מ""ל",false,,12.90,0.3225,true,1,140220
7290111010996,false,תמר מלך המגהול גולד,,,תמר מלך המגהול גולד,גרמים,500.00,100 גרם,false,,19.90,3.9800,true,1,139675
7290111011023,false,שמן זית כתית מעולה צ,,,שמן זית כתית מעולה צ,מיליליטרים,750.00,"100 מ""ל",false,,29.90,3.9867,true,1,140149
7290111011047,false,נוזל חלונות 1 ליטר ס,,,נוזל חלונות 1 ליטר ס,מיליליטרים,750.00,"100 מ""ל",false,,8.90,1.1867,true,1,140841
7290111011085,false,מטליות לחות לרצפה לב,,,מטליות לחות לרצפה לב,יחידה,0.00,יחידה,false,,10.90,0.0000,true,1,140913
7290111011092,false,מטליות לחות לרצפה מר,,,מטליות לחות לרצפה מר,יחידה,0.00,יחידה,false,,10.90,0.0000,true,1,140914
7290111092985,false,מגבוני בייביסיטר מהד,,,מגבוני בייביסיטר מהד,יחידה,0.00,יחידה,false,,15.90,0.0000,true,1,140194
7290111093005,false,מגבונים להסרת איפור,,,מגבונים להסרת איפור,יחידה,0.00,יחידה,false,,7.90,0.0000,true,1,106810
7290111093760,false,קוויק מגבונים לניקוי,,,קוויק מגבונים לניקוי,יחידה,0.00,יחידה,false,,10.90,0.0000,true,1,139088
7290111094248,false,קוויק שקיות אשפה XL,,,קוויק שקיות אשפה XL,יחידה,0.00,יחידה,false,,19.90,0.0000,true,1,120660
7290111094613,false,מגבונים לניקוי משקפי,,,מגבונים לניקוי משקפי,יחידה,0.00,יחידה,false,,7.90,0.0000,true,1,106809
7290111095818,false,קוויק שקיות אשפה L ע,,,קוויק שקיות אשפה L ע,יחידה,0.00,יחידה,false,,19.90,0.0000,true,1,120661
7290111096921,false,קוויק מגבונים לניקוי,,,קוויק מגבונים לניקוי,יחידה,0.00,יחידה,false,,8.90,0.0000,true,1,137641
7290111097546,false,קוויק מגבונים לניקוי,,,קוויק מגבונים לניקוי,יחידה,0.00,יחידה,false,,8.90,0.0000,true,1,139089
7290111097836,false,קוויק מגבונים דוחה א,,,קוויק מגבונים דוחה א,יחידה,0.00,יחידה,false,,8.90,0.0000,true,1,139090
7290111285318,false,צלחת במבוק 23 מיקי מ,,,צלחת במבוק 23 מיקי מ,יחידה,0.00,יחידה,false,,9.90,0.0000,true,1,107654
7290111285325,false,צלחת במבוק 23 מיני מ,,,צלחת במבוק 23 מיני מ,יחידה,0.00,יחידה,false,,9.90,0.0000,true,1,107655
7290111285349,false,צלחת במבוק 23 מרץ הה,,,צלחת במבוק 23 מרץ הה,יחידה,0.00,יחידה,false,,9.90,0.0000,true,1,107658
7290111285509,false,כוס במבוק מיני מאוס,,,כוס במבוק מיני מאוס,יחידה,0.00,יחידה,false,,7.90,0.0000,true,1,107683
7290111340178,false,מטליות לחות לניקוי כ,,,מטליות לחות לניקוי כ,יח',50.00,יח',false,,10.90,0.2180,true,1,94226
7290111340185,false,מטליות לחות לרצפה בנ,,,מטליות לחות לרצפה בנ,יח',10.00,יח',false,,11.90,1.1900,true,1,94235
7290111341373,false,לילי פסטל נייר טואלט,,,לילי פסטל נייר טואלט,יחידה,0.00,יחידה,false,,39.90,0.0000,true,1,98160
7290111341984,false,לילי נייר טואלט לח מ,,,לילי נייר טואלט לח מ,יחידה,0.00,יחידה,false,,22.90,0.0000,true,1,106900
7290111342738,false,לילי נייר טואלט לח ק,,,לילי נייר טואלט לח ק,יחידה,0.00,יחידה,false,,22.90,0.0000,true,1,107721
7290111343841,false,ספוגית הקסם נירוסטה,,,ספוגית הקסם נירוסטה,יחידה,0.00,יחידה,false,,10.90,0.0000,true,1,126946
7290111344527,false,זוג שקיות אשפה ענקיי,,,זוג שקיות אשפה ענקיי,יחידה,0.00,יחידה,false,,25.90,0.0000,true,1,135528
7290111344701,false,ניקול שקיות סנדוויצ',קריות זול,,ניקול שקיות סנדוויצ',יח',250.00,יח',false,,13.90,0.0556,true,1,140350
7290111344855,false,קוטקס מגן תחתון אקסט,,,קוטקס מגן תחתון אקסט,יחידה,0.00,יחידה,false,,19.90,0.0000,true,1,138829
7290111345814,false,נייר טואלט לילי נטור,,,נייר טואלט לילי נטור,יחידה,0.00,יחידה,false,,39.90,0.0000,true,1,138949
7290111346125,false,מגבוני האגיס דיילי ק,,,מגבוני האגיס דיילי ק,יחידה,0.00,יחידה,false,,18.90,0.0000,true,1,140336
7290111346132,false,מגבוני האגיס סנסטיב,,,מגבוני האגיס סנסטיב,יחידה,0.00,יחידה,false,,18.90,0.0000,true,1,140337
7290111346293,false,מגבות מטבח שישייה ני,,,מגבות מטבח שישייה ני,יחידה,0.00,יחידה,false,,12.90,0.0000,true,1,139411
7290111350726,false,נאצ'וס מתירס צהוב 32,,,נאצ'וס מתירס צהוב 32,גרמים,322.00,100 גרם,false,,16.90,5.2484,true,1,136444
7290111352966,false,סוכריות גומי ממולאות,,,סוכריות גומי ממולאות,גרמים,250.00,100 גרם,false,,8.50,3.4000,true,1,120785
7290111353239,false,סוכריות גומי יין 200,,,סוכריות גומי יין 200,גרמים,200.00,100 גרם,false,,9.90,4.9500,true,1,128567
7290111353444,false,הוטפופ ווג'י צ'יפס ח,קריות זול,,הוטפופ ווג'י צ'יפס ח,גרמים,120.00,100 גרם,false,,14.90,12.4167,true,1,136453
7290111563492,false,מטבוחה חריפה צבר מרו,,,מטבוחה חריפה צבר מרו,גרמים,400.00,100 גרם,false,,12.90,3.2250,true,1,96867
7290111564277,false,פריכיות 3 דגנים דקות,,,פריכיות 3 דגנים דקות,גרמים,120.00,100 גרם,false,,11.90,9.9167,true,1,94245
7290111564291,false,פריכיות דקות עם קינו,,,פריכיות דקות עם קינו,גרמים,120.00,100 גרם,false,,11.90,9.9167,true,1,94246
7290111566103,false,פלאפל מרכיבים ביתיים,,,פלאפל מרכיבים ביתיים,גרמים,590.00,100 גרם,false,,34.90,5.9153,true,1,96008
7290111566226,false,שניצל ברוקולי טבעול,קריות זול,,שניצל ברוקולי טבעול,גרמים,667.00,100 גרם,false,,34.90,5.2324,true,1,96006
7290111566240,false,שניצל דק בטעם צ'ילי,קריות זול,,שניצל דק בטעם צ'ילי,גרמים,564.00,100 גרם,false,,34.90,6.1879,true,1,96003
7290111566271,false,חטיפי תירס טבעול 657,קריות זול,,חטיפי תירס טבעול 657,גרמים,657.00,100 גרם,false,,34.90,5.3120,true,1,96004
7290111566318,false,שניצל דק מן הצומח טב,,,שניצל דק מן הצומח טב,גרמים,564.00,100 גרם,false,,34.90,6.1879,true,1,96005
7290111566332,false,נקניקיות וינר צמחוני,,,נקניקיות וינר צמחוני,גרמים,680.00,100 גרם,false,,34.90,5.1324,true,1,96007
7290111566417,false,טחון צמחוני טבעול 50,,,טחון צמחוני טבעול 50,גרמים,500.00,100 גרם,false,,34.90,6.9800,true,1,96018
7290111566547,false,חזה בגריל צמחוני 99,קריות זול,,חזה בגריל צמחוני 99,גרמים,560.00,100 גרם,false,,34.90,6.2321,true,1,96015
7290111566561,false,שניצל ברוקולי 99 קלו,,,שניצל ברוקולי 99 קלו,גרמים,560.00,100 גרם,false,,34.90,6.2321,true,1,97195
7290111566585,false,שניצל צמחוני 99 קלור,קריות זול,,שניצל צמחוני 99 קלור,גרמים,650.00,100 גרם,false,,34.90,5.3692,true,1,96014
7290111566660,false,קציצות עדשים כתומות,,,קציצות עדשים כתומות,גרמים,530.00,100 גרם,false,,34.90,6.5849,true,1,97389
7290111566691,false,שניצל טבעול תרד 99 ק,,,שניצל טבעול תרד 99 ק,גרמים,560.00,100 גרם,false,,34.90,6.2321,true,1,105215
7290111566714,false,המבורגר צמחוני 99 קל,קריות זול,,המבורגר צמחוני 99 קל,גרמים,600.00,100 גרם,false,,34.90,5.8167,true,1,96013
7290111566752,false,שניצל תירס 99 קלוריו,קריות זול,,שניצל תירס 99 קלוריו,גרמים,693.00,100 גרם,false,,34.90,5.0361,true,1,96010
7290111566776,false,נקניקיות קוקטייל צמח,קריות זול,,נקניקיות קוקטייל צמח,גרמים,680.00,100 גרם,false,,34.90,5.1324,true,1,97402
7290111568206,false,ביסלי פארטי מיקס אסם,,,ביסלי פארטי מיקס אסם,גרמים,150.00,100 גרם,false,,9.50,6.3333,true,1,97393
7290111568275,false,נודלס איטריות אורז ר,,,נודלס איטריות אורז ר,גרמים,300.00,100 גרם,false,,10.90,3.6333,true,1,97182
7290111568299,false,נודלס איטריות עם תרד,,,נודלס איטריות עם תרד,גרמים,300.00,100 גרם,false,,10.90,3.6333,true,1,97183
7290111568466,false,רוטב אסייתי למוקפץ א,,,רוטב אסייתי למוקפץ א,מיליליטרים,290.00,"100 מ""ל",false,,15.90,5.4828,true,1,97188
7290111568961,false,בייגלה טבעות מלח אסם,,,בייגלה טבעות מלח אסם,גרמים,400.00,100 גרם,false,,11.90,2.9750,true,1,97498
7290111873041,false,אצבעות שוקולד ממולא,,,אצבעות שוקולד ממולא,גרמים,50.00,100 גרם,false,,4.90,9.8000,true,1,135082
7290111873607,false,כוס במבוק כח פי גיי,,,כוס במבוק כח פי גיי,יחידה,0.00,יחידה,false,,7.90,0.0000,true,1,107677
7290111873621,false,צלחת במבוק 23 כח פי,,,צלחת במבוק 23 כח פי,יחידה,0.00,יחידה,false,,9.90,0.0000,true,1,107656
7290111930799,false,קראנצוס בצל 55 גרם,,,קראנצוס בצל 55 גרם,גרמים,55.00,100 גרם,false,,4.30,7.8182,true,1,94803
7290111930805,false,קראנצוס ברביקיו  55,,,קראנצוס ברביקיו  55,גרמים,55.00,100 גרם,false,,4.30,7.8182,true,1,94804
7290111930850,false,קראנצוס פיצה 55 גרם,,,קראנצוס פיצה 55 גרם,גרמים,55.00,100 גרם,false,,4.30,7.8182,true,1,94805
7290111930904,false,חטיף פוף כוכבים בצל,,,חטיף פוף כוכבים בצל,גרמים,40.00,100 גרם,false,,4.20,10.5000,true,1,95019
7290111930928,false,חטיף פוף לבבות גריל,,,חטיף פוף לבבות גריל,גרמים,40.00,100 גרם,false,,4.20,10.5000,true,1,95020
7290111930935,false,חטיף פוף טבעות קלאסי,,,חטיף פוף טבעות קלאסי,גרמים,40.00,100 גרם,false,,4.20,10.5000,true,1,95021
7290111932380,false,מרידול מארז זוג משחו,,,מרידול מארז זוג משחו,מטרים,150.00,100 מ'ל,false,,34.90,23.2667,true,1,134880
7290111933554,false,עגבניות קוביות מאסטר,,,עגבניות קוביות מאסטר,גרמים,1200.00,100 גרם,false,,16.90,1.4083,true,1,98867
7290111935961,false,מחית עגבניות מאסטר ש,,,מחית עגבניות מאסטר ש,גרמים,690.00,100 גרם,false,,10.90,1.5797,true,1,135413
7290112000286,false,סיליט באנג גל לניקוי,,,סיליט באנג גל לניקוי,מיליליטרים,750.00,"100 מ""ל",false,,9.90,1.3200,true,1,95736
7290112000798,false,מחטא משטחים לימון מנ,,,מחטא משטחים לימון מנ,מיליליטרים,750.00,"100 מ""ל",false,,15.90,2.1200,true,1,98780
7290112000873,false,מטליות לחות מנקה ומח,,,מטליות לחות מנקה ומח,יחידה,0.00,יחידה,false,,15.90,0.0000,true,1,98787
7290112001221,false,קולון מנקה מכונת כבי,,,קולון מנקה מכונת כבי,מיליליטרים,250.00,"100 מ""ל",false,,21.90,8.7600,true,1,98971
7290112001238,false,קולון מנקה מכונת כבי,,,קולון מנקה מכונת כבי,מיליליטרים,250.00,"100 מ""ל",false,,21.90,8.7600,true,1,98969
7290112001870,false,סיליט באנג ספריי לני,קריות זול,,סיליט באנג ספריי לני,מיליליטרים,750.00,"100 מ""ל",false,,13.90,1.8533,true,1,106860
7290112001900,false,פיניש ג'ל אקולוגי 1,,,פיניש ג'ל אקולוגי 1,ליטרים,1.00,ליטר,false,,45.90,45.9000,true,1,107026
7290112002099,false,קולון גל מרוכז רגיל,,,קולון גל מרוכז רגיל,ליטרים,2.50,ליטר,false,,25.90,10.3600,true,1,107031
7290112002105,false,קולון ג'ל מרוכז לילך,,,קולון ג'ל מרוכז לילך,ליטרים,2.50,ליטר,false,,25.90,10.3600,true,1,107032
7290112002112,false,קולון ג'ל מרוכז ורדי,,,קולון ג'ל מרוכז ורדי,ליטרים,2.50,ליטר,false,,25.90,10.3600,true,1,107033
7290112002129,false,קולון ג'ל מרוכז פריח,,,קולון ג'ל מרוכז פריח,ליטרים,2.50,ליטר,false,,25.90,10.3600,true,1,107034
7290112004192,false,פיניש טבליות למדיח א,,,פיניש טבליות למדיח א,יחידה,0.00,יחידה,false,,29.90,0.0000,true,1,139260
7290112004413,false,וניש ספריי להסרת כתמ,,,וניש ספריי להסרת כתמ,מיליליטרים,750.00,"100 מ""ל",false,,24.90,3.3200,true,1,139479
7290112004970,false,פיניש אולטימייט טבלי,,,פיניש אולטימייט טבלי,יח',50.00,יח',false,,59.90,1.1980,true,1,140969
7290112005052,false,וניש אבקה לכביסה לבנ,,,וניש אבקה לכביסה לבנ,גרמים,1500.00,100 גרם,false,,39.90,2.6600,true,1,140088
7290112005083,false,וניש אבקה לכביסה צבע,,,וניש אבקה לכביסה צבע,גרמים,1500.00,100 גרם,false,,39.90,2.6600,true,1,140089
7290112330352,false,דנונה פרו וניל 0% שו,,,דנונה פרו וניל 0% שו,גרמים,200.00,100 גרם,false,,6.40,3.2000,true,1,99993
7290112330390,false,דנונה פרו 20 גרם פיר,,,דנונה פרו 20 גרם פיר,גרמים,200.00,100 גרם,false,,6.40,3.2000,true,1,99994
7290112330420,false,דנונה פרו לבן 150 ג,,,דנונה פרו לבן 150 ג,גרמים,150.00,100 גרם,false,,4.90,3.2667,true,1,99446
7290112332585,false,"פריכיות תפו""א/אורז/ב",,,"פריכיות תפו""א/אורז/ב",גרמים,30.00,100 גרם,false,,5.90,19.6667,true,1,100478
7290112332691,false,עוגיות קרם פסק זמן א,,,עוגיות קרם פסק זמן א,גרמים,200.00,100 גרם,false,,10.90,5.4500,true,1,102867
7290112335487,false,פריכיות הטעימות קצח,,,פריכיות הטעימות קצח,גרמים,135.00,100 גרם,false,,13.90,10.2963,true,1,100474
7290112335494,false,פריכיות הטעימות פוטט,,,פריכיות הטעימות פוטט,גרמים,135.00,100 גרם,false,,13.90,10.2963,true,1,100475
7290112336637,false,מאסט סוכריות יוגורט,,,מאסט סוכריות יוגורט,גרמים,80.00,100 גרם,false,,9.30,11.6250,true,1,106868
7290112336644,false,מאסט סוכריות לימון ל,,,מאסט סוכריות לימון ל,גרמים,80.00,100 גרם,false,,9.30,11.6250,true,1,106869
7290112336651,false,מאסט סוכריות ריבת חל,,,מאסט סוכריות ריבת חל,גרמים,80.00,100 גרם,false,,9.30,11.6250,true,1,106871
7290112336712,false,דנונה פרו 21 עשיר בח,,,דנונה פרו 21 עשיר בח,גרמים,200.00,100 גרם,false,,6.40,3.2000,true,1,99783
7290112337481,false,מאסט סוכריות קפוצ'ינ,,,מאסט סוכריות קפוצ'ינ,גרמים,80.00,100 גרם,false,,9.30,11.6250,true,1,106872
7290112339362,false,דנונה לייט אנד פרייי,,,דנונה לייט אנד פרייי,גרמים,150.00,100 גרם,false,,4.80,3.2000,true,1,107157
7290112339867,false,גמדים סקוויז תות 100,,,גמדים סקוויז תות 100,גרמים,100.00,100 גרם,false,,5.90,5.9000,true,1,99439
7290112339874,false,גמדים סקוויז תות בננ,,,גמדים סקוויז תות בננ,גרמים,100.00,100 גרם,false,,5.90,5.9000,true,1,99440
7290112340122,false,פריכיות הטעימות 3 דג,,,פריכיות הטעימות 3 דג,גרמים,135.00,100 גרם,false,,13.90,10.2963,true,1,100477
7290112340245,false,מסטיק מאסט דובדבן מג,,,מסטיק מאסט דובדבן מג,גרמים,66.00,100 גרם,false,,10.90,16.5152,true,1,99915
7290112340276,false,עוגיות קרם קפה נמס 2,,,עוגיות קרם קפה נמס 2,גרמים,200.00,100 גרם,false,,10.90,5.4500,true,1,102869
7290112341686,false,אקטיביה 3% מארז שמינ,,,אקטיביה 3% מארז שמינ,גרמים,1200.00,100 גרם,false,,21.90,1.8250,true,1,106826
7290112342102,false,גבינת סימפוניה בצל מ,,,גבינת סימפוניה בצל מ,גרמים,200.00,100 גרם,false,,11.80,5.9000,true,1,112308
7290112342362,false,אקטיביה 3% 150 גר,,,אקטיביה 3% 150 גר,גרמים,1200.00,100 גרם,false,,2.80,0.2333,true,1,106832
7290112343260,false,רוטב שמנת קלאסי 9% י,,,רוטב שמנת קלאסי 9% י,מיליליטרים,250.00,"100 מ""ל",false,,10.90,4.3600,true,1,107806
7290112343420,false,שייק פרו ארוחת בוקר,,,שייק פרו ארוחת בוקר,מיליליטרים,350.00,"100 מ""ל",false,,7.70,2.2000,true,1,107805
7290112343499,false,ציטוס פופס 55גרם,,,ציטוס פופס 55גרם,גרמים,55.00,100 גרם,false,,3.90,7.0909,true,1,137683
7290112344564,false,רביולי גבינה ילדים 4,,,רביולי גבינה ילדים 4,גרמים,300.00,100 גרם,false,,21.90,7.3000,true,1,106841
7290112344755,false,מילקי בטעם שוקולד עם,,,מילקי בטעם שוקולד עם,גרמים,135.00,100 גרם,false,,2.90,2.1481,true,1,129094
7290112344786,false,קפה פלטינום קלאסיק ע,,,קפה פלטינום קלאסיק ע,גרמים,200.00,100 גרם,false,,29.90,14.9500,true,1,113450
7290112346360,false,בפלות בציפוי שוקולד,,,בפלות בציפוי שוקולד,גרמים,180.00,100 גרם,false,,14.90,8.2778,true,1,112341
7290112346773,false,דנונה לייט אנד פריי,,,דנונה לייט אנד פריי,גרמים,150.00,100 גרם,false,,4.90,3.2667,true,1,134991
7290112346797,false,אקטיביה שיבולת שועל,,,אקטיביה שיבולת שועל,גרמים,150.00,100 גרם,false,,4.90,3.2667,true,1,120027
7290112347008,false,גמדים סקוויז ארוחת ב,,,גמדים סקוויז ארוחת ב,גרמים,100.00,100 גרם,false,,5.90,5.9000,true,1,107811
7290112348142,false,שעועית לבנה ט.הטבע ק,,,שעועית לבנה ט.הטבע ק,גרמים,380.00,100 גרם,false,,6.90,1.8158,true,1,120305
7290112348616,false,קפה נמס אגוזי לוז על,,,קפה נמס אגוזי לוז על,גרמים,100.00,100 גרם,false,,15.90,15.9000,true,1,128310
7290112348999,false,אנרג'י פריכיות הטעימ,,,אנרג'י פריכיות הטעימ,גרמים,135.00,100 גרם,false,,13.90,10.2963,true,1,134790
7290112349606,false,דניאלה בטעם תות בננה,,,דניאלה בטעם תות בננה,גרמים,88.00,100 גרם,false,,4.30,4.8864,true,1,138546
7290112349736,false,רוטב עגבניות לפסטה 3,,,רוטב עגבניות לפסטה 3,גרמים,350.00,100 גרם,false,,12.90,3.6857,true,1,112797
7290112349750,false,רוטב עגבניות לפיצה 3,,,רוטב עגבניות לפיצה 3,גרמים,350.00,100 גרם,false,,12.90,3.6857,true,1,112800
7290112350312,false,קפסולות מס' 15למכונו,,,קפסולות מס' 15למכונו,גרמים,50.00,100 גרם,false,,18.90,37.8000,true,1,128033
7290112350589,false,אבקה ציקו 65 גרם,,,אבקה ציקו 65 גרם,גרמים,65.00,100 גרם,false,,11.90,18.3077,true,1,120813
7290112351258,false,פינוקיות שחור לבן 20,,,פינוקיות שחור לבן 20,גרמים,200.00,100 גרם,false,,10.90,5.4500,true,1,127921
7290112351463,false,שלישיית סוכריות פרש,,,שלישיית סוכריות פרש,גרמים,45.00,100 גרם,false,,9.90,22.0000,true,1,120557
7290112351470,false,שלישיית סוכריות פרש,,,שלישיית סוכריות פרש,גרמים,45.00,100 גרם,false,,9.90,22.0000,true,1,120556
7290112353887,false,משקה קפה קר בטעם אגו,,,משקה קפה קר בטעם אגו,מיליליטרים,230.00,"100 מ""ל",false,,7.90,3.4348,true,1,120747
7290112354211,false,פיצה מרגריטה 400גרם,,,פיצה מרגריטה 400גרם,גרמים,400.00,100 גרם,false,,27.90,6.9750,true,1,141272
7290112355027,false,דנונה פרו 20 בטעם קר,,,דנונה פרו 20 בטעם קר,גרמים,200.00,100 גרם,false,,6.40,3.2000,true,1,129091
7290112355102,false,גמדים סקוויז סלט פיר,,,גמדים סקוויז סלט פיר,גרמים,100.00,100 גרם,false,,5.90,5.9000,true,1,135286
7290112355393,false,רוטב שמנת עם בטטה  2,,,רוטב שמנת עם בטטה  2,מיליליטרים,257.00,"100 מ""ל",false,,10.90,4.2412,true,1,141219
7290112355775,false,גבינת סימפוניה עירית,,,גבינת סימפוניה עירית,גרמים,200.00,100 גרם,false,,11.80,5.9000,true,1,140386
7290112356536,false,קקאו עלית 150 גרם+10,,,קקאו עלית 150 גרם+10,גרמים,150.00,100 גרם,false,,10.90,7.2667,true,1,120814
7290112357045,false,עגבניות איטלקיות מרו,,,עגבניות איטלקיות מרו,גרמים,390.00,100 גרם,false,,6.90,1.7692,true,1,120302
7290112357083,false,אפונת גינה ט.הטבע קו,,,אפונת גינה ט.הטבע קו,גרמים,380.00,100 גרם,false,,6.90,1.8158,true,1,120304
7290112357106,false,שעועית אדומה ט.הטבע,,,שעועית אדומה ט.הטבע,גרמים,380.00,100 גרם,false,,6.90,1.8158,true,1,120306
7290112357113,false,גרגרי חומוס ט.הטבע ק,,,גרגרי חומוס ט.הטבע ק,גרמים,380.00,100 גרם,false,,6.90,1.8158,true,1,120300
7290112357892,false,שלישיית סוכריות פרש,,,שלישיית סוכריות פרש,גרמים,45.00,100 גרם,false,,9.90,22.0000,true,1,120558
7290112358127,false,דנונה פרו 20גר חלבון,,,דנונה פרו 20גר חלבון,גרמים,200.00,100 גרם,false,,6.60,3.3000,true,1,128485
7290112358233,false,רוטב צילי חריף 300 ג,,,רוטב צילי חריף 300 ג,מיליליטרים,300.00,"100 מ""ל",false,,14.90,4.9667,true,1,127924
7290112358240,false,רוטב לעוף גריל 300גר,,,רוטב לעוף גריל 300גר,גרמים,300.00,100 גרם,false,,14.90,4.9667,true,1,120246
7290112358257,false,רוטב לעוף עם שזיפים,,,רוטב לעוף עם שזיפים,גרמים,300.00,100 גרם,false,,14.90,4.9667,true,1,120245
7290112358431,false,עד חצות ביסקוויט דאב,,,עד חצות ביסקוויט דאב,גרמים,200.00,100 גרם,false,,14.90,7.4500,true,1,136235
7290112490032,false,נמס בכוס קנור תירס,,,נמס בכוס קנור תירס,יחידה,0.00,יחידה,false,,7.50,0.0000,true,1,98570
7290112490117,false,קליק שוקולד וופל ואג,,,קליק שוקולד וופל ואג,גרמים,85.00,100 גרם,false,,6.90,8.1176,true,1,98627
7290112490209,false,נמס בכוס קנור עגבניו,,,נמס בכוס קנור עגבניו,גרמים,56.00,100 גרם,false,,7.50,13.3929,true,1,98603
7290112490216,false,נמס בכוס קנור עוף קר,,,נמס בכוס קנור עוף קר,גרמים,48.00,100 גרם,false,,7.50,15.6250,true,1,98604
7290112490230,false,נמס בכוס קנור אפונה,,,נמס בכוס קנור אפונה,גרמים,50.00,100 גרם,false,,7.50,15.0000,true,1,98605
7290112490728,false,מרק עשיר ירקות בורגו,,,מרק עשיר ירקות בורגו,גרמים,95.00,100 גרם,false,,12.90,13.5789,true,1,98581
7290112490735,false,מרק עשיר עגבניות פסט,,,מרק עשיר עגבניות פסט,גרמים,105.00,100 גרם,false,,12.90,12.2857,true,1,98582
7290112490742,false,מרק עשיר פטריות גריס,,,מרק עשיר פטריות גריס,גרמים,104.00,100 גרם,false,,12.90,12.4038,true,1,98583
7290112490759,false,מרק עשיר עוף איטריות,,,מרק עשיר עוף איטריות,גרמים,74.00,100 גרם,false,,12.90,17.4324,true,1,98584
7290112490827,false,בדין תרסיס בייבי למי,,,בדין תרסיס בייבי למי,מיליליטרים,500.00,"100 מ""ל",false,,19.90,3.9800,true,1,98591
7290112491770,false,בייגלה דקים דקים מלח,קריות זול,,בייגלה דקים דקים מלח,גרמים,300.00,100 גרם,false,,10.90,3.6333,true,1,99655
7290112491787,false,בייגלה דקים דקים שומ,קריות זול,,בייגלה דקים דקים שומ,גרמים,300.00,100 גרם,false,,10.90,3.6333,true,1,99656
7290112491794,false,בייגלה דקים דקים שמנ,קריות זול,,בייגלה דקים דקים שמנ,גרמים,300.00,100 גרם,false,,10.90,3.6333,true,1,99657
7290112492449,false,פינוק שמפו לשיער רגי,קריות זול,,פינוק שמפו לשיער רגי,מיליליטרים,700.00,"100 מ""ל",false,,13.90,1.9857,true,1,113197
7290112492456,false,פינוק שמפו לשיער יבש,קריות זול,,פינוק שמפו לשיער יבש,מיליליטרים,700.00,"100 מ""ל",false,,13.90,1.9857,true,1,113198
7290112492463,false,פינוק 2ב1 לשיער רגיל,קריות זול,,פינוק 2ב1 לשיער רגיל,מיליליטרים,700.00,"100 מ""ל",false,,13.90,1.9857,true,1,113199
7290112492470,false,פינוק 2ב1 לשיער יבש,,,פינוק 2ב1 לשיער יבש,מיליליטרים,700.00,"100 מ""ל",false,,13.90,1.9857,true,1,134885
7290112492500,false,פינוק שמפו שמן קוקוס,,,פינוק שמפו שמן קוקוס,מיליליטרים,700.00,"100 מ""ל",false,,13.90,1.9857,true,1,113201
7290112492579,false,פינוק מרכך לשיער שמן,,,פינוק מרכך לשיער שמן,מיליליטרים,700.00,"100 מ""ל",false,,13.90,1.9857,true,1,107635
7290112492593,false,פינוק תחליב רחצה קלא,,,פינוק תחליב רחצה קלא,מיליליטרים,700.00,"100 מ""ל",false,,12.90,1.8429,true,1,107636
7290112492609,false,פינוק תחליב רחצה לבנ,,,פינוק תחליב רחצה לבנ,מיליליטרים,700.00,"100 מ""ל",false,,12.90,1.8429,true,1,107637
7290112492647,false,פינוק שמפו לגבר 3 ב1,,,פינוק שמפו לגבר 3 ב1,מיליליטרים,700.00,"100 מ""ל",false,,13.90,1.9857,true,1,107641
7290112492982,false,קנור א.מרק פטריות רכ,,,קנור א.מרק פטריות רכ,גרמים,400.00,100 גרם,false,,25.90,6.4750,true,1,107628
7290112492999,false,"מרק טעם עוף קנור בד""",,,"מרק טעם עוף קנור בד""",גרמים,400.00,100 גרם,false,,16.50,4.1250,true,1,107722
7290112493088,false,נמס בכוס קנור עדשים,,,נמס בכוס קנור עדשים,גרמים,54.00,100 גרם,false,,7.50,13.8889,true,1,102706
7290112493095,false,נמס בכוס קנורעגבניות,,,נמס בכוס קנורעגבניות,גרמים,48.00,100 גרם,false,,7.50,15.6250,true,1,102707
7290112493293,false,נמס בכוס קנור ירקות,,,נמס בכוס קנור ירקות,גרמים,44.00,100 גרם,false,,7.50,17.0455,true,1,102708
7290112493316,false,מרק היום אפונה 100%,,,מרק היום אפונה 100%,גרמים,117.00,100 גרם,false,,12.90,11.0256,true,1,102709
7290112493927,false,קרמיסימו רית חלב 1.3,,,קרמיסימו רית חלב 1.3,ליטרים,1300.00,100 ליטר,false,,21.90,1.6846,true,1,107642
7290112493965,false,קרמיסימו מסטיגם 1.33,,,קרמיסימו מסטיגם 1.33,ליטרים,1300.00,100 ליטר,false,,21.90,1.6846,true,1,107644
7290112494238,false,קליק כדורים חלב תפזו,,,קליק כדורים חלב תפזו,גרמים,65.00,100 גרם,false,,7.00,10.7692,true,1,107171
7290112494283,false,קליק מעורב חום לבן ת,,,קליק מעורב חום לבן ת,גרמים,65.00,100 גרם,false,,7.00,10.7692,true,1,107173
7290112494313,false,קליק קורנפלקס תפזורת,,,קליק קורנפלקס תפזורת,גרמים,65.00,100 גרם,false,,7.00,10.7692,true,1,107174
7290112494344,false,קורנפלקס של אלופים 8,,,קורנפלקס של אלופים 8,גרמים,850.00,100 גרם,false,,18.90,2.2235,true,1,113194
7290112494351,false,קורנפלקס של אלופים 8,קריות זול,,קורנפלקס של אלופים 8,גרמים,850.00,100 גרם,false,,18.90,2.2235,true,1,113195
7290112494795,false,בדין גל כביסה לבנה ו,,,בדין גל כביסה לבנה ו,מיליליטרים,2500.00,"100 מ""ל",false,,32.90,1.3160,true,1,107723
7290112494801,false,בדין גל כביסה לבנה ו,,,בדין גל כביסה לבנה ו,ליטרים,2.50,ליטר,false,,32.90,13.1600,true,1,107724
7290112494993,false,כריות וניל 686גר,,,כריות וניל 686גר,גרמים,686.00,100 גרם,false,,27.90,4.0671,true,1,107163
7290112495006,false,כריות נוגט 686גר,קריות זול,,כריות נוגט 686גר,גרמים,686.00,100 גרם,false,,25.90,3.7755,true,1,107152
7290112495020,false,כריות צוקולדה 686גר,,,כריות צוקולדה 686גר,גרמים,686.00,100 גרם,false,,27.90,4.0671,true,1,107153
7290112495037,false,קוקומן כדורים 375גר,,,קוקומן כדורים 375גר,גרמים,375.00,100 גרם,false,,22.90,6.1067,true,1,107164
7290112495044,false,קוקומן פצפוצים 375גר,קריות זול,,קוקומן פצפוצים 375גר,גרמים,375.00,100 גרם,false,,22.90,6.1067,true,1,107165
7290112495174,false,קוקטייל שומשום 300גר,,,קוקטייל שומשום 300גר,גרמים,300.00,100 גרם,false,,14.50,4.8333,true,1,107170
7290112495747,false,רוטב צ'ילי מופחת סוכ,,,רוטב צ'ילי מופחת סוכ,גרמים,340.00,100 גרם,false,,14.90,4.3824,true,1,112519
7290112495754,false,הלמנס לסלט אלף האיים,,,הלמנס לסלט אלף האיים,גרמים,305.00,100 גרם,false,,14.90,4.8852,true,1,112517
7290112495761,false,הלמנס לסלט אלף האיים,,,הלמנס לסלט אלף האיים,גרמים,305.00,100 גרם,false,,14.90,4.8852,true,1,112515
7290112495785,false,הלמנס לסלט רוטב שום,,,הלמנס לסלט רוטב שום,גרמים,300.00,100 גרם,false,,14.90,4.9667,true,1,112516
7290112495792,false,הלמנס רוטב לסלט שום,,,הלמנס רוטב לסלט שום,גרמים,300.00,100 גרם,false,,14.90,4.9667,true,1,112512
7290112495808,false,הלמנס לסלט חרדל ודבש,,,הלמנס לסלט חרדל ודבש,גרמים,305.00,100 גרם,false,,14.90,4.8852,true,1,112514
7290112495815,false,רוטב חרדל דבש לייט ה,,,רוטב חרדל דבש לייט ה,גרמים,305.00,100 גרם,false,,14.90,4.8852,true,1,112951
7290112495822,false,כריות בלאק 686גר,,,כריות בלאק 686גר,גרמים,686.00,100 גרם,false,,27.90,4.0671,true,1,112521
7290112495938,false,קרקר משפחתי 6 דגנים,,,קרקר משפחתי 6 דגנים,גרמים,250.00,100 גרם,false,,9.90,3.9600,true,1,112529
7290112495976,false,פתית פריכיות שוקולד,,,פתית פריכיות שוקולד,גרמים,35.00,100 גרם,false,,4.90,14.0000,true,1,120681
7290112496027,false,אפיכל סירופ שוקולד 5,,,אפיכל סירופ שוקולד 5,גרמים,580.00,100 גרם,false,,15.90,2.7414,true,1,112527
7290112496270,false,"פתית צ'יפס תפו""א עם",,,"פתית צ'יפס תפו""א עם",גרמים,0.00,100 גרם,false,,4.90,0.0000,true,1,120688
7290112496287,false,פתית צ'יפס בטטה בטעם,,,פתית צ'יפס בטטה בטעם,גרמים,0.00,100 גרם,false,,4.90,0.0000,true,1,120689
7290112496294,false,פתית צ'יפס אפונה בתו,,,פתית צ'יפס אפונה בתו,גרמים,0.00,100 גרם,false,,4.90,0.0000,true,1,120690
7290112497000,false,סיף תרכיז ניקוי רב ת,,,סיף תרכיז ניקוי רב ת,מיליליטרים,1000.00,"100 מ""ל",false,,12.90,1.2900,true,1,113431
7290112497031,false,רוטב עגבניות לקציצות,,,רוטב עגבניות לקציצות,גרמים,415.00,100 גרם,false,,11.90,2.8675,true,1,135603
7290112497123,false,סחלב תערובת להכנה 11,,,סחלב תערובת להכנה 11,גרמים,112.00,100 גרם,false,,13.90,12.4107,true,1,128370
7290112497369,false,דאב רול און טלק סופט,,,דאב רול און טלק סופט,מיליליטרים,50.00,"100 מ""ל",false,,15.90,31.8000,true,1,128718
7290112498052,false,פתית ציפס בטטה מארז,,,פתית ציפס בטטה מארז,גרמים,84.00,100 גרם,false,,15.90,18.9286,true,1,137775
7290112498281,false,פינוק סבון ידיים קוק,,,פינוק סבון ידיים קוק,מיליליטרים,950.00,"100 מ""ל",false,,12.90,1.3579,true,1,137354
7290112498526,false,פתית צ'יפס בטטה סגול,,,פתית צ'יפס בטטה סגול,יחידה,0.00,יחידה,false,,4.90,0.0000,true,1,138597
7290112498748,false,מאגדת מיני סולרו וני,,,מאגדת מיני סולרו וני,יחידה,0.00,יחידה,false,,25.90,0.0000,true,1,135985
7290112498922,false,מיני מגנום לבן 250גר,,,מיני מגנום לבן 250גר,גרמים,250.00,100 גרם,false,,29.90,11.9600,true,1,136059
7290112499097,false,מאגדת מיני מגנום מרי,,,מאגדת מיני מגנום מרי,גרמים,240.00,100 גרם,false,,29.90,12.4583,true,1,138847
7290112499189,false,קרמיסימו חד קרן 1.33,קריות זול,,קרמיסימו חד קרן 1.33,מיליליטרים,1330.00,"100 מ""ל",false,,21.90,1.6466,true,1,140189
7290112499196,false,קרמיסימו חלב קורנפלק,קריות זול,,קרמיסימו חלב קורנפלק,מיליליטרים,1330.00,"100 מ""ל",false,,21.90,1.6466,true,1,140188
7290112499462,false,פינוק תחליב רחצה שמן,,,פינוק תחליב רחצה שמן,מיליליטרים,700.00,"100 מ""ל",false,,12.90,1.8429,true,1,135556
7290112499509,false,רקסונה ספריי נשים אפ,,,רקסונה ספריי נשים אפ,מיליליטרים,150.00,"100 מ""ל",false,,14.90,9.9333,true,1,140341
7290112499844,false,מיני מגנום דואט שוקו,,,מיני מגנום דואט שוקו,גרמים,310.00,100 גרם,false,,29.90,9.6452,true,1,112055
7290112499943,false,מיני מגנום קלאסיק שו,,,מיני מגנום קלאסיק שו,גרמים,250.00,100 גרם,false,,29.90,11.9600,true,1,112056
7290112700407,false,נר גדול מנצנץ זהב ענ,,,נר גדול מנצנץ זהב ענ,יחידה,0.00,יחידה,false,,8.90,0.0000,true,1,97884
7290112705457,false,קערה במבוק חד קרן,,,קערה במבוק חד קרן,יחידה,0.00,יחידה,false,,9.90,0.0000,true,1,107672
7290112705471,false,קערה במבוק נסיכות,,,קערה במבוק נסיכות,יחידה,0.00,יחידה,false,,9.90,0.0000,true,1,107674
7290112961266,false,בייגלה כפיות פיוזור,,,בייגלה כפיות פיוזור,גרמים,300.00,100 גרם,false,,11.90,3.9667,true,1,99887
7290112961372,false,פיטנס חטיפי פריכיות,,,פיטנס חטיפי פריכיות,גרמים,60.00,100 גרם,false,,8.90,14.8333,true,1,99544
7290112961464,false,פיטנס חטיפי פריכיות,,,פיטנס חטיפי פריכיות,גרמים,60.00,100 גרם,false,,8.90,14.8333,true,1,99545
7290112962287,false,טבעול שווארמה טבעוני,,,טבעול שווארמה טבעוני,גרמים,450.00,100 גרם,false,,34.90,7.7556,true,1,112548
7290112962546,false,מאגדת לה פרוטה מלון,,,מאגדת לה פרוטה מלון,גרמים,350.00,100 גרם,false,,26.90,7.6857,true,1,99272
7290112963000,false,רוטב צ'ילי מתוק פחת,,,רוטב צ'ילי מתוק פחת,מיליליטרים,290.00,"100 מ""ל",false,,13.90,4.7931,true,1,112688
7290112963321,false,גרטיפי בייגלה שטוח ל,,,גרטיפי בייגלה שטוח ל,גרמים,300.00,100 גרם,false,,17.90,5.9667,true,1,120201
7290112963918,false,פיטנס קרקר דק רוזמרי,,,פיטנס קרקר דק רוזמרי,גרמים,140.00,100 גרם,false,,12.90,9.2143,true,1,102756
7290112964410,false,רוטב אלף האיים לסלט,,,רוטב אלף האיים לסלט,גרמים,290.00,100 גרם,false,,12.90,4.4483,true,1,100636
7290112964434,false,רוטב קיסר לסלט אסם 2,,,רוטב קיסר לסלט אסם 2,גרמים,295.00,100 גרם,false,,12.90,4.3729,true,1,100637
7290112964458,false,רוטב ויניגרט לסלט אס,,,רוטב ויניגרט לסלט אס,גרמים,295.00,100 גרם,false,,12.90,4.3729,true,1,100638
7290112964472,false,רוטב שום לסלט אסם 29,,,רוטב שום לסלט אסם 29,גרמים,290.00,100 גרם,false,,12.90,4.4483,true,1,100634
7290112964564,false,רוטב אלף האיים לייט,,,רוטב אלף האיים לייט,גרמים,295.00,100 גרם,false,,12.90,4.3729,true,1,100639
7290112964601,false,אסם רוטב בנוסח סצואן,,,אסם רוטב בנוסח סצואן,מיליליטרים,290.00,"100 מ""ל",false,,15.90,5.4828,true,1,100097
7290112964625,false,רוטב שום לייט לסלט א,,,רוטב שום לייט לסלט א,גרמים,310.00,100 גרם,false,,12.90,4.1613,true,1,100640
7290112964724,false,טבעול המבורגר טבעוני,,,טבעול המבורגר טבעוני,גרמים,580.00,100 גרם,false,,33.90,5.8448,true,1,102800
7290112965165,false,זוג מרק נמס פטריות ב,,,זוג מרק נמס פטריות ב,גרמים,34.00,100 גרם,false,,6.90,20.2941,true,1,102924
7290112965301,false,זוג מרק נמס טעם עוף,,,זוג מרק נמס טעם עוף,גרמים,38.00,100 גרם,false,,6.90,18.1579,true,1,102926
7290112965363,false,קציצות קינואה וברוקו,,,קציצות קינואה וברוקו,גרמים,525.00,100 גרם,false,,34.90,6.6476,true,1,107771
7290112965684,false,פיטנס חטיף מולטיגריי,,,פיטנס חטיף מולטיגריי,גרמים,25.00,100 גרם,false,,5.90,23.6000,true,1,128105
7290112965707,false,פיטנס חטיף מולטיגריי,,,פיטנס חטיף מולטיגריי,גרמים,25.00,100 גרם,false,,5.90,23.6000,true,1,128106
7290112965868,false,קרם קרקר במליחות עדי,,,קרם קרקר במליחות עדי,גרמים,250.00,100 גרם,false,,8.90,3.5600,true,1,107755
7290112965905,false,בייגלה שמיניות במליח,,,בייגלה שמיניות במליח,גרמים,400.00,100 גרם,false,,11.90,2.9750,true,1,107745
7290112966247,false,לחמית כוסמין אסם 200,,,לחמית כוסמין אסם 200,גרמים,200.00,100 גרם,false,,11.90,5.9500,true,1,113182
7290112966445,false,במבה מתוקה אסם 100 ג,,,במבה מתוקה אסם 100 ג,גרמים,100.00,100 גרם,false,,8.90,8.9000,true,1,106620
7290112966803,false,פודינג שוקולד אסם 88,קריות זול,,פודינג שוקולד אסם 88,גרמים,88.00,100 גרם,false,,5.90,6.7045,true,1,107730
7290112966841,false,פודינג שוקולד מריר א,קריות זול,,פודינג שוקולד מריר א,גרמים,90.00,100 גרם,false,,5.90,6.5556,true,1,107731
7290112967114,false,פיטנס חטיפי פריכיות,,,פיטנס חטיפי פריכיות,גרמים,60.00,100 גרם,false,,8.90,14.8333,true,1,112920
7290112967138,false,בייגלה שמיניות ללא ג,,,בייגלה שמיניות ללא ג,גרמים,250.00,100 גרם,false,,14.50,5.8000,true,1,107749
7290112967381,false,פיטנס חטיפי פריכיות,,,פיטנס חטיפי פריכיות,גרמים,60.00,100 גרם,false,,8.90,14.8333,true,1,112921
7290112967572,false,רוטב ברבקיו אוסם 290,,,רוטב ברבקיו אוסם 290,מיליליטרים,290.00,"100 מ""ל",false,,12.90,4.4483,true,1,107735
7290112968203,false,סלט טחינה באלדי צבר,,,סלט טחינה באלדי צבר,גרמים,250.00,100 גרם,false,,10.90,4.3600,true,1,112922
7290112968449,false,סלט כרוב אדום צבר 25,,,סלט כרוב אדום צבר 25,גרמים,250.00,100 גרם,false,,10.90,4.3600,true,1,112928
7290112968807,false,פיטנס קרקר דק סלק 14,,,פיטנס קרקר דק סלק 14,גרמים,140.00,100 גרם,false,,12.90,9.2143,true,1,128101
7290112968821,false,פיטנס קרקר דק בטטה 1,,,פיטנס קרקר דק בטטה 1,גרמים,140.00,100 גרם,false,,12.90,9.2143,true,1,128102
7290112969903,false,נאגטס ירקות לבנים 50,,,נאגטס ירקות לבנים 50,גרמים,500.00,100 גרם,false,,34.90,6.9800,true,1,120705
7290113190375,false,סילאן טבעי 900 גרם,,,סילאן טבעי 900 גרם,גרמים,900.00,100 גרם,false,,19.90,2.2111,true,1,100694
7290113190450,false,ממרח תמרים 450 גרם ש,,,ממרח תמרים 450 גרם ש,גרמים,450.00,100 גרם,false,,5.90,1.3111,true,1,99777
7290113191938,false,סירופ רוזטה בטעם שקד,,,סירופ רוזטה בטעם שקד,מיליליטרים,750.00,"100 מ""ל",false,,16.90,2.2533,true,1,106617
7290113192171,false,מיקס אגוזים שקדים וח,,,מיקס אגוזים שקדים וח,גרמים,150.00,100 גרם,false,,10.90,7.2667,true,1,120826
7290113192232,false,תערובת להכנת פנקייקס,קריות זול,,תערובת להכנת פנקייקס,גרמים,400.00,100 גרם,false,,13.90,3.4750,true,1,120818
7290113192300,false,חרוזית מושחר 275גרם,,,חרוזית מושחר 275גרם,גרמים,275.00,100 גרם,false,,10.90,3.9636,true,1,120068
7290113192317,false,טבעות זיתים מושחרים,,,טבעות זיתים מושחרים,גרמים,280.00,100 גרם,false,,11.90,4.2500,true,1,120069
7290113192324,false,זית ירוק 340גרם בית,,,זית ירוק 340גרם בית,גרמים,340.00,100 גרם,false,,10.90,3.2059,true,1,113295
7290113192331,false,זיתים ירוקים שלמים ג,,,זיתים ירוקים שלמים ג,גרמים,560.00,100 גרם,false,,10.90,1.9464,true,1,127875
7290113192348,false,זית ירוק טעם שום 17-,,,זית ירוק טעם שום 17-,גרמים,340.00,100 גרם,false,,10.90,3.2059,true,1,120070
7290113192355,false,חרוזית ירוק 275גרם ב,,,חרוזית ירוק 275גרם ב,גרמים,275.00,100 גרם,false,,10.90,3.9636,true,1,120071
7290113192362,false,טבעות זיתים ירוקים 2,,,טבעות זיתים ירוקים 2,גרמים,280.00,100 גרם,false,,10.90,3.8929,true,1,120072
7290113192379,false,זיתים ירוקים מבוקעים,,,זיתים ירוקים מבוקעים,גרמים,340.00,100 גרם,false,,11.50,3.3824,true,1,120073
7290113192386,false,זית סורי מבוקע 340גר,,,זית סורי מבוקע 340גר,גרמים,340.00,100 גרם,false,,11.90,3.5000,true,1,120074
7290113192393,false,קוקטייל זיתים 336גרם,,,קוקטייל זיתים 336גרם,גרמים,336.00,100 גרם,false,,12.50,3.7202,true,1,120075
7290113192478,false,מלפפון במלח בינוניים,,,מלפפון במלח בינוניים,גרמים,320.00,100 גרם,false,,8.90,2.7813,true,1,120083
7290113192485,false,מלפפון בחומץ 10-12 2,,,מלפפון בחומץ 10-12 2,גרמים,290.00,100 גרם,false,,8.90,3.0690,true,1,120084
7290113192492,false,מלפפון בחומץ קטנים 1,,,מלפפון בחומץ קטנים 1,גרמים,290.00,100 גרם,false,,10.90,3.7586,true,1,120085
7290113192508,false,מלפפון במלח קטנים 13,,,מלפפון במלח קטנים 13,גרמים,320.00,100 גרם,false,,10.90,3.4063,true,1,120087
7290113192515,false,מלפפון במלח 18-25 קט,,,מלפפון במלח 18-25 קט,גרמים,320.00,100 גרם,false,,12.90,4.0313,true,1,120090
7290113192522,false,מלפפון בחומץ 18-25 ק,,,מלפפון בחומץ 18-25 ק,גרמים,290.00,100 גרם,false,,12.90,4.4483,true,1,120091
7290113192539,false,מלפפון במלח גדולים 7,,,מלפפון במלח גדולים 7,גרמים,320.00,100 גרם,false,,7.90,2.4688,true,1,120092
7290113192546,false,מלפפון בחומץ גדולים,,,מלפפון בחומץ גדולים,גרמים,290.00,100 גרם,false,,7.90,2.7241,true,1,120094
7290113192553,false,מלפפון במלח בלדי 13-,,,מלפפון במלח בלדי 13-,גרמים,320.00,100 גרם,false,,10.90,3.4063,true,1,120095
7290113192560,false,פלפל שיפקה א2 230 גר,,,פלפל שיפקה א2 230 גר,גרמים,230.00,100 גרם,false,,6.90,3.0000,true,1,127008
7290113192577,false,כרוב כבוש א2 430 גרם,,,כרוב כבוש א2 430 גרם,גרמים,430.00,100 גרם,false,,8.40,1.9535,true,1,127009
7290113192881,false,טורטיה חיטה מופחתת ק,,,טורטיה חיטה מופחתת ק,גרמים,270.00,100 גרם,false,,9.90,3.6667,true,1,120827
7290113192997,false,זית שחור יבש 340 גרם,,,זית שחור יבש 340 גרם,גרמים,340.00,100 גרם,false,,14.50,4.2647,true,1,127010
7290113193000,false,פלפל שיפקונית 230 גר,,,פלפל שיפקונית 230 גר,גרמים,230.00,100 גרם,false,,11.90,5.1739,true,1,127011
7290113193017,false,קוקטייל זיתים חרוזית,,,קוקטייל זיתים חרוזית,גרמים,275.00,100 גרם,false,,14.50,5.2727,true,1,127012
7290113193031,false,חרוזית קלמטה 275 גרם,,,חרוזית קלמטה 275 גרם,גרמים,275.00,100 גרם,false,,14.50,5.2727,true,1,127013
7290113193406,false,קוקטייל זיתים טבעות,,,קוקטייל זיתים טבעות,גרמים,280.00,100 גרם,false,,14.50,5.1786,true,1,127014
7290113194090,false,זית קלמטה טבעות 280,,,זית קלמטה טבעות 280,גרמים,280.00,100 גרם,false,,14.50,5.1786,true,1,127016
7290113195066,false,חלבה טורקית בטעם וני,,,חלבה טורקית בטעם וני,גרמים,400.00,100 גרם,false,,12.90,3.2250,true,1,135199
7290113195073,false,חלבה טורקית עם פיסטו,,,חלבה טורקית עם פיסטו,גרמים,400.00,100 גרם,false,,14.90,3.7250,true,1,135198
7290113195080,false,חלבה טורקית בטעם שוק,,,חלבה טורקית בטעם שוק,גרמים,400.00,100 גרם,false,,12.90,3.2250,true,1,135200
7290113195264,false,ממרח פלפלים קלויים 3,,,ממרח פלפלים קלויים 3,גרמים,360.00,100 גרם,false,,12.90,3.5833,true,1,135208
7290113195271,false,ממרח פלפלים פיקנטיים,,,ממרח פלפלים פיקנטיים,גרמים,360.00,100 גרם,false,,12.90,3.5833,true,1,135207
7290113195363,false,שמן חמניות מזוכך בית,,,שמן חמניות מזוכך בית,מיליליטרים,1000.00,"100 מ""ל",false,,11.90,1.1900,true,1,137364
7290113195967,false,שיבולת שועל 500גרם פ,,,שיבולת שועל 500גרם פ,גרמים,500.00,100 גרם,false,,9.90,1.9800,true,1,135209
7290113196018,false,פסטה ביסלי שקדיה 500,,,פסטה ביסלי שקדיה 500,גרמים,500.00,100 גרם,false,,5.90,1.1800,true,1,140323
7290113196339,false,מלפפונים קורנישונים,,,מלפפונים קורנישונים,יחידה,0.00,יחידה,false,,9.90,0.0000,true,1,137206
7290113196414,false,"אורז בסמטי 1 ק""ג שקד",קריות זול,,"אורז בסמטי 1 ק""ג שקד",גרמים,1000.00,100 גרם,false,,12.90,1.2900,true,1,137839
7290113196513,false,פריכיות כוסמת בתוספת,,,פריכיות כוסמת בתוספת,גרמים,150.00,100 גרם,false,,10.90,7.2667,true,1,137837
7290113196520,false,פריכיות כוסמין ללא מ,,,פריכיות כוסמין ללא מ,גרמים,150.00,100 גרם,false,,10.90,7.2667,true,1,137834
7290113196896,false,"תרסיס שמן זית 170 מ""",,,"תרסיס שמן זית 170 מ""",מיליליטרים,170.00,"100 מ""ל",false,,14.90,8.7647,true,1,137840
7290113196902,false,מנה חמה אטריות אורז,קריות זול,,מנה חמה אטריות אורז,גרמים,60.00,100 גרם,false,,7.90,13.1667,true,1,140328
7290113196919,false,מנה חמה אטריות אורז,קריות זול,,מנה חמה אטריות אורז,גרמים,60.00,100 גרם,false,,7.90,13.1667,true,1,140330
7290113196933,false,מנה חמה אטריות אורז,קריות זול,,מנה חמה אטריות אורז,גרמים,60.00,100 גרם,false,,7.90,13.1667,true,1,140331
7290113197169,false,חמאת בוטנים טבעית 51,,,חמאת בוטנים טבעית 51,גרמים,510.00,100 גרם,false,,17.90,3.5098,true,1,140332
7290113197176,false,חמאת בוטנים טבעית עם,,,חמאת בוטנים טבעית עם,גרמים,510.00,100 גרם,false,,17.90,3.5098,true,1,140333
7290113198562,false,סוכריות גומי בטעם תו,,,סוכריות גומי בטעם תו,גרמים,200.00,100 גרם,false,,10.00,5.0000,true,1,139271
7290113198579,false,סוכריות גומי דובונים,,,סוכריות גומי דובונים,גרמים,200.00,100 גרם,false,,10.00,5.0000,true,1,139269
7290113198586,false,סוכריות גומי מסוכרות,,,סוכריות גומי מסוכרות,גרמים,200.00,100 גרם,false,,10.00,5.0000,true,1,139270
7290113198593,false,סוכריות גומי מסוכרות,,,סוכריות גומי מסוכרות,גרמים,200.00,100 גרם,false,,10.00,5.0000,true,1,139268
7290113198609,false,סוכריות גומי נחשים ב,,,סוכריות גומי נחשים ב,גרמים,200.00,100 גרם,false,,10.00,5.0000,true,1,139267
7290113199323,false,טורטיה מיני 150 גרם,,,טורטיה מיני 150 גרם,גרמים,150.00,100 גרם,false,,4.90,3.2667,true,1,140327
7290113199620,false,חטיף שקדים גרעיני דל,,,חטיף שקדים גרעיני דל,גרמים,0.00,גרם,false,,14.90,0.0000,true,1,139277
7290113199675,false,גרנולה שיבולת שועל ע,,,גרנולה שיבולת שועל ע,גרמים,500.00,100 גרם,false,,10.90,2.1800,true,1,139867
7290113199682,false,גרנולה שיבולת שועל ע,,,גרנולה שיבולת שועל ע,גרמים,500.00,100 גרם,false,,10.90,2.1800,true,1,139864
7290113199774,false,ממרח 100 % בוטנים 30,,,ממרח 100 % בוטנים 30,גרמים,300.00,100 גרם,false,,14.90,4.9667,true,1,139870
7290113199798,false,ממרח 100 % אגוזי קשי,,,ממרח 100 % אגוזי קשי,גרמים,200.00,100 גרם,false,,24.90,12.4500,true,1,139871
7290113199897,false,סוכריות חמצוצים בטעם,,,סוכריות חמצוצים בטעם,גרמים,200.00,100 גרם,false,,10.00,5.0000,true,1,139272
7290113199903,false,סוכריות חמצוצים בטעם,,,סוכריות חמצוצים בטעם,גרמים,200.00,100 גרם,false,,10.00,5.0000,true,1,139273
7290113199910,false,סוכריות חמצוצים בטעם,,,סוכריות חמצוצים בטעם,גרמים,200.00,100 גרם,false,,10.00,5.0000,true,1,139274
7290113199927,false,סוכריות חמצוצים בטעמ,,,סוכריות חמצוצים בטעמ,גרמים,200.00,100 גרם,false,,10.00,5.0000,true,1,139276
7290113199934,false,סוכריות חמצוצים בטעם,,,סוכריות חמצוצים בטעם,גרמים,200.00,100 גרם,false,,10.00,5.0000,true,1,139275
7290113594494,false,אצבעות שוקולד ממולא,,,אצבעות שוקולד ממולא,גרמים,50.00,100 גרם,false,,4.90,9.8000,true,1,135084
7290113595859,false,מיני ביצי שוקולד עם,קריות זול,,מיני ביצי שוקולד עם,גרמים,39.00,100 גרם,false,,5.90,15.1282,true,1,135088
7290113622524,false,פסטה ללא גלוטן כוסמת,,,פסטה ללא גלוטן כוסמת,גרמים,250.00,100 גרם,false,,12.90,5.1600,true,1,135939
7290113622548,false,פסטה ללא גלוטן אפונה,,,פסטה ללא גלוטן אפונה,גרמים,250.00,100 גרם,false,,12.90,5.1600,true,1,135940
7290114310215,false,שמנת מתוקה 38% בקבוק,,,שמנת מתוקה 38% בקבוק,מיליליטרים,250.00,"100 מ""ל",false,,6.47,2.5880,true,1,120064
7290114310222,false,חלב טרה 1.5ל 3ֵ% מעו,,,חלב טרה 1.5ל 3ֵ% מעו,מיליליטרים,1500.00,"100 מ""ל",false,,12.90,0.8600,true,1,140843
7290114310338,false,צפתית מעודנת  225גר,קריות זול,,צפתית מעודנת  225גר,גרמים,225.00,100 גרם,false,,19.90,8.8444,true,1,134944
7290114310345,false,מוו מעדן חלב בטעם תו,,,מוו מעדן חלב בטעם תו,גרמים,125.00,100 גרם,false,,3.30,2.6400,true,1,128330
7290114310536,false,מולר אקטיב לייט יוגו,,,מולר אקטיב לייט יוגו,גרמים,200.00,100 גרם,false,,6.80,3.4000,true,1,136302
7290114310611,false,"משקה חלב בננה 250 מ""",,,"משקה חלב בננה 250 מ""",מיליליטרים,250.00,"100 מ""ל",false,,5.80,2.3200,true,1,136304
7290114310628,false,משקה חלב וניל ועוגיו,,,משקה חלב וניל ועוגיו,מיליליטרים,1000.00,"100 מ""ל",false,,13.20,1.3200,true,1,137325
7290114310673,false,לאבנה 9% 250גרם,,,לאבנה 9% 250גרם,גרמים,250.00,100 גרם,false,,13.90,5.5600,true,1,138290
7290114310895,false,מולר סימפלי מנגו תות,,,מולר סימפלי מנגו תות,גרמים,1200.00,100 גרם,false,,31.90,2.6583,true,1,137328
7290114310901,false,גבינה לבנה 5% מהדרין,,,גבינה לבנה 5% מהדרין,גרמים,250.00,100 גרם,false,,4.98,1.9920,true,1,137185
7290114311038,false,שמנת להקצפה טרה 32%,,,שמנת להקצפה טרה 32%,מיליליטרים,250.00,"100 מ""ל",false,,7.70,3.0800,true,1,139621
7290114311069,false,מולר אקטיב 25ג חלבון,,,מולר אקטיב 25ג חלבון,גרמים,200.00,100 גרם,false,,5.60,2.8000,true,1,138960
7290114311298,false,מולר פרופ קציפת תות,,,מולר פרופ קציפת תות,גרמים,150.00,100 גרם,false,,5.10,3.4000,true,1,140077
7290114311328,false,חלב נטול לקטוז מועשר,,,חלב נטול לקטוז מועשר,מיליליטרים,1000.00,"100 מ""ל",false,,8.50,0.8500,true,1,140440
7290114311458,false,חלב 3% מועשר ויטמין-,,,חלב 3% מועשר ויטמין-,מיליליטרים,1000.00,"100 מ""ל",false,,8.00,0.8000,true,1,140689
7290114600811,false,פרי חטיף תירס עם כור,,,פרי חטיף תירס עם כור,גרמים,25.00,100 גרם,false,,5.90,23.6000,true,1,119999
7290114600828,false,פרי חטיף אורז שחור 2,,,פרי חטיף אורז שחור 2,גרמים,25.00,100 גרם,false,,5.90,23.6000,true,1,120000
7290114600835,false,"פרי חטיף תפו""א עם יר",,,"פרי חטיף תפו""א עם יר",גרמים,25.00,100 גרם,false,,5.90,23.6000,true,1,120001
7290114655903,false,בקבוק טריטן עם צמידי,,,בקבוק טריטן עם צמידי,מיליליטרים,700.00,"100 מ""ל",false,,19.90,2.8429,true,1,140602
7290115073713,false,שלישיית ביצי שוקולד-,,,שלישיית ביצי שוקולד-,יחידה,0.00,יחידה,false,,12.90,0.0000,true,1,139783
7290115190014,false,מרלבורו אדום קצר,,,מרלבורו אדום קצר,יחידה,0.00,יחידה,false,,35.50,0.0000,false,1,128357
7290115190090,false,מרלבורו גולד קצר,,,מרלבורו גולד קצר,יחידה,0.00,יחידה,false,,35.50,0.0000,false,1,128332
7290115190151,false,מרלבורו כחול טאצ,,,מרלבורו כחול טאצ,יחידה,0.00,יחידה,false,,35.50,0.0000,false,1,128349
7290115190250,false,פרלמנט קצר,,,פרלמנט קצר,יחידה,0.00,יחידה,false,,42.00,0.0000,false,1,128131
7290115190335,false,אל אם בלו 100,,,אל אם בלו 100,יחידה,0.00,יחידה,false,,32.00,0.0000,false,1,136300
7290115190359,false,אל אם כחול קצר,,,אל אם כחול קצר,יחידה,0.00,יחידה,false,,32.00,0.0000,false,1,128132
7290115200003,false,פתי בר פינוקי וניל 2,קריות זול,,פתי בר פינוקי וניל 2,גרמים,220.00,100 גרם,false,,12.70,5.7727,true,1,120759
7290115200027,false,פתי בר פינוקי שוקו 2,קריות זול,,פתי בר פינוקי שוקו 2,גרמים,220.00,100 גרם,false,,12.70,5.7727,true,1,120760
7290115200713,false,במבה קלאסי מארז אחיד,,,במבה קלאסי מארז אחיד,גרמים,250.00,100 גרם,false,,13.90,5.5600,true,1,120757
7290115201536,false,טבעול לביבות כרובית,,,טבעול לביבות כרובית,גרמים,442.00,100 גרם,false,,38.90,8.8009,true,1,139878
7290115201680,false,ביסלי ברביקיו אסם 70,,,ביסלי ברביקיו אסם 70,גרמים,70.00,100 גרם,false,,4.90,7.0000,true,1,128103
7290115201703,false,ביסלי ברביקיו אסם 20,,,ביסלי ברביקיו אסם 20,גרמים,200.00,100 גרם,false,,9.50,4.7500,true,1,128099
7290115201727,false,ביסלי בטעם בצל אסם 2,,,ביסלי בטעם בצל אסם 2,גרמים,200.00,100 גרם,false,,9.50,4.7500,true,1,128097
7290115201741,false,ביסלי בטעם בצל אסם 7,,,ביסלי בטעם בצל אסם 7,גרמים,70.00,100 גרם,false,,4.90,7.0000,true,1,128100
7290115202250,false,טבעול טופו קראנצ'ים,קריות זול,,טבעול טופו קראנצ'ים,גרמים,470.00,100 גרם,false,,35.90,7.6383,true,1,137013
7290115202748,false,קטשופ אסם על האש 710,,,קטשופ אסם על האש 710,גרמים,710.00,100 גרם,false,,11.90,1.6761,true,1,136003
7290115203172,false,במבה פרו 80 גרם,קריות זול,,במבה פרו 80 גרם,גרמים,80.00,100 גרם,false,,4.90,6.1250,true,1,140405
7290115203486,false,פירורית אסם בטעם ביס,,,פירורית אסם בטעם ביס,גרמים,200.00,100 גרם,false,,6.50,3.2500,true,1,139514
7290115204056,false,קטשופ 56% פחות סוכר,קריות זול,,קטשופ 56% פחות סוכר,גרמים,690.00,100 גרם,false,,10.90,1.5797,true,1,137084
7290115204155,false,סחוג אדום צבר 190גר,,,סחוג אדום צבר 190גר,גרמים,190.00,100 גרם,false,,13.90,7.3158,true,1,139698
7290115204186,false,צבר ממרח פסטו 190 גר,,,צבר ממרח פסטו 190 גר,גרמים,190.00,100 גרם,false,,16.90,8.8947,true,1,138692
7290115205176,false,פיטנס קרקר דק כפרי 1,,,פיטנס קרקר דק כפרי 1,גרמים,140.00,100 גרם,false,,12.90,9.2143,true,1,137736
7290115205251,false,פיטנס בר פריכיות קרמ,,,פיטנס בר פריכיות קרמ,גרמים,84.00,100 גרם,false,,14.90,17.7381,true,1,140772
7290115205312,false,פיטנס קרקר דק זיתים,,,פיטנס קרקר דק זיתים,גרמים,140.00,100 גרם,false,,12.90,9.2143,true,1,139519
7290115205541,false,פיטנס חטיף מולטיגריי,,,פיטנס חטיף מולטיגריי,גרמים,25.00,100 גרם,false,,5.90,23.6000,true,1,139882
7290115205695,false,בצק לפיצה מצונן בונז,,,בצק לפיצה מצונן בונז,גרמים,460.00,100 גרם,false,,19.90,4.3261,true,1,139918
7290115205718,false,בצק עלים מצונן בונזו,,,בצק עלים מצונן בונזו,גרמים,230.00,100 גרם,false,,17.90,7.7826,true,1,139919
7290115206135,false,טבעול גורמה ארוחת קי,,,טבעול גורמה ארוחת קי,גרמים,450.00,100 גרם,false,,38.90,8.6444,true,1,139691
7290115206173,false,פתי בר קרמל אסם 500,,,פתי בר קרמל אסם 500,גרמים,500.00,100 גרם,false,,14.90,2.9800,true,1,137107
7290115206333,false,עוגיות מיני שוקוציפס,קריות זול,,עוגיות מיני שוקוציפס,גרמים,225.00,100 גרם,false,,11.50,5.1111,true,1,139072
7290115206890,false,ביסלי המבורגר אסם 70,,,ביסלי המבורגר אסם 70,גרמים,70.00,100 גרם,false,,4.90,7.0000,true,1,140407
7290115207484,false,צבר חציל על האש היתר,,,צבר חציל על האש היתר,גרמים,360.00,100 גרם,false,,16.90,4.6944,true,1,139696
7290115207620,false,רוטב בסגנון סויה קלא,,,רוטב בסגנון סויה קלא,מיליליטרים,290.00,"100 מ""ל",false,,15.90,5.4828,true,1,139524
7290115207682,false,רוטב בסגנון סויה סינ,,,רוטב בסגנון סויה סינ,מיליליטרים,290.00,"100 מ""ל",false,,12.90,4.4483,true,1,139522
7290115207798,false,טבעול בורגר חריף טבע,,,טבעול בורגר חריף טבע,גרמים,420.00,100 גרם,false,,33.90,8.0714,true,1,139079
7290115207811,false,טבעול נקניקיות טבעונ,,,טבעול נקניקיות טבעונ,גרמים,418.00,100 גרם,false,,33.90,8.1100,true,1,139073
7290115207965,false,ויטמינציק מנגו אפרסק,,,ויטמינציק מנגו אפרסק,מיליליטרים,1000.00,"100 מ""ל",false,,21.90,2.1900,true,1,138738
7290115208009,false,ויטמינציק ענבים  1 ל,,,ויטמינציק ענבים  1 ל,מיליליטרים,1000.00,"100 מ""ל",false,,21.90,2.1900,true,1,138740
7290115208047,false,ויטמינציק פטל 1 ליטר,,,ויטמינציק פטל 1 ליטר,מיליליטרים,1000.00,"100 מ""ל",false,,21.90,2.1900,true,1,138736
7290115208061,false,ויטמינציק תפוח 1 ליט,,,ויטמינציק תפוח 1 ליט,מיליליטרים,1000.00,"100 מ""ל",false,,21.90,2.1900,true,1,138741
7290115208566,false,קרמוגית מיניס קרם בי,,,קרמוגית מיניס קרם בי,גרמים,200.00,100 גרם,false,,12.70,6.3500,true,1,140240
7290115208801,false,לחמית דבש ואגוזים 19,,,לחמית דבש ואגוזים 19,גרמים,190.00,100 גרם,false,,11.90,6.2632,true,1,140408
7290115209198,false,במבה אורירית אסם 80,קריות זול,,במבה אורירית אסם 80,גרמים,80.00,100 גרם,false,,4.90,6.1250,true,1,139880
7290115209235,false,פתי בר קפה 500 גרם א,קריות זול,,פתי בר קפה 500 גרם א,גרמים,500.00,100 גרם,false,,14.90,2.9800,true,1,140774
7290115209358,false,במבה במילוי בראוניז,,,במבה במילוי בראוניז,גרמים,60.00,100 גרם,false,,4.90,8.1667,true,1,141096
7290115209372,false,במבה במילוי בראוניז,,,במבה במילוי בראוניז,גרמים,150.00,100 גרם,false,,10.90,7.2667,true,1,141097
7290115405774,false,פחזניות ממולאות בטעם,,,פחזניות ממולאות בטעם,גרמים,180.00,100 גרם,false,,14.90,8.2778,true,1,140279
7290115405804,false,פחזניות ממולאות טעם,,,פחזניות ממולאות טעם,גרמים,180.00,100 גרם,false,,14.90,8.2778,true,1,140282
7290115480016,false,סוד קפסולות ג'ל 3+1,,,סוד קפסולות ג'ל 3+1,יחידה,0.00,יחידה,false,,29.90,0.0000,true,1,140248
7290115671339,false,מיני פינוקיות בראוני,,,מיני פינוקיות בראוני,גרמים,180.00,100 גרם,false,,10.90,6.0556,true,1,137057
7290115671346,false,מיני פינוקיות טופי,,,מיני פינוקיות טופי,גרמים,180.00,100 גרם,false,,10.90,6.0556,true,1,137058
7290115671353,false,מיני פינוקיות שחור ל,,,מיני פינוקיות שחור ל,גרמים,180.00,100 גרם,false,,10.90,6.0556,true,1,138524
7290115675696,false,דגני בוקר קוואקר קרו,,,דגני בוקר קוואקר קרו,גרמים,375.00,100 גרם,false,,22.90,6.1067,true,1,137440
7290115675702,false,דגני בוקר קוואקר קרו,,,דגני בוקר קוואקר קרו,גרמים,375.00,100 גרם,false,,22.90,6.1067,true,1,137441
7290115676051,false,אקטיביה משקה שיבולת,,,אקטיביה משקה שיבולת,גרמים,265.00,100 גרם,false,,5.40,2.0377,true,1,137990
7290115676082,false,דנונה פרו משקה בטעם,,,דנונה פרו משקה בטעם,גרמים,255.00,100 גרם,false,,7.50,2.9412,true,1,136407
7290115676099,false,דנונה פרו משקה בטעם,,,דנונה פרו משקה בטעם,גרמים,255.00,100 גרם,false,,7.50,2.9412,true,1,136408
7290115676273,false,קקאו עלית 500 גרם+10,,,קקאו עלית 500 גרם+10,גרמים,550.00,100 גרם,false,,28.90,5.2545,true,1,136238
7290115677409,false,אורז קארי צהוב דלישס,,,אורז קארי צהוב דלישס,גרמים,350.00,100 גרם,false,,28.90,8.2571,true,1,141264
7290115678222,false,יוגורט יווני 6.5% שו,,,יוגורט יווני 6.5% שו,גרמים,1040.00,100 גרם,false,,25.90,2.4904,true,1,136412
7290115678376,false,מעדן הגולן שוקולד 12,קריות זול,,מעדן הגולן שוקולד 12,גרמים,125.00,100 גרם,false,,3.10,2.4800,true,1,137049
7290115678383,false,מעדן הגולן שוקולד מר,קריות זול,,מעדן הגולן שוקולד מר,גרמים,125.00,100 גרם,false,,3.10,2.4800,true,1,137050
7290115678598,false,חסה אייסברג חיתוך גס,קריות זול,,חסה אייסברג חיתוך גס,גרמים,300.00,100 גרם,false,,10.90,3.6333,true,1,137998
7290115678970,false,שלישיית סוכריות פרש,,,שלישיית סוכריות פרש,גרמים,45.00,100 גרם,false,,9.90,22.0000,true,1,137056
7290115679885,false,פיצה כרובית 320 גרם,,,פיצה כרובית 320 גרם,גרמים,320.00,100 גרם,false,,29.90,9.3437,true,1,141267
7290116530062,false,רוטב ויניגרט לסלט 29,,,רוטב ויניגרט לסלט 29,גרמים,300.00,100 גרם,false,,14.90,4.9667,true,1,136626
7290116530147,false,פינוק תחליב רחצה שיי,,,פינוק תחליב רחצה שיי,מיליליטרים,700.00,"100 מ""ל",false,,12.90,1.8429,true,1,135559
7290116530161,false,פינוק תחליב רחצה שיי,,,פינוק תחליב רחצה שיי,מיליליטרים,700.00,"100 מ""ל",false,,12.90,1.8429,true,1,135557
7290116530871,false,נשנושים מיקס 240 גרם,,,נשנושים מיקס 240 גרם,גרמים,240.00,100 גרם,false,,14.50,6.0417,true,1,140190
7290116531090,false,דג דג חטיף אפוי במלי,,,דג דג חטיף אפוי במלי,גרמים,250.00,100 גרם,false,,10.90,4.3600,true,1,138607
7290116531496,false,קינמונים דגנים פריכי,קריות זול,,קינמונים דגנים פריכי,גרמים,375.00,100 גרם,false,,22.90,6.1067,true,1,139068
7290116531564,false,פתית פריכיות קינואה,,,פתית פריכיות קינואה,גרמים,150.00,100 גרם,false,,11.90,7.9333,true,1,138972
7290116531762,false,בדין דפים למייבש וור,קריות זול,,בדין דפים למייבש וור,יחידה,0.00,יחידה,false,,19.90,0.0000,true,1,138969
7290116531779,false,בדין דפי מרכך כחול 4,קריות זול,,בדין דפי מרכך כחול 4,יחידה,0.00,יחידה,false,,19.90,0.0000,true,1,138970
7290116531793,false,רוטב לסלט קיסר הלמנס,,,רוטב לסלט קיסר הלמנס,גרמים,295.00,100 גרם,false,,14.90,5.0508,true,1,137648
7290116532219,false,קורנפלקס בטעם תות תל,,,קורנפלקס בטעם תות תל,גרמים,448.00,100 גרם,false,,18.90,4.2187,true,1,139408
7290116532240,false,קליק טבלה שוקולד חלב,,,קליק טבלה שוקולד חלב,גרמים,85.00,100 גרם,false,,6.90,8.1176,true,1,139412
7290116532387,false,פינוק סבון ידיים חמא,,,פינוק סבון ידיים חמא,מיליליטרים,950.00,"100 מ""ל",false,,12.90,1.3579,true,1,139064
7290116532622,false,פינוק מרכך גוגי ברי,,,פינוק מרכך גוגי ברי,מיליליטרים,700.00,"100 מ""ל",false,,13.90,1.9857,true,1,139613
7290116532721,false,הלמנס לסלט רוטב לימו,,,הלמנס לסלט רוטב לימו,גרמים,295.00,100 גרם,false,,14.90,5.0508,true,1,140751
7290116532738,false,רוטב איטלקי 295 גר,,,רוטב איטלקי 295 גר,גרמים,295.00,100 גרם,false,,14.90,5.0508,true,1,140752
7290116532868,false,פינוק שמפו בייבי 900,,,פינוק שמפו בייבי 900,מיליליטרים,900.00,"100 מ""ל",false,,21.90,2.4333,true,1,140742
7290116532905,false,נשנושים איירביס טעם,קריות זול,,נשנושים איירביס טעם,גרמים,260.00,100 גרם,false,,14.50,5.5769,true,1,140749
7290116533063,false,שוגי קרטיב ענבים 400,,,שוגי קרטיב ענבים 400,גרמים,400.00,100 גרם,false,,19.90,4.9750,true,1,139805
7290116533094,false,פינוק שמפו לשיער ניח,,,פינוק שמפו לשיער ניח,מיליליטרים,700.00,"100 מ""ל",false,,13.90,1.9857,true,1,140344
7290116851372,false,כף אשפה קטן,,,כף אשפה קטן,יחידה,0.00,יחידה,false,,5.90,0.0000,true,1,138942
7290116914466,false,מארז סוכריות על מקל,,,מארז סוכריות על מקל,גרמים,600.00,100 גרם,false,,19.90,3.3167,true,1,140611
7290116915814,false,בקבוק טריטן עם צמידי,,,בקבוק טריטן עם צמידי,מיליליטרים,700.00,"100 מ""ל",false,,19.90,2.8429,true,1,140599
7290116930015,false,חטיף חלבון גו בטעם ק,,,חטיף חלבון גו בטעם ק,גרמים,60.00,100 גרם,false,,12.90,21.5000,true,1,139513
7290116930022,false,חטיף חלבון גו בטעם ק,,,חטיף חלבון גו בטעם ק,גרמים,60.00,100 גרם,false,,12.90,21.5000,true,1,139512
7290116930282,false,ארוחה בקטנה לאבנה עם,,,ארוחה בקטנה לאבנה עם,גרמים,150.00,100 גרם,false,,8.50,5.6667,true,1,140723
7290116930435,false,יוגורט גו סמיך 0% דו,,IL,יוגורט גו סמיך 0% דו,גרמים,200.00,100 גרם,false,,5.90,2.9500,true,1,139707
7290116930459,false,יופלה שייק בננה  אננ,,,יופלה שייק בננה  אננ,מיליליטרים,230.00,"100 מ""ל",false,,8.70,3.7826,true,1,139810
7290116930480,false,יופלה שייק בננה  קיו,,,יופלה שייק בננה  קיו,מיליליטרים,230.00,"100 מ""ל",false,,8.70,3.7826,true,1,139812
7290116930565,false,משקה תה קר עם חלב בט,,,משקה תה קר עם חלב בט,מיליליטרים,230.00,"100 מ""ל",false,,7.90,3.4348,true,1,139822
7290116930626,false,ארוחה בקטנה ציזיקי ע,,,ארוחה בקטנה ציזיקי ע,גרמים,150.00,100 גרם,false,,8.50,5.6667,true,1,140724
7290116930725,false,סויה ביו קוקוס 150ג,,,סויה ביו קוקוס 150ג,גרמים,150.00,100 גרם,false,,4.80,3.2000,true,1,140423
7290116931074,false,פרוסות טל העמק 32% 3,,,פרוסות טל העמק 32% 3,גרמים,300.00,100 גרם,false,,29.90,9.9667,true,1,140720
7290116931081,false,מעדן סויה בטעם  טופי,,,מעדן סויה בטעם  טופי,גרמים,125.00,100 גרם,false,,4.00,3.2000,true,1,140422
7290116931104,false,יוגורט גו סמיך עם אנ,,IL,יוגורט גו סמיך עם אנ,גרמים,200.00,100 גרם,false,,5.90,2.9500,true,1,140424
7290117260005,false,קונפיטורה תות שדה 38,,,קונפיטורה תות שדה 38,גרמים,380.00,100 גרם,false,,9.90,2.6053,true,1,139848
7290117260029,false,קונפיטורה דובדבנים 3,,,קונפיטורה דובדבנים 3,גרמים,380.00,100 גרם,false,,9.90,2.6053,true,1,139850
7290117260036,false,קונפיטורה משמש 380 ג,,,קונפיטורה משמש 380 ג,גרמים,380.00,100 גרם,false,,9.90,2.6053,true,1,139851
7290117260074,false,שעועית ירוקה חתוכה מ,,,שעועית ירוקה חתוכה מ,גרמים,800.00,100 גרם,false,,9.90,1.2375,true,1,140808
7290117260449,false,גבינה בולגרית מעודנת,,,גבינה בולגרית מעודנת,גרמים,200.00,100 גרם,false,,10.90,5.4500,true,1,139839
7290117260456,false,גבינה בולגרית מעודנת,,,גבינה בולגרית מעודנת,גרמים,200.00,100 גרם,false,,10.90,5.4500,true,1,139840
7290117260470,false,גבינה בולגרית מעודנת,,,גבינה בולגרית מעודנת,גרמים,200.00,100 גרם,false,,10.90,5.4500,true,1,139841
7290117260562,false,חמאה בגביע 225 גרם,,,חמאה בגביע 225 גרם,גרמים,225.00,100 גרם,false,,18.90,8.4000,true,1,141332
7290117260821,false,גבינת כבשים צאנק עם,,,גבינת כבשים צאנק עם,גרמים,150.00,100 גרם,false,,27.90,18.6000,true,1,139094
7290117261378,false,גבינת קשקבל לייט 8%,,,גבינת קשקבל לייט 8%,גרמים,250.00,100 גרם,false,,16.90,6.7600,true,1,140033
7290117261545,false,סלמון אטלנטי ברוטב ט,קריות זול,,סלמון אטלנטי ברוטב ט,גרמים,120.00,100 גרם,false,,12.90,10.7500,true,1,140700
7290117261569,false,סלמון אטלנטי מעושן ב,קריות זול,,סלמון אטלנטי מעושן ב,גרמים,120.00,100 גרם,false,,12.90,10.7500,true,1,140694
7290117261583,false,סרדינים בריסלינג מעו,קריות זול,,סרדינים בריסלינג מעו,גרמים,185.00,100 גרם,false,,14.90,8.0541,true,1,141123
7290117261705,false,חמאת עיזים 200גר,,,חמאת עיזים 200גר,גרמים,200.00,100 גרם,false,,14.90,7.4500,true,1,139843
7290117262160,false,גבינה כפרית חצי קשה,,,גבינה כפרית חצי קשה,גרמים,200.00,100 גרם,false,,14.90,7.4500,true,1,140710
7290117262221,false,משקה יוגורט פרוביוטי,,,משקה יוגורט פרוביוטי,מיליליטרים,200.00,"100 מ""ל",false,,5.90,2.9500,true,1,140627
7290117262238,false,משקה יוגורט פרוביוטי,,,משקה יוגורט פרוביוטי,מיליליטרים,200.00,"100 מ""ל",false,,5.90,2.9500,true,1,140628
7290117262245,false,משקה יוגורט פרוביוטי,,,משקה יוגורט פרוביוטי,מיליליטרים,200.00,"100 מ""ל",false,,5.90,2.9500,true,1,140629
7290117382318,false,סלים דליס פרו 33 חטי,,,סלים דליס פרו 33 חטי,גרמים,60.00,100 גרם,false,,13.90,23.1667,true,1,140925
7290117382325,false,סלים דליס פרו 33 חטי,,,סלים דליס פרו 33 חטי,גרמים,60.00,100 גרם,false,,13.90,23.1667,true,1,140924
7290117382332,false,סלים דליס פרו 33 חטי,,,סלים דליס פרו 33 חטי,גרמים,60.00,100 גרם,false,,13.90,23.1667,true,1,140926
7290117860045,false,הוואי שמפו מטפח לשיע,קריות זול,,הוואי שמפו מטפח לשיע,מיליליטרים,700.00,"100 מ""ל",false,,14.90,2.1286,true,1,141381
7290117860090,false,הוואי מרכך מטפח לשיע,קריות זול,,הוואי מרכך מטפח לשיע,מיליליטרים,700.00,"100 מ""ל",false,,14.90,2.1286,true,1,141388
7290117860144,false,הוואי שמפו למניעת קש,קריות זול,,הוואי שמפו למניעת קש,מיליליטרים,700.00,"100 מ""ל",false,,14.90,2.1286,true,1,141382
7290117860199,false,הוואי שמפו מעניק לחו,קריות זול,,הוואי שמפו מעניק לחו,מיליליטרים,700.00,"100 מ""ל",false,,14.90,2.1286,true,1,141379
7290117860243,false,הוואי מרכך מעניק לחו,קריות זול,,הוואי מרכך מעניק לחו,מיליליטרים,700.00,"100 מ""ל",false,,14.90,2.1286,true,1,141389
7290117860335,false,הוואי ג'ל רחצה לגבר,,,הוואי ג'ל רחצה לגבר,מיליליטרים,700.00,"100 מ""ל",false,,14.90,2.1286,true,1,141395
7290117860441,false,הוואי מרכך לשיער פרי,קריות זול,,הוואי מרכך לשיער פרי,מיליליטרים,700.00,"100 מ""ל",false,,14.90,2.1286,true,1,141390
7290117860892,false,הוואי תחליב רחצה יוג,,,הוואי תחליב רחצה יוג,מיליליטרים,700.00,"100 מ""ל",false,,14.90,2.1286,true,1,141397
7290117901250,false,ממרח עגבניות מיובשות,,,ממרח עגבניות מיובשות,גרמים,290.00,100 גרם,false,,15.90,5.4828,true,1,140903
7290117901267,false,ממרח פלפלים אדומים ו,,,ממרח פלפלים אדומים ו,גרמים,290.00,100 גרם,false,,15.90,5.4828,true,1,140905
7290117901274,false,ממרח זיתים 290 גרם ש,,,ממרח זיתים 290 גרם ש,גרמים,290.00,100 גרם,false,,15.90,5.4828,true,1,140902
7296049224603,false,ניקולטי סט 3 מגבות מ,,,ניקולטי סט 3 מגבות מ,יחידה,0.00,יחידה,false,,10.90,0.0000,true,1,140789
7296058000526,false,פריכיות כוסמת 130גר,,,פריכיות כוסמת 130גר,גרמים,130.00,100 גרם,false,,7.90,6.0769,true,1,93034
7296058110010,false,פריכיות אורז מלא 110,,,פריכיות אורז מלא 110,גרמים,110.00,100 גרם,false,,4.90,4.4545,true,1,135060
7296077003102,false,מפיץ ריח בקבוק,,,מפיץ ריח בקבוק,יחידה,0.00,יחידה,false,,9.90,0.0000,true,1,97950
7296082000035,false,ביצים פלוס אומגה3 6י,,,ביצים פלוס אומגה3 6י,יח',6.00,יח',false,,15.90,2.6500,true,1,21929
7296082000066,false,ביצים פלוס 12יח L,,,ביצים פלוס 12יח L,יח',12.00,יח',false,,17.90,1.4917,true,1,75598
7296082000080,false,ביצים חופש 12יח,,,ביצים חופש 12יח,יח',12.00,יח',false,,21.90,1.8250,true,1,29756
7296082000134,false,ביצים רגילות לארג' 1,,,ביצים רגילות לארג' 1,יח',12.00,יח',false,,12.05,1.0042,true,1,44440
7296082000141,false,ביצים רגילות מדיום 1,,,ביצים רגילות מדיום 1,יחידה,0.00,יחידה,false,,11.15,0.0000,true,1,44441
7296082000165,false,ביצים אורגניות 12יח,,,ביצים אורגניות 12יח,יח',12.00,יח',false,,25.90,2.1583,true,1,45484
7296082000172,false,ביצים פלוס 30יח M,,,ביצים פלוס 30יח M,יח',30.00,יח',false,,41.90,1.3967,true,1,75599
7296082000189,false,ביצים פלוס 30יח L,,,ביצים פלוס 30יח L,יח',30.00,יח',false,,41.90,1.3967,true,1,75600
7296082000202,false,ביצים סופר טריה לארג,,,ביצים סופר טריה לארג,יח',18.00,יח',false,,18.07,1.0039,true,1,63984
7296107000002,false,מלפפון במלח 7-9 20%,,,מלפפון במלח 7-9 20%,גרמים,670.00,100 גרם,false,,7.50,1.1194,true,1,106560
7296107000033,false,מלפפון חמוץ 7-9 בחומ,,,מלפפון חמוץ 7-9 בחומ,גרמים,670.00,100 גרם,false,,7.50,1.1194,true,1,105952
7296107000149,false,פלפל שיפקה 540 גרם,,,פלפל שיפקה 540 גרם,גרמים,540.00,100 גרם,false,,6.90,1.2778,true,1,106590
7296107000439,false,זיתים חרוזית ירוק 56,,,זיתים חרוזית ירוק 56,גרמים,560.00,100 גרם,false,,9.90,1.7679,true,1,106566
7296155150698,false,דלי פיה סופר,,,דלי פיה סופר,יחידה,0.00,יחידה,false,,9.90,0.0000,true,1,76391
7310790088830,false,תחבושות ליברס אולטרה,,,תחבושות ליברס אולטרה,יחידה,0.00,יחידה,false,,9.90,0.0000,true,1,139826
7310790088847,false,תחבושות ליברס אולטרה,,,תחבושות ליברס אולטרה,יחידה,0.00,יחידה,false,,9.90,0.0000,true,1,139828
7312040017683,false,*מבצע* וודקה אבסולוט,,,*מבצע* וודקה אבסולוט,מיליליטרים,700.00,"100 מ""ל",false,,60.00,8.5714,true,1,67819
7394376123337,false,משקה שיבולת שועל אור,,,משקה שיבולת שועל אור,מיליליטרים,1000.00,"100 מ""ל",false,,14.90,1.4900,true,1,120883
7394376615825,false,משקה שיבולת שועל מוע,,,משקה שיבולת שועל מוע,מיליליטרים,1000.00,"100 מ""ל",false,,14.90,1.4900,true,1,120884
7394376616778,false,משקה שיבולת שועל להק,,,משקה שיבולת שועל להק,מיליליטרים,1000.00,"100 מ""ל",false,,16.90,1.6900,true,1,120886
7501013122039,false,נקטר ג'ומקס מנגו קרט,,,נקטר ג'ומקס מנגו קרט,מיליליטרים,1000.00,"100 מ""ל",false,,9.90,0.9900,true,1,107213
7501013122114,false,נקטר ג'ומקס אננס קרט,,,נקטר ג'ומקס אננס קרט,מיליליטרים,1000.00,"100 מ""ל",false,,9.90,0.9900,true,1,107215
7501013122190,false,נקטר ג'ומקס תפוחים ק,,,נקטר ג'ומקס תפוחים ק,מיליליטרים,1000.00,"100 מ""ל",false,,9.90,0.9900,true,1,107216
7610113011652,false,בקרדי בריזר בטעם תפו,,,בקרדי בריזר בטעם תפו,מיליליטרים,275.00,"100 מ""ל",false,,16.90,6.1455,true,1,120646
7610243004463,false,דורגול מסיר אבן מרסס,,,דורגול מסיר אבן מרסס,מיליליטרים,500.00,"100 מ""ל",false,,21.90,4.3800,true,1,48772
7610400010481,false,שוקולד לינדט אקסלנס,,,שוקולד לינדט אקסלנס,גרמים,100.00,100 גרם,false,,15.90,15.9000,true,1,31344
7610400068369,false,שוקולד לינדט לינדור,,,שוקולד לינדט לינדור,גרמים,100.00,100 גרם,false,,16.90,16.9000,true,1,96682
7610400091060,false,שוקולד לינדט אקסלנס,,,שוקולד לינדט אקסלנס,גרמים,100.00,100 גרם,false,,15.90,15.9000,true,1,120286
7613030979647,false,דגני טריקס פירות נסט,,,דגני טריקס פירות נסט,גרמים,480.00,100 גרם,false,,27.90,5.8125,true,1,97789
7613032045753,false,פיטנס שוקולד 375 גרם,,,פיטנס שוקולד 375 גרם,גרמים,375.00,100 גרם,false,,23.90,6.3733,true,1,43748
7613033548192,false,פיטנס דגני בוקר שוקו,,,פיטנס דגני בוקר שוקו,גרמים,375.00,100 גרם,false,,23.90,6.3733,true,1,57274
7613035548374,false,דגני גולדן מיניס נסט,,,דגני גולדן מיניס נסט,גרמים,570.00,100 גרם,false,,27.90,4.8947,true,1,75544
7613035622623,false,פיטנס גרנולה שקדים ו,,,פיטנס גרנולה שקדים ו,גרמים,300.00,100 גרם,false,,16.90,5.6333,true,1,76723
7613035635845,false,פיטנס גרנולה שוקולד,,,פיטנס גרנולה שוקולד,גרמים,300.00,100 גרם,false,,16.90,5.6333,true,1,76724
7613035807778,false,רוטב עגבניות לבולונז,,,רוטב עגבניות לבולונז,גרמים,400.00,100 גרם,false,,10.90,2.7250,true,1,89406
7613035809109,false,רוטב עגבניות ובזיליק,,,רוטב עגבניות ובזיליק,גרמים,400.00,100 גרם,false,,10.90,2.7250,true,1,89407
7613035809123,false,רוטב עגבניות עם פלפל,,,רוטב עגבניות עם פלפל,גרמים,400.00,100 גרם,false,,10.90,2.7250,true,1,89408
7613035809857,false,רוטב עגבניות לפסטה ו,,,רוטב עגבניות לפסטה ו,גרמים,40.00,100 גרם,false,,10.90,27.2500,true,1,89409
7613036105606,false,"דוגלי בוגר בקר 3ק""ג",,,"דוגלי בוגר בקר 3ק""ג",קילוגרמים,3.00,"ק""ג",false,,49.90,16.6333,true,1,94736
7613036314114,false,נסקפה גולד 200גר,קריות זול,,נסקפה גולד 200גר,גרמים,200.00,100 גרם,false,,47.90,23.9500,true,1,97499
7613036520492,false,רוטב עגבניות לפיצה פ,,,רוטב עגבניות לפיצה פ,גרמים,400.00,100 גרם,false,,10.90,2.7250,true,1,96749
7613036725286,false,דנטלייף חתול סלמון 4,,,דנטלייף חתול סלמון 4,גרמים,40.00,100 גרם,false,,9.90,24.7500,true,1,140397
7613036737623,false,דגני בוקר קראנץ מקס,,,דגני בוקר קראנץ מקס,גרמים,410.00,100 גרם,false,,27.90,6.8049,true,1,98990
7613037012200,false,גרבר מחית תפוח מנגו,,,גרבר מחית תפוח מנגו,גרמים,90.00,100 גרם,false,,6.20,6.8889,true,1,112544
7613037204889,false,סטארבקס פולי קפה אספ,,,סטארבקס פולי קפה אספ,גרמים,450.00,100 גרם,false,,49.90,11.0889,true,1,136351
7613037276091,false,נסטלה מיקס מיני אריז,,,נסטלה מיקס מיני אריז,יחידה,0.00,יחידה,false,,21.90,0.0000,true,1,102801
7613037686906,false,פיטנס שקדים ודבש 355,,,פיטנס שקדים ודבש 355,גרמים,355.00,100 גרם,false,,23.90,6.7324,true,1,112541
7613037811629,false,קורנפלקס גו פרי 500ג,,,קורנפלקס גו פרי 500ג,גרמים,500.00,100 גרם,false,,16.90,3.3800,true,1,112930
7613038268262,false,דגני האני נאט צ'יריו,,,דגני האני נאט צ'יריו,גרמים,410.00,100 גרם,false,,21.90,5.3415,true,1,112546
7613038451954,false,קראנץ שוקולד דגני בו,,,קראנץ שוקולד דגני בו,גרמים,410.00,100 גרם,false,,23.90,5.8293,true,1,112547
7613039547632,false,גרבר מחית תפוחבננה ת,,,גרבר מחית תפוחבננה ת,גרמים,90.00,100 גרם,false,,6.20,6.8889,true,1,127004
7613039547731,false,גרבר מחית תפוח משמש,,,גרבר מחית תפוח משמש,גרמים,90.00,100 גרם,false,,6.20,6.8889,true,1,127005
7613039770450,false,טבעול סנסשיונל בורגר,,,טבעול סנסשיונל בורגר,גרמים,226.00,100 גרם,false,,39.90,17.6549,true,1,128116
7613039771174,false,טבעול סנסשיונל מינס,,,טבעול סנסשיונל מינס,גרמים,400.00,100 גרם,false,,39.90,9.9750,true,1,128117
7613287121783,false,סמארטיס מיני 187גרם,,,סמארטיס מיני 187גרם,גרמים,187.00,100 גרם,false,,10.90,5.8289,true,1,136377
7613287155894,false,גרבר מחית אפרסק פאוץ,,,גרבר מחית אפרסק פאוץ,גרמים,90.00,100 גרם,false,,6.20,6.8889,true,1,139118
7613287182456,false,ויטמינצ'יק פאוץ אגס,קריות זול,,ויטמינצ'יק פאוץ אגס,מיליליטרים,110.00,"100 מ""ל",false,,6.50,5.9091,true,1,140804
7613287325808,false,רוטב איולי שום לחיץ,,,רוטב איולי שום לחיץ,גרמים,295.00,100 גרם,false,,16.90,5.7288,true,1,137708
7613287325822,false,רוטב מיקס לחיץ אסם 2,,,רוטב מיקס לחיץ אסם 2,גרמים,295.00,100 גרם,false,,16.90,5.7288,true,1,137709
7613287325853,false,רוטב ספייסי איולי לח,,,רוטב ספייסי איולי לח,גרמים,295.00,100 גרם,false,,16.90,5.7288,true,1,137710
7613287325983,false,רוטב סלסה לחיץ אסם,,,רוטב סלסה לחיץ אסם,גרמים,295.00,100 גרם,false,,16.90,5.7288,true,1,137711
7613287394323,false,דגני מולטי ציריוס 60,,,דגני מולטי ציריוס 60,גרמים,600.00,100 גרם,false,,27.90,4.6500,true,1,137112
7613287476494,false,מיונז לחיץ אסם 280 ג,,,מיונז לחיץ אסם 280 ג,גרמים,280.00,100 גרם,false,,16.90,6.0357,true,1,137712
7613287821348,false,נתחוני עוף טבעוני סנ,,,נתחוני עוף טבעוני סנ,גרמים,350.00,100 גרם,false,,38.90,11.1143,true,1,137105
7622010001858,false,אוראו עוגיות ממולאות,,,אוראו עוגיות ממולאות,גרמים,176.00,100 גרם,false,,9.90,5.6250,true,1,76068
7622201050757,false,שוקולד מילקה חלב עם,,,שוקולד מילקה חלב עם,גרמים,100.00,100 גרם,false,,7.90,7.9000,true,1,48392
7622201120931,false,מילקה שוקולד אוראו ל,,,מילקה שוקולד אוראו ל,גרמים,100.00,100 גרם,false,,7.90,7.9000,true,1,138964
7622201137052,false,מילקה מיני קוקיז 110,,,מילקה מיני קוקיז 110,גרמים,110.00,100 גרם,false,,10.90,9.9091,true,1,136437
7622201801809,false,שוקולד חלב מילקה אגו,,,שוקולד חלב מילקה אגו,גרמים,100.00,100 גרם,false,,7.90,7.9000,true,1,136971
7622201802363,false,שוקולד חלב מילקה צימ,,,שוקולד חלב מילקה צימ,גרמים,100.00,100 גרם,false,,7.90,7.9000,true,1,136972
7622201802394,false,שוקולד מילקה חלב 100,,,שוקולד מילקה חלב 100,גרמים,100.00,100 גרם,false,,7.90,7.9000,true,1,136970
7622201808631,false,אוראו מיני כוסות בטע,,,אוראו מיני כוסות בטע,גרמים,67.00,100 גרם,false,,9.90,14.7761,true,1,136975
7622201819170,false,שוקולד מילקה דארק שק,,,שוקולד מילקה דארק שק,גרמים,85.00,100 גרם,false,,7.90,9.2941,true,1,137636
7622201819552,false,שוקולד מילקה דארק 85,,,שוקולד מילקה דארק 85,גרמים,85.00,100 גרם,false,,7.90,9.2941,true,1,137638
7622210163899,false,שוקולד מילקה חלב עם,,,שוקולד מילקה חלב עם,גרמים,100.00,100 גרם,false,,7.90,7.9000,true,1,97551
7622210392589,false,טובלרון טייני חלב 20,,,טובלרון טייני חלב 20,גרמים,200.00,100 גרם,false,,14.90,7.4500,true,1,140785
7622300200237,false,שוקולד מילקה חלב250ג,,,שוקולד מילקה חלב250ג,גרמים,250.00,100 גרם,false,,10.90,4.3600,true,1,48624
7622300489427,false,אוראו עוגיות בציפוי,,,אוראו עוגיות בציפוי,גרמים,246.00,100 גרם,false,,15.90,6.4634,true,1,96536
7622300495046,false,שוקולד מילקה אקסטרה,,,שוקולד מילקה אקסטרה,גרמים,100.00,100 גרם,false,,7.90,7.9000,true,1,66550
7622300617820,false,שוקולד מילקה אוראו 1,,,שוקולד מילקה אוראו 1,גרמים,100.00,100 גרם,false,,7.90,7.9000,true,1,66551
7622300761363,false,אוראו מיני כוסות בטע,,,אוראו מיני כוסות בטע,גרמים,67.00,100 גרם,false,,9.90,14.7761,true,1,89458
7622400005190,false,שוקולד מילקה 100גר,,,שוקולד מילקה 100גר,גרמים,100.00,100 גרם,false,,7.90,7.9000,true,1,72583
7630477891639,false,סטארבקס קפסולות האוס,,,סטארבקס קפסולות האוס,יחידה,0.00,יחידה,false,,21.90,0.0000,true,1,126992
7630477891691,false,סטארבקס קפסולות קולו,,,סטארבקס קפסולות קולו,יחידה,0.00,יחידה,false,,21.90,0.0000,true,1,126993
7630477891738,false,סטארבקס קפסולות אספר,,,סטארבקס קפסולות אספר,יחידה,0.00,יחידה,false,,21.90,0.0000,true,1,126994
7702018457762,false,גילט גל גילוח סירייס,,,גילט גל גילוח סירייס,יחידה,0.00,יחידה,false,,14.90,0.0000,true,1,126950
7702018462032,false,מאך 3 סכיני גילוח רב,,,מאך 3 סכיני גילוח רב,יחידה,0.00,יחידה,false,,29.90,0.0000,true,1,136296
7702018471423,false,גילט פיוזן סכיני גיל,,,גילט פיוזן סכיני גיל,יחידה,0.00,יחידה,false,,59.90,0.0000,true,1,126968
7702024074625,false,פיטנס חטיפי קרקר חיט,,,פיטנס חטיפי קרקר חיט,גרמים,234.00,100 גרם,false,,12.90,5.5128,true,1,97957
7702024258322,false,פיטנס חטיפי קרקר צ'י,,,פיטנס חטיפי קרקר צ'י,גרמים,234.00,100 גרם,false,,12.90,5.5128,true,1,127913
7702174066631,false,לקקן פינפופ מהדרין י,,,לקקן פינפופ מהדרין י,גרמים,180.00,100 גרם,false,,7.90,4.3889,true,1,48623
7702174068833,false,לקקן בטעם גלידה יוגט,,,לקקן בטעם גלידה יוגט,יחידה,0.00,יחידה,false,,11.90,0.0000,true,1,65061
7792860006218,false,סוכריות לקקנים בייבי,,,סוכריות לקקנים בייבי,גרמים,24.00,100 גרם,false,,2.50,10.4167,true,1,56188
7798132720233,false,אוכמניות 125גרם,,,אוכמניות 125גרם,גרמים,125.00,100 גרם,false,,12.90,10.3200,true,1,141320
7804414000877,false,דון חולין מרלו 750מל,,,דון חולין מרלו 750מל,מיליליטרים,750.00,"100 מ""ל",false,,34.90,4.6533,true,1,50425
7804414000884,false,דון חוליו שרדונה 750,,,דון חוליו שרדונה 750,מיליליטרים,750.00,"100 מ""ל",false,,34.90,4.6533,true,1,50432
7804414001614,false,דון חוליו שיראז 750,,,דון חוליו שיראז 750,מיליליטרים,750.00,"100 מ""ל",false,,34.90,4.6533,true,1,50426
7804414012344,false,דון חוליו סובניון בל,,,דון חוליו סובניון בל,מיליליטרים,750.00,"100 מ""ל",false,,34.90,4.6533,true,1,92733
7804414012351,false,דון חוליו מלבק 750 מ,,,דון חוליו מלבק 750 מ,מיליליטרים,750.00,"100 מ""ל",false,,34.90,4.6533,true,1,92734
7804414012368,false,דון חוליו רוזה 750 מ,,,דון חוליו רוזה 750 מ,מיליליטרים,750.00,"100 מ""ל",false,,34.90,4.6533,true,1,92735
7804414014058,false,קזה די לואיגי סובניו,,,קזה די לואיגי סובניו,מיליליטרים,750.00,"100 מ""ל",false,,34.90,4.6533,true,1,136057
7891024030974,false,קולגייט טריפל אקשן מ,,,קולגייט טריפל אקשן מ,מיליליטרים,75.00,"100 מ""ל",false,,7.90,10.5333,true,1,75124
7891024124826,false,קולגייט אופטיק וויט,,,קולגייט אופטיק וויט,מיליליטרים,75.00,"100 מ""ל",false,,22.90,30.5333,true,1,74772
7891024130063,false,קולגייט מי פה פלאקס,,,קולגייט מי פה פלאקס,מיליליטרים,500.00,"100 מ""ל",false,,19.90,3.9800,true,1,49793
8000070081000,false,קפסולות לוואצה הרמונ,,,קפסולות לוואצה הרמונ,יח',10.00,יח',false,,19.90,1.9900,true,1,98196
8000300380378,false,"טבלת שוקולד חלב לל""ג",,,"טבלת שוקולד חלב לל""ג",גרמים,86.00,100 גרם,false,,7.90,9.1860,true,1,137678
8000350004491,false,עוגיות ביס פריכות וי,,,עוגיות ביס פריכות וי,גרמים,125.00,100 גרם,false,,10.90,8.7200,true,1,140141
8000350004781,false,עוגיות ביס פריכות וי,,,עוגיות ביס פריכות וי,גרמים,125.00,100 גרם,false,,10.90,8.7200,true,1,140142
8000380003723,false,גרנד פטיסרי וופל אגו,קריות זול,,גרנד פטיסרי וופל אגו,גרמים,100.00,100 גרם,false,,14.50,14.5000,true,1,32065
8000380004676,false,וופל לואקר קוביות סנ,קריות זול,,וופל לואקר קוביות סנ,גרמים,200.00,100 גרם,false,,14.50,7.2500,true,1,32069
8000380004911,false,וופל קואדרטיני אגוז,קריות זול,,וופל קואדרטיני אגוז,גרמים,250.00,100 גרם,false,,14.90,5.9600,true,1,32070
8000380004966,false,וופל לואקר קוביות קק,קריות זול,,וופל לואקר קוביות קק,גרמים,250.00,100 גרם,false,,14.90,5.9600,true,1,32071
8000380005598,false,טורטינה שישיה מריר 1,,,טורטינה שישיה מריר 1,גרמים,125.00,100 גרם,false,,18.90,15.1200,true,1,50348
8000380007257,false,וופל גרדנה אגוז 200ג,קריות זול,,וופל גרדנה אגוז 200ג,גרמים,200.00,100 גרם,false,,14.90,7.4500,true,1,32074
8000380007271,false,וופל לואקר חלב 175גר,קריות זול,,וופל לואקר חלב 175גר,גרמים,175.00,100 גרם,false,,12.90,7.3714,true,1,32076
8000380106028,false,טורטינה שישיה חלב 12,,,טורטינה שישיה חלב 12,גרמים,125.00,100 גרם,false,,18.90,15.1200,true,1,47574
8000380144044,false,וופל גרדנה שוקולד 20,,,וופל גרדנה שוקולד 20,גרמים,200.00,100 גרם,false,,14.90,7.4500,true,1,44341
8000380152704,false,לואקר גרדנה אצבעות ו,,,לואקר גרדנה אצבעות ו,גרמים,125.00,100 גרם,false,,16.50,13.2000,true,1,64802
8000380152728,false,לואקר גרדנה אצבעות ו,,,לואקר גרדנה אצבעות ו,גרמים,125.00,100 גרם,false,,16.50,13.2000,true,1,90112
8000380153534,false,טורטינה לבן 125גר,,,טורטינה לבן 125גר,גרמים,125.00,100 גרם,false,,18.90,15.1200,true,1,68083
8000380157570,false,וופל קלאסי לואקר 262,,,וופל קלאסי לואקר 262,גרמים,262.50,100 גרם,false,,14.90,5.6762,true,1,95002
8000380157587,false,וופל שוקולד לואקר 26,,,וופל שוקולד לואקר 26,גרמים,262.50,100 גרם,false,,14.90,5.6762,true,1,95003
8000380180745,false,וופל קואדרטיני שוקו,,,וופל קואדרטיני שוקו,גרמים,250.00,100 גרם,false,,14.90,5.9600,true,1,76198
8000380184644,false,וופל לואקר מיניס טעמ,,,וופל לואקר מיניס טעמ,גרמים,150.00,100 גרם,false,,13.90,9.2667,true,1,113221
8000380207183,false,טורטינה חמאת בוטנים,,,טורטינה חמאת בוטנים,גרמים,126.00,100 גרם,false,,18.90,15.0000,true,1,139587
8000500023976,false,בונבוניירת רפאלו 150,קריות זול,,בונבוניירת רפאלו 150,גרמים,150.00,100 גרם,false,,17.90,11.9333,true,1,38150
8000500026731,false,קינדר ביצי שוקולד 3*,קריות זול,,קינדר ביצי שוקולד 3*,גרמים,60.00,100 גרם,false,,15.90,26.5000,true,1,74941
8000500029350,false,*מבצע* קינדר בואנו ש,,,*מבצע* קינדר בואנו ש,גרמים,129.00,100 גרם,false,,10.90,8.4496,true,1,32080
8000500037874,false,פררו רושר בונבוניירה,קריות זול,,פררו רושר בונבוניירה,גרמים,200.00,100 גרם,false,,28.90,14.4500,true,1,32082
8000500071083,false,קינדר אצבעות שוקולד,,,קינדר אצבעות שוקולד,גרמים,200.00,100 גרם,false,,14.90,7.4500,true,1,32084
8000500121436,false,*מבצע* קינדר בואנו ל,,,*מבצע* קינדר בואנו ל,גרמים,117.00,100 גרם,false,,10.90,9.3162,true,1,52964
8000500126325,false,קינדר גוי ורוד שלישי,קריות זול,,קינדר גוי ורוד שלישי,גרמים,60.00,100 גרם,false,,15.90,26.5000,true,1,70641
8000500227848,false,נוטלה בי רדי 132 גרם,,,נוטלה בי רדי 132 גרם,גרמים,132.00,100 גרם,false,,12.90,9.7727,true,1,97608
8000500256213,false,קינדר שוקולד מיני 12,,,קינדר שוקולד מיני 12,גרמים,120.00,100 גרם,false,,11.90,9.9167,true,1,99306
8000500267103,false,קינדר דליס 390 גרם,,,קינדר דליס 390 גרם,גרמים,390.00,100 גרם,false,,19.90,5.1026,true,1,99294
8000500269169,false,קינדר קארדס חמישייה,קריות זול,,קינדר קארדס חמישייה,גרמים,128.00,100 גרם,false,,14.90,11.6406,true,1,140436
8000500353738,false,טיק טק מנטה חזק רביע,,,טיק טק מנטה חזק רביע,גרמים,64.00,100 גרם,false,,11.90,18.5938,true,1,128434
8000500386941,false,נוטלה ממרח קקאו עם א,,,נוטלה ממרח קקאו עם א,גרמים,900.00,100 גרם,false,,29.90,3.3222,true,1,140437
8001090222541,false,הרבל אסנסס שמפו תות,,,הרבל אסנסס שמפו תות,מיליליטרים,400.00,"100 מ""ל",false,,19.90,4.9750,true,1,102763
8001090222572,false,הרבל אסנסס מרכך תותו,,,הרבל אסנסס מרכך תותו,מיליליטרים,400.00,"100 מ""ל",false,,19.90,4.9750,true,1,102764
8001090222848,false,הרבל אסנסס שמפו שיקו,,,הרבל אסנסס שמפו שיקו,מיליליטרים,400.00,"100 מ""ל",false,,19.90,4.9750,true,1,102767
8001090336446,false,פמפרס בייבי דריי מיד,,,פמפרס בייבי דריי מיד,יחידה,0.00,יחידה,false,,34.90,0.0000,true,1,112046
8001090336491,false,פמפרס בייבי דריי מיד,,,פמפרס בייבי דריי מיד,יחידה,0.00,יחידה,false,,34.90,0.0000,true,1,112047
8001090336521,false,פמפרס בייבי דריי מיד,,,פמפרס בייבי דריי מיד,יחידה,0.00,יחידה,false,,34.90,0.0000,true,1,112048
8001090336606,false,פמפרס בייבי דריי מיד,,,פמפרס בייבי דריי מיד,יחידה,0.00,יחידה,false,,34.90,0.0000,true,1,112049
8001090375186,false,פנטן מרכך מרוכז לצבע,,,פנטן מרכך מרוכז לצבע,מיליליטרים,200.00,"100 מ""ל",false,,22.90,11.4500,true,1,95438
8001090493637,false,הד&שולדרס שמפו אולטר,,,הד&שולדרס שמפו אולטר,מיליליטרים,450.00,"100 מ""ל",false,,23.90,5.3111,true,1,94702
8001090737847,false,אולוויז מגן תחתון נו,,,אולוויז מגן תחתון נו,יחידה,0.00,יחידה,false,,19.90,0.0000,true,1,136743
8001090802385,false,טייד קפסולות לכביסה,,,טייד קפסולות לכביסה,יח',26.00,יח',false,,29.90,1.1500,true,1,99935
8001090810120,false,פנטן מרכך שמן מרוקאי,,,פנטן מרכך שמן מרוקאי,מיליליטרים,500.00,"100 מ""ל",false,,18.90,3.7800,true,1,98275
8001090810281,false,פנטן שמפו שמן מרוקאי,,,פנטן שמפו שמן מרוקאי,מיליליטרים,500.00,"100 מ""ל",false,,18.90,3.7800,true,1,98276
8001090810403,false,פנטן שמפו למגע רך כמ,,,פנטן שמפו למגע רך כמ,מיליליטרים,500.00,"100 מ""ל",false,,18.90,3.7800,true,1,98265
8001090833136,false,אריאל גל כביסה בייבי,,,אריאל גל כביסה בייבי,ליטרים,2.26,ליטר,false,,34.90,15.4425,true,1,99061
8001090886385,false,לנור כדוריות הריח בנ,,,לנור כדוריות הריח בנ,גרמים,140.00,100 גרם,false,,19.90,14.2143,true,1,128035
8001090899224,false,תחבושות אולוויז פלטי,,,תחבושות אולוויז פלטי,יחידה,0.00,יחידה,false,,19.90,0.0000,true,1,106971
8001090988362,false,פנטן שמפו לחות מוגבר,,,פנטן שמפו לחות מוגבר,מיליליטרים,500.00,"100 מ""ל",false,,18.90,3.7800,true,1,98266
8001090988843,false,פנטן קונדישנר לחות מ,,,פנטן קונדישנר לחות מ,מיליליטרים,500.00,"100 מ""ל",false,,18.90,3.7800,true,1,98267
8001100059259,false,וופל קוביות 250ג באל,,,וופל קוביות 250ג באל,גרמים,250.00,100 גרם,false,,13.90,5.5600,true,1,140992
8001100059266,false,וופל קוביות 250ג באל,,,וופל קוביות 250ג באל,גרמים,250.00,100 גרם,false,,13.90,5.5600,true,1,140994
8001100067940,false,וופל קוביות 125ג באל,,,וופל קוביות 125ג באל,גרמים,125.00,100 גרם,false,,9.90,7.9200,true,1,140996
8001100067964,false,וופל קוביות 125ג באל,,,וופל קוביות 125ג באל,גרמים,125.00,100 גרם,false,,9.90,7.9200,true,1,140997
8001250152336,false,פסטה דורום פטוציני ד,,,פסטה דורום פטוציני ד,גרמים,500.00,100 גרם,false,,15.90,3.1800,true,1,141312
8001585001071,false,עוגה בלקוני מיקס מיל,קריות זול,,עוגה בלקוני מיקס מיל,גרמים,350.00,100 גרם,false,,11.90,3.4000,true,1,71777
8001585008186,false,וופל קוביות אגוזים ב,,,וופל קוביות אגוזים ב,גרמים,250.00,100 גרם,false,,10.90,4.3600,true,1,75768
8001620011935,false,סאן בנדטו מוגז שישיי,,,סאן בנדטו מוגז שישיי,מיליליטרים,3000.00,"100 מ""ל",false,,14.90,0.4967,true,1,56857
8001841096889,false,פיירי לבן לימון 900,,,פיירי לבן לימון 900,מיליליטרים,900.00,"100 מ""ל",false,,9.90,1.1000,true,1,97932
8001841198347,false,גילט דאורדורנט CW ספ,,,גילט דאורדורנט CW ספ,מיליליטרים,150.00,"100 מ""ל",false,,15.90,10.6000,true,1,120230
8001841400662,false,טייד אבקת כביסה קולו,,,טייד אבקת כביסה קולו,קילוגרמים,10.00,"ק""ג",false,,59.90,5.9900,true,1,106965
8001841500799,false,הרבל אסנסס שמפו ללא,,,הרבל אסנסס שמפו ללא,מיליליטרים,380.00,"100 מ""ל",false,,19.90,5.2368,true,1,134803
8001841502601,false,הרבל אסנסס מרכך ללא,,,הרבל אסנסס מרכך ללא,מיליליטרים,380.00,"100 מ""ל",false,,19.90,5.2368,true,1,134800
8001841625188,false,פיירי פלטינום לימון,,,פיירי פלטינום לימון,מיליליטרים,515.00,"100 מ""ל",false,,10.90,2.1165,true,1,120235
8001841716312,false,שולדרס ג'ל רחצה ושמפ,,,שולדרס ג'ל רחצה ושמפ,מיליליטרים,360.00,"100 מ""ל",false,,22.90,6.3611,true,1,136945
8001841722146,false,מגן תחתון אולוויז נו,,,מגן תחתון אולוויז נו,יחידה,0.00,יחידה,false,,19.90,0.0000,true,1,127998
8001841893990,false,פיירי קפסולות למדיח,,,פיירי קפסולות למדיח,יח',30.00,יח',false,,39.90,1.3300,true,1,134845
8001841941929,false,אולוויז תחבושות פלטי,,,אולוויז תחבושות פלטי,יח',14.00,יח',false,,19.90,1.4214,true,1,136800
8002205319903,false,פורינה חתול בוגר עוף,,,פורינה חתול בוגר עוף,גרמים,800.00,100 גרם,false,,37.90,4.7375,true,1,107778
8002270015656,false,סאן פלגרינו 750מל,,,סאן פלגרינו 750מל,מיליליטרים,750.00,"100 מ""ל",false,,11.90,1.5867,true,1,47696
8002270166594,false,סאן פלגרינו שישייה 6,,,סאן פלגרינו שישייה 6,מיליליטרים,1500.00,"100 מ""ל",false,,33.90,2.2600,true,1,100989
8002450206522,false,קזה די לואיג'י מרלו,,,קזה די לואיג'י מרלו,מיליליטרים,750.00,"100 מ""ל",false,,34.90,4.6533,true,1,57001
8002960103199,false,רוטב עגבניות איטלקי,,,רוטב עגבניות איטלקי,גרמים,370.00,100 גרם,false,,13.90,3.7568,true,1,141306
8002960103205,false,רוטב עגבניות איטלקי,,,רוטב עגבניות איטלקי,גרמים,370.00,100 גרם,false,,13.90,3.7568,true,1,141307
8003753158587,false,אילי קפסולות אספרסו,,,אילי קפסולות אספרסו,יחידה,0.00,יחידה,false,,24.90,0.0000,true,1,136717
8003753158617,false,אילי קפסולות אספרסו,,,אילי קפסולות אספרסו,יחידה,0.00,יחידה,false,,24.90,0.0000,true,1,136718
8003753158648,false,אילי קפסולות אספרסו,,,אילי קפסולות אספרסו,יחידה,0.00,יחידה,false,,24.90,0.0000,true,1,136720
8004030103399,false,ריו  מארז טונה בשמן,,,ריו  מארז טונה בשמן,גרמים,320.00,100 גרם,false,,32.90,10.2812,true,1,140921
8004690050507,false,פסטה לאמוליזנה פטוצ',,,פסטה לאמוליזנה פטוצ',גרמים,500.00,100 גרם,false,,8.90,1.7800,true,1,97817
8004690050620,false,פסטה לאמוליזנה לינגו,,,פסטה לאמוליזנה לינגו,גרמים,500.00,100 גרם,false,,8.90,1.7800,true,1,109731
8004690051573,false,פסטה לאמוליזנה ספגטי,,,פסטה לאמוליזנה ספגטי,גרמים,500.00,100 גרם,false,,8.90,1.7800,true,1,70505
8004690052044,false,פסטה לאמוליזנה פנה ז,,,פסטה לאמוליזנה פנה ז,גרמים,500.00,100 גרם,false,,8.90,1.7800,true,1,70506
8004690052600,false,פסטה לאמוליזנה קונכי,,,פסטה לאמוליזנה קונכי,גרמים,500.00,100 גרם,false,,8.90,1.7800,true,1,113185
8004690052846,false,פסטה לאמוליזנה פוסיל,,,פסטה לאמוליזנה פוסיל,גרמים,500.00,100 גרם,false,,8.90,1.7800,true,1,70507
8004690053195,false,פסטה לאמוליזנה ריגטו,,,פסטה לאמוליזנה ריגטו,גרמים,500.00,100 גרם,false,,8.90,1.7800,true,1,98080
8004690055601,false,פסטה לאמוליזנה צ'ינס,,,פסטה לאמוליזנה צ'ינס,גרמים,500.00,100 גרם,false,,8.90,1.7800,true,1,113186
8004690057308,false,פסטה לאמוליזנה רדיאט,,,פסטה לאמוליזנה רדיאט,גרמים,500.00,100 גרם,false,,8.90,1.7800,true,1,98083
8004690058008,false,פסטה לאמוליזנה גמלי,,,פסטה לאמוליזנה גמלי,גרמים,500.00,100 גרם,false,,8.90,1.7800,true,1,98081
8004690106600,false,פסטה לאמוליזנה פארפא,,,פסטה לאמוליזנה פארפא,גרמים,500.00,100 גרם,false,,8.90,1.7800,true,1,97818
8004800000064,false,לאגו גלילי וופל במיל,,,לאגו גלילי וופל במיל,גרמים,100.00,100 גרם,false,,10.90,10.9000,true,1,141198
8004800000071,false,לאגו גלילי וופל במיל,,,לאגו גלילי וופל במיל,גרמים,100.00,100 גרם,false,,10.90,10.9000,true,1,141196
8004800005502,false,לאגו גלילי ופל במילו,,,לאגו גלילי ופל במילו,גרמים,125.00,100 גרם,false,,10.90,8.7200,true,1,141177
8005110002243,false,רכז עגבניות מוטי בשפ,,,רכז עגבניות מוטי בשפ,גרמים,185.00,100 גרם,false,,9.90,5.3514,true,1,128500
8005110170300,false,עגבניות מרוסקות מוטי,,,עגבניות מרוסקות מוטי,גרמים,1200.00,100 גרם,false,,18.90,1.5750,true,1,89086
8005110550508,false,מוטי עגבניות שלמות ב,,,מוטי עגבניות שלמות ב,גרמים,400.00,100 גרם,false,,9.90,2.4750,true,1,141304
8005200256587,false,נסטי אפרסק 1.5ליטר,,,נסטי אפרסק 1.5ליטר,מיליליטרים,1500.00,"100 מ""ל",false,,9.50,0.6333,true,1,138262
8005200286584,false,נסטי מנגו אננס 1.5לי,,,נסטי מנגו אננס 1.5לי,מיליליטרים,1500.00,"100 מ""ל",false,,9.50,0.6333,true,1,138263
8005200316588,false,נסטי דיאט אפרסק 1.5ל,,,נסטי דיאט אפרסק 1.5ל,מיליליטרים,1500.00,"100 מ""ל",false,,9.50,0.6333,true,1,138264
8005803010357,false,גריסיני אמור די פאן,,,גריסיני אמור די פאן,גרמים,125.00,100 גרם,false,,7.90,6.3200,true,1,93783
8005803010371,false,גריסיני אמור די פאן,,,גריסיני אמור די פאן,גרמים,125.00,100 גרם,false,,7.90,6.3200,true,1,93780
8005803010661,false,גריסיני אמור די פאן,,,גריסיני אמור די פאן,גרמים,125.00,100 גרם,false,,7.90,6.3200,true,1,93782
8006423362406,false,שוקולד טופ זהב שקית,,,שוקולד טופ זהב שקית,גרמים,250.00,100 גרם,false,,17.90,7.1600,true,1,136879
8006540027042,false,לנור מרכך כביסה בניח,,,לנור מרכך כביסה בניח,מיליליטרים,897.00,"100 מ""ל",false,,15.90,1.7726,true,1,136054
8006540091906,false,לנור כדוריות הבושם ב,,,לנור כדוריות הבושם ב,גרמים,140.00,100 גרם,false,,19.90,14.2143,true,1,137565
8006540112823,false,לנור מרכך מרוכז בניח,,,לנור מרכך מרוכז בניח,מיליליטרים,900.00,"100 מ""ל",false,,15.90,1.7667,true,1,136321
8006540221068,false,אולוויז מגני תחתון ל,,,אולוויז מגני תחתון ל,יחידה,0.00,יחידה,false,,19.90,0.0000,true,1,139968
8006540221341,false,אולוויז מגן תחתון אק,,,אולוויז מגן תחתון אק,יחידה,0.00,יחידה,false,,19.90,0.0000,true,1,138965
8006540302538,false,הד&שולדרס שמפו קלאסי,,,הד&שולדרס שמפו קלאסי,מיליליטרים,350.00,"100 מ""ל",false,,19.90,5.6857,true,1,140874
8007178120310,false,חומץ בלסמי ג'קובצי 5,קריות זול,,חומץ בלסמי ג'קובצי 5,מיליליטרים,500.00,"100 מ""ל",false,,25.90,5.1800,true,1,22492
8007178223547,false,קרם בלסמי מצומצם ג'ק,,,קרם בלסמי מצומצם ג'ק,מיליליטרים,250.00,"100 מ""ל",false,,25.90,10.3600,true,1,73207
8008620009337,false,קריץ קרקר חיטה מלאה,,,קריץ קרקר חיטה מלאה,גרמים,250.00,100 גרם,false,,7.90,3.1600,true,1,128530
8008660210038,false,מעדן תות מנז אנד גאס,,,מעדן תות מנז אנד גאס,גרמים,300.00,100 גרם,false,,17.90,5.9667,true,1,90659
8008857200194,false,פסטה רג'ייה ספגטי 50,,,פסטה רג'ייה ספגטי 50,גרמים,500.00,100 גרם,false,,6.90,1.3800,true,1,63435
8008857200200,false,פסטה רג'ייה ספגטי דק,,,פסטה רג'ייה ספגטי דק,גרמים,500.00,100 גרם,false,,6.90,1.3800,true,1,70119
8008857300634,false,פסטה רג'ייה תלתל 500,,,פסטה רג'ייה תלתל 500,גרמים,500.00,100 גרם,false,,6.90,1.3800,true,1,63438
8008857601052,false,*מבצע* לזניה רגיה 50,,,*מבצע* לזניה רגיה 50,גרמים,500.00,100 גרם,false,,10.90,2.1800,true,1,98451
8008920150128,false,יין למברוסקו חצי יבש,,,יין למברוסקו חצי יבש,מיליליטרים,750.00,"100 מ""ל",false,,25.90,3.4533,true,1,50963
8015997000911,false,מאריני בישקוטים פריכ,,,מאריני בישקוטים פריכ,גרמים,200.00,100 גרם,false,,6.90,3.4500,true,1,95830
8023492004495,false,טבלאות שוקולד חלב עם,,,טבלאות שוקולד חלב עם,גרמים,225.00,100 גרם,false,,12.90,5.7333,true,1,140139
8023492004501,false,טבלאות שוקולד  מריר,,,טבלאות שוקולד  מריר,גרמים,225.00,100 גרם,false,,12.90,5.7333,true,1,140140
8023492004518,false,טבלאות שוקולד מריר ע,,,טבלאות שוקולד מריר ע,גרמים,225.00,100 גרם,false,,12.90,5.7333,true,1,140137
8023492004525,false,טבלאות שוקולד מריר ע,,,טבלאות שוקולד מריר ע,גרמים,225.00,100 גרם,false,,12.90,5.7333,true,1,140138
8032880800243,false,פיקניק הפתעה 50גר,קריות זול,,פיקניק הפתעה 50גר,גרמים,50.00,100 גרם,false,,7.90,15.8000,true,1,39737
8033102690062,false,עוגיות וישנזי במילוי,קריות זול,,עוגיות וישנזי במילוי,גרמים,150.00,100 גרם,false,,10.90,7.2667,true,1,140146
8033102690079,false,עוגיות וישנזי במילוי,קריות זול,,עוגיות וישנזי במילוי,גרמים,150.00,100 גרם,false,,10.90,7.2667,true,1,140144
8076800195033,false,פסטה ספגטי ברילה מס',קריות זול,,פסטה ספגטי ברילה מס',גרמים,500.00,100 גרם,false,,8.90,1.7800,true,1,28589
8076800195057,false,פסטה ספגטיני מס 5 בר,קריות זול,,פסטה ספגטיני מס 5 בר,גרמים,500.00,100 גרם,false,,8.90,1.7800,true,1,28590
8076802085738,false,פסטה פנה רגטה ברילה,קריות זול,,פסטה פנה רגטה ברילה,גרמים,500.00,100 גרם,false,,8.90,1.7800,true,1,28596
8076802085981,false,פסטה פתיתי פוזליני ב,קריות זול,,פסטה פתיתי פוזליני ב,גרמים,500.00,100 גרם,false,,8.90,1.7800,true,1,28600
8076808060654,false,פסטה פתיתי פרפלה 65,קריות זול,,פסטה פתיתי פרפלה 65,גרמים,500.00,100 גרם,false,,8.90,1.7800,true,1,28603
8076808150072,false,פסטה ספגטי מס 7 בריל,קריות זול,,פסטה ספגטי מס 7 בריל,גרמים,500.00,100 גרם,false,,8.90,1.7800,true,1,28605
8076809513654,false,רוטב עגבניות לבולונז,קריות זול,,רוטב עגבניות לבולונז,גרמים,400.00,100 גרם,false,,15.90,3.9750,true,1,28611
8076809513692,false,רוטב נפוליטנה ברילה,קריות זול,,רוטב נפוליטנה ברילה,גרמים,400.00,100 גרם,false,,15.90,3.9750,true,1,28612
8076809513739,false,רוטב בזיליקום ברילה,קריות זול,,רוטב בזיליקום ברילה,גרמים,400.00,100 גרם,false,,15.90,3.9750,true,1,28614
8076809523561,false,רוטב טוסקנה ברילה400,,,רוטב טוסקנה ברילה400,גרמים,400.00,100 גרם,false,,15.90,3.9750,true,1,46774
8076809523738,false,לזניה ברילה 500 גר,קריות זול,,לזניה ברילה 500 גר,גרמים,500.00,100 גרם,false,,24.90,4.9800,true,1,28622
8410076600622,false,ניטשר וואלי חטיף קרא,,,ניטשר וואלי חטיף קרא,גרמים,210.00,100 גרם,false,,22.50,10.7143,true,1,66814
8410076610379,false,נייטשר וואלי פרוטאין,,,נייטשר וואלי פרוטאין,גרמים,160.00,100 גרם,false,,25.90,16.1875,true,1,76768
8410076610492,false,ניטשר וואלי צ'אוי חט,,,ניטשר וואלי צ'אוי חט,גרמים,150.00,100 גרם,false,,22.50,15.0000,true,1,90113
8410076610508,false,ניטשר וואלי צ'אוי חט,,,ניטשר וואלי צ'אוי חט,גרמים,150.00,100 גרם,false,,22.50,15.0000,true,1,90114
8410076621009,false,פייבר וואן חטיף בטעם,,,פייבר וואן חטיף בטעם,גרמים,120.00,100 גרם,false,,17.90,14.9167,true,1,128364
8410104045111,false,"פיניש מלח למדיח 2 ק""",,,"פיניש מלח למדיח 2 ק""",גרמים,2000.00,100 גרם,false,,15.90,0.7950,true,1,110462
8410104437268,false,פיניש מפיץ ריח רגיל,,,פיניש מפיץ ריח רגיל,גרמים,27.00,100 גרם,false,,21.90,81.1111,true,1,62645
8410376017359,false,עוגיות ללא גלוטן 200,,,עוגיות ללא גלוטן 200,גרמים,200.00,100 גרם,false,,17.90,8.9500,true,1,62578
8410376027273,false,גולון  עוגיות טווינס,,,גולון  עוגיות טווינס,גרמים,252.00,100 גרם,false,,9.90,3.9286,true,1,140542
8410376037883,false,גולון עוגיות שוקוצ'י,,,גולון עוגיות שוקוצ'י,גרמים,130.00,100 גרם,false,,12.90,9.9231,true,1,140549
8410376064438,false,גולון ביסקוויט פיינס,,,גולון ביסקוויט פיינס,גרמים,150.00,100 גרם,false,,16.90,11.2667,true,1,140556
8410644611210,false,קאווה איבריקה לבן חצ,,,קאווה איבריקה לבן חצ,מיליליטרים,750.00,"100 מ""ל",false,,29.90,3.9867,true,1,95482
8410721443734,false,כורכום טחון צנצנת 45,,,כורכום טחון צנצנת 45,גרמים,45.00,100 גרם,false,,7.90,17.5556,true,1,120362
8410721443840,false,כורכום טחון בשקית מר,,,כורכום טחון בשקית מר,גרמים,70.00,100 גרם,false,,5.90,8.4286,true,1,138170
8410721443918,false,כמון טחון בשקית מרקד,,,כמון טחון בשקית מרקד,גרמים,70.00,100 גרם,false,,5.90,8.4286,true,1,138173
8412497595327,false,בקבוק  פלסטיק 450מל,,,בקבוק  פלסטיק 450מל,יחידה,0.00,יחידה,false,,19.90,0.0000,true,1,75892
8423207206488,false,סלים דליס חטיף דגנים,,,סלים דליס חטיף דגנים,גרמים,120.00,100 גרם,false,,15.90,13.2500,true,1,64925
8423207206495,false,סלים דליס חטיף דגנים,,,סלים דליס חטיף דגנים,גרמים,1200.00,100 גרם,false,,15.90,1.3250,true,1,64926
8423207206501,false,סלים דליס חטיף דגנים,,,סלים דליס חטיף דגנים,גרמים,120.00,100 גרם,false,,15.90,13.2500,true,1,64927
8423207208260,false,סלים דליס חטיף דגנים,,,סלים דליס חטיף דגנים,גרמים,120.00,100 גרם,false,,15.90,13.2500,true,1,74814
8423207208697,false,סלים דליס קידס חטיף,,,סלים דליס קידס חטיף,גרמים,120.00,100 גרם,false,,15.90,13.2500,true,1,76045
8423207208871,false,פריכיות תירס בטעם טב,,,פריכיות תירס בטעם טב,גרמים,123.00,100 גרם,false,,11.90,9.6748,true,1,76090
8423207208888,false,פריכיות תירס בטעם עג,,,פריכיות תירס בטעם עג,יחידה,0.00,יחידה,false,,12.90,0.0000,true,1,76091
8423207208895,false,פריכיות תירס בטעם זי,,,פריכיות תירס בטעם זי,יחידה,0.00,יחידה,false,,12.90,0.0000,true,1,76092
8423207210287,false,סלים דליס שוקולד לבן,,,סלים דליס שוקולד לבן,גרמים,120.00,100 גרם,false,,15.90,13.2500,true,1,107542
8423207210966,false,סלים דליס טופינג קוק,,,סלים דליס טופינג קוק,גרמים,0.00,100 גרם,false,,15.90,0.0000,true,1,128078
8425206000081,false,ריבת חלב מרדל 450גר,,,ריבת חלב מרדל 450גר,גרמים,450.00,100 גרם,false,,19.90,4.4222,true,1,74928
8435495807636,false,תינוקלין ג'ל כביסה ב,,,תינוקלין ג'ל כביסה ב,ליטרים,2.00,ליטר,false,,29.90,14.9500,true,1,99458
8437000906209,false,עלי טורטיה 320ר,,,עלי טורטיה 320ר,גרמים,325.00,100 גרם,false,,10.90,3.3538,true,1,63267
8445290427120,false,פיטנס שוקולד מריר בנ,,,פיטנס שוקולד מריר בנ,גרמים,330.00,100 גרם,false,,23.90,7.2424,true,1,140410
8606018615827,false,פיינט אוראו,,,פיינט אוראו,מיליליטרים,480.00,"100 מ""ל",false,,19.90,4.1458,true,1,141110
8606018615865,false,פיינט מילקה קרמל ליב,,,פיינט מילקה קרמל ליב,מיליליטרים,480.00,"100 מ""ל",false,,19.90,4.1458,true,1,141112
8683130008935,false,הלמנס קטשיונז 425 גר,,,הלמנס קטשיונז 425 גר,גרמים,425.00,100 גרם,false,,16.90,3.9765,true,1,138070
8683323063024,false,סוכריות יוגטה שטיחים,,,סוכריות יוגטה שטיחים,גרמים,220.00,100 גרם,false,,8.50,3.8636,true,1,90556
8686868600068,false,המותג אביזרי שיער,,,המותג אביזרי שיער,יחידה,0.00,יחידה,false,,8.90,0.0000,true,1,51517
8686868600075,false,המותג אביזרי שיער,,,המותג אביזרי שיער,יחידה,0.00,יחידה,false,,9.90,0.0000,true,1,51518
8686868600112,false,המותג אביזרי שיער,,,המותג אביזרי שיער,יחידה,0.00,יחידה,false,,13.90,0.0000,true,1,51522
8686868600129,false,סרט לשיער,,,סרט לשיער,יחידה,0.00,יחידה,false,,12.90,0.0000,true,1,51523
8686868600150,false,המותג אביזרי שיער,,,המותג אביזרי שיער,יחידה,0.00,יחידה,false,,17.90,0.0000,true,1,51526
8686868600204,false,המותג אביזרי שיער,,,המותג אביזרי שיער,יחידה,0.00,יחידה,false,,9.90,0.0000,true,1,52796
8686868600211,false,"מטריה לילדים 47 ס""מ",,,"מטריה לילדים 47 ס""מ",יחידה,0.00,יחידה,false,,19.90,0.0000,true,1,128246
8686868600235,false,המותג אביזרי שיער,,,המותג אביזרי שיער,יחידה,0.00,יחידה,false,,12.90,0.0000,true,1,52798
8686868600259,false,מטריה גדולה /כפולה,,,מטריה גדולה /כפולה,יחידה,0.00,יחידה,false,,29.90,0.0000,true,1,94641
8690504153740,false,טבלת שוקולד מריר עם,,,טבלת שוקולד מריר עם,גרמים,86.00,100 גרם,false,,13.90,16.1628,true,1,102786
8690504153849,false,טבלת שוקולד חלב קרם,,,טבלת שוקולד חלב קרם,גרמים,83.00,100 גרם,false,,13.90,16.7470,true,1,102787
8690504156543,false,שוקולד חלב מעולה ממו,,,שוקולד חלב מעולה ממו,גרמים,88.00,100 גרם,false,,13.90,15.7955,true,1,112446
8690572785928,false,סאיוס שמפו לשיער גלי,,,סאיוס שמפו לשיער גלי,מיליליטרים,600.00,"100 מ""ל",false,,12.90,2.1500,true,1,98046
8690572789490,false,גליס שמפו שיקום אולט,,,גליס שמפו שיקום אולט,מיליליטרים,525.00,"100 מ""ל",false,,10.00,1.9048,true,1,138188
8690572789513,false,גליס שמפו תמצית שמן,,,גליס שמפו תמצית שמן,מיליליטרים,525.00,"100 מ""ל",false,,10.00,1.9048,true,1,138189
8690572789551,false,גליס שמפו שיקום עמוק,,,גליס שמפו שיקום עמוק,מיליליטרים,525.00,"100 מ""ל",false,,10.00,1.9048,true,1,138190
8690637503856,false,הלמנס ממרח לחיץ 355,,,הלמנס ממרח לחיץ 355,גרמים,355.00,100 גרם,false,,16.90,4.7606,true,1,128372
8690637555084,false,בדין אקסטרא לבן 960מ,,,בדין אקסטרא לבן 960מ,מיליליטרים,960.00,"100 מ""ל",false,,18.90,1.9687,true,1,49349
8690637858734,false,סיף ג'ל אקונומיקה לי,,,סיף ג'ל אקונומיקה לי,מיליליטרים,750.00,"100 מ""ל",false,,13.90,1.8533,true,1,98640
8690637866753,false,בדין אקסטרא לבנדר 96,,,בדין אקסטרא לבנדר 96,מיליליטרים,960.00,"100 מ""ל",false,,18.90,1.9687,true,1,98060
8690637871245,false,הלמנס מיונז 395 גרם,,,הלמנס מיונז 395 גרם,גרמים,395.00,100 גרם,false,,15.90,4.0253,true,1,100129
8690637946301,false,בדין אקסטרא בייביי מ,,,בדין אקסטרא בייביי מ,מיליליטרים,960.00,"100 מ""ל",false,,18.90,1.9687,true,1,113018
8690637946318,false,בדין אקסטרא בייבי בנ,,,בדין אקסטרא בייבי בנ,מיליליטרים,960.00,"100 מ""ל",false,,18.90,1.9687,true,1,113019
8690637976995,false,בדין אקסטרא ורוד סחל,,,בדין אקסטרא ורוד סחל,מיליליטרים,960.00,"100 מ""ל",false,,18.90,1.9687,true,1,128166
8690637987441,false,בדין אקסטרא מרכך פרח,,,בדין אקסטרא מרכך פרח,מיליליטרים,960.00,"100 מ""ל",false,,18.90,1.9687,true,1,128719
8690766156367,false,שוקולד חלב מעולה 90,,,שוקולד חלב מעולה 90,גרמים,90.00,100 גרם,false,,14.90,16.5556,true,1,112447
8690766156374,false,שוקולד מריר מעולה  7,,,שוקולד מריר מעולה  7,גרמים,90.00,100 גרם,false,,14.90,16.5556,true,1,112448
8690766156381,false,שוקולד מריר מעולה 90,,,שוקולד מריר מעולה 90,גרמים,90.00,100 גרם,false,,14.90,16.5556,true,1,112449
8690766156398,false,שוקולד חלב עם שקדים,,,שוקולד חלב עם שקדים,גרמים,90.00,100 גרם,false,,14.90,16.5556,true,1,112450
8690766156411,false,שוקולד מריר מעולה  ב,,,שוקולד מריר מעולה  ב,גרמים,90.00,100 גרם,false,,14.90,16.5556,true,1,112452
8690770322598,false,"שמרים יבשים 125 ג""ר.",,,"שמרים יבשים 125 ג""ר.",גרמים,125.00,100 גרם,false,,4.90,3.9200,true,1,50564
8690777203012,false,פלפל ירוק כבוש לא חר,,,פלפל ירוק כבוש לא חר,גרמים,600.00,100 גרם,false,,13.90,2.3167,true,1,45759
8690777204071,false,פלפל חריף ויליפוד 64,,,פלפל חריף ויליפוד 64,גרמים,640.00,100 גרם,false,,13.90,2.1719,true,1,45760
8690777221405,false,פלפל אדום קלוי על הא,,,פלפל אדום קלוי על הא,גרמים,650.00,100 גרם,false,,13.90,2.1385,true,1,45762
8692440001086,false,כוסות לשתיה קרה טאץ',,,כוסות לשתיה קרה טאץ',יחידה,0.00,יחידה,false,,7.90,0.0000,true,1,74882
8693495052177,false,פלמוליב זיתים 750מל,,,פלמוליב זיתים 750מל,מיליליטרים,750.00,"100 מ""ל",false,,21.90,2.9200,true,1,95897
8697431460217,false,קונפיטורה 70% פרי תפ,,,קונפיטורה 70% פרי תפ,גרמים,450.00,100 גרם,false,,14.90,3.3111,true,1,33243
8697431460378,false,קונפיטורה 70% פרי -,קריות זול,,קונפיטורה 70% פרי -,גרמים,450.00,100 גרם,false,,14.90,3.3111,true,1,41663
8697431921701,false,קונפיטורה תות שדה פר,,,קונפיטורה תות שדה פר,גרמים,450.00,100 גרם,false,,14.90,3.3111,true,1,71584
8697431921718,false,קונפיטורה 70 % דובדב,,,קונפיטורה 70 % דובדב,גרמים,450.00,100 גרם,false,,14.90,3.3111,true,1,71690
8697431925143,false,קונפיטורה פירות יער,,,קונפיטורה פירות יער,גרמים,450.00,100 גרם,false,,14.90,3.3111,true,1,71786
8697530910750,false,פאל מאל כחול ארוך,,,פאל מאל כחול ארוך,יחידה,0.00,יחידה,false,,28.00,0.0000,false,1,49117
8697530910781,false,פאל מאל אדום האוס,גלוברנדס,,פאל מאל אדום האוס,יחידה,0.00,יחידה,false,,28.00,0.0000,false,1,49118
8699250035041,false,זית שחור טבעי יבש במ,,,זית שחור טבעי יבש במ,גרמים,700.00,100 גרם,false,,19.90,2.8429,true,1,97167
8710428005762,false,סימילאק איזומיל טף 4,,,סימילאק איזומיל טף 4,גרמים,400.00,100 גרם,false,,45.90,11.4750,true,1,67881
8710447224311,false,טרזמה מרכך בוטניק 40,,,טרזמה מרכך בוטניק 40,מיליליטרים,400.00,"100 מ""ל",false,,18.90,4.7250,true,1,100139
8710502064814,false,עוגיות שוקולד ציפס ר,,,עוגיות שוקולד ציפס ר,גרמים,175.00,100 גרם,false,,12.90,7.3714,true,1,74007
8710502139017,false,עוגיות טריפל שוקולד,,,עוגיות טריפל שוקולד,גרמים,180.00,100 גרם,false,,12.90,7.1667,true,1,47457
8710502194801,false,עוגיות שוקולד ציפס פ,,,עוגיות שוקולד ציפס פ,גרמים,175.00,100 גרם,false,,12.90,7.3714,true,1,89276
8710522584200,false,דאב תחליב רחצה ורדים,,,דאב תחליב רחצה ורדים,מיליליטרים,500.00,"100 מ""ל",false,,14.90,2.9800,true,1,139614
8710800027573,false,מיני מנטוס פירות שקי,,,מיני מנטוס פירות שקי,גרמים,178.00,100 גרם,false,,14.90,8.3708,true,1,32087
8710800961310,false,סוכריות מנטוס רביעיי,קריות זול,,סוכריות מנטוס רביעיי,גרמים,37.50,100 גרם,false,,12.90,34.4000,true,1,38333
8710847860829,false,רקסונה רול און כותנה,,,רקסונה רול און כותנה,מיליליטרים,50.00,"100 מ""ל",false,,14.90,29.8000,true,1,106567
8710847942693,false,טרזמה מרכך שמן המפ 4,,,טרזמה מרכך שמן המפ 4,מיליליטרים,400.00,"100 מ""ל",false,,18.90,4.7250,true,1,136586
8711000362570,false,קפסולות קפה לור פורז,,,קפסולות קפה לור פורז,יח',10.00,יח',false,,19.90,1.9900,true,1,98672
8711000362617,false,קפסולות קפה לור לונג,,,קפסולות קפה לור לונג,יח',10.00,יח',false,,19.90,1.9900,true,1,98673
8711000362747,false,קפסולות קפה לור ריסט,,,קפסולות קפה לור ריסט,יח',10.00,יח',false,,19.90,1.9900,true,1,98675
8711000371176,false,גקובס קפסולות קפה אס,,,גקובס קפסולות קפה אס,גרמים,52.00,100 גרם,false,,16.90,32.5000,true,1,99683
8711000371183,false,גקובס קפסולות קפה אס,,,גקובס קפסולות קפה אס,גרמים,52.00,100 גרם,false,,16.90,32.5000,true,1,99684
8711000371206,false,גקובס קפסולות קפה אס,,,גקובס קפסולות קפה אס,גרמים,52.00,100 גרם,false,,16.90,32.5000,true,1,99685
8711000371244,false,גקובס קפסולות קפה אס,,,גקובס קפסולות קפה אס,גרמים,52.00,100 גרם,false,,16.90,32.5000,true,1,107712
8711000471296,false,קפסולות אספרסו לור א,,,קפסולות אספרסו לור א,יחידה,0.00,יחידה,false,,19.90,0.0000,true,1,120552
8711000472040,false,ג'ייקובס קפסולות קפה,,,ג'ייקובס קפסולות קפה,גרמים,52.00,100 גרם,false,,16.90,32.5000,true,1,136690
8712000051099,false,בירה היינקן שישייה 0,קריות זול,,בירה היינקן שישייה 0,מיליליטרים,1980.00,"100 מ""ל",false,,34.90,1.7626,true,1,100683
8712561594240,false,דאב תחליב רחצה 500 מ,,,דאב תחליב רחצה 500 מ,מיליליטרים,500.00,"100 מ""ל",false,,14.90,2.9800,true,1,75321
8714599513781,false,גקובס קפה גולד 200 ג,קריות זול,,גקובס קפה גולד 200 ג,גרמים,200.00,100 גרם,false,,25.90,12.9500,true,1,97820
8714599513835,false,גקובס נטול קפאין מיו,,,גקובס נטול קפאין מיו,גרמים,200.00,100 גרם,false,,35.90,17.9500,true,1,77104
8714599513866,false,גקובס קפה קרונונג 20,,,גקובס קפה קרונונג 20,גרמים,200.00,100 גרם,false,,25.90,12.9500,true,1,75728
8714789218465,false,קולגייט 360 מברשת שי,קריות זול,,קולגייט 360 מברשת שי,יחידה,0.00,יחידה,false,,33.90,0.0000,true,1,47413
8714789582764,false,אגקס לניקוי חלונות 7,,,אגקס לניקוי חלונות 7,מיליליטרים,750.00,"100 מ""ל",false,,16.90,2.2533,true,1,72596
8714789699110,false,פלמוליב סבון מוצק חל,,,פלמוליב סבון מוצק חל,גרמים,360.00,100 גרם,false,,10.90,3.0278,true,1,138466
8715700110141,false,מיונז היינץ צנצנת 46,,,מיונז היינץ צנצנת 46,גרמים,460.00,100 גרם,false,,11.90,2.5870,true,1,94894
8715700110158,false,מיונז היינץ לייט צנצ,,,מיונז היינץ לייט צנצ,גרמים,490.00,100 גרם,false,,11.90,2.4286,true,1,94895
8715700115641,false,ממרח היינץ במרקם קרמ,,,ממרח היינץ במרקם קרמ,גרמים,420.00,100 גרם,false,,15.90,3.7857,true,1,140796
8715700117805,false,היינץ מתבל עגבניות ל,,,היינץ מתבל עגבניות ל,מיליליטרים,400.00,"100 מ""ל",false,,12.90,3.2250,true,1,138749
8715700419732,false,קטשופ היינץ 700גר,,,קטשופ היינץ 700גר,גרמים,700.00,100 גרם,false,,12.90,1.8429,true,1,71313
8715700423906,false,היינץ מתבל עגבניות 5,,,היינץ מתבל עגבניות 5,גרמים,555.00,100 גרם,false,,11.90,2.1441,true,1,96578
8717163647240,false,אקס ספריי גוף שוקולד,,,אקס ספריי גוף שוקולד,מיליליטרים,150.00,"100 מ""ל",false,,15.90,10.6000,true,1,100112
8717163655825,false,רקסונה ספריי כותנה 1,,,רקסונה ספריי כותנה 1,מיליליטרים,150.00,"100 מ""ל",false,,14.90,9.9333,true,1,106818
8717163714850,false,דאב ספריי קוקוס ויסמ,,,דאב ספריי קוקוס ויסמ,מיליליטרים,150.00,"100 מ""ל",false,,15.90,10.6000,true,1,102718
8717163842669,false,דאב תחליב רחצה חימר,,,דאב תחליב רחצה חימר,מיליליטרים,500.00,"100 מ""ל",false,,14.90,2.9800,true,1,113361
8717163842676,false,דאב תחליב רחצה חימר,,,דאב תחליב רחצה חימר,מיליליטרים,500.00,"100 מ""ל",false,,14.90,2.9800,true,1,113362
8718951076372,false,קולגייט הרבל משחת או,קריות זול,,קולגייט הרבל משחת או,מיליליטרים,100.00,"100 מ""ל",false,,12.90,12.9000,true,1,99108
8718951076402,false,קולגייט הרבל להלבנה,קריות זול,,קולגייט הרבל להלבנה,מיליליטרים,100.00,"100 מ""ל",false,,12.90,12.9000,true,1,98261
8718951079205,false,קולגייט משחת שיניים,,,קולגייט משחת שיניים,מיליליטרים,75.00,"100 מ""ל",false,,25.90,34.5333,true,1,95014
8718951159808,false,קולגייט מברשת שיניים,,,קולגייט מברשת שיניים,יחידה,0.00,יחידה,false,,29.90,0.0000,true,1,99600
8718951240742,false,קולגייט טוטל משחת שי,,,קולגייט טוטל משחת שי,מיליליטרים,100.00,"100 מ""ל",false,,14.90,14.9000,true,1,99485
8718951264618,false,קולגייט אופטיק וייט,,,קולגייט אופטיק וייט,מיליליטרים,75.00,"100 מ""ל",false,,19.90,26.5333,true,1,120037
8718951278851,false,קולגייט הלבנה פחם 10,,,קולגייט הלבנה פחם 10,מיליליטרים,100.00,"100 מ""ל",false,,14.90,14.9000,true,1,140499
8718951286733,false,קולגייט אופטיק וייט,,,קולגייט אופטיק וייט,מיליליטרים,75.00,"100 מ""ל",false,,19.90,26.5333,true,1,140909
8718951313576,false,קולגייט משחת שיניים,,,קולגייט משחת שיניים,מיליליטרים,100.00,"100 מ""ל",false,,10.00,10.0000,true,1,138180
8718951382640,false,פלמוליב סבון גוף חימ,,,פלמוליב סבון גוף חימ,מיליליטרים,750.00,"100 מ""ל",false,,18.90,2.5200,true,1,141430
8718951385290,false,אגקס לניקוי כללי ניח,קריות זול,,אגקס לניקוי כללי ניח,מיליליטרים,2000.00,"100 מ""ל",false,,24.90,1.2450,true,1,135016
8718951391314,false,אגקס טריגר אנטי בקטר,,,אגקס טריגר אנטי בקטר,מיליליטרים,500.00,"100 מ""ל",false,,15.90,3.1800,true,1,136261
8719200998001,false,בלו בנד בלי מלח 200ג,,,בלו בנד בלי מלח 200ג,גרמים,200.00,100 גרם,false,,4.90,2.4500,true,1,107187
8719200998018,false,בלו בנד טעם חמאה 200,,,בלו בנד טעם חמאה 200,גרמים,200.00,100 גרם,false,,4.90,2.4500,true,1,107188
8719200998049,false,מזולה בטעם טבעי 250ג,קריות זול,,מזולה בטעם טבעי 250ג,גרמים,250.00,100 גרם,false,,9.90,3.9600,true,1,107190
8719200998094,false,מזולה אפייה ללא מלח,,,מזולה אפייה ללא מלח,גרמים,200.00,100 גרם,false,,6.90,3.4500,true,1,107191
8719200998100,false,מזולה אפייה טעם חמאה,,,מזולה אפייה טעם חמאה,גרמים,200.00,100 גרם,false,,6.90,3.4500,true,1,107192
8720181201332,false,דאב סבון מוצק דאב גר,קריות זול,,דאב סבון מוצק דאב גר,גרמים,360.00,100 גרם,false,,18.90,5.2500,true,1,140741
8720182253156,false,דאב סבון מוצק דאב יר,,,דאב סבון מוצק דאב יר,גרמים,360.00,100 גרם,false,,18.90,5.2500,true,1,140740
8720182256850,false,דאב סבון מוצק דאב לב,קריות זול,,דאב סבון מוצק דאב לב,גרמים,360.00,100 גרם,false,,18.90,5.2500,true,1,140739
8723400756552,false,סוכריות מנטוס רביעיי,,,סוכריות מנטוס רביעיי,גרמים,37.50,100 גרם,false,,12.90,34.4000,true,1,65277
8801055707966,false,טסטרס צויס בריסטה 18,,,טסטרס צויס בריסטה 18,גרמים,180.00,100 גרם,false,,34.90,19.3889,true,1,76779
8801055709434,false,טסטרס צ'ויס קפה נמס,,,טסטרס צ'ויס קפה נמס,גרמים,100.00,100 גרם,false,,19.90,19.9000,true,1,137744
8801055709472,false,נסקפה קפוצ'ינו קלאסי,,,נסקפה קפוצ'ינו קלאסי,גרמים,125.00,100 גרם,false,,21.90,17.5200,true,1,139686
8801055709489,false,נסקפה קפוצינו אגוזים,,,נסקפה קפוצינו אגוזים,גרמים,180.00,100 גרם,false,,21.90,12.1667,true,1,139688
8801055709526,false,נסקפה קפוצ'ינו שוקול,,,נסקפה קפוצ'ינו שוקול,גרמים,185.00,100 גרם,false,,21.90,11.8378,true,1,139687
8809168840471,false,חטיף אצות מיובשות 4.,,,חטיף אצות מיובשות 4.,גרמים,40.00,100 גרם,false,,24.90,62.2500,true,1,135407
8850180040028,false,טמפורה 500גר,,,טמפורה 500גר,גרמים,500.00,100 גרם,false,,10.90,2.1800,true,1,71474
8850367990443,false,רוטב לסלט בסגנון אסי,,,רוטב לסלט בסגנון אסי,מיליליטרים,285.00,"100 מ""ל",false,,10.90,3.8246,true,1,73437
8850367992164,false,קרם קוקוס 20-22% 250,,,קרם קוקוס 20-22% 250,מיליליטרים,250.00,"100 מ""ל",false,,8.90,3.5600,true,1,89510
8850367994779,false,מחית קארי ירוקה 50 ג,,,מחית קארי ירוקה 50 ג,גרמים,50.00,100 גרם,false,,6.90,13.8000,true,1,138880
8850367994786,false,מחית קארי אדומה 50 ג,,,מחית קארי אדומה 50 ג,גרמים,50.00,100 גרם,false,,6.90,13.8000,true,1,138881
8850367994793,false,מחית קארי צהובה 50 ג,,,מחית קארי צהובה 50 ג,גרמים,50.00,100 גרם,false,,6.90,13.8000,true,1,138882
8850389105825,false,סאפה משקה אלוורה ענב,,,סאפה משקה אלוורה ענב,מיליליטרים,1000.00,"100 מ""ל",false,,15.90,1.5900,true,1,57067
8850389105832,false,סאפה משקה אלוורה תפו,,,סאפה משקה אלוורה תפו,מיליליטרים,1000.00,"100 מ""ל",false,,15.90,1.5900,true,1,57068
8850389105849,false,סאפה משקה אלוורה אפר,,,סאפה משקה אלוורה אפר,מיליליטרים,1000.00,"100 מ""ל",false,,15.90,1.5900,true,1,57069
8850632604259,false,חמצוצים מקלות בטעם ת,,,חמצוצים מקלות בטעם ת,גרמים,50.00,100 גרם,false,,4.90,9.8000,true,1,51255
8850632604266,false,חמצוצים מקלות בטעם ק,,,חמצוצים מקלות בטעם ק,גרמים,50.00,100 גרם,false,,4.90,9.8000,true,1,51256
8850632604402,false,חמצוצים שטיח בטעם מע,,,חמצוצים שטיח בטעם מע,גרמים,50.00,100 גרם,false,,4.90,9.8000,true,1,51261
8850632605201,false,חספוסים תות בננה תפו,,,חספוסים תות בננה תפו,גרמים,50.00,100 גרם,false,,4.90,9.8000,true,1,52181
8850632606390,false,חיספוסים בטעם אבטיח,,,חיספוסים בטעם אבטיח,גרמים,50.00,100 גרם,false,,4.90,9.8000,true,1,67782
8858271002887,false,רוטב טריאקי 250מל,,,רוטב טריאקי 250מל,מיליליטרים,250.00,"100 מ""ל",false,,12.90,5.1600,true,1,56712
8858271003020,false,רוטב סויה פורמולה מק,,,רוטב סויה פורמולה מק,מיליליטרים,700.00,"100 מ""ל",false,,16.50,2.3571,true,1,56713
8858271004034,false,רוטב צילי חריף  מקסצ,,,רוטב צילי חריף  מקסצ,מיליליטרים,700.00,"100 מ""ל",false,,16.50,2.3571,true,1,56722
8858271004126,false,רוטב חמוץ מתוק מקסצא,,,רוטב חמוץ מתוק מקסצא,מיליליטרים,700.00,"100 מ""ל",false,,16.50,2.3571,true,1,56724
8858271004799,false,רוטב צילי מתוק 700 מ,,,רוטב צילי מתוק 700 מ,מיליליטרים,700.00,"100 מ""ל",false,,12.90,1.8429,true,1,70880
8858271005451,false,רוטב סויה פורמולה מק,,,רוטב סויה פורמולה מק,מיליליטרים,250.00,"100 מ""ל",false,,11.90,4.7600,true,1,73435
8888111030053,false,מיץ אננס רביעיית 4*2,,,מיץ אננס רביעיית 4*2,מיליליטרים,960.00,"100 מ""ל",false,,16.90,1.7604,true,1,99855
8901138500306,false,משחת שיניים הימלאיה,,,משחת שיניים הימלאיה,גרמים,100.00,100 גרם,false,,19.90,19.9000,true,1,94574
8901314525055,false,מברשת שיניים קולגייט,,,מברשת שיניים קולגייט,יחידה,0.00,יחידה,false,,10.90,0.0000,true,1,141281
8901537024014,false,אורז בסמטי דאווט 1קג,,,אורז בסמטי דאווט 1קג,גרמים,1000.00,100 גרם,false,,13.90,1.3900,true,1,44837
8934878081811,false,"דפי אורז 22 ס""מ 400ג",,,"דפי אורז 22 ס""מ 400ג",גרמים,400.00,100 גרם,false,,14.90,3.7250,true,1,100532
9000101375268,false,ברף דקלס בניחוח יסמי,,,ברף דקלס בניחוח יסמי,יחידה,0.00,יחידה,false,,16.90,0.0000,true,1,141260
9000101375299,false,ברף דלקס בניחוח מגנו,,,ברף דלקס בניחוח מגנו,יחידה,0.00,יחידה,false,,16.90,0.0000,true,1,141259
9000101418163,false,סבון אסלה שלישייה-בר,,,סבון אסלה שלישייה-בר,יחידה,0.00,יחידה,false,,16.90,0.0000,true,1,139432
9000101509069,false,ברף בריליאנט ג'ל גשם,,,ברף בריליאנט ג'ל גשם,יחידה,0.00,יחידה,false,,16.90,0.0000,true,1,141261
9000101509151,false,ברף בריליאנט ג'ל אוק,,,ברף בריליאנט ג'ל אוק,יחידה,0.00,יחידה,false,,16.90,0.0000,true,1,141262
9000101520965,false,סבון אסלה שלישייה -ב,,,סבון אסלה שלישייה -ב,יחידה,0.00,יחידה,false,,16.90,0.0000,true,1,139433
9000101537550,false,פרסיל פאוור קאפס יונ,,,פרסיל פאוור קאפס יונ,יחידה,0.00,יחידה,false,,54.90,0.0000,true,1,139434
9000101537581,false,פרסיל פאוור קאפס לכב,,,פרסיל פאוור קאפס לכב,יחידה,0.00,יחידה,false,,54.90,0.0000,true,1,139436
9001395807015,false,בננית 300 ג,,,בננית 300 ג,גרמים,300.00,100 גרם,false,,10.90,3.6333,true,1,50610
9002859053801,false,אצבעות שוקולד סטיקס,,,אצבעות שוקולד סטיקס,גרמים,75.00,100 גרם,false,,9.90,13.2000,true,1,63081
9002859053849,false,אצבעות שוקולד סטיקס,,,אצבעות שוקולד סטיקס,גרמים,75.00,100 גרם,false,,9.90,13.2000,true,1,63083
9002859058172,false,בננה ציפוי שוקולד מר,,,בננה ציפוי שוקולד מר,גרמים,300.00,100 גרם,false,,14.90,4.9667,true,1,62576
9005835312626,false,טבליות למדיח כלים קל,,,טבליות למדיח כלים קל,יחידה,0.00,יחידה,false,,47.90,0.0000,true,1,120926
9005835312732,false,נוזל הברקה למדיח כלי,,,נוזל הברקה למדיח כלי,מיליליטרים,500.00,"100 מ""ל",false,,14.90,2.9800,true,1,120928
9005835312756,false,ניקוי יסודי למדיח כל,,,ניקוי יסודי למדיח כל,מיליליטרים,250.00,"100 מ""ל",false,,14.90,5.9600,true,1,120929
9005835313609,false,טבליות למדיח כלים קל,,,טבליות למדיח כלים קל,יחידה,0.00,יחידה,false,,10.00,0.0000,true,1,139162
9008700111546,false,הפי דיי נקטר דובדבן,,,הפי דיי נקטר דובדבן,מיליליטרים,1000.00,"100 מ""ל",false,,12.90,1.2900,true,1,89799
9044400826861,false,סוכריות פז מילוי בטע,,,סוכריות פז מילוי בטע,יחידה,0.00,יחידה,false,,9.90,0.0000,true,1,139736
9044400841000,false,סוכריות פז+3 מילויים,,,סוכריות פז+3 מילויים,גרמים,25.50,100 גרם,false,,10.90,42.7451,true,1,73315
9044400851672,false,סוכריות פז+3 מילויים,,,סוכריות פז+3 מילויים,גרמים,25.50,100 גרם,false,,12.90,50.5882,true,1,139527
9310072028750,false,עוגיות טים טם דאבל 2,,,עוגיות טים טם דאבל 2,גרמים,200.00,100 גרם,false,,20.90,10.4500,true,1,76038
9322969000022,false,פריכיות תירס עם סויה,,,פריכיות תירס עם סויה,גרמים,150.00,100 גרם,false,,14.90,9.9333,true,1,51398
9322969000046,false,פריכיות תירס אורגניו,,,פריכיות תירס אורגניו,גרמים,150.00,100 גרם,false,,14.90,9.9333,true,1,51399
9720188050109,false,טופוטי ממרח טופו בטע,,,טופוטי ממרח טופו בטע,גרמים,227.00,100 גרם,false,,21.90,9.6476,true,1,31245
9720188060108,false,טופוטי ממרח טופו בטע,,,טופוטי ממרח טופו בטע,גרמים,340.00,100 גרם,false,,21.90,6.4412,true,1,31248
9771565051066,false,ידיעות שבת,,,ידיעות שבת,יחידה,0.00,יחידה,false,,11.90,0.0000,true,1,49101
