code,internal_code,name,manufacturer_name,manufacture_country,manufacturer_item_description,unit_qty,quantity,unit_of_measure,weighted,qty_in_package,price,unit_of_measure_price,allow_discount,status,item_id
220,false,אפרסק,,,אפרסק,Unknown,0.00,"ק""ג",true,0,19.90,19.90,true,1,
300,false,פיתה פרינה,,,פיתה ש.י.שאשא,Unknown,0.00,Unknown,false,1,1.70,1.70,true,1,
602,false,בצל יבש,,,בצל יבש,Unknown,0.00,"ק""ג",true,0,7.90,7.90,true,1,
619,false,פלפל אדום,,,פלפל אדום,Unknown,0.00,"ק""ג",true,0,14.90,14.90,true,1,
657,false,שזיף ירוק/לבן,,,שזיף ירוק/לבן,Unknown,0.00,"ק""ג",true,0,39.90,39.90,true,1,
678,false,ברוקולי,,,ברוקולי,Unknown,0.00,Unknown,false,1,14.90,14.90,true,1,
5942,false,"תפו""ע קריספי",,,"תפו""ע קריספי",Unknown,0.00,"ק""ג",true,0,21.90,21.90,true,1,
46020,false,גבינה צהובה גלבוע 22% במשקל תנובה,,,גבינה צהובה גלבוע-במ,Unknown,0.00,"ק""ג",true,0,42.58,42.58,true,1,
53219,false,גבינה חריץ טל העמק 32% במשקל,,,גבינה טל העמק 32%,Unknown,0.00,"ק""ג",true,0,67.00,67.00,true,1,
304050,false,מסיכה כירורגית 1 יחידה,,,מסיכה כירורגית 1 יחי,Unknown,0.00,Unknown,false,1,0.50,0.50,true,1,
363486,false,נקניק תה טירת צבי במשקל,,,נקניק תה טירת צבי,Unknown,0.00,"ק""ג",true,0,60.00,60.00,true,1,
554792,false,בולגרית מעודנת 5% במשקל,,,בולגרית מעודנת 5%,Unknown,0.00,"ק""ג",true,0,64.00,64.00,true,1,
554815,false,מוצרלה טבעית במשקל,,,מוצרלה טבעית במשקל,Unknown,0.00,"ק""ג",true,0,95.00,95.00,true,1,
554969,false,גבינת שמנת 30% טבעי,,,גבינת שמנת 30% טבעי,Unknown,0.00,"ק""ג",true,0,45.00,45.00,true,1,
843582,false,אנונה,,,אנונה,Unknown,0.00,"ק""ג",true,0,49.90,49.90,true,1,
1356234,false,מקרל מעושן בוואקום,,,מקרל מעושן בוואקום,Unknown,0.00,"ק""ג",true,0,97.00,97.00,true,1,
1356425,false,פילה מטיאס במשקל,,,פילה מטיאס במשקל,Unknown,0.00,"ק""ג",true,0,64.00,64.00,true,1,
1356630,false,פילה  הרינג כבוש במשקל,,,פילה  הרינג כבוש במש,Unknown,0.00,"ק""ג",true,0,64.00,64.00,true,1,
2073932,false,פסטרמה רוסט ריב עגל,,,פסטרמה רוסט ריב עגל,Unknown,0.00,"ק""ג",true,0,119.00,119.00,true,1,
2616474,false,סלמון טראוט מעושן,,,סלמון טראוט מעושן,Unknown,0.00,"ק""ג",true,0,198.00,198.00,true,1,
2617488,false,גבינת צדר אנגלית מיושנת במשקל,,,גבינת צדר אנגלית,Unknown,0.00,"ק""ג",true,0,126.00,126.00,true,1,
2617495,false,גבינת צדר אנגלית עם וויסקי במשקל,,,גבינת צדר אנגלית,Unknown,0.00,"ק""ג",true,0,168.00,168.00,true,1,
3345731,false,כרעיים ללא עור ושומן,,,כרעיים ללא עור ושומן,Unknown,0.00,"ק""ג",true,0,29.90,29.90,true,1,
3800001,false,כנפיים טרי לוקס,,,כנפיים טרי לוקס,Unknown,0.00,"ק""ג",true,0,21.90,21.90,true,1,
4050191,false,נקניק סלמי הונגרי,,,נקניק סלמי הונגרי,Unknown,0.00,"ק""ג",true,0,180.00,180.00,true,1,
4050283,false,פפרוני עגל במשקל,,,פפרוני עגל במשקל,Unknown,0.00,"ק""ג",true,0,175.00,175.00,true,1,
4050443,false,בייקון במשקל,,,בייקון במשקל,Unknown,0.00,"ק""ג",true,0,210.00,210.00,true,1,
4050597,false,פרושוטו,,,פרושוטו,Unknown,0.00,"ק""ג",true,0,320.00,320.00,true,1,
4050801,false,לשון בקר איטלקי,,,לשון בקר איטלקי,Unknown,0.00,"ק""ג",true,0,140.00,140.00,true,1,
4050894,false,נקניק סלמי כפרי,,,נקניק סלמי כפרי,Unknown,0.00,"ק""ג",true,0,182.00,182.00,true,1,
4051006,false,קישקע ארוז קפוא מזרע,,,קישקע קפוא מזרע,Unknown,0.00,"ק""ג",true,0,46.90,46.90,true,1,
4051082,false,קורנביף במשקל,,,קורנביף במשקל,Unknown,0.00,"ק""ג",true,0,125.00,125.00,true,1,
4051112,false,חזה הודו מעושן במשקל,,,חזה הודו מעושן במשקל,Unknown,0.00,"ק""ג",true,0,85.00,85.00,true,1,
4051174,false,סרוולט אוסטרי במשקל,,,סרוולט אוסטרי,Unknown,0.00,"ק""ג",true,0,180.00,180.00,true,1,
4051204,false,פסטרמה הודו עם אווז,,,פסטרמה הודו עם אווז,Unknown,0.00,"ק""ג",true,0,140.00,140.00,true,1,
4051464,false,נקניק סלמי מילאנו,,,נקניק סלמי מילאנו,Unknown,0.00,"ק""ג",true,0,160.00,160.00,true,1,
4051563,false,נקניק סלמי צרפתי,,,נקניק סלמי צרפתי,Unknown,0.00,"ק""ג",true,0,180.00,180.00,true,1,
4051785,false,מורטדלה איטלקית,,,מורטדלה איטלקית,Unknown,0.00,"ק""ג",true,0,75.00,75.00,true,1,
4052119,false,חטיפי קבנוס רו,,,חטיפי קבנוס רו,Unknown,0.00,"ק""ג",true,0,185.00,185.00,true,1,
4052188,false,חזה הודו מעושן בגריל במשקל,,,חזה הודו מעושן בגריל,Unknown,0.00,"ק""ג",true,0,85.00,85.00,true,1,
4052386,false,פסטרמה אסאדו לבן במשקל,,,פסטרמה אסאדו לבן במש,Unknown,0.00,"ק""ג",true,0,150.00,150.00,true,1,
4052423,false,ברזאולה,,,ברזאולה,Unknown,0.00,"ק""ג",true,0,300.00,300.00,true,1,
4052652,false,רו בייקון במשקל,,,רו בייקון במשקל,Unknown,0.00,"ק""ג",true,0,270.00,270.00,true,1,
4052799,false,פסטרמה לבנה,,,פסטרמה לבנה,Unknown,0.00,"ק""ג",true,0,125.00,125.00,true,1,
4052973,false,רוסטביף ללא חומר משמר במשקל,,,רוסטביף,Unknown,0.00,"ק""ג",true,0,205.00,205.00,true,1,
4053000,false,נקניק רו סרוולט,,,נקניק רו סרוולט,Unknown,0.00,"ק""ג",true,0,175.00,175.00,true,1,
4053017,false,נקניק סלמי הרץ מזרע,,,נקניק סלמי הרץ מזרע,Unknown,0.00,"ק""ג",true,0,160.00,160.00,true,1,
4053024,false,נקניק פפרוני,,,נקניק פפרוני,Unknown,0.00,"ק""ג",true,0,175.00,175.00,true,1,
4053710,false,פסטרמה חזה הודו מקסיקני,,,פסטרמה חזה הודו,Unknown,0.00,"ק""ג",true,0,85.00,85.00,true,1,
4053918,false,כתף בקר מעושנת במשקל,,,כתף בקר מעושנת במשקל,Unknown,0.00,"ק""ג",true,0,130.00,130.00,true,1,
4054014,false,שינקן מעושן במשקל,,,שינקן מעושן במשקל,Unknown,0.00,"ק""ג",true,0,135.00,135.00,true,1,
4054021,false,שינקן פולני פולני חצי במשקל,,,שינקן פולני במשקל,Unknown,0.00,"ק""ג",true,0,125.00,125.00,true,1,
4054397,false,פרושוטו רוסי,,,פרושוטו רוסי,Unknown,0.00,"ק""ג",true,0,225.00,225.00,true,1,
4054427,false,שוק חזירון בלי עצם,,,פסטרמה שוק חזירון,Unknown,0.00,"ק""ג",true,0,115.00,115.00,true,1,
4054953,false,סרוולט איטלקי,,,סרוולט איטלקי,Unknown,0.00,"ק""ג",true,0,120.00,120.00,true,1,
4055479,false,פסטרמה בקר בפלפל,,,פסטרמה בקר בפלפל,Unknown,0.00,"ק""ג",true,0,130.00,130.00,true,1,
4055608,false,פריזר איטלקי,,,פריזר איטלקי,Unknown,0.00,"ק""ג",true,0,65.00,65.00,true,1,
4412128,false,קובו,,,קובו,Unknown,0.00,"ק""ג",true,0,49.90,49.90,true,1,
4412135,false,לוף,,,לוף,Unknown,0.00,"ק""ג",true,0,19.90,19.90,true,1,
4412166,false,אשכולית אדומה,,,אשכולית אדומה,Unknown,0.00,"ק""ג",true,0,9.90,9.90,true,1,
4412227,false,"תפו""א אדום",,,תפוא אדום,Unknown,0.00,"ק""ג",true,0,6.90,6.90,true,1,
4412234,false,מלון שרנטל,,,מלון שרנטל,Unknown,0.00,"ק""ג",true,0,7.90,7.90,true,1,
4412241,false,סברס,,,סברס,Unknown,0.00,"ק""ג",true,0,39.90,39.90,true,1,
4412289,false,תפוזינה,,,תפוזינה,Unknown,0.00,"ק""ג",true,0,9.90,9.90,true,1,
4412319,false,בטטה,,,בטטה,Unknown,0.00,"ק""ג",true,0,13.90,13.90,true,1,
4412340,false,קלמנטינה,,,קלמנטינה,Unknown,0.00,"ק""ג",true,0,12.90,12.90,true,1,
4412357,false,רימון,,,רימון,Unknown,0.00,"ק""ג",true,0,12.90,12.90,true,1,
4412388,false,שומר,,,שומר,Unknown,0.00,"ק""ג",true,0,9.90,9.90,true,1,
4412395,false,תפוז ברשת,,,תפוז ברשת,Unknown,0.00,"ק""ג",true,0,12.90,12.90,true,1,
4412418,false,קיווי,,,קיווי,Unknown,0.00,"ק""ג",true,0,29.90,29.90,true,1,
4412432,false,תפוזים,,,תפוזים,Unknown,0.00,"ק""ג",true,0,10.90,10.90,true,1,
4412456,false,"תפו""ע חרמון",,,תפוע חרמון,Unknown,0.00,"ק""ג",true,0,14.90,14.90,true,1,
4412463,false,"תפו""ע מוזהב",,,תפוע מוזהב,Unknown,0.00,"ק""ג",true,0,12.90,12.90,true,1,
4412470,false,"תפו""ע סמיט",,,תפוע סמיט,Unknown,0.00,"ק""ג",true,0,14.90,14.90,true,1,
4412487,false,שזיף אדום,,,שזיף אדום,Unknown,0.00,"ק""ג",true,0,23.90,23.90,true,1,
4412500,false,בצל אדום,,,בצל אדום,Unknown,0.00,"ק""ג",true,0,6.90,6.90,true,1,
4412524,false,פומלית,,,פומלית,Unknown,0.00,"ק""ג",true,0,9.90,9.90,true,1,
4412531,false,ענבים ירוקים,,,ענבים ירוקים,Unknown,0.00,"ק""ג",true,0,28.90,28.90,true,1,
4412548,false,ענבים שחורים,,,ענבים שחורים,Unknown,0.00,"ק""ג",true,0,29.90,29.90,true,1,
4412579,false,מנגו,,,מנגו,Unknown,0.00,"ק""ג",true,0,19.90,19.90,true,1,
4412586,false,לימון,,,לימון,Unknown,0.00,"ק""ג",true,0,12.90,12.90,true,1,
4412616,false,בננות,,,בננות,Unknown,0.00,"ק""ג",true,0,11.90,11.90,true,1,
4412623,false,אגסים,,,אגסים,Unknown,0.00,"ק""ג",true,0,17.90,17.90,true,1,
4412630,false,אשכוליות,,,אשכוליות,Unknown,0.00,"ק""ג",true,0,9.90,9.90,true,1,
4412647,false,אבוקדו,,,אבוקדו,Unknown,0.00,"ק""ג",true,0,22.90,22.90,true,1,
4412654,false,אפרסמון,,,אפרסמון,Unknown,0.00,"ק""ג",true,0,24.90,24.90,true,1,
4412678,false,"תפו""א לבן",,,תפוא לבן,Unknown,0.00,"ק""ג",true,0,5.90,5.90,true,1,
4412685,false,פומלה,,,פומלה,Unknown,0.00,"ק""ג",true,0,14.90,14.90,true,1,
4412708,false,קולרבי,,,קולורבי,Unknown,0.00,"ק""ג",true,0,11.90,11.90,true,1,
4412715,false,קשואים,,,קישואים,Unknown,0.00,"ק""ג",true,0,11.90,11.90,true,1,
4412722,false,פרסה,,,פרסה,Unknown,0.00,"ק""ג",true,0,19.90,19.90,true,1,
4412746,false,פלפל חריף,,,פלפל חריף,Unknown,0.00,"ק""ג",true,0,14.90,14.90,true,1,
4412777,false,פלפל צהוב,,,פלפל צהוב,Unknown,0.00,"ק""ג",true,0,14.90,14.90,true,1,
4412784,false,עגבניות,,,עגבניות,Unknown,0.00,"ק""ג",true,0,11.90,11.90,true,1,
4412791,false,סלק,,,סלק,Unknown,0.00,"ק""ג",true,0,7.90,7.90,true,1,
4412807,false,מלון,,,מלון,Unknown,0.00,"ק""ג",true,0,10.90,10.90,true,1,
4412814,false,מלפפונים,,,מלפפונים,Unknown,0.00,"ק""ג",true,0,11.90,11.90,true,1,
4412838,false,כרובית,,,כרובית,Unknown,0.00,"ק""ג",true,0,13.90,13.90,true,1,
4412852,false,כרוב לבן,,,כרוב לבן,Unknown,0.00,"ק""ג",true,0,5.90,5.90,true,1,
4412869,false,חצילים,,,חצילים,Unknown,0.00,"ק""ג",true,0,9.90,9.90,true,1,
4412876,false,דלעת,,,דלעת,Unknown,0.00,"ק""ג",true,0,8.90,8.90,true,1,
4412883,false,גזר,,,גזר,Unknown,0.00,"ק""ג",true,0,6.90,6.90,true,1,
4412906,false,אבטיח,,,אבטיח,Unknown,0.00,"ק""ג",true,0,7.90,7.90,true,1,
4412920,false,מלפפון ארוז,,,מלפפון בייבי ארוז,Unknown,0.00,Unknown,false,0,14.90,14.90,true,1,
4467180,false,שניצל עוף דק דק שירות עצמי,,,שניצל עוף דק דק,Unknown,0.00,"ק""ג",true,0,49.90,49.90,true,1,
4530044,false,אמנטל צרפתי במשקל,,,אמנטל צרפתי במשקל,Unknown,0.00,"ק""ג",true,0,120.00,120.00,true,1,
4535209,false,סטייק צוואר פרוס טרי,,,סטייק צוואר פרוס טרי,Unknown,0.00,"ק""ג",true,0,94.90,94.90,true,1,
4535490,false,סטייק צלע לבן פרוס טרי,,,סטייק צלע לבן פרוס ט,Unknown,0.00,"ק""ג",true,0,86.90,86.90,true,1,
4725600,false,גבינה צהובה סקנדינבית 31% במשקל,,,גבינה צהובה סקנדינבי,Unknown,0.00,"ק""ג",true,0,78.00,78.00,true,1,
5678400,false,ענבים ראד גלוב חרצנים,,,ענבים ראד גלוב חרצני,Unknown,0.00,"ק""ג",true,0,39.90,39.90,true,1,
5697166,false,קממבר עיזים במשקל גלילי,,,קממבר עיזים גלילי,Unknown,0.00,"ק""ג",true,0,179.00,179.00,true,1,
5697173,false,ברי עיזים במשקל גלילי,,,ברי עיזים במשקל,Unknown,0.00,"ק""ג",true,0,179.00,179.00,true,1,
5697203,false,קממבר כמהין במשקל,,,קממבר כמהין במשקל,Unknown,0.00,"ק""ג",true,0,216.00,216.00,true,1,
5697210,false,גבינת סנט מור במשקל גלילי,,,גבינת סנט מור במשקל,Unknown,0.00,"ק""ג",true,0,205.00,205.00,true,1,
5697241,false,גבינת קממבר בקר במשקל גלילי,,,גבינת קממבר בקר,Unknown,0.00,"ק""ג",true,0,136.00,136.00,true,1,
5697296,false,תום עיזים בורדו מנות שקיל,,,תום עיזים בורדו מנות,Unknown,0.00,"ק""ג",true,0,249.00,249.00,true,1,
5697340,false,ברי עיזים מנות שקיל,,,ברי עיזים מנות שקיל,Unknown,0.00,"ק""ג",true,0,198.00,198.00,true,1,
5697371,false,קממבר כמהין מנות שקיל גלילי,,,קממבר כמהין גלילי,Unknown,0.00,"ק""ג",true,0,221.00,221.00,true,1,
5697388,false,קממבר גלילי מנות שקיל,,,קממבר גלילי מנות שקי,Unknown,0.00,"ק""ג",true,0,155.00,155.00,true,1,
5697395,false,ברי גלילי מנות במשקל,,,ברי גלילי מנות במשקל,Unknown,0.00,"ק""ג",true,0,159.00,159.00,true,1,
5992858,false,פטה 5% מעודנת במשקל,,,פטה 5% מעודנת במשקל,Unknown,0.00,"ק""ג",true,0,134.00,134.00,true,1,
5992872,false,צפתית במים 5% במשקל,,,צפתית 5% במשקל,Unknown,0.00,"ק""ג",true,0,71.00,71.00,true,1,
5992889,false,גבינת שמנת 30% שמיר,,,גבינת שמנת 30% שמיר,קילוגרמים,0.00,"ק""ג",true,0,52.00,52.00,true,1,
5992964,false,פטה כבשים מסורתי במשקל,,,פטה כבשים מסורתי,Unknown,0.00,"ק""ג",true,0,145.00,145.00,true,1,
6188663,false,חזה הודו ברביקיו דל שומן מזרע,,,חזה הודו דל שומן,Unknown,0.00,"ק""ג",true,0,85.00,85.00,true,1,
6188717,false,חזה הודו רומני דל שומן מזרע,,,חזה הודו רומני דל.ש,Unknown,0.00,"ק""ג",true,0,90.00,90.00,true,1,
6191915,false,גבינה מגורדת,,,גבינה מגורדת,Unknown,0.00,"ק""ג",true,0,57.00,57.00,true,1,
6520395,false,בשר עוף טרי טחון,,,בשר עוף טרי טחון,Unknown,0.00,"ק""ג",true,0,37.90,37.90,true,1,
6843944,false,עוף שלם טרי,,,עוף שלם טרי,Unknown,0.00,"ק""ג",true,0,18.90,18.90,true,1,
6843951,false,גרון/גב/עצמות עוף טרי,,,גרון/גב/עצמות עוף טר,Unknown,0.00,"ק""ג",true,0,6.90,6.90,true,1,
8286947,false,"פילה סלמון  מנות ע""ע",,NO,"פילה סלמון  מנות ע""ע",Unknown,0.00,"ק""ג",true,0,89.90,89.90,true,1,
8433686,false,נקניקיות מרגז קפוא ארוז,,,נקניקיות מרגז קפואות,Unknown,0.00,"ק""ג",true,0,69.90,69.90,true,1,
8434683,false,צדר אדום גרמני במשקל,,,צדר אדום גרמני במשקל,Unknown,0.00,"ק""ג",true,0,90.00,90.00,true,1,
8434799,false,צדר לבן גרמני במשקל,,,צדר לבן גרמני במשקל,Unknown,0.00,"ק""ג",true,0,100.00,100.00,true,1,
8439510,false,פסטרמה הודו בדבש מזרע,,,פסטרמה הודו בדבש,Unknown,0.00,"ק""ג",true,0,75.00,75.00,true,1,
8439541,false,פסטרמה הודו על האש,,,פסטרמה הודו על האש,Unknown,0.00,"ק""ג",true,0,75.00,75.00,true,1,
8439589,false,פסטרמה הודו פרפר בשום,,,פסטרמה הודו פרפר בשו,Unknown,0.00,"ק""ג",true,0,75.00,75.00,true,1,
8439756,false,פסטרמה הודו פלפל מזרע,,,פסטרמה הודו פלפל,Unknown,0.00,"ק""ג",true,0,75.00,75.00,true,1,
8439787,false,פסטרמה לבנה רומנית מזרע,,,פסטרמה לבנה רומנית,Unknown,0.00,"ק""ג",true,0,125.00,125.00,true,1,
8442350,false,גבינה מעושנת SNACKS במשקל,,,SNACKS גבינה אנלוגי,Unknown,0.00,"ק""ג",true,0,130.00,130.00,true,1,
8498234,false,גבינת עיזים מאוריסיו שקיל,,,גבינת עיזים מאוריסיו,Unknown,0.00,"ק""ג",true,0,208.90,208.90,true,1,
8498746,false,ברי צרפתי במשקל,,,ברי צרפתי במשקל,Unknown,0.00,"ק""ג",true,0,147.00,147.00,true,1,
8498753,false,גבינת בושה עיזים במשקל,,,גבינת בושה עיזים במש,Unknown,0.00,"ק""ג",true,0,185.00,185.00,true,1,
8498838,false,גאודה עיזים מיושנת במשקל,,,גאודה עיזים מיושנת ב,Unknown,0.00,"ק""ג",true,0,204.00,204.00,true,1,
8498845,false,גאודה עיזים 14% במשקל,,,גאודה עיזים 14% במשק,Unknown,0.00,"ק""ג",true,0,190.00,190.00,true,1,
8498906,false,גאודה פטריות כמהין הולנד,,,גאודה פטריות כמהין ה,Unknown,0.00,"ק""ג",true,0,289.00,289.00,true,1,
8618007,false,פילה סלמון פרוס טרי סקין,,IL,פילה סלמון פרוס טרי,Unknown,0.00,"ק""ג",true,0,119.90,119.90,true,1,
8618038,false,פילה לברק טרי סקין,,IL,פילה לברק טרי,Unknown,0.00,"ק""ג",true,0,154.90,154.90,true,1,
8713438,false,גאודה מיושנת גלגל במשקל D DAIRY,,,גאודה הולנדית מיושנת,Unknown,0.00,"ק""ג",true,0,136.00,136.00,true,1,
8776066,false,סטייק סינטה עגל,,,סטייק סינטה עגל,Unknown,0.00,"ק""ג",true,0,114.90,114.90,true,1,
8776127,false,אוסובוקו עגל טרי,,,אוסובוקו עגל טרי,Unknown,0.00,"ק""ג",true,0,49.90,49.90,true,1,
8776820,false,קוביות שריר לקדירה טרי,,,קוביות שריר לקדירה,Unknown,0.00,"ק""ג",true,0,59.90,59.90,true,1,
9441017,false,עגבניות שרי,,,עגבניות שרי,Unknown,0.00,"ק""ג",true,0,29.90,29.90,true,1,
9441024,false,עגבניות תמר,,,עגבניות שרי,Unknown,0.00,"ק""ג",true,0,29.90,29.90,true,1,
11549475,false,לחמניה שמרים,,,לחמניה שמרים,גרמים,180.00,100 גרם,false,1,3.90,2.17,true,1,
40052526,false,קיט קט שלישייה  41.5 גרם,,,קיט קט שלישייה  41.5,גרמים,42.00,100 גרם,false,1,7.90,18.81,true,1,
40111216,false,חטיף באונטי 57 גרם,,,חטיף באונטי 57 גרם,גרמים,57.00,100 גרם,false,1,4.90,8.60,true,1,
40144016,false,סוכריות חמאה וורטר אורגינל גליל בודד 50,,,סוכריות חמאה וורטר א,גרמים,50.00,100 גרם,false,1,5.70,11.40,true,1,
40144061,false,קנופרס חטיף וופל 25 גרם 24 יח,,DE,קנופרס חטיף וופל 25,גרמים,25.00,100 גרם,false,1,3.90,15.60,true,1,
40786179,false,בירה לוונבראו פחית 500 מל,,,בירה לוונבראו פחית 5,מיליליטרים,500.00,"100 מ""ל",false,1,12.90,2.58,true,1,
41001356,false,"בירה בקס פחית 500 מ""ל",,,"בירה בקס פחית 500 מ""",מיליליטרים,500.00,"100 מ""ל",false,1,12.90,2.58,true,1,
42101666,false,איירוייבז מנטה ואקליפטוס בקופסה 25 יח HP,,,איירוייבז מנטה ואקלי,Unknown,0.00,Unknown,false,1,7.90,7.90,true,1,
42138129,false,ווינסטון סופר סלימס נטוראל חפיסה,,,ווינסטון סופר סלימס,Unknown,0.00,Unknown,false,1,33.00,33.00,true,1,
42149996,false,בירה בקס בקבוק 275 מל,,,בירה בקס בקבוק 275 מ,מיליליטרים,275.00,"100 מ""ל",false,1,6.50,2.36,true,1,
42154662,false,אורביט באריזת מעטפה ספירמינט מסטיק,,,אורביט באריזת מעטפה,Unknown,0.00,Unknown,false,1,7.90,7.90,true,1,
42188889,false,אורביט פייב אבטיח 12 סטיקס 29 גר,,,אורביט פייב אבטיח 12,Unknown,0.00,Unknown,false,1,7.50,7.50,true,1,
42306788,false,איירוייבז אוכמניות ומנטה בקופסה 25 יח HP,,,איירוייבז אוכמניות ו,Unknown,0.00,Unknown,false,1,7.90,7.90,true,1,
52070082,false,פאל מאל ס.ס.ויולט חפיסה,,,פאל מאל ס.ס.ויולט חפ,Unknown,0.00,Unknown,false,1,30.00,30.00,true,1,
54079021,false,"בירה סן ברנרדוס אבט  330 מ""ל בקבוק",,,בירה סן ברנרדוס אבט,מיליליטרים,330.00,"100 מ""ל",false,1,14.90,4.52,true,1,
59039549,false,ווג פריזון מנטול חפיסה,,,ווג פריזון מנטול חפי,Unknown,0.00,Unknown,false,1,38.00,38.00,true,1,
59068907,false,פאל מאל כחול דמי סלימס חפיסה,,,פאל מאל כחול דמי סלי,Unknown,0.00,Unknown,false,1,26.00,26.00,true,1,
59068914,false,פאל מאל סילבר דמי סלימס חפיסה,,,פאל מאל סילבר דמי סל,Unknown,0.00,Unknown,false,1,26.00,26.00,true,1,
59455233,false,ווג סופרסלימס כחול,,,ווג סופרסלימס כחול,יחידה,1.00,יחידה,false,1,38.00,38.00,true,1,
59455240,false,ווג סופרסלימס לילך חפיסה,,,ווג סופרסלימס לילך,יחידה,1.00,יחידה,false,1,38.00,38.00,true,1,
72940761,false,מילקי שוקולד 130 גרם,,,מילקי שוקולד 130 גרם,גרמים,130.00,100 גרם,false,1,2.90,2.23,true,1,
72986370,false,"בן אנד גריס גלידת וניל 500 מ""ל",,,בן אנד גריס גלידת ונ,מיליליטרים,500.00,"100 מ""ל",false,1,25.90,5.18,true,1,
72986424,false,"בן אנד גריס גלידת קרם עוגיות 500 מ""ל",,,בן אנד גריס גלידת קר,מיליליטרים,500.00,"100 מ""ל",false,1,25.90,5.18,true,1,
72986448,false,"בן אנד גריס גלידת טופי קראנץ 500 מ""ל",,,בן אנד גריס גלידת טו,מיליליטרים,800.00,"100 מ""ל",false,1,25.90,3.24,true,1,
72986455,false,"בן אנד גריס גלידת ניו יורק סופר 500 מ""ל",,,בן אנד גריס גלידת ני,מיליליטרים,500.00,"100 מ""ל",false,1,25.90,5.18,true,1,
72986479,false,"בן אנד גריס גלידת צאקי מנקי 500 מ""ל",,,בן אנד גריס גלידת צא,מיליליטרים,500.00,"100 מ""ל",false,1,25.90,5.18,true,1,
72991886,false,"בן אנד גריס גלידת דולצה 500 מ""ל",,,בן אנד גריס 500,מיליליטרים,500.00,"100 מ""ל",false,1,25.90,5.18,true,1,
72994061,false,פסק זמן טו גוד 36 גר,,,פסק זמן טו גוד 36 גר,גרמים,36.00,100 גרם,false,1,5.90,16.39,true,1,
76136184,false,פאל מאל סופרסלימס כחול,,,פאל מאל סופרסלימס כח,Unknown,0.00,Unknown,false,1,30.00,30.00,true,1,
80001027,false,חטיף טורטינה חלב 21 גר,,,חטיף טורטינה חלב 21,גרמים,21.00,100 גרם,false,1,4.50,21.43,true,1,
80001287,false,חטיף גרדנה 38 גרם,,,חטיף גרדנה 38 גרם,גרמים,38.00,100 גרם,false,1,4.70,12.37,true,1,
80001461,false,חטיף גרדנה מצופה 38 גר,,,חטיף גרדנה מצופה 38,גרמים,38.00,100 גרם,false,1,4.70,12.37,true,1,
80042556,false,POLPA עגבניות חתוכות דק 400 גרם MUTTI,,,POLPA עגבניות חתוכות,גרמים,400.00,100 גרם,false,1,7.20,1.80,true,1,
80042563,false,מחית עגבניות קלה 700 גרם,,IT,מחית עגבניות קלה 700,גרמים,700.00,100 גרם,false,1,12.90,1.84,true,1,
80177616,false,טבלת שוקולד קינדר 100 גרם,,,טבלת שוקולד קינדר 10,גרמים,100.00,100 גרם,false,1,9.20,9.20,true,1,
80525424,false,Agnesi רוטב עגבניות אראביאטה 400 גר,,IT,Agnesi רוטב עגבניות,גרמים,400.00,100 גרם,false,0,15.60,3.90,true,1,
80704256,false,"שמן פטריות כמהין 60 מ""ל",,,שמן פטריות כמהין 60,מיליליטרים,60.00,"100 מ""ל",false,1,54.90,91.50,true,1,
80757009,false,פילה טונה 200 גר,,,פילה טונה 200 גר,גרמים,200.00,100 גרם,false,1,39.90,19.95,true,1,
80759737,false,צלפים במלח 60 גרם TERRE,,,צלפים במלח 60 גרם TE,גרמים,60.00,100 גרם,false,1,9.10,15.17,true,1,
80761761,false,קינדר בואנו לבן בודד 39 גר,,,קינדר בואנו לבן בודד,גרמים,39.00,100 גרם,false,1,4.90,12.56,true,1,
80773429,false,מנטוס בבקבוק בינוני פיור פרש תות 60 גר,,,מנטוס בבקבוק פיור,Unknown,0.00,Unknown,false,1,10.90,10.90,true,1,
80790990,false,מנטוס בבקבוק מעוגל טעם פירוט מנטה 60 גר,,,מנטוס בבקבוק מעוגל ט,Unknown,0.00,Unknown,false,1,10.90,10.90,true,1,
80820970,false,שוקולד חלב ממולא קרם קרמל ועלי וופל פריכ,,,שוקולד חלב ממולא קרם,גרמים,21.00,100 גרם,false,1,6.50,30.95,true,1,
80828761,false,מנטוס מסטיק אייר 56 גרם,,NL,מנטוס מסטיק אייר 56,גרמים,56.00,100 גרם,false,1,11.90,21.25,true,1,
80862130,false,מנטוס מסטיק בקופסה בטעם אבטיח  28 גר,,NL,מנטוס מסטיק בקופסה ב,גרמים,28.00,100 גרם,false,1,4.90,17.50,true,1,
80864295,false,מסטיק מנטוס וייט מנטה עדינה 60 גרם,,,מסטיק מנטוס וייט מנט,גרמים,60.00,100 גרם,false,1,10.90,18.17,true,1,
80896081,false,מנטוס בבקבוק בינוני פיור פרש אבטיח 60 גר,,,מנטוס בבקבוק בינוני,Unknown,0.00,Unknown,false,1,10.90,10.90,true,1,
80913467,false,מנטוס בבקבוק מעוגל בטעם מנטה 60 גר,,,מנטוס בבקבוק מעוגל ב,Unknown,0.00,Unknown,false,1,10.90,10.90,true,1,
80979128,false,מנטוס בבקבוק פיור בטעם דובדבן 60 גר,,,מנטוס בבקבוק פיור בט,גרמים,60.00,100 גרם,false,1,10.90,18.17,true,1,
80982470,false,גומי לעיסה פיור פרוסט בטעם מנטה חזקה,,TR,גומי לעיסה פיור פרוס,גרמים,60.00,100 גרם,false,1,10.90,18.17,true,1,
80986348,false,מסטיק מנטוס וייט מנטה  60 גרם,,,מסטיק מנטוס וייט מנט,גרמים,60.00,100 גרם,false,1,10.90,18.17,true,1,
85939868,false,נייר קצר ללא פילטר PIH,,,נייר קצר ללא פילטר P,יחידה,1.00,יחידה,false,1,3.00,3.00,true,1,
85942677,false,נייר קצר + פילטר,,,נייר קצר + פילטר,יחידה,1.00,יחידה,false,1,6.00,6.00,true,1,
85942707,false,נייר קצר ללא פילטר עבה PIH,,,נייר קצר ללא פילטר ע,יחידה,1.00,יחידה,false,1,3.00,3.00,true,1,
85951730,false,פילטרים PIH,,,פילטרים PIH,יחידה,1.00,יחידה,false,1,5.00,5.00,true,1,
85966611,false,נייר גלגול גדול  כולל פילטר PIH,,,נייר גלגול גדול  כול,יחידה,1.00,יחידה,false,1,6.50,6.50,true,1,
85967076,false,נייר גלגול בינוני כולל פילטר חום,,CZ,נייר גלגול בינוני כו,יחידה,1.00,יחידה,false,1,6.00,6.00,true,1,
87108538,false,מנטוס תות שדה,,,מנטוס תות שדה,Unknown,0.00,Unknown,false,1,3.60,3.60,true,1,
87311396,false,מנטוס RAINBOW,,,מנטוס RAINBOW,Unknown,0.00,Unknown,false,1,3.60,3.60,true,1,
90087011,false,מיץ תפוחים  100% קרטונית ראוך,,,מיץ תפוחים  100% קרט,מיליליטרים,1000.00,"100 מ""ל",false,1,15.40,1.54,true,1,
90087066,false,מיץ תפוזים ראוך 100% 1 ליטר,,,מיץ תפוזים ראוך 100%,מיליליטרים,1000.00,"100 מ""ל",false,1,15.40,1.54,true,1,
90087769,false,מיץ אננס 100% קרטונית ראוך,,,מיץ אננס 100% קרטוני,ליטרים,0.00,ליטר,false,1,15.40,15.40,true,1,
90162602,false,"משקה רד בול מוגז פחית 250 מ""ל",,,משקה רד בול מוגז פחי,מיליליטרים,250.00,"100 מ""ל",false,1,7.90,3.16,true,1,
90162800,false,"משקה רד בול מוגז פחית 250 מ""ל שוגרפרי",,,משקה רד בול מוגז,מיליליטרים,250.00,"100 מ""ל",false,1,7.90,3.16,true,1,
90453427,false,"משקה אנרגיה רד בול פיטאיה 250 מ""ל",רד בול,,משקה אנרגיה רד בול פ,מיליליטרים,250.00,"100 מ""ל",false,1,7.90,3.16,true,1,
8112100298,false,שמן שומשום 185 מל,,,"שמן שומשום 185 מ""ל",מיליליטרים,185.00,"100 מ""ל",false,1,15.90,8.59,true,1,
9800800056,false,נוטלה & גו 52 גרם,,,נוטלה & גו 52 גרם,גרמים,52.00,100 גרם,false,1,6.90,13.27,true,1,
10900678148,false,דיאמונד רדיד אלומיניום נון סטיק,,CN,דיאמונד רדיד אלומיני,יחידה,1.00,יחידה,false,1,16.90,16.90,true,1,
11210002500,false,"רוטב טבסקו בפאלו 150 מ""ל",,,רוטב טבסקו בפאלו 150,מיליליטרים,150.00,"100 מ""ל",false,1,23.00,15.33,true,1,
11210007253,false,"טבסקו פלפל שום 60 מ""ל",,,"טבסקו פלפל שום 60 מ""",מיליליטרים,60.00,"100 מ""ל",false,1,12.80,21.33,true,1,
11210009387,false,"טבסקו פלפל ירוק 60 מ""ל",,,טבסקו פלפל ירוק 60 מ,מיליליטרים,60.00,"100 מ""ל",false,1,12.80,21.33,true,1,
11210607040,false,"רוטב טבסקו ציפוטלי 60 מ""ל",,,רוטב טבסקו ציפוטלי 6,מיליליטרים,60.00,"100 מ""ל",false,1,12.80,21.33,true,1,
11210618503,false,"רוטב טבסקו סקורפיון 60 מ""ל",,,רוטב טבסקו סקורפיון,מיליליטרים,60.00,"100 מ""ל",false,1,17.70,29.50,true,1,
12086304019,false,יין גוזף דרוהין בורגון אליגוטה 750 מל,,,יין גוזף דרוהין בורג,Unknown,0.00,Unknown,false,1,91.90,91.90,true,1,
12086313318,false,גוזף דרוהין לאפורה שרדונה 750 מל,,,גוזף דרוהין לאפורה,Unknown,0.00,Unknown,false,1,93.90,93.90,true,1,
16000423534,false,קראנצי שיבולת שועל ושוקולד מריר 210 גר,,,קראנצי שיבולת שועל ו,גרמים,210.00,100 גרם,false,1,19.90,9.48,true,1,
16000548503,false,קראנצי בטעם מייפל וסוכר חום 210 גר,,,קראנצי בטעם מייפל,גרמים,210.00,100 גרם,false,1,19.90,9.48,true,1,
16229917593,false,"מי קוקוס 330 מ""ל",,,"מי קוקוס 330 מ""ל",מיליליטרים,330.00,"100 מ""ל",false,1,9.10,2.76,true,1,
16229917630,false,"מי קוקוס בתוספת אננס 330 מ""ל",,,מי קוקוס בתוספת אננס,מיליליטרים,330.00,"100 מ""ל",false,1,9.10,2.76,true,1,
18000701223,false,תערובת לעוגת שוקולד 517 גרם פילסבורי,,,תערובת לעוגת שוקולד,גרמים,517.00,100 גרם,false,1,19.90,3.85,true,1,
19582000544,false,בולס איי רוטב ברביקיו עם דבש 496 גר,,US,בולס איי רוטב ברביקי,גרמים,496.00,100 גרם,false,1,15.90,3.21,true,1,
21723339994,false,רוטב דגים 300מ`ל,,,רוטב דגים 300מ`ל,מיליליטרים,300.00,"100 מ""ל",false,1,11.00,3.67,true,1,
22014004607,false,רסק תפוחי עץ אורגני 4*113 גרם,,,רסק תפוחי עץ אורגני,גרמים,452.00,100 גרם,false,1,17.70,3.92,true,1,
24463061095,false,רוטב פלפל צילי חריף 435 גר סריראצה,,,רוטב פלפל צילי חריף,גרמים,435.00,100 גרם,false,1,36.90,8.48,true,1,
25675120020,false,מקלות חמצוצים פטל 100 גרם,,,מקלות חמצוצים פטל 10,גרמים,100.00,100 גרם,false,1,9.90,9.90,true,1,
25675120044,false,"מקלות חמצוצים תפו""ע 100 גרם",,,"מקלות חמצוצים תפו""ע",גרמים,100.00,100 גרם,false,1,9.90,9.90,true,1,
25675301108,false,מקלות חמצוצים תות 50 גרם,,,מקלות חמצוצים תות 50,גרמים,50.00,100 גרם,false,1,5.90,11.80,true,1,
29801025203,false,עוגיות חמאה קריספי - ב. באטרס 200 גר,,,עוגיות חמאה קריספי -,גרמים,200.00,100 גרם,false,1,21.90,10.95,true,1,
30000315958,false,קוואקר פרוטאין בננה אגוזים 366 גר,,US,קוואקר פרוטאין בננה,גרמים,366.00,100 גרם,false,1,25.90,7.08,true,1,
30100472414,false,סנדוויץ קרקר קלאב צדר 311 גרם,,,סנדוויץ קרקר קלאב צד,גרמים,311.00,100 גרם,false,1,29.30,9.42,true,1,
31200001597,false,חמוציות אושן ספריי קליית גת בשקית 170 גרם,,,חמוציות אושן ספריי ב,גרמים,170.00,100 גרם,false,1,17.90,10.53,true,1,
34000196173,false,טבלת קוקיס אנד קרים 120 גרם XL,,,טבלת קוקיס אנד קרים,גרמים,120.00,100 גרם,false,1,12.40,10.33,true,1,
34000442652,false,טבלת ריזס  120 גרם XL,,,טבלת ריזס  120 גרם X,גרמים,120.00,100 גרם,false,1,12.90,10.75,true,1,
34000446001,false,חטיפי שוקולד ריזס מיניאטורס 150 גרם,,,חטיפי שוקולד ריזס מי,גרמים,150.00,100 גרם,false,1,10.90,7.27,true,1,
34000470228,false,חטיף ריזס מיניס 70 גרם,,,חטיף ריזס מיניס 70 ג,גרמים,70.00,100 גרם,false,1,7.80,11.14,true,1,
34000544028,false,ממתקי טוויזלרס תות שדה  198 גרם,,,ממתקי טוויזלרס תות ש,גרמים,198.00,100 גרם,false,1,9.90,5.00,true,1,
38000138638,false,פרינגלס פיצה 158 גרם,,,פרינגלס פיצה 158 גרם,גרמים,158.00,100 גרם,false,1,10.90,6.90,true,1,
38000138720,false,פרינגלס ראנץ 158 גרם,,,פרינגלס ראנץ 158 גרם,גרמים,158.00,100 גרם,false,1,10.90,6.90,true,1,
38000183928,false,פרינגלס חרדל ודבש 158 גרם,,US,פרינגלס חרדל ודבש 15,גרמים,158.00,100 גרם,false,1,10.90,6.90,true,1,
38000197840,false,פרינגלס וייב חריף מתוק 130 גרם,,US,פרינגלס וייב חריף מת,גרמים,137.00,100 גרם,false,1,10.90,7.96,true,1,
38000202278,false,פרינגלס וייב אורגינל 130 גרם,,US,פרינגלס וייב אורגינל,גרמים,130.00,100 גרם,false,1,10.90,8.38,true,1,
38000232176,false,פרינגלס שמנת בצל 158 גרם,,,פרינגלס שמנת בצל 158,גרמים,158.00,100 גרם,false,1,10.90,6.90,true,1,
38000232183,false,פרינגלס אוריגינל 149 גרם,,,פרינגלס אוריגינל 149,גרמים,149.00,100 גרם,false,1,10.90,7.32,true,1,
38527591053,false,דגני בוקר מרובעים קינמון 411 גרם קוואקר,,,דגני בוקר מרובעים קי,גרמים,411.00,100 גרם,false,1,22.90,5.57,true,1,
38527591060,false,דגני בוקר מרובעים  411 גרם קוואקר,,,דגני בוקר מרובעים  4,גרמים,411.00,100 גרם,false,1,22.90,5.57,true,1,
39000015622,false,C&T סלסה מדיום אורטגה 453 גרם,,,C&T סלסה מדיום אורטג,גרמים,453.00,100 גרם,false,1,25.90,5.72,true,1,
39047001152,false,ווקרס עוגיות חמאה פינגרס 150 גרם,,,ווקרס עוגיות חמאה פי,גרמים,150.00,100 גרם,false,1,20.90,13.93,true,1,
39047010208,false,"ווקרס עוגיות חמאה עגולות לל""ג 140 גרם",,,ווקרס עוגיות חמאה עג,Unknown,0.00,Unknown,false,1,23.90,23.90,true,1,
40232088353,false,עוגיות גולד רינג 400 גרם,,,עוגיות גולד רינג 400,גרמים,400.00,100 גרם,false,1,11.80,2.95,true,1,
41143299081,false,שזיפים מגולענים 198 גר SUN MAID,,,שזיפים מגולענים 198,גרמים,198.00,100 גרם,false,1,20.90,10.56,true,1,
41190045600,false,שופ רייט פצפוצי אורז 340 גרם,,,שופ רייט פצפוצי אורז,גרמים,340.00,100 גרם,false,1,30.90,9.09,true,1,
41335000631,false,"רוטב ראנצ לייט ענק 473 מ""ל קנז",,,רוטב ראנצ לייט ענק 4,גרמים,473.00,100 גרם,false,1,27.90,5.90,true,1,
41390001079,false,"רוטב סויה מופחת נתרן קיקומן 444 מ""ל",,US,רוטב סויה מופחת נתרן,מיליליטרים,444.00,"100 מ""ל",false,1,25.10,5.65,true,1,
41500000299,false,חרדל דבש דיגון 340 גר Frenches,,US,ממרח חרדל דיזון בטעם,גרמים,340.00,100 גרם,false,1,20.90,6.15,true,1,
41500818467,false,"פרנצ רוטב ווסטר מופחת נתרן 443 מ""ל",,US,רוטב וורצסטר דל נתרן,מיליליטרים,443.00,"100 מ""ל",false,1,24.90,5.62,true,1,
44935000216,false,ציפס בטעם ברביקיו 170 גרם,,US,ציפס בטעם ברביקיו 17,גרמים,170.00,100 גרם,false,1,19.90,11.71,true,1,
48327203513,false,"שמן זית כתית מעולה 750 מ""ל YBARRA",,ES,שמן זית כתית מעולה 7,מיליליטרים,750.00,"100 מ""ל",false,1,39.90,5.32,true,1,
50000015474,false,פריסקיז דגים 1.40 קג,,,פריסקיז מעדני הים 1.,קילוגרמים,0.00,"ק""ג",false,1,34.90,34.90,true,1,
50000084500,false,פריסקיז מעדני השף 1.43 גרם,,,פריסקיז נתחי ברביקיו,קילוגרמים,0.00,"ק""ג",false,1,34.90,34.90,true,1,
50000168583,false,פריסקיז אקסטרא קראנץ,,,פריסקיז אקסטרא קראנץ,Unknown,1.00,Unknown,false,1,34.90,34.90,true,1,
52100002453,false,תערובת תיבול לסטייק 96 גר,,US,תערובת תיבול לסטייק,גרמים,96.00,100 גרם,false,1,20.90,21.77,true,1,
52100002460,false,תערובת תיבול לעוף ודג 77 גר,,US,תערובת תיבול לעוף וד,גרמים,77.00,100 גרם,false,1,20.90,27.14,true,1,
52100004266,false,טימין עלים 10 גר,,US,טימין עלים 10 גר,גרמים,10.00,100 גרם,false,1,18.90,189.00,true,1,
52100006765,false,תבלין פלפל אדום 42 גר,,US,תבלין פלפל אדום 42 ג,גרמים,42.00,100 גרם,false,1,18.90,45.00,true,1,
52100070643,false,תמצית טעם שקדים 29 גר,,US,תמצית טעם שקדים 29 ג,גרמים,29.00,100 גרם,false,1,10.90,37.59,true,1,
52100070865,false,תמצית וניל טהור 29 גר,,US,תמצית וניל תהור 29 ג,גרמים,29.00,100 גרם,false,1,29.90,103.10,true,1,
52100070995,false,תמצית טעם וניל 59 גר,,US,תמצית טעם וניל 59 גר,גרמים,59.00,100 גרם,false,1,11.90,20.17,true,1,
52600751219,false,פלאף- ממרח מרשמלו בטעם וניל 213 גרם,,US,פלאף- ממרח מרשמלו בט,גרמים,213.00,100 גרם,false,1,18.90,8.87,true,1,
54100006769,false,"פרוסות חלפיניו חריף ולאסיק 355 מ""ל",,US,פרוסות חלפיניו חריף,מיליליטרים,355.00,"100 מ""ל",false,1,19.90,5.61,true,1,
54881006941,false,תה שחור תפוח 20 שקיקים אחמד,,,תה שחור תפוח 20 שקיק,Unknown,0.00,Unknown,false,1,13.70,13.70,true,1,
54881008181,false,תה אחמד אינגליש 100 שקיקים,,,תה אחמד אינגליש 100,גרמים,200.00,100 גרם,false,1,23.00,11.50,true,1,
55369901673,false,"אפלסנק ללת""ס רסק תפו""ע אפרסק רביעיות",,,"אפלסנק ללת""ס רסק תפו",גרמים,113.00,100 גרם,false,1,17.50,15.49,true,1,
55369902557,false,"רסק תפו""ע ביתי רביעיות 113 גרם",,,"רסק תפו""ע ביתי רביעי",גרמים,113.00,100 גרם,false,1,17.50,15.49,true,1,
55369902564,false,"רסק תפו""ע ללת""ס רביעיות 113 גרם",,,"רסק תפו""ע ללת""ס רביע",גרמים,113.00,100 גרם,false,1,17.50,15.49,true,1,
63517877169,false,חטיף ברביקיו אורז קינואה אורגני 113,,,חטיף ברביקיו אורז קי,גרמים,113.00,100 גרם,false,1,23.00,20.35,true,1,
64144090013,false,"ספריי שמן PAM בטעם חמאה 141 מ""ל",,,ספריי שמן PAM בטעם ח,גרמים,141.00,100 גרם,false,1,21.90,15.53,true,1,
64144090051,false,"ספריי שמן PAM קנולה אורגינל 148 מ""ל",,,ספריי שמן PAM קנולה,מיליליטרים,148.00,"100 מ""ל",false,1,21.90,14.80,true,1,
70177077693,false,תה אנגליש ברקפסט 25 שקיות טוינינגס 50 גר,,,תה אנגליש ברקפסט 25,גרמים,50.00,100 גרם,false,1,20.90,41.80,true,1,
70177084738,false,טווינינגס שחור רד פרוט 50 גרם,,,טווינינגס שחור רד פר,גרמים,50.00,100 גרם,false,1,20.90,41.80,true,1,
70177120948,false,טווינינגס שחור אפל & סינמון 50 גרם,,,טווינינגס שחור אפל &,גרמים,50.00,100 גרם,false,1,20.90,41.80,true,1,
70177173203,false,תה ירוק עם מנטה 25 שק. טוינינגס,,PL,תה גרין מינט 37.5 גר,Unknown,0.00,Unknown,false,1,22.90,22.90,true,1,
70177175221,false,תה ירוק עם גינגר 25 שק. טוינינגס,,PL,גרין גינגר 40 גרם טו,Unknown,0.00,Unknown,false,1,22.90,22.90,true,1,
71570001667,false,גלי בלי סוכריות 20 טעמים 70 גרם,,,גלי בלי סוכריות 20 ט,גרמים,70.00,100 גרם,false,1,14.90,21.29,true,1,
72320111766,false,סטאופר חטיפי קרקר צדר 198 גרם,,,סטאופר חטיפי קרקר,גרמים,198.00,100 גרם,false,1,16.90,8.54,true,1,
72600062313,false,הר חטיף גבינה בפאלו גבינה כחולה 198 גר,,,הר חטיף גבינה בפאלו,גרמים,198.00,100 גרם,false,1,25.90,13.08,true,1,
72600062320,false,הר חטיף גבינה בטעם פיצה 198 גרם,,,הר חטיף גבינהה בטעם,גרמים,198.00,100 גרם,false,1,25.90,13.08,true,1,
74261110334,false,רוטב סויה תמרי 1 ליטר,,,רוטב סויה תמרי 1 ל,מיליליטרים,1000.00,"100 מ""ל",false,1,38.90,3.89,true,1,
74410470050,false,אצות קומבו 57 גרם רונגצאנג,,,אצות קומבו 57 גרם רו,גרמים,57.00,100 גרם,false,1,12.90,22.63,true,1,
76808009347,false,עוגיות בטעם חמאה 180 גרם,,,עוגיות בטעם חמאה 180,גרמים,180.00,100 גרם,false,1,16.70,9.28,true,1,
76840001774,false,בצק עוגיות שוקולד ציפס,,,גלידת עוגיות חלב וחת,מיליליטרים,500.00,"100 מ""ל",false,1,25.90,5.18,true,1,
76840002542,false,פיינט נטפליקס & צילד 424 גרם,,US,פיינט נטפליקס & צילד,גרמים,424.00,100 גרם,false,1,25.90,6.11,true,1,
76840036745,false,"בן אנד גריס גלידת שמנת מרשמלו 428 מ""ל",,US,בן אנד גריס גלידת,מיליליטרים,428.00,"100 מ""ל",false,1,25.90,6.05,true,1,
76840100156,false,"בן אנד גריס גלידת צרי גרסיה 500 מ""ל",,US,גלידת צרי גרסיה בן,גרמים,441.00,100 גרם,false,1,25.90,5.87,true,1,
76840100583,false,"בן אנד גריס וניל עם בצק עוגיות 500 מ""ל",,,בן אנד גריס וניל עם,גרמים,500.00,100 גרם,false,1,25.90,5.18,true,1,
77245110610,false,סוכריות מאסט מנטה ללא סוכר 80 גר,,PL,"סוכריות מאסט לל""ס מנ",Unknown,80.00,Unknown,false,1,10.90,0.14,true,1,
77975094624,false,סניידרס שברי בייגלה חמאת בוטנים 270 גר,,,סניידרס שברי בייגלה,גרמים,270.00,100 גרם,false,1,17.70,6.56,true,1,
77975094631,false,סניידרס סנדוויץ בייגלה קרם צידר 283 גר,,,סניידרס סנדוויץ בייג,גרמים,283.00,100 גרם,false,1,17.70,6.25,true,1,
77975094761,false,שברי בייגלה סניידרס בטעם צידר 340 גרם,,,שברי בייגלה סניידרס,גרמים,340.00,100 גרם,false,1,17.70,5.21,true,1,
77975094778,false,שברי בייגלה סניידרס בטעם דבש חרדל 340 גר,,,שברי בייגלה סניידרס,גרמים,340.00,100 גרם,false,1,17.70,5.21,true,1,
84380957444,false,סאנט דלפור תות שדה 284 גרם,,,סאנט דלפור תות שדה 2,גרמים,284.00,100 גרם,false,1,22.90,8.06,true,1,
84380957642,false,אנט דלפור אפרסקים 284 גרם,,,אנט דלפור אפרסקים 28,גרמים,284.00,100 גרם,false,1,22.90,8.06,true,1,
85696608044,false,טופו ללא גלוטן 349 גר,,,טופו ללא גלוטן 349 ג,מיליליטרים,349.00,"100 מ""ל",false,1,13.90,3.98,true,1,
305210437371,false,וזלין מיני לשפתיים ורוד עדין 9 גר,,US,וזלין מיני לשפתיים,גרמים,7.00,100 גרם,false,1,16.90,241.43,true,1,
308910525744,false,אטריות אורז דקות 454 גרם,,,אטריות אורז דקות 454,גרמים,454.00,100 גרם,false,1,11.90,2.62,true,1,
608614307135,false,חסה סלנובה  160 גר,,,חסה סלנובה  160 גר,גרמים,160.00,100 גרם,false,1,14.90,9.31,true,1,
608614342631,false,פרסבורגר פרג,,,פרסבורגר פרג,Unknown,0.00,Unknown,false,1,39.90,39.90,true,1,
608614342648,false,שמרים גבינה דובדבן,,,שמרים גבינה דובדבן,Unknown,0.00,Unknown,false,1,39.90,39.90,true,1,
608614342655,false,קראנץ אגוזים,,,קראנץ אגוזים,Unknown,0.00,Unknown,false,1,39.90,39.90,true,1,
608614342662,false,קראנץ שוקולד,,,קראנץ שוקולד,Unknown,0.00,Unknown,false,1,39.90,39.90,true,1,
608614342693,false,קראנץ חלבה,,,קראנץ חלבה,Unknown,0.00,Unknown,false,1,39.90,39.90,true,1,
608614342730,false,בראוניז שוקולד,,,בראוניז שוקולד,Unknown,0.00,Unknown,false,1,43.90,43.90,true,1,
608614342754,false,עוגיות פרימיום,,,עוגיות פרימיום,Unknown,0.00,Unknown,false,1,37.90,37.90,true,1,
608614342815,false,מארז לחמניות,,,מארז לחמניות,Unknown,0.00,Unknown,false,1,16.90,16.90,true,1,
608614342921,false,חלת שמרים,,,חלת שמרים,Unknown,0.00,Unknown,false,1,15.90,15.90,true,1,
608614342976,false,פאנטונה הדרים,,,פאנטונה הדרים,Unknown,0.00,Unknown,false,1,79.90,79.90,true,1,
608614342990,false,חצי עוגת שמרים,,,חצי עוגת שמרים,Unknown,0.00,Unknown,false,1,24.90,24.90,true,1,
608614343065,false,חצי לחם מחמצת,,,חצי לחם מחמצת,Unknown,0.00,Unknown,false,1,12.90,12.90,true,1,
608614343072,false,לחם שיפון 100% קוביה,,,מארז בגט,Unknown,0.00,Unknown,false,1,16.90,16.90,true,1,
613008742409,false,אריזונה אפרסק בקבוק 1 ליטר,,DE,אריזונה אפרסק בקבוק,מיליליטרים,1000.00,"100 מ""ל",false,1,12.80,1.28,true,1,
613008753320,false,"אריזונה גינסנג ודבש 450 מ""ל",,BG,אריזונה גינסנג ודבש,מיליליטרים,450.00,"100 מ""ל",false,1,7.90,1.76,true,1,
613008753382,false,"אריזונה אוכמניות 450 מ""ל",,BG,אריזונה אוכמניות 450,מיליליטרים,450.00,"100 מ""ל",false,1,7.90,1.76,true,1,
613008755461,false,אריזונה אוכמניות בקבוק 1 ליטר,,DE,אריזונה אוכמניות בקב,מיליליטרים,1000.00,"100 מ""ל",false,1,12.80,1.28,true,1,
666522900053,false,ציברס ריבת דובדבנים שחורות 340 גרם,,,ציברס ריבת דובדבנים,גרמים,340.00,100 גרם,false,1,23.90,7.03,true,1,
693493095501,false,מעמול תמרים,,,מעמול תמרים,Unknown,0.00,Unknown,false,1,37.90,37.90,true,1,
693493095518,false,עוגיות אגוזים ללא תו,,,עוגיות אגוזים ללא תו,Unknown,0.00,Unknown,false,1,37.90,37.90,true,1,
693493095532,false,עוגיות אלפחורס ממולא,,,עוגיות אלפחורס ממולא,Unknown,0.00,Unknown,false,1,37.90,37.90,true,1,
693493095617,false,עוגיות שוקולד ציפס,,,עוגיות שוקולד ציפס,Unknown,0.00,Unknown,false,1,37.90,37.90,true,1,
693493095679,false,אוזני פיל,,,אוזני פיל,Unknown,0.00,Unknown,false,1,37.90,37.90,true,1,
693493095914,false,מארז שנק וניל,,,מארז שנק וניל,Unknown,0.00,Unknown,false,1,26.90,26.90,true,1,
693493095921,false,מארז רוגלך בטעמים,,,מארז רוגלך בטעמים,Unknown,0.00,Unknown,false,1,26.90,26.90,true,1,
693493095976,false,עוגת דבש ותפוחים,,,עוגת דבש ותפוחים,Unknown,0.00,Unknown,false,1,39.90,39.90,true,1,
722252601414,false,קליף בילדרס בר חטיף חלבון שוקולד חמאת בו,,,קליף בילדרס בר חטיף,גרמים,68.00,100 גרם,false,1,16.90,24.85,true,1,
728229123811,false,ציפס 110 גרם טרה בטטה,,,ציפס 110 גרם טרה בטט,גרמים,110.00,100 גרם,false,1,16.90,15.36,true,1,
728229124764,false,חטיף ציפס בטטה עם מלח ים 110 גרם,,US,חטיף ציפס בטטה עם מל,גרמים,110.00,100 גרם,false,1,16.90,15.36,true,1,
728229124771,false,חטיף ציפס טרה מבטטה בטעם ברביקיו 110 גרם,,,חטיף ציפס טרה מבטטה,גרמים,110.00,100 גרם,false,1,16.90,15.36,true,1,
732494000524,false,קרטורס פופקורן שיקגו קרמל 213 גרם,,,קרטורס פופקורן שיקגו,גרמים,213.00,100 גרם,false,1,31.50,14.79,true,1,
732494002320,false,קרטורס פופקורן תערובת גבינות 142 גרם,,US,קרטורס פופקורן תערוב,גרמים,142.00,100 גרם,false,1,31.50,22.18,true,1,
768404001640,false,"בן אנד גריס בטעם קפה 500 מ""ל",,,בן אנד גריס בטעם קפה,מיליליטרים,500.00,"100 מ""ל",false,1,25.90,5.18,true,1,
839762000641,false,משקה איילנד מנגו 1 ליטר,,,משקה איילנד מנגו 1 ל,מיליליטרים,1000.00,"100 מ""ל",false,1,15.90,1.59,true,1,
839762000658,false,משקה איילנד גויאבה 1 ליטר,,,משקה איילנד גויאבה 1,מיליליטרים,1000.00,"100 מ""ל",false,1,15.90,1.59,true,1,
839762002386,false,"איילנד גויאבה 350 מ""ל",,,"איילנד גויאבה 350 מ""",מיליליטרים,350.00,"100 מ""ל",false,1,6.90,1.97,true,1,
852629004774,false,נקניקיות ביונד מיט רביעייה 400 גר,,US,נקניקיות ביונד מיט,גרמים,400.00,100 גרם,false,1,42.90,10.73,true,1,
856591000055,false,עבאדי עוגיות מזרחיות קריספי 400 גרם,,,עבאדי עוגיות מזרחיות,גרמים,400.00,100 גרם,false,1,21.90,5.48,true,1,
856591000062,false,עבאדי עוגיות מזרחיות מלח 400 גרם,,,עבאדי עוגיות מזרחיות,גרמים,400.00,100 גרם,false,1,21.90,5.48,true,1,
856591000109,false,עבאדי עוגיות מזרחיות פריך במיוחד 400 גרם,,,עבאדי עוגיות מזרחיות,גרמים,400.00,100 גרם,false,1,21.90,5.48,true,1,
875213000600,false,בירה פטרוס דובדבן 330 מל בבקבוק,,,"בירה ""פטרוס"" דובדבן",מיליליטרים,330.00,"100 מ""ל",false,1,16.90,5.12,true,1,
893594002051,false,חטיף פופקורן ציפס בטעם גבינה צידר 32 גר,PepsiCo inc. Frito lay Division,US,חטיף פופקורנס גבינת,גרמים,28.00,100 גרם,false,1,6.50,23.21,true,1,
893594002068,false,חטיף פופקורן עם מלח 32 גר,PepsiCo inc. Frito lay Division,US,חטיף פופקורנס מלח ים,גרמים,28.00,100 גרם,false,1,6.50,23.21,true,1,
1230000116022,false,המבורגר ביונד מיט זוג 226 גרם,,US,המבורגר ביונד מיט זו,גרמים,226.00,100 גרם,false,1,34.90,15.44,true,1,
2000024002507,false,פרמזנו רגאנו איטלקי במשקל,,,פרמזנו רגאנו איטלקי,Unknown,0.00,"ק""ג",true,0,203.00,203.00,true,1,
2261746002521,false,גבינת בלו סטילטון אנגלית במשקל,,,גבינת בלו סטילטון,Unknown,0.00,"ק""ג",true,0,189.00,189.00,true,1,
3014260289287,false,סכין גילוח גילט בלו 2 לנשים-חמישייה,,,סכין גילוח גילט בלו,Unknown,0.00,Unknown,false,1,18.90,18.90,true,1,
3046920010856,false,לינדט שוקולד אקסלנס לימון גינגיר 100 גר,,CH,לינדט שוקולד אקסלנס,גרמים,100.00,100 גרם,false,1,17.90,17.90,true,1,
3046920016377,false,לינדט שוקולד אקסלנס מריר 100% קקאו 50 גר,,FR,לינדט שוקולד אקסלנס,גרמים,50.00,100 גרם,false,1,17.90,35.80,true,1,
3046920028004,false,לינדט שוקולד אקסלנס מריר 70% 100 גר,,,לינדט שוקולד אקסלנס,גרמים,100.00,100 גרם,false,1,17.90,17.90,true,1,
3046920028363,false,לינדט אקסלנס 85% 100 גרם,,,לינדט אקסלנס 85% 100,גרמים,100.00,100 גרם,false,1,17.90,17.90,true,1,
3046920028721,false,לינדט אקסלנס 99% 50 גרם,,,לינדט אקסלנס 99%,גרמים,50.00,100 גרם,false,1,17.90,35.80,true,1,
3046920028752,false,לינדט אקסלנס מינט 100 גרם,,,לינדט אקסלנס מינט 10,גרמים,100.00,100 גרם,false,1,17.90,17.90,true,1,
3046920029681,false,לינדט שוקולד אקסלנס מילד 85% קקאו 100 גר,,DE,לינדט שוקולד אקסלנס,גרמים,100.00,100 גרם,false,1,17.90,17.90,true,1,
3068320055008,false,מים מינרלים אוויאן 500 מל,,,מים מינרלים אוויאן 5,מיליליטרים,500.00,"100 מ""ל",false,1,7.90,1.58,true,1,
3068320103631,false,מים מינרלים אוויאן  330 מל זכוכית,,,מים מינרלים אוויאן,מיליליטרים,330.00,"100 מ""ל",false,1,7.90,2.39,true,1,
3073780574242,false,גבינה לה וואש קירי 16 280 גר,,,גבינה לה וואש קירי,גרמים,280.00,100 גרם,false,1,30.50,10.89,true,1,
3073781162790,false,בייבי בל אדם 120 גר,,,בייבי בל אדם 120 גר,גרמים,120.00,100 גרם,false,1,21.90,18.25,true,1,
3142706305007,false,יין שאטו לה גורדון רוזה וריט טרוא 750 מל,,,יין שאטו לה גורדון ר,Unknown,0.00,Unknown,false,1,89.90,89.90,true,1,
3161911366429,false,אלוויר חמאה רכה מלוחה 250 גר,,,אלוויר חמאה רכה מלוח,גרמים,250.00,100 גרם,false,1,23.90,9.56,true,1,
3178530402353,false,מיני מדליינס סאן מישל 175 גרם,,,מיני מדליינס סאן מיש,גרמים,175.00,100 גרם,false,1,12.90,7.37,true,1,
3178530407938,false,מיני מדליין 175 גר,,,מיני מדליין 175 גר,גרמים,175.00,100 גרם,false,1,14.90,8.51,true,1,
3179730011024,false,מים מינרלים פרייה 330 מל,,,מים מינרלים פרייה 33,מיליליטרים,330.00,"100 מ""ל",false,1,6.50,1.97,true,1,
3179732348913,false,מים מינרלים פרייה 1 ליטר,,,מים מינרלים פרייה 1,מיליליטרים,1000.00,"100 מ""ל",false,1,9.90,0.99,true,1,
3181448677010,false,"יין לבן מיסטרל קוט דה פרובאנס 750 מ""ך",,FR,יין לבן מיסטרל קוט ד,Unknown,0.00,Unknown,false,1,83.90,83.90,true,1,
3187460801136,false,ברנדי דה ולקור VSOP נפוליאון 700 מל מאז,,,ברנדי דה ולקור VSOP,מיליליטרים,700.00,"100 מ""ל",false,1,87.90,12.56,true,1,
3211200008049,false,"יין לאודלה רוזה 750 מ""ל",,FR,יין לאודלה רוזה 750,מיליליטרים,750.00,"100 מ""ל",false,1,49.90,6.65,true,1,
3211201046439,false,מיזון קסטל קברנה סוביניון 750 מל,,,מיזון קסטל קברנה סוב,Unknown,0.00,Unknown,false,1,48.90,48.90,true,1,
3211201046613,false,מיזון קסטל בורדו מרלו 750 מל,,,מיזון קסטל בורדו מרל,Unknown,0.00,Unknown,false,1,52.90,52.90,true,1,
3211203444066,false,מיזון קסטל גרנד רזרב שרדונה 750 מל,,,מיזון קסטל גרנד רזרב,Unknown,0.00,Unknown,false,1,52.90,52.90,true,1,
3211203444103,false,מיזון קסטל גרנד רזרב ק. סוביניון 750 מ,,,מיזון קסטל גרנד רזרב,Unknown,0.00,Unknown,false,1,52.90,52.90,true,1,
3211209117902,false,"יין  מיזון קסטל מוסקט לבן חצי 750  מ""ל",,,יין  מיזון קסטל מוסק,Unknown,0.00,Unknown,false,1,48.90,48.90,true,1,
3211209117964,false,"מיזון קסטל קוט דה פרובנס רוזה 750 מ""ל",,,מיזון קסטל קוט דה פר,Unknown,0.00,Unknown,false,1,67.90,67.90,true,1,
3211209133544,false,"יין שאטו גואלן 750 מ""ל",,FR,יין שאטו גואלן 750 מ,מיליליטרים,750.00,"100 מ""ל",false,1,73.90,9.85,true,1,
3211209136347,false,שאטו לאטור קומבלאנה קוט דה בורדו 750 מל,,,שאטו לאטור קומבלאנה,Unknown,0.00,Unknown,false,1,83.90,83.90,true,1,
3211209972174,false,"יין לה קלנדיירס 750 מ""ל",,,יין לה קלנדיירס 750,Unknown,0.00,Unknown,false,1,41.90,41.90,true,1,
3211209990826,false,"יין לאודלה שרדונה 750 מ""ל",,FR,יין לאודלה שרדונה 75,מיליליטרים,750.00,"100 מ""ל",false,1,49.90,6.65,true,1,
3211209990833,false,"יין לאודלה לה פטיט לבן 750 מ""ל",,FR,יין לאודלה לה פטיט ל,מיליליטרים,750.00,"100 מ""ל",false,1,38.90,5.19,true,1,
3211209991793,false,ברון דה לסטק בורדו מואל לבן חצי מתוק 750,,,ברון דה לסטק בורדו מ,Unknown,0.00,Unknown,false,1,65.90,65.90,true,1,
3211209999584,false,"יין לאודלה מרלו 750 מ""ל",,FR,יין לאודלה מרלו 750,מיליליטרים,750.00,"100 מ""ל",false,1,49.90,6.65,true,1,
3256760106392,false,חמאה צרפתית 100 גר פלשארד,,FR,חמאה צרפתית 100 גר,גרמים,100.00,100 גרם,false,1,5.90,5.90,true,1,
3256760106408,false,פלשארד בסגנון פטה 500 גר,,,פלשארד בסגנון פטה 50,גרמים,500.00,100 גרם,false,1,13.50,2.70,true,1,
3256761201003,false,פלשארד בסגנון פטה מעודנת 500 גר קרטונית,,,פלשארד בסגנון פטה מע,גרמים,500.00,100 גרם,false,1,13.50,2.70,true,1,
3257150101119,false,"מארז קוניאק מיוקוב 5 כוכבים 700 מ""ל",,,מארז קוניאק מיוקוב 5,מיליליטרים,700.00,"100 מ""ל",false,1,178.90,25.56,true,1,
3271470759935,false,"סיידר אותנטיק יבש 750 מ""ל",,,סיידר אותנטיק יבש,מיליליטרים,750.00,"100 מ""ל",false,1,23.90,3.19,true,1,
3272770003148,false,שברו עיזים טבעי 150 גר,,,שברו עיזים טבעי 150,גרמים,150.00,100 גרם,false,1,27.90,18.60,true,1,
3274551585461,false,פיליפ דרסלר אלזס ריזלינג 750 מל,,,פיליפ דרסלר אלזס ריז,Unknown,0.00,Unknown,false,1,73.90,73.90,true,1,
3276210810105,false,יין לה פטיט פרייר סוביניון בלאן 750 מל,,,יין לה פטיט פרייר סו,Unknown,0.00,Unknown,false,1,52.90,52.90,true,1,
3276210811102,false,יין אדום יבש פינו נואר 750 מל,,,יין לה פטיט פרייר יב,Unknown,0.00,Unknown,false,1,52.90,52.90,true,1,
3276210812109,false,יין לה פטיט פרייר פינו נואר רוזה 750 מל,,,יין לה פטיט פרייר פי,Unknown,0.00,Unknown,false,1,52.90,52.90,true,1,
3283632393581,false,יין קלו דה פוגה קאהור 750 מל,,,יין קלו דה פוגה קאהו,Unknown,0.00,Unknown,false,1,62.90,62.90,true,1,
3387390320244,false,דגני בוקר פיטנס עם פירות 375 גרם,,,דגני בוקר פיטנס עם פ,גרמים,375.00,100 גרם,false,1,22.90,6.11,true,1,
3387390525960,false,דגני בוקר קראנץ  500 גרם,,,דגני בוקר קראנץ  500,גרמים,500.00,100 גרם,false,1,26.90,5.38,true,1,
3412290023640,false,אמנטל צרפתי ארוז 250 גר,,,אמנטל צרפתי ארוז 250,גרמים,250.00,100 גרם,false,1,29.30,11.72,true,1,
3451271002809,false,"יין אלן זופרואה שאבלי 750 מ""ל",,,אלן זופרואה שאבלי,Unknown,0.00,Unknown,false,1,109.90,109.90,true,1,
3451276001012,false,"יין גופרואה פטיט שאבלי 750 מ""ל",,FR,יין גופרואה פטיט שאב,מיליליטרים,750.00,"100 מ""ל",false,1,94.90,12.65,true,1,
3523230025638,false,מיני בושה עיזים טבעי 125 גר,,,גבינה מיני בושה עיזי,גרמים,125.00,100 גרם,false,1,25.90,20.72,true,1,
3523230025652,false,מיני בושה עם שום ועשי תיבול 125 גר,,,גבינה מיני בושה,גרמים,125.00,100 גרם,false,1,25.90,20.72,true,1,
3523230026826,false,גבינה עיזים למריחה פירמידה 140 גר,,,גבינה עיזים למריחה פ,גרמים,140.00,100 גרם,false,1,25.90,18.50,true,1,
3523230026888,false,גב עיזים למריחה שום ועשבי תיבול פירמידה,,,גב עיזים למריחה שום,גרמים,140.00,100 גרם,false,1,25.90,18.50,true,1,
3547102222000,false,"יין רוזה יבש מינוטי 750 מ""ל",,,יין רוזה יבש מינוטי,Unknown,0.00,Unknown,false,1,109.90,109.90,true,1,
3563490014898,false,חרדל לחיץ ריין דיזיון 265 גרם,,,חרדל לחיץ ריין דיזיו,גרמים,265.00,100 גרם,false,1,15.40,5.81,true,1,
3574661552576,false,מגן תחתון קרפרי רגיל טנגה לבן 56 יח,,IT,מגן תחתון קרפרי רגיל,Unknown,0.00,Unknown,false,1,26.50,26.50,true,1,
3770000016796,false,"יין שבלי דומיין דה שאטיון כשל""פ 750 מ""ל",,FR,יין שבלי דומיין דה ש,Unknown,0.00,Unknown,false,1,94.90,94.90,true,1,
3800727040320,false,"קרנפלוט לפתן אפרסק 1 ק""ג",,,קרנפלוט לפתן אפרסק 1,גרמים,1000.00,100 גרם,false,1,21.90,2.19,true,1,
4000161060116,false,נידרגר שוקולד מריר במילוי מרציפן 110 גר,,,נידרגר שוקולד מריר ב,גרמים,110.00,100 גרם,false,1,21.90,19.91,true,1,
4000161060147,false,נידרגר שוקולד חלב במילוי מרציפן 110 גר,,,נידרגר שוקולד חלב במ,גרמים,110.00,100 גרם,false,1,21.90,19.91,true,1,
4000161060901,false,נידרגר מרציפן שחור&לבן 110 ג,,,נידרגר מרציפן שחור&ל,גרמים,110.00,100 גרם,false,1,21.90,19.91,true,1,
4000161110088,false,נידריגר אצבעות מרציפן אספרסו 50 גרם,,,נידריגר אצבעות מרציפ,גרמים,50.00,100 גרם,false,1,16.70,33.40,true,1,
4000161110095,false,נידריגר אצבעות מרציפן פיסטוק 50 גרם,,,נידריגר אצבעות מרציפ,גרמים,50.00,100 גרם,false,1,16.70,33.40,true,1,
4000417019004,false,שוקולד RITTER SPORT אגוזים 100 גרם,,,שוקולד RITTER SPORT,גרמים,400.00,100 גרם,false,1,11.90,2.98,true,1,
4000417023001,false,שוקולד RITTER SPORT שקדים 100 גרם,,,שוקולד RITTER SPORT,גרמים,100.00,100 גרם,false,1,11.90,11.90,true,1,
4000417025005,false,שוקולד ריטר ספורט מרצפן 100 גרם,,,שוקולד RITTER SPORT,גרמים,100.00,100 גרם,false,1,9.90,9.90,true,1,
4000417026002,false,שוקולד ריטר ספורט נוגט 100 גרם,,,שוקולד ריטר ספורט נו,גרמים,100.00,100 גרם,false,1,9.90,9.90,true,1,
4000417224002,false,שוקולד RITTER SPORT מריר אגוזים  100 גרם,,,שוקולד RITTER SPORT,גרמים,100.00,100 גרם,false,1,11.90,11.90,true,1,
4000417298003,false,שוקולד ריטר ספורט קוקוס 100 גרם,,,שוקולד ריטר ספורט קו,גרמים,100.00,100 גרם,false,1,9.90,9.90,true,1,
4000504149027,false,גבינת קממבר דה לוקס 125 גרם,,,גבינת קממבר דה לוקס,גרמים,125.00,100 גרם,false,1,23.00,18.40,true,1,
4000504149324,false,גבינת רוגט גרמני 125 גרם,,DE,גבינת רוגט גרמני 125,גרמים,125.00,100 גרם,false,0,24.00,19.20,true,1,
4000504149423,false,גבינת קמבוזולה 125 גרם,,DE,גבינת קמבוזולה 125 ג,גרמים,125.00,100 גרם,false,1,23.00,18.40,true,1,
4000512363729,false,טרולי גלוזר ממתק גלי ממולא 75 גרם,,,טרולי גלוזר ממתק גלי,גרמים,75.00,100 גרם,false,1,15.90,21.20,true,1,
4001686301524,false,הריבו גולדבירס מיני דובוני גומי 250 גרם,,DE,הריבו גולדבירס מיני,גרמים,250.00,100 גרם,false,1,17.70,7.08,true,1,
4002103250487,false,"בירה ארדינגר בהירה 500 מ""ל בקבוק",,,בירה ארדינגר בהירה 5,מיליליטרים,500.00,"100 מ""ל",false,1,12.90,2.58,true,1,
4002309009100,false,ממרח שוקולד 350 גר KIDDY DUO,,LT,ממרח שוקולד 350 גר K,גרמים,350.00,100 גרם,false,1,16.90,4.83,true,1,
4002575520651,false,זנטיס מרציפן נוגט אגוזים מצופה שוק. 100ג,,,זנטיס מרציפן נוגט אג,גרמים,100.00,100 גרם,false,1,10.90,10.90,true,1,
4008400209524,false,קינדר - מארז שוקולד קריסמס 102 גרם,,IT,קינדר - מארז שוקולד,גרמים,102.00,100 גרם,false,1,22.90,22.45,true,1,
4008400290126,false,קינדר פינגווי עוגת ספוג במילוי חלבי 30 ג,,,קינדר פינגווי עוגת,גרמים,30.00,100 גרם,false,1,4.90,16.33,true,1,
4009211007378,false,ראקסים אבקת קקאו פליפ-טופ 20% שומן 125 ג,,DE,ראקסים אבקת קקאו פלי,גרמים,125.00,100 גרם,false,1,12.90,10.32,true,1,
4009300522935,false,פומפדור תה ירוק עם לימונית ולואיזה,,,פומפדור תה ירוק עם ל,Unknown,0.00,Unknown,false,1,24.50,24.50,true,1,
4009309742426,false,רסק תפוח מנגו אורגני 700 גר נטורפוד,,,רסק תפוח מנגו אורגני,גרמים,700.00,100 גרם,false,1,19.90,2.84,true,1,
4009900403023,false,מסטיק אורביט WHITE בטעם מנטה,,,מסטיק אורביט WHITE ב,Unknown,0.00,Unknown,false,1,11.90,11.90,true,1,
4009900420129,false,מסטיק אורביט פרופשיונל פפרמינט בקבוקון,,PL,מסטיק אורביט פרופשיו,Unknown,0.00,Unknown,false,1,11.90,11.90,true,1,
4009900426039,false,מסטיק איירוויבז מנטה אקליפטוס בקבוקון 64,,PL,מסטיק איירוויבז מנטה,גרמים,64.00,100 גרם,false,1,11.90,18.59,true,1,
4009900455299,false,סקיטלס פירות 174 גרם,,,סקיטלס פירות 174 גרם,גרמים,174.00,100 גרם,false,1,10.90,6.26,true,1,
4009900465304,false,סקיטלס פירות חמוצים 174 גרם,,,סקיטלס פירות חמוצים,גרמים,174.00,100 גרם,false,1,10.90,6.26,true,1,
4009900479998,false,"מסטיק אורביט לל""ס אוכמניות בקבוקון",,,"מסטיק אורביט לל""ס או",Unknown,0.00,Unknown,false,1,11.90,11.90,true,1,
4009900535519,false,אורביט רפרשרס ספירמינט  אישית   15.6 גר,,PL,אורביט רפרשרס ספירמי,גרמים,16.00,100 גרם,false,1,4.50,28.13,true,1,
4009900535540,false,אורביט רפרשרס פפרמינט אישית   15.6 גר,,PL,אורביט רפרשרס פפרמינ,גרמים,16.00,100 גרם,false,1,4.50,28.13,true,1,
4009900535823,false,אורביט רפרשרס באבלמינט אישית   15.6 גר,,PL,אורביט רפרשרס באבלמי,גרמים,16.00,100 גרם,false,1,4.50,28.13,true,1,
4009900539746,false,מסטיק פייב באונס אבטיח בקבוקון 61.8 גר,,,מסטיק פייב באונס אבט,גרמים,62.00,100 גרם,false,1,12.90,20.81,true,1,
4010492052629,false,אתנה סטיק רך לחתול עם עופות וכבד 10יח,,,אתנה סטיק רך לחתול ע,גרמים,50.00,100 גרם,false,1,15.90,31.80,true,1,
4011800290030,false,חטיף חלבון קורני שוקו 50 גר,,CZ,חטיף חלבון קורני שוק,גרמים,50.00,100 גרם,false,1,8.90,17.80,true,1,
4011800290092,false,חטיף חלבון קורני וניל 50 גר,,CZ,חטיף חלבון קורני וני,גרמים,50.00,100 גרם,false,1,8.90,17.80,true,1,
4011800528416,false,קורני בייס סויט & סולט 6 יח 150 גר,,DE,קורני בייס סויט & סו,גרמים,150.00,100 גרם,false,1,13.90,9.27,true,1,
4011800568610,false,קורני מילק קלאסיק 4 יח 120 גר,,DE,קורני מילק קלאסיק 4,גרמים,120.00,100 גרם,false,1,13.90,11.58,true,1,
4011800617615,false,קורני ביג שוקו 50 גר,,DE,קורני ביג שוקו 50 גר,גרמים,50.00,100 גרם,false,1,5.50,11.00,true,1,
4011800617714,false,קורני ביג שוקו בננה 50 גר,,DE,קורני ביג שוקו בננה,גרמים,50.00,100 גרם,false,1,5.50,11.00,true,1,
4011800630515,false,חטיף קורני שוקולד חלב ובננה 6 יח 150 גר,,DE,חטיף קורני שוקולד חל,גרמים,150.00,100 גרם,false,1,13.90,9.27,true,1,
4011800636517,false,קורני פרי שוקולד חלב 6 יח 120 גר,,DE,קורני פרי שוקולד חלב,גרמים,120.00,100 גרם,false,1,13.90,11.58,true,1,
4014400901191,false,בונבוניירה מרסי 250 גרם,,,בונבוניירה מרסי 250,גרמים,250.00,100 גרם,false,1,31.90,12.76,true,1,
4014400914696,false,סוכריות חמאה וורטר אור ללא סוכר 80 גרם,,,סוכריות חמאה וורטר א,Unknown,0.00,Unknown,false,1,10.90,10.90,true,1,
4014400923711,false,טופיפי 125 גרם כשלפ,,,טופיפי 125 גרם,גרמים,125.00,100 גרם,false,1,13.90,11.12,true,1,
4014400925319,false,וורטר פופקורן קרמל 140 גר,,DE,וורטר פופקורן קרמל 1,גרמים,140.00,100 גרם,false,1,16.90,12.07,true,1,
4015400681670,false,תחבושות אולוויז לילה בטוח וליו פק 18 יח,,,תחבושות אולוויז לילה,Unknown,0.00,Unknown,false,1,22.90,22.90,true,1,
4015400731719,false,תחבושות אולוויז כפול לילה 20 יח,,,תחבושות אולוויז כפול,Unknown,0.00,Unknown,false,1,22.90,22.90,true,1,
4015400746812,false,מגן תחתון נורמל אולוויז מגה פק 80 יח,,,מגן תחתון נורמל,Unknown,0.00,Unknown,false,1,22.90,22.90,true,1,
4015400755241,false,תחבושות אולוויז וליו פק נורמל+ 28 יח,,,תחבושות אולוויז וליו,Unknown,0.00,Unknown,false,1,22.90,22.90,true,1,
4015400755487,false,תחבושות אולוויז וליו פק לונג+  24 יח,,,תחבושות אולוויז וליו,Unknown,0.00,Unknown,false,1,22.90,22.90,true,1,
4015400824701,false,טמפקס פלאש רגיולר 30 יחידות,,,טמפקס פלאש רגיולר 30,Unknown,0.00,Unknown,false,1,40.90,40.90,true,1,
4015400824749,false,טמפקס פלאש סופר פלוס 30 יחידות,,,טמפקס פלאש סופר פלוס,Unknown,0.00,Unknown,false,1,40.90,40.90,true,1,
4015400990482,false,אריאל אבקת כביסה קולור 3 קג,,,אריאל אבקת כביסה קול,קילוגרמים,0.00,"ק""ג",false,1,43.90,43.90,true,1,
4015600762902,false,"הד&שולדרס שמפו מנטול 500 מ""ל",,,הד&שולדרס שמפו 500 מ,מיליליטרים,500.00,"100 מ""ל",false,1,24.90,4.98,true,1,
4015600766900,false,"הד&שולדרס 2 ב-1 מנטול 500 מ""ל",,,הד&שולדרס 2 ב-1 מנטו,מיליליטרים,500.00,"100 מ""ל",false,1,24.90,4.98,true,1,
4015600807436,false,דאו גל 75 מל CW-PB,,,דאו גילט גל לגבר 75,מיליליטרים,75.00,"100 מ""ל",false,1,22.90,30.53,true,1,
4017100291005,false,בלזן ביסקוויט מצופה שוקולד מריר 125 גרם,,,בלזן ביסקוויט מצופה,גרמים,125.00,100 גרם,false,1,15.90,12.72,true,1,
4017100364112,false,ביסקוויט ממולא קרם שוקולד היט 220 גרם,,,ביסקוויט ממולא קרם ש,גרמים,220.00,100 גרם,false,1,10.90,4.95,true,1,
4018722303459,false,מקרוני כוסמין אורגני 250 גרם,,,מקרוני כוסמין אורגני,גרמים,250.00,100 גרם,false,1,13.80,5.52,true,1,
4019400440657,false,הלורן דפדפי שוקולד מנטה 200 גר,,,שוקולד במילוי מנטה 2,גרמים,200.00,100 גרם,false,1,17.90,8.95,true,1,
4022025000137,false,יין בלו נאן גוורצטרמינר 750 מל,,,יין בלו נאן גוורצטרמ,Unknown,0.00,Unknown,false,1,52.90,52.90,true,1,
4023800601907,false,שוקולד חלב קרם קפה שלוקוורדר 100 גר,,,שוקולד חלב קרם קפה ש,גרמים,100.00,100 גרם,false,1,8.90,8.90,true,1,
4025700001962,false,שוקולד לבן מילקה 100 ג,,,שוקולד לבן מילקה 100,גרמים,100.00,100 גרם,false,1,7.90,7.90,true,1,
4026701001081,false,מולהאוזר-קונפיטורת שזיפים 450 גר,,,מולהאוזר-קונפיטורת ש,גרמים,450.00,100 גרם,false,1,9.50,2.11,true,1,
4032900111292,false,ווינסטון קומפלקט כחול חפיסה,,,ווינסטון קומפלקט כחו,Unknown,0.00,Unknown,false,1,28.50,28.50,true,1,
4032900124254,false,ווינסטון קומפלקט ברי PP חפיסה,,,ווינסטון קומפלקט ברי,Unknown,0.00,Unknown,false,1,28.50,28.50,true,1,
4033100024146,false,ווינסטון CODE חפיסה,,,ווינסטון CODE חפיסה,יחידה,1.00,יחידה,false,1,30.90,30.90,true,1,
4033100024252,false,ווינסטון AQUA חפיסה,,,ווינסטון AQUA חפיסה,יחידה,1.00,יחידה,false,1,30.90,30.90,true,1,
4033100038914,false,כאמל כחול טבק חפיסה,,,כאמל כחול טבק חפיסה,יחידה,1.00,יחידה,false,1,76.90,76.90,true,1,
4033100046490,false,ווינסטון AQUA 100 חפיסה,,,ווינסטון AQUA 100 חפ,יחידה,1.00,יחידה,false,1,30.90,30.90,true,1,
4033100047350,false,כאמל צהוב טבק חפיסה,,,כאמל צהוב טבק חפיסה,יחידה,1.00,יחידה,false,1,76.90,76.90,true,1,
4033100064036,false,וינסטון כחול טבק לגלגול חפיסה,,,וינסטון כחול טבק לגל,יחידה,1.00,יחידה,false,1,76.90,76.90,true,1,
4043058008778,false,טבק אמריקן ספיריט כחול פאוצ,,,טבק לגלגול אמריקון 3,יחידה,1.00,יחידה,false,1,81.90,81.90,true,1,
4043058010412,false,טבק אמריקן ספיריט צהוב פאוצ,,,טבק אמריקן ספיריט צה,יחידה,1.00,יחידה,false,1,81.90,81.90,true,1,
4044889004335,false,ויואני-שוקולד אורגני מריר 62% 80 גר,,,ויואני-שוקולד אורגני,גרמים,80.00,100 גרם,false,1,22.90,28.63,true,1,
4061445096689,false,קפה דוידוף מגורען 100 גר ESPRESSO 57,,,קפה דווידוף אספרסו 5,גרמים,100.00,100 גרם,false,1,23.90,23.90,true,1,
4061445096702,false,קפה דוידוף מגורען 100 גר FINE AROMA,,CO,קפה דווידוף פיין ארו,גרמים,100.00,100 גרם,false,1,23.90,23.90,true,1,
4061445096726,false,קפה דוידוף מגורען 100 גר RICH AROMA,,CO,קפה דווידוף ריץ ארומ,גרמים,100.00,100 גרם,false,1,23.90,23.90,true,1,
4062400543125,false,"טקילה סיירה רפוסאדו 700 מ""ל",,,טקילה סיירה רפוסאדו,מיליליטרים,700.00,"100 מ""ל",false,1,99.90,14.27,true,1,
4066600601920,false,"בירה פאולנר 500 מ""ל פחית",,DE,"בירה פאולנר 500 מ""ל",מיליליטרים,500.00,"100 מ""ל",false,1,12.90,2.58,true,1,
4066600999614,false,"בירה פאולנר חיטה 500 מ""ל בקובק",,,בירה פאולנר חיטה 500,מיליליטרים,500.00,"100 מ""ל",false,1,12.90,2.58,true,1,
4072700001171,false,בירה ספאטן מינכן בקבוק 500 מל,,,בירה ספאטן לאגר בקבו,מיליליטרים,500.00,"100 מ""ל",false,1,13.90,2.78,true,1,
4072700003649,false,"בירה פרנסיסקאנר בהירה 500 מ""ל",,,בירה פרנסיסקאנר בהיר,מיליליטרים,500.00,"100 מ""ל",false,1,13.90,2.78,true,1,
4084500088917,false,"נוזל כלים פיירי לימון 650 מ""ל",,,נוזל כלים פיירי לימו,מיליליטרים,650.00,"100 מ""ל",false,1,10.90,1.68,true,1,
4084500149526,false,גל כביסה טייד 2.48 ליטר,,,גל כביסה טייד 2.48 ל,ליטרים,0.00,ליטר,false,1,28.20,28.20,true,1,
4084500853836,false,"נוזל כלים פיירי ורדים ומשי 515 מ""ל",,GB,נוזל כלים פיירי ורדי,מיליליטרים,515.00,"100 מ""ל",false,1,12.50,2.43,true,1,
4100130937163,false,בירה בקס שישייה 6*275 מל,,,בירה בקס שישייה 6*27,ליטרים,0.00,ליטר,false,1,34.90,34.90,true,1,
4100470106700,false,חומץ תפוחים אורגני 750 מל,,,חומץ תפוחים אורגני 7,מיליליטרים,750.00,"100 מ""ל",false,1,24.90,3.32,true,1,
4105120623941,false,"בירה ויינשטפן  500 מ""ל בקבוק",,,בירה ויינשטפן  500 מ,מיליליטרים,330.00,"100 מ""ל",false,1,13.90,4.21,true,1,
4105120624412,false,"בירה ויינשטפן ויטוס 500 מ""ל",,IL,בירה ויינשטפן ויטוס,מיליליטרים,500.00,"100 מ""ל",false,1,13.90,2.78,true,1,
4260423410862,false,"בירה הופייגר פילזנר גרמנית 500 מ""ל",,CZ,בירה הופייגר פילזנר,מיליליטרים,500.00,"100 מ""ל",false,1,7.90,1.58,true,1,
4260423410886,false,"בירה הופייגר חיטה גרמנית 500 מ""ל",,CZ,בירה הופייגר חיטה גר,מיליליטרים,500.00,"100 מ""ל",false,1,7.90,1.58,true,1,
4601513008581,false,רולדה אליונקה בטעם שוקולד חלב 200 גר,,,רולדה אליונקה בטעם ש,גרמים,200.00,100 גרם,false,1,10.50,5.25,true,1,
4601576004025,false,מיונז מצטה חוזייקי זיתים רוטב לסלט 466 ג,,,רוטב תיבול בטעם זיתי,מיליליטרים,480.00,"100 מ""ל",false,1,14.90,3.10,true,1,
4603928000976,false,"וודקה בלוגה נובל 700 מ""ל",,RU,וודקה בלוגה נובל 700,מיליליטרים,700.00,"100 מ""ל",false,1,134.90,19.27,true,1,
4605561011975,false,חתיכות פילה הרינג בשמן 150 גרם,,,חתיכות פילה הרינג בש,גרמים,200.00,100 גרם,false,1,8.90,4.45,true,1,
4605561013009,false,פילה הרינג בשמן 400 גרם,,,פילה הרינג בשמן 400,גרמים,400.00,100 גרם,false,1,18.80,4.70,true,1,
4607012352095,false,גרעיני חמניות מרטין עם מלח 500 גרם,,,גרעיני חמניות מרטין,גרמים,500.00,100 גרם,false,1,31.50,6.30,true,1,
4607026530212,false,כוסמת 900 גרם,,,כוסמת 900 גרם,גרמים,900.00,100 גרם,false,1,11.90,1.32,true,1,
4620032651207,false,גלידת וניל בגביע מילוי ריבת חלב 100 גר,,RU,גלידת וניל בגביע מיל,גרמים,100.00,100 גרם,false,1,6.90,6.90,true,1,
4710068001692,false,"מאסטר קפה לאטה 240 מ""ל",,,מאסטר קפה לאטה 240 מ,מיליליטרים,240.00,"100 מ""ל",false,1,8.20,3.42,true,1,
4710068001715,false,"מאסטר קפה טירמיסו 240 מ""ל",,,מאסטר קפה טירמיסו 24,מיליליטרים,240.00,"100 מ""ל",false,1,8.20,3.42,true,1,
4710068001739,false,"מאסטר קפה קולוביאני 240 מ""ל",,,מאסטר קפה קולוביאני,מיליליטרים,250.00,"100 מ""ל",false,1,8.20,3.28,true,1,
4710068003313,false,"מאסטר קפה אמריקנו 240 מ""ל",,,מאסטר קפה אמריקנו 24,מיליליטרים,240.00,"100 מ""ל",false,1,8.20,3.42,true,1,
4710964170799,false,שומשום שחור קלוי 91 גרם,,,שומשום שחור קלוי 91,גרמים,91.00,100 גרם,false,1,17.90,19.67,true,1,
4750001950946,false,שוקולד מריר 70% 100 גרם ליימה,,,שוקולד מריר 70% 100,גרמים,100.00,100 גרם,false,1,10.90,10.90,true,1,
4750001951141,false,שוקולד מריר אורירי 70% קקאו 90 גר לאימה,,,שוקולד מריר לאימה,גרמים,90.00,100 גרם,false,1,10.90,12.11,true,1,
4750011850809,false,אוכמניות מצופה שוקולד מריר 140 גר ליימה,,,אוכמניות מצופה שוקול,גרמים,140.00,100 גרם,false,1,17.90,12.79,true,1,
4750021008665,false,"וודקה ריגה בלאק קרנברי 700 מ""ל",,,וודקה ריגה בלאק קרנב,מיליליטרים,700.00,"100 מ""ל",false,1,52.90,7.56,true,1,
4750021201295,false,"וודקה ריגה בלאק 500 מ""ל",,,וודקה ריגה בלאק 500,מיליליטרים,500.00,"100 מ""ל",false,1,43.90,8.78,true,1,
4750021221361,false,"וודקה 700 מ""ל RIGA BLACK",,,"וודקה 700 מ""ל RIGA B",מיליליטרים,700.00,"100 מ""ל",false,1,52.90,7.56,true,1,
4750042804505,false,נקטר דומדמנית שחורה 28% ותפו 1 ליטר CIDO,,,נקטר דומדמנית שחורה,מיליליטרים,1000.00,"100 מ""ל",false,1,15.90,1.59,true,1,
4750142016518,false,בירה צסו לא מסוננת 5.4% 568 מל,,,בירה צסו לא מסוננת 5,מיליליטרים,568.00,"100 מ""ל",false,1,8.90,1.57,true,1,
4750817134929,false,שפרוטים מעושנים בשמן צמחי 240 גר,,,שפרוטים מעושנים בשמן,גרמים,240.00,100 גרם,false,1,12.90,5.38,true,1,
4751005700551,false,AMBERFISH שפרוטים מעושנים ברוטב עגבניות 280 גר,,LV,שפרוטים מעושנים ברוט,גרמים,280.00,100 גרם,false,1,17.90,6.39,true,1,
4751007734004,false,פילה סלמון במיץ טבעי 170 גרם,,,פילה סלמון במיץ טבעי,גרמים,170.00,100 גרם,false,1,11.90,7.00,true,1,
4751033540235,false,שוקולד מריר 72% קקאו ללא סוכר 100 גר,,,שוקולד מריר 72% קקאו,גרמים,100.00,100 גרם,false,1,11.90,11.90,true,1,
4751033540419,false,שוקולד מריר 70% קקאו 100 גר GHANA,,RU,שוקולד מריר 70% קקאו,גרמים,100.00,100 גרם,false,1,14.90,14.90,true,1,
4760127706983,false,עוגיות ממולאות בטעם תפוז 200 ג DELIZI,,,עוגיות ממולאות בטעם,גרמים,200.00,100 גרם,false,1,8.90,4.45,true,1,
4770237051804,false,חטיף גבינה וניל 45 גר,,,חטיף גבינה וניל 45 ג,גרמים,4500.00,100 גרם,false,1,4.50,0.10,true,1,
4770237055055,false,שמנת 30% 200 גר,,,30% 200 גר SMETANKA,גרמים,200.00,100 גרם,false,1,11.90,5.95,true,1,
4770265219535,false,גבינה אנגולי מעושנת 150 גר גורמן,,,גבינה אנגולי מעושנת,גרמים,150.00,100 גרם,false,1,12.90,8.60,true,1,
4770275049580,false,טבורוג 5% סבליה 370 גר,,,טבורוג אנלוגי סבליה,גרמים,370.00,100 גרם,false,1,20.90,5.65,true,1,
4770337047431,false,תחליף גבינה 150 גר SVALIA,,,גבינה אנלוגי  150 גר,גרמים,150.00,100 גרם,false,1,12.90,8.60,true,1,
4770337047455,false,תחליף גבינה רוסיסקי 150 גר,,,גבינה אנלוגי רוסיסקי,גרמים,150.00,100 גרם,false,1,12.90,8.60,true,1,
4771632314686,false,בוטנים מצופים בטעם גבינה ובצל 180 גר,,LT,בוטנים מצופים בטעם ג,גרמים,180.00,100 גרם,false,1,17.90,9.94,true,1,
4779036871378,false,גלידת שמנת בטעם וניל בגביע וופל 70 גרם,,UA,גלידת שמנת בטעם וניל,גרמים,70.00,100 גרם,false,1,5.90,8.43,true,1,
4779036871743,false,גלידת שמנת בטעם בננה בגביע וופל 70 גרם,,UA,גלידת שמנת בטעם בננה,גרמים,70.00,100 גרם,false,1,5.90,8.43,true,1,
4779036871750,false,גלידת שמנת בטעם מסטיק בגביע וופל 70 גרם,,UA,גלידת שמנת בטעם מסטי,גרמים,70.00,100 גרם,false,1,5.90,8.43,true,1,
4792032060454,false,"גרין קוקו - מי קוקוס אורגניים 330 מ""ל",,,גרין קוקו - מי קוקוס,מיליליטרים,330.00,"100 מ""ל",false,1,10.50,3.18,true,1,
4793000637005,false,מקלות קינמון ציילון אורגני 50 גרם,,LK,מקלות קינמון ציילון,גרמים,50.00,100 גרם,false,1,18.90,37.80,true,1,
4810065006987,false,חלב מרוכז ממותק דוי פק רוגציוב 380 גרם,,BY,חלב מרוכז ממותק דוי,גרמים,380.00,100 גרם,false,1,14.90,3.92,true,1,
4810168000011,false,פילה הרינג מלוח 250 גר,,,פילה הרינג מלוח 250,גרמים,250.00,100 גרם,false,1,15.60,6.24,true,1,
4810168000998,false,חתיכות פילה הרינג מלוח מצונן בצל 260 גר,,,חתיכות פילה הרינג,גרמים,260.00,100 גרם,false,1,19.80,7.62,true,1,
4810168004156,false,ביצי דג טרוטונית אטלנטי סלמון מעושן 180ג,,,ביצי דג טרוטונית אטל,גרמים,180.00,100 גרם,false,1,18.80,10.44,true,1,
4810168018795,false,חתיכות פילה הרינג מלוח 200 גר,,,חתיכות פילה הרינג מל,גרמים,200.00,100 גרם,false,1,15.60,7.80,true,1,
4810168024512,false,חתיכות פילה הרינג מלוח מצונן תבלין 260גר,,,חתיכות פילה הרינג,גרמים,260.00,100 גרם,false,1,19.80,7.62,true,1,
4810168025793,false,ביצי דג זהבנון מומלח מצונן 130 גר,,,ביצי דג זהבנון מומלח,גרמים,130.00,100 גרם,false,1,17.70,13.62,true,1,
4810168049959,false,בלינצס במילוי גבינת טבורוג מוקפא 360 גר,,BY,בלינצס במילוי גבינת,גרמים,360.00,100 גרם,false,1,15.40,4.28,true,1,
4820003689363,false,נקטר עגבניות עם מלח 1.93 ליטר נאש סוק,,UA,נקטר עגבניות עם מלח,ליטרים,0.00,ליטר,false,1,24.90,24.90,true,1,
4820077081124,false,"שמן חמניות לא מזוכך גרנה 850 מ""ל",,,שמן חמניות לא מזוכך,מיליליטרים,850.00,"100 מ""ל",false,1,12.90,1.52,true,1,
4820077081148,false,"שמן חמניות מזוכך גרנה 850 מ""ל",,,שמן חמניות מזוכך גרנ,מיליליטרים,850.00,"100 מ""ל",false,1,12.90,1.52,true,1,
4820097894025,false,"הפס שיכר סיידר תפוחים בטעם טבעי 330 מ""ל",,,הפס שיכר סיידר תפוחי,מיליליטרים,330.00,"100 מ""ל",false,1,7.90,2.39,true,1,
4820097895190,false,הפס שיכר סיידר תפוחים בטעם דובדבן 330 מל,,,הפס שיכר סיידר תפוחי,מיליליטרים,330.00,"100 מ""ל",false,1,7.90,2.39,true,1,
4820097898238,false,"קוקטייל מוכן סקס און דה ביץ 330 מ""ל",,UA,קוקטייל מוכן סקס און,מיליליטרים,330.00,"100 מ""ל",false,1,8.90,2.70,true,1,
4820097899150,false,"קוקטייל מוכן גין אשכוליות 330 מ""ל",,UA,קוקטייל מוכן גין אשכ,מיליליטרים,330.00,"100 מ""ל",false,1,8.90,2.70,true,1,
4820185231978,false,גלידה פלומביר בלרוסקי 600 גר,,,גלידה פלומביר בלרוסק,גרמים,600.00,100 גרם,false,1,32.90,5.48,true,1,
4820199870019,false,סושקה וניל בקק 300 גר,,,סושקה וניל בקק 300 ג,גרמים,300.00,100 גרם,false,1,8.50,2.83,true,1,
4823006802050,false,שימורי עגבניות ומלפפונים בתחמיץ920 NEZEN,,UA,שימורי עגבניות ומלפפ,גרמים,920.00,100 גרם,false,1,22.90,2.49,true,1,
4823077608513,false,סוכריות קורובקה 205 גרם רושן,,,סוכריות קורובקה 205,גרמים,205.00,100 גרם,false,1,5.90,2.88,true,1,
4823077612732,false,סוכריות קרמל רושן בים בום 200 גר,,UA,סוכריות קרמל רושן בי,גרמים,200.00,100 גרם,false,1,4.50,2.25,true,1,
4823077613203,false,שוקולד רושן מריר + פונדוק שלם 90 גר רושן,,,שוקולד רושן מריר + פ,גרמים,90.00,100 גרם,false,1,7.90,8.78,true,1,
4823077614675,false,ביסקוויט חלב 185 גר רושן,,,ביסקוויט חלב 185 גר,גרמים,185.00,100 גרם,false,1,3.40,1.84,true,1,
4823077614699,false,ביסקוויט וניל 185 גר רושן,,,ביסקוויט וניל 185 גר,גרמים,185.00,100 גרם,false,1,3.40,1.84,true,1,
4823077614804,false,שוקולד חלב נוגט וניל 90 גרם רושן,,,שוקולד חלב נוגט וניל,גרמים,90.00,100 גרם,false,1,4.90,5.44,true,1,
4823077617041,false,באטונציק קרמל 40 גר רושן,,,באטונציק קרמל 40 גר,גרמים,40.00,100 גרם,false,1,3.10,7.75,true,1,
4823077621154,false,באטונציק 43 גר רושן,,,באטונציק 43 גר רושן,גרמים,43.00,100 גרם,false,1,3.10,7.21,true,1,
4823077623714,false,סוכריות כוס חלב 150 גרם רושן,,,סוכריות כוס חלב 150,גרמים,150.00,100 גרם,false,1,5.90,3.93,true,1,
4823077624223,false,גילי בוני פרוט 200 גר SUMMER MIX,,,גילי בוני פרוט 200 ג,גרמים,200.00,100 גרם,false,1,6.90,3.45,true,1,
4823077624247,false,גילי בוני פרוט 200 גר CITRUS MIX,,,גילי בוני פרוט 200 ג,גרמים,200.00,100 גרם,false,1,6.90,3.45,true,1,
4823077624261,false,גילי בוני פרוט 200 גר BERRY MIX,,,גילי בוני פרוט 200 ג,גרמים,200.00,100 גרם,false,1,5.40,2.70,true,1,
4823077625145,false,בונבוניירה רושן דובדבן בליקר דובדבן 155,,UA,בונבוניירה רושן דובד,גרמים,155.00,100 גרם,false,1,12.50,8.06,true,1,
4823077625589,false,וופל וואפרס חלב רושן 216 גר,,UA,וופל וואפרס חלב רושן,גרמים,216.00,100 גרם,false,1,6.20,2.87,true,1,
4823077625602,false,וופל וואפרס שוקולד רושן 216 גר,,UA,וופל וואפרס שוקולד ר,גרמים,216.00,100 גרם,false,1,6.20,2.87,true,1,
4823077625626,false,וופל וואפרס אגוז רושן 216 גר,,UA,וופל וואפרס אגוז רוש,גרמים,216.00,100 גרם,false,1,6.20,2.87,true,1,
4823077626203,false,שוקולד אורירי מריר 80 גר רושן,,UA,שוקולד אורירי מריר 8,גרמים,80.00,100 גרם,false,1,6.80,8.50,true,1,
4823077626227,false,שוקולד אורירי חלב 80 גר רושן,,UA,שוקולד אורירי חלב 80,גרמים,80.00,100 גרם,false,1,6.90,8.63,true,1,
4823077626241,false,שוקולד אורירי לבן קרמל 80 גר רושן,,UA,שוקולד אורירי לבן קר,גרמים,80.00,100 גרם,false,1,6.90,8.63,true,1,
4823077626364,false,שוקולד אורירי לבן 80 גר רושן,,UA,שוקולד אורירי לבן 80,גרמים,80.00,100 גרם,false,1,6.80,8.50,true,1,
4823077631467,false,קרקר עם מלח ים רושן 168 גר,,,קרקר עם מלח ים רושן,גרמים,168.00,100 גרם,false,1,4.90,2.92,true,1,
4823077631474,false,קרקר קלאסי רושן 168 גר,,,קרקר קלאסי רושן 168,גרמים,168.00,100 גרם,false,1,4.90,2.92,true,1,
4823077632112,false,וופל בטעם קקאו חלב רושן 216 גר,,,וופל בטעם קקאו חלב ר,גרמים,216.00,100 גרם,false,1,6.20,2.87,true,1,
4823077632259,false,באטונציק קרם עם בוטנים 38 גר,,,באטונציק קרם עם בוטנ,גרמים,38.00,100 גרם,false,1,3.90,10.26,true,1,
4823077632570,false,שוקולד רושן מריר 85 גר BRUT,,UA,שוקולד רושן מריר 85,גרמים,85.00,100 גרם,false,1,6.80,8.00,true,1,
4823077632594,false,שוקולד רושן חלב עם אגוז שלם  90 גר LACMI,,,שוקולד רושן חלב עם א,גרמים,90.00,100 גרם,false,1,7.90,8.78,true,1,
4823077633690,false,בונבוניירה רושן שוטרס ויסקי 150 גר,,,בונבוניירה רושן שוטר,גרמים,150.00,100 גרם,false,1,12.50,8.33,true,1,
4823077634178,false,עוגיות עם מילוי תפוח קינמון 168 גר LOVIT,,,עוגיות עם מילוי תפוח,גרמים,168.00,100 גרם,false,1,5.90,3.51,true,1,
4823077634192,false,עוגיות עם מילוי דובדבן וניל 168 גר LOVIT,,,עוגיות עם מילוי דובד,גרמים,168.00,100 גרם,false,1,5.90,3.51,true,1,
4823077634420,false,"עוגות אישיות ""TOO COOL"" חלב 270 גר",,,"עוגות אישיות ""TOO CO",גרמים,270.00,100 גרם,false,1,11.90,4.41,true,1,
4823077634741,false,עוגיות עם מילוי תות שדה  168 גר LOVITA,,,עוגיות עם מילוי תות,גרמים,168.00,100 גרם,false,1,5.90,3.51,true,1,
4823077636110,false,עוגיות תפוז 420 גר LOVITA,,,עוגיות תפוז 420 גר L,גרמים,420.00,100 גרם,false,1,14.90,3.55,true,1,
4823077636172,false,וופל רושן בטעם לימון 216 גר,,UA,וופל רושן בטעם לימון,גרמים,216.00,100 גרם,false,1,6.20,2.87,true,1,
4823077636547,false,סוכריות ממולאות פירות בים בום468ג ROSHEN,,,סוכריות ממולאות פירו,גרמים,468.00,100 גרם,false,1,11.90,2.54,true,1,
4823077636608,false,סוכריות טופי במילוי שוקולד 325 גר ROSHEN,,,סוכריות טופי במילוי,גרמים,325.00,100 גרם,false,1,11.90,3.66,true,1,
4823105400805,false,אפונה במי מלח 510 גרם,,,אפונה במי מלח 510 גר,גרמים,510.00,100 גרם,false,1,13.90,2.73,true,1,
4840008017763,false,פרנזלוטה צנימים מיני עם צימוקים 200 גר,,,פרנזלוטה צנימים מיני,גרמים,200.00,100 גרם,false,1,8.30,4.15,true,1,
4860019001414,false,"מים בורגומי 750 מ""ל",,,"מים בורגומי 750 מ""ל",מיליליטרים,750.00,"100 מ""ל",false,1,9.20,1.23,true,1,
4860112621014,false,"מיץ סלק ותפוח עץ טבעי אורגני 300 מ""ל",,גיאורגיה,מיץ סלק ותפוח עץ טבע,מיליליטרים,300.00,"100 מ""ל",false,1,12.90,4.30,true,1,
4903001904192,false,"רוטב סויה יאמסה פרימיום 500 מ""ל",,,רוטב סויה יאמסה 500,מיליליטרים,500.00,"100 מ""ל",false,1,18.80,3.76,true,1,
4978094999219,false,מחית סויה לבנה שירו מיסו 500 גרם,,,מחית סויה לבנה שירו,גרמים,500.00,100 גרם,false,1,21.50,4.30,true,1,
5000111047371,false,רוטב ברביקיו קלאסי 465 גרם,,,רוטב ברביקיו קלאסי 4,גרמים,465.00,100 גרם,false,1,18.90,4.06,true,1,
5000127163195,false,דגני ספיישל קיי 500 גרם,,,דגני ספיישל קיי 500,גרמים,500.00,100 גרם,false,1,27.20,5.44,true,1,
5000157143365,false,"מתבל בטעם מיונז וקטשופ 425 מ""ל",,PL,מתבל בטעם מיונז וקטש,מיליליטרים,425.00,"100 מ""ל",false,1,15.90,3.74,true,1,
5000159304245,false,מ&מס קריספי 36 גרם,,,מ&מס קריספי 36 גרם,גרמים,36.00,100 גרם,false,1,5.50,15.28,true,1,
5000159382694,false,מארס עשירייה 450 גרם,,NL,מארס עשירייה 450 גרם,גרמים,450.00,100 גרם,false,1,27.90,6.20,true,1,
5000159407236,false,חטיף מארס 51 גרם,,,חטיף מארס 51 גרם,גרמים,51.00,100 גרם,false,1,4.90,9.61,true,1,
5000159461122,false,חטיף סניקרס 50 גרם,,,חטיף סניקרס 50 גרם,גרמים,50.00,100 גרם,false,1,4.90,9.80,true,1,
5000213014905,false,בירה גינס 440 מל פחית,,,"בירה גינס 440 מ""ל פח",מיליליטרים,440.00,"100 מ""ל",false,1,17.90,4.07,true,1,
5000289925440,false,"גין גורדון 700 מ""ל",,,"גין גורדון 700 מ""ל",מיליליטרים,700.00,"100 מ""ל",false,1,89.90,12.84,true,1,
5000328601380,false,דוריטוס - רוטב דיפ סלסה חריף 300 גר,,GB,דוריטוס - רוטב דיפ ס,גרמים,300.00,100 גרם,false,1,19.90,6.63,true,1,
5000394137486,false,מארז *4 סוללות דורסל אופטימום AA,,BE,מארז *4 סוללות דורסל,Unknown,0.00,Unknown,false,1,23.00,23.00,true,1,
5000394140820,false,סוללות דורסל פלוס פאוור AA שישיית,,BE,סוללות דורסל פלוס פא,יחידה,1.00,יחידה,false,1,18.60,18.60,true,1,
5000394141209,false,סוללות דורסל פלוס פאוור AAA שישיית,,BE,סוללות דורסל פלוס פא,יחידה,1.00,יחידה,false,1,18.60,18.60,true,1,
5010035068376,false,פוקס עוגיות טריפל שוק ציפס לבן ומריו 180,,,פוקס עוגיות טריפל שו,גרמים,180.00,100 גרם,false,1,12.50,6.94,true,1,
5010035068383,false,פוקס-עוגיות שוק ציפס חצי-מצופות שוק 180ג,,,פוקס-עוגיות שוק ציפס,גרמים,180.00,100 גרם,false,1,12.50,6.94,true,1,
5010038454831,false,בירה בלו מון 330 מל בקבוק,,,בירה בלו מון 330 מל,מיליליטרים,330.00,"100 מ""ל",false,1,13.90,4.21,true,1,
5010314048907,false,"וויסקי מקאלן פיין אוק 12 שנה 700 מ""ל",,,וויסקי מקלן פיין אוק,מיליליטרים,700.00,"100 מ""ל",false,1,279.90,39.99,true,1,
5010677551397,false,"בקרדי בריזר לימון ליים 275 מ""ל",,,בקרדי בריזר לימון לי,מיליליטרים,275.00,"100 מ""ל",false,1,16.80,6.11,true,1,
5010677552387,false,"בקרדי בריזר אננס 275 מ""ל",,,בקרדי בריזר אננס 275,מיליליטרים,275.00,"100 מ""ל",false,1,16.80,6.11,true,1,
5010677554398,false,"בקרדי בריזר אבטיח 275 מ""ל",,,בקרדי בריזר אבטיח,מיליליטרים,275.00,"100 מ""ל",false,1,16.80,6.11,true,1,
5010677714006,false,"גין בומבאי ספייר 700 מ""ל",,,גין בומביי ספייר 700,מיליליטרים,700.00,"100 מ""ל",false,1,119.90,17.13,true,1,
5011007003005,false,"וויסקי אירי גיימסון 700 מ""ל",,,וויסקי אירי גיימסון,גרמים,800.00,100 גרם,false,1,99.90,12.49,true,1,
5011013500680,false,"ליקר שרידנס 700 מ""ל",,,"ליקר שרידנס 700 מ""ל",מיליליטרים,700.00,"100 מ""ל",false,1,109.90,15.70,true,1,
5011157630281,false,"אורז בסמטי טילדה 1 ק""ג",,,אורז בסמטי טילדה 1 ק,גרמים,1000.00,100 גרם,false,1,25.90,2.59,true,1,
5011157730271,false,"אורז יסמין טילדה 1 ק""ג",,,אורז יסמין טילדה 1 ק,גרמים,1000.00,100 גרם,false,1,27.20,2.72,true,1,
5011166055358,false,"בירה קראביס גינגר 330 מ""ל ללא גלוטן",,,בירה קראביס גינגר 33,מיליליטרים,330.00,"100 מ""ל",false,1,14.90,4.52,true,1,
5011348017099,false,"בירה הובגובלין גולד פחית 500 מ""ל",,GB,בירה הובגובלין גולד,מיליליטרים,500.00,"100 מ""ל",false,1,17.90,3.58,true,1,
5012035965587,false,הריבו סאוור ספארקס 175 גרם,,IT,הריבו סאוור ספארקס 1,גרמים,175.00,100 גרם,false,1,9.50,5.43,true,1,
5013635101047,false,חמאת גי 450 גרם,,,חמאת גי 450 גרם,גרמים,450.00,100 גרם,false,1,98.90,21.98,true,1,
5014271795980,false,מעדן סאנט דלפור אוכמניות וחמוציות 284 גר,,,מעדן סאנט דלפור אוכמ,גרמים,284.00,100 גרם,false,1,22.90,8.06,true,1,
5014379009972,false,בירה לאגר באדוויזר פחית 500 מל,,GB,בירה לאגר באדוויזר פ,מיליליטרים,500.00,"100 מ""ל",false,1,9.50,1.90,true,1,
5029053510811,false,תחבושת קוטקס נורמל  +,,,תחבושת קוטקס נורמל,Unknown,0.00,Unknown,false,1,25.90,25.90,true,1,
5029053523446,false,תחבושת קוטקס נייט,,,תחבושת קוטקס נייט,Unknown,0.00,Unknown,false,1,25.90,25.90,true,1,
5030544902121,false,גבינה מעושנת DORSET RED במשקל,,,גבינה מעושנת DORSET,Unknown,0.00,"ק""ג",true,0,147.00,147.00,true,1,
5030544902992,false,גבינת צדר אנגלי 190 גר,,,גבינת צדר אנגלי 190,גרמים,190.00,100 גרם,false,1,35.50,18.68,true,1,
5030544903012,false,גבינת צדר מיושן 190 גר,,,גבינת צדר מיושן 190,גרמים,190.00,100 גרם,false,1,35.50,18.68,true,1,
5032678004870,false,"מי טוניק 200 מ""ל",,GB,"מי טוניק 200 מ""ל",מיליליטרים,200.00,"100 מ""ל",false,1,7.90,3.95,true,1,
5032678004979,false,"טוניק לייט פרנקלין  200 מ""ל",,GB,טוניק לייט פרנקלין,מיליליטרים,200.00,"100 מ""ל",false,1,7.90,3.95,true,1,
5032678006553,false,"מי טוניק אשכולית אדומה 200 מ""ל",,GB,מי טוניק אשכולית אדו,מיליליטרים,200.00,"100 מ""ל",false,1,7.90,3.95,true,1,
5035766044673,false,"סיידר תפוחים סטרונגבאו בודד 330 מ""ל",,,סיידר תפוחים סטרונגב,מיליליטרים,330.00,"100 מ""ל",false,1,8.50,2.58,true,1,
5035766060253,false,מרפיס פחית 500 מל,,,"מרפיס פחית 500 מ""ל",מיליליטרים,500.00,"100 מ""ל",false,1,14.90,2.98,true,1,
5053827193368,false,קלוגס בראנפלקס 500 גרם,,,קלוגס בראנפלקס 500 ג,גרמים,500.00,100 גרם,false,1,25.10,5.02,true,1,
5053827201568,false,"קלוגס-""שוקו קריספיס"" דגני בוקר 330ג",,ES,"קלוגס-""שוקו קריספיס""",גרמים,330.00,100 גרם,false,1,21.90,6.64,true,1,
5053827207102,false,קלוגס-דגני בוקר שוקו קריספיס 330 גר,,ES,קלוגס-דגני בוקר שוקו,גרמים,330.00,100 גרם,false,1,21.90,6.64,true,1,
5053827215862,false,קוקו פופס 500 גרם,,,קוקו פופס 500 גרם,גרמים,500.00,100 גרם,false,1,21.90,4.38,true,1,
5060017740011,false,"גין ברוקרס 700 מ""ל",,,"גין ברוקרס 700 מ""ל",מיליליטרים,700.00,"100 מ""ל",false,1,115.90,16.56,true,1,
5060017740158,false,"גין ברוקרס פינק 700 מ""ל",,,גין ברוקרס פינק 700,מיליליטרים,700.00,"100 מ""ל",false,1,115.90,16.56,true,1,
5060309490143,false,דיאבלו סוכריות ללא סוכר לימון 75 גרם,,GB,דיאבלו סוכריות ללא ס,גרמים,75.00,100 גרם,false,1,10.90,14.53,true,1,
5060319120023,false,תה קינמון אורגני 40 גרם הייר ליבינג,,,תה קינמון אורגני 40,Unknown,0.00,Unknown,false,1,18.90,18.90,true,1,
5060319120108,false,תה ארל גריי אורגני 40 גר הייר ליבינג,,,תה ארל גריי אורגני 4,Unknown,0.00,Unknown,false,1,18.90,18.90,true,1,
5060319120122,false,תה צאי ירוק אורגני 40 גרם הייר ליבינג,,,תה צאי ירוק אורגני,גרמים,40.00,100 גרם,false,1,18.90,47.25,true,1,
5060326870898,false,חטיף ציפס חלבון בטעם ברביקיו מתוק85 ג,,GB,חטיף ציפס חלבון בטעם,גרמים,85.00,100 גרם,false,1,10.40,12.24,true,1,
5060433632464,false,"בירה לומינה 330 מ""ל סרין",,GB,"בירה לומינה 330 מ""ל",מיליליטרים,330.00,"100 מ""ל",false,1,18.90,5.73,true,1,
5060462260539,false,אצבעות וופל קרם אגוזים שוקולד 45 גרם,,ES,אצבעות וופל קרם אגוז,גרמים,45.00,100 גרם,false,1,16.90,37.56,true,1,
5060517886486,false,"מונסטר אנרגי פח 500 מ""ל",,RS,מונסטר אנרגי פח 500,מיליליטרים,500.00,"100 מ""ל",false,1,7.90,1.58,true,1,
5060517886516,false,"מונסטר אנרגי זירו פח 500 מ""ל",,RS,מונסטר אנרגי זירו פח,מיליליטרים,500.00,"100 מ""ל",false,1,7.90,1.58,true,1,
5060639128051,false,"מונסטר ULTRA פחית 500 מ""ל",,RS,מונסטר ULTRA פחית 50,מיליליטרים,500.00,"100 מ""ל",false,1,7.90,1.58,true,1,
5060671000124,false,מיקסרים החדש מיוון בטעם טוניק לימון 200,,,מיקסרים החדש מיוון ב,מיליליטרים,200.00,"100 מ""ל",false,1,9.50,4.75,true,1,
5060751218173,false,"מונסטר פייפליין פאנצ 500 מ""ל",,,מונסטר פייפליין פאנצ,מיליליטרים,500.00,"100 מ""ל",false,1,7.50,1.50,true,1,
5060751219033,false,"מונסטר אולטרה פרדייס 500 מ""ל",,,מונסטר אולטרה פרדייס,מיליליטרים,500.00,"100 מ""ל",false,1,7.50,1.50,true,1,
5099873017623,false,"וויסקי גק דניאלס טנסי אפל 700 מ""ל",,,וויסקי גק דניאלס טנס,מיליליטרים,700.00,"100 מ""ל",false,1,109.90,15.70,true,1,
5201043004412,false,זיתי קלמטה שחורים 200 גר,,,זיתי קלמטה שחורים 37,מיליליטרים,370.00,"100 מ""ל",false,1,15.90,4.30,true,1,
5201583751111,false,ZERO  סוכריות אספרסו קרמי 490 ג,,GR,ZERO  סוכריות אספרסו,גרמים,490.00,100 גרם,false,1,7.50,1.53,true,1,
5201940010110,false,זיתים שחורים מזן קלמטה בפח 454  גרם,,,זיתים שחורים מזן קלמ,גרמים,454.00,100 גרם,false,1,17.90,3.94,true,1,
5202390016141,false,גוש מוצרלה טבעונית לפיצה 400 גר,,,גוש מוצרלה טבעונית ל,גרמים,400.00,100 גרם,false,1,31.90,7.98,true,1,
5208049001452,false,גולדן וירגיניה ירוק 30 גר+נייר PP,,,גולדן וירגיניה ירוק,יחידה,1.00,יחידה,false,1,69.90,69.90,true,1,
5214000101369,false,"שמן זית יווני כתית מעולה 750 מ""ל Oleum",Oleum,,שמן זית יווני כתית מ,מיליליטרים,750.00,"100 מ""ל",false,1,54.90,7.32,true,1,
5400265020709,false,בונ קופידו שוקולד סטיקס מריר תפ  125 גרם,,,בונ קופידו שוקולד סט,גרמים,125.00,100 גרם,false,1,21.60,17.28,true,1,
5400265022826,false,המלט- שוקוליס דפדפי תפוז קריספי  125 גר,,,המלט- שוקוליס דפדפי,גרמים,125.00,100 גרם,false,1,18.40,14.72,true,1,
5400265024349,false,המלט מאפה מבצק עלים מסוכר 250 גר,,,המלט מאפה מבצק עלים,גרמים,250.00,100 גרם,false,1,14.50,5.80,true,1,
5410076933129,false,"אריאל שושן צחור 3 ק""ג",,,"אריאל שושן צחור 3 ק""",קילוגרמים,0.00,"ק""ג",false,1,43.90,43.90,true,1,
5410126106022,false,מארז עוגיות לוטוס 250 גר*2,,,מארז עוגיות לוטוס 25,גרמים,500.00,100 גרם,false,1,18.90,3.78,true,1,
5410126106183,false,ביסקויט לוטוס קרמל 312 גר 50 יח ארוז,,,ביסקויט לוטוס קרמל 3,גרמים,312.00,100 גרם,false,1,19.90,6.38,true,1,
5410126116953,false,ממרח עוגיות לוטוס קרמל 400 גר,,,ממרח עוגיות לוטוס קר,גרמים,400.00,100 גרם,false,1,25.90,6.48,true,1,
5410126666038,false,עוגיות לוטוס 279 גרם,,BE,עוגיות לוטוס 279 גרם,גרמים,279.00,100 גרם,false,1,14.60,5.23,true,1,
5410126716016,false,ביסקויט קרמל לוטוס 250 גר,,,ביסקויט קרמל לוטוס 2,גרמים,250.00,100 גרם,false,1,12.90,5.16,true,1,
5410228141266,false,"בירה סטלה ארטואה 330 מ""ל",,,בירה סטלה ארטואה 330,מיליליטרים,330.00,"100 מ""ל",false,1,6.90,2.09,true,1,
5410228144755,false,"בירה סטלה ארטואה שישייה בקבוק 330 מ""ל",,,שישיית סטלה ארטואה,מיליליטרים,1980.00,"100 מ""ל",false,1,36.90,1.86,true,1,
5410228267508,false,בירה לאגר באדוויזר 330 מל,,GB,בירה לאגר באדוויזר 3,מיליליטרים,330.00,"100 מ""ל",false,1,7.90,2.39,true,1,
5410481080005,false,קרלייר-נוגט אגוזים ושקדים 100 גרם,,BE,קרלייר-נוגט אגוזים ו,גרמים,100.00,100 גרם,false,1,16.40,16.40,true,1,
5410601598038,false,רד בנד טו גו מיקס גומי פירות 200 גרם,,,רד בנד טו גו מיקס גו,גרמים,200.00,100 גרם,false,1,9.90,4.95,true,1,
5411081005696,false,"בירה קסטיל שוקולד (בריסטה) 330 מ""ל",,,בירה קסטיל שוקולד (ב,מיליליטרים,330.00,"100 מ""ל",false,1,12.90,3.91,true,1,
5411081008567,false,"בירה קסטיל נואר (פורטר) נייטרו 300 מ""ל",,,בירה קסטיל נואר (פור,מיליליטרים,330.00,"100 מ""ל",false,1,15.90,4.82,true,1,
5411188081852,false,אלפרו סויה בטעם וניל 1 ליטר,,,אלפרו סויה בטעם וניל,מיליליטרים,1000.00,"100 מ""ל",false,1,17.50,1.75,true,1,
5411188110835,false,אלפרו משקה שקדים 1 ליטר,,,אלפרו משקה שקדים 1 ל,מיליליטרים,1000.00,"100 מ""ל",false,1,15.90,1.59,true,1,
5411188115366,false,אלפרו משקה שיבולת שועל 1 ליטר,,,אלפרו משקה שיבולת שו,מיליליטרים,1000.00,"100 מ""ל",false,1,15.90,1.59,true,1,
5411188115472,false,אלפרו משקה סויה 1 ליטר,,BE,אלפרו משקה סויה 1 לי,מיליליטרים,1000.00,"100 מ""ל",false,1,14.90,1.49,true,1,
5411188543398,false,אלפרו משקה סויה ללא סוכר 1 ליטר,,BE,אלפרו משקה סויה ללא,מיליליטרים,1000.00,"100 מ""ל",false,1,14.90,1.49,true,1,
5411223100579,false,"בירה לינדמנס אפל תפוח 250 מ""ל",,,בירה לינדמנס אפל תפו,מיליליטרים,250.00,"100 מ""ל",false,1,15.90,6.36,true,1,
5411223100838,false,"בירה לינדמנס פיץ אפרסק 250 מ""ל",,,בירה לינדמנס פיץ אפר,מיליליטרים,250.00,"100 מ""ל",false,1,15.90,6.36,true,1,
5411681014005,false,בירה דובל 330 מל,,,"בירה דובל 330 מ""ל",מיליליטרים,330.00,"100 מ""ל",false,1,16.90,5.12,true,1,
5411681038001,false,בירה מרדסו טריפל 330 מל,,,בירה מרדסו טריפל 330,מיליליטרים,330.00,"100 מ""ל",false,1,16.90,5.12,true,1,
5411686700118,false,"בירה לינדמנס פרוטס 250 מ""ל",,,בירה לינדמנס פרוטס 2,מיליליטרים,250.00,"100 מ""ל",false,1,15.90,6.36,true,1,
5413121355082,false,שוקולד בלגי מריר משובח 72 פרסטיז 100 גרם,,,שוקולד בלגי מריר משו,גרמים,100.00,100 גרם,false,1,14.50,14.50,true,1,
5413121355099,false,שוקולד בלגי מריר קפה פרסטיז 100 גרם,,,שוקולד בלגי מריר קפה,גרמים,100.00,100 גרם,false,1,14.50,14.50,true,1,
5413121355105,false,שוקולד בלגי חלב משובח פרסטיז 100 גרם,,,שוקולד בלגי חלב משוב,גרמים,100.00,100 גרם,false,1,14.50,14.50,true,1,
5413121358694,false,שוקולד בלגי מריר משובח 85%פרסטיז 100 גרם,,,שוקולד בלגי מריר משו,גרמים,100.00,100 גרם,false,1,14.50,14.50,true,1,
5413121359981,false,"בלגיאן שוקולד ללת""ס חלב אגוזים  100 גר",,,"בלגיאן שוקולד ללת""ס",גרמים,100.00,100 גרם,false,1,22.90,22.90,true,1,
5413121359998,false,"שוקולד מריר שקד ללת""ס בלגיאן 100 גר",,,"שוקולד מריר שקד ללת""",גרמים,100.00,100 גרם,false,1,22.90,22.90,true,1,
5413121365616,false,שוקולד בלגי מריר  90% בלגיאן 100 גרם,,,שוקולד בלגי מריר  90,גרמים,100.00,100 גרם,false,1,14.50,14.50,true,1,
5413149655522,false,"אריאל שושן צחור 1.25 ק""ג",,,אריאל שושן צחור 1.25,קילוגרמים,0.00,"ק""ג",false,1,23.90,23.90,true,1,
5600787049046,false,"משקה אורגני ע""ב קמבוצה ותה ירוק 400 מ",,PT,"משקה אורגני ע""ב קמבו",מיליליטרים,400.00,"100 מ""ל",false,1,21.90,5.48,true,1,
5601012045505,false,"יין גאזלה 750 מ""ל",,,"יין גאזלה 750 מ""ל",Unknown,0.00,Unknown,false,1,40.90,40.90,true,1,
5601012837636,false,"יין סילק אנד ספייס אדום 750 מ""ל",,,יין סילק אנד ספייס א,Unknown,0.00,Unknown,false,1,65.90,65.90,true,1,
5601045300022,false,משקה גוארנה  אנטרטיקה פחית 355 מל,,,משקה גוארנה  אנטרטיק,מיליליטרים,356.00,"100 מ""ל",false,1,6.90,1.94,true,1,
5601083653104,false,יין סנדמאן פורט פאונדרס רזרב 750 מל,,,סנדמאן פורט פאונדרס,Unknown,0.00,Unknown,false,1,78.90,78.90,true,1,
5601996355485,false,"יין פורטה 6 לבן 750 מ""ל",,PT,יין פורטה 6 לבן 750,Unknown,0.00,Unknown,false,1,49.90,49.90,true,1,
5601996547897,false,"יין פורטה 6 אדום 750 מ""ל",,PT,יין פורטה 6 אדום 750,Unknown,0.00,Unknown,false,1,49.90,49.90,true,1,
5604912415041,false,סרדינים בשמן חמניה פורטוס 125 גרם,,PT,סרדינים בשמן חמניה פ,גרמים,125.00,100 גרם,false,1,7.50,6.00,true,1,
5604912425057,false,מקרלים בשמן חמניה חריף פורטוס 125 גרם,,PT,מקרלים בשמן חמניה חר,גרמים,125.00,100 גרם,false,1,7.50,6.00,true,1,
5701932026964,false,הוט פופ מלוח 600 גרם,,,הוטפופ מלוח 600 גרם,גרמים,600.00,100 גרם,false,1,16.90,2.82,true,1,
5701932026971,false,הוטפופ חמאה 600 גרם,,,הוטפופ חמאה 600 גרם,גרמים,600.00,100 גרם,false,1,16.90,2.82,true,1,
5708209201611,false,עלי טורטייה 320 גר,,,עלי טורטייה 320 גר,גרמים,320.00,100 גרם,false,1,21.70,6.78,true,1,
5708209201628,false,עלי טורטייה 370 גר,,,עלי טורטייה 370 גר,גרמים,370.00,100 גרם,false,1,24.10,6.51,true,1,
5710840209437,false,טבק באלי נטוראל 40 גרם,,,טבק באלי נטוראל 40 ג,Unknown,0.00,Unknown,false,1,95.90,95.90,true,1,
5710840210013,false,טבק באלי לבן 40 גרם,,,טבק באלי לבן 40 גרם,Unknown,0.00,Unknown,false,1,95.90,95.90,true,1,
5711953106583,false,גבינת שמנת טבעי ארלה 200 גר,,IL,גבינת שמנת טבעי ארלה,גרמים,200.00,100 גרם,false,1,17.90,8.95,true,1,
5740900403215,false,ממרח לורפק עם מלח 250 גר,,DK,ממרח לורפק עם מלח 25,גרמים,250.00,100 גרם,false,1,17.90,7.16,true,1,
5740900403222,false,ממרח לורפק עם מלח מופחת שומן 250 גר,,DK,ממרח לורפק עם מלח מו,גרמים,250.00,100 גרם,false,1,19.90,7.96,true,1,
5740900403260,false,ממרח לורפק ללא מלח מופחת שומן 250 גר,,DK,ממרח לורפק ללא מלח מ,גרמים,250.00,100 גרם,false,1,19.90,7.96,true,1,
5740900403284,false,ממרח לורפק ללא מלח 200 גר,,,ממרח לורפק ללא מלח,גרמים,200.00,100 גרם,false,1,11.90,5.95,true,1,
5740900403864,false,לורפק חמאה עם מלח 200 גרם,,DK,לורפק חמאה עם מלח,גרמים,200.00,100 גרם,false,1,11.90,5.95,true,1,
5774540984056,false,אנטון ברג-מרציפן תות שדה ושמפניה 220 גר,,,אנטון ברג-מרציפן תות,גרמים,220.00,100 גרם,false,1,43.90,19.95,true,1,
5900020015174,false,פיטנס חטיף דגנים שוקולד 141 גרם,,,פיטנס חטיף דגנים שוק,גרמים,141.00,100 גרם,false,1,18.90,13.40,true,1,
5900020018908,false,פיטנס חטיף דגנים קרם עוגיות 141 גרם,,,פיטנס חטיף דגנים קרם,גרמים,141.00,100 גרם,false,1,18.90,13.40,true,1,
5900020026552,false,האני נאט ציריוס מלחמת הכוכבים 625 גרם,,,האני נאט ציריוס מלחמ,גרמים,625.00,100 גרם,false,1,27.90,4.46,true,1,
5900020034021,false,פיטנס בר דליס שוקולד בננה  8*23.5 גרם,,PL,פיטנס בר דליס שוקולד,גרמים,188.00,100 גרם,false,1,18.90,10.05,true,1,
5900020036407,false,דגני בוקר שוקולד וקרמל ליון 480 גרם,,FR,דגני בוקר שוקולד וקר,גרמים,480.00,100 גרם,false,1,27.90,5.81,true,1,
5900020037916,false,צריוס שיבולת שועל 375 גרם,,FR,צריוס שיבולת שועל 37,גרמים,375.00,100 גרם,false,1,20.90,5.57,true,1,
5900951291593,false,אם אנד אם קרמל מלוח 70 גרם,,,אם אנד אם קרמל מלוח,גרמים,175.00,100 גרם,false,1,10.90,6.23,true,1,
5900951293610,false,אם אנד אם בראוניז 70 גרם,,,אם אנד אם בראוניז 70,גרמים,175.00,100 גרם,false,1,10.90,6.23,true,1,
5901008990155,false,עגבניות ירוקות-פלפל 840 גר Polan,,PL,עגבניות ירוקות פלפל,גרמים,840.00,100 גרם,false,1,13.90,1.65,true,1,
5901008990292,false,סלט כרוב וגזר כבוש 900 גרם Polan,,PL,סלט כרוב וגזר כבוש 9,גרמים,900.00,100 גרם,false,1,16.90,1.88,true,1,
5901008990322,false,שימורי פטיסונים מוחמצים 860 גר POLAN,,,שימורי פטיסונים מוחמ,גרמים,860.00,100 גרם,false,1,22.90,2.66,true,1,
5901008990339,false,פרוסות מלפפונים מוחמצים 660 גר POLAN,,,פרוסות מלפפונים מוחמ,גרמים,660.00,100 גרם,false,1,16.30,2.47,true,1,
5901008990407,false,שימורי מלפפונים מוחמצים 860 גר POLAN,,,שימורי מלפפונים מוחמ,גרמים,860.00,100 גרם,false,1,20.90,2.43,true,1,
5901008990452,false,כרוב כבוש 900 גר POLAN,,,כרוב כבוש 900 גר POL,גרמים,900.00,100 גרם,false,1,17.90,1.99,true,1,
5901008990599,false,מלפפונים קורנישונים מוחמצים 860 גר POLAN,,,מלפפונים קורנישונים,גרמים,860.00,100 גרם,false,1,22.90,2.66,true,1,
5901046990315,false,חזרת אדומה 180 גר POLAN,,,חזרת אדומה 180 גר PO,גרמים,180.00,100 גרם,false,1,10.90,6.06,true,1,
5902198160403,false,"XL TEN משקה אנרגיה ללא סוכר 250 מ""ל",,,XL TEN משקה אנרגיה,מיליליטרים,250.00,"100 מ""ל",false,1,4.90,1.96,true,1,
5903228101250,false,גונץ-מרשמלו פפה שוקו וניל מצופה 190 גר,,,גונץ-מרשמלו פפה שוקו,גרמים,190.00,100 גרם,false,1,20.90,11.00,true,1,
5906485301012,false,"משקה אנרגיה XL פחית 250 מ""ל",,,משקה אנרגיה XL פחית,מיליליטרים,250.00,"100 מ""ל",false,1,4.90,1.96,true,1,
5998749108536,false,1X8X60G ויסקס טמפסלמון,,,ויסקס טמפ סלמון ביטס,Unknown,0.00,Unknown,false,1,11.90,11.90,true,1,
5998749108550,false,1X8X60Gויסקס טמפציקן&צז,,,ויסקס טמפציקן 60 גר,גרמים,60.00,100 גרם,false,1,11.90,19.83,true,1,
6001495062591,false,"ליקר אמרולה 750 מ""ל",,,ליקר אמרולה,מיליליטרים,750.00,"100 מ""ל",false,1,93.90,12.52,true,1,
6008165271192,false,פאל מאל אדום ארוך האוס חפיסה,,,פאל מאל אדום ארוך הא,Unknown,0.00,Unknown,false,1,30.00,30.00,true,1,
6008165274629,false,פאל מאל כחול ארוך סטרים פילטר חפיסה,,,פאל מאל כחול ארוך סט,Unknown,0.00,Unknown,false,1,30.00,30.00,true,1,
6009522307554,false,"רוטב וורצרטר 250 מ""ל",,ZA,"רוטב וורצרטר 250 מ""ל",מיליליטרים,250.00,"100 מ""ל",false,1,24.90,9.96,true,1,
6009678813985,false,קייפ פודס מטחנת מלח הימלאיה ורוד 390 גרם,,ZA,קייפ פודס מטחנת מלח,גרמים,390.00,100 גרם,false,1,19.80,5.08,true,1,
6111094000242,false,"קוסקוס דארי דק 0.5 ק""ג",,,קוסקוס דארי דק 0.5 ק,גרמים,500.00,100 גרם,false,1,9.90,1.98,true,1,
6297000361154,false,סילאן תמרים אורגני 470 גרם,,,סילאן תמרים אורגני 4,גרמים,470.00,100 גרם,false,1,14.90,3.17,true,1,
6912977000140,false,אטריות שעועית דקות 250 גרם,,,אטריות שעועית דקות 2,גרמים,250.00,100 גרם,false,1,9.90,3.96,true,1,
6920510504369,false,צעצוע מכוניות עם ממתק סוויט בוקס,,,צעצוע מכוניות עם ממת,גרמים,10.00,100 גרם,false,1,13.50,135.00,true,1,
6921052701001,false,אצות ווקאמה 40 גרם,,,אצות ווקאמה 40 גרם,גרמים,40.00,100 גרם,false,1,10.50,26.25,true,1,
6928542902795,false,דפי מנטה חריף,,,פרש דפי מנטה חזקה כח,Unknown,0.00,Unknown,false,1,8.90,8.90,true,1,
6928542902801,false,דפי מנטה עדין,,,דפי מנטה עדין,Unknown,0.00,Unknown,false,1,8.90,8.90,true,1,
6933960500089,false,קנפיו 100 גרם-רצועות דלעת לסושי,,,קנפיו 100 גרם-רצועות,גרמים,100.00,100 גרם,false,1,13.50,13.50,true,1,
6934731200078,false,אטריות טריות דקות 200 גרם,,CN,אטריות טריות דקות 20,גרמים,200.00,100 גרם,false,1,8.30,4.15,true,1,
6934731210138,false,אטריות טריות עבות 200 גרם,,CN,אטריות טריות עבות 20,גרמים,200.00,100 גרם,false,1,8.30,4.15,true,1,
6936745600783,false,חומץ אורז מיצוקאן 500 מל,,,חומץ אורז מיצוקאן 50,מיליליטרים,500.00,"100 מ""ל",false,1,17.90,3.58,true,1,
6974640730167,false,פטריות שיטאקי 100 גרם,,,פטריות שיטאקי 100 גר,גרמים,100.00,100 גרם,false,1,15.90,15.90,true,1,
7271730901261,false,פסטה עם גבינה הכנה מהירה 156 גרם,,,פסטה עם גבינה הכנה מ,גרמים,156.00,100 גרם,false,1,12.90,8.27,true,1,
7290000000157,false,ג ינג יר,,,גינגיר,Unknown,0.00,"ק""ג",true,0,39.90,39.90,true,1,
7290000000374,false,פטריות,,,פטריות,Unknown,0.00,Unknown,false,1,12.90,12.90,true,1,
7290000000603,false,בצל ירוק,,,בצל ירוק,Unknown,0.00,Unknown,false,1,5.90,5.90,true,1,
7290000000617,false,שורש -פטרוזילה,,,שורש -פטרוזילה,Unknown,0.00,Unknown,false,1,5.90,5.90,true,1,
7290000000632,false,שום,,,שום ברשת,Unknown,0.00,Unknown,false,1,12.90,12.90,true,1,
7290000000636,false,תירס ארוז,,,תירס ארוז,Unknown,0.00,"ק""ג",true,0,9.90,9.90,true,1,
7290000000637,false,תרד,,,תרד,Unknown,0.00,Unknown,false,1,12.90,12.90,true,1,
7290000000641,false,אננס טרי,,,אננס טרי,Unknown,0.00,Unknown,false,1,44.90,44.90,true,1,
7290000000673,false,ירק,,,ירק,Unknown,0.00,Unknown,false,1,5.90,5.90,true,1,
7290000000695,false,אספרגוס,,,אספרגוס,Unknown,0.00,Unknown,false,1,29.90,29.90,true,1,
7290000000707,false,פטל,,,פטל,Unknown,0.00,Unknown,false,1,29.90,29.90,true,1,
7290000000824,false,לחמיניה יחידה,,,לחמיניה יחידה,Unknown,0.00,Unknown,false,1,4.00,4.00,true,1,
7290000000858,false,אגס נשי,,,אגס נשי,Unknown,0.00,"ק""ג",true,0,24.90,24.90,true,1,
7290000001104,false,פטריות פרטובלה,,,פטריות פרטובלה,Unknown,0.00,Unknown,false,1,11.90,11.90,true,1,
7290000023083,false,"ערק אשקלון 40% 700 מ""ל",,,ערק אשקלון 40% 700 מ,מיליליטרים,700.00,"100 מ""ל",false,1,56.90,8.13,true,1,
7290000036144,false,קורנפלור גלעם 200 גרם,,,קורנפלור גלעם 200 גר,גרמים,200.00,100 גרם,false,1,6.00,3.00,true,1,
7290000040042,false,יופלה תות 3% 150 גר,,,יופלה תות 3% 150 גרם,גרמים,150.00,100 גרם,false,1,5.40,3.60,true,1,
7290000040066,false,יופלה דובדבן 3%  150 גר,,,יופלה דובדבן 3%  150,גרמים,150.00,100 גרם,false,1,5.40,3.60,true,1,
7290000040080,false,יופלה אפרסק 3% 150 גר,,,יופלה אפרסק 3% 150 ג,גרמים,150.00,100 גרם,false,1,5.40,3.60,true,1,
7290000040301,false,קולאז קממבר עין גדי 125 גרם,,,קולאז קממבר עין גדי,גרמים,125.00,100 גרם,false,1,22.20,17.76,true,1,
7290000040318,false,קולאז ברי בחפיסה 125 גרם,,,קולאז ברי בחפיסה 125,גרמים,125.00,100 גרם,false,1,21.60,17.28,true,1,
7290000040974,false,חלב טרי דל לקטוז 1 ל,,,חלב טרי דל לקטוז 1 ל,מיליליטרים,1000.00,"100 מ""ל",false,1,7.20,0.72,true,1,
7290000041858,false,"שמנת חמוצה 15% 200 מ""ל",,,שמנת חמוצה 15% 200 מ,מיליליטרים,200.00,"100 מ""ל",false,1,2.90,1.45,true,1,
7290000042435,false,חלב דל שומן בקרטון+פקק 1 ליטר 1%,,,חלב דל שומן בקרטון,מיליליטרים,1000.00,"100 מ""ל",false,1,5.86,0.59,true,1,
7290000042640,false,"חלב עמיד 3% 250 מ""ל",,,"חלב עמיד 3% 250 מ""ל",מיליליטרים,250.00,"100 מ""ל",false,1,2.90,1.16,true,1,
7290000042855,false,"שוקו שקית 225 מ""ל",,,"שוקו שקית 225 מ""ל",מיליליטרים,225.00,"100 מ""ל",false,1,2.70,1.20,true,1,
7290000043111,false,חמאה 200 גרם,,,חמאה 200 גרם,גרמים,200.00,100 גרם,false,1,7.80,3.90,true,1,
7290000043814,false,"שמנת עמידה להקצפה 38% 250 מ""ל",,,שמנת עמידה להקצפה 38,גרמים,250.00,100 גרם,false,1,6.47,2.59,true,1,
7290000043890,false,רויון 1.5% 1 ליטר,,,רויון 1.5% 1 ליטר,מיליליטרים,1000.00,"100 מ""ל",false,1,12.00,1.20,true,1,
7290000044712,false,פרילי תות 500 גרם,,,פרילי תות 500 גרם,גרמים,500.00,100 גרם,false,1,11.70,2.34,true,1,
7290000045573,false,גבינה מותכת נעמה 200 גרם,,,גבינה מותכת נעמה 200,גרמים,200.00,100 גרם,false,1,15.90,7.95,true,1,
7290000046327,false,גבינת גלבוע פרוס 200 גרם,,,גבינת גלבוע פרוס 200,גרמים,200.00,100 גרם,false,1,14.50,7.25,true,1,
7290000047942,false,גבינה לבנה  5%  250 גר בדצ,,,גבינה לבנה 5% 250 גר,גרמים,250.00,100 גרם,false,1,4.98,1.99,true,1,
7290000048185,false,גבינה לבנה 5% 250 גר,,,גבינה לבנה 5% 250 גר,גרמים,250.00,100 גרם,false,1,4.98,1.99,true,1,
7290000048192,false,גבינה למריחה 9% 250 גרם,,,גבינה למריחה 9% 250,גרמים,250.00,100 גרם,false,1,4.98,1.99,true,1,
7290000048413,false,גבינה חמד פיראוס 250 גרם,,,גבינה חמד פיראוס 250,גרמים,250.00,100 גרם,false,1,19.10,7.64,true,1,
7290000048437,false,צפתית פיראוס 5% 200 גרם,,,צפתית פיראוס 5% 200,גרמים,200.00,100 גרם,false,1,16.10,8.05,true,1,
7290000050447,false,יופלה תות 3% 500גר,,,יופלה תות 3% 500גר,גרמים,500.00,100 גרם,false,1,14.90,2.98,true,1,
7290000050454,false,יופלה אפרסק 3% 500 גר,,,יופלה אפרסק 3% 500 ג,גרמים,500.00,100 גרם,false,1,14.90,2.98,true,1,
7290000051376,false,יופלה דיאט אננס ספורטיבי 0% 150גר,,,יופלה דיאט אננס ספור,גרמים,150.00,100 גרם,false,1,5.40,3.60,true,1,
7290000052311,false,עמק פרוס בקופסא 200 גר 15% שומן,,,עמק פרוס בקופסא 200,גרמים,200.00,100 גרם,false,1,16.40,8.20,true,1,
7290000055015,false,פיראוס פטה כבשים 5% 250 גר,,,פיראוס פטה כבשים 5%,גרמים,250.00,100 גרם,false,1,29.40,11.76,true,1,
7290000055329,false,משקה יוגורט יופלה בטעם תות-מלון 250 גר,,,משקה יוגורט יופלה בט,גרמים,250.00,100 גרם,false,1,5.70,2.28,true,1,
7290000055336,false,משקה יוגורט יופלה בטעם בננה אפרסק 250 גר,,,משקה יוגורט יופלה בט,גרמים,250.00,100 גרם,false,1,5.70,2.28,true,1,
7290000055350,false,גבינה צהובה חריץ עמק 28% במשקל,,,גבינה צהובה עמק 28%,Unknown,0.00,"ק""ג",true,0,44.79,44.79,true,1,
7290000055893,false,חמאה מהדרין 200 גר,,,חמאה מהדרין 200 גר,גרמים,200.00,100 גרם,false,1,7.80,3.90,true,1,
7290000056272,false,גבינה לבנה עם זיתים 5% 250 גר,,,גבינה לבנה עם זיתים,גרמים,250.00,100 גרם,false,1,5.90,2.36,true,1,
7290000056845,false,חלב קרטון 3% תנובה 1.5 ליטר,,,חלב קרטון 3% תנובה,ליטרים,0.00,ליטר,false,1,9.34,9.34,true,1,
7290000056951,false,"שמנת 15% באריזה עם פקק 500 מ""ל",,,שמנת 15% באריזה עם פ,מיליליטרים,500.00,"100 מ""ל",false,1,18.50,3.70,true,1,
7290000057088,false,עמק דק 200 גרם,,,עמק דק 200 גרם,גרמים,200.00,100 גרם,false,1,16.90,8.45,true,1,
7290000057118,false,גבינה סמי 28% 400 גרם,,,גבינה סמי 28% 400 גר,גרמים,400.00,100 גרם,false,1,23.50,5.88,true,1,
7290000058030,false,משקה יופלה שטוזים יוגורט תות 800 מל,,,משקה יופלה שטוזים,מיליליטרים,800.00,"100 מ""ל",false,1,22.70,2.84,true,1,
7290000060088,false,בייגלה מקלות מלוחים 400 גרם,,,בייגלה מקלות מלוחים,גרמים,400.00,100 גרם,false,1,13.90,3.48,true,1,
7290000060156,false,אטריות ביצים דקות 200 גרם,,,אטריות ביצים דקות 20,גרמים,200.00,100 גרם,false,1,8.50,4.25,true,1,
7290000060163,false,אטריות דקות 400 גרם,,,אטריות דקות 400 גרם,גרמים,400.00,100 גרם,false,1,8.50,2.13,true,1,
7290000060200,false,פתיתים אפויים קוסקוס 500 גרם,,,פתיתים אפויים קוסקוס,גרמים,500.00,100 גרם,false,1,7.90,1.58,true,1,
7290000060217,false,פסטה מקרוני מס 7 500 גר,,,פסטה מקרוני מס 7 500,גרמים,500.00,100 גרם,false,1,6.90,1.38,true,1,
7290000060248,false,פסטה תלתלים (61) 500 גרם,,,פסטה תלתלים (61) 500,גרמים,500.00,100 גרם,false,1,6.90,1.38,true,1,
7290000060316,false,פסטה ספגטי פרפקטו 500 גרם,,,פסטה ספגטי פרפקטו 50,גרמים,500.00,100 גרם,false,1,8.30,1.66,true,1,
7290000060781,false,פסטה מסולסלים (57) 500 גרם,,,פסטה מסולסלים (57) 5,גרמים,500.00,100 גרם,false,1,6.90,1.38,true,1,
7290000060828,false,פסטה קרניים בינוניות (55) 500 גרם,,,פסטה קרניים בינוניות,גרמים,500.00,100 גרם,false,1,6.90,1.38,true,1,
7290000060859,false,פסטה צדפים קטנים (24) 500 גרם,,,פסטה צדפים קטנים (24,גרמים,500.00,100 גרם,false,1,6.90,1.38,true,1,
7290000060880,false,ספגטי (3) 500 גרם,,,ספגטי (3) 500 גרם,גרמים,500.00,100 גרם,false,1,6.90,1.38,true,1,
7290000060903,false,פתיתים אפויים אורז 500 גרם,,,פתיתים אפויים אורז 5,גרמים,500.00,100 גרם,false,1,7.90,1.58,true,1,
7290000061061,false,קרקר בצל 250 גרם,,,קרקר בצל 250 גרם,גרמים,250.00,100 גרם,false,1,11.90,4.76,true,1,
7290000061085,false,"רוטב צילי מתוק 290 מ""ל-בקבוק",,,רוטב צילי מתוק 290 מ,מיליליטרים,290.00,"100 מ""ל",false,1,13.90,4.79,true,1,
7290000061245,false,עוגיות שוקוציפס ממולאות שוקולד 220 גרם,,,עוגיות שוקוציפס ממול,גרמים,220.00,100 גרם,false,1,12.90,5.86,true,1,
7290000061764,false,נסקפה רד מאג 200 גרם,,,נס קפה רד מאג 200 גר,גרמים,200.00,100 גרם,false,1,24.90,12.45,true,1,
7290000063133,false,שקדי מרק 100 גרם -טבעי,,,שקדי מרק 100 גרם -טב,גרמים,100.00,100 גרם,false,1,6.50,6.50,true,1,
7290000063140,false,שקדי מרק 400 גרם -שקית,,,שקדי מרק 400 גרם -שק,גרמים,400.00,100 גרם,false,1,12.90,3.23,true,1,
7290000063157,false,"קמח עוגה תופח מאליו 1 ק""ג",,,קמח עוגה תופח מאליו,גרמים,1000.00,100 גרם,false,1,10.90,1.09,true,1,
7290000064758,false,קוסקוס אמיתי בשקית 350 גרם,,,קוסקוס אמיתי בשקית 3,גרמים,350.00,100 גרם,false,1,9.90,2.83,true,1,
7290000065328,false,חלה מתוקה שאשא,,,חלה מתוקה שאשא,Unknown,0.00,Unknown,false,1,17.90,17.90,true,1,
7290000065335,false,"מנה חמה פירה תפו""א  עם ירקות 55 גרם",,,"מנה חמה פירה תפו""א",גרמים,55.00,100 גרם,false,1,8.80,16.00,true,1,
7290000065557,false,מנה חמה קוסקוס עם ירקות 62 גר,,,מנה חמה קוסקוס עם יר,גרמים,62.00,100 גרם,false,1,8.80,14.19,true,1,
7290000066141,false,ביסלי בטעם גריל 70 גרם,,,ביסלי בטעם גריל 70 ג,גרמים,70.00,100 גרם,false,1,4.70,6.71,true,1,
7290000066172,false,ביסלי בטעם פיצה 70 גרם,,,ביסלי בטעם פיצה 70 ג,גרמים,70.00,100 גרם,false,1,4.70,6.71,true,1,
7290000066196,false,ביסלי בטעם גריל 200 גרם,,,ביסלי בטעם גריל 200,גרמים,200.00,100 גרם,false,1,8.90,4.45,true,1,
7290000066318,false,במבה 80 גרם,,,במבה 80 גרם,גרמים,80.00,100 גרם,false,1,4.90,6.13,true,1,
7290000066332,false,חטיף אפרופו 50 גרם,,,חטיף אפרופו 50 גרם,גרמים,50.00,100 גרם,false,1,5.90,11.80,true,1,
7290000066431,false,פופקו חטיף תירס בטעם חמאה ודבש 80 גרם,,,פופקו חטיף תירס בטעם,גרמים,80.00,100 גרם,false,1,5.50,6.88,true,1,
7290000067735,false,ניוקי בצקיות תפוא 500 גרם,,,"ניוקי בצקיות תפו""א 5",גרמים,500.00,100 גרם,false,1,16.60,3.32,true,1,
7290000068138,false,פודינג אינסטנט בטעם וניל,,,פודינג אינסטנט בטעם,גרמים,80.00,100 גרם,false,1,5.90,7.38,true,1,
7290000068701,false,שקדי מרק רכיבים טבעיים 400 גרם-מיכל,,,שקדי מרק רכיבים טבעי,גרמים,400.00,100 גרם,false,1,17.90,4.48,true,1,
7290000068770,false,במבה יום הולדת 80 גרם,,,במבה יום הולדת 80 גר,גרמים,80.00,100 גרם,false,1,4.90,6.13,true,1,
7290000069364,false,פריכונים מאורז מלא ללא מלח וסוכר 140 גר,,,פריכונים מאורז מלא ל,גרמים,140.00,100 גרם,false,1,8.90,6.36,true,1,
7290000070919,false,בייגלה רשתות מלח 400 גרם,,,בייגלה רשתות מלח 400,גרמים,400.00,100 גרם,false,1,16.70,4.18,true,1,
7290000071008,false,בייגלה שטוחים עם מלח 60 גרם,,,בייגלה שטוחים עם מלח,גרמים,60.00,100 גרם,false,1,3.90,6.50,true,1,
7290000072067,false,במבה במילוי חלווה 60 גרם,,,במבה במילוי חלווה 60,גרמים,60.00,100 גרם,false,1,4.90,8.17,true,1,
7290000072623,false,קטשופ אסם בקבוק לחיץ 750 גרם,,,קטשופ אסם בקבוק לחיץ,גרמים,750.00,100 גרם,false,1,12.90,1.72,true,1,
7290000072753,false,נסקפה טייסטרס צויס 200 גר,,,נסקפה טייסטרס צויס,גרמים,200.00,100 גרם,false,1,32.90,16.45,true,1,
7290000072777,false,נסקפה טייסטרס צויס 200 גרם נטול,,,נסקפה טייסטרס צויס,גרמים,200.00,100 גרם,false,1,39.90,19.95,true,1,
7290000072784,false,נסקפה טייסטרס צויס 100 ג.נטול,,,נסקפה טייסטרס צויס,גרמים,100.00,100 גרם,false,1,31.50,31.50,true,1,
7290000072968,false,דגנים סיני מיניס מלחמת הכוכבים  500 גרם,,,דגנים סיני מיניס מלח,גרמים,375.00,100 גרם,false,1,28.90,7.71,true,1,
7290000073767,false,מנה חמה נודלס אטר.+ירקות טעם בקר 70 גרם,,,מנה חמה נודלס אטר.+י,גרמים,70.00,100 גרם,false,1,7.50,10.71,true,1,
7290000073774,false,מנה חמה נודלס אטר+ירקות טעם צילי 70 גרם,,,מנה חמה נודלס אטר+יר,גרמים,70.00,100 גרם,false,1,7.50,10.71,true,1,
7290000074153,false,פתי בר שוקו 500 גרם,,,פתי בר שוקו 500 גרם,גרמים,500.00,100 גרם,false,1,14.90,2.98,true,1,
7290000074184,false,פתי בר וניל 500 גרם,,,פתי בר וניל 500 גרם,גרמים,500.00,100 גרם,false,1,12.50,2.50,true,1,
7290000074245,false,קרם קרקר 250 גרם,,,קרם קרקר 250 גרם,גרמים,250.00,100 גרם,false,1,11.90,4.76,true,1,
7290000074375,false,קרקר זהב 150 גרם,,,קרקר זהב 150 גרם,גרמים,150.00,100 גרם,false,1,8.50,5.67,true,1,
7290000075204,false,לחמית חיטה מלאה 250 גרם,,,לחמית חיטה מלאה 250,גרמים,250.00,100 גרם,false,1,11.00,4.40,true,1,
7290000076126,false,בייגלה שמיניות קטנות 80 גרם,,,בייגלה שמיניות קטנות,גרמים,80.00,100 גרם,false,1,3.90,4.88,true,1,
7290000076133,false,בייגלה שמיניות קטנות 400 גרם,,,בייגלה שמיניות קטנות,גרמים,400.00,100 גרם,false,1,13.90,3.48,true,1,
7290000077017,false,עוגיות קרמוגית במילוי שוקולד 200 גרם,,,עוגיות קרמוגית במילו,גרמים,200.00,100 גרם,false,1,13.90,6.95,true,1,
7290000077253,false,לחמית כפרית 190 גרם,,,לחמית כפרית 190 גרם,גרמים,190.00,100 גרם,false,1,11.90,6.26,true,1,
7290000078212,false,קרוטונים מתובלים 250 גרם,,,קרוטונים מתובלים 250,גרמים,250.00,100 גרם,false,1,16.90,6.76,true,1,
7290000079233,false,קרם קרקר דיאטטי דל נתרן 250 גרם,,,קרם קרקר דיאטטי דל נ,גרמים,250.00,100 גרם,false,1,13.50,5.40,true,1,
7290000081663,false,בייגלה טבעות עם שומשום 300 גרם,,,בייגלה טבעות עם שומש,גרמים,300.00,100 גרם,false,1,13.90,4.63,true,1,
7290000100135,false,פירות קפואים סנפרוסט דובדבן 300 גר,,IL,פירות קפואים דובדבן,גרמים,300.00,100 גרם,false,1,20.90,6.97,true,1,
7290000100142,false,סמודיז צהוב סנפרוסט 300 גר,,,סמודיז צהוב סנפרוסט,גרמים,300.00,100 גרם,false,1,19.90,6.63,true,1,
7290000101934,false,מיקס פירות יער מוקפא סנפרוסט 300 גרם,,,מיקס פירות יער מוקפא,גרמים,300.00,100 גרם,false,1,19.90,6.63,true,1,
7290000103433,false,לקט ירקות סנפרוסט לתנור 800 גר,,,לקט ירקות סנפרוסט לת,גרמים,800.00,100 גרם,false,1,25.90,3.24,true,1,
7290000103815,false,לקט להקפצה בסגנון תאילנדי 800 גר,,,לקט להקפצה בסגנון תא,גרמים,800.00,100 גרם,false,1,27.20,3.40,true,1,
7290000104201,false,אפונה עדינה 600 גר סנפרוסט,,,אפונה עדינה 600 גר,גרמים,600.00,100 גרם,false,1,19.90,3.32,true,1,
7290000104218,false,במיה  600 גר סנפרוסט,,,במיה  600 גר סנפרוסט,גרמים,600.00,100 גרם,false,1,20.50,3.42,true,1,
7290000104676,false,אפונת גינה 800 גרם-סנפרוסט,,,אפונת גינה 800 גרם,גרמים,800.00,100 גרם,false,1,19.90,2.49,true,1,
7290000104690,false,תירס גרעינים 800 גרם סנפרוסט,,,תירס גרעינים 800 גרם,גרמים,800.00,100 גרם,false,1,19.90,2.49,true,1,
7290000104720,false,שעועית ירוקה חתוכה 800גר סנפרוסט,,,שעועית ירוקה חתוכה 8,גרמים,800.00,100 גרם,false,1,20.90,2.61,true,1,
7290000104744,false,כרובית 800 גר סנפרוסט,,,כרובית 800גר סנפרוסט,גרמים,800.00,100 גרם,false,1,28.50,3.56,true,1,
7290000104751,false,כרוב ניצנים 800גר סנפרוסט,,,כרוב ניצנים 800 גר,גרמים,800.00,100 גרם,false,1,28.20,3.53,true,1,
7290000104799,false,שעועית לבנה 800 גר סנפרוסט,,,שעועית לבנה 800 גרם,גרמים,800.00,100 גרם,false,1,21.70,2.71,true,1,
7290000104805,false,חומוס קפוא סנפרוסט 800 גרם,,,חומוס קפוא סנפרוסט,גרמים,800.00,100 גרם,false,1,19.90,2.49,true,1,
7290000104836,false,שעועית עדינה שלמה 600 גר סנפרוסט,,,שעועית עדינה שלמה 60,גרמים,600.00,100 גרם,false,1,25.90,4.32,true,1,
7290000104881,false,אפונה וגזר 800גר סנפרוסט,,,אפונה וגזר 800 גר,גרמים,800.00,100 גרם,false,1,18.90,2.36,true,1,
7290000107165,false,חטיף סויה סנפרוסט 400 גר,,,חטיף סויה סנפרוסט,גרמים,400.00,100 גרם,false,1,14.90,3.73,true,1,
7290000107189,false,תחתיות ארטישוק 400 גרם סנפרוסט,,,תחתיות ארטישוק 400 ג,גרמים,400.00,100 גרם,false,1,24.90,6.23,true,1,
7290000107295,false,ברוקולי 800 גרם סנפרוסט,,,ברוקולי 800 גרם סנפר,גרמים,800.00,100 גרם,false,1,28.90,3.61,true,1,
7290000110851,false,"כפלי בצל בד""צ 70 גרם",,,"כפלי בצל בד""צ 70 גרם",גרמים,70.00,100 גרם,false,1,6.90,9.86,true,1,
7290000111000,false,שתיה קרה בודד,,,שתיה קרה בודד,Unknown,0.00,Unknown,false,1,1.00,1.00,true,1,
7290000111063,false,מיונז תלמה 250 גרם,,,מיונז תלמה 250 גרם,גרמים,250.00,100 גרם,false,1,7.90,3.16,true,1,
7290000111186,false,מיונז תלמה 500 גרם-צנצנת,,,מיונז תלמה 500 גרם-צ,גרמים,500.00,100 גרם,false,1,11.90,2.38,true,1,
7290000111360,false,חרדל תלמה 250 גרם-צנצנת,,,חרדל תלמה 250 גרם-צנ,גרמים,250.00,100 גרם,false,1,7.50,3.00,true,1,
7290000112237,false,טחינה  1 קג-צנצנת,,,"טחינה  1 ק""ג-צנצנת",גרמים,1000.00,100 גרם,false,1,33.50,3.35,true,1,
7290000112619,false,אבקת מרק עוף קנור 400 גרם-צנצנת,,,אבקת מרק עוף קנור,גרמים,400.00,100 גרם,false,1,22.90,5.73,true,1,
7290000116884,false,רוטב קנור ברביקיו 300 גר,,,רוטב קנור ברביקיו,גרמים,300.00,100 גרם,false,1,13.90,4.63,true,1,
7290000120836,false,מיונז הלמנס 394 גרם,,,מיונז הלמנס 394 גרם,גרמים,433.00,100 גרם,false,1,12.80,2.96,true,1,
7290000120874,false,מיונז הלמנס לייט 424 גרם,,,מיונז הלמנס לייט 424,גרמים,476.00,100 גרם,false,1,12.80,2.69,true,1,
7290000124841,false,מאגדת שוקולד חלב ורד הגליל 3* 100 ג,,,מאגדת שוקולד חלב ורד,גרמים,300.00,100 גרם,false,1,17.90,5.97,true,1,
7290000135045,false,"XL TEN משקה אנרגיה פתוח ללא סוכר 250 מ""ל",,,XL TEN משקה אנרגיה פ,מיליליטרים,250.00,"100 מ""ל",false,1,4.90,1.96,true,1,
7290000135113,false,"פחית XL TEN נענע ליים 250 מ""ל",,,פחית XL TEN נענע ליי,מיליליטרים,250.00,"100 מ""ל",false,1,4.90,1.96,true,1,
7290000135625,false,"רביעיית פחיות גולדסטאר 500 מ""ל",,IL,רביעיית פחיות גולדסט,מיליליטרים,2000.00,"100 מ""ל",false,1,35.90,1.80,true,1,
7290000136288,false,סירופ בטעם תפוחים 330 מל  JUICER,,,סירופ בטעם תפוחים 33,מיליליטרים,330.00,"100 מ""ל",false,1,15.20,4.61,true,1,
7290000136295,false,סירופ בטעם פטל 330 מל  JUICER,,,סירופ בטעם פטל 330 מ,מיליליטרים,330.00,"100 מ""ל",false,1,15.20,4.61,true,1,
7290000136653,false,דיאט נשר מאלט 1.5 ליטר,,IL,דיאט נשר מאלט 1.5 לי,ליטרים,0.00,ליטר,false,1,9.90,9.90,true,1,
7290000136660,false,מי סודה 1.5 ליטר,,IL,מי סודה 1.5 ליטר,ליטרים,0.00,ליטר,false,1,3.70,3.70,true,1,
7290000136790,false,שישיית סודה 1.5 ליטר,,IL,שישיית סודה 1.5 ליטר,ליטרים,0.01,ליטר,false,1,20.70,2070.00,true,1,
7290000136868,false,שישיית מים סאן בנדטו 1.5 ליטר,,IL,שישיית מים סאן בנדטו,ליטרים,0.01,ליטר,false,1,19.90,1990.00,true,1,
7290000136875,false,שישיית סאן בנדטו מוגז  1.5 ליטר,,IL,שישיית סאן בנדטו מוג,ליטרים,0.01,ליטר,false,1,19.90,1990.00,true,1,
7290000137513,false,גלידונית 60 יחידות,,,גלידונית 60 יחידות,גרמים,700.00,100 גרם,false,1,49.90,7.13,true,1,
7290000137643,false,שמיניית טעמקור,,,שמיניית טעמקור,גרמים,400.00,100 גרם,false,1,44.50,11.13,true,1,
7290000149615,false,נקה 7 סבון לתינוק רביעייה,,,נקה 7 סבון לתינוק רב,גרמים,400.00,100 גרם,false,1,14.50,3.63,true,1,
7290000149905,false,טקסטיל שמפו לכביסה 1 ליטר,,,טקסטיל שמפו לכביסה 1,מיליליטרים,1000.00,"100 מ""ל",false,1,18.60,1.86,true,1,
7290000168173,false,ברנפלקס קרנצים 375 גרם,,,ברנפלקס קרנצים 375 ג,גרמים,375.00,100 גרם,false,1,25.90,6.91,true,1,
7290000169798,false,עוגי 20% פחות סוכר 500 גרם,,,עוגי 20% פחות סוכר 5,גרמים,500.00,100 גרם,false,1,26.50,5.30,true,1,
7290000176062,false,קפה עלית טורקי 100 גרם,,,קפה עלית טורקי 100 ג,גרמים,100.00,100 גרם,false,1,9.50,9.50,true,1,
7290000176079,false,קפה עלית טורקי עם הל 100 גרם,,,קפה עלית טורקי עם הל,גרמים,100.00,100 גרם,false,1,10.90,10.90,true,1,
7290000176413,false,קפה נמס עלית 50 גרם,,,קפה נמס עלית 50 גרם,גרמים,50.00,100 גרם,false,1,13.90,27.80,true,1,
7290000176420,false,קפה נמס עלית 200 גרם,,,קפה נמס עלית 200 גרם,גרמים,200.00,100 גרם,false,1,21.90,10.95,true,1,
7290000178707,false,תפוציפס טבעי 50 גרם,,,תפוציפס טבעי 50 גרם,גרמים,50.00,100 גרם,false,1,4.90,9.80,true,1,
7290000178721,false,תפוציפס טבעי 200 גרם,,,תפוציפס טבעי 200 גרם,גרמים,200.00,100 גרם,false,1,10.90,5.45,true,1,
7290000188553,false,מ. תחתון קוטקס סילק נורמל,,,מ. תחתון קוטקס סילק,Unknown,0.00,Unknown,false,1,25.50,25.50,true,1,
7290000189550,false,זוג אשפתון ניקול ענק מתכלה 10 יח,,,XXL ניקול שקיות אשפה,Unknown,0.00,Unknown,false,1,29.90,29.90,true,1,
7290000189598,false,ניקול מטלית לחות חד פעמיות לניקוי כללי,,,ניקול מטלית לחות חד,Unknown,0.00,Unknown,false,1,12.90,12.90,true,1,
7290000189659,false,ניקול מטליות לחות לרצפה,,,ניקול מטליות לחות לר,Unknown,0.00,Unknown,false,1,14.90,14.90,true,1,
7290000189734,false,מטליות לחות לפרקטים,,,מטליות לחות לפרקטים,Unknown,0.00,Unknown,false,1,17.90,17.90,true,1,
7290000190198,false,מטלית ניקול לניקוי חדרי שירותים ואמבט,,,מטלית ניקול לניקוי ח,Unknown,0.00,Unknown,false,1,14.90,14.90,true,1,
7290000195216,false,נייר אפיה 50 יח,,,נייר אפייה ניקול,Unknown,0.00,Unknown,false,1,11.90,11.90,true,1,
7290000195537,false,מגבוני האגיס רביעיה ללא בישום,,,מגבוני האגיס רביעיה,Unknown,0.00,Unknown,false,1,24.90,24.90,true,1,
7290000195773,false,מגבוני האגיס קמומיל רבעייה,,,מגבוני האגיס קמומיל,Unknown,0.00,Unknown,false,1,24.90,24.90,true,1,
7290000197432,false,זוג סנדביצון ענק,,,זוג סנדביצון ענק,Unknown,0.00,Unknown,false,1,16.50,16.50,true,1,
7290000197456,false,האגיס פרידום דריי שלב 4 44 יחידות,,,האגיס פרידום דריי של,Unknown,0.00,Unknown,false,1,45.90,45.90,true,1,
7290000197753,false,זוג ניילון נצמד ניקול,,,זוג ניילון נצמד ניקו,מטרים,60.00,מטר,false,1,13.90,0.23,true,1,
7290000204147,false,כרית ניקול 2 ב - 1,,,כרית ניקול 2 ב - 1,Unknown,0.00,Unknown,false,1,13.90,13.90,true,1,
7290000204215,false,כרית ניקול שישייה,,,כרית ניקול שישייה,Unknown,0.00,Unknown,false,1,13.90,13.90,true,1,
7290000204253,false,מטליות ניקול 9 יח,,,מטליות ניקול 9 יח,Unknown,0.00,Unknown,false,1,13.90,13.90,true,1,
7290000204512,false,מטליות לחות לרצפה בריח לימון ניקול 10 יח,,,מטליות לחות לרצפה בר,Unknown,0.00,Unknown,false,1,14.90,14.90,true,1,
7290000204611,false,ספוגית הקסם ניקול שישייה,,,ספוגית הקסם ניקול שי,Unknown,0.00,Unknown,false,1,13.90,13.90,true,1,
7290000207063,false,פריכוז 260 גרם,,,פריכוז 240 גר,גרמים,240.00,100 גרם,false,1,5.40,2.25,true,1,
7290000207438,false,עגבניות 2.5 A קוביות 850 גרם יכין,,,עגבניות 2.5 A קוביות,גרמים,850.00,100 גרם,false,1,10.90,1.28,true,1,
7290000208022,false,עגבניות 2.5 A  מרוסקות 850 גרם יכין,,,עגבניות 2.5 A  מרוסק,גרמים,850.00,100 גרם,false,1,10.90,1.28,true,1,
7290000208077,false,אפונת גינה רגילה 550 גרם יכין,,,אפונת גינה רגילה 550,גרמים,550.00,100 גרם,false,1,8.90,1.62,true,1,
7290000208114,false,אפונה וגזר יכין 550 גר,,,אפונה וגזר יכין 550,גרמים,550.00,100 גרם,false,1,8.90,1.62,true,1,
7290000208145,false,תירס לייט יכין 550 גרם A2,,,תירס לייט יכין 550 ג,גרמים,550.00,100 גרם,false,1,10.90,1.98,true,1,
7290000208213,false,שעועית יכין אפויה 580 גר A/2,,,שעועית יכין אפויה 58,גרמים,580.00,100 גרם,false,1,9.90,1.71,true,1,
7290000208220,false,שעועית צלי חריף A2,,,שעועית צלי חריף A2,גרמים,550.00,100 גרם,false,1,10.90,1.98,true,1,
7290000208244,false,בסיס לשקשוקה יכין 570 גר,,,בסיס לשקשוקה יכין 57,גרמים,570.00,100 גרם,false,1,10.50,1.84,true,1,
7290000208251,false,שעועית ירוקה יכין 560 גרם,,,שעועית ירוקה יכין 56,גרמים,560.00,100 גרם,false,1,10.90,1.95,true,1,
7290000208312,false,תירס ואקום 400 גרם יכין,,IL,תירס מתוק יכין 400 ג,גרמים,400.00,100 גרם,false,1,7.90,1.98,true,1,
7290000208329,false,תירס גרעינים 550 גר A2 יכין,,,תירס גרעינים 550 גר,גרמים,550.00,100 גרם,false,1,8.90,1.62,true,1,
7290000208336,false,רוטב עגבניות 260 גרם יכין,,,רוטב עגבניות יכין 24,גרמים,240.00,100 גרם,false,1,4.90,2.04,true,1,
7290000208343,false,עגבניות מרוסקות שום 850 גר יכין A 2.5,,,עגבניות מרוסקות שום,גרמים,850.00,100 גרם,false,1,10.90,1.28,true,1,
7290000208367,false,עגבניות מרוסקות בזיליקום יכין 850  A 2.5,,,עגבניות מרוסקות בזיל,גרמים,800.00,100 גרם,false,1,10.90,1.36,true,1,
7290000208404,false,פול יכין 560 גרם,,,פול יכין 560 גרם,גרמים,560.00,100 גרם,false,1,8.90,1.59,true,1,
7290000208428,false,חומוס יכין שלם 550 גר A/2,,,חומוס יכין שלם 550 ג,גרמים,550.00,100 גרם,false,1,8.90,1.62,true,1,
7290000208480,false,תירס בטעם חמאה יכין 500 גר A/2,,,תירס בטעם חמאה יכין,גרמים,550.00,100 גרם,false,1,10.90,1.98,true,1,
7290000208855,false,רוטב לפסטה 260 גרם יכין,,,רוטב לפסטה 260 גרם י,מיליליטרים,260.00,"100 מ""ל",false,1,6.90,2.65,true,1,
7290000208893,false,תירס ואקום לייט 400 גרם יכין,,,תירס ואקום לייט 400,גרמים,400.00,100 גרם,false,1,7.90,1.98,true,1,
7290000208947,false,עגבניות מרוסקות 260 גרם יכין,,,עגבניות מרוסקות 260,גרמים,260.00,100 גרם,false,1,6.90,2.65,true,1,
7290000209012,false,חומץ הדרים 1 ליטר,,,חומץ הדרים 1 ליטר,מיליליטרים,1000.00,"100 מ""ל",false,1,6.90,0.69,true,1,
7290000209371,false,שלישיית תירס יכין 165 גר OZ 6,,,שלישיית תירס יכין 16,גרמים,165.00,100 גרם,false,1,15.90,9.64,true,1,
7290000209388,false,שלישיית תירס לייט יכין 165 גר OZ 6,,,שלישיית תירס לייט יכ,גרמים,165.00,100 גרם,false,1,15.90,9.64,true,1,
7290000209708,false,עגבניות +בזיליקום 260 גרם יכין,,,עגבניות +בזיליקום 26,גרמים,260.00,100 גרם,false,1,6.90,2.65,true,1,
7290000209722,false,רסק עגבניות פריכוז A2 580,,,רסק עגבניות פריכוז A,גרמים,580.00,100 גרם,false,1,10.90,1.88,true,1,
7290000209951,false,רוטב  עגבניות לפיצה 260 גרם יכין,,,רוטב  עגבניות לפיצה,גרמים,260.00,100 גרם,false,1,6.90,2.65,true,1,
7290000209968,false,רוטב  עגבניות ללזניה 260 גרם יכין,,,רוטב  עגבניות ללזניה,גרמים,260.00,100 גרם,false,1,6.90,2.65,true,1,
7290000211169,false,"אורז תאילנדי 1 ק""ג",,,"אורז תאילנדי 1 ק""ג",קילוגרמים,0.00,"ק""ג",false,1,8.30,8.30,true,1,
7290000211442,false,"אורז פרסי 1 ק""ג סוגת",,,"אורז פרסי 1 ק""ג  סוג",גרמים,1000.00,100 גרם,false,1,10.90,1.09,true,1,
7290000211503,false,"סוכר לבן 1 ק""ג",,,"סוכר לבן 1 ק""ג",קילוגרמים,0.00,"ק""ג",false,1,4.80,4.80,true,1,
7290000211985,false,אורז עגול 1 קג,,,אורז עגול 1 קג,גרמים,1000.00,100 גרם,false,1,9.90,0.99,true,1,
7290000238029,false,"בצק עלים מרודד 1 ק""ג מעדנות",,,"בצק עלים מרודד 1 ק""ג",גרמים,1000.00,100 גרם,false,1,24.90,2.49,true,1,
7290000238036,false,מלאווח 700גר מעדנות,,,מלאווח מעדנות 700 גר,גרמים,700.00,100 גרם,false,1,18.90,2.70,true,1,
7290000238173,false,בורקס גבינה מעדנות 800גר,,,בורקס גבינה מעדנות,גרמים,800.00,100 גרם,false,1,25.90,3.24,true,1,
7290000245270,false,"אב.כביסה פרסיל 1.25 ק""ג",,,אב.כביסה פרסיל 1.25,קילוגרמים,0.00,"ק""ג",false,1,20.30,20.30,true,1,
7290000267043,false,שקד מולבן פרוס 100 גרם,,,שקד מולבן פרוס 100 ג,גרמים,100.00,100 גרם,false,1,13.90,13.90,true,1,
7290000267548,false,אגוז גרוס 100 גרם,,,אגוז גרוס 100 גרם,גרמים,100.00,100 גרם,false,1,12.90,12.90,true,1,
7290000267586,false,חמניות קלופיות 150 גר,,,חמניות קלופיות 150 ג,גרמים,150.00,100 גרם,false,1,5.50,3.67,true,1,
7290000267678,false,גרעין דלעת טבעי קלוף 150 גרם,,,גרעין דלעת טבעי קלוף,גרמים,150.00,100 גרם,false,1,14.50,9.67,true,1,
7290000272696,false,מיץ לימון עסיס משומר 1 ליטר-בקבוק,,,מיץ לימון עסיס משומר,מיליליטרים,1000.00,"100 מ""ל",false,1,12.90,1.29,true,1,
7290000272726,false,חומץ טבעי עסיס 5% -1 ליטר,,,חומץ טבעי עסיס 5% -1,מיליליטרים,1000.00,"100 מ""ל",false,1,7.30,0.73,true,1,
7290000286228,false,סנו סושי כרית יפנית שישייה,,,סנו סושי כרית יפנית,Unknown,0.00,Unknown,false,1,14.60,14.60,true,1,
7290000286549,false,סנו סושי מטלית לכל 9 יח,,,סנו סושי מטלית לכל 9,Unknown,0.00,Unknown,false,1,13.90,13.90,true,1,
7290000286945,false,סנו רהיט נוזל+אקדח,,,סנו רהיט נוזל+אקדח,מיליליטרים,500.00,"100 מ""ל",false,1,24.90,4.98,true,1,
7290000287102,false,סנו שמפו שטחים,,,סנו שמפו שטחים,מיליליטרים,600.00,"100 מ""ל",false,1,27.50,4.58,true,1,
7290000287195,false,"סנו רהיט  אירוסול 300 מ""ל",,,סנו רהיט  אירוסול 30,מיליליטרים,300.00,"100 מ""ל",false,1,15.90,5.30,true,1,
7290000287492,false,סנובון  נוזלי לימון 750 מל,,,סנובון  נוזלי לימון,מיליליטרים,750.00,"100 מ""ל",false,1,11.90,1.59,true,1,
7290000288017,false,סנו זאוול לימון 1 ליטר,,,סנו זאוול לימון 1 לי,מיליליטרים,1000.00,"100 מ""ל",false,1,8.90,0.89,true,1,
7290000288109,false,סנו מקסימה א. זאוול שקית 1.25קג,,,סנו מקסימה א. זאוול,קילוגרמים,0.00,"ק""ג",false,1,16.90,16.90,true,1,
7290000288413,false,"סנו די רולאון 50 מ""ל",,,"סנו די רולאון 50 מ""ל",מיליליטרים,50.00,"100 מ""ל",false,1,23.90,47.80,true,1,
7290000288737,false,סנו מקסימה ירוק שקית 1.25 קג מאסק,,,סנו מקסימה ירוק שקית,קילוגרמים,0.00,"ק""ג",false,1,16.90,16.90,true,1,
7290000289069,false,סנו זאוול מרסס לימון 1 ליטר,,,סנו זאוול מרסס לימון,מיליליטרים,1000.00,"100 מ""ל",false,1,19.90,1.99,true,1,
7290000289748,false,סנו פורטה פלוס 750 מל,,,סנו פורטה פלוס 750 מ,מיליליטרים,750.00,"100 מ""ל",false,1,16.90,2.25,true,1,
7290000292687,false,סנובון כחול שלישייה,,,סנובון כחול שלישייה,Unknown,0.00,Unknown,false,1,17.90,17.90,true,1,
7290000292915,false,סנו רסס ונגב 750 מל,,,סנו רסס ונגב 750 מל,מיליליטרים,750.00,"100 מ""ל",false,1,14.90,1.99,true,1,
7290000293943,false,סנו אנטי קאלק מרסס,,,מרסס סנו אנטי קאלק 1,מיליליטרים,1000.00,"100 מ""ל",false,1,18.90,1.89,true,1,
7290000294780,false,סנו זאוול סמיכה 4 ליטר,,,סנו זאוול סמיכה 4 לי,ליטרים,0.00,ליטר,false,1,17.90,17.90,true,1,
7290000295503,false,סנו סושי 150 שקיות בקרטון צמד,,,סנו סושי 150 שקיות ב,Unknown,0.00,Unknown,false,1,15.50,15.50,true,1,
7290000295558,false,סנו סושי צמד רדידי אלומיניום,,,סנו סושי צמד רדידי א,מטרים,15.00,מטר,false,1,10.90,0.73,true,1,
7290000304663,false,סלט טונה פיקנטי יונה 170 גרם,,,סלט טונה פיקנטי יונה,גרמים,170.00,100 גרם,false,1,8.90,5.24,true,1,
7290000313290,false,נודלס אטריות מסולסלות 200 גרם,,,נודלס אטריות מסולסלו,גרמים,200.00,100 גרם,false,1,11.90,5.95,true,1,
7290000315126,false,ציר עוף 300 גרם קנור,,,ציר עוף 300 גרם קנור,גרמים,300.00,100 גרם,false,1,27.80,9.27,true,1,
7290000315133,false,ציר בקר 300 גרם קנור,,,ציר בקר 300 גרם קנור,גרמים,300.00,100 גרם,false,1,27.80,9.27,true,1,
7290000315140,false,קורנפלקס מלא 500 גרם בדץ,,,קורנפלקס מלא 500 גרם,גרמים,500.00,100 גרם,false,1,22.40,4.48,true,1,
7290000334684,false,טבעות בצל 700 גרם תפוגן,,,טבעות בצל 700 גרם תפ,גרמים,700.00,100 גרם,false,1,20.40,2.91,true,1,
7290000341071,false,בדין בייבי 2 ליטר,,,בדין בייבי 2 ליטר,ליטרים,0.00,ליטר,false,1,19.90,19.90,true,1,
7290000345260,false,תה ויסוצקי 25 שקיקים 1.5 גרם,,,תה ויסוצקי 25 שקיקים,Unknown,0.00,Unknown,false,1,8.80,8.80,true,1,
7290000345291,false,תה ארל גריי 25 שקיקים 1.5 גרם,,,תה ארל גריי 25 שקיקי,Unknown,0.00,Unknown,false,1,18.90,18.90,true,1,
7290000346021,false,חליטת קמומיל בבונג גן קסום 50 שקיקים,,,חליטת קמומיל בבונג ג,Unknown,0.00,Unknown,false,1,36.90,36.90,true,1,
7290000346137,false,חליטת הילולי פירות 25 שקיקים גן קסום,,,חליטת הילולי פירות,Unknown,0.00,Unknown,false,1,19.90,19.90,true,1,
7290000346199,false,חליטת פירות היער 25 שקיקים גן קסום,,,חליטת פירות היער 25,Unknown,0.00,Unknown,false,1,19.90,19.90,true,1,
7290000346205,false,חליטת קמומיל 25 שקיקים הגן קסום,,,חליטת קמומיל 25 שקיק,Unknown,0.00,Unknown,false,1,19.90,19.90,true,1,
7290000347752,false,תה ירוק לימונית לואיזה 25 שקיקים 1.5 גרם,,,תה ירוק לימונית לואי,Unknown,0.00,Unknown,false,1,26.90,26.90,true,1,
7290000363899,false,נקניקיות פיקנטיות 400 גרםטירת צבי,,,נקניקיות פיקנטיות,גרמים,400.00,100 גרם,false,1,14.90,3.73,true,1,
7290000364261,false,סלסולי כתף בקר 120גר טירת צבי,,,סלסולי כתף בקר 120גר,גרמים,120.00,100 גרם,false,1,17.90,14.92,true,1,
7290000364278,false,סלסולי סלמי איטלקי משובח  120גרטירת צבי,,,סלסולי סלמי איטלקי,גרמים,120.00,100 גרם,false,1,17.90,14.92,true,1,
7290000364285,false,סלסולי פסטרמה הודו  120גרטירת צבי,,,סלסולי פסטרמה הודו,גרמים,120.00,100 גרם,false,1,17.90,14.92,true,1,
7290000364292,false,סלסולי גחלים 120גר טירת צבי,,,סלסולי גחלים 120גר,גרמים,120.00,100 גרם,false,1,17.90,14.92,true,1,
7290000364858,false,"טירת צבי נקניקיות עוף טרי 1 ק""ג",,,טירת צבי נקניקיות עו,קילוגרמים,0.00,"ק""ג",false,1,27.90,27.90,true,1,
7290000364872,false,נקניקיות עוף 400 גרםטירת צבי,,,נקניקיות עוף 400 גרם,גרמים,400.00,100 גרם,false,1,14.90,3.73,true,1,
7290000367590,false,צמד כפרי טירת צבי 800 גרם,,,צמד כפרי טירת צבי,גרמים,800.00,100 גרם,false,1,30.90,3.86,true,1,
7290000377612,false,"פריגת סחוט תפוז 400 מ""ל",,,פריגת סחוט תפוז 400,מיליליטרים,400.00,"100 מ""ל",false,1,10.90,2.73,true,1,
7290000390536,false,לבבות חסה,,,לבבות חסה,Unknown,0.00,Unknown,false,1,11.90,11.90,true,1,
7290000408316,false,יוגורט דנונה דל לקטוז 200 גרם,,,דנונה דל לקטוז,גרמים,200.00,100 גרם,false,1,3.70,1.85,true,1,
7290000408354,false,דנונה בר פצפוצים 173 גר,,,דנונה בר פצפוצים 173,גרמים,173.00,100 גרם,false,1,4.80,2.77,true,1,
7290000412481,false,סנו מנקה אסלות 00 1 ליטר,,,סנו מנקה אסלות 00 1,מיליליטרים,1000.00,"100 מ""ל",false,1,9.90,0.99,true,1,
7290000416021,false,ממרח השחר 500 גרם,,,ממרח השחר 500 גרם,גרמים,500.00,100 גרם,false,1,14.90,2.98,true,1,
7290000419909,false,קפה לנדוור טעם אקספרסו טחון טורקי 100ג,,,קפה לנדוור טעם אקספר,גרמים,100.00,100 גרם,false,1,8.90,8.90,true,1,
7290000430102,false,"קוביות קרח 2 ק""ג",,,"קוביות קרח 2 ק""ג",קילוגרמים,0.00,"ק""ג",false,1,10.90,10.90,true,1,
7290000432663,false,נרות חימום 10 קוד,,,נרות חימום 10 קוד,Unknown,0.00,Unknown,false,1,6.20,6.20,true,1,
7290000446547,false,חמאת בוטנים ב.ד 350 גרם,,,חמאת בוטנים טבעית בט,גרמים,350.00,100 גרם,false,1,16.90,4.83,true,1,
7290000446554,false,חמאת בוטנים טבעית בט,,,חמאת בוטנים טבעית בט,גרמים,1000.00,100 גרם,false,1,33.90,3.39,true,1,
7290000453781,false,שמרים יבשים שמרית 125 גרם,,PT,שמרים יבשים שמרית 12,גרמים,125.00,100 גרם,false,1,7.50,6.00,true,1,
7290000461625,false,בייגלה שמיניות מלוח 400 גרם,,,בייגלה שמיניות מלוח,גרמים,400.00,100 גרם,false,1,13.90,3.48,true,1,
7290000461656,false,בייגלה אחד אחד 400 גרם,,,בייגלה אחד אחד 400 ג,גרמים,400.00,100 גרם,false,1,13.90,3.48,true,1,
7290000461700,false,בייגל גדול גדול 400 גרם,,,בייגל גדול גדול 400,גרמים,400.00,100 גרם,false,1,16.90,4.23,true,1,
7290000461724,false,בייגל גדול גדול שומשום 400 גרם,,,בייגל גדול גדול שומש,גרמים,400.00,100 גרם,false,1,17.70,4.43,true,1,
7290000462172,false,סחוג זהבי ירוק חריף 150 גרם,,,סחוג זהבי ירוק חריף,גרמים,150.00,100 גרם,false,1,10.90,7.27,true,1,
7290000474502,false,גבינה לבנה 5% 250 גר,,,גבינה לבנה 5%,גרמים,250.00,100 גרם,false,1,4.98,1.99,true,1,
7290000474540,false,טוב טעם 250 גרם,,,טוב טעם 250 גרם,גרמים,250.00,100 גרם,false,1,12.90,5.16,true,1,
7290000480107,false,קוואקר שיבולת שועל פחית 500 גר,,,קוואקר שיבולת שועל פ,גרמים,500.00,100 גרם,false,1,14.90,2.98,true,1,
7290000480442,false,קוואקר 500 גרם שקית,,,קוואקר 500 גרם שקית,גרמים,500.00,100 גרם,false,1,14.80,2.96,true,1,
7290000482033,false,קוקי ענק שקיות לצליה 5 יח,,,קוקי ענק שקיות לצליה,Unknown,0.00,Unknown,false,1,11.50,11.50,true,1,
7290000484747,false,"ערק עלית 40% 700 מ""ל",,,"ערק עלית 40% 700 מ""ל",מיליליטרים,700.00,"100 מ""ל",false,1,59.90,8.56,true,1,
7290000493183,false,אבקת רוטב פטריות לבשר-30 גרם,,,אבקת רוטב פטריות לבש,גרמים,30.00,100 גרם,false,1,5.50,18.33,true,1,
7290000518336,false,MOOOSH צמר גפן מתוק,,IL,MOOOSH צמר גפן מתוק,גרמים,10.00,100 גרם,false,1,5.20,52.00,true,1,
7290000523125,false,מלח הארץ ים יבש  250 גרם,,,מלח הארץ ים יבש  250,גרמים,250.00,100 גרם,false,1,6.70,2.68,true,1,
7290000523224,false,מלח הארץ ים יבש  500 גרם,,,מלח הארץ ים יבש  500,גרמים,500.00,100 גרם,false,1,8.90,1.78,true,1,
7290000523521,false,מלח הארץ מועשר ביוד 250 גרם,,,מלח הארץ מועשר ביוד,גרמים,250.00,100 גרם,false,1,7.50,3.00,true,1,
7290000525969,false,מיץ תפוזים סחוט 1 ל פרימור,,,מיץ תפוזים סחוט 1 ל,מיליליטרים,1000.00,"100 מ""ל",false,1,17.90,1.79,true,1,
7290000540160,false,"עוגיות ללת""ס 500 גר",,,עוגיות מקלח מלא,גרמים,500.00,100 גרם,false,1,18.90,3.78,true,1,
7290000540931,false,עוגיות האחים 400 גרם פירמידה,,,עוגיות האחים 400 גרם,גרמים,400.00,100 גרם,false,1,14.90,3.73,true,1,
7290000554402,false,מעדן מלבי 160 גר,,,מעדן מלבי 160 גר,גרמים,160.00,100 גרם,false,1,6.20,3.88,true,1,
7290000554457,false,צפתית מיני 5% 350 גרם,,,צפתית מיני 5% 350 גר,גרמים,350.00,100 גרם,false,1,25.50,7.29,true,1,
7290000554471,false,מוצרלה 180 גרם,,,מוצרלה 180 גרם,גרמים,180.00,100 גרם,false,1,18.90,10.50,true,1,
7290000554600,false,מוצרלה מגורדת 300 גרם,,,מוצרלה מגורדת 300 גר,גרמים,300.00,100 גרם,false,1,25.50,8.50,true,1,
7290000554624,false,מעדן ירח מתוק 150 גר,,,מעדן ירח מתוק 150 גר,גרמים,150.00,100 גרם,false,1,6.10,4.07,true,1,
7290000554686,false,לבנה בשמן זית וזעתר 250 גר,,,לבנה בשמן זית וזעתר,גרמים,250.00,100 גרם,false,1,16.90,6.76,true,1,
7290000554822,false,ריקוטה 250 גרם,,,ריקוטה 250 גרם,גרמים,250.00,100 גרם,false,1,15.90,6.36,true,1,
7290000554839,false,גבינת מסקרפונה 250 גרם,,,גבינת מסקרפונה 250 ג,גרמים,250.00,100 גרם,false,1,21.90,8.76,true,1,
7290000555501,false,פיקדון 30 אגורות,,,פיקדון 30 אגורות,Unknown,0.00,Unknown,false,1,0.30,0.30,true,1,
7290000652177,false,נתחי פילה נסיכת הנילוס קפוא,,,נתחי פילה נסיכת הניל,Unknown,0.00,"ק""ג",true,0,79.90,79.90,true,1,
7290000663135,false,קוביות סלמון 100% דג קפוא 300 גרם,,,קוביות סלמון 100% דג,גרמים,300.00,100 גרם,false,0,39.90,13.30,true,1,
7290000688077,false,מי עדן פקק גדיל 500 מל,,,"מי עדן 500 מ""ל",מיליליטרים,500.00,"100 מ""ל",false,1,1.90,0.38,true,1,
7290000688176,false,"מי עדן בייבי 250 מ""ל",,,"מי עדן בייבי 250 מ""ל",מיליליטרים,250.00,"100 מ""ל",false,1,3.50,1.40,true,1,
7290000690536,false,לבבות חסה שטופה,,,לבבות חסה שטופה,Unknown,0.00,Unknown,false,1,11.90,11.90,true,1,
7290000982113,false,עגבניית טעם,,,עגבניית טעם,Unknown,0.00,"ק""ג",true,0,19.90,19.90,true,1,
7290000993560,false,שרי מנומר,,,שרי מנומר,Unknown,0.00,Unknown,false,1,14.90,14.90,true,1,
7290000995410,false,נבטים סינים,,,נבטים סינים,Unknown,0.00,Unknown,false,1,11.90,11.90,true,1,
7290001045688,false,"תפוזים סחוט 400 מ""ל פרימור",,,"תפוזים סחוט 400 מ""ל",מיליליטרים,400.00,"100 מ""ל",false,1,11.90,2.98,true,1,
7290001072127,false,אל סבון ירוק+משאבה 1ל נובו,,,אל סבון ירוק+משאבה 1,Unknown,0.00,Unknown,false,12,10.90,10.90,true,1,
7290001111500,false,לחם מחמצת בטעמים 700 גרם,,,לחם מחמצת בטעמים 700,גרמים,700.00,100 גרם,false,1,18.50,2.64,true,1,
7290001216040,false,טחינה 500 גרם טחינת אל-ארז,,,טחינה 500 גרם טחינת,גרמים,500.00,100 גרם,false,1,18.90,3.78,true,1,
7290001230234,false,כאמל סופט חפיסה,,,כאמל סופט חפיסה,Unknown,0.00,Unknown,false,1,30.90,30.90,true,1,
7290001230331,false,כאמל בוקס חפיסה,,,כאמל בוקס חפיסה,Unknown,0.00,Unknown,false,1,30.90,30.90,true,1,
7290001230739,false,כאמל כחול חפיסה,,,כאמל כחול חפיסה,Unknown,0.00,Unknown,false,1,30.90,30.90,true,1,
7290001231233,false,ווינסטון בוקס חפיסה,,,ווינסטון בוקס חפיסה,Unknown,0.00,Unknown,false,1,33.00,33.00,true,1,
7290001231932,false,ווינסטון כחול בוקס חפיסה,,,ווינסטון כחול בוקס ח,Unknown,0.00,Unknown,false,1,33.00,33.00,true,1,
7290001235938,false,ווינסטון כחול ארוך,,,ווינסטון כחול ארוך,Unknown,0.00,Unknown,false,1,33.00,33.00,true,1,
7290001246238,false,"תרסיס מטהר אוויר פריחה 300 מ""ל טאצ",,,תרסיס מטהר אוויר פרי,Unknown,0.00,Unknown,false,1,5.50,5.50,true,1,
7290001246276,false,"תרסיס מטהר אוויר אורנים 300 מ""ל טאצ",,,תרסיס מטהר אוויר אור,Unknown,0.00,Unknown,false,1,5.50,5.50,true,1,
7290001246764,false,נוזל רצפות ספא מפנק  2 ליטר טאצ,,,נוזל רצפות ספא מפנק,Unknown,0.00,Unknown,false,1,19.90,19.90,true,1,
7290001247082,false,קרטונית נקטר ספרינג עגבניות 1 ליטר,,,קרטונית נקטר ספרינג,מיליליטרים,1000.00,"100 מ""ל",false,1,7.60,0.76,true,1,
7290001247099,false,קרטונית נקטר ספרינג מנגו 1 ליטר,,,קרטונית נקטר ספרינג,מיליליטרים,1000.00,"100 מ""ל",false,1,7.40,0.74,true,1,
7290001247112,false,קרטונית נקטר ספרינג לימונענע 1 ליטר,,,קרטונית נקטר ספרינג,מיליליטרים,1000.00,"100 מ""ל",false,1,7.40,0.74,true,1,
7290001247129,false,קרטונית נקטר ספרינג תפוזים,,,קרטונית נקטר ספרינג,מיליליטרים,1000.00,"100 מ""ל",false,1,7.40,0.74,true,1,
7290001247143,false,קרטונית נקטר ספרינג תפוחים,,,קרטונית נקטר ספרינג,מיליליטרים,1000.00,"100 מ""ל",false,1,7.40,0.74,true,1,
7290001343845,false,"גרנולה פירות 1 ק""ג ורוד שקדיה",,,"גרנולה פירות 1 ק""ג ו",גרמים,1000.00,100 גרם,false,1,22.90,2.29,true,1,
7290001356166,false,סלמון מעושן 100 גרם,,,סלמון מעושן 100 גרם,גרמים,100.00,100 גרם,false,1,25.00,25.00,true,1,
7290001361016,false,עוגה גינגית  600 גרם,,,עוגה גינגית  600 גרם,גרמים,600.00,100 גרם,false,1,47.90,7.98,true,1,
7290001361054,false,אקלרים וניל 600 גרם,,,אקלרים וניל 600 גרם,גרמים,600.00,100 גרם,false,1,45.90,7.65,true,1,
7290001361085,false,עוגת נפוליאון,,,עוגת נפוליאון,גרמים,600.00,100 גרם,false,1,47.90,7.98,true,1,
7290001361092,false,עוגת פיצוץ 400 גר,,,עוגת פיצוץ,גרמים,400.00,100 גרם,false,1,49.90,12.48,true,1,
7290001361924,false,פס גבינה פרורוים 500 גר,,,פס גבינה פרורוים 500,גרמים,500.00,100 גרם,false,1,41.90,8.38,true,1,
7290001361931,false,פחזניות במילוי גבינה 350גר,,,פחזניות במילוי גבינה,גרמים,450.00,100 גרם,false,1,38.90,8.64,true,1,
7290001407547,false,טחינה משומשום מלא פי 6 500 גרם,,,טחינה משומשום מלא פי,גרמים,500.00,100 גרם,false,1,18.50,3.70,true,1,
7290001468753,false,קמח תפוא 500 גרם,,,קמח תפוא 500 גרם,גרמים,500.00,100 גרם,false,1,7.90,1.58,true,1,
7290001581094,false,כנפיים עוף ללא נוצות טרי,,,כנפיים עוף ללא נוצות,Unknown,0.00,"ק""ג",true,0,18.90,18.90,true,1,
7290001594025,false,קוקה קולה קלאסי 350 מל,,,קוקה קולה קלאסי 350,מיליליטרים,350.00,"100 מ""ל",false,1,6.60,1.89,true,1,
7290001594155,false,"קוקה קולה 500 מ""ל",,,"קוקה קולה 500 מ""ל",מיליליטרים,500.00,"100 מ""ל",false,1,8.50,1.70,true,1,
7290001594230,false,קינלי סודה 250 מל,,,"קינלי סודה 250 מ""ל",מיליליטרים,250.00,"100 מ""ל",false,1,4.00,1.60,true,1,
7290001594377,false,"פריגת תפוזים 500 מ""ל",,,"פריגת תפוזים 500 מ""ל",מיליליטרים,500.00,"100 מ""ל",false,1,5.90,1.18,true,1,
7290001594544,false,טובורג מאלט בקבוק 330 מ|ל,,,טובורג מאלט בקבוק 33,מיליליטרים,330.00,"100 מ""ל",false,1,6.50,1.97,true,1,
7290001594568,false,"קרלסברג פחית 500 מ""ל",,,"קרלסברג פחית 500 מ""ל",מיליליטרים,500.00,"100 מ""ל",false,1,9.90,1.98,true,1,
7290001594575,false,"טובורג 500 מ""ל",,,"בירה טובורג 500 מ""ל",מיליליטרים,500.00,"100 מ""ל",false,1,9.90,1.98,true,1,
7290001594810,false,"שישיית  מאלט 330 מ""ל בקבוקים",,,"שישיית מאלט 330 מ""ל",מיליליטרים,1980.00,"100 מ""ל",false,1,32.90,1.66,true,1,
7290001594858,false,"טובורג רד שישייה בקבוק 330 מ""ל",,,טובורג רד שישייה בקב,מיליליטרים,1980.00,"100 מ""ל",false,1,39.90,2.02,true,1,
7290001594865,false,"קרלסברג שישיה בקבוק 330 מ""ל",,,קרלסברג שישיה בקבוק,מיליליטרים,1980.00,"100 מ""ל",false,1,36.90,1.86,true,1,
7290001791349,false,פסגה אקונומיקה 4 ליטר,,,פסגה אקונומיקה 4 ליט,ליטרים,0.00,ליטר,false,1,11.90,11.90,true,1,
7290001975992,false,"בירה ויינשטפן 330 מ""ל",,,"בירה ויינשטפן 330 מ""",מיליליטרים,330.00,"100 מ""ל",false,1,14.90,4.52,true,1,
7290002026983,false,"בן&גריס שוקולד בצק עוגיות 500 מ""ל",,IL,בן&גריס שוקולד בצק ע,מיליליטרים,500.00,"100 מ""ל",false,1,25.90,5.18,true,1,
7290002073628,false,גאודה אגוזים הולנדי במשקל,,,גאודה אגוזים הולנדי,Unknown,0.00,"ק""ג",true,0,147.00,147.00,true,1,
7290002073635,false,גאודה פסטו הולנדי במשקל,,,גאודה פסטו הולנדי במ,Unknown,0.00,"ק""ג",true,0,139.00,139.00,true,1,
7290002073864,false,תום כבשים דותן במשקל,,,תום כבשים דותן במשקל,Unknown,0.00,"ק""ג",true,0,196.00,196.00,true,1,
7290002075233,false,אייסקונפקט 250 גרם,,,אייסקונפקט 250 גרם,גרמים,250.00,100 גרם,false,1,18.60,7.44,true,1,
7290002130574,false,דבש טהור 500 גר יד מרדכי זכוכית,,,דבש טהור יד מרדכי500,גרמים,500.00,100 גרם,false,1,29.90,5.98,true,1,
7290002204220,false,אוכמניות,,,אוכמניות,Unknown,0.00,Unknown,false,1,19.90,19.90,true,1,
7290002253006,false,שום כתוש בצנצנת 200 גר דורות,,,שום כתוש בצנצנת 200,גרמים,200.00,100 גרם,false,1,19.90,9.95,true,1,
7290002253105,false,מגשית שום טרי דורות 80ג,,,מגשית שום טרי דורות,גרמים,80.00,100 גרם,false,1,16.90,21.13,true,1,
7290002263562,false,"מיץ לימון משומר 200 מ""ל",,,מיץ לימון משומר 200,מיליליטרים,200.00,"100 מ""ל",false,0,7.50,3.75,true,1,
7290002263661,false,"מיץ לימון 100% טבעי 250 מ""ל",,IT,מיץ לימון 100% טבעי,מיליליטרים,250.00,"100 מ""ל",false,0,8.00,3.20,true,1,
7290002331018,false,נביעות 500 מל,,,"נביעות 500 מ""ל",מיליליטרים,500.00,"100 מ""ל",false,1,4.90,0.98,true,1,
7290002331025,false,נביעות 500 מל פקק ספורט,,,"נביעות 500 מ""ל",מיליליטרים,500.00,"100 מ""ל",false,1,5.90,1.18,true,1,
7290002331094,false,נביעות בודד 755 מל,,,"נביעות בודד 755 מ""ל",מיליליטרים,755.00,"100 מ""ל",false,1,5.90,0.78,true,1,
7290002331124,false,מים נביעות בטעם תפוח 0.5 ליטר,,,מים נביעות בטעם תפוח,מיליליטרים,500.00,"100 מ""ל",false,1,7.90,1.58,true,1,
7290002331421,false,שישיית נביעות 755 מל,,,"שישיית נביעות 755 מ""",מיליליטרים,4530.00,"100 מ""ל",false,1,17.90,0.40,true,1,
7290002331476,false,"מים נביעות בייב 330 מ""ל",,,מים נביעות בייב 330,מיליליטרים,250.00,"100 מ""ל",false,1,2.90,1.16,true,1,
7290002331483,false,שישיית מים נביעות בייב 330 מל,,,שישיית מים נביעות בי,מיליליטרים,1980.00,"100 מ""ל",false,1,14.90,0.75,true,1,
7290002331711,false,מים נביעות בטעם ענבים  0.5 ליטר,,,מים נביעות בטעם ענבי,מיליליטרים,500.00,"100 מ""ל",false,1,7.90,1.58,true,1,
7290002353836,false,סרדינים רוברט בשמן זית 120 גר,,,סרדינים רוברט בשמן,גרמים,120.00,100 גרם,false,1,8.90,7.42,true,1,
7290002360278,false,תה חליטת פומפדור מנטה 20 יח,,,תה חליטת מנטה 20 יח,Unknown,0.00,Unknown,false,1,18.90,18.90,true,1,
7290002360285,false,תה חליטת פומפדור קמומיל 20 יח,,,תה חליטת קמומיל 20 י,Unknown,0.00,Unknown,false,1,18.90,18.90,true,1,
7290002371533,false,סלסולי פסטרמה ודבש 120 גר טירת צבי,,,סלסולי פסטרמה ודבש 1,גרמים,120.00,100 גרם,false,1,17.90,14.92,true,1,
7290002371540,false,קורנביף 120 גר טירת מבי,,,קורנביף 120 גר,גרמים,120.00,100 גרם,false,1,17.90,14.92,true,1,
7290002371854,false,"נקניקיות חריפות 1 ק""ג טירת צבי",,,נקניקיות חריפות 1 קג,קילוגרמים,0.00,"ק""ג",false,1,31.50,31.50,true,1,
7290002421115,false,כדורי לאבנה בקר 400 גרם,,,כדורי לאבנה בקר 400,גרמים,400.00,100 גרם,false,1,40.90,10.23,true,1,
7290002421160,false,גבינת פטה 19% 160 גרם,,,גבינת פטה 19% 160 גר,גרמים,160.00,100 גרם,false,1,28.20,17.63,true,1,
7290002477556,false,כבד עוף טרי,,,כבד עוף טרי,Unknown,0.00,"ק""ג",true,0,22.90,22.90,true,1,
7290002542506,false,"בירה קורונה 355 מ""ל",,,"בירה קורונה 355 מ""ל",מיליליטרים,335.00,"100 מ""ל",false,1,8.90,2.66,true,1,
7290002543046,false,קלוגס פרוסטיס 750 גרם,,,קלוגס פרוסטיס 750 גר,גרמים,750.00,100 גרם,false,1,24.90,3.32,true,1,
7290002543237,false,קלוגס קורן פלקס 750 גרם,,,קלוגס קורן פלקס 750,גרמים,750.00,100 גרם,false,1,17.90,2.39,true,1,
7290002551003,false,טונה סטארקיסט בשמן 160 גרם,,,טונה סטארקיסט בשמן,גרמים,160.00,100 גרם,false,1,8.20,5.13,true,1,
7290002551010,false,טונה סטארקיסט במים 160 גרם,,,טונה סטארקיסט במים,גרמים,160.00,100 גרם,false,1,8.20,5.13,true,1,
7290002627210,false,גפילטע פיש 570 גר,,,גפילטע פיש 570 גר,גרמים,570.00,100 גרם,false,1,15.90,2.79,true,1,
7290002692478,false,שמן זית כתית מעולה בטעם מעודן 750 מל,,,שמן זית כתית מעולה ב,מיליליטרים,750.00,"100 מ""ל",false,1,34.90,4.65,true,1,
7290002697114,false,10 פיתות עבודת יד,,,10 פיתות עבודת יד,גרמים,500.00,100 גרם,false,1,17.90,3.58,true,1,
7290002697176,false,פיתה תימנית 5 יחידות עבודת יד,,,פיתה תימנית 5 יחידות,גרמים,500.00,100 גרם,false,1,8.90,1.78,true,1,
7290002730262,false,פלמוליב לכלים אקטיב קלאסי 750 ירוק,,,פלמוליב לכלים אקטיב,מיליליטרים,750.00,"100 מ""ל",false,1,13.90,1.85,true,1,
7290002730675,false,"משחת שיניים קולגייט משפחתי 100 מ""ל",,,משחת שיניים קולגייט,Unknown,0.00,Unknown,false,1,10.90,10.90,true,1,
7290002752332,false,מנטוס פירות,,,מנטוס פירות,גרמים,37.00,100 גרם,false,1,3.60,9.73,true,1,
7290002752349,false,מנטוס מנטה גליל,,NL,מנטוס מנטה גליל 37 ג,גרמים,37.00,100 גרם,false,1,3.60,9.73,true,1,
7290002753995,false,קישוטי עוגה 150 גרם,,,קישוטי עוגה 150 גרם,גרמים,150.00,100 גרם,false,1,23.50,15.67,true,1,
7290002771111,false,קפה עם הל 250 גרם,,,קפה עם הל 250 גרם,גרמים,250.00,100 גרם,false,1,19.90,7.96,true,1,
7290002771128,false,קפה בלי הל 250 גרם,,,קפה בלי הל 250 גרם,גרמים,250.00,100 גרם,false,1,19.90,7.96,true,1,
7290002824183,false,סקי משפחתי 5% 500 גרם,,,סקי משפחתי 5% 500 גר,גרמים,500.00,100 גרם,false,1,9.96,1.99,true,1,
7290002824466,false,יוגורט דנונה ביו 0% 200 גרם,,,יוגורט דנונה ביו 0%,מיליליטרים,200.00,"100 מ""ל",false,1,3.70,1.85,true,1,
7290002824640,false,גבינת סקי 5% 250 גרם,,IL,גבינת סקי 5% 250 גרם,גרמים,250.00,100 גרם,false,1,4.98,1.99,true,1,
7290002842293,false,סרדין מינרבה חריף 120 גרם,,,סרדין מינרבה חריף 12,גרמים,120.00,100 גרם,false,1,9.80,8.17,true,1,
7290002842309,false,סרדין מינרבה בשמן 120 גרם,,,סרדין מינרבה בשמן 12,גרמים,120.00,100 גרם,false,1,9.80,8.17,true,1,
7290002868996,false,קוטג 5% מועשר 250 גרם,,,קוטג 5% מועשר 250 גר,גרמים,250.00,100 גרם,false,1,6.50,2.60,true,1,
7290002881025,false,מעדן דובדבן חמוץ 100% 284 גרם,,,מעדן דובדבן חמוץ 100,גרמים,284.00,100 גרם,false,1,15.90,5.60,true,1,
7290002881506,false,חמאת בוטנים  500 גרם,,,חמאת בוטנים  500 גרם,גרמים,500.00,100 גרם,false,1,17.70,3.54,true,1,
7290002881940,false,סרדין מרוקאי בשמן 125 גר,,,סרדין מרוקאי בשמן 12,גרמים,125.00,100 גרם,false,1,6.90,5.52,true,1,
7290002921349,false,סופר גלו 3 זוגי,,,סופר גלו 3 זוגי,Unknown,0.00,Unknown,false,1,14.90,14.90,true,1,
7290002971009,false,"קמח לבן שטיבל 1 ק""ג",,,"קמח לבן שטיבל 1 ק""ג",גרמים,1000.00,100 גרם,false,1,4.80,0.48,true,1,
7290002971016,false,"סולת שטיבל 1 ק""ג",,,"סולת שטיבל 1 ק""ג",גרמים,1000.00,100 גרם,false,1,5.10,0.51,true,1,
7290003009183,false,"סירופ דיאט תפוחים בקבוק 750 מ""ל",,,סירופ דיאט תפוחים בק,מיליליטרים,750.00,"100 מ""ל",false,1,23.90,3.19,true,1,
7290003009596,false,"סירופ דיאט אשכוליות  בקבוק 750 מ""ל",,,סירופ דיאט אשכוליות,מיליליטרים,750.00,"100 מ""ל",false,1,23.90,3.19,true,1,
7290003024001,false,גבינה ברי צרפתי במשקל,,,גבינה ברי צרפתי,Unknown,0.00,"ק""ג",true,0,189.00,189.00,true,1,
7290003024513,false,גבינת פקורינו טוסקנו שקיל,,,גבינת פקורינו טוסקנו,Unknown,0.00,"ק""ג",true,0,273.00,273.00,true,1,
7290003029181,false,שוקו 1ליטר בקבוק,,IL,שוקו בקבוק יטבתה,מיליליטרים,1000.00,"100 מ""ל",false,1,12.50,1.25,true,1,
7290003029433,false,"שוקו פקק יטבתה 250 מ""ל",,,שוקו פקק יטבתה 250 מ,מיליליטרים,250.00,"100 מ""ל",false,1,5.70,2.28,true,1,
7290003029532,false,מוקה בקבוק 1 ליטר,,,מוקה בקבוק 1 ליטר,מיליליטרים,1000.00,"100 מ""ל",false,1,12.50,1.25,true,1,
7290003029815,false,חלב יטבתה 3% מועשר 2 ליטר,,,חלב יטבתה 3% מועשר 2,ליטרים,0.00,ליטר,false,1,15.90,15.90,true,1,
7290003054657,false,חרדל דיזיון 370 גר,,,חרדל דיזיון 370 גר,גרמים,370.00,100 גרם,false,1,13.90,3.76,true,1,
7290003054725,false,חרדל אנגלי קולמנט 100 גרם,,,חרדל אנגלי קולמנט,גרמים,100.00,100 גרם,false,1,10.90,10.90,true,1,
7290003072606,false,מיני נקניקיות עוף טירת צבי 350 גר,,IL,מיני נקניקיות עוף טי,גרמים,350.00,100 גרם,false,1,14.90,4.26,true,1,
7290003072804,false,פסטרמה של פעם 200 גרם,,IL,פסטרמה של פעם 200 גר,גרמים,200.00,100 גרם,false,1,24.90,12.45,true,1,
7290003072811,false,נקניקיות בראטוורסט 320 גרם,,IL,נקניקיות בראטוורסט 3,גרמים,320.00,100 גרם,false,1,27.90,8.72,true,1,
7290003072835,false,נקניקיות קנאקוורסט 320 גרם,,IL,נקניקיות קנאקוורסט 3,גרמים,320.00,100 גרם,false,1,27.90,8.72,true,1,
7290003072965,false,קבנוס חריף מעושן טירת צבי 120 גרם,,,קבנוס חריף מעושן טיר,גרמים,120.00,100 גרם,false,1,12.90,10.75,true,1,
7290003126712,false,"משק צוריאל יוגורט עיזים 3% ביו 140מ""ל",,,משק צוריאל יוגורט עי,גרמים,140.00,100 גרם,false,1,7.50,5.36,true,1,
7290003143337,false,סילאן טבעי קליית גת 350 גרם בקבוק לחיץ,,,סילאן טבעי קליית גת,גרמים,350.00,100 גרם,false,1,17.90,5.11,true,1,
7290003144310,false,תערובת אגוזים וחמוציות קליית גת 150 גרם,,,תערובת אגוזים וחמוצי,גרמים,150.00,100 גרם,false,1,22.90,15.27,true,1,
7290003208586,false,"וורמוט מרטיני לבן 750 מ""ל",,,וורמוט מרטיני לבן 75,Unknown,0.00,Unknown,false,1,54.90,54.90,true,1,
7290003229109,false,פסטרמה בפפריקה 400 גרםטירת צבי,,,פסטרמה בפפריקה 400 ג,גרמים,400.00,100 גרם,false,1,30.90,7.73,true,1,
7290003229116,false,פסטרמה בדבש 400 גרםטירת צבי,,,פסטרמה בדבש 400 גרם,גרמים,400.00,100 גרם,false,1,30.90,7.73,true,1,
7290003229123,false,פסטרמה על גחלים 400 גרםטירת צבי,,,פסטרמה על גחלים,גרמים,400.00,100 גרם,false,1,30.90,7.73,true,1,
7290003229147,false,סלמי איטלקי 300 גרםטירת צבי,,,סלמי איטלקי 300 גרם,גרמים,300.00,100 גרם,false,1,28.90,9.63,true,1,
7290003229192,false,כתף בקר מעושן 400 גרםטירת צבי,,,כתף בקר מעושן 400 גר,גרמים,400.00,100 גרם,false,1,32.90,8.23,true,1,
7290003229208,false,פסטרמה ספרדית 360 גרטירת צבי,,,פסטרמה ספרדית 360 גר,גרמים,360.00,100 גרם,false,1,33.50,9.31,true,1,
7290003229215,false,פסטרמה איטלקית 360 גרטירת צבי,,,פסטרמה איטלקית 360 ג,גרמים,360.00,100 גרם,false,1,33.50,9.31,true,1,
7290003251308,false,"אציטון 100 מ""ל",,,"אציטון 100 מ""ל",מיליליטרים,10.00,"100 מ""ל",false,1,5.20,52.00,true,1,
7290003321155,false,דנונה בר פקאן 183 גר,,,דנונה בר פקאן 183 גר,גרמים,183.00,100 גרם,false,1,4.80,2.62,true,1,
7290003326020,false,סלק וואקום,,,סלק וואקום,Unknown,0.00,Unknown,false,1,11.90,11.90,true,1,
7290003400500,false,חטיף הרשי ריזס נאטרייגיס 47 גרם,,,חטיף הרשי ריזס,גרמים,47.00,100 גרם,false,1,5.90,12.55,true,1,
7290003423909,false,חטיף הרשי קוקיס קרם לבן 43 גרם,,,חטיף הרשי קוקיס קרם,Unknown,0.00,Unknown,false,1,5.50,5.50,true,1,
7290003427154,false,"שמן זית כתית מעולה מעודן זיתא 750 מ""ל",,IL,שמן זית כתית מעולה מ,מיליליטרים,750.00,"100 מ""ל",false,1,36.90,4.92,true,1,
7290003438082,false,חזרת אוליביה 180 גר,,,חזרת אוליביה 180 גר,גרמים,180.00,100 גרם,false,1,13.90,7.72,true,1,
7290003444009,false,חטיף הרשי ריזס שוקולד חלב  42 גר,,,חטיף הרשי ריזס שוקול,גרמים,42.00,100 גרם,false,1,4.50,10.71,true,1,
7290003450602,false,חרדל היינץ לחיץ 255 גרם,,,ממרח חרדל צהוב היינץ,גרמים,255.00,100 גרם,false,1,12.90,5.06,true,1,
7290003578177,false,תירס גמדי צעיר שלם 410 גרם,,,תירס גמדי צעיר שלם 4,גרמים,410.00,100 גרם,false,1,6.90,1.68,true,1,
7290003578290,false,מקלוני אורז 300 גרם,,,מקלוני אורז 300 גרם,גרמים,1000.00,100 גרם,false,1,6.50,0.65,true,1,
7290003610129,false,בשר טחון טרי לקבב/המבורגר,,,בשר טחון טרי,Unknown,0.00,"ק""ג",true,0,42.90,42.90,true,1,
7290003643004,false,"אורז בסמטי 1 ק""ג",,,"אורז בסמטי 1 ק""ג",גרמים,1000.00,100 גרם,false,1,14.90,1.49,true,1,
7290003643134,false,סוכר וניל 10*10 גרם,,,סוכר וניל 10*10 גרם,גרמים,100.00,100 גרם,false,1,2.90,2.90,true,1,
7290003643158,false,קורנפלור 200 גרם,,,קורנפלור 200 גרם,גרמים,200.00,100 גרם,false,1,3.90,1.95,true,1,
7290003643172,false,אבקת סוכר 100 גרם,,,אבקת סוכר 100 גרם,גרמים,100.00,100 גרם,false,1,2.40,2.40,true,1,
7290003643387,false,סוכר לבן בצנצנת 1 קג,,,"סוכר לבן בצנצנת 1 ק""",גרמים,1000.00,100 גרם,false,1,8.90,0.89,true,1,
7290003643684,false,אפונה 500 גרם,,,אפונה 500 גרם,גרמים,500.00,100 גרם,false,1,7.90,1.58,true,1,
7290003643707,false,גריסים 500 גרם,,,גריסים 500 גרם,גרמים,500.00,100 גרם,false,1,5.90,1.18,true,1,
7290003643738,false,חיטה 500 גרם,,,חיטה 500 גרם,גרמים,500.00,100 גרם,false,1,4.80,0.96,true,1,
7290003643745,false,כוסמת 500 גרם,,,כוסמת 500 גרם,גרמים,500.00,100 גרם,false,1,7.90,1.58,true,1,
7290003643752,false,עדשים ירוקים 500 גרם,,,עדשים ירוקים 500 גרם,גרמים,500.00,100 גרם,false,1,8.50,1.70,true,1,
7290003643769,false,עדשים אדומים 500 גרם,,,עדשים אדומים 500 גרם,גרמים,500.00,100 גרם,false,1,8.90,1.78,true,1,
7290003643776,false,פופקורן 500 גרם,,,פופקורן 500 גרם,גרמים,500.00,100 גרם,false,1,6.50,1.30,true,1,
7290003643806,false,שעועית לבנה 500 גרם,,,שעועית לבנה 500 גרם,גרמים,500.00,100 גרם,false,1,12.90,2.58,true,1,
7290003713950,false,סלסה מקסיקנה 210 גרם,,IL,סלסה מקסיקנה 210 גרם,גרמים,200.00,100 גרם,false,1,19.50,9.75,true,1,
7290003726141,false,טופו משק גאיה 300 גר,,,טופו טבעי 300 גר,גרמים,320.00,100 גרם,false,1,12.90,4.03,true,1,
7290003726615,false,טופו וילר 300 גר,,,טופו וילר 300 גר,גרמים,300.00,100 גרם,false,1,13.00,4.33,true,1,
7290003779086,false,סלרי ראש,,,סלרי ראש,Unknown,0.00,Unknown,false,1,5.90,5.90,true,1,
7290003779093,false,סלרי עלים,,,סלרי עלים,Unknown,0.00,Unknown,false,1,5.90,5.90,true,1,
7290003779628,false,פלפל צילי חריף,,,פלפל צילי חריף,Unknown,0.00,Unknown,false,1,12.90,12.90,true,1,
7290003781065,false,מלפפונים בסגנון צרפת,,VN,מלפפונים בסגנון צרפת,ליטרים,0.68,ליטר,false,1,11.90,17.50,true,1,
7290003805501,false,"פתית שוודי חסכוני בד""צ 300 גרם",,,פתית שוודי חסכוני בד,גרמים,300.00,100 גרם,false,1,19.90,6.63,true,1,
7290003807482,false,"רוטב קנור טריאקי  300 מ""ל",,,רוטב קנור טריאקי  30,מיליליטרים,300.00,"100 מ""ל",false,1,13.90,4.63,true,1,
7290003864478,false,סרדינים בשמן צמחי 100 גרם פתח -קל,,,סרדינים בשמן צמחי 11,גרמים,110.00,100 גרם,false,1,5.50,5.00,true,1,
7290003864492,false,סרדינים בשמן צמחי חריף 100 גרם פתח -קל,,,סרדינים בשמן צמחי חר,גרמים,110.00,100 גרם,false,1,5.50,5.00,true,1,
7290003882922,false,עלי גפן ממולאות באורז 400 גרם,,,עלי גפן ממולאות באור,גרמים,400.00,100 גרם,false,1,9.90,2.48,true,1,
7290003938049,false,נוזל הברקה למדיח,,,נוזל הברקה למדיח,מיליליטרים,500.00,"100 מ""ל",false,1,16.90,3.38,true,1,
7290003976379,false,"מסיר שומנים וניקוי כללי גרין קר 750 מ""ל",,,מסיר שומנים וניקוי כ,מיליליטרים,750.00,"100 מ""ל",false,1,12.90,1.72,true,1,
7290003976393,false,גל כביסה גרין קר 3 ליטר,,,גל כביסה גרין קר 3 ל,ליטרים,0.00,ליטר,false,1,25.90,25.90,true,1,
7290003976973,false,מרסס ניקוי כללי בתוספת סודה 1 ליטר,,,מרסס ניקוי כללי בתוס,Unknown,0.00,Unknown,false,1,11.90,11.90,true,1,
7290004011338,false,ריץ קצפת במיכל 250 גר חלבי,,,ריץ קצפת במיכל 250 ג,גרמים,250.00,100 גרם,false,1,14.90,5.96,true,1,
7290004011819,false,המבורגר ריב אנט 360 גר,,,המבורגר ריב אנט 360,גרמים,360.00,100 גרם,false,1,27.90,7.75,true,1,
7290004050788,false,בייקון 170 גר,,,בייקון 170 גר,גרמים,170.00,100 גרם,false,1,52.00,30.59,true,1,
7290004050856,false,סלמי מילאנו פרוס 170 גר,,,סלמי מילאנו פרוס 170,גרמים,170.00,100 גרם,false,1,35.00,20.59,true,1,
7290004050863,false,סלמי הרץ 170 גר,,,סלמי הרץ 170 גר,גרמים,170.00,100 גרם,false,1,35.00,20.59,true,1,
7290004050870,false,שינקן פולני פרוס 200 גר,,,שינקן פולני פרוס 200,גרמים,200.00,100 גרם,false,1,35.00,17.50,true,1,
7290004050887,false,פרושוטו 120 גר,,,פרושוטו 120 גר,גרמים,120.00,100 גרם,false,1,41.90,34.92,true,1,
7290004050948,false,סלמי כפרית פרוס 170 גר,,,סלמי כפרית פרוס 170,גרמים,170.00,100 גרם,false,1,36.00,21.18,true,1,
7290004050986,false,רו בייקון 170 גר,,,רו בייקון 170 גר,גרמים,170.00,100 גרם,false,1,59.90,35.24,true,1,
7290004051044,false,סלמי הונגרי פרוס 170גר,,,סלמי הונגרי פרוס 170,גרמים,170.00,100 גרם,false,1,36.50,21.47,true,1,
7290004051068,false,שינקן מעושן פרוס 200 גר,,,שינקן מעושן פרוס 200,גרמים,200.00,100 גרם,false,1,33.50,16.75,true,1,
7290004051136,false,סלמי צרפתי פרוס 170 גר,,,סלמי צרפתי פרוס,גרמים,170.00,100 גרם,false,1,36.50,21.47,true,1,
7290004051167,false,ברזאולה 120 גר,,,ברזאולה 120 גר,גרמים,120.00,100 גרם,false,1,49.90,41.58,true,1,
7290004051365,false,קרפצו 120 גר,,,קרפצו 120 גר,גרמים,120.00,100 גרם,false,1,36.90,30.75,true,1,
7290004051419,false,ממרח כבד מיני 220 גר,,,ממרח כבד מיני 220 גר,גרמים,220.00,100 גרם,false,1,19.90,9.05,true,1,
7290004051792,false,נקניקיות קוקטייל 900 גר,,,נקניקיות קוקטייל 900,גרמים,900.00,100 גרם,false,1,55.90,6.21,true,1,
7290004052041,false,קבנוס קלאסי 210 גר,,,קבנוס קלאסי 210 גר,גרמים,210.00,100 גרם,false,1,31.50,15.00,true,1,
7290004052256,false,חזה הודו מעושן פרוס 200 גר,,,חזה הודו מעושן 200 ג,גרמים,200.00,100 גרם,false,1,22.90,11.45,true,1,
7290004052317,false,סלמי פפרוני 170 גר,,,סלמי פפרוני 170 גר,גרמים,170.00,100 גרם,false,1,36.50,21.47,true,1,
7290004052690,false,נקניקיות פרגית 600 גר,,,נקניקיות פרגית 600 ג,גרמים,600.00,100 גרם,false,1,23.90,3.98,true,1,
7290004053192,false,נקניקיות עגל 600 גר,,,נקניקיות עגל 600 גר,גרמים,600.00,100 גרם,false,1,26.90,4.48,true,1,
7290004053888,false,רוסטביף 200 גר,,,רוסטביף 200 גר,גרמים,200.00,100 גרם,false,1,51.90,25.95,true,1,
7290004054236,false,גיוזה עוף 320 גר,,,גיוזה עוף 320 גר,גרמים,320.00,100 גרם,false,1,36.90,11.53,true,1,
7290004054243,false,גיוזה ירקות 320 גר,,,גיוזה ירקות 320 גר,גרמים,320.00,100 גרם,false,1,36.90,11.53,true,1,
7290004054267,false,נקניקיות פרנקפורטר 900 גר,,,נקניקיות פרנקפורטר,גרמים,900.00,100 גרם,false,1,56.90,6.32,true,1,
7290004054809,false,כתף בקר מעושנת 200 גר,,,כתף בקר מעושנת 200 ג,גרמים,200.00,100 גרם,false,1,31.90,15.95,true,1,
7290004054885,false,נקניקיות איטלקיות עם גבינה 400 גר,,,נקניקיות איטלקיות עם,גרמים,400.00,100 גרם,false,1,29.90,7.48,true,1,
7290004055271,false,פניני קבנוס 150 גר,,,פניני קבנוס 150 גר,גרמים,150.00,100 גרם,false,1,34.90,23.27,true,1,
7290004055745,false,נקניקיות סליווצניה 600 גר,,,נקניקיות סליווצניה,גרמים,600.00,100 גרם,false,1,34.50,5.75,true,1,
7290004063016,false,"מלח דק 1 ק""ג",,,"מלח דק 1 ק""ג",גרמים,1000.00,100 גרם,false,1,2.07,0.21,true,1,
7290004063115,false,"מלח מטבח רגיל 1 ק""ג",,,"מלח מטבח גס 1 ק""ג",גרמים,1000.00,100 גרם,false,1,2.07,0.21,true,1,
7290004064181,false,"מלח הימלאיה גס בצנצנת 1 ק""ג",,,מלח הימלאיה גס בצנצנ,גרמים,1000.00,100 גרם,false,1,20.90,2.09,true,1,
7290004068011,false,יוגורט כבשים 600 גר,,,יוגורט כבשים 600 גר,גרמים,600.00,100 גרם,false,1,19.90,3.32,true,1,
7290004068028,false,ציזקי 3.5% 500 מל,,,ציזקי 3.5% 500 מל,גרמים,500.00,100 גרם,false,1,11.50,2.30,true,1,
7290004068172,false,יוגורט עיזים דלי 600 גר 5%,,,יוגורט עיזים דלי 600,גרמים,600.00,100 גרם,false,1,19.90,3.32,true,1,
7290004119225,false,יופלה אננס 3% 150 גר,,,יופלה אננס 3% 150 גר,גרמים,150.00,100 גרם,false,1,5.40,3.60,true,1,
7290004120108,false,דיאט יופלה דובדבן 150 גר,,,דיאט יופלה דובדבן 15,גרמים,150.00,100 גרם,false,1,5.40,3.60,true,1,
7290004120566,false,גבינה בולגרית פיראוס 24% 250 גרם,,,גבינה בולגרית פיראוס,גרמים,250.00,100 גרם,false,1,24.90,9.96,true,1,
7290004120573,false,גבינה בולגרית פיראוס 16% 250 גרם,,,גבינה בולגרית פיראוס,גרמים,250.00,100 גרם,false,1,24.90,9.96,true,1,
7290004120634,false,גבינה פיראוס בולגרית 5%  250 גרם,,,גבינה פיראוס בולגרית,גרמים,250.00,100 גרם,false,1,24.90,9.96,true,1,
7290004121754,false,יופלה עוגת גבינה ותות 3% 150 גר,,,יופלה עוגת גבינה,גרמים,150.00,100 גרם,false,1,5.40,3.60,true,1,
7290004121839,false,גבינה פטה פיראוס 250 גרם,,,גבינה פטה פיראוס 250,גרמים,250.00,100 גרם,false,1,29.50,11.80,true,1,
7290004121853,false,גבינה בולגרית פיראוס 5% קוביות 200 גרם,,,גבינה בולגרית פיראוס,גרמים,200.00,100 גרם,false,1,23.90,11.95,true,1,
7290004122195,false,גבינה צהובה גוש חלב 200 גרם,,,גבינה צהובה גוש חלב,גרמים,200.00,100 גרם,false,1,15.50,7.75,true,1,
7290004122270,false,גבינה עמק פרוס בקופסה 28% 200 גרם,,,גבינה עמק פרוס בקופס,גרמים,200.00,100 גרם,false,1,16.90,8.45,true,1,
7290004122348,false,גבינת עמק לייט פרוס בקופסא 200 גרם,,,גבינת עמק לייט פרוס,גרמים,200.00,100 גרם,false,1,16.80,8.40,true,1,
7290004122676,false,חמד לייט 5% גביע 250גר,,,חמד לייט 5% גביע 250,גרמים,250.00,100 גרם,false,1,20.90,8.36,true,1,
7290004124205,false,דיאט יופלה תות 150 גר,,,דיאט יופלה תות 150 ג,גרמים,150.00,100 גרם,false,1,5.40,3.60,true,1,
7290004125400,false,"שלי אשל 200 מ""ל",,,"שלי אשל 200 מ""ל",מיליליטרים,200.00,"100 מ""ל",false,1,1.69,0.85,true,1,
7290004125417,false,"שלי גיל 200 מ""ל",,,"שלי גיל 200 מ""ל",מיליליטרים,200.00,"100 מ""ל",false,1,1.50,0.75,true,1,
7290004125455,false,"שמנת חמוצה 15% 200 מ""ל",,,שמנת חמוצה 15% 200 מ,גרמים,200.00,100 גרם,false,1,2.40,1.20,true,1,
7290004125462,false,"שמנת חמוצה 15% 500 מ""ל",,,שמנת חמוצה 15% 500 מ,מיליליטרים,500.00,"100 מ""ל",false,1,6.00,1.20,true,1,
7290004125509,false,"שמנת חמוצה 100 מ""ל",,,"שמנת חמוצה 100 מ""ל",מיליליטרים,100.00,"100 מ""ל",false,1,1.70,1.70,true,1,
7290004125578,false,משקה סויה מועשר 1 ליטר,,,משקה סויה מועשר 1 לי,מיליליטרים,1000.00,"100 מ""ל",false,1,12.50,1.25,true,1,
7290004125585,false,משקה סויה על הבוקר 1 ליטר,,,משקה סויה על הבוקר 1,מיליליטרים,1000.00,"100 מ""ל",false,1,12.50,1.25,true,1,
7290004125721,false,"שמנת לבישול 15% השף הלבן 250 מ""ל",,,שמנת לבישול 15% השף,גרמים,250.00,100 גרם,false,1,8.30,3.32,true,1,
7290004125738,false,"שמנת מתוקה להקצפה 32% 250 מ""ל",,,שמנת מתוקה להקצפה 32,גרמים,250.00,100 גרם,false,1,6.90,2.76,true,1,
7290004125776,false,עמק פרוס בקופסה 400גר 28%,,,עמק פרוס בקופסה 400ג,גרמים,400.00,100 גרם,false,1,30.30,7.58,true,1,
7290004126674,false,טל העמק לייט 200 גרם,,,טל העמק לייט 200 גרם,גרמים,200.00,100 גרם,false,1,18.80,9.40,true,1,
7290004126759,false,דיאט יופלה פירות יער 150 גר,,,דיאט יופלה פירות יער,גרמים,150.00,100 גרם,false,1,5.40,3.60,true,1,
7290004126872,false,"שוקו שוק בקבוק 250 מ""ל",,,שוקו שוק בקבוק 250 מ,גרמים,250.00,100 גרם,false,1,6.50,2.60,true,1,
7290004127329,false,גבינת קוטג  5% 250 גרם,,,גבינת קוטג 5% 250 גר,גרמים,250.00,100 גרם,false,1,5.70,2.28,true,1,
7290004127336,false,גבינת קוטג 9% 250 גרם,,,גבינת קוטג 9% 250 גר,גרמים,250.00,100 גרם,false,1,5.70,2.28,true,1,
7290004129101,false,נפוליאון טבעי 225 גרם,,,נפוליאון טבעי 225 גר,גרמים,225.00,100 גרם,false,1,15.00,6.67,true,1,
7290004129156,false,נפוליאון שום שמיר 225 גרם,,,נפוליאון שום שמיר 22,גרמים,225.00,100 גרם,false,1,15.00,6.67,true,1,
7290004130794,false,משקה סויה טבעי מתיקות מופחתת 1ל,,,משקה סויה טבעי מתיקו,מיליליטרים,1000.00,"100 מ""ל",false,1,12.50,1.25,true,1,
7290004130916,false,יופלה פירות יער בשמנת 150 גר,,,יופלה פירות יער בשמנ,גרמים,150.00,100 גרם,false,1,5.40,3.60,true,1,
7290004131074,false,חלב קרטון+פקק 3% תנובה 1 ליטר,,,חלב קרטון+פקק 3% תנו,מיליליטרים,1000.00,"100 מ""ל",false,1,6.23,0.62,true,1,
7290004131432,false,יופלה לבן 3% 200 גר,,,יופלה לבן 3% 200 גר,גרמים,200.00,100 גרם,false,1,5.90,2.95,true,1,
7290004131456,false,יופלה לבן 1.5% 200 גר,,,יופלה לבן 1.5% 200 ג,מיליליטרים,200.00,"100 מ""ל",false,1,4.80,2.40,true,1,
7290004132552,false,דיאט סויה טבעי 1 ליטר,,,דיאט סויה טבעי 1 ליט,מיליליטרים,1000.00,"100 מ""ל",false,1,12.50,1.25,true,1,
7290004135614,false,פיראוס בולגרית מעודנת 5% 250 גר,,,פיראוס בולגרית מעודנ,גרמים,250.00,100 גרם,false,1,24.90,9.96,true,1,
7290004136857,false,גלי פטל 125גר,,,גלי פטל 125גר,גרמים,125.00,100 גרם,false,1,2.60,2.08,true,1,
7290004136864,false,גלי אננס עם חתיכות אננס 125גר,,,גלי אננס עם חתיכות א,גרמים,125.00,100 גרם,false,1,3.00,2.40,true,1,
7290004136871,false,גלי אפרסק עם חתיכות אפרסק 125גר,,,גלי אפרסק עם חתיכות,גרמים,150.00,100 גרם,false,1,3.00,2.00,true,1,
7290004137021,false,"שמנת לבישול 10%-השף הלבן 250 מ""ל",,,שמנת לבישול 10%-השף,גרמים,250.00,100 גרם,false,1,8.30,3.32,true,1,
7290004150112,false,חומוס מזרחי פיקנטי פרימיום 300 גרם,,IL,חומוס מזרחי פיקנטי פ,גרמים,300.00,100 גרם,false,1,16.90,5.63,true,1,
7290004150136,false,חציל על האש פיקנטי פרימיום 300 גרם,,IL,חציל על האש פיקנטי פ,גרמים,300.00,100 גרם,false,1,16.90,5.63,true,1,
7290004150150,false,חציל בטחינה פיקנטי פרימיום 300 גרם,,IL,חציל בטחינה פיקנטי פ,גרמים,300.00,100 גרם,false,1,16.90,5.63,true,1,
7290004150181,false,חמוצים סיני פיקנטי פרימיום 300 גרם,,IL,חמוצים סיני פיקנטי פ,גרמים,300.00,100 גרם,false,1,16.90,5.63,true,1,
7290004150228,false,כרוב אדום 300 גרם פיקנטי פרימיום,,IL,כרוב אדום 300 גרם פי,גרמים,300.00,100 גרם,false,1,16.90,5.63,true,1,
7290004150235,false,חומוס עם חריף 300 גרם פיקנטי פרימיום,,IL,חומוס עם חריף 300 גר,גרמים,300.00,100 גרם,false,1,16.90,5.63,true,1,
7290004150266,false,סלט קטניות צבעוני 300 גרם פיקנטי פרימיום,,IL,סלט קטניות צבעוני 30,גרמים,300.00,100 גרם,false,1,16.90,5.63,true,1,
7290004150372,false,חומוס ווסאבי פיקנטי פרימיום 300 גרם,,IL,חומוס ווסאבי פיקנטי,גרמים,300.00,100 גרם,false,1,16.90,5.63,true,1,
7290004221409,false,וובר רוטב חזרת 453 גרם בקבוק לחיץ,,,וובר רוטב חזרת 453 ג,גרמים,453.00,100 גרם,false,1,30.90,6.82,true,1,
7290004386825,false,שעועית ענק ברוטב עגבניות וילי פוד 420 גר,,GR,שעועית ענק ברוטב עגב,גרמים,420.00,100 גרם,false,1,11.00,2.62,true,1,
7290004492274,false,גל-גל 400 גרם,,,גל-גל 400 גרם,גרמים,400.00,100 גרם,false,1,13.90,3.48,true,1,
7290004494063,false,יין דלתון פטיט סירה 750 מל,,,יין דלתון פטיט סירה,Unknown,0.00,Unknown,false,1,68.90,68.90,true,1,
7290004494315,false,יין כנען מוסקטו דלתון 750 מל,,,יין כנען מוסקטו דלתו,Unknown,0.00,Unknown,false,1,44.90,44.90,true,1,
7290004494919,false,יין כנען קברנה שיראז 750 מל דלתון,,,יין כנען קברנה שיראז,מיליליטרים,750.00,"100 מ""ל",false,1,44.90,5.99,true,1,
7290004502997,false,"וודקה פינלנדיה 500 מ""ל",,,וודקה פינלנדיה 500 מ,מיליליטרים,500.00,"100 מ""ל",false,1,52.90,10.58,true,1,
7290004584351,false,סימפוניה 5% 200 גרם,,,סימפוניה 5% 200 גרם,גרמים,200.00,100 גרם,false,1,12.90,6.45,true,1,
7290004584528,false,יוגורט דנונה ביו טבעי 1.7% 200 גרם,,,יוגורט דנונה ביו טבע,גרמים,200.00,100 גרם,false,1,3.70,1.85,true,1,
7290004658960,false,יין ארמלד ריזלינג P.C לבן חצי יבש 750 מ,,,יין אמרלד ריזלינג P.,Unknown,0.00,Unknown,false,1,42.90,42.90,true,1,
7290004731076,false,אלסבון כיף 1 ליטר,,,אלסבון כיף 1 ליטר,ליטרים,0.00,ליטר,false,1,16.00,16.00,true,1,
7290004731410,false,סנו סושי סקוטש ענק,,,סנו סושי סקוטש ענק,Unknown,0.00,Unknown,false,1,11.90,11.90,true,1,
7290004731472,false,אלסבון כיף שלישייה 1.5 ל,,,אלסבון כיף שלישייה 5,ליטרים,0.00,ליטר,false,1,22.90,22.90,true,1,
7290004731816,false,סושי מגבות הפלא שמינייה,,,סושי מגבות הפלא שמינ,Unknown,0.00,Unknown,false,1,17.90,17.90,true,1,
7290004737719,false,אספרגוס שלם מקולף 330 גרם צנצנת,,,אספרגוס שלם מקולף 33,גרמים,330.00,100 גרם,false,1,12.50,3.79,true,1,
7290004737900,false,חלב מרוכז ממותק וילי פוד 397 גר,,LT,חלב מרוכז ממותק וילי,גרמים,397.00,100 גרם,false,1,11.50,2.90,true,1,
7290005084355,false,"משחת שיניים  סנסודיין דואלקר  75 מ""ל",,,משחת שיניים  סנסודיי,גרמים,75.00,100 גרם,false,1,22.90,30.53,true,1,
7290005095061,false,נר נשמה בפחית 24 שעות,,CN,נר נשמה בפחית 24 שעו,Unknown,0.00,Unknown,false,1,3.30,3.30,true,1,
7290005095344,false,נר נשמה שבועי,,CN,נר נשמה שבועי,Unknown,0.00,Unknown,false,1,14.50,14.50,true,1,
7290005174551,false,חומוס יום יום 125 גרם,,,חומוס יום יום 125 גר,גרמים,125.00,100 גרם,false,1,5.80,4.64,true,1,
7290005174575,false,טחינה יום יום 125 גרם,,,טחינה יום יום 125 גר,גרמים,125.00,100 גרם,false,1,5.80,4.64,true,1,
7290005175589,false,"קמח תירס תירס 1 ק""ג",,,"קמח תירס תירס 1 ק""ג",גרמים,1000.00,100 גרם,false,1,11.00,1.10,true,1,
7290005197758,false,חיוכים שוקו 150 גרם,,,חיוכים שוקו 150 גרם,גרמים,150.00,100 גרם,false,1,7.20,4.80,true,1,
7290005199738,false,מסטיק MUST LL ריח פה פפרמינט 28 גר,,,מסטיק MUST LL ריח פה,Unknown,0.00,Unknown,false,1,4.90,4.90,true,1,
7290005200786,false,תפוציפס שמנת ובצל 50 גרם,,,תפוציפס שמנת ובצל 50,גרמים,50.00,100 גרם,false,1,4.90,9.80,true,1,
7290005201882,false,קפה טורקי עלית 200 גרם,,IL,קפה טורקי עלית 200 ג,גרמים,200.00,100 גרם,false,1,17.90,8.95,true,1,
7290005287206,false,טונה סטארקיסט בשמן רביעיות 4*160 גר,,,טונה סטארקיסט בשמן ר,גרמים,640.00,100 גרם,false,1,25.90,4.05,true,1,
7290005287251,false,טונה סטארקיסט במים רביעיות 4*160 גר,,,טונה סטארקיסט במים ר,גרמים,640.00,100 גרם,false,1,25.90,4.05,true,1,
7290005287510,false,טונה בשמן עם פלפל חריף 160 גרם פ.ק,,,טונה בשמן עם פלפל חר,גרמים,160.00,100 גרם,false,1,9.40,5.88,true,1,
7290005287527,false,טונה בשמן עם לימון 160 גרם פ.ק,,,טונה בשמן עם לימון 1,גרמים,160.00,100 גרם,false,1,9.40,5.88,true,1,
7290005326585,false,פסטו בזיליקום אוליביה 180 גר,,IL,פסטו בזיליקום אוליבי,גרמים,180.00,100 גרם,false,1,16.40,9.11,true,1,
7290005424847,false,סנו סופט 150 מפיות לבן,,,סנו סופט 150 מפיות ל,Unknown,0.00,Unknown,false,1,8.50,8.50,true,1,
7290005425110,false,"מרסס לחיטוי משטחים 99.9% 750 מ""ל",,IL,מרסס לחיטוי משטחים 9,מיליליטרים,750.00,"100 מ""ל",false,1,14.90,1.99,true,1,
7290005425646,false,סנוקליר אקדח 1 ליטר,,,סנוקליר אקדח 1 ליטר,מיליליטרים,1000.00,"100 מ""ל",false,1,12.90,1.29,true,1,
7290005426230,false,סושי מטלית הפלא לרצפה,,,סושי מטלית הפלא לרצפ,Unknown,0.00,Unknown,false,1,14.50,14.50,true,1,
7290005427107,false,שישיית סנו סושי מגבות נייר,,,שישיית סנו סושי,Unknown,0.00,Unknown,false,1,12.90,12.90,true,1,
7290005430480,false,מטלית פלא סנו סושי,,,מטלית פלא סנו סושי,Unknown,0.00,Unknown,false,1,8.90,8.90,true,1,
7290005430510,false,נייר טואלט סופט 40 גלילים,,,נייר טואלט סופט 40 ג,מטרים,736.00,מטר,false,1,43.90,0.06,true,1,
7290005430602,false,סנו אוקסיגן מסיר כתמים קשים מרסס 750 מל,,,סנו אוקסיגן מסיר כתמ,מיליליטרים,750.00,"100 מ""ל",false,1,20.90,2.79,true,1,
7290005555101,false,פיקדון שישייה,,,פיקדון שישייה,Unknown,0.00,Unknown,false,1,1.80,1.80,true,1,
7290005555127,false,פיקדון 30 אג,,,פיקדון 30 אג,Unknown,0.00,Unknown,false,1,0.30,0.30,true,1,
7290005555777,false,"פיקדון חוזר 1.2 ש""ח בק 500 מ""ל",,,"פיקדון חוזר 1.2 ש""ח",Unknown,0.00,Unknown,false,1,1.20,1.20,true,1,
7290005559907,false,פיצה משפחתית גבינה מעדנות 500 גר,,,פיצה משפחתית גבינה,גרמים,500.00,100 גרם,false,1,21.90,4.38,true,1,
7290005559914,false,פיצה משפחתית זיתים מעדנות 550 גר,,,פיצה משפחתית זיתים מ,גרמים,550.00,100 גרם,false,1,25.90,4.71,true,1,
7290005559990,false,בצק פילאס תורכי מעדנות 600 גר,,,בצק פילאס תורכי מעדנ,גרמים,600.00,100 גרם,false,1,27.90,4.65,true,1,
7290005571039,false,פילה עגל מדומה טרי,,,פילה מדומה טרי,Unknown,0.00,"ק""ג",true,0,69.90,69.90,true,1,
7290005571046,false,כתף בקר מרכזי טרי,,,כתף בקר מרכזי טרי,Unknown,0.00,"ק""ג",true,0,69.90,69.90,true,1,
7290005571176,false,ויסבארטן טרי,,,ויסבארטן טרי,Unknown,0.00,"ק""ג",true,0,69.90,69.90,true,1,
7290005571183,false,שייטל בקר שלם,,,שייטל שלם,Unknown,0.00,"ק""ג",true,0,89.90,89.90,true,1,
7290005571596,false,נתח סינטה עגל טרי,,,סינטה עגל טרי,Unknown,0.00,"ק""ג",true,0,99.90,99.90,true,1,
7290005571909,false,אנטריקוט עגל טרי ללא עצם,,,אנטריקוט עגל טרי,Unknown,0.00,"ק""ג",true,0,169.90,169.90,true,1,
7290005591761,false,דבש טהור לחיץ פרחי בר 400 גרם,,,דבש טהור לחיץ פרחי ב,גרמים,400.00,100 גרם,false,1,24.90,6.23,true,1,
7290005610509,false,צנונית,,,צנונית,Unknown,0.00,Unknown,false,1,9.90,9.90,true,1,
7290005686436,false,תפוחי עץ 200 גרם,,,תפוחי עץ 200 גר,גרמים,200.00,100 גרם,false,1,14.50,7.25,true,1,
7290005697517,false,"יוגורט עיזים טבעי ביו 500 מ""ל",,,יוגורט עיזים טבעי בי,מיליליטרים,500.00,"100 מ""ל",false,1,18.90,3.78,true,1,
7290005697524,false,"יוגורט עיזים תמרים ביו 500 מ""ל",,,יוגורט עיזים תמרים ב,מיליליטרים,500.00,"100 מ""ל",false,1,18.90,3.78,true,1,
7290005697548,false,"יוגורט עיזים פירות יער ביו 500 מ""ל",,,יוגורט עיזים פירות י,מיליליטרים,500.00,"100 מ""ל",false,1,18.90,3.78,true,1,
7290005697562,false,"יוגורט עיזים אפרסק ביו 500 מ""ל",,,יוגורט עיזים אפרסק ב,מיליליטרים,500.00,"100 מ""ל",false,1,18.90,3.78,true,1,
7290005697630,false,"יוגורט עיזים ביו תאנים 500 מ""ל",,,יוגורט עיזים ביו תאנ,מיליליטרים,500.00,"100 מ""ל",false,1,18.90,3.78,true,1,
7290005697708,false,יוגורט עיזים טבעי מחלבת גלילי 1 ליטר,,,יוגורט עיזים טבעי מח,מיליליטרים,1000.00,"100 מ""ל",false,1,23.00,2.30,true,1,
7290005811111,false,בייגלה מקמח כוסמין עם מלח 300 גרם,,IL,בייגלה מקמח כוסמין ע,גרמים,300.00,100 גרם,false,1,16.90,5.63,true,1,
7290005838002,false,דניאלה 88 גרם,,,דניאלה וניל 100 גרם,גרמים,88.00,100 גרם,false,1,4.30,4.89,true,1,
7290005839078,false,מולטיפק יוגורט דנונה טבעי 3%,,,מולטיפק יוגורט דנונה,ליטרים,0.00,ליטר,false,1,17.90,17.90,true,1,
7290005839108,false,סימפוניה 5% עם זיתים 200 גרם,,,סימפוניה 5% עם זיתים,גרמים,200.00,100 גרם,false,1,12.90,6.45,true,1,
7290005839313,false,מילקי טופ מגולגלת 130 גרם,,,מילקי טופ מגולגלת 13,גרמים,130.00,100 גרם,false,1,5.30,4.08,true,1,
7290005896460,false,"בירה איגל חזקה 7.8% 500 מ""ל פחית",,,בירה איגל חזקה 7.8%,מיליליטרים,500.00,"100 מ""ל",false,1,6.90,1.38,true,1,
7290005896620,false,מים סאן בנדטו 1.5 ל מוגז,,,מים סאן בנדטו 1.5 ל,ליטרים,0.00,ליטר,false,1,3.60,3.60,true,1,
7290005896637,false,מים סאן בנדיטו 1.5 ליטר,,IL,מים סאן בנדיטו 1.5 ל,ליטרים,0.00,ליטר,false,1,4.00,4.00,true,1,
7290005992018,false,יוגורט עיזים 500 מל,,,יוגורט עיזים 500 מל,גרמים,500.00,100 גרם,false,1,13.90,2.78,true,1,
7290005992575,false,בולגרית למריחה 250 גר,,,בולגרית למריחה 250 ג,גרמים,250.00,100 גרם,false,1,20.50,8.20,true,1,
7290005992735,false,גבינה לבנה טבעית 250 גר,,,גבינה לבנה טבעית 250,גרמים,250.00,100 גרם,false,1,13.50,5.40,true,1,
7290006189358,false,סטייק אנטריקוט מוצר בשר מעובד מופשר,,,אנטריקוט מעובד מופשר,Unknown,0.00,"ק""ג",true,0,109.90,109.90,true,1,
7290006190765,false,גבינת גרוייר רזרב שוויצרי במשקל,,,גבינת גרוייר רזרב,Unknown,0.00,"ק""ג",true,0,241.00,241.00,true,1,
7290006194008,false,גבינת פקורינו רומנו איטלקי שקיל,,,גבינת פקורינו רומנו,Unknown,0.00,"ק""ג",true,0,175.00,175.00,true,1,
7290006194015,false,גבינת גורגונזולה פיקנטית במשקל,,,גבינת גורגונזולה פיק,Unknown,0.00,"ק""ג",true,0,200.00,200.00,true,1,
7290006194022,false,גורגונזולה דולצה איטלקי במשקל,,,גורגונזולה דולצה,Unknown,0.00,"ק""ג",true,0,199.00,199.00,true,1,
7290006229427,false,שישיית מים מינרלים סאן בנדטו 500 מל,,,שישיית מים מינרלים ס,ליטרים,0.02,ליטר,false,1,14.90,745.00,true,1,
7290006229588,false,בירה איגל לאגר פרימיום חזקה 6.3%  500 מל,,,בירה איגל לאגר פרימי,מיליליטרים,500.00,"100 מ""ל",false,1,6.90,1.38,true,1,
7290006241535,false,פריז מנגו 340 גרם,,,פריז מנגו 340 גרם,ליטרים,0.00,ליטר,false,1,16.90,16.90,true,1,
7290006251107,false,תה צאי מסאלה 25 שקיקים,,,תה צאי מסאלה 25 שקיק,Unknown,0.00,Unknown,false,1,19.90,19.90,true,1,
7290006251275,false,תה ירוק סיני 25 שקיקים של 1.5 ג,,,תה ירוק סיני 25 שקיק,Unknown,0.00,Unknown,false,1,26.90,26.90,true,1,
7290006251282,false,ניפלאות הקרנברי 25 שקיקים גן קסום,,,ניפלאות הקרנברי 25 ש,Unknown,0.00,Unknown,false,1,19.90,19.90,true,1,
7290006251374,false,תה ירוק לימונית וגינגר 25 שקיקים,,,תה ירוק לימונית וגינ,Unknown,0.00,Unknown,false,1,26.90,26.90,true,1,
7290006265500,false,פטריות שמפיניון ארוז,,,פטריות שמפיניון ארוז,Unknown,0.00,Unknown,false,1,12.90,12.90,true,1,
7290006271181,false,גחנון אפוי 750גר מעדנות,,,גחנון אפוי 750 גר,גרמים,750.00,100 גרם,false,1,28.70,3.83,true,1,
7290006271655,false,מיני בורקס גבינה 800 גרם,,,מיני בורקס גבינה,גרמים,800.00,100 גרם,false,1,32.50,4.06,true,1,
7290006272072,false,חטיפי פיצה גבינה 650 גר,,,חטיפי פיצה גבינה,גרמים,650.00,100 גרם,false,1,36.90,5.68,true,1,
7290006306296,false,רביולי גבינה לילדים 400 גר,,,רביולי גבינה לילדים,גרמים,400.00,100 גרם,false,1,27.90,6.98,true,1,
7290006306302,false,רביולי גבינה ופרמזן 400 גר,פסטה נונה,IL,רביולי גבינה ופרמזן,גרמים,400.00,100 גרם,false,1,27.90,6.98,true,1,
7290006306333,false,רביולי תרד 400 גר,,,רביולי תרד 400 גר,גרמים,400.00,100 גרם,false,1,27.90,6.98,true,1,
7290006306357,false,רביולי גבינת עיזים 400 גר,,,רביולי גבינת עיזים 4,גרמים,400.00,100 גרם,false,1,24.90,6.23,true,1,
7290006337016,false,בלינצס בשר 800 גרם,,,בלינצס בשר 800 גרם,גרמים,800.00,100 גרם,false,1,37.90,4.74,true,1,
7290006337023,false,בלינצס גבינה 800 גרם,,,בלינצס גבינה 800 גרם,גרמים,800.00,100 גרם,false,1,37.90,4.74,true,1,
7290006337030,false,כרוב/פלפל ממולא 800 גרם,,,כרוב/פלפל ממולא 800,גרמים,800.00,100 גרם,false,1,37.90,4.74,true,1,
7290006337443,false,"פלמני כבש 1.3 ק""ג",,,"פלמני כבש 1.3 ק""ג",קילוגרמים,0.00,"ק""ג",false,1,39.90,39.90,true,1,
7290006337467,false,"פלמני דומשניה 1.3 ק""ג",,,"פלמני דומשניה 1.3 ק""",קילוגרמים,0.00,"ק""ג",false,1,39.90,39.90,true,1,
7290006337504,false,פלמני משפחתי 1300 גרם,"מפעלי אירנה לבצק ממולא בע""מ",IL,"פלמני משפחתי 1.3 ק""ג",קילוגרמים,0.00,"ק""ג",false,1,39.00,39.00,true,1,
7290006337924,false,ורניקי גבינה 600 גר,,,ורניקי גבינה 600 גר,גרמים,600.00,100 גרם,false,1,23.90,3.98,true,1,
7290006337986,false,פלמני אליטניי 600 גרם,,,פלמני אליטניי 600 גר,גרמים,600.00,100 גרם,false,1,26.90,4.48,true,1,
7290006342072,false,גרעין לבן 200 גרם ששון הקולה,,,גרעין לבן 200 גרם,גרמים,200.00,100 גרם,false,1,9.90,4.95,true,1,
7290006342515,false,מנצס 200 גרם ששון הקולה,,,מנצס 200 גרם ששון הק,גרמים,200.00,100 גרם,false,1,6.90,3.45,true,1,
7290006342553,false,קבוקים 200 גרם ששון וקולה,,,קבוקים 200 גרם ששון,גרמים,200.00,100 גרם,false,1,5.90,2.95,true,1,
7290006342560,false,בוטן אמריקאי 200 גרם ששון הקולה,,,בוטן אמריקאי 200 גרם,גרמים,200.00,100 גרם,false,1,5.90,2.95,true,1,
7290006355065,false,קשקבליו איטלקי במשקל,,,קשקבליו איטלקי במשקל,Unknown,0.00,"ק""ג",true,0,204.00,204.00,true,1,
7290006359643,false,קשקבל כבשים דותן במשקל,,,קשקבל כבשים דותן,Unknown,0.00,"ק""ג",true,0,170.00,170.00,true,1,
7290006492432,false,מוצרלה בייבי 150 גרם,,,מוצרלה בייבי 150 גרם,גרמים,170.00,100 גרם,false,1,15.30,9.00,true,1,
7290006492616,false,בולגרית בפרוסות 5% 250 גר,,,בולגרית בפרוסות 5% 2,גרמים,250.00,100 גרם,false,1,28.30,11.32,true,1,
7290006492630,false,גליל גבינת עיזים 180גר,,,גליל גבינת עיזים 180,גרמים,180.00,100 גרם,false,1,26.90,14.94,true,1,
7290006492685,false,לבנה עיזים 3% 250 גרם,,,לבנה עיזים 3% 250 גר,גרמים,250.00,100 גרם,false,1,19.90,7.96,true,1,
7290006492852,false,גבינה לבנה עיזים 250 גרם,,,גבינה לבנה עיזים 250,גרמים,250.00,100 גרם,false,1,18.20,7.28,true,1,
7290006492913,false,לבנה ציזיקי 250 גרם,,,לבנה ציזיקי 250 גרם,גרמים,250.00,100 גרם,false,1,15.50,6.20,true,1,
7290006520500,false,שוקיים עוף טרי,,,שוקיים עוף טרי,Unknown,0.00,"ק""ג",true,0,29.90,29.90,true,1,
7290006559029,false,כדורי מוצרלה בופלו במשקל,,,כדורי מוצרלה בופלו,Unknown,0.00,"ק""ג",true,0,170.00,170.00,true,1,
7290006567048,false,פתיתי קוסקוס ישראלי 350 גרם,,,פתיתי קוסקוס ישראלי,גרמים,350.00,100 גרם,false,1,10.50,3.00,true,1,
7290006577160,false,יוגורט טבעי 3.6% אורגני 1 ליטר מחלבת גלילי,,,יוגורט טבעי 3.6% אור,מיליליטרים,1000.00,"100 מ""ל",false,1,31.50,3.15,true,1,
7290006618078,false,אסטוניש מרסס ניקוי כללי 750 מל,,,אסטוניש מרסס ניקוי כ,מיליליטרים,750.00,"100 מ""ל",false,1,19.90,2.65,true,1,
7290006653819,false,פתיתי קוסקוס דק 350 גרם,,,פתיתי קוסקוס דק 350,גרמים,350.00,100 גרם,false,1,10.50,3.00,true,1,
7290006660596,false,קמח עדשים אדומות ללא גלוטן 500 גרם,,IL,קמח עדשים אדומות ללא,גרמים,500.00,100 גרם,false,1,19.90,3.98,true,1,
7290006660602,false,מי קוקוס אורגני גרין קוקו קרטונית 1 ליטר,,VN,מי קוקוס אורגני גרין,מיליליטרים,1000.00,"100 מ""ל",false,1,20.90,2.09,true,1,
7290006664655,false,אקטימל טבעי שמינייה,,,אקטימל טבעי שמינייה,מיליליטרים,800.00,"100 מ""ל",false,1,22.70,2.84,true,1,
7290006664990,false,מארז ביו 1.7% 2+6 150 גר*8,,,מארז ביו 1.7% 2+6 15,ליטרים,0.00,ליטר,false,1,17.90,17.90,true,1,
7290006681553,false,שטראוס קרמבו וניל 8 יח,,,שטראוס קרמבו וניל 8,Unknown,0.00,Unknown,false,1,17.90,17.90,true,1,
7290006681560,false,שטראוס קרמבו מוקה 8 יח,,,שטראוס קרמבו מוקה 8,Unknown,0.00,Unknown,false,1,17.90,17.90,true,1,
7290006704832,false,אוכמניות טריות יחידה,,,אוכמניות טריות יחידה,Unknown,0.00,Unknown,false,1,29.90,29.90,true,1,
7290006705334,false,מקלות סורימי 200 גרם,,,מקלות סורימי 200 גרם,גרמים,200.00,100 גרם,false,1,5.10,2.55,true,1,
7290006705594,false,נתחי סורימי 200 גרם,,,נתחי סורימי 200 גרם,גרמים,200.00,100 גרם,false,1,5.20,2.60,true,1,
7290006724793,false,ממרח לימון כבוש 185 גרם,,IL,ממרח לימון כבוש 185,גרמים,185.00,100 גרם,false,1,25.10,13.57,true,1,
7290006724809,false,ממרח ארטישוק 185 גרם,,IL,ממרח ארטישוק 185 גרם,גרמים,185.00,100 גרם,false,1,25.10,13.57,true,1,
7290006724830,false,חזרת 185 גרם,,,חזרת 185 גרם,גרמים,185.00,100 גרם,false,1,24.00,12.97,true,1,
7290006764072,false,"בירה גולדסטאר בק חוזר 500 מ""ל",,,"בירה גולדסטאר 500 מ""",מיליליטרים,500.00,"100 מ""ל",false,1,7.90,1.58,true,1,
7290006765895,false,בוטן בקליפה 200 גרם שושן הקולה,,,בוטן בקליפה 200 גרם,גרמים,200.00,100 גרם,false,1,8.90,4.45,true,1,
7290006833822,false,נקניקיות עוף 600 גר מזרע,,,נקניקיות עוף 600 גר,גרמים,600.00,100 גרם,false,1,23.90,3.98,true,1,
7290006834539,false,גבינת קומבוזולה גרמנית במשקל,,,גבינת קומבוזולה,Unknown,0.00,"ק""ג",true,0,199.00,199.00,true,1,
7290006834546,false,גבינת שמברי גרמנית במשקל,,,גבינת שמברי גרמנית,Unknown,0.00,"ק""ג",true,0,210.00,210.00,true,1,
7290006835321,false,קבנוס עגל 250 גר,,,קבנוס עגל 250 גר,גרמים,250.00,100 גרם,false,1,23.90,9.56,true,1,
7290006855251,false,ברבריא חטיף קשיו אגוז מלך חמוציות 30*4,,,ברבריא חטיף קשיו אגו,גרמים,120.00,100 גרם,false,1,19.80,16.50,true,1,
7290006983206,false,תערובת להכנת פלפל קלי קלות 180 גרם,,,תערובת להכנת פלפל קל,גרמים,180.00,100 גרם,false,1,12.60,7.00,true,1,
7290006983770,false,עוגת שיש 400 גרם,,,עוגת שיש 400 גרם,גרמים,400.00,100 גרם,false,1,13.40,3.35,true,1,
7290006983794,false,עוגת תפוז 400 גרם,,,עוגת תפוז 400 גרם,גרמים,400.00,100 גרם,false,1,13.40,3.35,true,1,
7290008066145,false,בירה קורונה,,,"בירה קורונה 355 מ""ל",מיליליטרים,355.00,"100 מ""ל",false,1,8.90,2.51,true,1,
7290008101318,false,פירורי לחם קריספ זהוב 300 גרם,,IL,פירורי לחם קריספ זהו,Unknown,0.00,Unknown,false,0,7.90,7.90,true,1,
7290008175814,false,וילי פוד פטריות שמפניון חתיכות 400 גר`,,NL,וילי פוד פטריות שמפנ,גרמים,400.00,100 גרם,false,1,5.50,1.38,true,1,
7290008329033,false,צלחת 7  קטנה לבנה  5,,TR,צלחת 7  קטנה לבנה  5,Unknown,1.00,Unknown,false,1,10.50,10.50,true,1,
7290008329262,false,מרקיה לבנה  25 יח,,TR,מרקיה לבנה  25 יח,Unknown,1.00,Unknown,false,1,10.50,10.50,true,1,
7290008329293,false,סכינים פרימיום שקוף/,,TR,סכינים פרימיום שקוף/,Unknown,1.00,Unknown,false,1,9.50,9.50,true,1,
7290008329309,false,מזלגות פרמיום שקוף/ק,,TR,מזלגות פרמיום שקוף/ק,Unknown,1.00,Unknown,false,1,9.50,9.50,true,1,
7290008409049,false,מאמא עוףמיני שניצלים בציפוי שומשום 500 ג,,,מאמא עוף מיני שניצלי,גרמים,500.00,100 גרם,false,1,31.90,6.38,true,1,
7290008409100,false,אצבעות שניצל בציפוי שומשום מאמא עוף 700 גרם,,,אצבעות שניצל בציפוי,גרמים,700.00,100 גרם,false,1,37.90,5.41,true,1,
7290008409124,false,שניצל גונגל 700 גרם,,,שניצל גונגל מאמא עוף,גרמים,700.00,100 גרם,false,1,37.90,5.41,true,1,
7290008409216,false,שניצל דק דק פריך 700 גר,,,שניצל דק דק פריך 700,גרמים,700.00,100 גרם,false,1,42.90,6.13,true,1,
7290008409605,false,כוכבי עוף בציפוי מעודן מאמא עף 700 גרם,,,כוכבי עוף בציפוי מעו,גרמים,700.00,100 גרם,false,1,45.50,6.50,true,1,
7290008415071,false,חומוס עם טחינה 150 גרם,,,חומוס עם טחינה 150 ג,גרמים,150.00,100 גרם,false,1,6.10,4.07,true,1,
7290008425155,false,"שמן זית 750 מ""ל",,,"שמן זית 750 מ""ל",מיליליטרים,750.00,"100 מ""ל",false,1,66.50,8.87,true,1,
7290008425575,false,סילאן אורגני 710 גרם,,,סילאן אורגני 710 גרם,גרמים,710.00,100 גרם,false,1,45.90,6.46,true,1,
7290008437011,false,שריר טרי,,,שריר בקר טרי,Unknown,0.00,"ק""ג",true,0,49.90,49.90,true,1,
7290008437646,false,שקית גופיה טיב טעם,,,שקית גופיה,Unknown,0.00,Unknown,false,1,0.10,0.10,true,1,
7290008438285,false,גבינה אמנטל שוויצרי במשקל,,,גבינה אמנטל שוויצרי,Unknown,0.00,"ק""ג",true,0,220.00,220.00,true,1,
7290008461221,false,סרדין רוברט בשמן חמניות 120 גרם,,,סרדין רוברט בשמן חמנ,גרמים,120.00,100 גרם,false,1,7.90,6.58,true,1,
7290008462259,false,חרדל דיזיון גרגירים 345 גרם,,,חרדל דיזיון גרגירים,גרמים,345.00,100 גרם,false,1,19.90,5.77,true,1,
7290008464024,false,"בירה גולדסטאר לא מסוננת 500 מ""ל פחית",,,בירה גולדסטאר לא מסו,מיליליטרים,500.00,"100 מ""ל",false,1,10.90,2.18,true,1,
7290008464109,false,"בירה גולדסטאר 330 מ""ל UNFILTERED",,,"בירה גולדסטאר 330 מ""",מיליליטרים,330.00,"100 מ""ל",false,1,8.90,2.70,true,1,
7290008464130,false,"שישיית בירה גולדסטאר 330 מ""ל UNFILTERED",,,שישיית בירה גולדסטאר,מיליליטרים,1980.00,"100 מ""ל",false,1,37.90,1.91,true,1,
7290008464345,false,בירה גולדסטאר בקבוק 330 מל,,,בירה גולדסטאר בקבוק,מיליליטרים,330.00,"100 מ""ל",false,1,7.90,2.39,true,1,
7290008464468,false,"גולדסטאר פחית 500 מ""ל",,,"גולדסטאר פחית 500 מ""",מיליליטרים,500.00,"100 מ""ל",false,1,9.90,1.98,true,1,
7290008464505,false,"מים סאן בנדטו 500 מ""ל",,,"מים סאן בנדטו 500 מ""",מיליליטרים,500.00,"100 מ""ל",false,1,2.90,0.58,true,1,
7290008464604,false,"היינקן פחית 500 מ""ל",,,"היינקן פחית 500 מ""ל",מיליליטרים,500.00,"100 מ""ל",false,1,10.90,2.18,true,1,
7290008464673,false,"בירה גולדסטאר SLOW BREW פחית 500 מ""ל",,IL,בירה גולדסטאר SLOW B,מיליליטרים,500.00,"100 מ""ל",false,1,10.90,2.18,true,1,
7290008464697,false,"שישיית בירה מכבי 7.9% 330 מ""ל",,,שישיית בירה מכבי 7.9,מיליליטרים,1980.00,"100 מ""ל",false,1,38.90,1.96,true,1,
7290008464703,false,"שישיית בקבוקי מכבי 330 מ""ל",,,שישיית בקבוקי מכבי 3,מיליליטרים,1980.00,"100 מ""ל",false,1,37.90,1.91,true,1,
7290008464741,false,"שישיית בקבוקי גולדסטאר 330 מ""ל",,,שישיית בקבוקי גולדסט,מיליליטרים,1980.00,"100 מ""ל",false,1,32.90,1.66,true,1,
7290008464796,false,"שישיית הייניקן בקבוק 330 מ""ל",,,שישיית הייניקן בקבוק,מיליליטרים,1980.00,"100 מ""ל",false,1,38.90,1.96,true,1,
7290008500531,false,ערכת יום הולדת פילסברי 525 גרם,,,ערכת יום הולדת פילסב,גרמים,525.00,100 גרם,false,1,21.90,4.17,true,1,
7290008644235,false,עלי בייבי אחלה טבע,,,עלי בייבי אחלה טבע,גרמים,120.00,100 גרם,false,1,12.90,10.75,true,1,
7290008644839,false,חסה אחלה טבע,,,חסה אחלה טבע,גרמים,300.00,100 גרם,false,1,10.90,3.63,true,1,
7290008644945,false,סלט המושבה אחלה טבע,,,סלט המושבה אחלה טבע,גרמים,450.00,100 גרם,false,1,12.90,2.87,true,1,
7290008645935,false,חומוס אחלה 750 גר,,,חומוס אחלה 750 גרם,גרמים,750.00,100 גרם,false,1,11.90,1.59,true,1,
7290008670142,false,רקנאטי יסמין אדום 750 מל,,,רקנאטי יסמין אדום 75,Unknown,0.00,Unknown,false,1,39.90,39.90,true,1,
7290008670159,false,רקנאטי יסמין לבן 750 מל,,,רקנאטי יסמין לבן 201,Unknown,0.00,Unknown,false,1,39.90,39.90,true,1,
7290008670869,false,רקנאטי יונתן לבן 750 מל,,IL,רקנאטי יונתן לבן 750,Unknown,0.00,Unknown,false,1,43.90,43.90,true,1,
7290008690713,false,נקטר אושן ספריי חמוציות 1 ל,,,נקטר אושן ספריי 1 ל,מיליליטרים,1000.00,"100 מ""ל",false,1,13.90,1.39,true,1,
7290008693134,false,דניאלה תות 88 גרם,,,דניאלה תות 88 גרם,גרמים,88.00,100 גרם,false,1,4.30,4.89,true,1,
7290008745239,false,תפוציפס אקסטרא טבעי 50 גרם,,,תפוציפס אקסטרא טבעי,גרמים,50.00,100 גרם,false,1,4.90,9.80,true,1,
7290008747547,false,תפוציפס קראנץ טבעי 200 גרם,,,תפוציפס קראנץ טבעי 2,גרמים,200.00,100 גרם,false,1,10.90,5.45,true,1,
7290008750264,false,מסטיק מאסט LL פליפ.דובדבן מגדים 28 גר,,,מסטיק מאסט LL פליפ.ד,Unknown,0.00,Unknown,false,1,4.90,4.90,true,1,
7290008752244,false,תפוציפס קראנצי גריל 50 גרם,,IL,תפוציפס קראנצי גריל,גרמים,50.00,100 גרם,false,1,4.90,9.80,true,1,
7290008753111,false,תפוציפס קראנצי מקסיקני 50 גרם,,,תפוציפס קראנצי מקסיק,גרמים,50.00,100 גרם,false,1,4.90,9.80,true,1,
7290008754415,false,מסטיק מאסט מגדים ספירמינט עדין ללס 28 גר,,IL,מסטיק מאסט מגדים ספי,Unknown,0.00,Unknown,false,1,4.90,4.90,true,1,
7290008754422,false,מסטיק מאסט מגדים פפרמינט 28 גרם,,IL,מסטיק מאסט מגדים פפר,Unknown,0.00,Unknown,false,1,4.90,4.90,true,1,
7290008757010,false,"שוופס ביטר 250 מ""ל",,,שוופס ביטר לימון 250,מיליליטרים,250.00,"100 מ""ל",false,1,6.90,2.76,true,1,
7290008757034,false,שוופס סודה 250 מל זכוכית,,,"שוופס סודה 250 מ""ל ז",מיליליטרים,250.00,"100 מ""ל",false,1,4.90,1.96,true,1,
7290008757980,false,קרטונית ספרינג רימונים 1 ליטר,,,קרטונית ספרינג רימונ,מיליליטרים,1000.00,"100 מ""ל",false,1,7.40,0.74,true,1,
7290008775816,false,ערגליות שוקו 300 גרם,,,ערגליות שוקו 300 גרם,גרמים,300.00,100 גרם,false,1,12.90,4.30,true,1,
7290008775823,false,ערגליות תות 300 גרם,,,ערגליות תות 300 גרם,גרמים,300.00,100 גרם,false,1,12.90,4.30,true,1,
7290008776028,false,המבורגר קלאסי קפוא,,,המבורגר קלאסי קפוא,גרמים,300.00,100 גרם,false,0,31.50,10.50,true,1,
7290008776103,false,קוביות לגולש עגל טרי,,,קוביות לגולש עגל טרי,Unknown,0.00,"ק""ג",true,0,69.90,69.90,true,1,
7290008776240,false,כתף טלה טרי,,,כתף טלה טרי,Unknown,0.00,"ק""ג",true,0,99.00,99.00,true,1,
7290008801157,false,מרלו אדום יבש 750 מל סלקטד,,,"מרלו אדום יבש 750 מ""",Unknown,0.00,Unknown,false,1,32.90,32.90,true,1,
7290008801843,false,קברנה סוביניון אדום יבש 750 מל סלקטד,,,קברנה סוביניון אדום,Unknown,0.00,Unknown,false,1,32.90,32.90,true,1,
7290008802895,false,"קברנה סובניון אדום יבש 750 מ""ל",,,קברנה סובניון אדום י,Unknown,0.00,Unknown,false,1,42.90,42.90,true,1,
7290008849845,false,אריסה פיקנטית אוליביה 185 גר,,IL,אריסה פיקנטית אוליבי,גרמים,185.00,100 גרם,false,1,16.40,8.86,true,1,
7290008909761,false,קרלסברג בקבוק 330 מל,,,קרלסברג בקבוק 330 מל,מיליליטרים,330.00,"100 מ""ל",false,1,8.90,2.70,true,1,
7290008909853,false,"קוקה קולה 500  מ""ל ZERO",,,"קוקה קולה 500  מ""ל Z",מיליליטרים,500.00,"100 מ""ל",false,1,8.50,1.70,true,1,
7290008909884,false,קוקה קולה ZERO קלאסי 350 מל-,,,קוקה קולה ZERO קלאסי,מיליליטרים,350.00,"100 מ""ל",false,1,6.50,1.86,true,1,
7290010002016,false,כוסברה טחון 100 גרם,,,כוסברה טחון 100 גרם,גרמים,100.00,100 גרם,false,1,10.50,10.50,true,1,
7290010002023,false,כורכום הודי טחון 100 גרם,,,כורכום הודי טחון 100,גרמים,100.00,100 גרם,false,1,12.90,12.90,true,1,
7290010002030,false,כמון 100 גרם,,,כמון 100 גרם,גרמים,100.00,100 גרם,false,1,12.90,12.90,true,1,
7290010002047,false,מלח לימון 200 גרם,,,מלח לימון 200 גרם,גרמים,200.00,100 גרם,false,1,12.90,6.45,true,1,
7290010002078,false,פלפל שחור טחון 100 גרם,,,פלפל שחור טחון 120 ג,גרמים,100.00,100 גרם,false,1,16.90,16.90,true,1,
7290010002092,false,פלפל שחור גס דק 90 גרם,,,פלפל שחור גס דק 90 ג,גרמים,90.00,100 גרם,false,1,16.90,18.78,true,1,
7290010002108,false,פלפל שחור גרוס גס 90 גרם,,,פלפל שחור גרוס גס 90,גרמים,90.00,100 גרם,false,1,16.90,18.78,true,1,
7290010002122,false,פפריקה הונגרית מתוקה 100 גרם,,,פפריקה הונגרית מתוקה,גרמים,100.00,100 גרם,false,1,12.90,12.90,true,1,
7290010002139,false,פפריקה הונגרית חריפה 100 גרם,,,פפריקה הונגרית חריפה,גרמים,100.00,100 גרם,false,1,12.90,12.90,true,1,
7290010002146,false,פפריקה מרוקאית מתוקה 100 גרם,,,פפריקה מרוקאית מתוקה,גרמים,100.00,100 גרם,false,1,12.90,12.90,true,1,
7290010002177,false,פרימיום פפריקה מעושנת 90 גרם,,IL,פרימיום פפריקה מעושנ,גרמים,90.00,100 גרם,false,1,16.90,18.78,true,1,
7290010002191,false,מקלות קינמון 50 גרם,,,מקלות קינמון 50 גרם,גרמים,50.00,100 גרם,false,1,12.90,25.80,true,1,
7290010002207,false,קינמון טחון 100 גרם,,,קינמון טחון 100 גרם,גרמים,100.00,100 גרם,false,1,10.50,10.50,true,1,
7290010002290,false,תערובת לשווארמה טורקית  100 גרם,,,תערובת לשווארמה טורק,גרמים,100.00,100 גרם,false,1,12.90,12.90,true,1,
7290010002306,false,תערובת לקציצות 100 גרם,,,תערובת לקציצות 100 ג,גרמים,100.00,100 גרם,false,1,12.90,12.90,true,1,
7290010002313,false,ראס אל חנות 100 גרם,,,ראס אל חנות 100 גרם,גרמים,100.00,100 גרם,false,1,12.90,12.90,true,1,
7290010002320,false,תבלין גריל עוף 100 גרם,,,תבלין גריל עוף 130 ג,גרמים,100.00,100 גרם,false,1,12.90,12.90,true,1,
7290010002375,false,מדרס קארי 100 גרם,,,מדרס קארי 100 גרם,גרמים,100.00,100 גרם,false,1,12.90,12.90,true,1,
7290010002382,false,אורגנו 40 גרם,,,אורגנו 40 גרם,Unknown,0.00,Unknown,false,1,10.50,10.50,true,1,
7290010002399,false,בזיליקום -ריחן 40 גרם,,,בזיליקום -ריחן 40 גר,Unknown,0.00,Unknown,false,1,10.50,10.50,true,1,
7290010002429,false,עלי דפנה 20 גרם,,,עלי דפנה 20 גרם,Unknown,0.00,Unknown,false,1,10.50,10.50,true,1,
7290010002443,false,רוזמרין 40 גרם,,,רוזמרין 40 גרם,Unknown,0.00,Unknown,false,1,10.50,10.50,true,1,
7290010002498,false,שום גבישי 120 גרם,,,שום גבישי 120 גרם,גרמים,120.00,100 גרם,false,1,16.40,13.67,true,1,
7290010002726,false,תבלין לפרגיות 100 גר,,,תבלין לפרגיות 100 גר,גרמים,100.00,100 גרם,false,1,12.90,12.90,true,1,
7290010003754,false,כמון חטון 50 גרם שקית,,,כמון טחון 50 גרם,Unknown,0.00,Unknown,false,1,6.90,6.90,true,1,
7290010117864,false,דוריטוס בטעם חריף אש  70 גרם,,IL,דוריטוס חריף אש  70,גרמים,70.00,100 גרם,false,1,4.90,7.00,true,1,
7290010117970,false,סבבה בוטנים אמריקאים 50 גרם,,,סבבה בוטנים אמריקאים,Unknown,0.00,Unknown,false,1,3.30,3.30,true,1,
7290010154418,false,סחוג אדום 120 גר,,,סחוג אדום 120 גר,גרמים,120.00,100 גרם,false,1,10.90,9.08,true,1,
7290010163069,false,צנובר 100 גרם ששון הקולה,,,צנובר 100 גרם ששון ו,גרמים,100.00,100 גרם,false,1,29.90,29.90,true,1,
7290010237685,false,"בירה הייניקן 330 מ""ל פחית",,,"בירה הייניקן 330 מ""ל",מיליליטרים,330.00,"100 מ""ל",false,1,10.90,3.30,true,1,
7290010237890,false,"היינקן בק חוזר 500 מ""ל",,,"בירה היינקן  500 מ""ל",מיליליטרים,500.00,"100 מ""ל",false,1,9.90,1.98,true,1,
7290010259977,false,שמן קנולה וילי פוד 1 ליטר,,,שמן קנולה וילי פוד 1,מיליליטרים,1000.00,"100 מ""ל",false,1,11.90,1.19,true,1,
7290010259991,false,צנימים וילי פוד 250 גרם,,GR,צנימים וילי פוד 250,גרמים,250.00,100 גרם,false,1,9.30,3.72,true,1,
7290010429554,false,שמן זית כתית מעולה 2 קלאסי 750 יד מרדכי,,,שמן זית כתית מעולה 2,מיליליטרים,750.00,"100 מ""ל",false,1,37.90,5.05,true,1,
7290010471669,false,דנונה בר תות קורנפלקס 175 גר,,,דנונה בר תות קורנפלק,גרמים,175.00,100 גרם,false,1,4.80,2.74,true,1,
7290010513703,false,צופסטיקס 20 יח חד פעמי,,,צופסטיקס 20 יח חד פע,Unknown,0.00,Unknown,false,1,7.90,7.90,true,1,
7290010546169,false,מנדל גרנולה שקדים וצימוקים 400 גר,,,מנדל גרנולה שקדים וצ,גרמים,400.00,100 גרם,false,1,20.90,5.23,true,1,
7290010582037,false,חטיף פלפלון,,,חטיף פלפלון,Unknown,0.00,Unknown,false,1,9.90,9.90,true,1,
7290010627004,false,טחינה ירושלים 500 גרם,,,טחינה ירושלים 500 גר,גרמים,500.00,100 גרם,false,1,16.90,3.38,true,1,
7290010650019,false,אנדי בלגי,,,אנדי בלגי,Unknown,0.00,Unknown,false,1,13.90,13.90,true,1,
7290010650033,false,בצלצלי שאלוט,,,בצלצלי שאלוט,Unknown,0.00,Unknown,false,1,9.90,9.90,true,1,
7290010650088,false,פטריות שמפניון יבשות,,,פטריות שמפניון יבשות,Unknown,0.00,Unknown,false,1,9.90,9.90,true,1,
7290010650101,false,עגבניות מיובשות,,,עגבניות מיובשות,Unknown,0.00,Unknown,false,1,9.90,9.90,true,1,
7290010650118,false,עגבניות לחות,,,עגבניות לחות,גרמים,100.00,100 גרם,false,1,9.90,9.90,true,1,
7290010676446,false,"פילה דג בסה מעובד קפוא 1 ק""ג",,,פילה דג בסה קפוא,קילוגרמים,0.00,"ק""ג",false,1,32.90,32.90,true,1,
7290010777006,false,מארז לחמניות כוסמין 360 גרם,,IL,מארז לחמניות כוסמים,גרמים,360.00,100 גרם,false,1,16.90,4.69,true,1,
7290010777051,false,מארז לחמניות המבורגר 5 יח,,,מארז לחמניות המבורגר,Unknown,0.00,Unknown,false,1,15.90,15.90,true,1,
7290010777068,false,מארז לחמניות מתוקות/קלועות 5 יח,,,מארז לחמניות מתוקות/,Unknown,0.00,Unknown,false,1,15.90,15.90,true,1,
7290010777136,false,לחמנייה שמיניה 5 יח,,,לחמניה קלועה 5 יח,Unknown,0.00,Unknown,false,1,15.50,15.50,true,1,
7290010777150,false,פיתה בריבוע חיטה מלאה 8 יח,,,פיתה בריבוע חיטה מלא,Unknown,0.00,Unknown,false,1,17.90,17.90,true,1,
7290010777297,false,פיתה ביס לבן,,,פיתה ביס לבן,גרמים,500.00,100 גרם,false,1,17.90,3.58,true,1,
7290010777358,false,מארז שמיניית פיתות 100% כוסמין מלא,,,מארז שמיניית פיתות 1,גרמים,400.00,100 גרם,false,1,17.90,4.48,true,1,
7290010777488,false,מארז פיתות 100% מחמצת קמח מלא 500 גרם,,IL,מארז פיתות 100% מחמצ,גרמים,500.00,100 גרם,false,1,18.90,3.78,true,1,
7290010777525,false,מארז פיתות כוסמין 6 יח,,,מארז פיתות כוסמין 6,Unknown,0.00,Unknown,false,1,19.90,19.90,true,1,
7290010839865,false,רכז רימונים 320 גרם,,,רכז רימונים 320 גרם,גרמים,320.00,100 גרם,false,1,13.10,4.09,true,1,
7290010883356,false,כפפות אלוורה סנו סושי גדול גדול,,,כפפות אלוורה סנו סוש,Unknown,0.00,Unknown,false,1,12.20,12.20,true,1,
7290010883370,false,כפפות אלוורה סנו סושי גדול בינוני,,,כפפות אלוורה סנו סוש,Unknown,0.00,Unknown,false,1,12.20,12.20,true,1,
7290010945146,false,קוטג 3% מועשר 250 גרם,,,קוטג 3% מועשר 250 גר,גרמים,250.00,100 גרם,false,1,6.50,2.60,true,1,
7290010970100,false,שמן שומשום כבישה קרה 250 מיל טעמים,,,שמן שומשום כבישה קרה,מיליליטרים,250.00,"100 מ""ל",false,1,32.50,13.00,true,1,
7290010970650,false,קרם בלסמי חומץ מצומצם ממודנה איטליה 250,,,קרם בלסמי חומץ מצומצ,מיליליטרים,250.00,"100 מ""ל",false,1,32.90,13.16,true,1,
7290010970773,false,סילאן תמרים 100% טבעי בקבוק לחיץ 350 גרם,,,סילאן תמרים 100% טבע,גרמים,350.00,100 גרם,false,1,14.50,4.14,true,1,
7290011017866,false,"פחית סליק ק""ק 330 מ""ל",,,"פחית סליק ק""ק 330 מ""",מיליליטרים,330.00,"100 מ""ל",false,1,5.90,1.79,true,1,
7290011017873,false,"פחית סליק זירו 330 מ""ל",,,פחית סליק זירו 330 מ,מיליליטרים,330.00,"100 מ""ל",false,1,5.90,1.79,true,1,
7290011017880,false,"פחית סליק ד. ק""ק 330 מ""ל",,,"פחית סליק ד. ק""ק 330",מיליליטרים,330.00,"100 מ""ל",false,1,5.90,1.79,true,1,
7290011018368,false,"שישיית בירה ויינשטפן 330 מ""ל",,,שישיית בירה ויינשטפן,מיליליטרים,1980.00,"100 מ""ל",false,1,72.90,3.68,true,1,
7290011018443,false,"סליק פאנטה אורנג 330 מ""ל",,,סליק פאנטה אורנג 330,מיליליטרים,330.00,"100 מ""ל",false,1,5.90,1.79,true,1,
7290011018832,false,"קוקה קולה פרידגפק סליק 330 מ""ל שישייה",,,קוקה קולה פרידגפק,ליטרים,0.00,ליטר,false,1,24.90,24.90,true,1,
7290011018924,false,ק.קולה דיאט פרידגפק סליק 330 מל שישייה,,,ק.קולה דיאט פרידגפק,ליטרים,0.00,ליטר,false,1,24.90,24.90,true,1,
7290011051358,false,"שוופס סודה לימון 250 מ""ל זכוכית",,,שוופס סודה לימון 250,מיליליטרים,250.00,"100 מ""ל",false,1,4.90,1.96,true,1,
7290011115296,false,סבון מוצק מעושר בלחות צמחים רביעייה,,,סבון מוצק מעושר בלחו,גרמים,400.00,100 גרם,false,1,14.50,3.63,true,1,
7290011126940,false,תה ירוק ויסוצקי בתוספת מרווה 25 שקיקים,,,תה ירוק ויסוצקי בתוס,Unknown,0.00,Unknown,false,1,26.90,26.90,true,1,
7290011142049,false,לחם בריאות 650 גר,,,לחם בריאות 650 גר,גרמים,650.00,100 גרם,false,1,13.90,2.14,true,1,
7290011142148,false,מארז שישית לחמניות,,,מארז שישית לחמניות,גרמים,450.00,100 גרם,false,1,13.90,3.09,true,1,
7290011142193,false,4 לחמניות מתוקות,,,4 לחמניות מתוקות,Unknown,0.00,Unknown,false,1,13.90,13.90,true,1,
7290011148898,false,גבעולי ברוקולי משקל 400 גר,,,גבעולי ברוקולי 400 ג,קילוגרמים,0.00,"ק""ג",false,1,14.90,14.90,true,1,
7290011148911,false,פלפל טינקרבל,,,פלפל טינקרבל,Unknown,0.00,Unknown,false,1,12.90,12.90,true,1,
7290011148935,false,מלפפון בייבי,,,מלפפון בייבי,Unknown,0.00,Unknown,false,1,14.90,14.90,true,1,
7290011194246,false,קוטג 5% 250 גר,,,קוטג 5% 250 גר,גרמים,250.00,100 גרם,false,1,5.90,2.36,true,1,
7290011235024,false,רוזמרין,,,רוזמרין,Unknown,0.00,Unknown,false,1,5.90,5.90,true,1,
7290011235031,false,בזיליקום,,,רוקולה,Unknown,0.00,Unknown,false,1,5.90,5.90,true,1,
7290011235055,false,בזיליקום,,,בזיליקום,Unknown,0.00,Unknown,false,1,5.90,5.90,true,1,
7290011235062,false,עירית,,,עירית,Unknown,0.00,Unknown,false,1,5.90,5.90,true,1,
7290011235079,false,רוזמרין,,,קורנית,Unknown,0.00,Unknown,false,1,5.90,5.90,true,1,
7290011435226,false,דבש מפרחי בר בלחיץ 650 גרם,,,דבש מפרחי בר 650 גרם,גרמים,650.00,100 גרם,false,1,39.90,6.14,true,1,
7290011438142,false,"משקה חלב בטעם קפה 350מ""ל בקבוק",,IL,משקה חלב בטעם קפה,מיליליטרים,350.00,"100 מ""ל",false,1,7.30,2.09,true,1,
7290011499051,false,פטה כבשים מסורתית  250 גר,,,פטה כבשים מסורתית  2,גרמים,250.00,100 גרם,false,1,28.90,11.56,true,1,
7290011499129,false,קוביות בולגרית מעודנת  5% 200 גר,,,קוביות בולגרית מעודנ,גרמים,200.00,100 גרם,false,1,24.90,12.45,true,1,
7290011499327,false,גבינה בולגרית מעודנת חלב בקר 250 גר,,,גבינה בולגרית מעודנת,גרמים,250.00,100 גרם,false,1,24.90,9.96,true,1,
7290011499365,false,גבינת חלומי 200 גר,,,גבינת חלומי 200 גר,גרמים,200.00,100 גרם,false,1,24.90,12.45,true,1,
7290011499419,false,גבינת במרקם שמנת 5% טבעי 200 גר,,,גבינה במרקם שמנת 5%,גרמים,200.00,100 גרם,false,1,12.90,6.45,true,1,
7290011499525,false,לאבנה 500גר 9%,,,לאבנה 500גר 9%,גרמים,500.00,100 גרם,false,1,22.50,4.50,true,1,
7290011499624,false,גבינת שמנת 30% טבעי 200 גר,,,גבינת שמנת 30% טבעי,גרמים,200.00,100 גרם,false,1,13.40,6.70,true,1,
7290011499846,false,ריקוטה פרסקה 9% 300 גר,,,ריקוטה פרסקה 9% 300,גרמים,150.00,100 גרם,false,1,19.90,13.27,true,1,
7290011501570,false,"מיץ שזיפים 940 מ""ל",,,"מיץ שזיפים 940 מ""ל",מיליליטרים,946.00,"100 מ""ל",false,1,23.50,2.48,true,1,
7290011501617,false,חמוציות ברכז תפוחים ללא סוכר 250 גרם,,,חמוציות תפוחים ללא ס,גרמים,250.00,100 גרם,false,1,19.90,7.96,true,1,
7290011587093,false,תירס גמדי 400 גרם,,,תירס גמדי 400 גרם,גרמים,400.00,100 גרם,false,1,6.90,1.73,true,1,
7290011587307,false,ארטישוק תחתיות,,,ארטישוק תחתיות,גרמים,400.00,100 גרם,false,1,13.10,3.28,true,1,
7290011587826,false,חרדל דיזון 370 גרם,,,חרדל דיזון 370 גרם,גרמים,370.00,100 גרם,false,1,12.60,3.41,true,1,
7290011598211,false,סנו אנטי קאלק רב שימושי 750 מל,,,סנו אנטי קאלק רב שימ,מיליליטרים,750.00,"100 מ""ל",false,1,19.90,2.65,true,1,
7290011598402,false,סנו מקסימה מרכך כביסה וויט מילק 4 ליטר,,,סנו מקסימה מרכך כביס,ליטרים,0.00,ליטר,false,1,22.90,22.90,true,1,
7290011644000,false,מקלות תירס ממותקים 80 גרם,,,מקלות תירס ממותקים 8,גרמים,90.00,100 גרם,false,1,5.70,6.33,true,1,
7290011728298,false,חליפניו קיץ ירוק חריף 210 גר,,IL,חלפיניו ירוק פרוס עם,גרמים,195.00,100 גרם,false,1,26.10,13.38,true,1,
7290011728335,false,סלסה פלפל אדום וצ`יפוטלה 330 גרם,,IL,סלסה פלפל אדום וצ`יפ,גרמים,330.00,100 גרם,false,1,26.90,8.15,true,1,
7290011877859,false,"סנו אינסטלטור פותח סתימות 200 מ""ל",,,סנו אינסטלטור פותח ס,מיליליטרים,200.00,"100 מ""ל",false,1,17.90,8.95,true,1,
7290011947309,false,זית סורי מבוקע עם לימון כבוש זיתא 220 גר,,,זית סורי מבוקע עם לי,גרמים,220.00,100 גרם,false,1,14.90,6.77,true,1,
7290011947316,false,זיתי קלמטה  215 גרם,,,זיתי קלמטה  215 גרם,גרמים,215.00,100 גרם,false,1,14.90,6.93,true,1,
7290011947781,false,מיקס זית ירוק/קלמטה ללא גלעין זיתא 190 ג,,IL,מיקס זית ירוק/קלמטה,גרמים,190.00,100 גרם,false,0,14.90,7.84,true,1,
7290011947798,false,זית קלמטה ללא גלעין זיתא 190 גר,,IL,זית קלמטה ללא גלעין,גרמים,190.00,100 גרם,false,0,14.90,7.84,true,1,
7290012001994,false,חרדל דיזיון  350 גרם,,,חרדל דיזיון  350 גרם,גרמים,350.00,100 גרם,false,1,13.90,3.97,true,1,
7290012019043,false,שום צעיר כבוש בחומץ בצנצנת 330 גרם,,,שום צעיר כבוש בחומץ,גרמים,330.00,100 גרם,false,1,11.50,3.48,true,1,
7290012019241,false,רוטב פסטה מסורתי 680 גר,,,רוטב פסטה מסורתי,גרמים,680.00,100 גרם,false,1,15.00,2.21,true,1,
7290012019272,false,"רסק תפו""ע קינמון 4 יח 113 גר",,,"רסק תפו""ע קינמון 4 י",גרמים,113.00,100 גרם,false,1,13.90,12.30,true,1,
7290012040474,false,טבק מרלבורו רד PP חפיסה,,,טבק מרלבורו רד PP חפ,יחידה,1.00,יחידה,false,1,74.90,74.90,true,1,
7290012040481,false,טבק לגלגול סוגריות מלברו גולד 30 גר בודד,,,טבק לגלגול סוגריות מ,יחידה,1.00,יחידה,false,1,74.90,74.90,true,1,
7290012117916,false,סנו אינסטלטור נוזלי 1 ליטר,,,סנו אינסטלטור נוזלי,מיליליטרים,1000.00,"100 מ""ל",false,1,33.90,3.39,true,1,
7290012159329,false,מיונז אמיתי 860 גרם LINA,,,מיונז אמיתי 860 גרם,גרמים,860.00,100 גרם,false,1,22.90,2.66,true,1,
7290012251108,false,סלמי טורו 170 גרם,,,סלמי טורו 170 גרם,גרמים,170.00,100 גרם,false,1,32.50,19.12,true,1,
7290012251276,false,תיק בד טיב טעם,,,תיק רב פעמי ממוחזר,Unknown,0.00,Unknown,false,1,5.90,5.90,true,1,
7290012251320,false,גיוזה בקר 320 גר קפוא מזרע,,,גיוזה בקר 320 גר,גרמים,320.00,100 גרם,false,1,36.90,11.53,true,1,
7290012251337,false,דים סאם עוף ואורז 360 גר,,,דים סאם עוף ואורז,גרמים,360.00,100 גרם,false,1,44.90,12.47,true,1,
7290012251351,false,דים סאם אורז פטריות 360 גר קפוא,,,דים סאם אורז פטריות,גרמים,360.00,100 גרם,false,1,44.90,12.47,true,1,
7290012251474,false,שרימפס מקולף 500 גר קפוא XL,,,שרימפס מקולף 500 גר,גרמים,500.00,100 גרם,false,1,51.50,10.30,true,1,
7290012251481,false,שרימפס מקולף 500 גר קפוא L,,,שרימפס מקולף 500 גר,גרמים,500.00,100 גרם,false,1,52.50,10.50,true,1,
7290012251498,false,שרימפס מקולף 500 גר קפוא M,,,שרימפס מקולף 500 גר,גרמים,500.00,100 גרם,false,1,52.50,10.50,true,1,
7290012251528,false,נקניקיות בוואריה עם גבינה 700 גר מזרע,,,נקניקיות בוואריה,גרמים,700.00,100 גרם,false,1,67.90,9.70,true,1,
7290012251535,false,שרימפס מבושל 750 גר קפוא,,,שרימפס מבושל קפוא,גרמים,750.00,100 גרם,false,1,61.90,8.25,true,1,
7290012251542,false,"שרימפס לא מקולף גדול 1 ק""ג קפוא 26/30",,,שרימפס לא מקולף גדול,קילוגרמים,0.00,"ק""ג",false,1,110.50,110.50,true,1,
7290012251672,false,חמאה צרפתית 200 גר,,,חמאה צרפתית 200 גר,גרמים,200.00,100 גרם,false,1,7.80,3.90,true,1,
7290012252891,false,נקניקיות אוסטריות מצוננות 600 גרם,,IL,נקניקיות אוסטריות מצ,גרמים,600.00,100 גרם,false,1,32.90,5.48,true,1,
7290012252914,false,נקניקיות בלקניות מצוננות 600 גרם,,IL,נקניקיות בלקניות מצו,גרמים,600.00,100 גרם,false,1,25.90,4.32,true,1,
7290012309878,false,חלבה עם פיסטוק 500 גרם,,,חלבה עם פיסטוק 500 ג,גרמים,500.00,100 גרם,false,1,16.70,3.34,true,1,
7290012309892,false,חלבה וניל 500 גרם,,,חלבה וניל 500 גרם,גרמים,500.00,100 גרם,false,1,16.70,3.34,true,1,
7290012367717,false,קרם ידיים שיבולת שועל אפקטיב קר 150 מל,,,קרם ידיים שיבולת שוע,מיליליטרים,150.00,"100 מ""ל",false,1,16.80,11.20,true,1,
7290012413643,false,תה ירוק  קמומיל 25 שקיקים ויסוצקי,,,תה ירוק  קמומיל 25 ש,Unknown,0.00,Unknown,false,1,26.90,26.90,true,1,
7290012522581,false,שניצל תירס טבעול ללא גלוטן 664 גר,,,שניצל תירס טבעול ללא,גרמים,664.00,100 גרם,false,1,38.50,5.80,true,1,
7290012642807,false,פלפלונים ירוק בחומץ 540 גר,,,פלפלונים ירוק בחומץ,גרמים,540.00,100 גרם,false,1,17.40,3.22,true,1,
7290012642876,false,פלפלונים מעורב בחומץ חריץ 530 גר,,,פלפלונים מעורב בחומץ,גרמים,530.00,100 גרם,false,1,17.40,3.28,true,1,
7290012645112,false,יוגורט עיזים בדלי 750 מל,,,יוגורט עיזים בדלי 75,מיליליטרים,750.00,"100 מ""ל",false,1,21.90,2.92,true,1,
7290012759666,false,משפחתית בראוניז תמר שוקולד פקאן ופולי קק,,IL,משפחתית בראוניז תמר,גרמים,240.00,100 גרם,false,1,29.90,12.46,true,1,
7290012803451,false,טוסו מרי שוקולד מריר מעולה 62% 100 גרם,,,טוסו מרי שוקולד מריר,גרמים,100.00,100 גרם,false,1,14.20,14.20,true,1,
7290012803796,false,טוסו מר שוקולד חלב עם אגוזים 100 גר,,,טוסו מר שוקולד חלב ע,גרמים,100.00,100 גרם,false,1,14.20,14.20,true,1,
7290012823237,false,קרמה תחליב רחצה 750 מל תה ירוק,,IL,תחליב רחצה קרמה בריז,מיליליטרים,700.00,"100 מ""ל",false,1,19.90,2.84,true,1,
7290012823381,false,מרכך כביסה מקסימה סופר מרוכז 1 ל סנסטיב,,,מרכך כביסה מקסימה סו,מיליליטרים,1000.00,"100 מ""ל",false,1,18.90,1.89,true,1,
7290012823398,false,מט.לחות לריצפה בניחוח מרכך כביסה רצפז 10,,,מט.לחות לריצפה בניחו,Unknown,0.00,Unknown,false,1,14.90,14.90,true,1,
7290012823558,false,סנו סושי מטליות לחות לריצפה ענק 10 יח,,,סנו סושי מטליות לחות,Unknown,0.00,Unknown,false,1,12.20,12.20,true,1,
7290012823602,false,נייר טואלט סופט סילק  32 גל,,,נייר טואלט סופט סילק,מטרים,589.00,מטר,false,1,33.90,0.06,true,1,
7290012864001,false,נבטי חמניה,,,נבטי חמניה,Unknown,0.00,Unknown,false,1,14.90,14.90,true,1,
7290012864025,false,נבטי אלפלפא,,,נבטי אלפלפא,Unknown,0.00,Unknown,false,1,9.90,9.90,true,1,
7290012901355,false,פולד מקרוני & ציז 206 גרם,,,פולד מקרוני & ציז 20,גרמים,206.00,100 גרם,false,1,12.90,6.26,true,1,
7290012901973,false,שעועית אדומה גאלה 400 גרם,,IT,שעועית אדומה גאלה 40,גרמים,400.00,100 גרם,false,1,12.00,3.00,true,1,
7290012936944,false,תבלינים אגוז מוסקט טחון 40 גרם,,,תבלינים אגוז מוסקט ט,Unknown,0.00,Unknown,false,1,16.40,16.40,true,1,
7290012958014,false,ביצי דגים 113 גר זכוכית,,,ביצי דגים 113 גר זכו,גרמים,113.00,100 גרם,false,1,57.90,51.24,true,1,
7290012958052,false,ביצי דגים 250 גר בזכוכית,,,ביצי דגים 250 גר בזכ,גרמים,250.00,100 גרם,false,1,146.90,58.76,true,1,
7290012983160,false,סילאן בקבוק לחיץ תמר,"חצר כנרת מוצרי תמר אגש""ח",IL,סילאן בקבוק לחיץ תמר,גרמים,400.00,100 גרם,false,1,12.90,3.23,true,1,
7290013089809,false,פילה אמנון קפוא במשקל,,,פילה אמנון קפוא,Unknown,0.00,"ק""ג",true,0,37.90,37.90,true,1,
7290013117410,false,בצק פריך מתוק 900 גר מעדנות,,,בצק פריך מתוק 900 גר,גרמים,900.00,100 גרם,false,1,27.50,3.06,true,1,
7290013117427,false,בצק פריך מלוח 900 גר מעדנות,,,בצק פריך מלוח 900 גר,גרמים,900.00,100 גרם,false,1,27.50,3.06,true,1,
7290013144171,false,תערובת עוגת שוקולד 560 גר,,,תערובת עוגת שוקולד 5,גרמים,560.00,100 גרם,false,1,19.90,3.55,true,1,
7290013144232,false,פודינג וניל 85 גר,,,פודינג וניל 85 גר,גרמים,85.00,100 גרם,false,1,6.60,7.76,true,1,
7290013144393,false,"תמצית וניל 50 מ""ל",,,"תמצית וניל 50 מ""ל",מיליליטרים,50.00,"100 מ""ל",false,1,5.50,11.00,true,1,
7290013144515,false,"צבע מאכל צהוב 50 מ""ל",,,"צבע מאכל צהוב 50 מ""ל",מיליליטרים,50.00,"100 מ""ל",false,1,5.30,10.60,true,1,
7290013144522,false,"צבע מאכל ירוק 50 מ""ל",,,"צבע מאכל ירוק 50 מ""ל",מיליליטרים,50.00,"100 מ""ל",false,1,5.30,10.60,true,1,
7290013144539,false,"צבע מאכל אדום 50 מ""ל",,,"צבע מאכל אדום 50 מ""ל",מיליליטרים,50.00,"100 מ""ל",false,1,5.30,10.60,true,1,
7290013145178,false,קוקוס טחון לבן 100 גר,,,קוקוס טחון לבן 100 ג,גרמים,100.00,100 גרם,false,1,5.90,5.90,true,1,
7290013145192,false,שומשום 100 גר,,,שומשום 100 גר,גרמים,100.00,100 גרם,false,1,5.90,5.90,true,1,
7290013145390,false,שוקולד ציפס 250 גר,,,שוקולד ציפס 250 גר,גרמים,250.00,100 גרם,false,1,11.30,4.52,true,1,
7290013145451,false,קקאו 150 גר,,,קקאו 150 גר,גרמים,150.00,100 גרם,false,1,11.00,7.33,true,1,
7290013145529,false,סוכריות צבעוניות לקישוט 90 גר,,,סוכריות צבעוניות לקי,גרמים,90.00,100 גרם,false,1,7.10,7.89,true,1,
7290013145567,false,מיני מיני עדשים 90 גר,,,מיני מיני עדשים 90 ג,גרמים,90.00,100 גרם,false,1,14.00,15.56,true,1,
7290013145628,false,סוכריות צבעוניות 200 גרם,,,סוכריות צבעוניות 200,גרמים,200.00,100 גרם,false,1,10.50,5.25,true,1,
7290013145840,false,סוכר וניל 10 יח בצלופן,,,סוכר וניל 10 יח בצלו,Unknown,0.00,Unknown,false,1,2.70,2.70,true,1,
7290013145857,false,אבקת אפיה 10 יח בצלופן,,,אבקת אפיה 10 יח בצלו,Unknown,0.00,Unknown,false,1,2.70,2.70,true,1,
7290013145864,false,גלטין טהור אבקה 28 גר,,,גלטין טהור אבקה 28 ג,גרמים,28.00,100 גרם,false,1,12.90,46.07,true,1,
7290013145901,false,סודה לשתיה 100 גר,,,סודה לשתיה 100 גר,גרמים,100.00,100 גרם,false,1,2.00,2.00,true,1,
7290013145918,false,אבקת סוכר 100 גר,,,אבקת סוכר 100 גר,גרמים,100.00,100 גרם,false,1,2.00,2.00,true,1,
7290013145956,false,שמרים יבשים בואקום 500 גרם,,,שמרים יבשים בואקום 5,גרמים,500.00,100 גרם,false,1,15.90,3.18,true,1,
7290013145963,false,שמרים יבשים בואקום 125 גרם,,,שמרים יבשים בואקום 1,גרמים,125.00,100 גרם,false,1,6.60,5.28,true,1,
7290013145970,false,קורנפלור 200 גרם,,,קורנפלור 200 גרם,גרמים,200.00,100 גרם,false,1,4.20,2.10,true,1,
7290013146656,false,כוכבים תכלת ירוק לבן לקישוט 60 גרם,,,כוכבים תכלת ירוק לבן,גרמים,60.00,100 גרם,false,1,12.90,21.50,true,1,
7290013153432,false,"פריגת סחוט לימונע 400 מ""ל",,IL,פריגת סחוט לימונע 40,מיליליטרים,400.00,"100 מ""ל",false,1,10.90,2.73,true,1,
7290013187765,false,ברוקולי טבעפרוסט 800 גר,,,ברוקולי טבעפרוסט 800,גרמים,800.00,100 גרם,false,1,19.90,2.49,true,1,
7290013187772,false,אפונה ירוקה עדינה טבעפרוסט 800 גר,,,אפונה ירוקה עדינה טב,גרמים,800.00,100 גרם,false,1,19.90,2.49,true,1,
7290013187796,false,שעועית ירוקה שלמה טבעפרוסט 800 גר,,,שעועית ירוקה שלמה טב,גרמים,800.00,100 גרם,false,1,16.90,2.11,true,1,
7290013187802,false,שעועית ירוקה עדינה טבעפרוסט 800 גר,,,שעועית ירוקה עדינה ט,גרמים,800.00,100 גרם,false,1,16.90,2.11,true,1,
7290013187819,false,שעועית ירוקה חתוכה טבעפרוסט 800 גר,,,שעועית ירוקה חתוכה ט,גרמים,800.00,100 גרם,false,1,16.90,2.11,true,1,
7290013187826,false,כרוב ניצנים טבעפרוסט 800 גר,,,כרוב ניצנים טבעפרוסט,גרמים,800.00,100 גרם,false,1,16.90,2.11,true,1,
7290013187833,false,כרובית טבעפרוסט 800 גר,,,כרובית טבעפרוסט 800,גרמים,800.00,100 גרם,false,1,16.90,2.11,true,1,
7290013187840,false,גזר גמדי טבעפרוסט 800 גר,,,גזר גמדי טבעפרוסט 80,גרמים,800.00,100 גרם,false,1,16.90,2.11,true,1,
7290013187857,false,תרד טבעפרוסט 800 גר,,,תרד טבעפרוסט 800 גר,גרמים,800.00,100 גרם,false,1,16.90,2.11,true,1,
7290013187871,false,סרוולט אוסטרי 170 גר,,,סרוולט אוסטרי 170 גר,גרמים,170.00,100 גרם,false,1,35.90,21.12,true,1,
7290013215017,false,פיטריות דואט,,,פיטריות דואט,Unknown,0.00,Unknown,false,1,19.90,19.90,true,1,
7290013253194,false,"קבב מזרחי 1 ק""ג אבי נחום",,IL,"קבב מזרחי 1 ק""ג אבי",קילוגרמים,0.00,"ק""ג",false,1,73.50,73.50,true,1,
7290013253200,false,"קבב רומני 1 ק""ג אבי נחום",,IL,"קבב רומני 1 ק""ג",קילוגרמים,0.00,"ק""ג",false,1,73.50,73.50,true,1,
7290013253217,false,"קבב עם שומן כבש 1 ק""ג אבי נחום",,IL,"קבב עם שומן כבש 1 ק""",קילוגרמים,0.00,"ק""ג",false,1,73.50,73.50,true,1,
7290013268020,false,מרכך כביסה מקסימה סופר מרוכז 1 ל אולטרא,,,מרכך כביסה מקסימה סו,מיליליטרים,1000.00,"100 מ""ל",false,1,18.90,1.89,true,1,
7290013268242,false,נוזל רצפות ריצפז פרש הום מלון מפנק 2 ל,,IL,נוזל רצפות ריצפז פרש,ליטרים,0.00,ליטר,false,1,22.90,22.90,true,1,
7290013268884,false,סנו ריצפז פרש 2 ליטר מאסק,,,סנו ריצפז פרש 2 ליטר,ליטרים,0.00,ליטר,false,1,21.90,21.90,true,1,
7290013268891,false,סנו אוקסיגן גל מסיר כתמים 3 ל,,,סנו אוקסיגן גל מסיר,ליטרים,0.00,ליטר,false,1,35.90,35.90,true,1,
7290013268983,false,מרכך מרוכז 1 ליטר עוצמתי במיוחד,,,מרכך מרוכז 1 ליטר עו,ליטרים,0.00,ליטר,false,1,18.90,18.90,true,1,
7290013269751,false,מט.לחות לרצפה סנו ריצפז פרש מלו בוטיק 10,,IL,מט.לחות לרצפה סנו רי,Unknown,0.00,Unknown,false,1,14.90,14.90,true,1,
7290013269850,false,סנו סושי נייר אפיה אקולוגי,,,סנו סושי נייר אפיה א,Unknown,0.00,Unknown,false,1,18.80,18.80,true,1,
7290013310019,false,קיסמי שיניים עם חוט דנטלי הוסטס,,,קיסמי שיניים עם חוט,Unknown,0.00,Unknown,false,1,7.10,7.10,true,1,
7290013358523,false,מאסטר שף שבבי בצל מטוגן 150 גרם,,,מאסטר שף שבבי בצל מט,גרמים,150.00,100 גרם,false,1,16.10,10.73,true,1,
7290013366108,false,אספרגוס,,,אספרגוס,Unknown,0.00,Unknown,false,1,34.90,34.90,true,1,
7290013366634,false,חסה ראשים 200 גר,,,חסה ראשים 200 גר,גרמים,200.00,100 גרם,false,1,11.90,5.95,true,1,
7290013366658,false,חסה סנלובה 200 גר,,,חסה סנלובה 200 גר,גרמים,200.00,100 גרם,false,1,14.90,7.45,true,1,
7290013389091,false,בצלצלי פנינה כבושים 350 גרם תומר,,,בצלצלי פנינה כבושים,גרמים,350.00,100 גרם,false,1,10.90,3.11,true,1,
7290013389114,false,"ניוקי תפו""א 500 גרם",,,"ניוקי תפו""א 500 גרם",גרמים,500.00,100 גרם,false,1,10.30,2.06,true,1,
7290013389138,false,ניוקי שלושה צבעים 500 גרם,,,ניוקי שלושה צבעים 50,גרמים,500.00,100 גרם,false,1,13.50,2.70,true,1,
7290013430083,false,"בירה אלכסנדר בלונד 330 מ""ל",,,בירה אלכסנדר בלונד 3,מיליליטרים,330.00,"100 מ""ל",false,1,14.90,4.52,true,1,
7290013430304,false,"בירה אלכסנדר גרין 330 מ""ל",,,בירה אלכסנדר גרין 33,מיליליטרים,330.00,"100 מ""ל",false,1,14.90,4.52,true,1,
7290013430403,false,"בירה אלכסנדר בלייז 330 מ""ל",,,בירה אלכסנדר בלייז 3,מיליליטרים,330.00,"100 מ""ל",false,1,14.90,4.52,true,1,
7290013442062,false,יוגורט 600 גר,,,יוגורט 600 גר,גרמים,600.00,100 גרם,false,1,21.90,3.65,true,1,
7290013442246,false,לבנה 250 גר,,,לבנה 250 גר,גרמים,250.00,100 גרם,false,1,18.90,7.56,true,1,
7290013442277,false,גבינת פטה 250 גר,,,גבינת פטה 250 גר,גרמים,250.00,100 גרם,false,1,34.90,13.96,true,1,
7290013442284,false,גבינת ברי 140 גר,,,גבינת ברי 140 גר,גרמים,140.00,100 גרם,false,1,27.90,19.93,true,1,
7290013442307,false,קממבר פקאן 140 גר,,,קממבר פקאן 140 גר,גרמים,140.00,100 גרם,false,1,27.90,19.93,true,1,
7290013442345,false,גבינה ארוטן כמהין עובש כמהין 150 גר,,,גבינה ארוטן כמהין עו,גרמים,150.00,100 גרם,false,1,31.90,21.27,true,1,
7290013472199,false,ערמונים קלופים וקלויים 105 גרם,,,ערמונים קלופים וקלוי,גרמים,105.00,100 גרם,false,1,7.90,7.52,true,1,
7290013492005,false,תפוחוני אדמה למיקרוגל,,,תפוחוני אדמה למיקרו,גרמים,700.00,100 גרם,false,1,9.90,1.41,true,1,
7290013493026,false,בירה בזלת חיטה 750 מל,,,בירה בזלת חיטה 750 מ,מיליליטרים,750.00,"100 מ""ל",false,1,31.90,4.25,true,1,
7290013531117,false,רוטב לפסטה קידס 260 גר יכין,,,רוטב לפסטה קידס 260,מיליליטרים,260.00,"100 מ""ל",false,1,6.90,2.65,true,1,
7290013531377,false,תורמוס יכין 560 גרם,,,תורמוס יכין 560 גרם,גרמים,560.00,100 גרם,false,1,10.90,1.95,true,1,
7290013531582,false,שלישיית זיתים חרוזית יכין 3* 200 גר,,,שלישיית זיתים חרוזית,גרמים,600.00,100 גרם,false,1,15.90,2.65,true,1,
7290013531759,false,שעועית לבנה במים 550 גרם,,,שעועית לבנה במים 550,גרמים,550.00,100 גרם,false,1,10.90,1.98,true,1,
7290013542144,false,כוס נייר 4OZ  לאספרס,,CN,כוס נייר 4OZ  לאספרס,Unknown,1.00,Unknown,false,1,6.50,6.50,true,1,
7290013542458,false,קיסמי שיניים מלחיה 3,,CN,קיסמי שיניים מלחיה 3,Unknown,0.00,Unknown,false,1,1.90,1.90,true,1,
7290013542526,false,כוס נייר 50 יח לשתיה,,CN,כוס נייר 50 יח לשתיה,Unknown,0.00,Unknown,false,1,10.90,10.90,true,1,
7290013542588,false,תבניות אלומיניום 731,,CN,תבניות אלומיניום 731,Unknown,1.00,Unknown,false,1,10.50,10.50,true,1,
7290013542595,false,תבניות אלומיניום עגו,,CN,תבניות אלומיניום עגו,Unknown,1.00,Unknown,false,1,9.50,9.50,true,1,
7290013542670,false,קערה עגולה בינונית 9,,CN,קערה עגולה בינונית 9,Unknown,1.00,Unknown,false,1,9.90,9.90,true,1,
7290013585233,false,"ספרייט ZERO פחית סליק 330 מ""ל",,,ספרייט ZERO פחית סלי,מיליליטרים,330.00,"100 מ""ל",false,1,5.90,1.79,true,1,
7290013585394,false,קוקה קולה 1 ליטר,,,קוקה קולה 1 ליטר,מיליליטרים,1000.00,"100 מ""ל",false,1,7.50,0.75,true,1,
7290013585455,false,"ויינשטפן פסטביר בק 330 מ""ל",,,ויינשטפן פסטביר בק 3,מיליליטרים,330.00,"100 מ""ל",false,1,14.90,4.52,true,1,
7290013585967,false,מארז ספרייט זירו 6 * 330 פח Fridge- pack,,,מארז ספרייט זירו 6 *,ליטרים,0.00,ליטר,false,1,24.90,24.90,true,1,
7290013608260,false,מיץ רימונים 100% סחוט טרי פרימור 1 ל,,,מיץ רימונים 100% סחו,מיליליטרים,1000.00,"100 מ""ל",false,1,26.90,2.69,true,1,
7290013675828,false,חגיגה אסייתית להקפצה 450 גר,,IL,חגיגה אסייתית להקפצה,גרמים,450.00,100 גרם,false,1,26.50,5.89,true,1,
7290013713025,false,"בירה  פילס 330 מ""ל גמס",,,"בירה  פילס 330 מ""ל ג",מיליליטרים,330.00,"100 מ""ל",false,1,13.90,4.21,true,1,
7290013720498,false,פיין שרימפס מבושל 750 גר M,,,פיין שרימפס מבושל,גרמים,750.00,100 גרם,false,1,63.90,8.52,true,1,
7290013724946,false,שקדים בשוקולד מריר 140 גר שקדיה,,,שקדים בשוקולד מריר 1,גרמים,140.00,100 גרם,false,1,14.20,10.14,true,1,
7290013724960,false,שקדים בשוקולד חלב 140 גר שקדיה,,,שקדים בשוקולד חלב 14,גרמים,140.00,100 גרם,false,1,14.20,10.14,true,1,
7290013724977,false,צימוקים בשוקולד מריר 140 גר שקדיה,,,צימוקים בשוקולד מריר,גרמים,140.00,100 גרם,false,1,14.20,10.14,true,1,
7290013764041,false,סיידר תפוחים מתוק 330 מל,,,סיידר תפוחים מתוק 33,מיליליטרים,330.00,"100 מ""ל",false,1,14.90,4.52,true,1,
7290013816917,false,שוקולד מריר אורגני קמינו ורדה הולי 100%,,IL,שוקולד מריר אורגני ק,גרמים,100.00,100 גרם,false,1,21.90,21.90,true,1,
7290013847119,false,סטארקיסט טונה בשמן קנולה 4*160 גר,,VN,טונה סטארקיסט בשמן ק,גרמים,640.00,100 גרם,false,1,25.90,4.05,true,1,
7290013847386,false,ס.ק לייט טונה 4% שומן בטעם טבעי 140 גרם,,,ס.ק לייט טונה 4% שומ,גרמים,140.00,100 גרם,false,1,8.90,6.36,true,1,
7290013847409,false,ס.ק לייט טונה 4% שומן לימון ופלפל חריף,,,ס.ק לייט טונה 4% שומ,גרמים,140.00,100 גרם,false,1,8.90,6.36,true,1,
7290013847553,false,סטארקיסט טונה רביעייה דלת נתרן מים 4*160,,,סטארקיסט טונה 4*160,גרמים,640.00,100 גרם,false,1,25.90,4.05,true,1,
7290013847812,false,טונה ילופין בשמן זית כתית מעולה 140 גרם,,,טונה ילופין בשמן זית,גרמים,140.00,100 גרם,false,1,11.40,8.14,true,1,
7290013848345,false,מטליות לחות סנו 99.9% 50 יח*3,,IL,שלישיית מטליות לחות,Unknown,0.00,Unknown,false,1,21.90,21.90,true,1,
7290013903815,false,קציצות בטטה טבעוני 400 גרם,,IL,קציצות בטטה טבעוני 4,גרמים,400.00,100 גרם,false,1,27.20,6.80,true,1,
7290013903976,false,דומדמניות אדומות אורגני ליב 300 גרם,,RS,דומדמניות אדומות אור,גרמים,300.00,100 גרם,false,1,24.90,8.30,true,1,
7290013906441,false,קבנוס טירת צבי 120 גר,,,קבנוס טירת צבי 120 ג,גרמים,120.00,100 גרם,false,1,12.90,10.75,true,1,
7290013906458,false,קבנוס בטעם פיקנטי טירת צבי 120 גר,,,קבנוס בטעם פיקנטי טי,גרמים,120.00,100 גרם,false,1,12.90,10.75,true,1,
7290013906489,false,חטיפי קבנוס טירת צבי 120 גר,,,חטיפי קבנוס טירת צבי,גרמים,120.00,100 גרם,false,1,12.90,10.75,true,1,
7290013906496,false,פסטרמה עגל בסגנון רומני טירת צבי 120 גר,,,פסטרמה עגל בסגנון רו,גרמים,120.00,100 גרם,false,1,19.90,16.58,true,1,
7290013906519,false,פרושוטו בקר טירת צבי 100 גר,,,פרושוטו בקר טירת צבי,גרמים,100.00,100 גרם,false,1,34.90,34.90,true,1,
7290014002203,false,חליטת קמומיל ולואיזה 25 שק הגן הקסום,,,חליטת קמומיל ולואיזה,Unknown,0.00,Unknown,false,1,19.90,19.90,true,1,
7290014056008,false,"בירה שפירא פייל אייל 330 מ""ל",,IL,בירה שפירא פייל אייל,מיליליטרים,330.00,"100 מ""ל",false,1,16.90,5.12,true,1,
7290014056053,false,"בירה שפירא אי פי אי 330 מ""ל",,IL,בירה שפירא אי פי אי,מיליליטרים,330.00,"100 מ""ל",false,1,16.90,5.12,true,1,
7290014066373,false,לנדוור קפסולות אספרסו קלאסיק 10 יח,,,לנדוור קפסולות אספרס,Unknown,0.00,Unknown,false,1,17.90,17.90,true,1,
7290014079014,false,לבבות קיסר,,,לבבות קיסר,Unknown,0.00,Unknown,false,1,11.90,11.90,true,1,
7290014079236,false,פטריות פורטבלו,,,פטריות פורטבלו,Unknown,0.00,Unknown,false,1,11.90,11.90,true,1,
7290014083806,false,עוגיות בטעם חמאה 350 גרם בפח,,,עוגיות בטעם חמאה 350,גרמים,350.00,100 גרם,false,1,15.50,4.43,true,1,
7290014094352,false,אגוזי מלך  200 גר,,,אגוזי מלך  200 גר,גרמים,200.00,100 גרם,false,1,16.90,8.45,true,1,
7290014094369,false,שקד טבעי  200 גר קופסא ששון הקולה,,,שקד טבעי  200 גר קופ,גרמים,200.00,100 גרם,false,1,23.90,11.95,true,1,
7290014094383,false,משמש 330 גר,,,משמש 330 גר,גרמים,330.00,100 גרם,false,1,28.90,8.76,true,1,
7290014094406,false,צימוק לבן 330 גר,,,צימוק לבן 330 גר,גרמים,330.00,100 גרם,false,1,18.90,5.73,true,1,
7290014094482,false,רוטב צילי חריף 700 גרם אהרוני,,,רוטב צילי חריף 700 ג,גרמים,700.00,100 גרם,false,1,15.20,2.17,true,1,
7290014094505,false,אורז בסמטי טהור 1 קג אהרוני,,,"אורז בסמטי טהור 1 ק""",גרמים,1000.00,100 גרם,false,1,12.90,1.29,true,1,
7290014094529,false,"רוטב סויה 300 מ""ל אהרוני",,,"רוטב סויה 300 מ""ל אה",מיליליטרים,300.00,"100 מ""ל",false,1,13.10,4.37,true,1,
7290014094628,false,פקאן טבעי 200 גר,,,פקאן טבעי 200 גר,גרמים,200.00,100 גרם,false,1,32.50,16.25,true,1,
7290014094642,false,קשיו טבעי גדול  250 גר,,,קשיו טבעי גדול 250 ג,גרמים,250.00,100 גרם,false,1,30.90,12.36,true,1,
7290014094826,false,שזיפים מיובשים ללא גלעין  300 ששון הקולה,,,שזיפים מיובשים ללא ג,גרמים,300.00,100 גרם,false,1,18.60,6.20,true,1,
7290014094857,false,פקאן סיני מסוכר 150 גרם ששון הקולה,,,פקאן סיני מסוכר 150,גרמים,150.00,100 גרם,false,1,23.00,15.33,true,1,
7290014094864,false,פיסטוק קלוי 170 גר עם קליפה ששון הקולה,,,פיסטוק קלוי 170 גר,גרמים,170.00,100 גרם,false,1,19.90,11.71,true,1,
7290014094895,false,אגוזים מלך קלופים 150 גרם ששון הקולה,,,אגוזים מלך קלופים 15,גרמים,150.00,100 גרם,false,1,13.90,9.27,true,1,
7290014095861,false,שיבולת שועל דקה 500 גרם קוואקר,,,שיבולת שועל דקה 500,גרמים,500.00,100 גרם,false,1,7.90,1.58,true,1,
7290014095946,false,משוקלדים פקאן מריר 140 גר שקדיה,,,משוקלדים פקאן מריר 1,גרמים,140.00,100 גרם,false,1,14.20,10.14,true,1,
7290014095953,false,משוקלדים פקאן חלב 140 גר שקדיה,,,משוקלדים פקאן חלב 14,גרמים,140.00,100 גרם,false,1,14.20,10.14,true,1,
7290014095960,false,שיבולת שועל עבה 500 גרם קוואקר,,,שיבולת שועל עבה 500,גרמים,500.00,100 גרם,false,1,7.90,1.58,true,1,
7290014218932,false,חטיפי פיצה זיתים 710 גר,,IL,חטיפי פיצה זיתים,גרמים,710.00,100 גרם,false,1,37.90,5.34,true,1,
7290014318090,false,מיני ניוקי ללא גלוטן 500 גרם,,,מיני ניוקי ללא גלוטן,גרמים,500.00,100 גרם,false,1,22.90,4.58,true,1,
7290014318267,false,"שמן כמהין לבן כשר 250 מ""ל",,,שמן כמהין לבן כשר 25,מיליליטרים,250.00,"100 מ""ל",false,1,94.50,37.80,true,1,
7290014318281,false,מחית כמהין 5 % כשר 90 גר,,,מחית כמהין 5 % כשר 9,גרמים,90.00,100 גרם,false,1,47.50,52.78,true,1,
7290014435704,false,סלמון מעושן 100 גר,,,סלמון מעושן 100 גר,גרמים,100.00,100 גרם,false,1,25.90,25.90,true,1,
7290014440463,false,"יין מדבר שרדונה  סדרה 22 750 מ""ל",,IL,יין מדבר שרדונה  סדר,מיליליטרים,750.00,"100 מ""ל",false,1,52.90,7.05,true,1,
7290014440470,false,"יין מדבר סוביניון בלאן  סדרה 22 750 מ""ל",,IL,יין מדבר סוביניון בל,מיליליטרים,750.00,"100 מ""ל",false,1,52.90,7.05,true,1,
7290014440487,false,"יקב מדבר סדרה 22 סוביניון 750 מ""ל",,IL,יקב מדבר סדרה 22 סוב,מיליליטרים,750.00,"100 מ""ל",false,1,52.90,7.05,true,1,
7290014440494,false,"יין מדבר רוזה  סדרה 22 750 מ""ל",,IL,יין מדבר רוזה  סדרה,מיליליטרים,750.00,"100 מ""ל",false,1,52.90,7.05,true,1,
7290014455252,false,גבינה גרנהפדנו מגורד 100 גר,,,גבינה גרנה פדנו,גרמים,100.00,100 גרם,false,1,13.90,13.90,true,1,
7290014455320,false,כדור מוצרלה פרסקה 100 גר,,,כדור מוצרלה פרסקה 10,גרמים,100.00,100 גרם,false,1,10.20,10.20,true,1,
7290014455467,false,מעדן שיבולת שועל וחלב 2% 150 גר,,,מעדן שיבולת שועל וחל,גרמים,150.00,100 גרם,false,1,6.20,4.13,true,1,
7290014466609,false,יין מרלו גמלא 2020 750 מל,,,יין מרלו גמלא 2020 7,Unknown,0.00,Unknown,false,1,69.90,69.90,true,1,
7290014466890,false,"יין גמלא השמורה קברנה מרלו 2020 750 מ""ל",,,יין גמלא השמורה קברנ,Unknown,0.00,Unknown,false,1,69.90,69.90,true,1,
7290014471412,false,"מוזלי בוטנים אגוז ושקד 1 ק""ג ירוק שקדיה",,,מוזלי בוטנים אגוז וש,גרמים,1000.00,100 גרם,false,1,22.90,2.29,true,1,
7290014472235,false,פקאן סיני מסוכר  200 גר,,,פקאן סיני מסוכר  200,גרמים,200.00,100 גרם,false,1,30.90,15.45,true,1,
7290014472471,false,גרעינים שחור ענק 200 גר פרימיום,,,גרעיני חמניה קלויים,גרמים,200.00,100 גרם,false,1,7.90,3.95,true,1,
7290014472488,false,שקד קלוי ענק 250 גרם פרימיום ששון הקולה,,,שקד קלוי ענק 250 גרם,גרמים,250.00,100 גרם,false,1,24.90,9.96,true,1,
7290014472495,false,קשיו קלוי ענק 250 גר פרימיום ששון הקולה,,,קשיו קלוי ענק 250 גר,גרמים,250.00,100 גרם,false,1,22.90,9.16,true,1,
7290014472501,false,פיסטוק קלוי ענק 250 ג פרימיום ששון הקולה,,,פיסטוק קלוי ענק 250,גרמים,250.00,100 גרם,false,1,24.90,9.96,true,1,
7290014472518,false,בוטן קלוי ענק 250 גר פרימיום ששון הקולה,,,בוטן קלוי ענק 250 גר,גרמים,250.00,100 גרם,false,1,12.90,5.16,true,1,
7290014472525,false,תערובת מובחרת 250 גר פרימיום ששון הקולה,,,תערובת מובחרת 250 גר,גרמים,250.00,100 גרם,false,1,24.90,9.96,true,1,
7290014472990,false,ממרח 100% שקדים 300 גרם,,,ממרח 100% שקדים 300,גרמים,300.00,100 גרם,false,1,41.90,13.97,true,1,
7290014503137,false,"יין כנען אדום דלתון 750 מ""ל",,,יין כנען אדום דלתון,Unknown,0.00,Unknown,false,1,44.90,44.90,true,1,
7290014525290,false,חטיף מרבה סלים דליס קריספי תות 125 גר,,,חטיף מרבה סלים דליס,גרמים,125.00,100 גרם,false,1,13.90,11.12,true,1,
7290014673007,false,תערובת עשבי תיבול ים תיכוני 40 גרם,,IL,תערובת עשבי תיבול ים,גרמים,40.00,100 גרם,false,1,11.90,29.75,true,1,
7290014673038,false,תערובת עשבי תיבול טוסקנה 120 גרם,,IL,תערובת עשבי תיבול טו,גרמים,120.00,100 גרם,false,1,11.90,9.92,true,1,
7290014673557,false,זעפרן אמיתי 0.5 גרם,,,זעפרן אמיתי 5 גרם,Unknown,0.00,Unknown,false,1,23.90,23.90,true,1,
7290014692749,false,"שמן זית כתית מעולה 750 מ""ל",,ES,שמן זית כתית מעולה 7,מיליליטרים,750.00,"100 מ""ל",false,1,34.90,4.65,true,1,
7290014731028,false,כוסות קרטון 50 יח,,,כוסות קרטון 50 יח,Unknown,0.00,Unknown,false,1,6.90,6.90,true,1,
7290014749887,false,שניצל דק ענק קריספ קלאסי 720 גרם,,,שניצל דק ענק קריספ ק,גרמים,720.00,100 גרם,false,1,36.90,5.13,true,1,
7290014758100,false,שמיניית מאגדת BIO יוגורט 3% 150 גרם,,,שמיניית מאגדת BIO,גרמים,150.00,100 גרם,false,1,17.20,11.47,true,1,
7290014758117,false,שמיניית יוגורט ביו 1.5% 150 גרם,,,שמיניית יוגורט ביו,קילוגרמים,0.00,"ק""ג",false,1,18.10,18.10,true,1,
7290014758162,false,חלב עיזים מלא 3.6% שומן 1 ליטר,,,חלב עיזים מלא 3.6% ש,מיליליטרים,1000.00,"100 מ""ל",false,1,17.90,1.79,true,1,
7290014759084,false,נפוליאון מופחת שומן 16% 225 גר,,,נפוליאון מופחת שומן,גרמים,225.00,100 גרם,false,1,15.00,6.67,true,1,
7290014759534,false,פיראוס בולגרית למריחה 5% 200 גר,,,פיראוס בולגרית למריח,גרמים,200.00,100 גרם,false,1,17.70,8.85,true,1,
7290014759909,false,גבינה פטה עזים פיראוס 5% 250 גרם,,,גבינה פטה עזים פיראו,גרמים,250.00,100 גרם,false,1,30.50,12.20,true,1,
7290014759985,false,קולאז פרמזן גבע פלח 200 גר,,,קולאז פרמזן גבע פלח,גרמים,200.00,100 גרם,false,1,27.80,13.90,true,1,
7290014759992,false,קולאז רוקפור גליל פלח 140 גר,,,קולאז רוקפור גליל פל,גרמים,140.00,100 גרם,false,1,20.40,14.57,true,1,
7290014760141,false,משקה שקדים טרי 1 ליטר,,,משקה שקדים טרי 1 ליט,מיליליטרים,1000.00,"100 מ""ל",false,1,14.90,1.49,true,1,
7290014760448,false,מאגדת גלבוע 22% 400 גר,,,גלבוע פרוס 22% 400 ג,גרמים,400.00,100 גרם,false,1,27.00,6.75,true,1,
7290014761056,false,יולו שוקולד חלב מעולה 123 גר,,,יולו שוקולד חלב,גרמים,123.00,100 גרם,false,1,5.00,4.07,true,1,
7290014761063,false,יולו שוקולד מריר מעולה 123 גר,,,יולו שוקולד מריר,גרמים,123.00,100 גרם,false,1,5.00,4.07,true,1,
7290014761070,false,YOLO שוקולד לבן מעולה 123 ג,,,YOLO שוקולד לבן מעול,גרמים,123.00,100 גרם,false,1,5.00,4.07,true,1,
7290014762756,false,נפוליאון 16%בטעם בצל 225 גר,,,נפוליאון 16%בטעם בצל,גרמים,225.00,100 גרם,false,1,15.00,6.67,true,1,
7290014762800,false,מעדן סויה שוקולד 125 גר,,,מעדן סויה שוקולד 125,גרמים,125.00,100 גרם,false,1,5.10,4.08,true,1,
7290014762831,false,גבינת שמנת נפוליאו 25% חלפיניו 225 גר,,,גבינת שמנת נפוליאו 2,גרמים,225.00,100 גרם,false,1,15.00,6.67,true,1,
7290014791664,false,שישיה מי עדן אישי פקק רגיל 500 מל,,,שישיה מי עדן אישי פק,ליטרים,0.00,ליטר,false,1,11.90,11.90,true,1,
7290014860063,false,מקלוני אורז ללא גלוטן 454 גר,,,מקלוני אורז ללא גלוט,גרמים,454.00,100 גרם,false,1,10.40,2.29,true,1,
7290014860070,false,"מקלות אורז ללא גלוטן 5 מ""מ 454 גרם",,,מקלות אורז ללא גלוטן,גרמים,454.00,100 גרם,false,1,11.90,2.62,true,1,
7290014860155,false,"מחצלת במבו שטוחה 24*24 ס""מ",,,מחצלת במבו שטוחה 24*,Unknown,0.00,Unknown,false,1,9.90,9.90,true,1,
7290014860247,false,שבבי אורז מרובעים ללא גלוטן 227 גרם,,,שבבי אורז מרובעים לל,גרמים,227.00,100 גרם,false,1,11.40,5.02,true,1,
7290015009218,false,ניוקי עם ערמונים 300 גרם,,,ניוקי עם ערמונים 300,גרמים,300.00,100 גרם,false,1,10.90,3.63,true,1,
7290015009393,false,זיתים שחורים מגולענים מזן קלמטה  430 גרם,,GR,זיתים שחורים מגולעני,גרמים,430.00,100 גרם,false,1,19.90,4.63,true,1,
7290015129657,false,סקיני פסטה פנה 270 גרם,,,סקיני פסטה פנה 270 ג,גרמים,270.00,100 גרם,false,1,12.90,4.78,true,1,
7290015129756,false,סקיני פסטה שיבולת שועל פטוציני 270 גרם,,CN,סקיני פסטה שיבולת שו,גרמים,270.00,100 גרם,false,1,12.90,4.78,true,1,
7290015150118,false,עגבניות חתוכות דק 3*400 גרם,,,עגבניות חתוכות דק בל,גרמים,1200.00,100 גרם,false,1,18.90,1.58,true,1,
7290015150200,false,עגבניות חתובות דק 400 גר,,,עגבניות חתובות דק 40,גרמים,400.00,100 גרם,false,1,7.50,1.88,true,1,
7290015150903,false,תה ירוק גן קסום קינמון ודבש 25 שק*1.5 גר,,,תה ירוק גן קסום קינמ,Unknown,0.00,Unknown,false,1,26.90,26.90,true,1,
7290015155793,false,פרמיו כריות מיקס,,,פרמיו כריות מיקס,Unknown,0.00,Unknown,false,1,14.90,14.90,true,1,
7290015164818,false,רוטב קארי צהובה 400 גרם SUREE כשר,,,רוטב קארי צהובה 400,מיליליטרים,400.00,"100 מ""ל",false,1,21.90,5.48,true,1,
7290015164832,false,מחית קארי ירוק 400 גרם SUREE כשר,,,מחית קארי ירוק 400 ג,מיליליטרים,400.00,"100 מ""ל",false,1,21.90,5.48,true,1,
7290015178204,false,עגבניות מיובשות עם לימון אוליביה 180 גר,,IL,עגבניות מיובשות עם ל,גרמים,180.00,100 גרם,false,1,16.40,9.11,true,1,
7290015282000,false,איקרה לבנה 200 גרם,,IL,איקרה אדומה 200 גרם,גרמים,200.00,100 גרם,false,0,16.70,8.35,true,1,
7290015282024,false,איקרה אדומה 200 גרם,,IL,איקרה לבנה 200 גרם,גרמים,200.00,100 גרם,false,0,16.70,8.35,true,1,
7290015282390,false,תורכי 200 גר,,,תורכי 200 גר,גרמים,200.00,100 גרם,false,1,13.90,6.95,true,1,
7290015282581,false,חומוס אבו גוש עם חריף 200 גר,,,חומוס אבו גוש עם חרי,גרמים,200.00,100 גרם,false,1,11.60,5.80,true,1,
7290015282598,false,חומוס מסעדות 200 גר,,,חומוס מסעדות 200 גר,גרמים,200.00,100 גרם,false,1,11.60,5.80,true,1,
7290015282604,false,טחינה מיוחדת 200 גר,,,טחינה מיוחדת 200 גר,גרמים,200.00,100 גרם,false,1,11.60,5.80,true,1,
7290015282628,false,חציל בטעם כבד 200 גר,,,חציל בטעם כבד 200 גר,גרמים,200.00,100 גרם,false,1,13.90,6.95,true,1,
7290015282635,false,חומוס מסבחה 200 גר,,,חומוס מסבחה 200 גר,גרמים,200.00,100 גרם,false,1,11.60,5.80,true,1,
7290015282642,false,חומוס אבו גוש 200 גר,,,חומוס אבו גוש 200 גר,גרמים,200.00,100 גרם,false,1,11.60,5.80,true,1,
7290015282666,false,סלט טונה עם ירקות 200 גר,,,סלט טונה עם ירקות 20,גרמים,200.00,100 גרם,false,1,19.80,9.90,true,1,
7290015282673,false,חציל במיונז ביתי 200 גר,,,חציל במיונז ביתי 200,גרמים,200.00,100 גרם,false,1,11.60,5.80,true,1,
7290015282680,false,קישואא בטעם כבד 200 גר,,,קישוא בטעם כבד 200 ג,גרמים,200.00,100 גרם,false,1,13.90,6.95,true,1,
7290015282697,false,כרוב אדום 200 גר,,,כרוב אדום 200 גר,גרמים,200.00,100 גרם,false,1,13.90,6.95,true,1,
7290015282710,false,קוביות סלק 200 גר,,,קוביות סלק 200 גר,גרמים,200.00,100 גרם,false,1,11.60,5.80,true,1,
7290015282727,false,גזר מרוקאי פיקנטי 200 גר,,,גזר מרוקאי פיקנטי 20,גרמים,200.00,100 גרם,false,1,13.90,6.95,true,1,
7290015282734,false,מטבוחה ביתית 200 גר,,,מטבוחה ביתית 200 גר,גרמים,200.00,100 גרם,false,1,13.90,6.95,true,1,
7290015282741,false,חציל תאילנדי 200 גר,,,חציל תאילנדי 200 גר,גרמים,200.00,100 גרם,false,1,13.90,6.95,true,1,
7290015282796,false,תפוח אדמה 200 גר,,,תפוח אדמה 200 גר,גרמים,200.00,100 גרם,false,1,13.90,6.95,true,1,
7290015335607,false,מעד ביו טבעי 150 גר,,IL,מעד ביו טבעי 150 גר,גרמים,150.00,100 גרם,false,1,7.90,5.27,true,1,
7290015395021,false,גרגירי גוגי 180 גרם בקופסא,,,גרגירי גוגי 180 גרם,גרמים,180.00,100 גרם,false,1,27.20,15.11,true,1,
7290015395939,false,חטיף אורז בטעם מתוק מלוח 120 גרם,,IL,חטיף אורז בטעם מתוק,גרמים,150.00,100 גרם,false,1,16.90,11.27,true,1,
7290015437431,false,רכז רימונים 420 גרם,,,רכז רימונים 420 גרם,גרמים,420.00,100 גרם,false,1,27.70,6.60,true,1,
7290015603201,false,אטריות מחיטה מלאה 454 גרם,,,אטריות מחיטה מלאה 45,גרמים,454.00,100 גרם,false,1,11.90,2.62,true,1,
7290015603218,false,איטריות בתוספת עגבניות 454 גרם,,,איטריות בתוספת עגבני,גרמים,454.00,100 גרם,false,1,11.90,2.62,true,1,
7290015603546,false,שימורי קרם קוקוס 17-19% 400 מל ASIATIC,,,שימורי קרם קוקוס 17-,מיליליטרים,400.00,"100 מ""ל",false,1,10.90,2.73,true,1,
7290015603560,false,"שימורי קרם קוקוס 20-22% 400 מ""ל",,,שימורי קרם קוקוס 20-,מיליליטרים,400.00,"100 מ""ל",false,1,10.90,2.73,true,1,
7290015603638,false,אורז קלרוז 1 קג,,,"אורז קלרוז 1 ק""ג",גרמים,1000.00,100 גרם,false,1,13.50,1.35,true,1,
7290015634113,false,יין עמק האלה רוזה 2015 750 מל,,,יין עמק האלה אוורד ר,Unknown,0.00,Unknown,false,1,46.90,46.90,true,1,
7290015634120,false,יין עמק האלה אוורד לבן 2015 750 מל,,,יין עמק האלה אוורד ל,Unknown,0.00,Unknown,false,1,46.90,46.90,true,1,
7290015634137,false,"יין עמק האלה סוביניון בלאן 2015 750 מ""ל",,,יין עמק האלה סוביניו,Unknown,0.00,Unknown,false,1,87.90,87.90,true,1,
7290015634151,false,"עמק האלה קברנה סוביניון 2012 750 מ""ל",,,יין עמק האלה קברנה א,Unknown,0.00,Unknown,false,1,87.90,87.90,true,1,
7290015634182,false,עמק האלה אוורד קברנה/ מרלו 2015 750 מל,,,עמק האלה אוורד אדום,Unknown,0.00,Unknown,false,1,46.90,46.90,true,1,
7290015634199,false,"יין  קינוח אסטייט ריזלינג 375 מ""ל",,,יין  קינוח אסטייט,Unknown,0.00,Unknown,false,1,49.90,49.90,true,1,
7290015634588,false,"יין עמק האלה אדום 750 מ""ל",,IL,יין עמק האלה אדום 75,Unknown,0.00,Unknown,false,1,67.90,67.90,true,1,
7290015634595,false,"יין עמק האלה לבן 750 מ""ל",,IL,יין עמק האלה לבן 750,Unknown,0.00,Unknown,false,1,67.90,67.90,true,1,
7290015652070,false,קשיו קלוי 150 גרם ששון הקולה,,,קשיו קלוי 150 גרם שש,גרמים,150.00,100 גרם,false,1,13.90,9.27,true,1,
7290015652124,false,רוטב סריראצה חריף מאוד 450 גר אהרוני,,,רוטב סריראצה חריף מא,גרמים,450.00,100 גרם,false,1,19.10,4.24,true,1,
7290015652254,false,גרעיני חמניה קלויים 400 גרם ששון הקלה,,,גרעיני חמניה קלויים,גרמים,400.00,100 גרם,false,1,10.00,2.50,true,1,
7290015652261,false,בוטנים קלויים 300 גרם ששון הקלה,,,בוטנים קלויים 300 גר,גרמים,300.00,100 גרם,false,1,10.00,3.33,true,1,
7290015652278,false,תערובת פיצוחים 250 גרם ששון הקולה,,,תערובת פיצוחים 250 ג,גרמים,250.00,100 גרם,false,1,20.00,8.00,true,1,
7290015652285,false,אגוזים קלופים 250 גרם ששון הקולה,,,אגוזים קלופים 250 גר,גרמים,250.00,100 גרם,false,1,20.00,8.00,true,1,
7290015652292,false,קבוקים עם שומשום 400 גרם ששון הקלה,,,קבוקים עם שומשום 400,גרמים,400.00,100 גרם,false,1,10.00,2.50,true,1,
7290015652308,false,מנצס 300 גרם ששון הקולה,,,מנצס 300 גרם ששון הק,גרמים,300.00,100 גרם,false,1,10.00,3.33,true,1,
7290015652315,false,חמוציות מסוכרות 300 גרם ששון הקולה,,,חמוציות מסוכרות 300,גרמים,300.00,100 גרם,false,1,10.00,3.33,true,1,
7290015652322,false,בוטנים אמריקאיים מצופים 400 גר ששון הקלה,,,בוטנים אמריקאיים מצו,גרמים,400.00,100 גרם,false,1,10.50,2.63,true,1,
7290015652407,false,פיסטוק קלוי 250 גר דין שיווק,,,פיסטוק קלוי 250 גר ד,גרמים,250.00,100 גרם,false,1,21.50,8.60,true,1,
7290015652537,false,"אהרוני פלפל, לימון פרסי 130 גר",,,"אהרוני פלפל, לימון פ",גרמים,130.00,100 גרם,false,1,18.20,14.00,true,1,
7290015652582,false,אהרוני חריימה דג 150 גר,,,אהרוני חריימה דג 150,גרמים,150.00,100 גרם,false,1,18.20,12.13,true,1,
7290015652605,false,פיסטוק קלוף 100 גרם השף,,,פיסטוק קלוף 100 גרם,גרמים,100.00,100 גרם,false,1,32.40,32.40,true,1,
7290015781046,false,יין VISION לבן חצי יבש 750 מל,,,יין VISION לבן חצי י,Unknown,0.00,Unknown,false,1,42.90,42.90,true,1,
7290015781053,false,יין VISION לבן  יבש 750 מל,,,יין VISION לבן  יבש,Unknown,0.00,Unknown,false,1,42.90,42.90,true,1,
7290015781114,false,יין IMPRES מרלו 750 מל,,,יין IMPRES מרלו 750,Unknown,0.00,Unknown,false,1,49.90,49.90,true,1,
7290015790000,false,גרעיני רימון,,,גרעיני רימון,קילוגרמים,0.00,"ק""ג",false,1,17.90,17.90,true,1,
7290015809214,false,"פלאפל לל""ג דגש 180 גרם",,,"פלאפל לל""ג דגש 180 ג",גרמים,180.00,100 גרם,false,1,13.90,7.72,true,1,
7290015858106,false,ממרח פסטו ביתי 180 גר,,,מצונן פסטו ביתי 180,גרמים,180.00,100 גרם,false,1,22.90,12.72,true,1,
7290015968126,false,מקל מתכת טיטניום איטלקי מחוזק 1.5 מטר,,,מקל מתכת טיטניום איט,Unknown,0.00,Unknown,false,1,7.90,7.90,true,1,
7290015968140,false,אטב אחיזה רחבה בעיצוב איטלקי הוסטס 36 יח,,,אטב אחיזה רחבה בעיצו,Unknown,0.00,Unknown,false,1,15.90,15.90,true,1,
7290015968232,false,מטאטא גלינה ציבעוני הוסטס,,,מטאטא גלינה ציבעוני,Unknown,0.00,Unknown,false,1,11.90,11.90,true,1,
7290016006025,false,"שוופס סודה שרינק 500 מ""ל",,,שוופס סודה שרינק 500,מיליליטרים,500.00,"100 מ""ל",false,1,2.90,0.58,true,1,
7290016028447,false,נר נשמה 24 שעות,,CN,נר נשמה 24 שעות,Unknown,1.00,Unknown,false,1,2.50,2.50,true,1,
7290016028836,false,קש מתקפל צבעוני 150 יח,,CN,קשית מתקפלת צבעונית,Unknown,0.00,Unknown,false,1,8.80,8.80,true,1,
7290016080551,false,מתבל עגבניות אורגני 580 גרם היינץ,,,מתבל עגבניות אורגני,גרמים,580.00,100 גרם,false,1,18.80,3.24,true,1,
7290016150391,false,סלק ואקום 500 גרם,,,סלק ואקום 500 גרם,Unknown,0.00,Unknown,false,1,7.90,7.90,true,1,
7290016197877,false,שקית לפחי אשפה קטנים 80 יח M,,,שקית לפחי אשפה קטנים,Unknown,0.00,Unknown,false,1,27.20,27.20,true,1,
7290016217735,false,חציל על אש 200 גר,,,חציל על אש 200 גר,גרמים,200.00,100 גרם,false,1,11.60,5.80,true,1,
7290016217742,false,חציל על אש בטחינה 200 גר,,,חציל על אש בטחינה 20,גרמים,200.00,100 גרם,false,1,11.60,5.80,true,1,
7290016217759,false,חציל מרוקאי 200 גר,,,חציל מרוקאי 200 גר,גרמים,200.00,100 גרם,false,1,13.90,6.95,true,1,
7290016217988,false,גרבלקס חדש 100 גרם,,,גרבלקס 100 גרם,גרמים,100.00,100 גרם,false,1,25.50,25.50,true,1,
7290016233247,false,עגב.מיובשות קצוצות זיתים במגשית 250 גרם,,,עגב.מיובשות קצוצות ז,גרמים,250.00,100 גרם,false,1,13.70,5.48,true,1,
7290016246711,false,בארכה טחינה גולמית מעודנת הריסה 300 גרם,,IL,בארכה טחינה גולמית מ,גרמים,310.00,100 גרם,false,1,14.50,4.68,true,1,
7290016270570,false,מלפפון בייבי,,,מלפפון בייבי,Unknown,0.00,Unknown,false,1,14.90,14.90,true,1,
7290016276169,false,טחינה  אהרוני משומשום טבעי 500 גרם,,,טחינה  אהרוני משומשו,גרמים,500.00,100 גרם,false,1,17.70,3.54,true,1,
7290016277647,false,בננה מסוכרת 250 גרם ששון- קופסא,,,בננה מסוכרת 250 גרם,גרמים,250.00,100 גרם,false,1,13.50,5.40,true,1,
7290016334616,false,בצל ירוק,,,בצל ירוק,Unknown,0.00,Unknown,false,1,5.90,5.90,true,1,
7290016372373,false,רסק עגבניות גראנד איטליה 2 * 135 גרם,,IT,רסק עגבניות גראנד בל,גרמים,270.00,100 גרם,false,1,8.90,3.30,true,1,
7290016505009,false,שוקולד פנדה קרם בוטנים טבעוני  100 גרם,,,שוקולד פנדה קרם בוטנ,גרמים,100.00,100 גרם,false,1,21.90,21.90,true,1,
7290016505023,false,שוקולד פנדה קרם נוגט טבעוני  100 גרם,,,שוקולד פנדה קרם נוגט,גרמים,100.00,100 גרם,false,1,21.90,21.90,true,1,
7290016509830,false,גל פרסיל בייבי 2.5 ל,,,גל פרסיל בייבי 2.5 ל,ליטרים,0.00,ליטר,false,1,36.90,36.90,true,1,
7290016513240,false,אוכמניות כחולות 250 גר,,,אוכמניות כחולות 250,גרמים,250.00,100 גרם,false,1,17.70,7.08,true,1,
7290016513288,false,פטל אדום 250 גר,,,פטל אדום 250 גר,גרמים,250.00,100 גרם,false,1,22.90,9.16,true,1,
7290016513301,false,דומדומית שחורה 250 גר,,,דומדומית שחורה 250 ג,גרמים,250.00,100 גרם,false,1,12.50,5.00,true,1,
7290016513325,false,דובדבן 250 גר,,,דובדבן 250 גר,גרמים,250.00,100 גרם,false,1,12.50,5.00,true,1,
7290016513332,false,מיקס פירות 250 גר,,,מיקס פירות 250 גר,גרמים,250.00,100 גרם,false,1,12.50,5.00,true,1,
7290016580174,false,צלחת 9  גדולה צבעוני,,TR,צלחת 9  גדולה צבעוני,Unknown,1.00,Unknown,false,1,55.50,55.50,true,1,
7290016580327,false,מפיות שולחן מהודרות,,CN,מפיות שולחן מהודרות,Unknown,1.00,Unknown,false,1,4.90,4.90,true,1,
7290016580433,false,תבניות רוסטר  קשיחה,,CN,תבניות רוסטר  קשיחה,Unknown,1.00,Unknown,false,1,10.90,10.90,true,1,
7290016580693,false,צלחת רויאל 10  10 יח,,CN,צלחת רויאל 10  10 יח,Unknown,1.00,Unknown,false,1,30.90,30.90,true,1,
7290016584011,false,חטיפוני גזר 350 גרם,,,חטיפוני גזר 350 גרם,גרמים,350.00,100 גרם,false,1,10.90,3.11,true,1,
7290016607772,false,"יין רוזה גליל דלתון 750 מ""ל",,,יין רוזה גליל דלתון,Unknown,0.00,Unknown,false,1,64.60,64.60,true,1,
7290016866643,false,"משחת שיניים פרודונטקס פרש 75 מ""ל",,,משחת שיניים פרודנטקס,Unknown,0.00,Unknown,false,1,32.90,32.90,true,1,
7290016866674,false,"משחת שיניים פרודונטקס מלבינה 75 מ""ל",,,משחת שיניים פרודונטק,Unknown,0.00,Unknown,false,1,32.90,32.90,true,1,
7290017058009,false,אנשובי בפח עם צלפים 45 גרם,,,אנשובי עם צלפים 45 ג,Unknown,0.00,Unknown,false,1,7.90,7.90,true,1,
7290017058535,false,ממרח זיתי קלמטה 200 גרם,,,ממרח זיתי קלמטה 200,גרמים,200.00,100 גרם,false,1,14.90,7.45,true,1,
7290017058795,false,תירס גמדי שלם במי מלח בצנצנת 340 גרם,,,תירס גמדי שלם במי מל,גרמים,340.00,100 גרם,false,1,8.90,2.62,true,1,
7290017062723,false,מרכך כביסה מרוכז ירוק 1*5 ליטר טאצ,,,מרכך כביסה מרוכז ירו,Unknown,0.00,Unknown,false,12,12.90,12.90,true,1,
7290017065007,false,פרוסות מוצרלה גד 200 גרם,,,פרוסות מוצרלה גד 200,גרמים,200.00,100 גרם,false,1,21.90,10.95,true,1,
7290017065137,false,ריקוטה למריחה 5% טבעית 200 גר,,,ריקוטה למריחה 5% טבע,גרמים,200.00,100 גרם,false,1,11.90,5.95,true,1,
7290017065144,false,ריקוטה למריחה 5% בזיליקום 200 גר,,,ריקוטה למריחה 5% בזי,גרמים,200.00,100 גרם,false,1,11.50,5.75,true,1,
7290017065168,false,גבינה כחולה 100 גר,,,גבינה כחולה 100 גר,גרמים,100.00,100 גרם,false,1,18.90,18.90,true,1,
7290017065212,false,קרם מסקרפונה 250 גר,,,קרם מסקרפונה 250 גר,גרמים,250.00,100 גרם,false,1,22.90,9.16,true,1,
7290017065236,false,גבינה בולגרית מעודנת 24% 250 גר,,,גבינה בולגרית מעודנת,גרמים,250.00,100 גרם,false,1,27.90,11.16,true,1,
7290017065434,false,פרוסות גאודה בקר 200 גר,,IL,פרוסות גאודה בקר 200,גרמים,200.00,100 גרם,false,1,23.90,11.95,true,1,
7290017065441,false,פרוסות גאודה עיזים 200 גר,,IL,פרוסות גאודה עיזים 2,גרמים,200.00,100 גרם,false,1,35.90,17.95,true,1,
7290017065526,false,גבינה קוואטרו פורמאגי 300 גר,,IL,גבינה קוואטרו פורמאג,גרמים,300.00,100 גרם,false,1,30.90,10.30,true,1,
7290017065588,false,יוגורט יווני 10% 600 גר,,IL,יוגורט יווני 10% 600,גרמים,600.00,100 גרם,false,1,17.90,2.98,true,1,
7290017065731,false,גבינת שמנת עם כמהין 30%,,IL,גבינת שמנת עם כמהין,גרמים,200.00,100 גרם,false,1,14.90,7.45,true,1,
7290017089003,false,גבינת כבשים עם פטריות כמהין במשקל,,,גבינת כבשים,Unknown,0.00,"ק""ג",true,0,315.00,315.00,true,1,
7290017105062,false,גרגירי חומוס שלם יכין הקטניה הטובה 200 ג,,IL,גרגירי חומוס שלם יכי,גרמים,200.00,100 גרם,false,1,4.90,2.45,true,1,
7290017105079,false,שימורי יכין שעועית אפויה 200 גר,,,שימורי יכין שעועית א,גרמים,200.00,100 גרם,false,1,4.90,2.45,true,1,
7290017105086,false,שימורי יכין שעועית צילי 200 גר,,,שימורי יכין שעועית צ,גרמים,200.00,100 גרם,false,1,4.90,2.45,true,1,
7290017105116,false,שימורי יכין תורמוס 200 גר,,,שימורי יכין תורמוס 2,גרמים,200.00,100 גרם,false,1,4.90,2.45,true,1,
7290017105468,false,מארז שלישייה אפונה קטנה יכין 3*200 גר,,IL,מארז שלישייה אפונה ק,גרמים,600.00,100 גרם,false,1,15.90,2.65,true,1,
7290017105895,false,גרגירי חומוס מסעדות יכין 550 גרם,,IL,גרגירי חומוס מסעדות,Unknown,550.00,Unknown,false,1,10.90,0.02,true,1,
7290017140254,false,קמח כוסמת ירוקה 500 גרם,,IL,קמח כוסמת ירוקה 500,גרמים,500.00,100 גרם,false,1,16.90,3.38,true,1,
7290017140308,false,קמח שקדים 250 גר,,IL,קמח שקדים 250 גר,גרמים,250.00,100 גרם,false,1,25.90,10.36,true,1,
7290017142159,false,שלישיה טונה בשמן זית עץ הזית 3*80 גרם,,,שלישיה טונה בשמן זית,גרמים,240.00,100 גרם,false,1,24.90,10.38,true,1,
7290017180588,false,ריבת בצל יין אדום וסויה 250 גרם,,IL,ריבת בצל יין אדום וס,גרמים,250.00,100 גרם,false,1,19.90,7.96,true,1,
7290017289618,false,"IMPRESSION פטיט סירה 150 שנה 750 מ""ל",,,IMPRESSION פטיט סירה,Unknown,0.00,Unknown,false,1,49.90,49.90,true,1,
7290017386447,false,"תרסיס שמן אבוקדו מזוכך טהור 200 מ""ל",,IT,תרסיס שמן אבוקדו מזו,מיליליטרים,200.00,"100 מ""ל",false,1,31.90,15.95,true,1,
7290017389011,false,מנגו מיובש ללא סוכר 160 גרם קופסא,,,מנגו מיובש ללא סוכר,גרמים,160.00,100 גרם,false,1,24.50,15.31,true,1,
7290017457581,false,"מרכך כביסה סוד מרוכז קוקוס 900 מ""ל",,IL,מרכך כביסה סוד מרוכז,מיליליטרים,900.00,"100 מ""ל",false,1,15.90,1.77,true,1,
7290017457727,false,"מרכך כביסה סוד מרוכז כחול 900 מ""ל",,IL,מרכך כביסה סוד מרוכז,מיליליטרים,900.00,"100 מ""ל",false,1,15.90,1.77,true,1,
7290017477275,false,גרעיני חמניה קלופים קלויים 200 גרם,,IL,גרעיני חמניה קלופים,גרמים,200.00,100 גרם,false,1,10.90,5.45,true,1,
7290017477350,false,תערובת לסלט ירוק 200 גרם,,IL,תערובת לסלט ירוק,גרמים,200.00,100 גרם,false,1,11.40,5.70,true,1,
7290017477367,false,מטבעות שוקולד לבן לאפיה 300 גרם,,IL,מטבעות שוקולד לבן לא,גרמים,300.00,100 גרם,false,1,16.70,5.57,true,1,
7290017477596,false,תמר מגהול פרימיום 400 גרם,,IL,תמר מגהול פרימיום 40,גרמים,400.00,100 גרם,false,1,20.90,5.23,true,1,
7290017513782,false,בייגלה פליפז מצופה בשוקולד מריר 140 גר,,TR,בייגלה פליפז מצופה ב,גרמים,140.00,100 גרם,false,1,9.90,7.07,true,1,
7290017617046,false,רביעיית טונה בשמן זית כתית  4*140 גר,,,רביעיית טונה בשמן זי,גרמים,560.00,100 גרם,false,1,29.90,5.34,true,1,
7290017617091,false,סטארקיסט מיקס טו גו טונה ופתיתים 185 גרם,,,סטארקיסט מיקס טו גו,גרמים,185.00,100 גרם,false,1,13.90,7.51,true,1,
7290017617107,false,סטארקיסט מיקס טו גו טונה 4 דגנים 185 גרם,,,סטארקיסט מיקס טו גו,גרמים,185.00,100 גרם,false,1,13.90,7.51,true,1,
7290017617411,false,טונה סטארקיסט סלמון אורז מלא וירקות 160ג,,PL,טונה סטארקיסט סלמון,גרמים,160.00,100 גרם,false,1,16.90,10.56,true,1,
7290017617428,false,טונה סטארקיסט סלמון פסטה ברוטב עגבני 160,,PL,טונה סטארקיסט סלמון,גרמים,160.00,100 גרם,false,1,16.90,10.56,true,1,
7290017677804,false,"רוטב סויה קיקומן 444 מ""ל",,,רוטב סויה קיקומן 444,מיליליטרים,444.00,"100 מ""ל",false,1,25.10,5.65,true,1,
7290017712161,false,פרמיו  מזון מלא פאוץ,,,פרמיו  מזון מלא פאוץ,Unknown,0.00,Unknown,false,1,4.00,4.00,true,1,
7290017712178,false,פרמיו מזון מלא פאוץ,,,פרמיו מזון מלא פאוץ,Unknown,0.00,Unknown,false,1,4.00,4.00,true,1,
7290017712215,false,פרמיו שימורי מזון מל,,,פרמיו שימורי מזון מל,Unknown,0.00,Unknown,false,1,4.90,4.90,true,1,
7290017712239,false,פרמיו שימורי מזון מל,,,פרמיו שימורי מזון מל,Unknown,0.00,Unknown,false,1,5.90,5.90,true,1,
7290017712246,false,פרמיו שימורי מזון מל,,,פרמיו שימורי מזון מל,Unknown,0.00,Unknown,false,1,5.90,5.90,true,1,
7290017712659,false,הוריזן עוף לגור כלבי,,,הוריזן עוף לגור כלבי,Unknown,1.00,Unknown,false,1,4.90,4.90,true,1,
7290017712680,false,הוריזן עוף לכלב ננסי,,,הוריזן עוף לכלב ננסי,Unknown,1.00,Unknown,false,1,4.90,4.90,true,1,
7290017712734,false,פרמיו גור עוף וכבד 1,,,פרמיו גור עוף וכבד 1,Unknown,0.00,Unknown,false,1,4.90,4.90,true,1,
7290017712758,false,פרמיו סלמון 100 ג,,,פרמיו סלמון 100 ג,Unknown,0.00,Unknown,false,1,4.90,4.90,true,1,
7290017712796,false,פרמיו סטריליז דג קוד 100 ג,,,פרמיו סטריליז דג קוד,Unknown,0.00,Unknown,false,1,4.90,4.90,true,1,
7290017715889,false,מוזלי עם אגוזים 600 גר,,,מוזלי עם אגוזים 600,מיליליטרים,600.00,"100 מ""ל",false,1,17.30,2.88,true,1,
7290017812571,false,יין תירוש אדום 100%ה טבעי 1 ליטר,,,יין תירוש אדום 100%,Unknown,0.00,Unknown,false,1,21.90,21.90,true,1,
7290017816005,false,בייגלה כוסמין שמיניות שומשום 300 גר,,IL,בייגלה כוסמין שמיניו,גרמים,300.00,100 גרם,false,1,16.50,5.50,true,1,
7290017816135,false,פריכיות כוסמין מקור הכוסמין 90 גר,זן-בר,IL,פריכיות כוסמין מקור,גרמים,90.00,100 גרם,false,1,10.90,12.11,true,1,
7290017870250,false,כוס נייר גלים 12OZ ע,,CN,כוס נייר גלים 12OZ ע,Unknown,1.00,Unknown,false,1,16.90,16.90,true,1,
7290017888347,false,מי עדן אישי 500 מל,,IL,מי עדן אישי 500 מל,מיליליטרים,500.00,"100 מ""ל",false,1,2.90,0.58,true,1,
7290017888354,false,מים ספורט 750 מל,,,מים ספורט 750 מל,מיליליטרים,750.00,"100 מ""ל",false,1,3.00,0.40,true,1,
7290017888644,false,"פרוט & וג בננה מלון נענע 350 מ""ל",,IL,פרוט & וג בננה מלון,מיליליטרים,350.00,"100 מ""ל",false,1,8.90,2.54,true,1,
7290017894140,false,נייר טואלט אקולוגי,,,נייר טואלט אקולוגי,Unknown,0.00,Unknown,false,1,46.90,46.90,true,1,
7290017894218,false,גרנולה ש.שועל מלאה ופירות דגש 250 גרם,,IL,גרנולה ש.שועל מלאה ו,גרמים,250.00,100 גרם,false,1,21.90,8.76,true,1,
7290017894249,false,"שמן המפ אורגני נטורפוד 250 מ""ל",,IL,שמן המפ אורגני נטורפ,מיליליטרים,250.00,"100 מ""ל",false,1,49.90,19.96,true,1,
7290017894300,false,גנדולה עוגיות כוסמין לימון אורגני 250,,IT,גנדולה עוגיות כוסמין,גרמים,250.00,100 גרם,false,1,15.90,6.36,true,1,
7290017894348,false,חמאת אגוזי נמר שקדים ופיסטוק 350 גרם,,IT,חמאת אגוזי נמר שקדים,גרמים,350.00,100 גרם,false,1,34.90,9.97,true,1,
7290017928807,false,בייגלה מקלות שומשום 300 גרם,,IL,בייגלה מקלות שומשום,גרמים,300.00,100 גרם,false,1,12.90,4.30,true,1,
7290017932231,false,"סירופ מייפל טהור גאלה 250 מ""ל",,,סירופ מייפל טהור גאל,מיליליטרים,250.00,"100 מ""ל",false,1,33.90,13.56,true,1,
7290017973982,false,פרוסות דג שיבוט אלבין מיובש עם צילי 100,,,פרוסות דג שיבוט אלבי,גרמים,100.00,100 גרם,false,1,14.60,14.60,true,1,
7290018045893,false,דגניםבמילוי קרם נוגט 480 גרם,,DE,דגניםבמילוי קרם נוגט,מטרים,0.00,מטר,false,1,25.50,25.50,true,1,
7290018131879,false,אקסטרים טילון ריבת חלב מאגדת 6 יח 432 גר,,IL,אקסטרים טילון ריבת ח,גרמים,432.00,100 גרם,false,1,38.90,9.00,true,1,
7290018198056,false,תפוגן רוסטיק ציפס 1.5 קג,,,ציפס קוביות תפוגן 1.,גרמים,1500.00,100 גרם,false,1,28.90,1.93,true,1,
7290018237922,false,שניצלונים ציפוי ציפס עוף טוב 700 גרם,,,שניצלונים ציפוי ציפס,גרמים,700.00,100 גרם,false,1,24.50,3.50,true,1,
7290018293805,false,מיץ עגבניות אורגני 1 ליטר,,,מיץ עגבניות אורגני 1,מיליליטרים,1000.00,"100 מ""ל",false,1,17.90,1.79,true,1,
7290018359129,false,פולפה עגבניות מקולפות חתוכות דק 690 גרם,,,פולפה עגבניות מקולפו,גרמים,690.00,100 גרם,false,1,10.90,1.58,true,1,
7290018359495,false,תירס מהשדה ללא תוספת סוכר יכין 550 גר,,IL,תירס מהשדה ללא תוספת,גרמים,550.00,100 גרם,false,1,10.90,1.98,true,1,
7290018359587,false,חומוס הקטניה הטובה יכין מארז 3*200 גר,,,חומוס הקטניה הטובה י,גרמים,600.00,100 גרם,false,1,13.90,2.32,true,1,
7290018359686,false,חומוס ענק יכין 550 ג A2,,IL,חומוס ענק יכין 550 ג,גרמים,550.00,100 גרם,false,1,10.90,1.98,true,1,
7290018359938,false,רוטב עגבניות לשקשוקה יכין 400 גר,,,רוטב עגבניות לשקשוקה,גרמים,400.00,100 גרם,false,1,12.90,3.23,true,1,
7290018367322,false,שומשום בטעם רוטב סויה 100 גרם,,TW,שומשום בטעם רוטב סוי,גרמים,100.00,100 גרם,false,1,19.90,19.90,true,1,
7290018380017,false,מלפפון בחומץ 13-17 + 20% 670 גרם,,IL,מלפפון בחומץ 13-17 +,גרמים,670.00,100 גרם,false,1,9.90,1.48,true,1,
7290018380079,false,אפונת גינה תומר 550 גרם A2,,HU,אפונת גינה תומר 550,גרמים,550.00,100 גרם,false,1,6.50,1.18,true,1,
7290018440070,false,תרכיז עגבניות בשפורפרת,,,תרכיז עגבניות בשפורפ,גרמים,200.00,100 גרם,false,1,9.90,4.95,true,1,
7290018440438,false,טונה קאלוו איזי פליפ בשמן 65 גר*3,קאלוו,ES,טונה קאלוו איזי פליפ,גרמים,195.00,100 גרם,false,1,26.90,13.79,true,1,
7290018440513,false,סלט קליפורנייה קאלוו עם טונה 150 גר,,,סלט קליפורנייה קאלוו,גרמים,150.00,100 גרם,false,1,14.90,9.93,true,1,
7290018468302,false,נקניקיה טבעונית בסגנון מרגז טירת צבי 400 ג,,IL,נקניקיה טבעונית בסגנ,גרמים,400.00,100 גרם,false,1,42.90,10.73,true,1,
7290018468326,false,נקניקיה טבעונית בסגנון אמריקאי טירת צבי 400 גרם,,IL,נקניקיה טבעונית בסגנ,גרמים,400.00,100 גרם,false,1,42.90,10.73,true,1,
7290018468425,false,נקניק טבעוני בטעם פקנטי 100 גרם טירת צבי,,IL,נקניק טבעוני בטעם פק,גרמים,100.00,100 גרם,false,1,20.90,20.90,true,1,
7290018468432,false,נקניק טבעוני בטעם מעושן 100 גרם טירת צבי,,IL,נקניק טבעוני בטעם מע,גרמים,100.00,100 גרם,false,1,20.90,20.90,true,1,
7290018471128,false,"ספרינג שייק אננס מנגו פסיפלורה 330 מ""ל",,IL,ספרינג שייק אננס מנג,מיליליטרים,330.00,"100 מ""ל",false,1,8.90,2.70,true,1,
7290018471135,false,"ספרינג שייק בננה תמר תפוז 330 מ""ל",,IL,ספרינג שייק בננה תמר,מיליליטרים,330.00,"100 מ""ל",false,1,8.90,2.70,true,1,
7290018471401,false,פרוט & ווג אננס בננה כורכום 1 ל,,IL,פרוט & ווג אננס בננה,מיליליטרים,1000.00,"100 מ""ל",false,1,15.90,1.59,true,1,
7290018471906,false,שוופס מוגז לימונדה ורודה 1.5 ליטר,,IL,שוופס מוגז לימונדה ו,ליטרים,0.00,ליטר,false,1,9.30,9.30,true,1,
7290018471951,false,שוופס מוגז אשכולית אדומה 1.5 ל,,IL,שוופס מוגז אשכולית א,ליטרים,0.00,ליטר,false,1,9.30,9.30,true,1,
7290018516072,false,פרמיו דליקט טונה וצד,,,פרמיו דליקט טונה וצד,Unknown,1.00,Unknown,false,1,9.90,9.90,true,1,
7290018516089,false,פרמיו דליקט טונה דג,,,פרמיו דליקט טונה דג,Unknown,1.00,Unknown,false,1,9.90,9.90,true,1,
7290018542002,false,מזלגות רויאל   10 יח,,TR,מזלגות רויאל   10 יח,Unknown,0.00,Unknown,false,1,6.90,6.90,true,1,
7290018542019,false,כפות רויאל   10 יח,,TR,כפות רויאל   10 יח,Unknown,0.00,Unknown,false,1,6.90,6.90,true,1,
7290018542064,false,קינוחי לבבות גדול עם,,CN,קינוחי לבבות גדול עם,Unknown,1.00,Unknown,false,1,21.90,21.90,true,1,
7290018542859,false,תבניות אלומיניום שחו,,CN,תבניות אלומיניום שחו,Unknown,1.00,Unknown,false,1,11.90,11.90,true,1,
7290018593301,false,קשיו כמהין חצי קשה טבעוני פלנטי 200 גרם,,IL,קשיו כמהין חצי קשה ט,גרמים,200.00,100 גרם,false,1,30.90,15.45,true,1,
7290018641439,false,"ערק אשכולית אדומה מוגז 330  מ""ל",,,ערק אשכולית אדומה מו,מיליליטרים,330.00,"100 מ""ל",false,1,14.90,4.52,true,1,
7290018652909,false,מאגדת 99 תות עוגת גבינה 275 גרם,,,מאגדת 99 תות עוגת גב,גרמים,275.00,100 גרם,false,1,32.90,11.96,true,1,
7290018703229,false,חטיף חלבון שוקולד אגוזים פראוד 60 גרם,,,חטיף חלבון שוקולד אג,גרמים,60.00,100 גרם,false,1,13.90,23.17,true,1,
7290018703243,false,חטיף חלבון קרמל קראנצ פראוד 60 גרם,,,חטיף חלבון קרמל קראנ,גרמים,60.00,100 גרם,false,1,13.90,23.17,true,1,
7290018893005,false,בייגלה ציוקטה חרדל ודבש 160 גר,,RO,בייגלה ציוקטה חרדל ו,גרמים,160.00,100 גרם,false,1,8.90,5.56,true,1,
7290018893654,false,בייגלה ציוקטה בתוספת מלח 200 גר,,RO,בייגלה ציוקטה בתוספת,גרמים,200.00,100 גרם,false,1,8.90,4.45,true,1,
7290018893852,false,בייגלה ציוקטה בתוספת שומשום 200 גר,,RO,בייגלה ציוקטה בתוספת,גרמים,200.00,100 גרם,false,1,8.30,4.15,true,1,
7290018925065,false,מיץ תפוזים סחוט 2 ל פרימור,,IL,מיץ תפוזים סחוט 2 ל,מיליליטרים,2000.00,"100 מ""ל",false,1,28.90,1.45,true,1,
7290018925072,false,משקה קל לימונים ונענע 2 ל פרימור,,IL,משקה קל לימונים ונענ,ליטרים,2.00,ליטר,false,1,28.90,14.45,true,1,
7290018949023,false,"גרופר משקה קל מוגז אורגני לימוננ 330 מ""ל",,PL,גרופר משקה קל מוגז א,מיליליטרים,330.00,"100 מ""ל",false,1,9.50,2.88,true,1,
7290018972618,false,"תמר מגהול תומר 1 ק""ג",,IL,"תמר מגהול תומר 1 ק""ג",גרמים,1000.00,100 גרם,false,1,19.90,1.99,true,1,
7290019056058,false,שוופס מוגז עדין תפוח ליים 1.5 ליטר,,IL,שוופס מוגז עדין תפוח,ליטרים,0.00,ליטר,false,1,9.90,9.90,true,1,
7290019056065,false,שוופס מוגז עדין פירות יער  1.5 ליטר,,IL,שוופס מוגז עדין פירו,ליטרים,0.00,ליטר,false,1,9.90,9.90,true,1,
7290019056072,false,שוופס מוגז עדין אננס 1.5 ליטר,,IL,שוופס מוגז עדין אננס,ליטרים,0.00,ליטר,false,1,9.90,9.90,true,1,
7290019056089,false,שוופס מוגז עדין ריזלינג 1.5 ליטר,,IL,שוופס מוגז עדין ריזל,ליטרים,0.00,ליטר,false,1,9.90,9.90,true,1,
7290019056096,false,שוופס מוגז עדין אפרסק  1.5 ליטר,,IL,שוופס מוגז עדין אפרס,ליטרים,0.00,ליטר,false,1,9.90,9.90,true,1,
7290019056164,false,רביעיית שוופס סודה 1.5 לי,,IL,רביעיית שוופס סודה 1,ליטרים,0.00,ליטר,false,1,13.10,13.10,true,1,
7290019056294,false,שוופס גינגר 1.5 ליטר,,IL,שוופס גינגר 1.5 ליטר,ליטרים,0.00,ליטר,false,1,12.70,12.70,true,1,
7290019056317,false,משקה 1.5 ל  SCHWEPPES RUSSCHIAN,,IL,משקה  שוופס ראשן 1.5,ליטרים,0.00,ליטר,false,1,12.70,12.70,true,1,
7290019056324,false,שוופס טוניק 1.5 ליטר,,IL,שוופס טוניק 1.5 ליטר,ליטרים,0.00,ליטר,false,1,12.70,12.70,true,1,
7290019056331,false,שוופס טוניק ללא סוכר 1.5 ליטר,,IL,שוופס טוניק ללא סוכר,ליטרים,0.00,ליטר,false,1,12.70,12.70,true,1,
7290019056409,false,תפוזינה מנגו עסיסי 1.5 ליטר,,IL,תפוזינה מנגו עסיסי 1,ליטרים,0.00,ליטר,false,1,9.50,9.50,true,1,
7290019056430,false,תפוזינה תפוזים לייט 1.5 ליטר,,IL,תפוזינה תפוזים לייט,ליטרים,0.00,ליטר,false,1,9.30,9.30,true,1,
7290019056546,false,FRUIT WATER אבטיח 1.5 ל,,IL,FRUIT WATER אבטיח 1.,ליטרים,0.00,ליטר,false,1,9.90,9.90,true,1,
7290019056553,false,שישיית מים עין גדי 2 ליטר,,IL,שישיית מים עין גדי 2,ליטרים,0.01,ליטר,false,1,13.80,1380.00,true,1,
7290019056577,false,ספרינג מנגו 1.5 ליטר,,IL,ספרינג מנגו 1.5 ליטר,ליטרים,0.00,ליטר,false,1,9.50,9.50,true,1,
7290019056584,false,ספרינג תפוז 1.5 ליטר,,IL,ספרינג תפוז 1.5 ליטר,ליטרים,0.00,ליטר,false,1,9.50,9.50,true,1,
7290019056591,false,ספרינג ענבים 1.5 ליטר,,IL,ספרינג ענבים 1.5 ליט,ליטרים,0.00,ליטר,false,1,9.50,9.50,true,1,
7290019056607,false,ספרינג תפוח 1.5 ליטר,,IL,ספרינג תפוח 1.5 ליטר,ליטרים,0.00,ליטר,false,1,9.50,9.50,true,1,
7290019056645,false,ספרינג 1.5 ליטר אגסים סברס תפוח,,IL,ספרינג 1.5 ליטר אגסי,ליטרים,0.00,ליטר,false,1,9.50,9.50,true,1,
7290019056881,false,שוופס סודה 1.5 ליטר,,,שוופס סודה 1.5 ליטר,ליטרים,0.00,ליטר,false,1,4.00,4.00,true,1,
7290019056898,false,שוופס סודה לימון 1.5 ליטר,,IL,שוופס סודה לימון 1.5,ליטרים,0.00,ליטר,false,1,3.90,3.90,true,1,
7290019056904,false,שוופס סודה תפוח 1.5 ל,,IL,שוופס סודה תפוח 1.5,ליטרים,0.00,ליטר,false,1,3.90,3.90,true,1,
7290019056966,false,מי עדן 1.5 ליטר,,IL,מי עדן 1.5 ליטר,ליטרים,0.00,ליטר,false,1,5.20,5.20,true,1,
7290019056973,false,שישיית מי עדן 1.5 ליטר משפחתי,,IL,שישיית מי עדן 1.5 לי,ליטרים,0.01,ליטר,false,1,14.90,1490.00,true,1,
7290019153078,false,שוופס ביטר למון לייט 1.5 ל,,,שוופס ביטר למון לייט,ליטרים,0.00,ליטר,false,1,12.70,12.70,true,1,
7290019153283,false,שוופס סודה אננס 1.5 ל,,IL,שוופס סודה אננס 1.5,ליטרים,0.00,ליטר,false,1,3.90,3.90,true,1,
7290019153306,false,שוופס סודה פתוח 1.5 ליטר,,IL,שוופס סודה תפוח 1.5,ליטרים,0.00,ליטר,false,1,4.00,4.00,true,1,
7290019153313,false,"פרוט & וג תפוח חמוציות אוכמניות 350 מ""ל",,IL,פרוט & וג תפוח חמוצי,מיליליטרים,350.00,"100 מ""ל",false,1,8.50,2.43,true,1,
7290019167020,false,עוגת גבינה עם פירות יער לייט 80 גרם,,,עוגת גבינה עם פירות,גרמים,80.00,100 גרם,false,1,7.90,9.88,true,1,
7290019167037,false,תותים בקצפת 80 גרם,,,תותים בקצפת 80 גרם,גרמים,80.00,100 גרם,false,1,7.90,9.88,true,1,
7290019226109,false,אננס פרוס תומר 565 גרם,,,אננס פרוס תומר 565 ג,גרמים,565.00,100 גרם,false,1,9.50,1.68,true,1,
7290019232193,false,תה ויסוצקי ירוק לימונית גינגר STAY WELL,,,תה ויסוצקי ירוק לימו,יחידה,1.00,יחידה,false,1,26.90,26.90,true,1,
7290019297239,false,צימוק חום 330 גר,,,צימוק חום 330 גר,גרמים,330.00,100 גרם,false,1,15.40,4.67,true,1,
7290019297246,false,שזיפים 330 גר,,,שזיפים 330 גר,גרמים,330.00,100 גרם,false,1,24.00,7.27,true,1,
7290019297543,false,חמאת בוטנים 510 גרם,,,חמאת בוטנים 510 גרם,גרמים,510.00,100 גרם,false,1,16.40,3.22,true,1,
7290019297550,false,בוטנים מטוגנים בקוספא 185 גרם,,,בוטנים מטוגנים בקוספ,גרמים,185.00,100 גרם,false,1,10.90,5.89,true,1,
7290019297628,false,שקד טבעי 150 גרם ששון הקולה,,,שקד טבעי 150 גרם ששו,גרמים,150.00,100 גרם,false,1,16.90,11.27,true,1,
7290019297635,false,שקד קלויים 150 גרם ששון הקולה,,,שקד קלויים 150 גרם ש,גרמים,150.00,100 גרם,false,1,17.90,11.93,true,1,
7290022005562,false,קריספ שום 300 גרם,,IL,קריספ שום 300 גרם,גרמים,300.00,100 גרם,false,0,8.90,2.97,true,1,
7290067642005,false,"בירה גולדסטאר 10% 330 מ""ל SLOW BREW",,,בירה גולדסטאר 10% 33,מיליליטרים,1980.00,"100 מ""ל",false,1,8.50,0.43,true,1,
7290100240137,false,בדין תרסיס למייבש כחול,,,בדין תרסיס למייבש כח,מיליליטרים,500.00,"100 מ""ל",false,1,23.90,4.78,true,1,
7290100240656,false,"פתית שיפון בד""צ 250 גרם",,,"פתית שיפון בד""צ 250",גרמים,300.00,100 גרם,false,1,19.90,6.63,true,1,
7290100243671,false,בדין אקסטרא כחול 960 מל,,,בדין אקסטרא כחול 960,מיליליטרים,960.00,"100 מ""ל",false,1,17.90,1.86,true,1,
7290100245231,false,מרק נמס בכוס ועוד ט.עוף שקדי מרק - קנור,,,מרק נמס בכוס ועוד ט.,גרמים,50.00,100 גרם,false,1,8.50,17.00,true,1,
7290100321775,false,חזה עוף טרי,,,חזה עוף טרי,Unknown,0.00,"ק""ג",true,0,35.90,35.90,true,1,
7290100323038,false,כרעיים עוף טרי,,,כרעיים עוף טרי,Unknown,0.00,"ק""ג",true,0,24.90,24.90,true,1,
7290100570074,false,אבזרי מטבח,,,אבזרי מטבח,Unknown,0.00,Unknown,false,1,4.90,4.90,true,1,
7290100570234,false,אבזרי מטבח,,,אבזרי מטבח,Unknown,0.00,Unknown,false,1,12.90,12.90,true,1,
7290100572146,false,אבזרי מטבח,,,אבזרי מטבח,Unknown,0.00,Unknown,false,1,24.90,24.90,true,1,
7290100572368,false,אבזרי מטבח,,,אבזרי מטבח,Unknown,0.00,Unknown,false,1,19.90,19.90,true,1,
7290100572702,false,אביזרי מטבח,,,אביזרי מטבח,Unknown,0.00,Unknown,false,1,10.90,10.90,true,1,
7290100573396,false,אביזרי מטבח,,,אביזרי מטבח,Unknown,0.00,Unknown,false,1,9.90,9.90,true,1,
7290100573716,false,אביזרי מטבח,,,אביזרי מטבח,Unknown,0.00,Unknown,false,1,14.90,14.90,true,1,
7290100575086,false,אבזרי מטבח,,,אבזרי מטבח,Unknown,0.00,Unknown,false,1,6.90,6.90,true,1,
7290100680711,false,פירורית זהב 350 גרם,,,פירורית זהב 350 גרם,גרמים,350.00,100 גרם,false,1,9.90,2.83,true,1,
7290100680728,false,פירורית 350 גרם,,,פירורית 350 גרם,גרמים,350.00,100 גרם,false,1,8.90,2.54,true,1,
7290100684139,false,פסטה אסם מיני מקרוני 500 גרם,,,פסטה אסם מיני מקרוני,גרמים,500.00,100 גרם,false,1,6.90,1.38,true,1,
7290100685136,false,"מרק טעם עוף 1 ק""ג",,,"מרק טעם עוף 1 ק""ג",גרמים,1000.00,100 גרם,false,1,18.30,1.83,true,1,
7290100685242,false,במבה תות על סרט 30 גרם,,,במבה תות על סרט 30 ג,גרמים,30.00,100 גרם,false,1,3.50,11.67,true,1,
7290100685334,false,מרק עוף אמיתי מרכיבים טבעיים 400 גרם,,,מרק עוף אמיתי מרכיבי,גרמים,400.00,100 גרם,false,1,26.90,6.73,true,1,
7290100687109,false,במבה במילוי נוגת 60 גרם,,,במבה במילוי נוגת 60,גרמים,60.00,100 גרם,false,1,4.90,8.17,true,1,
7290100689301,false,מרק טעם עוף זך עדיף  400 גרם,,,מרק טעם עוף זך עדיף,גרמים,400.00,100 גרם,false,1,18.80,4.70,true,1,
7290100700242,false,אורז מלא עגול 1 קג,,,"אורז מלא עגול 1 ק""ג",גרמים,1000.00,100 גרם,false,1,11.90,1.19,true,1,
7290100700273,false,קינואה 500 גרם,,,קינואה 500 גרם,גרמים,500.00,100 גרם,false,1,15.90,3.18,true,1,
7290100700372,false,אורז בסמטי מלא 1 קג,,,"אורז בסמטי מלא 1 ק""ג",גרמים,1000.00,100 גרם,false,1,13.90,1.39,true,1,
7290100700563,false,אורז מיקס 1 קג,,,"אורז מיקס 1 ק""ג",גרמים,1000.00,100 גרם,false,1,15.90,1.59,true,1,
7290100700587,false,בורגול 500 גרם,,,בורגול 500 גרם,גרמים,500.00,100 גרם,false,1,4.80,0.96,true,1,
7290100701300,false,קינואה אדומה 500 גר סוגת,,,קינואה אדומה 500 גר,גרמים,500.00,100 גרם,false,1,15.90,3.18,true,1,
7290100701348,false,"קמח שיפון מלא 1 ק""ג סוגת",,,"קמח שיפון מלא 1 ק""ג",גרמים,1000.00,100 גרם,false,1,7.90,0.79,true,1,
7290100701454,false,גרישה 500 גר,,,גרישה 500 גר,גרמים,500.00,100 גרם,false,1,4.80,0.96,true,1,
7290100701577,false,"קמח לחם 1 ק""ג סוגת",,,"קמח לחם 1 ק""ג סוגת",גרמים,1000.00,100 גרם,false,1,7.90,0.79,true,1,
7290100701874,false,"קמח כוסמין 1 ק""ג סוגת",,,"קמח כוסמין 1 ק""ג סוג",גרמים,1000.00,100 גרם,false,1,15.90,1.59,true,1,
7290100701881,false,"קמח פיצה ופוקצה 1 ק""ג סוגת",,,"קמח פיצה ופוקצה 1 ק""",גרמים,1000.00,100 גרם,false,1,7.90,0.79,true,1,
7290100701898,false,"קמח פסטה 1 ק""ג סוגת",,,"קמח פסטה 1 ק""ג סוגת",גרמים,1000.00,100 גרם,false,1,15.90,1.59,true,1,
7290100702314,false,שעועית שחורה 500 גרם סוגת,,,שעועית שחורה 500 גרם,גרמים,500.00,100 גרם,false,1,7.90,1.58,true,1,
7290100703007,false,עדשים שחורות בלוגה 500 גר,,,עדשים שחורות בלוגה 5,גרמים,500.00,100 גרם,false,1,9.90,1.98,true,1,
7290100703533,false,"קמח קסם 1 ק""ג",,,"קמח קסם 1 ק""ג",גרמים,1000.00,100 גרם,false,1,9.90,0.99,true,1,
7290100703557,false,"קמח פוקצה 1 ק""ג",,,"קמח פוקצה 1 ק""ג",קילוגרמים,0.00,"ק""ג",false,1,7.90,7.90,true,1,
7290100703670,false,קמח כוסמין מלא ללא ניפוי 1 קג,,,קמח כוסמין מלא ללא נ,גרמים,1000.00,100 גרם,false,1,15.90,1.59,true,1,
7290100703922,false,מארז פופקורן למיקרוגל טבעי 5+1,,,מארז פופקורן למיקרוג,גרמים,540.00,100 גרם,false,1,12.00,2.22,true,1,
7290100704066,false,עדשים צהובות 500 גרם,,,עדשים צהובות 500 גרם,גרמים,500.00,100 גרם,false,1,7.90,1.58,true,1,
7290100850909,false,דוריטוס נאצו מקסיקני 70 גרם,,IL,דוריטוס נאצו מקסיקני,גרמים,70.00,100 גרם,false,1,4.90,7.00,true,1,
7290100850916,false,דוריטוס חמוץ חריף 70 גרם,,,דוריטוס חמוץ חריף 70,גרמים,70.00,100 גרם,false,1,4.90,7.00,true,1,
7290100850923,false,דוריטוס גריל 70 גרם,,,דוריטוס גריל 70 גרם,גרמים,70.00,100 גרם,false,1,4.90,7.00,true,1,
7290100850930,false,דוריטוס טבעי 70 גרם,,,דוריטוס טבעי 70 גרם,גרמים,70.00,100 גרם,false,1,4.90,7.00,true,1,
7290100921593,false,סבון אסלה סוד לימון 50 גר,,,סבון אסלה סוד לימון,גרמים,50.00,100 גרם,false,1,10.90,21.80,true,1,
7290101500193,false,חסה רומית נספק,,,חסה רומית,Unknown,0.00,Unknown,false,1,11.90,11.90,true,1,
7290101500506,false,פטרוזיליה ארוזה,,,פטרוזיליה ארוזה,Unknown,0.00,Unknown,false,1,5.90,5.90,true,1,
7290101500513,false,שמיר ארוז,,,שמיר ארוז,Unknown,0.00,Unknown,false,1,5.90,5.90,true,1,
7290101500520,false,כוסברה ארוזה,,,כוסברה ארוזה,Unknown,0.00,Unknown,false,1,5.90,5.90,true,1,
7290101500537,false,נענע ארוזה,,,נענע ארוזה,Unknown,0.00,Unknown,false,1,4.90,4.90,true,1,
7290101500551,false,סלרי אמריקאי ארוז,,,סלרי אמריקאי ארוז,Unknown,0.00,Unknown,false,1,7.90,7.90,true,1,
7290101500568,false,סלרי ראש ארוז,,,סלרי ראש ארוז,Unknown,0.00,Unknown,false,1,5.90,5.90,true,1,
7290101500926,false,תרד ארוז רכות,,,תרד ארוז רכות,Unknown,0.00,Unknown,false,1,12.90,12.90,true,1,
7290101501176,false,פלפל טינקרבל,,,פלפל טינקרבל,Unknown,0.00,Unknown,false,1,12.90,12.90,true,1,
7290101501589,false,גינגר טבעי,,,גינגר טבעי,Unknown,0.00,Unknown,false,1,11.90,11.90,true,1,
7290101551539,false,דנונה פרו 20 גרם חלבון אפרסק 200 גר,,IL,דנונה פרו 20 גרם חלב,גרמים,200.00,100 גרם,false,1,6.20,3.10,true,1,
7290101863410,false,סיליט באנג ספריי אקונומיקה לניקוי 1.5 ל,,,סיליט באנג ספריי אקו,מיליליטרים,750.00,"100 מ""ל",false,1,17.90,2.39,true,1,
7290101865261,false,"פיניש הברקה 800 מ""ל",,,"פיניש הברקה 800 מ""ל",מיליליטרים,800.00,"100 מ""ל",false,1,21.90,2.74,true,1,
7290101952510,false,לקט פרובנס טבעפרוסט 800 גר,,,לקט פרובנס טבעפרוסט,גרמים,800.00,100 גרם,false,1,19.80,2.48,true,1,
7290101952527,false,לקט בסגנון אסייתי טבעפרוסט 800 גר,,,לקט בסגנון אסייתי טב,גרמים,800.00,100 גרם,false,1,19.80,2.48,true,1,
7290101952558,false,גרעיני תירס קפואים טבעפרוסט 800 גרם,,,גרעיני תירס קפואים,גרמים,800.00,100 גרם,false,1,17.10,2.14,true,1,
7290102030330,false,תפוציפס קראנצ מקסיקני 200 גרם,,,תפוציפס קראנצ מקסיקנ,גרמים,200.00,100 גרם,false,1,10.90,5.45,true,1,
7290102300822,false,צדר אנגלית כתומה 200 גר,,,צדר אנגלית כתומה 200,גרמים,200.00,100 גרם,false,1,25.90,12.95,true,1,
7290102301881,false,גבינת טרטר עשבי תיבול 150 גר,,,גבינת טרטר עשבי תיבו,גרמים,150.00,100 גרם,false,1,25.90,17.27,true,1,
7290102302246,false,גבינת גאודה הולנדית 200 גרם,,,גבינת גאודה הולנדית,גרמים,200.00,100 גרם,false,0,24.90,12.45,true,1,
7290102303977,false,גוש טונה בשמן זית רוברט 140 גרם,,PT,גוש טונה בשמן זית רו,גרמים,140.00,100 גרם,false,1,12.90,9.21,true,1,
7290102393039,false,מולר מיקס יוגורט קרמי עם פצפוצים 150ג,,,מולר מיקס יוגורט,גרמים,150.00,100 גרם,false,1,6.50,4.33,true,1,
7290102393060,false,מולר מיקס יוגורט קרמי עם קרם אגוזים 150ג,,,מולר מיקס יוגורט קרמ,גרמים,150.00,100 גרם,false,1,6.50,4.33,true,1,
7290102393299,false,יוגורט עיזים לשתיה 500גר,,,יוגורט עיזים לשתיה 5,גרמים,500.00,100 גרם,false,1,15.90,3.18,true,1,
7290102394081,false,מולר מיקס עם קורנפלקס מצופה השוקולד 150ג,,,מולר מיקס עם קורנפלק,גרמים,150.00,100 גרם,false,1,6.50,4.33,true,1,
7290102397464,false,מולר נטורל+ פקאן גרעינים וחמוציות 170 גר,,,מולר נטורל+ פקאן גרע,גרמים,170.00,100 גרם,false,1,6.50,3.82,true,1,
7290102397600,false,מולר מיקס שקדים ובוטנים מקורמלים 170 גר,,,מולר מיקס שקדים ובוט,גרמים,170.00,100 גרם,false,1,6.50,3.82,true,1,
7290102397617,false,מולר מיקס קליק 170 גר,,,מולר מיקס קליק 170 ג,גרמים,170.00,100 גרם,false,1,6.50,3.82,true,1,
7290102398065,false,קרטון חלב 2 ליטר 3% מהדרין,,,חלב 3% מהדרין 2 ליטר,ליטרים,0.00,ליטר,false,1,12.46,12.46,true,1,
7290102398577,false,מששוקו מועשר טרה 250 מל,,IL,שוקו מועשר טרה 250 מ,מיליליטרים,250.00,"100 מ""ל",false,1,6.20,2.48,true,1,
7290102601547,false,כפיות פרמיום שקוף/קר,,TR,כפיות פרמיום שקוף/קר,Unknown,0.00,Unknown,false,1,9.50,9.50,true,1,
7290103401429,false,קפה קצב ברזילאי אוריגינס 200 גר,,,קפה קצב ברזילאי אורי,גרמים,200.00,100 גרם,false,1,29.90,14.95,true,1,
7290103404758,false,כרוב אדום 120 גר,,,כרוב אדום 120 גר,גרמים,125.00,100 גרם,false,1,5.80,4.64,true,1,
7290103408206,false,עלי חסה שטופים בקופסה 250גר,,,עלי חסה שטופים בקופס,גרמים,250.00,100 גרם,false,1,11.90,4.76,true,1,
7290103681241,false,"יין הר מוסקטו מיתוג תנשמת 750 מ""ל",,IL,יין הר מוסקטו מיתוג,מיליליטרים,750.00,"100 מ""ל",false,1,39.90,5.32,true,1,
7290103681623,false,"יין הר מוסקטו רוזה 750 מ""ל",,IL,יין הר מוסקטו רוזה 7,מיליליטרים,750.00,"100 מ""ל",false,1,37.90,5.05,true,1,
7290103700195,false,טאצ רדיד אלומיניום ק,,,טאצ רדיד אלומיניום ק,Unknown,0.00,Unknown,false,12,10.90,10.90,true,1,
7290103702298,false,טאצ אשפתון עבה 50 יחידות,,,טאצ אשפתון עבה 50 יח,Unknown,0.00,Unknown,false,1,15.90,15.90,true,1,
7290103702304,false,טאצ אשפתון עבה במיוחד 35 יחידות,,,טאצ אשפתון עבה במיוח,Unknown,0.00,Unknown,false,1,15.90,15.90,true,1,
7290103703370,false,טאצ מגבוני טואלט לחים מארז שלישייה,,,טאצ מגבוני טואלט לחי,Unknown,0.00,Unknown,false,1,15.90,15.90,true,1,
7290103703998,false,טאצ מגבונים אנטיבקטריאליים 50 יח,,,טאצ מגבונים אנטיבקטר,Unknown,0.00,Unknown,false,1,11.90,11.90,true,1,
7290104061448,false,חומוס חריף 400 גרם,,,חומוס חריף 400 גרם,גרמים,400.00,100 גרם,false,1,13.50,3.38,true,1,
7290104065934,false,עלי רוקט 150גר,,,עלי רוקט 150גר,גרמים,150.00,100 גרם,false,1,10.90,7.27,true,1,
7290104066566,false,טחינה 500 גרם,,,טחינה 500 גרם,גרמים,500.00,100 גרם,false,1,19.50,3.90,true,1,
7290104068546,false,מסטיק מאסט פליפטופ קולה 28 גר,,,מסטיק מאסט פליפטופ ק,Unknown,0.00,Unknown,false,1,4.90,4.90,true,1,
7290104501661,false,פודינג אינסטנט בטעם וניל צרפתי 80 גר,,,פודינג אינסטנט בטעם,גרמים,80.00,100 גרם,false,1,5.90,7.38,true,1,
7290104570513,false,"תמר מגהול 1 ק""ג",,,"תמר מגהול 1 ק""ג",קילוגרמים,0.00,"ק""ג",false,1,29.90,29.90,true,1,
7290104615214,false,צמחים,,,צמחים,Unknown,0.00,Unknown,false,1,25.00,25.00,true,1,
7290104615238,false,צמחים,,,צמחים,Unknown,0.00,Unknown,false,1,30.00,30.00,true,1,
7290104615252,false,צמחים,,,צמחים,Unknown,0.00,Unknown,false,1,40.00,40.00,true,1,
7290104615337,false,צמחים,,,צמחים,Unknown,0.00,Unknown,false,1,45.00,45.00,true,1,
7290104615368,false,עציצים,,,עציצים,Unknown,0.00,Unknown,false,1,150.00,150.00,true,1,
7290104615436,false,צמחים,,,צמחים,Unknown,0.00,Unknown,false,1,15.00,15.00,true,1,
7290104615450,false,צמחים,,,צמחים,Unknown,0.00,Unknown,false,1,17.00,17.00,true,1,
7290104615498,false,צמחים,,,צמחים,Unknown,0.00,Unknown,false,1,21.00,21.00,true,1,
7290104615603,false,עציצים,,,עציצים,Unknown,0.00,Unknown,false,1,45.00,45.00,true,1,
7290104615641,false,חבילת פרחים,,,חבילת פרחים,Unknown,0.00,Unknown,false,1,34.00,34.00,true,1,
7290104615948,false,צמחים,,,צמחים,Unknown,0.00,Unknown,false,1,55.00,55.00,true,1,
7290104615955,false,עציצים,,,עציצים,Unknown,0.00,Unknown,false,1,60.00,60.00,true,1,
7290104721762,false,מארז קפה טורקי עלית 3*85 גר,,,מארז קפה טורקי עלית,גרמים,255.00,100 גרם,false,1,24.90,9.76,true,1,
7290104722530,false,תפוציפס שמנת בצל 200 גרם,,,תפוציפס שמנת בצל 200,גרמים,200.00,100 גרם,false,1,10.90,5.45,true,1,
7290104960246,false,אל סבון ורד ויסמין נקה 7 750 מל,,,אל סבון ורד ויסמין נ,מיליליטרים,750.00,"100 מ""ל",false,1,14.90,1.99,true,1,
7290104961250,false,ת.רחצה מגע הקטיפה וניל מאסק נקה7 750,,,ת.רחצה מגע הקטיפה ונ,מיליליטרים,750.00,"100 מ""ל",false,1,14.90,1.99,true,1,
7290105360328,false,קפסולות אספרסו חזק למכונות נספרסו 50 גר,,,קפסולות אספרסו חזק ל,Unknown,0.00,Unknown,false,1,18.90,18.90,true,1,
7290105360335,false,קפסולות אספרסו למכונות נספרסו 50 גר,,,קפסולות אספרסו למכונ,גרמים,50.00,100 גרם,false,1,18.90,37.80,true,1,
7290105360755,false,"שמן זית 3 חזק 750 מ""ל יד מרדכי",,,"שמן זית 3 חזק 750 מ""",מיליליטרים,750.00,"100 מ""ל",false,1,37.90,5.05,true,1,
7290105360762,false,"שמן זית 1 עדין 750 מ""ל יד מרדכי",,,שמן זית 1 עדין 750 מ,מיליליטרים,750.00,"100 מ""ל",false,1,37.90,5.05,true,1,
7290105362339,false,"שמנת לבישול 15% מהדרין 250 מ""ל",,,שמנת לבישול 15% מהדר,מיליליטרים,250.00,"100 מ""ל",false,1,9.90,3.96,true,1,
7290105363602,false,כיף כף מקלות קלאסי 40 גרם,,,כיף כף מקלות קלאסי 4,Unknown,0.00,Unknown,false,1,5.50,5.50,true,1,
7290105364289,false,כיף כף מקלות פצפוצים 40 גרם,,,כיף כף מקלות פצפוצים,Unknown,0.00,Unknown,false,1,5.50,5.50,true,1,
7290105366993,false,סימפוניה פלפל שיפקה חריף 5% 200 גר,,,סימפוניה פלפל שיפקה,גרמים,200.00,100 גרם,false,1,12.90,6.45,true,1,
7290105369130,false,סימפוניה בצל ירוק 5% 200 גרם,,,סימפוניה בצל ירוק 3%,גרמים,200.00,100 גרם,false,1,12.90,6.45,true,1,
7290105438546,false,נייר אפי פרימיום קוקי,,,נייר אפי פרימיום קוק,Unknown,0.00,Unknown,false,1,12.10,12.10,true,1,
7290105500151,false,"וודקה פינלנדיה 700 מ""ל",,,וודקה פינלנדיה 700 מ,מיליליטרים,700.00,"100 מ""ל",false,1,59.90,8.56,true,1,
7290105500953,false,"וויסקי גק דניאלס דבש 700 מ""ל",,,וויסקי גק דניאלס דבש,מיליליטרים,700.00,"100 מ""ל",false,1,109.90,15.70,true,1,
7290105691934,false,קמח שמרים 1 קג,,,"קמח שמרים 1 ק""ג",גרמים,1000.00,100 גרם,false,1,11.90,1.19,true,1,
7290105694614,false,ספגטי מהיר הכנה 500 גרם אסם,,,ספגטי מהיר הכנה 500,גרמים,500.00,100 גרם,false,1,8.70,1.74,true,1,
7290105695024,false,פתיתים אפויים אורז עם אטריות 500 גרם,,,פתיתים אפויים אורז ע,גרמים,500.00,100 גרם,false,1,7.90,1.58,true,1,
7290105966469,false,חומץ בלסמי יד מרדכי 250 מל,,,חומץ בלסמי יד מרדכי,מיליליטרים,250.00,"100 מ""ל",false,1,16.90,6.76,true,1,
7290106520066,false,אצבעות וופל רבע לשבע  160 גר,,,אצבעות וופל רבע לשבע,גרמים,160.00,100 גרם,false,1,13.50,8.44,true,1,
7290106520912,false,שמנת לבישול 9% 250 מל,,,שמנת לבישול 9% 250 מ,מיליליטרים,250.00,"100 מ""ל",false,1,9.90,3.96,true,1,
7290106524439,false,תפוציפס פופס 60 גרם,,,תפוציפס פופס 60 גרם,גרמים,60.00,100 גרם,false,1,4.90,8.17,true,1,
7290106525320,false,שוקולית לאפייה 500 גרם,,,שוקולית לאפייה 500 ג,גרמים,500.00,100 גרם,false,1,18.20,3.64,true,1,
7290106525399,false,קפסולות ברזיל 06 למכונות נספרסו 50 גר,,,קפסולות ברזיל 06 למכ,גרמים,50.00,100 גרם,false,1,18.90,37.80,true,1,
7290106528567,false,חטיף דוריטוס גריל 185 גרם,,,חטיף דוריטוס גריל 18,גרמים,185.00,100 גרם,false,1,8.90,4.81,true,1,
7290106528628,false,חטיף דוריטוס טבעי 185 גרם,,,Dippas חטיף דוריטוס,גרמים,185.00,100 גרם,false,1,8.90,4.81,true,1,
7290106528949,false,לקט ערוגות,,,לקט ערוגות,Unknown,0.00,Unknown,false,1,12.90,12.90,true,1,
7290106571921,false,עוגיות חמוציות 180 גרם פיטנס,,,עוגיות חמוציות 180 ג,גרמים,180.00,100 גרם,false,1,13.90,7.72,true,1,
7290106574953,false,בייגלה שטוחים שומשום 300 גרם,,,בייגלה שטוחים שומשום,גרמים,300.00,100 גרם,false,1,11.90,3.97,true,1,
7290106574977,false,בייגלה שטוחים עם מלח 300 גרם,,,בייגלה שטוחים עם מלח,גרמים,300.00,100 גרם,false,1,11.90,3.97,true,1,
7290106577541,false,סלט כרוב אדום 400 גר,,,סלט כרוב אדום 400 גר,גרמים,400.00,100 גרם,false,1,14.90,3.73,true,1,
7290106577572,false,סלט מטבוחה 400 גר,,,סלט מטבוחה 400 גר,גרמים,400.00,100 גרם,false,1,15.20,3.80,true,1,
7290106653504,false,סבבה בוטנים אמריקאים ברביקיו 50 גרם,,,סבבה בוטנים אמריקאים,גרמים,50.00,100 גרם,false,1,3.30,6.60,true,1,
7290106653689,false,לקט לסלט אסייתי 350 גר,,,לקט לסלט אסייתי 350,גרמים,350.00,100 גרם,false,1,12.90,3.69,true,1,
7290106662025,false,תפוציפס טבעי מלח ופלפל 50 גרם,,,תפוציפס טבעי מלח ופל,גרמים,50.00,100 גרם,false,1,4.90,9.80,true,1,
7290106663558,false,רוטב טריאקי יד מרדכי 320 גרם,,IL,רוטב טריאקי רימון 28,גרמים,320.00,100 גרם,false,1,14.90,4.66,true,1,
7290106667266,false,חטיף דוריטוס חמוץ חריף 185 גרם,,,חטיף דוריטוס חמוץ חר,גרמים,185.00,100 גרם,false,1,8.90,4.81,true,1,
7290106669857,false,קפסולות אספרסו בטעם וניל 50 גר,,,קפסולות אספרסו בטעם,גרמים,50.00,100 גרם,false,1,18.90,37.80,true,1,
7290106720626,false,ציטוס בטעם גבינה 80 גר,,,ציטוס בטעם גבינה 80,גרמים,80.00,100 גרם,false,1,5.20,6.50,true,1,
7290106723689,false,תרד בייבי  200 גר,,,תרד בייבי  200 גר,גרמים,200.00,100 גרם,false,1,12.90,6.45,true,1,
7290106725867,false,"סירופ מייפל טבעי יד מרדכי 189 מ""ל",,,סירופ מייפל טבעי יד,מיליליטרים,189.00,"100 מ""ל",false,1,42.90,22.70,true,1,
7290106727984,false,כיף כף גביע פצפצים 135 גרם,,,כיף כף גביע פצפצים 1,גרמים,135.00,100 גרם,false,1,11.90,8.81,true,1,
7290107280020,false,סנו סושי מטליות לחות לנ.כללי עבות שלישיה,,,סנו סושי מטליות לחות,Unknown,0.00,Unknown,false,1,20.90,20.90,true,1,
7290107280105,false,מגבוני אף רכים במיוחד סנו סופט  120 יח,,,מגבוני אף רכים במיוח,Unknown,0.00,Unknown,false,1,7.90,7.90,true,1,
7290107280716,false,מלח למדיח סנו בפארק 2 קג,,,מלח למדיח סנו ספארק,קילוגרמים,0.00,"ק""ג",false,1,15.20,15.20,true,1,
7290107280761,false,ספארק נוזל כלים בניחוח לימון 1 ליטר,,,ספארק נוזל כלים בניח,מיליליטרים,1000.00,"100 מ""ל",false,1,15.40,1.54,true,1,
7290107646062,false,קנור מרק בצל רכיבים טבעיים 400 גרם,,,קנור מרק בצל רכיבים,גרמים,400.00,100 גרם,false,1,27.20,6.80,true,1,
7290107646147,false,מאגדת שוגי קורנפלקס 6 יחידות 156 גרם,,,מאגדת שוגי קורנפלקס,גרמים,156.00,100 גרם,false,1,14.90,9.55,true,1,
7290107649858,false,טילון מגנום לבן 100 גר,,,טילון מגנום לבן 100,גרמים,100.00,100 גרם,false,1,11.90,11.90,true,1,
7290107875820,false,קרוטונים אפויים בתיבול ביתי 180 גרם,,,קרוטונים אפויים בתיב,גרמים,180.00,100 גרם,false,1,14.50,8.06,true,1,
7290107932080,false,חלב מועשר יוטבתה בבקבוק 3% 1 ליטר,,,חלב מועשר יוטבתה בבק,מיליליטרים,1000.00,"100 מ""ל",false,1,7.90,0.79,true,1,
7290107932134,false,חלב מועשר יוטבתה בבקבוק 1% 1 ליטר,,,חלב מועשר יוטבתה בבק,מיליליטרים,1000.00,"100 מ""ל",false,1,7.90,0.79,true,1,
7290107933155,false,לקט סלנובה 200 גר,,,לקט סלנובה 200 גר,גרמים,200.00,100 גרם,false,1,13.90,6.95,true,1,
7290107936309,false,דנונה יווני לבן 5.8% 120 גר,,,דנונה יווני לבן 5.8%,גרמים,120.00,100 גרם,false,1,3.50,2.92,true,1,
7290107936965,false,עיגולים עד חצות עם שוקולד חלב 225 גר,,IL,עיגולים עד חצות עם,גרמים,225.00,100 גרם,false,1,14.80,6.58,true,1,
7290107938396,false,שמיניית אקטימל תות בנים 864 גר,,,שמיניית אקטימל תות 8,גרמים,864.00,100 גרם,false,1,22.70,2.63,true,1,
7290107940467,false,יוגורט אקטיביה 1.5% 200 גר,,,יוגורט אקטיביה 1.5%,גרמים,200.00,100 גרם,false,1,4.10,2.05,true,1,
7290107941259,false,עדשים ירוקות מבושלות,,,עדשים ירוקות מבושלות,גרמים,475.00,100 גרם,false,1,12.90,2.72,true,1,
7290107941266,false,שעועית אדומה מבושלת,,,שעועית אדומה מבושלת,גרמים,475.00,100 גרם,false,1,14.90,3.14,true,1,
7290107941273,false,חומוס מבושל,,,חומוס מבושל,גרמים,475.00,100 גרם,false,1,11.90,2.51,true,1,
7290107942355,false,תפוציפס מקלות בטעם טבעי 60 גרם,,IL,תפוציפס מקלות בטעם ט,גרמים,60.00,100 גרם,false,1,4.90,8.17,true,1,
7290107943369,false,קוואקר שיבולת שועל ללא גלוטן 511 גר,,,קוואקר שיבולת שועל ל,גרמים,511.00,100 גרם,false,1,19.90,3.89,true,1,
7290107944472,false,סימפוניה שום שמיר 5% 200 גר,,,סימפוניה שום שמיר 5%,גרמים,200.00,100 גרם,false,1,12.90,6.45,true,1,
7290107951111,false,בפלות לימון 200 גרם,,,בפלות לימון 200 גרם,גרמים,200.00,100 גרם,false,1,6.20,3.10,true,1,
7290107951715,false,מאסט צנצנת קוביות ענבים 58 גרם,,,מאסט צנצנת קוביות ענ,Unknown,0.00,Unknown,false,1,11.50,11.50,true,1,
7290107956932,false,קפסולות אספרסו אידונזיה למכונות 50 גר,,,קפסולות אספרסו אידונ,גרמים,50.00,100 גרם,false,1,18.90,37.80,true,1,
7290107957229,false,נטיפי שוקולד ציפס מריר 250 גר,,,נטיפי שוקולד ציפס מר,גרמים,130.00,100 גרם,false,1,13.90,10.69,true,1,
7290107973038,false,פלמוליב סבון ידיים אקווריום 300 מל,,,פלמוליב סבון ידיים א,מיליליטרים,300.00,"100 מ""ל",false,1,12.90,4.30,true,1,
7290107973793,false,מנה עגבניות שלמות 400 גר מאסטר שף,,,מנה עגבניות שלמות 40,גרמים,400.00,100 גרם,false,1,7.90,1.98,true,1,
7290107973861,false,מנה עגבניות קצוצות דק שלישיה 400 גר מ.שף,,,מנה עגבניות קצוצות ד,קילוגרמים,0.00,"ק""ג",false,1,18.80,18.80,true,1,
7290107974073,false,מנה עלי טורטיה קמח לבן מ.שף 20 סמ 320 גר,,,מנה עלי טורטיה קמח ל,גרמים,320.00,100 גרם,false,1,11.90,3.72,true,1,
7290107974806,false,"מנה אורז בסמטי 1 ק""ג",,,"מנה אורז בסמטי 1 ק""ג",גרמים,1000.00,100 גרם,false,1,14.90,1.49,true,1,
7290107974813,false,"מנה אורז יסמין 1 ק""ג",,,"מנה אורז יסמין 1 ק""ג",גרמים,1000.00,100 גרם,false,1,13.50,1.35,true,1,
7290107978330,false,מאסטר שף איטריות דקות 400 גר,,,מאסטר שף איטריות דקו,גרמים,400.00,100 גרם,false,1,6.90,1.73,true,1,
7290108350128,false,סנו סושי 40 שקיות אשפה חזקות במיוחד,,,סנו סושי 40 שקיות אש,Unknown,0.00,Unknown,false,1,29.90,29.90,true,1,
7290108350531,false,ספארק נוזל כלים קלאסי+משאבה 1 ל,,,ספארק נוזל כלים קלאס,מיליליטרים,1000.00,"100 מ""ל",false,1,15.40,1.54,true,1,
7290108350685,false,"מנקה למדיח כלים סנו ספארק 250 מ""ל",,,מנקה למדיח כלים סנו,מיליליטרים,250.00,"100 מ""ל",false,1,15.80,6.32,true,1,
7290108351552,false,"מרסס סנו גט +תוספת חומץ 750 מ""ל",,,מרסס סנו גט +תוספת ח,מיליליטרים,750.00,"100 מ""ל",false,1,14.90,1.99,true,1,
7290108351705,false,פניני בישום  fresh linen גר 275,,IL,פניני בישום  fresh l,גרמים,275.00,100 גרם,false,1,26.90,9.78,true,1,
7290108351910,false,טבליות למדיח ספארק 30 יח,,IL,טבליות למדיח ספארק 3,Unknown,0.00,Unknown,false,1,23.90,23.90,true,1,
7290108351958,false,סבון מוצק סנובון אוקיינוס RINGS שלישייה,,IL,סבון מוצק סנובון אוק,Unknown,0.00,Unknown,false,1,16.90,16.90,true,1,
7290108352153,false,גל ניקוי אסלות סנובון לוטוס וסחלב 750 מל,,,סנובון מוצק בניחוח ל,מיליליטרים,0.00,"100 מ""ל",false,1,12.90,12.90,true,1,
7290108352214,false,קפסולות לכביסה סנו מקסימה פרש 40 יח,,IL,קפסולות לכביסה סנו מ,Unknown,0.00,Unknown,false,1,47.50,47.50,true,1,
7290108352252,false,נוזל כלים סנו ספארק ללא בושם וצבע 1 ל,,IL,נוזל כלים סנו ספארק,ליטרים,0.00,ליטר,false,1,15.40,15.40,true,1,
7290108352689,false,סקוטש ברייט סנו סושי 9 יח,,,סקוטש ברייט סנו סושי,Unknown,0.00,Unknown,false,1,12.90,12.90,true,1,
7290108352870,false,שקיות צלייה סנו סושי 10 יח XL,,IL,שקיות צלייה סנו סושי,Unknown,0.00,Unknown,false,1,10.50,10.50,true,1,
7290108352931,false,כפפות סנו סושי L ניטריל 80 יח,,,כפפות סנו סושי L ניט,Unknown,0.00,Unknown,false,1,31.90,31.90,true,1,
7290108353075,false,מפיות סנו סושי גדולות ועבות 50 יח,,IL,מפיות סנו סושי גדולו,יחידה,1.00,יחידה,false,1,13.80,13.80,true,1,
7290108353686,false,סושי מטלית לרצפה חלומית,,IL,סושי מטלית לרצפה חלו,Unknown,0.00,Unknown,false,1,14.50,14.50,true,1,
7290108353723,false,"קרמה תחליב רחצה חימר תה ירוק 500 מ""ל",,IL,קרמה תחליב רחצה חימר,Unknown,0.00,Unknown,false,1,12.90,12.90,true,1,
7290108353839,false,שחורות כפפות סנו סושי M ניטריל 80 יח,,,שחורות כפפות סנו סוש,Unknown,0.00,Unknown,false,1,29.90,29.90,true,1,
7290108353846,false,שחורות כפפות סנו סושי L ניטריל 80 יח,,,שחורות כפפות סנו סוש,Unknown,0.00,Unknown,false,1,29.90,29.90,true,1,
7290108354164,false,"אל סבון כיף שמן קטיפתי שלישייה 3*500 מ""ל",,IL,אל סבון כיף שמן קטיפ,ליטרים,0.00,ליטר,false,1,22.90,22.90,true,1,
7290108354270,false,CALMמרכך כביסה מקסימה מרוכז 1 ל,,,CALMמרכך כביסה מקסימ,מיליליטרים,1000.00,"100 מ""ל",false,1,18.90,1.89,true,1,
7290108354430,false,שמפו כיף לשיקום והזנה שמן קוקוס 700 מל,,IL,שמפו כיף לשיקום והזנ,מיליליטרים,700.00,"100 מ""ל",false,1,13.90,1.99,true,1,
7290108354447,false,מרכך כיף לשיקום והזנה שמן קוקוס 700 מל,,IL,מרכך כיף לשיקום והזנ,מיליליטרים,700.00,"100 מ""ל",false,1,13.90,1.99,true,1,
7290108354911,false,"שמפו וגל רחצה קרמה מן 3 ב-1 700 מ""ל",,IL,שמפו וגל רחצה קרמה מ,מיליליטרים,700.00,"100 מ""ל",false,1,21.90,3.13,true,1,
7290108356526,false,קרוליין 10 שמפו לשיער יבש 700 מל,,IL,קרוליין 10 שמפו לשיע,יחידה,1.00,יחידה,false,1,14.90,14.90,true,1,
7290108356861,false,מגבונים בייבי כיף חמישייה לא מבושם,,,מגבונים בייבי כיף חמ,Unknown,0.00,Unknown,false,1,22.90,22.90,true,1,
7290108357653,false,סנובון שלישיה בניחוח אוקיינוס,,,סנובון שלישיה בניחוח,Unknown,0.00,Unknown,false,1,17.90,17.90,true,1,
7290108357660,false,סנובון שלישיה בניחוח לבנדר,,,סנובון שלישיה בניחוח,Unknown,0.00,Unknown,false,1,17.90,17.90,true,1,
7290108357844,false,כיף אלסבון שקית מילוי + פקק 1 ליטר אצות,,IL,כיף אלסבון שקית מילו,Unknown,0.00,Unknown,false,1,10.90,10.90,true,1,
7290108358087,false,"תחליב רחצה קרמה מאסק 700 מ""ל",,,תחליב רחצה קרמה מאסק,מיליליטרים,700.00,"100 מ""ל",false,1,19.90,2.84,true,1,
7290108359077,false,ממחטות אף סופט לושן 3 שכבות,,IL,ממחטות אף סופט לושן,יחידה,1.00,יחידה,false,1,14.90,14.90,true,1,
7290108500264,false,נתחי טונה בהירה בשמן וילי פוד 95 גר,,TH,נתחי טונה בהירה בשמן,גרמים,95.00,100 גרם,false,1,4.50,4.74,true,1,
7290108500677,false,כבד דג שיבוט בשמן הדג 115 גרם,,,כבד דג שיבוט בשמן הד,גרמים,115.00,100 גרם,false,1,11.90,10.35,true,1,
7290108502329,false,רביעית טונה בשמן זית וילי פוד 4*160 גר,,TH,רביעית טונה בשמן זית,גרמים,640.00,100 גרם,false,1,28.90,4.52,true,1,
7290108502862,false,מלפפונים כבושים במלח 18-25 קטנים  600 גר,,,מלפפונים כבושים במלח,גרמים,600.00,100 גרם,false,1,10.90,1.82,true,1,
7290108505962,false,שזיפים מיובשים וילי פוד 400 גרם,,US,שזיפים מיובשים וילי,גרמים,400.00,100 גרם,false,1,25.90,6.48,true,1,
7290108507645,false,ביסקויט פריך בשוקולד מריר 100 גרם,,TR,ביסקויט פריך בשוקולד,גרמים,100.00,100 גרם,false,1,6.90,6.90,true,1,
7290108507652,false,ביסקויט פריך בשוקולד לבן 100 גרם,,TR,ביסקויט פריך בשוקולד,גרמים,100.00,100 גרם,false,1,6.90,6.90,true,1,
7290108507911,false,קינואה עם טונה וירקות  160 גרם,,TR,קינואה עם טונה וירקו,גרמים,160.00,100 גרם,false,1,13.50,8.44,true,1,
7290108509250,false,"אנטיפסטי ארטישוק בשמן חמניות  380מ""ל",,,אנטיפסטי ארטישוק בשמ,מיליליטרים,380.00,"100 מ""ל",false,1,25.10,6.61,true,1,
7290108509649,false,זיתי קלמטה מגולענים 780 גרם,,TR,זיתי קלמטה מגולענים,גרמים,780.00,100 גרם,false,1,20.80,2.67,true,1,
7290108509700,false,"אורז פרסי 1 ק""ג DAAWAT",,IN,"אורז פרסי 1 ק""ג DAAW",גרמים,1000.00,100 גרם,false,1,11.40,1.14,true,1,
7290109351025,false,מלך חומוס חומוסטחינה צבר 400 גר,,,מלך חומוס חומוסטחינה,גרמים,400.00,100 גרם,false,1,17.60,4.40,true,1,
7290109351971,false,פיטנס בר פריכיות שוקולד חלב 84 גרם,,,פיטנס בר פריכיות שוק,גרמים,84.00,100 גרם,false,1,15.90,18.93,true,1,
7290109352916,false,פיטנס בר פריכיות שוקולד לבן 84 גרם,,,פיטנס בר פריכיות שוק,גרמים,84.00,100 גרם,false,1,15.90,18.93,true,1,
7290109353494,false,פרפקטו פארפאלה  500 גרם,,,פרפקטו פארפאלה  500,גרמים,500.00,100 גרם,false,1,8.30,1.66,true,1,
7290109358765,false,קראנץ רולס 450 גרם,,,קראנץ רולס 450 גרם,גרמים,450.00,100 גרם,false,1,27.90,6.20,true,1,
7290109640198,false,מגורדת לפיצה ואפיה 20% שומן משומשו 200 ג,,IL,מגורדת לפיצה ואפיה 2,גרמים,200.00,100 גרם,false,1,22.90,11.45,true,1,
7290109640372,false,ממרח זיתים בסיס רכיבי קוקוס 200 גר,,IL,ממרח זיתים בסיס רכיב,גרמים,200.00,100 גרם,false,1,17.90,8.95,true,1,
7290109920597,false,"מרסס למקלחון אסטוניש 750 מ""ל",,,מרסס למקלחון אסטוניש,מיליליטרים,750.00,"100 מ""ל",false,1,19.90,2.65,true,1,
7290110110369,false,שישיית בירה קרלסברג LUMA בקבוק 330 מל,,IL,שישיית בירה קרלסברג,מיליליטרים,1980.00,"100 מ""ל",false,1,39.90,2.02,true,1,
7290110110659,false,"ספרייט סליק חדש 330 מ""ל",,,ספרייט סליק חדש 330,מיליליטרים,330.00,"100 מ""ל",false,1,5.90,1.79,true,1,
7290110111557,false,פאוורייד משקה ספורט איזוט בטעם פירות 500,,,פאוור אייד מאונטן בל,מיליליטרים,500.00,"100 מ""ל",false,1,12.90,2.58,true,1,
7290110111564,false,פאוורייד משקה ספורט איזוט הדרים ליים 500,,,פאוורייד משקה ספורט,מיליליטרים,500.00,"100 מ""ל",false,1,12.90,2.58,true,1,
7290110113261,false,נקטר אושן ספריי חמוציות 19 קלוריות 1 ל,,,נקטר אושן ספריי חמוצ,מיליליטרים,1000.00,"100 מ""ל",false,1,13.90,1.39,true,1,
7290110113421,false,בירה קרלסברג LUMA בקבוק 330 מל,,IL,בירה קרלסברג LUMA בק,מיליליטרים,330.00,"100 מ""ל",false,1,7.90,2.39,true,1,
7290110114787,false,מים נביעות  בטעם תפו,,IL,מים נביעות  בטעם תפו,ליטרים,0.00,ליטר,false,1,10.40,10.40,true,1,
7290110114794,false,מים נביעות 1.5 ליטר,,IL,מים נביעות 1.5 ליטר,ליטרים,0.00,ליטר,false,1,10.40,10.40,true,1,
7290110114800,false,מים נביעות בטעם ענבי,,IL,מים נביעות בטעם ענבי,ליטרים,0.00,ליטר,false,1,10.40,10.40,true,1,
7290110114855,false,שישיית מים נביעות,,IL,שישיית מים נביעות,ליטרים,0.01,ליטר,false,1,13.90,1390.00,true,1,
7290110114893,false,פריגת סחוט טרי תפוז 2 ליטר,,,פריגת סחוט טרי תפוז,ליטרים,0.00,ליטר,false,1,32.90,32.90,true,1,
7290110114909,false,פריגת טרי תפוח צלול 2 ליטר,,,פריגת טרי תפוח צלול,ליטרים,0.00,ליטר,false,1,32.90,32.90,true,1,
7290110114916,false,פריגת סחוט לימון נענע 2 ליטר,,,פריגת סחוט לימון נענ,ליטרים,0.00,ליטר,false,1,32.90,32.90,true,1,
7290110114954,false,מיץ תפוזים מתקתק 100% 2 ליטר,,,מיץ תפוזים מתקתק 100,ליטרים,0.00,ליטר,false,1,26.90,26.90,true,1,
7290110114985,false,פריגת אשכוליות 1.5 ל,,IL,פריגת אשכוליות 1.5 ל,ליטרים,0.00,ליטר,false,1,9.90,9.90,true,1,
7290110115029,false,פריגת תפוחים 1.5 ליט,,IL,פריגת תפוחים 1.5 ליט,ליטרים,0.00,ליטר,false,1,9.90,9.90,true,1,
7290110115036,false,פריגת מנגו 1.5 ליטר,,IL,פריגת מנגו 1.5 ליטר,ליטרים,0.00,ליטר,false,1,9.90,9.90,true,1,
7290110115043,false,פריגת לימונענע 1.5 ל,,IL,פריגת לימונענע 1.5 ל,ליטרים,0.00,ליטר,false,1,9.90,9.90,true,1,
7290110115050,false,פריגת מיקס תות בננה,,IL,פריגת מיקס תות בננה,ליטרים,0.00,ליטר,false,1,9.90,9.90,true,1,
7290110115203,false,קוקה קולה 1.5 ליטר,,IL,קוקה קולה 1.5 ליטר,ליטרים,0.00,ליטר,false,1,9.20,9.20,true,1,
7290110115227,false,קוקה קולה  1.5 ליטר,,IL,קוקה קולה  1.5 ליטר,ליטרים,0.00,ליטר,false,1,9.50,9.50,true,1,
7290110115289,false,ספרייט לימון- נענע 1,,IL,ספרייט לימון- נענע 1,ליטרים,0.00,ליטר,false,1,9.00,9.00,true,1,
7290110115296,false,פאנטה אורנג 1.5 ליטר,,IL,פאנטה אורנג 1.5 ליטר,ליטרים,0.00,ליטר,false,1,10.00,10.00,true,1,
7290110115364,false,קוקה קולה שישייה 1.5,,IL,קוקה קולה שישייה 1.5,ליטרים,0.01,ליטר,false,1,52.90,5290.00,true,1,
7290110115401,false,קינלי סודה  שישייה 1,,IL,קינלי סודה  שישייה 1,ליטרים,0.01,ליטר,false,1,16.70,1670.00,true,1,
7290110115463,false,תה פיוז אפרסק 1.5 לי,,IL,תה פיוז אפרסק 1.5 לי,ליטרים,0.00,ליטר,false,1,9.90,9.90,true,1,
7290110115494,false,תה פיוז ענבים 1.5 לי,,IL,תה פיוז ענבים 1.5 לי,ליטרים,0.00,ליטר,false,1,9.90,9.90,true,1,
7290110115593,false,פריגת אשכוליות 19 קל,,IL,פריגת אשכוליות 19 קל,ליטרים,0.00,ליטר,false,1,8.70,8.70,true,1,
7290110115661,false,"תה פיוז  זירו אפרסק 500 מ""ל",,,תה פיוז  זירו אפרסק,מיליליטרים,500.00,"100 מ""ל",false,1,8.80,1.76,true,1,
7290110115777,false,נביעות 1.5 ליטר,,,נביעות 1.5 ליטר,ליטרים,0.00,ליטר,false,1,3.90,3.90,true,1,
7290110115845,false,קוקה קולה 1.5 ליטר,,,קוקה קולה 1.5 ליטר,ליטרים,0.00,ליטר,false,1,9.20,9.20,true,1,
7290110115852,false,קוקה קולה דיאט 1.5 ליטר,,,קוקה קולה דיאט 1.5 ל,ליטרים,0.00,ליטר,false,1,9.20,9.20,true,1,
7290110115869,false,קוקה קולה  1.5 ליטר ZERO,,IL,קוקה קולה  1.5 ליטר,ליטרים,0.00,ליטר,false,1,9.50,9.50,true,1,
7290110115876,false,קינלי סודה 1.5 ליטר,,,קינלי סודה 1.5 ליטר,ליטרים,0.00,ליטר,false,1,3.30,3.30,true,1,
7290110115975,false,קוקה ZERO  ליטר,,,קוקה קולה זירו 1 ליט,מיליליטרים,1000.00,"100 מ""ל",false,1,7.50,0.75,true,1,
7290110116552,false,ספרייט למון היט 1.5 ליטר,,IL,ספרייט למון היט 1.5,ליטרים,0.00,ליטר,false,1,9.00,9.00,true,1,
7290110116569,false,ספרייט ZERO בקבוק 1.5 ליטר,,IL,ספרייט ZERO בקבוק 1.,ליטרים,0.00,ליטר,false,1,8.90,8.90,true,1,
7290110320850,false,פתיתי עמק 200 גר,,,פתיתי עמק 200 גר,גרמים,200.00,100 גרם,false,1,17.90,8.95,true,1,
7290110320935,false,פרוסות מוצרלה 150 גר,,,פרוסות מוצרלה 150 גר,גרמים,150.00,100 גרם,false,1,19.50,13.00,true,1,
7290110321604,false,קוביות בולגרית מעודנת 5% 200 גר,,IL,קוביות בולגרית 5% מע,גרמים,200.00,100 גרם,false,1,24.50,12.25,true,1,
7290110321703,false,יופלה GO פירות יער 200 מל,,,יופלה GO פירות יער 2,מיליליטרים,200.00,"100 מ""ל",false,1,6.20,3.10,true,1,
7290110322014,false,טופו טבעי 300 גר,,,טופו טבעי 300 גר,גרמים,300.00,100 גרם,false,1,12.90,4.30,true,1,
7290110322021,false,טופו בזיליקום 300 גר,,,טופו בזיליקום 300 גר,גרמים,300.00,100 גרם,false,1,12.90,4.30,true,1,
7290110322038,false,טופו פיקנטי 300 גר,,,טופו פיקנטי 300 גר,גרמים,300.00,100 גרם,false,1,12.90,4.30,true,1,
7290110323301,false,גבינה טל העמק 32% 200 גר,,IL,גבינה טל העמק 32% 20,גרמים,200.00,100 גרם,false,1,20.90,10.45,true,1,
7290110323585,false,יוגורט עם דובדבן מופחת שומן 200 מל GO,,IL,יוגורט עם דובדבן מופ,מיליליטרים,200.00,"100 מ""ל",false,1,6.20,3.10,true,1,
7290110323714,false,משקה קוקוס שקדים 1 ליטר,,IL,משקה קוקוס שקדים 1 ל,מיליליטרים,1000.00,"100 מ""ל",false,1,14.90,1.49,true,1,
7290110324070,false,גבינת חלומי מחלב בקר 22% 200 גר,,,חלומי מחלב בקר 22%,גרמים,200.00,100 גרם,false,1,21.90,10.95,true,1,
7290110324353,false,יופלה אננס לייט 200 מל GO,,IL,יופלה גו אננס לייט,מיליליטרים,200.00,"100 מ""ל",false,1,6.20,3.10,true,1,
7290110324711,false,ממרח סויה טבעי 9% 250 גר,,IL,ממרח סויה טבעי 9% 25,גרמים,250.00,100 גרם,false,1,11.00,4.40,true,1,
7290110324728,false,ממרח סויה שום שמיר 9% 250 גר,,IL,ממרח סויה שום שמיר 9,גרמים,250.00,100 גרם,false,1,11.00,4.40,true,1,
7290110324858,false,מעדן שקדים בטעם אגוזי לוז 125 גרם,,IL,מעדן שקדים בטעם אגוז,גרמים,125.00,100 גרם,false,1,5.30,4.24,true,1,
7290110324872,false,גלבוע 5% 200 גרם,,,גלבוע 5% 200 גרם,גרמים,200.00,100 גרם,false,1,18.50,9.25,true,1,
7290110324926,false,משקה סויה ללא תוספת סוכר 1 ליטר,,,משקה סויה ללא תוספת,מיליליטרים,1000.00,"100 מ""ל",false,1,12.50,1.25,true,1,
7290110325114,false,משקה יוגורט גו לייט תות בננה 250 מל,,IL,משקה יוגורט גו לייט,מיליליטרים,250.00,"100 מ""ל",false,1,6.90,2.76,true,1,
7290110325305,false,מעדן סויה גו 20 גר חלבון במתיקות  מעודנת,,IL,מעדן סויה גו 200 גרם,גרמים,200.00,100 גרם,false,1,6.20,3.10,true,1,
7290110325312,false,מעדן סויה גו 20 גר חלבון תות 200 גר,,IL,מעדן סויה גו 20 גר ח,גרמים,200.00,100 גרם,false,1,6.20,3.10,true,1,
7290110325619,false,מאגדת זוג משקה שקדים 2*1 ליטר,,IL,משקה שיבולת שועל 1 ל,ליטרים,0.00,ליטר,false,1,14.90,14.90,true,1,
7290110325701,false,גבינת פיראוס יווני 9% שומן על בסיס יוגור,,,גבינת פיראוס יווני 9,גרמים,250.00,100 גרם,false,1,14.60,5.84,true,1,
7290110325879,false,פתיתי גאודה 200 גרם,,IL,פתיתי גאודה 200 גרם,גרמים,200.00,100 גרם,false,1,19.90,9.95,true,1,
7290110325893,false,"אייס קפה  GO 340 מ""ל",,IL,"אייס קפה GO 340 מ""ל",גרמים,340.00,100 גרם,false,1,8.90,2.62,true,1,
7290110326227,false,יופלה און טופ קורנפלקס 157 גרם,,,יופלה און טופ קורנפל,גרמים,157.00,100 גרם,false,1,5.80,3.69,true,1,
7290110326333,false,גבינה סקנדינבית פרוסות 170 גרם,,IL,גבינה סקנדינבית פרוס,גרמים,170.00,100 גרם,false,0,20.90,12.29,true,1,
7290110327064,false,משקה קפה שיבולת שועל 1 ליטר,,,משקה קפה שיבולת שועל,מיליליטרים,1000.00,"100 מ""ל",false,1,14.90,1.49,true,1,
7290110327514,false,משקה שיבולת שועל בטעם אגוזי לוז 1 ליטר,,,משקה שיבולת שועל בטע,מיליליטרים,1000.00,"100 מ""ל",false,1,14.90,1.49,true,1,
7290110328627,false,יוגורט סמיך בננה קרמל 0% 200 מל GO,,,יוגורט גו סמיך בננה,מיליליטרים,200.00,"100 מ""ל",false,1,6.20,3.10,true,1,
7290110328764,false,יוגורט סמיך תות 0% 200 מל GO,,,יוגורט גו סמיך תות,מיליליטרים,200.00,"100 מ""ל",false,1,6.20,3.10,true,1,
7290110328788,false,יוגורט סמיך אפרסק 0% 200 מל GO,,,יוגורט גו סמיך אפרסק,מיליליטרים,200.00,"100 מ""ל",false,1,6.20,3.10,true,1,
7290110329136,false,מעדן חלב go בטעם שוקולד 12 ג חלבון 120 ג,,,מעדן חלב go בטעם שוק,גרמים,120.00,100 גרם,false,1,5.40,4.50,true,1,
7290110329143,false,מעדן חלב go בטעם וניל 12 ג חלבון 120 גרם,,,מעדן חלב go בטעם וני,גרמים,120.00,100 גרם,false,1,5.40,4.50,true,1,
7290110329266,false,יוגורט תנובה מחלב עיזים מלא 150 גרם,,,יוגורט תנובה מחלב עי,גרמים,150.00,100 גרם,false,1,6.90,4.60,true,1,
7290110329426,false,טופו טבעי 250 גרם עם רוטב קר alternative,,,טופו טבעי 250 גרם עם,ליטרים,0.31,ליטר,false,1,14.90,48.06,true,1,
7290110329433,false,טופו טבעי 250 גרם עם רוטב סצוalternative,,,טופו טבעי 250 גרם עם,ליטרים,0.31,ליטר,false,1,14.90,48.06,true,1,
7290110329686,false,"משקה חלב גו בטעם עוגיות 340 מ""ל",,,משקה חלב גו בטעם עוג,מיליליטרים,340.00,"100 מ""ל",false,1,8.90,2.62,true,1,
7290110329792,false,סויה BIO אפרסק גביע Alternative 150 גרם,,IL,סויה BIO אפרסק גביע,גרמים,150.00,100 גרם,false,1,5.10,3.40,true,1,
7290110329808,false,סויה BIO תות גביע 150 גרם Alternative,,IL,סויה BIO תות גביע 15,גרמים,150.00,100 גרם,false,1,5.10,3.40,true,1,
7290110329822,false,מעדן סויה ביו פירות יער alternative 150,,IL,מעדן סויה ביו פירות,גרמים,150.00,100 גרם,false,1,5.10,3.40,true,1,
7290110329846,false,סויה BIO טבעי גביע Alternative 150 גרם,,IL,סויה BIO טבעי גביע A,גרמים,150.00,100 גרם,false,1,5.10,3.40,true,1,
7290110550226,false,מטבעות שוקולד מריר לאפיה  400 גר,,IT,מטבעות שוקולד מריר ל,גרמים,400.00,100 גרם,false,1,35.90,8.98,true,1,
7290110552220,false,דנונה פרו תות 20 ג חלבון ללא סוכר 200 גר,,,דנונה פרו תות 20 ג ח,גרמים,200.00,100 גרם,false,1,6.20,3.10,true,1,
7290110553098,false,אנרגי מיקס צימוקים אגוזים וש. חלב 100 גר,,,אנרגי מיקס צימוקים א,גרמים,100.00,100 גרם,false,1,19.90,19.90,true,1,
7290110553210,false,בוטנים הוט באפלו ווינגס סבבה עלית 50 גר,,IL,בוטנים הוט באפלו ווי,גרמים,50.00,100 גרם,false,1,3.30,6.60,true,1,
7290110553623,false,ציטוס קראנץ צדר חלפיניו 80 גר,,IL,ציטוס קראנץ צדר חלפי,גרמים,80.00,100 גרם,false,1,4.90,6.13,true,1,
7290110554477,false,קפסולת אספרסו לאפוגטו טעם מייפל פקאן 50ג,,IL,קפסולת אספרסו לאפוגט,גרמים,50.00,100 גרם,false,1,18.90,37.80,true,1,
7290110554699,false,"קפסולות שת""פ קפה עולה נספרסו 50 גר",,,"קפסולות שת""פ קפה עול",גרמים,50.00,100 גרם,false,1,19.90,39.80,true,1,
7290110554705,false,"קפסולות שת""פ קפה יוניקו  נספרסו 50 גר",,,"קפסולות שת""פ קפה יונ",גרמים,50.00,100 גרם,false,1,19.90,39.80,true,1,
7290110557102,false,מעדן חלב עם שוקולד מועשר בחלבון 150 גרם,,IL,מעדן חלב עם שוקולד,גרמים,150.00,100 גרם,false,1,5.50,3.67,true,1,
7290110557133,false,מעדן הגולן וניל 125 גרם,,IL,מעדן הגולן וניל 125,גרמים,125.00,100 גרם,false,1,3.20,2.56,true,1,
7290110558314,false,דנונה פרו פיסטוק 20 ג ללא סוכר 200 ג,,,דנונה פרו פיסטוק 20,גרמים,200.00,100 גרם,false,1,5.90,2.95,true,1,
7290110559014,false,שעועית שחורה 380 גר שטראוס טעם הטבע,,,שעועית שחורה 380 גר,גרמים,380.00,100 גרם,false,1,7.50,1.97,true,1,
7290110561352,false,דנונה דל לקטוז 200 גרם,,,דנונה דל לקטוז,גרמים,200.00,100 גרם,false,1,3.70,1.85,true,1,
7290110563431,false,משקה קפה קר 1.6% קלאסי 230 מל,אנסטל מילק,AT,משקה קפה קר 1.6% קלא,מיליליטרים,230.00,"100 מ""ל",false,1,8.90,3.87,true,1,
7290110563462,false,חלב נטול לקטוז 2% בבקבוק 1 ליטר,,IL,חלב נטול לקטוז 2% בב,ליטרים,0.00,ליטר,false,1,9.20,9.20,true,1,
7290110564339,false,חומוס עשיר ב-30% טחינה אל ארז 400 גר,,,חומוס עשיר ב-30% טחי,גרמים,400.00,100 גרם,false,1,15.60,3.90,true,1,
7290110564360,false,חומוס עשיר ב-40% טחינה 400 גר,,,חומוס עשיר ב-40% טחי,גרמים,400.00,100 גרם,false,1,15.60,3.90,true,1,
7290110565527,false,דנונה פרו 20 גרם חלבון 1.5% 200 גר,,,דנונה פרו 20 גרם חלב,גרמים,200.00,100 גרם,false,1,6.20,3.10,true,1,
7290110566623,false,קפסולות קולומביה 08 למכונות נספרסו 50 גר,,IL,קפסולות קולומביה 08,גרמים,50.00,100 גרם,false,1,18.90,37.80,true,1,
7290110566975,false,דנונה פרו תות 20 גרם 12 יח,,,דנונה פרו תות 20 גרם,גרמים,200.00,100 גרם,false,1,6.20,3.10,true,1,
7290110571375,false,אנרגי מיקס צימוקים תמרים טופי ופקאן 100,,,אנרגי מיקס צימוקים ת,גרמים,100.00,100 גרם,false,1,19.90,19.90,true,1,
7290110571382,false,מעדן חלב בטעם וניל מועשר בחלבון 150 גרם,,IL,מעדן חלב בטעם וניל מ,גרמים,150.00,100 גרם,false,1,5.50,3.67,true,1,
7290110572884,false,קפסולות 20 למכונות NESPRESSO,,,קפסולות 20 למכונות N,גרמים,50.00,100 גרם,false,1,18.90,37.80,true,1,
7290110572969,false,כיף כף פצפצים קרם לבן 40 גר,,,כיף כף פצפצים קרם לב,גרמים,40.00,100 גרם,false,1,6.30,15.75,true,1,
7290110576318,false,מארז שלישיית אגוז לבן  3*100 גר,,,מארז שלישיית אגוז לב,גרמים,300.00,100 גרם,false,1,26.90,8.97,true,1,
7290110576387,false,מארז שלישיית אגוז חלב  3*100 גר,,FR,מארז שלישיית אגוז חל,גרמים,300.00,100 גרם,false,1,27.90,9.30,true,1,
7290111340178,false,מטל.לחות לניקוי כללי בנ.מרכך כביסה 50 יח,,,מטל.לחות לניקוי כללי,Unknown,0.00,Unknown,false,1,15.60,15.60,true,1,
7290111340185,false,מטליות לחות לנ.רצפה בנ.מרכך כביסה 10 יח,,,מטליות לחות לנ.רצפה,Unknown,0.00,Unknown,false,1,14.90,14.90,true,1,
7290111341373,false,לילי נייר פסטל 30 גלילים,,,לילי נייר פסטל 30 גל,מטרים,588.00,מטר,false,1,35.90,0.06,true,1,
7290111343858,false,מטליות לחות ניקול לרצפה אנטיבקטריאלי 10,,IL,מטליות לחות ניקול לר,Unknown,0.00,Unknown,false,1,15.90,15.90,true,1,
7290111344206,false,מגבוני האגיס רביעייה  מבושם,,,מגבוני האגיס רביעייה,Unknown,0.00,Unknown,false,1,24.90,24.90,true,1,
7290111345814,false,לילי נייר טואלט נטורל קר 30 גלילים,,,לילי נייר טואלט נטור,מטרים,588.00,מטר,false,1,43.90,0.07,true,1,
7290111350665,false,דבש לחיץ קליית גת 350 גר,,,דבש לחיץ קליית גת 35,גרמים,350.00,100 גרם,false,1,25.10,7.17,true,1,
7290111350726,false,חטיף נאצוס הוטפופ בסגנון מקסיקני 322 גר,,US,חטיף נאצוס הוטפופ בס,גרמים,322.00,100 גרם,false,1,17.90,5.56,true,1,
7290111564666,false,כדורי בשר מן הצומח טבעול 500 גר,,,כדורי בשר מן הצומח ט,גרמים,500.00,100 גרם,false,1,38.50,7.70,true,1,
7290111566240,false,שניצל דק  בטעם צילי חריף טבעול 564 גר,,,שניצל דק  בטעם צילי,גרמים,564.00,100 גרם,false,1,38.50,6.83,true,1,
7290111566271,false,חטיפי תירס טבעול 657 גר,,,חטיפי תירס טבעול 657,גרמים,657.00,100 גרם,false,1,34.90,5.31,true,1,
7290111566318,false,שניצל דק טבעול 564 גר,,,שניצל דק טבעול 564 ג,גרמים,564.00,100 גרם,false,1,34.90,6.19,true,1,
7290111566332,false,נקניקיות וינר צמחוניות טבעול 680 גר,,,נקניקיות וינר צמחוני,גרמים,680.00,100 גרם,false,1,38.50,5.66,true,1,
7290111566547,false,חזה בגריל צמחוני טבעול 560 גר,,,חזה בגריל צמחוני טבע,גרמים,560.00,100 גרם,false,1,34.90,6.23,true,1,
7290111566561,false,שניצל ברוקולי 99 קלוריות טבעול 560 גר,,,שניצל ברוקולי 99 קלו,גרמים,560.00,100 גרם,false,1,38.50,6.88,true,1,
7290111566585,false,שניצל צמחוני 99 קלוריות טבעול 650 גר,,,שניצל צמחוני 99 קלור,גרמים,650.00,100 גרם,false,1,38.50,5.92,true,1,
7290111566691,false,שניצל תרד 99 קלוריות טבעול 560 גר,,,שניצל תרד 99 קלוריות,גרמים,560.00,100 גרם,false,1,38.50,6.88,true,1,
7290111566714,false,המבורגר צמחוני 99 קלוריות טבעול 600 גר,,,המבורגר צמחוני 99 קל,גרמים,600.00,100 גרם,false,1,38.50,6.42,true,1,
7290111568206,false,ביסלי פארטי מיקס 150 גרם,,,ביסלי פארטי מיקס 150,גרמים,150.00,100 גרם,false,1,9.90,6.60,true,1,
7290111568961,false,בייגלה טבעות מלח 400 גרם,,,בייגלה טבעות מלח 400,גרמים,400.00,100 גרם,false,1,13.90,3.48,true,1,
7290111930928,false,חטיף פוף לבבות גריל 40 גרם,,,חטיף פוף לבבות גריל,גרמים,40.00,100 גרם,false,1,4.60,11.50,true,1,
7290111936296,false,סבון נוזלי פלמוליב ארומה סנסיישן מסאג750,,TR,סבון נוזלי פלמוליב א,מיליליטרים,750.00,"100 מ""ל",false,1,21.90,2.92,true,1,
7290112004208,false,פיניש טבליות הכל ב-1 50 יח,,PL,פיניש טבליות הכל ב-1,Unknown,0.00,Unknown,false,1,52.50,52.50,true,1,
7290112192875,false,מש.שיניים סנסודיין רגישות בחניכיים 75 מל,,GB,מש.שיניים סנסודיין ר,מיליליטרים,75.00,"100 מ""ל",false,1,39.90,53.20,true,1,
7290112197139,false,"סטייל אל סבון תה אדום  500 מ""ל",,,סטייל אל סבון תה אדו,יחידה,1.00,יחידה,false,1,9.90,9.90,true,1,
7290112197207,false,מיני כריות שוקולד חלב 65 גר G FREE,,,מיני כריות שוקולד חל,גרמים,65.00,100 גרם,false,1,7.90,12.15,true,1,
7290112330352,false,דנונה פרו וניל 20 גרם חלבון 0% 200 גר,,IL,דנונה פרו וניל 20 גר,גרמים,200.00,100 גרם,false,1,6.20,3.10,true,1,
7290112330390,false,דנונה פרו פירות יער 20 גרם חלבון 0% 200ג,,IL,דנונה פרו פירות יער,גרמים,200.00,100 גרם,false,1,6.20,3.10,true,1,
7290112332691,false,עוגיית קרם פסק זמן אגוזים 200 גרם,,IL,עוגיית קרם פסק זמן א,גרמים,200.00,100 גרם,false,1,12.90,6.45,true,1,
7290112332899,false,צנצנת בזוקה פופים קלאסי 58 גר,,IL,צנצנת בזוקה פופים קל,גרמים,58.00,100 גרם,false,1,11.50,19.83,true,1,
7290112334749,false,קפה עלית טורקי 200 גרם + 10% תוספת,,,קפה עלית טורקי 200 ג,גרמים,220.00,100 גרם,false,1,17.90,8.14,true,1,
7290112336644,false,"סוכריות מאסט לל""ס לימון 80 גר",,PL,"סוכריות מאסט לל""ס לי",גרמים,80.00,100 גרם,false,1,10.90,13.63,true,1,
7290112336712,false,דנונה פרו 21 גרם חלבון 0% 200 גר,,IL,דנונה פרו 21 גרם חלב,גרמים,200.00,100 גרם,false,1,6.20,3.10,true,1,
7290112337474,false,"סוכריות מאסט לל""ס פטל לימון 80 גר",,PL,"סוכריות מאסט לל""ס פט",גרמים,80.00,100 גרם,false,1,10.90,13.63,true,1,
7290112337481,false,"סוכריות מאסט לל""ס קפוצינו 80 גר",,PL,"סוכריות מאסט לל""ס קפ",גרמים,80.00,100 גרם,false,1,10.90,13.63,true,1,
7290112339867,false,גמדים סקוויז תות 100 גר,,IL,גמדים סקוויז תות 100,גרמים,100.00,100 גרם,false,1,6.50,6.50,true,1,
7290112339874,false,גמדים סקוויז תות בננה 100 גר,,IL,גמדים סקוויז תות,גרמים,100.00,100 גרם,false,1,6.50,6.50,true,1,
7290112341679,false,יוגורט אקטיביה  3% 200 גר,,IL,יוגורט אקטיביה  3% 2,גרמים,200.00,100 גרם,false,1,4.10,2.05,true,1,
7290112343420,false,"משקה חלב עם דגנים ובננה 350 מ""ל",,IL,משקה חלב עם דגנים וב,מיליליטרים,350.00,"100 מ""ל",false,1,8.50,2.43,true,1,
7290112343499,false,ציטוס 55 גרם 48 יחידות  puffs,,,ציטוס 55 גרם 48 יחיד,גרמים,55.00,100 גרם,false,1,4.90,8.91,true,1,
7290112343512,false,ציטוס  160 גרם 9 יחידות puffs,,,ציטוס  160 גרם 9 יחי,גרמים,160.00,100 גרם,false,1,8.90,5.56,true,1,
7290112346537,false,עוגיות פינוקיות בטעם טורטית 200 גר,,IL,עוגיות פינוקיות בטעם,גרמים,200.00,100 גרם,false,1,12.90,6.45,true,1,
7290112347008,false,גמדים סקוויז תות בננה 100 גר,,IL,גמדים סקוויז תות בננ,גרמים,100.00,100 גרם,false,1,6.20,6.20,true,1,
7290112348142,false,שעועית לבנה טעם הטבע קופסה 380 גר,,IT,שעועית לבנה טעם הטבע,גרמים,380.00,100 גרם,false,1,7.50,1.97,true,1,
7290112349316,false,מסטיק בזוקה ביג פופים בטעם תות 86 גר,,DE,מסטיק בזוקה ביג פופי,גרמים,86.00,100 גרם,false,1,16.70,19.42,true,1,
7290112349705,false,רוטב עגבניות לפסטה קלאסי פומודורו 350 גר,,IT,רוטב עגבניות לפסטה ק,גרמים,350.00,100 גרם,false,1,13.90,3.97,true,1,
7290112349736,false,רוטב עגבניות לפסטה בזיליקום יד מרדכי 350,,IT,רוטב עגבניות לפסטה ב,גרמים,350.00,100 גרם,false,1,13.90,3.97,true,1,
7290112354945,false,תפוציפס טבעי 50 גר WAVY,,IL,תפוציפס טבעי 50 גר W,גרמים,50.00,100 גרם,false,1,4.90,9.80,true,1,
7290112355027,false,דנונה פרו 20 גרם חלבון קרמל מלוח 200 גרם,,,דנונה פרו 20 גרם חלב,גרמים,200.00,100 גרם,false,1,6.20,3.10,true,1,
7290112355102,false,גמדים פאוץ סלט פירות 100 גר,,IL,גמדים פאוץ סלט פירות,גרמים,100.00,100 גרם,false,1,6.50,6.50,true,1,
7290112357113,false,גרגרי חומוס טעם הטבע קופסה 380 גר,,IT,גרגרי חומוס טעם הטבע,גרמים,380.00,100 גרם,false,1,7.50,1.97,true,1,
7290112358219,false,רוטב צילי מתוק יד מרדכי 300 גר,,,רוטב צילי מתוק יד מר,גרמים,300.00,100 גרם,false,1,14.90,4.97,true,1,
7290112490032,false,מרק קנור נמס בכוס תירס  45 גרם,,IL,מרק קנור נמס בכוס תי,גרמים,45.00,100 גרם,false,1,8.50,18.89,true,1,
7290112490117,false,טבלת קליק שוקולד חלב עם אגוזים 85 גר,,,טבלת קליק שוקולד חלב,גרמים,85.00,100 גרם,false,1,7.90,9.29,true,1,
7290112490230,false,מרק נמס בכוס אפונה 50 גרם,,IL,מרק נמס בכוס אפונה 5,גרמים,50.00,100 גרם,false,1,8.50,17.00,true,1,
7290112490735,false,מרק עגבניות עם פסטה 100% רכיבים טבעיים,,IL,מרק עגבניות עם פסטה,גרמים,105.00,100 גרם,false,1,14.90,14.19,true,1,
7290112491701,false,ברנפלקס אקסטרה פרוטאין 375 גרם,,IL,ברנפלקס אקסטרה פרוטא,גרמים,375.00,100 גרם,false,1,25.90,6.91,true,1,
7290112491787,false,בייגלה דקים דקים שומשום קלאסי 300 גרם,,,בייגלה דקים דקים שומ,גרמים,300.00,100 גרם,false,1,13.90,4.63,true,1,
7290112492449,false,"שמפו פינוק לשיער רגיל 700 מ""ל",,IL,שמפו פינוק לשיער רגי,מיליליטרים,700.00,"100 מ""ל",false,1,13.90,1.99,true,1,
7290112492593,false,תחליב רחצה פינוק בניחוח פינוק קלאסי 700,,IL,תחליב רחצה פינוק בני,מיליליטרים,700.00,"100 מ""ל",false,1,15.90,2.27,true,1,
7290112493095,false,מרק קנור נמס בכוס עגבניות חריף 48 גרם,,,מרק קנור נמס בכוס עג,גרמים,48.00,100 גרם,false,1,8.50,17.71,true,1,
7290112493293,false,מרק קנור נמס בכוס ירקות 44 גרם,,,מרק קנור נמס בכוס יר,גרמים,44.00,100 גרם,false,1,8.50,19.32,true,1,
7290112494016,false,מיונז מופחת שומן 500 גרם,,,מיונז מופחת שומן 500,גרמים,500.00,100 גרם,false,1,12.90,2.58,true,1,
7290112494221,false,קליק ביסקוויט 65 גרם,,,קליק ביסקוויט 65 גרם,גרמים,65.00,100 גרם,false,1,6.90,10.62,true,1,
7290112494238,false,קליק כדורי חלב 65 גרם,,,קליק כדורי חלב 65 גר,גרמים,65.00,100 גרם,false,1,6.90,10.62,true,1,
7290112494276,false,קליק כריות 65 גר,,,קליק כריות 65 גר,גרמים,65.00,100 גרם,false,1,7.90,12.15,true,1,
7290112494283,false,קליק חום לבן 65 גרם,,,קליק חום לבן 65 גרם,גרמים,65.00,100 גרם,false,1,6.90,10.62,true,1,
7290112494313,false,קליק קורנפלקס 65 גרם,,,קליק קורנפלקס 65 גרם,גרמים,65.00,100 גרם,false,1,6.90,10.62,true,1,
7290112494344,false,קורנפלקס של אלופים כספי 850 גרם,,,קורנפלקס של אלופים כ,גרמים,850.00,100 גרם,false,1,18.90,2.22,true,1,
7290112494351,false,קורנפלקס של אלופים 850 גרם,,,קורנפלקס של אלופים 8,גרמים,850.00,100 גרם,false,1,18.90,2.22,true,1,
7290112494382,false,פירה בטעם ביתי 260 גרם-קופסא,,,פירה בטעם ביתי 260 ג,גרמים,260.00,100 גרם,false,1,14.90,5.73,true,1,
7290112494795,false,"גל כביסה בדין בניחוח בדין כחול 2.5 ק""ג",,IL,גל כביסה בדין בניחוח,קילוגרמים,0.00,"ק""ג",false,1,38.50,38.50,true,1,
7290112495006,false,כריות נוגט 686 גרם - קופסא,,,כריות נוגט 686 גרם -,גרמים,686.00,100 גרם,false,1,27.90,4.07,true,1,
7290112495044,false,קוקומן פצפוצים 375 גרם,,,קוקומן פצפוצים 375 ג,גרמים,375.00,100 גרם,false,1,21.90,5.84,true,1,
7290112495167,false,נישנושים משולש שומשום 300 גרם,,,נישנושים משולש שומשו,גרמים,300.00,100 גרם,false,1,15.90,5.30,true,1,
7290112495594,false,בייגל גדול גדול ללא מלח 400 גרם,,,בייגל גדול גדול ללא,גרמים,400.00,100 גרם,false,1,16.90,4.23,true,1,
7290112495662,false,קרקר חיטה מלאה עם פשתן 300 גרם,,,קרקר חיטה מלאה עם פש,גרמים,300.00,100 גרם,false,1,12.50,4.17,true,1,
7290112495686,false,קרקר שומשום 220 גרם,,,קרקר שומשום 220 גרם,גרמים,220.00,100 גרם,false,1,11.90,5.41,true,1,
7290112495938,false,קרקר 6 דגנים 250 גרם,,,קרקר 6 דגנים 250 גרם,גרמים,250.00,100 גרם,false,1,11.90,4.76,true,1,
7290112496034,false,סירופ מייפל 580 גרם-בקבוק,,,סירופ מייפל 580 גרם-,גרמים,580.00,100 גרם,false,1,18.90,3.26,true,1,
7290112496447,false,נמס בכוס אקסטרה טעם עוף ואטריות קנור 27,,,נמס בכוס אקסטרה טעם,גרמים,27.00,100 גרם,false,1,4.90,18.15,true,1,
7290112497994,false,גרנולה פרוטאין בתוספת חלבון ואגוזים 300,,,גרנולה פרוטאין בתוספ,גרמים,300.00,100 גרם,false,1,20.90,6.97,true,1,
7290112498007,false,גרנולה פרוטאין ת.חלבון שקדים חמוציות 300,,,גרנולה פרוטאין ת.חלב,גרמים,300.00,100 גרם,false,1,20.90,6.97,true,1,
7290112498915,false,מאגדת מיני מגנום שקדים 250 גרם,,IL,מאגדת מיני מגנום שקד,גרמים,250.00,100 גרם,false,1,29.90,11.96,true,1,
7290112498922,false,מאגדת מיני מגנום לבן 250 גרם,,IL,מאגדת מיני מגנום לבן,גרמים,250.00,100 גרם,false,1,29.90,11.96,true,1,
7290112499219,false,גודיז פיסטוק 235 גרם,,IL,גודיז פיסטוק 235 גרם,גרמים,235.00,100 גרם,false,1,29.90,12.72,true,1,
7290112499509,false,"דאו ספריי ניחוח אפרסק ולמון גראס 150 מ""ל",,,דאו ספריי ניחוח אפרס,מיליליטרים,150.00,"100 מ""ל",false,1,20.90,13.93,true,1,
7290112499639,false,טילון סופר מגנום חום ADRE,,,טילון סופר מגנום חום,גרמים,110.00,100 גרם,false,1,11.90,10.82,true,1,
7290112499929,false,מגנום שוקולד,,,מגנום שוקולד אימפאלס,גרמים,85.00,100 גרם,false,1,11.90,14.00,true,1,
7290112499936,false,מגנום שקדים,,,מגנום שקדים,Unknown,0.00,Unknown,false,1,11.90,11.90,true,1,
7290112499943,false,מיני מגנום וניל+שוקו,,,מיני מגנום וניל+שוקו,גרמים,270.00,100 גרם,false,1,29.90,11.07,true,1,
7290112962287,false,טבעול שווארמה טבעונית 450 גרם,,IL,טבעול שווארמה טבעוני,גרמים,450.00,100 גרם,false,1,35.90,7.98,true,1,
7290112962737,false,שניצל מן הצומח עם חלבון טבעול 664 גר,,IL,שניצל מן הצומח עם חל,גרמים,664.00,100 גרם,false,1,37.90,5.71,true,1,
7290112963918,false,פיטנס קרקר דק רוזמרין 140 גרם,,IL,פיטנס קרקר דק רוזמרי,גרמים,140.00,100 גרם,false,1,13.90,9.93,true,1,
7290112964052,false,פסטה מוביוטו פרפקטו 500 גרם,,,פסטה מוביוטו פרפקטו,גרמים,500.00,100 גרם,false,1,13.90,2.78,true,1,
7290112964410,false,"רוטב אלף האיים לסלט 290 מ""ל אסם",,IL,רוטב אלף האיים לסלט,מיליליטרים,290.00,"100 מ""ל",false,1,15.00,5.17,true,1,
7290112965288,false,זוג מרק נמס סוף ירקות 30 גרם,,IL,אסם זוג מרק נמס ירקו,גרמים,56.00,100 גרם,false,1,5.90,10.54,true,1,
7290112965301,false,אסם זוג מרק נמס טעם עוף 38 גרם,,IL,אסם זוג מרק נמס טעם,גרמים,52.00,100 גרם,false,1,5.90,11.35,true,1,
7290112965585,false,פרפקטו פסטה קסרצה 500 גרם,,,פרפקטו פסטה קסרצה 50,גרמים,500.00,100 גרם,false,1,8.30,1.66,true,1,
7290112965660,false,פיטנס חטיף מולטיגריין מלח פלפל 25 גרם,,IL,פיטנס חטיף מולטיגריי,גרמים,25.00,100 גרם,false,1,5.50,22.00,true,1,
7290112965684,false,פיטנס חטיף מולטיגריין ע.תיבול 25 גרם,,IL,פיטנס חטיף מולטיגריי,גרמים,25.00,100 גרם,false,1,5.50,22.00,true,1,
7290112965707,false,פיטנס חטיף מולטיגריין צילי מעודן 25 גרם,,IL,פיטנס חטיף מולטיגריי,גרמים,25.00,100 גרם,false,1,5.50,22.00,true,1,
7290112965783,false,ביסלי פריסטייל על האש 60 גרם,,IL,ביסלי פריסטייל על הא,גרמים,60.00,100 גרם,false,1,4.90,8.17,true,1,
7290112965967,false,טבעול נאגטס ירקות כתומים 500 גרם,,IL,טבעול נאגטס ירקות כת,גרמים,500.00,100 גרם,false,1,38.50,7.70,true,1,
7290112968807,false,פיטנס קרקר דק סלק 140 גרם,,,פיטנס קרקר דק סלק 14,גרמים,140.00,100 גרם,false,1,13.90,9.93,true,1,
7290112968821,false,פיטנס קרקר דק בטטה 140 גרם,,,פיטנס קרקר דק בטטה 1,גרמים,140.00,100 גרם,false,1,13.90,9.93,true,1,
7290113190450,false,ממרח תמרים שאן 450 גרם,,,ממרח תמרים שאן 450 ג,גרמים,450.00,100 גרם,false,1,8.90,1.98,true,1,
7290113192157,false,אגוזי ברזיל קלופים 150 גרם,,IL,אגוזי ברזיל קלופים 1,גרמים,150.00,100 גרם,false,1,18.80,12.53,true,1,
7290113192164,false,אגוזי קשיו קלופים 150 גרם,,IL,אגוזי קשיו קלופים 15,גרמים,150.00,100 גרם,false,1,17.90,11.93,true,1,
7290113192171,false,מיקס אגוזים שקדים וחמוציות 150 גרם,,IL,מיקס אגוזים שקדים וח,גרמים,150.00,100 גרם,false,1,17.90,11.93,true,1,
7290113192201,false,תערובת להכנת סחלב 500 גרם,,IL,תערובת להכנת סחלב 50,גרמים,500.00,100 גרם,false,1,16.90,3.38,true,1,
7290113192355,false,זית חרוזית ירוק A2 בית השיטה 275 גרם,,,זית חרוזית ירוק A2 ב,גרמים,275.00,100 גרם,false,1,10.90,3.96,true,1,
7290113192379,false,זיתים ירוקים מבוקעים A2 בית השיטה 340 גר,,IL,זיתים ירוקים מבוקעים,גרמים,340.00,100 גרם,false,1,12.60,3.71,true,1,
7290113192386,false,זית סורי מבוקע A2 בית השיטה 340 גרם,,IL,זית סורי מבוקע A2 בי,גרמים,666.00,100 גרם,false,1,13.90,2.09,true,1,
7290113192393,false,קוקטייל זיתים A2 בית השיטה 336 גרם,,IL,קוקטייל זיתים A2 בית,גרמים,336.00,100 גרם,false,1,13.90,4.14,true,1,
7290113192478,false,מלפפונים במלח 10-12 בית השטה 320 גרם,,IL,מלפפונים במלח 10-12,גרמים,320.00,100 גרם,false,1,9.50,2.97,true,1,
7290113192485,false,מלפפונים בחומץ 10-12 בית השטה 320 גרם,,IL,מלפפונים בחומץ 10-12,גרמים,320.00,100 גרם,false,1,9.50,2.97,true,1,
7290113192492,false,מלפפון בחומץ 17-13 בית השיטה 290 גרם,,IL,מלפפון בחומץ 17-13 ב,גרמים,290.00,100 גרם,false,1,12.90,4.45,true,1,
7290113192508,false,מלפפון במלח 17-13 בית השיטה 320 גרם,,IL,מלפפון במלח 17-13 בי,גרמים,320.00,100 גרם,false,1,12.90,4.03,true,1,
7290113192515,false,מלפפון במלח 18-25 320 גרם בית השיטה,,IL,מלפפון במלח 18-25 32,גרמים,320.00,100 גרם,false,1,13.90,4.34,true,1,
7290113192539,false,מלפפון במלח  7-9 בית השיטה 320 גר,,IL,מלפפון במלח  7-9 בית,גרמים,320.00,100 גרם,false,1,7.90,2.47,true,1,
7290113192546,false,מלפפון בחומץ  7-9 בית השיטה 290 גר,,IL,מלפפון בחומץ  7-9 בי,גרמים,290.00,100 גרם,false,1,7.90,2.72,true,1,
7290113192553,false,מלפפונים במלח באלדי 13-17 בית השיטה 320ג,,IL,מלפפונים במלח באלדי,גרמים,320.00,100 גרם,false,1,11.90,3.72,true,1,
7290113192560,false,פלפל שיפקה  A2 בית השיטה 230 גרם,,IL,פלפל שיפקה  A2 בית ה,גרמים,230.00,100 גרם,false,1,8.80,3.83,true,1,
7290113192577,false,כרוב כבוש A2 בית השיטה 430 גרם,,IL,כרוב כבוש A2 בית השי,גרמים,430.00,100 גרם,false,1,9.90,2.30,true,1,
7290113192881,false,טורטיה חיטה מופחתת קלוריות 270 גרם,,TR,טורטיה חיטה מופחתת ק,גרמים,270.00,100 גרם,false,1,11.90,4.41,true,1,
7290113192997,false,זית מרוקאי  340 גרם בית השיטה,,IL,זית מרוקאי  340 גרם,גרמים,340.00,100 גרם,false,1,15.90,4.68,true,1,
7290113193031,false,חרוזית קלמטה 275 גרם בית השיטה,,IL,חרוזית קלמטה 275 גרם,גרמים,275.00,100 גרם,false,1,15.90,5.78,true,1,
7290113193321,false,בית השיטה שמן זית כתית מעולה 750 מל,,IL,בית השיטה שמן זית כת,מיליליטרים,750.00,"100 מ""ל",false,1,34.90,4.65,true,1,
7290113195196,false,"רסק תפוחי עץ ללת""ס 710 גרם",,PL,"רסק תפוחי עץ ללת""ס 7",גרמים,710.00,100 גרם,false,1,12.50,1.76,true,1,
7290113196513,false,פריכיות כוסמת בתוספת שקדים 150 גרם,,IL,פריכיות כוסמת בתוספת,גרמים,150.00,100 גרם,false,1,12.00,8.00,true,1,
7290113198067,false,פקאן מצופה שוקולד לבן 150 גרם,,,פקאן מצופה שוקולד לב,גרמים,150.00,100 גרם,false,1,14.90,9.93,true,1,
7290113198074,false,פקאן מצופה שוקולד שיש 150 גרם,,,פקאן מצופה שוקולד שי,גרמים,150.00,100 גרם,false,1,14.90,9.93,true,1,
7290113199767,false,ממרח שקדים 100% 300 גרם,,,ממרח שקדים 100% 300,גרמים,300.00,100 גרם,false,1,28.90,9.63,true,1,
7290113302341,false,חטיפי בונזו עוף ואור,,,חטיפי בונזו עוף ואור,Unknown,0.00,Unknown,false,1,9.90,9.90,true,1,
7290114151580,false,"שמפו לשיער צבוע ויבש מאוד בוטני 500 מ""ל",,IL,שמפו לשיער צבוע ויבש,מיליליטרים,500.00,"100 מ""ל",false,1,25.90,5.18,true,1,
7290114151597,false,"שמפו לשיער רגיל-יבש בוטני 500 מ""ל",,IL,שמפו לשיער רגיל-יבש,מיליליטרים,500.00,"100 מ""ל",false,1,25.90,5.18,true,1,
7290114151634,false,"מרכך לשיער רגיל-יבש בוטני 500 מ""ל",,IL,מרכך לשיער רגיל-יבש,מיליליטרים,500.00,"100 מ""ל",false,1,25.90,5.18,true,1,
7290114151658,false,"סבון גוף לעור יבש בוטני 500 מ""ל",,IL,סבון גוף לעור יבש בו,מיליליטרים,500.00,"100 מ""ל",false,1,25.90,5.18,true,1,
7290114152174,false,"סבון ידיים תפוז/מורינגה/לימון 500 מ""ל",,IL,סבון ידיים בוטני 500,מיליליטרים,500.00,"100 מ""ל",false,1,22.90,4.58,true,1,
7290114310901,false,גבינה לבנה 5% 250 גר,,,גבינה לבנה טרה 5%,גרמים,250.00,100 גרם,false,1,4.98,1.99,true,1,
7290114311038,false,"שמנת מתוקה 32% 250 מ""ל בבקבוק טרה",,,שמנת מתוקה 32% 250 מ,מיליליטרים,250.00,"100 מ""ל",false,1,7.20,2.88,true,1,
7290114600941,false,מיונז לחיץ מאסטר שף 435 גרם,,NL,מיונז לחיץ מאסטר שף,גרמים,435.00,100 גרם,false,1,14.60,3.36,true,1,
7290114600996,false,"רוטב שום מאסטר שף 250 מ""ל",,NL,רוטב שום מאסטר שף 25,מיליליטרים,250.00,"100 מ""ל",false,1,10.90,4.36,true,1,
7290114603508,false,"רוטב להקפצה מאסטר שף 300 מ""ל",,TH,רוטב להקפצה מאסטר שף,מיליליטרים,300.00,"100 מ""ל",false,1,11.90,3.97,true,1,
7290114604925,false,"קרם קוקוס לייט מאסטר שף 400 מ""ל",,,קרם קוקוס לייט מאסטר,מיליליטרים,400.00,"100 מ""ל",false,1,9.90,2.48,true,1,
7290114606547,false,מיונז פטריות כמהין לחיץ מאסטר שף 242 גרם,,NL,מיונז פטריות כמהין ל,גרמים,242.00,100 גרם,false,1,14.60,6.03,true,1,
7290114606578,false,שקדי מרק מאסטר שף 400 גרם,,IL,שקדי מרק מאסטר שף 40,גרמים,400.00,100 גרם,false,1,10.00,2.50,true,1,
7290114608664,false,סילאן לחיץ מאסטר שף 680 גרם,,AE,סילאן לחיץ מאסטר שף,גרמים,680.00,100 גרם,false,1,21.90,3.22,true,1,
7290114608671,false,סילאן לחיץ מאסטר שף 470 גרם,,AE,סילאן לחיץ מאסטר שף,גרמים,470.00,100 גרם,false,1,16.70,3.55,true,1,
7290114608695,false,מיונז עם ווסאבי לחיץ מאסטר שף 241 גרם,,NL,מיונז עם ווסאבי לחיץ,גרמים,241.00,100 גרם,false,1,14.60,6.06,true,1,
7290114659949,false,מסכה לפנים חד פעמי 50 יח,,,מסכה לפנים חד פעמי 5,יחידה,1.00,יחידה,false,1,10.90,10.90,true,1,
7290115073683,false,מסכה לפנים חד פעמי מארז 10 יח צבעוניות,,,מסכה לפנים חד פעמי מ,יחידה,1.00,יחידה,false,1,4.90,4.90,true,1,
7290115190014,false,מרלבורו רד קצר בוקס חפיסה,,,מרלבורו רד קצר בוקס,Unknown,0.00,Unknown,false,1,35.90,35.90,true,1,
7290115190052,false,מרלבורו גולדן רד KS חפיסה,,,מרלבורו פלייבור מיקס,Unknown,0.00,Unknown,false,1,35.90,35.90,true,1,
7290115190076,false,מרלבורו גולד 100 חפיסה,,,מרלבורו גולד 100 חפי,Unknown,0.00,Unknown,false,1,35.90,35.90,true,1,
7290115190090,false,מרלבורו גולד קצר,,,מרלבורו גולד קצר,Unknown,0.00,Unknown,false,1,35.90,35.90,true,1,
7290115190137,false,מלבורו פיין טאצ 7.1 חפיסה,,,מלבורו פיין טאצ 7.1,יחידה,1.00,יחידה,false,1,31.90,31.90,true,1,
7290115190151,false,מלבורו גולד טאצ 7.1 חפיסה,,,מלבורו גולד טאצ 7.1,יחידה,1.00,יחידה,false,1,31.90,31.90,true,1,
7290115190175,false,פרלמנט סופר סלימס חפיסה,,,פרלמנט סופר סלימס חפ,Unknown,0.00,Unknown,false,1,41.00,41.00,true,1,
7290115190199,false,פרלמנט ארוך RCB חפיסה,,,פרלמנט ארוך RCB חפיס,Unknown,0.00,Unknown,false,1,41.00,41.00,true,1,
7290115190212,false,פרלמנט ארוך בלו RCB חפיסה,,,פרלמנט ארוך בלו RCB,Unknown,0.00,Unknown,false,1,41.00,41.00,true,1,
7290115190236,false,פרלמנט קצר בלו חפיסה,,,פרלמנט קצר בלו חפיסה,Unknown,0.00,Unknown,false,1,41.00,41.00,true,1,
7290115190250,false,פרלמנט נייט PP חפיסה,,,פרלמנט נייט PP חפיסה,Unknown,0.00,Unknown,false,1,41.00,41.00,true,1,
7290115190335,false,ל.מ.בלו לייבל ארוך בוקס חפיסה,,,ל.מ.בלו לייבל ארוך ב,Unknown,0.00,Unknown,false,1,31.90,31.90,true,1,
7290115190359,false,L&M בלו לייבל קצר-חפיסה,,,L&M בלו לייבל קצר-חפ,Unknown,0.00,Unknown,false,1,31.90,31.90,true,1,
7290115190373,false,ל.מ.פורוורד חפיסה,,,ל.מ.פורוורד חפיסה,Unknown,0.00,Unknown,false,1,31.90,31.90,true,1,
7290115190410,false,ל.מ. סילבר לייבל חפיסה,,,ל.מ. סילבר לייבל חפי,Unknown,0.00,Unknown,false,1,31.90,31.90,true,1,
7290115190434,false,ל.מ וייב PP חפיסה,,,ל.מ וייב PP חפיסה,Unknown,0.00,Unknown,false,1,31.90,31.90,true,1,
7290115190458,false,נקסט ארג חפיסה,,,נקסט ארג חפיסה,Unknown,0.00,Unknown,false,1,24.90,24.90,true,1,
7290115190472,false,נקסט  פיין ארג חפיסה,,,נקסט  פיין ארג חפיסה,Unknown,0.00,Unknown,false,1,24.90,24.90,true,1,
7290115190496,false,נקסט פיין 100 חפיסה PP,,,נקסט פיין 100 חפיסה,Unknown,0.00,Unknown,false,1,29.90,29.90,true,1,
7290115190571,false,נקסט לילך חפיסה,,,נקסט לילך PP חפיסה,Unknown,0.00,Unknown,false,1,29.90,29.90,true,1,
7290115190595,false,נקסט FF חפיסה,,,נקסט FF חפיסה,Unknown,0.00,Unknown,false,1,29.90,29.90,true,1,
7290115190892,false,מרלבורו פיוזן קפסולה חפיסה,,,מרלבורו פיוזן קפסולה,Unknown,0.00,Unknown,false,1,26.90,26.90,true,1,
7290115201680,false,ביסלי ברביקיו 70 גרם,,IL,ביסלי ברביקיו 70 גרם,גרמים,70.00,100 גרם,false,1,4.70,6.71,true,1,
7290115201703,false,ביסלי ברביקיו 200 גרם,,IL,ביסלי ברביקיו 200 גר,גרמים,200.00,100 גרם,false,1,8.90,4.45,true,1,
7290115201727,false,ביסלי בצל 200 גרם,,IL,ביסלי בצל 200 גרם,גרמים,200.00,100 גרם,false,1,8.90,4.45,true,1,
7290115202236,false,טופו קראנצ טבעול 470 גר,,IL,טופו קראנצ טבעול 470,גרמים,470.00,100 גרם,false,1,38.50,8.19,true,1,
7290115203134,false,פופקו פופקורן במבה 80 גרם,,,פופקו פופקורן במבה 8,גרמים,80.00,100 גרם,false,1,5.50,6.88,true,1,
7290115204056,false,קטשופ אסם מופחת סוכר 690 גרם,,IL,קטשופ אסם מופחת סוכר,גרמים,690.00,100 גרם,false,1,12.90,1.87,true,1,
7290115205176,false,פיטנס קרקר כפרי 140 גרם,,IL,פיטנס קרקר כפרי 140,גרמים,140.00,100 גרם,false,1,13.90,9.93,true,1,
7290115205312,false,פיטנס קרקר זיתים 140 גרם,,IL,פיטנס קרקר זיתים 140,גרמים,140.00,100 גרם,false,1,13.90,9.93,true,1,
7290115205527,false,פיטנס חטיף מולטגריין עם עדשים 25 גרם,,,פיטנס חטיף מולטגריין,גרמים,25.00,100 גרם,false,1,5.50,22.00,true,1,
7290115206173,false,אסם פתי בר קרמל 500 גרם חדש,,,אסם פתי בר קרמל 500,גרמים,500.00,100 גרם,false,1,15.90,3.18,true,1,
7290115206890,false,ביסלי המבורגר חדש  70 גרם,,,ביסלי המבורגר חדש  7,גרמים,70.00,100 גרם,false,1,4.70,6.71,true,1,
7290115207507,false,צבר סלט טורקי 360 גרם,,,צבר סלט טורקי 360 גר,גרמים,360.00,100 גרם,false,1,19.30,5.36,true,1,
7290115208009,false,סירופ ויטמינציק ענבים 1 ליטר,,,סירופ ויטמינציק ענבי,מיליליטרים,1000.00,"100 מ""ל",false,1,23.90,2.39,true,1,
7290115208047,false,סירופ ויטמינציק פטל 1 ליטר,,,סירופ ויטמינציק פטל,מיליליטרים,1000.00,"100 מ""ל",false,1,23.90,2.39,true,1,
7290115208597,false,אסם קרמוגית מיניס קרמל מלוח 200 גר,,,אסם קרמוגית מיניס קר,גרמים,200.00,100 גרם,false,1,12.90,6.45,true,1,
7290115208801,false,לחמית דבש ואגוזים 190 גרם,,,לחמית דבש ואגוזים 19,גרמים,190.00,100 גרם,false,1,11.90,6.26,true,1,
7290115209198,false,במבה אורירית 80 גרם,,,במבה אורירית 80 גרם,גרמים,80.00,100 גרם,false,1,4.90,6.13,true,1,
7290115209235,false,אסם פתי בר קפה 500 גרם,,,אסם פתי בר קפה 500 ג,גרמים,500.00,100 גרם,false,1,14.90,2.98,true,1,
7290115250503,false,קרקר כוסמין שום ועשבי תיבול שקית 225 גרם,,IL,קרקר כוסמין שום ועשב,גרמים,225.00,100 גרם,false,1,27.90,12.40,true,1,
7290115252378,false,וירו מנת קינואה אקזוטי 470 גרם,,,וירו מנת קינואה אקזו,גרמים,470.00,100 גרם,false,1,15.90,3.38,true,1,
7290115671223,false,מאסט פאן אבטיח מנגו 58 גרם,,,מאסט פאן אבטיח מנגו,גרמים,58.00,100 גרם,false,1,11.50,19.83,true,1,
7290115675696,false,קוואקר  אגוזים 375 גר 6 יח Cruesli,,,קוואקר  אגוזים 375 ג,גרמים,375.00,100 גרם,false,1,22.90,6.11,true,1,
7290115675702,false,קוואקר  פירות 375 גר 6 יח Cruesli,,,קוואקר  פירות 375 גר,גרמים,375.00,100 גרם,false,1,22.90,6.11,true,1,
7290115678376,false,מעדן הגולן שוקולד 125 גרם,,,מעדן הגולן שוקולד,גרמים,125.00,100 גרם,false,1,3.20,2.56,true,1,
7290116530109,false,חטיף קליק נוגט ציפוי שוקולד לבן 35 גרם,,,חטיף קליק נוגט ציפוי,גרמים,35.00,100 גרם,false,1,5.90,16.86,true,1,
7290116531021,false,ורד הגליל שוקולד חלב 100 גרם,,,ורד הגליל שוקולד חלב,גרמים,100.00,100 גרם,false,1,5.90,5.90,true,1,
7290116531076,false,מרק פטריות קנור 225 גרם,,IL,מרק פטריות קנור 225,גרמים,225.00,100 גרם,false,1,19.90,8.84,true,1,
7290116531083,false,"דגני ברנפלקס דבש ושקדים ללת""ס 400 גרם",,IL,דגני ברנפלקס דבש ושק,גרמים,400.00,100 גרם,false,1,25.90,6.48,true,1,
7290116531557,false,מאגדת פתית פריכיות תירס דקות 150 גרם,,PL,מאגדת פתית פריכיות ת,גרמים,150.00,100 גרם,false,1,13.90,9.27,true,1,
7290116531564,false,מאגדת פתית פריכיות קינואה בזיליקום 150 ג,,PL,מאגדת פתית פריכיות ק,גרמים,150.00,100 גרם,false,1,13.90,9.27,true,1,
7290116531779,false,בדין נייר למייבש כחול,,,בדין נייר מרכך  למיי,Unknown,0.00,Unknown,false,1,21.90,21.90,true,1,
7290116531793,false,הלמנס רוטב לסלט קיסר 295 גרם,,IL,הלמנס רוטב לסלט קיסר,גרמים,295.00,100 גרם,false,1,15.40,5.22,true,1,
7290116531908,false,רוטב קנור מרינדה לגריל 340 גרם,,,רוטב קנור מרינדה לגר,מיליליטרים,340.00,"100 מ""ל",false,1,13.90,4.09,true,1,
7290116532011,false,קליק חטיף שוקולד נוגט וחלב 35 גרם,,,קליק חטיף שוקולד נוג,גרמים,35.00,100 גרם,false,1,5.90,16.86,true,1,
7290116532240,false,XL קליק שוקולד חלב עוגיות ודגנים 85 גרם,,,XL קליק שוקולד חלב ע,גרמים,85.00,100 גרם,false,1,7.90,9.29,true,1,
7290116532264,false,גודיז פרי אפרסק 300 גרם,,IL,גודיז פרי אפרסק 300,גרמים,300.00,100 גרם,false,1,29.90,9.97,true,1,
7290116532387,false,"סבון ידיים בתוספת חמאת שיאה 950 מ""ל",,,סבון ידיים בתוספת חמ,מיליליטרים,950.00,"100 מ""ל",false,1,12.90,1.36,true,1,
7290116532479,false,גלידת שמנת קליק בטעם שוקולד לבן עוגיות,,IL,גלידת שמנת קליק בטעם,גרמים,384.00,100 גרם,false,1,21.90,5.70,true,1,
7290116532585,false,ברנפלקס קרנצים דבש וקינמון 375 גרם,,,ברנפלקס קרנצים דבש ו,גרמים,375.00,100 גרם,false,1,24.90,6.64,true,1,
7290116532882,false,נשנושים איירביס בצל 155 גרם,,,נשנושים איירביס בצל,גרמים,155.00,100 גרם,false,1,14.90,9.61,true,1,
7290116532899,false,נשנושים איירביס פלאפל 155 גרם,,,נשנושים איירביס פלאפ,גרמים,155.00,100 גרם,false,1,14.90,9.61,true,1,
7290116532905,false,נשנושים איירביס ברביקיו 155 גרם,,,נשנושים איירביס ברבי,גרמים,155.00,100 גרם,false,1,14.90,9.61,true,1,
7290116910895,false,סמי הכבאי מיני פופ על מקל 5 יח 40 גרם,,CN,סמי הכבאי מיני פופ ע,יחידה,1.00,יחידה,false,1,12.90,12.90,true,1,
7290116930282,false,ארוחה בקטנה עם קרקרים 150 גרם,,,ארוחה בקטנה לאבנה עם,גרמים,150.00,100 גרם,false,1,8.50,5.67,true,1,
7290116930435,false,"יוגורט גו סמיך דובדבן 0% 200 מ""ל",,IL,יוגורט גו סמיך דובדב,מיליליטרים,200.00,"100 מ""ל",false,1,6.20,3.10,true,1,
7290116930442,false,"יופלה שייק בננה מנגו תפוז גזר ציה 230 מ""",,,יופלה שייק בננה מנגו,מיליליטרים,230.00,"100 מ""ל",false,1,8.90,3.87,true,1,
7290116930459,false,"יופלה שייק מנגו בננה אננס וקוקוס 230 מ""ל",,,יופלה שייק מנגו בננה,מיליליטרים,230.00,"100 מ""ל",false,1,8.90,3.87,true,1,
7290116930466,false,"יופלה שייק מנגו בננה פסיפלורה והל 230 מ""",,,יופלה שייק מנגו בננה,מיליליטרים,230.00,"100 מ""ל",false,1,8.90,3.87,true,1,
7290116930626,false,ארוחה בקטנה ציזיקי עם קרקרים 150 גרם,,,ארוחה בקטנה ציזיקי ע,גרמים,150.00,100 גרם,false,1,8.50,5.67,true,1,
7290116930701,false,מעדן חלב go בטעם קרמל מלוח 120 גרם,,,מעדן חלב go בטעם קרמ,גרמים,120.00,100 גרם,false,1,5.40,4.50,true,1,
7290116930725,false,סויה BIO קוקוס גביע Alternative 150 גרם,,,סויה BIO קוקוס גביע,גרמים,150.00,100 גרם,false,1,5.10,3.40,true,1,
7290116931081,false,מעדן סויה בטעם טופי קרמל 125 גרם,,,מעדן סויה בטעם טופי,גרמים,125.00,100 גרם,false,1,4.70,3.76,true,1,
7290116931104,false,"יוגורט גו סמיך עם אננס 0% 200 מ""ל",,,יוגורט גו סמיך עם אנ,מיליליטרים,200.00,"100 מ""ל",false,1,6.20,3.10,true,1,
7290117260050,false,קונפיטורה חבושים 380 גרם,,TR,קונפיטורה חבושים 380,גרמים,380.00,100 גרם,false,1,9.90,2.61,true,1,
7290117260579,false,חטיף קראנצי על בסיס קמח עדשים שמנת ובצל,,,חטיף קראנצי על בסיס,גרמים,80.00,100 גרם,false,1,10.50,13.13,true,1,
7290117260586,false,חטיף קראנצי על בסיס קמח עדשים פלפל וליים,,,חטיף קראנצי על בסיס,גרמים,80.00,100 גרם,false,1,10.50,13.13,true,1,
7290117260593,false,חטיף קראנצי על בסיס קמח עדשים צדר 80 גר,,,חטיף קראנצי על בסיס,גרמים,80.00,100 גרם,false,1,10.50,13.13,true,1,
7290117260890,false,פופקורן בציפוי בטעם קוקוס 90 גרם,,,פופקורן בציפוי בטעם,גרמים,90.00,100 גרם,false,1,8.80,9.78,true,1,
7290117260920,false,קרקרים וילי פוד ללא גלוטן 125 גר,,,קרקרים וילי פוד ללא,גרמים,125.00,100 גרם,false,1,9.90,7.92,true,1,
7290117260944,false,מיני גריסיני וילי פוד ללא גלוטן 125גר,,,מיני גריסיני וילי פו,גרמים,125.00,100 גרם,false,1,9.90,7.92,true,1,
7290117260975,false,זיתי קלמטה מגולענים במי מלח וילי פוד350,,TR,זיתי קלמטה מגולענים,גרמים,350.00,100 גרם,false,1,9.90,2.83,true,1,
7290117261019,false,זיתים ירוק ממולאים מחית פלפלים אדומים300,,TR,זיתים ירוק ממולאים מ,גרמים,300.00,100 גרם,false,1,9.90,3.30,true,1,
7290117380178,false,טוויסט פוף שוקולד חלב 50 גרם,,IL,טוויסט פוף שוקולד חל,גרמים,50.00,100 גרם,false,1,4.90,9.80,true,1,
7290117380864,false,סלים דליס פייבר עוגיות בראוניז שוקול 120,,,סלים דליס פייבר עוגי,גרמים,120.00,100 גרם,false,1,12.90,10.75,true,1,
7290117382318,false,חטיף חלבון מ.שוקולד מריר סלים דליס 60 גר,,IT,חטיף חלבון מ.שוקולד,גרמים,60.00,100 גרם,false,1,13.90,23.17,true,1,
7290117382332,false,חטיף חלבון מ.שוקו עוגיות סלים דליס 60 גר,,IT,חטיף חלבון מ.שוקו עו,גרמים,60.00,100 גרם,false,1,13.90,23.17,true,1,
7290117901007,false,פיסטוקים קלויים 130 גרם,,IL,פיסטוקים קלויים 130,גרמים,130.00,100 גרם,false,1,15.90,12.23,true,1,
7290117901014,false,קשיו קלוי 160 גרם,,IL,קשיו קלוי 160 גרם,גרמים,160.00,100 גרם,false,1,15.90,9.94,true,1,
7290117901038,false,אגוזי מלך קלופים 190 גרם,,IL,אגוזי מלך קלופים 190,גרמים,190.00,100 גרם,false,1,15.90,8.37,true,1,
7290117901052,false,שקדים קלופים 180 גרם,,IL,שקדים קלופים 180 גרם,גרמים,180.00,100 גרם,false,1,15.90,8.83,true,1,
7290117901168,false,מיקס אגוזים וחמוציות 250 גרם ששון הקולה,,,מיקס אגוזים וחמוציות,גרמים,250.00,100 גרם,false,1,20.00,8.00,true,1,
7290117901175,false,שקדים קלופים 250 גרם ששון הקולה,,,שקדים קלופים 250 גרם,גרמים,250.00,100 גרם,false,1,20.00,8.00,true,1,
7296082000035,false,ביצה פלוס 6 יח L,,,ביצה פלוס 6 יח L,Unknown,0.00,Unknown,false,1,14.90,14.90,true,1,
7296082000080,false,ביצי חופש 12 יח,,,ביצי חופש 12 יח,Unknown,0.00,Unknown,false,1,21.90,21.90,true,1,
7296082000134,false,ביצים רגילות 12 יח L,,,ביצים רגילות 12 יח L,Unknown,0.00,Unknown,false,1,12.05,12.05,true,1,
7296082000141,false,ביצים רגילות  12 יח M,,,ביצים רגילות  12 יח,Unknown,0.00,Unknown,false,1,11.15,11.15,true,1,
7296082000165,false,ביצים אורגניות 12 יח,,,ביצים אורגניות 12 יח,Unknown,0.00,Unknown,false,1,25.90,25.90,true,1,
7296150000028,false,עלי גפן ממולאים באורז 425 גר,אקמאר,TR,עלי גפן ממולאים באור,גרמים,425.00,100 גרם,false,1,14.90,3.51,true,1,
7297488097995,false,גרנולה דבש דגש 250 גרם,,,גרנולה דבש דגש 250 ג,גרמים,250.00,100 גרם,false,1,17.90,7.16,true,1,
7297488098152,false,קמח חומוס 500 גרם,,,קמח חומוס 500 גרם,גרמים,500.00,100 גרם,false,1,17.90,3.58,true,1,
7297488098305,false,קמח שקדים דגש 250 גרם,,,קמח שקדים דגש 250 גר,גרמים,250.00,100 גרם,false,1,27.90,11.16,true,1,
7312040017683,false,"וודקה אבסולוט 700 מ""ל",,,"וודקה אבסולוט 700 מ""",מיליליטרים,700.00,"100 מ""ל",false,1,64.90,9.27,true,1,
7312220016277,false,אנאס עוגיות דקות בטעם שקדים 150 גר,Annas Pepparkakor,SE,אנאס עוגיות דקות בטע,גרמים,150.00,100 גרם,false,1,12.90,8.60,true,1,
7312220023398,false,אנאס עוגיות דקות בטעם קפוצינו 150 גר,Annas Pepparkakor,SE,אנאס עוגיות דקות בטע,גרמים,150.00,100 גרם,false,1,12.90,8.60,true,1,
7312220035735,false,אנאס עוגיות דקות בטעם תפוז 150 גר,Annas Pepparkakor,SE,אנאס עוגיות דקות בטע,גרמים,150.00,100 גרם,false,1,12.90,8.60,true,1,
7393714369000,false,"קופרברג סיידר אגסים 4.5% בקבוק 330 מ""ל",,SE,קופרברג סיידר אגסים,מיליליטרים,330.00,"100 מ""ל",false,1,9.50,2.88,true,1,
7393714369208,false,"קופרברג סיידר פירות יער 330 מ""ל פחית",,SE,קופרברג סיידר פירות,מיליליטרים,330.00,"100 מ""ל",false,1,9.50,2.88,true,1,
7393714508102,false,"קופרברג סיידר אגסים 4.5% בקבוק 330 מ""ל",,SE,קופרברג סיידר אגסים,מיליליטרים,330.00,"100 מ""ל",false,1,9.50,2.88,true,1,
7394376123337,false,משקה ש.שועל אורגני 1 ליטר,,,משקה ש.שועל אורגני 1,מיליליטרים,1000.00,"100 מ""ל",false,1,15.90,1.59,true,1,
7394376615825,false,משקה ש.שועל מועשר בסידן וויטמינים 1 ליטר,,,משקה ש.שועל מועשר בס,מיליליטרים,1000.00,"100 מ""ל",false,1,15.90,1.59,true,1,
7394376615832,false,משקה ש.שועל בטעם שוקולד 1 ליטר,,,משקה ש.שועל בטעם שוק,מיליליטרים,1000.00,"100 מ""ל",false,1,16.90,1.69,true,1,
7394376616778,false,משקה ש.שועל להקצפה בריסטה 1 ליטר,,,משקה ש.שועל להקצפה ב,מיליליטרים,1000.00,"100 מ""ל",false,1,16.90,1.69,true,1,
7501013101348,false,"גומקס נקטר מנגו 473 מ""ל",,,גומקס נקטר מנגו 473,מיליליטרים,473.00,"100 מ""ל",false,1,9.90,2.09,true,1,
7501013101393,false,"גומקס  משקה אננס 473 מ""ל",,,גומקס  משקה אננס 473,מיליליטרים,473.00,"100 מ""ל",false,1,9.90,2.09,true,1,
7501013122053,false,גומקס נקטר אפרסק קרטונית 1 ליטר,,,גומקס נקטר אפרסק קרט,מיליליטרים,1000.00,"100 מ""ל",false,1,11.70,1.17,true,1,
7501013122114,false,גומקס משקה אננס קרטונית 1 ליטר,,,גומקס משקה אננס קרטו,מיליליטרים,1000.00,"100 מ""ל",false,1,11.70,1.17,true,1,
7501013122190,false,גומקס משקה תפוחים קרטונית 1 ליטר,,,גומקס משקה תפוחים קר,מיליליטרים,1000.00,"100 מ""ל",false,1,11.70,1.17,true,1,
7501013122992,false,גומקס משקה קוקוס אננס קרטונית 1 ליטר,,,גומקס משקה קוקוס אננ,מיליליטרים,1000.00,"100 מ""ל",false,1,11.70,1.17,true,1,
7501035042308,false,"טקילה קוארבו סילבר רולינגסטון 700 מ""ל",,,טקילה קוארבו סילבר ר,מיליליטרים,700.00,"100 מ""ל",false,1,99.90,14.27,true,1,
7501064191466,false,"שישיית בירה קורונה 355 מ""ל בקבוק",,,שישיית בירה קורונה 3,מיליליטרים,2130.00,"100 מ""ל",false,1,35.90,1.69,true,1,
7509546678702,false,קולגייט טוטל אנטי טרטר  מתקדמת 100 מל,,MX,קולגייט טוטל אנטי טר,מיליליטרים,100.00,"100 מ""ל",false,1,19.90,19.90,true,1,
7610100034084,false,מיונז טומי 265 גר,,,מיונז טומי 265 גר,גרמים,265.00,100 גרם,false,1,13.90,5.25,true,1,
7610400070577,false,לינדט אקסלנס צילי  100 גרם,,,לינדט אקסלנס צילי  1,גרמים,100.00,100 גרם,false,1,17.90,17.90,true,1,
7610400074155,false,לינדט שוקולד 60% 100 גרם,,,לינדט שוקולד 60% 100,גרמים,100.00,100 גרם,false,1,16.90,16.90,true,1,
7610400075770,false,לינדט לה גרנד מריר אגוז 150 גר,,,לינדט לה גרנד מריר א,גרמים,150.00,100 גרם,false,1,24.90,16.60,true,1,
7610400085946,false,לינדט לגרנד דארק אלמונד סולט 150 גרם,,,לינדט לגרנד דארק אלמ,גרמים,150.00,100 גרם,false,1,24.90,16.60,true,1,
7610400091060,false,לינדט שוקולד אקסלנס אורנגי 100 גרם,,,לינדט שוקולד אקסלנס,גרמים,100.00,100 גרם,false,1,17.90,17.90,true,1,
7610563208374,false,גרוייר שוויצרי פרוס 150 גר,,,גרוייר שוויצרי פרוס,גרמים,150.00,100 גרם,false,1,42.90,28.60,true,1,
7610700612859,false,"ריקולה ס.קשות לל""ס בטעם פירות יער 45 גר",,CH,"ריקולה ס.קשות לל""ס ב",גרמים,45.00,100 גרם,false,1,10.90,24.22,true,1,
7613033548192,false,דגני בוקר פיטנס שוקולד מריר 375 גרם,,,דגני בוקר פיטנס שוקו,גרמים,375.00,100 גרם,false,1,22.90,6.11,true,1,
7613034146502,false,פורינה ONE מיני אקטי,,,פורינה ONE מיני אקטי,Unknown,0.00,Unknown,false,1,59.90,59.90,true,1,
7613035635845,false,פיטנס גרנולה שוקולד 300 גרם,,,פיטנס גרנולה שוקולד,גרמים,300.00,100 גרם,false,1,17.90,5.97,true,1,
7613035807778,false,פרפקטו רוטב עגבניות לבולונז 400 גרם,,,פרפקטו רוטב עגבניות,גרמים,400.00,100 גרם,false,1,11.90,2.98,true,1,
7613035809109,false,פרפקטו רוטב עגבניות ובזיליקום 400 גרם,,,פרפקטו רוטב עגבניות,גרמים,400.00,100 גרם,false,1,11.90,2.98,true,1,
7613035809123,false,פרפקטו רוטב עגבניות עם פלפלים 400 גר,,,פרפקטו רוטב עגבניות,גרמים,400.00,100 גרם,false,1,11.90,2.98,true,1,
7613035975897,false,רביעיית מים מינרלים פרייה 330 *4,,,רביעיית מים מינרלים,ליטרים,0.00,ליטר,false,1,28.90,28.90,true,1,
7613036314114,false,נס קפה גולד 200 גרם,,,נס קפה גולד 200 גרם,גרמים,200.00,100 גרם,false,1,52.50,26.25,true,1,
7613036976657,false,פאוץ פריסקיז הודו 85,,,פאוץ פריסקיז הודו 85,Unknown,1.00,Unknown,false,1,4.90,4.90,true,1,
7613036976695,false,פאוץ פריסקיז בקר 85,,,פאוץ פריסקיז בקר 85,Unknown,0.00,Unknown,false,1,4.90,4.90,true,1,
7613036976718,false,פאוץ פריסקיז ברווז 8,,,פאוץ פריסקיז ברווז 8,Unknown,0.00,Unknown,false,1,4.90,4.90,true,1,
7613037686906,false,דגני בוקר פיטנס שקדים ודבש  355 גרם,,,דגני בוקר פיטנס שקדי,גרמים,375.00,100 גרם,false,1,22.90,6.11,true,1,
7613039547632,false,מחית גרבר תפוח בננה תות פאוץ 90 גר,,ES,מחית גרבר תפוח בננה,גרמים,90.00,100 גרם,false,1,6.90,7.67,true,1,
7613039770450,false,טבעול סנסשיונל בורגר 226 גרם,,IL,טבעול סנסשיונל בורגר,גרמים,226.00,100 גרם,false,1,37.90,16.77,true,1,
7613039905920,false,סמרטיז שלישייה 102 גרם,,,סמרטיז שלישייה 102 ג,גרמים,102.00,100 גרם,false,1,11.90,11.67,true,1,
7613287182456,false,ויטמינציק אגס תפוח ובננה 110 גרם,,IL,ויטמינציק אגס תפוח ו,גרמים,110.00,100 גרם,false,1,5.90,5.36,true,1,
7613287394323,false,מולטי ציריוס 600 גרם 2021,,GB,מולטי ציריוס 600 גרם,גרמים,600.00,100 גרם,false,1,26.90,4.48,true,1,
7613287525758,false,"פרייה מים מוגזים 500 מ""ל",,,פרייה מים מוגזים 500,מיליליטרים,500.00,"100 מ""ל",false,1,4.90,0.98,true,1,
7613287525789,false,"שישיית פרייה מים מוגזים 500 מ""ל",,,שישיית פרייה מים מוג,מיליליטרים,3000.00,"100 מ""ל",false,1,28.90,0.96,true,1,
7613287821348,false,טבעול נתחוני עוף סנסשיונל 350*6 גרם,,IL,טבעול נתחוני עוף סנס,גרמים,350.00,100 גרם,false,1,36.90,10.54,true,1,
7614500010013,false,טובלרון חלב 100 גר,,,טובלרון חלב 100 גר,גרמים,100.00,100 גרם,false,1,11.00,11.00,true,1,
7614500010310,false,טובלרון לבן 100 גר,,,טובלרון לבן 100 גר,גרמים,100.00,100 גרם,false,1,11.00,11.00,true,1,
7614500010617,false,טובלרון מריר 100 גרם,,,טובלרון מריר 100 גרם,גרמים,100.00,100 גרם,false,1,11.00,11.00,true,1,
7617400098358,false,עוגיות סוויס דליס טרופינו חלב 100 גר,,,טרופינו שוויץ-וופל ק,גרמים,100.00,100 גרם,false,1,12.90,12.90,true,1,
7622010001858,false,אוראו ממולאות קרם וניל באטמן 176 גרם,,,אוראו ממולאות קרם ונ,גרמים,176.00,100 גרם,false,1,10.90,6.19,true,1,
7622200009084,false,מילקה שוקולד חלב ובסקוויט 300 גרם,,,מילקה שוקולד חלב ובס,גרמים,300.00,100 גרם,false,1,20.80,6.93,true,1,
7622201050757,false,שוקולד חלב עם קרמל מילקה  100 גרם,,,שוקולד חלב עם קרמל מ,גרמים,100.00,100 גרם,false,1,7.90,7.90,true,1,
7622201120931,false,שוקולד מילקה אוראו לבן 100 גרם,,,שוקולד מילקה אוראו ל,גרמים,100.00,100 גרם,false,1,7.90,7.90,true,1,
7622201401900,false,עוגיות מילקה סנסיישן אוראו 156 גרם,,PL,עוגיות מילקה סנסיישן,גרמים,156.00,100 גרם,false,1,12.90,8.27,true,1,
7622201500733,false,עוגיות אוראו רמיקס דאבל קרם קרמל וניל157,,ES,עוגיות אוראו רמיקס ד,גרמים,157.00,100 גרם,false,1,9.90,6.31,true,1,
7622201502515,false,מילקה קוקי לופ 132 גרם,,,מילקה קוקי לופ 132 ג,גרמים,132.00,100 גרם,false,1,12.90,9.77,true,1,
7622201801809,false,שוקולד אגוז מילקה 100 גרם,,,שוקולד אגוז מילקה 10,גרמים,100.00,100 גרם,false,1,7.90,7.90,true,1,
7622201802363,false,שוקולד מילקה  צימוק 100 גרם,,,שוקולד מילקה  צימוק,גרמים,100.00,100 גרם,false,1,7.90,7.90,true,1,
7622201802394,false,שוקולד מילקה חלב 100 גרם,,,שוקולד מילקה חלב 100,גרמים,100.00,100 גרם,false,1,7.90,7.90,true,1,
7622201809188,false,ביסקוויט מילקה 150 גרם,,FR,ביסקוויט מילקה 150 ג,גרמים,150.00,100 גרם,false,1,12.90,8.60,true,1,
7622201813390,false,עוגיות מילקה וואפל במילוי קרם קקאו 150 ג,,,עוגיות מילקה וואפל ב,גרמים,150.00,100 גרם,false,1,12.90,8.60,true,1,
7622201819170,false,מילקה דרק שקדים 85  גרם,,DE,מילקה דרק שקדים 85,גרמים,85.00,100 גרם,false,1,8.50,10.00,true,1,
7622201819552,false,מילקה דרק  85 גרם,,DE,מילקה דרק  85 גרם,גרמים,85.00,100 גרם,false,1,8.50,10.00,true,1,
7622210078131,false,שוקולד חלב עם דאיים מילקה 100 גרם,,,שוקולד חלב עם דאיים,גרמים,100.00,100 גרם,false,1,7.90,7.90,true,1,
7622210163899,false,שוקולד חלב עם עדשים מילקה 100 גר,,DE,שוקולד חלב עם עדשים,גרמים,100.00,100 גרם,false,1,7.90,7.90,true,1,
7622210392589,false,טובלרון טייני חלב 200 גרם,,,טובלרון טייני חלב 20,גרמים,200.00,100 גרם,false,1,19.80,9.90,true,1,
7622210453327,false,עוגיות מילקה סנסיישן 156 גרם,,,מילקה סנסיישן 156 גר,גרמים,100.00,100 גרם,false,1,12.90,12.90,true,1,
7622210585639,false,מילקה כדורי ש.חלב במילוי אוראו 86 גרם,,DE,מילקה כדורי ש.חלב במ,גרמים,86.00,100 גרם,false,1,10.90,12.67,true,1,
7622210597915,false,מילקה לבבות פרלינים 110 גרם,,BG,מילקה לבבות פרלינים,גרמים,110.00,100 גרם,false,1,12.90,11.73,true,1,
7622210635105,false,אוראו תות 154 גרם,,UA,אוראו תות 154 גרם,גרמים,154.00,100 גרם,false,1,8.90,5.78,true,1,
7622210826053,false,שוקולד מילקה אוראו סנדביץ 92 גר,,DE,שוקולד מילקה אוראו ס,גרמים,92.00,100 גרם,false,1,7.90,8.59,true,1,
7622210835338,false,אוראו בראוניז 176 גר,,,אוראו בראוניז 176 גר,גרמים,176.00,100 גרם,false,1,10.90,6.19,true,1,
7622300270506,false,עוגיות ש.שועל מצופות שוקולד 168 גר מילקה,,,עוגיות ש.שועל מצופות,גרמים,168.00,100 גרם,false,1,12.90,7.68,true,1,
7622300315283,false,"אוראו וניל 154 גרם בד""צ",,UA,אוראו וניל 154 גרם ב,גרמים,154.00,100 גרם,false,1,9.90,6.43,true,1,
7622300340285,false,גבינת פילדלפיה 22% 175 גר,,,גבינת פילדלפיה 22%,גרמים,175.00,100 גרם,false,1,17.90,10.23,true,1,
7622300340292,false,גבינת פילדלפיה 11% 175 גר,,,גבינת פילדלפיה 11%,גרמים,175.00,100 גרם,false,1,17.90,10.23,true,1,
7622300356767,false,עוגיות עם גרנולה ושוקולד 168 גר מילקה,,,עוגיות עם גרנולה ושו,גרמים,168.00,100 גרם,false,1,12.90,7.68,true,1,
7622300489427,false,אוראו פאג שוקולד לבן 246 גרם,,,אוראו פאג שוקולד לבן,גרמים,246.00,100 גרם,false,1,19.90,8.09,true,1,
7622300489434,false,אוראו פאדג שוקולד חלב 246 גרם,,,אוראו פאדג שוקולד חל,גרמים,246.00,100 גרם,false,1,19.90,8.09,true,1,
7622300495046,false,שוקולד מילקה אקסטרה קקאו 100 גרם,,,שוקולד מילקה אקסטרה,גרמים,100.00,100 גרם,false,1,7.90,7.90,true,1,
7622300503079,false,ביסקוויט מצופה שוקולד חלב 200 גר מילקה,,,ביסקוויט מצופה שוקול,גרמים,200.00,100 גרם,false,1,12.90,6.45,true,1,
7622300617820,false,שוקולד מילקה אוראו 100 גרם,,,שוקולד מילקה אוראו 1,גרמים,100.00,100 גרם,false,1,7.90,7.90,true,1,
7622300756383,false,גבינת פילדלפיה עם שוקולד מילקה 175 גר,,,גבינת פילדלפיה עם שו,גרמים,175.00,100 גרם,false,1,17.90,10.23,true,1,
7630311507016,false,סטארבקס קפסולות סאני דיי 57 ג,,,סטארבקס קפסולות סאני,גרמים,57.00,100 גרם,false,1,22.90,40.18,true,1,
7630477891592,false,סטארבקס קפסולות האוס בלנד 57 גרם,,,סטארבקס קפסולות האוס,גרמים,57.00,100 גרם,false,1,22.90,40.18,true,1,
7630477891615,false,סטארבקס קפסולות סומטרה 55 גרם,,,סטארבקס קפסולות סומט,גרמים,55.00,100 גרם,false,1,22.90,41.64,true,1,
7630477891639,false,סטארבקס קפסולות ורונה 55 גרם,,,סטארבקס קפסולות ורונ,גרמים,55.00,100 גרם,false,1,22.90,41.64,true,1,
7630477891653,false,סטארבקס קפסולות אספרסו נטול 57 גרם,,,סטארבקס קפסולות אספר,גרמים,57.00,100 גרם,false,1,22.90,40.18,true,1,
7630477891677,false,סטארבקס קפסולות פייק פלייס 53 גרם,,,סטארבקס קפסולות פייק,גרמים,53.00,100 גרם,false,1,22.90,43.21,true,1,
7630477891691,false,סטארבקס קפסולות קולומביה 57 גרם,,,סטארבקס קפסולות קולו,גרמים,57.00,100 גרם,false,1,22.90,40.18,true,1,
7630477891738,false,סטארבקס קפסולות אספרסו בלונד 53 גרם,,,סטארבקס קפסולות אספר,גרמים,53.00,100 גרם,false,1,22.90,43.21,true,1,
7702024258322,false,פיטנס חטיפי קרקר ציה ופשתן 234 גר,,,פיטנס חטיפי קרקר ציה,גרמים,234.00,100 גרם,false,1,13.90,5.94,true,1,
7790240017045,false,טרפיצה מלבק 750 מל-יין אדום,,,"טרפיצה מלבק 750 מ""ל-",Unknown,0.00,Unknown,false,1,46.90,46.90,true,1,
7790240020052,false,יין אדום טרפיצה סירה סדרת OAK CASK,,,יין אדום טרפיצה סירה,Unknown,0.00,Unknown,false,1,61.90,61.90,true,1,
7790240072808,false,יין אדום טרפיצה מלבק סדרת OAK CASK,,,יין אדום טרפיצה מלבק,Unknown,0.00,Unknown,false,1,61.90,61.90,true,1,
7790240090154,false,יין טרפיצה ברוקל מלבק  750 מל,,,יין טרפיצה ברוקל מלב,Unknown,0.00,Unknown,false,1,72.90,72.90,true,1,
7790240094442,false,"יין טרפיצה פיור מלבק 750 מ""ל",,AR,יין טרפיצה פיור מלבק,מיליליטרים,750.00,"100 מ""ל",false,1,60.90,8.12,true,1,
7790240097474,false,"יין פיור שרדונה 750 מ""ל",,AR,יין פיור שרדונה 750,מיליליטרים,750.00,"100 מ""ל",false,1,60.90,8.12,true,1,
7790762000686,false,סנטה אנה שיראז 750 מל,,,סנטה אנה שיראז 750 מ,Unknown,0.00,Unknown,false,1,41.90,41.90,true,1,
7790762000693,false,סנטה אנה שרדונה 750 מל,,,סנטה אנה שרדונה 750,Unknown,0.00,Unknown,false,1,41.90,41.90,true,1,
7790762001287,false,סנטה אנה קברנה סובניון 750 מל,,,סנטה אנה קברנה,Unknown,0.00,Unknown,false,1,41.90,41.90,true,1,
7790762001348,false,סנטה אנה מלבק 750 מל,,,סנטה אנה מלבק 750 מל,Unknown,0.00,Unknown,false,1,41.90,41.90,true,1,
7790762052494,false,"יין גראן מסקוטה מלבק 750 מ""ל",,,יין גראן מסקוטה מלבק,Unknown,0.00,Unknown,false,1,110.90,110.90,true,1,
8000037000235,false,"ואל דוקה, פרוסקו יבש  750 מ""ל",ואל דוקה,,"ואל דוקה, פרוסקו יבש",Unknown,0.00,Unknown,false,1,57.90,57.90,true,1,
8000037002246,false,"ואל דוקה, פרוסקו רוזה 750 מ""ל",,,"ואל דוקה, פרוסקו רוז",מיליליטרים,750.00,"100 מ""ל",false,1,54.90,7.32,true,1,
8000040001106,false,"קמפרי 700 מ""ל",,,"קמפרי 700 מ""ל",מיליליטרים,700.00,"100 מ""ל",false,1,89.90,12.84,true,1,
8000070053465,false,קפסולות לוואצה אורו חוזק 8 10 יח,,IT,קפסולות לוואצה אורו,יחידה,1.00,יחידה,false,1,22.90,22.90,true,1,
8000070081000,false,קפסולות לוואצה הרמווניק 8 נספרסו 50 גר,,,קפסולות לוואצה הרמוו,גרמים,50.00,100 גרם,false,1,20.90,41.80,true,1,
8000139000942,false,פסטה גרפולו לומצינה 500 גרם,,,פסטה גרפולו לומקינה,גרמים,500.00,100 גרם,false,1,14.20,2.84,true,1,
8000139001253,false,פסטה גרפולו פוזילי לונגי 500 גרם,,,פסטה גרפולו פוזילי,גרמים,500.00,100 גרם,false,1,15.40,3.08,true,1,
8000139910142,false,פסטה גרפולו ספגטי 500 גרם,,,פסטה גרפולו ספגטי 50,גרמים,500.00,100 גרם,false,1,14.20,2.84,true,1,
8000139910173,false,פסטה גרפולו אורזו 500 גרם,,,פסטה גרפולו אורזו 50,גרמים,500.00,100 גרם,false,1,14.20,2.84,true,1,
8000139910227,false,פסטה גרפולו פוזילי 500 גרם,,,פסטה גרפולו פוזילי 5,גרמים,500.00,100 גרם,false,1,14.20,2.84,true,1,
8000139910234,false,פסטה גרפולו פנה ריגטה 500 גר,,,פסטה גרפולו פנה ריגט,גרמים,500.00,100 גרם,false,1,14.20,2.84,true,1,
8000139910265,false,פסטה ראדיאטורי גרפולו 500 גר,,,פסטה ראדיאטורי גרפול,גרמים,500.00,100 גרם,false,1,14.20,2.84,true,1,
8000139920875,false,ניוקי תפוח אדמה גרפולו 500 גרם,,,ניוקי תפוח אדמה גרפו,גרמים,500.00,100 גרם,false,1,15.40,3.08,true,1,
8000215204219,false,משקה אורז - אורגני 1 ליטר,,,משקה אורז - אורגני 1,מיליליטרים,1000.00,"100 מ""ל",false,1,15.90,1.59,true,1,
8000215204240,false,משקה שקדים ואורז - אורגני 1 ליטר,,,משקה שקדים ואורז - א,מיליליטרים,1000.00,"100 מ""ל",false,1,15.90,1.59,true,1,
8000215204653,false,VITASI משקה סויה 1 ליטר,,,VITASI משקה סויה 1 ל,מיליליטרים,1000.00,"100 מ""ל",false,1,13.90,1.39,true,1,
8000215204677,false,משקה ש.שועל בריסטה אורגני 1 ליטר ויטריז,,,משקה ש.שועל בריסטה א,מיליליטרים,1000.00,"100 מ""ל",false,1,15.90,1.59,true,1,
8000215204714,false,משקה שיבולת שועל אורגני 1 ליטר PRIMAVENA,,,משקה שיבולת שועל אור,מיליליטרים,1000.00,"100 מ""ל",false,1,15.90,1.59,true,1,
8000320010026,false,עגבניות תמר מקולפות CIRIO 400 גר,,IT,עגבניות תמר מקולפות,גרמים,400.00,100 גרם,false,1,7.90,1.98,true,1,
8000320010088,false,רסק עגבניות CIRIO בקבוק 680 גר,,IT,פסאטה במרקם גס 680 מ,מיליליטרים,680.00,"100 מ""ל",false,1,14.60,2.15,true,1,
8000320010095,false,"פסאטה במרקם עדין 700 מ""ל CIRIO",,IT,פסאטה במרקם עדין 700,מיליליטרים,700.00,"100 מ""ל",false,1,12.90,1.84,true,1,
8000380003723,false,עוגיות גרנד פטיסרי 100 ג אגוזים,,,עוגיות גרנד פטיסרי 1,גרמים,100.00,100 גרם,false,1,13.90,13.90,true,1,
8000380004669,false,וופל שוקולד לואקר 200 גרם,,,וופל שוקולד לואקר 20,גרמים,200.00,100 גרם,false,1,15.90,7.95,true,1,
8000380004676,false,וופל וניל 200 גרם,,,וופל וניל 200 גרם,גרמים,200.00,100 גרם,false,1,15.90,7.95,true,1,
8000380004881,false,וופל קואדרטיני טירמיסו 250 ג,,,וופל קואדרטיני טירמי,גרמים,220.00,100 גרם,false,1,15.90,7.23,true,1,
8000380004911,false,וופל קוארדטיני אגוז 250 גרם,,,וופל קוארדטיני אגוז,גרמים,250.00,100 גרם,false,1,15.90,6.36,true,1,
8000380007219,false,וופל לואקר אגוז 175 גרם,,,וופל לואקר אגוז 175,גרמים,175.00,100 גרם,false,1,12.90,7.37,true,1,
8000380007257,false,וופל גרדנה אגוז 200 גרם,,,וופל גרדנה אגוז 200,גרמים,200.00,100 גרם,false,1,15.90,7.95,true,1,
8000380007264,false,וופל לואקר קקאו 175 גרם,,,וופל לואקר קקאו 175,גרמים,175.00,100 גרם,false,1,12.90,7.37,true,1,
8000380106028,false,טורטינה אורגינל 1/6 125 גר לואקר,,,טורטינה אורגינל 1/6,גרמים,125.00,100 גרם,false,1,18.90,15.12,true,1,
8000380144044,false,וופל גרדנה שוקולד 200 גרם,,,וופל גרדנה שוקולד 20,גרמים,200.00,100 גרם,false,1,15.90,7.95,true,1,
8000380156825,false,שוקולד לואקר חלב 87 גרם,,IT,שוקולד לואקר חלב 87,גרמים,87.00,100 גרם,false,1,8.90,10.23,true,1,
8000380156849,false,שוקולד לואקר מריר 87 גרם,,IT,שוקולד לואקר מריר 87,גרמים,87.00,100 גרם,false,1,8.90,10.23,true,1,
8000380156856,false,שוקולד לואקר לבן 87 גרם,,IT,שוקולד לואקר לבן 87,גרמים,87.00,100 גרם,false,1,8.90,10.23,true,1,
8000380157440,false,שוקולד חלב ממולא קרם אגוזי לוז  85 גר,,,שוקולד חלב ממולא קרם,גרמים,85.00,100 גרם,false,1,8.90,10.47,true,1,
8000380205400,false,וופל לואקר קואדרטיני חמאת בוטנים 250 גר,,AT,וופל לואקר קואדרטיני,גרמים,250.00,100 גרם,false,1,15.90,6.36,true,1,
8000380205523,false,וופל לואקר קלאסיק חמאת בוטנים 175 גר,,AT,וופל לואקר קלאסיק חמ,גרמים,175.00,100 גרם,false,1,12.90,7.37,true,1,
8000500029350,false,שלישייה קינדר בואנו חלב 129 גרם,,,שלישייה קינדר בואנו,גרמים,129.00,100 גרם,false,1,12.90,10.00,true,1,
8000500037874,false,בונבוניירה פררו רושה 200 גרם,,,בונבוניירה פררו רושה,גרמים,200.00,100 גרם,false,1,26.90,13.45,true,1,
8000500071083,false,קינדר שוקולד מארז 200 גרם,,,קינדר שוקולד מארז 20,גרמים,200.00,100 גרם,false,1,14.50,7.25,true,1,
8000500075708,false,קינדר גוי כחול מארז 3*20 גר,,,קינדר גוי כחול מארז,גרמים,60.00,100 גרם,false,1,15.90,26.50,true,1,
8000500121436,false,שלישייה קינדר בואנו לבן 129 גרם,,,שלישייה קינדר בואנו,גרמים,129.00,100 גרם,false,1,12.90,10.00,true,1,
8000500126325,false,קינדר גוי ורוד מארז 3*60 גר,,,קינדר גוי ורוד מארז,גרמים,60.00,100 גרם,false,1,15.90,26.50,true,1,
8000500164242,false,בונבוניירה רפאלו 70 גר,,,בונבוניירה רפאלו 70,גרמים,70.00,100 גרם,false,1,13.50,19.29,true,1,
8000500249352,false,קינדר בואנו מיני מיקס 205 גרם,,,קינדר בואנו מיני מיק,גרמים,205.00,100 גרם,false,1,19.90,9.71,true,1,
8000500256213,false,קינדר שוקולד מיני 120 גרם,,IT,קינדר שוקולד מיני 12,גרמים,120.00,100 גרם,false,1,12.50,10.42,true,1,
8000500269169,false,קינדר קארדס חמישייה 128 גרם,,IT,וופל קינדר קארדס 128,גרמים,128.00,100 גרם,false,1,14.90,11.64,true,1,
8000500273555,false,פררו חנותה 44 גרם,,,פררו חנותה 44 גרם,גרמים,44.00,100 גרם,false,1,5.20,11.82,true,1,
8000500283158,false,עוגת קינד במילוי קרם חלב 270 גרם,,,עוגת קינד במילוי קרם,גרמים,270.00,100 גרם,false,1,29.90,11.07,true,1,
8000500283240,false,עוגת קינדר במילוי קרם שוקולד 290 גרם,,,פררו-קינדר עוגת ספוג,גרמים,290.00,100 גרם,false,1,29.90,10.31,true,1,
8000500359556,false,טבלת שוקולד רפאלו 90 גרם,,DE,טבלת שוקולד רפאלו 90,גרמים,90.00,100 גרם,false,1,18.60,20.67,true,1,
8000500359815,false,טבלת שוקולד פררו רושה מריר 90 ג רם,,DE,טבלת שוקולד פררו רוש,גרמים,90.00,100 גרם,false,1,18.60,20.67,true,1,
8001090184412,false,"נוזל כלים פיירי לימון 900 מ""ל",,GB,נוזל כלים פיירי לימו,מיליליטרים,900.00,"100 מ""ל",false,1,13.90,1.54,true,1,
8001090493637,false,שמפו לגבר אולטרא טוטאל קר הד&שולדרס 450מ,,,שמפו לגבר אולטרא טוט,מיליליטרים,450.00,"100 מ""ל",false,1,27.50,6.11,true,1,
8001090721129,false,קפסולות לכביסה אריאל פודש קולור 27 יח,,FR,קפסולות לכביסה אריאל,Unknown,0.00,Unknown,false,1,36.90,36.90,true,1,
8001090740717,false,מגן תחתון אולוויז מגה פק נורמל פרש 76 יח,,,מגן תחתון אולוויז מג,Unknown,0.00,Unknown,false,1,22.90,22.90,true,1,
8001090802385,false,קפסולות גל לכביסה טייד בניחוח לנור 26 יח,,FR,קפסולות גל לכביסה טי,Unknown,0.00,Unknown,false,1,34.90,34.90,true,1,
8001090832450,false,"שמפו פנטן הנוסחה הקלאסית 660 מ""ל",,,שמפו פנטן הנוסחה הקל,מיליליטרים,660.00,"100 מ""ל",false,1,23.90,3.62,true,1,
8001090832818,false,"קונדישנר פנטן הנוסחה הקלאסית 660 מ""ל",,,קונדישנר פנטן הנוסחה,מיליליטרים,660.00,"100 מ""ל",false,1,23.90,3.62,true,1,
8001090833167,false,גל כביסה אריאל בניחוח הרים 2.365 ליטר,,FR,גל כביסה אריאל בניחו,ליטרים,0.00,ליטר,false,1,36.90,36.90,true,1,
8001090899194,false,תחבושות אולוויז פלטינום נורמל 24 יח,,DE,תחבושות אולוויז פלטי,Unknown,0.00,Unknown,false,1,27.20,27.20,true,1,
8001100050546,false,עוגת פנטונה עם צימוקים וקליפות תפו 500 ג,,,עוגת פנטונה עם צימוק,גרמים,500.00,100 גרם,false,1,37.90,7.58,true,1,
8001100051055,false,עוגת פנטונה עם צימוקים בציפוי אגוזי 750ג,,,עוגת פנטונה עם צימוק,גרמים,750.00,100 גרם,false,1,49.90,6.65,true,1,
8001100059198,false,עוגת פנטונה בלוקו 100 גרם,,,עוגת פנטונה בלוקו,Unknown,0.00,Unknown,false,1,16.90,16.90,true,1,
8001160001786,false,"גטורייד ספורט כחול 500 מ""ל",,,גטורייד ספורט כחול 5,מיליליטרים,500.00,"100 מ""ל",false,1,12.90,2.58,true,1,
8001160001892,false,"גטורייד ספורט תפוז אדום 500 מ""ל",,,גטורייד ספורט תפוז א,מיליליטרים,500.00,"100 מ""ל",false,1,12.90,2.58,true,1,
8001200023808,false,פסטה אליציה צבעוני 500 גר Agnesi,,,פסטה אליציה צבעוני 5,גרמים,500.00,100 גרם,false,1,8.80,1.76,true,1,
8001200039014,false,פסטה פנה חיטה מלאה 500 גר Agnesi,,,פסטה פנה חיטה מלאה 5,גרמים,500.00,100 גרם,false,1,14.20,2.84,true,1,
8001200045039,false,פסטה ספגטי מס.3 500 גר Agnesi,,IT,פסטה ספגטי מס.3 500,גרמים,500.00,100 גרם,false,1,8.80,1.76,true,1,
8001200045053,false,פסטה ספגטיני מס.2 500 גר Agnesi,,IT,פסטה ספגטיני מס.2 50,גרמים,500.00,100 גרם,false,1,8.80,1.76,true,1,
8001200045190,false,פסטה אליציה מס.56 500 גר Agnesi,,,פסטה אליציה מס.56 50,גרמים,500.00,100 גרם,false,1,8.80,1.76,true,1,
8001200045299,false,פסטה פנה ריגטה 500 גר Agnesi,,IT,פסטה פנה ריגטה 500 ג,גרמים,500.00,100 גרם,false,1,8.80,1.76,true,1,
8001200045350,false,פסטה ניוקי 500 גר Agnesi,,IT,פסטה ניוקי 500 גר Ag,גרמים,500.00,100 גרם,false,1,8.80,1.76,true,1,
8001200045374,false,פסטה צילנטני מסולסל 500 גר Agnesi,,,פסטה צילנטני מסולסל,גרמים,500.00,100 גרם,false,1,8.80,1.76,true,1,
8001200045916,false,פסטה טליאטלה ביצים 250 גר Agnesi,,,פסטה טליאטלה ביצים 2,גרמים,250.00,100 גרם,false,1,14.20,5.68,true,1,
8001200045978,false,פסטה פפרדלה ביצים 250 גר Agnesi,,,פסטה פפרדלה ביצים 25,גרמים,250.00,100 גרם,false,1,14.20,5.68,true,1,
8001200320853,false,פסטה קנלוני 250 גר Agnesi,,,פסטה קנלוני 250 גר A,גרמים,250.00,100 גרם,false,1,12.90,5.16,true,1,
8001291057515,false,ברון קיאנטי דל ברון ריקאסולי 750 מל,,,ברון קיאנטי דל ברון,Unknown,0.00,Unknown,false,1,52.90,52.90,true,1,
8001387287109,false,קונטיזקה קוואטרו קונטי פרימיטיבו 750 מל,,IT,קונטיזקה קוואטרו קונ,מיליליטרים,750.00,"100 מ""ל",false,1,45.90,6.12,true,1,
8001440118944,false,עגבניות פולפה 3*400 גר CIRIO,,IT,עגבניות פולפה 3*400,קילוגרמים,0.00,"ק""ג",false,1,15.90,15.90,true,1,
8001620017449,false,"בנדטו שישייה 500 מ""ל פקק ספורט",,,"בנדטו שישייה 500 מ""ל",מיליליטרים,500.00,"100 מ""ל",false,1,3.50,0.70,true,1,
8001620017456,false,"סאן בנדטו שישייה 500 מ""ל פקק ספורט",,,סאן בנדטו שישייה 500,מיליליטרים,3000.00,"100 מ""ל",false,1,16.90,0.56,true,1,
8001620019160,false,"סאן בנדטו אפרסק 400 מ""ל",,IL,סאן בנדטו אפרסק 400,מיליליטרים,400.00,"100 מ""ל",false,1,5.50,1.38,true,1,
8001620019177,false,"סאן בנדטו ענבים 400 מ""ל",,IL,סאן בנדטו ענבים 400,מיליליטרים,400.00,"100 מ""ל",false,1,5.50,1.38,true,1,
8001841625461,false,"נוזל כלים פיירי פלטינום אורגינל 515 מ""ל",,GB,נוזל כלים פיירי פלטי,מיליליטרים,515.00,"100 מ""ל",false,1,12.50,2.43,true,1,
8001841669465,false,קפסולות לכביסה אריאל 24 יח בניחוח לנור,,FR,קפסולות לכביסה אריאל,Unknown,0.00,Unknown,false,1,36.90,36.90,true,1,
8001841958460,false,טבליות למדיח פיירי 48 יח,,BE,טבליות למדיח פיירי 4,יחידה,1.00,יחידה,false,1,43.90,43.90,true,1,
8001841960081,false,טבליות למדיח פלטינום פיירי 37 יחידות,,,טבליות למדיח פלטינום,יחידה,1.00,יחידה,false,1,43.90,43.90,true,1,
8002230000012,false,אפרול 1 ליטר,,,אפרול 1 ליטר,מיליליטרים,1000.00,"100 מ""ל",false,1,89.90,8.99,true,1,
8002270015649,false,משקה סאן פלגרינו 250 מל,,,משקה סאן פלגרינו 1/2,מיליליטרים,250.00,"100 מ""ל",false,1,8.20,3.28,true,1,
8002270015656,false,סאן פלגרינו 750 מל,,,סאן פלגרינו 750 מל,מיליליטרים,750.00,"100 מ""ל",false,1,11.90,1.59,true,1,
8002270206832,false,"סן פלגרינו תפוז 200 מ""ל ARANCIATA",,,סן פלגרינו תפוז 200,מיליליטרים,200.00,"100 מ""ל",false,1,8.20,4.10,true,1,
8002270216800,false,סאן פלגרינו בטעם לימון 500 מ,,,סאן פלגרינו בטעם לימ,מיליליטרים,500.00,"100 מ""ל",false,1,6.90,1.38,true,1,
8002270226823,false,"LIMONATA סן פלגרינו לימון 200 מ""ל",,,LIMONATA סן פלגרינו,מיליליטרים,200.00,"100 מ""ל",false,1,8.20,4.10,true,1,
8002270236808,false,סאן פלגרינו בטעם תפוז אדום ופטל 500 מ,,,סאן פלגרינו בטעם תפו,מיליליטרים,500.00,"100 מ""ל",false,1,6.90,1.38,true,1,
8002270846472,false,מים סאן פלגרינו פלסט 500 מל,,,מים סאן פלגרינו פלסט,מיליליטרים,500.00,"100 מ""ל",false,1,5.90,1.18,true,1,
8002670504279,false,גרנורולו בורגר צמחי 220 גרם,,IT,גרנורולו בורגר צמחי,גרמים,220.00,100 גרם,false,1,31.50,14.32,true,1,
8003207997854,false,"יין פאבולינו קיאנטי  750 מ""ל",,IT,יין פאבולינו קיאנטי,Unknown,0.00,Unknown,false,1,41.90,41.90,true,1,
8003207997861,false,"יין פאבולינו טוסקנה רוסו 750 מ""ל",,IT,יין פאבולינו טוסקנה,Unknown,0.00,Unknown,false,1,55.90,55.90,true,1,
8003294931557,false,פילה מקרל 150 גר,,,פילה מקרל 150 גר,גרמים,150.00,100 גרם,false,1,33.90,22.60,true,1,
8003753900469,false,קפה לנדוור אילי קלייה כהה 250 גרם,,,קפה לנדוור אילי קליי,גרמים,250.00,100 גרם,false,1,51.50,20.60,true,1,
8004030022010,false,ריו מרה אינסלטיסימי ירקות גינה טונה 160,,,ריו מרה אינסלטיסימי,גרמים,160.00,100 גרם,false,1,17.90,11.19,true,1,
8004030044005,false,טונה בשמן זית ריו מרה 160 גרם,,,טונה בשמן זית ריו מר,גרמים,160.00,100 גרם,false,1,18.70,11.69,true,1,
8004030177000,false,שלישיית טונה בשמן זית עם צילי 3*80 גרם,,,טונה בשמן זית עם ציל,גרמים,240.00,100 גרם,false,1,28.90,12.04,true,1,
8004030344938,false,שלישיית טונה ריו מרה 3*80 גרם,,,שלישיית טונה ריו מרה,גרמים,240.00,100 גרם,false,1,28.90,12.04,true,1,
8004275054418,false,שמן זרעי ענבים 1 ליטר קוריצלי,,,שמן זרעי ענבים 1 ליט,מיליליטרים,1000.00,"100 מ""ל",false,1,43.90,4.39,true,1,
8004275058942,false,"שמן זית כתית מעולה 750 מ""ל CIRIO",,,שמן זית כתית מעולה 7,מיליליטרים,750.00,"100 מ""ל",false,1,39.90,5.32,true,1,
8004275079442,false,שמן זית כתית מעולה לא מסונן 1 ליטר CIRIO,,,שמן זית כתית מעולה,מיליליטרים,1000.00,"100 מ""ל",false,1,59.90,5.99,true,1,
8004275080509,false,"CIRIO שמן זית אורגני כתית מעולה 500 מ""ל",,IT,CIRIO שמן זית אורגני,מיליליטרים,500.00,"100 מ""ל",false,1,42.90,8.58,true,1,
8005095010141,false,"יין פיגין פריולאנו פריולי גראב 750 מ""ל",,,יין פיגין פריולאנו פ,מיליליטרים,750.00,"100 מ""ל",false,1,78.90,10.52,true,1,
8005095010172,false,יין פיגין פינו גריגיו פריולי גראב 750 מל,,,יין פיגין פינו גריגי,מיליליטרים,750.00,"100 מ""ל",false,1,78.90,10.52,true,1,
8005095021215,false,יין פיגין סוביניון בלאן פריולי גראב 750,,,יין פיגין סוביניון ב,מיליליטרים,750.00,"100 מ""ל",false,1,78.90,10.52,true,1,
8005110002243,false,רכז עגבניות DOPPIO בשפופרת 185 גרם,,,רכז עגבניות DOPPIO ב,גרמים,185.00,100 גרם,false,1,8.90,4.81,true,1,
8005110170300,false,POLPA עגבניות חתוכות דק 400X3 גרם MUTTI,,,POLPA עגבניות חתוכות,גרמים,400.00,100 גרם,false,1,19.90,4.98,true,1,
8005110171215,false,POLPAPEZZI עגבניות חתוכות 690 גרם MUTTI,,,POLPAPEZZI עגבניות ח,גרמים,500.00,100 גרם,false,1,16.90,3.38,true,1,
8005110191015,false,רסק עגבניות ובזיליקום 700 גרם,,,רסק עגבניות ובזיליקו,גרמים,500.00,100 גרם,false,1,14.90,2.98,true,1,
8005200486526,false,"נסטי בטעם אפרסק 500 מ""ל",,,נסטי בטעם אפרסק 500,מיליליטרים,500.00,"100 מ""ל",false,1,6.50,1.30,true,1,
8005390002667,false,יין פרוסקו ברוט 750 מל,,,יין פרוסקו ברוט 750,Unknown,0.00,Unknown,false,1,60.90,60.90,true,1,
8005390036075,false,סרטורי קברנה סוביניון 750 מל,,,יין וילה מורה קברנה,Unknown,0.00,Unknown,false,1,40.90,40.90,true,1,
8005390036099,false,סרטורי מרלו 750 מל,,,וילה מורה מרלו 750 מ,Unknown,0.00,Unknown,false,1,40.90,40.90,true,1,
8005390046579,false,"סרטורי, פינו גריגיו רוזה, לאב סטורי 750מ",,,סרטורי פינו גריגיו,Unknown,0.00,Unknown,false,1,52.90,52.90,true,1,
8005390095317,false,יין סרטורי קוסטוזה 750 מל,,,יין סרטורי קוסטוזה 7,Unknown,0.00,Unknown,false,1,52.90,52.90,true,1,
8005390936153,false,"סרטורי פינו גריגיו ארכולה 750 מ""ל",,,סרטורי פינו גריגיו,Unknown,0.00,Unknown,false,1,52.90,52.90,true,1,
8005493001031,false,יין ציטרה טרביאנו דאברוצו 750 מל,,,יין ציטרה טרביאנו דא,Unknown,0.00,Unknown,false,1,49.90,49.90,true,1,
8006227001372,false,סמנצאטו לחם לבן שמן זית ללא קשה 400 גר,,,סמנצאטו לחם לבן שמן,גרמים,400.00,100 גרם,false,1,19.90,4.98,true,1,
8006227001389,false,סמנצאטו לחם מלא שמן זית ללא קשה 400 גר,,,סמנצאטו לחם מלא שמן,גרמים,400.00,100 גרם,false,1,19.90,4.98,true,1,
8006290803521,false,"מים פררלה 750 מ""ל",,,"מים פררלה 750 מ""ל",מיליליטרים,750.00,"100 מ""ל",false,1,9.90,1.32,true,1,
8006540222089,false,מגבונים היגיינים לתינוקות ולילדים to go,,ES,מגבונים היגיינים לתי,יחידה,1.00,יחידה,false,1,7.90,7.90,true,1,
8006540425930,false,קפסולות לכביסה אריאל כתמים קשים 24 יח,,,קפסולות לכביסה אריאל,Unknown,0.00,Unknown,false,1,36.90,36.90,true,1,
8006540429327,false,"פיירי סבון כלים לימון 440 מ""ל",,,פיירי סבון כלים לימו,יחידה,1.00,יחידה,false,1,10.90,10.90,true,1,
8006663001042,false,גראנה פדאנה 200 גר,,IT,גרנה פדנו איטלקי,גרמים,200.00,100 גרם,false,1,28.20,14.10,true,1,
8006663001073,false,פרמזנו רגאנו איטלקי 200 גרם,,IT,פרמזנו רגאנו איטלקי,גרמים,200.00,100 גרם,false,1,35.90,17.95,true,1,
8007178120310,false,חומץ בלסמי גקובזי 500 מל,,,חומץ בלסמי גקובזי 50,מיליליטרים,500.00,"100 מ""ל",false,1,24.90,4.98,true,1,
8007178510685,false,"רוטב בסגנון בלסמי לבן 250 מ""ל",,IT,רוטב בסגנון בלסמי לב,מיליליטרים,250.00,"100 מ""ל",false,1,19.90,7.96,true,1,
8008440249425,false,בירה אסהי יבשה מאד 330 מל בקבוק,,,בירה אסהי  330 מל בק,מיליליטרים,330.00,"100 מ""ל",false,1,12.90,3.91,true,1,
8008698002049,false,קרקרים עגולים 175 גרם,,,קרקרים עגולים 175 גר,גרמים,175.00,100 גרם,false,1,24.90,14.23,true,1,
8008698004630,false,עוגיות דבל שוקולד 250 גרם,,,עוגיות דבל שוקולד 25,גרמים,250.00,100 גרם,false,1,30.50,12.20,true,1,
8008698005347,false,ביסקוטי שוקולד שר 150 גרם,,DE,ביסקוטי שוקולד שר 15,גרמים,150.00,100 גרם,false,1,15.90,10.60,true,1,
8008698012857,false,ביסקויטים פתי בר שר 165 גרם,,,ביסקויטים פתי בר שר,גרמים,165.00,100 גרם,false,1,21.50,13.03,true,1,
8008698054109,false,ממרח אגוזי לוז קקאו ומקלות אפויים 52 גר,,,ממרח אגוזי לוז קקאו,גרמים,52.00,100 גרם,false,1,13.90,26.73,true,1,
8009470009560,false,סימבה בקר לכלב 4 קג,,,סימבה בקר לכלב 4 קג,Unknown,0.00,Unknown,false,1,49.90,49.90,true,1,
8009915004167,false,ביסקוויט מקמח תירס עם קוקוס 250 גרם,,,ביסקוויט מקמח תירס ע,גרמים,250.00,100 גרם,false,1,17.90,7.16,true,1,
8014006000553,false,גראן בון-ברוסקטה עם שמן זית 150 גר,,IT,גראן בון-ברוסקטה עם,גרמים,150.00,100 גרם,false,1,13.90,9.27,true,1,
8014006005008,false,קרוטונים אפויים עם שמן זית 200 גר,,,קרוטונים אפויים עם ש,גרמים,200.00,100 גרם,false,1,18.90,9.45,true,1,
8014006008047,false,גראן בון-ברוסקטה  עם רוזמרין 150 גר,,IT,גראן בון-ברוסקטה  עם,גרמים,150.00,100 גרם,false,1,12.90,8.60,true,1,
8015997000911,false,מאריני בישקוטים 200 גרם,,,מאריני בישקוטים 200,ליטרים,0.00,ליטר,false,1,8.00,8.00,true,1,
8017938005764,false,מיץ תפוחים אורגני 100% 1 ליטר נטורפוד,,,מיץ תפוחים אורגני 10,מיליליטרים,1000.00,"100 מ""ל",false,1,23.20,2.32,true,1,
8019428000099,false,משקה אורז אורגני בתוספת שקדים 1 ליטר,,,משקה אורז אורגני בתו,מיליליטרים,1000.00,"100 מ""ל",false,1,15.60,1.56,true,1,
8024985002912,false,סמוזי אגס בטטה 100 גר נטורה נובה,,IT,סמוזי אגס בטטה 100 ג,גרמים,100.00,100 גרם,false,1,6.50,6.50,true,1,
8024985002943,false,סמוזי נטורה נובה תפוח אננס קוקוס 100 גרם,,,סמוזי נטורה נובה תפו,גרמים,100.00,100 גרם,false,1,6.50,6.50,true,1,
8024985002950,false,סמוזי שזיף אורגני 100 גרם,,IT,סמוזי שזיף אורגני 10,גרמים,100.00,100 גרם,false,1,6.50,6.50,true,1,
8024985002967,false,סמוזי נטורה נובה בננה תרד 100 גרם,,,סמוזי נטורה נובה בננ,גרמים,100.00,100 גרם,false,1,6.50,6.50,true,1,
8024985003988,false,סמוזי תפוח בננה 100 גר נטורה נובה,,,סמוזי תפוח בננה 100,גרמים,100.00,100 גרם,false,1,6.50,6.50,true,1,
8024985004305,false,סמוזי תפוח רביעיה 400 גר נטורה נובה,,,סמוזי תפוח רביעיה 40,גרמים,400.00,100 גרם,false,1,24.50,6.13,true,1,
8024985005296,false,סמוזי אגס בננה תפוח וקינואה אורגני,,,סמוזי אגס בננה תפוח,גרמים,120.00,100 גרם,false,1,8.50,7.08,true,1,
8024985008037,false,סמוזי נטורה נובה סמוצי תפוח 100 גרם,,,מחית נטורה נובה סמוצ,גרמים,100.00,100 גרם,false,1,6.50,6.50,true,1,
8024985008044,false,סמוזי נטורה נובה סמוצי אגס 100 גרם,,,מחית נטורה נובה סמוצ,גרמים,100.00,100 גרם,false,1,6.50,6.50,true,1,
8028696273920,false,ממרח פיטריות בצנצנת 130 גרם אמאטו,,IT,ממרח פיטריות בצנצנת,גרמים,130.00,100 גרם,false,1,12.90,9.92,true,1,
8030316001011,false,מונטאלבאנו פינו גריגיו  750 מל אורגני,,,מונטאלבאנו פינו,מיליליטרים,750.00,"100 מ""ל",false,1,70.90,9.45,true,1,
8032523531299,false,ממרח קקאו עם אגוזי לוז 200 גרם,,IT,ממרח קקאו עם אגוזי ל,גרמים,200.00,100 גרם,false,1,25.90,12.95,true,1,
8032793342458,false,עגבניות מרוסקות דק ומסוננות בבקבוק 700 ג,,,עגבניות מרוסקות דק ו,גרמים,700.00,100 גרם,false,1,13.90,1.99,true,1,
8032804435636,false,פוזילי 4 דגנים אורגני 340 גרם פליסיה,,,פוזילי 4 דגנים אורגנ,גרמים,340.00,100 גרם,false,1,14.90,4.38,true,1,
8034023209104,false,רבעי ארטישוק 280 גרם TERRE,,,רבעי ארטישוק 280 גרם,גרמים,280.00,100 גרם,false,1,20.90,7.46,true,1,
8034023209128,false,ארטישוק בגריל 280 גרם TERRE,,,ארטישוק בגריל 280 גר,גרמים,280.00,100 גרם,false,1,18.60,6.64,true,1,
8076800195033,false,ספגטי ברילה מס 3 ברילה,,,ספגטי ברילה מס 3 ברי,גרמים,500.00,100 גרם,false,1,7.90,1.58,true,1,
8076800195057,false,ספגטי ברילה מס 5 ברילה,,,ספגטי ברילה מס 5 ברי,גרמים,500.00,100 גרם,false,1,7.90,1.58,true,1,
8076802085738,false,פסטה ברילה פנה רגטה מס 73,,,פסטה ברילה פנה רגטה,גרמים,500.00,100 גרם,false,1,7.90,1.58,true,1,
8076802085981,false,פסטה ברילה פוזילי מס 98,,,פסטה ברילה פוזילי מס,גרמים,500.00,100 גרם,false,1,7.90,1.58,true,1,
8076808060654,false,ברילה פרפלה מס 65,,,ברילה פרפלה מס 65,גרמים,500.00,100 גרם,false,1,7.90,1.58,true,1,
8076808150072,false,ספגטי ברילה מס 7 ברילה,,,ספגטי ברילה מס 7 ברי,גרמים,500.00,100 גרם,false,1,7.90,1.58,true,1,
8076809513654,false,בסיס רוטב עגבניות לבולונז 400 גרם ברילה,,,בסיס רוטב עגבניות לב,גרמים,400.00,100 גרם,false,1,16.90,4.23,true,1,
8076809513692,false,רוטב נפוליטנה 400 גרם ברילה,,,רוטב נפוליטנה 400 גר,גרמים,400.00,100 גרם,false,1,16.90,4.23,true,1,
8076809513739,false,רוטב בזיליקום 400 גרם ברילה,,,רוטב בזיליקום 400 גר,גרמים,400.00,100 גרם,false,1,16.90,4.23,true,1,
8076809523561,false,רוטב פסטה בטעם פיצה 400 גרם ברילה,,,רוטב פסטה בטעם פיצה,גרמים,400.00,100 גרם,false,1,16.90,4.23,true,1,
8076809523738,false,ברילה לזניה 500 גרם,,,ברילה לזניה 500 גרם,גרמים,500.00,100 גרם,false,1,25.90,5.18,true,1,
8076809545464,false,ברילה פסטה ללא גלוטן צורת ספירלי 400 גר,,,ברילה פסטה ללא גלוטן,גרמים,400.00,100 גרם,false,1,15.90,3.98,true,1,
8076809547956,false,ברילה צ.ק קיפרי 500 גרם,,IT,ברילה  קיפרי 500 גר,גרמים,500.00,100 גרם,false,1,7.90,1.58,true,1,
8121300206946,false,טרוביה סטיביה ממתיק 80 שקיקים 80 גר,,US,טרוביה סטיביה ממתיק,גרמים,80.00,100 גרם,false,1,34.50,43.13,true,1,
8410013381010,false,יין מבעבע קודורניו קלאסיקו ברוט 750 מל,,,יין מבעבע קודורניו ק,Unknown,0.00,Unknown,false,1,48.90,48.90,true,1,
8410013383014,false,יין קאווה קודורניו קלאסיקו חצי יבש 750 מ,,,יין קאווה קודורניו ק,Unknown,0.00,Unknown,false,1,48.90,48.90,true,1,
8410031132519,false,צופה צופס-לקקן 16 יח בשקית  120 גר,,AT,צופה צופס-לקקן 16 יח,גרמים,120.00,100 גרם,false,1,15.40,12.83,true,1,
8410376009392,false,"ביסקוויט ללת""ס חיטה מלאה 170 גר",,,ביסקוויט חיטה מלאה,גרמים,170.00,100 גרם,false,1,10.90,6.41,true,1,
8410376013191,false,קרקר פיק קוקטייל בצילינדר 350 גר גולון,,,קרקר פיק קוקטייל 350,גרמים,350.00,100 גרם,false,1,16.90,4.83,true,1,
8410406311006,false,מרקז דה קסרס ריוחה קריאנזה 750 מל,,,מרקז דה קסרס ריוחה,Unknown,0.00,Unknown,false,1,73.90,73.90,true,1,
8410406611007,false,מרקס דה קסרס רוזה ריוחה 750 מל,,,מרקס דה קסרס רוזה רי,Unknown,0.00,Unknown,false,1,64.90,64.90,true,1,
8410525183768,false,פיני סינימה מיקס 90 גרם,,ES,פיני סינימה מיקס 90,Unknown,1.00,Unknown,false,1,7.50,7.50,true,1,
8410655001147,false,בירה סאן מיגל 500 מל פחית,,,בירה סאן מיגל אספסיא,מיליליטרים,500.00,"100 מ""ל",false,1,9.90,1.98,true,1,
8410743700303,false,יין קווה קסטילו פרלדה חצי יבש 750 מל,,,יין קווה קסטילו פרלד,Unknown,0.00,Unknown,false,1,53.90,53.90,true,1,
8413165061618,false,אוגרטה ריוחה קריאנזה 750 מל,,,אוגרטה ריוחה קריאנזה,Unknown,0.00,Unknown,false,1,60.90,60.90,true,1,
8413165070825,false,אוגרטה ריוחה קוסצה 2012 750 מל,,,אוגרטה ריוחה קוסצה,Unknown,0.00,Unknown,false,1,48.90,48.90,true,1,
8413165085607,false,אוגרטה ריוחה רזרב 750 מל,,,אוגרטה ריוחה רזרב 75,Unknown,0.00,Unknown,false,1,86.90,86.90,true,1,
8413165103165,false,בודגס אוגרטה ריינרס אדום 750 מל,,,בודגס אוגרטה ריינרס,Unknown,0.00,Unknown,false,1,38.90,38.90,true,1,
8413165103189,false,בודגס אוגרטה ריינרס לבן 750 מל,,,בודגס אוגרטה ריינרס,Unknown,0.00,Unknown,false,1,38.90,38.90,true,1,
8413664511447,false,צנימים בטעם שום ופטרוזיליה 150 גרם,,,פאפאס ארגנטה-ברוסקטה,גרמים,150.00,100 גרם,false,1,13.90,9.27,true,1,
8413664811851,false,פאפאס ארגנטה ציפס עם שמן זית 160 גרם,,ES,פאפאס ארגנטה ציפס עם,גרמים,160.00,100 גרם,false,1,24.90,15.56,true,1,
8413664811905,false,פאפאס ארגנטה ציפס ש.זית קינואה מלח 150 ג,,ES,פאפאס ארגנטה ציפס ש.,גרמים,150.00,100 גרם,false,1,24.90,16.60,true,1,
8420708012822,false,קשקבל בשלה 200 גר,,,קשקבל בשלה 200 גר,גרמים,200.00,100 גרם,false,1,27.90,13.95,true,1,
8420822130624,false,"סופר מסיר כתמים 750 מ""ל",,,סופר מסיר כתמים 750,יחידה,1.00,יחידה,false,1,19.90,19.90,true,1,
8423207206488,false,חטיף דגנים מלאים מצופה שוקולד חלב 120 גר,,,חטיף דגנים מלאים מצו,גרמים,120.00,100 גרם,false,1,13.90,11.58,true,1,
8425206000081,false,ריבת חלב מרדל 450 גרם,,,ריבת חלב מרדל 450 גר,גרמים,450.00,100 גרם,false,1,21.90,4.87,true,1,
8431438000089,false,גבינה איבריקו גוורדמור ספרדי במשקל,,,גבינה גוורדמור ספרדי,Unknown,0.00,"ק""ג",true,0,220.00,220.00,true,1,
8431438000256,false,מנצגו קייסו ספרדי במשקל,,,מנצגו קייסו ספרדי במ,Unknown,0.00,"ק""ג",true,0,210.00,210.00,true,1,
8435185944009,false,"משקה קל ד""ר פפר 330 מ""ל",,,"משקה קל ד""ר פפר 330",מיליליטרים,330.00,"100 מ""ל",false,1,6.90,2.09,true,1,
8435185953711,false,"משקה מוגז ד""ר פפר 330 מ""ל ללא סוכר",,,"משקה מוגז ד""ר פפר 33",מיליליטרים,330.00,"100 מ""ל",false,1,5.90,1.79,true,1,
8435185954626,false,"משקה קל ד""ר פפר בטעם דובדבן 330 מ""ל",,,"משקה קל ד""ר פפר בטעם",מיליליטרים,330.00,"100 מ""ל",false,1,6.90,2.09,true,1,
8445290427120,false,פיטנס שוקולד מריר ובננה 330 גרם,,,פיטנס שוקולד מריר וב,גרמים,375.00,100 גרם,false,1,22.90,6.11,true,1,
8594404005096,false,בירה קוזל פרמיום בהירה 500 מל צכיה,,CZ,בירה קוזל פרמיום בהי,מיליליטרים,500.00,"100 מ""ל",false,1,13.90,2.78,true,1,
8594404115115,false,בירה פילזנר אורקוול פחית 500 מל,,CZ,בירה פילזנר אורקוול,מיליליטרים,500.00,"100 מ""ל",false,1,11.90,2.38,true,1,
8595134503302,false,פילטר ארוך 6 ממ,,,פילטר ארוך 6 ממ,Unknown,0.00,Unknown,false,1,5.00,5.00,true,1,
8595134503487,false,פילטרים לגילגול 5.3 ארוך PIH,,,פילטרים לגילגול 5.3,יחידה,1.00,יחידה,false,1,4.00,4.00,true,1,
8595134503975,false,נייר גלגול בינוני  כולל פילטר PIH,,,נייר גלגול בינוני  כ,יחידה,1.00,יחידה,false,1,6.00,6.00,true,1,
8681863065270,false,מלח ים מים האגאי וילי פוד 350 גר,,TR,מלח ים מים האגאי ויל,גרמים,350.00,100 גרם,false,1,24.90,7.11,true,1,
8681863065287,false,מלח הימלאיה וילי פוד 350 גר,,TR,מלח הימלאיה וילי פוד,גרמים,350.00,100 גרם,false,1,24.90,7.11,true,1,
8681863065324,false,מלח ים עם רוזמרין וילי פוד 200 גר,,TR,מלח ים עם רוזמרין וי,גרמים,200.00,100 גרם,false,1,24.90,12.45,true,1,
8683130025574,false,בדין אקסטרא לבנדר 960 מל,,,בדין אקסטרא לבנדר 96,מיליליטרים,960.00,"100 מ""ל",false,1,17.90,1.86,true,1,
8683130025581,false,בדין אקסטרא gbcr 960 מל,,,בדין אקסטרא gbcr 960,מיליליטרים,960.00,"100 מ""ל",false,1,17.90,1.86,true,1,
8690504081913,false,מקוויטיס טינס מצופה שוקולד חלב 150 גרם,,TR,מקוויטיס טינס מצופה,גרמים,150.00,100 גרם,false,1,12.00,8.00,true,1,
8690521016882,false,"שמפו דאב דמג תרפי רגיל 400 מ""ל",,,שמפו דאב דמג תרפי רג,מיליליטרים,400.00,"100 מ""ל",false,1,18.90,4.73,true,1,
8690637073434,false,תה ארל גריי 100 סרוויס,,,תה ארל גריי 100 שקיק,גרמים,200.00,100 גרם,false,1,31.50,15.75,true,1,
8690637505607,false,"מרכך כביסה בדין פינוק כחול 960 מ""ל",,,מרכך כביסה בדין פינו,מיליליטרים,960.00,"100 מ""ל",false,1,17.90,1.86,true,1,
8690637555084,false,מרכך כביסה בדין אקסטרא פריחת תפוז 960 מל,,,מרכך כביסה בדין אקסט,מיליליטרים,960.00,"100 מ""ל",false,1,17.90,1.86,true,1,
8690637871108,false,ממרח חרדל הלמנס 250 גרם,,,ממרח חרדל הלמנס 250,גרמים,250.00,100 גרם,false,1,15.90,6.36,true,1,
8690637871245,false,מיונז אמיתי הלמנס לחיץ 395 גם,,TR,מיונז אמיתי הלמנס לח,גרמים,395.00,100 גרם,false,1,16.90,4.28,true,1,
8690637890666,false,מאגדת מיני מגנום דאבל פיסטוק/שוקולד 6 יח,,IL,מאגדת מיני מגנום דאב,גרמים,282.00,100 גרם,false,1,34.90,12.38,true,1,
8690637935701,false,מרכך כביסה בדין אקסטרא מרוכז נטורל קר960,,TR,מרכך כביסה בדין אקסט,מיליליטרים,960.00,"100 מ""ל",false,1,17.90,1.86,true,1,
8690637976995,false,"מרכך כביסה בדין אקסטרה סחלבים 960 מ""ל",,TR,מרכך כביסה בדין אקסט,מיליליטרים,960.00,"100 מ""ל",false,1,17.90,1.86,true,1,
8690766156411,false,שוקולד מריר גודייבה תות ופלפל ורוד 90 גר,,TR,שוקולד מריר גודייבה,גרמים,90.00,100 גרם,false,1,15.90,17.67,true,1,
8690777204071,false,פלפל חריף 640 גרם SERA,,,פלפל חריף 640 גרם SE,גרמים,640.00,100 גרם,false,1,15.90,2.48,true,1,
8691451018335,false,דבק בעט סופר גלו גל לוקטייט 4 גר,,IE,דבק בעט סופר גלו גל,גרמים,4.00,100 גרם,false,1,22.90,572.50,true,1,
8693495052931,false,מברשות שיניים קולגייט אדוונס 360 זוג,,CN,מברשות שיניים זוג,Unknown,0.00,Unknown,false,1,43.90,43.90,true,1,
8697431460064,false,קונפיטורה 70% פרי משמש 450 גר,,,קונפיטורה 70% פרי מש,גרמים,450.00,100 גרם,false,1,18.60,4.13,true,1,
8697530910781,false,פאל מאל אדום האוס חפיסה,,,פאל מאל אדום האוס חפ,Unknown,0.00,Unknown,false,1,30.00,30.00,true,1,
8697826469092,false,טורטיה קטנה  12 יחידות 540 גרם,,,טורטיה קטנה  12 יחיד,גרמים,540.00,100 גרם,false,1,11.90,2.20,true,1,
8710448580089,false,מיונז הולנדי 500 מל לחיץ,,,"מיונז הולנדי 500 מ""ל",גרמים,500.00,100 גרם,false,1,15.40,3.08,true,1,
8710488190439,false,כרוב כבוש לבן מובחר 850 גרם,,,כרוב כבוש לבן מובחר,גרמים,850.00,100 גרם,false,1,15.00,1.76,true,1,
8710502064814,false,עוגיות מרבה שוקולד ציפס במרקם רך 175 גר,,,עוגיות מרבה שוקולד צ,גרמים,175.00,100 גרם,false,1,10.90,6.23,true,1,
8710502100864,false,מרבה פטיסרי עוגיות דאבל שוקולד 200 גרם,,NL,מרבה פטיסרי עוגיות ד,גרמים,200.00,100 גרם,false,1,11.50,5.75,true,1,
8710502279010,false,עוגיות מרבה שוקולד ציפס מ.שוקולד 175 גר,,,עוגיות מרבה שוקולד צ,גרמים,175.00,100 גרם,false,1,10.90,6.23,true,1,
8710502405204,false,עוגיות שוק.ציפס ממולאות קרם שוקולד 175 ג,,,עוגיות שוק.ציפס ממול,גרמים,175.00,100 גרם,false,1,10.90,6.23,true,1,
8710679158385,false,"ציפס פריטס קלאסי 2.5 ק""ג",,,"ציפס קלאסי 2.5 ק""ג",קילוגרמים,0.00,"ק""ג",false,1,44.90,44.90,true,1,
8710732228918,false,מצת קריקט,,,מצת קריקט,Unknown,0.00,Unknown,false,1,7.20,7.20,true,1,
8710847973970,false,"תחליב רחצה דאב אלוורה ועץ שדה 750 מ""ל",,,תחליב רחצה דאב אלוור,מיליליטרים,750.00,"100 מ""ל",false,1,23.90,3.19,true,1,
8710998460961,false,פאנדיז עוגיות חמאה דניות כריסמס 140 גר,,,פאנדיז עוגיות חמאה ד,גרמים,140.00,100 גרם,false,1,8.50,6.07,true,1,
8711000371176,false,קפסולות קפה אספרסו קלאסיקו גייקובס 52 גר,,FR,קפסולות קפה אספרסו ק,גרמים,52.00,100 גרם,false,1,17.90,34.42,true,1,
8711000371183,false,קפסולות קפה אספרסו אינטנסו גייקובס 52 גר,,FR,קפסולות קפה אספרסו א,גרמים,52.00,100 גרם,false,1,17.90,34.42,true,1,
8711000371244,false,קפסולות קפה אספרסו לונגו גייקובס 52 גר,,FR,קפסולות קפה אספרסו ל,גרמים,52.00,100 גרם,false,1,17.90,34.42,true,1,
8711327475717,false,מגנום וניל שקדים 302 גרם,,IL,מגנום וניל שקדים 302,גרמים,302.00,100 גרם,false,1,25.50,8.44,true,1,
8711406000496,false,"בירה לה טראפ טריפל 330 מ""ל",,,בירה לה טראפ טריפל 3,מיליליטרים,330.00,"100 מ""ל",false,1,13.90,4.21,true,1,
8711406032602,false,"בירה לה טראפ בלונד 330 מ""ל",,,בירה לה טראפ בלונד 3,מיליליטרים,330.00,"100 מ""ל",false,1,13.90,4.21,true,1,
8712000050146,false,"בירה היינקן 0.0% אלכוהול 330 מ""ל",,,בירה היינקן 0.0% אלכ,מיליליטרים,330.00,"100 מ""ל",false,1,6.50,1.97,true,1,
8712561594608,false,"תחליב רחצה דאב להזנה עמוקה 750 מ""ל",,,תחליב רחצה דאב להזנה,מיליליטרים,750.00,"100 מ""ל",false,1,23.90,3.19,true,1,
8712561611411,false,"תחליב רחצה דאב תה ירוק ומלפפון 750 מ""ל",,,תחליב רחצה דאב תה יר,מיליליטרים,750.00,"100 מ""ל",false,1,23.90,3.19,true,1,
8713499045156,false,גאודה כמון הולנדית במשקל,,,גאודה כמון הולנדית ב,Unknown,0.00,"ק""ג",true,0,121.00,121.00,true,1,
8713505038608,false,גאודה הולנדית פטריות כמהין במשקל,,,גאודה הולנדית פטריות,Unknown,0.00,"ק""ג",true,0,189.00,189.00,true,1,
8713600286072,false,לוק או לוק - גומי מגש סושי 100 גרם,,NL,לוק או לוק - גומי מג,Unknown,100.00,Unknown,false,1,21.90,0.22,true,1,
8713800119903,false,רד בנד מיקס גומי פירות 200 גרם,,NL,רד בנד מיקס גומי פיר,גרמים,200.00,100 גרם,false,1,10.90,5.45,true,1,
8713800121807,false,רד בנד בצורת מפתחות 200 גר,,,רד בנד בצורת מפתחות,גרמים,200.00,100 גרם,false,1,10.90,5.45,true,1,
8714200208051,false,ממתק לקריץ בציפוי דרגה בצורת גיר 156 ג,,,ממתק לקריץ בציפוי דר,גרמים,152.00,100 גרם,false,1,11.90,7.83,true,1,
8714599104316,false,קפה שחור קלוי וטחון טורקי גייקובס 200 גר,,RU,קפה שחור קלוי וטחון,גרמים,200.00,100 גרם,false,1,16.70,8.35,true,1,
8714599412220,false,גייקובס וולווט קפה נמס מיובש 95 גרם,,RU,גייקובס וולווט קפה נ,גרמים,95.00,100 גרם,false,1,17.70,18.63,true,1,
8714599412336,false,גיקובס בריסטה אמריקנו קפה נמס 160 גר,,,גיקובס בריסטה אמריקנ,גרמים,160.00,100 גרם,false,1,29.50,18.44,true,1,
8714599513781,false,גיקובס גולד מיובש בהקפאה 200 גר,,,גיקובס גולד מיובש בה,גרמים,200.00,100 גרם,false,1,29.90,14.95,true,1,
8714599513866,false,גיקובס קרונונג מיובש בהקפאה 200 גר,,,גיקובס קרונונג מיובש,גרמים,200.00,100 גרם,false,1,30.90,15.45,true,1,
8714789177229,false,רביעיית מברשות שיניים קולגייט אקסטרא,,,רביעיית מברשות שיניי,Unknown,0.00,Unknown,false,1,17.70,17.70,true,1,
8715151090788,false,"רום אל דורדו 3 שנים 700 מ""ל",,,רום אל דורדו 3 שנים,מיליליטרים,700.00,"100 מ""ל",false,1,119.90,17.13,true,1,
8715700110141,false,מיונז בצנצנת היינץ 460 גרם,,,מיונז בצנצנת היינץ 4,גרמים,460.00,100 גרם,false,1,12.90,2.80,true,1,
8715700110158,false,מיונז לייט בצנצנת היינץ 490 גרם,,,מיונז לייט בצנצנת הי,גרמים,490.00,100 גרם,false,1,12.90,2.63,true,1,
8715700115641,false,ממרח קרמי לחיץ לייט היינץ 420 גרם,,NL,ממרח קרמי לחיץ לייט,גרמים,420.00,100 גרם,false,1,15.90,3.79,true,1,
8715700117805,false,"מתבל עגבניות ללת""ס ומלח 425 מ""ל",,NL,"מתבל עגבניות ללת""ס ו",מיליליטרים,425.00,"100 מ""ל",false,1,12.90,3.04,true,1,
8715700120874,false,קטשופ שום היינץ 460 גרם,,NL,קטשופ שום היינץ 460,גרמים,460.00,100 גרם,false,1,11.40,2.48,true,1,
8715700416021,false,ממרח סנדויץ מלפפונים 300 גרם,,NL,ממרח סנדויץ מלפפונים,גרמים,300.00,100 גרם,false,1,18.40,6.13,true,1,
8715700419732,false,מתבל היינץ 700 גרם,,,מתבל היינץ 700 גרם,גרמים,700.00,100 גרם,false,1,13.90,1.99,true,1,
8715700423906,false,"מתבל עגבניות מופחת נתרן,פחות סוכר 555 גר",,,מתבל עגבניות מופחת נ,גרמים,555.00,100 גרם,false,1,11.90,2.14,true,1,
8716605000995,false,גבינה מסדאם הולנדית במשקל,,,גבינה מסדאם הולנדית,Unknown,0.00,"ק""ג",true,0,90.00,90.00,true,1,
8717677334117,false,טוני שוקולונלי שוקולד מריר 70% 180 גרם,,NL,טוני שוקולונלי שוקול,מיליליטרים,180.00,"100 מ""ל",false,1,21.90,12.17,true,1,
8717677338597,false,טוני שוקולונלי שוקולד חלב מריר 42% 180 ג,,NL,טוני שוקולונלי שוקול,מיליליטרים,180.00,"100 מ""ל",false,1,21.90,12.17,true,1,
8717677338610,false,טוני שוקולונלי שוקולד בייגלה טופ 180 ג,,NL,טוני שוקולונלי שוקול,מיליליטרים,180.00,"100 מ""ל",false,1,21.90,12.17,true,1,
8718114734484,false,מיונז מייל 320 גרם,,,מיונז מייל 320 גרם,גרמים,320.00,100 גרם,false,1,17.70,5.53,true,1,
8718951001589,false,אגקס ספריי מסיר שומנים במטבח 600 מל,,,אגקס ספריי מסיר שומנ,מיליליטרים,600.00,"100 מ""ל",false,1,16.90,2.82,true,1,
8718951236806,false,"מש.שיניים קולגייט טוטל להלבנה 100 מ""ל",,PL,קולגייט טוטל הלבנה,מיליליטרים,100.00,"100 מ""ל",false,1,20.90,20.90,true,1,
8718951247871,false,"מרסס אגקס טריגר לשירותים 500 מ""ל",,GR,מרסס אגקס טריגר לשיר,מיליליטרים,500.00,"100 מ""ל",false,1,16.90,3.38,true,1,
8718951431614,false,פלמוליב סבון נוזלי סו פירם מינרלי 750 מל,,,פלמוליב סבון נוזלי ס,מיליליטרים,750.00,"100 מ""ל",false,1,21.90,2.92,true,1,
8719956493140,false,טוני שוקולונלי ש. חלב  פקאן ובראוני 180ג,,,טוני שוקולונלי ש. חל,מיליליטרים,180.00,"100 מ""ל",false,1,21.90,12.17,true,1,
8719956496707,false,טוני שוקולונלי שוק. חלב ושבבי אגוזי 180ג,,,טוני שוקולונלי שוק.,מיליליטרים,180.00,"100 מ""ל",false,1,21.90,12.17,true,1,
8719992179596,false,גוי&קו קרמבו בציפוי קוקוס 200 גר,,,גוי&קו קרמבו בציפוי,גרמים,200.00,100 גרם,false,1,11.90,5.95,true,1,
8721200060107,false,סטרופ וופל 260 גר בקרסלנד,,,סטרופ וופל 260 גר בק,גרמים,260.00,100 גרם,false,1,16.50,6.35,true,1,
8801043031011,false,נונגשים ראמאן-נודלס שין חריף בכוס 68 ג,,KR,נונגשים ראמאן-נודלס,גרמים,68.00,100 גרם,false,1,12.90,18.97,true,1,
8801055707966,false,נסקפה טייסטרס צויס בריסטה 180 גר,,,נסקפה טייסטרס צויס ב,גרמים,180.00,100 גרם,false,1,32.90,18.28,true,1,
8801055709526,false,נסקפה קפוצינו שוקולד לבן 18*10,,,נסקפה קפוצינו שוקולד,גרמים,180.00,100 גרם,false,1,22.60,12.56,true,1,
8850161167041,false,"חלב קוקוס קוקו וואי 270 מ""ל",,TH,חלב קוקוס קוקו וואי,מיליליטרים,270.00,"100 מ""ל",false,1,9.20,3.41,true,1,
8850206250592,false,רוטב צ`ילי סיראצ`ה 540 גרם,,,רוטב צ`ילי סיראצ`ה 5,גרמים,540.00,100 גרם,false,1,20.90,3.87,true,1,
8850206280049,false,רוטב צילי חריף מיו 250 גרם,,TH,רוטב צילי חריף מיו 2,גרמים,250.00,100 גרם,false,1,17.70,7.08,true,1,
8850367992164,false,קרם קוקוס 250 מל 20-22% ללא חומר משמר,,,"קרם קוקוס 250 מ""ל 20",גרמים,250.00,100 גרם,false,1,8.90,3.56,true,1,
8850367994021,false,"רוטב צילי מתוק ללא סוכר לל""ג 280 מ""ל",,,רוטב צילי מתוק ללא ס,מיליליטרים,280.00,"100 מ""ל",false,1,13.90,4.96,true,1,
8850389103111,false,"משקה קל סאפה בטעם ענבים 300 מ""ל",,,משקה קל סאפה בטעם ענ,מיליליטרים,300.00,"100 מ""ל",false,1,9.90,3.30,true,1,
8850389103128,false,"משקה קל סאפה בטעם תפוח 300 מ""ל",,,משקה קל סאפה בטעם תפ,מיליליטרים,300.00,"100 מ""ל",false,1,9.90,3.30,true,1,
8850389103159,false,מוגו מוגו ליצי עם חתיכות גלי קוקוס 320 מ,,,מוגו מוגו ליצי עם חת,מיליליטרים,320.00,"100 מ""ל",false,1,8.80,2.75,true,1,
8850389105849,false,סאפה אלוורה אפרסק 1 ליטר,,,סאפה אלוורה אפרסק 1,מיליליטרים,1000.00,"100 מ""ל",false,1,15.20,1.52,true,1,
8850389111352,false,מוגו מוגו מלון עם חתיכות גלי קוקוס 320 מ,,,מוגו מוגו מלון עם חת,מיליליטרים,320.00,"100 מ""ל",false,1,8.80,2.75,true,1,
8850632604259,false,מקלות חספוסים יוגטה טעם תות שדה 50 גר,,,מקלות חספוסים יוגטה,גרמים,50.00,100 גרם,false,1,5.90,11.80,true,1,
8850632604266,false,מקלות חספוסים יוגטה טעם קולה 50 גר,,,מקלות חספוסים יוגטה,Unknown,0.00,Unknown,false,1,5.90,5.90,true,1,
8850632604372,false,שטיח חספוסים יוגטה טעם תות שדה 50 גר,,,שטיח חספוסים יוגטה,גרמים,50.00,100 גרם,false,1,5.90,11.80,true,1,
8850632604402,false,שטיח חספוסים יוגטה טעם מעורב 50 גר,,,שטיח חספוסים יוגטה,גרמים,50.00,100 גרם,false,1,5.90,11.80,true,1,
8850999008110,false,"סודה 325 מ""ל LEO",,,"סודה 325 מ""ל LEO",מיליליטרים,325.00,"100 מ""ל",false,1,4.80,1.48,true,1,
8851019210292,false,פוקי מקלות בציפוי קרם עוגיות 47 גרם,,TH,פוקי מקלות בציפוי קר,גרמים,47.00,100 גרם,false,1,6.90,14.68,true,1,
8854404000621,false,מחית קארי ירוק 70 גרם,,TH,מחית קארי ירוק 70 גר,גרמים,70.00,100 גרם,false,1,14.20,20.29,true,1,
8854661002055,false,שרימפס 500 גר לא מקולף 31/40,,,שרימפס קפוא לא קלוף,גרמים,500.00,100 גרם,false,1,51.50,10.30,true,1,
8854661003786,false,שרימפס מבושל עם ראש 500 גר,,,שרימפס מבושל עם ראש,גרמים,510.00,100 גרם,false,1,35.90,7.04,true,1,
8854661007012,false,"שרימפס מבושל מקולף 1 ק""ג קפוא",,,שרימפס מבושל מקולף,קילוגרמים,0.00,"ק""ג",false,1,88.50,88.50,true,1,
8858271002870,false,"רוטב פאד תאי 250 מ""ל מקסצאפ",,,"רוטב פאד תאי 250 מ""ל",מיליליטרים,250.00,"100 מ""ל",false,1,13.90,5.56,true,1,
8858271003020,false,רוטב סויה פורמולה 1 700 גרם מקסצאפ,,,רוטב סויה פורמולה 1,מיליליטרים,700.00,"100 מ""ל",false,1,16.90,2.41,true,1,
8858271003068,false,"רוטב סויה מתוקה כהה 250 מ""ל מקסצאפ",,,רוטב סויה מתוק כהה,מיליליטרים,250.00,"100 מ""ל",false,1,13.90,5.56,true,1,
8858271005772,false,"רוטב סויה ללא גלוטן 300 מ""ל",,,רוטב סויה ללא גלוטן,מיליליטרים,300.00,"100 מ""ל",false,1,18.80,6.27,true,1,
8859103400697,false,דג בברית צנינית צהובה מלוח מיובש 100 גר,,,דג בברית צנינית צהוב,גרמים,100.00,100 גרם,false,1,15.40,15.40,true,1,
8859103400734,false,דג צנינון מלוח מיובש 100 גר,,,דג צנינון מלוח מיובש,גרמים,100.00,100 גרם,false,1,15.40,15.40,true,1,
8888021200256,false,סוללות  אנרגייזר שמינייה  AA,,,סוללות  אנרגייזר שמי,Unknown,0.00,Unknown,false,1,30.90,30.90,true,1,
8901537024014,false,"אורז בסמטי מובחר דאווט 1 ק""ג",,,אורז בסמטי מובחר,גרמים,1000.00,100 גרם,false,1,13.90,1.39,true,1,
8901537076679,false,"אורז בסמטי חום מלא דאווט 1 ק""ג",,,אורז בסמטי חום מלא ד,גרמים,1000.00,100 גרם,false,1,12.90,1.29,true,1,
8934878081811,false,"דפי אורז 22 ס""מ 400 גר",,,"דפי אורז 22 ס""מ 400",גרמים,400.00,100 גרם,false,1,14.90,3.73,true,1,
8935215401873,false,טבעות קלמרי 500 גר,,VN,קלמרי טבעות 500 גר,גרמים,500.00,100 גרם,false,1,35.90,7.18,true,1,
8994692541120,false,קונוס 12,,,קונוס 12,יחידה,1.00,יחידה,false,1,10.00,10.00,true,1,
8997206332016,false,סוכר קוקוס אורגני 454 גרם אינדונזיה,,,סוכר קוקוס אורגני 45,גרמים,454.00,100 גרם,false,1,21.90,4.82,true,1,
9000101372878,false,דיסקס פרסיל לכביסה לבנה וצבעונית 22 יח,,HU,דיסקס פרסיל לכביסה ל,Unknown,0.00,Unknown,false,1,37.90,37.90,true,1,
9000101537550,false,קפסולות פאוור קאפס פרסיל  56 יח,,,קפסולות פאוור קאפס פ,Unknown,0.00,Unknown,false,1,71.50,71.50,true,1,
9000101537581,false,קפסולות פאוור קאפס פאפרסיל קולור 56 יח,,,קפסולות פאוור קאפס פ,Unknown,0.00,Unknown,false,1,71.50,71.50,true,1,
9002859025204,false,פלחי מרמלדה 200 גרם גונץ,,,פלחי מרמלדה 200 גרם,גרמים,200.00,100 גרם,false,1,12.40,6.20,true,1,
9002859026270,false,מיץ לימון ליים 200 מל גונץ,,,מיץ לימון ליים 200 מ,מיליליטרים,200.00,"100 מ""ל",false,1,4.90,2.45,true,1,
9002859048173,false,גונץ-מרשמלו ברבקיו 300 גרם,,,גונץ-מרשמלו ברבקיו 3,גרמים,300.00,100 גרם,false,1,14.90,4.97,true,1,
9002859050725,false,תפזורת סנטה  ברשת 100 גר גונץ,,,תפזורת סנטה  ברשת 10,גרמים,100.00,100 גרם,false,1,12.60,12.60,true,1,
9002859054099,false,מוצרט משושה 300 גרם גונץ,,,מוצרט משושה 300 גרם,גרמים,300.00,100 גרם,false,1,34.90,11.63,true,1,
9002859055553,false,בוגי-סוכריות בפחית בטעםי פירות  200 גר,,,בוגי-סוכריות בפחית ב,גרמים,200.00,100 גרם,false,1,13.50,6.75,true,1,
9002859055591,false,בוגי-סוכריות בפחית בטעם לימון  200 גרם,,,בוגי-סוכריות בפחית ב,גרמים,200.00,100 גרם,false,1,13.50,6.75,true,1,
9002859056963,false,אנשי שלג משוקולד ברשת 100 גר גונץ,,,אנשי שלג משוקולד ברש,גרמים,100.00,100 גרם,false,1,12.50,12.50,true,1,
9002859067570,false,דפדפי שוקולד תפוז - גונץ 200 גרם,,,דפדפי שוקולד תפוז -,גרמים,200.00,100 גרם,false,1,18.40,9.20,true,1,
9002859077678,false,"גונץ שוקולד לבן 100 גרם כשל""פ",,,גונץ שוקולד לבן 100,גרמים,100.00,100 גרם,false,1,8.40,8.40,true,1,
9002859080753,false,שוקולד סנטה קלאוס 60 גרם,,,שוקולד סנטה קלאוס 60,גרמים,60.00,100 גרם,false,1,5.90,9.83,true,1,
9002859080777,false,גונץ שוקולד לוח שנה קריסטמיס 75 גר,,,גונץ שוקולד לוח שנה,גרמים,75.00,100 גרם,false,1,12.90,17.20,true,1,
9002859090851,false,גונץ-מרשמלו לבבות 200 ג,,,גונץ-מרשמלו לבבות 20,גרמים,200.00,100 גרם,false,1,10.90,5.45,true,1,
9002859102936,false,גונץ-סוכריה על מקל עם מסטיק פירות 144 ג,,,גונץ-סוכריה על מקל ע,גרמים,144.00,100 גרם,false,1,9.90,6.88,true,1,
9002859104015,false,"גינה-אייס קפה קפוצינו 230 מ""ל",,,גינה-אייס קפה קפוצינ,מיליליטרים,230.00,"100 מ""ל",false,1,9.90,4.30,true,1,
9002859105630,false,גונץ מרציפן מצופה שוקולד חלב ונוגט 75 גר,,AT,גונץ מרציפן מצופה שו,גרמים,75.00,100 גרם,false,1,10.40,13.87,true,1,
9002859111976,false,גונץ חטיף בוטנים אורגני 80 גרם,,AT,גונץ חטיף בוטנים אור,גרמים,80.00,100 גרם,false,1,12.90,16.13,true,1,
9002975393829,false,סוכריות גילי הריבו פיציס 70 גרם,,AT,סוכריות גילי הריבו פ,גרמים,70.00,100 גרם,false,1,7.90,11.29,true,1,
9009200018441,false,סוכ.גומי דובונים אורגני 100 גר BioBon,,,סוכ.גומי דובונים אור,גרמים,100.00,100 גרם,false,1,13.90,13.90,true,1,
9310072025155,false,טים טם וואיט 165 גר,טים טם,AU,טים טם וואיט 165 גר,גרמים,165.00,100 גרם,false,1,21.70,13.15,true,1,
9310072028743,false,טים טם אורגינל 200 גרם,,,טים טם אורגינל 200 ג,גרמים,200.00,100 גרם,false,1,21.70,10.85,true,1,
9414416305528,false,יין פרייבט בין סוביניון בלאן 750 מל,,,יין פרייבט בין סובינ,Unknown,0.00,Unknown,false,1,88.90,88.90,true,1,
9414416501876,false,"יין פרייבט בין שרדונה 750 מ""ל וילה מריה",,,יין פרייבט בין שרדונ,Unknown,0.00,Unknown,false,1,88.90,88.90,true,1,
9771565051066,false,ידיעות אחרונות שישי,,,ידיעות אחרונות שישי,Unknown,0.00,Unknown,false,1,20.00,20.00,true,1,
9871184221359,false,גאודה הולנדית 30% במשקל,,,גאודה הולנדית 30%,Unknown,0.00,"ק""ג",true,0,90.00,90.00,true,1,
9871184221363,false,גאודה הולנדית עגבניות זיתים ובזיליקום,,,גאודה הולנדית עגבניה,Unknown,0.00,"ק""ג",true,0,133.00,133.00,true,1,
9871184221367,false,גאודה עיזים הולנדית במשקל,,,גאודה עיזים הולנדית,Unknown,0.00,"ק""ג",true,0,133.00,133.00,true,1,
