code,internal_code,name,manufacturer_name,manufacture_country,manufacturer_item_description,unit_qty,quantity,unit_of_measure,weighted,qty_in_package,price,unit_of_measure_price,allow_discount,status,item_id
142,true,פיתה,מאפיית כפיר צ. ידעי בעמ,,,יח`,1,,false,1,1.90,1.90,false,1,
196,true,גודי פטור מעמ,ספקים שונים,,,יח`,1,,false,1,0.01,0.01,false,1,
319,true,תו סיבוס פטור מעמ,ספקים שונים,,,יח`,1,,false,1,0.01,0.01,false,1,
321,true,תן ביס פטור מעמ,ספקים שונים,,,יח`,1,,false,1,0.01,0.01,false,1,
600,true,סנדוויץ`עובד,קבוצת אסם סחר שות. מוגבלת,,,יח`,1,,false,1,3,3,false,1,
2001,true,אשכולית,פירות בני דרור בעמ,,,"ק""ג",1,,true,1,6.90,6.90,false,1,
2002,true,אשכולית אדומה,תעשיות תוצרת חקלאית אביטן בני,,,"ק""ג",1,,true,1,6.90,6.90,false,1,
2003,true,אבוקדו,גליל שוק מקומי אגשח*שיק ל60 יו,,,"ק""ג",1,,true,1,10.90,10.90,false,1,
2006,true,ארטישוק,אנונה שיווק בעמ*שיק 45 יום*,,,"ק""ג",1,,true,1,25,25,false,1,
2007,true,בטטה,משק כרמי ייצור ושיווק תוצרת*שי,,,"ק""ג",1,,true,1,9.90,9.90,false,1,
2009,true,בננות,גליל שוק מקומי אגשח*שיק ל60 יו,,,"ק""ג",1,,true,1,6.90,6.90,false,1,
2010,true,בצל יבש,רביבו יהודה חקלאות ונכסים בעמ,,,"ק""ג",1,,true,1,5.90,5.90,false,1,
2012,true,אננס,פירות הכרמל אגשח בעמ*שיק 45 יו,,,יח`,1,,false,1,40,40,false,1,
2013,true,גויאבה,אלדד קליימן שיווק בעמ*שיק 40 י,,,"ק""ג",1,,true,1,19.90,19.90,false,1,
2015,true,דלעת,שוסטר תעשיות מזון בעמ*שיק ל 60,,,"ק""ג",1,,true,1,9.90,9.90,false,1,
2016,true,דלורית,שוסטר תעשיות מזון בעמ*שיק ל 60,,,"ק""ג",1,,true,1,7.90,7.90,false,1,
2017,true,תפוח זהוב,בראשית - אגודה שיתופית*שיק 45,,,"ק""ג",1,,true,1,10.90,10.90,false,1,
2019,true,חסה עגולה,הירוקים של רצון בעמ,,,יח`,1,,false,1,5.90,5.90,false,1,
2020,true,חסה רגילה,הירוקים של רצון בעמ,,,יח`,1,,false,1,5.90,5.90,false,1,
2021,true,חצילים,שיווק העשור ירקות הזהב*שיק 30,,,"ק""ג",1,,true,1,7.90,7.90,false,1,
2024,true,כרוב לבן,תעשיות תוצרת חקלאית אביטן בני,,,"ק""ג",1,,true,1,3.90,3.90,false,1,
2025,true,כרובית,ד.ע. ימין גידול ושיווק ירקות*ש,,,"ק""ג",1,,true,1,8.90,8.90,false,1,
2027,true,לימון,אתרוג תוצרת חקלאית*שיק 30 יום*,,,"ק""ג",1,,true,1,9.90,9.90,false,1,
2028,true,מלפפון,נסים מאיר חקלאי בעמ*שיק 30 יום,,,"ק""ג",1,,true,1,6.90,6.90,false,1,
2029,true,מלון,בננות החוף אגשח בעמ,,,"ק""ג",1,,true,1,8.90,8.90,false,1,
2033,true,תפוח סמיט,בראשית - אגודה שיתופית*שיק 45,,,"ק""ג",1,,true,1,10.90,10.90,false,1,
2034,true,תפוח סטארקינג חרמון,בראשית - אגודה שיתופית*שיק 45,,,"ק""ג",1,,true,1,10.90,10.90,false,1,
2035,true,סלק,מלוא הסל שיווק ירקות בעמ*שיק 3,,,"ק""ג",1,,true,1,6.90,6.90,false,1,
2036,true,עגבניה,שיווק העשור ירקות הזהב*שיק 30,,,"ק""ג",1,,true,1,6.90,6.90,false,1,
2038,true,פטריות שמפיניון יחידה,מרינה פטריות הגליל בעמ,,,יח`,1,,false,1,9.90,9.90,true,1,
2039,true,פומלה,מהדרין תנופורט יצוא *שיק 30 יו,,,"ק""ג",1,,true,1,9.90,9.90,false,1,
2040,true,פלפל ירוק,ינאי - מרכז פרי והירק בעמ*שיק,,,"ק""ג",1,,true,1,8.90,8.90,false,1,
2041,true,פלפל חריף,שיווק העשור ירקות הזהב*שיק 30,,,"ק""ג",1,,true,1,9.90,9.90,false,1,
2042,true,פג`ויה,יבולי ישראל עמרם את קאלו בעמ,,,"ק""ג",1,,true,1,15.20,15.20,false,1,
2043,true,צנונית,תוצרת הנגב אגודה שיתופית חקלאי,,,יח`,1,,false,1,6.90,6.90,true,1,
2044,true,צנון,עמית בראון שיווק עמ*שיק 40 יום,,,"ק""ג",1,,true,1,6.90,6.90,false,1,
2046,true,קולורבי,תעשיות תוצרת חקלאית אביטן בני,,,"ק""ג",1,,true,1,7.90,7.90,false,1,
2047,true,קלמנטינה,תעשיות תוצרת חקלאית אביטן בני,,,"ק""ג",1,,true,1,7.90,7.90,false,1,
2048,true,קישואים,אשר שי אלבז *שיק 30 יום*,,,"ק""ג",1,,true,1,9.90,9.90,false,1,
2049,true,קיווי,בראשית - אגודה שיתופית*שיק 45,,,"ק""ג",1,,true,1,19.90,19.90,false,1,
2050,true,פומלית,תעשיות תוצרת חקלאית אביטן בני,,,"ק""ג",1,,true,1,9.90,9.90,false,1,
2051,true,לפת,מלוא הסל שיווק ירקות בעמ*שיק 3,,,"ק""ג",1,,true,1,7.90,7.90,false,1,
2054,true,שומר,תעשיות תוצרת חקלאית אביטן בני,,,"ק""ג",1,,true,1,7.90,7.90,false,1,
2058,true,תפוא לבן,עוגן שיווק ואריזות בעמ,,,"ק""ג",1,,true,1,3.90,3.90,false,1,
2059,true,תפוזים,הדרי קטיף אריזה ושיווק בעמ*שיק,,,"ק""ג",1,,true,1,6.90,6.90,false,1,
2060,true,תירס ארוז,צמח שיווק תוצרת חקלאית *שיק 30,,,"ק""ג",1,,true,1,10.90,10.90,false,1,
2061,true,פלפל אדום,י.ל. החקלאים שיווק והפצה בעמ*ש,,,"ק""ג",1,,true,1,9.90,9.90,false,1,
2063,true,אגס,טריפל סל בעמ,,,"ק""ג",1,,true,1,13.90,13.90,false,1,
2064,true,כרוב אדום,תעשיות תוצרת חקלאית אביטן בני,,,"ק""ג",1,,true,1,6.90,6.90,false,1,
2065,true,פלפל חריף אדום,דובדבן שיווק בעמ*שיק 60 יום*,,,"ק""ג",1,,true,1,10.90,10.90,false,1,
2066,true,פלפל בהיר,שיווק העשור ירקות הזהב*שיק 30,,,"ק""ג",1,,true,1,10.90,10.90,false,1,
2067,true,פלפל צהוב,ב.ד. גידול ירקות בעמ*שיק 30 יו,,,"ק""ג",1,,true,1,9.90,9.90,false,1,
2068,true,אפרסמון,מור פירות השרון בעמ* שיק 45 יו,,,"ק""ג",1,,true,1,12.90,12.90,false,1,
2072,true,בצל אדום,רביבו יהודה חקלאות ונכסים בעמ,,,"ק""ג",1,,true,1,7.90,7.90,false,1,
2074,true,שרי ארוז,צימן עגבניות שיווק רמת הנגב בע,,,יח`,1,,false,1,9.90,9.90,false,1,
2082,true,תפוח פינק,בראשית - אגודה שיתופית*שיק 45,,,"ק""ג",1,,true,1,13.90,13.90,false,1,
2084,true,דלעת ערמונים,שוסטר תעשיות מזון בעמ*שיק ל 60,,,"ק""ג",1,,true,1,9.90,9.90,false,1,
2086,true,מג`הול תמר בקופסא,מהדרין תנופורט יצוא *שיק 30 יו,,,יח`,1,,false,1,19.90,19.90,false,1,
2088,true,מנגו,מרים שהם בעמ * שיק 60 יום*,,,"ק""ג",1,,true,1,8.90,8.90,false,1,
2092,true,פלפל שושקה,י.ל. החקלאים שיווק והפצה בעמ*ש,,,"ק""ג",1,,true,1,10.90,10.90,false,1,
2095,true,סברס,מהדרין תנופורט יצוא *שיק 30 יו,,,"ק""ג",1,,true,1,29.90,29.90,false,1,
2099,true,שזיף אדום,בועז את עמיר בעמ*שיק 40 יום*,,,"ק""ג",1,,true,1,16.90,16.90,false,1,
2100,true,דלעת יפנית,שוסטר תעשיות מזון בעמ*שיק ל 60,,,"ק""ג",1,,true,1,18.90,18.90,false,1,
2111,true,בטטה ירושלמית כסביה,הררי מאיר ובניו הובלות בקרור ב,,,"ק""ג",1,,true,1,13.90,13.90,false,1,
2113,true,פלפל כתום,י.ל. החקלאים שיווק והפצה בעמ*ש,,,"ק""ג",1,,true,1,9.90,9.90,false,1,
2114,true,ערמונים תפזורת,בכורי שדה דרום 2002 בעמ,,,"ק""ג",1,,true,1,19.90,19.90,false,1,
2115,true,שום טרי בתפזורת,בננות החוף אגשח בעמ,,,"ק""ג",1,,true,1,10,10,false,1,
2116,true,קישואים עגולים,עמית בראון שיווק עמ*שיק 40 יום,,,"ק""ג",1,,true,1,10.90,10.90,false,1,
2120,true,תפוא אדום,עוגן שיווק ואריזות בעמ,,,"ק""ג",1,,true,1,4.90,4.90,false,1,
2122,true,רימון,אלדד קליימן שיווק בעמ*שיק 40 י,,,"ק""ג",1,,true,1,8.90,8.90,false,1,
2127,true,ענבים ירוקים טלי,לכיש מושב עובדים להתישבות*30 י,,,"ק""ג",1,,true,1,29.90,29.90,false,1,
2130,true,אנונה,גליל שוק מקומי אגשח*שיק ל60 יו,,,"ק""ג",1,,true,1,19.90,19.90,false,1,
2132,true,ברוקולי ארוז,בננות החוף אגשח בעמ,,,יח`,1,,false,1,10,10,false,1,
2134,true,תפוח נאשי,בראשית - אגודה שיתופית*שיק 45,,,"ק""ג",1,,true,1,15.90,15.90,false,1,
2144,true,קישוא זוקיני,שיווק העשור ירקות הזהב*שיק 30,,,"ק""ג",1,,true,1,10.90,10.90,false,1,
2158,true,תפוזים ברשת,מהדרין תנופורט יצוא *שיק 30 יו,,,"ק""ג",1,,true,1,5.90,5.90,false,1,
2165,true,פטריות תפזורת גדולות למילוי,חוות השמפיניון בעמ,,,"ק""ג",1,,true,1,39.90,39.90,false,1,
2168,true,תפוח ברשת,אמצע השוק בעמ,,,"ק""ג",1,,true,1,9.90,9.90,false,1,
2170,true,שעועית ירוקה,בננות החוף אגשח בעמ,,,יח`,1,,false,1,10,10,false,1,
2173,true,חציל בלדי,י.ל. החקלאים שיווק והפצה בעמ*ש,,,"ק""ג",1,,true,1,8.90,8.90,true,1,
2186,true,תפוח גלה,בראשית - אגודה שיתופית*שיק 45,,,"ק""ג",1,,true,1,10.90,10.90,false,1,
2323,true,גבינה מגורדת מעדנייה,תנובה - חלב,,,"ק""ג",10,100 גרם,true,1,48,4.80,false,1,
7359,true,אווזית עגל טרי מוכשר,אדום אדום - תנובה בקר,,,"ק""ג",1,"ק""ג",true,1,79.90,79.90,true,1,
7472,true,אנטריקוט עגל טרי מוכשר סטייק,אדום אדום - תנובה בקר,,,"ק""ג",1,,true,1,138,138,false,1,
9391,true,אוסובוקו עגל טרי מוכשר,אדום אדום - תנובה בקר,,,"ק""ג",1,"ק""ג",true,1,49.90,49.90,true,1,
24240,true,שאריות נקניק,זוגלובק שיווק בעמ,,,"ק""ג",0,100 גרם,true,1,28.60,28.60,false,1,
38995,true,חזה עגל כשר,אדום אדום - תנובה בקר,,,"ק""ג",1,"ק""ג",true,1,49.90,49.90,true,1,
46549,true,מוצרלה חריץ תנובה,תנובה - חלב,,,"ק""ג",10,100 גרם,true,1,76,7.60,false,1,
46662,true,סקנדינבית 31% תנובה,תנובה - חלב,,,"ק""ג",10,100 גרם,true,1,76,7.60,false,1,
47027,true,קשקבל (27% גלעד) תנובה,תנובה - חלב,,,"ק""ג",10,100 גרם,true,1,121,12.10,false,1,
47485,true,בולגרית פיראוס 24% פח 3 קג`תנובה,תנובה - חלב,,,"ק""ג",10,100 גרם,true,1,56,5.60,false,1,
47997,true,אסאדו טרי מוכשר,אדום אדום - תנובה בקר,,,"ק""ג",1,,true,1,59.90,59.90,false,1,
55183,true,צפתית מלבנית 5% פיראוס מעודנת,תנובה - חלב,,,"ק""ג",10,100 גרם,true,1,42,4.20,false,1,
318493,true,כתף בקר מפולפל יחיעם,מעדני יחיעם (1993) בעמ,,,"ק""ג",10,100 גרם,true,1,105,10.50,false,1,
318899,true,סלמי פיין מעדנייה יחיעם,מעדני יחיעם (1993) בעמ,,,"ק""ג",10,100 גרם,true,1,50,5,true,1,
319759,true,סלמי תה יחיעם מעדנייה,מעדני יחיעם (1993) בעמ,,,"ק""ג",10,100 גרם,true,1,50,5,true,1,
363448,true,נקניק פיין סלמי טירת צבי,תנובה קפואים,,,"ק""ג",10,100 גרם,true,1,71,7.10,false,1,
363486,true,נקניק תה טירת צבי,תנובה קפואים,,,"ק""ג",10,100 גרם,true,1,57,5.70,true,1,
364100,true,סלמי פריזר טירת צבי,תנובה קפואים,,,"ק""ג",10,100 גרם,true,1,62,6.20,true,1,
365510,true,צלי כתף טרי חלק,אדום אדום - תנובה בקר,,,"ק""ג",1,,true,1,89.90,89.90,false,1,
365909,true,פסטרמה הודו מעושנת טירת צבי,תנובה קפואים,,,"ק""ג",10,100 גרם,true,1,89,8.90,true,1,
365954,true,פסטרמה גחלים טירת צבי,תנובה קפואים,,,"ק""ג",10,100 גרם,true,1,89,8.90,true,1,
369549,true,פילה מדומה טרי מוכשר,אדום אדום - תנובה בקר,,,"ק""ג",1,"ק""ג",true,1,79.90,79.90,true,1,
395408,true,גבנצ 28% נעם חריץ פיקוח מעדנייה,החב` המרכזית - טרה,,,"ק""ג",10,100 גרם,true,1,44.79,4.48,false,1,
395415,true,גבנצ 9% נעם חריץ מעדנייה,החב` המרכזית - טרה,,,"ק""ג",10,100 גרם,true,1,76,7.60,false,1,
395422,true,גבנצ 22% נעם חריץ פיקוח מעדנייה,החב` המרכזית - טרה,,,"ק""ג",10,100 גרם,true,1,42.58,4.26,false,1,
481043,true,פיתות כוסמין 10 יח`700 גר`,דגנית עין בר תעשיות מזון ואפיה,,,יח`,7,100 גרם,false,1,14.90,2.13,false,1,
482490,true,פרמז`נו פרמזן במשקל,ג.וילי-פוד אינטרנשיונל **גבינו,,,"ק""ג",10,100 גרם,true,1,67,6.70,false,1,
482933,true,גבינת גאודה מהולנד וילי פוד מעדניה,ג.וילי-פוד אינטרנשיונל **גבינו,,,"ק""ג",10,100 גרם,true,1,60,6,false,1,
485232,true,צלי כתף טרי מוכשר,אדום אדום - תנובה בקר,,,"ק""ג",1,,true,1,89.90,89.90,true,1,
535791,true,קורנביף ניו יורק זוגלובק מעדנייה,זוגלובק שיווק בעמ,,,"ק""ג",10,100 גרם,true,1,112,11.20,true,1,
554792,true,בולגרית 5% 16% מעודנת- גד מעדניה,מחלבות גד שיווק 1992 בעמ,,,"ק""ג",10,100 גרם,true,1,58,5.80,false,1,
554914,true,גבינה צפתית רכה 5% מעדנייה גד,מחלבות גד שיווק 1992 בעמ,,,"ק""ג",10,100 גרם,true,1,62,6.20,false,1,
554969,true,שמנות 30% גד,מחלבות גד שיווק 1992 בעמ,,,"ק""ג",10,100 גרם,true,1,47,4.70,false,1,
554990,true,כדורי מוצרלה במים גד פרסקה מעדניה,מחלבות גד שיווק 1992 בעמ,,,"ק""ג",10,100 גרם,true,1,95,9.50,false,1,
571126,true,גאודה כמון 30%,מחלבות גד שיווק 1992 בעמ,,,"ק""ג",10,100 גרם,true,1,105,10.50,false,1,
616575,true,גרון הודו קפוא,ג.ת. שיווק בן בקר בעמ,,,"ק""ג",10,100 גרם,true,1,24.90,2.49,false,1,
745237,true,שריר עגל טרי מוכשר,אדום אדום - תנובה בקר,,,"ק""ג",1,,true,1,54.90,54.90,false,1,
756325,true,כתף טרי מוכשר ללא עצם,אדום אדום - תנובה בקר,,,"ק""ג",1,"ק""ג",true,1,79.90,79.90,true,1,
1230331,true,כאמל בוקס,גלוברנדס בעמ - שיווק סיגריות,,,יח`,1,,false,1,34,34,true,1,
1230739,true,כאמל כחול,גלוברנדס בעמ - שיווק סיגריות,,,יח`,1,,false,1,34,34,true,1,
1231233,true,וינסטון בוקס,גלוברנדס בעמ - שיווק סיגריות,,,יח`,1,,false,1,33.50,33.50,true,1,
1231932,true,וינסטון כחול בוקס,גלוברנדס בעמ - שיווק סיגריות,,,יח`,1,,false,1,33.50,33.50,true,1,
1385098,true,שריר טרי ארוז מוכשר,אדום אדום - תנובה בקר,,,"ק""ג",0,100 גרם,true,1,64.90,64.90,false,1,
1385128,true,צלי כתף טרי ארוז מוכשר,אדום אדום - תנובה בקר,,,"ק""ג",0,100 גרם,true,1,89.90,89.90,true,1,
1385166,true,סטייק שייטל עגל טרי מוכשר ארוז,אדום אדום - תנובה בקר,,,"ק""ג",1,,true,1,129,129,false,1,
1433521,true,טחון להמבורגר מאנטריקוט חלק,אדום אדום - תנובה בקר,,,"ק""ג",1,,true,1,59.90,59.90,true,1,
1476208,true,ברי פקאן בלוק מעדנייה גד,מחלבות גד שיווק 1992 בעמ,,,"ק""ג",10,100 גרם,true,1,131,13.10,false,1,
1516065,true,חזה עוף פרוס דק דק טרי ארוז,קורניש חן (1987) בעמ,,,"ק""ג",1,,true,1,37.90,37.90,true,1,
1664384,true,עצמות בקר טרי,אדום אדום - תנובה בקר,,,"ק""ג",1,,true,1,39.90,39.90,false,1,
1710159,true,גולש עגל קפוא,לאטי עזרא בעמ,,,"ק""ג",1,,true,1,35.90,35.90,false,1,
1842775,true,צוואר טלה חלק טרי ארוז,אדום אדום - תנובה בקר,,,"ק""ג",1,,true,1,59.90,59.90,false,1,
1842959,true,סטייק מינוט טרי ארוז מוכשר אנטריקוט,אדום אדום - תנובה בקר,,,"ק""ג",0,100 גרם,true,1,139,139,false,1,
1989388,true,מעדן מטיאס הולנדי מעדניה,סלטי שמיר 2006 בעמ,,,"ק""ג",10,100 גרם,true,1,65,6.50,false,1,
1989395,true,הרינג כבוש עם בצל מעדניה,סלטי שמיר 2006 בעמ,,,"ק""ג",10,100 גרם,true,1,65,6.50,false,1,
2013006,true,פסטרמה מקסיקנית זוגלובק,זוגלובק שיווק בעמ,,,"ק""ג",10,100 גרם,true,1,88,8.80,true,1,
2013037,true,פסטרמה פרגיות זוגלובק על לבנים 2% שומן ז,זוגלובק שיווק בעמ,,,"ק""ג",10,100 גרם,true,1,88,8.80,true,1,
2013174,true,פסטרמה של פעם זוגלובק,זוגלובק שיווק בעמ,,,"ק""ג",10,100 גרם,true,1,88,8.80,true,1,
2013891,true,פסטרמה ברביקיו ללא חומרים משמרים,זוגלובק שיווק בעמ,,,"ק""ג",10,100 גרם,true,1,81,8.10,false,1,
2129813,true,פילה מדומה טרי מוכשר צרפתי / פולני / איט,עוף ירושלים שיווק בעמ,,,"ק""ג",1,100 גרם,true,1,59.90,59.90,true,1,
2129851,true,צוואר טרי יבוא ללא עצם מוכשר פולני/ צר,עוף ירושלים שיווק בעמ,,,"ק""ג",0,100 גרם,true,1,39.90,39.90,false,1,
2129868,true,אצבעות אנטריקוט טרי יבוא מוכשר צרפתי/ פ,עוף ירושלים שיווק בעמ,,,"ק""ג",0,100 גרם,true,1,89.90,89.90,false,1,
2139898,true,סטייק טרי ארוז מוכשר אנטריקוט,אדום אדום - תנובה בקר,,,"ק""ג",0,100 גרם,true,1,139,139,false,1,
2198031,true,פסט. פרגית ללחמניה,זוגלובק שיווק בעמ,,,"ק""ג",10,100 גרם,true,1,88,8.80,true,1,
2206019,true,כרעיים עוף טרי ארוז,קורניש חן (1987) בעמ,,,"ק""ג",1,,true,1,25.90,25.90,true,1,
2206033,true,שוקיים עוף טרי ארוז,קורניש חן (1987) בעמ,,,"ק""ג",1,,true,1,29.90,29.90,true,1,
2206040,true,כנפיים עוף טרי ארוז,קורניש חן (1987) בעמ,,,"ק""ג",1,,true,1,12.90,12.90,true,1,
2206057,true,חזה עוף טרי שלם ארוז,קורניש חן (1987) בעמ,,,"ק""ג",1,,true,1,32.90,32.90,true,1,
2206064,true,חזה עוף פרוס טרי ארוז שניצל,קורניש חן (1987) בעמ,,,"ק""ג",1,,true,1,34.90,34.90,true,1,
2206101,true,סטייק פרגית ללא עור,קורניש חן (1987) בעמ,,,"ק""ג",1,,true,1,54.90,54.90,true,1,
2206118,true,כבד עוף לצליה טרי ארוז,קורניש חן (1987) בעמ,,,"ק""ג",1,,true,1,15.90,15.90,false,1,
2206385,true,גרון הודו נקבה טרי ארוז,קורניש חן (1987) בעמ,,,"ק""ג",1,,true,1,25.90,25.90,false,1,
2206408,true,חזה הודו נקבה טרי ארוז מוביל,קורניש חן (1987) בעמ,,,"ק""ג",1,,true,1,25.90,25.90,false,1,
2208013,true,גבינת קשקבל כבשים במשקל,נטו מלינדה סחר בעמ,,,"ק""ג",10,100 גרם,true,1,142,14.20,false,1,
2209071,true,פילה עוף טרי ארוז,קורניש חן (1987) בעמ,,,"ק""ג",1,,true,1,34.90,34.90,true,1,
2300878,true,גבינת צדר אנגלית במשקל,א. סיימן סחר בעמ,,,"ק""ג",10,100 גרם,true,1,105,10.50,false,1,
2345060,true,מאסדם הולנדי אמיתי חצי גלגל,נטו מלינדה סחר בעמ,,,"ק""ג",10,100 גרם,true,1,92.90,9.29,false,1,
2370130,true,גבינת ברי צרפתית מעדנייה וילי פוד,ג.וילי-פוד אינטרנשיונל **גבינו,,,"ק""ג",10,100 גרם,true,1,80,8,false,1,
2370284,true,גבינת קשקבל חצי קשה 31% שומן וילי פוד,ג.וילי-פוד אינטרנשיונל **גבינו,,,"ק""ג",10,100 גרם,true,1,104,10.40,false,1,
2370420,true,גבינת גאודה מהולנד 30% שומן-מעדניה,ג.וילי-פוד אינטרנשיונל **גבינו,,,"ק""ג",10,100 גרם,true,1,60,6,false,1,
2370789,true,גבינת כבשים עם פטריות כמהין במשקל 36% שו,ג.וילי-פוד אינטרנשיונל **גבינו,,,"ק""ג",10,100 גרם,true,1,120,12,false,1,
2370994,true,גבינת גאודה עם פטריות כמהין,ג.וילי-פוד אינטרנשיונל **גבינו,,,"ק""ג",10,100 גרם,true,1,110,11,false,1,
2385127,true,לאבנה שמן זית מעדנייה גד,מחלבות גד שיווק 1992 בעמ,,,"ק""ג",10,100 גרם,true,1,43,4.30,false,1,
2403517,true,חזה אווז ארוז קפוא,בלדי בעמ,,,"ק""ג",1,"ק""ג",true,1,179,179,false,1,
2447085,true,רצועות לשווארמה טרי ארוז מוכשר,אדום אדום - תנובה בקר,,,"ק""ג",0,100 גרם,true,1,74.90,74.90,false,1,
2447146,true,שניצל עגל טרי ארוז מוכשר,אדום אדום - תנובה בקר,,,"ק""ג",0,"ק""ג",true,1,79.90,79.90,false,1,
2447405,true,צוואר ללא עצם מוכשר טרי מ,אדום אדום - תנובה בקר,,,"ק""ג",1,,true,1,54.90,54.90,true,1,
2447559,true,סינטה עגל טרי מוכשר,אדום אדום - תנובה בקר,,,"ק""ג",1,"ק""ג",true,1,133,133,false,1,
2447924,true,קיט נתחים לקצב טחון מוכשר,אדום אדום - תנובה בקר,,,"ק""ג",1,,true,1,44.90,44.90,true,1,
2507383,true,בולגרית 5% מחלב בקר- מעדנייה,נטו מלינדה סחר בעמ,,,"ק""ג",10,100 גרם,true,1,76,7.60,false,1,
2519539,true,בשר ראש טרי חלק מ,אדום אדום - תנובה בקר,,,"ק""ג",1,,true,1,49.90,49.90,false,1,
2757535,true,בורקס פילו אצבעות גבינה 700 שלושת האופים,נטו מלינדה סחר בעמ,,,יח`,7,100 גרם,false,1,20.90,2.99,true,1,
2900337,true,שאריות פריסה פסטרמה טירת צבי,תנובה קפואים,,,"ק""ג",10,100 גרם,true,1,26,2.60,false,1,
2900436,true,פסטרמה איטלקית טירת צבי,תנובה קפואים,,,"ק""ג",10,100 גרם,true,1,89,8.90,true,1,
2920311,true,קממבר צאן מעדנייה גד,מחלבות גד שיווק 1992 בעמ,,,"ק""ג",10,100 גרם,true,1,121,12.10,false,1,
2929130,true,דנאבלו גבינה+עובש משקל,נטו מלינדה סחר בעמ,,,"ק""ג",10,100 גרם,true,1,112,11.20,false,1,
3423909,true,חטיף שוקולד לבן עם שברי עוגיות הרשי 43 ג,ליימן שליסל בעמ,,,יח`,1,,false,1,5.70,5.70,false,1,
3444009,true,חטיף שוקולד חלב עם חמאת בוטנים הרשי 42 ג,ליימן שליסל בעמ,,,יח`,1,,false,1,4.60,4.60,false,1,
3571154,true,סטייק טונה בוואקום מוביל,נ.ת.נ.ג.ב החזקות יעוץ וניהול ב,,,"ק""ג",1,,true,1,49.90,49.90,false,1,
3578085,true,גבינת מוצרלה 21% מעדניה,ג.וילי-פוד אינטרנשיונל **גבינו,,,"ק""ג",10,100 גרם,true,1,58,5.80,false,1,
3578474,true,פרמז`ן מעדניה,ג.וילי-פוד אינטרנשיונל **גבינו,,,"ק""ג",10,100 גרם,true,1,101,10.10,false,1,
3632404,true,פילה מרלוזה ארגנטיני ללא עור מוביל,בלדי בעמ,,,"ק""ג",1,,true,1,32.90,32.90,false,1,
3648207,true,מטיאס הולנדי בשמן,סלטי שמיר 2006 בעמ,,,"ק""ג",10,100 גרם,true,1,65,6.50,false,1,
3796021,true,רצועות לטחינה /בשר לחמין קפוא,נחמיה לחוביץ בעמ,,,"ק""ג",1,,true,1,19.90,19.90,false,1,
3893843,true,פילה מושט ללא עור,בלו פיש גורמה סולושנס בעמ,,,"ק""ג",1,,true,1,29.90,29.90,false,1,
4014407,true,אמ אנד אם עדשי חמאת בוטנים 46 גרם,מרס ריגלי ישראל בעמ,,,יח`,1,,false,1,5,5,true,1,
4033712,true,לחם עננים מקמח מלא 750 גרם.,י.את א. ברמן בעמ,,,יח`,7.50,100 גרם,false,1,15.50,2.07,true,1,
4033736,true,לחם עננים בסגנון בריוש 500 גר`,י.את א. ברמן בעמ,,,יח`,5,100 גרם,false,1,14.90,2.98,true,1,
4043108,true,מ@מס שוקו 89 גר`,מרס ריגלי ישראל בעמ,,,יח`,0.89,100 גרם,false,1,5.90,6.63,false,1,
4043205,true,מ@מס פיאנטס,מרס ריגלי ישראל בעמ,,,יח`,0.9270,100 גרם,false,1,5.90,6.36,false,1,
4122607,true,עמק לייט 9% חריץ מעדניה צהובה,תנובה - חלב,,,"ק""ג",10,100 גרם,true,1,75,7.50,false,1,
4128401,true,פטה פיראוס 20%,תנובה - חלב,,,"ק""ג",10,100 גרם,true,1,105,10.50,false,1,
4135324,true,פיראוס בולגרית 5% מעודנת,תנובה - חלב,,,"ק""ג",10,100 גרם,true,1,43,4.30,false,1,
4136291,true,צפתית/מעודנת 5%,תנובה - חלב,,,"ק""ג",10,100 גרם,true,1,51,5.10,false,1,
4136833,true,בולגרית פיראוס %16למעדניה,תנובה - חלב,,,"ק""ג",10,100 גרם,true,1,58,5.80,false,1,
4227128,true,שייטל טרי יבוא חלק צרפתי/ פולני,נטו בשרים,,,"ק""ג",0,100 גרם,true,1,79.90,79.90,false,1,
4652890,true,מנצ`גו כבשים מעדנייה,נטו מלינדה סחר בעמ,,,"ק""ג",1,"ק""ג",true,1,120,120,false,1,
4725426,true,עמק פיקוח 28% חריץ צהובה,תנובה - חלב,,,"ק""ג",10,100 גרם,true,1,44.79,4.48,false,1,
4751001,true,סופגניה אריאל עם ריבה,מאפיית אריאל בעמ,,,יח`,1,,false,1,3.90,3.90,true,1,
4751002,true,סופגניה אריאל ללא ריבה,מאפיית אריאל בעמ,,,יח`,1,,false,1,3.90,3.90,true,1,
4751003,true,מיני סופגניה אריאל עם ריבה,מאפיית אריאל בעמ,,,יח`,1,,false,1,2.90,2.90,true,1,
4751004,true,מיני סופגניה אריאל ללא ריבה,מאפיית אריאל בעמ,,,יח`,1,,false,1,2.90,2.90,true,1,
4969905,true,פיקניה מוכשר,עוף ירושלים שיווק בעמ,,,"ק""ג",1,,true,1,99,99,true,1,
5079412,true,גבנצ חריץ אמנטל נעם מעדנייה,החב` המרכזית - טרה,,,"ק""ג",10,100 גרם,true,1,72,7.20,false,1,
5387227,true,בשר מס 8 שריר זרוע,נחמיה לחוביץ בעמ,,,"ק""ג",1,,true,1,29.90,29.90,false,1,
5992247,true,חלומי 24% מעדנייה גד,מחלבות גד שיווק 1992 בעמ,,,"ק""ג",10,100 גרם,true,1,99,9.90,false,1,
6131188,true,פילה סלמון,נ.ת.נ.ג.ב החזקות יעוץ וניהול ב,,,"ק""ג",1,,true,1,69.90,69.90,false,1,
6131539,true,פילה לברק(בס)מוביל,ישראל פלדמן בעמ,,,"ק""ג",0,"ק""ג",true,1,42.90,42.90,false,1,
6131706,true,פילה אמנון (מושט) קפוא,נ.ת.נ.ג.ב החזקות יעוץ וניהול ב,,,"ק""ג",1,,true,1,24.90,24.90,false,1,
6131829,true,פילה סלמון מנות,נ.ת.נ.ג.ב החזקות יעוץ וניהול ב,,,"ק""ג",1,,true,1,84.90,84.90,false,1,
6131935,true,טונה פרוס בוואקום,נ.ת.נ.ג.ב החזקות יעוץ וניהול ב,,,"ק""ג",1,,true,1,39.90,39.90,false,1,
6511010,true,פרמז`נו במשקל,ג.וילי-פוד אינטרנשיונל **גבינו,,,"ק""ג",10,100 גרם,true,1,101,10.10,false,1,
6511904,true,כדורי גבינה אדם,ג.וילי-פוד אינטרנשיונל **גבינו,,,"ק""ג",10,100 גרם,true,1,59,5.90,false,1,
6714213,true,בשר צלי כתף מס 5 מוכשר מוביל,נחמיה לחוביץ בעמ,,,"ק""ג",1,,true,1,59.90,59.90,false,1,
6739247,true,פסט. איטלקית זוגלובק,זוגלובק שיווק בעמ,,,"ק""ג",10,100 גרם,true,1,88,8.80,true,1,
8175760,true,גבינת מנצ`גו(חלב כבשים),ג.וילי-פוד אינטרנשיונל **גבינו,,,"ק""ג",10,100 גרם,true,1,89,8.90,false,1,
8175777,true,איבריקו ויליפוד,ג.וילי-פוד אינטרנשיונל **גבינו,,,"ק""ג",10,100 גרם,true,1,80,8,false,1,
8175906,true,גאודה מחלב עיזים חצי קשה 32%,ג.וילי-פוד אינטרנשיונל **גבינו,,,"ק""ג",10,100 גרם,true,1,103,10.30,false,1,
8403238,true,גבינת ברי איסיני סנט מר במשקל,א. סיימן סחר בעמ,,,"ק""ג",10,100 גרם,true,1,149,14.90,false,1,
8403917,true,גאודה פסטו ירוק-מעדנייה,א. סיימן סחר בעמ,,,"ק""ג",10,100 גרם,true,1,139,13.90,false,1,
8461047,true,סיימן ברי לה רוסטיק מעדנייה,א. סיימן סחר בעמ,,,"ק""ג",10,100 גרם,true,1,147,14.70,false,1,
8462310,true,סנט מור במשקל- מעדנייה,א. סיימן סחר בעמ,,,"ק""ג",10,100 גרם,true,1,147,14.70,false,1,
8577267,true,עוף טרי שלם ארוז,קורניש חן (1987) בעמ,,,"ק""ג",1,,true,1,19.90,19.90,true,1,
8618007,true,דג פילה סלמון טרי פרוס מגש,מאסטרפוד בעמ,,,"ק""ג",1,,true,1,99,99,false,1,
8618021,true,דג פילה דניס טרי מגש,מאסטרפוד בעמ,,,"ק""ג",1,,true,1,119,119,false,1,
8618038,true,פילה לברק טרי מגש,מאסטרפוד בעמ,,,"ק""ג",1,,true,1,126,126,false,1,
8618069,true,דג פילה ברמונדי טרי מגש,מאסטרפוד בעמ,,,"ק""ג",1,,true,1,110,110,false,1,
32147230,true,מיץ לימון 200 מל,דנשר (1963) בעמ,,,יח`,2,"100 מ""ל",false,1,9.40,4.70,false,1,
41001356,true,בירה בקס פחית 500 מל,הכרם - משקאות חריפים בעמ,,,יח`,5,"100 מ""ל",false,1,11.90,2.32,true,1,
54051157,true,מעדן סויה בטעם שוקולד אלפרו (125x4 גרם),שטראוס גרופ בעמ,,,יח`,5,100 גרם,false,1,16.90,3.38,false,1,
59085645,true,דאודורנט רול און אסאי (50 מל),יוניליוור ישראל שיווק בעמ,,,יח`,0.50,100 גרם,false,1,16.50,33,true,1,
72940754,true,מילקי וניל,שטראוס גרופ בעמ/מצונן,,,יח`,1.30,"100 מ""ל",false,1,2.90,2.23,false,1,
72940761,true,מילקי שוקו,שטראוס גרופ בעמ/מצונן,,,יח`,1.30,"100 מ""ל",false,1,2.90,2.23,false,1,
72940952,true,מילקי פי 2 קצפת,שטראוס גרופ בעמ/מצונן,,,יח`,1.70,"100 מ""ל",false,1,3.90,2.29,false,1,
72940976,true,כרוב אדום 250,שטראוס גרופ בעמ/מצונן,,,יח`,2.50,100 גרם,false,1,9.40,3.76,false,1,
72940983,true,חומוס אחלה 250 גר,שטראוס גרופ בעמ/מצונן,,,יח`,2.50,100 גרם,false,1,7.10,2.84,false,1,
72941041,true,מילקי מיני שוקולד,שטראוס גרופ בעמ/מצונן,,,יח`,1.30,"100 מ""ל",false,1,2.10,1.62,false,1,
72945308,true,שמרים טריים קובייה שמרית (50 גרם),שטראוס גרופ בעמ/מצונן,,,יח`,0.50,100 גרם,false,1,3.90,7.80,false,1,
72961223,true,גיל 3% 200 מל בדצ פיקוח,תנובה - חלב,,,יח`,2,"100 מ""ל",false,1,1.51,0.76,false,1,
72961506,true,יוגורט עם תות 1.5% פרילי (125 גרם),תנובה - חלב,,,יח`,1.25,"100 מ""ל",false,1,3.50,2.80,false,1,
72961520,true,יוגורט עם אננס 1.5% פרילי (125 גרם),תנובה - חלב,,,יח`,1.25,"100 מ""ל",false,1,3.50,2.80,false,1,
72961544,true,יוגורט בטעם תות שדה 3% באדי (125 גרם),תנובה - חלב,,,יח`,1.25,"100 מ""ל",false,1,3,2.40,false,1,
72964132,true,טבעגורט 200מל ל,תנובה - חלב,,,יח`,2,"100 מ""ל",false,1,5.10,2.55,false,1,
72964422,true,יוגורט לבן 4.5% תנובה (200 מל),תנובה - חלב,,,יח`,2,"100 מ""ל",false,1,2.90,1.45,false,1,
72986233,true,מעדן חלב בטעם וניל באדי (125 גרם),תנובה - חלב,,,יח`,1.25,"100 מ""ל",false,1,2.90,2.32,false,1,
72986370,true,גלידת פיינטים וניל צרפתי בן אנד גריס,מוצרי איכות אמריקאיים בעמ,,,יח`,4.20,"100 מ""ל",false,1,20.30,4.83,true,1,
72986424,true,גלידת פיינטים קרם עוגיות,מוצרי איכות אמריקאיים בעמ,,,יח`,4.20,"100 מ""ל",false,1,20.30,4.83,true,1,
72986448,true,גלידת פיינטים טופי קרנץ,מוצרי איכות אמריקאיים בעמ,,,יח`,4.20,"100 מ""ל",false,1,20.30,4.83,true,1,
72986455,true,גלידת פיינטים ניו-יורק סופר,מוצרי איכות אמריקאיים בעמ,,,יח`,4.20,"100 מ""ל",false,1,20.30,4.83,true,1,
72986479,true,גלידת פיינטים צאנקי מנקי,מוצרי איכות אמריקאיים בעמ,,,יח`,4.20,"100 מ""ל",false,1,20.30,4.83,true,1,
72989425,true,גלידת פיינטים שוקולד בראוניס,מוצרי איכות אמריקאיים בעמ,,,יח`,4.20,"100 מ""ל",false,1,20.30,4.83,true,1,
72991886,true,גלידת פיינטים בן אנד גריס פיינט 500 מל,מוצרי איכות אמריקאיים בעמ,,,יח`,5,"100 מ""ל",false,1,20.30,4.06,true,1,
72993637,true,דני שוקולד בודד,שטראוס גרופ בעמ/מצונן,,,יח`,1.25,"100 מ""ל",false,1,2.70,2.16,false,1,
80042563,true,פאסטה עגבניות 700mutti גרם,רסטרטו יבוא ושיווק בעמ*אין החז,,,יח`,7,100 גרם,false,1,13.50,1.93,true,1,
80052760,true,בואנו קינדר בודד,פרימיום-חברה לדברי מתיקה ולמסח,,,יח`,1,,false,1,3.90,3.90,false,1,
80136194,true,חטיף היפו אגוזי לוז 5 יח,פרימיום-חברה לדברי מתיקה ולמסח,,,יח`,0.90,100 גרם,false,1,12.50,13.89,true,1,
80176800,true,ממרח אגוזי לוז נוטלה (750 גרם),פרימיום-חברה לדברי מתיקה ולמסח,,,יח`,7.50,100 גרם,false,1,25.90,3.45,false,1,
80177173,true,ממרח אגוזי לוז נוטלה (350 גרם),פרימיום-חברה לדברי מתיקה ולמסח,,,יח`,3.50,100 גרם,false,1,14.90,4.26,false,1,
80177609,true,קינדר שוקולד 50 גר,פרימיום-חברה לדברי מתיקה ולמסח,,,יח`,0.50,100 גרם,false,1,4.50,9,false,1,
80177616,true,אצבעות שוקולד קינדר (8 יח`- 100 גרם),פרימיום-חברה לדברי מתיקה ולמסח,,,יח`,1,,false,1,7.90,7.90,false,1,
80761761,true,קינדר בואנו לבן בודד 0.43 גר`,פרימיום-חברה לדברי מתיקה ולמסח,,,יח`,0.43,100 גרם,false,1,3.90,9.07,false,1,
80773429,true,מסטיק מנטוס פיור פרש בטעם תות ללס 60 גר,ליימן שליסל בעמ,,,יח`,0.60,100 גרם,false,1,10.50,17.50,true,1,
80773443,true,מסטיק מנטוס בטעם מנטה עדין ללס,ליימן שליסל בעמ,,,יח`,0.60,100 גרם,false,1,10.50,17.50,true,1,
80790990,true,מסטיק מנטוס טעם פירות מנטה ללס,ליימן שליסל בעמ,,,יח`,0.60,100 גרם,false,1,10.50,17.50,true,1,
80831402,true,סוכריות מנטוס מנטה עדינה ללס clean bera,ליימן שליסל בעמ,,,יח`,1,,false,1,7.90,7.90,true,1,
80843184,true,מסטיק מנטוס טעם ענבים ללס 60 גר,ליימן שליסל בעמ,,,יח`,0.60,100 גרם,false,1,10.50,17.50,true,1,
80854753,true,סוכריות מנטוס מנטה ללס,ליימן שליסל בעמ,,,יח`,1,,false,1,7.90,7.90,true,1,
80864295,true,גומי לעיסה ללא סוכר בטעם מנטה עדינה 60 ג,ליימן שליסל בעמ,,,יח`,0.60,100 גרם,false,1,10.90,18.17,true,1,
80896081,true,מסטיק מנטוס פיור פרש טעם אבטיח ללס 60 ג,ליימן שליסל בעמ,,,יח`,0.60,100 גרם,false,1,10.50,17.50,true,1,
80913467,true,מסטיק מנטוס טעם מנטה ללס 60 גר,ליימן שליסל בעמ,,,יח`,0.60,100 גרם,false,1,10.50,17.50,true,1,
80945468,true,גומי לעיסה ללא סוכר בטעם מנטה מתוקה 60 ג,ליימן שליסל בעמ,,,יח`,0.60,100 גרם,false,1,10.90,18.17,true,1,
80979128,true,מסטיק מנטוס טעם דובדבן ללס 60 גר,ליימן שליסל בעמ,,,יח`,0.60,100 גרם,false,1,10.50,17.50,true,1,
80982470,true,מסטיק מנטוס פיור פרש בטעם מנטה חזקה ללס,ליימן שליסל בעמ,,,יח`,0.60,100 גרם,false,1,10.50,17.50,true,1,
80986348,true,גומי לעיסה ללא סוכר 60 גר`פיור וויט מנט,ליימן שליסל בעמ,,,יח`,0.60,100 גרם,false,1,10.90,18.17,true,1,
80995128,true,מסטיק מנטוס בטעם הדרים 60 גר`,ליימן שליסל בעמ,,,יח`,0.60,100 גרם,false,1,10.50,17.50,false,1,
85942677,true,נייר קצר לגלגול+ פילטר,צפניה ברזילי בעמ,,,יח`,1,,false,1,6,6,false,1,
85942707,true,נייר קצר לגלגול ללא פילטר עבה,צפניה ברזילי בעמ,,,יח`,1,,false,1,2,2,false,1,
87108538,true,סוכריות לעיסה בטעם תות מנטוס (37.5 גרם),ליימן שליסל בעמ,,,יח`,0.37,100 גרם,false,1,4,10.81,true,1,
87108651,true,מנטוס רביעיה,ליימן שליסל בעמ,,,יח`,1.50,100 גרם,false,1,14.90,9.93,true,1,
87108712,true,מנטוס רביעיה,ליימן שליסל בעמ,,,יח`,1.50,100 גרם,false,1,14.90,9.93,true,1,
90162602,true,משקה אנרגיה רד בול (250 מל),דיפלומט היינץ,,,יח`,2.50,"100 מ""ל",false,1,6.90,2.64,true,1,
90162800,true,רד בול משקה אנרגיה 250 מל ללס,דיפלומט היינץ,,,יח`,2.50,"100 מ""ל",false,1,6.90,2.64,true,1,
90446269,true,משקה אנרגיה רד בול (250 מל),דיפלומט היינץ,,,יח`,2.50,"100 מ""ל",false,1,6.90,2.64,true,1,
96130339,true,דאב רול און אורגינל (500% מל),יוניליוור ישראל שיווק בעמ,,,יח`,0.50,100 גרם,false,1,16.50,33,true,1,
11182700954,true,קינג קול שעועית שחורה 454 גרם,מור-ים מרקטינג בעמ,,,יח`,4.39,100 גרם,false,1,10.90,2.48,false,1,
11210000032,true,טבסקו משפחתי,ציון תורג`מן בעמ,,,יח`,0.60,"100 מ""ל",false,1,50.90,84.83,false,1,
11210000094,true,טבסקו 60 מל,ציון תורג`מן בעמ,,,יח`,0.60,"100 מ""ל",false,1,13.50,22.50,false,1,
11210009387,true,טבסקו 60 מל,ציון תורג`מן בעמ,,,יח`,0.60,"100 מ""ל",false,1,13.50,22.50,false,1,
13495113506,true,חטיף ביסקויט שוקולד חלב קליק (75 גרם),יוניליוור ישראל שיווק בעמ,,,יח`,0.75,100 גרם,false,1,6.90,9.20,true,1,
13495113513,true,חטיף כדורים שוקולד חלב קליק (75 גרם),יוניליוור ישראל שיווק בעמ,,,יח`,0.75,100 גרם,false,1,6.90,9.20,true,1,
13495113520,true,חטיף קורנפלקס שוקולד חלב קליק (75 גרם),יוניליוור ישראל שיווק בעמ,,,יח`,0.75,100 גרם,false,1,6.90,9.20,true,1,
13495113537,true,חטיף שוקולד חום לבן קליק (75 גרם),יוניליוור ישראל שיווק בעמ,,,יח`,0.75,100 גרם,false,1,6.90,9.20,true,1,
13495113551,true,קליק שקיות עוגי,יוניליוור ישראל שיווק בעמ,,,יח`,0.75,100 גרם,false,1,6.90,9.20,true,1,
13495113582,true,חטיף כריות שוקולד חלב קליק (75 גרם),יוניליוור ישראל שיווק בעמ,,,יח`,0.75,100 גרם,false,1,6.90,9.20,true,1,
16000185517,true,פייבר וואן 555 גר`,קבוצת אסם סחר שות. מוגבלת,,,יח`,5.55,100 גרם,false,1,27.60,4.97,true,1,
16000423534,true,נייטשר וואלי 210 גר`שיבולת שועל ושוקולד,ליימן שליסל בעמ,,,יח`,2.10,100 גרם,false,1,14.90,7.10,false,1,
16000548503,true,נייטשר וואלי 210 גר`מייפל וסוכר חום,ליימן שליסל בעמ,,,יח`,2.10,100 גרם,false,1,14.90,7.10,false,1,
16000548602,true,נייטשר וואלי 210 גר`קינמון,ליימן שליסל בעמ,,,יח`,2.10,100 גרם,false,1,14.90,7.10,false,1,
16229909819,true,קרם קוקוס 1 ליטר,גורי מוצרי צריכה (1991) בעמ,,,יח`,1,1 ליטר,false,1,25.90,25.90,false,1,
16229924263,true,קרם קוקוס 250 מל Aroy D,גורי מוצרי צריכה (1991) בעמ,,,יח`,2.50,"100 מ""ל",false,1,10.80,4.32,false,1,
18000701223,true,פילסברי תערובת שוקולד,ליימן שליסל בעמ,,,יח`,5.17,100 גרם,false,1,18.90,3.66,false,1,
18000703494,true,תערובת להכנת עוגת וניל פילסברי (500 גרם),ליימן שליסל בעמ,,,יח`,5.24,100 גרם,false,1,20.50,3.91,false,1,
22200956932,true,ספיד סטיק 24/7 ג`ל כחול,ש.שסטוביץ בעמ,,,יח`,0,100 גרם,false,1,16.90,16.90,false,1,
22200956949,true,ספיד סטיק 24/7 ג`ל קול פיוזן יבוא מקביל,בית הצעצוע בעמ,,,יח`,0.51,100 גרם,false,1,15.90,31.18,false,1,
25700005650,true,שקית הקפאות גדולות 14 יח זיפלוק,דנשר (1963) בעמ,,,יח`,1,,false,1,13.90,13.90,false,1,
30000315989,true,קוואקר פרוטאין חמוציות ושקדים 372 גר`,שטראוס פריטו ליי בעמ,,,יח`,3.72,100 גרם,false,1,23.90,6.42,false,1,
31290140190,true,אצבעות שוקולדמריר עם נגיעות מלח ים (90 ג,תה ויסוצקי (ישראל) בעמ,,,יח`,0.90,100 גרם,false,1,15.90,17.67,true,1,
33617322616,true,ואזה מקמח שיפון קלה ( 270 גר`),גורי מוצרי צריכה (1991) בעמ,,,יח`,2.70,100 גרם,false,1,14.90,5.52,true,1,
33617340610,true,ואזה מקמח שיפון 275 גר`,גורי מוצרי צריכה (1991) בעמ,,,יח`,2.75,100 גרם,false,1,14.90,5.42,true,1,
34000148301,true,נטיפי שוקולד מריר לאפייה 340 גר הרשי,ליימן שליסל בעמ,,,יח`,3.40,100 גרם,false,1,21.40,6.29,true,1,
34000196173,true,טבלת קוקיס אנד קרים-XL,ליימן שליסל בעמ,,,יח`,1.13,100 גרם,false,1,11.20,9.91,false,1,
34000442652,true,טבלת ריזס -XL,ליימן שליסל בעמ,,,יח`,1.20,100 גרם,false,1,11.20,9.33,false,1,
34000544028,true,חטיף גומ טויז תות,ליימן שליסל בעמ,,,יח`,1.98,100 גרם,false,1,9.10,4.60,false,1,
34000544431,true,ממתק בטעם דובדבן 172 גר טוויזלרס,ליימן שליסל בעמ,,,יח`,1.72,100 גרם,false,1,9.10,5.29,false,1,
35000458476,true,מברשת שיניים ילדים 2+ מארז רביעייה קולגי,ש.שסטוביץ בעמ,,,יח`,1,,false,1,20.90,20.90,false,1,
37600207188,true,חמאת בוטנים קלאסי 462ג סקיפי,דיפלומט היינץ,,,יח`,4.62,100 גרם,false,1,19.90,4.31,false,1,
37600297943,true,מטבל סלסה חריף Chi-Chi`s,ליימן שליסל בעמ,,,יח`,4.39,100 גרם,false,1,18.90,4.31,true,1,
38000138638,true,פרינגלס פיצה 158 גר`,דיפלומט היינץ,,,יח`,1.58,100 גרם,false,1,9.90,6.27,true,1,
38000183690,true,חטיף צ`יפס בטעם ברביקיו פרינגלס (71 גרם),דיפלומט היינץ,,,יח`,0.67,100 גרם,false,1,5.90,8.81,false,1,
38000232152,true,פרינגלס ברביקיו 158 גר`,דיפלומט היינץ,,,יח`,1.58,100 גרם,false,1,9.90,6.27,true,1,
38000232169,true,חטיף צ`יפס אורגינל מידי פרינגלס (67 גרם),דיפלומט היינץ,,,יח`,0.67,100 גרם,false,1,5.90,8.81,false,1,
38000232176,true,פרינגלס שמנת בצל 158 גר`,דיפלומט היינץ,,,יח`,1.58,100 גרם,false,1,9.90,6.27,true,1,
38000232183,true,פרינגלס אורגינל 149 גר`,דיפלומט היינץ,,,יח`,1.49,100 גרם,false,1,9.90,6.64,true,1,
38527591053,true,דגנים מרובעים קינמון קוואקר (411 גרם),שטראוס פריטו ליי בעמ,,,יח`,4.12,100 גרם,false,1,21.40,5.19,true,1,
38527591060,true,דגנים מרובעים קוואקר (411 גרם),שטראוס פריטו ליי בעמ,,,יח`,4.12,100 גרם,false,1,21.40,5.19,true,1,
40000512943,true,M M שוקולד 303 גר`,מרס ריגלי ישראל בעמ,,,יח`,3.03,100 גרם,false,1,20.90,6.90,false,1,
40000513568,true,מ@מס 156 גר,מרס ריגלי ישראל בעמ,,,יח`,1.56,100 גרם,false,1,11.90,7.63,true,1,
40000514480,true,עדשי שוקולד אם אנד אם (48 גרם),מרס ריגלי ישראל בעמ,,,יח`,1,,false,1,5,5,true,1,
40000514510,true,עדשי שוקולד בוטנים אם אנד אם (49 גרם),מרס ריגלי ישראל בעמ,,,יח`,0.49,100 גרם,false,1,5,10.20,true,1,
41390001079,true,רוטב סויה דל נתרן קיקומן (444 מל),דיפלומט היינץ,,,יח`,4.44,"100 מ""ל",false,1,32.60,7.34,true,1,
41390010309,true,רוטב טריאקי קיקומן (444 מל),דיפלומט היינץ,,,יח`,4.44,"100 מ""ל",false,1,32.60,7.34,true,1,
46214731552,true,עוגיות שוקולד צ`יפס מרבה (225 גרם),ש.שסטוביץ בעמ,,,יח`,2.25,100 גרם,false,1,10.90,4.84,true,1,
55369902557,true,רביעות רסק תפוחי עץ ממותק בסגנון ביתי 45,מור-ים מרקטינג בעמ,,,יח`,4.52,100 גרם,false,1,14.90,3.30,false,1,
55369902564,true,רסק תפוחי עץ ללתס רביעייה 452 גר`אלפסנ,מור-ים מרקטינג בעמ,,,יח`,4.52,100 גרם,false,1,14.90,3.30,false,1,
70221011116,true,טובלרון- שוק`חלבי 100 גרם) (20,דיפלומט היינץ,,,יח`,1,100 גרם,false,1,6.90,6.90,false,1,
72600007123,true,הר חטיף תפוח אדמה קטל טבעי 142 גר`,מור-ים מרקטינג בעמ,,,יח`,1.42,100 גרם,false,1,20.90,14.72,false,1,
72600062306,true,הר חטיף גבינה 198 גר`,מור-ים מרקטינג בעמ,,,יח`,1.98,100 גרם,false,1,22.90,11.57,false,1,
76840002542,true,גלידת פיינטים חמאת בוטנים עם בראוניס,מוצרי איכות אמריקאיים בעמ,,,יח`,4.20,"100 מ""ל",false,1,20.30,4.83,true,1,
76840100156,true,גלידת פיינט צ`רי גרסיה דובדבנים וחתיכות,מוצרי איכות אמריקאיים בעמ,,,יח`,4.73,100 גרם,false,1,20.30,4.29,true,1,
76840100583,true,גלידה וניל+בצק עוגיות ושוקולד ציפס 473ג,מוצרי איכות אמריקאיים בעמ,,,יח`,4.73,"100 מ""ל",false,1,20.30,4.29,true,1,
76840400027,true,גלידת פיינטים שוקולד,מוצרי איכות אמריקאיים בעמ,,,יח`,4.20,"100 מ""ל",false,1,20.30,4.83,true,1,
76840400218,true,גלידת פיינטים בן אנד גריס פיינט תות,מוצרי איכות אמריקאיים בעמ,,,יח`,7.50,"100 מ""ל",false,1,20.30,2.71,true,1,
77245110610,true,סוכריות ללס בטעם מנטה מאסט (80 גרם),שטראוס גרופ בעמ,,,יח`,0.80,100 גרם,false,1,9.70,12.13,false,1,
77343000233,true,נרות חימום מנורה שי נר (50),אבאל יזמות בעמ,,,יח`,1,,false,1,10.50,10.50,true,1,
77975022757,true,סניידרס שברי בייגלה אמריקאי 382 גר`,ליימן שליסל בעמ,,,יח`,3.8270,100 גרם,false,1,15.90,4.15,true,1,
77975093108,true,סניידרס בייגלה מצופה שוקולד לבן 141 גר`,ליימן שליסל בעמ,,,יח`,1.41,100 גרם,false,1,17.90,12.70,true,1,
77975094624,true,סניידרס שברי בייגלה במילוי חמאת בוטנים 2,ליימן שליסל בעמ,,,יח`,2.8350,100 גרם,false,1,15.90,5.61,true,1,
77975094631,true,סניידרס בייגלה במילוי קרם צ`דר ( 226 גר`,ליימן שליסל בעמ,,,יח`,2.26,100 גרם,false,1,15.90,7.04,true,1,
77975094761,true,סניידרס שברי בייגל בטעם גבינת צ`אדר,ליימן שליסל בעמ,,,יח`,3.40,100 גרם,false,1,15.90,4.68,true,1,
77975094778,true,סניידרס שברי בייגל בטעם דבש וחרדל 340 גר,ליימן שליסל בעמ,,,יח`,3.40,100 גרם,false,1,15.90,4.68,true,1,
77975095133,true,סניידרס שברי בייגלה ממחמצת שאור בטעם פיק,ליימן שליסל בעמ,,,יח`,3.19,100 גרם,false,1,15.90,4.98,true,1,
77975095164,true,סניידרס שברי בייגלה ממחמצת שאור בטעם פרמ,ליימן שליסל בעמ,,,יח`,3.18,100 גרם,false,1,15.90,5,true,1,
80518532743,true,בלון פסטל שמחה זה אנחנו) (50,שמחה זה אנחנו בעמ,,,יח`,1,,false,1,11.90,11.90,false,1,
611745285685,true,אבוקדו בשל ארוז - מור בריאות,קונסיגנציה-מור בריאות בעמ,,,יח`,1,,false,1,7.90,7.90,true,1,
613008742348,true,אריזונה ג`נסנג דבש ליטר,טמפו משקאות בעמ,,,יח`,1,1 ליטר,false,1,11.90,11.90,true,1,
613008742409,true,אריזונה אפרסק ליטר,טמפו משקאות בעמ,,,יח`,1,1 ליטר,false,1,11.90,11.90,true,1,
613008753290,true,אריזונה אפרסק 450 מל בקבוק,טמפו משקאות בעמ,,,יח`,4.50,"100 מ""ל",false,1,8.90,1.91,true,1,
613008753382,true,אריזונה תה אוכמניות 450 מל בקבוק,טמפו משקאות בעמ,,,יח`,4.50,"100 מ""ל",false,1,8.90,1.91,true,1,
628154383659,true,פרוטי פבלס 311 גר`.,ר.ב מוצרי דגנים בעמ,,,יח`,3.11,100 גרם,false,1,22.90,7.36,false,1,
634065859329,true,אוזניות שחור imx,קונסיגנציה-איי.איקס.אם ישראל ב,,,יח`,1,,false,1,28.90,28.90,false,1,
651080161510,true,ג`ורדן חוט דנטלי פלאקרס,דנשר (1963) בעמ,,,יח`,1,,false,1,13.20,13.20,false,1,
651080647519,true,ג`ורדן פלקרס קיסם עם חוט-מנטה,דנשר (1963) בעמ,,,יח`,1,,false,1,13.20,13.20,false,1,
693493065641,true,טחינה הר כנען 100% 500 גר,אבאל יזמות בעמ,,,יח`,5,100 גרם,false,1,15.90,3.18,true,1,
693493065658,true,טחינה הר כנען 100% שומשום 1קג,אבאל יזמות בעמ,,,יח`,1,"ק""ג",false,1,27.90,27.90,true,1,
693493065672,true,טחינה מלאה הר כנען 500 גר`,אבאל יזמות בעמ,,,יח`,5,100 גרם,false,1,16.90,3.38,true,1,
693493168786,true,תמר מג`הול גמבו 1קג,סהר ותמר בעמ,,,יח`,10,100 גרם,false,1,25,2.50,false,1,
693493168823,true,תמר דקל נור 400 גר`,סהר ותמר בעמ,,,יח`,4,100 גרם,false,1,14.90,3.73,false,1,
710535495539,true,אורז בסמטי 96% ( 1 קג ) AVEL,אבאל יזמות בעמ,,,יח`,1,"ק""ג",false,1,12.90,12.90,true,1,
728229123590,true,חטיף צ`יפס אורגינל טרה (110 גרם)כשר לפס,משה סידס ובנו בעמ,,,יח`,1.10,100 גרם,false,1,14.90,13.55,true,1,
728229123811,true,חטיף צ`יפס ים תיכוני טרה (110 גרם),משה סידס ובנו בעמ,,,יח`,1.10,100 גרם,false,1,14.90,13.55,true,1,
728229124764,true,חטיף צ`יפס עם מלח ים טרה (110 גרם),משה סידס ובנו בעמ,,,יח`,1.10,100 גרם,false,1,14.90,13.55,true,1,
728229124771,true,חטיף טרה מבטטה בטעם ברבקיו 110 גר,משה סידס ובנו בעמ,,,יח`,1.10,100 גרם,false,1,14.90,13.55,true,1,
728229130444,true,חטיף טרה צ`יפס 110 גר`,משה סידס ובנו בעמ,,,יח`,1.10,100 גרם,false,1,14.90,13.55,true,1,
729010312063,true,ספיד סטיק 24/7 ג`ל קול נייט יבוא מקביל,בית הצעצוע בעמ,,,יח`,1,,false,1,15.90,15.90,false,1,
732494000500,true,קרטורס פופקורן קרמל 227 גר`.,מור-ים מרקטינג בעמ,,,יח`,2.27,100 גרם,false,1,25.90,11.41,false,1,
732494000524,true,קרטורס פופקורן קרמל וגבינה 213 גר`,מור-ים מרקטינג בעמ,,,יח`,2.13,100 גרם,false,1,25.90,12.16,false,1,
768404001640,true,גלידת פיינטים בטעם קפה,מוצרי איכות אמריקאיים בעמ,,,יח`,4.20,"100 מ""ל",false,1,20.30,4.83,true,1,
835811001652,true,כוס לשתיה קרה 330 סמק 40 יח`הנמל,הנמל אריזות ושיווק (1984) בעמ,,,יח`,1,,false,1,9.90,9.90,false,1,
835811003458,true,מזלגות אלגנט שקוף 50 יח`הנמל,הנמל אריזות ושיווק (1984) בעמ,,,יח`,1,,false,1,10.90,10.90,true,1,
835811003472,true,כפות אלגנט שקוף 50 יח`הנמל,הנמל אריזות ושיווק (1984) בעמ,,,יח`,1,,false,1,10.90,10.90,true,1,
835811003489,true,כפיות אלגנט שקוף 50 יח`הנמל,הנמל אריזות ושיווק (1984) בעמ,,,יח`,1,,false,1,10.90,10.90,true,1,
835811004189,true,פירורי לחם הנמל (800גרם),הנמל אריזות ושיווק (1984) בעמ,,,יח`,8,100 גרם,false,1,10.90,1.36,false,1,
835811004707,true,פרורי לחם מוזהבים הנמל (440 גרם),הנמל אריזות ושיווק (1984) בעמ,,,יח`,4.40,100 גרם,false,1,7.10,1.61,false,1,
835811005049,true,נייר אפייה 40 יח מתכלה ירוק הנמל,הנמל אריזות ושיווק (1984) בעמ,,,יח`,1,,false,1,10.90,10.90,true,1,
835811005407,true,כוסות קפה לדרך 12 יח`הנמל,הנמל אריזות ושיווק (1984) בעמ,,,יח`,12,יח`,false,1,13.90,1.16,false,1,
835811005810,true,מגש הכסף תבנית מרובע קטן+מכסה 10 יח`,הנמל אריזות ושיווק (1984) בעמ,,,יח`,1,,false,1,10.90,10.90,true,1,
835811005933,true,מגש הכסף תבנית אלומ`ענק 5 יח`,הנמל אריזות ושיווק (1984) בעמ,,,יח`,1,,false,1,10.90,10.90,true,1,
835811005957,true,מגש הכסף תבנית אלומ` +90 מכסה 8 יח`,הנמל אריזות ושיווק (1984) בעמ,,,יח`,1,,false,1,10.90,10.90,true,1,
835811006213,true,קערות למרק מקנה סוכר טבעי 25 יח`הנמל,הנמל אריזות ושיווק (1984) בעמ,,,יח`,1,,false,1,10.90,10.90,false,1,
835811006220,true,צלחות ענק מקנה סוכר טבעי 25 יח`הנמל,הנמל אריזות ושיווק (1984) בעמ,,,יח`,1,,false,1,13.90,13.90,false,1,
835811006237,true,צלחות קטנות מקנה סוכר טבעי 25 יח`הנמל,הנמל אריזות ושיווק (1984) בעמ,,,יח`,1,,false,1,9.90,9.90,false,1,
835811006244,true,צלחות גדולות מקנה סוכר טבעי 25 יח`הנמל,הנמל אריזות ושיווק (1984) בעמ,,,יח`,1,,false,1,12.90,12.90,false,1,
835811006435,true,מגש הכסף תבנית מלבןעמוק+ מכסה 9 יח`,הנמל אריזות ושיווק (1984) בעמ,,,יח`,1,,false,1,10.90,10.90,true,1,
835811006695,true,קוקטים לאפייה 20 יח`הנמל,הנמל אריזות ושיווק (1984) בעמ,,,יח`,1,,false,1,9.70,9.70,false,1,
835811007296,true,כפיות אלגנט קרם 50 יח`הנמל,הנמל אריזות ושיווק (1984) בעמ,,,יח`,1,,false,1,10.90,10.90,true,1,
835811007302,true,כפות אלגנט קרם 50 יח`הנמל,הנמל אריזות ושיווק (1984) בעמ,,,יח`,1,,false,1,10.90,10.90,true,1,
835811007319,true,מזלגות אלגנט קרם 50 יח`הנמל,הנמל אריזות ושיווק (1984) בעמ,,,יח`,1,,false,1,10.90,10.90,true,1,
835811008699,true,כפות 50 יח`עבה הנמל,הנמל אריזות ושיווק (1984) בעמ,,,יח`,1,,false,1,15.90,15.90,false,1,
835811008958,true,כפיות 50 יח`שקוף עבה הנמל,הנמל אריזות ושיווק (1984) בעמ,,,יח`,1,,false,1,13.90,13.90,false,1,
835811009429,true,צלחות גדולות צבע 25 יח`מעורב הנמל,הנמל אריזות ושיווק (1984) בעמ,,,יח`,1,,false,1,16.90,16.90,false,1,
839762000641,true,משקה איילנד 1 ליטר מנגו,טמפו משקאות בעמ,,,יח`,1,1 ליטר,false,1,13.90,13.90,true,1,
839762000658,true,משקה גויאבה איילנד (1 ליטר),טמפו משקאות בעמ,,,יח`,1,1 ליטר,false,1,13.90,13.90,true,1,
856591000062,true,עוגיות מזרחיות עם מלח עבאדי (400 גרם),תה ויסוצקי (ישראל) בעמ,,,יח`,4,100 גרם,false,1,18.50,4.63,true,1,
856591000109,true,עוגיות מזרחיות עבאדי 400 גר`,תה ויסוצקי (ישראל) בעמ,,,יח`,4,100 גרם,false,1,18.50,4.63,false,1,
856591000512,true,עוגיות מזרחיות עבאדי מקלונים פריכים 400,תה ויסוצקי (ישראל) בעמ,,,יח`,4,100 גרם,false,1,18.50,4.63,true,1,
856591000918,true,מארז חטיף טבעי עבאדי) (8X40,תה ויסוצקי (ישראל) בעמ,,,יח`,3.20,100 גרם,false,1,15.90,4.97,false,1,
856591000949,true,עבאדי קטנטנים חטיף טבעי 350 גרם,תה ויסוצקי (ישראל) בעמ,,,יח`,3.50,100 גרם,false,1,15.90,4.54,true,1,
859547004329,true,ספוג ניקוי SCRUB DAFFY,ר.ב מוצרי דגנים בעמ,,,יח`,1,,false,1,18.90,18.90,false,1,
884912359155,true,האני באנצס האני רוסטד 340 גר`.,ר.ב מוצרי דגנים בעמ,,,יח`,3.40,100 גרם,false,1,22.90,6.74,true,1,
884912359162,true,האני באנצס שקדים 340 גר`.,ר.ב מוצרי דגנים בעמ,,,יח`,3.40,100 גרם,false,1,22.90,6.74,true,1,
884912365200,true,דגני בוקר אוראו 311 גר`,ר.ב מוצרי דגנים בעמ,,,יח`,3.11,100 גרם,false,1,23.50,7.56,false,1,
884912377142,true,האני באנצס וניל 340 גר`.,ר.ב מוצרי דגנים בעמ,,,יח`,3.40,100 גרם,false,1,22.90,6.74,true,1,
893594002051,true,פופקורנס צ`יפס בטעם גבינת צ`דר,שטראוס פריטו ליי בעמ,,,יח`,0.32,100 גרם,false,1,6.90,21.56,false,1,
893594002068,true,פופקורנס צ`יפס עם מלח ים .,שטראוס פריטו ליי בעמ,,,יח`,0.32,100 גרם,false,1,6.90,21.56,false,1,
1230000068314,false,בשר טחון ביונד מיט 300 גרם,דיפלומט היינץ,,,יח`,3,100 גרם,false,1,29.90,9.97,false,1,
1230000116022,false,המבורגר ביונד מיט 113 גר` זוג,דיפלומט היינץ,,,יח`,2.26,100 גרם,false,1,34.90,15.44,true,1,
3014260228842,false,קצף גילוח רגיל 200 מל`,דיפלומט מפיצים (1968) בעמ,,,יח`,2,"100 מ""ל",false,1,14.90,7.45,false,1,
3014260240226,false,קצף גילוח רגיש 200 מל`,דיפלומט מפיצים (1968) בעמ,,,יח`,2,"100 מ""ל",false,1,14.90,7.45,false,1,
3046920027281,false,לינדט אקסלנס קרמלסולט 100 גר`,משה סידס ובנו בעמ,,,יח`,1,100 גרם,false,1,16.60,16.60,true,1,
3046920028004,false,אקסלנס 70% קקאו לינדט (100 גרם),משה סידס ובנו בעמ,,,יח`,1,100 גרם,false,1,16.60,16.60,true,1,
3046920028363,false,אקסלנס 85% קקאו לינדט (100 גרם),משה סידס ובנו בעמ,,,יח`,1,100 גרם,false,1,16.60,16.60,true,1,
3046920028752,false,לינדט אקסלנס מינט( 100 גר`),משה סידס ובנו בעמ,,,יח`,1,100 גרם,false,1,16.60,16.60,true,1,
3046920029674,false,אקסלנס עם שבבי מלח לינדט (100 גרם),משה סידס ובנו בעמ,,,יח`,1,100 גרם,false,1,16.60,16.60,true,1,
3046920029759,false,אקסלנס שוקולד מריר 90% לינדט (100 גרם),משה סידס ובנו בעמ,,,יח`,1,100 גרם,false,1,16.30,16.30,true,1,
3059943015128,false,אירוויק נטול גז,רקיט בנקיזר (ניר איסט) בעמ,,,יח`,3.45,"100 מ""ל",false,1,15.90,4.61,true,1,
3068320014067,false,אוויאן מים מינרליים ספורט 750 מל,יורוסטנדרט בעמ,,,יח`,7.50,"100 מ""ל",false,1,10.90,1.41,true,1,
3068320017846,false,מים 1 ליטר אויאן פלסטיק,יורוסטנדרט בעמ,,,יח`,1,1 ליטר,false,1,11.90,11.90,true,1,
3068320055008,false,מים אויאן 500 מל,יורוסטנדרט בעמ,,,יח`,5,"100 מ""ל",false,1,7.90,1.52,true,1,
3073781161663,false,גבינה לוואש קרי(מותכת) 8 יח 128 גר,בני ג`ורג` שוקחה (חיפה) בעמ,,,יח`,1.28,100 גרם,false,1,11.90,9.30,false,1,
3073781161687,false,גבינה לוואש קרי(מותכת) 16 יח 256 גר,בני ג`ורג` שוקחה (חיפה) בעמ,,,יח`,2.56,100 גרם,false,1,22.70,8.87,false,1,
3073781162790,false,גבינה בייבי בל אדום 120 גר`,א. סיימן סחר בעמ,,,יח`,1.20,100 גרם,false,1,22.90,19.08,true,1,
3073781177220,false,גבינה בייבי בל אדום 120 גר`,א. סיימן סחר בעמ,,,יח`,1.20,100 גרם,false,1,22.90,19.08,true,1,
3083681142983,false,שעועית עדינה קפואה בונדואל 600 גר`,קפוא-זן תעשיות מזון בעמ - תפוג,,,יח`,6,100 גרם,false,1,22.90,3.82,false,1,
3083681143010,false,אפונת גן קפואה בונדואל 600 גר`,קפוא-זן תעשיות מזון בעמ - תפוג,,,יח`,6,100 גרם,false,1,14.90,2.48,false,1,
3083681143041,false,גרעיני תירס קפואים בונדואל 600 גר`,קפוא-זן תעשיות מזון בעמ - תפוג,,,יח`,6,100 גרם,false,1,15.90,2.65,false,1,
3083681143652,false,פרוסות חציל בגריל בונדואל 600 גר`,קפוא-זן תעשיות מזון בעמ - תפוג,,,יח`,6,100 גרם,false,1,25.90,4.32,false,1,
3083681143690,false,פרוסות זוקיני בגריל בונדואל 600 גר`,קפוא-זן תעשיות מזון בעמ - תפוג,,,יח`,6,100 גרם,false,1,25.90,4.32,false,1,
3083681143720,false,חצאי פלפלים בגריל בונדואל 600 גר`,קפוא-זן תעשיות מזון בעמ - תפוג,,,יח`,6,100 גרם,false,1,25.90,4.32,false,1,
3161911229199,false,ממרח חמאה רכה 250 גר,א. סיימן סחר בעמ,,,יח`,2.50,100 גרם,false,1,22.90,9.16,true,1,
3161911366429,false,חמאה רכה מלוחה 250 גר,א. סיימן סחר בעמ,,,יח`,2.50,100 גרם,false,1,22.90,9.16,true,1,
3178530402353,false,עוגיות מדלן רכות 175 גרם,א. סיימן סחר בעמ,,,יח`,1.75,100 גרם,false,1,11.90,6.80,true,1,
3178530407938,false,מיני מדליין פצפוצי שוקולד 175 גר`,א. סיימן סחר בעמ,,,יח`,1.75,100 גרם,false,1,13.90,7.94,true,1,
3178530411478,false,עוגיות חמאה קלאסי 150 גר`גלאט,א. סיימן סחר בעמ,,,יח`,1.50,100 גרם,false,1,12.90,8.60,false,1,
3178530412703,false,עוגיות חמאה דונאט עם שוקולד 180 גר,א. סיימן סחר בעמ,,,יח`,1.80,100 גרם,false,1,17.90,9.94,true,1,
3178530417418,false,עוגיות חמאה דונאט עם שוקולד ציפס 180 גר,א. סיימן סחר בעמ,,,יח`,1.80,100 גרם,false,1,17.90,9.94,true,1,
3228022910023,false,חמאה צרפתית פריזידאן פרזידנט (200 גרם),נטו מלינדה סחר בעמ,,,יח`,2,100 גרם,false,1,16.80,8.40,false,1,
3387390320244,false,פיטנס פירות נסטלה (375 גרם),קבוצת אסם סחר שות. מוגבלת,,,יח`,3.75,100 גרם,false,1,20.30,5.41,true,1,
3387390525960,false,דגני קראנץ` נסטלה (500 גרם),קבוצת אסם סחר שות. מוגבלת,,,יח`,5,100 גרם,false,1,22.90,4.58,true,1,
3523230025638,false,גבינת עיזים בושה טבעי 125 גרם,א. סיימן סחר בעמ,,,יח`,1.25,100 גרם,false,1,24.90,19.92,false,1,
3523230026826,false,פירמידה עיזים טבעי 140 גרם,א. סיימן סחר בעמ,,,יח`,1.40,100 גרם,false,1,22.90,16.36,true,1,
3523230026888,false,פירמידה עיזים שום ועשבי תיבול 140 גרם,א. סיימן סחר בעמ,,,יח`,1.40,100 גרם,false,1,22.90,16.36,true,1,
3525490011116,false,יין אדום לה ז`אמל קרבנה סובניון 750 מל,היכל היין שקד גולן בעמ,,,יח`,7.50,"100 מ""ל",false,1,55.90,7.41,false,1,
3563490014898,false,חרדל דיזון לחיץ 265 גר,דיפלומט היינץ,,,יח`,2.65,100 גרם,false,1,13.20,4.98,false,1,
3574660464368,false,קרפרי מגה פק מגן תחתון אוורירי מבושם 76,ש.שסטוביץ בעמ,,,יח`,1,,false,1,20.90,20.90,false,1,
3574661135601,false,מי פה ליסטרין קול מינט 1 ליטר יבוא מקבי,איינשטיין-צור יבוא-יצוא וסחר ב,,,יח`,10,"100 מ""ל",false,1,19.90,1.99,false,1,
3574661203577,false,ליסטרין אדוונס וויט 500 מל-יבוא מקביל,בית הצעצוע בעמ,,,יח`,5,"100 מ""ל",false,1,15.90,3.18,true,1,
3600542232418,false,גרנייה פילינג סקראב משמש 50 מל,לוריאל ישראל קוסמטיקס בעמ,,,יח`,0.50,"100 מ""ל",false,1,19.90,39.80,false,1,
3607343817547,false,דאו ספריי לגבר קליימקול 150 מל אדידס,דנשר (1963) בעמ,,,יח`,1.50,"100 מ""ל",false,1,12.90,8.60,false,1,
3608580730255,false,ריבת משמש 370גר`,ר.ב מוצרי דגנים בעמ,,,יח`,3.70,100 גרם,false,1,20.90,5.65,false,1,
3608580730279,false,ריבת תפוז 370 גר`,ר.ב מוצרי דגנים בעמ,,,יח`,3.70,100 גרם,false,1,20.90,5.65,false,1,
3760125946719,false,יין רוזה אור דה לה קסטינל 750 מל,הכרם - משקאות חריפים בעמ,,,יח`,7.50,"100 מ""ל",false,1,60.90,8.08,true,1,
3800020472569,false,קיט קאט צ`אנקי קרמל,קבוצת אסם סחר שות. מוגבלת,,,יח`,0.4350,100 גרם,false,1,3.90,8.97,false,1,
4000351109380,false,שמן קנולה 1 ליטר BROLIO.,המותג-לא פעיל להקלדה,,,יח`,1,1 ליטר,false,1,8.90,8.90,false,1,
4000415039707,false,שוגטן 100 גר` וניל,יעד ממתקים בעמ,,,יח`,1,100 גרם,false,1,6.90,6.90,true,1,
4000415851705,false,שוגטן 100 גר`,יעד ממתקים בעמ,,,יח`,1,100 גרם,false,1,6.90,6.90,true,1,
4000417019004,false,שוקולד ריטר חלבי אגוזים 100 גר`,ליימן שליסל בעמ,,,יח`,1,100 גרם,false,1,10.90,10.90,true,1,
4000417022004,false,שוקולד ריטר חלבי צימוקים/אגוזים100 גר`,ליימן שליסל בעמ,,,יח`,1,100 גרם,false,1,10.50,10.50,true,1,
4000417023001,false,שוקולד ריטר חלבי שקד 100 גר`,ליימן שליסל בעמ,,,יח`,1,100 גרם,false,1,10.90,10.90,true,1,
4000417025005,false,שוקולד ריטרמרציפן 100 גר`,ליימן שליסל בעמ,,,יח`,1,100 גרם,false,1,10.50,10.50,true,1,
4000417026002,false,שוקולד ריטרפרלין 100 גר`,ליימן שליסל בעמ,,,יח`,1,100 גרם,false,1,10.50,10.50,true,1,
4000417101211,false,אמיצ`לי גלילי וופל עם קרם אגוזי לוז בציפ,ליימן שליסל בעמ,,,יח`,1.50,100 גרם,false,1,18.90,12.60,true,1,
4000417212009,false,שוקולד ריטר ספורטמריר תפוז ושקד 100 גר`,ליימן שליסל בעמ,,,יח`,1,100 גרם,false,1,10.50,10.50,true,1,
4000417222008,false,שוקולד ריטר חלביעם שברי אגוזים 100גר`,ליימן שליסל בעמ,,,יח`,1,100 גרם,false,1,10.50,10.50,true,1,
4000417224002,false,שוקולד ריטר מריר אגוזים 100 גרם,ליימן שליסל בעמ,,,יח`,1,100 גרם,false,1,10.90,10.90,true,1,
4000522009747,false,בייגלה צי`ו מקלות תפוא 80 גר`,ר.ב מוצרי דגנים בעמ,,,יח`,0.80,100 גרם,false,1,4.60,5.75,true,1,
4000522061752,false,צ`וי מקלות בייגלה מלוחים 100 גר,ר.ב מוצרי דגנים בעמ,,,יח`,1,100 גרם,false,1,4.60,4.60,true,1,
4000539363108,false,לינדור סטיק 38 גר`,משה סידס ובנו בעמ,,,יח`,0.38,100 גרם,false,1,6.90,18.16,false,1,
4000607850004,false,שוגטן 100 גר`,יעד ממתקים בעמ,,,יח`,1,100 גרם,false,1,6.90,6.90,true,1,
4000607851001,false,שוגטן חלב אגוזים 100 גר`,יעד ממתקים בעמ,,,יח`,1,100 גרם,false,1,6.90,6.90,true,1,
4000607854705,false,שוגטן במילוי תות 100 גר`,יעד ממתקים בעמ,,,יח`,1,100 גרם,false,1,6.90,6.90,true,1,
4001518003800,false,מקלות פריכים עם פלפל ומלח 125 גר טורינוס,ר.ב מוצרי דגנים בעמ,,,יח`,1.25,100 גרם,false,1,15.90,12.72,false,1,
4001518106112,false,מקלות פריכים עם רוזמרין( 125 גר`)טורינ,ר.ב מוצרי דגנים בעמ,,,יח`,1.25,100 גרם,false,1,15.90,12.72,false,1,
4002720005736,false,קפה פילטר מליטה פרימיום 250 גר,דנשר (1963) בעמ,,,יח`,2.50,100 גרם,false,1,19.30,7.72,false,1,
4004666042004,false,מרסס נגד עובש מלרוד,יעקב יעקבי ובניו בעמ,,,יח`,7.50,"100 מ""ל",false,1,30.90,4.12,false,1,
4005808502004,false,שפתון לבלו ורוד ספוט בליסטר,אלפא- ב.ד.ף בעמ,,,יח`,1,,false,1,12.90,12.90,true,1,
4005808515554,false,קרם רב שימושי סופר ניוואה 300 מל,אלפא- ב.ד.ף בעמ,,,יח`,3,"100 מ""ל",false,1,35.90,11.97,true,1,
4005900036476,false,רול און בלק אנד ווייט לאישה,אלפא- ב.ד.ף בעמ,,,יח`,1,,false,1,13.90,13.90,true,1,
4005900816115,false,דאודורנט רול-און לאישה יבש,אלפא- ב.ד.ף בעמ,,,יח`,1,"100 מ""ל",false,1,13.90,13.90,true,1,
4008287905786,false,קרומבאכר חיטה פחית בודד 500 מל,אגודת הכורמים,,,יח`,5,"100 מ""ל",false,1,9.90,1.92,true,1,
4009300522966,false,תה ירוק עם נענע פומפדור (20),ש.שסטוביץ בעמ,,,יח`,0.30,100 גרם,false,1,17.90,59.67,true,1,
4009300526438,false,תה ירוק קלאסי פומפדור (20),ש.שסטוביץ בעמ,,,יח`,1,,false,1,17.90,17.90,true,1,
4009300530183,false,חליטת תפוז ספרדי פומפדור (44),ש.שסטוביץ בעמ,,,יח`,1,,false,1,17.30,17.30,true,1,
4009300530206,false,פומפדור חליטת תפוח טורקי (50),ש.שסטוביץ בעמ,,,יח`,1,,false,1,17.30,17.30,true,1,
4009900379564,false,מסטיק טייפ בטעם פירות הובה בובה (56 גרם),מרס ריגלי ישראל בעמ,,,יח`,0.56,100 גרם,false,1,7.40,13.21,false,1,
4009900402965,false,מסטיק אורביט וויט בטעם פירות ללס,מרס ריגלי ישראל בעמ,,,יח`,1,,false,1,11.50,11.50,true,1,
4009900403023,false,מסטיק אורביט וויט בטעם מנטה ללס,מרס ריגלי ישראל בעמ,,,יח`,1,,false,1,11.50,11.50,true,1,
4009900406918,false,הובה בובה טייפ טריפל מיקס,מרס ריגלי ישראל בעמ,,,יח`,0.56,100 גרם,false,1,7.40,13.21,false,1,
4009900420129,false,מסטיק אורביט פרופשיונל מנטה חזקה ללס,מרס ריגלי ישראל בעמ,,,יח`,1,,false,1,11.50,11.50,true,1,
4009900479998,false,מסטיק אורביט בטעם אוכמניות ללס,מרס ריגלי ישראל בעמ,,,יח`,1,,false,1,11.50,11.50,true,1,
4009900482417,false,מסטיק אורביט בטעם פירות ומנטה ללס,מרס ריגלי ישראל בעמ,,,יח`,1,,false,1,11.50,11.50,true,1,
4009900483803,false,מסטיק אירויבז בטעם מנטה אקליפטוס ללס אר,מרס ריגלי ישראל בעמ,,,יח`,0.84,100 גרם,false,1,14.30,17.02,false,1,
4009900484060,false,מסטיק אורביט בטעם מנטה חזקה ללס אריזה מ,מרס ריגלי ישראל בעמ,,,יח`,0.84,100 גרם,false,1,14.30,17.02,false,1,
4009900484091,false,מסטיק אורביט בטעם מנטה עדינה ללס אריזה,מרס ריגלי ישראל בעמ,,,יח`,0.84,100 גרם,false,1,14.30,17.02,false,1,
4009900487283,false,מסטיק אורביט סטיקס מארז חמישייה ללס בטע,מרס ריגלי ישראל בעמ,,,יח`,1,,false,1,10.10,10.10,false,1,
4009900491044,false,מסטיק אירוויבז בטעם מנטה אוכמניות ללס,מרס ריגלי ישראל בעמ,,,יח`,0.84,100 גרם,false,1,14.30,17.02,false,1,
4009900509770,false,מסטיק אורביט בטעם תות ללס אריזה מוגדלת,מרס ריגלי ישראל בעמ,,,יח`,1,,false,1,14.30,14.30,false,1,
4009900514996,false,מסטיק אורביט צבעוני תות בקבוקון,מרס ריגלי ישראל בעמ,,,יח`,1,,false,1,11.50,11.50,true,1,
4009900521581,false,סוכריות אורביט בטעם מנטה ללס,מרס ריגלי ישראל בעמ,,,יח`,0,100 גרם,false,1,10.90,10.90,true,1,
4009900531122,false,מסטיק אורביט פרופשיונל בטעם מנטה עדינה ל,מרס ריגלי ישראל בעמ,,,יח`,1,,false,1,11.50,11.50,true,1,
4009900534918,false,סקיטלס ג`יינט פירות 141 גר`,מרס ריגלי ישראל בעמ,,,יח`,1.41,100 גרם,false,1,10.10,7.16,true,1,
4009900535519,false,מסטיק אורביט רפרשרס בטעם מנטה ללס אריזה,מרס ריגלי ישראל בעמ,,,יח`,0.1560,100 גרם,false,1,4.90,31.41,true,1,
4009900535540,false,מסטיק אורביט רפרשרס בטעם מנטה ללס אריזה,מרס ריגלי ישראל בעמ,,,יח`,0.1560,100 גרם,false,1,4.90,31.41,true,1,
4009900536257,false,מסטיק אורביט רפרשרס בטעם מנטה ללס,מרס ריגלי ישראל בעמ,,,יח`,0.67,100 גרם,false,1,12.90,19.25,true,1,
4009900536288,false,מסטיק אורביט refreshers פפרמינט בקבוקון,מרס ריגלי ישראל בעמ,,,יח`,0.67,100 גרם,false,1,12.90,19.25,true,1,
4009900536486,false,מסטיק אורביט רפרשרס בטעם פירות ומנטה לל,מרס ריגלי ישראל בעמ,,,יח`,0.67,100 גרם,false,1,12.90,19.25,true,1,
4009900539340,false,סוכריות ג`יינט פירות סקיטלס סאוור (141 ג,מרס ריגלי ישראל בעמ,,,יח`,1.41,100 גרם,false,1,10.10,7.16,true,1,
4009900539401,false,מסטיק פייב באונס בטעם מנטה אישית,מרס ריגלי ישראל בעמ,,,יח`,0.1440,100 גרם,false,1,4.90,34.03,false,1,
4009900539685,false,מסטיק פייב באונס בטעם מנטה בקבוקון,מרס ריגלי ישראל בעמ,,,יח`,0.67,100 גרם,false,1,12.90,19.25,true,1,
4009900539746,false,מסטיק פייב באונס בטעם אבטיח בקבוקון,מרס ריגלי ישראל בעמ,,,יח`,0.67,100 גרם,false,1,12.90,19.25,true,1,
4011100001220,false,מרס חטיף שוקולד עם קרמל מארז 403 גרם,מרס ריגלי ישראל בעמ,,,יח`,4,100 גרם,false,1,19.90,4.98,false,1,
4011100002227,false,באונטי חטיף שוקולד קוקוס מארז 403 גרם,מרס ריגלי ישראל בעמ,,,יח`,4.03,100 גרם,false,1,19.90,4.94,false,1,
4011800528416,false,קורני בייס סויט סול 150 גר`,משה סידס ובנו בעמ,,,יח`,1.50,100 גרם,false,1,10.90,7.27,true,1,
4011800567613,false,חטיף קורני שחור לבן רביעייה,משה סידס ובנו בעמ,,,יח`,1.20,100 גרם,false,1,10.90,9.08,true,1,
4011800577810,false,חטיף קורני שישייה פרי נוגט,משה סידס ובנו בעמ,,,יח`,1.20,100 גרם,false,1,10.90,9.08,true,1,
4011800617714,false,קורני ביג שוקו בננה 50 גר`,משה סידס ובנו בעמ,,,יח`,0.50,100 גרם,false,1,5.90,11.80,true,1,
4011800617813,false,קורני ביג בראוניז 50 גר`,משה סידס ובנו בעמ,,,יח`,0.50,100 גרם,false,1,5.90,11.80,true,1,
4011800617912,false,קורני ביג נאטס 50 גר`,משה סידס ובנו בעמ,,,יח`,0.50,100 גרם,false,1,5.90,11.80,true,1,
4011800628512,false,חטיף קורני שישייה שוקולדה,משה סידס ובנו בעמ,,,יח`,1.50,100 גרם,false,1,10.90,7.27,true,1,
4011800630515,false,חטיף קורני שישייה שוקולד חלבי ובננה,משה סידס ובנו בעמ,,,יח`,1.50,100 גרם,false,1,10.90,7.27,true,1,
4011800633516,false,חטיף קורני שישייה שוקולד מריר,משה סידס ובנו בעמ,,,יח`,1.50,100 גרם,false,1,10.90,7.27,true,1,
4011800636517,false,קורני פרי ללתס חטיף דגנים+שוקולד 6 יח`,משה סידס ובנו בעמ,,,יח`,1.20,100 גרם,false,1,10.90,9.08,true,1,
4013227013414,false,פינה קולדה סרפרז (700 מל),הכרם - משקאות חריפים בעמ,,,יח`,7,"100 מ""ל",false,1,39.90,5.66,false,1,
4014400900217,false,מרסי 400 גר`,ליימן שליסל בעמ,,,יח`,4,100 גרם,false,1,39.90,9.98,false,1,
4014400901191,false,מרסי 250 גר`,ליימן שליסל בעמ,,,יח`,2.50,100 גרם,false,1,26.90,10.76,true,1,
4014400904376,false,סוכריות שטורק שוקולדן 325 גר`,ליימן שליסל בעמ,,,יח`,3.25,100 גרם,false,1,15.90,4.89,true,1,
4014400904390,false,סוכריות שטורק וולמיש 325 גר`,ליימן שליסל בעמ,,,יח`,3.25,100 גרם,false,1,15.90,4.89,true,1,
4014400913910,false,וורטרס אורגינל קרימי,ליימן שליסל בעמ,,,יח`,1.25,100 גרם,false,1,9.50,7.60,true,1,
4014400914696,false,וורטר שקית חמאה ללס 80 גר`,ליימן שליסל בעמ,,,יח`,0.80,100 גרם,false,1,9.50,11.88,true,1,
4014400920857,false,וורטר ללס בטעם שוקולד 70גר`,ליימן שליסל בעמ,,,יח`,0.70,100 גרם,false,1,9.50,13.57,true,1,
4014400923711,false,חטיפי שוקולד טופיפי (125 גרם),ליימן שליסל בעמ,,,יח`,1.25,100 גרם,false,1,14.20,11.36,true,1,
4014400925319,false,פופקרן קרמל 140 גר` וורטר,ליימן שליסל בעמ,,,יח`,1.40,100 גרם,false,1,15.90,11.36,true,1,
4014400929010,false,מארז חטיף וופל מיני קנופרס 10*20גר`,ליימן שליסל בעמ,,,יח`,2,100 גרם,false,1,20.90,10.45,true,1,
4015000031394,false,ספטיל 200 מל מסיר כתמים,גורי שיווק בעמ,,,יח`,2,100 גרם,false,1,17.30,8.65,false,1,
4015400564034,false,מגן תחתון אולווייז מגה פק לונג פלוס 58 י,דיפלומט מפיצים (1968) בעמ,,,יח`,1,,false,1,24.90,24.90,true,1,
4015400564454,false,מגן תחתון אולוויז מגה פק לארג`68 יח,דיפלומט מפיצים (1968) בעמ,,,יח`,1,,false,1,24.90,24.90,true,1,
4015400598329,false,אולוויז קוואטרו נורמל פלוס 56 יח`,דיפלומט מפיצים (1968) בעמ,,,יח`,1,,false,1,42.90,42.90,false,1,
4015400681670,false,תחבושות לילה בטוח אולווייז) (18,דיפלומט מפיצים (1968) בעמ,,,יח`,1,,false,1,20.30,20.30,true,1,
4015400690313,false,טמפקס קומפאק פרל רגולר 18 יח,דיפלומט מפיצים (1968) בעמ,,,יח`,1,,false,1,22.90,22.90,false,1,
4015400690498,false,טמפקס קומפאק פרל סופר פלוס 18 יח,דיפלומט מפיצים (1968) בעמ,,,יח`,1,,false,1,22.90,22.90,false,1,
4015400731719,false,תחבושות לילה וליו פק אולווייז) (20,דיפלומט מפיצים (1968) בעמ,,,יח`,1,,false,1,21.40,21.40,true,1,
4015400746812,false,מגן תחתון אולווייז מגה פק נורמל 80 יח`,דיפלומט מפיצים (1968) בעמ,,,יח`,1,,false,1,24.90,24.90,true,1,
4015400755241,false,תחבושות אולוויז וליו פק נורמל פלוס 28 יח,דיפלומט מפיצים (1968) בעמ,,,יח`,1,,false,1,21.40,21.40,true,1,
4015400755487,false,תחבושות אולטרה לונג פלוס אולווייז) (24,דיפלומט מפיצים (1968) בעמ,,,יח`,1,,false,1,21.40,21.40,true,1,
4015400824749,false,טמפונים סופר פלוס עם מוליך טמפקס (30),דיפלומט מפיצים (1968) בעמ,,,יח`,1,,false,1,39.60,39.60,false,1,
4015600762780,false,הד אנד שולדרס שמפו 500 מל,דיפלומט מפיצים (1968) בעמ,,,יח`,5,"100 מ""ל",false,1,21.90,4.38,false,1,
4017100219900,false,גליליות וופל חלב וופלטן (100 גרם),ליימן שליסל בעמ,,,יח`,1,100 גרם,false,1,14.20,14.20,true,1,
4017100291005,false,בלזן ביסקוויט מצופה שוקולד מריר,ליימן שליסל בעמ,,,יח`,1.25,100 גרם,false,1,14.20,11.36,true,1,
4017100364112,false,היט עוגיות סנדוויץ`שוקו בלזן (220 גרם),ליימן שליסל בעמ,,,יח`,2.20,100 גרם,false,1,11.20,5.09,true,1,
4022025261002,false,בלו ווין גוורצטאמניר 750 מל,היכל היין שקד גולן בעמ,,,יח`,7.50,"100 מ""ל",false,1,52,6.89,true,1,
4025700001962,false,שוקולד לבן מילקה (100 גרם),דיפלומט היינץ,,,יח`,1,100 גרם,false,1,7.50,7.50,true,1,
4028208000284,false,נייר פילטר מס 4,דנשר (1963) בעמ,,,יח`,1,,false,1,11.90,11.90,false,1,
4066600999614,false,פאולנר 500 מל,טמפו משקאות בעמ,,,יח`,5,"100 מ""ל",false,1,12.20,2.38,true,1,
4084500065536,false,פנטן קרם לחות מוגברת לעיצוב השיער 300 מ,דיפלומט מפיצים (1968) בעמ,,,יח`,3,"100 מ""ל",false,1,20.90,6.97,false,1,
4084500088917,false,נוזל לניקוי כלים לימון פיירי (650 מל),דיפלומט מפיצים (1968) בעמ,,,יח`,6.50,"100 מ""ל",false,1,11.90,1.83,false,1,
4084500739253,false,אורל בי משחת שיניים לובן מהודר,דיפלומט מפיצים (1968) בעמ,,,יח`,0.75,100 גרם,false,1,29.90,39.87,true,1,
4084500853836,false,פיירי ורדים ומשי 515 מל,דיפלומט מפיצים (1968) בעמ,,,יח`,5.15,"100 מ""ל",false,1,11.90,2.31,false,1,
4084500853898,false,פיירי אלוורה ומלפפונים 515 מל,דיפלומט מפיצים (1968) בעמ,,,יח`,5.15,"100 מ""ל",false,1,11.90,2.31,false,1,
4100130937163,false,בירה בק`ס (275x6 מל),הכרם - משקאות חריפים בעמ,,,יח`,1.65,1 ליטר,false,1,36.90,21.27,true,1,
4105120623941,false,בירה ויינשטפן בקבוק 500 מל,החברה המרכזית להפצת משקאות בעמ,,,יח`,5,"100 מ""ל",false,1,13.50,2.64,false,1,
4260147890513,false,איטריות ביצים דקות 500 גר`,דין שיווק וקליה 2021 בעמ,,,יח`,5,100 גרם,false,1,11.50,2.30,true,1,
4260147890537,false,איטריות ביצים רצועות 500 גר`,דין שיווק וקליה 2021 בעמ,,,יח`,5,100 גרם,false,1,11.50,2.30,true,1,
4260147890711,false,איטריות ביצים מגולגלות 500 גר`,דין שיווק וקליה 2021 בעמ,,,יח`,5,100 גרם,false,1,11.50,2.30,true,1,
4600659010854,false,וודקה סטוליצ`יניה (700 מל),הכרם - משקאות חריפים בעמ,,,יח`,7,"100 מ""ל",false,1,81.50,11.60,true,1,
4603400000043,false,וודקה רוסקי יורוסטנדרט (700 מל),יורוסטנדרט בעמ,,,יח`,7,"100 מ""ל",false,1,59.90,8.51,false,1,
4605561010305,false,פילה הרינג עם שמיר בשמן חתיכות 500 גר`,דילר בי.אמ.די פורמולה בעמ,,,יח`,5,100 גרם,false,1,27.90,5.58,true,1,
4605561010343,false,פילה הרינג בשמן חתיכות 500 גר`,דילר בי.אמ.די פורמולה בעמ,,,יח`,5,100 גרם,false,1,27.90,5.58,true,1,
4605561011975,false,פילה הרינג בשמן 150 גר`,דילר בי.אמ.די פורמולה בעמ,,,יח`,1.50,100 גרם,false,1,8.90,5.93,false,1,
4605561012613,false,פילה הרינג (קצוץ) בשמן 400 גר`,דילר בי.אמ.די פורמולה בעמ,,,יח`,4,100 גרם,false,1,16.90,4.23,true,1,
4605561013009,false,פילה הרינג בשמן 400 גר`,דילר בי.אמ.די פורמולה בעמ,,,יח`,4,100 גרם,false,1,16.90,4.23,true,1,
4640018993343,false,פיניש קוואנטום 30 קפסולות שקית,רקיט בנקיזר (ניר איסט) בעמ,,,יח`,1,,false,1,40.90,40.90,false,1,
4640018993398,false,פיניש קוואנטום 60 קפסולות שקית,רקיט בנקיזר (ניר איסט) בעמ,,,יח`,1,,false,1,61.90,61.90,true,1,
4710068001692,false,מאסטר קפה 250 מל לאטה,טמפו משקאות בעמ,,,יח`,2.50,"100 מ""ל",false,1,7.20,2.88,true,1,
4710068001715,false,משקה בטעם טירמיסו מאסטר קפה (240 מל),טמפו משקאות בעמ,,,יח`,2.40,"100 מ""ל",false,1,7.20,3,true,1,
4710068001739,false,מאסטר קפה 250 מל קולומביאני,טמפו משקאות בעמ,,,יח`,2.50,"100 מ""ל",false,1,7.20,2.88,true,1,
4710068003313,false,מאסטר קפה אמריקנו 250 מל,טמפו משקאות בעמ,,,יח`,2.50,"100 מ""ל",false,1,7.60,3.04,false,1,
4796019790013,false,שמן קוקוס כבישה קרה אורגני גרין קוקו 300,נטורפוד בעמ,,,יח`,1,,false,1,20.90,20.90,false,1,
4800888150080,false,דאודורנט רול און מלפפונים דאב (50 מל),יוניליוור ישראל שיווק בעמ,,,יח`,0.50,100 גרם,false,1,16.30,32.60,true,1,
4800888219510,false,דאודורנט סטיק מלפפונים דאב (50 גרם),יוניליוור ישראל שיווק בעמ,,,יח`,0.50,100 גרם,false,1,15.20,30.40,true,1,
4800888219534,false,דאב סטיק אורגינל (50 גרם),יוניליוור ישראל שיווק בעמ,,,יח`,0.50,100 גרם,false,1,16.30,32.60,true,1,
4800888219541,false,רקסונה נשים דאו סטיק פאודר דרי 50 מל,יוניליוור ישראל שיווק בעמ,,,יח`,0.50,"100 מ""ל",false,1,16.50,33,true,1,
4810168001056,false,פילה דג הרינג מלוח מצונן 260 גר`,דילר בי.אמ.די פורמולה בעמ,,,יח`,2.60,100 גרם,false,1,18.90,7.27,true,1,
4810168018795,false,פילה דג הרינג מלוח מצונן 200 גר`,דילר בי.אמ.די פורמולה בעמ,,,יח`,2,100 גרם,false,1,14.90,7.45,true,1,
4810168049959,false,בלינצ`ס במילוי גבינת טובורג מוקפא 360 גר,דילר בי.אמ.די פורמולה בעמ,,,יח`,3.60,100 גרם,false,1,13.90,3.86,true,1,
4810168049966,false,בלינצ`ס במילוי דובדבן מוקפא 360 גר`,דילר בי.אמ.די פורמולה בעמ,,,יח`,3.60,100 גרם,false,1,13.90,3.86,true,1,
4810168055035,false,כיסונים במילוי טבורוג וצימוקים מוקפאים 4,דילר בי.אמ.די פורמולה בעמ,,,יח`,4.50,100 גרם,false,1,16.90,3.76,true,1,
4810168057435,false,חתיכות פילה דג הרינג מלוח בשמן 400 גר`,דילר בי.אמ.די פורמולה בעמ,,,יח`,4,100 גרם,false,1,27.90,6.98,true,1,
4823077602863,false,סוכריות ג`לי רושן קרייזי פצ`ולקה 200 ג,דילר בי.אמ.די.אינטרנשויונל בעמ,,,יח`,2,100 גרם,false,1,7.90,3.95,false,1,
4823077613203,false,שוקולד רושן מריר עם אגוז שלם 90 גר`,דילר בי.אמ.די.אינטרנשויונל בעמ,,,יח`,0.90,100 גרם,false,1,8.90,9.89,true,1,
4823077613630,false,חטיף שוקולד רושן ממולה קרם בורלה 43 גר`,דילר בי.אמ.די.אינטרנשויונל בעמ,,,יח`,0.43,100 גרם,false,1,4.90,11.40,true,1,
4823077614675,false,ביסקוויט לקפה רושן בטעם חלב 185 גר`,דילר בי.אמ.די.אינטרנשויונל בעמ,,,יח`,1.85,100 גרם,false,1,4.90,2.65,true,1,
4823077614699,false,ביסקוויט לקפה רושן בטעם חמאה וניל 185 גר,דילר בי.אמ.די.אינטרנשויונל בעמ,,,יח`,1.85,100 גרם,false,1,4.90,2.65,true,1,
4823077614767,false,שוקולד רושן חלב נוגט בטעם אגוזי לוז 90 ג,דילר בי.אמ.די.אינטרנשויונל בעמ,,,יח`,0.90,100 גרם,false,1,5.90,6.56,true,1,
4823077614804,false,שוקולד רושן חלב נוגט בטעם אוכמניות כחולו,דילר בי.אמ.די.אינטרנשויונל בעמ,,,יח`,0.90,100 גרם,false,1,5.90,6.56,true,1,
4823077617041,false,חטיף שוקולד רושן ממולה קרם קרמל 43 גר`,דילר בי.אמ.די.אינטרנשויונל בעמ,,,יח`,0.43,100 גרם,false,1,4.90,11.40,true,1,
4823077618161,false,גליליות רושן קונאפטו חלב 140 גר`,דילר בי.אמ.די.אינטרנשויונל בעמ,,,יח`,1.40,100 גרם,false,1,7.90,5.64,true,1,
4823077618901,false,בונבוניירה רושן ליקר רום 150 גר`,דילר בי.אמ.די.אינטרנשויונל בעמ,,,יח`,1.50,100 גרם,false,1,13.90,9.27,true,1,
4823077621635,false,וופל רושן בטעם חלב 72 גר`,דילר בי.אמ.די.אינטרנשויונל בעמ,,,יח`,0.72,100 גרם,false,1,4.90,6.81,true,1,
4823077621642,false,וופל רושן בטעם שוקולד 72 גר`,דילר בי.אמ.די.אינטרנשויונל בעמ,,,יח`,0.72,100 גרם,false,1,4.90,6.81,true,1,
4823077621659,false,וופל רושן בטעם אגוז 72 גר`,דילר בי.אמ.די.אינטרנשויונל בעמ,,,יח`,0.72,100 גרם,false,1,4.90,6.81,true,1,
4823077624223,false,סוכריות ג`לי בוני פרוט בטעמי פירות 200,דילר בי.אמ.די.אינטרנשויונל בעמ,,,יח`,2,100 גרם,false,1,7.90,3.95,true,1,
4823077624247,false,סוכריות ג`לי בוני פרוט בטעם הדרים 200,דילר בי.אמ.די.אינטרנשויונל בעמ,,,יח`,2,100 גרם,false,1,7.90,3.95,true,1,
4823077625145,false,בונבוניירה רושן ליקר שרי 155 גר`,דילר בי.אמ.די.אינטרנשויונל בעמ,,,יח`,1.55,100 גרם,false,1,13.90,8.97,true,1,
4823077625589,false,וופל רושן בטעם חלב 216 גר`,דילר בי.אמ.די.אינטרנשויונל בעמ,,,יח`,2.16,100 גרם,false,1,7.90,3.66,true,1,
4823077625602,false,וופל רושן בטעם שוקולד 216 גר`,דילר בי.אמ.די.אינטרנשויונל בעמ,,,יח`,2.16,100 גרם,false,1,7.90,3.66,true,1,
4823077625626,false,וופל רושן בטעם אגוז 216 גר`,דילר בי.אמ.די.אינטרנשויונל בעמ,,,יח`,2.16,100 גרם,false,1,7.90,3.66,true,1,
4823077626203,false,שוקולד רושן אורירי מריר 80 גר`,דילר בי.אמ.די.אינטרנשויונל בעמ,,,יח`,0.80,100 גרם,false,1,7.90,9.88,true,1,
4823077626227,false,שוקולד אורירי חלב 80 גר`,דילר בי.אמ.די.אינטרנשויונל בעמ,,,יח`,0.80,100 גרם,false,1,7.90,9.88,true,1,
4823077626241,false,שוקולד רושן אורירי לבן קרמל 80 גר`,דילר בי.אמ.די.אינטרנשויונל בעמ,,,יח`,0.80,100 גרם,false,1,7.90,9.88,true,1,
4823077626364,false,שוקולד רושן אורירי לבן 80 גר`,דילר בי.אמ.די.אינטרנשויונל בעמ,,,יח`,0.80,100 גרם,false,1,7.90,9.88,true,1,
4823077630439,false,סנדוויץ קרקר שוקולד רושן 235 גר`,דילר בי.אמ.די.אינטרנשויונל בעמ,,,יח`,2.35,100 גרם,false,1,10.90,4.64,true,1,
4823077630996,false,סנדוויץ קרקר קקאו אגוז רושן 235 גר`,דילר בי.אמ.די.אינטרנשויונל בעמ,,,יח`,2.35,100 גרם,false,1,10.90,4.64,true,1,
4823077631467,false,קרקר עם מלח ים רושן 168 גר`,דילר בי.אמ.די.אינטרנשויונל בעמ,,,יח`,1.68,100 גרם,false,1,5.90,3.51,true,1,
4823077631474,false,קרקר קלאסי רושן 168 גר`,דילר בי.אמ.די.אינטרנשויונל בעמ,,,יח`,1.68,100 גרם,false,1,5.90,3.51,true,1,
4823077632112,false,וופל רושן בטעם קקאו חלב 216 גר`,דילר בי.אמ.די.אינטרנשויונל בעמ,,,יח`,2.16,100 גרם,false,1,7.90,3.66,true,1,
4823077632259,false,חטיף שוקולד רושן עם בוטנים 38 גר`,דילר בי.אמ.די.אינטרנשויונל בעמ,,,יח`,0.38,100 גרם,false,1,4.90,12.89,true,1,
4823077632570,false,שוקולד רושן מריר 85 גר` BRUT,דילר בי.אמ.די.אינטרנשויונל בעמ,,,יח`,0.85,100 גרם,false,1,7.90,9.29,true,1,
4823077632587,false,שוקולד רושן חלב עם שקד שלם 90 גר` LACMI,דילר בי.אמ.די.אינטרנשויונל בעמ,,,יח`,0.90,100 גרם,false,1,8.90,9.89,true,1,
4823077632594,false,שוקולד רושן חלב עם אגוז שלם 90 גר` LACMI,דילר בי.אמ.די.אינטרנשויונל בעמ,,,יח`,0.90,100 גרם,false,1,8.90,9.89,true,1,
4823077633034,false,גליליות רושן קונאפטו קקאו 140 גר`,דילר בי.אמ.די.אינטרנשויונל בעמ,,,יח`,1.40,100 גרם,false,1,7.90,5.64,true,1,
4823077633317,false,עוגיות שוקולד עם חתיכות שוקולד 150 גר`,דילר בי.אמ.די.אינטרנשויונל בעמ,,,יח`,1.50,100 גרם,false,1,7.90,5.27,true,1,
4823077633324,false,עוגיות שוקוצ`יפס 150 גר`,דילר בי.אמ.די.אינטרנשויונל בעמ,,,יח`,1.50,100 גרם,false,1,7.90,5.27,true,1,
4823077633331,false,עוגיות רושן בטעם תפוז 150 גר`,דילר בי.אמ.די.אינטרנשויונל בעמ,,,יח`,1.50,100 גרם,false,1,7.90,5.27,true,1,
4823077633348,false,עוגיות רושן עם חתיכות בוטנים 150 גר`,דילר בי.אמ.די.אינטרנשויונל בעמ,,,יח`,1.50,100 גרם,false,1,7.90,5.27,true,1,
4823077634369,false,שוקולד רושן חלב אוורירי ופצפוצי אורז 85,דילר בי.אמ.די.אינטרנשויונל בעמ,,,יח`,0.85,100 גרם,false,1,7.90,9.29,true,1,
4823077635489,false,וופל רושן קרם קקאו 350 גר`,דילר בי.אמ.די.אינטרנשויונל בעמ,,,יח`,3.50,100 גרם,false,1,17.90,5.11,true,1,
4823077635533,false,וופל רושן קרם חלב 350 גר`,דילר בי.אמ.די.אינטרנשויונל בעמ,,,יח`,3.50,100 גרם,false,1,17.90,5.11,true,1,
4823077636172,false,וופל רושן בטעם לימון 216 גר,דילר בי.אמ.די.אינטרנשויונל בעמ,,,יח`,2.16,100 גרם,false,1,7.90,3.66,true,1,
4823077636332,false,עוגיות רושן במילוי קרם שוקולד,דילר בי.אמ.די.אינטרנשויונל בעמ,,,יח`,1.27,100 גרם,false,1,7.90,6.22,false,1,
4823077636400,false,עוגיות רושן במילוי קרם חלב 127 גר`,דילר בי.אמ.די.אינטרנשויונל בעמ,,,יח`,1.27,100 גרם,false,1,7.90,6.22,false,1,
4823077636417,false,עוגיות רושן במילוי קרם אגוזים 127 גר`,דילר בי.אמ.די.אינטרנשויונל בעמ,,,יח`,1.27,100 גרם,false,1,7.90,6.22,false,1,
4860019001346,false,מים מינרלים 500 מל בקבוק בורזוימי,יורוסטנדרט בעמ,,,יח`,5,"100 מ""ל",false,1,7.90,1.52,false,1,
4860019001414,false,מים מינרליים 750 מל בורזוימי,יורוסטנדרט בעמ,,,יח`,7.50,"100 מ""ל",false,1,8.90,1.15,false,1,
4903001904192,false,רוטב סויה יאמסה פרימיום 500 מל`,ליימן שליסל בעמ,,,יח`,5,"100 מ""ל",false,1,18.30,3.66,false,1,
4903001925784,false,רוטב סויה יאמאסה מופחת מלח 500 מל,ליימן שליסל בעמ,,,יח`,5,"100 מ""ל",false,1,18.30,3.66,false,1,
5000157143365,false,מתבל בטעם מיונז וקטשופ 425 מל,דיפלומט היינץ,,,יח`,4.25,100 גרם,false,1,15.90,3.74,false,1,
5000168199245,false,שוקולד חלב מעולה בתוספת חתיכות קרם קרמל,תה ויסוצקי (ישראל) בעמ,,,יח`,0.90,100 גרם,false,1,15.90,17.67,true,1,
5000189974579,false,קיט קט מיני 200 גר`,קבוצת אסם סחר שות. מוגבלת,,,יח`,2,100 גרם,false,1,10.90,5.45,false,1,
5000204153903,false,גלייד ספריי מילוי אוטומטי בניחוח מרכך כב,דנשר (1963) בעמ,,,יח`,2.69,"100 מ""ל",false,1,18.90,7.03,true,1,
5000204155815,false,גלייד מארז אוטומטי וניל 269 מל,דנשר (1963) בעמ,,,יח`,1,,false,1,46.90,46.90,true,1,
5000204182057,false,גלייד ג`ל ריחני בניחוח לבנדר 180 גרם,דנשר (1963) בעמ,,,יח`,1.80,100 גרם,false,1,15.90,8.83,true,1,
5000204657913,false,קיוי שחור משחת נעליים בקופסא,דנשר (1963) בעמ,,,יח`,1,,false,1,8.10,8.10,false,1,
5000204658125,false,משחת נעליים קיוי קראון חום 75 מל,דנשר (1963) בעמ,,,יח`,0.75,"100 מ""ל",false,1,18.60,24.80,false,1,
5000394105485,false,סוללות דורסל V9 פלוס פאור,דיפלומט מפיצים (1968) בעמ,,,יח`,1,,false,1,28.50,28.50,false,1,
5000394137486,false,דורסל אופטימום רביעיות AA,דיפלומט מפיצים (1968) בעמ,,,יח`,1,,false,1,17.90,17.90,false,1,
5000394140820,false,דורסל שישיות AA פלוס פאוור 2021,דיפלומט מפיצים (1968) בעמ,,,יח`,1,,false,1,17.90,17.90,true,1,
5000394141209,false,דורסל שישיות AAA פלוס פאוור 2021,דיפלומט מפיצים (1968) בעמ,,,יח`,1,,false,1,17.90,17.90,true,1,
5000394142190,false,סוללות דורסל V9 פלוס פאור,דיפלומט מפיצים (1968) בעמ,,,יח`,1,,false,1,28.50,28.50,false,1,
5000394203884,false,דורסל סוללת ליתיום 2016,דיפלומט מפיצים (1968) בעמ,,,יח`,1,,false,1,16.30,16.30,false,1,
5010067322453,false,טרוביה תחליף אבקת סוכר 280 גר`,גורי ע.ע.ע בעמ,,,יח`,2.80,100 גרם,false,1,35.90,12.82,true,1,
5010123703547,false,ליסטרין פרש בורסט 500 מל-יבוא מקביל,בית הצעצוע בעמ,,,יח`,5,"100 מ""ל",false,1,15.90,3.18,true,1,
5010123703585,false,ליסטרין קולמינט 500 מל-יבוא מקביל,בית הצעצוע בעמ,,,יח`,5,"100 מ""ל",false,1,15.90,3.18,true,1,
5010182998861,false,דאק נוזל בודד 750מל ירוק,דנשר (1963) בעמ,,,יח`,7.50,"100 מ""ל",false,1,11.90,1.59,false,1,
5010327000046,false,וויסקי גרנטס (700 מל),הכרם - משקאות חריפים בעמ,,,יח`,7.50,"100 מ""ל",false,1,106,14.09,true,1,
5010677551281,false,בריזר לימון בבקבוק בקרדי (275 מל),טמפו משקאות בעמ,,,יח`,2.75,"100 מ""ל",false,1,15.30,5.45,true,1,
5010677554398,false,בריזר אבטיח בבקבוק בקרדי (275 מל),טמפו משקאות בעמ,,,יח`,2.75,"100 מ""ל",false,1,15.30,5.45,true,1,
5011157630281,false,אורז בסמטי המשאלי טילדה (1 קג),ש.שסטוביץ בעמ,,,יח`,1,"ק""ג",false,1,21.40,21.40,false,1,
5011166062394,false,ג`ין ג`יי`גיי וויטלי 1 ליטר( 38%),הכרם - משקאות חריפים בעמ,,,יח`,10,"100 מ""ל",false,1,100.90,10.06,false,1,
5013931015741,false,ידית הפלא לשטיפת כלים דיש מטיק,דנשר (1963) בעמ,,,יח`,1,,false,1,19.90,19.90,true,1,
5013931015758,false,מארז 3 יח ספוגי החלפה דיש מטיק,דנשר (1963) בעמ,,,יח`,1,,false,1,19.90,19.90,true,1,
5013931015819,false,מארז כריות פלדה דיש מטיק (2 יח),דנשר (1963) בעמ,,,יח`,1,,false,1,19.90,19.90,true,1,
5014271310428,false,מעדן סנט דלפור דובדבן שחור,א. סיימן סחר בעמ,,,יח`,2.84,100 גרם,false,1,21.90,7.71,true,1,
5014271330426,false,מעדן סנט דלפור אוכמניות,א. סיימן סחר בעמ,,,יח`,2.84,100 גרם,false,1,21.90,7.71,true,1,
5014271400426,false,מעדן סנט דלפור תות שדה,א. סיימן סחר בעמ,,,יח`,2.84,100 גרם,false,1,21.90,7.71,true,1,
5014271795980,false,מעדן סנט דלפור חמוציות ואוכמניות,א. סיימן סחר בעמ,,,יח`,2.84,100 גרם,false,1,21.90,7.71,true,1,
5014379009972,false,בירה באדוויזר פחית 500 מל,הכרם - משקאות חריפים בעמ,,,יח`,5,"100 מ""ל",false,1,9.90,1.92,true,1,
5029053039725,false,קלינקס טישו נטורל פרש קופסא,קימברלי קלארק ישראל שיווק בעמ,,,יח`,1,,false,1,11.90,11.90,false,1,
5029053510811,false,תחבושות נורמל פלוס עם כנפיים קוטקס) (28,קימברלי קלארק ישראל שיווק בעמ,,,יח`,1,,false,1,22.40,22.40,true,1,
5029053523446,false,תחבושות עם כנפיים ללילה קוטקס) (20,קימברלי קלארק ישראל שיווק בעמ,,,יח`,1,,false,1,22.40,22.40,true,1,
5060045588128,false,וויסקי ג`ים בים לבן 700 מל,הכרם - משקאות חריפים בעמ,,,יח`,7,"100 מ""ל",false,1,90.90,12.94,false,1,
5060517886486,false,משקה אנר`גי פח 500 מל מונסטר,החברה המרכזית להפצת משקאות בעמ,,,יח`,5,"100 מ""ל",false,1,6.90,1.32,true,1,
5060639128051,false,משקה ULYRA פח 500 מל מונסטר,החברה המרכזית להפצת משקאות בעמ,,,יח`,5,"100 מ""ל",false,1,6.90,1.32,true,1,
5060751218173,false,משקה אנר`גי pipline punch מונסטר 500 מל,החברה המרכזית להפצת משקאות בעמ,,,יח`,5,"100 מ""ל",false,1,6.90,1.32,true,1,
5200133120476,false,גליליות וופלים 400 גרם אגוזים וקקאו  גול,דיפלומט היינץ,,,יח`,4,100 גרם,false,1,18.50,4.63,true,1,
5200133120483,false,גליליות וופלים 400 גרם וניל גולדן ברייק,דיפלומט היינץ,,,יח`,4,100 גרם,false,1,18.50,4.63,true,1,
5201004020338,false,גליליות קלאסיק קפריס 400 גרם,משה סידס ובנו בעמ,,,יח`,4,100 גרם,false,1,20.90,5.23,false,1,
5202390014192,false,צהובה טבעונית עם זיתים,דיפלומט היינץ,,,יח`,2,100 גרם,false,1,24.40,12.20,true,1,
5202390021121,false,קרמי אורגינל טבעוני 150 גר`ויולייף,דיפלומט היינץ,,,יח`,1.50,100 גרם,false,1,18.90,12.60,false,1,
5202795080709,false,אוזו מטקסה 700 מל,הכרם - משקאות חריפים בעמ,,,יח`,7,"100 מ""ל",false,1,81.60,11.61,false,1,
5391523057943,false,סימילאק גולד שלב 3 700 גר`,שקד תבל בעמ-סימילק,,,יח`,7,100 גרם,false,1,74.90,10.70,true,1,
5391523058070,false,סימילאק אדוונס פלוס שלב 3 700 גר,שקד תבל בעמ-סימילק,,,יח`,7,100 גרם,false,1,68.90,9.84,true,1,
5410126006087,false,ביסקוויט בטעם קרמל לוטוס (700 גרם),דיפלומט היינץ,,,יח`,7,100 גרם,false,1,29.50,4.21,true,1,
5410126106183,false,לוטוס קרמל 312 גר`,דיפלומט היינץ,,,יח`,3.12,100 גרם,false,1,15.90,5.10,true,1,
5410126116953,false,ממרח ביסקוויט קרמל לוטוס (400 גרם),דיפלומט היינץ,,,יח`,4,100 גרם,false,1,23.40,5.85,true,1,
5410126666038,false,עוגיות לוטוס 2*18 279 גר`,דיפלומט היינץ,,,יח`,2.79,100 גרם,false,1,13.90,4.98,true,1,
5410228217732,false,בירה סטלה פחית 440 מל,תימקו בירה בעמ,,,יח`,4.40,"100 מ""ל",false,1,13.90,3.09,false,1,
5410228267515,false,בירה באדוויזר 330 מל בקבוק שישייה,הכרם - משקאות חריפים בעמ,,,יח`,1.98,1 ליטר,false,1,35.90,17.22,true,1,
5410316983693,false,אייס סמירנוף (275 מל),החברה המרכזית להפצת משקאות בעמ,,,יח`,2.75,"100 מ""ל",false,1,14.20,5.05,true,1,
5410658902444,false,קפסולות קפה דרגת חוזק 4 Fortisiom lungo,אבאל יזמות בעמ,,,יח`,1,,false,1,13.20,13.20,true,1,
5410658902819,false,קפסולות קפה דרגת חוזק 12 fortisimo RISTR,אבאל יזמות בעמ,,,יח`,1,,false,1,13.20,13.20,true,1,
5410769800097,false,בקבוק צ`רי שוף 8% 330 מל,הכרם - משקאות חריפים בעמ,,,יח`,3.30,"100 מ""ל",false,1,16.50,4.91,true,1,
5411188081852,false,אלפרו סויה וניל 1 ליטר,שטראוס גרופ בעמ,,,יח`,1,1 ליטר,false,1,13.90,13.90,true,1,
5411188094159,false,אלפרו מעדן סויה בטעם שוקו מריר רביעייה,שטראוס גרופ בעמ,,,יח`,5,100 גרם,false,1,16.90,3.38,false,1,
5411188094173,false,אלפרו מעדן סויה בטעם קרמל 4*125מל,שטראוס גרופ בעמ,,,יח`,5,100 גרם,false,1,16.90,3.38,false,1,
5411188096108,false,אלפרו סויה לבישול ( 250 מל),שטראוס גרופ בעמ/מצונן,,,יח`,2.50,"100 מ""ל",false,1,9.90,3.96,true,1,
5411188110835,false,משקה שקדים אלפרו (1 ליטר),שטראוס גרופ בעמ,,,יח`,1,1 ליטר,false,1,13.90,13.90,true,1,
5411188112709,false,משקה שקדים ללס אלפרו (1 ליטר),שטראוס גרופ בעמ,,,יח`,1,1 ליטר,false,1,13.90,13.90,true,1,
5411188115366,false,משקה שיבולת שועל אלפרו (1 ליטר),שטראוס גרופ בעמ,,,יח`,1,1 ליטר,false,1,13.90,13.90,true,1,
5411188115434,false,אלפרו בריסטה סויה 1 ליטר,שטראוס גרופ בעמ,,,יח`,1,1 ליטר,false,1,13.90,13.90,true,1,
5411188115472,false,משקה סויה 1 ליטר אלפרו,שטראוס גרופ בעמ,,,יח`,1,1 ליטר,false,1,13.90,13.90,true,1,
5411188118732,false,משקה קוקוס ושקדים אלפרו (1 ליטר),שטראוס גרופ בעמ,,,יח`,1,1 ליטר,false,1,13.90,13.90,true,1,
5411188120742,false,משקה שקדים בטעם וניל אלפרו (1 ליטר),שטראוס גרופ בעמ,,,יח`,1,1 ליטר,false,1,13.90,13.90,true,1,
5411188120957,false,אלפרו קוקוס לבישול 250 מל,שטראוס גרופ בעמ/מצונן,,,יח`,2.50,100 גרם,false,1,9.90,3.96,true,1,
5411188121923,false,משקה סויה בטעם טבעי אלפרו (250x3 מל),שטראוס גרופ בעמ,,,יח`,7.50,"100 מ""ל",false,1,16.90,2.25,false,1,
5411188121978,false,משקה סויה בטעם טבעי אלפרו (250x3 מל),שטראוס גרופ בעמ,,,יח`,7.50,"100 מ""ל",false,1,16.90,2.25,false,1,
5411188124689,false,משקה שיבולת שועל ללתס 1 ליטר אלפרו,שטראוס גרופ בעמ,,,יח`,1,1 ליטר,false,1,13.90,13.90,true,1,
5411188124726,false,משקה שיבולת שועל שקדים 1 ליטר אלפרו,שטראוס גרופ בעמ,,,יח`,1,1 ליטר,false,1,13.90,13.90,true,1,
5411188127697,false,אלפרו בריסטה שיבולת שועל 1 ליטר,שטראוס גרופ בעמ,,,יח`,1,1 ליטר,false,1,13.90,13.90,true,1,
5411188129899,false,אלפרו בריסטה שקדים 1 ליטר,שטראוס גרופ בעמ,,,יח`,1,1 ליטר,false,1,13.90,13.90,true,1,
5411188133476,false,אלפרו משקה סויה שוקו עם חלבון 250 מל,שטראוס גרופ בעמ/מצונן,,,יח`,2.50,"100 מ""ל",false,1,7.90,3.16,false,1,
5411188133490,false,אלפרו משקה סויה קפה קרמל עם חלבון 250 מ,שטראוס גרופ בעמ/מצונן,,,יח`,2.50,"100 מ""ל",false,1,7.90,3.16,false,1,
5411188134985,false,אלפרו NOT MILK שיבולת שועל 3.5% שומן 1 ל,שטראוס גרופ בעמ/מצונן,,,יח`,1,1 ליטר,false,1,13.90,13.90,false,1,
5411188135005,false,אלפרו NOT MILK שיבולת שועל 1.8% ליטר,שטראוס גרופ בעמ/מצונן,,,יח`,1,1 ליטר,false,1,13.90,13.90,false,1,
5411188300328,false,משקה סויה בטעם שוקו אלפרו (1 ליטר),שטראוס גרופ בעמ,,,יח`,1,1 ליטר,false,1,13.90,13.90,true,1,
5411188513483,false,אלפרו סויה לבישול 14% 250 מל,שטראוס גרופ בעמ/מצונן,,,יח`,2.50,"100 מ""ל",false,1,9.90,3.96,true,1,
5411188543398,false,משקה סויה ללס אלפרו 1 ליטר,שטראוס גרופ בעמ,,,יח`,1,1 ליטר,false,1,13.90,13.90,true,1,
5411681038001,false,בירה טריפל מרדסו (330 מל),הכרם - משקאות חריפים בעמ,,,יח`,3.30,"100 מ""ל",false,1,16.50,4.91,true,1,
5413149922907,false,אריאל 5 קג` קולור,דיפלומט מפיצים (1968) בעמ,,,יח`,5,"ק""ג",false,1,45.90,9.18,true,1,
5413149922938,false,אריאל 5 קג` שושן צחור,דיפלומט מפיצים (1968) בעמ,,,יח`,5,"ק""ג",false,1,45.90,9.18,true,1,
5604912415041,false,סרדינים בשמן חמניה פורטוס 125 גר`,דיפלומט היינץ,,,יח`,1.25,100 גרם,false,1,6.90,5.52,false,1,
5701932026964,false,הוט פופ 600 גר`,ליימן שליסל בעמ,,,יח`,6,100 גרם,false,1,16.90,2.82,true,1,
5701932026971,false,הוט פופ חמאה 600 גר`,ליימן שליסל בעמ,,,יח`,6,100 גרם,false,1,16.90,2.82,true,1,
5711953106583,false,גבינת שמנת עשבי טבעי 200 גר` ארלה,שטראוס גרופ בעמ/מצונן,,,יח`,2,100 גרם,false,1,16.90,8.45,true,1,
5711953106606,false,גבינת שמנת עשבי תיבול 200 גר` ארלה,שטראוס גרופ בעמ/מצונן,,,יח`,2,100 גרם,false,1,16.90,8.45,true,1,
5740900403215,false,ממרח לורפק עם מלח 250 גר`,שטראוס גרופ בעמ/מצונן,,,יח`,2.50,100 גרם,false,1,17.90,7.16,false,1,
5740900403222,false,ממרח לורפק עם מלח מופחת שומן 250 גר`,שטראוס גרופ בעמ/מצונן,,,יח`,2.50,100 גרם,false,1,17.90,7.16,false,1,
5740900403239,false,ממרח לורפק ללא מלח 250 גר`,שטראוס גרופ בעמ/מצונן,,,יח`,2.50,100 גרם,false,1,17.90,7.16,false,1,
5740900403246,false,ממרח לורפק ללא מלח 500 גר`,שטראוס גרופ בעמ/מצונן,,,יח`,5,100 גרם,false,1,28.90,5.78,false,1,
5740900403253,false,ממרח לורפק עם מלח 500 גר`,שטראוס גרופ בעמ/מצונן,,,יח`,5,100 גרם,false,1,28.90,5.78,false,1,
5740900403260,false,ממרח לורפק ללא מלח מופחת שומן 250 גר`,שטראוס גרופ בעמ/מצונן,,,יח`,2.50,100 גרם,false,1,17.90,7.16,false,1,
5740900403864,false,ממרח לורפק 200 גר` עם מלח,שטראוס גרופ בעמ/מצונן,,,יח`,2,100 גרם,false,1,12.80,6.40,false,1,
5900020012814,false,נסקוויק 500 גר` דגני בוקר,קבוצת אסם סחר שות. מוגבלת,,,יח`,5,100 גרם,false,1,22.90,4.58,true,1,
5900020015174,false,פיטנס חטיפי דגנים שוקולד מריר,קבוצת אסם סחר שות. מוגבלת,,,יח`,1.41,100 גרם,false,1,17.50,12.41,true,1,
5900020018908,false,פיטנס חטיפי דגנים קרם עוגיות,קבוצת אסם סחר שות. מוגבלת,,,יח`,1.41,100 גרם,false,1,17.30,12.27,true,1,
5900020025647,false,פיטנס בר דליס שוקולד חלבי,קבוצת אסם סחר שות. מוגבלת,,,יח`,1.35,100 גרם,false,1,17.50,12.96,true,1,
5900020026552,false,האני נאט צ`יריוס עידן הקרח 625 גרם,קבוצת אסם סחר שות. מוגבלת,,,יח`,6.25,100 גרם,false,1,22.90,3.66,true,1,
5900020032539,false,פיטנס מארז חטיף שוקולד 6*8,קבוצת אסם סחר שות. מוגבלת,,,יח`,1.40,100 גרם,false,1,17.50,12.50,true,1,
5900020037916,false,דגני בוקר שיבולת שועל 375 גר,קבוצת אסם סחר שות. מוגבלת,,,יח`,3.75,100 גרם,false,1,16.90,4.51,false,1,
5900020039620,false,פיטנס חטיף דגנים שקדים 6*23.5גר,קבוצת אסם סחר שות. מוגבלת,,,יח`,1.41,100 גרם,false,1,17.50,12.41,true,1,
5900352000770,false,גלרטקה דובדבן 190 גר`,יעד ממתקים בעמ,,,יח`,1.90,100 גרם,false,1,10.90,5.74,true,1,
5900352014470,false,וופל בלגי קרמל 140 גר` יעד ממתקים,יעד ממתקים בעמ,,,יח`,1.40,100 גרם,false,1,4.90,3.50,true,1,
5900627063233,false,פיניש 50 טבליות AIO MAX,רקיט בנקיזר (ניר איסט) בעמ,,,יח`,1,,false,1,41.90,41.90,true,1,
5901414200411,false,היט מיניס קרם קקאו 130גר בלזן.,ליימן שליסל בעמ,,,יח`,1.30,100 גרם,false,1,8.40,6.46,true,1,
5901888020546,false,חטיף דגנים עם קינואה ומלח ים 70 גר`FR,דנשר (1963) בעמ,,,יח`,0.70,100 גרם,false,1,13.90,19.86,true,1,
5901888020560,false,חטיף דגנים עם קינואה בטעם עשבי תיבול 7,דנשר (1963) בעמ,,,יח`,0.70,100 גרם,false,1,13.90,19.86,true,1,
5902198160403,false,xl ten פחית 250 מל ללס,טמפו משקאות בעמ,,,יח`,2.50,"100 מ""ל",false,1,4.90,1.84,true,1,
5906485301012,false,משקה אנרגיה אקסל (250 מל),טמפו משקאות בעמ,,,יח`,2.50,"100 מ""ל",false,1,4.90,1.84,true,1,
6009188004828,false,קיט קאט צ`אנקי לבן 40 גר`,קבוצת אסם סחר שות. מוגבלת,,,יח`,0.40,100 גרם,false,1,3.90,9.75,false,1,
6901022100409,false,ג`ינג`ר כתוש טרי לירון,ביג פוד כחול לבן בעמ*שיק 30 יו,,,יח`,1,100 גרם,false,1,6,6,false,1,
6901022100584,false,רצועות פלפלים אדומים קלויים,ביג פוד כחול לבן בעמ*שיק 30 יו,,,יח`,3.50,100 גרם,false,1,13.90,3.97,false,1,
6901022100591,false,רצועות מיקס פלפלים קלויים,ביג פוד כחול לבן בעמ*שיק 30 יו,,,יח`,3.50,100 גרם,false,1,13.90,3.97,false,1,
7038513866304,false,גורדן מברשת שיניים לילדים 0-2 סטפ 1,דנשר (1963) בעמ,,,יח`,1,,false,1,11.50,11.50,true,1,
7046110071519,false,משחת שיניים לילדים לשיני חלב 2-6 ג`ורדון,דנשר (1963) בעמ,,,יח`,1,,false,1,12.90,12.90,true,1,
7046110075562,false,משחת שיניים לשיניים קבועות 6-12 ג`ורדן,דנשר (1963) בעמ,,,יח`,1,,false,1,12.90,12.90,true,1,
7271730901261,false,ארוחת אטריות עם גבינה 156 גר`וויקי מאק,מור-ים מרקטינג בעמ,,,יח`,1.56,100 גרם,false,1,11.90,7.63,false,1,
7290000000374,false,פטריות שמפיניון א.א,חוות השמפיניון בעמ,,,יח`,1,,false,1,10.10,10.10,true,1,
7290000000794,false,סלרי חתוך,יראון - עבודות חקלאיות בעמ,,,יח`,1,,false,1,5.90,5.90,false,1,
7290000023809,false,קלאסיק קברנה סובניון יקבי ברקן (750 מל),טמפו משקאות בעמ,,,יח`,7.50,"100 מ""ל",false,1,33.90,4.48,true,1,
7290000023816,false,קלאסיק אמרלד ריזלינג יקבי ברקן (750 מל),טמפו משקאות בעמ,,,יח`,7.50,"100 מ""ל",false,1,33.90,4.48,true,1,
7290000023977,false,קלאסיק מרלו יקבי ברקן (750 מל),טמפו משקאות בעמ,,,יח`,7.50,"100 מ""ל",false,1,33.90,4.48,true,1,
7290000040042,false,יוגורט ביו 3% תות יופלה (150 גרם),תנובה - חלב,,,יח`,1.50,"100 מ""ל",false,1,5.20,3.47,false,1,
7290000040080,false,יוגורט ביו 3% אפרסק יופלה (150 גרם),תנובה - חלב,,,יח`,1.50,"100 מ""ל",false,1,5.20,3.47,false,1,
7290000040318,false,גבינת עדי ברי 24% קולאז` (125 גרם)קולקש,תנובה - חלב,,,יח`,1.25,100 גרם,false,1,18.90,15.12,false,1,
7290000040974,false,חלב 2% דל לקטוז בקרטון תנובה (1 ליטר),תנובה - חלב,,,יח`,1,1 ליטר,false,1,7.20,7.20,false,1,
7290000041445,false,קוטג`250 5%,תנובה - חלב,,,יח`,2.50,100 גרם,false,1,5.50,2.20,false,1,
7290000041858,false,שמנת חמוצה מעושר 15% יטבתה (200 מל),שטראוס גרופ בעמ/מצונן,,,יח`,2,"100 מ""ל",false,1,2.60,1.30,false,1,
7290000042435,false,חלב דל שומן 1% בקרטון תנובה (1 ליטר)פיק,תנובה - חלב,,,יח`,10,"100 מ""ל",false,1,5.86,0.59,false,1,
7290000042640,false,חלב עמיד 3% תנובה (250 מל),תנובה - חלב,,,יח`,2.50,"100 מ""ל",false,1,2.60,1.04,false,1,
7290000042855,false,שוקו שקית,שטראוס גרופ בעמ/מצונן,,,יח`,2.25,"100 מ""ל",false,1,2.60,1.16,false,1,
7290000043012,false,שוקו עמיד 2% תנובה (250 מל),תנובה - חלב,,,יח`,2.50,"100 מ""ל",false,1,4.70,1.88,false,1,
7290000043111,false,חמאה תנובה (200 גרם)פיקוח,תנובה - חלב,,,יח`,2,100 גרם,false,1,7.80,3.90,false,1,
7290000043814,false,השף הלבן שמנת עמיד 38% קר 250,תנובה - חלב,,,יח`,2.50,"100 מ""ל",false,1,6.47,2.59,false,1,
7290000043890,false,רויון 1.5% תנובה (1 ליטר),תנובה - חלב,,,יח`,1,1 ליטר,false,1,11.50,11.50,false,1,
7290000043944,false,יוגורט לבן 4% תנובה (1.5 ליטר),תנובה - חלב,,,יח`,1.50,1 ליטר,false,1,16.50,11,false,1,
7290000044880,false,יוגורט בטעם תות שדה 3% באדי (500 גרם),תנובה - חלב,,,יח`,5,"100 מ""ל",false,1,9.50,1.90,false,1,
7290000045573,false,גבינת נעמה,תנובה - חלב,,,יח`,2,100 גרם,false,1,15.90,7.95,false,1,
7290000045580,false,גבינת חורש,תנובה - חלב,,,יח`,2.40,100 גרם,false,1,18.60,7.75,false,1,
7290000045771,false,יוגורט לבן 4% תנובה (3 ליטר),תנובה - חלב,,,יח`,3,1 ליטר,false,1,29.90,9.97,false,1,
7290000045917,false,פרומעז גבינת עיזים 23% קולקשיין תנובה,תנובה - חלב,,,יח`,2,100 גרם,false,1,26.90,13.45,false,1,
7290000046020,false,גבינת גלבוע 22% תנובה,תנובה - חלב,,,"ק""ג",10,100 גרם,true,1,42.58,4.26,false,1,
7290000046327,false,גבינה צהובה 22% גלבוע (200 גרם),תנובה - חלב,,,יח`,2,100 גרם,false,1,13.20,6.60,false,1,
7290000046563,false,קולאג 23% פרמזן חריץ תנובה,תנובה - חלב,,,"ק""ג",10,100 גרם,true,1,113,11.30,false,1,
7290000047034,false,רוקפור (26% גליל) חריץ תנובה,תנובה - חלב,,,"ק""ג",10,100 גרם,true,1,122,12.20,false,1,
7290000047621,false,גבינה לבנה 250 גר`5%,תנובה - חלב,,,יח`,2.50,100 גרם,false,1,4.98,1.99,false,1,
7290000047942,false,גבינה לבנה 250 גר 9%,תנובה - חלב,,,יח`,2.50,100 גרם,false,1,4.70,1.88,false,1,
7290000048185,false,גבינה לבנה 5% תנובה (250 גרם)פיקוח,תנובה - חלב,,,יח`,2.50,100 גרם,false,1,4.98,1.99,false,1,
7290000048192,false,גבינה לבנה 9% תנובה (250 גרם),תנובה - חלב,,,יח`,2.50,100 גרם,false,1,4.70,1.88,false,1,
7290000048413,false,גבינה חמד (25016% גרם)פיראוס תנובה,תנובה - חלב,,,יח`,2.50,100 גרם,false,1,17.90,7.16,false,1,
7290000048437,false,גבינת צפתית (2005% גרם)פיראוס תנובה,תנובה - חלב,,,יח`,2,100 גרם,false,1,15.90,7.95,false,1,
7290000049458,false,גבינה בולגרית עיזים (25016% גרם)פיראוס,תנובה - חלב,,,יח`,2.50,100 גרם,false,1,28.50,11.40,false,1,
7290000050447,false,יוגורט ביו 3% תות יופלה (500 גרם),תנובה - חלב,,,יח`,1,1 ליטר,false,1,12.90,12.90,false,1,
7290000050454,false,יוגורט ביו 3% אפרסק יופלה (500 גרם),תנובה - חלב,,,יח`,5,"100 מ""ל",false,1,12.90,2.58,false,1,
7290000051352,false,חלב של פעם 3.8% בקרטון תנובה (1 ליטר),תנובה - חלב,,,יח`,1,1 ליטר,false,1,7.70,7.70,false,1,
7290000051376,false,יופלה דיאט אננס 0%,תנובה - חלב,,,יח`,1.50,"100 מ""ל",false,1,5.20,3.47,false,1,
7290000051710,false,לאבנה עם שמן זית וזעתר 9% פיראוס תנובה,תנובה - חלב,,,יח`,2.63,100 גרם,false,1,14.20,5.40,false,1,
7290000052311,false,עמק פרוס בקופסא 200 גר`15% שומן,תנובה - חלב,,,יח`,2,100 גרם,false,1,16.30,8.15,false,1,
7290000052649,false,לאבנה אסלית (5005% גרם)פיראוס תנובה,תנובה - חלב,,,יח`,5,100 גרם,false,1,20.90,4.18,false,1,
7290000053219,false,טל העמק 32% צהובה,תנובה - חלב,,,"ק""ג",10,100 גרם,true,1,55,5.50,false,1,
7290000055015,false,גבינת פטה כבשים (2505% גרם)פיראוס בולג,תנובה - חלב,,,יח`,2.50,100 גרם,false,1,27.90,11.16,false,1,
7290000055343,false,משקה יוגורט 1.5% טרופי יופלה (250 גרם),תנובה - חלב,,,יח`,2.50,100 גרם,false,1,5.90,2.36,false,1,
7290000055350,false,עמק פיקוח 28% צהובה מעדנייה,תנובה - חלב,,,"ק""ג",10,100 גרם,true,1,44.79,4.48,false,1,
7290000055565,false,מאגדת מצופים שוקו בננה 8+2,נגה גלידות שותפות מוגבלת,,,יח`,0,100 גרם,false,1,32.60,32.60,false,1,
7290000055893,false,חמאה מהדרין תנובה (200 גרם)פיקוח,תנובה - חלב,,,יח`,1,,false,1,7.80,7.80,false,1,
7290000056906,false,יופלה לבן שמינייה 1.5%,תנובה - חלב,,,יח`,12,"100 מ""ל",false,1,17.90,1.49,false,1,
7290000057088,false,גבינת עמק דק 200 גר,תנובה - חלב,,,יח`,2,100 גרם,false,1,16.30,8.15,false,1,
7290000057118,false,סמי עמק 400 גר,תנובה - חלב,,,יח`,4,100 גרם,false,1,22.20,5.55,false,1,
7290000057132,false,יוגורט ביו 1.5% תנובה (200 גרם),תנובה - חלב,,,יח`,2,100 גרם,false,1,3.20,1.60,false,1,
7290000057149,false,יוגורט ביו 3% תנובה (200 גרם),תנובה - חלב,,,יח`,2,100 גרם,false,1,3.20,1.60,false,1,
7290000057552,false,דיאט יופלה עוגת גבינה ותות,תנובה - חלב,,,יח`,1.50,100 גרם,false,1,5.20,3.47,false,1,
7290000058047,false,שמנת 38% 500 מל עם פקק פיקוח,תנובה - חלב,,,יח`,5,"100 מ""ל",false,1,12.94,2.59,false,1,
7290000060088,false,בייגלה מקלות עם מלח אסם (400 גרם),קבוצת אסם סחר שות. מוגבלת,,,יח`,4,100 גרם,false,1,11.50,2.88,true,1,
7290000060163,false,אטריות דקות אסם (400 גרם),קבוצת אסם סחר שות. מוגבלת,,,יח`,4,100 גרם,false,1,8.50,2.13,true,1,
7290000060200,false,פתיתים אפויים קוסקוס אסם (500 גרם),קבוצת אסם סחר שות. מוגבלת,,,יח`,5,100 גרם,false,1,7.70,1.54,true,1,
7290000060248,false,פסטה תלתלים אסם (500 גרם),קבוצת אסם סחר שות. מוגבלת,,,יח`,5,100 גרם,false,1,6.10,1.22,true,1,
7290000060316,false,ספגטי אסם פרפקטו (500 גרם),קבוצת אסם סחר שות. מוגבלת,,,יח`,5,100 גרם,false,1,8.90,1.78,false,1,
7290000060408,false,פתיתים אפויים טבעות אסם (500 גרם),קבוצת אסם סחר שות. מוגבלת,,,יח`,5,100 גרם,false,1,7.70,1.54,true,1,
7290000060576,false,פתיתים אפויים כוכבים אסם (500 גרם),קבוצת אסם סחר שות. מוגבלת,,,יח`,5,100 גרם,false,1,7.70,1.54,true,1,
7290000060781,false,פסטה מסולסלים אסם (500 גרם),קבוצת אסם סחר שות. מוגבלת,,,יח`,5,100 גרם,false,1,6.10,1.22,true,1,
7290000060842,false,פסטה צדפים גדולים אסם (500 גרם),קבוצת אסם סחר שות. מוגבלת,,,יח`,5,100 גרם,false,1,6.10,1.22,true,1,
7290000060880,false,ספגטי אסם (500 גרם),קבוצת אסם סחר שות. מוגבלת,,,יח`,5,100 גרם,false,1,6.10,1.22,true,1,
7290000060903,false,פתיתים אפויים אורז אסם (500 גרם),קבוצת אסם סחר שות. מוגבלת,,,יח`,5,100 גרם,false,1,7.70,1.54,true,1,
7290000060958,false,אטריות מובחרות בינוניות אסם (400 גרם),קבוצת אסם סחר שות. מוגבלת,,,יח`,4,100 גרם,false,1,8.50,2.13,true,1,
7290000060965,false,אטריות רחבות אסם (400 גרם),קבוצת אסם סחר שות. מוגבלת,,,יח`,4,100 גרם,false,1,8.50,2.13,true,1,
7290000061061,false,קרקר בצל אסם (250 גרם),קבוצת אסם סחר שות. מוגבלת,,,יח`,2.50,100 גרם,false,1,11.20,4.48,true,1,
7290000061214,false,פתיתים אפויים 500 גר` קוסקוס+בצל אסם,קבוצת אסם סחר שות. מוגבלת,,,יח`,5,100 גרם,false,1,7.70,1.54,true,1,
7290000061245,false,עוגיות שוקוצ`יפס,קבוצת אסם סחר שות. מוגבלת,,,יח`,2.20,100 גרם,false,1,13.20,6,false,1,
7290000061764,false,קפה רד מאג נסקפה (200 גרם),קבוצת אסם סחר שות. מוגבלת,,,יח`,2,100 גרם,false,1,19.90,9.95,false,1,
7290000063102,false,קמח תופח אסם (350 גרם),קבוצת אסם סחר שות. מוגבלת,,,יח`,3.50,100 גרם,false,1,5.80,1.66,false,1,
7290000063133,false,שקדי מרק אסם (100 גרם),קבוצת אסם סחר שות. מוגבלת,,,יח`,1,100 גרם,false,1,6.40,6.40,false,1,
7290000063140,false,שקדי מרק אסם (400 גרם),קבוצת אסם סחר שות. מוגבלת,,,יח`,4,100 גרם,false,1,13.20,3.30,true,1,
7290000063157,false,קמח תופח אסם (1 קג),קבוצת אסם סחר שות. מוגבלת,,,יח`,1,"ק""ג",false,1,11.20,11.20,false,1,
7290000064871,false,מנה חמה פירה עם בצל אסם (56 גרם),קבוצת אסם סחר שות. מוגבלת,,,יח`,0.56,100 גרם,false,1,7.50,13.39,true,1,
7290000065557,false,מנה חמה קוסקוס עם ירקות אסם (84 גרם),קבוצת אסם סחר שות. מוגבלת,,,יח`,0.62,100 גרם,false,1,7.50,12.10,true,1,
7290000066141,false,ביסלי חטיף בטעם גריל אסם (70 גרם),קבוצת אסם סחר שות. מוגבלת,,,יח`,0.70,100 גרם,false,1,4,5.71,true,1,
7290000066189,false,ביסלי חטיף בטעם פלאפל אסם (200 גרם),קבוצת אסם סחר שות. מוגבלת,,,יח`,2,100 גרם,false,1,9.10,4.55,true,1,
7290000066196,false,ביסלי חטיף בטעם גריל אסם (200 גרם),קבוצת אסם סחר שות. מוגבלת,,,יח`,2,100 גרם,false,1,9.10,4.55,true,1,
7290000066226,false,ביסלי חטיף בטעם פיצה אסם (200 גרם),קבוצת אסם סחר שות. מוגבלת,,,יח`,2,100 גרם,false,1,9.10,4.55,true,1,
7290000066295,false,במבה מתוקה בטעם תות אסם (30 גרם),קבוצת אסם סחר שות. מוגבלת,,,יח`,0.30,100 גרם,false,1,3,10,false,1,
7290000066318,false,במבה אסם (80 גרם),קבוצת אסם סחר שות. מוגבלת,,,יח`,0.80,100 גרם,false,1,4.40,5.50,true,1,
7290000066332,false,אפרופו חטיף תירס אסם (50 גרם),קבוצת אסם סחר שות. מוגבלת,,,יח`,0.50,100 גרם,false,1,5.70,11.40,true,1,
7290000066349,false,אפרופו חטיף תירס אסם (100 גרם),קבוצת אסם סחר שות. מוגבלת,,,יח`,1,100 גרם,false,1,9.40,9.40,false,1,
7290000066431,false,חטיף פופקו חמאה ודבש אסם (80 גרם),קבוצת אסם סחר שות. מוגבלת,,,יח`,0.80,100 גרם,false,1,6.10,7.63,true,1,
7290000067544,false,פירורית זהב אסם (200 גרם),קבוצת אסם סחר שות. מוגבלת,,,יח`,2,100 גרם,false,1,7.10,3.55,false,1,
7290000067735,false,ניוקי בצקיות מקמח אסם פרפקטו (500 גרם),קבוצת אסם סחר שות. מוגבלת,,,יח`,5,100 גרם,false,1,13.90,2.78,false,1,
7290000068138,false,פודינג בטעם וניל 80 גר`אסם,קבוצת אסם סחר שות. מוגבלת,,,יח`,0.80,100 גרם,false,1,5.90,7.38,false,1,
7290000068190,false,אבקה להכנת ג`לי בטעם תות אסם (90 גרם),קבוצת אסם סחר שות. מוגבלת,,,יח`,0.90,100 גרם,false,1,7.80,8.67,false,1,
7290000068343,false,פריכונים מאורז מלא אסם (140 גרם),קבוצת אסם סחר שות. מוגבלת,,,יח`,1.40,100 גרם,false,1,9.90,7.07,true,1,
7290000068701,false,שקדי מרק במיכל,קבוצת אסם סחר שות. מוגבלת,,,יח`,4,100 גרם,false,1,18.50,4.63,false,1,
7290000068770,false,במבה יום הולדת אסם (80 גרם),קבוצת אסם סחר שות. מוגבלת,,,יח`,0.80,100 גרם,false,1,4.40,5.50,true,1,
7290000070308,false,מרק עוף אמיתי בשרי אסם (400 גרם),קבוצת אסם סחר שות. מוגבלת,,,יח`,4,100 גרם,false,1,20.40,5.10,false,1,
7290000070322,false,מרק פטריות אסם (400 גרם),קבוצת אסם סחר שות. מוגבלת,,,יח`,4,100 גרם,false,1,24.90,6.23,true,1,
7290000070353,false,מרק בצל רכיבים טבעיים אסם (400 גרם),קבוצת אסם סחר שות. מוגבלת,,,יח`,4,100 גרם,false,1,24.90,6.23,true,1,
7290000070919,false,בייגלה רשתות עם מלח אסם (400 גרם),קבוצת אסם סחר שות. מוגבלת,,,יח`,4,100 גרם,false,1,14.20,3.55,true,1,
7290000072067,false,במבה במילוי קרם חלבה אסם (60 גרם),קבוצת אסם סחר שות. מוגבלת,,,יח`,0.60,100 גרם,false,1,4.40,7.33,true,1,
7290000072623,false,קטשופ אסם (750 גרם),קבוצת אסם סחר שות. מוגבלת,,,יח`,7.50,100 גרם,false,1,11.90,1.59,true,1,
7290000072630,false,קטשופ חריף אסם (750 גרם),קבוצת אסם סחר שות. מוגבלת,,,יח`,7.50,100 גרם,false,1,13.20,1.76,false,1,
7290000072753,false,קפה טייסטרס צ`ויס נסקפה (200 גרם),קבוצת אסם סחר שות. מוגבלת,,,יח`,2,100 גרם,false,1,29.90,14.95,false,1,
7290000072777,false,טייסטר צ ויס נטול 200 גר,קבוצת אסם סחר שות. מוגבלת,,,יח`,2,100 גרם,false,1,36.90,18.45,false,1,
7290000072968,false,סיני מיניס בטעם קינמון נסטלה (500 גרם),קבוצת אסם סחר שות. מוגבלת,,,יח`,3.75,100 גרם,false,1,22.90,6.11,true,1,
7290000073415,false,מנה חמה פסטה ברוטב פיצה אסם (61 גרם),קבוצת אסם סחר שות. מוגבלת,,,יח`,0.61,100 גרם,false,1,7.50,12.30,true,1,
7290000073699,false,צבר חומוס 150 גר`,קבוצת אסם סחר שות. מוגבלת,,,יח`,1.50,100 גרם,false,1,4.90,3.27,false,1,
7290000073767,false,מנה חמה נודלס בטעם בקר אסם (70 גרם),קבוצת אסם סחר שות. מוגבלת,,,יח`,0.70,100 גרם,false,1,8.50,12.14,true,1,
7290000073774,false,מנה חמה נודלס בטעם פיקנטי אסם (70 גרם),קבוצת אסם סחר שות. מוגבלת,,,יח`,0.76,100 גרם,false,1,8.50,11.18,true,1,
7290000074153,false,ביסקוויט פתי בר שוקולד אסם (500 גרם),קבוצת אסם סחר שות. מוגבלת,,,יח`,5,100 גרם,false,1,12.90,2.58,false,1,
7290000074184,false,ביסקוויט פתי בר אסם (500 גרם),קבוצת אסם סחר שות. מוגבלת,,,יח`,5,100 גרם,false,1,12.20,2.44,true,1,
7290000074245,false,קרם קרקר אסם (250 גרם),קבוצת אסם סחר שות. מוגבלת,,,יח`,2.50,100 גרם,false,1,11.20,4.48,true,1,
7290000074276,false,קרקר פיקנטי אסם (250 גרם),קבוצת אסם סחר שות. מוגבלת,,,יח`,2.50,100 גרם,false,1,11.20,4.48,true,1,
7290000074375,false,קרקר זהב אסם (150 גרם),קבוצת אסם סחר שות. מוגבלת,,,יח`,1.50,100 גרם,false,1,8.40,5.60,true,1,
7290000074481,false,קרקר לחמית אגוזים אסם (160 גרם),קבוצת אסם סחר שות. מוגבלת,,,יח`,1.60,100 גרם,false,1,12.20,7.63,true,1,
7290000074696,false,קרם קרקר אסם (1 קג),קבוצת אסם סחר שות. מוגבלת,,,יח`,1,"ק""ג",false,1,30.50,30.50,false,1,
7290000074764,false,קרקר זהב אסם (900 גרם),קבוצת אסם סחר שות. מוגבלת,,,יח`,9,100 גרם,false,1,30.50,3.39,false,1,
7290000075204,false,קרקר לחמית חיטה מלאה אסם (250 גרם),קבוצת אסם סחר שות. מוגבלת,,,יח`,2.50,100 גרם,false,1,10,4,true,1,
7290000075693,false,עוגת הבית שמרים בריוש שוקולד 360 גר`,קבוצת אסם סחר שות. מוגבלת,,,יח`,3.60,100 גרם,false,1,19.30,5.36,false,1,
7290000076133,false,בייגלה שמיניות עם מלח אסם (400 גרם),קבוצת אסם סחר שות. מוגבלת,,,יח`,4,100 גרם,false,1,10.10,2.53,true,1,
7290000076645,false,טוסטעים חיטה מלאה אסם (100 גרם),קבוצת אסם סחר שות. מוגבלת,,,יח`,1,100 גרם,false,1,11.20,11.20,false,1,
7290000077017,false,קרמוגית משהו שוקולוד,קבוצת אסם סחר שות. מוגבלת,,,יח`,2,100 גרם,false,1,13.20,6.60,false,1,
7290000077253,false,קרקר לחמית כפרית אסם (190 גרם),קבוצת אסם סחר שות. מוגבלת,,,יח`,1.90,100 גרם,false,1,12.20,6.42,true,1,
7290000078212,false,קרוטונים מתובלים למרק אסם (250 גרם),קבוצת אסם סחר שות. מוגבלת,,,יח`,2.50,100 גרם,false,1,17.30,6.92,false,1,
7290000078762,false,פריכונים בדבש מאורז מלא אסם (80 גרם),קבוצת אסם סחר שות. מוגבלת,,,יח`,0.80,100 גרם,false,1,9.10,11.38,true,1,
7290000079233,false,קרם קרקר דל נתרן אסם (250 גרם),קבוצת אסם סחר שות. מוגבלת,,,יח`,2.50,100 גרם,false,1,12.20,4.88,true,1,
7290000080765,false,פת קלויה טוסטעים עם שומשום אסם (100 גרם),קבוצת אסם סחר שות. מוגבלת,,,יח`,1,100 גרם,false,1,11.20,11.20,false,1,
7290000100128,false,פירות קפואים תות 300 גר`סנפרוסט,תנובה קפואים,,,יח`,3,100 גרם,false,1,17.30,5.77,true,1,
7290000100135,false,פירות קפואים דובדבן 300 גר`סנפרוסט,תנובה קפואים,,,יח`,3,100 גרם,false,1,16.90,5.63,true,1,
7290000100296,false,שייק תות בננה300 גר`SMOOTHIE,תנובה קפואים,,,יח`,3,100 גרם,false,1,17.30,5.77,true,1,
7290000100593,false,פרוסות אנטיפסטי לתנור 600 גר`סנפרוסט,תנובה קפואים,,,יח`,6,100 גרם,false,1,22.90,3.82,true,1,
7290000100609,false,קוביות אנטי פסטי להקפצה 600 גר`סנפרוסט,תנובה קפואים,,,יח`,6,100 גרם,false,1,22.90,3.82,true,1,
7290000101927,false,אוכמניות כחולות מקופאים 300 גר סנפרוסט,תנובה קפואים,,,יח`,3,100 גרם,false,1,16.90,5.63,true,1,
7290000101934,false,מיקס פירות יער מוקפאים 300 גר סנפרוסט,תנובה קפואים,,,יח`,3,100 גרם,false,1,16.90,5.63,true,1,
7290000101941,false,אננס חתוך מוקפא סנפרוסט (300 גרם),תנובה קפואים,,,יח`,3,100 גרם,false,1,16.90,5.63,true,1,
7290000101958,false,מנגו חתוך מוקפא סנפרוסט (300 גרם),תנובה קפואים,,,יח`,3,100 גרם,false,1,16.90,5.63,true,1,
7290000103365,false,מרק ירקות עשיר סנפרוסט (550 גרם),תנובה קפואים,,,יח`,5.60,100 גרם,false,1,19.40,3.46,true,1,
7290000103433,false,לקט ירקות ל תנור 800 גר`סנפרוסט,תנובה קפואים,,,יח`,8,100 גרם,false,1,23.40,2.93,true,1,
7290000103815,false,לקט להקפצה בסגנון תאילנדי 800 גר`סנפרוס,תנובה קפואים,,,יח`,8,100 גרם,false,1,25.50,3.19,true,1,
7290000103846,false,מרק אפונה עשיר בירקות סנפרוסט (572 גרם),תנובה קפואים,,,יח`,5.72,100 גרם,false,1,19.40,3.39,true,1,
7290000104072,false,עדשים ירוקות מבושלות סנפרוסט (800 גרם),תנובה קפואים,,,יח`,8,100 גרם,false,1,22.40,2.80,true,1,
7290000104201,false,אפונה עדינה מוקפאת סנפרוסט (600 גרם),תנובה קפואים,,,יח`,6,100 גרם,false,1,20.90,3.48,true,1,
7290000104218,false,במיה 600 גר`סנפרוסט,תנובה קפואים,,,יח`,6,100 גרם,false,1,19.30,3.22,true,1,
7290000104676,false,אפונה 800 גר`סנפרוסט,תנובה קפואים,,,יח`,8,100 גרם,false,1,17.30,2.16,true,1,
7290000104683,false,שעועית ירוקה שלמה סנפרוסט (800 גרם),תנובה קפואים,,,יח`,8,100 גרם,false,1,23.40,2.93,true,1,
7290000104690,false,גרעיני תירס מוקפאים סנפרוסט (800 גרם),תנובה קפואים,,,יח`,8,100 גרם,false,1,18.90,2.36,true,1,
7290000104706,false,גזר גמדי מוקפא סנפרוסט (800 גרם),תנובה קפואים,,,יח`,8,100 גרם,false,1,20.30,2.54,true,1,
7290000104720,false,שעועית ירוקה חתוכה סנפרוסט (800 גרם),תנובה קפואים,,,יח`,8,100 גרם,false,1,21.40,2.68,true,1,
7290000104744,false,כרובית מוקפאת סנפרוסט (800 גרם),תנובה קפואים,,,יח`,8,100 גרם,false,1,27.60,3.45,true,1,
7290000104751,false,כרוב ניצנים סנפרוסט (800 גרם),תנובה קפואים,,,יח`,8,100 גרם,false,1,27.50,3.44,true,1,
7290000104768,false,עלי תרד סנפרוסט (800 גרם),תנובה קפואים,,,יח`,8,100 גרם,false,1,28.60,3.58,true,1,
7290000104799,false,שעועית לבנה מבושלת סנפרוסט (800 גרם),תנובה קפואים,,,יח`,8,100 גרם,false,1,21.40,2.68,true,1,
7290000104805,false,גרגרי חומוס מבושלים סנפרוסט (800 גרם),תנובה קפואים,,,יח`,8,100 גרם,false,1,21.40,2.68,true,1,
7290000104829,false,קלחוני תירס 1 קג סנפרוסט,תנובה קפואים,,,יח`,1,"ק""ג",false,1,22.50,22.50,true,1,
7290000104836,false,שעועית עדינה שלמה סנפרוסט (600 גרם),תנובה קפואים,,,יח`,6,100 גרם,false,1,24.40,4.07,true,1,
7290000104874,false,לקט מוקפא לקוסקוס סנפרוסט (800 גרם),תנובה קפואים,,,יח`,8,100 גרם,false,1,24.50,3.06,true,1,
7290000104881,false,לקט אפונה וגזר מוקפאים סנפרוסט (800 גרם),תנובה קפואים,,,יח`,8,100 גרם,false,1,18.30,2.29,true,1,
7290000104911,false,לקט נורמנדי מוקפא סנפרוסט (800 גרם),תנובה קפואים,,,יח`,8,100 גרם,false,1,17.90,2.24,true,1,
7290000107165,false,חטיף סויה אדממה סנפרוסט (400 גרם),תנובה קפואים,,,יח`,4,100 גרם,false,1,15.30,3.83,true,1,
7290000107189,false,תחתיות ארטישוק סנפרוסט (400 גרם),תנובה קפואים,,,יח`,4,100 גרם,false,1,24.40,6.10,true,1,
7290000107295,false,ברוקולי סנפרוסט (800 גרם),תנובה קפואים,,,יח`,8,100 גרם,false,1,27.50,3.44,true,1,
7290000110844,false,כיפלי 70 גר`גריל,יוניליוור ישראל שיווק בעמ,,,יח`,0.70,100 גרם,false,1,6.10,8.71,true,1,
7290000111063,false,מיונז אמיתי תלמה (250 גרם),יוניליוור ישראל שיווק בעמ,,,יח`,2.50,100 גרם,false,1,6.50,2.60,true,1,
7290000111186,false,מיונז אמיתי תלמה (500 גרם),יוניליוור ישראל שיווק בעמ,,,יח`,5,100 גרם,false,1,10.90,2.18,true,1,
7290000111353,false,מיונז אמיתי תלמה (1 קג),יוניליוור ישראל שיווק בעמ,,,יח`,1,"ק""ג",false,1,17.90,17.90,false,1,
7290000111384,false,חרדל אמיתי תלמה (550 גרם),יוניליוור ישראל שיווק בעמ,,,יח`,5.50,100 גרם,false,1,9.90,1.80,true,1,
7290000112220,false,בארכה טחינה 100% שומשום,קבוצת אסם סחר שות. מוגבלת,,,יח`,5,100 גרם,false,1,14.90,2.98,true,1,
7290000112497,false,מרק עשיר עוף עם אטריות קנור (68 גרם),יוניליוור ישראל שיווק בעמ,,,יח`,0.75,100 גרם,false,1,10.90,14.53,true,1,
7290000116204,false,מרק דגש זך טעם עוף קנור (1 קג),יוניליוור ישראל שיווק בעמ,,,יח`,1,"ק""ג",false,1,18.30,18.30,false,1,
7290000117171,false,נמס בכוס מרק עוף דל קל,יוניליוור ישראל שיווק בעמ,,,יח`,0.46,100 גרם,false,1,7.50,16.30,false,1,
7290000118277,false,אבקה לקניידלך קנור (2 יח`- 130 גרם),יוניליוור ישראל שיווק בעמ,,,יח`,1.30,100 גרם,false,1,13.90,10.69,true,1,
7290000121031,false,גבינה חתול 120ג,נטו מלינדה סחר בעמ,,,יח`,1.20,100 גרם,false,1,12.20,10.17,true,1,
7290000121093,false,מון בלאן שויצרית,נטו מלינדה סחר בעמ,,,יח`,1.20,100 גרם,false,1,12.40,10.33,true,1,
7290000121109,false,מון בלאן זיתים,נטו מלינדה סחר בעמ,,,יח`,1.20,100 גרם,false,1,14,11.67,true,1,
7290000121154,false,מון בלאן סלמון,נטו מלינדה סחר בעמ,,,יח`,1.20,100 גרם,false,1,16,13.33,true,1,
7290000121239,false,מיוקל 5% שומן תלמה (500 גרם),יוניליוור ישראל שיווק בעמ,,,יח`,5,100 גרם,false,1,13.20,2.64,false,1,
7290000134116,false,פפריקה מתוקה 40 גר`,תבליני טעם וריח בעמ,,,יח`,0.40,100 גרם,false,1,6.90,17.25,false,1,
7290000134123,false,פלפל שחור טחון 40 גר`,תבליני טעם וריח בעמ,,,יח`,0.40,100 גרם,false,1,9.90,24.75,false,1,
7290000134147,false,מוסקט טחון 40 גר`,תבליני טעם וריח בעמ,,,יח`,0.40,100 גרם,false,1,13.90,34.75,false,1,
7290000134307,false,קינמון טחון 50 גר`,תבליני טעם וריח בעמ,,,יח`,0.50,100 גרם,false,1,6.90,13.80,false,1,
7290000134352,false,קינמון טחון 90 גר`,תבליני טעם וריח בעמ,,,יח`,0.90,100 גרם,false,1,9.90,11,true,1,
7290000134550,false,עלי דפנה 20 גר`,תבליני טעם וריח בעמ,,,יח`,0.20,100 גרם,false,1,6.90,34.50,false,1,
7290000134673,false,זנגביל 30 גר`,תבליני טעם וריח בעמ,,,יח`,0.30,100 גרם,false,1,6.90,23,false,1,
7290000134826,false,זעתר מעורב 100 גר`,תבליני טעם וריח בעמ,,,יח`,1,100 גרם,false,1,9.90,9.90,true,1,
7290000134833,false,כמון טחון 100 גר`,תבליני טעם וריח בעמ,,,יח`,1,100 גרם,false,1,9.90,9.90,true,1,
7290000134840,false,כורכום טחון 100 גר`,תבליני טעם וריח בעמ,,,יח`,1,100 גרם,false,1,9.90,9.90,true,1,
7290000134857,false,פפריקה מתוקה 100 גר`,תבליני טעם וריח בעמ,,,יח`,1,100 גרם,false,1,9.90,9.90,true,1,
7290000134871,false,פלפל שחור טחון 100 גר`,תבליני טעם וריח בעמ,,,יח`,1,100 גרם,false,1,12.90,12.90,true,1,
7290000134970,false,חוואיג`100 גר`,תבליני טעם וריח בעמ,,,יח`,1,100 גרם,false,1,9.90,9.90,true,1,
7290000134987,false,פלפל שחור גרוס 90 גר`,תבליני טעם וריח בעמ,,,יח`,0.90,100 גרם,false,1,12.90,14.33,true,1,
7290000135052,false,משקה אנרגיה מנגו אקסל (250 מל) TEN,טמפו משקאות בעמ,,,יח`,2.50,"100 מ""ל",false,1,4.90,1.84,true,1,
7290000135113,false,משקה אנרגיה אקסל נענע ליים ללס (250 מל,טמפו משקאות בעמ,,,יח`,2.50,"100 מ""ל",false,1,4.90,1.84,true,1,
7290000135595,false,פפסי מקס דובדבן 1.5 ליטר,טמפו משקאות בעמ,,,יח`,15,"100 מ""ל",false,1,8.60,0.57,false,1,
7290000135663,false,פפסי מקס דובדבן 1.5 ליטר,טמפו משקאות בעמ,,,יח`,1.50,1 ליטר,false,1,8.90,5.73,true,1,
7290000136158,false,פפסי מקס 1.5 ליטר,טמפו משקאות בעמ,,,יח`,1.50,1 ליטר,false,1,8.90,5.73,true,1,
7290000136165,false,מירנדה 1.5 ליטר,טמפו משקאות בעמ,,,יח`,1.50,1 ליטר,false,1,9.90,6.40,true,1,
7290000136172,false,סבן אפ 1.5 ליטר,טמפו משקאות בעמ,,,יח`,1.50,1 ליטר,false,1,9.90,6.40,true,1,
7290000136189,false,סבן אפ דיאט 1.5 ליטר,טמפו משקאות בעמ,,,יח`,1.50,1 ליטר,false,1,8.50,5.47,true,1,
7290000136240,false,סודה טמפו 1.5 ליטר,טמפו משקאות בעמ,,,יח`,1.50,1 ליטר,false,1,3,1.80,false,1,
7290000136295,false,סיידר הגליל סירופ טעם פטל,טמפו משקאות בעמ,,,יח`,3.30,"100 מ""ל",false,1,15.90,4.82,true,1,
7290000136301,false,סיידר הגליל סירופ טעם ענבים 330 מל,טמפו משקאות בעמ,,,יח`,3.30,"100 מ""ל",false,1,15.90,4.82,true,1,
7290000136646,false,בירה שחורה נשר מאלט (1.5 ליטר),טמפו משקאות בעמ,,,יח`,1.50,1 ליטר,false,1,9.90,6.40,true,1,
7290000136653,false,בירה שחורה דיאט נשר מאלט (1.5 ליטר),טמפו משקאות בעמ,,,יח`,15,"100 מ""ל",false,1,9.90,0.64,false,1,
7290000136776,false,פפסי מקס 1.5 ליטר שישיה,טמפו משקאות בעמ,,,יח`,9,1 ליטר,false,1,38.90,4.12,false,1,
7290000136790,false,סודה טמפו 1.5 ליטר שישייה,טמפו משקאות בעמ,,,יח`,9,1 ליטר,false,1,18.90,1.90,true,1,
7290000136806,false,סודה בטעם לימון ליים 1.5 רביעייה רביעייה,טמפו משקאות בעמ,,,יח`,6,1 ליטר,false,1,12.90,1.95,false,1,
7290000136844,false,אקווה נובה 2 ליטר שישיה,טמפו משקאות בעמ,,,יח`,12,1 ליטר,false,1,13.90,1.01,false,1,
7290000136868,false,סאן בנדטו 1.5 ליטר שישייה,טמפו משקאות בעמ,,,יח`,9,1 ליטר,false,1,19.90,2.01,true,1,
7290000136875,false,סאן בנדטו מוגז 1.5 ליטר שישיה,טמפו משקאות בעמ,,,יח`,9,1 ליטר,false,1,20.90,2.12,false,1,
7290000137513,false,קרמיסימו גלידונית 60 יח`,גלידות שטראוס בעמ,,,יח`,7,100 גרם,false,1,52,7.43,false,1,
7290000137643,false,מאגדת-טעמקור 8 יח`,גלידות שטראוס בעמ,,,יח`,1,,false,1,41.80,41.80,false,1,
7290000144467,false,שמן חמניות מזוכך עץ הזית (1 ליטר),סוגת תעשיות בעמ,,,יח`,1,1 ליטר,false,1,17.90,17.90,true,1,
7290000144474,false,שמן קנולה מזוכך עץ הזית (1 ליטר),סוגת תעשיות בעמ,,,יח`,1,1 ליטר,false,1,16.90,16.90,true,1,
7290000148380,false,פיסטוקים קלויים קליית גת (200 גרם),ליימן שליסל בעמ,,,יח`,2,100 גרם,false,1,19.90,9.95,true,1,
7290000148489,false,גרעיני דלעת שקית 200 גר`,ליימן שליסל בעמ,,,יח`,2,100 גרם,false,1,9.90,4.95,false,1,
7290000148618,false,קשיו מטוגן שקית 200 גר,ליימן שליסל בעמ,,,יח`,2,100 גרם,false,1,18.90,9.45,true,1,
7290000148748,false,גרעיני חמניה 200 גר`,ליימן שליסל בעמ,,,יח`,2,100 גרם,false,1,6.90,3.45,true,1,
7290000148939,false,שקדים קלויים קליית גת (200 גרם),ליימן שליסל בעמ,,,יח`,2,100 גרם,false,1,15.90,7.95,false,1,
7290000149905,false,טקסטיל שמפו נוזל,החברה הדרומית לשיווק בעמ,,,יח`,1,1 ליטר,false,1,13.90,13.90,false,1,
7290000168630,false,קליק שקיות דג דג שוקלד חלבי דצ,יוניליוור ישראל שיווק בעמ,,,יח`,0.75,100 גרם,false,1,6.90,9.20,true,1,
7290000169538,false,נמס בכוס עגבניות וקרוטונים,יוניליוור ישראל שיווק בעמ,,,יח`,0.17,100 גרם,false,1,7.60,44.71,true,1,
7290000174723,false,שוקולית אבקת שוקו עלית (500 גרם),שטראוס גרופ בעמ,,,יח`,5,100 גרם,false,1,13.20,2.64,false,1,
7290000176062,false,קפה טורקי עלית (100 גרם),שטראוס גרופ בעמ,,,יח`,1,100 גרם,false,1,9.10,9.10,false,1,
7290000176079,false,קפה טורקי עם הל עלית (100 גרם),שטראוס גרופ בעמ,,,יח`,1,100 גרם,false,1,10.90,10.90,false,1,
7290000176420,false,קפה נמס עלית (200 גרם),שטראוס גרופ בעמ,,,יח`,2,100 גרם,false,1,19.90,9.95,false,1,
7290000178707,false,חטיף צ`יפס בטעם טבעי תפוצ`יפס (50 גרם),שטראוס פריטו ליי בעמ,,,יח`,0.50,100 גרם,false,1,4,8,false,1,
7290000178721,false,חטיף צ`יפס בטעם טבעי תפוצ`יפס (200 גרם),שטראוס פריטו ליי בעמ,,,יח`,2,100 גרם,false,1,11.50,5.75,true,1,
7290000185330,false,סילאן טבעי 900 גרם,תה ויסוצקי (ישראל) בעמ,,,יח`,9,100 גרם,false,1,24.90,2.77,true,1,
7290000185590,false,סילאן טבעי בקבוק לחיץ 635 גר`,תה ויסוצקי (ישראל) בעמ,,,יח`,6.35,100 גרם,false,1,20.90,3.29,false,1,
7290000186535,false,נייר טואלט טריו לבן לילי) (32,קימברלי קלארק ישראל שיווק בעמ,,,יח`,1,,false,1,45.90,45.90,true,1,
7290000187952,false,נייר טואלט טריו לילי) (32,קימברלי קלארק ישראל שיווק בעמ,,,יח`,1,,false,1,45.90,45.90,true,1,
7290000188591,false,מגן תחתון יאנג קוטקס) (60,קימברלי קלארק ישראל שיווק בעמ,,,יח`,1,יח`,false,1,16.90,16.90,false,1,
7290000189550,false,זוג אשפתון 90x78 ניקול) (10x2,קימברלי קלארק ישראל שיווק בעמ,,,יח`,1,יח`,false,1,25.90,25.90,false,1,
7290000189598,false,מטליות לחות לניקוי כללי ניקול) (50,קימברלי קלארק ישראל שיווק בעמ,,,יח`,1,יח`,false,1,13.90,13.90,true,1,
7290000189734,false,מטליות לחות לניקוי פרקטים ניקול) (10,קימברלי קלארק ישראל שיווק בעמ,,,יח`,1,,false,1,23.90,23.90,true,1,
7290000190150,false,מפיות אירוח לילי סטייל ניקול) (20,קימברלי קלארק ישראל שיווק בעמ,,,יח`,1.02,100 גרם,false,1,10.90,10.69,false,1,
7290000190198,false,מטליות לניקוי וחיטוי ניקול,קימברלי קלארק ישראל שיווק בעמ,,,יח`,1,,false,1,12.90,12.90,true,1,
7290000190853,false,נייר טואלט 30 גלילים לילי לבן,קימברלי קלארק ישראל שיווק בעמ,,,יח`,23,100 גרם,false,1,40.90,1.78,false,1,
7290000194288,false,משטח החתלה האגיס) (10,קימברלי קלארק ישראל שיווק בעמ,,,יח`,1,,false,1,28.50,28.50,false,1,
7290000195537,false,מגבוני האגיס דיילי קר ללא בישום 4*64,קימברלי קלארק ישראל שיווק בעמ,,,יח`,1,,false,1,21.90,21.90,true,1,
7290000195773,false,מגבוני האגיס סנסיטיב קייר ללא בישום 4*64,קימברלי קלארק ישראל שיווק בעמ,,,יח`,1,,false,1,21.90,21.90,true,1,
7290000196039,false,מפת שולחן 110*180 סמ ניקול) (2,קימברלי קלארק ישראל שיווק בעמ,,,יח`,2.50,100 גרם,false,1,13.90,5.56,false,1,
7290000197029,false,שקיות ריצ`רץ`רב תכליתיות ניקול) (12,קימברלי קלארק ישראל שיווק בעמ,,,יח`,12,יח`,false,1,15.90,1.33,false,1,
7290000197456,false,חיתולי פרידום דריי שלב 4 האגיס) (44,קימברלי קלארק ישראל שיווק בעמ,,,יח`,1,,false,1,43.90,43.90,true,1,
7290000197463,false,חיתולי פרידום דריי שלב +4 האגיס) (40,קימברלי קלארק ישראל שיווק בעמ,,,יח`,1,,false,1,43.90,43.90,true,1,
7290000197548,false,חיתולי פרידום דריי שלב 5 האגיס) (36,קימברלי קלארק ישראל שיווק בעמ,,,יח`,1,,false,1,43.90,43.90,true,1,
7290000197678,false,חיתולי פרידום דריי שלב 6 האגיס) (30,קימברלי קלארק ישראל שיווק בעמ,,,יח`,1,,false,1,43.90,43.90,true,1,
7290000197951,false,ניקול תבנית אלומניום ענקיות,קימברלי קלארק ישראל שיווק בעמ,,,יח`,1,,false,1,11.90,11.90,false,1,
7290000197999,false,ניקול-רדיד עבה 30*7.5,קימברלי קלארק ישראל שיווק בעמ,,,יח`,1,יח`,false,1,18.90,18.90,true,1,
7290000201979,false,האגיס מגבונים מארז *724יח ללא בישום,קימברלי קלארק ישראל שיווק בעמ,,,יח`,1,,false,1,21.90,21.90,false,1,
7290000204147,false,כרית יפנית רביעייה ניקול,קימברלי קלארק ישראל שיווק בעמ,,,יח`,4,יח`,false,1,13.90,3.48,true,1,
7290000204215,false,כריות יפניות ניקול) (6,קימברלי קלארק ישראל שיווק בעמ,,,יח`,6,100 גרם,false,1,13.90,2.32,true,1,
7290000207063,false,רוטב עגבניות 240 גר`פריכוז יכין,זנלכל בעמ,,,יח`,2.40,100 גרם,false,1,5.90,2.46,false,1,
7290000207162,false,רוטב עגבניות 22% יכין (100 גרם),זנלכל בעמ,,,יח`,1,100 גרם,false,1,3.50,3.50,true,1,
7290000207438,false,עגבניות מקולפות חתוכות לקוביות,זנלכל בעמ,,,יח`,8,100 גרם,false,1,10.90,1.36,false,1,
7290000208022,false,עגבניות מרוסקות יכין (800 גרם),זנלכל בעמ,,,יח`,8,100 גרם,false,1,10.90,1.36,false,1,
7290000208077,false,אפונת גינה גדולה יכין (550 גרם),זנלכל בעמ,,,יח`,5.50,100 גרם,false,1,9.50,1.73,true,1,
7290000208114,false,אפונת גינה וגזר יכין (550 גרם),זנלכל בעמ,,,יח`,5.50,100 גרם,false,1,9.50,1.73,true,1,
7290000208138,false,סירופ דיאט בטעם ענבים יכין (1 ליטר),זנלכל בעמ,,,יח`,10,"100 מ""ל",false,1,17.90,1.79,false,1,
7290000208145,false,תירס לייט יכין (550 גרם),זנלכל בעמ,,,יח`,5.50,100 גרם,false,1,10.90,1.98,false,1,
7290000208176,false,תפוחי אדמה קלופים יכין (550 גרם),זנלכל בעמ,,,יח`,5.50,100 גרם,false,1,10.50,1.91,false,1,
7290000208213,false,שעועית לבנה ברוטב עגבניות יכין (580 גרם),זנלכל בעמ,,,יח`,5.80,100 גרם,false,1,10.50,1.81,true,1,
7290000208220,false,שעועית צ`ילי מקסיקני חריף יכין (550 גרם),זנלכל בעמ,,,יח`,5.80,100 גרם,false,1,11.50,1.98,false,1,
7290000208312,false,גרעיני תירס מתוק יכין,זנלכל בעמ,,,יח`,4,100 גרם,false,1,7.50,1.88,true,1,
7290000208329,false,גרעיני תירס מתוק יכין (550 גרם),זנלכל בעמ,,,יח`,5.50,100 גרם,false,1,9.50,1.73,true,1,
7290000208336,false,רוטב עגבניות 22% יכין (240 גרם),זנלכל בעמ,,,יח`,2.40,100 גרם,false,1,5.50,2.29,true,1,
7290000208428,false,חומוס שלם יכין (550 גרם),זנלכל בעמ,,,יח`,5.50,100 גרם,false,1,10.50,1.91,true,1,
7290000208459,false,ירקות מעורבים יכין (550 גרם),זנלכל בעמ,,,יח`,5.50,100 גרם,false,1,10.90,1.98,false,1,
7290000208855,false,רוטב לפסטה קלאסי יכין (240 גרם),זנלכל בעמ,,,יח`,2.40,100 גרם,false,1,6.50,2.71,false,1,
7290000208893,false,תירס לייט יכין (400 גרם),זנלכל בעמ,,,יח`,3.40,100 גרם,false,1,7.50,2.21,true,1,
7290000208930,false,עגבניות מרוסקות עם שום יכין (240 גרם),זנלכל בעמ,,,יח`,2.40,100 גרם,false,1,6.50,2.71,false,1,
7290000209012,false,חומץ 5% יכין (1 ליטר),זנלכל בעמ,,,יח`,1,1 ליטר,false,1,7.90,7.90,true,1,
7290000209043,false,מיץ לימון משומר לתיבול יכין (1 ליטר),זנלכל בעמ,,,יח`,1,1 ליטר,false,1,8.50,8.50,true,1,
7290000209517,false,סירופ דיאט בטעם לימון יכין (1 ליטר),זנלכל בעמ,,,יח`,10,100 גרם,false,1,17.90,1.79,false,1,
7290000209555,false,סירופ 1 ליטר דיאט תפוחים,זנלכל בעמ,,,יח`,10,"100 מ""ל",false,1,17.90,1.79,false,1,
7290000209708,false,עגבניות מרוסקות בזיליקום 240 גר`יכין,זנלכל בעמ,,,יח`,2.40,100 גרם,false,1,6.50,2.71,false,1,
7290000209722,false,רוטב עגבניות 28% יכין (580 גרם)פריכוז,זנלכל בעמ,,,יח`,5.80,100 גרם,false,1,11.90,2.05,false,1,
7290000209951,false,רוטב לפיצה יכין (240 גרם),זנלכל בעמ,,,יח`,2.40,100 גרם,false,1,6.50,2.71,false,1,
7290000211169,false,אורז בסגנון תאילנדי סוגת (1 קג),סוגת תעשיות בעמ,,,יח`,1,"ק""ג",false,1,7.90,7.90,true,1,
7290000211312,false,אורז מלא ארוך סוגת (1 קג),סוגת תעשיות בעמ,,,יח`,1,"ק""ג",false,1,8.90,8.90,false,1,
7290000211381,false,סוכר חום שקית 1 קג סוגת,סוגת תעשיות בעמ,,,יח`,1,"ק""ג",false,1,15.90,15.90,false,1,
7290000211442,false,אורז בסגנון פרסי קלאסי סוגת (1 קג),סוגת תעשיות בעמ,,,יח`,1,"ק""ג",false,1,10.90,10.90,false,1,
7290000211503,false,סוכר לבן סוגת (1 קג),סוגת תעשיות בעמ,,,יח`,1,"ק""ג",false,1,4,4,false,1,
7290000211985,false,אורז ריזוטו עגול סוגת (1 קג),סוגת תעשיות בעמ,,,יח`,1,"ק""ג",false,1,11.50,11.50,false,1,
7290000238029,false,בצק עלים מרודד מעדנות (1 קג),תנובה קפואים,,,יח`,10,100 גרם,false,1,24.40,2.44,false,1,
7290000238036,false,מלווח מעדנות (6 יח`- 700 גרם),תנובה קפואים,,,יח`,7,100 גרם,false,1,18.30,2.61,false,1,
7290000238173,false,בורקס גבינה מעדנות,תנובה קפואים,,,יח`,8,100 גרם,false,1,24.80,3.10,false,1,
7290000245089,false,מרכך כביסה סוד סופט 4 ליטר סגול,גורי שיווק בעמ,,,יח`,4,1 ליטר,false,1,17.90,4.48,false,1,
7290000245270,false,אבקת כביסה פרסיל 1.250 קג`,גורי שיווק בעמ,,,יח`,1.25,"ק""ג",false,1,16.30,13.04,false,1,
7290000245287,false,אבקת כביסה פרסיל 1.250 קג`,גורי שיווק בעמ,,,יח`,1.25,"ק""ג",false,1,16.30,13.04,false,1,
7290000245782,false,מרכך כביסה ורוד סוד (4 ליטר),גורי שיווק בעמ,,,יח`,4,1 ליטר,false,1,17.90,4.48,false,1,
7290000245799,false,מרכך כביסה כחול סוד (4 ליטר),גורי שיווק בעמ,,,יח`,4,1 ליטר,false,1,17.90,4.48,false,1,
7290000253220,false,שוקולדצ`יפס לאפייה 260 גר`אופנהיימר,תה ויסוצקי (ישראל) בעמ,,,יח`,2.60,100 גרם,false,1,12.90,4.96,false,1,
7290000253251,false,אופניימר שוקו ציפס לבן 250 גר,תה ויסוצקי (ישראל) בעמ,,,יח`,2.50,100 גרם,false,1,12.90,5.16,false,1,
7290000263359,false,חיתולי ליטל בייביס שלב 1 האגיס) (40,קימברלי קלארק ישראל שיווק בעמ,,,יח`,1,,false,1,35.60,35.60,false,1,
7290000267036,false,שקד מולבן משובב 100 גר`,דין שיווק וקליה 2021 בעמ,,,יח`,1,100 גרם,false,1,10.90,10.90,true,1,
7290000272696,false,מיץ לימון משומר עסיס (1 ליטר),קבוצת אסם סחר שות. מוגבלת,,,יח`,1,1 ליטר,false,1,10.10,10.10,false,1,
7290000272726,false,חומץ 5% עסיס (1 ליטר),קבוצת אסם סחר שות. מוגבלת,,,יח`,1,1 ליטר,false,1,8.40,8.40,false,1,
7290000284347,false,סודה קינלי (1.5 ליטר),החברה המרכזית להפצת משקאות בעמ,,,יח`,1.50,1 ליטר,false,1,4.40,2.93,false,1,
7290000286228,false,כרית יפנית סנו סושי (6),החברה הדרומית לשיווק בעמ,,,יח`,6,יח`,false,1,12.90,2.15,true,1,
7290000286549,false,מטלית לכל סנו סושי (9),החברה הדרומית לשיווק בעמ,,,יח`,9,יח`,false,1,12.90,1.43,true,1,
7290000286594,false,סנו X לימון במיכל,החברה הדרומית לשיווק בעמ,,,יח`,6,100 גרם,false,1,10.90,1.82,false,1,
7290000286761,false,ניילון נצמד סנו סושי (30x2 מטר),החברה הדרומית לשיווק בעמ,,,יח`,1,,false,1,12.90,12.90,true,1,
7290000286921,false,קל רסס וכבס סנו (750 מל),החברה הדרומית לשיווק בעמ,,,יח`,7.50,"100 מ""ל",false,1,13.90,1.85,true,1,
7290000286945,false,תרסיס רהיט סנו (500 מל),החברה הדרומית לשיווק בעמ,,,יח`,5,"100 מ""ל",false,1,26.90,5.38,false,1,
7290000287102,false,שמפו שטיחים ספריי סנו (600 מל),החברה הדרומית לשיווק בעמ,,,יח`,6,"100 מ""ל",false,1,20.90,3.48,true,1,
7290000287409,false,סנובון תות לאסלה סנו (55x3 גרם),החברה הדרומית לשיווק בעמ,,,יח`,1.65,100 גרם,false,1,12.90,7.82,true,1,
7290000287430,false,סנובון לאסלה לימון סנו (55x3 גרם),החברה הדרומית לשיווק בעמ,,,יח`,1.65,100 גרם,false,1,12.90,7.82,true,1,
7290000287492,false,סנובון נוזלי 750 מל,החברה הדרומית לשיווק בעמ,,,יח`,7.50,"100 מ""ל",false,1,11.90,1.59,true,1,
7290000288017,false,אקונומיקה ז`אוול לימון סנו (1 ליטר),החברה הדרומית לשיווק בעמ,,,יח`,1,1 ליטר,false,1,9.90,9.90,false,1,
7290000288024,false,אקונומיקה ז`אוול לימון סנו (4 ליטר),החברה הדרומית לשיווק בעמ,,,יח`,40,"100 מ""ל",false,1,17.90,0.45,false,1,
7290000288031,false,אקונומיקה כחולה סנו (4 ליטר),החברה הדרומית לשיווק בעמ,,,יח`,4,1 ליטר,false,1,12.20,3.05,false,1,
7290000288048,false,ז`אוול מרסס לניקוי כללי לבנדר סנו (1 ליט,החברה הדרומית לשיווק בעמ,,,יח`,1,1 ליטר,false,1,19.90,19.90,true,1,
7290000288079,false,לימון 2 ליטר JAVEL אקונומיקה,החברה הדרומית לשיווק בעמ,,,יח`,2,1 ליטר,false,1,10.90,5.45,true,1,
7290000288383,false,K500,החברה הדרומית לשיווק בעמ,,,יח`,4.05,"100 מ""ל",false,1,25.90,6.40,true,1,
7290000288840,false,מים מזוקקים 2 ליטר לגיהוץ,החברה הדרומית לשיווק בעמ,,,יח`,2,1 ליטר,false,1,13.90,6.95,true,1,
7290000289069,false,סנו ז`אוול מרסס 1 ליטר,החברה הדרומית לשיווק בעמ,,,יח`,1,1 ליטר,false,1,19.90,19.90,true,1,
7290000289236,false,סנו k3 פיתיון ג`ל קוטל נמלים - סנו,החברה הדרומית לשיווק בעמ,,,יח`,1,,false,1,49.90,49.90,true,1,
7290000289380,false,ז`אוול מונטבלאן ג`ל לאסלות סנו (750 מל),החברה הדרומית לשיווק בעמ,,,יח`,7.50,"100 מ""ל",false,1,11.90,1.59,false,1,
7290000289472,false,סושי שקיות אשפה גדולות 50 יח`,החברה הדרומית לשיווק בעמ,,,יח`,1,,false,1,18.90,18.90,false,1,
7290000289496,false,קרם לניקוי כללי לימון סנו (750 מל),החברה הדרומית לשיווק בעמ,,,יח`,7.50,"100 מ""ל",false,1,11.90,1.59,false,1,
7290000289595,false,מש.שיניים אורביטול ילדים,החברה הדרומית לשיווק בעמ,,,יח`,1.45,100 גרם,false,1,8.90,6.14,false,1,
7290000289748,false,מסיר שומנים פורטה פלוס סנו (750 מל),החברה הדרומית לשיווק בעמ,,,יח`,7.50,"100 מ""ל",false,1,14.90,1.99,true,1,
7290000291963,false,אקונומיקה ז`אוול סמיכה סנו (1 ליטר),החברה הדרומית לשיווק בעמ,,,יח`,1,1 ליטר,false,1,9.90,9.90,false,1,
7290000292311,false,פוליויקס 2 ליטר,החברה הדרומית לשיווק בעמ,,,יח`,2,1 ליטר,false,1,21.90,10.95,true,1,
7290000292533,false,סנו ג`ל לניקוי 1 ליטר,החברה הדרומית לשיווק בעמ,,,יח`,1,1 ליטר,false,1,17.90,17.90,false,1,
7290000292687,false,סנובון לאסלה קלאסיק כחול סנו (55x3 גרם),החברה הדרומית לשיווק בעמ,,,יח`,1.65,100 גרם,false,1,18.90,11.45,true,1,
7290000293073,false,סנו מקסימה4 ליטר לבן,החברה הדרומית לשיווק בעמ,,,יח`,4,1 ליטר,false,1,22.40,5.60,true,1,
7290000293530,false,סופג לחות-מילוי סנו,החברה הדרומית לשיווק בעמ,,,יח`,3.40,"100 מ""ל",false,1,12.90,3.79,false,1,
7290000293561,false,מסיר עובש סנו (750 מל),החברה הדרומית לשיווק בעמ,,,יח`,7.50,"100 מ""ל",false,1,15.90,2.12,true,1,
7290000293943,false,אנטי קלאק מרסס ברזים/ כיורים,החברה הדרומית לשיווק בעמ,,,יח`,1,1 ליטר,false,1,20.90,20.90,true,1,
7290000294780,false,אקונומיקה ז`אוול סמיכה סנו (4 ליטר),החברה הדרומית לשיווק בעמ,,,יח`,40,"100 מ""ל",false,1,17.90,0.45,false,1,
7290000295121,false,מטלית ריצפה זיגזג סנו סושי (3),החברה הדרומית לשיווק בעמ,,,יח`,1,,false,1,10.90,10.90,true,1,
7290000295299,false,כרית יפנית לכלים אקטיב סנו סושי (4),החברה הדרומית לשיווק בעמ,,,יח`,1,,false,1,10.90,10.90,true,1,
7290000295336,false,סנו מקסימה 1.25 קג`,החברה הדרומית לשיווק בעמ,,,יח`,1.25,"ק""ג",false,1,14.90,11.92,true,1,
7290000295343,false,סנו מקסימה 1.25 קג`,החברה הדרומית לשיווק בעמ,,,יח`,1.25,"ק""ג",false,1,14.90,11.92,true,1,
7290000295367,false,א.כביסה סנו מקסימה 2.5 קג`,החברה הדרומית לשיווק בעמ,,,יח`,2.50,"ק""ג",false,1,25.90,10.36,true,1,
7290000295404,false,שקיות אשפה לפח 65x54 סנו סושי (60),החברה הדרומית לשיווק בעמ,,,יח`,1,,false,1,23.90,23.90,true,1,
7290000295503,false,שקיות סנדביצ`ים סנו סושי) (150x2,החברה הדרומית לשיווק בעמ,,,יח`,1,,false,1,15.90,15.90,false,1,
7290000295541,false,רב מגבת ג`מבו סנו סושי,החברה הדרומית לשיווק בעמ,,,יח`,3.90,100 גרם,false,1,20.90,5.36,true,1,
7290000295558,false,סושי רדיד אלומיניום צמד,החברה הדרומית לשיווק בעמ,,,יח`,1,,false,1,12.90,12.90,true,1,
7290000295565,false,סנו סושי - רדיד אלומיניום צמד 7.5*45,החברה הדרומית לשיווק בעמ,,,יח`,1,,false,1,18.90,18.90,true,1,
7290000295794,false,ספוגיות אל חלד סנו (3),החברה הדרומית לשיווק בעמ,,,יח`,1,,false,1,10.90,10.90,true,1,
7290000300900,false,טבעול-שניצל תירס 750 גרם,קבוצת אסם סחר שות. מוגבלת,,,יח`,7.50,100 גרם,false,1,25.40,3.39,false,1,
7290000311128,false,עוגיות מובחרות בטעם חמאה מן (300 גרם),רוקחמן בעמ,,,יח`,3,100 גרם,false,1,8.90,2.97,true,1,
7290000311203,false,וופל שוקולד מן (200 גרם),רוקחמן בעמ,,,יח`,2,100 גרם,false,1,5.50,2.75,false,1,
7290000311210,false,וופלים לימון מן (200 גרם),רוקחמן בעמ,,,יח`,2,100 גרם,false,1,5.50,2.75,false,1,
7290000311227,false,וופלים 200 גר`קפה מן,רוקחמן בעמ,,,יח`,2,100 גרם,false,1,5.50,2.75,false,1,
7290000311234,false,וופל 200 גר`וניל מן,רוקחמן בעמ,,,יח`,2,100 גרם,false,1,5.50,2.75,false,1,
7290000311319,false,וופלים מצופים מן (1 קג),רוקחמן בעמ,,,יח`,1,"ק""ג",false,1,26.90,26.90,false,1,
7290000311357,false,וופל אגוזית 10יח*28גר מן,רוקחמן בעמ,,,יח`,2.80,100 גרם,false,1,12.90,4.61,false,1,
7290000311425,false,ופלים מצופים מן (22x10 גרם),רוקחמן בעמ,,,יח`,2,100 גרם,false,1,9.90,4.95,false,1,
7290000311500,false,וופל שוקולד מן (500 גרם),רוקחמן בעמ,,,יח`,5,100 גרם,false,1,10.90,2.18,false,1,
7290000311517,false,וופלים 500 גר לימון מן,רוקחמן בעמ,,,יח`,5,100 גרם,false,1,10.90,2.18,false,1,
7290000311715,false,עוגיות כוכבים בטעם שוקולד מן (300 גרם),רוקחמן בעמ,,,יח`,3,100 גרם,false,1,8.90,2.97,true,1,
7290000311845,false,מן עוגיות חיטה מלאה ללתס 200 גר`,רוקחמן בעמ,,,יח`,2,100 גרם,false,1,10.90,5.45,false,1,
7290000311876,false,מן ופלים ללתס בטעם וניל,רוקחמן בעמ,,,יח`,1.80,100 גרם,false,1,9.50,5.28,false,1,
7290000311890,false,מן ופלים ללתס בטעם לימון,רוקחמן בעמ,,,יח`,1.80,100 גרם,false,1,9.50,5.28,false,1,
7290000313290,false,נודלס אטריות מסולסלות אסם (50x4 גרם),קבוצת אסם סחר שות. מוגבלת,,,יח`,2,100 גרם,false,1,9.90,4.95,false,1,
7290000315126,false,ציר עוף קנור (300 גרם),יוניליוור ישראל שיווק בעמ,,,יח`,3,100 גרם,false,1,27.50,9.17,true,1,
7290000318127,false,נקניקיות ביס יחיעם (380 גרם),מעדני יחיעם (1993) בעמ,,,יח`,3.80,100 גרם,false,1,11.20,2.95,false,1,
7290000318530,false,רוסטביף-צלי בקר יחיעם,מעדני יחיעם (1993) בעמ,,,"ק""ג",10,100 גרם,true,1,105,10.50,false,1,
7290000318677,false,סלמי סרוולט יחיעם 150 גר`,מעדני יחיעם (1993) בעמ,,,יח`,1.50,100 גרם,false,1,25.40,16.93,false,1,
7290000318806,false,נקניק סרוולד יחיעם,מעדני יחיעם (1993) בעמ,,,"ק""ג",10,100 גרם,true,1,152,15.20,false,1,
7290000318943,false,פסטרמה של פעם 200 גר.,מעדני יחיעם (1993) בעמ,,,יח`,2,100 גרם,false,1,25.40,12.70,false,1,
7290000319063,false,כתף בקר מפולפל 150 גר`יחיעם,מעדני יחיעם (1993) בעמ,,,יח`,1.50,100 גרם,false,1,25.40,16.93,false,1,
7290000319124,false,סלמי סרוולט יחיעם (250 גרם),מעדני יחיעם (1993) בעמ,,,יח`,2.50,100 גרם,false,1,35.60,14.24,false,1,
7290000319131,false,נקניקיות עוף 400 גר` יחיעם,מעדני יחיעם (1993) בעמ,,,יח`,4,100 גרם,false,1,11.90,2.98,true,1,
7290000319704,false,כתף בקר מעושן ק`ג יחיעם,מעדני יחיעם (1993) בעמ,,,"ק""ג",10,100 גרם,true,1,105,10.50,false,1,
7290000319803,false,קבנוס קלאסי יחיעם (125 גרם),מעדני יחיעם (1993) בעמ,,,יח`,1.25,100 גרם,false,1,14.20,11.36,false,1,
7290000319834,false,קבנוס פפרוני יחיעם (125 גרם),מעדני יחיעם (1993) בעמ,,,יח`,1.25,100 גרם,false,1,14.20,11.36,false,1,
7290000339191,false,רן אבקת הלבנה,יוניליוור ישראל שיווק בעמ,,,יח`,3.50,100 גרם,false,1,19.90,5.69,true,1,
7290000345284,false,תה קלאסיק ויסוצקי) (100,תה ויסוצקי (ישראל) בעמ,,,יח`,1.50,100 גרם,false,1,17.30,11.53,false,1,
7290000345291,false,תה ארל גריי ויסוצקי) (25,תה ויסוצקי (ישראל) בעמ,,,יח`,0.3750,100 גרם,false,1,17.30,46.13,true,1,
7290000346120,false,תה קסם הקינמון ויסוצקי הגן הקסום) (25,תה ויסוצקי (ישראל) בעמ,,,יח`,0.6250,100 גרם,false,1,17.90,28.64,true,1,
7290000346137,false,תה הילולי פירות ויסוצקי הגן הקסום) (25,תה ויסוצקי (ישראל) בעמ,,,יח`,0.6250,100 גרם,false,1,17.90,28.64,true,1,
7290000346199,false,תה פירות היער ויסוצקי הגן הקסום) (25,תה ויסוצקי (ישראל) בעמ,,,יח`,0.6750,100 גרם,false,1,17.90,26.52,true,1,
7290000346205,false,תה קמומיל ויסוצקי הגן הקסום) (25,תה ויסוצקי (ישראל) בעמ,,,יח`,0.3750,100 גרם,false,1,17.90,47.73,true,1,
7290000346236,false,תה לואיזה וורבנה ויסוצקי הגן הקסום) (25,תה ויסוצקי (ישראל) בעמ,,,יח`,0.50,100 גרם,false,1,17.90,35.80,true,1,
7290000347738,false,תה ירוק נענע ויסוצקי (25),תה ויסוצקי (ישראל) בעמ,,,יח`,0.3750,100 גרם,false,1,27.90,74.40,true,1,
7290000347752,false,תה ירוק לימונית ולואיזה ויסוצקי (25),תה ויסוצקי (ישראל) בעמ,,,יח`,1,,false,1,27.90,27.90,true,1,
7290000363011,false,קוניאק מובחר טירת צבי,תנובה קפואים,,,"ק""ג",10,100 גרם,true,1,89,8.90,true,1,
7290000364261,false,סלסולי כתף בקר 120 גר` טירת צבי,תנובה קפואים,,,יח`,1.20,100 גרם,false,1,17.30,14.42,true,1,
7290000364278,false,סלסולי סלמי איטלקי 120 גר` טירת צבי,תנובה קפואים,,,יח`,1.20,100 גרם,false,1,17.30,14.42,true,1,
7290000364285,false,דקניקים סלסולי הודו טירת צבי (120 גרם),תנובה קפואים,,,יח`,1.20,100 גרם,false,1,17.30,14.42,true,1,
7290000364292,false,סלסולי פסטרמה גחלים 120 גר` טירת צבי,תנובה קפואים,,,יח`,1.20,100 גרם,false,1,17.30,14.42,true,1,
7290000364858,false,נקניקיות עוף טירת צבי (1 קג),תנובה קפואים,,,יח`,1,"ק""ג",false,1,23.90,23.90,true,1,
7290000364872,false,נקניקיות עוף טירת צבי (400 גרם),תנובה קפואים,,,יח`,4,100 גרם,false,1,15.20,3.80,true,1,
7290000365756,false,פסטרמה דל שומן טירת צבי,תנובה קפואים,,,"ק""ג",10,100 גרם,true,1,89,8.90,true,1,
7290000367590,false,צמד כפרי 800 גר` טירת צבי,תנובה קפואים,,,יח`,8,100 גרם,false,1,37.70,4.71,true,1,
7290000377209,false,בוטנים מטוגנים קליית גת (200 גרם),ליימן שליסל בעמ,,,יח`,2,100 גרם,false,1,7.90,3.95,false,1,
7290000377445,false,נאש צ אנס שקית 200 גר,ליימן שליסל בעמ,,,יח`,2,100 גרם,false,1,8.90,4.45,true,1,
7290000377452,false,גרעיני אבטיח 200 גר`גת,ליימן שליסל בעמ,,,יח`,2,100 גרם,false,1,11.90,5.95,false,1,
7290000408316,false,יוגורט ביו 3% דנונה (200 גרם),שטראוס גרופ בעמ/מצונן,,,יח`,2,"100 מ""ל",false,1,3.70,1.85,false,1,
7290000408354,false,דנונה בר פיצפוצים,שטראוס גרופ בעמ/מצונן,,,יח`,1.73,"100 מ""ל",false,1,4.50,2.60,false,1,
7290000412481,false,נוזל לניקוי אסלות 00 סנו (1 ליטר),החברה הדרומית לשיווק בעמ,,,יח`,1,1 ליטר,false,1,8.90,8.90,true,1,
7290000415666,false,קובה חמוסטה יסמין 1 קג,עת-רן (1996) בעמ,,,יח`,1,"ק""ג",false,1,52.90,52.90,false,1,
7290000416021,false,ממרח בטעם שוקולד השחר העולה (500 גרם),השחר העולה תעשית ממתקים בעמ,,,יח`,5,100 גרם,false,1,14.90,2.98,true,1,
7290000416045,false,ממרח בטעם שוקולד השחר העולה (1 קג),השחר העולה תעשית ממתקים בעמ,,,יח`,1,"ק""ג",false,1,25.90,25.90,true,1,
7290000416618,false,ממרח 400 גר` פרווה השחר,השחר העולה תעשית ממתקים בעמ,,,יח`,4,100 גרם,false,1,12.90,3.23,true,1,
7290000416632,false,ממרח פרווה 1 קג` השחר,השחר העולה תעשית ממתקים בעמ,,,יח`,1,"ק""ג",false,1,25.90,25.90,true,1,
7290000419220,false,קפה שחור קפה לנדוור (100x3 גרם),ש.שסטוביץ בעמ,,,יח`,3,100 גרם,false,1,19.90,6.63,false,1,
7290000419374,false,קפה לנדוור לבוקר שלישיה,ש.שסטוביץ בעמ,,,יח`,3,100 גרם,false,1,19.90,6.63,false,1,
7290000420325,false,פופקורן פופסטאר חמישייה טבעי,דנשר (1963) בעמ,,,יח`,5,100 גרם,false,1,18.50,3.70,true,1,
7290000420332,false,פופקורן פופסטאר חמישייה חמאה,דנשר (1963) בעמ,,,יח`,5,100 גרם,false,1,18.50,3.70,true,1,
7290000420417,false,גלילונית לפח 60 יח`,דנשר (1963) בעמ,,,יח`,1,,false,1,20.30,20.30,true,1,
7290000446547,false,חמאת בוטנים טבעית בי די (350 גרם),בטר אנד דיפרנט בעמ,,,יח`,3.50,100 גרם,false,1,14.90,4.26,false,1,
7290000446554,false,חמאת בוטנים טבעית בי די (1 קג),בטר אנד דיפרנט בעמ,,,יח`,5.10,100 גרם,false,1,27.90,5.47,false,1,
7290000449128,false,נוזל לניקוי כללי פנטסטיק סיף (4 ליטר),יוניליוור ישראל שיווק בעמ,,,יח`,4,"ק""ג",false,1,26.50,6.63,true,1,
7290000450209,false,נתחי טונה בהירה בשמן פוסידון (108 גרם),נטו מלינדה סחר בעמ,,,יח`,1.08,100 גרם,false,1,7,6.48,false,1,
7290000453019,false,שמרים טריים שמרית (50 גרם),שטראוס גרופ בעמ/מצונן,,,יח`,0.50,100 גרם,false,1,4.90,9.80,false,1,
7290000453408,false,בצק פיצה דק מצונן ומוכן לאפייה 415 גר`ש,שטראוס גרופ בעמ/מצונן,,,יח`,4.15,100 גרם,false,1,17.90,4.31,false,1,
7290000453415,false,בצק עלים מצונן ומוכן לאפייה 300 גר` שימר,שטראוס גרופ בעמ/מצונן,,,יח`,3,100 גרם,false,1,17.90,5.97,false,1,
7290000453422,false,בצק פילו מוכן לאפייה 300 גר` שימרית,שטראוס גרופ בעמ/מצונן,,,יח`,3,100 גרם,false,1,17.90,5.97,false,1,
7290000453866,false,נטורינה קוקוס 200 גר`שמרית,שטראוס גרופ בעמ/מצונן,,,יח`,2,100 גרם,false,1,7.40,3.70,false,1,
7290000462103,false,סחוג תימני,שטראוס גרופ בעמ/מצונן,,,יח`,1.50,100 גרם,false,1,8.90,5.93,false,1,
7290000462141,false,סחוג תימני,שטראוס גרופ בעמ/מצונן,,,יח`,1.50,100 גרם,false,1,9.10,6.07,false,1,
7290000462172,false,סחוג זחוק ירוק תימני חריף זהבי (150 גרם),שטראוס גרופ בעמ/מצונן,,,יח`,1.40,100 גרם,false,1,9.10,6.50,false,1,
7290000467153,false,חומוס צבר סמיר הגדול,קבוצת אסם סחר שות. מוגבלת,,,יח`,4,100 גרם,false,1,15.20,3.80,false,1,
7290000474090,false,חלב 1% בקרטון טרה (1 ליטר)פ,החב` המרכזית - טרה,,,יח`,1,1 ליטר,false,1,5.86,5.86,false,1,
7290000474502,false,גבינה לבנה 5% 250 גר` פיקוח,החב` המרכזית - טרה,,,יח`,2.50,100 גרם,false,1,4.98,1.99,false,1,
7290000474540,false,גבינת טוב טעם,החב` המרכזית - טרה,,,יח`,2.50,100 גרם,false,1,11.50,4.60,false,1,
7290000480107,false,שיבולת שועל קוואקר (500 גרם),שטראוס פריטו ליי בעמ,,,יח`,5,100 גרם,false,1,11.90,2.38,false,1,
7290000481029,false,10 פיתות בטעם ביתי דגנית עין בר,דגנית עין בר תעשיות מזון ואפיה,,,יח`,10,100 גרם,false,1,9.90,0.99,false,1,
7290000481531,false,לחמניות חיטה מלאה דגנית עין בר) (10,דגנית עין בר תעשיות מזון ואפיה,,,יח`,7.50,100 גרם,false,1,12.90,1.72,false,1,
7290000481739,false,חלה קלועה מתוקה 500 גר`דגנית,דגנית עין בר תעשיות מזון ואפיה,,,יח`,5,100 גרם,false,1,10.10,2.02,false,1,
7290000481883,false,לחמניות אצבע דגנית עין בר) (10,דגנית עין בר תעשיות מזון ואפיה,,,יח`,7.50,100 גרם,false,1,12.90,1.72,false,1,
7290000484747,false,עלית הארק יקב הגליל (700 מל),יקב הגליל שיווק בעמ,,,יח`,7,"100 מ""ל",false,1,59.90,8.51,false,1,
7290000490397,false,קרמבו מנבו 20 יח`וניל,פלקו בעמ,,,יח`,1,,false,1,33.90,33.90,false,1,
7290000490601,false,מאגדת מצופה דיאט שמינייה,פלקו בעמ,,,יח`,4,100 גרם,false,1,31.90,7.98,false,1,
7290000490625,false,מאגדת שלגונים ציפוי שוקו 8יח,פלקו בעמ,,,יח`,1,,false,1,26.50,26.50,false,1,
7290000490717,false,מאגדת גלית 8 יח`,פלקו בעמ,,,יח`,1,,false,1,22.90,22.90,false,1,
7290000493176,false,רוטב צלי אסם (22 גרם),קבוצת אסם סחר שות. מוגבלת,,,יח`,0.22,100 גרם,false,1,6.10,27.73,false,1,
7290000497044,false,לחם אקטיב ברמן (750 גרם),י.את א. ברמן בעמ,,,יח`,7.50,100 גרם,false,1,15.90,2.12,false,1,
7290000497112,false,לחם אחיד כהה פרוס ברמן (750 גרם)פי,י.את א. ברמן בעמ,,,יח`,7.50,100 גרם,false,1,6.90,0.92,false,1,
7290000497198,false,פיתות אסלי ברמן) (10,י.את א. ברמן בעמ,,,יח`,10,100 גרם,false,1,10.90,1.09,false,1,
7290000497204,false,פיתות אסלי ברמן) (5,י.את א. ברמן בעמ,,,יח`,5,100 גרם,false,1,7.50,1.50,false,1,
7290000498393,false,חלה רגילה (500 גרם)פיקוח,י.את א. ברמן בעמ,,,יח`,5,100 גרם,false,1,4.90,0.98,false,1,
7290000498409,false,חלה מתוקה,י.את א. ברמן בעמ,,,יח`,5,100 גרם,false,1,9.90,1.98,false,1,
7290000504049,false,סוכרזית קלאסי) (1200,שטראוס גרופ בעמ,,,יח`,9.84,100 גרם,false,1,23.40,2.38,false,1,
7290000504209,false,סוכרזית דיאט טיפ נוזל,שטראוס גרופ בעמ,,,יח`,2.20,"100 מ""ל",false,1,17.90,8.14,false,1,
7290000504278,false,סוכרזית פטנט) (700,שטראוס גרופ בעמ,,,יח`,5.74,100 גרם,false,1,14.90,2.60,false,1,
7290000521008,false,יין אדום יבש של סגל (750 מל),טמפו משקאות בעמ,,,יח`,7.50,"100 מ""ל",false,1,22.90,3.01,true,1,
7290000521022,false,יין לבן חצי יבש של סגל (750 מל),טמפו משקאות בעמ,,,יח`,7.50,"100 מ""ל",false,1,22.90,3.01,true,1,
7290000523125,false,מלח ים יבש מלח הארץ (250 גרם),סוגת תעשיות בעמ,,,יח`,2,100 גרם,false,1,5.90,2.95,false,1,
7290000523224,false,מלח ים יבש מלח הארץ (500 גרם),סוגת תעשיות בעמ,,,יח`,5,100 גרם,false,1,7.90,1.58,false,1,
7290000523521,false,מלח הארץ מועשר ביוד 250 גר`,סוגת תעשיות בעמ,,,יח`,2,100 גרם,false,1,5.90,2.95,false,1,
7290000523804,false,מלח עדין מלח הארץ (1 קג),סוגת תעשיות בעמ,,,יח`,1,"ק""ג",false,1,7.20,7.20,false,1,
7290000523811,false,מלח גס מלח הארץ (1 קג),סוגת תעשיות בעמ,,,יח`,1,"ק""ג",false,1,7.50,7.50,false,1,
7290000525969,false,מיץ תפוזים סחוט טבעי פרימור (1 ליטר),שטראוס גרופ בעמ/מצונן,,,יח`,1,1 ליטר,false,1,16.90,16.90,false,1,
7290000530024,false,נקניק תה זוגלובק,זוגלובק שיווק בעמ,,,"ק""ג",10,100 גרם,true,1,54,5.40,true,1,
7290000530048,false,סלמי פפרוני זוגלובק,זוגלובק שיווק בעמ,,,"ק""ג",10,100 גרם,true,1,60,6,false,1,
7290000530062,false,נקניק איטלקי זוגלובק,זוגלובק שיווק בעמ,,,"ק""ג",10,100 גרם,true,1,86,8.60,false,1,
7290000530086,false,נקניק סלמי מעושן 7000 זוגלובק (600 גרם),זוגלובק שיווק בעמ,,,יח`,8,100 גרם,false,1,37.70,4.71,false,1,
7290000530178,false,קוניאק זוגלובק,זוגלובק שיווק בעמ,,,"ק""ג",10,100 גרם,true,1,89,8.90,false,1,
7290000530192,false,סרבלד זוגלובק,זוגלובק שיווק בעמ,,,"ק""ג",10,100 גרם,true,1,138,13.80,false,1,
7290000530413,false,המבורגר זהב,זוגלובק שיווק בעמ,,,יח`,4,100 גרם,false,1,19.90,4.98,false,1,
7290000530444,false,כתף בקר מעושן זוגלובק,זוגלובק שיווק בעמ,,,"ק""ג",10,100 גרם,true,1,118,11.80,true,1,
7290000530598,false,נקניקיות וינר זוגלובק (500 גרם),זוגלובק שיווק בעמ,,,יח`,5,100 גרם,false,1,18.30,3.66,true,1,
7290000530703,false,מארז פסטרמה חרמון+תה,זוגלובק שיווק בעמ,,,יח`,8,100 גרם,false,1,35.60,4.45,true,1,
7290000531410,false,פסטרממיה בדבש זוגלובק,זוגלובק שיווק בעמ,,,"ק""ג",10,100 גרם,true,1,88,8.80,true,1,
7290000531977,false,בורקס גבינה זוגלובק (16 יח`- 800 גרם),זוגלובק שיווק בעמ,,,יח`,8,100 גרם,false,1,22.40,2.80,false,1,
7290000532400,false,פסטרמה חזה הודו זוגלובק,זוגלובק שיווק בעמ,,,"ק""ג",10,100 גרם,true,1,88,8.80,true,1,
7290000533353,false,בצק עלים זוגלובק 1 קג,זוגלובק שיווק בעמ,,,יח`,1,"ק""ג",false,1,22.40,22.40,false,1,
7290000534718,false,תבור-חזה מעושן זוגלובק 2% שומן,זוגלובק שיווק בעמ,,,"ק""ג",10,100 גרם,true,1,88,8.80,true,1,
7290000534800,false,פסטרמה רומנית זוגלובק,זוגלובק שיווק בעמ,,,"ק""ג",10,100 גרם,true,1,88,8.80,true,1,
7290000536743,false,קריספי סטיקס תירס,זוגלובק שיווק בעמ,,,יח`,5,100 גרם,false,1,21.40,4.28,true,1,
7290000537566,false,נקניקיות עוף זוגלובק (400 גרם),זוגלובק שיווק בעמ,,,יח`,4,100 גרם,false,1,15.20,3.80,true,1,
7290000538709,false,תה מעושן 200,זוגלובק שיווק בעמ,,,יח`,2,100 גרם,false,1,16.30,8.15,false,1,
7290000554457,false,גבינה צפתית 5% גד (350 גרם),מחלבות גד שיווק 1992 בעמ,,,יח`,3.50,100 גרם,false,1,21.90,6.26,false,1,
7290000554471,false,גבינה מוצרלה 22% גד (180 גרם),מחלבות גד שיווק 1992 בעמ,,,יח`,1.80,100 גרם,false,1,17.90,9.94,false,1,
7290000554532,false,גבינה צפתית מעודנת 5% גד (200 גרם),מחלבות גד שיווק 1992 בעמ,,,יח`,2,100 גרם,false,1,16.90,8.45,false,1,
7290000554600,false,מוצרלה מגורדת 22% גד (300 גרם),מחלבות גד שיווק 1992 בעמ,,,יח`,3,100 גרם,false,1,27.90,9.30,false,1,
7290000554624,false,ירח מתוק-גד,מחלבות גד שיווק 1992 בעמ,,,יח`,1.50,"100 מ""ל",false,1,5.90,3.93,true,1,
7290000554686,false,לבנה בשמן זית-גד- מדף,מחלבות גד שיווק 1992 בעמ,,,יח`,2.50,100 גרם,false,1,14.90,5.96,false,1,
7290000554815,false,גבינת מוצרלה נקניק מעדנייה גד,מחלבות גד שיווק 1992 בעמ,,,"ק""ג",10,100 גרם,true,1,83,8.30,false,1,
7290000554839,false,גבינת מסקרפונה 40% גד (250 גרם),מחלבות גד שיווק 1992 בעמ,,,יח`,2.50,100 גרם,false,1,22.90,9.16,false,1,
7290000560533,false,אדג` ג`ל גילוח 200 מל ירוק,דנשר (1963) בעמ,,,יח`,2,100 גרם,false,1,20.70,10.35,false,1,
7290000560540,false,ג`ל גילוח לעור רגיש אדג` (198 גרם),דנשר (1963) בעמ,,,יח`,1.98,100 גרם,false,1,20.70,10.45,false,1,
7290000571232,false,קלאסיק בית יצחק גאודה פרוס 30% 150ג,מחלבות גד שיווק 1992 בעמ,,,יח`,1.50,100 גרם,false,1,23.90,15.93,false,1,
7290000571386,false,יוגורמה בית יצחק,מחלבות גד שיווק 1992 בעמ,,,יח`,8.50,"100 מ""ל",false,1,25.90,3.05,false,1,
7290000571478,false,גבינת עיזים תום פרוסה המחלבה (200 גרם),מחלבות גד שיווק 1992 בעמ,,,יח`,2,100 גרם,false,1,35.90,17.95,false,1,
7290000572208,false,חלבה וניל אחוה (100 גרם),אחדות בעמ,,,יח`,1,100 גרם,false,1,3.50,3.50,false,1,
7290000572222,false,חלבה וניל אחוה (500 גרם),אחדות בעמ,,,יח`,5,100 גרם,false,1,11.90,2.38,false,1,
7290000572529,false,חלבה פיסטוק אחוה (400 גרם),אחדות בעמ,,,יח`,4,100 גרם,false,1,14.90,3.73,false,1,
7290000572536,false,חלבה וניל אחוה (400 גרם),אחדות בעמ,,,יח`,4,100 גרם,false,1,12.90,3.23,false,1,
7290000572628,false,חטיפי חלבה ללתס 275 גר`אחוה,אחדות בעמ,,,יח`,2.75,100 גרם,false,1,13.90,5.05,false,1,
7290000572673,false,חלבה וניל קקאו ואגוזים אחוה (25x12 גרם),אחדות בעמ,,,יח`,3,100 גרם,false,1,13.90,4.63,false,1,
7290000572819,false,טחינה גולמית אחוה (1 קג),אחדות בעמ,,,יח`,1,"ק""ג",false,1,21.90,21.90,true,1,
7290000574028,false,לחם שחור מעושר פלוס 750 גר`דגנית,דגנית עין בר תעשיות מזון ואפיה,,,יח`,7.50,100 גרם,false,1,7.90,1.05,false,1,
7290000574035,false,לחם אחיד פרוס דגנית עין בר (750 גרם),דגנית עין בר תעשיות מזון ואפיה,,,יח`,7.50,100 גרם,false,1,6.90,0.92,false,1,
7290000574141,false,לחם חיטה מלאה 750 גר`דגנית,דגנית עין בר תעשיות מזון ואפיה,,,יח`,7.50,100 גרם,false,1,14.90,1.99,false,1,
7290000574172,false,לחם קל חיטה מלאה 750 גר`דגנית,דגנית עין בר תעשיות מזון ואפיה,,,יח`,7.50,100 גרם,false,1,15.90,2.12,false,1,
7290000654973,false,גזר ארוז,מפעלי יופי אגשח בעמ*שיק 45 יום,,,"ק""ג",1,,true,1,5.90,5.90,false,1,
7290000662817,false,סלמון מעושן 100 גר`תנובה,תנובה - חלב,,,יח`,1,100 גרם,false,1,19.90,19.90,false,1,
7290000688084,false,מי עדן ספורט 1/2 ליטר,יפאורה,,,יח`,5,"100 מ""ל",false,1,2.50,0.44,false,1,
7290000688381,false,מים מינרלים פקק ספורט מי עדן (500x6 מל),יפאורה,,,יח`,3,1 ליטר,false,1,12.90,3.70,true,1,
7290000688466,false,מי עדן 0.75 ליטר ספורט בודד,יפאורה,,,יח`,7.50,"100 מ""ל",false,1,2.50,0.29,false,1,
7290000979427,false,עגבניות שרי כתום ארוז,צימן עגבניות *לא פעיל*,,,יח`,5,100 גרם,false,1,9.90,1.98,false,1,
7290000993461,false,עגבניות שרי צהוב פרמיום ארוז,צימן עגבניות *לא פעיל*,,,יח`,1,,false,1,9.90,9.90,false,1,
7290000993560,false,עגבניות שרי מנומר ארוז,צימן עגבניות *לא פעיל*,,,יח`,5,100 גרם,false,1,9.90,1.98,false,1,
7290000995410,false,נבטים סיני,א.אדמה (2007) בעמ,,,יח`,1,,false,1,7.90,7.90,false,1,
7290001041123,false,שקד מולבן פרוס 100 גר`,מיה תעשיות מזון מ.ת.מ. בעמ,,,יח`,1,100 גרם,false,1,12.50,12.50,false,1,
7290001041130,false,ממרח תמרים 450 גר`,מיה תעשיות מזון מ.ת.מ. בעמ,,,יח`,4.50,100 גרם,false,1,5.90,1.31,false,1,
7290001041635,false,פירורי לחם מוזהבים 200 גר`מיה,מיה תעשיות מזון מ.ת.מ. בעמ,,,יח`,2,100 גרם,false,1,4,2,true,1,
7290001041994,false,סוכר זהב דמררה 1 קג`,מיה תעשיות מזון מ.ת.מ. בעמ,,,יח`,1,"ק""ג",false,1,12.20,12.20,false,1,
7290001045688,false,מיץ תפוזים סחוט 400 מל פרימור,שטראוס גרופ בעמ/מצונן,,,יח`,4,"100 מ""ל",false,1,7.90,1.90,false,1,
7290001121054,false,צמד חמד 700 גר` יחיעם,מעדני יחיעם (1993) בעמ,,,יח`,7,100 גרם,false,1,26.90,3.84,true,1,
7290001121238,false,קורנדביף 4% שומן יחיעם (180 גרם).,מעדני יחיעם (1993) בעמ,,,יח`,1.80,100 גרם,false,1,25.40,14.11,false,1,
7290001123782,false,שווארמה אמיתית הודו טיבון ויל (500 גרם),נטו מלינדה סחר בעמ,,,יח`,5,100 גרם,false,1,30.50,6.10,true,1,
7290001124536,false,מג`יק טעם תירס,נטו מלינדה סחר בעמ,,,יח`,0.70,100 גרם,false,1,5.50,7.86,false,1,
7290001124611,false,שומן כבש 200 גר,נטו מלינדה סחר בעמ,,,יח`,2,100 גרם,false,1,15.20,7.60,false,1,
7290001136287,false,נקה 7 שמפו 750 מל ירוק,החברה הדרומית לשיווק בעמ,,,יח`,7.50,"100 מ""ל",false,1,11.90,1.59,true,1,
7290001201510,false,ביצים ארוזות M מ. לסר) (30 פיקוח,מ לסר בעמ - חברה לשיווק ביצים,,,יח`,1,,false,1,27.87,27.87,false,1,
7290001201572,false,ביצים 12 יח`XL פיקוח,מ לסר בעמ - חברה לשיווק ביצים,,,יח`,1,,false,1,13.10,13.10,false,1,
7290001201589,false,ביצים ארוזות L מ. לסר) (12 פיקוח,מ לסר בעמ - חברה לשיווק ביצים,,,יח`,1,,false,1,12.05,12.05,false,1,
7290001201596,false,ביצים 12 יחידות M פיקוח,מ לסר בעמ - חברה לשיווק ביצים,,,יח`,1,,false,1,11.15,11.15,false,1,
7290001201602,false,ביצים 18 יח`L פיקוח,מ לסר בעמ - חברה לשיווק ביצים,,,יח`,1,,false,1,18.07,18.07,false,1,
7290001201619,false,ביצים 18 יח`M פיקוח,מ לסר בעמ - חברה לשיווק ביצים,,,יח`,1,,false,1,16.72,16.72,false,1,
7290001201824,false,ביצים אורגני L 12 יח,מ לסר בעמ - חברה לשיווק ביצים,,,יח`,1,,false,1,19.30,19.30,false,1,
7290001201848,false,ביצים אורגני 12 M,מ לסר בעמ - חברה לשיווק ביצים,,,יח`,1,,false,1,18.30,18.30,false,1,
7290001201862,false,ביצי חופש 12 L,מ לסר בעמ - חברה לשיווק ביצים,,,יח`,1,,false,1,17.30,17.30,false,1,
7290001201893,false,ביצים אומגה 12 יח`M,מ לסר בעמ - חברה לשיווק ביצים,,,יח`,1,,false,1,17.30,17.30,false,1,
7290001216040,false,טחינה רגילה 500 גר`אל ארז,סוגת תעשיות בעמ,,,יח`,5,100 גרם,false,1,17.90,3.58,false,1,
7290001216057,false,טחינה אל ארז 1 קג,סוגת תעשיות בעמ,,,יח`,1,"ק""ג",false,1,32.90,32.90,false,1,
7290001216101,false,טחינה מלאה 1 קג אל ארז,סוגת תעשיות בעמ,,,יח`,10,100 גרם,false,1,34.90,3.49,false,1,
7290001216231,false,טחינה משומשום מלא אל ארז (500 גרם),סוגת תעשיות בעמ,,,יח`,5,100 גרם,false,1,18.90,3.78,false,1,
7290001247068,false,נקטר תות בננה ספרינג (1 ליטר),יפאורה,,,יח`,1,1 ליטר,false,1,7.30,7.30,false,1,
7290001274422,false,מאגדת ציפוי שוקו בננה 8 יח`,פלקו בעמ,,,יח`,1,,false,1,26.50,26.50,false,1,
7290001274583,false,מאגדת גלידל פקאן 900 גר`פלדמן,פלקו בעמ,,,יח`,9,100 גרם,false,1,20.90,2.32,false,1,
7290001274934,false,מאגדת קרחונים דיאט שמינייה,פלקו בעמ,,,יח`,6.40,100 גרם,false,1,25.90,4.05,false,1,
7290001274941,false,מאגדת קרחונים דיאט שמינייה,פלקו בעמ,,,יח`,6.40,100 גרם,false,1,25.90,4.05,false,1,
7290001305188,false,פלמוליב כלים שקוף לימון 750 בקבוק חדש,ש.שסטוביץ בעמ,,,יח`,7.50,"100 מ""ל",false,1,13.90,1.85,true,1,
7290001327180,false,שטראוס קרמיסימו,גלידות שטראוס בעמ,,,יח`,1.33,1 ליטר,false,1,19.90,14.96,true,1,
7290001343845,false,גרנולה עם תוספות 1 קג,דין שיווק וקליה 2021 בעמ,,,יח`,1,"ק""ג",false,1,21.40,21.40,true,1,
7290001407547,false,טחינה בארכה שומשום מלא פי 6 סידן,קבוצת אסם סחר שות. מוגבלת,,,יח`,5,100 גרם,false,1,14.20,2.84,false,1,
7290001407813,false,חלבה בארכה שאמית+פיסטוק 350 גר`,קבוצת אסם סחר שות. מוגבלת,,,יח`,3.50,100 גרם,false,1,16.30,4.66,false,1,
7290001482094,false,וילי פוד פרמז`נו 200 גר`,ג.וילי-פוד אינטרנשיונל **גבינו,,,יח`,2,100 גרם,false,1,17.90,8.95,false,1,
7290001482186,false,אננס חתוך ג565ר,ג.וילי-פוד אינטרנשיונל בעמ,,,יח`,5.67,100 גרם,false,1,6.50,1.15,false,1,
7290001482384,false,אננס חתוך ג 227ר,ג.וילי-פוד אינטרנשיונל בעמ,,,יח`,2.27,100 גרם,false,1,4.90,2.16,false,1,
7290001482506,false,חומץ בלסמי ממודנה 500 גר`,ג.וילי-פוד אינטרנשיונל בעמ,,,יח`,5,"100 מ""ל",false,1,19.90,3.98,false,1,
7290001485019,false,גבינת שמנת 200 גר`9%,החב` המרכזית - טרה,,,יח`,2,100 גרם,false,1,11.90,5.95,false,1,
7290001491010,false,תה ירוק יסמין ויסוצקי (25),תה ויסוצקי (ישראל) בעמ,,,יח`,0.3750,100 גרם,false,1,27.90,74.40,true,1,
7290001507698,false,אטריות אורגנית למרק מקמח מלא 500 גר השדה,השדה מוצרים אורגניים בעמ,,,יח`,5,100 גרם,false,1,17.30,3.46,false,1,
7290001567760,false,פסטרמה של פעם 300 גרם לחמ,מעדני יחיעם (1993) בעמ,,,יח`,3,100 גרם,false,1,27.50,9.17,true,1,
7290001591680,false,קניידלך מקמח מצה 500 גר`שלושת האופים,נטו מלינדה סחר בעמ,,,יח`,5,100 גרם,false,1,18.90,3.78,false,1,
7290001594155,false,קוקה קולה 500 מל,החברה המרכזית להפצת משקאות בעמ,,,יח`,5,"100 מ""ל",false,1,6.90,1.32,false,1,
7290001594520,false,בירה טובורג בקבוק 330 מל,החברה המרכזית להפצת משקאות בעמ,,,יח`,3.30,"100 מ""ל",false,1,7.50,2.18,false,1,
7290001594568,false,בירה בפחית קרלסברג (500 מל),החברה המרכזית להפצת משקאות בעמ,,,יח`,5,"100 מ""ל",false,1,9.90,1.92,false,1,
7290001594858,false,מארז שישייה בירה טובורג רד (330x6 מל),החברה המרכזית להפצת משקאות בעמ,,,יח`,1.98,1 ליטר,false,1,43.90,21.26,true,1,
7290001594865,false,בירה קרלסברג (330x6 מל),החברה המרכזית להפצת משקאות בעמ,,,יח`,1.98,1 ליטר,false,1,36.90,17.73,true,1,
7290001670057,false,כפיות לבן 100 יח`הנמל,הנמל אריזות ושיווק (1984) בעמ,,,יח`,1,,false,1,11.90,11.90,true,1,
7290001670071,false,כפות לבן 100 יח`הנמל,הנמל אריזות ושיווק (1984) בעמ,,,יח`,1,,false,1,11.90,11.90,true,1,
7290001670255,false,כוסות קרטון 8B 50 יח`הנמל,הנמל אריזות ושיווק (1984) בעמ,,,יח`,1,,false,1,10.90,10.90,true,1,
7290001690512,false,תות שדה קפוא 250 גר`,נטו מלינדה סחר בעמ,,,יח`,2.50,100 גרם,false,1,10.90,4.36,false,1,
7290001690536,false,מיקס פירות יער 250 גר`,נטו מלינדה סחר בעמ,,,יח`,2.50,100 גרם,false,1,10.90,4.36,false,1,
7290001690543,false,חתיכות אננס קפואות 250 גר`,נטו מלינדה סחר בעמ,,,יח`,2.50,100 גרם,false,1,10.90,4.36,false,1,
7290001710159,false,גולש עגל 800 גרם .,לאטי עזרא בעמ,,,יח`,8,100 גרם,false,1,35.90,4.49,false,1,
7290001791349,false,אקונומיקה פיסגה ריחנית סנו (4 ליטר),החברה הדרומית לשיווק בעמ,,,יח`,4,1 ליטר,false,1,12.90,3.23,true,1,
7290001865439,false,אל סבון נוזלי וניל פמילי (1 ליטר),דנשר (1963) בעמ,,,יח`,1,1 ליטר,false,1,15.90,15.90,true,1,
7290001865453,false,אל סבון נוזלי לבנדר פמילי (1 ליטר),דנשר (1963) בעמ,,,יח`,1,1 ליטר,false,1,15.90,15.90,true,1,
7290001881873,false,כרוב כבוש עם חמוציות 750 גר`מאמא מרי,מאמא - מרי בעמ,,,יח`,7.50,100 גרם,false,1,18.90,2.52,true,1,
7290001946404,false,סלט שום כתוש תבליני ביטון יוחאי,נטו מלינדה סחר בעמ,,,יח`,2.50,100 גרם,false,1,15.20,6.08,true,1,
7290001990148,false,סוכר גולדן קלאסי סוגת (1 קג),סוגת תעשיות בעמ,,,יח`,1,"ק""ג",false,1,14.90,14.90,false,1,
7290002007357,false,דליקטס שקיות צלייה קטן הנמל) (10,הנמל אריזות ושיווק (1984) בעמ,,,יח`,1,,false,1,6.40,6.40,false,1,
7290002007890,false,כוסות 100 יח`200 PP הנמל,הנמל אריזות ושיווק (1984) בעמ,,,יח`,100,יח`,false,1,9.90,0.10,false,1,
7290002007982,false,מזלגות לבן 100 יח`הנמל,הנמל אריזות ושיווק (1984) בעמ,,,יח`,100,יח`,false,1,11.90,0.12,true,1,
7290002008040,false,שיפודים 30 סמ הנמל,הנמל אריזות ושיווק (1984) בעמ,,,יח`,1,,false,1,3,3,false,1,
7290002008071,false,עטרות נייר הנמל,הנמל אריזות ושיווק (1984) בעמ,,,יח`,1,,false,1,7.10,7.10,false,1,
7290002008170,false,מנג`טים מספר 3 הנמל) (130,הנמל אריזות ושיווק (1984) בעמ,,,יח`,1,,false,1,7.40,7.40,false,1,
7290002008309,false,עטרות נייר הנמל,הנמל אריזות ושיווק (1984) בעמ,,,יח`,1,,false,1,7.60,7.60,false,1,
7290002008460,false,עטרות נייר הנמל,הנמל אריזות ושיווק (1984) בעמ,,,יח`,1,,false,1,5.40,5.40,false,1,
7290002008507,false,נייר אפיה הנמל 50 יח`,הנמל אריזות ושיווק (1984) בעמ,,,יח`,1,,false,1,9.90,9.90,true,1,
7290002008989,false,קישקשים 225 יח`הנמל,הנמל אריזות ושיווק (1984) בעמ,,,יח`,1,,false,1,8.90,8.90,false,1,
7290002019763,false,עגבניות מרוסקות 800 גר` פריניר,אבאל יזמות בעמ,,,יח`,8,100 גרם,false,1,7.90,0.99,true,1,
7290002019787,false,רוטב עגבניות מרוכז עגבניות 22% 260 גר` פ,אבאל יזמות בעמ,,,יח`,2.60,100 גרם,false,1,3.90,1.50,true,1,
7290002019794,false,רוטב עגבניות מרוכז 22% 100 גר` פריניר,אבאל יזמות בעמ,,,יח`,1,100 גרם,false,1,1.90,1.90,true,1,
7290002037637,false,לחמניות הבית מתוקות מאפיית ודש) (4,י.את א. ברמן בעמ,,,יח`,4,100 גרם,false,1,11.90,2.98,false,1,
7290002040019,false,קוסקוס רגיל מזון קוסקוס (350 גרם),הנמל אריזות ושיווק (1984) בעמ,,,יח`,3.50,100 גרם,false,1,6.90,1.97,false,1,
7290002040064,false,קוסקוס דק מזון קוסקוס (350 גרם),הנמל אריזות ושיווק (1984) בעמ,,,יח`,3.50,100 גרם,false,1,6.90,1.97,false,1,
7290002043065,false,פרכיות אורז חום מלא בציפוי שוקולד מריר ב,א.ל.ייצור ושיווק תבלינים בעמ,,,יח`,0.70,100 גרם,false,1,9.50,13.57,true,1,
7290002043072,false,פרכוני אורז חום בציפוי שוקולד חלב בלגי 7,א.ל.ייצור ושיווק תבלינים בעמ,,,יח`,0.70,100 גרם,false,1,9.50,13.57,true,1,
7290002043218,false,ציפס אורז חום מלא מלח 60 גר` אקסטרה,א.ל.ייצור ושיווק תבלינים בעמ,,,יח`,0.60,100 גרם,false,1,7.50,12.50,true,1,
7290002057604,false,פלפל חריף שיפקה קבוצת יבנה (540 גרם),קבוצת יבנה מוצרי מזון אגודה שי,,,יח`,5.60,100 גרם,false,1,7.90,1.41,false,1,
7290002065555,false,לחמניות אנג`ל (6),שלמה א. אנג`ל בעמ,,,יח`,4.50,100 גרם,false,1,10.90,2.42,false,1,
7290002065616,false,לחם שיפון גרעינים פרוס אחדות (750 גרם),שלמה א. אנג`ל בעמ,,,יח`,7.50,100 גרם,false,1,12.50,1.67,false,1,
7290002077725,false,סלמון מעושן דלידג (100 גרם),נטו מלינדה סחר בעמ,,,יח`,1,100 גרם,false,1,19.90,19.90,false,1,
7290002107491,false,גבינה עיזים 5% למריחה 250 גר`,החב` המרכזית - טרה,,,יח`,2.50,100 גרם,false,1,16.70,6.68,true,1,
7290002107798,false,בולגרית בקר 5% בגביע 250 גר`,החב` המרכזית - טרה,,,יח`,2.50,100 גרם,false,1,24.10,9.64,false,1,
7290002109372,false,בורקס פילו אצבעות בולגרית 700 גר`,נטו מלינדה סחר בעמ,,,יח`,7,100 גרם,false,1,20.90,2.99,true,1,
7290002128786,false,זוגות כוסיות לנריות,אבאל יזמות בעמ,,,יח`,1,,false,1,5.90,5.90,true,1,
7290002129479,false,פיצה איטלקית דקה שלושת האופים 320 גר,נטו מלינדה סחר בעמ,,,יח`,3.20,100 גרם,false,1,14.90,4.66,true,1,
7290002129486,false,פיצה איטלקית דקה 340 גר` שלושת האופים,נטו מלינדה סחר בעמ,,,יח`,3.40,100 גרם,false,1,15.90,4.68,true,1,
7290002130567,false,דבש טהור מפרחי בר יד מרדכי (350 גרם),שטראוס גרופ בעמ,,,יח`,3.50,100 גרם,false,1,17.30,4.94,false,1,
7290002130574,false,דבש דבורים טהור 500גר,שטראוס גרופ בעמ,,,יח`,5,100 גרם,false,1,25.90,5.18,false,1,
7290002130581,false,דבש טהור מפרחי בר יד מרדכי (1 קג),שטראוס גרופ בעמ,,,יח`,1,"ק""ג",false,1,45.90,45.90,false,1,
7290002132011,false,עוגיות מזרחיות עם שומשום עבאדי (400 גר),תה ויסוצקי (ישראל) בעמ,,,יח`,4,100 גרם,false,1,18.50,4.63,true,1,
7290002157960,false,טונה ויליגר רביעייה 140 גר במי מלח,נטו מלינדה סחר בעמ,,,יח`,1.40,100 גרם,false,1,21.90,15.64,false,1,
7290002195054,false,המבורגר קפוא בלדי (400 גרם),בלדי בעמ,,,יח`,4,100 גרם,false,1,12.90,3.23,false,1,
7290002195078,false,קבב כבש קפוא בלדי (400 גרם),בלדי בעמ,,,יח`,4,100 גרם,false,1,12.90,3.23,false,1,
7290002195085,false,קבב מזרחי קפוא בלדי (400 גרם),בלדי בעמ,,,יח`,4,100 גרם,false,1,12.90,3.23,false,1,
7290002232995,false,ציפוי פז דגש 500גר ללא גלוטן.,נטורפוד בעמ,,,יח`,5,100 גרם,false,1,27.90,5.58,false,1,
7290002253006,false,שום כתוש דורות (200 גרם),קבוצת אסם סחר שות. מוגבלת,,,יח`,2,100 גרם,false,1,16.90,8.45,false,1,
7290002253105,false,קוביות שום כתוש דורות (80 גרם),קבוצת אסם סחר שות. מוגבלת,,,יח`,0.80,100 גרם,false,1,15.20,19,false,1,
7290002253150,false,בזיליקום קצוץ דורות (70 גרם),קבוצת אסם סחר שות. מוגבלת,,,יח`,0.70,100 גרם,false,1,12.20,17.43,false,1,
7290002253167,false,פטרוזיליה קצוצה דורות (70 גרם),קבוצת אסם סחר שות. מוגבלת,,,יח`,0.70,100 גרם,false,1,12.20,17.43,false,1,
7290002253181,false,כוסברה קצוצה דורות (70 גרם),קבוצת אסם סחר שות. מוגבלת,,,יח`,0.70,100 גרם,false,1,12.20,17.43,false,1,
7290002259640,false,דיימונד 084 0.30*7.50,גורי ע.ע.ע בעמ,,,יח`,1,,false,1,13.90,13.90,false,1,
7290002281405,false,סלט סלמון) (2*160 מעושן ויליגר,נטו מלינדה סחר בעמ,,,יח`,3.20,100 גרם,false,1,10.90,3.41,false,1,
7290002281498,false,ריץ` מגורדת 500 גר על בסיס חלב,נטו מלינדה סחר בעמ,,,יח`,5,100 גרם,false,1,25.90,5.18,true,1,
7290002291046,false,בלדי המבורגר מסעדות קצבייה,בלדי בעמ,,,יח`,4.80,100 גרם,false,1,25.50,5.31,false,1,
7290002317081,false,זית חרוזית A2 מוטולה,אבאל יזמות בעמ,,,יח`,5.60,100 גרם,false,1,10.90,1.95,true,1,
7290002317128,false,מלפפון במלח 10-12 מוטולה,אבאל יזמות בעמ,,,יח`,5.60,100 גרם,false,1,10.90,1.95,true,1,
7290002317135,false,מלפפון במלח 13-17 מוטולה,אבאל יזמות בעמ,,,יח`,5.60,100 גרם,false,1,10.90,1.95,true,1,
7290002317166,false,מלפפון בחומץ 10-12 מוטולה,אבאל יזמות בעמ,,,יח`,5.60,100 גרם,false,1,10.90,1.95,true,1,
7290002317173,false,מלפפונים בחומץ 13-17 מוטולה,אבאל יזמות בעמ,,,יח`,5.60,100 גרם,false,1,10.90,1.95,true,1,
7290002317265,false,מלפפון במלח 7-9 מוטולה,אבאל יזמות בעמ,,,יח`,5.60,100 גרם,false,1,8.90,1.59,true,1,
7290002317289,false,חצילים A2 מוטולה,אבאל יזמות בעמ,,,יח`,5.60,100 גרם,false,1,9.90,1.77,true,1,
7290002317326,false,זיתים מנזלינו 12-15 מוטולה,אבאל יזמות בעמ,,,יח`,5.60,100 גרם,false,1,9.90,1.77,true,1,
7290002317357,false,פלפל שיפקה חריף צנצנת זכוכית מוטולה,אבאל יזמות בעמ,,,יח`,5.50,100 גרם,false,1,9.90,1.80,true,1,
7290002317388,false,ירקות מעורבים בתיבול מזרחי מוטולה 900 גר,אבאל יזמות בעמ,,,יח`,9,100 גרם,false,1,30.90,3.43,true,1,
7290002317579,false,טבעות זיתים ירוק מוטולה,אבאל יזמות בעמ,,,יח`,5.60,100 גרם,false,1,10.90,1.95,true,1,
7290002317609,false,כרוב כבוש מוטולה,אבאל יזמות בעמ,,,יח`,5.60,100 גרם,false,1,9.90,1.77,true,1,
7290002317616,false,זית מרינט 17-19 מוטולה,אבאל יזמות בעמ,,,יח`,5.60,100 גרם,false,1,10.90,1.95,true,1,
7290002317661,false,זיתים מנזולינו גדול מאוד זכוכית מוטולה,אבאל יזמות בעמ,,,יח`,5.60,100 גרם,false,1,10.90,1.95,true,1,
7290002317678,false,חרוזית ירוק צנצנת זכוכית מוטולה,אבאל יזמות בעמ,,,יח`,5.60,100 גרם,false,1,10.90,1.95,true,1,
7290002317753,false,זית טבעות ירוק בצנצנת זכוכית מוטולה,אבאל יזמות בעמ,,,יח`,5.60,100 גרם,false,1,10.90,1.95,true,1,
7290002317852,false,מלפפון ביתי בצנצנת מוטולה (900גר`),אבאל יזמות בעמ,,,יח`,9,100 גרם,false,1,30.90,3.43,true,1,
7290002319016,false,אבקת אפיה מיה (10x10 גרם),מיה תעשיות מזון מ.ת.מ. בעמ,,,יח`,1,100 גרם,false,1,3.30,3.30,true,1,
7290002319023,false,סוכר ווניל עשירייה,מיה תעשיות מזון מ.ת.מ. בעמ,,,יח`,1,100 גרם,false,1,2.90,2.90,true,1,
7290002319047,false,אגוזי מלך 100ג,מיה תעשיות מזון מ.ת.מ. בעמ,,,יח`,1,100 גרם,false,1,12.50,12.50,false,1,
7290002319054,false,פרג טחון 100 גר`,מיה תעשיות מזון מ.ת.מ. בעמ,,,יח`,1,100 גרם,false,1,7.10,7.10,false,1,
7290002319078,false,שומשום 100 גר`,מיה תעשיות מזון מ.ת.מ. בעמ,,,יח`,1,100 גרם,false,1,4,4,false,1,
7290002319115,false,חומוס גדול מיה (500 גרם),מיה תעשיות מזון מ.ת.מ. בעמ,,,יח`,5,100 גרם,false,1,8.40,1.68,true,1,
7290002319139,false,שעועית לבנה מיה (500 גרם),מיה תעשיות מזון מ.ת.מ. בעמ,,,יח`,5,100 גרם,false,1,11.20,2.24,true,1,
7290002319160,false,אפונה ירוקה מיה (500 גרם),מיה תעשיות מזון מ.ת.מ. בעמ,,,יח`,5,100 גרם,false,1,7.40,1.48,true,1,
7290002319177,false,פופקורן מיה (500 גרם),מיה תעשיות מזון מ.ת.מ. בעמ,,,יח`,5,100 גרם,false,1,7.40,1.48,false,1,
7290002319184,false,עדשים אדומות מיה (500 גרם),מיה תעשיות מזון מ.ת.מ. בעמ,,,יח`,5,100 גרם,false,1,10.10,2.02,true,1,
7290002319191,false,עדשים ירוקות מיה (500 גרם),מיה תעשיות מזון מ.ת.מ. בעמ,,,יח`,5,100 גרם,false,1,9.10,1.82,true,1,
7290002319207,false,כוסמת מיה (500 גרם),מיה תעשיות מזון מ.ת.מ. בעמ,,,יח`,5,100 גרם,false,1,8.80,1.76,true,1,
7290002319221,false,חיטה מיה (500 גרם),מיה תעשיות מזון מ.ת.מ. בעמ,,,יח`,5,100 גרם,false,1,6.90,1.38,true,1,
7290002319375,false,קורנפלור 200 גר`,מיה תעשיות מזון מ.ת.מ. בעמ,,,יח`,2,100 גרם,false,1,5.10,2.55,false,1,
7290002319528,false,קמח מצה 200 גר`,קבוצת אסם סחר שות. מוגבלת,,,יח`,2,100 גרם,false,1,4,2,false,1,
7290002319771,false,תמצית אפיה בטעם וניל מיה (50 מל),מיה תעשיות מזון מ.ת.מ. בעמ,,,יח`,0.50,"100 מ""ל",false,1,4,8,false,1,
7290002319788,false,תמצית אפיה בטעם רום כשלפ בדצ העדח,מיה תעשיות מזון מ.ת.מ. בעמ,,,יח`,0.60,"100 מ""ל",false,1,4,6.67,false,1,
7290002319825,false,אבקת סוכר 100 גר`,מיה תעשיות מזון מ.ת.מ. בעמ,,,יח`,1,100 גרם,false,1,2.70,2.70,true,1,
7290002327059,false,בצק עלים מרודד שלושת האופים (1 קג),נטו מלינדה סחר בעמ,,,יח`,10,100 גרם,false,1,18.90,1.89,true,1,
7290002331018,false,נביעות 500 תו-גווווו,החברה המרכזית להפצת משקאות בעמ,,,יח`,5,"100 מ""ל",false,1,2.90,0.52,false,1,
7290002331025,false,נביעות 500 תו-גוווו,החברה המרכזית להפצת משקאות בעמ,,,יח`,5,"100 מ""ל",false,1,3.40,0.62,false,1,
7290002331094,false,בקבוק נביעות תו-גוו 750,החברה המרכזית להפצת משקאות בעמ,,,יח`,7.50,"100 מ""ל",false,1,4,0.49,false,1,
7290002331155,false,נביעות מים מינרל,החברה המרכזית להפצת משקאות בעמ,,,יח`,5,"100 מ""ל",false,1,5,0.94,false,1,
7290002331360,false,נביעות שישיה 0.500 טו גוווווו,החברה המרכזית להפצת משקאות בעמ,,,יח`,3,1 ליטר,false,1,17,5.07,true,1,
7290002331421,false,שישית נביעות תו-גוו 755,החברה המרכזית להפצת משקאות בעמ,,,יח`,4.53,1 ליטר,false,1,17.30,3.42,false,1,
7290002331490,false,מים מינרלים נביעות (1 ליטר),החברה המרכזית להפצת משקאות בעמ,,,יח`,1,1 ליטר,false,1,3.30,3.30,true,1,
7290002345015,false,דק דק סינטה אל גאוצו,נטו מלינדה סחר בעמ,,,יח`,2.50,100 גרם,false,1,25.40,10.16,true,1,
7290002345022,false,דק דק אנטריקוט אל גאוצו,נטו מלינדה סחר בעמ,,,יח`,2.50,100 גרם,false,1,25.40,10.16,true,1,
7290002345077,false,דק דק שניצל בקר 250 גר`טיבון ויל אל גא,נטו מלינדה סחר בעמ,,,יח`,2.50,100 גרם,false,1,15.90,6.36,false,1,
7290002348139,false,תחתיות ארטישוק ויליגר (390 גרם),נטו מלינדה סחר בעמ,,,יח`,4.25,100 גרם,false,1,11.20,2.64,true,1,
7290002348238,false,אננס חתוך ויליגר 820 גר`.,נטו מלינדה סחר בעמ,,,יח`,8.20,100 גרם,false,1,10.90,1.33,false,1,
7290002353836,false,סרדין רוברט בשמן זית,א. סיימן סחר בעמ,,,יח`,1.15,100 גרם,false,1,8.90,7.74,true,1,
7290002360124,false,פומפדור חליטת צמחים ורד הבר והיביסקו חדש,ש.שסטוביץ בעמ,,,יח`,0.30,100 גרם,false,1,17.30,57.67,true,1,
7290002360155,false,חליטת צמחים שומר פומפדור (20),ש.שסטוביץ בעמ,,,יח`,0.40,100 גרם,false,1,17.30,43.25,true,1,
7290002360285,false,תה קמומיל פומפדור (20),ש.שסטוביץ בעמ,,,יח`,0.30,100 גרם,false,1,17.30,57.67,true,1,
7290002371533,false,סלסולי פסטרמה בדבש טירת צבי (120 גרם),תנובה קפואים,,,יח`,1.20,100 גרם,false,1,17.30,14.42,true,1,
7290002371540,false,נקניקים קורנדביף 120 גר` טירת צבי,תנובה קפואים,,,יח`,1.20,100 גרם,false,1,17.30,14.42,true,1,
7290002371939,false,סרוולד צרפתי 120 גר` טירת צבי,תנובה קפואים,,,יח`,1.20,100 גרם,false,1,30.50,25.42,true,1,
7290002374312,false,שמן קנולה מזוכך 6% מילומור (1 ליטר),סוגת תעשיות בעמ,,,יח`,1,1 ליטר,false,1,11.90,11.90,false,1,
7290002374640,false,שמן קנולה פלוס אומגה 3 עץ הזית (1 ליטר),סוגת תעשיות בעמ,,,יח`,1,1 ליטר,false,1,17.90,17.90,false,1,
7290002407348,false,שמן זית ג`השאן כתית מעולה 750 מל`,אבאל יזמות בעמ,,,יח`,7.50,"100 מ""ל",false,1,35.90,4.79,true,1,
7290002407645,false,שמן זית כתית מעולה ( 750 מל) ארץ הגליל,אבאל יזמות בעמ,,,יח`,7.50,"100 מ""ל",false,1,30.90,4.12,true,1,
7290002407676,false,זית תערובת אריזת( 800 גר`גהשאן,אבאל יזמות בעמ,,,יח`,8,100 גרם,false,1,22.90,2.86,true,1,
7290002487364,false,בורקס פילו גבינה וזיתים 700 גר`שלושת הא,נטו מלינדה סחר בעמ,,,יח`,7,100 גרם,false,1,20.90,2.99,true,1,
7290002507604,false,פיצת השף-שגב מאיטליה 320 גר,נטו מלינדה סחר בעמ,,,יח`,3.20,100 גרם,false,1,16.90,5.28,true,1,
7290002512011,false,ג`חנון צנעני (900 גרם),צנעני מוצרי בצק בעמ,,,יח`,9,100 גרם,false,1,19.90,2.21,false,1,
7290002512035,false,בצק עלים צנעני (1 קג),צנעני מוצרי בצק בעמ,,,יח`,1,"ק""ג",false,1,17.90,17.90,true,1,
7290002512066,false,ג`חנון אפוי צנעני למיקרוגל,צנעני מוצרי בצק בעמ,,,יח`,6.50,100 גרם,false,1,19.90,3.06,false,1,
7290002512257,false,מלווח מופחת שומן,צנעני מוצרי בצק בעמ,,,יח`,7,100 גרם,false,1,17.90,2.56,true,1,
7290002515333,false,קמיל בלו סנסיטיב 500 מל,פישר תעשיות פרמצבטיות בעמ,,,יח`,5,"100 מ""ל",false,1,18.90,3.78,false,1,
7290002517290,false,קינמון טחון 40 גר`,תבליני טעם וריח בעמ,,,יח`,0.40,100 גרם,false,1,6.90,17.25,false,1,
7290002517375,false,בזילקום עלים 30 גר`,תבליני טעם וריח בעמ,,,יח`,0.30,100 גרם,false,1,6.90,23,false,1,
7290002517689,false,קרי אבקה 40 גר`,תבליני טעם וריח בעמ,,,יח`,0.40,100 גרם,false,1,6.90,17.25,false,1,
7290002517726,false,קינמון מקלות 15 גר`,תבליני טעם וריח בעמ,,,יח`,0.15,100 גרם,false,1,6.90,46,false,1,
7290002517801,false,צ`ילי כתוש- חריף(פלפל קיינה)30 גר`,תבליני טעם וריח בעמ,,,יח`,0.30,100 גרם,false,1,6.90,23,false,1,
7290002517849,false,שום גבישי 50 גר`,תבליני טעם וריח בעמ,,,יח`,0.50,100 גרם,false,1,6.90,13.80,false,1,
7290002517863,false,ציפורן טחון 40 גר`,תבליני טעם וריח בעמ,,,יח`,0.40,100 גרם,false,1,9.90,24.75,false,1,
7290002542780,false,בירה סטלה ארטואה 330 מל בקבוק שישייה,תימקו בירה בעמ,,,יח`,1.98,1 ליטר,false,1,36.90,17.73,true,1,
7290002542841,false,בירה לף בלונד 330 מל בקבוק שישייה,תימקו בירה בעמ,,,יח`,1.98,1 ליטר,false,1,50.90,24.80,false,1,
7290002543237,false,קורנפלקס קלוגס (750 גרם),דיפלומט היינץ,,,יח`,7.50,100 גרם,false,1,14.90,1.99,false,1,
7290002551003,false,נתחי טונה בהירה בשמן סטארקיסט (160 גרם),סטארקיסט דיפלומט היינץ,,,יח`,1.60,100 גרם,false,1,8.70,5.44,false,1,
7290002603498,false,פיצת השף מאיטליה CHEF שגב אנטיפסטי 220,נטו מלינדה סחר בעמ,,,יח`,2.20,100 גרם,false,1,15.90,7.23,true,1,
7290002603504,false,פיצת השף מאיטליה CHEF שגב עגבניות ובצל ס,נטו מלינדה סחר בעמ,,,יח`,2.20,100 גרם,false,1,15.90,7.23,true,1,
7290002627692,false,נתחי טונה בשמן בהירה seakist בודד,נטו מלינדה סחר בעמ,,,יח`,1,,false,1,4.90,4.90,false,1,
7290002628088,false,טחון הודו בלדי 500,בלדי בעמ,,,יח`,5,100 גרם,false,1,11.20,2.24,false,1,
7290002628293,false,טחון עוף בלדי 500,בלדי בעמ,,,יח`,5,100 גרם,false,1,11.20,2.24,false,1,
7290002692393,false,שמן קנולה מזוכך מועשר עץ הזית (1 ליטר),סוגת תעשיות בעמ,,,יח`,1,1 ליטר,false,1,16.90,16.90,true,1,
7290002692768,false,תרסיס שמן קנולה מזוכך ללא תוספת גז 200 מ,סוגת תעשיות בעמ,,,יח`,2,"100 מ""ל",false,1,21.90,10.95,true,1,
7290002692775,false,תרסיס מופחת קלוריות בטעם חמאה,סוגת תעשיות בעמ,,,יח`,2,"100 מ""ל",false,1,21.90,10.95,true,1,
7290002692782,false,תרסיס שמן זית כתית מעולה ללא תוספת גז 15,סוגת תעשיות בעמ,,,יח`,1.50,"100 מ""ל",false,1,21.90,14.60,false,1,
7290002715504,false,ארוחת נודלס בטעם עוף מג`יק (70 גרם),נטו מלינדה סחר בעמ,,,יח`,0.70,100 גרם,false,1,5.50,7.86,false,1,
7290002715511,false,ארוחת נודלס בטעם בשר מג`יק (70 גרם),נטו מלינדה סחר בעמ,,,יח`,0.70,100 גרם,false,1,5.50,7.86,false,1,
7290002715528,false,ארוחת נודלס בטעם ירקות מג`יק (70 גרם),נטו מלינדה סחר בעמ,,,יח`,0.70,100 גרם,false,1,5.50,7.86,false,1,
7290002715580,false,מג`יק טעם סיני,נטו מלינדה סחר בעמ,,,יח`,0.70,100 גרם,false,1,5.50,7.86,false,1,
7290002730262,false,נוזל לניקוי כלים קלאסי פלמוליב (750 מל),ש.שסטוביץ בעמ,,,יח`,7.50,"100 מ""ל",false,1,13.90,1.85,true,1,
7290002752332,false,מנטוס גליל פירות,ליימן שליסל בעמ,,,יח`,0.3750,100 גרם,false,1,4,10.67,true,1,
7290002752349,false,מנטוס גליל טעם מנטה (37.5 גרם),ליימן שליסל בעמ,,,יח`,0.3750,100 גרם,false,1,4,10.67,true,1,
7290002757139,false,מלוואח 700 גר`שלושת האופים,נטו מלינדה סחר בעמ,,,יח`,7,100 גרם,false,1,16.90,2.41,true,1,
7290002757665,false,קבב מיזרחי 400 גר`,נטו מלינדה סחר בעמ,,,יח`,4,100 גרם,false,1,10.90,2.73,true,1,
7290002782131,false,דאודורנט מס 1,פנינה רוזנבלום בעמ,,,יח`,1.50,"100 מ""ל",false,1,25.90,17.27,false,1,
7290002787891,false,פילו מקלות תרד שלושת האופים 600 גר`,נטו מלינדה סחר בעמ,,,יח`,6,100 גרם,false,1,20.90,3.48,true,1,
7290002824183,false,קרם גבינה 5% סקי (500 גרם),שטראוס גרופ בעמ/מצונן,,,יח`,5,100 גרם,false,1,9.50,1.90,false,1,
7290002824466,false,יוגורט ביו 0% דנונה (200 גרם),שטראוס גרופ בעמ/מצונן,,,יח`,2,"100 מ""ל",false,1,3.70,1.85,false,1,
7290002824640,false,קרם גבינה 5% סקי (250 גרם),שטראוס גרופ בעמ/מצונן,,,יח`,2.50,100 גרם,false,1,4.97,1.99,false,1,
7290002825722,false,כרוב אדום במיונז אחלה (500 גרם),שטראוס גרופ בעמ/מצונן,,,יח`,5.75,100 גרם,false,1,15.60,2.71,true,1,
7290002830948,false,גבינת מון בלאן עיזים 120 גר`,נטו מלינדה סחר בעמ,,,יח`,1.20,100 גרם,false,1,14.20,11.83,true,1,
7290002868996,false,קוטג` 5% מועשר 250 גר`,החב` המרכזית - טרה,,,יח`,2.50,100 גרם,false,1,5.60,2.24,false,1,
7290002871248,false,בירה טובורג רד (500 מל),החברה המרכזית להפצת משקאות בעמ,,,יח`,5,"100 מ""ל",false,1,8.10,1.38,false,1,
7290002871361,false,בירה קרלסברג (500 מל),החברה המרכזית להפצת משקאות בעמ,,,יח`,5,"100 מ""ל",false,1,8.10,1.38,false,1,
7290002900566,false,פסטרמה ברביקיו דל שומן 360 גר` טירת צבי,תנובה קפואים,,,יח`,3.60,100 גרם,false,1,34.60,9.61,true,1,
7290002921240,false,שמפוזר קרבונה אדום,יעקב יעקבי ובניו בעמ,,,יח`,6.50,"100 מ""ל",false,1,25.90,3.98,false,1,
7290002929642,false,נתחי טונה בהירה בשמן ויליגר (140x4 גרם),נטו מלינדה סחר בעמ,,,יח`,4.60,100 גרם,false,1,21.90,4.76,false,1,
7290002971993,false,קמח כוסמין מלא ללא צורך בניפוי 1 קג שטיב,אבאל יזמות בעמ,,,יח`,10,100 גרם,false,1,14.90,1.49,false,1,
7290002972006,false,קמח בהיר(405) ללא צורך בניפוי ( 1 קג ),אבאל יזמות בעמ,,,יח`,1,"ק""ג",false,1,9.50,9.50,true,1,
7290002972365,false,קמח תופח ללא צורך בניפוי 1 קג שטיבל,אבאל יזמות בעמ,,,יח`,1,"ק""ג",false,1,8.90,8.90,true,1,
7290002972426,false,קמח מלא % 80 ללא צורך בניפוי 1 קג,אבאל יזמות בעמ,,,יח`,1,"ק""ג",false,1,9.50,9.50,true,1,
7290002973669,false,קמח שטיבל 2,אבאל יזמות בעמ,,,יח`,1,"ק""ג",false,1,9.50,9.50,true,1,
7290002973812,false,קמח כוסמין (80% 1 קג)ללא צורך בניפוי ש,אבאל יזמות בעמ,,,יח`,10,100 גרם,false,1,14.90,1.49,false,1,
7290002973829,false,קמח כוסמין לבן( 1 קג) ללא צורך ניפוי ש,אבאל יזמות בעמ,,,יח`,10,100 גרם,false,1,14.90,1.49,false,1,
7290002974239,false,קמח עוגות 1 קג שטיבל,אבאל יזמות בעמ,,,יח`,1,"ק""ג",false,1,9.50,9.50,true,1,
7290002974314,false,קמח פיצה 1 קג שטיבל,אבאל יזמות בעמ,,,יח`,1,"ק""ג",false,1,11.50,11.50,true,1,
7290002987963,false,חומוס אחלה 1 קג,שטראוס גרופ בעמ/מצונן,,,יח`,100,100 גרם,false,1,14.50,0.15,false,1,
7290003009183,false,סירופ דיאט 750 מל בטעם תפוחים פריגת,החברה המרכזית להפצת משקאות בעמ,,,יח`,7.50,"100 מ""ל",false,1,23.90,3.19,false,1,
7290003009312,false,בוטן קלוי קליית גת (200 גרם),ליימן שליסל בעמ,,,יח`,2,100 גרם,false,1,7.90,3.95,true,1,
7290003009336,false,קבוקים קליית גת (200 גרם),ליימן שליסל בעמ,,,יח`,2,100 גרם,false,1,6.90,3.45,true,1,
7290003011087,false,אורז בסמטי 1 קג` שקית כחולה דין שיווק,דין שיווק וקליה 2021 בעמ,,,יח`,1,"ק""ג",false,1,12.20,12.20,true,1,
7290003015627,false,ריצפז פרש 2 ליטר אפרסק,החברה הדרומית לשיווק בעמ,,,יח`,2,1 ליטר,false,1,20.90,10.45,true,1,
7290003026227,false,קמיל בלו סנסטיב אל דמע,פישר תעשיות פרמצבטיות בעמ,,,יח`,1,1 ליטר,false,1,34.90,34.90,true,1,
7290003029181,false,שוקו 2% בבקבוק יטבתה (1 ליטר),שטראוס גרופ בעמ/מצונן,,,יח`,1,1 ליטר,false,1,11.90,11.90,false,1,
7290003029372,false,משקה חלב בטעם בננה 2% יטבתה (1 ליטר,שטראוס גרופ בעמ/מצונן,,,יח`,1,1 ליטר,false,1,11.90,11.90,false,1,
7290003029389,false,שוקו בננה בקבוק,שטראוס גרופ בעמ/מצונן,,,יח`,2.50,"100 מ""ל",false,1,5.50,2.20,false,1,
7290003029433,false,שוקו 2% עם פקק ספורט יטבתה (250 מל),שטראוס גרופ בעמ/מצונן,,,יח`,2.50,"100 מ""ל",false,1,5.60,2.24,false,1,
7290003029532,false,משקה מוקה 2% יטבתה (1 ליטר),שטראוס גרופ בעמ/מצונן,,,יח`,1,1 ליטר,false,1,11.90,11.90,false,1,
7290003029792,false,שוקו 2% יטבתה (225x8 מל),שטראוס גרופ בעמ/מצונן,,,יח`,1.80,1 ליטר,false,1,19.90,11.06,false,1,
7290003029815,false,חלב מועשר 3% בכד יטבתה 2 ליטר,שטראוס גרופ בעמ/מצונן,,,יח`,20,"100 מ""ל",false,1,15.20,0.76,false,1,
7290003029907,false,משקה חלב אייס קפה 2% יטבתה (1 ליטר,שטראוס גרופ בעמ/מצונן,,,יח`,1,1 ליטר,false,1,11.90,11.90,false,1,
7290003054657,false,חרדל דיז`ון ריין דה דיז`ון (370 גרם),דיפלומט היינץ,,,יח`,3.70,100 גרם,false,1,13.20,3.57,false,1,
7290003072859,false,רוסטביף 120 גר` טירת צבי,תנובה קפואים,,,יח`,1.20,100 גרם,false,1,30.50,25.42,true,1,
7290003102136,false,צמר גפן קוטון סופט (100 גרם),אינטרסן 1996 בעמ,,,יח`,1,,false,1,6.50,6.50,false,1,
7290003102976,false,צימרוני אוזניים טוליפס) (200,אינטרסן 1996 בעמ,,,יח`,200,100 גרם,false,1,4.90,0.02,true,1,
7290003107247,false,שמרים יבשים 33 גר` שטיבל,אבאל יזמות בעמ,,,יח`,0.33,100 גרם,false,1,7.90,23.94,true,1,
7290003107315,false,סולת בשקית טחנת קמח דגן (1 קג),טחנות קמח דגן (2006) בעמ,,,יח`,1,"ק""ג",false,1,4.40,4.40,false,1,
7290003107346,false,קמח חיטה לבן בדץ טחנת קמח דגן (1 קג),טחנות קמח דגן (2006) בעמ,,,יח`,1,"ק""ג",false,1,4.40,4.40,true,1,
7290003121083,false,ארוחת נודלס בטעם בשר מג`יק (85 גרם),נטו מלינדה סחר בעמ,,,יח`,0.85,100 גרם,false,1,3.30,3.88,true,1,
7290003121090,false,ארוחת נודלס בטעם ירקות מג`יק (85 גרם),נטו מלינדה סחר בעמ,,,יח`,0.85,100 גרם,false,1,3.30,3.88,true,1,
7290003121106,false,ארוחת נודלס בטעם עוף מג`יק (85 גרם),נטו מלינדה סחר בעמ,,,יח`,0.85,100 גרם,false,1,3.30,3.88,true,1,
7290003126712,false,יוגורט עיזים 3.9% משק צוריאל (150 גרם),החב` המרכזית - טרה,,,יח`,1.50,"100 מ""ל",false,1,6.70,4.47,false,1,
7290003126958,false,טופו משק צוריאל (300 גרם),החב` המרכזית - טרה,,,יח`,3,100 גרם,false,1,12.70,4.23,true,1,
7290003141159,false,חטיפי מרשמלו יוגטה (180 גרם),ליימן שליסל בעמ,,,יח`,1.80,100 גרם,false,1,9.90,5.50,true,1,
7290003143146,false,ממרח תמרים קליית גת (450 גרם),ליימן שליסל בעמ,,,יח`,4.50,100 גרם,false,1,7.10,1.58,false,1,
7290003143337,false,סילאן טבעי קליית גת (350 גרם),ליימן שליסל בעמ,,,יח`,3.50,100 גרם,false,1,18.30,5.23,true,1,
7290003145959,false,פקאן טבעי 150 גר,ליימן שליסל בעמ,,,יח`,1.50,100 גרם,false,1,20.90,13.93,false,1,
7290003217052,false,פיתות כפריות קלות 5 יח`דגנית,דגנית עין בר תעשיות מזון ואפיה,,,יח`,5,100 גרם,false,1,6.30,1.26,false,1,
7290003224128,false,כיסוני תפוא 800 גר`קפוא מאמא מרי,מאמא - מרי בעמ,,,יח`,8,100 גרם,false,1,17.90,2.24,false,1,
7290003224135,false,כיסונים במילוי בשר 800 גר`קפוא מאמא מרי,מאמא - מרי בעמ,,,יח`,8,100 גרם,false,1,22.90,2.86,false,1,
7290003229123,false,פסטרמה גחלים 400 גר` טירת צבי,תנובה קפואים,,,יח`,4,100 גרם,false,1,34.60,8.65,true,1,
7290003229147,false,סלמי בסגנון איטלקי טירת צבי (300 גרם),תנובה קפואים,,,יח`,3,100 גרם,false,1,31.60,10.53,true,1,
7290003229154,false,סלמי קוניאק טירת צבי (300 גרם),תנובה קפואים,,,יח`,3,100 גרם,false,1,31.60,10.53,true,1,
7290003229192,false,כתף בקר מעושן 400 גר` טירת צבי,תנובה קפואים,,,יח`,4,100 גרם,false,1,37.70,9.43,true,1,
7290003229208,false,פסטרמה ספרדית 360 גר` 2% טירת צבי,תנובה קפואים,,,יח`,3.60,100 גרם,false,1,34.60,9.61,true,1,
7290003229222,false,סלמי תה משובח 300 גר` טירת צבי,תנובה קפואים,,,יח`,3,100 גרם,false,1,24.40,8.13,true,1,
7290003287253,false,מרגז ארוז 500 גר קצבייה,בלדי בעמ,,,יח`,5,100 גרם,false,1,28.90,5.78,false,1,
7290003287260,false,צ`וריסוס ארוז 600 גר קצביה,בלדי בעמ,,,יח`,6,100 גרם,false,1,28.90,4.82,false,1,
7290003321155,false,דנונה פרי בר פקאן,שטראוס גרופ בעמ/מצונן,,,יח`,1.75,"100 מ""ל",false,1,4.50,2.57,false,1,
7290003332007,false,קפה שחור עם הל נח`לה אדום (250 גרם),סובחי נחלה ובניו בעמ,,,יח`,2.50,100 גרם,false,1,15.20,6.08,false,1,
7290003332045,false,קפה שחור בלי הל נח`לה אדום (250 גרם),סובחי נחלה ובניו בעמ,,,יח`,2.50,100 גרם,false,1,15.20,6.08,false,1,
7290003401376,false,נטורל פורמולה קרם לחות,החברה הדרומית לשיווק בעמ,,,יח`,4,"100 מ""ל",false,1,23.40,5.85,true,1,
7290003411566,false,צמרוני עץ 200 יח`הנמל,הנמל אריזות ושיווק (1984) בעמ,,,יח`,1,,false,1,3.20,3.20,false,1,
7290003411696,false,מרקיות לבן 25 יח`הנמל,הנמל אריזות ושיווק (1984) בעמ,,,יח`,25,יח`,false,1,9.90,0.40,true,1,
7290003411726,false,קיסמים הנמל) (300,הנמל אריזות ושיווק (1984) בעמ,,,יח`,1,,false,1,5.40,5.40,false,1,
7290003427154,false,שמן זית כתית מעולה 750 מל זיתא,תה ויסוצקי (ישראל) בעמ,,,יח`,7.50,"100 מ""ל",false,1,29.90,3.99,true,1,
7290003438006,false,אוליביה ממרח פסטו איטלקי 180 גר`,תה ויסוצקי (ישראל) בעמ,,,יח`,1.90,100 גרם,false,1,14.90,7.84,true,1,
7290003438013,false,אוליביה ממרח זיתים ירוקים (190 גרם),תה ויסוצקי (ישראל) בעמ,,,יח`,1.90,100 גרם,false,1,14.90,7.84,true,1,
7290003438020,false,אוליביה ממרח עגבניות מיובשות (190 גרם),תה ויסוצקי (ישראל) בעמ,,,יח`,1.90,100 גרם,false,1,14.90,7.84,true,1,
7290003438709,false,אוליביה ממרח זיתים שחורים (190 גרם),תה ויסוצקי (ישראל) בעמ,,,יח`,1.90,100 גרם,false,1,14.90,7.84,true,1,
7290003450602,false,חרדל היינץ (255 גרם),דיפלומט היינץ,,,יח`,2.55,100 גרם,false,1,13.20,5.18,false,1,
7290003514007,false,שקדי מרק מנה (400 גרם),ש.שסטוביץ בעמ,,,יח`,4,100 גרם,false,1,11.20,2.80,false,1,
7290003521340,false,קמיל בלו 2 ליטר,פישר תעשיות פרמצבטיות בעמ,,,יח`,2,1 ליטר,false,1,43.80,21.90,false,1,
7290003550753,false,נתחי טונה בהירה בשמן פוסידון (108x4 גרם),נטו מלינדה סחר בעמ,,,יח`,4.32,100 גרם,false,1,22.90,5.30,true,1,
7290003578061,false,לבבות דקל שלמים וילי פוד (400 גרם),ג.וילי-פוד אינטרנשיונל בעמ,,,יח`,4,100 גרם,false,1,13.90,3.48,false,1,
7290003578108,false,חתיכות אננס בסירופ קל וילי פוד (850 גרם),ג.וילי-פוד אינטרנשיונל בעמ,,,יח`,8.20,100 גרם,false,1,9.90,1.21,false,1,
7290003578177,false,תירס צעיר שלם וילי פוד (410 גרם),ג.וילי-פוד אינטרנשיונל בעמ,,,יח`,4.10,100 גרם,false,1,7.50,1.83,false,1,
7290003578290,false,מקלוני אורז 300 גר`וילי פוד,ג.וילי-פוד אינטרנשיונל בעמ,,,יח`,3,100 גרם,false,1,6.90,2.30,false,1,
7290003598311,false,דק דק אנטריקוט 300 גר`קפוא פרוס מינוט,בלדי בעמ,,,יח`,3,100 גרם,false,1,34.90,11.63,true,1,
7290003643004,false,אורז בסמטי קלאסי סוגת (1 קג),סוגת תעשיות בעמ,,,יח`,1,"ק""ג",false,1,14.90,14.90,true,1,
7290003643387,false,סוכר לבן בצנצנת סוגת (1 קג),סוגת תעשיות בעמ,,,יח`,1,"ק""ג",false,1,8.90,8.90,false,1,
7290003643646,false,סוכר דמררה סוגת 1 קג,סוגת תעשיות בעמ,,,יח`,10,100 גרם,false,1,12.90,1.29,false,1,
7290003643684,false,אפונה סוגת (500 גרם),סוגת תעשיות בעמ,,,יח`,5,100 גרם,false,1,7.50,1.50,true,1,
7290003643707,false,גריסים סוגת (500 גרם),סוגת תעשיות בעמ,,,יח`,5,100 גרם,false,1,6.50,1.30,true,1,
7290003643714,false,חומוס סוגת (500 גרם),סוגת תעשיות בעמ,,,יח`,5,100 גרם,false,1,8.90,1.78,true,1,
7290003643738,false,חיטה סוגת (500 גרם),סוגת תעשיות בעמ,,,יח`,5,100 גרם,false,1,6.50,1.30,true,1,
7290003643745,false,כוסמת סוגת (500 גרם),סוגת תעשיות בעמ,,,יח`,5,100 גרם,false,1,8.90,1.78,true,1,
7290003643752,false,עדשים ירוקות סוגת (500 גרם),סוגת תעשיות בעמ,,,יח`,5,100 גרם,false,1,8.90,1.78,true,1,
7290003643769,false,עדשים אדומות סוגת (500 גרם),סוגת תעשיות בעמ,,,יח`,5,100 גרם,false,1,8.90,1.78,true,1,
7290003643776,false,פופקורן סוגת (500 גרם),סוגת תעשיות בעמ,,,יח`,5,100 גרם,false,1,7.50,1.50,true,1,
7290003643806,false,שעועית לבנה יבשה סוגת (500 גרם),סוגת תעשיות בעמ,,,יח`,5,100 גרם,false,1,13.90,2.78,true,1,
7290003643820,false,חומוס ענק סוגת (500 גרם),סוגת תעשיות בעמ,,,יח`,5,100 גרם,false,1,13.90,2.78,true,1,
7290003681303,false,שעועית מעורבת 500 גר`מיה,מיה תעשיות מזון מ.ת.מ. בעמ,,,יח`,5,100 גרם,false,1,13.20,2.64,false,1,
7290003681334,false,קוקוס מיה (400 גרם),מיה תעשיות מזון מ.ת.מ. בעמ,,,יח`,4,100 גרם,false,1,13.20,3.30,false,1,
7290003681693,false,חומוס לבן ענק מיה (500 גרם),מיה תעשיות מזון מ.ת.מ. בעמ,,,יח`,5,100 גרם,false,1,12.20,2.44,false,1,
7290003681716,false,גריסי פנינה מיה (500 גרם),מיה תעשיות מזון מ.ת.מ. בעמ,,,יח`,5,100 גרם,false,1,7.40,1.48,false,1,
7290003726141,false,טופו משק גאיה (300 גרם),מחלבות גד שיווק 1992 בעמ,,,יח`,3.20,100 גרם,false,1,12.90,4.03,false,1,
7290003726592,false,טופו ויילר 300 גר` בטע,שטראוס גרופ בעמ/מצונן,,,יח`,3,100 גרם,false,1,12.50,4.17,false,1,
7290003726615,false,טופו ויילר 300 גר`,שטראוס גרופ בעמ/מצונן,,,יח`,3,100 גרם,false,1,12.50,4.17,false,1,
7290003726622,false,טופו פיקנטי 300 גר,שטראוס גרופ בעמ/מצונן,,,יח`,3,100 גרם,false,1,13.90,4.63,false,1,
7290003726684,false,טופו ויילר 300 גר` טבעי חומוס,שטראוס גרופ בעמ/מצונן,,,יח`,3,100 גרם,false,1,14.90,4.97,true,1,
7290003726868,false,טופו חומוס בתוספת עגבניות מיובשות 300 גר,שטראוס גרופ בעמ/מצונן,,,יח`,3,100 גרם,false,1,13.90,4.63,true,1,
7290003726875,false,טופו חומוס בתוספת פסטו 300 גר,שטראוס גרופ בעמ/מצונן,,,יח`,3,100 גרם,false,1,13.90,4.63,true,1,
7290003779628,false,פלפל צילי אדום טרי,עומר יבולים בעמ*שיק ל 60 יום*,,,יח`,1,,false,1,10.20,10.20,false,1,
7290003781065,false,קורנישונים כבושום בחומץ 680 גר`וילי פוד,ג.וילי-פוד אינטרנשיונל בעמ,,,יח`,6.90,100 גרם,false,1,10.90,1.58,false,1,
7290003781652,false,צלפים 350 גר`,ג.וילי-פוד אינטרנשיונל בעמ,,,יח`,3.50,100 גרם,false,1,9.50,2.71,false,1,
7290003781850,false,קשקבל פרוסות 200 גר,ג.וילי-פוד אינטרנשיונל **גבינו,,,יח`,2,100 גרם,false,1,20.90,10.45,false,1,
7290003804252,false,תיבוליות הודי קנור (8 יח`- 72 גרם),יוניליוור ישראל שיווק בעמ,,,יח`,0.80,100 גרם,false,1,10.90,13.63,true,1,
7290003804320,false,תיבולית שום,יוניליוור ישראל שיווק בעמ,,,יח`,0.80,100 גרם,false,1,10.90,13.63,true,1,
7290003804382,false,תיבוליות פטריות קנור (8 יח`- 72 גרם),יוניליוור ישראל שיווק בעמ,,,יח`,0.72,100 גרם,false,1,10.90,15.14,true,1,
7290003807178,false,רוטב סויה סגנון סיני קנור (300 מל),יוניליוור ישראל שיווק בעמ,,,יח`,3,"100 מ""ל",false,1,13.90,4.63,true,1,
7290003864478,false,סרדינים בשמן צמחי וילי פוד (110 גרם),ג.וילי-פוד אינטרנשיונל בעמ,,,יח`,1.10,100 גרם,false,1,6.10,5.55,true,1,
7290003864485,false,סרדינים ברוטב עגבניות וילי פוד (110 גרם),ג.וילי-פוד אינטרנשיונל בעמ,,,יח`,1.10,100 גרם,false,1,6.10,5.55,true,1,
7290003864492,false,סרדין בשמן צמחי 110 גר`,ג.וילי-פוד אינטרנשיונל בעמ,,,יח`,1.10,100 גרם,false,1,6.10,5.55,true,1,
7290003882922,false,עלי גפן ממולאים באורז 400 גר`.,ג.וילי-פוד אינטרנשיונל בעמ,,,יח`,4,100 גרם,false,1,9.90,2.48,false,1,
7290003989096,false,חצילים פיקנטי אחלה (500 גרם),שטראוס גרופ בעמ/מצונן,,,יח`,5.75,100 גרם,false,1,16.60,2.89,true,1,
7290003989539,false,רביולי עם גבינה שטראוס (400 גרם),שטראוס גרופ בעמ/מצונן,,,יח`,4,100 גרם,false,1,21.70,5.43,true,1,
7290003989553,false,טורטליני פטריות 400 גר` שטראוס,שטראוס גרופ בעמ/מצונן,,,יח`,4,100 גרם,false,1,21.70,5.43,true,1,
7290004011284,false,בסיס להכנת קצפת צמחי ריץ` (212 מל),נטו מלינדה סחר בעמ,,,יח`,2.12,"100 מ""ל",false,1,10.10,4.76,true,1,
7290004011338,false,קצפת מתוקה מוכנה ספריי ריץ` (250 מל),נטו מלינדה סחר בעמ,,,יח`,2.50,"100 מ""ל",false,1,17.90,7.16,true,1,
7290004011345,false,קצפת 250 מל פרווה ארוסול,נטו מלינדה סחר בעמ,,,יח`,2.50,"100 מ""ל",false,1,17.90,7.16,true,1,
7290004011796,false,קבבונים אל גוצ`ו 400 גר`,נטו מלינדה סחר בעמ,,,יח`,4,100 גרם,false,1,23.40,5.85,true,1,
7290004011819,false,המבורגר ריב אנטריקוט אל גאוצ`ו 360 גר,נטו מלינדה סחר בעמ,,,יח`,3.60,100 גרם,false,1,24.40,6.78,true,1,
7290004011826,false,מיני המבורגר ריב אנטריקוט אל גאוצ`ו 320,נטו מלינדה סחר בעמ,,,יח`,3.20,100 גרם,false,1,24.40,7.63,true,1,
7290004023041,false,לחם שיפון מחמצת 750 גר`דר מרק,המאפה של דר מרק בריאות באפייה,,,יח`,5,100 גרם,false,1,13.90,2.78,false,1,
7290004030018,false,מיץ לימון 1/2 ליטר,תנובה - פריניב,,,יח`,5,"100 מ""ל",false,1,12.10,2.36,false,1,
7290004030445,false,סחוט 1 ליטר תפוזים פרי ניב,תנובה - פריניב,,,יח`,1,1 ליטר,false,1,14.90,14.90,false,1,
7290004030612,false,מיץ קיווי אגס 1 ליטר ללתס פריניב,תנובה - פריניב,,,יח`,1,1 ליטר,false,1,16.90,16.90,true,1,
7290004030834,false,מיץ רימונים 1 ליטר,תנובה - פריניב,,,יח`,1,1 ליטר,false,1,25.90,25.90,false,1,
7290004063016,false,מלח שולחן מעולה סלית (1 קג)פיקוח,סוגת תעשיות בעמ,,,יח`,1,"ק""ג",false,1,1.90,1.90,false,1,
7290004063115,false,מלח מטבח גס ארזינא (1 קג)פיקוח,סוגת תעשיות בעמ,,,יח`,1,"ק""ג",false,1,1.90,1.90,false,1,
7290004064099,false,מטחנה מלח מהרי ההימלאיה,סוגת תעשיות בעמ,,,יח`,2.50,100 גרם,false,1,17.90,7.16,true,1,
7290004064174,false,מלח ההימלאיה דק בצנצנת 1 קג`,סוגת תעשיות בעמ,,,יח`,1,"ק""ג",false,1,17.90,17.90,true,1,
7290004064181,false,מלח ההימלאיה גס בצנצנת 1 קג`,סוגת תעשיות בעמ,,,יח`,1,"ק""ג",false,1,16.90,16.90,false,1,
7290004064303,false,מלח אטלנטי בצנצנת 800 גר`מלח הארץ,סוגת תעשיות בעמ,,,יח`,8,100 גרם,false,1,19.90,2.49,false,1,
7290004064389,false,מלח הימלאיה דק מלחייה 250 גרם,סוגת תעשיות בעמ,,,יח`,2.50,100 גרם,false,1,12.90,5.16,true,1,
7290004068011,false,יוגורט כבשים 5% גד (600 גרם),מחלבות גד שיווק 1992 בעמ,,,יח`,6,100 גרם,false,1,18.90,3.15,false,1,
7290004068028,false,ציזיקי 500 מל,מחלבות גד שיווק 1992 בעמ,,,יח`,5,"100 מ""ל",false,1,10.90,2.18,false,1,
7290004068035,false,איירן 500 מל מדף,מחלבות גד שיווק 1992 בעמ,,,יח`,5,"100 מ""ל",false,1,8.90,1.78,false,1,
7290004068172,false,יוגורט עיזים 5% גד (600 גרם),מחלבות גד שיווק 1992 בעמ,,,יח`,6,100 גרם,false,1,18.90,3.15,false,1,
7290004091248,false,ג`ל פטרוליום וזלין (106 גרם),יוניליוור ישראל שיווק בעמ,,,יח`,1.06,"100 מ""ל",false,1,16.50,15.57,true,1,
7290004119225,false,יוגורט ביו 3% אננס יופלה (150 גרם),תנובה - חלב,,,יח`,1.50,"100 מ""ל",false,1,5.20,3.47,false,1,
7290004119928,false,מעדן חלב 3% בטעם וניל קרלו (125 גרם),תנובה - חלב,,,יח`,1.25,"100 מ""ל",false,1,2.90,2.32,false,1,
7290004119973,false,מעדן קרלו שוקו 125 גר`,תנובה - חלב,,,יח`,1.25,"100 מ""ל",false,1,2.90,2.32,false,1,
7290004120061,false,מעדן חלב 1.5% שוניל קרלו (125 גרם),תנובה - חלב,,,יח`,1.25,"100 מ""ל",false,1,3,2.40,false,1,
7290004120108,false,דיאט יופלה דובדבן,תנובה - חלב,,,יח`,1.50,"100 מ""ל",false,1,5.20,3.47,false,1,
7290004120566,false,גבינה בולגרית (25024% גרם)פיראוס תנובה,תנובה - חלב,,,יח`,2.50,100 גרם,false,1,22.90,9.16,false,1,
7290004120573,false,גבינה בולגרית (25016% גרם)פיראוס תנובה,תנובה - חלב,,,יח`,2.50,100 גרם,false,1,23.90,9.56,false,1,
7290004120634,false,גבינה בולגרית (2505% גרם)פיראוס תנובה,תנובה - חלב,,,יח`,2.50,100 גרם,false,1,21.90,8.76,false,1,
7290004120832,false,חלב 3% מהדרין תנובה (2 ליטר)פי,תנובה - חלב,,,יח`,2,1 ליטר,false,1,12.46,6.23,false,1,
7290004121488,false,יוגורט ביו דיאט 0% אפרסק יופלה (150 גרם),תנובה - חלב,,,יח`,1.50,"100 מ""ל",false,1,5.20,3.47,false,1,
7290004121754,false,יופלה עוגת גבינה ותות 3%,תנובה - חלב,,,יח`,1.50,"100 מ""ל",false,1,5.20,3.47,false,1,
7290004121839,false,גבינת פטה כבשים (25020% גרם)פיראוס בול,תנובה - חלב,,,יח`,2.50,100 גרם,false,1,27.90,11.16,false,1,
7290004121853,false,גבינה בולגרית קוביות (2005% גרם)פיראוס,תנובה - חלב,,,יח`,2,100 גרם,false,1,22.90,11.45,false,1,
7290004122119,false,פתיתי פרמז`ן השף הלבן (100 גרם),תנובה - חלב,,,יח`,1,100 גרם,false,1,13.50,13.50,false,1,
7290004122195,false,גוש חלב פרוס,תנובה - חלב,,,יח`,2,100 גרם,false,1,14.50,7.25,false,1,
7290004122270,false,גבינה צהובה קלאסית 28% עמק (200 גרם),תנובה - חלב,,,יח`,2,100 גרם,false,1,16.10,8.05,false,1,
7290004122348,false,גבינה צהובה מופחתת שומן 9% עמק (200 גרם),תנובה - חלב,,,יח`,2,100 גרם,false,1,16.90,8.45,false,1,
7290004122676,false,גבינה חמד לייט (2505% גרם)פיראוס תנובה,תנובה - חלב,,,יח`,2.50,100 גרם,false,1,17.90,7.16,false,1,
7290004122683,false,אצבעות עמק,תנובה - חלב,,,יח`,1.72,100 גרם,false,1,16.80,9.77,false,1,
7290004124175,false,יוגורט LGG 1.5%,תנובה - חלב,,,יח`,1.50,"100 מ""ל",false,1,2.30,1.53,false,1,
7290004124205,false,יוגורט ביו דיאט 0% תות יופלה (150 גרם),תנובה - חלב,,,יח`,1.50,"100 מ""ל",false,1,5.20,3.47,false,1,
7290004125370,false,שמנת 9%,תנובה - חלב,,,יח`,2,"100 מ""ל",false,1,3.70,1.85,false,1,
7290004125400,false,אשל 4.5% מהדרין תנובה (200 מל)פיקוח,תנובה - חלב,,,יח`,2,"100 מ""ל",false,1,1.69,0.85,false,1,
7290004125455,false,שמנת חמוצה 15% מהדרין תנובה (200 מל),תנובה - חלב,,,יח`,2,"100 מ""ל",false,1,2.40,1.20,false,1,
7290004125462,false,שמנת חמוצה 15% תנובה (500 מל),תנובה - חלב,,,יח`,5,"100 מ""ל",false,1,6,1.20,false,1,
7290004125509,false,שמנת חמוצה 15% תנובה (100 מל),תנובה - חלב,,,יח`,1,"100 מ""ל",false,1,1.70,1.70,false,1,
7290004125578,false,משקה סויה מועשר תנובה (1 ליטר),תנובה - חלב,,,יח`,1,1 ליטר,false,1,10.90,10.90,false,1,
7290004125585,false,משקה סויה 1 ליטר וניל על הבוקר,תנובה - חלב,,,יח`,1,1 ליטר,false,1,10.90,10.90,false,1,
7290004125721,false,שמנת עמידה לבישול 15% השף הלבן (250 מל),תנובה - חלב,,,יח`,2.50,"100 מ""ל",false,1,8.20,3.28,false,1,
7290004125738,false,השף הלבן שמנת להקצפה 250,תנובה - חלב,,,יח`,2.50,"100 מ""ל",false,1,6.70,2.68,false,1,
7290004125776,false,גבינה צהובה קלאסית 28% עמק (400 גרם),תנובה - חלב,,,יח`,4,100 גרם,false,1,29.20,7.30,false,1,
7290004126674,false,טל העמק לייט,תנובה - חלב,,,יח`,2,100 גרם,false,1,18.90,9.45,false,1,
7290004126759,false,יופלה דיאט פירות יער,תנובה - חלב,,,יח`,1.50,"100 מ""ל",false,1,5.20,3.47,false,1,
7290004126872,false,משקה שוק שוקו 250 מל,תנובה - חלב,,,יח`,2.50,"100 מ""ל",false,1,5.90,2.36,false,1,
7290004127077,false,גבינת קוטג`3% תנובה (250 גרם),תנובה - חלב,,,יח`,2.50,100 גרם,false,1,5.70,2.28,false,1,
7290004127329,false,גבינת קוטג`5% תנובה (250 גרם),תנובה - חלב,,,יח`,2.50,100 גרם,false,1,5.70,2.28,false,1,
7290004127336,false,גבינת קוטג`9% תנובה (250 גרם),תנובה - חלב,,,יח`,2.50,100 גרם,false,1,5.50,2.20,false,1,
7290004127800,false,גבינה לבנה 5% תנובה (500 גרם)פיק,תנובה - חלב,,,יח`,5,100 גרם,false,1,9.96,1.99,false,1,
7290004127817,false,גבינה לבנה 9% תנובה (500 גרם),תנובה - חלב,,,יח`,5,100 גרם,false,1,9.50,1.90,false,1,
7290004127862,false,גבינה לבנה 5% תנובה (750 גרם),תנובה - חלב,,,יח`,7.50,100 גרם,false,1,14.94,1.99,false,1,
7290004127916,false,גבינה לבנה 0.5% תנובה (500 גרם),תנובה - חלב,,,יח`,5,100 גרם,false,1,9.50,1.90,false,1,
7290004128340,false,גבינת שמנת 5% 200 גר`,תנובה - חלב,,,יח`,2,100 גרם,false,1,11.50,5.75,false,1,
7290004128364,false,גבינת שמנת 5% זיתים 200 גר`,תנובה - חלב,,,יח`,2,100 גרם,false,1,11.50,5.75,false,1,
7290004129101,false,גבינת נפוליאון 225 גר`טבעי גביע,תנובה - חלב,,,יח`,2.25,100 גרם,false,1,14.90,6.62,false,1,
7290004129156,false,גבינת נפוליאון 225 גר`שום שמיר גביע,תנובה - חלב,,,יח`,2.25,100 גרם,false,1,14.90,6.62,false,1,
7290004129767,false,יופלה לבן שמינייה 3%,תנובה - חלב,,,יח`,12,"100 מ""ל",false,1,17.90,1.49,false,1,
7290004130794,false,משקה סויה במתיקות מופחתת תנובה (1 ליטר),תנובה - חלב,,,יח`,1,1 ליטר,false,1,10.90,10.90,false,1,
7290004130916,false,יופלה שמנת עם פירות יער,תנובה - חלב,,,יח`,1.50,"100 מ""ל",false,1,5.20,3.47,false,1,
7290004131074,false,חלב 3% מהדרין תנובה (1 ליטר),תנובה - חלב,,,יח`,1,1 ליטר,false,1,6.23,6.23,false,1,
7290004131432,false,יופלה-קרם יוגורט 3%,תנובה - חלב,,,יח`,2,"100 מ""ל",false,1,3.90,1.95,false,1,
7290004131456,false,יופלה-קרם יוגורט 1.5%,תנובה - חלב,,,יח`,2,"100 מ""ל",false,1,3.90,1.95,false,1,
7290004131814,false,גבינת צפתית מעודנת (2005% גרם)פיראוס ת,תנובה - חלב,,,יח`,2,100 גרם,false,1,15.90,7.95,false,1,
7290004131845,false,לאבנה גביע 9% 750 גר`פיראוס תנובה,תנובה - חלב,,,יח`,7.50,100 גרם,false,1,26.90,3.59,false,1,
7290004132552,false,משקה סויה 1 ליטר דיא,תנובה - חלב,,,יח`,1,1 ליטר,false,1,10.90,10.90,false,1,
7290004132712,false,אצבעות עמק,תנובה - חלב,,,יח`,1.74,100 גרם,false,1,16.90,9.71,false,1,
7290004132903,false,גבינה לבנה 250 גר`3%,תנובה - חלב,,,יח`,2.50,100 גרם,false,1,4.70,1.88,false,1,
7290004133511,false,מאגדת שמינייה יופלה,תנובה - חלב,,,יח`,1.20,1 ליטר,false,1,20.90,17.42,false,1,
7290004134945,false,יוגורט ביו 3% בטעם מוקה יופלה (150 גרם),תנובה - חלב,,,יח`,1.50,"100 מ""ל",false,1,5.20,3.47,false,1,
7290004135225,false,מעדן בטעם שוקולד 0% תנובה (150 גרם),תנובה - חלב,,,יח`,1.50,"100 מ""ל",false,1,4,2.67,false,1,
7290004135614,false,גבינה בולגרית מעודנת (2505% גרם)פיראוס,תנובה - חלב,,,יח`,2.50,100 גרם,false,1,22.90,9.16,false,1,
7290004136598,false,מארז הפסקת אוכל חלבי+ קורנפלקס,תנובה - חלב,,,יח`,1.50,"100 מ""ל",false,1,9.90,6.60,false,1,
7290004136857,false,מעדן ג`לי בטעם פטל תנובה (125 גרם),תנובה - חלב,,,יח`,1.25,"100 מ""ל",false,1,2.40,1.92,false,1,
7290004136864,false,ג`לי אננס+חתיכות,תנובה - חלב,,,יח`,1.25,"100 מ""ל",false,1,2.70,2.16,false,1,
7290004136871,false,ג`לי אפרסק+חתיכות,תנובה - חלב,,,יח`,1.25,"100 מ""ל",false,1,2.70,2.16,false,1,
7290004137021,false,שמנת עמידה לבישול 10% השף הלבן (250 מל),תנובה - חלב,,,יח`,2.50,"100 מ""ל",false,1,8.20,3.28,false,1,
7290004137311,false,גבינה צהובה מופחתת שומן 9% עמק (400 גרם),תנובה - חלב,,,יח`,4,100 גרם,false,1,30.80,7.70,false,1,
7290004137809,false,לאבנה אסלית 5% גביע (250 גרם)פיראוס תנו,תנובה - חלב,,,יח`,2.50,100 גרם,false,1,13.50,5.40,false,1,
7290004150112,false,חומוס ומזרחי פיקנטי פרימיום 300 גר`,סלטי שמיר 2006 בעמ,,,יח`,3,100 גרם,false,1,15.90,5.30,false,1,
7290004150136,false,חציל על האש פיקנטי פרימיום 300 גר`,סלטי שמיר 2006 בעמ,,,יח`,3,100 גרם,false,1,15.90,5.30,false,1,
7290004150167,false,תפוא במיונז פיקנטי פרימיום 300 גר`,סלטי שמיר 2006 בעמ,,,יח`,3,100 גרם,false,1,15.90,5.30,false,1,
7290004150198,false,סלק מגורד פיקנטי פרימיום 300 גר`,סלטי שמיר 2006 בעמ,,,יח`,3,100 גרם,false,1,15.90,5.30,false,1,
7290004150211,false,תורכי איסטנבול פיקנטי פרימיום 300 גר`,סלטי שמיר 2006 בעמ,,,יח`,3,100 גרם,false,1,15.90,5.30,false,1,
7290004150228,false,כרוב אדום פיקנטי פרימיום 300 גר`,סלטי שמיר 2006 בעמ,,,יח`,3,100 גרם,false,1,15.90,5.30,false,1,
7290004150235,false,חומוס חריף פיקנטי פרימיום 300 גר`,סלטי שמיר 2006 בעמ,,,יח`,3,100 גרם,false,1,15.90,5.30,false,1,
7290004199203,false,קיסמי שיניים במבוק מלחיה לב הוסטס (300),אינטרסן 1996 בעמ,,,יח`,1,,false,1,4.50,4.50,true,1,
7290004199579,false,פלסטר סאני (100),אינטרסן 1996 בעמ,,,יח`,100,יח`,false,1,10.90,0.11,true,1,
7290004199777,false,צימרוני אוזניים טוליפס (300),אינטרסן 1996 בעמ,,,יח`,1,,false,1,8.90,8.90,true,1,
7290004219826,false,מלבין קפה הולנדי 400 גר`,ג.וילי-פוד אינטרנשיונל בעמ,,,יח`,4,100 גרם,false,1,20.90,5.23,false,1,
7290004225285,false,גבינה בסגנון דנאבלו 100 גר,נטו מלינדה סחר בעמ,,,יח`,1,100 גרם,false,1,14.20,14.20,true,1,
7290004255428,false,נר נשמה בפחית 24 שעות מנורה,אבאל יזמות בעמ,,,יח`,1,,false,1,2,2,false,1,
7290004255619,false,נר חימום מנורה שי נר) (100,אבאל יזמות בעמ,,,יח`,1,,false,1,22.90,22.90,true,1,
7290004256371,false,צהובה ריץ פרוסה 400 גר`,נטו מלינדה סחר בעמ,,,יח`,4,100 גרם,false,1,20.90,5.23,false,1,
7290004324605,false,מון בלאן רוקפור 120 גר`,נטו מלינדה סחר בעמ,,,יח`,1.20,100 גרם,false,1,16.30,13.58,true,1,
7290004494148,false,מרלו 750 מל D דלתון,הכרם - משקאות חריפים בעמ,,,יח`,7.50,"100 מ""ל",false,1,65.90,8.75,true,1,
7290004494315,false,דלתון מוסקטו 750 מל,הכרם - משקאות חריפים בעמ,,,יח`,7.50,"100 מ""ל",false,1,49.90,6.61,true,1,
7290004494919,false,יין קברנה שיראז דלתון (750 מל),הכרם - משקאות חריפים בעמ,,,יח`,7.50,"100 מ""ל",false,1,50.90,6.75,true,1,
7290004544546,false,שליש בגט ללא גלוטן 4 יח,מאפיית אריאל בעמ,,,יח`,1,,false,1,18.90,18.90,false,1,
7290004544553,false,לחמניה המבורגר ללא גלוטן 4 יח`,מאפיית אריאל בעמ,,,יח`,1,,false,1,19.90,19.90,false,1,
7290004584351,false,גבינת במרקם שמנת 5% סימפוניה 200 גר (200,שטראוס גרופ בעמ/מצונן,,,יח`,2,100 גרם,false,1,12.20,6.10,false,1,
7290004584528,false,יוגורט ביו 1.7% דנונה (200 גרם),שטראוס גרופ בעמ/מצונן,,,יח`,2,"100 מ""ל",false,1,3.70,1.85,false,1,
7290004585907,false,דני וניל בודד,שטראוס גרופ בעמ/מצונן,,,יח`,1.30,"100 מ""ל",false,1,2.70,2.08,false,1,
7290004685010,false,שיפון פלוס לחם הארץ (500 גרם),י.את א. ברמן בעמ,,,יח`,5,100 גרם,false,1,16.20,3.24,false,1,
7290004685089,false,לחם חמניות ברמן,י.את א. ברמן בעמ,,,יח`,1,,false,1,16.20,16.20,false,1,
7290004685126,false,לחם 5 דגנים פרוס לחם הארץ (750 גרם),י.את א. ברמן בעמ,,,יח`,7.50,100 גרם,false,1,16.20,2.16,false,1,
7290004685157,false,לחם שיפון 100% פרוס לחם הארץ (750 גרם),י.את א. ברמן בעמ,,,יח`,7.50,100 גרם,false,1,16.20,2.16,false,1,
7290004685225,false,לחם פומפרניקל פרוס לחם הארץ (750 גרם),י.את א. ברמן בעמ,,,יח`,7.50,100 גרם,false,1,16.20,2.16,false,1,
7290004685430,false,100% לחם כומסין 500 גר לחם הארץ,י.את א. ברמן בעמ,,,יח`,5,100 גרם,false,1,16.20,3.24,false,1,
7290004685447,false,לחמניות כוסמין 6 יח בשקית מלא 450 גר`E,י.את א. ברמן בעמ,,,יח`,4.50,100 גרם,false,1,15.90,3.53,true,1,
7290004685478,false,פיתות כוסמין 10 בשקית,י.את א. ברמן בעמ,,,יח`,5.50,100 גרם,false,1,16.90,3.07,false,1,
7290004731076,false,אל סבון נוזלי אלוורה כיף (1 ליטר),החברה הדרומית לשיווק בעמ,,,יח`,1,1 ליטר,false,1,15.20,15.20,true,1,
7290004731083,false,אל סבון נוזלי ג`ינסנג כיף (1 ליטר),החברה הדרומית לשיווק בעמ,,,יח`,1,1 ליטר,false,1,15.20,15.20,true,1,
7290004731090,false,אל סבון נוזלי קמומיל כיף (1 ליטר),החברה הדרומית לשיווק בעמ,,,יח`,1,1 ליטר,false,1,15.20,15.20,true,1,
7290004731472,false,כיף אלסבון שלישיה,החברה הדרומית לשיווק בעמ,,,יח`,1.50,1 ליטר,false,1,21.90,14.60,true,1,
7290004731519,false,סנו מקסימה למייבש 750 מל,החברה הדרומית לשיווק בעמ,,,יח`,7.50,"100 מ""ל",false,1,18.90,2.52,true,1,
7290004737719,false,אספרגוס שלם בצנצנת 330 גר`,ג.וילי-פוד אינטרנשיונל בעמ,,,יח`,3.30,100 גרם,false,1,10.90,3.30,false,1,
7290004737900,false,חלב מרוכז הולנדי וילי פוד (397 גרם),ג.וילי-פוד אינטרנשיונל בעמ,,,יח`,3.97,100 גרם,false,1,10.90,2.75,false,1,
7290004982355,false,צ`דר טריפל- מעדנייה,א. סיימן סחר בעמ,,,"ק""ג",10,100 גרם,true,1,129,12.90,false,1,
7290005079290,false,גבנצ 15% נעם חריץ מעדנייה,החב` המרכזית - טרה,,,"ק""ג",10,100 גרם,true,1,68,6.80,false,1,
7290005084355,false,משחת שיניים דואל קר סנסודיין (75 מל),גורי ע.ע.ע בעמ,,,יח`,0.75,100 גרם,false,1,22.90,30.53,true,1,
7290005095658,false,שלווה בטעמים 150 גר`,ציון תורג`מן בעמ,,,יח`,1.50,100 גרם,false,1,9.40,6.27,true,1,
7290005095702,false,שלווה בדבש 210 גר`,ציון תורג`מן בעמ,,,יח`,2.10,100 גרם,false,1,9.40,4.48,true,1,
7290005095719,false,שלווה טבעי 140 גר`,ציון תורג`מן בעמ,,,יח`,1.40,100 גרם,false,1,9.40,6.71,true,1,
7290005095801,false,עמבה 500 גר`תמר,ציון תורג`מן בעמ,,,יח`,5,100 גרם,false,1,17.60,3.52,false,1,
7290005174513,false,חצילים במיונז אחלה (500 גרם),שטראוס גרופ בעמ/מצונן,,,יח`,5,100 גרם,false,1,16.20,3.24,true,1,
7290005174551,false,חומוס אחלה (125 גרם),שטראוס גרופ בעמ/מצונן,,,יח`,1.25,100 גרם,false,1,5.10,4.08,false,1,
7290005174568,false,חצילים אחלה יום יום 125 גר`,שטראוס גרופ בעמ/מצונן,,,יח`,1.25,100 גרם,false,1,5.10,4.08,false,1,
7290005174575,false,טחינה אחלה (125 גרם),שטראוס גרופ בעמ/מצונן,,,יח`,1.25,100 גרם,false,1,5,4,false,1,
7290005200786,false,תפוצ`יפס 50 גר שמנת בצל,שטראוס פריטו ליי בעמ,,,יח`,0.50,100 גרם,false,1,4,8,false,1,
7290005201455,false,קפה נמס ארומה קלאסי עלית (200 גרם),שטראוס גרופ בעמ,,,יח`,2,100 גרם,false,1,27.50,13.75,true,1,
7290005230059,false,צלחת מרק לבנה 25 יח`פאלאס,פאלאס תעשיות נטו (2014) בעמ,,,יח`,25,100 גרם,false,1,9.90,0.40,false,1,
7290005230769,false,צלחת גדולה לבן 50 יח פאלאס,פאלאס תעשיות נטו (2014) בעמ,,,יח`,1,,false,1,16.90,16.90,true,1,
7290005230806,false,כוסות לשתיה קרה 100/180,פאלאס תעשיות נטו (2014) בעמ,,,יח`,1,,false,1,9.90,9.90,true,1,
7290005287015,false,טונה סטארקיסט בשמן 160גר-`בדצ,סטארקיסט דיפלומט היינץ,,,יח`,1.60,100 גרם,false,1,8.70,5.44,false,1,
7290005287206,false,טונה סטאריקיסט בשמן 160 גר`רביעייה,סטארקיסט דיפלומט היינץ,,,יח`,6.40,100 גרם,false,1,25.90,4.05,true,1,
7290005287251,false,טונה סטארקיסט במים 160 גר`רביעייה,סטארקיסט דיפלומט היינץ,,,יח`,6.40,100 גרם,false,1,25.90,4.05,true,1,
7290005287527,false,ס.ק בשמן עם לימון פ.ק 160 גרם בי,סטארקיסט דיפלומט היינץ,,,יח`,1.60,100 גרם,false,1,9.90,6.19,false,1,
7290005326523,false,אוליביה פסטו פטרוזיליה ונענע (180 גרם),תה ויסוצקי (ישראל) בעמ,,,יח`,1.80,100 גרם,false,1,14.90,8.28,true,1,
7290005423499,false,תרסיס לניקוי משטחי נירוסטה סנו (500 מל),החברה הדרומית לשיווק בעמ,,,יח`,5,"100 מ""ל",false,1,20.90,4.18,true,1,
7290005423567,false,מטליות לניקוי בגליל צהוב סנו סושי (40),החברה הדרומית לשיווק בעמ,,,יח`,1,,false,1,20.90,20.90,true,1,
7290005423635,false,דוחה חרקים 2 ליטר,החברה הדרומית לשיווק בעמ,,,יח`,2,1 ליטר,false,1,24.40,12.20,true,1,
7290005423734,false,סנו מקסימה4 ליטר תכלת,החברה הדרומית לשיווק בעמ,,,יח`,4,1 ליטר,false,1,22.40,5.60,true,1,
7290005424021,false,ריפרש מנטרל ריחות פרש הום 350 מל,החברה הדרומית לשיווק בעמ,,,יח`,3.50,"100 מ""ל",false,1,16.90,4.83,true,1,
7290005424403,false,אל סבון נוזלי כיף (1 ליטר),החברה הדרומית לשיווק בעמ,,,יח`,1,1 ליטר,false,1,15.20,15.20,true,1,
7290005424700,false,מתז פורטה פלוס 1 ליטר XL סנו,החברה הדרומית לשיווק בעמ,,,יח`,10,"100 מ""ל",false,1,18.90,1.89,true,1,
7290005424755,false,ריזצפז פלוס מטליות לחות לניקוי רצפות -דו,החברה הדרומית לשיווק בעמ,,,יח`,1,,false,1,15.90,15.90,true,1,
7290005424847,false,מפיות נייר סנו סושי (150),החברה הדרומית לשיווק בעמ,,,יח`,150,יח`,false,1,8.90,0.06,true,1,
7290005424991,false,פרש אוטומטיק בהתזה קצובה בניחוחח בייבי פ,החברה הדרומית לשיווק בעמ,,,יח`,2.50,"100 מ""ל",false,1,14.90,5.96,false,1,
7290005425110,false,מרסס לחיטוי משטחים 99.9% 750 מל סנו,החברה הדרומית לשיווק בעמ,,,יח`,7.50,"100 מ""ל",false,1,15.90,2.12,true,1,
7290005425127,false,מרסס מנקה שומנים ואבנית 99.9% 750 מל סנ,החברה הדרומית לשיווק בעמ,,,יח`,7.50,"100 מ""ל",false,1,15.90,2.12,true,1,
7290005425196,false,א.כביסה סנו מקסימה 2.5 קג`,החברה הדרומית לשיווק בעמ,,,יח`,2.50,"ק""ג",false,1,25.90,10.36,true,1,
7290005425646,false,קליר נוזל לניקוי רב תכליתי סנו (1 ליטר),החברה הדרומית לשיווק בעמ,,,יח`,1,1 ליטר,false,1,12.90,12.90,true,1,
7290005426193,false,ספוגית הפלא סנו סושי (6),החברה הדרומית לשיווק בעמ,,,יח`,1,,false,1,13.90,13.90,true,1,
7290005427107,false,מגבת הפלא סנו סושי (6),החברה הדרומית לשיווק בעמ,,,יח`,5.70,100 גרם,false,1,13.90,2.44,true,1,
7290005428852,false,מגבוני טישו צבעוני סנו) (100x5,החברה הדרומית לשיווק בעמ,,,יח`,6.50,100 גרם,false,1,12.90,1.98,false,1,
7290005430480,false,מטלית הפלא מיקרופייבר סנו סושי,החברה הדרומית לשיווק בעמ,,,יח`,1,,false,1,7.90,7.90,true,1,
7290005430602,false,סנו אוקסיג`ן מרסס מסיר כתמים,החברה הדרומית לשיווק בעמ,,,יח`,7.50,"100 מ""ל",false,1,19.90,2.65,true,1,
7290005431883,false,מלבי חלבי 165 גר`עדן קינוחים,תנובה - חלב,,,יח`,1.65,"100 מ""ל",false,1,7.20,4.36,false,1,
7290005431913,false,עוגת גבינה פרורים 92 גר`עדן קינוחים,תנובה - חלב,,,יח`,0.92,100 גרם,false,1,7.20,7.83,false,1,
7290005431968,false,מלבי שמנת 150 גר`תנובה,תנובה - חלב,,,יח`,1.50,"100 מ""ל",false,1,7.50,5,false,1,
7290005559907,false,פיצה משפחתית גבינה מעדנות (500 גרם),תנובה קפואים,,,יח`,5,100 גרם,false,1,27.50,5.50,false,1,
7290005559914,false,פיצה משפחתית זיתים מעדנות (550 גרם),תנובה קפואים,,,יח`,5.50,100 גרם,false,1,27.50,5,false,1,
7290005559990,false,בצק פילאס תורכי מעדנות (600 גרם),תנובה קפואים,,,יח`,6,100 גרם,false,1,25.40,4.23,false,1,
7290005591761,false,דבש לחיץ 400 גר` יד מרדכי,שטראוס גרופ בעמ,,,יח`,4,100 גרם,false,1,21.90,5.48,true,1,
7290005610509,false,צנונית ארוזה,תוצרת הנגב אגודה שיתופית חקלאי,,,יח`,1,,false,1,6.90,6.90,true,1,
7290005678073,false,פלפל צ`ילי,עומר יבולים בעמ*שיק ל 60 יום*,,,"ק""ג",1,,true,1,13.90,13.90,false,1,
7290005838002,false,דניאלה מעדן בטעם וניל שטראוס (88 גרם),שטראוס גרופ בעמ/מצונן,,,יח`,1.50,"100 מ""ל",false,1,4,2.67,false,1,
7290005838613,false,קרם גבינה 3% בטעם וניל סקי (125 גרם),שטראוס גרופ בעמ/מצונן,,,יח`,1.25,100 גרם,false,1,3.80,3.04,true,1,
7290005838972,false,קרם גבינה 5% סקי (125 גרם),שטראוס גרופ בעמ/מצונן,,,יח`,1.25,100 גרם,false,1,3.10,2.48,false,1,
7290005839078,false,יוגורט ביו 3% דנונה (150x8 גרם),שטראוס גרופ בעמ/מצונן,,,יח`,1.20,1 ליטר,false,1,17.50,14.58,false,1,
7290005839108,false,סימפוניה 200 גר +5%זיתים,שטראוס גרופ בעמ/מצונן,,,יח`,2,100 גרם,false,1,12.20,6.10,false,1,
7290005839313,false,מילקי טופ מגולגלת,שטראוס גרופ בעמ/מצונן,,,יח`,1.30,"100 מ""ל",false,1,4.90,3.77,false,1,
7290005896453,false,מכבי חוזר 7.9 500 מל בקבוק,טמפו משקאות בעמ,,,יח`,5,"100 מ""ל",false,1,8.50,1.46,false,1,
7290005896637,false,סן בנדטו 1.5 ליטר בודד,טמפו משקאות בעמ,,,יח`,1.50,1 ליטר,false,1,4.40,2.73,false,1,
7290005938245,false,ממרח פסטו קלאסי 220,נטו מלינדה סחר בעמ,,,יח`,1.90,100 גרם,false,1,20.30,10.68,false,1,
7290005992018,false,יוגורט עיזים 3% לשתיה גד (500 מל),מחלבות גד שיווק 1992 בעמ,,,יח`,5,"100 מ""ל",false,1,14.90,2.98,false,1,
7290005992575,false,גבינה בולגרית למריחה 5% גד (250 גרם),מחלבות גד שיווק 1992 בעמ,,,יח`,2.50,100 גרם,false,1,17.90,7.16,false,1,
7290005992735,false,לאבנה 5% גד (250 גרם),מחלבות גד שיווק 1992 בעמ,,,יח`,2.50,100 גרם,false,1,12.90,5.16,false,1,
7290005996221,false,פסטרמה של פעם דק דק (120 גר`)יחיעם,מעדני יחיעם (1993) בעמ,,,יח`,1.20,100 גרם,false,1,11.20,9.33,false,1,
7290005996238,false,פסטרמה בדבש דק דק (120 גר`)יחיעם,מעדני יחיעם (1993) בעמ,,,יח`,1.20,100 גרם,false,1,11.20,9.33,false,1,
7290005996276,false,פסטרמה ברביקין דק דק (120 גר`)יחיעם,מעדני יחיעם (1993) בעמ,,,יח`,1.20,100 גרם,false,1,11.20,9.33,false,1,
7290006199218,false,מאגדת מצופה דיאט שמינייה,פלקו בעמ,,,יח`,6.40,100 גרם,false,1,31.90,4.98,false,1,
7290006229427,false,מים מינרלים סאן בנדטו (500x6 מל),טמפו משקאות בעמ,,,יח`,3,1 ליטר,false,1,15,4.40,true,1,
7290006241153,false,אגוזי פקאן סיניים קליית גת (150 גרם),ליימן שליסל בעמ,,,יח`,1.50,100 גרם,false,1,17.90,11.93,false,1,
7290006241191,false,אגוזי מלך טבעיים קליית גת (150 גרם),ליימן שליסל בעמ,,,יח`,1.50,100 גרם,false,1,17.90,11.93,true,1,
7290006241214,false,שקדים טבעיים קליית גת (200 גרם),ליימן שליסל בעמ,,,יח`,2,100 גרם,false,1,17.90,8.95,true,1,
7290006241504,false,פריגת קפוא תפוזים 280 מל,החב` המרכזית - טרה,,,יח`,2.80,"100 מ""ל",false,1,15.60,5.57,true,1,
7290006251107,false,תה צ`אי מסאלה ויסוצקי) (25,תה ויסוצקי (ישראל) בעמ,,,יח`,0.50,100 גרם,false,1,17.90,35.80,false,1,
7290006251275,false,תה ירוק סיני ויסוצקי (25),תה ויסוצקי (ישראל) בעמ,,,יח`,0.3750,100 גרם,false,1,27.90,74.40,true,1,
7290006251374,false,תה ירוק לימונית וג`ינג`ר ויסוצקי (25),תה ויסוצקי (ישראל) בעמ,,,יח`,0.25,100 גרם,false,1,27.90,111.60,true,1,
7290006256089,false,גאטו נגרו קברנה סוביניון 750 מל,היכל היין שקד גולן בעמ,,,יח`,7.50,"100 מ""ל",false,1,39.90,5.28,true,1,
7290006256102,false,גאטו נגרו מרלו 750 מל,היכל היין שקד גולן בעמ,,,יח`,7.50,"100 מ""ל",false,1,39.90,5.28,true,1,
7290006265500,false,פטריות שמפניון ארוז,קונס`-מרינה פטריות הגליל בעמ*ש,,,יח`,2.50,1 ליטר,false,1,9.90,3.96,true,1,
7290006271174,false,מעדנות-ג חנון בצק,תנובה קפואים,,,יח`,7,100 גרם,false,1,20.60,2.94,false,1,
7290006271648,false,מיני בורקס תפוח אדמה מעדנות (800 גרם),תנובה קפואים,,,יח`,6.50,100 גרם,false,1,26.20,4.03,false,1,
7290006272072,false,מעדנות חטיפי פיצה 650 גר`,תנובה קפואים,,,יח`,6.50,100 גרם,false,1,35.90,5.52,false,1,
7290006272430,false,בצק עלים חמאה חלבי מעדנות (600 גרם),תנובה קפואים,,,יח`,6,100 גרם,false,1,30.60,5.10,false,1,
7290006306302,false,רביולי פרמזן ריקוטה פסטה נונה (400 גרם),מחלבות גד שיווק 1992 בעמ,,,יח`,4,100 גרם,false,1,24.90,6.23,true,1,
7290006306326,false,רביולי פטריות ופרמזן פסטה נונה (400 גרם),מחלבות גד שיווק 1992 בעמ,,,יח`,4,100 גרם,false,1,24.90,6.23,true,1,
7290006342072,false,גרעין לבן 200 גר`ששון הקולה,דין שיווק וקליה 2021 בעמ,,,יח`,2,100 גרם,false,1,10.90,5.45,false,1,
7290006342447,false,גרעין אבטיח 200 גרם ששון הקולה,דין שיווק וקליה 2021 בעמ,,,יח`,2,100 גרם,false,1,13.90,6.95,false,1,
7290006374738,false,קונפיטורת תות יד מרדכי 340 גר`,שטראוס גרופ בעמ,,,יח`,3.40,100 גרם,false,1,12.90,3.79,false,1,
7290006459978,false,אובלטים שומשום 284 גר`האחים,ציון תורג`מן בעמ,,,יח`,2.84,100 גרם,false,1,11.20,3.94,true,1,
7290006492432,false,גבינה מוצרלה בייבי 18% גד (150 גרם),מחלבות גד שיווק 1992 בעמ,,,יח`,1.70,100 גרם,false,1,14.90,8.76,false,1,
7290006492616,false,בולגרית פרוסות -2505%גד,מחלבות גד שיווק 1992 בעמ,,,יח`,2.50,100 גרם,false,1,27.90,11.16,false,1,
7290006492630,false,גבינה עיזים גדעז 20% גד (180 גרם),מחלבות גד שיווק 1992 בעמ,,,יח`,1.80,100 גרם,false,1,23.90,13.28,false,1,
7290006492685,false,גבינת לאבנה עיזים 5% גד (250 גרם),מחלבות גד שיווק 1992 בעמ,,,יח`,2.50,100 גרם,false,1,18.90,7.56,false,1,
7290006492852,false,גבינה לבנה עיזים 5% גד (250 גרם),מחלבות גד שיווק 1992 בעמ,,,יח`,2.50,100 גרם,false,1,17.90,7.16,true,1,
7290006492913,false,לבנה ציזיקי 250 גר,מחלבות גד שיווק 1992 בעמ,,,יח`,2.50,100 גרם,false,1,13.90,5.56,false,1,
7290006498052,false,דנונה מהדרין טבע,שטראוס גרופ בעמ/מצונן,,,יח`,1.50,"100 מ""ל",false,1,2.70,1.80,false,1,
7290006511751,false,שלישית פטריות חתוכות,ג.וילי-פוד אינטרנשיונל בעמ,,,יח`,8.70,100 גרם,false,1,12.50,1.44,false,1,
7290006567048,false,פתיתי קוסקוס ישראלי אסם (350 גרם),קבוצת אסם סחר שות. מוגבלת,,,יח`,3.50,100 גרם,false,1,9.10,2.60,false,1,
7290006582539,false,חמוציות 250 גר`שקדיה,דין שיווק וקליה 2021 בעמ,,,יח`,2.50,100 גרם,false,1,9.90,3.96,false,1,
7290006618078,false,אסטוניש מרסס צהוב למטבח,יעקב יעקבי ובניו בעמ,,,יח`,7.50,"100 מ""ל",false,1,11.90,1.59,false,1,
7290006618085,false,אסטוניש מרסס+אקונומיקה,יעקב יעקבי ובניו בעמ,,,יח`,7.50,"100 מ""ל",false,1,11.90,1.59,false,1,
7290006644510,false,תפוזינה ענבים 0.5 ליטר,יפאורה,,,יח`,5,"100 מ""ל",false,1,5.90,1.12,true,1,
7290006652027,false,במבה אסם (15x20 גרם),קבוצת אסם סחר שות. מוגבלת,,,יח`,3,100 גרם,false,1,25.40,8.47,false,1,
7290006653819,false,קוסקוס דק אסם (350 גרם),קבוצת אסם סחר שות. מוגבלת,,,יח`,3.50,100 גרם,false,1,9.10,2.60,false,1,
7290006664051,false,אקטימל 1.8% דנונה (100x14 מל),שטראוס גרופ בעמ/מצונן,,,יח`,1.40,1 ליטר,false,1,30.90,22.07,false,1,
7290006664532,false,יוגורט ביו 3% תות דנונה (150 גרם),שטראוס גרופ בעמ/מצונן,,,יח`,1.50,"100 מ""ל",false,1,3.90,2.60,false,1,
7290006664655,false,אקטימל דנונה (100x8 מל),שטראוס גרופ בעמ/מצונן,,,יח`,8,"100 מ""ל",false,1,20.90,2.61,false,1,
7290006664693,false,יוגורט ביו 3% אפרסק דנונה (150 גרם),שטראוס גרופ בעמ/מצונן,,,יח`,1.50,"100 מ""ל",false,1,3.90,2.60,false,1,
7290006664990,false,יוגורט ביו 1.7% דנונה (150x8 גרם),שטראוס גרופ בעמ/מצונן,,,יח`,1.20,1 ליטר,false,1,17.50,14.58,false,1,
7290006681553,false,קרמבו שמינייה וניל,גלידות שטראוס בעמ,,,יח`,2,100 גרם,false,1,16.90,8.45,false,1,
7290006681560,false,קרמבו שמינייה מוקה,גלידות שטראוס בעמ,,,יח`,2,100 גרם,false,1,16.90,8.45,false,1,
7290006704061,false,עירית ארוזה,א.אדמה (2007) בעמ,,,יח`,1,,false,1,5.90,5.90,false,1,
7290006739346,false,נקניקיות פרגיות זוגלובק (400 גרם),זוגלובק שיווק בעמ,,,יח`,4,100 גרם,false,1,19.30,4.83,false,1,
7290006739407,false,שניצל תירס לייט זוגלובק (630 גרם),זוגלובק שיווק בעמ,,,יח`,6,100 גרם,false,1,37.70,6.28,true,1,
7290006739414,false,סלמי קוניאק זוגלובק (300 גרם),זוגלובק שיווק בעמ,,,יח`,3.50,100 גרם,false,1,32.60,9.31,true,1,
7290006739445,false,שניצל תירס זוגלובק (750 גרם),זוגלובק שיווק בעמ,,,יח`,7.50,100 גרם,false,1,27.50,3.67,true,1,
7290006741387,false,מלוואח 700 גר`בדצ,זוגלובק שיווק בעמ,,,יח`,7,100 גרם,false,1,18.30,2.61,false,1,
7290006742278,false,פסטרמה צלויה 330 גר`,זוגלובק שיווק בעמ,,,יח`,3.30,100 גרם,false,1,30.50,9.24,true,1,
7290006742292,false,פסטרממיה בדבש 330 גר`,זוגלובק שיווק בעמ,,,יח`,3.30,100 גרם,false,1,30.50,9.24,true,1,
7290006742315,false,חזה הודו ברביקיו 330 גר`,זוגלובק שיווק בעמ,,,יח`,3.30,100 גרם,false,1,30.50,9.24,true,1,
7290006764065,false,בירה שחורה נשר מאלט חוזר (500 מל),טמפו משקאות בעמ,,,יח`,5,"100 מ""ל",false,1,5.90,0.94,true,1,
7290006764072,false,בירה גולדסטאר (500 מל),טמפו משקאות בעמ,,,יח`,5,"100 מ""ל",false,1,7.70,1.30,false,1,
7290006764157,false,גולדסטאר לא מסונן בקבוק חוזר 500 מל,טמפו משקאות בעמ,,,יח`,5,"100 מ""ל",false,1,7.90,1.34,false,1,
7290006764270,false,סודה בנגיעות אשכולית אדומה 1.5 ליטר רביע,טמפו משקאות בעמ,,,יח`,6,1 ליטר,false,1,11.90,1.78,false,1,
7290006775016,false,עוגת תפוז אחוה (450 גרם)אחוה,אחדות בעמ,,,יח`,4.50,100 גרם,false,1,11.90,2.64,true,1,
7290006775023,false,עוגה אנגלית אחוה (450 גרם)אחוה,אחדות בעמ,,,יח`,4.50,100 גרם,false,1,11.90,2.64,true,1,
7290006775030,false,עוגת שוקו צ`יפס אחוה (450 גרם)אחוה,אחדות בעמ,,,יח`,4.50,100 גרם,false,1,11.90,2.64,true,1,
7290006775047,false,עוגת שוקולד אחוה (450 גרם)אחוה,אחדות בעמ,,,יח`,4.50,100 גרם,false,1,11.90,2.64,true,1,
7290006775054,false,עוגת שיש אחוה (450 גרם)אחוה,אחדות בעמ,,,יח`,4.50,100 גרם,false,1,11.90,2.64,true,1,
7290006775085,false,עוגת שמרים שוקולד אחוה (400 גרם),אחדות בעמ,,,יח`,4,100 גרם,false,1,11.90,2.98,false,1,
7290006775344,false,עוגת שמרים קינמון/אגוזים 400 גר`אחוה,אחדות בעמ,,,יח`,4,100 גרם,false,1,11.90,2.98,false,1,
7290006775801,false,רוגעלך אחוה (400 גרם),אחדות בעמ,,,יח`,4,100 גרם,false,1,10.90,2.73,false,1,
7290006775900,false,עוגיות מיני מרוקאיות אחוה (500 גרם),אחדות בעמ,,,יח`,5,100 גרם,false,1,9.90,1.98,false,1,
7290006788412,false,דאו נושם רול און קרליין- כחול,החברה הדרומית לשיווק בעמ,,,יח`,0.50,100 גרם,false,1,13.90,27.80,true,1,
7290006788436,false,דאו נושם רול און קרליין בורדו,החברה הדרומית לשיווק בעמ,,,יח`,0.75,100 גרם,false,1,13.90,18.53,true,1,
7290006788443,false,דאו נושם רול און קרליין סגול בהיר,החברה הדרומית לשיווק בעמ,,,יח`,0.75,100 גרם,false,1,13.90,18.53,true,1,
7290006788504,false,דאו נושם ספריי קרליין,החברה הדרומית לשיווק בעמ,,,יח`,2,"100 מ""ל",false,1,13.90,6.95,true,1,
7290006822192,false,פריגת אושן ספריי 1 ליטר,החברה המרכזית להפצת משקאות בעמ,,,יח`,1,1 ליטר,false,1,13.90,13.90,false,1,
7290006960429,false,כרוב בולגרי כבוש 750 גר`מאמא מרי,מאמא - מרי בעמ,,,יח`,7.50,100 גרם,false,1,18.90,2.52,true,1,
7290006983176,false,קרקר לחמית שיפון אסם (230 גרם),קבוצת אסם סחר שות. מוגבלת,,,יח`,2.30,100 גרם,false,1,10,4.35,true,1,
7290006983206,false,פלאפל בקלי קלות 90 גר`,קבוצת אסם סחר שות. מוגבלת,,,יח`,0.90,100 גרם,false,1,11.50,12.78,false,1,
7290006983527,false,עוגת הבית עשירות תפוח ופרורים 400 גר`,קבוצת אסם סחר שות. מוגבלת,,,יח`,4,100 גרם,false,1,19.60,4.90,false,1,
7290006983763,false,עוגת הבית בטעם שוקולד אסם (400 גרם),קבוצת אסם סחר שות. מוגבלת,,,יח`,4,100 גרם,false,1,12.50,3.13,false,1,
7290006983770,false,עוגת הבית שיש אסם (400 גרם),קבוצת אסם סחר שות. מוגבלת,,,יח`,4,100 גרם,false,1,12.50,3.13,false,1,
7290006983794,false,עוגת הבית תפוז אסם (400 גרם),קבוצת אסם סחר שות. מוגבלת,,,יח`,4,100 גרם,false,1,12.50,3.13,false,1,
7290006992390,false,דייסת וניל מטרנה (200 גרם),קבוצת אסם סחר שות. מוגבלת,,,יח`,2,100 גרם,false,1,14.50,7.25,false,1,
7290008154222,false,שניצלונים 700 גר`עוף טוב,קבוצת אסם סחר שות. מוגבלת,,,יח`,7,100 גרם,false,1,13.90,1.99,false,1,
7290008175173,false,חמאה מפינלנד ללא תוספת מלח (200 גרם),ג.וילי-פוד אינטרנשיונל **גבינו,,,יח`,2,100 גרם,false,1,11.90,5.95,false,1,
7290008175210,false,פרמז`נו מגורדת 90 גר`,ג.וילי-פוד אינטרנשיונל **גבינו,,,יח`,0.90,100 גרם,false,1,15.90,17.67,false,1,
7290008175814,false,פטריות חתוך 400 גר`,ג.וילי-פוד אינטרנשיונל בעמ,,,יח`,4,100 גרם,false,1,5.50,1.38,false,1,
7290008268455,false,קיווי ארוז בראשית,בראשית - אגודה שיתופית*שיק 45,,,יח`,1,,false,1,15,15,false,1,
7290008343466,false,בצק פילו שלושת האופים (500 גרם),נטו מלינדה סחר בעמ,,,יח`,5,100 גרם,false,1,20.90,4.18,true,1,
7290008343565,false,סיגרים תפוא 1 קג שלושת האופים,נטו מלינדה סחר בעמ,,,יח`,1,"ק""ג",false,1,20.90,20.90,true,1,
7290008344272,false,המבורגר 100% 400 גר`טיבונוויל,נטו מלינדה סחר בעמ,,,יח`,4,100 גרם,false,1,21.40,5.35,true,1,
7290008345132,false,הרינג כבוש 240 גר`,נטו מלינדה סחר בעמ,,,יח`,2.40,100 גרם,false,1,25.90,10.79,false,1,
7290008345453,false,מג`יק פירה+ירקות,נטו מלינדה סחר בעמ,,,יח`,0.53,100 גרם,false,1,5.50,10.38,false,1,
7290008345576,false,איקרא ביתית לבנה 300 גר`,נטו מלינדה סחר בעמ,,,יח`,3,100 גרם,false,1,20.90,6.97,false,1,
7290008345583,false,סלט איקרה ביתית ורודה דלידג (300 גרם),נטו מלינדה סחר בעמ,,,יח`,3,100 גרם,false,1,20.90,6.97,false,1,
7290008409124,false,שניצל ג`ונגל מאמא עוף (700 גרם),תנובה קפואים,,,יח`,7,100 גרם,false,1,38.80,5.54,false,1,
7290008409315,false,מיני מינידק שניצלונים בציפוי פריך 500 גר,תנובה קפואים,,,יח`,5,100 גרם,false,1,28.50,5.70,false,1,
7290008409551,false,שניצל עוף ציפוי מעודן מאמא עוף,תנובה קפואים,,,יח`,7,100 גרם,false,1,45.80,6.54,false,1,
7290008415071,false,חומוס עם טחינה צבר (150 גרם),קבוצת אסם סחר שות. מוגבלת,,,יח`,1.50,100 גרם,false,1,5,3.33,false,1,
7290008415514,false,צבר חומוס+חריף 150,קבוצת אסם סחר שות. מוגבלת,,,יח`,1.50,100 גרם,false,1,5,3.33,false,1,
7290008443616,false,נקה 7 מרכך 750 מל ורוד,החברה הדרומית לשיווק בעמ,,,יח`,7.50,"100 מ""ל",false,1,11.90,1.59,true,1,
7290008443630,false,נקה 7 שמפו 750 מל סגול,החברה הדרומית לשיווק בעמ,,,יח`,7.50,"100 מ""ל",false,1,11.90,1.59,true,1,
7290008453868,false,מארזפרנה,מגוון שיווק והפצת מאפים בעמ,,,יח`,1,,false,1,12.30,12.30,false,1,
7290008461221,false,סרדין רוברט בשמן חמניות 140 גר`,א. סיימן סחר בעמ,,,יח`,1.40,100 גרם,false,1,7.50,5.36,true,1,
7290008461238,false,סרדינים בשמן חריף רוברט (115 גרם),א. סיימן סחר בעמ,,,יח`,1.15,100 גרם,false,1,7.50,6.52,true,1,
7290008464130,false,בירה לא מסוננת גולדסטאר (330x6 מל),טמפו משקאות בעמ,,,יח`,1.98,1 ליטר,false,1,43.80,21.21,true,1,
7290008464222,false,בירה מכבי 7.9% 500 פחית.,טמפו משקאות בעמ,,,יח`,5,"100 מ""ל",false,1,7.90,1.52,false,1,
7290008464345,false,בקבוק גולדסטאר 330 מל,טמפו משקאות בעמ,,,יח`,3.30,"100 מ""ל",false,1,6.80,1.97,false,1,
7290008464468,false,בירה בפחית גולדסטאר (500 מל),טמפו משקאות בעמ,,,יח`,5,"100 מ""ל",false,1,8.50,1.64,false,1,
7290008464475,false,בירה מכבי פחית 500 מל,טמפו משקאות בעמ,,,יח`,5,"100 מ""ל",false,1,7.50,1.44,false,1,
7290008464604,false,הייניקן פחית 500 מל,טמפו משקאות בעמ,,,יח`,5,"100 מ""ל",false,1,12.50,2.44,false,1,
7290008464697,false,בירה 7.9% אלכוהול מכבי (330x6 מל),טמפו משקאות בעמ,,,יח`,1.98,1 ליטר,false,1,36.60,17.58,true,1,
7290008464703,false,בירה מכבי (330x6 מל),טמפו משקאות בעמ,,,יח`,1.98,1 ליטר,false,1,36.60,17.58,true,1,
7290008464741,false,בירה גולדסטאר 330 מל בקבוק שישייה,טמפו משקאות בעמ,,,יח`,1.98,1 ליטר,false,1,40.70,19.65,true,1,
7290008464796,false,בירה הייניקן 330 מל בקבוק שישייה,טמפו משקאות בעמ,,,יח`,1.98,1 ליטר,false,1,35.90,17.22,true,1,
7290008464987,false,מי סודה טמפו (1.5x6 ליטר),טמפו משקאות בעמ,,,יח`,9,1 ליטר,false,1,17.30,1.92,false,1,
7290008493413,false,פירורי גריסיני מאיר בייגל (200 גרם),דנשר (1963) בעמ,,,יח`,2,100 גרם,false,1,6.40,3.20,false,1,
7290008493710,false,מאיר בייגל פרורי גרסיני זהב 200גר,דנשר (1963) בעמ,,,יח`,2,100 גרם,false,1,6.40,3.20,false,1,
7290008634045,false,פלסטר 30,אינטרסן 1996 בעמ,,,יח`,30,יח`,false,1,6.90,0.23,true,1,
7290008636650,false,קמח מצה 500 גר`,מיה תעשיות מזון מ.ת.מ. בעמ,,,יח`,5,100 גרם,false,1,9.40,1.88,false,1,
7290008636919,false,אבקת קקאו מיה (200 גרם),מיה תעשיות מזון מ.ת.מ. בעמ,,,יח`,2,100 גרם,false,1,14.20,7.10,false,1,
7290008636926,false,אבקת קקאו מיה (500 גרם),מיה תעשיות מזון מ.ת.מ. בעמ,,,יח`,5,100 גרם,false,1,15.90,3.18,false,1,
7290008636995,false,גרעיני דלעת קלופים 100 גר`,מיה תעשיות מזון מ.ת.מ. בעמ,,,יח`,1,100 גרם,false,1,9.10,9.10,false,1,
7290008644112,false,מטבוחה 125אחלה יום יום,שטראוס גרופ בעמ/מצונן,,,יח`,1.25,100 גרם,false,1,5,4,false,1,
7290008644235,false,מבחר עלי בייבי 120 גרם-טעם הטבע,שטראוס גרופ בעמ/מצונן,,,יח`,1.20,100 גרם,false,1,10.10,8.42,false,1,
7290008644945,false,סלט המושבה שטראוס 450 גר`-טעם הטבע,שטראוס גרופ בעמ/מצונן,,,יח`,4.50,100 גרם,false,1,11.20,2.49,false,1,
7290008645935,false,חומוס אחלה (750 גרם),שטראוס גרופ בעמ/מצונן,,,יח`,7.50,100 גרם,false,1,9.90,1.32,false,1,
7290008690713,false,נקטר חמוציות אושן ספריי פריגת (1 ליטר),החברה המרכזית להפצת משקאות בעמ,,,יח`,1,1 ליטר,false,1,13.90,13.90,false,1,
7290008693134,false,דניאלה מעדן בטעם תות שטראוס (88 גרם),שטראוס גרופ בעמ/מצונן,,,יח`,1.50,"100 מ""ל",false,1,4,2.67,false,1,
7290008713900,false,לחם שיפון עגול פרוס אחדות (750 גרם),שלמה א. אנג`ל בעמ,,,יח`,7.50,100 גרם,false,1,12.50,1.67,false,1,
7290008745239,false,תפוצ`יפס 50 גר קראנץ`,שטראוס פריטו ליי בעמ,,,יח`,0.55,100 גרם,false,1,4,7.27,false,1,
7290008747547,false,תפוצ`יפס 200 גר` קראנץ`,שטראוס פריטו ליי בעמ,,,יח`,2,100 גרם,false,1,11.50,5.75,true,1,
7290008752244,false,תפוצ`יפס 50 גר קראנץ`גריל,שטראוס פריטו ליי בעמ,,,יח`,0.50,100 גרם,false,1,4,8,false,1,
7290008753111,false,תפוצ`יפס 50 גר קראנץ`מקסיקני,שטראוס פריטו ליי בעמ,,,יח`,0.50,100 גרם,false,1,4,8,false,1,
7290008754415,false,מאסט מנטה עדין ללס 28 גרם,שטראוס גרופ בעמ,,,יח`,0.28,100 גרם,false,1,5,17.86,false,1,
7290008757034,false,סודה 250 מל,יפאורה,,,יח`,2.50,"100 מ""ל",false,1,2.90,1.04,true,1,
7290008757072,false,משקה מוגז בטעם תות שוופס (330 מל),יפאורה,,,יח`,3.30,"100 מ""ל",false,1,3.80,1.06,true,1,
7290008775816,false,ערגליות שוקו אסם (300 גרם),קבוצת אסם סחר שות. מוגבלת,,,יח`,3,100 גרם,false,1,12.20,4.07,true,1,
7290008775823,false,ערגליות תות אסם (300 גרם),קבוצת אסם סחר שות. מוגבלת,,,יח`,3,100 גרם,false,1,12.20,4.07,true,1,
7290008801119,false,סלקטד סוביניון בלאן יקבי כרמל (750 מל),אגודת הכורמים,,,יח`,7.50,"100 מ""ל",false,1,30.90,4.08,true,1,
7290008801522,false,קונקורד אדום מתוק 750 מל קינג דיוויד,אגודת הכורמים,,,יח`,7.50,"100 מ""ל",false,1,22.90,3.01,true,1,
7290008801850,false,סלקטד אמרלד ריזלינג יקבי כרמל (750 מל),אגודת הכורמים,,,יח`,7.50,"100 מ""ל",false,1,30.90,4.08,true,1,
7290008802529,false,וינו לבן 750 מל,אגודת הכורמים,,,יח`,7.50,"100 מ""ל",false,1,20.90,2.75,true,1,
7290008802895,false,קברנה סוביניון פי.סי אדום יבש 750 מל,אגודת הכורמים,,,יח`,7.50,"100 מ""ל",false,1,41.90,5.55,true,1,
7290008803090,false,מרלו אזורית אדום יבש 750 מל,אגודת הכורמים,,,יח`,7.50,"100 מ""ל",false,1,54.90,7.28,true,1,
7290008804189,false,קברנה סוביניון אזורית אדום יבש 750 מל,אגודת הכורמים,,,יח`,7.50,"100 מ""ל",false,1,54.90,7.28,true,1,
7290008806961,false,שטראוס קרמיסימו שוקולד ציפ,גלידות שטראוס בעמ,,,יח`,1.33,1 ליטר,false,1,19.90,14.96,true,1,
7290008849609,false,אוליביה רוטב לעוף שום דבש (330 גרם),תה ויסוצקי (ישראל) בעמ,,,יח`,2.75,"100 מ""ל",false,1,14.90,5.42,true,1,
7290008909846,false,פחית קולה זירו,החברה המרכזית להפצת משקאות בעמ,,,יח`,3.30,"100 מ""ל",false,1,5.10,1.45,false,1,
7290008909853,false,קוקה קולה זירו 500 מל,החברה המרכזית להפצת משקאות בעמ,,,יח`,5,"100 מ""ל",false,1,6.90,1.32,false,1,
7290008989473,false,ממרח חרובים 350 גר`,בטר אנד דיפרנט בעמ,,,יח`,3.50,100 גרם,false,1,13.50,3.86,false,1,
7290010002023,false,כורכום תבליני מימון (100 גרם),א.ל.ייצור ושיווק תבלינים בעמ,,,יח`,1,100 גרם,false,1,13.20,13.20,false,1,
7290010002030,false,כמון טחון תבליני מימון (100 גרם),א.ל.ייצור ושיווק תבלינים בעמ,,,יח`,1,100 גרם,false,1,13.20,13.20,false,1,
7290010002047,false,מלח לימון תבליני מימון (200 גרם),א.ל.ייצור ושיווק תבלינים בעמ,,,יח`,2,100 גרם,false,1,14.90,7.45,false,1,
7290010002061,false,פלפל לבן טחון תבליני מימון (100 גרם),א.ל.ייצור ושיווק תבלינים בעמ,,,יח`,1,100 גרם,false,1,21.40,21.40,false,1,
7290010002078,false,פלפל שחור טחון תבליני מימון (100 גרם),א.ל.ייצור ושיווק תבלינים בעמ,,,יח`,1,100 גרם,false,1,17.30,17.30,false,1,
7290010002092,false,פלפל שחור גרוס דק תבליני מימון (90 גרם),א.ל.ייצור ושיווק תבלינים בעמ,,,יח`,0.90,100 גרם,false,1,17.30,19.22,false,1,
7290010002108,false,פלפל שחור גרוס גס תבליני מימון (90 גרם),א.ל.ייצור ושיווק תבלינים בעמ,,,יח`,0.90,100 גרם,false,1,17.30,19.22,false,1,
7290010002122,false,פפריקה הונגרית מתוקה 100 גר`,א.ל.ייצור ושיווק תבלינים בעמ,,,יח`,1,100 גרם,false,1,13.20,13.20,false,1,
7290010002139,false,פפריקה הונגרית חריפה 100 גר`,א.ל.ייצור ושיווק תבלינים בעמ,,,יח`,1,100 גרם,false,1,13.20,13.20,false,1,
7290010002153,false,פפריקה מרוקאית חריפה 100 גר`,א.ל.ייצור ושיווק תבלינים בעמ,,,יח`,1,100 גרם,false,1,13.20,13.20,false,1,
7290010002207,false,קינמון טחון תבליני מימון (100 גרם),א.ל.ייצור ושיווק תבלינים בעמ,,,יח`,1,100 גרם,false,1,12.20,12.20,false,1,
7290010002313,false,ראס אל חנות 100 גר`,א.ל.ייצור ושיווק תבלינים בעמ,,,יח`,1,100 גרם,false,1,13.20,13.20,false,1,
7290010002351,false,זעתר ושומשום בלדי תבליני מימון (100 גרם),א.ל.ייצור ושיווק תבלינים בעמ,,,יח`,1,100 גרם,false,1,13.20,13.20,false,1,
7290010002375,false,תבלין מדראס קארי תבליני מימון (100 גרם),א.ל.ייצור ושיווק תבלינים בעמ,,,יח`,1,100 גרם,false,1,13.20,13.20,false,1,
7290010002382,false,אורגנו תבליני מימון (40 גרם),א.ל.ייצור ושיווק תבלינים בעמ,,,יח`,0.40,100 גרם,false,1,12.20,30.50,false,1,
7290010002399,false,בזיליקום תבליני מימון (40 גרם),א.ל.ייצור ושיווק תבלינים בעמ,,,יח`,0.50,100 גרם,false,1,12.20,24.40,false,1,
7290010002450,false,שמיר 25 גר`,א.ל.ייצור ושיווק תבלינים בעמ,,,יח`,0.25,100 גרם,false,1,12.20,48.80,false,1,
7290010002597,false,כוסברה ירוקה תבליני מימון (20 גרם),א.ל.ייצור ושיווק תבלינים בעמ,,,יח`,0.30,100 גרם,false,1,12.20,40.67,false,1,
7290010002726,false,תבלין לפרגיות 100 גר`,א.ל.ייצור ושיווק תבלינים בעמ,,,יח`,1,100 גרם,false,1,13.20,13.20,false,1,
7290010003693,false,פפריקה מתוקה תבליני מימון (80 גרם),א.ל.ייצור ושיווק תבלינים בעמ,,,יח`,0.80,100 גרם,false,1,7.10,8.88,false,1,
7290010003754,false,כמון טחון תבליני מימון (50 גרם),א.ל.ייצור ושיווק תבלינים בעמ,,,יח`,0.50,100 גרם,false,1,7.10,14.20,false,1,
7290010003761,false,כורכום טחון תבליני מימון (80 גרם),א.ל.ייצור ושיווק תבלינים בעמ,,,יח`,0.80,100 גרם,false,1,7.10,8.88,false,1,
7290010003792,false,מלח לימון תבליני מימון (100 גרם),א.ל.ייצור ושיווק תבלינים בעמ,,,יח`,1,100 גרם,false,1,7.10,7.10,false,1,
7290010003839,false,קינמון טחון תבליני מימון (80 גרם),א.ל.ייצור ושיווק תבלינים בעמ,,,יח`,0.80,100 גרם,false,1,7.10,8.88,false,1,
7290010023141,false,תה לימונענע ויסוצקי הגן הקסום) (25,תה ויסוצקי (ישראל) בעמ,,,יח`,0.50,100 גרם,false,1,17.90,35.80,true,1,
7290010045006,false,עוגיות חמאה פריכות לחמי (200 גרם),אבאל יזמות בעמ,,,יח`,2,100 גרם,false,1,19.90,9.95,true,1,
7290010045013,false,עוגיות חמאה צרפתיות לחמי (200 גרם),אבאל יזמות בעמ,,,יח`,2,100 גרם,false,1,19.90,9.95,true,1,
7290010045051,false,עוגיות מלבן שקדים לחמי (200 גרם),אבאל יזמות בעמ,,,יח`,2,100 גרם,false,1,19.90,9.95,true,1,
7290010045068,false,עוגיות נסיכה לחמי (250 גרם),אבאל יזמות בעמ,,,יח`,2.50,100 גרם,false,1,19.90,7.96,true,1,
7290010051021,false,בזיליקום א.אדמה,א.אדמה (2007) בעמ,,,יח`,1,,false,1,5.90,5.90,false,1,
7290010051045,false,סלט ביבי מיקס בנספק,א.אדמה (2007) בעמ,,,יח`,1,,false,1,9.90,9.90,false,1,
7290010051052,false,פטרוזליה א. אדמה,א.אדמה (2007) בעמ,,,יח`,1.20,100 גרם,false,1,3.90,3.25,false,1,
7290010051076,false,לבבות חסה קיסר,א.אדמה (2007) בעמ,,,יח`,1,,false,1,11.90,11.90,false,1,
7290010051120,false,מרווה,א.אדמה (2007) בעמ,,,יח`,1,,false,1,5.90,5.90,false,1,
7290010051144,false,תרד עלים א.אדמה,א.אדמה (2007) בעמ,,,יח`,1.80,100 גרם,false,1,9.90,5.50,false,1,
7290010051168,false,כוסברה א. אדמה,א.אדמה (2007) בעמ,,,יח`,1,,false,1,3.90,3.90,false,1,
7290010051175,false,שמיר א. אדמה,א.אדמה (2007) בעמ,,,יח`,1,,false,1,3.90,3.90,false,1,
7290010051182,false,עלי נענע א. אדמה,א.אדמה (2007) בעמ,,,יח`,1,,false,1,3.90,3.90,false,1,
7290010051199,false,שורש פטרוזיליה א. אדמה,א.אדמה (2007) בעמ,,,יח`,1,,false,1,5.90,5.90,false,1,
7290010051205,false,עלי סלרי א. אדמה,א.אדמה (2007) בעמ,,,יח`,1,,false,1,5.90,5.90,false,1,
7290010051212,false,סלרי ראש.,א.אדמה (2007) בעמ,,,יח`,3,100 גרם,false,1,5.90,1.97,false,1,
7290010051267,false,לוף ארוז- א.אדמה,א.אדמה (2007) בעמ,,,יח`,1,,false,1,10.90,10.90,false,1,
7290010051281,false,עלה רוקולה 110 גר,א.אדמה (2007) בעמ,,,יח`,1.10,100 גרם,false,1,9.90,9,false,1,
7290010051298,false,סלק עלים ארוז מנגולד א.אד,א.אדמה (2007) בעמ,,,יח`,1,,false,1,5.90,5.90,false,1,
7290010051328,false,חסה באק צ`וי א. אדמה,א.אדמה (2007) בעמ,,,יח`,1,,false,1,12.90,12.90,false,1,
7290010051335,false,בצל ירוק,א.אדמה (2007) בעמ,,,יח`,1,,false,1,5.90,5.90,false,1,
7290010051373,false,לבבות חסה בשקית,א.אדמה (2007) בעמ,,,יח`,1,,false,1,10.90,10.90,false,1,
7290010051434,false,חסה סלנובה,א.אדמה (2007) בעמ,,,יח`,1,,false,1,11.90,11.90,false,1,
7290010051687,false,רוזמרין ארוז,א.אדמה (2007) בעמ,,,יח`,3,100 גרם,false,1,5.90,1.97,false,1,
7290010051724,false,מלפפון בייבי,א.אדמה (2007) בעמ,,,יח`,1,,false,1,9.90,9.90,false,1,
7290010060597,false,שמפו סרקל 1.25 ליטר,פישר תעשיות פרמצבטיות בעמ,,,יח`,0.0130,"100 מ""ל",false,1,31.90,2453.85,true,1,
7290010066513,false,טונה בשמן צמחי 158 גר` רביעייה פילטונה,פילטונה תעשיות בעמ,,,יח`,6.32,100 גרם,false,1,23.90,3.78,false,1,
7290010066520,false,פילטונה בשמן קנולה 160 גר,פילטונה תעשיות בעמ,,,יח`,1.60,100 גרם,false,1,6.10,3.81,false,1,
7290010066575,false,טונה במי מלח 158 גר` רביעייה פילטונה,פילטונה תעשיות בעמ,,,יח`,6.32,100 גרם,false,1,23.90,3.78,false,1,
7290010066582,false,טונה בשמן קנולה 158 גר` רביעייה פילטונה,פילטונה תעשיות בעמ,,,יח`,6.32,100 גרם,false,1,23.90,3.78,false,1,
7290010066599,false,פילטונה נתחי טונה בשמן זית רביעייה,פילטונה תעשיות בעמ,,,יח`,6.40,100 גרם,false,1,28.90,4.52,false,1,
7290010116980,false,שוקולית אבקת שוקו עלית (850 גרם),שטראוס גרופ בעמ,,,יח`,8.50,100 גרם,false,1,20.30,2.39,true,1,
7290010117864,false,חטיף תירס חריף אש דוריטוס (70 גרם),שטראוס פריטו ליי בעמ,,,יח`,0.70,100 גרם,false,1,4,5.71,true,1,
7290010118328,false,חטיף צ`יפס בטעם טבעי תפוצ`יפס (40x6 גרם),שטראוס פריטו ליי בעמ,,,יח`,2.40,100 גרם,false,1,13.20,5.50,false,1,
7290010124503,false,שומן כבש 200,בלדי בעמ,,,יח`,2,100 גרם,false,1,10.10,5.05,false,1,
7290010153503,false,שעועית ענק מיה (400 גרם),מיה תעשיות מזון מ.ת.מ. בעמ,,,יח`,4,100 גרם,false,1,12.80,3.20,false,1,
7290010153510,false,בורגול מיה (500 גרם),מיה תעשיות מזון מ.ת.מ. בעמ,,,יח`,5,100 גרם,false,1,6.10,1.22,true,1,
7290010153695,false,פול 400 גר,מיה תעשיות מזון מ.ת.מ. בעמ,,,יח`,4,100 גרם,false,1,9.40,2.35,false,1,
7290010153770,false,ציפוי לשניצל פיקנטי 500 גר`מיה,מיה תעשיות מזון מ.ת.מ. בעמ,,,יח`,5,100 גרם,false,1,12.20,2.44,true,1,
7290010153800,false,ציפוי לשניצל עם תיבול עדין מיה (500 גרם),מיה תעשיות מזון מ.ת.מ. בעמ,,,יח`,5,100 גרם,false,1,12.20,2.44,true,1,
7290010153817,false,ריבת חלב מיה (400 גרם),מיה תעשיות מזון מ.ת.מ. בעמ,,,יח`,4,100 גרם,false,1,15.20,3.80,false,1,
7290010154005,false,סחוג תימני תבליני ביטון יוחאי (250 גרם),נטו מלינדה סחר בעמ,,,יח`,2.50,100 גרם,false,1,15.20,6.08,true,1,
7290010154012,false,לימון בלאדי תבליני ביטון יוחאי (250 גרם),נטו מלינדה סחר בעמ,,,יח`,2.50,100 גרם,false,1,16.60,6.64,true,1,
7290010154029,false,אריסה מתוקה תבליני ביטון יוחאי (250 גרם),נטו מלינדה סחר בעמ,,,יח`,2.50,100 גרם,false,1,15.60,6.24,true,1,
7290010154265,false,פלפל צ`ומה תבליני ביטון יוחאי (250 גרם),נטו מלינדה סחר בעמ,,,יח`,2.50,100 גרם,false,1,16.30,6.52,true,1,
7290010154425,false,סחוג ירוק 130 גר ביטון,נטו מלינדה סחר בעמ,,,יח`,1.30,100 גרם,false,1,9.40,7.23,true,1,
7290010163069,false,צנובר 100 גרם שקית שקדיה,דין שיווק וקליה 2021 בעמ,,,יח`,1,100 גרם,false,1,25.90,25.90,false,1,
7290010195275,false,פופקורן פופסטאר חמישייה מופחת שומן חמאה,דנשר (1963) בעמ,,,יח`,4.25,100 גרם,false,1,18.50,4.35,true,1,
7290010237548,false,פפסי קול מקס 500 מל,טמפו משקאות בעמ,,,יח`,5,"100 מ""ל",false,1,4,0.74,true,1,
7290010237562,false,משקה מוגז בטעם תפוזים מירנדה (500 מל),טמפו משקאות בעמ,,,יח`,5,"100 מ""ל",false,1,5.90,1.12,true,1,
7290010237685,false,בירה הייניקן 330 בקבוק,טמפו משקאות בעמ,,,יח`,3.30,"100 מ""ל",false,1,10.30,3.03,false,1,
7290010237890,false,בירה היינקן (500 מל),טמפו משקאות בעמ,,,יח`,5,"100 מ""ל",false,1,8.90,1.54,false,1,
7290010259311,false,קרם קוקוס 400 גר`,ג.וילי-פוד אינטרנשיונל בעמ,,,יח`,4,100 גרם,false,1,7.90,1.98,false,1,
7290010259359,false,נודלס ביצים להקצפה וילי פוד (200 גרם),ג.וילי-פוד אינטרנשיונל בעמ,,,יח`,2,100 גרם,false,1,5.90,2.95,false,1,
7290010259366,false,נודלס מסולסלות וילי פוד (200 גרם),ג.וילי-פוד אינטרנשיונל בעמ,,,יח`,2,100 גרם,false,1,5.90,2.95,false,1,
7290010259854,false,מנת השף מרק+נודלס פטריות,ג.וילי-פוד אינטרנשיונל בעמ,,,יח`,0.70,100 גרם,false,1,5.50,7.86,false,1,
7290010259991,false,צנימים וילי פוד (250 גרם),ג.וילי-פוד אינטרנשיונל בעמ,,,יח`,2.50,100 גרם,false,1,9.10,3.64,true,1,
7290010328239,false,טחינה מתובלת משומשום טבעי אחוה (500 גרם),אחדות בעמ,,,יח`,5,100 גרם,false,1,12.90,2.58,true,1,
7290010328246,false,טחינה משומשום מלא אחוה (500 גרם),אחדות בעמ,,,יח`,5,100 גרם,false,1,11.90,2.38,true,1,
7290010328253,false,טחינה משומשום טבעי אחוה (500 גרם),אחדות בעמ,,,יח`,5,100 גרם,false,1,11.90,2.38,true,1,
7290010328468,false,מיני חלווה ב 3 טעמים אחוה,אחדות בעמ,,,יח`,2.16,100 גרם,false,1,11.90,5.51,true,1,
7290010328505,false,חטיפי מיני חלוה ללתס 15 יח`,אחדות בעמ,,,יח`,1,,false,1,11.90,11.90,true,1,
7290010328680,false,עוגה בטעם שוקולד עם שוקוצ`יפס מריר ולבן,אחדות בעמ,,,יח`,4.50,100 גרם,false,1,11.90,2.64,true,1,
7290010471669,false,דנונה פרי בר קורנפלקס,שטראוס גרופ בעמ/מצונן,,,יח`,1.75,"100 מ""ל",false,1,4.50,2.57,false,1,
7290010627004,false,טחינה ירושלים 500 גר`,תה ויסוצקי (ישראל) בעמ,,,יח`,5,100 גרם,false,1,16.90,3.38,true,1,
7290010632787,false,צימרוני אוזניים מעץ אינטרסן) (300,אינטרסן 1996 בעמ,,,יח`,300,יח`,false,1,4.90,0.02,false,1,
7290010690527,false,כרוב על- קייל,א.אדמה (2007) בעמ,,,יח`,1,,false,1,11.90,11.90,false,1,
7290010748860,false,קרם ידיים אפקטיב קר,פישר תעשיות פרמצבטיות בעמ,,,יח`,1.50,"100 מ""ל",false,1,19.90,13.27,true,1,
7290010757893,false,בורקס תפוא ללא גלוטן 500 גר`אריאל,מאפיית אריאל בעמ,,,יח`,5,100 גרם,false,1,20.90,4.18,false,1,
7290010766697,false,אוליביה רוטב שקשוקה אוליביה (415 גרם),תה ויסוצקי (ישראל) בעמ,,,יח`,4.15,100 גרם,false,1,14.90,3.59,true,1,
7290010766734,false,אוליביה רוטב פיצה (430 גרם),תה ויסוצקי (ישראל) בעמ,,,יח`,4.15,"100 מ""ל",false,1,14.90,3.59,true,1,
7290010777099,false,פיתות במרקם מיוחד פיתה אקספרס) (8,מגוון שיווק והפצת מאפים בעמ,,,יח`,8,100 גרם,false,1,12.30,1.54,false,1,
7290010777297,false,פיתות ביס פיתה אקספרס (10 יח`- 600 גרם),מגוון שיווק והפצת מאפים בעמ,,,יח`,0.01,1 ליטר,false,1,13.90,1390,false,1,
7290010777358,false,פיתות מכוסמין מלא פיתה אקספרס) (8,מגוון שיווק והפצת מאפים בעמ,,,יח`,1,,false,1,16.90,16.90,false,1,
7290010777488,false,ביס מקמח מלא מחמצת 99 קלוריות 10 יח`,מגוון שיווק והפצת מאפים בעמ,,,יח`,1,,false,1,16.90,16.90,false,1,
7290010777525,false,חוכמת הפיתה,מגוון שיווק והפצת מאפים בעמ,,,יח`,0,100 גרם,false,1,16.90,16.90,false,1,
7290010838219,false,סטיביה מרמולייט (100),דנשר (1963) בעמ,,,יח`,100,יח`,false,1,28.90,0.29,false,1,
7290010838424,false,טואלט דאק 750 מל זוג,דנשר (1963) בעמ,,,יח`,1.50,1 ליטר,false,1,19.90,13.27,true,1,
7290010838431,false,טואלט דאק 750 מל זוג,דנשר (1963) בעמ,,,יח`,1.50,1 ליטר,false,1,19.90,13.27,true,1,
7290010849505,false,די לואיג`י רוסו דולצ`ה 750 מל למברוסקו,הכרם - משקאות חריפים בעמ,,,יח`,7.50,"100 מ""ל",false,1,32.90,4.35,true,1,
7290010849512,false,למברוסקו די לואיג`י קאוויקיולי (750 מל),הכרם - משקאות חריפים בעמ,,,יח`,7.50,"100 מ""ל",false,1,32.90,4.35,true,1,
7290010849529,false,די לואיג`י ביאנקו 750 מל למברוסקו,הכרם - משקאות חריפים בעמ,,,יח`,7.50,"100 מ""ל",false,1,32.90,4.35,true,1,
7290010883363,false,כפפות אלוורה קטן סנו סושי,החברה הדרומית לשיווק בעמ,,,יח`,1,,false,1,11.90,11.90,true,1,
7290010931330,false,מטבוחה אחלה (500 גרם),שטראוס גרופ בעמ/מצונן,,,יח`,5,100 גרם,false,1,15.60,3.12,true,1,
7290010945146,false,קוטג` 3% מועשר 250 גר`,החב` המרכזית - טרה,,,יח`,2.50,100 גרם,false,1,5.60,2.24,false,1,
7290010945450,false,גבינה לבנה 3% 250 גר` פיקוח,החב` המרכזית - טרה,,,יח`,2.50,100 גרם,false,1,4.98,1.99,false,1,
7290011015985,false,סירופ דיאט 750 מל בטעם אננס פריגת,החברה המרכזית להפצת משקאות בעמ,,,יח`,7.50,"100 מ""ל",false,1,23.90,3.19,false,1,
7290011017866,false,פחית קולה סליק קוקה-קולה (330 מל),החברה המרכזית להפצת משקאות בעמ,,,יח`,3.30,"100 מ""ל",false,1,4.30,1.21,true,1,
7290011017873,false,פחית זירו סליק קוקה-קולה (330 מל),החברה המרכזית להפצת משקאות בעמ,,,יח`,3.30,"100 מ""ל",false,1,4.30,1.21,true,1,
7290011017880,false,פחית דיאט קולה סליק קוקה-קולה (330 מל),החברה המרכזית להפצת משקאות בעמ,,,יח`,3.30,"100 מ""ל",false,1,4.30,1.21,true,1,
7290011018474,false,סיידר אלכוהולי 4.5% סומרסבי (330 מל),החברה המרכזית להפצת משקאות בעמ,,,יח`,3.30,"100 מ""ל",false,1,10.10,2.97,false,1,
7290011051358,false,שוופס סודה לימון 250 מל,יפאורה,,,יח`,1,,false,1,3.90,3.90,true,1,
7290011064020,false,בולגרית בעיר מעדן גבינה למריחה 200 גרם,הגבינות של ניצן,,,יח`,2,100 גרם,false,1,14.20,7.10,false,1,
7290011064099,false,פלפלוני שרי ממולא בגבינה 125 גר,הגבינות של ניצן,,,יח`,1.25,100 גרם,false,1,21.40,17.12,false,1,
7290011065416,false,פלפל שחור מטחנות 60 גר,א.ל.ייצור ושיווק תבלינים בעמ,,,יח`,0.60,100 גרם,false,1,16.90,28.17,false,1,
7290011115159,false,סבון מוצק לחות נקה 7 רביעייה,החברה הדרומית לשיווק בעמ,,,יח`,4,100 גרם,false,1,11.90,2.98,true,1,
7290011115258,false,סבון מוצק נקה 7 רביעייה,החברה הדרומית לשיווק בעמ,,,יח`,4,100 גרם,false,1,11.90,2.98,true,1,
7290011115265,false,סבון מוצק ארומה נקה 7 רביעייה,החברה הדרומית לשיווק בעמ,,,יח`,4,100 גרם,false,1,11.90,2.98,true,1,
7290011115289,false,סבון מוצק נקה 7 רביעייה,החברה הדרומית לשיווק בעמ,,,יח`,4,100 גרם,false,1,11.90,2.98,true,1,
7290011126452,false,תה קמומיל ונענע ויסוצקי הגן הקסום) (25,תה ויסוצקי (ישראל) בעמ,,,יח`,0.3750,100 גרם,false,1,17.90,47.73,true,1,
7290011126940,false,תה ירוק מרווה ויסוצקי (25),תה ויסוצקי (ישראל) בעמ,,,יח`,0.3750,100 גרם,false,1,27.90,74.40,true,1,
7290011126957,false,תה ירוק ארל גריי ויסוצקי (25),תה ויסוצקי (ישראל) בעמ,,,יח`,0.3750,100 גרם,false,1,27.90,74.40,true,1,
7290011128050,false,השורשים של שליט גזר צבעוני מובחר,גזר שליט (חוות מיכאל)בעמ,,,יח`,1,,false,1,9.90,9.90,false,1,
7290011131371,false,מוזלי קראנצ`י שקדים ואגוזים גרין (1 קג),משה סידס ובנו בעמ,,,יח`,1,"ק""ג",false,1,28.50,28.50,true,1,
7290011131395,false,מוזלי קראנצ`י 30% פירות גרין (1 קג),משה סידס ובנו בעמ,,,יח`,1,"ק""ג",false,1,28.50,28.50,true,1,
7290011131654,false,מוזלי קראנצ`י ביג מיקס גרין (1 קג),משה סידס ובנו בעמ,,,יח`,1,"ק""ג",false,1,28.50,28.50,true,1,
7290011132507,false,סאן בנדטו מוגז עדין בודד 500 מל,טמפו משקאות בעמ,,,יח`,5,"100 מ""ל",false,1,3.50,0.64,false,1,
7290011142001,false,לחם שיפון 550 גר`,מאפיית דואט בעמ,,,יח`,5.50,100 גרם,false,1,11.90,2.16,false,1,
7290011142049,false,לחם דגנים 630 גר`,מאפיית דואט בעמ,,,יח`,6.30,100 גרם,false,1,11.90,1.89,false,1,
7290011142148,false,מארז לחמניות 450 גר`דואט,מאפיית דואט בעמ,,,יח`,1,,false,1,11.90,11.90,false,1,
7290011142193,false,מארז לחמניות מתוקות 450 גר`דואט,מאפיית דואט בעמ,,,יח`,1,,false,1,11.90,11.90,false,1,
7290011142445,false,לחם כוסמין,מאפיית דואט בעמ,,,יח`,0,100 גרם,false,1,14.90,14.90,false,1,
7290011142650,false,לחם שיפון (900100% גר`),מאפיית דואט בעמ,,,יח`,9,100 גרם,false,1,14.90,1.66,false,1,
7290011148805,false,שעועית טריה ירקט,ירקט ירקות צעירים ארוזים בעמ,,,יח`,1,,false,1,12.90,12.90,false,1,
7290011154035,false,תרכיז תפוחים סחוט 500 מל טעמי הגליל,ליימן שליסל בעמ,,,יח`,5,"100 מ""ל",false,1,20.90,4.18,false,1,
7290011154080,false,תרכיז תפוחים צלול 500 מל טעמי הגליל,ליימן שליסל בעמ,,,יח`,5,"100 מ""ל",false,1,20.90,4.18,false,1,
7290011194215,false,דניאלה מעדן בטעם בננה שטראוס (88 גרם),שטראוס גרופ בעמ/מצונן,,,יח`,1.50,"100 מ""ל",false,1,4,2.67,false,1,
7290011194246,false,גבינת קוטג`5% שטראוס (250 גרם),שטראוס גרופ בעמ/מצונן,,,יח`,2.50,100 גרם,false,1,6.10,2.44,false,1,
7290011223038,false,עלים לקרמשניט 300 גר`,דנשר (1963) בעמ,,,יח`,3,100 גרם,false,1,18.60,6.20,false,1,
7290011223045,false,בישקוטים ליידיפינגרז בונומי (200 גרם),דנשר (1963) בעמ,,,יח`,2,100 גרם,false,1,8.50,4.25,false,1,
7290011254032,false,קינואה מיה (500 גרם),מיה תעשיות מזון מ.ת.מ. בעמ,,,יח`,5,100 גרם,false,1,21.40,4.28,true,1,
7290011254254,false,שוקו צ`יפס בטעם שוקולד מיה (300 גרם),מיה תעשיות מזון מ.ת.מ. בעמ,,,יח`,3,100 גרם,false,1,8.10,2.70,false,1,
7290011254728,false,ג`לטין טהור 25 גר`,מיה תעשיות מזון מ.ת.מ. בעמ,,,יח`,0.25,100 גרם,false,1,12.90,51.60,false,1,
7290011254759,false,שעועית שחורה 500 גר`מיה,מיה תעשיות מזון מ.ת.מ. בעמ,,,יח`,5,100 גרם,false,1,12.50,2.50,false,1,
7290011254766,false,שעועית לוביה 400 גר`,מיה תעשיות מזון מ.ת.מ. בעמ,,,יח`,4,100 גרם,false,1,12.50,3.13,false,1,
7290011254773,false,שעועית ארגנטינאית מיה (500 גרם),מיה תעשיות מזון מ.ת.מ. בעמ,,,יח`,5,100 גרם,false,1,13.20,2.64,false,1,
7290011254964,false,סוכריות ג`לי 25 גר`עשירייה,מיה תעשיות מזון מ.ת.מ. בעמ,,,יח`,2.50,100 גרם,false,1,13.50,5.40,false,1,
7290011378028,false,חלבה בארכה ללס 350 גר`,קבוצת אסם סחר שות. מוגבלת,,,יח`,3.50,100 גרם,false,1,16.30,4.66,false,1,
7290011438142,false,משקה בטעם קפה בקבוק 350,שטראוס גרופ בעמ/מצונן,,,יח`,3.50,"100 מ""ל",false,1,6.30,1.80,false,1,
7290011447304,false,תחליף חלב שלב 3 חלבי מטרנה (700 גרם),קבוצת אסם סחר שות. מוגבלת,,,יח`,7,100 גרם,false,1,57.10,8.16,true,1,
7290011499051,false,גבינת פטה כבשים 20% גד (250 גרם),מחלבות גד שיווק 1992 בעמ,,,יח`,2.50,100 גרם,false,1,27.90,11.16,false,1,
7290011499105,false,גבינה בולגרית 5% גד (250 גרם),מחלבות גד שיווק 1992 בעמ,,,יח`,2.50,100 גרם,false,1,24.90,9.96,false,1,
7290011499112,false,גבינה בולגרית 16% גד (250 גרם),מחלבות גד שיווק 1992 בעמ,,,יח`,2.50,100 גרם,false,1,23.90,9.56,false,1,
7290011499129,false,בולגרית לסלט 5% 200 גר`,מחלבות גד שיווק 1992 בעמ,,,יח`,2,100 גרם,false,1,21.90,10.95,false,1,
7290011499303,false,פטה עיזים מעודנת 5% גד,מחלבות גד שיווק 1992 בעמ,,,יח`,2.50,100 גרם,false,1,31.90,12.76,false,1,
7290011499327,false,גבינה בולגרית מעודנת 5% גד (250 גרם),מחלבות גד שיווק 1992 בעמ,,,יח`,2.50,100 גרם,false,1,23.90,9.56,false,1,
7290011499341,false,גבינת קשקאבל 26% שומן גד (200 גרם),מחלבות גד שיווק 1992 בעמ,,,יח`,2,100 גרם,false,1,26.90,13.45,false,1,
7290011499358,false,גבינה פטה עיזים 20% גד (200 גרם),מחלבות גד שיווק 1992 בעמ,,,יח`,2,100 גרם,false,1,27.90,13.95,false,1,
7290011499365,false,גבינת חלומי 24% מחלב בקר גד (200 גרם),מחלבות גד שיווק 1992 בעמ,,,יח`,2,100 גרם,false,1,22.90,11.45,false,1,
7290011499419,false,גבינת במרקם שמנת 5% טבעי גד,מחלבות גד שיווק 1992 בעמ,,,יח`,2,100 גרם,false,1,12.90,6.45,false,1,
7290011499525,false,לאבנה דרוזית 9% גד (500 גרם),מחלבות גד שיווק 1992 בעמ,,,יח`,5,100 גרם,false,1,20.90,4.18,false,1,
7290011499624,false,גבינת שמנת 30% 200 גר`גד,מחלבות גד שיווק 1992 בעמ,,,יח`,2,100 גרם,false,1,13.90,6.95,true,1,
7290011499846,false,גבינת ריקוטה פרסקה 9% גד (300 גרם),מחלבות גד שיווק 1992 בעמ,,,יח`,3,100 גרם,false,1,18.90,6.30,false,1,
7290011501563,false,מיץ חמוציות 1890ליטר,דין שיווק וקליה 2021 בעמ,,,יח`,1.89,1 ליטר,false,1,16.90,8.78,false,1,
7290011505806,false,קיסמי שיניים פלסטיק הוסטס (200),אינטרסן 1996 בעמ,,,יח`,1,,false,1,11.50,11.50,true,1,
7290011515683,false,מאגדת אקסטרים וניל 6 יח`,נגה גלידות שותפות מוגבלת,,,יח`,4.32,100 גרם,false,1,32.90,7.62,false,1,
7290011515911,false,מאגדת לייט ריבת חלב 6 יח`,נגה גלידות שותפות מוגבלת,,,יח`,3.12,100 גרם,false,1,30.50,9.78,false,1,
7290011518561,false,אקטימל בטעם תות דנונה (100x14 מל),שטראוס גרופ בעמ/מצונן,,,יח`,1.40,1 ליטר,false,1,30.90,22.07,false,1,
7290011530945,false,קרפציו עגל 210 גר`בלדי,בלדי בעמ,,,יח`,2.10,100 גרם,false,1,39.90,19,false,1,
7290011575007,false,הפי למקלחון מחליק מים- שקוף,יעקב יעקבי ובניו בעמ,,,יח`,7.50,"100 מ""ל",false,1,19.90,2.65,false,1,
7290011575250,false,מברשת הפי מבריק וצובע נעליים שחור יעקבי,יעקב יעקבי ובניו בעמ,,,יח`,1,,false,1,10.90,10.90,false,1,
7290011598211,false,סנו אנטי קאלק 4ב1 700 מל,החברה הדרומית לשיווק בעמ,,,יח`,7,"100 מ""ל",false,1,15.90,2.27,true,1,
7290011598372,false,מטלית רצפה מיקרופייבר סנו סושי,החברה הדרומית לשיווק בעמ,,,יח`,1,יח`,false,1,12.90,12.90,false,1,
7290011668587,false,גרנולה טעם עשיר 500 גר` פנינה רוזנבלום,פנינה רוזנבלום בעמ,,,יח`,5,100 גרם,false,1,31.60,6.32,true,1,
7290011765217,false,ס. מדיק היגניק ג`ל לניקוי יד+אלוורה 100,החברה הדרומית לשיווק בעמ,,,יח`,1,"100 מ""ל",false,1,10.90,10.90,false,1,
7290011800840,false,טחינה בלאדי רפי כהן צבר (400 גרם),קבוצת אסם סחר שות. מוגבלת,,,יח`,4,100 גרם,false,1,17.30,4.33,false,1,
7290011877088,false,סנו סושי רדיד אלומיניום,החברה הדרומית לשיווק בעמ,,,יח`,1,,false,1,15.90,15.90,false,1,
7290011877859,false,אינסטלטור פותח סתימות סנו (200 גרם),החברה הדרומית לשיווק בעמ,,,יח`,2,"100 מ""ל",false,1,15.90,7.95,true,1,
7290011877866,false,סנו מקסימה 6 קג מאסק,החברה הדרומית לשיווק בעמ,,,יח`,6,"ק""ג",false,1,49.90,8.32,true,1,
7290011923273,false,טופו אורגני ליב (300 גרם),ל.י.ב. (לחיות יותר בטבע) בעמ,,,יח`,3,100 גרם,false,1,12.20,4.07,false,1,
7290011923303,false,טופו טבעי ליב (300 גרם),ל.י.ב. (לחיות יותר בטבע) בעמ,,,יח`,3,100 גרם,false,1,10.50,3.50,false,1,
7290011947309,false,זית סורי עם לימון כבוש זיתא (230 גרם),תה ויסוצקי (ישראל) בעמ,,,יח`,2.30,100 גרם,false,1,14.90,6.48,false,1,
7290011947316,false,זיתי קלמטה 215 גר,תה ויסוצקי (ישראל) בעמ,,,יח`,2.15,100 גרם,false,1,14.90,6.93,false,1,
7290011947521,false,זיתא בדץ כמ בטע 750 מל,תה ויסוצקי (ישראל) בעמ,,,יח`,7.50,"100 מ""ל",false,1,29.90,3.99,true,1,
7290011947743,false,זית ירוק מיקס זית ירוק וזית קלמטה זיתא(,תה ויסוצקי (ישראל) בעמ,,,יח`,2.17,100 גרם,false,1,14.90,6.87,false,1,
7290011947781,false,מיקס זית ירוק וזית קלמטה ללא גלעין עם שמ,תה ויסוצקי (ישראל) בעמ,,,יח`,1.90,100 גרם,false,1,14.90,7.84,false,1,
7290011947798,false,זית קלמטה ללא גלעין עם שמן זית כתית מעול,תה ויסוצקי (ישראל) בעמ,,,יח`,1.90,100 גרם,false,1,14.90,7.84,false,1,
7290011947873,false,זית קלמטה בפח זיתא 440 גר,תה ויסוצקי (ישראל) בעמ,,,יח`,4.40,100 גרם,false,1,20.90,4.75,true,1,
7290011947903,false,מיקס זיתים יווני,תה ויסוצקי (ישראל) בעמ,,,יח`,2.15,100 גרם,false,1,14.90,6.93,false,1,
7290011964344,false,שום גבישי 120 גר`,תבליני טעם וריח בעמ,,,יח`,1.20,100 גרם,false,1,9.90,8.25,true,1,
7290011964658,false,מלח לימון 170 גר`,תבליני טעם וריח בעמ,,,יח`,1.70,100 גרם,false,1,9.90,5.82,true,1,
7290011964689,false,תיבול על האש 100 גר`,תבליני טעם וריח בעמ,,,יח`,1,100 גרם,false,1,9.90,9.90,true,1,
7290011964702,false,תיבול לשווארמה 100 גר`,תבליני טעם וריח בעמ,,,יח`,1,100 גרם,false,1,9.90,9.90,true,1,
7290011969158,false,מגבונים לחים טייגר חמישייה 72 יח,פאלאס תעשיות נטו (2014) בעמ,,,יח`,5,יח`,false,1,13.90,2.78,false,1,
7290011996062,false,אורז לסושי טעמי אסיה (1 קג),טחנת האבן קואופ בעמ,,,יח`,1,"ק""ג",false,1,14.90,14.90,true,1,
7290011996086,false,צ`ילי חריף 700,טחנת האבן קואופ בעמ,,,יח`,7,"100 מ""ל",false,1,10.90,1.56,false,1,
7290011996109,false,רוטב צ`ילי מתוק טעמי אסיה (700 מל),טחנת האבן קואופ בעמ,,,יח`,7,"100 מ""ל",false,1,10.90,1.56,false,1,
7290011996123,false,אצות נורי גולד טעמי אסיה (10),טחנת האבן קואופ בעמ,,,יח`,0.25,100 גרם,false,1,12.90,51.60,true,1,
7290011996130,false,אצות נורי סילוור טעמי אסיה) (10,טחנת האבן קואופ בעמ,,,יח`,0.25,100 גרם,false,1,9.90,39.60,false,1,
7290011996185,false,חומץ אורז לבן לסושי טעמי אסיה (250 מל),טחנת האבן קואופ בעמ,,,יח`,2.50,"100 מ""ל",false,1,11.90,4.76,true,1,
7290011996222,false,מי קוקוס טעמי אסיה (400 מל),טחנת האבן קואופ בעמ,,,יח`,4,"100 מ""ל",false,1,9.90,2.48,false,1,
7290011996512,false,אטריות אורז 3 סמ טעמי אסיה (400 גרם),טחנת האבן קואופ בעמ,,,יח`,4,100 גרם,false,1,11.90,2.98,false,1,
7290011996529,false,אטריות אורז 5 סמ טעמי אסיה (400 גרם),טחנת האבן קואופ בעמ,,,יח`,4,100 גרם,false,1,11.90,2.98,false,1,
7290011996604,false,רוטב פאד תאי טעמי אסיה (300 מל),טחנת האבן קואופ בעמ,,,יח`,3.66,100 גרם,false,1,19.90,5.44,false,1,
7290011996758,false,קמח טמפורה כשר מזרח ומערב 500 גר`,טחנת האבן קואופ בעמ,,,יח`,5,100 גרם,false,1,12.90,2.58,false,1,
7290011996789,false,פנקו טעמי אסיה (200 גרם),טחנת האבן קואופ בעמ,,,יח`,2,100 גרם,false,1,11.90,5.95,false,1,
7290011996888,false,רוטב טריאקי טעמי אסיה (300 מל),טחנת האבן קואופ בעמ,,,יח`,3,"100 מ""ל",false,1,12.90,4.30,false,1,
7290012001994,false,חרדל דיגון גרעינים 350 גרם,דיפלומט היינץ,,,יח`,3.40,100 גרם,false,1,14.20,4.18,false,1,
7290012022005,false,קריספיות,דילייט 2005 בעמ,,,יח`,0.60,100 גרם,false,1,12.90,21.50,false,1,
7290012022050,false,קריספיות חיטה מלאה,דילייט 2005 בעמ,,,יח`,0.75,100 גרם,false,1,13.90,18.53,false,1,
7290012022067,false,קריספיות קידס 30 גרם,דילייט 2005 בעמ,,,יח`,0.30,100 גרם,false,1,10.90,36.33,false,1,
7290012116674,false,קרמה מן דאודורנט ג`ל 75 מל,החברה הדרומית לשיווק בעמ,,,יח`,0.75,"100 מ""ל",false,1,13.90,18.53,true,1,
7290012116698,false,קרמה מן דאודורנט,החברה הדרומית לשיווק בעמ,,,יח`,0.75,"100 מ""ל",false,1,13.90,18.53,true,1,
7290012117275,false,סנוקליר שקית מילוי 750 מל,החברה הדרומית לשיווק בעמ,,,יח`,7.50,"100 מ""ל",false,1,6.90,0.92,true,1,
7290012117350,false,ריצפז פרש 2 ליטר לילך,החברה הדרומית לשיווק בעמ,,,יח`,2,1 ליטר,false,1,20.90,10.45,true,1,
7290012117541,false,סנו מקסימה מרכך 1 ליטר צהוב,החברה הדרומית לשיווק בעמ,,,יח`,1,1 ליטר,false,1,18.90,18.90,true,1,
7290012117558,false,סנו מקסימה מרכך 1 ליטר ורוד בהיר,החברה הדרומית לשיווק בעמ,,,יח`,1,1 ליטר,false,1,18.90,18.90,true,1,
7290012117732,false,סנו מקסימה4 ליטר,החברה הדרומית לשיווק בעמ,,,יח`,4,1 ליטר,false,1,22.40,5.60,true,1,
7290012117916,false,סנו אינסטלטור נוזלי 1 ליטר,החברה הדרומית לשיווק בעמ,,,יח`,1,1 ליטר,false,1,27.90,27.90,true,1,
7290012159275,false,מיונז לינה (430 גרם),יורוסטנדרט בעמ,,,יח`,4.30,100 גרם,false,1,11.30,2.63,false,1,
7290012226120,false,קבנוס זוגלובק (45x3 גרם),זוגלובק שיווק בעמ,,,יח`,1.35,100 גרם,false,1,12.50,9.26,true,1,
7290012226342,false,נקניקיה טבעונית עשירה בחלבון 460 גר`זוג,זוגלובק שיווק בעמ,,,יח`,4.60,100 גרם,false,1,29.90,6.50,true,1,
7290012227172,false,חרמון כפרית 300 גר`+ברביקיו 300 גר`,זוגלובק שיווק בעמ,,,יח`,6,100 גרם,false,1,35.60,5.93,true,1,
7290012227974,false,פסטרמה בדבש 120 גר`זוגלובק,זוגלובק שיווק בעמ,,,יח`,1.20,100 גרם,false,1,14.80,12.33,true,1,
7290012227981,false,פסטרמה ברביקין 120 גר`זוגלובק,זוגלובק שיווק בעמ,,,יח`,1.20,100 גרם,false,1,14.80,12.33,true,1,
7290012228261,false,נקנקיות בוקוורסט הודו 300 גר,זוגלובק שיווק בעמ,,,יח`,3,100 גרם,false,1,21.40,7.13,false,1,
7290012228278,false,נקנקיות בוקוורסט הודו ובקר 310 גר,זוגלובק שיווק בעמ,,,יח`,3.10,100 גרם,false,1,21.40,6.90,false,1,
7290012275241,false,טונה בוניטו בודד בשמן,בני פאוזי שמשום (2009) בעמ,,,יח`,1,,false,1,4.90,4.90,false,1,
7290012349850,false,חטיף תמר בתוספת חלווה וקשיו 40 גר`,אבאל יזמות בעמ,,,יח`,0.40,100 גרם,false,1,8.90,22.25,true,1,
7290012404955,false,נקטר חמוציות ספרינג קולקשן (1.25 ליטר),יפאורה,,,יח`,1.25,1 ליטר,false,1,16.90,13.28,true,1,
7290012404993,false,חמוציות דיאט ספרינג קולקשן (1.25 ליטר),יפאורה,,,יח`,1.25,1 ליטר,false,1,16.90,13.28,true,1,
7290012413643,false,תה ירוק קמומיל ויסוצקי (25),תה ויסוצקי (ישראל) בעמ,,,יח`,0.3750,100 גרם,false,1,27.90,74.40,true,1,
7290012561405,false,בצל קצוץ ומטוגן דורות (180 גרם),קבוצת אסם סחר שות. מוגבלת,,,יח`,1.80,100 גרם,false,1,13.20,7.33,false,1,
7290012645020,false,יוגורט 500 מל חלב הארץ,שטראוס גרופ בעמ/מצונן,,,יח`,5,"100 מ""ל",false,1,12.80,2.56,true,1,
7290012645051,false,יוגורט עיזים בגביע 350 גר`חלב הארץ,שטראוס גרופ בעמ/מצונן,,,יח`,3.50,100 גרם,false,1,11.90,3.40,false,1,
7290012645075,false,יוגורט כבשים בגביע 350 גר` חלב הארץ,שטראוס גרופ בעמ/מצונן,,,יח`,3.50,100 גרם,false,1,11.90,3.40,false,1,
7290012645112,false,יוגורט עיזים 750 מל בדלי,שטראוס גרופ בעמ/מצונן,,,יח`,7.50,"100 מ""ל",false,1,20.90,2.79,false,1,
7290012645129,false,יוגורט כבשים 750 מל בדלי חלב הארץ,שטראוס גרופ בעמ/מצונן,,,יח`,7.50,"100 מ""ל",false,1,20.90,2.79,false,1,
7290012645174,false,גבינת עיזים 5% חלב הארץ 200 גר`,שטראוס גרופ בעמ/מצונן,,,יח`,2,100 גרם,false,1,14.90,7.45,true,1,
7290012645181,false,לאבנה עיזים 5% חלב הארץ 200 גר`,שטראוס גרופ בעמ/מצונן,,,יח`,2,100 גרם,false,1,14.90,7.45,true,1,
7290012645297,false,יוגורט עיזים בטעם טיבעי 150 גר` חלב האר,שטראוס גרופ בעמ/מצונן,,,יח`,1.50,100 גרם,false,1,5.90,3.93,false,1,
7290012645389,false,יוגורט עיזים טבעי 1 ליטר בבקבוק חלב האר,שטראוס גרופ בעמ/מצונן,,,יח`,0.01,"100 מ""ל",false,1,21.90,2190,false,1,
7290012803215,false,טוסו וופל בלגי ללתס בטעם שוקולד 200 גר`,דנשר (1963) בעמ,,,יח`,2,100 גרם,false,1,11.50,5.75,false,1,
7290012803222,false,טוסו וופל בלגי ללתס בטעם לימון 200 גר`,דנשר (1963) בעמ,,,יח`,2,100 גרם,false,1,11.50,5.75,false,1,
7290012803451,false,טוסו שוקולד מריר ללתס 100 גר` 62%,דנשר (1963) בעמ,,,יח`,1,100 גרם,false,1,14.20,14.20,false,1,
7290012803765,false,טוסו שוקולד מריר ללתס 100 גר`,דנשר (1963) בעמ,,,יח`,1,100 גרם,false,1,14.20,14.20,false,1,
7290012823251,false,אל סבון נוזלי יסמין ולבנדר כיף (1 ליטר),החברה הדרומית לשיווק בעמ,,,יח`,1,1 ליטר,false,1,15.20,15.20,true,1,
7290012823381,false,סנו מקסימה מרכך 1 ליטר ורוד פסים,החברה הדרומית לשיווק בעמ,,,יח`,1,1 ליטר,false,1,18.90,18.90,true,1,
7290012823541,false,סנו פרש מטליות לחות לרצפה ריצפז) (10,החברה הדרומית לשיווק בעמ,,,יח`,1,,false,1,12.90,12.90,true,1,
7290012823589,false,ריצפז פרש 2 ליטר,החברה הדרומית לשיווק בעמ,,,יח`,2000,1 ליטר,false,1,20.90,0.01,true,1,
7290012823602,false,נייר טואלט סופט 32 גלילים,החברה הדרומית לשיווק בעמ,,,יח`,1,,false,1,35.90,35.90,true,1,
7290012823923,false,סנו מקסימה מרכך 750 מל זהב,החברה הדרומית לשיווק בעמ,,,יח`,7.50,"100 מ""ל",false,1,18.90,2.52,true,1,
7290012864001,false,נבטי חמניה,א.אדמה (2007) בעמ,,,יח`,1,,false,1,10.90,10.90,false,1,
7290012864025,false,אלפלפא,א.אדמה (2007) בעמ,,,יח`,1,,false,1,7.90,7.90,false,1,
7290012884986,false,צ`יפס לתנור עד 4% שומן תפוגן (1.5 קג),קבוצת אסם סחר שות. מוגבלת,,,יח`,15,100 גרם,false,1,26.50,1.77,false,1,
7290012901355,false,ארוחת אטריות עם גבינה 206 גר`Doodles,מור-ים מרקטינג בעמ,,,יח`,2.06,100 גרם,false,1,11.90,5.78,false,1,
7290012901959,false,ארוחת אטריות עם גבינה מסולסלים 156 גר`,מור-ים מרקטינג בעמ,,,יח`,2.06,100 גרם,false,1,11.90,5.78,false,1,
7290012911156,false,רוטב טריאקי שומשום 300 מל,טחנת האבן קואופ בעמ,,,יח`,3,"100 מ""ל",false,1,15.90,5.30,false,1,
7290012911293,false,דפי אורז 22 סמ טעמי אסיה (300 גרם)-ללא,טחנת האבן קואופ בעמ,,,יח`,3,100 גרם,false,1,12.90,4.30,true,1,
7290012911415,false,ממרח קארי ירוק טעמי אסיה (400 גרם),טחנת האבן קואופ בעמ,,,יח`,4,100 גרם,false,1,19.50,4.88,true,1,
7290012911422,false,ממרח קארי אדום טעמי אסיה (400 גרם),טחנת האבן קואופ בעמ,,,יח`,4,100 גרם,false,1,19.50,4.88,true,1,
7290012911439,false,ממרח קארי צהוב 400 גרם,טחנת האבן קואופ בעמ,,,יח`,4,100 גרם,false,1,19.50,4.88,true,1,
7290012911477,false,קרם קוקוס טעמי אסיה (400 מל),טחנת האבן קואופ בעמ,,,יח`,4,100 גרם,false,1,11.90,2.98,false,1,
7290012911583,false,רצועות דלעת כבושה 100 גר`,טחנת האבן קואופ בעמ,,,יח`,1,100 גרם,false,1,12.90,12.90,false,1,
7290012911804,false,שמן שומשום טעמי אסיה (150 מל),טחנת האבן קואופ בעמ,,,יח`,1.50,"100 מ""ל",false,1,16.90,11.27,true,1,
7290012911965,false,ג`ינג`ר לסושי ללא צבע 250 גר,טחנת האבן קואופ בעמ,,,יח`,2.50,100 גרם,false,1,10.90,4.36,false,1,
7290012921025,false,בירה בהירה בירה מלכה (330 מל),הכרם - משקאות חריפים בעמ,,,יח`,3.30,"100 מ""ל",false,1,14.90,4.42,true,1,
7290012921032,false,בירה אדמונית בירה מלכה (330 מל),הכרם - משקאות חריפים בעמ,,,יח`,3.30,"100 מ""ל",false,1,14.90,4.42,true,1,
7290012921056,false,בירה מלכה חיטה 330 מל,הכרם - משקאות חריפים בעמ,,,יח`,3.30,"100 מ""ל",false,1,14.90,4.42,true,1,
7290012936937,false,בהרט תבליני מימון (40 גרם),א.ל.ייצור ושיווק תבלינים בעמ,,,יח`,0.40,100 גרם,false,1,13.20,33,false,1,
7290012938580,false,הלבנה עדינה סנסודיין (75 מל),גורי ע.ע.ע בעמ,,,יח`,0.75,"100 מ""ל",false,1,22.90,30.53,true,1,
7290012938740,false,משחת שיניים בטעם מנטה סנסודיין (75 מל),גורי ע.ע.ע בעמ,,,יח`,0.75,100 גרם,false,1,22.90,30.53,true,1,
7290012962561,false,קיסמי שיניים במבוק הוסטס) (500,אינטרסן 1996 בעמ,,,יח`,1,,false,1,5.50,5.50,true,1,
7290012996672,false,סבון אסלה זוגי הפי,יעקב יעקבי ובניו בעמ,,,יח`,0.88,"100 מ""ל",false,1,11.20,12.73,false,1,
7290013027399,false,לחם אנג`ל 100 בתוספת שיפון-קל 750גר,שלמה א. אנג`ל בעמ,,,יח`,7.50,100 גרם,false,1,13.90,1.85,false,1,
7290013038432,false,אקווה נובה 2 ליטר בודד,טמפו משקאות בעמ,,,יח`,2,1 ליטר,false,1,4.90,2.30,false,1,
7290013117212,false,בורקס פילו גבינה מעדנות,תנובה קפואים,,,יח`,6,100 גרם,false,1,24.40,4.07,false,1,
7290013117229,false,בורקס פילו תפוא מעדנות,תנובה קפואים,,,יח`,6,100 גרם,false,1,24.40,4.07,false,1,
7290013117410,false,בצק פריך מתוק 900 גר`מעדנות,תנובה קפואים,,,יח`,9,100 גרם,false,1,25.50,2.83,false,1,
7290013121028,false,לחם לבן גרין לייט (500 גרם),גורי ע.ע.ע בעמ,,,יח`,5,100 גרם,false,1,19.90,3.98,false,1,
7290013121035,false,לחם פשתן 500 גר`ללא גלוטן,גורי ע.ע.ע בעמ,,,יח`,5,100 גרם,false,1,20.90,4.18,false,1,
7290013121127,false,לחמיני`ס גרין לייט (420 גרם),גורי ע.ע.ע בעמ,,,יח`,4.80,100 גרם,false,1,18.90,3.94,false,1,
7290013121158,false,לחמניות סנדוויץ`גרין לייט (115x4 גרם),גורי ע.ע.ע בעמ,,,יח`,1,,false,1,18.90,18.90,false,1,
7290013121776,false,לחם כפרי ללס גרין לייט (700 גרם),גורי ע.ע.ע בעמ,,,יח`,7,100 גרם,false,1,21.90,3.13,false,1,
7290013128324,false,ענבים שחורים,לכיש מושב עובדים להתישבות*30 י,,,"ק""ג",1,,true,1,15.90,15.90,false,1,
7290013144171,false,תערובת עוגת שוקולד 560 גר`,א.ל.ייצור ושיווק תבלינים בעמ,,,יח`,5.60,100 גרם,false,1,19.90,3.55,true,1,
7290013144218,false,תערובת עוגת וניל מימונס (560 גרם),א.ל.ייצור ושיווק תבלינים בעמ,,,יח`,5.60,100 גרם,false,1,19.90,3.55,true,1,
7290013144232,false,פודינג בטעם וניל 85 גר` מימונס,א.ל.ייצור ושיווק תבלינים בעמ,,,יח`,0.85,100 גרם,false,1,6.90,8.12,true,1,
7290013144393,false,תמצית אפיה בטעם וניל מימונס (50 מל),א.ל.ייצור ושיווק תבלינים בעמ,,,יח`,0.50,100 גרם,false,1,5.90,11.80,false,1,
7290013144515,false,צבע מאכל צהוב מימונס (50 מל),א.ל.ייצור ושיווק תבלינים בעמ,,,יח`,0.50,100 גרם,false,1,6.90,13.80,false,1,
7290013144522,false,צבע מאכל ירוק מימונס (50 מל),א.ל.ייצור ושיווק תבלינים בעמ,,,יח`,0.50,100 גרם,false,1,6.90,13.80,false,1,
7290013144539,false,צבע מאכל אדום מימונס (50 מל),א.ל.ייצור ושיווק תבלינים בעמ,,,יח`,0.50,100 גרם,false,1,6.90,13.80,false,1,
7290013144560,false,צבע מאכל כחול מימונס (50 מל),א.ל.ייצור ושיווק תבלינים בעמ,,,יח`,0.50,100 גרם,false,1,6.90,13.80,false,1,
7290013144911,false,מיקס שוקולד צ`יפס מריר וחלב 250 גר`,א.ל.ייצור ושיווק תבלינים בעמ,,,יח`,2.50,100 גרם,false,1,15.90,6.36,false,1,
7290013145062,false,100%סירופ מייפל אמיתי 187 מל,א.ל.ייצור ושיווק תבלינים בעמ,,,יח`,1.87,"100 מ""ל",false,1,31.60,16.90,true,1,
7290013145116,false,שקד מולבן מקלות מימונס (100 גרם),א.ל.ייצור ושיווק תבלינים בעמ,,,יח`,1,100 גרם,false,1,11.90,11.90,true,1,
7290013145123,false,שקד מולבן פרוס100 גר`,א.ל.ייצור ושיווק תבלינים בעמ,,,יח`,1,100 גרם,false,1,11.90,11.90,true,1,
7290013145178,false,קוקוס לבן טחון מימונס (100 גרם),א.ל.ייצור ושיווק תבלינים בעמ,,,יח`,1,100 גרם,false,1,6.90,6.90,false,1,
7290013145215,false,שומשום מימונס (400 גרם),א.ל.ייצור ושיווק תבלינים בעמ,,,יח`,4,100 גרם,false,1,14.90,3.73,false,1,
7290013145277,false,עלים לקרמשניט 300 גר,א.ל.ייצור ושיווק תבלינים בעמ,,,יח`,3,100 גרם,false,1,17.90,5.97,false,1,
7290013145390,false,שוקולד צ`יפס מימונס (250 גרם),א.ל.ייצור ושיווק תבלינים בעמ,,,יח`,2.50,100 גרם,false,1,11.90,4.76,false,1,
7290013145406,false,שוקולד צ`יפס לבן מימונס (250 גרם),א.ל.ייצור ושיווק תבלינים בעמ,,,יח`,2.50,100 גרם,false,1,11.90,4.76,false,1,
7290013145437,false,שוקולד צ`יפס 45% מימונס (250 גרם),א.ל.ייצור ושיווק תבלינים בעמ,,,יח`,2.50,100 גרם,false,1,14.90,5.96,false,1,
7290013145567,false,מיני מיני עדשים מימונס (90 גרם),א.ל.ייצור ושיווק תבלינים בעמ,,,יח`,0.90,100 גרם,false,1,12.90,14.33,false,1,
7290013145574,false,ערכת קישוט לעוגות מימונס (100 גרם),א.ל.ייצור ושיווק תבלינים בעמ,,,יח`,1,100 גרם,false,1,14.90,14.90,false,1,
7290013145628,false,סוכריות צבעוניות לקישוט 200 גר,א.ל.ייצור ושיווק תבלינים בעמ,,,יח`,2,100 גרם,false,1,10.90,5.45,false,1,
7290013145840,false,סוכר וניל מימונס (10x10 גרם),א.ל.ייצור ושיווק תבלינים בעמ,,,יח`,10,יח`,false,1,3.90,0.39,false,1,
7290013145857,false,אבקת אפיה מימונס (10x10 גרם),א.ל.ייצור ושיווק תבלינים בעמ,,,יח`,10,יח`,false,1,3.90,0.39,false,1,
7290013145918,false,אבקת סוכר מימונס (100 גרם),א.ל.ייצור ושיווק תבלינים בעמ,,,יח`,1,100 גרם,false,1,4.90,4.90,false,1,
7290013145963,false,שמרים יבשים בואקום מימונס (125 גרם),א.ל.ייצור ושיווק תבלינים בעמ,,,יח`,1.25,100 גרם,false,1,6.90,5.52,false,1,
7290013145970,false,קורנפלור מימונס (200 גרם),א.ל.ייצור ושיווק תבלינים בעמ,,,יח`,2,100 גרם,false,1,5.90,2.95,false,1,
7290013146656,false,כוכבים תכלת ירוק לבן לקישוט 60 גר`מימונ,א.ל.ייצור ושיווק תבלינים בעמ,,,יח`,0.60,100 גרם,false,1,12.90,21.50,false,1,
7290013146663,false,אטריות צבעוניות לקישוט 55 גר` מימונס,א.ל.ייצור ושיווק תבלינים בעמ,,,יח`,0.55,100 גרם,false,1,12.90,23.45,true,1,
7290013146670,false,סוכריות לב סגול לבן לקישוט 60 מימונס,א.ל.ייצור ושיווק תבלינים בעמ,,,יח`,0.60,100 גרם,false,1,12.90,21.50,true,1,
7290013153593,false,פריגת תפוזים מתקתק 100% 1 ליטר,החב` המרכזית - טרה,,,יח`,10,"100 מ""ל",false,1,11.90,1.16,false,1,
7290013215017,false,דואט פטריות -יחידה,חוות השמפיניון בעמ,,,יח`,1,,false,1,18.90,18.90,false,1,
7290013268020,false,סנו מקסימה מרכך 1 ליטר כחול פסים,החברה הדרומית לשיווק בעמ,,,יח`,1,1 ליטר,false,1,18.90,18.90,true,1,
7290013268037,false,סנו מקסימה מרכך 1 ליטר סגול,החברה הדרומית לשיווק בעמ,,,יח`,1,1 ליטר,false,1,18.90,18.90,true,1,
7290013268372,false,פוליוויקס פרקט סנו בתוספת שמן ארגן (2 לי,החברה הדרומית לשיווק בעמ,,,יח`,20,"100 מ""ל",false,1,20.90,1.05,false,1,
7290013268839,false,פוליוויקס פרקט סנו (2 ליטר),החברה הדרומית לשיווק בעמ,,,יח`,20,"100 מ""ל",false,1,20.90,1.05,false,1,
7290013268907,false,מקסימה ג`ל כביסה 3 ליטר,החברה הדרומית לשיווק בעמ,,,יח`,3,1 ליטר,false,1,34.60,11.53,true,1,
7290013268983,false,סנו מקסימה מרכך 1 ליטר MOMENTS OF JOY,החברה הדרומית לשיווק בעמ,,,יח`,1,1 ליטר,false,1,18.90,18.90,true,1,
7290013268990,false,מקסימה מרכך סופר מרוכז ביו סנו (1 ליטר),החברה הדרומית לשיווק בעמ,,,יח`,1,1 ליטר,false,1,18.90,18.90,true,1,
7290013269003,false,סנו מקסימה מרכך 1 ליטר כחול בייבי,החברה הדרומית לשיווק בעמ,,,יח`,10,"100 מ""ל",false,1,20.90,2.09,true,1,
7290013269263,false,מקסימה ג`ל כביסה 3 ליטר,החברה הדרומית לשיווק בעמ,,,יח`,3,1 ליטר,false,1,34.60,11.53,true,1,
7290013269287,false,מקסימה ג`ל כביסה 3 ליטר,החברה הדרומית לשיווק בעמ,,,יח`,3000,1 ליטר,false,1,34.60,0.01,true,1,
7290013269300,false,סושי ניילון נצמד פלוס סנו (150 מטר),החברה הדרומית לשיווק בעמ,,,יח`,1,,false,1,21.90,21.90,true,1,
7290013269645,false,ריצפז פרש מטליות חד פעמיות 10 יח`,החברה הדרומית לשיווק בעמ,,,יח`,1,,false,1,12.90,12.90,true,1,
7290013269652,false,פוליויקס גרניט פורצלן 2 ליטר,החברה הדרומית לשיווק בעמ,,,יח`,2,1 ליטר,false,1,23.90,11.95,true,1,
7290013269669,false,ריצפז 3 ליטר פנטזיה,החברה הדרומית לשיווק בעמ,,,יח`,3,1 ליטר,false,1,13.90,4.63,true,1,
7290013269751,false,ריצפז פרש מטליות חד פעמיות 10 יח`,החברה הדרומית לשיווק בעמ,,,יח`,1,,false,1,12.90,12.90,true,1,
7290013269850,false,נייר אפיה אקולוגי סנו (50),החברה הדרומית לשיווק בעמ,,,יח`,50,יח`,false,1,15.90,0.32,true,1,
7290013276117,false,בירה נגב אואזיס 330 מל,הכרם - משקאות חריפים בעמ,,,יח`,3.30,"100 מ""ל",false,1,14.90,4.42,true,1,
7290013276124,false,בירה נגב אמבר אייל 330 מל,הכרם - משקאות חריפים בעמ,,,יח`,3.30,"100 מ""ל",false,1,14.90,4.42,true,1,
7290013284051,false,פריניר טריו זיתים 560ג.,אבאל יזמות בעמ,,,יח`,5.60,100 גרם,false,1,8.90,1.59,true,1,
7290013284082,false,פריניר זית מושחר ללא גלעין 560ג,אבאל יזמות בעמ,,,יח`,5.60,100 גרם,false,1,8.90,1.59,true,1,
7290013284105,false,פריניר זיתים טבעות ירוק a2,אבאל יזמות בעמ,,,יח`,5.60,100 גרם,false,1,8.50,1.52,true,1,
7290013284112,false,פריניר זיתים חרוזית ירוק a2,אבאל יזמות בעמ,,,יח`,1,100 גרם,false,1,8.50,8.50,true,1,
7290013284136,false,פריניר מלפפון במלח 7-9 560ג.,אבאל יזמות בעמ,,,יח`,5.60,100 גרם,false,1,6.90,1.23,true,1,
7290013284143,false,פריניר מלפפונים במלח 10-12 560ג.,אבאל יזמות בעמ,,,יח`,5.60,100 גרם,false,1,7.90,1.41,true,1,
7290013284150,false,פריניר מלפפונים במלח 13-17 560ג,אבאל יזמות בעמ,,,יח`,5.60,100 גרם,false,1,9.90,1.77,true,1,
7290013284181,false,פריניר מלפפונים בחומץ10-12 560ג.,אבאל יזמות בעמ,,,יח`,5.60,100 גרם,false,1,7.90,1.41,true,1,
7290013284198,false,פריניר מלפפון בחומץ 13-17,אבאל יזמות בעמ,,,יח`,1,,false,1,9.90,9.90,true,1,
7290013284310,false,רוטב פסטה 240 גר` פריניר,אבאל יזמות בעמ,,,יח`,2.40,100 גרם,false,1,5.90,2.46,true,1,
7290013310378,false,כפפות ניטריל כחולות S איזי טאצ` (80),אינטרסן 1996 בעמ,,,יח`,80,יח`,false,1,25.90,0.32,true,1,
7290013358356,false,פירורי לחם מוזהבים מאסטר שף (320גרם),ש.שסטוביץ בעמ,,,יח`,3.20,100 גרם,false,1,7.90,2.47,false,1,
7290013358363,false,פירורי לחם פנקו מוזהבים 300 גר`מנה מאסט,ש.שסטוביץ בעמ,,,יח`,3,100 גרם,false,1,11.20,3.73,false,1,
7290013358417,false,רוטב טריאקי מאסטר שף (300 מל),ש.שסטוביץ בעמ,,,יח`,3,"100 מ""ל",false,1,12.90,4.30,false,1,
7290013358462,false,מיני קרוטונים שום בצל 350 גר`מנה מאסטר,ש.שסטוביץ בעמ,,,יח`,3.50,100 גרם,false,1,19.90,5.69,false,1,
7290013358530,false,רוטב צ`ילי מתוק מאסטר שף (700 מל),ש.שסטוביץ בעמ,,,יח`,7,"100 מ""ל",false,1,14.90,2.13,false,1,
7290013358585,false,נודלס ביצים 400 גר`מנה מאסטר שף,ש.שסטוביץ בעמ,,,יח`,4,100 גרם,false,1,10.90,2.73,false,1,
7290013430083,false,אלכסנדר בלונד בירה 330 מל,אגודת הכורמים,,,יח`,3.30,"100 מ""ל",false,1,13.90,4.12,true,1,
7290013430090,false,בירה אלכסנדר אמברה בקבוק 330 מל,אגודת הכורמים,,,יח`,3.30,"100 מ""ל",false,1,13.90,4.12,true,1,
7290013492005,false,תפוא ננסי מיקרוגל,א.אדמה (2007) בעמ,,,יח`,1,,false,1,8.90,8.90,false,1,
7290013531346,false,סירופ 1 ליטר דיאט לימונענע,זנלכל בעמ,,,יח`,10,"100 מ""ל",false,1,17.90,1.79,false,1,
7290013531759,false,שעועית לבנה מבושלת במים יכין (550 גרם),זנלכל בעמ,,,יח`,5.50,100 גרם,false,1,11.50,2.09,false,1,
7290013534057,false,צ`יפס בטטה 100 גרכשלפ,מיה תעשיות מזון מ.ת.מ. בעמ,,,יח`,1,100 גרם,false,1,11.20,11.20,true,1,
7290013585233,false,ספרייט זירו 330 מלסילק,החברה המרכזית להפצת משקאות בעמ,,,יח`,3.30,"100 מ""ל",false,1,4.30,1.21,true,1,
7290013585257,false,ספרייט זירו 500 מל,החברה המרכזית להפצת משקאות בעמ,,,יח`,5,"100 מ""ל",false,1,6.90,1.32,false,1,
7290013585387,false,בקבוק זירו קוקה-קולה (1 ליטר),החברה המרכזית להפצת משקאות בעמ,,,יח`,10,"100 מ""ל",false,1,7.90,0.76,false,1,
7290013585394,false,בקבוק קוקה-קולה (1 ליטר),החברה המרכזית להפצת משקאות בעמ,,,יח`,10,"100 מ""ל",false,1,7.90,0.76,false,1,
7290013608260,false,מיץ רימונים סחוט פרימור (1 ליטר),שטראוס גרופ בעמ/מצונן,,,יח`,1,1 ליטר,false,1,21.90,21.90,false,1,
7290013652157,false,מגבונים להסרת איפור נטורל קר,פישר תעשיות פרמצבטיות בעמ,,,יח`,1,,false,1,25.50,25.50,false,1,
7290013675545,false,שניצל כלי תחבורה מאמא עוף (700 גרם),תנובה קפואים,,,יח`,7,100 גרם,false,1,36.90,5.27,false,1,
7290013677563,false,קינואה אדומה מיה (500 גרם),מיה תעשיות מזון מ.ת.מ. בעמ,,,יח`,5,100 גרם,false,1,21.40,4.28,true,1,
7290013702036,false,שוופס ווטר אפרסק 500מל,יפאורה,,,יח`,5,"100 מ""ל",false,1,5.90,1.12,true,1,
7290013702500,false,שוופס דיאט למון ליים ללס 1.5 ל`,יפאורה,,,יח`,15,"100 מ""ל",false,1,7.70,0.51,false,1,
7290013713049,false,בירה ג`מס בקבוק 8.80% אלכוהול ( 330 מל),אגודת הכורמים,,,יח`,3.30,"100 מ""ל",false,1,13.90,4.12,true,1,
7290013725769,false,נודלס עבה 400 גר`,דין שיווק וקליה 2021 בעמ,,,יח`,4,100 גרם,false,1,8.50,2.13,false,1,
7290013787392,false,ריקו רבילוי גבינות קלאסי 330 גר`,תנובה - חלב,,,יח`,3.30,100 גרם,false,1,27.90,8.45,false,1,
7290013787408,false,ריקו רביולי בטטה 330 גר`,תנובה - חלב,,,יח`,3.30,100 גרם,false,1,27.90,8.45,false,1,
7290013787415,false,ריקו רביולי ריקוטה תרד 330 גר`,תנובה - חלב,,,יח`,3.30,100 גרם,false,1,27.90,8.45,false,1,
7290013847454,false,טונה סטאריקיסט בשמן קנולה רביעייה 160 גר,סטארקיסט דיפלומט היינץ,,,יח`,6.40,100 גרם,false,1,25.90,4.05,true,1,
7290013847812,false,ס.ק טונה ילופין בשמן זית מעולה 140 גר`,סטארקיסט דיפלומט היינץ,,,יח`,1.40,100 גרם,false,1,11.20,8,false,1,
7290013848345,false,מטליות לניקוי לחיטוי ולניקוי 50 יח סנו,החברה הדרומית לשיווק בעמ,,,יח`,1,,false,1,20.90,20.90,true,1,
7290013848383,false,ג`ל רחצה לגבר אקטיב בלוק קרמה (700 מל),החברה הדרומית לשיווק בעמ,,,יח`,7,"100 מ""ל",false,1,16,2.29,true,1,
7290013848611,false,רדיד אלומיניום סנו סושי (61 מטר),החברה הדרומית לשיווק בעמ,,,יח`,1,,false,1,42.90,42.90,true,1,
7290013848758,false,סנו מקסימה ג`ל מרוכז בייבי,החברה הדרומית לשיווק בעמ,,,יח`,3,1 ליטר,false,1,33.90,11.30,false,1,
7290013903310,false,טופו אורגני 500 יח 2 יח נפרדות ליב,ל.י.ב. (לחיות יותר בטבע) בעמ,,,יח`,5,100 גרם,false,1,18.90,3.78,true,1,
7290013903327,false,טופו טבעי 500 יח 2 יח נפרדות ליב,ל.י.ב. (לחיות יותר בטבע) בעמ,,,יח`,5,100 גרם,false,1,16.90,3.38,true,1,
7290013903594,false,רסק תפוחי עץ ליב 670 גר`,ל.י.ב. (לחיות יותר בטבע) בעמ,,,יח`,6.70,100 גרם,false,1,12.20,1.82,true,1,
7290013906441,false,קבנוס 120 גר` טירת צבי,תנובה קפואים,,,יח`,1.20,100 גרם,false,1,13.20,11,true,1,
7290013906458,false,קבנוס 120 גר` פיקנטי טירת צבי,תנובה קפואים,,,יח`,1.20,100 גרם,false,1,13.20,11,true,1,
7290013927002,false,עוגיות דקליות בטעם שוקולד אחוה (400 גרם),אחדות בעמ,,,יח`,4,100 גרם,false,1,9.90,2.48,false,1,
7290013927033,false,מעמולים במגש אחוה (600 גרם),אחדות בעמ,,,יח`,6,100 גרם,false,1,10.90,1.82,false,1,
7290013927040,false,עוגיות ממולאות שוקולד אחוה (600 גרם),אחדות בעמ,,,יח`,6,100 גרם,false,1,10.90,1.82,false,1,
7290013927156,false,עוגת פירות יער ללתס 450 גר`אחוה,אחדות בעמ,,,יח`,4.50,100 גרם,false,1,13.90,3.09,false,1,
7290013927514,false,רוגעלך קינמון במגש 400 גר`אחוה,אחדות בעמ,,,יח`,4,100 גרם,false,1,10.90,2.73,false,1,
7290014002135,false,תה ירוק מיקס 5 טעמים ויסוצקי (25),תה ויסוצקי (ישראל) בעמ,,,יח`,0.3750,100 גרם,false,1,27.90,74.40,true,1,
7290014002203,false,חליטת לימונית לואיזה ויסוצקי) (25,תה ויסוצקי (ישראל) בעמ,,,יח`,0.3750,100 גרם,false,1,17.90,47.73,true,1,
7290014002944,false,תה חמדת השקד ויסוצקי הגן הקסום) (25,תה ויסוצקי (ישראל) בעמ,,,יח`,1,,false,1,17.90,17.90,true,1,
7290014046436,false,נשנושי קבנוס יחיעם (125 גרם),מעדני יחיעם (1993) בעמ,,,יח`,1.25,100 גרם,false,1,13.20,10.56,false,1,
7290014083813,false,שפורטים בשמן וילי פוד (190 גרם),ג.וילי-פוד אינטרנשיונל בעמ,,,יח`,1.90,100 גרם,false,1,8.90,4.68,false,1,
7290014094345,false,ששון הקולה גרעיני חמניה קלופים,דין שיווק וקליה 2021 בעמ,,,יח`,3,100 גרם,false,1,11.90,3.97,false,1,
7290014094352,false,אגוז מלך טבעי ששון הקולה (200 גרם),דין שיווק וקליה 2021 בעמ,,,יח`,2,100 גרם,false,1,15.90,7.95,true,1,
7290014094369,false,שקד טבעי קלוף ששון הקולה (200 גרם),דין שיווק וקליה 2021 בעמ,,,יח`,2,100 גרם,false,1,22.90,11.45,false,1,
7290014094376,false,שזיפים ללא גלעין 250 גר`,דין שיווק וקליה 2021 בעמ,,,יח`,2.50,100 גרם,false,1,25.90,10.36,false,1,
7290014094390,false,חמוציות מסוכרות ששון הקולה 250 גר`,דין שיווק וקליה 2021 בעמ,,,יח`,2.50,100 גרם,false,1,13.90,5.56,false,1,
7290014094406,false,צימוק לבן ששון הקולה (330 גרם),דין שיווק וקליה 2021 בעמ,,,יח`,3.30,100 גרם,false,1,18.90,5.73,false,1,
7290014094512,false,רוטב טריאקי 300 מל אהרוני,דין שיווק וקליה 2021 בעמ,,,יח`,3,"100 מ""ל",false,1,11.90,3.97,false,1,
7290014094536,false,רוטב סויה 623 מל- אהרוני,דין שיווק וקליה 2021 בעמ,,,יח`,6.23,"100 מ""ל",false,1,20.90,3.35,false,1,
7290014094628,false,פקאן טבעי ששון הקולה (200 גרם),דין שיווק וקליה 2021 בעמ,,,יח`,2,100 גרם,false,1,28.90,14.45,false,1,
7290014094642,false,אגוזי קשיו טבעיים ששון הקולה (250 גרם),דין שיווק וקליה 2021 בעמ,,,יח`,2,100 גרם,false,1,27.90,13.95,false,1,
7290014094857,false,פקאן סיני 150 גר`,דין שיווק וקליה 2021 בעמ,,,יח`,1.50,100 גרם,false,1,20.90,13.93,false,1,
7290014094864,false,פיסטוק קלוי 170 גר`ששון הקולה,דין שיווק וקליה 2021 בעמ,,,יח`,1.70,100 גרם,false,1,17.90,10.53,false,1,
7290014094901,false,פקאן טבעי 150 גר`,דין שיווק וקליה 2021 בעמ,,,יח`,1.50,100 גרם,false,1,20.90,13.93,false,1,
7290014095861,false,שיבולת שועל דקה שקדיה (500 גרם),דין שיווק וקליה 2021 בעמ,,,יח`,5,100 גרם,false,1,7.10,1.42,true,1,
7290014095946,false,משוקלדים שקד מריר 140 גר`בקופסא,דין שיווק וקליה 2021 בעמ,,,יח`,1.40,100 גרם,false,1,13.20,9.43,false,1,
7290014095953,false,משוקלדים פקאן חלב 140 גר`בקופסא,דין שיווק וקליה 2021 בעמ,,,יח`,1.40,100 גרם,false,1,13.20,9.43,true,1,
7290014095960,false,שיבולת שועל עבה שקדיה (500 גרם),דין שיווק וקליה 2021 בעמ,,,יח`,5,100 גרם,false,1,7.10,1.42,true,1,
7290014204560,false,אל סבון נוזלי פנינה רוזנבלום (500x3 גרם),פנינה רוזנבלום בעמ,,,יח`,1.50,1 ליטר,false,1,10.90,7.27,true,1,
7290014204706,false,אלסבון 1 ליטר משאבה קורלפנינה רוזנבלום,פנינה רוזנבלום בעמ,,,יח`,1,1 ליטר,false,1,10.10,10.10,true,1,
7290014217003,false,פפריקה מעושנת 90 גר`,תבליני טעם וריח בעמ,,,יח`,0.90,100 גרם,false,1,9.90,11,true,1,
7290014217027,false,עוף 120T-BUL גר`,תבליני טעם וריח בעמ,,,יח`,1.20,100 גרם,false,1,12.90,10.75,true,1,
7290014217065,false,אורגנו עלים 30 גר`,תבליני טעם וריח בעמ,,,יח`,0.30,100 גרם,false,1,9.90,33,true,1,
7290014217140,false,ראס אל חנות 100 גר`,תבליני טעם וריח בעמ,,,יח`,1,100 גרם,false,1,9.90,9.90,true,1,
7290014217164,false,פטרוזיליה 20 גר`,תבליני טעם וריח בעמ,,,יח`,0.20,100 גרם,false,1,9.90,49.50,true,1,
7290014217201,false,סומק 45 גר`,תבליני טעם וריח בעמ,,,יח`,0.45,100 גרם,false,1,6.90,15.33,false,1,
7290014217348,false,צ`ילי כתוש 70 גר`,תבליני טעם וריח בעמ,,,יח`,0.70,100 גרם,false,1,9.90,14.14,true,1,
7290014217355,false,קרי אבקה 100 גר`,תבליני טעם וריח בעמ,,,יח`,1,100 גרם,false,1,9.90,9.90,true,1,
7290014217409,false,תערובת עשבי תיבול הרבס דה פרובנס,תבליני טעם וריח בעמ,,,יח`,0.30,100 גרם,false,1,9.90,33,false,1,
7290014217485,false,תיבול קייג`ון 100 גר`,תבליני טעם וריח בעמ,,,יח`,1,100 גרם,false,1,9.90,9.90,true,1,
7290014217492,false,תיבול פילדלפיה 100 גר`,תבליני טעם וריח בעמ,,,יח`,1,100 גרם,false,1,9.90,9.90,true,1,
7290014217515,false,לציפוי מאפה מלוח מיכל 90 גר`טעם וריח,תבליני טעם וריח בעמ,,,יח`,0.90,100 גרם,false,1,11.90,13.22,true,1,
7290014217973,false,צ`לי חריף 150 גר`טעם וריח,תבליני טעם וריח בעמ,,,יח`,1.50,100 גרם,false,1,14.90,9.93,false,1,
7290014218932,false,חטיפי פיצה בתוספת זיתים 710 גר` מעדנות,תנובה קפואים,,,יח`,7.10,100 גרם,false,1,35.90,5.06,false,1,
7290014325036,false,סוכריות ג`לי שמחה 600 גרם,מיה תעשיות מזון מ.ת.מ. בעמ,,,יח`,1,,false,1,21.40,21.40,false,1,
7290014325050,false,קורנפלור מיה (500 גרם),מיה תעשיות מזון מ.ת.מ. בעמ,,,יח`,5,100 גרם,false,1,9.40,1.88,false,1,
7290014397453,false,אוקסיג`ן ג`ל 3 ליטר כביסה לבנה,החברה הדרומית לשיווק בעמ,,,יח`,3,1 ליטר,false,1,32.60,10.87,true,1,
7290014397514,false,סנופרש הום נטול גז 350 מל בניחוח כותנה,החברה הדרומית לשיווק בעמ,,,יח`,3.50,"100 מ""ל",false,1,12.90,3.69,true,1,
7290014397767,false,ריצפז פרש הום 2 ליטר,החברה הדרומית לשיווק בעמ,,,יח`,2,1 ליטר,false,1,22.90,11.45,true,1,
7290014397781,false,ריצפז פרש הום 2 ליטר,החברה הדרומית לשיווק בעמ,,,יח`,2,1 ליטר,false,1,22.90,11.45,true,1,
7290014435704,false,סלמון מעושן 100 גר,סלטי שמיר 2006 בעמ,,,יח`,1,100 גרם,false,1,22.90,22.90,false,1,
7290014435803,false,מטיאס הולנדי פרובנציאל עם בצל בשמן 200,סלטי שמיר 2006 בעמ,,,יח`,2,100 גרם,false,1,19.90,9.95,false,1,
7290014455184,false,קאשקבל משולש מעדנייה גד,מחלבות גד שיווק 1992 בעמ,,,"ק""ג",10,100 גרם,true,1,126,12.60,false,1,
7290014455245,false,גרנה פדנו משולש גד -200גר`,מחלבות גד שיווק 1992 בעמ,,,יח`,2,100 גרם,false,1,27.90,13.95,false,1,
7290014455252,false,גבינת גרנה פדנו מגורדת 29% גד (100 גרם),מחלבות גד שיווק 1992 בעמ,,,יח`,1,100 גרם,false,1,14.90,14.90,false,1,
7290014455320,false,כדורי מוצרלה פרסקה גד (100 גרם),מחלבות גד שיווק 1992 בעמ,,,יח`,1,100 גרם,false,1,9.50,9.50,false,1,
7290014459373,false,צ`יפס קראנצ`י לתנור תפוגן (1.5 קג),קבוצת אסם סחר שות. מוגבלת,,,יח`,15,100 גרם,false,1,25.90,1.73,false,1,
7290014459472,false,תפוגן אמריקאן צ`יפס 2 קג`,קבוצת אסם סחר שות. מוגבלת,,,יח`,2,"ק""ג",false,1,31.60,15.80,false,1,
7290014466609,false,יין גמלא מרלו 750 מל,היכל היין שקד גולן בעמ,,,יח`,7.50,"100 מ""ל",false,1,60.90,8.08,true,1,
7290014471412,false,מוזלי בוטנים אגוזים ושקדים 1קג - שקדיה,דין שיווק וקליה 2021 בעמ,,,יח`,1,"ק""ג",false,1,21.40,21.40,true,1,
7290014471429,false,מוזלי עם פירות שקדיה (1 קג),דין שיווק וקליה 2021 בעמ,,,יח`,1,"ק""ג",false,1,21.40,21.40,true,1,
7290014472471,false,גרעינים שחור ענק 200 גר`פרימיום ששון הק,דין שיווק וקליה 2021 בעמ,,,יח`,2,100 גרם,false,1,6.90,3.45,false,1,
7290014648678,false,מארז צימרונים קוסמטי LA BELLE,פארמה דיל (פ.א.ב.) שיווק והפצה,,,יח`,1,,false,1,6.90,6.90,false,1,
7290014648685,false,פדים קוסמטיים 80 יח LA BELLE,פארמה דיל (פ.א.ב.) שיווק והפצה,,,יח`,1,,false,1,5.90,5.90,false,1,
7290014648913,false,פדים קוסמטיים 80 יח LA BELLE מארז שליישי,פארמה דיל (פ.א.ב.) שיווק והפצה,,,יח`,1,,false,1,13.90,13.90,false,1,
7290014673021,false,פלפל שחור שלם תבליני מימון (100 גרם),א.ל.ייצור ושיווק תבלינים בעמ,,,יח`,1,100 גרם,false,1,17.30,17.30,false,1,
7290014673434,false,פלפל שחור גרוס דק שקית 80 גר`,א.ל.ייצור ושיווק תבלינים בעמ,,,יח`,0.80,100 גרם,false,1,11.20,14,false,1,
7290014673557,false,זעפרן אמיתי תבליני מימון קופסא,א.ל.ייצור ושיווק תבלינים בעמ,,,יח`,5,100 גרם,false,1,23.40,4.68,false,1,
7290014692299,false,גבינת ברי 125 גר,ג.וילי-פוד אינטרנשיונל **גבינו,,,יח`,1.25,100 גרם,false,1,14.90,11.92,false,1,
7290014692305,false,גבינת קממבר 125 גר,ג.וילי-פוד אינטרנשיונל **גבינו,,,יח`,1.25,100 גרם,false,1,14.90,11.92,false,1,
7290014692541,false,פתיתים מגורדת וילי פוד (500 גרם)GOLDEN,ג.וילי-פוד אינטרנשיונל **גבינו,,,יח`,5,100 גרם,false,1,20.90,4.18,false,1,
7290014692565,false,גרעיני תירס מתוק וילי פוד (320 גרם),ג.וילי-פוד אינטרנשיונל בעמ,,,יח`,3.20,100 גרם,false,1,5.50,1.72,false,1,
7290014749245,false,צונגו רצועות שניצל שומשום 600 גר` עוף טו,קבוצת אסם סחר שות. מוגבלת,,,יח`,6,100 גרם,false,1,33.90,5.65,true,1,
7290014758100,false,יוגורט ביו 3% תנובה (150x8 גרם),תנובה - חלב,,,יח`,12,100 גרם,false,1,16.90,1.41,false,1,
7290014758117,false,יוגורט ביו 1.5% תנובה (150x8 גרם),תנובה - חלב,,,יח`,12,100 גרם,false,1,16.90,1.41,false,1,
7290014758162,false,חלב עיזים מלא 3.6% שומן תנובה (1 ליטר),תנובה - חלב,,,יח`,1,1 ליטר,false,1,15.30,15.30,false,1,
7290014758681,false,גבינת קוטג`1% בגביע תנובה (250 גרם),תנובה - חלב,,,יח`,2.50,100 גרם,false,1,5.70,2.28,false,1,
7290014759084,false,גבינת נפוליאון 225 גר`16% גביע,תנובה - חלב,,,יח`,2.25,100 גרם,false,1,14.90,6.62,false,1,
7290014759237,false,יוגורט כד 3 ליטר 6.5% תנובה,תנובה - חלב,,,יח`,3,1 ליטר,false,1,29.90,9.97,false,1,
7290014759909,false,פטה עיזים 5% 250 גר`גביע פיראוס תנובה,תנובה - חלב,,,יח`,2.50,100 גרם,false,1,28.50,11.40,false,1,
7290014759978,false,קצ`קאבל פלח גלעד 200 גר`קולקשיין תנובה,תנובה - חלב,,,יח`,2,100 גרם,false,1,27.90,13.95,false,1,
7290014759985,false,פרמזן פלח גבע 23% 200 גר`קולקשיין תנובה,תנובה - חלב,,,יח`,2,100 גרם,false,1,23.90,11.95,false,1,
7290014760134,false,מעדן סויה בטעם וניל 125 גר`תנובה,תנובה - חלב,,,יח`,1.25,100 גרם,false,1,4.60,3.68,false,1,
7290014760141,false,משקה שקדים טרי תנובה (1 ליטר),תנובה - חלב,,,יח`,10,"100 מ""ל",false,1,12.20,1.22,false,1,
7290014760448,false,גבינה צהובה 22% שומן גלבוע (400 גרם),תנובה - חלב,,,יח`,4,100 גרם,false,1,22.90,5.73,false,1,
7290014760912,false,גבינה צהובה 28% מהדרין גוש חלב (400 גרם),תנובה - חלב,,,יח`,4,100 גרם,false,1,25.90,6.48,false,1,
7290014761056,false,מעדן שוקולד חלב יולו (123 גרם),תנובה - חלב,,,יח`,1.23,"100 מ""ל",false,1,4.90,3.98,false,1,
7290014761063,false,מעדן שוקולד מריר יולו (123 גרם),תנובה - חלב,,,יח`,1.23,"100 מ""ל",false,1,4.90,3.98,false,1,
7290014761070,false,מעדן שוקולד לבן יולו (123 גרם),תנובה - חלב,,,יח`,1.23,"100 מ""ל",false,1,4.90,3.98,false,1,
7290014761414,false,יולו מעדן שכבות שוקולד חלבי לבן,תנובה - חלב,,,יח`,1.23,"100 מ""ל",false,1,4.90,3.98,false,1,
7290014761612,false,יולו מעדן שכבות שוקולד מריר לבן,תנובה - חלב,,,יח`,1.23,"100 מ""ל",false,1,4.90,3.98,false,1,
7290014762756,false,גבינת שמנת 16% עם בצל נפוליאון (225 גרם),תנובה - חלב,,,יח`,2.25,100 גרם,false,1,14.90,6.62,false,1,
7290014762800,false,מעדן סויה טעם שוקולד 125,תנובה - חלב,,,יח`,1.25,100 גרם,false,1,4.60,3.68,false,1,
7290014762831,false,גבינת נפוליאון 225 גר`חלפיניו גביע,תנובה - חלב,,,יח`,2.25,100 גרם,false,1,14.90,6.62,false,1,
7290014762909,false,פתיתי מוצרלה 200 גרם,תנובה - חלב,,,יח`,2,100 גרם,false,1,15.90,7.95,false,1,
7290014763272,false,משקה סויה BIO עם תות בננה בתוספת חיידקי,תנובה - חלב,,,יח`,2.50,100 גרם,false,1,6.80,2.72,false,1,
7290014785007,false,גרגרי טפיוקה קטנים 400 גר`טעמי אסיה,טחנת האבן קואופ בעמ,,,יח`,4,100 גרם,false,1,9.90,2.48,false,1,
7290014785076,false,קרם קוקוס ללא חומר משמר 400מל כשר,טחנת האבן קואופ בעמ,,,יח`,4,"100 מ""ל",false,1,11.90,2.98,false,1,
7290014785113,false,רוטב טריאקי טעמי אסיה (500 מל),טחנת האבן קואופ בעמ,,,יח`,5,"100 מ""ל",false,1,16.90,3.38,false,1,
7290014785564,false,אטריות אודון מוכנות 200 גר`,טחנת האבן קואופ בעמ,,,יח`,2,100 גרם,false,1,5.50,2.75,true,1,
7290014785571,false,אטריות מוכנות להקפצה 200 גר`,טחנת האבן קואופ בעמ,,,יח`,2,100 גרם,false,1,5.50,2.75,true,1,
7290014785991,false,רוטב סויה ללא גולטן 500 מל טעמי אסיה,טחנת האבן קואופ בעמ,,,יח`,5,"100 מ""ל",false,1,14.90,2.98,false,1,
7290014791336,false,מי עדן ספורט 1,יפאורה,,,יח`,10,"100 מ""ל",false,1,3.90,0.36,false,1,
7290014855434,false,מגבונים בייביסיטר רביעייה,שקד תבל בעמ,,,יח`,1,,false,1,19.30,19.30,true,1,
7290014855458,false,מגבונים בייביסיטר רביעייה,שקד תבל בעמ,,,יח`,1,,false,1,19.30,19.30,true,1,
7290014901896,false,מי פה קולמינט סנסודיין (500 מל),גורי ע.ע.ע בעמ,,,יח`,5,"100 מ""ל",false,1,26.90,5.38,true,1,
7290014910379,false,מלפפונים במלח 690 גר`לינה,יורוסטנדרט בעמ,,,יח`,6.90,100 גרם,false,1,10.90,1.58,false,1,
7290014910386,false,קורנישונים במלח 690 גר`לינה,יורוסטנדרט בעמ,,,יח`,6.90,100 גרם,false,1,11.20,1.62,false,1,
7290014910461,false,ערק יודה 700 מל,יורוסטנדרט בעמ,,,יח`,7,"100 מ""ל",false,1,55.90,7.94,false,1,
7290014910515,false,שימורי דגים שפרוטים מעושנים בשמן צמחי 25,יורוסטנדרט בעמ,,,יח`,2.50,100 גרם,false,1,11.90,4.76,false,1,
7290014940901,false,לחם פשוט מלא לילדים פרוס אנג`ל (750 גרם),שלמה א. אנג`ל בעמ,,,יח`,5,100 גרם,false,1,14.50,2.90,false,1,
7290015039253,false,עלי גפן במי מלח 620 גר,ג.וילי-פוד אינטרנשיונל בעמ,,,יח`,6.20,100 גרם,false,1,9.90,1.60,false,1,
7290015129121,false,אטריות גל קונג`אק נודלס ללא גלוטן סקיני,נטורפוד בעמ,,,יח`,2.70,100 גרם,false,1,10.90,4.04,false,1,
7290015150088,false,מחית עגבניות קלה בלה איטליה (700 גרם),תה ויסוצקי (ישראל) בעמ,,,יח`,7,100 גרם,false,1,15.20,2.17,true,1,
7290015150118,false,עגבניות חתוכות דק בלה איטליה 3*400,תה ויסוצקי (ישראל) בעמ,,,יח`,1.20,"ק""ג",false,1,18.90,15.75,false,1,
7290015150583,false,תה ירוק בתוספת לימון ודבש ויסוצקי (25),תה ויסוצקי (ישראל) בעמ,,,יח`,1,,false,1,27.90,27.90,true,1,
7290015155830,false,פאוץ`פרינוק תפוח בננה 120 גר`,גורי מוצרי צריכה (1991) בעמ,,,יח`,1.20,100 גרם,false,1,6.50,5.42,true,1,
7290015155847,false,פאוץ`פרינוק מחית סלט פירות 120 גר,גורי מוצרי צריכה (1991) בעמ,,,יח`,1.20,100 גרם,false,1,6.50,5.42,true,1,
7290015161336,false,רוטב סויה תמרי אורגני ללא גלוטן 250 מל,י.איטליאנו אחזקות בעמ,,,יח`,2.50,"100 מ""ל",false,1,20.90,8.36,false,1,
7290015161558,false,קמח שיבולת שועל מלאה ללא גלוטן 500 גר`,י.איטליאנו אחזקות בעמ,,,יח`,5,100 גרם,false,1,28,5.60,false,1,
7290015161848,false,פת פריכה כוסמת וקינואה100 גר`איטליאנו,י.איטליאנו אחזקות בעמ,,,יח`,1,100 גרם,false,1,13.90,13.90,false,1,
7290015282581,false,חומוס אבו גוש עם חריף 200גר,סלטי שמיר 2006 בעמ,,,יח`,2,100 גרם,false,1,10.90,5.45,true,1,
7290015282604,false,טחינה מיוחדת 200גר,סלטי שמיר 2006 בעמ,,,יח`,2,100 גרם,false,1,10.90,5.45,true,1,
7290015282628,false,חציל בטעם כבד 200גר,סלטי שמיר 2006 בעמ,,,יח`,2,100 גרם,false,1,12.90,6.45,true,1,
7290015282635,false,חומוס מסבחה 200 גר,סלטי שמיר 2006 בעמ,,,יח`,2,100 גרם,false,1,10.90,5.45,true,1,
7290015282673,false,חציל במיונז ביתי 200גר,סלטי שמיר 2006 בעמ,,,יח`,2,100 גרם,false,1,10.90,5.45,true,1,
7290015282680,false,קישוא בטעם כבד 200גר,סלטי שמיר 2006 בעמ,,,יח`,2,100 גרם,false,1,10.90,5.45,true,1,
7290015282697,false,כרוב אדום 200גר,סלטי שמיר 2006 בעמ,,,יח`,2,100 גרם,false,1,10.90,5.45,true,1,
7290015282741,false,חציל תאילנדי 200 גר,סלטי שמיר 2006 בעמ,,,יח`,2,100 גרם,false,1,12.90,6.45,true,1,
7290015282796,false,סלט תפוח אדמה 200 גר,סלטי שמיר 2006 בעמ,,,יח`,2,100 גרם,false,1,12.90,6.45,true,1,
7290015320009,false,שוקולד מריר 3*100 גר`שקדיה,דין שיווק וקליה 2021 בעמ,,,יח`,3,100 גרם,false,1,9.90,3.30,false,1,
7290015320481,false,שוקולד מריר 60% יעד ממתקים,יעד ממתקים בעמ,,,יח`,1,,false,1,4.90,4.90,true,1,
7290015324007,false,פלפל שחור גרוס 80 גר`,תבליני טעם וריח בעמ,,,יח`,0.80,100 גרם,false,1,9.90,12.38,false,1,
7290015324014,false,פלפל שחור טחון 80 גר`,תבליני טעם וריח בעמ,,,יח`,0.80,100 גרם,false,1,9.90,12.38,false,1,
7290015324038,false,פפריקה מתוקה בשמן 80 גר`,תבליני טעם וריח בעמ,,,יח`,0.80,100 גרם,false,1,5.90,7.38,false,1,
7290015324045,false,פפריקה חריפה 80 גר`,תבליני טעם וריח בעמ,,,יח`,0.80,100 גרם,false,1,5.90,7.38,false,1,
7290015324052,false,פפריקה מתוקה 80 גר`,תבליני טעם וריח בעמ,,,יח`,0.80,100 גרם,false,1,5.90,7.38,false,1,
7290015324069,false,גריל עוף 80 גר`,תבליני טעם וריח בעמ,,,יח`,0.80,100 גרם,false,1,5.90,7.38,false,1,
7290015324076,false,זעתר מעורב 80 גר`,תבליני טעם וריח בעמ,,,יח`,0.80,100 גרם,false,1,5.90,7.38,false,1,
7290015324083,false,מלח לימון 80 גר`,תבליני טעם וריח בעמ,,,יח`,0.80,100 גרם,false,1,5.90,7.38,false,1,
7290015324090,false,כמון טחון 80 גר`,תבליני טעם וריח בעמ,,,יח`,0.80,100 גרם,false,1,5.90,7.38,false,1,
7290015324106,false,כורכום טחון 80 גר`,תבליני טעם וריח בעמ,,,יח`,0.80,100 גרם,false,1,5.90,7.38,false,1,
7290015324113,false,בהרט 80 גר`,תבליני טעם וריח בעמ,,,יח`,0.80,100 גרם,false,1,6.90,8.63,false,1,
7290015324120,false,שום גבישי 80 גר`,תבליני טעם וריח בעמ,,,יח`,0.80,100 גרם,false,1,6.90,8.63,false,1,
7290015324427,false,סודה לשתיה 80 גר`,תבליני טעם וריח בעמ,,,יח`,0.80,100 גרם,false,1,4.90,6.13,false,1,
7290015324540,false,טימין מיכל גדול 30 גר`,תבליני טעם וריח בעמ,,,יח`,0.30,100 גרם,false,1,9.90,33,true,1,
7290015324557,false,בהרט לבישול מיכל גדול 80 גר`,תבליני טעם וריח בעמ,,,יח`,0.80,100 גרם,false,1,9.90,12.38,true,1,
7290015324571,false,פפריקה מתוקה בשמן בסגנון מרוקאי 400 גר`,תבליני טעם וריח בעמ,,,יח`,4,100 גרם,false,1,19.90,4.98,false,1,
7290015324670,false,מטחנת פלפל שחור שלם 50 גר`,תבליני טעם וריח בעמ,,,יח`,0.50,100 גרם,false,1,15.90,31.80,true,1,
7290015324687,false,מטחנת לקט פלפל 50 גר`,תבליני טעם וריח בעמ,,,יח`,0.50,100 גרם,false,1,15.90,31.80,true,1,
7290015324700,false,מטחנת מלח הימלאיה 100 גר`,תבליני טעם וריח בעמ,,,יח`,1,100 גרם,false,1,15.90,15.90,true,1,
7290015324724,false,מחית צ`ילי חריף 230 גר` טעם וריח,תבליני טעם וריח בעמ,,,יח`,2.30,100 גרם,false,1,14.90,6.48,true,1,
7290015347273,false,נטיפי שוקולד לאפייה שוקולדמריר 250גר,מיה תעשיות מזון מ.ת.מ. בעמ,,,יח`,2.50,100 גרם,false,1,10.90,4.36,false,1,
7290015347358,false,מיה סודה לשתיה קרטון 50 גר,מיה תעשיות מזון מ.ת.מ. בעמ,,,יח`,0.50,100 גרם,false,1,4,8,false,1,
7290015347464,false,קינואה מעורבת 400 גר` מיה,מיה תעשיות מזון מ.ת.מ. בעמ,,,יח`,4,100 גרם,false,1,21.40,5.35,true,1,
7290015347488,false,סוכר דמררה שקית מיה (1 קג),מיה תעשיות מזון מ.ת.מ. בעמ,,,יח`,1,"ק""ג",false,1,13.20,13.20,false,1,
7290015366663,false,אקוה פרש 100 מל עדין,גורי ע.ע.ע בעמ,,,יח`,1,100 גרם,false,1,7.90,7.90,true,1,
7290015395021,false,גוג`י ברי מיובש 200 גר`קופסא,דין שיווק וקליה 2021 בעמ,,,יח`,2,100 גרם,false,1,17.90,8.95,false,1,
7290015395045,false,קינואה שקדיה (400 גרם),דין שיווק וקליה 2021 בעמ,,,יח`,4,100 גרם,false,1,16.30,4.08,true,1,
7290015470094,false,טוסו שוקולד מריר תפוז ללא סוכר,דנשר (1963) בעמ,,,יח`,1,100 גרם,false,1,14.20,14.20,false,1,
7290015652070,false,קשיו קלוי 150 גר` שקית,דין שיווק וקליה 2021 בעמ,,,יח`,1.50,100 גרם,false,1,13.90,9.27,true,1,
7290015652087,false,תערובת פיצוחים 150 גר` בשקית,דין שיווק וקליה 2021 בעמ,,,יח`,1.50,100 גרם,false,1,13.90,9.27,true,1,
7290015652254,false,גרעיני חמניה קלויים ששון הקולה (400 גרם),דין שיווק וקליה 2021 בעמ,,,יח`,4,100 גרם,false,1,10,2.50,false,1,
7290015652261,false,בוטנים קלויים 300 גר`,דין שיווק וקליה 2021 בעמ,,,יח`,3,100 גרם,false,1,10,3.33,false,1,
7290015652278,false,תערובת פיצוחים 250 גר`,דין שיווק וקליה 2021 בעמ,,,יח`,2.50,100 גרם,false,1,20,8,false,1,
7290015652285,false,אגוזים קלופים דין שיווק (250 גרם),דין שיווק וקליה 2021 בעמ,,,יח`,2.50,100 גרם,false,1,20,8,false,1,
7290015652292,false,קבוקים עם שומשום 400 גר`,דין שיווק וקליה 2021 בעמ,,,יח`,4,100 גרם,false,1,10,2.50,false,1,
7290015652308,false,מנצ`ס 300 גר`,דין שיווק וקליה 2021 בעמ,,,יח`,3,100 גרם,false,1,10,3.33,false,1,
7290015652315,false,חמוציות מסוכרות ששון הקולה (300 גרם),דין שיווק וקליה 2021 בעמ,,,יח`,3,100 גרם,false,1,10,3.33,false,1,
7290015652322,false,בוטנים אמריקאים מצופים 400 גר`,דין שיווק וקליה 2021 בעמ,,,יח`,4,100 גרם,false,1,10,2.50,false,1,
7290015652407,false,פיסטוק קלוי ששון הקולה (250 גרם),דין שיווק וקליה 2021 בעמ,,,יח`,2.50,100 גרם,false,1,20,8,false,1,
7290015673198,false,בורגר על האש טקסס עם פטריות 400 גרם,ל.י.ב. (לחיות יותר בטבע) בעמ,,,יח`,4,100 גרם,false,1,25.90,6.48,false,1,
7290015781008,false,יין מרלו ויז`יון טפרברג (750 מל),יקב טפרברג 1870 בעמ (יינות ומש,,,יח`,7.50,"100 מ""ל",false,1,41.90,5.55,true,1,
7290015781015,false,יין אדום מלבק ויז`יון טפרברג (750 מל),יקב טפרברג 1870 בעמ (יינות ומש,,,יח`,7.50,"100 מ""ל",false,1,41.90,5.55,true,1,
7290015781053,false,יין לבן יבש ויזון יקב טפרברג (750 מל),יקב טפרברג 1870 בעמ (יינות ומש,,,יח`,7.50,"100 מ""ל",false,1,41.90,5.55,true,1,
7290015781091,false,יין קברנה סובניון VISION,יקב טפרברג 1870 בעמ (יינות ומש,,,יח`,7.50,"100 מ""ל",false,1,41.90,5.55,true,1,
7290015781114,false,יין אדום אימפרשיין מרלו טפרברג (750 מל),יקב טפרברג 1870 בעמ (יינות ומש,,,יח`,7.50,"100 מ""ל",false,1,51.90,6.88,true,1,
7290015781138,false,יין שרדונה 750 מל IMPRESSION,יקב טפרברג 1870 בעמ (יינות ומש,,,יח`,7.50,"100 מ""ל",false,1,51.90,6.88,true,1,
7290015781152,false,רוזה אימפרשון יקב טפרברג (750 מל),יקב טפרברג 1870 בעמ (יינות ומש,,,יח`,7.50,"100 מ""ל",false,1,51.90,6.88,true,1,
7290015781282,false,יין גוורצטרמינר 750 מל IMPRESSION,יקב טפרברג 1870 בעמ (יינות ומש,,,יח`,7.50,"100 מ""ל",false,1,51.90,6.88,true,1,
7290015781299,false,יין שיראז ויזון יקב טפרברג (750 מל),יקב טפרברג 1870 בעמ (יינות ומש,,,יח`,7.50,"100 מ""ל",false,1,41.90,5.55,true,1,
7290015781664,false,אלגרו למברוסקו לבן 750 מל טפרברג,יקב טפרברג 1870 בעמ (יינות ומש,,,יח`,7.50,"100 מ""ל",false,1,36.90,4.88,true,1,
7290015855013,false,פלפלונים -טינקרבל א.אדמה,א.אדמה (2007) בעמ,,,יח`,1,,false,1,9.90,9.90,false,1,
7290015855037,false,פלפל צ`ילי בשקית,א.אדמה (2007) בעמ,,,יח`,1,,false,1,9.90,9.90,false,1,
7290015855143,false,שום קלוף 170 גרם,א.אדמה (2007) בעמ,,,יח`,1.70,100 גרם,false,1,12.90,7.59,false,1,
7290015855181,false,גינג`ר יחידה טרי,א.אדמה (2007) בעמ,,,יח`,1,,false,1,8.90,8.90,false,1,
7290015855228,false,אספרגוס ארוז,א.אדמה (2007) בעמ,,,יח`,1,,false,1,29.90,29.90,false,1,
7290015855310,false,עגבניות מיובשות,א.אדמה (2007) בעמ,,,יח`,1,,false,1,12.90,12.90,false,1,
7290015855341,false,אנדיב,א.אדמה (2007) בעמ,,,יח`,1,,false,1,15.90,15.90,false,1,
7290015855990,false,לקט ירקות למרק טרי,א.אדמה (2007) בעמ,,,יח`,1,,false,1,14.90,14.90,false,1,
7290015858106,false,ממרח פסטו ביתי 180 גר-על לחם,שטראוס גרופ בעמ/מצונן,,,יח`,1.80,100 גרם,false,1,17.90,9.94,false,1,
7290015858113,false,ממרח עגבניות מיובשות 180 גר-על לחם,שטראוס גרופ בעמ/מצונן,,,יח`,1.80,100 גרם,false,1,17.90,9.94,false,1,
7290015858229,false,זיתי קלמטה 180 גר על לחם,שטראוס גרופ בעמ/מצונן,,,יח`,1.80,100 גרם,false,1,17.90,9.94,false,1,
7290015858427,false,מארז עללחם 240 גר`,שטראוס גרופ בעמ/מצונן,,,יח`,2.40,100 גרם,false,1,23.90,9.96,false,1,
7290015858441,false,איולי פלפלים עללחם 295 גר`,שטראוס גרופ בעמ,,,יח`,2.95,100 גרם,false,1,13.90,4.71,true,1,
7290015858694,false,איולי שום לימון עללחם 295 גר`,שטראוס גרופ בעמ,,,יח`,2.95,100 גרם,false,1,13.90,4.71,true,1,
7290015865692,false,ענבי ציון תענוג פרי תות שדה 400 גר`,אבאל יזמות בעמ,,,יח`,4,100 גרם,false,1,17.90,4.48,true,1,
7290015865708,false,ענבי ציון תענוג פרי אוכמניות 400 גר`,אבאל יזמות בעמ,,,יח`,4,100 גרם,false,1,17.90,4.48,true,1,
7290015865722,false,ענבי ציון קונפיטורה לייט תות שדה 400 גר`,אבאל יזמות בעמ,,,יח`,4,100 גרם,false,1,20.90,5.23,true,1,
7290015968102,false,קיסמי שיניים רפואיים עם חוט דנטלי 100 יח,אינטרסן 1996 בעמ,,,יח`,1,,false,1,15.90,15.90,true,1,
7290015968140,false,אטב אחיזה בעיצוב איטלקי 36 יח במארז,אינטרסן 1996 בעמ,,,יח`,1,,false,1,16.90,16.90,true,1,
7290015996983,false,סוכרלוז 100 שקית אפס קלוריות,שטראוס גרופ בעמ,,,יח`,1.30,100 גרם,false,1,26.90,20.69,false,1,
7290016006292,false,נקטר מנגו בננה ספרינג (1 ליטר),יפאורה,,,יח`,1,1 ליטר,false,1,7.30,7.30,false,1,
7290016006339,false,מים מינרלים מי עדן (1x4 ליטר),יפאורה,,,יח`,4,1 ליטר,false,1,10,2.20,false,1,
7290016006346,false,שוופס סודה 500 מל שישייה,יפאורה,,,יח`,30,"100 מ""ל",false,1,14.20,0.41,false,1,
7290016077759,false,רוטב ברביקין קלאסי 480 גר`היינץ,דיפלומט היינץ,,,יח`,4.80,100 גרם,false,1,18.50,3.85,false,1,
7290016087147,false,רוטב עגבניות מתובל לפיצה 230 גר` פריניר,אבאל יזמות בעמ,,,יח`,2.30,100 גרם,false,1,5.90,2.57,true,1,
7290016087222,false,רוטב עגבניות לשקשוקה 230 גר` פריניר,אבאל יזמות בעמ,,,יח`,2.30,100 גרם,false,1,5.90,2.57,true,1,
7290016087475,false,עגבניות חתוכות דק 400 גר`פריניר,אבאל יזמות בעמ,,,יח`,4,100 גרם,false,1,4.30,1.08,false,1,
7290016087499,false,עגבניות חתוכות דק שליישיה 400 גר`פריניר,אבאל יזמות בעמ,,,יח`,1.20,"ק""ג",false,1,12.90,10.75,true,1,
7290016096491,false,שלישיית נתחי טונה בהירה בשמן צמחי 80 גר`,פילטונה תעשיות בעמ,,,יח`,2.40,100 גרם,false,1,9.90,4.13,false,1,
7290016096934,false,סלט טונה פילטונה,פילטונה תעשיות בעמ,,,יח`,1,,false,1,12.90,12.90,false,1,
7290016150117,false,סלק אדום בוואקום 500 גרם,ביג פוד כחול לבן בעמ*שיק 30 יו,,,יח`,1,,false,1,8.90,8.90,true,1,
7290016150711,false,נוזל קוקוס פחית 400 גר` AVEL,אבאל יזמות בעמ,,,יח`,4,100 גרם,false,1,6.90,1.73,true,1,
7290016150865,false,מוזלי בננה ותמר גרין (1 קג),משה סידס ובנו בעמ,,,יח`,1,"ק""ג",false,1,28.50,28.50,true,1,
7290016162233,false,עוגיות דיזרט פרמיום סוגים שונים,קפולסקי אדל בעמ,,,יח`,2.40,100 גרם,false,1,22.40,9.33,false,1,
7290016197488,false,מטליות מיקרופייבר למשטחים ניקול) (3,קימברלי קלארק ישראל שיווק בעמ,,,יח`,1,,false,1,16.90,16.90,true,1,
7290016197495,false,מטליות מיקרופייבר לרצפה ניקול) (2,קימברלי קלארק ישראל שיווק בעמ,,,יח`,1,,false,1,26.90,26.90,true,1,
7290016197839,false,השקית החזקה XL,קימברלי קלארק ישראל שיווק בעמ,,,יח`,1,,false,1,26.90,26.90,false,1,
7290016197877,false,שקית לפחי מטבח קטניםM,קימברלי קלארק ישראל שיווק בעמ,,,יח`,1,,false,1,23.90,23.90,false,1,
7290016217759,false,סלט חציל מרוקאי 200 גר,סלטי שמיר 2006 בעמ,,,יח`,2,100 גרם,false,1,12.90,6.45,true,1,
7290016246445,false,טחינה גולמית מעודנת שומשום מלא גר`310,קבוצת אסם סחר שות. מוגבלת,,,יח`,3.10,100 גרם,false,1,12.10,3.90,false,1,
7290016246773,false,טחינה מתובלת גולמית מעודנת משומשום מלא ז,קבוצת אסם סחר שות. מוגבלת,,,יח`,3.10,100 גרם,false,1,14.90,4.81,false,1,
7290016276534,false,שמן קוקוס לא מזו,קונסיגנציה-דין שיווק וקליה 202,,,יח`,5,"100 מ""ל",false,1,34.90,6.98,false,1,
7290016277647,false,בננה צ`יפס מסוכר 250 גר`,דין שיווק וקליה 2021 בעמ,,,יח`,3.30,100 גרם,false,1,10.80,3.27,false,1,
7290016319194,false,עוגיות סנדוויץ שוקו עם קרמל וניל זוג( 3,דנשר (1963) בעמ,,,יח`,3,100 גרם,false,1,17.90,5.97,false,1,
7290016319309,false,פמלי אל סבון מאסק קלאסי 1 ל`,דנשר (1963) בעמ,,,יח`,1,1 ליטר,false,1,15.90,15.90,true,1,
7290016320343,false,דאק זוג נוזל ג`ל לניקוי מתקדם בניחוח לבנ,דנשר (1963) בעמ,,,יח`,1.50,1 ליטר,false,1,19.90,13.27,true,1,
7290016321531,false,רצועות שעווה לגוף אלוורה מגע הדבש,דנשר (1963) בעמ,,,יח`,1,,false,1,30.50,30.50,false,1,
7290016321661,false,פרש וואנס רביעייה מגבונים לחים ללא בישום,דנשר (1963) בעמ,,,יח`,1,,false,1,16.90,16.90,true,1,
7290016321890,false,נייר טואלט לח למובגרים מארז שלישייה פרש,דנשר (1963) בעמ,,,יח`,1,,false,1,15.90,15.90,false,1,
7290016334296,false,ברוקולי,בכורי השדה צפון 1994 ג.ד. בעמ,,,יח`,1,,false,1,9.90,9.90,false,1,
7290016372342,false,עגבניות חתוכות לקוביות בלה איטליה 400 גר,תה ויסוצקי (ישראל) בעמ,,,יח`,1.20,"ק""ג",false,1,18.90,15.75,false,1,
7290016372373,false,רסק עגבניות בלה איטליה 140*2 גר`,תה ויסוצקי (ישראל) בעמ,,,יח`,2.80,100 גרם,false,1,9.90,3.54,false,1,
7290016372489,false,חליטת ג`ינג`ר ולימון-סודות הצמחים 25 שק,תה ויסוצקי (ישראל) בעמ,,,יח`,0,100 גרם,false,1,22.40,22.40,true,1,
7290016372496,false,חליטת ג``ינג`ר ודבש-סודות הצמחים 25 שק,תה ויסוצקי (ישראל) בעמ,,,יח`,0,100 גרם,false,1,22.40,22.40,true,1,
7290016509304,false,סוד סבון אסלה 4 כדוריות לבנדר,גורי שיווק בעמ,,,יח`,0.50,100 גרם,false,1,8.90,17.80,true,1,
7290016509342,false,סוד מארז שלשות כחול נתלה לאסלה,גורי שיווק בעמ,,,יח`,1,,false,1,17.90,17.90,true,1,
7290016509786,false,פרסיל ג`ל 2.5 ליטר ירוק,גורי שיווק בעמ,,,יח`,2.50,1 ליטר,false,1,35.90,14.36,true,1,
7290016509809,false,פרסיל ג`ל 2.5 ליטר קולור,גורי שיווק בעמ,,,יח`,2.50,1 ליטר,false,1,35.90,14.36,true,1,
7290016509823,false,פרסיל ג`ל 2.5 ליטר בלו,גורי שיווק בעמ,,,יח`,2.50,1 ליטר,false,1,35.90,14.36,true,1,
7290016509847,false,פרסיל ג`ל 2.5 ליטר בלאק,גורי שיווק בעמ,,,יח`,2.50,1 ליטר,false,1,35.90,14.36,true,1,
7290016564211,false,מארז 3 מטליות מייקרופבר למטבח מבריקל,אבאל יזמות בעמ,,,יח`,1,,false,1,11.90,11.90,true,1,
7290016564242,false,מארז 4+2 ספוגלית הפלא מבריקל,אבאל יזמות בעמ,,,יח`,1,,false,1,9.90,9.90,false,1,
7290016564273,false,שלישיית סחבות לרצפה מבריקל,אבאל יזמות בעמ,,,יח`,1,,false,1,15.90,15.90,true,1,
7290016564280,false,כריות קרצוף מבריקל הפלא,אבאל יזמות בעמ,,,יח`,1,,false,1,8.90,8.90,true,1,
7290016564297,false,מארז זוג שקיות סנדוויץ 300 גר מבריקל,אבאל יזמות בעמ,,,יח`,1,,false,1,12.90,12.90,true,1,
7290016564358,false,מבריק קל נוזל חלונות ריח בית מלון 750 גר,אבאל יזמות בעמ,,,יח`,7.50,"100 מ""ל",false,1,12.90,1.72,true,1,
7290016564365,false,מבריק כל לניקוי כללי לבנדר 750 גר,אבאל יזמות בעמ,,,יח`,7.50,"100 מ""ל",false,1,12.90,1.72,true,1,
7290016564426,false,מבריקל שקיות אשפה ג`מבו XXL עם ידית 25,אבאל יזמות בעמ,,,יח`,1,,false,1,15.90,15.90,true,1,
7290016564433,false,מבריקל מארז רביעית כרית יפנית,אבאל יזמות בעמ,,,יח`,1,,false,1,10.90,10.90,true,1,
7290016621358,false,קמיל אל סבון נוזלי ניקיון והזנה ורוד 1 ל,פישר תעשיות פרמצבטיות בעמ,,,יח`,1,1 ליטר,false,1,16.90,16.90,true,1,
7290016682243,false,מיץ אשכולית אדומה 1 ליטר פרי ניב,תנובה - פריניב,,,יח`,1,1 ליטר,false,1,16.90,16.90,true,1,
7290016682250,false,מיץ תפוגזר 1 ליטר פריניב,תנובה - פריניב,,,יח`,0.01,"100 מ""ל",false,1,17.90,1760,false,1,
7290016682328,false,מיץ תפוזים עשוי מרכז 2 ליטר,תנובה - פריניב,,,יח`,2,1 ליטר,false,1,21.90,10.80,true,1,
7290016682342,false,מיץ תפוזים ולנסיה 2 ליטר פרי ניב,תנובה - פריניב,,,יח`,2,1 ליטר,false,1,28.90,14.30,true,1,
7290016717754,false,יין היובל ישן נושן יקבי כרמל (750 מל),אגודת הכורמים,,,יח`,7.50,"100 מ""ל",false,1,20.90,2.75,true,1,
7290016866445,false,תערובת קמח תופח 500 גר`Gfree,גורי מוצרי צריכה (1991) בעמ,,,יח`,5,100 גרם,false,1,19.60,3.92,false,1,
7290016866643,false,משחת שיניים פרודונטקס פרש 75 מל,גורי ע.ע.ע בעמ,,,יח`,0.75,"100 מ""ל",false,1,31.90,42.53,true,1,
7290016866650,false,משחת שיניים פרודונטקס אוריג`ינל 75 מל,גורי ע.ע.ע בעמ,,,יח`,0.75,"100 מ""ל",false,1,31.90,42.53,true,1,
7290016866674,false,משחת שיניים פרודונטקס מלבינה 75 מל,גורי ע.ע.ע בעמ,,,יח`,0.75,"100 מ""ל",false,1,31.90,42.53,true,1,
7290016867008,false,לחם כוסמין מחמצת 700 גר`,המאפה של דר מרק בריאות באפייה,,,יח`,7,100 גרם,false,1,17.90,2.56,false,1,
7290016867046,false,פיתות קלות כוסמין במתיקות מעודנת 6 יח`,המאפה של דר מרק בריאות באפייה,,,יח`,3.03,100 גרם,false,1,14.90,4.92,false,1,
7290016867053,false,לחם קל כוסמין בתוספת מחמצת 450 גר`,המאפה של דר מרק בריאות באפייה,,,יח`,4.50,100 גרם,false,1,18.90,4.20,false,1,
7290016867114,false,לחם קל מכוסמין מלא 500 גר`דר מרק,המאפה של דר מרק בריאות באפייה,,,יח`,5,100 גרם,false,1,17.90,3.58,false,1,
7290016867176,false,לחמניות קלות שומשום במתיקות מעודנת 500 ג,המאפה של דר מרק בריאות באפייה,,,יח`,5,100 גרם,false,1,13.90,2.78,false,1,
7290016912494,false,אפקטיב קר תחריץ פנים לכל סוגי העור 180 מ,פישר תעשיות פרמצבטיות בעמ,,,יח`,1.80,"100 מ""ל",false,1,19.30,10.72,false,1,
7290016912500,false,אפקטיב קר תחריץ פנים לעור רגיל 180 מל,פישר תעשיות פרמצבטיות בעמ,,,יח`,1.80,"100 מ""ל",false,1,19.30,10.72,false,1,
7290016967074,false,לחם חיטה מלאה 750 גר אנג`ל,שלמה א. אנג`ל בעמ,,,יח`,7.50,100 גרם,false,1,15.90,2.12,false,1,
7290016967456,false,לחם מחמצת כוסמין,שלמה א. אנג`ל בעמ,,,יח`,6,100 גרם,false,1,16.90,2.82,false,1,
7290017023670,false,שוופס למונייד 330 מל פחית בודד,יפאורה,,,יח`,3.30,"100 מ""ל",false,1,3.90,1.09,false,1,
7290017023854,false,שוופס סודה 250 מל רביעייה,יפאורה,,,יח`,1,1 ליטר,false,1,14.90,14.90,true,1,
7290017031705,false,משחת שיניים קלין פרש סנסודיין (75 מל),גורי ע.ע.ע בעמ,,,יח`,0.75,100 גרם,false,1,22.90,30.53,true,1,
7290017031859,false,משחת שיניים אולטקא קלין 75 מל פרודונטקס,גורי ע.ע.ע בעמ,,,יח`,0.75,"100 מ""ל",false,1,31.90,42.53,true,1,
7290017040288,false,קורונפלקס קלאסי ללא גלוטן 500 גר`,דין שיווק וקליה 2021 בעמ,,,יח`,5,100 גרם,false,1,10.90,2.18,false,1,
7290017065007,false,מוצרלה פרוסה 200 גר-מדף,מחלבות גד שיווק 1992 בעמ,,,יח`,2,100 גרם,false,1,18.90,9.45,false,1,
7290017065137,false,ריקוטה למריחה 5% טבעית 200 גר`מחלבות גד,מחלבות גד שיווק 1992 בעמ,,,יח`,2,100 גרם,false,1,10.90,5.45,false,1,
7290017065144,false,ריקוטה למריחה 5% עם בזיליקום 200 גר`גד,מחלבות גד שיווק 1992 בעמ,,,יח`,2,100 גרם,false,1,10.90,5.45,false,1,
7290017065168,false,גבינה כחולה 100 גר`מחלבות גד,מחלבות גד שיווק 1992 בעמ,,,יח`,1,100 גרם,false,1,17.90,17.90,false,1,
7290017065212,false,גבינת קרם מסקרפונה 250 גר`גד,מחלבות גד שיווק 1992 בעמ,,,יח`,2.50,100 גרם,false,1,21.90,8.76,false,1,
7290017065236,false,גבינה בולגרית מעודנת 24% גד (250 גרם),מחלבות גד שיווק 1992 בעמ,,,יח`,2.50,100 גרם,false,1,24.90,9.96,false,1,
7290017065380,false,גרנה פדנו שבבים 100 גר`מחלבות גד,מחלבות גד שיווק 1992 בעמ,,,יח`,1,100 גרם,false,1,15.90,15.90,false,1,
7290017065434,false,פרוסות גאודה הולנדית 200 גר`גד,מחלבות גד שיווק 1992 בעמ,,,יח`,2,100 גרם,false,1,22.90,11.45,false,1,
7290017065441,false,פרוסות גאודה עיזים הולנדית 200 גר`גד,מחלבות גד שיווק 1992 בעמ,,,יח`,2,100 גרם,false,1,35.90,17.95,false,1,
7290017065588,false,יוגורט יווני 600 גר`מחלבות גד,מחלבות גד שיווק 1992 בעמ,,,יח`,6,100 גרם,false,1,17.90,2.98,false,1,
7290017065649,false,קרם פטיסייר 250 גר`גד,מחלבות גד שיווק 1992 בעמ,,,יח`,2.50,"100 מ""ל",false,1,19.90,7.96,false,1,
7290017065731,false,גבינת שמנת ניו יורק 30% עם כמהין 200 גר`,מחלבות גד שיווק 1992 בעמ,,,יח`,2,100 גרם,false,1,13.90,6.95,true,1,
7290017068206,false,צימוקים בהירים 350 גר`בקרטון מיה,מיה תעשיות מזון מ.ת.מ. בעמ,,,יח`,3.50,100 גרם,false,1,18.90,5.40,false,1,
7290017068213,false,חמוציות חתוכות 350 גר`בקופסא מיה,מיה תעשיות מזון מ.ת.מ. בעמ,,,יח`,3.50,100 גרם,false,1,18.90,5.40,false,1,
7290017068916,false,ג`לי טבעות בציפוי סוכר 350 גר מיה,מיה תעשיות מזון מ.ת.מ. בעמ,,,יח`,3.50,100 גרם,false,1,15.90,4.54,false,1,
7290017068978,false,שיבולת שועל מלאה להכנה מהירה 500 גר בזיפ,מיה תעשיות מזון מ.ת.מ. בעמ,,,יח`,5,100 גרם,false,1,10.90,2.18,true,1,
7290017068985,false,שיבולת שועל מלאה עבה 500 גר בזיפר מיה,מיה תעשיות מזון מ.ת.מ. בעמ,,,יח`,5,100 גרם,false,1,10.90,2.18,true,1,
7290017088075,false,חיתולים בייביסיטר מידה 4+(40 יח),שקד תבל בעמ,,,יח`,1,,false,1,34.90,34.90,true,1,
7290017088082,false,חיתולים בייביסיטר מידה 5 (36 יח),שקד תבל בעמ,,,יח`,1,,false,1,34.90,34.90,true,1,
7290017088099,false,חיתולים בייביסיטר מידה 6(34 יח),שקד תבל בעמ,,,יח`,1,,false,1,34.90,34.90,true,1,
7290017088839,false,תחבושות BREEZE אקסטרה פלוס 8 יח`,שקד תבל בעמ,,,יח`,1,,false,1,19.90,19.90,false,1,
7290017105895,false,גרגרי חומוס מסעדות 550 גר` יכין,זנלכל בעמ,,,יח`,5.50,100 גרם,false,1,10.90,1.98,true,1,
7290017121093,false,אריסה חריפה250 גר עללחם,שטראוס גרופ בעמ/מצונן,,,יח`,2.50,100 גרם,false,1,14.90,5.96,false,1,
7290017142111,false,פתיתי טונה בהירה בשמן זית אריזת to go עץ,סוגת תעשיות בעמ,,,יח`,0.85,100 גרם,false,1,10.90,12.82,true,1,
7290017142159,false,נתחי טונה בהירה בשמן זית 80 גר`שלישייה,סוגת תעשיות בעמ,,,יח`,2.40,100 גרם,false,1,24.90,10.38,true,1,
7290017142180,false,פילה טונה פרוס עם שמן זית טעם לימון עם פ,סוגת תעשיות בעמ,,,יח`,1.20,100 גרם,false,1,15.90,13.25,true,1,
7290017142289,false,תרסיס שמן חמניות 200 מל ללא תוספת גז עץ,סוגת תעשיות בעמ,,,יח`,2,"100 מ""ל",false,1,21.90,10.95,true,1,
7290017142340,false,שמן זרעי ענבים מזוכך 1 ליטר עץ הזית,סוגת תעשיות בעמ,,,יח`,1,1 ליטר,false,1,30.90,30.90,true,1,
7290017142388,false,שמן חמניות פלוס 1 ליטר אומגה 3 עץ הזית,סוגת תעשיות בעמ,,,יח`,1,1 ליטר,false,1,16.90,16.90,true,1,
7290017142395,false,פסטה עם טונה בשמן זית 160 גר`עץ הזית,סוגת תעשיות בעמ,,,יח`,1.60,100 גרם,false,1,14.90,9.31,true,1,
7290017142456,false,נתחי טונה בשמן זית 160*2 גר עץ הזית,סוגת תעשיות בעמ,,,יח`,3.20,100 גרם,false,1,28.90,9.03,true,1,
7290017142487,false,בורגול עם גרגירי חומוס עם טונה בשמן זית,סוגת תעשיות בעמ,,,יח`,1.60,100 גרם,false,1,14.90,9.31,true,1,
7290017289168,false,יין אדום יבש 750 מל ישראלי,יקב טפרברג 1870 בעמ (יינות ומש,,,יח`,7.50,"100 מ""ל",false,1,23.90,3.15,true,1,
7290017289175,false,יין פטיט סירה 750 מל ישראלי,יקב טפרברג 1870 בעמ (יינות ומש,,,יח`,7.50,"100 מ""ל",false,1,23.90,3.15,true,1,
7290017289182,false,יין לבן חצי יבש 750 מל ישראלי,יקב טפרברג 1870 בעמ (יינות ומש,,,יח`,7.50,"100 מ""ל",false,1,23.90,3.15,true,1,
7290017289595,false,יין אדום יבש בלנד 750 מל ( inspier 150,יקב טפרברג 1870 בעמ (יינות ומש,,,יח`,7.50,"100 מ""ל",false,1,77.90,10.35,true,1,
7290017291123,false,שום יבש,חברת יוסף אופנהימר 1986 בעמ,,,יח`,1,,false,1,5,5,false,1,
7290017297088,false,ציפס 2 קג,ויטה -פרי גליל (החדשה) בעמ,,,יח`,20,100 גרם,false,1,22.90,1.15,false,1,
7290017297095,false,סטייק ציפס 2 קג,ויטה -פרי גליל (החדשה) בעמ,,,יח`,20,100 גרם,false,1,22.90,1.15,false,1,
7290017303802,false,מלוואח 600 גר`אריאל,מאפיית אריאל בעמ,,,יח`,6,100 גרם,false,1,22.90,3.82,false,1,
7290017389011,false,מנגו מיובש ללא סוכר 160 גר`קופסא,דין שיווק וקליה 2021 בעמ,,,יח`,1.60,100 גרם,false,1,19.90,12.44,false,1,
7290017389028,false,אננס מיובש ללא סוכר 160 גר`קופסא,דין שיווק וקליה 2021 בעמ,,,יח`,1.60,100 גרם,false,1,19.90,12.44,false,1,
7290017440323,false,שמפו+מרכך קידס דר פישר 750 מל,פישר תעשיות פרמצבטיות בעמ,,,יח`,7.50,"100 מ""ל",false,1,17.90,2.39,false,1,
7290017457727,false,סוד מרכך מרוכז (900 מל%+)20בישום -כחול,גורי שיווק בעמ,,,יח`,9,"100 מ""ל",false,1,12.90,1.43,false,1,
7290017457734,false,סוד מרכך מרוכז( 900 מל%+)20בישום -ורו,גורי שיווק בעמ,,,יח`,9,"100 מ""ל",false,1,12.90,1.43,false,1,
7290017477169,false,אגוזי קשיו 250 גר`ששון הקולה,דין שיווק וקליה 2021 בעמ,,,יח`,2.50,100 גרם,false,1,20,8,false,1,
7290017477305,false,זרעי צ`יה 250 גר`שקדיה,דין שיווק וקליה 2021 בעמ,,,יח`,2.50,100 גרם,false,1,10.90,4.36,false,1,
7290017477367,false,מטבעות שוקולד לבן לאפייה 300 גר`שקדיה,דין שיווק וקליה 2021 בעמ,,,יח`,3,100 גרם,false,1,14.90,4.97,false,1,
7290017477374,false,מטבעות שוקולד חלב לאפייה 300 גר`שקדיה,דין שיווק וקליה 2021 בעמ,,,יח`,3,100 גרם,false,1,14.90,4.97,false,1,
7290017477596,false,תמר מג`הול 400 גר`שקדיה,דין שיווק וקליה 2021 בעמ,,,יח`,4,100 גרם,false,1,19.90,4.98,true,1,
7290017513409,false,תה ירוק סופר פלפל ויסוצקי (25),תה ויסוצקי (ישראל) בעמ,,,יח`,1,,false,1,27.90,27.90,true,1,
7290017513485,false,מחית עגבניות רוסטיקה בלה איטליה (680 גרם,תה ויסוצקי (ישראל) בעמ,,,יח`,6.80,100 גרם,false,1,15.50,2.28,true,1,
7290017513775,false,בייגלהמצופים שוקולד חלב 140 גר` פליפז,תה ויסוצקי (ישראל) בעמ,,,יח`,1.40,100 גרם,false,1,8.90,6.36,true,1,
7290017513782,false,בייגלה מצופים שוקולד מריר 140 גר` פליפז,תה ויסוצקי (ישראל) בעמ,,,יח`,1.40,100 גרם,false,1,8.90,6.36,true,1,
7290017516295,false,חטיפ בריאות אגוז לוז שוקולד 50 גר`פרוטא,י.איטליאנו אחזקות בעמ,,,יח`,0.50,100 גרם,false,1,11.90,23.80,false,1,
7290017516424,false,חטיפ בריאות שוקולד(+ 300 גר`)פנגיאה שו,י.איטליאנו אחזקות בעמ,,,יח`,3,100 גרם,false,1,33.90,11.30,false,1,
7290017536521,false,מארז סופגניות ללא גלוטן רביעייה קפוא,דויטש,,,יח`,1,,false,1,19.90,19.90,false,1,
7290017599267,false,סוכרזית סוכרלוז 120 גר`שקיות,שטראוס גרופ בעמ,,,יח`,1.20,100 גרם,false,1,25.90,21.58,false,1,
7290017599274,false,סוכרזית סטיוויה 120 גר`שקיות,שטראוס גרופ בעמ,,,יח`,1.20,100 גרם,false,1,35.90,29.92,false,1,
7290017617046,false,טונה בשמן זית כתית מעולה 140 גר` סטארקיס,סטארקיסט דיפלומט היינץ,,,יח`,5.60,100 גרם,false,1,27.90,4.98,true,1,
7290017617084,false,סטארקיסט מיקס טוגו טונה עם שעועית 185 גר,סטארקיסט דיפלומט היינץ,,,יח`,1.85,100 גרם,false,1,13.90,7.51,false,1,
7290017617091,false,סטארקיסט מיקס טוגו טונה עם פתיתים 185 גר,סטארקיסט דיפלומט היינץ,,,יח`,1.85,100 גרם,false,1,13.90,7.51,false,1,
7290017617107,false,סטארקיסט מיקס טוגו טונה עם 4 דגנים 185 ג,סטארקיסט דיפלומט היינץ,,,יח`,1.85,100 גרם,false,1,13.90,7.51,false,1,
7290017617411,false,סטארקיסט מיקס סלמון עם אורז מלא וירקות 1,סטארקיסט דיפלומט היינץ,,,יח`,1.60,100 גרם,false,1,15.90,9.94,false,1,
7290017618111,false,עוגיות מלבן שקדים עם טריפל שוקולד 180 גר,אבאל יזמות בעמ,,,יח`,1.80,100 גרם,false,1,19.90,11.06,true,1,
7290017677804,false,רוטב סויה (444 מל) קיקומן,דיפלומט היינץ,,,יח`,4.44,"100 מ""ל",false,1,32.90,7.41,true,1,
7290017812571,false,תירוש אדום 1 ליטר 100% טבעי,אגודת הכורמים,,,יח`,1,1 ליטר,false,1,21.20,21.20,true,1,
7290017871462,false,טוסו חטיף פצפוצי אורז מצופה שוקולד מריר,דנשר (1963) בעמ,,,יח`,1,100 גרם,false,1,16.90,16.90,false,1,
7290017871974,false,ג`לי בטעם תות שדה 25 גר` טוסו,דנשר (1963) בעמ,,,יח`,0.25,100 גרם,false,1,11.90,47.60,false,1,
7290017872193,false,עוגיות שקדים וקינמון 200 גר` טוסו,דנשר (1963) בעמ,,,יח`,2,100 גרם,false,1,20.30,10.15,false,1,
7290017872667,false,סבון ידיים יהלום 500 מל עם שמן קמומיל פ,דנשר (1963) בעמ,,,יח`,5,"100 מ""ל",false,1,10.90,2.18,false,1,
7290017873169,false,פמלי BALL תחליב רחצה לידיים הדרים 500 מ,דנשר (1963) בעמ,,,יח`,5,"100 מ""ל",false,1,10.90,2.18,false,1,
7290017888019,false,תפוח רימון סלק וג`ינג`ר 350 מל fruit &,יפאורה,,,יח`,3.50,"100 מ""ל",false,1,7.90,2.17,true,1,
7290017888026,false,אננס תפוח גזר 350 מל fruit & veg,יפאורה,,,יח`,3.50,"100 מ""ל",false,1,7.90,2.17,true,1,
7290017888033,false,בננה לימון נענע סלק 350 מל fruit & veg,יפאורה,,,יח`,3.50,"100 מ""ל",false,1,7.90,2.17,true,1,
7290017888972,false,מי עדן פקק ספורט 1 ליטר,יפאורה,,,יח`,1,1 ליטר,false,1,3.90,3.90,true,1,
7290017907208,false,קמח רב תכליתי תמי 500 גר`-כשלפ,י.איטליאנו אחזקות בעמ,,,יח`,5,100 גרם,false,1,19.90,3.98,false,1,
7290017907246,false,סולת תמי 300 גר`-כשלפ,י.איטליאנו אחזקות בעמ,,,יח`,3,100 גרם,false,1,16.90,5.63,false,1,
7290017917757,false,קרם גוף מעושר בשמן כותנה 450 מל דר פיש,פישר תעשיות פרמצבטיות בעמ,,,יח`,4.50,"100 מ""ל",false,1,25.90,5.76,true,1,
7290017925967,false,בירה מלכה רביעייה 330 מל`,הכרם - משקאות חריפים בעמ,,,יח`,13.20,"100 מ""ל",false,1,40.90,3.01,false,1,
7290017928043,false,מקלות גריסני קראנץ מלח 175 גר` מאיר בייג,דנשר (1963) בעמ,,,יח`,1.75,100 גרם,false,1,12.90,7.37,true,1,
7290017928098,false,בייגלה שטוח מלח 330 גר` מאיר בייגל,דנשר (1963) בעמ,,,יח`,3.30,100 גרם,false,1,12.90,3.91,false,1,
7290017928432,false,מקלות גריסני קראנץ פרג` 175 גר` מאיר ביי,דנשר (1963) בעמ,,,יח`,1.75,100 גרם,false,1,12.90,7.37,true,1,
7290017928449,false,בייגלה שטוחלה פרו מלח 170 גר`מאיר בייגל,דנשר (1963) בעמ,,,יח`,1.70,100 גרם,false,1,12.90,7.59,false,1,
7290017928463,false,שברי בייגלה בטעם דבש חרדל ובצל ( 300 גר`,דנשר (1963) בעמ,,,יח`,3,100 גרם,false,1,13.90,4.63,true,1,
7290017928609,false,בייגלה טבעות שומשום 300 גר` מאיר בייגל,דנשר (1963) בעמ,,,יח`,3,100 גרם,false,1,12.90,4.30,true,1,
7290017928616,false,בייגלה שטוחלה שומשום 300 גר` מאיר בייגל,דנשר (1963) בעמ,,,יח`,3,100 גרם,false,1,12.90,4.30,false,1,
7290017928630,false,מקלות גריסני קראנץ פינוקים 175 גר` מאיר,דנשר (1963) בעמ,,,יח`,1.75,100 גרם,false,1,12.90,7.37,true,1,
7290017928661,false,שברי בייגלה בטעם צ`דר ( 300 גר`) סמאש,דנשר (1963) בעמ,,,יח`,3,100 גרם,false,1,13.90,4.63,true,1,
7290017928685,false,בייגלה שמיניות מלח 400 גר` מאיר בייגל,דנשר (1963) בעמ,,,יח`,4,100 גרם,false,1,12.90,3.23,false,1,
7290017928807,false,בייגלה אצבעות שומשום 300 גר` מאיר בייגל,דנשר (1963) בעמ,,,יח`,3,100 גרם,false,1,12.90,4.30,true,1,
7290017928821,false,מקלות גריסני קלאסי 200 גר` מאיר בייגל,דנשר (1963) בעמ,,,יח`,2,100 גרם,false,1,12.90,6.45,true,1,
7290017947105,false,לחם בסגנון אמריקה 500 גר`אנג`ל,שלמה א. אנג`ל בעמ,,,יח`,5,100 גרם,false,1,14.90,2.98,false,1,
7290017947464,false,פיתות כוסמין שמינייה( 400 גר`)אנג`ל,שלמה א. אנג`ל בעמ,,,יח`,1,,false,1,16.90,16.90,false,1,
7290017947495,false,לחמניות כוסמין 6 יח(450 גר`)אנג`ל,שלמה א. אנג`ל בעמ,,,יח`,4.50,100 גרם,false,1,14.90,3.31,false,1,
7290017947891,false,לחם כוסמין וחיטה מלאה 750 גר`אנגל,שלמה א. אנג`ל בעמ,,,יח`,7.50,100 גרם,false,1,16.90,2.25,false,1,
7290018011034,false,ארטיק פטל ליים,תמרה ארטיק בעמ,,,יח`,1,,false,1,9.90,9.90,false,1,
7290018011058,false,ארטיק עוגת גבינה ופטל,תמרה ארטיק בעמ,,,יח`,1,,false,1,9.90,9.90,false,1,
7290018011201,false,ארטיק אננס פסיפלורה ומנגו,תמרה ארטיק בעמ,,,יח`,1,,false,1,9.90,9.90,false,1,
7290018011225,false,ארטיק סורבה קוקוס,תמרה ארטיק בעמ,,,יח`,1,,false,1,9.90,9.90,false,1,
7290018011256,false,ארטיק יוגורט תות ומקופלת,תמרה ארטיק בעמ,,,יח`,1,,false,1,9.90,9.90,false,1,
7290018011485,false,ארטיק תות שוקולד לבן,תמרה ארטיק בעמ,,,יח`,1,,false,1,9.90,9.90,false,1,
7290018011607,false,ארטיק בננה תמר ופקאן,תמרה ארטיק בעמ,,,יח`,1,,false,1,9.90,9.90,false,1,
7290018011737,false,גלידת אייס קפה בננה,תמרה ארטיק בעמ,,,יח`,4.75,100 גרם,false,1,34.90,7.35,false,1,
7290018011850,false,ארטיק קרם קוקוס,תמרה ארטיק בעמ,,,יח`,1,,false,1,9.90,9.90,false,1,
7290018011867,false,ארטיק שוקולד קרמל מלוח,תמרה ארטיק בעמ,,,יח`,1,,false,1,9.90,9.90,false,1,
7290018011935,false,גלידת יוגורט בתוספת דובדבני אמרה,תמרה ארטיק בעמ,,,יח`,4.75,100 גרם,false,1,34.90,7.35,false,1,
7290018043639,false,פראוד חטיף חלבון שוקולד קריספי 29 גר`,דיפלומט היינץ,,,יח`,0.29,100 גרם,false,1,9.90,34.14,false,1,
7290018043844,false,דאבל בוטנים קרמל קראנץ 60 גר`,דיפלומט היינץ,,,יח`,0.60,100 גרם,false,1,13.90,23.17,true,1,
7290018045695,false,דגני בוקר בון בון במילוי קרם בטעם קרמל מ,ר.ב מוצרי דגנים בעמ,,,יח`,4.80,100 גרם,false,1,23.90,4.98,true,1,
7290018045893,false,דגני בוקר בון בון במילוי קרם נוגט 480 גר,ר.ב מוצרי דגנים בעמ,,,יח`,4.80,100 גרם,false,1,23.90,4.98,true,1,
7290018131756,false,מאגדת שלגונים וניל מצופה תות 8*55 גרם,נגה גלידות שותפות מוגבלת,,,יח`,4.40,100 גרם,false,1,26.90,6.11,false,1,
7290018131831,false,מאגדת שלגוני מילקה 4*66 גרם,נגה גלידות שותפות מוגבלת,,,יח`,2.84,100 גרם,false,1,32.90,11.58,false,1,
7290018131879,false,אקסטרים טילון ריבת חלב 6*72 גרם,נגה גלידות שותפות מוגבלת,,,יח`,4.32,100 גרם,false,1,32.90,7.62,false,1,
7290018131954,false,מאגדת לה פרוטה שוקולד תות 5*70 גרם,נגה גלידות שותפות מוגבלת,,,יח`,3.50,100 גרם,false,1,28.90,8.26,false,1,
7290018182017,false,קיסמי שיניים משולבים בחוט דנטלי בתוספת פ,פארמה דיל (פ.א.ב.) שיווק והפצה,,,יח`,1,,false,1,9.90,9.90,false,1,
7290018192658,false,צמד פטריות חמד איטלקי,קונס`-מרינה פטריות הגליל בעמ*ש,,,יח`,5,100 גרם,false,1,15.90,3.18,false,1,
7290018236635,false,צונגו פופקורן מצופה 600 גר` עוף טוב,קבוצת אסם סחר שות. מוגבלת,,,יח`,6,100 גרם,false,1,33.90,5.65,true,1,
7290018237922,false,שניצלונים ציפוי צ`יפס 700 גר`עוף טוב,קבוצת אסם סחר שות. מוגבלת,,,יח`,7,100 גרם,false,1,13.90,1.99,false,1,
7290018237939,false,שניצלונים ציפוי שומשום 700 גר`עוף טוב,קבוצת אסם סחר שות. מוגבלת,,,יח`,7,100 גרם,false,1,13.90,1.99,false,1,
7290018249154,false,ממרח אגוזי לוז סוויטאנגו 350 גר`,אבאל יזמות בעמ,,,יח`,3.50,100 גרם,false,1,35.90,10.26,true,1,
7290018249802,false,ממתיק sweetango צנצנת 280 גר`נטו,אבאל יזמות בעמ,,,יח`,2.80,100 גרם,false,1,27.90,9.96,true,1,
7290018282731,false,אל סבון מרובע ריח מאסק 500 מל LA BELLE,פארמה דיל (פ.א.ב.) שיווק והפצה,,,יח`,5,"100 מ""ל",false,1,9.90,1.98,false,1,
7290018285060,false,רוטב עגבניה 400 גר`דר שקשוקה,ציון תורג`מן בעמ,,,יח`,4,100 גרם,false,1,15.90,3.98,true,1,
7290018285077,false,רוטב עגבניה פיקנטי 400 גר`דר שקשוקה,ציון תורג`מן בעמ,,,יח`,4,100 גרם,false,1,15.90,3.98,true,1,
7290018285145,false,קוסקוס איטלקי 500 גר`דר שקשוקה,ציון תורג`מן בעמ,,,יח`,5,100 גרם,false,1,10.90,2.18,true,1,
7290018294383,false,קברנה סוביניון אזוריתפינו גריג`יו 750 מ,אגודת הכורמים,,,יח`,7.50,"100 מ""ל",false,1,54.90,7.28,true,1,
7290018294895,false,מונלייט לבן חצי יבש 750 מל,אגודת הכורמים,,,יח`,7.50,"100 מ""ל",false,1,35.90,4.75,true,1,
7290018294932,false,מיץ ענבים אדום 1 ליטר,אגודת הכורמים,,,יח`,1,1 ליטר,false,1,13.90,13.90,false,1,
7290018344101,false,חטיף חלבון VEG PROTEIN בטעם קקאו וקפה 50,אבאל יזמות בעמ,,,יח`,0.50,100 גרם,false,1,10.90,21.80,true,1,
7290018344125,false,חטיף חלבון VEG PROTEIN בטעם אגוזי לוז וק,אבאל יזמות בעמ,,,יח`,0.50,100 גרם,false,1,10.90,21.80,true,1,
7290018344156,false,חטיף חלווה משומשום מלא בתוספת שקדים ללא,אבאל יזמות בעמ,,,יח`,0.70,100 גרם,false,1,8.90,12.71,true,1,
7290018344163,false,חטיף חלווה משומשום מלא בתוספת פולי קקאו,אבאל יזמות בעמ,,,יח`,0.70,100 גרם,false,1,8.90,12.71,true,1,
7290018344774,false,עוגיות כוסמין אנרג`אוכמניות ללא סוכר,אבאל יזמות בעמ,,,יח`,2,100 גרם,false,1,25.90,12.95,true,1,
7290018359495,false,תירס מהשדה בלי תוספת סוכר( 550 גר`)יכי,זנלכל בעמ,,,יח`,5.50,100 גרם,false,1,10.90,1.98,false,1,
7290018359556,false,תירס מהשדה בלי תוספת סוכר( 400 גר)יכין,זנלכל בעמ,,,יח`,4,100 גרם,false,1,7.90,1.98,false,1,
7290018359570,false,שעועית צ`ילי הקטניה הטובה יכין מארז 3*20,זנלכל בעמ,,,יח`,6,100 גרם,false,1,14.90,2.48,true,1,
7290018359884,false,פולפה ליקופן טבעית (2*400) יכין,זנלכל בעמ,,,יח`,8,100 גרם,false,1,16.90,2.11,true,1,
7290018359938,false,רוטב עגבניות לשקשוקה 400 גר`יכין,זנלכל בעמ,,,יח`,4,100 גרם,false,1,12.50,3.13,false,1,
7290018359945,false,רוטב חאריפה פיקנטי 400 גר`,זנלכל בעמ,,,יח`,4,100 גרם,false,1,12.50,3.13,false,1,
7290018440070,false,רכז עגבניות בשפרפרת BX28,תה ויסוצקי (ישראל) בעמ,,,יח`,2,100 גרם,false,1,9.90,4.95,false,1,
7290018440193,false,בייגלה מצופים קרם בטעם חמאת בוטנים 140,תה ויסוצקי (ישראל) בעמ,,,יח`,1.40,100 גרם,false,1,8.90,6.36,true,1,
7290018440209,false,בייגלה בציפוי פאדג` לבן 140 גר` פליפז,תה ויסוצקי (ישראל) בעמ,,,יח`,1.40,100 גרם,false,1,8.90,6.36,true,1,
7290018440223,false,צ`אי מסאלה 25 שקיקים,תה ויסוצקי (ישראל) בעמ,,,יח`,1,,false,1,20.90,20.90,true,1,
7290018440254,false,צ`אי קרמל מלוח 25 שקיקים,תה ויסוצקי (ישראל) בעמ,,,יח`,1,,false,1,20.90,20.90,true,1,
7290018440384,false,תה ירוק מאטה לימון נענע ויסוצקי (25),תה ויסוצקי (ישראל) בעמ,,,יח`,1,,false,1,27.90,27.90,true,1,
7290018440438,false,טונה בשמן זית calvo שלישייה 3*65 גר`,תה ויסוצקי (ישראל) בעמ,,,יח`,1.95,100 גרם,false,1,26.90,13.79,true,1,
7290018440445,false,טונה בשמן זית 160 גרם,תה ויסוצקי (ישראל) בעמ,,,יח`,1.60,100 גרם,false,1,17.90,11.19,true,1,
7290018440483,false,בייגלה מצופה בקרמל מלוח ושוקולד 140 גר`,תה ויסוצקי (ישראל) בעמ,,,יח`,1.40,100 גרם,false,1,8.90,6.36,true,1,
7290018440513,false,סלט קליפורניה עם טונה 150 גר`,תה ויסוצקי (ישראל) בעמ,,,יח`,1.50,100 גרם,false,1,15.90,10.60,true,1,
7290018440896,false,חליטת ג`ינג`ר וכורכום אפקט הג`ינג`ר 25 י,תה ויסוצקי (ישראל) בעמ,,,יח`,0.3750,100 גרם,false,1,17.90,47.73,true,1,
7290018468319,false,נקניקיה צמחית בסגנון מדריד 400 גר` .,תנובה קפואים,,,יח`,4,100 גרם,false,1,40.90,10.23,true,1,
7290018468425,false,נקניק טבעוני בטעם פיקנטי 100 גר טירת צבי,תנובה - חלב,,,יח`,1,100 גרם,false,1,18.90,18.90,false,1,
7290018468432,false,נקניק טבעוני בטעם מעושן 100 גר טירת צבי,תנובה - חלב,,,יח`,1,100 גרם,false,1,18.90,18.90,false,1,
7290018471180,false,פרוט אנד ווג` אננס תפוח גזר 1 ליטר,יפאורה,,,יח`,10,"100 מ""ל",false,1,12.90,1.26,true,1,
7290018471210,false,נקטר אגס תפוח סברס ספרינג (1 ליטר),יפאורה,,,יח`,1,1 ליטר,false,1,7.30,7.30,false,1,
7290018471401,false,פרוט אנד ווג` אננס בננה כורכום 1 ליטר,יפאורה,,,יח`,10,"100 מ""ל",false,1,12.90,1.26,true,1,
7290018471449,false,ספרינג שייק בננה תמר תפוז 1 ליטר,יפאורה,,,יח`,1,1 ליטר,false,1,12.90,12.90,true,1,
7290018471470,false,תפוזינה נקטר תפוז פסיפלורה 1 ליטר,יפאורה,,,יח`,10,"100 מ""ל",false,1,7.30,0.73,false,1,
7290018471487,false,תפוזינה נקטר תפוז אננס 1 ליטר,יפאורה,,,יח`,10,"100 מ""ל",false,1,7.30,0.73,false,1,
7290018471630,false,שוופס טוניק מלפפון ליים 1 ליטר,יפאורה,,,יח`,1,1 ליטר,false,1,9.50,9.50,true,1,
7290018471906,false,משקה מוגז שוופס (1.5 ליטר) לימונדה ורוד,יפאורה,,,יח`,1.50,1 ליטר,false,1,9.50,6.13,true,1,
7290018471937,false,משקה מוגז פירות שוופס (1.5 ליטר) תות ל,יפאורה,,,יח`,1.50,1 ליטר,false,1,9.50,6.13,true,1,
7290018471951,false,משקה מוגז פירות שוופס (1.5 ליטר) אשכול,יפאורה,,,יח`,1.50,1 ליטר,false,1,9.50,6.13,true,1,
7290018493069,false,קרם ידיים 100 מל מועשר בשמן כותנה EFFEC,פישר תעשיות פרמצבטיות בעמ,,,יח`,1,"100 מ""ל",false,1,16.90,16.90,true,1,
7290018500231,false,לחם וויקאנד 750 גר`אנג`ל,שלמה א. אנג`ל בעמ,,,יח`,7.50,100 גרם,false,1,16.90,2.25,false,1,
7290018515020,false,חלבון סויה מיובש בצורת כנפי עוף 300 גרם,טחנת האבן קואופ בעמ,,,יח`,3,100 גרם,false,1,15.90,5.30,false,1,
7290018516331,false,פאוץ`פרינוק תפוח בננה ושיבולת שועל 120,גורי מוצרי צריכה (1991) בעמ,,,יח`,1.20,100 גרם,false,1,6.50,5.42,true,1,
7290018516348,false,פאוץ`פרינוק סלט פירות ושיבולת שועל 120,גורי מוצרי צריכה (1991) בעמ,,,יח`,1.20,100 גרם,false,1,6.50,5.42,true,1,
7290018540824,false,לחם ארטיזנל מחמצת כפרי 500 גר`אנג`ל,שלמה א. אנג`ל בעמ,,,יח`,5,100 גרם,false,1,17.90,3.58,false,1,
7290018540831,false,לחם ארטיזנל מחמצת חיטה מלאה ודגנים 500 ג,שלמה א. אנג`ל בעמ,,,יח`,5,100 גרם,false,1,17.90,3.58,false,1,
7290018571088,false,טופי חמוצמוץ 600 גרם כשלפ,מיה תעשיות מזון מ.ת.מ. בעמ,,,יח`,6,100 גרם,false,1,16.90,2.82,false,1,
7290018571101,false,אגוזי מלך בנספק ( 200 גר`) מיה,מיה תעשיות מזון מ.ת.מ. בעמ,,,יח`,2,100 גרם,false,1,20.90,10.45,true,1,
7290018571149,false,שקד מולבן פרוס בנספק ( 200 גר`) מיה,מיה תעשיות מזון מ.ת.מ. בעמ,,,יח`,2,100 גרם,false,1,20.90,10.45,true,1,
7290018571156,false,שקד מולבן שבבים בנספק ( 200 גר`) מיה,מיה תעשיות מזון מ.ת.מ. בעמ,,,יח`,2,100 גרם,false,1,20.90,10.45,true,1,
7290018571699,false,קמח שקדים 250 גר`זיפר מיה,מיה תעשיות מזון מ.ת.מ. בעמ,,,יח`,2.50,100 גרם,false,1,25.90,10.36,false,1,
7290018571705,false,אורז יסמין 1 קג מיה,מיה תעשיות מזון מ.ת.מ. בעמ,,,יח`,1,"ק""ג",false,1,11.90,11.90,true,1,
7290018571712,false,אורז פרסי 1 קג מיה,מיה תעשיות מזון מ.ת.מ. בעמ,,,יח`,1,"ק""ג",false,1,10.90,10.90,true,1,
7290018571736,false,אורז בסמטי 1 קג מיה,מיה תעשיות מזון מ.ת.מ. בעמ,,,יח`,1,"ק""ג",false,1,11.90,11.90,true,1,
7290018652923,false,מאגדת עוגת גבינה ותות שוקולד לבן 5 יח`.,נגה גלידות שותפות מוגבלת,,,יח`,2.25,100 גרם,false,1,30.50,13.56,false,1,
7290018703052,false,פראוד חטיף חלבון עוגיות קראנץ גר`,דיפלומט היינץ,,,יח`,0.29,100 גרם,false,1,9.90,34.14,false,1,
7290018703083,false,דאבל שוקולד קראנץ 60 גר`,דיפלומט היינץ,,,יח`,0.60,100 גרם,false,1,13.90,23.17,true,1,
7290018703311,false,דאבל קרם עוגיות קראנץ 60 גר`,דיפלומט היינץ,,,יח`,0.60,100 גרם,false,1,13.90,23.17,true,1,
7290018703496,false,דאבל בננה טופי קראנץ 60 גר`,דיפלומט היינץ,,,יח`,0.60,100 גרם,false,1,13.90,23.17,true,1,
7290018724408,false,דגני בוקר נטורלה נוגט ללא גלוטן 375 גר,י.איטליאנו אחזקות בעמ,,,יח`,3.75,100 גרם,false,1,20.90,5.57,false,1,
7290018724415,false,דגני בוקר נטורלה בראוניז ללא גלוטן 375,י.איטליאנו אחזקות בעמ,,,יח`,3.75,100 גרם,false,1,20.90,5.57,false,1,
7290018724552,false,קמח שקדים ללא גלוטן 250 גר`,י.איטליאנו אחזקות בעמ,,,יח`,2.50,100 גרם,false,1,23.90,9.56,false,1,
7290018770245,false,זית ירוק מגולען בטעם רוזמרין 190 גר`,אבאל יזמות בעמ,,,יח`,1.90,100 גרם,false,1,13.90,7.32,true,1,
7290018770252,false,זית ירוק מגולען בטעם שום 190 גר`,אבאל יזמות בעמ,,,יח`,1.90,100 גרם,false,1,13.90,7.32,true,1,
7290018770269,false,זית קלמטה עם שמן זית 215 גר`,אבאל יזמות בעמ,,,יח`,2.15,100 גרם,false,1,13.90,6.47,true,1,
7290018770276,false,זית עריביקה עם שמן זית 215 גר`,אבאל יזמות בעמ,,,יח`,2.15,100 גרם,false,1,13.90,6.47,true,1,
7290018777275,false,חטיף חלבון VEG PROTEIN עוגיות וניל 50 גר,אבאל יזמות בעמ,,,יח`,0.50,100 גרם,false,1,10.90,21.80,true,1,
7290018785003,false,סלרי חתוך,יראון - עבודות חקלאיות בעמ,,,יח`,1,,false,1,5.90,5.90,false,1,
7290018878743,false,חמישיות שוקולד מריר (5*100 גר`) כרמית,כרמית תעשיות ממתקים בעמ,,,יח`,5,100 גרם,false,1,18.90,3.78,false,1,
7290018893036,false,ביסקוויט סנדוויץ בטעם שוקולד במילוי קרם,ש.שסטוביץ בעמ,,,יח`,1.76,100 גרם,false,1,7.50,4.26,false,1,
7290018893258,false,צ`וקטה עוגות אישיות בטעם קרמל 300 גר`,ש.שסטוביץ בעמ,,,יח`,3,100 גרם,false,1,13.90,4.63,true,1,
7290018893647,false,ביסקוויט במילוי קרם בטעם וניל בציפוי שו,ש.שסטוביץ בעמ,,,יח`,1.50,100 גרם,false,1,10.90,7.27,true,1,
7290018893814,false,צ`וקטה שוקולד מריר 48% 5*100,ש.שסטוביץ בעמ,,,יח`,5,100 גרם,false,1,19.90,3.98,false,1,
7290018893951,false,עלי וופל חמאה בטעם קינמון 100 גר` צוקטה,ש.שסטוביץ בעמ,,,יח`,1,100 גרם,false,1,10.90,10.90,true,1,
7290018894002,false,בלקוני וופל קוביות קקאו 250 גר`,ש.שסטוביץ בעמ,,,יח`,2.50,100 גרם,false,1,13.90,5.56,true,1,
7290018894019,false,בלקוני עוגות מיקס מקס חלב 350 גר`,ש.שסטוביץ בעמ,,,יח`,3.50,100 גרם,false,1,15.90,4.54,true,1,
7290018894217,false,בלקוני עוגות מיקס מקס קקאו 350 גר`,ש.שסטוביץ בעמ,,,יח`,3.50,100 גרם,false,1,15.90,4.54,true,1,
7290018894248,false,שוקולד חלב שליישיה צ`וקטה 100 גר`,ש.שסטוביץ בעמ,,,יח`,3,100 גרם,false,1,13.90,4.63,false,1,
7290018921807,false,קמיל בלו משחת החתלה צמחי מרפא דר פישר 1,פישר תעשיות פרמצבטיות בעמ,,,יח`,1.20,100 גרם,false,1,22.90,19.08,true,1,
7290018925065,false,מיץ תפוזים סחוט פרימור (2 ליטר),שטראוס גרופ בעמ/מצונן,,,יח`,2,1 ליטר,false,1,27.90,13.80,false,1,
7290018989081,false,חומוס הבית 410 גר`יכין,זנלכל בעמ,,,יח`,4.10,100 גרם,false,1,8.90,2.17,false,1,
7290018989135,false,סירופ בטעם פטל יכין 1 ליטר,זנלכל בעמ,,,יח`,1,1 ליטר,false,1,19.90,19.90,false,1,
7290019036395,false,ארטישוק 400 גר`קפוא,א.ג בחירה חכמה בעמ,,,יח`,4,100 גרם,false,1,9.90,2.48,false,1,
7290019056027,false,משקה מוגז פירות שוופס (1.5 ליטר) תפוחי,יפאורה,,,יח`,1.50,1 ליטר,false,1,9.50,6.13,true,1,
7290019056034,false,משקה מוגז פירות שוופס (1.5 ליטר) אננס,יפאורה,,,יח`,1.50,1 ליטר,false,1,9.50,6.13,true,1,
7290019056041,false,משקה מוגז פירות שוופס (1.5 ליטר) לימונ,יפאורה,,,יח`,1.50,1 ליטר,false,1,9.50,6.13,true,1,
7290019056058,false,שוופס מוגז עדין( 1.5 ליטר) תפוח ליים,יפאורה,,,יח`,1.50,1 ליטר,false,1,9.50,6.13,true,1,
7290019056065,false,שוופס מוגז עדין( 1.5 ליטר) פירות יער,יפאורה,,,יח`,1.50,1 ליטר,false,1,9.50,6.13,true,1,
7290019056089,false,שוופס מוגז עדין( 1.5 ליטר) ענבי ריזלינג,יפאורה,,,יח`,1.50,1 ליטר,false,1,9.50,6.13,true,1,
7290019056096,false,שוופס מוגז עדין( 1.5 ליטר) אפרסק,יפאורה,,,יח`,1.50,1 ליטר,false,1,9.50,6.13,true,1,
7290019056119,false,מי סודה (1.5 ליטר) שוופס,יפאורה,,,יח`,1.50,1 ליטר,false,1,3.90,2.40,true,1,
7290019056164,false,מי סודה (1.5x4 ליטר)שוופס,יפאורה,,,יח`,6,1 ליטר,false,1,12.20,1.83,false,1,
7290019056171,false,מי סודה (1.5x4 ליטר)בטעם לימון שוופס,יפאורה,,,יח`,6,1 ליטר,false,1,12.20,1.83,false,1,
7290019056249,false,שוופס מים 1.5 ליטר בטעם ענבים,יפאורה,,,יח`,1.50,1 ליטר,false,1,9.50,6.13,true,1,
7290019056294,false,משקה שוופס (1.5 ליטר)ג`ינג`ר אייל,יפאורה,,,יח`,1.50,1 ליטר,false,1,12.90,8.40,false,1,
7290019056300,false,משקה שוופס (1.5 ליטר)ביטר למון,יפאורה,,,יח`,1.50,1 ליטר,false,1,12.90,8.40,false,1,
7290019056324,false,שוופס (1.5 ליטר)מי טוניק,יפאורה,,,יח`,1.50,1 ליטר,false,1,12.90,8.40,false,1,
7290019056331,false,שוופס מי טוניק (1.5 ליטר)ללס,יפאורה,,,יח`,0.0150,"100 מ""ל",false,1,12.90,840,false,1,
7290019056379,false,משקה קל תפוזינה 1.5 ליטר תפוזים,יפאורה,,,יח`,1.50,1 ליטר,false,1,9.50,6.13,true,1,
7290019056393,false,משקה קל תפוזינה 1.5 ליטר תות בננה,יפאורה,,,יח`,1.50,1 ליטר,false,1,9.50,6.13,true,1,
7290019056416,false,משקה תפוזינה 1.5 ליטר לימונדה ורודה,יפאורה,,,יח`,1.50,1 ליטר,false,1,9.50,6.13,true,1,
7290019056478,false,ספרינג תה 1.5 ליטר בטעם אפרסק,יפאורה,,,יח`,1.50,1 ליטר,false,1,9.50,6.13,true,1,
7290019056546,false,פרוט ווטר 1.5 ליטר בטעם אבטיח,יפאורה,,,יח`,1.50,1 ליטר,false,1,9.50,6.13,true,1,
7290019056553,false,מים מינרלים עין גדי (2x6 ליטר),יפאורה,,,יח`,1.20,1 ליטר,false,1,13.70,9.92,false,1,
7290019056560,false,מים עין גדי בודד 2 ליטר,יפאורה,,,יח`,2,1 ליטר,false,1,3.30,1.65,false,1,
7290019056591,false,משקה קל ספרינג 1.5 ליטר ענבים,יפאורה,,,יח`,1.50,1 ליטר,false,1,9.50,6.13,true,1,
7290019056607,false,משקה קל ספרינג 1.5 ליטר תפוחים,יפאורה,,,יח`,1.50,1 ליטר,false,1,9.50,6.13,true,1,
7290019056621,false,משקה קל ספרינג 1.5 ליטר פירות טרופיים,יפאורה,,,יח`,1.50,1 ליטר,false,1,9.50,6.13,true,1,
7290019056676,false,משקה קל ספרינג 1.5 ליטר אשכוליות אננס די,יפאורה,,,יח`,1.50,1 ליטר,false,1,9.50,6.13,true,1,
7290019056959,false,מי עדן בודד 1.5 ליטר,יפאורה,,,יח`,1.50,1 ליטר,false,1,2.80,1.67,false,1,
7290019056966,false,מי עדן בקבוק פיקדון 1.5 ליטר,יפאורה,,,יח`,15,"100 מ""ל",false,1,4.20,0.26,false,1,
7290019056973,false,מים מינרלים (1.5x6 ליטר)מי עדן,יפאורה,,,יח`,9,1 ליטר,false,1,13.90,1.34,false,1,
7290019074366,false,אפקטיב קר תחליב רחצה מעושר בשמן ארגן 450,פישר תעשיות פרמצבטיות בעמ,,,יח`,4.50,"100 מ""ל",false,1,15.90,3.53,false,1,
7290019101833,false,כוסות נייר b8 פאלאס) (50,פאלאס תעשיות נטו (2014) בעמ,,,יח`,50,יח`,false,1,8.90,0.18,false,1,
7290019105107,false,רביעיות מגבונים לתינוק ויקטורי פרימיום מ,טרופיקל-דגיל תעשיות קוסמטיקה ב,,,יח`,1,,false,1,14.90,14.90,false,1,
7290019153078,false,שוופס ביטר למון לייט 1.5 ליטר,יפאורה,,,יח`,1.50,1 ליטר,false,1,12.90,8.40,false,1,
7290019153351,false,משקה קל תפוזינה 1.5 ליטר פינק אוזו,יפאורה,,,יח`,15,"100 מ""ל",false,1,9.50,0.61,true,1,
7290019153375,false,משקה קל תפוזינה 1.5 ליטר מוחיטו,יפאורה,,,יח`,15,"100 מ""ל",false,1,9.50,0.61,true,1,
7290019153566,false,משקה קל ספרינג 1.5 ליטר רימון אוכמניות,יפאורה,,,יח`,1.50,1 ליטר,false,1,9.50,6.13,true,1,
7290019167020,false,עוגת גבינה עם פירורים 82 גרם עדן קינוחים,תנובה - חלב,,,יח`,0.82,100 גרם,false,1,7.20,8.78,false,1,
7290019167044,false,קצפת עם קרם בייגלה מתוק מלוח 82 גרם עדן,תנובה - חלב,,,יח`,0.82,100 גרם,false,1,7.20,8.78,false,1,
7290019203018,false,טורטייה מחומוס מונבט FULL WRAP,גורי מוצרי צריכה (1991) בעמ,,,יח`,1.80,100 גרם,false,1,22.90,12.72,false,1,
7290019232155,false,ויסוצקי פלוס חליטת קמומיל לבנדר לילה טוב,תה ויסוצקי (ישראל) בעמ,,,יח`,1,,false,1,26.90,26.90,true,1,
7290019232179,false,ויסוצקי פלוס תה ירוק נענע עם ויטמינים,תה ויסוצקי (ישראל) בעמ,,,יח`,1,,false,1,26.90,26.90,true,1,
7290019232803,false,הולגריין ביסקוויט עם קרם חלב 300 גרם,תה ויסוצקי (ישראל) בעמ,,,יח`,3,100 גרם,false,1,12.90,4.30,true,1,
7290019232827,false,הולגריין ביסקוויט במילוי אגוזי לוז 300 ג,תה ויסוצקי (ישראל) בעמ,,,יח`,3,100 גרם,false,1,12.90,4.30,true,1,
7290019232834,false,בייגלה מצופים בקרם עוגיות ושוקולד 140 גר,תה ויסוצקי (ישראל) בעמ,,,יח`,1.40,100 גרם,false,1,8.90,6.36,true,1,
7290019233008,false,שקשוקה ארטישוק 420 גר`-זיתא,תה ויסוצקי (ישראל) בעמ,,,יח`,4.20,100 גרם,false,1,13.90,3.31,true,1,
7290019233046,false,זית קלמטה בלונד זיתא 215 גר`,תה ויסוצקי (ישראל) בעמ,,,יח`,2.17,100 גרם,false,1,14.90,6.87,false,1,
7290019297161,false,טורטיה ראפ מקמח תירס 450 גר` (12 יח),דין שיווק וקליה 2021 בעמ,,,יח`,4.50,100 גרם,false,1,10.90,2.42,true,1,
7290019297239,false,צימוק כהה 330 גר`,דין שיווק וקליה 2021 בעמ,,,יח`,3.30,100 גרם,false,1,12.90,3.91,false,1,
7290019297246,false,שזיפים מיובשים ששון הקולה (330 גרם),דין שיווק וקליה 2021 בעמ,,,יח`,3.30,100 גרם,false,1,19.90,6.03,false,1,
7290019297420,false,מעדן פרי תות 284 גר` ללא תוספת סוכר- ש,דין שיווק וקליה 2021 בעמ,,,יח`,2.84,100 גרם,false,1,11.90,4.19,true,1,
7290019297512,false,רוטב רימונים 340 גר שקדיה,דין שיווק וקליה 2021 בעמ,,,יח`,3.40,"100 מ""ל",false,1,11.20,3.29,false,1,
7290019297536,false,חמאת בוטנים 510 גר` עם שברי בוטנים דין ש,דין שיווק וקליה 2021 בעמ,,,יח`,5.10,100 גרם,false,1,14.20,2.78,true,1,
7290019297543,false,חמאת בוטנים 510 גר` דין שיווק,דין שיווק וקליה 2021 בעמ,,,יח`,5.10,100 גרם,false,1,14.20,2.78,true,1,
7290019297635,false,שקדים קלויים 150 גר ששון הקולה,דין שיווק וקליה 2021 בעמ,,,יח`,1.50,100 גרם,false,1,17.90,11.93,false,1,
7290019303312,false,טבע ירוק בייגלה כוסמין עם מלח 200 גר`,אבאל יזמות בעמ,,,יח`,2,100 גרם,false,1,15.90,7.95,true,1,
7290019303657,false,פינוקיות שומשום מיקס בריאות 250 גר`,אבאל יזמות בעמ,,,יח`,2.50,100 גרם,false,1,18.90,7.56,true,1,
7290019303701,false,פינוקיות שומשום מיקס ישראלי 250 גר`,אבאל יזמות בעמ,,,יח`,2.50,100 גרם,false,1,18.90,7.56,true,1,
7290019308126,false,פולי סויה 400 גר` פרוסטי,נ.ת.נ.ג.ב החזקות יעוץ וניהול ב,,,יח`,4,100 גרם,false,1,6.90,1.73,true,1,
7290019393016,false,קמח חיטה לבן ללא צורך בניפוי 1 קג,אבאל יזמות בעמ,,,יח`,1,"ק""ג",false,1,7.90,7.90,true,1,
7290019393023,false,קמח חיטה 80% ללא צורך בניפוי 1 קג,אבאל יזמות בעמ,,,יח`,1,"ק""ג",false,1,9.90,9.90,true,1,
7290019393061,false,קמח כוסמין 100% ללא צורך בניפוי 1 קג,אבאל יזמות בעמ,,,יח`,1,"ק""ג",false,1,15.90,15.90,true,1,
7290100240144,false,בדין תרסיס למייבש כביסה,יוניליוור ישראל שיווק בעמ,,,יח`,5,"100 מ""ל",false,1,20.30,4.06,true,1,
7290100240656,false,פתית שיפון תלמה (300 גרם),יוניליוור ישראל שיווק בעמ,,,יח`,3,100 גרם,false,1,19.30,6.43,true,1,
7290100245231,false,נמס בכוס ועוד טעם עוף שקדי מרק,יוניליוור ישראל שיווק בעמ,,,יח`,0.50,100 גרם,false,1,7.60,15.20,true,1,
7290100247969,false,קליק שקיות כריות צ`וקולדה,יוניליוור ישראל שיווק בעמ,,,יח`,0.75,100 גרם,false,1,6.90,9.20,true,1,
7290100658338,false,פלמוליב כלים אוקסי כחול פורמולה חדשה,ש.שסטוביץ בעמ,,,יח`,7.50,"100 מ""ל",false,1,13.90,1.85,true,1,
7290100680667,false,מנה חמה נודלס בסגנון סצ`ואן אסם (76 גרם),קבוצת אסם סחר שות. מוגבלת,,,יח`,0.76,100 גרם,false,1,8.50,11.18,true,1,
7290100680711,false,פירורית זהב אסם (350 גרם),קבוצת אסם סחר שות. מוגבלת,,,יח`,3.50,100 גרם,false,1,10.10,2.89,false,1,
7290100680728,false,פירורית אסם (350 גרם),קבוצת אסם סחר שות. מוגבלת,,,יח`,3.50,100 גרם,false,1,8.40,2.40,false,1,
7290100681138,false,אפרופו מארז שלישיה,קבוצת אסם סחר שות. מוגבלת,,,יח`,1.50,100 גרם,false,1,14.50,9.67,true,1,
7290100683880,false,אסם פירה רגיל 26,קבוצת אסם סחר שות. מוגבלת,,,יח`,2.60,100 גרם,false,1,14.70,5.65,false,1,
7290100684764,false,במבה יום הולדת אסם (25 גרם),קבוצת אסם סחר שות. מוגבלת,,,יח`,0.25,100 גרם,false,1,3.30,13.20,false,1,
7290100685334,false,אבקת מרק עוף אמיתי מרכיבים 400 גר`,קבוצת אסם סחר שות. מוגבלת,,,יח`,4,100 גרם,false,1,24.90,6.23,true,1,
7290100685341,false,אבקת מרק רכיבים 400 גר`,קבוצת אסם סחר שות. מוגבלת,,,יח`,4,100 גרם,false,1,18.30,4.58,true,1,
7290100686164,false,ביסלי חטיף בטעם ברביקיו אסם (35x6 גרם),קבוצת אסם סחר שות. מוגבלת,,,יח`,2.10,100 גרם,false,1,16.30,7.76,true,1,
7290100686171,false,ביסלי חטיף בטעם גריל אסם (35x6 גרם),קבוצת אסם סחר שות. מוגבלת,,,יח`,2.10,100 גרם,false,1,17.30,8.24,true,1,
7290100689301,false,מרק בטעם עוף זך אסם (400 גרם),קבוצת אסם סחר שות. מוגבלת,,,יח`,4,100 גרם,false,1,17.30,4.33,true,1,
7290100700020,false,גריסי פנינה סוגת (500 גרם),סוגת תעשיות בעמ,,,יח`,2,100 גרם,false,1,7.50,3.75,true,1,
7290100700068,false,שעועית צבעונית 500 גר`,סוגת תעשיות בעמ,,,יח`,5,100 גרם,false,1,12.90,2.58,true,1,
7290100700075,false,פירורי לחם מוזהבים סוגת (200 גרם),סוגת תעשיות בעמ,,,יח`,2,100 גרם,false,1,4.90,2.45,true,1,
7290100700242,false,אורז מלא עגול סוגת (1 קג),סוגת תעשיות בעמ,,,יח`,10,100 גרם,false,1,10.90,1.09,false,1,
7290100700273,false,קינואה 500 גר`,סוגת תעשיות בעמ,,,יח`,5,100 גרם,false,1,16.90,3.38,true,1,
7290100700396,false,אורז יסמין סוגת (1 קג),סוגת תעשיות בעמ,,,יח`,1,"ק""ג",false,1,13.50,13.50,true,1,
7290100700587,false,בורגול סוגת (500 גרם),סוגת תעשיות בעמ,,,יח`,5,100 גרם,false,1,6.50,1.30,true,1,
7290100701126,false,שעועית מש סוגת (500 גרם),סוגת תעשיות בעמ,,,יח`,5,100 גרם,false,1,13.90,2.78,true,1,
7290100701140,false,אורז ריזוטו ארבוריו סוגת (1 קג),סוגת תעשיות בעמ,,,יח`,1,"ק""ג",false,1,13.90,13.90,false,1,
7290100701157,false,אורז להכנת סושי סוגת (1 קג),סוגת תעשיות בעמ,,,יח`,1,"ק""ג",false,1,12.90,12.90,false,1,
7290100701300,false,קינואה אדומה סוגת (500 גרם),סוגת תעשיות בעמ,,,יח`,5,100 גרם,false,1,16.90,3.38,true,1,
7290100701454,false,בורגול דק גרישה סוגת (500 גרם),סוגת תעשיות בעמ,,,יח`,5,100 גרם,false,1,6.50,1.30,true,1,
7290100702284,false,קוסקוס מלא סוגת (350 גרם),סוגת תעשיות בעמ,,,יח`,3.50,100 גרם,false,1,5.70,1.63,false,1,
7290100702611,false,פתיתים אפויים אורז,סוגת תעשיות בעמ,,,יח`,5,100 גרם,false,1,6.50,1.30,true,1,
7290100702628,false,פתיתים אפויים קוסקוס,סוגת תעשיות בעמ,,,יח`,5,100 גרם,false,1,6.50,1.30,true,1,
7290100702994,false,סוכר דמררה בשקית סוגת (500 גרם),סוגת תעשיות בעמ,,,יח`,5,100 גרם,false,1,7.50,1.50,true,1,
7290100703007,false,עדשים שחורות בלוגה סוגת (500 גרם),סוגת תעשיות בעמ,,,יח`,5,100 גרם,false,1,8.90,1.78,true,1,
7290100704516,false,חומוס מיני סוגת (500 גרם),סוגת תעשיות בעמ,,,יח`,5,100 גרם,false,1,6.90,1.38,true,1,
7290100704608,false,שעועית לבנה עדינה סוגת (500 גרם),סוגת תעשיות בעמ,,,יח`,5,100 גרם,false,1,7.90,1.58,true,1,
7290100704622,false,סוכר דמררה דק דק צנצנת 500 גר,סוגת תעשיות בעמ,,,יח`,5,100 גרם,false,1,8.90,1.78,false,1,
7290100704660,false,קינואה מיקס 500 גר`,סוגת תעשיות בעמ,,,יח`,5,100 גרם,false,1,16.90,3.38,true,1,
7290100704691,false,אורז אדום סוגת (500גרם),סוגת תעשיות בעמ,,,יח`,5,100 גרם,false,1,10.90,2.18,false,1,
7290100704707,false,אורז מיקס סוגת (500גרם),סוגת תעשיות בעמ,,,יח`,5,100 גרם,false,1,10.90,2.18,false,1,
7290100850909,false,חטיף תירס נאצ`ו מקסיקני דוריטוס (70 גרם),שטראוס פריטו ליי בעמ,,,יח`,0.70,100 גרם,false,1,4,5.71,true,1,
7290100850916,false,חטיף תירס חמוץ חריף דוריטוס (70 גרם),שטראוס פריטו ליי בעמ,,,יח`,0.70,100 גרם,false,1,4,5.71,true,1,
7290100850923,false,חטיף תירס גריל דוריטוס (70 גרם),שטראוס פריטו ליי בעמ,,,יח`,0.70,100 גרם,false,1,4,5.71,true,1,
7290100850930,false,חטיף תירס בטעם טבעי דוריטוס (70 גרם),שטראוס פריטו ליי בעמ,,,יח`,0.70,100 גרם,false,1,4,5.71,true,1,
7290100858592,false,אבקת קקאו עלית (150 גרם),שטראוס גרופ בעמ,,,יח`,1.50,100 גרם,false,1,9.90,6.60,false,1,
7290100858608,false,אבקת קקאו עלית (500 גרם),שטראוס גרופ בעמ,,,יח`,5,100 גרם,false,1,24.50,4.90,false,1,
7290100921593,false,סוד כדוריות נתלה לאסלה לימון,גורי שיווק בעמ,,,יח`,1,,false,1,8.90,8.90,true,1,
7290100921616,false,סוד כדוריות נתלה לאסלה אורנים,גורי שיווק בעמ,,,יח`,1,,false,1,8.90,8.90,true,1,
7290100921623,false,סוד כדוריות נתלה לאסלה אקונומיקה,גורי שיווק בעמ,,,יח`,1,,false,1,8.90,8.90,true,1,
7290100924457,false,כדוריות שלישייה בניחוח לימון,גורי שיווק בעמ,,,יח`,1,,false,1,17.90,17.90,true,1,
7290100924464,false,כדוריות שלישייה אקנומיקה,גורי שיווק בעמ,,,יח`,1,,false,1,17.90,17.90,true,1,
7290100924631,false,מרכך כביסה מרוכז בייבי סוד (900 מל),גורי שיווק בעמ,,,יח`,9,"100 מ""ל",false,1,13.20,1.47,false,1,
7290100925669,false,דפים למניעת העברת צבע קולור קאצ`ר) (10,גורי שיווק בעמ,,,יח`,1,,false,1,13.90,13.90,true,1,
7290100925676,false,דפים למניעת העברת צבע קולור קאצ`ר (20),גורי שיווק בעמ,,,יח`,1,,false,1,18.90,18.90,true,1,
7290101110149,false,בליסימו גלידה 1.3 ליטר וניל עם פליק,פלקו בעמ,,,יח`,1.30,1 ליטר,false,1,19.90,15.31,true,1,
7290101110477,false,בקלאווה 1.8,פלקו בעמ,,,יח`,1.80,1 ליטר,false,1,26.90,14.94,false,1,
7290101112921,false,מאגדת גלידל פרי פירות טרופים 8 יח,פלקו בעמ,,,יח`,6.40,100 גרם,false,1,25.90,4.05,false,1,
7290101113447,false,מאגדת גלידל מיני קסטה שוקו וניל,פלקו בעמ,,,יח`,1,,false,1,30.90,30.90,false,1,
7290101113454,false,מאגדת גלידל יוגורט אפרסק 8 יח,פלקו בעמ,,,יח`,1,,false,1,30.90,30.90,false,1,
7290101113591,false,מאגדת טילונים שוקולד לבן עם עוגיות יולו,פלקו בעמ,,,יח`,1,,false,1,22.90,22.90,false,1,
7290101113751,false,מאגדת שלגון יולו קרמל ושוקולד בלונדי 4 י,פלקו בעמ,,,יח`,2,100 גרם,false,1,18.90,9.45,false,1,
7290101113805,false,מאגדת יופלה שייק פרי תות 70% פרי 5 יח`,פלקו בעמ,,,יח`,3.50,100 גרם,false,1,20.90,5.97,true,1,
7290101551027,false,קפסולות 14 למכונות נספרו עלית) (10,שטראוס גרופ בעמ,,,יח`,0.50,100 גרם,false,1,18.50,37,true,1,
7290101551300,false,סילאן טבעי לחיץ 380 גר`יד מרדכי .,שטראוס גרופ בעמ,,,יח`,3.80,100 גרם,false,1,15.90,4.18,false,1,
7290101551539,false,דנונה פרו 20 גר`אפרסק,שטראוס גרופ בעמ/מצונן,,,יח`,2,100 גרם,false,1,6.10,3.05,false,1,
7290101551577,false,קוואקר שיבולת שועל פחית 500 גר`זוג,שטראוס פריטו ליי בעמ,,,יח`,0.01,100 גרם,false,1,24.90,2490,true,1,
7290101863410,false,סיליט באנג אקונומיקה 750 מל,רקיט בנקיזר (ניר איסט) בעמ,,,יח`,7.50,"100 מ""ל",false,1,13.90,1.85,false,1,
7290101864127,false,ספריי להסרת כתמים וניש קליה (750 מל),רקיט בנקיזר (ניר איסט) בעמ,,,יח`,7.50,"100 מ""ל",false,1,17.90,2.39,true,1,
7290101865261,false,נוזל הברקה למדיח כלים פיניש (800 מל),רקיט בנקיזר (ניר איסט) בעמ,,,יח`,8,"100 מ""ל",false,1,20.90,2.61,false,1,
7290101868958,false,פיניש נוזל הברקה 800 מל לימון,רקיט בנקיזר (ניר איסט) בעמ,,,יח`,8,"100 מ""ל",false,1,20.90,2.61,false,1,
7290101869719,false,פיניש ג`ל 600 מל לימון AIO,רקיט בנקיזר (ניר איסט) בעמ,,,יח`,6,"100 מ""ל",false,1,33.90,5.65,false,1,
7290101869733,false,פיניש ג`ל 1 ליטר AIO,רקיט בנקיזר (ניר איסט) בעמ,,,יח`,1,1 ליטר,false,1,44.90,44.90,false,1,
7290101869795,false,מילוי מבשם אויר אוטומטי חלום ליל קיץ,רקיט בנקיזר (ניר איסט) בעמ,,,יח`,2.50,"100 מ""ל",false,1,15.90,6.36,true,1,
7290101869832,false,מילוי מבשם אויר חשמלי חלום ליל קיץ,רקיט בנקיזר (ניר איסט) בעמ,,,יח`,1,,false,1,17.90,17.90,true,1,
7290101999584,false,נרות ג`מבו כוכבים- הלו קיטי,שמחה זה אנחנו בעמ,,,יח`,1,,false,1,6.90,6.90,false,1,
7290101999683,false,נרות מטה כוכבים- ברבי,שמחה זה אנחנו בעמ,,,יח`,1,,false,1,5.90,5.90,false,1,
7290102003983,false,חרב בועות סבון קטן-דיסני דיספלי,שמחה זה אנחנו בעמ,,,יח`,1,,false,1,6.90,6.90,false,1,
7290102031276,false,שמיניית אקטימל תות בננה,שטראוס גרופ בעמ/מצונן,,,יח`,8,"100 מ""ל",false,1,20.90,2.61,false,1,
7290102032334,false,קפה נמס וניל עלית (200 גרם),שטראוס גרופ בעמ,,,יח`,2,100 גרם,false,1,21.90,10.95,false,1,
7290102300822,false,גבינת צ`דר אנגלית כתומה 200 גרם,א. סיימן סחר בעמ,,,יח`,2,100 גרם,false,1,25.90,12.95,true,1,
7290102300860,false,גבינת צ`דר אנגלית 200 גרם,א. סיימן סחר בעמ,,,יח`,2,100 גרם,false,1,23.90,11.95,true,1,
7290102302826,false,פילה דג סרדין בשמן זית 120 גר`רוברוט,א. סיימן סחר בעמ,,,יח`,1.20,100 גרם,false,1,16.90,14.08,false,1,
7290102302833,false,גאודה פרוסה 150 גר`הגבינות של נני,א. סיימן סחר בעמ,,,יח`,1.50,100 גרם,false,1,22.90,15.27,false,1,
7290102302840,false,גאודה עיזים פרוסה 150 גר` הגבינות של נני,א. סיימן סחר בעמ,,,יח`,1.50,100 גרם,false,1,32.90,21.93,true,1,
7290102302864,false,גבינה גאודה פסטו ירוק 200 גר`,א. סיימן סחר בעמ,,,יח`,2,100 גרם,false,1,32.90,16.45,true,1,
7290102390427,false,יוגורט ביו פרופ 3% תות מולר (150 גרם),החב` המרכזית - טרה,,,יח`,1.50,"100 מ""ל",false,1,5.30,3.53,false,1,
7290102390465,false,מולר מעדן אפרסק 150 מל,החב` המרכזית - טרה,,,יח`,1.50,"100 מ""ל",false,1,5.30,3.53,false,1,
7290102390489,false,יוגורט ביו פרופ 3% לימון מולר (150 גרם),החב` המרכזית - טרה,,,יח`,1.50,"100 מ""ל",false,1,5.30,3.53,false,1,
7290102391844,false,מולר יוגורט פרי פרופ יער 150 מל,החב` המרכזית - טרה,,,יח`,1.50,"100 מ""ל",false,1,5.30,3.53,false,1,
7290102393039,false,מולר מיקס יוגורט קרמי,החב` המרכזית - טרה,,,יח`,1.70,100 גרם,false,1,6.20,3.65,false,1,
7290102393060,false,מולר מיקס יוגורט קרמי,החב` המרכזית - טרה,,,יח`,1.70,"100 מ""ל",false,1,6.20,3.65,false,1,
7290102393169,false,מולר סימפלי פרויט תות שדה,החב` המרכזית - טרה,,,יח`,1.50,100 גרם,false,1,5.30,3.53,true,1,
7290102393176,false,מולר סימפלי פרויט אפרסק,החב` המרכזית - טרה,,,יח`,1.50,100 גרם,false,1,5.30,3.53,true,1,
7290102393190,false,מולר סימפלי פרויט פירות היער,החב` המרכזית - טרה,,,יח`,1.50,100 גרם,false,1,5.30,3.53,true,1,
7290102393268,false,גבינה לבנה 5% 750 גר`פיקוח,החב` המרכזית - טרה,,,יח`,7.50,100 גרם,false,1,14.94,1.99,false,1,
7290102393299,false,יוגורט עיזים 500 גר`לשתיה,החב` המרכזית - טרה,,,יח`,5,100 גרם,false,1,13.40,2.68,false,1,
7290102393718,false,גבינת חלומי בקר 28% משק צוריאל (200 גרם),החב` המרכזית - טרה,,,יח`,2,100 גרם,false,1,20.90,10.45,false,1,
7290102393947,false,מולר סימפלי פרויט קיווי,החב` המרכזית - טרה,,,יח`,1.50,"100 מ""ל",false,1,5.30,3.53,true,1,
7290102394258,false,מה עז 180 גר`9%,החב` המרכזית - טרה,,,יח`,1.80,100 גרם,false,1,23.70,13.17,false,1,
7290102394463,false,גבינה צהובה ואקום 28%,החב` המרכזית - טרה,,,יח`,5,100 גרם,false,1,29.40,5.88,false,1,
7290102394821,false,גבינה צהובה 200 גר`דק דק 28% אדם נעם,החב` המרכזית - טרה,,,יח`,2,100 גרם,false,1,17.40,8.70,false,1,
7290102394845,false,גבינה צהובה 200 גר`דק דק 9% נעם,החב` המרכזית - טרה,,,יח`,2,100 גרם,false,1,17.80,8.90,false,1,
7290102395224,false,יוגורט ביו נטורל 1.7% מולר (150x8 גרם),החב` המרכזית - טרה,,,יח`,12,100 גרם,false,1,18.80,1.57,false,1,
7290102395231,false,יוגורט ביו נטורל 2.8% מולר (150x8 גרם),החב` המרכזית - טרה,,,יח`,1,,false,1,18.80,18.80,false,1,
7290102395262,false,מאגדת שמינייה מולר סיפלי תות,החב` המרכזית - טרה,,,יח`,1,,false,1,31.40,31.40,false,1,
7290102395439,false,מאגדת שמינייה מולר סיפלי פרוט,החב` המרכזית - טרה,,,יח`,1,,false,1,31.40,31.40,false,1,
7290102395477,false,מעדן בטעם שוקולד קצפת מוו (123 גרם),החב` המרכזית - טרה,,,יח`,1.23,100 גרם,false,1,3,2.44,false,1,
7290102395521,false,שמנת לבישול 15% 500 מל,החב` המרכזית - טרה,,,יח`,5,"100 מ""ל",false,1,17.40,3.48,false,1,
7290102396580,false,מעדן מוו שוקולד ומוס שוקולד,החב` המרכזית - טרה,,,יח`,1.23,100 גרם,false,1,3,2.44,false,1,
7290102396665,false,גבינה צהובה דקה דקה 15% נעם (200 גרם),החב` המרכזית - טרה,,,יח`,2,100 גרם,false,1,17.80,8.90,false,1,
7290102397204,false,גבינה צהובה נעם דק דק פתח סגור 200 גר,החב` המרכזית - טרה,,,יח`,2,100 גרם,false,1,17.80,8.90,false,1,
7290102397464,false,מולר נטורל+פקאן גרעינים וחמוציות 150,החב` המרכזית - טרה,,,יח`,1.50,100 גרם,false,1,6.20,4.13,false,1,
7290102397600,false,מולר מיקס שקדים ובוטנים בקרמל 170 גרם,החב` המרכזית - טרה,,,יח`,1.70,100 גרם,false,1,6.20,3.65,false,1,
7290102397617,false,מולר מיקס קליק 170 גרם,החב` המרכזית - טרה,,,יח`,1.70,100 גרם,false,1,6.20,3.65,false,1,
7290102397679,false,קוטג`וחצי 5% 375 גר,החב` המרכזית - טרה,,,יח`,3.75,100 גרם,false,1,8.30,2.21,false,1,
7290102397730,false,גבינה צהובה אמנטל 30% נעם (200 גרם),החב` המרכזית - טרה,,,יח`,2,100 גרם,false,1,17.80,8.90,false,1,
7290102397747,false,מוצרלה נעם פתיחה חוזרת 200 גר`,החב` המרכזית - טרה,,,יח`,2,100 גרם,false,1,19.90,9.95,false,1,
7290102397891,false,גבינה מותכת 100 גר צוריאל,החב` המרכזית - טרה,,,יח`,1,100 גרם,false,1,7.90,7.90,false,1,
7290102398065,false,חלב קרטון 2 ליטר 3% מהדרין וסט,החב` המרכזית - טרה,,,יח`,2,1 ליטר,false,1,12.46,6.23,false,1,
7290102398072,false,חלב הומוגני 3% 1 ליטר מהדרין וסט,החב` המרכזית - טרה,,,יח`,1,1 ליטר,false,1,6.23,6.23,false,1,
7290102398331,false,חלב מועשר דל לקטוז 1 ליטר טרה,החב` המרכזית - טרה,,,יח`,1,1 ליטר,false,1,7.50,7.50,false,1,
7290102398560,false,משקה שוקו מועשר בבקבוק 1 ליטר טרה,החב` המרכזית - טרה,,,יח`,1,1 ליטר,false,1,12.10,12.10,false,1,
7290102398577,false,שוקו מעושר בבקבוק 250 מל טרה,החב` המרכזית - טרה,,,יח`,2.50,"100 מ""ל",false,1,5.20,2.08,false,1,
7290102398614,false,משקה חלב בטעם בננה 1 ליטר טרה,החב` המרכזית - טרה,,,יח`,1,1 ליטר,false,1,12.10,12.10,false,1,
7290102398669,false,משקה חלב אייס קפוצינו 1 ליטר טרה,החב` המרכזית - טרה,,,יח`,1,1 ליטר,false,1,12.10,12.10,false,1,
7290102398782,false,משקה סויה קלאסי 1 ליטר משק צוריאל,החב` המרכזית - טרה,,,יח`,1,1 ליטר,false,1,10.90,10.90,false,1,
7290102398799,false,משקה סויה במתיקות מופחת 1 ליטר משק צוריא,החב` המרכזית - טרה,,,יח`,1,1 ליטר,false,1,10.90,10.90,false,1,
7290102398805,false,משקה סויה בטעם וניל 1 ליטר משק צוריאל,החב` המרכזית - טרה,,,יח`,1,1 ליטר,false,1,10.90,10.90,false,1,
7290102398836,false,משקה שקדים קלאסי 1 ליטר משק צוריאל,החב` המרכזית - טרה,,,יח`,10,"100 מ""ל",false,1,12.90,1.29,false,1,
7290102399635,false,Muller Froop TROPICAL קוקוס ואננס 4.1% ש,החב` המרכזית - טרה,,,יח`,1.50,"100 מ""ל",false,1,5.30,3.53,false,1,
7290102399772,false,ממרח חמאה מולר במליחות עדינה 250 גר`,החב` המרכזית - טרה,,,יח`,2.50,100 גרם,false,1,17.80,7.12,false,1,
7290102399789,false,ממרח חמאה מולר ללא מלח 250 גר`,החב` המרכזית - טרה,,,יח`,2.50,100 גרם,false,1,17.80,7.12,false,1,
7290102399796,false,יוגורט מולר אקטיב לבן חלבון 25 גר,החב` המרכזית - טרה,,,יח`,2,100 גרם,false,1,6.20,3.10,true,1,
7290102399802,false,יוגורט מולר אקטיב תות חלבון 20גר,החב` המרכזית - טרה,,,יח`,2,100 גרם,false,1,6.20,3.10,true,1,
7290102399819,false,יוגורט מולר אקטיב פירות יער חלבון 20גר,החב` המרכזית - טרה,,,יח`,2,100 גרם,false,1,6.20,3.10,true,1,
7290102399857,false,מולר אקטיב לייט יוגורט 20 גר חלבון( 200,החב` המרכזית - טרה,,,יח`,0,100 גרם,false,1,5.80,5.80,true,1,
7290102840175,false,אינסטנט פודינג בטעם וניל מיה (85 גרם),מיה תעשיות מזון מ.ת.מ. בעמ,,,יח`,0.85,100 גרם,false,1,5,5.88,false,1,
7290102840182,false,פודינג בטעם שוקולד 85 גר`מיה,מיה תעשיות מזון מ.ת.מ. בעמ,,,יח`,0.85,100 גרם,false,1,5,5.88,false,1,
7290103156480,false,מזלג חד פעמי לפיד) (100,פאלאס תעשיות נטו (2014) בעמ,,,יח`,1,,false,1,10.90,10.90,true,1,
7290103400194,false,כרוב לבן 400 ג בדצ ירקות שטראוס טעם הטבע,שטראוס גרופ בעמ/מצונן,,,יח`,4,100 גרם,false,1,9,2.25,false,1,
7290103400231,false,גזר גוליאן 400גר שטראוס טעם הטבע,שטראוס גרופ בעמ/מצונן,,,יח`,4,100 גרם,false,1,9,2.25,false,1,
7290103400255,false,סלט קולסלאו 400 ג בדצ ירקות שטראוס טעם ה,שטראוס גרופ בעמ/מצונן,,,יח`,4,100 גרם,false,1,9,2.25,false,1,
7290103401429,false,קפה PLATINUM ברזילאי 200 גר,שטראוס גרופ בעמ,,,יח`,2,100 גרם,false,1,24.90,12.45,true,1,
7290103404758,false,כרוב אדום במיונז אחלה (120 גרם),שטראוס גרופ בעמ/מצונן,,,יח`,1.20,100 גרם,false,1,5.10,4.25,false,1,
7290103408206,false,עלי חסה ערבית שטופים 250 גר טעם הטבע,שטראוס גרופ בעמ/מצונן,,,יח`,2.50,100 גרם,false,1,10.10,4.04,false,1,
7290104061417,false,חומוס עם טחינה אחלה (400 גרם),שטראוס גרופ בעמ/מצונן,,,יח`,4,100 גרם,false,1,12.10,3.03,false,1,
7290104061424,false,חומוס וזעתר אחלה (400 גרם),שטראוס גרופ בעמ/מצונן,,,יח`,4,100 גרם,false,1,12.10,3.03,false,1,
7290104061431,false,חומוס עם צנובר אחלה (400 גרם),שטראוס גרופ בעמ/מצונן,,,יח`,4,100 גרם,false,1,12.10,3.03,false,1,
7290104061448,false,חומוס וחריף אחלה (400 גרם),שטראוס גרופ בעמ/מצונן,,,יח`,4,100 גרם,false,1,12.10,3.03,false,1,
7290104062599,false,מעדן בטעם תות בננה גמדים (100x8 גרם),שטראוס גרופ בעמ/מצונן,,,יח`,8,"100 מ""ל",false,1,19.20,2.40,false,1,
7290104065934,false,עלי רוקט שטראוס 150 גר`-טעם הטבע,שטראוס גרופ בעמ/מצונן,,,יח`,1.50,100 גרם,false,1,10.50,7,false,1,
7290104066566,false,טחינה משומשום מלא אחלה (500 גרם),שטראוס גרופ בעמ/מצונן,,,יח`,5,100 גרם,false,1,15.60,3.12,true,1,
7290104067693,false,חומוס אחלה עם תוספת חריף 150 גר,שטראוס גרופ בעמ/מצונן,,,יח`,1.50,100 גרם,false,1,6.10,4.07,false,1,
7290104501661,false,פודינג בטעם וניל צרפתי 80 גר`אסם,קבוצת אסם סחר שות. מוגבלת,,,יח`,0.80,100 גרם,false,1,6.80,8.50,false,1,
7290104504228,false,דובונים חטיף תפוחי אדמה אסם (20x5 גרם),קבוצת אסם סחר שות. מוגבלת,,,יח`,1,100 גרם,false,1,15.20,15.20,true,1,
7290104508943,false,במבה אסם (200 גרם),קבוצת אסם סחר שות. מוגבלת,,,יח`,2,100 גרם,false,1,10.50,5.25,true,1,
7290104721533,false,רצועות פלפלים קלויים אחלה (400 גרם),שטראוס גרופ בעמ/מצונן,,,יח`,4,100 גרם,false,1,17.20,4.30,true,1,
7290104721762,false,קפה טורקי עלית (85x3 גרם),שטראוס גרופ בעמ,,,יח`,2.55,100 גרם,false,1,19.90,7.80,false,1,
7290104721953,false,לקט מסולסלים 350 גרם שטראוס טעם הטבע,שטראוס גרופ בעמ/מצונן,,,יח`,3.50,100 גרם,false,1,13.50,3.86,false,1,
7290104722530,false,תפוצ`יפס 200 גר` שמנת בצל,שטראוס פריטו ליי בעמ,,,יח`,2,100 גרם,false,1,11.50,5.75,true,1,
7290104726262,false,מארז 4 דני לשתייה,שטראוס גרופ בעמ/מצונן,,,יח`,5,100 גרם,false,1,11.40,2.28,false,1,
7290104726712,false,מילקי שמיניה,שטראוס גרופ בעמ/מצונן,,,יח`,8.68,"100 מ""ל",false,1,20.90,2.41,false,1,
7290104728310,false,שמנת עמידה לקצפת 38% שומן 250 מל,שטראוס גרופ בעמ/מצונן,,,יח`,2.50,"100 מ""ל",false,1,6.47,2.59,false,1,
7290104729003,false,שמן זית כתית מעולה יד מרדכי (750 מל),שטראוס גרופ בעמ,,,יח`,7.50,"100 מ""ל",false,1,34.90,4.65,true,1,
7290104858789,false,כוסיות יין- 50 יח פאלאס,פאלאס תעשיות נטו (2014) בעמ,,,יח`,1,,false,1,12.90,12.90,false,1,
7290104960239,false,תחליב רחצה בניחוח קמומיל נקה (7507 מל),החברה הדרומית לשיווק בעמ,,,יח`,7.50,"100 מ""ל",false,1,11.90,1.59,true,1,
7290104960246,false,תחליב רחצה נקה 7 ורוד ורד,החברה הדרומית לשיווק בעמ,,,יח`,7.50,"100 מ""ל",false,1,11.90,1.59,true,1,
7290104960352,false,תחליב רחצה נקה 7 וניל שקד,החברה הדרומית לשיווק בעמ,,,יח`,7.50,"100 מ""ל",false,1,11.90,1.59,true,1,
7290104961526,false,טיטניום ספרי גוף קלאסי 150 מל,החברה הדרומית לשיווק בעמ,,,יח`,1.50,"100 מ""ל",false,1,10.90,7.27,true,1,
7290104961533,false,טיטניום ספרי גוף בלק 150 מל,החברה הדרומית לשיווק בעמ,,,יח`,1.50,"100 מ""ל",false,1,10.90,7.27,true,1,
7290104963001,false,סופטקר מגבונים רביעייה,החברה הדרומית לשיווק בעמ,,,יח`,1,,false,1,16.90,16.90,false,1,
7290104965647,false,דאו נושם רול און קרליין sweet kiss,החברה הדרומית לשיווק בעמ,,,יח`,0.75,100 גרם,false,1,13.90,18.53,true,1,
7290105100122,false,מטריה ידנית מתקפל,טומי - קונסיגנציה,,,יח`,1,,false,1,9.90,9.90,false,1,
7290105100160,false,מטריות ילדים שקוף,טומי - קונסיגנציה,,,יח`,1,,false,1,19.90,19.90,false,1,
7290105360250,false,קפסולות קפה עלית עשיר וארומטי)(10,שטראוס גרופ בעמ,,,יח`,1,,false,1,18.50,18.50,true,1,
7290105360328,false,קפסולות 10 חזק ועוצמתי עלית) (10,שטראוס גרופ בעמ,,,יח`,0.50,100 גרם,false,1,18.50,37,true,1,
7290105360335,false,קפסולות 7 עדין וקטיפתי עלית) (10,שטראוס גרופ בעמ,,,יח`,0.50,100 גרם,false,1,18.50,37,true,1,
7290105362339,false,שמנת לבישול 15% יטבתה (250 מל),שטראוס גרופ בעמ/מצונן,,,יח`,2.50,"100 מ""ל",false,1,8.60,3.44,true,1,
7290105364289,false,כיף כף מקלות פצפוצים,שטראוס גרופ בעמ,,,יח`,0.40,100 גרם,false,1,5.70,14.25,true,1,
7290105364302,false,מקלות כיף כף אגוזים עלית (42 גרם),שטראוס גרופ בעמ,,,יח`,0.42,100 גרם,false,1,5.70,13.57,true,1,
7290105366023,false,חצילים בטעם כבד אחלה (400 גרם),שטראוס גרופ בעמ/מצונן,,,יח`,4,100 גרם,false,1,16.20,4.05,true,1,
7290105366047,false,טחינה לבנה אחלה (400 גרם),שטראוס גרופ בעמ/מצונן,,,יח`,4,100 גרם,false,1,16.20,4.05,true,1,
7290105366993,false,סימפוניה 200 גר פלפל שיפקה חריף,שטראוס גרופ בעמ/מצונן,,,יח`,2,100 גרם,false,1,12.20,6.10,false,1,
7290105368331,false,מילקי תות פיקוח,שטראוס גרופ בעמ/מצונן,,,יח`,1.30,"100 מ""ל",false,1,2.80,2.15,false,1,
7290105368904,false,שמנת עמידה לקצפת 32% שומן,שטראוס גרופ בעמ/מצונן,,,יח`,2.50,"100 מ""ל",false,1,7.70,3.08,false,1,
7290105369130,false,סימפוניה 200 גר בצל ירוק 5%,שטראוס גרופ בעמ/מצונן,,,יח`,2,100 גרם,false,1,12.20,6.10,false,1,
7290105439499,false,מיונז הולנדי מאסטר שף (483 גר`),ש.שסטוביץ בעמ,,,יח`,4.83,100 גרם,false,1,12.50,2.59,false,1,
7290105439505,false,מיונז לייט 479 גר מנה מאסטר שף,ש.שסטוביץ בעמ,,,יח`,4.79,100 גרם,false,1,12.90,2.69,false,1,
7290105439581,false,חרדל דיז`ון צרפתי מאסטר שף (370 גרם),ש.שסטוביץ בעמ,,,יח`,3.70,100 גרם,false,1,12.90,3.49,false,1,
7290105691248,false,חטיף טורטיה תירס אסם (60 גרם),קבוצת אסם סחר שות. מוגבלת,,,יח`,0.60,100 גרם,false,1,9,15,true,1,
7290105691934,false,קמח שמרים אסם (1 קג),קבוצת אסם סחר שות. מוגבלת,,,יח`,1,"ק""ג",false,1,12.20,12.20,false,1,
7290105693341,false,במבה אסם (25x10 גרם),קבוצת אסם סחר שות. מוגבלת,,,יח`,2.50,100 גרם,false,1,17.30,6.92,true,1,
7290105693457,false,עוגת הבית דמקה שוקו וניל 320 גר`בחושות,קבוצת אסם סחר שות. מוגבלת,,,יח`,3.20,100 גרם,false,1,12.50,3.91,false,1,
7290105694614,false,ספגטי מהיר הכנה אסם (500 גרם),קבוצת אסם סחר שות. מוגבלת,,,יח`,5,100 גרם,false,1,6.10,1.22,true,1,
7290105695024,false,פתיתים אפויים 500 גר` אורז עם אטריות אסם,קבוצת אסם סחר שות. מוגבלת,,,יח`,1,,false,1,7.70,7.70,true,1,
7290105695321,false,עוגת בראוניז פאדג`,קבוצת אסם סחר שות. מוגבלת,,,יח`,4,100 גרם,false,1,19.60,4.90,false,1,
7290105695536,false,אבקת מרק ירקות שורש 220 גר,קבוצת אסם סחר שות. מוגבלת,,,יח`,2.20,100 גרם,false,1,18.60,8.45,false,1,
7290105695895,false,עוגת הבית דמקה דבש אסם (320 גרם),קבוצת אסם סחר שות. מוגבלת,,,יח`,3.20,100 גרם,false,1,12.50,3.91,false,1,
7290105962331,false,סחוג חריף מאוד 220 גרם,שטראוס גרופ בעמ/מצונן,,,יח`,2.20,100 גרם,false,1,9.90,4.50,false,1,
7290105964564,false,חומוס אחלה (400 גרם),שטראוס גרופ בעמ/מצונן,,,יח`,4,100 גרם,false,1,9.10,2.28,false,1,
7290105965738,false,דנונה לשתיה תות בננה,שטראוס גרופ בעמ/מצונן,,,יח`,2.63,"100 מ""ל",false,1,5.20,1.98,false,1,
7290105966469,false,חומץ בלסמי ממודנה יד מרדכי (250 מל),שטראוס גרופ בעמ,,,יח`,2.50,100 גרם,false,1,13.90,5.56,false,1,
7290105968098,false,סלט קולסלאו אחלה (500 גרם),שטראוס גרופ בעמ/מצונן,,,יח`,5,100 גרם,false,1,16.80,3.36,true,1,
7290105968654,false,רביולי עם בטטה פרווה שטראוס (400 גרם),שטראוס גרופ בעמ/מצונן,,,יח`,4,100 גרם,false,1,21.70,5.43,true,1,
7290105968777,false,אנרג`י פריכיות תחתית שוקולד מריר,שטראוס גרופ בעמ,,,יח`,0.80,100 גרם,false,1,9.40,11.75,true,1,
7290106520066,false,רבע לשבע- רגיל,שטראוס גרופ בעמ,,,יח`,1.60,100 גרם,false,1,14.20,8.88,false,1,
7290106520288,false,דנונה WOW תות 150 גר`,שטראוס גרופ בעמ/מצונן,,,יח`,1.50,100 גרם,false,1,4.60,3.07,true,1,
7290106520905,false,סלט טורקי אחלה (400 גרם),שטראוס גרופ בעמ/מצונן,,,יח`,4,100 גרם,false,1,17.20,4.30,true,1,
7290106520912,false,שמנת לבישול 9% יטבתה (250 מל),שטראוס גרופ בעמ/מצונן,,,יח`,2.58,"100 מ""ל",false,1,8.60,3.33,true,1,
7290106521049,false,קוביות סלק אחלה (400 גרם),שטראוס גרופ בעמ/מצונן,,,יח`,4,100 גרם,false,1,16.20,4.05,true,1,
7290106525399,false,קפסולות קפה עליתברזיל)(10,שטראוס גרופ בעמ,,,יח`,0.50,100 גרם,false,1,18.50,37,true,1,
7290106525405,false,קפסולות קפה עלית נטול קפאין אספרסו) (10,שטראוס גרופ בעמ,,,יח`,0.50,100 גרם,false,1,18.50,37,true,1,
7290106526822,false,אנרג`י פריכיות תחתית שוקולד,שטראוס גרופ בעמ,,,יח`,0.70,100 גרם,false,1,9.40,13.43,true,1,
7290106528628,false,חטיף תירס בטעם טבעי דוריטוס (185 גרם),שטראוס פריטו ליי בעמ,,,יח`,1.85,100 גרם,false,1,7.90,4.27,false,1,
7290106528949,false,סלט ערוגות שטראוס 450 גר`-טעם הטבע,שטראוס גרופ בעמ/מצונן,,,יח`,4.50,100 גרם,false,1,11.80,2.62,false,1,
7290106571037,false,מאגדת גומיגם,נגה גלידות שותפות מוגבלת,,,יח`,4.50,100 גרם,false,1,29.50,6.56,false,1,
7290106572027,false,קרקר לחמית חמישה דגנים אסם (190 גרם),קבוצת אסם סחר שות. מוגבלת,,,יח`,1.90,100 גרם,false,1,10,5.26,true,1,
7290106572065,false,חטיפי טורטיה בטעם חמוץ מתוק אסם (60 גרם),קבוצת אסם סחר שות. מוגבלת,,,יח`,0.60,100 גרם,false,1,9,15,true,1,
7290106573628,false,חומוס עם טחינה צבר (400 גרם),קבוצת אסם סחר שות. מוגבלת,,,יח`,4,100 גרם,false,1,13.30,3.33,false,1,
7290106574953,false,בייגלה שטוחים עם שומשום,קבוצת אסם סחר שות. מוגבלת,,,יח`,3,100 גרם,false,1,10.10,3.37,true,1,
7290106574977,false,בייגלה שטוחים טבעות עם מלח אסם (300 גרם),קבוצת אסם סחר שות. מוגבלת,,,יח`,3,100 גרם,false,1,10.10,3.37,true,1,
7290106575257,false,עוגת הבית סופלה טעם שוקולד,קבוצת אסם סחר שות. מוגבלת,,,יח`,3.40,100 גרם,false,1,12.50,3.68,false,1,
7290106576513,false,חומוס צבר (400 גרם),קבוצת אסם סחר שות. מוגבלת,,,יח`,5,100 גרם,false,1,12.20,2.44,false,1,
7290106576834,false,לה קרמריה 1.4 פונטש בננה,נגה גלידות שותפות מוגבלת,,,יח`,1.40,1 ליטר,false,1,23.40,16.71,true,1,
7290106576858,false,לה קרמריה 1.4 תותים בשמנת,נגה גלידות שותפות מוגבלת,,,יח`,1.40,1 ליטר,false,1,23.40,16.71,true,1,
7290106576919,false,לה קרמריה 1.4 סורבה תות לימון,נגה גלידות שותפות מוגבלת,,,יח`,1.40,1 ליטר,false,1,23.40,16.71,true,1,
7290106576957,false,לה קרמריה 1.4 שוקו וניל פרווה,נגה גלידות שותפות מוגבלת,,,יח`,1.40,1 ליטר,false,1,23.40,16.71,true,1,
7290106577527,false,צבר מרובע קולסלו 400 גר`,קבוצת אסם סחר שות. מוגבלת,,,יח`,4,100 גרם,false,1,12.80,3.20,false,1,
7290106577541,false,סלט כרוב אדום צבר (400 גרם),קבוצת אסם סחר שות. מוגבלת,,,יח`,4,100 גרם,false,1,11.80,2.95,false,1,
7290106577572,false,צבר מרובע סלט מטבוחה 400 גר`,קבוצת אסם סחר שות. מוגבלת,,,יח`,4,100 גרם,false,1,13.20,3.30,false,1,
7290106578692,false,במבה ביסלי מיקס 80 גר`,קבוצת אסם סחר שות. מוגבלת,,,יח`,0.80,100 גרם,false,1,4.40,5.50,true,1,
7290106578821,false,עוגת הבית שמרים שוקולד קלאסית,קבוצת אסם סחר שות. מוגבלת,,,יח`,3.50,100 גרם,false,1,19.30,5.51,false,1,
7290106652996,false,כיף כף מקלות קוקוס,שטראוס גרופ בעמ,,,יח`,0.42,100 גרם,false,1,5.70,13.57,true,1,
7290106653689,false,לקט לסלט אסייתי 350 גר`-טעם הטבע,שטראוס גרופ בעמ/מצונן,,,יח`,3.50,100 גרם,false,1,11.20,3.20,false,1,
7290106654099,false,מארז מילקי CAKE שמיניה,שטראוס גרופ בעמ/מצונן,,,יח`,2.72,100 גרם,false,1,20.30,7.46,false,1,
7290106656727,false,חיוכיםשוקו 600 גר בדצ,שטראוס גרופ בעמ,,,יח`,6,100 גרם,false,1,19.30,3.22,false,1,
7290106656734,false,חיוכים וניל600 גר בדצ,שטראוס גרופ בעמ,,,יח`,6,100 גרם,false,1,19.30,3.22,false,1,
7290106660410,false,רביולי תרד וגבינה שטראוס (400 גרם),שטראוס גרופ בעמ/מצונן,,,יח`,4,100 גרם,false,1,21.70,5.43,true,1,
7290106663091,false,לאבנה 9% שטראוס (500 גרם),שטראוס גרופ בעמ/מצונן,,,יח`,5,100 גרם,false,1,18.30,3.66,false,1,
7290106663121,false,עוגה אישית מילקי -CAKE בודד,שטראוס גרופ בעמ/מצונן,,,יח`,1,,false,1,3,3,false,1,
7290106664067,false,לאבנה שמן זית וזעתר %10שומן,שטראוס גרופ בעמ/מצונן,,,יח`,4,100 גרם,false,1,15.50,3.88,false,1,
7290106664555,false,רוטב שמנת עם עגבניות 9% יטבתה (250 מל),שטראוס גרופ בעמ/מצונן,,,יח`,2.50,"100 מ""ל",false,1,10.10,4.04,true,1,
7290106666788,false,סוכ`נוסטלגיה דבש ממולאות,שטראוס גרופ בעמ,,,יח`,0.80,100 גרם,false,1,6.90,8.63,false,1,
7290106667266,false,חטיף תירס חמוץ חריף דוריטוס (185 גרם),שטראוס פריטו ליי בעמ,,,יח`,1.85,100 גרם,false,1,7.90,4.27,false,1,
7290106668577,false,יד מרדכי מיץ לימון 250 מל,שטראוס גרופ בעמ,,,יח`,2.50,"100 מ""ל",false,1,7.90,3.16,true,1,
7290106668713,false,יוגורט 3% פירות יער דנונה (150 גרם),שטראוס גרופ בעמ/מצונן,,,יח`,1.50,100 גרם,false,1,3.90,2.60,false,1,
7290106669857,false,קפסולות קפה עלית בטעם וניל 50 גר,שטראוס גרופ בעמ,,,יח`,0.50,100 גרם,false,1,18.50,37,true,1,
7290106720626,false,חטיף תירס בטעם גבינה צ`יטוס (80 גרם),שטראוס פריטו ליי בעמ,,,יח`,0.80,100 גרם,false,1,5,6.25,false,1,
7290106723689,false,עלי תרד בייבי 200 גר`שטראוס טעם הטבע,שטראוס גרופ בעמ/מצונן,,,יח`,2,100 גרם,false,1,11.20,5.60,false,1,
7290106725867,false,סירופ מייפל טהור ללס יד מרדכי 189 גר,שטראוס גרופ בעמ,,,יח`,1.89,"100 מ""ל",false,1,31.60,16.72,true,1,
7290106726178,false,דנונה WOW פירות יער 150 גר`,שטראוס גרופ בעמ/מצונן,,,יח`,1.50,100 גרם,false,1,4.60,3.07,true,1,
7290106727984,false,כיף כף פצפצים עלית (135 גרם),שטראוס גרופ בעמ,,,יח`,1.35,100 גרם,false,1,10.90,8.07,false,1,
7290107280013,false,מגבוני בד לחים ליטופים (72x5),החברה הדרומית לשיווק בעמ,,,יח`,1,,false,1,20.90,20.90,true,1,
7290107280020,false,מטליות לחות לניקוי כללי סושי סנו (50x3),החברה הדרומית לשיווק בעמ,,,יח`,1,,false,1,19.90,19.90,true,1,
7290107280075,false,סנו סושי -תבניות אלומניום L,החברה הדרומית לשיווק בעמ,,,יח`,1,,false,1,10.90,10.90,true,1,
7290107280082,false,סנו סושי -תבניות אלומניום אנגליש קייק,החברה הדרומית לשיווק בעמ,,,יח`,1,,false,1,10.90,10.90,true,1,
7290107280099,false,מגבוני טואלט לחים סנו סופט) (48x3,החברה הדרומית לשיווק בעמ,,,יח`,1,,false,1,15.90,15.90,false,1,
7290107280105,false,מגבוני טישו סנו סופט) (120,החברה הדרומית לשיווק בעמ,,,יח`,1,,false,1,8.90,8.90,false,1,
7290107280129,false,שקיות אשפה חזקות 90x78 סנו סושי) (20,החברה הדרומית לשיווק בעמ,,,יח`,1,,false,1,24.90,24.90,false,1,
7290107280341,false,ריצפז פרש מטליות חד פעמיות ניחוח מלון מפ,החברה הדרומית לשיווק בעמ,,,יח`,1,,false,1,12.90,12.90,true,1,
7290107280389,false,סנו ג`ט למקלחת 750 מל,החברה הדרומית לשיווק בעמ,,,יח`,7.50,"100 מ""ל",false,1,13.90,1.85,true,1,
7290107280563,false,ג`ל בייבי סנו אוקסיג`ן (3 ליטר),החברה הדרומית לשיווק בעמ,,,יח`,3,1 ליטר,false,1,32.60,10.87,true,1,
7290107280570,false,מקסימה ג`ל כביסהבלי להפריד,החברה הדרומית לשיווק בעמ,,,יח`,3,1 ליטר,false,1,34.60,11.53,true,1,
7290107280723,false,נוזל לניקוי כלים לימון 700 מל,החברה הדרומית לשיווק בעמ,,,יח`,7,"100 מ""ל",false,1,8.90,1.27,true,1,
7290107280730,false,נוזל לניקוי כלים 700מל בניחוח לבנדר,החברה הדרומית לשיווק בעמ,,,יח`,7,"100 מ""ל",false,1,8.90,1.27,true,1,
7290107280754,false,נוזל לניקוי כלים היפואלרגני,החברה הדרומית לשיווק בעמ,,,יח`,7,"100 מ""ל",false,1,8.90,1.27,true,1,
7290107280761,false,נוזל לניקוי כלים בניחוח לימון 1ליטר,החברה הדרומית לשיווק בעמ,,,יח`,1,1 ליטר,false,1,12.20,12.20,false,1,
7290107340243,false,מטען אייפון imx,קונסיגנציה-איי.איקס.אם ישראל ב,,,יח`,1,,false,1,39.90,39.90,false,1,
7290107341370,false,כבל טייפסי imx,קונסיגנציה-איי.איקס.אם ישראל ב,,,יח`,1,,false,1,18.90,18.90,false,1,
7290107341394,false,אוזניות לבן imx,קונסיגנציה-איי.איקס.אם ישראל ב,,,יח`,1,,false,1,28.90,28.90,false,1,
7290107645928,false,קליק ביסקויט לבן 75 גר,יוניליוור ישראל שיווק בעמ,,,יח`,0.75,100 גרם,false,1,6.90,9.20,true,1,
7290107646963,false,ממרח ספייסי מיו 250 גר`תלמה.,יוניליוור ישראל שיווק בעמ,,,יח`,2.50,100 גרם,false,1,7.90,3.16,true,1,
7290107647366,false,שלישיית סבון אסלה ל5 פעולות בניחוח ים ד,יוניליוור ישראל שיווק בעמ,,,יח`,0,100 גרם,false,1,15.90,15.90,true,1,
7290107647656,false,מאגדת מיני סולרו קוקוס אננס,גלידות שטראוס בעמ,,,יח`,4.80,100 גרם,false,1,23.40,4.88,false,1,
7290107649643,false,קליק חטיף שוקולד בטעפ כדורי שוקולד 70 גר,יוניליוור ישראל שיווק בעמ,,,יח`,0.70,100 גרם,false,1,6.90,9.86,true,1,
7290107871297,false,פריכונים מיני עשבי תיבול אסם (25 גרם),קבוצת אסם סחר שות. מוגבלת,,,יח`,1,,false,1,4.90,4.90,false,1,
7290107871990,false,פסטה צינורות מהדרין אסם (500 גרם),קבוצת אסם סחר שות. מוגבלת,,,יח`,5,100 גרם,false,1,6.10,1.22,true,1,
7290107874427,false,מיני פריכונים בטעם זעתר אסם (25 גרם),קבוצת אסם סחר שות. מוגבלת,,,יח`,1,,false,1,4.90,4.90,false,1,
7290107874441,false,פריכונים מיני בצל מקורמל אסם (25 גרם),קבוצת אסם סחר שות. מוגבלת,,,יח`,1,,false,1,4.90,4.90,false,1,
7290107874502,false,ביסלי חטיף בטעם גריל אסם (55x4 גרם),קבוצת אסם סחר שות. מוגבלת,,,יח`,2.20,100 גרם,false,1,13.20,6,true,1,
7290107875271,false,ביסלי ברביקיו מארז 4יח*55גרם,קבוצת אסם סחר שות. מוגבלת,,,יח`,2.20,100 גרם,false,1,13.20,6,true,1,
7290107875820,false,קרוטונים אפויים בתיבול ביתי,קבוצת אסם סחר שות. מוגבלת,,,יח`,1.80,100 גרם,false,1,12.20,6.78,false,1,
7290107877619,false,במבה במילוי נוגט אסם (30x5 גרם),קבוצת אסם סחר שות. מוגבלת,,,יח`,1.50,100 גרם,false,1,16.30,10.87,true,1,
7290107879569,false,מאגדת לה פרוטה מנגו,נגה גלידות שותפות מוגבלת,,,יח`,3.50,100 גרם,false,1,28.50,8.14,false,1,
7290107930321,false,קונפיטורת דובדבן יד מרדכי (340 גרם),שטראוס גרופ בעמ,,,יח`,3.40,100 גרם,false,1,12.90,3.79,false,1,
7290107932080,false,חלב 3% מועשר בבקבוק יטבתה (1 ליטר),שטראוס גרופ בעמ/מצונן,,,יח`,10,"100 מ""ל",false,1,7.80,0.78,false,1,
7290107933155,false,לקט סלנובה 200 גר ירקות שטראוס טעם הטבע,שטראוס גרופ בעמ/מצונן,,,יח`,2,100 גרם,false,1,13.20,6.60,false,1,
7290107933193,false,סלק בוואקום מבושל שטראוס (500 גרם),שטראוס גרופ בעמ/מצונן,,,יח`,5,100 גרם,false,1,7.90,1.58,false,1,
7290107934473,false,אקטיביה יוגורט 1.5% דנונה (150x8 גרם),שטראוס גרופ בעמ/מצונן,,,יח`,1.20,1 ליטר,false,1,20.30,16.92,false,1,
7290107936309,false,דנונה יווני לבן 7%,שטראוס גרופ בעמ/מצונן,,,יח`,1.30,100 גרם,false,1,3.50,2.69,false,1,
7290107936958,false,עד חצות אצבעות 125 גר`עלית,שטראוס גרופ בעמ,,,יח`,1.25,100 גרם,false,1,12.20,9.76,false,1,
7290107937542,false,משקה אקטייביה תות 1.2%,שטראוס גרופ בעמ/מצונן,,,יח`,2.50,"100 מ""ל",false,1,4.90,1.96,false,1,
7290107937627,false,צנצנת קוביות ספירמינט גומי לעיסה 58גר,שטראוס גרופ בעמ,,,יח`,0.58,100 גרם,false,1,11.50,19.83,true,1,
7290107937641,false,צנצנת קוביות בזוקה גומי לעיסה 58גר,שטראוס גרופ בעמ,,,יח`,0.58,100 גרם,false,1,11.50,19.83,true,1,
7290107937856,false,קפסולות קפה עלית 100% גואטמלה) (10,שטראוס גרופ בעמ,,,יח`,0.50,100 גרם,false,1,18.50,37,true,1,
7290107938396,false,אקטימל תות שמינייה בנים,שטראוס גרופ בעמ/מצונן,,,יח`,8.64,100 גרם,false,1,20.90,2.42,false,1,
7290107939027,false,גזר דק דק 250 גר שטראוס ירקות טעם הטבע,שטראוס גרופ בעמ/מצונן,,,יח`,2.50,100 גרם,false,1,7.90,3.16,false,1,
7290107940467,false,אקטיביה יוגורט קרמי 1.5% דנונה (200 גרם),שטראוס גרופ בעמ/מצונן,,,יח`,2,100 גרם,false,1,4.20,2.10,false,1,
7290107941266,false,שעועית אדומה מבושלת 475 גר ירקות שטראוס,שטראוס גרופ בעמ/מצונן,,,יח`,4.75,100 גרם,false,1,14.90,3.14,false,1,
7290107941273,false,טעם הטבע חומוס מבושל שטראוס (475 גרם),שטראוס גרופ בעמ/מצונן,,,יח`,4.75,100 גרם,false,1,13.20,2.78,false,1,
7290107943192,false,שמנת חמוצה מהערבה 27% שומן יטבתה,שטראוס גרופ בעמ/מצונן,,,יח`,2,"100 מ""ל",false,1,4,2,false,1,
7290107943369,false,קוואקר שיבולת שועל ללא גולטן 511 גר`,שטראוס פריטו ליי בעמ,,,יח`,5.11,100 גרם,false,1,21.40,4.19,false,1,
7290107944243,false,אפיפית 200 גר`ללא גולטן בדצ עלית,שטראוס גרופ בעמ,,,יח`,2,100 גרם,false,1,7.90,3.95,false,1,
7290107944472,false,סימפוניה 200 גר שום שמיר 5%,שטראוס גרופ בעמ/מצונן,,,יח`,2,100 גרם,false,1,12.20,6.10,false,1,
7290107945165,false,קונפיטורת משמש 340 גר,שטראוס גרופ בעמ,,,יח`,3.40,100 גרם,false,1,12.90,3.79,false,1,
7290107950190,false,מעדן שטראוס דיאט שוקולד מריר,שטראוס גרופ בעמ/מצונן,,,יח`,1.30,100 גרם,false,1,3.30,2.54,false,1,
7290107950206,false,מעדן שטראוס דיאט שוקולד 0%,שטראוס גרופ בעמ/מצונן,,,יח`,1.30,100 גרם,false,1,3.30,2.54,false,1,
7290107951104,false,בפלות שוקולד 200 גר`עלית,שטראוס גרופ בעמ,,,יח`,2,100 גרם,false,1,4.90,2.45,false,1,
7290107951715,false,צנצנת קוביות ענבים 58 גר,שטראוס גרופ בעמ,,,יח`,0.58,100 גרם,false,1,11.50,19.83,true,1,
7290107953559,false,מארז טורקי לדרך כשלפ,שטראוס גרופ בעמ,,,יח`,1.68,100 גרם,false,1,19.50,11.61,false,1,
7290107954709,false,קונפיטורת פירות יער 340 גר יד מרדכי,שטראוס גרופ בעמ,,,יח`,3.40,100 גרם,false,1,12.90,3.79,false,1,
7290107954976,false,משקה יטבתה פרו קפה 350 מל,שטראוס גרופ בעמ/מצונן,,,יח`,3.50,"100 מ""ל",false,1,6.70,1.91,false,1,
7290107956642,false,תרסיס שמן זית 150 מל יד מרדכי,שטראוס גרופ בעמ,,,יח`,1.50,"100 מ""ל",false,1,19.50,13,false,1,
7290107956901,false,קפסולות אספרסו בטעם אגוזים עלית,שטראוס גרופ בעמ,,,יח`,0.50,100 גרם,false,1,18.50,37,true,1,
7290107956925,false,קפסולות קפה עלית אוגנדה 13 למכונות נספרו,שטראוס גרופ בעמ,,,יח`,0.50,100 גרם,false,1,18.50,37,true,1,
7290107956932,false,קפסולות קפה עלית אידונזיה מס`12,שטראוס גרופ בעמ,,,יח`,0.50,100 גרם,false,1,18.50,37,true,1,
7290107957991,false,מילקי מיניייס cake,שטראוס גרופ בעמ/מצונן,,,יח`,1.44,100 גרם,false,1,13.90,9.65,false,1,
7290107958035,false,מארז 8 דנונה מתיקות מעודנת ללא סוכר וממת,שטראוס גרופ בעמ/מצונן,,,יח`,1.20,1 ליטר,false,1,18.90,15.75,false,1,
7290107973861,false,מארז עגבניות קצוצות דק שלישייה מנה מאסט,ש.שסטוביץ בעמ,,,יח`,12,100 גרם,false,1,16.90,1.41,false,1,
7290107974073,false,עלי טורטיה קמח לבן 320 גר`מנה מאסטר שף,ש.שסטוביץ בעמ,,,יח`,3.20,100 גרם,false,1,11.20,3.50,false,1,
7290107974806,false,מנה אורז בסמטי 1 קג,ש.שסטוביץ בעמ,,,יח`,1,"ק""ג",false,1,13.90,13.90,false,1,
7290107974813,false,מנה אורז יסמין 1 קג,ש.שסטוביץ בעמ,,,יח`,10,100 גרם,false,1,11.90,1.19,false,1,
7290107974820,false,ממרח מתובל ספייסי 252 גר מנה מאסטר שף,ש.שסטוביץ בעמ,,,יח`,2.52,100 גרם,false,1,9.10,3.61,false,1,
7290107974837,false,ממרח מתובל שום 253 גר מנה מאסטר שף,ש.שסטוביץ בעמ,,,יח`,2.53,100 גרם,false,1,9.10,3.60,false,1,
7290108201284,false,אירוויק מקלות לבנדר,רקיט בנקיזר (ניר איסט) בעמ,,,יח`,0.30,"100 מ""ל",false,1,15.90,53,true,1,
7290108350128,false,סושי-שקיות אשפה חזקות במיוחד,החברה הדרומית לשיווק בעמ,,,יח`,1,,false,1,24.90,24.90,false,1,
7290108350142,false,סושי-שקיות רב שימושיותXXL,החברה הדרומית לשיווק בעמ,,,יח`,1,,false,1,12.90,12.90,false,1,
7290108350203,false,כרית קרצוף עם ספוג מקציף סנו סושי) (6,החברה הדרומית לשיווק בעמ,,,יח`,1,,false,1,11.90,11.90,false,1,
7290108350258,false,נייר טואלט סנו סופט -12 גלילים= 36 גליל,החברה הדרומית לשיווק בעמ,,,יח`,1,,false,1,44.90,44.90,true,1,
7290108350586,false,ספארק 1.5 ליטר נוזל כלים,החברה הדרומית לשיווק בעמ,,,יח`,1.50,1 ליטר,false,1,15.90,10.60,true,1,
7290108350616,false,סנו מקסימה מרכך 1 ליטר blue blossom,החברה הדרומית לשיווק בעמ,,,יח`,1,1 ליטר,false,1,18.90,18.90,true,1,
7290108350623,false,מקסימה מרכך כביסה סופט סילק סנו (1 ליטר),החברה הדרומית לשיווק בעמ,,,יח`,1,1 ליטר,false,1,18.90,18.90,true,1,
7290108350722,false,מש.שיניים אורביטול ילדים בוב ספוג,החברה הדרומית לשיווק בעמ,,,יח`,0.70,100 גרם,false,1,9.90,14.14,true,1,
7290108351514,false,מרכך כביסה מקסימה 4 ליטר Blue Dlosson,החברה הדרומית לשיווק בעמ,,,יח`,40,"100 מ""ל",false,1,22.40,0.56,true,1,
7290108351583,false,ג`ט פלוס לניקוי אסלות +חומץ 750 ל סנו,החברה הדרומית לשיווק בעמ,,,יח`,7.50,"100 מ""ל",false,1,10.90,1.45,true,1,
7290108351613,false,ריצפז פרש הום בניחות מלון חלומי 2 ליטר,החברה הדרומית לשיווק בעמ,,,יח`,2,1 ליטר,false,1,22.90,11.45,true,1,
7290108351699,false,מגבונים ג`ט + חומץ מארז שלישייה,החברה הדרומית לשיווק בעמ,,,יח`,1,,false,1,20.90,20.90,true,1,
7290108351804,false,סנו מקסימה סופר מרוכז (1 ליטר)- בריזה,החברה הדרומית לשיווק בעמ,,,יח`,1,1 ליטר,false,1,18.90,18.90,true,1,
7290108351811,false,סנו מקסימה סופר מרוכז (1 ליטר)- פרחוני,החברה הדרומית לשיווק בעמ,,,יח`,1,1 ליטר,false,1,18.90,18.90,true,1,
7290108351835,false,סנו מקסימהמרכך כביסה 4 ליטר floral touch,החברה הדרומית לשיווק בעמ,,,יח`,40,"100 מ""ל",false,1,22.40,0.56,true,1,
7290108351941,false,סבון אסלה מוצק RINGS ניחוח יערות שלישיי,החברה הדרומית לשיווק בעמ,,,יח`,1,,false,1,15.90,15.90,true,1,
7290108351989,false,סנופרש יבש הום מלון מפנק 200 מל סנו,החברה הדרומית לשיווק בעמ,,,יח`,2,"100 מ""ל",false,1,13.50,6.75,true,1,
7290108352115,false,סנובון שלישיה מוצק WAVE בתוספת אקונומיקה,החברה הדרומית לשיווק בעמ,,,יח`,1,,false,1,15.90,15.90,false,1,
7290108352153,false,סנובון נוזלי בניחוח לוטוס וסחלב 750 מל,החברה הדרומית לשיווק בעמ,,,יח`,7.50,"100 מ""ל",false,1,11.90,1.59,true,1,
7290108352207,false,מקסימהקפסולות לכביסה 40 יח` בניחוח flora,החברה הדרומית לשיווק בעמ,,,יח`,1,,false,1,37.90,37.90,true,1,
7290108352214,false,מקסימה קפסולות לכביסה 40 יח` בניחוח fres,החברה הדרומית לשיווק בעמ,,,יח`,1,,false,1,37.90,37.90,true,1,
7290108352269,false,400 מטליות בדלי לחיטוי ולניקוי סנו,החברה הדרומית לשיווק בעמ,,,יח`,1,,false,1,30.90,30.90,false,1,
7290108352320,false,סנופרש הום נטול גז 350 מל מלון בוטיק,החברה הדרומית לשיווק בעמ,,,יח`,3.50,"100 מ""ל",false,1,12.90,3.69,true,1,
7290108352399,false,ריצפז פרש הום בניחוח פלורל טאצ`2 ליטר,החברה הדרומית לשיווק בעמ,,,יח`,2,1 ליטר,false,1,22.90,11.45,true,1,
7290108352511,false,מקסימה לניקוי וחיטוי מכונת כביסה 500מל,החברה הדרומית לשיווק בעמ,,,יח`,5,100 גרם,false,1,12.90,2.58,false,1,
7290108352528,false,מרסס לניקוי וחיטוי חדרי אמבטיה 99.9% 75,החברה הדרומית לשיווק בעמ,,,יח`,7.50,"100 מ""ל",false,1,15.90,2.12,true,1,
7290108352566,false,מקסימה מרכך כביסה 4 ליטר ג`וי,החברה הדרומית לשיווק בעמ,,,יח`,40,"100 מ""ל",false,1,22.40,0.56,true,1,
7290108352573,false,סנו מקסימה 4 ליטר CALM,החברה הדרומית לשיווק בעמ,,,יח`,4,1 ליטר,false,1,20.40,5.10,true,1,
7290108352641,false,מטלית הפלא לניקוי כללי במארז שליישיה סנו,החברה הדרומית לשיווק בעמ,,,יח`,1,,false,1,15.90,15.90,false,1,
7290108352672,false,מטלית הפלא לריצפה צמד במארז סנו סושי,החברה הדרומית לשיווק בעמ,,,יח`,1,,false,1,20.90,20.90,true,1,
7290108352788,false,שקית זיפר 20 יח מידה L סנו סושי,החברה הדרומית לשיווק בעמ,,,יח`,1,,false,1,12.90,12.90,true,1,
7290108352801,false,סושי סנו שקיות אשפה לפחים קטנים 100 יח,החברה הדרומית לשיווק בעמ,,,יח`,1,,false,1,21.40,21.40,false,1,
7290108352818,false,מטלית במבוק לניקוי סנו סושי,החברה הדרומית לשיווק בעמ,,,יח`,1,,false,1,8.90,8.90,false,1,
7290108352863,false,10 שקיות צלייה L סנו סושי,החברה הדרומית לשיווק בעמ,,,יח`,1,,false,1,10.90,10.90,true,1,
7290108352870,false,10 שקיות צלייה XL סנו סושי,החברה הדרומית לשיווק בעמ,,,יח`,1,,false,1,9.90,9.90,false,1,
7290108352887,false,זוג מפות שולחן לבנות 120*180 סנו,החברה הדרומית לשיווק בעמ,,,יח`,1,,false,1,10.90,10.90,true,1,
7290108352900,false,סנו סושי מגבות נייר בגליל כפול,החברה הדרומית לשיווק בעמ,,,יח`,1,,false,1,25.90,25.90,true,1,
7290108353013,false,5 תבניות אפייה מנייר אינגליש סנו סושי,החברה הדרומית לשיווק בעמ,,,יח`,1,,false,1,12.90,12.90,false,1,
7290108353037,false,4 תבניות אפייה מנייר עגולה סנו סושי,החברה הדרומית לשיווק בעמ,,,יח`,1,,false,1,12.90,12.90,false,1,
7290108353068,false,כרית קרצוף עם סיבי נירוסטה,החברה הדרומית לשיווק בעמ,,,יח`,1,,false,1,10.90,10.90,false,1,
7290108353099,false,ממחטות אף סנו סופט חמישייה,החברה הדרומית לשיווק בעמ,,,יח`,1,,false,1,12.90,12.90,false,1,
7290108353440,false,מברשת שיניים אורביטול זוג 12 אלף סיבים,החברה הדרומית לשיווק בעמ,,,יח`,1,,false,1,30.90,30.90,true,1,
7290108353501,false,שקיות אשפה עם ידיות 25 יח סנו סושי,החברה הדרומית לשיווק בעמ,,,יח`,1,,false,1,20.90,20.90,false,1,
7290108353532,false,שקית אשפה בגליל 100 יח סנו סושי,החברה הדרומית לשיווק בעמ,,,יח`,1,,false,1,30.90,30.90,true,1,
7290108353549,false,100 דפי נייר אפיה סנו סושי,החברה הדרומית לשיווק בעמ,,,יח`,1,,false,1,20.90,20.90,false,1,
7290108353662,false,סנו סושי מפת שולחן מוטבעת 120*270,החברה הדרומית לשיווק בעמ,,,יח`,1,,false,1,8.90,8.90,false,1,
7290108353686,false,מטלית חלומית לרצפה סנו סושי,החברה הדרומית לשיווק בעמ,,,יח`,1,,false,1,12.90,12.90,true,1,
7290108353709,false,כפפות ניטריל מידה S סנו סושי,החברה הדרומית לשיווק בעמ,,,יח`,1,,false,1,30.90,30.90,true,1,
7290108353839,false,כפפות ניטריל מידה M סנו סושי,החברה הדרומית לשיווק בעמ,,,יח`,1,,false,1,30.90,30.90,true,1,
7290108353846,false,כפפות ניטריל מידה L סנו סושי,החברה הדרומית לשיווק בעמ,,,יח`,1,,false,1,30.90,30.90,true,1,
7290108353891,false,דאודורנט רול און קרמה מאסק 75 מל,החברה הדרומית לשיווק בעמ,,,יח`,0.75,"100 מ""ל",false,1,13.90,18.53,true,1,
7290108353945,false,דאודורנט ספריי קרמה אשכולית ולימון גראס,החברה הדרומית לשיווק בעמ,,,יח`,1.50,"100 מ""ל",false,1,13.90,9.27,true,1,
7290108353969,false,דאודורנט ספריי קרמה מאסק 150 מל,החברה הדרומית לשיווק בעמ,,,יח`,1.50,"100 מ""ל",false,1,13.90,9.27,true,1,
7290108354065,false,קרמה ג`ל רחצה פילינג לגבר 700 מל,החברה הדרומית לשיווק בעמ,,,יח`,7,"100 מ""ל",false,1,16,2.29,false,1,
7290108354164,false,כיף שלישיית אל סבון קטיפתי מעושר בשמנים,החברה הדרומית לשיווק בעמ,,,יח`,15,"100 מ""ל",false,1,20.90,1.39,true,1,
7290108354263,false,מש.שיניים אורביטול ילדים חד קרן,החברה הדרומית לשיווק בעמ,,,יח`,0.70,100 גרם,false,1,9.90,14.14,true,1,
7290108354430,false,כיף שמפו לשיקום והזנה שמן קוקוס וקרטין,החברה הדרומית לשיווק בעמ,,,יח`,7,"100 מ""ל",false,1,12.90,1.84,true,1,
7290108354447,false,כיף מרכך לשיער רגיל תפוח זרעי צ`יה 700,החברה הדרומית לשיווק בעמ,,,יח`,7,"100 מ""ל",false,1,12.90,1.84,true,1,
7290108354591,false,תחליב רחצה נקה 7 ביו 750 מל ירוק,החברה הדרומית לשיווק בעמ,,,יח`,7.50,"100 מ""ל",false,1,11.90,1.59,true,1,
7290108354980,false,קרמה קרם ידיים מרוכז ללא בישום,החברה הדרומית לשיווק בעמ,,,יח`,0.50,"100 מ""ל",false,1,15.90,31.80,true,1,
7290108355079,false,לחות מקצועית עם קוקוס נטורל 400 מל,החברה הדרומית לשיווק בעמ,,,יח`,4.10,"100 מ""ל",false,1,31.60,7.71,false,1,
7290108355147,false,תחליב רחצה שמנהי הזנה נקה (7507 מל),החברה הדרומית לשיווק בעמ,,,יח`,7.50,"100 מ""ל",false,1,11.90,1.59,true,1,
7290108355765,false,דאודורנט ספריי קרמה לבנדר ואקליפטוס 150,החברה הדרומית לשיווק בעמ,,,יח`,1.50,"100 מ""ל",false,1,13.90,9.27,true,1,
7290108356021,false,תחליב רחצה כיף בניחוח קרם עוגיות 700,החברה הדרומית לשיווק בעמ,,,יח`,7,"100 מ""ל",false,1,12.90,1.84,true,1,
7290108356045,false,תחליב רחצה כיף בניחוח גלידת סוכריות 700,החברה הדרומית לשיווק בעמ,,,יח`,7,"100 מ""ל",false,1,12.90,1.84,true,1,
7290108356113,false,תחליב רחצה כיף ניחוח דבש 700 מל,החברה הדרומית לשיווק בעמ,,,יח`,7,"100 מ""ל",false,1,12.90,1.84,true,1,
7290108356120,false,תחליב רחצה כיף ניחוח קוקוס וניל700 מל,החברה הדרומית לשיווק בעמ,,,יח`,7,"100 מ""ל",false,1,12.90,1.84,true,1,
7290108356137,false,תחליב רחצה כיף ניחוח לבנדר 700 מל,החברה הדרומית לשיווק בעמ,,,יח`,7,"100 מ""ל",false,1,12.90,1.84,true,1,
7290108356151,false,תחליב רחצה כיף ניחוחמאסק יסמין 700 מל,החברה הדרומית לשיווק בעמ,,,יח`,7,"100 מ""ל",false,1,12.90,1.84,true,1,
7290108356168,false,תחליב רחצה כיף ניחוח אוקיינס700 מל,החברה הדרומית לשיווק בעמ,,,יח`,7,"100 מ""ל",false,1,12.90,1.84,true,1,
7290108356175,false,אל סבון נוזלי כיף אבטיח ומנטה (1 ליטר),החברה הדרומית לשיווק בעמ,,,יח`,1,1 ליטר,false,1,15.20,15.20,true,1,
7290108356519,false,קרליין שמפו 10 לשיער רגיל 700,החברה הדרומית לשיווק בעמ,,,יח`,7,"100 מ""ל",false,1,15.90,2.27,true,1,
7290108356526,false,קרליין שמפו 10 לשיער יבש 700,החברה הדרומית לשיווק בעמ,,,יח`,7,"100 מ""ל",false,1,15.90,2.27,true,1,
7290108356564,false,קרליין מרכך 10 לשיער רגיל 700,החברה הדרומית לשיווק בעמ,,,יח`,7,"100 מ""ל",false,1,15.90,2.27,true,1,
7290108356571,false,קרליין מרכך 10 לשיער יבש 700,החברה הדרומית לשיווק בעמ,,,יח`,7,"100 מ""ל",false,1,15.90,2.27,true,1,
7290108356809,false,כיף סבון ידיים בוטני ורד ומרווה 1ליטר,החברה הדרומית לשיווק בעמ,,,יח`,1,1 ליטר,false,1,15.90,15.90,true,1,
7290108356816,false,כיף סבון ידיים בוטני גרניום ופטצ`ולי 1 ל,החברה הדרומית לשיווק בעמ,,,יח`,1,1 ליטר,false,1,15.90,15.90,true,1,
7290108357004,false,כיף שמפוורד ושמן קוקוי 700,החברה הדרומית לשיווק בעמ,,,יח`,7,"100 מ""ל",false,1,12.90,1.84,true,1,
7290108357042,false,קרליין נושם BIO דאודורנט רולאון citrus b,החברה הדרומית לשיווק בעמ,,,יח`,0.75,"100 מ""ל",false,1,13.90,18.53,true,1,
7290108357059,false,קרליין נושם BIO דאודורנט רולאון secret g,החברה הדרומית לשיווק בעמ,,,יח`,0.75,"100 מ""ל",false,1,13.90,18.53,true,1,
7290108357073,false,קרליין נושם BIO דאודורנט ספריי blossoms,החברה הדרומית לשיווק בעמ,,,יח`,1.50,"100 מ""ל",false,1,13.90,9.27,true,1,
7290108357097,false,קרליין נושם BIO דאודורנט ספריי velvet ro,החברה הדרומית לשיווק בעמ,,,יח`,1.50,"100 מ""ל",false,1,13.90,9.27,true,1,
7290108357202,false,סנו קליר 1 ליטר בלו בלוסום אקדח,החברה הדרומית לשיווק בעמ,,,יח`,10,"100 מ""ל",false,1,12.90,1.29,true,1,
7290108357240,false,סנו אוקסיג`ן להסרת כתמים 1.4 קג,החברה הדרומית לשיווק בעמ,,,יח`,14,100 גרם,false,1,30.90,2.21,false,1,
7290108357288,false,אקונומיקה ז`אוול בניחוח פריחה לבנה סנו(,החברה הדרומית לשיווק בעמ,,,יח`,40,"100 מ""ל",false,1,17.90,0.45,false,1,
7290108357653,false,סנובון bubbles ג`ל בניחוח אוקיינוס שליש,החברה הדרומית לשיווק בעמ,,,יח`,1,,false,1,15.90,15.90,false,1,
7290108357660,false,סנובון bubbles ג`ל בניחוח לבנדר שלישייה,החברה הדרומית לשיווק בעמ,,,יח`,1,,false,1,15.90,15.90,false,1,
7290108357707,false,כיף שמפו לשיער רגיל תפוח זרעי צ`יה 700,החברה הדרומית לשיווק בעמ,,,יח`,7,"100 מ""ל",false,1,12.90,1.84,true,1,
7290108357714,false,כיף שמפו לשיער רגיל יבש רימונים ושמן ארג,החברה הדרומית לשיווק בעמ,,,יח`,7,"100 מ""ל",false,1,12.90,1.84,true,1,
7290108357769,false,כיף מרכךלשיער רגיל תפוח זרעי צ`יה 700,החברה הדרומית לשיווק בעמ,,,יח`,7,"100 מ""ל",false,1,12.90,1.84,true,1,
7290108357851,false,כיף ג`ל רחצה מועשר בשמן קוקוס 700 מל,החברה הדרומית לשיווק בעמ,,,יח`,7,"100 מ""ל",false,1,12.90,1.84,true,1,
7290108357875,false,כיף שמפו לשיער רגיל אפרסק וחמאת מורומורו,החברה הדרומית לשיווק בעמ,,,יח`,7,"100 מ""ל",false,1,12.90,1.84,true,1,
7290108357882,false,כיף מרכך לשיער רגיל אפרסק וחמאת מורומורו,החברה הדרומית לשיווק בעמ,,,יח`,7,"100 מ""ל",false,1,12.90,1.84,true,1,
7290108358070,false,תחליב רחצה קרמה קלאסי 700מל,החברה הדרומית לשיווק בעמ,,,יח`,7,"100 מ""ל",false,1,18.90,2.70,true,1,
7290108358087,false,תחליב רחצה קרמהמאסק 700 מל,החברה הדרומית לשיווק בעמ,,,יח`,7,"100 מ""ל",false,1,18.90,2.70,true,1,
7290108358094,false,קרמה תחליב רחצה שיאה קוקוי 500 מל,החברה הדרומית לשיווק בעמ,,,יח`,5,"100 מ""ל",false,1,13.90,2.78,true,1,
7290108358124,false,דפי בישום לחים למייבש כביסה מקסימה,החברה הדרומית לשיווק בעמ,,,יח`,1,,false,1,13.90,13.90,false,1,
7290108359008,false,שקיות זיפר עם סליידר 15 יח מידה L סנו,החברה הדרומית לשיווק בעמ,,,יח`,1,,false,1,17.90,17.90,false,1,
7290108359015,false,שקיות זיפר עם סליידר 20 יח`מידה M סנו,החברה הדרומית לשיווק בעמ,,,יח`,1,,false,1,15.90,15.90,false,1,
7290108359039,false,סנו סושי שקיות אשפה עם ידיתלפחים גבוהים,החברה הדרומית לשיווק בעמ,,,יח`,1,,false,1,20.90,20.90,false,1,
7290108359077,false,סנו סופט לושן 120 ממחטות אף 3 שכבות,החברה הדרומית לשיווק בעמ,,,יח`,1,,false,1,13.90,13.90,true,1,
7290108359084,false,כיסוי ניילון עם גומי 30 יח` מידה M,החברה הדרומית לשיווק בעמ,,,יח`,1,,false,1,10.90,10.90,true,1,
7290108359091,false,כיסוי ניילון עם גומי 30 יח` מידה L,החברה הדרומית לשיווק בעמ,,,יח`,1,,false,1,10.90,10.90,true,1,
7290108359145,false,דפי ספוג הפלא סנו סושי 12 יח`,החברה הדרומית לשיווק בעמ,,,יח`,1,,false,1,13.90,13.90,false,1,
7290108359152,false,סנו סושי -תבניות אלומיניום קוטר 25 סמ,החברה הדרומית לשיווק בעמ,,,יח`,1,,false,1,10.90,10.90,true,1,
7290108359169,false,סנו סושי -תבניות אלומיניום קוטר 28 סמ,החברה הדרומית לשיווק בעמ,,,יח`,1,,false,1,10.90,10.90,true,1,
7290108359176,false,סנו סופט ממחטות אף לושן צמד,החברה הדרומית לשיווק בעמ,,,יח`,1,,false,1,13.90,13.90,false,1,
7290108359183,false,שקיות אשפה לפח 52*70 סנו סושי (60),החברה הדרומית לשיווק בעמ,,,יח`,1,,false,1,23.90,23.90,true,1,
7290108359855,false,בייבי כיף שמפו אל דמע (750 מל),החברה הדרומית לשיווק בעמ,,,יח`,7.50,"100 מ""ל",false,1,18.90,2.52,true,1,
7290108359862,false,בייבי כיף אלסבון 1 ליטר,החברה הדרומית לשיווק בעמ,,,יח`,1,1 ליטר,false,1,22.90,22.90,true,1,
7290108359886,false,בייבי כיף תחליב רחצה 1 ליטר,החברה הדרומית לשיווק בעמ,,,יח`,1,1 ליטר,false,1,22.90,22.90,true,1,
7290108359985,false,סנו ז`אוול מרסס ניחוח פריחה לבנה 1 ליטר,החברה הדרומית לשיווק בעמ,,,יח`,1,1 ליטר,false,1,19.90,19.90,true,1,
7290108500677,false,כבד דג שיבוט בשמן הדג 115 גר`,ג.וילי-פוד אינטרנשיונל בעמ,,,יח`,1.15,100 גרם,false,1,10.90,9.48,true,1,
7290108501346,false,גבינת גאודה מגורדת 500 גר`28% שומן הולנ,ג.וילי-פוד אינטרנשיונל **גבינו,,,יח`,5,100 גרם,false,1,24.90,4.98,false,1,
7290108501490,false,גבינת מוצרלה פרוסות 150 גר`וילי פוד,ג.וילי-פוד אינטרנשיונל **גבינו,,,יח`,1.50,100 גרם,false,1,13.90,9.27,false,1,
7290108502305,false,גבינת גרדה פדנו משולש 150 גר` וילי פוד,ג.וילי-פוד אינטרנשיונל **גבינו,,,יח`,1.50,100 גרם,false,1,20.90,13.93,true,1,
7290108502381,false,4 יח תחתיות לפיצה 480 גר` וילי פוד,ג.וילי-פוד אינטרנשיונל בעמ,,,יח`,4.80,100 גרם,false,1,14.90,3.10,true,1,
7290108502541,false,גבינת שמנת טבעי 200 גר` EURO CHEESE,ג.וילי-פוד אינטרנשיונל **גבינו,,,יח`,2,100 גרם,false,1,13.90,6.95,true,1,
7290108502725,false,גבינת גאודה פרוסות 400 גר`וילי פוד,ג.וילי-פוד אינטרנשיונל **גבינו,,,יח`,4,100 גרם,false,1,20.90,5.23,false,1,
7290108502763,false,גבינת קממבר 200 גר`וילי פוד,ג.וילי-פוד אינטרנשיונל **גבינו,,,יח`,2,100 גרם,false,1,20.90,10.45,false,1,
7290108503043,false,מארז תפוחונים (3 יח +1 ),ג.וילי-פוד אינטרנשיונל בעמ,,,יח`,0,100 גרם,false,1,15.90,15.90,false,1,
7290108503067,false,פרמזנו משולש 150 גר`וילי פוד,ג.וילי-פוד אינטרנשיונל **גבינו,,,יח`,1.50,100 גרם,false,1,14.90,9.93,false,1,
7290108503159,false,גבינה כחולה עם עובש 31% שומן (100 גר`),ג.וילי-פוד אינטרנשיונל **גבינו,,,יח`,1,100 גרם,false,1,16.90,16.90,true,1,
7290108504293,false,מנצ`גו צ`אנק 150 גר` וילי פוד,ג.וילי-פוד אינטרנשיונל **גבינו,,,יח`,1.50,100 גרם,false,1,17.90,11.93,true,1,
7290108505184,false,יוגורט עם קוקוס 150 גר 5% שומן,ג.וילי-פוד אינטרנשיונל **גבינו,,,יח`,1.50,100 גרם,false,1,4.90,3.27,true,1,
7290108505375,false,צהובה 400 גר`GOLDEN וילי פוד,ג.וילי-פוד אינטרנשיונל **גבינו,,,יח`,4,100 גרם,false,1,20.90,5.23,false,1,
7290108505603,false,שלשות נתחי טונה בשמן צמחי 80 גר`,ג.וילי-פוד אינטרנשיונל בעמ,,,יח`,2.40,100 גרם,false,1,10.90,4.54,false,1,
7290108505719,false,גבינת מוצרלה מרוגדת 25% שומן( 200 גר`)יו,ג.וילי-פוד אינטרנשיונל **גבינו,,,יח`,2,100 גרם,false,1,14.90,7.45,true,1,
7290108505726,false,אצבעות-גבינה חצי קשה 25% שומן ( 200 גר),ג.וילי-פוד אינטרנשיונל **גבינו,,,יח`,2,100 גרם,false,1,14.90,7.45,true,1,
7290108505733,false,צמות -גבינה חצי קשה 25% שומן ( 200 גר) ו,ג.וילי-פוד אינטרנשיונל **גבינו,,,יח`,2,100 גרם,false,1,14.90,7.45,true,1,
7290108505740,false,גבינת קשקבל חצי קשה 25% שומן ( 200 גר`),ג.וילי-פוד אינטרנשיונל **גבינו,,,יח`,2,100 גרם,false,1,14.90,7.45,true,1,
7290108506532,false,גליליות וופל במילוי אגוזי לוז 400 גר`,ג.וילי-פוד אינטרנשיונל בעמ,,,יח`,4,100 גרם,false,1,13.90,3.48,true,1,
7290108506549,false,גליליות וופל במילוי קרם וניל 400 גר`,ג.וילי-פוד אינטרנשיונל בעמ,,,יח`,4,100 גרם,false,1,13.90,3.48,true,1,
7290108506709,false,גבינת פרמג`אנו ר`גיאנו 150 גר וילי פוד,ג.וילי-פוד אינטרנשיונל **גבינו,,,יח`,1.50,100 גרם,false,1,18.90,12.60,false,1,
7290108507058,false,ביסקוויט פריך בשוקולד חלב 100 גר,ג.וילי-פוד אינטרנשיונל בעמ,,,יח`,1,100 גרם,false,1,7.90,7.90,true,1,
7290108507065,false,גבינת פרמג`אנו רג`יאנו מגורדת 100 גר,ג.וילי-פוד אינטרנשיונל **גבינו,,,יח`,1,100 גרם,false,1,14.90,14.90,false,1,
7290108507645,false,ביסקוויט פריך בשוקולד מריר 100 גר,ג.וילי-פוד אינטרנשיונל בעמ,,,יח`,1,100 גרם,false,1,7.90,7.90,true,1,
7290108507652,false,ביסקוויט פריך בשוקולד לבן 100 גר,ג.וילי-פוד אינטרנשיונל בעמ,,,יח`,1,100 גרם,false,1,7.90,7.90,true,1,
7290108507911,false,קינואה עם טונה וירקות 160 גר ויליפוד,ג.וילי-פוד אינטרנשיונל בעמ,,,יח`,1.60,100 גרם,false,1,12.90,8.06,false,1,
7290108508031,false,אננס שלם 830 גר`,ג.וילי-פוד אינטרנשיונל בעמ,,,יח`,8.30,100 גרם,false,1,11.90,1.43,false,1,
7290108508499,false,איירן משקה יוגורט בסגנון טורקי 293 מל,ג.וילי-פוד אינטרנשיונל **גבינו,,,יח`,2.93,"100 מ""ל",false,1,4.90,1.67,true,1,
7290108508765,false,קונכיות פתיתים 400 גרם וילי פוד,ג.וילי-פוד אינטרנשיונל בעמ,,,יח`,4,100 גרם,false,1,6.90,1.73,true,1,
7290108508772,false,קונכיות פתיתים עם תרד 400 גרם וילי פוד,ג.וילי-פוד אינטרנשיונל בעמ,,,יח`,4,100 גרם,false,1,6.90,1.73,true,1,
7290108508963,false,גבינת מוצרלה מגורדת 25% שומן( 200 גר`)יו,ג.וילי-פוד אינטרנשיונל **גבינו,,,יח`,2,100 גרם,false,1,14.90,7.45,true,1,
7290108509113,false,גבינה בולגרית מעודנת 250 גר 18%,ג.וילי-פוד אינטרנשיונל **גבינו,,,יח`,2.50,100 גרם,false,1,12.90,5.16,true,1,
7290108509120,false,גבינה בולגרית מעודנת 500 גר 18%,ג.וילי-פוד אינטרנשיונל **גבינו,,,יח`,5,100 גרם,false,1,20.90,4.18,false,1,
7290108509137,false,גבינה בולגרית מעודנת 250 גר 5%,ג.וילי-פוד אינטרנשיונל **גבינו,,,יח`,2.50,100 גרם,false,1,12.90,5.16,true,1,
7290108509250,false,אנטיפסטי ארטישוק עגבניות מיובשות וצלפים,ג.וילי-פוד אינטרנשיונל בעמ,,,יח`,3.80,100 גרם,false,1,25.90,6.82,false,1,
7290108509267,false,ארוחת פסטה עם רוטב גבינה ויליפוד,ג.וילי-פוד אינטרנשיונל בעמ,,,יח`,2.06,100 גרם,false,1,8.90,4.32,true,1,
7290108509359,false,פופקורן בציפוי בטעם קרמל 90 גר`,ג.וילי-פוד אינטרנשיונל בעמ,,,יח`,0.90,100 גרם,false,1,6.90,7.67,true,1,
7290108509571,false,גבינת פטה עם צ`לי ופפריקה 153 גר`,ג.וילי-פוד אינטרנשיונל **גבינו,,,יח`,1.53,100 גרם,false,1,16.90,11.05,false,1,
7290108509595,false,גבינת פטה עם עגבניות מיובשות וריחן 153 ג,ג.וילי-פוד אינטרנשיונל **גבינו,,,יח`,1.53,100 גרם,false,1,16.90,11.05,false,1,
7290108509700,false,אורז פרסי 1 קג`DAAWAT וילי פוד,ג.וילי-פוד אינטרנשיונל בעמ,,,יח`,1,"ק""ג",false,1,9.90,9.90,false,1,
7290108509731,false,איירן יוגורט בסגנון טורקי 2.3% שומן 1 לי,ג.וילי-פוד אינטרנשיונל **גבינו,,,יח`,0.01,"100 מ""ל",false,1,15.90,1590,false,1,
7290108509755,false,גבינת חלומי 250 גר`23% EURO,ג.וילי-פוד אינטרנשיונל **גבינו,,,יח`,2.50,100 גרם,false,1,25.90,10.36,false,1,
7290108509816,false,גבינת בייבי מוצרלה 22% שומן 200 גרם,ג.וילי-פוד אינטרנשיונל **גבינו,,,יח`,2,100 גרם,false,1,14.90,7.45,true,1,
7290108509908,false,מנת השף אטריות להכנה מהירה בטעם ירקות,ג.וילי-פוד אינטרנשיונל בעמ,,,יח`,1,,false,1,4.90,4.90,true,1,
7290108509915,false,מנת השף אטריות להכנה מהירה בטעם סיני פ,ג.וילי-פוד אינטרנשיונל בעמ,,,יח`,1,,false,1,4.90,4.90,true,1,
7290108509922,false,מנת השף אטריות להכנה מהירה בטעם עוף 85,ג.וילי-פוד אינטרנשיונל בעמ,,,יח`,1,,false,1,4.90,4.90,true,1,
7290108509939,false,פרוסות פילה טונה 120 גר,ג.וילי-פוד אינטרנשיונל בעמ,,,יח`,1.20,100 גרם,false,1,13.90,11.58,true,1,
7290108509960,false,שלישיית נתחי טונה בשמן זית 80 גר,ג.וילי-פוד אינטרנשיונל בעמ,,,יח`,2.40,100 גרם,false,1,14.90,6.21,false,1,
7290108509984,false,רוטב סויה 300 מל וילי פוד,ג.וילי-פוד אינטרנשיונל בעמ,,,יח`,3,"100 מ""ל",false,1,9.90,3.30,false,1,
7290108509991,false,רוטב טריאקי 300 מל וילי פוד,ג.וילי-פוד אינטרנשיונל בעמ,,,יח`,3,"100 מ""ל",false,1,9.90,3.30,false,1,
7290109351025,false,חומוסטחינה חלק צבר (400 גרם),קבוצת אסם סחר שות. מוגבלת,,,יח`,4,100 גרם,false,1,15.20,3.80,false,1,
7290109351971,false,פיטנס בר פריכיות שוקולד חלב 84 גרם,קבוצת אסם סחר שות. מוגבלת,,,יח`,0.84,100 גרם,false,1,16.30,19.40,true,1,
7290109352916,false,פיטנס בר פריכיות שוקולד לבן 84 גרם,קבוצת אסם סחר שות. מוגבלת,,,יח`,0.84,100 גרם,false,1,16.30,19.40,true,1,
7290109358482,false,קרמוגית במילוי חלווה 200 גר` אסם,קבוצת אסם סחר שות. מוגבלת,,,יח`,2,100 גרם,false,1,13.20,6.60,false,1,
7290109580043,false,שניצל תירס 1.75 קג בדצ זוגלובק,זוגלובק שיווק בעמ,,,יח`,0.0180,100 גרם,false,1,50.90,2827.78,true,1,
7290109580050,false,וונדרס נקניקיות צ`וריסוס 226 גר`,זוגלובק-וונדרס,,,יח`,2.26,100 גרם,false,1,30.90,13.67,true,1,
7290109580067,false,וונדרס טחון מן הצומח 340 גר`,זוגלובק-וונדרס,,,יח`,3.40,100 גרם,false,1,30.90,9.09,true,1,
7290109580098,false,קבנוס בטעם סרירצ`ה 135 גר,זוגלובק שיווק בעמ,,,יח`,1.35,100 גרם,false,1,12.50,9.26,true,1,
7290109580104,false,רוסטביף פרימיום 150 גר`זוגלובק,זוגלובק שיווק בעמ,,,יח`,1.50,100 גרם,false,1,25.90,17.27,false,1,
7290109580166,false,סרוולד קלאסי פרימיום 150 גר`זוגלובק,זוגלובק שיווק בעמ,,,יח`,1.50,100 גרם,false,1,25.90,17.27,false,1,
7290109580234,false,וונדרס נקניקיות מרגז 226 גר`,זוגלובק-וונדרס,,,יח`,2.26,100 גרם,false,1,30.90,13.67,true,1,
7290109580319,false,וונדרס בורגר 280 גרם,זוגלובק-וונדרס,,,יח`,2.80,100 גרם,false,1,30.90,11.04,true,1,
7290109580432,false,פסטרמה אקסטרה מעושנת 120 גר`,זוגלובק שיווק בעמ,,,יח`,1.20,100 גרם,false,1,14.80,12.33,true,1,
7290109920627,false,אסטוניש קרם אמבט ניקוי עם אקנומיקה 500 מ,יעקב יעקבי ובניו בעמ,,,יח`,5,"100 מ""ל",false,1,19.30,3.86,false,1,
7290109922881,false,דורגול מרסס מרוכז למטבח 600 מל,יעקב יעקבי ובניו בעמ,,,יח`,6,"100 מ""ל",false,1,25.90,4.32,false,1,
7290109923024,false,אסטוניש מרסס פרימיום ארומטיק למטבח 750 מ,יעקב יעקבי ובניו בעמ,,,יח`,7.50,"100 מ""ל",false,1,15.90,2.12,false,1,
7290109923147,false,אסטוניש מרסס פלא של אקונומיקה 750 מל,יעקב יעקבי ובניו בעמ,,,יח`,7.50,"100 מ""ל",false,1,15.90,2.12,false,1,
7290110055257,false,זר לראש עם פרחים ורוד,שמחה זה אנחנו בעמ,,,יח`,1,,false,1,14.90,14.90,false,1,
7290110110277,false,סיידר סומרסבי רביעייה 330 מל,החברה המרכזית להפצת משקאות בעמ,,,יח`,1.32,1 ליטר,false,1,37.70,27.65,true,1,
7290110110369,false,קרלסברג לומה 6*330 מל,החברה המרכזית להפצת משקאות בעמ,,,יח`,19.80,"100 מ""ל",false,1,34.90,1.67,false,1,
7290110110635,false,ספרייט ליים 500 מל,החברה המרכזית להפצת משקאות בעמ,,,יח`,5,"100 מ""ל",false,1,6.90,1.32,false,1,
7290110110659,false,פחית ספרייט ליים330 מל סליק,החברה המרכזית להפצת משקאות בעמ,,,יח`,3.30,"100 מ""ל",false,1,4.30,1.21,true,1,
7290110114787,false,נביעות פלוס 1.5 ליטר תפוח,החברה המרכזית להפצת משקאות בעמ,,,יח`,1.50,1 ליטר,false,1,9.20,5.93,false,1,
7290110114794,false,נביעות פלוס 1.5 ליטר אפרסק,החברה המרכזית להפצת משקאות בעמ,,,יח`,1.50,1 ליטר,false,1,9.20,5.93,false,1,
7290110114800,false,נביעות פלוס 1.5 ליטר ענבים,החברה המרכזית להפצת משקאות בעמ,,,יח`,1.50,1 ליטר,false,1,9.20,5.93,false,1,
7290110114855,false,נביעות 1.5 ליטר שישייה,החברה המרכזית להפצת משקאות בעמ,,,יח`,9,1 ליטר,false,1,13.90,1.34,true,1,
7290110114954,false,פריגת תפוזים מתקתק 2 ליטר,החב` המרכזית - טרה,,,יח`,2,1 ליטר,false,1,25.90,12.80,true,1,
7290110114961,false,משקה קל בטעם תפוזים פריגת (1.5 ליטר),החברה המרכזית להפצת משקאות בעמ,,,יח`,15,"100 מ""ל",false,1,9.90,0.64,false,1,
7290110114985,false,משקה קל בטעם אשכוליות פריגת (1.5 ליטר),החברה המרכזית להפצת משקאות בעמ,,,יח`,15,"100 מ""ל",false,1,9.90,0.64,false,1,
7290110114992,false,משקה קל בטעם אשכוליות לייט פריגת (1.5 לי,החברה המרכזית להפצת משקאות בעמ,,,יח`,15,"100 מ""ל",false,1,9.90,0.64,false,1,
7290110115005,false,משקה קל בטעם ענבים פריגת (1.5 ליטר),החברה המרכזית להפצת משקאות בעמ,,,יח`,15,"100 מ""ל",false,1,9.90,0.64,false,1,
7290110115036,false,משקה קל בטעם מנגו פריגת (1.5 ליטר),החברה המרכזית להפצת משקאות בעמ,,,יח`,15,"100 מ""ל",false,1,9.90,0.64,false,1,
7290110115043,false,משקה קל בטעם לימונענע פריגת (1.5 ליטר),החברה המרכזית להפצת משקאות בעמ,,,יח`,15,"100 מ""ל",false,1,9.90,0.64,false,1,
7290110115050,false,משקה קל בטעם תות בננה פריגת (1.5 ליטר),החברה המרכזית להפצת משקאות בעמ,,,יח`,15,"100 מ""ל",false,1,9.90,0.64,false,1,
7290110115081,false,פריגת צלול בטעם ענבים 1.5 ליטר,החברה המרכזית להפצת משקאות בעמ,,,יח`,15,"100 מ""ל",false,1,9.90,0.64,false,1,
7290110115111,false,פריגת צלול בטעם אננס 1.5 ליטר,החברה המרכזית להפצת משקאות בעמ,,,יח`,15,"100 מ""ל",false,1,9.90,0.64,false,1,
7290110115180,false,מים נביעות 1.5 ליטר,החברה המרכזית להפצת משקאות בעמ,,,יח`,0.0150,"100 מ""ל",false,1,3,180,false,1,
7290110115203,false,קוקה קולה 1.5 ליטר,החברה המרכזית להפצת משקאות בעמ,,,יח`,0,1 ליטר,false,1,9.20,9.20,false,1,
7290110115210,false,קוקה קולה דיאט 1.5 ליטר,החברה המרכזית להפצת משקאות בעמ,,,יח`,1.50,1 ליטר,false,1,9.20,5.93,false,1,
7290110115227,false,קוקה קולה זירו 1.5 ליטר,החברה המרכזית להפצת משקאות בעמ,,,יח`,1.50,1 ליטר,false,1,9.20,5.93,false,1,
7290110115234,false,קוקה קולה זירו נטול 1.5 ליטר,החברה המרכזית להפצת משקאות בעמ,,,יח`,15,"100 מ""ל",false,1,9.20,0.59,false,1,
7290110115241,false,קוקה קולה זירו לימון 1.5 ליטר,החברה המרכזית להפצת משקאות בעמ,,,יח`,15,"100 מ""ל",false,1,9.20,0.59,false,1,
7290110115265,false,ספרייט ליים 1.5 ליטר,החברה המרכזית להפצת משקאות בעמ,,,יח`,1.50,1 ליטר,false,1,9.20,5.93,true,1,
7290110115272,false,ספרייט זירו 1.5 ליטר,החברה המרכזית להפצת משקאות בעמ,,,יח`,1.50,1 ליטר,false,1,9.20,5.93,true,1,
7290110115289,false,ספרייט לימון-נענע 1.5 ליטר,החברה המרכזית להפצת משקאות בעמ,,,יח`,1.50,1 ליטר,false,1,8.80,5.67,true,1,
7290110115296,false,פאנטה אורנג`1.5 ליטר,החברה המרכזית להפצת משקאות בעמ,,,יח`,1.50,1 ליטר,false,1,9.90,6.40,false,1,
7290110115302,false,פאנטה אורנג`זירו 1.5 ליטר,החברה המרכזית להפצת משקאות בעמ,,,יח`,1.50,1 ליטר,false,1,9.90,6.40,false,1,
7290110115333,false,פאנטה תות 1.5 ליטר,החברה המרכזית להפצת משקאות בעמ,,,יח`,1.50,1 ליטר,false,1,9.90,6.40,false,1,
7290110115340,false,פאנטה ענבים 1.5 ליטר,החברה המרכזית להפצת משקאות בעמ,,,יח`,1.50,1 ליטר,false,1,9.90,6.40,false,1,
7290110115357,false,קינלי סודה 1.5 ליטר,החברה המרכזית להפצת משקאות בעמ,,,יח`,1.50,1 ליטר,false,1,4.70,2.93,false,1,
7290110115401,false,קינלי סודה 1.5 ליטר מארז שישייה,החברה המרכזית להפצת משקאות בעמ,,,יח`,9,1 ליטר,false,1,17.50,1.74,true,1,
7290110115425,false,פיוז תה 1.5 ליטר בטעם גרין לימון-נענע,החברה המרכזית להפצת משקאות בעמ,,,יח`,1.50,1 ליטר,false,1,9.70,6.27,false,1,
7290110115449,false,פיוז תה 1.5 ליטר בטעם מנגו אננס,החברה המרכזית להפצת משקאות בעמ,,,יח`,1.50,1 ליטר,false,1,9.70,6.27,false,1,
7290110115456,false,פיוז תה 1.5 ליטר בטעם אפרסק 19 קל`,החברה המרכזית להפצת משקאות בעמ,,,יח`,1.50,1 ליטר,false,1,9.70,6.27,false,1,
7290110115463,false,פיוז תה 1.5 ליטר בטעם אפרסק,החברה המרכזית להפצת משקאות בעמ,,,יח`,1.50,1 ליטר,false,1,9.70,6.27,false,1,
7290110115494,false,פיוז תה 1.5 ליטר בטעם ענבים,החברה המרכזית להפצת משקאות בעמ,,,יח`,1.50,1 ליטר,false,1,9.70,6.27,false,1,
7290110115586,false,משקה קל בטעם תפוזים 40% פחות סוכר פריגת,החברה המרכזית להפצת משקאות בעמ,,,יח`,15,"100 מ""ל",false,1,9.90,0.64,false,1,
7290110115616,false,פיוז תה זירו 1.5 ליטר בטעם אננס,החברה המרכזית להפצת משקאות בעמ,,,יח`,1.50,1 ליטר,false,1,9.70,6.27,false,1,
7290110115623,false,פיוז תה זירו 1.5 ליטר בטעם אפרסק,החברה המרכזית להפצת משקאות בעמ,,,יח`,1.50,1 ליטר,false,1,9.70,6.27,false,1,
7290110116040,false,פאנטה זירו פירות כחול 1.5 ליטר,החברה המרכזית להפצת משקאות בעמ,,,יח`,1.50,1 ליטר,false,1,9.90,6.40,false,1,
7290110116064,false,פאנטה זירו פירות ירוק 1.5 ליטר,החברה המרכזית להפצת משקאות בעמ,,,יח`,1.50,1 ליטר,false,1,9.90,6.40,false,1,
7290110116132,false,סירופ בטעם לימון 750 מל פריגת,החברה המרכזית להפצת משקאות בעמ,,,יח`,7.50,"100 מ""ל",false,1,25.90,3.45,false,1,
7290110116194,false,נביעות פלוס לימון ליים 0 קלוריות 1.5 ליט,החברה המרכזית להפצת משקאות בעמ,,,יח`,1.50,1 ליטר,false,1,9.90,6.40,false,1,
7290110116217,false,נביעות פלוס אשכולית 0 קלוריות 1.5 ליטר,החברה המרכזית להפצת משקאות בעמ,,,יח`,1.50,1 ליטר,false,1,9.90,6.40,false,1,
7290110116385,false,פחית זירו מרשמלו סליק קוקה-קולה (330 מל,החברה המרכזית להפצת משקאות בעמ,,,יח`,3.30,"100 מ""ל",false,1,4.30,1.21,false,1,
7290110116484,false,פריגת מיקס תות (1 ליטר),החב` המרכזית - טרה,,,יח`,1,1 ליטר,false,1,16.90,16.90,false,1,
7290110116552,false,ספרייט למןו היט 1.5 ליטר,החברה המרכזית להפצת משקאות בעמ,,,יח`,1.50,1 ליטר,false,1,9.20,5.93,false,1,
7290110116569,false,ספרייט למון היט זירו 1.5 ליטר,החברה המרכזית להפצת משקאות בעמ,,,יח`,1.50,1 ליטר,false,1,9.20,5.93,true,1,
7290110320591,false,בולגרית 16% במרקם מעודן 250 גר,תנובה - חלב,,,יח`,2.50,100 גרם,false,1,21.90,8.76,false,1,
7290110320850,false,פתיתי עמק 200 גר,תנובה - חלב,,,יח`,2,100 גרם,false,1,15.20,7.60,false,1,
7290110320867,false,פתיתי עמק למאפים 28% 500 גר,תנובה - חלב,,,יח`,5,100 גרם,false,1,35.60,7.12,false,1,
7290110320935,false,פרוסות מוצרלה 150 גר`קולקשיין תנובה,תנובה - חלב,,,יח`,1.50,100 גרם,false,1,17.90,11.93,false,1,
7290110321277,false,קוטג בקטנה 5% מהדרין 100 גר`תנובה,תנובה - חלב,,,יח`,1,100 גרם,false,1,2.70,2.70,false,1,
7290110321604,false,גבינה קוביות בולגרית מעודנת 5% 200 גר`פ,תנובה - חלב,,,יח`,2,100 גרם,false,1,22.90,11.45,false,1,
7290110321680,false,יוגורט גו תות 200 מל,תנובה - חלב,,,יח`,2,"100 מ""ל",false,1,5.90,2.95,false,1,
7290110321697,false,יוגורט גו אפרסק 200 מל,תנובה - חלב,,,יח`,2,"100 מ""ל",false,1,5.90,2.95,false,1,
7290110321703,false,יוגורט גו פירות יער 200 מל,תנובה - חלב,,,יח`,2,"100 מ""ל",false,1,5.90,2.95,false,1,
7290110322014,false,טופו בטעם טבעי 300 גר`תנובה,תנובה - חלב,,,יח`,3,100 גרם,false,1,11.90,3.97,false,1,
7290110322021,false,טופו בטעם בזיליקום 300 גר`תנובה,תנובה - חלב,,,יח`,3,100 גרם,false,1,11.90,3.97,false,1,
7290110322038,false,טופו בטעם פיקנטי 300 גר`תנובה,תנובה - חלב,,,יח`,3,100 גרם,false,1,11.90,3.97,false,1,
7290110323301,false,גבינת טל עמק 32% שומן(200 גר`)תנובה,תנובה - חלב,,,יח`,2,100 גרם,false,1,19.90,9.95,false,1,
7290110323592,false,יוגורט גו לייט אפרסק 200 מל,תנובה - חלב,,,יח`,2,100 גרם,false,1,5.60,2.80,false,1,
7290110324711,false,ממרח סויה 9% בטעם טבעי 250 גר` תנובה,תנובה - חלב,,,יח`,2.50,100 גרם,false,1,9.90,3.96,false,1,
7290110324728,false,ממרח סויה 9% עם שום שמיר ( 250 גר`) תנוב,תנובה - חלב,,,יח`,2.50,100 גרם,false,1,9.90,3.96,false,1,
7290110324841,false,מעדן שקדים עם שוקולד מריר 125 גר`,תנובה - חלב,,,יח`,1.25,100 גרם,false,1,3.90,3.12,false,1,
7290110324858,false,מעדן שקדים בטעם אגוזי 125 גר`,תנובה - חלב,,,יח`,1.25,100 גרם,false,1,3.90,3.12,false,1,
7290110324872,false,גבינה צהובה גלבוע (5% 200 גר`)תנובה,תנובה - חלב,,,יח`,2,100 גרם,false,1,18.90,9.45,false,1,
7290110324926,false,משקה סויה ללתס 1 ליטר תנובה,תנובה - חלב,,,יח`,0.01,"100 מ""ל",false,1,10.90,1090,false,1,
7290110325114,false,משקה גו לייט תות בננה 250 מל,תנובה - חלב,,,יח`,2.50,"100 מ""ל",false,1,6.20,2.48,false,1,
7290110325169,false,פרוסות גאודה 170 גר`קולקשיין תנובה,תנובה - חלב,,,יח`,1.70,100 גרם,false,1,19.90,11.71,false,1,
7290110325305,false,מעדן גו סויה מעודן 200 מל,תנובה - חלב,,,יח`,2,"100 מ""ל",false,1,5.80,2.90,false,1,
7290110325312,false,מעדן גו סויה תות 200 מל,תנובה - חלב,,,יח`,2,"100 מ""ל",false,1,5.90,2.95,false,1,
7290110325619,false,משקה שיבולת שועל 1 ליטר תנובה,תנובה - חלב,,,יח`,10,"100 מ""ל",false,1,12.20,1.22,false,1,
7290110325701,false,צזיקי יוני 9% שומן על בסיס יוגורט( 250,תנובה - חלב,,,יח`,2.50,100 גרם,false,1,11.90,4.76,false,1,
7290110325879,false,פתיתי גאודה 200 גר`תנובה,תנובה - חלב,,,יח`,2,100 גרם,false,1,17.90,8.95,false,1,
7290110325893,false,משקה גו אייס קפה 340 מל,תנובה - חלב,,,יח`,3.40,100 גרם,false,1,8.90,2.62,false,1,
7290110326210,false,יופלה און טופ פצפוצים 157 גר`,תנובה - חלב,,,יח`,1.57,100 גרם,false,1,4.90,3.12,false,1,
7290110326227,false,יופלה און טופ קורנפלקס 157 גר`,תנובה - חלב,,,יח`,1.57,100 גרם,false,1,4.90,3.12,false,1,
7290110326234,false,יופלה און טופ כוכבים 157 גר`,תנובה - חלב,,,יח`,1.57,100 גרם,false,1,4.90,3.12,false,1,
7290110326333,false,פרוסות גבינה סקנדינבית 170 גר`קולקשיין,תנובה - חלב,,,יח`,1.70,100 גרם,false,1,17.90,10.53,false,1,
7290110327033,false,משקה גו סויה במתיקות מופחתת,תנובה - חלב,,,יח`,10,"100 מ""ל",false,1,12.50,1.25,false,1,
7290110327514,false,משקה שיבולת שועל בטעם אגוזי לוז 1 ליטר א,תנובה - חלב,,,יח`,10,"100 מ""ל",false,1,12.20,1.22,false,1,
7290110327545,false,יופלה און טופ בטעם תות בתופסת פצפוצים מ,תנובה - חלב,,,יח`,1.57,100 גרם,false,1,4.90,3.12,false,1,
7290110327798,false,חטיף חלבון GO בטעם שוקולד 20 גר`חלבון,שקד תבל בעמ,,,יח`,1,,false,1,12.90,12.90,true,1,
7290110327811,false,חטיף חלבון GO בטעם בצק קוקוס 20 גר`חלבו,שקד תבל בעמ,,,יח`,1,,false,1,12.90,12.90,true,1,
7290110327828,false,חטיף חלבון GO בטעם חמאת בוטנים 20 גר`חל,שקד תבל בעמ,,,יח`,1,,false,1,12.90,12.90,true,1,
7290110328504,false,טריו מיקס מוצרלה סקנדינבית וגאודה 300 גר,תנובה - חלב,,,יח`,3,100 גרם,false,1,24.90,8.30,false,1,
7290110328627,false,יוגורט גו סמיך בננה קרמל 0% שומן 200 גרם,תנובה - חלב,,,יח`,2,100 גרם,false,1,5.90,2.95,false,1,
7290110328641,false,טופו טבעי אלטרנטיב 2*250 תנובה,תנובה - חלב,,,יח`,5,100 גרם,false,1,17.90,3.58,false,1,
7290110328764,false,יוגורט גו סמיך תות 0% שומן 200 גרם,תנובה - חלב,,,יח`,2,100 גרם,false,1,5.90,2.95,false,1,
7290110328771,false,יוגורט גו סמיך פירות יער 0% שומן 200 גרם,תנובה - חלב,,,יח`,2,100 גרם,false,1,5.90,2.95,false,1,
7290110328788,false,יוגורט גו סמיך אפרסק 0% שומן 200 גרם,תנובה - חלב,,,יח`,2,100 גרם,false,1,5.90,2.95,false,1,
7290110329136,false,מעדן חלב גו בטעם שוקולד 12 גר`חלבון,תנובה - חלב,,,יח`,1.20,100 גרם,false,1,5.90,4.92,false,1,
7290110329143,false,מעדן חלב גו בטעם שוקולד 12 גר`חלבון,תנובה - חלב,,,יח`,1.20,100 גרם,false,1,5.90,4.92,false,1,
7290110329266,false,יוגורט מחלב עיזים מלא 140 גרם תנובה,תנובה - חלב,,,יח`,1.40,100 גרם,false,1,5.50,3.93,false,1,
7290110329273,false,יוגורט מחלב עיזים מלא 750 גרם תנובה,תנובה - חלב,,,יח`,7.50,"100 מ""ל",false,1,19.90,2.65,false,1,
7290110329303,false,פרוסות בטעם צהובה קלאסית 200 גרם alterna,תנובה - חלב,,,יח`,2,100 גרם,false,1,22.90,11.45,false,1,
7290110329426,false,טופו טבעי עם רוטב קרם קוקוס קארי פיקנטי,תנובה - חלב,,,יח`,3.10,100 גרם,false,1,11.90,3.84,false,1,
7290110329433,false,טופו טבעי עם רוטב סצ`ואן 310 גר`,תנובה - חלב,,,יח`,3.10,100 גרם,false,1,11.90,3.84,false,1,
7290110329686,false,משקה חלב גו בטעם עוגיות 340 מל,תנובה - חלב,,,יח`,3.40,100 גרם,false,1,8.90,2.62,false,1,
7290110329723,false,משקה קפה קר בטעם לאטה 230 מל,תנובה - חלב,,,יח`,2.30,"100 מ""ל",false,1,7.90,3.43,false,1,
7290110329730,false,משקה חלב עם שוקולד וקפה בסגנון לאטה 230,תנובה - חלב,,,יח`,2.30,"100 מ""ל",false,1,7.90,3.43,false,1,
7290110329792,false,סויה BIO אפרסק גביע 150 גרם Alternative,תנובה - חלב,,,יח`,1.50,100 גרם,false,1,4.50,3,false,1,
7290110329808,false,סויה BIO תות גביע 150 גרם Alternative,תנובה - חלב,,,יח`,1.50,100 גרם,false,1,4.50,3,false,1,
7290110329815,false,סויה BIO מתיקות מעודנת גביע 150 גרם Alte,תנובה - חלב,,,יח`,1.50,100 גרם,false,1,4.50,3,false,1,
7290110329822,false,סויה BIO פירות יער גביע 150 גרם Alternat,תנובה - חלב,,,יח`,1.50,100 גרם,false,1,4.50,3,false,1,
7290110329839,false,פרוסות צהובה בטעם זיתים 200 גרם alternat,תנובה - חלב,,,יח`,2,100 גרם,false,1,22.90,11.45,false,1,
7290110329846,false,סויה BIO טבעי גביע 150 גרם Alternative,תנובה - חלב,,,יח`,1.50,100 גרם,false,1,4.50,3,false,1,
7290110329914,false,ביו אלטרנטיב מאגדת משקה שיבולת שועל שקדי,תנובה - חלב,,,יח`,6,100 גרם,false,1,18.90,3.15,false,1,
7290110551261,false,נשנושי תירס 500 גר`טעם הטבע שטראוס,שטראוס גרופ בעמ/מצונן,,,יח`,5,100 גרם,false,1,13.90,2.78,false,1,
7290110552121,false,היוגורט הראשון שלי 100 גר`,שטראוס גרופ בעמ/מצונן,,,יח`,1,100 גרם,false,1,2.50,2.50,false,1,
7290110552220,false,דנונה פרו ללא סוכר בטעם תות 200 גר`,שטראוס גרופ בעמ/מצונן,,,יח`,2,"100 מ""ל",false,1,5.90,2.95,false,1,
7290110552237,false,דנונה פרו ללא סוכר בטעם אפרסק מנגו 200 ג,שטראוס גרופ בעמ/מצונן,,,יח`,2,"100 מ""ל",false,1,5.90,2.95,false,1,
7290110553029,false,פריכיות חלבון קייל חומוס ומלח 60 גר`עלי,שטראוס גרופ בעמ,,,יח`,0.60,100 גרם,false,1,10.90,18.17,true,1,
7290110553036,false,פריכיות חלבון בטטה סגולה ואפונה 60 גר על,שטראוס גרופ בעמ,,,יח`,0.60,100 גרם,false,1,10.90,18.17,true,1,
7290110553098,false,אנרג`י מיקס צימוקים אגוזים וש.חלב שטראוס,שטראוס גרופ בעמ,,,יח`,1.05,100 גרם,false,1,15.90,15.14,true,1,
7290110553623,false,צ`יטוס קראנץ צ`דר חלפיניו 80 גר`,שטראוס פריטו ליי בעמ,,,יח`,0.80,100 גרם,false,1,5,6.25,false,1,
7290110554101,false,מייפל פאוץ 125 מל יד מרדכי,שטראוס גרופ בעמ,,,יח`,1.25,"100 מ""ל",false,1,20.90,16.72,true,1,
7290110554422,false,רוטב עגבניות ופלפלים לשקשוקה 350 גר` יד,שטראוס גרופ בעמ,,,יח`,3.50,100 גרם,false,1,11.90,3.40,true,1,
7290110554507,false,קפה טורקי תימני 100 גר`,שטראוס גרופ בעמ,,,יח`,1,100 גרם,false,1,9.50,9.50,false,1,
7290110554583,false,מארז צ`יטוס פאפס גבינה (10*20),שטראוס פריטו ליי בעמ,,,יח`,2,100 גרם,false,1,13.90,6.95,true,1,
7290110554699,false,קפסולות קפה עולה למכונות נספרו עלית,שטראוס גרופ בעמ,,,יח`,1,,false,1,19.90,19.90,true,1,
7290110554705,false,קפסולות קפה יוניקו למכונות נספרו עלית,שטראוס גרופ בעמ,,,יח`,1,,false,1,19.90,19.90,true,1,
7290110554712,false,קפסולות קפה נחת למכונות נספרו עלית,שטראוס גרופ בעמ,,,יח`,1,,false,1,19.90,19.90,true,1,
7290110554798,false,פולי אספרו עשירים וארומטיים עוצמה (08 2,שטראוס גרופ בעמ,,,יח`,2.50,100 גרם,false,1,20.90,8.36,false,1,
7290110555009,false,פסאטה זוגות 700 גר`,שטראוס גרופ בעמ,,,יח`,7,100 גרם,false,1,13.90,1.99,false,1,
7290110555078,false,לאבנה עם שמן זית ועשבי תיבול 250 גר`,שטראוס גרופ בעמ/מצונן,,,יח`,2.50,100 גרם,false,1,11.90,4.76,true,1,
7290110555306,false,רבע לשבע טבעוני סינמון באן 120 גר`,שטראוס גרופ בעמ,,,יח`,1.20,100 גרם,false,1,14.20,11.83,false,1,
7290110556242,false,שוקולד פרה מריר פרווה עלית (100 גרם),שטראוס גרופ בעמ,,,יח`,1,100 גרם,false,1,5.90,5.90,true,1,
7290110557027,false,חומוס אחלה 50% טחינה 400 גרם,שטראוס גרופ בעמ/מצונן,,,יח`,4,100 גרם,false,1,15.20,3.80,false,1,
7290110557102,false,מעדן חלב עם שוקולד מעושר בחלבון,שטראוס גרופ בעמ/מצונן,,,יח`,1.50,100 גרם,false,1,5.40,3.60,true,1,
7290110557133,false,מעדן הגולן וניל 125 גרם,שטראוס גרופ בעמ/מצונן,,,יח`,1.25,"100 מ""ל",false,1,2.90,2.32,true,1,
7290110557317,false,היוגורט הראשון שלי עם שיבולת שועל 100 גר,שטראוס גרופ בעמ/מצונן,,,יח`,1,100 גרם,false,1,2.50,2.50,false,1,
7290110557478,false,חומוס אחלה גלילי 600 גר`,שטראוס גרופ בעמ/מצונן,,,יח`,6,100 גרם,false,1,13.90,2.32,false,1,
7290110557645,false,אנרג`י מיקס צימוקים חמוציות וש. לבן שטרא,שטראוס גרופ בעמ,,,יח`,1.05,100 גרם,false,1,15.90,15.14,true,1,
7290110558130,false,אקטיביה עם שיבולת שועל ודבש,שטראוס גרופ בעמ/מצונן,,,יח`,1.50,100 גרם,false,1,4.70,3.13,false,1,
7290110558154,false,דנונה לייט אנד פרי עוגת תפוחים 150 גר`,שטראוס גרופ בעמ/מצונן,,,יח`,1.50,100 גרם,false,1,4.70,3.13,true,1,
7290110558222,false,דנונה WOW בנופי 150 גר`,שטראוס גרופ בעמ/מצונן,,,יח`,1.50,100 גרם,false,1,4.60,3.07,true,1,
7290110558239,false,דנונה WOW קראק פאי 150 גר`,שטראוס גרופ בעמ/מצונן,,,יח`,1.50,100 גרם,false,1,4.60,3.07,true,1,
7290110558284,false,דנונה ביו מולטי 200 גר`,שטראוס גרופ בעמ/מצונן,,,יח`,2,100 גרם,false,1,3.90,1.95,false,1,
7290110558307,false,דנונה פרו 20 גר`עם שיבולת שועל (200גר`),שטראוס גרופ בעמ/מצונן,,,יח`,2,100 גרם,false,1,6.70,3.35,false,1,
7290110558314,false,דנונה פרו ללא סוכר בטעם פיסטוק 200 גר`,שטראוס גרופ בעמ/מצונן,,,יח`,2,"100 מ""ל",false,1,5.90,2.95,false,1,
7290110558338,false,דנונה פרו 25 גר`חלבון (200 גר`),שטראוס גרופ בעמ/מצונן,,,יח`,2,100 גרם,false,1,6.70,3.35,false,1,
7290110558666,false,דניאלה מעדן בטעם תפוח (88 גרם),שטראוס גרופ בעמ/מצונן,,,יח`,1.50,"100 מ""ל",false,1,4,2.67,false,1,
7290110558918,false,עלי חסה קראנצ`שטופים 150 גר`טעם הטבע ש,שטראוס גרופ בעמ/מצונן,,,יח`,1.50,100 גרם,false,1,10.10,6.73,false,1,
7290110559007,false,שעועית חומה 380 גר` טעם הטבע שטראוס,שטראוס גרופ בעמ,,,יח`,3.80,100 גרם,false,1,7.90,2.08,true,1,
7290110559014,false,שעועית שחורה 380 גר` טעם הטבע שטראוס,שטראוס גרופ בעמ,,,יח`,3.80,100 גרם,false,1,7.90,2.08,true,1,
7290110560300,false,פריכיות משולשות-פלפל שחור 30 גר`אנג`י,שטראוס גרופ בעמ,,,יח`,0.30,100 גרם,false,1,4.90,16.33,false,1,
7290110560317,false,פריכיות משולשות-מלח ים אנג`י,שטראוס גרופ בעמ,,,יח`,0.30,100 גרם,false,1,4.90,16.33,false,1,
7290110560324,false,פריכיות משולשות-אפונה ירוקה 30 גר`אנרג,שטראוס גרופ בעמ,,,יח`,0.30,100 גרם,false,1,4.90,16.33,false,1,
7290110561352,false,דנונה דל לקטוז ביו 200 גר`,שטראוס גרופ בעמ/מצונן,,,יח`,2,"100 מ""ל",false,1,3.70,1.85,false,1,
7290110561604,false,מעדן בטעם תות בננה גמדים מעורבב (100x8 ג,שטראוס גרופ בעמ/מצונן,,,יח`,8,"100 מ""ל",false,1,19.20,2.40,false,1,
7290110563431,false,משקה קפה קר בסגנון קלאסי 1.6% (230 גר`),שטראוס גרופ בעמ/מצונן,,,יח`,2.30,"100 מ""ל",false,1,7.90,3.43,true,1,
7290110563448,false,משקה קפה קר בסגנון מעודן 1.6% (230 גר`),שטראוס גרופ בעמ/מצונן,,,יח`,2.30,"100 מ""ל",false,1,7.90,3.43,true,1,
7290110563462,false,חלב נטול לקטוז 2% יטבתה בקבוק,שטראוס גרופ בעמ/מצונן,,,יח`,1,1 ליטר,false,1,7.90,7.90,false,1,
7290110564339,false,חומוס הסדרה המובחרת עשיר 30% טחינה 400 ג,שטראוס גרופ בעמ/מצונן,,,יח`,4,100 גרם,false,1,15.20,3.80,false,1,
7290110564360,false,חומוס הסדרה המובחרת עשיר 40% טחינה 400 ג,שטראוס גרופ בעמ/מצונן,,,יח`,4,100 גרם,false,1,15.20,3.80,false,1,
7290110564414,false,חומוס הסדרה המובחרת 30% טחינה 600 גר`,שטראוס גרופ בעמ/מצונן,,,יח`,6,100 גרם,false,1,16.30,2.72,false,1,
7290110565435,false,מעדן ג`לי בטעם פטל חלבי שטראוס (125 גרם,שטראוס גרופ בעמ/מצונן,,,יח`,1.25,100 גרם,false,1,2.10,1.68,true,1,
7290110565527,false,דנונה פרו 20 גר`חלבון,שטראוס גרופ בעמ/מצונן,,,יח`,2,"100 מ""ל",false,1,5.90,2.95,false,1,
7290110565572,false,מארז טורקי לדרך עם הל 168 גר`,שטראוס גרופ בעמ,,,יח`,1.68,100 גרם,false,1,19.30,11.49,false,1,
7290110566623,false,קפסולות קפה עלית קולומביה 08,שטראוס גרופ בעמ,,,יח`,0.50,100 גרם,false,1,18.50,37,true,1,
7290110566975,false,דנונה פרו 200 גר`תות,שטראוס גרופ בעמ/מצונן,,,יח`,2,"100 מ""ל",false,1,5.90,2.95,false,1,
7290110570880,false,פולי אספרו עשירים וארומטיים עוצמה (14 2,שטראוס גרופ בעמ,,,יח`,2.50,100 גרם,false,1,20.90,8.36,false,1,
7290110571184,false,עדשים חומות 380 גר` טעם הטבע שטראוס,שטראוס גרופ בעמ,,,יח`,3.80,100 גרם,false,1,7.90,2.08,true,1,
7290110571382,false,מעדן חלב בטעם וניל מועשר בחלבון,שטראוס גרופ בעמ/מצונן,,,יח`,1.50,100 גרם,false,1,5.40,3.60,true,1,
7290110571405,false,מיני פינוקיות בגביע פסק זמן 180 גר`,שטראוס גרופ בעמ,,,יח`,1.80,100 גרם,false,1,11.90,6.61,true,1,
7290110571412,false,מיני פינוקיות בגביע פאדג` 180 גר`,שטראוס גרופ בעמ,,,יח`,1.80,100 גרם,false,1,11.90,6.61,true,1,
7290110572129,false,כיף כף מקלות שוקולד לבן,שטראוס גרופ בעמ,,,יח`,0.40,100 גרם,false,1,5.70,14.25,true,1,
7290110572884,false,קפסולות 20 למכונות נספרו עלית) (10,שטראוס גרופ בעמ,,,יח`,0.50,100 גרם,false,1,18.50,37,true,1,
7290110572969,false,כיף כף פצפצים עלית קרם לבן (40 גר`),שטראוס גרופ בעמ,,,יח`,0.40,100 גרם,false,1,6.10,15.25,true,1,
7290110576370,false,מארז שלישיית אגוז מריר (3X100 ) עלית,שטראוס גרופ בעמ,,,יח`,3,100 גרם,false,1,25.90,8.63,false,1,
7290110576387,false,מארז שלישיית אגוז חלב )(3X100 עלית,שטראוס גרופ בעמ,,,יח`,3,100 גרם,false,1,25.90,8.63,false,1,
7290110576776,false,שוקולד מריר 85% ספלנדיד (100 גרם),שטראוס גרופ בעמ,,,יח`,1,100 גרם,false,1,12.20,12.20,true,1,
7290110576790,false,סקי בטעם מוקה 3% (125 גר`) דנונה,שטראוס גרופ בעמ/מצונן,,,יח`,1.25,100 גרם,false,1,3.80,3.04,true,1,
7290110577230,false,משקה חלב בטעם פיסטוק 1 ליטר יטבתה,שטראוס גרופ בעמ/מצונן,,,יח`,1,1 ליטר,false,1,11.90,11.90,false,1,
7290111092985,false,מגבונים בייביסיטר ללא בישום רביעייה,שקד תבל בעמ,,,יח`,1,,false,1,19.30,19.30,true,1,
7290111340178,false,ניקול מטליות לחות לשיש ניחוח מרכך כביסה,קימברלי קלארק ישראל שיווק בעמ,,,יח`,1,,false,1,13.90,13.90,true,1,
7290111340185,false,ניקול מטליות לחות לריצפה ניחוח מרכך כביס,קימברלי קלארק ישראל שיווק בעמ,,,יח`,1,,false,1,15.90,15.90,true,1,
7290111342059,false,מטליות לחות אנטיבקטריאלי,קימברלי קלארק ישראל שיווק בעמ,,,יח`,1,,false,1,14.90,14.90,false,1,
7290111344206,false,מגבוני האגיס נטורל קייר מבושם 4*64,קימברלי קלארק ישראל שיווק בעמ,,,יח`,1,,false,1,21.90,21.90,true,1,
7290111344558,false,שקיות אשפה בגודל L עם שרוך 100 יח`,קימברלי קלארק ישראל שיווק בעמ,,,יח`,1,,false,1,30.90,30.90,false,1,
7290111344824,false,מגן תחתון קוטקס אנטיבקטראלי 52 יח`,קימברלי קלארק ישראל שיווק בעמ,,,יח`,1,,false,1,16.90,16.90,false,1,
7290111345814,false,לילי נטורל קייל 30 גלילים,קימברלי קלארק ישראל שיווק בעמ,,,יח`,1,,false,1,33.90,33.90,false,1,
7290111345982,false,דפי ספוגית הקסם 10 יח`ניקול,קימברלי קלארק ישראל שיווק בעמ,,,יח`,1,,false,1,13.90,13.90,true,1,
7290111346088,false,נייר טואלט מולט דו שכבתי 30 גלילים,קימברלי קלארק ישראל שיווק בעמ,,,יח`,1,,false,1,30.90,30.90,false,1,
7290111346118,false,מגבוני האגיס לחים מהדורה בבישום עדין 4*6,קימברלי קלארק ישראל שיווק בעמ,,,יח`,1,,false,1,20.90,20.90,true,1,
7290111346293,false,מגבת נייר רב שימושית שישייה ניקול,קימברלי קלארק ישראל שיווק בעמ,,,יח`,1,,false,1,12.90,12.90,false,1,
7290111346347,false,קלינקס טישו אוריגינל חמישייה,קימברלי קלארק ישראל שיווק בעמ,,,יח`,1,,false,1,15.90,15.90,true,1,
7290111350030,false,רסק תפוחי עץ טבעי בצנצנת 670 גר קלית גת,ליימן שליסל בעמ,,,יח`,6.70,100 גרם,false,1,13.20,1.97,false,1,
7290111350719,false,נאצוס בסגנון מסעדות 322 גר`היט הופ,ליימן שליסל בעמ,,,יח`,3.22,100 גרם,false,1,17.90,5.56,true,1,
7290111350726,false,נאצוס בסגנון מקסיקני 322 גר`היט הופ,ליימן שליסל בעמ,,,יח`,3.22,100 גרם,false,1,17.90,5.56,true,1,
7290111352942,false,סוכריות טופי (850 גר`) יוגטה,ליימן שליסל בעמ,,,יח`,8.50,100 גרם,false,1,22.40,2.64,true,1,
7290111352959,false,סוכריות מקלות ממולאים 80 גר יוגטה,ליימן שליסל בעמ,,,יח`,0.80,100 גרם,false,1,6.90,8.63,false,1,
7290111352966,false,יוגטה גומי מקלות ממולאות 250 גר` יוגטה,ליימן שליסל בעמ,,,יח`,2.50,100 גרם,false,1,8.90,3.56,true,1,
7290111353109,false,סוכריות גומי נחשים (200 גר`) יוגטה,ליימן שליסל בעמ,,,יח`,2,100 גרם,false,1,10.90,5.45,true,1,
7290111564239,false,מאגדת מיני קראנץ וניל,נגה גלידות שותפות מוגבלת,,,יח`,2.75,100 גרם,false,1,28.50,10.36,false,1,
7290111564291,false,פיטנס פריכיות דקות עם קינואה 120 גר` אסם,קבוצת אסם סחר שות. מוגבלת,,,יח`,1.20,100 גרם,false,1,13.20,11,true,1,
7290111564727,false,קרמוגית במילוי קרם אגוזים 200 גר` אסם,קבוצת אסם סחר שות. מוגבלת,,,יח`,2,100 גרם,false,1,13.20,6.60,false,1,
7290111566103,false,פלאפל מרכיבים ביתיים בלבד 590 גר` טבעול,קבוצת אסם סחר שות. מוגבלת,,,יח`,5.90,100 גרם,false,1,33.60,5.69,true,1,
7290111566226,false,שניצל ברוקולי 667 גר` טבעול,קבוצת אסם סחר שות. מוגבלת,,,יח`,6.67,100 גרם,false,1,34.60,5.19,true,1,
7290111566240,false,שניצל דק בטעם צ`לי חריף 564 גר` טבעול,קבוצת אסם סחר שות. מוגבלת,,,יח`,5.64,100 גרם,false,1,34.60,6.13,true,1,
7290111566271,false,חטיפי תירס 657 גר` טבעול,קבוצת אסם סחר שות. מוגבלת,,,יח`,6.57,100 גרם,false,1,34.60,5.27,true,1,
7290111566318,false,שניצל דק מן הצומח 564 גר` טבעול,קבוצת אסם סחר שות. מוגבלת,,,יח`,5.64,100 גרם,false,1,34.60,6.13,true,1,
7290111566332,false,נקניקיות טינר צמחוניות 680 גר` טבעול,קבוצת אסם סחר שות. מוגבלת,,,יח`,6.80,100 גרם,false,1,34.60,5.09,true,1,
7290111566417,false,טחון מן הצומח טבעול (500גרם),קבוצת אסם סחר שות. מוגבלת,,,יח`,5,100 גרם,false,1,34.60,6.92,true,1,
7290111566547,false,חזה בגריל צמחוני 99 קלוריות 560 גר` טבע,קבוצת אסם סחר שות. מוגבלת,,,יח`,5.60,100 גרם,false,1,30.90,5.52,true,1,
7290111566561,false,שניצל ברוקולי 99 קלוריות 560 גר` טבעול,קבוצת אסם סחר שות. מוגבלת,,,יח`,5.60,100 גרם,false,1,34.60,6.18,true,1,
7290111566660,false,קציצות עדשים כתומות 530 גר` טבעול,קבוצת אסם סחר שות. מוגבלת,,,יח`,5.30,100 גרם,false,1,34.60,6.53,true,1,
7290111566752,false,שניצל תירס 99 קלוריות 693 גר` טבעול,קבוצת אסם סחר שות. מוגבלת,,,יח`,6.93,100 גרם,false,1,34.60,4.99,true,1,
7290111566776,false,נקניקיות קוקטייל צמחונית 680 גר` טבעול,קבוצת אסם סחר שות. מוגבלת,,,יח`,6.80,100 גרם,false,1,34.60,5.09,true,1,
7290111568206,false,ביסלי פארטי מיקס 150 גר` אסם,קבוצת אסם סחר שות. מוגבלת,,,יח`,1.50,100 גרם,false,1,9.10,6.07,true,1,
7290111568275,false,נודלס אטריות אורז רחבות 300 גר`אסם,קבוצת אסם סחר שות. מוגבלת,,,יח`,3,100 גרם,false,1,10.90,3.63,false,1,
7290111568299,false,נודלס אטריות עם תרד 300 גר`אסם,קבוצת אסם סחר שות. מוגבלת,,,יח`,3,100 גרם,false,1,10.90,3.63,false,1,
7290111568961,false,בייגלה טבעות מלח 400 גר` אסם,קבוצת אסם סחר שות. מוגבלת,,,יח`,4,100 גרם,false,1,11.50,2.88,true,1,
7290111938481,false,רוטב סויה בהירה 300 ג`מאסטר שף,ש.שסטוביץ בעמ,,,יח`,3,"100 מ""ל",false,1,13.90,4.63,false,1,
7290111938498,false,רוטב סויה בהירה מאסטר שף (700 מל),ש.שסטוביץ בעמ,,,יח`,7,"100 מ""ל",false,1,14.90,2.13,false,1,
7290112000736,false,טבליות למדיח כלים All in 1 פיניש) (80,רקיט בנקיזר (ניר איסט) בעמ,,,יח`,1,,false,1,61.90,61.90,true,1,
7290112001030,false,מילוי מבשם אויר אוטומטי פריחת דובדבן,רקיט בנקיזר (ניר איסט) בעמ,,,יח`,2.50,"100 מ""ל",false,1,15.90,6.36,true,1,
7290112001238,false,קולון מנקה מכונות לימון 250 מל,רקיט בנקיזר (ניר איסט) בעמ,,,יח`,2.50,"100 מ""ל",false,1,20.90,8.36,false,1,
7290112001436,false,פיניש מנקה מחדש בריח לימון,רקיט בנקיזר (ניר איסט) בעמ,,,יח`,1,,false,1,15.90,15.90,true,1,
7290112001900,false,פיניש ג`ל 1 ליטר אקולוגי,רקיט בנקיזר (ניר איסט) בעמ,,,יח`,1,1 ליטר,false,1,44.90,44.90,false,1,
7290112002112,false,קולון ג`ל 2.5 ליטר בניחוח ורדים ורוד,רקיט בנקיזר (ניר איסט) בעמ,,,יח`,2.50,1 ליטר,false,1,25.90,10.36,true,1,
7290112002129,false,קולון ג`ל 2.5 ליטר בניחוח מרענן ירוק,רקיט בנקיזר (ניר איסט) בעמ,,,יח`,2.50,1 ליטר,false,1,25.90,10.36,true,1,
7290112002167,false,קולון ג`ל 4 ליטר בניחוח פריחה מרענן ירוק,רקיט בנקיזר (ניר איסט) בעמ,,,יח`,4,1 ליטר,false,1,35.90,8.98,false,1,
7290112003188,false,קולון קפסולות לכביסה 60 יח קאפס,רקיט בנקיזר (ניר איסט) בעמ,,,יח`,1,,false,1,55.90,55.90,true,1,
7290112004161,false,איירוויק פרשמטיק מילוי פיור עשבי בר,רקיט בנקיזר (ניר איסט) בעמ,,,יח`,2.50,"100 מ""ל",false,1,15.90,6.36,true,1,
7290112004413,false,ספריי להסרת כתמים וניש קליה לבן (750 מל,רקיט בנקיזר (ניר איסט) בעמ,,,יח`,7.50,"100 מ""ל",false,1,17.90,2.39,true,1,
7290112004772,false,מילוי מבשם אויר חשמלי בניחוח כביסה,רקיט בנקיזר (ניר איסט) בעמ,,,יח`,1,,false,1,17.90,17.90,true,1,
7290112004970,false,פיניש אולטימייט 50 קפסולות,רקיט בנקיזר (ניר איסט) בעמ,,,יח`,1,,false,1,61.90,61.90,true,1,
7290112005045,false,וניש מסיר כתמים א.לכביסה לבנה 480 גר`,רקיט בנקיזר (ניר איסט) בעמ,,,יח`,4.80,100 גרם,false,1,17.90,3.73,true,1,
7290112005052,false,וניש אבקה לכביסה לבנה,רקיט בנקיזר (ניר איסט) בעמ,,,יח`,1.50,"ק""ג",false,1,40.90,27.27,true,1,
7290112005076,false,וניש מסיר כתמים א.לכביסה צבעונית 480 גר`,רקיט בנקיזר (ניר איסט) בעמ,,,יח`,4.80,100 גרם,false,1,17.90,3.73,true,1,
7290112005144,false,מכשיר פרשמטיק+מילוי יסמין וקטורת התפוח,רקיט בנקיזר (ניר איסט) בעמ,,,יח`,1,,false,1,43.90,43.90,true,1,
7290112005168,false,פיניש קוואנטום לימון 60 קפסולות,רקיט בנקיזר (ניר איסט) בעמ,,,יח`,1,,false,1,61.90,61.90,true,1,
7290112191403,false,נודלס אטריות ביצים דק 400 גר`אוריינט,גורי מוצרי צריכה (1991) בעמ,,,יח`,4,100 גרם,false,1,10.90,2.73,false,1,
7290112330352,false,דנונה פרו 200 גר`וניל 0% שומן,שטראוס גרופ בעמ/מצונן,,,יח`,2,"100 מ""ל",false,1,5.90,2.95,false,1,
7290112330390,false,דנונה פרו 200 גר`פירות יער 0% שומן,שטראוס גרופ בעמ/מצונן,,,יח`,2,"100 מ""ל",false,1,5.90,2.95,false,1,
7290112330420,false,דנונה פרו לבן 2.9% שומן (150 גר`),שטראוס גרופ בעמ/מצונן,,,יח`,1.50,100 גרם,false,1,5,3.33,false,1,
7290112332585,false,פריכיות משולשות-אורז בתיבול סלק ומלח ים,שטראוס גרופ בעמ,,,יח`,0.30,100 גרם,false,1,4.90,16.33,false,1,
7290112332691,false,עוגיות קרם פסק זמן אגוזים 200 גר` עלית,שטראוס גרופ בעמ,,,יח`,2,100 גרם,false,1,11.90,5.95,true,1,
7290112332899,false,בזוקה פופים קלאסי 58 גר`,שטראוס גרופ בעמ,,,יח`,1,,false,1,11.50,11.50,true,1,
7290112334596,false,שוקולית אבקת שוקו עלית,שטראוס גרופ בעמ,,,יח`,9.35,100 גרם,false,1,20.30,2.17,true,1,
7290112334749,false,קפה טורקי עלית (200 גרם) 10% תוספת,שטראוס גרופ בעמ,,,יח`,2.20,100 גרם,false,1,16.30,7.41,true,1,
7290112335487,false,פריכיות הטעימות קצח ודגנים 135,שטראוס גרופ בעמ,,,יח`,1.35,100 גרם,false,1,14.20,10.52,false,1,
7290112335494,false,הפריכות הטעימות פוטטוס 135 גר`,שטראוס גרופ בעמ,,,יח`,1.35,100 גרם,false,1,14.20,10.52,false,1,
7290112335500,false,הפריכיות הטעימות חלבון 135 גר`,שטראוס גרופ בעמ,,,יח`,1.35,100 גרם,false,1,14.20,10.52,false,1,
7290112336637,false,מאסט סוכריות יוגרוט תות אוכמניות 80 גר`,שטראוס גרופ בעמ,,,יח`,0.80,100 גרם,false,1,9.70,12.13,false,1,
7290112336651,false,מאסט סוכריות ריבת חלב 80 גר ללא סוכר,שטראוס גרופ בעמ,,,יח`,0.80,100 גרם,false,1,9.70,12.13,false,1,
7290112336712,false,דנונה פרו 21% חלבון 0,שטראוס גרופ בעמ/מצונן,,,יח`,2,"100 מ""ל",false,1,6.10,3.05,false,1,
7290112337474,false,מאסט סוכריות פטל לימון 80 גר ללא סוכר,שטראוס גרופ בעמ,,,יח`,0.80,100 גרם,false,1,9.70,12.13,false,1,
7290112337481,false,מאסט סוכריות קפוצ`נו 80 גר ללא סוכר,שטראוס גרופ בעמ,,,יח`,0.80,100 גרם,false,1,9.70,12.13,false,1,
7290112338877,false,סקי תות 3% (125 גר`) דנונה,שטראוס גרופ בעמ/מצונן,,,יח`,1.25,100 גרם,false,1,3.80,3.04,true,1,
7290112339171,false,מעדן מוס שוקולד 81 גר`מילקי,שטראוס גרופ בעמ/מצונן,,,יח`,0.81,100 גרם,false,1,3.40,4.20,false,1,
7290112339362,false,דנונה לייט אנד פריי בטעם קפוצ`נו 150 גר`,שטראוס גרופ בעמ/מצונן,,,יח`,1.50,"100 מ""ל",false,1,4.90,3.27,true,1,
7290112339867,false,גמדים סקוויז בודד תות (100 גר`),שטראוס גרופ בעמ/מצונן,,,יח`,1,100 גרם,false,1,6,6,false,1,
7290112339874,false,גמדים סקוויז בודד תות בננה (100 גר`),שטראוס גרופ בעמ/מצונן,,,יח`,1,100 גרם,false,1,6,6,false,1,
7290112340122,false,פריכיות טעימות 3 דגנים 135 גר`,שטראוס גרופ בעמ,,,יח`,1.35,100 גרם,false,1,14.20,10.52,false,1,
7290112341556,false,אקטיביה עם צ`יה ותות 150 גר`,שטראוס גרופ בעמ/מצונן,,,יח`,1.50,"100 מ""ל",false,1,4.60,3.07,false,1,
7290112341679,false,אקטיביה יוגורט 3% דנונה (200 גרם),שטראוס גרופ בעמ/מצונן,,,יח`,2,100 גרם,false,1,4.20,2.10,false,1,
7290112341686,false,אקטיביה יוגורט 3% דנונה (150x8 גרם),שטראוס גרופ בעמ/מצונן,,,יח`,0.0120,100 גרם,false,1,20.30,1691.67,false,1,
7290112342102,false,סימפוניה בצל מקורמל 5% שטראוס,שטראוס גרופ בעמ/מצונן,,,יח`,2,100 גרם,false,1,12.20,6.10,false,1,
7290112343260,false,רוטב שמנת קלאסי 260 גר` יטבתה,שטראוס גרופ בעמ/מצונן,,,יח`,2.60,"100 מ""ל",false,1,10.10,3.88,true,1,
7290112343420,false,יטבתה פרו ארוחת בוקר 350 מל,שטראוס גרופ בעמ/מצונן,,,יח`,3.50,"100 מ""ל",false,1,7.90,2.26,false,1,
7290112343499,false,צ`יטוס 55 גר` puffs,שטראוס פריטו ליי בעמ,,,יח`,0.60,100 גרם,false,1,3.90,6.50,true,1,
7290112343512,false,צ`יטוס 160 גר`puffs,שטראוס פריטו ליי בעמ,,,יח`,1.80,100 גרם,false,1,7.90,4.39,false,1,
7290112344564,false,רביולי גבינה 400 גר` kids שטראוס,שטראוס גרופ בעמ/מצונן,,,יח`,4,100 גרם,false,1,21.70,5.43,true,1,
7290112344724,false,מעדן מוס שוקולד בלונדי 133 גר`מילקי,שטראוס גרופ בעמ/מצונן,,,יח`,1.33,100 גרם,false,1,3.40,2.56,false,1,
7290112344755,false,מילקי עם 26% פחות סוכר( 135 גר`),שטראוס גרופ בעמ/מצונן,,,יח`,1.35,100 גרם,false,1,2.90,2.15,false,1,
7290112344786,false,קפה PLATINUMקלאסי 200 גר,שטראוס גרופ בעמ,,,יח`,2,100 גרם,false,1,24.90,12.45,true,1,
7290112344953,false,סימפוניה חציל קלוי 5%,שטראוס גרופ בעמ/מצונן,,,יח`,2,100 גרם,false,1,12.20,6.10,false,1,
7290112346360,false,בפלות אחת אחת בציפוי שוקלוד חלב עלית,שטראוס גרופ בעמ,,,יח`,1.80,100 גרם,false,1,14.90,8.28,false,1,
7290112346629,false,דנונה בר קורנפלקס מצופה 172 גר`,שטראוס גרופ בעמ/מצונן,,,יח`,1.72,"100 מ""ל",false,1,4.50,2.62,false,1,
7290112346773,false,דנונה לייט אנד פריי וניל עם חלבון,שטראוס גרופ בעמ/מצונן,,,יח`,1.50,100 גרם,false,1,4.70,3.13,true,1,
7290112346797,false,אקטיביה שיבולת שועל ושזיף 150 גר`,שטראוס גרופ בעמ/מצונן,,,יח`,1.50,"100 מ""ל",false,1,4.70,3.13,false,1,
7290112346827,false,אקטימל ויטמין c פטל שמייניה( 100x8),שטראוס גרופ בעמ/מצונן,,,יח`,8,"100 מ""ל",false,1,20.90,2.61,false,1,
7290112347008,false,גמדים ארוחת בוקר תות סקוויז 100 גר,שטראוס גרופ בעמ/מצונן,,,יח`,1,100 גרם,false,1,6,6,false,1,
7290112348142,false,שעועית לבנה 380 גר` טעם הטבע קופסה,שטראוס גרופ בעמ,,,יח`,3.80,100 גרם,false,1,7.90,2.08,true,1,
7290112348616,false,קפה נמס אגוזי לוז (100 גר)עלית,שטראוס גרופ בעמ,,,יח`,1,100 גרם,false,1,17.30,17.30,false,1,
7290112348999,false,פריכיות טעימות תירס דקות( 135 גר`)עלית,שטראוס גרופ בעמ,,,יח`,1.35,100 גרם,false,1,14.20,10.52,false,1,
7290112349606,false,דניאלה מעדן בטעם תות בננה שטראוס (88 גרם,שטראוס גרופ בעמ/מצונן,,,יח`,1.50,"100 מ""ל",false,1,4,2.67,false,1,
7290112349705,false,מחית עגבניות קלאסי לפסטה 350 גר` פומודור,שטראוס גרופ בעמ,,,יח`,3.50,100 גרם,false,1,11.90,3.40,true,1,
7290112349736,false,רוטב עגבניות לפסטה 350 גר` בזיליקום,שטראוס גרופ בעמ,,,יח`,3.50,100 גרם,false,1,11.90,3.40,true,1,
7290112349903,false,רוטב שמנת עם גרגירי וניל (260 מל ),שטראוס גרופ בעמ/מצונן,,,יח`,2.60,"100 מ""ל",false,1,10.10,3.88,true,1,
7290112350275,false,קפסולות LUNGO למכונות נספרו עלית,שטראוס גרופ בעמ,,,יח`,0.55,100 גרם,false,1,18.50,33.64,true,1,
7290112350312,false,קפסולות 15 למכונות נספרו עלית) (10,שטראוס גרופ בעמ,,,יח`,0.50,100 גרם,false,1,18.50,37,true,1,
7290112350589,false,צ`יקו להכנת משקה צ`יקוריה עלית (65 גרם),שטראוס גרופ בעמ,,,יח`,0.65,100 גרם,false,1,10.90,16.77,false,1,
7290112351067,false,סילאן טבעי לחיץ 630 גר`יד מרדכי,שטראוס גרופ בעמ,,,יח`,6.30,100 גרם,false,1,24.90,3.95,false,1,
7290112351258,false,פינוקיות שחור לבן 200 גר עלית,שטראוס גרופ בעמ,,,יח`,2,100 גרם,false,1,11.90,5.95,true,1,
7290112351524,false,עלי חסה סלנובה 200 גר טעם הטבע,שטראוס גרופ בעמ/מצונן,,,יח`,2,100 גרם,false,1,12.90,6.45,false,1,
7290112354945,false,תפוצ`יפס (50 גרם)היתר מכירה,שטראוס פריטו ליי בעמ,,,יח`,0.50,100 גרם,false,1,4,8,false,1,
7290112354952,false,תפוצ`יפס פפריקה (50 גרם)היתר מכירה,שטראוס פריטו ליי בעמ,,,יח`,0.50,100 גרם,false,1,4,8,false,1,
7290112355027,false,דנונה פרו 20 גר`חלבון בטעם קרמל מלוח(,שטראוס גרופ בעמ/מצונן,,,יח`,2,"100 מ""ל",false,1,5.90,2.95,false,1,
7290112355393,false,רוטב שמנת עם בטטה 9% יטבתה (250 מל),שטראוס גרופ בעמ/מצונן,,,יח`,2.50,"100 מ""ל",false,1,10.10,4.04,true,1,
7290112355812,false,מילקי טופ קורנפלקס,שטראוס גרופ בעמ/מצונן,,,יח`,1.30,"100 מ""ל",false,1,4.90,3.77,false,1,
7290112357045,false,עגבניות איטלקיות מרוסקות 390 גר` טעם הטב,שטראוס גרופ בעמ,,,יח`,5,100 גרם,false,1,7.90,1.58,true,1,
7290112357076,false,קוביות עגבניות איטלקיות 390 גר` טעם הטבע,שטראוס גרופ בעמ,,,יח`,3.90,100 גרם,false,1,7.90,2.03,true,1,
7290112357083,false,אפונת גינה 380 גר טעם הטבע קופסה,שטראוס גרופ בעמ,,,יח`,3.80,100 גרם,false,1,7.90,2.08,true,1,
7290112357106,false,שעועית אדומה 380 גר` טעם הטבע קופסה,שטראוס גרופ בעמ,,,יח`,3.80,100 גרם,false,1,7.90,2.08,true,1,
7290112357113,false,גרגרי חומוס 380 גר טעם הטבע קופסה,שטראוס גרופ בעמ,,,יח`,3.80,100 גרם,false,1,7.90,2.08,true,1,
7290112357175,false,קפסולות BOOST למכונות נספרו עלית,שטראוס גרופ בעמ,,,יח`,0.50,100 גרם,false,1,18.50,37,true,1,
7290112358127,false,דנונה פרו 20 גר`חלבון עם מגנזיום( 200,שטראוס גרופ בעמ/מצונן,,,יח`,2,100 גרם,false,1,6.70,3.35,false,1,
7290112358219,false,רוטב צ`ילי מתוק יד מרדכי (300 גר`),שטראוס גרופ בעמ,,,יח`,3,100 גרם,false,1,14.90,4.97,false,1,
7290112358233,false,רוטב צ`ילי חריף יד מרדכי (300 גר`),שטראוס גרופ בעמ,,,יח`,3,100 גרם,false,1,14.90,4.97,false,1,
7290112358431,false,ביסקוויט עד חצות דאבל 200 גר`,שטראוס גרופ בעמ,,,יח`,2,100 גרם,false,1,14.50,7.25,false,1,
7290112483454,false,מזלגות שקופות לפיד 50 יח,פאלאס תעשיות נטו (2014) בעמ,,,יח`,1,,false,1,7.90,7.90,true,1,
7290112484895,false,צלחות גדולות 1 קג,פאלאס תעשיות נטו (2014) בעמ,,,יח`,1,יח`,false,1,39.90,39.90,true,1,
7290112490032,false,מרק נמס בכוס תירס קנור,יוניליוור ישראל שיווק בעמ,,,יח`,0.45,100 גרם,false,1,7.60,16.89,true,1,
7290112490209,false,מרק נמס בכוס עגבניות קנור) (2*28,יוניליוור ישראל שיווק בעמ,,,יח`,0.56,100 גרם,false,1,7.60,13.57,true,1,
7290112490216,false,מרק נמס בכוס טעם עוף קנור (2*24 גר`),יוניליוור ישראל שיווק בעמ,,,יח`,0.48,100 גרם,false,1,7.60,15.83,true,1,
7290112490230,false,מרק נמס בכוס אפונה קנור) (25*2,יוניליוור ישראל שיווק בעמ,,,יח`,0.50,100 גרם,false,1,7.60,15.20,true,1,
7290112490650,false,קונפיטורת תות שדה (340788 גר`),יוניליוור ישראל שיווק בעמ,,,יח`,3.40,100 גרם,false,1,14.50,4.26,true,1,
7290112490735,false,מרק עשיר עגבניות עם פסטה קנור רכיבים טבע,יוניליוור ישראל שיווק בעמ,,,יח`,1.05,100 גרם,false,1,13.90,13.24,true,1,
7290112490759,false,מרק עשיר עוף עם אטריות קנור רכיבים טבעיי,יוניליוור ישראל שיווק בעמ,,,יח`,0.74,100 גרם,false,1,13.90,18.78,true,1,
7290112490803,false,קליק שקית עוגיות קרמל,יוניליוור ישראל שיווק בעמ,,,יח`,0.70,100 גרם,false,1,6.90,9.86,true,1,
7290112490810,false,קליק שקית עוגיות טעם חמאה,יוניליוור ישראל שיווק בעמ,,,יח`,0.70,100 גרם,false,1,6.90,9.86,true,1,
7290112491268,false,קליק כדורים פרווה 75 גר,יוניליוור ישראל שיווק בעמ,,,יח`,0.75,100 גרם,false,1,6.90,9.20,true,1,
7290112491558,false,שוקולד מריר פרווה ורד הגליל (100x6 גרם),יוניליוור ישראל שיווק בעמ,,,יח`,6,100 גרם,false,1,23.40,3.90,true,1,
7290112492449,false,שמפו פינוק שיער רגיל 700 מל,יוניליוור ישראל שיווק בעמ,,,יח`,7,100 גרם,false,1,13.50,1.93,true,1,
7290112492456,false,שמפו לשיער יבש פינוק (700 מל),יוניליוור ישראל שיווק בעמ,,,יח`,7,"100 מ""ל",false,1,13.50,1.93,true,1,
7290112492463,false,שמפו פינוק2ב (7001 מל),יוניליוור ישראל שיווק בעמ,,,יח`,7,"100 מ""ל",false,1,13.50,1.93,true,1,
7290112492470,false,שמפו ומרכך פינוק 2ב (7001 מל),יוניליוור ישראל שיווק בעמ,,,יח`,7,"100 מ""ל",false,1,13.50,1.93,true,1,
7290112492500,false,שמפו פינוקשמן קוקוס (700מל),יוניליוור ישראל שיווק בעמ,,,יח`,7,"100 מ""ל",false,1,13.50,1.93,true,1,
7290112492531,false,מרכך לשיער רגיל (700 מל)פינוק,יוניליוור ישראל שיווק בעמ,,,יח`,7,"100 מ""ל",false,1,13.50,1.93,true,1,
7290112492548,false,מרכך לשיער יבש (700 מל)פינוק,יוניליוור ישראל שיווק בעמ,,,יח`,7,"100 מ""ל",false,1,13.50,1.93,true,1,
7290112492579,false,מרכך פינוקלשיער רגיל (700 מל),יוניליוור ישראל שיווק בעמ,,,יח`,7,"100 מ""ל",false,1,13.50,1.93,true,1,
7290112492999,false,אבקת מרק טעם עוף 400 גר`קנור,יוניליוור ישראל שיווק בעמ,,,יח`,4,100 גרם,false,1,17.30,4.33,true,1,
7290112493064,false,רוטב לעוף שזיפים קנור (320 גרם),יוניליוור ישראל שיווק בעמ,,,יח`,3.20,100 גרם,false,1,15.20,4.75,true,1,
7290112493088,false,נמס בכוס עדשים 100% רכיבים טביעיים קנור,יוניליוור ישראל שיווק בעמ,,,יח`,0.54,100 גרם,false,1,7.90,14.63,false,1,
7290112493095,false,נמס בכוס עגבניות חריף 100% רכיבים טביעיי,יוניליוור ישראל שיווק בעמ,,,יח`,0.48,100 גרם,false,1,7.90,16.46,false,1,
7290112493163,false,חטיף קליק מיקס כריות וגלילית (65 גרם),יוניליוור ישראל שיווק בעמ,,,יח`,0.65,100 גרם,false,1,6.90,10.62,true,1,
7290112493170,false,חטיף כריות נוגט לבן (75 גרם),יוניליוור ישראל שיווק בעמ,,,יח`,0.75,100 גרם,false,1,6.90,9.20,true,1,
7290112493316,false,מרק היום אפונה 100% רכיבים טביעיים קנור,יוניליוור ישראל שיווק בעמ,,,יח`,1.17,100 גרם,false,1,13.90,11.88,true,1,
7290112493934,false,שטראוס קרמיסימו וניל צרפתי,גלידות שטראוס בעמ,,,יח`,1.33,1 ליטר,false,1,19.90,14.96,true,1,
7290112494153,false,תיבוליות ניחוח צלי קנור( 72 גרם),יוניליוור ישראל שיווק בעמ,,,יח`,0.72,100 גרם,false,1,10.90,15.14,true,1,
7290112494214,false,חטיף קליק ביסקוויט לבן 65 גר`,יוניליוור ישראל שיווק בעמ,,,יח`,0.65,100 גרם,false,1,6.90,10.62,true,1,
7290112494221,false,חטיף ביסקויט שוקולד חלב קליק (65 גרם),יוניליוור ישראל שיווק בעמ,,,יח`,0.65,100 גרם,false,1,6.90,10.62,true,1,
7290112494238,false,חטיף כדורים שוקולד חלב קליק (65 גרם),יוניליוור ישראל שיווק בעמ,,,יח`,0.65,100 גרם,false,1,6.90,10.62,true,1,
7290112494269,false,חטיף קליק כריות צוקולטה 65 גר`,יוניליוור ישראל שיווק בעמ,,,יח`,0.65,100 גרם,false,1,6.90,10.62,true,1,
7290112494276,false,חטיף קליק כריות 65 גר`,יוניליוור ישראל שיווק בעמ,,,יח`,0.65,100 גרם,false,1,6.90,10.62,true,1,
7290112494283,false,חטיף כדורים מעורב חום לבו 65 גר`קליק,יוניליוור ישראל שיווק בעמ,,,יח`,0.65,100 גרם,false,1,6.90,10.62,true,1,
7290112494290,false,קליק שקיות עוגי 65 גר`,יוניליוור ישראל שיווק בעמ,,,יח`,0.75,100 גרם,false,1,6.90,9.20,true,1,
7290112494313,false,חטיף קליק קורנפלקס 65 גר`,יוניליוור ישראל שיווק בעמ,,,יח`,0.65,100 גרם,false,1,6.90,10.62,true,1,
7290112494344,false,קורנפלקס של אלופים תלמה (850 גרם)רבנות,יוניליוור ישראל שיווק בעמ,,,יח`,8.50,100 גרם,false,1,19.90,2.34,true,1,
7290112494351,false,קורנפלקס של אלופים תלמה (850 גרם).בדצ,יוניליוור ישראל שיווק בעמ,,,יח`,8.50,100 גרם,false,1,19.90,2.34,true,1,
7290112494795,false,ג`ל כביסה לבנה וצבעונית בניחוח בדין כחול,יוניליוור ישראל שיווק בעמ,,,יח`,2.50,1 ליטר,false,1,30.90,12.36,true,1,
7290112494801,false,ג`ל כביסה לבנה וצבעונית בניחוח בדין ורוד,יוניליוור ישראל שיווק בעמ,,,יח`,2.50,1 ליטר,false,1,30.90,12.36,true,1,
7290112495006,false,כריות נוגט 686 גר` תלמה,יוניליוור ישראל שיווק בעמ,,,יח`,6.86,100 גרם,false,1,26.90,3.92,true,1,
7290112495105,false,נישנושים תפוא שמנת בצל 260 גר`,יוניליוור ישראל שיווק בעמ,,,יח`,2.60,100 גרם,false,1,14.50,5.58,true,1,
7290112495174,false,נשנושי קרקר קוקטייל שומשום 300 גר`,יוניליוור ישראל שיווק בעמ,,,יח`,3,100 גרם,false,1,14.50,4.83,true,1,
7290112495266,false,קליק דאבל קרם עוגיות 65 גר`,יוניליוור ישראל שיווק בעמ,,,יח`,0.65,100 גרם,false,1,6.90,10.62,true,1,
7290112495273,false,קליק דאבל קרם חלב 65 גר`,יוניליוור ישראל שיווק בעמ,,,יח`,0.65,100 גרם,false,1,6.90,10.62,true,1,
7290112495488,false,קורנפלקס ללא גלוטן תלמה 500 גרם,יוניליוור ישראל שיווק בעמ,,,יח`,5,100 גרם,false,1,16.30,3.26,true,1,
7290112496430,false,נמס בכוס אקסטרה עגבניות,יוניליוור ישראל שיווק בעמ,,,יח`,0.37,100 גרם,false,1,5.90,15.95,false,1,
7290112496447,false,נמס בכוס אקסטרה טעם עוף,יוניליוור ישראל שיווק בעמ,,,יח`,0.27,100 גרם,false,1,5.90,21.85,false,1,
7290112496461,false,נמס בכוס אקסטרא ירקות 32 גר`,יוניליוור ישראל שיווק בעמ,,,יח`,0.32,100 גרם,false,1,5.90,18.44,false,1,
7290112496584,false,חטיף קליק כריות בלאק לבן 65 גר,יוניליוור ישראל שיווק בעמ,,,יח`,0.65,100 גרם,false,1,6.90,10.62,true,1,
7290112496591,false,חטיף קליק כריות בלאק חלב 65 גר,יוניליוור ישראל שיווק בעמ,,,יח`,0.65,100 גרם,false,1,6.90,10.62,true,1,
7290112499448,false,מרכך שיער שמן מרוקאי (700 מל)פינוק,יוניליוור ישראל שיווק בעמ,,,יח`,7,"100 מ""ל",false,1,13.50,1.93,true,1,
7290112499462,false,תחליב רחצה שמן קוקוס 700 מל פינוק,יוניליוור ישראל שיווק בעמ,,,יח`,7,"100 מ""ל",false,1,14.20,2.03,true,1,
7290112499493,false,רקסונה דאודורנט ספריי בניחוח במבוק אלוור,יוניליוור ישראל שיווק בעמ,,,יח`,1.50,"100 מ""ל",false,1,16.30,10.87,true,1,
7290112499509,false,דאודורנט אפרסק ולימון גראס ספריי רקסונה,יוניליוור ישראל שיווק בעמ,,,יח`,1.50,"100 מ""ל",false,1,16.50,11,true,1,
7290112961372,false,חטיפי פריכיות דקות קינמון 60 גר`פיטנס,קבוצת אסם סחר שות. מוגבלת,,,יח`,0.60,100 גרם,false,1,9.90,16.50,false,1,
7290112961440,false,פיטנס בר פריכיות שוקולד מריר 84 גר,קבוצת אסם סחר שות. מוגבלת,,,יח`,0.84,100 גרם,false,1,16.30,19.40,true,1,
7290112961464,false,חטיפי פריכיות דקות מתובלות 60 גר`פיטנס,קבוצת אסם סחר שות. מוגבלת,,,יח`,0.60,100 גרם,false,1,9.90,16.50,false,1,
7290112962287,false,שווארמה טבעונית 450 גר` טבעול,קבוצת אסם סחר שות. מוגבלת,,,יח`,4.50,100 גרם,false,1,34.60,7.69,true,1,
7290112963529,false,מאגדת אקסטרים שוקו וניל 6 יח,נגה גלידות שותפות מוגבלת,,,יח`,4.32,100 גרם,false,1,32.90,7.62,false,1,
7290112963918,false,חטיפי קרקר דק רוזמרין 140 גר` פיטנס,קבוצת אסם סחר שות. מוגבלת,,,יח`,1.40,100 גרם,false,1,12.90,9.21,true,1,
7290112964472,false,רוטב שום לסלט (290 גר`) אסם,קבוצת אסם סחר שות. מוגבלת,,,יח`,2.90,"100 מ""ל",false,1,13.20,4.55,true,1,
7290112964601,false,רוטב בנוסח סצואן 290 מל אסם,קבוצת אסם סחר שות. מוגבלת,,,יח`,2.90,"100 מ""ל",false,1,15.90,5.48,true,1,
7290112964625,false,רוטב שוםלייט לסלט 310 גר` אסם,קבוצת אסם סחר שות. מוגבלת,,,יח`,2.90,"100 מ""ל",false,1,13.20,4.55,true,1,
7290112964724,false,המבורגר טבעוני 580 גר` טבעול,קבוצת אסם סחר שות. מוגבלת,,,יח`,5.04,100 גרם,false,1,34.60,6.87,true,1,
7290112965165,false,מרק נמס בטעם פטריות אסם (24x2 גרם)בדצ,קבוצת אסם סחר שות. מוגבלת,,,יח`,0.48,100 גרם,false,1,6.90,14.38,false,1,
7290112965288,false,מרק נמס בטעם ירקות אסם 52 גר`,קבוצת אסם סחר שות. מוגבלת,,,יח`,0.52,100 גרם,false,1,6.90,13.27,false,1,
7290112965585,false,פסטה קסרצה 500 גר`פרפקטו אסם,קבוצת אסם סחר שות. מוגבלת,,,יח`,5,100 גרם,false,1,8.90,1.78,false,1,
7290112965660,false,חטיף מולטיגריין מלח פלפל( 25 גר`)פיטנס,קבוצת אסם סחר שות. מוגבלת,,,יח`,1,,false,1,5.90,5.90,false,1,
7290112965684,false,חטיף מולטיגריין עשבי תיבול( 25 גר`)פיט,קבוצת אסם סחר שות. מוגבלת,,,יח`,0,100 גרם,false,1,5.90,5.90,false,1,
7290112965745,false,ביסלי פריסטייל בצל מעושן 60 גר` אסם,קבוצת אסם סחר שות. מוגבלת,,,יח`,0.60,100 גרם,false,1,4,6.67,true,1,
7290112965783,false,ביסלי פריסטייל על האש 60 גר` אסם,קבוצת אסם סחר שות. מוגבלת,,,יח`,0.60,100 גרם,false,1,4,6.67,true,1,
7290112966094,false,עוגת הבית בטעם תפוז מופחת סוכראסם (400 ג,קבוצת אסם סחר שות. מוגבלת,,,יח`,4,100 גרם,false,1,12.50,3.13,false,1,
7290112966247,false,לחמית כוסמין 200 גר`אסם,קבוצת אסם סחר שות. מוגבלת,,,יח`,2,100 גרם,false,1,11.20,5.60,true,1,
7290112967114,false,חטיפי פריכיות קטניות ופלפל 60 גר`פיטנס,קבוצת אסם סחר שות. מוגבלת,,,יח`,0.60,100 גרם,false,1,9.90,16.50,false,1,
7290112967381,false,חטיפי פריכיות קטניות ומלח ים 60 גר פיטנס,קבוצת אסם סחר שות. מוגבלת,,,יח`,0.60,100 גרם,false,1,9.90,16.50,false,1,
7290112967572,false,רוטב ברביקיו ( 290 מל) אסם,קבוצת אסם סחר שות. מוגבלת,,,יח`,2.50,100 גרם,false,1,13.20,5.28,true,1,
7290112968203,false,סלט טחינה בלאדי 250 גר`צבר,קבוצת אסם סחר שות. מוגבלת,,,יח`,2.50,100 גרם,false,1,10.90,4.36,false,1,
7290112968524,false,סלט חומוס סמיר 250 גר`צבר,קבוצת אסם סחר שות. מוגבלת,,,יח`,2.50,100 גרם,false,1,10.90,4.36,false,1,
7290112968807,false,חטיפי קרקר דק סלק 140 גר` פיטנס,קבוצת אסם סחר שות. מוגבלת,,,יח`,1.40,100 גרם,false,1,12.90,9.21,true,1,
7290112968821,false,חטיפי קרקר דק בטטה 140 גר` פיטנס,קבוצת אסם סחר שות. מוגבלת,,,יח`,1.40,100 גרם,false,1,12.90,9.21,true,1,
7290113190450,false,ממרח תמרים 450 גר`שקדיה,דין שיווק וקליה 2021 בעמ,,,יח`,4.50,100 גרם,false,1,6.50,1.44,true,1,
7290113190863,false,סילאן טבעי לחיץ 385 גר`שקדיה,דין שיווק וקליה 2021 בעמ,,,יח`,3.85,100 גרם,false,1,15.90,4.13,false,1,
7290113192157,false,אגוז ברזיל קלופיים 150 גר`ששון הקולה,דין שיווק וקליה 2021 בעמ,,,יח`,1.50,100 גרם,false,1,18.90,12.60,false,1,
7290113192164,false,אגוזי קשיו קלופים 150 גר`ששון הקולה,דין שיווק וקליה 2021 בעמ,,,יח`,1.50,100 גרם,false,1,15.90,10.60,false,1,
7290113192171,false,מיקס אגוזים שקדים וחמוציות 150 גר`ששון,דין שיווק וקליה 2021 בעמ,,,יח`,1.50,100 גרם,false,1,15.90,10.60,false,1,
7290113192218,false,פינוק מלבי 500 גר`קרטון שקדיה,דין שיווק וקליה 2021 בעמ,,,יח`,5,100 גרם,false,1,14.90,2.98,false,1,
7290113192300,false,חרוזית מושחר 275 גר`בית השיטה,קבוצת אסם סחר שות. מוגבלת,,,יח`,2.75,100 גרם,false,1,11.50,4.18,false,1,
7290113192317,false,זיתים מושחרים טבעות בית השיטה (280 גרם),קבוצת אסם סחר שות. מוגבלת,,,יח`,2.80,100 גרם,false,1,12,4.29,true,1,
7290113192348,false,זית ירוק טעם שום (34017-19 גר`),קבוצת אסם סחר שות. מוגבלת,,,יח`,3.40,100 גרם,false,1,11.50,3.38,true,1,
7290113192355,false,זיתים חרוזית ירוק A2 בית השיטה,קבוצת אסם סחר שות. מוגבלת,,,יח`,5.60,100 גרם,false,1,11.50,2.05,true,1,
7290113192362,false,זיתים ירוקים טבעות (560 גרם) בית השיטה,קבוצת אסם סחר שות. מוגבלת,,,יח`,5.60,100 גרם,false,1,11.90,2.13,true,1,
7290113192386,false,זיתים סורי מבוקע A2 בית השיטה,קבוצת אסם סחר שות. מוגבלת,,,יח`,5.60,100 גרם,false,1,11.90,2.13,false,1,
7290113192393,false,קוקטייל זיתים בית השיטה (336 גרם),קבוצת אסם סחר שות. מוגבלת,,,יח`,3.36,100 גרם,false,1,12.90,3.84,false,1,
7290113192478,false,מלפפון במלח 10-12 A2 בית השיטה,קבוצת אסם סחר שות. מוגבלת,,,יח`,3.20,100 גרם,false,1,8.40,2.63,true,1,
7290113192485,false,מלפפון בחומץ 10-12 A2 בית השיטה( 290 גר,קבוצת אסם סחר שות. מוגבלת,,,יח`,2.90,100 גרם,false,1,8.40,2.90,true,1,
7290113192492,false,מלפפון בחומץ 13-17 A2 בית השיטה( 290 ג,קבוצת אסם סחר שות. מוגבלת,,,יח`,3.20,100 גרם,false,1,10.90,3.41,false,1,
7290113192508,false,מלפפון במלח 13-17 A2 בית השיטה( 320 גר`,קבוצת אסם סחר שות. מוגבלת,,,יח`,3.20,100 גרם,false,1,10.90,3.41,false,1,
7290113192515,false,מלפפון במלח 18-25 A2 בית השיטה( 320 גר`,קבוצת אסם סחר שות. מוגבלת,,,יח`,3.20,100 גרם,false,1,13.50,4.22,false,1,
7290113192522,false,מלפפון בחומץ 18-25 A2 בית השיטה( 320 גר,קבוצת אסם סחר שות. מוגבלת,,,יח`,3.20,100 גרם,false,1,13.50,4.22,false,1,
7290113192553,false,מלפפון במלח בלאדי 13-17 בית השיטה( 320,קבוצת אסם סחר שות. מוגבלת,,,יח`,3.20,100 גרם,false,1,10.90,3.41,false,1,
7290113192577,false,כרוב כבוש בית השיטה (430 גר`),קבוצת אסם סחר שות. מוגבלת,,,יח`,4.30,100 גרם,false,1,8.90,2.07,false,1,
7290113192881,false,טורטיה חיטה מופחת קלוריות 270 גר,דין שיווק וקליה 2021 בעמ,,,יח`,2.70,100 גרם,false,1,10.90,4.04,true,1,
7290113192997,false,זית מרוקאי 340 גר`בית השיטה,קבוצת אסם סחר שות. מוגבלת,,,יח`,3.40,100 גרם,false,1,12.90,3.79,false,1,
7290113193000,false,פלפל שיפקונית 230 גר` בית השיטה,קבוצת אסם סחר שות. מוגבלת,,,יח`,2.30,100 גרם,false,1,10.90,4.74,true,1,
7290113194090,false,טבעות קלמטה 280 גר`בית השיטה,קבוצת אסם סחר שות. מוגבלת,,,יח`,2.80,100 גרם,false,1,11.90,4.25,false,1,
7290113195073,false,חלבה טורקית עם פיסטוקים 400 גר` שקדיה,דין שיווק וקליה 2021 בעמ,,,יח`,4,100 גרם,false,1,15.90,3.98,true,1,
7290113195967,false,שיבולת שועל 500 גרם פחית שקדיה,דין שיווק וקליה 2021 בעמ,,,יח`,5,100 גרם,false,1,10.90,2.18,true,1,
7290113196001,false,פסטה ספגטי שקדיה 500 גר` .,דין שיווק וקליה 2021 בעמ,,,יח`,5,100 גרם,false,1,4.90,0.98,true,1,
7290113196018,false,פסטה ביסלי שקדיה 500 גר`.,דין שיווק וקליה 2021 בעמ,,,יח`,5,100 גרם,false,1,4.90,0.98,true,1,
7290113196025,false,פסטה צינורות שקדיה 500 גר` .,דין שיווק וקליה 2021 בעמ,,,יח`,5,100 גרם,false,1,4.90,0.98,true,1,
7290113196032,false,פסטה צדפים שקדיה 500 גר` .,דין שיווק וקליה 2021 בעמ,,,יח`,5,100 גרם,false,1,4.90,0.98,true,1,
7290113196490,false,פרכיות כוסמת צ`יה במליחות עדינה 150 גר`,דין שיווק וקליה 2021 בעמ,,,יח`,1.50,100 גרם,false,1,11.90,7.93,true,1,
7290113196506,false,פרכיות כוסמת ללא מלח 150 גר`,דין שיווק וקליה 2021 בעמ,,,יח`,1.50,100 גרם,false,1,11.90,7.93,true,1,
7290113196896,false,תרסיס שמן זית 170 מל שקדיה,דין שיווק וקליה 2021 בעמ,,,יח`,1.70,"100 מ""ל",false,1,13.90,8.18,true,1,
7290113198562,false,סוכריות גומי בטעם תות שדה 200 גר`,דין שיווק וקליה 2021 בעמ,,,יח`,2,100 גרם,false,1,10.90,5.45,true,1,
7290113199675,false,גרנולה שיבולת שועל עם צימוק אגוז ושקד 50,דין שיווק וקליה 2021 בעמ,,,יח`,5,100 גרם,false,1,13.90,2.78,false,1,
7290113199682,false,גרנולה שיבולת שועל עם פירות יבשים מסוכרי,דין שיווק וקליה 2021 בעמ,,,יח`,5,100 גרם,false,1,13.90,2.78,false,1,
7290113199705,false,מוזלי פירות יבשים 500 גר`,דין שיווק וקליה 2021 בעמ,,,יח`,5,100 גרם,false,1,13.90,2.78,false,1,
7290113199910,false,סוכריות חמצוצים בטעם קולה 180 גר`,דין שיווק וקליה 2021 בעמ,,,יח`,1.80,100 גרם,false,1,10.90,6.06,true,1,
7290113199934,false,סוכריות חמצוצים בטעם אוכמניות 180 גר`,דין שיווק וקליה 2021 בעמ,,,יח`,1.80,100 גרם,false,1,10.90,6.06,true,1,
7290114310239,false,חלב נטול לקטוז מעושר( 1.5 ליטר)בויטמין,החב` המרכזית - טרה,,,יח`,0.0150,"100 מ""ל",false,1,12.50,833.33,false,1,
7290114310338,false,צפתית מעודנת (2255% גר`)משק צוריאל,החב` המרכזית - טרה,,,יח`,2.55,100 גרם,false,1,19.10,7.49,false,1,
7290114310536,false,יוגורט מולר אקטיב וניל חלבון 25 גר`,החב` המרכזית - טרה,,,יח`,2,100 גרם,false,1,6.20,3.10,true,1,
7290114310611,false,משקה חלב בננה בבקבוק 250 מל טרה,החב` המרכזית - טרה,,,יח`,2.50,"100 מ""ל",false,1,5.20,2.08,false,1,
7290114311014,false,אייס קפוצ`ינו פקק ספורט 250 מל טרה,החב` המרכזית - טרה,,,יח`,2.50,"100 מ""ל",false,1,5.20,2.08,false,1,
7290114311038,false,שמנת מתוקה 32% בבקבוק 250 מל טרה,החב` המרכזית - טרה,,,יח`,2.50,"100 מ""ל",false,1,6.90,2.76,false,1,
7290114311069,false,יוגורט מולר אקטיב 0% לבן חלבון 25 גר,החב` המרכזית - טרה,,,יח`,2,100 גרם,false,1,6.20,3.10,true,1,
7290114311298,false,קציפת תות בננה מלון מולר פרופ 150 גר`,החב` המרכזית - טרה,,,יח`,1.50,"100 מ""ל",false,1,5.30,3.53,false,1,
7290114311304,false,קציפת מנגו פסיפלורה בננה מולר פרופ 150 ג,החב` המרכזית - טרה,,,יח`,1.50,"100 מ""ל",false,1,5.30,3.53,false,1,
7290114311328,false,חלב נטול לקטוז מועשר בוויטמין D טרה,החב` המרכזית - טרה,,,יח`,1,1 ליטר,false,1,7.50,7.50,false,1,
7290114311458,false,חלב קרטון 3% מועשר ויטמין די 1 ליטר,החב` המרכזית - טרה,,,יח`,1,1 ליטר,false,1,7.10,7.10,false,1,
7290114600927,false,עלי טורטיה חיטה מלאה 320 גר`מאסטר שף,ש.שסטוביץ בעמ,,,יח`,3.20,100 גרם,false,1,11.20,3.50,false,1,
7290114600941,false,מאסטר שף מיונז לחיץ 435 גר`,ש.שסטוביץ בעמ,,,יח`,4.35,100 גרם,false,1,15.90,3.66,false,1,
7290114603539,false,קרוטונים למרק שום בצל 350 גר`מאסטר שף,ש.שסטוביץ בעמ,,,יח`,3.50,100 גרם,false,1,19.90,5.69,false,1,
7290114604895,false,ממרח ספייסי לחיץ 446 גר`מאסטר שף,ש.שסטוביץ בעמ,,,יח`,4.46,100 גרם,false,1,15.90,3.57,false,1,
7290114604901,false,ממרח שום לחיץ 444 גר`מאסטר שף,ש.שסטוביץ בעמ,,,יח`,4.44,100 גרם,false,1,15.90,3.58,false,1,
7290114606530,false,רוטב בטעם מיונז וקטשופ 515 גרם מאסטר שף,ש.שסטוביץ בעמ,,,יח`,5.15,100 גרם,false,1,15.90,3.09,false,1,
7290114606547,false,מיונז עם פטריות כמהין 242 גר`מאסטר שף,ש.שסטוביץ בעמ,,,יח`,2.42,100 גרם,false,1,15.90,6.57,false,1,
7290114606554,false,מיונז לייט לחיץ 470 גרם מאסטר שף,ש.שסטוביץ בעמ,,,יח`,4.70,100 גרם,false,1,15.90,3.38,false,1,
7290114750820,false,דאו ג`ילט קליר גל מארז זוג Arctic lce,דיפלומט מפיצים (1968) בעמ,,,יח`,1,,false,1,27.90,27.90,true,1,
7290115190014,false,מרלבורו רד חפיסה) (20,פיליפ מוריס בעמ,,,יח`,1,,false,1,38.50,38.50,true,1,
7290115190076,false,מרלבורו גולד 100 חפיסה) (20,פיליפ מוריס בעמ,,,יח`,1,,false,1,38.50,38.50,true,1,
7290115190090,false,מרלבורו גולד חפיסה) (20,פיליפ מוריס בעמ,,,יח`,1,,false,1,38.50,38.50,true,1,
7290115190137,false,מרלבורו גולדפין טאצ`בודד,פיליפ מוריס בעמ,,,יח`,1,,false,1,33.50,33.50,true,1,
7290115190151,false,מרלבורו גולד טאצ`בודד,פיליפ מוריס בעמ,,,יח`,1,,false,1,33.50,33.50,true,1,
7290115190236,false,פרלמנט קצר בלו בודד,פיליפ מוריס בעמ,,,יח`,1,,false,1,43.50,43.50,true,1,
7290115190250,false,פרלמנט קצר בודד,פיליפ מוריס בעמ,,,יח`,1,,false,1,43.50,43.50,true,1,
7290115190274,false,פרלמנט סילבר בודד,פיליפ מוריס בעמ,,,יח`,1,,false,1,43.50,43.50,true,1,
7290115190335,false,ל.מ. בלו לייבל ארוך בודד,פיליפ מוריס בעמ,,,יח`,1,,false,1,33,33,true,1,
7290115190359,false,אל.אמ בלו לייבל קצר חפיסה) (20,פיליפ מוריס בעמ,,,יח`,1,,false,1,33,33,true,1,
7290115190458,false,נקסט אדג`בודד,פיליפ מוריס בעמ,,,יח`,1,,false,1,29.50,29.50,true,1,
7290115190472,false,נקסט אדג`בודד,פיליפ מוריס בעמ,,,יח`,1,,false,1,29.50,29.50,true,1,
7290115190519,false,נקסט לייט חפיסה) (20,פיליפ מוריס בעמ,,,יח`,1,,false,1,32,32,true,1,
7290115190571,false,נקסט לילך,פיליפ מוריס בעמ,,,יח`,1,,false,1,32,32,true,1,
7290115190595,false,נקסט FF בודד,פיליפ מוריס בעמ,,,יח`,1,,false,1,32,32,true,1,
7290115191035,false,מרלבורו סאמר ספלאש בודד,פיליפ מוריס בעמ,,,יח`,1,,false,1,35,35,true,1,
7290115191073,false,נקסט ריץ`ריסס בודד,פיליפ מוריס בעמ,,,יח`,1,,false,1,26.50,26.50,true,1,
7290115200041,false,קטשופ אסם טוסט (750 גרם),קבוצת אסם סחר שות. מוגבלת,,,יח`,7.50,100 גרם,false,1,11.20,1.49,false,1,
7290115200676,false,קרמוגית קרמל מלוח 200 גר` אסם,קבוצת אסם סחר שות. מוגבלת,,,יח`,2,100 גרם,false,1,13.20,6.60,false,1,
7290115200713,false,במבה קלאסי מארז אחיד 5*50 גר` אסם,קבוצת אסם סחר שות. מוגבלת,,,יח`,2.50,100 גרם,false,1,14.90,5.96,true,1,
7290115201680,false,ביסלי חטיף בטעם ברביקין אסם (70 גרם),קבוצת אסם סחר שות. מוגבלת,,,יח`,0.70,100 גרם,false,1,4,5.71,true,1,
7290115201703,false,ביסלי חטיף בטעם ברביקין אסם (200 גרם),קבוצת אסם סחר שות. מוגבלת,,,יח`,2,100 גרם,false,1,9.10,4.55,true,1,
7290115201741,false,ביסלי חטיף בטעם בצל אסם (70 גרם),קבוצת אסם סחר שות. מוגבלת,,,יח`,0.70,100 גרם,false,1,4,5.71,true,1,
7290115202762,false,מיני ניוקי טריקולור 500 גרם פרפקטו אסם,קבוצת אסם סחר שות. מוגבלת,,,יח`,5,100 גרם,false,1,9.90,1.98,false,1,
7290115202816,false,מנה חמה פאוצ`נודלס אטריות טעם עוף,קבוצת אסם סחר שות. מוגבלת,,,יח`,0.70,100 גרם,false,1,4.50,6.43,false,1,
7290115203134,false,חטיף פופקו פופקורן במבה אסם (80 גרם),קבוצת אסם סחר שות. מוגבלת,,,יח`,0.80,100 גרם,false,1,6.10,7.63,true,1,
7290115203172,false,במבה פרו 80 גר`,קבוצת אסם סחר שות. מוגבלת,,,יח`,0.80,100 גרם,false,1,4.30,5.38,true,1,
7290115203486,false,פירורית טעם ביסלי גריל אסם (200 גרם),קבוצת אסם סחר שות. מוגבלת,,,יח`,2,100 גרם,false,1,7.50,3.75,false,1,
7290115204056,false,קטשופ 56% פחות סוכר 690 גרם אסם,קבוצת אסם סחר שות. מוגבלת,,,יח`,6.90,100 גרם,false,1,12.20,1.77,false,1,
7290115204186,false,צבר פסטו 190 גר`,קבוצת אסם סחר שות. מוגבלת,,,יח`,1.90,100 גרם,false,1,17.90,9.42,true,1,
7290115205176,false,חטיפי קרקר כפרי 140 גר` פיטנס,קבוצת אסם סחר שות. מוגבלת,,,יח`,1.40,100 גרם,false,1,12.90,9.21,true,1,
7290115205312,false,חטיפי קרקר זיתים 140 גר` thin deli פיטנס,קבוצת אסם סחר שות. מוגבלת,,,יח`,1.40,100 גרם,false,1,12.90,9.21,true,1,
7290115205527,false,חטיף מולטיגריין עם עדשים( 25 גר`)פיטנס,קבוצת אסם סחר שות. מוגבלת,,,יח`,0.25,100 גרם,false,1,5.90,23.60,false,1,
7290115205541,false,חטיף מולטיגריין עם חומוס( 25 גר`)פיטנס,קבוצת אסם סחר שות. מוגבלת,,,יח`,0.25,100 גרם,false,1,5.90,23.60,false,1,
7290115205619,false,פתי בר פינוקי עוגת גבינה 220 גר`אסם,קבוצת אסם סחר שות. מוגבלת,,,יח`,2.20,100 גרם,false,1,11.90,5.41,false,1,
7290115205978,false,פתי בר אצבעות שוקולד 180 גר`אסם,קבוצת אסם סחר שות. מוגבלת,,,יח`,1.80,100 גרם,false,1,13.20,7.33,true,1,
7290115206135,false,ארוחת קינואה 450 גר` טבעול גורמה,קבוצת אסם סחר שות. מוגבלת,,,יח`,4.50,100 גרם,false,1,35.90,7.98,true,1,
7290115207507,false,צבר סלט טורקי 360 גר`,קבוצת אסם סחר שות. מוגבלת,,,יח`,3.60,100 גרם,false,1,17.30,4.81,false,1,
7290115207682,false,רוטב סויה בסגנון סיני אסם (290 מל),קבוצת אסם סחר שות. מוגבלת,,,יח`,2.90,"100 מ""ל",false,1,13.20,4.55,true,1,
7290115208009,false,ויטמינצ`יק ענבים 1 ליטר,קבוצת אסם סחר שות. מוגבלת,,,יח`,10,"100 מ""ל",false,1,20.90,2.09,false,1,
7290115208320,false,אפרופו טעם ביסלי בצלאסם (50 גרם),קבוצת אסם סחר שות. מוגבלת,,,יח`,0.50,100 גרם,false,1,5.70,11.40,true,1,
7290115208344,false,בייגלה כפיות שמנת בצל אסם (300 גרם),קבוצת אסם סחר שות. מוגבלת,,,יח`,3,100 גרם,false,1,10.10,3.37,true,1,
7290115208597,false,קרמוגית מיניס קרמל מלוח 200 גר` אסם,קבוצת אסם סחר שות. מוגבלת,,,יח`,2,100 גרם,false,1,13.20,6.60,false,1,
7290115208849,false,מנה חמה פירה עם בטטה אסם 51 גרם),קבוצת אסם סחר שות. מוגבלת,,,יח`,1,,false,1,7.50,7.50,true,1,
7290115209198,false,במבה אורירית 80 גר` אסם,קבוצת אסם סחר שות. מוגבלת,,,יח`,0.80,100 גרם,false,1,4.40,5.50,true,1,
7290115209235,false,ביסקוויט פתי בר קפה אסם (500 גרם),קבוצת אסם סחר שות. מוגבלת,,,יח`,5,100 גרם,false,1,12.90,2.58,false,1,
7290115209358,false,במבה במילוי בראוניז אסם (60 גרם),קבוצת אסם סחר שות. מוגבלת,,,יח`,0.60,100 גרם,false,1,4.40,7.33,true,1,
7290115209372,false,במבה במילוי בראוניז 150 גר`אסם,קבוצת אסם סחר שות. מוגבלת,,,יח`,1.50,100 גרם,false,1,10.90,7.27,false,1,
7290115403367,false,עוגיותקוואקר פריכות 500 גר,שיבולים יצור ושיווק מוצרי מאפה,,,יח`,5,100 גרם,false,1,15.90,3.18,false,1,
7290115403442,false,עוגיות ממולאות טעם שוקולד 500 גר`,שיבולים יצור ושיווק מוצרי מאפה,,,יח`,5,100 גרם,false,1,15.90,3.18,false,1,
7290115403527,false,עוגיות עינוגי תמרים 500 גר`,שיבולים יצור ושיווק מוצרי מאפה,,,יח`,5,100 גרם,false,1,15.90,3.18,false,1,
7290115670677,false,אנרג`י גרנולה פירות טרופיים 400 גרם,שטראוס גרופ בעמ,,,יח`,4,100 גרם,false,1,13.90,3.48,false,1,
7290115670684,false,אנרג`י גרנולה אגוזים 400 גרם,שטראוס גרופ בעמ,,,יח`,4,100 גרם,false,1,13.90,3.48,false,1,
7290115671223,false,מסטיק מאסט פאן אבטיח מנגו (58 גרם),שטראוס גרופ בעמ,,,יח`,1,,false,1,11.50,11.50,true,1,
7290115671421,false,פולי אספרו עשירים וארומטיים עוצמה (10 2,שטראוס גרופ בעמ,,,יח`,2.50,100 גרם,false,1,20.90,8.36,false,1,
7290115675696,false,קוואקר דגני בוקר קרנצי`ם ואגוזים 375 גרם,שטראוס פריטו ליי בעמ,,,יח`,3.75,100 גרם,false,1,20.90,5.57,true,1,
7290115675702,false,קוואקר דגני בוקר קרנצי`ם ופירות 375 גרם,שטראוס פריטו ליי בעמ,,,יח`,3.75,100 גרם,false,1,20.90,5.57,true,1,
7290115675986,false,דנונה בר עם אגוזים מקורמלים 173 גרם,שטראוס גרופ בעמ/מצונן,,,יח`,1.73,"100 מ""ל",false,1,4.50,2.60,false,1,
7290115676051,false,אקטיביה משקה מתיקות מעודנת+ש. שועל 265מל,שטראוס גרופ בעמ/מצונן,,,יח`,2.65,"100 מ""ל",false,1,4.90,1.85,false,1,
7290115676082,false,משקה דנונה פרו תות,שטראוס גרופ בעמ/מצונן,,,יח`,2.25,100 גרם,false,1,6.90,3.07,false,1,
7290115676099,false,משקה דנונה פרו וניל,שטראוס גרופ בעמ/מצונן,,,יח`,2.25,100 גרם,false,1,6.90,3.07,false,1,
7290115677966,false,ממרח אבוקדו 200 גר`טעם הטבע,שטראוס גרופ בעמ/מצונן,,,יח`,2,100 גרם,false,1,14.90,7.45,false,1,
7290115678222,false,מארז דנונה יווני שמינייה 6.5%,שטראוס גרופ בעמ/מצונן,,,יח`,10,"100 מ""ל",false,1,25.90,2.59,false,1,
7290115678376,false,מעדן הגולן שוקולד 125 גרם,שטראוס גרופ בעמ/מצונן,,,יח`,1,,false,1,2.90,2.90,true,1,
7290115678383,false,מעדן הגולן שוקולד מריר 125 גרם,שטראוס גרופ בעמ/מצונן,,,יח`,1,,false,1,2.90,2.90,true,1,
7290115678598,false,חסה אייסברג חיתוך גס 300 שטראוס טעם הטבע,שטראוס גרופ בעמ/מצונן,,,יח`,3,100 גרם,false,1,9.30,3.10,false,1,
7290115678635,false,נשנושי גבינה 16% עם חטיף אפוי עם כעכים ש,שטראוס גרופ בעמ/מצונן,,,יח`,0.67,100 גרם,false,1,9.90,14.78,true,1,
7290115678642,false,נשנושי גבינה 16% עם חטיף אפוי עם זיתים,שטראוס גרופ בעמ/מצונן,,,יח`,0.67,100 גרם,false,1,9.90,14.78,true,1,
7290116530185,false,דלישקד קרמל מלוח תלמה (400 גרם),יוניליוור ישראל שיווק בעמ,,,יח`,4,100 גרם,false,1,24.40,6.10,true,1,
7290116530314,false,קליק כריות דאבל בלק שוקולד לבן 65גר,יוניליוור ישראל שיווק בעמ,,,יח`,0.65,100 גרם,false,1,6.90,10.62,true,1,
7290116530321,false,קליק כריות דאבל בלק שוקולד חלב 65גר,יוניליוור ישראל שיווק בעמ,,,יח`,0.65,100 גרם,false,1,6.90,10.62,true,1,
7290116530871,false,נשנושים מיקס 240 גר`,יוניליוור ישראל שיווק בעמ,,,יח`,2.40,100 גרם,false,1,14.50,6.04,true,1,
7290116531090,false,דגדג חטיף אפוי במליחות מעודנת 250 גר`,יוניליוור ישראל שיווק בעמ,,,יח`,2.50,100 גרם,false,1,10.90,4.36,true,1,
7290116531656,false,מרכך פינוק לשיער בניחוח תפוח (700 מל),יוניליוור ישראל שיווק בעמ,,,יח`,7,"100 מ""ל",false,1,13.50,1.93,true,1,
7290116531748,false,חטיף כדורים מעורב חום לבן 65 גר`קליק,יוניליוור ישראל שיווק בעמ,,,יח`,0.65,100 גרם,false,1,6.90,10.62,true,1,
7290116531779,false,בדין דפי מרכך למייבש כחול,יוניליוור ישראל שיווק בעמ,,,יח`,1,,false,1,19.50,19.50,true,1,
7290116532035,false,חטיף קליק קורנפלקס 65 גר`כשל,יוניליוור ישראל שיווק בעמ,,,יח`,0.65,100 גרם,false,1,6.90,10.62,true,1,
7290116532042,false,חטיף קליק כריות 65 גר`כשלפ,יוניליוור ישראל שיווק בעמ,,,יח`,0.65,100 גרם,false,1,6.90,10.62,true,1,
7290116532721,false,רוטב לסלט לימון וזעתר 295 גרם,יוניליוור ישראל שיווק בעמ,,,יח`,2.95,"100 מ""ל",false,1,13.90,4.71,false,1,
7290116532738,false,רוטב איטלקי 295 גר`הלמנס,יוניליוור ישראל שיווק בעמ,,,יח`,2.95,"100 מ""ל",false,1,13.90,4.71,false,1,
7290116532882,false,נישנושים איירביס טעם בצל 155 גר`,יוניליוור ישראל שיווק בעמ,,,יח`,1.55,100 גרם,false,1,14.50,9.35,false,1,
7290116532905,false,נישנושים איירביס טעם ברביקיו 155 גר`,יוניליוור ישראל שיווק בעמ,,,יח`,1.55,100 גרם,false,1,14.50,9.35,false,1,
7290116930282,false,ארוחה בקטנה לאבנה עם קרקרים 150 גר`,תנובה - חלב,,,יח`,1.50,100 גרם,false,1,7.90,5.27,false,1,
7290116930435,false,יוגורט גו סמיך דובדבן 0% שומן 200 גרם,תנובה - חלב,,,יח`,2,100 גרם,false,1,5.90,2.95,false,1,
7290116930466,false,יופלה שייק בננה פסיפלורה והל 230 מל,תנובה - חלב,,,יח`,2.30,"100 מ""ל",false,1,7.90,3.43,false,1,
7290116930657,false,משקה חלב גו בטעם בננה תמר 340 מל,תנובה - חלב,,,יח`,3.40,100 גרם,false,1,8.90,2.62,false,1,
7290116930701,false,מעדן חלב גו בטעם קרמל מלוח 120 גר`,תנובה - חלב,,,יח`,1.20,100 גרם,false,1,4.90,4.08,false,1,
7290116930718,false,מעדן דיאט בטעם שוקולד קרמל מלוח 0% תנובה,תנובה - חלב,,,יח`,1.50,"100 מ""ל",false,1,4,2.67,false,1,
7290116930725,false,סויה BIO קוקוס גביע 150 גרם Alternative,תנובה - חלב,,,יח`,1.50,100 גרם,false,1,4.50,3,false,1,
7290116930954,false,יוגורט ביו 3% פאי תפוחים (150גרם),תנובה - חלב,,,יח`,1.50,"100 מ""ל",false,1,5.20,3.47,false,1,
7290116931074,false,צהובה פרוסות טל העמק 32% 300 גר,תנובה - חלב,,,יח`,3,100 גרם,false,1,26.90,8.97,false,1,
7290116931081,false,מעדן סויה בטעם טופי קרמל 125 גר`,תנובה - חלב,,,יח`,1.25,100 גרם,false,1,4.60,3.68,false,1,
7290116931104,false,יוגורט גו סמיך אננס 0% שומן 200 גרם,תנובה - חלב,,,יח`,2,100 גרם,false,1,5.90,2.95,false,1,
7290117260487,false,ניוקי תפוא מצונן 500 גר ויליפוד,ג.וילי-פוד אינטרנשיונל **גבינו,,,יח`,5,100 גרם,false,1,10.90,2.18,false,1,
7290117260494,false,ניוקי תפוא 3 צבעים מצונן 500 גר ויליפוד,ג.וילי-פוד אינטרנשיונל **גבינו,,,יח`,5,100 גרם,false,1,10.90,2.18,false,1,
7290117260500,false,מיני ניוקי תפוא מצונן 500 גר ויליפוד,ג.וילי-פוד אינטרנשיונל **גבינו,,,יח`,5,100 גרם,false,1,10.90,2.18,false,1,
7290117260562,false,חמאה בגביע יורו 225 גר`,ג.וילי-פוד אינטרנשיונל **גבינו,,,יח`,2.50,100 גרם,false,1,17.90,7.16,false,1,
7290117260890,false,פופקורן בטעם קוקוס 90 גר`,ג.וילי-פוד אינטרנשיונל בעמ,,,יח`,0.90,100 גרם,false,1,6.90,7.67,true,1,
7290117261040,false,זיתים שחורים מרינד 454 גר`,ג.וילי-פוד אינטרנשיונל בעמ,,,יח`,4.54,100 גרם,false,1,16.30,3.59,false,1,
7290117261354,false,גבינת ריקוטה 5% 200 גר`,ג.וילי-פוד אינטרנשיונל **גבינו,,,יח`,2,100 גרם,false,1,10.90,5.45,true,1,
7290117261361,false,גבינת ריקוטה 5% 400 גר`,ג.וילי-פוד אינטרנשיונל **גבינו,,,יח`,4,100 גרם,false,1,20.90,5.23,false,1,
7290117261415,false,יוגורט פרוביוטי 2.7% 125 גר`,ג.וילי-פוד אינטרנשיונל **גבינו,,,יח`,1.25,"100 מ""ל",false,1,3.90,3.12,false,1,
7290117261514,false,סלמון אטלנטי בשמן קנולה ולימון 120 גר`,ג.וילי-פוד אינטרנשיונל בעמ,,,יח`,1.20,100 גרם,false,1,12.90,10.75,true,1,
7290117261521,false,סלמון אטלנטי בשמן קנולה 120 גר`,ג.וילי-פוד אינטרנשיונל בעמ,,,יח`,1.20,100 גרם,false,1,12.90,10.75,true,1,
7290117261545,false,סלמון אטלנטי ברוטב טריאקי 120 גר`,ג.וילי-פוד אינטרנשיונל בעמ,,,יח`,1.20,100 גרם,false,1,12.90,10.75,true,1,
7290117261552,false,סלמון אטלנטי ברוטב עגבניות 120 גר`,ג.וילי-פוד אינטרנשיונל בעמ,,,יח`,1.20,100 גרם,false,1,12.90,10.75,true,1,
7290117261927,false,גבנית פקורינו מחלב כבשים 36% שומן 150 גר,ג.וילי-פוד אינטרנשיונל **גבינו,,,יח`,1.50,100 גרם,false,1,20.90,13.93,false,1,
7290117262221,false,משקה יוגורט פרוביוטי עם אננס 200 מל 2.3,ג.וילי-פוד אינטרנשיונל **גבינו,,,יח`,2,"100 מ""ל",false,1,4.90,2.45,true,1,
7290117262238,false,משקה יוגורט פרוביוטי בטעם תות שדה 200 מ,ג.וילי-פוד אינטרנשיונל **גבינו,,,יח`,2,"100 מ""ל",false,1,4.90,2.45,true,1,
7290117262245,false,משקה יוגורט פרוביוטי עם אפרסק ומשמש 200,ג.וילי-פוד אינטרנשיונל **גבינו,,,יח`,2,"100 מ""ל",false,1,4.90,2.45,true,1,
7290117263020,false,משקה יוגורט פרוביוטי פירות יער 200 מל,ג.וילי-פוד אינטרנשיונל **גבינו,,,יח`,2,"100 מ""ל",false,1,4.90,2.45,true,1,
7290117382318,false,סלים דליס פרו 33 חטיף חלבון מצופה שוקו,ש.שסטוביץ בעמ,,,יח`,0.60,100 גרם,false,1,11.90,19.83,true,1,
7290117383735,false,פלמוליב תחליב רחצה חימר ורדים 750מל זוג,ש.שסטוביץ בעמ,,,יח`,15,"100 מ""ל",false,1,30,2,true,1,
7290117900963,false,בוטנים קלויים 270גר ששון הקולה,דין שיווק וקליה 2021 בעמ,,,יח`,2.70,100 גרם,false,1,10,3.70,false,1,
7290117900970,false,שקדים קלויים 180 גר ששון הקולה,דין שיווק וקליה 2021 בעמ,,,יח`,1.80,100 גרם,false,1,15,8.33,false,1,
7290117900987,false,אגוז פקאן קלוף 140 גר ששון הקולה,דין שיווק וקליה 2021 בעמ,,,יח`,1.40,100 גרם,false,1,15,10.71,false,1,
7290117901014,false,אגוזי קשיו קלויים 160 גר ששון הקולה,דין שיווק וקליה 2021 בעמ,,,יח`,1.60,100 גרם,false,1,15,9.38,false,1,
7290117901021,false,קבוקים בוטנים מצופים 220גר,דין שיווק וקליה 2021 בעמ,,,יח`,2.20,100 גרם,false,1,10,4.55,false,1,
7290117901038,false,אגוזי מלך קלופים 190 גר ששון הקולה,דין שיווק וקליה 2021 בעמ,,,יח`,1.90,100 גרם,false,1,15,7.89,false,1,
7290117901045,false,בוטן רביולי 200 גר`ששון הקולה,דין שיווק וקליה 2021 בעמ,,,יח`,2,100 גרם,false,1,15,7.50,false,1,
7290117901052,false,שקדים קלופים 180 גר ששון הקולה,דין שיווק וקליה 2021 בעמ,,,יח`,1.80,100 גרם,false,1,15,8.33,false,1,
7290117901175,false,שקדים קלופים 250 גר`שקדיה,דין שיווק וקליה 2021 בעמ,,,יח`,2.50,100 גרם,false,1,20,8,false,1,
7290117901182,false,בוטן קליפה קלוי 350 גר`שקדיה,דין שיווק וקליה 2021 בעמ,,,יח`,3.50,100 גרם,false,1,10,2.86,false,1,
7290118420071,false,במבה ביסלי ברבקיו מיקס 80 גר`,קבוצת אסם סחר שות. מוגבלת,,,יח`,0.80,100 גרם,false,1,4.40,5.50,true,1,
7290118420378,false,פתי בר פינוקים תותים בשמנת 220 גר`אסם,קבוצת אסם סחר שות. מוגבלת,,,יח`,2.20,100 גרם,false,1,13.20,6,true,1,
7290118420415,false,קטשופ אסם קלאסי (750 גרם)היתר מכירה,קבוצת אסם סחר שות. מוגבלת,,,יח`,7.50,100 גרם,false,1,11.90,1.59,false,1,
7290118420477,false,בייגלה שטוחים טעם ביסלי בצל אסם (300 גרם,קבוצת אסם סחר שות. מוגבלת,,,יח`,3,100 גרם,false,1,10.10,3.37,false,1,
7290118420514,false,פודינג בטעם נוגט 75 גר`אסם,קבוצת אסם סחר שות. מוגבלת,,,יח`,1,,false,1,5.90,5.90,false,1,
7290900010367,false,טורטיה 360 גר AVEL,אבאל יזמות בעמ,,,יח`,3.60,100 גרם,false,1,9.90,2.75,true,1,
7297488098152,false,קמח חומוס ללא גלוטן דגש 500 גרם,נטורפוד בעמ,,,יח`,5,100 גרם,false,1,15.80,3.16,false,1,
7297488098305,false,קמח שקדים דגש 250 גרם,נטורפוד בעמ,,,יח`,2.50,100 גרם,false,1,26.50,10.60,false,1,
7394376123337,false,משקה שיבולת שועל אורגני 1 ליטר אוטלי,ש.שסטוביץ בעמ,,,יח`,1,1 ליטר,false,1,14.90,14.90,false,1,
7394376615825,false,משקה שיבולת שועל מועשר בסידן ווטימינים 1,ש.שסטוביץ בעמ,,,יח`,1,1 ליטר,false,1,14.90,14.90,false,1,
7394376615832,false,משקה שיבולת שועל בטעם שוקולד 1 ליטר אוטל,ש.שסטוביץ בעמ,,,יח`,1,1 ליטר,false,1,16.90,16.90,false,1,
7394376616778,false,משקה שיבולת שועל להקפצה בריסטה 1 ליטר או,ש.שסטוביץ בעמ,,,יח`,1,1 ליטר,false,1,16.90,16.90,false,1,
7501013101362,false,ג`ומקס משקה קוקו,טמפו משקאות בעמ,,,יח`,4.73,"100 מ""ל",false,1,8.90,1.82,true,1,
7501013122190,false,משקה תפוחים קרטונית ליטר גו`מקס,טמפו משקאות בעמ,,,יח`,1,1 ליטר,false,1,10.60,10.60,false,1,
7501064191398,false,בירה קורונה 355 מל בקבוק שישייה,תימקו בירה בעמ,,,יח`,2.13,1 ליטר,false,1,35.90,16.01,true,1,
7509546057545,false,ליידי ספיד סטיק פרו 5 סטיק,ש.שסטוביץ בעמ,,,יח`,0.45,100 גרם,false,1,23.90,53.11,true,1,
7509546678702,false,קולגייט טוטאל משחת שיניים אנטי טרטר 100,ש.שסטוביץ בעמ,,,יח`,1,"100 מ""ל",false,1,17.90,17.90,true,1,
7610100034084,false,מיונז טומי שפורפרת 265 גר,ליימן שליסל בעמ,,,יח`,2.65,100 גרם,false,1,14.20,5.36,false,1,
7610243004463,false,דורגול מרסס מסיר אבנית יעקבי (600 מל),יעקב יעקבי ובניו בעמ,,,יח`,6,"100 מ""ל",false,1,21.40,3.57,false,1,
7610400014649,false,לינדט לינדור טבלאה קוביות במילוי קרם שוק,משה סידס ובנו בעמ,,,יח`,1,100 גרם,false,1,16.60,16.60,true,1,
7610400068369,false,לינדט לינדור טבלאה קוביות במילוי קרם ושב,משה סידס ובנו בעמ,,,יח`,1,100 גרם,false,1,16.60,16.60,true,1,
7610400074155,false,לינדט לינדור טבלאה קוביות במילוי קרם מרי,משה סידס ובנו בעמ,,,יח`,1,100 גרם,false,1,16.60,16.60,true,1,
7610400075770,false,לינדט לה גרנד שוקולד מריר אגוז 150 גרם,משה סידס ובנו בעמ,,,יח`,1.50,100 גרם,false,1,26.50,17.67,true,1,
7610400075787,false,לינדט לה גרנד שוקולד חלב אגוז 150 גרם,משה סידס ובנו בעמ,,,יח`,1.50,100 גרם,false,1,26.50,17.67,true,1,
7610400091060,false,אקסלנס תפוז לינדט (100 גרם),משה סידס ובנו בעמ,,,יח`,1,100 גרם,false,1,16.60,16.60,true,1,
7613030979647,false,טריקס נסטלה (480 גרם),קבוצת אסם סחר שות. מוגבלת,,,יח`,4.80,100 גרם,false,1,22.90,4.77,true,1,
7613032045753,false,פיטנס שוקולד נסטלה (375 גרם),קבוצת אסם סחר שות. מוגבלת,,,יח`,3.75,100 גרם,false,1,20.30,5.41,true,1,
7613033548192,false,פיטנס שוקולד מריר נסטלה (375 גרם),קבוצת אסם סחר שות. מוגבלת,,,יח`,3.75,100 גרם,false,1,20.30,5.41,true,1,
7613035635845,false,פיטנס גרנולה שוקולד 300 גר`אסם,קבוצת אסם סחר שות. מוגבלת,,,יח`,3,100 גרם,false,1,17.30,5.77,false,1,
7613035807778,false,רוטב עגבניות לבולנז פרפקטו,קבוצת אסם סחר שות. מוגבלת,,,יח`,4,100 גרם,false,1,11.20,2.80,true,1,
7613035809109,false,רוטב עגבניות ובזיליקום פרפקטו,קבוצת אסם סחר שות. מוגבלת,,,יח`,4,100 גרם,false,1,11.20,2.80,true,1,
7613035809857,false,רוטב עגבניות לפסטה פרפקטו,קבוצת אסם סחר שות. מוגבלת,,,יח`,4,100 גרם,false,1,11.20,2.80,true,1,
7613036520492,false,רוטב עגבניות לפיצה 400 גר`פרפקטו,קבוצת אסם סחר שות. מוגבלת,,,יח`,4,100 גרם,false,1,11.20,2.80,true,1,
7613037012095,false,פיטנס גרנולה שוקולד קינואה ושקדים נסטלה,קבוצת אסם סחר שות. מוגבלת,,,יח`,3,100 גרם,false,1,17.50,5.83,false,1,
7613037204889,false,סטארבקס פולי קפה אספרסו 450גר,קבוצת אסם סחר שות. מוגבלת,,,יח`,4.50,100 גרם,false,1,50.90,11.31,false,1,
7613037686906,false,פיטנס שקדים ודבש (355 גרם) נסטלה,קבוצת אסם סחר שות. מוגבלת,,,יח`,3.55,100 גרם,false,1,20.30,5.72,true,1,
7613039771174,false,סנסשיונל מינס 400 גר` טבעול,קבוצת אסם סחר שות. מוגבלת,,,יח`,4,100 גרם,false,1,33.90,8.48,true,1,
7613287182326,false,ויטמינצ`יק בננה תפוח 110 גר`,קבוצת אסם סחר שות. מוגבלת,,,יח`,1.10,100 גרם,false,1,6.90,6.27,true,1,
7613287186928,false,קפסולות קפה סומטרה (10 יח) סטארבקס (56 ג,קבוצת אסם סחר שות. מוגבלת,,,יח`,0.56,100 גרם,false,1,21.90,39.11,true,1,
7613287302373,false,קפסולות קפה איטלאן סטייל סטארבקס,קבוצת אסם סחר שות. מוגבלת,,,יח`,0.56,100 גרם,false,1,21.90,39.11,true,1,
7613287325808,false,מטבל איולי שום 295 גר אסם,קבוצת אסם סחר שות. מוגבלת,,,יח`,2.95,100 גרם,false,1,15.90,5.39,true,1,
7613287325853,false,מטבל איולי ספייסי 295 גר אסם,קבוצת אסם סחר שות. מוגבלת,,,יח`,2.95,100 גרם,false,1,15.90,5.39,true,1,
7613287325983,false,מטבל סלסלה 335 גר אסם,קבוצת אסם סחר שות. מוגבלת,,,יח`,3.35,100 גרם,false,1,15.90,4.75,true,1,
7613287855640,false,קפסולות גוואטמלה סטארבקס( 52 גר`),קבוצת אסם סחר שות. מוגבלת,,,יח`,0.52,100 גרם,false,1,21.90,42.12,true,1,
7622010001858,false,אוראו וניל 176 גר`,דיפלומט היינץ,,,יח`,1.76,100 גרם,false,1,10.10,5.74,true,1,
7622201050757,false,שוקולד חלב עם קרמל מילקה (100 גרם),דיפלומט היינץ,,,יח`,1,100 גרם,false,1,7.50,7.50,true,1,
7622201137052,false,מילקה מיני קוקיז 110 גרם,דיפלומט היינץ,,,יח`,1.10,100 גרם,false,1,8.90,8.09,true,1,
7622201401900,false,עוגיות מילקה סנביישן אוראו 156 גר`,דיפלומט היינץ,,,יח`,1.56,100 גרם,false,1,13.90,8.91,true,1,
7622201502515,false,מילקה קוקי לופ 132 גר`,דיפלומט היינץ,,,יח`,1.32,100 גרם,false,1,13.50,10.23,true,1,
7622201521493,false,גבינת פילדלפיה שום ועשבי תיבול 150 גר`(,נטו מלינדה סחר בעמ,,,יח`,1.50,100 גרם,false,1,14.90,9.93,true,1,
7622201798154,false,פילדלפיה לייט 150 גר`,נטו מלינדה סחר בעמ,,,יח`,1.50,100 גרם,false,1,14.90,9.93,true,1,
7622201801809,false,שוקולד חלב עם אגוזים מילקה (100 גרם),דיפלומט היינץ,,,יח`,1,100 גרם,false,1,7.50,7.50,true,1,
7622201802394,false,שוקולד חלב מילקה (100 גרם),דיפלומט היינץ,,,יח`,1,100 גרם,false,1,7.50,7.50,true,1,
7622201808631,false,אוראו מיני כוסות בטעם וניל 67 גר`,דיפלומט היינץ,,,יח`,0.67,100 גרם,false,1,7.90,11.79,false,1,
7622201813390,false,וופל במילוי קרם קקאו מילקה (150 גרם),דיפלומט היינץ,,,יח`,1.50,100 גרם,false,1,15.20,10.13,true,1,
7622201819408,false,שוקולד דארק קרמל 85 גר` מילקה,דיפלומט היינץ,,,יח`,0.85,100 גרם,false,1,8.90,10.47,true,1,
7622210078131,false,שוקולד חלב דיים מילקה (100 גרם),דיפלומט היינץ,,,יח`,1,100 גרם,false,1,7.50,7.50,true,1,
7622210163899,false,שוקולד חלב עם עדשים 100 גר` מילקה,דיפלומט היינץ,,,יח`,1,100 גרם,false,1,7.50,7.50,true,1,
7622210453327,false,מילקה סנסייטן 156 גר`,דיפלומט היינץ,,,יח`,1.56,100 גרם,false,1,13.50,8.65,true,1,
7622210464729,false,אוראו גולדן 154גר`,דיפלומט היינץ,,,יח`,1.54,100 גרם,false,1,8.90,5.78,true,1,
7622210690883,false,שוקולד 270 גר`מילקה מונדיאל,דיפלומט היינץ,,,יח`,2.70,100 גרם,false,1,15.90,5.89,false,1,
7622210693266,false,מילקה אגוזים שלמים 270 גר,דיפלומט היינץ,,,יח`,2.70,100 גרם,false,1,16.90,6.26,true,1,
7622210826053,false,שוקולד מילקה אוראו סנדביץ 92 גר`,דיפלומט היינץ,,,יח`,0.92,100 גרם,false,1,7.50,8.15,true,1,
7622210835338,false,אוראו בראוניז 176 גר`,דיפלומט היינץ,,,יח`,1.76,100 גרם,false,1,10.10,5.74,true,1,
7622300200237,false,מילקה שוקולד חלבי 250 גרם,דיפלומט היינץ,,,יח`,2.50,100 גרם,false,1,15.20,6.08,true,1,
7622300270506,false,עוגיות מילקה גריינס שיבולת שועל,דיפלומט היינץ,,,יח`,1.68,100 גרם,false,1,13.50,8.04,true,1,
7622300315283,false,אוראו וניל 154 גר`בדצ,דיפלומט היינץ,,,יח`,1.54,100 גרם,false,1,8.90,5.78,false,1,
7622300441715,false,עוגיות מילקה השוקומיני150 גר,דיפלומט היינץ,,,יח`,1.50,100 גרם,false,1,13.50,9,true,1,
7622300489427,false,אוראו פאדג שוקולד לבן 246גר,דיפלומט היינץ,,,יח`,2.46,100 גרם,false,1,20.30,8.25,true,1,
7622300489434,false,עוגיות אוראו בציפוי שוקולד חלבי 246 גרם,דיפלומט היינץ,,,יח`,2.46,100 גרם,false,1,20.30,8.25,true,1,
7622300495046,false,שוקולד עם אקסטרה קקאו מילקה (100 גרם),דיפלומט היינץ,,,יח`,1,100 גרם,false,1,7.50,7.50,true,1,
7622300503079,false,ביסקוויט מצופה שוקולד מילקה (200 גרם),דיפלומט היינץ,,,יח`,2,100 גרם,false,1,13.50,6.75,true,1,
7622300617820,false,שוקולד אוראו מילקה (100 גרם),דיפלומט היינץ,,,יח`,1,100 גרם,false,1,7.50,7.50,true,1,
7622400005190,false,שוקולד חלב ולבן מילקה (100 גרם),דיפלומט היינץ,,,יח`,1,100 גרם,false,1,7.50,7.50,true,1,
7630311507016,false,קפסולות קפה סטארבקס סאני דיי 12*57גר`,קבוצת אסם סחר שות. מוגבלת,,,יח`,0.57,100 גרם,false,1,21.90,38.42,true,1,
7630477891592,false,קפסולות קפה האוס בלנד (10 יח) סטארבקס (,קבוצת אסם סחר שות. מוגבלת,,,יח`,0.57,100 גרם,false,1,21.90,38.42,true,1,
7630477891615,false,קפסולות קפה סומטרה (10 יח) סטארבקס ( 55,קבוצת אסם סחר שות. מוגבלת,,,יח`,0.55,100 גרם,false,1,21.90,39.82,true,1,
7630477891639,false,קפסולות קפה סומטרה (10 יח) סטארבקס ( 55,קבוצת אסם סחר שות. מוגבלת,,,יח`,0.55,100 גרם,false,1,21.90,39.82,true,1,
7630477891653,false,קפסולות קפה אספרסו נטול(10 יח) סטארבקס(,קבוצת אסם סחר שות. מוגבלת,,,יח`,0.57,100 גרם,false,1,21.90,38.42,true,1,
7630477891677,false,קפסולות קפה פייק פלייס (10 יח) סטארבקס(,קבוצת אסם סחר שות. מוגבלת,,,יח`,0.57,100 גרם,false,1,21.90,38.42,true,1,
7630477891738,false,קפסולות קפה אספרסו בלונד(10 יח) סטארבקס,קבוצת אסם סחר שות. מוגבלת,,,יח`,0.53,100 גרם,false,1,21.90,41.32,true,1,
7702018404476,false,סירייס קצף גילוח הגנה 250 מל,דיפלומט מפיצים (1968) בעמ,,,יח`,2.50,100 גרם,false,1,15.90,6.36,false,1,
7702018469383,false,סכיני גילוח פיוז`ן ידני ג`ילט (12) מוגד,דיפלומט מפיצים (1968) בעמ,,,יח`,1,,false,1,148.90,148.90,true,1,
7702018980864,false,קצף גילוח סירייס רגיש 250,דיפלומט מפיצים (1968) בעמ,,,יח`,2.50,"100 מ""ל",false,1,22.70,9.08,false,1,
7702024074625,false,חטיפי קרקר חיטה מלאה 234 גר`פיטנס,קבוצת אסם סחר שות. מוגבלת,,,יח`,2.34,100 גרם,false,1,12.90,5.51,false,1,
7702024258322,false,חטיפי קרקר צ`יה ופשתן 234 גר`פיטנס,קבוצת אסם סחר שות. מוגבלת,,,יח`,2.34,100 גרם,false,1,12.90,5.51,false,1,
7702174066631,false,לקקן יוגטה פינפופ 10 יחידות,ליימן שליסל בעמ,,,יח`,1.80,100 גרם,false,1,7.90,4.39,true,1,
7791875005353,false,ריבת חלב הוואנה 450 גר`,משה סידס ובנו בעמ,,,יח`,4.50,100 גרם,false,1,19.90,4.42,true,1,
7792860006218,false,סוכריות לקקן בייבי דול לריטייר (24 גרם),משה סידס ובנו בעמ,,,יח`,0.24,100 גרם,false,1,3,12.50,true,1,
7798304600011,false,אוכמניות- טרי 125 גר,בראשית - אגודה שיתופית*שיק 45,,,יח`,1.25,100 גרם,false,1,10,8,false,1,
7804414000860,false,קברנה סוביניון דון חוליו (750 מל),הכרם - משקאות חריפים בעמ,,,יח`,7.50,"100 מ""ל",false,1,31.50,4.16,true,1,
7804414000884,false,שרדונה BIN דון חוליו (750 מל),הכרם - משקאות חריפים בעמ,,,יח`,7.50,"100 מ""ל",false,1,31.50,4.16,true,1,
7804414001614,false,שיראז חצי יבש דון חוליו (750 מל),הכרם - משקאות חריפים בעמ,,,יח`,7.50,"100 מ""ל",false,1,31.50,4.16,true,1,
7804414001621,false,שיראז קאזה דה לואיג`י (750 מל),הכרם - משקאות חריפים בעמ,,,יח`,7.50,"100 מ""ל",false,1,33.60,4.44,true,1,
7804632390255,false,אוכמניות טרי 125 גר,בראשית - אגודה שיתופית*שיק 45,,,יח`,1.25,100 גרם,false,1,10,8,false,1,
7804651030026,false,אוכמניות- טרי 125 גר,איגל טרייטדינג שיווק חקלאי בעמ,,,יח`,1.25,100 גרם,false,1,10,8,false,1,
8000113003402,false,קמח תירס ואקום 1 קג,גורי מוצרי צריכה (1991) בעמ,,,יח`,1,100 גרם,false,1,17.50,17.50,false,1,
8000215204219,false,משקה אורז ביו אורגני ויטאריז 1 ליטר,נטורפוד בעמ,,,יח`,1,1 ליטר,false,1,13.90,13.90,false,1,
8000215204240,false,משקה אורז ושקדים ביו אורגני ויטאריז 1 לי,נטורפוד בעמ,,,יח`,1,1 ליטר,false,1,13.90,13.90,false,1,
8000215204394,false,משקה אורז ואגוזי לוז ביו אורגני ויטאריז,נטורפוד בעמ,,,יח`,1,1 ליטר,false,1,17.90,17.90,false,1,
8000215204653,false,משקה סויה ויטאסי 1 ליטר,נטורפוד בעמ,,,יח`,1,1 ליטר,false,1,12.90,12.90,false,1,
8000215204714,false,משקה שיבולת שועל אורגני פרימונה 1 ליטר,נטורפוד בעמ,,,יח`,1,1 ליטר,false,1,13.90,13.90,false,1,
8000380003723,false,גרנד פטיסרי 100 גר`אגוז,ליימן שליסל בעמ,,,יח`,1,100 גרם,false,1,15.20,15.20,true,1,
8000380003761,false,גרנד פטיסרי 100 גר`קוקוס,ליימן שליסל בעמ,,,יח`,1,100 גרם,false,1,15.20,15.20,true,1,
8000380004676,false,וופל סנדוויץ`בטעם וניל לואקר (200 גרם),ליימן שליסל בעמ,,,יח`,2,100 גרם,false,1,15.20,7.60,true,1,
8000380004911,false,קוארדטיני 250 גר` אגוז,ליימן שליסל בעמ,,,יח`,2.50,100 גרם,false,1,16.30,6.52,true,1,
8000380004966,false,קוארדטיני 250 גר` קקאו,ליימן שליסל בעמ,,,יח`,2.50,100 גרם,false,1,16.30,6.52,true,1,
8000380007219,false,וופל בטעם אגוזים לואקר (175 גרם),ליימן שליסל בעמ,,,יח`,1.75,100 גרם,false,1,11.90,6.80,true,1,
8000380007257,false,וופל לואקר גרדנה 200 גר`,ליימן שליסל בעמ,,,יח`,2,100 גרם,false,1,16.60,8.30,true,1,
8000380007271,false,וופל במילוי קרם חלב לואקר (175 גרם),ליימן שליסל בעמ,,,יח`,1.75,100 גרם,false,1,11.90,6.80,true,1,
8000380106028,false,טורטינה שישיה אורגינל לואקר 125 גר,ליימן שליסל בעמ,,,יח`,1.25,100 גרם,false,1,18.90,15.12,true,1,
8000380144044,false,וופל לואקר גרדנה שוקולד 200 גר`,ליימן שליסל בעמ,,,יח`,2,100 גרם,false,1,16.60,8.30,true,1,
8000380156849,false,טבלת שוקולד מריר לואקר (87 גרם),ליימן שליסל בעמ,,,יח`,1,,false,1,8.90,8.90,false,1,
8000380205400,false,קוארדטיני 250 גר` חמאת בוטנים,ליימן שליסל בעמ,,,יח`,2.50,100 גרם,false,1,16.30,6.52,true,1,
8000380206896,false,וופל לואקר גרדנה חמאת בוטנים 200 גר`,ליימן שליסל בעמ,,,יח`,2,100 גרם,false,1,16.60,8.30,true,1,
8000380207183,false,טורטינה שישיה חמאת בוטנים לואקר 126 גר`,ליימן שליסל בעמ,,,יח`,1.26,100 גרם,false,1,18.90,15,true,1,
8000500023976,false,בונבוניירת רפאלו פררו (150 גרם),פרימיום-חברה לדברי מתיקה ולמסח,,,יח`,1.50,100 גרם,false,1,16.90,11.27,false,1,
8000500026731,false,ביצת הפתעה קינדר (20x3 גרם),פרימיום-חברה לדברי מתיקה ולמסח,,,יח`,0.60,100 גרם,false,1,15.90,26.50,true,1,
8000500028124,false,קינדר ג`וי מארז שלישייה,פרימיום-חברה לדברי מתיקה ולמסח,,,יח`,0.60,100 גרם,false,1,15.90,26.50,false,1,
8000500029350,false,קינדר בואנו וופל שלישייה (43x3 גרם),פרימיום-חברה לדברי מתיקה ולמסח,,,יח`,1.29,100 גרם,false,1,10.90,8.45,true,1,
8000500037874,false,רושר בוני 200 גר`,פרימיום-חברה לדברי מתיקה ולמסח,,,יח`,2,100 גרם,false,1,25.90,12.95,true,1,
8000500071083,false,אצבעות שוקולד קינדר (16 יח`- 200 גרם),פרימיום-חברה לדברי מתיקה ולמסח,,,יח`,2,100 גרם,false,1,11.90,5.95,false,1,
8000500094976,false,רושר קונוס 212 גר`,פרימיום-חברה לדברי מתיקה ולמסח,,,יח`,2.12,100 גרם,false,1,40.90,19.29,true,1,
8000500121436,false,קינדר בואנו וופל לבן שלישייה(39x3 גרם),פרימיום-חברה לדברי מתיקה ולמסח,,,יח`,1.17,100 גרם,false,1,10.90,9.32,true,1,
8000500267103,false,10 עוגות אישית בעטיפה אישית 39 גר` קינדר,פרימיום-חברה לדברי מתיקה ולמסח,,,יח`,3.90,100 גרם,false,1,20.90,5.36,true,1,
8000500269169,false,קינדר קארדס 5 יח`128 גר`,פרימיום-חברה לדברי מתיקה ולמסח,,,יח`,1.28,100 גרם,false,1,14.90,11.64,false,1,
8001003100218,false,יוגטה גומי 800 גר`ג`לי,ליימן שליסל בעמ,,,יח`,8,100 גרם,false,1,21.40,2.68,false,1,
8001090016003,false,טבליות למדיח קלאסי הכל באחד פיירי,דיפלומט מפיצים (1968) בעמ,,,יח`,1,,false,1,44.90,44.90,false,1,
8001090184375,false,פיירי אורגינל 900 מל,דיפלומט מפיצים (1968) בעמ,,,יח`,9,"100 מ""ל",false,1,12.90,1.43,false,1,
8001090184412,false,פיירי אורגינל לימון 900 מל,דיפלומט מפיצים (1968) בעמ,,,יח`,9,"100 מ""ל",false,1,12.90,1.43,false,1,
8001090222541,false,הרבל אסנסס שמפו תות שדה ומנטה 400 מל,דיפלומט מפיצים (1968) בעמ,,,יח`,4,"100 מ""ל",false,1,20.90,5.23,true,1,
8001090222756,false,הרבל אסנסס מרכך שמן מורינגה 400 מל,דיפלומט מפיצים (1968) בעמ,,,יח`,4,"100 מ""ל",false,1,20.90,5.23,true,1,
8001090222848,false,הרבל אסנסס שמפו שיקום שמן ארגן 400 מל,דיפלומט מפיצים (1968) בעמ,,,יח`,4,"100 מ""ל",false,1,20.90,5.23,true,1,
8001090222879,false,הרבל אסנסס מרכך שיקום שמן ארגן 400 מל,דיפלומט מפיצים (1968) בעמ,,,יח`,4,"100 מ""ל",false,1,20.90,5.23,true,1,
8001090336354,false,חיתולי ביביי דריי מידה 2 ( 46 יח) פמפרס,דיפלומט מפיצים (1968) בעמ,,,יח`,1,,false,1,31.90,31.90,true,1,
8001090336491,false,חיתולי ביביי דריי מידה 4 +( 31 יח) פמפר,דיפלומט מפיצים (1968) בעמ,,,יח`,1,,false,1,31.90,31.90,true,1,
8001090336521,false,חיתולי ביביי דריי מידה 5( 30 יח) פמפרס,דיפלומט מפיצים (1968) בעמ,,,יח`,1,,false,1,31.90,31.90,true,1,
8001090336606,false,חיתולי ביביי דריי מידה ( 26 יח`) פמפרס,דיפלומט מפיצים (1968) בעמ,,,יח`,1,,false,1,31.90,31.90,true,1,
8001090377531,false,מסכה לצבע מלא חיים 300 מל פנטן,דיפלומט מפיצים (1968) בעמ,,,יח`,3,"100 מ""ל",false,1,30.90,10.30,false,1,
8001090458353,false,פיירי אנטי בקטריאלי 515 מל,דיפלומט מפיצים (1968) בעמ,,,יח`,5.15,"100 מ""ל",false,1,11.90,2.31,false,1,
8001090540577,false,אורל בי מי פה 500 מל,דיפלומט מפיצים (1968) בעמ,,,יח`,5,"100 מ""ל",false,1,20.90,4.18,true,1,
8001090678195,false,שולדרס מרכך סופרים לחות 275 מל,דיפלומט מפיצים (1968) בעמ,,,יח`,2.75,"100 מ""ל",false,1,17.90,6.51,true,1,
8001090678614,false,שולדרס שמפו סופרים לחות 400 מל,דיפלומט מפיצים (1968) בעמ,,,יח`,4,"100 מ""ל",false,1,21.90,5.48,false,1,
8001090734044,false,מגן תחתון אולווייז מגה פק לארג`פרש 64 י,דיפלומט מפיצים (1968) בעמ,,,יח`,1,,false,1,24.90,24.90,true,1,
8001090737809,false,מגן תחתון אולדייז סינגל טנגה 36 יחידות,דיפלומט מפיצים (1968) בעמ,,,יח`,1,,false,1,15.90,15.90,true,1,
8001090832450,false,שמפו נוסחה קלאסית 660 מל פנטן,דיפלומט מפיצים (1968) בעמ,,,יח`,6.60,"100 מ""ל",false,1,20.90,3.17,true,1,
8001090832535,false,שמפו שמן מרוקאי משקם 660 מל פנטן,דיפלומט מפיצים (1968) בעמ,,,יח`,6.60,"100 מ""ל",false,1,20.90,3.17,true,1,
8001090832573,false,שמפו שמן לחות מוגברת 660 מל פנטן,דיפלומט מפיצים (1968) בעמ,,,יח`,6.60,"100 מ""ל",false,1,20.90,3.17,true,1,
8001090832610,false,שמפו שמן למגע רך כמשי 660 מל פנטן,דיפלומט מפיצים (1968) בעמ,,,יח`,6.60,"100 מ""ל",false,1,20.90,3.17,true,1,
8001090832818,false,קונדישנר נוסחה קלאסית 660 מל פנטן,דיפלומט מפיצים (1968) בעמ,,,יח`,6.60,"100 מ""ל",false,1,20.90,3.17,true,1,
8001090832856,false,קונדישנר מרוקאי משקם 660 מל פנטן,דיפלומט מפיצים (1968) בעמ,,,יח`,6.60,"100 מ""ל",false,1,20.90,3.17,true,1,
8001090832894,false,קונדישנר לחות מוגברת 660 מל פנטן,דיפלומט מפיצים (1968) בעמ,,,יח`,6.60,"100 מ""ל",false,1,20.90,3.17,true,1,
8001090832931,false,קונדישנר למגע רך כמשי 660 מל פנטן,דיפלומט מפיצים (1968) בעמ,,,יח`,6.60,"100 מ""ל",false,1,20.90,3.17,true,1,
8001090899224,false,תחבושות אולוויז פלטינום לונג 20 יח,דיפלומט מפיצים (1968) בעמ,,,יח`,1,,false,1,21.40,21.40,true,1,
8001100011776,false,וופל שכבות בטעם וניל 175 גר`Balocco,אבאל יזמות בעמ,,,יח`,1.75,100 גרם,false,1,10.90,6.23,true,1,
8001160001786,false,גטורייד ספורט כחול,טמפו משקאות בעמ,,,יח`,5,"100 מ""ל",false,1,10.90,2.12,true,1,
8001160001892,false,גוטרייד ספורט תפוז אדום,טמפו משקאות בעמ,,,יח`,5,"100 מ""ל",false,1,10.90,2.12,true,1,
8001440118944,false,שלישיית עגבניות פולפה צ`יריו 400 גר`,דיפלומט היינץ,,,יח`,1.20,"ק""ג",false,1,15.90,13.25,true,1,
8001620011935,false,סאן בנדטו מוגז שישייה 500 מל,טמפו משקאות בעמ,,,יח`,3,1 ליטר,false,1,15,4.40,true,1,
8001620015612,false,פרוטה פירות טעם תפוז גזר לימון,טמפו משקאות בעמ,,,יח`,4,"100 מ""ל",false,1,7.50,1.80,false,1,
8001620015636,false,פרוטה מיקס פירות 400 מל,טמפו משקאות בעמ,,,יח`,4,"100 מ""ל",false,1,7.50,1.80,false,1,
8001620018408,false,פרוטה מנגו תפוח 400 מל,טמפו משקאות בעמ,,,יח`,4,"100 מ""ל",false,1,7.50,1.80,false,1,
8001841006710,false,לנור כדוריות הבושם בניחוח רענן ( 210 גר`,דיפלומט מפיצים (1968) בעמ,,,יח`,2.10,100 גרם,false,1,28.90,13.76,true,1,
8001841137179,false,הד אנד שולדרס הנוסחה הקלאסית 275 מל,דיפלומט מפיצים (1968) בעמ,,,יח`,2.75,"100 מ""ל",false,1,17.90,6.51,true,1,
8001841216584,false,תחבושות לילה בטוח אולווייז (36),דיפלומט מפיצים (1968) בעמ,,,יח`,1,,false,1,42.90,42.90,false,1,
8001841625188,false,נוזל כלים פלטינום לימון פיירי (515 מל),דיפלומט מפיצים (1968) בעמ,,,יח`,5.15,"100 מ""ל",false,1,11.90,2.31,true,1,
8001841625287,false,נוזל כלים פיירי פלטינום לימון 1.015 מל,דיפלומט מפיצים (1968) בעמ,,,יח`,1.0150,1 ליטר,false,1,19.30,19.01,false,1,
8001841625362,false,פיירי פלטינום לימון 780 מל,דיפלומט מפיצים (1968) בעמ,,,יח`,7.80,"100 מ""ל",false,1,12.90,1.65,true,1,
8001841625461,false,נוזל כלים פלטינום אורגינל פיירי (515 מל,דיפלומט מפיצים (1968) בעמ,,,יח`,5.15,"100 מ""ל",false,1,11.90,2.31,true,1,
8001841625508,false,נוזל כלים פיירי פלטינום 1.015 מל,דיפלומט מפיצים (1968) בעמ,,,יח`,1.0150,1 ליטר,false,1,19.30,19.01,false,1,
8001841664866,false,שמפו פנטן סופר פוד 400 מל יבוא מקביל,איינשטיין-צור יבוא-יצוא וסחר ב,,,יח`,4,"100 מ""ל",false,1,14.90,3.73,true,1,
8001841665290,false,שמפו פנטן קלאסי 400 מל יבוא מקביל,איינשטיין-צור יבוא-יצוא וסחר ב,,,יח`,4,"100 מ""ל",false,1,14.90,3.73,true,1,
8001841680989,false,מגן תחתון אולווייז מגה פק פרש לארג`60 י,דיפלומט מפיצים (1968) בעמ,,,יח`,1,,false,1,24.90,24.90,true,1,
8001841893990,false,פיירי קפסולות למדיח פלטינום 30 יח,דיפלומט מפיצים (1968) בעמ,,,יח`,1,,false,1,39.90,39.90,true,1,
8001841960081,false,טבליות למדיח פלטינום הכל באחד פיירי (37),דיפלומט מפיצים (1968) בעמ,,,יח`,1,,false,1,39.90,39.90,true,1,
8002270015649,false,מים סאן פלגרינו 250 מל,טמפו משקאות בעמ,,,יח`,2.50,"100 מ""ל",false,1,6.50,2.48,false,1,
8002270015656,false,מים מוגזים סן פלגרינו 750מל,טמפו משקאות בעמ,,,יח`,7.50,"100 מ""ל",false,1,10.50,1.36,false,1,
8002270436581,false,סאן פלגרינו פלסטיק מוגז שישייות 500*6,טמפו משקאות בעמ,,,יח`,30,"100 מ""ל",false,1,27.90,0.87,false,1,
8002270846472,false,מים סאן פלגרינו 500 מל מוגז,טמפו משקאות בעמ,,,יח`,5,"100 מ""ל",false,1,6,1.14,false,1,
8002270866524,false,מים מינרלים מוגזים סאן פלגרינו (1 ליטר),טמפו משקאות בעמ,,,יח`,10,"100 מ""ל",false,1,10.90,1.06,false,1,
8002450006559,false,שרדונה קאזה דה לואיג`י (750 מל),הכרם - משקאות חריפים בעמ,,,יח`,7.50,"100 מ""ל",false,1,33.60,4.44,true,1,
8002450204009,false,ורדי אפרסק 750 מל,הכרם - משקאות חריפים בעמ,,,יח`,7.50,"100 מ""ל",false,1,27.50,3.63,true,1,
8002450206508,false,קברנה סוביניון קאזה דה לואיג`י (750 מל),הכרם - משקאות חריפים בעמ,,,יח`,7.50,"100 מ""ל",false,1,33.60,4.44,true,1,
8002450206522,false,מרלו קאזה דה לואיג`י (750 מל),הכרם - משקאות חריפים בעמ,,,יח`,7.50,"100 מ""ל",false,1,33.60,4.44,true,1,
8004030026018,false,ריו מארה אינסלטיסימי מקסיקני עם טונה 160,ש.שסטוביץ בעמ,,,יח`,1.60,100 גרם,false,1,19.30,12.06,true,1,
8004030102033,false,ריו מארה טונה בשמן זית לימון ופלפל שלייש,ש.שסטוביץ בעמ,,,יח`,2.40,100 גרם,false,1,29.90,12.46,false,1,
8004030177000,false,ריו מארה טונה בשמן זית עם צ`לי שלישיות 8,ש.שסטוביץ בעמ,,,יח`,2.40,100 גרם,false,1,29.90,12.46,false,1,
8004030344938,false,ריו מארה טונה בשמן זית שלישיות 80 גרם,ש.שסטוביץ בעמ,,,יח`,2.40,100 גרם,false,1,29.90,12.46,false,1,
8004030381681,false,ריו מרה טונה בשמן זית 2*160 גר`,ש.שסטוביץ בעמ,,,יח`,3.20,100 גרם,false,1,34.90,10.91,false,1,
8005110170300,false,עגבניות חתוכות דק 400 גר` שלישייה פולפה,רסטרטו יבוא ושיווק בעמ*אין החז,,,יח`,12,100 גרם,false,1,18.90,1.58,true,1,
8005200256587,false,נסטי בטעם אפרסק 1.5 ליטר,טמפו משקאות בעמ,,,יח`,15,"100 מ""ל",false,1,9.90,0.64,true,1,
8005200286584,false,נסטי בטעם מנגו אננס 1.5 ליטר,טמפו משקאות בעמ,,,יח`,15,"100 מ""ל",false,1,9.90,0.64,true,1,
8005200316588,false,נסטי בטעם דיאט אפרסק 1.5 ליטר,טמפו משקאות בעמ,,,יח`,15,"100 מ""ל",false,1,8.90,0.57,true,1,
8005803010371,false,גריסיני עם רוזמרין אמור די פאן (125 גרם),ליימן שליסל בעמ,,,יח`,1.25,100 גרם,false,1,9.10,7.28,true,1,
8005803010661,false,גריסיני עם שומשום אמור די פאן (125 גרם),ליימן שליסל בעמ,,,יח`,1.25,100 גרם,false,1,9.10,7.28,true,1,
8006540091937,false,לנור כדוריות הבושם בניחוח אריאל 210 גר`,דיפלומט מפיצים (1968) בעמ,,,יח`,2.10,100 גרם,false,1,28.90,13.76,true,1,
8006540112793,false,לנור מרכך מרוכז בניחוח יסמין 900 מל,דיפלומט מפיצים (1968) בעמ,,,יח`,9,"100 מ""ל",false,1,15.90,1.77,true,1,
8006540352960,false,טמפונים טמפקס פרל רגולר (20),דיפלומט מפיצים (1968) בעמ,,,יח`,1,,false,1,34,34,false,1,
8006540383087,false,פיירי טבליות פלטינום פלוס דיפ קלין 42 יח,דיפלומט מפיצים (1968) בעמ,,,יח`,1,,false,1,45.90,45.90,false,1,
8006540463550,false,טבליות למדיח פלטינום פיירי 63 יח`,דיפלומט מפיצים (1968) בעמ,,,יח`,1,,false,1,54.90,54.90,false,1,
8006540491539,false,פיירי פלטינום אורגינל 780 מל,דיפלומט מפיצים (1968) בעמ,,,יח`,7.80,"100 מ""ל",false,1,12.90,1.65,true,1,
8007178120310,false,חומץ בלסמי גקובזי 500 מל,דיפלומט היינץ,,,יח`,5,"100 מ""ל",false,1,25.50,5.10,false,1,
8007178223547,false,קרם בלסמי מצומצם 250 מל,דיפלומט היינץ,,,יח`,2.50,"100 מ""ל",false,1,25.90,10.36,false,1,
8007178223578,false,חומץ בלסמי ג`קובזי 250 מל,דיפלומט היינץ,,,יח`,2.50,"100 מ""ל",false,1,16.50,6.60,false,1,
8008245004861,false,ממרח אגוזי לוז עם חלב 300 גר`מובנפיק,א. סיימן סחר בעמ,,,יח`,3,100 גרם,false,1,15.90,5.30,true,1,
8008698003503,false,קרקרים מלבניים 210,ל.י.ב. (לחיות יותר בטבע) בעמ,,,יח`,2.10,100 גרם,false,1,23.40,11.14,true,1,
8008698004548,false,ביסקוויטים בציפוי קרם שוקולד 150 גרם,ל.י.ב. (לחיות יותר בטבע) בעמ,,,יח`,1.50,100 גרם,false,1,18.30,12.20,false,1,
8008698004630,false,עוגיות דבל שוקולד 250 גר`ללא גלוטן,ל.י.ב. (לחיות יותר בטבע) בעמ,,,יח`,2.50,100 גרם,false,1,21.50,8.60,false,1,
8008698004807,false,קמח מיקס ללא גלוטן שר (1 קג),ל.י.ב. (לחיות יותר בטבע) בעמ,,,יח`,1,"ק""ג",false,1,23.50,23.50,false,1,
8008698008157,false,עוגיות דבל ללא גלוטן 100 גר,ל.י.ב. (לחיות יותר בטבע) בעמ,,,יח`,1,100 גרם,false,1,11.20,11.20,false,1,
8008698012857,false,ביסקוויט פתי ללא גלוטן שר (165 גרם),ל.י.ב. (לחיות יותר בטבע) בעמ,,,יח`,1.65,100 גרם,false,1,14.20,8.61,false,1,
8010024006010,false,חמאת שקדים 100% השקד נטורפוד 350 גרם,נטורפוד בעמ,,,יח`,1,,false,1,39.90,39.90,false,1,
8017938005122,false,חומץ תפוחים אורגני נטורפוד 750 מל,נטורפוד בעמ,,,יח`,1,,false,1,19.50,19.50,false,1,
8024985002912,false,מחית סמוצ`י תפוח אגס בטטה אורגנית נטורה,נטורפוד בעמ,,,יח`,1,100 גרם,false,1,5.90,5.90,true,1,
8024985002967,false,מחית סמוצ`י בננה תרד נטורה נובה 100 גרם,נטורפוד בעמ,,,יח`,1,100 גרם,false,1,5.90,5.90,true,1,
8024985005234,false,מחית פירות סמוצ`י תפוח עץ ומנגו אורגנית,נטורפוד בעמ,,,יח`,1,100 גרם,false,1,5.90,5.90,true,1,
8024985008037,false,מחית פירות סמוצ`י תפוח אורגנית ללא תוספת,נטורפוד בעמ,,,יח`,1,100 גרם,false,1,5.90,5.90,true,1,
8024985008044,false,מחית פירות סמוצ`י אגס אורגנית ללתס נטור,נטורפוד בעמ,,,יח`,1,100 גרם,false,1,5.90,5.90,true,1,
8032793342458,false,עגבניות מרוסקות דק ומסוננות בקבוק 700 גר,גורי מוצרי צריכה (1991) בעמ,,,יח`,7,100 גרם,false,1,13.90,1.99,true,1,
8032793344520,false,תרכיז עגבניות פומי מרוכז מאוד 200 גרם,גורי מוצרי צריכה (1991) בעמ,,,יח`,2,100 גרם,false,1,7.90,3.95,true,1,
8076800195019,false,ברילה 500 גר` ספגטי מס` 1 קפליני צ.א,ש.שסטוביץ בעמ,,,יח`,5,100 גרם,false,1,7.50,1.50,false,1,
8076800195033,false,ברילה 500 גר`ספגטיני מס`3 צ.א,ש.שסטוביץ בעמ,,,יח`,5,100 גרם,false,1,7.50,1.50,false,1,
8076800195057,false,ברילה 500 גר` ספגטי מס` 5 צ.א,ש.שסטוביץ בעמ,,,יח`,5,100 גרם,false,1,7.50,1.50,false,1,
8076800195132,false,ברילה 500 גר` בבטה מס` 13 צ.א,ש.שסטוביץ בעמ,,,יח`,5,100 גרם,false,1,7.50,1.50,false,1,
8076800315097,false,ברילה 500 גר` בוקטיני מס` 9 צ.א,ש.שסטוביץ בעמ,,,יח`,5,100 גרם,false,1,7.50,1.50,false,1,
8076802085738,false,ברילה 500 גר` פנה רגטה צ.ק,ש.שסטוביץ בעמ,,,יח`,5,100 גרם,false,1,7.50,1.50,false,1,
8076802085837,false,ברילה 500 גר` טורטליוני מס` 83 צ.ק,ש.שסטוביץ בעמ,,,יח`,5,100 גרם,false,1,7.50,1.50,false,1,
8076802085981,false,ברילה 500 גר` פוזילי צ.ק,ש.שסטוביץ בעמ,,,יח`,5,100 גרם,false,1,7.50,1.50,false,1,
8076808050440,false,ברילה 500 גר` מקרוני מס` 44 צ.ק,ש.שסטוביץ בעמ,,,יח`,5,100 גרם,false,1,7.50,1.50,false,1,
8076808060654,false,ברילה 500 גר` פרפלה מס` 65 צ.ק,ש.שסטוביץ בעמ,,,יח`,5,100 גרם,false,1,7.50,1.50,false,1,
8076808070882,false,קנלוני מספר 88 ברילה (250 גרם),ש.שסטוביץ בעמ,,,יח`,2.50,100 גרם,false,1,15.90,6.36,false,1,
8076808150072,false,ברילה 500 גר` ספגטוני מס` 7 צ.א,ש.שסטוביץ בעמ,,,יח`,5,100 גרם,false,1,7.50,1.50,false,1,
8076809512268,false,ברילה 500 גר` גירנדולה צ.ק,ש.שסטוביץ בעמ,,,יח`,5,100 גרם,false,1,7.50,1.50,false,1,
8076809513692,false,רוטב לפסטה נפולטנה ברילה (400 גרם),ש.שסטוביץ בעמ,,,יח`,4,100 גרם,false,1,15.90,3.98,true,1,
8076809523714,false,טליאטלה ברילה (500 גרם),ש.שסטוביץ בעמ,,,יח`,5,100 גרם,false,1,26.90,5.38,false,1,
8076809523738,false,לזניה ברילה (500 גרם),ש.שסטוביץ בעמ,,,יח`,5,100 גרם,false,1,24.90,4.98,false,1,
8076809529419,false,ספגטי חיטה מלאה ברילה (500 גרם),ש.שסטוביץ בעמ,,,יח`,5,100 גרם,false,1,15.90,3.18,false,1,
8076809529433,false,פסטה פנה ריגטה חיטה מלאה ברילה (500 גרם),ש.שסטוביץ בעמ,,,יח`,5,100 גרם,false,1,15.90,3.18,false,1,
8076809545457,false,פסטה פנה ריגטה ללא גלוטן ברילה (400 גרם),ש.שסטוביץ בעמ,,,יח`,4,100 גרם,false,1,15.90,3.98,false,1,
8076809547956,false,ברילה 500 גר` קיפרי צ.ק,ש.שסטוביץ בעמ,,,יח`,5,100 גרם,false,1,7.50,1.50,false,1,
8121300206946,false,סטיביה ממתיק 80 שקיקיים טרוביה 80 גר,גורי ע.ע.ע בעמ,,,יח`,0.80,100 גרם,false,1,19.90,24.88,true,1,
8410076600622,false,נייטשר וואלי 210 גר`שבבי שוקולד מריר,ליימן שליסל בעמ,,,יח`,2.10,100 גרם,false,1,14.90,7.10,false,1,
8410076610379,false,נייטשר וואלי פרוטאין בוטנים ושבבי שוקולד,ליימן שליסל בעמ,,,יח`,2.10,100 גרם,false,1,26.50,12.62,true,1,
8410076610386,false,נייטשר וואלי פרוטאין בוטנים עם ציפוי בטע,ליימן שליסל בעמ,,,יח`,2.10,100 גרם,false,1,26.50,12.62,true,1,
8410076610492,false,נייטשר וואלי צ`ואי חטיף חמאת בוטנים,ליימן שליסל בעמ,,,יח`,1.50,100 גרם,false,1,14.90,9.93,false,1,
8410076610508,false,נייטשר וואלי צ`ואי סוליט מריר,ליימן שליסל בעמ,,,יח`,1.50,100 גרם,false,1,14.90,9.93,false,1,
8410076621047,false,חטיף פייברONE בטעם שוקולד,ליימן שליסל בעמ,,,יח`,1,,false,1,15.90,15.90,true,1,
8410104045111,false,פינש מלח למדיח 2 קג`,רקיט בנקיזר (ניר איסט) בעמ,,,יח`,2,"ק""ג",false,1,15.90,7.95,false,1,
8410655000409,false,מארז בירה סאן מיגל- שישייה 250 מל,אבאל יזמות בעמ,,,יח`,15,"100 מ""ל",false,1,30.90,1.94,true,1,
8410655000423,false,בירה רביעייה 5.4% אלכוהול 330 מל סאן מי,אבאל יזמות בעמ,,,יח`,1.32,1 ליטר,false,1,25.90,18.71,false,1,
8410655001147,false,סאן מיגל בירה 4.5% פחית 500מל,אבאל יזמות בעמ,,,יח`,5,"100 מ""ל",false,1,9.90,1.92,true,1,
8410655002458,false,סאן מיגל בירה ללא גלוטן 330 מל,אבאל יזמות בעמ,,,יח`,3.30,"100 מ""ל",false,1,10.90,3.21,true,1,
8420822130600,false,סופר מסיר שומנים 750 מל יעקובי,יעקב יעקבי ובניו בעמ,,,יח`,7.50,"100 מ""ל",false,1,16.90,2.25,false,1,
8420822130624,false,סופר מסיר כתמים 750 מל יעקובי,יעקב יעקבי ובניו בעמ,,,יח`,7.50,"100 מ""ל",false,1,17.90,2.39,false,1,
8423207206488,false,מרבה סלים דליס שוקולד חלב,ש.שסטוביץ בעמ,,,יח`,1.20,100 גרם,false,1,14.90,12.42,true,1,
8423207206495,false,מרבה סלים דליס שוקולד מריר,ש.שסטוביץ בעמ,,,יח`,1.20,100 גרם,false,1,14.90,12.42,true,1,
8423207207362,false,מרבה סלים דליס,ש.שסטוביץ בעמ,,,יח`,1.20,100 גרם,false,1,14.90,12.42,true,1,
8423207208680,false,סלים דליס לילדים עם שוקולד חלבי,ש.שסטוביץ בעמ,,,יח`,0.78,100 גרם,false,1,14.90,19.10,true,1,
8423207208703,false,סלים דליס מהדורה מיוחדת עם שוקולד מריר,ש.שסטוביץ בעמ,,,יח`,0.78,100 גרם,false,1,14.90,19.10,true,1,
8423207208871,false,פריכיות תירס טבעי- סלים דליס,גורי מוצרי צריכה (1991) בעמ,,,יח`,1.30,100 גרם,false,1,10.90,8.38,true,1,
8423207208888,false,פריכיות תירס בטעם עגבניות עשבי תיבול כש,גורי מוצרי צריכה (1991) בעמ,,,יח`,1.23,100 גרם,false,1,10.90,8.86,true,1,
8423207208895,false,פריכיות תירס זיתים ועירית כשלפ סלים דלי,גורי מוצרי צריכה (1991) בעמ,,,יח`,1.23,100 גרם,false,1,10.90,8.86,true,1,
8423207209885,false,סלים דליס מהדורה מיוחדת עם שוקולד חלב,ש.שסטוביץ בעמ,,,יח`,1.20,100 גרם,false,1,14.90,12.42,true,1,
8423207210287,false,מרבה סלים דליס שוקולד לבן בטעם יוגורט,ש.שסטוביץ בעמ,,,יח`,1.20,100 גרם,false,1,14.90,12.42,true,1,
8424842050016,false,צ`יפס בטעם כמהין 125 גר`,א. סיימן סחר בעמ,,,יח`,1.25,100 גרם,false,1,13.90,11.12,true,1,
8424842050030,false,צ`יפס עם מלח הימלאי 125 גר`,א. סיימן סחר בעמ,,,יח`,1.25,100 גרם,false,1,13.90,11.12,true,1,
8424842050085,false,צ`יפס בטעם חרדל ודבש 125 גר`,א. סיימן סחר בעמ,,,יח`,1.25,100 גרם,false,1,13.90,11.12,true,1,
8424842201340,false,צ`יפס מסורתי פרימיום 130 גר`,א. סיימן סחר בעמ,,,יח`,1.30,100 גרם,false,1,13.90,10.69,true,1,
8425206000081,false,מרדל ריבת חלב 450 גר,גורי מוצרי צריכה (1991) בעמ,,,יח`,4.50,100 גרם,false,1,18.90,4.20,false,1,
8436575292205,false,נסטלה חמשושים מאגדת,נגה גלידות שותפות מוגבלת,,,יח`,1.80,100 גרם,false,1,23.70,13.17,true,1,
8445290427120,false,פיטנס שוקולד מריר ובננה 330 גר`,קבוצת אסם סחר שות. מוגבלת,,,יח`,3.30,100 גרם,false,1,20.30,6.15,true,1,
8593868006014,false,בירה בלו מון 500 מל,הכרם - משקאות חריפים בעמ,,,יח`,5,"100 מ""ל",false,1,10.90,2.12,false,1,
8606018615827,false,פיינט אוראו 300 גר`,נגה גלידות שותפות מוגבלת,,,יח`,3,100 גרם,false,1,22.90,7.63,false,1,
8606018615865,false,פיינט וליבת שוקולד 300 גר`,נגה גלידות שותפות מוגבלת,,,יח`,3,100 גרם,false,1,22.90,7.63,false,1,
8606109023593,false,פרוויטה מיץ תפוחי עץ ואגסים 750 מל,יורוסטנדרט בעמ,,,יח`,7.50,"100 מ""ל",false,1,13.90,1.81,false,1,
8606109023647,false,פרוויטה מיץ סלק ותפוחי עץ 750 מל,יורוסטנדרט בעמ,,,יח`,7.50,"100 מ""ל",false,1,15.90,2.08,false,1,
8681863065362,false,מלח ים עם פלפל שחור 350 גר`,ג.וילי-פוד אינטרנשיונל בעמ,,,יח`,3.50,100 גרם,false,1,25.90,7.40,false,1,
8683130025581,false,בדין אקסטרא ענבר 960 מל .,יוניליוור ישראל שיווק בעמ,,,יח`,9.60,"100 מ""ל",false,1,17.30,1.80,true,1,
8683323063024,false,יוגטה שטיחים תותי פרוטי 220 גר`,ליימן שליסל בעמ,,,יח`,2.20,100 גרם,false,1,8.90,4.05,true,1,
8686868600075,false,אביזרי שיער סיכות פפיון גדולות,אל האופק שיווק וסחר,,,יח`,1,,false,1,9.90,9.90,false,1,
8686868600105,false,אביזרי שיער,אל האופק שיווק וסחר,,,יח`,1,,false,1,12.90,12.90,false,1,
8686868600112,false,אביזרי שיער,אל האופק שיווק וסחר,,,יח`,1,,false,1,13.90,13.90,false,1,
8686868600129,false,אביזרי שיער,אל האופק שיווק וסחר,,,יח`,1,,false,1,14.90,14.90,false,1,
8686868600136,false,אביזרי שיער,אל האופק שיווק וסחר,,,יח`,1,,false,1,15.90,15.90,false,1,
8686868600150,false,אביזרי שיער,אל האופק שיווק וסחר,,,יח`,1,,false,1,17.90,17.90,false,1,
8686868600174,false,אביזרי שיער,אל האופק שיווק וסחר,,,יח`,1,,false,1,19.90,19.90,false,1,
8690120060170,false,וופל שוקולד חלב אגוזים,רויאל קנדיס בעמ,,,יח`,0.35,100 גרם,false,1,1.90,5.43,true,1,
8690504081913,false,טינס מצופה שוקולד חלב 150 גר`,תה ויסוצקי (ישראל) בעמ,,,יח`,1.50,100 גרם,false,1,10.90,7.27,true,1,
8690504081920,false,טינס מצופה שוקולד מריר 150 גר`,תה ויסוצקי (ישראל) בעמ,,,יח`,1.50,100 גרם,false,1,10.90,7.27,true,1,
8690504081937,false,טינס שוקולד חלב וקפוצינו 150 גר`,תה ויסוצקי (ישראל) בעמ,,,יח`,1.50,100 גרם,false,1,10.90,7.27,true,1,
8690504153740,false,שוקולד מריר עם גאנש מריר 86 גר,תה ויסוצקי (ישראל) בעמ,,,יח`,1,,false,1,14.90,14.90,false,1,
8690526016207,false,מיני עוגה קרמל 144 גר`,גורי ע.ע.ע בעמ,,,יח`,1.44,100 גרם,false,1,10.90,7.57,false,1,
8690526019178,false,וופל קקאו במילוי קרם קוקוס 142 גר`,גורי ע.ע.ע בעמ,,,יח`,1.42,100 גרם,false,1,8.90,6.27,true,1,
8690637503856,false,ממרח לחיץ( 355 גר`)הלמנס,יוניליוור ישראל שיווק בעמ,,,יח`,3.55,100 גרם,false,1,16.30,4.59,true,1,
8690637506956,false,דאב שמפו למניעת קשקשים 600 גר`,יוניליוור ישראל שיווק בעמ,,,יח`,6,"100 מ""ל",false,1,15.90,2.65,false,1,
8690637835643,false,ליפטון תה ירוק לואיזה ולימונית,יוניליוור ישראל שיווק בעמ,,,יח`,0.30,100 גרם,false,1,18.50,61.67,true,1,
8690637871061,false,דאב שמפו עם שמן אבוקדו ותמצית קלנדולה,יוניליוור ישראל שיווק בעמ,,,יח`,6,"100 מ""ל",false,1,15.90,2.65,true,1,
8690766156367,false,טבלת שוקולד חלב מעולה 90 גר` גודייבה,תה ויסוצקי (ישראל) בעמ,,,יח`,0.90,100 גרם,false,1,15.90,17.67,true,1,
8690766156374,false,שוקולד מריר מעולה 72% גודייבה ( 90 גר`),תה ויסוצקי (ישראל) בעמ,,,יח`,0.90,100 גרם,false,1,15.90,17.67,true,1,
8690766156381,false,שוקולד מריר מעולה 90% גודייבה(90 גר` ),תה ויסוצקי (ישראל) בעמ,,,יח`,0.90,100 גרם,false,1,15.90,17.67,true,1,
8690766156404,false,שוקולד מריר בטעם תפוז אדום 90 גר`,תה ויסוצקי (ישראל) בעמ,,,יח`,0.90,100 גרם,false,1,15.90,17.67,true,1,
8690770322598,false,שמרים יבשים לאפיה הנמל (125 גרם),הנמל אריזות ושיווק (1984) בעמ,,,יח`,1.25,100 גרם,false,1,5.90,4.72,true,1,
8690777204071,false,פלפל חריף כבוש סרה (640 גרם),ג.וילי-פוד אינטרנשיונל בעמ,,,יח`,6.40,100 גרם,false,1,14.20,2.22,true,1,
8691058141238,false,ערמונים שלמים קלויים וקלופים 100 גר` Ave,אבאל יזמות בעמ,,,יח`,1,100 גרם,false,1,5.50,5.50,true,1,
8693323085100,false,ממתק חצוץ בצורת שטיח בטעם פירות 100 גר`,ליימן שליסל בעמ,,,יח`,1,100 גרם,false,1,6.90,6.90,false,1,
8693495002349,false,אג`קס נוזל ניקוי רצפות פרחים סגול 2 ליטר,פארמה דיל (פ.א.ב.) שיווק והפצה,,,יח`,2,1 ליטר,false,1,15.90,7.95,false,1,
8693495051002,false,קולגייט מברשת ילדים מיניונים 6+,ש.שסטוביץ בעמ,,,יח`,1,,false,1,10.90,10.90,false,1,
8693495051156,false,פלמוליב 4 סבונים חלב ורדים-יבוא מקביל .,בית הצעצוע בעמ,,,יח`,1,,false,1,8.90,8.90,false,1,
8697826469092,false,טורטיה קטנה 540 גר`12יח,דין שיווק וקליה 2021 בעמ,,,יח`,5.40,100 גרם,false,1,10.90,2.02,true,1,
8710502064814,false,עוגיות שוקולד צ`יפס רך מרבה (175 גרם),ש.שסטוביץ בעמ,,,יח`,1.75,100 גרם,false,1,10.90,6.23,true,1,
8710502139017,false,עוגיות טריפל שוקולד צ`יפס מרבה (180 גרם),ש.שסטוביץ בעמ,,,יח`,2.25,100 גרם,false,1,10.90,4.84,true,1,
8710502470028,false,עוגיות נוגטלי מרבה (160 גרם),ש.שסטוביץ בעמ,,,יח`,1.60,100 גרם,false,1,10.90,6.81,true,1,
8710732228918,false,מצת cricket,צפניה ברזילי בעמ,,,יח`,1,,false,1,5,5,false,1,
8710800961310,false,מנטוס רביעיה,ליימן שליסל בעמ,,,יח`,1.50,100 גרם,false,1,14.90,9.93,true,1,
8710908882463,false,תחליב רחצה אבוקדו500מל דאב,יוניליוור ישראל שיווק בעמ,,,יח`,5,"100 מ""ל",false,1,14.90,2.98,false,1,
8711000362570,false,קפסולות קפה אספרסו פורזה) (9 52 גר`לור,דיפלומט היינץ,,,יח`,0,100 גרם,false,1,20.90,20.90,true,1,
8711000362747,false,קפסולות קפה אספרסו ריסטרטו) (11 52 גר`ל,דיפלומט היינץ,,,יח`,1,,false,1,20.90,20.90,true,1,
8711000371176,false,קפסולות קפה אספרסו קלאסיקו ג`ייקבוס עוצמ,דיפלומט היינץ,,,יח`,1,,false,1,16.90,16.90,true,1,
8711000371183,false,קפסולות קפה אספרסו קלאסיקו אינטנסו עוצמה,דיפלומט היינץ,,,יח`,1,,false,1,16.90,16.90,true,1,
8711000371206,false,קפסולות קפה אספרסו ריסטרטו ג`ייקבוס (עוצ,דיפלומט היינץ,,,יח`,1,,false,1,16.90,16.90,true,1,
8711000371244,false,קפסולות קפה אספרסו לונגו גייקבוס,דיפלומט היינץ,,,יח`,1,,false,1,16.90,16.90,true,1,
8711000397466,false,קפסולות קפה אספרסו נטול קפואין ריסטרטו(,דיפלומט היינץ,,,יח`,1,,false,1,20.90,20.90,true,1,
8711000471296,false,קפסולות קפה אספרסו ריסטרטו) (13 52 גר`ל,דיפלומט היינץ,,,יח`,1,,false,1,20.90,20.90,true,1,
8712000051099,false,בירה היינקן 0.0% 330 מל שישייה,טמפו משקאות בעמ,,,יח`,1.98,1 ליטר,false,1,32.40,15.45,true,1,
8712400802499,false,תחליף חלב שלב 1 נוטרילון (800 גרם),דיפלומט היינץ,,,יח`,8,100 גרם,false,1,64.90,8.11,true,1,
8712400802512,false,תחליף חלב שלב 2 נוטרילון (800 גרם),דיפלומט היינץ,,,יח`,8,100 גרם,false,1,64.90,8.11,true,1,
8712561609647,false,דאב תחליב רחצה חמאת שיאה 500 מל,יוניליוור ישראל שיווק בעמ,,,יח`,5,"100 מ""ל",false,1,15.90,3.18,true,1,
8714599410806,false,ג`ייקובס קרוננג מיובש בהקפאה 160 גר` שקי,דיפלומט היינץ,,,יח`,1.60,100 גרם,false,1,18.90,11.81,true,1,
8714599412336,false,ג`ייקובס בריסטה אמריקנו 160 גר`,דיפלומט היינץ,,,יח`,1.60,100 גרם,false,1,27.90,17.44,true,1,
8714599513781,false,ג`יקובס גולד 200 גר`מיובש בהקפאה,דיפלומט היינץ,,,יח`,2,100 גרם,false,1,24.90,12.45,false,1,
8714599513835,false,ג`יקובס נטול קופאין 200 גר`מיובש בהקפאה,דיפלומט היינץ,,,יח`,2,100 גרם,false,1,33.90,16.95,false,1,
8714599513866,false,קפה נמס קרוננג ג`יקובס 200 גר`,דיפלומט היינץ,,,יח`,2,100 גרם,false,1,24.90,12.45,false,1,
8714789699110,false,פלמוליב סבון מוצק חלב שקדים רביעייה-יבוא,פארמה דיל (פ.א.ב.) שיווק והפצה,,,יח`,1,,false,1,10.90,10.90,false,1,
8714789930848,false,קולגייט משחת אופטיק וייט הלבנה מיידית 75,איינשטיין-צור יבוא-יצוא וסחר ב,,,יח`,0.75,100 גרם,false,1,14.90,19.87,false,1,
8715700110141,false,מיונז צנצנת 460 גר`היינץ,דיפלומט היינץ,,,יח`,4.60,100 גרם,false,1,12.90,2.80,true,1,
8715700110158,false,מיונז לייט צנצנת 490 גר`היינץ,דיפלומט היינץ,,,יח`,4.90,100 גרם,false,1,12.90,2.63,true,1,
8715700117805,false,מתבל עגבניות ללתס ומלח 400 מל היינץ,דיפלומט היינץ,,,יח`,4,100 גרם,false,1,12.90,3.23,true,1,
8715700120874,false,קטשופ שום 460 גר`היינץ,דיפלומט היינץ,,,יח`,4.60,100 גרם,false,1,12.90,2.80,true,1,
8715700419695,false,רוטב ברביקין מתוק 500 גר`היינץ,דיפלומט היינץ,,,יח`,5,100 גרם,false,1,18.30,3.66,false,1,
8715700419732,false,מתבל עגבניות היינץ (700 גרם),דיפלומט היינץ,,,יח`,7,100 גרם,false,1,13.20,1.89,true,1,
8715700422473,false,ממרח לחיץ היינץ 395 גר ללא חומר משמר,דיפלומט היינץ,,,יח`,3.95,100 גרם,false,1,17.30,4.38,false,1,
8715700423906,false,היינץ מתבל עגבניות 555 גר,דיפלומט היינץ,,,יח`,5.55,100 גרם,false,1,13.20,2.38,true,1,
8717163842669,false,דאב תחליב רחצה חימר ירוק 500 מל purifyi,יוניליוור ישראל שיווק בעמ,,,יח`,5,"100 מ""ל",false,1,15.90,3.18,true,1,
8717677336616,false,שוקולד מריר 70% עם שקדים ומלח טוניס שוקו,ליימן שליסל בעמ,,,יח`,1.80,100 גרם,false,1,20.90,11.61,true,1,
8717677336630,false,שוקולד חלב עם שקדים ודבש טוניס שוקולונלי,ליימן שליסל בעמ,,,יח`,1.80,100 גרם,false,1,20.90,11.61,true,1,
8717677336661,false,שוקולד מריר 70% טוניס שוקולונלי 180 גר`,ליימן שליסל בעמ,,,יח`,1.80,100 גרם,false,1,20.90,11.61,true,1,
8718951001589,false,מסיר שומנים למטבח ספריי אג`קס (600 מל)-,בית הצעצוע בעמ,,,יח`,1,,false,1,9.90,9.90,false,1,
8718951048461,false,אג`קס חלונות 750 מל יבוא מקביל טריפל אק,אופאל יאצא בעמ,,,יח`,7.50,"100 מ""ל",false,1,11.90,1.59,true,1,
8718951166288,false,משחת שיניים מקס וייט 125 מל קולגייט,ש.שסטוביץ בעמ,,,יח`,1.25,"100 מ""ל",false,1,14.90,11.92,false,1,
8718951236790,false,קולגייט טוטאל משחת שיניים קלין מינט לפה,ש.שסטוביץ בעמ,,,יח`,1,"100 מ""ל",false,1,17.90,17.90,true,1,
8718951240742,false,קולגייט טוטאל משחת שיניים פסים מרעענים ל,איינשטיין-צור יבוא-יצוא וסחר ב,,,יח`,1,"100 מ""ל",false,1,13.90,13.90,false,1,
8718951253827,false,קולגייט משחת שיניים אופטיק פחם 75 מל,איינשטיין-צור יבוא-יצוא וסחר ב,,,יח`,0.75,"100 מ""ל",false,1,14.90,19.87,true,1,
8718951312722,false,קולגייט מקס פרש ווייט קריסטל,איינשטיין-צור יבוא-יצוא וסחר ב,,,יח`,1,"100 מ""ל",false,1,14.90,14.90,false,1,
8718951313576,false,קולגייט מקס פרש קולינג קריסטל 100 מל,איינשטיין-צור יבוא-יצוא וסחר ב,,,יח`,1,"100 מ""ל",false,1,14.90,14.90,false,1,
8718951315303,false,משחת שיניים להגנה מפני עששת 100*2 קולגיי,ש.שסטוביץ בעמ,,,יח`,2,100 גרם,false,1,20.90,10.45,false,1,
8718951320093,false,קולגייט מברשות 360 אדוונס וויט 2יח,ש.שסטוביץ בעמ,,,יח`,1,,false,1,25.90,25.90,false,1,
8718951509627,false,קולגיט אופטיק וויט לאוהבי קפה 75 מל,ש.שסטוביץ בעמ,,,יח`,0.75,"100 מ""ל",false,1,30.90,41.20,false,1,
8719128117249,false,סירופ פפסי מקס 440 מל,סודהסטרים ישראל בעמ,,,יח`,4.40,"100 מ""ל",false,1,23.90,5.43,true,1,
8719128117294,false,סירופ 7UP דיאט 440 מל,סודהסטרים ישראל בעמ,,,יח`,4.40,"100 מ""ל",false,1,23.90,5.43,true,1,
8719200997998,false,בלו בנד לבישול וטיגון 200 גר`,דיפלומט היינץ,,,יח`,2,100 גרם,false,1,4.60,2.30,false,1,
8719200998001,false,בלו בנד בלי מלח 250 גר`,דיפלומט היינץ,,,יח`,2,100 גרם,false,1,4.60,2.30,false,1,
8719200998018,false,מרגרינה מחמאה בטעם חמאה 200 גר`בלובנד,דיפלומט היינץ,,,יח`,2,100 גרם,false,1,4.90,2.45,false,1,
8719200998032,false,מרגרינה למריחה בטעם חמאה (250 גרם)מזולה,דיפלומט היינץ,,,יח`,2.50,100 גרם,false,1,11.20,4.48,false,1,
8719200998049,false,מרגרינה למריחה בטעם טבעי (250 גרם)מזולה,דיפלומט היינץ,,,יח`,2.50,100 גרם,false,1,11.20,4.48,false,1,
8719200998094,false,מזולה אפייה ללא מלח 200 גר,דיפלומט היינץ,,,יח`,2,100 גרם,false,1,7.10,3.55,false,1,
8719200998100,false,מרגרינה לאפייה בטעם חמאה מזולה (200 גרם),דיפלומט היינץ,,,יח`,2,100 גרם,false,1,7.10,3.55,false,1,
8720181046605,false,דאודורנט ספריי אורגינל (150 מל)דאב,יוניליוור ישראל שיווק בעמ,,,יח`,1.50,"100 מ""ל",false,1,16.50,11,false,1,
8720181046612,false,דאודורנט רול און אורגינל דאב (50 מל),יוניליוור ישראל שיווק בעמ,,,יח`,0.50,100 גרם,false,1,16.30,32.60,true,1,
8720181090202,false,דאב תחליב רחצה שמן זית 750 מל,יוניליוור ישראל שיווק בעמ,,,יח`,7.50,"100 מ""ל",false,1,18.90,2.52,true,1,
8720181114465,false,אקס דאו ספריי לגבר 150 מל(יבוא מקביל),איינשטיין-צור יבוא-יצוא וסחר ב,,,יח`,1.50,"100 מ""ל",false,1,10.90,7.27,true,1,
8720181114489,false,אקס דאו ספרי י black 150 מל לגבר(יבו,איינשטיין-צור יבוא-יצוא וסחר ב,,,יח`,1.50,"100 מ""ל",false,1,10.90,7.27,true,1,
8720181114496,false,אקס דאו ספריי לגבר DARK TEMPTATION 150 מ,איינשטיין-צור יבוא-יצוא וסחר ב,,,יח`,1.50,"100 מ""ל",false,1,10.90,7.27,true,1,
8720181114519,false,אקס גולד דאו ספריי לגבר 150 מל(יבוא מ,איינשטיין-צור יבוא-יצוא וסחר ב,,,יח`,1.50,"100 מ""ל",false,1,10.90,7.27,true,1,
8801055707966,false,קפה טייסטרס צ`ויס בריסטה נסקפה (180 גרם),קבוצת אסם סחר שות. מוגבלת,,,יח`,1.80,100 גרם,false,1,32.90,18.28,false,1,
8801055709427,false,נסקפה טייסטרס צ`ויס אלטה ריקה 100 גרם,קבוצת אסם סחר שות. מוגבלת,,,יח`,1,100 גרם,false,1,24.90,24.90,true,1,
8801055709434,false,נסקפה טייסטרס צ`ויס קולומביה 100 גרם,קבוצת אסם סחר שות. מוגבלת,,,יח`,1,100 גרם,false,1,24.90,24.90,true,1,
8802241131664,false,חטיף אצות ים קלויות 9 יח עם מלח,טחנת האבן קואופ בעמ,,,יח`,0.4050,100 גרם,false,1,31.90,78.77,false,1,
8832774554005,false,תנור קוורץ BT-55400,קונסיגנציה-ד.ש.ש. אלקטרוניקה ב,,,יח`,1,,false,1,39,39,false,1,
8850025000026,false,משקה מי קוקוס 1 ליטר,טחנת האבן קואופ בעמ,,,יח`,10,"100 מ""ל",false,1,22.90,2.29,true,1,
8850389103111,false,סאפה 300 מל אלוורה ענבים,טמפו משקאות בעמ,,,יח`,3,"100 מ""ל",false,1,8.90,2.87,true,1,
8850389103128,false,סאפה 300 מל אלוורה תפוח,טמפו משקאות בעמ,,,יח`,3,"100 מ""ל",false,1,8.90,2.87,true,1,
8850389105832,false,משקה אלוורה תפוחים סאפה (1 ליטר),טמפו משקאות בעמ,,,יח`,1,1 ליטר,false,1,14.90,14.90,false,1,
8850632604259,false,יוגטה חמצוצים מקלות 50 גר`,ליימן שליסל בעמ,,,יח`,0.50,100 גרם,false,1,4,8,false,1,
8850632604266,false,חיספוסים מקלות בטעם קולה יוגטה (50 גרם),ליימן שליסל בעמ,,,יח`,0.50,100 גרם,false,1,4,8,false,1,
8850632604372,false,חמצוצים שטיח בטעם תות שדה יוגטה (50 גרם),ליימן שליסל בעמ,,,יח`,0.50,100 גרם,false,1,4,8,false,1,
8850632604402,false,יוגטה חמצוצים שטיח 50 גר`,ליימן שליסל בעמ,,,יח`,0.50,100 גרם,false,1,4,8,false,1,
8851613101378,false,חלב קוקוס 250 מל Aroy D,גורי מוצרי צריכה (1991) בעמ,,,יח`,2.50,"100 מ""ל",false,1,10.90,4.36,false,1,
8851613101385,false,משקה קוקוס גורי צריכה (500 מל),גורי מוצרי צריכה (1991) בעמ,,,יח`,5,"100 מ""ל",false,1,13.90,2.78,false,1,
8851613101392,false,נוזל אגוז קוקוס 1 ליטר,גורי מוצרי צריכה (1991) בעמ,,,יח`,1,1 ליטר,false,1,25.90,25.90,false,1,
8857101301008,false,רוטב צ`ילי מתוק וילי פוד (700 מל),ג.וילי-פוד אינטרנשיונל בעמ,,,יח`,7,"100 מ""ל",false,1,11.20,1.60,false,1,
8888021200256,false,סוללות אנרג ייזר-שמיניה,דנשר (1963) בעמ,,,יח`,1,,false,1,26.90,26.90,false,1,
8888021200720,false,סוללות אנרג ייזר-שמיניה,דנשר (1963) בעמ,,,יח`,1,,false,1,26.90,26.90,false,1,
8901314308436,false,מברשת שיניים קולגייט זיג זג מדיום שישייה,פארמה דיל (פ.א.ב.) שיווק והפצה,,,יח`,1,,false,1,13.90,13.90,false,1,
8901537024014,false,אורז בסמטי דאווט וילי פוד (1 קג),ג.וילי-פוד אינטרנשיונל בעמ,,,יח`,1,"ק""ג",false,1,11.90,11.90,false,1,
8901537076679,false,אורז בסמטי חום מלא 1 קג`DAAWAT וילי פוד,ג.וילי-פוד אינטרנשיונל בעמ,,,יח`,1,"ק""ג",false,1,11.90,11.90,false,1,
8959286455405,false,תנור קוורץ BT-55405,קונסיגנציה-ד.ש.ש. אלקטרוניקה ב,,,יח`,1,,false,1,69,69,false,1,
8994692541038,false,שלישייה קונוסים לגלגול,צפניה ברזילי בעמ,,,יח`,1,,false,1,6,6,false,1,
9000101537550,false,פרסיל פאוור קאפס יוניברסל,גורי שיווק בעמ,,,יח`,1,,false,1,60.90,60.90,true,1,
9002975393836,false,הריבו האפי קולה 70 גר`,משה סידס ובנו בעמ,,,יח`,0.70,100 גרם,false,1,7.90,11.29,true,1,
9002975393843,false,הריבו גולדברס 70 גר`,משה סידס ובנו בעמ,,,יח`,0.70,100 גרם,false,1,7.90,11.29,true,1,
9044400851672,false,סוכריות פז פו הדוב +3 מילויים,ר.ב מוצרי דגנים בעמ,,,יח`,0.2550,100 גרם,false,1,13.20,51.76,false,1,
9120025834723,false,חטיף אוראו מצונן 120 גר`,ג.וילי-פוד אינטרנשיונל **גבינו,,,יח`,1.20,100 גרם,false,1,15.90,13.25,true,1,
9120025839896,false,חטיף מילקה מצונן 128 גר`,ג.וילי-פוד אינטרנשיונל **גבינו,,,יח`,1.28,100 גרם,false,1,15.90,12.42,false,1,
9310072028743,false,חטיף שוקולד אורגינל טים טם (200 גרם),משה סידס ובנו בעמ,,,יח`,2,100 גרם,false,1,22.40,11.20,true,1,
9310072028750,false,חטיף שוקולד דאבל קרם טים טם (200 גרם),משה סידס ובנו בעמ,,,יח`,2,100 גרם,false,1,22.40,11.20,true,1,
9322969000015,false,פריכיות תירס 150 גר`,דנשר (1963) בעמ,,,יח`,1.50,100 גרם,false,1,15.50,10.33,false,1,
9322969000022,false,פריכיות תירס בטעם סויה וזרעים 150 גר`,דנשר (1963) בעמ,,,יח`,1.50,100 גרם,false,1,15.50,10.33,false,1,
9322969000039,false,פריכיות תירס עם ארבע דגנים מלאים 150 גר`,דנשר (1963) בעמ,,,יח`,1.50,100 גרם,false,1,15.50,10.33,false,1,
9322969000046,false,פריכיות תירס עם שומשום 150 גר`,דנשר (1963) בעמ,,,יח`,1.50,100 גרם,false,1,15.50,10.33,false,1,
9421018071508,false,יין לבן 750 מל מד האוס,היכל היין שקד גולן בעמ,,,יח`,7.50,"100 מ""ל",false,1,60.90,8.08,false,1,
9720188050109,false,גבינת טופו בטעמים צוריאל,החב` המרכזית - טרה,,,יח`,2.27,100 גרם,false,1,21.90,9.65,false,1,
