code,internal_code,name,manufacturer_name,manufacture_country,manufacturer_item_description,unit_qty,quantity,unit_of_measure,weighted,qty_in_package,price,unit_of_measure_price,allow_discount,status,item_id
11900809,false,פילה אמנון ארוז בואק,,,פילה אמנון ארוז בואק,קילוגרמים,1.00,"ק""ג",true,,29.90,29.9000,true,1,81770
18389423,false,סינטה עגל,,,סינטה עגל,קילוגרמים,1.00,"ק""ג",true,,129.00,129.0000,true,1,102170
18389430,false,סינטה עגל,,,סינטה עגל,קילוגרמים,1.00,"ק""ג",true,,129.00,129.0000,true,1,102171
18389621,false,סינטה עגל,,,סינטה עגל,קילוגרמים,1.00,"ק""ג",true,,129.00,129.0000,true,1,102172
18389638,false,סינטה עגל,,,סינטה עגל,קילוגרמים,1.00,"ק""ג",true,,129.00,129.0000,true,1,102173
32147230,false,לימונית - מיץ לימון משומר,ג'נרל מילס סאן אדריא,CH,מיץ לימון סיצילייה 2,,200.00,100 גרם,false,,8.90,0.0445,true,1,25786
40052403,false,קיט קט אצבעות 40 גרם,נסטלה Nestle,,קיט קאט אצבעות 36 גר,,36.00,"100 מ""ל",false,,4.90,0.1361,true,1,57254
72917367,false,טעמי חטיף במילוי קרם נוגט וקרמל,"שטראוס גרופ בע""מ",IL,טעמי 40 גרם,,40.00,100 גרם,false,,4.90,0.1225,true,1,32843
72940754,false,מעדן מילקי בטעם וניל עם קצפת,"שטראוס גרופ בע""מ",IL,מילקי וניל,,170.00,100 גרם,false,,3.00,0.0176,true,1,32849
72940761,false,מעדן מילקי בטעם שוקולד עם קצפת,מיוצר עי קונדיטוריית,IL,מילקי שוקו,,170.00,100 גרם,false,,3.00,0.0176,true,1,32850
72940952,false,מעדן מילקי בטעם שוקולד עם אקסטרה קצפת,"שטראוס גרופ בע""מ",IL,מילקי פי 2 קצפת,,110.00,100 גרם,false,,3.90,0.0355,true,1,32852
72940976,false,כרוב אדום אחלה 250גר,מיוצר עי קונדיטוריית,IL,כרוב אדום אחלה 250גר,,250.00,100 גרם,false,,9.50,0.0380,true,1,32853
72941041,false,מעדן מילקי מיני בטעם שוקולד עם קצפת,"שטראוס גרופ בע""מ",IL,מיני מילקי שוקולד 70,,70.00,100 גרם,false,,2.40,0.0343,true,1,32855
72945308,false,קוביות שמרים לאפיה שמרית 2*25 ג',"פאקא תעשיות בע""מ",IL,שמרית קוביות שמרים,,50.00,"100 מ""ל",false,,4.20,0.0840,true,1,32856
72961209,false,**תנובה שמנת חמוצה 15% 200מל,תנובה מרכז שיתופי לש,IL,שמנת חמוצה 15% 200מל,,200.00,100 גרם,false,,2.40,0.0120,true,1,85823
72961506,false,יוגורט עם תות 1.5% שומן 125 ג' פרילי,מיוצר עי קונדיטוריית,IL,יוגורט עם תות 1.5% פ,,125.00,"100 מ""ל",false,,3.60,0.0288,true,1,30010
72961520,false,יוגורט עם אננס 1.5% שומן 125 ג' פרילי,מיוצר עי קונדיטוריית,IL,יוגורט עם אננס 1.5%,,125.00,"100 מ""ל",false,,3.60,0.0288,true,1,30012
72961544,false,באדי יוגורט בטעם תות שדה 3%,מחלבת אלון תבור,IL,יוגורט בטעם תות שדה,,125.00,100 גרם,false,,3.10,0.0248,true,1,30013
72963753,false,שמנת אורגינל של פעם 27% שומן 200 ג' תנובה,תנובה מרכז שיתופי לש,IL,שמנת של פעם 27% תנוב,,200.00,100 גרם,false,,4.50,0.0225,true,1,30019
72964132,false,פרילי טבע עם גרנולה 1.5% 200מל,מיוצר עי קונדיטוריית,IL,פרילי טבעי עם גרנולה,,150.00,"100 מ""ל",false,,5.40,0.0360,true,1,30021
72964422,false,תנובה יוגורט פרחים 4.5% 200מל,מחלבת תנובה,IL,יוגורט פרחים תנובה 4,,200.00,100 גרם,false,,3.00,0.0150,true,1,30022
72986370,false,"גלידת בן & ג'ריס פיינטים וניל 500מ""ל",מוצרי איכות אמריקאים,IL,בן&גריס גלידה פיינטי,,420.00,100 גרם,false,,19.90,0.0474,true,1,23317
72986424,false,"גלידת בן & ג'ריס פיינטים קרם עוגיות 500מ""ל",מוצרי איכות אמריקאיי,IL,בן&גריס גלידה פיינטי,יחידה,420.00,יחידה,false,,19.90,0.0474,true,1,23318
72986448,false,"גלידת בן & ג'ריס פיינטים טופי קראנץ 500מ""ל",מוצרי איכות אמריקאיי,IL,בן&גריס גלידה טופי ק,יחידה,420.00,יחידה,false,,19.90,0.0474,true,1,23319
72986455,false,"ניו יורק סופר גלידת שוקולד, חתיכות פאדג' ואגוזים",מוצרי איכות אמריקאיי,IL,בן&גריס גלידה פיינטי,,420.00,100 גרם,false,,19.90,0.0474,true,1,23320
72986479,false,"צ'אנקי מנקי גלידת וניל, בננות, חתיכות פאדג' ואגוזים",מוצרי איכות אמריקאיי,IL,בן&גריס גלידה צאנקי,,420.00,100 גרם,false,,19.90,0.0474,true,1,23321
72989425,false,"גלידת בן & ג'ריס פיינטים שוקולד בראוניז 500מ""ל",מוצרי איכות אמריקאיי,IL,בן&גריס גלידה פיינטי,יחידה,500.00,יחידה,false,,19.90,0.0398,true,1,23322
72991008,false,פסק זמן חלב מגדים 45גרם,"שטראוס גרופ בע""מ",IL,פסק זמן חלב מגדים 45,,45.00,"100 מ""ל",false,,5.90,0.1311,true,1,87155
72991886,false,"גלידת דולצ'ה בטעם ריבת חלב עם פאדג' בן וג'ירי 500 מ""ל",מוצרי איכות אמריקאיי,IL,בן&גריס גלידה ריבת ח,,750.00,"100 מ""ל",false,,19.90,0.0265,true,1,23323
72993637,false,מעדן חלב בטעם שוקולד 125 ג' דני,מחלבת אחיהוד,IL,דני מהדרין שוקו בודד,,125.00,"100 מ""ל",false,,2.70,0.0216,true,1,32870
72994061,false,חטיף פסק זמן Z Good ופל מגולגל,שולן צ'יקולטה גידה ס,TR,פסק זמן to good,,36.00,"100 מ""ל",false,,5.90,0.1639,true,1,70745
80001027,false,חטיף קוקוס לואקר 38 גר',"כד בני דרום בע""מ",IT,לואקר טורטינה שוקולד,,21.00,100 גרם,false,,3.90,0.1857,true,1,31341
80001287,false,וופל חטיף לואקר אגוז 38 גר',לואקר Loacker,AT,גרדנה אגוז 38 גרם,,38.00,"100 מ""ל",false,,4.50,0.1184,true,1,31342
80001461,false,לואקר חטיף שוקולד 38 גר',"א. לואקר קונפקט בע""מ",AT,לואקר גרדנה שוקולד 3,,38.00,"100 מ""ל",false,,4.50,0.1184,true,1,31346
80042556,false,עגבניות מרוסקות מוטי,מוטי Mutti,IT,עגבניות חתוכות מוטי,,400.00,100 גרם,false,,15.90,0.0398,true,1,77522
80042563,false,רסק עגבניות 700 ג' (צהוב) MUTTI,"איי, בי, אינבוו",IT,רסק עגבניות 700 גרם,,700.00,"100 מ""ל",false,,13.90,0.0199,true,1,72498
80136194,false,חטיפי הפי היפו Happy Hippo במילוי קרם חלבי ואגוזי לוז,קינדר Kinder,DE,הפי היפו אגוזי לוז 1,יחידה,0.00,יחידה,false,,14.90,0.0000,true,1,79424
80176800,false,"ממרח שוקולד נוטלה, 750 גר",פררו תעשיות איטליה ס,IT,ממרח אגוזי לוז נוטלה,,750.00,100 גרם,false,,27.90,0.0372,true,1,64752
80177173,false,ממרח אגוזי לוז עם קקאו,נוטלה Nutella,IT,ממרח אגוזי לוז נוטלה,,350.00,100 גרם,false,,14.90,0.0426,true,1,31361
80177609,false,אצבעות שוקולד קינדר Kinder ארבע יחידות,קריות זול,IT,קינדר אצבעות שוקולד,,50.00,"100 מ""ל",false,,4.90,0.0980,true,1,31363
80177616,false,אצבעות שוקולד קינדר Kinder שמונה יחידות,קריות זול,IT,קינדר אצבעות שוקולד,,100.00,"100 מ""ל",false,,8.90,0.0890,true,1,31364
80773429,false,מסטיק מנטוס פיור פרש בבקבוק בינוני בטעם תות 60 ג',פרפטי ואן מלה הולנד,TR,מסטיק מנטוס פיור פרש,,60.00,100 גרם,false,,9.90,0.1650,true,1,80072
80773443,false,מסטיק מנטוס בבקבוק מעוגל בטעם מנטה מעודנת 60 ג',פרפטי ואן מלה הולנד,TR,מסטיק מנטוס בקבוק מע,,60.00,100 גרם,false,,9.90,0.1650,true,1,77703
80790990,false,מסטיק מנטוס בבקבוק מעוגל בטעם פירות -מנטה 60 ג',פרפטי ואן מלה הולנד,TR,מסטיק מנטוס בקבוק מע,,60.00,100 גרם,false,,9.90,0.1650,true,1,77704
80843184,false,מנטוס מסטיק פיור פרש בטעם ענבים 60גר,פרפטי ואן מלה הולנד,TR,מסטיק מנטוס פיור פרש,,60.00,"100 מ""ל",false,,9.90,0.1650,true,1,103318
80864059,false,וופל גרדנה עם קרם חמאת בוטנים בציפוי שוקולד חלב,לואקר Loacker,AT,גרדנה חטיף חמאת בוטנ,,38.00,"100 מ""ל",false,,4.50,0.1184,true,1,106239
80864295,false,סוכריות פיור וויט טעם מנטה עדינה 60 ג' מנטוס,פרפטי ואן מלה הולנד,TR,גומי לעיסה ללא סוכר,,60.00,"100 מ""ל",false,,9.90,0.1650,true,1,103795
80896081,false,מסטיק מנטוס פיור פרש בבקבוק בינוני בטעם אבטיח 60 ג',פרפטי ואן מלה הולנד,TR,מנטוס מסטיק פיור פרש,,60.00,"100 מ""ל",false,,9.90,0.1650,true,1,80073
80913467,false,מסטיק מנטו בבקבוק מעוגל בטעם מנטה 60 ג',פרפטי ואן מלה הולנד,TR,מסטיק מנטוס בבקבוק מ,,60.00,"100 מ""ל",false,,9.90,0.1650,true,1,77705
80936459,false,שלישיית ביצי שוקולד,,,שלישיית ביצי שוקולד,,60.00,"100 מ""ל",false,,9.90,0.1650,true,1,104329
80945468,false,סוכריות פיור וויט טעם מנטה מתוקה 60 ג' מנטוס,פרפטי ואן מלה הולנד,TR,מנטוס גומי לעיסה ללא,,60.00,"100 מ""ל",false,,9.90,0.1650,true,1,103796
80979128,false,מסטיק מנטוס פיור בטעם דובדבן 60 ג',פרפטי ואן מלה הולנד,TR,מסטיק מנטוס פיור פרש,,60.00,"100 מ""ל",false,,9.90,0.1650,true,1,103317
80982470,false,מסטיק מנטוס פיור פרוסט בטעם מנטה חזק 60 גר',פרפטי ואן מלה ברדה,TR,מנטוס מסטיק פיור פרו,,60.00,"100 מ""ל",false,,9.90,0.1650,true,1,102436
80986348,false,סוכריות פיור וויט טעם מנטה 60 ג' מנטוס,פרפטי ואן מלה הולנד,TR,גומי לעיסה ללא סוכר,,60.00,"100 מ""ל",false,,9.90,0.1650,true,1,103794
80995128,false,מנטוס - מסטיק בטעם הדרים בתוספת ויטמינים 60 גרם,פרפטי ואן מלה הולנד,TR,מנטוס מסטיק בטעם הדר,,60.00,"100 מ""ל",false,,9.90,0.1650,true,1,107306
87108651,false,מארז סוכריות מנטוס Mentos מנטה,הדקלאים אגודת שיתופי,NL,סוכריות מנטוס מנטה ר,,37.50,100 גרם,false,,12.90,0.3440,true,1,31372
87108712,false,מארז סוכריות מנטוס Mentos פירות,פרפטי ואן מלה ברדה,NL,סוכריות מנטוס רביעיי,,37.50,"100 מ""ל",false,,12.90,0.3440,true,1,31373
87311396,false,סוכריות מנטוס Mentos ריינבואו,פרפטי ואן מלה,NL,מנטוס ריינבואו גליל,,37.50,"100 מ""ל",false,,3.90,0.1040,true,1,46279
90087066,false,מיץ תפוזים 100% טבעי 1 ל' RAUCH,ראוך Rauch,,הפי דיי מיץ תפוחים ר,,1000.00,100 גרם,false,,12.90,0.0129,true,1,76267
90087974,false,"חומץ תפוחים 5% 750 מ""ל",ראוך פרוכטסאפה,,חומץ תפוחים 5% 750מל,,750.00,"100 מ""ל",false,,13.90,0.0185,true,1,72626
90087998,false,מיץ לימון טבעי 250 מ,Rauch fruchtsafte gm,,"מיץ לימון 250מ""ל",,250.00,"100 מ""ל",false,,5.90,0.0236,true,1,85219
8112100298,false,שמן שומשום טהור לא מ,Flavor full foods in,,שמן שומשום טהור 185מ,,185.00,"100 מ""ל",false,,14.90,0.0805,true,1,39496
9800800056,false,חטיף שוקולד עם מקלות לחם אנד גו,נוטלה Nutella,DE,נוטלה&גו חטיף 52גר,,52.00,100 גרם,false,,6.50,0.1250,true,1,73210
11210000094,false,"רוטב ""טבסקו"" על בסיס פלפל אדום 60 מ""ל",מקאילהייני אייבורי,US,טבסקו אדום 60מל,,60.00,100 גרם,false,,10.90,0.1817,true,1,23544
16000185517,false,דגני בוקר פייבר וואן עתירי סובין FIBRE1,בטר אנד דיפרנט,US,*מבצע* פייבר וואן דג,,555.00,"100 מ""ל",false,,19.90,0.0359,true,1,105281
16000423534,false,ניטשר ואלי חטיף שיבולת שועל שוקולד מריר קראנצי 210ג',ג'נרל מילס סאן אדריא,ES,ניטשר וואלי חטיף שיב,,210.00,"100 מ""ל",false,,21.90,0.1043,true,1,31388
16000548404,false,ניטשר ואלי חטיף קראנצי גרנולה שיבולת שועל 210 ג',ג'נרל מילס סאן אדריא,ES,ניטשר וואלי חטיף קרא,,210.00,"100 מ""ל",false,,21.90,0.1043,true,1,31391
16000548503,false,ניטשר ואלי קראנצי חטיף גרנולהומייפל 10 יח' 210 ג',ג'נרל מילס סאן אדריא,ES,נייטשר וואלי שיבולת,,210.00,"100 מ""ל",false,,21.90,0.1043,true,1,31392
18000701223,false,תערובת להכנת עוגה בטעם שוקולד,הדקלאים אגודת שיתופי,IL,תערובת עוגת שוקולד פ,,550.00,"100 מ""ל",false,,19.50,0.0355,true,1,31396
18000703494,false,תערובת עוגת וניל פיסברי 500 גר',הדקלאים אגודת שיתופי,IL,פילסברי עוגה בטעם ונ,,500.00,"100 מ""ל",false,,19.50,0.0390,true,1,31397
18000703517,false,תערובת עוגת שיש פילסברי 500 גר',הדקלאים אגודת שיתופי,IL,תערובת עוגת שיש 550ג,,550.00,100 גרם,false,,19.50,0.0355,true,1,31398
22200956932,false,דאודורנט ג'ל לגבר Fresh Rush 24h,הנסיך- מפעל לייצור ט,US,ספיד סטיק 24/7 ג'ל כ,,85.00,"100 מ""ל",false,,19.90,0.2341,true,1,29009
29424000687,false,גלילי וופל אגוז מנעמ,,,גלילי וופל אגוז מנעמ,,100.00,"100 מ""ל",false,,5.90,0.0590,true,1,83236
29424000854,false,גלילי וופל מנעמים שו,,,גלילי וופל מנעמים שו,,100.00,"100 מ""ל",false,,5.90,0.0590,true,1,83237
33200147701,false,דפים למייבש פרש אנד סופט Tropical Burst,פרש אנד סופט Frash'n soft,US,פרש & סופט ורוד 100י,,100.00,יח',false,,29.90,0.2990,true,1,28789
33617340610,false,ואזה מקמח שיפון 275 גר',כלורוקס אוקלנד,SE,פת פריכה מקמח שיפון,,250.00,100 גרם,false,,13.90,0.0556,true,1,43292
36000516876,false,קלינקס - טישו לושן 3 שכבות 75 דף,חוגלה קימברלי,GB,ממחטות קלינקס 75 יחי,,75.00,יח',false,,12.90,0.1720,true,1,97143
37600207188,false,חמאת בוטנים סקיפי קלאסי 462 גר',חברת המזון אלגוד,US,חמאת בוטנים קלאסי סק,,462.00,100 גרם,false,,24.90,0.0539,true,1,52108
37600207256,false,חמאת בוטנים סקיפי עם שברי בוטנים 462 גר',חברת המזון אלגוד,US,חמאת בוטנים עם שברי,,462.00,"100 מ""ל",false,,24.90,0.0539,true,1,52109
37600207287,false,חמאת בוטנים סקיפי עם דבש,חברת המזון אלגוד.,US,חמאת בוטנים עם דבש ס,,462.00,100 גרם,false,,24.90,0.0539,true,1,52110
38000138638,false,חטיף צ'יפס בטעם פיצה,פרינגלס מנופקצורינג,US,פרינגלס פיצה 158גר,,158.00,100 גרם,false,,10.90,0.0690,true,1,76301
38000232152,false,פרינגלס ברביקיו 158 גרם – חדש,פרינגלס מניופקצ'ורינ,US,פרינגלס ביג ברביקיו,,158.00,100 גרם,false,,10.90,0.0690,true,1,97660
38000232176,false,חטיף צ'יפס שמנת חמוצה ובצל,פרינגלס מניופקצ'ורינ,US,פרינגלס ביג שמנת ובצ,,149.00,100 גרם,false,,10.90,0.0732,true,1,97659
38000232183,false,פרינגלס אורגינל 149 גרם,פרינגלס מניופקצ'ורינ,US,פרינגלס ביג אורגינל,,149.00,100 גרם,false,,10.90,0.0732,true,1,97658
38527591053,false,קוואקר מרובעים קינמון דגני בוקר 412 גרם,BEVERAGES FOODS & SE,US,קוואקר ריבועים קינמו,,412.00,"100 מ""ל",false,,24.70,0.0600,true,1,45366
38527591060,false,דגני קוואקר מרובעים Quaker Squares עם סוכר חום,BEVERAGES FOODS & SE,US,קוואקר ריבועים סוכר,,412.00,"100 מ""ל",false,,24.70,0.0600,true,1,44698
40000514510,false,M&M אריזה קטנה's בוטנים אריזה קטנה 49 גרם,M&M אם אנד אם,,אמ&אמס עדשי שוקולד ב,,49.00,"100 מ""ל",false,,4.90,0.1000,true,1,72918
41500000428,false,חרדל חום חריף פרנציס,,,חרדל חום חריף פרנציס,,340.00,100 גרם,false,,19.90,0.0585,true,1,106072
42400108153,false,דגני בוקר צבעוניים בטעם פירות טוטי פרוטיס,פוסט Post,US,דגני פוסט טוטי פרוטי,,354.00,"100 מ""ל",false,,22.90,0.0647,true,1,101832
44164063914,false,פתיל צף מוכן לשימוש כ- 50 יחידות,שרגא SHRAGA,,פתיל צף מוכן לשימוש,יחידה,0.00,יחידה,false,,5.90,0.0000,true,1,104244
46214372250,false,"עוגיות שטרודל פריכות תפו""ע וצימוקים",מרבה Merba,NL,עוגיות שטרודל מרבה ת,,200.00,"100 מ""ל",false,,11.90,0.0595,true,1,25473
46214382259,false,עוגיות בראוניס שוקולד 225 ג',בנקטבקריי מרבה בי.וי,NL,עוגיות בראוניס שוקול,,200.00,"100 מ""ל",false,,11.90,0.0595,true,1,25474
46214731552,false,עוגיות שוקולד ציפס מובחרות 225 ג',קריניציה ויטמינה אס,NL,מרבה עוגיות 37% שוקו,,225.00,"100 מ""ל",false,,11.90,0.0529,true,1,25475
50000100347,false,"פריסקיז - מעדני החתול מועשר בחלב 1.40 ק""ג",נסטלה פורינה USA מק,US,פריסקיז מעדני החתול,קילוגרמים,1.40,"ק""ג",false,,39.90,28.5000,true,1,24242
50000168583,false,"פריסקיז אקסטרא קראנץ 1.43 ק""ג",פורינה,US,פריסקיז אקסטרא קראנץ,,1430.00,100 גרם,false,,39.90,0.0279,true,1,102445
50000225224,false,פריסקיז Friskies הודו ברוטב,פורינה Purina,US,פריסקיז פילה הודו בר,,156.00,"100 מ""ל",false,,6.50,0.0417,true,1,76214
50000292592,false,פנסי פיס סלמון וסול ברוטב עשיר 85 ג',פנסי פיסט Fancy feast,,פנסי פיסט סלמו וסול,,85.00,"100 מ""ל",false,,6.50,0.0765,true,1,56979
50000429042,false,פנסי פיסט - כבד עם מעדני עוף 85 גרם,נסטלה פורינה USA ג',US,פנסי פיסט כבד עם מעד,,85.00,100 גרם,false,,6.50,0.0765,true,1,24244
54881000062,false,תה שחור לימונית וקמומי 20 שקיות AHMAD TEA,תה אחמד Ahmad tea,,תה אנגלי שחור לימוני,יחידה,0.00,יחידה,false,,9.90,0.0000,true,1,82541
54881000109,false,תה דומדמניות שחורות,תה אחמד Ahmad tea,,תה אנגלי עם ענבי שוע,יחידה,0.00,יחידה,false,,9.90,0.0000,true,1,82542
54881000208,false,תה שחור לימון ןגינגר,תה אחמד Ahmad tea,,תה אנגלי שחור לימון,יחידה,0.00,יחידה,false,,9.90,0.0000,true,1,82543
54881004787,false,תה אהמאד ירוק 100יח',Sunshine tea (pvt) l,,תה ירוק אחמד 100יח,יחידה,0.00,יחידה,false,,15.90,0.0000,true,1,76258
54881008167,false,תה אינגליש ברקפסט 100 שקיות AHMAD TEA,תה אחמד Ahmad tea,,תה אינגליש ברק אחמד,,200.00,"100 מ""ל",false,,15.90,0.0795,true,1,76255
54881008181,false,תה אינגליש 100 שקיות AHMAD TEA,תה אחמד Ahmad tea,,תה אינגליש אחמד 100י,,0.00,"100 מ""ל",false,,15.90,0.0000,true,1,76257
54881008945,false,תה ירוק 20 שקיות AHMAD TEA,תה אחמד Ahmad tea,,תה אנגלי ירוק 20שק,יחידה,0.00,יחידה,false,,9.90,0.0000,true,1,82553
70080000016,false,חרדל אמריקאי פלוכמן Plochman's,,,חרדל לחיץ אמריק' ניצ,,297.00,"100 מ""ל",false,,9.90,0.0333,true,1,76165
73490130359,false,אפיפית קרם קרקר 250 ג,אפיפית נצרת,IL,קרם קרקר 250גר,,250.00,100 גרם,false,,6.90,0.0276,true,1,36944
76840002542,false,"גלידת בן & ג'ריס פיינט נטפליקס וצ'ילד 500מ""ל",מוצרי איכות אמריקאים,IL,בן&גריס גלידה פיינט,יחידה,0.00,יחידה,false,,19.90,0.0000,true,1,98929
76840100156,false,"גלידה צרי גרסיה בן וג'ירי 500 מ""ל",מוצרי איכות אמריקאיי,IL,גלידת בן אנד ג'ריס ד,,473.00,100 גרם,false,,19.90,0.0421,true,1,102273
76840100583,false,"גלידת וניל עם בצק עוגיות בן וג'ירי 473 מ""ל",מוצרי איכות אמריקאיי,IL,בן&גריס גלידה וניל+ב,,473.00,"100 מ""ל",false,,19.90,0.0421,true,1,23324
76840400218,false,"גלידה בן&ג'ריס תות שדה ועוגת גבינה 500מ""ל",מוצרי איכות אמריקאיי,IL,גלידת בן אנד ג'ריס ע,יחידה,473.00,יחידה,false,,19.90,0.0421,true,1,50463
77245110610,false,סוכריות מאסט ללא סוכר בטעם מנטה 80 ג'עלית,MIESZKO S.A - MS. JO,IL,מאסט סוכריות ללא סוכ,,80.00,"100 מ""ל",false,,8.90,0.1113,true,1,32891
77343000233,false,נרות חימום אורה 50,קריות זול,IL,להבונים 50יח,יחידה,0.00,יחידה,false,,9.90,0.0000,true,1,23044
77975094624,false,"סניידרס סנדוויץ בייגלה במילוי חמאת בוטנים , 226 ג'",סניידרס Snyder's,US,סניידרס שברי בייגלה,,283.50,100 גרם,false,,16.90,0.0596,true,1,100453
77975094631,false,סנדביץ בייגלה במילוי קרם בטעם צ'דר 226 גרם סניידרס,סניידרס Snyder's,,סניידרס צ'דר סנדוויץ,,266.00,"100 מ""ל",false,,16.90,0.0635,true,1,100452
77975094761,false,שברי בייגלה בטעם צ'דר 340 גרם סניידרס,סניידרס Snyder's,US,שברי בייגל בטעם גבינ,,340.00,100 גרם,false,,16.90,0.0497,true,1,102215
77975094778,false,סניידרס שברי בייגל בטעם דבש וחרדל 340 גר,סניידרס Snyder's,US,סניידרס דבש וחרדל 34,,340.00,"100 מ""ל",false,,16.90,0.0497,true,1,102708
89041081056,false,"שמן מתובל בצ'ילי, 185 מ""ל",Flavor full foods in,TH,שמן צ'ילי 185 מל,,185.00,100 גרם,false,,11.90,0.0643,true,1,91209
693493084949,false,שמן קנולה מזוכך oro 1ליטר.,קובנסקי אלווטו,RU,שמן קנולה מזוכך 1 לי,,1000.00,100 גרם,false,,10.90,0.0109,true,1,105000
693493184618,false,"שמן חמניות מזוכך 850 מ""ל אור",,,שמן חמניות מזוכך 850,,850.00,"100 מ""ל",false,,10.90,0.0128,true,1,107986
728229123811,false,חטיף על בסיס ירקות שורש בתיבול ים תיכוני,הונדורס צ'יפס יצור א,HN,טרה חטיף על בסיס ירק,,110.00,100 גרם,false,,14.90,0.1355,true,1,35600
728229124771,false,חטיף על בסיס בטטה בטעם ברביקיו,היין פיוצ'ור נטורל פ,IN,טרה חטיף על בסיס בטט,,110.00,"100 מ""ל",false,,14.90,0.1355,true,1,105838
729000189398,false,פילה מדומה מס'6מוכשר,,,פילה מדומה מס'6מוכשר,קילוגרמים,1.00,"ק""ג",true,,39.90,39.9000,true,1,102214
768404001640,false,"גלידה בן&ג'ריס קפה משפחתית 500מ""ל",מוצרי איכות אמריקאיי,IL,גלידת בן אנד ג'רי בט,,473.00,"100 מ""ל",false,,19.90,0.0421,true,1,23330
835811005728,false,עלים לקרמשניט 400 גר`,רונית מאפים בעמ,IL,עלים לקרמשניט 2*200ג,,300.00,100 גרם,false,,19.90,0.0663,true,1,49553
835811006701,false,עטרות לאפייה הנמל 24 יח',שוורצקוף& הנקל דיסלד,IL,קוקטים לאפייה 24יח,,24.00,100 מ'ל,false,,9.90,0.4125,true,1,85938
839762000641,false,משקה איילנד מנגו נקטר 1 ל',"פאראגאלה,דה אג'יפשן",EG,איילנד מנגו 1 ליטר,,1000.00,100 גרם,false,,13.90,0.0139,true,1,42854
839762000658,false,משקה נקטר איילנד גויאבה 1 ל',The Egyptian Co. for,EG,איילנד גויאבה המשקה,,1000.00,100 גרם,false,,13.90,0.0139,true,1,42855
856591000055,false,עוגיות מזרחיות קריספי שרוף במיוחד,עבאדי,IL,עוגיות עבאדי מזרחיות,,400.00,"100 מ""ל",false,,19.90,0.0497,true,1,57679
856591000062,false,עוגיות מזרחיות מלח 400 ג' עבאדי,מאפיית יוסף ושמחה עב,IL,עוגיות עבאדי מזרחיות,,400.00,"100 מ""ל",false,,19.90,0.0497,true,1,30887
856591000109,false,עבאדי עוגיות מזרחיות פריכות 400ג',מאפיית יוסף ושמחה עב,IL,עוגיות עבאדי עוגיות,,400.00,"100 מ""ל",false,,19.90,0.0497,true,1,30890
856591000512,false,עוגיות עבאדי מיני מזרחי מקלות 400ג',מאפיית יוסף ושמחה עב,IL,עוגיות מזרחיות מקלות,,400.00,"100 מ""ל",false,,19.90,0.0497,true,1,30892
856591000970,false,מאפה חיטה מקלונים - חריף 400 גרם,עבאדי,IL,עבאדי מאפה חיטה מקול,,400.00,100 גרם,false,,19.90,0.0497,true,1,106427
884912126115,false,פוסט גרייט גריינט דייטס 453 גר',הנסיך- מפעל לייצור ט,US,דגני פוסט גרייט גריי,,453.00,100 גרם,false,,25.90,0.0572,true,1,86937
884912365200,false,דגני בוקר אוראו הדור הבא 311 ג',פוסט לקיוויל,US,דגני בוקר אוראו 311,,311.00,"100 מ""ל",false,,19.90,0.0640,true,1,106979
884912377142,false,דגני בוקר האני באנצס וניל 340 ג' POST,פוסט לקיוויל,US,דגני פוסט האני בנצ'ס,,340.00,100 גרם,false,,23.90,0.0703,true,1,106052
887930411553,false,סוללה קודאק 016 1555,,,סוללה קודאק 016 1555,יחידה,0.00,יחידה,false,,13.90,0.0000,true,1,107189
3014260246693,false,ונוס 2 חד פעמי 4 סכינים,Unknown,,וונוס סימפל סכיני גי,יחידה,0.00,יחידה,false,,9.90,0.0000,true,1,74044
3014260262693,false,וונוס מכשיר גילוח לנ,פרוקטר אנד גמבל,PL,וונוס מכשיר גילוח לנ,יחידה,0.00,יחידה,false,,19.90,0.0000,true,1,68880
3046920028363,false,שוקולד מריר אקסלנס 85%,לינדט ושפרונגלי,FR,85% שוקולד לינדט אקל,,100.00,100 גרם,false,,15.90,0.1590,true,1,31068
3046920029759,false,שוקולד מריר אקסלנס 90% קקאו,לינדט ושפרונגלי ג'י.,DE,לינדט אקסלנט 90% 100,,100.00,"100 מ""ל",false,,15.90,0.1590,true,1,54847
3059943015128,false,מבשם אוויר נטול גז אקווה מיסט בניחוח לבנדר פראי ואוויר הרים,הדקלאים אגודת שיתופי,PL,איירוויק ספריי נטול,,345.00,"100 מ""ל",false,,14.90,0.0432,true,1,36047
3073781162790,false,גבינת בייבי בל אדם 1,מחלבות בל,FR,בייבי בל 120 גרם,,120.00,100 גרם,false,,21.90,0.1825,true,1,108231
3120581456267,false,שבלי מ.דה ליני לבן י,Unknown,FR,שבלי מ.דה יין לבן יב,,750.00,100 גרם,false,,99.90,0.1332,true,1,101813
3161911229199,false,אלוויר חמאה רכה 250ג,אלל אה וויר,FR,אלוויר חמאה רכה 250ג,,250.00,100 גרם,false,,21.90,0.0876,true,1,108221
3161911366429,false,חמאה רכה מלוחה אלווי,ארזינא,FR,אלוויר חמאה רכה מלוח,,250.00,"100 מ""ל",false,,21.90,0.0876,true,1,108223
3178530402353,false,עוגיות ספוג קטנות מיני מדלן,סן מישל St Michel,FR,עוגיות מיני מדלן 175,,175.00,"100 מ""ל",false,,12.90,0.0737,true,1,88321
3335121604934,false,חרדל דיזון שאטל 370,,,חרדל דיזון שאטל 370,,370.00,100 גרם,false,,9.90,0.0268,true,1,23574
3335121614933,false,חרדל דיזון גרגירים ש,,,חרדל דיזון גרגירים ש,,350.00,"100 מ""ל",false,,11.90,0.0340,true,1,23575
3387390320244,false,פיטנס Fitness דגנים מלאים עם פירות,נסטלה צרפת איטנקורט,FR,פיטנס פירות 375גר,,375.00,"100 מ""ל",false,,23.90,0.0637,true,1,24251
3387390525960,false,קראנץ' Crunch דגנים פריכים עם שוקולד,הנסיך- מפעל לייצור ט,FR,דגני קראנץ' נסטלה 50,,500.00,"100 מ""ל",false,,26.90,0.0538,true,1,24253
3574660240030,false,או בה פרו קומפורט נורמל 32יח,,,אובה טמפונים פרוקומפ,,32.00,יח',false,,19.90,0.6219,true,1,92047
3574660389128,false,"שטיפת ליסטרין 500 מ""ל קוול מנת",,,ליסטרין מי פה קול מי,,500.00,100 גרם,false,,19.90,0.0398,true,1,107224
3574660415506,false,"ליסטרין טוטאל קר סגול 500 מ""ל",,,ליסטרין טוטאל קייר ס,,500.00,100 גרם,false,,19.90,0.0398,true,1,107226
3574661487328,false,קרפרי מגני תחתון אורגינל פלוס 56 יח',הדקלאים אגודת שיתופי,IT,קרפרי תחתוניות רגיל,יחידה,0.00,יחידה,false,,14.90,0.0000,true,1,92144
3574661487618,false,קרפרי מגן תחתון מקסי לארג'' מבושם 48 יח'',הדקלאים אגודת שיתופי,IT,קרפרי תחתוניות מקסי,יחידה,0.00,יחידה,false,,14.90,0.0000,true,1,92145
3574661487625,false,מגני תחתון פלוס לארג' בניחוח עדין L,הדקלאים אגודת שיתופי,IT,קרפרי תחתוניות מקסי,יחידה,0.00,יחידה,false,,14.90,0.0000,true,1,92146
3574661491721,false,"ליסטרין - מי פה הלבנה 500 מ""ל",,,ליסטרין מי פה לבן,,500.00,"100 מ""ל",false,,19.90,0.0398,true,1,107227
3574661520469,false,שמפו לתינוק גונסון 500 מל,,,"שמפו גונסון 500 מ""ל",,500.00,100 גרם,false,,10.00,0.0200,true,1,104485
3574661520476,false,שמפו גונסון ירוק קמומיל 500 מל,,,שמפו גונסון קמומיל 5,,500.00,"100 מ""ל",false,,10.00,0.0200,true,1,104486
3574661530697,false,גונסון בייבי תרחיץ ושמפו לתינוק 500,ג'ונסונס Johnson's,IT,גונסון בייבי תרחיץ ו,,500.00,100 גרם,false,,17.90,0.0358,true,1,84402
3574661552576,false,קרפרי מגן תחתון רגיל טנגה לבן 56 יח חדש,הדקלאים אגודת שיתופי,IT,קרפרי מגן תחתון רגיל,,56.00,יח',false,,14.90,0.2661,true,1,99045
3574661552811,false,קרפרי כותון אוורירי 56 יח',הדקלאים אגודת שיתופי,GR,קרפרי כותון אוורירי,יחידה,0.00,יחידה,false,,14.90,0.0000,true,1,99046
3574661554877,false,מגן תחתון אוורירי מבושם,הנסיך- מפעל לייצור ט,GR,קרפרי מגן תחתון אוור,,56.00,יח',false,,14.90,0.2661,true,1,99047
3607345264912,false,"אדידס פיוז'ן ספריי גוף אייס דייב לגברים 150 מ""ל",המאפיה של הרמן,ES,פיוז'ן ספריי גוף איי,,150.00,100 גרם,false,,14.90,0.0993,true,1,87105
3607345265117,false,"אדידס - דאודורנט ספריי לגבר טים פורס 150 מ""ל",מיוצר עי קונדיטוריית,ES,פיוז'ן ספריי גוף טים,,150.00,"100 מ""ל",false,,14.90,0.0993,true,1,25821
3608580075646,false,קונפיטורת שזיפים בון,,FR,קונפיטורה שזיפים 370,,370.00,100 גרם,false,,19.90,0.0538,true,1,106064
3608580730286,false,קונפיטורה בון ממאן ארבע עונות 370 גר',אנדרוס,FR,קונפיטורה 4 פירות 37,,370.00,"100 מ""ל",false,,19.90,0.0538,true,1,56181
3614223736003,false,"אדידס - דאודורנט ספריי לגבר אדיפיור 150 מ""ל",איגפק אס.איי,PT,אדידס דאודורנט ספריי,,150.00,"100 מ""ל",false,,13.90,0.0927,true,1,103375
3800020423578,false,חטיף שוקולד חלב צאנקי 40 ג' קיט קט,נסטלה Nestle,BG,קיט קאט צאנקי 40 גרם,,40.00,"100 מ""ל",false,,4.90,0.1225,true,1,36250
3838824127149,false,צבע לשיער פלטה - 1-1 שחור כחול,שוורצקוף Schwarzkopf,DE,פאלטה-צבע לשיער שחור,יחידה,0.00,יחידה,false,,19.90,0.0000,true,1,81716
3838824127248,false,פלטה סמי קיט חום בהיר 5-0 צבע שיער,שוורצקוף Schwarzkopf,DE,פאלטה-צבע לשיער חום,יחידה,0.00,יחידה,false,,19.90,0.0000,true,1,81719
3838824127286,false,צבע לשיער פלטה - 7-0 בלונד בינוני,שוורצקוף Schwarzkopf,DE,פאלטה-צבע לשיער בלונ,יחידה,0.00,יחידה,false,,19.90,0.0000,true,1,81721
3838824127309,false,פלטה סמי קיט בלונד בהיר 8-0 צבע שיער,שוורצקוף Schwarzkopf,DE,פאלטה-צבע לשיער בלונ,יחידה,0.00,יחידה,false,,19.90,0.0000,true,1,81722
3838824193915,false,צבע לשיער פאלטה סמי קיט שחור 0-1,שוורצקוף Schwarzkopf,DE,פאלטה-צבע לשיער שחור,יחידה,0.00,יחידה,false,,19.90,0.0000,true,1,81723
3838824240275,false,פאלטה סמי קיט 6-65 נוגט,הנקל סוד,DE,פאלטה-צבע לשיער נוגט,יחידה,0.00,יחידה,false,,19.90,0.0000,true,1,56421
3838824276007,false,פלטה סמי קיט 9-0 בלונד בהיר מאוד,הנקל סוד,DE,פאלטה-צבע לשיער בלונ,יחידה,0.00,יחידה,false,,19.90,0.0000,true,1,81724
3838824380902,false,צבעי שיער בלונד סופר בהיר 10-0 סמי קיט פאלטה,,,פאלטה-צבע לשיער סמי,יחידה,0.00,יחידה,false,,19.90,0.0000,true,1,103832
3838824380940,false,צבעי שיער בלונד בהיר אפרפר 8-1 סמי קיט פאלט,,,פאלטה-צבע לשיער סמי,יחידה,0.00,יחידה,false,,19.90,0.0000,true,1,103833
3838824380988,false,צבעי שיער בלונד כסוף אפרפר 12-21 סמי קיט פאלטה,,,פאלטה-צבע לשיער סמי,יחידה,0.00,יחידה,false,,19.90,0.0000,true,1,103834
4000415040109,false,שוקולד שוגטן קרמל 10,,,שוגטן בראוניז 100 ג,,100.00,"100 מ""ל",false,,6.90,0.0690,true,1,88897
4000415111908,false,שוקולד שוגטן 100 גר,,,שוגטן גלידה 100 ג,,100.00,"100 מ""ל",false,,6.90,0.0690,true,1,89660
4000417022004,false,שוקולד ריטר ספורט צימוק אגוז 100 גרם חלב נוכרי,ריטר ספורט Ritter sport,DE,שוקולד קולד ריטר צימ,,100.00,100 גרם,false,,8.90,0.0890,true,1,31410
4000417026002,false,שוקולד ריטר ספורט פרלין 100 גרם חלב נוכרי,ריטר ספורט Ritter sport,DE,שוקולד ריטר ספורט פר,,100.00,100 גרם,false,,8.90,0.0890,true,1,31413
4000417212009,false,שוקולד ריטר ספורט מריר תפוז שקד 100 ג' חלב נוכרי,ריטר ספורט Ritter sport,,שוקולד ריטר ספורט מר,,100.00,100 גרם,false,,8.90,0.0890,true,1,83690
4000417219008,false,שוקולד ריטר ספורט דו,RITTER SPORT,,שוקולד ריטר ספורט דו,,100.00,100 גרם,false,,8.90,0.0890,true,1,106241
4000417222008,false,שוקולד ריטר ספורט חלב+שברי אגוזים 100 גרם חלב נוכרי,ריטר ספורט Ritter sport,DE,ריטר ספורט שוקולד חל,,100.00,"100 מ""ל",false,,8.90,0.0890,true,1,57742
4000417294005,false,שוקולד ריטר מוס קקאו 100 גרם חלב נוכרי,ריטר ספורט Ritter sport,DE,ריטר ספורט שוקולד חל,,100.00,100 גרם,false,,8.90,0.0890,true,1,57988
4000522061752,false,בייגלה צ'יו מקלות מלוחים 100 גרם,צ'יו Chio,,בייגלה צ'יו מקלות 10,,100.00,100 גרם,false,,4.90,0.0490,true,1,51887
4000607854705,false,שוקולד שוגטן יוגורט,קריות זול,,שוגטן תות 100גר,,100.00,"100 מ""ל",false,,6.90,0.0690,true,1,89674
4000869032569,false,הפי פרש מטהר אוויר 150 ג',רלוי,,הפי פרש מבשם ומטהר א,,150.00,100 גרם,false,,8.90,0.0593,true,1,27841
4002448017684,false,"סיליט באנג ספריי רב שימושי כתום 750 מ""ל",הדקלאים אגודת שיתופי,PL,סיליט באנג ספריי רב,,750.00,"100 מ""ל",false,,12.90,0.0172,true,1,36057
4002448019480,false,"סיליט באנג ספריי מסיר שומנים 750 מ""ל",סיליט באנג Cillit Bang,PL,סיליט באנג ספריי מסי,,750.00,100 גרם,false,,12.90,0.0172,true,1,36058
4002631025069,false,בירה גרמנית קוניגסבכר Konigsbacher,קרלסברג יבוא יצוא,DE,בירה קוניגסבכר פחית,,500.00,100 גרם,false,,5.90,0.0118,true,1,78757
4004666042004,false,משמיד עובש עם מרסס מלרוד Mellerud,מרלוד,DE,מלרוד מרסס משמיד עוב,,500.00,"100 מ""ל",false,,29.90,0.0598,true,1,90211
4004715020755,false,קישוטי עוגה פרינס אנד פרינסס 75 ג',היינץ צפון אמריקה מק,DE,פרינס אנד פרינסס קיש,,75.00,"100 מ""ל",false,,14.90,0.1987,true,1,42358
4005808293469,false,"ניוואה - דאודורנט ספריי לגבר יבש 150 מ""ל",BEIERSDORF MANUFACTU,DE,ניוואה דאודורנט ספרי,,150.00,100 גרם,false,,14.90,0.0993,true,1,104094
4005808366392,false,שפתון כחול בליסטר לבלו,טרופיקל דגיל תעשיות,DE,שפתון לבלו כחול בליס,יחידה,0.00,יחידה,false,,10.00,0.0000,true,1,88167
4005808406029,false,"ניוואה - תחליב רחצה סופט 750 מ""ל",,,ניוואה תחליב רחצה סו,,750.00,100 ליטר,false,,14.90,0.0199,true,1,99105
4005808850723,false,שפתון לבלו תות בליסט,טרופיקל דגיל תעשיות,DE,שפתון לבלו תות בליסט,יחידה,0.00,יחידה,false,,10.00,0.0000,true,1,88170
4005808890507,false,ניוואה סופט קרם לחות 200מל,ניוואה Nivea,IT,ניוואה קרם סופט לחות,,200.00,100 גרם,false,,24.90,0.1245,true,1,99089
4005808890576,false,"ניוואה קרם ידיים סופט, 75 מ""ל",ניוואה Nivea,DE,ניוואה קרם ידיים שפו,יחידה,0.00,יחידה,false,,11.90,0.0000,true,1,99090
4005900036476,false,"ניוואה - דאודורנט רול און לאישה בלק אנד וויט קליר 50 מ""ל",טרופיקל דגיל תעשיות,DE,ניוואה רול און בלק א,,50.00,100 גרם,false,,12.90,0.2580,true,1,88171
4005900036506,false,"ניוואה - דאודורנט רול און לגבר שקוף בלק 50 מ""ל",טרופיקל דגיל תעשיות,DE,ניוואה דאו רול און ש,,50.00,100 גרם,false,,12.90,0.2580,true,1,88172
4005900551412,false,לבלו שפתון לחות SPF30 להגנה מפני השמש,,,שפתון לבלו סאן פרוט,יחידה,0.00,יחידה,false,,10.00,0.0000,true,1,105865
4005900555915,false,"ניוואה - תחליב רחצה קוקוס וחוחובה 750 מ""ל",ביירסדורף AG,DE,ניוואה תחליב רחצה קו,,750.00,100 מ'ל,false,,14.90,0.0199,true,1,99196
4005900633125,false,"ניוואה - דאודורנט ספריי לגבר דיפ אספרסו 150 מ""ל",,,ניוואה מן דאו ספריי,,150.00,יח',false,,14.90,0.0993,true,1,106087
4005900648181,false,"ניוואה - תחליב רחצה אלוורה 750 מ""ל",ביירסדורף AG,DE,ניוואה תחליב רחצה אל,,750.00,יח',false,,14.90,0.0199,true,1,103220
4005900833723,false,"ניוואה - פאוור פרש ג'ל רחצה לגבר 500 מ""ל",,,ניוואה ג'ל רחצה לגב,,500.00,100 גרם,false,,14.90,0.0298,true,1,103824
4008287058161,false,בירה קרומבאכר פילס 4.8% שישיה 6 * 330 מל,מנדלז סי.אר. פרודקשן,DE,שישיית בירת קרומבכר,,1980.00,"100 מ""ל",false,,29.90,0.0151,true,1,103234
4009300522935,false,תה פומפדור תה ירוק לימונית ולואיזה 20 יח',"איטיליאן פוד, אס.פי.",DE,פומפדור תה ירוק לימו,,30.00,"100 מ""ל",false,,17.90,0.5967,true,1,85597
4009300522966,false,פומפדור תה ירוק נענע 20 שקיקים,"איטיליאן פוד, אס.פי.",DE,פומפדור תה ירוק נענע,,36.00,"100 מ""ל",false,,17.90,0.4972,true,1,52517
4009300524588,false,תה פומפדור חליטת צמחים פירות יער 20 יח',פומפדור Pompadour,DE,פומפדור חליטת תה פיר,,60.00,"100 מ""ל",false,,14.90,0.2483,true,1,29070
4009300525684,false,חליטת צמחים ג'ינג'ר לימונית,פומפדור Pompadour,DE,פומפדור חליטות גינגר,יחידה,0.00,יחידה,false,,14.90,0.0000,true,1,46424
4009300526438,false,פומפדור תה ירוק קלאסי 30 ג',"איטיליאן פוד, אס.פי.",DE,פומפדור תה ירוק קלאס,יחידה,0.00,יחידה,false,,17.90,0.0000,true,1,85598
4009300528821,false,תה ירוק ג'ינג'ר קינמון פומפדור 30 ג',פומפדור Pompadour,DE,פומפדור תה ירוק גינג,,30.00,"100 מ""ל",false,,17.90,0.5967,true,1,92774
4009300528845,false,תה ירוק לימונית דבש פומפדור 30 ג',פומפדור Pompadour,DE,פומפדור תה ירוק לימו,,30.00,100 גרם,false,,17.90,0.5967,true,1,92775
4009300595106,false,חליטת צמחים קמומיל דבש פומפדור 45 ג',,,פומפדור חליטת צמחים,,30.00,"100 מ""ל",false,,14.90,0.4967,true,1,100682
4009900402965,false,מסטיק אורביט וויט בטעם פירות ללא סוכר,ריגלי פולין,PL,אורביט ווייט בקבוקון,,65.00,"100 מ""ל",false,,10.90,0.1677,true,1,47563
4009900403023,false,מסטיק אורביט בקבוקון דאבל white קלאסי 64ג',"ב.א מזון בע""מ",PL,אורביט ווייט בקבוקון,,64.00,100 גרם,false,,10.90,0.1703,true,1,47564
4009900420129,false,מסטיק אורביט פרופשנל פפרמינט בקבוקון 64 גר',מרס נדרלנד,PL,אורביט פרופשיונל פפר,,64.00,"100 מ""ל",false,,10.90,0.1703,true,1,83244
4009900465304,false,סוכריות סקיטלס פירות חמוצים 174 גרם,סקיטלס Skittles,CZ,סוכריות סקיטלס בטעם,,174.00,"100 מ""ל",false,,9.90,0.0569,true,1,87907
4009900479998,false,מסטיק אורביט בטעם אוכמניות ללא סוכר,ריגלי פולין,PL,אורביט אוכמניות בקבו,יחידה,0.00,יחידה,false,,10.90,0.0000,true,1,52998
4009900482417,false,מסטיק אורביט פירות מנטה בקבוקון באבל מינט 45יח,ריגלי פולין,PL,אורביט באבל מינט בקב,יחידה,0.00,יחידה,false,,10.90,0.0000,true,1,48390
4009900531122,false,"מסטיק בטעם מנטה ספירמינט, 64 ג' פרופשיונל אורפיט",מרס נדרלנד,PL,אורביט פרופשיונל פפר,,64.00,"100 מ""ל",false,,10.90,0.1703,true,1,83245
4009900536288,false,מסטיק אורביט רפרשרס פפרמינט בקבוקון ללא סוכר 67 גר',מרס ריגלי קונפקשונרי,PL,אורביט רפרשרס פפרמינ,,67.00,100 גרם,false,,11.90,0.1776,true,1,102451
4009900536486,false,מסטיק אורביט רפרשרס באבלמינט בקבוקון ללא סוכר 67 גר',מרס ריגלי קונפקשונרי,PL,אורביט רפרשרס באבלמי,,67.00,"100 מ""ל",false,,11.90,0.1776,true,1,102452
4009900539685,false,"מסטיק פייב באונס בטעם מנטה בקבוקון, 61.8 גרם",ריגלי בעמ רוסיה,PL,מסטיק פייב באונס בטע,,61.80,100 גרם,false,,11.90,0.1926,true,1,106989
4009900539746,false,"מסטיק פייב באונס בטעם אבטיח בקבוקון, 61.8 גרם",ריגלי בעמ רוסיה,PL,מסטיק פייב באונס בטע,,61.80,100 גרם,false,,11.90,0.1926,true,1,106991
4009900540551,false,מסטיק אורביט רפרשרס טרופיקל בקבוקון ללא סוכר,מרס פולין,PL,אורביט רפרשרס טרופיק,,67.00,"100 מ""ל",false,,11.90,0.1776,true,1,105460
4011800528416,false,חטיף דגנים עם בוטנים מתוק מלוח,קורני Corny,,קורני בייס סויט&סול,,150.00,100 גרם,false,,12.90,0.0860,true,1,101011
4011800567613,false,חטיף קורני מילק Corny milk שחור לבן,מיוצר עי קונדיטוריית,DE,קורני סנדביץ שחור לב,,120.00,100 גרם,false,,12.90,0.1075,true,1,51614
4011800628512,false,חטיף דגנים עם שוקולד חלב,מיוצר עי קונדיטוריית,DE,קורני חטיף דגנים עם,,150.00,"100 מ""ל",false,,12.90,0.0860,true,1,50823
4011800629519,false,חטיף דגנים עם אגוזי לוז,קורני Corny,DE,קורני חטיף דגנים עם,,150.00,"100 מ""ל",false,,12.90,0.0860,true,1,50824
4011800630515,false,חטיף דגנים עם שוקולד חלב ובננה,מיוצר עי קונדיטוריית,DE,קורני חטיף דגנים עם,,150.00,"100 מ""ל",false,,12.90,0.0860,true,1,50825
4011800632519,false,חטיף דגנים עם שוקולד חלב וקוקוס,מיוצר עי קונדיטוריית,DE,קורני חטיף דגנים עם,,150.00,"100 מ""ל",false,,12.90,0.0860,true,1,50827
4011800633516,false,חטיף דגנים עם שוקולד מריר מעולה,שוורטאוור וורקה,DE,קורני חטיף דגנים עם,,150.00,100 גרם,false,,12.90,0.0860,true,1,50828
4014400900217,false,בונבונירה מרסי 400 גרם חלבי - נוכרי,קריניציה ויטמינה אס,DE,*מבצע* בונבונירה מרס,,400.00,100 גרם,false,,44.90,0.1122,true,1,31430
4014400901191,false,בונבונירה מרסי קלאסי 250 גרם חלב נוכרי,אוגוסט שטורק,DE,*מבצע* בונבונירה מרס,,250.00,100 גרם,false,,22.90,0.0916,true,1,31433
4014400910063,false,סוכריות וורטר טופי חמאה 135ג',אוגוסט שטורק,DE,וורטרס אורגינל סוכרי,,135.00,"100 מ""ל",false,,9.90,0.0733,true,1,31445
4014400914924,false,סוכריות וורטר אורגינל ללא סוכר קפה 80 ג',קריניציה ויטמינה אס,DE,וורטרס אוריגינל ללא,,80.00,"100 מ""ל",false,,9.90,0.1238,true,1,31453
4014400920857,false,סוכריות וורטר Werther's בטעם שוקולד ללא סוכר,קריניציה ויטמינה אס,DE,סוכריות וורטר בטעם ש,,70.00,"100 מ""ל",false,,9.90,0.1414,true,1,54060
4014400923711,false,טופיפי 125 גר' - חלב נוכרי,אוגוסט שטורק,DE,טופיפי 125גרם,,125.00,"100 מ""ל",false,,12.90,0.1032,true,1,75330
4014400925319,false,סוכריות וורטר פופקורן קרמל 140 גר',וורטרס Werther's,DE,פופקורן קרמל וורטרס,,140.00,"100 מ""ל",false,,14.90,0.1064,true,1,101095
4014400929010,false,חטיף וופל מיני קנופרס 200 גרם,קנופרס,,וופל מיני קנופרס 200,,200.00,100 גרם,false,,19.90,0.0995,true,1,106956
4015000031394,false,"ספטיל - משחה להסרת כתמים 200 מ""ל",קריות זול,IL,ספטיל מסיר כתמים 200,,200.00,100 גרם,false,,18.90,0.0945,true,1,30628
4015000519915,false,"פה - דאודורנט ספריי לאישה פינק פרדייס 200 מ""ל",קריות זול,DE,פה ספריי פינק פרדייס,,200.00,100 גרם,false,,15.90,0.0795,true,1,30636
4015000615921,false,"פה - דאודורנט ספריי לגבר ספורט 200 מ""ל",הנקל סוד,DE,פה ספריי ספורט 200מל,,200.00,100 גרם,false,,15.90,0.0795,true,1,30663
4015000940955,false,שמפו גליס Gliss שיקום נזק קיצוני אולטימט ריפייר,שוורצקוף Schwarzkopf,DE,גליס אולטימט ריפייר,,400.00,"100 מ""ל",false,,15.90,0.0398,true,1,42662
4015000996273,false,מרכך גליס Gliss תמצית שמן אולטימטיבי,שוורצקוף Schwarzkopf,DE,מרכך גליס אולטימטיב,,400.00,"100 מ""ל",false,,15.90,0.0398,true,1,83734
4015400731719,false,תחבושות היגייניות אולוויז יום ולילה Day & Night,פרוקטר אנד גמבל,UA,אולוויז תחבושות דואו,יחידה,0.00,יחידה,false,,19.90,0.0000,true,1,57868
4015600762742,false,שמפו יומיומי למניעת קשקשים הנוסחה הקלאסית,פרוקטר אנד גמבל,RO,הד&שולדרס שמפו קלאסי,,500.00,100 גרם,false,,21.90,0.0438,true,1,48461
4015600762780,false,שמפו וקונדישינר יומיומי למניעת קשקשים הנוסחה הקלאסית 2in1,פרוקטר אנד גמבל,RO,הד&שולדרס שמפו קלאסי,,500.00,100 גרם,false,,21.90,0.0438,true,1,48462
4015600762902,false,"שמפו מנטול הד אנד שולדרס 500 מ""ל",פרוקטר אנד גמבל,RO,הד&שולדרס שמפו מנטול,,500.00,100 גרם,false,,21.90,0.0438,true,1,48465
4015600762940,false,שמפו יומיומי למניעת קשקשים בניחוח תפוח,פרוקטר אנד גמבל,RO,הד&שולדרס שמפו תפוח,,500.00,100 גרם,false,,21.90,0.0438,true,1,48466
4015600763022,false,שמפו יומיומי למניעת קשקשים לשיער יבש/פגום לשיער רך כמשי,פרוקטר אנד גמבל,RO,הד&שולדרס שמפו מגע מ,,500.00,100 גרם,false,,21.90,0.0438,true,1,48468
4015600766900,false,"שמפו ומרכ ך נגד קשקשים 500 מ""ל הד אנד שולדרס",פרוקטל אנד גמבל,RO,הד&שולדרס שמפו 2ב1 מ,,500.00,100 גרם,false,,21.90,0.0438,true,1,51639
4017100198151,false,עוגיות היט Hit קקאו במילוי קרם וניל,הדקלאים אגודת שיתופי,PL,בלזן עוגיות סנדוויץ,,220.00,"100 מ""ל",false,,8.90,0.0405,true,1,54075
4017100364112,false,עוגיות היט Hit במילוי קרם בטעם שוקולד,הדקלאים אגודת שיתופי,PL,בלזן עוגיות סנדוויץ,,220.00,"100 מ""ל",false,,8.90,0.0405,true,1,53831
4018344564610,false,פילה הרינג ברוטב עגבניות 200 ג' לארסן,,,פילה הרינג ברוטב עגב,,200.00,"100 מ""ל",false,,10.90,0.0545,true,1,107464
4022025001905,false,יין בלו ווין מבעבע זהב כשר 750 מל,היי סישל סוהן טראבן,DE,בלו וויין מבעבע זהב,,750.00,100 גרם,false,,57.90,0.0772,true,1,103518
4022025001929,false,בלו וויין מבעבע כחול,יקב רמת הגולן,IL,בלו וויין מבעבע כחול,,750.00,100 גרם,false,,57.90,0.0772,true,1,103517
4022025261002,false,יין בלו ווין גוורצטרמינר 750 מל,לנגוט טראבן,DE,בלו וויין גוורצטרמינ,,750.00,100 גרם,false,,54.90,0.0732,true,1,100528
4025700001962,false,שוקולד מילקה לבן 100 גר',פי אר ג'יי אס סי מונ,HU,מילקה טבלת שוקולד לב,,100.00,"100 מ""ל",false,,7.90,0.0790,true,1,107165
4052197000017,false,בירה בנדיקטינר בקבוק,בנדיקטינר וויצבראו,DE,בירה בהירה בנדקטינר,,500.00,"100 מ""ל",false,,10.90,0.0218,true,1,76109
4052197000369,false,בירה בנדקטינר מארז שישיה,בנדיקטינר,DE,בירה בנדקטינר בקבוק,,1980.00,100 גרם,false,,49.90,0.0252,true,1,75709
4052197001281,false,בירה בנדיקטינר פחית,בנדקטינר,,בירה בנדיקטינר אטטל,,500.00,100 גרם,false,,9.90,0.0198,true,1,75713
4064666232409,false,"וולה - פלקס מוס לעיצוב אקסטרה גמיש 200 מ""ל",,,וולה פלקס מוס לעיצוב,,200.00,"100 מ""ל",false,,25.90,0.1295,true,1,107290
4064666232416,false,"וולה - פלקס מוס לעיצוב אולטרה גמיש 200 מ""ל",,,וולה פלקס מוס לעיצוב,,200.00,"100 מ""ל",false,,25.90,0.1295,true,1,107292
4066600612049,false,בירה פאולנר אוקטוברפ,מבשלת פאולנר,DE,בירה פאולנר אוקטוברפ,,500.00,"100 מ""ל",false,,13.90,0.0278,true,1,85093
4084500065536,false,"קרם לחות לחות מוגברת פנטן 300 מ""ל",פרוקטר אנד גמבל,FR,פנטן קרם לחות לשיער,,300.00,100 גרם,false,,18.90,0.0630,true,1,76276
4084500065598,false,"קרם לחות לתלתלים מושלמים פנטן 300מ""ל",פנטן Pantene,,פנטן קרם לחות לתלתלי,,300.00,100 גרם,false,,18.90,0.0630,true,1,76278
4084500088917,false,"נוזל כלים פיירי לימון 650 מ""ל",פרוקטר אנד גמבל,GB,פיירי נוזל לכלים צהו,,650.00,100 גרם,false,,10.90,0.0168,true,1,52688
4100130937163,false,מארז בירה בקס שישייה,"איי, בי, אינבוו",DE,בירה גרמנית בקס שישי,,1650.00,"100 מ""ל",false,,29.90,0.0181,true,1,97957
4260147890551,false,איטריות ביצים רצועות,דין שיווק,PL,אטריות ביצים רצועות,,500.00,100 גרם,false,,9.90,0.0198,true,1,67816
4603928000976,false,"וודקה בלוגה נובל 700 מ""ל+כוס",מרינסקי ליקרו-וודאצ',RU,וודקה בלוגה 700 מל,,700.00,100 מ'ל,false,,119.00,0.1700,true,1,92304
4605561010305,false,פילה הרינג עם שמיר בשמן חתיכות 500גר RS,,,פילה הרינג עם שמיר ב,,500.00,"100 מ""ל",false,,29.90,0.0598,true,1,102920
4605561010343,false,פילה הרינג בשמן חתיכות 500גר RS,,,פילה דג הרינג בשמן ח,,500.00,"100 מ""ל",false,,29.90,0.0598,true,1,102918
4605561010350,false,חתיכות פילה הרינג בשמן פלסטיק 200 גר RS,,,חתיכות פילה הרינג בש,,200.00,"100 מ""ל",false,,11.90,0.0595,true,1,100609
4605561011975,false,חתיכות פילה הרינג בשמן 150 גר RS,,,חתיכות פילה הרינג בש,,150.00,"100 מ""ל",false,,8.90,0.0593,true,1,100610
4605561012613,false,פילה הרינג (קצוץ) בשמן 400 גר RS,,,פילה הרינג (קצוץ) בש,,400.00,100 גרם,false,,18.90,0.0472,true,1,100613
4640018993398,false,קפסולות ג'יל רגיל קואנטום 60 יח' פיניש,רקיט בנקיזר,PL,פיניש קוואנטום 60 קפ,,60.00,יח',false,,54.90,0.9150,true,1,100695
4751003924010,false,סלט טונה עם ירקות מקסיקני 185 ג' לארסן,,,לרסן סלט טונה בסגנון,,185.00,100 גרם,false,,11.90,0.0643,true,1,107456
4751007738064,false,שפרוטים מעושנים בשמן,,,לרסן שפרוטים מעושנים,,160.00,"100 מ""ל",false,,11.90,0.0744,true,1,107451
4751007738095,false,סלט סלמון עם ירקות מקסיקני 220 ג' לארסן,,,לרסן סלט סלמון מקסיק,,220.00,100 גרם,false,,11.90,0.0541,true,1,107452
4751007738101,false,סלט סלמון עם ירקות איטלקי 220 ג' לארסן,,,לרסן סלט סלמון איטלק,,220.00,100 גרם,false,,11.90,0.0541,true,1,107458
4751007739917,false,סלמון ברובמיץ טבעי 1,,,סלמון ברובמיץ טבעי 1,,185.00,"100 מ""ל",false,,10.90,0.0589,true,1,106487
4770237049443,false,גלידת שמנת בטעם קרמל- קרם ברולה פלומביר בגביע וופל אישי 70 גר' SVALIA,Svalya,,פלומביר גלידה קרם בר,יחידה,0.00,יחידה,false,,5.90,0.0000,true,1,75439
4770237049450,false,גלידת שמנת בטעם וניל בגביע וופל אישי פלומביר 70 גר' SVALIA,Svalya,,פלומביר גלידה בכוס 7,יחידה,0.00,יחידה,false,,5.90,0.0000,true,1,75440
4770237050432,false,גלידת שמנת בטעם שוקולד פלומביר בגביע וופל אישי 70 גר' SVALIA,,,פלומביר גלידה שוקולד,יחידה,0.00,יחידה,false,,5.90,0.0000,true,1,75441
4770237052092,false,גלידת שמנת בטעם וניל בציפוי צימקאו בגביע וופל אישי 85 גר' SVALIA,,,"גלידה סליבוצ""נאיה בג",יחידה,0.00,יחידה,false,,5.90,0.0000,true,1,75444
4800888150080,false,"דאב - דאודורנט רול און לאישה פרש טאצ' מלפפונים 50 מ""ל",יוניליוור פיליפינים,PH,דאב רולאון מלפפונים,,50.00,100 גרם,false,,14.90,0.2980,true,1,55713
4800888209368,false,רקסונה - דאודורנט סטיק לגבר אקסטרא קול 50 גרם,,,רקסונה מן סטיק אקסטר,,50.00,"100 מ""ל",false,,14.90,0.2980,true,1,98398
4800888219541,false,רקסונה - דאודורנט סטיק לאישה פאוודר דרי 50 גרם,,,רקסונה דאודורנט סטיק,,50.00,"100 מ""ל",false,,14.90,0.2980,true,1,103753
4810168000011,false,פילה דג הרינג מלוח מצונן 250ג',,,פילה דג הרינג מלוח מ,,250.00,"100 מ""ל",false,,16.90,0.0676,true,1,83340
4810168001056,false,פילה דג הרינג מלוח מצונן בצנצנת חתיכות 260ג',,,חתיכות פילה דג הרינג,,260.00,"100 מ""ל",false,,19.90,0.0765,true,1,83343
4810168038977,false,"גלידת שמנת בטעם וניל בגביע וופל אישי פלומביר ""75 ""YUKKIג'",,,גלידה YUKKI פלומביר,,70.00,"100 מ""ל",false,,5.90,0.0843,true,1,82169
4810168045098,false,גלידה קרם ברולה פלומ,santa bremor,,גלידה YUKKI קרם ברול,,70.00,100 גרם,false,,5.90,0.0843,true,1,82164
4810168053031,false,גלידה פלומביר יוקי ב,,,גלידה YUKKI פלומביר,,80.00,"100 מ""ל",false,,5.90,0.0738,true,1,100455
4810168058999,false,פילה דג הרינג סקנדינבי מלוח מצונן 250ג',,,פילה דג הרינג סקנדינ,,250.00,"100 מ""ל",false,,16.90,0.0676,true,1,106199
4810322005944,false,שמן קנולה מזוכך 850מ,,,שמן קנולה מזוכך 850מ,,850.00,"100 מ""ל",false,,10.90,0.0128,true,1,104302
4820198873271,false,תה שחור עם קליפת תפו,,,תה שחור עם קליפת תפו,יחידה,0.00,יחידה,false,,10.90,0.0000,true,1,107620
4820198873318,false,תה שחור עם נענע וקור,,,תה שחור עם נענע וקור,יחידה,0.00,יחידה,false,,10.90,0.0000,true,1,107623
4820198873325,false,חליטת פירות וצמחים ס,,,חליטת פירות וצמחים ב,יחידה,0.00,יחידה,false,,10.90,0.0000,true,1,107628
4823077602863,false,סוכריות טופי בטעם חל,רושן,UA,"סוכריות ג'לי רושן ""ק",,200.00,100 גרם,false,,7.90,0.0395,true,1,102888
4823077604331,false,סוכריות ציטרוס מיקס,,,סוכריות ציטרוס מיקס,,1000.00,100 גרם,false,,17.90,0.0179,true,1,75269
4823077604379,false,סוכריות קשות במילוי,קייב קרמנציק,,סוכריות ריצ'קי 1קג,,1000.00,"100 מ""ל",false,,24.90,0.0249,true,1,75270
4823077607493,false,סוכריות ברבריס 1קג,,,סוכריות ברבריס 1קג,,1000.00,"100 מ""ל",false,,17.90,0.0179,true,1,88232
4823077608513,false,סוכריות טופי חלב Korivka,רושן Roshen,,סוכריות קורובקה 205ג,,205.00,100 גרם,false,,7.90,0.0385,true,1,75262
4823077612732,false,סוכריות קשות ממולאות,קייב קרמנציק,,סוכריות בים בום 200,,200.00,100 גרם,false,,7.90,0.0395,true,1,83924
4823077613203,false,שוקולד מריר עם אגוזי לוז שלמים,רושן Roshen,,שוקולד מריר+פונדוק ש,,90.00,"100 מ""ל",false,,8.90,0.0989,true,1,88234
4823077613630,false,חטיף שוקולד חלב במילוי קרם ברולה,רושן Roshen,,חטיף שוקולד רושן ממו,,43.00,100 גרם,false,,3.90,0.0907,true,1,102163
4823077614675,false,ביסקוויט לקפה רושן18,קייב קרמנציק,,ביסקוויט לקפה רושן18,,185.00,"100 מ""ל",false,,3.90,0.0211,true,1,106944
4823077614699,false,ביסקוויט לקפה רושן ב,קייב קרמנציק,,ביסקוויט לקפה רושן ב,,185.00,100 גרם,false,,3.90,0.0211,true,1,106945
4823077614767,false,שוקולד רושן חלב נוגט,רושן,,שוקולד רושן חלב נוגט,,90.00,"100 מ""ל",false,,6.90,0.0767,true,1,106297
4823077614804,false,שוקולד חלב בטעם אוכמניות,רושן Roshen,,שוקולד חלב נוגט בטעם,,90.00,100 גרם,false,,6.90,0.0767,true,1,75245
4823077617041,false,חטיף שוקולד חלב במילוי קרמל,רושן Roshen,,באטונציק קרמל 40גר,,40.00,100 גרם,false,,3.90,0.0975,true,1,75248
4823077621659,false,וופל רושן בטעם אגוז,Unknown,,וופל רושן בטעם אגוז,,72.00,100 גרם,false,,3.90,0.0542,true,1,104007
4823077623684,false,סוכריות קשות ממולאות,קייב קרמנציק,,סוכריות טיפת חלב 150,,150.00,100 גרם,false,,7.90,0.0527,true,1,83728
4823077623714,false,סוכריות טופי בטעם חל,רושן,,סוכריות כוס חלב 150,,150.00,100 גרם,false,,7.90,0.0527,true,1,82976
4823077624223,false,סוכריות ג'לי בטעמי פירות Summer Mix,רושן Roshen,,סוכריות ג'לי בוני פר,,200.00,100 גרם,false,,7.90,0.0395,true,1,84716
4823077624247,false,סוכריות ג'לי מסוכרות בטעמי פירות,רושן Roshen,,סוכריות ג'לי בוני פר,,200.00,"100 מ""ל",false,,7.90,0.0395,true,1,82921
4823077624391,false,רושן סוכריות טופי מי,רושן,,רושן סוכריות טופי מי,,185.00,"100 מ""ל",false,,7.90,0.0427,true,1,103392
4823077625589,false,וופל רושן בטעם חלב 2,,,וופל רושן בטעם חלב 2,,216.00,100 גרם,false,,6.90,0.0319,true,1,102873
4823077625602,false,וופל רושן בטעם שוקול,,,וופל רושן בטעם שוקול,,216.00,"100 מ""ל",false,,6.90,0.0319,true,1,102875
4823077625626,false,וופל רושן בטעם אגוז,,,וופל רושן בטעם אגוז,,216.00,100 גרם,false,,6.90,0.0319,true,1,102876
4823077626203,false,שוקולד רושן אוורירי,רושן Roshen,,שוקולד רושן אוורירי,,80.00,"100 מ""ל",false,,6.90,0.0863,true,1,91884
4823077626227,false,שוקולד רושן אוורירי,רושן Roshen,,שוקולד רושן אוורירי,,80.00,"100 מ""ל",false,,6.90,0.0863,true,1,91885
4823077626241,false,שוקולד אורירי לבן קרמל,רושן Roshen,,שוקולד רושן אוורירי,,80.00,100 גרם,false,,6.90,0.0863,true,1,91886
4823077629136,false,שוקולד חלב לקמי רושן,,,שוקולד רושן חלב 90 ג,,90.00,100 גרם,false,,6.90,0.0767,true,1,106745
4823077630057,false,חמאת רושן 200 גרם,,,חמאת רושן 200 גרם,,200.00,"100 מ""ל",false,,10.90,0.0545,true,1,102478
4823077631474,false,קרקר קלאסי רושן 168,רושן,,קרקר קלאסי רושן 168,,168.00,100 גרם,false,,6.90,0.0411,true,1,103442
4823077632112,false,וופל רושן בטעם קקאו,,,וופל רושן בטעם קקאו,,216.00,100 גרם,false,,6.90,0.0319,true,1,102877
4823077633317,false,עוגיות לוויטה שוקולד,,,עוגיות לוויטה שוקולד,,150.00,"100 מ""ל",false,,7.90,0.0527,true,1,102880
4823077633324,false,עוגיות שוקוציפס לווי,,,עוגיות שוקוציפס לווי,,150.00,"100 מ""ל",false,,7.90,0.0527,true,1,102881
4823077633348,false,עוגיות רושן לוויטה ע,,,עוגיות רושן לוויטה ע,,150.00,100 גרם,false,,7.90,0.0527,true,1,102883
4823077633690,false,בונבוניירה רושן שוטר,רושן,,בונבוניירה רושן שוטר,,150.00,"100 מ""ל",false,,12.90,0.0860,true,1,104049
4823077634222,false,עוגיות Lovita ממולאות ג'לי תפוז מצופות צימקאו,רושן Roshen,,עוגיות תפוז לוויטה 1,,135.00,"100 מ""ל",false,,7.90,0.0585,true,1,104053
4823077634246,false,עוגיות Lovita ממולאות ג'לי פטל מצופות צימקאו,רושן Roshen,,עוגיות פטל לוויטה 13,,135.00,100 גרם,false,,7.90,0.0585,true,1,104052
4823077634369,false,שוקולד רושן חלב אוור,,,שוקולד רושן חלב אוור,,85.00,100 גרם,false,,6.90,0.0812,true,1,106746
4823077634741,false,עוגיות רושן לוויטה ב,,,עוגיות רושן לוויטה ב,,168.00,100 גרם,false,,7.90,0.0470,true,1,104292
4823077635489,false,חטיף וופל רושן קרם ק,,,חטיף וופל רושן קרם ק,,350.00,"100 מ""ל",false,,17.90,0.0511,true,1,105165
4823077635809,false,וופלים דקיקים רושן ס,Unknown,,וופלים דקיקים רושן ט,,55.00,"100 מ""ל",false,,4.90,0.0891,true,1,107617
4823077635816,false,וופלים דקיקים רושן ס,Unknown,,וופלים דקיקים רושן ט,,55.00,100 גרם,false,,4.90,0.0891,true,1,107618
4823077636172,false,וופל רושן בטעם לימון,,,וופל רושן בטעם לימון,,216.00,"100 מ""ל",false,,6.90,0.0319,true,1,106298
4823077636332,false,עוגיות לוויטה במילוי,,,עוגיות לוויטה במילוי,,127.00,"100 מ""ל",false,,7.90,0.0622,true,1,107988
4823077636400,false,עוגיות לוויטה במילוי,,,עוגיות לוויטה במילוי,,127.00,"100 מ""ל",false,,7.90,0.0622,true,1,107989
4823077636417,false,עוגיות לוויטה במילוי,,,עוגיות לוויטה במילוי,,127.00,"100 מ""ל",false,,7.90,0.0622,true,1,107990
4823077636547,false,סוכריות ממולאות בטעם,רושן,,סוכריות ממולאות בטעם,,468.00,"100 מ""ל",false,,11.90,0.0254,true,1,105960
4823077636578,false,סוכריות טופי כוס חלב,רושן,,סוכריות טופי כוס חלב,,325.00,"100 מ""ל",false,,11.90,0.0366,true,1,105965
4823077636585,false,סוכריות רושן טופי מי,רושן,,סוכריות רושן טופי מי,,325.00,"100 מ""ל",false,,11.90,0.0366,true,1,105963
4823077636592,false,סוכריות גלי רושן קרי,רושן,,סוכריות גלי רושן קרי,,378.00,"100 מ""ל",false,,11.90,0.0315,true,1,105964
4823077636608,false,סוכריות טופי רושן במ,רושן,,סוכריות טופי רושן במ,,325.00,"100 מ""ל",false,,11.90,0.0366,true,1,105966
5000054357100,false,פריסקיז פטה מיקס גרי,פורינה,US,פריסקיז פטה מיקס גרי,,156.00,"100 מ""ל",false,,6.50,0.0417,true,1,106985
5000127533196,false,"קלוגס ווראייטי, 191 גרם",חברת קלוגס בריטניה,GB,קלוגס מנות אישיות וו,,191.00,"100 מ""ל",false,,22.90,0.1199,true,1,82721
5000146057710,false,ספריי רב שימושי לחלונות ומשטחים ווינדולין Windolene,רקיט בנקיזר,PL,וינדולין ספריי לחלונ,,750.00,"100 מ""ל",false,,8.90,0.0119,true,1,36063
5000146401568,false,וולייט דפים למניעת העברת צבע 10 דפים,ווליט Woolite,IT,ווליט לכביסה שומרי צ,יחידה,0.00,יחידה,false,,16.90,0.0000,true,1,36068
5000157143365,false,מתבל בטעם מיונז וקטשופ היינץ 425 ג',היינץ Heinz,PL,מתבל בטעם מיונז וקטש,,425.00,יח',false,,14.90,0.0351,true,1,97590
5000189974579,false,מארז מיני חטיפי קיט קט Kit Kat,נסטלה Nestle,,קיט קט מיני 200 גרם,,200.00,"100 מ""ל",false,,10.90,0.0545,true,1,81918
5000204115048,false,"גלייד ארוסול בניחוח לבנדר 300 מ""ל","אס.סי ג'ונסון,מידרכט",NL,גלייד מטהר אוויר איר,,300.00,"100 מ""ל",false,,9.90,0.0330,true,1,96989
5000204657883,false,"קיווי מ. נעלים קופסא חום 50מ""ל",ג' אל ראיה בוגור ג'א,ID,קיווי משחת נעליים בק,יחידה,0.00,יחידה,false,,8.90,0.0000,true,1,47205
5000204657913,false,"קיווי משחת נעליים שחור קטן 50מ""ל",ג' אל ראיה בוגור,ID,קיווי משחת נעליים בק,יחידה,0.00,יחידה,false,,8.90,0.0000,true,1,47206
5000204886566,false,"תרסיס מנקה, מזין ומגן על העץ עם שמן תפוז טבעי",Jonson ג'ונסון,US,פלדג' שמן לרהיטים 47,,475.00,"100 מ""ל",false,,33.90,0.0714,true,1,25851
5000267014234,false,וויסקי ג'וני ווקר רד לייבל Red label,ג'וני ווקר Johnnie walker,,וויסקי ג'וני ווקר רד,,700.00,100 גרם,false,,89.90,0.1284,true,1,22988
5000267024202,false,ויסקי גוני ווקר בלאק,אלכוהול (איי.בי.בי),,*מבצע* וויסקי גוני ו,,700.00,100 גרם,false,,119.90,0.1713,true,1,88776
5000394142190,false,סוללות דורסל 9V פלוס,דורסל Duracell,,סוללות דורסל 9V פלוס,יחידה,0.00,יחידה,false,,22.90,0.0000,true,1,106940
5010182997253,false,"רייד ארוסול קוטל ג''וקים - 300 מ""ל",אס.סי.ג'ונסון מידרכט,NL,רייד קוטל ג'וקים 400,,400.00,"100 מ""ל",false,,13.90,0.0348,true,1,25859
5010182998847,false,"טואלט דאק נוזל לאסלה כחול 750 מ""ל",מיוצר עי קונדיטוריית,NL,טואלט דאק נוזל לאסלה,,750.00,"100 מ""ל",false,,9.90,0.0132,true,1,25867
5010182998861,false,"טואלט דאק נוזל לאסלה ירוק 750 מ""ל",מיוצר עי קונדיטוריית,NL,טואלט דאק נוזל לאסלה,,750.00,"100 מ""ל",false,,9.90,0.0132,true,1,25868
5010327000046,false,וויסקי גרנט'ס סקוטי,"איי, בי, אינבוו",,וויסקי גרנטס 700מל,,700.00,"100 מ""ל",false,,99.90,0.1427,true,1,31685
5010677551281,false,"בקרדי בריזר לימון 275 מ""ל",בקרדי בריזר Bacardi Breezer,BE,בריזר לימון בקבוק 27,,275.00,100 גרם,false,,15.90,0.0578,true,1,22811
5010677551397,false,"בקרדי בריזר ליים 275 מ""ל בקבוק",בקרדי בריזר Bacardi Breezer,BE,בריזר ליים בקבוק 275,,275.00,100 גרם,false,,15.90,0.0578,true,1,54012
5010677552387,false,"בקרדי בריזר אננס 275 מ""ל בקבוק",בקרדי בריזר Bacardi Breezer,BE,בריזר אננס בקבוק 275,,275.00,100 גרם,false,,15.90,0.0578,true,1,22812
5010677554398,false,"בקרדי בריזר אבטיח 275 מ""ל בקבוק",בקרדי בריזר Bacardi Breezer,BE,בקרדי בריזר אבטיח 27,,275.00,100 גרם,false,,15.90,0.0578,true,1,22813
5010677850100,false,וודקה גריי גוס בקבוק,בקרדי מרטיני,FR,וודקה גריי גוס 700 מ,,700.00,"100 מ""ל",false,,119.90,0.1713,true,1,83956
5011157671222,false,"אורז בסמטי חום מלא טילדה 1 ק""ג",טילדה Tilda,,טילדה אורז בסמטי חום,,1000.00,"100 מ""ל",false,,19.90,0.0199,true,1,107244
5011157730271,false,אורז יסמין לבן ארוך טילדה,טילדה Tilda,,טילדה אורז יסמין 1 ק,,1000.00,100 גרם,false,,19.90,0.0199,true,1,107245
5014271310428,false,סן דלפו מעדן דבדבן שחור ללא סוכ 284 ג',המאפיה של הרמן,FR,מעדן דובדבנים שחורים,,284.00,100 גרם,false,,19.90,0.0701,true,1,88329
5014271350424,false,מעדן ארבע פירות סאנת דלפור 284 ג',המאפיה של הרמן,FR,מעדן ארבעה פירות ח 2,,284.00,"100 מ""ל",false,,19.90,0.0701,true,1,88331
5014271360423,false,סן דלפו מעדן תפוז ללא סוכר 284 ג',המאפיה של הרמן,FR,מעדן תפוז 284 גר',,284.00,100 גרם,false,,19.90,0.0701,true,1,88332
5014271400426,false,סן דלפו מעדן תות שדה ללא סוכר 284 ג',המאפיה של הרמן,FR,מעדן תות 284 גר',,284.00,"100 מ""ל",false,,19.90,0.0701,true,1,88336
5029053032658,false,קלינקס ממחטות שמיניי,KC Italy,,קלינקס ממחטות שמיניי,יחידה,0.00,יחידה,false,,11.90,0.0000,true,1,78379
5029053039725,false,קופסת ממחטות נטורל פרש 72 דף קלינקס,עלבד,,קלינקס נטורל פרש טיש,,72.00,100 ליטר,false,,12.90,0.1792,true,1,104205
5029053510811,false,קוטקס - תחבושות אולטרה נורמל + כנפיים 30 יח',קימברלי קלארק,,קוטקס תחבושות אולטרה,,28.00,יח',false,,18.90,0.6750,true,1,26803
5029053510828,false,קוטקס - תחבושות אולטרה סופר + כנפיים 22 יח',קימברלי קלארק,,קוטקס תחבושות אולטרה,,24.00,יח',false,,18.90,0.7875,true,1,26804
5029053523446,false,קוטקס - תחבושות אולטרה נייט + כנפיים 20 יח',קימברלי קלארק,,קוטקס תחבושות אולטרה,,20.00,"100 מ""ל",false,,18.90,0.9450,true,1,26807
5029053527574,false,תחתוני ספיגה לילדים Drynites בנים לגילאי 4-7,האגיס Huggies,CZ,האגיס פרידום דריי ני,יחידה,0.00,יחידה,false,,35.90,0.0000,true,1,61179
5029053527581,false,תחתוני ספיגה לילדים Drynites בנות לגילאי 4-7,האגיס Huggies,CZ,האגיס פרידום דריי ני,,10.00,100 מ'ל,false,,35.90,3.5900,true,1,61180
5029053527598,false,האגיס דריי נייטס 15-8 בנים 9יח,KC Czech,CZ,האגיס פרידום דריי ני,יחידה,0.00,יחידה,false,,35.90,0.0000,true,1,61181
5029053527604,false,תחתוני ספיגה לילדים Drynites בנות לגילאי 8-15,האגיס Huggies,CZ,האגיס פרידום דריי ני,,9.00,יח',false,,35.90,3.9889,true,1,61182
5035766044673,false,"סיידר תפוחים סטרונגבאו 330 מ""ל בקבוק",סטרונגבאו Strongbow,BE,סטרונגבואו גולד סייד,,330.00,100 גרם,false,,7.90,0.0239,true,1,54013
5050083559761,false,קלוגס קוקו פופס שוקו 500ג',קלוגס מניופקטורינג א,ES,*מבצע* קוקו פופס שוק,,500.00,"100 מ""ל",false,,17.90,0.0358,true,1,42823
5053827193368,false,קלוגס אול בראון פלקס 500ג',קלוגס Kellogg's,,דגני אול ברנפלקס 500,,500.00,"100 מ""ל",false,,23.90,0.0478,true,1,82722
5060517886486,false,"משקה אנרגיה מונסטר פח 500 מ""ל",מונסטר אנרג'י Monster Energy,RU,מונסטר אנרגי פח 500מ,,500.00,100 גרם,false,,7.90,0.0158,true,1,97639
5060517886516,false,"משקה אנרגיה מונסטר זירו פח 500 מ""ל",מונסטר אנרג'י Monster Energy,RU,מונסטר אנרגי זירו פח,,500.00,"100 מ""ל",false,,7.90,0.0158,true,1,97640
5060639128051,false,"משקה אנרגיה מונסטר אולטרה פחית 500 מ""ל",מונסטר אנרג'י Monster Energy,RS,מונסטר אולטרה פחית 5,,500.00,100 גרם,false,,7.90,0.0158,true,1,99459
5060751219033,false,"משקה אנרגיה מונסטר ULTRA PARADISE פח 500 מ""ל",Monster energy סרביה,IE,משקה אנרגיה מונסטר פ,,500.00,100 גרם,false,,7.90,0.0158,true,1,106368
5099864006377,false,סימילאק למהדרין שלב 1 אריזת חיסכון 900 ג.,אבוט מעבדות רפואיות,NL,סימילאק מהדרין שלב 1,,900.00,"100 מ""ל",false,,74.90,0.0832,true,1,48672
5099864006391,false,סימילאק למהדרין שלב 3 אריזת חיסכון 900 ג,אבוט מעבדות רפואיות,NL,סימילאק מהדרין שלב 3,,900.00,"100 מ""ל",false,,74.90,0.0832,true,1,48674
5200133120476,false,גלילות וופלים ממולאים קרם אגוזים וקקאו 400 ג',יוניליוור גרמניה Gm,GR,גליליות וופלים ממולא,,400.00,100 גרם,false,,17.90,0.0447,true,1,80626
5201184066508,false,נרות מספרים,שמחה,,נרות מספרים,יחידה,0.00,יחידה,false,,3.90,0.0000,true,1,29457
5201347400545,false,רצועות שעווה מוכנות לשימוש לפנים ולאזורים רגישים,רקיט בנקיזר,FR,ויט רצועות שעווה לפנ,יחידה,0.00,יחידה,false,,29.90,0.0000,true,1,74343
5202300014496,false,ספריי לשיער חזק במיוחד וולה פלקס Wella flex,פרוקטר אנד גמבל,DE,וולפלקס ספריי אקסטרה,,250.00,"100 מ""ל",false,,29.90,0.1196,true,1,76274
5206759020701,false,סוכריות ג'לי בטעם פירות Exotic,,,סוכריות ג'לי אקזוטי,,700.00,100 גרם,false,,15.90,0.0227,true,1,55293
5391523057936,false,סימילאק גולד שלב 2 תרכובת מזון על בסיס חלב,אבוט לבורטיז,IE,סימילאק גולד 700 גרם,,700.00,"100 מ""ל",false,,72.90,0.1041,true,1,81525
5391523058070,false,סימילאק אדבנס פלוס 3 תרכובת מזון על בסיס חלב,טרופיקל דגיל תעשיות,IE,סימילאק אדוונס פלוס,,700.00,"100 מ""ל",false,,64.90,0.0927,true,1,81890
5410126106022,false,לוטוס מארז חגים 250X2 גר',לוטוס בייקרי,BE,לוטוס מארז חגים 2*25,,500.00,100 גרם,false,,17.90,0.0358,true,1,107069
5410126116953,false,ממרח עוגיות קרמל 400 ג' לוטוס,לוטוס בייקרי בלגיה נ,BE,ממרח ביסקוויט לוטוס,,400.00,100 גרם,false,,22.90,0.0572,true,1,47127
5410126666038,false,עוגיות לוטוס 18*2 279 גרם,לוטוס ביקרי,BE,עוגיות לוטוס 279 גרם,,279.00,"100 מ""ל",false,,12.90,0.0462,true,1,82478
5410126726947,false,ממרח עוגיות לוטוס קראנץ' 380 גרם,לוטוס בייקרי בלגיה נ,BE,ממרח עוגיות לוטוס קר,,380.00,100 גרם,false,,22.90,0.0603,true,1,51820
5410228267515,false,בירה באדוויזר שישייה,באדווייזר Budweiser,,בירה באדוויזר שישייה,,1980.00,100 גרם,false,,29.90,0.0151,true,1,97955
5410291021991,false,ממרח אגוזי לוז עם קקאו,צ'וקטה Chocketa,,ממרח אגוזי לוז עם קק,,700.00,"100 מ""ל",false,,19.90,0.0284,true,1,73228
5410316983693,false,"אייס סמירנוף בודד 275 מ""ל",סמירנוף אייס Smirnoff ice,IT,סמירנוף אייס בקבוק,,275.00,100 גרם,false,,13.90,0.0505,true,1,32969
5410316994019,false,"וודקה סמירנוף אדום 700מ""ל",דיאג'ו אופריישנס איט,US,וודקה סמירנוף אדום 7,,700.00,"100 מ""ל",false,,59.90,0.0856,true,1,48182
5411188110835,false,אלפרו חלב סויה שקדים וניל 1ל',הנסיך- מפעל לייצור ט,BE,אלפרו משקה משקה שקדי,,1000.00,100 גרם,false,,15.50,0.0155,true,1,48259
5411188112709,false,משקה אלפרו שקדים ללא סוכר 1 ליטר,הנסיך- מפעל לייצור ט,BE,אלפרו משקה שקדים ללא,,1000.00,100 גרם,false,,15.50,0.0155,true,1,55488
5411188115366,false,אלפרו משקה שיבולת שועל 1 ליטר,הנסיך- מפעל לייצור ט,BE,אלפרו משקה שיבולת שו,,1000.00,"100 מ""ל",false,,15.90,0.0159,true,1,55489
5411188115472,false,אלפרו משקה סויה 1 ליטר,הנסיך- מפעל לייצור ט,BE,אלפרו משקה סויה 1 לי,,1000.00,100 גרם,false,,15.50,0.0155,true,1,100520
5411188124689,false,משקה שיבולת שועל ללא סוכר 1ל' אלפרו,אלפרו Alpro,BE,אלפרו משקה שיבולת שו,,1000.00,"100 מ""ל",false,,15.90,0.0159,true,1,100873
5411188134985,false,אלפרו 3.5% NOT M*LK שיבולת שועל 1 ליטר בית יוסף,הנסיך- מפעל לייצור ט,BE,אלפרו נוט מילק 3.5%,,1000.00,100 גרם,false,,15.90,0.0159,true,1,104461
5411188135005,false,אלפרו 1.8% NOT M*LK שיבולת שועל 1 ליטר בית יוסף,הנסיך- מפעל לייצור ט,BE,אלפרו 1.8% שומן NOT,,1000.00,100 גרם,false,,15.90,0.0159,true,1,104462
5411188543398,false,משקה סויה ללא סוכר 1 ל' אלפרו,הנסיך- מפעל לייצור ט,BE,אלפרו משקה סויה ללא,,1000.00,100 גרם,false,,15.50,0.0155,true,1,100521
5411681014005,false,בירה דובל בקבוק 330,פארייפאבה אגרואינדוס,IL,בירה דובל 7% 330מל,,330.00,100 גרם,false,,14.90,0.0452,true,1,57390
5413149922907,false,"אבקת כביסה קולור וסטייל 5 ק""ג אריאל",אריאל Ariel,,אריאל אבקת כביסה קול,קילוגרמים,5.00,"ק""ג",false,,44.90,8.9800,true,1,44953
5413548280189,false,קינדר שוקובון 125 גרם,פררו,BE,קינדר שוקובון 125גר,,125.00,100 גרם,false,,13.90,0.1112,true,1,31457
5601008200444,false,גודיס Goodies עוגיות טבעת מצופות שוקולד חלב,הנסיך- מפעל לייצור ט,PT,עוגיות טבעת גודיס מצ,,150.00,"100 מ""ל",false,,9.90,0.0660,true,1,43539
5601008200468,false,גודיס Goodies עוגיות טבעת מצופות שוקולד לבן,קריניציה ויטמינה אס,PT,עוגיות טבעת גודיס מצ,,150.00,"100 מ""ל",false,,9.90,0.0660,true,1,43541
5701932026964,false,פופקורן להכנה במיקרוגל בטעם טבעי 6 שקיות,הוט פופ Hot pop,US,הוטפופ פופקורן בתוספ,,600.00,100 גרם,false,,16.90,0.0282,true,1,31458
5701932026971,false,פופקורן להכנה במיקרוגל בטעם חמאה 6 שקיות,הוט פופ Hot pop,US,הוטפופ פופקורן בטעם,,600.00,100 גרם,false,,16.90,0.0282,true,1,31459
5706516031358,false,פופקורן להכנה במיקרוגל בטעם טבעי מופחת שומן 5 שקיות,הוט פופ Hot pop,US,הוטפופ פופקורן 100 ק,,160.00,"100 מ""ל",false,,16.90,0.1056,true,1,31462
5711953106583,false,גבינת שמנת בטעם טבעי 200 גרם ארלה,ארלה פודס אמבה,DK,גבינת שמנת טבעי ארלה,,200.00,"100 מ""ל",false,,16.90,0.0845,true,1,92006
5711953106606,false,גבינת שמנת עם תבלינים ועשבי תיבול 23.5%,ארלה פודס אמבה,DK,גבינת שמנת עשבי תיבו,,200.00,"100 מ""ל",false,,16.90,0.0845,true,1,92008
5740900403215,false,ממרח לורפק חמאה עם מלח 250 ג',לורפאק Lurpak,,לורפק ממרח עם מלח 25,,250.00,"100 מ""ל",false,,19.90,0.0796,true,1,82736
5740900403222,false,ממרח לורפק חמאה עם מלח מופחת שומן 250 ג,לורפאק Lurpak,,לורפק ממרח עם מלח מו,,250.00,"100 מ""ל",false,,19.90,0.0796,true,1,82737
5740900403239,false,ממרח לורפק חמאה בלי מלח 250 ג',לורפאק Lurpak,,ממרח לורפק בלי מלח 2,,250.00,"100 מ""ל",false,,19.90,0.0796,true,1,82740
5740900403246,false,ממרח לורפק חמאה בלי מלח 500 ג',לורפאק Lurpak,,לורפק ממרח ללא מלח 5,,500.00,"100 מ""ל",false,,34.90,0.0698,true,1,82738
5740900403253,false,ממרח לורפק חמאה עם מלח 500 ג',לורפאק Lurpak,,לורפק ממרח עם מלח 50,,500.00,"100 מ""ל",false,,34.90,0.0698,true,1,82739
5740900403260,false,ממרח מחמאת לורפק ללא מלח 27% פחות שומן,ארלה פודס אמבה,DK,לורפק ממרח עם מלח מו,,250.00,"100 מ""ל",false,,19.90,0.0796,true,1,82741
5900020012814,false,דגני בוקר בטעם שוקולד נסקוויק Nesquik,מיוצר עי קונדיטוריית,PL,דגני בוקר נסקוויק נס,,500.00,100 גרם,false,,26.90,0.0538,true,1,24256
5900020015174,false,חטיף דגנים פיטנס Fitness עם שוקולד מריר,מיוצר עי קונדיטוריית,PL,פיטנס חטיף דגנים שוק,,141.00,100 גרם,false,,16.90,0.1199,true,1,24257
5900020020710,false,נסטלה - קראנץ' שוקו וניל חטיף דגנים 25 גרם * 6,נסטלה פולין ברים,PL,חטיף דגנים קראנץ בר,,150.00,100 גרם,false,,16.90,0.1127,true,1,49735
5900020020741,false,חטיף נסקוויק Nesquik שוקו שוקו,נסטלה פולין ברים,PL,חטיף דגנים נסקוויק ב,,150.00,100 גרם,false,,16.90,0.1127,true,1,49736
5900020024770,false,פיטנס - דליס חטיף דגנים שוקולד אגוז 22.50 גרם * 6,נסטלה פולין ברים,PL,פיטנס בר דליס שוקולד,,135.00,"100 מ""ל",false,,16.90,0.1252,true,1,55186
5900020026552,false,דגני בוקר האני נאט צ'יריוס בטעם דבש ושקדים,נסטלה צרפת איטנקורט,FR,צ׳יריוס האני נאט נסט,,625.00,יח',false,,26.90,0.0430,true,1,57640
5900020026859,false,דגני האני נאט צ'יריו,Unknown,,דגני האני נאט צ'יריו,,375.00,100 גרם,false,,12.90,0.0344,true,1,72449
5900020031877,false,חטיף דגנים צ'יריוס האני מארז 22X6ג',נסטלה פולין ברים,PL,חטיף דגנים צ'יריוס ה,יחידה,0.00,יחידה,false,,16.90,0.0000,true,1,81820
5900020032539,false,פיטנס מארז חטף שוקולד 8*23.5 גרם,נסטלה פולין ברים,PL,פיטנס מארז חטיפי דגנ,,188.00,"100 מ""ל",false,,16.90,0.0899,true,1,100758
5900020033314,false,חטיף דגני בוקר Lion בטעם קרמל ושוקולד על קרם חלב,נסטלה פולין ברים,PL,חטיף דגנים ליון 6*25,,150.00,100 גרם,false,,16.90,0.1127,true,1,82510
5900020034021,false,חטיף דגנים פיטנס שוקולד בננה,מיוצר עי קונדיטוריית,PL,פיטנס חטיף דגנים שוק,,141.00,100 גרם,false,,16.90,0.1199,true,1,84382
5900020036407,false,דגני בוקר ליון Lion בטעם שוקולד וקרמל,נסטלה פולין דגני בוק,,ליון שוקולד קרמל נסט,,480.00,יח',false,,26.90,0.0560,true,1,99059
5900020039590,false,פיטנס חטיף דגנים קלאסי פרווה 6 יח',נסטלה פולין דגני בוק,IL,פיטנס חטיף דגנים קלא,,141.00,100 גרם,false,,16.90,0.1199,true,1,103135
5900020039620,false,פיטנס חטיף דגנים שקדים ודבש פרווה,נסטלה פולין ברים,IL,פיטנס חטיף דגנים שק,,141.00,"100 מ""ל",false,,16.90,0.1199,true,1,103136
5900020041142,false,קורנפלקס פיטנס 500 ג' אסם,נסטלה צרפת איטנקורט,PL,פיטנס קורנפלקס 500 ג,,500.00,100 גרם,false,,12.90,0.0258,true,1,107418
5900020041371,false,פיטנס מארז חטף שוקולד מריר 8*23.5 גרם,נסטלה פולין ברים,PL,פיטנס חטיף שוקולד מר,,141.00,"100 מ""ל",false,,16.90,0.1199,true,1,107048
5900352000770,false,שוקולד חלב ממולא ג'לי דובדבן Mella,,,גלרטקה דובדבן 190 ג,,190.00,100 גרם,false,,7.90,0.0416,true,1,23155
5900352002866,false,חטיף שוקולד אליבי מק,אליבי מקס Alibi Max,,חטיף אליבי 49 ג,יחידה,0.00,יחידה,false,,4.50,0.0000,true,1,55295
5900352014449,false,וופל בלגי וניל 130 ג,,,וופל בלגי וניל 130 ג,,130.00,100 גרם,false,,4.90,0.0377,true,1,84104
5900352014456,false,וופל בלגי שוקולד 130,,,וופל בלגי שוקולד 130,,130.00,"100 מ""ל",false,,4.90,0.0377,true,1,84105
5900352015576,false,וופל בלגי קרם קוקוס,,,וופל בלגי קרם קוקוס,,130.00,"100 מ""ל",false,,4.90,0.0377,true,1,107413
5900627026429,false,"סיליט באנג גיל לניקוי אסלות בתוספת אקונומיקה 750מ""ל",,,סיליט באנג סתימות 75,,750.00,100 גרם,false,,9.90,0.0132,true,1,90973
5900627063233,false,טבליות למדיח AIO 50 יח פיניש,רקיט בנקיזר,PL,פיניש טבליות למדיח 5,,50.00,יח',false,,34.90,0.6980,true,1,72739
5901677007611,false,שוקולד ברון חלב 300ג,,,שוקולד ברון חלב 300ג,,300.00,100 גרם,false,,11.90,0.0397,true,1,105306
5901677008489,false,שוקולד ברון מריר 300,,,שוקולד ברון מריר 300,,300.00,"100 מ""ל",false,,11.90,0.0397,true,1,105307
5902198160403,false,"משקה אנרגיה XL TEN פחית לל""ס 250מ""ל","טמפו משקאות בע""מ",IL,אקסל משקה אנרגיה טן,,250.00,"100 מ""ל",false,,5.00,0.0200,true,1,77027
5902581683816,false,שוקולד חלב ממולא תות,,,שוקולד חלב ממולא תות,,100.00,"100 מ""ל",false,,4.90,0.0490,true,1,107178
5904941750312,false,"משקה אנרגיה BLU מוחיטו 250 מ""ל",אקו - ביט,PL,בלו דיי משקה אנרגיה,,250.00,"100 מ""ל",false,,4.90,0.0196,true,1,51474
5904941751302,false,"משקה אנרגיה בלו 250 מ""ל- בודד",אקו - ביט,PL,בלו משקה אנרגיה 250מ,,250.00,"100 מ""ל",false,,4.90,0.0196,true,1,22263
5904941751715,false,"משקה אנרגיה בלו קרנברי 250 מ""ל -בודד",אקו - ביט,PL,בלו משקה אנרגיה קרנב,,250.00,100 גרם,false,,4.90,0.0196,true,1,22266
5904941751920,false,בלו משקה אנרגיה דיי חצי מכמות הקלו250 מל,אקו - ביט,PL,בלו דיי משקה אנרגיה,,250.00,100 גרם,false,,4.90,0.0196,true,1,22269
5906485301012,false,"משקה אנרגיה XL פחית 250 מ""ל","טמפו משקאות בע""מ",IL,אקסל משקה אנרגיה 250,,250.00,"100 מ""ל",false,,5.00,0.0200,true,1,22818
5941021000639,false,טבלת שוקולד חלב אגוז היידי גראנדור 100 ג',,,שוקולד היידי גראנדור,,100.00,100 גרם,false,,10.90,0.1090,true,1,47880
5941021000899,false,טבלת שוקולד מריר אגוז היידי גראנדור 100 ג',,,שוקולד היידי גראנדור,,100.00,"100 מ""ל",false,,10.90,0.1090,true,1,48486
5941021001674,false,טבלת שוקולד היידי גראנדור 80% 80 ג',,,שוקולד היידי גראנדור,,80.00,100 גרם,false,,10.90,0.1363,true,1,52150
5941021002190,false,טבלת שוקולד לבן אגוז היידי גראנדור 100 ג',,,שוקולד היידי שוקולד,,100.00,"100 מ""ל",false,,10.90,0.1090,true,1,87142
5941021005139,false,טבלת שוקולד חלב שקד היידי גראנדור 100 ג',,,שוקולד היידי שוקולד,,100.00,"100 מ""ל",false,,10.90,0.1090,true,1,47862
5941021007577,false,טבלת שוקולד פיסטוק היידי גראנדור 80 ג',,,שוקולד היידי גראנדור,,80.00,"100 מ""ל",false,,10.90,0.1363,true,1,47863
5941021011147,false,טבלת שוקולד פלורנטין מריר היידי גראנדור 100 ג',,,שוקולד היידי גראנדור,,100.00,100 גרם,false,,10.90,0.1090,true,1,57268
5997321770307,false,Veet רצועות שעווה לעור רגיש (12 יח'),רקיט בנקיזר,FR,ויט רצועות שעווה לעו,יחידה,0.00,יחידה,false,,29.90,0.0000,true,1,78753
5998710132201,false,בונבוניירה שרי קווין,קריות זול,,בונבוניירה שרי קווין,,132.00,"100 מ""ל",false,,14.90,0.1129,true,1,105292
6001067017523,false,קולגייט מברשת שיניים ילדים ספידרמן-ברבי 5+,יבואן ומשווק: ש. שסט,CN,קולגייט מברשת שיניים,יחידה,0.00,יחידה,false,,10.90,0.0000,true,1,50368
6001067017530,false,קולגייט מברשת שיניים לילדים ספיידרמן,יבואן ומשווק: ש. שסט,CN,קולגייט מברשת שיניים,יחידה,0.00,יחידה,false,,10.90,0.0000,true,1,50369
6001067024446,false,קולגייט אקסטרה קלין שלישיה,COLGATE ($) -PALMOLI,,קולגייט מברשת שיניים,יחידה,0.00,יחידה,false,,10.00,0.0000,true,1,29109
6111094000228,false,"קוסקוס דארי דק תומר 1 ק""ג",קריות זול,MA,קוסקוס תומר דק 1 קג,,1000.00,100 גרם,false,,17.90,0.0179,true,1,42773
6111094000808,false,"קוסקוס דארי בינוני תומר 1 ק""ג + 10% תוספת",דרי קוספט,MA,קוסקוס דארי 1.1קג,,1000.00,100 גרם,false,,17.90,0.0179,true,1,51927
6112012100051,false,סט תפירה גדול,,,סט תפירה גדול,יחידה,0.00,יחידה,false,,14.90,0.0000,true,1,84579
6112012100358,false,שישיית קולבי פלסטיק,,,שישיית קולבי פלסטיק,יחידה,0.00,יחידה,false,,10.90,0.0000,true,1,57151
6112012100389,false,תחתית + מסמר לכיסא,,,תחתית לכיסא+מסמר,יחידה,0.00,יחידה,false,,14.90,0.0000,true,1,57152
6112012100600,false,שלישיית קולבי קטיפה,,,שלישיית קולבי קטיפה,יחידה,0.00,יחידה,false,,11.90,0.0000,true,1,57153
6112012100662,false,כותש שום,,,כותש שום,יחידה,0.00,יחידה,false,,14.90,0.0000,true,1,57020
6112012100693,false,משטח לייבוש כלים,,,משטח לייבוש כלים,יחידה,0.00,יחידה,false,,12.90,0.0000,true,1,84532
6112012100853,false,מלקחיים גדולות,,,מלקחיים גדולות,יחידה,0.00,יחידה,false,,9.90,0.0000,true,1,87822
6112012100976,false,"כפות גדולות 18 ס""מ",,,כפות גדולות,יחידה,0.00,יחידה,false,,9.90,0.0000,true,1,57031
6112013100166,false,מרית רחבה + ידית משולבת,,,מרית רחבה+ידית משולב,יחידה,0.00,יחידה,false,,12.90,0.0000,true,1,84529
6112013100388,false,פותחן ליין,,,פותחן ליין,יחידה,0.00,יחידה,false,,9.90,0.0000,true,1,57052
6112015100928,false,מטאטא / מגב סיליקון,,,מטאטא/מגב סיליקון,יחידה,0.00,יחידה,false,,24.90,0.0000,true,1,84629
6112016100200,false,אזיקון 3.6*350---100,,,אזיקון 3.6*350---100,יחידה,0.00,יחידה,false,,17.90,0.0000,true,1,84566
6112016100514,false,"תחתית לסיר מברזל 20 ס""מ",,,תחתית לסיר מברזל 20,יחידה,0.00,יחידה,false,,10.90,0.0000,true,1,84521
6112016100712,false,סוגרים לשקיות 12 יחידות,,,סוגרים לשקיות 12 יחי,יחידה,0.00,יחידה,false,,11.90,0.0000,true,1,84538
6112017101350,false,מצע לירקות ופירות מטורקיה,,,מצע לירקות ופירות מט,יחידה,0.00,יחידה,false,,9.90,0.0000,true,1,84571
6112017102784,false,מברשת ניקוי,,,מברשת ניקוי,יחידה,0.00,יחידה,false,,6.90,0.0000,true,1,84606
6112017102791,false,מברשת ג'מבו לניקוי + ידית,,,מברשת ג'מבו לניקוי+י,יחידה,0.00,יחידה,false,,9.90,0.0000,true,1,84607
6112017102807,false,מברשת לניקוי כלים,,,מברשת לניקוי כלים,יחידה,0.00,יחידה,false,,6.90,0.0000,true,1,91837
6112017104153,false,ספוג מסאג',,,ספוג מסאז,יחידה,0.00,יחידה,false,,8.90,0.0000,true,1,84608
6112017104573,false,מטאטא שחור לבן,,,מטאטא שחור לבן,יחידה,0.00,יחידה,false,,24.90,0.0000,true,1,84867
6112017105778,false,"מגב סיליקון 40 ס""מ",,,"מגב לריצפה 40 ס""מ",יחידה,0.00,יחידה,false,,20.90,0.0000,true,1,91913
6118000061090,false,סרדינים מרוקאים בשמן סויה -טנגיר 125,,,סרדין מרוקאי בשמן סו,,125.00,100 גרם,false,,6.90,0.0552,true,1,84720
6118000240501,false,סרדינים מרוקאים בשמן סויה עם פלפל חריף - 125 גרם,,,סרדין מרוקאי בשמן סו,,125.00,"100 מ""ל",false,,6.90,0.0552,true,1,84721
6224008178194,false,במיה כפתורים קפוא לח,,,במיה כפתורים קפוא לח,,400.00,100 גרם,false,,7.00,0.0175,true,1,108802
6906539758143,false,LIRON '100 יח M חד פעמיות גודל TPE כפפות,,,כפפות חד פעמיות M,יחידה,0.00,יחידה,false,,8.90,0.0000,true,1,103699
6910191800287,false,אצות נורי בלו 10 דף (ננגטונג),ננטונג היידה אקווטוק,CN,דפי סושי אצות נורי ב,,10.00,יח',false,,12.90,1.2900,true,1,46654
6912977000140,false,אטריות שעועית 250 גר' ( Yantai)ללא גלוטן,יאנטאי ינסידה לנוגקא,CN,אטריות שעועית 250גר,,250.00,"100 מ""ל",false,,9.90,0.0396,true,1,57401
6921850620368,false,לד 10W אור יום 3 יח,,,נורות לד3 יח A60-,יחידה,0.00,יחידה,false,,27.90,0.0000,true,1,84619
6921850620504,false,נורות לד 15 W A 60 לבן מארז שלישיה,,,נורות לד3 יח A60-15W,יחידה,0.00,יחידה,false,,35.90,0.0000,true,1,84620
6922276100083,false,מחית וואסבי -חזרת 43 גרם (דליאן),דליאן ג'ינדה קונדימנ,CN,מחית וואסבי 43גר,,43.00,100 גרם,false,,10.90,0.2535,true,1,44754
6925374202437,false,מתלים מפלסטיק - שלישייה,,,מתלים פלסטיק שלישייה,יחידה,0.00,יחידה,false,,8.90,0.0000,true,1,91830
6925454151662,false,שעון שבת .,,,שעון שבת .,יחידה,0.00,יחידה,false,,24.90,0.0000,true,1,70039
6931191500076,false,מספריים מקצועיות למטבח,,,מספריים ממקצועיות למ,יחידה,0.00,יחידה,false,,11.90,0.0000,true,1,57043
6931191500267,false,פותחן פלדה - שלישייה,,,שלישיית פותחנים,יחידה,0.00,יחידה,false,,4.90,0.0000,true,1,57070
6931191500649,false,דבק סופר גלו רביעייה,,,דבק סופר גלו רביעייה,יחידה,0.00,יחידה,false,,11.90,0.0000,true,1,57130
6931191500878,false,מקלף פלסטיק,,,מקלף פלסטיק,יחידה,0.00,יחידה,false,,5.90,0.0000,true,1,87866
6934931267246,false,מצת לכיריים,,,מצת לכיריים,יחידה,0.00,יחידה,false,,9.90,0.0000,true,1,103489
6934931272196,false,מטאטא מאלזיה גב עץ,,,מטאטא מאלזיה גב עץ,יחידה,0.00,יחידה,false,,19.90,0.0000,true,1,103483
6934931272264,false,מטאטא גולד,,,מטאטא גולד,יחידה,0.00,יחידה,false,,19.90,0.0000,true,1,103484
6985425120011,false,זוג מסנני כיור פרפר,,,מסנן פרפר זוג,יחידה,0.00,יחידה,false,,8.90,0.0000,true,1,57137
6985425120028,false,ספוגים רחצה רביעייה,,,ספוגים רחצה רביעייה,יחידה,0.00,יחידה,false,,9.90,0.0000,true,1,72827
6985425120301,false,אטבי כביסה 30 יחידות,,,אטבי כביסה 30 יחידות,יחידה,0.00,יחידה,false,,9.90,0.0000,true,1,84565
6985425120677,false,מסננת איכותית מאלומניום,,,מסננת איכותית מאלומי,יחידה,0.00,יחידה,false,,16.90,0.0000,true,1,87873
6985425120950,false,זוג ידיות לסיר עליון פס כסף,,,זוג ידיות לסיר עליון,יחידה,0.00,יחידה,false,,9.90,0.0000,true,1,87876
7271730901261,false,ווקי מאק ארוחת אטריות עם גבינה 156 גרם,ניו וורלד פסטה קומפנ,US,תערובת להכנת פסטה+גב,,156.00,"100 מ""ל",false,,12.90,0.0827,true,1,47742
7290000000943,false,פרינגלס עד 158גר+ביר,,,פרינגלס עד 158גר+ביר,יחידה,0.00,יחידה,false,,16.90,0.0000,true,1,108116
7290000001009,false,לאבנה 9% טרה 250גר+ק,,,לאבנה 9% טרה 250גר+ק,יחידה,0.00,יחידה,false,,20.90,0.0000,true,1,108119
7290000001038,false,נשנושי גבינה 67גר+מל,מעדני מניה תעשיות בש,,נשנושי גבינה 67גר+מל,יחידה,0.00,יחידה,false,,19.90,0.0000,true,1,108121
7290000001106,false,2יח קלרו טבליות למדי,,,2יח קלרו טבליות למדי,יחידה,0.00,יחידה,false,,20.00,0.0000,true,1,108124
7290000001693,false,פתי בר הדר+חלב בקרטו,,,פתי בר הדר+חלב בקרטו,יחידה,0.00,יחידה,false,,15.90,0.0000,true,1,107693
7290000001715,false,הפי לחלונות 750מל+הפ,,,הפי לחלונות 750מל+הפ,יחידה,0.00,יחידה,false,,24.90,0.0000,true,1,108117
7290000012902,false,חלת הצבי מתוקה עם צי,,,חלת הצבי מתוקה עם צי,יחידה,0.00,יחידה,false,,15.00,0.0000,true,1,87649
7290000013206,false,זנב בקר,,,זנב בקר,קילוגרמים,1.00,"ק""ג",true,,69.90,69.9000,true,1,74311
7290000013961,false,כתף עגל פריים עע,,,כתף עגל פריים עע,קילוגרמים,1.00,"ק""ג",true,,69.00,69.0000,true,1,88981
7290000023083,false,ערק אשקלון 40% בקבוק,"יקבי ברקן בע""מ",IL,ערק אשקלון 700 מל,,700.00,100 גרם,false,,49.90,0.0713,true,1,51445
7290000023809,false,"יין ברקן קלאסיק קברנה סובניון 750מ""ל",יקבי ברקן שיווק והפצ,IL,יין קלאסיק קברנה סוב,,750.00,"100 מ""ל",false,,39.90,0.0532,true,1,22831
7290000033976,false,כתף טלה טרי,,,כתף טלה טרי,קילוגרמים,1.00,"ק""ג",true,,109.00,109.0000,true,1,32429
7290000034256,false,ביסקוויט תירוש חצי מצופה הדר 175ג',אפיפית נצרת תעשיות ב,IL,ביסקויט תירוש 175גרם,,175.00,100 גרם,false,,7.90,0.0451,true,1,36951
7290000034973,false,חזה טלה ספרייס טרי,,,חזה טלה ספרייס טרי,קילוגרמים,1.00,"ק""ג",true,,79.00,79.0000,true,1,35386
7290000037066,false,פרגית טרי,,,פרגית טרי,קילוגרמים,1.00,"ק""ג",true,,64.90,64.9000,true,1,28087
7290000040042,false,יוגורט תות %3 גביע 150 ג' יופלה,תנובה בעמ,IL,יופלה תות שובב 3% 15,,150.00,"100 מ""ל",false,,5.20,0.0347,true,1,30026
7290000040066,false,יוגורט דובדבן 3% שומן 150 ג' יופלה,תנובה בעמ,IL,יופלה דובדבן פראי 3%,,150.00,"100 מ""ל",false,,5.20,0.0347,true,1,30028
7290000040080,false,יוגורט אפרסק 3% שומן 150 ג' יופלה,תנובה בעמ,IL,יופלה אפרסק מאוהב 3%,,150.00,"100 מ""ל",false,,5.20,0.0347,true,1,30029
7290000040318,false,גבינת ברי 24% קולאז עדי תנובה 125 ג',תנובה מרכז שיתופי לש,IL,גבינת קולאז' ברי 24%,,125.00,"100 מ""ל",false,,21.50,0.1720,true,1,30032
7290000040462,false,גבינת טוסטי עמק אמריקאי אדם 23% 200 ג',תנובה מרכז שיתופי לש,IL,מותכת טוסטי אמריקאי,,200.00,100 גרם,false,,19.90,0.0995,true,1,30034
7290000040974,false,חלב תנובה קרטון דל לקטוז 2% 1ל,תנובה מרכז שיתופי לש,IL,חלב קרטון דל לקטוז ת,,1000.00,100 גרם,false,,7.50,0.0075,true,1,30035
7290000041858,false,"שמנת חמוצה 15% יטבתה 200 מ""ל מהדרין",שטראוס גרופ,IL,שמנת חמוצה מעושר 15%,,200.00,100 גרם,false,,2.70,0.0135,true,1,32983
7290000041872,false,"לבן 3% יטבתה 200מ""ל מהדרין",מחלבת יטבתה,IL,לבן 3% 200מל,,200.00,100 גרם,false,,2.00,0.0100,true,1,32985
7290000042404,false,חלב יוטבתה מועשר 3% שקית 1ל',מחלבת יטבתה,IL,חלב מועשר שקית יטבתה,,1000.00,"100 מ""ל",false,,6.20,0.0062,true,1,32986
7290000042435,false,חלב טרי 1% קרטון פקק 1ל' תנובה,תנובה מרכז שיתופי לש,IL,חלב דל שומן 1% בקרטו,,1000.00,"100 מ""ל",false,,5.86,0.0059,true,1,30045
7290000042640,false,"חלב תנובה עמיד 3% קרטון 250 מ""ל",תנובה מרכז שיתופי לש,IL,חלב עמיד תנובה 3% 25,,250.00,100 גרם,false,,3.30,0.0132,true,1,30053
7290000042855,false,יוטבתה שוקו שקית 225מל,שטראוס גרופ,IL,שוקו שקית 250,,250.00,100 גרם,false,,3.00,0.0120,true,1,32987
7290000043012,false,"שוקו עמיד 2% בקרטון 250 מ""ל תנובה",תנובה מרכז שיתופי לש,IL,שוקו עמיד 2% תנובה 2,,250.00,"100 מ""ל",false,,5.20,0.0208,true,1,30056
7290000043814,false,"שמנת מתוקה להקצפה 38% 250 מ""ל תנובה",תנובה מרכז שיתופי לש,IL,השף הלבן שמנת עמידה,,250.00,"100 מ""ל",false,,6.47,0.0259,true,1,30059
7290000043890,false,רויון בקרטון 1 ליטר,תנובה מרכז שיתופי לש,IL,רויון תנובה 1.5% 1לי,,1000.00,100 גרם,false,,12.20,0.0122,true,1,30061
7290000043944,false,כד יוגורט תנובה 4% שומן 1.5 ליטר,מיוצר עי קונדיטוריית,IL,יוגורט כדים תנובה 1.,,1500.00,100 גרם,false,,17.90,0.0119,true,1,30062
7290000044712,false,יוגורט עם תות 1.5% שומן 500 ג' פרילי,מיוצר עי קונדיטוריית,IL,יוגורט פרילי תות 1.5,,500.00,"100 מ""ל",false,,11.50,0.0230,true,1,30067
7290000044880,false,באדי יוגורט תות 3% שומן 500 ג' תנובה,מיוצר עי קונדיטוריית,IL,יוגורט באדי בטעם תות,,500.00,"100 מ""ל",false,,9.70,0.0194,true,1,30068
7290000045573,false,גבינת מותכת משולשים 25% שומן 200 ג' נעמה,קריות זול,IL,גבינה מותכת נעמה 25%,,200.00,100 גרם,false,,15.70,0.0785,true,1,30069
7290000045580,false,"גבינת מותכת נעמה חורש 25%, 240 ג'",תנובה מרכז שיתופי לש,IL,גבינת חורש 16 יחידות,,240.00,יח',false,,18.90,0.0787,true,1,30070
7290000045917,false,תנובה גבינת פרומעז 23% גלילית 200ג,קריות זול,IL,גבינה פרומעז 23% קול,,200.00,"100 מ""ל",false,,27.90,0.1395,true,1,30072
7290000046006,false,גבינה צהובה עמק בלוק,תנובה מרכז שיתופי לש,,עמק 28% תנובה,קילוגרמים,1.00,"ק""ג",true,,44.79,44.7900,true,1,29981
7290000046020,false,"גבינה גלבוע בלוק ק""ג",תנובה מרכז שיתופי לש,,גלבוע 22% תנובה,קילוגרמים,1.00,"ק""ג",true,,42.58,42.5800,true,1,29982
7290000046136,false,גלבוע 22% תנובה,קריות זול,,גלבוע 22% תנובה,קילוגרמים,1.00,"ק""ג",true,,42.58,42.5800,true,1,97798
7290000046327,false,"גבינת גלבוע פרוס 22%, 200 ג' תנובה",תנובה מרכז שיתופי לש,IL,צהובה גלבוע 22% 200,,200.00,100 גרם,false,,13.90,0.0695,true,1,30075
7290000046662,false,עמק דליקטס סקנדינבית,תנובה מרכז שיתופי לש,,עמק דליקטס סקנדינבית,קילוגרמים,1.00,"ק""ג",true,,81.00,81.0000,true,1,29990
7290000047485,false,בולגרית פיראוס 24% ב,תנובה מרכז שיתופי לש,,בולגרית 24% תנובה,קילוגרמים,1.00,"ק""ג",true,,55.00,55.0000,true,1,29994
7290000047546,false,כנען גבינה לבנה ללא מלח 5% 500 ג',תנובה מרכז שיתופי לש,IL,גבינה לבנה ללא תוספת,,500.00,"100 מ""ל",false,,26.50,0.0530,true,1,30078
7290000048185,false,גבינה לבנה 5% שומן 250 ג' תנובה,מיוצר עי קונדיטוריית,IL,גבינה לבנה 5% תנובה,,250.00,יח',false,,4.98,0.0199,true,1,30083
7290000048192,false,גבינה לבנה 9% שומן 250 ג' תנובה,מחלבת אלון תבור,IL,גבינה לבנה 9% תנובה,,250.00,יח',false,,5.20,0.0208,true,1,30084
7290000048307,false,קוטג' 5% וזיתים ירוקים 250ג' תנובה,מיוצר עי קונדיטוריית,IL,גבינת קוטג׳ 5% עם זי,,250.00,יח',false,,5.90,0.0236,true,1,30085
7290000048413,false,גבינה חמד %16 שקית 250 ג' פיראוס,תנובה מרכז שיתופי לש,IL,פיראוס חמד 16% 250 ג,,250.00,100 גרם,false,,18.90,0.0756,true,1,30086
7290000048437,false,גבינה צפתית 5% 200 ג' פיראוס,פארייפאבה אגרואינדוס,IL,פיראוס צפתית 5% שומן,,200.00,יח',false,,15.90,0.0795,true,1,30087
7290000050447,false,יוגורט תות 500 ג' יופלה,מיוצר עי קונדיטוריית,IL,יופלה YYY תות 3% 500,,500.00,100 גרם,false,,14.30,0.0286,true,1,30096
7290000051307,false,מארז הפסקת אוכל עם דגני עוגי ומשקה חלב עמיד בטעם וניל,תנובה מרכז שיתופי לש,IL,הפסקת אוכל עוגי +חלב,,150.00,100 גרם,false,,9.90,0.0660,true,1,30116
7290000051376,false,יופלה דיאט אננס גביע 150 ג',תנובה מרכז שיתופי לש,IL,יופלה דיאט אננס ספור,,150.00,"100 מ""ל",false,,5.20,0.0347,true,1,30118
7290000051710,false,לאבנה 9% עם שמן זית וזעתר 263 ג' פיראוס,"תנובה, מחלבת אלון תב",IL,לאבנה עם שמן זית וזע,,263.00,"100 מ""ל",false,,14.90,0.0567,true,1,30124
7290000052311,false,גבינה צהובה לייט 15% 200 ג' עמק,תנובה מרכז שיתופי לש,IL,גבינה צהובה עמק לייט,,200.00,יח',false,,17.50,0.0875,true,1,30142
7290000052649,false,גבינת לאבנה 5% שומן 500 ג' פיראוס,תנובה מרכז שיתופי לש,IL,פיראוס לאבנה 5% גביע,,500.00,יח',false,,20.90,0.0418,true,1,30156
7290000052717,false,קוטג' 5%עם שום שמיר 250 ג' תנובה,מיוצר עי קונדיטוריית,IL,קוטג' שום שמיר 5% 25,,250.00,יח',false,,5.90,0.0236,true,1,47152
7290000052946,false,"יופלה לבן מעודן מאגדת שמינייה בד""צ",תנובה מרכז שיתופי לש,IL,יופלה לבן מאגדת שמינ,,1200.00,"100 מ""ל",false,,21.90,0.0182,true,1,48969
7290000055015,false,גבינת פיראוס פטה כבשים 5% 250 ג' פיראוס,תנובה מרכז שיתופי לש,IL,פטה כבשים 5% שומן פי,,250.00,"100 מ""ל",false,,28.90,0.1156,true,1,30240
7290000055206,false,גבינה לבנה 5% בטעם בצל מטוגן 250 ג' תנובה,תנובה מרכז שיתופי לש,IL,גבינה לבנה בצל מטוגן,,250.00,100 גרם,false,,6.20,0.0248,true,1,41805
7290000055329,false,יופלה משקה יוגורט תות מלון 1.5% 250מל.,תנובה מרכז שיתופי לש,IL,יופלה משקה יוגורט תו,,250.00,100 גרם,false,,5.90,0.0236,true,1,41604
7290000055336,false,יופלה משקה יוגורט בננה אפרסק 1.5% 250מל,תנובה מרכז שיתופי לש,IL,יופלה משקה יוגורט בנ,,250.00,100 גרם,false,,5.90,0.0236,true,1,41605
7290000055343,false,יופלה משקה יוגורט טרופי 1.5% 250מל,תנובה מרכז שיתופי לש,IL,יופלה משקה יוגורט טר,,250.00,100 גרם,false,,5.90,0.0236,true,1,41606
7290000055350,false,גבינה צהובה חריץ עמק,תנובה מרכז שיתופי לש,,עמק 28% תנובה,קילוגרמים,1.00,"ק""ג",true,,44.79,44.7900,true,1,98350
7290000055893,false,חמאה משמנת מפוסטרת 200ג' כ.מהדרין,תנובה מרכז שיתופי לש,IL,חמאה מהדרין תנובה 20,,200.00,יח',false,,8.70,0.0435,true,1,42947
7290000056272,false,גבינה לבנה 5% עם זיתים ירוקים 250 ג' תנובה,תנובה מרכז שיתופי לש,IL,גבינה לבנה זיתים 5%,,250.00,"100 מ""ל",false,,6.20,0.0248,true,1,41815
7290000056845,false,חלב טרי 3% הומוגני קרטון 1.5 ל' תנובה,פארייפאבה אגרואינדוס,IL,חלב טרי 3% תנובה 1.5,,1500.00,100 גרם,false,,9.35,0.0062,true,1,44659
7290000056890,false,דיאט יופלה שמינייה טעמים שונים,מיוצר עי קונדיטוריית,IL,יופלה מאגדת דיאט טעמ,יחידה,0.00,יחידה,false,,32.50,0.0000,true,1,43427
7290000056906,false,מאגדת לבן טבעי 1.5% שומן 8 יח' * 150 ג' יופלה,מחלבת אלון תבור,IL,יופלה לבן מאגדת שמינ,,1200.00,"100 מ""ל",false,,18.90,0.0157,true,1,43428
7290000056951,false,"שמנת לבישול 15% שומן 500 מ""ל תנובה",תנובה מרכז שיתופי לש,IL,שמנת עמידה לבישול 15,,500.00,"100 מ""ל",false,,18.50,0.0370,true,1,44971
7290000057088,false,גבינת דק דק 28% 200 ג' עמק,תנובה מרכז שיתופי לש,IL,גבינה צהובה עמק דק ד,,200.00,יח',false,,17.50,0.0875,true,1,44660
7290000057118,false,עמק סמי מעדנייה כשרות מהדרין,תנובה מרכז שיתופי לש,IL,המעדניה של עמק 28% 4,,400.00,"100 מ""ל",false,,23.90,0.0597,true,1,44359
7290000057132,false,יוגורט טבעי 1.5% שומן 200 ג' תנובה,מחלבת אלון תבור,IL,יוגורט טבעי 1.5%תנוב,,200.00,100 גרם,false,,3.20,0.0160,true,1,44360
7290000057149,false,יוגורט טבעי 3% שומן 200 ג' תנובה,מיוצר עי קונדיטוריית,IL,יוגורט טבעי 3% תנובה,,200.00,100 גרם,false,,3.20,0.0160,true,1,44361
7290000057934,false,משקאות חלב תנובה שוקו בדץ 1ל,תנובה מרכז שיתופי לש,IL,שוקו תנובה בקבוק בדץ,,1000.00,100 גרם,false,,13.90,0.0139,true,1,46282
7290000058030,false,"יופלה שטוזים משקה יוגורט תות 8 יח' * 100 מ""ל",מיוצר עי קונדיטוריית,IL,יופלה שטוזים משקה יו,,800.00,"100 מ""ל",false,,21.90,0.0274,true,1,45751
7290000058047,false,**שף לבן שמנת מתוקה מהדרין 38% פקק 500מ,תנובה מרכז שיתופי לש,IL,השף הלבן שמנת 38% 5ע,,500.00,"100 מ""ל",false,,12.94,0.0259,true,1,46578
7290000060071,false,אוסם - חטיפי פריכונים מאורז מלא קלוי 80גר,"מיוצר ע""י PT, משווק",IL,אסם חטיפי פריכונים ט,,80.00,100 גרם,false,,8.90,0.1113,true,1,24280
7290000060088,false,בייגלה אסם מקלות מלוחים 400 גרם,מיוצר עי קונדיטוריית,IL,בייגלה מקלות מלוחים,,300.00,"100 מ""ל",false,,11.90,0.0397,true,1,24281
7290000060156,false,פסטה אסם אטריות ביצים דקות 200גר,"אסם השקעות בע""מ",IL,אסם אטריות ביצים דקו,,200.00,"100 מ""ל",false,,6.90,0.0345,true,1,24283
7290000060163,false,פסטה אסם אטריות דקות 400גר,"אסם השקעות בע""מ",IL,אטריות דקות אסם 400ג,,400.00,"100 מ""ל",false,,6.90,0.0173,true,1,24284
7290000060200,false,פסטה אסם פתיתים אפויים קוסקוס 500גר,"אסם השקעות בע""מ",IL,פתיתים אפויים קוסקוס,,500.00,"100 מ""ל",false,,7.90,0.0158,true,1,24285
7290000060217,false,פסטה אסם מקרוני 7 500 גר,קריות זול,IT,פסטה מקרוני 7 אסם 50,,500.00,"100 מ""ל",false,,6.50,0.0130,true,1,24286
7290000060248,false,פסטה אסם פתיתים תלתלים 500גר,קריות זול,IT,פסטה תלתלים אסם 500,,500.00,"100 מ""ל",false,,6.50,0.0130,true,1,24287
7290000060316,false,פסטה פרפקטו ספגטי 500ג' אסם,קריות זול,IT,ספגטי אסם פרפקטו 500,,500.00,יח',false,,7.90,0.0158,true,1,24290
7290000060330,false,פרפקטו פרפקטו ספיראלי גירף 500 גר,קריות זול,IT,פסטה פרפקטו ספיראלי,,500.00,"100 מ""ל",false,,7.90,0.0158,true,1,24292
7290000060385,false,פודינג וניל אינסטנט מארז רביעיה * 80 ג',אסם תעשיות,IL,פודינג וניל מארז אסם,,320.00,"100 מ""ל",false,,19.90,0.0622,true,1,24294
7290000060408,false,פסטה אסם פתיתים אפויים טבעות 500 גר,"אסם השקעות בע""מ",IL,פתיתים אפויים טבעות,,500.00,"100 מ""ל",false,,7.90,0.0158,true,1,24296
7290000060415,false,פסטה פרפקטו לזאניה אסם 500ג',קריות זול,IT,לזניה פרפקטו 500גר,,500.00,100 גרם,false,,15.90,0.0318,true,1,24297
7290000060576,false,פסטה אסם פתיתים אפוי כוכב 500גר,"אסם השקעות בע""מ",IL,פתיתים אפויים כוכב א,,500.00,"100 מ""ל",false,,7.90,0.0158,true,1,24305
7290000060781,false,פסטה אסם פתיתים מסולסלים 500גר,קריות זול,IT,פסטה מסולסלים אסם 50,,500.00,"100 מ""ל",false,,6.50,0.0130,true,1,24308
7290000060828,false,פסטה קרניים בינוניות 500 ג' אסם,קריות זול,IT,פסטה קרניים בינוניות,,500.00,100 גרם,false,,6.50,0.0130,true,1,24309
7290000060842,false,פסטה אסם פתיתים צדפים גדולים 500גר,קריות זול,IT,פסטה צדפים גדולים אס,,500.00,"100 מ""ל",false,,6.50,0.0130,true,1,24310
7290000060880,false,פסטה מס' 8 ספגטי אסם 500ג',קריות זול,IT,פסטה ספגטי אסם 500גר,,500.00,"100 מ""ל",false,,6.50,0.0130,true,1,24312
7290000060903,false,פסטה אסם פתיתים אפויים אורז 500גר,"אסם השקעות בע""מ",IL,פתיתים אפויים אורז א,,500.00,"100 מ""ל",false,,7.90,0.0158,true,1,24313
7290000060958,false,פסטה אסם אטריות בינוניות 400 גרם,"אסם השקעות בע""מ",IL,אטריות בינוניות אסם,,400.00,"100 מ""ל",false,,6.90,0.0173,true,1,24315
7290000060965,false,פסטה אסם אטריות רחבות 400גר,"אסם השקעות בע""מ",IL,אטריות רחבות אסם 400,,400.00,100 גרם,false,,6.90,0.0173,true,1,24316
7290000061061,false,קרקר בצל אסם 250 גרם,"אסם השקעות בע""מ",IL,אסם קרקר בצל 250 גרם,,250.00,100 גרם,false,,11.90,0.0476,true,1,24318
7290000061085,false,"רוטב צ'ילי מתוק אסם 290מ""ל",אסם תעשיות,IL,רוטב צילי מתוק אסם 2,,290.00,100 גרם,false,,12.50,0.0431,true,1,24319
7290000061108,false,"רוטב טריאקי 290 מ""ל אסם","אסם השקעות בע""מ",IL,רוטב טריאקי אסם 290מ,,290.00,"100 מ""ל",false,,12.50,0.0431,true,1,24320
7290000061214,false,פתיתים אפויים קוסקוס עם בצל אסם 500 גר',"אסם השקעות בע""מ",IL,פתיתים אפויים קוסקוס,,500.00,"100 מ""ל",false,,7.90,0.0158,true,1,24322
7290000061245,false,עוגיות שוקוצ'יפס ממולאו שוקו' אסם 220ג',מיוצר עי קונדיטוריית,IL,עוגיות שוקוציפס ממול,,220.00,"100 מ""ל",false,,12.70,0.0577,true,1,24323
7290000061450,false,פתיתים אפויים קוסקוס צבעוני אסם 500 גר',"אסם השקעות בע""מ",IL,פתיתים אפויים קוסקוס,,500.00,"100 מ""ל",false,,7.90,0.0158,true,1,24325
7290000061764,false,נסקפה רד מאג טעם חדש 200ג',נסטלה ספרד קפה,ES,רד מאג נסקפה 200גר,,200.00,100 גרם,false,,24.90,0.1245,true,1,24326
7290000062952,false,אוסם - מיני קרוטונים למרק ולסלט 250 גרם,עינת תעשיות מזון,IL,אסם מיני קרוטונים למ,,250.00,"100 מ""ל",false,,16.90,0.0676,true,1,24335
7290000063102,false,קמח עוגה אסם תופח מאליו 350ג',"אסם השקעות בע""מ",IL,קמח תופח אסם 350גר,,350.00,100 גרם,false,,4.90,0.0140,true,1,24338
7290000063140,false,שקדי מרק רכיבים טבעיים בשקית 400 ג' אסם,"אסם השקעות בע""מ",IL,שקדי מרק רכיבים טבעי,,400.00,"100 מ""ל",false,,13.90,0.0348,true,1,24340
7290000063157,false,"קמח תופח מאליו אסם 1 ק""ג","אסם השקעות בע""מ",IL,קמח תופח מאליו אסם 1,,1000.00,"100 מ""ל",false,,9.90,0.0099,true,1,24341
7290000064758,false,קוסקוס בינוני אמיתי אסם 350 ג',"מיוצר ע""י קוד יצרן K",IL,קוסקוס בינוני אסם 35,,350.00,"100 מ""ל",false,,7.90,0.0226,true,1,24361
7290000064871,false,"אוסם - מנה חמה פירה תפו""א עם בצל 56 גרם","אסם השקעות בע""מ",IL,מנה חמה אסם פירה תפו,,56.00,"100 מ""ל",false,,6.90,0.1232,true,1,24363
7290000065335,false,אוסם - מנה חמה פירה עם ירקות 55 גרם,"אסם השקעות בע""מ",IL,מנה חמה אסם פירה עם,,55.00,100 גרם,false,,6.90,0.1255,true,1,24367
7290000065540,false,אוסם - מנה חמה פסטה מוקרמת בטעם עוף 55 גרם,"אסם השקעות בע""מ",IL,מנה חמה אסם פסטה מוק,,55.00,100 גרם,false,,6.90,0.1255,true,1,24368
7290000065557,false,אוסם - מנה חמה קוסקוס עם ירקות 84 גרם,"אסם תעשיות מזון בע""מ",IL,מנה חמה אסם קוסקוס ע,,84.00,"100 מ""ל",false,,6.90,0.0821,true,1,24369
7290000065977,false,חטיפי פריכונים תירס שומשום 80 ג' אוסם,"מיוצר ע""י פרח, משווק",IL,חטיפי פריכונים תירס,,80.00,"100 מ""ל",false,,8.90,0.1113,true,1,24378
7290000066134,false,ביסלי בטעם פלאפל אסם,"אסם השקעות בע""מ",IL,ביסלי בטעם פלאפל אסם,,70.00,"100 מ""ל",false,,4.90,0.0700,true,1,24379
7290000066141,false,ביסלי בטעם גריל אסם,"אסם השקעות בע""מ",IL,ביסלי בטעם גריל אסם,,70.00,"100 מ""ל",false,,4.90,0.0700,true,1,24380
7290000066196,false,ביסלי גדול בטעם גריל 200 ג' אסם,מיוצר עי קונדיטוריית,IL,ביסלי גדול טעם גריל,,200.00,"100 מ""ל",false,,8.90,0.0445,true,1,24385
7290000066226,false,ביסלי בטעם פיצה 200 ג' אסם,מיוצר עי קונדיטוריית,IL,ביסלי בטעם פיצה אסם,,200.00,100 גרם,false,,8.90,0.0445,true,1,24388
7290000066295,false,אסם במבה תות מחומרים טבעיים 30גר,מיוצר עי קונדיטוריית,IL,במבה תות מחומרים טבע,,30.00,"100 מ""ל",false,,2.90,0.0967,true,1,24390
7290000066318,false,במבה קלאסי 80 גרם,"אסם השקעות בע""מ",IL,במבה אסם 80 גרם,,80.00,יח',false,,4.90,0.0613,true,1,24392
7290000066332,false,אפרופו חטיף אסם 50ג',מיוצר עי קונדיטוריית,IL,אפרופו אסם 50גר,,50.00,"100 מ""ל",false,,5.30,0.1060,true,1,24393
7290000066349,false,אפרופו חטיף תירס אסם,מיוצר עי קונדיטוריית,IL,אפרופו חטיף תירס אסם,,100.00,"100 מ""ל",false,,8.90,0.0890,true,1,24394
7290000066431,false,פופקו חטיף תירס בטעם חמאה ודבש 80 גרם,מיוצר עי קונדיטוריית,IL,פופקו חטיף אסם 80גר,,80.00,100 גרם,false,,5.50,0.0688,true,1,24396
7290000067407,false,פירורית מתובל שקית 200גר,עינת תעשיות מזון,IL,פירורית מתובל שקית א,,200.00,"100 מ""ל",false,,6.50,0.0325,true,1,24407
7290000067544,false,פירורית זהב שקית 200גר,עינת תעשיות מזון,IL,פירורית זהב שקית אסם,,200.00,"100 מ""ל",false,,6.50,0.0325,true,1,24410
7290000067599,false,אוסם - מנה חמה ספגטי רוטב בולנז 65 גרם,"אסם השקעות בע""מ",IL,מנה חמה אסם ספגטי רו,,65.00,"100 מ""ל",false,,6.90,0.1062,true,1,24413
7290000067735,false,"פסטה פרפקטו ניוקי בצקיות תפו""א 500ג' אסם",גרנדי פסטי,IT,פרפקטו ניוקי בצקיות,,500.00,100 גרם,false,,14.50,0.0290,true,1,24416
7290000068138,false,אסם פודינג אינסטנט וניל 80 גרם,מיוצר עי קונדיטוריית,IL,פודינג וניל אסם 80גר,,80.00,"100 מ""ל",false,,5.90,0.0738,true,1,24421
7290000068206,false,ג'לי משמש אסם צבע טבעי 85 ג',מיוצר עי קונדיטוריית,IL,ג'לי משמש אסם 85 גר,,85.00,"100 מ""ל",false,,6.90,0.0812,true,1,24426
7290000068237,false,ג'לי פטל צבע טבעי 85ג' אסם,מיוצר עי קונדיטוריית,IL,אסם ג'לי פטל צבעים ט,,85.00,"100 מ""ל",false,,6.90,0.0812,true,1,24427
7290000068251,false,ג'לי אננס אסם צבע טבעי 85 ג',מיוצר עי קונדיטוריית,IL,ג'לי אננס אסם 85 גר,,85.00,"100 מ""ל",false,,6.90,0.0812,true,1,24429
7290000068343,false,אוסם - פירכונים מאורז מלא 140 גרם,"מיוצר ע""י PT, משווק",IL,פריכונים מאורז מלא א,,140.00,"100 מ""ל",false,,8.90,0.0636,true,1,24437
7290000068701,false,שקדי מרק רכיבים טבע.מיכל 400ג' אסם,"אסם השקעות בע""מ",IL,שקדי מרק רכיבים טבע,,400.00,"100 מ""ל",false,,17.90,0.0447,true,1,24440
7290000068770,false,במבה יום הולדת אסם 8,"אסם השקעות בע""מ",IL,במבה יום הולדת אסם 8,,80.00,יח',false,,4.90,0.0613,true,1,24442
7290000068787,false,במבה יום הולדת 25גרם,מיוצר עי קונדיטוריית,IL,במבה אסם 25גר,,25.00,"100 מ""ל",false,,2.50,0.1000,true,1,24443
7290000069258,false,פסטה פרפקטו פנה ריגאטה 500ג' אסם,קריות זול,IT,פסטה פרפקטו פנה ריגא,,500.00,100 גרם,false,,7.90,0.0158,true,1,24454
7290000069364,false,פריכונים עגולים אורז דל נתרן אסם 140 גרם,"מיוצר ע""י PT, משווק",IL,פריכונים מאורז מלא ל,,140.00,"100 מ""ל",false,,8.90,0.0636,true,1,24457
7290000070308,false,אבקת מרק עוף אמיתי במיכל 400 גרם,"אסם השקעות בע""מ",IL,מרק עוף אמיתי אסם 40,,400.00,100 גרם,false,,17.90,0.0447,true,1,24471
7290000070322,false,אבקת מרק פטריות רכיבים טבעיים אוסם 400 ג',"אסם השקעות בע""מ",IL,מרק פטריות רכיבים טב,,400.00,"100 מ""ל",false,,27.90,0.0697,true,1,24473
7290000072241,false,אסם רוטב לפיצה בקבוק,"אסם השקעות בע""מ",IL,רוטב פיצה-בקבוק 290מ,,290.00,100 גרם,false,,12.50,0.0431,true,1,24491
7290000072623,false,אסם קטשופ בקבוק לחיץ,"אסם השקעות בע""מ",IL,קטשופ אסם 750 גרם,,750.00,יח',false,,9.90,0.0132,true,1,24494
7290000072630,false,קטשופ חריף אוסם 750 ג',"אסם השקעות בע""מ",IL,אסם קטשופ חריף 750 ג,,750.00,יח',false,,11.90,0.0159,true,1,24495
7290000072753,false,קפה טייסטר צ'ויס קפה מגורען 200ג',נסטלה קוריאה - קפה,IL,קפה טייסטרס צ׳ויס נס,,200.00,יח',false,,29.90,0.1495,true,1,24499
7290000072777,false,קפה טייסטר צ'ויס מגור' נ.קפאין 200ג',נסטלה קוריאה - קפה,IL,טסטרס צויס נטול קפאי,,200.00,"100 מ""ל",false,,39.90,0.1995,true,1,24500
7290000072968,false,דגני בוקר סיני מיניס נסטלה 500 ג',נסטלה פולין דגני בוק,PL,סיני מיניס 500 גרם,,500.00,יח',false,,26.90,0.0538,true,1,24505
7290000073125,false,אוסם - מנה חמה פסטה עם עגבניות 62 גרם,"אסם השקעות בע""מ",IL,מנה חמה אסם פסטה עם,,62.00,"100 מ""ל",false,,6.90,0.1113,true,1,24506
7290000073415,false,אוסם - מנה חמה פסטה ברוטב פיצה 61 גרם,"אסם השקעות בע""מ",IL,מנה חמה אסם פסטה ברו,,61.00,"100 מ""ל",false,,6.90,0.1131,true,1,24510
7290000073750,false,אוסם - מנה חמה נודלס בטעם עוף 70 גרם,טאי רזידנט,CN,מנה חמה נודלס בטעם ע,,70.00,יח',false,,6.90,0.0986,true,1,24511
7290000073767,false,אוסם - מנה חמה נודלס בטעם בקר 70 גרם,טאי רזידנט,CN,מנה חמה נודלס בטעם ב,,70.00,יח',false,,6.90,0.0986,true,1,24512
7290000074153,false,ביסקוויט פתיבר שוקו,מיוצר עי קונדיטוריית,IL,פתי בר שוקו אסם 500ג,,500.00,"100 מ""ל",false,,14.90,0.0298,true,1,24518
7290000074184,false,אוסם - פתי בר בינוני 500 גרם,"אסם השקעות בע""מ",IL,פתי בר וניל אסם 500ג,,500.00,"100 מ""ל",false,,11.90,0.0238,true,1,24520
7290000074245,false,אוסם - קרם קרקר אסם 250 גרם,"אסם השקעות בע""מ",IL,קרם קרקר אסם 250גר,,250.00,"100 מ""ל",false,,8.90,0.0356,true,1,24521
7290000074252,false,קרקר אסם שומשום 250 גרם,"אסם השקעות בע""מ",IL,קרקר שומשום אסם 250ג,,250.00,"100 מ""ל",false,,9.90,0.0396,true,1,24522
7290000074276,false,קרקר פיקנטי טבעון 250 ג' אסם,"אסם השקעות בע""מ",IL,קרקר פיקנטי טבעון אס,,250.00,"100 מ""ל",false,,11.90,0.0476,true,1,24523
7290000074375,false,אוסם - קרקר זהב 150 גרם,"אסם השקעות בע""מ",IL,קרקר זהב אסם 150 גרם,,150.00,"100 מ""ל",false,,7.90,0.0527,true,1,24528
7290000074481,false,לחמית אגוזים אסם 160 ג',"אסם השקעות בע""מ",IL,לחמית אגוזים אסם 160,,160.00,100 גרם,false,,11.50,0.0719,true,1,44031
7290000074696,false,"קרם קרקר 1 ק""ג אוסם","אסם השקעות בע""מ",IL,קרם קרקר אסם 1 ק״ג,,1000.00,"100 מ""ל",false,,29.90,0.0299,true,1,24530
7290000074764,false,קרקר זהב אסם 900 גרם,אסם תעשיות,IL,קרקר זהב אסם 900גר,,900.00,"100 מ""ל",false,,29.90,0.0332,true,1,24534
7290000075204,false,אוסם - לחמית חיטה מלאה 250 גרם,"אסם השקעות בע""מ",IL,לחמית חיטה מלאה אסם,,250.00,100 גרם,false,,9.90,0.0396,true,1,24543
7290000075693,false,עוגת הבית שמרים בריוש שוקולד 360ג',מיוצר עי קונדיטוריית,IL,עוגת הבית שמרים בריו,,360.00,100 גרם,false,,18.50,0.0514,true,1,24549
7290000076126,false,אוסם - בייגלה שמיניות קטנות 80 גרם,"אסם השקעות בע""מ",IL,בייגלה שמיניות קטנות,,80.00,"100 מ""ל",false,,3.50,0.0438,true,1,24550
7290000076133,false,בייגלה שמיניות קטנות 400 גרם אסם,"אסם השקעות בע""מ",IL,בייגלה שמיניות קטנות,,400.00,"100 מ""ל",false,,11.90,0.0298,true,1,24551
7290000076645,false,אוסם - טוסטעים חיטה מלאה 100 גרם,ון דר מולן האלום,NL,אסם טוסטים חיטה מלאה,,100.00,"100 מ""ל",false,,10.90,0.1090,true,1,24561
7290000077017,false,עוגיות קרמוגית וקרם שוקולד אסם 200 גרם,מיוצר עי קונדיטוריית,IL,קרמוגית במילוי שוקול,,200.00,"100 מ""ל",false,,12.70,0.0635,true,1,24564
7290000077253,false,אוסם - לחמית כפרית עם דגנים מלאים 190 גרם,"אסם השקעות בע""מ",IL,לחמית כפרית עם דגנים,,190.00,100 גרם,false,,11.50,0.0605,true,1,24569
7290000078212,false,קרוטונים מתובלים 250 ג' אסם,עינת תעשיות מזון,IL,קרוטונים מתובלים למר,,250.00,"100 מ""ל",false,,16.90,0.0676,true,1,24576
7290000078762,false,אוסם - חטיפי פריכונים מאורז מלא בטעם דבש 80גר,סנורייס בלגיום אן. ו,BE,חטיפי פריכונים מאורז,,80.00,100 גרם,false,,8.90,0.1113,true,1,24580
7290000080406,false,אסאדו עע,,,אסאדו עע,קילוגרמים,1.00,"ק""ג",true,,69.90,69.9000,true,1,32431
7290000080420,false,צלי כתף עגל,,,צלי כתף עגל,קילוגרמים,1.00,"ק""ג",true,,89.90,89.9000,true,1,35269
7290000080758,false,אוסם - טוסטעים פת קלוי 100 גרם,ון דר מולן האלום,NL,אסם טוסטעים 100גרם,,100.00,"100 מ""ל",false,,10.90,0.1090,true,1,24595
7290000080765,false,טוסטעים פת קלויה עם שומשום 100 ג' אוסם,ון דר מולן האלום,NL,אסם טוסטעים עם שומשו,,100.00,"100 מ""ל",false,,10.90,0.1090,true,1,24596
7290000081663,false,בייגלה אסם טבעות שומשום 300 גרם,מיוצר עי קונדיטוריית,IL,בייגלה טבעות שומשום,,300.00,"100 מ""ל",false,,11.90,0.0397,true,1,24598
7290000100128,false,פירות קפואים תות סנפרוסט 300 ג',סנפרוסט בעמ,IL,תות שדה מוקפא 300גר,,300.00,100 גרם,false,,15.90,0.0530,true,1,82033
7290000100135,false,פירות קפואים דובדבן סנפרוסט 300 ג',סנפרוסט בעמ,IL,דובדבן מתוק קפוא 300,,300.00,"100 מ""ל",false,,15.90,0.0530,true,1,82042
7290000101132,false,לקט קטניות לחמין 800 ג' סנפרוסט,,,לקט קטניות לחמין סנפ,,800.00,"100 מ""ל",false,,21.90,0.0274,true,1,72862
7290000101927,false,אוכמניות כחולות מוקפאות סנפרוסט 300 גרם,"איי, בי, אינבוו",IL,אוכמניות כחולות מוקפ,,300.00,100 גרם,false,,15.90,0.0530,true,1,82034
7290000101934,false,מיקס פירות יער מוקפאות 300 ג' סנפרוסט,"סנפרוסט בע""מ",IL,מיקס פירות יער מוקפא,,300.00,"100 מ""ל",false,,15.90,0.0530,true,1,82035
7290000101941,false,אננס חתוך מוקפא סנפרוסט 300ג',"סנפרוסט בע""מ",IL,אננס מוקפא 300 גרם ס,,300.00,"100 מ""ל",false,,15.90,0.0530,true,1,82038
7290000103365,false,מרק ירקות 550 ג' סנפרוסט,"איי, בי, אינבוו",IL,מרק ירקות קפוא סנפרו,,550.00,"100 מ""ל",false,,17.90,0.0325,true,1,46619
7290000103433,false,ירקות לתנור סנפרוסט,"איי, בי, אינבוו",IL,ירקות לתנור סנפרוסט,,800.00,"100 מ""ל",false,,23.90,0.0299,true,1,72521
7290000103815,false,סנפרוסט לקט להקפצה תאילנדי 800 גר,"סנפרוסט בע""מ",IL,לקט להקפצה תאילנדי ס,,800.00,100 גרם,false,,23.90,0.0299,true,1,42744
7290000103846,false,מרק אפונה 570 ג' סנפרוסט,"סנפרוסט בע""מ",IL,מרק אפונה קפוא סנפרו,,570.00,"100 מ""ל",false,,17.90,0.0314,true,1,43105
7290000103877,false,מרק שעועית קפוא 640 ג' סנפרוסט,"סנפרוסט בע""מ",IL,מרק שעועית קפוא סנפר,,640.00,"100 מ""ל",false,,17.90,0.0280,true,1,43103
7290000104201,false,אפונה עדינה קפואה 600 גרם סנפרוסט,"איי, בי, אינבוו",IL,אפונה עדינה סנפרוסט,,600.00,"100 מ""ל",false,,19.90,0.0332,true,1,29815
7290000104676,false,אפונה קפואה סנפרוסט 800 גרם,"איי, בי, אינבוו",IL,אפונה גינה סנפרוסט 8,,800.00,100 גרם,false,,16.90,0.0211,true,1,29819
7290000104683,false,שעועית שלמה 800 ג' סנפרוסט,"סנפרוסט בע""מ",IL,שעועית שלמה ירוקה סנ,,800.00,"100 מ""ל",false,,19.90,0.0249,true,1,29820
7290000104690,false,תירס גרעינים 800 ג' סנפרוסט,"איי, בי, אינבוו",IL,גרעיני תירס סנפרוסט,,800.00,"100 מ""ל",false,,17.90,0.0224,true,1,29821
7290000104706,false,גזר גמדי סנפרוסט 800ג',"סנפרוסט בע""מ",IL,גזר גמדי סנפרוסט 800,,800.00,"100 מ""ל",false,,17.90,0.0224,true,1,29822
7290000104713,false,פול ירוק סנפרוסט 800 ג',"איי, בי, אינבוו",IL,פול ירוק סנפרוסט 800,,800.00,100 גרם,false,,26.90,0.0336,true,1,29823
7290000104720,false,שעועית ירוקה סנפרוסט 800ג',"סנפרוסט בע""מ",IL,שעועית ירוקה חתוכה ס,,800.00,"100 מ""ל",false,,18.90,0.0236,true,1,29824
7290000104737,false,שעועית צהובה חתוכה 800 ג' סנפרוסט,"סנפרוסט בע""מ",IL,שעועית צהובה חתוכה ס,,800.00,"100 מ""ל",false,,18.90,0.0236,true,1,29825
7290000104768,false,תרד עלים סנפרוסט 800 ג ',"איי, בי, אינבוו",IL,תרד עלים סנפרוסט 800,,800.00,100 גרם,false,,26.90,0.0336,true,1,29828
7290000104799,false,שעועית לבנה מבושלת סנפרוסט 800גר,"איי, בי, אינבוו",IL,שעועית לבנה מבושלת ס,,800.00,"100 מ""ל",false,,19.90,0.0249,true,1,29830
7290000104805,false,גרגירי חומוס קפוא סנפרוסט 800 ג',"איי, בי, אינבוו",IL,גרגירי חומוס קפוא סנ,,800.00,"100 מ""ל",false,,19.90,0.0249,true,1,29831
7290000104836,false,שעועית עדינה שלמה סנפרוסט 600ג',"סנפרוסט בע""מ",IL,שעועית עדינה שלמה סנ,,600.00,"100 מ""ל",false,,23.90,0.0398,true,1,29833
7290000104881,false,אפונה וגזר קפוא סנפרוסט 800ג',"איי, בי, אינבוו",IL,אפונה וגזר סנפרוסט 8,,800.00,100 גרם,false,,17.90,0.0224,true,1,29836
7290000104911,false,לקט נורמנדי סנפרוסט 800ג',"איי, בי, אינבוו",IL,לקט נורמנדי סנפרוסט,,800.00,"100 מ""ל",false,,23.90,0.0299,true,1,29839
7290000106526,false,ירקות מעורבים מוקפאים חגיגה ירוקה להקפצה,"איי, בי, אינבוו",IL,חגיגה ירוקה להקפצה ס,,800.00,100 גרם,false,,23.90,0.0299,true,1,88811
7290000107165,false,פולי סויה אדממה סנפרוסט 400 ג',"איי, בי, אינבוו",IL,פולי סויה קפוא סנפרו,,400.00,"100 מ""ל",false,,14.90,0.0373,true,1,29843
7290000107189,false,תחתיות ארטישוק סנפרוסט 400גר,"איי, בי, אינבוו",IL,תחתיות ארטישוק 400גר,,400.00,"100 מ""ל",false,,23.90,0.0597,true,1,29844
7290000107295,false,תפרחות ברוקולי סנפרוסט 800 ג',"איי, בי, אינבוו",IL,תפרחות ברוקולי סנפרו,,800.00,"100 מ""ל",false,,25.90,0.0324,true,1,29846
7290000107615,false,ירקות ואננס להקפצה מנה אסייתית צבעונית ועשירה,"איי, בי, אינבוו",IL,מנה אסייתית צבעונית,,800.00,"100 מ""ל",false,,23.90,0.0299,true,1,88812
7290000112220,false,טחינה גולמית 100%בארכה 500ג',רושדי תעשיות מזון בע,IL,טחינה 100% שומשום בא,,500.00,יח',false,,15.90,0.0318,true,1,30897
7290000112619,false,מרק עוף לתיבול והעשרה קנור 400 גרם,יוניליוור ישראל מזון,IL,אבקת מרק עוף אמיתי ב,,400.00,100 גרם,false,,19.90,0.0497,true,1,27127
7290000117171,false,נמס בכוס בטעם עוף דל 48 ג' קנור,יוניליוור ישראל מזון,IL,נמס בכוס קנור 10*10,,46.00,"100 מ""ל",false,,7.80,0.1696,true,1,27172
7290000118277,false,כופתאות מצה להכנת מהירה 65 ג' קנור,יוניליוור ישראל מזון,IL,קניידלך קנור 2*65 גר,,130.00,"100 מ""ל",false,,10.90,0.0838,true,1,27183
7290000118352,false,"לטקס קנור כשל""פ 170 גר'",יוניליוור ישראל מזון,IL,לטקס 2*85גר,,170.00,"100 מ""ל",false,,10.90,0.0641,true,1,27185
7290000122830,false,רוטב מקסיקני 370 ג' קנור,מיוצר עי קונדיטוריית,IL,רוטב סצ'ואן קנור 300,,300.00,"100 מ""ל",false,,14.90,0.0497,true,1,27209
7290000129457,false,אבקת רוטב פטריות קנור 28 ג' שקית,יוניליוור ישראל מזון,IL,רוטב פטריות קנור 28ג,,28.00,"100 מ""ל",false,,5.90,0.2107,true,1,27262
7290000133645,false,אורביטול משחת שיניים סודה שלישיה* 145 ג',טרופיקל דגיל,IL,אורביטול משחת שיניים,,435.00,"100 מ""ל",false,,18.90,0.0434,true,1,26183
7290000133904,false,"סנו דואופרש פסיפלורה ותפוז 300 מ""ל",קריות זול,IL,סנו דואופרש פסיפלורה,,300.00,"100 מ""ל",false,,13.90,0.0463,true,1,26188
7290000134147,false,טעם וריח מוסקט טחון מיכל 40גר,תות ממתקי איכות,IL,מוסקט טחון טעם וריח,,40.00,"100 מ""ל",false,,14.90,0.3725,true,1,35149
7290000134307,false,תבלין קינמון טחון 50 גר',תות ממתקי איכות,IL,קינמון טחון 50גר,,50.00,100 גרם,false,,5.90,0.1180,true,1,35150
7290000134314,false,תבלין תיבול לפיצה 120 ג',תות ממתקי איכות,IL,תיבול לפיצה 120גר,,120.00,100 גרם,false,,9.90,0.0825,true,1,35151
7290000134338,false,תבלין אבקת שום טעם ו,תבליני טעם וריח,IL,אבקת שום 90גר,,90.00,"100 מ""ל",false,,11.90,0.1322,true,1,35152
7290000134352,false,תבלין קינמון טחון 90 גר',תות ממתקי איכות,IL,קימנון טחון 80 גר,,80.00,100 גרם,false,,9.90,0.1238,true,1,35154
7290000134376,false,תבלין פפריקה בשמן 90 גר',תות ממתקי איכות,IL,פפריקה בשמן 100גר,,100.00,"100 מ""ל",false,,9.90,0.0990,true,1,35155
7290000134550,false,טעם וריח עלי דפנה שק,תות ממתקי איכות,IL,עלי דפנה 20גר,,20.00,"100 מ""ל",false,,4.90,0.2450,true,1,35160
7290000134758,false,"תבלין תיבול לתפו""א 100 ג'",תות ממתקי איכות,IL,"תיבול לתפו""א 100גר",,100.00,100 גרם,false,,10.90,0.1090,true,1,35165
7290000134826,false,תבלין זעתר מעורב 100 גר',תות ממתקי איכות,IL,זעתר 100 גרם טעם ורי,,100.00,"100 מ""ל",false,,9.90,0.0990,true,1,35168
7290000134833,false,תבלין כמון טחון 100 גר',תות ממתקי איכות,IL,כמון טחון במיכל 100ג,,100.00,"100 מ""ל",false,,9.90,0.0990,true,1,35169
7290000134840,false,תבלין כורכום טחון 100 גר',תות ממתקי איכות,IL,כורכום במיכל 100גר,,100.00,"100 מ""ל",false,,9.90,0.0990,true,1,35170
7290000134857,false,תבלין פפריקה מתוקה 100 גר',תות ממתקי איכות,IL,פפריקה מתוקה במיכל 1,,100.00,100 גרם,false,,9.90,0.0990,true,1,35171
7290000134864,false,תבלין פפריקה חריפה 100 גר',"תבליני טעם וריח בע""מ",IL,פפריקה חריפה במיכל 1,,100.00,100 גרם,false,,9.90,0.0990,true,1,35172
7290000134871,false,תבלין פלפל שחור טחון 100 גר',תות ממתקי איכות,IL,פלפל שחור טחון 100גר,,100.00,100 גרם,false,,14.90,0.1490,true,1,35173
7290000134970,false,תבלין חוואייג טעם ור,תות ממתקי איכות,IL,חוואייג 100גר,,100.00,"100 מ""ל",false,,9.90,0.0990,true,1,35175
7290000134987,false,תבלין פלפל שחור גרוס 90 גר',תבליני טעם וריח,IL,פלפל שחור גרוס 90גר,,90.00,100 גרם,false,,14.90,0.1656,true,1,35176
7290000134994,false,תבלין טימין 20ג',תות ממתקי איכות,IL,טימין טעם וריח,,20.00,"100 מ""ל",false,,6.90,0.3450,true,1,35177
7290000135052,false,"משקה אנרגיה XL TEN מנגו 250 מ""ל","טמפו משקאות בע""מ",IL,אקס אל טן מנגו 250 מ,,250.00,יח',false,,5.00,0.0200,true,1,91968
7290000135113,false,משקה אנרגיה XL TEN ללא סוכר בטעם נענע ליים,אקסל XL,IL,אקסל פחית טן ליים 25,,250.00,"100 מ""ל",false,,5.00,0.0200,true,1,97591
7290000136141,false,משקה בטעם קולה 1.5ל' פפסי,פפסי Pepsi,IL,פפסי 1.5 ליטר,,1500.00,"100 מ""ל",false,,7.90,0.0053,true,1,104599
7290000136165,false,מירינדה בקבוק 1.5 לי,מירינדה Mirinda,IL,טמפו מירינדה 1.5 ליט,,1500.00,"100 מ""ל",false,,7.90,0.0053,true,1,104596
7290000136172,false,סבן אפ בקבוק 1.5 ליט,סבן אפ 7up,IL,סבן אפ 1.5 ליטר,,1500.00,"100 מ""ל",false,,7.90,0.0053,true,1,104597
7290000136240,false,סודה 1.5 ליטר שישייה בודד,טמפו,IL,סודה טמפו 1.5ליטר,,1500.00,"100 מ""ל",false,,3.90,0.0026,true,1,104593
7290000136257,false,פאנק טוניק גזוז בטעם פירות,טמפו,,ראש&טוניק טמפו 1.5לי,,1500.00,100 גרם,false,,13.00,0.0087,true,1,104586
7290000136264,false,מי טוניק גזוז 1.5 ל' טמפו,טמפו,IL,מי טוניק טמפו 1.5ליט,,1500.00,100 גרם,false,,13.00,0.0087,true,1,104583
7290000136295,false,סירופ בטעם פטל סיידר הגליל JUICER,סיידר הגליל,,סירופ בטעם פטל ג'ויס,,330.00,"100 מ""ל",false,,17.90,0.0542,true,1,107530
7290000136431,false,משקה בטעם אפרסק צלול תריסר 1.5 ל' ג'אמפ,ג'אמפ,,גאמפ אפרסק צלול 1.5ל,,1500.00,100 גרם,false,,8.90,0.0059,true,1,104594
7290000136455,false,משקה בטעם אשכוליות תריסר 1.5 ל' ג'אמפ,ג'אמפ,IL,גאמפ אשכוליות 1.5ליט,,1500.00,100 גרם,false,,8.90,0.0059,true,1,104589
7290000136486,false,משקה בטעם אשכוליות דיאט תריסר 1.5 ל' ג'אמפ,ג'אמפ,IL,גאמפ דיאט אשכוליות 1,,1500.00,100 גרם,false,,8.90,0.0059,true,1,104592
7290000136516,false,משקה בטעם מנגו פסיפלורה תריסר 1.5 ל' ג'אמפ,ג'אמפ,IL,גאמפ מנגו פסיפלורה 1,,1500.00,100 גרם,false,,8.90,0.0059,true,1,104587
7290000136523,false,משקה בטעם ענבים תריסר 1.5 ל' ג'אמפ,ג'אמפ,IL,גאמפ ענבים 1.5ליטר ת,,1500.00,100 גרם,false,,8.90,0.0059,true,1,104590
7290000136561,false,משקה בטעם תות בננה תריסר 1.5 ל' ג'אמפ,ג'אמפ,IL,גאמפ תות בננה 1.5 לי,,1500.00,"100 מ""ל",false,,8.90,0.0059,true,1,104591
7290000136585,false,משקה בטעם תפוזים תריסר 1.5 ל' ג'אמפ,ג'אמפ,IL,גאמפ תפוזים 1.5 ליטר,,1500.00,100 גרם,false,,8.90,0.0059,true,1,104588
7290000136608,false,משקה בטעם תפוח צלול תריסר 1.5 ל' ג'אמפ,ג'אמפ,IL,גאמפ תפוח צלול 1.5לי,,1500.00,"100 מ""ל",false,,8.90,0.0059,true,1,104595
7290000136646,false,משקה מאלט תריסר 1.5 ל' נשר,טמפו,IL,נשר מאלט 1.5ליטר תרי,,1500.00,100 גרם,false,,10.90,0.0073,true,1,104584
7290000136653,false,משקה מאלט דיאט תריסר 1.5 ל' נשר,טמפו,IL,נשר מאלט דיאט 1.5ליט,,1500.00,"100 מ""ל",false,,10.90,0.0073,true,1,104585
7290000136677,false,פפסי קולה פיקדון 1.5 ליטר,טמפו,IL,פפסי 1.5 ליטר,,1500.00,"100 מ""ל",false,,7.90,0.0053,true,1,105199
7290000136790,false,מארז סודה שישייה 1.5 ל' טמפו,טמפו,IL,סודה טמפו 6* 1.5 ליט,,9000.00,"100 מ""ל",false,,18.90,0.0021,true,1,104570
7290000136813,false,סודה בטעם אננס מארז רביעייה 1.5 ל' טמפו,טמפו,IL,סודה אננס טמפו 4* 1.,,6000.00,"100 מ""ל",false,,12.90,0.0021,true,1,104574
7290000136844,false,מארז מים מזוככים אקווה נובה שישיית 2 ליטר,אקווה נובה Aqua Nova,IL,מי אקווה נובה 2 ליטר,,12000.00,"100 מ""ל",false,,12.90,0.0011,true,1,104569
7290000136851,false,סבן אפ פיקדון 1.5 ליטר,טמפו,IL,סבן אפ 1.5 ליטר,,1500.00,"100 מ""ל",false,,7.90,0.0053,true,1,105923
7290000136868,false,שישיית מים מינרלים סאן בנדטו,סאן בנדטו San Benedetto,IL,מים סאן בנדטו 6* 1.5,,9000.00,"100 מ""ל",false,,21.90,0.0024,true,1,104571
7290000136875,false,מארז מים מינרלים מוגז 6* 1.5 ל' סאן בנדטו,סאן בנדטו San Benedetto,IL,מים סאן בנדטו מוגז 6,,9000.00,"100 מ""ל",false,,22.90,0.0025,true,1,104572
7290000136936,false,סבן אפ דיאט בקבוק 1.,טמפו,IL,סבן אפ 1.5 ליטר דיאט,,1500.00,100 גרם,false,,7.90,0.0053,true,1,105523
7290000139104,false,שלווה חיטה תפוחה ומת,"אשב""ל בע""מ",IL,שלווה 230גר,,230.00,100 גרם,false,,8.90,0.0387,true,1,28843
7290000139180,false,שלווה טבעי אשבול 140 גר',"אשב""ל בע""מ",,חטיף שלווה נטו 140 ג,,140.00,"100 מ""ל",false,,8.90,0.0636,true,1,28844
7290000139227,false,דגן לבן משפחתי אשבול 150ג',אשבול בעמ,IL,דגן לבן 150 גרם,,150.00,"100 מ""ל",false,,8.90,0.0593,true,1,28845
7290000139234,false,דגן תפוח שלווה אשבול בטעם חמאה ודבש 150ג',,,דגן תפוח חמאה ודבש 1,,150.00,100 גרם,false,,8.90,0.0593,true,1,43422
7290000139609,false,אשבול פצפוצי אורז 375 גרם,,,פצפוצי אורז טבעי 450,,450.00,"100 מ""ל",false,,13.90,0.0309,true,1,28847
7290000139623,false,פיצפוצי אורז לייט 450 גר',,,פצפוצי אורז לייט 375,,375.00,"100 מ""ל",false,,13.90,0.0371,true,1,28849
7290000144160,false,שמן זית כתית מעולה ארומתי מודגש 750מל,"מרקאולאו, ספרד.אבסה,",IT,שמן זית כתית מעולה א,,750.00,"100 מ""ל",false,,34.90,0.0465,true,1,35305
7290000144467,false,שמן חמניות מועשר בנוגדי חמצון 1 ל' עץ הזית,"נארז ע""י : א.ג. גילר",GR,שמן חמניות בריאות מה,,1000.00,100 גרם,false,,17.90,0.0179,true,1,35308
7290000144474,false,שמן קנולה בריאות מהטבע 1 ליטר,שמן תעשיות,EE,שמן קנולה בריאות מהט,,1000.00,100 גרם,false,,16.90,0.0169,true,1,35309
7290000146928,false,"טום וגרי משחת שיניים בטעם ענבים 50 מ""ל",שוורצקוף& הנקל דיסלד,IL,טום וגרי משחת שיניים,,50.00,100 גרם,false,,10.90,0.2180,true,1,30724
7290000146997,false,"טום וג'רי - משחת שיניים מסטיק 50 מ""ל",שוורצקוף& הנקל דיסלד,IL,טום וגרי משחת שיניים,,50.00,100 גרם,false,,10.90,0.2180,true,1,30726
7290000149615,false,נקה 7 סבון מוצק לתינוק רביעיה * 100 ג',גליל כימיקלים בעממשו,IL,נקה 7 סבון מוצק לתינ,,400.00,"100 מ""ל",false,,11.90,0.0298,true,1,32567
7290000149905,false,טקסטיל שמפו לכביסה ביד 1 ליטר,מיוצר עי קונדיטוריית,IL,טקסטיל שמפו 1ליטר,,1000.00,"100 מ""ל",false,,14.90,0.0149,true,1,32572
7290000149943,false,"טקסטיל שמפו-שקית 1 ק""ג",קריות זול,IL,טקסטיל שמפו שקית 1קג,,1000.00,100 גרם,false,,14.90,0.0149,true,1,32573
7290000150352,false,פסטרמה איטלקית עוף -,עיצובים 2020 (4.9),,פסטרמה איטלקית עוף -,קילוגרמים,1.00,"ק""ג",true,,85.00,85.0000,true,1,85285
7290000150956,false,קבנוס מקלונים עוף טוב 160ג',מוצרי עוף טוב (2001),IL,מקלוני קבנוס עוף טוב,,160.00,"100 מ""ל",false,,12.90,0.0806,true,1,77036
7290000152288,false,עוף טוב נקניקיות עוף מיס לוסי 400 ג',מוצרי עוף טוב (2001),IL,נקניקיות עוף עוף טוב,,400.00,100 גרם,false,,14.90,0.0373,true,1,53346
7290000152943,false,פסטרמה כפרית +סלמי כפרי עוף טוב 350X2ג',מולינו ניקולי s.p.a,IL,סלמי+פסטרמה עוף טוב,,700.00,"100 מ""ל",false,,29.90,0.0427,true,1,53345
7290000153445,false,קציצות בקר מתובלות עוף טוב 500 ג',מולינו ניקולי s.p.a,IL,קציצות בקר מתובלות ע,,500.00,"100 מ""ל",false,,29.90,0.0598,true,1,44032
7290000153469,false,עוף טוב קציצות עוף קלאסיות 600 גר',מוצרי עוף טוב (2001),IL,קציצות עוף קלאסיות ע,,600.00,100 גרם,false,,29.90,0.0498,true,1,44033
7290000158105,false,שניצל עוף טוב מיני דינוזאור 700 גרם,מוצרי עוף טוב (2001),IL,שניצל מיני דינוזאור,,700.00,100 גרם,false,,37.90,0.0541,true,1,45885
7290000166605,false,סיף פנטסטיק ניקיון כללי יסמין 4ליטר,סיף פנטסטיק Cif Fantastic,IL,סיף פנטסטיק יסמין 4ל,,4000.00,100 גרם,false,,22.90,0.0057,true,1,46476
7290000170053,false,שוקולד פרה 100 ג' חלב.,"תופינית בע""מ",IL,שוקולד פרה חלב 100גר,,100.00,"100 מ""ל",false,,6.50,0.0650,true,1,33048
7290000174723,false,אבקת שוקולית עלית קופסא 500ג',הנסיך- מפעל לייצור ט,IL,שוקולית אבקת שוקו על,,500.00,"100 מ""ל",false,,12.90,0.0258,true,1,33060
7290000176062,false,קפה טורקי בצלופן 100,שטראוס קפה בי.וי.,IL,קפה טורקי עלית 100 ג,,100.00,יח',false,,7.90,0.0790,true,1,33064
7290000176079,false,קפה טורקי עם היל עלית 100 ג',הנסיך- מפעל לייצור ט,IL,קפה טורקי עם הל עלית,,100.00,100 גרם,false,,9.90,0.0990,true,1,33065
7290000176413,false,קפה נמס אבקתי עלית 50 ג',הנסיך- מפעל לייצור ט,IL,קפה נמס עלית 50 גרם,,50.00,יח',false,,8.90,0.1780,true,1,33070
7290000176420,false,קפה נמס אבקתי 200ג עלית,שטראוס קפה בי.וי,IL,קפה נמס עלית 200 גרם,,200.00,יח',false,,19.90,0.0995,true,1,33071
7290000176468,false,קפה נמס נטול קפאין 50 ג' קפה האג,"איי, בי, אינבוו",IL,האג קפה נטול קפאין 5,,50.00,100 גרם,false,,10.90,0.2180,true,1,33072
7290000176475,false,קפה נמס האג נטול קפאין 200 ג',קריות זול,IL,האג קפה נטול קפאין 2,,200.00,"100 מ""ל",false,,35.90,0.1795,true,1,33073
7290000178707,false,חטיף תפוציפס טבעי 50,"שטראוס פריטו ליי בע""",IL,תפוציפס טבעי 50גר,,50.00,"100 מ""ל",false,,4.10,0.0820,true,1,28141
7290000178721,false,חטיף תפוציפס טבעי 20,"שטראוס פריטו ליי בע""",IL,תפוציפס טבעי 200גר,,200.00,"100 מ""ל",false,,12.30,0.0615,true,1,28143
7290000180212,false,שוקולוד פרה מריר אגוזים 100ג' עלית,"שטראוס גרופ בע""מ",IL,שוקולד פרה מריר עם א,,100.00,"100 מ""ל",false,,6.50,0.0650,true,1,33080
7290000181103,false,עד חצות ביסקוויט פרי,קריות זול,,עד חצות ביסקוויט פרי,,200.00,"100 מ""ל",false,,14.90,0.0745,true,1,33081
7290000186535,false,נייר טואלט טריו לבן 32 גלילים לילי,קימברלי קלארק ישראל,IL,לילי טריו לבן נייר ט,יחידה,0.00,יחידה,false,,49.90,0.0000,true,1,52658
7290000187952,false,נייר טואלט טריו לילי פרימיום 32גליל,קימברלי קלארק,IL,לילי טריו נייר טאולט,יחידה,0.00,יחידה,false,,49.90,0.0000,true,1,26818
7290000188355,false,מגבות מטבח ניקול לבנה שישייה,קימברלי-קלארק,IL,שישיית מגבות נייר ני,יחידה,0.00,יחידה,false,,12.90,0.0000,true,1,26823
7290000188553,false,קוטקס - מגן תחתון סילק נורמל 60 יח',קימברלי קלארק,CN,קוטקס נורמל מגני תחת,,60.00,יח',false,,18.90,0.3150,true,1,26825
7290000189192,false,מגבת רב שימושית סופר ניקול 64 דף,קימברלי קלארק,CO,סופר מגבת רב פעמית נ,,11.00,100 ליטר,false,,22.90,2.0818,true,1,26831
7290000189277,false,ניקול תבניות מלבניות 41*30*5.4,בראבו,,תבנית מלבנית גדולה ח,יחידה,0.00,יחידה,false,,11.90,0.0000,true,1,75968
7290000189398,false,פילה מדומה מס'6מוכשר,,,פילה מדומה מס'6מוכשר,קילוגרמים,1.00,"ק""ג",true,,39.90,39.9000,true,1,86329
7290000189499,false,ניקול תבנית אפייה מקרטון עגולה 3 יח',"דוקארט בעמ, קיבוץ כפ",IL,תבנית אפייה מקרטון ע,יחידה,0.00,יחידה,false,,11.90,0.0000,true,1,75963
7290000189550,false,אשפתון 78X90 ענק ניקול 20יח',קריות זול,IL,אשפתון זוג ענק 20 מת,,20.00,יח',false,,25.90,1.2950,true,1,26837
7290000189598,false,מטליות לחות חד פעמיות לניקוי כללי 50 יח' ניקול,עלבד משואות יצחק בעמ,IL,מטליות לחות 50 יחידו,,50.00,יח',false,,10.90,0.2180,true,1,26838
7290000189659,false,מטליות לחות לרצפה ניקול 10 יח'-מרכז,עלבד משואות יצחק בעמ,IL,מטליות לחות לרצפה ני,יחידה,0.00,יחידה,false,,10.90,0.0000,true,1,26840
7290000189871,false,אשפתון שרוך מתכלה ניקול 60יח',אשפלסט,IL,אשפתון 60 שקיות מתכל,,60.00,יח',false,,25.90,0.4317,true,1,26842
7290000190136,false,חלה מתוקה ברמן,,,חלה מתוקה ברמן,,500.00,"100 מ""ל",false,,8.90,0.0178,true,1,51192
7290000190150,false,מפיות נייר מודפסות 3 שכבות ניקול 20 יח',קריות זול,SI,מפיות מודפסות 3 שכבו,,102.00,100 גרם,false,,7.90,0.0775,true,1,24074
7290000190198,false,מטליות לניקוי וחיטוי חדרי שירותים ואמבטיה,עלבד משואות יצחק בעמ,IL,מטליות לחות לניקוי ו,יחידה,0.00,יחידה,false,,10.90,0.0000,true,1,50174
7290000190853,false,נייר טואלט לילי דו שכבתי 30 גליל,לילי Lily,,לילי לבן נייר טואלט,יחידה,0.00,יחידה,false,,38.90,0.0000,true,1,57046
7290000191225,false,האגיס - רך נולד מידה 2 מוקטן 44 יח',קימברלי קלארק שיווק,IL,האגיס ליטל בייביס ני,יחידה,0.00,יחידה,false,,35.90,0.0000,true,1,54902
7290000191539,false,ממחטות טישו לילי צבעוני חמישיה,חוגלה קימברלי,IL,לילי צבעוני חמישיה 5,,593.00,"100 מ""ל",false,,17.50,0.0295,true,1,26849
7290000191546,false,ממחטות טישו צבעוני 2 שכבות לילי מארז 100X3יח',חוגלה קימברלי,,מגבוני אף רכים צבעונ,,420.00,"100 מ""ל",false,,11.90,0.0283,true,1,26850
7290000191645,false,האגיס חיתול רך נולד NB ארוז 36יח',קימברלי קלארק ארהב,US,האגיס פרידום רך נולד,,28.00,יח',false,,35.90,1.2821,true,1,47288
7290000191652,false,קלינקס ממחטות טישו אולטרא סופט מארז 90X3יח',חוגלה קימברלי,IL,קלינקס קלאסיק ניילון,יחידה,0.00,יחידה,false,,11.90,0.0000,true,1,46748
7290000192581,false,מגבת נייר גליל כפול ניקול 12=6 גליל,,,מגבות נייר ניקול שיש,יחידה,0.00,יחידה,false,,21.90,0.0000,true,1,99467
7290000193014,false,פדיות אינטרלוד מגיני יום לילי 50יח',חוגלה קימברלי,IL,לילי אינטרלוד מגני ת,,50.00,יח',false,,10.90,0.2180,true,1,26853
7290000193076,false,ניקול שלשיית מטליות לרצפה,עופרטקס,,מטליות בד לרצפה ניקו,יחידה,0.00,יחידה,false,,8.90,0.0000,true,1,85497
7290000193083,false,לילי - תחבושות נובה לי 28 יח',חוגלה קימברלי,IL,נובה לי לילי תחבושות,,28.00,יח',false,,10.90,0.3893,true,1,26854
7290000193205,false,לילי תחבושות נטורל לילה 20 יח',קריות זול,,לילי תחבושות נטורל ל,,20.00,יח',false,,14.90,0.7450,true,1,26855
7290000193472,false,לילי מגני תחתון נטורל נורמל 60 יח',חוגלה קימברלי,IL,לילי מגני תחתון נטור,,60.00,יח',false,,14.90,0.2483,true,1,24079
7290000193649,false,לילי תחבושות נטורל אולטרה סופר 24 יח',קריות זול,,לילי תחבושות נורמל א,יחידה,0.00,יחידה,false,,14.90,0.0000,true,1,24081
7290000193656,false,לילי תחבושות נטורל אולטרה סופר פלוס 24 יח',קריות זול,,לילי תחבושות נטורל א,יחידה,0.00,יחידה,false,,14.90,0.0000,true,1,24082
7290000195216,false,נייר אפייה בשקית ניקול 50 יח',אופל,IL,נייר אפיה 50יח ניקול,,50.00,יח',false,,11.90,0.2380,true,1,51719
7290000196039,false,"מפות שולחן איריס ח""פ ניקול 2 יח'",קריות זול,IL,מפות שולחן זוג ניקול,,250.00,"100 מ""ל",false,,9.90,0.0396,true,1,26871
7290000196343,false,"מפת שולחן מהודרת לילי 180X120ס""מ",קריות זול,IL,מפת שולחן מהודרת ניק,יחידה,0.00,יחידה,false,,12.90,0.0000,true,1,85499
7290000196763,false,ניקול שקיות לאשפה השקית החזקה 40 יח',אשפלסט,IL,השקית החזקה ניקול,יחידה,0.00,יחידה,false,,25.90,0.0000,true,1,75952
7290000197081,false,ניקול ניילון נצמד חסכון 150 מ',אופל,IL,ניילון נצמד 150 מטר,יחידה,150.00,יחידה,false,,26.90,0.1793,true,1,26874
7290000197326,false,רדיד אלומניום ניקול זוגי 30X7.5מ',קריות זול,IL,ניקול רדיד אלומיניום,,15.00,100 ליטר,false,,11.90,0.7933,true,1,26875
7290000197340,false,רדיד אלומניום ניקול זוגי 45X7.5מ',קריות זול,IL,ניקול רדיד אלומיניום,,15.00,100 גרם,false,,16.90,1.1267,true,1,26876
7290000197432,false,שקיות אוכל סנדביצ'ון ניקול מארז 150X2יח',אשלפסט תעשיות בעמ,IL,ניקול שקיות אוכל זוג,,150.00,100 גרם,false,,14.90,0.0993,true,1,26877
7290000197463,false,האגיס - פרידום דריי שלב 4+ 40 יח',קימברלי קלארק ישראל,IL,האגיס פרידום דריי של,יחידה,0.00,יחידה,false,,48.90,0.0000,true,1,54839
7290000197470,false,מקפיאון שקיות הקפאה מתכלות ניקול 250יח',אשלפסט תעשיות בעמ,IL,"שקיות רב""ש להקפאה",,50.00,יח',false,,14.90,0.2980,true,1,26878
7290000197548,false,האגיס - פרידום דריי שלב 5 36 יח',קימברלי קלארק ישראל,IL,האגיס פרידום דריי של,יחידה,0.00,יחידה,false,,48.90,0.0000,true,1,54840
7290000197654,false,ניקול אשפתון שקיות אשפה ענקיות 45 יח',קריות זול,IL,אשפתון שקיות אשפה ענ,,50.00,,false,,19.90,0.3980,true,1,26879
7290000197678,false,האגיס - פרידום פלוס שלב 6 30 יח',קימברלי קלארק ישראל,IL,האגיס פרידום דריי של,יחידה,0.00,יחידה,false,,48.90,0.0000,true,1,54841
7290000197753,false,ניילון נצמד אנטי בטקריאלי ניקול 30X2מ',קריות זול,,ניילונית זוג ניקול,,60.00,100 ליטר,false,,11.90,0.1983,true,1,26881
7290000197982,false,רדיד אלומיניום עבה 45 ניקול 7.5 מ' זוגי,אופל,IL,ניקול רדיד אלומיניום,,15.00,,false,,19.90,1.3267,true,1,26883
7290000197999,false,רדיד אלומיניום עבה ניקול זוגי 30X7.5מ',קריות זול,IL,ניקול רדיד אלומיניום,יחידה,0.00,יחידה,false,,14.90,0.0000,true,1,26884
7290000199313,false,קוטקס - תחבושות יאנג 30 יח',KC Turkey,,קוטקס תחבושות נורמל,,28.00,100 מ'ל,false,,18.90,0.6750,true,1,26885
7290000200057,false,שניצל עוף טרי ארוז,,,שניצל עוף טרי ארוז,קילוגרמים,1.00,"ק""ג",true,,44.90,44.9000,true,1,74274
7290000200064,false,כנפיים עוף טרי ארוז,,,כנפיים עוף טרי ארוז,קילוגרמים,1.00,"ק""ג",true,,11.90,11.9000,true,1,86616
7290000200095,false,כבד עוף טרי ארוז לצל,,,כבד עוף טרי ארוז לצל,קילוגרמים,1.00,"ק""ג",true,,24.90,24.9000,true,1,84915
7290000200149,false,פילה עוף טרי ארוז,,,פילה עוף טרי ארוז,קילוגרמים,1.00,"ק""ג",true,,39.90,39.9000,true,1,86620
7290000201849,false,טיטולים פרימיום שלב 4 40 יח',חוגלה קימברלי,IL,טיטולים פרימיום שלב,יחידה,0.00,יחידה,false,,34.90,0.0000,true,1,53902
7290000201856,false,טיטולים פרימיום שלב 4 + 40יח',חוגלה קימברלי,IL,טיטולים פרימיום שלב4,יחידה,0.00,יחידה,false,,34.90,0.0000,true,1,53903
7290000201863,false,טיטולים פרימיום שלב 5 34 יח',חוגלה קימברלי,IL,טיטולים פרימיום שלב,יחידה,0.00,יחידה,false,,34.90,0.0000,true,1,53904
7290000201870,false,טיטולים פרימיום שלב 6 30 יח',חוגלה קימברלי,IL,טיטולים פרימיום שלב,יחידה,0.00,יחידה,false,,34.90,0.0000,true,1,53905
7290000204086,false,כרית קרצוף סקוטש ניקול 1+2,חוגלה קימברלי,US,כרית קרצוף ניקול 3 י,יחידה,0.00,יחידה,false,,12.90,0.0000,true,1,26886
7290000204147,false,ניקול כריות יפניות 2 ב 1 רביעייה,פלסטו פוליש (ברקן),IL,כריות יפניות 2ב1 ניק,יחידה,0.00,יחידה,false,,12.90,0.0000,true,1,26887
7290000204215,false,ניקול כריות יפניות 6 יח',פלסטו פוליש (ברקן),IL,שישיית כריות יפניות,,4.00,יח',false,,12.90,3.2250,true,1,26888
7290000204253,false,מטליות ניקול רב שימושיות 9יח',נועם אורים-קיבוץ אור,IL,מטלית רב שימושית ניק,,9.00,יח',false,,12.90,1.4333,true,1,26890
7290000204512,false,מטליות לחות לרצפה בניחוח לימון 10 יח' ניקול,עלבד משואות יצחק בעמ,IL,מטליות לחות לרצפה בר,יחידה,0.00,יחידה,false,,10.90,0.0000,true,1,75972
7290000204611,false,ספוגיות הקסם ניקול 6יח',קריות זול,US,ספוגית הקסם ניקול 6י,,6.00,יח',false,,12.90,2.1500,true,1,26892
7290000207063,false,רסק עגבניות פריכוז 28% 240 גרם יכין,היינץ צפון אמריקה מק,IL,רסק עגבניות פריכוז 2,,260.00,"100 מ""ל",false,,4.90,0.0188,true,1,23434
7290000207162,false,רוטב עגבניות מרכיב טבעי 100 ג' יכין,"זנלכל בע""מ",IL,רוטב עגבניות 22% 100,,100.00,"100 מ""ל",false,,2.50,0.0250,true,1,23435
7290000208077,false,אפונת גינה גדולה 550 גרם יכין,"זנלכל בע""מ",IL,אפונה גדולה יכין 550,,550.00,"100 מ""ל",false,,8.90,0.0162,true,1,23441
7290000208114,false,אפונת גינה וגזר 550 ג' יכין,"זנלכל בע""מ",IL,אפונה וגזר יכין 550ג,,550.00,"100 מ""ל",false,,8.90,0.0162,true,1,23443
7290000208145,false,גרגרי תירס מתוק לייט A2 יכין 550 ג',"זנלכל בע""מ",IL,תירס לייט יכין 550גר,,550.00,"100 מ""ל",false,,9.90,0.0180,true,1,23446
7290000208213,false,שעועית לבנה אפויה A2 ברוטב עגבניות יכין 560ג',היינץ צפון אמריקה מק,IL,שעועית לבנה ברוטב עג,,580.00,"100 מ""ל",false,,9.90,0.0171,true,1,23448
7290000208312,false,גרעיני תירס מתוק בואקום יכין 400 גר',"זנלכל בע""מ",IL,תירס מתוק ואקום יכין,,400.00,100 גרם,false,,6.90,0.0173,true,1,23453
7290000208329,false,גרעיני תירס מתוק A2 יכין 550ג',"זנלכל בע""מ",IL,תירס מתוק יכין 550גר,,550.00,"100 מ""ל",false,,8.90,0.0162,true,1,23454
7290000208336,false,רסק עגבניות 22% יכין 240ג',"זנלכל בע""מ",IL,רוטב עגבניות יכין 22,,240.00,"100 מ""ל",false,,4.50,0.0188,true,1,23455
7290000208367,false,עגבניות מרוסקות בתוספת בזיליקום 800 ג' יכין,יכין,,עגבניות מרוסקות בתוס,,800.00,100 גרם,false,,9.90,0.0124,true,1,23459
7290000208428,false,גרגרי חומוס שלם 550 גרם יכין,"זנלכל בע""מ",IL,חומוס שלם יכין 550גר,,550.00,"100 מ""ל",false,,9.90,0.0180,true,1,23461
7290000208534,false,גרעיני תירס ילדים 550 גרם יכין,"זנלכל בע""מ",IL,תירס קיד 550 גרם יכי,,550.00,"100 מ""ל",false,,9.90,0.0180,true,1,23463
7290000208855,false,רוטב פסטה עגבניות יכין 240 ג',"זנלכל בע""מ",IL,רוטב לפסטה קלאסי יכי,,240.00,"100 מ""ל",false,,5.90,0.0246,true,1,23466
7290000208930,false,עגבניות מרוסקות בתוספת שום 240 ג' יכין,"זנלכל בע""מ",IL,עגבניות מרוסקות ושום,,240.00,100 גרם,false,,5.90,0.0246,true,1,23468
7290000208947,false,עגבניות מרוסקות 240 גרם יכין,היינץ צפון אמריקה מק,IL,עגבניות מרוסקות יכין,,240.00,100 גרם,false,,5.90,0.0246,true,1,23469
7290000208978,false,רסק עגבניות פריכוז 28% 100 גרם יכין,היינץ צפון אמריקה מק,IL,רסק עגבניות פריכוז %,,100.00,"100 מ""ל",false,,2.90,0.0290,true,1,23470
7290000209012,false,חומץ הדרים יכין 1 לי,"זנלכל בע""מ",IL,חומץ הדרים יכין 1 לי,,1000.00,100 גרם,false,,5.90,0.0059,true,1,23472
7290000209043,false,מיץ לימון משומר 1 ל' יכין,היינץ צפון אמריקה מק,IL,מיץ לימון משומר 1ל,,1000.00,100 גרם,false,,5.90,0.0059,true,1,23473
7290000209371,false,שלישיית תירס קטן יכי,היינץ צפון אמריקה מק,IL,תירס יכין שלישייה 3*,,495.00,100 גרם,false,,14.90,0.0301,true,1,53610
7290000209388,false,תירס גרגרים לייט וואקום מארז 60X3ג',יכין,,תירס ליייט שלישייה 3,,495.00,"100 מ""ל",false,,14.90,0.0301,true,1,53611
7290000209524,false,סירופ דייאט פטל יכין,זנלכל,IL,סירופ דיאט פטל יכין,,1000.00,"100 מ""ל",false,,16.90,0.0169,true,1,23484
7290000209579,false,סירופ דיאט אננס 1 ליטר,"זנלכל בע""מ",IL,סירופ דייאט אננס יכי,,1000.00,"100 מ""ל",false,,16.90,0.0169,true,1,23488
7290000209708,false,עגבניות מרוסקות עם בזיליקום 240 גרם יכין,היינץ צפון אמריקה מק,IL,עגבניות מרוסקות בזיל,,240.00,"100 מ""ל",false,,5.90,0.0246,true,1,23490
7290000209722,false,רסק עגבניות 28% פריכוז 580 גרם יכין,"זנלכל בע""מ",IL,רסק עגבניות פריכוז 2,,580.00,"100 מ""ל",false,,10.90,0.0188,true,1,23492
7290000209906,false,עגבניות מרוסקות בתוספת בצל 240 ג' יכין,זנלכל,IL,עגבניות מרוסקות בצל,,240.00,100 גרם,false,,5.90,0.0246,true,1,23493
7290000209913,false,עגבניות קוביות יכין 240 ג',"זנלכל בע""מ",IL,עגבניות קוביות יכין,,240.00,"100 מ""ל",false,,5.90,0.0246,true,1,23494
7290000209944,false,רוטב לעגבניות בסיס לשקשוקה 240 ג' יכין,"זנלכל בע""מ",IL,רוטב שקשוקה יכין 240,,240.00,"100 מ""ל",false,,5.90,0.0246,true,1,23495
7290000209951,false,רוטב עגבניות לפיצה 240 גרם יכין,"זנלכל בע""מ",IL,רוטב פיצה יכין 240 ג,,240.00,"100 מ""ל",false,,5.90,0.0246,true,1,23496
7290000210469,false,עגבניות שלמות 700 ג' יכין,יכין,,עגבניות שלמות יכין 7,,700.00,"100 מ""ל",false,,9.90,0.0141,true,1,23506
7290000210896,false,רוטב בולונז לפסטה יכין 240 גר',"זנלכל בע""מ",IL,רוטב בולונז יכין 240,,240.00,100 גרם,false,,5.90,0.0246,true,1,23517
7290000211169,false,"אורז תאילנדי אחד אחד סוגת 1 ק""ג",האי נאם סי או אל.טי.,IL,אורז תאילנדי סוגת 1ק,,1000.00,"100 מ""ל",false,,8.90,0.0089,true,1,31542
7290000211312,false,סוגת אורז מלא פרסי אחד אחד 1 קג,האי נאם סי או אל.טי.,IL,"אורז מלא 1 ק""ג סוגת",,1000.00,"100 מ""ל",false,,9.90,0.0099,true,1,31543
7290000211374,false,"קמח מלא סוגת 1 ק""ג",תחנות קמח דגן 2006 ב,IL,"קמח מלא 1 ק""ג סוגת",,1000.00,"100 מ""ל",false,,7.90,0.0079,true,1,46686
7290000211381,false,"סוכר חום כהה בשקית סוגת 1 ק""ג",טונגאט היולט שוגר בע,ZA,סוכר חום כהה בשקית ס,,1000.00,"100 מ""ל",false,,10.90,0.0109,true,1,31545
7290000211442,false,"סוגת אורז פרסי קלאסי שקית 1 ק""ג",האי נאם סי או אל.טי.,IL,אורז בסגנון פרסי קלא,,1000.00,יח',false,,10.90,0.0109,true,1,31546
7290000211503,false,סוכר לבן ארוז בשקית,"סוגת תעשיות בע""מ",IL,"סוכר סוגת 1 ק""ג",,1000.00,"100 מ""ל",false,,4.90,0.0049,true,1,31547
7290000211626,false,"אורז חיש 1 ק""ג סוגת",סוגת תעשיות,IL,אורז חיש סוגת 1קג,,1000.00,100 גרם,false,,10.90,0.0109,true,1,31548
7290000211985,false,"אורז ריזוטו עגול סוגת 1 ק""ג","סוגת תעשיות בע""מ",IL,אורז עגול סוגת 1קג,,1000.00,"100 מ""ל",false,,12.90,0.0129,true,1,31550
7290000212173,false,וופל טעם שוקולד מנעמ,קריות זול,,וופל טעם שוקולד מנעמ,,200.00,100 גרם,false,,9.90,0.0495,true,1,30898
7290000212401,false,וופל מצופית מנעמים 400ג',קריות זול,,וופל מצופית מנעמים 4,,400.00,"100 מ""ל",false,,10.90,0.0273,true,1,30899
7290000214115,false,מרק עוף בצנצנת 400 ג' ויטה,"פרי הגליל בע""""מ",IL,מרק עוף ויטה 400 גר,,400.00,100 גרם,false,,12.90,0.0323,true,1,36486
7290000238029,false,"בצק עלים צרפתי מרודד מעדנות 1ק""ג",מיוצר עי קונדיטוריית,IL,בצק עלים מרודד מעדנו,,1000.00,"100 מ""ל",false,,19.90,0.0199,true,1,29848
7290000238036,false,מלאווח 6יח' מעדנות 700ג',מיוצר עי קונדיטוריית,IL,מלווח מעדנות קופסא 7,,700.00,"100 מ""ל",false,,15.90,0.0227,true,1,29849
7290000238173,false,בורקס גבינה 800 ג' מעדנות,מיוצר עי קונדיטוריית,IL,בורקס גבינה מעדנות 8,,800.00,"100 מ""ל",false,,19.90,0.0249,true,1,29850
7290000238180,false,בורקס תפוחי אדמה מעדנות 800ג',מיוצר עי קונדיטוריית,IL,"בורקס תפו""א מעדנות 8",,800.00,"100 מ""ל",false,,17.90,0.0224,true,1,29851
7290000243566,false,"שמן קנולה בריאות 750 מ""ל",סקנולה,EE,שמן קנולה בריאות עץ,,750.00,100 גרם,false,,13.90,0.0185,true,1,46082
7290000244051,false,"סבון נוזלי הוואי מ.טרופי - שלישיה * 500 מ""ל",קריות זול,,הוואי אל סבון טרופי,,1500.00,"100 מ""ל",false,,16.90,0.0113,true,1,30730
7290000244082,false,"סבון נוזלי הוואי כחול עמוק - שלשה 500מ""ל",קריות זול,,הוואי אל סבון כחול ש,,1500.00,"100 מ""ל",false,,16.90,0.0113,true,1,30732
7290000244761,false,"ולוטה - קרם ידיים 100 מ""ל",תאי פרזידנט פוד פאבל,IL,ולוטה קרם ידיים 80מל,,100.00,"100 מ""ל",false,,13.90,0.1390,true,1,30746
7290000245072,false,סוד מרכך לכביסה סופט בייבי 4 ל',"הנקל סוד בע""מ",IL,סוד מרכך כביסה בייבי,ליטרים,4.00,ליטר,false,,16.90,4.2250,true,1,30749
7290000245089,false,סוד סופט מרכך כביסה סגול 4 ליטר,"הנקל סוד בע""מ",IL,סוד מרכך כביסה הניצן,ליטרים,4.00,ליטר,false,,16.90,4.2250,true,1,30750
7290000245157,false,סוד סופט מרכך כביסה סנסיישן 4 ליטר,"הנקל סוד בע""מ",IL,סוד מרכך כביסה סנסיי,ליטרים,4.00,ליטר,false,,16.90,4.2250,true,1,30751
7290000245270,false,"פרסיל אבקת כביסה סופרא 1.250 ק""ג","הנקל סוד בע""מ",IL,פרסיל 1.25 ק״ג שקית,קילוגרמים,1.25,"ק""ג",false,,14.90,11.9200,true,1,30754
7290000245287,false,"פרסיל אבקת כביסה 1.250 ק""ג קולור ויניגר","הנקל סוד בע""מ",IL,פרסיל קולור שקית אבק,קילוגרמים,1.25,"ק""ג",false,,14.90,11.9200,true,1,30755
7290000245478,false,"אבקת כביסה לבגדי תינוקות 1.25 ק""ג סוד","הנקל סוד בע""מ",IL,סוד בייבי אבקת כביסה,קילוגרמים,1.25,"ק""ג",false,,12.90,10.3200,true,1,30762
7290000245508,false,"קומפקט סוד 1.25ק""ג שושו מרענן -מרכז","הנקל סוד בע""מ",IL,סוד פרפקט אבקת כביסה,קילוגרמים,1.25,"ק""ג",false,,12.90,10.3200,true,1,30764
7290000245539,false,"קומפקט סוד 1.250 ק""ג קולור לכביסה צבעונית","הנקל סוד בע""מ",IL,סוד קומפקט קולור אבק,קילוגרמים,1.25,"ק""ג",false,,12.90,10.3200,true,1,30766
7290000245782,false,סוד סופט מרכך כביסה ורוד 4 ליטר,"הנקל סוד בע""מ",IL,סוד מרכך כביסה ורדי,ליטרים,4.00,ליטר,false,,16.90,4.2250,true,1,30775
7290000245799,false,סוד סופט מרכך כביסה כחול 4 ליטר,"הנקל סוד בע""מ",IL,סוד מרכך כביסה פעמונ,ליטרים,4.00,ליטר,false,,16.90,4.2250,true,1,30776
7290000253251,false,שוקולד צ'יפס לבן אופנהיימר 300ג',אופנהיימר,IL,שוקו צ'יפס לבן,,250.00,100 גרם,false,,14.50,0.0580,true,1,23597
7290000253459,false,נטיפי ציפס בטעם קרמל 250 גר' אופנהיימר,אופנהיימר,IL,נטיפי צ'יפס בטעם קרמ,,250.00,"100 מ""ל",false,,14.50,0.0580,true,1,99253
7290000262031,false,נייר טואלט מולט לב 32 גליל,חוגלה קימברלי,,מולט לב נייר טואלט 3,,1850.00,100 גרם,false,,29.90,0.0162,true,1,26894
7290000262413,false,חיתולי האגיס אקסטרה קייר מידה 5 34יח,חוגלה קימברלי,IL,האגיס אקסטרא קייר מי,יחידה,0.00,יחידה,false,,47.90,0.0000,true,1,90122
7290000263359,false,האגיס - פיור נטורל שלב 1 ניו בורן 40 יח',קימברלי קלארק שיווק,IL,האגיס ליטל בייביס ני,יחידה,0.00,יחידה,false,,35.90,0.0000,true,1,26907
7290000267036,false,שקדים משובבים השף 100 ג',"דין שיווק וקליה בע""מ",IL,שקדים מולבנים שבבים,,100.00,"100 מ""ל",false,,10.90,0.1090,true,1,41655
7290000267043,false,שקדים מולבנים פרוסים,"דין שיווק וקליה בע""מ",IL,שקד פרוס השף 100גר,,100.00,100 גרם,false,,10.90,0.1090,true,1,41656
7290000267586,false,גרעייני חמניה קלופים 150 גר,"דין שיווק וקליה בע""מ",IL,גרעייני חמניה קלופים,,150.00,100 גרם,false,,5.90,0.0393,true,1,48849
7290000267678,false,גרעיני דלעת טבעי קלוף שקדיה 150 ג',"דין שיווק וקליה בע""מ",IL,גרעיני דלעת טבעי קלו,,150.00,100 גרם,false,,7.90,0.0527,true,1,48850
7290000272696,false,עסיס מיץ לימון טבעי משומר 1 ל' אסם,בית-השיטה עסיס תעשיו,IL,מיץ לימון טבעי משומר,,1000.00,100 גרם,false,,11.90,0.0119,true,1,24614
7290000272726,false,חומץ טבעי 5% עסיס 1 ל' אסם,בית השיטה עסיס תעשיו,IL,חומץ טבעי 5% עסיס 1,,1000.00,100 גרם,false,,7.90,0.0079,true,1,24615
7290000286228,false,כרית קרצוף לכלים סנו סושי 6יח',סנו מפעלי ברונו בעמ,IL,סנו סושי ספוגיות לני,יחידה,0.00,יחידה,false,,11.90,0.0000,true,1,26194
7290000286297,false,"סנו אנטי קאלק מסיר אבן מקומקום 700 מ""ל",סנו מפעלי ברונוס בעמ,IL,אנטי קאלק מסיר אבן מ,,700.00,"100 מ""ל",false,,10.90,0.0156,true,1,26195
7290000286549,false,סנו סושי מטליות לניקוי כללי 9 יח',טרופיקל דגיל תעשיות,IL,מטליות לכל סנו סושי,,9.00,יח',false,,11.90,1.3222,true,1,26201
7290000286631,false,"סנו אבקה לניקוי ומירוק בריח לימון 600 מ""ל",קריות זול,IL,סנו X אבקה לניקוי לי,,600.00,"100 מ""ל",false,,7.90,0.0132,true,1,26204
7290000287102,false,"סנו שמפו שטיחים אירוסול 600 מ""ל",מיוצר עי קונדיטוריית,IL,סנו שמפו שטיחים 540מ,,540.00,"100 מ""ל",false,,21.90,0.0406,true,1,26214
7290000287195,false,"סנו רהיט ספריי עשיר בווקס להברקה 305 מ""ל",מיוצר עי קונדיטוריית,IL,סנו רהיט מבריק רהיטי,,300.00,"100 מ""ל",false,,15.90,0.0530,true,1,26215
7290000287409,false,סנובון שלישיה תות 3 יח' *55 ג',סנו מפעלי ברונוס בעמ,IL,סנובון שלישיה תות 3*,,165.00,100 גרם,false,,12.90,0.0782,true,1,26221
7290000287430,false,סנובון צבעוני לאסלה בריח לימון שלישייה,סנו מפעלי ברונו בעמ,IL,סנובון שלישיה צבעוני,,165.00,100 גרם,false,,12.90,0.0782,true,1,26222
7290000287485,false,סנובון לובר לאסלה 3 יח' * 55 ג',סנו מפעלי ברונו בעמ,IL,סנובון שלישיה לובר,,165.00,"100 מ""ל",false,,12.90,0.0782,true,1,26223
7290000287492,false,"סנו - סנובון נוזלי לימון 750 מ""ל","איי, בי, אינבוו",IL,סנובון נוזלי לימון 7,,750.00,100 גרם,false,,10.90,0.0145,true,1,26224
7290000288017,false,אקונומיקה בריח לימון,"סנו מפעלי ברונוס בע""",IL,אקונומיקה סנו ז'אוול,,1000.00,100 גרם,false,,8.90,0.0089,true,1,26234
7290000288024,false,סנו - ז'אוול אקונומיקה בריח לימון 4 ליטר,"סנו מפעלי ברונוס בע""",IL,אקונומיקה סנו ז'אוול,ליטרים,4.00,ליטר,false,,17.90,4.4750,true,1,26235
7290000288031,false,סנו אקונומיקה 4 ליטר תו תקן,"סנו מפעלי ברונוס בע""",IL,אקנומיקה סנו 4ליטר,ליטרים,4.00,ליטר,false,,11.90,2.9750,true,1,26236
7290000288048,false,סנו ז'אוול קצף לבנדר מרסס 1ל',קריות זול,IL,סנו ז'אוול מרסס מונט,,1000.00,"100 מ""ל",false,,19.90,0.0199,true,1,26237
7290000288086,false,"סנו ז'אוול אבקת ואקונומיקה לימון 600 מ""ל",מיוצר עי קונדיטוריית,IL,סנו ז'אוול אבקת לניק,,600.00,"100 מ""ל",false,,9.90,0.0165,true,1,26240
7290000288109,false,"אבקת כביסה מקסימה אפקט ג''אוול 1.25 ק""ג סנו",סנו מפעלי ברונוס בעמ,IL,סנו מקסימה אבקת כביס,קילוגרמים,1.25,"ק""ג",false,,14.90,11.9200,true,1,26241
7290000288352,false,"סנו K-300 חרקים ונמלים 630מ""ל","סנו מפעלי ברונוס בע""",IL,K-300 לקטילת גוקים נ,,630.00,100 ליטר,false,,23.90,0.0379,true,1,26246
7290000288383,false,"סנו K-500 נמלים ותיקנים 630מ""ל",מיוצר עי קונדיטוריית,IL,נמלים K - 500,יחידה,0.00,יחידה,false,,23.90,0.0000,true,1,26247
7290000288642,false,סנו - מקסימה מרכך כביסה סנסטיב ורוד 4 ליטר,"סנו מפעלי ברונוס בע""",IL,סנו מקסימה מרכך כביס,ליטרים,4.00,ליטר,false,,22.90,5.7250,true,1,26254
7290000289069,false,סנו - ז'אוול מרסס קצף ניקוי בתוספת אקונומיקה בריח לימון 1 ליטר,"סנו מפעלי ברונוס בע""",IL,סנו ז'אוול מרסס לימו,,1000.00,100 גרם,false,,19.90,0.0199,true,1,26260
7290000289236,false,K3 נמלים פיתיון ג'ל - קוטל נמלים בבית ובחצר,"סנו מפעלי ברונוס בע""",IL,קוטל חרקים K3 סנו,יחידה,0.00,יחידה,false,,54.90,0.0000,true,1,97495
7290000289496,false,"סנו - ז'אוול ג'ל קרם לניקוי כללי לימון 750 מ""ל",הורביץ סחר,IL,סנו ז'אוול ג'ל קרם מ,,750.00,100 גרם,false,,12.90,0.0172,true,1,26266
7290000289595,false,"אורביטול משחת שיניים לילדים בטעם תות שדה 145 מ""ל",טרופיקל דגיל תעשיות,IL,אורביטול משחת שיניים,,145.00,"100 מ""ל",false,,8.90,0.0614,true,1,60650
7290000289748,false,"סנו פורטה פלוס מסיר שומנים לתנור 750מ""ל","סנו מפעלי ברונוס בע""",IL,סנו פורטה פלוס לתנור,,750.00,100 גרם,false,,14.90,0.0199,true,1,26271
7290000291932,false,"סנובון לניקוי לבנדר 750מ""ל","איי, בי, אינבוו",IL,סנובון נוזלי תפוח וק,,750.00,100 גרם,false,,10.90,0.0145,true,1,26280
7290000292007,false,K3 פיתיון ג'ל קוטל תיקנים (ג'וקים) בבית ובחצר,מיוצר עי קונדיטוריית,IL,סנו קיי קוטל חרקים K,יחידה,0.00,יחידה,false,,54.90,0.0000,true,1,97489
7290000292311,false,סנו פוליווקס לרצפות סחלבים 2ל',"סנו מפעלי ברונוס בע""",IL,פוליויקס סחלבים 2ליט,ליטרים,2.00,ליטר,false,,21.90,10.9500,true,1,26285
7290000292533,false,ג'ל סנו כחול לניקוי כללי 1 ליטר,קריות זול,,סנו ג'ל לניקוי 1ליטר,ליטרים,1.00,ליטר,false,,17.90,17.9000,true,1,100013
7290000292939,false,סנובון לאסלה כחול קל,סנו,IL,סנו אקווה בלו למיכל,,100.00,100 גרם,false,,12.90,0.1290,true,1,26296
7290000293073,false,מרכך כביסה מקסימה ביו לבן 4 ל' סנו,"סנו מפעלי ברונוס בע""",IL,סנו מקסימה מרכך כביס,ליטרים,4.00,ליטר,false,,22.90,5.7250,true,1,26298
7290000293561,false,"סנו מסיר עובש 750 מ""ל","סנו מפעלי ברונוס בע""",IL,סנו מסיר עובש 750מל,,750.00,100 גרם,false,,15.90,0.0212,true,1,26301
7290000293820,false,"קרמה מן שמפו וג'ל גל רחצה אקטיב בלוק 700מ""ל",קוסמופארם בעמ,IL,קרמה מן ג'ל רחצה אקט,,700.00,100 גרם,false,,17.90,0.0256,true,1,81561
7290000293943,false,סנו אנטי קאלק מסיר אבנית וחלודה 1ל',מיוצר עי קונדיטוריית,IL,אנטי קאלק מרסס 1ליטר,,1000.00,"100 מ""ל",false,,20.90,0.0209,true,1,26304
7290000294391,false,סנו ג'ט יכול הכל סחלבים 4 ל',סנו,IL,סנו ג'ט יכול הכל סחל,,4000.00,"100 מ""ל",false,,19.90,0.0050,true,1,26305
7290000294780,false,סנו - ז'אוול אקונומיקה סמיכה מבושמת 4 ליטר,"סנו מפעלי ברונוס בע""",IL,אקונומיקה סנו ז'אוול,ליטרים,4.00,ליטר,false,,17.90,4.4750,true,1,26312
7290000295299,false,כרית קרצוף יפניות סנו סושי 4 יח',סנו מפעלי ברונו בעמ,IL,סנו סושי כריות יפניו,,4.00,יח',false,,11.90,2.9750,true,1,26316
7290000295336,false,"סנו - מקסימה אבקת כביסה סנסטיב 1.25 ק""ג",סנו מפעלי ברונוס בעמ,IL,מקסימה סנסטיב אבקת כ,קילוגרמים,1.25,"ק""ג",false,,14.90,11.9200,true,1,26318
7290000295343,false,"אבקת כביסה מקסימה ביו 1.25 ק""ג סנו",קריות זול,IL,סנו מקסימה ביו אבקת,קילוגרמים,1.25,"ק""ג",false,,14.90,11.9200,true,1,26319
7290000295367,false,"מקסימה ז'אוול 2.5ק""ג אבקת כביסה מרכז",הורביץ סחר,IL,"אבקת מקסימה 2.5 ק""ג",קילוגרמים,2.50,"ק""ג",false,,25.90,10.3600,true,1,60669
7290000295404,false,סנו סושי שקית אשפה חזקות 70*50 60 יח',מיוצר עי קונדיטוריית,IL,שקיות אשפה 60 יח סנו,,60.00,יח',false,,24.90,0.4150,true,1,26321
7290000295558,false,רדיד אלומיניום סנו סושי זוגי 30X7.5מ',מולינו ניקולי s.p.a,CN,סנו סושי צמד רדידי א,,0.30,יח',false,,10.90,36.3333,true,1,26325
7290000295749,false,ספוג כייף סאקי מסאז 1יח',גוד פוד פרודקטס S.p,IL,ספוג סאקי סנו,יחידה,0.00,יחידה,false,,12.90,0.0000,true,1,26329
7290000295794,false,כרית מתכת סנו סושי אל חלד 3יח',,,ספוגית מתכת סנו סושי,יחידה,0.00,יחידה,false,,9.90,0.0000,true,1,89956
7290000300108,false,דג בס טרי,,,דג בס טרי,קילוגרמים,1.00,"ק""ג",true,,49.90,49.9000,true,1,74371
7290000300900,false,טבעול שניצל תירס 8*750גרם רכיבים טבעיים,עיצובים 2020 (4.8),IL,שניצל תירס טבעול 750,,750.00,יח',false,,28.90,0.0385,true,1,24624
7290000301920,false,כבד עוף טרי ארוז לצל,,,כבד עוף טרי ארוז לצל,קילוגרמים,1.00,"ק""ג",true,,24.90,24.9000,true,1,91936
7290000303581,false,פול מצרי A-2 פרי הגליל 560ג',"פרי הגליל בע""""מ",IL,פול מיצרי 560גר,,560.00,"100 מ""ל",false,,7.90,0.0141,true,1,36508
7290000303598,false,שעועית אפוייה A2 פרי גליל 570 ג',"פרי הגליל בע""""מ",IL,שעועית אפוייה 550גר,,550.00,100 גרם,false,,7.90,0.0144,true,1,36509
7290000303604,false,חומוס גרגירים A2 פרי גליל 550ג',"פרי הגליל בע""""מ",IL,חומוס גרגירים 550גר,,550.00,100 גרם,false,,7.90,0.0144,true,1,36510
7290000307015,false,אפונת גינה גדול A2 פרי גליל 550ג',"פרי הגליל בע""""מ",IL,אפונת גינה גדולה 550,,550.00,100 גרם,false,,7.90,0.0144,true,1,36511
7290000307046,false,אפונה גינה וגזר 550 ג' פרי הגליל,"פרי הגליל בע""""מ",IL,אפונה וגזר 550גר,,550.00,100 גרם,false,,7.90,0.0144,true,1,36512
7290000307220,false,גרעיני תירס מתוק בוואקום פרי גליל 340ג',"פרי הגליל בע""""מ",IL,תירס מתוק ואקום 340ג,,340.00,100 גרם,false,,6.90,0.0203,true,1,36513
7290000307343,false,שעועית ירוקה חתוכה A2 פרי גליל 550ג',"פרי הגליל בע""""מ",IL,שעועית ירוקה חתוכה 5,,550.00,"100 מ""ל",false,,7.90,0.0144,true,1,36519
7290000307800,false,פול ירוק 800 ג' פרי הגליל,"פרי הגליל בע""""מ",IL,פול ירוק 800גר,,800.00,"100 מ""ל",false,,13.90,0.0174,true,1,67913
7290000311128,false,עוגיות מן חמאה 300 גרם,תות ממתקי איכות,IL,עוגיות בטעם חמאה 300,,300.00,100 גרם,false,,7.90,0.0263,true,1,77888
7290000311180,false,וופל מן ושוקולד 25X10ג',רוקחמן,IL,וופל מן בטעם שוקולד,,250.00,"100 מ""ל",false,,8.90,0.0356,true,1,75538
7290000311203,false,וופלים מן שוקולד 200 גר,תות ממתקי איכות,IL,וופל מן שוקו 200גר,,200.00,100 גרם,false,,5.90,0.0295,true,1,42027
7290000311210,false,וופלים מאן לימון 200 גר,רוקחמן,IL,וופל מן לימון 200גר,,200.00,100 גרם,false,,5.90,0.0295,true,1,42028
7290000311227,false,וופלים מן 200 גר קפה,רוקחמן,IL,וופל מן קפה 200גר,,200.00,"100 מ""ל",false,,5.90,0.0295,true,1,66411
7290000311234,false,וופל בטעם וניל 200 ג,רוקחמן,IL,וופל מן וניל 200גר,,200.00,"100 מ""ל",false,,5.90,0.0295,true,1,66412
7290000311272,false,מן-וופלים במילוי חלווה 180 ג,רוקחמן,IL,וופל מן במילוי חלווה,,180.00,"100 מ""ל",false,,5.90,0.0328,true,1,66413
7290000311319,false,"וופלים מצופים מן 1 ק""ג",,,וופל מן מצופה 1קג,,1000.00,"100 מ""ל",false,,28.90,0.0289,true,1,75523
7290000311364,false,וופל מן בטעם שוקולד,רוקחמן,,וופל מן בטעם שוקולד,,200.00,"100 מ""ל",false,,8.90,0.0445,true,1,78376
7290000311425,false,מאגדת מן וופל מצופה כחול -עשירה 24*10,תות ממתקי איכות,IL,וופל מן מצופים עשירי,,220.00,100 גרם,false,,8.90,0.0405,true,1,34463
7290000311500,false,וופלים מן 500 גר שוקו,רוקחמן,IL,וופל מן שוקו 500גר,,500.00,"100 מ""ל",false,,10.90,0.0218,true,1,34464
7290000311517,false,וופלים מן 500 גר לימון,רוקחמן,IL,וופל מן לימון 500גר,,500.00,"100 מ""ל",false,,10.90,0.0218,true,1,34465
7290000311708,false,עוגיות מן חיטה מלאה 300 גרם,תות ממתקי איכות,IL,עוגיות חיטה מלאה 300,,300.00,100 גרם,false,,7.90,0.0263,true,1,77885
7290000311715,false,עוגיות בטעם שוקו מן 300 גר,תות ממתקי איכות,IL,עוגיות בטעם שוקולד 3,,300.00,100 גרם,false,,7.90,0.0263,true,1,77886
7290000311722,false,עוגיות מן כוכבים וניל 300 גר',תות ממתקי איכות,IL,עוגיות כוכבים בטעם ו,,300.00,100 גרם,false,,7.90,0.0263,true,1,77884
7290000311746,false,עוגיות טעם קרמל מן 300 גר,רוקחמן,IL,עוגיות בטעם קרמל 300,,300.00,"100 מ""ל",false,,7.90,0.0263,true,1,77887
7290000311753,false,עוגיות חיטה מלאה בטעם חלווה מן 250 גר',רוקחמן,IL,עוגיות חיטה מלאה בט,,250.00,"100 מ""ל",false,,7.90,0.0316,true,1,97453
7290000311845,false,עוגיות קמח מלא ללא תוספת סוכר מן 200ג,רוקחמן,IL,עוגיות קמח מלא ללא ס,,200.00,"100 מ""ל",false,,10.90,0.0545,true,1,77889
7290000311869,false,מן-וופלים בטעם שוק ללא תוספת סוכר 180ג,תות ממתקי איכות,IL,וופל מן בטעם שוקולד,,180.00,"100 מ""ל",false,,8.90,0.0494,true,1,77891
7290000311883,false,"עוגיות גרנולה לל""ס גרנולה 200 גרם",תות ממתקי איכות,IL,עוגיות גרנולה ללא סו,,200.00,"100 מ""ל",false,,10.90,0.0545,true,1,77890
7290000313160,false,עוגיות חברים זהבה ו-3 הדובים שוקו' אסם 250 גר',היינץ צפון אמריקה מק,IL,חברים זהבה ושלושת הד,,250.00,"100 מ""ל",false,,8.90,0.0356,true,1,24634
7290000313184,false,עוגיות חברים גן חיות וניל אסם 250 גר',הגביע מוצרי וופלים ב,IL,חברים ביסקויט גן חיו,,250.00,"100 מ""ל",false,,8.90,0.0356,true,1,24635
7290000313290,false,אסם נודלס נודלס אטריות מסולסלות 200גר,תאי פרזידנט פוד בנגק,TH,נודלס איטריות מסולסל,,200.00,100 גרם,false,,10.90,0.0545,true,1,24637
7290000315133,false,קנור ציר בקר משפחתי,יוניליוור ישראל מזון,IL,ציר בקר קנור 300גר,,300.00,"100 מ""ל",false,,26.90,0.0897,true,1,27292
7290000318127,false,נקניקיות ביס 380 ג' יחיעם,מעדני יחיעם 1993,IL,נקניקיות ביס יחיעם 3,,380.00,"100 מ""ל",false,,11.90,0.0313,true,1,22295
7290000318165,false,פסטרמה אמיתית צלויה,מעדני יחיעם,IL,פסטרמה אמיתית צלויה,קילוגרמים,1.00,"ק""ג",true,,85.00,85.0000,true,1,22274
7290000318479,false,פרושטו בקר יחיעם 100,תאי פרזידנט פוד פאבל,IL,פרושוטו בקר 100 גרם,,100.00,"100 מ""ל",false,,29.90,0.2990,true,1,22302
7290000318677,false,סלמי סרוולט 150 ג' יחיעם,מעדני יחיעם 1993,IL,סלמי סרוולט יחיעם 15,,150.00,"100 מ""ל",false,,29.90,0.1993,true,1,22306
7290000318707,false,סלמי מעושן 500 ג' יחיעם,מעדני יחיעם 1993,IL,*מבצע* סלמי מעושן יח,,500.00,"100 מ""ל",false,,29.90,0.0598,true,1,22308
7290000318806,false,סלמי סרוולט מעדנ.יחי,מעדני יחיעם,IL,סלמי סרוולד יחיעם,קילוגרמים,1.00,"ק""ג",true,,179.00,179.0000,true,1,22277
7290000318929,false,סלמי צרפתי יחיעם מעד,מעדני יחיעם,IL,סלמי צרפתי יחיעם,קילוגרמים,1.00,"ק""ג",true,,179.00,179.0000,true,1,22282
7290000318943,false,יחיעם פסטרמה של פעם,תאי פרזידנט פוד פאבל,IL,פסטרמה של פעם 200 גר,,200.00,100 גרם,false,,23.90,0.1195,true,1,22315
7290000319124,false,סלמי סרוולד יחיעם 25,מעדני יחיעם 1993,IL,סלמי סרוולט 250 גרם,,250.00,"100 מ""ל",false,,41.90,0.1676,true,1,22319
7290000319131,false,נקניקיות עוף 400 ג' יחיעם,מעדני יחיעם 1993,IL,נקניקיות עוף יחיעם 4,,400.00,"100 מ""ל",false,,11.90,0.0298,true,1,22320
7290000319414,false,נקנקיות פרמיום בראטו,,,נקניקיות בראטווסט יח,,280.00,"100 מ""ל",false,,23.90,0.0854,true,1,108071
7290000319520,false,סלמי בסגנון צרפתי 10,מעדני יחיעם 1993,IL,סלמי בסגנון צרפתי 10,,100.00,"100 מ""ל",false,,20.90,0.2090,true,1,22328
7290000319704,false,נקניק כתף בקר מעושן,מעדני יחיעם,IL,כתף בקר מעושן יחיעם,קילוגרמים,1.00,"ק""ג",true,,139.00,139.0000,true,1,46822
7290000319759,false,סלמי תה יחיעם מעדניה,מעדני יחיעם,IL,סלמי תה יחיעם,קילוגרמים,1.00,"ק""ג",true,,55.00,55.0000,true,1,52254
7290000319803,false,קבנוס קלאסי 125 ג' יחיעם,תאי פרזידנט פוד פאבל,IL,קבנוס קלאסי יחיעם 12,,125.00,"100 מ""ל",false,,14.90,0.1192,true,1,54239
7290000319834,false,קבנוס פפרוני 125 ג' יחיעם,תאי פרזידנט פוד פאבל,IL,קבנוס פפרוני קלאסי י,,125.00,"100 מ""ל",false,,14.90,0.1192,true,1,54240
7290000319971,false,צלעות בקר על האש יחי,יושלם,,צלעות בקר על האש יחי,קילוגרמים,1.00,"ק""ג",true,,149.00,149.0000,true,1,48472
7290000334684,false,טבעות בצל 700 ג' תפוגן,"תעשיות תפוגן בע""מ",IL,טבעות בצל תפוגן 700ג,,700.00,"100 מ""ל",false,,18.90,0.0270,true,1,24643
7290000334745,false,"אמריקאן צ'יפס תפוגן 1.5 ק""ג","תעשיות תפוגן בע""מ",IL,"ציפס אמריקאן 1.5ק""ג",,1500.00,"100 מ""ל",false,,26.90,0.0179,true,1,54173
7290000336053,false,"תרכיז טבעי סיידר הגליל 330 מ""ל","טמפו משקאות בע""מ",IL,תרכיז סיידר הגליל מי,,330.00,100 גרם,false,,17.90,0.0542,true,1,22859
7290000345055,false,תה ויסוצקי ארל גריי 100 ג',מולינו ניקולי s.p.a,IL,תה ארל גריי עלים ויס,,100.00,100 גרם,false,,14.90,0.1490,true,1,30903
7290000345208,false,תה ויסוצקי קלאסיק מעודן 25X1.0יח',קריות זול,IL,תה ויסוצקי קלאסיק 25,,25.00,100 מ'ל,false,,6.90,0.2760,true,1,30905
7290000345260,false,תה ויסוצקי קלאסיק 25X1.50יח',מולינו ניקולי s.p.a,IL,תה ויסוצקי קלאסיק 25,,25.00,יח',false,,7.90,0.3160,true,1,30907
7290000345284,false,תה ויסוצקי קלאסיק טעם עשיר 100/1.5יח',מולינו ניקולי s.p.a,IL,תה ויסוצקי קלאסיק יר,,150.00,"100 מ""ל",false,,17.90,0.1193,true,1,30909
7290000345291,false,תה ארל גריי 25 שקיקים ויסוצקי,קריות זול,IL,תה ארל גריי ויסוצקי,,25.00,100 מ'ל,false,,16.90,0.6760,true,1,30910
7290000345307,false,תה ארל גריי 50 שקיקים ויסוצקי,מולינו ניקולי s.p.a,IL,תה ארל גריי ויסוצקי,,75.00,100 גרם,false,,29.90,0.3987,true,1,30911
7290000346021,false,תה הגן הקסום קמומיל 50יח',בית ויסוצקי,IL,תה קמומיל ויסוצקי 50,,50.00,יח',false,,36.90,0.7380,true,1,30918
7290000346120,false,תה ויסוצקי חליטת קסם הקינמון 25יח',קריות זול,IL,תה קסם הקנמון 25יח,,62.50,"100 מ""ל",false,,19.90,0.3184,true,1,30919
7290000346199,false,תה הגן הקסום תה פירות יער 25 יח',קריות זול,IL,תה פירות היער ויסוצק,,67.50,יח',false,,19.90,0.2948,true,1,30924
7290000346205,false,תה הגן הקסום תה קמומיל 25 יח',קריות זול,IL,תה קמומיל ויסוצקי הג,,37.50,יח',false,,19.90,0.5307,true,1,30925
7290000347738,false,תה ירוק נענע 25 שקיקים 1.5 גרם,קריות זול,IL,תה ירוק נענע 25יח,,37.50,"100 מ""ל",false,,25.90,0.6907,true,1,30933
7290000347752,false,תה ירוק לימונית ולואיזה 25 שקיקים *1.5 ג'' ויסוצקי,קריות זול,IL,תה ירוק לימונית ולוא,,37.50,"100 מ""ל",false,,25.90,0.6907,true,1,30935
7290000355399,false,רוטב עגבניות טומטו מקס 800ג',"מילוז(1989)בע""""מ",,רסק טומטו מקס 800גר,,800.00,100 גרם,false,,8.90,0.0111,true,1,34710
7290000355498,false,רוטב עגבניות A2 BX28 טומטו 580ג',"מילוז(1989)בע""""מ",IL,רסק עגבניות 28% טומט,,580.00,"100 מ""ל",false,,8.90,0.0153,true,1,89126
7290000355757,false,עגבניות מרוסקות 800 ג' טל,"מילוז(1989)בע""""מ",IL,עגבניות מרוסקות 800ג,,800.00,100 גרם,false,,9.90,0.0124,true,1,36528
7290000363011,false,סלמי קוניאק טירת צבי,הנסיך- מפעל לייצור ט,IL,סלמי קוניאק טירת צבי,קילוגרמים,1.00,"ק""ג",true,,85.00,85.0000,true,1,83586
7290000363202,false,סלמי גליל טירת צבי 700 ג',הנסיך- מפעל לייצור ט,IL,סלמי גליל מעושן טירת,,600.00,100 גרם,false,,35.90,0.0598,true,1,85800
7290000363462,false,סלמי מעושן איטלקי טי,טירת צבי,IL,נקניק סלמי מעושן איט,קילוגרמים,1.00,"ק""ג",true,,85.00,85.0000,true,1,83587
7290000363486,false,נקניק תה טירת צבי מע,טירת צבי,IL,נקניק תה טירת צבי,קילוגרמים,1.00,"ק""ג",true,,54.00,54.0000,true,1,83588
7290000364261,false,דקניקים סלסולי כתף בקר 120 ג' טירת צבי,הנסיך- מפעל לייצור ט,IL,סלסולי פסטרמה כתף בק,,120.00,"100 מ""ל",false,,15.90,0.1325,true,1,65982
7290000364292,false,דקניקים סלסולי פסטרמה הודו על גחלים 120 ג' טירת צבי,הנסיך- מפעל לייצור ט,IL,סלסולי פסטרמה הודו ג,,120.00,100 גרם,false,,15.90,0.1325,true,1,65984
7290000364858,false,"נקניקיות עוף טרי 1 ק""ג טירת צבי",הנסיך- מפעל לייצור ט,IL,נקניקיות עוף טירת צב,,1000.00,100 גרם,false,,25.90,0.0259,true,1,72998
7290000364872,false,נקניקיות עוף טירת צבי 400 ג',טיב טירת צבי 2000,IL,נקניקיות עוף טירת צב,,400.00,100 גרם,false,,14.90,0.0373,true,1,68052
7290000365046,false,פסטרמה כתף בקר מעושן,טירת צבי,IL,פסטרמה כתף בקר מעושן,קילוגרמים,1.00,"ק""ג",true,,109.00,109.0000,true,1,83589
7290000365398,false,פסטרמה חזה הודו בדבש,טירת צבי,IL,פסטרמה חזה הודו בדבש,קילוגרמים,1.00,"ק""ג",true,,85.00,85.0000,true,1,83590
7290000365817,false,המבורגר טירת צבי 500ג',הנסיך- מפעל לייצור ט,IL,המבורגר טירת צבי 500,,500.00,100 גרם,false,,23.90,0.0478,true,1,73005
7290000365909,false,פסטרמה הודו מעושנת ט,טירת צבי,IL,פסטרמה הודו מעושנת ט,קילוגרמים,1.00,"ק""ג",true,,85.00,85.0000,true,1,83592
7290000365954,false,פסטרמה הודו גחלים טי,טירת צבי,IL,פסטרמה הודו גחלים טי,קילוגרמים,1.00,"ק""ג",true,,85.00,85.0000,true,1,83593
7290000367590,false,צמד כפרי סלמי+פסטרמה 800 גרם טירת צבי,טיב טירת צבי 2000,IL,פסטרמה צמד סלמי 400ג,,800.00,100 גרם,false,,29.90,0.0374,true,1,68053
7290000369365,false,גבינה בולגרית למריחה,"ניצן מותגי מזון בע""מ",,מעדן בולגרית עם תוספ,,200.00,"100 מ""ל",false,,12.90,0.0645,true,1,91186
7290000369617,false,כדורי מעדן גבינה בשמן 225 ג' ניצן,"ניצן מותגי מזון בע""מ",IL,כדורי רחוב 150 גרם,,150.00,"100 מ""ל",false,,17.90,0.1193,true,1,91187
7290000369709,false,ממרח חמאה בטעם שום 1,"ניצן מותגי מזון בע""מ",,ממרח חמאה 100 גרם,,100.00,100 גרם,false,,12.90,0.1290,true,1,91188
7290000379623,false,לחם אחיד 750 גרם,מאפיית אנג'ל,,לחם אחיד שחור,,750.00,"100 מ""ל",false,,6.96,0.0093,true,1,30869
7290000408316,false,דנונה ביו יוגורט טבעי 3% 200 ג',מיוצר עי קונדיטוריית,IL,דנונה טבעי 3% 200גר,,200.00,"100 מ""ל",false,,3.90,0.0195,true,1,33129
7290000408354,false,יוגורט עם אורז מצופה שוקולד קקאו 175 ג' דנונה,"שטראוס בריאות בע""מ",IL,דנונה בר פיצפוצים 17,,173.00,"100 מ""ל",false,,5.10,0.0295,true,1,33130
7290000412481,false,סנו - מנקה אסלות 00 1 ליטר,מיוצר עי קונדיטוריית,IL,מנקה אסלות 00 סנו 1ל,,1000.00,100 גרם,false,,8.90,0.0089,true,1,26334
7290000412764,false,"פזטוקס מעופפים 630 מ""ל",קריות זול,,פזטוקס אירוסלים,,630.00,"100 מ""ל",false,,19.90,0.0316,true,1,26335
7290000416021,false,ממרח שוקולד השחר חלבי 500 גר',השחר העולה,IL,ממרח בטעם שוקולד השח,,500.00,יח',false,,13.90,0.0278,true,1,37019
7290000416045,false,ממרח שוקולד השחר דלי,השחר העולה,IL,ממרח השחר העולה חלבי,,1000.00,יח',false,,24.90,0.0249,true,1,26780
7290000416076,false,שוקולד צימקאו לבישול השחר 400 ג',השחר העולה,IL,צימקאו לבישול השחר 4,,400.00,100 גרם,false,,13.90,0.0348,true,1,26781
7290000416618,false,"ממרח שוקולד השחר פרווה בד""צ 400 גר'",השחר העולה בעמ,IL,השחר העולה קרם מובחר,,400.00,יח',false,,12.90,0.0323,true,1,26782
7290000416632,false,ממרח שוקולד פרווה הש,השחר העולה תעשית ממת,IL,ממרח השחר פרווה 1קג,,1000.00,"100 מ""ל",false,,24.90,0.0249,true,1,26783
7290000416809,false,ממרח חלב קרם חצי מובחרלמריחה 350 ג' השחר,,,ממרח חצי חצי קרם חלב,,350.00,"100 מ""ל",false,,12.90,0.0369,true,1,80013
7290000416922,false,ממרח חלבי השחר 350 ג',,,ממרח חלב 350 גרם השח,,350.00,100 גרם,false,,12.90,0.0369,true,1,80014
7290000418155,false,תחבושות סופר פלוס טופ-פד 16 יח',מוצרי נייר עמיר,IL,תחבושות טופ פד סופר,יחידה,0.00,יחידה,false,,6.90,0.0000,true,1,50726
7290000419220,false,לנדוור כחול המקורי קפה טחון טורקי 3*100 גרם 16 יח',קפה לנדוור,IL,לנדוור קפה כחול מארז,,300.00,100 גרם,false,,17.90,0.0597,true,1,24648
7290000419374,false,לנדוור לבוקר טחון טורקי 3*100גר,קפה לנדוור,IL,לנדוור קפה טחון טורק,,300.00,100 גרם,false,,17.90,0.0597,true,1,75323
7290000419909,false,לנדוור לבוקר - קפה טחון טורקי 100 גרם,מולינו ניקולי s.p.a,IL,לנדוור קפה שחור טעם,,100.00,100 גרם,false,,7.90,0.0790,true,1,24652
7290000420325,false,פופ קורן טבעי למיקרוגל 5 יח',קריות זול,US,פופסטאר בטעם טבעי 5י,,500.00,"100 מ""ל",false,,13.90,0.0278,true,1,25890
7290000420332,false,פופ קורן חמאה למיקרוגל 5יח',קריות זול,US,פופסטאר בטעם חמאה 5י,,500.00,"100 מ""ל",false,,13.90,0.0278,true,1,25891
7290000436203,false,עוגיות ברמן שוקו צ'פס 200 גר',קריות זול,,עוגיות שוקו ציפס ברמ,,180.00,"100 מ""ל",false,,6.90,0.0383,true,1,76461
7290000453125,false,שמרית שמרים טריים לאפייה +משפר אפייה 100ג,"פאקא תעשיות בע""מ",IL,שמרית + משפר אפיה 10,,100.00,"100 מ""ל",false,,8.90,0.0890,true,1,33136
7290000453415,false,בצק עלים מצונן ומוכן לאפייה שמרית,"פאקא תעשיות בע""מ",FR,בצק עלים שמרית מצונן,,300.00,100 גרם,false,,16.90,0.0563,true,1,92010
7290000453422,false,בצק פילו מצונן ומרודד מוכן לאפיה,"פאקא תעשיות בע""מ",GR,בצק פילו שמרית מצונן,,300.00,"100 מ""ל",false,,16.90,0.0563,true,1,92011
7290000453798,false,שמרים יבשים אקטיביים שימרית 500 ג',"גי' בי' רכיבים בע""מ",,שמרים יבשים אקטיביים,,500.00,100 גרם,false,,14.90,0.0298,true,1,57725
7290000453866,false,נטורינה קוקוס לאפייה שמרית 200ג',גרונבאנג- גרונדנסק א,DK,שמרית תחליף מרגרינה,,200.00,"100 מ""ל",false,,8.90,0.0445,true,1,78842
7290000453880,false,"מרגרינה לל""מ לאפיה ובישול שימרית 200 ג'","פאקא תעשיות בע""מ",IL,מרגרינה ללא מלח לאפי,,200.00,"100 מ""ל",false,,6.50,0.0325,true,1,56907
7290000453897,false,מרגרינה בטעם חמאה שימרית 200 ג',גרונבאנג- גרונדנסק א,IL,מרגרינה בטעם חמאה 20,,200.00,"100 מ""ל",false,,6.50,0.0325,true,1,56908
7290000462103,false,סחוג אדום חריף עדין (מכסה לבן) 150 גרם,קריניסה ויטמין אס אי,IL,סחוג אדום חריף עדין,,150.00,"100 מ""ל",false,,10.90,0.0727,true,1,33137
7290000462141,false,סחוג אדום חריף מאוד (מכסה אדום) 150 גרם,קריניסה ויטמין אס אי,IL,סחוג אדום חריף מאוד,,150.00,"100 מ""ל",false,,10.90,0.0727,true,1,33139
7290000462172,false,סחוג ירוק חריף מאוד מ.ירוק 150 גרם,קריניסה ויטמין אס אי,IL,סחוג ירוק חריף מאוד,,150.00,"100 מ""ל",false,,10.90,0.0727,true,1,33141
7290000467153,false,צבר חומוס סמיר הגדול 400גר,סלטי צבר,IL,חומוס סמיר הגדול צבר,,400.00,100 גרם,false,,14.50,0.0363,true,1,51494
7290000474502,false,גבינה לבנה 5% 250ג' טרה מהדרין,קריות זול,IL,גבינה לבנה 5% טרה 25,,250.00,יח',false,,4.98,0.0199,true,1,28283
7290000474540,false,גבינה טוב טעם 3% טרה 250ג' מהדרין,קריות זול,IL,גבינת 3% טוב טעם 250,,250.00,"100 מ""ל",false,,11.90,0.0476,true,1,28285
7290000480107,false,קוואקר שיבולת שועל פחית 500 גר',וולקרס סנקס לימיטד,GB,קוואקר מהיר אטוס פחי,,500.00,"100 מ""ל",false,,15.40,0.0308,true,1,25593
7290000480442,false,קוואקר שיבולת שועל שקית 500 גר',פריטו ליי FRITO-LAY,IL,*מבצע* קואקר שבולת ש,,500.00,"100 מ""ל",false,,10.90,0.0218,true,1,25595
7290000481029,false,עשיריית פיתות תנעמי,יוניליוור גרמניה Gm,IL,פיתות בטעם ביתי 10 י,,1000.00,100 גרם,false,,10.90,0.0109,true,1,101482
7290000481043,false,עשריית פיתות כוסמין,,,פיתות כוסמין מארז 10,,700.00,100 גרם,false,,15.90,0.0227,true,1,102040
7290000481333,false,לחמניות לוסי מארז 8י,,,לחמניות לוסי מארז 8י,יחידה,0.00,יחידה,false,,11.90,0.0000,true,1,52405
7290000481487,false,חלה רגילה 500גר,,,חלה רגילה 500גר,,500.00,"100 מ""ל",false,,6.26,0.0125,true,1,86166
7290000482033,false,שקיות קוקי ענק בתנור ובמיקרוגל 5 יח,הנסיך- מפעל לייצור ט,IL,קוקי שקיות ענק בתנור,,5.00,יח',false,,10.90,2.1800,true,1,29115
7290000483139,false,חטיף מרציפן גולמי המ,"המרשלג פרלינס בע""מ",IL,חטיף מרציפן גולמי המ,,100.00,"100 מ""ל",false,,10.50,0.1050,true,1,31109
7290000484747,false,עראק עלית 700 מל 40% כהל,יקב הגליל שווק בעמ,IL,הארק עלית 40% 700מל,,700.00,"100 מ""ל",false,,58.90,0.0841,true,1,57905
7290000490625,false,שלגונים ציפוי שוקו מאגדת שמינייה 560 ג',הגלידות של פלדמן,IL,מאגדת שלגונים ציפוי,,8.00,100 מ'ל,false,,22.90,2.8625,true,1,101632
7290000493176,false,אבקת רוטב צלי לבשר 22ג' אסם,"אסם השקעות בע""מ",IL,אבקת רוטב צלי אסם 22,,22.00,100 גרם,false,,4.90,0.2227,true,1,24695
7290000493183,false,אבקת רוטב פיטריות 30 ג' אסם,"אסם השקעות בע""מ",IL,אבקת רוטב פטריות אסם,,30.00,"100 מ""ל",false,,4.90,0.1633,true,1,24696
7290000497044,false,ברמן אקטיב לחם ארוז,מאפית י את א ברמן בע,IL,לחם אקטיב ברמן 750גר,,750.00,100 גרם,false,,16.90,0.0225,true,1,51687
7290000497112,false,לחם ברמן אחיד פרוס 750ג',מאפית י את א ברמן בע,IL,לחם אחיד פרוס ברמן,,750.00,"100 מ""ל",false,,7.91,0.0105,true,1,35932
7290000497228,false,לחמניה רגילה בשקית ברמן 6יח',מאפית י את א ברמן בע,IL,לחמניות בשקית 6יח,,450.00,100 גרם,false,,10.90,0.0242,true,1,35939
7290000497273,false,לחמניות אקטיב מארז 6 יח',מאפית י את א ברמן בע,IL,לחמניות אקטיב 6 יח',,450.00,"100 מ""ל",false,,13.50,0.0300,true,1,57859
7290000497303,false,לחמניה מקמח מלא 6יח' ברמן 450ג',מאפית י את א ברמן בע,IL,לחמניה מקמח מלא 6יח,,540.00,100 גרם,false,,10.90,0.0202,true,1,35940
7290000497426,false,לחם לעניין פלוס 500 גר',מאפית י את א ברמן בע,IL,לחם ברמן לענין פלוס,,500.00,100 גרם,false,,16.90,0.0338,true,1,35944
7290000497488,false,חלה קלה ברמן 500 גרם,מאפית י את א ברמן בע,IL,חלה פלוס ברמן 500 גר,,500.00,"100 מ""ל",false,,16.90,0.0338,true,1,35948
7290000497532,false,"לחם מקמח מלא""לעניין"" 750 גר'",מאפית י את א ברמן בע,IL,לחם ברמן לעניין 750ג,,750.00,100 גרם,false,,14.90,0.0199,true,1,35950
7290000497570,false,לחם דגנים פלוס 500 גר',מאפית י את א ברמן בע,IL,לחם דגנים פלוס ברמן,,500.00,100 גרם,false,,16.90,0.0338,true,1,35952
7290000498034,false,לחם אי פרי קמח כוסמין מלא 750 גר',מאפית י את א ברמן בע,IL,לחם מקמח כוסמין מלא,,750.00,100 גרם,false,,16.90,0.0225,true,1,92072
7290000498256,false,עשיריית לחמניות ברמן,מאפיות ברמן,IL,מארז 10יח לחמניות בר,יחידה,0.00,יחידה,false,,13.90,0.0000,true,1,74307
7290000498423,false,חלה חלומית 500גר,,,חלה מתוקה ברמן,,500.00,"100 מ""ל",false,,8.90,0.0178,true,1,86589
7290000504025,false,סוכרזית פטריה 300 טבליות,אף.סי תבליני בגליל ב,IL,סוכרזית פטריה 300 טב,,300.00,100 מ'ל,false,,9.90,0.0330,true,1,33158
7290000504209,false,"סוכרזית דיאט טיפ נוזלי 220 מ""ל",אף.סי תבליני בגליל ב,IL,סוכרזית קלאסי נוזלי,,220.00,"100 מ""ל",false,,21.90,0.0995,true,1,33161
7290000504278,false,סוכרזית - קלאסי פטנט 700 טבליות,אף.סי תבליני בגליל ב,IL,סוכרזית פטנט 700 טבל,,700.00,יח',false,,18.90,0.0270,true,1,33163
7290000518176,false,ממתיק דקסטרוזה וסכרי,מתוק וקל בעמ,IL,*מבצע* מתוק וקל ענק,,250.00,"100 מ""ל",false,,17.90,0.0716,true,1,31817
7290000518190,false,מתוק וקל סטיביה 100 שקיות,מתוק וקל,,מתוק וקל סטיביה 100,יחידה,0.00,יחידה,false,,27.90,0.0000,true,1,77494
7290000518220,false,סוכרה דיאט ממתיק 100 שקיות,פתח תקווה,IL,סוכרה דיאט 100 שקיות,יחידה,0.00,יחידה,false,,27.90,0.0000,true,1,77495
7290000518251,false,מתוק וקל ממתיק זהב 100 שקיות,קריות זול,IL,מתוק וקל זהב 100 שקי,,100.00,"100 מ""ל",false,,14.90,0.1490,true,1,31819
7290000518336,false,ממתק צמר גפן מתוק מסיבים תזונתיים,מתוק וקל בעמ,IL,מווש צמר גפן מתוק 10,,10.00,100 מ'ל,false,,4.90,0.4900,true,1,107163
7290000521008,false,"יין אדום יבש סגל 750 מ""ל",כרמי צבי - אחים סגל,IL,יין סגל אדום יבש 750,,750.00,100 גרם,false,,24.90,0.0332,true,1,22868
7290000521015,false,"יין סגל לבן יבש 750מ""ל","מיוצר ע""י כרמי צבי-",IL,לבן יבש סגל,,750.00,100 גרם,false,,24.90,0.0332,true,1,22869
7290000521022,false,יין של סגל לבן חצי י,"מיוצר ע""י כרמי צבי-",IL,לבן חצי יבש סגל,,750.00,100 גרם,false,,24.90,0.0332,true,1,22870
7290000521404,false,"יין מרום גליל קברנה סוביניון סינגל 750 מ""ל",כרמי צבי אחים סגל בע,IL,יין מרום גליל קברנה,,750.00,"100 מ""ל",false,,39.90,0.0532,true,1,44758
7290000521411,false,יין מרום גליל סינגל מרלו 750מל,כרמי צבי אחים סגל בע,IL,יין מרום גליל מרלו ס,,750.00,"100 מ""ל",false,,39.90,0.0532,true,1,44759
7290000523125,false,מלח הארץ הים האדום 250 ג' עדין,חברת מלח הארץ אילת ב,IL,מלח הארץ ים יבש 250,,250.00,"100 מ""ל",false,,6.90,0.0276,true,1,30937
7290000523224,false,מלח הארץ הים האדום 500 ג' עדין,חברת מלח הארץ אילת ב,IL,מלח הארץ ים יבש 500,,500.00,100 גרם,false,,9.90,0.0198,true,1,30938
7290000523514,false,מלח הארץ 50% מכמות הנתרן 250 גרם,חברת מלח הארץ אילת ב,IL,מלח הארץ 50% מכמות ה,,250.00,100 גרם,false,,11.90,0.0476,true,1,30939
7290000523521,false,מלח ים מועשר ביוד 250 ג' מלח הארץ,חברת מלח הארץ אילת ב,IL,מלח הארץ מעושר ביוד,,250.00,"100 מ""ל",false,,7.70,0.0308,true,1,30940
7290000523804,false,"מלח עדין צנצנת 1 ק""ג מלח הארץ",חברת מלח הארץ אילת ב,IL,מלח הארץ עדין צנצנת,,1000.00,"100 מ""ל",false,,8.90,0.0089,true,1,41846
7290000525969,false,פרימור סחוט תפוזים טבעי 1ל',"גניר (1992) בע""מ",IL,פרימור תפוזים 1ליטר,,1000.00,100 גרם,false,,16.90,0.0169,true,1,33168
7290000530024,false,נקניק תה מעושן רחב,זוגלובק,IL,תה מעושן זוגלובק,קילוגרמים,1.00,"ק""ג",true,,60.00,60.0000,true,1,30487
7290000530048,false,סלמי פפרוני זוגלובק,כצט,IL,סלמי פפרוני זוגלובק,קילוגרמים,1.00,"ק""ג",true,,65.00,65.0000,true,1,30489
7290000530062,false,נקניק מעושן איטלקי ז,זוגלובק,IL,נקניק מעושן איטלקי ז,קילוגרמים,1.00,"ק""ג",true,,95.00,95.0000,true,1,30490
7290000530086,false,נקניק סלמי מעושן 600 ג' זוגלובק,נקניק נהריה כשר זוגל,IL,*מבצע* נקניק סלמי מע,,600.00,100 גרם,false,,25.90,0.0432,true,1,30520
7290000530109,false,קבנוס זוגי בואקום זוגלובק 180ג',נקניק נהריה כשר זוגל,IL,קבנוס זוגלובק זוג 18,,180.00,"100 מ""ל",false,,37.90,0.2106,true,1,30521
7290000530116,false,נקניק סלמי מעושן בשן 470 ג' זוגלובק,נקניק נהריה כשר זוגל,IL,*מבצע* נקניק בשן זוג,,470.00,100 גרם,false,,17.90,0.0381,true,1,30522
7290000530178,false,נקניק קוניאק זוגלובק,זוגלובק,IL,נקניק קוניאק זוגלובק,קילוגרמים,1.00,"ק""ג",true,,95.00,95.0000,true,1,30492
7290000530192,false,נקניק סרבלד זוגלובק,כצט,IL,נקניק סרבלד זוגלובק,קילוגרמים,1.00,"ק""ג",true,,145.00,145.0000,true,1,30493
7290000530260,false,נקניק מורטדלה זוגלוב,,,מורטודלה זוגלובק,קילוגרמים,1.00,"ק""ג",true,,50.00,50.0000,true,1,30494
7290000530369,false,פסטרמה גולן הודו מעו,כצט,IL,פסטרמה גולן הודו מעו,קילוגרמים,1.00,"ק""ג",true,,95.00,95.0000,true,1,30496
7290000530413,false,המבורגר זהב זוגלובק 400 גר',נקניק נהריה כשר זוגל,IL,המבורגר זהב זוגלובק,,400.00,"100 מ""ל",false,,27.90,0.0697,true,1,30524
7290000530444,false,כתף בקר מעושן זוגלוב,זוגלובק,IL,כתף בקר מעושן זוגלוב,קילוגרמים,1.00,"ק""ג",true,,125.00,125.0000,true,1,30497
7290000530598,false,נקניקיות וינר 500 ג' טרי זוגלובק,נקניק נהריה כשר זוגל,IL,נקניקיות וינר גוליבר,,500.00,"100 מ""ל",false,,17.90,0.0358,true,1,30527
7290000530703,false,זוג במארז חרמון הודו + סלמי תה זוגלובק 800 גר',נקניק נהריה כשר זוגל,IL,*מבצע* נקניק תה 400ג,,800.00,"100 מ""ל",false,,25.90,0.0324,true,1,30529
7290000531410,false,פסטרממיה בדבש טהור,זוגלובק,IL,פסטרממיה בדבש טהור,קילוגרמים,1.00,"ק""ג",true,,95.00,95.0000,true,1,30500
7290000531601,false,סטייק בורגר זהב זוגלובק 400ג',נקניק נהריה כשר זוגל,IL,סטייק בורגר זוגלובק,,400.00,"100 מ""ל",false,,27.90,0.0697,true,1,30532
7290000532400,false,פסטרמה ברביקיו זוגלו,זוגלובק,IL,פסטרמה ברביקיו זוגלו,קילוגרמים,1.00,"ק""ג",true,,95.00,95.0000,true,1,30501
7290000533636,false,פסטרממיה צלויה על גח,,,פסטרממיה צלויה על גח,קילוגרמים,1.00,"ק""ג",true,,95.00,95.0000,true,1,30505
7290000534718,false,פסטרמה חזה תבור זוגל,זוגלובק,IL,פסטרמה חזה תבור זוגל,קילוגרמים,1.00,"ק""ג",true,,95.00,95.0000,true,1,30507
7290000534800,false,פסטרמה הודו רומני זו,כצט,IL,פסטרמה הודו רומני זו,קילוגרמים,1.00,"ק""ג",true,,85.00,85.0000,true,1,30508
7290000536743,false,קריספי סטיקס תירס 500 ג' זוגלובק,נקניק נהריה כשר זוגל,IL,קריספי סטיקס תירס זו,,500.00,"100 מ""ל",false,,24.90,0.0498,true,1,52762
7290000537566,false,נקניקיות עוף טרי 400 ג' זוגלובק,נקניק נהריה כשר זוגל,IL,נקניקיות עוף זוגלובק,,400.00,"100 מ""ל",false,,16.90,0.0422,true,1,30547
7290000537610,false,סלמי עממי זוגלובק,,,סלמי עממי זוגלובק,קילוגרמים,1.00,"ק""ג",true,,65.00,65.0000,true,1,30510
7290000554006,false,גבינה קשקבלו משולשים,מחלבות גד,IL,*מבצע* קאשקבל מחלבות,קילוגרמים,1.00,"ק""ג",true,,125.00,125.0000,true,1,58185
7290000554402,false,מלבי 160גר מחלבות גד,"מיוצר ע""י קוד יצרן E",IL,מלבי 160גר מחלבות גד,,160.00,"100 מ""ל",false,,5.90,0.0369,true,1,22061
7290000554457,false,גבינה צפתית מיני 5% גד 350ג',"מחלבות גד בע""מ",IL,צפתית 5% 350גר מחלבו,,350.00,"100 מ""ל",false,,22.90,0.0654,true,1,22062
7290000554532,false,גבינה צפתית מעודנת במלח ים 5% 200 ג' גד,הנסיך- מפעל לייצור ט,IL,צפתית מעודנת במלח ים,,200.00,100 גרם,false,,14.90,0.0745,true,1,22064
7290000554600,false,מוצרלה מגורדת 18% 300 גרם - רובין,מחלבות גד בעמ,IL,מוצרלה 22% מגורדת 30,,300.00,"100 מ""ל",false,,27.90,0.0930,true,1,22065
7290000554624,false,ירח מתוק 3% 150 גרם רובין,"מיוצר ע""י קוד יצרן E",IL,ירח מתוק 150גר מחלבו,,150.00,"100 מ""ל",false,,5.90,0.0393,true,1,22066
7290000554686,false,לאבנה שמן זית וזעתר 5% 250 גרם - רבנות,מחלבות גד בעמ,IL,לאבנה בשמן זית וזעתר,,250.00,"100 מ""ל",false,,14.70,0.0588,true,1,22067
7290000554822,false,גבינת ריקוטה טבעית 5% גד 250ג',מחלבות גד בעמ,IL,ריקוטה טבעי 5% 250גר,,250.00,100 גרם,false,,11.00,0.0440,true,1,22068
7290000554839,false,שמנת מתוקה קשה בסגנון איטלקי 40% שומן 250 ג' גד,מחלבות גד בעמ,IL,גבינה מסקרפונה 40% 2,,250.00,"100 מ""ל",false,,22.70,0.0908,true,1,22069
7290000560533,false,אדג' ג'ל ירוק לעור רגיל 198גרם,אס.סי ג'ונסון ובניו,US,אדג גל גילוח ירוק עם,,200.00,100 גרם,false,,17.90,0.0895,true,1,25898
7290000560540,false,אדג' ג'ל כתום לעור רגיש 198גרם,המאפיה של הרמן,US,ג'ל גילוח אדג' לעור,,200.00,100 גרם,false,,17.90,0.0895,true,1,25899
7290000572222,false,חלבה וניל בבלוק אחווה 500ג',שוורצקוף& הנקל דיסלד,IL,חלבה בבלוק אחווה 500,,500.00,"100 מ""ל",false,,11.90,0.0238,true,1,37553
7290000572529,false,חלבה פיסטוק מגש אחווה 400ג',אחדות ביחר לטחינה חל,IL,חלבה פיסטוק אחווה 40,,400.00,100 גרם,false,,14.90,0.0373,true,1,37554
7290000572543,false,חלבה שוקו וניל אחווה 400ג',אחדות ביחר לטחינה חל,IL,חלבה קקאו וניל 400 ג,,400.00,"100 מ""ל",false,,12.90,0.0323,true,1,37556
7290000572628,false,חלבה חטיף ללא סוכר בקופסה 276 ג',שוורצקוף& הנקל דיסלד,IL,חטיף חלבה ללא סוכר 1,,275.00,"100 מ""ל",false,,13.90,0.0505,true,1,37557
7290000572673,false,אחווה חטיף חלווה ט.שונים 12*25גר,שוורצקוף& הנקל דיסלד,IL,חטיף חלבה אחווה 12*2,,300.00,"100 מ""ל",false,,13.90,0.0463,true,1,37559
7290000574011,false,מארז 8 לחמניות חיטה,,,מארז 8 לחמניות חיטה,,8.00,יח',false,,11.90,1.4875,true,1,100877
7290000574035,false,לחם אחיד פרוס 750ג' דגנית עין בר,יוניליוור גרמניה Gm,IL,לחם אחיד פרוס 750גרם,,750.00,100 גרם,false,,7.10,0.0095,true,1,32464
7290000574066,false,לחם מלא פלוס שיפון 750 ג' דגנית עין בר,יוניליוור גרמניה Gm,IL,לחם חיטה מלאה עם שיפ,,750.00,100 גרם,false,,15.90,0.0212,true,1,51821
7290000574097,false,מארז לחמניות מיוחדות,,,מארז לחמניות מיוחדות,,8.00,יח',false,,11.90,1.4875,true,1,100878
7290000574141,false,לחם חיטה מלא 750ג' דגנית עין בר,דגנית עין בר תעשיות,IL,לחם חיטה מלאה 750גר,,750.00,100 גרם,false,,13.90,0.0185,true,1,32469
7290000574158,false,מארז 8 לחמניות לוסי,,,מארז 8 לחמניות לוסי,,8.00,יח',false,,11.90,1.4875,true,1,100879
7290000574172,false,לחם קל מחיטה מלאה 750 ג' דגנית עין בר,יוניליוור גרמניה Gm,IL,לחם קל חיטה מלאה 750,,750.00,100 גרם,false,,16.90,0.0225,true,1,32471
7290000574189,false,מארז 6 לחמניות קלועו,,,מארז 6 לחמניות קלועו,,6.00,יח',false,,11.90,1.9833,true,1,100880
7290000574226,false,לחמניות אצבע דגנית מ,,,לחמניות אצבע דגנית מ,יחידה,0.00,יחידה,false,,11.90,0.0000,true,1,101010
7290000574301,false,לחמניות 10יח חיטה מל,,,לחמניות 10יח חיטה מל,יחידה,0.00,יחידה,false,,11.90,0.0000,true,1,101481
7290000574370,false,לחם שיפון אמיתי קל 750 ג' דגנית עין בר,יוניליוור גרמניה Gm,IL,לחם שיפון אמיתי קל 5,,500.00,"100 מ""ל",false,,16.90,0.0338,true,1,43542
7290000574455,false,לחם חיטה מלא פלוס כוסמין 750 ג' דגנית עין בר,דגנית עין בר,IL,לחם חיטה מלאה כוסמין,,750.00,100 גרם,false,,16.90,0.0225,true,1,54653
7290000596044,false,"קרקר שומשום הדר 1ק""ג",אפיפית נצרת,IL,"קרקר שומשום הדר 1ק""ג",,1000.00,"100 מ""ל",false,,17.90,0.0179,true,1,86815
7290000599441,false,סחבות מגולגלות שייני,,,סחבות מגולגלות 5יח,,5.00,יח',false,,13.90,2.7800,true,1,34731
7290000599564,false,צמר פלדה 5יח,,,צמר פלדה 5יח,,200.00,100 גרם,false,,3.90,0.0195,true,1,34732
7290000599571,false,צמר פלדה 20 יח' בשקי,פלסטו פוליש (ברקן),IL,צמר פלדה 200גר,,200.00,100 גרם,false,,5.90,0.0295,true,1,34733
7290000611099,false,כבד עוף לצליה בלבד,,,כבד עוף לצליה בלבד,קילוגרמים,1.00,"ק""ג",true,,24.90,24.9000,true,1,28095
7290000611181,false,כנפיים עוף טרי,,,כנפיים עוף טרי,קילוגרמים,1.00,"ק""ג",true,,11.90,11.9000,true,1,28100
7290000611228,false,פילה עוף טרי ארוז ע.עוז,,,פילה עוף טרי ארוז,קילוגרמים,1.00,"ק""ג",true,,39.90,39.9000,true,1,91667
7290000611242,false,פילה עוף טרי,,,פילה עוף טרי,קילוגרמים,1.00,"ק""ג",true,,39.90,39.9000,true,1,28101
7290000611419,false,קורקבן עוף טרי,,,קורקבן עוף טרי,קילוגרמים,1.00,"ק""ג",true,,10.90,10.9000,true,1,28105
7290000611853,false,כנפיים עוף טרי ארוז ע.עוז,,,כנפיים עוף טרי ארוז,קילוגרמים,1.00,"ק""ג",true,,11.90,11.9000,true,1,91670
7290000611884,false,כבד עוף טרי ארוז ע.עוז,,,כבד עוף טרי ארוז לצל,קילוגרמים,1.00,"ק""ג",true,,24.90,24.9000,true,1,91672
7290000611983,false,שניצל פרוס טרי ארוז ע.עוז,,,שניצל עוף טרי ארוז,קילוגרמים,1.00,"ק""ג",true,,44.90,44.9000,true,1,91676
7290000612461,false,כנפיים הודו טרי,,,כנפיים הודו טרי,קילוגרמים,1.00,"ק""ג",true,,16.90,16.9000,true,1,28121
7290000631059,false,כבד עוף לצליה בלבד,,,כבד עוף לצליה בלבד,קילוגרמים,1.00,"ק""ג",true,,24.90,24.9000,true,1,84916
7290000643243,false,שווארמה הודו נקבה טר,,,שווארמה הודו נקבה טר,קילוגרמים,1.00,"ק""ג",true,,74.90,74.9000,true,1,29800
7290000644356,false,גרון הודו נ. טרי,,,גרון הודו נ. טרי,קילוגרמים,1.00,"ק""ג",true,,29.90,29.9000,true,1,35392
7290000644783,false,נתחי פילה סלמון בואק,X MAK,DK,מנות סלמון קפוא תנוב,קילוגרמים,1.00,"ק""ג",true,,89.90,89.9000,true,1,55762
7290000646299,false,פילה נסיכת הנילוס קפ,,ZA,פילה נסיכת הנילוס קפ,קילוגרמים,1.00,"ק""ג",true,,59.90,59.9000,true,1,98090
7290000658469,false,שריר הזרוע מס 8 חלק,,,שריר הזרוע מס 8 חלק,קילוגרמים,1.00,"ק""ג",true,,29.90,29.9000,true,1,102059
7290000679631,false,"ד""ר פישר - קמיל בלו קלאסיק 500 מ""ל","ד""ר פישר Dr fischer",IL,קמיל בלו אל סבון קלא,,500.00,100 גרם,false,,12.90,0.0258,true,1,69258
7290000688374,false,"מי עדן בייבי מארז 330X6 מ""ל","מי עדן בע""מ",,מי עדן בייבי שישיה 6,,1980.00,100 גרם,false,,15.90,0.0080,true,1,26928
7290000688381,false,מי עדן פקק ספורט 6*500 מל.,"מי עדן בע""מ",IL,מי עדן ספורט שישייה,,3000.00,"100 מ""ל",false,,13.90,0.0046,true,1,26929
7290000688503,false,מים מינרליים מי עדן,"מי עדן בע""מ",IL,מי עדן ג'ים שישייה 6,,4500.00,100 גרם,false,,15.90,0.0035,true,1,26931
7290000692135,false,ספיד סטיק בסיסי ירוק א.פ פרש,קולגייט פלמוליב,BY,ספיד סטיק ירוק פרש ל,,51.00,"100 מ""ל",false,,19.90,0.3902,true,1,29117
7290000692203,false,אג'קס ניקוי כללי 2לימון-מרכז,הנסיך- מפעל לייצור ט,BY,אגקס לניקוי כללי ניח,,2000.00,100 גרם,false,,24.90,0.0124,true,1,29118
7290000692210,false,אג'קס ניקוי כללי לוונדר 2ל',הנסיך- מפעל לייצור ט,GR,אגקס לניקוי כללי לבנ,,2000.00,100 גרם,false,,24.90,0.0124,true,1,29119
7290000692227,false,נוזל כלים פלמוליב צילינדר קלאסי 1 ליטר,יבואן ומשווק: ש. שסט,GR,פלמוליב לכלים קלאסי,,1000.00,"100 מ""ל",false,,14.90,0.0149,true,1,29120
7290000739247,false,פסטרמה איטלקית זוגלו,,,פסטרמה איטלקית זוגלו,קילוגרמים,1.00,"ק""ג",true,,85.00,85.0000,true,1,87681
7290000805368,false,מזון כלבים בונזו גור,קריות זול,FR,בונזו גורים 3קג,קילוגרמים,3.00,"ק""ג",false,,74.90,24.9667,true,1,25596
7290000909387,false,ניוקי תפוח אדמה 1 קג,סיאם אלימינטרי,IT,ניוקי 1 קג אבאל,,1000.00,100 גרם,false,,10.90,0.0109,true,1,92076
7290000932407,false,קוקוס,,,קוקוס,,1000.00,100 גרם,false,,6.90,0.0069,true,1,73960
7290000991029,false,ערמונים,,,ערמונים,קילוגרמים,1.00,"ק""ג",true,,18.90,18.9000,true,1,73879
7290000991512,false,אגס נאשי,,,אגס נאשי,קילוגרמים,1.00,"ק""ג",true,,15.90,15.9000,true,1,74023
7290000991527,false,פטרוזיליה בגומי,,,פטרוזיליה בגומי,יחידה,0.00,יחידה,false,,3.90,0.0000,true,1,87027
7290000991528,false,כוסברה בגומי,,,כוסברה בגומי,יחידה,0.00,יחידה,false,,3.90,0.0000,true,1,87028
7290000991529,false,שמיר בגומי,,,שמיר בגומי,יחידה,0.00,יחידה,false,,3.90,0.0000,true,1,87029
7290000991530,false,נענע בגומי,,,נענע בגומי,יחידה,0.00,יחידה,false,,3.90,0.0000,true,1,87030
7290000991961,false,תפוח ברשת,,,תפוח ברשת,קילוגרמים,1.00,"ק""ג",true,,6.90,6.9000,true,1,73964
7290000992381,false,אפרסמון,,,אפרסמון,קילוגרמים,1.00,"ק""ג",true,,14.90,14.9000,true,1,73880
7290000995410,false,נבטים סיניים נבטי הע,חקלאי,IL,נבטים סיניים נבטי הע,,1000.00,100 גרם,false,,7.90,0.0079,true,1,22593
7290000997719,false,אבטיח אישי,,,אבטיח אישי,קילוגרמים,1.00,"ק""ג",true,,6.90,6.9000,true,1,73968
7290000999104,false,דלעת ערמונים,,,דלעת ערמונים,קילוגרמים,1.00,"ק""ג",true,,12.90,12.9000,true,1,76838
7290000999350,false,תפוז ארוז ברשת,,,תפוז ארוז ברשת,קילוגרמים,1.00,"ק""ג",true,,3.90,3.9000,true,1,73881
7290000999358,false,אשכולית אדומה,,,אשכולית אדומה,קילוגרמים,1.00,"ק""ג",true,,5.90,5.9000,true,1,73970
7290000999361,false,"תפו""ע פינק גולד",,,"תפו""ע פינק גולד",קילוגרמים,1.00,"ק""ג",true,,15.90,15.9000,true,1,73882
7290000999390,false,חציל בלאדי,,,חציל בלאדי,קילוגרמים,1.00,"ק""ג",true,,5.90,5.9000,true,1,73971
7290000999626,false,ברוקולי ארוז,,,ברוקולי ארוז,,1000.00,"100 מ""ל",false,,7.90,0.0079,true,1,74043
7290000999748,false,גינגר תפזורת,,,גינגר תפזורת,קילוגרמים,1.00,"ק""ג",true,,24.90,24.9000,true,1,74031
7290000999753,false,קוסבייה(ארטישוק ירוש,,,קוסבייה(ארטישוק ירוש,קילוגרמים,1.00,"ק""ג",true,,14.90,14.9000,true,1,73975
7290000999805,false,אפונה ירוקה,,,אפונה ירוקה,קילוגרמים,1.00,"ק""ג",true,,20.00,20.0000,true,1,73976
7290000999818,false,אננס,,,אננס,יחידה,0.00,יחידה,false,,29.90,0.0000,true,1,73977
7290000999819,false,קלמנטינה/מנדרינה.,,,קלמנטינה/מנדרינה,קילוגרמים,1.00,"ק""ג",true,,5.90,5.9000,true,1,73884
7290000999821,false,קיווי,,,קיווי,קילוגרמים,1.00,"ק""ג",true,,19.90,19.9000,true,1,73978
7290000999825,false,עגבניה שרי מנומר,,,עגבניה שרי מנומר,קילוגרמים,1.00,"ק""ג",true,,16.90,16.9000,true,1,74266
7290000999833,false,ברוקולי,,,ברוקולי,,1000.00,"100 מ""ל",false,,7.90,0.0079,true,1,73885
7290000999834,false,דלורית,,,דלורית,קילוגרמים,1.00,"ק""ג",true,,5.90,5.9000,true,1,73982
7290000999877,false,"תפו""א לאפיה קטן",,,"תפו""א לאפיה קטן",קילוגרמים,1.00,"ק""ג",true,,3.90,3.9000,true,1,73986
7290000999887,false,תפוזינה,,,תפוזינה,קילוגרמים,1.00,"ק""ג",true,,9.90,9.9000,true,1,73932
7290000999890,false,פלפל שושקה,,,פלפל שושקה,קילוגרמים,1.00,"ק""ג",true,,12.90,12.9000,true,1,73886
7290000999896,false,ענבים אדום,,,ענבים אדום,קילוגרמים,1.00,"ק""ג",true,,24.90,24.9000,true,1,73887
7290000999899,false,קישואים זוקיני,,,קישואים זוקיני,קילוגרמים,1.00,"ק""ג",true,,6.90,6.9000,true,1,73987
7290000999901,false,עגבניה אשכולות,,,עגבניה אשכולות,קילוגרמים,1.00,"ק""ג",true,,6.90,6.9000,true,1,73888
7290000999902,false,עגבניה שרי,,,עגבניה שרי,קילוגרמים,1.00,"ק""ג",true,,12.90,12.9000,true,1,73889
7290000999903,false,מלפפון,,,מלפפון,קילוגרמים,1.00,"ק""ג",true,,5.90,5.9000,true,1,73890
7290000999904,false,פלפל ירוק,,,פלפל ירוק,קילוגרמים,1.00,"ק""ג",true,,7.90,7.9000,true,1,73988
7290000999905,false,פלפל בהיר,,,פלפל בהיר,קילוגרמים,1.00,"ק""ג",true,,8.90,8.9000,true,1,73989
7290000999906,false,פלפל אדום,,,פלפל אדום,קילוגרמים,1.00,"ק""ג",true,,7.90,7.9000,true,1,73891
7290000999907,false,פלפל צהוב,,,פלפל צהוב,קילוגרמים,1.00,"ק""ג",true,,7.90,7.9000,true,1,73990
7290000999908,false,פלפל חריף,,,פלפל חריף,קילוגרמים,1.00,"ק""ג",true,,7.90,7.9000,true,1,73892
7290000999909,false,כרוב לבן,,,כרוב לבן,קילוגרמים,1.00,"ק""ג",true,,3.90,3.9000,true,1,73893
7290000999910,false,כרוב אדום,,,כרוב אדום,קילוגרמים,1.00,"ק""ג",true,,4.90,4.9000,true,1,73991
7290000999911,false,כרובית,,,כרובית,קילוגרמים,1.00,"ק""ג",true,,9.90,9.9000,true,1,73894
7290000999912,false,קישואים,,,קישואים,קילוגרמים,1.00,"ק""ג",true,,5.90,5.9000,true,1,73895
7290000999913,false,חציל,,,חציל,קילוגרמים,1.00,"ק""ג",true,,5.90,5.9000,true,1,73896
7290000999914,false,גזר ארוז,,,גזר ארוז,קילוגרמים,1.00,"ק""ג",true,,3.90,3.9000,true,1,73897
7290000999916,false,סלק אדום,,,סלק,קילוגרמים,1.00,"ק""ג",true,,5.90,5.9000,true,1,73921
7290000999917,false,בטטה,,,בטטה,קילוגרמים,1.00,"ק""ג",true,,8.90,8.9000,true,1,73899
7290000999918,false,דלעת,,,דלעת,קילוגרמים,1.00,"ק""ג",true,,9.90,9.9000,true,1,73992
7290000999919,false,בצל יבש,,,בצל יבש,קילוגרמים,1.00,"ק""ג",true,,3.90,3.9000,true,1,73993
7290000999920,false,בצל אדום,,,בצל אדום,קילוגרמים,1.00,"ק""ג",true,,6.90,6.9000,true,1,73994
7290000999921,false,חסה ערבית,,,חסה ערבית,,1000.00,"100 מ""ל",false,,4.90,0.0049,true,1,73914
7290000999922,false,חסה עגולה,,,חסה עגולה,,1000.00,"100 מ""ל",false,,5.90,0.0059,true,1,74019
7290000999924,false,שום יבש,,,שום יבש,,1000.00,"100 מ""ל",false,,7.90,0.0079,true,1,73995
7290000999925,false,"תפו""א לבן",,,"תפו""א לבן",קילוגרמים,1.00,"ק""ג",true,,3.90,3.9000,true,1,73900
7290000999926,false,"תפו""א אדום",,,"תפו""א אדום",קילוגרמים,1.00,"ק""ג",true,,5.90,5.9000,true,1,73901
7290000999933,false,סלרי עלים,,,סלרי עלים,יחידה,0.00,יחידה,false,,4.90,0.0000,true,1,91639
7290000999934,false,עגבניה שרי תמר,,,עגבניה שרי תמר,קילוגרמים,1.00,"ק""ג",true,,16.90,16.9000,true,1,73902
7290000999935,false,בצל ירוק,,,בצל ירוק,יחידה,0.00,יחידה,false,,5.90,0.0000,true,1,91640
7290000999936,false,תירס,,,תירס,קילוגרמים,1.00,"ק""ג",true,,8.90,8.9000,true,1,73903
7290000999942,false,תפו'ע זהוב,,,תפו'ע זהוב,קילוגרמים,1.00,"ק""ג",true,,9.90,9.9000,true,1,73904
7290000999943,false,תפו'ע סמיט,,,תפו'ע סמיט,קילוגרמים,1.00,"ק""ג",true,,9.90,9.9000,true,1,73905
7290000999944,false,תפו'ע חרמון/גלה,,,תפו'ע חרמון/גלה,קילוגרמים,1.00,"ק""ג",true,,9.90,9.9000,true,1,73906
7290000999945,false,אגס,,,אגס,קילוגרמים,1.00,"ק""ג",true,,13.90,13.9000,true,1,73907
7290000999949,false,בננה,,,בננה,קילוגרמים,1.00,"ק""ג",true,,4.90,4.9000,true,1,73999
7290000999952,false,ענבים לבנים,,,ענבים לבנים,קילוגרמים,1.00,"ק""ג",true,,24.90,24.9000,true,1,73908
7290000999953,false,לימון,,,לימון,קילוגרמים,1.00,"ק""ג",true,,5.90,5.9000,true,1,73909
7290000999955,false,קולורבי,,,קולורבי,קילוגרמים,1.00,"ק""ג",true,,5.90,5.9000,true,1,73916
7290000999956,false,פלפל כתום,,,פלפל כתום,קילוגרמים,1.00,"ק""ג",true,,8.90,8.9000,true,1,74003
7290000999957,false,אבוקדו,,,אבוקדו,קילוגרמים,1.00,"ק""ג",true,,9.90,9.9000,true,1,73910
7290000999959,false,תפו'ע יונתן,,,תפו'ע יונתן,קילוגרמים,1.00,"ק""ג",true,,9.90,9.9000,true,1,74005
7290000999961,false,שומר,,,שומר,קילוגרמים,1.00,"ק""ג",true,,4.90,4.9000,true,1,73911
7290000999967,false,פומלה,,,פומלה,קילוגרמים,1.00,"ק""ג",true,,7.90,7.9000,true,1,74007
7290000999974,false,תות שדה,,,תות שדה,יחידה,0.00,יחידה,false,,19.90,0.0000,true,1,74020
7290000999976,false,תפו'ע ענה,,,תפו'ע ענה,קילוגרמים,1.00,"ק""ג",true,,9.90,9.9000,true,1,74010
7290000999977,false,תפוז /לימון סיני,,,תפוז /לימון סיני,קילוגרמים,1.00,"ק""ג",true,,9.90,9.9000,true,1,88266
7290000999987,false,אשכולית צהובה,,,אשכולית צהובה,קילוגרמים,1.00,"ק""ג",true,,5.90,5.9000,true,1,74013
7290000999988,false,תפוז,,,תפוז,קילוגרמים,1.00,"ק""ג",true,,5.90,5.9000,true,1,73912
7290000999989,false,ארטישוק,,,ארטישוק,קילוגרמים,1.00,"ק""ג",true,,19.90,19.9000,true,1,73917
7290000999990,false,פומלית,,,פומלית,קילוגרמים,1.00,"ק""ג",true,,4.90,4.9000,true,1,74014
7290001009123,false,לחם כוסמין 100% 600,,,לחם כוסמין 100% 600,,600.00,100 גרם,false,,15.90,0.0265,true,1,87134
7290001009178,false,לחם שיפון לחמנו 900ג,,,לחם שיפון לחמנו 900ג,,900.00,100 גרם,false,,15.90,0.0177,true,1,36028
7290001041260,false,שומשום מיה 400 גרם,מיה תעשיות מזון בעמ,IL,שומשום 400 גרם,,400.00,100 גרם,false,,11.90,0.0298,true,1,68482
7290001072035,false,"תרסיס דאודרנט נובו מאן 150 מ""ל VICTORY",,,דאודורנט נובו מאן 15,,150.00,100 גרם,false,,9.90,0.0660,true,1,97461
7290001072042,false,"תרסיס דאודרנט נובו מאן 150 מ""ל ENERGY",,,דאודורנט נובו מאן 15,,150.00,100 גרם,false,,9.90,0.0660,true,1,97462
7290001072899,false,"מרכך לסירוק קל נובו 700 מ""ל",סאסאטק,IL,נובו מרכך לסירוק קל,,700.00,100 גרם,false,,14.90,0.0213,true,1,99349
7290001121023,false,פסטרמה של פעם יחיעם,מעדני יחיעם,IL,פסטרמה של פעם יחיעם,קילוגרמים,1.00,"ק""ג",true,,85.00,85.0000,true,1,22289
7290001121054,false,צמד חמד יחיעם 700 גר,תאי פרזידנט פוד פאבל,IL,צמד חמד יחיעם 700 גר,,700.00,"100 מ""ל",false,,29.90,0.0427,true,1,22333
7290001121238,false,קורנדביף יחיעם 180 ג',מעדני יחיעם 1993,IL,נקניק קורנדביף 180 ג,,180.00,"100 מ""ל",false,,29.90,0.1661,true,1,22336
7290001121849,false,יחיעם פסטרמה הודו טב,מעדני יחיעם 1993,IL,פסטרמה הודו 100% חומ,,250.00,"100 מ""ל",false,,26.90,0.1076,true,1,47673
7290001133484,false,פילה סלמון נורבגי קפ,לאטי עזרא,IL,פילה סלמון נורבגי קפ,קילוגרמים,1.00,"ק""ג",true,,79.90,79.9000,true,1,82289
7290001136287,false,"נקה 7 - שמפו רגיל ירוק 750 מ""ל","קוסמופארם בעמ, ח.פ 5",IL,נקה 7 שמפו לשיער רגי,,750.00,100 גרם,false,,12.90,0.0172,true,1,32579
7290001136294,false,"שמפו נקה 7 לשיער יבש אדום 750מ""ל",גוד פוד פרודקטס S.p,IL,נקה 7 שמפו לשיער יבש,,750.00,100 גרם,false,,12.90,0.0172,true,1,32580
7290001136683,false,"מרכך לשיער רגיל ירוק 750 מ""ל נקה 7",אמיליה קוסמטיקס בעמ,IL,נקה 7 מרכך לשיער רגי,,750.00,100 גרם,false,,12.90,0.0172,true,1,32587
7290001216040,false,טחינה גולמית אל ארז,דולפין ספא,IL,טחינה גולמית אל ארז,,500.00,"100 מ""ל",false,,16.90,0.0338,true,1,56824
7290001216231,false,טחינה גולמית שומשום מלא אל ארז 500ג',דולפין ספא,IL,טחינה גולמית אל ארז,,500.00,"100 מ""ל",false,,17.90,0.0358,true,1,56825
7290001245699,false,אקונומיקה סמיכה בניחוח לימון 4 ל' טאצ',,,אקונומיקה סמיכה 4 לי,ליטרים,4.00,ליטר,false,,10.90,2.7250,true,1,92424
7290001245705,false,אקונומיקה מבושמת טאצ' 4 ליטר,סאסאטק,IL,אקונומיקה מבושמת טאצ,,4000.00,100 גרם,false,,10.90,0.0027,true,1,98184
7290001245729,false,ג'ל כביסה ירוקה טאצ 3 ליטר סלקט,,,ג'ל כביסה ירוק 3ל טא,ליטרים,3.00,ליטר,false,,17.90,5.9667,true,1,92436
7290001245835,false,נוזל רצפות אורנים 4 ל' טאצ,,,נוזל רצפות אורנים 4ל,,4000.00,"100 מ""ל",false,,11.90,0.0030,true,1,92443
7290001245842,false,נוזל רצפות מאסק 4 ל' טאצ,,,נוזל רצפות מאסק 4ל ט,,4000.00,"100 מ""ל",false,,11.90,0.0030,true,1,92444
7290001245897,false,נוזל רצפות יסמין 4 ל' טאצ,,,נוזל רצפות יסמין 4ל,,4000.00,"100 מ""ל",false,,11.90,0.0030,true,1,92445
7290001245958,false,מרכך כביסה ורוד טאצ' 4 ליטר,,,מרכך כביסה ורוד 4 לי,ליטרים,4.00,ליטר,false,,12.90,3.2250,true,1,92425
7290001245965,false,מרכך כביסה כחול טאצ' 4 ליטר,,,מרכך כביסה כחול 4 לי,ליטרים,4.00,ליטר,false,,12.90,3.2250,true,1,92426
7290001245972,false,מרכך כביסה לבן טאצ' 4 ליטר,,,מרכך כביסה לבן 4 ליט,ליטרים,4.00,ליטר,false,,12.90,3.2250,true,1,92427
7290001245996,false,מרכך כביסה צהוב 4 ל' טאצ',,,מרכך כביסה צהוב 4 ל,ליטרים,4.00,ליטר,false,,12.90,3.2250,true,1,92429
7290001246061,false,מרכך מרוכז פרפיום פנטזי טאצ 1ל',סאסאטק,IL,מרכך פרימיום פנטזי 1,ליטרים,1.00,ליטר,false,,13.90,13.9000,true,1,92437
7290001246078,false,מרכך מרוכז פרפיום סנשואל טאצ' 1 ל',סאסאטק,IL,מרכך פרימיום סנשואל,ליטרים,1.00,ליטר,false,,13.90,13.9000,true,1,92438
7290001246092,false,"תרסיס מסיר שומנים 750 מ""ל טאצ.",סאסאטק,IL,תרסיס מסיר שומנים 75,,750.00,100 גרם,false,,9.90,0.0132,true,1,92449
7290001246122,false,"תרסיס ניקוי כללי+ אקונומיקה 750 מ""ל טאצ",סאסאטק,IL,תרסיס ניקוי כללי 750,,750.00,100 גרם,false,,9.90,0.0132,true,1,92452
7290001246153,false,"טאצ' מבשם נטול גז לבנדר 350 מ""ל",,,מבשם נטול גז ורוד 35,,350.00,"100 מ""ל",false,,7.90,0.0226,true,1,92453
7290001246160,false,"מבשם נטול גז פרש 350 מ""ל טאצ",,,מבשם נטול גז ירוק 35,,350.00,"100 מ""ל",false,,7.90,0.0226,true,1,92454
7290001246238,false,"טאצ' תרסיס מטהר אוויר פריחה 300 מ""ל",,,תרסיס מטהר אוויר פרי,,300.00,100 גרם,false,,4.90,0.0163,true,1,92460
7290001246290,false,"תרסיס רסס נגב טאצ 750 מ""ל",סאסאטק,IL,"תרסיס רסס נגב 750 מ""",,750.00,"100 מ""ל",false,,9.90,0.0132,true,1,92457
7290001246313,false,נ.כלים 24% לימון 750 מל טאצ משאבה,,,נוזל כלים 24% לימון,,750.00,100 גרם,false,,6.90,0.0092,true,1,92473
7290001246528,false,מרכך כביסה מרוכז פרפיום מיסטרי טאצ' 1 ל',סאסאטק,IL,מרכך כביסה מרוכז פרי,ליטרים,1.00,ליטר,false,,13.90,13.9000,true,1,92439
7290001246818,false,מגיק מנקה שטיחים תרס,,,מגיק מנקה שטיחים תרס,,600.00,"100 מ""ל",false,,15.50,0.0258,true,1,37490
7290001246832,false,ג'ל כביסה כחול 5 ליט,,,ג'ל כביסה כחול 5 ליט,ליטרים,5.00,ליטר,false,,25.90,5.1800,true,1,101028
7290001247068,false,נקטר ספרינג תות בננה קרטונית 1 ל',"יפאורה תבורי בע""מ",IL,ספרינג תות בננה קרטו,,1000.00,"100 מ""ל",false,,7.90,0.0079,true,1,26939
7290001247082,false,נקטר ספרינג עגבניות קרטונית 1 ל',"יפאורה תבורי בע""מ",IL,ספרינג עגבניות קרטונ,,1000.00,100 גרם,false,,7.90,0.0079,true,1,26941
7290001247099,false,נקטר ספרינג מנגו קרטונית 1 ל',"יפאורה תבורי בע""מ",IL,ספרינג מנגו קרטונית,,1000.00,"100 מ""ל",false,,7.90,0.0079,true,1,26942
7290001247105,false,נקטר ספרינג אפרסק קרטונית 1 ל',"יפאורה תבורי בע""מ",IL,ספרינג נקטר אפרסק 1,,1000.00,100 גרם,false,,7.90,0.0079,true,1,26943
7290001247112,false,נקטר ספרינג לימונענע קרטונית 1 ל',"יפאורה תבורי בע""מ",IL,ספרינג לימונענע קרטו,,1000.00,"100 מ""ל",false,,7.90,0.0079,true,1,26944
7290001247129,false,נקטר ספרינג תפוזים קרטונית 1 ל',"יפאורה תבורי בע""מ",IL,ספרינג תפוז קרטונית,,1000.00,"100 מ""ל",false,,7.90,0.0079,true,1,26945
7290001247143,false,נקטר ספרינג תפוחים קרטונית 1 ל',"יפאורה תבורי בע""מ",IL,ספרינג תפוח קרטונית,,1000.00,100 גרם,false,,7.90,0.0079,true,1,26947
7290001254400,false,חזה בקר מס'3 מוכשר ק,,,חזה בקר מס'3 מוכשר ק,קילוגרמים,1.00,"ק""ג",true,,34.90,34.9000,true,1,77722
7290001258101,false,גאודה טבעי יעקבס 28%,גבינות משק יעקבס,IL,גאודה טבעי יעקבס 28%,קילוגרמים,1.00,"ק""ג",true,,89.90,89.9000,true,1,89285
7290001265642,false,"מעדני לה קט פטה, שלישיה 3 * 400 ג'",קריות זול,FR,לה קט מולטי פק 3*400,,1200.00,"100 מ""ל",false,,23.90,0.0199,true,1,25609
7290001305058,false,"פלמוליב - נטורלס תחליב רחצה חלב ודבש 500 מ""ל",הנסיך- מפעל לייצור ט,TR,סבון נוזלי לידיים חל,,500.00,100 גרם,false,,16.90,0.0338,true,1,29129
7290001305188,false,פלמוליב כלים שקוף לימון 750 בקבוק חדש,יבואן ומשווק: ש. שסט,GR,פלמוליב נוזל לכלים פ,,750.00,100 גרם,false,,11.90,0.0159,true,1,29130
7290001330746,false,עוגת ליצן מלבן 500 ג,ברון מפעל לייצור עוג,,עוגת ברון לייצן 500,,500.00,"100 מ""ל",false,,47.90,0.0958,true,1,88521
7290001330906,false,עוגת ברון למבדה קוטר,ברון מפעל לייצור עוג,,עוגת ברון למבדה קוטר,,600.00,100 גרם,false,,77.90,0.1298,true,1,88525
7290001330951,false,עוגת סיביר עגולה 800,ברון מפעל לייצור עוג,,עוגת ברון סיביר 800,,800.00,"100 מ""ל",false,,87.90,0.1099,true,1,88526
7290001343845,false,"גרנולה פירות 1 ק""ג - 845 - ורוד שקדיה",הנסיך- מפעל לייצור ט,IL,גרנולה מעורבת שקדיה,,1000.00,"100 מ""ל",false,,19.90,0.0199,true,1,52554
7290001369753,false,לשון חלק קפוא,,,לשון חלק קפוא,קילוגרמים,1.00,"ק""ג",true,,39.90,39.9000,true,1,105757
7290001407547,false,טחינה גולמית משומשום מלא פי 6 בארכה 500ג',רושדי תעשיות מזון בע,IL,טחינה משומשום מלא פי,,500.00,100 גרם,false,,17.90,0.0358,true,1,54315
7290001407752,false,טחינה גולמית עם פטרוזליה בארכה 500ג',רושדי תעשיות מזון,IL,טחינה עם פטרוזיליה ב,,500.00,100 גרם,false,,17.90,0.0358,true,1,30945
7290001407769,false,טחינה גולמית שומשום מלא בארכה 500ג',רושדי תעשיות מזון בע,IL,טחינה משומשום מלא בא,,500.00,100 גרם,false,,17.90,0.0358,true,1,30946
7290001421536,false,צלי כתף מס'5 חלק קפו,,,צלי כתף מס'5 חלק קפו,קילוגרמים,1.00,"ק""ג",true,,69.90,69.9000,true,1,86335
7290001423321,false,כתף עגל פריים עע,,,כתף עגל פריים עע,קילוגרמים,1.00,"ק""ג",true,,69.00,69.0000,true,1,100726
7290001436790,false,נקנקיות מרגז מיני אקסטרה חריף ארוז בלדי 500 ג',יוליניבר,IL,נקניקיות מרגז מיני א,,500.00,100 גרם,false,,29.90,0.0598,true,1,75455
7290001455234,false,פילה אמנון 5-7 וואקו,,,פילה אמנון 5-7 וואקו,קילוגרמים,1.00,"ק""ג",true,,29.90,29.9000,true,1,75210
7290001455456,false,"פילה נסיכת הנילוס פרוס בד""ץ.",,,פילה נסיכת הנילוס פר,קילוגרמים,1.00,"ק""ג",true,,69.90,69.9000,true,1,89454
7290001455937,false,אנטריקוט עגל פריים,,,אנטריקוט עגל פריים,קילוגרמים,1.00,"ק""ג",true,,149.00,149.0000,true,1,102771
7290001485019,false,גבינת שמנת 5% טעם טבעי 200 ג' טרה,קריות זול,IL,גבינת קרם שמנת טעם ט,,200.00,"100 מ""ל",false,,12.90,0.0645,true,1,28293
7290001491010,false,תה ירוק יסמין 25 שקיקים 1.5 גרם,קריות זול,IL,תה ירוק יסמין 25יח,,37.50,"100 מ""ל",false,,25.90,0.6907,true,1,30951
7290001491096,false,תה ירוק בתוספת לימונית ולואיזה 50 שקיקים ויסוצקי,קריות זול,IL,תה ירוק בתוספת לימונ,,50.00,100 מ'ל,false,,45.90,0.9180,true,1,30952
7290001552025,false,קוסקוס של אמא קפוא 8,,,קוסקוס של אמא קפוא 8,,800.00,"100 מ""ל",false,,16.90,0.0211,true,1,81346
7290001552049,false,מטעמי פאר קוסקוס מרו,,,קוסקוס מרוקאי קפוא 8,,800.00,"100 מ""ל",false,,16.90,0.0211,true,1,81924
7290001567708,false,נקנקיות וינר 400 ג' יחיעם,יחיעם,IL,נקניקיות עוף ללא חומ,,400.00,"100 מ""ל",false,,12.90,0.0323,true,1,57769
7290001567760,false,פסטרמה של פעם 300 ג' יחיעם,פ.פ.ח. שאביט,IL,פסטרמה של פעם ללא חו,,300.00,"100 מ""ל",false,,29.90,0.0997,true,1,57763
7290001567791,false,פסטרמה בסגנון רומני 250 ג',פ.פ.ח. שאביט,IL,פסטרמה רומנית ללא חו,,250.00,100 גרם,false,,29.90,0.1196,true,1,57766
7290001567807,false,כתף בקר מעושן 250 ג' יחיעם,פ.פ.ח. שאביט,IL,כתף בקר מעושן ללא חו,,250.00,100 גרם,false,,33.90,0.1356,true,1,57767
7290001567814,false,סלמי מעושן בסגנון איטלקי 300 ג' יחיעם,פ.פ.ח. שאביט,IL,סלמי מעושן בסגנון אי,,300.00,"100 מ""ל",false,,25.90,0.0863,true,1,57768
7290001567906,false,פסטרמה מעודנת יחיעם 200 ג',,,פסטרמה מעודנת יחיעם,,200.00,"100 מ""ל",false,,12.90,0.0645,true,1,80871
7290001567937,false,איטליקי מפולפל 200 ג' יחיעם,,,איטלקי מפולפל יחיעם,,200.00,"100 מ""ל",false,,12.90,0.0645,true,1,80873
7290001594568,false,"בירה קרלסברג פחית 500 מ""ל",מבשלות בירה בינלאומי,RO,בירה קרלסברג פחית 50,,500.00,100 גרם,false,,9.90,0.0198,true,1,28325
7290001594858,false,"בירה טובורג בקבוק 330X6מ""ל",קרלסברג ישראל,IL,בירה טובורג בקבוק שי,,1980.00,100 גרם,false,,39.90,0.0202,true,1,28333
7290001594865,false,"קרלסברג בירה בקבוק 6* 330 מ""ל",קרלסברג ישראל,IL,בירה קרלסברג שישייה,,1980.00,100 גרם,false,,39.90,0.0202,true,1,28334
7290001598085,false,"לחם קסטן משפחתי 1 ק""ג הברון",מאפיית יוסף ברון,,לחם משפחתי 1.1 קג,,1100.00,100 גרם,false,,15.90,0.0145,true,1,103080
7290001598122,false,"לחם קל מקמח שיפון מלא, 550 גרם",קונדיטוריית ברון,,לחם מיוחד 550 גרם,,550.00,100 גרם,false,,13.50,0.0245,true,1,103079
7290001598276,false,"לחם 7 דגנים קל מקמח חיטה מלא ללא שמרים 1.1 ק""ג הברון",מאפיית יוסף ברון,,"לחם 7 דגנים 1.1 ק""ג",,1100.00,"100 מ""ל",false,,15.90,0.0145,true,1,103084
7290001598580,false,פיתה כוסמין 100% 375ג' הברון,מאפיית יוסף ברון בעמ,,פיתות 6 יח כוסמין 37,,372.00,100 גרם,false,,15.90,0.0427,true,1,103087
7290001648919,false,קפה כתר 3*70גר,,,קפה כתר 3*70גר,,210.00,יח',false,,10.90,0.0519,true,1,35440
7290001648995,false,קפה רגואן 3*100גרם.,,,*מבצע* קפה טורקי רג',,300.00,"100 מ""ל",false,,12.90,0.0430,true,1,82782
7290001670224,false,מלית פרג 400 גרם פוליבה,"פוליבה בע""מ",IL,מלית פרג 400 גר,,400.00,"100 מ""ל",false,,13.90,0.0348,true,1,31213
7290001670514,false,מלית אוכמניות - 400 גרם פוליבה,"פוליבה בע""מ",IL,מלית אוכמניות 400 גר,,400.00,"100 מ""ל",false,,13.90,0.0348,true,1,31221
7290001670521,false,"מלית תפו""ע וקינמון 4","פוליבה בע""מ",IL,"מלית תפו""ע וקינמון 4",,400.00,100 גרם,false,,11.90,0.0298,true,1,31222
7290001670668,false,שקיות להכנת קרחונים 12 יח' הנמל,"איטיליאן פוד, אס.פי.",TR,קרחונית 12יח,,12.00,יח',false,,3.90,0.3250,true,1,54107
7290001670736,false,כפפות נילון שקוף 100 יחידות,יבוא ושיווק: הנמל אר,IL,כפפות ניילון שקוף הנ,יחידה,0.00,יחידה,false,,5.90,0.0000,true,1,31225
7290001713167,false,סנט מוריץ - מרסס קצף ניקוי 1 ליטר סניטרי אפור,קומפלקס כימיקלים,IL,קצף לניקוי כלים סניט,ליטרים,1.00,ליטר,false,,11.90,11.9000,true,1,83882
7290001714058,false,אנטריקוט עגל פריים,,,אנטריקוט עגל פריים,קילוגרמים,1.00,"ק""ג",true,,149.00,149.0000,true,1,55056
7290001714072,false,צלעות עגל,,,צלעות עגל,קילוגרמים,1.00,"ק""ג",true,,69.90,69.9000,true,1,55057
7290001714089,false,צוואר עגל,,,צוואר עגל,קילוגרמים,1.00,"ק""ג",true,,69.90,69.9000,true,1,55058
7290001714096,false,חזה עגל,,,חזה עגל,קילוגרמים,1.00,"ק""ג",true,,69.90,69.9000,true,1,55059
7290001714133,false,גולש עגל,,,גולש עגל,קילוגרמים,1.00,"ק""ג",true,,69.00,69.0000,true,1,101517
7290001714140,false,חזה עע עגל,,,חזה עע עגל,קילוגרמים,1.00,"ק""ג",true,,69.90,69.9000,true,1,101518
7290001791349,false,אקונומיקה פסגה ריחנית 4ליטר,"סנו מפעלי ברונוס בע""",IL,אקונומיקה פיסגה ריחנ,ליטרים,4.00,ליטר,false,,12.90,3.2250,true,1,26338
7290001817377,false,צ'יטוס חטיף איקס עיגול פיצה 60 גרם,"שטראוס פריטו ליי בע""",IL,ציטוס איקס עיגול אפו,,60.00,"100 מ""ל",false,,3.90,0.0650,true,1,28145
7290001817728,false,צ'יטוס חטיף כאפה קטשופ 55 גרם,"שטראוס פריטו ליי בע""",IL,ציטוס כאפה אפוי 55גר,,55.00,"100 מ""ל",false,,3.90,0.0709,true,1,28148
7290001842652,false,בשר ראש חלק קפוא,,,בשר ראש חלק קפוא,קילוגרמים,1.00,"ק""ג",true,,59.90,59.9000,true,1,83518
7290001842867,false,רגל חלק פרוס קפוא,,,רגל חלק פרוס קפוא,קילוגרמים,1.00,"ק""ג",true,,34.90,34.9000,true,1,100724
7290001855935,false,שמן חמניות לבוניה 90,,,שמן חמניות מזוכך 900,,900.00,"100 מ""ל",false,,10.90,0.0121,true,1,89458
7290001865439,false,פמלי לקשרי 1ליטר וניל טהור +משאבה,אף.סי תבליני בגליל ב,IL,פמלי סבון נוזלי וניל,,1000.00,100 גרם,false,,14.90,0.0149,true,1,25926
7290001865453,false,פמלי לקשרי 1ליטר לבנדר ארומטי+משאבה,מיוצר עי קונדיטוריית,TR,פמלי סבון נוזלי לבנד,,1000.00,"100 מ""ל",false,,14.90,0.0149,true,1,25927
7290001867655,false,תפוא לבן פרמיום לאפי,אראל תוצרת חקלאית בע,IL,"תפו""א גורמה חוות גלי",קילוגרמים,1.00,"ק""ג",true,,5.90,5.9000,true,1,102501
7290001873052,false,צלי כתף עגל,,,צלי כתף עגל,קילוגרמים,1.00,"ק""ג",true,,89.90,89.9000,true,1,101561
7290001893838,false,לברק נקי טרי,,,לברק נקי טרי,קילוגרמים,1.00,"ק""ג",true,,69.90,69.9000,true,1,57414
7290001917527,false,פרש וואנס פדים להסרת איפור 80 יח' *3,קריות זול,IL,פדיות קוסמטיות פרש ו,,80.00,יח',false,,19.90,0.2487,true,1,25932
7290001973233,false,"ד""ר פישר - קמיל בלו מילוי מגבונים בדיספנסר 120 יח'","ד""ר פישר Dr fischer",IL,קמיל בלו סנסטיב מגבו,יחידה,0.00,יחידה,false,,10.90,0.0000,true,1,76755
7290001990117,false,שומשום סוגת 100 גרם,האי נאם סי או אל.טי.,IL,שומשום סוגת 100גר,,100.00,"100 מ""ל",false,,4.90,0.0490,true,1,31554
7290001990148,false,"סוכר גולדן קלאסי צנצנת 1ק""ג סוגת",האי נאם סי או אל.טי.,IL,סוכר גולדן קלאסי בצנ,,1000.00,"100 מ""ל",false,,12.90,0.0129,true,1,31555
7290001990261,false,"סוגת חומוס 1 ק""ג",Unknown,,חומוס סוגת 1קג,,1000.00,100 גרם,false,,15.90,0.0159,true,1,31556
7290001990278,false,"שעועית לבנה סוגת 1 ק""ג",סוגת,,שעועית לבנה סוגת 1קג,,1000.00,"100 מ""ל",false,,18.90,0.0189,true,1,64929
7290001990407,false,"עדשים ירוקים 1 ק""ג סוגת",סוגת,,עדשים ירוקים סוגת 1,,1000.00,100 גרם,false,,15.90,0.0159,true,1,31562
7290001990414,false,"עדשים אדומים 1 ק""ג סוגת",,,עדשים אדומים סוגת 1,,1000.00,100 גרם,false,,15.90,0.0159,true,1,31563
7290001990421,false,"פופקורן גרעינים סוגת 1 ק""ג",,,פופקורן סוגת 1 קג,,1000.00,"100 מ""ל",false,,10.90,0.0109,true,1,41756
7290002002635,false,מגע המשי שעווה לפנים 80גר,"ש. שוורץ (ב""ש) בע""מ",IL,מגע המשי שעווה לפנים,,80.00,"100 מ""ל",false,,19.90,0.2487,true,1,70364
7290002007234,false,אבקת סוכר 100 ג' הנמל,"מיוצר וארוז ע""י: ר.ס",IL,אבקת סוכר הנמל 100 ג,,100.00,"100 מ""ל",false,,2.00,0.0200,true,1,31240
7290002007357,false,שקיות צליה דליקטס מיקרוגל הנמל 10 יח',הנמל,IL,שקיות לצליה דליקטס ק,,10.00,100 מ'ל,false,,4.90,0.4900,true,1,31243
7290002007500,false,קיסמי שיניים במבוק בחבית 500 יח',הנמל אריזות ושיווק ב,IL,קיסמי שיניים במבוק 5,,500.00,יח',false,,3.90,0.0078,true,1,31250
7290002007746,false,"צבע מאכל כחול 55 מ""ל הנמל",הנמל אריזות ושיווק ב,IL,צבע מאכל כחול 50מל,,50.00,100 גרם,false,,3.50,0.0700,true,1,31252
7290002008088,false,"צבע מאכל צהוב 55 מ""ל הנמל",הנמל אריזות ושיווק ב,IL,צבע מאכל צהוב 55מל,,55.00,100 גרם,false,,3.50,0.0636,true,1,31265
7290002008149,false,מדליק פחם מוצק הנמל אריזת 40יח',מ.א.יצור ויבוא מטליו,IL,מדליק פחם מוצק קוביו,יחידה,0.00,יחידה,false,,5.90,0.0000,true,1,31268
7290002008224,false,סוכריות לקישוט צבעונית הנמל 100 ג',ממתקי עלה בעמ,IL,קישוט לעוגה גליד 100,,100.00,"100 מ""ל",false,,5.90,0.0590,true,1,64715
7290002008439,false,דפים לסנדוויץ 100 יחידות,קריות זול,,נייר סנדביץ 100 דף.,,100.00,יח',false,,7.90,0.0790,true,1,31282
7290002008507,false,נייר אפייה 50 יח' הנמל,הנמל אריזות ושיווק ב,IL,נייר אפיה 50יח,,50.00,יח',false,,9.90,0.1980,true,1,31288
7290002008828,false,סוכריות שוקולד לבן ג'מבו לקישוט הנמל 200ג' בדצ,ממתקי עלה ייצור שיוו,IL,סוכריות לעוגה גמבו ש,,200.00,"100 מ""ל",false,,9.50,0.0475,true,1,31296
7290002008835,false,מגן כיריים 4יח,מיוצר בסין.יבוא ושיו,CN,מגן כיריים 4יח,,4.00,יח',false,,5.90,1.4750,true,1,31297
7290002008934,false,סוכריות צבעוניות לקישוט לעוגה 200 גר,ממתקי עלה יצור שיווק,IL,סוכריות צבעוניות לקי,,200.00,"100 מ""ל",false,,9.50,0.0475,true,1,31299
7290002013006,false,פסטרמה מקסיקנית זוגל,זוגלובק,IL,פסטרמה מקסיקנית זוגל,קילוגרמים,1.00,"ק""ג",true,,95.00,95.0000,true,1,30512
7290002013037,false,פסטרמה פרגית זוגלובק,זוגלובק,IL,פסטרמה פרגית זוגלובק,קילוגרמים,1.00,"ק""ג",true,,95.00,95.0000,true,1,30513
7290002013174,false,פסטרמה של פעם זוגלוב,כצט,IL,פסטרמה של פעם זוגלוב,קילוגרמים,1.00,"ק""ג",true,,95.00,95.0000,true,1,30514
7290002019183,false,עגבניות שלמות פריניר,פריניר,,עגבניות שלמות פריניר,,800.00,100 גרם,false,,7.90,0.0099,true,1,65775
7290002019763,false,פריניר עגב מרוסקות A2.5,פריניר ( הדס 1987) ב,IL,עגבניות מרוסקות פרינ,,800.00,100 גרם,false,,7.90,0.0099,true,1,65777
7290002019787,false,רסק עגבניות טבע טרי 260 ג' פריניר,פריניר ( הדס 1987) ב,IL,רסק עגבניות22% פריני,,260.00,"100 מ""ל",false,,4.50,0.0173,true,1,65778
7290002019794,false,רסק עגבניות טבע טרי פריניר 100ג',פריניר ( הדס 1987) ב,IL,רוטב עגבניות מרוכז מ,,100.00,"100 מ""ל",false,,2.50,0.0250,true,1,65779
7290002022152,false,מרשמלו ורוד לבן וסטהיים 100ג36X שקיות בקרטון,מנדלז סי.אר. פרודקשן,IL,מרשמלו 100 גרם ורוד,,100.00,100 גרם,false,,4.90,0.0490,true,1,56975
7290002026341,false,צ'יפס בטטה קפוא אריסטו 500ג',האי נאם סי או אל.טי.,CA,צ'יפס אריסטו רגיל 50,,500.00,"100 מ""ל",false,,17.90,0.0358,true,1,82138
7290002026358,false,צ'יפס בטטה זיגזג אריסטו 500ג',האי נאם סי או אל.טי.,CA,צ'יפס בטטה זיג זג 50,,500.00,"100 מ""ל",false,,17.90,0.0358,true,1,82139
7290002026365,false,טבעות בצל אריסטו קראנץ 500 ג',היידי שוקולד בירונטי,IL,טבעות בצל 500גר,,500.00,100 גרם,false,,10.90,0.0218,true,1,73547
7290002026402,false,בראנץ אנד קראנץ בלינצס גבינה 350 גרם,מוצרי איכות אמריקאיי,IL,בלינצס גבינה 350גר,,350.00,100 גרם,false,,14.90,0.0426,true,1,51252
7290002026440,false,פרצלס בייגלה בראנץ אנד קראנץ 280 ג',מוצרי איכות אמריקאיי,IL,פרצלס קפוא 280גר,,280.00,"100 מ""ל",false,,14.90,0.0532,true,1,50464
7290002026587,false,וופל בלגי פרווה בראנץ אנד קראנץ 8 יח',בראנץ' אנד קראנץ Brunch& Crunch,BE,וופל בלגי חם מהמקפי,,280.00,"100 מ""ל",false,,14.90,0.0532,true,1,98531
7290002037194,false,לחם שחור מקמח מלא 750ג,מאפית י את א ברמן בע,IL,לחם שחור מקמח מלא וו,,750.00,100 גרם,false,,13.90,0.0185,true,1,86596
7290002037309,false,לחמניות המבורגר 8יח 400גר,מאפית י את א ברמן בע,IL,לחמניות המבורגר 8יח,,400.00,"100 מ""ל",false,,14.90,0.0373,true,1,35976
7290002037637,false,חליות מתוקות מארז 4יח',מאפית י את א ברמן בע,IL,חליות מתוקות 4יח,,400.00,100 גרם,false,,12.90,0.0323,true,1,35982
7290002037651,false,חלה מתוקה ברמן,,,חלה מתוקה ברמן,,500.00,"100 מ""ל",false,,8.90,0.0178,true,1,103054
7290002053118,false,אוריינט אטריות ביצים מס 14 200 ג',האי נאם סי או אל.טי.,PL,אטריות ביצים מס 14 2,,200.00,"100 מ""ל",false,,9.90,0.0495,true,1,35759
7290002053538,false,נודלס בסגנון תאילנדי 25% תוספת 400 ג',,,נודלס תאילנדי 400גר+,יחידה,0.00,יחידה,false,,19.90,0.0000,true,1,88931
7290002057031,false,זיתים מבוקע פיקנטי A2 יבנה 560 ג',קריות זול,IL,זית מבוקע יבנה 540גר,,540.00,100 גרם,false,,9.90,0.0183,true,1,35063
7290002057109,false,זיתים מנזנילו ירוק גדול ושום A2 יבנה 540ג',,,זית מנזולינו גדול מא,,540.00,"100 מ""ל",false,,9.90,0.0183,true,1,35070
7290002057123,false,זיתים חרוזית ירוק A2 יבנה 540ג',קריות זול,IL,חרוזית ירוק 540 גר,,540.00,"100 מ""ל",false,,9.90,0.0183,true,1,35071
7290002057161,false,זיתים מרינט גדול מאד A2 יבנה 540ג',קריות זול,,זית מירנט חתוך ביין,,340.00,"100 מ""ל",false,,9.90,0.0291,true,1,35075
7290002057178,false,זיתים מנזנילו טבעי גדול A2 יבנה 540 ג',קריות זול,,זית מנזולינו טבעי גד,,540.00,100 גרם,false,,9.90,0.0183,true,1,35076
7290002057185,false,טבעות זיתים ירוקים 560 ג' יבנה,קריות זול,IL,טבעות זיתים ירוק 540,,540.00,"100 מ""ל",false,,9.90,0.0183,true,1,35077
7290002057314,false,"מלפפון במלח ‏20‏-‏15‏ ‏‏ 1.3 ק""ג ‏‏ יבנה",קריות זול,,מלפפון 15-20 במלח 72,,725.00,100 גרם,false,,13.90,0.0192,true,1,35079
7290002057352,false,מלפפון במלח 7-9 560 ג' יבנה,אף.סי תבליני בגליל ב,IL,מלפפון 7-9 במלח 540ג,,540.00,"100 מ""ל",false,,6.90,0.0128,true,1,35082
7290002057369,false,מלפפון במלח ‏12‏-‏10‏ 560 ג' יבנה,קבוצת יבנה,IL,מלפפון 10-12 במלח 54,,540.00,100 גרם,false,,7.90,0.0146,true,1,35083
7290002057376,false,מלפפון במלח ‏17‏-‏13‏ 560 ג' יבנה,קבוצת יבנה,IL,מלפפון 13-17 במלח 54,,540.00,"100 מ""ל",false,,9.90,0.0183,true,1,35084
7290002057383,false,מלפפון במלח ‏25‏-‏18‏ 560 ג' יבנה,קריות זול,IL,מלפפון 18-25 במלח 54,,540.00,"100 מ""ל",false,,12.90,0.0239,true,1,35085
7290002057413,false,"מלפפון חומץ ‏20‏-‏15‏ 1.3 ק""ג יבנה",קריות זול,,מלפפון 15-20 675גר,,675.00,100 גרם,false,,13.90,0.0206,true,1,35087
7290002057451,false,מלפפון בחומץ ‏9‏-‏7‏ %‏20‏ 560 ג' יבנה,אף.סי תבליני בגליל ב,IL,מלפפון 7-9 בחומץ 540,,540.00,100 גרם,false,,6.90,0.0128,true,1,35089
7290002057468,false,מלפפון חומץ ‏12‏-‏10‏ 560 ג' יבנה,קבוצת יבנה,IL,מלפפון 10-12 בחומץ 5,,540.00,"100 מ""ל",false,,7.90,0.0146,true,1,35090
7290002057475,false,מלפפונים בחומץ 13-17 קטן A2 יבנה 540ג',קבוצת יבנה,IL,מלפפון 13-17 בחומץ 5,,540.00,100 גרם,false,,9.90,0.0183,true,1,35091
7290002057482,false,מלפפון חומץ ‏25‏-‏18‏ 560 ג' יבנה,קריות זול,IL,מלפפון 18-25 חומץ 54,,540.00,100 גרם,false,,12.90,0.0239,true,1,35092
7290002057604,false,שיפקה פלפל חריף A2 יבנה 600ג',קבוצת יבנה,IL,פלפל חריף שיפקה יבנה,,540.00,"100 מ""ל",false,,6.50,0.0120,true,1,35093
7290002057628,false,זיתים טבעות מושחר A2 יבנה 540ג',קריות זול,IL,זית טבעות מושחר 540ג,,540.00,100 גרם,false,,9.90,0.0183,true,1,35095
7290002057703,false,חצילים ‏2‏-‏A‏ יבנה 560 גר',קבוצת יבנה,IL,חציל במלח יבנה 540גר,,540.00,"100 מ""ל",false,,6.90,0.0128,true,1,35096
7290002057734,false,זיתים חרוזית שחור A2 יבנה 540ג',קריות זול,IL,חרוזית מושחר יבנה 27,,275.00,"100 מ""ל",false,,9.90,0.0360,true,1,35098
7290002057819,false,גמבה רצועות פלפל אדום A2 יבנה 300 גרם,קריות זול,,רצועות פלפל אדום 300,,300.00,"100 מ""ל",false,,6.90,0.0230,true,1,35099
7290002079552,false,לחם אחיד דוידוביץ 75,,,לחם אחיד שחור,,750.00,"100 מ""ל",false,,6.96,0.0093,true,1,30861
7290002079590,false,חלה רגילה 500 גרם,מאפיית דוידוביץ,,חלה רגילה 500גר,,500.00,"100 מ""ל",false,,6.26,0.0125,true,1,86170
7290002079606,false,חלה רגילה 500גר,,,חלה רגילה 500גר,,500.00,"100 מ""ל",false,,6.26,0.0125,true,1,86171
7290002107491,false,גבינת עזים למריחה טבעי 5% צוריאל 250 ג',מחלבת משק צוריאל,IL,גבינת עזים למריחה טב,,250.00,"100 מ""ל",false,,17.50,0.0700,true,1,28347
7290002107798,false,גבינה בולגרית מעודנת 5% צוריאל 250ג',מחלבת משק צוריאל,IL,בולגרית מעודנת 5%,,250.00,"100 מ""ל",false,,24.50,0.0980,true,1,28350
7290002118398,false,צמרוני אוזניים בקופסא מרובעת 200 יח',,,צימרוני אוזניים 'בקו,,200.00,יח',false,,4.90,0.0245,true,1,31305
7290002128205,false,נרות לא נוטפים 45יח-מנורה,,,נרות חנוכה דה-לוקס ב,יחידה,0.00,יחידה,false,,6.90,0.0000,true,1,23050
7290002128311,false,נר נשמה בכוס ל-7 ימי,קריות זול,IL,נר נשמה בכוס ל-7 ימי,,72.00,יח',false,,10.90,0.1514,true,1,23053
7290002128328,false,כוסות שתייה חמה 50 י,טיי פרידה,CN,כוסות שתייה חמה 50 י,יחידה,0.00,יחידה,false,,6.90,0.0000,true,1,105528
7290002128380,false,חנוכיית פס+כוסיות+צי,,,חנוכיית פס+כוסיות+צי,יחידה,0.00,יחידה,false,,14.90,0.0000,true,1,101083
7290002128403,false,נרות שבת אורה מספר 4,קריות זול,IL,נרות שבת מס 4,יחידה,0.00,יחידה,false,,3.50,0.0000,true,1,23054
7290002128410,false,נרות שולחן 6 יח,קריות זול,,נרות שולחן 6 יח,,6.00,יח',false,,3.50,0.5833,true,1,23055
7290002128434,false,נרות שבת אורה מספר 1,קריות זול,IL,נרות שולחן 10 יח,,10.00,100 מ'ל,false,,3.50,0.3500,true,1,23057
7290002128748,false,פתיל צף - 50 יחידות,,,פתיל צף - 50 יחידות,,50.00,יח',false,,2.90,0.0580,true,1,23065
7290002128854,false,כוסות קרטון לשתייה חמה 12 אוונז 50 יחי',טיי פרידה,IL,כוסות שתייה חמה 50 י,יחידה,0.00,יחידה,false,,19.90,0.0000,true,1,105529
7290002128946,false,נר נשמה בכוס 48 שעות - מנורה,קריות זול,IL,נר נשמה כוס 48 שעות,,72.00,100 מ'ל,false,,4.90,0.0681,true,1,23070
7290002130567,false,דבש טהור מפרחי בר בזכוכית 350 גרם,מכוורת יד מרדכי שטרא,IL,דבש טהור מפרחי בר יד,,350.00,יח',false,,19.90,0.0569,true,1,33232
7290002130581,false,דבש טהור מפרחי בר בצ,קריות זול,IL,דבש טהור מפרחי בר בז,,1000.00,"100 מ""ל",false,,47.90,0.0479,true,1,33234
7290002132011,false,עוגיות מזרחיות 400 ג' עבאדי,מאפיית יוסף ושמחה עב,IL,עוגיות עבאדי מזרחיות,,400.00,100 גרם,false,,19.90,0.0497,true,1,30958
7290002133070,false,קאשקבל טורקי שומרון,מחלבת השומרון בעמ,,קאשקבל טורקי שומרון,קילוגרמים,1.00,"ק""ג",true,,119.00,119.0000,true,1,23404
7290002133117,false,בולגרית מעודנת מחלבת,מחלבת השומרון בעמ,,בולגרית 5% מעודנת שו,קילוגרמים,1.00,"ק""ג",true,,39.00,39.0000,true,1,23405
7290002133148,false,צפתית רכה 5% שומרון,מחלבת השומרון בעמ,,צפתית רכה 5% שומרון,קילוגרמים,1.00,"ק""ג",true,,39.00,39.0000,true,1,23407
7290002133193,false,בולגרית שומרון,מחלבת השומרון בעמ,,בולגרית שומרון,קילוגרמים,1.00,"ק""ג",true,,39.00,39.0000,true,1,23408
7290002133209,false,לאבנה 5% שומרון,,,לאבנה 5% שומרון,קילוגרמים,1.00,"ק""ג",true,,35.00,35.0000,true,1,23409
7290002133216,false,גבינת שמנת 25% שומרו,,,גבינת שמנת 25% שומרו,קילוגרמים,1.00,"ק""ג",true,,39.00,39.0000,true,1,23410
7290002133247,false,לאבנה עם זעתר ושמן 5,מחלבת שומרון,IL,לאבנה עם זעתר ושמן 5,,250.00,100 גרם,false,,10.90,0.0436,true,1,23416
7290002133551,false,לאבנה עם שמן זית וזע,מחלבת השומרון,IL,לאבנה עם זעתר ושמן ז,,500.00,"100 מ""ל",false,,16.90,0.0338,true,1,23421
7290002133889,false,גבינה בולגרית מעודנת,מחלבת השומרון,IL,בולגרית מעודנת בקר 5,,250.00,100 גרם,false,,18.90,0.0756,true,1,41377
7290002153801,false,אובלטים מלוחים דקיקי,,,אובלטים שומשום 300 ג,,300.00,"100 מ""ל",false,,10.90,0.0363,true,1,82158
7290002153825,false,אובלטים מלוחים דקיקי,,,אובלטים מלוחים 300 ג,,300.00,"100 מ""ל",false,,10.90,0.0363,true,1,82159
7290002153887,false,אובלטים מלוחים 300 גר,,,אובלטים קימל 300גר,,300.00,"100 מ""ל",false,,10.90,0.0363,true,1,82160
7290002195054,false,המבורגר בלדי 400 גרם ארוז,יוליניבר,IL,המבורגר בלדי 400גר,,400.00,100 גרם,false,,13.90,0.0348,true,1,35579
7290002195078,false,קבב כבש בלדי קפוא 400 ג',,,בלדי קבב כבש 400גר,,400.00,100 גרם,false,,13.90,0.0348,true,1,35581
7290002195085,false,קבב מזרחי בלדי 400 ג'- 8 יח',יוליניבר,IL,קבב מזרחי 400גר,,400.00,100 גרם,false,,13.90,0.0348,true,1,35582
7290002195092,false,קבב רומני 400 גרם ארוז,,,קבב רומני 400גר,,400.00,100 גרם,false,,13.90,0.0348,true,1,35583
7290002211044,false,"סולת - חום רוט 1 ק""ג",,,"סולת 1ק""ג",,1000.00,100 גרם,false,,6.50,0.0065,true,1,35283
7290002239185,false,אפונת גינה קפואה פרי גליל 800 גרם,"פרי הגליל בע""""מ",IL,אפונה מוקפאת 800גר,,800.00,"100 מ""ל",false,,12.90,0.0161,true,1,67918
7290002239277,false,גזר גמדי קפוא פרי גליל 800ג',"פרי הגליל בע""""מ",IL,גזר גמדי 800גר,,800.00,"100 מ""ל",false,,10.90,0.0136,true,1,86705
7290002239307,false,שעועית צהובה 800 ג ' פרי הגליל,"פרי הגליל בע""""מ",IL,שעועית צהובה 800גר,,800.00,"100 מ""ל",false,,12.90,0.0161,true,1,67921
7290002239338,false,שעועית ירוקה 800 ג' פרי הגליל,"פרי הגליל בע""""מ",IL,שעועית ירוקה 800גר,,800.00,"100 מ""ל",false,,12.90,0.0161,true,1,67922
7290002253006,false,דורות שום כתוש טרי 200 גרם,עיצובים 2020 (3.8),IL,שום כתוש דורות 200גר,,200.00,100 גרם,false,,16.90,0.0845,true,1,24708
7290002253105,false,מגשית קוביות שום טרי דורות 80 ג',עיצובים 2020 (3.8),IL,קוביות שום דורות 80ג,,80.00,100 גרם,false,,11.90,0.1488,true,1,24710
7290002253150,false,בזיליקום טרי קצוץ דורות 70 ג',עיצובים 2020 (3.8),IL,קוביות בזיליקום קצוץ,,70.00,"100 מ""ל",false,,11.90,0.1700,true,1,24711
7290002253167,false,פטרוזליה קצוצה דורות 70 גר',עיצובים 2020 (3.8),IL,פטרוזליה קצוצה דורות,,70.00,100 גרם,false,,11.90,0.1700,true,1,24712
7290002253181,false,כוסברה טריה קצוצה 70 ג' דורות,עיצובים 2020 (3.8),IL,כוסברה קצוצה דורות 7,,70.00,100 גרם,false,,11.90,0.1700,true,1,24713
7290002253198,false,ג'ינג'ר טרי כתוש במגשית 70 ג' דורות,עיצובים 2020 (3.8),IL,גינגר כתוש במגשית דו,,70.00,"100 מ""ל",false,,11.90,0.1700,true,1,24714
7290002255055,false,פלאפל חטיפי אלקיים 7,חטיפי אלקיים בעמ,IL,"פלאפל בד""צ 700גר",,700.00,"100 מ""ל",false,,15.90,0.0227,true,1,23275
7290002255215,false,"עלי סיגר מרובע בד""צ",חטיפי אלקיים בעמ,IL,"עלי סיגר מרובע בד""צ",,500.00,100 גרם,false,,10.90,0.0218,true,1,23284
7290002259640,false,"רדיד אלומניום דיימונד 084- 7.50 מ""ר *0.3",ריינולדס מוצרי צריכה,CN,דאיימונד 30*7.60,,7.62,,false,,11.90,1.5617,true,1,35771
7290002259657,false,רדיד אלומיניום דיימ,קריות זול,US,רדיד אלומניום 30*22.,,22.86,,false,,24.90,1.0892,true,1,35772
7290002259664,false,רדיד אלומיניום דיימונד גדול 60X0.60מ',ריינולדס מוצרי צריכה,US,רדיד אלומניום 30*61,,60.00,,false,,54.90,0.9150,true,1,35773
7290002291046,false,המבורגר מסעדות קצבייה 4 יח'-480 ג',יוליניבר,IL,המבורגר מסעדות קצביי,,480.00,100 גרם,false,,25.90,0.0540,true,1,43157
7290002319016,false,אבקת אפיה מיה מארז 10X10 ג',מיה תעשיות מזון בעמ,IL,אבקת אפיה 10*10גרם,,100.00,100 גרם,false,,2.00,0.0200,true,1,68485
7290002319023,false,סוכר וניל מיה עשיריו,מיה תעשיות מזון בעמ,IL,סוכר וניל מיה 10*10ג,,100.00,"100 מ""ל",false,,2.00,0.0200,true,1,68486
7290002319061,false,קוקוס טחון מיה 100 ג,מיה,IL,קוקוס טחון מיה 100 ג,,100.00,"100 מ""ל",false,,4.90,0.0490,true,1,68488
7290002319078,false,שומשום מיה 100 גרם,מיה,IL,שומשום מיה 100 גר,,100.00,100 גרם,false,,4.90,0.0490,true,1,68489
7290002319375,false,"קורנפלור 200 ג' בד""ץ מיה",מיה תעשיות מזון,IL,קורנפלור 200 גרם,,200.00,"100 מ""ל",false,,3.90,0.0195,true,1,68501
7290002319528,false,קמח מצה 200גרם,מיה תעשיות מזון,IL,קמח מצה 200גר,,200.00,"100 מ""ל",false,,2.90,0.0145,true,1,53092
7290002319771,false,"תמצית אפיה וניל 50מ""ל מיה",מיה תעשיות מזון בעמ,IL,"תמצית אפיה וניל 50מ""",,50.00,100 גרם,false,,3.50,0.0700,true,1,68505
7290002321750,false,"פילה אמנון קפוא בד""ץ מאסטר פוד",,,פילה אמנון קפוא,קילוגרמים,1.00,"ק""ג",true,,29.90,29.9000,true,1,34819
7290002329602,false,עוגת שוקולד עוגל'ה 350 גר,,,עוגה בחושה שוקולד עו,,350.00,"100 מ""ל",false,,8.90,0.0254,true,1,84792
7290002329626,false,עוגת שיש עוגל'ה 350 גר,,,עוגה בחושה שיש עוגל',,350.00,"100 מ""ל",false,,8.90,0.0254,true,1,84794
7290002329640,false,עוגת לימון עוגלה 350 גר',,,עוגת לימון 350גר,,350.00,"100 מ""ל",false,,8.90,0.0254,true,1,89576
7290002329961,false,עוגת שוקוצ''ינו 350 ג' עוגלה,,,עוגת שוקוצ'ינו 350 ג,,350.00,"100 מ""ל",false,,8.90,0.0254,true,1,84871
7290002331025,false,"מים מינרלים נביעות ספורט 500 מ""ל פקדון",נביעות טבע הגליל בעמ,IL,נביעות ספורט 500מל,,500.00,"100 מ""ל",false,,3.00,0.0060,true,1,28354
7290002331360,false,"נביעות מים מינרליים טו גו מארז 500X6מ""ל",קריות זול,IL,נביעות טו גו שישייה,,3000.00,100 גרם,false,,15.90,0.0053,true,1,28364
7290002331490,false,מים מינרלים נביעות 1 ליטר,נביעות טבע הגליל בעמ,IL,נביעות 1 ליטר,,1000.00,100 גרם,false,,4.00,0.0040,true,1,51231
7290002336686,false,אסאדו עע,,,אסאדו עע,קילוגרמים,1.00,"ק""ג",true,,69.90,69.9000,true,1,97870
7290002345886,false,צלי כתף עגל,,,צלי כתף עגל,קילוגרמים,1.00,"ק""ג",true,,89.90,89.9000,true,1,101562
7290002360285,false,תה פומפדור חליטת צמחים קמומיל 20 שק,TEEKANNE- POMPADOU,DE,חליטת תה פומפדור קמו,,30.00,100 גרם,false,,14.90,0.4967,true,1,29140
7290002370420,false,גבינה גאודה מהולנד 3,איוויאן,NL,גאודה הולנדי 30% ויל,קילוגרמים,1.00,"ק""ג",true,,65.00,65.0000,true,1,97342
7290002371533,false,דקניקים סלסולי פסטרמה בדבש 120 ג' טירת צבי,הנסיך- מפעל לייצור ט,IL,סלסולי פסטרמה בדבש ט,,120.00,"100 מ""ל",false,,15.90,0.1325,true,1,72987
7290002371571,false,פסטרמה פרגיות לבגט ט,טירת צבי,IL,פסטרמה פרגיות לבגט ט,קילוגרמים,1.00,"ק""ג",true,,85.00,85.0000,true,1,83594
7290002371854,false,"נקניקיות עוף מתובלות 1 ק""ג טירת צבי",הנסיך- מפעל לייצור ט,IL,נקניקיות עוף חריפות,,1000.00,100 גרם,false,,29.90,0.0299,true,1,66009
7290002374268,false,שמן חמניות מילומור 1 ליטר,שמן תעשיות,IL,שמן חמניות מילומור 1,,1000.00,"100 מ""ל",false,,10.90,0.0109,true,1,100158
7290002374640,false,שמן קנולה פלוס אומגה 3 1ל' עץ הזית,שמן תעשיות,IL,שמן קנולה פלוס אומגה,,1000.00,100 גרם,false,,17.90,0.0179,true,1,52828
7290002385738,false,גבינת מנצ'גו משולשים,מחלבות גד,IL,*מבצע* מנצגו מחלבות,קילוגרמים,1.00,"ק""ג",true,,159.00,159.0000,true,1,44631
7290002385745,false,גבינת פקורינו משולשי,מחלבות גד,IL,*מבצע* פקורינו מחלבו,קילוגרמים,1.00,"ק""ג",true,,156.00,156.0000,true,1,44632
7290002407034,false,"זית סורי מבוקע ג""השא",ג'השאן,IL,זית סורי מבוקע 800גר,,800.00,"100 מ""ל",false,,19.90,0.0249,true,1,25618
7290002407348,false,"שמן זית כתית מעולה 750 מ""ל ג'השאן",,,שמן זית ג'השאן כתית,,750.00,100 גרם,false,,29.90,0.0399,true,1,81545
7290002409014,false,ציפור השרון גחנון אפוי 600גר,ציפור השרון,,גחנון אפוי ציפור השר,,600.00,"100 מ""ל",false,,19.90,0.0332,true,1,36472
7290002409038,false,בורקס גבינה 800גר,,,בורקס גבינה 800גר,,800.00,"100 מ""ל",false,,17.90,0.0224,true,1,36474
7290002409045,false,"בורקס תפו""א ציפור השרון 800ג'",,,"בורקס תפו""א 800גר",,800.00,"100 מ""ל",false,,17.90,0.0224,true,1,36475
7290002409076,false,ציפור השרון גחנון בצק 800גר,ציפור השרון,,גחנון בצק ציפור השרו,,800.00,100 גרם,false,,14.90,0.0186,true,1,36476
7290002409106,false,בורקס פיצה 800גר,,,בורקס פיצה 800גר,,800.00,"100 מ""ל",false,,21.90,0.0274,true,1,36477
7290002409175,false,"בצק עלים צרפתי צפ.השרון 1 ק""ג",ציפור השרון,,בצק עלים 1קג,,1000.00,"100 מ""ל",false,,14.90,0.0149,true,1,36478
7290002409274,false,מלוואח ציפור השרון 5 יחי',,,מלווח ציפור השרון 80,,800.00,100 גרם,false,,14.90,0.0186,true,1,104263
7290002409281,false,סבבה ציפור השרון 750,פילסברי,,סבבה ציפור השרון 750,,750.00,"100 מ""ל",false,,19.90,0.0265,true,1,36479
7290002409304,false,נקניקיות עטופות בבצק,,,נקניקיות עטופות בבצק,,600.00,"100 מ""ל",false,,21.90,0.0365,true,1,44137
7290002447559,false,סינטה עגל,,,סינטה עגל,קילוגרמים,1.00,"ק""ג",true,,129.00,129.0000,true,1,35274
7290002447573,false,שייטל עגל טרי,,,שייטל עגל,קילוגרמים,1.00,"ק""ג",true,,89.90,89.9000,true,1,35275
7290002447610,false,פיקניה (שפיץ צ'אך) ע,,,פיקניה (שפיץ צ'אך) ע,קילוגרמים,1.00,"ק""ג",true,,89.90,89.9000,true,1,101622
7290002453383,false,מרגז טלה קצביית פרימ,קצביית פרימיום,IL,מרגז טלה 500גר,,500.00,100 גרם,false,,29.90,0.0598,true,1,74483
7290002453512,false,קבב קציצות ישראלי 80,,,קבב קציצות ישראלי 80,,800.00,"100 מ""ל",false,,37.90,0.0474,true,1,36338
7290002453581,false,קבב ביתי כבש 800גר,,,קבב ביתי כבש 800גר,,800.00,"100 מ""ל",false,,39.90,0.0499,true,1,54497
7290002453680,false,נקניקיות אסדו ארגנטנ,קצביית פרימיום,IL,נקניקיה אסאדו ארגנטי,,500.00,"100 מ""ל",false,,29.90,0.0598,true,1,78285
7290002453697,false,קבב אנטריקוט קצבים עם שומן כבש,קצביית פרימיום,IL,קבב אנטריקוט קצבים ע,,400.00,"100 מ""ל",false,,25.90,0.0647,true,1,78719
7290002453802,false,קבב אסלי בוואקום קפו,קצביית פרימיום,IL,קבב אסלי בוואקום קפו,,1000.00,"100 מ""ל",false,,39.90,0.0399,true,1,89032
7290002479352,false,דבש עמק חפר 350גרם,מכוורת עמק חפר,,דבש עמק חפר 350גרם,,350.00,100 גרם,false,,16.90,0.0483,true,1,58630
7290002511229,false,בולגרית מעודנת המושב,מחלבת המושבה,IL,בולגרית מעודנת המושב,קילוגרמים,1.00,"ק""ג",true,,44.00,44.0000,true,1,66772
7290002511236,false,בולגרית מעודנת 5% המ,,,בולגרית מעודנת 5% המ,קילוגרמים,1.00,"ק""ג",true,,44.00,44.0000,true,1,86374
7290002511250,false,שמנת 30% שום שמיר המ,,,שמנת 30% שום שמיר המ,קילוגרמים,1.00,"ק""ג",true,,44.00,44.0000,true,1,86375
7290002511274,false,שמנת 30% זיתים המושב,,,שמנת 30% זיתים המושב,קילוגרמים,1.00,"ק""ג",true,,44.00,44.0000,true,1,86377
7290002511427,false,אצבעות שוקולד וניל ה,מחלבת המושבה,IL,אצבעות שוקולד וניל ה,קילוגרמים,1.00,"ק""ג",true,,59.00,59.0000,true,1,86380
7290002511571,false,מוצרלה 22% המושבה,,,מוצרלה 22% המושבה,קילוגרמים,1.00,"ק""ג",true,,87.00,87.0000,true,1,79649
7290002512004,false,מלוואח צנעני 900 גרם,צנעני,IL,מלווח צנעני 900גר,,900.00,100 גרם,false,,19.90,0.0221,true,1,89101
7290002512011,false,צנעני גחנון 900 גרם,צנעני,IL,גחנון בצק 900גר,,900.00,"100 מ""ל",false,,19.90,0.0221,true,1,89098
7290002512035,false,"בצק עלים צנעני 1 ק""ג",צנעני,IL,בצק עלים צנעני 1קג,,1000.00,100 גרם,false,,19.90,0.0199,true,1,89102
7290002512257,false,מלווח מופחת שמן צנענ,צנעני,IL,מלווח מופחת שמן צנענ,יחידה,0.00,יחידה,false,,19.90,0.0000,true,1,89099
7290002515371,false,קמיל בלו אל סבון מעושר בלחות 1 ל',,,קמיל בלו קלאסיק 1 לי,,1000.00,"100 מ""ל",false,,29.90,0.0299,true,1,69264
7290002517276,false,תבלין פלפל אנגלי שלם 25ג',תות ממתקי איכות,IL,פלפל אנגלי שלם 25גר,,25.00,"100 מ""ל",false,,7.90,0.3160,true,1,35182
7290002517337,false,תבלין אורגנו עלים 20 גר',תות ממתקי איכות,IL,אורגנו עלים 20גר,,20.00,"100 מ""ל",false,,7.90,0.3950,true,1,35183
7290002517375,false,תבלין בזיליקום 30 גר' שק',תות ממתקי איכות,IL,בזיליקום עלים 30גר,,30.00,100 גרם,false,,7.90,0.2633,true,1,35184
7290002517566,false,תערובת תיבול לדג- 80 ג',תות ממתקי איכות,IL,תערובת תיבול לדג 80ג,,80.00,"100 מ""ל",false,,12.90,0.1613,true,1,35193
7290002517580,false,תערובת תיבול לעוף - 80 ג',תות ממתקי איכות,IL,תערובת תיבול לעוף 80,,80.00,100 גרם,false,,12.90,0.1613,true,1,35195
7290002517603,false,תבלין בזיליקום מיכל 10ג',תות ממתקי איכות,IL,בזיליקום 10גר,,10.00,100 גרם,false,,6.90,0.6900,true,1,35197
7290002517634,false,תבליני כוסברה 30גר,תות ממתקי איכות,IL,תבליני כוסברה 30גר,,30.00,100 גרם,false,,6.90,0.2300,true,1,35199
7290002517726,false,תבלין מקלות קינמון 15ג',תות ממתקי איכות,IL,מקל קינמון טעם וריח,,15.00,100 גרם,false,,6.90,0.4600,true,1,35203
7290002517801,false,תבלין צ'ילי כתוש - חריף (פלפל קיינה) 30 ג',תות ממתקי איכות,IL,צ'ילי כתוש טעם וריח,,30.00,"100 מ""ל",false,,6.90,0.2300,true,1,35209
7290002517863,false,תבלין ציפורן טחון 80ג',תות ממתקי איכות,IL,ציפורן טחון 40גר,,40.00,"100 מ""ל",false,,9.90,0.2475,true,1,35214
7290002542780,false,"שישיית בירה סטלה ארטואה 330 מ""ל*6",סטלה ארטואה Stella Artois,BE,בירה סטלה ארטואה 6*3,,1980.00,"100 מ""ל",false,,32.90,0.0166,true,1,107858
7290002543046,false,קלוגס פרוסטיס דגנים וסוכר 750ג',קלוג מנייופרטורינג א,ES,פרוסטיס 750 גרם קלוג,,750.00,"100 מ""ל",false,,23.90,0.0319,true,1,29148
7290002543237,false,קלוגס קורנפלקס 750גר,קלוגס קומפני אוף גרי,DE,*מבצע* קורנפלקס קלוג,,750.00,"100 מ""ל",false,,15.90,0.0212,true,1,29155
7290002552260,false,"קרחון טעם משמש לל""ס ריאו מארז 90X8ג'","גלידות ריאו ביח""ר לג",IL,קרחונים ללא סוכר מאג,יחידה,0.00,יחידה,false,,16.90,0.0000,true,1,35332
7290002552284,false,גלידת גולד עוגת גבינה תות 1.4 ל' ריאו,,,גלידה גולד עוגת גבינ,ליטרים,1.40,ליטר,false,,16.90,12.0714,true,1,83468
7290002552314,false,מאגדת שלגונים הקוסם 4 *85 ג' ריאו,"גלידות ריאו ביח""ר לג",IL,מאגדת הקוסם שלגונים,,320.00,100 גרם,false,,19.90,0.0622,true,1,105741
7290002552345,false,מאגדת שלגונים גלי גל פרווה 8 יח' ריאו,"גלידות ריאו ביח""ר לג",IL,שלגונים גלי גל פרווה,יחידה,0.00,יחידה,false,,14.50,0.0000,true,1,35335
7290002552772,false,מאגדת ארטיק קרח 10 יח' ריאו,"גלידות ריאו ביח""ר לג",IL,ארטיק קרח עשיריות,יחידה,0.00,יחידה,false,,9.90,0.0000,true,1,35338
7290002560098,false,אשפתון קומפקט 75/90,,,אשפתון קומפקט 75/90,יחידה,0.00,יחידה,false,,14.90,0.0000,true,1,78305
7290002560111,false,אשפתון 75/85 עם שרוך,,,אשפתון 75/85 עם שרוך,יחידה,0.00,יחידה,false,,14.90,0.0000,true,1,99634
7290002560159,false,שקיות אשפה עבות נשלפ,קריות זול,,שקיות אשפה עבות נשלפ,יחידה,0.00,יחידה,false,,19.90,0.0000,true,1,98803
7290002560227,false,אשפתון גופיה 75/90 2,קריות זול,,אשפתון גופיה 75/90 2,יחידה,0.00,יחידה,false,,10.90,0.0000,true,1,80322
7290002560999,false,רדיד אלומיניום זוג 4,קריות זול,,רדיד אלומיניום זוג 4,יחידה,0.00,יחידה,false,,14.90,0.0000,true,1,104088
7290002581536,false,"וופל בטעם שוקולד לל""ס הדר 250ג'",אפיפית נצרת,IL,וופל נפוליטנה ללא סו,,250.00,"100 מ""ל",false,,9.90,0.0396,true,1,36953
7290002599029,false,תבליני יונה פפריקה מתוקה בשמן 80ג,תבליני יונה,IL,תבלינים בשקית 80גר,,80.00,"100 מ""ל",false,,5.50,0.0688,true,1,37972
7290002599036,false,פלפל לבן/שחור 50גר,תבליני יונה,IL,פלפל לבן/שחור 50גר,,50.00,"100 מ""ל",false,,5.50,0.1100,true,1,37973
7290002599081,false,תבליני יונה תבלינים,תבליני יונה,IL,תבלינים בשקית,יחידה,0.00,יחידה,false,,5.50,0.0000,true,1,37974
7290002599104,false,תבליני יונה תבלינים,תבליני יונה,IL,תבלינים בשקית 50גר,,50.00,"100 מ""ל",false,,5.50,0.1100,true,1,37975
7290002599197,false,פלפל לבן/שחור 50גר,תבליני יונה,IL,פלפל לבן/שחור 50גר,,50.00,"100 מ""ל",false,,5.50,0.1100,true,1,37976
7290002627302,false,צלי כתף עגל,,,צלי כתף עגל,קילוגרמים,1.00,"ק""ג",true,,89.90,89.9000,true,1,101563
7290002627364,false,אנטריקוט עגל פריים,,,אנטריקוט עגל פריים,קילוגרמים,1.00,"ק""ג",true,,149.00,149.0000,true,1,97848
7290002627371,false,צלעות עגל,,,צלעות עגל,קילוגרמים,1.00,"ק""ג",true,,69.90,69.9000,true,1,97854
7290002627388,false,חזה עגל,,,חזה עגל,קילוגרמים,1.00,"ק""ג",true,,69.90,69.9000,true,1,97855
7290002627401,false,צלי כתף עגל,,,צלי כתף עגל,קילוגרמים,1.00,"ק""ג",true,,89.90,89.9000,true,1,97865
7290002627432,false,צוואר עגל,,,צוואר עגל,קילוגרמים,1.00,"ק""ג",true,,69.90,69.9000,true,1,97867
7290002627487,false,חזה עגל,,,חזה עגל,קילוגרמים,1.00,"ק""ג",true,,69.90,69.9000,true,1,97868
7290002628064,false,טחון בקר בלדי קפוא 500 ג' /16 יח',יוליניבר,IL,טחון בקר בלדי קפוא 5,,500.00,100 גרם,false,,19.90,0.0398,true,1,35585
7290002628941,false,נסיכת הנילוס פרוס העדה החרדית,,,נסיכת הנילוס פילה פר,קילוגרמים,1.00,"ק""ג",true,,69.90,69.9000,true,1,102204
7290002661153,false,"לחם דני קל ברמן 1 ק""",מאפית י את א ברמן בע,IL,לחם דני קל 1 קג,,1000.00,"100 מ""ל",false,,17.90,0.0179,true,1,42476
7290002661214,false,ברמן לחם גליל קל מהדרין 750 גרם,מאפית י את א ברמן בע,IL,לחם גלילי קל 750גר,,750.00,"100 מ""ל",false,,16.90,0.0225,true,1,50048
7290002661443,false,פירורי לחם מוזהבים עדינים 200 גר.,,,פירורי לחם זהוב עדין,,200.00,"100 מ""ל",false,,4.50,0.0225,true,1,75558
7290002661856,false,מיני קרוטונים מתובלים למרק וסלט 350 גר',מאפית י את א ברמן בע,IL,מיני קרוטונים מתובלי,,350.00,100 גרם,false,,16.90,0.0483,true,1,92070
7290002692393,false,שמן קנולה מועשר עץ ה,שמן תעשיות,IL,שמן קנולה מועשר עץ ה,,1000.00,100 גרם,false,,16.90,0.0169,true,1,35320
7290002692478,false,"שמן זית כתית מעולה קלאסי מעודן 750 מ""ל עץ הזית","מרקאולאו, ספרד.אבסה,",IT,שמן זית כתית מעולה ע,,750.00,100 גרם,false,,34.90,0.0465,true,1,35323
7290002692768,false,"תרסיס קנולה מופחת קלוריות 200 מ""ל עץ הזית",טרנסומס פוד איי בי,IT,תרסיס שמן קנולה מופח,,200.00,100 גרם,false,,17.90,0.0895,true,1,35326
7290002692782,false,"תרסיס מופחת קלוריות זית 200 מ""ל עץ הזית",י.ב טכנולוגיות אריזה,IL,תרסיס שמן זית עץ הזי,,200.00,"100 מ""ל",false,,17.90,0.0895,true,1,35328
7290002730262,false,פלמוליב כלים שקוף קלאסי 750 בקבוק חדש,יבואן ומשווק: ש. שסט,GR,פלמוליב נוזל לכלים ק,,750.00,"100 מ""ל",false,,11.90,0.0159,true,1,29160
7290002730521,false,צימרוני אוזניים בלונס בקופסא 200 יח',קריות זול,GR,צמרוני אוזניים בקופס,,200.00,יח',false,,7.90,0.0395,true,1,29163
7290002730958,false,פלמוליב סבון מוצק? ירוק זית רביעייה * 100 ג',הנסיך- מפעל לייצור ט,TR,פלמוליב סבון מוצק זי,,360.00,100 גרם,false,,10.90,0.0303,true,1,29174
7290002735007,false,"בצק עלים 1 ק""ג ינון",,,בצק עלים ינון 1קג,,1000.00,"100 מ""ל",false,,15.90,0.0159,true,1,21997
7290002735014,false,מלוואח ארוז ינון 800 גר',ג'נרל מילס סאן אדריא,IL,מלווח ארוז ינון 800ג,,800.00,"100 מ""ל",false,,14.90,0.0186,true,1,21998
7290002735021,false,ינון גחנון ארוז 750גר,ג'נרל מילס סאן אדריא,IL,גחנון ארוז ינון 750ג,,750.00,"100 מ""ל",false,,14.90,0.0199,true,1,21999
7290002735113,false,בורקס גבינה ינון 800 גר,,,בורקס גבינה ינון 800,,800.00,"100 מ""ל",false,,16.90,0.0211,true,1,22000
7290002735120,false,"בורקס תפו""א ינון 800 גר",,,"בורקס תפו""א ינון 800",,800.00,"100 מ""ל",false,,14.90,0.0186,true,1,22001
7290002735274,false,ינון גחנון אפוי 600 גר,ג'נרל מילס סאן אדריא,IL,גחנון אפוי ינון 600ג,,600.00,"100 מ""ל",false,,16.90,0.0282,true,1,22004
7290002752349,false,סוכריות מנטוס מנטה 40יח' בגליל 38ג',פרפטי ואן מלה,NL,מנטוס גליל מנטה בודד,,37.50,"100 מ""ל",false,,3.90,0.1040,true,1,31465
7290002753223,false,רביעייה סוכריות תפוז 4*16 ג' טיק טק,קריות זול,ZA,טיקטק תפוז רביעייה 4,,64.00,100 גרם,false,,11.90,0.1859,true,1,31467
7290002753995,false,ערכת קישוטי עוגה 150 גר',היינץ צפון אמריקה מק,DE,ערכת קישוטי עוגה 150,,150.00,"100 מ""ל",false,,17.90,0.1193,true,1,31469
7290002768043,false,"תיאדנט מי-פה ענק פלאוריד 150 מ""ל",טרופיקל דגיל תעשיות,IL,תיאדנט מי פה סנו 150,,150.00,100 גרם,false,,15.90,0.1060,true,1,60704
7290002768074,false,דרמופון - סבון נוזלי 1 ליטר,טרופיקל דגיל תעשיות,IL,דרמופון סבון ללא סבו,,1000.00,100 גרם,false,,18.90,0.0189,true,1,32609
7290002768159,false,"בת אורן סבון קצף לאמבט 500 מ""ל",פארק תעשיות עמק חפרמ,IL,קצף אמבט בת אורן 500,,500.00,100 גרם,false,,18.90,0.0378,true,1,32610
7290002769316,false,עוגת קראנץ 500 גרם,,,עוגת קראנץ 500 גרם,,500.00,"100 מ""ל",false,,17.90,0.0358,true,1,91028
7290002769347,false,עוגיות מובחרות בדלי --600-500 גרם,עוגיות הזהב,,עוגיות מובחרות 500 ג,,500.00,100 גרם,false,,15.90,0.0318,true,1,91180
7290002769910,false,עוגיות ללא תוספת סוכר 350 גר',,,עוגיות ללא תוספת סוכ,,350.00,100 גרם,false,,12.90,0.0369,true,1,98939
7290002782131,false,"פנינה רוזנבלום - דאודורנט ספריי לאישה מס' 1 150 מ""ל",ביסקול תמרוקים,IL,דאודורנט פנינה רוזנב,,150.00,"100 מ""ל",false,,24.90,0.1660,true,1,91421
7290002782759,false,"פנינה קרם גוף רוזנבלום 400 מ""ל",א.ארמן,IL,קרם גוף פנינה רוזנבל,,340.00,"100 מ""ל",false,,24.90,0.0732,true,1,91422
7290002814016,false,"מסיר שומנים קר מתז סנט מוריץ 750מ""ל",קומפלקס כימיקלים,IL,מסיר שומנים סנט מורי,,750.00,"100 מ""ל",false,,15.90,0.0212,true,1,35119
7290002814023,false,"אסלונית לניקוי אסלות סנט מוריץ 800 מ""ל",,,אסלונית לניקוי אסלות,,750.00,100 גרם,false,,6.90,0.0092,true,1,35120
7290002814054,false,סנט מוריץ מתז אנטרטיק מתז 1 ליטר,קומפלקס כימיקלים,IL,אנטרטיק במתז 1 ליטר,ליטרים,1.00,ליטר,false,,11.90,11.9000,true,1,83883
7290002814078,false,סנט מוריץ נוזל לניקוי אמבט אנטרטיק 1ל',קומפלקס כימיקלים,IL,אנטרטיק נוזל לניקוי,,1000.00,100 גרם,false,,6.90,0.0069,true,1,35121
7290002814412,false,סנט מוריץ נוזל כלים 1.6 ליטר לימון ליים 18%,,,נוזל כלים ירוק 1.5 ל,ליטרים,1500.00,ליטר,false,,11.90,0.0079,true,1,81257
7290002814528,false,נוזל לניקוי האסלה סנט מוריץ 1 ליטר,קומפלקס כימיקלים,IL,נוזל אסלות מס'1 1ליט,,1000.00,"100 מ""ל",false,,6.90,0.0069,true,1,35125
7290002824183,false,גבינה לבנה 5% שומן 500 ג' שטראוס,מיוצר עי קונדיטוריית,IL,קרם גבינה 5% סקי 500,,500.00,יח',false,,9.96,0.0199,true,1,33265
7290002824466,false,דנונה יוגורט ביו 0% 200מל,"שטראוס בריאות בע""מ",IL,דנונה יוגורט ביו 0%,,200.00,"100 מ""ל",false,,3.90,0.0195,true,1,33266
7290002824640,false,גבינה שטראוס 5% 250 ג',מיוצר עי קונדיטוריית,IL,גבינה 5% סקי 250 גרם,,250.00,"100 מ""ל",false,,4.98,0.0199,true,1,33268
7290002825722,false,סלט כרוב אדום אחלה 5,מיוצר עי קונדיטוריית,IL,כרוב אדום אחלה 500גר,,500.00,"100 מ""ל",false,,16.90,0.0338,true,1,33272
7290002827306,false,נקניקיות עוף ירושלים מחפוד 400 ג',,,נקניקיות עוף מחפוד 4,,400.00,"100 מ""ל",false,,11.90,0.0298,true,1,42447
7290002827337,false,נקניקיות עוף פיקנטי חריף 400 מחפוד,,,נקניקיות עוף פיקנטי,,400.00,"100 מ""ל",false,,11.90,0.0298,true,1,42483
7290002842002,false,"שבולת שועל אנגלי מורנפלייק לל""ס 500גר",,,שבולת שועל אנגלי מור,,500.00,100 גרם,false,,10.90,0.0218,true,1,23603
7290002868996,false,קוטג' 5% מועשר טרה 250ג' מהדרין,קריות זול,IL,קוטג מועשר 5% 250גר,,250.00,"100 מ""ל",false,,6.20,0.0248,true,1,28376
7290002881407,false,נודלס אטריות ביצים דק תומר 400ג',קריות זול,,נודלס דק תומר 400גר,,400.00,100 גרם,false,,10.90,0.0273,true,1,23719
7290002881414,false,תומר נודלס עבה 400 גרם,אופאל,,נודלס עבה תומר 400גר,,400.00,100 גרם,false,,10.90,0.0273,true,1,23720
7290002881612,false,לפתן דובדבנים חמוצים,Fructo sliven jsc,,לפתן דובדבנים חמוצים,,680.00,"100 מ""ל",false,,9.90,0.0146,true,1,83831
7290002881742,false,לבבות דקל פרוסות תומר 400 ג',Inaexpo,,לבבות דקל פרוסות תומ,,400.00,"100 מ""ל",false,,9.90,0.0248,true,1,23729
7290002881872,false,פטריות חתוכות תומר 2,,,פטריות חתוכות תומר 2,,290.00,"100 מ""ל",false,,4.90,0.0169,true,1,46779
7290002881919,false,פטריות שלמות תומר 40,גיבונג אינדסקיאלס,,פטריות שלמות תומר 40,,400.00,100 גרם,false,,8.90,0.0223,true,1,23733
7290002881957,false,סרדינים מרוקאי חריף בשמן חמניות 125ג' תומר,Union des pecheries,,סרדין מרוקאי חריף 12,,125.00,100 גרם,false,,6.90,0.0552,true,1,23735
7290002900313,false,פסטרמה בסגנון ספרדי,טירת צבי,IL,פסטרמה בסגנון ספרדי,קילוגרמים,1.00,"ק""ג",true,,85.00,85.0000,true,1,83595
7290002909804,false,פילה בקלה (מרלוזה ) ללא עור ארגנטיני,,,מרלוזה פילה ללא עור,קילוגרמים,1.00,"ק""ג",true,,34.90,34.9000,true,1,72648
7290002921332,false,סבון פלא אסטוניש מסיר כתמים 75גר,קריות זול,,אסטוניש מסיר כתמים 7,,75.00,100 גרם,false,,16.90,0.2253,true,1,27853
7290002921349,false,דבק סופר גלו מארז זוגי,קריות זול,,זוג דבק סופר גלו,יחידה,0.00,יחידה,false,,14.90,0.0000,true,1,27854
7290002925729,false,"גם וגם משחת שיניים כחול ומי פה בטעם פפרמינט 120 מ""ל","אמיליה קוסמטיקס בע""מ",IL,משחת שיניים בטעם פפר,,120.00,100 גרם,false,,15.90,0.1325,true,1,32612
7290002927105,false,צלי עגל ברשת קפוא,,,צלי עגל ברשת קפוא,קילוגרמים,1.00,"ק""ג",true,,37.90,37.9000,true,1,67763
7290002927358,false,סטיק אנטריקוט 800גר,,,סטיק אנטריקוט 800גר,,800.00,"100 מ""ל",false,,39.90,0.0499,true,1,89031
7290002927464,false,גולש עגל קפוא,,,גולש עגל קפוא,קילוגרמים,1.00,"ק""ג",true,,34.90,34.9000,true,1,36322
7290002927471,false,צלי עגל חצוי קפוא,,,צלי עגל חצוי קפוא,קילוגרמים,1.00,"ק""ג",true,,39.90,39.9000,true,1,36323
7290002927518,false,טבעות פילה עגל קפוא,,,טבעות פילה עגל קפוא,קילוגרמים,1.00,"ק""ג",true,,39.90,39.9000,true,1,36326
7290002927655,false,שניצל עגל קפוא,,,שניצל עגל קפוא,קילוגרמים,1.00,"ק""ג",true,,39.90,39.9000,true,1,36332
7290003009596,false,"פריגת סירופ דיאט אשכוליות 750מ""ל",סירופ - גבעת חיים,IL,סירופ דיאט אשכולית פ,,750.00,100 גרם,false,,23.90,0.0319,true,1,28392
7290003011087,false,"אורז בסמטי 1 ק""ג אלפנט",,IN,אורז בסמטי אלפנט 1קג,,1000.00,100 גרם,false,,12.90,0.0129,true,1,46715
7290003015627,false,ריצפז פרש 2 ליטר אפרסק מרכז,"סנו מפעלי ברונוס בע""",IL,ריצפז פרש אפרסק 2ליט,ליטרים,2.00,ליטר,false,,21.90,10.9500,true,1,26360
7290003015641,false,ריצפז סנו פרש יסמין 2ל',קריות זול,IL,ריצפז פרש יסמין 2 לי,ליטרים,2.00,ליטר,false,,21.90,10.9500,true,1,26362
7290003026029,false,"ד""ר פישר - קמיל בלו סנסיטיב שמפו אלדמע 500 מ""ל","ד""ר פישר Dr fischer",IL,קמיל בלו סנסטיב שמפו,,500.00,100 גרם,false,,19.90,0.0398,true,1,69265
7290003026036,false,"ד""ר פישר - קמיל בלו סנסיטיב אל סבון עדין לתינוק 1 ליטר","ד""ר פישר Dr fischer",IL,קמיל בלו סנסיטיב אל,,1000.00,100 גרם,false,,32.90,0.0329,true,1,69266
7290003026227,false,"ד""ר פישר - קמיל בלו סנסיטיב שמפו אלדמע 1 ליטר","ד""ר פישר Dr fischer",IL,קמיל בלו סנסיטיב שמפ,,1000.00,100 גרם,false,,32.90,0.0329,true,1,69268
7290003026234,false,"ד""ר פישר - קמיל בלו תחליב לתינוק 500 מ""ל",פישר מעבדות פרמצבטיו,IL,קמיל בלו תחליב לתינו,,500.00,100 גרם,false,,29.90,0.0598,true,1,69269
7290003026319,false,"ד""ר פישר - קמיל משחה לתינוק 120 מ""ל","ד""ר פישר Dr fischer",IL,*מבצע* משחה לתינוק ק,,120.00,100 גרם,false,,17.90,0.1492,true,1,69270
7290003029181,false,משקה יטבתה שוקו' בקבוק 1ל מהדרין,מחלבת יטבתה,IL,שוקו 2% בבקבוק יטבתה,,1000.00,100 גרם,false,,12.50,0.0125,true,1,33283
7290003029372,false,משקה חלב בננה בקבוק 1ל' יוטבתה,מחלבת יטבתה,IL,משקה חלב בטעם בננה י,,1000.00,100 גרם,false,,12.50,0.0125,true,1,33286
7290003029389,false,"משקה חלב בננה פקק ספורט 250 מ""ל יוטבתה",שטראוס גרופ,IL,משקה חלב בננה יטבתה,,250.00,100 גרם,false,,5.90,0.0236,true,1,33287
7290003029433,false,"משקה יטבתה שוקו פקק 250 מ""ל מהדרין",מחלבת יטבתה,IL,שוקו יטבתה 250מל,,250.00,100 גרם,false,,5.90,0.0236,true,1,33290
7290003029532,false,מוקה בקבוק 1 ל' יוטבתה,מחלבת יטבתה,IL,משקה מוקה 2% יטבתה 1,,1000.00,100 גרם,false,,12.50,0.0125,true,1,33292
7290003029617,false,יטבתה שמנת מנה אישית 15% 125מל,STRAUSS-ISRAEL,IL,שמנת מנה אישית 100מל,,100.00,"100 מ""ל",false,,2.10,0.0210,true,1,33294
7290003029792,false,"משקה יטבתה שוקו שקיות מהדרין מארז 225X8מ""ל",שטראוס גרופ,IL,שוקו 2% יטבתה 225x8,,1800.00,100 גרם,false,,20.90,0.0116,true,1,33295
7290003029815,false,חלב יוטבתה מועשר 3% בכד 2ל',מחלבת יטבתה,IL,חלב מועשר 3% בכד יטב,,2000.00,100 גרם,false,,16.70,0.0083,true,1,33296
7290003029907,false,משקה יטבתה אייס קפה 1ליטר,מחלבת יטבתה,IL,משקה חלב בטעם אייס ק,,1000.00,100 גרם,false,,12.50,0.0125,true,1,33300
7290003047642,false,תה שחור יילו לייבל 100*1.5 ג' שקיק ליפטון,"יונילוור רוסייה בע""מ",RU,ליפטון תה יילו לייבל,,150.00,"100 מ""ל",false,,12.90,0.0860,true,1,27351
7290003054657,false,חרדל דיזון אקסטרה פורטה 370 גרם,מרום את קונפינו,FR,חרדל דיזון אקסטרא פו,,370.00,"100 מ""ל",false,,12.90,0.0349,true,1,25634
7290003060009,false,קמח בהיר טחנות ישראל,טחנות ישראליות,IL,קמח בהיר בשקיות 1קג,,1000.00,100 גרם,false,,5.90,0.0059,true,1,51752
7290003072965,false,קבנוס חריף מעושן 120 ג',טירת- צבי,IL,קבנוס חריף מעושן 120,,120.00,100 גרם,false,,11.90,0.0992,true,1,101381
7290003126712,false,יוגורט עיזים בגביע 3% צוריאל 150 ג',מחלבת משק צוריאל,IL,יוגורט עיזים בגביע 3,,150.00,100 גרם,false,,6.70,0.0447,true,1,28414
7290003126958,false,טופו גבינה גוש בואקום צוריאל 300 ג',א.י.ן תעשיות מזון בע,IL,טופו בואקום צוריאל 3,,300.00,"100 מ""ל",false,,12.60,0.0420,true,1,85578
7290003141159,false,מרשמלו יוגטה 180 גרם,סאדאט,IL,מרשמלו יוגטה 180גר,,180.00,"100 מ""ל",false,,7.90,0.0439,true,1,47282
7290003189168,false,בסיגנון גבינה מעושנת,,,מעושנת כפיר א.ח.נוכ,קילוגרמים,1.00,"ק""ג",true,,45.00,45.0000,true,1,105049
7290003189274,false,מעושנת בסיגנון גבינה,,,מעושנת כפיר א.ח.נוכ,קילוגרמים,1.00,"ק""ג",true,,45.00,45.0000,true,1,23389
7290003208586,false,וורמוט מרטיני ביאנקו,מרטיני ורוסי,IT,מרטיני ביאנקו 750מל,,750.00,100 גרם,false,,49.90,0.0665,true,1,21944
7290003212965,false,עוגיות רוגלך הזהב במארז 400 גר',,,מובחרות שמרים 400 גר,,400.00,"100 מ""ל",false,,12.90,0.0323,true,1,84846
7290003217014,false,תנעמי פיתות מיזרחיות 5*100גר,יוניליוור גרמניה Gm,IL,פיתות מיזרחיות 5*100,,500.00,100 גרם,false,,5.90,0.0118,true,1,32488
7290003229109,false,פסטרמה בפפריקה טירת צבי 400 ג',הנסיך- מפעל לייצור ט,IL,פסטרמה בפפריקה 400 ג,,400.00,"100 מ""ל",false,,27.90,0.0697,true,1,66026
7290003229116,false,פסטרמה בדבש טירת צבי 400 ג',הנסיך- מפעל לייצור ט,IL,פסטרמה בדבש טירת צבי,,400.00,"100 מ""ל",false,,27.90,0.0697,true,1,68068
7290003229123,false,פסטרמה על גחלים טירת צבי 400 ג',הנסיך- מפעל לייצור ט,IL,פסטרמה גחלים 400 גרם,,400.00,"100 מ""ל",false,,27.90,0.0697,true,1,68069
7290003229147,false,נקניק סלמי איטלקי טירת צבי 300 ג',הנסיך- מפעל לייצור ט,IL,סלמי איטלקי 300 גרם,,300.00,"100 מ""ל",false,,27.90,0.0930,true,1,72988
7290003229154,false,סלמי קוניאק מובחר טירת צבי 300 ג',הנסיך- מפעל לייצור ט,IL,סלמי קוניאק טירת צבי,,300.00,"100 מ""ל",false,,27.90,0.0930,true,1,72989
7290003244331,false,"עגבניות קוביות 800ג בד""ץ פריניר *",פריניר,,עגבניות קוביות פריני,יחידה,0.00,יחידה,false,,7.90,0.0000,true,1,78228
7290003268030,false,חלה רגילה 500גר,,,חלה רגילה 500גר,,500.00,"100 מ""ל",false,,6.26,0.0125,true,1,86173
7290003268252,false,לחם חיטה מלא לילדים 750 ג' דגנית עין בר,יוניליוור גרמניה Gm,IL,*מבצע* לחם חיטה מלאה,,750.00,"100 מ""ל",false,,13.90,0.0185,true,1,54940
7290003268429,false,לחם ירוק מקמח מלא 750 ג' דגנית עין בר,מולינו ניקולי s.p.a,IL,לחם חיטה מלאה ירוק 7,,750.00,"100 מ""ל",false,,15.90,0.0212,true,1,51822
7290003268627,false,חלה מתוקה ברמן,,,חלה מתוקה ברמן,,500.00,"100 מ""ל",false,,8.90,0.0178,true,1,86581
7290003268641,false,דגנית עין בר חלה מתוקה מיוחדת 500 גרם,מולינו ניקולי s.p.a,IL,חאלע חלה מתוקה מיוחד,יחידה,0.00,יחידה,false,,14.90,0.0000,true,1,80598
7290003268740,false,לחם אחיד 750 גרם,דגנית עין בר,,לחם אחיד שחור,,750.00,"100 מ""ל",false,,6.96,0.0093,true,1,86174
7290003268764,false,חלה רגילה 500 גרם,מולינו ניקולי s.p.a,IL,חלה רגילה 500גר,,500.00,"100 מ""ל",false,,6.26,0.0125,true,1,32496
7290003287253,false,נקנקיות מרגז בלאדי 500 ג',קרלו,IL,נקניקיות מרגז בלדי 5,,500.00,"100 מ""ל",false,,29.90,0.0598,true,1,44466
7290003287260,false,נקניקיות צ'וריסוס ארוז קפוא בלדי 600 ג',,,נקניקיות צוריסוס הקצ,,600.00,"100 מ""ל",false,,29.90,0.0498,true,1,44467
7290003287284,false,קבב ביתי קצביה ארוז 600 ג' - 8 יח',,,קבב ביתי ארוז 600גר,,600.00,100 גרם,false,,29.90,0.0498,true,1,44476
7290003287796,false,סינטה עגל,,,סינטה עגל,קילוגרמים,1.00,"ק""ג",true,,129.00,129.0000,true,1,102772
7290003318100,false,וופל בטעם שוקולד מנעמים 200 ג',מנעמים תעשיות מזון,IL,וופל טעם שוקו מנעמים,,200.00,100 גרם,false,,4.90,0.0245,true,1,30959
7290003318131,false,ופל קלאסיק אגוז 200 גרם מנעמים,מנעמים תעשיות מזון,IL,וופל אגוז מנעמים 200,,200.00,100 גרם,false,,4.90,0.0245,true,1,30960
7290003318155,false,וופל טעם לימון מנעמים 200 ג',מנעמים תעשיות מזון,IL,וופל טעם לימון מנעמי,,200.00,100 גרם,false,,4.90,0.0245,true,1,30961
7290003318599,false,וופל וניל 200 גרם מנעמים,מנעמים תעשיות מזון,IL,וופל וניל מנעמים 200,,200.00,100 גרם,false,,4.90,0.0245,true,1,30962
7290003321155,false,יוגורט בר עם פקאן מצופה שוקולד 183 ג' דנונה,"שטראוס בריאות בע""מ",IL,דנונה בר פקאן 183גר,,183.00,"100 מ""ל",false,,5.10,0.0279,true,1,33318
7290003321292,false,גבינה לבנה 9% שומן 250 ג' שטראוס,מיוצר עי קונדיטוריית,IL,קרם גבינה 9% סקי 250,,250.00,"100 מ""ל",false,,5.20,0.0208,true,1,33319
7290003332045,false,קפה נחלה אדום ללא הל 250ג',קפה אל נחלה,,קפה נחלה סובחי 250גר,,250.00,"100 מ""ל",false,,15.90,0.0636,true,1,42731
7290003387205,false,דאו' ספיד סטיק בסיסי ירוק רגיל לגבר 63ג',הנסיך- מפעל לייצור ט,US,ספיד סטיק ירוק לגבר,,56.00,"100 מ""ל",false,,19.90,0.3554,true,1,29175
7290003401369,false,"קרם לחות ועיצוב לשיער חוחובה נטורל 400 מ""ל",מיוצר עי אמיליה קוסמ,IL,נטורל קרם לשיער פגום,,400.00,"100 מ""ל",false,,21.90,0.0547,true,1,32615
7290003401376,false,"קרם לחות ועיצוב לשיער אלוורה נטורל 400 מ""ל",מיוצר עי אמיליה קוסמ,IL,נטורל קרם לשיער רגיל,,400.00,100 גרם,false,,21.90,0.0547,true,1,32616
7290003401635,false,"קרם לחות לפתיחת תלתלים נטורל 400 מ""ל",מיוצר עי אמיליה קוסמ,IL,נטורל פורמולה לחות ל,,400.00,"100 מ""ל",false,,23.90,0.0597,true,1,32618
7290003401642,false,"נטורל קרם לחות לתלתול טבעי נטורל, 400 מ""ל",מיוצר עי אמיליה קוסמ,IL,נטורל פורמולה לחות ל,,400.00,"100 מ""ל",false,,23.90,0.0597,true,1,32619
7290003411276,false,עמבה הודית מובחרת הנמל 600ג',טרופיקל דגיל תעשיות,IL,עמבה מובחרת 500גר,,500.00,"100 מ""ל",false,,11.90,0.0238,true,1,31317
7290003411313,false,הנמל מפה מבד לא ארוג 180*120,שיווק: הנמל אריזות ו,IL,הנמל מפה מבד לא ארוג,,100.00,"100 מ""ל",false,,7.90,0.0790,true,1,31318
7290003411856,false,"גרנולה תפו""ע וקינמון 400 ג'",,,"גרנולה תפו""ע וקינמון",,400.00,100 גרם,false,,12.90,0.0323,true,1,31331
7290003411948,false,צמר גפן הנמל 100 גרם,ספה,TR,צמר גפן הנמל 100גרם,,100.00,"100 מ""ל",false,,4.90,0.0490,true,1,31333
7290003411993,false,גפרורים הנמל 10 יחיד,"איטיליאן פוד, אס.פי.",SE,גפרורים 10יח הנמל,,10.00,יח',false,,2.90,0.2900,true,1,31334
7290003414406,false,הרשי ריזס נטיפי אפייה בוטנים 283 גר',,,נטיפי אפייה מקרם בוט,,283.00,100 גרם,false,,14.90,0.0527,true,1,85958
7290003423909,false,הרשי חטיף קוקיס&קרם לבן 43 גרם,הרשי,US,הרשי קוקיס אנד קרים,,43.00,"100 מ""ל",false,,4.90,0.1140,true,1,105466
7290003424863,false,פילה סלמון מנות קפוא,,,פילה סלמון מנות קפוא,קילוגרמים,1.00,"ק""ג",true,,84.90,84.9000,true,1,101692
7290003438006,false,ממרח אולביה פסטו וצנובר איטלקי 190ג',מיוצר עי קונדיטוריית,IL,פסטו איטלקי אוליביה,,180.00,"100 מ""ל",false,,14.90,0.0828,true,1,31847
7290003438013,false,ממרח זיתים ירוקים 190 ג' אוליביה,קריות זול,IL,ממרח זיתים ירוקים 19,,190.00,"100 מ""ל",false,,14.90,0.0784,true,1,31848
7290003438020,false,ממרח עגבניות מיובשות 190 ג' אוליביה,מיוצר עי קונדיטוריית,IL,ממרח עגבניות מיובשות,,190.00,"100 מ""ל",false,,14.90,0.0784,true,1,31849
7290003438709,false,ממרח אולביה זיתים שחורים וירוקים 190 ג',גוד פוד פרודקטס S.p,IL,ממרח זיתים שחורים או,,190.00,100 גרם,false,,14.90,0.0784,true,1,31851
7290003438853,false,אוליביה ממרח אריסה חריפה 185 גר ',אוליביה,IL,אריסה חריפה 185 גרם,,185.00,"100 מ""ל",false,,14.90,0.0805,true,1,54309
7290003444009,false,ריזס חטיף שוקולד 42 גרם,הרשי,US,ריזס חטיף שוקולד במי,,42.00,"100 מ""ל",false,,4.90,0.1167,true,1,77751
7290003450602,false,חרדל אמיתי צהוב בקבוק לחיץ 255 גר,היינץ צפון אמריקה -,US,חרדל אמיתי צהוב בקבו,,255.00,100 גרם,false,,12.90,0.0506,true,1,25644
7290003475124,false,עננים צמר גפן 100 גר',קריות זול,GR,צמר גפן 100גר,,100.00,"100 מ""ל",false,,7.90,0.0790,true,1,29180
7290003514007,false,שקדי מרק מאסטר שף 40,מנה Mana,IL,שקדי מרק מאסטר שף 40,,400.00,"100 מ""ל",false,,8.90,0.0223,true,1,36617
7290003521074,false,"ד""ר פישר - סרקל מרכך שיער לילדים 1 ליטר",הדקלאים אגודת שיתופי,IL,סרקל מרכך שיער לילדי,,1000.00,"100 מ""ל",false,,29.90,0.0299,true,1,69271
7290003521081,false,"ד""ר פישר - סרקל שמפו לילדים 1 ליטר","ד""ר פישר Dr fischer",IL,סרקל שמפו לילדים 1לי,,1000.00,"100 מ""ל",false,,29.90,0.0299,true,1,69272
7290003521166,false,"ד""ר פישר - סרקל קרם רוזמרין לילדים 325 מ""ל",פישר מעבדות פרמצבטיו,IL,סרקל קרם רוזמרין 325,,325.00,"100 מ""ל",false,,27.90,0.0858,true,1,69273
7290003521197,false,"ד""ר פישר - סרקל תרסיס מתיר קשרים 340 מ""ל",פישר מעבדות פרמצבטיו,IL,סקרל מתיר קשרים 340מ,,400.00,100 גרם,false,,27.90,0.0697,true,1,69275
7290003560202,false,רגליים עגל פרוס ארוז,,,רגליים עגל פרוס ארוז,קילוגרמים,1.00,"ק""ג",true,,39.90,39.9000,true,1,101862
7290003570164,false,מינוט בלדי שווארמה פרגית 300 ',"בלדי בע""מ",IL,שווארמה פרגית מינוט,,300.00,"100 מ""ל",false,,29.90,0.0997,true,1,81146
7290003570928,false,קבב בלדי קצביה ארוז קפוא 500ג',בלאדי,IL,קבב בלדי קצביה ארוז,,500.00,"100 מ""ל",false,,29.90,0.0598,true,1,80591
7290003578108,false,אננס חתיכות ויליפוד 850 ג',טקרנג פינאפל אינדסטר,TH,אננס חתיכות ויליפוד,,850.00,"100 מ""ל",false,,9.90,0.0116,true,1,25196
7290003578177,false,תירס גמדי שלם ויליפוד 410 ג',מגסטיק פוד אידסטרי ק,TH,תירס גמדי ויליפוד 41,,410.00,"100 מ""ל",false,,8.90,0.0217,true,1,25199
7290003578313,false,דובדבנים חמוצים ללא חרצנים 680גר,דל מונטה היילס אס.אי,HU,דובדבנים חמוצים ללא,,680.00,100 גרם,false,,10.90,0.0160,true,1,25203
7290003578931,false,גבינת רסטה 20% שומן.,מוראטביי,TR,רסטה 20% ויליפוד,קילוגרמים,1.00,"ק""ג",true,,99.00,99.0000,true,1,85354
7290003598311,false,מינוט סטייק חלק ריאה 300 ג',בלדי,IL,*מבצע* בלדי מינוט סט,,300.00,יח',false,,30.00,0.1000,true,1,78743
7290003598472,false,מנות פילה סלמון נורבגי.,לאטי עזרא,IL,פילה סלמון מנות נורב,קילוגרמים,1.00,"ק""ג",true,,84.90,84.9000,true,1,86511
7290003643004,false,"אורז בסמטי קלאסי 1 ק""ג סוגת",האי נאם סי או אל.טי.,IL,אורז בסמטי סוגת 1קג,,1000.00,"100 מ""ל",false,,14.90,0.0149,true,1,31567
7290003643325,false,קוסקוס בינוני 350 גרם סוגת,קריות זול,IL,קוסקוס בינוני סוגת 3,,350.00,"100 מ""ל",false,,6.90,0.0197,true,1,46441
7290003643387,false,"סוכר לבן בצנצנת 1 ק""ג סוגת",האי נאם סי או אל.טי.,IL,סוכר לבן בצנצנת סוגת,,1000.00,"100 מ""ל",false,,9.90,0.0099,true,1,31577
7290003643646,false,"סוכר דמררה קלאסי בצנצנת סוגת 1 ק""ג",האי נאם סי או אל.טי.,IL,סוכר דמררה בצנצנת סו,,1000.00,100 גרם,false,,12.90,0.0129,true,1,31578
7290003643684,false,אפונה יבשה סוגת 500 גר',האי נאם סי או אל.טי.,IL,אפונה סוגת 500גר,,500.00,"100 מ""ל",false,,6.90,0.0138,true,1,31579
7290003643714,false,חומוס סוגת 500 גרם,האי נאם סי או אל.טי.,IL,חומוס סוגת 500גר,,500.00,"100 מ""ל",false,,8.90,0.0178,true,1,31581
7290003643738,false,סוגת חיטה 500 גרם,האי נאם סי או אל.טי.,IL,חיטה סוגת 500 גר,,500.00,100 גרם,false,,6.90,0.0138,true,1,31582
7290003643745,false,סוגת כוסמת 500 גרם,האי נאם סי או אל.טי.,IL,כוסמת סוגת 500גר,,500.00,100 גרם,false,,8.90,0.0178,true,1,31583
7290003643752,false,עדשים ירוקים יבש סוגת 500 גר',האי נאם סי או אל.טי.,IL,עדשים ירוקים סוגת 50,,500.00,"100 מ""ל",false,,8.90,0.0178,true,1,31584
7290003643769,false,עדשים אדומים יבש סוגת 500 גר',"סוגת תעשיות בע""מ",IL,עדשים אדומים סוגת 50,,500.00,"100 מ""ל",false,,8.90,0.0178,true,1,31585
7290003643776,false,"פופקורן גרעינים סוגת 500 ג' כשל""פ",האי נאם סי או אל.טי.,IL,פופקורן סוגת 500 גר,,500.00,"100 מ""ל",false,,6.90,0.0138,true,1,31586
7290003643783,false,קוקוס סוגת 100 גרם,האי נאם סי או אל.טי.,IL,קוקוס סוגת 100 גר,,100.00,100 גרם,false,,4.90,0.0490,true,1,31587
7290003643806,false,שעועית לבנה יבשה סוגת 500 ג',האי נאם סי או אל.טי.,IL,שעועית לבנה סוגת 500,,500.00,"100 מ""ל",false,,10.90,0.0218,true,1,31589
7290003643813,false,שעועית אדומה יבשה סוגת 500 גר',האי נאם סי או אל.טי.,IL,שעועית אדומה סוגת 50,,500.00,"100 מ""ל",false,,10.90,0.0218,true,1,64939
7290003643820,false,חומוס ענק יבש סוגת 500 גרם,Unknown,,חומוס ענק סוגת 500גר,,500.00,"100 מ""ל",false,,12.90,0.0258,true,1,31591
7290003681334,false,קוקוס טחון 400 גרם ב,מיה,IL,קוקוס מיה 400גרם,,400.00,"100 מ""ל",false,,11.90,0.0298,true,1,68510
7290003681532,false,דובדבנים מסוכרים 80 גר' מיה,מיה תעשיות מזון,IL,דובדבנים מסוכרים 80,,80.00,100 גרם,false,,7.90,0.0988,true,1,68511
7290003726615,false,טופו הבית משק ויילר,הדקלאים אגודת שיתופי,IL,טופו ויילר 300 גרם ש,,300.00,"100 מ""ל",false,,12.90,0.0430,true,1,84394
7290003796472,false,פילה מדומה מס 6 קפוא,,,פילה מדומה מס 6 קפוא,קילוגרמים,1.00,"ק""ג",true,,39.90,39.9000,true,1,103692
7290003796656,false,חזה בקר מס 3 מוכשר ק,,,חזה בקר מס 3 מוכשר ק,קילוגרמים,1.00,"ק""ג",true,,34.90,34.9000,true,1,101319
7290003796700,false,שריר הזרוע מס 8 מוכש,,,שריר הזרוע מס 8 מוכש,קילוגרמים,1.00,"ק""ג",true,,29.90,29.9000,true,1,100474
7290003796793,false,בשר ראש מוכשר קפוא,,,בשר ראש מוכשר קפוא,קילוגרמים,1.00,"ק""ג",true,,59.90,59.9000,true,1,100478
7290003804252,false,תיבולית בנוסח הודי 72 ג' קנור,יוניליוור ישראל מזון,IL,תיבולית הודי קנור 72,,72.00,"100 מ""ל",false,,10.90,0.1514,true,1,27369
7290003882922,false,עלי גפן ממולאים באורז ויליפוד 400ג',הזה פלאקספו פוד קו ב,CN,עלי גפן ממולא 400 גר,,400.00,100 גרם,false,,9.90,0.0248,true,1,25227
7290003976607,false,ג'ל אקונומיקה סמיכה לבנדר 4 ל' טאצ',,,אקונומיקה סמיכה טאצ',ליטרים,4000.00,ליטר,false,,10.90,0.0027,true,1,99352
7290003976614,false,גל אקונומיקה סמיכה פרחים טאצ' לבנדר 4 ל',,,אקונומיקה סמיכה טאצ',ליטרים,4000.00,ליטר,false,,10.90,0.0027,true,1,99353
7290003976706,false,דלי מטליות לניקוי וח,,,דלי מטליות לחיטוי מש,יחידה,0.00,יחידה,false,,29.90,0.0000,true,1,98294
7290003976768,false,"מרסס מסיר כתמים אוקסי פאואר 750 מ""ל טאצ'",,,טאצ' מרסס מסיר כתמים,,750.00,"100 מ""ל",false,,10.00,0.0133,true,1,99354
7290003989096,false,סלט חציל פיקנטי אחלה,מיוצר עי קונדיטוריית,IL,חציל פיקנטי אחלה 500,,500.00,"100 מ""ל",false,,16.90,0.0338,true,1,33338
7290003989539,false,לורנצו רביולי במילוי גבינה,מיוצר עי קונדיטוריית,IL,רביולי גבינה שטראוס,,400.00,"100 מ""ל",false,,21.90,0.0547,true,1,33339
7290003989553,false,"פסטה טורטליני פטריות, 400 גרם",מיוצר עי קונדיטוריית,IL,טורטליני פטריות שטרא,,400.00,"100 מ""ל",false,,21.90,0.0547,true,1,33340
7290004014407,false,סוכריות M&M בוטנים 46 ג',מרס נדרלנד,,M&M שוקולד חמאת בוטנ,,46.00,"100 מ""ל",false,,4.90,0.1065,true,1,56202
7290004030216,false,פריניב נקטר חמוציות 1ליטר,פריניב בעמ,IL,מיץ חמוציות 1 ליטר,,1000.00,"100 מ""ל",false,,12.90,0.0129,true,1,45191
7290004030544,false,פריניב מיץ לימונדה לואיזה ולמון גראס 1 ליטר,,,מיץ לימונענע 1 ליטר,,1000.00,100 גרם,false,,12.90,0.0129,true,1,37514
7290004033705,false,הבורגריה – 6 לחמניות המבורגר בשקית,מאפית י את א ברמן בע,IL,לחמניות המבורגר ביג,,600.00,100 גרם,false,,14.90,0.0248,true,1,102843
7290004033712,false,לחם עננים מקמח מלא עם פרוסות עבות,מאפית י את א ברמן בע,IL,לחם עננים מקמח מלא 7,,750.00,"100 מ""ל",false,,15.90,0.0212,true,1,102841
7290004033729,false,לחם עננים מקמח כוסמין עם פרוסות עבות,מאפית י את א ברמן בע,IL,לחם עננים כוסמין 750,,750.00,"100 מ""ל",false,,15.90,0.0212,true,1,102842
7290004033736,false,"עננים לחם לבן בסגנון בריוש עם פרוסות עבות, 500 גרם",מאפית י את א ברמן בע,IL,לחם עננים סגנון בריו,,500.00,100 גרם,false,,15.90,0.0318,true,1,104260
7290004061449,false,שף העוף שניצל אמרקאי 700 גר,,,שניצל אמרקאי 700גר,,700.00,100 גרם,false,,11.90,0.0170,true,1,46883
7290004061463,false,שניצל עוף אמיתי שומש,,,שניצל עוף אמיתי שומש,,700.00,"100 מ""ל",false,,28.90,0.0413,true,1,46885
7290004061487,false,טבעות עוף 700 גר,,,טבעות עוף 700גר,,700.00,"100 מ""ל",false,,15.90,0.0227,true,1,46887
7290004061494,false,נגיסי עוף 700 גר,,,נגיסי עוף 700גר,,700.00,"100 מ""ל",false,,15.90,0.0227,true,1,46884
7290004063016,false,מלח שולחן מעולה דק 1,האי נאם סי או אל.טי.,IL,מלח שולחן 1קג,,1000.00,"100 מ""ל",false,,1.90,0.0019,true,1,35284
7290004063115,false,"מלח מטבח עבה להמלחת בשר ובישול 1 ק""ג",האי נאם סי או אל.טי.,IL,מלח למליחות בשר וביש,,1000.00,"100 מ""ל",false,,1.90,0.0019,true,1,35285
7290004064174,false,"תבלין מלח ההימלאיה דק בצנצנת 1 ק""ג",מלח הארץ,IL,מלח ההימלאיה דק בצנצ,,1000.00,100 גרם,false,,17.90,0.0179,true,1,78568
7290004064280,false,מלח מופחת נתרן צנצנת 600 גרם,חברת מלח הארץ אילת ב,IL,מלח מופחת נתרן צנצנת,,600.00,100 גרם,false,,18.90,0.0315,true,1,99307
7290004064303,false,מלח אטלנטי בצנצנת 800 ג',מולינו ניקולי s.p.a,IL,מלח אטלנטי בצנצנת 80,,800.00,"100 מ""ל",false,,17.90,0.0224,true,1,107194
7290004064365,false,מלח הארץ דק מועשר בי,,IL,מלח דק מועשר ביוד בק,,1000.00,"100 מ""ל",false,,6.90,0.0069,true,1,99305
7290004064389,false,מלח הימלאיה דק מלחייה 250 ג',,,מלח הימלאיה דק מלחיי,,250.00,100 גרם,false,,9.90,0.0396,true,1,102010
7290004068035,false,"איירן יוגורט לשתייה 3% גד 500 מ""ל","מיוצר ע""י קוד יצרן M",IL,אירן משקה יוגורט 500,,500.00,100 גרם,false,,8.50,0.0170,true,1,47729
7290004068172,false,"יוגורט עיזים בדלי 5% 600 מ""ל רובין",קוד יצרן MKN,IL,יוגורט עיזים 5% גד 6,,600.00,"100 מ""ל",false,,18.70,0.0312,true,1,51660
7290004068424,false,גבינה גאודה משולשים,מחלבות גד,IL,גאודה בקר30% מחלבות,קילוגרמים,1.00,"ק""ג",true,,119.00,119.0000,true,1,78442
7290004078270,false,נוזל כלים פלמוליב צילינדר לימון 1 ליטר,יבואן ומשווק: ש. שסט,GR,פלמוליב לכלים לימון,,1000.00,100 גרם,false,,14.90,0.0149,true,1,29185
7290004078942,false,ליידי ספיד סטיק - דאודורנט ג'ל לאישה 65 גרם,קולגייט פלמוליב,US,ליידי ספיד סטיק 24/7,,65.00,100 גרם,false,,19.90,0.3062,true,1,29191
7290004091248,false,וזלין פטרוליום אינטנסיב קאר ג'ל 106 גר',"יוניליוור ארה""ב, ג'ו",US,וזלין אינטנסיב קאר פ,,106.00,100 גרם,false,,14.90,0.1406,true,1,27440
7290004091255,false,"ואזלין פטרוליום ג'ל 225מ""ל","יוניליוור ארה""ב, ג'ו",IL,וזלין אינטנסיב קאר פ,,225.00,100 גרם,false,,19.90,0.0884,true,1,27441
7290004119133,false,כד יוגורט תנובה 6.5% שומן 1.5 ליטר,מיוצר עי קונדיטוריית,IL,יוגורט 7% תנובה 1.5,,1500.00,"100 מ""ל",false,,18.90,0.0126,true,1,30270
7290004119225,false,יוגורט אננס 3% שומן 150 ג' יופלה,תנובה מרכז שיתופי לש,IL,יופלה אננס 3% 150גר,,150.00,"100 מ""ל",false,,5.20,0.0347,true,1,30271
7290004119928,false,מעדן וניל גביע 1.5% שומן 125 ג' קרלו,מחלבת אלון תבור,IL,קרלו וניל 1.5% 125גר,,125.00,"100 מ""ל",false,,3.10,0.0248,true,1,30273
7290004119973,false,מעדן שוקו 1.5% שומן 125 ג' קרלו,תנובה מרכז שיתופי לש,IL,קרלו שוקולדה 1.5% 12,,125.00,"100 מ""ל",false,,3.10,0.0248,true,1,30274
7290004120061,false,קרלו שוקולד וניל 125,תנובה מרכז שיתופי לש,IL,קרלו שוניל 1.5% 125מ,,125.00,100 גרם,false,,3.10,0.0248,true,1,30275
7290004120566,false,גבינה בולגרית 24% 250 ג' פיראוס,קריות זול,IL,בולגרית 24% פיראוס,,250.00,"100 מ""ל",false,,24.90,0.0996,true,1,30278
7290004120573,false,גבינה בולגרית %16 250 ג' פיראוס,תנובה מרכז שיתופי לש,IL,בולגרית בקר 16% פירא,,250.00,"100 מ""ל",false,,24.90,0.0996,true,1,30279
7290004120634,false,גבינה בולגרית %5 250 ג' פיראוס,תנובה מרכז שיתופי לש,IL,פיראוס בולגרית 5% 25,,250.00,יח',false,,24.90,0.0996,true,1,30280
7290004121488,false,יופלה דיאט אפרסק 0% גביע 150 ג',תנובה מרכז שיתופי לש,IL,יופלה דיאט אפרסק 0%,,150.00,"100 מ""ל",false,,5.20,0.0347,true,1,30284
7290004121525,false,יופלה מאגדת פרי 4 תות 4 אפרסק 3% 8 יח'*150 ג',תנובה מרכז שיתופי לש,IL,יופלה אפרסק תות 3% 8,,1200.00,"100 מ""ל",false,,31.50,0.0263,true,1,30285
7290004121754,false,יוגורט עוגת גבינה ותות 3% שומן 150 ג' יופלה,תנובה בעמ,IL,יופלה קרם גבינה ותות,,150.00,"100 מ""ל",false,,5.20,0.0347,true,1,30287
7290004121853,false,גבינה בולגרית בקוביות %5 200 ג' פיראוס,תנובה מרכז שיתופי לש,IL,פיראוס קוביות בולגרי,,200.00,"100 מ""ל",false,,22.50,0.1125,true,1,30290
7290004122119,false,פתיתי פרמזן לפסטה %23 100 ג' השף הלבן,פ.פ.ח. שאביט,IL,פתיתי פרמזן לפסטה 10,,100.00,"100 מ""ל",false,,13.90,0.1390,true,1,30293
7290004122195,false,"גבינת גוש חלב פרוס 28%, כשרות מהדרין, 200 ג'",קריות זול,IL,גבינה גוש חלב פרוס 2,,200.00,"100 מ""ל",false,,14.90,0.0745,true,1,30294
7290004122270,false,גבינה צהובה פרוס בקופסא %28 200 ג' עמק,תנובה מרכז שיתופי לש,IL,גבינה צהובה עמק 28%,,200.00,יח',false,,17.50,0.0875,true,1,30295
7290004122348,false,עמק לייט 9% פרוס בקופסא,תנובה מרכז שיתופי לש,IL,גבינה צהובה מופחתת ש,,200.00,יח',false,,18.70,0.0935,true,1,30297
7290004122607,false,עמק לייט חריץ 9% תנו,תנובה מרכז שיתופי לש,,עמק לייט חריץ 9% תנו,קילוגרמים,1.00,"ק""ג",true,,76.00,76.0000,true,1,30000
7290004122676,false,גבינת חמד לייט 5% פיראוס 250 ג',"תנובה,מחלבת טנא נוגה",IL,פיראוס חמד 5% 250 גר,,250.00,יח',false,,18.90,0.0756,true,1,30300
7290004122683,false,חטיף גבינת אצבעות 28% 172 ג' עמק,תנובה מרכז שיתופי לש,IL,אצבעות גבינה צהובה ע,,172.00,"100 מ""ל",false,,17.90,0.1041,true,1,30301
7290004124205,false,יוגורט דיאט תות %0 שומן 150 ג' יופלה,תנובה מרכז שיתופי לש,IL,יופלה דיאט תות 0% 15,,150.00,"100 מ""ל",false,,5.20,0.0347,true,1,30308
7290004124847,false,"קצפת צמחית השף הלבן 500 מ""ל תנובה",תנובה מרכז שיתופי לש,IL,קצפת צמחית 24% 500מל,,500.00,100 גרם,false,,16.70,0.0334,true,1,30309
7290004125370,false,שמנת חמוצה מופחתת שומן 9%,תנובה מרכז שיתופי לש,IL,שמנת קלה 9% 200מל תנ,,200.00,100 גרם,false,,4.00,0.0200,true,1,30312
7290004125400,false,"שלי אשל 4.5% תנובה 200מ""ל מהדרין",פארייפאבה אגרואינדוס,IL,אשל 4.5% מהדרין תנוב,,200.00,100 גרם,false,,1.69,0.0084,true,1,30313
7290004125417,false,"שלי גיל 3% תנובה 200מ""ל מהדרין",תנובה מרכז שיתופי לש,IL,גיל 3% מהדרין תנובה,,200.00,100 גרם,false,,1.51,0.0076,true,1,30314
7290004125455,false,**תנובה שמנת אורגינל מהדרין 15% 200מל,תנובה מרכז שיתופי לש,IL,שמנת חמוצה 15% מהדרי,,200.00,100 גרם,false,,2.40,0.0120,true,1,30315
7290004125462,false,"שמנת אורגינל 15% מהדרין 500 מ""ל",תנובה מרכז שיתופי לש,IL,שמנת חמוצה 15% מהדרי,,500.00,"100 מ""ל",false,,6.00,0.0120,true,1,30316
7290004125509,false,"שמנת 15% חצי מנה 100 מ""ל תנובה",תנובה מרכז שיתופי לש,IL,שמנת חצי מנה 15% תנו,,100.00,100 גרם,false,,2.10,0.0210,true,1,30317
7290004125578,false,משקה סויה מעושר בסידן תנובה 1ל',תנובה מרכז שיתופי לש,IL,משקה סויה מועשר בסיד,,1000.00,100 גרם,false,,10.90,0.0109,true,1,30318
7290004125585,false,משקה סויה וניל תנובה E אלטרנטיב,תנובה מרכז שיתופי לש,IL,משקה סויה על הבוקר ת,,1000.00,100 גרם,false,,11.90,0.0119,true,1,30319
7290004125721,false,"שמנת לבישול 15% שומן 250 מ""ל תנובה",תנובה מרכז שיתופי לש,IL,שמנת לבישול 15% 250מ,,250.00,100 גרם,false,,9.30,0.0372,true,1,30321
7290004125738,false,שמנת מתוקה עמידה להקצפה 32% השף הלבן,תנובה מרכז שיתופי לש,IL,שמנת להקצפה 32% 250מ,,250.00,100 גרם,false,,7.20,0.0288,true,1,30322
7290004125776,false,גבינה צהובה 28% שומן 400 ג' עמק,קריות זול,IL,גבינה צהובה עמק 28%,,400.00,יח',false,,31.90,0.0797,true,1,30323
7290004126759,false,יופלה דיאט פירות יער %0 גביע 150 ג',תנובה בעמ,IL,יופלה דיאט פירות יער,,150.00,"100 מ""ל",false,,5.20,0.0347,true,1,30326
7290004126872,false,משקאות חלב תנובה שוקו בקבוק 250מל,קריות זול,IL,שוקו תנובה בקבוק 250,,250.00,100 גרם,false,,5.90,0.0236,true,1,30327
7290004127077,false,קוטג' 3% שומן 250 ג' תנובה,מיוצר עי קונדיטוריית,IL,גבינת קוטג׳ 3% תנובה,,250.00,יח',false,,5.90,0.0236,true,1,30328
7290004127329,false,קוטג' 5% תנובה 250ג' מהדרין,מיוצר עי קונדיטוריית,IL,גבינת קוטג׳ 5% תנובה,,250.00,יח',false,,5.90,0.0236,true,1,30330
7290004127336,false,קוטג' 9% תנובה 250 ג' הדרין,מיוצר עי קונדיטוריית,IL,גבינת קוטג׳ 9% תנובה,,250.00,יח',false,,5.90,0.0236,true,1,30331
7290004127800,false,גבינה לבנה 5% שומן 500 ג' תנובה,מיוצר עי קונדיטוריית,IL,גבינה לבנה 5% תנובה,,500.00,יח',false,,9.96,0.0199,true,1,30333
7290004127817,false,גבינה לבנה 9% שומן 500 ג' תנובה,מיוצר עי קונדיטוריית,IL,גבינה לבנה 9% תנובה,,500.00,יח',false,,10.40,0.0208,true,1,30334
7290004127862,false,**תנובה גבינה למריחה מהדרין 5% 750ג,תנובה מרכז שיתופי לש,IL,גבינה לבנה 5% תנובה,,750.00,יח',false,,14.94,0.0199,true,1,30335
7290004128333,false,לאבנה על בסיס יוגורט %9 שומן 500 ג' פיראוס,קריות זול,IL,לאבנה גביע %9 500גר,,500.00,100 גרם,false,,20.90,0.0418,true,1,30344
7290004128340,false,קרם גבינת שמנת %5 בטעם טבעי 200 ג' תנובה,קריות זול,IL,גבינת שמנת בטעם טבעי,,200.00,"100 מ""ל",false,,12.00,0.0600,true,1,30345
7290004128364,false,קרם גבינת שמנת 5% עם זיתים ירוקים 200 ג' תנובה,"תנובה, מחלבת תל יוסף",IL,גבינת שמנת בטעם זיתי,,200.00,100 גרם,false,,12.00,0.0600,true,1,30346
7290004128432,false,פתיתים מיוחדים לפיצה על בסיס גבינה 500 ג',תנובה,IL,פתיתי גבינה מותכת הש,,500.00,100 גרם,false,,24.90,0.0498,true,1,30347
7290004129101,false,גבינת שמנת 25% בטעם טבעי 225 ג' נפוליאון,תנובה מרכז שיתופי לש,IL,גבינת נפוליאון בטעם,,225.00,"100 מ""ל",false,,14.50,0.0644,true,1,30349
7290004129118,false,גבינת שמנת 24% עם זיתים ירוקים 225 ג' נפוליאון,תנובה מרכז שיתופי לש,IL,גבינת נפוליאון בטעם,,225.00,100 גרם,false,,14.50,0.0644,true,1,30350
7290004129156,false,גבינת שמנת25% עם שום שמיר 225 ג' נפוליאון,תנובה מרכז שיתופי לש,IL,גבינת נפוליאון שום ש,,225.00,"100 מ""ל",false,,14.50,0.0644,true,1,30351
7290004129545,false,גבינה לבנה 3% שומן 250 ג' תנובה,מחלבת אלון תבור,IL,גבינה לבנה 3% תנובה,,250.00,100 גרם,false,,5.20,0.0208,true,1,30352
7290004129736,false,יוגורט במתיקות מעודנת 1.5% שומן 200 ג' יופלה,תנובה מרכז שיתופי לש,IL,יופלה קרם יוגרט מעוד,,200.00,"100 מ""ל",false,,4.70,0.0235,true,1,30354
7290004129767,false,יופלה לבן טבעי מאגדת 3% 8*150מל,מחלבת אלון תבור,IL,יופלה לבן מאגדת שמינ,,1200.00,"100 מ""ל",false,,18.90,0.0157,true,1,30355
7290004130695,false,משקאות חלב תנובה אייס קפה בבקבוק 1ל,תנובה מרכז שיתופי לש,IL,אייס קפה משקה חלב תנ,,1000.00,100 גרם,false,,13.90,0.0139,true,1,30356
7290004130794,false,משקה סויה טבעי במתיקות מופחתת 1 ליטר,תנובה מרכז שיתופי לש,IL,משקה סויה מועשר 1 לי,,1000.00,100 גרם,false,,11.90,0.0119,true,1,30357
7290004130916,false,יוגורט 3% פירות יער בשמנת 150 ג' יופלה,תנובה מרכז שיתופי לש,IL,יופלה בטעם פירות יער,,150.00,"100 מ""ל",false,,5.20,0.0347,true,1,30360
7290004131074,false,**חלב תנובה טרי מהדרין קרטון 3% 1ל,תנובה מרכז שיתופי לש,IL,חלב 3% מהדרין תנובה,,1000.00,"100 מ""ל",false,,6.23,0.0062,true,1,30363
7290004131456,false,יוגורט ביו 1.5% שומן 200 ג' יופלה,מיוצר עי קונדיטוריית,IL,יופלה לבן 1.5% 200מל,,200.00,100 גרם,false,,4.20,0.0210,true,1,30369
7290004131814,false,גבינה צפתית 5% מעודנת 200 ג' פיראוס,פארייפאבה אגרואינדוס,IL,פיראוס צפתית 5% מעוד,,200.00,יח',false,,15.90,0.0795,true,1,30376
7290004131845,false,גבינת לאבנה 9% שומן 750 ג' פיראוס,תנובה מרכז שיתופי לש,IL,לאבנה גביע 9% 750גר,,750.00,"100 מ""ל",false,,24.50,0.0327,true,1,30377
7290004132552,false,משקה סויה לייט בטעם טבעי טרי 1 ליטר,תנובה מרכז שיתופי לש,IL,משקה סויה דיאט וניל,,1000.00,100 גרם,false,,11.90,0.0119,true,1,30383
7290004132712,false,חטיף אצבעות גבינת מוצרלה 20% 172 ג' עמק,תנובה מרכז שיתופי לש,IL,אצבעות גבינת מוצרלה,,172.00,יח',false,,17.90,0.1041,true,1,30387
7290004133511,false,יופלה מאגדת לבן 1.5% מעודן 8 יח' * 150 ג',מחלבת אלון תבור,IL,יוגורט לבן מעודן מאר,,1200.00,"100 מ""ל",false,,21.90,0.0182,true,1,30393
7290004135058,false,מאגדת קרלו מיני שוקולד 8 יח' * 100 ג',תנובה מרכז שיתופי לש,IL,קרלו מיני שוקולד 8*1,,800.00,"100 מ""ל",false,,14.90,0.0186,true,1,30403
7290004135072,false,"מאגדת קרלו מיני 8*100 גרם שוקולד בד""צ",תנובה מרכז שיתופי לש,IL,קרלו מיני שוקולד בדץ,,800.00,"100 מ""ל",false,,14.90,0.0186,true,1,30405
7290004135119,false,"מאגדת קרלו מיני 8*100 גרם וניל בד""צ",תנובה מרכז שיתופי לש,IL,קרלו מיני וניל בדץ 8,,800.00,"100 מ""ל",false,,14.90,0.0186,true,1,30407
7290004135225,false,מעדן תנובה דיאט שוקולדה 0% 150מל,תנובה מרכז שיתופי לש,IL,מעדן תנובה דיאט שוקו,,150.00,100 גרם,false,,4.30,0.0287,true,1,30412
7290004135614,false,גבינה בולגרית מעודנת 5% 250 ג' פיראוס,קריות זול,IL,פיראוס בולגרית מעודנ,,250.00,יח',false,,24.90,0.0996,true,1,30416
7290004136598,false,מארז הפסקת אוכל עם קורנפלקס ומשקה חלב עמיד בטעם וניל,פארייפאבה אגרואינדוס,IL,הפסקת אוכל חלב ודגני,,150.00,100 גרם,false,,9.90,0.0660,true,1,30435
7290004136857,false,מעדן גלי בטעם פטל 12,תנובה מרכז שיתופי לש,IL,ג'לי תנובה פטל 125גר,,125.00,"100 מ""ל",false,,2.60,0.0208,true,1,30437
7290004136864,false,ג'לי תנובה אננס עם חתיכות אננס 125מל,קריות זול,IL,ג'לי תנובה אננס עם ח,,125.00,"100 מ""ל",false,,3.00,0.0240,true,1,30438
7290004136871,false,ג'לי תנובה אפרסק עם חתיכות אפרסק 125מל,תנובה מרכז שיתופי לש,IL,ג'לי תנובה אפרסק עם,,125.00,"100 מ""ל",false,,3.00,0.0240,true,1,30439
7290004137021,false,"שמנת לבישול 10% עמיד השף הלבן 250 מ""ל",תנובה מרכז שיתופי לש,IL,שמנת לבישול 10% 250מ,,250.00,100 גרם,false,,9.30,0.0372,true,1,30441
7290004137311,false,עמק לייט משפחתית 9% 400ג-ועדת מהדרין,תנובה,IL,גבינה צהובה עמק ליי,,400.00,יח',false,,31.90,0.0797,true,1,30446
7290004137809,false,לאבנה 5% שומן 250 ג' פיראוס,"תנובה, מחלבת אלון תב",IL,לאבנה 5% 250גר פיראו,,250.00,"100 מ""ל",false,,13.50,0.0540,true,1,30450
7290004146986,false,"נקה 7 - שמפו צבוע כתום 750 מ""ל",אמיליה קוסמטיקס,IL,נקה 7 שמפו לשיער צבו,,750.00,100 גרם,false,,12.90,0.0172,true,1,32632
7290004146993,false,"מרכך לשיער צבוע כתום 750 מ""ל נקה 7",אמיליה קוסמטיקס,IL,נקה 7 מרכך לשיער צבו,,750.00,100 גרם,false,,12.90,0.0172,true,1,32633
7290004194185,false,עוף קפוא מס' 2 בשקית מחפוד,,,עוף מסי2 קפוא ארוז מ,קילוגרמים,1.00,"ק""ג",true,,22.90,22.9000,true,1,41517
7290004194208,false,כרעיים עוף חלק רב מחפוד קפוא,,,כרעיים עוף מחפוד קפו,קילוגרמים,1.00,"ק""ג",true,,29.90,29.9000,true,1,41518
7290004194239,false,מחפוד-חזה עוף קפוא מהדרין,,,חזה עוף מחפוד קפוא,קילוגרמים,1.00,"ק""ג",true,,29.90,29.9000,true,1,41519
7290004194253,false,כנפיים עוף קפוא ארוז חלק מחפוד.,,,כנפיים עוף קפוא ארוז,קילוגרמים,1.00,"ק""ג",true,,11.90,11.9000,true,1,41520
7290004194284,false,מחפוד - פרגיות עוף קפוא מהדרין,,,פרגיות עוף ארוז מחפו,קילוגרמים,1.00,"ק""ג",true,,74.90,74.9000,true,1,50253
7290004194307,false,כבד עוף ארוז מחפוד ק,,,כבד עוף ארוז מחפוד ק,קילוגרמים,1.00,"ק""ג",true,,29.90,29.9000,true,1,48929
7290004194314,false,עוף ירושלים לבבות עוף קפוא ארוז חלק,,,לבבות עוף קפוא ארוז,קילוגרמים,1.00,"ק""ג",true,,34.90,34.9000,true,1,97250
7290004199203,false,קיסמ' שיניים מבמבוק מלחיה 300 יח',הדקלאים אגודת שיתופי,CN,קיסמי שיניים מבמבוק,,300.00,יח',false,,3.90,0.0130,true,1,32269
7290004200077,false,שקית פרסים 2,,,שקית פרסים 2,יחידה,0.00,יחידה,false,,7.90,0.0000,true,1,49607
7290004200930,false,זיקוקים זהב 2 זוגות,שמחה זה אנחנו,,זיקוק עבה 2 בשקית,יחידה,0.00,יחידה,false,,8.90,0.0000,true,1,29464
7290004219079,false,לבבות דקל פרוסות ויליפוד400 גר',אלימנטוס אי קונסרבס,EC,לבבות דקל חתוך 400גר,,400.00,"100 מ""ל",false,,11.90,0.0298,true,1,25228
7290004219284,false,וילי פוד אנשובי עגול בדץ 80ג,קונסרבאס פרדו,IT,אנשובי עגול 80גר,,80.00,"100 מ""ל",false,,12.90,0.1613,true,1,25230
7290004255305,false,נר נשמה שבועי בפלסטיק,,,נר נשמה בכוס פלסטיק,יחידה,0.00,יחידה,false,,9.90,0.0000,true,1,103321
7290004255428,false,נר נשמה 24 שעות - מנורה,מנורה,IL,נר נשמה מנורה פחית 2,יחידה,0.00,יחידה,false,,1.90,0.0000,true,1,97796
7290004257217,false,מגן פמוט 50 יח' בקופסא מנורה,,,מגן פמוט 50 יח בקופס,יחידה,0.00,יחידה,false,,8.90,0.0000,true,1,48530
7290004267049,false,עוגיות ריבועיות מיני שוקו וניל ברמן 200 גרם,,,עוגיות מיני ריבועיות,,200.00,"100 מ""ל",false,,6.90,0.0345,true,1,76462
7290004267087,false,עוגיות מצופות כרמל ברמ בשקית 200 גר',,,עוגיות מצופות שוקולד,,200.00,"100 מ""ל",false,,6.90,0.0345,true,1,76463
7290004267124,false,עוגיות במילוי תות שדה ברמן 200ג',קריות זול,,עוגיות ממולאות בטעמי,,200.00,"100 מ""ל",false,,6.90,0.0345,true,1,76464
7290004267209,false,עוגיות לקפה בשקית 200ג',,,עוגיות לקפה ברמן 200,,200.00,100 גרם,false,,6.90,0.0345,true,1,76465
7290004267216,false,עוגיות ברמן ריבה בשקית 200 גר',,,עוגיות ריבה ברמן 200,,200.00,"100 מ""ל",false,,6.90,0.0345,true,1,76466
7290004267636,false,עוגיות ברמן לקפה 600 גר',,,עוגיות לקפה ברמן 600,,600.00,100 גרם,false,,15.90,0.0265,true,1,76452
7290004419134,false,עוגת ברון אוכמניות 5,ברון מפעל לייצור עוג,,עוגת ברון אוכמניות 5,,500.00,"100 מ""ל",false,,35.90,0.0718,true,1,88530
7290004419141,false,עוגת ברון דובדבן בשו,ברון מפעל לייצור עוג,,עוגת ברון דובדבן בשו,,500.00,100 גרם,false,,35.90,0.0718,true,1,88531
7290004419165,false,עוגת ברון קרם ברולה,ברון מפעל לייצור עוג,,עוגת ברון קרם ברולה,,500.00,"100 מ""ל",false,,35.90,0.0718,true,1,88532
7290004419370,false,עוגת ברון עדינה ווני,ברון מפעל לייצור עוג,,עוגת ברון עדינה ווני,,400.00,"100 מ""ל",false,,35.90,0.0897,true,1,88533
7290004419394,false,עוגת ברון עדינה שוקו,ברון מפעל לייצור עוג,,עוגת ברון עדינה שוקו,,400.00,100 גרם,false,,35.90,0.0897,true,1,88534
7290004456283,false,אנטריקוט עגל פריים,,,אנטריקוט עגל פריים,קילוגרמים,1.00,"ק""ג",true,,149.00,149.0000,true,1,102773
7290004480332,false,גבינה גאודה קשה מחלב,מחלבות גד,IL,גאודה בקר30% מחלבות,קילוגרמים,1.00,"ק""ג",true,,119.00,119.0000,true,1,105254
7290004480363,false,"קאשקבל גלגל גד לק""ג",מחלבת גד,IL,*מבצע* קאשקבל מחלבות,קילוגרמים,1.00,"ק""ג",true,,125.00,125.0000,true,1,105258
7290004532024,false,פיצוחי הטיב חמניה קלוף טבעי 200ג בשקית,דין שיווק,,חמניה קלוף טבעי 200ג,,200.00,"100 מ""ל",false,,5.90,0.0295,true,1,34622
7290004532048,false,גרעיני דלעת קלויים ומומלחים 200 גר',דין שיווק,,גרעין לבן 200גר,,200.00,"100 מ""ל",false,,7.90,0.0395,true,1,34624
7290004532062,false,הטיב גרעיני אבטיח 200ג בשקית,דין שיווק,,גרעיני אבטיח 200גר,,200.00,"100 מ""ל",false,,12.90,0.0645,true,1,34625
7290004532093,false,הטיב בוטנים בקליפה 250ג בשקית,g&g,,בוטנים בקליפה 250גר,,250.00,"100 מ""ל",false,,7.90,0.0316,true,1,34628
7290004532123,false,הטיב פיסטוק חלבי 200ג בשקית,g&g,,פיסטוק חלבי 200גר,,200.00,100 גרם,false,,19.90,0.0995,true,1,34631
7290004532130,false,הטיב בוטן אמריקאי 200ג בשקית,"גיי אנג גי פקאנס בע""",IL,בוטן אמריקאי 200גר,,200.00,100 גרם,false,,4.90,0.0245,true,1,34632
7290004532147,false,הטיב קבוקים 200ג בשקית,"גיי אנג גי פקאנס בע""",IL,קבוקים 200גר,,200.00,"100 מ""ל",false,,4.90,0.0245,true,1,34633
7290004532161,false,אלמנדוס 200 גרם הטיב בשקית,יושלם,,חטיף מנצס 200גר,,200.00,100 גרם,false,,8.90,0.0445,true,1,34634
7290004532383,false,הטיב פקאן טבעי בשקית 250ג בשקית,דין שיווק,,פקאן טבעי במגש 200גר,,200.00,100 גרם,false,,24.90,0.1245,true,1,34648
7290004532390,false,אגוז מלך טבעי קלוף 200 גר' בשקית,דין שיווק,,אגוזי מלך בשקית 200ג,,200.00,"100 מ""ל",false,,17.90,0.0895,true,1,34649
7290004532574,false,הטיב גרעין שחור 200ג בשקית,"גיי אנג גי פקאנס בע""",IL,גרעין שחור 200גר,,200.00,100 גרם,false,,5.90,0.0295,true,1,34658
7290004532581,false,הטיב בוטנים קלויים 200ג בשקית,g&g,,בוטנים קלויים 200גר,,200.00,"100 מ""ל",false,,6.90,0.0345,true,1,34659
7290004575007,false,טילון וניל וופך ושברי אגוז ריאו מארז 70X5ג',"גלידות ריאו ביח""ר לג",IL,טילונים ריאו חמישייה,יחידה,0.00,יחידה,false,,15.90,0.0000,true,1,35341
7290004575069,false,גלידה מיניס חטיפים וניל ציפוי שוקו' ופצפוצי נ.חיטה ריאו מארז 32יח',"גלידות ריאו ביח""ר לג",IL,חטיפי גלידה מיניס בט,,700.00,"100 מ""ל",false,,34.90,0.0499,true,1,35342
7290004575335,false,ארטיק מגיק מיני וניל ציפוי שוקו' ופצפוצי נ.חיטה ריאו מארז 45X8ג'באריזה,"גלידות ריאו ביח""ר לג",IL,שלגונים מיני מגי'ק 8,יחידה,0.00,יחידה,false,,16.90,0.0000,true,1,35349
7290004575373,false,שלגוני ריאו מצופים ש,"גלידות ריאו ביח""ר לג",IL,שלגונים מצופים 6יח,יחידה,0.00,יחידה,false,,14.90,0.0000,true,1,35352
7290004575397,false,גלידה בטעמי מוקה וניל פיסטוק 1.8 ל' ריאו,"גלידות ריאו ביח""ר לג",IL,גלידה טריו חלבי/ילדו,,1800.00,100 גרם,false,,14.90,0.0083,true,1,35353
7290004575403,false,גלידת פרווה בטעמים 1.8 ל' ריאו,"גלידות ריאו ביח""ר לג",IL,גלידה טריו פרווה בטע,,1800.00,"100 מ""ל",false,,14.90,0.0083,true,1,35354
7290004575632,false,קרמבו ריאו בטעם וניל 16יח',"גלידות ריאו ביח""ר לג",IL,קרמבו ריאו 16יח,יחידה,0.00,יחידה,false,,22.90,0.0000,true,1,35357
7290004584306,false,רבעיית גמדים בטעם תות בננה * 100 ג' שטראוס,מיוצר עי קונדיטוריית,IL,גמדים תות בננה 5% מא,,400.00,"100 מ""ל",false,,12.30,0.0308,true,1,33353
7290004584351,false,גבינה במרקם שמנת 5% טבעי 200 ג' סימפוניה,"שטראוס בריאות בע""מ",IL,סימפוניה במרקם שמנת,,200.00,"100 מ""ל",false,,11.90,0.0595,true,1,33354
7290004584528,false,דנונה ביו יוגורט טבעי 1.5% 200 ג',מיוצר עי קונדיטוריית,IL,דנונה ביו 1.5% 200גר,,200.00,"100 מ""ל",false,,3.90,0.0195,true,1,33355
7290004585907,false,דני ועדן וניל 1.5% 125ג' שטראוס,מיוצר עי קונדיטוריית,IL,דני וניל 125 גר,,125.00,"100 מ""ל",false,,2.70,0.0216,true,1,33358
7290004586171,false,תירוש אדום 650מל כרמ,,,תירוש אדום 650מל כרמ,,650.00,100 גרם,false,,13.90,0.0214,true,1,96819
7290004603175,false,מלח הארץ מלחייה גס 500 גרם,תעשיות מלח לישראל,IL,מלח הארץ הים האדום ג,,500.00,100 גרם,false,,9.90,0.0198,true,1,51031
7290004649128,false,צלעות מס'2 מוכשר קפו,,,צלעות מס'2 מוכשר קפו,קילוגרמים,1.00,"ק""ג",true,,39.90,39.9000,true,1,86351
7290004649869,false,דג אמנון בינוני נקי,,,דג אמנון בינוני נקי,קילוגרמים,1.00,"ק""ג",true,,29.90,29.9000,true,1,52269
7290004649982,false,דניס טרי,,,דניס טרי,קילוגרמים,1.00,"ק""ג",true,,69.90,69.9000,true,1,52534
7290004685010,false,לחם 100% שיפון פלוס לחם הארץ 500 גר',מאפית י את א ברמן בע,IL,לחם הארץ שיפון פלוס,,500.00,"100 מ""ל",false,,16.90,0.0338,true,1,45765
7290004685089,false,לחם הארץ לחם חמניות 500 גר',מאפית י את א ברמן בע,IL,לחם הארץ חמניות 500ג,,500.00,100 גרם,false,,16.90,0.0338,true,1,45767
7290004685157,false,לחם שיפון 100% 750 גרם לחם הארץ,מאפית י את א ברמן בע,IL,לחם הארץ שיפון 100%,,750.00,100 גרם,false,,16.90,0.0225,true,1,36000
7290004685430,false,לחם כוסמין לחם הארץ,מאפית י את א ברמן בע,IL,לחם הארץ כוסמין 100%,,500.00,100 גרם,false,,16.90,0.0338,true,1,76739
7290004685447,false,לחמניות כוסמין 6 יחי' 450 גר',מאפית י את א ברמן בע,IL,לחמניות כוסמין 6יח ש,,450.00,"100 מ""ל",false,,13.50,0.0300,true,1,92073
7290004731083,false,כיף - סבון ידיים ג'ינסנג 1 ליטר,טרופיקל דגיל תעשיות,IL,כיף אלסבון ג'נסנג 1ל,,1000.00,"100 מ""ל",false,,13.90,0.0139,true,1,26370
7290004731410,false,סנו סושי כרית קרצוף ירוק שלישיה,קריות זול,IL,סנו סושי כרית קרצוף,יחידה,0.00,יחידה,false,,10.90,0.0000,true,1,26379
7290004731472,false,"אל סבון צבעוני כיף שלישיה* 500 מ""ל",טרופיקל דגיל תעשיות,IL,כיף אל סבון שלישיה צ,,1500.00,"100 מ""ל",false,,21.90,0.0146,true,1,26383
7290004731564,false,"סנו - מקסימה מרסס למייבש כביסה פריחה כחולה 750 מ""ל",סנו,IL,סנו מקסימה למייבש בל,,750.00,"100 מ""ל",false,,19.90,0.0265,true,1,78215
7290004737900,false,וילי פוד חלב מרוכז ממותק397ג,יו.איי.בי מאריג'אמפו,LT,חלב מרוכז ממותק 397,,397.00,"100 מ""ל",false,,11.90,0.0300,true,1,25239
7290004861025,false,בולגרית מעודנת 5%,מחלבת המושבה,IL,בולגרית 5% המושבה,קילוגרמים,1.00,"ק""ג",true,,52.00,52.0000,true,1,92128
7290004861056,false,צפתית/ברינזה 5% המוש,,,צפתית/ברינזה 5% המוש,קילוגרמים,1.00,"ק""ג",true,,44.00,44.0000,true,1,79641
7290004861278,false,שמנת 30% טבעי המושבה,,,שמנת 30% טבעי המושבה,קילוגרמים,1.00,"ק""ג",true,,44.00,44.0000,true,1,66775
7290004861360,false,צפתית 5% המושבה,,,צפתית 5% המושבה,קילוגרמים,1.00,"ק""ג",true,,49.00,49.0000,true,1,86382
7290004944032,false,חומוס שמיר אסלי 400 גר,סלטי שמיר 2006 בעמ,IL,חומוס אסלי 400 גרם,,400.00,"100 מ""ל",false,,13.90,0.0348,true,1,55082
7290004944049,false,טחינה אסלי שמיר 400 ג',סלטי שמיר 2006 בעמ,IL,טחינה אסלי 400גר,,400.00,100 גרם,false,,13.90,0.0348,true,1,55083
7290004944056,false,חציל במיונז אסלי שמיר 400 ג',סלטי שמיר 2006 בעמ,IL,חציל במיונז אסלי 400,,400.00,100 גרם,false,,13.90,0.0348,true,1,55084
7290004944063,false,סלט תורכי אסלי שמיר 400 ג',סלטי שמיר 2006 בעמ,IL,תורכי אסלי 400גר,,400.00,100 גרם,false,,13.90,0.0348,true,1,55085
7290005015465,false,פילה סלמון נורבגי קפ,,,פילה סלמון נורבגי קפ,קילוגרמים,1.00,"ק""ג",true,,79.90,79.9000,true,1,106481
7290005040641,false,"ערמונים טריים כ-1 ק""",,,"ערמונים טריים כ-1 ק""",,1000.00,"100 מ""ל",false,,27.90,0.0279,true,1,92390
7290005068058,false,תירס קל מופחת קלוריות 550 ג' פרי הגליל,"פרי הגליל בע""""מ",IL,תירס קל מופחת קלוריו,,550.00,"100 מ""ל",false,,8.90,0.0162,true,1,36551
7290005084355,false,"סנסודיין - משחת שיניים דואל קר זהב 75 מ""ל",גלקסו סמית קליין,GB,סנסודיין משחת שיניים,,75.00,"100 מ""ל",false,,21.90,0.2920,true,1,35791
7290005111761,false,מזון לכלבים בשר בונז,קריות זול,FR,בונזו בשר 3קג,קילוגרמים,3.00,"ק""ג",false,,54.90,18.3000,true,1,25664
7290005113222,false,זיתים קוקטייל וגמבה יבנה 350ג',קדבורי,IL,זיתים מיקס יבנה 340,,340.00,"100 מ""ל",false,,9.90,0.0291,true,1,35107
7290005174513,false,חציל אחלה במיונז 500 ג' אחלה+ 33% תוספת,מיוצר עי קונדיטוריית,IL,חציל במיונז אחלה 500,,500.00,"100 מ""ל",false,,16.90,0.0338,true,1,33367
7290005174551,false,סלט חומוס עם צנוברים 125 ג' אחלה,מיוצר עי קונדיטוריית,IL,סלט חומוס אחלה 125גר,,125.00,"100 מ""ל",false,,5.30,0.0424,true,1,33368
7290005174568,false,חציל אחלה במיונז 125 גר',"שטראוס גרופ בע""מ",IL,חצילים במיונז יום יו,,125.00,"100 מ""ל",false,,5.30,0.0424,true,1,33369
7290005174575,false,טחינה אחלה יום יום משובחת 125ג',מיוצר עי קונדיטוריית,IL,סלט טחינה אחלה 125גר,,125.00,"100 מ""ל",false,,5.30,0.0424,true,1,33370
7290005197758,false,עוגיות חיוכים שוקו שוקו 150ג',אפיפית נצרת תעשיות ב,IL,עוגיות חיוכים שוקו 1,,150.00,"100 מ""ל",false,,5.50,0.0367,true,1,33375
7290005199738,false,גומי מאסט בטעם פפרמינט ריח פה נעים פליפטופ 28 ג' עלית,"שטראוס גרופ בע""מ",IL,מסטיק מאסט פפרמינט ר,,28.00,100 גרם,false,,5.00,0.1786,true,1,33385
7290005200786,false,תפוצ'יפס שמנת ובצל 50 גרם,"שטראוס פריטו ליי בע""",IL,תפוצ'יפס בטעם שמנת ב,,50.00,"100 מ""ל",false,,4.10,0.0820,true,1,28151
7290005201455,false,קפה נמס ארומה עלית 200 ג',"אינסטנטה בע""מ",IL,קפה נמס ארומה 200 גר,,200.00,100 גרם,false,,19.90,0.0995,true,1,91328
7290005287206,false,טונה בשמן סטארקיסט 4*160 ג',"סטארקיסט פודור בע""מ",,טונה בשמן רביעייה סט,,640.00,יח',false,,24.90,0.0389,true,1,25668
7290005287251,false,טונה במים סטארקיסט 4*160 ג',"איטיליאן פוד, אס.פי.",,טונה במים רביעייה סט,,640.00,100 גרם,false,,24.90,0.0389,true,1,25670
7290005287510,false,טונה בשמן עם בפלפל חריף 160 ג' סטארקיסט,תאי יוניון גרופ,TH,טונה סטארקיסט בשמן פ,,160.00,100 גרם,false,,7.80,0.0487,true,1,25673
7290005287527,false,טונה בשמן עם לימון 160 ג' סטארקיסט,תאי יוניון גרופ,TH,טונה סטארקיסט בשמן ל,,160.00,"100 מ""ל",false,,7.80,0.0487,true,1,25674
7290005287657,false,סטארקיסט ממרח טונה 160 ג',סטארקיסט,IL,ממרח טונה סטארקיסט 1,,160.00,100 גרם,false,,7.50,0.0469,true,1,25683
7290005296246,false,"פותח סתימות דריין אאוט 946 מ""ל יעקבי",יוליניבר,US,כלורקס פותח סתימות 9,,946.00,"100 מ""ל",false,,29.90,0.0316,true,1,27858
7290005317125,false,ביסקוויט חצי מצופה 175 גר',אפיפית נצרת תעשיות ב,IL,ביסקוויט חצי מצופה 1,,175.00,100 גרם,false,,5.90,0.0337,true,1,36954
7290005317194,false,בסקויט מתוק רגיל/שוקו 110 גר,אפיפית נצרת,IL,בסקוויט פתי בר מתוק,,110.00,"100 מ""ל",false,,3.50,0.0318,true,1,36955
7290005326523,false,ממרח פסטו פטרוזיליה ונענע 180 ג' אוליביה,אוליביה,IL,ממרח פסטו פטרוזיליה,,185.00,"100 מ""ל",false,,14.90,0.0805,true,1,54311
7290005326585,false,ממרח אוליביה פסטו בזיליקום 180 ג',"אוליביה גורמה בע""מ",IL,פסטו בזיליקום אוליבי,,180.00,"100 מ""ל",false,,12.90,0.0717,true,1,81757
7290005384851,false,וילי פוד מיץ לימון בדץ 200מל,קריות זול,IT,מיץ לימון ויליפוד 20,,200.00,100 גרם,false,,4.90,0.0245,true,1,81185
7290005384899,false,בסיגנון פטה ים תיכונ,יושלם,DK,פטינה ויליפוד,קילוגרמים,1.00,"ק""ג",true,,39.00,39.0000,true,1,25160
7290005387043,false,צלעות מס' 2 חלק קפוא,,,צלעות מס' 2 חלק קפוא,קילוגרמים,1.00,"ק""ג",true,,39.90,39.9000,true,1,105126
7290005418709,false,"נטורל קרם לחות לקיבוע תלתלים גלי 400 מ""ל",מיוצר עי אמיליה קוסמ,IL,נטורל פורמולה לחות 4,,400.00,100 גרם,false,,23.90,0.0597,true,1,89984
7290005423253,false,"סנו - מקסימה מרסס למייבש כביסה אולטרה פרש 750 מ""ל","סנו מפעלי ברונוס בע""",IL,סנו מקסימה למייבש או,,750.00,100 גרם,false,,19.90,0.0265,true,1,26399
7290005423567,false,מטליות לניקוי כללי בגליל 40 יח' סנו סושי,אסותא תעשיות אלבד בע,IL,סנו סושי בגליל 40יח,יחידה,0.00,יחידה,false,,21.90,0.0000,true,1,89989
7290005423635,false,ריצפז נוזל לניקוי רצפות דוחה חרקים 2 ל',מיוצר עי קונדיטוריית,IL,ריצפז פלוס דוחה חרקי,ליטרים,2.00,ליטר,false,,23.90,11.9500,true,1,26413
7290005423734,false,סנו - מקסימה מרכך כביסה אולטרה פרש 4 ליטר,"סנו מפעלי ברונוס בע""",IL,סנו מקסימה מרכך כביס,ליטרים,4.00,ליטר,false,,22.90,5.7250,true,1,26414
7290005423871,false,אורביטול שלשות משחת שיניים מנטול מרכז,טרופיקל דגיל תעשיות,IL,אורביטול משחת שיניים,,435.00,100 גרם,false,,18.90,0.0434,true,1,26416
7290005423918,false,סנו - מקסימה מרכך כביסה היפואלרגני אלוורה 4 ליטר,"סנו מפעלי ברונוס בע""",IL,סנו מקסימה מרכך כביס,ליטרים,4.00,ליטר,false,,22.90,5.7250,true,1,26418
7290005424403,false,"אל סבון כיף אצות ים קטיפתי 1ליטר,",טרופיקל דגיל תעשיות,IL,כיף אל סבון אצות ים,,1000.00,"100 מ""ל",false,,13.90,0.0139,true,1,26424
7290005424755,false,מטליות ריצפז פלוס לחות לניקוי רצפות דוחה תיקנים 10 יח' סנו,סנו מפעלי ברונוס בעמ,IL,ריצפז פלוס מטליות לח,,10.00,יח',false,,15.90,1.5900,true,1,83478
7290005425110,false,"חיטוי משטחים 99.9% מתז מחטא ומשמיד 750 מ""ל","סנו מפעלי ברונוס בע""",IL,מתז 99.9% לחיטוי משט,,750.00,100 מ'ל,false,,16.90,0.0225,true,1,97941
7290005425646,false,סנו קליר ספריי אקדח לניקוי והברקת חלונות 1ל',"סנו מפעלי ברונוס בע""",IL,סנוקליר לניקוי חלונו,,1000.00,100 גרם,false,,9.90,0.0099,true,1,26451
7290005426568,false,"קרמה - קרם לחות לשיער רגיל 400 מ""ל",טרופיקל דגיל תעשיות,IL,קרמה לחות לשיער רגיל,,400.00,"100 מ""ל",false,,21.90,0.0547,true,1,26468
7290005426575,false,"קרמה לחות לשיער יבש ללא שטיפה 400 מ""ל",טרופיקל דגיל תעשיות,IL,קרמה לחות לשיער יבש,,400.00,100 גרם,false,,21.90,0.0547,true,1,26469
7290005426735,false,"סנו - מקסימה אבקת כביסה בלאק 1.25 ק""ג",קריות זול,IL,סנו מקסימה בלאק אבקת,קילוגרמים,1.25,"ק""ג",false,,14.90,11.9200,true,1,26475
7290005426803,false,סנו מקסימה מרכך כביסה פצ''ולי סגול 4 ל',קריות זול,,סנו מקסימה מרכך כביס,ליטרים,4.00,ליטר,false,,22.90,5.7250,true,1,26476
7290005426940,false,"סנו K-300 פלוס 8 400 מ""ל",טרופיקל דגיל תעשיות,IL,סנו 300 K פלוס 6,יחידה,400.00,יחידה,false,,23.90,0.0597,true,1,26479
7290005427107,false,סנו - סושי מגבות נייר הפלא 6 יחידות,מיוצר עי קונדיטוריית,IL,סנו סושי מגבות הפלא,,6.00,יח',false,,13.90,2.3167,true,1,26484
7290005427619,false,"כיף גל לשיער לשיער קוצים 1ק""ג",גוד פוד פרודקטס S.p,IL,כיף ג'ל לשיער ירוק 1,,1.00,,false,,24.90,24.9000,true,1,90006
7290005427633,false,"כיף גל לשיער לשיער חזק במיוחד 1 ק""ג",קוסמופארם,IL,כיף גל לשיער אקסטרים,,1000.00,"100 מ""ל",false,,24.90,0.0249,true,1,26511
7290005427725,false,מגבונים ליטופים מארז חמישיה,טרופיקל דגיל,IL,מגבוני ליטופים מבושם,,5.00,יח',false,,21.90,4.3800,true,1,90008
7290005427749,false,אל סבון אצות ים כיף 2 ל',טרופיקל דגיל תעשיות,IL,כיף אל סבון סנו אצות,,2000.00,100 גרם,false,,21.90,0.0109,true,1,60821
7290005427763,false,אל סבון ג'ינסנג כיף 2 ל',קוסמופארם,IL,כיף אל סבון ג'ינסנג,,2000.00,100 גרם,false,,21.90,0.0109,true,1,60823
7290005427787,false,"קרמה - קרם לחות לשיער מתולתל 400 מ""ל",טרופיקל דגיל תעשיות,IL,קרמה לחות לשיער מתול,,400.00,100 גרם,false,,21.90,0.0547,true,1,26518
7290005427848,false,מטלית בגליל ורוד 40 יח' סנו סושי,קריות זול,IL,סנו סושי מטליות בגלי,,40.00,100 ליטר,false,,21.90,0.5475,true,1,90012
7290005428852,false,ממחטות טישו צבעוניים סנו סופט 5 יח' *100דף,ישרפייפר,IL,סנו סופט מגבוני טישו,,0.00,100 מ'ל,false,,16.90,0.0000,true,1,26537
7290005429279,false,"אבקת כביסה מקסימה אפקט 6 ק""ג סנו",סנו,IL,סנו מקסימה אבקת כביס,קילוגרמים,6.00,"ק""ג",false,,49.90,8.3167,true,1,26546
7290005429286,false,"אבקת כביסה מקסימה ביו 6 ק""ג סנו",סנו,IL,סנו מקסימה ביו אבקת,קילוגרמים,6.00,"ק""ג",false,,49.90,8.3167,true,1,26547
7290005430602,false,"סנו - אוקסיג'ן מרסס מסיר כתמים 750 מ""ל","סנו מפעלי ברונוס בע""",IL,סנו אוקסיגן מסיר כתמ,,750.00,100 גרם,false,,17.90,0.0239,true,1,26552
7290005430671,false,סנו פוליווקס קרמיקה 2ל',סנו מפעלי ברונו בעמ,IL,פוליויקס קרמיקה 2ליט,ליטרים,2.00,ליטר,false,,21.90,10.9500,true,1,26558
7290005431883,false,קינוח מלבי חלבי עדן,עדן קינוחים Eden,IL,מלבי חלבי 165 גרם,,165.00,"100 מ""ל",false,,7.30,0.0442,true,1,97187
7290005431906,false,קינוח קדאיף עדן 82 ג,עדן קינוחים Eden,IL,קדאיף 82 גרם,,92.00,"100 מ""ל",false,,7.30,0.0793,true,1,97191
7290005431913,false,עוגת גבינה פירורים 92 גרם.,עדן קינוחים Eden,IL,עוגת גבינה פירורים 9,,92.00,"100 מ""ל",false,,7.30,0.0793,true,1,97192
7290005431920,false,עוגת גבינה פירורים ללא תוספת סוכר,עדן קינוחים Eden,IL,עוגת גבינה פירורים ל,,165.00,100 גרם,false,,7.30,0.0442,true,1,97193
7290005431937,false,קינוח טירמיסו עדן 82,עדן קינוחים Eden,IL,טירמיסו 82 גרם,,82.00,"100 מ""ל",false,,7.30,0.0890,true,1,97189
7290005431968,false,מלבי שמנת עדן קינוחי,עדן קינוחים Eden,IL,מלבי שמנת 150 גרם,,150.00,"100 מ""ל",false,,7.90,0.0527,true,1,98909
7290005437540,false,פיטריות חתוך טעמן 290 גר',,,פטריות חתוכות טעמן 2,,290.00,100 גרם,false,,4.90,0.0169,true,1,48691
7290005437632,false,שמן קנולה טעמן 1ליטר,,,שמן קנולה טעמן 1ליטר,,1000.00,100 גרם,false,,11.90,0.0119,true,1,99992
7290005437755,false,"פסטה צינורות 500 ג' בד""ץ טעמן",מוטלו,TR,פסטה טעמן 500גר,,500.00,"100 מ""ל",false,,4.90,0.0098,true,1,86105
7290005437762,false,"פסטה ספירלה 500 ג' בד""ץ טעמן",מוטלו,TR,פסטה ספירלה טעמן 500,,500.00,"100 מ""ל",false,,4.90,0.0098,true,1,48767
7290005437939,false,פסטה ספגטיני 500 גר' טעמן,,,פסטה ספגטיני מס'10 ט,,500.00,100 גרם,false,,4.90,0.0098,true,1,65720
7290005509445,false,מיני קוקיס בטעם חמאה 600 גר',כרמית תעשיות ממתקים,IL,מיני קוקיס בטעם חמאה,,600.00,100 גרם,false,,16.90,0.0282,true,1,35795
7290005559709,false,בורקס פיצה מעדנות 700 ג',"מעדנות בע""מ",IL,בורקס פיצה מעדנות 70,,700.00,"100 מ""ל",false,,27.90,0.0399,true,1,29880
7290005559907,false,פיצה משפחתית גבינה 500 ג' מעדנות,מיוצר עי קונדיטוריית,IL,פיצה משפחתית גבינה מ,,500.00,"100 מ""ל",false,,19.90,0.0398,true,1,29883
7290005559914,false,פיצה משפחתית זיתים 550 ג' מעדנות,מיוצר עי קונדיטוריית,IL,פיצה משפחתית זיתים מ,,550.00,"100 מ""ל",false,,19.90,0.0362,true,1,29884
7290005559990,false,בצק פילאס תורכי מעדנות 600 גרם,מיוצר עי קונדיטוריית,IL,בצק פילאס תורכי מעדנ,,600.00,"100 מ""ל",false,,21.90,0.0365,true,1,29892
7290005591761,false,דבש טהור מפרחי בר בלחיץ 400 ג' יד מרדכי,מכוורת יד מרדכי שטרא,IL,*מבצע* דבש טהור מפרח,,400.00,"100 מ""ל",false,,19.90,0.0497,true,1,33399
7290005609121,false,פילה סלמון טרי,,,פילה סלמון טרי,קילוגרמים,1.00,"ק""ג",true,,99.00,99.0000,true,1,52856
7290005609152,false,בורי בינוני נקי טרי,,,בורי בינוני נקי טרי,קילוגרמים,1.00,"ק""ג",true,,44.90,44.9000,true,1,52533
7290005610509,false,צנוניות ארוזות דוד מ,חקלאי,IL,צנוניות יח,יחידה,0.00,יחידה,false,,4.90,0.0000,true,1,78274
7290005651069,false,"לה קט מיקס 2.85 ק""ג",קריות זול,FR,לה קט מיקס 2.85קג,קילוגרמים,2.85,"ק""ג",false,,79.90,28.0351,true,1,25692
7290005689369,false,סינטה עגל,,,סינטה עגל,קילוגרמים,1.00,"ק""ג",true,,129.00,129.0000,true,1,106651
7290005838002,false,מעדן גבינה ויוגורט בטעם וניל 88 ג' דניאלה,"שטראוס בריאות בע""מ",IL,דניאלה מעדן בטעם וני,,150.00,100 גרם,false,,4.10,0.0273,true,1,33401
7290005838613,false,שטראוס גבינת וניל 3% 125ג,"שטראוס בריאות בע""מ",IL,קרם גבינה 3% בטעם ונ,,125.00,"100 מ""ל",false,,4.20,0.0336,true,1,33404
7290005838972,false,גבינת יום יום 5% שטראוס 125ג',מיוצר עי קונדיטוריית,IL,סקי גבינת לבנה 5% 12,,125.00,"100 מ""ל",false,,3.60,0.0288,true,1,33405
7290005839078,false,"דנונה יוגורט ביו 3% לבן מארז 150X8מ""ל",מיוצר עי קונדיטוריית,IL,דנונה ביו מארז שמיני,,1200.00,"100 מ""ל",false,,18.50,0.0154,true,1,33406
7290005839108,false,סימפוניה 5% עם זיתים 200 ג' שטראוס,"שטראוס בריאות בע""מ",IL,סימפוניה זיתים 5% 20,,200.00,"100 מ""ל",false,,11.90,0.0595,true,1,33407
7290005839313,false,"מילקי טופ שוקולד מגולגל 170 מ""ל",מיוצר עי קונדיטוריית,IL,מילקי טופ מגולגלת 14,,142.00,100 גרם,false,,5.10,0.0359,true,1,33408
7290005877308,false,כנפיים עוף טרי עוף ג,,,כנפיים עוף טרי ארוז,קילוגרמים,1.00,"ק""ג",true,,11.90,11.9000,true,1,103818
7290005877346,false,שניצל עוף פרוס טרי ע,,,שניצל עוף טרי ארוז,קילוגרמים,1.00,"ק""ג",true,,44.90,44.9000,true,1,103819
7290005896415,false,"בירה איגל פחית ירוק 500מ""ל","טמפו משקאות בע""מ",IL,בירה איגל ירוק פחית,,500.00,"100 מ""ל",false,,6.90,0.0138,true,1,79411
7290005896620,false,מים מוגז ' סאן בנדטו ' יחידה,אקווה מינרלה סאן בנד,IT,סאן בנדטו מים מינרלי,,1500.00,"100 מ""ל",false,,3.90,0.0026,true,1,22879
7290005896637,false,מים סן בנדטו בודד 1.5 ליטר,אקווה מינרלה סאן בנד,IT,סאן בנדטו 1.5 ליטר,,1500.00,"100 מ""ל",false,,3.90,0.0026,true,1,49489
7290005992575,false,בולגרית למריחה 5% 250 גרם - רבנות,מחלבות גד בעמ,IL,בולגרית למריחה 5% 25,,250.00,"100 מ""ל",false,,17.90,0.0716,true,1,22074
7290005992735,false,לאבנה טבעית 5% 250 גר' - רבנות,הנסיך- מפעל לייצור ט,IL,לאבנה 5% 250גר מחלבו,,250.00,100 גרם,false,,12.70,0.0508,true,1,22077
7290005996078,false,סרוולד הונגרי יחיעם,מעדני יחיעם,IL,סרוולד הונגרי יחיעם,,125.00,100 גרם,false,,27.90,0.2232,true,1,98462
7290006030207,false,גבינת שמנת טבעי 5% כ,,,גבינת שמנת טבעי 5% כ,קילוגרמים,1.00,"ק""ג",true,,39.00,39.0000,true,1,99313
7290006040619,false,"גבינת טבורוג 5% בד""צ",,,טבורוג כפיר5%,קילוגרמים,1.00,"ק""ג",true,,28.00,28.0000,true,1,85151
7290006040621,false,טבורוג כפיר5%,,,טבורוג כפיר5%,קילוגרמים,1.00,"ק""ג",true,,28.00,28.0000,true,1,105125
7290006040621,false,טבורוג כפיר5%,,,טבורוג כפיר5%,קילוגרמים,1.00,"ק""ג",true,,28.00,28.0000,true,1,105050
7290006041043,false,טבורוג עם צימוקים כפ,,,טבורוג עם צימוקים כפ,קילוגרמים,1.00,"ק""ג",true,,28.00,28.0000,true,1,85152
7290006131287,false,פילה בקלה (מרלוזה) א,,,פילה בקלה (מרלוזה) א,קילוגרמים,1.00,"ק""ג",true,,34.90,34.9000,true,1,88054
7290006131447,false,מקרל קפוא,,,מקרל קפוא,קילוגרמים,1.00,"ק""ג",true,,21.90,21.9000,true,1,88056
7290006131591,false,פילה ברבוניה בוואקום,,,פילה ברבוניה בוואקום,,400.00,100 גרם,false,,24.90,0.0622,true,1,88057
7290006185501,false,"פנינה רוזנבלום -אל סבון נוזלי ורוד,1 ליטר",,,אל סבון ורוד פנינה ר,,1000.00,100 גרם,false,,10.90,0.0109,true,1,91424
7290006185518,false,"פנינה רוזנבלום -אל סבון נוזלי כחול,1 ליטר",,,אל סבון כחול פנינה ר,,1000.00,100 גרם,false,,10.90,0.0109,true,1,91425
7290006229427,false,"סאן בנדטו מים מהאלפים מארז 500X6מ""ל",קריות זול,,סאן בנדטו שישייה 6*5,,3000.00,"100 מ""ל",false,,14.90,0.0050,true,1,22887
7290006229588,false,בירה איגל פחית זהב 500 מל',"טמפו משקאות בע""מ",IL,בירה איגל זהב פחית 5,,500.00,100 גרם,false,,6.90,0.0138,true,1,79412
7290006251275,false,תה ויסוצקי ירוק סיני 25יח',קריות זול,IL,תה ירוק סיני 25יח,,37.50,"100 מ""ל",false,,25.90,0.6907,true,1,30972
7290006251343,false,תה חליטה הגן הקסום פסיפלורה מנגו 25 שקיקים,קריות זול,IL,תה פסיפלורה מנגו הגן,,62.50,"100 מ""ל",false,,19.90,0.3184,true,1,30974
7290006251374,false,תה ירוק לימונית וגינגר 25 שקיקים ויסוצקי,קריות זול,IL,תה ירוק לימונית וגינ,,25.00,100 גרם,false,,25.90,1.0360,true,1,30976
7290006251589,false,תה ירוק עם עלי נענע 50 שקיקים ויסוצקי,בית ויסוצקי,IL,תה ירוק עם עלי נענע,,50.00,100 מ'ל,false,,45.90,0.9180,true,1,30977
7290006256089,false,גאטו נגרו קברנה סובי,יושלם,,גאטו נגרו קברנה סובי,,750.00,100 גרם,false,,39.90,0.0532,true,1,103519
7290006265500,false,פטריות שמפיניון ארוז מרינה,"מרינה פטריות הגליל בע""מ",IL,פטריות שמפיניון ארוז,,250.00,"100 מ""ל",false,,8.90,0.0356,true,1,22601
7290006271181,false,מעדנות גחנון אפוי 750 גרם,מיוצר עי קונדיטוריית,IL,גחנון אפוי מעדנות 75,,750.00,"100 מ""ל",false,,25.90,0.0345,true,1,29897
7290006271648,false,"מיני בורקס תפו""א 800 ג' מעדנות","מעדנות בע""מ",IL,"מיני בורקס תפו""א מעד",,800.00,"100 מ""ל",false,,24.90,0.0311,true,1,29901
7290006271655,false,מיני בורקס גבינה 800 ג' מעדנות,מיוצר עי קונדיטוריית,IL,מיני בורקס גבינה מעד,,800.00,"100 מ""ל",false,,27.90,0.0349,true,1,29902
7290006272072,false,חטיפי פיצה בשקית מעדנות 650ג',"מעדנות בע""מ",IL,חטיפי פיצה מעדנות 65,,650.00,"100 מ""ל",false,,29.90,0.0460,true,1,29906
7290006306296,false,רביולי לורנצו גבינה 400ג' פסטה נונה,פסטנונה רמת דלטון מר,IL,רביולי במילוי גבינה,,400.00,"100 מ""ל",false,,25.90,0.0647,true,1,43207
7290006306302,false,רביולי במילוי גבינות פרמזן ריקוטה 400 ג' פסטה נונה,דורום תעשיות מזון ופ,IL,רביולי פרמזן ריקוטה,,400.00,"100 מ""ל",false,,25.90,0.0647,true,1,22088
7290006306319,false,רביולי במילוי בטטה 400 ג' פסטה נונה,דורום תעשיות מזון ופ,IL,רביולי במילוי בטטה 4,,400.00,"100 מ""ל",false,,25.90,0.0647,true,1,22089
7290006306326,false,רביולי במילוי פטריות וגבינת פרמזן פסטה נונה 400 ג',דורום תעשיות מזון ופ,IL,רביולי במילוי פטריות,,400.00,100 גרם,false,,25.90,0.0647,true,1,22090
7290006342072,false,גרעין דלעת קלוי ששון,דין שיווק,IL,גרעין דלעת קלוי ששון,,200.00,100 גרם,false,,7.90,0.0395,true,1,75382
7290006342089,false,גרעיני חמניה קלויים,דין שיווק,,גרעין שחור 200גרם,,200.00,100 גרם,false,,4.90,0.0245,true,1,47229
7290006342447,false,גרעיני אבטיח ששון הק,דין שיווק,IL,גרעיני אבטיח 200גרם,,200.00,"100 מ""ל",false,,12.90,0.0645,true,1,75383
7290006342515,false,מנציס 200 גרם,יושלם,,מנצס 200גרם,,200.00,"100 מ""ל",false,,6.90,0.0345,true,1,54969
7290006342553,false,קבוקים עם שומשום ששו,"דין שיווק וקליה בע""מ",,קבוקים 200גר,,200.00,"100 מ""ל",false,,5.00,0.0250,true,1,67834
7290006342560,false,בוטנים אמריקאים מצופ,דין שיווק,IL,בוטנים מצופים 200גר,,200.00,"100 מ""ל",false,,5.00,0.0250,true,1,67835
7290006374653,false,דבש לייט מופחת קלוריות יד מרדכי 350 ג',קריות זול,IL,דבש לייט מופחת קלורי,,350.00,100 גרם,false,,29.90,0.0854,true,1,33429
7290006374738,false,קונפיטורה תות 340 ג' יד מרדכי,אף.סי תבליני בגליל ב,IL,קונפיטורת תות יד מרד,,340.00,"100 מ""ל",false,,15.50,0.0456,true,1,33434
7290006376022,false,קורנפלור 200גר פרימי,,,קורנפלור 200גר פרימי,,200.00,"100 מ""ל",false,,3.90,0.0195,true,1,98922
7290006376091,false,סודה לשתייה קרטונית,,,סודה לשתיה פרימיום 5,,50.00,"100 מ""ל",false,,2.10,0.0420,true,1,83623
7290006376329,false,ציפוי לשניצל קלאסי 350 ג',,,ציפוי לשניצל קלאסי,,200.00,"100 מ""ל",false,,13.50,0.0675,true,1,41626
7290006376626,false,אבקת סוכר מהדרין 100 ג',,,אבקת סוכר פרימיום 10,,100.00,100 גרם,false,,2.20,0.0220,true,1,83624
7290006376688,false,עשיריית סוכר וניל,,,סוכר וניל 10*10גרם פ,,100.00,100 גרם,false,,2.20,0.0220,true,1,83621
7290006376695,false,עשיריית אבקת אפיה 10,,,אבקת אפיה 10*10גר פר,,100.00,100 גרם,false,,2.20,0.0220,true,1,83622
7290006376718,false,גלטין לעוגה פרימיום 24 יח,,,ג'לטין שקיות 24 גר,,24.00,100 גרם,false,,9.90,0.4125,true,1,56521
7290006376725,false,קוקוס טחון פרימיום 200 ג',,,קוקוס 200 גרם חילדה,,200.00,"100 מ""ל",false,,7.50,0.0375,true,1,104191
7290006376732,false,שומשום 200 גרם חילדה,,,שומשום 200 גרם חילדה,,200.00,"100 מ""ל",false,,7.90,0.0395,true,1,104192
7290006464293,false,כבד בקר לצליה לא מוכ,,,כבד בקר לצליה לא מוכ,קילוגרמים,1.00,"ק""ג",true,,29.90,29.9000,true,1,32440
7290006492432,false,גבינת מוצרלה בייבי 18% 300 ג' גד,מחלבות גד בעמ,IL,בייבי מוצרלה מחלבות,,100.00,"100 מ""ל",false,,15.70,0.1570,true,1,22100
7290006492616,false,גבינה בולגרית פרוסות 5% 250 ג' גד,DSH עבור מחלבות גד ב,IL,בולגרית פרוסות 5% 25,,250.00,"100 מ""ל",false,,27.90,0.1116,true,1,22101
7290006492630,false,גליל גד עז 22% 180 גרם - רבנות,מחלבות גד בעמ,IL,גליל גד עז 26 אחוז 1,,180.00,"100 מ""ל",false,,23.90,0.1328,true,1,22102
7290006492685,false,לאבנה עיזים 5% 250 גרם - רובין,מחלבות גד בעמ,IL,לאבנה עזים 5% 250גר,,250.00,"100 מ""ל",false,,17.90,0.0716,true,1,22104
7290006492852,false,גבינת עיזים למריחה 5% שומן 250 ג' גד,קריות זול,IL,גבינת עיזים 5 % למרי,,250.00,100 גרם,false,,16.90,0.0676,true,1,22108
7290006492913,false,לאבנה ציזיקי למריחה 5% שומן 250 ג' גד,מחלבות גד בעמ,IL,לאבנה ציזיקי 5% 250,,250.00,"100 מ""ל",false,,13.90,0.0556,true,1,43183
7290006494924,false,מרמולייט וופל בטעם לימון 200 ג',קריות זול,,וופל מרמולייט ופל בט,,180.00,100 גרם,false,,10.90,0.0606,true,1,25986
7290006511010,false,"פרמז'אנו רבעים ק""ג",זנטי,IT,פרמזנו ויליפוד,קילוגרמים,1.00,"ק""ג",true,,99.00,99.0000,true,1,85356
7290006511683,false,פולי סויה מאנצ`ו קפוא 454 ג' וילפוד,קו.אל.טי.די.קיאוניונ,CN,פולי סויה מאנצו קפוא,,454.00,"100 מ""ל",false,,9.90,0.0218,true,1,25253
7290006546012,false,שעועית בנוסח מקסיקני בטעם חריף 580 ג' פרי הגליל,"פרי הגליל בע""""מ",IL,צילי בנוסח מקסיקני ב,,580.00,100 גרם,false,,7.90,0.0136,true,1,56129
7290006546333,false,ציפס קפוא פרי גליל 7,"פרי הגליל בע""""מ",IL,ציפס קפוא פרי גליל 7,,700.00,100 גרם,false,,12.90,0.0184,true,1,67944
7290006546982,false,לקט סיני 800 ג' פרי הגליל,"פרי הגליל בע""""מ",IL,לקט סיני 800גר,,800.00,100 גרם,false,,13.90,0.0174,true,1,67949
7290006567048,false,קוסקוס ישראלי מפתול אסם 350ג',"מיוצר ע""י קוד יצרן K",IL,אסם פתיתי קוסקוס ישר,,350.00,"100 מ""ל",false,,7.90,0.0226,true,1,24780
7290006582355,false,סילאן דבש תמרים כשר,"דין שיווק וקליה בע""מ",IL,סילאן 900 גרם,,900.00,"100 מ""ל",false,,11.90,0.0132,true,1,36445
7290006618078,false,"אסטוניש מרסס ניקוי יסודי 750 מ""ל",אסטוניש Astonish,GB,אסטוניש מרסס ניקוי י,,750.00,100 גרם,false,,15.90,0.0212,true,1,27870
7290006644480,false,"תפוזינה תפוזים 500 מ""ל","יפאורה תבורי בע""מ",IL,"תפוזינה תפוזים 500מ""",,500.00,100 גרם,false,,5.50,0.0110,true,1,85502
7290006644510,false,"מיץ ענבים 500 מ""ל תפוזינה","יפאורה תבורי בע""מ",IL,"תפוזינה ענבים 500מ""ל",,500.00,100 גרם,false,,5.50,0.0110,true,1,85503
7290006651570,false,קמיל בלו שמפו ואלסבון 750ג',"ד""ר פישר Dr fischer",IL,קמיל בלו אל סבון ושמ,,750.00,"100 מ""ל",false,,19.90,0.0265,true,1,76754
7290006652027,false,במבה מארז 20 יח' *15ג' אסם,מיוצר עי קונדיטוריית,IL,במבה יום הולדת מארז,,300.00,יח',false,,19.90,0.0663,true,1,24786
7290006653765,false,פסטה פרפקטו פטוציני 500ג' אסם,קריות זול,IT,פסטה פרפקטו פטוציני,,500.00,"100 מ""ל",false,,7.90,0.0158,true,1,24791
7290006653819,false,קוסקוס דק בשקית אסם,"מיוצר ע""י קוד יצרן K",IL,קוסקוס דק אסם 350 גר,,350.00,"100 מ""ל",false,,7.90,0.0226,true,1,24792
7290006664037,false,גמדים דגנים ארוחת בוקר מארז 100X4ג',"שטראוס בריאות בע""מ",IL,גמדים תפוח בננה 5% מ,,400.00,"100 מ""ל",false,,12.30,0.0308,true,1,33458
7290006664051,false,"אקטימל לבן מארז 100X14 מ""ל",מיוצר עי קונדיטוריית,IL,אקטימל טבעי 14*100מל,,1400.00,100 גרם,false,,32.90,0.0235,true,1,33459
7290006664310,false,גבינה לבנה 3% שומן 250 ג' שטראוס,מיוצר עי קונדיטוריית,IL,קרם גבינה 3% סקי 250,,250.00,"100 מ""ל",false,,5.20,0.0208,true,1,33464
7290006664402,false,גבינה 5% שומן 750 ג' שטראוס,מיוצר עי קונדיטוריית,IL,גבינה לבנה סקי 5% 75,,750.00,"100 מ""ל",false,,14.94,0.0199,true,1,33466
7290006664532,false,יוגורט עם תות 3% שומן 150 ג' דנונה,מיוצר עי קונדיטוריית,IL,דנונה תות 1.5% 150 מ,,150.00,100 גרם,false,,4.20,0.0280,true,1,33468
7290006664655,false,"אקטימל לבן טבעי מארז 100X8 מ""ל",מיוצר עי קונדיטוריית,IL,?אקטימל דנונה 100x8,,800.00,100 גרם,false,,21.90,0.0274,true,1,33471
7290006664693,false,יוגורט עם אפרסק 3% שומן 150 ג' דנונה,מיוצר עי קונדיטוריית,IL,דנונה אפרסק 1.5% 150,,150.00,"100 מ""ל",false,,4.20,0.0280,true,1,33472
7290006664990,false,דנונה ביו מארז חיסכון 1.5% 8 יח' *150 ג',מיוצר עי קונדיטוריית,IL,דנונה ביו מארז שמיני,,1200.00,"100 מ""ל",false,,18.50,0.0154,true,1,33476
7290006681553,false,שטראוס קרמבו ווניל 8יח,"גלידת שטראוס בע""מ",IL,קרמבו וניל שטראוס 8י,,8.00,יח',false,,15.90,1.9875,true,1,29670
7290006681560,false,שטראוס קרמבו מוקה 8יח,"גלידת שטראוס בע""מ",IL,קרמבו מוקה שטראוס 8י,,8.00,יח',false,,15.90,1.9875,true,1,29671
7290006707352,false,פטם חזה פרוס מצונן מגש טרי,עוף טוב,,שניצל עוף טרי ארוז,קילוגרמים,1.00,"ק""ג",true,,44.90,44.9000,true,1,37399
7290006707437,false,כנפיים עוף טרי ארוז,,,כנפיים עוף טרי ארוז,קילוגרמים,1.00,"ק""ג",true,,11.90,11.9000,true,1,97202
7290006707468,false,כבד עוף טרי ארוז לצל,,,כבד עוף טרי ארוז לצל,קילוגרמים,1.00,"ק""ג",true,,24.90,24.9000,true,1,37405
7290006707543,false,פילה עוף טרי ארוז,עוף טוב,,פילה עוף טרי ארוז,קילוגרמים,1.00,"ק""ג",true,,39.90,39.9000,true,1,97205
7290006712981,false,"קולגייט משחת שיניים סמיילס לגילאי 6 50 מ""ל",הנסיך- מפעל לייצור ט,PL,קולגייט משחת שיניים,,50.00,"100 מ""ל",false,,13.90,0.2780,true,1,29211
7290006737915,false,דובשניות חפץ 300 גר',,,דובשניות 300גר,,300.00,100 גרם,false,,7.90,0.0263,true,1,42635
7290006738615,false,קבב פרימיום זהב 100% בשר זוגלובק 400 ג',נקניק נהריה כשר זוגל,IL,קבב זהב 400 גרם זוגל,,400.00,"100 מ""ל",false,,27.90,0.0697,true,1,30567
7290006739247,false,פסטרמה איטלקית זוגלו,כצט,IL,פסטרמה איטלקית זוגלו,קילוגרמים,1.00,"ק""ג",true,,85.00,85.0000,true,1,30517
7290006739292,false,נקניק פסטרמה פרגיות ציפוי תירס,נקניק נהריה כשר זוגל,IL,פסטרמה תבור זוגלובק,,330.00,"100 מ""ל",false,,33.90,0.1027,true,1,30569
7290006739407,false,שניצל תירס לייט 630 ג' זוגלובק,נקניק נהריה כשר זוגל,IL,שניצל תירס 98 קל 630,,630.00,"100 מ""ל",false,,29.90,0.0475,true,1,30571
7290006739414,false,סלמי קוניאק 300 ג' זוגלובק,נקניק נהריה כשר זוגל,IL,סלמי קוניאק 300 גרם,,300.00,"100 מ""ל",false,,33.90,0.1130,true,1,30572
7290006739421,false,סלמי מעושן איטלקי 300 ג' זוגלובק,נקניק נהריה כשר זוגל,IL,סלמי מעושן איטלקי 30,,300.00,"100 מ""ל",false,,33.90,0.1130,true,1,30573
7290006739445,false,שניצל תירס קלאסי 750 ג' זוגלובק,נקניק נהריה כשר זוגל,IL,שניצל תירס קלאסי זוג,,750.00,"100 מ""ל",false,,29.90,0.0399,true,1,30574
7290006739544,false,כתף בקר 300 ג' זוגלובק,זוגלובק,IL,כתף בקר זוגלובק 300ג,,300.00,"100 מ""ל",false,,39.90,0.1330,true,1,30575
7290006742162,false,המבורגר מזרחי זוגלובק 400 גר',נקניק נהריה כשר זוגל,IL,המבורגר מזרחי זוגלוב,,400.00,"100 מ""ל",false,,24.90,0.0622,true,1,30597
7290006742278,false,פסטרמה הודו צלויה על לבנים 330 ג' זוגלובק,נקניק נהריה כשר זוגל,IL,פסטרמה הודו בטעם צלי,,330.00,"100 מ""ל",false,,33.90,0.1027,true,1,30599
7290006742292,false,פסטרמה הודו בדבש 330 ג' זוגלובק,נקניק נהריה כשר זוגל,IL,זוגלובק פסטרמה הודו,,330.00,"100 מ""ל",false,,33.90,0.1027,true,1,30601
7290006742315,false,פסטרמה חזה הודו ברביקיו זוגלובק 330 ג',נקניק נהריה כשר זוגל,IL,פסטרמה הודו ברביקיו,,330.00,"100 מ""ל",false,,33.90,0.1027,true,1,30603
7290006764485,false,"בירה נשר מאלט שחורה מארז 330X6מ""ל",קריות זול,,נשר מאלט בקבוק שישיי,,1980.00,100 גרם,false,,31.90,0.0161,true,1,22894
7290006765000,false,טורטיות חיטה מלאה 8יח 540 ג',אלקטי קוראבייכיסיגיד,TR,טורטיות מקמח חיטה מל,,540.00,100 גרם,false,,10.00,0.0185,true,1,84722
7290006770561,false,לקט לקוסקוס פרי הגליל 800ג',"פרי הגליל בע""""מ",IL,לקט לקוסקוס 800גר,,800.00,100 גרם,false,,13.90,0.0174,true,1,67952
7290006775016,false,עוגה מבית טוב 450 גרם תפוז,אחדות ביחר לטחינה חל,IL,עוגת תפוז 450גר,,450.00,100 גרם,false,,10.90,0.0242,true,1,37560
7290006775030,false,"עוגה מבית טוב"" 450 גרם שוקו-ציפס",אחדות ביחר לטחינה חל,IL,עוגת שוקולד 450גר,,450.00,"100 מ""ל",false,,10.90,0.0242,true,1,37562
7290006775054,false,עוגת שיש אחווה 450 ג' אחוה,אחדות ביחר לטחינה חל,IL,עוגת שיש 450גר,,450.00,100 גרם,false,,10.90,0.0242,true,1,37564
7290006775191,false,מאפין ממולא בטעם שוקולד 50 גרם אחוה,אחדות ביחר לטחינה חל,IL,מאפין ממולא שוקולד 5,,50.00,"100 מ""ל",false,,2.90,0.0580,true,1,37567
7290006775405,false,מאפינס שוקוצ'יפס אישי אחווה 45גרם,אחדות ביחר לטחינה חל,IL,מאפינס 40גר,,40.00,"100 מ""ל",false,,2.90,0.0725,true,1,37571
7290006784865,false,סנט מוריץ לניקוי משטחי מטבחים מרוכז ועוצמתי 1ל',קומפלקס כימיקלים,IL,מטבחים 1ליטר תכשיר מ,ליטרים,1.00,ליטר,false,,11.90,11.9000,true,1,83070
7290006788429,false,"קרליין - נושם סאן רייס דאודורנט רול און לאישה כתום 75 מ""ל",אמיליה קוסמטיקס בעמ,IL,קרליין רולאון נושם כ,,75.00,100 גרם,false,,13.90,0.1853,true,1,32664
7290006788436,false,"קרליין - נושם פיור דאודורנט רול און לאישה ורוד 75 מ""ל",משווק: קוסמופארם בעמ,IL,קרליין רולאון נושם ו,,75.00,100 גרם,false,,13.90,0.1853,true,1,32665
7290006788443,false,"קרליין - נושם אוקסיג'ן דאודורנט רול און לאישה סגול 75 מ""ל",מולינו ניקולי s.p.a,IL,דאודורנט קרליין רול,,75.00,"100 מ""ל",false,,13.90,0.1853,true,1,90024
7290006788474,false,"קרליין - נושם אקווה דאודורנט ספריי לאישה כחול 200 מ""ל",אמיליה קוסמטיקס,IL,קרליין דאו ספריי 200,,200.00,100 גרם,false,,13.90,0.0695,true,1,90025
7290006788498,false,"קרליין - נושם פיור דאודורנט ספריי לאישה ורוד 200 מ""ל",מיוצר עי : אמיליה קו,IL,קרליין ספריי רקטיב נ,,200.00,100 גרם,false,,13.90,0.0695,true,1,32671
7290006788504,false,"קרליין - נושם אוקסיג'ן דאודורנט ספריי לאישה סגול 200 מ""ל",מיוצר עי : אמיליה קו,IL,קרליין ספריי רקטיב נ,,200.00,100 גרם,false,,13.90,0.0695,true,1,32672
7290006788559,false,"טיטניום ICE דאודורנט תרסיס ספריי 180 מ""ל",,,טיטניום ספריי בלו אי,,180.00,100 גרם,false,,17.90,0.0994,true,1,66059
7290006805355,false,תערובת להכנת כדורי שוקולד פילסברי 500ג',הדקלאים אגודת שיתופי,IL,כדורי שוקולד פילסברי,,500.00,100 גרם,false,,19.50,0.0390,true,1,31480
7290006805850,false,תערובת להכנת פנקייקס 500ג' פילסברי,הדקלאים אגודת שיתופי,IL,פילסברי פנקייק תערוב,,500.00,"100 מ""ל",false,,19.50,0.0390,true,1,31481
7290006822192,false,מיץ חמוציות דיאט אושן ספריי 1 ליטר,מבשלות בירה בינלאומי,IL,אושן ספריי נקטר חמוצ,,1000.00,100 גרם,false,,13.50,0.0135,true,1,28446
7290006873460,false,מיץ ענבים בציר 1 ליט,יקב ירושלים,IL,מיץ ענבים בציר 1 ליט,,1000.00,"100 מ""ל",false,,13.90,0.0139,true,1,88978
7290006873620,false,מיץ ענבים אדום טבעי,,,מיץ ענבים אדום טבעי,,1000.00,"100 מ""ל",false,,12.90,0.0129,true,1,55801
7290006873712,false,יין גראנש רוזה חצי י,,,יין גראנש רוזה חצי י,,1000.00,"100 מ""ל",false,,22.90,0.0229,true,1,55803
7290006873774,false,יין סמיון לבן חצי יב,,,יין סמיון לבן חצי יב,,1000.00,"100 מ""ל",false,,22.90,0.0229,true,1,55804
7290006873958,false,יין קרניאן אדום יבש,,,יין קרניאן אדום יבש,,1000.00,"100 מ""ל",false,,22.90,0.0229,true,1,55805
7290006920997,false,כדורי מוצרלה 18% כפי,,,כדורי מוצרלה 18% כפי,קילוגרמים,1.00,"ק""ג",true,,79.00,79.0000,true,1,54171
7290006983176,false,אוסם - לחמית שיפון 250 גרם,"אסם השקעות בע""מ",IL,לחמית שיפון אסם 250ג,,250.00,"100 מ""ל",false,,9.90,0.0396,true,1,24804
7290006983206,false,אסם תערובת פלאפל בקלי קלות 180גר,"אסם השקעות בע""מ",IL,תערובת להכנת פלאפל א,,180.00,"100 מ""ל",false,,10.90,0.0606,true,1,24805
7290006983527,false,עוגת הבית תפוחי עץ עם פירורים 400 ג' אסם,מיוצר עי קונדיטוריית,IL,עוגת הבית תפוח עץ עם,,400.00,"100 מ""ל",false,,18.50,0.0463,true,1,24808
7290006983763,false,עוגת הבית שוקולד 400 גרם אסם.,מיוצר עי קונדיטוריית,IL,עוגת הבית שוקולד אסם,,400.00,"100 מ""ל",false,,13.90,0.0348,true,1,24809
7290006983770,false,עוגת הבית שיש 400 ג' אסם,מיוצר עי קונדיטוריית,IL,עוגת הבית שיש אסם 40,,400.00,"100 מ""ל",false,,13.90,0.0348,true,1,24810
7290006983787,false,עוגת הבית שוקוציפס 400 גרם אסם,מיוצר עי קונדיטוריית,IL,עוגת הבית שוקוציפס א,,400.00,"100 מ""ל",false,,13.90,0.0348,true,1,24811
7290006983794,false,עוגת הבית תפוז 400 ג' אסם,מיוצר עי קונדיטוריית,IL,עוגת הבית תפוז אסם 4,,400.00,100 גרם,false,,13.90,0.0348,true,1,24812
7290006992208,false,מטרנה - דייסת דגנים מעורבים 200 גרם,מטרנה תעשיות ש.מ,IL,דייסת דגנים מעורבים,,200.00,"100 מ""ל",false,,15.90,0.0795,true,1,24820
7290008000796,false,"כצט - סופרמן משחת שיניים לילדים 50 מ""ל",כצט נוביס,IL,סופרמן משחת שיניים ל,,50.00,"100 מ""ל",false,,10.90,0.2180,true,1,38135
7290008000826,false,משחת שיניים ילדיים בארביי 50 גרם,כצט נוביס,IL,ברבי משחת שיניים ליל,,50.00,100 גרם,false,,10.90,0.2180,true,1,38136
7290008104050,false,"פמינה - שטיפה אינטימית קלאסית 220 מ""ל",כצט נוביס סעמ,IL,פימינה נוזל שטיפה אי,,200.00,"100 מ""ל",false,,22.90,0.1145,true,1,73544
7290008116534,false,"מי פה ליסטרין קול מינט 250 מ""ל",,,מי פה ליסטרין 250 מל,,250.00,100 גרם,false,,9.90,0.0396,true,1,51045
7290008154222,false,שניצלונים עוף טוב 700 גרם,מולינו ניקולי s.p.a,IL,שניצלונים עוף טוב 70,,700.00,"100 מ""ל",false,,18.90,0.0270,true,1,24826
7290008166010,false,לקט מובחר תערובת 200 גר',"גיי אנג גי פקאנס בע""",IL,לקט פיצוחים 200גר,,200.00,100 גרם,false,,15.90,0.0795,true,1,34663
7290008175210,false,גבינת פרמזן מגורדת 90ג' ויליפוד,זנטי אס.איי.,IT,פרמזנו מגורדת ויליפו,,90.00,"100 מ""ל",false,,15.90,0.1767,true,1,25260
7290008190909,false,מיני קוקיס שוקולד ציפס 600גר,כרמית תעשיות ממתקים,IL,מיני קוקיס שוקולד צי,,600.00,"100 מ""ל",false,,16.90,0.0282,true,1,35811
7290008190985,false,סוכריות על מקל בטעם,כרמית תעשיות ממתקים,IL,לקקן גלידה פופ 50יח,,500.00,"100 מ""ל",false,,14.90,0.0298,true,1,35813
7290008194266,false,מארזים מתוקים א.אטיא,ממתקי השלום,IL,חטיפים מעורבים 350 ג,,350.00,"100 מ""ל",false,,13.50,0.0386,true,1,23290
7290008194839,false,חטיפים מצופים אטיאס,ממתקי השלום,IL,חטיפים מצופים אטיאס,,300.00,100 גרם,false,,13.50,0.0450,true,1,57368
7290008286298,false,"פילה דג סלמון נורווגי ארוז בד""ץ",,,פילה סלמון נורבגי קפ,קילוגרמים,1.00,"ק""ג",true,,79.90,79.9000,true,1,106242
7290008286299,false,"פילה דג סלמון נורווגי ארוז בד""ץ",,,פילה סלמון אטלנטי קפ,קילוגרמים,1.00,"ק""ג",true,,79.90,79.9000,true,1,102968
7290008286947,false,"מנות פילה סלומון בד""ץ עד""ח",,,פילה סלמון נורבגי מנ,קילוגרמים,1.00,"ק""ג",true,,84.90,84.9000,true,1,102969
7290008329033,false,צלחת 7 לבן אר 50 דנט,,,צלחת 7 לבן אר 50 דנט,,50.00,יח',false,,8.90,0.1780,true,1,66525
7290008329217,false,צלחות 7 ציבעוני 25 יח' קינגז הום,,,צלחת 7 ציבעוני 20 יח,יחידה,0.00,יחידה,false,,8.90,0.0000,true,1,66530
7290008329224,false,מרקיה צבעוני 20יח דנ,,,מרקיה צבעוני 20יח דנ,יחידה,0.00,יחידה,false,,8.90,0.0000,true,1,66531
7290008329248,false,ליפתנית צבעוני 20יח,,,ליפתנית צבעוני 20יח,,0.00,100 מ'ל,false,,6.90,0.0000,true,1,66533
7290008329255,false,מזלגות אר 100 דנטס,,,מזלגות אר 100 דנטס,יחידה,0.00,יחידה,false,,8.90,0.0000,true,1,66534
7290008329279,false,לפתנית לבן 25 יחי דנטס,,,ליפתנית לבן 25 יח' ד,יחידה,0.00,יחידה,false,,4.90,0.0000,true,1,66536
7290008329286,false,כפיות אר 100 דנטס,,,כפיות אר 100 דנטס,יחידה,0.00,יחידה,false,,8.90,0.0000,true,1,66537
7290008329293,false,סכינים פרימיום שקוף/קרם/לבן/זהב דנטס אר' 50 יח',,,סכינים פרימיום שקוף/,יחידה,0.00,יחידה,false,,9.90,0.0000,true,1,66538
7290008329309,false,מזלגות פרמיום שקוף/קרם/לבן/זהב דנטס אר 50 יח,,,מזלגות פרימיום שקוף/,יחידה,0.00,יחידה,false,,9.90,0.0000,true,1,66539
7290008329354,false,צלחות 9 ציבעוני 25 יח,,,צלחת (9) ציבעוני 20י,יחידה,0.00,יחידה,false,,11.90,0.0000,true,1,66544
7290008329378,false,קסרול לבן אר' 25 יח',,,קסרול לבן אר' 25 יח',,25.00,יח',false,,7.90,0.3160,true,1,66545
7290008329415,false,צלחת 8 לבן אר 50 דנט,,,צלחת 8 לבן אר 50 דנט,,50.00,יח',false,,11.90,0.2380,true,1,66548
7290008403832,false,רוטרדם מיושנת סיימן,הנרי ויליך,NL,רוטרדם מיושנת סיימן,קילוגרמים,1.00,"ק""ג",true,,159.00,159.0000,true,1,108193
7290008409049,false,מיני שניצלונים ושומשום מאמא עוף 500 ג',תנובה גליל שותפות מו,IL,שניצלונים מיני מיני,,500.00,"100 מ""ל",false,,28.90,0.0578,true,1,49073
7290008409100,false,אצבעות שניצל ציפוי שומשום 700 ג' מאמא עוף,תנובה גליל שותפות מו,IL,אצבעות שניצל שומשום,,700.00,"100 מ""ל",false,,37.90,0.0541,true,1,29917
7290008409124,false,מאמא עוף קפוא שניצל ג'ונגל פריך 700 גרם,תנובה גליל שותפות מו,IL,שניצל גונגל פריך מאמ,,700.00,"100 מ""ל",false,,37.90,0.0541,true,1,29919
7290008409216,false,מאמא עוף קפוא שניצל דק פריך 700 גרם,תנובה גליל,IL,שניצל דק פריך מאמא ע,,700.00,"100 מ""ל",false,,44.90,0.0641,true,1,29923
7290008409223,false,שניצל דק מתובל מאמא עוף 700 ג',תנובה גליל שותפות מו,IL,שניצל דק מתובל מאמא,,700.00,"100 מ""ל",false,,44.90,0.0641,true,1,29924
7290008409315,false,מיני מיני דק שניצלונים בציפוי פריך מאמא עוף 500 ג',תנובה גליל,IL,שניצלונים מיני מיני,,500.00,"100 מ""ל",false,,28.90,0.0578,true,1,49074
7290008409407,false,שניצל דק ציפס מאמא עוף 700 ג',תנובה גליל שותפות מו,IL,שניצל דק בציפוי ציפס,,700.00,"100 מ""ל",false,,44.90,0.0641,true,1,29931
7290008409551,false,שניצל עוף אמיתי בציפוי מעודן 700 ג' מאמא עוף,תנובה גליל שותפות מו,IL,שניצל עוף אמיתי מעוד,,700.00,100 גרם,false,,44.90,0.0641,true,1,29937
7290008409582,false,שניצל אמיתי בציפוי ביתי מאמא עוף 700 ג',תנובה גליל שותפות מו,IL,שניצל אמיתי ביתי מאמ,,700.00,"100 מ""ל",false,,44.90,0.0641,true,1,29940
7290008409605,false,כוכבי עוף מאמא עוף 700 גר',תנובה גליל שותפות מו,IL,כוכבי עוף בציפוי מעו,,700.00,"100 מ""ל",false,,37.90,0.0541,true,1,29942
7290008409773,false,קציצות עוף ביתיות מאמא עוף 700 ג',תנובה גליל שותפות מו,IL,קציצות עוף ביתיות מא,,700.00,100 גרם,false,,34.90,0.0499,true,1,29947
7290008443616,false,"מרכך לשיער יבש אדום 750 מ""ל נקה 7",אמיליה קוסמטיקס בעמ,IL,נקה 7 מרכך לשיער יבש,,750.00,100 גרם,false,,12.90,0.0172,true,1,32723
7290008443647,false,"מרכך לשיער מתולתל סגול, 750 מ""ל נקה 7",אמיליה קוסמטיקס בעמ,IL,נקה 7 מרכך מועשר בתמ,,750.00,100 גרם,false,,12.90,0.0172,true,1,32726
7290008462310,false,סנט מור סימן שקיל,,,סנט מור סימן שקיל,קילוגרמים,1.00,"ק""ג",true,,179.00,179.0000,true,1,108196
7290008464024,false,בירה גולדסטאר לא מסונן פחית 500 מל,"טמפו משקאות בע""מ",IL,בירה גולדסטאר Unfilt,,500.00,100 גרם,false,,9.90,0.0198,true,1,51363
7290008464130,false,"בירה גולדסטאר לא מסונן 330X6מ""ל",טמפו,IL,גולדסטאר לא מסונן 33,,1980.00,"100 מ""ל",false,,35.90,0.0181,true,1,47777
7290008464222,false,"בירה מכבי 7.9% פחית 500 מ""ל","טמפו משקאות בע""מ",IL,בירה מכבי 7.9% פחית,,500.00,100 גרם,false,,8.50,0.0170,true,1,57498
7290008464468,false,"בירה גולדסטאר פחית 500 מ""ל","טמפו משקות בע""מ",IL,בירה גולדסטאר פחית 5,,500.00,100 גרם,false,,8.50,0.0170,true,1,22910
7290008464475,false,"בירה מכבי פחית 500 מ""ל","טמפו משקאות בע""מ",IL,בירה מכבי פחית 500 מ,,500.00,"100 מ""ל",false,,8.50,0.0170,true,1,22911
7290008464604,false,"בירה היינקן פחית 500מ""ל",טמפו משקאות בע''מ,NL,בירה היינקן הולנד פח,,500.00,100 גרם,false,,9.90,0.0198,true,1,22913
7290008464734,false,"בירה גולדסטאר SLOW BREW מארז 330X6מ""ל",טמפו משקאות בע''מ,IL,בירה גולדסטאר SLOW B,,1980.00,"100 מ""ל",false,,37.90,0.0191,true,1,77103
7290008464741,false,"בירה גולדסטאר בק' מארז 330X6מ""ל",קריות זול,IL,בירה גולדסטאר בקבוק,,1980.00,100 גרם,false,,35.90,0.0181,true,1,22917
7290008464796,false,"בירה היינקין ח""פ בקבוק 330X6מ""ל",קריות זול,IL,בירה היינקן בקבוק 6*,,1980.00,100 גרם,false,,35.90,0.0181,true,1,22920
7290008469128,false,סטייק עין קפוא,,,סטייק עין קפוא,קילוגרמים,1.00,"ק""ג",true,,59.90,59.9000,true,1,102315
7290008469593,false,שריר הזרוע מס 8 מוכש,,,שריר הזרוע מס 8 מוכש,קילוגרמים,1.00,"ק""ג",true,,29.90,29.9000,true,1,67104
7290008469715,false,חזה בקר מס 3 חלק קפו,,,חזה בקר מס 3 חלק קפו,קילוגרמים,1.00,"ק""ג",true,,34.90,34.9000,true,1,101418
7290008469760,false,שריר הזרוע מס 8 חלק,,,שריר הזרוע מס 8 חלק,קילוגרמים,1.00,"ק""ג",true,,29.90,29.9000,true,1,100476
7290008469890,false,פילה אמנון 5-7 ארוז,,,פילה אמנון 5-7 ארוז,קילוגרמים,1.00,"ק""ג",true,,29.90,29.9000,true,1,92479
7290008493413,false,פירורי גריסיני קלאסי 200גרם-חדש,מאיר בייגל,IL,פרורי גריסני שקית 20,,200.00,100 גרם,false,,6.90,0.0345,true,1,29237
7290008493710,false,פרורי גריסני זהב מאיר בייגל 200 ג',מאיר בייגל,,פרורי גריסיני זהב 20,,200.00,100 גרם,false,,6.90,0.0345,true,1,103367
7290008590136,false,שעועית צהובה חתוכה ק,משק ויילר,BE,שעועית צהובה חתוכה ק,,800.00,"100 מ""ל",false,,9.90,0.0124,true,1,104944
7290008590150,false,אפונת גינה קטנה שף ה,משק ויילר,BE,אפונת גינה קטנה שף ה,,800.00,"100 מ""ל",false,,9.90,0.0124,true,1,104568
7290008590167,false,אפונה וגזר שף הטבע,משק ויילר,BE,אפונה וגזר 800 גרם ש,,800.00,"100 מ""ל",false,,9.90,0.0124,true,1,104945
7290008590198,false,שעועית ירוקה חתוכה ש,משק ויילר,BE,שעועית ירוקה חתוכה 8,,800.00,"100 מ""ל",false,,9.90,0.0124,true,1,104946
7290008614498,false,צלעות מס'2 קפוא,,,צלעות מס'2 קפוא,קילוגרמים,1.00,"ק""ג",true,,39.90,39.9000,true,1,83859
7290008614528,false,צלי כתף מס 5 חלק מהד,,,צלי כתף מס 5 חלק מהד,קילוגרמים,1.00,"ק""ג",true,,69.90,69.9000,true,1,102262
7290008614726,false,לשון בקר חלק קפוא,,,לשון בקר חלק קפוא,קילוגרמים,1.00,"ק""ג",true,,39.90,39.9000,true,1,99408
7290008614788,false,סינטה קפוא,,,סינטה קפוא,קילוגרמים,1.00,"ק""ג",true,,69.90,69.9000,true,1,105151
7290008636926,false,קקאו הולנדי 500גרם מיה,מיה תעשיות מזון,IL,קקאו הולנדי 500 גרם,,500.00,100 גרם,false,,15.90,0.0318,true,1,65624
7290008644112,false,סלט מטבוחה יום יום אחלה 125 ג',"שטראוס גרופ בע""מ",IL,סלט מטבוחה אחלה 125ג,,125.00,"100 מ""ל",false,,5.30,0.0424,true,1,33510
7290008644235,false,עלי בייבי טעם הטבע 1,שטראוס בריאות ירקות,IL,עלי בייבי 120 גר שטר,,120.00,"100 מ""ל",false,,11.50,0.0958,true,1,33511
7290008644945,false,סלט המושבה שטופים שט,שטראוס בריאות ירקות,IL,סלט המושבה שטראוס,,450.00,"100 מ""ל",false,,12.90,0.0287,true,1,33518
7290008670029,false,"יין רקאנטי מרלו 2018 750 מ""ל",תות ממתקי איכות,IL,יין מרלו רקנאטי 750מ,,750.00,100 גרם,false,,59.90,0.0799,true,1,22233
7290008679411,false,כפפות לבית ולמטבח קט,קריות זול,,כפפות הנדי לבית ולמט,יחידה,0.00,יחידה,false,,7.90,0.0000,true,1,28940
7290008679428,false,כפפות לבית ולמטבח בי,קריות זול,,כפפות הנדי לבית ולמט,יחידה,0.00,יחידה,false,,7.90,0.0000,true,1,28941
7290008679435,false,כפפות לבית ולמטבח גד,קריות זול,,כפפות הנדי לבית ולמט,יחידה,0.00,יחידה,false,,7.90,0.0000,true,1,28942
7290008679985,false,כפפות אצבעות M,,,כפפות אצבעות M,יחידה,0.00,יחידה,false,,14.90,0.0000,true,1,28948
7290008690713,false,פריגת אושן ספריי חמוציות 1ל',מבשלות בירה בינלאומי,IL,אושן ספריי חמוציות 1,,1000.00,"100 מ""ל",false,,13.50,0.0135,true,1,28476
7290008693134,false,מעדן גבינה ויוגורט בטעם תות 5% שומן 88 ג' דניאלה,"שטראוס בריאות בע""מ",IL,דניאלה מעדן בטעם תות,,150.00,100 גרם,false,,4.10,0.0273,true,1,33527
7290008736084,false,צלי כתף מס' 5 קפוא,,,צלי כתף מס' 5 קפוא,קילוגרמים,1.00,"ק""ג",true,,69.90,69.9000,true,1,104038
7290008737289,false,גפילטע פיש בנוסח פול,"דג טעים (משווק ע""י א",,גפילטע פיש בנוסח פול,יחידה,0.00,יחידה,false,,14.90,0.0000,true,1,46181
7290008745239,false,תפוצ'יפס אקסטרא טבעי 50 ג',"שטראוס פריטו ליי בע""",IL,תפוציפס אקסטרא טבעי,,50.00,"100 מ""ל",false,,4.10,0.0820,true,1,28154
7290008747547,false,תפוצ'יפס אקסטרא 200גר טבעי,"שטראוס פריטו ליי בע""",IL,תפוציפס אקסטרא טבעי,,200.00,"100 מ""ל",false,,12.30,0.0615,true,1,28156
7290008752244,false,תפוצ'יפס אקסטרא גריל 50 גרם,"שטראוס פריטו ליי בע""",IL,תפוציפס אקסטרא גריל,,50.00,"100 מ""ל",false,,4.10,0.0820,true,1,28158
7290008753111,false,תפוציפס קראנץ מקסיקנ,"שטראוס פריטו ליי בע""",IL,תפוציפס מקסיקני 50גר,,50.00,"100 מ""ל",false,,4.10,0.0820,true,1,28160
7290008754040,false,ממרח פרה שוקולד 850 גר - מגדים,STRAUSS-ISRAEL,IL,ממרח בטעם שוקולד מגד,,850.00,"100 מ""ל",false,,18.90,0.0222,true,1,33556
7290008757034,false,"שוופס סודה זכוכית 250 מ""ל","יפאורה תבורי בע""מ",IL,סודה שוופס 250 מ״ל,,250.00,100 גרם,false,,3.90,0.0156,true,1,26993
7290008775816,false,ערגליות שוקו חדש12*300גרם 2020,מיוצר עי קונדיטוריית,IL,ערגליות שוקו אסם 300,,300.00,"100 מ""ל",false,,10.90,0.0363,true,1,24851
7290008775823,false,ערגליות תות חדש12*300גרם 2020,מיוצר עי קונדיטוריית,IL,ערגליות תות אסם 300ג,,300.00,"100 מ""ל",false,,10.90,0.0363,true,1,24852
7290008792264,false,מפיות טישיו טאצ' 100יח',"שניב תעשיות נייר בע""",,טאצ מפיות 100,,100.00,יח',false,,4.90,0.0490,true,1,36988
7290008801010,false,"יין קברנה סוביניון מרלו פרייוט קולקשן 750 מ""ל",אגודת הכורמים הקאופו,IL,יין קברנה סוביניון מ,,750.00,100 גרם,false,,39.90,0.0532,true,1,21882
7290008801157,false,מרלו סלקטד כרמל מזרחי 750 מל,קריות זול,IL,יין מרלו כרמל SELECT,,750.00,100 גרם,false,,28.90,0.0385,true,1,21886
7290008801843,false,"יין סלקטד קברנה סובניון 750מ""ל","כד בני דרום בע""מ",IL,?יין קברנה סובניון כ,,750.00,100 גרם,false,,28.90,0.0385,true,1,21896
7290008801850,false,"יין סלקטד אמרלד ריזלינג 750מ""ל",אגודת הכורמים הקואופ,IL,יין אמרלד ריזינג כרמ,,750.00,100 גרם,false,,28.90,0.0385,true,1,21897
7290008802291,false,"יין מרלו פרייוט קולקשן 750 מ""ל",אגודת הכורמים הקואופ,IL,יין מרלו כרמל .P.C,,750.00,100 גרם,false,,39.90,0.0532,true,1,21898
7290008802512,false,"יין וינו אדום יבש 750 מ""ל","כד בני דרום בע""מ",IL,יין וינו אדום יבש 75,,750.00,100 גרם,false,,19.90,0.0265,true,1,21899
7290008804332,false,שיראז אדום יבש פריווט קולקשיין 750מל,אגודת הכורמים הקואופ,IL,יין שיראז אדום יבש פ,,750.00,100 גרם,false,,39.90,0.0532,true,1,21911
7290008835954,false,"פילה אמנון 5-7 וואקום בד""ץ.",בלאדי,IL,פילה אמנון 5-7 וואקו,קילוגרמים,1.00,"ק""ג",true,,29.90,29.9000,true,1,98925
7290008836401,false,ישן נושן - יקבי אפרת 1 ליטר,יקב טפרברג 1870 בעמ,IL,יין ישן נושן 1 ליטר,,1000.00,100 גרם,false,,22.90,0.0229,true,1,22756
7290008849470,false,ממרחפלפל צומה 185 ג' אוליביה,אוליביה גורמה בעמ,IL,פלפל צומה חריף אוליב,,185.00,100 גרם,false,,14.90,0.0805,true,1,31895
7290008849753,false,רוטב טריאקי עשיר אוליביה 300 מל,מיוצר עי קונדיטוריית,IL,רוטב טריאקי עשיר אול,,300.00,"100 מ""ל",false,,14.90,0.0497,true,1,31904
7290008849845,false,ממרח אוליביה אריסה פיקנטי 180 ג',"אוליביה גרומה בע""מ",IL,אריסה פיקנטית אוליבי,,140.00,100 גרם,false,,12.90,0.0921,true,1,81761
7290008921718,false,יין תישבי גוורצטרמינ,יושלם,,גוורצטרמינר אסטייס 7,,750.00,"100 מ""ל",false,,42.90,0.0572,true,1,99153
7290008925853,false,מרלוזה פילה ארגנטיני,,,מרלוזה פילה ארגנטיני,קילוגרמים,1.00,"ק""ג",true,,34.90,34.9000,true,1,107735
7290008975551,false,מטרנה מהדרין חסכון שלב 3 700 גרם,מולינו ניקולי s.p.a,IL,מטרנה מהדרין שלב 3 7,,700.00,100 גרם,false,,59.90,0.0856,true,1,24863
7290010050109,false,רוזמרין/עירית,,,רוזמרין/עירית,יחידה,0.00,יחידה,false,,5.90,0.0000,true,1,42176
7290010051021,false,בזיליקום,,,בזיליקום,יחידה,0.00,יחידה,false,,5.90,0.0000,true,1,42062
7290010051045,false,סלט ביבי מיקס בנספק,חקלאי,IL,סלט ביבי מיקס בנספק,יחידה,0.00,יחידה,false,,9.90,0.0000,true,1,42058
7290010051052,false,פטרוזליה,,,פטרוזליה,יחידה,0.00,יחידה,false,,3.90,0.0000,true,1,22720
7290010051076,false,לבבות חסה ארוז,,,לבבות חסה,יחידה,0.00,יחידה,false,,9.90,0.0000,true,1,57908
7290010051113,false,קורנית (טימין),,,קורנית (טימין),יחידה,0.00,יחידה,false,,5.90,0.0000,true,1,42065
7290010051144,false,תרד עלים 180גר,,,תרד עלים 180גר,,180.00,"100 מ""ל",false,,8.90,0.0494,true,1,42068
7290010051168,false,כוסברה ארוז,חקלאי,IL,כוסברה,יחידה,0.00,יחידה,false,,3.90,0.0000,true,1,42047
7290010051175,false,כוסברה/שמיר ארוז,,,כוסברה/שמיר ארוז,,1000.00,"100 מ""ל",false,,3.90,0.0039,true,1,22721
7290010051182,false,נענע ארוזה,חקלאי,IL,נענע ארוזה,יחידה,0.00,יחידה,false,,3.90,0.0000,true,1,22722
7290010051199,false,שורש פטרוזיליה,,,שורש פטרוזיליה,יחידה,0.00,יחידה,false,,5.90,0.0000,true,1,42049
7290010051205,false,סלרי אמריקאי.,,,סלרי אמריקאי.,,200.00,"100 מ""ל",false,,5.90,0.0295,true,1,42050
7290010051212,false,סלרי ראש,,,סלרי ראש,יחידה,0.00,יחידה,false,,5.90,0.0000,true,1,42051
7290010051250,false,אורגנו,,,אורגנו,יחידה,0.00,יחידה,false,,5.90,0.0000,true,1,42070
7290010051267,false,פרסה לוף שלם,חקלאי,IL,פרסה לוף שלם,יחידה,0.00,יחידה,false,,8.90,0.0000,true,1,46261
7290010051281,false,עלי רוקולה/רוקט,ביכורי שדה דרום,IL,עלי רוקולה,יחידה,0.00,יחידה,false,,7.90,0.0000,true,1,54260
7290010051298,false,סלק עלים ארוז,,,סלק עלים ארוז,יחידה,0.00,יחידה,false,,6.90,0.0000,true,1,42052
7290010051311,false,סלרי חתוך,,,סלרי חתוך,,110.00,100 גרם,false,,5.90,0.0536,true,1,74477
7290010051335,false,בצל ירוק,,,בצל ירוק,,110.00,"100 מ""ל",false,,5.90,0.0536,true,1,42059
7290010051373,false,לבבות חסה א.אדמה,,,לבבות חסה א.אדמה,יחידה,0.00,יחידה,false,,9.90,0.0000,true,1,80660
7290010051434,false,חסה סלנובה,,,חסה סלנובה,יחידה,0.00,יחידה,false,,10.90,0.0000,true,1,82831
7290010051687,false,רוזמרין,,,רוזמרין,יחידה,0.00,יחידה,false,,5.90,0.0000,true,1,48101
7290010065295,false,פרינוק - מחית תפוחי עץ ובננה 130 גרם,פרינוק,CZ,"פרינוק מחית תפו""ע+בנ",,130.00,"100 מ""ל",false,,4.90,0.0377,true,1,76407
7290010065301,false,פרינוק - מחית סלט פירות 130 גרם,פרינוק,CZ,פרינוק מחית סלט פירו,,130.00,100 גרם,false,,4.90,0.0377,true,1,76408
7290010065318,false,פרינוק - ג'וניור תפוחי עץ 190 גרם,פרינוק,CZ,פרינוק מחית גוניור ת,,190.00,100 גרם,false,,6.50,0.0342,true,1,28961
7290010065332,false,פרינוק - ג'וניור פתוחי עץ ובננה 190 גרם,פרינוק,CZ,פרינוק מחית גוניור ת,,190.00,"100 מ""ל",false,,6.50,0.0342,true,1,28963
7290010065349,false,פרינוק גרבר גוניור סלט פירות 190 גר',כלורוקס אוקלנד,CZ,פרינוק מחית גוניור ס,,190.00,"100 מ""ל",false,,6.50,0.0342,true,1,28964
7290010066513,false,נתחי טונה בשמן צמחי רביעיה *158ג' פילטונה,,,נתחי טונה בשמן פילטו,,632.00,100 גרם,false,,22.90,0.0362,true,1,38052
7290010066575,false,נתחי טונה במים רביעיה *158ג' פילטונה,,,נתחי טונה במים פילטו,,632.00,100 גרם,false,,22.90,0.0362,true,1,38054
7290010066582,false,נתחי טונה בשמן קנולה רביעיה * 158 ג' פילטונה,,,נתחי טונה בשמן קנולה,,632.00,100 גרם,false,,22.90,0.0362,true,1,38055
7290010066599,false,נתחי טונה בשמן זית 4*158ג' פילטונה,תעשיות פילטונה,IL,נתחי טונה בשמן זית פ,,632.00,100 גרם,false,,29.90,0.0473,true,1,41648
7290010066957,false,נתחי טונה קטנה בשמן צמחי 960ג' פרינס,,,טונה פרינס בשמן 960ג,,960.00,"100 מ""ל",false,,29.90,0.0311,true,1,41692
7290010116980,false,אבקת שוקולית שקית עלית 850 ג',הנסיך- מפעל לייצור ט,IL,שוקולית עלית 850גר,,820.00,"100 מ""ל",false,,17.90,0.0218,true,1,33582
7290010117864,false,דוריטוס בטעם חריף אש,שטראוס פריטו ליי בע,IL,דוריטוס חריף אש 70גר,,70.00,"100 מ""ל",false,,4.40,0.0629,true,1,28168
7290010117970,false,סבבה בוטנים קלויים מצופים - אריזה אישית,"שטראוס פריטו ליי בע""",IL,בוטנים טבעי 50 גרם,,50.00,"100 מ""ל",false,,3.40,0.0680,true,1,84429
7290010118328,false,מארז תפוצ'יפס בטעם טבעי,שטראוס,IL,תפוציפס טעם טבעי מאר,,240.00,"100 מ""ל",false,,15.20,0.0633,true,1,28170
7290010124107,false,סטייקבורגר זהב 400 גר',,,סטייק בורגר זהב 400,,400.00,"100 מ""ל",false,,19.90,0.0497,true,1,84719
7290010124213,false,סינטה בקר דק דק אל מטאדור 250 ג',בלאדי,IL,סינטה בקר דק דק אל מ,,250.00,"100 מ""ל",false,,19.90,0.0796,true,1,83971
7290010124503,false,שומן כבש מעובד ארוז בלדי 200גר,,,שומן כבש 200גר,,200.00,100 גרם,false,,12.90,0.0645,true,1,35592
7290010153770,false,ציפוי לשניצל פיקנטי מיה 500 גר',מיה תעשיות מזון,IL,ציפוי לשניצל פיקנטי,,500.00,"100 מ""ל",false,,9.90,0.0198,true,1,91067
7290010153794,false,ציפוי לשניצל עם עשבי תיבול מיה 500 גר',מיה תעשיות מזון,IL,ציפוי לשניצל עשבי תי,,500.00,"100 מ""ל",false,,9.90,0.0198,true,1,91069
7290010153800,false,ציפוי לשניצל עם תיבול עדין מיה 500 גר',מיה תעשיות מזון,IL,ציפוי לשניצל תיבול ע,,500.00,"100 מ""ל",false,,9.90,0.0198,true,1,91070
7290010163069,false,צנובר שקדיה 100 גר,אף.סי תבליני בגליל ב,IL,צנובר 100גרם,,100.00,"100 מ""ל",false,,19.90,0.1990,true,1,55740
7290010173068,false,יין בר הרי גליל קברנה סוביניון 750 מל,יקב הרי גליל,IL,יין הרי גליל קברנה ס,,750.00,"100 מ""ל",false,,39.90,0.0532,true,1,22437
7290010175239,false,ממרח שוקולד טעמן 400 גר',,,ממרח שוקולד טעמן 400,,400.00,"100 מ""ל",false,,6.90,0.0173,true,1,86109
7290010175840,false,לבבות דקל שלמים במי מלח,אינאקספו,UY,לבבות דקל שלם 400גר,,400.00,100 גרם,false,,12.90,0.0323,true,1,74794
7290010176212,false,נודלס בטעם עוף בכוס 65 גר' טעמן,זיזיאנג גרין הום פוד,CN,נודלס בטעם עוף 65 גר,,65.00,"100 מ""ל",false,,5.90,0.0908,true,1,48727
7290010176229,false,נודלס בטעם בקר בכוס 65 גר' טעמן,זיזיאנג גרין הום פוד,CN,נודלס בטעם בשר 65 גר,,65.00,"100 מ""ל",false,,5.90,0.0908,true,1,48728
7290010176236,false,נודלס בטעם ירקות בכוס 65 גר' טעמן,זיזיאנג גרין הום פוד,CN,נודלס בטעם ירקות 65ג,,65.00,"100 מ""ל",false,,5.90,0.0908,true,1,32356
7290010176243,false,נודלס בטעם סיני בכוס 65 גר' טעמן,זיזיאנג גרין הום פוד,CN,נודלס בטעם פיקנטי 65,,65.00,"100 מ""ל",false,,5.90,0.0908,true,1,48729
7290010192120,false,צנונית ארוזה 400 גרם,חקלאי,IL,צנונית ארוזה,יחידה,0.00,יחידה,false,,4.90,0.0000,true,1,79534
7290010195268,false,פופקורן למיקרו בטעם טבעי מופחת שומן,פופ סטאר,US,פופסטאר בטעם טבעי מו,,425.00,"100 מ""ל",false,,13.90,0.0327,true,1,87120
7290010195275,false,פופקורן להכנה במיקרוגל בטעם חמאה מופחת שומן,פופ סטאר,US,פופסטאר חמאה מופחת ש,,425.00,100 גרם,false,,13.90,0.0327,true,1,87121
7290010237784,false,בירה שנדי בתוספת משקה לימון ליים - שישייה,"טמפו משקאות בע""מ",IL,שנדי לימון ליים שישי,,1980.00,100 גרם,false,,35.90,0.0181,true,1,22935
7290010259823,false,מנת השף מרק עם נודלס טעם עוף בדץ 70ג,נמצ'או(תאילנד) בעמ,TH,נודלס בטעם עוף מנת ה,,70.00,"100 מ""ל",false,,5.90,0.0843,true,1,25280
7290010259830,false,מנת השף נודלס בסגנון סיני פיקנטי,נמצ'או(תאילנד) בעמ,TH,נודלס סגנון סיני פיק,,70.00,"100 מ""ל",false,,5.90,0.0843,true,1,25281
7290010259847,false,מנת השף מרק עם נודלס טעם תירס בדץ 70ג,קריות זול,TH,נודלס בטעם תירס מנת,,70.00,100 גרם,false,,5.90,0.0843,true,1,25282
7290010259854,false,מנת השף נודלס בטעם פטריות בדץ 70ג,נמצ'או(תאילנד) בעמ,TH,נודלס בטעם פטריות מנ,,70.00,"100 מ""ל",false,,5.90,0.0843,true,1,25283
7290010259861,false,מנת השף מרק עם נודלס בטעם ירקות בדץ 70ג,קריות זול,TH,נודלס בטעם ירקות מנת,,70.00,"100 מ""ל",false,,5.90,0.0843,true,1,25284
7290010328246,false,טחינה גולמית שומשום מלא אחווה 500 ג',,IL,טחינה משומשום מלא 50,,500.00,100 גרם,false,,12.90,0.0258,true,1,46360
7290010328253,false,טחינה משומשום טבעי 500 גר מהדרין,"אחדות ביח""ר בעמ",IL,טחינה גולמית 500 גרם,,500.00,100 גרם,false,,11.90,0.0238,true,1,46361
7290010328468,false,אחוה חטיפי מיני חלווה 12*18 יח,שוורצקוף& הנקל דיסלד,IL,חטיפי מיני חלבה ב3 ט,,216.00,"100 מ""ל",false,,11.90,0.0551,true,1,48354
7290010328505,false,"חלבה חטיפי מיני לייטר לל""ס אחוה 150ג'",אחדות ביחר לטחינה חל,IL,חטיפי מיני חלבה ללא,,15.00,יח',false,,11.90,0.7933,true,1,50184
7290010328680,false,עוגה שוקולדו שוקוצ'יפ מריר ולבן אחוה 450ג',אחדות ביחר לטחינה חל,IL,עוגת שוקולד עם שוקוצ,,450.00,100 גרם,false,,10.90,0.0242,true,1,54776
7290010328710,false,קיצפיות אחווה 180 גר,אחדות ביחר לטחינה חל,IL,קצפיות במגש 180גר,,180.00,"100 מ""ל",false,,10.90,0.0606,true,1,55405
7290010328727,false,ממרח טחינה עם שוקולד אחווה 400 ג',אחדות ביחר לטחינה חל,IL,ממרח טחינה עם שוקולד,,400.00,"100 מ""ל",false,,10.90,0.0273,true,1,56839
7290010328895,false,מאפין בטעם שוקולד45 גרם אחוה,אחדות ביחר לטחינה חל,IL,מאפין שוקולד 45גר,,45.00,100 גרם,false,,2.90,0.0644,true,1,75397
7290010328901,false,מאפין בטעם וניל 45 גרם אחוה,אחדות ביחר לטחינה חל,IL,מאפין בטעם וניל 45גר,,45.00,"100 מ""ל",false,,2.90,0.0644,true,1,76565
7290010429554,false,"שמן זית כתית מעולה יד מרדכי 2 קלאסי, 750 מ""ל",מכוורת יד מרדכי שטרא,IL,שמן זית כתית מעולה ח,,750.00,"100 מ""ל",false,,35.90,0.0479,true,1,33599
7290010454051,false,מפיות טרנדי תלת-שכבת,,,מפיות טרנדי תלת-שכבת,יחידה,0.00,יחידה,false,,6.90,0.0000,true,1,42312
7290010454167,false,מפות שולחן,,,מפות שולחן,יחידה,0.00,יחידה,false,,6.90,0.0000,true,1,47382
7290010454402,false,מפות שולחן,,,מפות שולחן,יחידה,0.00,יחידה,false,,6.90,0.0000,true,1,47383
7290010471669,false,יוגורט תות עם קורנפלקס מצופה שוקולד ללא גלוטן 3.9%,"שטראוס בריאות בע""מ",IL,דנונה בר תות קורנפלק,,173.00,"100 מ""ל",false,,5.10,0.0295,true,1,33605
7290010472307,false,מארז 8 יחידות משקה גמדים בטעם תות בננה,"שטראוס בריאות בע""מ",IL,מארז שמינייה גמדים ת,,800.00,"100 מ""ל",false,,22.50,0.0281,true,1,33610
7290010472390,false,מארז 8 יחידות מעדן דני בטעם שוקולד 1.5%,מיוצר עי קונדיטוריית,IL,דני שוקולד מארז 8*12,,1000.00,"100 מ""ל",false,,17.90,0.0179,true,1,33612
7290010513727,false,פנקו פרורי לחם יפניי,קינגדאו גוניון פודס,CN,פירורי לחם פנקו 200ג,,200.00,100 גרם,false,,8.90,0.0445,true,1,48057
7290010548514,false,עשבי תיבול לבישול איטלקי,עיצובים 2020 (3.8),IL,עשבי תיבול לבישול אי,,70.00,100 גרם,false,,11.90,0.1700,true,1,85293
7290010561360,false,ברילי באגט EXTRA קמח טף 360 ג',קרלו,IL,ברילי באגט אקסטרה קמ,,360.00,100 גרם,false,,18.90,0.0525,true,1,102388
7290010561421,false,ברילי לחם כפרי EXTRA קמח טף 500 ג',אשבל מזון פונקציונלי,IL,ברילי לחם כפרי אקסטר,,500.00,100 גרם,false,,19.90,0.0398,true,1,102390
7290010561445,false,פיתות ללא גלוטן - 5 יח',אשבל מזון פונקציונלי,IL,ברילי פיתות ללא גלוט,,420.00,100 גרם,false,,19.90,0.0474,true,1,102391
7290010613953,false,דלי מטליות לניקוי וחיטוי בניחוח מלון בוטיק 250 יח' טאצ',סאסאטק,IL,דלי מטליות לניקוי וח,יחידה,0.00,יחידה,false,,10.90,0.0000,true,1,103626
7290010613977,false,מטליות רצפה לפרקט 10 יח' טאצ',,,טאצ' מטליות רצפה חד,יחידה,0.00,יחידה,false,,10.00,0.0000,true,1,104545
7290010613991,false,מטליות רצפה בניחוח מרכך כביסה 10 יח' טאצ',,,טאצ' מטליות רצפה חד,יחידה,0.00,יחידה,false,,10.00,0.0000,true,1,104547
7290010711123,false,"ננס רביעיה ""שייני"" ח",,,"ננס רביעיה ""שייני""",יחידה,0.00,יחידה,false,,6.90,0.0000,true,1,34756
7290010711932,false,שייני מטליות אינטנסיב רב שימושית 9 יח',,,מטליות רב שימושיות 9,,9.00,יח',false,,9.90,1.1000,true,1,42527
7290010718634,false,"פנינה רוזנבלום -אל סבון נוזלי לבן,1 ליטר",,,אל סבון לבן פנינה רו,,1000.00,100 גרם,false,,10.90,0.0109,true,1,91427
7290010748884,false,קרם גוף אינטנסיב Intensive לעור יבש במיוחד,פישר מעבדות פרמצבטיו,IL,קרם גוף אפקטיב טינטנ,,700.00,"100 מ""ל",false,,32.90,0.0470,true,1,91159
7290010766185,false,רוטב פסטה בזיליקום ע.תיבול אוליביה 420ג',אוליביה,IL,רוטב לפסטה עגב ובזיל,,420.00,"100 מ""ל",false,,13.90,0.0331,true,1,42950
7290010766949,false,ממרח תחתיות ארטישוק 180ג' אוליביה,אוליביה,IL,ממרח ארטישוק 180 גרם,,180.00,"100 מ""ל",false,,14.90,0.0828,true,1,31938
7290010766956,false,אוליביה ממרח פלפלים מתוקים אדומים 180 גר,אוליביה,IL,ממרח פלפלים מתוקים 1,,180.00,"100 מ""ל",false,,14.90,0.0828,true,1,31939
7290010777150,false,פיתה חיטה מלאה בריבוע 8יח' שקית 800 גר',מגוון שיווק והפצת מא,IL,פיתה קמח מלא מארז 8י,יחידה,0.00,יחידה,false,,13.90,0.0000,true,1,46052
7290010777488,false,פיתות מחמצת 100% קמח מלא 10 יח,מאפיית ביכורים מזון,IL,פיתה מחמצת מחיטה מלא,יחידה,0.00,יחידה,false,,16.90,0.0000,true,1,107497
7290010777525,false,פיתות 100% כוסמין דק 99 קל 6 יח,מאפיית ביכורים מזון,IL,פיתות כוסמין מלא 100,יחידה,0.00,יחידה,false,,16.90,0.0000,true,1,108137
7290010791538,false,שימורי עוף גורמה לה קט 85 ג',"הייקיו, תאילנד",TH,לה קט דליקטס עוף גור,,85.00,"100 מ""ל",false,,5.90,0.0694,true,1,25701
7290010791552,false,מזון חתולים דליקטס נ,"הייקיו, תאילנד",TH,לה קט דליקטס טונה בר,,85.00,100 גרם,false,,5.90,0.0694,true,1,25703
7290010814244,false,שלשות שוקולד מריר 85 גרם*3 בלמינט *18 בקרטון,כרמית תעשיות ממתקים,IL,שוקולד מריר כרמית מא,,255.00,100 גרם,false,,9.90,0.0388,true,1,35844
7290010814695,false,שוקולד מריר ללא תוספת סוכר וסטהיים,כרמית תעשיות ממתקים,IL,שוקולד מריר ללא סוכר,,85.00,"100 מ""ל",false,,6.90,0.0812,true,1,35852
7290010814701,false,שוקולד חלב ללא תוספת סוכר וסטהיים,כרמית תעשיות ממתקים,IL,שוקולד חלב ללא סוכר,,85.00,"100 מ""ל",false,,6.90,0.0812,true,1,45850
7290010838219,false,ממתיק על בסיס צמח הסטיביה - שקיות,תות ממתקי איכות,IL,סטיביה 100 שק,יחידה,0.00,יחידה,false,,29.90,0.0000,true,1,45690
7290010849505,false,יין למברוסקו די לואיג'י רוסו דולצ'ה,פארייפאבה אגרואינדוס,IT,למברוסקו די לואיג'י,,750.00,100 גרם,false,,31.90,0.0425,true,1,31687
7290010849529,false,יין למברוסקו די לואיג'י ביאנקו,פארייפאבה אגרואינדוס,IT,למברוסקו די לואיג'י,,750.00,"100 מ""ל",false,,31.90,0.0425,true,1,31689
7290010922857,false,"מנגו קפוא 250 גרם בד""ץ עדה חרדית",,,"מנגו קפוא בד""ץ 250 ג",,250.00,"100 מ""ל",false,,11.90,0.0476,true,1,106538
7290010931330,false,סלט מטבוחה אחלה 500ג,מיוצר עי קונדיטוריית,IL,סלט מטבוחה אחלה 500ג,,500.00,"100 מ""ל",false,,16.90,0.0338,true,1,33624
7290010945306,false,חלב 3% בקרטון 2 ל' טרה,קריות זול,IL,חלב 3% בקרטון טרה 2,,2000.00,100 גרם,false,,12.46,0.0062,true,1,28502
7290010970223,false,חומץ יין אדום מונטני,יושלם,IL,חומץ יין אדום מונטני,,500.00,"100 מ""ל",false,,17.50,0.0350,true,1,54030
7290011015862,false,"פריגת סירופ דיאט לימונענע 750 מ""ל",סירופ - גבעת חיים,IL,סירופ דיאט לימונענע,,750.00,100 גרם,false,,23.90,0.0319,true,1,28523
7290011017866,false,קוקה קולה קלאסי בפחית,החברה המרכזית לייצור,IL,קוקה קולה סליק 330מל,,330.00,"100 מ""ל",false,,6.50,0.0197,true,1,46128
7290011017873,false,"קוקה קולה זירו פחית 330 מ""ל",החברה המרכזית לייצור,IL,קוקה קולה זירו סילק,,330.00,"100 מ""ל",false,,6.50,0.0197,true,1,46129
7290011018832,false,קוקה קולה פרידג' פאק פחיות 6*330מל,החברה המרכזית לייצור,IL,קוקה קולה פחיות שישי,,1980.00,"100 מ""ל",false,,28.90,0.0146,true,1,48043
7290011018917,false,קוקה קולה זירו פרידג'פק סליק 6*330מל,החברה המרכזית לייצור,IL,קוקה קולה זירו פחיות,,1980.00,100 גרם,false,,28.90,0.0146,true,1,48044
7290011018924,false,דיאט קוקה קולה פרידג'פק סליק 6*330מל,החברה המרכזית לייצור,IL,דיאט קוקה קולה מאגדת,,1980.00,"100 מ""ל",false,,28.90,0.0146,true,1,48045
7290011022464,false,תבנית 210 ר99 ארוז 4,,,תבנית 210 ר99 ארוז 4,יחידה,0.00,יחידה,false,,9.90,0.0000,true,1,98855
7290011022921,false,תבנית 105 ארוז 8יח',,,תבנית 105 ארוז 8יח',יחידה,0.00,יחידה,false,,9.90,0.0000,true,1,98857
7290011022938,false,תבנית 8B ארוז 15 ר29,,,תבנית 8B ארוז 15 ר29,יחידה,0.00,יחידה,false,,9.90,0.0000,true,1,98858
7290011022952,false,תבנית עגולה ארוז 6יח,,,תבנית עגולה ארוז 6יח,יחידה,0.00,יחידה,false,,9.90,0.0000,true,1,98860
7290011026066,false,"ד""ר פישר - סרקל שמפו + מרכך לילדים 1 ליטר","ד""ר פישר Dr fischer",IL,סרקל שמפו + מרכך ליל,,1000.00,100 גרם,false,,29.90,0.0299,true,1,69313
7290011064020,false,בולגרית למריחה 13% 200 ג' ניצן,גבינות ניצן,,בולגרית בעיר 200 גרם,,200.00,"100 מ""ל",false,,12.90,0.0645,true,1,91189
7290011064075,false,מעדן לאבנה ניצן אבו גוש 200 ג',גבינות עמיר ניצן,,לאבנה אבו גוש 200 גר,,200.00,"100 מ""ל",false,,12.90,0.0645,true,1,91190
7290011064099,false,טאפס פלפלוני שרי ממולאים במעדן גבינה,"ניצן מותגי מזון בע""מ",IL,פלפלוני שרי ממולא 12,,125.00,"100 מ""ל",false,,19.90,0.1592,true,1,91191
7290011108007,false,כוסברה יח' מהדרין,,,כוסברה מהדרין,,1000.00,"100 מ""ל",false,,5.90,0.0059,true,1,81778
7290011108014,false,שמיר מהדרין,,,שמיר מהדרין,,1000.00,"100 מ""ל",false,,5.90,0.0059,true,1,81780
7290011108021,false,נענע מהדרין,,,נענע מהדרין,,1000.00,"100 מ""ל",false,,5.90,0.0059,true,1,81781
7290011108038,false,פטרוזליה מהדרין,,,פטרוזליה מהדרין,,1000.00,"100 מ""ל",false,,5.90,0.0059,true,1,81779
7290011108045,false,סלרי עלים מהדרין,,,סלרי עלים מהדרין,יחידה,0.00,יחידה,false,,6.90,0.0000,true,1,81782
7290011108106,false,סלק עלים מהדרין,,,סלק עלים מהדרין,,1000.00,"100 מ""ל",false,,6.90,0.0069,true,1,81785
7290011108113,false,חסה מהדרין קטיף הארץ,,,חסה מהדרין קטיף הארץ,יחידה,0.00,יחידה,false,,6.90,0.0000,true,1,81776
7290011108823,false,פטרוזליה מהדרין,,,פטרוזליה מהדרין,,1000.00,"100 מ""ל",false,,5.90,0.0059,true,1,104016
7290011108892,false,כרוב לבן מהדרין,,,כרוב לבן מהדרין,קילוגרמים,1.00,"ק""ג",true,,12.90,12.9000,true,1,104023
7290011108908,false,כרוב אדום מהדרין,,,כרוב אדום מהדרין,קילוגרמים,1.00,"ק""ג",true,,12.90,12.9000,true,1,104024
7290011115241,false,אל סבון ארומטי מוצק ורוד ורד ויסמין - מארז רביעיה,גליל כימיקלים בעמ,IL,נקה 7 סבון מוצק ארומ,,400.00,"100 מ""ל",false,,11.90,0.0298,true,1,32766
7290011115258,false,אל סבון מוצק מבושם בניחוח עדין קלאסיק - מארז רביעיה,גליל כימיקלים בעמ,IL,נקה 7 סבון מוצק ירוק,,400.00,"100 מ""ל",false,,11.90,0.0298,true,1,32767
7290011115265,false,מארז סבון מוצק ארומה אל סבון מועשר בשמנים ארומטיים,גליל כימיקלים בעמ,IL,נקה 7 סבון מוצק לילך,,400.00,"100 מ""ל",false,,11.90,0.0298,true,1,32768
7290011115289,false,אל סבון מוצק מבושם בניחוח עדין קלאסיק - מארז רביעיה,"גליל כימיכלים בע""מ",IL,נקה 7 סבון מוצק לילך,,400.00,100 גרם,false,,11.90,0.0298,true,1,32770
7290011115296,false,אל סבון מוצק מועשר בקרם לחות לבנדר - מארז רביעיה,נקה 7,,נקה 7 סבון מוצק לחות,,400.00,"100 מ""ל",false,,11.90,0.0298,true,1,32771
7290011115401,false,אל סבון ארומטי מוצק צהוב קמומיל - רביעייה,נקה 7,IL,נקה 7 סבון מוצק לבן,,400.00,"100 מ""ל",false,,11.90,0.0298,true,1,32779
7290011126469,false,תה קמומיל ודבש 1.5ג' *25 שקיקים,קריות זול,IL,תה קמומיל ודבש הגן ה,,37.50,"100 מ""ל",false,,19.90,0.5307,true,1,31019
7290011126957,false,תה יסוצקי ירוק ארל גריי 25 יח',ויסוצקי ירוק,IL,תה ירוק ארל גריי 25י,,37.50,"100 מ""ל",false,,25.90,0.6907,true,1,31029
7290011174323,false,"צ'יפס אמריקאי 1.5 ק""ג פרי הגליל","פרי הגליל בע""""מ",IL,ציפס אמריקאי קפוא 1.,,1500.00,100 גרם,false,,22.90,0.0153,true,1,67955
7290011194215,false,מעדן גבינה ויוגורט בטעם בננה 5% שומן 88 ג' דניאלה,"שטראוס בריאות בע""מ",IL,דניאלה מעדן בטעם בננ,,150.00,100 גרם,false,,4.10,0.0273,true,1,33642
7290011194246,false,קוטג שטראוס 5% עם סידן 250ג,מיוצר עי קונדיטוריית,IL,גבינת קוטג׳ 5% שטראו,,250.00,יח',false,,5.90,0.0236,true,1,33643
7290011223038,false,עלים לקרמשניט - בונומי 300גרם,בונומי ס.פ.א,IT,עלים לקרמשניט 300גר,,400.00,"100 מ""ל",false,,16.90,0.0422,true,1,26051
7290011223243,false,"טואלט דאק ג'ל לאסלה בניחוח לבנדר 55 מ""ל","איטיליאן פוד, אס.פי.",IT,טואלט דאק ג'ל אסלה נ,,55.00,"100 מ""ל",false,,9.90,0.1800,true,1,26059
7290011236649,false,שקדיה שוקולד צ'יפס בלגי 300 ג',קריות זול,,נטיפי שוקולד צ'יפס א,,300.00,"100 מ""ל",false,,9.90,0.0330,true,1,99300
7290011239404,false,עמוס חטיפים שונים אר,ממתקי מחרום,,חטיפי מחרום 330גרם,,330.00,100 גרם,false,,15.90,0.0482,true,1,103050
7290011254001,false,זרעי פשתן 450 גר,מיה תעשיות מזון,IL,זרעי פשתן 450 גר,,450.00,"100 מ""ל",false,,6.90,0.0153,true,1,68529
7290011254018,false,שעועית מש מיה 500 גר',מיה תעשיות מזון,IL,שעועית מש 500גר,,500.00,"100 מ""ל",false,,9.90,0.0198,true,1,68530
7290011254254,false,נטיפים צמקאו בטעם שוקולד,מיה תעשיות מזון,IL,נטיפי שוקולד 300 גרם,,300.00,"100 מ""ל",false,,9.90,0.0330,true,1,80130
7290011369736,false,מזלף למקלחת טיפות,,,מזלף למקלחת טיפות,יחידה,0.00,יחידה,false,,27.90,0.0000,true,1,84600
7290011378769,false,בארכה - חטיף בקטנה חלבה וניל 20 גרם * 6,רושדי תעשיות מזון בע,IL,בארכה חטיף חלבה וניל,,126.00,100 גרם,false,,13.90,0.1103,true,1,46735
7290011379018,false,מארז משפחתי שמפיניון 500 ג' מרינה,מרינה פטריות הגליל,IL,פטריות צמד חמד איטלק,,500.00,"100 מ""ל",false,,15.90,0.0318,true,1,22654
7290011431488,false,"אציטון 100 מ""ל",,,"אצטון 100 מ""ל",יחידה,0.00,יחידה,false,,4.90,0.0000,true,1,102911
7290011431853,false,מפות שמיניה עבה קריסטלי ר.שמאי,,,מפות שמיניות עבה כתו,יחידה,0.00,יחידה,false,,7.90,0.0000,true,1,98848
7290011447014,false,מטרנה דייסת סלט פירות 200גרם,קריות זול,IL,דייסת סלט פירות מטרנ,,200.00,100 גרם,false,,15.90,0.0795,true,1,24888
7290011447267,false,תרכובת מזון המשך לפעוטות שלב 1 חלבי,מטרנה תעשיות ש.מ,IL,מטרנה חלבי שלב 1 700,,700.00,100 גרם,false,,59.90,0.0856,true,1,24896
7290011447281,false,תרכובת מזון המשך לפעוטות שלב 2 חלבי,מטרנה תעשיות ש.מ,IL,מטרנה חלבי שלב 2 700,,700.00,100 גרם,false,,59.90,0.0856,true,1,24898
7290011447359,false,תרכובת מזון המשך לפעוטות מהדרין שלב 1,מולינו ניקולי s.p.a,IL,מטרנה מהדרין שלב 1 7,,700.00,"100 מ""ל",false,,59.90,0.0856,true,1,24902
7290011447748,false,"סופר-קט בטעם אוקיאנוס וטונה 3 ק""ג",קריות זול,IL,סופר קט דגי אוקיאנוס,קילוגרמים,3.00,"ק""ג",false,,54.90,18.3000,true,1,25721
7290011447908,false,"סופר-קט בטעם עוף כבד 3 ק""ג",קריות זול,IL,סופר קט עוף כבד 3קג,קילוגרמים,3.00,"ק""ג",false,,54.90,18.3000,true,1,25722
7290011489298,false,הדר קרם קרקר חיטה מלאה 250 גרם,אפיפית נצרת,IL,קרם קרקר חיטה מלאה 2,,250.00,100 גרם,false,,6.90,0.0276,true,1,86818
7290011489533,false,בייגלה שמיניות עם מל,,,בייגלה שמיניות עם מל,,300.00,100 גרם,false,,5.90,0.0197,true,1,50156
7290011489540,false,בייגלה שמיניות עם שו,,,בייגלה שמיניות עם שו,,300.00,"100 מ""ל",false,,5.90,0.0197,true,1,50157
7290011489601,false,קרקר טופז בטעם בצל ה,אפיפית נצרת,IL,קרקר טופז בצל 110גר,,110.00,100 גרם,false,,3.50,0.0318,true,1,50710
7290011489625,false,פתי בר ביסקויט בטעם שוקו,אפיפית נצרת,IL,ביסקוויט פתי בר קקאו,,110.00,"100 מ""ל",false,,3.50,0.0318,true,1,86821
7290011499051,false,פטה כבשים מסורתית 20% בגביע 250 גרם - רובין,MKN עבור מחלבות גד ב,IL,פטה כבשים בגביע 250,,250.00,"100 מ""ל",false,,28.90,0.1156,true,1,22110
7290011499112,false,בולגרית מסורתית 16% 250 גרם - רבנות,"מיוצר ע""י dsh",IL,בולגרית 16% מסורתית,,250.00,"100 מ""ל",false,,23.90,0.0956,true,1,22112
7290011499129,false,בולגרית מעודנת קוביות קטנות 5% 200 גרם - רבנות,קוד יצרן DSH,IL,בולגרית מעודנת קוביו,,200.00,"100 מ""ל",false,,24.90,0.1245,true,1,22113
7290011499303,false,פטה עיזים מעודנת 5% בגביע 250 גרם - רבנות,ג'נרל מילס סאן אדריא,IL,פטה עזים מעודנת 250,,250.00,100 גרם,false,,31.90,0.1276,true,1,22120
7290011499327,false,גבינה בולגרית מעודנת 5% 250 גרם - רבנות,מיוצר על ידי DSH עבו,IL,בולגרית בקר מעודנת 2,,250.00,100 גרם,false,,23.90,0.0956,true,1,22122
7290011499365,false,גד חלומי 24% 200 גרם רובין,"מחלבות גד בע""מ",IL,גבינת חלומי מחלבות ג,,200.00,"100 מ""ל",false,,22.70,0.1135,true,1,22126
7290011499419,false,גבינה במרקם שמנת בטעם טבעי 5% ניו יורק,מחלבות גד,IL,קרם שמנת ניו יורק טב,,200.00,"100 מ""ל",false,,13.90,0.0695,true,1,81682
7290011499525,false,גד לאבנה דרוזית 9% 500 ג',מחלבות גד בעמ,IL,לאבנה דרוזית 9% 500ג,,500.00,100 גרם,false,,19.60,0.0392,true,1,22133
7290011499624,false,שמנת 30% ניו יורק טבעי 200 גרם רבנות,מחלבות גד,IL,גבינת שמנת ניו יורק,,200.00,100 גרם,false,,13.90,0.0695,true,1,22136
7290011499846,false,גבינת ריקוטה פרסקה 9% 300 ג' גד,מחלבות גד בעמ,IL,גד ריקוטה פרסקה 9% ש,,300.00,100 גרם,false,,18.90,0.0630,true,1,44634
7290011499853,false,גבינת שמנת עם זיתים 30% ניו יורק,מחלבות גד (שיווק 199,IL,גבינת שמנת ניו יורק,,200.00,"100 מ""ל",false,,13.90,0.0695,true,1,47797
7290011501617,false,חמוציות ברכז פרי ללא,אף.סי תבליני בגליל ב,IL,חמוציות דל סוכר 250ג,,250.00,100 גרם,false,,16.90,0.0676,true,1,51775
7290011502850,false,דלישס מיזלי עם פירות 500גר,"דין שיווק וקליה בע""מ",,דלישס מוזלי עם פירות,,500.00,100 גרם,false,,10.00,0.0200,true,1,81514
7290011514273,false,וואקום ירח סגור,,,וואקום ירח סגור,יחידה,0.00,יחידה,false,,9.90,0.0000,true,1,57142
7290011514280,false,וואקום סקוטש פתוח,,,וואקום סקוטש פתוח,יחידה,0.00,יחידה,false,,7.90,0.0000,true,1,57143
7290011514464,false,גומיות צבעוניות,,,גומיות צבעוניות,יחידה,0.00,יחידה,false,,7.90,0.0000,true,1,87879
7290011514594,false,מסננים לכיור - זוג,,,מסננים לכיור-זוג,יחידה,0.00,יחידה,false,,7.90,0.0000,true,1,84541
7290011514709,false,מתלים וואקום - זוג,,,מתלים וואקום זוג,יחידה,0.00,יחידה,false,,9.90,0.0000,true,1,91855
7290011514761,false,סיכות ביטחון 3 גדלים,,,סיכות ביטחון 3 גדלים,יחידה,0.00,יחידה,false,,6.90,0.0000,true,1,91834
7290011514990,false,מספריים איכותיות,,,מספריים איכותיות,יחידה,0.00,יחידה,false,,10.90,0.0000,true,1,57146
7290011518561,false,"אקטימל תות משפחתי מארז 14X100מ""ל",מיוצר עי קונדיטוריית,IL,אקטימל תות משפחתי 14,,1400.00,100 גרם,false,,32.90,0.0235,true,1,33701
7290011524555,false,שעועית לבנה אפויה 800 ג' פרי הגליל,"פרי הגליל בע""""מ",IL,שעועית לבנה אפויה 80,,800.00,"100 מ""ל",false,,12.90,0.0161,true,1,74811
7290011525712,false,"קמיל בלו סנסיטיב אל סבון לפני השינה, 1 ליטר","ד""ר פישר Dr fischer",IL,קמיל בלו סנסיטיב לפנ,,1000.00,"100 מ""ל",false,,32.90,0.0329,true,1,69320
7290011530945,false,קרפציו עגל פרימיום 2,בלדי,IL,קרפציו עגל 210 גרם,,210.00,100 גרם,false,,39.90,0.1900,true,1,93020
7290011537371,false,פסטה קונכיות טעמן 500 גר',מוטלו,TR,פסטה קצרה צורות שונו,,500.00,100 גרם,false,,4.90,0.0098,true,1,86119
7290011575007,false,"הפי מרסס שומר ברק למקלחון 750 מ""ל",מיפא,DE,הפי מרסס לאמבט 750 מ,,750.00,"100 מ""ל",false,,19.90,0.0265,true,1,27888
7290011587079,false,חרדל דיז'ון גרגירים 370 ג' PICCATA,Covinor sas,,חרדל דיז'ון גרגרים 3,,370.00,100 גרם,false,,8.90,0.0241,true,1,51885
7290011587598,false,שימורי אנשובי בפח 45 ג' תומר,אינוורסיונס פריסקו,,פילה אנשובי 45גר,,45.00,"100 מ""ל",false,,7.90,0.1756,true,1,56686
7290011587857,false,עגבניות מיובשות בשמן חמניות ועשבי תיבול,Sunto gida sun ve ti,,עגבניות מיובשות מתוב,,250.00,100 גרם,false,,9.90,0.0396,true,1,76245
7290011598211,false,"סנו - אנטי קאלק מרסס ניקוי כללי 4 ב-1 700 מ""ל",מיוצר עי קונדיטוריית,IL,סנו אנטי קאלק ניקוי,,700.00,100 גרם,false,,19.90,0.0284,true,1,26580
7290011598259,false,"סנו - פרש מילוי למטהר אוויר מאסק 250 מ""ל",סנו מפעלי ברונוס בעמ,IL,מטהר אוויר פרש אוטומ,יחידה,0.00,יחידה,false,,15.90,0.0000,true,1,98454
7290011598402,false,מרכך כביסה מקסימה מאסק ורוד 4 ל' סנו,סנו מקסימה,IL,סנו מקסימה מרכך כביס,ליטרים,4.00,ליטר,false,,22.90,5.7250,true,1,26584
7290011607180,false,"קולון 101 לכביסה 1.25 ק""ג",ריקט בנקיזר ( ניר אי,IL,קולון 101כתמים אבקת,קילוגרמים,1.25,"ק""ג",false,,10.90,8.7200,true,1,36129
7290011607197,false,"אבקת כביסה קולון 5 ק""ג",רקיט בנקיזר,IL,קולון 101כתמים אבקת,קילוגרמים,5.00,"ק""ג",false,,34.90,6.9800,true,1,36130
7290011618025,false,חטיף אורז אפוי לתינוקות בטעם טבעי +6,גואנז'ו יונג וואנט פ,CN,נגיסי אורז לתינוק בט,,150.00,"100 מ""ל",false,,12.90,0.0860,true,1,41139
7290011618124,false,חטיף אורז אפוי לתינוקות בטעם ירקות +6,גואנז'ו יונג וואנט פ,CN,בייבי ביס נגסי אורז,,50.00,"100 מ""ל",false,,12.90,0.2580,true,1,26082
7290011618131,false,"בייבי ביס חטיף אורז כשל""פ בטעם גזר",גואנז'ו יונג וואנט פ,CN,בייבי ביס נגסי אורז,,50.00,100 גרם,false,,12.90,0.2580,true,1,26083
7290011618216,false,בייבי ביס חטיף אורז בטעם בננה,גואנז'ו יונג וואנט פ,CN,בייבי ביס לתינוקות ב,,50.00,"100 מ""ל",false,,12.90,0.2580,true,1,41140
7290011622428,false,כתמטמינים-חטיף בריאות לתינוקות וילדים 45 ג',מיוצר עבור גולדן האר,IL,כתמטמינים חטיף בריאו,,45.00,100 גרם,false,,7.90,0.1756,true,1,49759
7290011622664,false,כתמטמינים - חטיף אצבעות טחינה אורז ותירס 45 גרם,אלס נוטרישן,IL,כתמטמינים טחינה 45 ג,,45.00,100 גרם,false,,7.90,0.1756,true,1,107430
7290011668570,false,גרנולה פירות יבשים ללא תוספת סוכר,בריא מהטבע פנינה רוזנבלום,IL,גרנולה פירות יבשים פ,,450.00,"100 מ""ל",false,,29.90,0.0664,true,1,91439
7290011725013,false,כוסברה ארוזה למהדרין,ברכת קטיף,IL,כוסברה גלאט,,1000.00,100 גרם,false,,5.90,0.0059,true,1,56887
7290011725037,false,נענע ארוזה למהדרין,ברכת קטיף,IL,נענע גלאט,,1000.00,100 גרם,false,,5.90,0.0059,true,1,56889
7290011725044,false,סלרי אמרקאי גוש קטיף,ברכת קטיף,IL,סלרי,יחידה,0.00,יחידה,false,,5.90,0.0000,true,1,56885
7290011725051,false,חסה גוש קטיף,ברכת קטיף,IL,חסה מהדרין,יחידה,0.00,יחידה,false,,6.90,0.0000,true,1,56733
7290011725068,false,מנגולד סלק עלים אפרתי,ברכת קטיף,IL,עלי מנגולד,,1000.00,"100 מ""ל",false,,5.90,0.0059,true,1,56890
7290011725167,false,בצל ירוק ארוז למהדרין,,,בצל ירוק,,1000.00,"100 מ""ל",false,,7.90,0.0079,true,1,56891
7290011725457,false,בצל ירוק למהדרין הית,,,בצל ירוק מהדרין,יחידה,0.00,יחידה,false,,6.90,0.0000,true,1,103878
7290011732172,false,שרשרת 24 יח שקית משפחתית מהדרין,גואנגדונג צאואן פוד,CN,סוכריות שרשרת טעמן 2,יחידה,0.00,יחידה,false,,19.90,0.0000,true,1,86120
7290011743833,false,משחת שיניים פרונמל Pro namel מנטה,גלקסו סמית קליין,GB,סנסודיין משחת שיניים,,75.00,100 גרם,false,,21.90,0.2920,true,1,35897
7290011765088,false,ג'ל גילוח לעור רגיל מנטול Cool,טרופיקל דגיל תעשיות,TR,קרמה גל גילוח קול 20,,200.00,"100 מ""ל",false,,12.90,0.0645,true,1,26589
7290011765095,false,ג'ל גילוח לעור עדין אלוורה,טרופיקל דגיל תעשיות,TR,קרמה גל גילוח דליקט,,200.00,100 גרם,false,,12.90,0.0645,true,1,26590
7290011765446,false,משחת שיניים לילדים בוב ספוג בטעם מיץ ענבים עם פלואוריד למניעת עששת,טרופיקל דגיל תעשיות,IL,אורביטול משחת שיניים,,70.00,100 גרם,false,,7.90,0.1129,true,1,26604
7290011800840,false,טחינה בלאדי רפי כהן 400 ג' צבר,סלטי צבר,IL,טחינה בלאדי צבר 400ג,,400.00,"100 מ""ל",false,,16.90,0.0422,true,1,24917
7290011860271,false,ביסבול כדורי פירה בציפוי פריך,"תעשיות תפוגן בע""מ",IL,ביסבול טבעי תפוגן 70,,700.00,100 גרם,false,,16.90,0.0241,true,1,24919
7290011877156,false,"מבשם אוויר, בגדים וארונות פרש בניחוח מאסק",מיוצר עי קונדיטוריית,IL,סנו פרש ענק מאסק 375,,375.00,100 גרם,false,,11.90,0.0317,true,1,26609
7290011877446,false,"כיף - בייבי כיף קרם גירויים 100 מ""ל",קוסמופארם בע''מ,IL,קרם נגד גירויים בייב,,100.00,"100 מ""ל",false,,10.90,0.1090,true,1,26611
7290011877859,false,סנו אינסטלטור חדש פותח סתימות 200ג',מיוצר עי קונדיטוריית,IL,פותח סתימות סנו אינס,,200.00,100 גרם,false,,11.90,0.0595,true,1,26620
7290011877866,false,אבקת כביסה סנו מקסימה בניחוח Musk,"איי, בי, אינבוו",IL,סנו מקסימה מאסק אבקת,קילוגרמים,6.00,"ק""ג",false,,49.90,8.3167,true,1,26621
7290011885007,false,הטיב פקאן סיני 200ג בשקית,דין שיווק,,פקאן סיני 200גר,,200.00,100 גרם,false,,21.90,0.1095,true,1,34674
7290011947309,false,זיתים מצוננים סורי מבוקע ולימון כבוש זיתא 230 ג',זיתא – י.ט.ב תעשיות,IL,זית סורי מבוקע עם לי,,230.00,100 גרם,false,,13.90,0.0604,true,1,49800
7290011947781,false,מיקס זית ירוק וזית קלמטה ללא גלעין עם שמן זית 190 ג',זיתא,IL,מיקס זית ירוק וזית ק,,215.00,"100 מ""ל",false,,13.90,0.0647,true,1,101547
7290011964344,false,תבלין שום גבישי 120 ג',תות ממתקי איכות,IL,שום גבישי 120גר,,120.00,100 גרם,false,,11.90,0.0992,true,1,35218
7290011964542,false,תבלין פפריקה מתוקה 400ג',תות ממתקי איכות,IL,פפריקה מתוקה 400גר,,400.00,100 גרם,false,,22.90,0.0572,true,1,35219
7290011964597,false,תבלין כמון טחון 400גר,תבליני טעם וריח,IL,כמון טחון 400גר,,400.00,"100 מ""ל",false,,24.90,0.0622,true,1,35221
7290011964658,false,תבלין מלח לימון טעם,תות ממתקי איכות,IL,מלח לימון 170גר,,170.00,100 גרם,false,,9.90,0.0582,true,1,35225
7290011964702,false,תבלין תיבול לשווארמה ללא מונוסו' 100ג',תות ממתקי איכות,IL,תיבול לשווארמה ללא מ,,100.00,"100 מ""ל",false,,9.90,0.0990,true,1,35228
7290011977627,false,סרדינים בשמן צמחי 125 גר',טעים,MA,סרדין בשמן צמחי 125,,125.00,100 גרם,false,,6.90,0.0552,true,1,48553
7290011977665,false,טעים סרדינים ברוטב עגבניות 125 גר,טעים,MA,סרדין ברוטב עגבניות,,125.00,"100 מ""ל",false,,6.90,0.0552,true,1,48556
7290012001994,false,חרדל דיז'ון גרעינים 350 ג' ריין דיזון,ריין דיז'ון reine dijon,FR,חרדל דיז'ון גרעינים,,350.00,"100 מ""ל",false,,14.90,0.0426,true,1,25733
7290012013225,false,עוגת גבינה עגולה 420,,,עוגת גבינה ברון 420ג,,420.00,"100 מ""ל",false,,39.90,0.0950,true,1,88535
7290012019043,false,שום צעיר כבוש צנצנת,Qingdao canned foods,,שום צעיר כבוש צנצנת,,330.00,"100 מ""ל",false,,9.90,0.0300,true,1,76378
7290012019050,false,שום צעיר ושיני שום כבושים בחומץ,Qingdao canned foods,,שום צעיר וציפורן צנצ,,330.00,"100 מ""ל",false,,9.90,0.0300,true,1,76379
7290012019272,false,"רסק תפו""ע וקינמון תומר מארז113X4ג'",Cherry growers inc,,"מחית תפו""ע עם קינמון",,452.00,100 גרם,false,,11.90,0.0263,true,1,23774
7290012022203,false,פריכיות קליליות חיטה,דילייט,,קליליות (פריכיות) חי,,100.00,100 גרם,false,,14.90,0.1490,true,1,51804
7290012022227,false,פריכיות קליליות בטעם,דילייט,,קליליות (פריכיות) חי,,100.00,100 גרם,false,,12.90,0.1290,true,1,51805
7290012022272,false,פריכיות קליליות קידס,דילייט,,קליליות קידס 30גר,,30.00,100 גרם,false,,11.90,0.3967,true,1,77497
7290012025822,false,סלט סלק אסלי 400 גרם,סלטי שמיר 2006 בעמ,IL,סלק אסלי 400גר,,400.00,"100 מ""ל",false,,13.90,0.0348,true,1,55088
7290012025839,false,מטבוחה שמיר אסלי 400 גרם,סלטי שמיר 2006 בעמ,IL,מטבוחה אסלי 400גר,,400.00,100 גרם,false,,13.90,0.0348,true,1,55089
7290012116025,false,שמפו פיית הפרפרים לסירוק קל מכיל רוזמרין,קוסמופארם בע''מ,IL,כיף שמפו פיות 750מל,,750.00,"100 מ""ל",false,,11.90,0.0159,true,1,26627
7290012116032,false,מרכך לסירוק קל פיית הפרפרים,טרופיקל דגיל תעשיות,IL,כיף מרכך פיות 750מל,,750.00,100 גרם,false,,11.90,0.0159,true,1,26628
7290012116063,false,"כיף אל סבון פיות בתמציות קמומיל 750 מ""ל",טרופיקל דגיל תעשיות,IL,כיף אל סבון פיות קמו,,750.00,100 גרם,false,,11.90,0.0159,true,1,26629
7290012116537,false,"סנו מקסימה אבקת כביסה 2.5 ק""ג מאסק",טרופיקל דגיל תעשיות,IL,אבקת מקסימה 2.5 קג מ,קילוגרמים,2.50,"ק""ג",false,,25.90,10.3600,true,1,90047
7290012117091,false,אבקת -כביסה סנו מקסימה סנסיטיב 6 קג,סנו מקסימה,IL,סנו מקסימה אבקת כביס,קילוגרמים,6.00,"ק""ג",false,,49.90,8.3167,true,1,26667
7290012117350,false,ריצפז פרש 2 ליטר לילך לבנדר,"סנו מפעלי ברונוס בע""",IL,ריצפז פרש לילך לבנדר,ליטרים,2.00,ליטר,false,,21.90,10.9500,true,1,26671
7290012117411,false,שמפו וג'ל רחצה לגבר רויבוס Rooibos,קוסמופארם,IL,קרמה גל רחצה לגבר במ,,700.00,100 גרם,false,,17.90,0.0256,true,1,26674
7290012117428,false,"קרמה - שמפו וג'ל רחצה 2 ב-1 מנטה 700 מ""ל",טרופיקל דגיל תעשיות,IL,קרמה שמפו גל רחצה לג,,700.00,100 גרם,false,,17.90,0.0256,true,1,26675
7290012117541,false,מרכך כביסה מקסימה קומפקט צהוב 1 ל' סנו,סנו מקסימה,IL,סנו מקסימה קומפקט צה,,1000.00,"100 מ""ל",false,,18.90,0.0189,true,1,26681
7290012117558,false,מרכך כביסה קומפקט מאסק ורוד סנו מקסימה 1 ל',"סנו מפעלי ברונוס בע""",IL,סנו מקסימה קומפקט מא,,1000.00,100 גרם,false,,18.90,0.0189,true,1,26682
7290012117732,false,סנו - מקסימה מרכך כביסה קול שחור 4 ליטר,"סנו מפעלי ברונוס בע""",IL,סנו מקסימה מרכך כביס,ליטרים,4.00,ליטר,false,,22.90,5.7250,true,1,26694
7290012139567,false,ביסקוויט עוף בונזו ג,Ping Yang,,בונזו ג'וי ביסקוויט,,90.00,100 גרם,false,,17.90,0.1989,true,1,82369
7290012191985,false,גפרור קטן מנורה,,,גפרור קטן מנורה,יחידה,0.00,יחידה,false,,2.90,0.0000,true,1,48532
7290012193163,false,פמלי אל סבון פרחי בר,אף.סי תבליני בגליל ב,TR,פמלי אל סבון פרחי בר,,1000.00,100 גרם,false,,14.90,0.0149,true,1,45730
7290012226014,false,נקניקיות וינר זוגלובק 800 גרם,נקניק נהריה כשר זוגל,,נקניקיות וינר זוגלוב,,800.00,"100 מ""ל",false,,25.90,0.0324,true,1,30609
7290012226021,false,סלמי מעושן פראג יבש 400 ג' זוגלובק,נקניק נהריה כשר זוגל,IL,*מבצע* סלמי מעושן פר,,400.00,100 גרם,false,,15.90,0.0398,true,1,30610
7290012226120,false,קבנוס זוגלובק 135גר,נקניק נהריה כשר זוגל,IL,קבנוס זוגלובק 135גר,,135.00,"100 מ""ל",false,,13.90,0.1030,true,1,30612
7290012226922,false,קבנוס בטעם שום 135 ג' זוגלובק,נקניק נהריה כשר זוגל,IL,קבנוס בטעם שום זוגלו,,135.00,"100 מ""ל",false,,13.90,0.1030,true,1,30616
7290012226991,false,"נקניקיות עוף באריזת ג''מבו 1.5 ק""ג זוגלובק",נקניק נהריה כשר זוגל,IL,*מבצע* נקניקיות בארי,,1000.00,100 גרם,false,,25.90,0.0259,true,1,96553
7290012227325,false,סלמי דק דק מעושן איטלקי 120 ג' זוגלובק,זוגלובק,IL,סלמי מעושן דק דק 120,,120.00,"100 מ""ל",false,,16.90,0.1408,true,1,80100
7290012227400,false,נקניקיות עוף זוגלובק 800 גרם,נקניק נהריה כשר זוגל,,נקניקיות עוף זוגלובק,,800.00,"100 מ""ל",false,,25.90,0.0324,true,1,72079
7290012227592,false,פסט' חרמון כפרי וסלמי תה זוגי זוגלובק 300X2ג' מחפוד,זוגלובק,IL,חרמון כפרית+תה מחפוד,,700.00,"100 מ""ל",false,,38.90,0.0556,true,1,52543
7290012227615,false,נקניקיות עוף זוגלובק 800 ג' מחפוד,זוגלובק,IL,נקניקיות עוף מחפוד 8,,800.00,"100 מ""ל",false,,25.90,0.0324,true,1,52545
7290012227912,false,קבנוס עודן 135 ג' זוגלובק,זוגלובק,,קבנוס מעודן זוגלובק,,135.00,"100 מ""ל",false,,13.90,0.1030,true,1,57675
7290012227974,false,פסטרמה הודו בדבש טהור דק דק דק,זוגלובק,IL,פסטרמה בדבש דק דק 12,,120.00,"100 מ""ל",false,,16.90,0.1408,true,1,80101
7290012227981,false,פסטרמה דק דק ברביקיו 120 ג' זוגלובק,זוגלובק,IL,פסטרמה ברביקיו דק דק,,120.00,"100 מ""ל",false,,16.90,0.1408,true,1,80102
7290012227998,false,פסטרמה דק דק חזה בקר 120 ג' זוגלובק,זוגלובק,IL,חזה בקר דק דק 120גר,,120.00,100 גרם,false,,16.90,0.1408,true,1,80103
7290012228261,false,נקנקיות קנקרס הודו ועוף ריינהולד'ס זוגלובק 300 ג',זוגלובק,IL,נקניקיות קנקרס הודו,,300.00,"100 מ""ל",false,,25.90,0.0863,true,1,82429
7290012228766,false,קבנוס מחפוד זוגלובק,זוגלובק,IL,קבנוס מחפוד זוגלובק,,120.00,"100 מ""ל",false,,13.90,0.1158,true,1,100530
7290012245183,false,ציפס קריספי קלאסי 70,אגריסטו,BE,ציפס קלאסי 700 גרם ק,,700.00,100 גרם,false,,12.90,0.0184,true,1,108322
7290012245244,false,"ציפס קלאסייק 2.5 ק""ג גולדן",,,גולד ציפס משפחתי קלא,,2500.00,100 גרם,false,,29.90,0.0120,true,1,108323
7290012245312,false,"צ'יפס אמריקאי 1.5 ק""ג גולד שארית",יוליניבר,BE,גולד ציפס אמריקאי 1.,קילוגרמים,1.50,"ק""ג",false,,19.90,13.2667,true,1,96864
7290012245329,false,"צ'יפס קלאסי 1.5 ק""ג גולד שארית",יוליניבר,BE,גולד צ'יפס קלאסי1.5,,1500.00,"100 מ""ל",false,,19.90,0.0133,true,1,96865
7290012245336,false,"גולד צ'יפס סטייק 1.5 ק""ג גולד שארית",אגריסטו,NL,גולד סטייק צ'יפס -1.,,1500.00,"100 מ""ל",false,,19.90,0.0133,true,1,96866
7290012247026,false,פילה עוף טרי ארוז,,,פילה עוף טרי ארוז,קילוגרמים,1.00,"ק""ג",true,,39.90,39.9000,true,1,103820
7290012247040,false,כבד עוף טרי ארוז לצל,,,כבד עוף טרי ארוז לצל,קילוגרמים,1.00,"ק""ג",true,,24.90,24.9000,true,1,103812
7290012247064,false,כנפיים עוף טרי ארוז,,,כנפיים עוף טרי ארוז,קילוגרמים,1.00,"ק""ג",true,,11.90,11.9000,true,1,103821
7290012247088,false,שניצל עוף טרי ארוז,,,שניצל עוף טרי ארוז,קילוגרמים,1.00,"ק""ג",true,,44.90,44.9000,true,1,103822
7290012309311,false,ערמונים קלופים וקלויים,"דין שיווק וקליה בע""מ",CN,ערמונים קלופים שלמים,,100.00,100 גרם,false,,6.90,0.0690,true,1,50863
7290012309939,false,חלבה מסולסלת דין שיווק 500 ג',אף.סי תבליני בגליל ב,IL,חלבה מסולסלת 500גר,,500.00,"100 מ""ל",false,,14.90,0.0298,true,1,36471
7290012313141,false,מלפפון פרוס במלח A2 ק.יבנה 540ג',אף.סי תבליני בגליל ב,IL,פרוסות מלפפון במלח 5,,540.00,"100 מ""ל",false,,6.30,0.0117,true,1,42981
7290012335020,false,סוכריות סודה שעון מארז משפחתי 375 גר',גואנגדונג צאואן פוד,CN,סוכריות סודה שעון מש,,30.00,יח',false,,19.90,0.6633,true,1,86123
7290012367700,false,קרם גוף אינטנסיב רליף Intensive relief לעור יבש ומגורה,"ד""ר פישר Dr fischer",IL,קרם גוף אפקטיב שיבול,,700.00,"100 מ""ל",false,,32.90,0.0470,true,1,91161
7290012404955,false,ספרינג קולקשן נקטר חמוציות 1.25 ל',"יפאורה תבורי בע""מ",IL,ספרינג קולקשיין נקטר,,1250.00,100 גרם,false,,13.90,0.0111,true,1,27057
7290012404993,false,ספרינג נקטר חמוציות דיאט קולקשיין 1.25ל,"יפאורה תבורי בע""מ",IL,ספרינג קולקשיין דיאט,,1250.00,100 גרם,false,,13.90,0.0111,true,1,27060
7290012454943,false,חמוציות שלמות מגשית 150 גר' מיה,,,חמוציות שלמות 150גר,,150.00,100 גרם,false,,7.90,0.0527,true,1,86871
7290012483233,false,אנשובי ארוך בשמן זית צנצנת 80ג' ויליפוד,נמצאו,ES,אנשובי ארוך בשמן זית,,80.00,"100 מ""ל",false,,13.90,0.1738,true,1,75182
7290012483608,false,"אורז בסמטי מובחר 5 ק""ג",הנסיך- מפעל לייצור ט,IN,אורז בסמטי ויליפוד 5,,5000.00,100 גרם,false,,49.90,0.0100,true,1,85377
7290012522581,false,טבעול שניצל תירס ללא גלוטן טבעול 664 גרם,עיצובים 2020 (4.8),IL,שניצל תירס ללא גלוטן,,664.00,"100 מ""ל",false,,29.90,0.0450,true,1,44045
7290012561405,false,בצל חצי מטוגן דורות 180 גרם,עיצובים 2020 (3.8),IL,בצל חצי מטוגן דורות,,180.00,"100 מ""ל",false,,11.90,0.0661,true,1,41428
7290012576607,false,"יין פרימייר אדום קברנה סובניון ומלבק 750 מ""ל","ברקן שיווק והפצה בע""",IL,יין פרימייר אדום קבר,,750.00,"100 מ""ל",false,,29.90,0.0399,true,1,51364
7290012645389,false,יוגורט עיזים טבעי חלב הארץ 1 ל',מחלבות סוסיא,IL,יוגורט טבעי בקבוק 1ל,,1000.00,100 גרם,false,,23.50,0.0235,true,1,53605
7290012803055,false,ממתיק על בסיס סוכרלוז - שקיות,תות ממתקי איכות,IL,סוכרלוז מרמולייט 100,,100.00,100 גרם,false,,29.90,0.2990,true,1,26116
7290012803215,false,וופל בלגי בטעם שוקולד ללא תוספת סוכר,בטר אנד דיפרנט,IL,וופל טוסו וופל בלגי,,200.00,100 גרם,false,,10.90,0.0545,true,1,45086
7290012803765,false,שוקולד מריר ללא תוספת סוכר,אלטינמארקה גידה סאן,TR,שוקולד טוסו מריר 100,,100.00,100 גרם,false,,12.90,0.1290,true,1,45088
7290012803772,false,שוקולד חלב ללא תוספת סוכר,אלטינמארקה גידה סאן,TR,שוקולד טוסו חלב 100ג,,100.00,100 גרם,false,,12.90,0.1290,true,1,45089
7290012803789,false,שוקולד מריר עם אגוזים ללא תוספת סוכר,האי נאם סי או אל.טי.,TR,שוקולד טוסו מריר ואג,,100.00,"100 מ""ל",false,,12.90,0.1290,true,1,45090
7290012823251,false,אל סבון כיף יסמין לבנדר 1 ליטר,קוסמופארם,IL,כיף אל סבון יסמין לב,,1000.00,"100 מ""ל",false,,13.90,0.0139,true,1,26717
7290012823374,false,מטליות לניקוי כללי אנטי קאלק,מיוצר עי קונדיטוריית,IL,מגבוני אנטי קאלק 50י,,50.00,100 מ'ל,false,,12.90,0.2580,true,1,26720
7290012823381,false,מרכך כביסה מקסימה סנסיטיב מרוכז ורוד 1 ל' סנו,"סנו מפעלי ברונוס בע""",IL,סנו מקסימה ורוד סנסט,,1000.00,100 גרם,false,,18.90,0.0189,true,1,26721
7290012823398,false,מטליות חד פעמיות לניקוי הרצפה בניחוח מרכך כביסה 10יח' סנו,סנו מפעלי ברונו בעמ,IL,מגבוני רצפה בריח מרכ,יחידה,0.00,יחידה,false,,13.90,0.0000,true,1,101914
7290012823404,false,מטהר אוויר פרש אוטומטיק יסמין וסנדלווד,סנו פרש Fresh,,מטהר אוויר סנו פרש א,יחידה,0.00,יחידה,false,,15.90,0.0000,true,1,90746
7290012823541,false,מטליות ריצפז פרש בריח לבנדר 10 יח' סנו,"סנו מפעלי ברונוס בע""",IL,מטליות ריצפז פרש סגו,יחידה,0.00,יחידה,false,,13.90,0.0000,true,1,90062
7290012823602,false,נייר טואלט סופט סילק לבן - מארז 32 גלילים,טרופיקל דגיל תעשיות,IL,סופט סילק נייר טואלט,,1950.00,100 גרם,false,,36.90,0.0189,true,1,26728
7290012823947,false,"סנו - מרכך כביסה מרוכז פרפיום קריסטל נואר 750 מ""ל",מיוצר עי קונדיטוריית,IL,סנו מקסימה פרפיום קר,,750.00,100 גרם,false,,18.90,0.0252,true,1,61095
7290012881787,false,מג'יק מרכך כביסה כחול 4 ל',,,מגיק מרכך כביסה כחול,ליטרים,4.00,ליטר,false,,14.90,3.7250,true,1,37502
7290012881794,false,מג'יק מרכך כביסה ורוד 4 ל',,,מגיק מרכך כביסה ורוד,ליטרים,4.00,ליטר,false,,14.90,3.7250,true,1,37503
7290012881992,false,נוזל שמשות סאסאטק 4,,,נוזל שמשות סאסאטק 4,ליטרים,4.00,ליטר,false,,9.90,2.4750,true,1,75347
7290012901355,false,דודלס ארוחת אטריות עם גבינה 206 גרם,האי נאם סי או אל.טי.,US,פסטה מקרוני עם גבינה,,206.00,"100 מ""ל",false,,12.90,0.0626,true,1,53206
7290012929779,false,פסטה ספירלה מקמח מלא טעמן 500 ג',מוטלו,TR,פסטה ספירלה חיטה מלא,,500.00,100 גרם,false,,6.90,0.0138,true,1,48557
7290012929786,false,טעמן פסטה צינורות חיטה מלאה 500גר,מוטלו,TR,פסטה צינורות חיטה מל,,500.00,"100 מ""ל",false,,6.90,0.0138,true,1,48558
7290012929793,false,פסטה ספגטי מקמח מלא טעמן 500 גר',מוטלו,TR,ספגטי מחיטה מלאה 500,,500.00,"100 מ""ל",false,,6.90,0.0138,true,1,48560
7290012938405,false,רדיד אלומניום דיימונד 087- עבה במיוחד,,,דאיימונד נייר כסף 87,,0.45,,false,,19.90,44.2222,true,1,35907
7290012938580,false,"סנסודיין משחת שיניים להלבנה עדינה 75 מ""ל",גלקסוסמית'קליין קונס,GB,סנסודיין משחת שיניים,,75.00,100 גרם,false,,21.90,0.2920,true,1,43615
7290012938740,false,"משחת שיניים פרש מינט מנטה 75מ""ל סנסודיין",גלקסו סמית קליין,GB,סנסודיין משחת שיניים,,75.00,"100 מ""ל",false,,21.90,0.2920,true,1,46009
7290012962912,false,כפפות ניטרל סייף טאץ,,,כפפות ניטרל סייף טאץ,,100.00,יח',false,,19.90,0.1990,true,1,108056
7290012962929,false,כפפות ניטרל סייף טאץ,,,כפפות ניטרל סייף טאץ,,100.00,יח',false,,19.90,0.1990,true,1,108057
7290012962936,false,כפפות ניטריל סייף טא,,,כפפות ניטריל 100יח L,יחידה,0.00,יחידה,false,,24.90,0.0000,true,1,108029
7290012962943,false,כפפות ניטריל סייף טא,,,כפפות ניטריל 100יח X,יחידה,0.00,יחידה,false,,24.90,0.0000,true,1,108030
7290012996450,false,הפי מרכך לכביסה מרוכז כחול 1ל',קרלו,BE,הפי מרכך כביסה מרוכז,,1000.00,100 גרם,false,,10.90,0.0109,true,1,27896
7290013083661,false,תרכובת מזון המשך לפעוטות שלב 1 Extra Care,מטרנה תעשיות ש.מ,IL,מטרנה אקסטרא קר שלב,,700.00,"100 מ""ל",false,,59.90,0.0856,true,1,24942
7290013083678,false,תרכובת מזון המשך לפעוטות שלב 2 Extra Care,מולינו ניקולי s.p.a,IL,מטרנה אקסטרא קר שלב,,700.00,100 גרם,false,,59.90,0.0856,true,1,24943
7290013083685,false,תרכובת מזון המשך לפעוטות שלב 3 Extra Care,מטרנה תעשיות ש.מ,IL,מטרנה אקסטרא קר שלב,,700.00,"100 מ""ל",false,,59.90,0.0856,true,1,24944
7290013117212,false,בורקס פילו גבינה מעדנות מעדנות 600 ג',מיוצר עי קונדיטוריית,IL,בורקס פילו גבינה מעד,,600.00,100 גרם,false,,19.90,0.0332,true,1,29973
7290013117229,false,בורקס פילו תפוא מעדנות 600 גרם,מיוצר עי קונדיטוריית,IL,בורקס פילו תפוא מעדנ,,600.00,100 גרם,false,,19.90,0.0332,true,1,29974
7290013117236,false,בורקס פילו פיצה מעדנות 600 ג',מיוצר עי קונדיטוריית,IL,בורקס פילו פיצה מעדנ,,600.00,"100 מ""ל",false,,19.90,0.0332,true,1,29975
7290013117243,false,בורקס פילו בולגרית מעדנות 600 ג',מיוצר עי קונדיטוריית,IL,בורקס פילו בולגרית מ,,600.00,100 גרם,false,,19.90,0.0332,true,1,29976
7290013117410,false,בצק פריך מרודד למאפים מתוקים 900 ג' מעדנות,מיוצר עי קונדיטוריית,IL,בצק פריך מרודד למאפי,,900.00,"100 מ""ל",false,,23.90,0.0266,true,1,41744
7290013117526,false,מעדנות בצק שמרים למאפים מתוקים 900 גרם,"מעדנות בע""מ",IL,בצק שמרים למאפים מתו,,900.00,"100 מ""ל",false,,23.90,0.0266,true,1,41883
7290013224705,false,מגיק סלקט גל כביסה 3,,,מגיק סלקט גל כביסה 3,ליטרים,3.00,ליטר,false,,14.90,4.9667,true,1,41996
7290013268242,false,תרכיז ריחני לניקוי רצפות בריח מלון מפנק ריצפז פרש,"סנו מפעלו ברונוס בע""",IL,ריצפז פרש הום בניחוח,,2000.00,100 גרם,false,,23.90,0.0119,true,1,97292
7290013268839,false,סנו פוליויקס פרקט בריח מלון חלומי,סנו פוליויקס,IL,פוליויקס לפרקט בניחו,ליטרים,2.00,ליטר,false,,21.90,10.9500,true,1,82377
7290013268884,false,ריצפז פרש בניחוח מאסק,מיוצר עי קונדיטוריית,IL,ריצפז פרש מאסק 2ליטר,ליטרים,2.00,ליטר,false,,21.90,10.9500,true,1,26765
7290013268891,false,מסיר כתמים ג'ל אוקסיג'ן ללא אקונומיקה,"סנו מפעלי ברונוס בע""",IL,סנו אוקסיגן 3ליטר,,3000.00,"100 מ""ל",false,,32.90,0.0110,true,1,26766
7290013268983,false,מרכך כביסה סופר מרוכז בבישום עוצמתי סנו מקסימה 1 ל',"סנו מפעלי ברונוס בע""",IL,סנו מקסימה מרכך סופר,,1000.00,100 גרם,false,,18.90,0.0189,true,1,103117
7290013268990,false,סנו - מקסימה מרכך כביסה מרוכז ביו 1 ליטר,"סנו מפעלי ברונוס בע""",IL,סנו מקסימה ביו 1ליטר,,1000.00,"100 מ""ל",false,,18.90,0.0189,true,1,77707
7290013269003,false,מרכך כביסה סופר מרוכז בייבי לתינוקות ולעור רגיש,"סנו מפעלי ברונוס בע""",IL,סנו מקסימה קר בייבי,,1000.00,100 גרם,false,,19.90,0.0199,true,1,61129
7290013269157,false,"מרכך ומבשם מקסימה למייבש לבנדר 750 מ""ל סנו",סנו מקסימה,,סנו מקסימה למייבש לב,,750.00,100 גרם,false,,19.90,0.0265,true,1,42562
7290013269263,false,ג'ל כביסה מרוכז מקסימה בבישום קריסטל נואר,סנו מפעלי ברונוס בעמ,IL,סנו מקסימה גל כביסה,ליטרים,3.00,ליטר,false,,32.90,10.9667,true,1,40839
7290013269287,false,סנו - מקסימה ג'ל כביסה מרוכז מאסק 3 ליטר,"סנו מפעלי ברונוס בע""",IL,סנו מקסימה גל כביסה,ליטרים,3.00,ליטר,false,,32.90,10.9667,true,1,44576
7290013269621,false,ריצפז פרש לניקוי רצפות בניחוח מלון בוטיק,מיוצר עי קונדיטוריית,IL,ריצפז פרש הום תרכיז,ליטרים,2.00,ליטר,false,,23.90,11.9500,true,1,82764
7290013269652,false,פולייויקס גרניט פורצלן בניתוח מאסק 2 ל',סנו פוליויקס,IL,פוליויקס גרניט פורצל,ליטרים,2.00,ליטר,false,,21.90,10.9500,true,1,45412
7290013269669,false,ריצפז בניחוח פנטזיה לניקוי הרצפה,"סנו מפעלי ברונוס בע""",IL,ריצפז פנטזיה 3ליטר,ליטרים,3.00,ליטר,false,,12.90,4.3000,true,1,45643
7290013269751,false,מטליות לחותריצפז פרש לניקוי ריצפה בניחות מלון בוטיק 10 יח' סנו,טרופיקל דגיל תעשיות,IL,ריצפז פרש הום מטליות,,10.00,יח',false,,13.90,1.3900,true,1,83479
7290013284150,false,מלפפונים פריניר במלח,פריניר,,מלפפון במלח 13-17 פר,,560.00,100 גרם,false,,9.90,0.0177,true,1,82938
7290013284310,false,רוטב פסטה לילדים 240 ג' פריניר,פריניר ( הדס 1987) ב,IL,רוטב פסטה לילדים פרי,,240.00,"100 מ""ל",false,,5.90,0.0246,true,1,82936
7290013284662,false,רוטב פיצה פיתה לילדים 240 ג' פריניר,פריניר ( הדס 1987) ב,IL,רוטב פיצה פריניר 240,,240.00,"100 מ""ל",false,,5.90,0.0246,true,1,82934
7290013302014,false,"אבקה שוקו שוקו טעמן 1 ק""ג",,,"שוקו שוקו בד""צ טעמן",,1000.00,"100 מ""ל",false,,11.90,0.0119,true,1,51246
7290013302236,false,פסטה פרפלה ג'מבו טעמן 500 גר',מוטלו,TR,פסטה פרפלה גמבו טעמן,,500.00,100 גרם,false,,4.90,0.0098,true,1,48773
7290013310101,false,"שיפודי במבוק ג'מבו 50 יח' עובי 5 מ""מ אורך 30 ס""מ",הדקלאים אגודת שיתופי,CN,שיפודי במבוק ג'מבו 5,,50.00,יח',false,,3.90,0.0780,true,1,108046
7290013358356,false,מאסטר שף - פירורי לחם מוזהבים 320 גרם,מנה י.א בעמ,IL,פירורי לחם מוזהבים מ,,320.00,"100 מ""ל",false,,6.90,0.0216,true,1,47733
7290013358363,false,פירורי לחם פנקו מזוהבים מאסטר שף מנה 300 ג',קריניציה ויטמינה אס,IL,מאסטר שף פירורי לחם,,300.00,"100 מ""ל",false,,8.90,0.0297,true,1,47734
7290013358417,false,"רוטב טיריאקי מאסטר שף אסייאתי 300 מ""ל",קריניציה ויטמינה אס,TH,רוטב טריאקי אסייאתי,,300.00,100 גרם,false,,12.90,0.0430,true,1,56858
7290013358431,false,קרוטונים לסלט בתיבול עגבניות ובזיליקום,"עינת תעשיות מזון אג""",IL,קרוטונים לסלט עגבניו,,200.00,"100 מ""ל",false,,12.90,0.0645,true,1,73668
7290013358448,false,"קרוטונים לסלט אקסטרה ארוכים בתיבול שום, בצל ופטרוזיליה",מאסטר שף,IL,קרוטונים לסלט אקסטרה,,200.00,100 גרם,false,,12.90,0.0645,true,1,73669
7290013358462,false,"מיני קרוטונים למרק בתיבול שום, בצל ופטרוזיליה","עינת תעשיות מזון, אג",IL,מיני קרוטונים למרק ש,,350.00,"100 מ""ל",false,,16.90,0.0483,true,1,73670
7290013358486,false,פירורי לחם מוזהבים ללא צורך בביצה,"מיוצר ע""י מנה י.א בע",IL,פירורי לחם מוזהבים ל,,300.00,"100 מ""ל",false,,6.90,0.0230,true,1,73665
7290013358493,false,"קרם קוקוס מאסטר שף 400 מ""ל",תאי קוקונט פבליק קומ,TH,קרם קוקוס פחית מאסטר,,400.00,100 גרם,false,,8.90,0.0223,true,1,73673
7290013358509,false,"מיקסלט גרעינים, קטניות ואגוזים",בטר אנד דיפרנט,IL,מיקסלט מאסטר שף 200ג,,200.00,100 גרם,false,,14.90,0.0745,true,1,56859
7290013358523,false,מאסטר שף שבבי בצל מטוגן 150ג,קריניציה ויטמינה אס,NL,שבבי בצל מטוגן מאסטר,,150.00,"100 מ""ל",false,,12.90,0.0860,true,1,73681
7290013358530,false,מאסטר שף אסייאתי רוטב צ'ילי מתוק 700 מל,קריניציה ויטמינה אס,TH,רוטב צילי מתוק מאסטר,,700.00,100 גרם,false,,14.90,0.0213,true,1,56860
7290013358547,false,מאסטר שף אסייאתי רוטב צ'ילי חריף 700 מל,קי אר אס ספייסי פוד,TH,רוטב צילי חריף מאסטר,,700.00,"100 מ""ל",false,,14.90,0.0213,true,1,56861
7290013389398,false,"קמח תירס דק 1 ק""ג פולנטה",פיקטה piccata,,"קמח תירס דק 1 ק""ג",,1000.00,100 גרם,false,,10.90,0.0109,true,1,47991
7290013492005,false,אמא אדמה תפוח אדמה למיקרו 700 גר',ברכת קטיף,IL,"תפו""א למיקרו",יחידה,0.00,יחידה,false,,7.90,0.0000,true,1,55318
7290013531117,false,רוטב פסטה לילדים 240 גרם יכין,"זנלכל בע""מ",IL,רוטב פסטה לילדים יכי,,240.00,"100 מ""ל",false,,5.90,0.0246,true,1,41749
7290013531346,false,סירופ דיאט לימונענע יכין 1 ליטר,יכין,IL,סירופ דיאט לימונענע,,1000.00,"100 מ""ל",false,,16.90,0.0169,true,1,45521
7290013531612,false,רוטב נפוליטנה יכין 240 ג',,,רוטב נפוליטנה יכין 2,,240.00,"100 מ""ל",false,,5.90,0.0246,true,1,54111
7290013531629,false,רוטב פומדורו יכין 240ג,היינץ צפון אמריקה מק,IL,רוטב פומדורו יכין 24,,240.00,"100 מ""ל",false,,5.90,0.0246,true,1,54112
7290013540225,false,טונה פרינס בשמן צמחי,,,טונה פרינס בשמן צמחי,,632.00,"100 מ""ל",false,,19.90,0.0315,true,1,48078
7290013542106,false,כוסות לונג דרינק גמי,,,כוסות לונג דרינק גמי,,10.00,100 מ'ל,false,,12.90,1.2900,true,1,66558
7290013542236,false,כוסות חד פעמי .א'ר 100 יח',,,כוסות ח.פ א'ר 100 דנ,,100.00,100 מ'ל,false,,7.90,0.0790,true,1,53503
7290013542342,false,נייר אפייה ביתי אר 5,,,נייר אפייה ביתי אר 5,יחידה,0.00,יחידה,false,,7.90,0.0000,true,1,104430
7290013542526,false,כוס נייר 8BOZ אר 50 יח',,,כוס נייר 8 אוז 50יח,,50.00,100 מ'ל,false,,8.90,0.1780,true,1,73585
7290013542717,false,מגש אובלי גדול פלסטי,,,מגש אובלי גדול פלסטי,יחידה,0.00,יחידה,false,,12.90,0.0000,true,1,86235
7290013542762,false,קערה מרובעת 64OZ פלס,,,קערה מרובעת 64OZ פלס,יחידה,0.00,יחידה,false,,9.90,0.0000,true,1,83574
7290013580009,false,המבורגר זהב 400 ג' 12 יח',,,המבורגר זהב ארוז 400,,400.00,"100 מ""ל",false,,19.90,0.0497,true,1,84718
7290013581648,false,מינוט סטייק אל מטאד,,,סטייק מינוט 250 גרם,,250.00,100 גרם,false,,19.90,0.0796,true,1,101057
7290013585387,false,קוקה קולה זירו בקבוק,החברה המרכזית לייצור,IL,קוקה קולה זירו 1 ליט,,1000.00,100 גרם,false,,7.50,0.0075,true,1,53916
7290013585394,false,קוקה קולה קלאסי,החברה המרכזית לייצור,IL,קוקה קולה 1ליטר,,1000.00,"100 מ""ל",false,,7.50,0.0075,true,1,53917
7290013585967,false,"שישיית פחיות ספרייט זירו 330 מ""ל",קוקה קולה,IL,ספרייט זירו מארז פחי,,1980.00,100 גרם,false,,28.90,0.0146,true,1,87275
7290013608260,false,פרימור מיץ רימונים 100% סחוט טרי 1ל',"גניר (1992) בע""מ",IL,פרימור רימונים סחוט,,1000.00,"100 מ""ל",false,,24.90,0.0249,true,1,51835
7290013625670,false,סינטטי חומצה אצטית מדוללת למזון 5%,טעמן,,חומץ סנטטי טעמן 1ליט,,1000.00,100 גרם,false,,5.90,0.0059,true,1,48778
7290013625700,false,"טעמן חצאי משמש בסירופ קל 820 ג""ר",,,טעמן חצאי משמש בסירו,,820.00,100 גרם,false,,11.90,0.0145,true,1,107180
7290013625922,false,אטריות דקות טעמן 400 ג,מוטלו,TR,איטריות דקות טעמן 40,,400.00,100 גרם,false,,5.90,0.0148,true,1,48561
7290013625939,false,אטריות דקיקות טעמן 400 גר',מוטלו,TR,איטריות דקיקות טעמן,,400.00,"100 מ""ל",false,,5.90,0.0148,true,1,48562
7290013652157,false,"ד""ר פישר - נטורל קר מגבונים להסרת איפור לעור רגיל יבש 30 יח' * 3","ד""ר פישר Dr fischer",IL,נטורל קר מגבונים להס,יחידה,0.00,יחידה,false,,25.90,0.0000,true,1,69333
7290013675545,false,שניצל כלי תחבורה מאמא עוף 700 ג',,,שניצל כלי תחבורה 700,,700.00,100 גרם,false,,37.90,0.0541,true,1,81276
7290013675835,false,מאמא עוף ירוק גלילי להקפצה 450 גרם,"סנפרוסט בע""מ",IL,ירוק גלילי להקפצה סנ,,450.00,"100 מ""ל",false,,22.90,0.0509,true,1,97623
7290013675958,false,רצועוף שומשום 500 גר,,,רצועות שומשום 500גר,,500.00,"100 מ""ל",false,,28.90,0.0578,true,1,101382
7290013702883,false,"שוויפס למונדה ורודה 500 מ""ל",,,שוופס לימונדה ורודה,,500.00,"100 מ""ל",false,,5.90,0.0118,true,1,85509
7290013724946,false,משוקלדים שקד מריר 160 גר' קופסא,"דין שיווק וקליה בע""מ",IL,משוקלדים שקד מריר קו,,160.00,"100 מ""ל",false,,9.90,0.0619,true,1,44552
7290013724960,false,משוקלדים שקד חלב 160 גר' קופסא,"דין שיווק וקליה בע""מ",IL,משוקלדים שקד חלב קופ,,160.00,"100 מ""ל",false,,9.90,0.0619,true,1,44554
7290013724977,false,משוקולדים צימוק מריר 140 ג' קופסא,"דין שיווק וקליה בע""מ",IL,משוקלדים צימוק מריר,,160.00,100 גרם,false,,9.90,0.0619,true,1,44549
7290013724991,false,משוקולדים לוז חלב 160 גר' סקופסא,דין שיווק,IL,משוקולדים לוז חלב קו,,160.00,"100 מ""ל",false,,9.90,0.0619,true,1,44556
7290013725752,false,אטריות ביצים צרות לה,,CN,נודלס דק סו שף 400גר,,400.00,100 גרם,false,,8.90,0.0223,true,1,73439
7290013725820,false,משוקלדים לוז מריר 160 גר' קופסא,"דין שיווק וקליה בע""מ",IL,משוקלדים לוז מריר קו,,160.00,100 גרם,false,,9.90,0.0619,true,1,44550
7290013771216,false,תחליף גבינה פטאקי 25,מיוצר עי קונדיטוריית,IL,פטאקי 16% 250גר השומ,,250.00,100 גרם,false,,14.90,0.0596,true,1,48984
7290013771261,false,גבינה בולגרית מעודנת,מחלבת השומרון,IL,בולגרית מעודנת 5% 25,,250.00,"100 מ""ל",false,,14.90,0.0596,true,1,53500
7290013771292,false,גבינה פטאקי 16% שומר,מחלבת השומרון,IL,פטאקי 16% 250גר הסדר,,250.00,100 גרם,false,,14.90,0.0596,true,1,53497
7290013787392,false,רביולי גבינות קלאסי 330 גרם ריקו בית יוסף,יוניליוור גרמניה Gm,IL,רביולי ריקו גבינות ק,,330.00,"100 מ""ל",false,,27.50,0.0833,true,1,101120
7290013787408,false,רביולי בטטה 330 גרם ריקו בית יוסף,יוניליוור גרמניה Gm,IL,רביולי ריקו בטטה 330,,330.00,"100 מ""ל",false,,27.50,0.0833,true,1,101121
7290013847386,false,נתחי טונה לייט במים ושמן קנולה בטעם טבעי 4%,סטארקיסט Starkist,IL,טונה סטארקיסט לייט 4,,140.00,100 גרם,false,,7.80,0.0557,true,1,82993
7290013847393,false,נתחי טונה לייט 4% שומן עם עשבי תיבול 140 ג' סטארקיסט,סטארקיסט Starkist,IL,טונה סטארקיסט לייט 4,,140.00,"100 מ""ל",false,,7.80,0.0557,true,1,82994
7290013847409,false,נתחי טונה לייט במים ושמן קנולה עם לימון ופלפל חריף 4%,סטארקיסט Starkist,IL,טונה סטארקיסט לייט 4,,140.00,"100 מ""ל",false,,7.80,0.0557,true,1,82995
7290013847454,false,טונה בשמן קנולה סטארקיסט 4*160 ג',קריות זול,,טונה בשמן קנולה רביע,,640.00,100 גרם,false,,24.90,0.0389,true,1,103702
7290013847553,false,נתחי טונה בהירה במים דל נתרן - מארז רביעיה,"סטארקיסט פודור בע""מ",TH,סטארקיסט טונה רביעיי,,640.00,"100 מ""ל",false,,24.90,0.0389,true,1,105419
7290013847867,false,מארז זוג טונה בשמן סויה 140 ג' סטארקיסט,טונה ויטנאם קו. אל.ט,IL,טונה סטארקיסט בשמן ס,,140.00,"100 מ""ל",false,,12.90,0.0921,true,1,97706
7290013848017,false,תרסיס ניקוי והברקת נירוסטה,"סנו מפעלי ברונוס בע""",IL,ניקוי והברקה נירוסטה,,500.00,"100 מ""ל",false,,21.90,0.0438,true,1,82378
7290013848345,false,מארז מטליות לחיטוי וניקוי יסודי אנטיבקטריאלי 99.9%,סנו מפעלי ברונוס בעמ,IL,סנו מטליות לחות לחיט,יחידה,0.00,יחידה,false,,24.90,0.0000,true,1,98683
7290013848581,false,סנו סושי מגבות נייר בגליל ענק.,,IL,מגבת נייר גליל סנו ס,יחידה,0.00,יחידה,false,,13.90,0.0000,true,1,97710
7290013861054,false,משוקלדים צימוק חלב 140 ג' קופסא,"דין שיווק וקליה בע""מ",IL,משוקלדים צימוק חלב ק,,160.00,100 גרם,false,,9.90,0.0619,true,1,67863
7290013861412,false,קוקוס 250 ג' מתוקים של שושון,קריניציה ויטמינה אס,IL,חטיף קוקוס250גר,,250.00,"100 מ""ל",false,,9.90,0.0396,true,1,75392
7290013861443,false,בוטנים 250 ג' מתוקים של שושון,קריניציה ויטמינה אס,IL,חטיף בוטנים 250גר,,250.00,"100 מ""ל",false,,9.90,0.0396,true,1,75387
7290013883407,false,"מרסס דזיטול לחיטוי כללי 750 מ""ל",יעקבי - דזיטול Desytol,ES,דזיטול מרסס מחטא ומש,,500.00,100 גרם,false,,15.90,0.0318,true,1,45870
7290013906205,false,פסטרמה עם שום וצילי טירת צבי 400 ג',הנסיך- מפעל לייצור ט,IL,פסטרמה שום וצ'ילי פי,,400.00,100 גרם,false,,27.90,0.0697,true,1,72990
7290013906212,false,"נקנקיות וינר טירת 1 ק""ג טירת צבי",הנסיך- מפעל לייצור ט,IL,נקניקיות וינר טירת צ,,1000.00,"100 מ""ל",false,,29.90,0.0299,true,1,73000
7290013906441,false,קבנוס 120 ג' טירת צבי,הנסיך- מפעל לייצור ט,IL,טירת צבי קבנוס 120 ג,,120.00,"100 מ""ל",false,,11.90,0.0992,true,1,73002
7290013906458,false,קבנוס טעם פיקנטי טירת צבי 120 ג',הנסיך- מפעל לייצור ט,IL,קבנוס פיקנטי טירת צב,,120.00,100 גרם,false,,11.90,0.0992,true,1,73003
7290013906489,false,חטיפי מיני קבנוס 120 ג' טירת צבי,הנסיך- מפעל לייצור ט,IL,חטיפי קבנוס טירת צבי,,120.00,100 גרם,false,,11.90,0.0992,true,1,83601
7290013927019,false,עוגיות דיקליות קינמון אחווה 400 ג',,,דקליות קינמון 400גר,,400.00,100 גרם,false,,11.90,0.0298,true,1,46387
7290013927033,false,עוגיות מעמול במילוי תמרים ואגוזים אחווה 600 ג',,,מעמול במגש 600גר,,600.00,"100 מ""ל",false,,11.90,0.0198,true,1,46388
7290013927200,false,עוגת שוקולד צ'יפס עשירה אחווה 400ג',אחדות ביחר לטחינה חל,IL,עוגת שוקולד צ'יפס עש,,400.00,"100 מ""ל",false,,12.90,0.0323,true,1,49449
7290013927323,false,אחדות עוגת בראוניס 400 גרם,אחדות ביחר לטחינה חל,IL,עוגת בראוניס אחווה 4,,400.00,"100 מ""ל",false,,12.90,0.0323,true,1,51014
7290013927637,false,חלווה ללא תוספת סוכר 400 גר' אחוה,אחדות ביחר לטחינה חל,IL,חלווה ללא תוספת סוכר,,400.00,100 גרם,false,,13.90,0.0348,true,1,83282
7290013927989,false,מאפין ממולא בטעם קרמל 50 גרם אחוה,אחדות ביחר לטחינה חל,IL,מאפין במילוי בטעם קר,,50.00,"100 מ""ל",false,,2.90,0.0580,true,1,102957
7290013946089,false,מג'יק ניקוי חלונות 1 ל',סאסאטק,IL,מבריק חלונות מגיק 1ל,,1000.00,100 גרם,false,,6.90,0.0069,true,1,42009
7290014002197,false,ויסוצקי חליטת קמומיל ולימונית 25*1.5ג,ויסוצקי,IL,חליטת קמומיל ולימוני,,25.00,יח',false,,19.90,0.7960,true,1,46652
7290014002203,false,תה ויסוצקי חליטת לימונית ולואיזה 20יח',HIQ FOOD PRODUCTS,IL,חליטת לימונית לואיזה,,25.00,100 גרם,false,,19.90,0.7960,true,1,46653
7290014002944,false,גן קסום חליטת פירות וצמחים חמדת שקד 25 שקיקים,HIQ FOOD PRODUCTS,IL,תה הגן הקסום חליטת פ,,57.50,"100 מ""ל",false,,19.90,0.3461,true,1,90513
7290014046016,false,פסטרמה של פעם דל שומן 2% רכיבים טבעיים,מעדני יחיעם,IL,פסטרמה של פעם 250 גר,,250.00,"100 מ""ל",false,,26.90,0.1076,true,1,51043
7290014046047,false,צמד פסטרמות 600 ג' יחיעם,מעדני יחיעם 1993,IL,צמד פסטרמות פפריקה ו,,600.00,"100 מ""ל",false,,29.90,0.0498,true,1,52424
7290014046436,false,נשנושי קבנוס 125 ג' יחיעם,מעדני יחיעם 1993,IL,נשנושי קבנוס יחיעם 1,,125.00,100 גרם,false,,14.90,0.1192,true,1,47953
7290014046474,false,"נקניקיות עוף 1.5 ק""ג יחיעם",יחיעם,IL,*מבצע* נקניקיות עוף,,1500.00,"100 מ""ל",false,,27.90,0.0186,true,1,73545
7290014046580,false,פסטרמה מעודנת על גחלים 300 ג' יחיעם,מעדני יחיעם 1993,IL,פסטרמה מעודנת על גחל,,300.00,"100 מ""ל",false,,25.90,0.0863,true,1,52758
7290014046757,false,סלמי תה מעדני יחיעם,פ.פ.ח. שאביט,IL,סלמי תה יחיעם 300 גר,,300.00,100 גרם,false,,24.90,0.0830,true,1,57774
7290014046764,false,סלמי פפרוני יחיעם 20,,,סלמי פפרוני יחיעם 20,,200.00,100 גרם,false,,14.90,0.0745,true,1,80874
7290014059436,false,"סנסודיין משחת שיניים לשיקום והגנה מלבינה 75 מ""ל",סמית קליין ביצ'ם,GB,משחת סנסודיין לשיקום,,75.00,100 גרם,false,,19.90,0.2653,true,1,73541
7290014066359,false,לנדוור-קפסולות אספרסו בלנסד(06) - 10יח'12X יח,האחים פלם הגפן,IL,לנדוור קפסולות אספרס,,50.00,"100 מ""ל",false,,14.90,0.2980,true,1,98484
7290014066366,false,לנדוור-קפסולות אספרסו ריסטרטו(08) - 10יח'12X יח,קפה לנדוור,IL,לנדוור קפסולות אספרס,,50.00,100 גרם,false,,14.90,0.2980,true,1,98485
7290014066373,false,לנדוור-קפסולות אספרסו קלאסיק(09) - 10יח'12X יח,קפה לנדוור,IL,לנדוור קפסולות אספרס,,50.00,"100 מ""ל",false,,14.90,0.2980,true,1,98486
7290014066441,false,לנדוור-קפסולות אספרסו נטול קפאין(07) - 10יח'12X יח,קפה לנדוור,IL,לנדוור קפסולות אספרס,,50.00,100 גרם,false,,14.90,0.2980,true,1,98488
7290014079847,false,צמד פטריות בייבי בלה,"מרינה פטריות הגליל בע""מ",IL,צמד פטריות בייבי בלה,,500.00,"100 מ""ל",false,,15.90,0.0318,true,1,56519
7290014094840,false,צימוקים כהים ששון הק,"דין שיווק וקליה בע""מ",,צימוק חום שקית 300 ג,,300.00,"100 מ""ל",false,,10.90,0.0363,true,1,55810
7290014094857,false,פקאן סיני מסוכר ששון,"דין שיווק וקליה בע""מ",IL,פקאן סיני מסוכר 150,,150.00,100 גרם,false,,20.00,0.1333,true,1,55827
7290014094895,false,אגוזים קלופים ששון הקולה 150 ג',,,אגוזי מלך שקית 150גר,,150.00,100 גרם,false,,10.90,0.0727,true,1,55800
7290014095472,false,חטיף דגנים עם חמוציות ושוקולד מריר 125 ג',דין שיווק,MK,חטיף דגנים עם חמוציו,,125.00,"100 מ""ל",false,,7.90,0.0632,true,1,86663
7290014095496,false,חטיף דגנים עם אגוזים ושוקלד מריר 125 ג',דין שיווק,MK,חטיף דגנים אגוזים בש,,125.00,100 גרם,false,,7.90,0.0632,true,1,67873
7290014095861,false,שיבולת שועל דקה להכנה מהירה,"דין שיווק וקליה בע""מ",IL,קוואקר שיבולת שועל ד,,500.00,"100 מ""ל",false,,7.90,0.0158,true,1,47696
7290014095946,false,משוקלדים פקאן בשוקולד מריר 140 גרם,"דין שיווק וקליה בע""מ",IL,פקאן בשוקולד מריר שק,,160.00,"100 מ""ל",false,,9.90,0.0619,true,1,86665
7290014095960,false,שיבולת שועל עבה להכנה מהירה,"דין שיווק וקליה בע""מ",IL,קוואקר שיבולת שועל ע,,500.00,"100 מ""ל",false,,7.90,0.0158,true,1,47697
7290014204560,false,"סבון נוזלי שלישייה * 500 מ""ל פנינה",,,*מבצע* סבון שלישייה,ליטרים,1.50,ליטר,false,,10.90,7.2667,true,1,108004
7290014217003,false,תבלין פפריקה מעושנת מיכל 90ג',תות ממתקי איכות,IL,פפריקה מעושנת 90גר,,90.00,"100 מ""ל",false,,9.90,0.1100,true,1,44719
7290014217010,false,תבלין תיבול דגים מיכל 90גר,תבליני טעם וריח,IL,תיבול דגים 90גר,,90.00,100 גרם,false,,13.90,0.1544,true,1,46176
7290014217027,false,תבלין טי בול לעוף 120 גר',תות ממתקי איכות,IL,תיבול עוף 120גר,,120.00,100 גרם,false,,13.90,0.1158,true,1,46177
7290014217065,false,תבלין אורגנו עלים 30 גר',תות ממתקי איכות,IL,אורגנו מיכל גדול 30ג,,30.00,100 גרם,false,,9.90,0.3300,true,1,45747
7290014217119,false,תערובת לצ'יפס מיכל 100 ג',תות ממתקי איכות,IL,מיכל תערובת לצ'יפס 1,,100.00,"100 מ""ל",false,,9.90,0.0990,true,1,52521
7290014217157,false,תערובת תיבול טוסקנה מיכל 120 גר,תות ממתקי איכות,IL,מיכל תערובת תיבול טו,,120.00,"100 מ""ל",false,,9.90,0.0825,true,1,52524
7290014217164,false,תבלין פטרוזיליה מיכל גדול 20 ג',תות ממתקי איכות,IL,פטרוזיליה מיכל גדול,,20.00,100 גרם,false,,9.90,0.4950,true,1,53913
7290014217201,false,תערובת תיבול סומק 45 ג',תות ממתקי איכות,IL,תערובת תיבול סומק 45,,45.00,"100 מ""ל",false,,5.90,0.1311,true,1,55748
7290014217225,false,תבלין גריל עוף מיכל 120גר,תות ממתקי איכות,IL,גריל עוף מיכל 120גר,,120.00,"100 מ""ל",false,,11.90,0.0992,true,1,51268
7290014217348,false,צ'ילי כתוש חריף (פלפל קיינה),תות ממתקי איכות,IL,צ'ילי כתוש מיכל 70גר,,70.00,"100 מ""ל",false,,9.90,0.1414,true,1,51271
7290014217362,false,תבלין תיבול לקציצות מיכל 100 ג',תות ממתקי איכות,IL,תיבול לקציצות מיכל 1,,100.00,"100 מ""ל",false,,9.90,0.0990,true,1,51273
7290014217478,false,תערובת עשבי תיבול איטלקי ים תיכוני 30ג',תות ממתקי איכות,IL,תערובת עשבי תיבול אי,,30.00,"100 מ""ל",false,,9.90,0.3300,true,1,57399
7290014217485,false,תערובת תיבול קייג'ון,תות ממתקי איכות,IL,תערובת תיבול קייג'ון,,100.00,"100 מ""ל",false,,9.90,0.0990,true,1,86412
7290014217492,false,תבלין פילדלפיה תערובת 100 גר,תות ממתקי איכות,IL,תערובת תיבול פילדלפי,,100.00,"100 מ""ל",false,,9.90,0.0990,true,1,86413
7290014218321,false,בורקס אישי גבינה מעדנות 600 ג',מיוצר עי קונדיטוריית,IL,בורקס יפו גבינה מעדנ,,600.00,"100 מ""ל",false,,18.90,0.0315,true,1,73709
7290014218338,false,בורקס יפו במילוי תפוחי אדמה,מיוצר עי קונדיטוריית,IL,"בורקס יפו תפו""א מעדנ",,600.00,100 גרם,false,,15.90,0.0265,true,1,73710
7290014218536,false,"בצק עלים מופחת שומן מעדנות 1 ק""ג","מעדנות בע""מ",IL,בצק עלים מופחת שומן,,1000.00,100 גרם,false,,21.90,0.0219,true,1,73858
7290014218932,false,חטיפי פיצה בתוספת זיתים 710 ג' מעדנות,מיוצר עי קונדיטוריית,IL,חטיפי פיצה בתוספת זי,,710.00,100 גרם,false,,29.90,0.0421,true,1,83855
7290014241589,false,מיקס אגוזים טבעי וחמוציות 150 גרם,דין שיווק,,מיקס אגוזים טבעי וחמ,,150.00,"100 מ""ל",false,,10.90,0.0727,true,1,52838
7290014256637,false,יין לבן מתוק מבעבע Buzz מוסקטו,יקבי כרמל Carmel Winery,IL,באז משקה מבוסס יין מ,,750.00,100 גרם,false,,25.90,0.0345,true,1,53024
7290014258716,false,תרכובת מזון צמחי על בסיס חלבון סויה מגיל לידה,מטרנה תעשיות ש.מ,IL,מטרנה צמחי 700גר כשל,,700.00,100 גרם,false,,55.90,0.0799,true,1,53408
7290014397170,false,"פרש מיכל מילוי אוטומטיק סופט בלאנס 250 מ""ל סנו",מיוצר עי קונדיטוריית,IL,מטהר אוויר סנו פרש,,165.00,"100 מ""ל",false,,15.90,0.0964,true,1,98455
7290014397453,false,מסיר כתמים לכביסה לבנה אוקסיג'ן ג'ל,סנו אוקסיג'ן,IL,סנו אוקסיגן לכביסה ל,,3000.00,100 גרם,false,,32.90,0.0110,true,1,47654
7290014397675,false,סנו מקסימה מרכך כביסה חלב ודבש 4 ל',סנו,IL,סנו מקסימה מרכך כביס,ליטרים,4.00,ליטר,false,,22.90,5.7250,true,1,47548
7290014397873,false,מרכך כביסה בבישום עוצמתי ג'נטל בריז,סנו מקסימה,IL,סנו מקסימה מרכך כביס,,4000.00,100 גרם,false,,22.90,0.0057,true,1,97291
7290014426061,false,משחת שיניים הלו קיטי בטעם ענבים לגיל 2-6,כצט נוביס,IL,הלו קיטי משחת שיניים,,50.00,"100 מ""ל",false,,10.90,0.2180,true,1,50120
7290014435704,false,סלמון מעושן 100גר' שמיר,שבעת הימים - שמיר,IL,סלמון מעושן 100גר,,100.00,"100 מ""ל",false,,22.90,0.2290,true,1,55090
7290014435810,false,הרינג כבוש ובצל במרינת חמוץ מתוק שמיר 180 ג',שבעת הימים - שמיר,IL,הרינג כבוש עם בצל במ,,180.00,100 גרם,false,,22.90,0.1272,true,1,55093
7290014435834,false,מקרל מעושן פרוס בשמן 180 גרם,שבעת הימים - שמיר,IL,מקרל מעושן פרוס בשמן,,180.00,"100 מ""ל",false,,24.90,0.1383,true,1,55095
7290014435841,false,פילה מטיאס הולנדי בשמן שמיר 180ג',סלטי שמיר 2006 בעמ,IL,פילה מטיאס הולנדי בש,,180.00,"100 מ""ל",false,,22.90,0.1272,true,1,55096
7290014435896,false,סלט סלומון עם מיונז 180 גר',שבעת הימים - שמיר,IL,סלט סלמון עם מיונז 2,,200.00,"100 מ""ל",false,,24.90,0.1245,true,1,55099
7290014455245,false,גבינת גרנה פדנו משולש 29% 200 גרם בית יוסף,מחלבת סוציאלה מנטובה,IT,גד פרמז'ן גרנה פדנו,,200.00,"100 מ""ל",false,,27.90,0.1395,true,1,56296
7290014455252,false,גבינה קשה מגורדת גרנה פדנו 29% שומן,מחלבות גד שיווק 1992,IT,גרנה פדנו מגורד 100ג,,100.00,100 גרם,false,,11.00,0.1100,true,1,56297
7290014455320,false,גבינה כדורי מוצרלה פרסקה גד 100ג',מחלבות גד בעמ,IL,כדור מוצרלה פרסקה 18,,100.00,"100 מ""ל",false,,9.80,0.0980,true,1,55702
7290014455467,false,ירח מתוק מעדן חלב 2% ושיבולת שועל גד 150ג',מחלבות גד,IL,מעדן שיבולת שועל וחל,,150.00,100 גרם,false,,5.90,0.0393,true,1,56298
7290014459137,false,"צ'יפס תפוגן סטייק 1.5 ק""ג","תעשיות תפוגן בע""מ",IL,ציפס סטייק תפוגן 1.5,,1500.00,100 גרם,false,,26.90,0.0179,true,1,54174
7290014471412,false,"מוזלי בוטנים אגוזים ושקדים 1 ק""ג - 412 ירוק שקדיה",דין שיווק,IL,מוזלי עם בוטנים אגוז,,1000.00,"100 מ""ל",false,,19.90,0.0199,true,1,52557
7290014471443,false,"גרנולה צימוקים אגוזים ושקדים1 ק""ג חדש - 443 כתום שקדיה (כתום)",דין שיווק,IL,גרנולה עם צימוקים אג,,1000.00,"100 מ""ל",false,,19.90,0.0199,true,1,52560
7290014472136,false,גרעין שחור קלוי ששון הקולה 150 ג',דין שיווק,IL,גרעין שחור קלוי 150ג,,150.00,"100 מ""ל",false,,3.90,0.0260,true,1,67876
7290014472426,false,קונפיטורה דובדבן חמוץ 450 ג' שקדיה,"דין שיווק וקליה בע""מ",IL,קונפיטורה דובדבן חמו,,450.00,100 גרם,false,,12.90,0.0287,true,1,54083
7290014525290,false,חטיף קריספי עם מילוי בטעם תות שדה,סלים דליס Slim Delis,NL,חטיפי מרבה סלים דליס,,125.00,"100 מ""ל",false,,15.90,0.1272,true,1,92719
7290014525306,false,מרבה סלים דליס קריספי אוכמניות 125 גר,סלים דליס Slim Delis,NL,חטיפי מרבה סלים דליס,,125.00,"100 מ""ל",false,,15.90,0.1272,true,1,92720
7290014525313,false,מרבה סלים דליס קריספי שוקולד 125 גר,סלים דליס Slim Delis,NL,חטיפי מרבה סלים דליס,,125.00,"100 מ""ל",false,,15.90,0.1272,true,1,92721
7290014534650,false,פסטה 55 צינור 400 ג' לה פסטה,,,פסטה לה פסטה צינור 4,,400.00,100 גרם,false,,4.90,0.0123,true,1,57372
7290014534667,false,פסטה קונכיה 53 400 ג' לה פסטה,,,פסטה לה פסטה קונכיה,,400.00,100 גרם,false,,4.90,0.0123,true,1,57373
7290014534674,false,ספגטי לה פסטה פרפר 4,,,פסטה לה פסטה פרפר 40,,400.00,100 גרם,false,,4.90,0.0123,true,1,57374
7290014534681,false,פסטה בורג 64 400 ג' לה פסטה,,,פסטה לה פסטה בורג 40,,400.00,100 גרם,false,,4.90,0.0123,true,1,57375
7290014534698,false,פסטה תלתל 65 400 ג' לה פסטה,,,פסטה לה פסטה תלתל 40,,400.00,100 גרם,false,,4.90,0.0123,true,1,57376
7290014534704,false,פסטה 25 אטריות מרק 400 ג' לה פסטה,,,פסטה לה פסטה אטריות,,400.00,100 גרם,false,,4.90,0.0123,true,1,57377
7290014555082,false,מים מזוקקים 4 לט מקסול,סאסאטק,IL,מים מזוקקים מקסול 4ל,ליטרים,4.00,ליטר,false,,10.90,2.7250,true,1,55319
7290014555686,false,"שמפו לשיער רגיל 700 מ""ל נובו.",סאסאטק,IL,נובו שמפו לשיער רגיל,,700.00,100 גרם,false,,10.00,0.0143,true,1,53096
7290014555693,false,"שמפו לשיער יבש/צבוע 700 מ""ל נובו.",סאסאטק,IL,נובו שמפו לשיער יבש/,,700.00,"100 מ""ל",false,,10.00,0.0143,true,1,86906
7290014555716,false,"מרכך לכל סוגי השיער 700 מ""ל נובו",סאסאטק,IL,נובו מרכך שיער 700מל,,700.00,"100 מ""ל",false,,10.00,0.0143,true,1,53085
7290014555723,false,"תחליב רחצה אקזוטי 700 מ""ל נובו.",סאסאטק,IL,נובו תחליב רחצה אקזו,,700.00,100 גרם,false,,10.00,0.0143,true,1,53005
7290014555730,false,"תחליב רחצה דבש 700 מ""ל נובו.",סאסאטק,IL,נובו תחליב רחצה דבש,,700.00,100 גרם,false,,10.00,0.0143,true,1,53006
7290014555747,false,"תחליב רחצה נובו הרבל 700 מ""ל",סאסאטק,IL,נובו תחליב רחצה הרבל,,700.00,"100 מ""ל",false,,10.00,0.0143,true,1,53007
7290014555754,false,"נובו תחליב רחצה בלוסום 700 מ""ל",סאסאטק,IL,נובו תחליב רחצה בלוס,,700.00,100 גרם,false,,10.00,0.0143,true,1,53008
7290014555778,false,"נובו ג'ל רחצה לגבר בלייז 700מ""ל",סאסאטק,IL,נובו תחליב רחצה לגבר,,700.00,100 גרם,false,,10.00,0.0143,true,1,53387
7290014555785,false,"נובו ג'ל רחצה לגבר וויב 700מ""ל",סאסאטק,IL,נובו תחליב רחצה לגבר,,700.00,100 גרם,false,,10.00,0.0143,true,1,53388
7290014581036,false,"פחם דליק 2 ק""ג",,,"פחמים כ- 2 ק""ג",יחידה,0.00,יחידה,false,,11.90,0.0000,true,1,52395
7290014648081,false,סכיני גילוח חד פעמי,,,סכיני גילוח חד פעמי,,10.00,יח',false,,9.90,0.9900,true,1,53000
7290014651920,false,פיצוחי הטיב קבוקים שומשום 200ג בשקית,,,קבוקים שומשום 200גר,,200.00,100 גרם,false,,6.90,0.0345,true,1,76304
7290014692299,false,גבינת ברי 125 ג' קסטיאלו ויליפוד,יורו צ'יז Euro Cheese,DK,גבינת ברי קאסטללו יו,,125.00,100 גרם,false,,21.90,0.1752,true,1,49715
7290014692305,false,גבינת קממבר 125ג' CASTELLO ויליפוד,הנסיך- מפעל לייצור ט,DK,גבינת קממבר יורוציז,,125.00,"100 מ""ל",false,,21.90,0.1752,true,1,49716
7290014692541,false,גבינה צהובה מגורדת 500 גר' GOLDEN,ג.וילי פוד אינטרנשיו,IL,אמה מגורדת 500גר,,500.00,100 גרם,false,,19.90,0.0398,true,1,55565
7290014692817,false,גבינת מוצרלה מגורדת 200 ג' EURO CHEESE ויליפוד,הנסיך- מפעל לייצור ט,IL,גבינת מוצרלה מגורדת,,200.00,"100 מ""ל",false,,15.90,0.0795,true,1,49901
7290014749245,false,ספיישל רצועות שניצל שומשום עוף טוב 600 גרם,מוצרי עוף טוב (2001),IL,צ'ונגו רצועות שניצל,,600.00,"100 מ""ל",false,,34.90,0.0582,true,1,98864
7290014749726,false,שניצל עוף קריספי 700 גר',מולינו ניקולי s.p.a,IL,שניצל עוף ביתי קריספ,,700.00,"100 מ""ל",false,,43.90,0.0627,true,1,98049
7290014749764,false,עוף טוב שניצל עוף ביתי עדין 700,מוצרי עוף טוב (2001),IL,שניצל עוף ביתי מעודן,,700.00,"100 מ""ל",false,,43.90,0.0627,true,1,98050
7290014749863,false,שניצל דק ענק קריספי צ'יפס עוף טוב 720 גר',מוצרי עוף טוב (2001),IL,שניצל דק ענק קריספי,,720.00,"100 מ""ל",false,,37.90,0.0526,true,1,102427
7290014758100,false,מאגדת יוגורט ביו 3% שומן 8 יח' *150ג' תנובה,מיוצר עי קונדיטוריית,IL,יוגורט ביו מאגדת שמי,,1200.00,100 גרם,false,,16.90,0.0141,true,1,47416
7290014758117,false,מאגדת יוגורט ביו 1.5% שומן 8 יח' *150 ג' תנובה,מיוצר עי קונדיטוריית,IL,יוגורט ביו מאגדת שמי,,1200.00,"100 מ""ל",false,,16.90,0.0141,true,1,47417
7290014758681,false,קוטג' תנובה 1% גביע 250 ג',מיוצר עי קונדיטוריית,IL,גבינת קוטג׳ 1% בגביע,,250.00,יח',false,,5.90,0.0236,true,1,47421
7290014759084,false,גבינת שמנת 16% בטעם טבעי 225 ג' נפוליאון,תנובה מרכז שיתופי לש,IL,גבינת נפוליאון 16% 2,,225.00,"100 מ""ל",false,,14.50,0.0644,true,1,49676
7290014759909,false,פיראוס פטה עזים פיראוס 5% 250גר,"תנובה, מחלבת טנא נוג",IL,פטה עיזים 5% פיראוס,,250.00,"100 מ""ל",false,,29.90,0.1196,true,1,50774
7290014759978,false,"גבינת קצקבל פלח גלעד 27%, 200 ג'",תנובה,IL,קאשקבל פלח 200 גר,,200.00,100 גרם,false,,28.90,0.1445,true,1,50617
7290014759992,false,גבינת רוקפור גליל פלח 140 ג' תנובה,"תנובה, מחלבת תל יוסף",IL,רוקפור פלח 140גר,,140.00,100 גרם,false,,19.90,0.1421,true,1,49926
7290014760134,false,מעדן סויה בטעם וניל אלטרנטיב,תנובה Alternative,IL,מעדן סויה בטעם וניל,,125.00,"100 מ""ל",false,,4.10,0.0328,true,1,79778
7290014760141,false,משקה שקדים תנובה E אלטרנטיב,תנובה Alternative,IL,משקה שקדים טרי 1ליטר,,1000.00,100 גרם,false,,13.00,0.0130,true,1,54206
7290014760448,false,גבינה צהובה גלבוע 400 גרם 22% שומן תנובה,מחלבת בית יצחק,IL,גבינה צהובה 22% שומן,,400.00,יח',false,,25.90,0.0647,true,1,85844
7290014760912,false,פרוסות גבינה 28% שומן 400 ג' גוש חלב,תנובה מרכז שיתופי לש,IL,צהובה גוש חלב 28% 40,,400.00,יח',false,,27.90,0.0697,true,1,89525
7290014761056,false,מעדן שוקולד חלב מעולה 123 ג' יולו,מיוצר עי קונדיטוריית,IL,מעדן שוקולד חלב יולו,,123.00,"100 מ""ל",false,,4.60,0.0374,true,1,53113
7290014761063,false,מעדן שוקולד מריר מעולה 123 ג' יולו,מיוצר עי קונדיטוריית,IL,מעדן שוקולד מריר יול,,123.00,100 גרם,false,,4.60,0.0374,true,1,53114
7290014761070,false,מעדן שוקולד לבן מעולה 123 ג' יולו,מיוצר עי קונדיטוריית,IL,מעדן שוקולד לבן יולו,,123.00,"100 מ""ל",false,,4.60,0.0374,true,1,53115
7290014761193,false,יוגורט עם פירות יער 1.5% שומן 125 ג' פרילי,תנובה מרכז שיתופי לש,IL,יוגורט עם פירות יער,,125.00,"100 מ""ל",false,,3.60,0.0288,true,1,53208
7290014761254,false,"יוגורט ביו 3% תנובה מארז 150X8ג' בד""צ",תנובה מרכז שיתופי לש,IL,יוגורט ביו מאגדת שמי,,150.00,"100 מ""ל",false,,16.90,0.1127,true,1,85846
7290014761414,false,מעדן שכבות שוקולד חלב ולבן 123 ג' יולו,מיוצר עי קונדיטוריית,IL,יולו מעדן שכבות שוקו,,123.00,"100 מ""ל",false,,4.60,0.0374,true,1,53118
7290014761612,false,מעדן עם שוקולד מריר ולבן 122 ג' יולו,מיוצר עי קונדיטוריית,IL,יולו מעדן שכבות שוקו,,123.00,100 גרם,false,,4.60,0.0374,true,1,54291
7290014762800,false,מעדן סויה שוקולד גביע 125 גרם אלטרנטיב,תנובה מרכז שיתופי לש,IL,מעדן סויה בטעם שוקול,,125.00,100 גרם,false,,4.10,0.0328,true,1,78313
7290014762831,false,גבינת שמנת חלפיניו 24% שומן 225 ג' נפוליאון,תנובה מרכז שיתופי לש,IL,גבינת נפוליאון 25% ע,,225.00,"100 מ""ל",false,,14.50,0.0644,true,1,57450
7290014762848,false,גבינה צהובה מגורדת 22% שומן 500 ג' פתיתי גלבוע,גלבוע - תנובה,IL,פתית גלבוע 22% 500 ג,,500.00,"100 מ""ל",false,,34.90,0.0698,true,1,78918
7290014762909,false,פתיתי מוצרלה 20% שומן 200 ג' השף הלבן,"תנובה, מחלבת תל יוסף",IL,פתיתי מוצרלה 20% שו,,200.00,יח',false,,17.90,0.0895,true,1,57013
7290014763098,false,קרם גבינת שמנת 5% עם פלפל שום ובצל 200 ג' תנובה,תנובה,IL,קרם גבינה שמנת 5% טו,,200.00,"100 מ""ל",false,,12.00,0.0600,true,1,57017
7290014791091,false,"שוויפס לימונייד 500 מ""ל",,,שוופס לימונייד 500מל,,500.00,"100 מ""ל",false,,5.90,0.0118,true,1,85510
7290014791336,false,מים מינרליים מי עדן,יושלם,,מי עדן 1ליטר,,1000.00,100 גרם,false,,3.90,0.0039,true,1,79505
7290014791725,false,"שוויפס תפוחים מוגז 500 מ""ל",,,שוופס מוגז תפוח 500,,500.00,"100 מ""ל",false,,5.90,0.0118,true,1,85511
7290014855434,false,מגבונים בייביסיטר פרפורמנס מבושם רביעיה,בייביסיטר Babysitter,,מגבוני בייביסיטר פרפ,יחידה,0.00,יחידה,false,,15.90,0.0000,true,1,54292
7290014855458,false,מגבוני בייביסיטר פרפורמנס ללא בישום מארז 72X4יח',בייביסיטר Babysitter,,מגבוני בייביסיטר פרפ,יחידה,0.00,יחידה,false,,15.90,0.0000,true,1,54293
7290014860070,false,"מקלוני אורז ללא גלוטן 5 מ""מ 454גר' (אור)",ניינטי נודל קו,TH,מקלוני אורז ללא גלוט,,454.00,"100 מ""ל",false,,10.90,0.0240,true,1,52863
7290014860094,false,מקלוני אורז ללא גלוט,ניינטי נודל קו,TH,מקלוני אורז ללא גלוט,,454.00,100 גרם,false,,10.90,0.0240,true,1,52864
7290014901247,false,"סטייל שמפו 0חר החלקה מועשר בקרטין, 750 מ""ל",א.ל. ארמן ייצור תמרו,IL,שמפו סטייל קרטין 750,,750.00,100 גרם,false,,19.90,0.0265,true,1,104539
7290014901308,false,"סנסודיין משחת שיניים להגנה מלאה 75 מ""ל - סדרת פרמיום",סמית קליין ביצ'ם,GB,סנסודיין משחת שיניים,,75.00,100 גרם,false,,21.90,0.2920,true,1,73542
7290014901315,false,משחת שיניים לשיניים רגישות Extra fresh,סמית קליין ביצ'ם,GB,סנסודיין משחת שיניים,,75.00,100 גרם,false,,21.90,0.2920,true,1,86570
7290014905160,false,"הפי מטהר אוויר פניני ריח בניחוחות, 130 גרם",יוליניבר,IT,פניני ריח הפי 130גר,,130.00,"100 מ""ל",false,,7.90,0.0608,true,1,57239
7290014905207,false,הפי גל לניקוי אסלה 7,אורו,,הפי גל לניקוי אסלה 7,,750.00,"100 מ""ל",false,,10.90,0.0145,true,1,49196
7290014905689,false,"נוזל כלים הפי מרוכז 24% תפוח 750 מ""ל",וונדפוט,BE,הפי נוזל כלים ירוק ת,,750.00,100 גרם,false,,7.90,0.0105,true,1,52858
7290014905696,false,"נוזל כלים הפי מרוכז 24% לימון 750 מ""ל",וונדפוט,BE,הפי נוזל כלים צהוב ל,,750.00,100 גרם,false,,7.90,0.0105,true,1,52859
7290014905733,false,"הפי - מרסס להברקת שמשות 750 מ""ל",יוליניבר,TR,הפי מרסס לניקוי חלונ,,750.00,100 גרם,false,,7.90,0.0105,true,1,52862
7290014945067,false,צמרוני אוזניים פלסטי,,,צמרוני אוזניים פלסטי,יחידה,0.00,יחידה,false,,3.90,0.0000,true,1,106660
7290014945074,false,צמרוני בייבי 56 גרם,,,צמרוני בייבי 56 גרם,יחידה,0.00,יחידה,false,,4.90,0.0000,true,1,106661
7290014945210,false,צמרוני עץ 300 יח בשק,,,צמרוני עץ 300 יח בשק,יחידה,0.00,יחידה,false,,4.90,0.0000,true,1,106659
7290014945746,false,אטבי כביסה מודפסים 9,,,אטבי כביסה מודפסים 9,,9.00,יח',false,,6.90,0.7667,true,1,86306
7290015039253,false,וילי פוד עלי גפן במי מלח 620 גר,קוראהן פזלרמה וי דיס,TR,עלי גפן במי מלח 620ג,,620.00,"100 מ""ל",false,,10.90,0.0176,true,1,51501
7290015139267,false,שוקולד מריר עם שקדים ללא תוספת סוכר וסטהיים,כרמית תעשיות ממתקים,IL,שוקולד מריר עם שקדים,,85.00,100 גרם,false,,6.90,0.0812,true,1,56747
7290015150118,false,עגבניות חתוכות דק בלה איטליה 3*400 ג',אמיליאנה קונסרב ס.פ.,IT,עגבניות חתוכות 3* 40,,1200.00,100 גרם,false,,13.90,0.0116,true,1,53530
7290015155823,false,מחית תפוחי עץ חטיפטף ללא תוספת סוכר,פרוטה פודיווין איי.א,CZ,פרינוק פאוץ' בטעם תפ,,120.00,"100 מ""ל",false,,5.90,0.0492,true,1,97329
7290015155830,false,מחית תפוחי עץ ובננה חטיפטף ללא תוספת סוכר,פרוטה פודיווין,CZ,פרינוק פאוץ' בטעם תפ,,120.00,100 גרם,false,,5.90,0.0492,true,1,97330
7290015155847,false,מחית סלט פירות חטיפטף ללא תוספת סוכר,פרוטה פודיווין איי.א,CZ,פרינוק פאוץ' בטעם סל,,120.00,"100 מ""ל",false,,5.90,0.0492,true,1,97331
7290015156769,false,מחית פרינוק פאוץ' תפוח ואוכמניות 120 גרם,,,פרינוק פאוץ תפוח ואו,,120.00,100 גרם,false,,5.90,0.0492,true,1,97333
7290015156790,false,מחית לפתן פירות חטיפטף ללא תוספת סוכר,פרינוק,,פרינוק פאוץ לפתן פיר,,120.00,"100 מ""ל",false,,5.90,0.0492,true,1,97334
7290015156813,false,מחית פרינוק פאוץ' פירות מעורבים 120 גרם,,,פרינוק פאוץ פירות מע,,120.00,"100 מ""ל",false,,5.90,0.0492,true,1,97335
7290015161541,false,קוואקר שיבולת שועל אינסטנט ללא גלוטן - 400 גרם,נוטרה זן NutraZen,DK,קוואקר דק ללא גלוטן,,400.00,"100 מ""ל",false,,19.90,0.0497,true,1,102364
7290015161572,false,גרנולה אגוזים וגרעינים ללא תוספת סוכר,נוטרה זן NutraZen,,גרנולה שיבולת שועל 2,,300.00,100 גרם,false,,23.90,0.0797,true,1,102367
7290015251273,false,תחליב רחצה פירות+משאבה 1ל נובו,,,נובו תחליב רחצה פירו,,1000.00,100 גרם,false,,10.00,0.0100,true,1,52765
7290015282000,false,איקרה אדומה שמיר 200 ג',שבעת הימים - שמיר,,איקרה אדומה 200גר שמ,,200.00,100 גרם,false,,16.90,0.0845,true,1,55101
7290015282024,false,איקרה לבנה סלטי שמיר,שבעת הימים - שמיר,,איקרה לבנה 200גר שמי,,200.00,"100 מ""ל",false,,16.90,0.0845,true,1,55103
7290015282390,false,סלט תורכי שמיר 200 גר',"סלטי שמיר 2006 בע""מ",IL,תורכי 200 גרם גורמה,,200.00,"100 מ""ל",false,,14.90,0.0745,true,1,76923
7290015282581,false,חומוס שמיר אבו גוש עם חריף 200 גר',"סלטי שמיר 2006 בע""מ",IL,חומוס אבו גוש עם חרי,,200.00,100 גרם,false,,14.90,0.0745,true,1,76955
7290015282598,false,חומוס שמיר מסעדות 200 גר',"סלטי שמיר 2006 בע""מ",IL,חומוס מסעדות 200 גר,,200.00,"100 מ""ל",false,,14.90,0.0745,true,1,76924
7290015282628,false,חציל שמיר בטעם כבד 200 גר',"סלטי שמיר 2006 בע""מ",IL,חציל בטעם כבד 200 גר,,200.00,100 גרם,false,,14.90,0.0745,true,1,76931
7290015282635,false,חומוס שמיר מסבחה 200 גר',"סלטי שמיר 2006 בע""מ",IL,חומוס מסבחה 200 גרם,,200.00,"100 מ""ל",false,,14.90,0.0745,true,1,76922
7290015282642,false,חומוס שמיר אבו גוש 200 גר',"סלטי שמיר 2006 בע""מ",IL,"חומוס אבו ג""וש 200 ג",,200.00,100 גרם,false,,14.90,0.0745,true,1,76925
7290015282673,false,חציל שמיר במיונז ביתי 200 גורמה גר',"סלטי שמיר 2006 בע""מ",IL,חציל במיונז ביתי שמי,,200.00,100 גרם,false,,14.90,0.0745,true,1,76932
7290015282680,false,קישוא בטעם כבד שמיר 200 גר',"סלטי שמיר 2006 בע""מ",IL,קישוא בטעם כבד 200 ג,,200.00,"100 מ""ל",false,,14.90,0.0745,true,1,76934
7290015282710,false,קוביות סלק שמיר 200 גר',"סלטי שמיר 2006 בע""מ",IL,קוביות סלק 200 גר,,200.00,"100 מ""ל",false,,14.90,0.0745,true,1,76927
7290015282727,false,גזר מרוקאי ברוטב פיקנטי אסלי שמיר 200 ג',"סלטי שמיר 2006 בע""מ",IL,גזר מרוקאי ברוטב פיק,,200.00,100 גרם,false,,14.90,0.0745,true,1,76928
7290015282734,false,מטבוחה שמיר ביתית גורמה 200 ג ',"סלטי שמיר 2006 בע""מ",IL,מטבוחה ביתית 200 גרם,,200.00,100 גרם,false,,14.90,0.0745,true,1,76929
7290015282741,false,חציל תאילנדי אסלי שמיר 200 ג',"סלטי שמיר 2006 בע""מ",IL,חציל תאילנדי 200 גר,,200.00,"100 מ""ל",false,,14.90,0.0745,true,1,76935
7290015282796,false,"סלט תפו""א שמיר במיונז 200ג'","סלטי שמיר 2006 בע""מ",IL,תפוח אדמה 200 גר גור,,200.00,100 גרם,false,,14.90,0.0745,true,1,76930
7290015320009,false,שוקולד מריר 3*100 ג' השקדיה,קריות זול,,שוקולד מריר שקדיה 3*,,300.00,"100 מ""ל",false,,10.90,0.0363,true,1,105592
7290015320481,false,שוקולד מריר 60% יעד,,,שוקולד מריר 60% יעד,,100.00,100 גרם,false,,4.90,0.0490,true,1,98283
7290015324007,false,תבלין פלפל שחור גרוס 80 ג',תות ממתקי איכות,IL,פלפל שחור גרוס שקית,,80.00,100 גרם,false,,11.90,0.1488,true,1,51274
7290015324014,false,תבלין פלפל שחור טחון 80 ג',תות ממתקי איכות,IL,פלפל שחור טחון שקית,,80.00,100 גרם,false,,11.90,0.1488,true,1,51275
7290015324038,false,פפריקה מרוקאית מתוקה בשמן,תות ממתקי איכות,IL,פפריקה בשמן שקית 80ג,,80.00,100 גרם,false,,6.90,0.0863,true,1,51276
7290015324045,false,תבלין פפריקה חריפה 80 גר' שק',תות ממתקי איכות,IL,פפריקה חריפה שקית 80,,80.00,100 גרם,false,,6.90,0.0863,true,1,51277
7290015324052,false,תבלין פפריקה מתוקה 80 ג',תות ממתקי איכות,IL,פפריקה מתוקה שקית 80,,80.00,100 גרם,false,,6.90,0.0863,true,1,51278
7290015324069,false,תערובת תיבול גריל עוף,תות ממתקי איכות,IL,גריל עוף שקית 80גר,,80.00,100 גרם,false,,6.90,0.0863,true,1,51279
7290015324076,false,טעם וריח זעתר שקית 8,תות ממתקי איכות,IL,זעתר שקית 80גר,,80.00,100 גרם,false,,7.90,0.0988,true,1,51280
7290015324083,false,טעם וריח מלח לימון ש,תות ממתקי איכות,IL,מלח לימון שקית 80גר,,80.00,100 גרם,false,,6.90,0.0863,true,1,51281
7290015324090,false,תבלין כמון טחון 80 ג',תות ממתקי איכות,IL,כמון שקית 80גר,,80.00,100 גרם,false,,6.90,0.0863,true,1,51282
7290015324106,false,תבלין כורכום טחון 80 גר',תות ממתקי איכות,IL,כורכום שקית 80גר,,80.00,100 גרם,false,,6.90,0.0863,true,1,51283
7290015324113,false,טעם וריח בהרט שקית 8,תות ממתקי איכות,IL,בהרט שקית 80גר,,80.00,"100 מ""ל",false,,7.90,0.0988,true,1,51284
7290015324120,false,טעם וריח שום גבישי ב,תות ממתקי איכות,IL,שום גבישי שקית 80גר,,80.00,"100 מ""ל",false,,9.90,0.1238,true,1,51285
7290015324151,false,תבלין חוויאג למרק ב,תות ממתקי איכות,IL,חוואג' 80גר,,80.00,"100 מ""ל",false,,8.90,0.1113,true,1,51286
7290015324168,false,תבלין על האש תיבול 80 גר' שק',תות ממתקי איכות,IL,על האש ללא מונוסודיו,,80.00,"100 מ""ל",false,,7.90,0.0988,true,1,51287
7290015324175,false,תבלין שווארמה תיבול 80 גר' שק',תבליני טעם וריח,IL,שווארמה ללא מונוסודי,,80.00,100 גרם,false,,7.90,0.0988,true,1,51288
7290015324281,false,תבלין בצל מטוגן 200 ג',תות תעשיות מזון (201,NL,בצל מטוגן בשקית 200,,200.00,"100 מ""ל",false,,11.90,0.0595,true,1,76766
7290015324427,false,סודה לשתיה טעם וריח 80 גר',תבליני טעם וריח,IL,סודה לשתיה בשקית 80ג,,80.00,"100 מ""ל",false,,3.90,0.0487,true,1,98532
7290015324526,false,תערובת תיבול לפרגיות 80 ג',יוליניבר,IL,תערובת תיבול לפרגיות,,80.00,"100 מ""ל",false,,7.90,0.0988,true,1,92403
7290015324533,false,רוזמרין מיכל גדול 55 ג',"תבליני טעם וריח בע""מ",IL,רוזמרין מיכל גדול 55,,55.00,100 גרם,false,,9.90,0.1800,true,1,92412
7290015324588,false,פלפל לבן 100 גרם,תות ממתקי איכות,IL,פלפל לבן 100 גרם,,100.00,100 גרם,false,,14.90,0.1490,true,1,104002
7290015339551,false,פסטה פתיתים קוסקוס טעמן 500 גר',טעמן,,פתיתים אפויים קוסקוס,,500.00,"100 מ""ל",false,,5.90,0.0118,true,1,57431
7290015339568,false,פסטה פתיתים אורז טעמן 500 גר',,,פתיתים אפויים אורז ט,,500.00,100 גרם,false,,5.90,0.0118,true,1,57432
7290015339629,false,שוקולד חלב שברי אגוזים,הלל תעשיות,IL,שוקולד חלב שברי אגוז,,100.00,"100 מ""ל",false,,8.90,0.0890,true,1,105999
7290015339933,false,טעמן ריבת חלב 340 גרם,,,ריבת חלב טעמן 340גר,,340.00,"100 מ""ל",false,,12.90,0.0379,true,1,86145
7290015347273,false,נטיפי שוקולד אמיתי לאפיה 250 גר',,,נטיפי שוקולד אמיתי 2,,250.00,"100 מ""ל",false,,10.90,0.0436,true,1,80131
7290015350150,false,"יין אדום חצי יבש סגל 750 מ""ל",כרמי צבי - אחים סגל,IL,יין סגל אדום חצי יבש,,750.00,100 גרם,false,,24.90,0.0332,true,1,99573
7290015366663,false,"אקווה פרש משחת שיניים מנטה עדין 100מ""ל",אקווה פרש Aquafresh,SK,אקווה פרש עדין משחת,,100.00,"100 מ""ל",false,,8.90,0.0890,true,1,56723
7290015366670,false,משחת שיניים הגנה משולשת מנטה מרענן,אקווה פרש Aquafresh,SK,אקווה פרש מנטה משחת,,100.00,"100 מ""ל",false,,8.90,0.0890,true,1,56724
7290015374279,false,"סיגר במילוי בשר בד""צ",,,"סיגר במילוי בשר בד""צ",,400.00,"100 מ""ל",false,,12.90,0.0323,true,1,56438
7290015374286,false,"סיגר במילוי תפו""א בד",,,"סיגר במילוי תפו""א בד",,400.00,"100 מ""ל",false,,12.90,0.0323,true,1,56439
7290015374309,false,"פסטל במילוי תפו""א בד",,,"פסטל במילוי תפו""א בד",,400.00,"100 מ""ל",false,,12.90,0.0323,true,1,56441
7290015374316,false,"אגרול סיני בד""צ 400ג",,,"אגרול סיני בד""צ 400ג",,400.00,100 גרם,false,,12.90,0.0323,true,1,56442
7290015374323,false,קובה ביתי במילוי בשר,,,קובה ביתי במילוי בשר,,400.00,100 גרם,false,,12.90,0.0323,true,1,56443
7290015374330,false,"קובה מרק בד""צ 400גר",,,"קובה מרק בד""צ 400גר",,400.00,"100 מ""ל",false,,12.90,0.0323,true,1,56444
7290015374347,false,"קובה המוסטה בד""צ 400",,,"קובה המוסטה בד""צ 400",,400.00,"100 מ""ל",false,,12.90,0.0323,true,1,56445
7290015374354,false,"קרפלך במילוי תפו""א ב",,,"קרפלך במילוי תפו""א ב",,400.00,100 גרם,false,,12.90,0.0323,true,1,56446
7290015374361,false,"קרפלך במילוי בשר בד""",,,"קרפלך במילוי בשר בד""",,400.00,"100 מ""ל",false,,12.90,0.0323,true,1,56447
7290015374378,false,סמבוסק במילוי חומוס,,,סמבוסק במילוי חומוס,,400.00,"100 מ""ל",false,,12.90,0.0323,true,1,56448
7290015374392,false,בלינצס במילוי בשר בד,,,בלינצס במילוי בשר בד,,400.00,100 גרם,false,,12.90,0.0323,true,1,56449
7290015374408,false,בלינצס במילוי פטריות,,,בלינצס במילוי פטריות,,400.00,100 גרם,false,,12.90,0.0323,true,1,56450
7290015374422,false,"שניצלונים תפו""א במיל",,,"שניצלונים תפו""א במיל",,400.00,"100 מ""ל",false,,12.90,0.0323,true,1,56452
7290015374439,false,"שניצלונים תפו""א במיל",,,"שניצלונים תפו""א במיל",,400.00,"100 מ""ל",false,,12.90,0.0323,true,1,56453
7290015395045,false,קינואה שקדיה 400 גרם,"דין שיווק וקליה בע""מ",IL,קינואה 400גר,,400.00,100 גרם,false,,9.90,0.0248,true,1,54088
7290015528153,false,"צלחת במבוק 9 ""סידרת",,,"צלחת במבוק 9 ""סידרת",יחידה,0.00,יחידה,false,,25.90,0.0000,true,1,86248
7290015528177,false,מגש קלאסי 9/13 סידרת מאי שקוף 1יח',,,"מגש קלאסי 9/13 ""סיד",יחידה,0.00,יחידה,false,,8.90,0.0000,true,1,73735
7290015528566,false,גביע 270 ארוז 10 יח',,,גביע 270 ארוז 10 יח',יחידה,0.00,יחידה,false,,6.90,0.0000,true,1,86262
7290015528580,false,גביע 1000 ארוז 5 יח',,,גביע 1000 ארוז 5 יח',יחידה,0.00,יחידה,false,,6.90,0.0000,true,1,86263
7290015528641,false,מיכל 1 ליטר ארוז 3 י,,,מיכל 1 ליטר ארוז 3 י,יחידה,0.00,יחידה,false,,8.90,0.0000,true,1,91923
7290015528658,false,מיכל 2 ליטר ארוז 3 י,,,מיכל 2 ליטר ארוז 3 י,יחידה,0.00,יחידה,false,,8.90,0.0000,true,1,91947
7290015528665,false,מיכל 3 ליטר ארוז 2 י,,,מיכל 3 ליטר ארוז 2 י,יחידה,0.00,יחידה,false,,8.90,0.0000,true,1,91948
7290015528825,false,צלחת 7 מתכלה אר 25 יח' דנטס,,,צלחת 7 מתכלה אר 25 י,יחידה,0.00,יחידה,false,,11.90,0.0000,true,1,86269
7290015528832,false,צלחת 9 מתכלה אר' 25 יח' דנטס,,,צלחת 9 מתכלה אר' 25,יחידה,0.00,יחידה,false,,14.90,0.0000,true,1,86270
7290015528849,false,צלחת 10 מתכלה אר' 25 יח' דנטס,,,צלחת 10 מתכלה אר' 25,יחידה,0.00,יחידה,false,,18.90,0.0000,true,1,86271
7290015528870,false,ליפתנית מתכלה אר' 25 יח' דנטס,,,"ליפתנית 200 מ""ל מתכל",יחידה,0.00,יחידה,false,,7.90,0.0000,true,1,86274
7290015597210,false,מאגדת טילון פרווה וניל 6 יח' קורנטו,"גלידת שטראוס בע""מ, ר",IL,מאגדת טילון קורנטו 6,,378.00,"100 מ""ל",false,,36.90,0.0976,true,1,80743
7290015603201,false,אטריות מחיטה מלאה מז,Xiamen zhongshi impo,CN,אטריות מחיטה מלאה 45,,454.00,"100 מ""ל",false,,10.90,0.0240,true,1,57551
7290015603218,false,אטריות עם עגבניה 454ג' (כ) (fu),פוגקן לונגהי אנלידה,CN,איטריות בתוספת עגבני,,454.00,100 גרם,false,,10.90,0.0240,true,1,72736
7290015603225,false,איטריות בתוספת גזר 4,פוגקן לונגהי אנלידה,CN,איטריות בתוספת גזר 4,,454.00,100 גרם,false,,10.90,0.0240,true,1,72737
7290015603546,false,"שימורי קרם קוקוס 17-19% 400 מ""ל (ASIATIC)(כ)",אסיאטיק אגרו אינדסטר,TH,קרם קוקוס 17-19% 400,,400.00,"100 מ""ל",false,,9.90,0.0248,true,1,81591
7290015603560,false,שימורי קרם קוקוס 400,אסי אטיק גרו אינדוסט,TH,קרם קוקוס 20-22% 400,,400.00,"100 מ""ל",false,,9.90,0.0248,true,1,83965
7290015603638,false,"אורז קלרוז 1 ק""ג (כ) (Minh)",מינה פונג גרין אגריק,CN,אורז קלרוז 1קג,,1000.00,100 גרם,false,,11.90,0.0119,true,1,55948
7290015652070,false,אגוזי קשיו קלויים שש,דין שיווק,IL,קשיו קלוי 150גרם,,150.00,"100 מ""ל",false,,11.90,0.0793,true,1,54970
7290015652087,false,תערובת פיצוחים 150 גר' שקדיה,דין שיווק,IL,תערובת פיצוחים 150גר,,150.00,"100 מ""ל",false,,11.90,0.0793,true,1,54971
7290015652254,false,גרעיני חמניה קלויים 500 ג',דין שיווק,IL,גרעינים שחורים 400 ג,,400.00,"100 מ""ל",false,,10.00,0.0250,true,1,75385
7290015652261,false,בוטנים קלויים 350 ג' ששון הקולה,דין שיווק,IL,בוטנים קלויים 300 גר,,300.00,"100 מ""ל",false,,10.00,0.0333,true,1,75377
7290015652278,false,תערובת פיצוחים ששון,"דין שיווק וקליה בע""מ",IL,תערובת פיצוחים 250גר,,250.00,100 גרם,false,,20.00,0.0800,true,1,75416
7290015652308,false,מנצ'ס ששון הקולה 300,,,מנצס ששון הקולה 300,,300.00,100 גרם,false,,10.00,0.0333,true,1,75409
7290015652315,false,חמוציות מסוכרות ששון,דין שיווק,IL,חמוציות מסוכרות 300ג,,300.00,"100 מ""ל",false,,10.00,0.0333,true,1,54974
7290015652322,false,בוטנים אמריקאים מצופים 400 ג',דין שיווק,IL,בוטנים אמריקאים מצופ,,400.00,"100 מ""ל",false,,10.00,0.0250,true,1,54975
7290015652407,false,פיסטוק קלוי ששון הקו,"דין שיווק וקליה בע""מ",IL,פיסטוק 250גר,,250.00,"100 מ""ל",false,,20.00,0.0800,true,1,75410
7290015699730,false,סבון דה מארסיי יעקבי 1.5 ליטר *חדש-,וונדפוט,,הפי לרצפות מבושמת 1.,ליטרים,1.50,ליטר,false,,14.90,9.9333,true,1,57236
7290015733120,false,מטרנה גולד שלב 1 תרכובת מזון על בסיס חלבי,מטרנה,IL,מטרנה גולד שלב 1 700,,700.00,"100 מ""ל",false,,74.90,0.1070,true,1,97951
7290015733144,false,מטרנה גולד שלב שתיים 700 ג',מטרנה,IL,מטרנה גולד שלב 2 700,,700.00,"100 מ""ל",false,,74.90,0.1070,true,1,97952
7290015733168,false,מטרנה גולד שלב שלוש 700 ג',מטרנה,,מטרנה גולד שלב3 700ג,,700.00,"100 מ""ל",false,,74.90,0.1070,true,1,97953
7290015733205,false,תרכובת מזון לתינוקות חלבי שלב 1 אקסטרה קר מהדרין,מטרנה,IL,מטרנה אקסטרה קר שלב,,700.00,"100 מ""ל",false,,59.90,0.0856,true,1,102205
7290015733229,false,תרכובת מזון לתינוקות חלבי שלב 2 אקסטרה קר מהדרין,מטרנה,IL,מטרנה אקסטרה קר שלב,,700.00,"100 מ""ל",false,,59.90,0.0856,true,1,102199
7290015733243,false,מטרנה אקסטרה קר מהדרין שלב 3 700ג',מטרנה,IL,מטרנה אקסטרה קר שלב,,700.00,"100 מ""ל",false,,59.90,0.0856,true,1,102200
7290015733427,false,מטרנה דייסת גם וגם וניל פרו12*300ג 2019,מולינו ניקולי s.p.a,IL,דייסת גם וגם וניל פר,,300.00,"100 מ""ל",false,,24.90,0.0830,true,1,92940
7290015733441,false,מטרנה דייסת גם וגם דגנים פרו 300 גר',מטרנה תעשיות ש.מ,IL,דייסת גם וגם דגנים פ,,300.00,"100 מ""ל",false,,24.90,0.0830,true,1,92941
7290015775632,false,חמאת בוטנים הטיב 35,g&g,IL,חמאת בוטנים 350גר,,350.00,"100 מ""ל",false,,15.90,0.0454,true,1,104246
7290015781015,false,"יין ויז'ן מלבק 750 מ""ל",יקב טפרברג 1870 בעמ,IL,"יין ויז'ן מלבק 750מ""",,750.00,"100 מ""ל",false,,39.90,0.0532,true,1,72482
7290015781091,false,"יין ויז'ן קברנה סובניון 750 מ""ל",יקב טפרברג 1870 בעמ,IL,יין ויז'ן קברנה סובי,,750.00,"100 מ""ל",false,,39.90,0.0532,true,1,72481
7290015781121,false,"קברנה סוביניון אימפרשיאון 750 מ""ל-מרכז",יקב טפרברג 1870 בעמ,IL,יין אימפרזיון קברנה,,750.00,100 גרם,false,,49.90,0.0665,true,1,72491
7290015781169,false,"יין קברנה סוביניון - חצי יבש אימפרשן 750מ""ל",יקב טפרברג 1870 בעמ,IL,יין אדום חצי יבש אימ,,750.00,יח',false,,49.90,0.0665,true,1,98576
7290015804400,false,עגבניות מרוסקות טל 260 ג',טל,,עגבניות מרוסקות 250ג,,250.00,100 גרם,false,,4.90,0.0196,true,1,56137
7290015804417,false,עגבניות מרוסקות מתובלות עם שום,טל,,עגבניות מרוסקות שום,,250.00,"100 מ""ל",false,,4.90,0.0196,true,1,56138
7290015804424,false,עגבניות מרוסקות ובזיליקום ועשבי תיבול טל 260 ג',טל,,עגבניות מרוסקות בזיל,,250.00,"100 מ""ל",false,,4.90,0.0196,true,1,86715
7290015842631,false,"כוס ברד 330 מ""ל ח""פ 40יח'",,GR,כוס לברד 40 יח,יחידה,0.00,יחידה,false,,10.90,0.0000,true,1,91702
7290015855013,false,פלפל טינקרבל ארוז,,,פלפל טינקרבל ארוז,יחידה,0.00,יחידה,false,,7.90,0.0000,true,1,54043
7290015855037,false,פלפל צ'ילי.,,,פלפל צ'ילי.,יחידה,0.00,יחידה,false,,6.90,0.0000,true,1,54264
7290015855051,false,מלפפון מיני ארוז,,,מלפפון מיני ארוז,יחידה,0.00,יחידה,false,,8.90,0.0000,true,1,53633
7290015855143,false,שום קלוף 170גרם,,,שום קלוף 170גרם,יחידה,0.00,יחידה,false,,11.90,0.0000,true,1,79985
7290015855273,false,בזיליקום מארז גדול,,,בזיליקום מארז גדול,יחידה,0.00,יחידה,false,,9.90,0.0000,true,1,106323
7290015855945,false,חסה עגולה מגשית,,,חסה עגולה מגשית,יחידה,0.00,יחידה,false,,6.90,0.0000,true,1,108353
7290015856171,false,בייגלה שמיניות מלח 200 גרם הדר,,,בייגלה שמיניות עם מל,,200.00,"100 מ""ל",false,,5.90,0.0295,true,1,104156
7290015856492,false,חטיפי קרקר עם מלח 180 גר',,,קרקר חטיפית מלח 180,,180.00,"100 מ""ל",false,,4.40,0.0244,true,1,83932
7290015856508,false,חטיפי קרקר עם שומשום 180 גר',הדר,,קרקר חטיפית שומשום 1,,180.00,"100 מ""ל",false,,4.40,0.0244,true,1,83933
7290015856539,false,חטיפי ביסקוויט בצורת חיות,הדר,,ביסקוויט גן חיות 180,,180.00,"100 מ""ל",false,,4.40,0.0244,true,1,83936
7290015856546,false,חטיפי ביסקויט בצורת חיות 180 גר,,,קרקר חטיפית דגים 18,,180.00,"100 מ""ל",false,,4.40,0.0244,true,1,83937
7290015856607,false,קרקר תירוש מלוח מתוק חצי מצופה בטעם שוקולד,אפיפית נצרת תעשיות ב,IL,קרקר תירוש 175ג חצי,,175.00,"100 מ""ל",false,,7.90,0.0451,true,1,97526
7290015856935,false,ביסקוויט אקסטרא בטעם חמאה 400 גר',הדר,,ביסקוויט אקסטרה בטעם,,400.00,100 גרם,false,,7.90,0.0198,true,1,104164
7290015856942,false,קרם קרקר עם זעתר 250,,,קרם קרקר עם זעתר 250,,250.00,"100 מ""ל",false,,6.90,0.0276,true,1,105018
7290015856973,false,פתי בר ללא סוכר 150 גר הדר וניל,,,תה ביסקוויט וניל ללא,,150.00,100 גרם,false,,6.90,0.0460,true,1,106025
7290015856980,false,פתי בר ללא סוכר 150 גר הדר שוקו,,,תה ביסקוויט שוקו ללא,,150.00,"100 מ""ל",false,,6.90,0.0460,true,1,106026
7290015858106,false,ממרח פסטו ביתי 180 ג' עללחם,"מדשא תעשיות מזון בע""",IL,ממרח פסטו ביתי 180 ג,,180.00,"100 מ""ל",false,,15.90,0.0883,true,1,84147
7290015858175,false,ממרח פלפלים קלויים 180 גרם עללחם,זאביק יצור ושיווק מז,IL,ממרח פלפלים קלויים 1,,180.00,"100 מ""ל",false,,15.90,0.0883,true,1,84168
7290015858212,false,ממרח לימון כבוש עללחם 180 ג',,,ממרח לימון כבוש 180,,180.00,"100 מ""ל",false,,15.90,0.0883,true,1,84156
7290015858328,false,ממרח איולי פסטו 295 ג' עללחם,עלית,IL,עללחם ממרח איולי פסט,,295.00,100 גרם,false,,15.90,0.0539,true,1,107384
7290015858687,false,ממרח איולי שום 295 ג' עללחם,עלית,IL,עללחם ממרח איולי שום,,295.00,"100 מ""ל",false,,15.90,0.0539,true,1,107386
7290015858694,false,"עללחם איולי שום לימון, 295 גרם",אסם,,עללחם ממרח איולי שום,,295.00,"100 מ""ל",false,,15.90,0.0539,true,1,107385
7290015865692,false,תענוג פרי תות שדה ענ,קריות זול,IL,קונפיטורה תענוג פרי,,400.00,"100 מ""ל",false,,16.90,0.0422,true,1,107327
7290015865708,false,תענוג פרי אוכמניות ע,קריות זול,IL,קונפיטורה תענוג פרי,,400.00,"100 מ""ל",false,,16.90,0.0422,true,1,107328
7290015865715,false,קונפיטורה תענוג פרי,קריות זול,IL,קונפיטורה תענוג פרי,,400.00,"100 מ""ל",false,,16.90,0.0422,true,1,107329
7290015865722,false,קונפיטורת תות שדה ענ,ענבי ציון,IL,קונפיטורת לייט תות ש,,400.00,"100 מ""ל",false,,18.90,0.0472,true,1,107332
7290015865746,false,קונפיטורת לייט פירות,,,קונפיטורת לייט פירות,,400.00,100 גרם,false,,18.90,0.0472,true,1,107336
7290016006025,false,סודה שוופס בקבוק 500,יפאורה תבורי בעמ,IL,שוופס סודה 500מל,,500.00,"100 מ""ל",false,,3.90,0.0078,true,1,75465
7290016006339,false,מים מינרלים - מארז רביעייה,מופק ממקור בזלתי עדן,IL,מי עדן רביעייה 4*1לי,,4000.00,100 גרם,false,,11.90,0.0030,true,1,57412
7290016006346,false,שוופס סודה מארז שישייה * 0.5 ל',יפאורה תבורי בעמ,IL,שוופס סודה מארז שישי,,3000.00,"100 מ""ל",false,,15.90,0.0053,true,1,75466
7290016028003,false,קינוחי סורבה אר' 12 יח',,,קינוחי סורבה אר' 12,יחידה,0.00,יחידה,false,,15.90,0.0000,true,1,83560
7290016028065,false,קינוחי טירמיסו קטן אר' 24 יח',,,קינוחי טירמיסו קטן א,יחידה,0.00,יחידה,false,,15.90,0.0000,true,1,73776
7290016028157,false,כוס ליקר 50 יח דנטס,,,כוס ליקר 1 OZ אר' 50,,50.00,יח',false,,9.90,0.1980,true,1,86279
7290016028348,false,מפת אל בד חתוך 11/18,,,מפת אל בד חתוך 11/18,יחידה,0.00,יחידה,false,,4.90,0.0000,true,1,77810
7290016028461,false,מגש לפיצוחים שקוף 12,,,מגש לפיצוחים שקוף 12,יחידה,0.00,יחידה,false,,9.90,0.0000,true,1,86285
7290016028607,false,נר הבדלה צבעוני דנטס,,,נר הבדלה צבעוני דנטס,יחידה,0.00,יחידה,false,,5.90,0.0000,true,1,77821
7290016028836,false,קש מתקפל צבעוני אר' 150 יח' דנטס,,,קש מתקפל צבעוני אר',יחידה,0.00,יחידה,false,,7.90,0.0000,true,1,104434
7290016087147,false,רוטב פיצה מרגריטה 240 ג' פריניר,,,רוטב עגבניות לפיצה מ,,240.00,"100 מ""ל",false,,5.90,0.0246,true,1,82943
7290016087222,false,רוטב עגבניות לשקשוקה 230 ג' פריניר,פריניר ( הדס 1987) ב,IL,רוטב עגבניות מרוכז ל,,230.00,"100 מ""ל",false,,5.90,0.0257,true,1,82941
7290016087499,false,עגבניות חתוכות מארז 400X3ג' אריזות ירושלים,פריניר,,עגבניות חתוכות דק של,יחידה,0.00,יחידה,false,,14.90,0.0000,true,1,82959
7290016096583,false,נתחי טונה בשמן שלישיה 3*80ג' פרינס,,,טונה פרינס שלישייה 3,,240.00,100 גרם,false,,10.90,0.0454,true,1,79077
7290016096934,false,מארז זוגות סלט טונה 2*160 ג' פילטונה,פילטונה,IL,סלט טונה פילטונה זוג,,320.00,"100 מ""ל",false,,11.90,0.0372,true,1,108350
7290016102062,false,מגש מחולק 4 תאים קשי,,CN,מגש מחולק ל 4,יחידה,0.00,יחידה,false,,9.90,0.0000,true,1,91729
7290016102352,false,קערה אובלית שקופה קש,,CN,קערה אובלית שקופה קש,יחידה,0.00,יחידה,false,,11.90,0.0000,true,1,91706
7290016107654,false,גביע למאפינס אלומיני,,,גביע למאפינס אלומיני,יחידה,0.00,יחידה,false,,10.00,0.0000,true,1,101555
7290016144017,false,"קמח חיטה מלאה נפלאות 100% 1 ק""ג",קמח מלכים,IL,קמח נפלאות חיטה מלא,,1000.00,"100 מ""ל",false,,9.90,0.0099,true,1,105581
7290016144024,false,"קמח כוסמין מלא נפלאות 100% 1 ק""ג","קמח מלכים בע""מ",IL,קמח נפלאות כוסמין מל,,1000.00,100 גרם,false,,14.90,0.0149,true,1,105584
7290016144031,false,"קמח חיטה לבן נפלאות 1 ק""ג",קמח מלכים,IL,קמח נפלאות חיטה לבן,,1000.00,"100 מ""ל",false,,6.90,0.0069,true,1,105580
7290016150117,false,סלק אדום מבושל 500 ג' בוואקום,חקלאי,IL,סלק וואקום,,500.00,100 גרם,false,,6.90,0.0138,true,1,57362
7290016197488,false,מטליות מיקרופייבר למשטחים ניקול 3יח',UFO INC,CN,מטלית קסם לשיש ניקול,יחידה,0.00,יחידה,false,,15.90,0.0000,true,1,56819
7290016197495,false,מטלית קסם מיקרופייבר לרצפה ניקול 2יח',חוגלה קימברלי,CN,מטליות מיקרופייבר זו,יחידה,0.00,יחידה,false,,19.90,0.0000,true,1,56820
7290016197624,false,דיפנד - תחבושת לנשים סופר 8 יח',kimberly clark,,תחבושות דיפנד סופר 8,יחידה,0.00,יחידה,false,,20.90,0.0000,true,1,57665
7290016197839,false,ניקול השקית החזקה 20 יח' XL,אשפלסט תעשיות בעמ,IL,השקית החזקה 20יח XL,יחידה,0.00,יחידה,false,,22.90,0.0000,true,1,56821
7290016217742,false,חציל בטחינה שמיר 200 ג',"סלטי שמיר 2006 בע""מ",IL,חציל אש בטחינה 200 ג,,200.00,"100 מ""ל",false,,14.90,0.0745,true,1,76937
7290016233575,false,שיבולת שועל 600 גר,,,שיבולת שועל 600גר,,600.00,100 גרם,false,,6.90,0.0115,true,1,76253
7290016233711,false,פסטה לינגוויני לה פס,,,פסטה לה פסטה לינגווי,,400.00,100 גרם,false,,4.90,0.0123,true,1,81176
7290016246018,false,בארכה מיקס פינוקיות חלווה 10*20ג,רושדי תעשיות מזון בע,IL,בארכה מיקס פינוקיות,,200.00,100 גרם,false,,14.90,0.0745,true,1,85300
7290016255300,false,"נובו ג'ל רחצה לגבר ספורט 700מ""ל",,,נובו תחליב רחצה לגבר,,700.00,"100 מ""ל",false,,10.00,0.0143,true,1,57234
7290016276763,false,מעדן שזיף 100% רכיבי פרי ללא סוכר שקדיה 284 ג',שקדיה,IL,מעדן שזיף 100% רכיבי,,284.00,"100 מ""ל",false,,11.90,0.0419,true,1,73073
7290016276831,false,תבשיל אטריות בטעם בקר 70 ג',טיאן הונג,TH,תבשיל איטריות בטעם ב,,70.00,"100 מ""ל",false,,6.90,0.0986,true,1,73443
7290016276848,false,מנה חמה אטריות טעם עוף 70ג',טיאן הונג,TH,תבשיל איטריות בטעם ע,,70.00,"100 מ""ל",false,,6.90,0.0986,true,1,73444
7290016319309,false,פמלי פרלי 1ליטר מאסק קלאסי+משאבה,הנסיך- מפעל לייצור ט,TR,פמלי אל סבון מאסק+ מ,,1000.00,"100 מ""ל",false,,14.90,0.0149,true,1,72531
7290016321661,false,מגבונים פרש וואנס סנסיטיב קר רביעיה,עלבד משואות יצחק,IL,מגבוני פרשוואנס רביע,יחידה,0.00,יחידה,false,,18.90,0.0000,true,1,91817
7290016329308,false,"ד""ר פישר - סרקל קרם רוזמרין לשיער מתולתל 325 מ""ל",,,סרקל קרם רוזמרין לשי,,325.00,100 גרם,false,,27.90,0.0858,true,1,76749
7290016372397,false,"תה ויסוצקי ירוק תפוז,ג'ינגר וכורכום 25 יח'",ויסוצקי ירוק,IL,תה ירוק תפוז גינגר ו,,37.50,"100 מ""ל",false,,25.90,0.6907,true,1,78570
7290016372458,false,חליטת צמחים לימונית ולואיזה הגן הקסום,קריות זול,,תה לימונית ולואיזה ו,,50.00,יח',false,,36.90,0.7380,true,1,85895
7290016387254,false,מצע לייבוש כלים,,,מצע לייבוש כלים,יחידה,0.00,יחידה,false,,8.90,0.0000,true,1,73703
7290016387483,false,שייני כריות יפניות דו צדדיות 3 יח',,,כריות יפניות דו צדדי,,3.00,יח',false,,6.90,2.3000,true,1,86315
7290016408294,false,"מרשמלו ורוד לבן וסטהיים 150 ג', 26 בקרטון",מנדלז סי.אר. פרודקשן,IL,מרשמלו ורוד לבן כרמי,,150.00,"100 מ""ל",false,,5.90,0.0393,true,1,79315
7290016437645,false,האגיס פרידום דריי פנטס מידה 5 34 יח',קימברלי,CZ,האגיס פרידום דריי PA,יחידה,0.00,יחידה,false,,47.90,0.0000,true,1,79905
7290016437652,false,האגיס פרידום דריי פנטס מידה 6 30 יח',קימברלי,CZ,האגיס פרידום דריי PA,יחידה,0.00,יחידה,false,,47.90,0.0000,true,1,79906
7290016437706,false,שקיות אשפה לפחים גדולים בניחוח מרכך כביסה 40 יחי',,,שקיות אשפה לפחים גדו,יחידה,0.00,יחידה,false,,22.90,0.0000,true,1,99472
7290016509342,false,סוד שלישייה סבון לאסל כחול אקטיבי אקנומיקה,הנקל סוד,IL,כדוריות סוד סבון לאס,,0.00,100 ליטר,false,,16.90,0.0000,true,1,103197
7290016509786,false,פרסיל - ג'ל כביסה ירוק 2.50 ליטר,פרסיל Persil,IL,פרסיל ג'ל 2.5ליטר יר,ליטרים,2.50,ליטר,false,,32.90,13.1600,true,1,81700
7290016509809,false,ג'ל מרוכז לכביסה קולור 2.5 ל' פרסיל,פרסיל Persil,IL,פרסיל ג'ל 2.5 ליטר ק,ליטרים,2.50,ליטר,false,,32.90,13.1600,true,1,81701
7290016509823,false,ג'ל לכביסה לבנה וצבעונית בניחוח רענן,פרסיל Persil,,פרסיל ג'ל 2.5 ליטר ב,ליטרים,2.50,ליטר,false,,32.90,13.1600,true,1,81702
7290016509830,false,ג'ל כביסה לבגדי תינוקות ובעלי עור רגיש Sensitive,פרסיל Persil,IL,פרסיל ג'ל 2.5 ליטר ב,ליטרים,2.50,ליטר,false,,32.90,13.1600,true,1,81687
7290016509847,false,ג'ל כביסה לבגדים שחורים וכהים,פרסיל Persil,IL,פרסיל גל כביסה שחור2,ליטרים,2.50,ליטר,false,,32.90,13.1600,true,1,82441
7290016524734,false,פילה ברבוניה קפוא 30,,,פילה ברבוניה קפוא 30,,300.00,100 גרם,false,,24.90,0.0830,true,1,108328
7290016580150,false,שקיות צליה 10 יח' דנ,,,שקיות צליה 10 יח' דנ,יחידה,0.00,יחידה,false,,4.90,0.0000,true,1,86294
7290016580174,false,צלחות 9 צבעומיות דנט,,,צלחת 9 צבעוני לבן/ ק,,100.00,יח',false,,39.90,0.3990,true,1,83210
7290016580440,false,תבניות עגולות גדולות,,,תבניות עגולות גדולות,יחידה,0.00,יחידה,false,,9.90,0.0000,true,1,83579
7290016580570,false,סיר עם מכסה קטן ארוז,,,סיר עם מכסה קטן ארוז,יחידה,0.00,יחידה,false,,14.90,0.0000,true,1,83576
7290016621013,false,"ד""ר פישר - קרם גוף קמיל בלו 500 מ""ל","ד""ר פישר Dr fischer",,קמיל בלו קרם גוף לתי,,500.00,"100 מ""ל",false,,29.90,0.0598,true,1,76752
7290016621358,false,"ד""ר פישר - קמיל אל סבון ניקיון והזנה ורוד 1 ליטר","ד""ר פישר Dr fischer",,קמיל אל סבון ניקיון,,1000.00,100 גרם,false,,15.90,0.0159,true,1,78896
7290016621365,false,אל סבון היגייני לניקוי יסודי קמיל Clean & Moisture,"ד""ר פישר Dr fischer",,קמיל אל סבון ניקיון,,1000.00,"100 מ""ל",false,,15.90,0.0159,true,1,78897
7290016682328,false,מיץ תפוזים מרכז 2 ליטר,פריניב,IL,מיץ תפוזים מרכז 2 לי,,2000.00,"100 מ""ל",false,,17.90,0.0090,true,1,108344
7290016717044,false,באז משקה מבוסס יין מ,יקבי כרמל,IL,באז משקה מבוסס יין מ,,750.00,100 גרם,false,,25.90,0.0345,true,1,100567
7290016717051,false,משקה Buzz מוגז בטעם רימון מבוסס יין אדום מתוק,יקבי כרמל Carmel Winery,IL,באז משקה מבוסס יין מ,,750.00,100 גרם,false,,25.90,0.0345,true,1,97642
7290016717754,false,"יין ישן נושן היובל 750 מ""ל",אגודת הכורמים הקואופ,IL,"יין ישן נושן 750 מ""ל",,750.00,100 גרם,false,,17.90,0.0239,true,1,82071
7290016732160,false,דאודורנט אדם קלאסי 2,,,דאודורנט אדם קלאסי 2,,200.00,100 מ'ל,false,,12.90,0.0645,true,1,99114
7290016865943,false,אטריות ביצים פטוציני 400 ג',,,אטריות ביצים פטוציני,,400.00,"100 מ""ל",false,,19.90,0.0497,true,1,108326
7290016866643,false,משחת שיניים פרודונטקס אקסטרה פרש,פרודונטקס Parodontax,SK,פרודונטקס משחת שיניי,,75.00,100 גרם,false,,29.90,0.3987,true,1,82906
7290016866650,false,"פרודונטקס - משחת שיניים אוריג'ינל 75 מ""ל",פרודונטקס Parodontax,SK,פרודונטקס משחת שיניי,,75.00,100 גרם,false,,29.90,0.3987,true,1,82907
7290016866667,false,"פרודונטקס - משחת שיניים ללא פלאוריד 75 מ""ל",פרודונטקס Parodontax,SK,פרודונטקס משחת שיניי,,75.00,"100 מ""ל",false,,24.90,0.3320,true,1,81742
7290016866674,false,"פרודונטקס - משחת שיניים מלבינה 75 מ""ל",פרודונטקס Parodontax,SK,פרודונטקס משחת שיניי,,75.00,"100 מ""ל",false,,29.90,0.3987,true,1,81743
7290017023212,false,"שוויפס מוגז פירות תפוח מארז רביעייה* 330 מ""ל",יפאורה תבורי,IL,שוופס מוגז פירות רבי,,1320.00,"100 מ""ל",false,,15.90,0.0120,true,1,81100
7290017023229,false,רביעיית פחיות שוופס מוגז פירות תות ליים 330 מל.,יפאורה תבורי,IL,שוופס מוגז פירות רבי,,1320.00,"100 מ""ל",false,,15.90,0.0120,true,1,81101
7290017023236,false,רביעיית פחיות שוופס מוגז פירות ענבים 330 מל.,יפאורה תבורי,IL,שוופס מוגז פירות ענב,,1320.00,"100 מ""ל",false,,15.90,0.0120,true,1,81102
7290017023663,false,"שוופס מיץ פירות לימונייד פחית מארז 330X4מ""ל",יפאורה תבורי,IL,שוופס מוגז פירות למו,,1320.00,100 גרם,false,,15.90,0.0120,true,1,84195
7290017023854,false,מי סודה בקבוקים אישיים - מארז 4 יח',יפאורה תבורי בעמ,IL,"שוופס סודה 4*250מ""ל",,1000.00,"100 מ""ל",false,,13.90,0.0139,true,1,84189
7290017023861,false,סודה בטעם לימון בקבוקים אישיים - מארז 4 יח',יפאורה תבורי בעמ,IL,שוופס סודה לימון 4*2,,1000.00,100 גרם,false,,13.90,0.0139,true,1,84190
7290017023878,false,סודה בטעם נענע ליים בקבוקים אישיים - מארז 4 יח',יפאורה תבורי בעמ,IL,שוופס סודה נענע ליים,,1000.00,100 גרם,false,,13.90,0.0139,true,1,84191
7290017031477,false,"סנסודיין משחת שיניים רפיד רליף להלבנה 75 מ""ל","סמיתקליין ביצ'ם בע""מ",GB,משחת שיניים סנסודיין,,75.00,100 ליטר,false,,21.90,0.2920,true,1,101525
7290017031705,false,"סנסודיין - משחת שיניים קלין&פרש 75 מ""ל",DE MICLEN,SK,סנסודיין משחת שיניים,,75.00,100 גרם,false,,21.90,0.2920,true,1,82902
7290017031859,false,"פרודונטקס - משחת שיניים אולטרא קלין 75 מ""ל",סמיתקליין ביצ'ם בעמ,SK,פרודונטקס משחת שיניי,,75.00,"100 מ""ל",false,,29.90,0.3987,true,1,82903
7290017058092,false,שיבולת שועל שלמה תומר 600 גר',,,שיבולת שועל שלמה 600,,600.00,100 גרם,false,,6.90,0.0115,true,1,79152
7290017058139,false,"רביעיית רסק תפו""ע תות שדה",Cherry growers inc,,רסק תפוח עץ עם תות ש,יחידה,0.00,יחידה,false,,11.90,0.0000,true,1,81583
7290017058573,false,תומר פרוסות פלפל חלפיניו בחומץ 340 גרם,,,פרוסות פלפל חלפיניו,,340.00,"100 מ""ל",false,,7.90,0.0232,true,1,83129
7290017062730,false,"נוזל כלים 36% לבנדר +משאבה 750 מ""ל",,,טאצ' נוזל כלים תפוח,,750.00,100 גרם,false,,8.90,0.0119,true,1,101231
7290017062747,false,"נוזל כלים 36% תפוח +משאבה 750 מ""ל",,,טאצ' נוזל כלים לימון,,750.00,"100 מ""ל",false,,8.90,0.0119,true,1,101230
7290017062983,false,מטליות רצפה בתוספת ווקס 10 יח' טאצ',,,טאצ' מטליות רצפה חד,יחידה,0.00,יחידה,false,,10.00,0.0000,true,1,104549
7290017062990,false,טאצ' מטליות רצפה חד,,,טאצ' מטליות רצפה חד,יחידה,0.00,יחידה,false,,10.00,0.0000,true,1,104550
7290017065007,false,פרוסות גבינה מוצרלה חצי קשה 22% שומן 200 ג' גד,מחלבות גד בעמ,IL,מוצרלה פרוסה 150 גרם,,150.00,"100 מ""ל",false,,18.70,0.1247,true,1,76511
7290017065137,false,ריקוטה למריחה 5% טבעית 200 גרם - רובין,האי נאם סי או אל.טי.,IL,ריקוטה למריחה 5% טבע,,200.00,100 גרם,false,,10.70,0.0535,true,1,79759
7290017065168,false,גבינה כחלוה 100 גרם בית יוסף,מחלבות גד,DK,גד גבינה כחולה 30% ש,,100.00,100 גרם,false,,17.90,0.1790,true,1,81105
7290017065212,false,גבינת קרם מסקרפונה מחלבות גד 250 גר,מיוצר עי קוד יצרן ED,IL,גד קרם מסקרפונה להקצ,,250.00,"100 מ""ל",false,,19.90,0.0796,true,1,81108
7290017065236,false,גבינה בולגרית מעודנת 24% גד 250 ג',הנסיך- מפעל לייצור ט,IL,גד בולגרית מעודנת גב,,250.00,"100 מ""ל",false,,23.90,0.0956,true,1,80633
7290017065434,false,פרוסות גבינה גאודה הולנדית חצי קשה 200 גרם בית יוסף,מחלבות גד בעמ,NL,גד פרוסות גאודה הולנ,,200.00,"100 מ""ל",false,,21.90,0.1095,true,1,84419
7290017065526,false,קוואטרו פורמאג'י 4 גבינות מגוררות 26%,מחלבות גד בעמ,IL,קוואטרו פורמאג'י 300,,300.00,"100 מ""ל",false,,29.90,0.0997,true,1,84428
7290017065618,false,גבינת פקורינו פרוס מחלב כבשים,הנסיך- מפעל לייצור ט,ES,פקורינו פרוס 150 גרם,,150.00,"100 מ""ל",false,,21.90,0.1460,true,1,98644
7290017065663,false,פטה עיזים מעודנת 16% 250 ג',ג'נרל מילס סאן אדריא,IL,גד פטה עיזים מעודנת,,250.00,"100 מ""ל",false,,31.90,0.1276,true,1,100725
7290017065731,false,גבינת שמנת 30% ניו יורק +כמהין 200 גרם רבנות,פ.פ.ח. שאביט,IL,גד גבינת שמנת NEW YO,,200.00,"100 מ""ל",false,,13.90,0.0695,true,1,102210
7290017065786,false,גבינת צ'דר אנגלית גד 210 ג',מחלבות גד,IL,גבינת צ`דר מחלבות גד,,210.00,"100 מ""ל",false,,22.90,0.1090,true,1,104072
7290017088105,false,טיטולי בייביסיטר מידה 3 38 יח,די.פי.אל תעשיות מוצר,IL,בייביסיטר פרפורמנס נ,,38.00,100 מ'ל,false,,29.90,0.7868,true,1,81045
7290017088143,false,טיטלי בייביסיטר מידה 6 30 יח,די.פי.אל תעשיות מוצר,IL,בייביסיטר חיתול דק ר,,30.00,יח',false,,29.90,0.9967,true,1,81049
7290017088327,false,מגבוני בייביסיטר extra soft ללא בישום 4*64 יח',,,מגבוני בייביסיטר אקס,יחידה,0.00,יחידה,false,,15.90,0.0000,true,1,98682
7290017088693,false,קוויק מגבונים לניקוי וחיטוי רצפות בניחוח לוונדר 10 יחי',,,קוויק מגבונים לניקוי,יחידה,0.00,יחידה,false,,10.90,0.0000,true,1,97546
7290017088846,false,BREEZE תחבושות לבריחת שתן מקסי (8 יח'),בריז Breeze,,תחבושות בריז מקסי 8י,יחידה,0.00,יחידה,false,,18.90,0.0000,true,1,103109
7290017094847,false,סלט תפוחי אדמה אסלי שמיר 400 ג',סלטי שמיר 2006 בעמ,IL,סלט תפוחי אדמה 400 ג,,400.00,"100 מ""ל",false,,13.90,0.0348,true,1,83190
7290017094861,false,חומוס עם רוטב מסבחה אסלי שמיר 400 ג',סלטי שמיר 2006 בעמ,IL,חומוס עם רוטב מסבחה,,400.00,100 גרם,false,,13.90,0.0348,true,1,83192
7290017105369,false,סירופ דיאט אייס תה אפרסק 1 ליטר,זנלכל,IL,סירופ דיאט אייס אפרס,,1000.00,"100 מ""ל",false,,16.90,0.0169,true,1,84833
7290017105468,false,שלישיית אפונה קטן -,קשקמט קונסרב הונגריה,HU,אפונה גינה יכין Oz2,,600.00,100 גרם,false,,14.90,0.0248,true,1,97244
7290017105550,false,רסק עגבניות מארז 100X4גר',היינץ צפון אמריקה מק,IL,רסק עגבניות 100% מאג,,400.00,100 גרם,false,,11.90,0.0298,true,1,93006
7290017121048,false,פלפל צ'ומה 250 גרם עללחם,"מדשא תעשיות מזון בע""",IL,ממרח פלפל צ'ומה 250,,250.00,"100 מ""ל",false,,12.90,0.0516,true,1,84159
7290017121086,false,"אריסה ביתית מתוקה עללחם, 250 גרם","מדשא תעשיות מזון בע""",IL,אריסה ביתית מתוקה 25,,250.00,"100 מ""ל",false,,12.90,0.0516,true,1,105094
7290017121093,false,אריסה חריפה 250 גרם עללחם,"מדשא תעשיות מזון בע""",IL,ממרח אריסה חריפה 250,,250.00,100 גרם,false,,12.90,0.0516,true,1,84160
7290017129624,false,לקקן ענבים תפוח 50 יח' כרמית,Carmit,,לקקן ענבים תפוח 450,,450.00,"100 מ""ל",false,,14.90,0.0331,true,1,81998
7290017129754,false,"שוקולד מריר מעולה 70% מוצקי קקאו 100 גר בד""ץ","כד בני דרום בע""מ",IL,אגו שוקולד פרימיום 7,,100.00,"100 מ""ל",false,,7.90,0.0790,true,1,81989
7290017129761,false,"שוקולד פרימיום 70% בטעם תפוז בד""ץ 100 גר'",כרמית תעשיות ממתקים,IL,אגו שוקולד פרימיום 7,,100.00,100 גרם,false,,7.90,0.0790,true,1,81990
7290017129778,false,"שוקולד פרימיום 70% בטעם קפה בד""ץ 100 גר'",כרמית תעשיות ממתקים,IL,אגו שוקולד פרימיום 7,,100.00,"100 מ""ל",false,,7.90,0.0790,true,1,81991
7290017129846,false,מיני קוקיס בטעם קרמל 600 גר',קריות זול,IL,מיני קוקיס בטעם קרמל,,600.00,"100 מ""ל",false,,16.90,0.0282,true,1,81993
7290017142128,false,"שמן זית כתית מעולה עץ הזית 750 מ""ל",שמן תעשיות,,שמן זית כתית מעולה ק,,750.00,"100 מ""ל",false,,34.90,0.0465,true,1,80066
7290017142159,false,מארז נתחי טונה בהירה בשמן זית 3*80 ג' עץ הזית,יוניקורד ח.צ בעמ,TH,נתחי טונה בהירה בשמן,,240.00,100 גרם,false,,24.90,0.1037,true,1,81284
7290017142180,false,פילה פרוס ושמן זית בנגיעות טעם לימון ופלפל שחור,"יוניקורד ח.צ בע""מ",TH,פילה טונה פרוס עם שמ,,120.00,100 גרם,false,,14.90,0.1242,true,1,83917
7290017142203,false,פילה טונה בשמן זית בטעם מעושן עץ המוצר 120 ג',"יוניקורד ח.צ בע""מ",TH,פילה טונה פרוס עם שמ,,120.00,100 גרם,false,,14.90,0.1242,true,1,83916
7290017142289,false,"תרסיס שמן חמניות לל""ת גז עץ הזית 200מ""ל",שמן תעשיות,,תרסיס שמן חמניות עץ,,200.00,100 גרם,false,,17.90,0.0895,true,1,83082
7290017142388,false,שמן חמניות אומגה 3 פלוס 1 ליטר עץ הזית,עץ הזית,,שמן חמניות פלוס 1 לי,ליטרים,1.00,ליטר,false,,17.90,17.9000,true,1,103672
7290017142395,false,ארוחה פסטה עם טונה בשמן זית 160 גר',,,טונה עם פסטה בשמן זי,,160.00,100 גרם,false,,13.90,0.0869,true,1,98071
7290017142401,false,קינואה לבנה ואדומה עם טונה בשמן זית 160 ג',ג'נרל מילס סאן אדריא,TH,קינואה לבנה ואדומה ע,,160.00,"100 מ""ל",false,,13.90,0.0869,true,1,100837
7290017142487,false,בורגול וגרגירי חומוס עם טונה בשמן זית,עץ הזית,,בורגול עם גרגירי חומ,,160.00,"100 מ""ל",false,,13.90,0.0869,true,1,102713
7290017217727,false,"שיפודי במבוק יקיטורי 18 ס""מ 100 יחידות",פוזימון,CN,שיפודי במבוק יקיטורי,,100.00,יח',false,,9.90,0.0990,true,1,108049
7290017239101,false,סלמון אטלנטי בעישון,,,סלמון אטלנטי בעישון,,100.00,"100 מ""ל",false,,22.90,0.2290,true,1,98163
7290017275345,false,טחינה אחווה בבקבוק לחיץ 350 גר',אחדות ביחר לטחינה חל,IL,טחינה גולמית בקבוק ל,,350.00,100 גרם,false,,9.90,0.0283,true,1,107133
7290017297149,false,גרגירי חומוס להכנת חומוס ביתי 550 ג',פרי הגליל,,גרגירי חומוס להכנה ח,,550.00,100 גרם,false,,7.90,0.0144,true,1,101147
7290017297637,false,רוטב עגבניות מרוכז 2,"מילוז(1989)בע""""מ",,רוטב עגבניות מרוכז 2,,580.00,100 גרם,false,,8.90,0.0153,true,1,104479
7290017339610,false,חלה בריוש 6 כדורים ה,המחמצת,IL,חלה בריוש 6 כדורים,יחידה,0.00,יחידה,false,,18.90,0.0000,true,1,103889
7290017339627,false,חלת בריוש כתר המחמצת,המחמצת,IL,חלה בריוש כתר,יחידה,0.00,יחידה,false,,18.90,0.0000,true,1,103881
7290017396033,false,בייגל רומני המחמצת 4,המחמצת,IL,בייגל רומני,יחידה,0.00,יחידה,false,,17.90,0.0000,true,1,105277
7290017396163,false,לחם שיפון 70% אובלי,המחמצת,IL,לחם שיפון,יחידה,0.00,יחידה,false,,16.90,0.0000,true,1,81803
7290017396170,false,לחם שאור איטלקי המחמ,המחמצת,IL,לחם שאור איטקי לבן,יחידה,0.00,יחידה,false,,16.90,0.0000,true,1,81804
7290017396187,false,לחם קלמטה אובלי המחמ,המחמצת,IL,לחם קלמטה,יחידה,0.00,יחידה,false,,16.90,0.0000,true,1,81805
7290017396217,false,לחם דגנים אובלי המחמ,המחמצת,IL,לחם דגנים,יחידה,0.00,יחידה,false,,16.90,0.0000,true,1,81801
7290017396224,false,לחם כוסמין אובלי המח,המחמצת,IL,לחם כוסמין,יחידה,0.00,יחידה,false,,16.90,0.0000,true,1,81806
7290017396286,false,מיני בייגל ירושלמי 4,המחמצת,IL,בייגל ירושלמי,יחידה,0.00,יחידה,false,,17.90,0.0000,true,1,81808
7290017396415,false,ג'בטה דגנים המחמצת 6,המחמצת,IL,ג'בטה דגנים,יחידה,0.00,יחידה,false,,17.90,0.0000,true,1,103883
7290017396439,false,ג'בטה לבן 600 גרם,המחמצת,IL,ג'בטה לבן,יחידה,0.00,יחידה,false,,17.90,0.0000,true,1,103885
7290017440279,false,"ד""ר פישר - קידס אל סבון ויטמינים 750 מ""ל",,IL,אל סבון קידס פישר 75,,750.00,יח',false,,16.90,0.0225,true,1,92212
7290017440286,false,"ד""ר פישר - קידס מרכך ויטמינים 750 מ""ל","ד""ר פישר Dr fischer",IL,מרכך שיער קידס פישר,,750.00,100 מ'ל,false,,16.90,0.0225,true,1,92214
7290017440309,false,"ד""ר פישר - קידס שמפו ויטמינים 750 מ""ל","ד""ר פישר Dr fischer",IL,שמפו קידס פישר 750 מ,,750.00,100 מ'ל,false,,16.90,0.0225,true,1,92215
7290017457703,false,"מרכך כביסה סוד מרוכז ארומתרפי זהב 900 מ""ל",הנקל סוד,IL,סוד מרכך מרוכז ארומת,,900.00,100 גרם,false,,13.90,0.0154,true,1,84482
7290017457727,false,"סוד - מרכך כביסה מרוכז פרש סקיי 900 מ""ל",הנקל סוד,IL,סוד מרכך מרוכז כחול,,900.00,100 גרם,false,,13.90,0.0154,true,1,84484
7290017457734,false,"סוד - מרכך כביסה מרוכז ווילד רוז 900 מ""ל",הנקל סוד,IL,סוד מרכך מרוכז ורוד,,900.00,100 גרם,false,,13.90,0.0154,true,1,84485
7290017457932,false,סוד מרכך כביסה מרוכז פרש קונטרול כחול,הנקל סוד,IL,סוד מרכך מרוכז פרש ב,,900.00,100 גרם,false,,13.90,0.0154,true,1,101312
7290017470696,false,"קינוחית כוכב שקופה ח""פ 20 יח'",,,קינוחית כוכב שקופה 2,,20.00,יח',false,,14.90,0.7450,true,1,105062
7290017470795,false,"כפות מוכסף קשיח ח""פ 40 יח'",,,כפות מוכסף 40 יח ארו,יחידה,0.00,יחידה,false,,13.90,0.0000,true,1,91927
7290017470801,false,"כפיות מוכסף קשיח ח""פ 40 יח'",,,כפיות מוכסף 40 יח אר,יחידה,0.00,יחידה,false,,13.90,0.0000,true,1,91926
7290017470818,false,"מזלגות מוכסף קשיח ח""פ 40 יח'",,,מזלגות מוכסף 40 יח א,יחידה,0.00,יחידה,false,,13.90,0.0000,true,1,91928
7290017470825,false,"סכין מוכסף קשיח ח""פ 40 יח'",,TR,סכינים מוכסף 40 יח,יחידה,0.00,יחידה,false,,13.90,0.0000,true,1,91929
7290017477169,false,קשיו קלוי ששון הקולה,ששון,IL,קשיו קלוי ששון הקולה,,250.00,"100 מ""ל",false,,20.00,0.0800,true,1,105967
7290017477305,false,זרעי ציה 250 גר שקדי,דין שיווק,IL,זרעי צ'יה 250 גרם.,,250.00,100 גרם,false,,10.00,0.0400,true,1,81478
7290017513485,false,מחית עגבניות רוסטיקה בלה איטליה 680 ג',היצרן: ס.פ. פודנצנו,IT,מחית עגבניות רוסטיקה,,680.00,"100 מ""ל",false,,12.90,0.0190,true,1,97326
7290017513775,false,פליפז בייגלה מצופה שוקולד חלב 140 גרם,שוורצקוף& הנקל דיסלד,TR,בייגלה מצופה שוקולד,,140.00,100 גרם,false,,9.90,0.0707,true,1,100460
7290017599267,false,סוכרלוז 120 שקיות ממתיק שולחני,סוכרזית Sucrazit,IL,סוכרזית סוכרלוז 120,יחידה,0.00,יחידה,false,,29.90,0.0000,true,1,107037
7290017599281,false,סוכרזית סטיוויה פלוס 100 שקיות,,,סוכרזית סטיוויה פלוס,יחידה,0.00,יחידה,false,,39.90,0.0000,true,1,107755
7290017599304,false,סוכרזית סטיוויה כפית לכפית 400גר,ביסקול בעמ,IL,סוכרזית סטיוויה כפית,,400.00,100 גרם,false,,39.90,0.0997,true,1,107039
7290017617138,false,נתחי טונה בהירה בשמן קנולה דל נתרן - מארז 4 יח',סטארקיסט פודור,,טונה סטארקיסט בשמן ק,,640.00,"100 מ""ל",false,,24.90,0.0389,true,1,101354
7290017617428,false,"סטארקיסט נתחי סלמון עם פסטה, עגבניות וזיתים פיקנטי",סטארקיסט Starkist,PL,סטארקיסט מיקס סלמון,,160.00,100 גרם,false,,15.90,0.0994,true,1,107036
7290017617435,false,מיקס סלמון עם עדשים קינואה וירק 160 ג' סטארקיסט,סטארקיסט Starkist,PL,סטארקיסט מיקס סלמון,,160.00,"100 מ""ל",false,,15.90,0.0994,true,1,107034
7290017647425,false,יין גמלא קברנה סוביניון 2018 750 מל,יקב רמת הגולן,,יין גמלא קברנה סובינ,,750.00,100 גרם,false,,79.90,0.1065,true,1,99270
7290017675015,false,טחינה היונה 450 גרם,היוצר,IL,טחינה היונה 450 גרם,,450.00,"100 מ""ל",false,,14.90,0.0331,true,1,97677
7290017696409,false,פטריות פורטובלה,,,פטריות פורטובלה,יחידה,0.00,יחידה,false,,12.90,0.0000,true,1,83442
7290017715261,false,פתיתים בצורת אורז תו,קריות זול,,פתיתים בצורת אורז תו,,500.00,100 גרם,false,,5.90,0.0118,true,1,108074
7290017715278,false,פתיתים בצורת קוסקוס,קריות זול,,פתיתים בצורת קוסקוס,,500.00,"100 מ""ל",false,,5.90,0.0118,true,1,108075
7290017812052,false,יין שיראז קברנה סוביניון אקסלנס Excellence,יקבי כרמל Carmel Winery,IL,יין אקסלנס שיראז-קבר,,750.00,100 גרם,false,,25.90,0.0345,true,1,83288
7290017812571,false,מיץ ענבים אדום 100% טבעי 1 ליטר,יקבי כרמל Carmel Winery,IL,מיץ ענבים אדום 100%,,1000.00,"100 מ""ל",false,,19.90,0.0199,true,1,97549
7290017812878,false,"יין אקסלנס רוזה 750 מ""ל",קריות זול,,יין אקסלנס רוזה 750,,750.00,"100 מ""ל",false,,25.90,0.0345,true,1,101912
7290017812885,false,יין קברנה סוביניון בלאן גוורצטרמינר,אגודת הכורמים א.ת אל,IL,סוביניון גוורצטרמינר,,750.00,100 גרם,false,,39.90,0.0532,true,1,102426
7290017812977,false,"יין לבן מתוק מוגז בטעם אננס, 750 מ""ל",קריות זול,IL,באז משקה יין מוגז א,,750.00,100 גרם,false,,25.90,0.0345,true,1,102423
7290017870465,false,מכסים לתבנית אלומיני,,,מכסים לתבנית אלומיני,יחידה,0.00,יחידה,false,,6.90,0.0000,true,1,102899
7290017870625,false,"כוס יהלום 250 מ""ל א",,,"כוס יהלום 250 מ""ל א",יחידה,0.00,יחידה,false,,14.90,0.0000,true,1,102891
7290017870687,false,מרקייה 7 מתכלה מעץ דקל 10 יח',HINDUSTAN ARECA PROD,IN,"מרקייה 7"" מתכלה מעץ",יחידה,0.00,יחידה,false,,13.90,0.0000,true,1,104411
7290017870731,false,צלחת 7 מתכלה מעץ דקל 10 יח',HINDUSTAN ARECA PROD,IN,"צלחת 7"" מתכלה מעץ ד",יחידה,0.00,יחידה,false,,13.90,0.0000,true,1,104414
7290017871363,false,"סבון ידיים מועשר בשמן מקדמיה פמלי 500 מ""ל יהלום",המאפיה של הרמן,TR,פמלי יהלום סבון ידיי,,500.00,100 גרם,false,,9.90,0.0198,true,1,99013
7290017871370,false,"סבון ידיים מועשר בשמן אבוקדו פמלי 500 מ""ל יהלום",המאפיה של הרמן,TR,פמלי יהלום סבון ידיי,,500.00,100 גרם,false,,9.90,0.0198,true,1,99014
7290017871974,false,גלי טוסו בטעם תות שד,קריות זול,IL,ג'לי בטעם תות שדה 25,,25.00,100 גרם,false,,10.90,0.4360,true,1,98967
7290017872049,false,"פמלי אל סבון בניחוח לוונדר ארומטי- שלישייה 500 מ""ל",אברנסל קוסמטיקס,TR,פמלי אל סבון שלישייה,,1500.00,"100 מ""ל",false,,14.90,0.0099,true,1,98945
7290017872162,false,טוסו עוגיות אגוזי לוז 200 ג',היינץ צפון אמריקה מק,IL,טוסו עוגיות אגוזי לו,,200.00,"100 מ""ל",false,,15.90,0.0795,true,1,98950
7290017872179,false,עוגיות טחינה ללא תוספת סוכר,היינץ צפון אמריקה מק,IL,טוסו עוגיות טחינה לל,,200.00,"100 מ""ל",false,,15.90,0.0795,true,1,98951
7290017872193,false,עוגיות שקדים וקינמון ללא תוספת סוכר,היינץ צפון אמריקה מק,IL,טוסו עוגיות שקדים וק,,200.00,"100 מ""ל",false,,15.90,0.0795,true,1,98952
7290017888095,false,"רביעיית פחיות שוופס מוגז עדין פירות יער 330 מ""ל.",יפאורה תבורי,IL,שוופס מוגז עדין פירו,,1320.00,100 גרם,false,,14.90,0.0113,true,1,84185
7290017888101,false,"שוויפס מוגז עדין אפרסק מארז רביעייה* 330 מ""ל",יפאורה תבורי,IL,שוופס מוגז עדין אפרס,,1320.00,100 גרם,false,,14.90,0.0113,true,1,84184
7290017888354,false,מים מינרליים בקבוק ס,"מי עדן בע""מ",,מי עדן 750מל,,750.00,"100 מ""ל",false,,3.50,0.0047,true,1,101522
7290017888644,false,"משקה אננס בננה כורכום פרות & ווג 350 מ""ל",פרוט אנד וג' Fruit & Veg,IL,אננס בננה כוכרכום 35,,350.00,100 ליטר,false,,8.90,0.0254,true,1,99024
7290017888729,false,שוופס סודה בקבוק 1 ל',"יפאורה תבורי בע""מ",IL,שוופס סודה בקבוק 1 ל,,1000.00,"100 מ""ל",false,,3.90,0.0039,true,1,98817
7290017907215,false,קמח תמי למאפי שמרים ללא גלוטן 500 גרם,פוראטוס ישראל,IL,קמח תמי למאפי שמרים,,500.00,"100 מ""ל",false,,18.90,0.0378,true,1,102339
7290017907253,false,פתיתים מאורז לנמנעים מגלוטן,פוראטוס ישראל,IL,תמי פתיתים ללא גלוטן,,300.00,100 גרם,false,,16.90,0.0563,true,1,102342
7290017917283,false,מגבוני קמיל בלו ללא בישום רביעיה,,,רביעיית מגבוני קמיל,יחידה,0.00,יחידה,false,,19.90,0.0000,true,1,98068
7290017928463,false,סמאש- שבורים בטעם דבש חרדל ובצל 300גרם,מאיר בייגל,,סמאש- שבורים בטעם ד,,300.00,"100 מ""ל",false,,12.90,0.0430,true,1,103379
7290017928661,false,סמאש שבורים בטעם צ'דר ובצל 300 גרם,מאיר בייגל,,סמאש- שבורים בטעם צ',,300.00,"100 מ""ל",false,,12.90,0.0430,true,1,103380
7290017946399,false,"מרכך כביסה מרוכז ארומתרפי אדום 900 מ""ל סוד",הנקל סוד,IL,סוד מרכך מרוכז ארומת,,900.00,100 גרם,false,,13.90,0.0154,true,1,104402
7290017946979,false,ג'ל מרוכז לכביסה מנטרל ריחות 2.4 ל' פרסיל,פרסיל Persil,,פרסיל ג'ל כביסה נטרו,ליטרים,2.40,ליטר,false,,32.90,13.7083,true,1,101762
7290017969091,false,לפתניות 25 יחידות שמאי,,,לפתניות 25 יחידות,יחידה,0.00,יחידה,false,,7.90,0.0000,true,1,92532
7290017969145,false,מפה נצמדת עם גומי הי,,,מפה נצמדת עם גומי הי,יחידה,0.00,יחידה,false,,19.90,0.0000,true,1,98846
7290017969978,false,כוס מרוקאית צבעונית 40 יח',,,כוס מרוקאית 40 יח,יחידה,0.00,יחידה,false,,12.90,0.0000,true,1,102938
7290017978215,false,קרמבו ריאו בטעם מוקה 16יח',"גלידות ריאו ביח""ר לג",IL,קרמבו ריאו מוקה 16 י,יחידה,0.00,יחידה,false,,22.90,0.0000,true,1,99580
7290018043844,false,חטיף חלבון בוטנים קרמל קראנץ 60 ג' פראוד,פראוד PROUD,NL,חטיף חלבון בוטנים קר,,60.00,"100 מ""ל",false,,12.90,0.2150,true,1,106443
7290018045084,false,דגנים במילוי קרם בטעם בראוניז 480 ג' BON & BON,,DE,דגני בוקר בון בון במ,,480.00,"100 מ""ל",false,,22.90,0.0477,true,1,105172
7290018045497,false,דגנים במילוי קרם שוקולד 480 ג' BON & BON,מונדיי Monday,,דגני בוקר בון בון במ,,480.00,100 גרם,false,,22.90,0.0477,true,1,105171
7290018045893,false,דגנים במילוי קרם נוגט 480ג' BON & BON,מונדיי Monday,DE,דגני בוקר בון בון במ,,480.00,100 גרם,false,,22.90,0.0477,true,1,105170
7290018050408,false,אגוזי פיסטוק קלויים ומומלחים 160 גרם,,,אגוזי פיסטוק קלויים,,160.00,"100 מ""ל",false,,15.00,0.0938,true,1,100405
7290018050453,false,קשיו טבעי קופסא 220,שקרצי,IL,קשיו טבעי קופסא 220,,220.00,"100 מ""ל",false,,15.00,0.0682,true,1,100410
7290018050460,false,קשיו קלוי קופסא 200,,,קשיו קלוי קופסא 200,,200.00,"100 מ""ל",false,,15.00,0.0750,true,1,100411
7290018050484,false,אגוזי מלך קלופים טבעיים 150 גרם,,,אגוז מלך קלופים טבעי,,150.00,"100 מ""ל",false,,10.00,0.0667,true,1,100383
7290018050491,false,אלמונדוס קופסא 220 ג,,,אלמונדוס קופסא 220 ג,,220.00,"100 מ""ל",false,,10.00,0.0455,true,1,100384
7290018050521,false,אגוזי לוז טבעי קופסא,,,אגוזי לוז טבעי קופסא,,180.00,"100 מ""ל",false,,10.00,0.0556,true,1,100387
7290018050545,false,גרעיני אבטיח קלויים ומומלחים 140 גרם,,,גרעיני אבטיח קלויים,,140.00,"100 מ""ל",false,,10.00,0.0714,true,1,100389
7290018050637,false,בוטנים אמריקאים - בוטנים מצופים 300 גרם,,,בוטנים אמריקאים מצופ,,300.00,"100 מ""ל",false,,10.00,0.0333,true,1,100413
7290018050699,false,שקדים טבעיים קלופים 230 גרם,,,שקדים טבעיים קלופים,,230.00,"100 מ""ל",false,,15.00,0.0652,true,1,100417
7290018050750,false,מיקס אגוזים וחמוציות מיובשות ומסוכרות 130 גרם,,,מיקס אגוזים חמצוציות,,130.00,"100 מ""ל",false,,10.00,0.0769,true,1,100401
7290018050835,false,בוטנים קלויים ומומלחים 250 גרם,,,בוטנים קלויים ומומלח,,250.00,"100 מ""ל",false,,10.00,0.0400,true,1,100425
7290018050842,false,שקדים בקרמל קופסא 20,,,שקדים בקרמל קופסא 20,,200.00,100 גרם,false,,15.00,0.0750,true,1,100426
7290018050866,false,בוטנים בכרמל קופסא 2,,,בוטנים בכרמל קופסא 2,,200.00,"100 מ""ל",false,,10.00,0.0500,true,1,100402
7290018091029,false,מקלות פילו תפוחי אדמה מעדנות 450 ג',"מעדנות בע""מ",IL,מקלות פילו תפוחי אדמ,,450.00,100 גרם,false,,16.90,0.0376,true,1,99449
7290018091234,false,פיצה מקסיקנית מעדנות 260 ג',מעדנות בעמ,IL,פיצה מקסיקנית מעדנות,,260.00,100 גרם,false,,14.90,0.0573,true,1,100856
7290018091616,false,מקלות פילו גבינה מעדנות 450 ג',מיוצר עי קונדיטוריית,IL,מקלות פילו גבינה 450,,450.00,100 גרם,false,,16.90,0.0376,true,1,99448
7290018091661,false,פיצה ירקות שוק 380 ג' מעדנות,"מעדנות בע""מ",IL,פיצה שוק משפחתי מעדנ,,380.00,100 גרם,false,,19.90,0.0524,true,1,104890
7290018098240,false,מרק ירקות+חלבון ירוק,פרוטלנד,IL,מרק ירקות+חלבון ירוק,,500.00,"100 מ""ל",false,,16.90,0.0338,true,1,107760
7290018098561,false,"תערובת תות, בננה, תמר ואסאי מוקפאים 300 ג' פרי שייק",,,תערובת תות/בננה/תמר,,300.00,"100 מ""ל",false,,17.90,0.0597,true,1,107150
7290018098585,false,קציצות 300גרם ביף פ,,,קציצות 300גרם ביף פ,,300.00,100 גרם,false,,21.90,0.0730,true,1,107139
7290018098653,false,מרק מינסטרונה ירוק ת,פרוטלנד,IL,מרק אפונה +חלבון ירו,,500.00,"100 מ""ל",false,,16.90,0.0338,true,1,107982
7290018192658,false,מארז זוג פטריות פורטובלה ושמפיניון מרינה,"מרינה פטריות הגליל בע""מ",IL,פטריות צמד חמד איטלק,יחידה,0.00,יחידה,false,,15.90,0.0000,true,1,100858
7290018194171,false,אורז בסמטי 5 קילו PRIMO,,,"אורז בסמטי 5 ק""ג",,5000.00,100 גרם,false,,29.90,0.0060,true,1,102476
7290018194508,false,מאפין בטעם שוקוציפס 40 גרם - שישיה,,,מאפנס שוקוציפס שישיי,,40.00,"100 מ""ל",false,,6.90,0.1725,true,1,108183
7290018198056,false,"קוביות תפוחי אדמה תפוגן 1.5 ק""ג",עיצובים 2020 (4.5),,תפוגן קוביות תפוחי א,,1500.00,"100 מ""ל",false,,26.90,0.0179,true,1,98652
7290018198148,false,"תפוגן קריספי צ'יפס קלאסי 1.25 ק""ג",עיצובים 2020 (4.5),,תפוגן קריספי צ'יפס ק,,1250.00,"100 מ""ל",false,,25.90,0.0207,true,1,102432
7290018198254,false,"תפוגן קריספי צ'יפס פוטטוס 1.25 ק""ג",עיצובים 2020 (4.5),,תפוגן קריספי צ'יפס פ,,1250.00,"100 מ""ל",false,,25.90,0.0207,true,1,102433
7290018204580,false,מנג'טים מעוטרים מס'2 100 יח',,,גביעי נייר צבעוני מס,,100.00,יח',false,,5.90,0.0590,true,1,105053
7290018204603,false,מנג'טים מעוטרים מס' 4 100 יח',,,גביעי נייר צבעוני מס,,100.00,יח',false,,5.90,0.0590,true,1,105055
7290018204610,false,מנג'טים מעוטרים מס' 5 100 יח',,,גביעי נייר צבעוני מס,,100.00,יח',false,,7.90,0.0790,true,1,105056
7290018213995,false,3 מטליות מיקרופייבר,,,3 מטליות מיקרופייבר,יחידה,0.00,יחידה,false,,12.90,0.0000,true,1,106596
7290018236635,false,צ'ונגו פופקורן מצופה עוף טוב 600 גר',מוצרי עוף טוב (2001),IL,צ'ונגו רצועות שניצל,,600.00,100 גרם,false,,34.90,0.0582,true,1,101396
7290018237281,false,נקניק סלמי ירדן 550 ג' עוף טוב,עיצובים 2020 (4.9),,נקניק סלמי ירדן עוף,,550.00,100 גרם,false,,23.90,0.0435,true,1,105772
7290018237373,false,פסטרמה צרובה על הגריל נתח שלם עוף טוב 300 ג',עיצובים 2020 (4.9),IL,פסטרמה צרובה על הגרי,,300.00,100 גרם,false,,26.90,0.0897,true,1,105765
7290018237410,false,עוף טוב פסטרמה במעשנה נתח שלם 300 גר',מולינו ניקולי s.p.a,IL,פסטרמה במעשנה מנתח ש,,300.00,"100 מ""ל",false,,26.90,0.0897,true,1,105763
7290018237489,false,פסטרמה ברביקיו דק-דק 220 גרם,עיצובים 2020 (4.9),IL,פסטרמה ברביקיו דק-דק,,220.00,100 גרם,false,,19.90,0.0905,true,1,105769
7290018237885,false,עוף טוב נקניקיות XL ללחמנייה 370 גרם,עיצובים 2020 (4.9),IL,נקניקיות עוף טוב XL,,370.00,100 גרם,false,,14.90,0.0403,true,1,106031
7290018237908,false,עוף טוב נקניקיות עסיסיות למנגל 400 גרם,עיצובים 2020 (4.9),IL,נקניקיות עוף טוב עסי,,400.00,100 גרם,false,,14.90,0.0373,true,1,106032
7290018237922,false,שניצלונים ציפוי ציפס עוף טוב 700 גר',עיצובים 2020 (4.9),IL,שניצלונים בציפוי ציפ,,700.00,100 גרם,false,,18.90,0.0270,true,1,105862
7290018294901,false,מונלייט אדום יבש 750 מל',יקבי כרמל Carmel Winery,IL,מונלייט אדום יבש כרמ,,750.00,"100 מ""ל",false,,34.90,0.0465,true,1,106857
7290018307212,false,תבנית רוסטר גדול 2 י,,,תבנית רוסטר גדול 2 י,יחידה,0.00,יחידה,false,,10.90,0.0000,true,1,105115
7290018307243,false,תבנית רוסטר קטן 3 יח,,,תבנית רוסטר קטן 3 יח,יחידה,0.00,יחידה,false,,10.90,0.0000,true,1,101506
7290018307700,false,תבנית רוסטר בנוני 3,,,תבנית רוסטר בנוני 3,יחידה,0.00,יחידה,false,,10.90,0.0000,true,1,105116
7290018359518,false,תירס מהשדה בלי תוספת סוכר יכין מארז 200X3 גר',,,תירס מהשדה בלי תוספת,,600.00,100 גרם,false,,14.90,0.0248,true,1,101253
7290018359686,false,יכין חומוס ענק 550 גר,היינץ צפון אמריקה מק,IL,חומוס ענק יכין 550 ג,,550.00,100 גרם,false,,8.90,0.0162,true,1,105478
7290018359716,false,רוטב פיצה טוסקנה יכין 240 גר',"זנלכל בע""מ",IL,רוטב פיצה טוסקנה יכי,,240.00,"100 מ""ל",false,,5.90,0.0246,true,1,102093
7290018359938,false,"רוטב עגבניות לשקשוקה יכין, 400 גרם",יכין,IL,רוטב עגבניות לשקשוקה,,400.00,100 גרם,false,,11.90,0.0298,true,1,107562
7290018359945,false,חאריפה רוטב פיקנטי מפלפלים וירקות 400גר,יכין,IL,חאריפה רוטב פיקנטי מ,,400.00,"100 מ""ל",false,,11.90,0.0298,true,1,107563
7290018359952,false,רוטב עגבניות לפסטה יכין 400 גרם,יכין,IL,רוטב עגבניות לפסטה י,,400.00,"100 מ""ל",false,,11.90,0.0298,true,1,107564
7290018359969,false,רוטב עגבניות לפיצה יכין 400 גרם,יכין,IL,רוטב עגבניות לפיצה,,400.00,"100 מ""ל",false,,11.90,0.0298,true,1,107565
7290018376416,false,פילה ברבוניה קפוא 40,,,פילה ברבוניה קפוא 40,,400.00,"100 מ""ל",false,,24.90,0.0622,true,1,107446
7290018380628,false,צלפים שלמים עם גבעול,,,צלפים שלמים עם גבעול,,370.00,100 גרם,false,,9.90,0.0268,true,1,106486
7290018440209,false,בייגלה בציפוי פאדג' לבן פליפז 140 גר',שוורצקוף& הנקל דיסלד,TR,בייגלה בציפוי פאד'ג,,140.00,"100 מ""ל",false,,9.90,0.0707,true,1,101541
7290018440247,false,צ'אי שקדים 25 שק' ויסוצקי,קריות זול,IL,תה צאי שקדים 25שק,יחידה,0.00,יחידה,false,,19.90,0.0000,true,1,105123
7290018440483,false,בייגלה מצופה קרמל מלוח ושוקולד פליפז 140 גר',שוורצקוף& הנקל דיסלד,TR,חטיף בייגלה אפוי בצי,,140.00,"100 מ""ל",false,,9.90,0.0707,true,1,103499
7290018441664,false,מאגדת טילונים קוקי מ,,,בן&גריס טילון קוקי מ,,400.00,"100 מ""ל",false,,24.90,0.0622,true,1,105969
7290018468401,false,"פסטרמה צמחונית בטעם גריל, 120 גרם",טיב טירת צבי 2000,IL,פסטרמה צמחונית בטעם,,120.00,"100 מ""ל",false,,19.90,0.1658,true,1,108186
7290018468418,false,"פסטרמה צמחונית בטעם מפולפל, 120 גרם",טיב טירת צבי 2000,IL,פסטרמה צמחונית בטעם,,120.00,100 גרם,false,,19.90,0.1658,true,1,108187
7290018468432,false,"נקניק טבעוני בטעם מעושן, 100 גרם",טיב טירת צבי 2000,IL,נקניק טבעוני בטעם מע,,100.00,"100 מ""ל",false,,19.90,0.1990,true,1,108184
7290018471180,false,פרוט&ווג אננס תפוח גזר 1 ליטר,פרוט אנד וג' Fruit & Veg,IL,פרוט & ווג' אננס תפו,,1000.00,100 גרם,false,,13.90,0.0139,true,1,102234
7290018471197,false,פרוט&ווג' תפוח בננה מלון נענע 1 ליטר,פרוט אנד וג' Fruit & Veg,IL,פרוט & ווג' תפוח בננ,,1000.00,100 גרם,false,,13.90,0.0139,true,1,102235
7290018471395,false,פרוט&ווג' תפוח רימון סלק ג'ינג'ר 1 ליטר,פרוט אנד וג' Fruit & Veg,IL,פרוט & ווג' תפוח רימ,,1000.00,100 גרם,false,,13.90,0.0139,true,1,102237
7290018471487,false,תפוזינה נקטר תפוז אננס קרטונית 1 ליטר,"יפאורה תבורי בע""מ",IL,תפוזינה נקטר תפוז אנ,,1000.00,"100 מ""ל",false,,7.90,0.0079,true,1,102780
7290018471494,false,תפוזינה משקה תפוז גזר קרטונית 1 ליטר,"יפאורה תבורי בע""מ",IL,תפוזינה משקה תפוז גז,,1000.00,100 גרם,false,,7.90,0.0079,true,1,102784
7290018471906,false,שוופס מוגז פירות לימונדה ורודה 1.5 ליטר פיקדון,"יפאורה תבורי בע""מ",IL,שוופס מוגז לימונדה ו,,1500.00,"100 מ""ל",false,,9.90,0.0066,true,1,104669
7290018471913,false,שוופס מוגז פירות תפוחים 1.5 ל',"יפאורה תבורי בע""מ",IL,שוופס מוגז תפוחים 1.,,1500.00,100 גרם,false,,9.90,0.0066,true,1,104670
7290018471920,false,שוופס מוגז פירות ענבים 1.5 ליטר פיקדון,"יפאורה תבורי בע""מ",IL,שוופס מוגז ענבים 1.5,,1500.00,100 גרם,false,,9.90,0.0066,true,1,104673
7290018471937,false,שוופס מוגז פירות תות ליים 1.5 ליטר פיקדון,"יפאורה תבורי בע""מ",IL,שוופס מוגז פירות תות,,1500.00,100 גרם,false,,9.90,0.0066,true,1,104674
7290018471944,false,שוופס מוגז פירות לימונייד 1.5 ליטר פיקדון,"יפאורה תבורי בע""מ",IL,שוופס מוגז למונייד 1,,1500.00,"100 מ""ל",false,,9.90,0.0066,true,1,104671
7290018471951,false,שוופס מוגז פירות אשכולית אדומה 1.5 ליטר פיקדון,"יפאורה תבורי בע""מ",IL,שוופס מוגז אשכולית א,,1500.00,100 גרם,false,,9.90,0.0066,true,1,104672
7290018516447,false,מקרוני 206 גרם,,,מקרוני 206 גרם,,206.00,"100 מ""ל",false,,11.90,0.0578,true,1,107897
7290018564622,false,שף הטבע שום כתוש טבל,בני דרום,IL,שום כתוש טבליות שף ה,,80.00,"100 מ""ל",false,,10.90,0.1363,true,1,104282
7290018608432,false,תבניות אינגליש גדול מקרטון 3 יח' שמאי,,,תבניות אינגליש קייק,יחידה,0.00,יחידה,false,,10.90,0.0000,true,1,102917
7290018608449,false,תבניות אינגליש קייק,,,תבניות אינגליש קייק,יחידה,0.00,יחידה,false,,10.90,0.0000,true,1,102916
7290018608623,false,צלחותענקיות 10' עלי,,,צלחותענקיות 10' עלי,יחידה,0.00,יחידה,false,,18.90,0.0000,true,1,107949
7290018608630,false,צלחות גדולות 8 עלי ד,,,צלחות גדולות 8 עלי ד,יחידה,0.00,יחידה,false,,12.90,0.0000,true,1,107987
7290018608647,false,צלחות קטנות 7' עלי ד,,,צלחות קטנות 7' עלי ד,יחידה,0.00,יחידה,false,,10.90,0.0000,true,1,107948
7290018608661,false,מגשיות 9/6' עלי דקל,,,מגשיות 9/6' עלי דקל,יחידה,0.00,יחידה,false,,17.90,0.0000,true,1,107951
7290018608852,false,צלחות קטנות 50 יח שמ,,,צלחות קטנות 50 יח שמ,יחידה,0.00,יחידה,false,,15.90,0.0000,true,1,107934
7290018652671,false,גלידה קרמריה שוקולד ווניל 1.4 ליטר,נסטלה,IL,לה קרמריה שוקו וניל,,1.40,100 גרם,false,,21.90,15.6429,true,1,105383
7290018703311,false,חטיף חלבון קרם עוגיות קראנץ 60 ג' פראוד,v.s.i,NL,פראוד בוטנים קרמל 60,,60.00,"100 מ""ל",false,,12.90,0.2150,true,1,106444
7290018703496,false,פראוד - חטיף חלבון בטעם בננה טופי 60 גרם,פראוד PROUD,,חטיף חלבון בננה טופי,,60.00,100 גרם,false,,12.90,0.2150,true,1,106445
7290018724552,false,קמח שקדים ללא גלוטן 250 גר',השקד אומנות ומסחר,IL,קמח שקדים ללא גלוטן,,250.00,"100 מ""ל",false,,22.90,0.0916,true,1,107877
7290018770269,false,זית קלמטה עם שמן זית,,,זית קלמטה עם שמן זית,,190.00,"100 מ""ל",false,,13.90,0.0732,true,1,106720
7290018770276,false,זית עריביקה עם שמן ז,,,זית עריביקה עם שמן ז,,215.00,"100 מ""ל",false,,13.90,0.0647,true,1,106721
7290018770351,false,טחינה משומשום אתיופי,,,טחינה משומשום אתיופי,,500.00,100 גרם,false,,14.90,0.0298,true,1,106802
7290018790038,false,ביסקוויט תה 110גרם ה,קריות זול,,בסקוויט תה תפוז 110,,110.00,"100 מ""ל",false,,3.50,0.0318,true,1,107850
7290018792858,false,אבקת קקאו טבעי 500 גרם,,,אבקת קקאו טבעי 500,,500.00,"100 מ""ל",false,,25.90,0.0518,true,1,107529
7290018860717,false,מקלוני אורז דקות ללא,סא ג'אנג אוספורט,VN,אטריות אורז 454 גרם,,454.00,"100 מ""ל",false,,10.90,0.0240,true,1,105029
7290018893005,false,"חטיפי בייגלה אפוי בטעם חרדל ודבש, 160 גרם",צ'וקטה Chocketa,RO,בייגלה שטוח חרדל ודב,,160.00,"100 מ""ל",false,,8.90,0.0556,true,1,104957
7290018893036,false,עוגיות סנדוויץ' בטעם שוקולד ממולאות קרם בטעם וניל,צ'וקטה Chocketa,ES,צ'וקטה ביסקוויט שוקו,,176.00,"100 מ""ל",false,,8.90,0.0506,true,1,105327
7290018893098,false,צ'וקטה ביסקוויט מצופה שוקולד חלב 100 גרם משולש K,צ'וקטה Chocketa,,ביסקוויט מצופה שוקול,,100.00,"100 מ""ל",false,,7.90,0.0790,true,1,104970
7290018893104,false,צ'וקטה ביסקוויט מצופה שוקולד מריר 100 גרם משולש K,צ'וקטה Chocketa,,ביסקוויט מצופה שוקול,,100.00,"100 מ""ל",false,,7.90,0.0790,true,1,104971
7290018893135,false,מקלות אפויים בתוספת מלח Salty,צ'וקטה Chocketa,,צ'וקטה גריסיני מלח 1,,120.00,100 גרם,false,,7.90,0.0658,true,1,107214
7290018893142,false,מקלות אפויים בתוספת שמן זית Salty,צ'וקטה Chocketa,,צ'וקטה גריסיני שמן ז,,120.00,100 גרם,false,,7.90,0.0658,true,1,107215
7290018893258,false,צ'וקטה עוגות אישיות קרמל 300 גר,צ'וקטה Chocketa,,עוגות אישיות קרמל צו,,300.00,100 גרם,false,,13.90,0.0463,true,1,104963
7290018893289,false,עוגות מגולגלות בטעם קקאו - 6 יחידות במארז,צ'וקטה Chocketa,,עוגות אישיות מגולגלו,,222.00,"100 מ""ל",false,,10.90,0.0491,true,1,104965
7290018893296,false,עוגיות חמאה מצופות שוקולד חלב בעיטור שוקולד לבן,צ'וקטה Chocketa,BE,צ'וקטה עוגיות מיני ח,,100.00,"100 מ""ל",false,,9.90,0.0990,true,1,107203
7290018893456,false,צ'וקטה מארז עוגות אישיות במילוי קרם ובציפוי שוקולד 10*30ג,פרדי קונדטוריה אס.פי,IT,עוגות אישיות חלב צוק,,300.00,100 גרם,false,,13.90,0.0463,true,1,104966
7290018893494,false,עוגיות עלי וופל דקות עם חמאה,צ'וקטה Chocketa,,עלי וופל חמאה דקים צ,,100.00,"100 מ""ל",false,,10.90,0.1090,true,1,104953
7290018893609,false,שוקולד מריר פרימיום 85% 100 גרם איגוד רבנים,צ'וקטה Chocketa,ES,צ'וקטה שוקולד מריר 8,,100.00,100 גרם,false,,9.90,0.0990,true,1,105329
7290018893647,false,צ'וקטה עוגיות סנדביץ מצופות 150 גרם חלב נוכרי,צ'וקטה Chocketa,,עוגיות סנדביץ מצופות,,150.00,100 גרם,false,,9.90,0.0660,true,1,104984
7290018893654,false,חטיפי בייגלה דקיקים ופריכים מלח צ'וקטה 200 ג',צ'וקטה Chocketa,RO,בייגלה בתוספת מלח צו,,200.00,100 גרם,false,,8.90,0.0445,true,1,104955
7290018893746,false,בייגלה עגבניות ועשבי תיבול 180 גר,SC ALKA TRADING CO S,RO,בייגלה שטוח עגבניות,,180.00,100 גרם,false,,8.90,0.0494,true,1,107198
7290018893814,false,צ'וקטה שוקולד מריר 48% 5 יח' *100 ג',הדקלאים אגודת שיתופי,ES,שוקולד מריר 48% צוקט,,500.00,100 גרם,false,,18.90,0.0378,true,1,104969
7290018893852,false,חטיפי בייגלה דקיקים ופריכים שומשום צ'וקטה 200 ג',צ'וקטה Chocketa,RO,בייגלה בתוספת שומשום,,200.00,100 גרם,false,,8.90,0.0445,true,1,104956
7290018893937,false,לוקיטוס סוכריות ג'לי בטעמי פירות 300 גרם,,,לוקיטוס סוכריות ג'לי,,300.00,"100 מ""ל",false,,10.90,0.0363,true,1,107887
7290018894002,false,קוביות וופל במילוי קרם קקאו - חלבי,בלקוני Balconi,IT,בלקוני וופל קוביות ק,,250.00,"100 מ""ל",false,,13.90,0.0556,true,1,107207
7290018894019,false,עוגות אישיות במילוי קרם חלבי ובציפוי קרם קקאו,בלקוני Balconi,IT,בלקוני עוגות אישיות,,350.00,"100 מ""ל",false,,15.90,0.0454,true,1,107212
7290018894200,false,בלקוני וופל קוביות ויל 250 גרם חלבי OU,בלקוני Balconi,IT,בלקוני וופל קוביות ו,,250.00,100 גרם,false,,13.90,0.0556,true,1,107205
7290018894217,false,עוגות אישיות במילוי קרם קקאו ובציפוי קרם קקאו,בלקוני Balconi,IT,בלקוני עוגות מיקס מק,,350.00,"100 מ""ל",false,,15.90,0.0454,true,1,107211
7290018894408,false,קוביות וופל במילוי קרם אגוזי לוז - חלבי,בלקוני Balconi,IT,בלקוני וופל קוביות א,,250.00,"100 מ""ל",false,,13.90,0.0556,true,1,107206
7290018894606,false,בלקוני וופל קקאו 175 גרם חלבי OU,בלקוני Balconi,IT,בלקוני וופל קקאו 175,,175.00,"100 מ""ל",false,,8.90,0.0509,true,1,107208
7290018925065,false,פרימור מיץ תפוזים סחוט 2 ליטר,פרימור,IL,פרימור מיץ תפוזים סח,,2000.00,"100 מ""ל",false,,32.90,0.0164,true,1,104800
7290018925072,false,פרימור מיץ לימונענע סחוט 2 ליטר,פרימור,IL,פרימור משקה קל לימונ,,2000.00,"100 מ""ל",false,,32.90,0.0164,true,1,104801
7290018972274,false,פרוזן שעועית ירוקה חתוכה 800 גר' רובין,,,פרוזן שעועית ירוקה ח,,800.00,"100 מ""ל",false,,11.90,0.0149,true,1,107490
7290018972366,false,"פרוזן אדממה 1 ק""ג",,,"פרוזן אדממה 1 ק""ג",,1000.00,"100 מ""ל",false,,15.90,0.0159,true,1,105792
7290018972625,false,פרוזן במיה 600 גר' קהילות,,,פרוזן במיה 600 גרם,,600.00,"100 מ""ל",false,,11.90,0.0198,true,1,107483
7290018989005,false,יכין פולפה טבעית 400*3 גר,זנלכל,IL,פולפה טבעית יכין 400,,1200.00,100 גרם,false,,14.90,0.0124,true,1,106349
7290018989135,false,סירופ בטעם פטל יכין 1 ליטר,זנלכל,IL,סירופ בטעם פטל יכין,,1000.00,100 גרם,false,,18.90,0.0189,true,1,106351
7290019026754,false,מגהץ אדים 8088-DY,,,מגהץ אדים 8088-DY,יחידה,0.00,יחידה,false,,99.00,0.0000,true,1,108036
7290019056027,false,שוופס מוגז פירות תפוחים ללא סוכר 1.5 ליטר פיקדון,"יפאורה תבורי בע""מ",IL,שוופס מוגז פירות תפו,,1500.00,"100 מ""ל",false,,9.90,0.0066,true,1,104675
7290019056041,false,שוופס מוגז פירות לימונייד ללא סוכר 1.5 ליטר פיקדון,"יפאורה תבורי בע""מ",IL,שוופס מוגז פירות ללא,,1500.00,100 גרם,false,,9.90,0.0066,true,1,104677
7290019056058,false,שוופס מוגז עדין תפוח ליים 1.5 ליטר פיקדון,"יפאורה תבורי בע""מ",IL,שוופס מוגז עדין תפוח,,1500.00,100 גרם,false,,8.90,0.0059,true,1,104664
7290019056065,false,שוופס מוגז עדין פירות יער 1.5 ליטר פיקדון,"יפאורה תבורי בע""מ",IL,שוופס מוגז עדין פירו,,1500.00,"100 מ""ל",false,,8.90,0.0059,true,1,104665
7290019056072,false,שוופס מוגז עדין אננס 1.5 ליטר פיקדון,"יפאורה תבורי בע""מ",IL,שוופס מוגז עדין אננס,,1500.00,"100 מ""ל",false,,8.90,0.0059,true,1,104668
7290019056089,false,שוופס מוגז עדין ענבי ריזלינג 1.5 ליטר פיקדון,"יפאורה תבורי בע""מ",IL,שוופס מוגז עדין טעם,,1500.00,"100 מ""ל",false,,8.90,0.0059,true,1,104666
7290019056096,false,שוופס מוגז עדין אפרסק 1.5 ליטר פיקדון,"יפאורה תבורי בע""מ",IL,שוופס מוגז עדין אפרס,,1500.00,"100 מ""ל",false,,8.90,0.0059,true,1,104667
7290019056119,false,שוופס סודה 1.5 ליטר פיקדון,"יפאורה תבורי בע""מ",IL,שוופס סודה 1.5ליטר,,1500.00,100 גרם,false,,4.20,0.0028,true,1,104653
7290019056164,false,שוופס סודה 1.5 ליטר רביעייה פיקדון,"יפאורה תבורי בע""מ",IL,שוופס סודה מארז 4*1.,,6000.00,"100 מ""ל",false,,12.90,0.0021,true,1,104710
7290019056171,false,שוופס סודה לימון 1.5 ליטר רביעייה פיקדון,"יפאורה תבורי בע""מ",IL,שוופס סודה לימון מאר,,6000.00,100 גרם,false,,12.90,0.0021,true,1,104711
7290019056188,false,שוופס סודה נענע ליים 1.5 ליטר רביעייה פיקדון,"יפאורה תבורי בע""מ",IL,שוופס סודה נענע ליים,,6000.00,100 גרם,false,,12.90,0.0021,true,1,104715
7290019056195,false,שוופס סודה למון גראס ג'ינג'ר 1.5 ליטר רביעייה פיקדון,"יפאורה תבורי בע""מ",,שוופס סודה למון גראס,,6000.00,100 גרם,false,,12.90,0.0021,true,1,104716
7290019056201,false,שוופס סודה פירות יער 1.5 ליטר רביעייה פיקדון,"יפאורה תבורי בע""מ",IL,שוופס סודה פירות יער,,6000.00,100 גרם,false,,12.90,0.0021,true,1,104717
7290019056232,false,משקה מוגז בטעם ליים מוחיטו 1.5 ל' שוופס,"יפאורה תבורי בע""מ",IL,שוופס ליים מוחיטו 1.,,1500.00,"100 מ""ל",false,,9.90,0.0066,true,1,104680
7290019056249,false,שוופס מים בטעמים ענבים 1.5 ליטר פיקדון,"יפאורה תבורי בע""מ",IL,שוופס וואטר ענבים 1.,,1500.00,100 גרם,false,,8.90,0.0059,true,1,104699
7290019056256,false,שוופס מים בטעמים תפוחים 1.5 ליטר פיקדון,"יפאורה תבורי בע""מ",IL,שוופס וואטר תפוח 1.5,,1500.00,100 גרם,false,,8.90,0.0059,true,1,104700
7290019056263,false,שוופס מים בטעמים אפרסק 1.5 ליטר פיקדון,"יפאורה תבורי בע""מ",IL,שוופס וואטר אפרסק 1.,,1500.00,"100 מ""ל",false,,8.90,0.0059,true,1,104701
7290019056270,false,שוופס מים בטעמים פירות יער 1.5 ליטר פיקדון,"יפאורה תבורי בע""מ",IL,שוופס וואטר פירות יע,,1500.00,100 גרם,false,,8.90,0.0059,true,1,104702
7290019056287,false,שוופס מים בטעמים אפרסק ללא סוכר 1.5 ליטר פיקדון,"יפאורה תבורי בע""מ",IL,שוופס וואטר אפס קלור,,1500.00,"100 מ""ל",false,,8.90,0.0059,true,1,104703
7290019056300,false,משקה בטעם ביטר לימון 1.5 ל' שוויפס,"יפאורה תבורי בע""מ",IL,שוופס ביטר לימון 1.5,,1500.00,"100 מ""ל",false,,13.90,0.0093,true,1,104712
7290019056317,false,שוופס ראשן 1.5 ליטר פיקדון,"יפאורה תבורי בע""מ",IL,שוופס ראשן 1.5 ליטר,,1500.00,100 גרם,false,,13.90,0.0093,true,1,104713
7290019056324,false,שוופס טוניק 1.5 ליטר פיקדון,"יפאורה תבורי בע""מ",IL,שוופס מי טוניק 1.5לי,,1500.00,100 גרם,false,,13.90,0.0093,true,1,104709
7290019056331,false,שוופס טוניק ללא סוכר 1.5 ליטר פיקדון,"יפאורה תבורי בע""מ",IL,שוופס מי טוניק ללא ס,,1500.00,"100 מ""ל",false,,13.90,0.0093,true,1,104714
7290019056355,false,משקה בטעם לימונענע עם חתיכות פרי,"יפאורה תבורי בע""מ",IL,תפוזינה לימונענע 1.5,,1500.00,"100 מ""ל",false,,9.90,0.0066,true,1,104655
7290019056362,false,תפוזינה ענבים 1.5 ליטר פיקדון,"יפאורה תבורי בע""מ",IL,תפוזינה ענבים 1.5ליט,,1500.00,100 גרם,false,,9.90,0.0066,true,1,104654
7290019056379,false,תפוזינה תפוזים 1.5 ליטר פיקדון,"יפאורה תבורי בע""מ",IL,תפוזינה תפוזים 1.5לי,,1500.00,"100 מ""ל",false,,9.90,0.0066,true,1,104656
7290019056386,false,פתוזינה אשכולית 1.5 ליטר פיקדון,"יפאורה תבורי בע""מ",IL,תפוזינה אשכוליות 1.5,,1500.00,"100 מ""ל",false,,9.90,0.0066,true,1,104657
7290019056393,false,תפוזינה תות בננה 1.5 ליטר פיקדון,"יפאורה תבורי בע""מ",IL,תפוזינה תות בננה 1.5,,1500.00,100 גרם,false,,9.90,0.0066,true,1,104658
7290019056409,false,תפוזינה מנגו 1.5 ליטר פיקדון,"יפאורה תבורי בע""מ",IL,תפוזינה מנגו עסיסי 1,,1500.00,100 גרם,false,,9.90,0.0066,true,1,104659
7290019056416,false,מיץ בטעם לימונדה ורודה 1.5 ל' תפוזינה,"יפאורה תבורי בע""מ",IL,תפוזינה לימונים 1.5ל,,1500.00,"100 מ""ל",false,,9.90,0.0066,true,1,104660
7290019056423,false,מיץ בטעם תפוח רענן 1.5ל' תפוזינה,"יפאורה תבורי בע""מ",IL,תפוזינה תפוח רענן 1.,,1500.00,100 גרם,false,,9.90,0.0066,true,1,104661
7290019056430,false,תפוזינה תפוזים לייט 1.5 ליטר פיקדון,"יפאורה תבורי בע""מ",IL,תפוזינה דיאט תפוזים,,1500.00,"100 מ""ל",false,,9.90,0.0066,true,1,104662
7290019056461,false,מארז משקה בטעם קולה שישייה * 1.5 ל' אר.סי,"יפאורה תבורי בע""מ",IL,אר.סי קולה שישייה 6*,,9000.00,100 גרם,false,,39.90,0.0044,true,1,104679
7290019056478,false,ספרינג טי קר אפרסק 1.5ליטר פיקדון,"יפאורה תבורי בע""מ",IL,ספרינג טי קר אפרסק 1,,1500.00,"100 מ""ל",false,,9.90,0.0066,true,1,104704
7290019056492,false,ספרינג תה מנגו אפרסק 1.5 ליטר פיקדון,"יפאורה תבורי בע""מ",IL,ספרינג טי מנגו אפרסק,,1500.00,"100 מ""ל",false,,9.90,0.0066,true,1,104706
7290019056508,false,פרוט ווטר ענבים 1.5 ליטר פיקדון,"יפאורה תבורי בע""מ",IL,משקה וואטר פרוט ענבי,,1500.00,100 גרם,false,,8.90,0.0059,true,1,104681
7290019056515,false,פרוט ווטר אננס 1.5 ליטר פיקדון,"יפאורה תבורי בע""מ",IL,משקה וואטר פרוט אננס,,1500.00,"100 מ""ל",false,,8.90,0.0059,true,1,104682
7290019056522,false,פרוט ווטר תות 1.5 ליטר פיקדון,"יפאורה תבורי בע""מ",IL,משקה וואטר פרוט תות,,1500.00,100 גרם,false,,8.90,0.0059,true,1,104683
7290019056539,false,פרוט ווטר אפרסק 1.5 ליטר פיקדון,"יפאורה תבורי בע""מ",IL,משקה וואטר פרוט אפרס,,1500.00,"100 מ""ל",false,,8.90,0.0059,true,1,104684
7290019056546,false,פרוט ווטר אבטיח 1.5 ליטר פיקדון,"יפאורה תבורי בע""מ",IL,משקה וואטר פרוט אבטי,,1500.00,100 גרם,false,,8.90,0.0059,true,1,104685
7290019056553,false,עין גדי מים מינרלים 2 ליטר*6 יח',עין גדי מים מינרליים,IL,עין גדי מים מינרלים,,12000.00,"100 מ""ל",false,,13.80,0.0012,true,1,104640
7290019056577,false,ספרינג מנגו 1.5 ליטר פיקדון,"יפאורה תבורי בע""מ",IL,ספרינג מנגו 1.5ליטר,,1500.00,100 גרם,false,,9.90,0.0066,true,1,104643
7290019056584,false,ספרינג תפוזים 1.5 ליטר פיקדון,"יפאורה תבורי בע""מ",IL,ספרינג תפוזים 1.5ליט,,1500.00,"100 מ""ל",false,,9.90,0.0066,true,1,104642
7290019056591,false,ספרינג ענבים 1.5 ליטר פיקדון,"יפאורה תבורי בע""מ",IL,ספרינג ענבים 1.5ליטר,,1500.00,"100 מ""ל",false,,9.90,0.0066,true,1,104649
7290019056607,false,ספרינג תפוחים 1.5 ליטר פיקדון,"יפאורה תבורי בע""מ",IL,ספרינג תפוחים 1.5ליט,,1500.00,100 גרם,false,,9.90,0.0066,true,1,104644
7290019056614,false,ספרינג אפרסק 1.5 ליטר פיקדון,"יפאורה תבורי בע""מ",IL,ספרינג אפרסק 1.5ליטר,,1500.00,"100 מ""ל",false,,9.90,0.0066,true,1,104645
7290019056621,false,ספרינג פירות טרופיים 1.5 ליטר פיקדון,"יפאורה תבורי בע""מ",IL,ספרינג פירות טרופיים,,1500.00,"100 מ""ל",false,,9.90,0.0066,true,1,104650
7290019056638,false,ספרינג תות בננה 1.5 ליטר פיקדון,"יפאורה תבורי בע""מ",IL,ספרינג תות בננה 1.5ל,,1500.00,100 גרם,false,,9.90,0.0066,true,1,104646
7290019056645,false,ספרחנג אגס תפוח סברס 1.5 ליטר פיקדון,"יפאורה תבורי בע""מ",IL,ספרינג אגס סברס תפוח,,1500.00,"100 מ""ל",false,,9.90,0.0066,true,1,104651
7290019056652,false,ספרינג אננס בננה 1.5 ליטר פיקדון,"יפאורה תבורי בע""מ",IL,ספרינג אננס בננה 1.5,,1500.00,100 גרם,false,,9.90,0.0066,true,1,104652
7290019056669,false,ספרינג תפוחים גיאט 1.5 ליטר פיקדון,"יפאורה תבורי בע""מ",IL,ספרינג תפוחים דיאט 1,,1500.00,"100 מ""ל",false,,9.90,0.0066,true,1,104647
7290019056676,false,מיץ דיאט בטעם אשכוליות ואננס 1.5ל' ספרינג,"יפאורה תבורי בע""מ",IL,ספרינג דיאט אשכוליות,,1500.00,"100 מ""ל",false,,9.90,0.0066,true,1,104648
7290019056720,false,קריסטל מיץ ענבים 2 ליטר פיקדון,יפאורה תבורי,IL,קריסטל מיץ ענבים 2 ל,,2000.00,100 גרם,false,,7.90,0.0039,true,1,104689
7290019056737,false,מיץ בטעם אשכוליות 2 ל' קריסטל,יפאורה תבורי,IL,קריסטל מיץ אשכוליות,,2000.00,"100 מ""ל",false,,7.90,0.0039,true,1,104690
7290019056744,false,קריסטל מיץ תפוזים 2 ליטר פיקדון,יפאורה תבורי,IL,קריסטל מיץ תפוזים 2,,2000.00,100 גרם,false,,7.90,0.0039,true,1,104691
7290019056751,false,קריסטל מיץ אשכוליות דיאט 2 ליטר פיקדון,יפאורה תבורי,IL,קריסטל דיאט מיץ אשכו,,2000.00,"100 מ""ל",false,,7.90,0.0039,true,1,104697
7290019056768,false,קריסטל מיץ מנגו 2 ליטר פיקדון,יפאורה תבורי,IL,קריסטל מיץ מנגו 2 לי,,2000.00,100 גרם,false,,7.90,0.0039,true,1,104692
7290019056775,false,קריסטל מוגז ענבים 2 ליטר פיקדון,יפאורה תבורי,IL,קריסטל ענבים 2 ליטר,,2000.00,100 גרם,false,,7.90,0.0039,true,1,104693
7290019056782,false,משקה מוגז בטעם לימון ליים 2 ל' קריסטל,יפאורה תבורי,IL,קריסטל למון ליים 2 ל,,2000.00,100 גרם,false,,7.90,0.0039,true,1,104694
7290019056805,false,קריסטל מוגז תפוחים 2 ליטר פיקדון,יפאורה תבורי,IL,קריסטל תפוח 2 ליטר,,2000.00,100 גרם,false,,7.90,0.0039,true,1,104695
7290019056812,false,קריסטל מוגז מנטה 2 ליטר פיקדון,יפאורה תבורי,IL,קריסטל מנטה 2 ליטר,,2000.00,"100 מ""ל",false,,7.90,0.0039,true,1,104686
7290019056829,false,קריסטל מוגז תפוזים 2 ליטר פיקדון,קריות זול,,קריסטל אורנג' 2 ליטר,,2000.00,100 גרם,false,,7.90,0.0039,true,1,104687
7290019056836,false,קריסטל מוגז תות 2 ליטר פיקדון,יפאורה תבורי,IL,קריסטל תות 2 ליטר,,2000.00,100 גרם,false,,7.90,0.0039,true,1,104696
7290019056850,false,ספרינג תה אפרסק דיאט 1.5 ליטר פיקדון,"יפאורה תבורי בע""מ",IL,ספרינג טי דיאט אפרסק,,1500.00,100 גרם,false,,9.90,0.0066,true,1,104707
7290019056973,false,מי עדן 1.5 ליטר שישייה פיקדון,מופק ממקור בזלתי עדן,IL,מי עדן שישייה 6*1.5,,9000.00,"100 מ""ל",false,,13.70,0.0015,true,1,104639
7290019153085,false,"שוופס ללא סוכר מוחיטו, 1.5 ליטר פקדון","יפאורה תבורי בע""מ",IL,שוופס מוחיטו ללא סוכ,,1500.00,100 גרם,false,,8.90,0.0059,true,1,105201
7290019153252,false,שוופס סודה תפוח 1.5 ליטר רביעייה פיקדון,"יפאורה תבורי בע""מ",IL,שוופס סודה תפוח מארז,,6000.00,100 גרם,false,,12.90,0.0021,true,1,106079
7290019153344,false,מיץ בטעם סנגרייה 1.5 ל' תפוזינה,"יפאורה תבורי בע""מ",IL,תפוזינה סנגרייה 1.5,,1500.00,"100 מ""ל",false,,9.90,0.0066,true,1,106279
7290019153375,false,מיץ בטעם מוחיטו 1.5 ל' תפוזינה,"יפאורה תבורי בע""מ",IL,תפוזינה מוחיטו 1.5 ל,,1500.00,100 גרם,false,,9.90,0.0066,true,1,106281
7290019153535,false,"רביעייה שוופס מוגז פירות למונייד ללא סוכר 330 ש""ח",יפאורה תבורי,IL,שוופס מוגז פירות למו,,1320.00,100 גרם,false,,15.90,0.0120,true,1,106923
7290019196280,false,ממרח טונה זוג פילטונ,,,ממרח טונה זוג פילטונ,,320.00,"100 מ""ל",false,,10.90,0.0341,true,1,108351
7290019204008,false,עוף טוב פסטרמה ארבעה פלפלים 350גרם,עיצובים 2020 (4.9),,עוף טוב פסטרמה ארבעה,,350.00,100 גרם,false,,24.90,0.0711,true,1,106928
7290019232179,false,תה ירוק נענע STAY WELL שקיקים 25 ויסוצקי,ויסוצקי,IL,תה ירוק נענע עם ויטמ,,25.00,יח',false,,26.90,1.0760,true,1,107575
7290019232186,false,תה ירוק לימונית לואיזהSTAY WELL 25 שקיקים ויסוצקי,ויסוצקי,IL,תה ירוק לימונית לואי,,25.00,יח',false,,26.90,1.0760,true,1,107579
7290019232353,false,תה ירוק סיני 50 שקיקים ויסוצקי,ויסוצקי,IL,תה ירוק סיני 50יח,,50.00,יח',false,,45.90,0.9180,true,1,107570
7290019232803,false,הולגריין ביסקוויט+קרם חלב ושוקולד חלב 300 גרם רבנות,"אולקר ביסקווי סנאי,",TR,הולגריין ביסקוויט עם,,300.00,100 גרם,false,,10.90,0.0363,true,1,107505
7290019232834,false,בייגלה מצופה קרם עוגיות ושוקולד 140 גרם פליפז - רבנות,אולקר מקבוצת פלאדיס,TR,בייגלה מצופה עוגיות,,140.00,"100 מ""ל",false,,9.90,0.0707,true,1,106282
7290019233015,false,רוטב שקשוקה תבשיל ירקות עם שמן זית כתית מעולה 420ג זיתא,זיתא,IT,זיתא רוטב לשקשוקה יר,,420.00,100 גרם,false,,14.90,0.0355,true,1,107511
7290019251101,false,קשים לשתיה מתכלה מני,,,קשים לשתיה מתכלה מני,יחידה,0.00,יחידה,false,,10.90,0.0000,true,1,107924
7290019297161,false,טורטיות ראפ מקמח תירס 540 ג' 12 יח',,TR,טורטיות ראפ מקמח תיר,,450.00,"100 מ""ל",false,,10.00,0.0222,true,1,84723
7290019297383,false,מעדן משמש ללא סוכר שקדיה 284 ג',,CN,מעדן משמש שקדיה 100%,,284.00,"100 מ""ל",false,,11.90,0.0419,true,1,54096
7290019297420,false,מעדן תות שדה 100% רכיבי פרי 284 גר' ללא תוספת סוכר,,CN,מעדן תות שדה שקדיה 1,,284.00,"100 מ""ל",false,,11.90,0.0419,true,1,54100
7290019297437,false,מעדן אוכמניות ללא סוכר שקדיה 284 ג',,CN,מעדן אוכמניות שקדיה,,284.00,"100 מ""ל",false,,11.90,0.0419,true,1,54101
7290019297451,false,מי ורדים שקדיה 500 מ,אף.סי תבליני בגליל ב,BE,"מי ורדים 500 מ""ל",,500.00,"100 מ""ל",false,,13.90,0.0278,true,1,101949
7290019297512,false,רוטב רימונים שקדיה 340 ג',דין שיווק,TR,רוטב רימונים שקדיה 3,,350.00,"100 מ""ל",false,,11.90,0.0340,true,1,52553
7290019297543,false,חמאת בוטנים שקדיה 51,דין שיווק,,חמאת בוטנים 510גרם,,510.00,"100 מ""ל",false,,10.90,0.0214,true,1,75396
7290019297628,false,שקד טבעי 150 גרם ששון הקולה שקית,דין שיווק,IL,שקד טבעי 150גרם,,150.00,"100 מ""ל",false,,17.90,0.1193,true,1,55829
7290019297635,false,שקדים קלויים ששון הק,"דין שיווק וקליה בע""מ",IL,שקדים קלויים 150גר,,150.00,100 גרם,false,,12.90,0.0860,true,1,77075
7290055090801,false,שוקולד לבן ללא סוכר 85 גר',כרמית תעשיות ממתקים,IL,שוקולד לבן ללא סוכר,,85.00,100 גרם,false,,6.90,0.0812,true,1,56749
7290100249598,false,"רוטב לבישול שום ודבש קנור 320ג' בד""צ",יוניליוור ישראל מזון,IL,רוטב לעוף שום ודבש ק,,320.00,"100 מ""ל",false,,14.90,0.0466,true,1,27723
7290100249659,false,רוטב לעוף צ'ילי ושום 320 ג' קנור,יוניליוור ישראל מזון,IL,רוטב לעוף צילי שום ק,,320.00,"100 מ""ל",false,,14.90,0.0466,true,1,27729
7290100412343,false,קוויק מגבונים לניקוי כללי בניחוח לימון 50 יח',,,קוויק מגבונים לניקוי,יחידה,0.00,יחידה,false,,8.90,0.0000,true,1,57946
7290100412459,false,קוויק לניקוי שירותים ואמבטיה - בריח לוונדר 50 יח,,,קוויק מגבונים לניקוי,יחידה,0.00,יחידה,false,,8.90,0.0000,true,1,57949
7290100412763,false,"תחליב רחצה ד""ר עור לבנדר 700 מ""ל","ד""ר עור DOCTOR OR",,"תחליב רחצה ד""ר עור ק",,700.00,"100 מ""ל",false,,15.90,0.0227,true,1,82252
7290100412831,false,תחליב רחצה אנטי אייג'ינג בניחוח וניל טרופי,"ד""ר עור DOCTOR OR",,"תחליב רחצה ד""ר עור א",,700.00,"100 מ""ל",false,,15.90,0.0227,true,1,82256
7290100413593,false,מגבונים גדולים XL לניקוי כללי בניחוח פרחי בר,קוויק,,קוויק מטליות XL בניח,יחידה,0.00,יחידה,false,,8.90,0.0000,true,1,75201
7290100658338,false,נוזל כלים אוקסי פלוס עם נוסחת החמצן הפעיל,הנסיך- מפעל לייצור ט,GR,פלמוליב נוזל לכלים א,,750.00,100 גרם,false,,11.90,0.0159,true,1,29263
7290100680650,false,מנה חמה נודלס-אטריות ירקות טעם תאילנדי אסם 76 ג',THAI PRESIDENT FOODS,TH,מנה חמה נודלס ירקות,,76.00,"100 מ""ל",false,,6.90,0.0908,true,1,24962
7290100680711,false,פירורית זהב אסם זהב 350ג',עינת תעשיות מזון,IL,פירורית זהב שקית אסם,,350.00,"100 מ""ל",false,,9.90,0.0283,true,1,24965
7290100680728,false,פירורית רגילה שקית 350 גרם,מיוצר עי קונדיטוריית,IL,פירורית אסם שקית 350,,350.00,100 גרם,false,,7.50,0.0214,true,1,24966
7290100681015,false,פודינג אינסטנט ריבת חלב 84 ג' אסם,מיוצר עי קונדיטוריית,IL,פודינג ריבת חלב אסם,,84.00,"100 מ""ל",false,,5.90,0.0702,true,1,24969
7290100681138,false,מארז אפרופו חטיף תירס 3 יחידות,"אסם השקעות בע""מ",IL,אפרופו מארז אסם 3*50,,150.00,100 גרם,false,,12.90,0.0860,true,1,24972
7290100683880,false,אבקה להכנת פירה 260 ג' אסם,"אסם השקעות בע""מ",IL,תערובת להכנת פירה אס,,260.00,"100 מ""ל",false,,15.50,0.0596,true,1,25000
7290100685068,false,פודינג וניל עם פצפוצי שוקולד 110 ג' אסם,אסם תעשיות,IL,אסם פודינג אינסטנס ו,,110.00,"100 מ""ל",false,,7.90,0.0718,true,1,25009
7290100685136,false,"מרק בטעם עוף 1 ק""ג אסם","אסם השקעות בע""מ",IL,*מבצע* אבקת מרק בטעם,,1000.00,יח',false,,12.00,0.0120,true,1,25010
7290100685334,false,אבקת מרק עוף אמיתי ר.טבעיים 400ג' אסם,"אסם השקעות בע""מ",IL,מרק עוף רכיבים טבעיי,,400.00,100 גרם,false,,26.90,0.0672,true,1,25013
7290100685341,false,מרק בטעם עוף זך רכיבים טבעיים 400 ג' אסם,"אסם השקעות בע""מ",IL,*מבצע* אסם מרק זך טע,,400.00,100 גרם,false,,15.90,0.0398,true,1,25014
7290100685563,false,פירורית זהב אסם מארז 200X2ג',קריות זול,IL,פירורית אסם זהב שקית,,400.00,"100 מ""ל",false,,10.90,0.0273,true,1,89182
7290100685600,false,פירורית זהב אסם זהב חיטה מלאה 200ג',עינת תעשיות מזון,IL,פירורית זהב חיטה מלא,,200.00,"100 מ""ל",false,,7.90,0.0395,true,1,25018
7290100686164,false,ביסלי ברביקיו מארז 6 יח' * 35 ג' אסם,מיוצר עי קונדיטוריית,IL,ביסלי ברביקיו מארז 6,,210.00,יח',false,,14.90,0.0710,true,1,25025
7290100686171,false,ביסלי גריל מארז 6 יח' * 35 ג' אסם,אסם תעשיות,IL,ביסלי גריל מארז 6 יח,,210.00,יח',false,,14.90,0.0710,true,1,25026
7290100687109,false,במבה במילוי קרם נוגט 60ג' אסם,"אסם השקעות בע""מ",IL,במבה במילוי נוגט אסם,,60.00,"100 מ""ל",false,,4.90,0.0817,true,1,25032
7290100689301,false,אבקת מרק עוף זך עדיף אסם 400 גר',"אסם השקעות בע""מ",IL,אסם עדיף זך טעם עוף,,400.00,יח',false,,15.90,0.0398,true,1,25050
7290100700006,false,"סוגת חיטה 1 ק""ג",,,חיטה סוגת 1קג,,1000.00,"100 מ""ל",false,,8.90,0.0089,true,1,41757
7290100700020,false,סוגת גריסי פנינה 500גרם,האי נאם סי או אל.טי.,IL,גריסי פנינה סוגת 500,,500.00,"100 מ""ל",false,,6.90,0.0138,true,1,31593
7290100700068,false,סוגת שעועית צבעונית 500גרם,,,שעועית צבעונית סוגת,,500.00,100 גרם,false,,10.90,0.0218,true,1,31594
7290100700075,false,פירורי לחם מוזהבים 200 ג' סוגת,"סוגת תעשיות בע""מ",IL,פירורי לחם מוזהבים ס,,200.00,"100 מ""ל",false,,4.90,0.0245,true,1,31595
7290100700266,false,פירורי לחם לבן סוגת 200ג',,,פירורי לחם לבן סוגת,,200.00,"100 מ""ל",false,,4.90,0.0245,true,1,44027
7290100700297,false,עדשים שחורות סוגת 500 ג',,,עדשים שחורות סוגת 50,,500.00,100 גרם,false,,8.90,0.0178,true,1,42957
7290100700310,false,"כוסמת 1ק""ג סוגת",,,כוסמת סוגת 1קג,,1000.00,"100 מ""ל",false,,15.90,0.0159,true,1,31598
7290100700327,false,"גריסי פנינה סוגת 1 ק""ג",,,גריסי פנינה סוגת 1קג,,1000.00,"100 מ""ל",false,,7.90,0.0079,true,1,50971
7290100700365,false,"שעועית אדומה 1 ק""ג סוגת",,,שעועית אדומה סוגת 1ק,,1000.00,"100 מ""ל",false,,18.90,0.0189,true,1,64941
7290100700372,false,"סוגת אורז בסמטי מלא 1 ק""ג",האי נאם סי או אל.טי.,IL,אורז בסמטי מלא סוגת,,1000.00,"100 מ""ל",false,,12.90,0.0129,true,1,31599
7290100700396,false,"סוגת אורז יסמין קלאסי 1 ק""ג",האי נאם סי או אל.טי.,IL,אורז יסמין קלאסי סוג,,1000.00,100 גרם,false,,12.90,0.0129,true,1,31601
7290100700419,false,"בורגול סוגת 1 ק""ג",,,בורגול סוגת 1קג,,1000.00,"100 מ""ל",false,,7.90,0.0079,true,1,64943
7290100700563,false,אורז מיקס קלאסי 1 ק',סוגת תעשיות,IL,אורז מיקס סוגת 1קג,,1000.00,"100 מ""ל",false,,15.50,0.0155,true,1,33758
7290100700587,false,סוגת בורגול 500 גרם,האי נאם סי או אל.טי.,IL,בורגול סוגת 500 גר,,500.00,"100 מ""ל",false,,6.90,0.0138,true,1,31604
7290100701140,false,"אורז ריזוטו 1 ק""ג סוגת","סוגת תעשיות בע""מ",IL,אורז ארבוריו סוגת 1ק,,1000.00,"100 מ""ל",false,,14.90,0.0149,true,1,31607
7290100701157,false,אורז להכנת סושי סוגת,Unknown,,אורז להכנת סושי סוגת,,1000.00,"100 מ""ל",false,,14.90,0.0149,true,1,41854
7290100701300,false,סוגת קינואה אדומה 500גרם,Unknown,,קינואה אדומה 500 גרם,,500.00,"100 מ""ל",false,,15.90,0.0318,true,1,50637
7290100701331,false,קמח רב תכליתי שטיבל קמח חיטה לבן בהיר,"שטיבל בע""מ - טחנות ק",IL,קמח רב תכליתי סוגת 1,,1000.00,"100 מ""ל",false,,7.90,0.0079,true,1,43273
7290100701348,false,"קמח שיפון מלא 1ק""ג סוגת",טחנות קמח שטיבל באר,IL,קמח שיפון מלא סוגת 1,,1000.00,100 גרם,false,,7.90,0.0079,true,1,75451
7290100701454,false,גרישה - בורגול דק,"סוגת תעשיות בע""מ",IL,גרישה סוגת 500גר,,500.00,"100 מ""ל",false,,6.90,0.0138,true,1,31609
7290100701577,false,קמח לחם קמח חיטה לבן שטיבל,שטיבל טחנות קמח,IL,"קמח לחם 1 ק""ג סוגת",,1000.00,"100 מ""ל",false,,7.90,0.0079,true,1,75453
7290100701874,false,"קמח כוסמין 1 ק""ג סוגת",טחנות קמח שטיבל באר,IL,קמח כוסמין סוגת 1קג,,1000.00,"100 מ""ל",false,,15.90,0.0159,true,1,53218
7290100701881,false,קמח פיצה ופוקצ'ה- קמח חיטה לבן בהיר שטיבל,"שטיבל בע""מ - טחנת קמ",IL,קמח פיצה ופוקצה סוגת,,1000.00,"100 מ""ל",false,,7.90,0.0079,true,1,43277
7290100702260,false,קוסקוס דק סוגת 350 גר',סוגת,IL,קוסקוס דק סוגת 350 ג,,350.00,"100 מ""ל",false,,6.90,0.0197,true,1,46442
7290100702383,false,"קמח תופח סוגת 1 ק""ג",שטיבל טחנות קמח,IL,"קמח תופח 1 ק""ג סוגת",,1000.00,"100 מ""ל",false,,7.90,0.0079,true,1,46826
7290100702611,false,פתיתים אפויים אורז סוגת 500 ג',אסיף,,פתיתים אפויים אורז ס,,500.00,100 גרם,false,,6.90,0.0138,true,1,48402
7290100702628,false,פתיתים אפויים קוסקוס סוגת 500 ג',יושלם,,פתיתים אפויים קוסקוס,,500.00,100 גרם,false,,6.90,0.0138,true,1,48403
7290100702635,false,פתיתים אפויים כוכבים סוגת 500 ג',,,פתיתים אפויים כוכבים,,500.00,"100 מ""ל",false,,6.90,0.0138,true,1,48404
7290100702642,false,פתיתים אפויים טבעת 500 ג' סוגת,,,פתיתים אפויים טבעות,,500.00,"100 מ""ל",false,,6.90,0.0138,true,1,48405
7290100702666,false,פתיתים אפויים עם בצל 400 ג' סוגת,,,פתיתים אפויים עם בצל,,400.00,100 גרם,false,,6.90,0.0173,true,1,50640
7290100702673,false,פתיתים אפויים 3 צבעים 400 ג' סוגת,,,פתיתים אפויים 3 צבעי,,400.00,100 גרם,false,,6.90,0.0173,true,1,50641
7290100702741,false,"סוכר חום בהיר בצנצנת 1 ק""ג סוגת",סוגת,IL,סוכר חום קלאסי בקופס,,1000.00,"100 מ""ל",false,,12.90,0.0129,true,1,76785
7290100702987,false,פתיתי שיבולת שועל דק סוגת 500ג',סוגת תעשיות,,פתיתי שיבולת שועל סו,,500.00,"100 מ""ל",false,,5.90,0.0118,true,1,56472
7290100703007,false,עדשים שחורות בלוגה סוגת 500 גר',האי נאם סי או אל.טי.,IL,עדשים שחורות בלוגה ס,,500.00,"100 מ""ל",false,,8.90,0.0178,true,1,73424
7290100703533,false,קמח קסם תערובת קמח עם שמרים,"שטיבל בע""מ",IL,קמח קסם סוגת 1קג,,1000.00,100 גרם,false,,9.90,0.0099,true,1,75429
7290100703564,false,פתיתי שיבולת שועל עבה סוגת 500 ג',,,פתיתי שיבולת שועל עב,,500.00,100 גרם,false,,5.90,0.0118,true,1,73420
7290100703625,false,קמח חיטה לבן ללא צורך בניפוי,סוגת,,קמח חלה ללא צורך ניפ,,1000.00,"100 מ""ל",false,,8.90,0.0089,true,1,82743
7290100703632,false,קמח חיטה מלא ללא צורך בניפוי,סוגת,,קמח חיטה מלא ללא צור,,1000.00,100 גרם,false,,8.90,0.0089,true,1,82779
7290100703649,false,"קמח מלא 80% חיטה ללא ניפוי סוגת 1ק""ג",סוגת,,קמח חיטה 80% ללא צור,,1000.00,100 גרם,false,,8.90,0.0089,true,1,82744
7290100703670,false,"קמח כוסמין ללא ניפוי 1 ק""ג סוגת",Unknown,,קמח כוסמין מלא ללא צ,,1000.00,100 גרם,false,,13.90,0.0139,true,1,82746
7290100703687,false,"קמח חלה ללא ניפוי 1 ק""ג סוגת",סוגת,,קמח חלה ללא צורך ניפ,,1000.00,"100 מ""ל",false,,8.90,0.0089,true,1,82747
7290100703861,false,"קמח תערובת קסם לחלה 1 ק""ג סוגת",סוגת,IL,קמח תערובת קסם לחלה,,1000.00,"100 מ""ל",false,,9.90,0.0099,true,1,78318
7290100703922,false,פופקורן להכנה במיקרוגל בטעם טבעי - מארז 6 שקיות,סוגת,,פופקורן למיקרו מארז,,90.00,100 גרם,false,,10.90,0.1211,true,1,82074
7290100704493,false,"קמח שמרים פיצה ללא ניפוי סוגת 1 ק""ג","שטיבל בע""מ - טחנת קמ",IL,קמח שמרים לפיצה ללא,,1000.00,100 גרם,false,,9.90,0.0099,true,1,100901
7290100704530,false,סוגת קמח כוסמין לבן ללא צורך בניפוי 1 קג,טחנות קמח שטיבל באר,IL,קמח כוסמין לבן ללא צ,,1000.00,100 גרם,false,,15.90,0.0159,true,1,102696
7290100850909,false,דוריטוס בטעם נאצ'ו מקסיקני,שטראוס פריטו ליי בע,IL,דוריטוס נאצו מקסיקני,,70.00,"100 מ""ל",false,,4.40,0.0629,true,1,28173
7290100850916,false,דוריטוס בטעם חמוץ חריף,"שטראוס פריטו ליי בע""",IL,דוריטוס חמוץ חריף 70,,70.00,"100 מ""ל",false,,4.40,0.0629,true,1,28174
7290100850923,false,דוריטוס גריל 70 גרם,שטראוס פריטו ליי בע,IL,דוריטוס גריל 70גר,,70.00,"100 מ""ל",false,,4.40,0.0629,true,1,28175
7290100850930,false,דוריטוס דיפ טבעי 70ג,שטראוס פריטו ליי בע,IL,דוריטוס דיפ טבעי 70ג,,70.00,"100 מ""ל",false,,4.40,0.0629,true,1,28176
7290100858592,false,אבקת קקאו עלית שקית 150 ג',הנסיך- מפעל לייצור ט,IL,קקאו עלית 150גר,,150.00,"100 מ""ל",false,,10.90,0.0727,true,1,33803
7290100924457,false,כדוריות סבון נתלה לאסלה לימון רענן - 3 יח',הנקל סוד,HU,כדוריות סוד סבון לאס,,0.00,,false,,16.90,0.0000,true,1,103198
7290100924464,false,כדוריות סבון נתלה לאסלה עם אקונומיקה - 3 יח',הנקל סוד,HU,כדוריות סוד סבון לאס,,0.00,,false,,16.90,0.0000,true,1,103199
7290100925751,false,"סוד נוזל כלים תפוח 650 מ""ל",סוד,,סוד נוזל לכלים תפוח,,650.00,"100 מ""ל",false,,6.90,0.0106,true,1,72453
7290101112921,false,גלידל פרי קרחון מופחת קלוריות פירות טרופיים - 8 יח',הגלידות של פלדמן,IL,גלידל פרי מאגדת בטעם,,8.00,יח',false,,22.90,2.8625,true,1,101651
7290101113157,false,גלידל וניל עוגיות מאגדת שישייה 312 ג',הגלידות של פלדמן,IL,גלידל חלבי מאגדת בטע,,6.00,100 מ'ל,false,,25.90,4.3167,true,1,101659
7290101450900,false,נרות ג'מבו כוכבים ממ,Unknown,,נרות ג'מבו כוכבים ממ,יחידה,0.00,יחידה,false,,7.90,0.0000,true,1,29471
7290101451105,false,נרות מטה כוכבים ממות,,,נרות מטה כוכבים ממות,יחידה,0.00,יחידה,false,,5.90,0.0000,true,1,29474
7290101486688,false,פרי חטיפי בריאות מארז 5 דגנים עם שוקולד,טבעית מוצרים מן הטבע,IL,פרי חטיף דגנים עם שו,,100.00,"100 מ""ל",false,,18.90,0.1890,true,1,29288
7290101551027,false,קפסולות קפה אספרסו חזק במיוחד 14 עלית 10 יח',הנסיך- מפעל לייצור ט,IL,קפסולות מס'14,,50.00,"100 מ""ל",false,,18.90,0.3780,true,1,83247
7290101551263,false,סילאן טבעי ללא תוספת סוכר,"פוליבה בע""מ",IL,סילאן טבעי יד מרדכי,,700.00,"100 מ""ל",false,,25.90,0.0370,true,1,82189
7290101551300,false,סילאן טבעי ללא תוספת סוכר בקבוק לחיץ,"פוליבה בע""מ",IL,סילאן טבעי לחיץ יד מ,,380.00,"100 מ""ל",false,,17.90,0.0471,true,1,82190
7290101551539,false,יוגורט PRO בטעם אפרסק 0% 20 גרם חלבון בגביע,דנונה - שטראוס,IL,דנונה פרו אפרסק 20 ג,,200.00,"100 מ""ל",false,,6.80,0.0340,true,1,82318
7290101551584,false,תפוצ'יפס קידס מארז 10 יח' * 20 ג',"שטראוס פריטו ליי בע""",IL,תפוציפס קידס מארז 10,,200.00,"100 מ""ל",false,,14.50,0.0725,true,1,82857
7290101551614,false,חטיף צ'יטוס קראנץ בטעם גבינה - מארז 8 יח',הנסיך- מפעל לייצור ט,IL,ציטוס קראנץ גבינה מא,,240.00,"100 מ""ל",false,,14.50,0.0604,true,1,82859
7290101551638,false,חטיף צ'יטוס כאפה בטעם קטשופ - מארז 10 יח',"שטראוס פריטו ליי בע""",IL,ציטוס כאפה אפוי מארז,,200.00,"100 מ""ל",false,,14.50,0.0725,true,1,82498
7290101551645,false,צ'יטוס איקס עיגול עלית מארז 10 יח' *20ג',הנסיך- מפעל לייצור ט,IL,ציטוס איקס עיגול מאר,,200.00,"100 מ""ל",false,,14.50,0.0725,true,1,82855
7290101821151,false,דבק מגע,,,דבק מגע,יחידה,0.00,יחידה,false,,4.90,0.0000,true,1,84594
7290101863410,false,"סיליט ניקוי עוצמתי מכיל אקונומיקה 750 מ""ל",סיליט באנג Cillit Bang,PL,ספריי מכיל אקונומיקה,,750.00,100 גרם,false,,12.90,0.0172,true,1,36169
7290101864127,false,"ספריי להסרת כתמים 750 מ""ל וניש קליה",קליה וניש Kalia Vanish,IL,קליה אוקסי ספריי 750,,750.00,100 גרם,false,,23.90,0.0319,true,1,36178
7290101865261,false,"פיניש נוזל הברקה 800 מ""ל",רקיט בנקיזר,PL,פיניש נוזל הברקה 800,,800.00,"100 מ""ל",false,,19.90,0.0249,true,1,36200
7290101866633,false,ווניש קליה ג`ל להסרת כתמים 3 ל',קליה וניש Kalia Vanish,IL,קליה גל ורוד 3ליטר,,3000.00,"100 מ""ל",false,,29.90,0.0100,true,1,42205
7290101866787,false,מסיר כתמים ומלבין לכביסה לבנה 3 ל וניש קליה,קליה וניש Kalia Vanish,PL,קליה גל לבן 3ליטר,,3000.00,100 גרם,false,,29.90,0.0100,true,1,43543
7290101868958,false,"פיניש נוזל הברקה למדיח בניחוח לימון 800 מ""ל",רקיט בנקיזר,PL,פיניש נוזל הברקה למד,,800.00,100 גרם,false,,19.90,0.0249,true,1,52393
7290101869733,false,ג'ל למדיח פיניש לימון,רקיט בנקיזר,PL,פיניש ג'ל למדיח לימו,,1000.00,"100 מ""ל",false,,45.90,0.0459,true,1,54025
7290101869788,false,מילוי למכשיר ספריי אוטומטי אואזיס,איירוויק Air Wick,GB,איירוויק מילוי מבשם,,250.00,"100 מ""ל",false,,19.90,0.0796,true,1,74326
7290101869832,false,מילוי למכשיר מבשם אויר חשמלי חלום ליל קיץ,איירוויק Air Wick,PL,איירוויק מילוי מבשם,,19.00,100 גרם,false,,17.90,0.9421,true,1,74332
7290102030330,false,תפוצ'יפס קראנצ' בטעם מקסיקני,"שטראוס פריטו ליי בע""",IL,תפוציפס קראנץ מקסיקנ,,200.00,"100 מ""ל",false,,12.30,0.0615,true,1,28186
7290102031276,false,מארז 8 יחידות אקטימל משקה יוגורט בטעם תות בננה,מיוצר עי קונדיטוריית,IL,אקטימל תות בננה 8*10,,800.00,"100 מ""ל",false,,21.90,0.0274,true,1,33835
7290102032334,false,אבקה להכנת משקה קפה בטעם וניל,STRAUSS-ISRAEL,IL,קפה נמס עלית בטעם ונ,,200.00,"100 מ""ל",false,,28.90,0.1445,true,1,33842
7290102060764,false,מארז זוג מברשות שיניים מרידול,יבואן ומשווק: ש. שסט,CH,מברשות שיניים מרידול,יחידה,0.00,יחידה,false,,29.90,0.0000,true,1,107902
7290102300822,false,גבינת צ'דר אנגלי כתום 35%,דאולי צ'יסמייקרס,GB,גבינה צידר אנגלית כת,,200.00,100 גרם,false,,21.90,0.1095,true,1,108218
7290102390427,false,יוגורט ביו עם קציפת תות 3% שומן 150 ג' מולר,מולר Muller,IL,מולר פרופ תות 3% 150,,150.00,100 גרם,false,,5.50,0.0367,true,1,28543
7290102390465,false,יוגורט ביו עם קציפת אפרסק ופסיפלורה 3% שומן 150 ג' מולר,מולר Muller,IL,מולר פרופ אפרסק פסיפ,,150.00,"100 מ""ל",false,,5.50,0.0367,true,1,28545
7290102391844,false,יוגורט ביו עם קציפת פירות יער3% שומן 150 ג' מולר,מולר Muller,IL,מולר פרופ לבן+קציפת,,150.00,"100 מ""ל",false,,5.50,0.0367,true,1,28572
7290102392094,false,חלב עיזים 4.1% צוריאל 1 ל' קרטון,מילקו תעשיות בעמ,IL,חלב עיזים צוריאל 1ל,,1000.00,100 גרם,false,,17.90,0.0179,true,1,28580
7290102393039,false,מולר מיקס יוגורט קרמי בתוספת פצפוצי שוקולד 170 ג',קריות זול,IL,מולר מיקס בתוספת פצפ,,150.00,"100 מ""ל",false,,6.40,0.0427,true,1,28634
7290102393060,false,מיקס יוגורט גליליות וופל קרם אגוזים 170 ג' מולר,קריות זול,IL,מולר מיקס גליליות 15,,150.00,"100 מ""ל",false,,6.40,0.0427,true,1,28635
7290102393176,false,סימפלי פרוט יוגורט אפרסק 3% שומן 150 ג' מולר,מילקו תעשיות בעמ,IL,מולר סימפלי פרוט אפר,,150.00,"100 מ""ל",false,,5.50,0.0367,true,1,28645
7290102393190,false,סימפלי פרוט פירות היער 3% שומן 150 ג' מולר,מילקו תעשיות בעמ,IL,מולר סימפלי פרוט פיר,,150.00,100 גרם,false,,5.50,0.0367,true,1,28647
7290102393299,false,יוגורט עיזים לשתייה 3% שומן 500 ג' צוריאל,מיוצר עי קוד יצרן HG,IL,יוגורט עיזים לשתייה,,500.00,100 גרם,false,,14.50,0.0290,true,1,28652
7290102394081,false,מולר מיקס יוגורט קרמי עם קורנפלקס מצופה שוקולד,מילקו תעשייה בעמ,IL,מולר מיקס קורנפקלס מ,יחידה,0.00,יחידה,false,,6.40,0.0000,true,1,28689
7290102394258,false,גבינת מה עז 9% שומן צוריאל 180 ג',מחלבת משק צוריאל,IL,מה עז גבינת עיזים 9%,,180.00,"100 מ""ל",false,,25.50,0.1417,true,1,42200
7290102394463,false,נעם גבינה צהובה וואקום 28% 500גרם,Unknown,IL,גבינה צהובה נעם ואקו,,500.00,100 גרם,false,,29.90,0.0598,true,1,48135
7290102394821,false,נעם גבינה צהובה דק דק פ.ח 28% 200גר,מילקו תעשיות בעמ,IL,גבינה צהובה נעם 28%,,200.00,"100 מ""ל",false,,17.90,0.0895,true,1,44689
7290102394845,false,פרוסות גבינת נעם מופחתת שומן 9%,מילקו תעשיות בעמ,IL,גבינה צהובה נעם דק ד,,200.00,"100 מ""ל",false,,18.90,0.0945,true,1,44690
7290102395101,false,גבינה עם ממרח שוקולד 200ג' טרה,מילקו תעשיות בעמ,IL,ממרח על בסיס גבינה ש,,200.00,"100 מ""ל",false,,12.90,0.0645,true,1,50094
7290102395231,false,מולר נטורל 2.8% ביאנקו מאגדת 8 יח' * 150 ג',מולר Muller,IL,יוגורט מולר ביו לבן,,1200.00,"100 מ""ל",false,,19.50,0.0163,true,1,46847
7290102395262,false,מארז 8 גביעים יוגורט בטעם תות שדה ואפרסק 3% Simply Fruit,מולר Muller,IL,מולר סימפלי פרוט מאג,יחידה,0.00,יחידה,false,,31.90,0.0000,true,1,47307
7290102395378,false,גבינה צהובה נועם 28% וואקום פרוס 360ג',טרה,IL,גבינה צהובה פרוסה וא,,360.00,100 גרם,false,,22.90,0.0636,true,1,48136
7290102395439,false,מארז 8 גביעים יוגורט בטעם פירות יער וקיווי 3% Simply Fruit,מילקו תעשיות בעמ,IL,מולר סימפלי פרוט מאג,,1200.00,100 גרם,false,,31.90,0.0266,true,1,48891
7290102395446,false,מעדן חלב בטעם וניל עם קצפת 123 ג' טרה,טרה,IL,מוו וניל קצפת 123גר,,123.00,"100 מ""ל",false,,3.20,0.0260,true,1,46911
7290102395477,false,מעדן חלב בטעם שוקולד עם קצפת 123 ג' טרה,Unknown,IL,מוו שוקולד קצפת 123ג,,123.00,"100 מ""ל",false,,3.20,0.0260,true,1,46914
7290102396399,false,מארז 8 יחידות מעדן חלב בטעם שוקולד 1.5%,טרה,IL,מוו מעדן שוקולד מארז,,800.00,"100 מ""ל",false,,14.90,0.0186,true,1,52054
7290102396405,false,מארז 8 יחידות מעדן חלב בטעם וניל 1.5%,טרה,IL,מוו מעדן וניל מארז 8,,800.00,"100 מ""ל",false,,14.90,0.0186,true,1,52055
7290102396436,false,מעדן שוקולד 1.5% שומן 125 ג' טרה,טרה,IL,מוו מעדן חלב בטעם שו,,125.00,100 גרם,false,,3.20,0.0256,true,1,51807
7290102396443,false,מעדן וניל 1.5% שומן 125 ג' טרה,טרה,IL,מוו מעדן חלב בטעם ונ,,125.00,"100 מ""ל",false,,3.20,0.0256,true,1,51808
7290102396580,false,מעדן שוקולד ומוס שוקולד 123 ג' טרה,טרה,IL,מוו שוקולד ומוס שוקו,,118.00,100 גרם,false,,3.20,0.0271,true,1,52050
7290102396665,false,פרוסות גבינת נעם מופחתת שומן 15%,מילקו תעשיות בעמ,IL,גבינה צהובה נעם 15%,,200.00,100 גרם,false,,17.90,0.0895,true,1,55555
7290102397204,false,פרוסות גבינה 22% שומן 200 ג' נעם,מילקו תעשיות בעמ,IL,גבינה צהובה נעם 22%ד,,200.00,"100 מ""ל",false,,17.90,0.0895,true,1,55557
7290102397464,false,יוגורט ביו בתוספת גרעינים אגוזים וחמוציות 170 ג' מולר,מולר Muller,IL,מולר מיקס גרעינים פק,יחידה,0.00,יחידה,false,,6.40,0.0000,true,1,76523
7290102397600,false,מיקס יוגורט בתוספת שקדים ובוטנים מקורמלים 170 ג' מולר,מילקו תעשייה בעמ,IL,מולר מיקס+ שקדים ובו,,170.00,"100 מ""ל",false,,6.40,0.0376,true,1,57658
7290102397617,false,יוגורט ביו קרמי עם כדורים מצופים שוקולד חום לבן,מולר Muller,IL,מולר מיקס קליק 150גר,,150.00,"100 מ""ל",false,,6.40,0.0427,true,1,57659
7290102397730,false,פרוסות גבינה אמנטל חצי קשה 30% שומן 200 ג' נעם,Unknown,IL,גבינה אמנטל נעם 200ג,,200.00,"100 מ""ל",false,,18.90,0.0945,true,1,77877
7290102397747,false,פרוסות גבינת מוצרלה נעם מחלב בקר 22%,טרה,IL,*מבצע* גבינת מוצרלה,,200.00,"100 מ""ל",false,,14.90,0.0745,true,1,79889
7290102397891,false,גבינת מותכת 18% צוריאל 100ג',משק צוריאל,IL,גבינה מותכת צוריאל 1,,100.00,"100 מ""ל",false,,8.50,0.0850,true,1,76526
7290102398065,false,**חלב בקרטון 2 ליטר 3% מהדרין - טרה,Unknown,IL,חלב קרטון 2 ליטר 3%,,2000.00,"100 מ""ל",false,,12.46,0.0062,true,1,78001
7290102398560,false,שוקו מעושר בבקבוק 1ל' טרה,מילקו תעשיות בעמ,IL,שוקו טרה מועשר 1 ליט,,1000.00,"100 מ""ל",false,,12.90,0.0129,true,1,81675
7290102398799,false,משקה סויה במתיקות מופחתת 1 ליטר משק צוריאל,משק צוריאל,IT,משקה סויה במתיקות מו,,1000.00,100 ליטר,false,,11.90,0.0119,true,1,92877
7290102399796,false,מעדן יוגורט לבן מועשר בחלבון 200 ג' מולר אקטיב,מולר Muller,IL,מולר אקטיב 25 יוגורט,,200.00,"100 מ""ל",false,,5.90,0.0295,true,1,92884
7290102399802,false,יוגורט עם תות מולר אקטיב מועשר בחלבון 200 גר',מולר Muller,IL,מולר אקטיב יוגורט 20,,200.00,"100 מ""ל",false,,6.40,0.0320,true,1,92886
7290102601547,false,כפיות פרמיום שקוף/קרם/לבן/זהב א'ר 50 דנטס,,,כפיות פרמיום שקוף/קר,יחידה,0.00,יחידה,false,,9.90,0.0000,true,1,66595
7290103243340,false,מאפנס ממולא שוקולד 4,,,מאפנס ממולא שוקולד 4,,45.00,"100 מ""ל",false,,1.30,0.0289,true,1,99132
7290103404758,false,כרוב אדום במיונז אחל,מיוצר עי קונדיטוריית,IL,סלט כרוב אדום אחלה 1,,200.00,"100 מ""ל",false,,5.70,0.0285,true,1,34012
7290103408206,false,עלי חסה ערבית שטופים,שטראוס בריאות ירקות,IL,עלי חסה ערבית שטופים,,250.00,100 גרם,false,,11.50,0.0460,true,1,34086
7290103681180,false,"יין תבור הר מרלו 750 מ""ל",מיוצר על ידי יקב תבו,IL,יין תבור אדום מרלו 7,,750.00,"100 מ""ל",false,,39.90,0.0532,true,1,83721
7290103700195,false,רדיד אלומיניום טאצ ק,"שניב תעשיות נייר בע""",,רדיד אלומיניום צר 30,,2.00,"100 מ""ל",false,,9.90,4.9500,true,1,46550
7290103700225,false,רדיד אלומיניום טאצ א,שניב תעשיות,,שאפו רדיד אלומיניום,יחידה,0.00,יחידה,false,,12.90,0.0000,true,1,46551
7290103700324,false,שאפו זוג שקיות אוכל מתכלות בקרטון 300יח',,,טאצ זוג שקיות אוכל ב,יחידה,0.00,יחידה,false,,9.90,0.0000,true,1,68321
7290103700331,false,שאפו שקית אוכל רב תכ,,,שאפו שקית אוכל רב תכ,יחידה,0.00,יחידה,false,,10.90,0.0000,true,1,46554
7290103700379,false,כריות קרצוף טאצ' 3 יח',"שניב תעשיות נייר בע""",,טאצ' כריות קרצוף 3יח,,3.00,יח',false,,8.90,2.9667,true,1,46545
7290103700386,false,כריות יפניות טאצ' מארז 6יח',"שניב תעשיות נייר בע""",,טאצ' כריות קרצוף 6יח,יחידה,0.00,יחידה,false,,8.90,0.0000,true,1,46546
7290103700393,false,טאצ' כריות יפניות עבות עם תעלות 4 יח',"שניב תעשיות נייר בע""",,טאצ' כריות יפניות עב,,4.00,יח',false,,8.90,2.2250,true,1,46547
7290103701017,false,נייר אפייה נשלף טאצ 50 יחידות כשלפ,"שניב תעשיות נייר בע""",,טאצ' נייר אפייה 50 י,יחידה,0.00,יחידה,false,,9.90,0.0000,true,1,50974
7290103701031,false,טאצ כוס קרטון 4 אוז,"שניב תעשיות נייר בע""",,טאצ כוס קרטון 4 אוז,יחידה,0.00,יחידה,false,,6.90,0.0000,true,1,104983
7290103701093,false,טאצ' מטליות מיקרופייבר לרצפה 2 יח',"שניב תעשיות נייר בע""",,טאצ מטליות מיקרופייב,,7.00,יח',false,,10.90,1.5571,true,1,55482
7290103701130,false,טאצ' מטליות מיקרופייבר לניקוי כללי 7 יח',,,טאצ מטליות מיקרופייב,,7.00,יח',false,,10.90,1.5571,true,1,55483
7290103701147,false,רדיד אלומיניום טאצ 6,שניב תעשיות,,רדיד אלומיניום 200 פ,יחידה,0.00,יחידה,false,,25.90,0.0000,true,1,55484
7290103701178,false,ספוג הפלא טאצ בלוק,שניב תעשיות,,טאצ`ספוג הפלא,יחידה,0.00,יחידה,false,,4.90,0.0000,true,1,74091
7290103702212,false,ממחטות טישיו כיס טאצ,"שניב תעשיות נייר בע""",,טאצ ממחטות כיס,יחידה,0.00,יחידה,false,,6.90,0.0000,true,1,57965
7290103702229,false,מפות שולחן עבות במיו,"שניב תעשיות נייר בע""",,טאצ מפות עבות במיוחד,,8.00,100 מ'ל,false,,6.90,0.8625,true,1,74092
7290103702236,false,מפות שולחן עבות במיו,"שניב תעשיות נייר בע""",,טאצ מפות עבות במיוחד,,6.00,יח',false,,6.90,1.1500,true,1,74093
7290103702298,false,טאצ' אשפתון עבה בגליל 77*90 50 יח',"שניב תעשיות נייר בע""",,טאצ אשפתון עבה 50יח',,50.00,יח',false,,15.90,0.3180,true,1,75324
7290103702304,false,טאצ' אשפתון עבה במיוחד 35 יח',"שניב תעשיות נייר בע""",,טאצ אשפתון בגליל 35,,35.00,יח',false,,15.90,0.4543,true,1,74094
7290103702328,false,שקיות אשפה עבות במיו,"שניב תעשיות נייר בע""",,טאצ אשפתון בגליל 25,,25.00,יח',false,,15.90,0.6360,true,1,74095
7290103702649,false,מארז חמישייה מגבוני טישו דו שכבתי,שניב,IL,ממחטות חמישיה עדן,יחידה,0.00,יחידה,false,,10.90,0.0000,true,1,82151
7290103702724,false,"טאצ' שקיות אשפה 52*65 ס""מ עם שרוך 60 יח'",,,טאצ שקיות אשפה 52*65,,60.00,יח',false,,15.90,0.2650,true,1,74096
7290103703080,false,טאצ זוג שקיות אשפה ע,,,טאצ זוג שקיות אשפה ע,יחידה,0.00,יחידה,false,,15.90,0.0000,true,1,74097
7290103703219,false,דלי מטליות לחות לניקוי כללי בניחוח לימון טאצ',,,טאצ' מטליות לחות לני,,400.00,יח',false,,19.90,0.0497,true,1,84258
7290103703226,false,מטליות לחות לניקוי כ,,,טאצ מטליות לחות לניק,,50.00,יח',false,,9.90,0.1980,true,1,82446
7290103703370,false,טאצ מגבוני טואלט לחים מארז שלישיה,,,טאצ מגבוני טואלט לחי,יחידה,0.00,יחידה,false,,14.90,0.0000,true,1,82024
7290103703684,false,נייר טאולט לובלי 30,Unknown,,לאבלי נייר טואלט 30,יחידה,0.00,יחידה,false,,29.90,0.0000,true,1,83808
7290103703905,false,ממחטות נייר טישו טוט,Unknown,,ממחטות נייר טישו טוט,יחידה,0.00,יחידה,false,,10.90,0.0000,true,1,98762
7290103704155,false,נייר מגבת טאצ' 6 גלילים מהדורת 2021,"שניב תעשיות נייר בע""",IL,מגבות טאצ 6 מהדורת 2,יחידה,0.00,יחידה,false,,11.90,0.0000,true,1,107853
7290104061417,false,חומוס טחינה אחלה 400 ג',"שטראוס גרופ בע""מ",IL,חומוס טחינה אחלה קלא,,400.00,100 גרם,false,,10.90,0.0273,true,1,34132
7290104061424,false,חומוס אחלה עם זעתר 400 ג',מיוצר עי קונדיטוריית,IL,חומוס זעתר אחלה קלאס,,400.00,100 גרם,false,,10.90,0.0273,true,1,34133
7290104061431,false,חומוס אחלה עם צנובר 400 ג',"שטראוס גרופ בע""מ",IL,חומוס צנובר אחלה קלא,,400.00,100 גרם,false,,10.90,0.0273,true,1,34134
7290104061448,false,חומוס עם חריף 400 ג' אחלה,מיוצר עי קונדיטוריית,IL,חומוס חריף אחלה קלאס,,400.00,100 גרם,false,,10.90,0.0273,true,1,34135
7290104062599,false,מארז 8 יחידות מעדן גמדים בטעמי תות ובננה,STRAUSS-ISRAEL,IL,גמדים תות בננה 8*100,,800.00,100 גרם,false,,20.90,0.0261,true,1,34147
7290104065187,false,אבקה להכנת משקה קפה בטעם מוקה,STRAUSS-ISRAEL,IL,קפה נמס בטעם מוקה על,,200.00,100 גרם,false,,21.90,0.1095,true,1,34194
7290104065934,false,שטראוס עלי רוקט 150ג,שטראוס בריאות ירקות,IL,שטראוס עלי רוקט 150ג,,150.00,"100 מ""ל",false,,11.50,0.0767,true,1,34206
7290104066566,false,טחינה משומשום מלא אח,מיוצר עי קונדיטוריית,IL,טחינה משומשום מלא אח,,400.00,"100 מ""ל",false,,16.90,0.0422,true,1,34221
7290104068539,false,גומי מאסט בטעם מלון ואבטיח 28 ג' עלית,"שטראוס גרופ בע""מ",IL,מסטיק מאסט מלון ואבט,,28.00,"100 מ""ל",false,,5.00,0.1786,true,1,34262
7290104500572,false,אפרופו חטיף איטליאנו 50 ג' אסם,מיוצר עי קונדיטוריית,IL,אפרופו חטיף איטליאנו,,50.00,"100 מ""ל",false,,5.30,0.1060,true,1,25071
7290104501661,false,אינסטנט פודינג בטעם וניל צרפתי,מיוצר עי קונדיטוריית,IL,אסם פודינג בטעם וניל,,80.00,100 גרם,false,,5.90,0.0738,true,1,25075
7290104503184,false,עוגת הבית שבת בראוניס שוק' ריבת חלב 380ג',מיוצר עי קונדיטוריית,IL,עוגת הבית בראוניס שו,,380.00,"100 מ""ל",false,,18.50,0.0487,true,1,43065
7290104504228,false,מארז אריזות מיני חטיף דובונים - 5 יח',"אסם השקעות בע""מ",IL,דובונים מולטיפק אסם,,100.00,100 גרם,false,,13.90,0.1390,true,1,42504
7290104508943,false,במבה אריזת חסכון 200 גרם,"אסם השקעות בע""מ",IL,במבה אסם 200 גרם,,200.00,יח',false,,9.90,0.0495,true,1,101773
7290104720499,false,מארז 8 יחידות מעדן דני בטעם וניל 1.5%,מיוצר עי קונדיטוריית,IL,דני וניל מארז 8*125ג,,1000.00,"100 מ""ל",false,,17.90,0.0179,true,1,34274
7290104721533,false,רצועות פלפלים קלויים אחלה 400 ג',מיוצר עי קונדיטוריית,IL,פלפלים קלויים אחלה ט,,400.00,"100 מ""ל",false,,16.90,0.0422,true,1,34287
7290104721762,false,קפה טורקי עלית מארז 85X3ג',,,קפה טורקי עלית מארז,,255.00,יח',false,,17.90,0.0702,true,1,34293
7290104721953,false,לקט סלט מסולסלים 7 סוגי עלים,שטראוס בריאות ירקות,IL,לקט מסולסלים ירקות ש,,350.00,"100 מ""ל",false,,13.90,0.0397,true,1,34295
7290104722530,false,תפוצ'יפס בטעם שמנת ובצל,"שטראוס פריטו ליי בע""",IL,תפוציפס שמנת בצל 200,,200.00,"100 מ""ל",false,,12.30,0.0615,true,1,28223
7290104726262,false,מארז 4 יחידות דני לשתייה בטעם שוקולד + קשים,מיוצר עי קונדיטוריית,IL,דני תות לשתיה מארז ר,יחידה,500.00,יחידה,false,,12.50,0.0250,true,1,34348
7290104726712,false,מארז 8 יחידות מעדן מילקי בטעם שוקולד עם קצפת,"שטראוס גרופ בע""מ",IL,מילקי שמינייה מארז 8,,1064.00,"100 מ""ל",false,,22.90,0.0215,true,1,43968
7290104728310,false,"שמנת עמידה לקצפת 38% שומן 250 מ""ל יוטבתה",מחלבת יטבתה,IL,שמנת עמידה לקצפת 38%,,250.00,"100 מ""ל",false,,6.47,0.0259,true,1,34378
7290104960239,false,"תחליב רחצה נקה 7 ארומה לבן 750 מ""ל",טרופיקל דגיל תעשיות,IL,נקה 7 תחליב רחצה ארו,,750.00,"100 מ""ל",false,,12.90,0.0172,true,1,32793
7290104960338,false,"נקה 7 תחליב רחצה ארומה אלוורה ותה ירוק 750מ""ל",אמיליה קוסמטיקס,IL,נקה 7 תחליב רחצה ארו,,750.00,100 גרם,false,,12.90,0.0172,true,1,42100
7290104960352,false,"נקה 7 תחליב רחצה ארומה שקד וניל 750מ""ל",אמיליה קוסמטיקס,IL,נקה 7 תחליב רחצה ארו,,750.00,100 גרם,false,,12.90,0.0172,true,1,42102
7290104960970,false,דאודורנט ספריי טיטניום מטאל Titanium Metal,אמיליה קוסמטיקס בעמ,IL,טיטניום דאו ספריי מט,,180.00,100 גרם,false,,17.90,0.0994,true,1,43598
7290104961205,false,"נקה 7 תחליב רחצה מגע קטיפה מ""לפפון קיווי 750 מ""ל",טרופיקל דגיל תעשיות,IL,נקה 7 תחליב רחצה מגע,,750.00,100 גרם,false,,12.90,0.0172,true,1,44422
7290104961243,false,"נקה 7 תחליב רחצה מגע קטיפה קוקוס ליים 750 מ""ל",ג'נרל מילס סאן אדריא,IL,נקה 7 תחליב רחצה מגע,,750.00,100 גרם,false,,10.90,0.0145,true,1,44424
7290104961250,false,"נקה 7 תחליב רחצה מגע קטיפה וניל מאסק 750 מ""ל",טרופיקל דגיל תעשיות,IL,נקה 7 תחליב רחצה מגע,,750.00,100 גרם,false,,12.90,0.0172,true,1,44425
7290104961526,false,דאודורנט ספריי גוף טיטניום קלאסיק Titanium Classic,אמיליה קוסמטיקס,IL,טיטניום דאודורנט ספר,,150.00,"100 מ""ל",false,,11.90,0.0793,true,1,45405
7290104961540,false,דאודורנט ספריי גוף טיטניום מטאל Titanium Metal,אמיליה קוסמטיקס,IL,טיטניום דאודורנט ספר,,150.00,100 גרם,false,,11.90,0.0793,true,1,45407
7290104961878,false,"שמפו לשיער קרטין אינטנס פורמולה 400 מ""ל נטורל",נטורל פורמולה Natural Formula,IL,שמפו קרטין אינטנס נט,,400.00,100 גרם,false,,31.90,0.0797,true,1,54779
7290104961892,false,מסכת קרטין טהור לשיער שעבר החלקה או עיצוב בחום,נטורל פורמולה Natural Formula,IL,מסיכה לשיער נטורל פו,,350.00,"100 מ""ל",false,,39.90,0.1140,true,1,97486
7290104962684,false,"קרליין - נושם דאודורנט רול און לאישה ללא אלומיניום 75 מ""ל",אמיליה קוסמטיקס,IL,קרליין דאו רול און נ,,75.00,100 גרם,false,,13.90,0.1853,true,1,98451
7290104963223,false,סופטקר - אל סבון עדין לתינוק לעור רגיש 1 ליטר,סופטקר Softcare,,אל סבון קלאסי לתינוק,,1000.00,"100 מ""ל",false,,15.90,0.0159,true,1,57752
7290104963650,false,סופטקר - שמפו אל דמע 1 ליטר,סופטקר Softcare,,סופטקר שמפו אל דמע 1,,1000.00,100 גרם,false,,15.90,0.0159,true,1,57753
7290104963667,false,סופטקר 2 ב1 אלסבון ושמפו אלדמע 1ל',קוסמופארם בע''מ,IL,סופטקר אל סבון ושמפו,,1000.00,100 גרם,false,,15.90,0.0159,true,1,57754
7290105360250,false,קפסולות 09 עשיר וארומטי למכונת נספרסו עלית 10יח',הנסיך- מפעל לייצור ט,IL,קפסולות מס9 עשיר ואר,יחידה,0.00,יחידה,false,,18.90,0.0000,true,1,46859
7290105360328,false,קפסולות אספרסו חזק למכונות נספרסו 10 יח',הנסיך- מפעל לייצור ט,IL,קפסולות מס'10 חזק וע,יחידה,0.00,יחידה,false,,18.90,0.0000,true,1,46860
7290105360335,false,קפסולות קפה אספרסו עדין וקטיפתי,הנסיך- מפעל לייצור ט,IL,קפסולות מס7 עדין וקט,יחידה,0.00,יחידה,false,,18.90,0.0000,true,1,46861
7290105362339,false,"שמנת לבישול 15% 250 מ""ל יטבתה מהדרין",מחלבת יטבתה,IL,שמנת לבישול 15% יטבת,,250.00,100 גרם,false,,8.90,0.0356,true,1,44797
7290105363602,false,כיף כף - מקלות קלאסי 40 גרם,"איי, בי, אינבוו",TR,כיף כף מקלות קלאסי 4,,40.00,"100 מ""ל",false,,6.30,0.1575,true,1,46681
7290105364289,false,כיף כף - מקלות פצפוצים 40 גרם,"איי, בי, אינבוו",TR,כיף כף מקלות פצפוצים,,40.00,"100 מ""ל",false,,6.30,0.1575,true,1,46682
7290105364302,false,"עלית חטיף שוקולד כיף כף מקלות אגוזים, 40 גרם","איי, בי, אינבוו",TR,כיף כף מקלות אגוזים,,40.00,"100 מ""ל",false,,6.30,0.1575,true,1,46683
7290105364678,false,משקה אקטיביה בטעם אפרסק 1.3% שומן 265 ג' דנונה,מיוצר עי קונדיטוריית,IL,אקטיביה משקה בטעם אפ,,250.00,100 גרם,false,,5.70,0.0228,true,1,41777
7290105366023,false,חציל אחלה בטעם כבד 400 גר' אחלה,מיוצר עי קונדיטוריית,IL,חציל טעם כבד אחלה טע,,400.00,"100 מ""ל",false,,16.90,0.0422,true,1,42621
7290105366047,false,טחינה אחלה לבנה 400 גר',מיוצר עי קונדיטוריית,IL,טחינה לבנה אחלה טעמי,,400.00,"100 מ""ל",false,,16.90,0.0422,true,1,43054
7290105366993,false,סימפוניה גבינה במרקם שמנת פלפל שיפקה חריף 5%,"שטראוס בריאות בע""מ",IL,סימפוניה פלפל שיפקה,,200.00,"100 מ""ל",false,,11.90,0.0595,true,1,50010
7290105368225,false,חומוס עם פלפל שיפקה אחלה 400 ג',מיוצר עי קונדיטוריית,IL,חומוס עם פלפל שיפקה,,400.00,100 גרם,false,,10.90,0.0273,true,1,45657
7290105368331,false,מעדן מילקי בטעם תות עם קצפת,מחלבת אחיהוד,IL,מילקי תות,,170.00,100 גרם,false,,3.00,0.0176,true,1,45355
7290105368904,false,"שמנת מתוקה להקצפה 32% שומן 250 מ""ל יוטבתה",מחלבת יטבתה,IL,שמנת מתוקה להקצפה 32,,500.00,"100 מ""ל",false,,8.30,0.0166,true,1,46145
7290105368928,false,"שמנת 9% שומן 200 מ""ל יוטבתה",מחלבת יטבתה,IL,שמנת 9% יטבתה 200מל,,200.00,100 גרם,false,,3.60,0.0180,true,1,44840
7290105369130,false,סימפוניה גבינה במרקם שמנת בצל ירוק 5%,"שטראוס בריאות בע""מ",IL,סימפוניה בצל ירוק 5%,,200.00,"100 מ""ל",false,,11.90,0.0595,true,1,47299
7290105439499,false,מיונז הולנדי 481 ג' מאסטר שף,רמיה סי.וי. הולנד,NL,מיונז מאסטר שף 480 ג,,480.00,"100 מ""ל",false,,11.90,0.0248,true,1,56862
7290105474124,false,מזון לכלב בוגר בשר ב,,,בונזו בשר 12קג,קילוגרמים,12.00,"ק""ג",false,,145.00,12.0833,true,1,51405
7290105500151,false,וודקה פינלנדיה בקבוק,"אלטיה קורפ, הלסינקי,",FI,וודקה פינלנדיה 700 מ,,700.00,"100 מ""ל",false,,69.90,0.0999,true,1,45916
7290105500236,false,וויסקי ג'ק דניאלס מס' 7 Brand No,ג'ק דניאלס Jack Daniel's,US,וויסקי ג'ק דניאלס 70,,700.00,"100 מ""ל",false,,109.90,0.1570,true,1,49804
7290105500953,false,"וויסקי ג'ק דניאלס דבש 700 מ""ל",ג'ק דניאל'ס,BE,וויסקי ג'ק דניאלס דב,,700.00,100 גרם,false,,109.90,0.1570,true,1,74440
7290105691224,false,פריכונים חטיפי טורטיה שום בצל 60 ג' אוסם,"מיוצר ע""י PT, משווק",IL,פריכונים חטיפי טורטי,,60.00,"100 מ""ל",false,,8.90,0.1483,true,1,43255
7290105691248,false,פריכונים חטיפי טורטיה תירס 60 ג' אוסם,"מיוצר ע""י PT, משווק",IL,פריכונים חטיפי טורטי,,60.00,"100 מ""ל",false,,8.90,0.1483,true,1,43256
7290105691712,false,עוגיות הפסקת קפה חיטה מלאה אסם 230 גר',היינץ צפון אמריקה מק,IL,אסם עוגיות הפסקת קפה,,230.00,100 גרם,false,,12.90,0.0561,true,1,44976
7290105691897,false,קוסקוס פלוס עם קמח חיטה מלא,"מיוצר ע""י קוד יצרן K",IL,קוסקוס חיטה מלאה אסם,,350.00,100 גרם,false,,9.90,0.0283,true,1,44834
7290105693341,false,במבה מארז 10 יח' * 25 ג' אסם,"אסם השקעות בע""מ",IL,*מבצע* במבה מארז אסם,,250.00,100 גרם,false,,14.90,0.0596,true,1,50288
7290105693457,false,עוגת הבית דמקה שוקו וניל 320 ג' אסם,מיוצר עי קונדיטוריית,IL,עוגת הבית דמקה שוקו,,320.00,"100 מ""ל",false,,13.90,0.0434,true,1,44978
7290105695024,false,אסם פתיתים אפויים אורז עם אטריות 500 גר,"אסם השקעות בע""מ",IL,פתיתים אפויים אורז ע,,500.00,100 גרם,false,,7.90,0.0158,true,1,46949
7290105695321,false,עוגת שוקולד בראוניז פאדג' 380 ג',מיוצר עי קונדיטוריית,IL,עוגות הבית בראוניס פ,,380.00,"100 מ""ל",false,,18.50,0.0487,true,1,45533
7290105962331,false,זחוק אדום תימני מקורי חריף מאוד,קריניסה ויטמין אס אי,IL,סחוג חריף אדום מאוד,,220.00,"100 מ""ל",false,,12.90,0.0586,true,1,45256
7290105965738,false,יוגורט לשתיה בטעם תות בננה267 ג' דנונה,מיוצר עי קונדיטוריית,IL,דנונה לשתיה תות בננה,,250.00,100 גרם,false,,5.50,0.0220,true,1,51116
7290105966469,false,"חומץ בלסמי יד מרדכי 250מ""ל",אצטייה ג'וזפה קרמוני,IT,חומץ בלסמי יד מרדכי,,2500.00,100 גרם,false,,18.90,0.0076,true,1,52111
7290105968654,false,רביולי בטטה פרווה פסטה נונה 400 ג',מיוצר עי קונדיטוריית,IL,רביולי בטטה שטראוס 4,,400.00,"100 מ""ל",false,,21.90,0.0547,true,1,46317
7290105968777,false,פריכיות עם תחתית שוקולד מריר 70 ג' אנרגי,"טחנת האבן תעשיות בע""",IL,פרכיות 5 דגנים בטעם,,80.00,"100 מ""ל",false,,9.50,0.1188,true,1,47973
7290106520066,false,רבע לשבע במילוי קרם אגוזים ובציפוי שוקולד חלב,הגביע מוצרי וופלים ב,IL,רבע לשבע גלילי וופל,,160.00,"100 מ""ל",false,,12.90,0.0806,true,1,46680
7290106520288,false,יוגורט פרו חלבון עם תות 2.4% שומן 150 ג' דנונה,"שטראוס בריאות בע""מ",IL,דנונה WOW תות 150 ג,,150.00,"100 מ""ל",false,,5.10,0.0340,true,1,56386
7290106520905,false,סלט טורקי עם פלפל קל,"שטראוס גרופ בע""מ",IL,סלט טורקי אחלה טעמי,,400.00,"100 מ""ל",false,,16.90,0.0422,true,1,47315
7290106520912,false,"שמנת לבישול 9% 250 מ""ל יטבתה",מחלבת יטבתה,IL,שמנת לבישול 9% יטבתה,,250.00,100 גרם,false,,8.90,0.0356,true,1,47981
7290106521049,false,קוביות סלק אחלה 400 גר',מיוצר עי קונדיטוריית,IL,סלטי קוביות סלק אחלה,,400.00,"100 מ""ל",false,,16.90,0.0422,true,1,49395
7290106524439,false,תפוצ'יפס טבעי פופס 60גר',"שטראוס פריטו ליי בע""",IL,תפוציפס פופס 60גר,,60.00,"100 מ""ל",false,,4.10,0.0683,true,1,79830
7290106525320,false,אבקת שוקולית לאפייה קופסא 500ג' עלית,הנסיך- מפעל לייצור ט,IL,שוקולית לאפיה 500גר,,500.00,"100 מ""ל",false,,17.90,0.0358,true,1,84170
7290106525405,false,קפסולות למכונת נספרסו נטול קפאין,שטראוס קפה בי.וי,IL,קפסולות מס7 נטול קופ,יחידה,0.00,יחידה,false,,18.90,0.0000,true,1,52112
7290106526822,false,פריכיות אורז עם תחתית שוקולד חלב 80 ג' אנרגי,"טחנת האבן תעשיות בע""",IL,פריכיות עם תחתית שוק,,80.00,"100 מ""ל",false,,9.50,0.1188,true,1,50139
7290106528949,false,סלט ערוגות טעם הטבע,שטראוס בריאות ירקות,IL,סלט ערוגות שטראוס,,450.00,"100 מ""ל",false,,12.90,0.0287,true,1,51598
7290106572959,false,מארז אפרופו חטיף תירס 5 יחידות,אסם תעשיות,IL,אפרופו קלאסי מארז אס,,125.00,"100 מ""ל",false,,12.90,0.1032,true,1,47831
7290106573598,false,צבר חומוס לבנוני 400גרם,סלטי צבר,IL,חומוס לבנוני צבר 400,,400.00,"100 מ""ל",false,,12.90,0.0323,true,1,48097
7290106573642,false,צבר חומוס צנובר 400גרם,סלטי צבר,IL,חומוס צנובר צבר 400ג,,400.00,"100 מ""ל",false,,12.90,0.0323,true,1,48092
7290106574793,false,עוגת הבית שוקו שוקוצ''יפס 350 ג' אסם,מיוצר עי קונדיטוריית,IL,עוגת הבית שוקו שוקוצ,,350.00,"100 מ""ל",false,,13.90,0.0397,true,1,48670
7290106574953,false,בייגלה שטוחים כעכים שטוחים עם שומשום,מיוצר עי קונדיטוריית,IL,בייגלה שטוחים שומשום,,300.00,100 גרם,false,,11.90,0.0397,true,1,48717
7290106574977,false,בייגלה שטוחים כעכים שטוחים עם מלח,מיוצר עי קונדיטוריית,IL,בייגלה שטוחים עם מלח,,300.00,"100 מ""ל",false,,11.90,0.0397,true,1,48718
7290106575011,false,פתיתים אפויים פלוס חיטה מלאה 400 ג' אסם,אסם תעשיות,IL,פתיתים אפויים קוסקוס,,400.00,"100 מ""ל",false,,7.90,0.0198,true,1,49231
7290106575257,false,עוגת הבית סופלה בטעם שוקולד 340 ג' אסם,מיוצר עי קונדיטוריית,IL,עוגת הבית סופלה בטעם,,340.00,"100 מ""ל",false,,13.90,0.0409,true,1,49910
7290106575332,false,פתיתים אפויים פלוס בורגול 400 ג' אסם,"מיוצר ע""י קוד יצרן K",IL,פתיתים אפויים פלוס ב,,400.00,100 גרם,false,,7.90,0.0198,true,1,49535
7290106575431,false,עוגת הבית סופלה בטעם שוקוניל 340 ג' אסם,מיוצר עי קונדיטוריית,IL,עוגת הבית סופלה בטעם,,340.00,"100 מ""ל",false,,13.90,0.0409,true,1,49913
7290106576223,false,אפרופו מצופה שוקולד 40 ג',מיוצר עי קונדיטוריית,IL,אפרופו שוקולד אסם 40,,40.00,"100 מ""ל",false,,5.30,0.1325,true,1,73370
7290106576513,false,סלט חומוס צבר 400 גר,סלטי צבר,IL,חומוס צבר 400גר,,400.00,"100 מ""ל",false,,10.90,0.0273,true,1,50433
7290106576537,false,צבר חומוס מסעדה 700 גר,סלטי צבר,IL,*מבצע* חומוס מסעדות,,700.00,100 גרם,false,,11.00,0.0157,true,1,49348
7290106576797,false,"לה קרמריה גלידת וניל איטלקי כשל""פ 1.4ל'",תות תעשיות מזון (201,IL,לה קרמריה וניל איטלק,,1400.00,"100 מ""ל",false,,21.90,0.0156,true,1,50291
7290106576834,false,גלידה לה קרמריה פונטש בננה1.4 ל' נסטלה,תות תעשיות מזון (201,IL,לה קרמריה פונטש בננה,,1400.00,100 גרם,false,,21.90,0.0156,true,1,50293
7290106576919,false,גלידה קרמריה סורבה תות לימון 1.4 ליטר,המאפיה של הרמן,IL,לה קרמריה סורבה תות,,1400.00,"100 מ""ל",false,,21.90,0.0156,true,1,50295
7290106576995,false,גלידה סורבה לה קרמריה תות מנגו לייט 1.4 ל' נסטלה,המאפיה של הרמן,IL,לה קרמריה סורבה תות,,1400.00,100 גרם,false,,21.90,0.0156,true,1,51042
7290106577039,false,גלידה לה קרמריה שוקו וניל פליק 1.4 ל' נסטלה,תות תעשיות מזון (201,IL,לה קרמריה וניל שוקו,,1400.00,"100 מ""ל",false,,21.90,0.0156,true,1,50298
7290106577541,false,כרוב אדום מרובע 400 ג' צבר,סלטי צבר,IL,כרוב אדום צבר 400גרם,,400.00,"100 מ""ל",false,,12.90,0.0323,true,1,49865
7290106577572,false,צבר מטבוחה מרובע 400גרם,סלטי צבר,IL,מטבוחה צבר 400גרם,,400.00,"100 מ""ל",false,,12.90,0.0323,true,1,49866
7290106578692,false,אוסם - במבה ביסלי מיקס 80 גרם,פרו מן יו פתרונות אר,IL,במבה ביסלי מיקס 80 ג,,80.00,יח',false,,4.90,0.0613,true,1,55890
7290106653689,false,לקט לסלט בסגנון אסייתי,שטראוס בריאות ירקות,IL,לקט לסלט בסגנון אסיי,,350.00,"100 מ""ל",false,,12.90,0.0369,true,1,75756
7290106654099,false,מילקי CAKE עוגות אישיות במילוי קרם חלב,STRAUSS-ISRAEL,,מארז מילקי קייק שמינ,,272.00,"100 מ""ל",false,,21.90,0.0805,true,1,56691
7290106658479,false,עלית וופל בטעם טורטית אגוזים 40ג,"שטראוס גרופ בע""מ",IL,טורטית מגדים 40גר,,40.00,"100 מ""ל",false,,4.90,0.1225,true,1,57901
7290106663091,false,לאבנה טבעי 9% שטראוס 500ג',הדקלאים אגודת שיתופי,IL,לאבנה 9 % 500 גר שטר,,500.00,"100 מ""ל",false,,19.90,0.0398,true,1,86219
7290106663503,false,יד מרדכי קונפיטורת לייט תות 230 גר,אף.סי תבליני בגליל ב,IL,קונפיטורת לייט תות י,,250.00,"100 מ""ל",false,,15.50,0.0620,true,1,87180
7290106663558,false,"רוטב טריאקי ורימון יד מרדכי 280מ""ל",אף.סי תבליני בגליל ב,IL,רוטב טריאקי רימון יד,,320.00,"100 מ""ל",false,,14.90,0.0466,true,1,54757
7290106664555,false,"רוטב שמנת עם עגבניות 9% שומן 250 מ""ל יוטבתה",מחלבת יטבתה,IL,רוטב שמנת עם עגבניות,,250.00,100 גרם,false,,11.90,0.0476,true,1,55672
7290106664562,false,רוטב שמנת עם פטריות 9% שומן 258 ג' יוטבתה,מחלבת יטבתה,IL,רוטב שמנת עם פטריות,,250.00,100 גרם,false,,11.90,0.0476,true,1,53753
7290106668577,false,"מיץ לימון טבעי יד מרדכי 250 מ""ל",האי נאם סי או אל.טי.,IT,מיץ לימון טבעי 250 מ,,250.00,100 גרם,false,,9.50,0.0380,true,1,79854
7290106668713,false,יוגורט עם פירות יער 3% שומן 150 ג' דנונה,מיוצר עי קונדיטוריית,IL,דנונה פירות יער 3% 1,,150.00,"100 מ""ל",false,,4.20,0.0280,true,1,55026
7290106669857,false,קפסולות 06 אספרסו בטעם וניל עלית 10יח',הנסיך- מפעל לייצור ט,IL,קפסולות אספרסו בטעם,,50.00,"100 מ""ל",false,,18.90,0.3780,true,1,76290
7290106720626,false,צ'יטוס קראנצ' בטעם גבינה - חלבי,"שטראוס פריטו ליי בע""",IL,ציטוס קראנצ בטעם גבי,,80.00,"100 מ""ל",false,,4.80,0.0600,true,1,76845
7290106721906,false,צנצנת בזוקה צ'יקלט 66 ג' עלית,"שטראוס גרופ בע""מ",IL,מסטיק בזוקה מגדים צ',,66.00,"100 מ""ל",false,,9.90,0.1500,true,1,54320
7290106721913,false,מסטיק מאסט MUST ללא סוכר בטעם מנטה מרעננת,"שטראוס גרופ בע""מ",IL,מסטיק מאסט ריח פה צ',,66.00,"100 מ""ל",false,,10.90,0.1652,true,1,54323
7290106721920,false,צנצנת מסטיק מאסט בטעם ספירמינט עדין 66 ג' עלית,"שטראוס גרופ בע""מ.",IL,מסטיק מאסט ספירימינט,,66.00,"100 מ""ל",false,,10.90,0.1652,true,1,54324
7290106724488,false,דנונה טבעי פרוביוטי 1.7% טבעי 150ג',שטראוס,IL,דנונה טבעי 1.7% 150מ,,150.00,"100 מ""ל",false,,2.50,0.0167,true,1,54161
7290106725867,false,"סירופ מייפל טהור 189 מ""ל יד מרדכי",קוסלסי פוד,CA,*מבצע* סירופ מייפל ט,,189.00,100 גרם,false,,24.90,0.1317,true,1,56162
7290106727984,false,כיף כף פצפוצים ושוקולד 135 ג',שולן צ'יקולטה גידה ס,TR,כיף כף פצפצים עלית 1,,135.00,"100 מ""ל",false,,11.90,0.0881,true,1,72843
7290106729650,false,יוגורט עם תות מאגדת 8 יח' * 150ג' דנונה,דנונה - שטראוס,,דנונה תות מארז 8יח 3,,1200.00,"100 מ""ל",false,,26.90,0.0224,true,1,57269
7290107280013,false,מגבונים ליטופים ללא בושם חמישיה,,,מגבוני ליטופים חמישי,,5.00,יח',false,,21.90,4.3800,true,1,90088
7290107280020,false,מטליות לחות סנו סושי לניקוי כללי שלישיה *50 יח',טרופיקל דגיל- תעשיות,IL,?סנו סושי מטליות לחו,יחידה,0.00,יחידה,false,,21.90,0.0000,true,1,90089
7290107280037,false,50 מטליות לחות לניקוי כללי גדולות ועבות,דינאמיק תעשיות,IL,מטליות לחות סנו סושי,,50.00,100 מ'ל,false,,10.90,0.2180,true,1,85470
7290107280099,false,מגבוני טואלט לחים סנו סופט שלישייה * 48 יח',טרופיקל דגיל- תעשיות,IL,מגבוני טואלט סופט של,יחידה,0.00,יחידה,false,,19.90,0.0000,true,1,97472
7290107280341,false,ריצפז מטליות לחות לניקוי הרצפה בניחוח מלון מפנק,"סנו מפעלי ברונוס סע""",IL,ריצפז מטליות לחות לנ,יחידה,0.00,יחידה,false,,13.90,0.0000,true,1,97293
7290107280396,false,"סנו - ג'ט מרסס לניקוי יסודי במטבח 750 מ""ל","סנו מפעלי ברונוס בע""",IL,סנו ג'ט למטבח 750מל,,750.00,"100 מ""ל",false,,12.90,0.0172,true,1,85472
7290107280563,false,אוקסיג'ן ג'ל לכביסה בייבי 3ל',"איי, בי, אינבוו",IL,סנו אוקסיגן בייבי 3ל,,3000.00,"100 מ""ל",false,,32.90,0.0110,true,1,52659
7290107280570,false,סנו - מקסימה ג'ל כביסה מרוכז לכביסה צבעונית 3 ליטר,מיוצר עי קונדיטוריית,IL,סנו מקסימה גל לכביסה,ליטרים,3.00,ליטר,false,,32.90,10.9667,true,1,52660
7290107280587,false,סנובון סבון לאסלה דאבל אקשן בריח פרחים ורודים,סנו,,סנובון דאבל אקשן בני,יחידה,0.00,יחידה,false,,12.90,0.0000,true,1,56115
7290107280655,false,אבקת כביסה Baby לתינוקות ולעור רגיש,סנו מקסימה,IL,סנו מקסימה בייבי אבק,קילוגרמים,3.25,"ק""ג",false,,32.90,10.1231,true,1,52976
7290107280709,false,"סנו ספארק נוזל הברקה למדיח 700 מ""ל","סנו מפעלי ברונוס בע""",IL,סנו ספארק נוזל הברקה,,900.00,100 גרם,false,,14.90,0.0166,true,1,53232
7290107280723,false,נוזל לניקוי כלים סנו ספארק Spark בניחוח לימון רענן,סנו כימיקלים,IL,ספארק נוזל לניקוי כל,,700.00,100 גרם,false,,9.90,0.0141,true,1,53234
7290107280747,false,נוזל לניקוי כלים סנו ספארק Spark קלאסי,סנו כימיקלים,IL,ספארק נוזל לניקוי כל,,700.00,"100 מ""ל",false,,9.90,0.0141,true,1,53236
7290107280761,false,נוזל לניקוי כלים בניחוח לימון רענן סנו ספארק Spark,מיוצר עי קונדיטוריית,IL,סנו ספארק משאבה לימו,,1000.00,100 גרם,false,,12.90,0.0129,true,1,90093
7290107280822,false,סנו ריצפז פרש הום 2 ליטר בניחוח ספא,סנו פרש Fresh,IL,ריצפז פרש הום ספא מר,ליטרים,2.00,ליטר,false,,23.90,11.9500,true,1,53824
7290107341356,false,כבל אייפון imx,,,כבל אייפון IMX,יחידה,0.00,יחידה,false,,19.90,0.0000,true,1,100498
7290107341370,false,כבל טפייסי imx,,,כבל טייפסי IMX,יחידה,0.00,יחידה,false,,19.90,0.0000,true,1,99608
7290107645584,false,אבקת מרק עוף אמיתי רכיבים טבעיים 400 גרם - רבנות,יוניליוור ישראל מזון,IL,מרק עוף אמיתי קנור ר,,400.00,"100 מ""ל",false,,24.90,0.0622,true,1,82129
7290107646062,false,אבקת מרק בצל רכיבים טבעיים קנור 400 ג',יוניליוור ישראל מזון,IL,מרק בצל רכיבים טבעיי,,400.00,"100 מ""ל",false,,22.90,0.0572,true,1,80901
7290107646918,false,רוטב עגבניות ופלפלים לשקשוקה 415 ג' קנור,קונסורזיו קאסאלאסקו,IT,רוטב עגבניות ופלפלים,,415.00,"100 מ""ל",false,,11.90,0.0287,true,1,79017
7290107871297,false,אוסם - מיני פריכונים עשבי תיבול 25 גרם,"מיוצר ע""י PT, משווק",IL,אסם פריכונים מיני עש,,25.00,"100 מ""ל",false,,4.50,0.1800,true,1,85310
7290107871990,false,פסטה צינורות 500 ג' אסם,פסטה זארה,IT,פסטה צינורות אסם 500,,500.00,100 גרם,false,,6.50,0.0130,true,1,52328
7290107874441,false,פריכונים מיני בצל מקורמל אסם 25ג',"מיוצר ע""י PT, משווק",IL,פריכונים מיני בצל מק,,25.00,"100 מ""ל",false,,4.50,0.1800,true,1,85313
7290107874502,false,ביסלי גריל מארז 4 יח' * 55 ג' אסם,מיוצר עי קונדיטוריית,IL,ביסלי גריל מארז אסם,,220.00,"100 מ""ל",false,,12.90,0.0586,true,1,57593
7290107875271,false,ביסלי ברביקיו מארז 4 יח' * 55 ג' אסם,,,ביסלי ברביקיו מארז א,,220.00,"100 מ""ל",false,,12.90,0.0586,true,1,57594
7290107875820,false,קרוטונים אפויים בתיבול ביתי אוסם 180 ג',עינת תעשיות מזון,IL,קרוטונים אפויים בתיב,,180.00,"100 מ""ל",false,,12.90,0.0717,true,1,85315
7290107877619,false,מארז במבה במילוי קרם נוגט 5*30ג' אסם,אסם תעשיות,IL,במבה במילוי קרם נוגט,,150.00,100 גרם,false,,13.90,0.0927,true,1,75928
7290107930321,false,קונפיטורה דובדבן יד מרדכי 340 ג',בית אל מזון,IL,קונפיטורת דובדבן יד,,340.00,"100 מ""ל",false,,15.50,0.0456,true,1,55374
7290107931397,false,כיף כף פצפוצים ביסקוויט 40ג',שולן צ'יקולטה גידה ס,TR,כיף כף פצפצים 40גר,,40.00,"100 מ""ל",false,,6.30,0.1575,true,1,57428
7290107932080,false,חלב בבקבוק 3% שומן 1 ל' יוטבתה,מחלבת יטבתה,IL,חלב 3% מועשר בבקבוק,,1000.00,100 גרם,false,,8.20,0.0082,true,1,55877
7290107932134,false,חלב בבקבוק 1% שומן 1 ל' יוטבתה,מחלבת יטבתה,IL,חלב מועשר 1% בבקבוק,,1000.00,100 גרם,false,,8.20,0.0082,true,1,55870
7290107934473,false,מארז 8 יח' אקטיביה יוגורט קרמי 1.5% שומן,דנונה - שטראוס,IL,אקטיביה מארז שמינייה,,1200.00,"100 מ""ל",false,,22.50,0.0188,true,1,55532
7290107936309,false,דנונה יוגורט 7% יווני לבן 130 ג',"שטראוס בריאות בע""מ",IL,דנונה יווני לבן 130ג,,130.00,"100 מ""ל",false,,3.70,0.0285,true,1,73489
7290107936958,false,עד חצות ביסקוויט אצבעות שוקולד 125 גרם,הדקלאים אגודת שיתופי,FR,עד חצות ביסקוויט אצב,,125.00,"100 מ""ל",false,,11.90,0.0952,true,1,78862
7290107936965,false,עד חצות עוגיות עיגולים 225 גר',ביסקווטרי עוגיות סנט,FR,עד חצות ביסקוויט עיג,,225.00,"100 מ""ל",false,,14.90,0.0662,true,1,78865
7290107937542,false,משקה יוגורט אקטיביה עם תות 1.2% שומן,מיוצר עי קונדיטוריית,IL,אקטיביה משקה תות 1.2,,265.00,"100 מ""ל",false,,5.70,0.0215,true,1,57504
7290107937627,false,מסטיק מאסט Must קוביות ללא סוכר בטעם מנטה עדינה,אסקום קונפקשיין,DE,מסטיק מאסט קוביות ספ,,58.00,"100 מ""ל",false,,10.90,0.1879,true,1,73513
7290107937856,false,קפסולות 11חזק למכונות נספרסו עלית 10יח',הנסיך- מפעל לייצור ט,IL,קפסולות עלית מס 11 ל,יחידה,0.00,יחידה,false,,18.90,0.0000,true,1,73279
7290107938396,false,"אקטימל משקה פרוביוטי תות 100X8 מ""ל",מיוצר עי קונדיטוריית,IL,אקטימל תות שמינייה ב,,864.00,"100 מ""ל",false,,21.90,0.0253,true,1,57883
7290107939027,false,גזר דק דק ירקות שטרא,שטראוס בריאות ירקות,IL,גזר דק דק ירקות שטרא,,250.00,"100 מ""ל",false,,7.50,0.0300,true,1,75430
7290107940030,false,חומוס אחלה 650 גר',,,*מבצע* חומוס אחלה 65,,650.00,"100 מ""ל",false,,7.90,0.0122,true,1,80590
7290107940467,false,אקטיביה יוגורט 1.5% שומן 200 ג' דנונה,מיוצר עי קונדיטוריית,IL,אקטיביה יוגורט קרמי,,200.00,100 גרם,false,,4.20,0.0210,true,1,57886
7290107943192,false,"שמנת חמוצה מהערבה 27% שומן 200 מ""ל יטבתה",יטבתה,,שמנת חמוצה מהערבה 27,,200.00,100 גרם,false,,4.50,0.0225,true,1,78841
7290107943369,false,קוואקר שיבולת שועל ללא גלוטן 511 גר'.,היידי שוקולד בירונטי,US,קוואקר שיבולת שועל ל,,511.00,100 גרם,false,,20.50,0.0401,true,1,78515
7290107944472,false,סימפוניה גבינה במרקם שמנת 5% שום שמיר,"שטראוס בריאות בע""מ",IL,סימפוניה שום שמיר 5%,,200.00,"100 מ""ל",false,,11.90,0.0595,true,1,74059
7290107950190,false,מעדן חלב דל קלוריות בטעם שוקולד מריר 0.5% שומן,מיוצר עי קונדיטוריית,IL,מעדן שטראוס דיאט שוק,,130.00,"100 מ""ל",false,,3.60,0.0277,true,1,73479
7290107950206,false,מעדן חלב דל קלוריות בטעם שוקולד 0% שומן,מיוצר עי קונדיטוריית,IL,מעדן שטראוס דיאט שוק,,130.00,"100 מ""ל",false,,3.60,0.0277,true,1,73667
7290107953559,false,קפה טורקי עלית לדרך שקיות 24X7ג',הנסיך- מפעל לייצור ט,IL,מארז קפה טורקי לדרך,,168.00,"100 מ""ל",false,,18.90,0.1125,true,1,91380
7290107954976,false,"משקה יטבתה חלבון פרו קפה 350מ""ל",מחלבת יטבתה,DE,משקה חלב יטבתה פרו 3,,350.00,100 גרם,false,,7.50,0.0214,true,1,78177
7290107956642,false,"תרסיס שמן זית יד מרדכי 150 מ""ל",פארייפאבה אגרואינדוס,ES,"תרסיס שמן זית 150 מ""",,150.00,100 גרם,false,,17.90,0.1193,true,1,80702
7290107956895,false,קפסולות 07 אספרסו בטעם קרמל עלית 10יח',שטראוס,IL,קפסולות אספרסו בטעם,,50.00,100 גרם,false,,18.90,0.3780,true,1,80888
7290107956901,false,קפסולות אגוזי לוז למוכנת נספרסו,עלית,,קפסולות אספרסו בטעם,,150.00,"100 מ""ל",false,,18.90,0.1260,true,1,79237
7290107956925,false,קפסולות 13 אוגנדה למכונת נספרסו עלית 10יח',שטראוס קפה בי.וי,IL,קפסולות אוגנדה מס 13,יחידה,0.00,יחידה,false,,18.90,0.0000,true,1,82422
7290107956932,false,קפסולות 12 אינדונזיה למכונות NESPRESSO,שטראוס קפה בי.וי,IL,קפסולות קפה עלית איד,,50.00,"100 מ""ל",false,,18.90,0.3780,true,1,78869
7290107957113,false,סימפוניה 5% זיתים פיקנטיים 200 ג' שטראוס,קריות זול,IL,גבינת סימפוניה זיתים,,200.00,"100 מ""ל",false,,11.90,0.0595,true,1,82325
7290107957991,false,מילקי CAKE מיניס קרם חלב בציפוי שוקולד חלב שקית 16X9ג',בובארד איטליה אס.פי.,IT,מארז מילקי מיניס קיי,,144.00,"100 מ""ל",false,,15.90,0.1104,true,1,82201
7290107958035,false,יוגורט במתיקות מעודנת 2% ללא תוספת סוכר- מארז 8 יח,דנונה - שטראוס,IL,דנונה מארז שמינייה מ,,1200.00,"100 מ""ל",false,,20.90,0.0174,true,1,79252
7290107958639,false,מטבוחה אחלה מרוקאית חריפה 400 גר',מיוצר עי קונדיטוריית,IL,מטבוחה מרוקאית חריפה,,400.00,"100 מ""ל",false,,16.90,0.0422,true,1,79253
7290107973861,false,מאסטר שף - עגבניות קצוצות דק שלישיה 400 גרם * 3,קונסרזיו קאסאלאסקו ד,IT,עגבניות קצוצות דק מא,,1200.00,100 גרם,false,,16.90,0.0141,true,1,73690
7290107974820,false,ממרח מתובל ספייסי מאסטר שף 248 ג',מאסטר שף,,ממרח מתובל ספייסי מא,,250.00,"100 מ""ל",false,,8.90,0.0356,true,1,73685
7290107974837,false,ממרח מתובל שום מאסטר שף 253ג',מאסטר שף,,ממרח מתובל שום מאסטר,,250.00,"100 מ""ל",false,,8.90,0.0356,true,1,73686
7290107978453,false,חטיף קראנצ'וס גריל 5,קראנצ'וס,IL,קראנצוס גריל 55 גרם,,55.00,"100 מ""ל",false,,3.90,0.0709,true,1,78775
7290108201864,false,קולון ג'ל קפסולות לכביסה 28 יח',קולון Colon,,קולון קפסולות לכביסה,יחידה,0.00,יחידה,false,,25.90,0.0000,true,1,98572
7290108350128,false,סנו סושי שקיות אשפה חזקות במיוחד 40 יח',מיוצר עי קונדיטוריית,IL,שקיות אשפה סנו סושי,,40.00,100 מ'ל,false,,29.90,0.7475,true,1,90094
7290108350142,false,שקיות רב שימושיות ענק סנו סושי 270 יח',אשפלסט תעשיות,IL,שקיות סנו סושי רב שי,,270.00,100 ליטר,false,,14.90,0.0552,true,1,54784
7290108350203,false,כריות קרצוף אקסטרה חזקות עם ספוג מקציף - 6 יח',סנו סושי,US,סנו סושי כריות קרצוף,,6.00,100 מ'ל,false,,10.90,1.8167,true,1,73250
7290108350531,false,סנו ספארק נוזל כלים בניחוח קלאסי עם משאבה 1 ל',מיוצר עי קונדיטוריית,IL,סנו ספארק משאבה קלאס,,1000.00,"100 מ""ל",false,,12.90,0.0129,true,1,97285
7290108350616,false,סנו - מקסימה מרכך כביסה מרוכז פריחה כחולה 1 ליטר,"סנו מפעלי ברונוס בע""",IL,סנו מקסימה בלו בלוסו,,1000.00,100 גרם,false,,18.90,0.0189,true,1,57660
7290108350623,false,מרכך כביסה סופר מרוכז סופט סילק מקסימה 1 ל' סנו,"סנו מפעלי ברונוס בע""",IL,סנו מקסימה סופט סילק,,1000.00,100 גרם,false,,18.90,0.0189,true,1,57661
7290108351149,false,סנו - ג'ט לניקוי כללי ורצפות בתוספת אבקת סודה 1.5 ליטר,"סנו מפעלי ברונוס בע""",IL,סנו ג'ט פלוס לניקוי,ליטרים,1.50,ליטר,false,,13.90,9.2667,true,1,76320
7290108351156,false,סנו - ג'ט לניקוי כללי ורצפות בתוספת חומץ 1.5 ליטר,"סנו מפעלי ברונוס בע""",IL,סנו ג'ט פלוס לניקוי,ליטרים,1.50,ליטר,false,,13.90,9.2667,true,1,76318
7290108351507,false,מרכך כביסה מקסימה סופט סילק 4 ל' סנו,סנו מקסימה,IL,סנו מקסימה מרכך כביס,ליטרים,4.00,ליטר,false,,22.90,5.7250,true,1,82808
7290108351514,false,מרכך כביסה בבישום עוצמתי פריחה כחולה,סנו מקסימה,IL,סנו מקסימה מרכך כביס,ליטרים,4.00,ליטר,false,,22.90,5.7250,true,1,75028
7290108351552,false,"סנו - ג'ט לניקוי כללי בתוספת חומץ בניחוח לבנדר 750 מ""ל","סנו מפעלי ברונוס בע""",IL,סנו ג'ט פלוס עם חומץ,,750.00,100 גרם,false,,12.90,0.0172,true,1,79301
7290108351569,false,מבשם ומרכך למייבש כביסה Baby לתינוקות ולעור רגיש,"איי, בי, אינבוו",IL,סנו מקסימה למייבש בי,,750.00,100 גרם,false,,19.90,0.0265,true,1,78216
7290108351606,false,"סנופרש הום בניחוח מרכך כביסה 350 מ""ל",סנו פרש Fresh,,סנו פרש הום נטול גז,,350.00,100 גרם,false,,14.90,0.0426,true,1,78214
7290108351613,false,סנו ריצפז פרש הום 2 ליטר בניחוח מלון חלומי,"סנו מפעלי ברונוס בע""",IL,ריצפז פרש הום בניחוח,ליטרים,2.00,ליטר,false,,23.90,11.9500,true,1,79313
7290108351699,false,סנו - ג'ט מטליות לחות לניקוי כללי בתוספת חומץ לבנדר שלישיה,סנו מפעלי ברונוס על,IL,מגבוני ניקוי ג'ט +חו,יחידה,0.00,יחידה,false,,21.90,0.0000,true,1,97284
7290108351811,false,מקסימה מרכך כביסה סופר מרוכז פלור טאצ' 1 ליטר,מיוצר עי קונדיטוריית,IL,סנו מקסימה סופר מרוכ,,1000.00,100 גרם,false,,18.90,0.0189,true,1,89263
7290108351835,false,מרכך כביסה בבישום עוצמתי פלורל טאצ',מיוצר עי קונדיטוריית,IL,סנו מקסימה מרכך כביס,,4000.00,"100 מ""ל",false,,22.90,0.0057,true,1,97294
7290108352207,false,קפסולות כביסה מקסימה פלורל 40 יח' סנו,טרופיקל דגיל תעשיות,IL,סנו מקסימה 40 קפסולו,,40.00,יח',false,,34.90,0.8725,true,1,99086
7290108352214,false,סנו - מקסימה קפסולות כביסה בניחוח בריזה מרעננת 40 יח',טרופיקל דגיל תעשיות,IL,סנו מקסימה 40 קפסולו,,40.00,100 ליטר,false,,34.90,0.8725,true,1,99087
7290108352252,false,נוזל לניקוי כלים מתאים לניקוי ירקות ופירות סנו ספארק,"סנו מפעלי ברונוס בע""",IL,סנו ספארק לניקוי כלי,,1000.00,100 גרם,false,,12.90,0.0129,true,1,99553
7290108352269,false,דלי מטליות לחיטוי ולניקוי 99.9 % 400 יח' סנו,הורביץ סחר,IL,דלי מטליות לחיטוי ול,יחידה,0.00,יחידה,false,,33.90,0.0000,true,1,98595
7290108352337,false,"סנו - פרש מילוי למטהר אוויר מלון מפנק 250 מ""ל",מיוצר עי קונדיטוריית,IL,סנו פרש הום אוטומטיק,,250.00,"100 מ""ל",false,,15.90,0.0636,true,1,98745
7290108352344,false,"סנו - פרש מילוי למטהר אוויר מלון בוטיק 250 מ""ל",מיוצר עי קונדיטוריית,IL,סנו פרש הום אוטומטיק,,250.00,"100 מ""ל",false,,15.90,0.0636,true,1,98746
7290108352399,false,ריצפז פרש הום בניחוח מרכך כביסה פלורל טאצ',"סנו מפעלי ברונוס בע""",IL,ריצפז פרש הום בניחוח,,2000.00,"100 מ""ל",false,,23.90,0.0119,true,1,104924
7290108352450,false,ריצפז פרש הום בניחוח מרכך כביסה בלו בלוסום,סנו מפעלי ברונוס בעמ,IL,ריצפז פרש הום בלוסום,ליטרים,2.00,ליטר,false,,23.90,11.9500,true,1,101061
7290108352528,false,"מתז לחיטוי וניקוי חדר האמבטיה 99.9% 750 מ""ל","איי, בי, אינבוו",IL,מתז 99.9% לחיטוי וני,,750.00,100 ליטר,false,,16.90,0.0225,true,1,102719
7290108352566,false,מרכך כביסה בבישום עוצמתי 4 ל' סנו מקסינה,"סנו מפעלי ברונוס בע""",IL,סנו מקסימה מרכך כביס,,4000.00,100 גרם,false,,22.90,0.0057,true,1,104925
7290108352573,false,מרכך כביסה מקסימה בבישום עוצמתי 4 ל' סנו,סנו,IL,סנו מקסימה מרכך כביס,,4000.00,100 גרם,false,,22.90,0.0057,true,1,105536
7290108352672,false,מטלית הפלא לריצפה זוג סנו סושי,סנו מפעלי ברונוס.,CN,מטלית הפלא לריצפה סנ,יחידה,0.00,יחידה,false,,21.90,0.0000,true,1,97709
7290108352689,false,סנו סושי כריות קרצוף ללכלוך קשה 9 יח',טרופיקל דגיל תעשיות,US,סנו סושי כריות קרצוף,,9.00,יח',false,,10.90,1.2111,true,1,85481
7290108352825,false,ספוג הפלא נירוסטה סנו סושי 3יח',s.k.a.t ltdסנו מפעלי,CN,ספוג הפלא נירוסטה סנ,יחידה,0.00,יחידה,false,,10.90,0.0000,true,1,97711
7290108352849,false,שלישיית מטליות הפלא לניקוי כללי דקור סנו סושי,טרופיקל דגיל תעשיות,CN,סנו סושי מטלית הפלא,,3.00,,false,,15.90,5.3000,true,1,101891
7290108352900,false,סנו סושי מגבות הפלא גליל כפול 6 גלילים,סנו מפעלי ברונוס בעמ,IL,סנו סושי מגבות נייר,יחידה,0.00,יחידה,false,,24.90,0.0000,true,1,97475
7290108353068,false,ספוג הפלא נירוסטה עם סיבי קירצוף סנו סושי 2 יח',מיוצר עי קונדיטוריית,CN,כריות סיבי הירוסטה ס,יחידה,0.00,יחידה,false,,10.90,0.0000,true,1,97712
7290108353334,false,"שמפו למניעת קשקשים עם שמן עץ התה ואסאי 700 מ""ל כיף",קוסמופארם בעמ,IL,כיף שמפו למניעת קשקש,,700.00,100 גרם,false,,12.90,0.0184,true,1,97442
7290108353686,false,מטלית חלומית לריצפה מיקרופייבר,נינגבו סנבנג,CN,מטלית חלומית לרצפה ס,יחידה,0.00,יחידה,false,,10.90,0.0000,true,1,101374
7290108353747,false,"תחליב רחצה אירוודה, בניחוח טונקה 600 מ""ל קרימה",קוסמופארם,IL,קרמה תחליב רחצה ספא,,600.00,"100 מ""ל",false,,17.90,0.0298,true,1,106806
7290108353778,false,"תחליב רחצה נקה שוודיה בניחות פיטנגו 750 מ""ל",קוסמופארם בע''מ,IL,נקה 7 תחליב רחצה - נ,,750.00,100 גרם,false,,12.90,0.0172,true,1,100649
7290108353792,false,"תחליב רחצה נקה יפן פריחת הדובדבנים 750 מ""ל",קוסמופארם בע''מ,IL,נקה 7 תחליב רחצה - פ,,750.00,"100 מ""ל",false,,12.90,0.0172,true,1,100650
7290108353808,false,"תחליב רחצה נקה מדגסקר בניחות אמבר 750 מ""ל",קוסמופארם בע''מ,IL,נקה 7 תחליב רחצה -ני,,750.00,100 גרם,false,,12.90,0.0172,true,1,100651
7290108353891,false,"קרמה - דאודורנט רול און לאישה קרמה מאסק 75 מ""ל","קוסמופארם בע""מ",IL,קרמה דאודורנט רול או,,75.00,100 גרם,false,,15.90,0.2120,true,1,100644
7290108353907,false,"קרמה - דאודורנט רול און לאישה קרמה קלאסי 75 מ""ל","קוסמופארם בע""מ",IL,קרמה דאודורנט רול או,,75.00,"100 מ""ל",false,,15.90,0.2120,true,1,100642
7290108354065,false,"קרמה - מן ג'ל רחצה פילינג 700 מ""ל",קוסמופארם בע''מ,IL,קרמה מן ג'ל רחצה פיל,,700.00,"100 מ""ל",false,,17.90,0.0256,true,1,105477
7290108354270,false,מרכך כביסה מרוכז בבישום עוצמתי 1 ל' סנו מקסימה,מיוצר עי קונדיטוריית,IL,מקסימה מרכך כביסה מר,,1000.00,100 גרם,false,,18.90,0.0189,true,1,104248
7290108354416,false,"תחליב רחצה יוגה, בניחוח ברגמוט 600מ""ל קרימה",קוסמופארם,IL,קרמה תחליב רחצה ספא,,600.00,100 גרם,false,,17.90,0.0298,true,1,106808
7290108354447,false,"מרכך כיף לשיקום והזנה שמן קוקוס וקרטין 700 מ""ל",גוד פוד פרודקטס S.p,IL,כיף מרכך לשיער שמן ק,,700.00,"100 מ""ל",false,,12.90,0.0184,true,1,101376
7290108354485,false,"קרליין - מרכך 10 שמן ארגן 700 מ""ל",סנו,IL,קרליין מרכך 10 שמן א,,700.00,100 גרם,false,,13.90,0.0199,true,1,105475
7290108354492,false,"קרליין - שמפו 10 שמן ארגן 700 מ""ל",קרליין Careline,IL,קרליין שמפו 10 שמן א,,700.00,100 גרם,false,,13.90,0.0199,true,1,105476
7290108354591,false,"תחליב רחצה בניחוח מי קקטוס ושמן באבאסו 750 מ""ל נקה 7",סנו,IL,נקה 7 תחליב רחצה ביו,,750.00,100 גרם,false,,12.90,0.0172,true,1,106431
7290108354607,false,"שמפו בניחוח מי קקטוס ושמן באבאסו 750 מ""ל נקה 7",אמיליה קוסמטיקס,IL,נקה 7 שמפו ביו 750מל,,750.00,100 גרם,false,,12.90,0.0172,true,1,106429
7290108354614,false,"מרכך בניחוח מי קקטוס ושמן באבאסו 750 מ""ל נקה 7",אמיליה קוסמטיקס,IL,נקה 7 מרכך ביו 750מל,,750.00,100 גרם,false,,12.90,0.0172,true,1,106430
7290108354751,false,"סנו - ג'ט מרסס לניקוי כללי בתוספת אבקת סודה 750 מ""ל","סנו מפעלי ברונוס בע""",IL,סנו ג'ט פלוס עם חומץ,,750.00,100 גרם,false,,12.90,0.0172,true,1,83030
7290108354911,false,"שמפו, ג'ל רחצה וגילוח מועשר בתמצית אלוורה",טרופיקל דגיל תעשיות,IL,קרמה מן 3 ב-1 -שמפו,,700.00,100 מ'ל,false,,17.90,0.0256,true,1,98355
7290108355000,false,"שמפו מיניונים לילדים נקה 7 750 מ""ל",נקה 7,,נקה 7 קידס שמפו מיני,,750.00,"100 מ""ל",false,,11.90,0.0159,true,1,57380
7290108355024,false,"שמפו ומרכך מיניונים קידס נקה 7 750 מ""ל",קוסמופארם בע''מ,IL,נקה 7 קידס שמפו+מרכך,,750.00,"100 מ""ל",false,,11.90,0.0159,true,1,57382
7290108355031,false,"נקה 7 אלסבון קידס מיניונים 750 מ""ל",נקה 7,,נקה 7 אל סבון קידס מ,,750.00,100 גרם,false,,11.90,0.0159,true,1,57383
7290108355147,false,"תחליב רחצה נקה 7שמני רחצה 750 מ""ל",נקה 7,,נקה 7 תחליב רחצה שמנ,,750.00,100 גרם,false,,12.90,0.0172,true,1,81563
7290108355154,false,"שמפו שמני הזנה 750 מ""ל נקה 7",גוד פוד פרודקטס S.p,IL,נקה 7 שמפו שמני הזנה,,750.00,"100 מ""ל",false,,12.90,0.0172,true,1,81564
7290108355161,false,"מרכך שיער שמני הזנה 750 מ""ל נקה 7",אמיליה קוסמטיקס,IL,נקה 7 מרכך שמני הזנה,,750.00,"100 מ""ל",false,,12.90,0.0172,true,1,81565
7290108355185,false,"נטורל מסיכת קרטין אינטנס למניעת קשקשים 350 מ""ל",נטורל פורמולה Natural Formula,IL,מסיכה נטורל קרטין אי,,350.00,יח',false,,39.90,0.1140,true,1,97488
7290108355192,false,"נטורל מרכך קרטין אינטנס למניעת קשקשים 400 מ""ל",נטורל פורמולה Natural Formula,IL,מרכך קרטין אינטנס למ,,400.00,100 גרם,false,,31.90,0.0797,true,1,80111
7290108355208,false,"שמפו קרטין אינטנס למניעת קשקשים נטורל 400 מ""ל",נטורל פורמולה Natural Formula,IL,שמפו קרטין אינטנס למ,,400.00,"100 מ""ל",false,,31.90,0.0797,true,1,80112
7290108355307,false,"נקה 7 - שמפו סירוק קל רוזמרין 750 מ""ל",גוד פוד פרודקטס S.p,IL,נקה 7 שמפו סירוק קל,,750.00,100 גרם,false,,11.90,0.0159,true,1,97484
7290108356045,false,"כיף תחליב רחצה בניחות גלידת סוכריות גלי 700 מ""ל",כיף,,כיף תחליב רחצה בניחו,,700.00,100 גרם,false,,12.90,0.0184,true,1,83484
7290108356106,false,"תחליב רחצה כיף שקדים 700 מ""ל",קריות זול,IL,כיף תחליב רחצה שקד 7,,700.00,100 גרם,false,,12.90,0.0184,true,1,83084
7290108356113,false,"כיף תחליב רחצה דבש 700 מ""ל-מרכז",קוסמופארם בעמ,IL,כיף תחליב רחצה דבש 7,,700.00,100 גרם,false,,12.90,0.0184,true,1,83085
7290108356120,false,"כיף תחליב רחצה קוקוס וניל 700 מ""ל",קריות זול,IL,כיף תחליב רחצה קוקוס,,700.00,100 גרם,false,,12.90,0.0184,true,1,83086
7290108356137,false,"כיף - תחליב רחצה לבנדר 700 מ""ל",קריות זול,IL,כיף תחליב רחצה לבנדר,,700.00,100 גרם,false,,12.90,0.0184,true,1,83087
7290108356151,false,"תחליב רחצה כיף מאסק יסמין 700 מ""ל",גוד פוד פרודקטס S.p,IL,כיף תחליב רחצה מאסק,,700.00,100 גרם,false,,12.90,0.0184,true,1,83088
7290108356229,false,ג'ל גילוח לכל סוגי העור מועשר בפחם פעיל,טרופיקל דגיל תעשיות,TR,קרמה גל גילוח קרבון,,200.00,100 גרם,false,,12.90,0.0645,true,1,99564
7290108356274,false,"כיף - מוס רחצה בניחוח תותים ושמנת 150 מ""ל",כיף,,כיף מוס רחצה בניחוח,,150.00,"100 מ""ל",false,,12.90,0.0860,true,1,104286
7290108356298,false,"כיף - מוס רחצה בניחוח קרם עוגיות 150 מ""ל",כיף,,כיף מוס רחצה בניחוח,,150.00,"100 מ""ל",false,,12.90,0.0860,true,1,104287
7290108356519,false,קרליין שמפו 10למניעת קשקשים 700מל,קרליין Careline,IL,קרליין שמפו 10 לשיער,,700.00,100 גרם,false,,13.90,0.0199,true,1,105240
7290108356526,false,"קרליין - שמפו 10 לשיער יבש 700 מ""ל",קרליין Careline,IL,קרליין שמפו 10 לשיער,,700.00,100 גרם,false,,13.90,0.0199,true,1,105241
7290108356533,false,"שמפו 10 לשיער מתולתל 700 מ""ל קרליין",קרליין Careline,IL,קרליין שמפו 10 לשיער,,700.00,100 גרם,false,,13.90,0.0199,true,1,105242
7290108356540,false,"שמפו 10 לשיער צבוע 700 מ""ל קרליין",סנו,IL,קרליין שמפו 10 לשיער,,700.00,100 גרם,false,,13.90,0.0199,true,1,105243
7290108356557,false,"שמפו 10 לשיער למניעת קשקשים 700 מ""ל קרליין",קרליין Careline,IL,קרליין שמפו 10 למניע,,700.00,"100 מ""ל",false,,13.90,0.0199,true,1,105244
7290108356564,false,"קרליין - מרכך 10 לשיער רגיל 700 מ""ל",קרליין Careline,IL,קרליין מרכך 10 לשיער,,700.00,100 גרם,false,,13.90,0.0199,true,1,105245
7290108356571,false,"קרליין - מרכך 10 לשיער יבש 700 מ""ל",קרליין Careline,IL,קרליין מרכך 10 לשיער,,700.00,"100 מ""ל",false,,13.90,0.0199,true,1,105246
7290108356588,false,"מרכך 10 לשיער מתולתל 700 מ""ל קרליין",קרליין Careline,IL,קרליין מרכך 10 לשיער,,700.00,100 גרם,false,,13.90,0.0199,true,1,105247
7290108356595,false,"מרכך 10 לשיער צבוע 700 מ""ל קרליין",קרליין Careline,IL,קרליין מרכך 10 לשיער,,700.00,100 גרם,false,,13.90,0.0199,true,1,105248
7290108357004,false,"שמפו כיף ורד ושמן קוקוי 700 מ""ל",טרופיקל דגיל תעשיות,IL,כיף שמפו לשיער ורד ו,,700.00,100 גרם,false,,12.90,0.0184,true,1,97295
7290108357011,false,"מרכך כיף ורד ושמן קוקוי 700 מ""ל",טרופיקל דגיל תעשיות,IL,כיף מרכך לשיער ורד ו,,700.00,100 גרם,false,,12.90,0.0184,true,1,97296
7290108357028,false,"כיף תחליב רחצה ורד ושמן קוקוי 700 מ""ל",קוסמופארם בעמ,IL,כיף תחליב רחצה ורד ו,,700.00,100 גרם,false,,12.90,0.0184,true,1,97297
7290108357042,false,"קרליין - נושם ביו דאודורנט רול און 75 מ""ל Citrus Blossoms לאישה",קרליין Careline,IL,קרליין רולאון נושם ב,,75.00,"100 מ""ל",false,,13.90,0.1853,true,1,105468
7290108357189,false,"מבשם ומרכך למייבש הכביסה מקסימה פלורל 750 מ""ל סנו","איי, בי, אינבוו",IL,סנו מקסימה למייבש פל,,750.00,100 גרם,false,,19.90,0.0265,true,1,97298
7290108357196,false,"ג'ט פלוס לניקוי כללי בתוספת תמצית עץ התה 750 מ""ל סנו",מיוצר עי קונדיטוריית,IL,סנו ג'ט +לניקוי וחיט,,750.00,"100 מ""ל",false,,12.90,0.0172,true,1,103118
7290108357240,false,"אוקסיג'ן פאוור תוסף להסרת כתמים קשים 1.4 ק""ג",סנו,IL,סנו אוקסיג'ן פאוור א,,1400.00,100 גרם,false,,29.90,0.0214,true,1,105251
7290108357257,false,סנו - פרש מכשיר אוטומטי לבישום אוויר בתוספת מילוי אולטרא פרש,סנו פרש Fresh,IL,סנו פרש מכשיר+מילוי,יחידה,0.00,יחידה,false,,44.90,0.0000,true,1,106433
7290108357295,false,"סנו - אוקסיג'ן פאוור מרסס להסרת כתמים 750 מ""ל",סנו,IL,סנו אוקסיגן מסיר כתמ,,750.00,"100 מ""ל",false,,17.90,0.0239,true,1,106432
7290108357301,false,"סנו - K300 קוטל חרקים תיקנים ונמלים 300 מ""ל","סנו מפעלי ברונוס בע""",IL,סנו 300-K קוטל נמלים,,300.00,100 גרם,false,,14.90,0.0497,true,1,105535
7290108357653,false,סבון ג'ל לאסלה בניחוח אוקיינוס 3 יח' סנו,קריות זול,,סנובון באבלס בניחוח,,0.00,,false,,16.90,0.0000,true,1,107548
7290108357660,false,סבון ג'ל לאסלה בניחוח לבנדר 3 יח' סנו,קריות זול,,סנובון באבלס בניחוח,,0.00,,false,,16.90,0.0000,true,1,107549
7290108357714,false,"כיף שמפו לשיער יבש -רימונים ושמן ארגן 700 מ""ל",גוד פוד פרודקטס S.p,IL,כיף שמפו לשיער יבש ר,,700.00,100 גרם,false,,12.90,0.0184,true,1,83762
7290108357745,false,שמפו ומרכך 2 ב-1 תאנה ומנטה לכל סוגי השיער,גוד פוד פרודקטס S.p,IL,כיף שמפו ומרכך 2+1 ת,,700.00,100 גרם,false,,12.90,0.0184,true,1,83768
7290108357769,false,"מרכך לשיער רגיל תפוח וזרעי צ'יה 700 מ""ל כיף",גוד פוד פרודקטס S.p,IL,כיף מרכך לשיער רגיל,,700.00,100 גרם,false,,12.90,0.0184,true,1,83764
7290108357776,false,"כיף מרכך לשיער יבש -רימונים ושמן ארגן 700 מ""ל",גוד פוד פרודקטס S.p,IL,כיף מרכך לשיער יבש ר,,700.00,100 גרם,false,,12.90,0.0184,true,1,83765
7290108357851,false,"כיף - ג'ל רחצה אליקסיר אוילס מועשר בשמן קוקוס 700 מ""ל","קוסמופארם בע""מ",IL,כיף ג'ל רחצה אליקסיר,,700.00,"100 מ""ל",false,,12.90,0.0184,true,1,104923
7290108357868,false,"כיף - ג'ל רחצה אליקסיר אויל מועשר בשמן מקדמיה 700 מ""ל",קוסמופארם,IL,כיף ג'ל רחצה אליקסיר,,700.00,"100 מ""ל",false,,12.90,0.0184,true,1,104922
7290108357875,false,"כיף - שמפו לחות מוגברת עם אפרסק וחמאת מורומורו 700 מ""ל",קוסמופארם,IL,כיף שמפו לחות מוגברת,,700.00,100 גרם,false,,12.90,0.0184,true,1,105461
7290108357882,false,"כיף - מרכך לחות מוגברת עם אפרסק וחמאת מורומורו 700 מ""ל",קוסמופארם,IL,כיף מרכך לחות מוגברת,,700.00,100 גרם,false,,12.90,0.0184,true,1,105462
7290108358070,false,"תחליב רחצה קרמה קלאסי 700 מ""ל",גוד פוד פרודקטס S.p,IL,קרמה תחליב רחצה קלאס,,700.00,"100 מ""ל",false,,18.90,0.0270,true,1,100657
7290108358087,false,"תחליב רחצה קרמה מאסק 700 מ""ל",גוד פוד פרודקטס S.p,IL,קרמה תחליב רחצה מאסק,,700.00,100 גרם,false,,18.90,0.0270,true,1,100655
7290108358124,false,דפי בישום לחים למייבש הכביסה בניחוח מרכך כביסה 20 יח' מקסימה,קוסמופארם,IL,מקסימה דפי בישום לחי,,20.00,יח',false,,12.90,0.6450,true,1,107545
7290108359060,false,כריות לניקוי כלים לשבת סנו סושי 4 יח',סנו,IL,סנו סושי כריות ניקוי,,4.00,יח',false,,11.90,2.9750,true,1,104284
7290108359145,false,סושי דפי ספוג הפלא 12יח',קריות זול,IL,סושי דפי ספוג הפלא 1,יחידה,0.00,יחידה,false,,11.90,0.0000,true,1,107547
7290108359183,false,שקית אשפה חזקות 70*50 60 יח' סנו סושי,,,שקיות אשפה עם ידית 6,יחידה,0.00,יחידה,false,,24.90,0.0000,true,1,106810
7290108359190,false,סושי מגבת הפלא 4 יח' = 12 גליל ארוך פי 3,סנו סושי,IL,סנו סושי מגבות הפלא,יחידה,0.00,יחידה,false,,25.90,0.0000,true,1,107958
7290108359213,false,נייר טואלט סופט דו שכבתי 18 גלילים כפולים,סנו סופט Soft,IL,סנו סופט נייר טואלט,יחידה,0.00,יחידה,false,,39.90,0.0000,true,1,108263
7290108359824,false,"כיף - בייבי כיף קרם 500 מ""ל",קוסמופארם בעמ,IL,בייבי כיף קרם גוף 50,,500.00,"100 מ""ל",false,,23.90,0.0478,true,1,82790
7290108359831,false,"כיף - בייבי כיף שמן 500 מ""ל","מיוצר ומשווק ע""י קוס",IL,בייבי כיף שמן גוף 5,,500.00,"100 מ""ל",false,,23.90,0.0478,true,1,82791
7290108359855,false,"בייבי כיף שמפו אל דמע 750 מ""ל",גוד פוד פרודקטס S.p,IL,שמפו אל דמע בייבי כי,,750.00,"100 מ""ל",false,,15.90,0.0212,true,1,82784
7290108359879,false,"כיף - בייבי אלסבון 750 מ""ל",קוסמופארם בעמ,IL,בייבי כיף אל סבון 7,,750.00,"100 מ""ל",false,,15.90,0.0212,true,1,82785
7290108359985,false,סנו - ז'אוול מרסס קצף לניקוי וחינו בניחוח פריחה לבנה 1 ליטר,סנו ז'אוול Javel,IL,סנו ז'אוול קצף ניקוי,,1000.00,100 גרם,false,,19.90,0.0199,true,1,105467
7290108501407,false,גבינת צ'דר מיושנת 200גרם VINTAGE,וויקה פארמס אל.טי.די,GB,גבינת צדר מיושנת וינ,,200.00,"100 מ""ל",false,,19.90,0.0995,true,1,82230
7290108501490,false,גבינה מוצרלה פרוסות ו.פוד 150ג',,,גבינת מוצרלה פרוסות,,150.00,100 גרם,false,,13.90,0.0927,true,1,82233
7290108501827,false,קדאיף שערות בצק 450 גר',הנסיך- מפעל לייצור ט,GR,שערות קדאיף בצק 450ג,,450.00,100 גרם,false,,19.90,0.0442,true,1,85400
7290108502305,false,גבינת גרדה פדנו משולש 150 גר`וילי פוד,וילי פוד,IT,גבינת גרנה פדנו משול,,150.00,"100 מ""ל",false,,21.90,0.1460,true,1,82811
7290108502541,false,גבינת שמנת טבעי 200ג' EURO CHEESE,קסוס אל פסטור,TR,גבינת שמנת טבעי יורו,,200.00,100 גרם,false,,12.90,0.0645,true,1,82216
7290108502558,false,גבינת שמנת לייט טבעי 200ג' EURO CHEESE,אטלסר ואלפרי,TW,גבינת שמנת לייט טבעי,,200.00,100 גרם,false,,12.90,0.0645,true,1,82220
7290108502862,false,מלפפונים כבושים במלח 18-25קטנים מאוד 600ג',וילי פוד,TR,מלפפון כבוש במלח 600,,600.00,"100 מ""ל",false,,9.90,0.0165,true,1,92545
7290108503043,false,תפוחונים חטיף פלחים מיובשים מארז 22X4ג',ינטאי זונגקאן פוד קו,CN,מארז תפוחונים 4*22 ג,,88.00,"100 מ""ל",false,,14.90,0.1693,true,1,82810
7290108503067,false,פרמזנו משולש ויליפוד,וילי פוד,IL,פרמזנו משולש 150 גרם,,150.00,"100 מ""ל",false,,15.90,0.1060,true,1,82814
7290108503159,false,גבינה כחולה עם עובש 100 גר,קסוס אל פסטור,ES,גבינה כחולה עם עובש,,100.00,100 גרם,false,,15.90,0.1590,true,1,82815
7290108503647,false,"אורז בסמטי מובחר 1 ק""ג",אל.טי.פודס בעמ,IN,אורז בסמטי דאווט 1 ק,,1000.00,"100 מ""ל",false,,12.90,0.0129,true,1,92059
7290108504002,false,פרוסות גבינה לייט 150גרם 9%שומן לכריכים וטוסטים,Euro יורו מחלבות אירופה,,פרוסות גבינה לייט150,,150.00,100 גרם,false,,9.90,0.0660,true,1,101497
7290108504293,false,גבינה מנצ'גו צ'אנק 150 גר',ג.וילי פוד אינטרנשיו,ES,מנצ'גו צ'אנק יורו צי,,150.00,"100 מ""ל",false,,14.90,0.0993,true,1,84854
7290108504392,false,גבינת שמנת לייט עם זיתים 200 ג' - EURO CHEESE,אטלסר ואלפרי,TW,גבינת שמנת לייט עם ז,,200.00,"100 מ""ל",false,,12.90,0.0645,true,1,96996
7290108505719,false,גבינת מוצרלה מגורדת 25%,יורו צ'יז Euro Cheese,TR,גבינת מוצרלה מגורדת,,200.00,"100 מ""ל",false,,14.90,0.0745,true,1,98985
7290108505726,false,גבינה חצי קשה-אצבעות,סאסו פטוראגס קומטויס,TR,אצבעות גבינה חצי קשה,,200.00,"100 מ""ל",false,,14.90,0.0745,true,1,98983
7290108505733,false,צמות - גבינה חצי קשה 25% שומן 200 ג',אונטד גידה,TR,צמות גבינה חצי קשה 2,,200.00,"100 מ""ל",false,,14.90,0.0745,true,1,98982
7290108505740,false,גבינת קשקבל קשה למחצה 25% שומן,Euro יורו מחלבות אירופה,TR,גבינת קשקבל חצי קשה,,200.00,"100 מ""ל",false,,14.90,0.0745,true,1,98984
7290108506495,false,"כנאפה מאפה בצק ""שערות"" קדאיף וגבינה",ארמה גרופ,TR,פינוקים כנאפה קפוא 1,,192.50,100 גרם,false,,12.90,0.0670,true,1,98695
7290108506624,false,גבינת עיזים צ'אנק 15,אל פסטור,ES,גבינת עיזים צ'אנק 15,,150.00,100 גרם,false,,14.90,0.0993,true,1,99217
7290108506709,false,גבינת פרמג'יאנו רג'יאנו 150 גר' רבנות,וילי פוד,IT,גבינת פרמז'נו רג'יאנ,,150.00,"100 מ""ל",false,,24.90,0.1660,true,1,98986
7290108506969,false,מאפה בורקס מים תורכי - גבינה 300 ג',וילי פוד,TR,מאפה בורקס מים תורכי,,300.00,"100 מ""ל",false,,9.90,0.0330,true,1,100881
7290108507010,false,מאפה בורקס מים תורכי - תרד וגבינה 300 ג',וילי פוד,TR,מאפה בורקס מים תורכי,,300.00,"100 מ""ל",false,,9.90,0.0330,true,1,100882
7290108507058,false,ביסקויט פריך בשוקולד חלב 100 גרם -קהילות,מודרן צוקולטה,TR,ביסקויט פריך בשוקולד,,100.00,100 גרם,false,,6.90,0.0690,true,1,105429
7290108507645,false,ביסקויט פריך בשוקולד מריר 100 גרם -קהילות,מודרן צוקולטה,TR,ביסקוויט פריך בשוקול,,100.00,"100 מ""ל",false,,6.90,0.0690,true,1,105430
7290108507652,false,ביסקויט פריך בשוקולד לבן 100 גרם -קהילות,מודרן צוקולטה,TR,ביסקויט פריך בשוקולד,,100.00,"100 מ""ל",false,,6.90,0.0690,true,1,105431
7290108508369,false,גבינת שערות צ'יז לונ,אונטד גידה,TR,גבינת צייז לונג 200,,200.00,"100 מ""ל",false,,21.90,0.1095,true,1,101774
7290108508963,false,גבינת קשקבל מגורדת 25% שומן,Euro יורו מחלבות אירופה,TR,גבינת קשקבל מגורדת ח,,200.00,"100 מ""ל",false,,14.90,0.0745,true,1,102666
7290108509113,false,"גבינה בולגרית מעודנת 18% שומן 250 גרם חת""ס פ""ת",Euro יורו מחלבות אירופה,TR,גבינה בולגרית מעודנת,,250.00,"100 מ""ל",false,,11.90,0.0476,true,1,105035
7290108509120,false,גבינה בולגרית מעודנת 18% שומן יורו 500 ג',,,גבינה בולגרית מעודנת,,500.00,100 גרם,false,,19.90,0.0398,true,1,105038
7290108509267,false,ארוחת פסטה עם רוטב גבינה,הנסיך- מפעל לייצור ט,UA,ארוחת פסטה עם רוטב ע,,206.00,100 גרם,false,,9.90,0.0481,true,1,107459
7290108509595,false,גבינה מלוחה עם ריחן 24% 153גרם,,GR,גבינה מלוחה 24% עם ע,,153.00,100 גרם,false,,15.90,0.1039,true,1,107696
7290108509700,false,אורז פרסי דאווט 1 קג,אל טי פוד,IN,"אורז פרסי דאווט 1 ק""",,1000.00,"100 מ""ל",false,,9.90,0.0099,true,1,105032
7290109351025,false,מלך החומוס חומוסטחינה 40% טחינה גולמית,סלטי צבר,IL,חומוסטחינה צבר 400גר,,400.00,"100 מ""ל",false,,14.50,0.0363,true,1,56187
7290109352916,false,פריכיות דגנים פיטנס מצופות שוקולד לבן,נסטלה Nestle,IL,פריכיות שוקולד לבן פ,,84.00,100 גרם,false,,14.90,0.1774,true,1,72777
7290109354101,false,לחמית ללא גלוטן 200 ג' אסם,אסם,IL,לחמית ללא גלוטן אסם,,200.00,"100 מ""ל",false,,11.50,0.0575,true,1,85328
7290109358284,false,טבעול שניצל תירס עם חלבון 664 גר',עיצובים 2020 (4.8),IL,שניצל תירס עם חלבון,,664.00,"100 מ""ל",false,,31.90,0.0480,true,1,78287
7290109358482,false,עוגיות קרמוגית במילוי קרם בטעם חלבה,היינץ צפון אמריקה מק,IL,קרמוגית במילוי חלווה,,200.00,100 גרם,false,,12.70,0.0635,true,1,83205
7290109580043,false,"שניצל תירס קלאסי זוגלובק 1.75 ק""ג",זוגלובק,IL,"שניצל תירס 1.75ק""ג ז",,1750.00,100 גרם,false,,49.90,0.0285,true,1,101006
7290109580098,false,קבנוס בטעם סרירצ'ה 135 ג' זוגלובק,זוגלובק,IL,קבנוס בטעם סרירצ'ה ז,,135.00,"100 מ""ל",false,,13.90,0.1030,true,1,105273
7290109580104,false,פסטרמה פרימיום רוסטביף 150 גר',זוגלובק,IL,זוגלובק פרימיום רוסט,,150.00,100 גרם,false,,27.90,0.1860,true,1,102045
7290109580111,false,"צלעות אסאדו מעושנות פרימיום, 120 גרם",זוגלובק,IL,צלעות אסאדו מעושנות,,120.00,100 גרם,false,,27.90,0.2325,true,1,105148
7290109580135,false,פרימיום קורנדביף זוגלובק 180 ג',זוגלובק,IL,זוגלובק פרימיום קורנ,,180.00,"100 מ""ל",false,,27.90,0.1550,true,1,102048
7290109580210,false,נקנקיות ריינהולד'ס הצרפתיה זוגלובק 300 ג',זוגלובק,IL,נקניקיות הצרפתיה ריי,,300.00,"100 מ""ל",false,,25.90,0.0863,true,1,104892
7290109580227,false,נקניקיות עוף ובקר בסגנון ברלינאי קאריוורסט,זוגלובק,IL,נקניקיות קאריוורסט ר,,300.00,100 גרם,false,,25.90,0.0863,true,1,104893
7290109580241,false,נאגטס מן הצומח 500 ג' זוגלובק,זוגלובק טבע,IL,נאגטס מן הצומח 500גר,,500.00,100 גרם,false,,29.90,0.0598,true,1,106387
7290109580432,false,פסטרמה חזה הודו מעושן 120 גר' זוגלובק,זוגלובק,IL,פסטרמה בדחזה הודו מע,,120.00,"100 מ""ל",false,,16.90,0.1408,true,1,106385
7290109920146,false,"דורגול מסיר אבנית מקומקומים 750 מ""ל",דורינג,,דורגול מסיר אבנית 75,,750.00,"100 מ""ל",false,,19.90,0.0265,true,1,72853
7290109920627,false,"אסטוניש קרם ואקונומיקה לניקוי אמבטיות 500 מ""ל",אסטוניש,GB,אסטוניש קרם אמבט אקו,,500.00,"100 מ""ל",false,,19.90,0.0398,true,1,80502
7290109920740,false,הפי מרכך לכביסה מרוכז לבנדר 1ל',מיפא,,הפי מרכך כביסה מרוכז,,1000.00,100 גרם,false,,10.90,0.0109,true,1,79056
7290109920757,false,הפי מרכך לכביסה מרוכז ורדים 1ל',מיפא,,הפי מרכך כביסה מרוכז,,1000.00,100 גרם,false,,10.90,0.0109,true,1,79054
7290109921587,false,מיוחד לרצפות גרניט פורצלן 1.25 ליטר,וונדפוט,BE,הפי לרצפית גרנית פור,,1250.00,100 גרם,false,,14.90,0.0119,true,1,91934
7290109921723,false,"דורגול ג'ל לאסלה 750 מ""ל",,,דורגול גל לאסלה 750,,750.00,"100 מ""ל",false,,19.90,0.0265,true,1,108746
7290109921853,false,אסטוניש המשחה המקורית לניקוי עם עוצמה,יעקבי- אסטוניש Astonish,GB,אסטוניש המשחה המקורי,,150.00,"100 מ""ל",false,,15.90,0.1060,true,1,105484
7290109923093,false,"אסטוניש - קרם כיריים הלוגן ומיקרו 500 מ""ל",,,אסטוניש קרם כיריים ה,,500.00,100 גרם,false,,15.90,0.0318,true,1,108744
7290109923109,false,סבון אסלה 5 צדפות+אק,,,הפי סבון אסלה 5 צדפו,יחידה,0.00,יחידה,false,,12.90,0.0000,true,1,106151
7290109923147,false,"פלא של אקונומיקה 750 מ""ל אסטוניש",יעקבי- אסטוניש Astonish,,אסטוניש מרסס פלא של,,750.00,100 גרם,false,,15.90,0.0212,true,1,106150
7290110110369,false,בירה קרלסברג לומה LUMA שישייה,מבשלות בירה בינלאומי,IL,בירה קרלסברג לומה בק,,1980.00,100 גרם,false,,37.90,0.0191,true,1,99550
7290110110703,false,"ספרייט 6 פחיות *330 מ""ל FRIDGE-PACK",קוקה קולה,IL,ספרייט מארז פחיות 6*,,1980.00,"100 מ""ל",false,,28.90,0.0146,true,1,87283
7290110111809,false,"מארז פאנטה אורנג' 330 מ""ל * 6 יח'",החברה המרכזית לייצור,IL,פאנטה אורנג' פחיות ש,,1980.00,100 גרם,false,,28.90,0.0146,true,1,84329
7290110113261,false,נקטר אושן ספריי 19 קלוריות חמוציות 1 ליטר,קריות זול,,אושן ספריי 19 קלוריו,,1000.00,100 גרם,false,,13.50,0.0135,true,1,104514
7290110114787,false,נביעות + תפוח 1.5 ליטר פיקדון,נביעות טבע הגליל בעמ,IL,נביעות+ תפוח 1.5ליטר,,1500.00,100 גרם,false,,9.90,0.0066,true,1,104744
7290110114794,false,נביעות + אפרסק 1.5 ליטר פיקדון,"נביעות טבע הגליל בע""",IL,נביעות+ אפרסק 1.5ליט,,1500.00,100 גרם,false,,9.90,0.0066,true,1,104745
7290110114800,false,נביעות + ענבים 1.5 ליטר פיקדון,"נביעות טבע הגליל בע""",IL,נביעות+ ענבים 1.5ליט,,1500.00,100 גרם,false,,9.90,0.0066,true,1,104746
7290110114824,false,נביעות+רכיבי פרי אבטיח 1.5 ליטר פיקדון,"נביעות טבע הגליל בע""",IL,נביעות+רכיבי פרי אבט,,1500.00,100 גרם,false,,10.90,0.0073,true,1,104748
7290110114855,false,"נביעות מים מינרליים, שישיה 6 * 1.5 ליטר פקדון",נביעות טבע הגליל בעמ,IL,נביעות שישייה 6*1.5ל,,9000.00,"100 מ""ל",false,,13.70,0.0015,true,1,104615
7290110114893,false,מיץ סחוט תפוז 2 ל' פריגת,פריגת,IL,סחוט תפוז 2ליטר,,2000.00,"100 מ""ל",false,,29.90,0.0150,true,1,104609
7290110114954,false,מיץ תפוזים מתקתקים 100% 2 ל' פריגת,פריגת,IL,סחוט 2ליטר מתקתק 100,,2000.00,100 גרם,false,,24.90,0.0125,true,1,104612
7290110114961,false,מיץ בטעם תפוזים 1.5ל' פריגת,מבשלות בירה בינלאומי,IL,משקה קל בטעם תפוזים,,1500.00,"100 מ""ל",false,,9.90,0.0066,true,1,104751
7290110114992,false,פריגת light אשכולית 1.5 ליטר פיקדון,מבשלות בירה בינלאומי,IL,פריגת אשכולית לייט 1,,1500.00,100 גרם,false,,9.90,0.0066,true,1,104754
7290110115005,false,פריגת ענבים 1.5 ליטר פיקדון,מבשלות בירה בינלאומי,IL,משקה קל בטעם ענבים פ,,1500.00,"100 מ""ל",false,,9.90,0.0066,true,1,104755
7290110115012,false,מיץ ענבים בניחוח מרלו 1.5 ל' פריגת,פריגת,IL,משקה קל בטעם מרלו ענ,,1500.00,100 גרם,false,,9.90,0.0066,true,1,104756
7290110115029,false,"פריגת משק""ל תפוח 1.5 ליטר פיקדון",מבשלות בירה בינלאומי,IL,פריגת משקה קל תפוחים,,1500.00,"100 מ""ל",false,,9.90,0.0066,true,1,104757
7290110115036,false,פריגת מנגו 1.5 ליטר פיקדון,מבשלות בירה בינלאומי,IL,פריגת משקה קל מנגו,,1500.00,"100 מ""ל",false,,9.90,0.0066,true,1,104758
7290110115043,false,פריגת לימונענע 1.5 ליטר פיקדון,מבשלות בירה בינלאומי,IL,משקה קל בטעם לימונענ,,1500.00,"100 מ""ל",false,,9.90,0.0066,true,1,104759
7290110115050,false,פריגת מיקס תות בננה 1.5 ליטר פיקדון,מבשלות בירה בינלאומי,IL,פריגת משקה קל תות-בנ,,1500.00,"100 מ""ל",false,,9.90,0.0066,true,1,104760
7290110115067,false,פריגת אפרסק 1.5 ליטר פיקדון,מבשלות בירה בינלאומי,IL,פריגת אפרסק 1.5ליטר,,1500.00,100 גרם,false,,9.90,0.0066,true,1,104761
7290110115074,false,פריגת תפוח דובדבן 1.5 ליטר פיקדון,מבשלות בירה בינלאומי,IL,פריגת תפוח דובדבן 1.,,1500.00,100 גרם,false,,9.90,0.0066,true,1,104762
7290110115081,false,פריגת צלול ענבים 1.5 ליטר פיקדון,מבשלות בירה לישראל ב,IL,פריגת צלול ענבים 1.5,,1500.00,"100 מ""ל",false,,9.90,0.0066,true,1,104764
7290110115104,false,פריגת צלול אפרסק 1.5 ליטר פיקדון,מבשלות בירה בינלאומי,IL,פריגת צלול אפרסק 1.5,,1500.00,"100 מ""ל",false,,9.90,0.0066,true,1,104766
7290110115111,false,פריגת צלול אננס 1.5 ליטר פיקדון,מבשלות בירה לישראל ב,IL,פריגת צלול אננס 1.5,,1500.00,"100 מ""ל",false,,9.90,0.0066,true,1,104767
7290110115128,false,פריגת צלול בטעם לימונענע 1.5 ליטר פיקדון,מבשלות בירה לישראל ב,IL,פריגת צלול בטעם לימו,,1500.00,"100 מ""ל",false,,9.90,0.0066,true,1,104769
7290110115180,false,מים מינרליים נביעות,"נביעות טבע הגליל בע""",IL,נביעות 1.5 ליטר,,1500.00,"100 מ""ל",false,,2.90,0.0019,true,1,104847
7290110115203,false,קוקה קולה 1.5 ליטר פיקדון,קוקה קולה Coca Cola,IL,קוקה קולה 1.5 ליטר,,1500.00,"100 מ""ל",false,,8.90,0.0059,true,1,104621
7290110115210,false,דיאט קוקה קולה 1.5 ליטר פיקדון,קוקה קולה Coca Cola,IL,קוקה קולה דיאט 1.5ל,,1500.00,100 גרם,false,,8.90,0.0059,true,1,104622
7290110115227,false,קולה ZERO 1.5 ליטר פיקדון,קוקה קולה Coca Cola,IL,קוקה קולה זירו בקבוק,,1500.00,"100 מ""ל",false,,8.90,0.0059,true,1,104623
7290110115234,false,קולה ZERO נטול 1.5 ליטר פיקדון,החברה המרכזית לייצור,IL,קוקה קולה זירו נטול,,1500.00,"100 מ""ל",false,,8.90,0.0059,true,1,104624
7290110115241,false,קוקה קולה זירו לימון 1.5 ליטר,החברה המרכזית לייצור,IL,קוקה קולה זירו לימון,,1500.00,100 גרם,false,,8.90,0.0059,true,1,104625
7290110115265,false,ספרייט 1.5 ליטר LIME פיקדון,החברה המרכזית לייצור,IL,ספרייט ליים 1.5ליטר,,1500.00,"100 מ""ל",false,,8.90,0.0059,true,1,104721
7290110115272,false,ZERO ספרייט זירו 1.5 ליטר פיקדון,החברה המרכזית לייצור,IL,ספרייט זירו 1.5 ליטר,,1500.00,"100 מ""ל",false,,8.90,0.0059,true,1,104722
7290110115296,false,פאנטה אורנג' 1.5 ליטר פיקדון,החברה המרכזית לייצור,IL,פאנטה אורנג׳ 1.5 ליט,,1500.00,"100 מ""ל",false,,8.90,0.0059,true,1,104770
7290110115302,false,פאנטה ZERO אורנג' 1.5 ליטר פיקדון,החברה המרכזית לייצור,IL,פאנטה אורנג׳ זירו 1.,,1500.00,"100 מ""ל",false,,8.90,0.0059,true,1,104771
7290110115319,false,פאנטה אקזוטיק 1.5 ליטר פיקדון,החברה המרכזית לייצור,IL,פאנטה אקזוטי 1.5 ליט,,1500.00,100 גרם,false,,8.90,0.0059,true,1,104775
7290110115333,false,פאנטה תות 1.5 ליטר פיקדון,החברה המרכזית לייצור,IL,פאנטה תות 1.5 ליטר,,1500.00,100 גרם,false,,8.90,0.0059,true,1,104777
7290110115340,false,פאנטה ענבים 1.5 ליטר פיקדון,קוקה קולה,IL,פאנטה ענבים 1.5ליטר,,1500.00,100 גרם,false,,8.90,0.0059,true,1,104778
7290110115364,false,קוקה קולה שישיות 1.5 ליטר פיקדון,החברה המרכזית לייצור,IL,קוקה קולה שישייה 6*1,,9000.00,100 גרם,false,,49.90,0.0055,true,1,104627
7290110115371,false,דיאט קוקה קולה שישיות 1.5 ליטר פיקדון,החברה המרכזית לייצור,IL,קוקה קולה דיאט שישיי,,9000.00,100 גרם,false,,49.90,0.0055,true,1,104628
7290110115388,false,ספרייט ליים שישיות 1.5 ליטר פיקדון,החברה המרכזית לייצור,IL,ספרייט ליים שישייה 6,,9000.00,100 גרם,false,,49.90,0.0055,true,1,104772
7290110115395,false,ZERO ספרייט שישיות 1.5 ליטר פיקדון,החברה המרכזית לייצור,IL,ספרייט זירו שישייה 6,,9000.00,"100 מ""ל",false,,49.90,0.0055,true,1,104773
7290110115418,false,מארז שישייה קוקה קולה זירו 1.5 ל',החברה המרכזית לייצור,IL,קוקה קולה זירו שישיי,,9000.00,"100 מ""ל",false,,49.90,0.0055,true,1,104718
7290110115425,false,FUZE TEA גרין לימונענע -נענע 1.5 ליטר פיקדון,מבשלות בירה בינלאומי,IL,פיוז טי גרין לימון נ,,1500.00,100 גרם,false,,10.90,0.0073,true,1,104726
7290110115449,false,אייס תה בטעם מנגו אננס 1.5ל' FUZE TEA,מבשלות בירה בינלאומי,IL,פיוז טי תה קר בטעם מ,,1500.00,"100 מ""ל",false,,10.90,0.0073,true,1,104728
7290110115456,false,"תה קר בטעם אפרסק 19 קלוריות ב- 100 מ""ל",מבשלות בירה בינלאומי,IL,פיוז טי אפרסק 19קלור,,1500.00,100 גרם,false,,10.90,0.0073,true,1,104729
7290110115463,false,אייס תה בטעם אפרסק 1.5ל' FUZE TEA,מבשלות בירה בינלאומי,IL,פיוז תה 1.5 ליטר בטע,,1500.00,"100 מ""ל",false,,10.90,0.0073,true,1,104730
7290110115494,false,אייס תה בטעם ענבים 1.5ל' FUZE TEA,מבשלות בירה בינלאומי,IL,פיוז טי תה קר בטעם ע,,1500.00,"100 מ""ל",false,,10.90,0.0073,true,1,104732
7290110115500,false,קוקה קולה שישיות 2 ליטר פיקדון,קוקה קולה,,קוקה קולה שישיות 6*2,,12000.00,100 גרם,false,,59.90,0.0050,true,1,104719
7290110115531,false,פאנטה ZERO תפוח 1.5 ליטר פיקדון,החברה המרכזית לייצור,IL,פאנטה ZERO תפוח 1.5,,1500.00,100 גרם,false,,8.90,0.0059,true,1,104774
7290110115593,false,פריגת אשכוליות 40% פחות סוכר 1.5 ליטר פיקדון,מבשלות בירה בינלאומי,IL,פריגת אשכולית 40% פח,,1500.00,"100 מ""ל",false,,9.90,0.0066,true,1,104763
7290110115609,false,פריגת ענבים 40% פחות סוכר 1.5 ליטר פיקדון,מבשלות בירה בינלאומי,IL,פריגת ענבים 40% פחות,,1500.00,100 גרם,false,,9.90,0.0066,true,1,104768
7290110115616,false,FUZE tea zero גרין אננס 1.5 ליטר פיקדון,מבשלות בירה בינלאומי,IL,פיוז טי זירו גרין אנ,,1500.00,"100 מ""ל",false,,10.90,0.0073,true,1,104736
7290110115623,false,משקה פיוז טי זירו ZERO בטעם אפרסק,מבשלות בירה בינלאומי,IL,פיוז טי זירו אפרסק 1,,1500.00,100 גרם,false,,10.90,0.0073,true,1,104735
7290110115777,false,מים מינרלים נביעות 1.5 ל,נביעות,,נביעות 1.5 ליטר,,1500.00,"100 מ""ל",false,,2.90,0.0019,true,1,104848
7290110115821,false,"ספרייט לימון, 1.5 ליטר פקדון",כלורוקס אוקלנד,IL,ספרייט ליים 1.5ליטר,,1500.00,100 גרם,false,,8.90,0.0059,true,1,104863
7290110115838,false,"ספרייט זירו, 1.5 ליטר פקדון","אינסטנטה בע""מ",IL,ספרייט זירו 1.5 ליטר,,1500.00,"100 מ""ל",false,,8.90,0.0059,true,1,104867
7290110115845,false,קוקה קולה 1.5 ליטר פיקדון,"אינסטנטה בע""מ",IL,קוקה קולה 1.5 ליטר,,1500.00,"100 מ""ל",false,,8.90,0.0059,true,1,104843
7290110115852,false,קוקה קולה דיאט בקבוק,תות תעשיות מזון (201,IL,קוקה קולה דיאט 1.5ל,,1500.00,100 גרם,false,,8.90,0.0059,true,1,104864
7290110115869,false,קוקה קולה זירו 1.5 ליטר פיקדון,תות תעשיות מזון (201,IL,קוקה קולה זירו בקבוק,,1500.00,"100 מ""ל",false,,8.90,0.0059,true,1,104844
7290110115968,false,קוקה קולה 1ליטר,קוקה קולה,,קוקה קולה 1ליטר,,1000.00,"100 מ""ל",false,,7.50,0.0075,true,1,105465
7290110115975,false,קוקה קולה זירו בקבוק,החברה המרכזית לייצור,IL,קוקה קולה זירו 1 ליט,,1000.00,100 גרם,false,,7.50,0.0075,true,1,105471
7290110116064,false,פאנטה ZERO פירות ירוק 1.5 ליטר פיקדון,החברה המרכזית לייצור,IL,פאנטה זירו פירות ירו,,1500.00,100 גרם,false,,8.90,0.0059,true,1,106383
7290110116156,false,נביעות+ רכיבי פרי מנגו פסיפלורה 1.5 ליטר,נביעות,IL,נביעות+רכיבי פרי מנג,,1500.00,100 גרם,false,,10.90,0.0073,true,1,107002
7290110116170,false,נביעות+ רכיבי פרי קוקוס אננס 1.5 ליטר,נביעות,IL,נביעות+רכיבי פרי קוק,,1500.00,100 גרם,false,,10.90,0.0073,true,1,107003
7290110116484,false,מיץ סחוט תות בננה 1 ל' פריגת,Unknown,IL,פריגת סחוט מיקס תות,,1000.00,100 גרם,false,,19.90,0.0199,true,1,107890
7290110116491,false,מיץ סחוט אפרסק משמש 1 ל' פריגת,Unknown,IL,פריגת סחוט מיקס אפרס,,1000.00,"100 מ""ל",false,,19.90,0.0199,true,1,107891
7290110116507,false,מיץ מיקס אננה בננה אגס 1 ל' פריגת,גת,IL,פריגת סחוט מיקס אננס,,1000.00,100 גרם,false,,19.90,0.0199,true,1,107892
7290110320591,false,גבינה בולגרית מעודנת 16%,פיראוס,IL,בולגרית 16% במרקם מע,,250.00,"100 מ""ל",false,,24.90,0.0996,true,1,76963
7290110320850,false,פתיתים גבינה חצי קשה מגורדת 28% שומן,תנובה מרכז שיתופי לש,IL,פתיתי עמק 28% שומן 2,,200.00,יח',false,,16.50,0.0825,true,1,78906
7290110320867,false,פתיתים גבינה חצי קשה מגורדת 28% שומן,תנובה מרכז שיתופי לש,IL,פתיתי עמק 28% שומן 5,,500.00,יח',false,,37.90,0.0758,true,1,79954
7290110320935,false,גבינת מוצרלה תנובה 150ג' פרוסות,תנובה מרכז שיתופי לש,IL,פרוסות מוצרלה 150גר,,200.00,100 גרם,false,,16.90,0.0845,true,1,78601
7290110321048,false,יוגורט גו במתיקות מע,תנובה,IL,יופלה GO מעדן במתיקו,,200.00,100 גרם,false,,5.90,0.0295,true,1,78598
7290110321277,false,קוטג' בקטנה % 5 100 ג' תנובה,פארייפאבה אגרואינדוס,IL,קוטג בקטנה 5% מהדרין,,100.00,100 גרם,false,,2.90,0.0290,true,1,79913
7290110321284,false,קוטג' בקטנה 9% 100 ג' תנובה,פארייפאבה אגרואינדוס,IL,קוטג בקטנה 9% מהדרין,,100.00,100 גרם,false,,2.90,0.0290,true,1,79914
7290110321680,false,יוגורט GO בטעם תות 20 גרם חלבון בגביע,מיוצר עי קונדיטוריית,IL,יוגורט גו תות 200 מל,,200.00,"100 מ""ל",false,,6.20,0.0310,true,1,80125
7290110321697,false,יוגורט GO בטעם אפרסק 20 גרם חלבון בגביע,מיוצר עי קונדיטוריית,IL,יוגורט גו אפרסק 200,,200.00,"100 מ""ל",false,,6.20,0.0310,true,1,80126
7290110321703,false,יוגורט GO בטעם פירות יער 20 גרם חלבון בגביע,מיוצר עי קונדיטוריית,IL,יוגורט גו פירות יער,,200.00,100 גרם,false,,6.20,0.0310,true,1,81751
7290110322014,false,טופו בטעם טבעי תנובה ALTERNATIVE,שוורצקוף& הנקל דיסלד,IL,טופו טבעי 300 גרם,,300.00,100 גרם,false,,13.40,0.0447,true,1,81752
7290110322021,false,טופו עם בזיליקום תנובה ALTERNATIVE,שוורצקוף& הנקל דיסלד,IL,טופו בזיליקום 300 גר,,300.00,"100 מ""ל",false,,13.40,0.0447,true,1,81753
7290110322038,false,טופו פיקנטי תנובה ALTERNATIVE,שוורצקוף& הנקל דיסלד,IL,טופו פיקנטי 300 גרם,,300.00,"100 מ""ל",false,,13.40,0.0447,true,1,81754
7290110322946,false,יופלה טיוב יוגורט במרקם חלק בטעם תות בננה כשרות רבנות 348 ג',,,יוגורט טיוב תות בננה,,348.00,יח',false,,12.90,0.0371,true,1,82718
7290110323301,false,טל העמק בסגנון אמנטל 32% שומן 200 גרם,עמק - תנובה,IL,גבינת טל עמק 32% שומ,,200.00,"100 מ""ל",false,,19.50,0.0975,true,1,83497
7290110323585,false,יופלה יוגורט עם דובדבן מופחת קלוריות 200 ג' GO,יופלה Yoplait,,יוגורט גו לייט דובדב,,200.00,"100 מ""ל",false,,6.20,0.0310,true,1,82971
7290110323592,false,יופלה יוגורט עם אפרסק מופחת קלוריות 200 ג' GO,יופלה Yoplait,,יוגורט גו לייט אפרסק,,200.00,"100 מ""ל",false,,6.20,0.0310,true,1,82972
7290110323714,false,משקה קוקוס שקדים תנובה E אלטרנטיב,מיוצר עי קונדיטוריית,IL,משקה קוקוס שקדים 1 ל,,1000.00,100 גרם,false,,13.00,0.0130,true,1,83491
7290110323998,false,מאגדת שמינייה מיני קרלו קצפת 8*77 ג',תנובה מרכז שיתופי לש,IL,מאגדת מיני קרלו קצפת,,616.00,"100 מ""ל",false,,12.50,0.0203,true,1,103017
7290110324353,false,יוגורט GO לייט בטעם אננס 20 גרם חלבון בגביע,"תנובה בע""מ",IL,יוגורט גו לייט אננס,,200.00,"100 מ""ל",false,,6.20,0.0310,true,1,84179
7290110324551,false,יופלה טיוב יוגורט במרקם חלק בטעם תות 348 ג',יופלה Yoplait,IL,יוגורט טיוב תות מהדר,,348.00,"100 מ""ל",false,,12.90,0.0371,true,1,83852
7290110324711,false,ממרח סויה בטעם טבעי 9% שומן אלטרנטיב,מיוצר עי קונדיטוריית,IL,ממרח סויה 9% בטעם טב,,250.00,"100 מ""ל",false,,9.40,0.0376,true,1,84807
7290110324841,false,מעדן שקדים עם שוקולד מריר אלטרנטיב,מיוצר עי קונדיטוריית,IL,מעדן שקדים עם שוקולד,,125.00,100 גרם,false,,4.50,0.0360,true,1,92231
7290110324858,false,מעדן שקדים בטעם אגוזי לוז אלטרנטיב,תנובה Alternative,IL,מעדן שקדים בטעם אגוז,,125.00,"100 מ""ל",false,,4.50,0.0360,true,1,92232
7290110324872,false,גבינה צהובה גלבוע 5% שומן 200 גרם,גלבוע - תנובה,IL,גבינה צהובה גלבוע 5%,,200.00,יח',false,,19.30,0.0965,true,1,92227
7290110324926,false,משקה סויה ללא תוספת סוכר E אלטרנטיב,תנובה מרכז שיתופי לש,IL,משקה סויה ללא תוספת,,1000.00,100 גרם,false,,11.90,0.0119,true,1,91980
7290110325084,false,מאגדת שמינייה מיני קרלו שוניל 8*100גרם,קריות זול,,מאגדת שמינייה מיני ק,,800.00,100 גרם,false,,14.90,0.0186,true,1,89022
7290110325114,false,"משקה יוגורט יופלה גו לייט תות בננה 250 מ""ל - רבנות",מיוצר עי קונדיטוריית,IL,משקה גו לייט תות בננ,,250.00,"100 מ""ל",false,,6.80,0.0272,true,1,89023
7290110325169,false,פרוסות גבינת גאודה 30%,תנובה,IL,פרוסות גאודה 170 גרם,,170.00,"100 מ""ל",false,,19.90,0.1171,true,1,98520
7290110325619,false,משקה שיבולת שועל תנובה E אלטרנטיב,מיוצר עי קונדיטוריית,IL,משקה שיבולת שועל 1 ל,,1000.00,100 גרם,false,,13.00,0.0130,true,1,97198
7290110325893,false,משקה חלב GO מועשר בחלבון בטעם אייס קפה,מיוצר עי קונדיטוריית,IL,משקה חלב גו אייס קפה,,340.00,100 גרם,false,,8.30,0.0244,true,1,97196
7290110326210,false,יופלה און טופ פצפוצים 157 גרם.,מיוצר עי קונדיטוריית,IL,יוגורט און טופ פצפוצ,,157.00,"100 מ""ל",false,,5.20,0.0331,true,1,98513
7290110326234,false,יוגורט און טופ כוכבים 157 ג' יופלה,מיוצר עי קונדיטוריית,IL,יופלה און טופ כוכבים,,157.00,יח',false,,5.20,0.0331,true,1,98515
7290110326333,false,פרוסות גבינה בסגנון סקנדינבי 31%,פ.פ.ח. שאביט,IL,פרוסות גבינה סקנדינב,,170.00,"100 מ""ל",false,,19.90,0.1171,true,1,100817
7290110326876,false,לאבנה עיזים פיראוס 2,Unknown,,לאבנה עיזים 250 גרם,,250.00,"100 מ""ל",false,,17.90,0.0716,true,1,108253
7290110326906,false,חלב נטול לקטוז 3% 1 ליטר,מיוצר עי קונדיטוריית,IL,חלב נטול לקטוז 3% שו,,1000.00,"100 מ""ל",false,,7.60,0.0076,true,1,100834
7290110327279,false,גבינת שמנת בסגנון טוסקנה נפוליאון 24% שומן 225 ג',תנובה מרכז שיתופי לש,IL,גבינת נפוליאון טוסקנ,,225.00,"100 מ""ל",false,,14.50,0.0644,true,1,100449
7290110327514,false,משקה שיבולת שועל בטעם אגוזי לוז 1 ליטר אלטרנטיב,תנובה מרכז שיתופי לש,IL,משקה שיבולת שועל בטע,,1000.00,100 גרם,false,,13.00,0.0130,true,1,103412
7290110327545,false,מעדן און טופ תות פצפוצים מצופים שוקולד 157ג' יופלה,מיוצר עי קונדיטוריית,IL,יופלה און טופ בטעם ת,,157.00,100 גרם,false,,4.80,0.0306,true,1,101250
7290110327637,false,יוגורט דיאט יופלה קיווי 0% שומן 150 ג' יופלה,תנובה מרכז שיתופי לש,IL,יופלה דיאט בטעם קיוו,,150.00,"100 מ""ל",false,,4.90,0.0327,true,1,101175
7290110327798,false,חטיף חלבון GO - שוקולד 60 ג' חלב נוכרי - רבנות,"בלמונט קונפקציות בע""",US,חטיף חלבון גו בטעם ש,יחידה,0.00,יחידה,false,,11.90,0.0000,true,1,103110
7290110327811,false,חטיף חלבון GO - קוקוס 60 ג' חלב נוכרי - רבנות,"בלמונט קונפקציות בע""",US,GO חטיף חלבון עם קוק,יחידה,0.00,יחידה,false,,11.90,0.0000,true,1,103112
7290110327828,false,חטיף חלבון GO - חמאת בוטנים 60 ג' חלב נוכרי - רבנות,"בלמונט קונפקציות בע""",US,חטיף חלבון גו בטעם ח,יחידה,0.00,יחידה,false,,11.90,0.0000,true,1,103113
7290110328627,false,יוגורט יופלה GO במרקם סמיך בטעם בננה קרמל 0%,מיוצר עי קונדיטוריית,IL,יוגורט גו סמיך בננה,,200.00,יח',false,,6.20,0.0310,true,1,103021
7290110328764,false,יוגורט יופלה GO במרקם סמיך עם תות 0%,מיוצר עי קונדיטוריית,IL,יוגורט גו סמיך תות 0,,200.00,יח',false,,6.20,0.0310,true,1,103022
7290110328771,false,יוגורט יופלה GO במרקם סמיך עם פירות יער 0%,מיוצר עי קונדיטוריית,IL,יוגורט גו סמיך פירות,,200.00,יח',false,,6.20,0.0310,true,1,103023
7290110328788,false,יוגורט יופלה GO במרקם סמיך בטעם אפרסק 0%,תנובה מרכז שיתופי לש,IL,יוגורט גו סמיך אפרסק,,200.00,יח',false,,6.20,0.0310,true,1,103020
7290110329303,false,פרוסות צהובה 200 גרם אלטרנטיב אלטרנטיב,תנובה Alternative,IL,פרוסות בטעם גבינה צה,,200.00,"100 מ""ל",false,,21.90,0.1095,true,1,103413
7290110329686,false,"משקה חלב בטעם עוגיות 340 מ""ל GO",מיוצר עי קונדיטוריית,IL,משקה חלב גו בטעם עוג,,340.00,100 גרם,false,,8.30,0.0244,true,1,104395
7290110329730,false,"משקה חלב עם שוקולד וקפה בסגנון לאטה 2.7%  230 מ""ל תנובה",תנובה מרכז שיתופי לש,IL,משקה חלב עם שוקולד ו,,230.00,"100 מ""ל",false,,7.90,0.0343,true,1,106036
7290110329792,false,יוגורט סויה BIO Alternative אפרסק 150 ג' תנובה,מיוצר עי קונדיטוריית,IL,סויה ביו אפרסק 150 ג,,150.00,"100 מ""ל",false,,5.00,0.0333,true,1,104917
7290110329808,false,יוגורט סויה BIO Alternative תות 150 ג' תנובה,מיוצר עי קונדיטוריית,IL,סויה ביו תות 150 ג א,,150.00,"100 מ""ל",false,,5.00,0.0333,true,1,104918
7290110329815,false,סויה BIO מתיקות מעודנת גביע 150 גרם אלטרנטיב,מיוצר עי קונדיטוריית,IL,סויה ביו מתיקות מעוד,,150.00,"100 מ""ל",false,,5.00,0.0333,true,1,104914
7290110329822,false,יוגורט סויה BIO Alternative פירות יער 150 ג' תנובה,מיוצר עי קונדיטוריית,IL,סויה ביו פירות יער ג,,150.00,"100 מ""ל",false,,5.00,0.0333,true,1,104915
7290110329846,false,יוגורט סויה BIO Alternative בטעם טבעי 150 ג' תנובה,תנובה Alternative,IL,סויה ביו טבעי 150 גר,,150.00,"100 מ""ל",false,,5.00,0.0333,true,1,104920
7290110550202,false,מטבעות שוקולד חלב לאפיה 400 ג עילת,שטראוס,IL,מטבעות שוקולד חלב לא,,400.00,100 גרם,false,,31.90,0.0797,true,1,105888
7290110550370,false,פריכיות משולשות קינואה ופלפל שחור 65 גרם,Unknown,,משולשות קינואה ופלפל,,65.00,"100 מ""ל",false,,10.90,0.1677,true,1,107040
7290110552121,false,יוגורט בתוספת סידן וויטמין ד 100 ג' דנונה,תנובה מרכז שיתופי לש,IL,היוגורט הראשון שלי 1,,100.00,"100 מ""ל",false,,2.70,0.0270,true,1,106075
7290110552220,false,יוגורט PRO בטעם תות 0% סוכר לבן 20 גרם חלבון בגביע,"שטראוס בריאות בע""מ",IL,דנונה פרו 20 גרם חלב,,200.00,"100 מ""ל",false,,6.80,0.0340,true,1,104876
7290110552237,false,יוגורט פרו בטעם אפרסק מנגו ללא סוכר 200 ג' דנונה,"שטראוס בריאות בע""מ",IL,דנונה פרו 20 גרם חלב,,200.00,"100 מ""ל",false,,6.80,0.0340,true,1,104874
7290110553029,false,"אנרג'י קריספס-פריכיות חומוס, עדשים ואפונה עם קייל וסלק","פרח תעשיו מזון בע""מ",IL,אנרגי קריספס | פריכי,,60.00,"100 מ""ל",false,,10.90,0.1817,true,1,105080
7290110553135,false,נסקפה קפוצ'ינו סטיק וניל 130 ג' עלית,,,אבקה להכנת משקה קפוצ,,130.00,"100 מ""ל",false,,17.90,0.1377,true,1,107405
7290110553173,false,אנרג'י - פריכיות בטעם קרמל 40 גרם,סאנורייס בלגיום,IL,פריכיות אנרגי בטעם כ,,40.00,"100 מ""ל",false,,7.50,0.1875,true,1,107041
7290110553180,false,אנרג'י - פריכיות בטעם תפוח קינמון 40 גרם,סאנורייס בלגיום,IL,פריכיות אנרגי בטעם ת,,40.00,"100 מ""ל",false,,7.50,0.1875,true,1,107042
7290110553623,false,צ'יטוס קראנצ'י בטעם צ'דר חלפיניו - חלבי,"שטראוס פריטו ליי בע""",IL,ציטוס קראנץ צ'דר חלפ,,80.00,"100 מ""ל",false,,4.80,0.0600,true,1,106483
7290110554262,false,חלבית מלבין קפה חלבי 350 ג' עלית,עלית,,מלבין קפה חלבית 350,,350.00,100 גרם,false,,22.90,0.0654,true,1,105318
7290110554583,false,מארז חטיפי צ'יטוס פאפס בטעם גבינה - 10 יחידות,שטראוס,IL,מארז ציטוס PUFFS בטע,,200.00,"100 מ""ל",false,,14.50,0.0725,true,1,104825
7290110554729,false,קפסולות עלית אספרסו 04 תואמות למכונות NESPRESSO,שטראוס קפה בי.וי,IL,קפסולות אספרסו מס 04,,50.00,"100 מ""ל",false,,18.90,0.3780,true,1,105325
7290110555788,false,נסקפה קפוצ'ינו פחית וניל 200 ג' עלית,שטראוס,IL,קפוצ'ינו פחית בטעם ו,,200.00,"100 מ""ל",false,,24.90,0.1245,true,1,107406
7290110555795,false,נסקפה קפוצ'ינו פחית קלאסי 200 ג' עלית,שטראוס,IL,קפוצ'ינו פחית קלאסי,,200.00,100 גרם,false,,24.90,0.1245,true,1,107407
7290110556242,false,"שוקולד מריר פרווה 100 גר' בד""ץ תוצרת חוץ","שטראוס גרופ בע""מ.",IL,שוקולד מריר פרווה בד,,100.00,"100 מ""ל",false,,6.50,0.0650,true,1,107043
7290110557027,false,חומוס עשיר 50% טחינה גולמית 400 ג' אחלה,מיוצר עי קונדיטוריית,IL,חומוס 50% טחינה 400,,400.00,"100 מ""ל",false,,13.90,0.0348,true,1,104452
7290110557102,false,מעדן חלב עם שוקולד מועשר בחלבון 150 ג' שטראוס,מיוצר עי קונדיטוריית,IL,מעדן חלב עם שוקולד 1,,150.00,"100 מ""ל",false,,5.70,0.0380,true,1,103844
7290110557133,false,מעדן הגולן וניל 125 ג' שטראוס,מיוצר עי קונדיטוריית,IL,מעדן הגולן וניל 125,,125.00,"100 מ""ל",false,,3.20,0.0256,true,1,104337
7290110557317,false,יוגורט בתוספת סידן וויטמין ד עם שיבולת שועל 100 ג' דנונה,תנובה מרכז שיתופי לש,IL,היוגורט הראשון שלי ש,,100.00,"100 מ""ל",false,,2.70,0.0270,true,1,106076
7290110557478,false,חומוס גלילי במרקם מעודן 600 גרם,שטראוס,IL,אחלה חומוס גלילי 600,,600.00,"100 מ""ל",false,,12.90,0.0215,true,1,105911
7290110557645,false,אנרג'י מיקס צימוקים חמוציות וש.לבן 100 גר שטראוס,Unknown,,אנרג'י מיקס צימוקים,,100.00,"100 מ""ל",false,,17.90,0.1790,true,1,106733
7290110558154,false,דנונה לייט אנד פרי עוגת תפוחים 150ג דנונה,"שטראוס בריאות בע""מ",IL,דנונה לייט אנד פרי ע,,150.00,"100 מ""ל",false,,4.80,0.0320,true,1,106687
7290110558215,false,"דנונה קראנצ`פיסטוק עם פיצפוץ לבן קראנצי פיסטוק, 173 גרם","שטראוס בריאות בע""מ",IL,דנונה קראנצ' פיסטוק,,173.00,"100 מ""ל",false,,5.10,0.0295,true,1,107556
7290110558222,false,"וואו יוגורט עם שכבה בטעם בנופי פאי 5.4%, 150ג דנונה","שטראוס בריאות בע""מ",IL,דנונה WOW בנופי 150,,150.00,"100 מ""ל",false,,5.10,0.0340,true,1,106684
7290110558239,false,"וואו יוגורט עם שכבה בטעם קראק פאי 5.4%, 150 ג דנונה","שטראוס בריאות בע""מ",IL,דנונה WOW קראק פאי 1,,150.00,100 גרם,false,,5.10,0.0340,true,1,106685
7290110558284,false,יוגורט ביו מולטי 200 ג' דנונה,"שטראוס בריאות בע""מ",IL,דנונה ביו מולטי 200,,200.00,"100 מ""ל",false,,4.70,0.0235,true,1,106606
7290110558307,false,יוגורט דנונה PRO עם שיבולת שועל במתיקות מעודנת,"שטראוס בריאות בע""מ",IL,דנונה פרו עם שיבולת,,200.00,"100 מ""ל",false,,6.90,0.0345,true,1,105825
7290110558314,false,דנונה פרו 20 ג' חלבון ללא סוכר פיסטוק 200 גרם,"שטראוס בריאות בע""מ",IL,דנונה פרו 20 גרם חלב,,200.00,100 גרם,false,,6.80,0.0340,true,1,106688
7290110558666,false,מעדן גבינה בטעם תפוח 88 ג' דניאלה,"שטראוס בריאות בע""מ",IL,מעדן דניאלה תפוח 150,,150.00,100 גרם,false,,4.10,0.0273,true,1,107557
7290110558741,false,"גמדים פאוץ תפוח בננה, 100 ג' שטראוס","שטראוס בריאות בע""מ",IL,גמדים סקוויז תפוח בנ,יחידה,0.00,יחידה,false,,5.90,0.0000,true,1,107874
7290110559014,false,שעועית שחורה טעם הטבע 380ג שטראוס,,,שעועית שחורה 380 גרם,,380.00,100 גרם,false,,7.90,0.0208,true,1,106737
7290110559755,false,ריל - מאגדת בוטנים פיסטוק וחמוציות 35 גרם * 3,ואמואליס פודס,GR,ריל מאגדת בוטנים פיס,,105.00,"100 מ""ל",false,,17.90,0.1705,true,1,106663
7290110560317,false,"הפריכיות הטעימות חומוס, עדשים שחורות, קינואה ומלח ים","פרח תעשיו מזון בע""מ",IL,פריכיות משולשות-מלח,,30.00,"100 מ""ל",false,,5.90,0.1967,true,1,83067
7290110560324,false,"הפריכיות הטעימות תפו""א, אורז, אפונה ומלח ים","פרח תעשיו מזון בע""מ",IL,פריכיות משולשות-אפונ,,30.00,"100 מ""ל",false,,5.90,0.1967,true,1,83068
7290110561352,false,דנונה יוגורט ביו פרוביוטי 3% דל לקטוז 150ג',"שטראוס בריאות בע""מ",IL,דנונה דל לקטוז 200 ג,,200.00,"100 מ""ל",false,,3.90,0.0195,true,1,81160
7290110561604,false,מארז 8 יחידות מעדן גמדים בטעם תות בננה,שטראוס,IL,גמדים תות בננה מעורב,,800.00,100 גרם,false,,20.90,0.0261,true,1,80137
7290110563431,false,"משקה קפה קר בסגנון קלאסי 230 מ""ל 1.6% יוטבתה",האי נאם סי או אל.טי.,AT,משקה קפה קר בסיגנון,,230.00,"100 מ""ל",false,,8.50,0.0370,true,1,83446
7290110563448,false,"משקה קפה קר בסגנון מעודן 230 מ""ל 1.6% יוטבתה",האי נאם סי או אל.טי.,AT,משקה קפה קר בסיגנון,,230.00,"100 מ""ל",false,,8.50,0.0370,true,1,83447
7290110563462,false,חלב בבקבוק נטול לקטוז 2% יטבתה 1 ל',מחלבת יטבתה,IL,חלב 2% בבקבוק נטול ל,,1000.00,100 גרם,false,,9.50,0.0095,true,1,83804
7290110564339,false,חומוס אחלה הסידרה המובחר 30% טחינה 400 גר',מיוצר עי קונדיטוריית,IL,חומוס אבי עשיר ב30%,,400.00,"100 מ""ל",false,,13.90,0.0348,true,1,80143
7290110564360,false,חומוס אחלה הסידרה המובחר 40% טחינה 400 גר',מיוצר עי קונדיטוריית,IL,חומוס אבי עשיר ב40%,,400.00,"100 מ""ל",false,,13.90,0.0348,true,1,80144
7290110564414,false,חומוס אחלה הסידרה המובחר 30% טחינה 600 גר',מיוצר עי קונדיטוריית,IL,חומוס עשיר ב 30% טחי,,600.00,"100 מ""ל",false,,15.90,0.0265,true,1,98920
7290110564919,false,"דנונה יוגורט מעודן לל""ס 150 מ""ל",מיוצר עי קונדיטוריית,IL,דנונה מעודנת ללא סוכ,,150.00,"100 מ""ל",false,,3.90,0.0260,true,1,97240
7290110565435,false,ג'לי לימבו פטל חלבי שטראוס 125ג',STRAUSS-ISRAEL,,לימבו פטל חלבי 125גר,,125.00,"100 מ""ל",false,,2.30,0.0184,true,1,79769
7290110565527,false,יוגורט PRO פרו 1.5% 20 גרם חלבון בגביע,"שטראוס בריאות בע""מ",IL,דנונה פרו 20 גרם חלב,,200.00,"100 מ""ל",false,,6.80,0.0340,true,1,79259
7290110565572,false,מנות אישיות קפה טורקי לדרך עם הל,שטראוס קפה בי.וי,IL,קפה טורקי לדרך עם הל,,168.00,"100 מ""ל",false,,18.90,0.1125,true,1,91946
7290110566623,false,קפסולות קולומביה עלית 08 למכונת נספרסו מארז 5X10ג',שטראוס קפה בי.וי,IL,קפסולות קולומביה מס,יחידה,0.00,יחידה,false,,18.90,0.0000,true,1,81837
7290110566975,false,דנונה פרו יוגורט 0% תות עשיר בחלבון 200ג',"שטראוס בריאות בע""מ",IL,דנונה פרו 20 גרם חלב,,200.00,"100 מ""ל",false,,6.80,0.0340,true,1,81161
7290110568238,false,"קצפת צמחית 21% שומן 250 מ""ל יוטבתה",מחלבת יטבתה,IL,קצפת צמחית 21% שומן,,250.00,100 גרם,false,,8.90,0.0356,true,1,81889
7290110568276,false,משקה וניל פרו Pro מועשר בחלבון 1.5%,מילקוורק,DE,משקה יוטבתה פרו וניל,,350.00,100 גרם,false,,7.50,0.0214,true,1,81572
7290110568627,false,עלית - פסק זמן רול שוקולד חלב עם קרם אגוזים 26 גרם,STRAUSS-ISRAEL,,פסק זמן רול שוקולד ח,,28.00,"100 מ""ל",false,,4.90,0.1750,true,1,98099
7290110570125,false,"משקה קפה קר בטעם אייריש קרים230 מ""ל יוטבתה",אנסטל מילק kg,AT,משקה קפה קר בטעם איי,,230.00,100 גרם,false,,8.50,0.0370,true,1,107553
7290110570880,false,פולי אספרסו עשירים וארומטיים עוצמה 14 250 ג' עלית,,,פולי קפה אספרסו עשיר,,250.00,100 גרם,false,,21.90,0.0876,true,1,105890
7290110571184,false,עדשים חומות טעם הטבע 380ג שטראוס,,,עדשים חומות 380 ג טע,,380.00,"100 מ""ל",false,,7.90,0.0208,true,1,106735
7290110571375,false,"אנרג'י מיקס תערובת צימוקים, תמרים, טופי ושברי פקאן",אנרג'י Energy - שטראוס,,אנרג'י מיקס צימוקים,,100.00,"100 מ""ל",false,,17.90,0.1790,true,1,106734
7290110571382,false,מעדן חלב בטעם וניל מעושר בחלבון 150 ג' שטראוס,"שטראוס בריאות בע""מ",IL,מעדן חלב בטעם וניל 1,,150.00,"100 מ""ל",false,,5.70,0.0380,true,1,105727
7290110571481,false,קפה נמס קמפיין משפטי,קריות זול,PL,קפה נמס עלית 200גר,,200.00,"100 מ""ל",false,,19.90,0.0995,true,1,106412
7290110572129,false,כיף כף מקלות שוקולד לבן 40 ג' עלית,עלית,,כיף כיף מקלות שוקולד,,40.00,"100 מ""ל",false,,6.30,0.1575,true,1,107376
7290110572884,false,"קפסולות קפה מספר 20 למכונת אספרס אספרסו, 50 גרם",שטראוס קפה בי.וי.,IL,קפסולות קפה נספרסו 2,יחידה,0.00,יחידה,false,,18.90,0.0000,true,1,107410
7290110572969,false,כיף כף פצפצים עקרם לבן 40ג' עלית,שולן צ'יקולטה גידה ס,TR,כיף כף פצפצים קרם לב,,40.00,100 גרם,false,,6.30,0.1575,true,1,106728
7290110572976,false,כיף כף פצפצים בגביע במילוי קרם בטעם שוקולד לבן,שולן צ'יקולטה גידה ס,TR,כיף כך פיצפוצים קרם,,135.00,"100 מ""ל",false,,11.90,0.0881,true,1,106729
7290110574413,false,עלית - פופקורן בטעם טעמי 70 גרם,סראנו עבור שטראוס,קפריסין,פופקורן בטעם טעמי על,,70.00,100 גרם,false,,8.50,0.1214,true,1,107377
7290110574420,false,עלית - פופקורן בטעם פסק זמן 70 גרם,סראנו עבור שטראוס,קפריסין,פופקורן בטעם פסק זמן,,70.00,"100 מ""ל",false,,8.50,0.1214,true,1,107378
7290110576318,false,מאגדת שלישיית שוקולד אגוז לבן 300 ג' עלית,עלית,FR,מארז שלישייה שוקולד,,300.00,"100 מ""ל",false,,24.90,0.0830,true,1,107046
7290110576370,false,מארז שלישייה שוקולד מריר חלבי עם אגוזי לוז,עלית,FR,מארז שלישייה שוקולד,,300.00,100 גרם,false,,24.90,0.0830,true,1,107047
7290110576387,false,מאגדת שלישיית שוקולד אגוז חלב 300 ג' עלית,עלית,FR,מארז שלישיית שוקולד,,300.00,"100 מ""ל",false,,26.50,0.0883,true,1,107045
7290110576752,false,טבלאות שוקולד ספלנדיד מריר 70% 100 ג' עלית,קימ'ס גריפלנן,BE,שוקולד ספלנדיד 70% מ,,100.00,"100 מ""ל",false,,10.90,0.1090,true,1,107379
7290110576776,false,טבלאות שוקולד ספלנדיד מריר 85% 100 ג' עלית,קימ'ס גריפלנן,BE,שוקולד ספלנדיד 85% מ,,100.00,100 גרם,false,,10.90,0.1090,true,1,107380
7290110576790,false,סקי בטעם מוקה 125 ג' שטראוס,"שטראוס בריאות בע""מ",IL,סקי גבינת מוקה 125גר,,125.00,"100 מ""ל",false,,4.20,0.0336,true,1,107558
7290110576851,false,"גמדים לשתיה סלט פירות 8 יח' *100מ""ל",קריות זול,IL,גמדים לשתיה שמינייה,,864.00,100 גרם,false,,22.50,0.0260,true,1,107554
7290110576868,false,רבעיית גמדים סלט פירוט * 100 ג' שטראוס,קריות זול,IL,גמדים סלט פירות 4*10,,400.00,"100 מ""ל",false,,12.30,0.0308,true,1,107555
7290110577629,false,רבע לשבע טבעוני טורטית 125 ג' עלית,שטראוס,קפריסין,רבע לשבע טבעוני טורט,,125.00,"100 מ""ל",false,,12.90,0.1032,true,1,108734
7290110577711,false,"משקה שייק חלבון מי גבינה עם אפרסק ומנגו350מ""ל יטבתה",מחלבת יטבתה,IL,שייק חלבון מי גבינה,,350.00,"100 מ""ל",false,,8.20,0.0234,true,1,107875
7290111010194,false,מגבוני תינוקות בייבי,,,מגבוני תינוקות בייבי,יחידה,0.00,יחידה,false,,11.90,0.0000,true,1,83986
7290111010200,false,תיק רב סל,,,תיק רב סל,יחידה,0.00,יחידה,false,,4.90,0.0000,true,1,83774
7290111010248,false,"שמן זית בורגתא 750מ""",Unknown,,"שמן זית בורגתא 750מ""",,750.00,"100 מ""ל",false,,29.90,0.0399,true,1,84888
7290111010262,false,מגבות נייר פייפר טאו,Unknown,,מגבות נייר פייפר טאו,יחידה,0.00,יחידה,false,,11.90,0.0000,true,1,92066
7290111010293,false,נייר טואלט טוטו 48 ג,,,נייר טואלט טוטו 48 ג,,48.00,יח',false,,32.90,0.6854,true,1,92065
7290111010323,false,פפריקה מתוקה בשמן סו,,,פפריקה מתוקה בשמן סו,,400.00,"100 מ""ל",false,,19.90,0.0497,true,1,97916
7290111010330,false,מגבונים להסרת איפור,,,מגבונים להסרת איפור,יחידה,0.00,יחידה,false,,7.90,0.0000,true,1,99189
7290111010378,false,מגבות נייר טוטו 8יח,,,מגבות נייר טוטו 8יח,יחידה,0.00,יחידה,false,,12.90,0.0000,true,1,103539
7290111010439,false,יין פרינס רויאל גוור,,,יין פרינס רויאל גוור,,750.00,"100 מ""ל",false,,39.90,0.0532,true,1,101494
7290111010491,false,אקונומיקה 4 ליטר סן,,,אקונומיקה 4 ליטר סן,,4000.00,"100 מ""ל",false,,14.90,0.0037,true,1,106502
7290111010507,false,נוזל כלים 18% תפוח 1,,,נוזל כלים 18% תפוח 1,,1600.00,"100 מ""ל",false,,11.90,0.0074,true,1,106523
7290111010514,false,נוזל כלים 18% לימון,,,נוזל כלים 18% לימון,,1600.00,"100 מ""ל",false,,11.90,0.0074,true,1,106524
7290111010545,false,כמון סולטנה 400גר,,,כמון סולטנה 400גר,,400.00,"100 מ""ל",false,,19.90,0.0497,true,1,107146
7290111010569,false,פפריקה מתוקה סולטנה,,,פפריקה מתוקה סולטנה,,400.00,"100 מ""ל",false,,19.90,0.0497,true,1,107147
7290111010583,false,נייר טואלט טוטו דו ש,,,נייר טואלט טוטו דו ש,יחידה,0.00,יחידה,false,,32.90,0.0000,true,1,104474
7290111010590,false,תמרים מלך המגהול 1קג,,,תמרים מלך המגהול 1קג,,1000.00,100 גרם,false,,19.90,0.0199,true,1,104241
7290111010613,false,"שמן זית בשן 750מ""ל",,,"שמן זית בשן 750מ""ל",,750.00,"100 מ""ל",false,,29.90,0.0399,true,1,104515
7290111010668,false,יין לוטן בלנד אדום75,,,יין לוטן בלנד אדום75,,750.00,"100 מ""ל",false,,29.90,0.0399,true,1,105283
7290111010682,false,יין לוטן שיראז קברנה,,,יין לוטן שיראז קברנה,,750.00,100 גרם,false,,29.90,0.0399,true,1,105285
7290111010699,false,יין יערה קברנה סובינ,,,יין יערה קברנה סובינ,,750.00,"100 מ""ל",false,,29.90,0.0399,true,1,105286
7290111010712,false,יין יערה שיראז קברנה,,,יין יערה שיראז קברנה,,750.00,100 גרם,false,,29.90,0.0399,true,1,105288
7290111010736,false,יין קברנה סוביניון ש,,,יין קברנה סוביניון ש,,750.00,100 גרם,false,,29.90,0.0399,true,1,105514
7290111010743,false,יין מרלו שאטו רפאלו,,,יין מרלו שאטו רפאלו,,750.00,100 גרם,false,,29.90,0.0399,true,1,105515
7290111010750,false,יין ריזלינג/שרדונה ש,,,יין ריזלינג/שרדונה ש,,750.00,"100 מ""ל",false,,29.90,0.0399,true,1,105516
7290111010767,false,אקונומיקה סן רמו מבו,,,אקונומיקה סן רמו מבו,,4000.00,"100 מ""ל",false,,14.90,0.0037,true,1,106503
7290111010774,false,מרכך כביסה בייבי פרש,,,מרכך כביסה בייבי פרש,,4000.00,"100 מ""ל",false,,16.90,0.0042,true,1,106504
7290111010781,false,מרכך כביסה פרש מונקו,,,מרכך כביסה פרש מונקו,,4000.00,"100 מ""ל",false,,16.90,0.0042,true,1,106505
7290111010798,false,מרכך כביסה פרש אורנג,,,מרכך כביסה פרש אורנג,,4000.00,"100 מ""ל",false,,16.90,0.0042,true,1,106506
7290111010811,false,מרכך כביסה פרש בליסי,,,מרכך כביסה פרש בליסי,,4000.00,"100 מ""ל",false,,16.90,0.0042,true,1,106508
7290111010828,false,מרכך כביסה פרש לאונר,,,מרכך כביסה פרש לאונר,,4000.00,100 גרם,false,,16.90,0.0042,true,1,106509
7290111010835,false,מרכך כביסה פרש ונילה,,,מרכך כביסה פרש ונילה,,4000.00,"100 מ""ל",false,,16.90,0.0042,true,1,106510
7290111010842,false,מרכך כביסה בייבי פרש,,,מרכך כביסה בייבי פרש,,1000.00,100 גרם,false,,12.90,0.0129,true,1,106511
7290111010859,false,מרכך כביסה פרש מונקו,,,מרכך כביסה פרש מונקו,,1000.00,100 גרם,false,,12.90,0.0129,true,1,106512
7290111010866,false,מרכך כביסה פרש אורנג,,,מרכך כביסה פרש אורנג,,1000.00,100 גרם,false,,12.90,0.0129,true,1,106513
7290111010880,false,מרכך כביסה פרש בליסי,,,מרכך כביסה פרש בליסי,,1000.00,"100 מ""ל",false,,12.90,0.0129,true,1,106515
7290111010897,false,מרכך כביסה פרש לאונר,,,מרכך כביסה פרש לאונר,,1000.00,"100 מ""ל",false,,12.90,0.0129,true,1,106516
7290111010903,false,מרכך כביסה פרש ונילה,,,מרכך כביסה פרש ונילה,,1000.00,"100 מ""ל",false,,12.90,0.0129,true,1,106517
7290111010934,false,נוזל רצפות מרוכז ספא,,,נוזל רצפות מרוכז ספא,,2000.00,"100 מ""ל",false,,16.90,0.0084,true,1,106520
7290111010965,false,נוזל רצפות לבנדר 4 ל,,,נוזל רצפות לבנדר 4 ל,,4000.00,"100 מ""ל",false,,12.90,0.0032,true,1,106525
7290111010972,false,נוזל רצפות מאסק 4 לי,,,נוזל רצפות מאסק 4 לי,,4000.00,"100 מ""ל",false,,12.90,0.0032,true,1,106526
7290111010989,false,נוזל רצפות מרענן 4 ל,,,נוזל רצפות מרענן 4 ל,,4000.00,100 גרם,false,,12.90,0.0032,true,1,106527
7290111011023,false,שמן זית כתית מעולה צ,,,שמן זית כתית מעולה צ,,750.00,"100 מ""ל",false,,29.90,0.0399,true,1,106457
7290111011030,false,ממחטות טו טו סופט 10,,,ממחטות טו טו סופט 10,יחידה,0.00,יחידה,false,,9.90,0.0000,true,1,108671
7290111011047,false,נוזל חלונות 1 ליטר ס,,,נוזל חלונות 1 ליטר ס,,750.00,100 גרם,false,,7.90,0.0105,true,1,107169
7290111011085,false,מטליות לחות לרצפה לב,,,מטליות לחות לרצפה לב,יחידה,0.00,יחידה,false,,10.90,0.0000,true,1,107239
7290111011092,false,מטליות לחות לרצפה מר,,,מטליות לחות לרצפה מר,יחידה,0.00,יחידה,false,,10.90,0.0000,true,1,107240
7290111091513,false,קוויק XLלניקוי שירותים ואמבטיה - בריח לוונדר 40 יח,קוויק,,קוויק מטליות XL לאמב,יחידה,0.00,יחידה,false,,8.90,0.0000,true,1,78146
7290111091520,false,"תחליב רחצה ד""ר עור קוקוס 700 מ""ל","ד""ר עור DOCTOR OR",,"תחליב רחצה ד""ר עור ק",,700.00,100 גרם,false,,15.90,0.0227,true,1,82257
7290111093760,false,מגבונים לניקוי רצפות בניחוח מרכך כביסה 10 יח' קוויק,,,קוויק מגבונים לניקוי,יחידה,0.00,יחידה,false,,10.90,0.0000,true,1,105416
7290111093982,false,טרופיקל תחליב רחצה פסיפלורה ואינקה אינצ'י דר עור,,,"תחליב רחצה ד""ר עור פ",,700.00,100 גרם,false,,15.90,0.0227,true,1,107014
7290111094248,false,"קוויק שקית אשפה חזקה וגדולה במיוחד (90*78), 20 יח'",,,קוויק שקיות אשפה XL,יחידה,0.00,יחידה,false,,19.90,0.0000,true,1,99136
7290111094392,false,"טרופיקל תחליב רחצה קוקוס וליים 700 מ""ל דר עור",,,"תחליב רחצה ד""ר עור ק",,700.00,"100 מ""ל",false,,15.90,0.0227,true,1,107015
7290111095818,false,"קוויק שקית אשפה חזקה במיוחד (65*54), 40 יח'",,,קוויק שקיות אשפה L ע,יחידה,0.00,יחידה,false,,19.90,0.0000,true,1,99137
7290111097546,false,מגבונים ניקוי כללי למשטחים בניחוח מרכך כביסה 50 יח' קוויק,,,קוויק מגבונים לניקוי,יחידה,0.00,יחידה,false,,8.90,0.0000,true,1,105417
7290111340178,false,מטליות לחות ניקול לניקוי כללי בניחוח מרכך כביסה 50 יח',ניקול,,ניקול מטליות לחות לש,,50.00,יח',false,,10.90,0.2180,true,1,78134
7290111340185,false,מטליות לחות ניקול לניקוי רצפות בניחוח מרכך 10 יח',ניקול,,מטליות לחות לרצפה בנ,,10.00,יח',false,,10.90,1.0900,true,1,78144
7290111341366,false,מפיות אירוח חד שכבתי 30/30 150 יח',חוגלה קימברלי,SK,מפיות אירוח ניקול 15,יחידה,0.00,יחידה,false,,10.90,0.0000,true,1,97138
7290111341373,false,"לילי נייר טואלט דו-שכבתי מארז פסטל, 30 גלילים",קימברלי,IL,לילי פסטל נייר טואלט,יחידה,0.00,יחידה,false,,38.90,0.0000,true,1,82157
7290111341816,false,נייר אפייה סליידר 25מטר ניקול,אופל,IL,ניקול נייר אפיה עם ס,יחידה,0.00,יחידה,false,,21.90,0.0000,true,1,84060
7290111341984,false,לילי - מגבוני נייר טואלט לח פיור רביעייה,קימברלי,GB,לילי נייר טואלט לח מ,יחידה,0.00,יחידה,false,,21.90,0.0000,true,1,92064
7290111342042,false,כריות יפניות לניקוי וקרצוף אנטיבקטריאלי,פלסטו פוליש,IL,כריות יפניות אנטיבקט,יחידה,0.00,יחידה,false,,10.90,0.0000,true,1,99118
7290111342738,false,לילי - מגבוני נייר טואלט לח קידס רביעייה,,,לילי נייר טואלט לח ק,יחידה,0.00,יחידה,false,,21.90,0.0000,true,1,92897
7290111343117,false,זוג ממחטות לושן סופט קלינקס -140 דף,קימברלי,IL,קלינקס לושן סופט פק,יחידה,0.00,יחידה,false,,13.90,0.0000,true,1,102269
7290111343797,false,מטליות לחות לניקוי חלונות 48 יח' ניקול,עלבד,IL,מטליות לניקוי חלונות,יחידה,0.00,יחידה,false,,10.90,0.0000,true,1,99470
7290111343841,false,ספוגית הקסם נירוסטה - מארז 3 יחידות,ניקול,CN,ספוגית הקסם נירוסטה,יחידה,0.00,יחידה,false,,10.90,0.0000,true,1,99471
7290111344527,false,אשפתון ענק שחורות ניקול 20יח',,,זוג שקיות אשפה ענקיי,יחידה,0.00,יחידה,false,,25.90,0.0000,true,1,102270
7290111344701,false,ניקול שקיות סנדוויצ',קריות זול,,ניקול שקיות סנדוויצ',,250.00,יח',false,,14.90,0.0596,true,1,106653
7290111344824,false,קוטקס - מגן תחתון אנטיבקטראלי לארג' 52 יח',,CN,קוטקס מגן תחתון אנטי,יחידה,0.00,יחידה,false,,18.90,0.0000,true,1,105156
7290111344855,false,קוטקס - מגיני יום אקסטרא פרוטקט לארג' ביג 52 יח',חוגלה קימברלי,CN,קוטקס מגן תחתון אקסט,יחידה,0.00,יחידה,false,,18.90,0.0000,true,1,105158
7290111344879,false,קוטקס - מגן תחתון 2 ב-1 לארג' 44 יח',,CN,קוטקס מגן תחתון 2 ב,יחידה,0.00,יחידה,false,,18.90,0.0000,true,1,105159
7290111345814,false,נייר טואולט 30 גלילים לילי נטורל קר,קימברלי קלארק,IL,נייר טואלט לילי נטור,יחידה,0.00,יחידה,false,,38.90,0.0000,true,1,105279
7290111346125,false,מארז שלישייה מגבוני דיילי קר ללא בישום *56 יח' האגיס,קימברלי,IL,מגבוני האגיס דיילי ק,יחידה,0.00,יחידה,false,,18.90,0.0000,true,1,106641
7290111346132,false,מארז שלישייה מגבוני סנסטיב קר ללא בישום *56 יח' האגיס,עלבד,IL,מגבוני האגיס סנסטיב,יחידה,0.00,יחידה,false,,18.90,0.0000,true,1,106642
7290111346293,false,מגבת נייר ניקול שישייה מהדורת חג,קימברלי קלארק,IL,מגבות מטבח שישייה ני,יחידה,0.00,יחידה,false,,12.90,0.0000,true,1,105737
7290111346347,false,מגבוני אף אוריגינל סופט חמישיה קלינקס,קימברלי,IL,קלינקס טישו אוריגינל,יחידה,0.00,יחידה,false,,17.90,0.0000,true,1,107860
7290111346453,false,כריות קרצוף עם סיבי נירוסטה,,,כריות קרצוף עם סיבי,יחידה,0.00,יחידה,false,,10.90,0.0000,true,1,108192
7290111352966,false,יוגטה סוכריות ממולאות בטעם פירות 250 גרם ללא ג'לטין,סאדאט,TR,סוכריות גומי ממולאות,,250.00,"100 מ""ל",false,,7.90,0.0316,true,1,99260
7290111353123,false,"גומי נחש מסוכר 200 גר' וסטהיים (כש""לפ בית יוסף)",יוגטה yogueta,,סוכריות גומי נחשים מ,,200.00,"100 מ""ל",false,,8.90,0.0445,true,1,101179
7290111564277,false,פריכיות דקות ונימוחות 3 דגנים פיטנס Fitness,פרח תעשיות,IL,פריכיות 3 דגנים דקות,,120.00,"100 מ""ל",false,,11.90,0.0992,true,1,78154
7290111564291,false,פריכיות דקות ונימוחות 3 דגנים וקינואה פיטנס Fitness,פרח תעשיות,IL,פריכיות דקות עם קינו,,120.00,"100 מ""ל",false,,11.90,0.0992,true,1,78155
7290111564727,false,עוגיות אסם קרמוגית וקרם אגוזים אסם 200ג',מיוצר עי קונדיטוריית,IL,קרמוגית במילוי קרם א,,200.00,"100 מ""ל",false,,12.70,0.0635,true,1,79391
7290111566103,false,טבעול פלאפל מרכיבים ביתיים בלבד 590 ג',עיצובים 2020 (4.8),IL,פלאפל מרכיבים ביתיים,,590.00,100 גרם,false,,33.90,0.0575,true,1,79996
7290111566127,false,מעדן אוראו קפוא בטעם וניל עם עוגיות בטעם שוקולד,ג'נרל מילס סאן אדריא,IT,מאגדת אוראו מיני סנד,,198.00,100 גרם,false,,25.90,0.1308,true,1,80035
7290111566226,false,טבעול שניצל ברוקולי 667 גר',עיצובים 2020 (4.8),IL,שניצל ברוקולי טבעול,,667.00,"100 מ""ל",false,,33.90,0.0508,true,1,79994
7290111566240,false,טבעול שניצל דק בטעם צילי חריף 564 ג',עיצובים 2020 (4.8),IL,שניצל דק צמחוני בטעם,,564.00,"100 מ""ל",false,,33.90,0.0601,true,1,79991
7290111566271,false,טבעול חטיפי תירס 657 גר',עיצובים 2020 (4.8),IL,טבעול חטיפי תירס 657,,657.00,"100 מ""ל",false,,33.90,0.0516,true,1,79992
7290111566318,false,טבעול שניצל דק מן הצומח 564 גר',עיצובים 2020 (4.8),IL,טבעול שניצל דק מן הצ,,564.00,"100 מ""ל",false,,33.90,0.0601,true,1,79993
7290111566417,false,טחון צמחוני עם המון חלבון,עיצובים 2020 (4.8),IL,טבעול טחון מן הצומח,,500.00,"100 מ""ל",false,,33.90,0.0678,true,1,80005
7290111566547,false,טבעול חזה בגריל צמחוני 99 קלוריות 560ג',עיצובים 2020 (4.8),IL,טבעול חזה בגריל צמחו,,560.00,"100 מ""ל",false,,33.90,0.0605,true,1,80003
7290111566561,false,טבעול שניצל ברוקולי 99 קלוריות 560גר',עיצובים 2020 (4.8),IL,טבעול שניצל ברוקולי,,560.00,"100 מ""ל",false,,33.90,0.0605,true,1,81203
7290111566585,false,טבעול שניצל צמחוני 99 קלוריות 650 גר',עיצובים 2020 (4.8),IL,טבעול שניצל צמחוני 9,,650.00,"100 מ""ל",false,,33.90,0.0522,true,1,80002
7290111566660,false,טבעול קציצות עדשים כתומות 530 גר',עיצובים 2020 (4.8),IL,קציצות עדשים כתומות,,530.00,100 גרם,false,,33.90,0.0640,true,1,81397
7290111566691,false,טבעול שניצל תרד 99 קלוריות 560 גר',עיצובים 2020 (4.8),IL,שניצל טבעול תרד 99 ק,,560.00,"100 מ""ל",false,,33.90,0.0605,true,1,89872
7290111566714,false,טבעול המבורגר צמחוני 99 קלוריות 600 גר',עיצובים 2020 (4.8),IL,המבורגר צמחוני 99 קל,,600.00,100 גרם,false,,33.90,0.0565,true,1,80001
7290111566752,false,טבעול שניצל תירס 99 קלוריות 693 גר',עיצובים 2020 (4.8),IL,טבעול שניצל תירס 99,,693.00,"100 מ""ל",false,,33.90,0.0489,true,1,79998
7290111566776,false,טבעול נקניקיות קוקטייל צמחוניות 680 גר',עיצובים 2020 (4.8),IL,נקניקיות קוקטייל מן,,680.00,"100 מ""ל",false,,33.90,0.0499,true,1,81410
7290111567018,false,פירורית זהב כוסמין א,עינת,,פירורית זהב כוסמין א,,200.00,100 גרם,false,,7.50,0.0375,true,1,79803
7290111568206,false,"מיקס ביסלי, אפרופו ופיצוחים מתובלים",פרו מן יו פתרונות אר,IL,ביסלי פארטי מיקס אסם,,150.00,"100 מ""ל",false,,8.90,0.0593,true,1,81401
7290111568251,false,אטריות נודלס להקפצה אסם אסייתי 350 גר',תאי פרזידנטפוד,TH,נודלס איטריות להקפצה,,350.00,"100 מ""ל",false,,10.90,0.0311,true,1,81189
7290111568275,false,אטריות נודלס אורז רחבות אסם אסייתי 300גרם,תאי פרזידנט,TH,נודלס איטריות אורז ר,,300.00,100 גרם,false,,10.90,0.0363,true,1,81190
7290111568299,false,אטריות נודלס עם תרד אסם אסייתי 300 גר',אסם,,נודלס איטריות עם תרד,,300.00,"100 מ""ל",false,,10.90,0.0363,true,1,81191
7290111568466,false,רוטב אסייתי למוקפץ הסדרה האסייתית,אסיף תעשיות מזון בעמ,IL,רוטב אסייתי למוקפץ א,,290.00,100 גרם,false,,15.90,0.0548,true,1,81196
7290111568961,false,בייגלה טבעות מלח 400 ג' אסם,אסם,IL,בייגלה טבעות מלח אסם,,400.00,"100 מ""ל",false,,11.90,0.0298,true,1,81504
7290111873041,false,אצבעות שוקולד ממולא בקרם חלב 50 ג'- מפרץ הרפתקאות,,,אצבעות שוקולד ממולא,,50.00,100 גרם,false,,4.90,0.0980,true,1,101824
7290111930805,false,קראנצ'וס טעם ברביקיו 55 גר',חברת מנה בעמ,IL,קראנצוס ברביקיו 55,,55.00,100 גרם,false,,3.90,0.0709,true,1,78778
7290111930898,false,פוף כוכבים גריל אמריקאי 40 גר',פוף POOF,IL,חטיף פוף כוכבים גריל,,40.00,"100 מ""ל",false,,4.20,0.1050,true,1,78992
7290111930904,false,פוף כוכבים בצל 40 גר',פוף POOF,IL,חטיף פוף כוכבים בצל,,40.00,"100 מ""ל",false,,4.20,0.1050,true,1,78993
7290111930911,false,פוף חטיף לבבות קלאסי 40 ג',פוף POOF,IL,חטיף פוף לבבות קלאסי,,40.00,100 גרם,false,,4.20,0.1050,true,1,78991
7290111930928,false,פוף חטיף לבבות גריל 40 ג',פוף POOF,IL,חטיף פוף לבבות גריל,,40.00,100 גרם,false,,4.20,0.1050,true,1,78994
7290111930935,false,פוף חטיף טבעות קלאסי 40 ג',פוף POOF,IL,חטיף פוף טבעות קלאסי,,40.00,"100 מ""ל",false,,4.20,0.1050,true,1,78995
7290111932380,false,"מרידול משחת שיניים מארז 75X2מ""ל כשל""פ",,,מרידול מארז זוג משחו,,150.00,"100 מ""ל",false,,29.90,0.1993,true,1,92131
7290111933554,false,עגבניות איטלקיות קוביות - מארז שלישיה,פראנו אנריקו ופיגלי,IT,עגבניות קוביות מאסטר,,1200.00,"100 מ""ל",false,,16.90,0.0141,true,1,82856
7290112000293,false,"סיליט באנג ג'ל לחיטוי וניקוי האסלה פרש, 750 מ""ל",סיליט באנג Cillit Bang,,סיליט באנג גל לניקוי,,750.00,100 גרם,false,,9.90,0.0132,true,1,79719
7290112000385,false,מנקה ומחטא עוצמתי למטבח ללא אקונומיקה,רקיט בנקיזר,PL,מנקה ומחטא למטבח 750,,750.00,100 גרם,false,,14.90,0.0199,true,1,82766
7290112000408,false,מנקה ומחטא עוצמתי לניקוי כללי בניחוח לימון,רקיט בנקיזר,PL,מנקה ומחטא לניקוי כל,,750.00,100 גרם,false,,14.90,0.0199,true,1,82767
7290112000873,false,מטליות לחות לחדר האמבטיה מנקה ומחטא עוצמתי,דטול Dettol,,מטליות לחות מנקה ומח,יחידה,0.00,יחידה,false,,14.90,0.0000,true,1,82778
7290112002099,false,ג'ל כביסה מרוכז קולון 101 קלאסי,רקיט בנקיזר,IL,קולון גל מרוכז רגיל,ליטרים,2.50,ליטר,false,,24.90,9.9600,true,1,92197
7290112004192,false,טבליות פיניש אקולוגי,רקיט בנקיזר,PL,פיניש טבליות למדיח א,יחידה,0.00,יחידה,false,,29.90,0.0000,true,1,105586
7290112004208,false,טבליות למדיח בניחוח לימון 50 יח' פיניש,,,פיניש טבליות למדיח,יחידה,0.00,יחידה,false,,34.90,0.0000,true,1,106093
7290112004413,false,"אבקה מסיר כתמים לכביסה לבנה 750 מ""ל וניש",רקיט בנקיזר,PL,וניש ספריי להסרת כתמ,,750.00,100 גרם,false,,23.90,0.0319,true,1,105817
7290112004611,false,"וניש קליה ג'ל מרוכז לטיפול נקודתי בכתמים 200 מ""ל",רקיט בנקיזר,PT,וניש קליה פאואר ג'ל,,200.00,100 גרם,false,,12.90,0.0645,true,1,105816
7290112004970,false,פיניש אולטימייט 50 קפסולות גיל,,,פיניש אולטימייט טבלי,,50.00,100 מ'ל,false,,59.90,1.1980,true,1,107294
7290112005045,false,וניש תוסף כביסה רב תכליתי לבגדים לבנים,קליה וניש Kalia Vanish,IT,וניש אבקה לכביסה לבנ,,480.00,"100 מ""ל",false,,19.90,0.0415,true,1,106402
7290112005076,false,וניש תוסף כביסה רב תכליתי לכביסה צבעונית,קליה וניש Kalia Vanish,IT,וניש אבקה לכביסה צבע,,480.00,100 גרם,false,,19.90,0.0415,true,1,106403
7290112330352,false,"יוגורט PRO בטעם וניל 0% , 20 גרם חלבון בגביע","שטראוס בריאות בע""מ",IL,דנונה פרו 20 גרם וני,,200.00,"100 מ""ל",false,,6.80,0.0340,true,1,84020
7290112330390,false,יוגורט PRO בטעם פירות יער 0% 20 גרם חלבון בגביע,"שטראוס בריאות בע""מ",IL,דנונה פרו 20 גרם פיר,,200.00,"100 מ""ל",false,,6.80,0.0340,true,1,84021
7290112330420,false,דנונה פרו לבן 2.9% שומן 150 ג',מיוצר עי קונדיטוריית,IL,דנונה פרו לבן 150 ג,,150.00,"100 מ""ל",false,,5.10,0.0340,true,1,83451
7290112332585,false,"פריכיות תפו""א, אורז בתיבול סלק ומלח חי 30 גר'","פרח תעשיו מזון בע""מ",IL,"פריכיות תפו""א/אורז/ב",,30.00,"100 מ""ל",false,,5.90,0.1967,true,1,84508
7290112332691,false,עוגיות קרם אגוזים פסק זמן 200 ג' עלית,הגביע מוצרי ופלים בע,IL,עוגיות קרם פסק זמן א,,200.00,"100 מ""ל",false,,11.90,0.0595,true,1,88991
7290112332875,false,מסטיק מאסט קוביות בטעם מנטה עדינה 86 ג' עלית,עלית,,מאסט מסטיק קוביות מנ,,86.00,"100 מ""ל",false,,14.90,0.1733,true,1,84074
7290112334305,false,סלט כרובית בטחינה אחלה 330 ג',STRAUSS-ISRAEL,IL,סלט כרובית בטחינה 33,,330.00,"100 מ""ל",false,,16.90,0.0512,true,1,83427
7290112335111,false,מסטיק מאסט קוביות בטעם בזוקה 86 ג' עלית,עלית,,מאסט מסטיק קוביות בט,,86.00,"100 מ""ל",false,,14.90,0.1733,true,1,84075
7290112335487,false,פריכיות טעימות קצח ודגנים 135 ג' שטראוס,אנרג'י Energy - שטראוס,IL,פריכיות הטעימות קצח,,135.00,"100 מ""ל",false,,14.30,0.1059,true,1,84504
7290112335494,false,הפריכיות הטעימות תפוחי אדמה בטעם פוטטוס,"פרח תעשיות מזון בע""מ",IL,פריכיות הטעימות פוטט,,135.00,"100 מ""ל",false,,14.30,0.1059,true,1,84505
7290112335500,false,"הפריכיות הטעימות חומוס, אורז, עדשים שחורות וקינואה",אנרג'י Energy - שטראוס,IL,הפריכיות הטעימות חלב,,135.00,"100 מ""ל",false,,14.30,0.1059,true,1,84506
7290112336637,false,סוכריות מאסט Must ללא סוכר יוגורט תות ואוכניות,MIESZKO S.A - MS. JO,PL,מאסט סוכריות יוגורט,,80.00,"100 מ""ל",false,,8.90,0.1113,true,1,92032
7290112336644,false,סוכריות מאסט ללא סוכר לימון 80 ג' עלית,MIESZKO S.A - MS. JO,PL,סוכריות ללס לימון 80,,80.00,"100 מ""ל",false,,8.90,0.1113,true,1,92033
7290112336651,false,סוכריות מאסט ללא סוכר ריבת חלב 80 ג' עלית,MIESZKO S.A - MS. JO,PL,מאסט סוכריות ריבת חל,,80.00,100 גרם,false,,8.90,0.1113,true,1,92035
7290112336712,false,יוגורט PRO לבן 0% 21 גרם חלבון בגביע,"שטראוס בריאות בע""מ",IL,דנונה פרו 21 גרם 0%,,200.00,"100 מ""ל",false,,6.80,0.0340,true,1,83803
7290112337474,false,סוכריות מאסט ללא סוכר פטל לימון 80 ג' עלית,MIESZKO S.A - MS. JO,PL,סוכריות ללס פטל לימו,,80.00,"100 מ""ל",false,,8.90,0.1113,true,1,92034
7290112338877,false,מעדן גבינה בטעם תות 3% 125ג' סקי,"שטראוס בריאות בע""מ",IL,סקי תות 3% דנונה 125,,125.00,"100 מ""ל",false,,4.20,0.0336,true,1,83267
7290112339171,false,מעדן מילקי מוס שוקול,מיוצר עי קונדיטוריית,IL,מילקי מוס 81גר,,81.00,"100 מ""ל",false,,3.70,0.0457,true,1,83269
7290112339362,false,דנונה לייט אנד פריי בטעם קפוצינו 150 גר',דנונה - שטראוס,IL,דנונה לייט אנד פרייי,,150.00,100 גרם,false,,4.80,0.0320,true,1,92329
7290112339867,false,גמדים לדרך גבינה לבנה עם מחית תות,שטראוס,IL,גמדים סקוויז תות 100,,100.00,"100 מ""ל",false,,5.90,0.0590,true,1,83444
7290112339874,false,גמדים לדרך גבינה לבנה עם מחיות תות ובננה,שטראוס,IL,גמדים סקוויז תות בננ,,100.00,"100 מ""ל",false,,5.90,0.0590,true,1,83445
7290112340122,false,הפריכיות הטעימות 3 דגנים 135 גרם.,אנרג'י Energy - שטראוס,IL,פריכיות הטעימות 3 דג,,135.00,"100 מ""ל",false,,14.30,0.1059,true,1,84507
7290112340245,false,צנצנת מסטיק מאסט בטעם דובדבן 66 ג' עלית,"שטראוס גרופ בע""מ",IL,מסטיק מאסט דובדבן מג,,66.00,"100 מ""ל",false,,10.90,0.1652,true,1,83938
7290112340252,false,צנצנת מסטיק מאסט בטעם אבטיח מלון 66 ג' עלית,"שטראוס גרופ בע""מ",IL,מסטיק מאסט אבטיח מלו,,66.00,"100 מ""ל",false,,10.90,0.1652,true,1,83939
7290112341556,false,אקטיביה עם צ'יה ותות 150 ג' דנונה,דנונה - שטראוס,IL,אקטיביה צ'יה ותות 15,,150.00,"100 מ""ל",false,,5.10,0.0340,true,1,91988
7290112341679,false,אקטיביה 3% שומן 200 ג' דנונה,מיוצר עי קונדיטוריית,IL,אקטיביה יוגורט 3% דנ,,150.00,"100 מ""ל",false,,4.20,0.0280,true,1,91989
7290112341686,false,מארז שמיניה אקטיביה 3% 150 ג',מיוצר עי קונדיטוריית,IL,אקטיביה 3% מארז שמינ,,1200.00,"100 מ""ל",false,,22.50,0.0188,true,1,91990
7290112342102,false,סימפוניה גבינה במרקם שמנת בצל מקורמל 5%,"שטראוס בריאות בע""מ",IL,גבינת סימפוניה בצל מ,,200.00,"100 מ""ל",false,,11.90,0.0595,true,1,97241
7290112342270,false,קפה פלטינום אינטנס מחוזק ב- 10% אספרסו,שטראוס קפה בי.וי,IL,קפה פלטינום אינטנס 1,,200.00,"100 מ""ל",false,,18.90,0.0945,true,1,96970
7290112342508,false,דוריטוס קול ראנץ Cool Ranch,STRAUSS-ISRAEL,IL,דוריטוס קול ראנצ' 70,,70.00,"100 מ""ל",false,,4.40,0.0629,true,1,92841
7290112343260,false,"יטבתה רוטב שמנת קלאסי 9% שומן 260 מ""ל",STRAUSS-ISRAEL,IL,רוטב שמנת קלאסי 9% י,,250.00,100 גרם,false,,11.90,0.0476,true,1,92983
7290112343420,false,"משקה חלב עם דגנים מלאים ובננה פרו יטבתה 350מ""ל",מחלבת יטבתה,IL,שייק פרו ארוחת בוקר,,350.00,100 גרם,false,,8.20,0.0234,true,1,92982
7290112343499,false,חטיף צ'יטוס פאפס אפוי בטעם גבינה,"שטראוס פריטו ליי בע""",IL,ציטוס פופס 55גרם,,55.00,"100 מ""ל",false,,3.90,0.0709,true,1,104126
7290112344564,false,רביולי גבינה קלאסי שטראוס 400 ג',"שטראוס גרופ בע""מ",IL,רביולי גבינה ילדים 4,,300.00,"100 מ""ל",false,,21.90,0.0730,true,1,92005
7290112344755,false,מילקי שוקולד 26% פחות סוכר 135 גרם,מיוצר עי קונדיטוריית,IL,מילקי עם 26% פחות סו,,135.00,"100 מ""ל",false,,3.00,0.0222,true,1,101472
7290112346360,false,בפלות אחת אחת ופל בטעם שוקולד מצופה שוקולד,הגביע מוצרי וופלים ב,GR,בפלות בציפוי שוקולד,,180.00,"100 מ""ל",false,,15.90,0.0883,true,1,97273
7290112346537,false,עוגיות פינוקיות בטעם טורטית 200 ג' עלית,הגביע מוצרי ופלים בע,IL,עוגיות פינוקיות בטעם,,200.00,100 גרם,false,,11.90,0.0595,true,1,92959
7290112346629,false,דנונה בר יוגורט+קורנפלקס מצופה שוקולד חלב ולבן 172 גרם,"שטראוס בריאות בע""מ",IL,דנונה עם קורנפלקס מצ,,172.00,"100 מ""ל",false,,5.10,0.0297,true,1,98977
7290112346773,false,יוגורט בטעם וניל 0% לייט אנד פרי 10 גרם חלבון בגביע,מיוצר עי קונדיטוריית,IL,דנונה לייט אנד פריי,,150.00,"100 מ""ל",false,,4.80,0.0320,true,1,101730
7290112347008,false,גמדים לדרך גבינה לבנה עם מחית תות ושיבולת שועל,מיוצר עי קונדיטוריית,IL,גמדים סקוויז ארוחת ב,,100.00,"100 מ""ל",false,,5.90,0.0590,true,1,92988
7290112348142,false,שעועית לבנה 380 גר' בקופסה טעם הטבע,שטראוס טעם הטבע,,שעועית לבנה ט.הטבע ק,,380.00,"100 מ""ל",false,,7.90,0.0208,true,1,98778
7290112348616,false,עלית - קפה נמס אגוזי לוז 100 גרם,עלית,,קפה נמס אגוזי לוז על,,100.00,"100 מ""ל",false,,15.90,0.1590,true,1,100923
7290112348999,false,פריכיות טעימות תירס דקות 135 גר',Unknown,IL,אנרג'י פריכיות הטעימ,,135.00,"100 מ""ל",false,,14.30,0.1059,true,1,101529
7290112349316,false,מסטיק בזוקה פופים ממולא בטעם תות ללא סוכר,רוג'ר אנד רוג'ר,DE,בזוקה ביג פופים בטעם,,86.00,"100 מ""ל",false,,14.90,0.1733,true,1,98310
7290112349606,false,מעדן גבינה ויוגורט תות בננה 88 ג' דניאלה,"שטראוס בריאות בע""מ",IL,דניאלה בטעם תות בננה,,88.00,"100 מ""ל",false,,4.10,0.0466,true,1,104877
7290112349705,false,פומודורו רוטב עגבניות קלאסי לפסטה 350 גר' יד מרדכי,אמיליאנה קונסרב סוסי,IT,רוטב עגבניות קלאסי ל,,350.00,"100 מ""ל",false,,13.90,0.0397,true,1,97646
7290112349736,false,בזיליקום רוטב עגבניות לפסטה 350 גר' יד מרדכי,אמיליאנה קונסרב סוסי,IT,רוטב עגבניות לפסטה 3,,350.00,"100 מ""ל",false,,13.90,0.0397,true,1,97647
7290112349743,false,ארביאטה רוטב עגבניות פיקנטי לפסטה 350 ג' יד מרדכי,אימילאנה,IT,רוטב עגבניות פיקנטי,,350.00,100 גרם,false,,13.90,0.0397,true,1,97648
7290112349750,false,פיצה רוטב עגבניות לפיצה 350 גר' יד מרדכי,אימילאנה,IL,רוטב עגבניות לפיצה 3,,350.00,"100 מ""ל",false,,13.90,0.0397,true,1,97649
7290112350312,false,קפסולות 15 קפה יותר למכונות נספרסו עלית 10יח',הנסיך- מפעל לייצור ט,IL,קפסולות מס' 15למכונו,,50.00,"100 מ""ל",false,,18.90,0.3780,true,1,100639
7290112350589,false,אבקה להכנת משקה ציקוריה ציקו 65ג',עלית,IL,אבקה ציקו 65 גרם,,65.00,100 גרם,false,,11.90,0.1831,true,1,99288
7290112351104,false,שוקולד פרה ממולא פיצפוצי אורז 100 ג' עלית,STRAUSS-ISRAEL,IL,שוקולד פרה פיצפוצי א,,100.00,"100 מ""ל",false,,6.50,0.0650,true,1,98715
7290112351128,false,שוקולד פרה סוכריות קופצות 100 ג' עלית,"שטראוס גרופ בע""מ",IL,שוקולד פרה סוכריות ק,,100.00,"100 מ""ל",false,,6.50,0.0650,true,1,99281
7290112351258,false,פינוקיות שחור לבן 200 ג' עלית,הגביע מוצרי ופלים,IL,פינוקיות שחור לבן 20,,200.00,100 גרם,false,,10.90,0.0545,true,1,100524
7290112351463,false,שלישיית סוכריות מאסט FRESH פטל לימון 45 ג' עלית,עלית,,שלישיית סוכריות פרש,,45.00,"100 מ""ל",false,,9.70,0.2156,true,1,99032
7290112351470,false,סוכריות ללא סוכר בטעם תות רימון מאסט פרש,עלית,,שלישיית סוכריות פרש,,45.00,"100 מ""ל",false,,9.70,0.2156,true,1,99031
7290112351753,false,עלית שלישיית פסק זמן קראנץ' 96 גרם,STRAUSS-ISRAEL,,שלישיית פסק זמן קראנ,,96.00,"100 מ""ל",false,,12.90,0.1344,true,1,101185
7290112353887,false,"משקה קפה קר בטעם אגוזים יטבתה 230 מ""ל",אנסטל מילק kg,AT,משקה קפה קר בטעם אגו,,230.00,100 גרם,false,,8.50,0.0370,true,1,99222
7290112354204,false,ארוחה אישית ספגטי עגבניות,גסטרונומיה פרוסט אס.,IT,ספגטי עגבניות 280גרם,,280.00,100 גרם,false,,22.90,0.0818,true,1,107606
7290112355027,false,יוגורט פרו בטעם קרמל מלוח 200 ג' דנונה,"שטראוס בריאות בע""מ",IL,דנונה פרו 20 בטעם קר,,200.00,"100 מ""ל",false,,6.80,0.0340,true,1,101469
7290112355102,false,גמדים פאוץ סלט פירות 100 ג' שטראוס,"שטראוס בריאות בע""מ",IL,גמדים סקוויז סלט פיר,,100.00,"100 מ""ל",false,,5.90,0.0590,true,1,102025
7290112355393,false,"יטבתה רוטב שמנת+בטטה 9% שומן 250 מ""ל",מחלבת יטבתה,IL,רוטב שמנת עם בטטה 2,,257.00,100 גרם,false,,11.90,0.0463,true,1,107550
7290112355812,false,מעדן מילקי עם טופ קורנפלקס מצופה שוקולד,"שטראוס גרופ בע""מ",IL,מילקי טופ קורנפלקס 1,,141.00,"100 מ""ל",false,,5.10,0.0362,true,1,106398
7290112355867,false,מילקי קצפת טופ פיצפוץ 86 גרם,"שטראוס גרופ בע""מ",IL,מילקי טופ קצפת פצפוצ,,86.00,"100 מ""ל",false,,4.70,0.0547,true,1,104338
7290112357045,false,עגבניות איטלקיות מרוסקות 390 גר' בקופסה טעם הטבע,שטראוס טעם הטבע,IT,עגבניות איטלקיות מרו,,390.00,100 גרם,false,,7.90,0.0203,true,1,98775
7290112357083,false,אפונת גינה טעם הטבע 380 גר' בקופסה,שטראוס טעם הטבע,,אפונת גינה ט.הטבע קו,,380.00,"100 מ""ל",false,,7.90,0.0208,true,1,98777
7290112357106,false,שעועית אדומה 380 גר' בקופסה טעם הטבע,שטראוס טעם הטבע,,שעועית אדומה ט.הטבע,,380.00,100 גרם,false,,7.90,0.0208,true,1,98779
7290112357113,false,גרגרי חומוס בקופסה 380 גר' טעם הטבע,שטראוס טעם הטבע,IT,גרגרי חומוס 380 ט.הט,,380.00,"100 מ""ל",false,,7.90,0.0208,true,1,98773
7290112357892,false,סוכריות ללא סוכר בטעם מנטה מאסט פרש,עלית,,שלישיית סוכריות פרש,,45.00,"100 מ""ל",false,,9.70,0.2156,true,1,99033
7290112358004,false,חטיף שוקולד פסק זמן,שולן צ'יקולטה גידה ס,TR,פסק זמן קראנץ' 32 גר,,32.00,100 גרם,false,,5.90,0.1844,true,1,101534
7290112358127,false,יוגורט PRO בטעם וניל עוגיות פלוס מגנזיום,מיוצר עי קונדיטוריית,IL,דנונה פרו 20 גרם חלב,,200.00,"100 מ""ל",false,,6.90,0.0345,true,1,101099
7290112358233,false,יד מרדכי רוטב צילי חריף 300גרם,יד מרדכי,,רוטב צילי חריף 300 ג,,300.00,100 גרם,false,,14.90,0.0497,true,1,100527
7290112358240,false,יד מרדכי רוטב גריל 300 גרם,יד מרדכי,,רוטב לעוף גריל 300גר,,300.00,"100 מ""ל",false,,14.90,0.0497,true,1,98720
7290112358257,false,רוטב לעוף עם שזיפים יד מרדכי 300 גר',יד מרדכי,,רוטב לעוף עם שזיפים,,300.00,"100 מ""ל",false,,14.90,0.0497,true,1,98719
7290112358431,false,עד חצות דאבל ביסקוויט עם שוקולד חלב -8 אריזות אישיות,הדקלאים אגודת שיתופי,FR,עד חצות ביסקוויט דאב,,200.00,"100 מ""ל",false,,14.90,0.0745,true,1,102649
7290112359353,false,קפה טורקי קלוי וטחון אלדין,STRAUSS-ISRAEL,IL,*מבצע* אלדין קפה טור,,200.00,100 גרם,false,,15.90,0.0795,true,1,105482
7290112490728,false,מרק עשיר ירקות עם בורגול רכיבים טבעיים 95 ג' קנור,יוניליוור ישראל מזון,IL,מרק עשיר ירקות בורגו,,95.00,"100 מ""ל",false,,12.90,0.1358,true,1,82574
7290112490742,false,מרק עשיר פטריות עם גריסים רכיבים טבעיים 104 ג' קנור,יוניליוור,IL,מרק עשיר פטריות גריס,,104.00,"100 מ""ל",false,,12.90,0.1240,true,1,82576
7290112490827,false,"תרסיס למייבש כביסה בייבי 500 מ""ל בדין","זוהר דליה, קיבוץ דלי",IL,בדין תרסיס בייבי למי,,500.00,100 גרם,false,,19.90,0.0398,true,1,82584
7290112490896,false,"קנור רוטב צ'ילי חריף 370 מ""ל PAL",אתר חיפה 778,,רוטב צילי חריף קנור,,370.00,100 גרם,false,,14.90,0.0403,true,1,83015
7290112492746,false,"פינוק מרכך ללא דמעות לסירוק קל לילדים 700 מ""ל",יוניליוור,IL,פינוק מרכך שיער לילד,,700.00,100 גרם,false,,13.90,0.0199,true,1,99169
7290112492982,false,"אבקת מרק פטריות כשל""פ 100% רכיבים טבעיים 400 גרם",יוניליוור ישראל מזון,IL,קנור א.מרק פטריות רכ,,400.00,100 גרם,false,,22.90,0.0572,true,1,92804
7290112493316,false,מרק אפונה רכיבים טבעיים 117 ג' קנור,יוניליוור,IL,מרק היום אפונה 100%,,117.00,100 גרם,false,,12.90,0.1103,true,1,88833
7290112494153,false,תיבולית בטעם צלי קנור 72 ג',יוניליוור ישראל מזון,IL,קנור תיבולית בניחוח,יחידה,0.00,יחידה,false,,10.90,0.0000,true,1,98258
7290112494382,false,פירה בטעם ביתי - מוכן ברגע,יוניליוור ישראל מזון,IL,פירה ביתי 260גר,,260.00,"100 מ""ל",false,,14.90,0.0573,true,1,92354
7290112495488,false,תלמה קורנפלקס ללא גלוטן 500 ג',"מולינו ניקולי S.p.A,",IT,קורנפלקס ללא גלוטן 5,,500.00,100 גרם,false,,21.90,0.0438,true,1,97390
7290112495983,false,פרכיות פתיתבציפוי שוקולד חלב ושבבי קרמל מלוח 39 גר',גוד פוד פרודקטס Sp.z,PL,פתית פריכיות שוקולד,,35.00,100 גרם,false,,4.90,0.1400,true,1,99158
7290112496270,false,"פתית צ'יפס תפו""א+עגבניות ועשבי תיבול 22 גרם.",JLM גלובל פודס37 דרך,GB,"פתית צ'יפס תפו""א עם",,0.00,100 גרם,false,,4.90,0.0000,true,1,99164
7290112496287,false,פתית - צ'יפס בטטה בטעם טבעי 21 גרם,JLM גלובל פודס37 דרך,GB,פתית צ'יפס בטטה בטעם,,0.00,100 גרם,false,,4.90,0.0000,true,1,99165
7290112497031,false,רוטב עגבניות לקציצות קנור 415 ג',יוניליוור,IT,רוטב עגבניות לקציצות,,415.00,100 גרם,false,,11.90,0.0287,true,1,102320
7290112497123,false,תערובת להכנת מעדן בטעם סחלב,יוניליוור ישראל מזון,IL,סחלב תערובת להכנה 11,,112.00,"100 מ""ל",false,,13.90,0.1241,true,1,100983
7290112498298,false,"אל סבון ליידים בתוספת שמן מרוקאי פינוק 950 מ""ל",קוסטר אירוסול ולף סנ,TR,פינוק סבון ידיים מרו,,950.00,100 גרם,false,,11.90,0.0125,true,1,103758
7290112498526,false,פתית צ'יפס עם בטטה סגולה בטעם שמנת ובצל,JLM גלובל פודס37 דרך,GB,פתית ציפס בטטה סגולה,יחידה,0.00,יחידה,false,,4.90,0.0000,true,1,104928
7290112498748,false,מאגדת מיני סולרו ותות 350ג',"מיוצר ע""י גלידת שטרא",IL,מאגדת מיני סולרו וני,יחידה,0.00,יחידה,false,,24.90,0.0000,true,1,102401
7290112499097,false,"מאגדת מיני מגנום מריר כשל""פ","מיוצר ע""י גלידת שטרא",IL,מאגדת מיני מגנום מרי,,240.00,"100 מ""ל",false,,29.90,0.1246,true,1,105176
7290112700407,false,נר גדול מנצנץ זהב ענ,,,נר גדול מנצנץ זהב ענ,יחידה,0.00,יחידה,false,,8.90,0.0000,true,1,81883
7290112960115,false,אסם שקדי מרק 30% קמח חיטה מלא 12*350גרם,אסם,IL,שקדי מרק 30% קמח חיט,,350.00,100 גרם,false,,13.90,0.0397,true,1,82128
7290112961372,false,פיטנס חטיפי פריכיות דגנים עם קינמון,"פרח תעשיות מזון בע""מ",IL,פיטנס חטיפי פריכיות,,60.00,100 גרם,false,,8.90,0.1483,true,1,83550
7290112961464,false,פיטנס חטיפי פריכיות דגנים וחומוס מתובלות,"פרח תעשיות מזון בע""מ",IL,פיטנס חטיפי פריכיות,,60.00,100 גרם,false,,8.90,0.1483,true,1,83542
7290112961754,false,עוגיות שוקולד ציפס עם קרם בטעם אגוזים,מיוצר עי קונדיטוריית,IL,עוגיות שוקוציפס קרם,,200.00,100 גרם,false,,12.70,0.0635,true,1,83206
7290112962287,false,טבעול שווארמה טבעונית 6*450 גרם,מיוצר עי קונדיטוריית,IL,טבעול שווארמה טבעוני,,450.00,"100 מ""ל",false,,33.90,0.0753,true,1,97397
7290112963918,false,חטיפי קרקר דק רוזמרין 140 ג' פיטנס,נסטלה Nestle,IL,פיטנס קרקר דק רוזמרי,,140.00,"100 מ""ל",false,,12.90,0.0921,true,1,88881
7290112964410,false,רוטב אוסם אלף האיים לסלט 290 ג' אסם,Unknown,IL,רוטב אלף האיים לסלט,,290.00,100 גרם,false,,12.50,0.0431,true,1,84664
7290112964434,false,רוטב לסלט קיסר 295 ג' אוסם,אסם,IL,רוטב קיסר לסלט 295 ג,,295.00,"100 מ""ל",false,,12.50,0.0424,true,1,84667
7290112964458,false,רוטב וינגרט לסלט 295 ג' אסם,Unknown,IL,רוטב ויניגרט לסלט אס,,295.00,"100 מ""ל",false,,12.50,0.0424,true,1,84668
7290112964472,false,רוטב שום לסלט 290 ג' אסם,Unknown,IL,רוטב שום לסלט אסם 29,,290.00,"100 מ""ל",false,,12.50,0.0431,true,1,84665
7290112964564,false,רוטב אלף האיים לייט לסלט 310 ג' אסם,אסם,IL,רוטב אלף האיים לייט,,295.00,"100 מ""ל",false,,12.50,0.0424,true,1,84669
7290112964601,false,רוטב בנוסח סצ'ואן הסדרה האסייתית,"אסם השקעות בע""מ",IL,אסם רוטב בנוסח סצואן,,290.00,"100 מ""ל",false,,15.90,0.0548,true,1,84124
7290112964625,false,רוטב שום לייט לסלט 310 ג' אסם,אסם,IL,רוטב שום לייט לסלט א,,310.00,100 גרם,false,,12.50,0.0403,true,1,84670
7290112964724,false,טבעול המבורגרטבעוני 580 גר',מיוצר עי קונדיטוריית,IL,המבורגר צמחוני עם המ,,580.00,100 גרם,false,,33.90,0.0584,true,1,88925
7290112965141,false,תבשיל פתיתים אפויים עם ירקות 130 גר',אסם,IL,תבשיל פתיתים אפויים,,130.00,"100 מ""ל",false,,11.90,0.0915,true,1,92915
7290112965165,false,מרק נמס בטעם פטריות זוג * 24 ג' אסם,אסם,IL,זוג מרק נמס פטריות ב,,34.00,"100 מ""ל",false,,6.50,0.1912,true,1,89051
7290112965264,false,אוסם - מרק נמס אפונה זוג 26 גרם * 2,Unknown,,זוג מרק נמס אפונה בד,,52.00,100 גרם,false,,6.50,0.1250,true,1,101078
7290112965325,false,תבשיל אורז ספרדי אוסם 140 גרם,אסם,IL,תבשיל אורז ספרדי אסם,,140.00,"100 מ""ל",false,,11.90,0.0850,true,1,92917
7290112965660,false,פיטנס - חטיף מולטיגריין מלח פלפל 25 גרם,מיוצר עי קונדיטוריית,IL,פיטנס חטיף מולטיגריי,,25.00,"100 מ""ל",false,,5.90,0.2360,true,1,100716
7290112965707,false,פיטנס - חטיף מולטיגריין צילי מעודן 25 גרם,"אסם השקעות בע""מ",IL,פיטנס חטיף מולטיגריי,,25.00,"100 מ""ל",false,,5.90,0.2360,true,1,100718
7290112965745,false,אוסם - ביסלי פריסטייל בצל מעושן 60 גרם,"אסם השקעות בע""מ",IL,ביסלי פריסטייל בצל מ,,60.00,"100 מ""ל",false,,4.90,0.0817,true,1,102776
7290112965806,false,אוסם - ביסלי פריסטייל חמוץ חריף 60 גרם,Unknown,IL,ביסלי פריסטייל חמוץ,,60.00,"100 מ""ל",false,,4.90,0.0817,true,1,102775
7290112965943,false,טבעול נאגטס ירקות ירוקים 500 גר',טבעול תעשיות מזון בע,IL,נאגטס ירקות ירוקים 5,,500.00,"100 מ""ל",false,,33.90,0.0678,true,1,99179
7290112965967,false,טבעול נאגטס ירקות כתומים 500 גר',טבעול תעשיות מזון בע,IL,נאגטס ירקות כתומים 5,,500.00,100 גרם,false,,33.90,0.0678,true,1,99180
7290112966094,false,עוגת הבית בטעם תפוז - פחות סוכר,מיוצר עי קונדיטוריית,IL,עוגת הבית תפוז מופחת,,400.00,"100 מ""ל",false,,13.90,0.0348,true,1,92937
7290112966445,false,במבה מתוקה אריזה גדולה 100 ג' אסם,"אסם השקעות בע""מ",IL,במבה מתוקה אסם 100 ג,,100.00,"100 מ""ל",false,,8.90,0.0890,true,1,91804
7290112966766,false,טחינה בלאדי חציל עגבניות ושום צבר 350 גר',שוורצקוף& הנקל דיסלד,IL,טחינה באלדי חציל עגב,,350.00,"100 מ""ל",false,,15.90,0.0454,true,1,92946
7290112966780,false,טחינה באלדי עם חציל קלוי צבר 350 גר',שוורצקוף& הנקל דיסלד,IL,טחינה באלדי עם חציל,,350.00,"100 מ""ל",false,,15.90,0.0454,true,1,92947
7290112966803,false,פודינג אינסטנט שוקולד 88 ג' אסם,"אסם השקעות בע""מ",IL,פודינג שוקולד אסם 88,,88.00,"100 מ""ל",false,,5.90,0.0670,true,1,92906
7290112966841,false,פודינג בטעם שוקולד מריר 90 ג' אסם,מיוצר עי קונדיטוריית,IL,פודינג שוקולד מריר א,,90.00,"100 מ""ל",false,,5.90,0.0656,true,1,92907
7290112967114,false,חטיפי פריכיות פיטנס קטניות ופלפל 60 גר',"פרח תעשיות מזון בע""מ",IL,פיטנס חטיפי פריכיות,,60.00,100 גרם,false,,8.90,0.1483,true,1,97767
7290112967381,false,פיטנס חטיפי פריכיות קטניות ומלח ים 60 גר',"פרח תעשיות מזון בע""מ",IL,פיטנס חטיפי פריכיות,,60.00,"100 מ""ל",false,,8.90,0.1483,true,1,97768
7290112967572,false,"אסם רוטב ברביקיו 290 מ""ל אסם",אסם,IL,רוטב ברבקיו אוסם 290,,290.00,100 גרם,false,,12.50,0.0431,true,1,92911
7290112968203,false,סלט טחינה בלאדי צבר 250 גרם,שוורצקוף& הנקל דיסלד,IL,סלט טחינה באלדי צבר,,250.00,"100 מ""ל",false,,10.90,0.0436,true,1,97764
7290112968449,false,סלט כרוב אדום צבר 250 גר',שוורצקוף& הנקל דיסלד,IL,סלט כרוב אדום צבר 25,,250.00,"100 מ""ל",false,,10.90,0.0436,true,1,97773
7290112968524,false,סלט חומוס גרגירים רכים צבר 250 גרם,שוורצקוף& הנקל דיסלד,IL,סלט חומוס סמיר צבר 2,,250.00,"100 מ""ל",false,,10.90,0.0436,true,1,97775
7290112968685,false,חומוס גרגרים בתטבילה צבר 400 גרם,שוורצקוף& הנקל דיסלד,IL,חומוס גרגרים בתטבילה,,400.00,"100 מ""ל",false,,14.50,0.0363,true,1,97544
7290112968807,false,פיטנס - קרקר דק סלק 140 גרם,מפעל אסם יקנעם,IL,פיטנס קרקר דק סלק 14,,140.00,100 גרם,false,,12.90,0.0921,true,1,100713
7290112968821,false,פיטנס - קרקר דק בטטה 140 גרם,מפעל אסם יקנעם,IL,פיטנס קרקר דק בטטה 1,,140.00,"100 מ""ל",false,,12.90,0.0921,true,1,100714
7290112969286,false,אסם בישולים רוטב חרדל ודבש 330 גר'.,"אסם השקעות בע""מ",IL,רוטב חרדל ודבש אסם 3,,330.00,100 גרם,false,,16.90,0.0512,true,1,101087
7290113190375,false,סילאן סירופ תמרים טב,שקדיה,TR,סילאן טבעי 900 גרם,,900.00,"100 מ""ל",false,,17.90,0.0199,true,1,84724
7290113192201,false,תערובת להכנת סחלב 500 גרם,דין שיווק,IL,תערובת להכנת סחלב 50,,500.00,"100 מ""ל",false,,14.90,0.0298,true,1,97814
7290113192225,false,תערובת להכנה מהירה סופלה שוקולד 200 גר',קריות זול,,תערובת להכנת סופלה ש,,200.00,"100 מ""ל",false,,12.90,0.0645,true,1,99293
7290113192300,false,זיתים חרוזית מושחר A2 בית השיטה 275 גר',בית השיטה,IL,חרוזית מושחר 275גרם,,275.00,100 גרם,false,,10.90,0.0396,true,1,98543
7290113192317,false,בית השיטה טבעות זיתים מושחרים 280 גר',בית השיטה,IL,טבעות זיתים מושחרים,,280.00,100 גרם,false,,11.90,0.0425,true,1,98544
7290113192324,false,זיתים ירוקים שלמים בינוניים,בית השיטה,IL,זית ירוק 340גרם בית,,340.00,"100 מ""ל",false,,9.90,0.0291,true,1,98161
7290113192331,false,זיתים ירוק גדול A2 בית השיטה 340ג',בית השיטה,IL,זיתים ירוקים שלמים ג,,560.00,"100 מ""ל",false,,9.90,0.0177,true,1,100477
7290113192348,false,זיתים ירוקים שלמים גדולים מאוד בטעם שום,בית השיטה,IL,זית ירוק טעם שום 17-,,340.00,100 גרם,false,,9.90,0.0291,true,1,98545
7290113192355,false,חרוזית זיתים ירוקים ללא גלעין 275 ג' בית השיטה,בית השיטה,IL,חרוזית ירוק 275גרם ב,,275.00,100 גרם,false,,10.90,0.0396,true,1,98546
7290113192362,false,טבעות זיתים ירוקים 280 ג' בית השיטה,בית השיטה,IL,טבעות זיתים ירוקים 2,,280.00,"100 מ""ל",false,,10.90,0.0389,true,1,98547
7290113192379,false,בית השיטה זיתים ירוקים מבוקעים א2 340גר',בית השיטה,IL,זיתים ירוקים מבוקעים,,340.00,"100 מ""ל",false,,10.90,0.0321,true,1,98548
7290113192386,false,זיתים סורי מבוקע A2 בית השיטה 340ג',בית השיטה,IL,בית השיטה זית סורי מ,,340.00,"100 מ""ל",false,,11.50,0.0338,true,1,98549
7290113192393,false,בית השיטה קוקטייל זיתים א2 336גר',בית השיטה,IL,קוקטייל זיתים 336גרם,,336.00,"100 מ""ל",false,,11.90,0.0354,true,1,98550
7290113192478,false,בית השיטה מלפפונים במלח בינוני 10-12 320 גרם,בית השיטה,IL,מלפפון במלח בינוניים,,320.00,"100 מ""ל",false,,8.90,0.0278,true,1,98557
7290113192485,false,בית השיטה מלפפונים בחומץ בינוני 10-12 290 גרם,בית השיטה,IL,מלפפון בחומץ 10-12 2,,290.00,100 גרם,false,,8.90,0.0307,true,1,98558
7290113192492,false,בית השיטה מלפפונים בחומץ קטנים 1317 290 גרם,בית השיטה,IL,מלפפון בחומץ קטנים 1,,290.00,100 גרם,false,,10.90,0.0376,true,1,98559
7290113192508,false,בית השיטה מלפפונים במלח קטן 1317 320 גרם,בית השיטה,IL,מלפפון במלח קטנים 13,,320.00,"100 מ""ל",false,,10.90,0.0341,true,1,98561
7290113192515,false,בית השיטה מלפפונים במלח קטן מאוד 1825 320 גרם,בית השיטה,IL,מלפפון במלח 18-25 קט,,320.00,100 גרם,false,,12.90,0.0403,true,1,98562
7290113192522,false,בית השיטה מלפפונים בחומץ קטן מאוד 1825 290 גרם,בית השיטה,IL,מלפפון בחומץ 18-25 ק,,290.00,"100 מ""ל",false,,12.90,0.0445,true,1,98565
7290113192539,false,בית השיטה מלפפונים במלח גדול 79 320 גרם,בית השיטה,IL,מלפפון במלח גדולים 7,,320.00,100 גרם,false,,6.90,0.0216,true,1,98566
7290113192546,false,בית השיטה מלפפונים בחומץ גדול 79 290 גרם,בית השיטה,IL,מלפפון בחומץ גדולים,,290.00,100 גרם,false,,6.90,0.0238,true,1,98568
7290113192553,false,בית השיטה מלפפונים במלח 13-17 בלדי 320 גר',בית השיטה,IL,מלפפון במלח בלדי 13-,,320.00,100 גרם,false,,10.90,0.0341,true,1,98569
7290113192560,false,בית השיטה פלפל שיפקה חריף כבוש 230 גרם,בית השיטה,IL,פלפל שיפקה א2 230 גר,,230.00,"100 מ""ל",false,,6.90,0.0300,true,1,99531
7290113192577,false,בית השיטה כרוב כבוש חתוך 430 גרם,בית השיטה,IL,כרוב כבוש א2 430 גרם,,430.00,100 גרם,false,,7.90,0.0184,true,1,99532
7290113192881,false,"טורטיה חיטה מופחת קלוריות, קוטר 20 ס""מ - 6 יח'",דין שיווק,IL,טורטיה חיטה מופחתת ק,,270.00,100 גרם,false,,9.90,0.0367,true,1,99302
7290113192997,false,בית השיטה זית מרוקאי 340 גר',בית השיטה,IL,זית שחור יבש 340 גרם,,340.00,"100 מ""ל",false,,13.90,0.0409,true,1,99533
7290113193000,false,בית השיטהפלפל שיפקונית 230 גר',שוורצקוף& הנקל דיסלד,IL,פלפל שיפקונית 230 גר,,230.00,"100 מ""ל",false,,11.50,0.0500,true,1,99534
7290113193031,false,חרוזית קלמטה - זיתים שחורים ללא גלעין קלמטה,שוורצקוף& הנקל דיסלד,IL,בית השיטה חרוזית קלמ,,275.00,"100 מ""ל",false,,13.90,0.0505,true,1,99536
7290113193406,false,"קוקטייל טבעות זיתים - זיתים ירוקים, שחורים מרינד",בית השיטה,IL,קוקטייל זיתים טבעות,,280.00,"100 מ""ל",false,,13.90,0.0496,true,1,99537
7290113193888,false,חצילים מוחמצים בית השיטה 320 גר',שוורצקוף& הנקל דיסלד,IL,חצילים מוחמצים 320 ג,,320.00,"100 מ""ל",false,,11.50,0.0359,true,1,102085
7290113194090,false,בית השיטה טבעות קלמטה 280 גר',בית השיטה,IL,זית קלמטה טבעות 280,,280.00,100 גרם,false,,13.90,0.0496,true,1,99539
7290113195073,false,חלווה טורקית עם פיסט,,,חלבה טורקית עם פיסטו,,400.00,100 גרם,false,,14.90,0.0373,true,1,101937
7290113195196,false,רסק תפוחי עץ 710 גרם,,,רסק תפוחי עץ 710 גרם,,710.00,"100 מ""ל",false,,9.90,0.0139,true,1,101940
7290113195264,false,ממרח פלפלים קלויים 360 ג',דין שיווק,,ממרח פלפלים קלויים 3,,360.00,"100 מ""ל",false,,11.90,0.0331,true,1,101947
7290113195967,false,שיבולת שועל שקדיה פח,דין שיווק,IL,שיבולת שועל 500גרם פ,,500.00,"100 מ""ל",false,,9.90,0.0198,true,1,101948
7290113196339,false,מלפפון קורנישון בחומ,,IN,מלפפונים קורנישונים,יחידה,0.00,יחידה,false,,9.90,0.0000,true,1,103621
7290113196414,false,"אורז בסמטי שקדיה 1 ק""ג",קריות זול,IN,"אורז בסמטי 1 ק""ג שקד",,1000.00,"100 מ""ל",false,,12.90,0.0129,true,1,104277
7290113196896,false,תרסיס שמן זית 170 ג' שקדיה,שקדיה,IL,"תרסיס שמן זית 170 מ""",,170.00,100 גרם,false,,13.90,0.0818,true,1,104278
7290113196902,false,מנה חמה אטריות אורז בטעם בקר 70 ג' סו שף,קריות זול,VN,מנה חמה אטריות אורז,,60.00,100 גרם,false,,7.90,0.1317,true,1,106633
7290113196919,false,מנה חמה אטריות אורז בטעם עוף70 ג' סו שף,קריות זול,VN,מנה חמה אטריות אורז,,60.00,100 גרם,false,,7.90,0.1317,true,1,106635
7290113196926,false,מנה חמה אטריות אורז בטעם ירקות 70 ג' סו שף,קריות זול,VN,מנה חמה אטריות אורז,יחידה,0.00,יחידה,false,,7.90,0.0000,true,1,106634
7290113197169,false,חמאת בוטנים טבעית שק,,,חמאת בוטנים טבעית 51,,510.00,"100 מ""ל",false,,16.90,0.0331,true,1,106637
7290113197176,false,חמאת בוטנים טבעית עם,,,חמאת בוטנים טבעית עם,,510.00,100 גרם,false,,16.90,0.0331,true,1,106638
7290113198579,false,סוכריות גומי דובונים בטעמי פירות 200 ג' שקדיה,טופ גלוב,IL,סוכריות גומי דובונים,,200.00,100 גרם,false,,10.00,0.0500,true,1,105596
7290113198586,false,סוכריות גומי מסוכרות בטעם אפרסק 200 ג' שקדיה,טופ גלוב,IL,סוכריות גומי מסוכרות,,200.00,100 גרם,false,,10.00,0.0500,true,1,105597
7290113198593,false,סוכריות גומי מסוכרות בטעם בננה 200 ג' שקדיה,טופ גלוב,IL,סוכריות גומי מסוכרות,,200.00,100 גרם,false,,10.00,0.0500,true,1,105594
7290113198609,false,סוכריות גומי נחשים בטעמי פירות 200 ג' שקדיה,טופ גלוב,IL,סוכריות גומי נחשים ב,,200.00,"100 מ""ל",false,,10.00,0.0500,true,1,105593
7290113199323,false,טורטיה מיני 150ג' שקדיה,,TR,טורטיה מיני 150 גרם,,150.00,"100 מ""ל",false,,5.50,0.0367,true,1,106632
7290113199682,false,גרנולה שיבולת שועל עם פירות יבשים ומסוכרים 500ג' שקדיה,,,גרנולה שיבולת שועל ע,,500.00,100 גרם,false,,10.90,0.0218,true,1,106189
7290113199910,false,סוכריות חמצוצים בטעם קולה 180 ג' שקדיה,,,סוכריות חמצוצים בטעם,,200.00,"100 מ""ל",false,,10.00,0.0500,true,1,105600
7290113199927,false,סוכריות חמצוצים בטעם פירות 180 ג' שקדיה,דין שיווק,IL,סוכריות חמצוצים בטעמ,,200.00,"100 מ""ל",false,,10.00,0.0500,true,1,105602
7290113199934,false,סוכריות חמצוצים בטעם אוכמניות 180 ג' שקדיה,,,סוכריות חמצוצים בטעם,,200.00,"100 מ""ל",false,,10.00,0.0500,true,1,105601
7290113594432,false,אצבעות שוקולד ממולא,,,אצבעות שוקולד ממולא,,50.00,100 גרם,false,,4.90,0.0980,true,1,101825
7290113594494,false,אצבעות שוקולד ממולא,,,אצבעות שוקולד ממולא,,50.00,100 גרם,false,,4.90,0.0980,true,1,101826
7290114310215,false,"**טרה שמנת מתוקה 38% 250 מ""ל בקבוק.",מילקו תעשיות בעמ,IL,שמנת מתוקה 38% בקבוק,,250.00,"100 מ""ל",false,,6.47,0.0259,true,1,98536
7290114310222,false,חלב 1.5 ליטר 3% מועשר בסידן וויטמין D.,מילקו תעשיות בעמ,IL,חלב מועשר בסידן וויט,,1500.00,100 גרם,false,,12.90,0.0086,true,1,107171
7290114310239,false,חלב טרה נטול לקטוז מועשר בוויטמין D 2% 1.5 ל',מילקו תעשיות בעמ,IL,חלב נטול לקטוז מועשר,,1500.00,100 גרם,false,,12.90,0.0086,true,1,107170
7290114310338,false,צפתית מעודנת 5% 225 גר' משק צוריאל,מחלבת משק צוריאל,IL,צפתית מעודנת 5%,,225.00,"100 מ""ל",false,,19.90,0.0884,true,1,101684
7290114310345,false,מעדן יוגורט - תות 1.5% 125 גרם,טרה,,מוו מעדן חלב בטעם תו,,125.00,"100 מ""ל",false,,3.20,0.0256,true,1,100943
7290114310383,false,מולר קציפת יוגורט בטעם וניל צרפתי 97 גרם,מולר Muller,IL,מולר פרופ קציפת יוג,,97.00,100 גרם,false,,5.20,0.0536,true,1,107285
7290114310390,false,"מולר פרופ קציפת יוגורט בננה לוטי 5% 150 מ""ל",מולר Muller,IL,מולר פרופ קציפת יוג,,97.00,100 גרם,false,,5.20,0.0536,true,1,107287
7290114310406,false,"מולר פרופ קציפת יוגורט תות 5% 150 מ""ל",מולר Muller,IL,מולר פרופ קציפת יוג,,97.00,100 גרם,false,,5.20,0.0536,true,1,107286
7290114310536,false,יוגורט לייט מעושר בחלבון בטעם וניל מולר 200 ג',מולר Muller,IL,מולר אקטיב לייט יוגו,,200.00,"100 מ""ל",false,,6.40,0.0320,true,1,102716
7290114310673,false,גבינת לאבנה 9% 250 גרם,טרה,IL,לאבנה 9% 250 גרם,,250.00,100 גרם,false,,13.90,0.0556,true,1,104629
7290114310895,false,סימפלי מולר מאגדת שמינייה מנגו תות 1.5% 150X8 גר',מולר Muller,IL,מאגדת שמינייה סימפלי,,1200.00,100 גרם,false,,31.90,0.0266,true,1,103733
7290114311038,false,שמנת מתוקה עמידה 32% 250מל בקבוק,מילקו,IL,שמנת להקצפה טרה 32%,,250.00,100 גרם,false,,7.50,0.0300,true,1,105946
7290114311069,false,יוגורט לבן מועשר בחלבון 0% שומן 200 גרם muller active,מולר Muller,IL,מולר אקטיב 25ג חלבון,,200.00,100 גרם,false,,5.90,0.0295,true,1,105290
7290114311106,false,מולר נטורל חצוי+יוגורט ביו+גרנולה וסירופ עם סילאן 177 ג',מולר,IL,מולר נטורל+יוגורט בי,,177.00,100 גרם,false,,6.80,0.0384,true,1,104904
7290114311298,false,יוגורט קציפת תות בננה מלון 150 ג' מולר,מולר Muller,IL,מולר פרופ קציפת תות,,150.00,"100 מ""ל",false,,5.50,0.0367,true,1,106389
7290114311458,false,"חלב מועשר 3% וויטמין קרטון, 1 ל טרה",Unknown,IL,חלב 3% מועשר ויטמין-,,1000.00,"100 מ""ל",false,,7.90,0.0079,true,1,106971
7290114311502,false,"משקה חלב בקבוק בטעם סחלב, 1 ליטר",מילקו תעשיות בעמ,IL,משקה חלב בטעם סחלב 1,,1000.00,"100 מ""ל",false,,12.90,0.0129,true,1,107282
7290114311526,false,מולר יוגורט פרופ עם קציפת תפוז ג'ינג'ר 3%,מולר Muller,IL,מולר פרופ קציפת תפוז,,150.00,100 גרם,false,,5.50,0.0367,true,1,108176
7290114311533,false,מולר יוגורט פרופ עם קציפה בטעם סנגריה 3%,מולר Muller,IL,מולר פרופ קציפת פרי,,150.00,100 גרם,false,,5.50,0.0367,true,1,108177
7290114311557,false,יוגורט נטורל ו גרנולה בתוספת סירופ מייפל 170 ג' מולר,מולר Muller,IL,מולר נטורל+גרנולה וס,,170.00,100 גרם,false,,6.80,0.0400,true,1,108178
7290114600941,false,מיונז מאסטר שף מיונז לחיץ 435 ג',קפה לנדוור,NL,מיונז הולנדי לחיץ מא,,435.00,"100 מ""ל",false,,15.90,0.0366,true,1,108021
7290114604895,false,ממרח ספייסי לחיץ 446 גר' מאסטר שף,מאסטר שף,NL,ממרח ספייסי לחיץ מאס,,446.00,"100 מ""ל",false,,15.90,0.0357,true,1,108012
7290114604963,false,מאסטר שף פירורי לחם מתובלים 230ג,מאסטר שף,IL,פירורים מתובלים 230,,280.00,"100 מ""ל",false,,6.90,0.0246,true,1,102599
7290114606530,false,רוטב בטעם מיונז וקטשופ מאסטר שף 515 ג',מאסטר שף,NL,רוטב בטעם מיונז וקטש,,515.00,"100 מ""ל",false,,15.90,0.0309,true,1,108018
7290114606554,false,מיונז מופחת קלוריות בקבוק לחיץ,מאסטר שף,NL,מיונז לייט לחיץ מאסט,,470.00,100 גרם,false,,15.90,0.0338,true,1,108019
7290114651806,false,בקבוק טריטן עם צמידי,,,בקבוק טריטן עם צמידי,,700.00,"100 מ""ל",false,,19.90,0.0284,true,1,106894
7290114653176,false,בקבוק שתיה 700 מל עם חבק סיליקון-צהוב,,,בקבוק שתיה עם חבק סי,,700.00,100 גרם,false,,19.90,0.0284,true,1,106275
7290114655903,false,בקבוק טריטן עם צמידי,,,בקבוק טריטן עם צמידי,,700.00,100 גרם,false,,19.90,0.0284,true,1,106895
7290115072686,false,בקבוק פלסטיק עם צמיד,,,בקבוק פלסטיק עם צמיד,,500.00,100 גרם,false,,19.90,0.0398,true,1,106248
7290115073713,false,שלישיית ביצי שוקולד(חלב נוכרי)-טום וג'רי,Unknown,,שלישיית ביצי שוקולד-,יחידה,0.00,יחידה,false,,12.90,0.0000,true,1,106109
7290115073720,false,שלישיית ביצי שוקולד(חלב נוכרי)-לוני טונס,,,שלישיית ביצי שוקולד-,יחידה,0.00,יחידה,false,,12.90,0.0000,true,1,106110
7290115079357,false,שלישיית ביצי שוקולד,,,שלישיית ביצי שוקולד,,60.00,100 גרם,false,,9.90,0.1650,true,1,104330
7290115200003,false,פתי בר פינוקי וניל 220 גר' אסם,תאי פרזידנט פוד פאבל,PL,פתי בר פינוקי וניל 2,,220.00,100 גרם,false,,12.70,0.0577,true,1,99234
7290115200027,false,פתי בר פינוקי שוקו 220 גר' אסם.,קריות זול,PL,פתי בר פינוקי שוקו 2,,220.00,100 גרם,false,,12.70,0.0577,true,1,99235
7290115200676,false,עוגיות קרמוגית במילוי קרם בטעם קרמל מלוח,היינץ צפון אמריקה מק,IL,אסם קרמוגית קרמל מלו,,200.00,"100 מ""ל",false,,12.70,0.0635,true,1,99511
7290115200713,false,מארז במבה קלאסי 5*50 ג' אסם,אסם,IL,במבה קלאסי מארז אחיד,,250.00,"100 מ""ל",false,,13.90,0.0556,true,1,99232
7290115201031,false,אסם פתיבר דובוני שוקולד 175 גרם,טרופיקל דגיל תעשיות,PL,פתי בר דובי שוקולד 1,,175.00,"100 מ""ל",false,,12.70,0.0726,true,1,102431
7290115201550,false,ביסלי קרנבל מיקס 150 ג' אסם,פרו מן יו פתרונות אר,IL,ביסלי קרנבל מיקס 150,,150.00,"100 מ""ל",false,,8.90,0.0593,true,1,100708
7290115201680,false,ביסלי ברביקיו אסם 70,"אסם השקעות בע""מ",IL,ביסלי ברביקיו אסם 70,,70.00,"100 מ""ל",false,,4.90,0.0700,true,1,100715
7290115201703,false,ביסלי בטעם ברביקיו 200 ג' אסם,מיוצר עי קונדיטוריית,IL,ביסלי ברביקיו אסם 20,,200.00,100 גרם,false,,8.90,0.0445,true,1,100711
7290115201727,false,ביסלי בטעם בצל 200 ג' אסם,מיוצר עי קונדיטוריית,IL,ביסלי בטעם בצל אסם 2,,200.00,"100 מ""ל",false,,8.90,0.0445,true,1,100709
7290115201741,false,ביסלי בטעם בצל אסם 7,"אסם השקעות בע""מ",IL,ביסלי בטעם בצל אסם 7,,70.00,"100 מ""ל",false,,4.90,0.0700,true,1,100712
7290115202236,false,טבעול טופו קראנצים 470 גר',עיצובים 2020 (4.8),IL,טבעול טופו קראנצ'ים,,470.00,100 גרם,false,,34.90,0.0743,true,1,103432
7290115203134,false,פופקו פופקורן במבה - פופקורן בציפוי קרמל ובוטנים,"אסם השקעות בע""מ",IL,פופקו פופקורן במבה א,,80.00,"100 מ""ל",false,,5.50,0.0688,true,1,102778
7290115203172,false,במבה PRO מכיל 18 גרם חלבון בשקית,"אסם השקעות בע""מ",IL,במבה פרו 80 גרם,,80.00,"100 מ""ל",false,,4.90,0.0613,true,1,106708
7290115203486,false,פירורית בטעם ביסלי גריל אסם 200 גר',קיבוץ עינת,IL,פירורית אסם בטעם ביס,,200.00,"100 מ""ל",false,,6.50,0.0325,true,1,105851
7290115204018,false,מנה חמה איטלקי פסטה בסגנון אלפרדו 60 ג' אסם,נסטלה,IL,מנה חמה איטלקי פסטה,,60.00,"100 מ""ל",false,,6.90,0.1150,true,1,107419
7290115204056,false,אסם קטשופ מופחת סוכר 690 גר',קריות זול,IL,אסם קטשופ מופחת סוכר,,690.00,יח',false,,10.90,0.0158,true,1,103502
7290115204131,false,צבר סחוג ירוק 6*190גרם חדש,צבר,,סחוג ירוק צבר 190גר,,190.00,"100 מ""ל",false,,12.90,0.0679,true,1,106022
7290115204186,false,פסטו המעדינה של צבר,צבר,,צבר ממרח פסטו 190 גר,,190.00,100 גרם,false,,15.90,0.0837,true,1,105024
7290115204247,false,ממרח עגבניות מיובשות 190 ג' צבר,צבר,,צבר ממרח עגבניות מיו,,190.00,100 גרם,false,,15.90,0.0837,true,1,105025
7290115204261,false,אריסה חריפה המעדנייה,צבר,,אריסה צבר 190גר,,190.00,"100 מ""ל",false,,12.90,0.0679,true,1,106024
7290115205022,false,אוסם - שקדי מרק מקלונים 350 גרם,אסם,IL,שקדי מרק מקלונים אסם,,350.00,"100 מ""ל",false,,13.90,0.0397,true,1,104881
7290115205176,false,פיטנס - קרקר דק כפרי פיטנס 140 גרם,נסטלה Nestle,IL,פיטנס קרקר דק כפרי 1,,140.00,"100 מ""ל",false,,12.90,0.0921,true,1,104177
7290115205251,false,פיטנס בר פריכיות קרמל מלוח 84 גרם,כרמית,IL,פיטנס בר פריכיות קרמ,,84.00,"100 מ""ל",false,,14.90,0.1774,true,1,107049
7290115205312,false,קרקר פיטנס דק עם זיתי קלמטה ועשבי תיבול,"אסם השקעות בע""מ",IL,פיטנס קרקר דק זיתים,,140.00,100 גרם,false,,12.90,0.0921,true,1,105856
7290115205527,false,פיטנס חטיף מולטגריין עם עדשים 25גר,פיטנס,IL,פיטנס חטיף מולטיגריי,,25.00,"100 מ""ל",false,,5.90,0.2360,true,1,106206
7290115205541,false,חטיף מולטיגריין עם חומוס 25 ג' פיטנס,"אסם השקעות בע""מ",IL,פיטנס חטיף מולטיגריי,,25.00,"100 מ""ל",false,,5.90,0.2360,true,1,106207
7290115205978,false,פתיבר ואצבעות שוקולד 180 גרם - רבנות,"ד""ר ג'רארד בע""מ",PL,פתי בר אצבעות שוקולד,,180.00,"100 מ""ל",false,,12.70,0.0706,true,1,105399
7290115206333,false,"עוגיות מיני שוקוצ`יפס אסם, 225 גרם","אסם השקעות בע""מ",IL,עוגיות מיני שוקוציפס,,225.00,100 גרם,false,,10.90,0.0484,true,1,105400
7290115207484,false,צבר חציל על האש היתר 6*400גרם.,ג'נרל מילס סאן אדריא,IL,סלט חציל על האש 400,,360.00,"100 מ""ל",false,,16.90,0.0469,true,1,106021
7290115207507,false,צבר סלט טורקי 6*360גרם,ג'נרל מילס סאן אדריא,IL,צבר סלט טורקי 360גר,,360.00,100 גרם,false,,16.90,0.0469,true,1,106020
7290115207682,false,"רוטב בסגנון סויה סיני 290 מ""ל",Unknown,,רוטב בסגנון סויה סינ,,290.00,"100 מ""ל",false,,12.90,0.0445,true,1,105859
7290115207811,false,"טבעול נקניקיות טבעוניות, 418 גרם",עיצובים 2020 (4.8),,טבעול נקניקיות טבעונ,,418.00,100 גרם,false,,33.90,0.0811,true,1,105401
7290115207941,false,סירופ אננס 1 ל' ויטמינצ'יק,בית-השיטה עסיס תעשיו,IL,ויטמינציק אננס 1 ליט,,1000.00,100 גרם,false,,21.90,0.0219,true,1,105067
7290115207965,false,סירופ מנגו ואפרסק 1 ל' ויטמינצ'יק,בית-השיטה עסיס תעשיו,IL,ויטמינציק מנגו אפרסק,,1000.00,100 גרם,false,,21.90,0.0219,true,1,105068
7290115207989,false,סירופ לימון 1 ל' ויטמינצ'יק,בית-השיטה עסיס תעשיו,IL,ויטמינצ'יק לימון 1 ל,,1000.00,"100 מ""ל",false,,21.90,0.0219,true,1,105069
7290115208009,false,סירופ ענבים 1ל' ויטמינצ'יק,בית-השיטה עסיס תעשיו,IL,ויטמינציק ענבים 1 ל,,1000.00,"100 מ""ל",false,,21.90,0.0219,true,1,105065
7290115208047,false,סירופ פטל 1 ל' ויטמינצ'יק,בית-השיטה עסיס תעשיו,IL,ויטמינציק פטל 1 ליטר,,1000.00,"100 מ""ל",false,,21.90,0.0219,true,1,105066
7290115208061,false,סירופ תפוח 1ל' ויטמינצ'יק,בית השיטה עסיס תעשיו,IL,ויטמינציק תפוח 1 ליט,,1000.00,"100 מ""ל",false,,21.90,0.0219,true,1,105070
7290115208597,false,אסם קרמוגית מיניס קרמל מלוח 200 גרם,"אסם השקעות בע""מ",IL,קרמוגית מיניס קרמל מ,,200.00,"100 מ""ל",false,,12.70,0.0635,true,1,106547
7290115208801,false,לחמית דבש ואגוזים 190ג אסם,Unknown,IL,לחמית דבש ואגוזים 19,,190.00,100 גרם,false,,11.50,0.0605,true,1,106711
7290115208849,false,"מנה חמה פסטה מוקרמת ט.עוף בד""צ 55גר",קריות זול,IL,מנה חמה אסם פירה עם,,51.00,"100 מ""ל",false,,6.90,0.1353,true,1,107420
7290115209198,false,במבה אורירית 80 ג' אסם,אסם השקעות בעמ,IL,במבה אורירית אסם 80,,80.00,"100 מ""ל",false,,4.90,0.0613,true,1,106205
7290115209235,false,אסם פתי בר קפה 500 גרם,קריות זול,IL,פתי בר קפה 500 גרם א,,500.00,100 גרם,false,,14.90,0.0298,true,1,107051
7290115209372,false,במבה במילוי בראוניז 150ג' אסם,"אסם השקעות בע""מ",IL,במבה במילוי בראוניז,,150.00,"100 מ""ל",false,,10.70,0.0713,true,1,107423
7290115480016,false,קפסולות ג'ל כביסה 26 יח' סוד,סוד,,סוד קפסולות ג'ל 3+1,יחידה,0.00,יחידה,false,,29.90,0.0000,true,1,106556
7290115670707,false,גרנולה שיבולת שועל עם שוקולד ואגוזי לוז,אנרג'י Energy - שטראוס,CZ,אנרג'י גרנולה עם שוק,,400.00,"100 מ""ל",false,,14.90,0.0373,true,1,102642
7290115671162,false,סוכריות ג'לי ברכות 540 גר',STRAUSS-ISRAEL,,סוכריות ג'לי ברכות 5,,540.00,"100 מ""ל",false,,19.90,0.0369,true,1,102650
7290115671308,false,מסטיק מאסט פאן בצנצנת תות דובדבן,אסקום קונפשטיין,DE,מסטיק מאסט פאן תות ד,,58.00,"100 מ""ל",false,,10.90,0.1879,true,1,104850
7290115671339,false,מיני פינוקיות בראוניז בייגל בוטן עלית 180 ג' עלית,הגביע מוצרי ופלים בע,IL,מיני פינוקיות בראוני,,180.00,100 גרם,false,,11.90,0.0661,true,1,103475
7290115671346,false,מיני פינוקיות טופי קרמל מלוח 180 ג' עלית,הגביע מוצרי ופלים בע,IL,מיני פינוקיות טופי,,180.00,"100 מ""ל",false,,11.90,0.0661,true,1,103476
7290115675986,false,יוגורט עם אגוזי לוז ושקדים בקרמל מלוח 4.5%,"שטראוס בריאות בע""מ",IL,דנונה בר עם אגוזים מ,,173.00,"100 מ""ל",false,,5.10,0.0295,true,1,101735
7290115676037,false,דנונה ריפרש יוגורט עם תות ודומדמניות 1.6% שומן,מיוצר עי קונדיטוריית,IL,דנונה ריפרש יוגורט ב,,250.00,"100 מ""ל",false,,6.30,0.0252,true,1,102820
7290115676082,false,משקה דנונה פרו 20 יוגורט תות 255 ג' רבנות,"שטראוס בריאות בע""מ.",IL,דנונה פרו משקה בטעם,,255.00,"100 מ""ל",false,,7.80,0.0306,true,1,102822
7290115676099,false,משקה דנונה פרו 20 יוגורט וניל 255 ג' רבנות,"שטראוס בריאות בע""מ.",IL,דנונה פרו משקה בטעם,,255.00,"100 מ""ל",false,,7.80,0.0306,true,1,102823
7290115676273,false,קקאו 500גר' +10% תוספת,שטראוס גרופ,IL,קקאו עלית 500 גרם+10,,550.00,"100 מ""ל",false,,25.90,0.0471,true,1,102652
7290115677676,false,חומוס עשיר בטחינה גולמית עם מלא חריף 400 גר אחלה,,,חומוס הסדרה המובחרת,,400.00,"100 מ""ל",false,,12.90,0.0323,true,1,101872
7290115678222,false,מארז 8 גביעים יוגורט Greek בסגנון יווני 6.5% שומן,דנונה - שטראוס,IL,יוגורט יווני 6.5% שו,,1040.00,100 גרם,false,,26.50,0.0255,true,1,102827
7290115678376,false,מעדן הגולן שוקולד 125 גרם,מיוצר עי קונדיטוריית,IL,מעדן הגולן שוקולד 12,,125.00,"100 מ""ל",false,,3.20,0.0256,true,1,103468
7290115678383,false,מעדן הגולן שוקולד מריר 125 גר,מיוצר עי קונדיטוריית,IL,מעדן הגולן שוקולד מר,,125.00,"100 מ""ל",false,,3.20,0.0256,true,1,103469
7290115678598,false,חסה אייסברג חיתוך גס,קריות זול,,חסה אייסברג חיתוך גס,,300.00,100 גרם,false,,10.90,0.0363,true,1,104343
7290115679960,false,ציטוס פופקורן טבעי 60 גר',"שטראוס פריטו ליי בע""",IL,צ'יטוס פופקורן טבעי,,60.00,"100 מ""ל",false,,4.80,0.0800,true,1,103842
7290115738391,false,צלחות גדול 9` ר.שמאי,,,צלחות גדול 9` ר.שמאי,יחידה,0.00,יחידה,false,,14.90,0.0000,true,1,107929
7290115738407,false,צלחות קטן 7` 20יח ש,,,צלחות קטן 7` 20יח ש,יחידה,0.00,יחידה,false,,11.90,0.0000,true,1,107922
7290116531243,false,"שמפו ומרכך 2ב-1 למניעת קשקשים 700 מ""ל פינוק",יוניליוור,IL,פינוק שמפו ומרכך 2,,700.00,"100 מ""ל",false,,13.90,0.0199,true,1,104326
7290116531779,false,בדין - דפים למייבש כביסה כחול 40 יחידות,קריות זול,US,בדין דפי מרכך כחול 4,יחידה,0.00,יחידה,false,,19.90,0.0000,true,1,105300
7290116532219,false,קורנפלקס תות 448 גרם תלמה רבנות,אתר שפע,,קורנפלקס בטעם תות תל,,448.00,"100 מ""ל",false,,17.90,0.0400,true,1,105734
7290116532899,false,נשנושים איירביס פלאפל 155 גר',קריות זול,,נשנושים איירביס טעם,,260.00,"100 מ""ל",false,,13.90,0.0535,true,1,107025
7290116851365,false,יעה + מקל,,,יעה+מקל,יחידה,0.00,יחידה,false,,13.90,0.0000,true,1,105271
7290116851372,false,כף אשפה קטן,,,כף אשפה קטן,יחידה,0.00,יחידה,false,,5.90,0.0000,true,1,105272
7290116911816,false,בקבוק 500 מל פלסטיק עם צמידים - LOL עיצוב חדש,,,בקבוק פלסטיק עם צמיד,,500.00,"100 מ""ל",false,,19.90,0.0398,true,1,106250
7290116914459,false,מארז סוכריות על מקל,,,מארז סוכריות על מקל,,600.00,"100 מ""ל",false,,19.90,0.0332,true,1,106906
7290116914503,false,מארז סוכריות על מקל 12 גרם בטעמי פירות מיניונים 50 יח',,,מארז סוכריות על מקל,,600.00,100 גרם,false,,19.90,0.0332,true,1,106909
7290116915791,false,בקבוק טריטן עם צמידי,,,בקבוק טריטן עם צמידי,,700.00,100 גרם,false,,19.90,0.0284,true,1,106891
7290116930435,false,יוגורט יופלה GO במרקם סמיך עם דובדבן 0%,תנובה מרכז שיתופי לש,IL,יוגורט גו סמיך 0% דו,,200.00,יח',false,,6.20,0.0310,true,1,106033
7290116930718,false,מעדן תנובה דיאט בטעם שוקולד וקרמל מלוח 0% 150ג' תנובה,"תנובה בע""מ",IL,מעדן תנובה דיאט שוקו,,150.00,100 גרם,false,,4.30,0.0287,true,1,106530
7290116931104,false,יופלה גו במרקם סמיך עם אננס 0% שומן 200ג',תנובה בעמ,IL,יוגורט גו סמיך עם אנ,,200.00,"100 מ""ל",false,,5.90,0.0295,true,1,106727
7290116931159,false,יופלה דיאט 0% שומן תות בננה 150 גרם,תנובה מרכז שיתופי לש,IL,יופלה דיאט 0% תות ב,,150.00,"100 מ""ל",false,,5.20,0.0347,true,1,108252
7290116931289,false,יוגורט GO סמיך אלפחורס 200 גרם,תנובה מרכז שיתופי לש,IL,יוגורט גו סמיך אלפחו,,200.00,"100 מ""ל",false,,6.20,0.0310,true,1,108260
7290117260036,false,קונפיטורה משמש 380 ג' ויליפוד,,,קונפיטורה משמש 380 ג,,380.00,100 גרם,false,,9.90,0.0261,true,1,106176
7290117260074,false,שעועית ירוקה חתוכה מוקפאת 800 ג' וילי פוד,,,שעועית ירוקה חתוכה מ,,800.00,100 גרם,false,,9.90,0.0124,true,1,107135
7290117260449,false,גבינה בולגרית מעודנת למריחה בטעם טבעי 5% שומן 200 ג' יורו,,,גבינה בולגרית מעודנת,,200.00,100 גרם,false,,9.90,0.0495,true,1,106165
7290117260456,false,גבינה בולגרית מעודנת למריחה עם זיתים 5% שומן 200 ג' יורו,,,גבינה בולגרית מעודנת,,200.00,"100 מ""ל",false,,9.90,0.0495,true,1,106166
7290117260470,false,גבינה בולגרית מעודנת למריחה עם שום 5% שומן 200 ג' יורו,,,גבינה בולגרית מעודנת,,200.00,"100 מ""ל",false,,9.90,0.0495,true,1,106167
7290117260562,false,חמאה כפרית מסורתית בגביע,וילי פוד,TR,חמאה בגביע 225 גרם,,225.00,"100 מ""ל",false,,17.90,0.0796,true,1,107661
7290117260821,false,גבינת כבשים צ'אנק עם פטריות כמהין 150 ג' אל פסטור,,,גבינת כבשים צאנק עם,,150.00,"100 מ""ל",false,,25.90,0.1727,true,1,105422
7290117260890,false,פופקורן בטעם קוקוס 90 ג' ויליפוד,Unknown,UA,פופקורן בציפוי בטעם,,90.00,"100 מ""ל",false,,6.90,0.0767,true,1,105426
7290117261101,false,זוג קינוחים בטעם שוקולד ואגוזי לוז 140ג',,,זוג קינוחים בטעם שוק,,140.00,"100 מ""ל",false,,11.90,0.0850,true,1,106592
7290117261132,false,זוג קינוחים בטעם קרמל מלוח 140ג',,,זוג קינוחים בטעם קרמ,,140.00,"100 מ""ל",false,,11.90,0.0850,true,1,106588
7290117261552,false,סלמון אטלנטי ברוטב עגבניות 120 גרם,קריות זול,,סלמון אטלנטי ברוטב ע,,120.00,100 גרם,false,,11.90,0.0992,true,1,106965
7290117262160,false,גבינה כפרית חצי קשה 200ג' 20%שומן,,,גבינה כפרית חצי קשה,,200.00,"100 מ""ל",false,,14.90,0.0745,true,1,106987
7290117262931,false,"קינוח בטעם מנגו, 85 גרם",,,קינוח בטעם מנגו יורו,,85.00,"100 מ""ל",false,,12.90,0.1518,true,1,108060
7290117262962,false,קינוח בטעם שוקולד קרמל 85 גרם,,,קינוח בטעם שוקולד קר,,85.00,100 גרם,false,,12.90,0.1518,true,1,108063
7290117262979,false,קינוח בטעם שוקולד ופירות יער 85 גרם,,,קינוח בטעם שוקולד ופ,,85.00,"100 מ""ל",false,,12.90,0.1518,true,1,108064
7290117380864,false,עוגות בראוניס אישיות בטעם שוקולד 120 ג' סלים דליס פייבר,הלמה הלום,NL,סלים דליס עוגות בראו,,120.00,"100 מ""ל",false,,15.90,0.1325,true,1,108107
7290117380871,false,עוגות אישיות בטעם אוכמניות 120 ג' סלים דליס פייבר,הלמה הלום,NL,סלים דליס עוגות אישי,,120.00,"100 מ""ל",false,,15.90,0.1325,true,1,108105
7290117382318,false,סלים דליס - חטיף חלבון מצופה שוקולד מריר 60 גרם,"י. מרבה ישראל בע""מ",IT,סלים דליס פרו 33 חטי,,60.00,100 גרם,false,,12.90,0.2150,true,1,107249
7290117382325,false,סלים דליס - פרו 33 חטיף חלבון מצופה שוקולד חלב 60 גרם,"י. מרבה ישראל בע""מ",IT,סלים דליס פרו 33 חטי,,60.00,"100 מ""ל",false,,12.90,0.2150,true,1,107248
7290117382332,false,סלים דליס - חטיף חלבון מצופה שוקולד בטעם עוגיות 60 גרם,"י. מרבה ישראל בע""מ",IT,סלים דליס פרו 33 חטי,,60.00,"100 מ""ל",false,,12.90,0.2150,true,1,107250
7290117383179,false,מארז משחות שיניים 3 טריפל אקשן 3 מברשות שיניים אקסטרה קלין,,,קולגייט מארז 3 טריפל,,150.00,יח',false,,19.90,0.1327,true,1,107906
7290117860038,false,"הוואי - תחליב רחצה יוגורט בניחוח אוכמניות 700 מ""ל",הוואי,,הוואי תחליב רחצה יוג,,700.00,100 גרם,false,,14.90,0.0213,true,1,107730
7290117860045,false,שמפו תמציות אלוורה ותה ירוק לשיער רגיל,"טרופיקל גליל בע""מ",IL,הוואי שמפו מטפח לשיע,,700.00,100 גרם,false,,14.90,0.0213,true,1,107709
7290117860083,false,"קרם רחצה בניחוח אירוס זהוב ודבש 700 מ""ל הוואי",הוואי,,הוואי קרם בניחוח איר,,700.00,100 גרם,false,,14.90,0.0213,true,1,107732
7290117860090,false,מרכך תמציות אלוורה ותה ירוק לשיער רגיל,"טרופיקל גליל בע""מ",IL,הוואי מרכך מטפח לשיע,,700.00,100 גרם,false,,14.90,0.0213,true,1,107716
7290117860137,false,"הוואי קרם רחצה בניחוח פרח הקמליה, 700 מ""ל",הוואי,,הוואי קרם רחצה בניחו,,700.00,"100 מ""ל",false,,14.90,0.0213,true,1,107731
7290117860144,false,שמפו למניעת קשקשים לשימוש יומיומי,"טרופיקל גליל בע""מ",IL,הוואי שמפו למניעת קש,,700.00,"100 מ""ל",false,,14.90,0.0213,true,1,107710
7290117860182,false,"הוואי - תחליב רחצה בניחוח מגנוליה ושמן שקדים 700 מ""ל",הוואי,,הוואי תחליב רחצה בני,,700.00,"100 מ""ל",false,,14.90,0.0213,true,1,107726
7290117860236,false,"הוואי - קרם רחצה בניחוח ויולה ורודה 700 מ""ל",הוואי,,הוואי קרם רחצה בניחו,,700.00,100 גרם,false,,14.90,0.0213,true,1,107728
7290117860243,false,"הוואי - מרכך מעניק לחות לשיער יבש 700 מ""ל","טרופיקל גליל בע""מ",IL,הוואי מרכך מעניק לחו,,700.00,100 גרם,false,,14.90,0.0213,true,1,107717
7290117860281,false,"הוואי - ג'ל רחצה לגבר בניחוח עוצמתי 700 מ""ל",הוואי,,הוואי ג'ל רחצה לגבר,,700.00,100 גרם,false,,14.90,0.0213,true,1,107724
7290117860298,false,שמפו קומפלקס קרטין לשיער עדין או חלש,הוואי,,הוואי שמפו קרטין מחז,,700.00,100 גרם,false,,14.90,0.0213,true,1,107711
7290117860342,false,מרכך קומפלקס קרטין לשיער עדין או חלש,"טרופיקל גליל בע""מ",IL,הוואי מרכך קרטין מחז,,700.00,100 גרם,false,,14.90,0.0213,true,1,107719
7290117860380,false,"תחליב רחצה יוגורט בניחוח אלוורה 700 מ""ל הוואי",הוואי,,הוואי תחליב רחצה יוג,,700.00,"100 מ""ל",false,,14.90,0.0213,true,1,107733
7290117860397,false,שמפו תמצית פריחת הדובדבן לשיער רגיל,קריות זול,,הוואי שמפו לשיער פרי,,700.00,100 גרם,false,,14.90,0.0213,true,1,107706
7290117860441,false,"מרכך פריחת הדובדבן 700 מ""ל הוואי",קריות זול,,הוואי מרכך לשיער פרי,,700.00,100 גרם,false,,14.90,0.0213,true,1,107718
7290117860496,false,שמפו + מרכך 2 ב 1 לגבר תמצית ג'ינג'ר,קריות זול,,הוואי שמפו+מרכך 2 ב-,,700.00,100 גרם,false,,14.90,0.0213,true,1,107707
7290117860540,false,"הוואי - שמפו עדין לילדים 700 מ""ל",קריות זול,,הוואי שמפו ילדים 700,,700.00,"100 מ""ל",false,,14.90,0.0213,true,1,107712
7290117860595,false,"הוואי - מרכך מתיר קשרים לילדים 700 מ""ל","טרופיקל גליל בע""מ",IL,הוואי מרכך ילדים מתי,,700.00,100 גרם,false,,14.90,0.0213,true,1,107720
7290117860649,false,"שמפו קרטין, שמן קיק ומי ורדים",טרופיקל דגיל,IL,הוואי שמפו ללא סולפט,,700.00,100 גרם,false,,14.90,0.0213,true,1,107713
7290117860694,false,"מרכך קרטין, שמן קיק ומי ורדים","טרופיקל גליל בע""מ",IL,הוואי מרכך ללא סולפט,,700.00,100 גרם,false,,14.90,0.0213,true,1,107721
7290117860793,false,מרכך תמצית יסמין מעניק נפח לשיער דק,קריות זול,,הוואי מרכך מעניק נפח,,700.00,100 גרם,false,,14.90,0.0213,true,1,107722
7290117860892,false,"הוואי - תחליב רחצה יוגורט בניחוח וניל ודבש 700 מ""ל",הוואי,,הוואי תחליב רחצה יוג,,700.00,"100 מ""ל",false,,14.90,0.0213,true,1,107725
7290117860946,false,"תחליב רחצה יוגורט בניחוח קוקוס 700 מ""ל הוואי",הוואי,,הוואי תחליב רחצה יוג,,700.00,100 גרם,false,,14.90,0.0213,true,1,107727
7290117860991,false,"תחליב רחצה יוגורט בניחוח שקדים 700 מ""ל הוואי",,,הוואי תחליב רחצה יוג,,700.00,100 גרם,false,,14.90,0.0213,true,1,107729
7290117901243,false,ממרח פלפלים אדומים קלויים בתוספת ארטישוק 290 ג' גורמה,,,ממרח פלפלים אדומים ק,,290.00,100 גרם,false,,14.90,0.0514,true,1,107230
7290118420378,false,פתיבר פינוקים בטעם תותים בשמנת - חלבי,קריות זול,IL,פתי בר פינוקים תותים,,220.00,100 גרם,false,,12.70,0.0577,true,1,107427
7290118420415,false,קטשופ קלאסי היתר מכירה 750ג' אסם,"אסם תעשיות מזון בע""מ",IL,קטשופ אסם קלאסי 750,,750.00,"100 מ""ל",false,,9.90,0.0132,true,1,108672
7290118420514,false,אינסטנט פודינג נוגט 75ג' אסם,"אסם השקעות בע""מ",IL,אסם אינסטנט פודינג נ,,75.00,"100 מ""ל",false,,5.90,0.0787,true,1,107421
7296058110010,false,"פריכיות אורז פרח כשל""פ 110 גר'",,,פריכיות אורז מלא 110,,110.00,100 גרם,false,,4.90,0.0445,true,1,101801
7296082000066,false,ביצים פלוס 12יח L,,,ביצים פלוס 12יח L,,12.00,יח',false,,16.90,1.4083,true,1,56382
7296082000103,false,ביצים סופר טריות מדי,,,ביצים סופר טריות מדי,,30.00,יח',false,,27.87,0.9290,true,1,43231
7296082000134,false,ביצים רגילות לארג' 1,המכון למיון ושיווק ב,IL,ביצים רגילות לארג' 1,,12.00,יח',false,,12.05,1.0042,true,1,30483
7296082000141,false,ביצים רגילות מדיום 1,המכון למיון ושיווק ב,IL,ביצים רגילות מדיום 1,יחידה,0.00,יחידה,false,,11.15,0.0000,true,1,30484
7296082000172,false,ביצים פלוס 30יח M,,,ביצים פלוס 30יח M,,30.00,"100 מ""ל",false,,39.90,1.3300,true,1,56383
7296082000189,false,ביצים פלוס 30יח L,,,ביצים פלוס 30יח L,,30.00,"100 מ""ל",false,,39.90,1.3300,true,1,56384
7296082000202,false,ביצים סופר טריה לארג,,,ביצים סופר טריה לארג,,18.00,יח',false,,18.07,1.0039,true,1,44929
7296102108260,false,מתקן כביסה מתכת,,,מתקן כביסה מתכת,יחידה,0.00,יחידה,false,,69.90,0.0000,true,1,99567
7296107000002,false,מלפפון 9-7 במלח 600 ג' פרי חן,,,מלפפון במלח 7-9 20%,,670.00,"100 מ""ל",false,,6.90,0.0103,true,1,91744
7296107000033,false,מלפפון חמוץ 7-9 בחומ,,,מלפפון חמוץ 7-9 בחומ,,670.00,100 גרם,false,,6.90,0.0103,true,1,91055
7296107000439,false,זיתים חרוזית ירוק 56,,,זיתים חרוזית ירוק 56,,560.00,100 גרם,false,,9.90,0.0177,true,1,91750
7297522020231,false,כובע ילדים סקוטי,,,כובע ילדים סקוטי,,1.00,100 מ'ל,false,,24.90,24.9000,true,1,108296
7297522025229,false,חם צוואר מקושקש,,,חם צוואר מקושקש,,1.00,100 מ'ל,false,,19.90,19.9000,true,1,108272
7297522039035,false,חם צוואר פליז כפול,,,חם צוואר פליז כפול,,1.00,יח',false,,19.90,19.9000,true,1,108270
7297522039073,false,כפפות חתוכות איכותי,,,כפפות חתוכות איכותי,,1.00,יח',false,,16.90,16.9000,true,1,108281
7297522039394,false,כובע צמר מלנג פרווה,,,כובע צמר מלנג פרווה,,1.00,100 מ'ל,false,,29.90,29.9000,true,1,108266
7297522039431,false,כובע צמר אופנתי פרו,,,כובע צמר אופנתי פרו,,1.00,יח',false,,24.90,24.9000,true,1,108300
7297522039455,false,כובע צמר לורקס פרווה,,,כובע צמר לורקס פרווה,,1.00,100 מ'ל,false,,29.90,29.9000,true,1,108302
7297522039554,false,כפפות פאדר לורקס,,,כפפות פאדר לורקס,,1.00,יח',false,,24.90,24.9000,true,1,108287
7297522039592,false,כפפות פליז כפולות+רצ,,,כפפות פליז כפולות+רצ,,1.00,100 מ'ל,false,,29.90,29.9000,true,1,108273
7297522039653,false,כפפות פאדר ילדים,,,כפפות פאדר ילדים,,1.00,100 מ'ל,false,,14.90,14.9000,true,1,108291
7297522039660,false,כפפות פליז כפולות,,,כפפות פליז כפולות,,1.00,100 מ'ל,false,,29.90,29.9000,true,1,108288
7297522052836,false,כובע צמר נשים פונפו,,,כובע צמר נשים פונפו,,1.00,100 מ'ל,false,,24.90,24.9000,true,1,108298
7297522062200,false,כובע צמר זברה,,,כובע צמר זברה,,1.00,יח',false,,19.90,19.9000,true,1,108299
7297522071400,false,מחמם אוזניים נצנצים,,,מחמם אוזניים נצנצים,,1.00,100 מ'ל,false,,24.90,24.9000,true,1,108310
7297522071424,false,מחמם אוזניים פרווה כ,,,מחמם אוזניים פרווה כ,,1.00,100 מ'ל,false,,24.90,24.9000,true,1,108312
7297522072704,false,כובה תינוקות טוטון פ,,,כובה תינוקות טוטון פ,,1.00,יח',false,,27.90,27.9000,true,1,108308
7297522079826,false,כובע צמר L,,,כובע צמר L,,1.00,100 מ'ל,false,,24.90,24.9000,true,1,108301
7310790088830,false,תחבושות ליברס אולטרה,,,תחבושות ליברס אולטרה,יחידה,0.00,יחידה,false,,9.90,0.0000,true,1,106152
7310790088847,false,תחבושות ליברס אולטרה,,,תחבושות ליברס אולטרה,יחידה,0.00,יחידה,false,,9.90,0.0000,true,1,106154
7312040017683,false,וודקה אבסולוט בקבוק,חברת אבסולוט,SE,וודקה אבסולוט 700מל,,700.00,100 גרם,false,,69.90,0.0999,true,1,48104
7501013122039,false,ג'ומקס מיץ מנגו קרטונית ליטר תריסר,חומקס קומר קומרסאליז,MX,נקטר ג'ומקס מנגו קרט,,1000.00,100 גרם,false,,9.90,0.0099,true,1,92392
7501013122114,false,"נקטר משקה אננס בקרטונית ג'ומקס, 1 ל'",חומקס קומר קומרסאליז,MX,ג'ומקס אננס 1 ליטר,,1000.00,100 גרם,false,,9.90,0.0099,true,1,92393
7501013122992,false,ג'ומקס מיץ קוקוס אננס קרטונית ליטר תריסר,חומקס קומר קומרסאליז,MX,גומקס קוקוס אננס קרט,,1000.00,100 גרם,false,,9.90,0.0099,true,1,92395
7501064191398,false,שישיית בירה קורונה אקסטרא *355 מל,קריניציה ויטמינה אס,MX,בירה קורונה בקבוק שי,,2130.00,"100 מ""ל",false,,35.90,0.0169,true,1,84843
7610113011652,false,"בקרדי בריזר תפוח 275 מ""ל בקבוק",בקרדי בריזר Bacardi Breezer,BE,בריזר תפוח 275 מל,,275.00,100 גרם,false,,15.90,0.0578,true,1,99122
7610243004463,false,"דורגול - מרסס להסרת אבנית במקלחון 600 מ""ל",יעקבי- דורגול Durgol,CH,דורגול מסיר אבן מרסס,,500.00,"100 מ""ל",false,,19.90,0.0398,true,1,27901
7610400068529,false,בונבוניירת לינדור Lindor מעורבב,לינדט ושפרונגלי,CH,לינדור בונבוניירה אס,,200.00,"100 מ""ל",false,,25.90,0.1295,true,1,31137
7610400091060,false,שוקולד מריר לינדט אקסלנס בתוספת תפוז ושקדים,לינדט ושפרונגלי,,לינדט אקסלנס שוקולד,,100.00,"100 מ""ל",false,,15.90,0.1590,true,1,98759
7613030979647,false,דגני בוקר טריקס פירות עולם היורה 480 ג',ג'נרל מילס סאן אדריא,IL,טריקס 480 גרם,,480.00,100 גרם,false,,26.90,0.0560,true,1,81788
7613032045753,false,פיטנס - דגני בוקר שוקולד 375 גרם,נסטלה צרפת איטנקורט,FR,פיטנס שוקולד 375 גרם,,375.00,"100 מ""ל",false,,23.90,0.0637,true,1,83714
7613033548192,false,פיטנס - דגני בוקר שוקולד מריר 375 גרם,נסטלה צרפת איטנקורט,FR,פיטנס דגני בוקר שוקו,,375.00,"100 מ""ל",false,,23.90,0.0637,true,1,43073
7613034146656,false,מזון לכלבים קטנים בטעם בקר פורינה ONE,פורינה Purina,US,פורינה מיני בוגר בקר,,1500.00,100 גרם,false,,54.90,0.0366,true,1,92951
7613035548374,false,דגני בוקר גולדן מיניס מחיטה מלאה ותירס,נסטלה צרפת איטנקורט,FR,דגני גולדן מיניס נסט,,570.00,"100 מ""ל",false,,26.90,0.0472,true,1,56328
7613035622623,false,פיטנס - גרנולה שקדים ודבש 300 גרם,שוורצקוף& הנקל דיסלד,LT,פיטנס גרנולה שקדים ו,,300.00,"100 מ""ל",false,,15.90,0.0530,true,1,57479
7613035635845,false,פיטנס גרנולה שוקולד 14*300 גרם,שוורצקוף& הנקל דיסלד,LT,פיטנס גרנולה שוקולד,,300.00,100 גרם,false,,15.90,0.0530,true,1,57480
7613035758834,false,גרנולה חומציות 300 ג' פיטנס,שוורצקוף& הנקל דיסלד,LT,פיטנס גרנולה חמוציות,,300.00,100 גרם,false,,15.90,0.0530,true,1,73244
7613035807778,false,פרפקטו רוטב עגבניות לבולונז 400 ג' אסם,אסם פרפקטו Perfecto,ES,רוטב עגבניות לבולונז,,400.00,"100 מ""ל",false,,9.90,0.0248,true,1,72809
7613035809857,false,פרפקטו רוטב עגבניות לפסטה ולבישול 400 ג' אסם,אסם פרפקטו Perfecto,ES,רוטב עגבניות לפסטה ו,,40.00,100 גרם,false,,9.90,0.2475,true,1,72812
7613036387798,false,פיטנס דגנים מלאים ואורז פתיתים ויוגורט 350ג',נסטלה צרפת איטנקורט,FR,פיטנס יוגורט 350 גרם,,350.00,"100 מ""ל",false,,23.90,0.0683,true,1,79738
7613036710879,false,מארז מיני חטיפי קיט קט צ'אנקי Kit Kat Chanky,נסטלה Nestle,,קיט קט צ'אנקי מיני 1,,194.00,100 גרם,false,,10.90,0.0562,true,1,83461
7613036737623,false,דגני בוקר קראנץ מקס,,,דגני בוקר קראנץ מקס,,410.00,100 גרם,false,,26.90,0.0656,true,1,82983
7613036976671,false,פריסקיז - פאוץ עוף ברוטב 85 גרם,יו פי אף,FR,פריסקיז פאוצ' עוף 85,,85.00,100 גרם,false,,4.70,0.0553,true,1,100626
7613036976695,false,פריסקיז - פאוץ בקר ברוטב 85 גרם,נסטלה פורינה הונגריה,HU,פריסקיז פאוצ' בקר 85,,85.00,100 גרם,false,,4.70,0.0553,true,1,100627
7613036976718,false,פריסקיז - פאוץ ברווז ברוטב 85 גרם,יו פי אף,FR,פריסקיז פאוצ' ברווז,,85.00,100 גרם,false,,4.70,0.0553,true,1,100628
7613036976732,false,פריסקיז - פאוץ סולומון 85 גרם,נסטלה פורינה,HU,פריזקיס פאוצ' סולומו,,85.00,100 גרם,false,,4.50,0.0529,true,1,100754
7613037276091,false,נסטלה מיקס מיני אריזות דגני בוקר 200 ג',נסטלה Nestle,FR,נסטלה מיקס מיני אריז,יחידה,0.00,יחידה,false,,21.90,0.0000,true,1,88926
7613037686906,false,פיטנס - דגני בוקר שקדים ודבש 355 גרם,נסטלה צרפת איטנקורט,FR,פיטנס שקדים ודבש 355,,355.00,"100 מ""ל",false,,23.90,0.0673,true,1,97394
7613037687132,false,דגני פיטנס שקדים ודב,נסטלה צרפת איטנקורט,,פיטנס שקדים ודבש 585,,585.00,"100 מ""ל",false,,29.90,0.0511,true,1,97395
7613038268262,false,דגני בוקר צ'יריוס דבש ושקדים במתיקות מעודנת,נסטלה פולין דגני בוק,FR,האני ציריוס מופחת סו,,410.00,"100 מ""ל",false,,20.90,0.0510,true,1,97401
7613038451954,false,דגני בוקר שוקולד מופחת סוכר 410 ג' קראנץ',סי. פי. צרפת,FR,קראנץ שוקולד דגני בו,,410.00,100 גרם,false,,23.90,0.0583,true,1,97396
7613039770450,false,סנסשיונל בורגר טבעול 226 ג',ג'נרל מילס סאן אדריא,IL,טבעול סנסשיונל בורגר,,226.00,"100 מ""ל",false,,38.90,0.1721,true,1,100728
7613039879382,false,גרבר - מחית תפוחי עץ 190 גרם,מטרנה,PL,גרבר מחית תפוחי עץ 1,,190.00,100 גרם,false,,5.90,0.0311,true,1,103307
7613039881521,false,גרבר - מחית מנגו 190 גרם,נסטלה פולסקה אס.איי,PL,גרבר מחית מנגו 190,,190.00,100 גרם,false,,5.90,0.0311,true,1,101710
7613287186928,false,קפסולות סטארבקס ברקפסט רוסט 12 יח',נסטלה שוויץ - קפה,CH,סטארבקס קפסולות ברקפ,יחידה,0.00,יחידה,false,,21.90,0.0000,true,1,103434
7613287325853,false,אוסם - דיפ אנד ספרד מטבל איולי ספייסי 295 גרם,נסטלה פולין,PL,רוטב ספייסי איולי לח,,295.00,100 גרם,false,,15.90,0.0539,true,1,104151
7613287325983,false,אוסם - דיפ אנד ספרד מטבל סלסה 335 גרם,דפטונה פולין,PL,רוטב סלסה לחיץ אסם,,295.00,"100 מ""ל",false,,15.90,0.0539,true,1,104152
7613287394323,false,אסם מולטי צ'יריוס 14*600 גרם 2021,פרומבראפ - אנגליה,GB,דגני מולטי ציריוס 60,,600.00,"100 מ""ל",false,,26.90,0.0448,true,1,103530
7614500010013,false,טובלרון - שוקולד חלב קלאסי 100 גרם,,,טובלרון בר חלב 100 ג,,100.00,100 גרם,false,,8.90,0.0890,true,1,91228
7622010001858,false,עוגיות אוראו ממולאות קרם וניל 176 ג',פי אר ג'יי אס אי מנד,UA,אוראו עוגיות ממולאות,,176.00,100 גרם,false,,9.90,0.0563,true,1,56826
7622201050757,false,שוקולד מילקה טבלת חלב עם קרמל 100 ג',מילקה Milka,,שוקולד מילקה חלב עם,,100.00,100 גרם,false,,7.90,0.0790,true,1,25742
7622201502515,false,מילקה - עוגיות קוקי לופ 132 גרם,גיורי קייקס קייאפטי,HU,מילקה קוקי לופ 132 ג,,132.00,"100 מ""ל",false,,13.90,0.1053,true,1,103888
7622201801809,false,מילקה- שוק' חלב עם אגוזים 100 גר' חדש,מנדלז דויצ'לנד סנקס,DE,שוקולד חלב מילקה אגו,,100.00,"100 מ""ל",false,,7.90,0.0790,true,1,103395
7622201802363,false,שוקולד מילקה טבלה חלב צימוקים ואגוזים 100ג',מנדלז דויצ'לנד סנקס,DE,שוקולד חלב מילקה צימ,,100.00,100 גרם,false,,7.90,0.0790,true,1,103393
7622201802394,false,שוקולד מילקה טבלה חלב 100 ג',מנדלז דויצ'לנד סנקס,DE,שוקולד מילקה חלב 100,,100.00,100 גרם,false,,7.90,0.0790,true,1,103394
7622201808631,false,מיני עוגיות אוראו במילוי קרם בטעם וניל,פי.טי. מונדלז אינדונ,ID,אוראו מיני כוסות בטע,,67.00,"100 מ""ל",false,,8.90,0.1328,true,1,103398
7622201823733,false,עוגיות ת`ינס דקות 151 ג' מילקה,,,עוגיות מילקה תינס דק,,151.00,"100 מ""ל",false,,13.90,0.0921,true,1,107974
7622210078131,false,מילקה שוקולד חלב במילוי קרם שמנת 100 ג',מנדלז דויצ'לנד סנקס,DE,מילקה שוקולד חלב עם,,100.00,"100 מ""ל",false,,7.90,0.0790,true,1,85443
7622210163899,false,שוקולד חלב במילוי סוכריות עדשים,מונדלז דויצ'לנד סנקס,DE,שוקולד מילקה חלב עם,,100.00,"100 מ""ל",false,,7.90,0.0790,true,1,81558
7622210392589,false,טובלרון טייני חלב 200 גרם,,,טובלרון טייני חלב 20,,200.00,"100 מ""ל",false,,14.90,0.0745,true,1,107060
7622210826053,false,שוקולד מילקה אוראו סנדוויץ 92 גר',גיאורי קאקסז קייאףטי,HU,שוקולד מילקה אוראו ס,,92.00,100 גרם,false,,7.90,0.0859,true,1,100942
7622300270506,false,מילקה גריינס - עוגיות שיבולת שועל מצופות שוקולד 168 ג',מונדלז פולסקה פרודקש,PL,מילקה גריינס עוגיות,,168.00,"100 מ""ל",false,,13.90,0.0827,true,1,42337
7622300489427,false,עוגיות אוראו בציפוי שוקולד לבן 246 ג',מנדלז אספנה גאלטס פר,ES,עוגיות אוראו בציפוי,,246.00,"100 מ""ל",false,,14.90,0.0606,true,1,80540
7622300489434,false,"עוגיות אוראו פאדג' בציפוי שוקולד חלב, 246 גרם",מנדלז אספנה גאלטס פר,ES,אוריאו פאג' שוקולד ח,,246.00,"100 מ""ל",false,,14.90,0.0606,true,1,80539
7622300617820,false,שוקלד מילקה טבלת חלב אוראו 100ג',מנדלז דויצ'לנד סנקס,DE,שוקולד מילקה אוראו 1,,100.00,100 גרם,false,,7.90,0.0790,true,1,46875
7622300761363,false,עוגיות אוראו מיני כוסות בטעם שוקו 67 ג',פי.טי. מונדלז אינדונ,ID,אוראו מיני כוסות בטע,,67.00,"100 מ""ל",false,,8.90,0.1328,true,1,72859
7622400005190,false,שוקולד חלב ושוקולד לבן Happy Cow,מנדלז דויצ'לנד סנקס,DE,שוקולד מילקה 100גר,,100.00,"100 מ""ל",false,,7.90,0.0790,true,1,85445
7630477891592,false,קפסולות האוס בלנד לונגו עוצמה 8 - 10 יח',נסטלה שוויץ - קפה,CH,סטארבקס קפסולות האוס,יחידה,0.00,יחידה,false,,21.90,0.0000,true,1,99510
7702018420476,false,מארז ונוס סווירל ידית + 3 סכינים ג'ילט,פרוקטר אנד גמבל,US,וונוס מארז סווירל יד,יחידה,0.00,יחידה,false,,39.90,0.0000,true,1,80854
7702018462032,false,גילט מאך 3 סטארט סכינים 4 יח',פרוקטור אנד גמבל,DE,מאך 3 סכיני גילוח רב,יחידה,0.00,יחידה,false,,29.90,0.0000,true,1,102710
7702018471423,false,פיוזן רביעיות- סטארט גילט,פרןקטר אנד גמבל ברלי,PL,גילט פיוזן סכיני גיל,יחידה,0.00,יחידה,false,,59.90,0.0000,true,1,99493
7702024074625,false,פיטנס - חטיפי קרקר חיטה מלאה 234 גרם,קומסטיבלס לה רוזה אס,CO,פיטנס חטיפי קרקר חיט,,234.00,"100 מ""ל",false,,12.90,0.0551,true,1,81956
7702174066631,false,לקקן פין פופ 10 יח' 170 גר' וסטהיים,הדקלאים אגודת שיתופי,CO,לקקן פינפופ מהדרין י,,180.00,"100 מ""ל",false,,7.90,0.0439,true,1,31497
7702174068826,false,סוכריות לקקן במילוי טופי בטעמי יוגורט פירות,יוגטה yogueta,CO,לקקן עם סוכריות טופי,יחידה,0.00,יחידה,false,,11.90,0.0000,true,1,46417
7702174068833,false,סוכריות לקקן במילוי טופי בטעמי גלידת פירות,יוגטה yogueta,CO,לקקן בטעם גלידה יוגט,יחידה,0.00,יחידה,false,,11.90,0.0000,true,1,46064
7702174070201,false,סוכריות לקקן במילוי טופי בטעם מסטיק,יוגטה yogueta,CO,לקקן מג'יק יוגטה 12י,יחידה,0.00,יחידה,false,,11.90,0.0000,true,1,47008
7702174073783,false,סוכריות על מקל בטעם קולה במילוי גומי לעיסה,הדקלאים אגודת שיתופי,CO,לקקן פינפופ קולה יוג,,180.00,"100 מ""ל",false,,7.90,0.0439,true,1,55735
7792860006218,false,סוכריות לקקנים בייבי דול Baby Doll לריטר,גוד פוד פרודקטס S.p,AR,סוכריות לקקנים בייבי,,24.00,100 גרם,false,,2.50,0.1042,true,1,41986
7804414000860,false,יין דון חוליו קברנה סוביניון,לואיס פליפה אדוארדס,,דון חוליו קברנה סובנ,,750.00,"100 מ""ל",false,,29.90,0.0399,true,1,31696
7804414000877,false,יין דון חוליו צרלו 7,לואיס פליפה אדוארדס,,דון חולין מרלו 750מל,,750.00,"100 מ""ל",false,,29.90,0.0399,true,1,31697
7804414000884,false,יין שרדונה דון חוליו,לואיס פליפה אדוארדס,,דון חוליו שרדונה 750,,750.00,100 גרם,false,,29.90,0.0399,true,1,31698
7804667480006,false,אוכמניות יחידה,אראל תוצרת חקלאית בע,IL,אוכמניות 125 גרם,,125.00,100 גרם,false,,9.90,0.0792,true,1,101612
7891024030974,false,"קולגייט משחת שיניים טריפל אקשן 75 מ""ל",הנסיך- מפעל לייצור ט,BR,קולגייט טריפל אקשן מ,,75.00,"100 מ""ל",false,,7.90,0.1053,true,1,55918
8000113003402,false,"קמח תירס בוואקום 1 ק""ג",מולינו ניקולי אס.פי.,IT,קמח תירס בוואקום 1 ק,,1000.00,100 גרם,false,,15.90,0.0159,true,1,28986
8000300359978,false,טבלת שוקולד חלב פרוג,,,טבלת שוקולד חלב פרוג,,80.00,100 גרם,false,,4.90,0.0613,true,1,107964
8000300359992,false,טבלת שוקולד מריר פרו,,,טבלת שוקולד מריר פרו,,80.00,100 גרם,false,,4.90,0.0613,true,1,107965
8000300380378,false,"טבלת שוקולד חלב לל""ג",,,"טבלת שוקולד חלב לל""ג",,86.00,100 גרם,false,,7.90,0.0919,true,1,104121
8000300389067,false,באצ'י שוקולד מריר ש,,,באצ'י שוקולד מריר ש,,125.00,100 גרם,false,,10.90,0.0872,true,1,107963
8000380003723,false,גרנד פטיסרי עוגיות וופל אגוזים 100ג',קריניציה ויטמינה אס,IT,גרנד פטיסרי וופל אגו,,100.00,100 גרם,false,,13.90,0.1390,true,1,31499
8000380003761,false,וופל גרנדה פטיסרי קוקוס שוקולד 100ג',קריניציה ויטמינה אס,IT,גרנד פטיסרי קוקוס לו,,100.00,"100 מ""ל",false,,13.90,0.1390,true,1,31500
8000380004676,false,קוביות וופל סנדוויץ Sandwich עם וניל וחלב,"א. לואקר, קונפקט ג'י",AT,וופל לואקר קוביות סנ,,200.00,"100 מ""ל",false,,13.90,0.0695,true,1,31502
8000380004911,false,קוביות וופל קואדרטיני Quadratini קרם אגוזים,קריניציה ויטמינה אס,AT,וופל קואדרטיני אגוז,,250.00,100 גרם,false,,14.90,0.0596,true,1,31505
8000380004966,false,וופל קוארדטיני לואקר קוביות שוקולד 250ג',קריניציה ויטמינה אס,AT,וופל לואקר קוביות קק,,250.00,"100 מ""ל",false,,14.90,0.0596,true,1,31506
8000380007219,false,וופל לואקר אגוז קלאסי 175ג',קריות זול,AT,וופל לואקר אגוז 175ג,,175.00,"100 מ""ל",false,,11.90,0.0680,true,1,31508
8000380007257,false,וופל גרנדה מצופה שוקולד 200ג',קריניציה ויטמינה אס,IT,וופל גרדנה אגוז 200ג,,200.00,100 גרם,false,,14.90,0.0745,true,1,31509
8000380007264,false,וופל קקאו לואקר 175 גר',קריניציה ויטמינה אס,AT,לואקר קלאסיק שוקולד,,175.00,"100 מ""ל",false,,11.90,0.0680,true,1,31510
8000380106028,false,טורטינה לואקר וופל שוקולד ואגוזים שישיה 125ג',קריניציה ויטמינה אס,IT,טורטינה שישיה חלב 12,,125.00,"100 מ""ל",false,,18.90,0.1512,true,1,31512
8000380144044,false,וופל גרדנה לואקר שוקולד 200ג',"א. לואקר , AG/SpA, ו",IT,לואקר גרדנה שוקולד,,200.00,"100 מ""ל",false,,14.90,0.0745,true,1,31514
8000380153534,false,מארז וופל שוקולד טורטינה Tortina שוקולד לבן,לואקר Loacker,IT,לואקר טורטינה שוקולד,,125.00,"100 מ""ל",false,,18.90,0.1512,true,1,48363
8000380157570,false,וופל קלאסי לואקר 262,,,וופל קלאסי לואקר 262,,262.50,"100 מ""ל",false,,13.90,0.0530,true,1,78978
8000380157587,false,וופל שוקולד לואקר 26,,,וופל שוקולד לואקר 26,,262.50,"100 מ""ל",false,,13.90,0.0530,true,1,78979
8000380180721,false,וופל לואקר קקאו וקרם חלב 175ג',קריניציה ויטמינה אס,AT,וופל לואקר קלאסיק שו,,175.00,"100 מ""ל",false,,11.90,0.0680,true,1,56956
8000380180745,false,קוביות וופל קואדרטיני קקאו במילוי קר חלב,"א. לואקר, קונפקט ג'י",AT,לואקר קואדרטיני שוקו,,250.00,"100 מ""ל",false,,14.90,0.0596,true,1,56957
8000380180837,false,וופל שוקולד לבן וקוקוס גראן פטיסרי Gran Pasticceria,"אינסטנטה בע""מ",IT,גרנד פטיסרי במילוי ק,,100.00,"100 מ""ל",false,,13.90,0.1390,true,1,72823
8000380192243,false,וופלים לואקר מקסי בטעם אגוז 200 גר',לואקר Loacker,AT,לואקר מקסי טעם אגוז,,200.00,"100 מ""ל",false,,12.90,0.0645,true,1,92220
8000380192250,false,וופלים לואקר מקסי בטעם שוקולד 200 גר',לואקר Loacker,AT,וופל לואקר מקסי שוק,,200.00,"100 מ""ל",false,,12.90,0.0645,true,1,92221
8000380206896,false,וופל גרדנה בטעם חמאת בוטנים מצופה,לואקר Loacker,,וופל גרדנה חמאת בוטנ,,200.00,"100 מ""ל",false,,14.90,0.0745,true,1,105808
8000380207183,false,טורטינה חמאת בוטנים לואקר 6*21גר,לואקר Loacker,,טורטינה חמאת בוטנים,,126.00,"100 מ""ל",false,,18.90,0.1500,true,1,105809
8000500009673,false,בונבוניירה פררו רושה 300ג',קריות זול,IT,*מבצע* פררו רושר בונ,,300.00,"100 מ""ל",false,,44.90,0.1497,true,1,31516
8000500023624,false,חטיפי הפי היפו Happy Hippo במילוי קרם חלב וקקאו,קינדר Kinder,DE,קינדר הפי היפו חמישי,,102.00,"100 מ""ל",false,,14.90,0.1461,true,1,31517
8000500023976,false,בונבוניירת רפאלו Raffaello,קריות זול,PL,בונבוניירת רפאלו 150,,150.00,100 גרם,false,,17.90,0.1193,true,1,31518
8000500026731,false,שוקולד ביצי הפתעה קינדר שלישייה,קריות זול,IT,קינדר ביצי שוקולד 3*,,60.00,"100 מ""ל",false,,15.90,0.2650,true,1,55734
8000500028124,false,"קינדר ג'וי, שלישיה 3 * 20 גרם",קריות זול,,קינדר ג'וי שלישייה 3,,60.00,100 גרם,false,,15.90,0.2650,true,1,107136
8000500029350,false,מארז וופל מצופה 3יח' *43 גרם קינדר בואנו,קינדר Kinder,PL,קינדר בואנו שלישייה,,129.00,"100 מ""ל",false,,11.90,0.0922,true,1,31521
8000500032237,false,בונבוניירה פררו רושר 375ג',פררו Ferrero,IT,*מבצע* פררו רושר בונ,,372.00,"100 מ""ל",false,,39.90,0.1073,true,1,31522
8000500037874,false,בונבוניירה פררו רושה 200ג',קריות זול,IT,*מבצע* פררו רושר בונ,,200.00,"100 מ""ל",false,,24.90,0.1245,true,1,31524
8000500071083,false,אצבעות שוקולד קינדר Kinder שש עשרה יחידות,קינדר Kinder,IT,קינדר אצבעות שוקולד,,200.00,100 גרם,false,,14.90,0.0745,true,1,31527
8000500094976,false,"בונבוניירה פררו רושר רושה קונוס, 212 גרם T17X4",פררו,IT,*מבצע* פררו רושר קונ,,212.00,"100 מ""ל",false,,37.90,0.1788,true,1,81933
8000500227848,false,נוטלה - בי רדי אצבעות ביסקוויט במילוי שוקולד 6 יח' * 22 גרם,Unknown,,נוטלה בי רדי 132 גרם,,132.00,100 גרם,false,,12.90,0.0977,true,1,83294
8000500247167,false,פררו רושה קולקשיין 269ג',פררו,DE,פררו רושר קולקשיין ב,,259.00,"100 מ""ל",false,,47.90,0.1849,true,1,78129
8000500256213,false,קינדר שוקולד מיני בשקית.,קדבורי,IT,קינדר שוקולד מיני 12,,120.00,"100 מ""ל",false,,11.90,0.0992,true,1,83307
8000500267103,false,קינדר דליס שוקול' אישי מארז 10 יח' 420 גר',קינדר Kinder,,קינדר דליס 390 גרם,,390.00,"100 מ""ל",false,,19.90,0.0510,true,1,83295
8000500269169,false,קינדר קארדס Kinder Cards - חמישייה,קריות זול,IT,קינדר קארדס חמישייה,,128.00,"100 מ""ל",false,,14.90,0.1164,true,1,106739
8000500310397,false,נוטלה עוגיות נוטלה בגליל 12יח' - NUTELLA BISCUITTS,נוטלה Nutella,IT,נוטלה ביסקוויט גליל,,166.00,"100 מ""ל",false,,15.90,0.0958,true,1,107970
8000500366073,false,נוטלה עוגיות נוטלה בשקית 20 יח'- NUTELLA BISCUITTS,נוטלה Nutella,IT,נוטלה ביסקוויט שקית,,276.00,"100 מ""ל",false,,21.90,0.0793,true,1,107969
8001090312150,false,אריאל קפסולות גל כבי,,,אריאל קפסולות גל כבי,יחידה,0.00,יחידה,false,,59.90,0.0000,true,1,108130
8001090318428,false,אריאל קפסולות גל כבי,,,אריאל קפסולות גל כבי,יחידה,0.00,יחידה,false,,59.90,0.0000,true,1,108131
8001090336446,false,טיטולי פמפרס בייבי דריי מידה 4 34 יח',פרוקטר אנד גמבל,DE,פמפרס בייבי דריי מיד,יחידה,0.00,יחידה,false,,34.90,0.0000,true,1,96975
8001090336491,false,טיטולי פמפרס בייבי דריי מידה 4+ 31 יח',פרוקטר אנד גמבל,DE,פמפרס בייבי דריי מיד,יחידה,0.00,יחידה,false,,34.90,0.0000,true,1,96976
8001090336521,false,טיטולי פמפרס בייבי דריי מידה 5 30 יח',פרוקטר אנד גמבל,DE,פמפרס בייבי דריי מיד,יחידה,0.00,יחידה,false,,34.90,0.0000,true,1,96977
8001090336606,false,טיטולי פמפרס בייבי דריי מידה 6 26 יח',פרוקטר אנד גמבל,DE,פמפרס בייבי דריי מיד,יחידה,0.00,יחידה,false,,34.90,0.0000,true,1,96978
8001090580122,false,"הד אנד שולדרס שמפו סופרים משקם 400 מ""ל",הד אנד שולדרס H&S,,הד&שולדרס שמפו סופרי,,400.00,"100 מ""ל",false,,21.90,0.0547,true,1,83951
8001090678614,false,"שמפו סופרים לחות הד אנד שולדרס 400 מ""ל",הד אנד שולדרס H&S,,הד&שולדרס שמפו סופרי,,400.00,"100 מ""ל",false,,21.90,0.0547,true,1,83952
8001090810083,false,"מרכך פנטן קלאסי 500 מ""ל",פרוקטר אנד גמבל,RO,פנטן קונדישנר נוסחה,,500.00,100 גרם,false,,18.90,0.0378,true,1,82266
8001090810205,false,"שמפו פנטן נוסחה קלאסית 500 מ""ל",פרוקטר אנד גמבל,RO,פנטן שמפו נוסחה קלאס,,500.00,100 גרם,false,,18.90,0.0378,true,1,82267
8001090810281,false,פנטן שמפו שמן מרוקאי.,פרוקטר אנד גמבל,RO,פנטן שמפו שמן מרוקאי,,500.00,100 גרם,false,,18.90,0.0378,true,1,82273
8001090810403,false,שמפו למגע רך כמשי פנ,פרוקטר אנד גמבל,RO,פנטן שמפו למגע רך כמ,,500.00,"100 מ""ל",false,,18.90,0.0378,true,1,82262
8001090833136,false,אריאל ג'ל כביסה בייבי 2.255 ליטר,אריאל Ariel,FR,אריאל גל כביסה בייבי,ליטרים,2.26,ליטר,false,,35.90,15.8850,true,1,83053
8001090833167,false,אריאל ג'ל כביסה ניחוח הרים 2.365 ליטר,פרוקטור אנד גמבל,FR,אריאל גל כביסה ניחוח,ליטרים,2.37,ליטר,false,,35.90,15.1477,true,1,83050
8001090833198,false,אריאל ג'ל כביסה ניחוח מרענן 2.365 ליטר,פרוקטור אנד גמבל,FR,אריאל גל כביסה ניחוח,ליטרים,2.37,ליטר,false,,35.90,15.1477,true,1,83051
8001090899194,false,תחבושות אולוויז פלטינום נורמל 24 יח',אולוויז Always,,תחבושות אולוויז פלטי,יחידה,0.00,יחידה,false,,19.90,0.0000,true,1,92136
8001090899224,false,תחבושות אולוויז פלטינום לונג 20 יח',אולוויז Always,,תחבושות אולוויז פלטי,יחידה,0.00,יחידה,false,,19.90,0.0000,true,1,92137
8001090899255,false,תחבושות אולוויז פלטינום לילה 16 יח',Unknown,,תחבושות אולוויז פלטי,יחידה,0.00,יחידה,false,,19.90,0.0000,true,1,92138
8001090899286,false,תחבושות אולוויז פלטינום לילה בטוח 14 יח',אולוויז Always,,אולוויז תחבושות פלטי,יחידה,0.00,יחידה,false,,19.90,0.0000,true,1,92139
8001090988362,false,"שמפו לחות מוגברת פנטן 500 מ""ל","פרוקטר אנד גמבל, רומ",RO,פנטן שמפו לחות מוגבר,,500.00,"100 מ""ל",false,,18.90,0.0378,true,1,82263
8001090988447,false,מרכך לתלתלים מושלמים,,,פנטן מרכך לתלתלים מו,,500.00,"100 מ""ל",false,,18.90,0.0378,true,1,82269
8001090988843,false,"פנטן קונדישנר לחות מרכך מוגברת 500 מ""ל",פרוקטר אנד גמבל,,פנטן קונדישנר לחות מ,,500.00,"100 מ""ל",false,,18.90,0.0378,true,1,82264
8001090988881,false,מרכך פנטן קונדישנר למגע רך כמשי 500 מל,פרוקטר אנד גמבל,,פנטן קונדישנר למגע ר,,500.00,100 גרם,false,,18.90,0.0378,true,1,82265
8001100059259,false,שקיות וופל ריבועי פלוקו עם מילוי קרם אגוזי לוז 250 ג',,,וופל קוביות 250ג באל,,250.00,"100 מ""ל",false,,12.90,0.0516,true,1,107317
8001100067940,false,וואפל בטעם קקאו באלוקו 125 ג',,,וופל קוביות 125ג באל,,125.00,"100 מ""ל",false,,8.90,0.0712,true,1,107321
8001100067957,false,שקיות וופל פאלוקו סקוור אגוזי לוז 125 ג',,,וופל קוביות125ג באלו,,125.00,100 גרם,false,,8.90,0.0712,true,1,107320
8001160001892,false,"משקה אנרגיה גטורייד ספורט תפוז אדום 500מ""ל",פפסיקו בוואדג' איטלי,IT,גטורייד ספורט תפוז א,,500.00,100 גרם,false,,10.90,0.0218,true,1,85116
8001250152015,false,פסטה דורום פפרדלה דה,דה צ'אקו DE CECCO,IT,פסטה דורום פפרדלה דה,,500.00,"100 מ""ל",false,,14.90,0.0298,true,1,107641
8001250152336,false,פסטה דורום פטוציני ד,,,פסטה דורום פטוציני ד,,500.00,100 גרם,false,,14.90,0.0298,true,1,107642
8001620011935,false,מים מינרלים מוגזים שישייה בקבוק אישי,אקווה מינרלה סאן בנד,IT,סאן בנדטו מוגז שישיי,,3000.00,"100 מ""ל",false,,14.90,0.0050,true,1,42655
8001841291086,false,"אבקת כביסה אריאל 5 ק""ג ירוק מעורב.",,,אבקת כביסה אריאל 5 ק,,5000.00,100 גרם,false,,44.90,0.0090,true,1,108795
8001841625188,false,סבון כלים פלטינום לימון X3 פעולות להסרת שומנים,פרוקטר אנד גמבל,GB,פיירי פלטינום לימון,,515.00,100 גרם,false,,10.90,0.0212,true,1,98709
8001841715957,false,"הד&שולדרס - ג'ל רחצה ושמפו ניקוי אינטנסיבי 360 מ""ל","נארז ע""י : א.ג. גילר",FR,שולדרס ג'ל רחצה ושמפ,,360.00,100 גרם,false,,21.90,0.0608,true,1,103368
8001841716596,false,"הד אנד שולדרס ג'ל רחצה ושמפו מרענן 360 מ""ל","נארז ע""י : א.ג. גילר",FR,שולדרס ג'ל רחצה ושמפ,,360.00,100 גרם,false,,21.90,0.0608,true,1,103371
8001841912691,false,פיירי פלטיניום פלוס,,,פיירי פלטיניום פלוס,יחידה,0.00,יחידה,false,,29.90,0.0000,true,1,108128
8001841960258,false,פיירי פלטיניום למדיח,,,פיירי פלטיניום למדיח,יחידה,0.00,יחידה,false,,59.90,0.0000,true,1,108129
8002205319903,false,מזון לחתולים בוגרים בטעם עוף פורינה ONE,נסטלה פורינה צרפת,FR,פורינה חתול בוגר עוף,,800.00,100 גרם,false,,35.90,0.0449,true,1,92955
8002270015656,false,סן פלגרינו מים מינרל,סן פלגרינו ס.פ.א לוק,IT,סן פלגרינו מים מינרל,,750.00,"100 מ""ל",false,,11.90,0.0159,true,1,85118
8002450201008,false,ורדי רספברי ספרקלטיני,בוסקה Bosca,,ורדי משקה כהלי מוגז,,750.00,100 גרם,false,,24.90,0.0332,true,1,31701
8002450204009,false,ורדי ספרקלטיני אפרסק,"איי, בי, אינבוו",IT,ורדי משקה כהלי מוגז,,750.00,100 גרם,false,,24.90,0.0332,true,1,31702
8002450206003,false,ורדי רימונים ספרקלטיני,"איי, בי, אינבוו",IT,ורדי משקה כהלי מוגז,,750.00,100 גרם,false,,24.90,0.0332,true,1,31703
8002450208007,false,ורדי גרין אפל ספרקלטיני,בוסקה Bosca,,ורדי משקה כהלי מוגז,,750.00,100 גרם,false,,24.90,0.0332,true,1,31704
8003340091280,false,בונבוניירת לינדור Lindor שוקולד מריר,לינדוט ושופרונגלי אי,IT,לינדור בונבוניירה 60,,200.00,100 גרם,false,,25.90,0.1295,true,1,31141
8004030344938,false,טונה בשמן זית ריו מרה שלישיה * 80 ג',"בולטון אלימנטרי בע""מ",IT,טונה ריו מרה שמן זית,,240.00,100 גרם,false,,28.90,0.1204,true,1,92712
8004030381681,false,טונה בשמן זית ריו מרה זוגות * 160 ג',,,טונה ריו מרה בשמן זי,,320.00,"100 מ""ל",false,,32.90,0.1028,true,1,84834
8004690052044,false,פסטה לאמוליזנה פנה ז,למוליזנה,IT,פסטה לאמוליזנה פנה ז,,500.00,"100 מ""ל",false,,8.90,0.0178,true,1,51311
8004690052600,false,פסטה לאמוליזנה קונכי,למוליזנה,IT,פסטה לאמוליזנה קונכי,,500.00,100 גרם,false,,8.90,0.0178,true,1,98051
8004690053195,false,פסטה לאמוליזנה ריגטו,למוליזנה,IT,פסטה לאמוליזנה ריגטו,,500.00,"100 מ""ל",false,,8.90,0.0178,true,1,82078
8004690055601,false,פסטה לאמוליזנה צ'ינס,למוליזנה,IT,פסטה לאמוליזנה צ'ינס,,500.00,"100 מ""ל",false,,8.90,0.0178,true,1,98052
8004690058008,false,פסטה לאמוליזנה גמלי,למוליזנה,IT,פסטה לאמוליזנה גמלי,,500.00,100 גרם,false,,8.90,0.0178,true,1,82079
8004690106600,false,פסטה לאמוליזנה פארפא,למוליזנה,IT,פסטה לאמוליזנה פארפא,,500.00,100 גרם,false,,8.90,0.0178,true,1,81818
8004800005502,false,וופל מיני רול גלילי ופל במילוי קרם קקאו- 125 ג' לאגו,לגו גרופ ס.פ.א.,IT,לאגו גלילי ופל במילו,,125.00,"100 מ""ל",false,,9.90,0.0792,true,1,107504
8005110002243,false,רכז עגבניות Doppio Concentr בשפופרת 185 ג' MUTTI,"איי, בי, אינבוו",IT,רכז עגבניות מוטי בשפ,,185.00,100 גרם,false,,9.90,0.0535,true,1,101114
8005110060007,false,עגבניות מקולפות 400 ג' MUTTI,,,עגבניות מקולפות מוטי,,400.00,"100 מ""ל",false,,7.90,0.0198,true,1,106797
8005110170300,false,עגבניות מרוסקות חתוכות מוטי MUTTI שלישיה *400,מוטי Mutti,IT,עגבניות מרוסקות מוטי,,1200.00,100 גרם,false,,18.90,0.0157,true,1,72500
8005110200014,false,רסק עגבניות 210 ג' CONCENTRATO MUTTI,"איי, בי, אינבוו",IT,רכז עגבניות מוטי 210,,210.00,100 גרם,false,,9.90,0.0471,true,1,72509
8005110551253,false,רוטב עגבניות לפיצה MUTTI,"איי, בי, אינבוו",IT,רוטב לפיצה מוטי 400ג,,400.00,100 גרם,false,,9.90,0.0248,true,1,98740
8005200256587,false,משקה תה בטעם אפרסק 1.5ל' NESTEA,מפעל סאנפלגרינו S.P.,IT,נסטי אפרסק 1.5ליטר,,1500.00,"100 מ""ל",false,,9.50,0.0063,true,1,104601
8005200286584,false,משקה תה בטעם מנגו אננס 1.5 ל' NESTEA,מפעל סאנפלגרינו S.P.,IT,נסטי מנגו אננס 1.5לי,,1500.00,100 גרם,false,,9.50,0.0063,true,1,104602
8005200316588,false,משקה תה דיאט בטעם אפרסק 1.5ל' NESTEA,מפעל סאנפלגרינו s.p.,IT,נסטי דיאט אפרסק 1.5ל,,1500.00,100 גרם,false,,9.50,0.0063,true,1,104603
8005803010586,false,מקלות גריסיני בטעם פיצה,"הוסטה איטליה, ס.ר.ל.",IT,גריסיני אמור די פאן,,125.00,"100 מ""ל",false,,7.90,0.0632,true,1,86051
8006540112823,false,"לנור מרכך כביסה מרוכז בניחוח האוקיינוס 900 מ""ל",פרוקטר אנד גמבל,FR,לנור מרכך מרוכז בניח,,900.00,100 גרם,false,,15.90,0.0177,true,1,102735
8006540221068,false,מגן תחתון אלוויז וליופק לונג פלוס 40 יחי',פרוקטר,DE,אולוויז מגני תחתון ל,יחידה,0.00,יחידה,false,,17.90,0.0000,true,1,106293
8006540221341,false,אולוויז מגן תחתון וליופק לארג' 48 יחידות,,DE,אולוויז מגן תחתון אק,יחידה,0.00,יחידה,false,,17.90,0.0000,true,1,105295
8006540302538,false,הד&שולדרס שמפו קלאסי,,,הד&שולדרס שמפו קלאסי,,350.00,"100 מ""ל",false,,18.90,0.0540,true,1,107200
8006540495216,false,"מרכך כביסה בניחוח אמאטיסט 900 מ""ל לנור",פרוקטר & גמבל,FR,לנור מרכך כביסה בניח,,900.00,"100 מ""ל",false,,15.90,0.0177,true,1,106542
8006540620403,false,"אבקת כביסה אפקט פיירי 7 ק""ג טייד",פרוקטר & גמבל,TR,טייד אבקת כביסה אפקט,,7000.00,"100 מ""ל",false,,59.90,0.0086,true,1,108133
8007178120310,false,חומץ בלסמי ד'מודנה Giacobazzi,פטורייה ג'יאקובאזי ס,IT,חומץ בלסמי ג'קובצי 5,,500.00,100 גרם,false,,25.90,0.0518,true,1,25758
8007178223547,false,קרם מצומצם עם חומץ בלסמי ממודנה,פארייפאבה אגרואינדוס,IT,קרם בלסמי מצומצם 250,,250.00,100 גרם,false,,25.90,0.1036,true,1,54036
8008343279826,false,רוטב פסטה בזיליקום ר,,,רוטב פסטה בזיליקום ר,,350.00,"100 מ""ל",false,,11.90,0.0340,true,1,93618
8008660210038,false,מעדן פרי תות שדה 100% רכיבי פרי,קריניציה ויטמינה אס,IT,מעדן תות מנז אנד גאס,,300.00,100 גרם,false,,16.90,0.0563,true,1,74187
8008660210045,false,מעדן פרי פירות יער 100% רכיבי פרי,שוורצקוף& הנקל דיסלד,IT,מעדן פירות יער מנז א,,300.00,"100 מ""ל",false,,16.90,0.0563,true,1,74191
8008660210069,false,מעדן פרי אפרסק פסיפלורה,מנז אנד גאסר,IT,מעדן פרי אפרסק פסיפל,,320.00,"100 מ""ל",false,,16.90,0.0528,true,1,82927
8008857300344,false,פסטה רג'ייה צינור 500 גר',,,פסטה רג'ייה צינור 50,,500.00,"100 מ""ל",false,,6.90,0.0138,true,1,50871
8008857300481,false,פסטה רג'ייה בורג 500 גר',,,פסטה רג'ייה בורג 500,,500.00,"100 מ""ל",false,,6.90,0.0138,true,1,44369
8008857300580,false,פסטה רג'ייה סהרון 500 גר',,,פסטה רג'ייה סהרון 50,,500.00,"100 מ""ל",false,,6.90,0.0138,true,1,50873
8008857300627,false,פסטה רג'ייה צדף 500 גר',,,פסטה רג'ייה צדף 500,,500.00,"100 מ""ל",false,,6.90,0.0138,true,1,50874
8008857300634,false,פסטה רג'ייה תלתל 500 גר',,,פסטה רג'ייה תלתל 500,,500.00,"100 מ""ל",false,,6.90,0.0138,true,1,44370
8008857300641,false,פסטה רג'ייה כובע 500 גר',,,פסטה רג'ייה פסטה רגי,,500.00,"100 מ""ל",false,,6.90,0.0138,true,1,57369
8008857601052,false,פסטה לזניה דפים רג'יה 500ג',פסטה רג'יה Pasta Reggia,,*מבצע* לזניה רגיה 50,,500.00,100 גרם,false,,7.90,0.0158,true,1,82444
8008920150104,false,למברוסקו אמראדורי אד,דונלי גאטטיקו,,יין למברוסקו אמראדור,,750.00,"100 מ""ל",false,,24.90,0.0332,true,1,22253
8008920150111,false,למברוסקו אמראדורי רו,דונלי,IT,יין למברוסקו אמראדור,,750.00,"100 מ""ל",false,,24.90,0.0332,true,1,22254
8008920150128,false,אמארדורי לבן למברוסקו חצי יבש 750 מל,דונלי גאטטיקו,,יין למברוסקו חצי יבש,,750.00,100 גרם,false,,24.90,0.0332,true,1,22255
8033275522368,false,יין מונטרו קיאנטי כש,סרסטר,IT,יין מונטרו קיאנטי כש,,750.00,"100 מ""ל",false,,64.90,0.0865,true,1,103516
8076800195033,false,ברילה - צ.א ספגטיני מס3 חדש 500 גרם,ברילה גי.אי.אר פרטלי,IT,פסטה ספגטי ברילה מס',,500.00,"100 מ""ל",false,,8.90,0.0178,true,1,29362
8076800195057,false,ברילה - צ.א ספגטי מס5 חדש 500 גרם,ברילה גי.אי.אר פרטלי,IT,פסטה ספגטיני מס 5 בר,,500.00,100 גרם,false,,8.90,0.0178,true,1,29363
8076800195071,false,ספגטי מס 7 ברילה 500,,,ספגטי מס 7 ברילה 500,,500.00,100 גרם,false,,8.90,0.0178,true,1,105160
8076800315097,false,ברילה - צ.א בוקטיני מס9 500 גרם,ברילה גי.אי.אר פרטלי,IT,פסטה ברילה מס 9 500ג,,500.00,100 גרם,false,,8.90,0.0178,true,1,29365
8076802085738,false,ברילה - צ.ק פנה רגטה חדש 500 גרם,ברילה גי.אי.אר פרטלי,IT,פסטה פנה רגטה ברילה,,500.00,100 גרם,false,,8.90,0.0178,true,1,29368
8076802085837,false,ברילה - צ.ק טורטליוני מס83 500 גרם,הנסיך- מפעל לייצור ט,IT,פסטה טורטיליוני בריל,,500.00,100 גרם,false,,8.90,0.0178,true,1,29369
8076802085981,false,ברילה - צ.ק פוזילי חדש 500 גרם,ברילה גי.אי.אר פרטלי,IT,פסטה פתיתי פוזליני ב,,500.00,100 גרם,false,,8.90,0.0178,true,1,29373
8076808060654,false,ברילה - צ.ק פרפלה חדש 500 גרם,ברילה גי.אי.אר פרטלי,IT,פסטה פתיתי פרפלה 65,,500.00,"100 מ""ל",false,,8.90,0.0178,true,1,29376
8076808150072,false,ברילה - צ.א ספגטוני מס7 חדש 500 גרם,ברילה גי.אי.אר פרטלי,IT,פסטה ספגטי מס 7 בריל,,500.00,"100 מ""ל",false,,8.90,0.0178,true,1,29378
8076809513395,false,רוטב פסטה ברילה פורמודרו 400ג',ברילה גי.אי.אר פרטלי,IT,רוטב פורמודרו ברילה,,400.00,100 גרם,false,,15.50,0.0388,true,1,29382
8076809513739,false,רוטב פסטה ברילה בזיליקום 400 ג',ברילה גי.אי.אר פרטלי,IT,רוטב עגבניות עם בזיל,,400.00,"100 מ""ל",false,,15.50,0.0388,true,1,29385
8076809523561,false,רוטב עגבניות עם עשבי תיבול 400 ג' ברילה,ברילה גי.אי.אר פרטלי,IT,רוטב פסטה טוסקנה 400,,400.00,"100 מ""ל",false,,15.50,0.0388,true,1,29392
8121300209466,false,תחליף סוכר חום 320 ג' טרוביה,טרוביה Truvia,,*מבצע* טרוביה תחליף,,360.00,100 גרם,false,,14.90,0.0414,true,1,107908
8410076600622,false,חטיפי גרנולה Crunchy שיבולת שועל מלאה ושבבי שוקולד מריר,ג'נרל מילס סאן אדריא,ES,חטיף שיבולת שועל מלא,,210.00,100 גרם,false,,21.90,0.1043,true,1,47156
8410076610379,false,נייטשר ואלי פרוטאין בוטנים ושבבי שוקולד 160 ג',סריילטו ספיין פודס,ES,נייטשר וואלי בוטנים,,160.00,"100 מ""ל",false,,24.90,0.1556,true,1,57513
8410076610508,false,"נייטשר וואלי צ'ואי שוקולד מריר בוטנים ושקדים, חמישיה 5 * 30 גרם",נייצ'ר ואלי Nature Valley,,ניטשר וואלי צ'אוי חט,,150.00,100 גרם,false,,21.90,0.1460,true,1,73558
8410076621047,false,עוגות אישיות בטעם שוקולד עם חתיכות בטעם שוקולד,"גלאטס סירו בע""מ",ES,פייבר וואן בראוניז ב,,120.00,"100 מ""ל",false,,16.90,0.1408,true,1,100976
8410104039134,false,"פיניש מנקה ומחדש מדיח 250מ""ל",הדקלאים אגודת שיתופי,PL,פיניש מנקה ומחדש מדי,,250.00,100 גרם,false,,21.90,0.0876,true,1,36225
8410104045111,false,"פיניש מלח למדיח כלים 2ק""ג",פ.פ.ח. שאביט,IL,"פיניש מלח למדיח 2 ק""",,2000.00,100 גרם,false,,14.90,0.0075,true,1,95539
8410376027273,false,גולון עוגיות טווינס,,,גולון עוגיות טווינס,,252.00,"100 מ""ל",false,,9.90,0.0393,true,1,106838
8410376029079,false,גולון רונדיטוס ביסקויט ללא סוכר 186 ג',,,גולון ביסקוויט רונדי,,186.00,"100 מ""ל",false,,16.90,0.0909,true,1,106848
8410376037883,false,גוליאן עוגיות שוקו צפס ללא גלוטן 130 ג ו,תות תעשיות מזון (201,ES,גולון עוגיות שוקוצ'י,,130.00,"100 מ""ל",false,,11.90,0.0915,true,1,106842
8410376052633,false,גולון-עוגיות שוקוצ'יפס ל.ת סוכר 150 גר',VIRGINIAS INDUSTRIAS,,גולון עוגיות שוקוצ'י,,150.00,"100 מ""ל",false,,11.90,0.0793,true,1,106843
8410376064438,false,גולון ביסקוויט פיינס,,,גולון ביסקוויט פיינס,,150.00,"100 מ""ל",false,,16.90,0.1127,true,1,106849
8410721443734,false,כורכום טחון צנצנת 45,,,כורכום טחון צנצנת 45,,45.00,100 גרם,false,,6.90,0.1533,true,1,98835
8412497595327,false,בקבוק פלסטיק 450מל,,,בקבוק פלסטיק 450מל,יחידה,0.00,יחידה,false,,19.90,0.0000,true,1,56650
8420822130600,false,"ספריי סופר מסיר שומנים 750מ""ל יעקבי",יעקבי,,סופר מסיר שומנים KH-,,750.00,"100 מ""ל",false,,14.90,0.0199,true,1,105501
8420822130624,false,"ספריי סופר מסיר כתמים 750מ""ל יעקבי",יעקבי,,סופר מסיר כתמים יעקב,,750.00,"100 מ""ל",false,,15.90,0.0212,true,1,105502
8423207206488,false,מרבה סלים דליס שוקולד חלב חדש,אף.סי תבליני בגליל ב,ES,סלים דליס חטיף דגנים,,120.00,"100 מ""ל",false,,15.90,0.1325,true,1,45928
8423207206495,false,מרבה סלים דליס שוקולד מריר חדש,אף.סי תבליני בגליל ב,ES,סלים דליס חטיף דגנים,,1200.00,"100 מ""ל",false,,15.90,0.0133,true,1,45929
8423207206501,false,חטיף מרבה סלים דליס חצי מצופה 78ג',סלים דליס Slim Delis,ES,סלים דליס חטיף דגנים,,120.00,"100 מ""ל",false,,15.90,0.1325,true,1,45930
8423207207362,false,סלים דליס חטיף דגנים שוקולד לבן 120 ג',ביסנצ'ורי אס.אל.יו,ES,סלים דליס חטיף שוקול,,120.00,"100 מ""ל",false,,15.90,0.1325,true,1,49969
8423207208260,false,מרבה סלים דליס שוקולד חלב ללא גלוטן חדש,ביסנצ'ורי אס.אל.יו,ES,סלים דליס חטיף דגנים,,120.00,100 גרם,false,,15.90,0.1325,true,1,55491
8423207208680,false,מרבה סלים דליס לילדים עם שוקולד חלב,ביסנצ'ורי אס.אל.יו,ES,סלים דליס קידס חטיף,,78.00,"100 מ""ל",false,,15.90,0.2038,true,1,56802
8423207208697,false,מרבה סלים דליס לילדים עם שוקולד לבן חדש,ביסנצ'ורי אס.אל.יו,ES,סלים דליס קידס חטיף,,120.00,"100 מ""ל",false,,15.90,0.1325,true,1,56803
8423207208703,false,חטיף דגנים מצופה אקסטרה שוקולד מריר,ביסנצ'ורי אס.אל.יו,ES,סלים דליס חטיף אקסטר,,120.00,"100 מ""ל",false,,15.90,0.1325,true,1,56804
8423207209885,false,סלים דליס מהדורה מיוחדת שוקולד חלב 120 ג',סלים דליס Slim Delis,,סלים דליס בטעם שוקול,יחידה,0.00,יחידה,false,,15.90,0.0000,true,1,79879
8423207210287,false,מרבה סלים דליס שוקולד לבן בטעם יוגורט 120 ג',סלים דליס Slim Delis,,סלים דליס שוקולד לבן,,120.00,"100 מ""ל",false,,15.90,0.1325,true,1,92718
8423207210942,false,חטיף דגנים מצופה שוקולד לבן ופירות יער,אף.סי תבליני בגליל ב,ES,סלים דליס טופינג פיר,,0.00,"100 מ""ל",false,,15.90,0.0000,true,1,100685
8423207210966,false,חטיף רב דגנים מצופה שוקולד לבן קוקוס ולימון,אף.סי תבליני בגליל ב,ES,סלים דליס טופינג קוק,,0.00,100 גרם,false,,15.90,0.0000,true,1,100686
8424842050016,false,חטיף ציפס בטעם כמהין,רביו,ES,ציפס רוביו כמהין 125,,125.00,"100 מ""ל",false,,12.90,0.1032,true,1,108211
8424842050030,false,ציפס רוביו מלח הימלא,רביו,ES,ציפס רוביו מלח הימלא,,125.00,"100 מ""ל",false,,12.90,0.1032,true,1,108210
8424842050085,false,ציפס רוביו חרדל ודבש,רביו,ES,ציפס רוביו חרדל ודבש,,125.00,"100 מ""ל",false,,12.90,0.1032,true,1,108212
8425206000081,false,ריבת חלב מרדל 450 גר,כלורוקס אוקלנד,ES,ריבת חלב מרדל 450גר,,450.00,"100 מ""ל",false,,19.90,0.0442,true,1,55721
8435495805199,false,"תינוקלין אבקת כביסה 3 ק""ג",מולינו ניקולי s.p.a,TR,תינוקלין 3 קג,,3.00,,false,,39.90,13.3000,true,1,88996
8435495807605,false,תינוקלין - מרכך כביסה היפואלרגני 1 ליטר,מולינו ניקולי s.p.a,TR,תינוקלין מרכך כביסה,,1000.00,100 גרם,false,,17.90,0.0179,true,1,83401
8435495807636,false,ג'ל כביסה היפואלרגני 2 ל' תינוקלין,תינוקלין,TR,תינוקלין ג'ל כביסה ב,ליטרים,2.00,ליטר,false,,28.90,14.4500,true,1,83463
8435495819363,false,תינוקלין - מרכך כביסה פרש & ג'נטל 1 ליטר,תינוקלין,,תינוקלין מרכך כביסה,,1000.00,100 גרם,false,,17.90,0.0179,true,1,107911
8437000906209,false,טורטייה קמח חיטה 320,Azteca foods europe,,עלי טורטיה 320ר,,325.00,"100 מ""ל",false,,10.90,0.0335,true,1,44183
8445290341617,false,פנסי פיסט פטה עוף וסלמון 85גר,נסטלה פורינה USA ג',US,פנסי פיסט פטה עוף וס,,85.00,100 גרם,false,,6.50,0.0765,true,1,107054
8445290341655,false,פנסי פיסט פטה עוף 85גר,נסטלה פורינה USA ג',US,פנסי פיסט פטה עוף 85,,85.00,"100 מ""ל",false,,6.50,0.0765,true,1,107056
8445290427120,false,דגני פיטנס Fitness שוקולד מריר ובננה,נסטלה צרפת איטנקורט,FR,פיטנס שוקולד מריר בנ,,330.00,"100 מ""ל",false,,23.90,0.0724,true,1,106713
8606018615827,false,גלידת וניל עם שברי עוגיות אוראו 480 ג',נסטלה,IL,פיינט אוראו,,480.00,"100 מ""ל",false,,18.90,0.0394,true,1,107436
8606018615841,false,גלידת וניל עם ליבת שוקולד חלב 480 ג' מילקה,נסטלה,IL,פיינט מילקה וניל ליב,,480.00,"100 מ""ל",false,,18.90,0.0394,true,1,107437
8606018615865,false,גלידת קרמל ליבת שוקולד 480 ג' מילקה,נסטלה,IL,פיינט מילקה קרמל ליב,,480.00,100 גרם,false,,18.90,0.0394,true,1,107438
8683130025574,false,"מרכך כביסה אקסטרה לבנדר 960 מ""ל בדין",יונילוור - תורכיה,TR,בדין אקסטרא לבנדר 96,,960.00,"100 מ""ל",false,,17.90,0.0186,true,1,105739
8683130025581,false,"בדין - מרכך כביסה אקסטרא ענבר 960 מ""ל",יונילוור - תורכיה,TR,בדין אקסטרא ענבר 960,,960.00,100 גרם,false,,17.90,0.0186,true,1,105740
8683323063024,false,ממתק בטעם תותי פרוטי בצורת שטיח,מוטקה החולב,TR,סוכריות יוגטה שטיחים,,220.00,"100 מ""ל",false,,7.90,0.0359,true,1,74075
8686868600037,false,המותג אביזרי שיער,,,המותג אביזרי שיער,יחידה,0.00,יחידה,false,,5.90,0.0000,true,1,37604
8686868600051,false,המותג אביזרי שיער,,,המותג אביזרי שיער,יחידה,0.00,יחידה,false,,7.90,0.0000,true,1,37606
8686868600068,false,המותג אביזרי שיער,,,המותג אביזרי שיער,יחידה,0.00,יחידה,false,,8.90,0.0000,true,1,37607
8686868600075,false,המותג אביזרי שיער,,,המותג אביזרי שיער,יחידה,0.00,יחידה,false,,9.90,0.0000,true,1,37608
8686868600105,false,אביזרי שיער מברשות ה,,,אביזרי שיער מברשות ה,יחידה,0.00,יחידה,false,,12.90,0.0000,true,1,37611
8686868600112,false,המותג אביזרי שיער,,,המותג אביזרי שיער,יחידה,0.00,יחידה,false,,13.90,0.0000,true,1,37612
8686868600129,false,המותג אביזרי שיער,,,סרט לשיער,יחידה,0.00,יחידה,false,,12.90,0.0000,true,1,37613
8686868600150,false,המותג אביזרי שיער,,,המותג אביזרי שיער,יחידה,0.00,יחידה,false,,17.90,0.0000,true,1,37616
8686868600174,false,המותג אביזרי שיער,,,המותג אביזרי שיער,יחידה,0.00,יחידה,false,,19.90,0.0000,true,1,46723
8686868600211,false,"מטריה לילדים 47 ס""מ",,,"מטריה לילדים 47 ס""מ",יחידה,0.00,יחידה,false,,19.90,0.0000,true,1,100859
8686868600235,false,המותג אביזרי שיער,,,המותג אביזרי שיער,יחידה,0.00,יחידה,false,,12.90,0.0000,true,1,37621
8686868600259,false,מטריה גדולה /כפולה,,,מטריה גדולה /כפולה,יחידה,0.00,יחידה,false,,29.90,0.0000,true,1,86968
8690521016882,false,"דאב תארפי שמפו רגיל 400 מ""ל",יוניליוור,,דאב תארפי שמפו רגיל,,400.00,100 גרם,false,,13.90,0.0348,true,1,27746
8690526019178,false,אי טי אי - וופל קקאו במילוי קרם קוקוס 142 גרם,מולינו ניקולי s.p.a,TR,וופל במילוי קרם קוקו,,142.00,"100 מ""ל",false,,6.90,0.0486,true,1,98388
8690526019185,false,אי טי אי - וופל במילוי קרם שוקולד חלב 142 גרם,מולינו ניקולי s.p.a,TR,וופל במילוי קרם שוקו,,142.00,"100 מ""ל",false,,6.90,0.0486,true,1,98392
8690531032377,false,פלפל שיפקה צהוב חריף 340 ג',,TR,פלפל שיפקונית צנצנת,,350.00,"100 מ""ל",false,,9.90,0.0283,true,1,73438
8690572784327,false,מסכה לשיער ארוך עם קצוות מפוצלים Supreme Length,שוורצקוף Schwarzkopf,,גליס מסכה אורך מושלם,,300.00,"100 מ""ל",false,,19.90,0.0663,true,1,81610
8690572785928,false,סאיוס שמפו לשיער גלי,,,סאיוס שמפו לשיער גלי,,600.00,100 גרם,false,,11.90,0.0198,true,1,82045
8690572788851,false,"גליס - שמפו ביו טק 400 מ""ל",,,שמפו גליס ביו- טק 40,,400.00,100 גרם,false,,15.90,0.0398,true,1,98351
8690572789513,false,גליס שמפו תמצית שמן,,,גליס שמפו תמצית שמן,,525.00,"100 מ""ל",false,,10.00,0.0190,true,1,104528
8690572789636,false,גליס שמפו לאורך מושל,,,גליס שמפו לאורך מושל,,525.00,"100 מ""ל",false,,10.00,0.0190,true,1,104530
8690572799512,false,"מרכך לחיזוק שורשי סיב השערה סאיוס 500מ""ל",,,סאיוס מרכך לשיער גלי,,500.00,"100 מ""ל",false,,12.90,0.0258,true,1,105355
8690572799529,false,"סאיוס - שמפו קרטין 500 מ""ל",,,סאיוס שמפו קרטין לשי,,500.00,100 גרם,false,,12.90,0.0258,true,1,105352
8690572799536,false,"שמפו שמני הזנה סאיוס 500מ""ל",,,סאיוס שמפו שמני הזנה,,500.00,100 גרם,false,,12.90,0.0258,true,1,105357
8690572799543,false,"שמפו לחזיק שורשי סיב השערה סאיוס 500מ""ל",,,סאיוס שמפו לחיזוק שו,,500.00,100 גרם,false,,12.90,0.0258,true,1,105354
8690572799550,false,"שמפו לשיער גלי ומתולתל סאיוס 500מ""ל",,,סאיוס שמפו לשיער גלי,,500.00,100 גרם,false,,12.90,0.0258,true,1,105356
8690637555084,false,"בדין - מרכך כביסה אקסטרה לבן 960 מ""ל",יוניליוור סנאיי וי ט,TR,בדין אקסטרא פריחת הת,,960.00,100 גרם,false,,17.90,0.0186,true,1,27791
8690637866753,false,"מרכך כביסה אקסטרה ורוד 960 מ""ל בדין",יונילוור - תורכיה,,בדין אקסטרא לבנדר 96,,960.00,"100 מ""ל",false,,17.90,0.0186,true,1,82059
8690637946301,false,"בדין - מרכך כביסה אקסטרא בייביי כחול 960 מ""ל",יוניליוור סנאיי וי ט,TR,בדין אקסטרא בייבי 96,,960.00,יח',false,,17.90,0.0186,true,1,97873
8690637946318,false,"בדין מרכך כביסה אקסטרא בייבי צהוב 960מ""ל",יוניליוור סנאיי וי ט,TR,בדין אקסטרא בייבי בנ,,960.00,100 גרם,false,,17.90,0.0186,true,1,97874
8690637971310,false,"מרכך כביסה אקסטרה בניחוח יערת הדבש 960 מ""ל בדין",יוניליוור סנאיי וי ט,TR,בדין אקסטרא יערת הדב,,960.00,100 גרם,false,,17.90,0.0186,true,1,100700
8690637987441,false,"מרכך כביסה אקסטרה פרח הכותנה ווניל 960 מ""ל בדין",יוניליוור סנאיי וי ט,TR,בדין אקסטרא מרכך פרח,,960.00,100 גרם,false,,17.90,0.0186,true,1,101228
8690766156367,false,שוקולד גודייבה חלב מעולה 90 גר,"אולקר מקבוצת פלאדיס,",TR,שוקולד חלב מעולה 90,,90.00,"100 מ""ל",false,,14.90,0.1656,true,1,97301
8690766156374,false,שוקולד גודייבה מריר 72% מוצרי קקאו 90 גר,"אולקר מקבוצת פלאדיס,",TR,שוקולד מריר מעולה 72,,90.00,"100 מ""ל",false,,14.90,0.1656,true,1,97302
8690766156381,false,שוקולד גודייבה מריר מעולה 90% קקאו 90 גר,"אולקר מקבוצת פלאדיס,",TR,שוקולד מריר מעולה 90,,90.00,100 גרם,false,,14.90,0.1656,true,1,97303
8690766156404,false,שוקולד מריר מעולה גודייבה תפוז אדום 90 גרם,גודייבה,TR,שוקולד מריר מעולה ב,,90.00,"100 מ""ל",false,,14.90,0.1656,true,1,97305
8690770322598,false,"שמרים יבשים 125 גר` בד""צ",בראבו Bravo,,"שמרים יבשים 125 ג""ר.",,125.00,"100 מ""ל",false,,4.90,0.0392,true,1,31339
8690777203012,false,פלפל ירוק כבוש לא חריף סארה 600ג',יוליניבר,TR,פלפל ירוק כבוש לא חר,,600.00,100 גרם,false,,12.90,0.0215,true,1,25412
8690777206051,false,חצילים קלויים על האש סארה 650 גר',קוראהן פזלרמה וי דיס,TR,חציל קלוי על האש ויל,,650.00,100 גרם,false,,12.90,0.0198,true,1,25415
8690777221405,false,פלפל אדום קלוי על האש סארה 650גרם,קוראהן פזלרמה וי דיס,TR,פלפל אדום קלוי על הא,,650.00,100 גרם,false,,12.90,0.0198,true,1,25417
8692440001086,false,כוסות פלסטיק חד פעמי 100 יח',"שניב תעשיות נייר בע""",,כוסות לשתיה קרה טאץ',יחידה,0.00,יחידה,false,,7.90,0.0000,true,1,86297
8697420697914,false,זיתים שחורים יבשים במלח 700 ג',אונטד גידה,TR,זיתים שחורים בפח 700,,700.00,"100 מ""ל",false,,19.90,0.0284,true,1,82142
8697431460064,false,קונפיטורה משמש 70% פרי פרופה 454 גר',פרוטנגו Fruitango,,קונפיטורה 70% משמש 4,,450.00,100 גרם,false,,13.90,0.0309,true,1,23833
8697431460217,false,קונפיטורה 70% תפוזים 450 ג' FRUPPA,פרוטנגו Fruitango,,קונפיטורה 70% פרי תפ,,450.00,100 גרם,false,,13.90,0.0309,true,1,23835
8697431925143,false,קונפיטורה 70% פירות יער 450 ג' FRUPPA,פרוטנגו Fruitango,,קונפיטורה פירות יער,,450.00,100 גרם,false,,13.90,0.0309,true,1,85275
8697659224035,false,מטהר אוויר אקווה 400,אטאק,,מטהר אוויר אקווה 400,,400.00,"100 מ""ל",false,,9.90,0.0248,true,1,77138
8697659224066,false,מטהר אוויר 400 מ'ל TROPICAL,אטאק,,מטהר אוויר טרופיקל,יחידה,0.00,יחידה,false,,9.90,0.0000,true,1,77141
8697826469092,false,טורטיות ראפ בקוטר 20,דין שיווק,TR,טורטיה קטנה 540גר,,540.00,"100 מ""ל",false,,9.90,0.0183,true,1,57326
8710447331095,false,"טרזמה - מסכה בוטניק 300 מ""ל",יוניליוור,PL,טרזמה מסכה בוטניק 30,,300.00,"100 מ""ל",false,,29.90,0.0997,true,1,83979
8710502064814,false,עוגיות שוקולד ציפס במרקם רך 175 ג',בנקטבקריי מרבה בי.וי,NL,עוגיות שוקולד ציפס ר,,175.00,"100 מ""ל",false,,11.90,0.0680,true,1,54812
8710502194801,false,עוגיות שוקולד צ'יפס במרקם רך עם פירות יער,בנקטבקריי מרבה בי.וי,NL,עוגיות שוקולד ציפס פ,,175.00,"100 מ""ל",false,,11.90,0.0680,true,1,72696
8710502279010,false,מרבה עוגיות שוקולד צ'יפס מצופות שוקולד 175 ג',"מרבה בע""מ",NL,עוגיות שוקולד צ'יפס,,175.00,"100 מ""ל",false,,11.90,0.0680,true,1,101748
8710502470028,false,עוגיות שוקולד צ'יפס ממולאות בקרם נוגט,COLGATE PALMOLIVE,NL,עוגיות שוקוציפס נוגט,,160.00,100 גרם,false,,11.90,0.0744,true,1,25773
8710908693809,false,"טרזמה מסכה טיפולית עם קרטין 300מ""ל",טרזמה TRESemme,,טרזמה מסכה טיפולית ע,,300.00,"100 מ""ל",false,,29.90,0.0997,true,1,81238
8711000362747,false,קפסולות אספרסו ריסטרטו 10* 52 ג' LOR,גיקובס דאו אגברטס צר,FR,קפסולות קפה לור ריסט,,10.00,100 מ'ל,false,,19.90,1.9900,true,1,82667
8711000371176,false,קפסולות קפה אספרסו קלאסיקו 10*52 ג' ג'ייקובס,קריניציה ויטמינה אס,FR,גקובס קפסולות קפה אס,,52.00,"100 מ""ל",false,,16.90,0.3250,true,1,83696
8711000371244,false,קפסולות קפה אספרסו לונגו 10*52 ג' ג'ייקובס,ג'ייקובס Jacobs,FR,גקובס קפסולות קפה אס,,52.00,"100 מ""ל",false,,16.90,0.3250,true,1,92888
8711000431108,false,לור קפסולות קפה אספרסו הודו 52 גר,"ג'ייקובס דאו אגרבטס,",FR,קפסולות קפה לור אספר,,10.00,100 מ'ל,false,,19.90,1.9900,true,1,84643
8711000472040,false,קפסולות קפה סלקשיין 10*52 ג' ג'ייקובס,ג'ייקובס Jacobs,FR,ג'ייקובס קפסולות קפה,,52.00,"100 מ""ל",false,,16.90,0.3250,true,1,103115
8712000051099,false,"בירה הייניקן 0% אלכהול 330 מ""ל*6 יח'",פארייפאבה אגרואינדוס,NL,בירה היינקן שישייה 0,,1980.00,100 גרם,false,,29.90,0.0151,true,1,84713
8712400802499,false,תרכובת מזון המשך לפעוטות על בסיס חלב שלב 1,פרוטרופיק סיה.,NL,נוטרילון -טבע שלב 1,,800.00,"100 מ""ל",false,,64.90,0.0811,true,1,43375
8712400802512,false,תרכובת מזון המשך לפעוטות על בסיס חלב שלב 2,פרוטרופיק סיה.,NL,נוטרילון -טבע שלב 2,,800.00,"100 מ""ל",false,,64.90,0.0811,true,1,43377
8712400802536,false,תרכובת מזון המשך לפעוטות על בסיס חלב שלב 3,פרוטרופיק סיה.,NL,נוטרילון -טבע שלב 3,,800.00,"100 מ""ל",false,,64.90,0.0811,true,1,43379
8712561594240,false,"דאב תחליב רחצה להזנה עמוקה500 מ""ל-מרכז","יוניליוור גרמניה, Gm",DE,תחליב רחצה להזנה עמו,,500.00,יח',false,,13.90,0.0278,true,1,56102
8714599104330,false,ג'ייקובס קפה שחור קלוי וטחון טורקי 85 ג',ג'ייקובס Jacobs,,גקובס קפה שחור טורקי,,85.00,100 גרם,false,,6.90,0.0812,true,1,98862
8714599513781,false,קפה נמס גולד מיובש בהקפאה 200 ג' ג'ייקובס,אל.אל. סי ג''יקובס ד,RU,גייקובס גולד קפה נמס,,200.00,יח',false,,24.90,0.1245,true,1,81819
8714599513866,false,"ג'ייקובס קרוננג מיובש בהקפאה כשל""פ 200 ג'",אל.אל.סי גייקובס דאו,DE,קפה נמס קרוננג ג׳יקו,,200.00,יח',false,,24.90,0.1245,true,1,56513
8714789402918,false,נוזל לניקוי כללי ולרצפה בניחוח פרחי בר,הנסיך- מפעל לייצור ט,GR,אגקס חגיגת הפרחים אד,ליטרים,1.50,ליטר,false,,19.90,13.2667,true,1,29430
8714789402932,false,נוזל לניקוי כללי ולרצפה בניחוח ורדים,הנסיך- מפעל לייצור ט,GR,אגקס חגיגת הפרחים ור,ליטרים,1.50,ליטר,false,,19.90,13.2667,true,1,29431
8714789797786,false,נוזל כלים 4 ב- 1 מסיר כתמי אוכל,יבואן ומשווק: ש. שסט,GR,פלמוליב נוזל לכלים כ,,750.00,100 גרם,false,,11.90,0.0159,true,1,46423
8714789930848,false,"משחת שיניים אופטיק וויט אינסטנט 75 מ""ל קולגייט",הנסיך- מפעל לייצור ט,PL,קולגייט אופטיק וויט,,75.00,100 גרם,false,,21.90,0.2920,true,1,55469
8715700110141,false,מיונז קרמי היינץ צנצנת 460ג',ה.י.היינץ הולדינג בי,NL,מיונז היינץ צנצנת 46,,460.00,"100 מ""ל",false,,11.90,0.0259,true,1,78870
8715700115641,false,ממרח מיונז לחיץ לייט במרקם קרמי 420 ג' היינץ,היינץ Heinz,,היינץ ממרח לחיץ לייט,,420.00,"100 מ""ל",false,,14.90,0.0355,true,1,107071
8715700419732,false,מתבל עגבניות היינץ 7,ה.י. היינץ,NL,*מבצע* קטשופ היינץ 7,,700.00,"100 מ""ל",false,,10.90,0.0156,true,1,52129
8715700422473,false,ממרח מיונז ללא חומרים משמרים 395 ג' היינץ,היינץ Heinz,NL,היינץ ממרח לחיץ ללא,,395.00,"100 מ""ל",false,,14.90,0.0377,true,1,107072
8715700423906,false,קטשופ מתובל עגבניות 50% פחות סוכר 555ג' היינץ,היינץ צפון אמריקה מק,NL,*מבצע* מתבל עגבניות,,555.00,"100 מ""ל",false,,10.90,0.0196,true,1,80583
8717163607305,false,סבון מוצק גרגירים 4 *100 ג' דאב,יוניליוור גרמניה (בו,DE,דאב סבון מוצק דאב גר,,400.00,"100 מ""ל",false,,17.90,0.0447,true,1,27805
8717163655764,false,"רקסונה - דאודורנט ספריי לאישה שוואר פרש 150 מ""ל",,,רקסונה ספריי שוואר פ,,150.00,"100 מ""ל",false,,14.90,0.0993,true,1,91979
8717163658314,false,תחליב רחצה מים מיסלריים היפואלרגני לעור רגיש,יוניליוור,DE,תחליב רחצה מים מיסלר,,500.00,יח',false,,13.90,0.0278,true,1,83709
8717163714850,false,"דאב - דאודורנט ספריי לאישה קוקוס ויסמין 150 מ""ל",דאב Dove,,דאב ספריי קוקוס ויסמ,,150.00,"100 מ""ל",false,,14.90,0.0993,true,1,88842
8717163842676,false,"דאב - תחליב רחצה חימר ורוד 500 מ""ל",יוניליוור גרמניה Gmb,DE,תחליב רחצה חימר ורוד,,500.00,יח',false,,13.90,0.0278,true,1,98231
8717163859759,false,"רקסונה דאו ספריי וורקאוט 150 מ""ל",,,רקסונה ספריי וורקאוט,,150.00,100 גרם,false,,14.90,0.0993,true,1,98264
8717163947692,false,"אקס ג'ל רחצה לגבר פרש ברגמוט ופינק פפר 400 מ""ל","יוניליוור גרמניה, רח",DE,אקס גל רחצה לגבר ברג,,400.00,100 גרם,false,,14.90,0.0373,true,1,97755
8717644390566,false,סבון מוצק ירוק מלפפון 4* 100 ג' דאב,יוניליוור גרמניה (בו,DE,דאב סבון מוצק דאב יר,,400.00,"100 מ""ל",false,,17.90,0.0447,true,1,27807
8718951030206,false,"קולגייט סנסיטיב מולטי פרוטקשן משחת שיניים 75 מ""ל",קולגייט-פלמוליב,PL,קולגייט סנסטיב מולטי,,75.00,"100 מ""ל",false,,21.90,0.2920,true,1,98478
8718951093331,false,מרידול מברשת שיניים אקסטרה סופט זוג,קולגייט פלמוליב,,מברשת שיניים מרידול,יחידה,0.00,יחידה,false,,29.90,0.0000,true,1,107903
8718951175600,false,"משחת שיניים קלין מינט 75 מ""ל קולגייט טוטאל",Unknown,,קולגייט משחת טוטל קל,,75.00,100 מ'ל,false,,14.90,0.1987,true,1,99583
8718951253827,false,"קולגייט הלבנה פחם 75 מ""ל",,,קולגייט הלבנה מתקדמת,,75.00,100 גרם,false,,19.90,0.2653,true,1,105831
8718951264618,false,"קולגייט אופטיק וייט פחם צ'רקול משחת שיניים, 75 מ""ל",קולגייט-פלמוליב,PL,קולגייט אופטיק וייט,,75.00,100 גרם,false,,19.90,0.2653,true,1,98509
8718951278851,false,"קולגייט הלבנה פחם 100 מ""ל",,,קולגייט הלבנה פחם 10,,100.00,"100 מ""ל",false,,13.90,0.1390,true,1,106801
8718951286733,false,"קולגייט אופטיק וייט לסטינג וויט 75 מ""ל",קולגייט Colgate,PL,קולגייט אופטיק וייט,,75.00,"100 מ""ל",false,,19.90,0.2653,true,1,107235
8718951312722,false,"קולגייט מקס פרש וויט קריסטל משחת שיניים 100 מ""ל",קולגייט פלמוליב,PL,קולגייט מקס פרש וויי,,100.00,"100 מ""ל",false,,10.00,0.1000,true,1,105041
8718951313576,false,קולגייט משחת שיניים מקס פרש קול קריסטל 100 מל,קולגייט פלמוליב,PL,קולגייט משחת שיניים,,100.00,"100 מ""ל",false,,10.00,0.1000,true,1,104519
8718951315303,false,משחת שיניים קולגייט הגנה מקסימלית - מארז זוג,קולגייט-פלמוליב,PL,קולגייט משחת שיניים,,200.00,"100 מ""ל",false,,19.90,0.0995,true,1,99578
8718951345119,false,"אג'קס לניקוי כללי עוצמת 7 היביסקוס, 2 ל'",הנסיך- מפעל לייצור ט,GR,אגקס לניקוי כללי עוצ,,2000.00,"100 מ""ל",false,,24.90,0.0124,true,1,101747
8718951385290,false,אגקס לניקוי כללי כחול 2 ל',קולגייט פלמוליב,GR,אגקס לניקוי כללי ניח,,2000.00,100 גרם,false,,24.90,0.0124,true,1,101755
8719200998001,false,מרגרינה לאפיה ובישול בלי מלח 200 ג' בלו בנד,מיוצר עי קונדיטוריית,IL,בלו בנד בלי מלח 200ג,,200.00,"100 מ""ל",false,,4.90,0.0245,true,1,92359
8719200998018,false,מחמאה מרגרינה בטעם חמאה 200 ג' בלו בנד,פארייפאבה אגרואינדוס,IL,מרגרינה מחמאה בטעם ח,,200.00,יח',false,,4.90,0.0245,true,1,92360
8719200998049,false,מרגרינה מזולה בטעם טבעי,פארייפאבה אגרואינדוס,IL,מזולה בטעם טבעי 250ג,,250.00,100 גרם,false,,9.90,0.0396,true,1,92362
8719200998094,false,מרגרינה מזולה בטעם טבעי ללא תוספת מלח,"מיוצר ע""י יוניליוור",IL,מזולה אפייה ללא מלח,,200.00,100 גרם,false,,6.90,0.0345,true,1,92363
8719200998100,false,מרגרינה בטעם חמאה לאפייה 200 ג' מזולה,פארייפאבה אגרואינדוס,IL,מזולה אפייה טעם חמאה,,200.00,"100 מ""ל",false,,6.90,0.0345,true,1,92364
8720181046605,false,דאב - דאודורנט ספריי לאישה אורגינל כחול 150מל,"קוסטר אירוסול, גבזה",TR,דאב ספריי אוריגינל ל,,150.00,"100 מ""ל",false,,14.90,0.0993,true,1,101016
8720181123955,false,"אקס - ג'ל רחצה ריצארג קריד 400 מ""ל",אקס Axe,,אקס ג'ל רחצה ריצארג,,400.00,"100 מ""ל",false,,14.90,0.0373,true,1,104305
8720182253156,false,דאב רביעיית סבון מוצק ירוק,,,דאב סבון מוצק דאב יר,,360.00,100 גרם,false,,17.90,0.0497,true,1,107017
8801055707966,false,קפה טייסטר צו'יס נס קפה בריסטה 180ג',נסטלה קוריאה - קפה,IL,קפה טייסטרס צ׳ויס בר,,180.00,יח',false,,34.90,0.1939,true,1,57521
8801055709427,false,נסקפה טייסטרס צ'ויס אלטה ריקה 100 ג',לוטה נסטלה קוריאה,KR,טסטרס צ'ויס קפה נמס,,100.00,100 גרם,false,,19.90,0.1990,true,1,104184
8801055709458,false,אבקה להכנת משקה קפה בטעם קפוצ'ינו קרמל,נסטלה קוריאה - קפה,,נסקפה קפוצינו קרמל 1,,170.00,100 גרם,false,,21.90,0.1288,true,1,106009
8801055709465,false,אבקה להכנת משקה קפה בטעם קפוצ'ינו וניל,נסטלה קוריאה - קפה,DE,נסקפה קפוצינו וניל 1,,185.00,"100 מ""ל",false,,21.90,0.1184,true,1,106010
8801055709472,false,נסטלה - נסקפה קפוצ'ינו קלאסי 12.50 גרם * 10,נסטלה קוריאה - קפה,DE,נסקפה קפוצ'ינו קלאסי,,125.00,100 גרם,false,,21.90,0.1752,true,1,106011
8850206250592,false,רוטב צ'ילי סריראצ'ה 540 גרם (מזרח ומערב),יאן וואל יון קו.לטד,TH,רוטב צ'ילי סריראצ'ה,,540.00,100 גרם,false,,19.90,0.0369,true,1,79952
8850389105825,false,סאפה אלוורה ענבים 1ליטר,סאפה פובליק קומפני ל,TH,סאפה משקה אלוורה בטע,,1000.00,100 גרם,false,,15.90,0.0159,true,1,42859
8850389105832,false,משקה אלוורה בטעם תפוחים,סאפה פובליק קומפני ל,TH,סאפה משקה אלוורה בטע,,1000.00,100 גרם,false,,15.90,0.0159,true,1,42860
8850389105849,false,משקה אלוורה בטעם אפרסק,סאפה פובליק קומפני ל,TH,סאפה משקה אלוורה מופ,,1000.00,100 גרם,false,,15.90,0.0159,true,1,42861
8850389115336,false,סאפה מלון בקבוק תריסר 1ל',סאפה פובליק קומפני ל,TH,סאפה משקה אלוורה מלו,,1000.00,100 גרם,false,,15.90,0.0159,true,1,80499
8850632604259,false,חיספוסים ממתק בטעם תות שדה בצורת מקלות,ג'נרל קנדי בעמ,TH,חמצוצים מקלות בטעם ת,,50.00,"100 מ""ל",false,,4.90,0.0980,true,1,31537
8850632604266,false,יוגטה מקלות חמוצות בטעם קולה 50 גרם 24 יח',ג'נרל קנדי בעמ,TH,חמצוצים מקלות בטעם ק,,50.00,"100 מ""ל",false,,4.90,0.0980,true,1,31538
8850632604372,false,יוגטה מקלות חמוצות שטיח - תות שדה 50 גרם,ג'נרל קנדי בעמ,TH,חמצוצים שטיח בטעם תו,,50.00,100 גרם,false,,4.90,0.0980,true,1,31539
8850632604402,false,יוגטה מקלות חמוצות שטיח בטעם מעורב24 יח',"ג'נרל קנדי בע""מ",TH,חמצוצים שטיח בטעם מע,,50.00,"100 מ""ל",false,,4.90,0.0980,true,1,31540
8850632605201,false,חיספוסים ממתק בטעמי פירות בצורת שטיח,הדקלאים אגודת שיתופי,TH,חספוסים תות בננה תפו,,50.00,"100 מ""ל",false,,4.90,0.0980,true,1,31541
8850632606390,false,חיספוסים ממתק חמוץ בטעם אבטיח בצורת שטיח,ג'נרל קנדי בעמ,TH,חיספוסים בטעם אבטיח,,50.00,"100 מ""ל",false,,4.90,0.0980,true,1,48064
8858271002870,false,רוטב פאד תאי מזרח ומ,"ייאן וואל יון בע""מ",TH,רוטב פאד תאי 250מל,,2500.00,100 גרם,false,,11.90,0.0048,true,1,42510
8858271002887,false,רוטב טריאקי 250 מ'ל - מקסצ'אפ,דאנינג יוה פודס קו,TH,רוטב טריאקי 250מל,,250.00,100 גרם,false,,11.90,0.0476,true,1,42511
8858271003020,false,רוטב סויה פורמולה 1 - 700 מ'ל מקסצ'אפ,יאן ונזל יון,TH,רוטב סויה פורמולה מק,,700.00,"100 מ""ל",false,,15.90,0.0227,true,1,42512
8858271003068,false,רוטב סויה מתוקה מקסצ,Yan Wal Yun Corpora,TH,רוטב סויה מתוק כהה 2,,250.00,"100 מ""ל",false,,11.90,0.0476,true,1,42514
8858271004126,false,רוטב חמוץ מתוק 700 מ'ל - מקסצ'אפ,יאן ונזל יון,TH,רוטב חמוץ מתוק מקסצא,,700.00,"100 מ""ל",false,,15.90,0.0227,true,1,42523
8858271004799,false,רוטב צ'ילי מתוק מזרח,יאן ונזל יון,TH,רוטב צילי מתוק 700 מ,,700.00,100 גרם,false,,11.90,0.0170,true,1,51695
8858271005451,false,רוטב סויה פורמולה מק,Yan Wal Yun Corpora,TH,רוטב סויה פורמולה מק,,250.00,100 גרם,false,,10.90,0.0436,true,1,54255
8901314525055,false,רביעיית מברשת שיניים,,,מברשת שיניים קולגייט,יחידה,0.00,יחידה,false,,10.90,0.0000,true,1,107611
8901537024014,false,"אורז בסמטי מובחר 1 ק""ג - דוואט) יורה דיעה",הנסיך- מפעל לייצור ט,IN,אורז בסמטי דאווט 1קג,,1000.00,100 גרם,false,,12.90,0.0129,true,1,25430
8934878081798,false,"דפי אורז 16 ס""מ 400",Chanh Khang Company,,"דפי אורז 16 ס""מ 400",,400.00,"100 מ""ל",false,,14.90,0.0373,true,1,84562
8934878081811,false,"דפי אורז 22 ס""מ 400 גר'(Trav) ללא גלוטן",דאנינג יוה פודס קו,CN,"דפי אורז 22 ס""מ 400ג",,400.00,"100 מ""ל",false,,14.90,0.0373,true,1,84561
8938505846019,false,"דפי אורז עגול גדול 22 ס""מ 250 גר'",,,דפי אורז 250גר,,250.00,"100 מ""ל",false,,9.90,0.0396,true,1,89138
8959286455405,false,תנור קוורץ בנטון BT,,,תנור קוורץ בנטון BT,יחידה,0.00,יחידה,false,,69.90,0.0000,true,1,104176
9000101375268,false,ברף סבון אסלה בניחוח,,,ברף דקלס בניחוח יסמי,יחידה,0.00,יחידה,false,,16.90,0.0000,true,1,107591
9000101375299,false,ברף סבון אסלה בניחוח,,,ברף דלקס בניחוח מגנו,יחידה,0.00,יחידה,false,,16.90,0.0000,true,1,107590
9000101509069,false,ברף - סבון אסלה ג'ל גשם אביב שלשות,,,ברף בריליאנט ג'ל גשם,יחידה,0.00,יחידה,false,,16.90,0.0000,true,1,107592
9000101509151,false,ברף - סבון אסלה ג'ל אוקיינוס הקרח הצפוני שלשות,,,ברף בריליאנט ג'ל אוק,יחידה,0.00,יחידה,false,,16.90,0.0000,true,1,107593
9000101515817,false,קפסולות ג'ל כביסה לבנה וצבעונית 56 יח' פרסיל,,,פרסיל פאוור קאפס קפס,יחידה,0.00,יחידה,false,,54.90,0.0000,true,1,104785
9000101520965,false,"סבון אסלה בניחוח מתחלף לוטוס עדין במבוק, 3 יחידות",ברף Bref,,סבון אסלה שלישייה -ב,יחידה,0.00,יחידה,false,,16.90,0.0000,true,1,105758
9000101537550,false,פרסיל קאפסולות לכביסה לבנה וצבעונית 52 יח',הנקל סוד,HU,פרסיל פאוור קאפס יונ,יחידה,0.00,יחידה,false,,54.90,0.0000,true,1,105760
9000101537581,false,פרסיל קאפסולות לכביסה צבעונית 52 יחידו,הנקל סוד,HU,פרסיל פאוור קאפס לכב,יחידה,0.00,יחידה,false,,54.90,0.0000,true,1,105761
9001395807015,false,סוכ בננית 300 גר,האוסוירט,,בננית 300 ג,,300.00,100 גרם,false,,10.90,0.0363,true,1,25431
9005835312718,false,"קלרו פירמידה מלח למדיח כלים 1 ק""ג CLARO",יעקבי,AT,מלח למדיח כלים קלאר,,1000.00,100 גרם,false,,13.90,0.0139,true,1,99402
9005835312732,false,"קלרו נוזל הברקה למדיח כלים 500 מ""ל CLARO",יעקבי,AT,נוזל הברקה למדיח כלי,,500.00,100 גרם,false,,13.90,0.0278,true,1,99403
9005835313609,false,קלרו טבליות למדיח כלים 15 יחידות CLARO,,,טבליות למדיח כלים קל,יחידה,0.00,יחידה,false,,10.00,0.0000,true,1,105489
9044400851672,false,סוכריות פז סוגים שונים + 3 מילויים,פז פרודוקשיין,HU,*מבצע* סוכריות פז סו,,25.50,"100 מ""ל",false,,10.90,0.4275,true,1,105864
9310072028743,false,טים טם Tim Tam וופל שוקולד קלאסי,"ארנוטס ביסקוויטס בע""",AU,טים טם אורגינל 200 ג,,200.00,"100 מ""ל",false,,19.90,0.0995,true,1,57229
9310072028750,false,טים טם Tim Tam וופל שוקולד ציפוי כפול,"ארנוטס ביסקוויטס בע""",AU,טים טם דאבל,,200.00,"100 מ""ל",false,,19.90,0.0995,true,1,56796
9720188060108,false,טופוטי ממרח על בסיס סויה בסגנון שמנת 340ג',טופוטי ברנדס אינק.ג',IL,טופוטי ממרח טופו בטע,,340.00,"100 מ""ל",false,,21.90,0.0644,true,1,28703
9771565039125,false,עיתון לאישה,,,עיתון לאישה,יחידה,0.00,יחידה,false,,21.90,0.0000,true,1,22780
9771565051066,false,ידיעות אחרונות יום ו,,,ידיעות שבת,יחידה,0.00,יחידה,false,,11.90,0.0000,true,1,22790
9780204022251,false,קומקום צבעוני בנטון,,,קומקום צבעוני בנטון,יחידה,0.00,יחידה,false,,99.00,0.0000,true,1,108039
