code,internal_code,name,manufacturer_name,manufacture_country,manufacturer_item_description,unit_qty,quantity,unit_of_measure,weighted,qty_in_package,price,unit_of_measure_price,allow_discount,status,item_id
42138105,false,וינסטון סופר סלמס כחול ח,jti,CH,וינסטון סופר סלי,יחידה,1.00,יחידה,false,0,30.00,30.00,false,1,
42164104,false,"קרם NIVEA 60 מ""ל",,IL,"קרם NIVEA 60 מ""ל",מיליליטרים,60.00,"100 מ""ל",false,1,7.90,13.17,true,1,
42182115,false,מסטיק 5 ספירמינט סטיקס40,ריגלי צרפת,FR,5 מנטה עדינה,גרמים,40.00,100 גרם,false,0,5.90,14.75,true,1,
42188889,false,מסטיק פייב אבטיח סטיקס40,ריגלי צרפת,FR,מסטיק 5 אבטיח,גרמים,40.00,100 גרם,false,0,5.90,14.75,true,1,
42269915,false,קרם אינטנסיב ניוואה 200מ,HELLAS BEIERSDORF,DE,קרם ניוואה,מיליליטרים,200.00,"100 מ""ל",false,1,24.90,12.45,true,1,
54051140,false,מעדן סויה ט.וניל 125*4גר,אלפרו C.V.A,BE,מעדן סויה 4 יח',גרמים,500.00,100 גרם,false,0,12.90,2.58,true,1,
54051157,false,מעדן סויה ט.שוקולד125*4ג,אלפרו C.V.A,BE,מעדן סויה 4 יח',גרמים,500.00,100 גרם,false,0,12.90,2.58,true,1,
72940754,false,"מילקי בטעם וניל 170 מ""ל","שטראוס גרופ בע""\מ",IL,מילקי טעם וניל,מיליליטרים,170.00,"100 מ""ל",false,0,2.50,1.47,true,1,
72940761,false,"מילקי בטעם שוקולד 170מ""ל","שטראוס גרופ בע""\מ",IL,מילקי טעם שוקולד,מיליליטרים,170.00,"100 מ""ל",false,0,2.50,1.47,true,1,
72940952,false,"מילקי אקסטרה קצפת 170מ""ל","שטראוס גרופ בע""\מ",IL,מילקי אקסטרה,מיליליטרים,170.00,"100 מ""ל",false,0,2.90,1.71,true,1,
72945308,false,קוביות שמרים לחים אפיה50,"פאקא תעשיות בע""\מ",IL,קוביות שמרים,גרמים,50.00,100 גרם,false,0,2.90,5.80,true,1,
72961209,false,"שמנית חמוצה 15% 200 מ""ל",תנובה,IL,שמנית תנובה 15%,מיליליטרים,200.00,"100 מ""ל",false,0,2.40,1.20,true,1,
72961216,false,"אשד 200 מ""ל",מחלבת אלון תבור,IL,"אשד 200 מ""ל",מיליליטרים,200.00,"100 מ""ל",false,0,1.40,0.70,true,1,
72961223,false,גילה 3%,,IL,גילה 3%,מיליליטרים,200.00,"100 מ""ל",false,0,1.40,0.70,true,1,
72961506,false,פרילי תות 1.5% 125 גרם,מחלבת אלון תבור,IL,פרילי תות,גרמים,125.00,100 גרם,false,0,2.90,2.32,true,1,
72961544,false,באדי תות 3% 125 גרם,מחלבת אלון תבור,IL,מעדן באדי תות 3%,גרמים,125.00,100 גרם,false,0,2.50,2.00,true,1,
72963753,false,שמ.של פעם חמוצה27% 200ג,תנובה,IL,שמנת חמוצה תנובה,גרמים,200.00,100 גרם,false,0,3.70,1.85,true,1,
72964422,false,"יוגורט תנובה 4.5% 200מ""ל",תנובה,IL,יוגורט תנובה4.5%,מיליליטרים,200.00,"100 מ""ל",false,0,2.50,1.25,true,1,
72986233,false,באדי וניל 2%שומן 125 גרם,תנובה,IL,מעדן באדי וניל,גרמים,125.00,100 גרם,false,0,2.50,2.00,true,1,
72986240,false,באדי שוקו 2%שומן 125 גרם,תנובה,IL,מעדן באדי שוקו,גרמים,125.00,100 גרם,false,0,2.50,2.00,true,1,
80769545,false,מנטוס מסטיק בטעם לימון60,"פרפטי ואן מלה ג'ידה,סאן",TR,מנטוס מסטיק,גרמים,60.00,100 גרם,false,1,8.90,14.83,true,1,
80773429,false,מסטיק מנטוס בקבוק תות60ג,"פרפטי ואן מלה ג'\ידה,סאן",TR,מנטוס בקבוק,גרמים,60.00,100 גרם,false,1,8.90,14.83,true,1,
80773443,false,מסטיק  מנטה עדינה בקבוק,"פרפטי ואן מלה ג'\ידה,סאן",TR,מסטיק מנטוס,גרמים,60.00,100 גרם,false,1,8.90,14.83,true,1,
80776307,false,מסטיק פירות מנטה בקבוק90,---,TR,מסטיק מנטוס,גרמים,90.00,100 גרם,false,1,14.90,16.56,true,1,
80780595,false,מסטיק מנטה עדינה בקבוק90,---,TR,מסטיק מנטוס,גרמים,90.00,100 גרם,false,1,14.90,16.56,true,1,
80790990,false,מסטיק פירות מנטה בקבוק,"פרפטי ואן מלה ג'\ידה,סאן",TR,מסטיק מנטוס,גרמים,60.00,100 גרם,false,1,8.90,14.83,true,1,
80794233,false,מסטיק מנטוס מנטה בקבוק90,---,TR,מסטיק מנטוס,גרמים,90.00,100 גרם,false,1,14.90,16.56,true,1,
80804697,false,מסטיק מנטוס מנטה מתוקה,פרפטי ואן מלה,TR,מסטיק מנטוס,גרמים,105.00,100 גרם,false,1,14.90,14.19,true,1,
80831402,false,"סוכ.מנטה עדינה לל""ס21ג",פרפטי ואן מלה,NL,סוכריות מנטה,גרמים,21.00,100 גרם,false,1,6.90,32.86,true,1,
80843184,false,מסטיק פיורפרש ענבים60גר,---,TR,מסטיק מנטוס,גרמים,60.00,100 גרם,false,1,8.90,14.83,true,1,
80850885,false,מנטוס וויט מנטה עדינה60ג,פרפטי ואן מלה,TR,מנטוס וויט,גרמים,60.00,100 גרם,false,0,8.90,14.83,true,1,
80854753,false,"סוכ.מנטוס מנטה לל""ס21גרם",פרפטי ואן מלה,NL,סוכריות מנטוס,גרמים,21.00,100 גרם,false,1,6.90,32.86,true,1,
80862130,false,מסטיק מנטוס טעם אבטיח28ג,---,TR,מסטיק מנטוס,גרמים,28.00,100 גרם,false,1,4.30,15.36,true,1,
80862260,false,מנטוס פיור מנטה מתוק150ג,"פרפטי ואן מלה ג'ידה,סאן",TR,מנטוס פיור ווייט,גרמים,150.00,100 גרם,false,1,15.90,10.60,true,1,
80864295,false,מנטוס פיורוויט מנטה עדין,"פרפטי ואן מלה ג'ידה,סאן",TR,מנטוס פיור וויט,גרמים,60.00,100 גרם,false,1,8.90,14.83,true,1,
80896081,false,מסטיק מנטוס אבטיח60גרם,"פרפטי ואן מלה ג'\ידה,סאן",TR,מנטוס בקבוק,גרמים,60.00,100 גרם,false,1,8.90,14.83,true,1,
80913467,false,מסטיק מנטוס מנטה בקבוק60,פרפטי ואן מלה,TR,מסטיק מנטוס,גרמים,60.00,100 גרם,false,1,8.90,14.83,true,1,
80926481,false,מסטיק מנטוס אבטיח90גרם,"פרפטי ואן מלה ג'ידה,סאן",TR,מסטיק מנטוס,גרמים,90.00,100 גרם,false,1,14.90,16.56,true,1,
80945468,false,מנטוס פיורוויט מנטה מתוק,"פרפטי ואן מלה ג'ידה,סאן",TR,מנטוס פיור וויט,גרמים,60.00,100 גרם,false,1,8.90,14.83,true,1,
80954521,false,מסטיק מנטוס טעם תות 28גר,---,TR,מסטיק מנטוס,גרמים,28.00,100 גרם,false,1,4.30,15.36,true,1,
80979128,false,מסטיק פיורפרש דובדבן60ג,---,TR,מסטיק מנטוס,גרמים,60.00,100 גרם,false,1,8.90,14.83,true,1,
80982470,false,מסטיק מנטוס מנטה חזקה60ג,---,TR,מסטיק מנטוס,גרמים,60.00,100 גרם,false,1,8.90,14.83,true,1,
80986348,false,מנטוס פיור וויט מנטה60ג,"פרפטי ואן מלה ג'ידה,סאן",TR,מנטוס פיור וויט,גרמים,60.00,100 גרם,false,1,8.90,14.83,true,1,
11835210786,false,שוק.חלב ללא סו,,IL,שוק.חלב ללא סו,גרמים,100.00,100 גרם,false,0,14.90,14.90,true,1,
11835211998,false,"שוק.מריר ללת""ס",,IL,"שוק.מריר ללת""ס",גרמים,100.00,100 גרם,false,0,14.90,14.90,true,1,
11835212001,false,שוקולד לבן,,IL,שוקולד לבן,גרמים,100.00,100 גרם,false,0,14.90,14.90,true,1,
12345678844,false,ראש סלרי גדול במיוחד מחי,,IL,ראש סלרי גדול במ,יחידה,1.00,יחידה,false,1,9.90,9.90,true,1,
16000423534,false,קראנצי שיבולת ושוקולד5יח,ג'נרל מילס סאן אדריאן,ES,חטיף נייצ'ר ואלי,גרמים,210.00,100 גרם,false,0,12.90,6.14,true,1,
16000548404,false,חטיף נייטשר וואלי דבש5יח,ג'נרל מילס סאן אדריאן,ES,חטיף נייטשר ואלי,גרמים,210.00,100 גרם,false,0,12.90,6.14,true,1,
16000548503,false,נייטשר וואלי מייפל 5יח,ג'נרל מילס סאן אדריאן,ES,חטיף נייטשר ואלי,גרמים,210.00,100 גרם,false,0,12.90,6.14,true,1,
16000548602,false,נייטשר וואלי קינמון 5יח,ג'נרל מילס סאן אדריאן,ES,חטיף נייטשר ואלי,גרמים,210.00,100 גרם,false,0,12.90,6.14,true,1,
16000548909,false,חט.נייטשר וואלי מעורב5יח,ג'נרל מילס סאן אדריאן,ES,חטיף נייטשר ואלי,גרמים,210.00,100 גרם,false,0,12.90,6.14,true,1,
20748221390,false,סרטים 9- גומיות דודו,,IL,סרטים 9- גומיות,יחידה,1.00,יחידה,false,1,14.90,14.90,true,1,
20748221451,false,גומיות 42 חום שחור דודו,,IL,גומיות חום שחור,יחידה,1.00,יחידה,false,1,16.90,16.90,true,1,
21859040375,false,תערובת קטניות+מינסטרונה,,IL,תערובת קטניות,יחידה,1.00,יחידה,false,1,9.90,9.90,true,1,
21859046162,false,ד.בוקר באנץ' קראנץ' 453ג,גליסטר מארי לי,US,דגני בוקר 453גרם,גרמים,453.00,100 גרם,false,1,24.90,5.50,true,1,
21859046179,false,טבעות דגנים עם דבש 397 ג,גליסטר,US,טבעות דגנים,גרמים,397.00,100 גרם,false,1,29.90,7.53,true,1,
21859046209,false,ד.בוקר קריספי רייס 368גר,גליסטר,US,דגני בוקר ק368ג,גרמים,368.00,100 גרם,false,1,24.90,6.77,true,1,
21859046230,false,דגני בוקר חיטה תפוחה,בנזלס,IL,דגני בוקר חיטה,גרמים,510.00,100 גרם,false,1,29.90,5.86,true,1,
21859046254,false,דגני בוקר פירות 425 גרם,גליסטר,US,דגני בוקר פירות,גרמים,425.00,100 גרם,false,1,29.90,7.04,true,1,
21859050251,false,תחתית פאי אפויה 170 גרם,,US,תחתית פאי 170גרם,גרמים,170.00,100 גרם,false,0,12.90,7.59,true,1,
21859050305,false,תחתית פאי אפויה שוקולד,,US,תחתית פאי אפויה,גרמים,170.00,100 גרם,false,1,13.90,8.18,true,1,
22200941525,false,ספיד סטיק רגולר דאודורנט,,IL,ספיד סטיק רגולר,גרמים,85.00,100 גרם,false,1,12.90,15.18,true,1,
23005004514,false,רוטב חמוציות 454 גרם,ניישנוייד פודס,CA,רוטב חמוציות454ג,גרמים,454.00,100 גרם,false,1,9.50,2.09,true,1,
25675013155,false,עוגיות מיני טריוס וניל,טריהאוס,US,עוגיות טריוס,גרמים,227.00,100 גרם,false,1,12.90,5.68,true,1,
25675015159,false,פריכיות,,,פריכיות,גרמים,155.00,100 גרם,false,0,5.90,3.81,true,1,
25675015289,false,פריכיות דגנים,,,פריכיות דגנים,גרמים,140.00,100 גרם,false,0,5.90,4.21,true,1,
25675015487,false,מיני פריכיות אורז מצופ40,,IL,פריכיות אורז,גרמים,40.00,100 גרם,false,1,4.90,12.25,true,1,
25675015517,false,פריכיות אורז עגולות פשקס,,IL,פריכיות אורז עגו,יחידה,1.00,יחידה,false,1,3.90,3.90,true,1,
25675015562,false,פריכיות דגנים פשקס,,IL,פריכיות דגנים,יחידה,1.00,יחידה,false,1,3.90,3.90,true,1,
25675017054,false,"דגני תירס ""פשקס"" 396 גרם",,IL,"דגני תירס ""פשקס"" 396 גרם",גרמים,396.00,100 גרם,false,0,18.90,4.77,true,1,
25675060913,false,טידביטס שיבולת שועל פשקס,,IL,טידביטס שיבולת ש,יחידה,1.00,יחידה,false,1,1.90,1.90,true,1,
25675061101,false,בייגל שטוח מלוח פשקס,,IL,בייגל שטוח מלוח,יחידה,1.00,יחידה,false,1,3.90,3.90,true,1,
25675061156,false,בייגל לבבות שטוח,,,בייגל לבבות שטוח,יחידה,1.00,יחידה,false,0,3.90,3.90,true,1,
25675094703,false,לקקן טופי דובדבן,,,לקקן טופי דובדבן,גרמים,540.00,100 גרם,false,0,15.90,2.94,true,1,
25675094710,false,לקקן טופי בטעם יוגורט,DORI,BR,לקקן טופי 50 יח,יחידה,1.00,יחידה,false,1,15.90,15.90,true,1,
25675094741,false,לקקן טופי פטל,,,לקקן טופי פטל,גרמים,540.00,100 גרם,false,0,15.90,2.94,true,1,
25675120006,false,חמצוצים 4 צבעים 100 גרם,פאסין ב.ו,NL,חמצוצים,גרמים,100.00,100 גרם,false,0,5.90,5.90,true,1,
25675120037,false,םרג 100 תות םעטב םיצוצמח,ירוג,NL,חמצוצים תות,גרמים,100.00,100 גרם,false,0,5.90,5.90,true,1,
25675120044,false,םרג100 חופת םעטב םיצוצמח,ירוג,NL,חמצוצים טעם תפוח,גרמים,100.00,100 גרם,false,0,5.90,5.90,true,1,
25675120068,false,םרג100 הלוק םעטב םיצוצמח,ירוג,NL,חמצוצים קולה,גרמים,100.00,100 גרם,false,0,5.90,5.90,true,1,
25675120358,false,גלי בינס פירות,,,גלי בינס פירות,גרמים,113.00,100 גרם,false,0,3.90,3.45,true,1,
25675120525,false,טופי קוביות חמוץ 113 גרם,בראסאימפורט טרנסטרסה,BR,טופי קוביות חמוץ,גרמים,113.00,100 גרם,false,1,3.90,3.45,true,1,
25675121270,false,אקווה טשוס שקית לתליה יח,,IL,אקווה טשוס שקית,יחידה,1.00,יחידה,false,1,2.90,2.90,true,1,
25675122185,false,פרוט סנאק בטעם פירות .,,IL,פרוט סנאק בטעם פ,יחידה,1.00,יחידה,false,1,7.90,7.90,true,1,
25675124813,false,מרשמלו פירות     225 גרם,,IL,מרשמלו פירות     225 גרם,גרמים,225.00,100 גרם,false,0,9.90,4.40,true,1,
25675124974,false,טופי חמוץ מיקס פירות יער,,IL,טופי חמוץ מיקס,יחידה,1.00,יחידה,false,1,3.90,3.90,true,1,
25675125414,false,פרוט רילס פירות,,,פרוט רילס פירות,יחידה,1.00,יחידה,false,0,11.90,11.90,true,1,
25675300101,false,מילק מאנצ' 50 גרם,,IL,מילק מאנצ' 50 גרם,גרמים,50.00,100 גרם,false,0,3.90,7.80,true,1,
25675300217,false,סוכריות סופר מינטס .,,IL,סוכריות סופר מינ,יחידה,1.00,יחידה,false,1,3.90,3.90,true,1,
25675300231,false,נאטי צ'וז בר 50 גרם,.,IL,נאטי צ'וז בר,גרמים,50.00,100 גרם,false,0,3.90,7.80,true,1,
25675300262,false,סוכריות סופר מינטס .,,IL,סוכריות סופר מינ,יחידה,1.00,יחידה,false,1,3.90,3.90,true,1,
25675303256,false,פופלס שפופרת,,IL,פופלס שפופרת,יחידה,1.00,יחידה,false,1,2.90,2.90,true,1,
25675705555,false,בצל מטוגן פריך 150 גרם,איסטרוניקס,IL,בצל מטוגן פריך 150 גרם,גרמים,150.00,100 גרם,false,1,8.90,5.93,true,1,
25675705654,false,בצל מטוגן פריך 400 גרם,איסטרוניקס,IL,בצל מטוגן פריך,גרמים,400.00,100 גרם,false,1,11.90,2.98,true,1,
25675845695,false,ג'לי תולעים חמוצות-קופסא,,IL,ג'לי תולעים חמוצ,יחידה,1.00,יחידה,false,1,8.90,8.90,true,1,
25675950429,false,אודלס סביבון 12 יח} 192ג,צאוזי גונדילונג פוד,CN,אודלס סביבון,גרמים,192.00,100 גרם,false,1,11.90,6.20,true,1,
27000442128,false,רוטב סלופי hunt manwich,,IL,רוטב סלופי manwi,גרמים,439.00,100 גרם,false,1,14.90,3.39,true,1,
27271115288,false,רוטב תיבול חרדל ודבש 355,,IL,רוטב חרדל ודבש,מיליליטרים,355.00,"100 מ""ל",false,1,22.90,6.45,true,1,
35057690027,false,אבקה להכנת שוקו חלבי 284,,IL,אבקה להכנת שוקו,גרמים,284.00,100 גרם,false,1,32.90,11.58,true,1,
35057690041,false,אבקה להכנת שוקו חלבי ללס,,IL,אבקה להכנת שוקו,גרמים,119.00,100 גרם,false,1,32.90,27.65,true,1,
35057692007,false,אבקה להכנת קפוצ',,,אבקה להכנת קפוצ',יחידה,1.00,יחידה,false,0,27.90,27.90,true,1,
36000487398,false,טישיו קלינקס בקופסא 100,,IL,טישיו קלינקס בקו,יחידה,1.00,יחידה,false,1,8.90,8.90,true,1,
41457042526,false,סרטי צבעוני,,,סרטי צבעוני,יחידה,1.00,יחידה,false,0,14.90,14.90,true,1,
41457108345,false,סיליקון צבעוני,,,סיליקון צבעוני,יחידה,1.00,יחידה,false,0,16.90,16.90,true,1,
41457436295,false,גומיות לשיער ג'ודי שחורו,,IL,גומיות לשיער ג'ו,יחידה,1.00,יחידה,false,1,14.90,14.90,true,1,
41457673003,false,גומיות איכותיות לתינוקות,,IL,גומיות איכותיות,יחידה,1.00,יחידה,false,1,14.90,14.90,true,1,
42400037002,false,דגני בוקר בטעם פירות,פוסט פודס,US,דגני בוקר,גרמים,368.00,100 גרם,false,1,22.90,6.22,true,1,
43427000130,false,פרכיות אורז ציפוי שוקולד,KZP,PL,פרכיות אורז 90ג,גרמים,90.00,100 גרם,false,1,8.90,9.89,true,1,
43427000321,false,פריכיות תירס ליברס 90 גר,KZP,PL,פריכיות תירס 90ג,גרמים,90.00,100 גרם,false,1,5.90,6.56,true,1,
43427000338,false,פריכיות אורז דקיקות מלוח,KZP,PL,פריכיות אורז90ג,גרמים,90.00,100 גרם,false,1,5.90,6.56,true,1,
43427000345,false,פריכיות אורז דגנים 90גרם,KZP,PL,פריכיות אורז 90ג,גרמים,90.00,100 גרם,false,1,5.90,6.56,true,1,
43427000581,false,מחית דובדבן לייט לפאי 56,בורנט פודס אינק,US,מחית דובדבן לייט,גרמים,567.00,100 גרם,false,1,24.90,4.39,true,1,
43427001038,false,עוגיות סנדויץ מיני וניל,טרי האוז פודס,US,עוגיות סנדויץ,יחידה,1.00,יחידה,false,1,5.90,5.90,true,1,
43427001359,false,מארז ג'לי פרוט סנפס 28*6,מיה,IL,מארז ג'לי פרוט,גרמים,168.00,100 גרם,false,1,12.90,7.68,true,1,
43427001496,false,רוטב ספייסי מיו 454 גרם,אם אס אר,TH,רוטב ספייסי מיו,גרמים,454.00,100 גרם,false,1,19.90,4.38,true,1,
43427001991,false,מגה קנדי בוטנס 57 גרם,סנרייז,US,מגה קנדי בוטנס,גרמים,56.00,100 גרם,false,1,12.90,23.04,true,1,
43427002103,false,תרסיס שמן קנולה 142 גרם,פולמר דוולופמנט,US,תרסיס שמן קנולה,גרמים,142.00,100 גרם,false,1,14.90,10.49,true,1,
43427002929,false,פריכיות אורז בציפוי שוקו,,IL,פריכיות אורז,גרמים,105.00,100 גרם,false,1,9.90,9.43,true,1,
43427003025,false,ליברס רוטב פיצה,,,ליברס רוטב פיצה,יחידה,1.00,יחידה,false,0,14.90,14.90,true,1,
43427003032,false,ליברס רוטב לספגט,,,ליברס רוטב לספגט,יחידה,1.00,יחידה,false,0,14.90,14.90,true,1,
43427003919,false,שקיות רשת לבישול 8 יח',,IL,שקיות לבישול 8יח,יחידה,1.00,יחידה,false,1,9.90,9.90,true,1,
43427004619,false,רוטב ברווז חמוץ מתוק 793,אם אס ער,TH,רוטב ברווז חמוץ.,גרמים,793.00,100 גרם,false,1,19.90,2.51,true,1,
43427005234,false,"מיץ רימונים טבעי 946 מ""ל",מישיגן פוד פרוססורס,US,מיץ רימונים טבעי,מיליליטרים,946.00,"100 מ""ל",false,1,35.20,3.72,true,1,
43427007559,false,מלפפונים חמוצים קטן 720,קיי איי פי,IN,מלפפונים חמוצים,מיליליטרים,720.00,"100 מ""ל",false,1,17.90,2.49,true,1,
43427011020,false,"סוכריות בטעם פירות כשל""פ",מיה,IL,סוכריות פירות,גרמים,255.00,100 גרם,false,1,17.90,7.02,true,1,
43427011525,false,"פרוסות פלפל חריף 473 מ""ל",,US,פרוסות פלפל חריף,מיליליטרים,473.00,"100 מ""ל",false,1,19.90,4.21,true,1,
43427019002,false,רסק תפוחים ללא סוכר כשלפ,אינדיאן סאמר,US,רסק תפוחים,קילוגרמים,1.36,"ק""ג",false,1,19.90,14.63,true,1,
43427030328,false,עוגיות עם ציפוי,,,עוגיות עם ציפוי,יחידה,1.00,יחידה,false,0,9.90,9.90,true,1,
43427101332,false,סירופ תירס בהיר 340 גרם,,US,סירופ תירס 340 ם,מיליליטרים,355.00,"100 מ""ל",false,1,14.90,4.20,true,1,
43427111102,false,סוכריות כפתורים חמוץ מתו,סנרייז,US,סוכריות כפתורים,גרמים,56.00,100 גרם,false,1,12.90,23.04,true,1,
43427111195,false,פרכיות אורז ציפוי שוקולד,KZP,PL,פרכיות אורז90גרם,גרמים,90.00,100 גרם,false,1,8.90,9.89,true,1,
43427111898,false,מלפפונים חמוצים קטן מאוד,קיי איי פי,IN,מלפפונים חמוצים,מיליליטרים,720.00,"100 מ""ל",false,1,17.90,2.49,true,1,
43427112093,false,תרסיס שמן זית 142 גרם,,IL,תרסיס שמן זית,גרמים,142.00,100 גרם,false,1,22.90,16.13,true,1,
43427113243,false,רוטב צ'ילי מתוק משי מנופ,,IL,רוטב צ'ילי מתוק,גרמים,425.00,100 גרם,false,1,24.90,5.86,true,1,
43427124102,false,"מיץ שזיפים ליברס 946 מ""ל",אינדיאן סאמר,US,מיץ שזיפים ליברס,מיליליטרים,946.00,"100 מ""ל",false,1,20.20,2.14,true,1,
43427130516,false,קרקר מלוח סנקרס 388 גרם,ביי וואלי פודס,US,קרקר מלוח ליברס,גרמים,388.00,100 גרם,false,1,21.90,5.64,true,1,
43427153010,false,רביעיית מיץ תפוחים 200X4,,CA,מיץ תפוחים,מיליליטרים,800.00,"100 מ""ל",false,1,15.90,1.99,true,1,
43427154000,false,ממתק ג'לי סאורס  255 גרם,מיה,IL,ממתק ג'לי סאורס,גרמים,255.00,100 גרם,false,1,14.90,5.84,true,1,
43427160407,false,מחית דובדבן לפאי 595 גרם,בורנט פודס אינק,US,מחית דובדבן,גרמים,595.00,100 גרם,false,1,24.90,4.18,true,1,
43427160414,false,"מלית אוכמניות לפאי LIBE""",,IL,מלית אוכמניות,גרמים,595.00,100 גרם,false,1,29.90,5.03,true,1,
43427170161,false,עוגיות שוקו.ציפס 397 גרם,ביי וואלי פודס,US,עוגיות שוקו.ציפס,גרמים,397.00,100 גרם,false,0,22.90,5.77,true,1,
43427176002,false,"שמן אבוקדו ""ליברס"" 500מל",ווברס,US,שמן אבוקדו,מיליליטרים,500.00,"100 מ""ל",false,1,39.90,7.98,true,1,
43427180016,false,"רסק תפוחים ללת""ס 680 גרם",אינדיאן סאמר,US,"רסק תפוחים  ללת""",גרמים,680.00,100 גרם,false,1,16.90,2.49,true,1,
43427180276,false,בייגלך עם דבש 240 גרם,בנזל'ס,US,בייגלך עם דבש,גרמים,240.00,100 גרם,false,1,9.90,4.13,true,1,
43427181044,false,קורן ציפס חטיף תירס 28 ג,ביקל'ס סנק פודס,US,חטיף תירס,גרמים,28.00,100 גרם,false,1,3.90,13.93,true,1,
43427181129,false,קורן ציפס חטיף תירס 28 ג,ביקל'ס סנק פודס,US,חטיף תירס,גרמים,28.00,100 גרם,false,1,3.90,13.93,true,1,
43427181150,false,חטיף צ'יפס תירס ליברס312,,IL,צ'יפס תירס ליברס,גרמים,312.00,100 גרם,false,1,13.90,4.46,true,1,
43427182010,false,בייגלה מקלות 340 גרם,,IL,בייגלה מקלות,גרמים,340.00,100 גרם,false,1,10.90,3.21,true,1,
43427182034,false,בייגלה שמיניות עבים,בנזלס,US,בייגלה שמיניות,גרמים,340.00,100 גרם,false,1,10.90,3.21,true,1,
43427182119,false,בייגלה 340 גרם,בנזלס,US,בייגלה צמות,גרמים,340.00,100 גרם,false,1,10.90,3.21,true,1,
43427189002,false,רסק תפוחים בתוספת סוכר,אינדיאן סאמר,US,רסק תפוחים,קילוגרמים,1.36,"ק""ג",false,1,19.90,14.63,true,1,
43427192330,false,ממתק ג'לי בינס,,,ממתק ג'לי בינס,יחידה,1.00,יחידה,false,0,13.90,13.90,true,1,
43427192354,false,ממתק ג'לי פיש 255 גרם,מיה,IL,ממתק ג'לי פיש,גרמים,255.00,100 גרם,false,1,13.90,5.45,true,1,
43427195157,false,אבקה להכנת מרק 78 גרם,אלייד פודס,US,אבקה להכנת מרק,גרמים,78.00,100 גרם,false,1,11.90,15.26,true,1,
43427195843,false,סוכריות טופי בטעמי פירות,,IL,סוכריות טופי בטע,גרמים,200.00,100 גרם,false,1,8.90,4.45,true,1,
43427199001,false,חומץ תפוחים אורגני 500מל,אקובינאל,ES,חומץ תפוחים,מיליליטרים,500.00,"100 מ""ל",false,1,15.90,3.18,true,1,
43427200134,false,רוטב חמוציות ג'לי,,CA,רוטב חמוציות ג'ל,גרמים,454.00,100 גרם,false,1,14.90,3.28,true,1,
43427200608,false,פירורי לחם אמריקאי 425 ג,אימפריאל פודס,US,פירורי לחם,גרמים,425.00,100 גרם,false,1,11.90,2.80,true,1,
43427200615,false,פירורי לחם מתובלים 425 ג,אימפריאל פודס,US,פירורי לחם מתובל,גרמים,425.00,100 גרם,false,1,11.90,2.80,true,1,
43427201056,false,"טבעות זיתים בצנצנת LIBE""",.,IL,טבעות זיתים צנצנ,גרמים,198.00,100 גרם,false,1,11.90,6.01,true,1,
43427201483,false,רוטב סריראצה 454 גרם,אם אס אר,TH,רוטב סריראצה,גרמים,454.00,100 גרם,false,1,19.90,4.38,true,1,
43427222136,false,פריכיות בציפוי שוקולד מש,,IL,פריכיות בציפוי ש,גרמים,90.00,100 גרם,false,1,9.90,11.00,true,1,
43427222143,false,פרורי תירס 340 גרם,סנטי,PL,פרורי תירס 340 ג,גרמים,340.00,100 גרם,false,1,14.90,4.38,true,1,
43427222600,false,"רוטב סויה ליברס 296 מ""ל",באהקו פוד קו,TH,רוטב סויה,מיליליטרים,296.00,"100 מ""ל",false,1,9.90,3.34,true,1,
43427222617,false,רוטב סויה מופחת נתרן 296,באהקו פוד קו,TH,רוטב סויה,מיליליטרים,296.00,"100 מ""ל",false,1,9.90,3.34,true,1,
43427222624,false,"רוטב טריאקי ליברס 296 מ""",באהקו פוד קו,TH,רוטב טריאקי,מיליליטרים,296.00,"100 מ""ל",false,1,9.90,3.34,true,1,
43427225069,false,רוטב פיצה 680 גרם,פי אל פודס,US,רוטב פיצה,גרמים,680.00,100 גרם,false,1,13.90,2.04,true,1,
43427240017,false,"חומץ בלסמי אורגני 500מ""ל",,IL,חומץ בלסמי,מיליליטרים,500.00,"100 מ""ל",false,1,19.90,3.98,true,1,
43427245005,false,מחית תפוחים פאוץ ממותק,,IL,מחית תפוחים ממות,גרמים,360.00,100 גרם,false,1,11.90,3.31,true,1,
43427247009,false,מחית תפוחים עם תות פאוץ,,IL,מחית תפוחים עם ת,יחידה,1.00,יחידה,false,1,11.90,11.90,true,1,
43427269001,false,"ספריי שמן אבוקדו 146 מ""ל",פולמר דוולופמנט,US,ספריי שמן אבוקדו,מיליליטרים,146.00,"100 מ""ל",false,1,29.90,20.48,true,1,
43427271004,false,"חומץ טבעי 5% כשל""פ 473מל",אקובינאל,ES,חומץ טבעי,גרמים,510.00,100 גרם,false,1,4.90,0.96,true,1,
43427350105,false,רסק תפוחים ממותק שישיות,אינדיאן סאמר,IL,רסק תפוחים,גרמים,680.00,100 גרם,false,1,16.90,2.49,true,1,
43427351003,false,"שישייה רסק תפוחים ללת""ס",אינדיאן סאמר,US,רסק תפוחים,גרמים,680.00,100 גרם,false,1,16.90,2.49,true,1,
43427401401,false,מארז ג'לי פרוט סנפס,,IL,מארז ג'לי פרוט ס,גרמים,28.00,100 גרם,false,1,12.90,46.07,true,1,
43427401418,false,מארז ג'לי פרוט סנפס משי,,IL,מארז ג'לי פרוט ס,גרמים,28.00,100 גרם,false,1,12.90,46.07,true,1,
43427700665,false,ממרח חרדל ליברס 397 גרם,וואברס מנפקטורינג קומפני,US,ממרח חרדל ליברס.,גרמים,397.00,100 גרם,false,1,7.90,1.99,true,1,
43427721103,false,"רוטב אלף האיים כשל""פ",פרימה,IL,רוטב אלף האיים,מיליליטרים,473.00,"100 מ""ל",false,1,14.90,3.15,true,1,
43427890007,false,זיתים מנזלינו ממולאים,,ES,זיתים ממולאים,גרמים,283.00,100 גרם,false,1,12.90,4.56,true,1,
44164000544,false,נר נשמה בפחית,,IL,נר נשמה בפחית,יחידה,1.00,יחידה,false,0,1.90,1.90,true,1,
44164001138,false,נר נשמה דונג 26 שעות שרג,,IL,נר נשמה דונג,יחידה,1.00,יחידה,false,1,6.90,6.90,true,1,
44164001398,false,נר נשמה שבועי,,IL,נר נשמה שבועי,יחידה,1.00,יחידה,false,0,9.90,9.90,true,1,
44164001848,false,כוסיות לנרונים 2 יחידות,---,IL,כוסיות לנרונים,יחידה,1.00,יחידה,false,0,8.90,8.90,true,1,
44164002890,false,נר שמן זית 48 שעות שרגא,,IL,נר 48 שעות זית,יחידה,1.00,יחידה,false,1,5.90,5.90,true,1,
44164002999,false,נר שבועי שמן זית שרגא,,IL,נר שבועי שמן זית,יחידה,1.00,יחידה,false,1,18.90,18.90,true,1,
44164005044,false,נר הבדלה צבעוני,,IL,נר הבדלה צבעוני,יחידה,1.00,יחידה,false,0,7.50,7.50,true,1,
44164005112,false,נר הבדלה דונג,,IL,נר הבדלה דונג,יחידה,1.00,יחידה,false,0,7.50,7.50,true,1,
44164027893,false,פתיל צף עגול שרגא יחי',,IL,פתיל צף עגול שרג,יחידה,1.00,יחידה,false,1,1.90,1.90,true,1,
44164053946,false,פתיל צף מוכן שרגא 50 יחי,,IL,פתיל צף מוכן שרג,יחידה,1.00,יחידה,false,1,3.90,3.90,true,1,
44164063914,false,פתיל צף מוכן שרגא יחי',,IL,פתיל צף מוכן שרג,יחידה,1.00,יחידה,false,1,3.90,3.90,true,1,
44164095694,false,פתיל צף עגול גדול שרגא י,,IL,פתיל צף עגול גדו,יחידה,1.00,יחידה,false,1,2.90,2.90,true,1,
44164102347,false,נרונים 3 שעות 72 יחי,---,,נרונים 3 שעות,יחידה,1.00,יחידה,false,1,19.90,19.90,true,1,
44164102385,false,"נרונים 4 שעות ""ש",,IL,"נרונים 4 שעות ""ש",יחידה,1.00,יחידה,false,0,25.90,25.90,true,1,
44164102453,false,"נרונים 6 שעות ""ש",,IL,"נרונים 6 שעות ""ש",יחידה,1.00,יחידה,false,0,31.90,31.90,true,1,
44164103382,false,נרונים משמן זית 36 יח',,IL,נרונים משמן זית,יחידה,1.00,יחידה,false,1,17.90,17.90,true,1,
44164105454,false,נרונים 5 שעות שרגא 72 יח,---,,נרונים 5 שעות,יחידה,1.00,יחידה,false,1,25.90,25.90,true,1,
44164292987,false,נרונים 4 שעות להבה,,IL,נרונים 4 שעות לה,יחידה,1.00,יחידה,false,1,18.90,18.90,true,1,
44164313835,false,נר נשמה 48 שעות,,,נר נשמה 48 שעות,יחידה,1.00,יחידה,false,0,3.90,3.90,true,1,
44164341142,false,נר זיכרון 7 ימים,,IL,נר זיכרון 7 ימים,יחידה,1.00,יחידה,false,1,8.90,8.90,true,1,
44164364820,false,נר נשמה 24 שעות,,,נר נשמה 24 שעות,יחידה,1.00,יחידה,false,0,1.90,1.90,true,1,
44164369962,false,נר זיכרון 9 ימים יחידה,,IL,נר זיכרון 9 ימים,יחידה,1.00,יחידה,false,1,11.90,11.90,true,1,
44164385221,false,נר זיכרון 3 ימים,,IL,נר זיכרון 3 ימים,יחידה,1.00,יחידה,false,1,5.50,5.50,true,1,
44164389793,false,נר נשמה שבועי,,,נר נשמה שבועי,יחידה,1.00,יחידה,false,0,8.90,8.90,true,1,
44600300580,false,קלין אפ אקונומיקה946מל,חב'\ כלורוקס,US,כלורוקס קלין אפ,מיליליטרים,946.00,"100 מ""ל",false,1,13.90,1.47,true,1,
46676133116,false,גושי טונה לבנה בשמן סויה,,IL,גושי טונה לבנה ב,גרמים,142.00,100 גרם,false,1,12.90,9.08,true,1,
46676182121,false,גושי טונה לבנה במי מלח מ,,IL,גושי טונה לבנה ב,גרמים,142.00,100 גרם,false,1,12.90,9.08,true,1,
49200056004,false,דומינו סוכר חום כהה 453,,IL,דומינו סוכר חום,גרמים,453.00,100 גרם,false,1,11.90,2.63,true,1,
49200056752,false,דומינו סוכר חום בהיר 453,,IL,דומינו סוכר חום,גרמים,453.00,100 גרם,false,1,11.90,2.63,true,1,
49200906002,false,קוביות סוכר לבן סוכר קני,,IL,קוביות סוכר לבן,גרמים,453.00,100 גרם,false,1,16.90,3.73,true,1,
50702510017,false,עוגיות סנדויץ,,IL,עוגיות סנדויץ,גרמים,300.00,100 גרם,false,0,7.90,2.63,true,1,
50702520139,false,עוגיות סנדויץ,,IL,עוגיות סנדויץ,גרמים,300.00,100 גרם,false,0,7.90,2.63,true,1,
50702530022,false,עוגיות סנדויץ,,IL,עוגיות סנדויץ,גרמים,300.00,100 גרם,false,0,7.90,2.63,true,1,
50702530183,false,עוגיות סנדויץ,,NL,עוגיות סנדויץ,גרמים,300.00,100 גרם,false,0,7.90,2.63,true,1,
51063800014,false,ממתק לדר משמש 21 גרם,ג'וריי,US,ממתק לדר משמש,גרמים,21.00,100 גרם,false,1,3.90,18.57,true,1,
51063800045,false,לדר פשקס יחי,,IL,לדר פשקס,יחידה,1.00,יחידה,false,1,3.90,3.90,true,1,
51500000953,false,קונפיטורת תות שדה סמקרס,,IL,קונפיטורת תות שד,גרמים,340.00,100 גרם,false,1,14.90,4.38,true,1,
51500017470,false,חמאת בוטנ+.ג'לי ענבים340,---,US,חמאת בוטנים,גרמים,340.00,100 גרם,false,1,17.90,5.26,true,1,
52000102475,false,"משקה ספורט דובדבן 591 מ""",,IL,משקה ספורט דובדב,מיליליטרים,591.00,"100 מ""ל",false,1,10.90,1.84,true,1,
52000324860,false,"משקה ספורט מרענן 591 מ""ל",,IL,משקה ספורט מרענן,מיליליטרים,591.00,"100 מ""ל",false,1,10.90,1.84,true,1,
52000328660,false,משקה ספורט פונץ פירות 59,,IL,משקה ספורט פונץ,מיליליטרים,591.00,"100 מ""ל",false,1,10.90,1.84,true,1,
52000328677,false,משקה ספורט תפוז גטורייד,,IL,משקה ספורט תפוז,מיליליטרים,591.00,"100 מ""ל",false,1,10.90,1.84,true,1,
59338102030,false,דלון ואזלין טהור 368 ג',,IL,דלון ואזלין טהור,גרמים,368.00,100 גרם,false,1,9.90,2.69,true,1,
59338132563,false,דלון ואזלין טהור 170 ג',,IL,דלון ואזלין טהור,גרמים,170.00,100 גרם,false,1,7.90,4.65,true,1,
64144090013,false,תרסיס שמן טעם חמאה 148מל,קונגרה,US,תרסיס שמן,מיליליטרים,148.00,"100 מ""ל",false,0,15.90,10.74,true,1,
70970471285,false,מבחר סוכריות ג'לי בטעם,,IL,מייק ואייק טרופי,גרמים,141.00,100 גרם,false,1,8.90,6.31,true,1,
70970471308,false,מייק&אייק ענבים 141 גרם,,IL,מייק&אייק ענבים,גרמים,141.00,100 גרם,false,1,8.90,6.31,true,1,
71300000809,false,פסטה לזניה ronzoni משי,,IL,פסטה לזניה ronz,גרמים,454.00,100 גרם,false,1,17.90,3.94,true,1,
71537001136,false,"פחית רוטביר 355 מ""ל",,IL,פחית רוטביר,יחידה,1.00,יחידה,false,1,5.90,5.90,true,1,
71537001280,false,"פחית דובדבן שחור 355 מ""ל",,IL,פחית דובדבן שחור,יחידה,1.00,יחידה,false,1,5.90,5.90,true,1,
72392949298,false,איגלו ויילרס אורגינל משי,,IL,איגלו ויילרס אור,יחידה,1.00,יחידה,false,1,26.90,26.90,true,1,
73490000065,false,חומץ בן יין אדום קדם,,IL,חומץ בן יין אדום,מיליליטרים,375.00,"100 מ""ל",false,1,15.90,4.24,true,1,
73490124761,false,מרק ירקות ושעורה .,.,IL,מרק ירקות ושעורה,יחידה,1.00,יחידה,false,1,7.90,7.90,true,1,
73490124778,false,מרק אפונה .,.,IL,מרק אפונה .,יחידה,1.00,יחידה,false,1,7.90,7.90,true,1,
73490124785,false,מרק מינסטרונה .,.,IL,מרק מינסטרונה .,יחידה,1.00,יחידה,false,1,7.90,7.90,true,1,
73490128493,false,מיץ ענבים מוגז א,,US,מיץ ענבים מוגז א,מיליליטרים,750.00,"100 מ""ל",false,0,15.90,2.12,true,1,
73490129261,false,חומץ בן יין לבן 375 גרם,,IL,חומץ בן יין לבן,גרמים,375.00,100 גרם,false,0,15.90,4.24,true,1,
73490129919,false,ביסקויט קסטה טעם שוקו,אפיפית,IL,ביסקויט קסטה,גרמים,250.00,100 גרם,false,0,4.90,1.96,true,1,
73490130359,false,"קרם קרקר ""הדר"" 250 גרם",אפיפית,IL,"קרם קרקר ""הדר""",גרמים,250.00,100 גרם,false,0,6.90,2.76,true,1,
73490130656,false,מיץ ענבים קדם לייט לבן,,IL,מיץ ענבים קדם,מיליליטרים,1890.00,"100 מ""ל",false,1,25.90,1.37,true,1,
73490130946,false,פתיבר וניל,,IL,פתיבר וניל,גרמים,500.00,100 גרם,false,0,7.90,1.58,true,1,
73490130953,false,פתיבר שוקו,,IL,פתיבר שוקו,גרמים,500.00,100 גרם,false,0,7.90,1.58,true,1,
73490132865,false,"מיץ ענבים אדום 240 מ""ל",קדם פוד פרודקטסn\,US,מיץ ענבים אדום,מיליליטרים,240.00,"100 מ""ל",false,1,4.90,2.04,true,1,
73490153396,false,מוגז קונקורד,,US,מוגז קונקורד,מיליליטרים,750.00,"100 מ""ל",false,0,15.90,2.12,true,1,
73490153419,false,מיץ ענבים קדם אדום 1.89,קדם פוד פרודקטסn\,US,מיץ ענבים 1.89 ל,ליטרים,1.89,ליטר,false,8,25.90,13.70,true,1,
73490154317,false,מיץ ענבים קדם לבן 1.89,קדם פוד פרודקטסn\,US,מיץ ענבים קדם לב,ליטרים,1.89,ליטר,false,8,25.90,13.70,true,1,
77028162409,false,"רוטב סיני חמוץ מתוק""הדר""",.,IL,רוטב סיני,יחידה,1.00,יחידה,false,1,23.90,23.90,true,1,
77028162416,false,רוטב טיסו .,.,IL,רוטב טיסו .,יחידה,1.00,יחידה,false,1,23.90,23.90,true,1,
77028280905,false,תבשיל פירה להכנה מהירה כ,,IL,תבשיל פירה להכנה,יחידה,1.00,יחידה,false,1,8.90,8.90,true,1,
77245110610,false,סוכריות מאסט מנטה 80 גרם,עלית,PL,סוכריות מאסט,גרמים,80.00,100 גרם,false,0,6.90,8.63,true,1,
78328171801,false,דגני בוקר ריבועי taanug,,IL,ריבועי חיטה ודגנ,גרמים,368.00,100 גרם,false,1,21.90,5.95,true,1,
80660954011,false,בירה קורונה שישייה פרנג',,IL,בירה קורונה שישי,יחידה,1.00,יחידה,false,1,29.90,29.90,true,1,
87752016404,false,יין הר סיני אור הגנוז 20,,IL,יין הר סיני אור,מיליליטרים,750.00,"100 מ""ל",false,1,95.00,12.67,true,1,
97643011395,false,שוקולד שמרלינג חלבי קידס,,IL,שוקולד שמרלינג ח,יחידה,1.00,יחידה,false,1,14.90,14.90,true,1,
97643011647,false,רביעיות רוזמרי מילק 95 ג,מאסטרני,CH,רביעיות רוזמרי,גרמים,95.00,100 גרם,false,1,14.90,15.68,true,1,
97643011920,false,רביעיות רוזמרי מילק חלב,מאסטרני,CH,רביעיות רוזמרי,גרמים,95.00,100 גרם,false,1,14.90,15.68,true,1,
97643011937,false,מונס פרווה .,,IL,מונס פרווה,יחידה,1.00,יחידה,false,1,14.90,14.90,true,1,
97643044041,false,שוקולד שויצרי,,,שוקולד שויצרי,גרמים,100.00,100 גרם,false,0,10.90,10.90,true,1,
97643044546,false,שוקולד מריר100גר,,,שוקולד מריר100גר,גרמים,100.00,100 גרם,false,0,10.90,10.90,true,1,
97643044553,false,שוקולד שויצרי 85% 100 גר,,IL,שוקולד שוויצרי85,גרמים,100.00,100 גרם,false,1,10.90,10.90,true,1,
97643051445,false,שוק.רוזמרי קפוצ'ינו100ג,שמרלינג,,שוק.רוזמרי,גרמים,100.00,100 גרם,false,0,10.90,10.90,true,1,
97643070057,false,שוקולד מריר תפוז,שמרלינג,CH,שוקולד מריר תפוז,גרמים,100.00,100 גרם,false,0,10.90,10.90,true,1,
97643070248,false,שוקולד רוזמרי הרמוני100ג,שמרלינג,,שוקולד רוזמרי,גרמים,100.00,100 גרם,false,0,10.90,10.90,true,1,
97643082142,false,שוקולד רוזמרי קידס 100גר,שמרלינג,,שוקולד רוזמרי,גרמים,100.00,100 גרם,false,0,10.90,10.90,true,1,
97643082449,false,"שוק.רוזמרי לת""ס 100 גרם",שמרלינג,,שוקלד רוזמרי,גרמים,100.00,100 גרם,false,0,10.90,10.90,true,1,
97643082548,false,שוק.רוזמרי מריר 100 גרם,שמרלינג,,שוק.רוזמרי מרי,גרמים,100.00,100 גרם,false,0,10.90,10.90,true,1,
97643083040,false,שוקולד רוזמרי חלב 100 גר,שמרלינג,,שוקולד רוזמרי,גרמים,100.00,100 גרם,false,0,10.90,10.90,true,1,
97643083859,false,שוקולד רוזמרי קרמל 100 ג,שמרלינג,IL,שוקולד רוזמרי,גרמים,100.00,100 גרם,false,1,10.90,10.90,true,1,
97643090345,false,"שוקולד חלב לל""ס",,IL,"שוקולד חלב לל""ס",גרמים,100.00,100 גרם,false,0,14.90,14.90,true,1,
97643090444,false,שוקולד רוזמרין,,IL,שוקולד רוזמרין,גרמים,100.00,100 גרם,false,0,14.90,14.90,true,1,
142486605123,false,חטיף גרנולה+חמאת בוטנים,גראב 1,US,חטיף גרנולה חמאת,גרמים,186.00,100 גרם,false,1,19.90,10.70,true,1,
142486605130,false,חטיף גרנולה שוקוציפס ללס,גראב 1,US,"חטיף גרנולה לל""ס",גרמים,155.00,100 גרם,false,1,19.90,12.84,true,1,
142486605185,false,חטיף גרנולה+ח.בוטנים ללס,גראב 1,US,חטיף גרנולה ללס,גרמים,155.00,100 גרם,false,1,19.90,12.84,true,1,
142486607103,false,חטיף קראנצ'י ש.שועל ודבש,קנובר,MK,חטיף קראנץ 6יח,גרמים,255.00,100 גרם,false,1,19.90,7.80,true,1,
142486607110,false,חטיף קראנצ'י שוקולד 6 יח,קנובר,MK,חטיף קראנץ 6 יח,גרמים,255.00,100 גרם,false,1,19.90,7.80,true,1,
142486607134,false,חטיף  קראנצ'י קינמון 6יח,קנובר,MK,חטיף קראנץ 6יח,גרמים,255.00,100 גרם,false,1,19.90,7.80,true,1,
194961000251,false,"שוקולד יוקרתי כשל""פ עד""ח",,IL,שוקולד יוקרתי,יחידה,1.00,יחידה,false,1,12.90,12.90,true,1,
194961000268,false,"שוקולד יוקרתי כשל""פ עד""ח",,IL,שוקולד יוקרתי,יחידה,1.00,יחידה,false,1,12.90,12.90,true,1,
194961000275,false,"שוקולד יוקרתי כשל""פ עד""ח",,IL,שוקולד יוקרתי,יחידה,1.00,יחידה,false,1,12.90,12.90,true,1,
194961000282,false,"שוקולד יוקרתי כשל""פ עד""ח",,IL,שוקולד יוקרתי,יחידה,1.00,יחידה,false,1,12.90,12.90,true,1,
194961000435,false,סוכריות ג'לי שניידרס,,IL,סוכריות ג'לי שני,גרמים,150.00,100 גרם,false,1,9.90,6.60,true,1,
194961000466,false,עוגיות מיני ספארי,,IL,עוגיות מיני ספאר,יחידה,1.00,יחידה,false,1,14.90,14.90,true,1,
194961000640,false,סוכריות רינבולס,,,סוכריות רינבולס,יחידה,1.00,יחידה,false,0,2.90,2.90,true,1,
194961000749,false,וופל בלגי מקורי איכותי,,IL,וופל בלגי מקורי,גרמים,80.00,100 גרם,false,1,10.90,13.63,true,1,
194961000756,false,עוגיות וופל בלגי איכותי,,IL,עוגיות וופל בלגי,גרמים,100.00,100 גרם,false,1,10.90,10.90,true,1,
194961000909,false,ג'לי שניידר'ס,,IL,ג'לי,יחידה,1.00,יחידה,false,1,9.90,9.90,true,1,
194961000978,false,סוכריות כרמל,,,סוכריות כרמל,יחידה,1.00,יחידה,false,0,10.90,10.90,true,1,
194961001067,false,טו פרוסט טרופיקל צהוב,,IL,טו פרוסט טרופיקל,גרמים,90.00,100 גרם,false,1,4.90,5.44,true,1,
194961001074,false,טו פרוסט פיז ירוק רובין,,IL,טו פרוסט פיז ירו,גרמים,90.00,100 גרם,false,1,4.90,5.44,true,1,
194961001500,false,עוגיות חמאה חלבי,,,עוגיות חמאה חלבי,יחידה,1.00,יחידה,false,0,12.90,12.90,true,1,
194961001517,false,עוגיות סבלה חמאה,,,עוגיות סבלה חמאה,יחידה,1.00,יחידה,false,0,12.90,12.90,true,1,
194961001524,false,מחית תפוח ללא סו,,,מחית תפוח ללא סו,יחידה,1.00,יחידה,false,0,14.90,14.90,true,1,
194961001531,false,מחית תפוח-תות לל,,,מחית תפוח-תות לל,יחידה,1.00,יחידה,false,0,14.90,14.90,true,1,
194961001647,false,"עוגיות חמאה ש""צ רובין שי",,IL,"עוגיות חמאה ש""צ",יחידה,1.00,יחידה,false,1,12.90,12.90,true,1,
605453120277,false,מקלות סורימי קפוא 454גרם,,US,מקלות סורימי,גרמים,454.00,100 גרם,false,1,29.90,6.59,true,1,
608614255504,false,פופקורן בטעם בצל 50 גרם,מג'\יקס סום תעשיות מזון,IL,פופקורנס בצל,גרמים,50.00,100 גרם,false,1,4.90,9.80,true,1,
608614255511,false,פופקורן בטעם גבינה 50 גר,מג'\יקס סום תעשיות מזון,IL,פופקורנס גבינה,גרמים,50.00,100 גרם,false,1,4.90,9.80,true,1,
608614255535,false,פופקורן בטעם  קרמל מלוח,מג'\יקס סום תעשיות מזון,IL,פופקורנס קרמל,גרמים,50.00,100 גרם,false,1,4.90,9.80,true,1,
608614308453,false,יין פטיט איכותי מלאכי עד,,IL,יין פטיט איכותי,יחידה,1.00,יחידה,false,1,79.90,79.90,true,1,
608614309047,false,סיגמה שרדונה יבש כרמל,,IL,סיגמה שרדונה יבש,מיליליטרים,750.00,"100 מ""ל",false,1,99.00,13.20,true,1,
608614309061,false,פאי יין אדום מחוזק 750 מ,יקב דלתא,IL,פאי יין אדום מחו,מיליליטרים,750.00,"100 מ""ל",false,1,149.00,19.87,true,1,
608614309078,false,יין אדום יבש סיגמה פיוזו,,IL,יין אדום יבש פיו,מיליליטרים,750.00,"100 מ""ל",false,1,99.00,13.20,true,1,
608614309269,false,דלתא למדא בלנד אדום750מל,יקב דלתא,IL,למדא בלנד אדום,מיליליטרים,750.00,"100 מ""ל",false,1,64.90,8.65,true,1,
608614309504,false,יין רוזרב 100 2014,,IL,יין רוזרב 100,יחידה,1.00,יחידה,false,1,255.00,255.00,true,1,
608614343935,false,תחבושות בריאות ירוק,,IL,תחבושות בריאות,יחידה,1.00,יחידה,false,1,9.90,9.90,true,1,
608614343942,false,תחבושות בריאות כחול)יום(,,IL,תחבושות בריאות,יחידה,1.00,יחידה,false,1,9.90,9.90,true,1,
608614343966,false,תחבושות בריאות כתום,,IL,תחבושות בריאות,יחידה,1.00,יחידה,false,1,9.90,9.90,true,1,
611745291150,false,פיצה מרגריטה 3 יחידות .1,,IL,3 פיצה מרגריטה,גרמים,1500.00,100 גרם,false,1,32.90,2.19,true,1,
633710238380,false,רוטב טריאקי שומש,,,רוטב טריאקי שומש,יחידה,1.00,יחידה,false,0,24.90,24.90,true,1,
633710238403,false,"רוטב פיצה כשל""פ  680 גרם",,US,"רוטב פיצה כשל""פ",גרמים,680.00,100 גרם,false,1,16.90,2.49,true,1,
633710238458,false,ממרח חרדל 397 גרם,וואבר'ס מנפקטורינג קומפנ,US,ממרח חרדל,גרמים,397.00,100 גרם,false,1,9.90,2.49,true,1,
633824111838,false,וודקה ואן גוך אננס 750מל,מזקקת קוימאנס טילבורג,NL,וודקה ואן גוך,מיליליטרים,750.00,"100 מ""ל",false,0,139.00,18.53,true,1,
641061738459,false,יין מוסקטו גביולי לבן 75,,IL,יין מוסקטו גביול,מיליליטרים,750.00,"100 מ""ל",false,1,55.00,7.33,true,1,
645692555645,false,ביסקויט סהרון חצ.מצופ175,"אחים פפושדו ובניהם בע""\מ",IL,ביסקוויט סהרון,גרמים,175.00,100 גרם,false,1,3.90,2.23,true,1,
645692555690,false,עוגיות קוקידס שוקולד,,IL,עוגיות קוקידס שו,גרמים,150.00,100 גרם,false,0,2.90,1.93,true,1,
645692555744,false,עוגיות צ'יקיס תות 150 גר,,IL,עוגיות סנדוויץ ת,גרמים,150.00,100 גרם,false,0,2.90,1.93,true,1,
645692556482,false,פתיבר וניל 110 גרם,,IL,פתיבר וניל 110 ג,גרמים,110.00,100 גרם,false,1,2.50,2.27,true,1,
645692556598,false,קרקר שומשום 350 גרם,מגדנית הדר,IL,קרקר שומשום350גר,גרמים,350.00,100 גרם,false,0,5.90,1.69,true,1,
645692556611,false,"קרקר שומשום ""פפושדו"" 110",,IL,קרקר,גרמים,110.00,100 גרם,false,1,2.50,2.27,true,1,
645692556628,false,"קרקר מלוח ""פפושדו"" 110",,IL,קרקר,גרמים,110.00,100 גרם,false,1,2.50,2.27,true,1,
681131129855,false,"בירה שלוס קרון 500 מ""ל",מבשלת מרטנס,BE,בירה שלוס קרון,מיליליטרים,500.00,"100 מ""ל",false,0,6.90,1.38,true,1,
682063029763,false,פעקלאך סוכריות סודה פטל,,IL,פעקלאך סוכריות ס,יחידה,1.00,יחידה,false,1,19.90,19.90,true,1,
682063029862,false,סוכריות קופצות מיני תות,,IL,סוכריות קופצות מ,יחידה,1.00,יחידה,false,1,9.90,9.90,true,1,
682063029879,false,סוכריות קופצות מיני פטל,,IL,סוכריות קופצות מ,יחידה,1.00,יחידה,false,1,11.40,11.40,true,1,
682063044575,false,טיני טופי בטעם תפוח ירוק,,IL,טיני טופי בטעם ת,יחידה,1.00,יחידה,false,1,9.90,9.90,true,1,
682063045114,false,פס טופי בטעם תפוח ירוק פ,,IL,פס טופי בטעם תפו,יחידה,1.00,יחידה,false,1,6.90,6.90,true,1,
682063045503,false,מקלות חמוצים בטע,,,מקלות חמוצים בטע,יחידה,1.00,יחידה,false,0,3.50,3.50,true,1,
682063045527,false,מקלות חמוצים בטע,,,מקלות חמוצים בטע,יחידה,1.00,יחידה,false,0,3.50,3.50,true,1,
682063051153,false,טופי מצופה בטעם מנטה דרג,,IL,טופי מצופה בטעם,יחידה,1.00,יחידה,false,1,11.80,11.80,true,1,
689076444668,false,פסטה ספגטי אורז חום מלא,גולדבאומס פוד,CA,"פסטה ספגטי לל""ג",גרמים,454.00,100 גרם,false,1,16.90,3.72,true,1,
689423004989,false,"חטיף תפו""א בגליל 150 גרם",,US,"חטיף תפו""א בגליל",גרמים,150.00,100 גרם,false,0,12.90,8.60,true,1,
689423004996,false,"חטיף תפו""א בגליל 150 גרם",אלימנטס פרנקי,CA,"חטיף תפו""א 150גר",גרמים,150.00,100 גרם,false,0,12.90,8.60,true,1,
689423005009,false,"חטיף תפו""א בטעם בצל ושום",,US,"חטיף תפו""א בגליל",גרמים,150.00,100 גרם,false,0,12.90,8.60,true,1,
689423029951,false,חטיף תפו''א בטעם ברביקיו,,CA,חטיף תפו''א 150ג,גרמים,150.00,100 גרם,false,1,12.90,8.60,true,1,
689423031756,false,סוכריות טופי בטעם תפוח,סוויט קומפני,US,סוכריות טופי,גרמים,170.00,100 גרם,false,1,16.90,9.94,true,1,
693493001007,false,גאון בניקיון מסיר הכתמים,,IL,גאון בניקיון,מיליליטרים,350.00,"100 מ""ל",false,1,18.90,5.40,true,1,
693493084949,false,שמן קנולה,,IL,שמן קנולה,ליטרים,0.00,ליטר,false,1,9.90,9.90,true,1,
693493142847,false,פיתות איכותיות 10 יח,,IL,עשיריה פיתות,יחידה,1.00,יחידה,false,1,11.90,11.90,true,1,
693493142892,false,פוקצ'ה עם זעתר 460 גרם,,IL,פוקצ'ה עם זעתר,גרמים,460.00,100 גרם,false,1,16.90,3.67,true,1,
693493142908,false,פוקצ'ה פרמיום עם בצל460ג,,IL,פוקצ'ה בצל 460גר,גרמים,460.00,100 גרם,false,1,16.90,3.67,true,1,
693493158589,false,פתיבר כוסמין 300 גרם בר,,IL,פתיבר כוסמין 300,יחידה,1.00,יחידה,false,1,11.90,11.90,true,1,
693493168823,false,תמר דקל נור פיצוחי מזרחי,,IL,תמר דקל נור פיצו,גרמים,400.00,100 גרם,false,1,19.90,4.98,true,1,
693493186902,false,מיני פרנה 10 יחידות,,IL,מיני פרנה 10 יח,גרמים,500.00,100 גרם,false,1,14.90,2.98,true,1,
693493186926,false,פרנה  4 יחידות,,IL,פרנה 4 יח,גרמים,480.00,100 גרם,false,1,14.90,3.10,true,1,
693493187077,false,ליקר נוגט פרפקטו,,IL,ליקר נוגט,מיליליטרים,500.00,"100 מ""ל",false,1,69.00,13.80,true,1,
693493190275,false,ציפורן כד מיוחד,,,ציפורן כד מיוחד,יחידה,1.00,יחידה,false,0,15.90,15.90,true,1,
693493190299,false,בשמים להבדלה אזו,,,בשמים להבדלה אזו,יחידה,1.00,יחידה,false,0,15.90,15.90,true,1,
693493190305,false,בשמים להבדלה הדס,,,בשמים להבדלה הדס,יחידה,1.00,יחידה,false,0,15.90,15.90,true,1,
706132200195,false,נר הבדלה #19,נר מצווה,IL,נר הבדלה #19,יחידה,1.00,יחידה,false,1,14.90,14.90,true,1,
706132200317,false,ערכה להכנת נר הבדלה דונג,,IL,ערכה להכנת נר הב,יחידה,1.00,יחידה,false,1,24.90,24.90,true,1,
706132204353,false,אזוב להבדלה,נר מצווה,IL,אזוב להבדלה,יחידה,1.00,יחידה,false,1,19.90,19.90,true,1,
706132230109,false,גפרורים ארוכים נר מצווה,,IL,גפרורים ארוכים,יחידה,1.00,יחידה,false,1,3.90,3.90,true,1,
706132230154,false,גפרורים ארוכים מוכסף,נר מצווה,IL,גפרורים ארוכים,יחידה,1.00,יחידה,false,1,8.90,8.90,true,1,
706132230161,false,גפרורים ארוכים פרח,נר מצווה,US,גפרורים ארוכים,יחידה,1.00,יחידה,false,1,4.90,4.90,true,1,
706132230208,false,"ערכת שבת לנסיעה ""נר מצוו",,IL,ערכת שבת לנסיעה,יחידה,1.00,יחידה,false,1,34.90,34.90,true,1,
706132230253,false,גפרורים ארוכים מוכסף,נר מצווה,US,גפרורים ארוכים,יחידה,1.00,יחידה,false,1,11.90,11.90,true,1,
706132230260,false,גפרורים ארוכים חבית פרח,נר מצווה,US,גפרורים ארוכים,יחידה,1.00,יחידה,false,1,6.90,6.90,true,1,
706132260038,false,מגן פמוט  50 יחידות,נר מצווה,US,מגן פמוט,יחידה,1.00,יחידה,false,1,19.90,19.90,true,1,
706132280081,false,מגש לנרות חימום 3יחידות,נר מצווה,US,מגש לנרות חימום,יחידה,1.00,יחידה,false,1,11.90,11.90,true,1,
706132301045,false,פתילות צמר גפן,נר מצווה,US,פתילות צמר גפן,יחידה,1.00,יחידה,false,1,3.50,3.50,true,1,
706132301151,false,פתיל צף מתומן 50 יח' נר,,IL,פתיל צף מתומן,יחידה,1.00,יחידה,false,1,3.50,3.50,true,1,
706132301168,false,פתיל צף עגול 50 יח' נר מ,,IL,פתיל צף עגול,יחידה,1.00,יחידה,false,1,3.50,3.50,true,1,
706132301175,false,"פתיל צף עגול 30מ""מ 50 יח",,CN,פתיל צף עגול,יחידה,1.00,יחידה,false,1,4.90,4.90,true,1,
706132301182,false,פתיל צף פרח,,CN,פתיל צף פרח,יחידה,1.00,יחידה,false,1,4.50,4.50,true,1,
706132301199,false,פתילות צמר גפן 100% .,נר מצווה,US,פתילות צמר גפן,יחידה,1.00,יחידה,false,1,5.90,5.90,true,1,
706132301267,false,פתיל צף עגול  100 יחידות,,CN,פתיל צף 100יח',יחידה,1.00,יחידה,false,1,5.90,5.90,true,1,
706132301434,false,פתילות המיוחד עובי 70 50,נר מצווה,US,פתילות המיוחד,יחידה,1.00,יחידה,false,1,4.90,4.90,true,1,
706132301663,false,פתיל צף מתומן מוכן 50 יח,,CN,פתיל צף מתומן,יחידה,1.00,יחידה,false,1,5.90,5.90,true,1,
706132301670,false,פתיל צף מתומן מוכן 100יח,נר מצווה,US,פתיל צף מתומן מו,יחידה,1.00,יחידה,false,1,10.90,10.90,true,1,
706132600056,false,מעמד לנרות חימום,נר מצווה,US,מעמד לנרות חימום,יחידה,1.00,יחידה,false,1,12.90,12.90,true,1,
706132600155,false,זוג כוסות קריסטל לנרונים,נר מצווה,US,זוג כוסות קריסטל,יחידה,1.00,יחידה,false,1,18.90,18.90,true,1,
706132600186,false,זוג כוסות קריסטל לנרונים,נר מצווה,US,זוג כוסות קריסטל,יחידה,1.00,יחידה,false,1,14.90,14.90,true,1,
706132620009,false,מטליות לכלי כסף לניקוי,נר מצווה,IL,מטלית לכלי כסף,יחידה,1.00,יחידה,false,1,13.90,13.90,true,1,
706132620054,false,כפפות לכלי כסף,נר מצווה,IL,כפפות לכלי כסף,יחידה,1.00,יחידה,false,1,13.90,13.90,true,1,
710069000513,false,ג'לי פטל 85 גר',,,ג'לי פטל 85 גר',יחידה,1.00,יחידה,false,0,7.90,7.90,true,1,
710069205116,false,תערובת לעוגת קפה פירורים,,IL,תערובת לעוגת קפה,גרמים,397.00,100 גרם,false,1,19.90,5.01,true,1,
710069302907,false,"פודינג גפן כשל""פ",,IL,"פודינג גפן כשל""פ",גרמים,99.00,100 גרם,false,0,7.90,7.98,true,1,
710069302952,false,איסטנ' פודינג שוקו' 90ג',,IL,איסטנ' פודינג שו,גרמים,90.00,100 גרם,false,1,7.90,8.78,true,1,
710069812161,false,"מארז רסק תפו""ע 113*6 גר","כנס פוד ארה""ב",US,"רסק תפו""ע מארז 6",גרמים,678.00,100 גרם,false,1,15.90,2.35,true,1,
712963001801,false,עלי שוקולד מריר,,,עלי שוקולד מריר,גרמים,125.00,100 גרם,false,0,16.90,13.52,true,1,
712963001818,false,עלי שוקולד תפוז,,IL,עלי שוקולד תפוז,גרמים,125.00,100 גרם,false,0,16.90,13.52,true,1,
712963001832,false,עלי שוקולד חלב,,IL,עלי שוקולד חלב,גרמים,125.00,100 גרם,false,0,16.90,13.52,true,1,
712963001849,false,ע.שוקולד חלב+אגו,,IL,ע.שוקולד חלב+אגו,גרמים,125.00,100 גרם,false,0,16.90,13.52,true,1,
712963001856,false,עלי שוקולד עם קר,,IL,עלי שוקולד עם קר,גרמים,125.00,100 גרם,false,0,16.90,13.52,true,1,
712963003751,false,בונבוניירה סקואר תפוז 20,,IL,בונבוניירה סקואר,גרמים,200.00,100 גרם,false,1,14.90,7.45,true,1,
712963004482,false,עלי שוקולד חלב טעם קרמל,רויאל,BE,עלי שוקולד חלב,גרמים,125.00,100 גרם,false,1,16.90,13.52,true,1,
712963004758,false,שוקו.חלב ממולא קרם קרמל,זווסקו ד.ד תעשיות מזון,HR,שוק.חלב ממולא,גרמים,100.00,100 גרם,false,1,7.90,7.90,true,1,
712963004772,false,שוקולד חלב ממולא קרם תות,זווסקו ד.ד תעשיות מזון,HR,שוק.חלב ממולא,גרמים,100.00,100 גרם,false,1,7.90,7.90,true,1,
712963004963,false,שוקולד מריר גרוס 90 גרם,,IL,שוקולד מריר גרוס,גרמים,90.00,100 גרם,false,1,6.90,7.67,true,1,
712963004970,false,שוקולד מריר 60% גרוס 90ג,,IL,שוקולד מריר 60%,גרמים,90.00,100 גרם,false,1,6.90,7.67,true,1,
712963004987,false,שוקולד לבן גרוס 90 גרם,,IL,שוקולד לבן,גרמים,90.00,100 גרם,false,1,6.90,7.67,true,1,
712963005410,false,שוקו go במילוי קרם חלב 8,GROSS,HR,שוקו go במילוי,גרמים,80.00,100 גרם,false,1,6.90,8.63,true,1,
712963005472,false,שוקו go במילוי מוס 80 גר,GROSS,HR,שוקו go,גרמים,80.00,100 גרם,false,1,6.90,8.63,true,1,
712963005724,false,שוקולד חלב ממולא ק.חלב מ,,IL,שוקולד חלב ממולא,יחידה,1.00,יחידה,false,1,7.90,7.90,true,1,
712963005755,false,שוקולד חלב ממולא מוס מנו,,IL,שוקולד ממולא מוס,יחידה,1.00,יחידה,false,1,7.90,7.90,true,1,
712963005922,false,עלי שוקולד מריר מנטה מנו,,IL,עלי שוקולד מריר,יחידה,1.00,יחידה,false,1,16.90,16.90,true,1,
718122433315,false,בדי בדיקה לרגישות 40 יחי,,IL,בדי בדיקה לרגישו,יחידה,1.00,יחידה,false,1,15.90,15.90,true,1,
718122911202,false,"משקה שקדים וניל 946 מ""ל",,ES,משקה שקדים וניל,מיליליטרים,946.00,"100 מ""ל",false,1,12.90,1.36,true,1,
718122911301,false,"משקה שקדים טבעי 946 מ""ל",,ES,משקה שקדים טבעי,מיליליטרים,946.00,"100 מ""ל",false,1,12.90,1.36,true,1,
718122911400,false,פסטה מסולסל אורז חום מלא,,IL,"פסטה מסולסל לל""ג",גרמים,454.00,100 גרם,false,1,16.90,3.72,true,1,
718122911509,false,פסטה קרניים אורז חום מלא,גולדבאומס פוד,CA,"פסטה קרניים לל""ג",גרמים,454.00,100 גרם,false,1,16.90,3.72,true,1,
718122911608,false,פסטה פנה אורז חום מלא,גולדבאומס פוד,CA,"פסטה פנה לל""ג",גרמים,454.00,100 גרם,false,1,16.90,3.72,true,1,
718122912902,false,פסטה שלז אורז חום מלא,גולדבאומס פוד,CA,"פסטה שלז לל""ג",גרמים,454.00,100 גרם,false,1,16.90,3.72,true,1,
724353783822,false,"תמר מג'הול 1 ק""ג",מהדרין תנופורט,IL,"תמר מג'הול 1 ק""ג",קילוגרמים,1.00,"ק""ג",false,0,15.90,15.90,true,1,
732973006009,false,ווייט פיש אוישן 624 גרם,אושן גורמה,US,ווייט פיש אוישן,גרמים,624.00,100 גרם,false,0,33.90,5.43,true,1,
744664088034,false,פפריקה מעושנת 71 גרם,פרימה,US,פפריקה מעושנת,גרמים,71.00,100 גרם,false,1,14.90,20.99,true,1,
744664088041,false,תערובת תבלינים מעושנים 1,,IL,תערובת תבלינים מ,גרמים,133.00,100 גרם,false,1,14.90,11.20,true,1,
744664088058,false,"תערובת ע""ב שום מעושן 99",,IL,"תערובת ע""ב שום מ",גרמים,99.00,100 גרם,false,1,16.90,17.07,true,1,
744664092000,false,עלי בזיליקום 17 גרם,פרימה,US,עלי בזיליקום,גרמים,17.00,100 גרם,false,1,14.90,87.65,true,1,
744664092017,false,תערובת תבלינים  גרם43,פרימה,US,תערובת תבלינים,גרמים,43.00,100 גרם,false,1,14.90,34.65,true,1,
744664092048,false,תבלין אגוז מוסקט טחון,פרימה,US,תבלין אגוז מוסקט,גרמים,71.00,100 גרם,false,1,24.90,35.07,true,1,
744664092093,false,תערובת עשבי תיבול איטלקי,,IL,תערובת עשבי תיבו,גרמים,28.00,100 גרם,false,1,14.90,53.21,true,1,
744664092109,false,תבלין פלפל קאיין 71 גרם,פרימה,US,תבלין פלפל קאיין,גרמים,71.00,100 גרם,false,1,14.90,20.99,true,1,
744664092192,false,תערובת תיבול פלפל ולימון,פרימה,US,תערובת לתיבול,גרמים,85.00,100 גרם,false,1,14.90,17.53,true,1,
744664092208,false,תערובת לשווארמה 85 גרם,פרימה,US,תערובת לשווארמה,גרמים,85.00,100 גרם,false,1,14.90,17.53,true,1,
744664092215,false,תערובת תיבול לבר,,,תערובת תיבול לבר,יחידה,1.00,יחידה,false,0,14.90,14.90,true,1,
744664092246,false,תערובת מלח ושום,,,תערובת מלח ושום,יחידה,1.00,יחידה,false,0,19.90,19.90,true,1,
744664092321,false,תבלין פלפל אנגלי טחון,,US,תבלין פלפל טחון,גרמים,60.00,100 גרם,false,1,16.90,28.17,true,1,
744664092352,false,תערובת בשמים בלנ,,,תערובת בשמים בלנ,יחידה,1.00,יחידה,false,0,19.90,19.90,true,1,
744664092383,false,תערובת לתיבול דגים 85 גר,פרימה,US,תערובת לתיבול דג,גרמים,85.00,100 גרם,false,1,14.90,17.53,true,1,
744664092444,false,קינמון טחון טחון 57 גרם,פרימה,US,קינמון טחון,גרמים,57.00,100 גרם,false,1,13.90,24.39,true,1,
744664092840,false,צ'ילי טחון prima,,IL,צ'ילי טחון prima,גרמים,71.00,100 גרם,false,1,14.90,20.99,true,1,
744664092864,false,תבלין פלפל אדום כתוש,פרימה,US,תבלין פלפל אדום,גרמים,48.00,100 גרם,false,1,14.90,31.04,true,1,
744664092895,false,פפריקה אקסטה פנסי prima,,IL,פפריקה אקסטה פנס,גרמים,71.00,100 גרם,false,1,11.90,16.76,true,1,
744664092925,false,תבלין אבקת בצל 85 גרם,פרימה,US,תבלין אבקת בצל,גרמים,85.00,100 גרם,false,1,14.90,17.53,true,1,
744664092949,false,גבישי בצל 65 גרם,פרימה,US,גבישי בצל,גרמים,65.00,100 גרם,false,1,14.90,22.92,true,1,
744664093021,false,תבלין שמיר 20 גרם,פרימה,US,תבלין שמיר,גרמים,20.00,100 גרם,false,1,14.90,74.50,true,1,
744664093076,false,תערובת תיבול לסטייק 85 ג,פרימה,US,תערובת תיבול,גרמים,85.00,100 גרם,false,1,14.90,17.53,true,1,
744664093083,false,תערובת לחלות 227 גרם,פרימה,US,תערובת לחלות,גרמים,227.00,100 גרם,false,1,18.90,8.33,true,1,
744664093090,false,תבלין זעתר פרימה משי מנו,,IL,תבלין זעתר פרימה,גרמים,71.00,100 גרם,false,1,19.90,28.03,true,1,
744664093724,false,תערובת קינמון וסוכר 113,,IL,תערובת קינמון וס,יחידה,1.00,יחידה,false,1,14.90,14.90,true,1,
744664093991,false,פלפל שחור גרוס דק 71 גרם,פרימה,US,פלפל שחור גרוס,גרמים,71.00,100 גרם,false,1,14.90,20.99,true,1,
744664095001,false,תבלין עירית קצוצה 6 גרם,,IL,תבלין עירית קצוצ,גרמים,6.00,100 גרם,false,1,14.90,248.33,true,1,
744664098040,false,תערובת לתיבול עוף פרימה,,IL,תערובת לתיבול עו,יחידה,1.00,יחידה,false,1,16.90,16.90,true,1,
744664099870,false,תערובת להכנת מרק,,,תערובת להכנת מרק,יחידה,1.00,יחידה,false,0,22.90,22.90,true,1,
748159107309,false,רוטב פלפל,,,רוטב פלפל,יחידה,1.00,יחידה,false,0,11.90,11.90,true,1,
750536585853,false,אצות נורי קלויות 28 גרם,האיאן לנבו סי.או ל.ט.ד,CN,אצות נורי קלויות,גרמים,28.00,100 גרם,false,1,11.90,42.50,true,1,
754496001224,false,רוטב ברביקיו בון סאקין 4,,IL,רוטב ברביקיו,גרמים,454.00,100 גרם,false,1,27.90,6.15,true,1,
754496001262,false,רוטב ברביקיו בון סאקין 4,,IL,רוטב ברביקיו,גרמים,454.00,100 גרם,false,1,27.90,6.15,true,1,
769904001000,false,איטריות דקות,,,איטריות דקות,גרמים,200.00,100 גרם,false,0,10.90,5.45,true,1,
769904001031,false,פסטה מסולסל,,,פסטה מסולסל,גרמים,200.00,100 גרם,false,0,10.90,5.45,true,1,
769904001048,false,פסטה קונכיות,,,פסטה קונכיות,גרמים,200.00,100 גרם,false,0,10.90,5.45,true,1,
769904001116,false,פתיתים קוסקוס,,,פתיתים קוסקוס,גרמים,200.00,100 גרם,false,0,10.90,5.45,true,1,
781360100677,false,מברשת שיניים,,,מברשת שיניים,יחידה,1.00,יחידה,false,0,16.90,16.90,true,1,
783495814252,false,רוטב פסטה מרינרה  680גר,פי אל פודס,US,רוטב פסטה מרינרה,גרמים,680.00,100 גרם,false,1,13.90,2.04,true,1,
791772127117,false,פתילות הפלא דקות במיוחד,ח.כהן,IL,פתילות הפלא דקות,יחידה,1.00,יחידה,false,0,2.90,2.90,true,1,
791772127155,false,פתילות הפלא פשתן ארוכות,ח.כהן,IL,פתילות הפלא ארוך,יחידה,1.00,יחידה,false,0,2.90,2.90,true,1,
791772127179,false,צינורית הפלא+פתילות מס',,IL,צינוריות+פתילות,יחידה,1.00,יחידה,false,1,17.90,17.90,true,1,
807405052050,false,"רדיד אלומיניום 30X60 ס""מ",פנדורה,CN,רדיד אלומיניום,מטרים,60.00,מטר,false,1,24.90,0.42,true,1,
807405052098,false,רדיד אלומיניום חתוך 30.5,פנדורה,CN,רדיד אלומיניום,יחידה,1.00,יחידה,false,1,29.90,29.90,true,1,
807405068020,false,שקיות לבישול איטי 10 יח,פנטסטיק,CN,שקיות בישול איטי,יחידה,1.00,יחידה,false,1,9.90,9.90,true,1,
807405068518,false,שקיות פסגור ג'מבו לחלות,פטקר,CN,שקיות פסגור,יחידה,1.00,יחידה,false,1,11.90,11.90,true,1,
807405068532,false,שקיות פסגור להקפאה ענק,פטקר,CN,שקיות פסגור,יחידה,1.00,יחידה,false,1,11.90,11.90,true,1,
807405068556,false,שקיות פסגור להקפאה קטן,פטקר,CN,שקיות פסגור,יחידה,1.00,יחידה,false,1,11.90,11.90,true,1,
807405068570,false,שקיות פסגור קטן 100,פטקר,CN,שקיות פסגור קטן,יחידה,1.00,יחידה,false,1,11.90,11.90,true,1,
807405068594,false,שקיות פסגור לסנדוויץ 100,פטקר,CN,שקיות פסגור,יחידה,1.00,יחידה,false,1,11.90,11.90,true,1,
807405129127,false,מפיוני אירוח,,IL,מפיוני אירוח,יחידה,1.00,יחידה,false,1,7.90,7.90,true,1,
807405129134,false,מפיות נייר תלת שכבתי 40,פנטסטיק,CN,מפיות תלת שכבתי,יחידה,1.00,יחידה,false,1,8.90,8.90,true,1,
811146030017,false,טופי ממולא אבקה חמוצה בט,,IL,טופי ממולא אבקה,יחידה,1.00,יחידה,false,1,0.80,0.80,true,1,
811146030024,false,טופי ממולא אבקה חמוצה בט,,IL,טופי ממולא אבקה,יחידה,1.00,יחידה,false,1,0.80,0.80,true,1,
811146030048,false,טופי ממולא אבקה חמוצה בט,,IL,טופי ממולא אבקה,יחידה,1.00,יחידה,false,1,0.80,0.80,true,1,
811146030055,false,טופי ממולא אבקה חמוצה בט,,IL,טופי ממולא אבקה,יחידה,1.00,יחידה,false,1,0.80,0.80,true,1,
811146030321,false,לקקן ספינר דיספל,,,לקקן ספינר דיספל,יחידה,1.00,יחידה,false,0,1.00,1.00,true,1,
811146030383,false,לקקן בצורת ספינר 120 גרם,,CN,לקקן בצורת ספינר,גרמים,120.00,100 גרם,false,1,11.90,9.92,true,1,
811146030390,false,לקקן בצורת שבשבת 144 גרם,קיומי שנגיואנג פודס,CN,לקקן בצורת שבשבת,גרמים,144.00,100 גרם,false,1,11.90,8.26,true,1,
811146030758,false,סוכריות טופי ממולאות255ג,,PK,סוכ.טופי 255גרם,גרמים,255.00,100 גרם,false,1,9.90,3.88,true,1,
811146030765,false,סוכריות טופי ממולאות255ג,,PK,סוכ.טופי 255גרם,גרמים,255.00,100 גרם,false,1,9.90,3.88,true,1,
811146030772,false,סוכ.טופי ממולאות 255גרם,,PK,סוכ.טופי ממולאות,גרמים,255.00,100 גרם,false,1,9.90,3.88,true,1,
811146030789,false,טופי פשקס,,IL,טופי,יחידה,1.00,יחידה,false,1,1.00,1.00,true,1,
811146030796,false,טופי פשקס,,IL,טופי,יחידה,1.00,יחידה,false,1,1.00,1.00,true,1,
811146030802,false,טופי פשקס,,IL,טופי,יחידה,1.00,יחידה,false,1,1.00,1.00,true,1,
811146030871,false,טופי בטעמי פירות,,,טופי בטעמי פירות,יחידה,1.00,יחידה,false,0,1.00,1.00,true,1,
811146030925,false,טינגלרס בטעם תות פשקס,,IL,טינגלרס בטעם תות,יחידה,1.00,יחידה,false,1,1.00,1.00,true,1,
811146030932,false,טינגלרס פשקס,,IL,טינגלרס,יחידה,1.00,יחידה,false,1,1.00,1.00,true,1,
811146030949,false,טינגלרס בטעם פטל פשקס,,IL,טינגלרס בטעם פטל,יחידה,1.00,יחידה,false,1,1.00,1.00,true,1,
811146031151,false,ZIPS FRU פשקס,,IL,ZIPS FRU,גרמים,20.00,100 גרם,false,1,1.00,5.00,true,1,
811146031175,false,ZIPS FRU פשקס .,,IL,ZIPS FRU פשקס,יחידה,1.00,יחידה,false,1,1.00,1.00,true,1,
811146031205,false,סוכריות טופי ממו,,,סוכריות טופי ממו,יחידה,1.00,יחידה,false,0,10.00,10.00,true,1,
838948000031,false,ממרח בטעם שוקולד ואגוזים,שניידרס,IL,ממרח שוקולד אגוז,גרמים,400.00,100 גרם,false,0,16.90,4.23,true,1,
838948000055,false,סוכריות ג'לי שניידרס,,IL,סוכריות ג'לי שני,גרמים,150.00,100 גרם,false,1,9.90,6.60,true,1,
838948000062,false,סוכריות ג'לי שניידרס,,IL,סוכריות ג'לי שני,גרמים,150.00,100 גרם,false,1,9.90,6.60,true,1,
838948000086,false,סוכריות ג'לי בננ,,,סוכריות ג'לי בננ,יחידה,1.00,יחידה,false,0,12.90,12.90,true,1,
838948002165,false,עוגיות פלמיר .,שניידרס,IL,עוגיות פלמיר,יחידה,1.00,יחידה,false,1,8.90,8.90,true,1,
838948002172,false,עוגיות וניל גאלט,,IL,עוגיות וניל,יחידה,1.00,יחידה,false,1,10.90,10.90,true,1,
838948002257,false,עוגיות ש.ציפס אגוזים 200,שניידרס,FR,עוגיות ש.ציפס,גרמים,200.00,100 גרם,false,0,8.90,4.45,true,1,
838948004497,false,עוגיות שוקוצ'יפס 200 גרם,שניידרס,FR,עוגיות שוקוצ'יפס,גרמים,200.00,100 גרם,false,0,8.90,4.45,true,1,
838948004596,false,פסטו בזיליקום 550 ג,שניידרס,IT,פסטו בזיליקום,גרמים,550.00,100 גרם,false,1,24.90,4.53,true,1,
838948005654,false,סוכריות טופי פירות שנייד,שניידרס,IL,סוכריות טופי שני,גרמים,150.00,100 גרם,false,1,9.90,6.60,true,1,
838948005968,false,סוכריות ליקריץ 200 גרם,שניידרס,IL,סוכריות ליקריץ,יחידה,1.00,יחידה,false,1,10.90,10.90,true,1,
838948005999,false,סוכריות ליקריץ 200 גרם,,IL,סוכריות ליקריץ,גרמים,200.00,100 גרם,false,1,10.90,5.45,true,1,
838948007160,false,מיני עוגיות מצופות מריר,,IL,מיני עוגיות מצופ,גרמים,160.00,100 גרם,false,1,14.90,9.31,true,1,
838948007177,false,עוגיות מצופות שוקולד חלב,שניידרס,IL,עוגיות מצופות שו,גרמים,160.00,100 גרם,false,1,14.90,9.31,true,1,
838948007412,false,ממרח בטעם שוקולד וניל,שניידרס,FR,ממרח שוקולד וניל,גרמים,400.00,100 גרם,false,1,16.90,4.23,true,1,
838948007726,false,ממרח בטעם שוקולד ואגוזים,שניידרס,FR,ממרח בטעם שוקולד,גרמים,400.00,100 גרם,false,0,16.90,4.23,true,1,
838948008532,false,שוקולד מריר 72% 100 גרם,---,IL,שוקולד מריר 72%,גרמים,100.00,100 גרם,false,1,8.90,8.90,true,1,
838948008815,false,שלוקים בטעם תפוח ואפרסק,,IL,שלוקים תפוח ואפר,יחידה,1.00,יחידה,false,1,13.90,13.90,true,1,
838948008969,false,קרקר שלישיה .,שניידרס,IL,קרקר שלישיה,יחידה,1.00,יחידה,false,1,10.90,10.90,true,1,
838948008990,false,קרקר עגול בקופסה .,שניידרס,IL,קרקר עגול בקופסה,יחידה,1.00,יחידה,false,1,10.90,10.90,true,1,
838948009027,false,קרקר נישנוש מיקס .,שניידרס,IL,קרקר נישנוש מיקס,יחידה,1.00,יחידה,false,1,10.90,10.90,true,1,
838948009850,false,צנימים דקים מלבה ח.מלאה,,IL,צנימים דקים מלבה,יחידה,1.00,יחידה,false,1,7.90,7.90,true,1,
838948010863,false,סוכריות דרז'ה טעם פירות,שניידרס,IL,סוכריות פירות שנ,גרמים,150.00,100 גרם,false,1,9.90,6.60,true,1,
838948010870,false,סוכריות דרז'ה טעם פירות,שניידרס,IL,סוכריות פירות שנ,גרמים,150.00,100 גרם,false,1,9.90,6.60,true,1,
838948011228,false,סוכריות חמוצות בטעם קולה,,IL,סוכריה חמוץ קולה,יחידה,1.00,יחידה,false,1,9.90,9.90,true,1,
838948011235,false,סוכריות חמוצות דובדבן רו,,IL,סוכריה חמוץ דובד,יחידה,1.00,יחידה,false,1,9.90,9.90,true,1,
838948011266,false,עוגיות סנדוויץ באריזה אי,,IL,עוגיות סנדוויץ ב,גרמים,375.00,100 גרם,false,1,14.90,3.97,true,1,
838948012348,false,עוגיות מבצק עלים פריכות,,IL,עוגיות מבצק עלים,יחידה,1.00,יחידה,false,1,8.90,8.90,true,1,
838948012355,false,עוגיות פתיתי שוקולד ופטל,,IL,עוגיות פתיתי שוק,יחידה,1.00,יחידה,false,1,8.90,8.90,true,1,
839762000641,false,נקטר מנגו איילנד 1 ליטר,אדיר,EG,נקטר איילנד,ליטרים,1.00,ליטר,false,0,9.90,9.90,true,1,
839762000658,false,נקטר גויאבה איילנד 1 ל',אדיר,EG,נקטר איילנד,ליטרים,1.00,ליטר,false,0,9.90,9.90,true,1,
840762001408,false,רוטב ברביקיו רגיל 510 גר,פרמונט קומפני,US,רוטב ברביקיו,גרמים,510.00,100 גרם,false,1,16.90,3.31,true,1,
840762001422,false,רוטב ברביקיו מתוק חריף,פרמונט קומפני,US,רוטב ברביקיו,גרמים,510.00,100 גרם,false,1,16.90,3.31,true,1,
840762811403,false,פטריות שמפניון חתוכות 22,גרינירד,NL,פטריות שמפניון,גרמים,227.00,100 גרם,false,1,5.90,2.60,true,1,
850011939048,false,דיפ דיפ אורגינל קרייבי מ,בי איי בי סנקס,US,דיפ דיפ אורגינל,גרמים,170.00,100 גרם,false,1,5.90,3.47,true,1,
850011939222,false,קרקר חיטה מלאה אורגינל ק,,IL,קרקר חיטה מלאה א,יחידה,1.00,יחידה,false,1,14.90,14.90,true,1,
850011939239,false,קרקר דיפ דיפ חיטה מלאה,בי איי בי סנקס,US,קרקר דיפ דיפ,גרמים,170.00,100 גרם,false,1,5.90,3.47,true,1,
850011939482,false,פופרס עם קרם אגוזי לוז מ,,IL,פופרס עם קרם אגו,יחידה,1.00,יחידה,false,1,19.90,19.90,true,1,
850011939932,false,קרקר דיפ כוסמין קרייבי מ,,IL,קרקר דיפ כוסמין,יחידה,1.00,יחידה,false,1,21.90,21.90,true,1,
851621000050,false,"בירה 1664 בלאנק 330*6מ""ל",קרלסברג ספליי קומפאני פו,PL,בירה בלאנק 6 יח,ליטרים,1.98,ליטר,false,1,39.90,20.15,true,1,
855564003000,false,חטיף תירס,,IL,חטיף תירס,יחידה,1.00,יחידה,false,1,19.90,19.90,true,1,
855564003024,false,חטיף תירס עם בטטה משי מנ,,IL,חטיף תירס מלא,יחידה,1.00,יחידה,false,1,19.90,19.90,true,1,
855564003048,false,"חטיף תירס בט"" צילי מתוק",,IL,חטיף תירס,יחידה,1.00,יחידה,false,1,19.90,19.90,true,1,
856591000055,false,עוגיות מזרחיות קריספי400,מאפיית יוסף ושמחה עבאדי,IL,עוגיות מזרחיות,גרמים,400.00,100 גרם,false,1,11.90,2.98,true,1,
856591000062,false,עוגיות מזרחיות מלח400גרם,מאפיית יוסף ושמחה עבאדי,IL,עוגיות מזרחיות,גרמים,400.00,100 גרם,false,0,11.90,2.98,true,1,
856591000109,false,עוגיות מזרחיות פריכות400,מאפיית יוסף ושמחה עבאדי,IL,עוגיות מזרחיות,גרמים,400.00,100 גרם,false,0,11.90,2.98,true,1,
856591000512,false,עוגיות מזרחיות מקלות400ג,מאפיית יוסף ושמחה עבאדי,IL,עוגיות מזרחיות,גרמים,400.00,100 גרם,false,0,11.90,2.98,true,1,
856591000949,false,קטנטנים עבאדי ט.טבעי350ג,עבאדי,IL,קטנטנים עבאדי,גרמים,350.00,100 גרם,false,1,16.90,4.83,true,1,
857900005518,false,פופקורן דריזלישס שוקולד,,IL,פופקורן דריזלישס,יחידה,1.00,יחידה,false,1,12.90,12.90,true,1,
857900005525,false,פופקורן יום הולדת נר מצו,,IL,פופקורן יום הולד,יחידה,1.00,יחידה,false,1,12.90,12.90,true,1,
857900005532,false,פופקורן דריזלישס מנטה,,IL,פופקורן דריזלישס,יחידה,1.00,יחידה,false,1,12.90,12.90,true,1,
859844105101,false,תערובת לקניידלך,,,תערובת לקניידלך,יחידה,1.00,יחידה,false,0,11.90,11.90,true,1,
859844105118,false,תערובת לקניידלך,,,תערובת לקניידלך,יחידה,1.00,יחידה,false,0,11.90,11.90,true,1,
873999002122,false,מארז 5 סוללות 2032 יחי',,IL,מארז 5 סוללות 20,יחידה,1.00,יחידה,false,1,13.90,13.90,true,1,
884912365200,false,דגני  בוקר אוראו 311 גרם,---,US,דגני  בוקר אוראו,גרמים,311.00,100 גרם,false,1,14.90,4.79,true,1,
884912365217,false,דגני  בוקר אוראו 311 גרם,---,US,דגני  בוקר אוראו,גרמים,311.00,100 גרם,false,1,14.90,4.79,true,1,
893022001137,false,מגבונים לחים 80 יח' לשבת,,IL,מגבונים לשבת,יחידה,1.00,יחידה,false,1,3.90,3.90,true,1,
893033002031,false,מפיות נייר מקופל 100 יחי,,CN,מפיות נייר,יחידה,1.00,יחידה,false,1,9.90,9.90,true,1,
3035542004206,false,ליקר תפוזים קואנטרו700מל,פיטר הירינג,FR,ליקר קואנטרו,מיליליטרים,700.00,"100 מ""ל",false,1,119.90,17.13,true,1,
3387390320244,false,דגני בוקר פיטנס+פירות375,סי. פי. צרפת,FR,דגני פיטנס,גרמים,375.00,100 גרם,false,0,19.90,5.31,true,1,
3574660089547,false,טמפוני או בה נורמל 32 יח,ג'\ונסון אנד ג'\ונסון,GR,טמפוני או בה,יחידה,1.00,יחידה,false,0,18.90,18.90,true,1,
3574660464337,false,76 קרפרי מבושם מגה פק,ג'\ונסון אנד ג'\ונסון,GR,מגן תחתון קרפרי,יחידה,1.00,יחידה,false,0,16.90,16.90,true,1,
3574660464368,false,76 קרפרי אלוורה מגה פק,---,GR,מגן תחתון קרפרי,יחידה,1.00,יחידה,false,0,16.90,16.90,true,1,
3574660464429,false,76 קרפרי אוורירי מגה פק,ג'\ונסון אנד ג'\ונסון,GR,מגן תחתון קרפרי,יחידה,1.00,יחידה,false,0,16.90,16.90,true,1,
3574661419435,false,תחבושות וניה מקסי 12 יח,---,BE,תחבושות וניה,יחידה,1.00,יחידה,false,1,18.90,18.90,true,1,
3574661425139,false,ג'ונסון בייבי ק.החתלה100,ג'ונסון,IT,קרם החתלה,מיליליטרים,100.00,"100 מ""ל",false,1,13.90,13.90,true,1,
3574661425696,false,ג'ונסון בייבי תחליב 500מ,ג'ונסון,IT,ג'ונסון תחליב,מיליליטרים,500.00,"100 מ""ל",false,1,18.90,3.78,true,1,
3574661458748,false,טלק לתינוקות,ג'ונסון,IT,טלק לתינוקות,גרמים,200.00,100 גרם,false,1,9.90,4.95,true,1,
3574661487618,false,קרפרי מגן מקסי מבושם48יח,ג'\ונסון אנד ג'\ונסון,GR,קרפרי מגני תחתון,יחידה,1.00,יחידה,false,1,12.90,12.90,true,1,
3574661487632,false,קרפרי מגן לארג' פלוס64יח,ג'\ונסון אנד ג'\ונסון,GR,קרפרי מגני תחתון,יחידה,1.00,יחידה,false,1,16.90,16.90,true,1,
3574661552576,false,56 קרפרי מגן רגיל טנגו,ג'\ונסון אנד ג'\ונסון,GR,מגני תחתון קרפרי,יחידה,1.00,יחידה,false,1,12.90,12.90,true,1,
3574669907767,false,ג'ונסון שמפו קמומיל 750מ,ג'ונסונס בייבי,IT,ג'ונסון שמפו,מיליליטרים,750.00,"100 מ""ל",false,1,12.90,1.72,true,1,
3574669907972,false,ג'ונסון שמפו ברק 750מל,ג'ונסון,IT,ג'ונסון שמפו,מיליליטרים,750.00,"100 מ""ל",false,1,12.90,1.72,true,1,
3574669908443,false,ג'ונסון אלסבון וקצף 750מ,ג'ונסון,IT,ג'ונסון אל סבון,מיליליטרים,750.00,"100 מ""ל",false,1,9.90,1.32,true,1,
3574669908481,false,ג'ונסון אל סבון אמבט750מ,ג'ונסון,IT,ג'ונסון אל סבון,מיליליטרים,750.00,"100 מ""ל",false,1,9.90,1.32,true,1,
3574669908665,false,ג'ונסון אלסבון ל.שינה750,ג'ונסון,IT,ג'ונסון אל סבון,מיליליטרים,750.00,"100 מ""ל",false,1,9.90,1.32,true,1,
3574669908948,false,ג'ונסון אל סבון עדין750מ,ג'ונסון,IT,ג'ונסון אל סבון,מיליליטרים,750.00,"100 מ""ל",false,1,9.90,1.32,true,1,
3574669909143,false,שמן לתינוק ג'ונסון חורי,,IL,שמן לתינוק ג'ונס,מיליליטרים,300.00,"100 מ""ל",false,1,19.90,6.63,true,1,
3600523716524,false,רויטליפט קרם יוםאדום50מל,"קרלסרו, גרמניה",DE,קרם יום אדום,מיליליטרים,50.00,"100 מ""ל",false,1,49.90,99.80,true,1,
3607345264912,false,ספריי גוף אייס דייב 150מ,COLEPCCL,ES,ספריי גוף אדידס,מיליליטרים,150.00,"100 מ""ל",false,0,12.90,8.60,true,1,
3607345265117,false,ספריי גוף אדידס טים150מל,COLEPCCL,PL,ספריי גוף אדידס,מיליליטרים,150.00,"100 מ""ל",false,0,12.90,8.60,true,1,
3614224051235,false,"דאו.אדידס A3 פרש 200 מ""ל",COLEPCCL,PT,דאו.אדידס,מיליליטרים,200.00,"100 מ""ל",false,1,13.90,6.95,true,1,
3614224056537,false,דאו.אדידס אדיפאוור150 מל,COLEPCCL,PT,דאו.אדידס,מיליליטרים,150.00,"100 מ""ל",false,1,13.90,9.27,true,1,
3661163991146,false,דאו.אדידס A3פרש אישה150מ,COLEPCCL,PT,דאודורנט אדידס,מיליליטרים,150.00,"100 מ""ל",false,0,13.90,9.27,true,1,
3800718504947,false,ספוג סקוטש שייני 10 יחיד,מ.א,IL,ספוג סקוטש שייני,יחידה,1.00,יחידה,false,1,3.50,3.50,true,1,
4005808166206,false,קרם רב שימושי Nivea 250,ביירסדורץ,IL,קרם רב שימושי250,מיליליטרים,250.00,"100 מ""ל",false,0,15.90,6.36,true,1,
4005808367016,false,"לאבלו ורוד במארז 5 מ""ל",,IL,לאבלו ורוד במארז,יחידה,1.00,יחידה,false,1,9.90,9.90,true,1,
4005808368853,false,"לאבלו 5 מ""ל",,IL,לאבלו,מיליליטרים,5.00,"100 מ""ל",false,1,8.90,178.00,true,1,
4005808531981,false,לאבלו ורוד במארז,,,לאבלו ורוד במארז,יחידה,1.00,יחידה,false,0,9.90,9.90,true,1,
4005808828081,false,דאו.ניוואה רול פרש אקטיב,ביירסדורץ,DE,דאו.ניוואה רול פ,מיליליטרים,50.00,"100 מ""ל",false,1,9.90,19.80,true,1,
4005808828098,false,דאו.ניוואה רול פרש נטורל,ביירסדורץ,DE,דאו.ניוואה רול פ,מיליליטרים,50.00,"100 מ""ל",false,1,9.90,19.80,true,1,
4005808837359,false,ניוואה רול און פרל 50 מל,ביירסדורף,DE,דאודורנט ניוואה,מיליליטרים,50.00,"100 מ""ל",false,0,9.90,19.80,true,1,
4005900008985,false,"קרם סופט שפופרת 75 מ""ל",,IL,קרם סופט שפופרת,מיליליטרים,75.00,"100 מ""ל",false,1,9.90,13.20,true,1,
4005900009463,false,קרם לחות רב שימושי 300מ,,IL,"קרם 300מ""ל ניוא",מיליליטרים,300.00,"100 מ""ל",false,1,26.90,8.97,true,1,
4005900640741,false,רול און גבר אספרסו דניאל,,IL,רול און גבר אספר,יחידה,1.00,יחידה,false,1,9.90,9.90,true,1,
4005900651167,false,רול און לגבר ללא סימן דנ,,IL,רול און לגבר ללא,יחידה,1.00,יחידה,false,1,9.90,9.90,true,1,
4008287058161,false,"בירה קרומבאכר 330*6 מ""ל",קרומבאכר,DE,בירה קרומבאכר6יח,ליטרים,1.98,ליטר,false,1,29.90,15.10,true,1,
4008287762020,false,בירה קרומבאכר חיטה בק500,קרומבאכר,DE,בירה קרומבאכר,מיליליטרים,500.00,"100 מ""ל",false,0,9.90,1.98,true,1,
4009300522935,false,תה ירוק לימונית+לואיזה20,טיקנה,DE,תה ירוק לואיזה,גרמים,30.00,100 גרם,false,0,13.90,46.33,true,1,
4009900013581,false,מסטיק סטיקס ספירמינט 5יח,ריגלי צרפת,FR,מסטיק סטיקס,גרמים,65.00,100 גרם,false,0,7.90,12.15,true,1,
4009900385824,false,מסטיק סטיקס פפרמינט 5 יח,ריגלי צרפת,FR,מסטיק סטיקס,גרמים,65.00,100 גרם,false,0,7.90,12.15,true,1,
4009900402965,false,אורביט וייט פירות 64גרם,ריגלי פולין,PL,אורביט בקבוקון,גרמים,64.00,100 גרם,false,0,6.90,10.78,true,1,
4009900403023,false,מסטיק אורביט ויט מנטה64ג,ריגלי פולין,PL,אורביט בקבוקון,גרמים,64.00,100 גרם,false,0,6.90,10.78,true,1,
4009900420129,false,אורביט פפרמינט בקבוקון64,---,PL,אורביט פפרמינט,גרמים,64.00,100 גרם,false,1,6.90,10.78,true,1,
4009900426039,false,מסטיק איירוויבז מנטה64ג,ריגלי פולין,PL,מסטיק איירוויבז,גרמים,64.00,100 גרם,false,1,6.90,10.78,true,1,
4009900426121,false,מסטיק איירוויבז אוכמנ64ג,ריגלי פולין,PL,מסטיק איירוויבז,גרמים,64.00,100 גרם,false,1,6.90,10.78,true,1,
4009900479998,false,אורביט אוכמניות בקבוק64ג,ריגלי פולין,PL,אורביט בקבוקון,גרמים,64.00,100 גרם,false,0,6.90,10.78,true,1,
4009900482417,false,אורביט באבל מינט בקבוק64,ריגלי פולין,PL,אורביט באבל מינט,גרמים,64.00,100 גרם,false,0,6.90,10.78,true,1,
4009900483803,false,איירוויבז מנטה M 84 גרם,---,PL,מסטיק איירוויבז,גרמים,84.00,100 גרם,false,1,14.90,17.74,true,1,
4009900484060,false,מסטיק בקבוק M פפרמינט84ג,ריגלי פולין,PL,אורביט בקבוק,גרמים,84.00,100 גרם,false,0,9.90,11.79,true,1,
4009900484091,false,מסטיק בקבוק M ספירמינ84,ריגלי פולין,PL,אורביט בקבוק,גרמים,84.00,100 גרם,false,0,9.90,11.79,true,1,
4009900484305,false,מסטיק בקבוקMסוויטמינט84ג,ריגלי,GB,אורביט בקבוק,גרמים,84.00,100 גרם,false,0,9.90,11.79,true,1,
4009900487283,false,מסטיק סטיקס פירות 5 יח',ריגלי צרפת,FR,מסטיק סטיקס,גרמים,65.00,100 גרם,false,0,7.90,12.15,true,1,
4009900491044,false,איירוויבז Mאוכמניות 84גר,---,PL,מסטיק איירוויבז,גרמים,84.00,100 גרם,false,1,14.90,17.74,true,1,
4009900496247,false,מסטיק בקבוק M בבלמינט84ג,---,PL,אורביט בקבוק,גרמים,84.00,100 גרם,false,1,9.90,11.79,true,1,
4009900509770,false,מסטיק בקבוק M תות 84 גרם,ריגלי,GB,אורביט בקבוק,גרמים,84.00,100 גרם,false,1,9.90,11.79,true,1,
4009900531122,false,מסטיק אורביט ספירמינט64ג,---,PL,אורביט ספירמינט,גרמים,64.00,100 גרם,false,1,6.90,10.78,true,1,
4009900532327,false,סוכריות סקיטלס סמודיס38ג,ריגלי ממתקים,CZ,סוכריות סקיטלס,גרמים,38.00,100 גרם,false,1,2.90,7.63,true,1,
4009900534581,false,איירוויבז מנטה ודובדבן64,---,IL,מסטיק איירוויבז,גרמים,64.00,100 גרם,false,1,6.90,10.78,true,1,
4009900534611,false,איירויבז מנטה+מלון64גרם,---,IL,מסטיק אייוויבז,גרמים,64.00,100 גרם,false,1,6.90,10.78,true,1,
4009900535519,false,אורביט רפרשרס ספירמי15.6,ריגלי,PL,אורביט רפרשרס,גרמים,15.00,100 גרם,false,1,3.90,26.00,true,1,
4009900535540,false,אורביט רפרשרס פפרמינ15.6,---,PL,מסטיק אורביט,גרמים,15.00,100 גרם,false,1,3.90,26.00,true,1,
4009900535823,false,אורביט רפרשרס בטעם15.6ג,---,PL,מסטיק אורביט,גרמים,15.00,100 גרם,false,1,3.90,26.00,true,1,
4009900536288,false,אורביט רפרשרס פפרמינט67ג,ריגלי,PL,אורביט רפרשרס,גרמים,67.00,100 גרם,false,1,9.90,14.78,true,1,
4009900539685,false,מסטיק פייב באונס מנטה61ג,ריגלי בעמ רוסיה,PL,מסטיק פייב,גרמים,61.00,100 גרם,false,1,11.90,19.51,true,1,
4009900539746,false,פייב באונס ט.אבטיח61.8,ריגלי בעמ רוסיה,PL,מסטיק פייב,גרמים,61.00,100 גרם,false,1,11.90,19.51,true,1,
4009900540551,false,אורביט רפרשרס טרופיקל67ג,---,PL,אורביט רפרשרס,גרמים,67.00,100 גרם,false,1,9.90,14.78,true,1,
4015000031394,false,"ספטיל מסיר כתמים 200 מ""ל",הנקל,HU,ספטיל מסיר כתמים,מיליליטרים,200.00,"100 מ""ל",false,0,9.90,4.95,true,1,
4015000519915,false,דאו.ספריי פינק פשיין 200,הנקל סוד,TR,דאודורנט FA,מיליליטרים,200.00,"100 מ""ל",false,0,8.90,4.45,true,1,
4015000615891,false,דאו.ספריי FA אקווה 200מל,הנקל סוד,DE,דאודורנט FA,מיליליטרים,200.00,"100 מ""ל",false,0,8.90,4.45,true,1,
4015000615921,false,דאו.ספרי FA ספורט גבר200,הנקל סוד,TR,דאודורנט FA,מיליליטרים,200.00,"100 מ""ל",false,0,8.90,4.45,true,1,
4015400564034,false,מגן תח.אולוייז +L מגה פק,פרוקטר אנד גמבל,DE,מגן תחתון אולויז,יחידה,1.00,יחידה,false,0,17.90,17.90,true,1,
4015400564454,false,68מגני תח.אולוייז מגה L,פרוקטר אנד גמבל,DE,מגן תחתון אולויז,יחידה,1.00,יחידה,false,0,17.90,17.90,true,1,
4015400598329,false,56אולוויז קוואטרו נורמל+,פרוקטר אנד גמבל,UA,תחבושות אולוויז,יחידה,1.00,יחידה,false,0,28.90,28.90,true,1,
4015400598381,false,48 אולוויז קוואטרו לונג+,פרוקטר אנד גמבל,UA,תחבושות אולוויז,יחידה,1.00,יחידה,false,0,28.90,28.90,true,1,
4015400598411,false,40 אולוויז קוואטרו לילה,פרוקטר אנד גמבל,UA,תחבושות אולוויז,יחידה,1.00,יחידה,false,0,28.90,28.90,true,1,
4015400629368,false,דיסקריט 16תחבושות סמול+,פרוקטר אנד גמבל,DE,דיסקריט תחבושות,יחידה,1.00,יחידה,false,1,21.90,21.90,true,1,
4015400681670,false,18תחב.אולוייז לילה בטוח,פרוקטר אנד גמבל,UA,תחבושות אולוייז,יחידה,1.00,יחידה,false,0,15.90,15.90,true,1,
4015400695677,false,76פמפרס ב.דריי +4 א.ענק,---,TR,פמפרס אריזת ענק,יחידה,1.00,יחידה,false,1,67.90,67.90,true,1,
4015400695691,false,72פמפרס ב.דריי 5 א.ענק,---,TR,פמפרס אריזת ענק,יחידה,1.00,יחידה,false,1,67.90,67.90,true,1,
4015400746812,false,80מגני תח.אולוייז מגה פק,פרוקטר אנד גמבל,UA,מגן תחתון אולויז,יחידה,1.00,יחידה,false,1,17.90,17.90,true,1,
4015600763251,false,שמפו הד&שולדרס קלאסי600מ,פרוקטר אנד גמבל,RO,שמפו הד&שולדרס,מיליליטרים,600.00,"100 מ""ל",false,0,22.90,3.82,true,1,
4015600763459,false,שמפו הד&שולדרס תפוח600מל,פרוקטר אנד גמבל,RO,שמפו הד&שולדרס,מיליליטרים,600.00,"100 מ""ל",false,0,22.90,3.82,true,1,
4015600763534,false,הד&שולדרס מגע משי 600מ,פרוקטר אנד גמבל,RO,שמפו הד&שולדרס,מיליליטרים,600.00,"100 מ""ל",false,0,22.90,3.82,true,1,
4084500088917,false,פיירי לכלים לימון650מל,פרוקטר אנד גמבל,GB,פיירי נוזל לכלים,מיליליטרים,650.00,"100 מ""ל",false,0,8.90,1.37,true,1,
4084500149526,false,טייד ג'ל כביסה 2.48 ליטר,פרוקטר אנד גמבל,FR,טייד ג'ל,ליטרים,2.48,ליטר,false,0,23.90,9.64,true,1,
4084500471733,false,ג'ילט דאו קליר ג'ל ארטיק,,IL,ג'ילט דאו קליר ג,יחידה,1.00,יחידה,false,1,13.90,13.90,true,1,
4084500471900,false,ג'ילט דאו קליר ג'ל ספורט,ג'\ילט פרוקטר אנד גמבל,PL,ג'ילט דאו קליר ג,מיליליטרים,70.00,"100 מ""ל",false,1,13.90,19.86,true,1,
4084500472020,false,ג'ילט דאו קליר ג'ל טריומ,,IL,ג'ילט דאו קליר ג,מיליליטרים,70.00,"100 מ""ל",false,1,13.90,19.86,true,1,
4084500853836,false,"פיירי ורדים ומשי 515 מ""ל",פרוקטר אנד גמבל,GB,פיירי נוזל לכלים,מיליליטרים,515.00,"100 מ""ל",false,1,8.90,1.73,true,1,
4084500853898,false,פיירי אלוורה/מלפפונים515,פרוקטר אנד גמבל,GB,פיירי נוזל לכלים,מיליליטרים,515.00,"100 מ""ל",false,1,8.90,1.73,true,1,
4100130937163,false,"בירה בקס 275*6 מ""ל",CO AND BECK,DE,בירה בקס 6 בקבוק,ליטרים,1.65,ליטר,false,1,25.90,15.70,true,1,
4105120624412,false,בירה ויינשטפן ויטוס500מל,"ויינשטפן, ת.ד 1155 פרייז",DE,בירה ויישטפן,מיליליטרים,500.00,"100 מ""ל",false,1,11.90,2.38,true,1,
4567646853118,false,קישוט דיקרוטיבי לעוגת יו,,IL,קישוט דיקורטיבי,יחידה,1.00,יחידה,false,1,6.90,6.90,true,1,
4603400000203,false,רוסקי סטנדרט,,,רוסקי סטנדרט,יחידה,1.00,יחידה,false,0,89.90,89.90,true,1,
4603400000937,false,וודקה רוסקיי גול,,,וודקה רוסקיי גול,יחידה,1.00,יחידה,false,0,110.00,110.00,true,1,
4603928000976,false,"וודקה בלוגה 700 מ""ל",מרינסקי ליקרו-וודאצ'\ני,RU,וודקה בלוגה,מיליליטרים,700.00,"100 מ""ל",false,1,119.90,17.13,true,1,
4627137372914,false,בונבונירה לב כחול כשלפ ק,,IL,בונבונירה לב כחו,גרמים,126.00,100 גרם,false,1,14.90,11.83,true,1,
4627137372938,false,בונבונירה שוקולד מריר קש,,IL,בונבונירה שוקולד,גרמים,108.00,100 גרם,false,1,14.90,13.80,true,1,
4627137373409,false,פרליני שוקולד משולש כחול,גוד ביט,BY,פרליני שוקולד,גרמים,115.00,100 גרם,false,1,14.90,12.96,true,1,
4627137373430,false,פרליני שוקולד משולש כתום,גוד ביט,BY,פרליני שוקולד,גרמים,115.00,100 גרם,false,1,14.90,12.96,true,1,
4680025373905,false,מפיות בורדו פס קרם ב.ס.ד,,IL,מפיות בורדו פס ק,יחידה,1.00,יחידה,false,1,3.90,3.90,true,1,
4680025374117,false,מפיות אדום עם עי,,,מפיות אדום עם עי,יחידה,1.00,יחידה,false,0,3.90,3.90,true,1,
4680025374452,false,מפיות ורוד פרחים ב.ס.ד,,IL,מפיות ורוד פרחים,יחידה,1.00,יחידה,false,1,3.90,3.90,true,1,
4680025376005,false,מפיות כחול עם עי,,,מפיות כחול עם עי,יחידה,1.00,יחידה,false,0,3.90,3.90,true,1,
4680025376937,false,מפיות טורקיז פרחים ב.ס.ד,,IL,מפיות טורקיז פרח,יחידה,1.00,יחידה,false,1,3.90,3.90,true,1,
4800888185440,false,דאו.דאב רולאון ללא סימ50,יוניליוור,PH,דאודורנט דאב,מיליליטרים,50.00,"100 מ""ל",false,0,12.90,25.80,true,1,
4800888190154,false,דאו.דאב רול און טלק 50מל,יוניליוור,PH,דאודורנט דאב,מיליליטרים,50.00,"100 מ""ל",false,1,12.90,25.80,true,1,
4800888190529,false,דאו.דאב סטיק טלק סופט50,יוניליוור,PH,דאודורנט דאב,גרמים,50.00,100 גרם,false,1,14.90,29.80,true,1,
4800888219510,false,"דאו סטיק מלפפונים50 מ""ל",יוניליוור,PH,דאודורנט דאב,גרמים,50.00,100 גרם,false,1,14.90,29.80,true,1,
4800888219534,false,דאודורנט סטיק אורגינל 50,יוניליוור,PH,דאו.דאב,מיליליטרים,50.00,"100 מ""ל",false,1,14.90,29.80,true,1,
4820229031311,false,וודקה חורטיצה פלטינום700,אימיג' הולדינג,UA,וודקה חורטיצה,מיליליטרים,700.00,"100 מ""ל",false,1,49.90,7.13,true,1,
4891228430061,false,10 סכיני גילוח עם אלוורה,"ש. שסטוביץ בע""\מ",CN,סכיני גילוח 10יח,יחידה,1.00,יחידה,false,0,19.90,19.90,true,1,
4891228430092,false,4סכינ.גילוח אקסטרים3 אשה,שיק,CN,סכיני גילוח,יחידה,1.00,יחידה,false,0,13.90,13.90,true,1,
4895060595162,false,מיני סוכריות תות,,IL,מיני סוכריות תות,גרמים,43.00,100 גרם,false,0,2.90,6.74,true,1,
4895060595193,false,מיני סוכריות,,IL,מיני סוכריות,גרמים,43.00,100 גרם,false,0,2.90,6.74,true,1,
4904530589126,false,רביעעיה סוללות אלקליין T,,IL,רביעעיה סוללות א,יחידה,1.00,יחידה,false,1,8.90,8.90,true,1,
5000146048671,false,סילבו מטליות לכלי כסף,רקיט בנקיזר,PT,מטליות ניקוי,גרמים,75.00,100 גרם,false,1,14.90,19.87,true,1,
5000267013626,false,ג'וני ווקר רד לייבל 1 לי,ג'ון ווקר ובניו,GB,ג'וני ווקר רד לי,מיליליטרים,1000.00,"100 מ""ל",false,1,89.90,8.99,true,1,
5000267023625,false,וויסקי ג'וני ווקר שחור1ל,ג'ון ווקר ובניו,GB,ויסקי ג'וני ווקר,ליטרים,1.00,ליטר,false,1,139.00,139.00,true,1,
5000267117584,false,וויסקי ג'וני ווקר גולד 1,ג'\ון ווקר ובניו,GB,וויסקי ג'וני ווק,ליטרים,1.00,ליטר,false,1,239.30,239.30,true,1,
5000299225028,false,"וויסקי שיבס 18 750 מ""ל",,GB,וויסקי שיבס,מיליליטרים,750.00,"100 מ""ל",false,1,199.00,26.53,true,1,
5000299609347,false,"וויסקי גלנליווט 700 מ""ל",ג'ורג' וג'יי ג'יי סמית,GB,וויסקי גלנליווט,מיליליטרים,700.00,"100 מ""ל",false,1,129.90,18.56,true,1,
5010038454831,false,"בירה בלו מון 330 מ""ל","מבשלת סטרופראמן בע""\מ ,",CZ,בירה בלו מון,מיליליטרים,330.00,"100 מ""ל",false,1,13.90,4.21,true,1,
5010038464670,false,"בלו מון בירה מנגו 330מ""ל",לה סגרה ברו ספרד,ES,בלו מון בירה,מיליליטרים,330.00,"100 מ""ל",false,1,13.90,4.21,true,1,
5010103800303,false,"וויסקי ג'יי & בי 750 מ""ל",,IL,וויסקי ג'יי & בי,מיליליטרים,750.00,"100 מ""ל",false,0,88.00,11.73,true,1,
5010123703585,false,"ליסטרין קול מינט 500 מ""ל",ג'ונסון,IT,מי פה ליסטרין,מיליליטרים,500.00,"100 מ""ל",false,1,11.90,2.38,true,1,
5010182997680,false,"רייד קוטל זוחלים 300 מ""ל",אס.סי.ג'ונסון מידרכט,NL,רייד נמלים,מיליליטרים,300.00,"100 מ""ל",false,0,20.10,6.70,true,1,
5010327223209,false,גרנטס ליטר(12),,,גרנטס ליטר(12),יחידה,1.00,יחידה,false,0,89.00,89.00,true,1,
5011417547885,false,מקלות ריחנים ניחוח כביסה,רקיט בנקיזר,NL,מקלות ריחניים,יחידה,1.00,יחידה,false,0,15.90,15.90,true,1,
5012741005010,false,שוקולד אפטר דינר מנטה פר,,IL,שוקולד אפטר דינר,יחידה,1.00,יחידה,false,1,32.90,32.90,true,1,
5012741005034,false,שוקולד אפטר דינר מעורב פ,,IL,שוקולד אפטר דינר,יחידה,1.00,יחידה,false,1,32.90,32.90,true,1,
5012741024011,false,שוקולד קרימס מנט,,,שוקולד קרימס מנט,יחידה,1.00,יחידה,false,0,13.90,13.90,true,1,
5012741024028,false,שוקולד קרימס תפו,,,שוקולד קרימס תפו,יחידה,1.00,יחידה,false,0,13.90,13.90,true,1,
5012741024035,false,שוקולד קרימס תות,,,שוקולד קרימס תות,יחידה,1.00,יחידה,false,0,13.90,13.90,true,1,
5012741024042,false,שוקולד קרימס קפה,,,שוקולד קרימס קפה,יחידה,1.00,יחידה,false,0,13.90,13.90,true,1,
5012741024059,false,שוקולד קרימס מעורב,,IL,שוקולד קרימס מעו,יחידה,1.00,יחידה,false,1,13.90,13.90,true,1,
5012741031057,false,שוקולד קרימס מעורב,,IL,שוקולד קרימס מעו,יחידה,1.00,יחידה,false,1,29.90,29.90,true,1,
5016616000520,false,טופי חלבי עם חמאה 200 גר,פי אנד די,GR,טופי חלבי,גרמים,200.00,100 גרם,false,1,9.90,4.95,true,1,
5016616000933,false,ממתק ליקוריץ במילוי תססן,סופרפליירס פקטורי,GB,ליקוריץ במילוי,גרמים,50.00,100 גרם,false,1,8.90,17.80,true,1,
5016616000940,false,ממתק בטעם תות מילוי תססן,סופרפליירס פקטורי,GB,ממתק בטעם תות,גרמים,50.00,100 גרם,false,1,8.90,17.80,true,1,
5016616001657,false,"סוכריות פירות טרופי לל""ס",אי אל סימפקין,GB,"סוכריות לל""ס",גרמים,175.00,100 גרם,false,1,19.90,11.37,true,1,
5016616201187,false,סוכריות קשות פירות הדר,אי אל סימפקין,GB,סוכריות בקופסא,יחידה,1.00,יחידה,false,0,14.90,14.90,true,1,
5016616300248,false,טופי שוקולד ומנטה 150 גר,פי אנד די,GR,טופי שוקולד ומנט,גרמים,150.00,100 גרם,false,1,9.90,6.60,true,1,
5016616300255,false,טופי ענבים ופטל 150 גרם,פי אנד די,GR,טופי ענבים ופטל,גרמים,150.00,100 גרם,false,1,9.90,6.60,true,1,
5016616300262,false,טופי קוקוס ואננס 150 גרם,פי אנד די,GR,טופי קוקוס ואננס,גרמים,150.00,100 גרם,false,1,9.90,6.60,true,1,
5016616300279,false,טופי תפוז ולימון 150 גרם,פי אנד די,GR,טופי תפוז ולימון,גרמים,150.00,100 גרם,false,1,9.90,6.60,true,1,
5029053032658,false,ממחטות קלינקס 9*8 יחידות,חוגלה קימברלי,IT,קלינקס שמיניה,יחידה,1.00,יחידה,false,1,7.90,7.90,true,1,
5029053039725,false,קלינקס נטורל פרש72 דף,---,FR,קלינקס נטורל פרש,יחידה,1.00,יחידה,false,1,9.90,9.90,true,1,
5029053510811,false,קוטקס תחבושות נורמל 30יח,חוגלה קימברלי,CZ,תחבושות קוטקס,יחידה,1.00,יחידה,false,0,15.90,15.90,true,1,
5029053510828,false,קוטקס תחבושות סופר 22 יח,חוגלה קימברלי,CZ,תחבושות קוטקס,יחידה,1.00,יחידה,false,0,15.90,15.90,true,1,
5029053523446,false,קוטקס תחבושות נייט 20 יח,חוגלה קימברלי,CZ,תחבושות נייט קוט,יחידה,1.00,יחידה,false,0,15.90,15.90,true,1,
5029053527574,false,10תח.ספיגה לילה בנים4-7,חוגלה קימברלי,CZ,10 תחתוני ספיגה,יחידה,1.00,יחידה,false,0,32.90,32.90,true,1,
5029053527581,false,10תח.ספיגה לילה בנות4-7,חוגלה קימברלי,CZ,10 תחתוני ספיגה,יחידה,1.00,יחידה,false,0,32.90,32.90,true,1,
5029053527598,false,9תח.ספיגה לילה בנים8-15,חוגלה קימברלי,CZ,תחתוני ספיגה האג,יחידה,1.00,יחידה,false,0,32.90,32.90,true,1,
5029053527604,false,9תח.ספיגה לילה בנות8-15,חוגלה קימברלי,IL,תחתוני ספיגה האג,יחידה,1.00,יחידה,false,0,32.90,32.90,true,1,
5029053534596,false,32 טמפוני קוטקס נורמל,קימברלי קלארק,CZ,טמפוני קוטקס,יחידה,1.00,יחידה,false,0,19.90,19.90,true,1,
5029053535234,false,16טמפונ.קוטקס מוליך סופר,חוגלה קימברלי,CZ,טמפוני קוטקס,יחידה,1.00,יחידה,false,0,13.90,13.90,true,1,
5029053574103,false,20 האגיס גמילה יום בנות,---,CZ,האגיס גמילה בנות,יחידה,1.00,יחידה,false,1,39.90,39.90,true,1,
5029053574141,false,18 האגיס גמילה לילה בנות,---,CZ,האגיס גמילה בנות,יחידה,1.00,יחידה,false,1,39.90,39.90,true,1,
5029053574158,false,18 האגיס גמילה לילה בנים,---,CZ,האגיס גמילה בנים,יחידה,1.00,יחידה,false,1,39.90,39.90,true,1,
5029054220085,false,מגבונים לרך נולד 56*4 יח,חוגלה קימברלי,GB,מגבונים לרך נולד,יחידה,1.00,יחידה,false,1,23.90,23.90,true,1,
5053827193368,false,קלוגס ברנפלקס 500 גרם,קלוגס קומפני אוף גרייט ב,GB,קלוגס ברנפלקס,גרמים,500.00,100 גרם,false,1,21.90,4.38,true,1,
5060201032472,false,נייר טואלט צץ רץ 9000 דף,,IL,נייר טואלט צץ רץ,יחידה,1.00,יחידה,false,1,89.90,89.90,true,1,
5099864006377,false,סימילאק שלב 1 מהדרין900ג,ABBOT,IE,סימילאק שלב 1,גרמים,900.00,100 גרם,false,0,69.90,7.77,true,1,
5099864006384,false,סימילאק שלב 2 מהדרין900ג,ABBOT,IE,סימילאק שלב 2,גרמים,900.00,100 גרם,false,0,69.90,7.77,true,1,
5099864006391,false,סימילאק שלב 3 מהדרין900ג,ABBOT,IE,סימילאק שלב 3,גרמים,900.00,100 גרם,false,0,69.90,7.77,true,1,
5202287029001,false,כוסות מעוטרות 50 יחידות,,CN,כוסות מעוטרות,יחידה,1.00,יחידה,false,1,15.90,15.90,true,1,
5290074003198,false,מיץ תפוזים 100% 1 ליטר,SEVEGEP,CY,מיץ תפוזים,ליטרים,1.00,ליטר,false,1,9.90,9.90,true,1,
5290074003211,false,מיץ אננס 100% 1 ליטר,SEVEGEP,CY,מיץ אננס,ליטרים,1.00,ליטר,false,1,9.90,9.90,true,1,
5290074003228,false,מיץ תפוחים 100% 1 ליטר,SEVEGEP,CY,מיץ תפוחים,ליטרים,1.00,ליטר,false,1,9.90,9.90,true,1,
5290074004225,false,מיקס תפוזים/תפוחים/בננה,SEVEGEP,CY,מיקס תפוזים,ליטרים,1.00,ליטר,false,1,9.90,9.90,true,1,
5290914001445,false,זיתים קלמטה שחורים 200 ג,,IL,זיתי קלמנטה200ג,גרמים,200.00,100 גרם,false,1,7.90,3.95,true,1,
5290914001452,false,זיתים ירוקים בוואקום200ג,,IL,זיתים ירוקים,גרמים,200.00,100 גרם,false,1,7.90,3.95,true,1,
5290914001476,false,זיתים מעורבים ירוק/שחור,,IL,זיתים מעורבים,גרמים,200.00,100 גרם,false,1,7.90,3.95,true,1,
5290914001483,false,זיתים ירוקים עם אורגנו,,IL,זיתים ירוקים,גרמים,200.00,100 גרם,false,1,7.90,3.95,true,1,
5290914001995,false,שמן זית כתית בפך 03% חומ,,IL,שמן זית כתית בפך,מיליליטרים,100.00,"100 מ""ל",false,1,12.90,12.90,true,1,
5290914002114,false,זיתים ירוקים מתובלים 200,,IL,זיתים ירוקים,גרמים,200.00,100 גרם,false,1,7.90,3.95,true,1,
5290914002145,false,זיתים ירוקים ושחורים 200,,IL,זיתים שחור/ירוק,גרמים,200.00,100 גרם,false,1,7.90,3.95,true,1,
5290914002343,false,ממרח זיתים ירוקים פיקנטי,,IL,ממרח זיתים ירוקי,גרמים,180.00,100 גרם,false,1,7.90,4.39,true,1,
5290914002350,false,ממרח זיתי קלמטה שום ובזי,,IL,ממרח זיתי קלמטה,גרמים,180.00,100 גרם,false,1,7.90,4.39,true,1,
5290914002725,false,ממרח זיתי קלמטה שחורים ע,,IL,ממרח זיתי קלמטה,גרמים,180.00,100 גרם,false,1,7.90,4.39,true,1,
5410126006087,false,ביסקוויט בטעם קרמל 700 ג,לוטוס ביקרי,BE,ביסקוויט לוטוס,גרמים,700.00,100 גרם,false,0,17.90,2.56,true,1,
5410126106183,false,ביסקוויט לוטוס ארוז 50יח,לוטוס ביקרי,BE,ביסקוויט לוטוס,גרמים,312.00,100 גרם,false,0,14.90,4.78,true,1,
5410126116953,false,ממרח ביסקוויט לוטוס 400ג,לוטוס ביקרי,BE,ממרח ביסקוויט,גרמים,400.00,100 גרם,false,0,19.90,4.98,true,1,
5410126716016,false,ביסקוויט לוטוס ט.קרמל250,לוטוס ביקרי,BE,ביסקויט לוטוס,גרמים,250.00,100 גרם,false,0,7.90,3.16,true,1,
5410126726947,false,ממרח עוג.לוטוס קראנץ380ג,לוטוס ביקרי,BE,ממרח עוגיות,גרמים,380.00,100 גרם,false,0,19.90,5.24,true,1,
5410228141266,false,"בירה סטלה ארטואה 330 מ""ל",קרלסברג יבוא יצוא,IL,בירה סטלה בקבוק,מיליליטרים,330.00,"100 מ""ל",false,0,6.20,1.88,true,1,
5410228144755,false,בירה סטלה ארטואה 330*6מל,מבשלות בירה בינלאומיות ב,IL,בירה סטלה 6 יח',ליטרים,1.98,ליטר,false,0,29.90,15.10,true,1,
5410228267515,false,"בירה באדוויזר 330*6 מ""ל","איי, בי, אינבוו",GB,בירה באדוויזר6בק,ליטרים,1.98,ליטר,false,1,29.90,15.10,true,1,
5410316983693,false,"אייס סמירנוף בק275. מ""ל",דיאג'ו,IT,אייס סמירנוף,מיליליטרים,275.00,"100 מ""ל",false,0,12.90,4.69,true,1,
5410458252152,false,מלבין טליתות 300 גרם,---,IL,מלבין טליתות,גרמים,300.00,100 גרם,false,0,49.90,16.63,true,1,
5410458305858,false,פיקס לניקוי מוצרי עור 22,,IL,פיקס למוצרי עור,מיליליטרים,225.00,"100 מ""ל",false,1,20.90,9.29,true,1,
5410769100081,false,"בירה לה שוף בקבוק330מ""ל",דובל מורטגט,BE,בירה לה שוף,מיליליטרים,330.00,"100 מ""ל",false,1,13.90,4.21,true,1,
5410769200088,false,"בירה מק שוף בקבוק 330מ""ל",דובל מורטגט,BE,בירה מק שוף,מיליליטרים,330.00,"100 מ""ל",false,1,13.90,4.21,true,1,
5410769300085,false,בירה לה שף הובלון,,IL,בירה לה שף הובלו,מיליליטרים,330.00,"100 מ""ל",false,1,13.90,4.21,true,1,
5410769800097,false,בירה צ'רי שוף בקבוק330מ,דובל מורטגט,BE,בירה צ'רי שוף,מיליליטרים,330.00,"100 מ""ל",false,1,13.90,4.21,true,1,
5411081003654,false,בירה קסטיל רוז',,BE,בירה קסטיל רוז',מיליליטרים,330.00,"100 מ""ל",false,0,11.90,3.61,true,1,
5411188106159,false,משקה סויה מופחת שומן 1 ל,אלפרו C.V.A,BE,משקה סויה אלפרו,ליטרים,1.00,ליטר,false,0,11.90,11.90,true,1,
5411188110835,false,משקה שקדים אלפרו 1 ליטר,אלפרו C.V.A,BE,משקה שקדים אלפרו,ליטרים,1.00,ליטר,false,0,11.90,11.90,true,1,
5411188112549,false,משקה אורז אלפרו 1 ליטר,אלפרו C.V.A,BE,משקה אורז אלפרו,ליטרים,1.00,ליטר,false,0,11.90,11.90,true,1,
5411188112709,false,"משקה שקדים ללת""ס אלפרו1ל",אלפרו C.V.A,BE,משקה שקדים אלפרו,ליטרים,1.00,ליטר,false,0,11.90,11.90,true,1,
5411188115366,false,משקה שיבולת שועל אלפרו1ל,אלפרו C.V.A,BE,משקה שיבולת שועל,ליטרים,1.00,ליטר,false,0,11.90,11.90,true,1,
5411188115472,false,משקה סויה אלפרו 1 ליטר,אלפרו C.V.A,BE,משקה סויה אלפרו,ליטרים,1.00,ליטר,false,1,11.90,11.90,true,1,
5411188120742,false,משקה שקדים טעם וניל 1 ל,אלפרו C.V.A,BE,משקה שקדים וניל,ליטרים,1.00,ליטר,false,1,11.90,11.90,true,1,
5411188121978,false,משקה סויה ט.שוקולד250*3מ,אלפרו C.V.A,BE,משקה סויה 3 יח,מיליליטרים,750.00,"100 מ""ל",false,1,11.90,1.59,true,1,
5411188124689,false,"משקה ש.שועל ללת""ס1 ליטר",אלפרו C.V.A,BE,משקה ש.שועל,ליטרים,1.00,ליטר,false,1,11.90,11.90,true,1,
5411188127697,false,משקה ש.שועל בריסטה 1 ל,אלפרו C.V.A,BE,משקה שיבולת שועל,ליטרים,1.00,ליטר,false,1,11.90,11.90,true,1,
5411188129899,false,משקה שקדים בריסטה 1 ל,אלפרו C.V.A,BE,משקה שקדים אלפרו,ליטרים,1.00,ליטר,false,1,11.90,11.90,true,1,
5411188134985,false,משקה שיבולת שועל3.5% 1 ל,אלפרו C.V.A,BE,משקה שיבולת שועל,ליטרים,1.00,ליטר,false,1,11.90,11.90,true,1,
5411188135005,false,משקה שיבולת שועל 1.8% 1ל,אלפרו C.V.A,BE,משקה שיבולת שועל,ליטרים,1.00,ליטר,false,1,11.90,11.90,true,1,
5411188543398,false,"משקה סויה לל""ס אלפרו 1 ל",אלפרו C.V.A,BE,משקה סויה אלפרו,ליטרים,1.00,ליטר,false,1,11.90,11.90,true,1,
5411681038001,false,"מרדסו מעורפלת מאוד330מ""ל",דובל מורטגט,BE,בירה מרדסו,מיליליטרים,330.00,"100 מ""ל",false,0,13.90,4.21,true,1,
5411686700118,false,בירה ליפמנס פרוטס בתוספת,לפימנס,BE,בירה ליפמנס פרוט,מיליליטרים,250.00,"100 מ""ל",false,1,12.90,5.16,true,1,
5412865030668,false,דקידי שוקולד במילוי מנטה,---,IL,דקיקי שוקולד מנט,גרמים,200.00,100 גרם,false,1,13.90,6.95,true,1,
5412865030781,false,מיני שוקולדים מי,,,מיני שוקולדים מי,יחידה,1.00,יחידה,false,0,12.90,12.90,true,1,
5700005054620,false,חבל מיתר 10 מ' שחור לבן,,IL,חבל מיתר 10 מ' ש,יחידה,1.00,יחידה,false,1,4.90,4.90,true,1,
5700005055757,false,פלייר שפיץ מקצוע,,,פלייר שפיץ מקצוע,יחידה,1.00,יחידה,false,0,19.90,19.90,true,1,
5701049326261,false,עדשים מיני 150 גרם,קרלטי,DK,עדשים מיני,גרמים,150.00,100 גרם,false,1,7.90,5.27,true,1,
5701932026964,false,הוטפופ טעם טבעי100*6ג,פופז,US,פופקורן הוטפופ,גרמים,600.00,100 גרם,false,0,13.90,2.32,true,1,
5701932026971,false,הוטפופ טעם חמאה100*6גר,פופז,US,הוטפופ טעם חמאה,גרמים,600.00,100 גרם,false,0,13.90,2.32,true,1,
5701932026995,false,הוטפופ ט.טבעי מופחת שומן,פופז,US,הוטפופ טעם טבעי,גרמים,510.00,100 גרם,false,0,13.90,2.73,true,1,
5765220190492,false,מסיכות לירון קרביץ,,IL,מסיכות,יחידה,1.00,יחידה,false,1,5.90,5.90,true,1,
5765571543619,false,לקקנים בטעם של פעם,ממתקי נעמה,IL,לקקנים,גרמים,100.00,100 גרם,false,1,12.90,12.90,true,1,
5900020026552,false,האני נאט צ'יריוס 625גרם,סי. פי. צרפת,FR,האני נאט צ'יריוס,גרמים,625.00,100 גרם,false,1,19.90,3.18,true,1,
5900627063233,false,פיניש AIO הכל ב1 50 טב',רקיט בנקיזר,PL,פיניש AIO,יחידה,1.00,יחידה,false,1,39.90,39.90,true,1,
5902198160403,false,משקה אנרגיה TEN XL,"טמפו משקאות בע""\מ",IL,משקה אנרגיה,מיליליטרים,250.00,"100 מ""ל",false,1,3.90,1.56,true,1,
5906485301012,false,משקה אנרגיה XL,,IL,משקה אנרגיה XL,מיליליטרים,250.00,"100 מ""ל",false,0,3.90,1.56,true,1,
5908241711486,false,מטהר אוויר פרחים BRAIT,,,מטהר אוויר פרחים,יחידה,1.00,יחידה,false,0,8.90,8.90,true,1,
5908241711493,false,מטהר אויר ברייט פירות אק,,IL,מטהר אויר ברייט,יחידה,1.00,יחידה,false,0,8.90,8.90,true,1,
5908241711516,false,מטהר אויר ברייט בריזת ים,,IL,מטהר אויר ברייט,יחידה,1.00,יחידה,false,0,8.90,8.90,true,1,
6009606260218,false,דגני בוקר וויטביקס 430 ג,,IL,דגני בוקר 430גר,גרמים,430.00,100 גרם,false,1,25.00,5.81,true,1,
6035216609147,false,פלייסמנט+תחתית לכוס 12 י,,IL,פלייסמנט+תחתית ל,יחידה,1.00,יחידה,false,1,7.90,7.90,true,1,
6035216609161,false,פלייסמנט+תחתית לכוס ייבו,,IL,פלייסמנט+תחתית,יחידה,1.00,יחידה,false,1,7.90,7.90,true,1,
6224009175123,false,"פול ירוק 1 ק""ג 1 ק""ג",,IL,"פול ירוק 1ק""ג",גרמים,1000.00,100 גרם,false,1,13.90,1.39,true,1,
6256526520001,false,משקל מטבח דיגיטלי תהילה,,IL,משקל מטב דיגיטלי,יחידה,1.00,יחידה,false,1,24.90,24.90,true,1,
6379116740914,false,מגב ספוג לחלון טלסקופי ת,,IL,מגב ספוג לחלון,יחידה,1.00,יחידה,false,1,16.90,16.90,true,1,
6456925562156,false,עוגיות סנדויץ,,,עוגיות סנדויץ,יחידה,1.00,יחידה,false,0,3.90,3.90,true,1,
6534401901504,false,מחצלת להכנת סושי לירון ק,,IL,מחצלת להכנת סושי,יחידה,1.00,יחידה,false,1,4.90,4.90,true,1,
6801204948150,false,סלסלת צמות בינונית תהילה,,IL,סלסלת צמות בינונ,יחידה,1.00,יחידה,false,1,18.90,18.90,true,1,
6909692610051,false,מתלה עץ 3 ווים,,,מתלה עץ 3 ווים,יחידה,1.00,יחידה,false,0,6.90,6.90,true,1,
6915110010648,false,מגב שיש תהילה,,IL,מגב שיש,יחידה,1.00,יחידה,false,1,2.90,2.90,true,1,
6923634954607,false,סטיקס אבקת סוכריות טעם ת,,IL,סטיקס אבקת סוכרי,גרמים,13.00,100 גרם,false,1,1.00,7.69,true,1,
6923634954638,false,סטיקס אבקת סוכריות טעם פ,,IL,סטיקס אבקת סוכרי,גרמים,13.00,100 גרם,false,1,1.00,7.69,true,1,
6923634954683,false,סטיקס אבקת סוכריות טעם א,,IL,סטיקס אבקת סוכרי,גרמים,13.00,100 גרם,false,1,1.00,7.69,true,1,
6923634954713,false,תססן 130 גרם,שנטו ליאנטונג פודס קו,CN,תססן סטיקס,גרמים,130.00,100 גרם,false,1,9.90,7.62,true,1,
6924120321750,false,שקיות עם סוגר S 'ריינולד,,IL,שקיות עם סוגר S,יחידה,1.00,יחידה,false,1,3.90,3.90,true,1,
6924120321767,false,שקיות עם סוגר M 'ריינולד,,IL,שקיות עם סוגר M,יחידה,1.00,יחידה,false,1,3.90,3.90,true,1,
6924120321774,false,שקיות עם סוגר L 'ריינולד,,IL,שקיות עם סוגר L,יחידה,1.00,יחידה,false,1,3.90,3.90,true,1,
6926921101982,false,סופר פיירמאן 3 יח' מעולה,,IL,סופר פיירמאן 3 י,יחידה,1.00,יחידה,false,1,9.90,9.90,true,1,
6926921101999,false,הכבשה המצחיקה 3 יח' מעול,,IL,הכבשה המצחיקה 3,יחידה,1.00,יחידה,false,1,9.90,9.90,true,1,
6934930296292,false,קרמל חלומי בנגיעות בוטני,,IL,קרמל חלומי בנגיע,יחידה,1.00,יחידה,false,1,12.90,12.90,true,1,
6934930296506,false,פופקורן בטעם קרמל 100 גר,,IL,פופקורן בטעם קרמ,גרמים,100.00,100 גרם,false,1,12.90,12.90,true,1,
6936613888664,false,שום מארז,,IL,שום מארז,יחידה,1.00,יחידה,false,1,7.90,7.90,true,1,
6942301806452,false,קפיץ לאופניים עבה תהילה,,IL,קפיץ לאופניים עב,יחידה,1.00,יחידה,false,1,6.90,6.90,true,1,
6942301806612,false,זוג מברגים שטוח/,,,זוג מברגים שטוח/,יחידה,1.00,יחידה,false,0,9.90,9.90,true,1,
6942318061714,false,זוג מברגים שטוח/פליפס,,IL,זוג מברגים שטוח/,יחידה,1.00,יחידה,false,1,5.90,5.90,true,1,
6942318061769,false,סט 2 נורות מגע,,,סט 2 נורות מגע,יחידה,1.00,יחידה,false,0,10.90,10.90,true,1,
6942797402589,false,"סוכריה מגה ספריי 100 מ""ל",,IL,סוכריה מגה ספריי,מיליליטרים,100.00,"100 מ""ל",false,1,6.90,6.90,true,1,
6942797402619,false,"סוכריה מגה רולר 100 מ""ל",,IL,סוכריה מגה רולר,מיליליטרים,100.00,"100 מ""ל",false,1,6.90,6.90,true,1,
6953210210223,false,כף אשפה מתקפל יוקרתי תהי,,IL,כף אשפה מתקפל,יחידה,1.00,יחידה,false,1,14.90,14.90,true,1,
6997679336711,false,נר הבדלה עבודת יד,,IL,נר הבדלה,יחידה,1.00,יחידה,false,1,9.90,9.90,true,1,
7160589856238,false,אביזרים לבית,,IL,אביזרים לבית,יחידה,1.00,יחידה,false,0,3.90,3.90,true,1,
7180589856540,false,אביזרים לבית,,IL,אביזרים לבית,יחידה,1.00,יחידה,false,0,3.90,3.90,true,1,
7290000000015,true,עגבניה,קטיף.,IL,עגבניות,קילוגרמים,0.00,"ק""ג",true,0,5.90,5.90,true,1,
7290000000046,true,מלפפון,קטיף.,IL,מלפפונים,קילוגרמים,0.00,"ק""ג",true,0,6.90,6.90,true,1,
7290000000053,true,קישואים,קטיף.,IL,קישואים,קילוגרמים,0.00,"ק""ג",true,0,6.90,6.90,true,1,
7290000000084,true,פלפל ירוק בהיר,שותפות מזרחי,IL,פלפל ירוק בהיר,קילוגרמים,0.00,"ק""ג",true,0,9.90,9.90,true,1,
7290000000091,true,פלפל אדום,קטיף.,IL,פלפל אדום,קילוגרמים,0.00,"ק""ג",true,0,10.90,10.90,true,1,
7290000000107,true,פלפל ירוק כהה,קטיף.,IL,פלפל ירוק כהה,קילוגרמים,0.00,"ק""ג",true,0,9.90,9.90,true,1,
7290000000114,true,חציל,קטיף.,IL,חצילים,קילוגרמים,0.00,"ק""ג",true,0,8.90,8.90,true,1,
7290000000121,true,גזר ארוז,קטיף.,IL,גזר ארוז,קילוגרמים,0.00,"ק""ג",true,0,5.90,5.90,true,1,
7290000000138,true,כרוב לבן,קטיף.,IL,כרוב לבן,קילוגרמים,0.00,"ק""ג",true,0,14.90,14.90,true,1,
7290000000183,true,סלק,קטיף.,IL,סלק,קילוגרמים,0.00,"ק""ג",true,0,7.90,7.90,true,1,
7290000000220,true,קולורבי,קטיף.,IL,קולורבי,קילוגרמים,0.00,"ק""ג",true,0,14.90,14.90,true,1,
7290000000336,true,כרישה מוסדי שקיל,קטיף.,IL,כרישה,קילוגרמים,0.00,"ק""ג",true,0,21.90,21.90,true,1,
7290000000374,true,פטריות שמפניון,קטיף.,IL,שמפניון,גרמים,220.00,100 גרם,false,0,9.90,4.50,true,1,
7290000000411,true,שום מארז,קטיף.,XX,שום מארז,גרמים,190.00,100 גרם,false,0,7.90,4.16,true,1,
7290000000428,true,בטטה מובחר,קטיף.,IL,בטטה,קילוגרמים,0.00,"ק""ג",true,0,9.90,9.90,true,1,
7290000000480,true,בצל יבש,קטיף.,IL,בצל יבש,קילוגרמים,0.00,"ק""ג",true,0,5.90,5.90,true,1,
7290000000572,true,שומר,קטיף.,IL,שומר,קילוגרמים,0.00,"ק""ג",true,0,6.90,6.90,true,1,
7290000000619,true,פלפל חריף,שותפות מזרחי,IL,פלפל חריף,קילוגרמים,0.00,"ק""ג",true,0,5.90,5.90,true,1,
7290000000732,true,דלורית,קטיף.,IL,דלורית,קילוגרמים,0.00,"ק""ג",true,0,5.90,5.90,true,1,
7290000000800,true,עגבניה תמר תפז',קטיף.,IL,עגבניה תמר,קילוגרמים,0.00,"ק""ג",true,0,14.90,14.90,true,1,
7290000000855,true,פלפל צהוב,קטיף.,IL,פלפל צהוב,קילוגרמים,0.00,"ק""ג",true,0,10.90,10.90,true,1,
7290000000886,true,עגבניה שרי אשכולות,קטיף.,IL,שרי אשכולות,קילוגרמים,0.00,"ק""ג",true,0,18.90,18.90,true,1,
7290000001036,true,בצל יבש אדום,קטיף.,XX,בצל יבש אדום,קילוגרמים,0.00,"ק""ג",true,0,5.90,5.90,true,1,
7290000001715,true,תפוח אדמה לבן ארוז,קטיף.,IL,תפוח אדמה לבן,קילוגרמים,0.00,"ק""ג",true,0,4.90,4.90,true,1,
7290000002040,true,חלה רגילה 500 גרם,מאפית ברמן,IL,חלה רגילה,גרמים,500.00,100 גרם,false,0,4.30,0.86,true,1,
7290000011981,true,כורכום במשקל לפי משקל,,IL,כורכום במשקל,גרמים,0.00,"ק""ג",true,1,48.00,48.00,true,1,
7290000011998,true,שום אבקה במשקל לפי משקל,,IL,שום אבקה במשקל,גרמים,0.00,"ק""ג",true,1,58.00,58.00,true,1,
7290000012582,true,פפריקה מתוקה במשקל לפי מ,,IL,פפריקה מתוקה במש,גרמים,0.00,"ק""ג",true,1,36.00,36.00,true,1,
7290000012599,true,פפריקה חריפה במשקל לפי מ,,IL,פפריקה חריפה במש,גרמים,0.00,"ק""ג",true,1,38.00,38.00,true,1,
7290000015880,true,פלפל לבן במשקל לפי משקל,,IL,פלפל לבן במשקל,גרמים,0.00,"ק""ג",true,1,130.00,130.00,true,1,
7290000016764,true,עלי דפנה במשקל לפי משקל,,IL,עלי דפנה במשקל,גרמים,0.00,"ק""ג",true,1,130.00,130.00,true,1,
7290000016771,true,פטרוזליה במשקל לפי משקל,,IL,פטרוזליה במשקל,גרמים,0.00,"ק""ג",true,1,96.00,96.00,true,1,
7290000017020,true,זנגוויל-גינג'ר שלם לפי מ,,IL,זנגוויל-ג'ינג'ר,גרמים,0.00,"ק""ג",true,1,58.00,58.00,true,1,
7290000023007,false,"ברנדי שטוק 84 750 מ""ל",יקבי ברקן,IL,ברנדי שטוק 84,מיליליטרים,750.00,"100 מ""ל",false,0,59.00,7.87,true,1,
7290000023083,false,"ערק אשקלון 700 מ""ל","יקבי ברקן בע""\מ",IL,ערק אשקלון,מיליליטרים,700.00,"100 מ""ל",false,0,44.90,6.41,true,1,
7290000024905,false,וודקה קגלביץ קלסיקה700מל,"יקבי ברקן בע""\מ",IL,וודקה קגלביץ,מיליליטרים,700.00,"100 מ""ל",false,0,49.90,7.13,true,1,
7290000025339,false,יין מרום SPECIAL בעלז,,IL,יין מרום SPECIAL,מיליליטרים,750.00,"100 מ""ל",false,1,39.90,5.32,true,1,
7290000025346,false,יין אדום מתוק מרום ירושל,,IL,יין מתוק מרום יר,ליטרים,0.75,ליטר,false,1,16.90,22.53,true,1,
7290000034034,false,דגנית קרקר חיטה מלאה250ג,הדר,IL,קרקר דגנית הדר,גרמים,250.00,100 גרם,false,0,6.90,2.76,true,1,
7290000034256,false,ביסקוויט תירוש 175 גרם,מגדנית הדר,IL,ביסקוויט תירוש,גרמים,175.00,100 גרם,false,0,5.90,3.37,true,1,
7290000040042,false,יוגורט יופלה תות3% 150גר,תנובה בעמ,IL,יופלה תות 3%,גרמים,150.00,100 גרם,false,0,3.90,2.60,true,1,
7290000040066,false,יופלה דובדבן3% 150 גרם,תנובה בעמ,IL,יופלה דובדבן3%,גרמים,150.00,100 גרם,false,0,3.90,2.60,true,1,
7290000040080,false,יוגורט יופלה אפרסק3% 150,תנובה בעמ,IL,יופלה אפרסק3%,גרמים,150.00,100 גרם,false,0,3.90,2.60,true,1,
7290000040301,false,עין גדי קממבר24% 125 גר,תנובה,IL,עין גדי קממבר,גרמים,125.00,100 גרם,false,0,17.90,14.32,true,1,
7290000040318,false,גבי. עדי ברי רכה24% 125ג,תנובה,IL,גבינת עדי ברי24%,גרמים,125.00,100 גרם,false,0,16.90,13.52,true,1,
7290000040462,false,טוסטי גבינה 23% 200 גרם,תנובה,IL,טוסטי,גרמים,200.00,100 גרם,false,0,15.90,7.95,true,1,
7290000040974,false,חלב טרי 2% דל לקטוז 1 ל,תנובה,IL,חלב טרי דל לקטוז,ליטרים,1.00,ליטר,false,0,6.50,6.50,true,1,
7290000041407,false,"גיל בד""ץ מועשר 3% 125מל",מחלבת אלון תבור,IL,גיל מועשר 3%,מיליליטרים,125.00,"100 מ""ל",false,0,0.80,0.64,true,1,
7290000041445,false,גבינת קוטג5'%מהדרין250גר,מחלבת אלון תבור,IL,קוטג' תנובה 5%,גרמים,250.00,100 גרם,false,0,5.10,2.04,true,1,
7290000041452,false,קוטג' מהדרין 9% 250 גרם,מחלבת אלון תבור,IL,קוטג' 9% מהדרין,גרמים,250.00,100 גרם,false,0,5.10,2.04,true,1,
7290000041858,false,שמנת חמוצה15% מועשרת200,מחלבת יטבתה,IL,שמנת חמוצה יטבתה,מיליליטרים,200.00,"100 מ""ל",false,0,1.90,0.95,true,1,
7290000042015,false,חלב 3% מהדרין שקית 1 ל',---,IL,חלב 3% שקית,ליטרים,1.00,ליטר,false,0,4.90,4.90,true,1,
7290000042367,false,חלב טרי3% שומן בקבוק 1ל,---,IL,חלב טרי 3%,ליטרים,1.00,ליטר,false,0,5.90,5.90,true,1,
7290000042404,false,חלב מועשר3% יטבתה שקית1ל,מחלבת יטבתה,IL,חלב 3% בשקית,ליטרים,1.00,ליטר,false,0,4.30,4.30,true,1,
7290000042435,false,חלב מפוסטר 1% בקרטון 1ל',תנובה,IL,חלב 1% בקרטון,ליטרים,1.00,ליטר,false,0,4.90,4.90,true,1,
7290000042671,false,חלב עמיד 3%,,IL,חלב עמיד 3%,ליטרים,1.00,ליטר,false,0,5.90,5.90,true,1,
7290000042855,false,"שוקו בשקית יטבתה 225מ""ל",יטבתה,IL,שוקו בשקית,מיליליטרים,225.00,"100 מ""ל",false,0,2.50,1.11,true,1,
7290000043012,false,"שוקו עמיד 250 מ""ל",תנובה,IL,שוקו עמיד,מיליליטרים,250.00,"100 מ""ל",false,0,3.90,1.56,true,1,
7290000043814,false,שמנת עמידה לקצפת38% 250מ,תנובה,IL,שמנת עמידה לקצפת,מיליליטרים,250.00,"100 מ""ל",false,0,5.90,2.36,true,1,
7290000043890,false,רויון 1.5% בקרטון 1ל,תנובה,IL,רויון בקרטון1.5%,ליטרים,1.00,ליטר,false,0,9.90,9.90,true,1,
7290000044712,false,פרילי+תות שדה1.5% 500ג,מחלבת אלון תבור,IL,פרילי תות-שדה,גרמים,500.00,100 גרם,false,0,9.90,1.98,true,1,
7290000044880,false,באדי מעדן תות 3% 500 גרם,מחלבת אלון תבור,IL,מעדן באדי תות 3%,גרמים,500.00,100 גרם,false,0,7.90,1.58,true,1,
7290000047621,false,גב5%.שומן כשר מהדרין250ג,מחלבת אלון תבור,IL,גבינה %5 מהדרי,גרמים,250.00,100 גרם,false,0,4.70,1.88,true,1,
7290000047942,false,גב9%.שומן כשר מהדרין250ג,מחלבת אלון תבור,IL,גבינה9%מהדרין,גרמים,250.00,100 גרם,false,0,4.70,1.88,true,1,
7290000048185,false,גב.לבנה רכה 5% שומן 250ג,מחלבת אלון תבור,IL,גבינה לבנה 5%,גרמים,250.00,100 גרם,false,0,4.70,1.88,true,1,
7290000048413,false,גב.חמד פיראוס16% 250 גר,תנובה,IL,גבינה מלוחה 16%,גרמים,250.00,100 גרם,false,0,15.90,6.36,true,1,
7290000048437,false,גבי. צפתית פיראוס5% 200ג,תנובה,IL,גבינה צפתית 5%,גרמים,200.00,100 גרם,false,0,13.90,6.95,true,1,
7290000048451,false,גב.חרמון 16% 250 גרם,תנובה בעמ,IL,גבינת חרמון,גרמים,250.00,100 גרם,false,0,15.90,6.36,true,1,
7290000050447,false,יופלה תות 500 גרם,תנובה בעמ,IL,יופלה תות,גרמים,500.00,100 גרם,false,0,11.90,2.38,true,1,
7290000050454,false,יופלה אפרסק 500 גרם,תנובה בעמ,IL,יופלה אפרסק,גרמים,500.00,100 גרם,false,0,11.90,2.38,true,1,
7290000050966,false,גבינה לבנה 5% 850 גרם,מחלבת אלון תבור,IL,גבינה לבנה 850 ג,גרמים,850.00,100 גרם,false,0,14.90,1.75,true,1,
7290000051376,false,יופלה דיאט אננס 0% 150גר,תנובה בעמ,IL,יופלה דיאט אננס,גרמים,150.00,100 גרם,false,0,3.90,2.60,true,1,
7290000052311,false,עמק 15% פרוס בקופסא 200ג,תנובה,IL,עמק 15% פרוס,גרמים,200.00,100 גרם,false,0,13.90,6.95,true,1,
7290000052946,false,"יופלה מעודן 150*8גר בד""ץ",מחלבת אלון תבור,IL,יופלה מעודן 8 יח,קילוגרמים,1.20,"ק""ג",false,0,14.90,12.42,true,1,
7290000053981,false,יופלה פרי 150*8 גרם,מחלבת אלון תבור,IL,יופלה פרי 8 יח,קילוגרמים,1.20,"ק""ג",false,0,19.90,16.58,true,1,
7290000055329,false,משקה יוגורט תות-מלון250ג,תנובה בעמ,IL,משקה יוגורט,גרמים,250.00,100 גרם,false,0,4.90,1.96,true,1,
7290000055336,false,משקה יוגורט בננ.אפרסק250,תנובה בעמ,IL,משקה יוגורט,גרמים,250.00,100 גרם,false,0,4.90,1.96,true,1,
7290000055756,false,גבינה לבנה5% 850*2גר,מחלבת אלון תבור,IL,זוג גבינה לבנה,גרמים,1700.00,100 גרם,false,0,24.90,1.46,true,1,
7290000055893,false,חמאה מהדרין 200 גרם,---,IL,חמאה מהדרין,גרמים,200.00,100 גרם,false,0,6.90,3.45,true,1,
7290000056272,false,גבינה לבנה 5%,,IL,גבינה לבנה 5%,גרמים,250.00,100 גרם,false,0,5.30,2.12,true,1,
7290000056753,false,גבינה עמק 200 גר,,IL,גבינה עמק 200 גר,גרמים,200.00,100 גרם,false,0,13.90,6.95,true,1,
7290000056760,false,גבינה עמק 400 גר,,IL,גבינה עמק 400 גר,גרמים,400.00,100 גרם,false,0,26.90,6.73,true,1,
7290000056883,false,יופלה 3% טעמים 150*8גרם,תנובה בעמ,IL,יופלה 8 יח במארז,קילוגרמים,1.20,"ק""ג",false,0,19.90,16.58,true,1,
7290000056890,false,יופלה אננס/דובד0% 150*8ג,תנובה בעמ,IL,יופלה 0% 8 יח,קילוגרמים,1.20,"ק""ג",false,0,19.90,16.58,true,1,
7290000057088,false,גבינת עמק דק דק 28% 200ג,תנובה,IL,עמק דק28% 200גרם,גרמים,200.00,100 גרם,false,0,13.90,6.95,true,1,
7290000057453,false,גבינה עמק 28%,,IL,גבינה עמק 28%,קילוגרמים,0.00,"ק""ג",true,0,39.00,39.00,true,1,
7290000057477,false,חלב טרי הומוגני3% 1.5ל',---,IL,חלב טרי הומוגני,ליטרים,1.50,ליטר,false,0,8.90,5.93,true,1,
7290000057552,false,יופלה עוגת גבינה,,IL,יופלה עוגת גבינה,גרמים,150.00,100 גרם,false,0,3.90,2.60,true,1,
7290000057934,false,שוקו תנובה 1 ליטר,תנובה,IL,שוקו 1 ליטר,ליטרים,1.00,ליטר,false,0,9.90,9.90,true,1,
7290000058030,false,8שטוזים משקה תות,,IL,8שטוזים משקה תות,מיליליטרים,800.00,"100 מ""ל",false,0,17.90,2.24,true,1,
7290000058047,false,"שמנת להקצפה 38% 500 מ""ל",תנובה,IL,משמנת להקצפה 38%,מיליליטרים,500.00,"100 מ""ל",false,0,11.90,2.38,true,1,
7290000058580,false,קוקילידה 1 יח',נסטלה,IL,קוקילידה,יחידה,1.00,יחידה,false,0,7.90,7.90,true,1,
7290000058979,false,גיל בטעם תות125ג,,IL,גיל בטעם תות125ג,גרמים,125.00,100 גרם,false,0,1.30,1.04,true,1,
7290000060088,false,בייגלה מקלות מלוחים400גר,"אסם השקעות בע""\מ",IL,בייגלה מקלות,גרמים,400.00,100 גרם,false,0,8.90,2.23,true,1,
7290000060200,false,פתיתים אפויים קוסקוס500ג,"אסם השקעות בע""מ",IL,פתיתים אפויים,גרמים,500.00,100 גרם,false,0,5.90,1.18,true,1,
7290000060217,false,פסטה מקרוני 7 500 גרם,פסטה זארה,IT,פסטה מקרוני 7,גרמים,500.00,100 גרם,false,0,4.90,0.98,true,1,
7290000060316,false,ספגטי פרפקטו  500 גרם,פסטה זארה,IT,ספגטי פרפקטו,גרמים,500.00,100 גרם,false,0,6.90,1.38,true,1,
7290000060408,false,פתיתים טבעות 500 גרם,"אסם השקעות בע""\מ",IL,פתיתים טבעות,גרמים,500.00,100 גרם,false,0,5.90,1.18,true,1,
7290000060415,false,לזניה פרפקטו 500 גרם,פסטה לנסי,IT,לזניה פרפקטו,גרמים,500.00,100 גרם,false,0,12.90,2.58,true,1,
7290000060576,false,פתיתים אפויים כוכבים500ג,"אסם השקעות בע""\מ",IL,פתיתים אפויים,גרמים,500.00,100 גרם,false,0,5.90,1.18,true,1,
7290000060781,false,פסטה מסולסלת אסם 500 גרם,פסטה זארה,IT,פסטה מסולסלת,גרמים,500.00,100 גרם,false,0,4.90,0.98,true,1,
7290000060811,false,אקסטרים מטבע ענק 120ג,גלידות נסטלה,IL,אקסטרים מטבע ענק,גרמים,120.00,100 גרם,false,0,7.90,6.58,true,1,
7290000060828,false,פסטה קרניים בינוניות500ג,פסטה זארה,IT,פסטה קרניים,גרמים,500.00,100 גרם,false,0,4.90,0.98,true,1,
7290000060880,false,פסטה ספגטי מס 8 אסם 500ג,פסטה זארה,IT,ספגטי מס' 8,גרמים,500.00,100 גרם,false,0,4.90,0.98,true,1,
7290000060903,false,פתיתים אפויים אורז 500 ג,"אסם השקעות בע""\מ",IL,פתיתים אפויים,גרמים,500.00,100 גרם,false,0,5.90,1.18,true,1,
7290000060958,false,אטריות בינוניות 400 גרם,"אסם השקעות בע""\מ",IL,אטריות בינוניות,גרמים,400.00,100 גרם,false,0,4.90,1.23,true,1,
7290000060965,false,אטריות רחבות 400 גרם,"אסם השקעות בע""\מ",IL,אטריות רחבות,גרמים,400.00,100 גרם,false,0,4.90,1.23,true,1,
7290000060972,false,אטריות דקיקות אסם 400 גר,פסטה זארה,IT,אטריות דקיקות,גרמים,400.00,100 גרם,false,0,4.90,1.23,true,1,
7290000061061,false,קרקר בטעם בצל 250 גרם,"אסם השקעות בע""\מ",IL,קרקר בטעם בצל,גרמים,250.00,100 גרם,false,0,7.90,3.16,true,1,
7290000061108,false,"רוטב טריאקי אסם 290 מ""ל","אסם השקעות בע""\מ",IL,רוטב טריאקי,מיליליטרים,290.00,"100 מ""ל",false,0,7.90,2.72,true,1,
7290000062952,false,מיני קרוטונים מתובל 250ג,עינת תעשיות,IL,מיני קרוטונים,גרמים,250.00,100 גרם,false,0,11.90,4.76,true,1,
7290000063140,false,שקדי מרק רכיבים טבעי400ג,"אסם השקעות בע""מ",IL,שקדי מרק אסם,גרמים,400.00,100 גרם,false,0,9.90,2.48,true,1,
7290000063157,false,"קמח תופח מאליו 1 ק""ג","אסם השקעות בע""\מ",IL,קמח תופח מאליו,קילוגרמים,1.00,"ק""ג",false,0,7.90,7.90,true,1,
7290000064871,false,מנה חמה פירה בצל 56 גרם,"אסם השקעות בע""מ",IL,מנה חמה פירה,גרמים,56.00,100 גרם,false,0,4.90,8.75,true,1,
7290000065090,false,מיני קרוטונים מתובל400 ג,עינת תעשיות,IL,מיני קרוטונים,גרמים,400.00,100 גרם,false,0,17.90,4.48,true,1,
7290000065335,false,מנה חמה פירה עם ירקות55ג,"אסם השקעות בע""מ",IL,מנה חמה פירה,גרמים,55.00,100 גרם,false,0,4.90,8.91,true,1,
7290000065557,false,מ.חמה קוסקוס עם ירקות 84,"אסם השקעות בע""מ",IL,מנה חמה קוסקוס,גרמים,84.00,100 גרם,false,0,4.90,5.83,true,1,
7290000065977,false,פריכונים תירס+שומשום 80ג,"פרח תעשיות מזון בע""מ.",IL,פריכונים תירס,גרמים,80.00,100 גרם,false,0,5.90,7.38,true,1,
7290000066141,false,ביסלי גריל 70 גרם,"אסם השקעות בע""\מ",IL,ביסלי גריל,גרמים,70.00,100 גרם,false,0,3.90,5.57,true,1,
7290000066172,false,ביסלי פיצה 70 גרם,"אסם השקעות בע""\מ",IL,ביסלי פיצה,גרמים,70.00,100 גרם,false,0,3.90,5.57,true,1,
7290000066196,false,ביסלי גריל 200 גרם,"אסם השקעות בע""\מ",IL,ביסלי גריל,גרמים,200.00,100 גרם,false,0,6.90,3.45,true,1,
7290000066295,false,במבה מתוקה 30 גרם,"אסם השקעות בע""\מ",IL,במבה מתוקה,גרמים,30.00,100 גרם,false,0,1.90,6.33,true,1,
7290000066318,false,במבה 80 גרם,"אסם השקעות בע""\מ",IL,במבה,גרמים,80.00,100 גרם,false,0,3.90,4.88,true,1,
7290000066332,false,אפרופו 50 גרם,"אסם השקעות בע""\מ",IL,חטיף אפרופו,גרמים,50.00,100 גרם,false,0,3.90,7.80,true,1,
7290000066431,false,פופקו בטעם חמאה ודבש80גר,"אסם השקעות בע""\מ",IL,חטיף פופקו,גרמים,80.00,100 גרם,false,0,3.90,4.88,true,1,
7290000067544,false,פירורית זהב 200 גרם,עינת תעשיות,IL,פירורית זהב,גרמים,200.00,100 גרם,false,0,4.90,2.45,true,1,
7290000067599,false,מנה חמה ספגטי בולונז 65ג,"אסם השקעות בע""\מ",IL,מנה חמה בולונז,גרמים,65.00,100 גרם,false,0,4.90,7.54,true,1,
7290000068138,false,אינסטנט פודינג וניל 80גר,"אסם השקעות בע""מ",IL,אינסטנט פודינג,גרמים,80.00,100 גרם,false,0,4.90,6.13,true,1,
7290000068190,false,ג'לי בטעם תות 90 גרם,"אסם השקעות בע""\מ",IL,ג'לי בטעם תות,גרמים,90.00,100 גרם,false,0,4.90,5.44,true,1,
7290000068237,false,ג'לי בטעם פטל 85 גרם,"אסם השקעות בע""\מ",IL,ג'לי בטעם פטל,גרמים,85.00,100 גרם,false,0,4.90,5.76,true,1,
7290000068701,false,שקדי מרק במיכל 400 גרם,"אסם השקעות בע""מ",IL,שקדי מרק במיכל,גרמים,400.00,100 גרם,false,0,13.90,3.48,true,1,
7290000069258,false,פנה ריגאטה פרפקטו 500 גר,פסטה זארה,IT,פנה ריגאטה,גרמים,500.00,100 גרם,false,0,6.90,1.38,true,1,
7290000070308,false,מרק עוף אמיתי 400 גרם,"אסם השקעות בע""\מ",IL,מרק עוף אמיתי,גרמים,400.00,100 גרם,false,0,16.90,4.23,true,1,
7290000070322,false,מרק פטריות ר.טבעיים400גר,"אסם השקעות בע""\מ",IL,מרק פטריות אסם,גרמים,400.00,100 גרם,false,0,17.90,4.48,true,1,
7290000070353,false,מרק בצל רכיבים טבעיים400,"אסם השקעות בע""\מ",IL,מרק בצל אסם,גרמים,400.00,100 גרם,false,0,17.90,4.48,true,1,
7290000071008,false,בייגלה שטוח מלח 60 גרם,"אסם השקעות בע""\מ",IL,בייגלה שטוחים,גרמים,60.00,100 גרם,false,0,2.90,4.83,true,1,
7290000072067,false,במבה במילוי קרם חלווה60ג,אסם,IL,במבה במילוי חלוה,גרמים,60.00,100 גרם,false,0,3.90,6.50,true,1,
7290000072241,false,"רוטב פיצה 290 מ""ל","אסם השקעות בע""\מ",IL,רוטב לפיצה אסם,מיליליטרים,290.00,"100 מ""ל",false,0,7.90,2.72,true,1,
7290000072623,false,קטשופ בקבוק לחיץ 750 גרם,"אסם השקעות בע""מ",IL,קטשופ בקבוק לחיץ,גרמים,750.00,100 גרם,false,0,8.90,1.19,true,1,
7290000072753,false,קפה נמס טסטרס צ'ויס200ג,לוטה נסטלה קוריאה,KR,קפה טסטרס צ'ויס,גרמים,200.00,100 גרם,false,0,29.90,14.95,true,1,
7290000072777,false,טסטרס צ'ויס נט.קפאין200ג,לוטה נסטלה קוריאה,KR,קפה טסטרס צויס,גרמים,200.00,100 גרם,false,0,35.90,17.95,true,1,
7290000072784,false,טסטרס צ'ויס נט.קפאין100ג,לוטה נסטלה קוריאה,KR,קפה טסטרס צויס,גרמים,100.00,100 גרם,false,0,25.90,25.90,true,1,
7290000073699,false,סלט חומוס צבר 150 גרם,סלטי צבר,IL,סלט חומוס צבר,גרמים,150.00,100 גרם,false,0,3.90,2.60,true,1,
7290000074184,false,ביסקוויט פתי בר 500 גרם,"אסם השקעות בע""\מ",IL,ביסקוויט פתי בר,גרמים,500.00,100 גרם,false,0,8.90,1.78,true,1,
7290000074245,false,קרם קרקר 250 גרם,"אסם השקעות בע""\מ",IL,קרם קרקר אסם,גרמים,250.00,100 גרם,false,0,6.90,2.76,true,1,
7290000074276,false,קרקר פיקנטי 250 גרם,"אסם השקעות בע""\מ",IL,קרקר פיקנטי אסם,גרמים,250.00,100 גרם,false,0,7.90,3.16,true,1,
7290000074375,false,קרקר זהב 150 גרם,"אסם השקעות בע""\מ",IL,קרקר זהב אסם,גרמים,150.00,100 גרם,false,0,4.90,3.27,true,1,
7290000074481,false,לחמית אגוזים 160 גרם,"אסם השקעות בע""\מ",IL,לחמית אגוזים,גרמים,160.00,100 גרם,false,0,7.90,4.94,true,1,
7290000075204,false,לחמית חיטה מלאה 250 גרם,"אסם השקעות בע""\מ",IL,לחמית חיטה מלאה,גרמים,250.00,100 גרם,false,0,6.90,2.76,true,1,
7290000076126,false,בייגלה שמיניות קטנות80גר,"אסם השקעות בע""\מ",IL,בייגלה שמיניות,גרמים,80.00,100 גרם,false,0,2.90,3.63,true,1,
7290000076133,false,בייגלה שמיניות קטנות400ג,"אסם השקעות בע""\מ",IL,בייגלה שמיניות,גרמים,400.00,100 גרם,false,0,8.90,2.23,true,1,
7290000076645,false,טוסטעים חיטה מלאה 100גרם,ון דר מולן,NL,טוסטעיםחיטה מלאה,גרמים,100.00,100 גרם,false,0,7.90,7.90,true,1,
7290000077253,false,לחמית כפרית 190 גרם,"אסם השקעות בע""\מ",IL,לחמית כפרית,גרמים,190.00,100 גרם,false,0,7.90,4.16,true,1,
7290000078212,false,קרוטונים מתובלים 250גרם,עינת תעשיות,IL,קרוטונים מתובל,גרמים,250.00,100 גרם,false,0,11.90,4.76,true,1,
7290000081663,false,בייגלה טבעות שומשום300גר,"אסם השקעות בע""\מ",IL,בייגלה טבעות,גרמים,300.00,100 גרם,false,0,8.90,2.97,true,1,
7290000085159,false,פירורי פתי בר לעוגות 250,---,IL,פירורי פתי בר,גרמים,250.00,100 גרם,false,1,3.90,1.56,true,1,
7290000090146,true,מבצע עוף טרי 30ש,,IL,מבצע עוף טרי 30ש,קילוגרמים,0.00,"ק""ג",true,0,30.00,30.00,true,1,
7290000090764,true,"מבצע עוף טרי 20 ש""ח קג",,IL,מבצע עוף טרי 20ש,גרמים,0.00,"ק""ג",true,0,20.00,20.00,true,1,
7290000091709,true,בצל יבש ** חול**,,IL,בצל יבש ** חול**,גרמים,0.00,"ק""ג",true,1,5.90,5.90,true,1,
7290000092348,true,מבצע 22.9 עוף ירושלים לפ,,IL,מבצע 22.9 ע.ירוש,גרמים,0.00,"ק""ג",true,1,22.90,22.90,true,1,
7290000092362,true,מבצע חלקי עופות יר. 31.9,,IL,מבצע עוף י. 31.9,גרמים,0.00,"ק""ג",true,0,31.90,31.90,true,1,
7290000092379,true,מבצע עוף ירושלים 49.9 לפ,,IL,מבצע עוף י49.9.,גרמים,0.00,"ק""ג",true,0,49.90,49.90,true,1,
7290000093208,true,חלה תבנית רגילה,,IL,חלה תבנית רגילה,יחידה,1.00,יחידה,false,1,11.90,11.90,true,1,
7290000096063,true,משמש,,IL,משמש,קילוגרמים,0.00,"ק""ג",true,1,24.90,24.90,true,1,
7290000096483,true,דלעת יפנית לפי משקל,,IL,דלעת יפנית,גרמים,0.00,"ק""ג",true,1,14.90,14.90,true,1,
7290000096636,true,שזיף אדום לפי משקל,,IL,שזיף אדום לפי מש,גרמים,0.00,"ק""ג",true,1,19.90,19.90,true,1,
7290000096902,true,שזיף צהוב,,IL,שזיף צהוב,גרמים,0.00,"ק""ג",true,1,24.90,24.90,true,1,
7290000097879,true,אננס ראש,,IL,אננס ראש,יחידה,1.00,יחידה,false,1,29.90,29.90,true,1,
7290000097909,true,לחמניה קשר המוציא,,IL,לחמניה קשר המוצי,יחידה,1.00,יחידה,false,1,1.50,1.50,true,1,
7290000098784,true,אגס יבוא,,IL,אגס יבוא,גרמים,0.00,"ק""ג",true,1,11.90,11.90,true,1,
7290000099903,true,"פלפל **חו""ל**אדום",,IL,"פלפל **חו""ל**אדו",גרמים,0.00,"ק""ג",true,1,15.90,15.90,true,1,
7290000100104,false,כרוב לבן רגיל מיוחד למיל,,IL,כרוב לבן רגיל מי,גרמים,0.00,"ק""ג",true,1,7.90,7.90,true,1,
7290000100197,false,לקט אפונה תירס וגזר700ג,"סנפרוסט בע""\מ",IL,לקט סנפרוסט700ג,גרמים,700.00,100 גרם,false,1,11.90,1.70,true,1,
7290000103525,false,"גזר גמדי  בד""צ700 גרם","סנפרוסט בע""\מ",IL,גזר גמדי,גרמים,700.00,100 גרם,false,0,11.90,1.70,true,1,
7290000103532,false,"גרעיני תירס בד""צ 700 גרם","סנפרוסט בע""\מ",IL,גרעיני תירס,גרמים,700.00,100 גרם,false,0,11.90,1.70,true,1,
7290000103549,false,אפונה עדינה שלמה 600 גרם,"סנפרוסט בע""\מ",IL,אפונה עדינה שלמה,גרמים,600.00,100 גרם,false,0,12.90,2.15,true,1,
7290000103556,false,"גרגירי חומוס בד""צ700 גרם","סנפרוסט בע""\מ",IL,גרגירי חומוס,גרמים,700.00,100 גרם,false,0,11.90,1.70,true,1,
7290000111117,false,מרכך כביסה בדין לבן 4 לי,יוניליור ישראל טיפוח איש,IL,מרכך כביסה בדין,ליטרים,4.00,ליטר,false,0,19.90,4.98,true,1,
7290000111353,false,"מיונז אמיתי תלמה 1 ק""ג",יוניליוור ישראל מזון בע\,IL,מיונז אמיתי תלמה,קילוגרמים,1.00,"ק""ג",false,0,13.90,13.90,true,1,
7290000111360,false,חרדל אמיתי תלמה 250 גרם,יוניליוור,IL,חרדל אמיתי תלמה,גרמים,250.00,100 גרם,false,0,4.90,1.96,true,1,
7290000111384,false,חרדל אמיתי תלמה 550 גרם,יוניליוור,IL,חרדל אמיתי תלמה,גרמים,550.00,100 גרם,false,0,7.90,1.44,true,1,
7290000112220,false,טחינה גולמית 100% 500 גר,"רושדי תעשיות מזון בע""\מ",IL,טחינה גולמית,גרמים,500.00,100 גרם,false,0,9.90,1.98,true,1,
7290000116204,false,מרק דגש טעם עוף שקית 1קג,יוניליוור ישראל מזון בע\,IL,מרק דגש טעם עוף,קילוגרמים,1.00,"ק""ג",false,0,12.90,12.90,true,1,
7290000116884,false,רוטב ברביקיו קנור350 גרם,יוניליוור ישראל מזון בע\,IL,רוטב ברביקיו,גרמים,350.00,100 גרם,false,0,9.90,2.83,true,1,
7290000116945,false,"רוטב סויה קנור 300 מ""ל",יוניליוור ישראל מזון בע\,IL,רוטב סויה קלאסי,מיליליטרים,300.00,"100 מ""ל",false,0,9.90,3.30,true,1,
7290000117720,false,מרק נמס בכוס פטריות 43גר,יוניליוור ישראל מזון בע\,IL,מרק נמס בכוס,גרמים,43.00,100 גרם,false,0,4.90,11.40,true,1,
7290000120836,false,מיונז אמיתי הלמנס 394 גר,יוניליוור,CA,מיונז אמיתי הלמנ,גרמים,394.00,100 גרם,false,0,9.90,2.51,true,1,
7290000120874,false,ממרח מופחת קלור.לייט424ג,יוניליוור,US,ממרח הלמנס,גרמים,424.00,100 גרם,false,0,9.90,2.33,true,1,
7290000121239,false,מיוקל5% ללא כולסטרול500ג,יוניליוור ישראל מזון בע\,IL,מיוקל 5% שומן,גרמים,500.00,100 גרם,false,0,9.90,1.98,true,1,
7290000122830,false,רוטב סצ'ואן סיני קנור300,יוניליוור ישראל מזון בע\,IL,רוטב סצ'ואן סיני,גרמים,370.00,100 גרם,false,0,9.90,2.68,true,1,
7290000123123,false,טונה בודד מבחר,,,טונה בודד מבחר,יחידה,1.00,יחידה,false,0,4.50,4.50,true,1,
7290000124841,false,"שוקולד חלב בד""צ 100*3 גר",יוניליוור ישראל מזון בע\,IL,שוקולד חלב 3 יח',גרמים,300.00,100 גרם,false,0,9.90,3.30,true,1,
7290000131009,false,בצק פילו - שחף 500 גרם,מאפיית אריאל,IL,דפי בצק פילו,גרמים,500.00,100 גרם,false,0,12.90,2.58,true,1,
7290000133645,false,מ.ש.אורביטול סודה145*3ג,טרופיקל דגיל תעשיות קוסמ,IL,משחת שיניים 3 יח,גרמים,435.00,100 גרם,false,0,16.50,3.79,true,1,
7290000135342,false,"טמפו סודה 500 מ""ל","טמפו משקאות בע""\מ",IL,"טמפו סודה 500 מ""",מיליליטרים,500.00,"100 מ""ל",false,1,1.90,0.38,true,1,
7290000135465,false,"סודה טמפו 500*12 מ""ל",,,מי סודה 12 בקבוק,ליטרים,0.00,ליטר,false,0,24.90,24.90,true,1,
7290000136141,false,פפסי קולה 1.5 ליטר,"טמפו משקאות בע""\מ",IL,פפסי קולה,ליטרים,1.50,ליטר,false,0,6.90,4.60,true,1,
7290000136158,false,פפסי מקס 1.5 ליטר,"טמפו משקאות בע""\מ",IL,פפסי מקס,ליטרים,1.50,ליטר,false,0,6.90,4.60,true,1,
7290000136165,false,מירינדה 1.5 ליטר,"טמפו משקאות בע""\מ",IL,מירינדה תפוזי,ליטרים,1.50,ליטר,false,0,6.90,4.60,true,1,
7290000136172,false,סבן אפ 1.5 ליטר,"טמפו משקאות בע""\מ",IL,סבן אפ,ליטרים,1.50,ליטר,false,0,6.90,4.60,true,1,
7290000136189,false,דיאט סבן אפ 1.5 ליטר,"טמפו משקאות בע""\ם.",IL,דיאט סבן אפ,ליטרים,1.50,ליטר,false,0,6.90,4.60,true,1,
7290000136240,false,מי סודה טמפו 1.5 ליטר,"טמפו משקאות בע""\מ",IL,מי סודה טמפו,ליטרים,1.50,ליטר,false,0,2.20,1.47,true,1,
7290000136264,false,מי טוניק 1.5 ליטר,"טמפו משקאות בע""\מ",IL,מי טוניק,ליטרים,1.50,ליטר,false,0,7.90,5.27,true,1,
7290000136455,false,ג'אמפ אשכוליות 1.5 ליטר,"טמפו משקאות בע""\ם.",IL,ג'אמפ אשכוליו,ליטרים,1.50,ליטר,false,0,6.90,4.60,true,1,
7290000136516,false,ג'אמפ מנגו פסיפלורה 1.5ל,טמפו משקאות בעמ,IL,ג'אמפ מנגו,ליטרים,1.50,ליטר,false,0,6.90,4.60,true,1,
7290000136523,false,ג'אמפ ענבים 1.5 ליטר,"טמפו משקאות בע""\ם.",IL,ג'אמפ ענבים,ליטרים,1.50,ליטר,false,0,6.90,4.60,true,1,
7290000136561,false,ג'אמפ תות בננה 1.5 ליטר,"טמפו משקאות בע""\מ",IL,ג'אמפ תות בננ,ליטרים,1.50,ליטר,false,0,6.90,4.60,true,1,
7290000136585,false,ג'אמפ תפוזים 1.5 ליטר,"טמפו משקאות בע""\ם.",IL,ג'אמפ תפוזים,ליטרים,1.50,ליטר,false,0,6.90,4.60,true,1,
7290000136608,false,ג'אמפ תפוחים 1.5 ליטר,"טמפו משקאות בע""\ם.",IL,ג'אמפ תפוחים,ליטרים,1.50,ליטר,false,0,6.90,4.60,true,1,
7290000136646,false,בירה נשר מאלט 1.5 ליטר,"טמפו משקאות בע""\מ",IL,נשר מאלט,ליטרים,1.50,ליטר,false,0,8.50,5.67,true,1,
7290000136653,false,בירה נשר מאלט דיאט 1.5 ל,"טמפו משקאות בע""\מ",IL,נשר מאלט דיאט,ליטרים,1.50,ליטר,false,0,8.50,5.67,true,1,
7290000136691,false,סבן אפ 1.5*6 ליטר,טמפו,IL,סבן אפ 1.5*6ל,ליטרים,9.00,ליטר,false,0,36.90,4.10,true,1,
7290000136752,false,סבן אפ דיאט 1.5*6 ליטר,"טמפו משקאות בע""\מ",IL,סבן אפ דיאט1.5*6,ליטרים,9.00,ליטר,false,0,35.90,3.99,true,1,
7290000136769,false,פפסי קולה 1.5*6 ליטר,"טמפו משקאות בע""\מ",IL,פפסי קולה 1.5*6ל,ליטרים,9.00,ליטר,false,0,35.90,3.99,true,1,
7290000136776,false,פפסי מקס 1.5*6 ליטר,טמפו,IL,פפסי מקס1.5*6ל,ליטרים,9.00,ליטר,false,0,35.90,3.99,true,1,
7290000136783,false,מירינדה 1.5*6 ליטר,"טמפו משקאות בע""\מ",IL,מירינדה 1.5*6ל,ליטרים,9.00,ליטר,false,0,36.90,4.10,true,1,
7290000136790,false,סודה טמפו 1.5*6 ליטר,"טמפו משקאות בע""\מ",IL,סודה טמפו1.5*6ל,ליטרים,9.00,ליטר,false,0,12.90,1.43,true,1,
7290000136813,false,סודה בנגיעות ט.אננס1.5*4,טמפו משקאות בע''מn\,IL,סודה ט.אננס1.5*4,ליטרים,6.00,ליטר,false,0,10.90,1.82,true,1,
7290000136820,false,סודה ט.פירות יער 1.5*4 ל,טמפו משקאות בע''מn\,IL,4סודה פרי יער1.5,ליטרים,6.00,ליטר,false,0,10.90,1.82,true,1,
7290000136837,false,סודה בנגיעות ט.אפרס1.5*4,טמפו משקאות בע''מn\,IL,4סודה ט.אפרסק1.5,ליטרים,6.00,ליטר,false,0,10.90,1.82,true,1,
7290000136844,false,מים אקווה נובה 2*6 ליטר,"טמפו משקאות בע""\מ",IL,אקווה נובה2*6ל,ליטרים,12.00,ליטר,false,0,8.90,0.74,true,1,
7290000136868,false,מים מינרל.סאן בנדטו1.5*6,אקווה מינרלה סאן בנדטו ב,IT,סאן בנדטו1.5*6ל,ליטרים,9.00,ליטר,false,0,13.90,1.54,true,1,
7290000136875,false,מים סאן בנדטו מוגז1.5*6ל,איטליה,IT,6סנבנדטו מוגז1.5,ליטרים,9.00,ליטר,false,0,14.90,1.66,true,1,
7290000137643,false,מאגדת טעמקור משפ8'יח 52,"גלידת שטראוס בע""\מ, רחוב",IL,מאגד טעמקור משפ',גרמים,400.00,100 גרם,false,0,26.90,6.73,true,1,
7290000139104,false,שלווה בשקית 230 גרם,---,IL,שלווה בשקית,גרמים,230.00,100 גרם,false,0,7.90,3.43,true,1,
7290000139227,false,דגן תפוח ממותק,,IL,דגן תפוח ממותק,גרמים,150.00,100 גרם,false,0,7.90,5.27,true,1,
7290000139241,false,מולטי דגנים שוקו וניל,אשבול,IL,מולטי שוקו וניל,גרמים,420.00,100 גרם,false,1,8.90,2.12,true,1,
7290000139258,false,שלווה טבע + סוכר חום200ג,---,IL,שלווה טבע,גרמים,200.00,100 גרם,false,0,7.90,3.95,true,1,
7290000139265,false,מולטי טבעות דבש 420 גרם,אשבול,IL,טבעות דבש420גר,גרמים,420.00,100 גרם,false,0,8.90,2.12,true,1,
7290000139272,false,מולטי טבעות דגנים פירות,אשבול,IL,מולטי פירות420גר,גרמים,420.00,100 גרם,false,1,8.90,2.12,true,1,
7290000139289,false,מולטי כדורי שוקולד 420גר,אשבול,IL,כדורי שוקולד420ג,גרמים,420.00,100 גרם,false,0,8.90,2.12,true,1,
7290000139296,false,מולטי דגנים מלאים כוכבים,אשבול,IL,מולטי כוכבים420ג,גרמים,420.00,100 גרם,false,0,8.90,2.12,true,1,
7290000139340,false,מארז שלווה צבעונית 20*20,אשבול,IL,מארז שלווה צבעונ,גרמים,400.00,100 גרם,false,0,13.90,3.48,true,1,
7290000139609,false,פיצפוצי אורז 375 גרם,---,IL,פיצפוצי אורז375ג,גרמים,375.00,100 גרם,false,0,9.90,2.64,true,1,
7290000139623,false,פיצפוצי אורז לייט 450 גר,---,IL,פיצפוצי אורז ליי,גרמים,450.00,100 גרם,false,1,9.90,2.20,true,1,
7290000139715,false,קרמים בטעם נוגט 550 גרם,אשבול,IL,קרמים בטעם נוגט,גרמים,550.00,100 גרם,false,1,9.90,1.80,true,1,
7290000139753,false,קרמים בטעם שוקולד 474 גר,,IL,קרמים בטעם שוקול,גרמים,474.00,100 גרם,false,1,9.90,2.09,true,1,
7290000139777,false,קרמים בטעם וניל עוגיות,,IL,קרמים בטעם וניל,גרמים,474.00,100 גרם,false,1,9.90,2.09,true,1,
7290000139968,false,דגנים מלאים נוגט קרמלי,אשבול,IL,דגנים קרמלי6 יח,גרמים,168.00,100 גרם,false,1,9.90,5.89,true,1,
7290000139975,false,דגנים מלאים שוקולד 6 יח,אשבול,IL,טורבו דגנים שוקו,גרמים,168.00,100 גרם,false,1,9.90,5.89,true,1,
7290000139982,false,דגנים מלאים קרמלי חלבה,אשבול,IL,דגנים מלאים קרמל,גרמים,168.00,100 גרם,false,1,9.90,5.89,true,1,
7290000143194,false,"שמפו + מרכך הוואי 700מ""ל",טרופיקל דגיל בעמ,IL,שמפו+מרכך הוואי,מיליליטרים,700.00,"100 מ""ל",false,0,7.90,1.13,true,1,
7290000143200,false,מרכך הוואי לשיער יבש700מ,טרופיקל דגיל,IL,מרכך שיער הוואי,מיליליטרים,700.00,"100 מ""ל",false,0,7.90,1.13,true,1,
7290000143255,false,שמפו הוואי לשיער רגיל700,טרופיקל דגיל,IL,שמפו הוואי,מיליליטרים,700.00,"100 מ""ל",false,0,7.90,1.13,true,1,
7290000143279,false,"הוואי שמפו אדום 700 מ""ל",טרופיקל דגיל,IL,שמפו הוואי,מיליליטרים,700.00,"100 מ""ל",false,0,7.90,1.13,true,1,
7290000143286,false,"הוואי מרכך ירוק 700 מ""ל",טרופיקל דגיל,IL,מרכך הוואי,מיליליטרים,700.00,"100 מ""ל",false,0,7.90,1.13,true,1,
7290000143293,false,הוואי מרכך שיער לילד700מ,הנקל סוד,IL,הוואי מרכך שיער,מיליליטרים,700.00,"100 מ""ל",false,0,7.90,1.13,true,1,
7290000144474,false,שמן קנולה+נוגדי חימצון1ל,שמן תעשיות בעמ,EE,שמן קנולה,ליטרים,1.00,ליטר,false,0,9.90,9.90,true,1,
7290000146645,false,סבון הוואי שחור 100*4גרם,טרופיקל דגיל,IL,סבון הוואי 4 יח,גרמים,400.00,100 גרם,false,0,8.90,2.23,true,1,
7290000146652,false,סבון הוואי ורוד 100*4גרם,טרופיקל דגיל,PL,סבון הוואי 4 יח,גרמים,400.00,100 גרם,false,0,8.90,2.23,true,1,
7290000146676,false,סבון הוואי לגבר 100*4גרם,טרופיקל דגיל,PL,סבון הוואי 4 יח,גרמים,400.00,100 גרם,false,0,8.90,2.23,true,1,
7290000146683,false,סב.הוואי אפקט דאו100*4.,טרופיקל דגיל,PL,סבון הוואי 4 יח,גרמים,400.00,100 גרם,false,0,8.90,2.23,true,1,
7290000149615,false,סבון נקה 7 לתינוק100*4 ג,נקה,IL,נקה 7 סבון 4 יח,גרמים,400.00,100 גרם,false,0,8.90,2.23,true,1,
7290000149851,false,סינטבון כפול לנקיון 460ג,נקה,IL,סינטבון נקה כפול,גרמים,460.00,100 גרם,false,0,9.90,2.15,true,1,
7290000149905,false,טקסטיל נוזל לכביסה 1ליטר,סנו מפעלי ברונוס בעמ,IL,נוזל כביס טקסטיל,ליטרים,1.00,ליטר,false,0,9.90,9.90,true,1,
7290000161358,false,מיונז משמן קנולה 500 גרם,יוניליוור ישראל מזון בע\,IL,מיונז אמיתי תלמה,גרמים,500.00,100 גרם,false,0,9.90,1.98,true,1,
7290000161631,false,קליק IN במילוי נוגט38גרם,יוניליוור ישראל מזון בע\,IL,קליק IN נוגט,גרמים,38.00,100 גרם,false,0,3.90,10.26,true,1,
7290000168173,false,ברנפלקס קרנצ'ים 375 גרם,יוניליוור,IL,ברנפלקס קרנצ'ים,גרמים,375.00,100 גרם,false,0,19.90,5.31,true,1,
7290000169538,false,נמס בכוס עגבנ.וקרוטונים,יוניליוור ישראל מזון בע\,IL,נמס בכוס,גרמים,62.00,100 גרם,false,0,4.90,7.90,true,1,
7290000169798,false,עוגי 20% פחות סוכר 500גר,"יוניליוור שפע ישראל בע""\",IL,עוגי מופחת סוכר,גרמים,500.00,100 גרם,false,0,15.90,3.18,true,1,
7290000176062,false,קפה טורקי בצלופן 100 גרם,שטראוס קפה בי.ויn\.,IL,קפה טורקי בצלופן,גרמים,100.00,100 גרם,false,0,7.90,7.90,true,1,
7290000176079,false,קפה טורקי עם הל 100 גרם,שטראוס קפה בי.ויn\.,IL,קפה טורקי עם הל,גרמים,100.00,100 גרם,false,0,8.90,8.90,true,1,
7290000176413,false,קפה נמס 50 גרם,שטראוס קפה בי.וי,IL,קפה נמס,גרמים,50.00,100 גרם,false,0,7.90,15.80,true,1,
7290000176420,false,קפה נמס 200 גרם,שטראוס קפה בי.וי,IL,קפה נמס,גרמים,200.00,100 גרם,false,0,19.90,9.95,true,1,
7290000176475,false,האג נטול קופאין 200 גרם,עלית,VN,קפה נמס האג,גרמים,200.00,100 גרם,false,0,35.90,17.95,true,1,
7290000178707,false,תפוצ'יפס בטעם טבעי 50 גר,"שטראוס פריטו ליי בע""\מ )",IL,חטיף תפוצ'יפס,גרמים,50.00,100 גרם,false,0,2.90,5.80,true,1,
7290000178721,false,תפוצי'פס טבעי 200 גרם,"שטראוס פריטו ליי בע""\מ )",IL,תפוצי'פס טבעי,גרמים,200.00,100 גרם,false,0,8.90,4.45,true,1,
7290000187938,false,נייר טואלט לילי פסטל32גל,חוגלה קימברלי,IL,נייר טואלט פסטל,מטרים,588.00,100 מטר,false,0,31.90,5.43,true,1,
7290000187952,false,נ.ט. לילי טריפל ורוד32גל,חוגלה קימברלי,IL,נייר טואלט טריו,מטרים,537.00,100 מטר,false,0,39.90,7.43,true,1,
7290000188355,false,מגבות נייר ניקול 6גלילים,קימברלי-קלארק,IL,מגבות ניקול,מטרים,65.00,מטר,false,0,8.90,0.14,true,1,
7290000188560,false,קוטקס מגן תחתון לארג',חוגלה קימברלי,VN,מגן תחתון קוטקס,יחידה,1.00,יחידה,false,0,14.90,14.90,true,1,
7290000188591,false,קוטקס מגן תחתון יאנג,חוגלה קימברלי,CN,מגן תחתון קוטקס,יחידה,1.00,יחידה,false,0,14.90,14.90,true,1,
7290000189192,false,ניקול מגבת רב שימושית,קימברלי קלארק,CO,מטליות נייר,מטרים,18.00,מטר,false,0,12.90,0.72,true,1,
7290000189598,false,מטליות לחות דוחה אבק,---,IL,מטליות ניקול,יחידה,1.00,יחידה,false,0,7.90,7.90,true,1,
7290000189659,false,10מטליות רצפה לחות ניקול,חוגלה קימברלי,IL,מטליות רצפה לחות,יחידה,1.00,יחידה,false,0,7.90,7.90,true,1,
7290000190198,false,מטליות לחות לחיטוי,ניקול,IL,מטליות ניקוי,יחידה,1.00,יחידה,false,0,7.90,7.90,true,1,
7290000190853,false,נייר טואלט לילי פיור30גל,חוגלה קימברלי,IL,נייר טואלט לילי,מטרים,537.00,100 מטר,false,0,31.90,5.94,true,1,
7290000191225,false,האגיס אקסטרה קר מידה 2,חוגלה קימברלי,IL,האגיס ליטל בייבי,יחידה,1.00,יחידה,false,1,29.90,29.90,true,1,
7290000191539,false,מגבוני לילי צבעוני90*5יח,חוגלה קימברלי,IL,מגבוני לילי 90*5,יחידה,1.00,יחידה,false,0,11.90,11.90,true,1,
7290000191645,false,האגיס אקסטרה קר מידה NB,חוגלה קימברלי,US,חיתולי האגיס,יחידה,1.00,יחידה,false,0,29.90,29.90,true,1,
7290000191652,false,קלינקס מעוצב 90*3 יחידות,חוגלה קימברלי,IL,קלינקס מעוצב 3יח,יחידה,1.00,יחידה,false,0,7.90,7.90,true,1,
7290000192581,false,מגבות נייר 6 גליל כפול,קימברלי-קלארק,IL,מגבות נייר,מטרים,129.00,מטר,false,1,18.90,0.15,true,1,
7290000193014,false,אינטרלוד מגן תחתון,חוגלה קימברלי,CZ,לילי פדים,יחידה,1.00,יחידה,false,0,7.90,7.90,true,1,
7290000193083,false,תחבושות נובה לי 28 יח',חוגלה קימברלי,CZ,תחבושות נובה לי,יחידה,1.00,יחידה,false,0,6.90,6.90,true,1,
7290000193205,false,20 תחבושות לילי ללילה,חוגלה קימברלי,BE,תחבושות לילי,יחידה,1.00,יחידה,false,0,12.90,12.90,true,1,
7290000193472,false,לילי מגן תחתון נורמל,חוגלה קימברלי,ES,פדיות לילי,יחידה,1.00,יחידה,false,0,11.90,11.90,true,1,
7290000193540,false,לילי מגן תחתון לונג,חוגלה קימברלי,ES,פדיות לילי,יחידה,1.00,יחידה,false,0,11.90,11.90,true,1,
7290000193618,false,62 פדיות נטורל LIGHT,חוגלה קימברלי,ES,פדיות לילי נטורל,יחידה,1.00,יחידה,false,0,11.90,11.90,true,1,
7290000193649,false,24 תחבושות לילי נורמל+,חוגלה קימברלי,ES,תחבושות לילי,יחידה,1.00,יחידה,false,0,12.90,12.90,true,1,
7290000193656,false,לילי תחבושות סופר פלוס,חוגלה קימברלי,ES,תחבושות לילי,יחידה,1.00,יחידה,false,0,12.90,12.90,true,1,
7290000193793,false,24 לילי נטורל נורמל,חוגלה קימברלי,ES,תחבושות לילי,יחידה,1.00,יחידה,false,0,12.90,12.90,true,1,
7290000193960,false,תח.לילי סופר פלוס 24*2יח,חוגלה קימברלי,ES,תחבושות לילי זוג,יחידה,1.00,יחידה,false,0,16.90,16.90,true,1,
7290000194288,false,משטח החתלה 10 יחידות,אונטקס,BE,משטח החתלה האגיס,יחידה,1.00,יחידה,false,0,16.90,16.90,true,1,
7290000195537,false,מגב.האגיס ללא בישום 64*4,חוגלה קימברלי,IL,מגבונים האגיס 4י,יחידה,1.00,יחידה,false,0,17.90,17.90,true,1,
7290000195773,false,מגבוני האגיס אלוורה 64*4,חוגלה קימברלי,IL,מגבונים האגיס 4י,יחידה,1.00,יחידה,false,0,17.90,17.90,true,1,
7290000197425,false,האגיס פרידום דריי מידה 3,חוגלה קימברלי,IL,חיתולי האגיס,יחידה,1.00,יחידה,false,0,41.90,41.90,true,1,
7290000197456,false,האגיס פרידום דריי מידה 4,חוגלה קימברלי,IL,חיתולי האגיס,יחידה,1.00,יחידה,false,0,41.90,41.90,true,1,
7290000197463,false,האגיס פרידום דריי +4,חוגלה קימברלי,IL,חיתולי האגיס,יחידה,1.00,יחידה,false,0,41.90,41.90,true,1,
7290000197548,false,האגיס פרידום דריי מידה 5,חוגלה קימברלי,IL,חיתולי האגיס,יחידה,1.00,יחידה,false,0,41.90,41.90,true,1,
7290000197678,false,האגיס פרידום דריי מידה 6,חוגלה קימברלי,IL,חיתולי האגיס,יחידה,1.00,יחידה,false,0,41.90,41.90,true,1,
7290000199313,false,תחבושות קוטקס יאנג 30 יח,חוגלה קימברלי,CZ,קוטקס תחבושות,יחידה,1.00,יחידה,false,0,15.90,15.90,true,1,
7290000201818,false,52טיטולים פרימיום שלב 2,חוגלה קימברלי,IL,טיטולים פרימיום,יחידה,1.00,יחידה,false,1,29.90,29.90,true,1,
7290000201832,false,50טיטולים פרימיום שלב 3,חוגלה קימברלי,IL,טיטולים פרימיום,יחידה,1.00,יחידה,false,1,29.90,29.90,true,1,
7290000201849,false,40 טיטולים פרימיום שלב 4,חוגלה קימברלי,IL,טיטולים פרימיום,יחידה,1.00,יחידה,false,1,29.90,29.90,true,1,
7290000201856,false,38 טיטולים פרימיום שלב+4,חוגלה קימברלי,IL,טיטולים פרימיום,יחידה,1.00,יחידה,false,1,29.90,29.90,true,1,
7290000201863,false,34טיטולים פרימיום שלב 5,חוגלה קימברלי,IL,טיטולים פרימיום,יחידה,1.00,יחידה,false,1,29.90,29.90,true,1,
7290000201870,false,30 טיטולים פרימיום שלב 6,---,IL,טיטולים פרימיום,יחידה,1.00,יחידה,false,1,29.90,29.90,true,1,
7290000204215,false,כריות יפניות לקרצוף,חוגלה קימברלי,IL,כריות יפניות,יחידה,1.00,יחידה,false,0,8.90,8.90,true,1,
7290000204512,false,מטליות לחות לרצפה לימון,חוגלה קימברלי,IL,מטליות רצפה לחות,יחידה,1.00,יחידה,false,1,7.90,7.90,true,1,
7290000204611,false,ספוגיות הקסם ניקול 6 יח',INC UFO,US,ספוגיות ניקול,יחידה,1.00,יחידה,false,0,9.90,9.90,true,1,
7290000211169,false,"אורז תאילנדי סוגת 1 ק""ג","סוגת תעשיות בע""\מ",IL,אורז תאילנדי,קילוגרמים,1.00,"ק""ג",false,0,4.90,4.90,true,1,
7290000211442,false,"אורז פרסי קלאסי 1ק""ג","סוגת תעשיות בע""\מ",IL,אורז פרסי קלאסי,קילוגרמים,1.00,"ק""ג",false,0,6.90,6.90,true,1,
7290000244631,false,ענוגה גליצרין שפופרת 80ג,טרופיקל דגיל,IL,קרם ידיים ענוגה,גרמים,80.00,100 גרם,false,0,8.90,11.13,true,1,
7290000244761,false,"קרם ידיים ולווטה 100 מ""ל",טרופיקל דגיל,IL,קרם ידיים ולווטה,מיליליטרים,100.00,"100 מ""ל",false,0,8.90,8.90,true,1,
7290000245294,false,"אבקת כביסה פרסיל 2.5 ק""ג","הנקל סוד בע""\מ",IL,אבקת כביסה פרסיל,קילוגרמים,2.50,"ק""ג",false,0,19.90,7.96,true,1,
7290000253381,false,שוקולד  צ'יפס 500 גרם,אופנהיימר,IL,שוקולד צ'יפס500ג,גרמים,500.00,100 גרם,false,1,14.90,2.98,true,1,
7290000262239,false,נייר טואלט מולט 48גלילים,קימברלי-קלארק,IL,נייר טואלט מולט,מטרים,843.00,100 מטר,false,0,29.90,3.55,true,1,
7290000263359,false,האגיס אקסטרה קר שלב1,חוגלה קימברלי,IL,חיתולי האגיס,יחידה,1.00,יחידה,false,0,29.90,29.90,true,1,
7290000272443,false,סירופ תפוז דיאט 1 ליטר,בית-השיטה עסיס תעשיות מז,IL,סירופ דיאט תפוז,ליטרים,1.00,ליטר,false,0,9.90,9.90,true,1,
7290000272696,false,מיץ לימון משומר-עסיס 1ל',בית-השיטה עסיס תעשיות מז,IL,מיץ לימון משומר,ליטרים,1.00,ליטר,false,0,8.90,8.90,true,1,
7290000272726,false,חומץ 5% 1 ליטר,בית-השיטה עסיס תעשיות מז,IL,חומץ 5%,ליטרים,1.00,ליטר,false,0,5.90,5.90,true,1,
7290000286297,false,סנו אנטיקאלק מסיר אבן700,סנו מפעלי ברונוס בעמ,IL,סנו מסיר אבן,מיליליטרים,700.00,"100 מ""ל",false,0,7.90,1.13,true,1,
7290000286921,false,"סנוקל רסס וכבס 750 מ""ל",סנו מפעלי ברונוס בעמ,IL,סנוקל רסס וכבס,מיליליטרים,750.00,"100 מ""ל",false,0,10.90,1.45,true,1,
7290000286945,false,"סנו רהיט מרסס 500 מ""ל","סנו מפעלי ברונוס בע""\מ",IL,סנו רהיט מרסס,מיליליטרים,500.00,"100 מ""ל",false,0,19.90,3.98,true,1,
7290000287195,false,סנורהיט מבריק רהיטים305ג,סנו מפעלי ברונוס בעמ,IL,סנו רהיט מרסס,מיליליטרים,305.00,"100 מ""ל",false,0,13.50,4.43,true,1,
7290000287362,false,פוליויקס סנרייז 4 ליטר,סנו,IL,פוליויקס סנרייז,ליטרים,4.00,ליטר,false,0,34.90,8.73,true,1,
7290000287430,false,סנובון לימון לאסלה 3 יח',סנו מפעלי ברונו בעמ,IL,סנובון לאסלה 3יח,גרמים,165.00,100 גרם,false,0,10.70,6.48,true,1,
7290000287485,false,סנובון לובר 55*3 גרם,סנו מפעלי ברונו בעמ,IL,סנובון בריח לובר,גרמים,165.00,100 גרם,false,0,10.70,6.48,true,1,
7290000287492,false,סנובון נוזלי לימון 750מל,"סנו מפעלי ברונוס בע""מ",IL,סנובון נוזלי,מיליליטרים,750.00,"100 מ""ל",false,0,8.90,1.19,true,1,
7290000288024,false,סנו ג'אוול לימון 4 ליטר,"סנו מפעלי ברונוס בע""מ",IL,סנו JAVEL אקונומ,ליטרים,4.00,ליטר,false,0,15.90,3.98,true,1,
7290000288048,false,סנו ג'אוול מרסס לבנדר 1ל,"סנו מפעלי ברונוס בע""מ",IL,סנו ג'אוול לבנדר,ליטרים,1.00,ליטר,false,0,14.90,14.90,true,1,
7290000288079,false,סנו ג'אוול לימון 2 ליטר,"סנו מפעלי ברונוס בע""מ",IL,סנו JAVEL מלבין,ליטרים,2.00,ליטר,false,0,9.90,4.95,true,1,
7290000288086,false,סנו ג'אוול אבק,,IL,סנו ג'אוול אבק,גרמים,600.00,100 גרם,false,0,7.90,1.32,true,1,
7290000288307,false,סנומט מכשיר + 30 טבליות,סנו,IT,מכשיר סנומט+טבל,יחידה,1.00,יחידה,false,0,20.90,20.90,true,1,
7290000288383,false,500-K תרס.נגד נמלים 400מ,סנו מפעלי ברונוס בעמ,IL,סנו 500-K תרסיס,מיליליטרים,400.00,"100 מ""ל",false,0,18.90,4.73,true,1,
7290000288390,false,600-K יבש קוטל חרקים500מ,"סנו מפעלי ברונוס בע""מ",IL,סנו 600-K תרסיס,מיליליטרים,500.00,"100 מ""ל",false,0,17.90,3.58,true,1,
7290000288642,false,מרכך מקסימה סנסטיב 4 ל',"סנו מפעלי ברונוס בע""\מ",IL,מרכך כביסה,ליטרים,4.00,ליטר,false,0,21.50,5.38,true,1,
7290000289069,false,סנו ג'אוול מרסס לימון 1ל,"סנו מפעלי ברונוס בע""מ",IL,סנו ג'אוול מרסס,ליטרים,1.00,ליטר,false,0,14.90,14.90,true,1,
7290000289236,false,K3 קוטל נמלים פיתיון,"סנו מפעלי ברונוס בע""\מ",IL,K3 קוטל נמלים,גרמים,12.00,100 גרם,false,1,49.90,415.83,true,1,
7290000289571,false,משחת אורביטול סודה 145 ג,קוסמופארם,IL,משחת שיניים,גרמים,145.00,100 גרם,false,0,5.90,4.07,true,1,
7290000289595,false,אורביטול קיד תות 145 גרם,טרופיקל דגיל תעשיות קוסמ,IL,משחת שיניים,גרמים,145.00,100 גרם,false,0,7.50,5.17,true,1,
7290000289885,false,סנופרש ענק אושן כחול375מ,"סנו מפעלי ברונוס בע""\מ",IL,מטהר סנופרש ענק,מיליליטרים,375.00,"100 מ""ל",false,0,8.90,2.37,true,1,
7290000291932,false,סנובון נוזלי לבנדר 750מל,"סנו מפעלי ברונוס בע""מ",IL,סנובון נוזלי,מיליליטרים,750.00,"100 מ""ל",false,0,8.90,1.19,true,1,
7290000292311,false,פוליויקס סחלבים 2 ליטר,"סנו מפעלי ברונוס בע""\מ",IL,סנו פוליויקס,ליטרים,2.00,ליטר,false,0,19.90,9.95,true,1,
7290000292557,false,סנומט נוזלי45לילות-מילוי,סנו,IT,נוזל מילוי סנו,מיליליטרים,35.00,"100 מ""ל",false,0,14.90,42.57,true,1,
7290000292595,false,סנו סופר פוליש 2 ליטר,סנו,IL,סנו סופר פוליש,ליטרים,2.00,ליטר,false,0,38.90,19.45,true,1,
7290000292687,false,סנובון כחול שלישיה55*3גר,סנו מפעלי ברונו בעמ,IL,סנובון כחול 3 יח,גרמים,165.00,100 גרם,false,0,14.90,9.03,true,1,
7290000292915,false,"סנו רסס ונגב מרסס 750מ""ל","סנו מפעלי ברונוס בע""\מ",IL,סנו רסס נגב מרסס,מיליליטרים,750.00,"100 מ""ל",false,0,12.90,1.72,true,1,
7290000293820,false,שמפו וג'ל רחצה קרמה 700,קוסמופארם,IL,שמפו וג'ל רחצה,מיליליטרים,700.00,"100 מ""ל",false,1,14.90,2.13,true,1,
7290000293943,false,סנו אנטי קאלק מרסס 1 ל',סנו מפעלי ברונוס בעמ,IL,סנו אנטי קאלק,ליטרים,1.00,ליטר,false,0,16.70,16.70,true,1,
7290000294391,false,סנו ג'ט לניקוי כללי 4ל,סנו מפעלי ברונוס בעמ,IL,סנו ג'ט,ליטרים,4.00,ליטר,false,0,14.90,3.73,true,1,
7290000294780,false,סנו ג'אול אקונומ.סמיכה4ל,"סנו מפעלי ברונוס בע""מ",IL,סנו ג'אוול 4 ל,ליטרים,4.00,ליטר,false,0,15.90,3.98,true,1,
7290000295367,false,אבקת מקסימה ג'אוול 2.5קג,סנו,IL,אבקת כביסה,קילוגרמים,2.50,"ק""ג",false,0,23.90,9.56,true,1,
7290000295572,false,"מנקה אסלות ""00"" 750*2מל",סנו מפעלי ברונוס בעמ,IL,צמד מנקה אסלות,ליטרים,1.50,ליטר,false,0,12.90,8.60,true,1,
7290000300900,false,שניצל תירס 750 גרם,טבעול,IL,שניצל תירס טבעול,גרמים,750.00,100 גרם,false,0,22.90,3.05,true,1,
7290000311067,false,מיני ופלים משובחים 200 ג,רוקחמן,IL,מיני ופלים,גרמים,200.00,100 גרם,false,0,6.70,3.35,true,1,
7290000311128,false,עוגיות חמאה מן 300 גרם,רוקחמן,IL,עוגיות חמאה מן,גרמים,300.00,100 גרם,false,0,6.70,2.23,true,1,
7290000311135,false,עוג. גרנולה שוקולד 250 ג,רוקחמן,IL,עוג. גרנולה בטעם,גרמים,250.00,100 גרם,false,0,6.70,2.68,true,1,
7290000311180,false,מארז ופלית בטעם שוקולד,רוקחמן,IL,מארז ופלית,גרמים,250.00,100 גרם,false,0,5.90,2.36,true,1,
7290000311203,false,ופלים מן בטעם שוקולד200ג,רוקחמן,IL,ופלים טעם שוקולד,גרמים,200.00,100 גרם,false,0,3.90,1.95,true,1,
7290000311210,false,ופלים מן בטעם לימון 200ג,רוקחמן,IL,וופלים לימון,גרמים,200.00,100 גרם,false,0,3.90,1.95,true,1,
7290000311227,false,ופל מן בטעם קפה 200 גרם,רוקחמן,IL,ופל מן בטעם קפה,גרמים,200.00,100 גרם,false,0,3.90,1.95,true,1,
7290000311234,false,ופל מן וניל,,IL,ופל מן וניל,גרמים,200.00,100 גרם,false,0,3.90,1.95,true,1,
7290000311258,false,וופלים מצופים טעם שוקולד,,IL,וופלים מצופים,גרמים,250.00,100 גרם,false,1,6.70,2.68,true,1,
7290000311272,false,ופל מן במילוי חלבה 180 ג,רוקחמן,IL,ופל חלבה,גרמים,180.00,100 גרם,false,0,3.90,2.17,true,1,
7290000311319,false,וופלים מצופים רוקחמן 1קג,רוקחמן,IL,וופלים מצופים,קילוגרמים,1.00,"ק""ג",false,0,23.90,23.90,true,1,
7290000311357,false,מארז וופל אגוזית 10 יחיד,רוקחמן,IL,מארז וופל אגוזית,גרמים,280.00,100 גרם,false,0,9.90,3.54,true,1,
7290000311364,false,מארז ופל שוקולד 10יח21Xג,רוקחמן,IL,מארז ופל,גרמים,210.00,100 גרם,false,0,6.90,3.29,true,1,
7290000311425,false,ופלים מצופים כחול 22*10ג,רוקחמן,IL,ופלים מצופים,גרמים,220.00,100 גרם,false,0,6.90,3.14,true,1,
7290000311463,false,"עוג.חיטה טעם חמאה ללת""ס",רוקחמן,IL,עוג.חיטה 200גר,גרמים,200.00,100 גרם,false,1,8.70,4.35,true,1,
7290000311470,false,מיני מן שוקולד ללא סוכר,,IL,מיני מן שוקולד ל,יחידה,1.00,יחידה,false,1,8.90,8.90,true,1,
7290000311487,false,"מאגדת וופל אישי ללת""ס וו",,IL,מאגדת וופל אישי,יחידה,1.00,יחידה,false,1,7.90,7.90,true,1,
7290000311500,false,וופלים בטעם שוקולד 500גר,רוקחמן,IL,וופלים בטעם שוקו,גרמים,500.00,100 גרם,false,0,8.90,1.78,true,1,
7290000311517,false,ופל מן לימון 500 גרם,רוקחמן,IL,ופל מן לימון,גרמים,500.00,100 גרם,false,0,8.90,1.78,true,1,
7290000311708,false,עוגיות מחיטה מלאה מן300ג,רוקחמן,IL,עוגיות חיטה מלאה,גרמים,300.00,100 גרם,false,0,6.70,2.23,true,1,
7290000311715,false,עוג. כוכבים שוקולד 300 ג,רוקחמן,IL,עוגיות שוקולד,גרמים,300.00,100 גרם,false,0,6.70,2.23,true,1,
7290000311722,false,עוגיות כוכבים וניל 300 ג,רוקחמן,IL,עוגיות כוכבים,גרמים,300.00,100 גרם,false,0,6.70,2.23,true,1,
7290000311746,false,עוגיות בטעם קרמל 300 גרם,,IL,עוגיות בטעם קרמל,גרמים,300.00,100 גרם,false,1,6.70,2.23,true,1,
7290000311753,false,עו. חיטה מלאה חלווה 250ג,רוקחמן,IL,עוגיות חלוה,גרמים,250.00,100 גרם,false,1,6.70,2.68,true,1,
7290000311845,false,"עוגיות קמח מלא ללת""ס",רוקחמן,IL,עוגיות קמח מלא,גרמים,200.00,100 גרם,false,1,8.70,4.35,true,1,
7290000311869,false,"וופל מן שוקולד ללת""ס180ג",רוקחמן,IL,וופל שוקולד,גרמים,180.00,100 גרם,false,1,5.90,3.28,true,1,
7290000311876,false,"וופל מן וניל ללת""ס 180 ג",רוקחמן,IL,וופל מן וניל,גרמים,180.00,100 גרם,false,1,5.90,3.28,true,1,
7290000311883,false,"עוגיות גרנולה ללת""ס200ג",רוקחמן,IL,עוגיות גרנולה,גרמים,200.00,100 גרם,false,0,8.70,4.35,true,1,
7290000311890,false,"וופלים טעם לימון לל""ס",רוקחמן,IL,וופלים טעם לימון,גרמים,180.00,100 גרם,false,1,5.90,3.28,true,1,
7290000312750,false,בייגלה שומשום 200 גרם,,IL,בייגלה שומשום,גרמים,200.00,100 גרם,false,1,4.90,2.45,true,1,
7290000327020,false,"פפסי פחיות 330*6 מ""ל","מודרן גרופ משקאות בע""\מ",IL,פפסי פחיות 6 יח,ליטרים,1.98,ליטר,false,1,17.90,9.04,true,1,
7290000327044,false,"סבן אפ פחיות 330*6 מ""ל","מודרן גרופ משקאות בע""\מ",IL,סבן אפ פחיות 6יח,ליטרים,1.98,ליטר,false,1,17.90,9.04,true,1,
7290000339191,false,רן אבקת הלבנה 350 גרם,זהר דליה,IL,רן אבקת הלבנה,גרמים,350.00,100 גרם,false,0,15.90,4.54,true,1,
7290000339566,false,מרכך כביסה בדין ורוד 4 ל,יוניליור ישראל טיפוח איש,IL,מרכך כביסה בדין,ליטרים,4.00,ליטר,false,0,19.90,4.98,true,1,
7290000342856,false,מרכך כביסה בדין כחול 4 ל,יוניליור ישראל טיפוח איש,IL,מרכך כביסה בדין,ליטרים,4.00,ליטר,false,0,19.90,4.98,true,1,
7290000345055,false,ארל גריי תה עלים 100 גרם,תה ויסוצקי,IL,תה ארל גריי עלים,גרמים,100.00,100 גרם,false,0,9.90,9.90,true,1,
7290000345116,false,תה ירוק עלים 125 גרם,תה ויסוצקי,IL,תה ירוק עלים,גרמים,125.00,100 גרם,false,0,10.90,8.72,true,1,
7290000345208,false,תה ויסוצקי 25שק* 1 גרם,ויסוצקי,IL,תה ויסוצקי מעודן,גרמים,25.00,100 גרם,false,0,5.90,23.60,true,1,
7290000345215,false,תה ויסוצקי כחול 100שק1*ג,תה ויסוצקי,IL,תה ויסוצקי 100שק,גרמים,100.00,100 גרם,false,0,14.90,14.90,true,1,
7290000345260,false,תה ויסוצקי 25שק1.5*גרם,תה ויסוצקי,IL,תה ויסוצקי,גרמים,37.00,100 גרם,false,0,5.90,15.95,true,1,
7290000345284,false,תה קלאסיק 100שק1.5*גרם,תה ויסוצקי,IL,תה ויסוצקי ירוק,גרמים,150.00,100 גרם,false,0,14.90,9.93,true,1,
7290000345291,false,תה ארל גריי 25שק1.5*גרם,ויסוצקי,IL,תה ארל גריי,גרמים,37.00,100 גרם,false,0,11.90,32.16,true,1,
7290000345307,false,תה ארל גריי 50 שק1.5*גרם,תה ויסוצקי,IL,תה ארל גריי 50שק,גרמים,75.00,100 גרם,false,0,21.90,29.20,true,1,
7290000345536,false,תה נענע 25 שק1.5* גרם,תה ויסוצקי,IL,תה נענע,גרמים,37.00,100 גרם,false,0,12.90,34.86,true,1,
7290000346021,false,חליטת קמומיל 50 שק* 1.5ג,בית ויסוצקי,IL,חליטת קמומיל,גרמים,75.00,100 גרם,false,0,23.90,31.87,true,1,
7290000346120,false,חליטת קסם הקינמון25ש2.5*,ויסוצקי,IL,חליטת קינמון,גרמים,62.00,100 גרם,false,0,12.90,20.81,true,1,
7290000346137,false,הילולי פירות הגן25שק2.5*,ויסוצקי,IL,חליטת פירות,גרמים,62.00,100 גרם,false,0,12.90,20.81,true,1,
7290000346144,false,חליטה עינוגי התפוח25ש3*ג,ויסוצקי,IL,חליטת פירות,גרמים,67.00,100 גרם,false,0,12.90,19.25,true,1,
7290000346168,false,חליטת שומר 25שק * 1.5גר,ויסוצקי,IL,חליטת שומר,גרמים,37.00,100 גרם,false,0,12.90,34.86,true,1,
7290000346199,false,תה פירות יער 25שק2.7*גר,ויסוצקי,IL,חליטת פירות היער,גרמים,67.00,100 גרם,false,0,12.90,19.25,true,1,
7290000346205,false,חל.קמומיל-גן קסום25ש1.5*,ויסוצקי,IL,חליטת קמומיל,גרמים,37.00,100 גרם,false,0,12.90,34.86,true,1,
7290000346212,false,חליטת מנטה גן קסום25ש2*ג,ויסוצקי,IL,חליטת מנטה,גרמים,50.00,100 גרם,false,0,12.90,25.80,true,1,
7290000346236,false,תה לואיזה גן קסום25שק2*ג,ויסוצקי,IL,תה לואיזה וורבנה,גרמים,50.00,100 גרם,false,0,12.90,25.80,true,1,
7290000346960,false,תה נענע 50 שקיק1.5* גרם,בית ויסוצקי,IL,תה נענע 50 שקיק.,גרמים,75.00,100 גרם,false,0,21.90,29.20,true,1,
7290000347738,false,תה ירוק עם נענע 1.5*25גר,ויסוצקי,IL,תה ירוק נענע,גרמים,37.00,100 גרם,false,0,19.90,53.78,true,1,
7290000347752,false,תה ירוק+לימונ.ולואיזה25ש,ויסוצקי,IL,תה ירוק לימונית,גרמים,37.00,100 גרם,false,0,19.90,53.78,true,1,
7290000408354,false,דנונה בר פצפוצים 173 גרם,"שטראוס בריאות בע""\מ",IL,דנונה בר פצפוצים,גרמים,173.00,100 גרם,false,0,3.90,2.25,true,1,
7290000412481,false,"מנקה אסלות ""00"" 1 ליטר",סנו מפעלי ברונוס בעמ,IL,"מנקה אסלות 00""",ליטרים,1.00,ליטר,false,0,7.50,7.50,true,1,
7290000416076,false,צימקאו שוקולד לבישול400ג,השחר העולה,IL,צימקאו לאפיה,גרמים,400.00,100 גרם,false,0,9.90,2.48,true,1,
7290000416618,false,"ממרח טעם שוקולד בד""ץ400ג",השחר,IL,ממרח בטעם שוקולד,גרמים,400.00,100 גרם,false,0,9.90,2.48,true,1,
7290000419107,false,קפה שחור לנדוור 100 גרם,"קפה לנדוור בע""\מ",IL,קפה שחור לנדוור,גרמים,100.00,100 גרם,false,0,5.90,5.90,true,1,
7290000419114,false,קפה טחון טורקי לנדור200ג,"קפה לנדוור בע""\מ",IL,קפה שחור לנדוור,גרמים,200.00,100 גרם,false,0,10.90,5.45,true,1,
7290000419893,false,קפה לנדור לבוקר טחון100ג,"קפה לנדוור בע""\מ",IL,קפה שחור לבוקר,גרמים,100.00,100 גרם,false,0,5.90,5.90,true,1,
7290000419909,false,קפה שחור חזק לנדוור 100ג,קפה לנדוור,IL,קפה שחור חזק,גרמים,100.00,100 גרם,false,0,5.90,5.90,true,1,
7290000426150,false,"כרובית פרחים בד""ץ 600 גר","מטר ארצכם בע""מ",IL,כרובית פרחים,גרמים,600.00,100 גרם,false,1,24.90,4.15,true,1,
7290000426181,false,תרד קצוץ אריזה גדולה 907,,IL,תרד קצוץ,גרמים,907.00,100 גרם,false,1,26.90,2.97,true,1,
7290000426914,false,תות שדה בודק 454 גרם,,US,תות שדה בודק,גרמים,454.00,100 גרם,false,1,22.90,5.04,true,1,
7290000426921,false,"ברוקולי פרחים ארה""ב 907",,IL,ברוקולי פרחים,גרמים,907.00,100 גרם,false,1,32.90,3.63,true,1,
7290000432335,false,נר נשמה בכוס,,IL,נר נשמה בכוס,יחידה,1.00,יחידה,false,0,4.90,4.90,true,1,
7290000432649,false,נרות שבת 6 יחידות,פאלאס,IL,נרות שבת,יחידה,1.00,יחידה,false,0,2.90,2.90,true,1,
7290000432656,false,נרות שבת 8 יחידות,פאלאס,IL,נרות שבת,יחידה,1.00,יחידה,false,0,2.90,2.90,true,1,
7290000432663,false,נרות שבת,,IL,נרות שבת,יחידה,1.00,יחידה,false,0,2.90,2.90,true,1,
7290000432670,false,נרות שבת,,IL,נרות שבת,יחידה,1.00,יחידה,false,0,2.90,2.90,true,1,
7290000434407,false,עוגיות טבעות 330 גרם,"אחים פפושדו ובניהם בע""\מ",IL,עוגיות טבעות,גרמים,330.00,100 גרם,false,1,6.90,2.09,true,1,
7290000435213,false,משמחים עדשים 20 גרם,הנמל,IL,משמחים עדשים,גרמים,20.00,100 גרם,false,0,1.50,7.50,true,1,
7290000435251,false,עדשים 500 גרם,הנמל,IL,מיני משמחים,גרמים,500.00,100 גרם,false,0,14.90,2.98,true,1,
7290000435688,false,סוכריות פישקאלך,ממתקי עלה,IL,פישקאלך,גרמים,25.00,100 גרם,false,1,1.50,6.00,true,1,
7290000436203,false,עוגיות שוקוצ'יפס 200 גרם,ברמן שוקולד ועוגיות,IL,עוגיות שוקוצ'יפס,גרמים,200.00,100 גרם,false,0,4.90,2.45,true,1,
7290000436616,false,דובשניות בשקית 180 גרם,ברמן שוקולד ועוגיות,IL,דובשניות בשקית,גרמים,180.00,100 גרם,false,0,4.90,2.72,true,1,
7290000446127,false,פריכיות אורז,,IL,פריכיות אורז,גרמים,100.00,100 גרם,false,0,3.90,3.90,true,1,
7290000446257,false,דייסת אורז,,IL,דייסת אורז,גרמים,200.00,100 גרם,false,0,9.90,4.95,true,1,
7290000446264,false,דייסת קורנפלור 200 גרם,השדה מוצרים אורגניים,IL,דייסת קורנפלור,גרמים,200.00,100 גרם,false,0,9.90,4.95,true,1,
7290000446318,false,דייסת סולת 200 גרם,השדה מוצרים אורגניים,IL,דייסת סולת,גרמים,200.00,100 גרם,false,0,9.90,4.95,true,1,
7290000446394,false,דייסת שיבולת,,IL,דייסת שיבולת,גרמים,200.00,100 גרם,false,0,9.90,4.95,true,1,
7290000446523,false,חמאת בוטנים,,IL,חמאת בוטנים,גרמים,350.00,100 גרם,false,0,13.90,3.97,true,1,
7290000446530,false,חמאת בוטנים,,IL,חמאת בוטנים,קילוגרמים,1.00,"ק""ג",false,0,26.90,26.90,true,1,
7290000446547,false,חמאת בוטנים,,IL,חמאת בוטנים,גרמים,350.00,100 גרם,false,0,13.90,3.97,true,1,
7290000446554,false,חמאת בוטנים,,IL,חמאת בוטנים,קילוגרמים,1.00,"ק""ג",false,0,26.90,26.90,true,1,
7290000446714,false,שמן שומשום,,IL,שמן שומשום,מיליליטרים,500.00,"100 מ""ל",false,0,39.90,7.98,true,1,
7290000446745,false,חמאת שקדים 350 גרם,בטר אנד דיפרנט,IL,חמאת שקדים,גרמים,350.00,100 גרם,false,0,38.90,11.11,true,1,
7290000446752,false,ממרח שומשום מלא,,IL,ממרח שומשום מלא,גרמים,350.00,100 גרם,false,0,13.90,3.97,true,1,
7290000446776,false,פיצפוצי אורז מלא,,IL,פיצפוצי אורז מלא,גרמים,450.00,100 גרם,false,0,18.90,4.20,true,1,
7290000446783,false,גרנולה + תפוחי,,IL,גרנולה + תפוחי,גרמים,400.00,100 גרם,false,0,10.90,2.73,true,1,
7290000446790,false,גרנולה + צימוק,,IL,גרנולה + צימוק,גרמים,400.00,100 גרם,false,0,10.90,2.73,true,1,
7290000446813,false,ממרח חרובים,,IL,ממרח חרובים,גרמים,350.00,100 גרם,false,0,13.90,3.97,true,1,
7290000446844,false,חמאת בוטנים+דבש,,IL,חמאת בוטנים+דבש,גרמים,350.00,100 גרם,false,0,13.90,3.97,true,1,
7290000446905,false,"ממרח חלבה 1 ק""ג",,IL,"ממרח חלבה 1 ק""ג",קילוגרמים,1.00,"ק""ג",false,0,22.90,22.90,true,1,
7290000446943,false,פריכיות כוסמת,,IL,פריכיות כוסמת,גרמים,100.00,100 גרם,false,0,3.90,3.90,true,1,
7290000449128,false,פנטסטיק רגיל 4 ליטר,יוניליוור ישראל טיפוח אי,IL,פנטסטיק לניקוי,ליטרים,4.00,ליטר,false,0,15.90,3.98,true,1,
7290000453019,false,שמרית-שמרים לחים 50 גרם,"פאקא תעשיות בע""\מ",IL,שמרית-שמרים טרי,גרמים,50.00,100 גרם,false,0,3.90,7.80,true,1,
7290000453125,false,שמרית+משפר אפיה ביתית100,"פאקא תעשיות בע""\מ",IL,שמרית+ משפר אפיה,גרמים,100.00,100 גרם,false,0,5.90,5.90,true,1,
7290000453385,false,שמרים יבשים פאקא,,GB,שמרים יבשים פאקא,גרמים,500.00,100 גרם,false,0,11.90,2.38,true,1,
7290000453798,false,שמרים יבשים אקטיביים500ג,פאקא,GB,שמרים יבשים,גרמים,500.00,100 גרם,false,1,11.90,2.38,true,1,
7290000453866,false,נטורינה קוקוס 200 גרם,פאקא,DK,נטורינה קוקוס,גרמים,200.00,100 גרם,false,1,6.50,3.25,true,1,
7290000461625,false,בייגלה שמיניות עם מלח400,בייגל את בייגל מזון 198),IL,בייגלה שמיניות,גרמים,400.00,100 גרם,false,0,7.90,1.98,true,1,
7290000461700,false,בייגלה שמינ.גדול.מלוח400,בייגל את בייגל מזון 198),IL,בייגלה גדול,גרמים,400.00,100 גרם,false,0,9.90,2.48,true,1,
7290000462141,false,זחוק אדום חריף מאוד 150ג,"זהבי הכרם בע""\מ",IL,זחוק אדום חריף,גרמים,150.00,100 גרם,false,0,6.50,4.33,true,1,
7290000462172,false,סחוג זהבי ירוק 150 גרם,"זהבי הכרם בע""\מ",IL,סחוג זהבי ירוק,גרמים,150.00,100 גרם,false,0,6.50,4.33,true,1,
7290000467320,false,מלך חומוס אבו מרוואן400ג,סלטי צבר,IL,מלך החומוס צבר,גרמים,400.00,100 גרם,false,0,9.90,2.48,true,1,
7290000469638,false,"מריטו ענק 500 מ""ל",בולטון,IT,מריטו לגיהוץ קל,מיליליטרים,500.00,"100 מ""ל",false,0,16.90,3.38,true,1,
7290000474021,false,חלב 3% מפוסטר שקית 1 ל',טרה,IL,חלב 3% בשקית 1 ל,ליטרים,1.00,ליטר,false,0,4.30,4.30,true,1,
7290000474090,false,חלב הומוגני 1% קרטון 1 ל,מילקו תעשיות בעמ,IL,חלב טרי טרה 1%,ליטרים,1.00,ליטר,false,0,4.90,4.90,true,1,
7290000474502,false,גבינה לבנה 5% טרה 250 גר,טרה,IL,גבינה לבנה 5%,גרמים,250.00,100 גרם,false,0,3.90,1.56,true,1,
7290000480107,false,קוואקר שיבולת שועל פח500,קואקר אוטס,GB,קוואקר שיבולת,גרמים,500.00,100 גרם,false,0,9.90,1.98,true,1,
7290000493176,false,רוטב צלי לבשר בשקית22ג,"אסם השקעות בע""\מ",IL,רוטב צלי לבשר,גרמים,22.00,100 גרם,false,0,2.90,13.18,true,1,
7290000504025,false,סוכרזית 300 טבליות פטריה,ביסקול בע''מ,IL,סוכרזית פטריה,גרמים,24.00,100 גרם,false,0,6.90,28.75,true,1,
7290000504049,false,סוכרזית 1200 טבליות,ביסקול בע''מ,IL,סוכרזית טבליות,גרמים,98.00,100 גרם,false,0,18.90,19.29,true,1,
7290000504209,false,"נוזל של סוכרזית 220 מ""ל",ביסקול בע''מ,IL,נוזל של סוכרזית,מיליליטרים,220.00,"100 מ""ל",false,0,14.90,6.77,true,1,
7290000504261,false,"כמו סוכר"" אבקה ממתיק75ג",ביסקול בע''מ,IL,כמו סוכר,גרמים,75.00,100 גרם,false,0,19.90,26.53,true,1,
7290000504278,false,סוכרזית פטנט 700 טבליות,ביסקול בע''מ,IL,סוכרזית טבליות,גרמים,57.00,100 גרם,false,0,14.90,26.14,true,1,
7290000518114,false,מתוק וקל 200 גרם,למפדוס,IL,אבקת מתוק וקל,גרמים,200.00,100 גרם,false,0,8.90,4.45,true,1,
7290000518121,false,מתוק וקל 50 שקיות,למפדוס,IL,מתוק וקל שקיות,גרמים,50.00,100 גרם,false,0,5.90,11.80,true,1,
7290000518152,false,מתוק וקל זהב 50 שקיות,למפדוס,IL,מתוק וקל זהב,יחידה,1.00,יחידה,false,0,5.90,5.90,true,1,
7290000518169,false,מתוק וקל 1000 טבליות,מתוק וקל,IL,מתוק וקל,גרמים,80.00,100 גרם,false,0,8.90,11.13,true,1,
7290000518176,false,מתוק וקל ענק 250 שקיות,למפדוס,IL,מתוק וקל ענק,גרמים,250.00,100 גרם,false,0,19.90,7.96,true,1,
7290000518190,false,מתוק וקל סטיביה 100 שקיק,מתוק וקל,IL,מתוק וקל סטיביה,גרמים,80.00,100 גרם,false,1,28.90,36.13,true,1,
7290000518220,false,סוכרה דיאט 100 שקיות,מתוק וקל,IL,סוכרה דיאט,גרמים,80.00,100 גרם,false,1,24.90,31.13,true,1,
7290000518237,false,סוכרה דיאט אבקה 100 גרם,מתוק וקל,IL,סוכרה דיאט אבקה,גרמים,100.00,100 גרם,false,1,18.90,18.90,true,1,
7290000518251,false,מתוק וקל זהב 100 שקיות,למפדוס,IL,מתוק וקל זהב,יחידה,1.00,יחידה,false,0,10.90,10.90,true,1,
7290000518879,false,סוכרה דיאט 250 שקיות,מתוק וקל,IL,סוכרה דיאט 250שק,גרמים,200.00,100 גרם,false,1,54.90,27.45,true,1,
7290000523125,false,מלח ים יבש 250 גרם,"חברת מלח הארץ אילת בע""\מ",IL,מלח ים יבש,גרמים,250.00,100 גרם,false,0,3.90,1.56,true,1,
7290000523224,false,מלח ים דק 500 גרם,"חברת מלח הארץ אילת בע""\מ",IL,מלח ים דק,גרמים,500.00,100 גרם,false,0,4.90,0.98,true,1,
7290000523514,false,מלח יבש דל נתרן 250 גרם,"חברת מלח הארץ אילת בע""\מ",IL,מלח דל נתרן,גרמים,250.00,100 גרם,false,0,6.90,2.76,true,1,
7290000523804,false,"מלח הארץ עדין צנצנת 1ק""ג","חברת מלח הארץ אילת בע""\מ",IL,מלח הארץ עדין,קילוגרמים,1.00,"ק""ג",false,0,4.90,4.90,true,1,
7290000523811,false,"מלח הארץ גס צנצנת 1 ק""ג","חברת מלח הארץ אילת בע""\מ",IL,מלח הארץ גס,קילוגרמים,1.00,"ק""ג",false,0,4.90,4.90,true,1,
7290000531977,false,בורקס גבינה 800 גרם,זוגלובק,IL,בורקס גבינה,גרמים,800.00,100 גרם,false,0,13.90,1.74,true,1,
7290000533353,false,"בצק עלים 1 ק""ג",זוגלובק,IL,בצק עלים,גרמים,1000.00,100 גרם,false,0,11.90,1.19,true,1,
7290000536316,false,שניצל מן הצומח 1 קג,זוגלובק,IL,שניצל מן הצומח,גרמים,1000.00,100 גרם,false,0,23.90,2.39,true,1,
7290000536743,false,קריספי סטיקס תירס 500גרם,זוגלובק,IL,קריספי סטיקסתירס,גרמים,500.00,100 גרם,false,0,11.90,2.38,true,1,
7290000536774,false,"נקניקיה מןהצומח בד""צ 1 ק",זוגלובק,IL,נקניקיה מן הצומח,גרמים,1000.00,100 גרם,false,0,26.90,2.69,true,1,
7290000572055,false,"חלווה ללת""ס+אגוז400גר","אחדות בע""מ א.ת. ברקן",IL,"חלווה ללת""ס",גרמים,400.00,100 גרם,false,0,14.90,3.73,true,1,
7290000572086,false,טחינה אורגנית 500 גרם,"אחדות בע""מ א.ת. ברקן",IL,טחינה אורגנית,גרמים,500.00,100 גרם,false,0,10.90,2.18,true,1,
7290000572093,false,טחינה 500גרם,,IL,טחינה 500גרם,גרמים,500.00,100 גרם,false,0,8.90,1.78,true,1,
7290000572208,false,חלווה 100 גרם,"אחדות בע""מ א.ת. ברקן",IL,חלווה 100 גרם,גרמים,100.00,100 גרם,false,0,2.90,2.90,true,1,
7290000572215,false,חלבה מצופה,,IL,חלבה מצופה,גרמים,80.00,100 גרם,false,0,2.90,3.63,true,1,
7290000572222,false,חלווה בלוק שוקו וניל500ג,"אחדות ביח""ר לטחינה",IL,חלווה בלוק500 גר,גרמים,500.00,100 גרם,false,0,8.90,1.78,true,1,
7290000572529,false,חלווה אחוה פיסטוק 400 גר,"אחדות בע""מ א.ת. ברקן",IL,חלווה פיסטוק,גרמים,400.00,100 גרם,false,0,8.80,2.20,true,1,
7290000572543,false,חלווה שוקו וניל 400 גרם,אחווה,IL,חלווה 400 גרם,גרמים,400.00,100 גרם,false,0,9.80,2.45,true,1,
7290000572628,false,"ח.חלווה לייט ללת""ס25*11ג","אחדות בע""מ א.ת. ברקן",IL,חטיף חלווה לייט,גרמים,275.00,100 גרם,false,0,8.90,3.24,true,1,
7290000572673,false,"חלוה ""10"" קופסת שי 12 יח","אחדות בע""מ א.ת. ברקן",IL,חלוה 10 קופסת שי,גרמים,300.00,100 גרם,false,0,7.90,2.63,true,1,
7290000572802,false,טחינה אורגנית 500 גרם,"אחדות בע""מ א.ת. ברקן",IL,טחינה 500 גרם,גרמים,500.00,100 גרם,false,0,10.90,2.18,true,1,
7290000572819,false,"טחינה גולמית 1 ק""ג","אחדות בע""מ א.ת. ברקן",IL,טחינה גולמית,קילוגרמים,1.00,"ק""ג",false,0,17.80,17.80,true,1,
7290000591759,false,קמח מצה לעוגה 500 גרם,אם החיטה,IL,קמח מצה לעוגה,גרמים,500.00,100 גרם,false,0,3.90,0.78,true,1,
7290000596020,false,ביסקויט פתיבר שוקו 1.8קג,מגדנית הדר,IL,ביסקויט פתיבר,קילוגרמים,1.80,"ק""ג",false,0,19.90,11.06,true,1,
7290000598116,false,מצות קרטון(חמץ,,IL,מצות קרטון(חמץ,קילוגרמים,1.50,"ק""ג",false,0,24.90,16.60,true,1,
7290000598130,false,מצות (חמץ) 400,,IL,מצות (חמץ) 400,גרמים,400.00,100 גרם,false,0,15.90,3.98,true,1,
7290000598147,false,קמח מצה חמץ,,IL,קמח מצה חמץ,גרמים,500.00,100 גרם,false,0,6.50,1.30,true,1,
7290000598680,false,פתיבר,,IL,פתיבר,קילוגרמים,1.80,"ק""ג",false,0,23.90,13.28,true,1,
7290000598871,false,ביסקויט יהודה .2,,IL,ביסקויט יהודה .2,קילוגרמים,2.50,"ק""ג",false,0,37.90,15.16,true,1,
7290000598895,false,עוגיות שוקוצ'י,,IL,עוגיות שוקוצ'י,גרמים,600.00,100 גרם,false,0,15.90,2.65,true,1,
7290000598918,false,עוגיות,,IL,עוגיות,קילוגרמים,1.50,"ק""ג",false,0,24.90,16.60,true,1,
7290000598949,false,מצות מקמח מלא,,,מצות מקמח מלא,גרמים,300.00,100 גרם,false,0,16.50,5.50,true,1,
7290000598956,false,קמח מצות,,,קמח מצות,גרמים,400.00,100 גרם,false,0,8.90,2.23,true,1,
7290000599236,false,כרית מתכת 30 גרם,מ.א,CN,כרית מתכת,יחידה,1.00,יחידה,false,0,1.50,1.50,true,1,
7290000599434,false,סחבות שייני,,IL,סחבות שייני,יחידה,1.00,יחידה,false,0,7.90,7.90,true,1,
7290000599465,false,"מטליות שייני רב""ש 10 יח",נועם אורים,IL,מטליות שייני,יחידה,1.00,יחידה,false,0,5.90,5.90,true,1,
7290000599564,false,צמר פלדה קלאסיק יחידה,מ.א,IL,צמר פלדה קלאסיק,יחידה,1.00,יחידה,false,0,1.90,1.90,true,1,
7290000599571,false,צמר פלדה בשקית,,IL,צמר פלדה בשקית,יחידה,1.00,יחידה,false,0,4.90,4.90,true,1,
7290000599601,false,צמד מרסס חלונות שייני,,IL,צמד מרסס חלונות,מיליליטרים,1500.00,"100 מ""ל",false,1,8.90,0.59,true,1,
7290000599731,false,מטהר אוויר מרסס,,IL,מטהר אוויר מרסס,יחידה,1.00,יחידה,false,0,4.90,4.90,true,1,
7290000599847,false,סופר מגבת יח,מ.א,IL,סופר מגבת,יחידה,1.00,יחידה,false,0,9.90,9.90,true,1,
7290000599946,false,ספוג הפלא שישיה יחי',מ.א,IL,ספוג הפלא,יחידה,1.00,יחידה,false,0,4.90,4.90,true,1,
7290000604534,false,ביצים M 30 יח',,IL,ביצים M 30 יח',יחידה,1.00,יחידה,false,0,25.90,25.90,true,1,
7290000679440,false,משחה לתינוק קמיל בלו,פישר מעבדות פרמצבטיות בע,IL,משחה לתינוק,גרמים,100.00,100 גרם,false,0,11.90,11.90,true,1,
7290000682204,false,אטריות סבתא 400 גרם,שיבולים בני דרום,IL,אטריות סבתא,גרמים,400.00,100 גרם,false,0,4.50,1.13,true,1,
7290000682211,false,פתיתים אפויים 500 גרם,שיבולים,IL,פתיתים אפויים,גרמים,500.00,100 גרם,false,0,3.90,0.78,true,1,
7290000682518,false,אטריות סבתא בינוניות400ג,שיבולים בני דרום,IL,אטריות סבתא 400ג,גרמים,400.00,100 גרם,false,0,4.50,1.13,true,1,
7290000682525,false,אטריות סבתא רחבות 400 גר,שיבולים,IL,איטריות סבתא,גרמים,400.00,100 גרם,false,0,4.50,1.13,true,1,
7290000682532,false,אטריות סבתא דקיקות 400 ג,שיבולים בני דרום,IL,איטריות סבתא,גרמים,400.00,100 גרם,false,0,4.50,1.13,true,1,
7290000688084,false,מי עדן פקק ספורטאים500מל,מי עדן,IL,מי עדן פקק ספורט,מיליליטרים,500.00,"100 מ""ל",false,0,2.90,0.58,true,1,
7290000688374,false,"מי עדן בייבי 250*6 מ""ל","מופק ממקור בזלתי עדן ,1",IL,מי עדן בייבי 6יח,ליטרים,1.50,ליטר,false,0,13.90,9.27,true,1,
7290000688381,false,מים מינרליים מי עדן500*6,"מופק ממקור בזלתי עדן ,1",IL,מי עדן אישי 6 בק,ליטרים,3.00,ליטר,false,0,11.90,3.97,true,1,
7290000692203,false,אג'קס נוזל כללי לימון 2ל,קולגייט פלמוליב,GR,אג'קס ניקוי כללי,ליטרים,2.00,ליטר,false,0,17.90,8.95,true,1,
7290000692210,false,אג'קס נוזל כללי לבנדר 2ל,קולגייט פלמוליב,GR,אג'קס ניקוי כללי,ליטרים,2.00,ליטר,false,0,17.90,8.95,true,1,
7290000803180,false,שטיפה דנטלית מרידול 400מ,קולגייט פלמוליב,CH,שטיפה מרידול,מיליליטרים,400.00,"100 מ""ל",false,0,22.90,5.73,true,1,
7290000804484,false,שטיפה דנטלית אלמקס 400מל,קולגייט פלמוליב,CH,מי פה אלמקס,מיליליטרים,400.00,"100 מ""ל",false,0,19.90,4.98,true,1,
7290000904078,true,תמר בונבון פיצוחית,,IL,תמר בונבון פיצוח,גרמים,0.00,"ק""ג",true,1,58.00,58.00,true,1,
7290000904535,true,מנצ'ס,,IL,מנצ'ס,גרמים,0.00,"ק""ג",true,1,44.00,44.00,true,1,
7290000904573,true,מנצ'ס מעורב,,IL,מנצ'ס מעורב,גרמים,0.00,"ק""ג",true,1,44.00,44.00,true,1,
7290000904702,true,קרנצוס פינאטס .,,IL,קרנצוס פינאטס,גרמים,0.00,"ק""ג",true,1,40.00,40.00,true,1,
7290000904771,true,ציה .,,IL,ציה,גרמים,0.00,"ק""ג",true,1,29.00,29.00,true,1,
7290000904801,true,שומשום לבן .,,IL,שומשום לבן,גרמים,0.00,"ק""ג",true,1,20.00,20.00,true,1,
7290000904818,true,כוסמת .,,IL,כוסמת,גרמים,0.00,"ק""ג",true,1,13.00,13.00,true,1,
7290000904900,true,עדשים ירוקות,,IL,עדשים ירוקות,גרמים,0.00,"ק""ג",true,1,12.00,12.00,true,1,
7290000904986,true,שעועית לבנה ארגנטינית .,,IL,שעועית לבנה ארגנ,גרמים,0.00,"ק""ג",true,1,11.00,11.00,true,1,
7290000905112,true,שעועית אדומה .,,IL,שעועית אדומה,גרמים,0.00,"ק""ג",true,1,14.00,14.00,true,1,
7290000906874,true,פלפל מתוק שלם .,,IL,פלפל מתוק שלם,גרמים,0.00,"ק""ג",true,1,48.00,48.00,true,1,
7290000906928,true,חוויג' למרק תמני .,,IL,חוויג' למרק תמני,גרמים,0.00,"ק""ג",true,1,58.00,58.00,true,1,
7290000906980,true,שומשום שחור .,,IL,שומשום שחור,גרמים,0.00,"ק""ג",true,1,40.00,40.00,true,1,
7290000915371,true,מאפים חלבי,,IL,מאפים חלבי,גרמים,0.00,"ק""ג",true,1,35.00,35.00,true,1,
7290000915654,true,גומי וג'לי,,IL,גומי וג'לי,גרמים,0.00,"ק""ג",true,1,46.00,46.00,true,1,
7290000915661,true,שוקולד במשקל ארוז לפי שק,,IL,שוקולד  במשקל,גרמים,0.00,"ק""ג",true,1,64.00,64.00,true,1,
7290000917412,true,לחמניה אצבע,,IL,לחמניה אצבע,יחידה,1.00,יחידה,false,1,1.50,1.50,true,1,
7290000922317,true,תפוח עץ ברשת ביכורי שדה,,IL,תפוח עץ ברשת ביכ,גרמים,0.00,"ק""ג",true,1,6.90,6.90,true,1,
7290000922331,true,אבטיח שלם,,IL,אבטיח,קילוגרמים,0.00,"ק""ג",true,1,3.90,3.90,true,1,
7290000922379,true,חבושים***חול***,,IL,חבושים***חול***,קילוגרמים,0.00,"ק""ג",true,1,10.00,10.00,true,1,
7290000922393,true,לחמניה מזונות,,IL,לחמניה מזונות,יחידה,1.00,יחידה,false,1,2.00,2.00,true,1,
7290000922522,true,גרעין אבטיח קלוי,,IL,גרעין אבטיח קלוי,גרמים,0.00,"ק""ג",true,1,58.00,58.00,true,1,
7290000922546,true,מקדמיה טבעית במשקל .,,IL,מקדמיה טבעית,קילוגרמים,0.00,"ק""ג",true,1,130.00,130.00,true,1,
7290000922560,true,בונדוק טבעי,,IL,בונדוק טבעי,קילוגרמים,0.00,"ק""ג",true,1,59.00,59.00,true,1,
7290000922577,true,בונדוק קלוי לפי משקל,,IL,בונדוק קלוי,גרמים,0.00,"ק""ג",true,1,84.00,84.00,true,1,
7290000922584,true,פקאן קלוף טבעי,,IL,פקאן קלוף טבעי,גרמים,0.00,"ק""ג",true,1,94.00,94.00,true,1,
7290000922652,true,שקד קלוי,,IL,שקד קלוי,גרמים,0.00,"ק""ג",true,1,88.00,88.00,true,1,
7290000922690,true,פיסטוק טבעי,,IL,פיסטוק טבעי,גרמים,0.00,"ק""ג",true,1,59.00,59.00,true,1,
7290000922850,true,תפוח אדמה אדום בתפזורת .,,IL,"תפו""א אדום בתפזו",גרמים,0.00,"ק""ג",true,1,6.90,6.90,true,1,
7290000922867,true,גזר בתפזורת,,IL,גזר בתפזורת,גרמים,0.00,"ק""ג",true,1,6.90,6.90,true,1,
7290000922942,true,לפת,,IL,לפת,גרמים,0.00,"ק""ג",true,1,4.90,4.90,true,1,
7290000924847,true,אגס חום,,IL,אגס חום,קילוגרמים,0.00,"ק""ג",true,1,13.90,13.90,true,1,
7290000925202,true,שורש פטרוזיליה,,IL,שורש פטרוזיליה,יחידה,1.00,יחידה,false,1,7.90,7.90,true,1,
7290000925394,true,ראש סלרי יחי',,IL,ראש סלרי,יחידה,1.00,יחידה,false,1,7.90,7.90,true,1,
7290000926216,true,קצח במשקל לפי משקל,,IL,קצח במשקל,גרמים,0.00,"ק""ג",true,1,44.00,44.00,true,1,
7290000926391,true,פומלה אדומה מחיר לפי משק,,IL,פומלה אדומה,קילוגרמים,0.00,"ק""ג",true,1,8.90,8.90,true,1,
7290000926643,true,מאפים פרווה,,IL,מאפים פרווה,קילוגרמים,0.00,"ק""ג",true,1,35.00,35.00,true,1,
7290000927602,true,פופקורן גדול יאיר,,IL,פופקורן גדול יאי,יחידה,1.00,יחידה,false,1,3.00,3.00,true,1,
7290000927626,true,פופקורן גדול,,IL,פופקורן גדול,יחידה,1.00,יחידה,false,1,5.00,5.00,true,1,
7290000929958,true,אננס בטעמים לפי משקל,,IL,אננס בטעמים,גרמים,0.00,"ק""ג",true,1,24.00,24.00,true,1,
7290000930039,true,שקד ישראלי,,IL,שקד ישראלי,גרמים,0.00,"ק""ג",true,1,59.00,59.00,true,1,
7290000933696,true,"חמוציות ללת""ס",,IL,"חמוציות ללת""ס",גרמים,0.00,"ק""ג",true,1,58.00,58.00,true,1,
7290000933924,true,שום טרי לפי משקל,,IL,שום טרי לפי משקל,קילוגרמים,0.00,"ק""ג",true,1,9.90,9.90,true,1,
7290000934860,true,תפוח עץ גרנד/סמיט ב.ש.,,IL,תפוח עץ גרנד/סמי,גרמים,0.00,"ק""ג",true,1,9.90,9.90,true,1,
7290000935201,true,מנגו דל סוכר מחיר לפי מ,,IL,מנגו דל סוכר,גרמים,0.00,"ק""ג",true,1,68.00,68.00,true,1,
7290000937427,true,אננס מיובש טבעי ללא סוכר,,IL,אננס מיובש טבעי,גרמים,0.00,"ק""ג",true,1,74.00,74.00,true,1,
7290000937519,true,אננס יבוא יחידה,,IL,אננס יבוא יחידה,יחידה,1.00,יחידה,false,1,39.90,39.90,true,1,
7290000937526,true,כרוב לבן ירוק למהדרין,,IL,כרוב לבן ירוק למ,גרמים,0.00,"ק""ג",true,1,14.90,14.90,true,1,
7290000937533,true,כרוב לבן חסלט שלם,,IL,כרוב לבן חסלט של,גרמים,0.00,"ק""ג",true,1,15.90,15.90,true,1,
7290000938509,true,"תפו""א לבן בתפזורת .",,IL,"תפו""א לבן בתפזור",גרמים,0.00,"ק""ג",true,1,6.90,6.90,true,1,
7290000938516,true,זוקיני ירוק,,IL,זוקיני ירוק,גרמים,0.00,"ק""ג",true,1,9.90,9.90,true,1,
7290000938561,true,שקד אמריקאי,,IL,שקד אמריקאי,גרמים,0.00,"ק""ג",true,1,58.00,58.00,true,1,
7290000950488,true,רחת לוקום פיצוחי מזרחי,,IL,רחת לוקום,גרמים,0.00,"ק""ג",true,1,48.00,48.00,true,1,
7290000950518,true,צלחות ממתקים פיצוחי מזרח,,IL,צלחות ממתקים,גרמים,0.00,"ק""ג",true,1,58.00,58.00,true,1,
7290000955346,true,"עגבניה ***חו""ל*** ייבוא",,IL,"עגבניה ***חו""ל**",גרמים,0.00,"ק""ג",true,1,10.90,10.90,true,1,
7290000955629,true,"גזר**חו""ל*** ייבוא לשמיט",,IL,"גזר**חו""ל***",גרמים,0.00,"ק""ג",true,1,5.90,5.90,true,1,
7290000955872,true,פלפלונים ערבה צפונית,,IL,פלפלונים,גרמים,0.00,"ק""ג",true,1,29.90,29.90,true,1,
7290000955902,true,"עגבנייה שרי**חו""ל** שדה",,IL,"עגבנייה שרי**חו""",קילוגרמים,0.00,"ק""ג",true,1,16.90,16.90,true,1,
7290000955926,true,תפוז אדום,,IL,תפוז אדום,גרמים,0.00,"ק""ג",true,1,9.90,9.90,true,1,
7290000955940,true,לימון סיני,,IL,לימון סיני,גרמים,0.00,"ק""ג",true,1,80.00,80.00,true,1,
7290000955964,true,צנוניות נכרי הלפרין,,IL,צנוניות נכרי,גרמים,0.00,"ק""ג",true,1,24.90,24.90,true,1,
7290000955971,true,כרוב ענק נכרי הלפרין,,IL,כרוב ענק נכרי,גרמים,0.00,"ק""ג",true,1,6.90,6.90,true,1,
7290000955988,true,דלעת במשקל,,IL,דלעת במשקל,גרמים,0.00,"ק""ג",true,1,14.90,14.90,true,1,
7290000955995,true,תפו''א לאפיה בכורי שדה,,IL,תפו''א לאפיה,קילוגרמים,0.00,"ק""ג",true,1,5.90,5.90,true,1,
7290000956039,true,דובדבן ארוז,,,דובדבן ארוז,יחידה,1.00,יחידה,false,0,29.90,29.90,true,1,
7290000956091,true,רימון פרמיום נכרי,,IL,רימון פרמיום נכר,גרמים,0.00,"ק""ג",true,1,10.90,10.90,true,1,
7290000961552,true,פלפל כתום,קטיף.,IL,פלפל כתום,קילוגרמים,0.00,"ק""ג",true,0,10.90,10.90,true,1,
7290000961767,true,בטטה ארוזה,קטיף.,IL,בטטה ארוזה,קילוגרמים,0.00,"ק""ג",true,0,8.90,8.90,true,1,
7290000962474,true,חציל בלדי,קטיף.,IL,חציל בלדי,קילוגרמים,0.00,"ק""ג",true,0,7.90,7.90,true,1,
7290000963105,true,תפוח עץ זהוב יבוא,קטיף.,XX,"תפו""ע זהוב",קילוגרמים,0.00,"ק""ג",true,0,9.90,9.90,true,1,
7290000963235,true,תפוח עץ סטרקינג 75,קטיף.,XX,"תפו""ע סטרקינג",קילוגרמים,0.00,"ק""ג",true,0,9.90,9.90,true,1,
7290000963426,true,תפוח עץ גאלה 70,קטיף.,XX,תפוח עץ גאלה,קילוגרמים,0.00,"ק""ג",true,0,9.90,9.90,true,1,
7290000964300,true,תפוז,קטיף.,IL,תפוז,קילוגרמים,0.00,"ק""ג",true,0,7.90,7.90,true,1,
7290000964317,true,תפוז ברשת,,IL,תפוז ברשת,קילוגרמים,0.00,"ק""ג",true,0,4.90,4.90,true,1,
7290000964362,true,פומלה לבנה,קטיף.,IL,פומלה לבנה,קילוגרמים,0.00,"ק""ג",true,0,6.90,6.90,true,1,
7290000964379,true,אשכולית לבנה,קטיף.,IL,אשכולית לבנה,קילוגרמים,0.00,"ק""ג",true,0,7.90,7.90,true,1,
7290000964461,true,פומלית,קטיף.,IL,פומלית,קילוגרמים,0.00,"ק""ג",true,0,4.90,4.90,true,1,
7290000964492,true,לימון תפזורת,קטיף.,IL,לימון,קילוגרמים,0.00,"ק""ג",true,0,9.90,9.90,true,1,
7290000964560,true,קלמנטינה,קטיף.,IL,קלמנטינה,קילוגרמים,0.00,"ק""ג",true,0,6.90,6.90,true,1,
7290000964607,true,קלמנטינה ברשת,קטיף.,IL,קלמנטינה ברשת,קילוגרמים,0.00,"ק""ג",true,0,10.00,10.00,true,1,
7290000964775,true,בננה,קטיף.,IL,בננה,קילוגרמים,0.00,"ק""ג",true,0,9.90,9.90,true,1,
7290000964812,true,אגס ספדונה 50,קטיף.,IL,אגס ספדונה,קילוגרמים,0.00,"ק""ג",true,0,11.90,11.90,true,1,
7290000964980,true,אבוקדו,קטיף.,IL,אבוקדו,קילוגרמים,0.00,"ק""ג",true,0,14.90,14.90,true,1,
7290000966304,true,אפרסמון מובחר 70,קטיף.,IL,אפרסמון,קילוגרמים,0.00,"ק""ג",true,1,17.90,17.90,true,1,
7290000966564,true,רימון,קטיף.,IL,רימון,קילוגרמים,0.00,"ק""ג",true,0,10.90,10.90,true,1,
7290000966588,true,חבוש גדול,קטיף.,IL,חבושים גדול,קילוגרמים,0.00,"ק""ג",true,0,15.90,15.90,true,1,
7290000966656,true,קיווי מובחר שקיל,קטיף.,IL,קיווי,קילוגרמים,0.00,"ק""ג",true,0,18.90,18.90,true,1,
7290000970035,true,בטטה,קטיף.,IL,בטטה,קילוגרמים,0.00,"ק""ג",true,1,9.90,9.90,true,1,
7290000970684,true,פקאן קליפה טבעי לפי משקל,,IL,פקאן קליפה טבעי,גרמים,0.00,"ק""ג",true,1,78.00,78.00,true,1,
7290000970776,true,מקדמיה קלוי לפי משקל,,IL,מקדמיה קלוי,גרמים,0.00,"ק""ג",true,1,165.00,165.00,true,1,
7290000973937,true,גרעינים שחורים קלוי לפי,,IL,גרעינים שחורים ק,גרמים,0.00,"ק""ג",true,1,28.00,28.00,true,1,
7290000974903,true,פקאן סיני מתוק,,IL,פקאן סיני מתוק,גרמים,0.00,"ק""ג",true,1,94.00,94.00,true,1,
7290000975078,true,פקאן מקולף קלוי לפי משקל,,IL,פקאן מקולף קלוי,גרמים,0.00,"ק""ג",true,1,110.00,110.00,true,1,
7290000976693,true,שקד מסוכר,,IL,שקד מסוכר,גרמים,0.00,"ק""ג",true,0,84.00,84.00,true,1,
7290000976853,true,שקד טבעי בקליפה תפזורת,דין שיווק,IL,שקד טבעי בקליפה,גרמים,0.00,"ק""ג",true,0,44.00,44.00,true,1,
7290000977201,true,אננס מסוכר תפזורת,קטיף.,IL,אננס מסוכר,גרמים,0.00,"ק""ג",true,0,34.00,34.00,true,1,
7290000977256,true,דובדבן לפי משקל,,IL,דובדבן,גרמים,0.00,"ק""ג",true,1,78.00,78.00,true,1,
7290000977805,true,תמר מגהול  גדול,דין שיווק,IL,תמר מהגו'ל,גרמים,0.00,"ק""ג",true,0,38.00,38.00,true,1,
7290000977836,true,מעורב טבעי תפזורת,,IL,מעורב טבעי,גרמים,0.00,"ק""ג",true,0,70.00,70.00,true,1,
7290000978017,true,שזיף מיובש,דין שיווק,US,שזיפים אמריקאי,גרמים,0.00,"ק""ג",true,0,48.00,48.00,true,1,
7290000978338,true,אוכמניות תפזורת,דין שיווק,IL,אוכמניות,גרמים,0.00,"ק""ג",true,0,98.00,98.00,true,1,
7290000979564,true,בוטן קלוי קלוף,,IL,בוטן קלוי קלוף,גרמים,0.00,"ק""ג",true,0,38.00,38.00,true,1,
7290000980256,true,גרעיני דלעת קלוי,,IL,גרעיני דלעת קלוי,גרמים,0.00,"ק""ג",true,1,58.00,58.00,true,1,
7290000980287,true,פסטוק קלוי במשקל,,IL,פיסטוק קלוי,גרמים,0.00,"ק""ג",true,1,88.00,88.00,true,1,
7290000980379,true,קשיו קלוי יאיר,,IL,קשיו קלוי,גרמים,0.00,"ק""ג",true,1,88.00,88.00,true,1,
7290000980393,true,מעורב פיצוחים קלוי במשקל,,IL,מעורב קלוי פיצוח,גרמים,0.00,"ק""ג",true,1,88.00,88.00,true,1,
7290000981574,true,אגוזי מלך קלוף טבעי,,IL,אגוזי מלך קלוף,גרמים,0.00,"ק""ג",true,1,59.00,59.00,true,1,
7290000987675,true,שקד קלוף מולבן,,IL,שקד מולבן,גרמים,0.00,"ק""ג",true,0,74.00,74.00,true,1,
7290000988320,true,בוטנים טבעיים תפז-ת.השדה,,IL,בוטנים טבעיים,גרמים,0.00,"ק""ג",true,0,26.00,26.00,true,1,
7290000989778,true,חמוציות מיובשות מסוכרות,דין שיווק,IL,חמוציות תפזורת,גרמים,0.00,"ק""ג",true,0,34.00,34.00,true,1,
7290000992747,true,"פינק ליידי תפ""ע",,IL,"פינק ליידי תפ""ע",גרמים,0.00,"ק""ג",true,1,15.90,15.90,true,1,
7290000999579,true,"תפו""א לבן ארוז במשקל",קטיף,IL,"תפו""א לבן ארוז",קילוגרמים,0.00,"ק""ג",true,1,4.90,4.90,true,1,
7290000999586,true,"תפו""א אדום ארוז במשקל",קטיף,IL,"תפו""א אדום ארוז",קילוגרמים,0.00,"ק""ג",true,1,6.90,6.90,true,1,
7290001041017,false,חוואיג' תימני 50 גרם,מיה תעשיות מזון מ.ת.מ. ב,IL,חוואיג' תימני,גרמים,50.00,100 גרם,false,0,5.90,11.80,true,1,
7290001041024,false,תבלין לקבב 50 גרם,מיה תעשיות מזון מ.ת.מ. ב,IL,תבלין לקבב,גרמים,50.00,100 גרם,false,0,5.90,11.80,true,1,
7290001041048,false,תבלין על האש 50 גרם,מיה תעשיות מזון מ.ת.מ. ב,IL,תבלין על האש50גר,גרמים,50.00,100 גרם,false,0,5.90,11.80,true,1,
7290001041123,false,שקד מולבן פרוס 100ג מיה,מיה תעשיות מזון מ.ת.מ. ב,IL,שקד מולבן,גרמים,100.00,100 גרם,false,0,9.90,9.90,true,1,
7290001041130,false,ממרח תמרים 450 גרם,מיה תעשיות מזון מ.ת.מ. ב,IL,ממרח תמרים.,גרמים,450.00,100 גרם,false,0,5.90,1.31,true,1,
7290001041147,false,"חומוס גדול יבש 1 ק""ג",מיה תעשיות מזון מ.ת.מ. ב,IL,חומוס גדול יבש,קילוגרמים,1.00,"ק""ג",false,0,9.90,9.90,true,1,
7290001041161,false,"שעועית לבנה 1 ק""ג",מיה תעשיות מזון מ.ת.מ. ב,IL,שעועית לבנה,קילוגרמים,1.00,"ק""ג",false,0,10.90,10.90,true,1,
7290001041178,false,"אפונה יבשה 1 ק""ג",מיה תעשיות מזון מ.ת.מ. ב,IL,אפונה יבשה,קילוגרמים,1.00,"ק""ג",false,0,6.90,6.90,true,1,
7290001041185,false,"פופקורן 1 ק""ג",מיה תעשיות מזון מ.ת.מ. ב,IL,פופקורן,קילוגרמים,1.00,"ק""ג",false,0,8.90,8.90,true,1,
7290001041192,false,"עדשים אדומים 1 ק""ג",מיה תעשיות מזון מ.ת.מ. ב,IL,עדשים אדומים,קילוגרמים,1.00,"ק""ג",false,0,12.90,12.90,true,1,
7290001041208,false,"עדשים ירוקים 1 ק""ג",מיה תעשיות מזון מ.ת.מ. ב,IL,עדשים ירוקים,קילוגרמים,1.00,"ק""ג",false,0,12.90,12.90,true,1,
7290001041215,false,"חיטה 1 ק""ג",מיה תעשיות מזון מ.ת.מ. ב,IL,חיטה,קילוגרמים,1.00,"ק""ג",false,0,5.90,5.90,true,1,
7290001041222,false,"חומוס לבן ענק יבש 1 ק""ג",מיה תעשיות מזון מ.ת.מ. ב,IL,חומוס לבן ענק,קילוגרמים,1.00,"ק""ג",false,0,14.90,14.90,true,1,
7290001041260,false,שומשום 400 גרם,מיה תעשיות מזון מ.ת.מ. ב,IL,שומשום,גרמים,400.00,100 גרם,false,0,8.90,2.23,true,1,
7290001041284,false,לקקנים בטעם תות 220 גרם,מיה תעשיות מזון מ.ת.מ. ב,IL,לקקנים בטעם תות,גרמים,160.00,100 גרם,false,0,6.50,4.06,true,1,
7290001041291,false,לקקנים 600 גרם,מיה תעשיות מזון מ.ת.מ. ב,IL,לקקנים,גרמים,900.00,100 גרם,false,0,16.90,1.88,true,1,
7290001041482,false,זנגוויל 50 גרם,מיה תעשיות מזון מ.ת.מ. ב,IL,זנגוויל 50 גרם,גרמים,50.00,100 גרם,false,0,5.90,11.80,true,1,
7290001041659,false,תמרים 400גרם,מיה,IL,תמרים 400גרם,גרמים,400.00,100 גרם,false,0,9.90,2.48,true,1,
7290001041673,false,"אורז פרסי עממי 1 ק""ג",מיה תעשיות מזון מ.ת.מ. ב,IL,אורז פרסי עממי,קילוגרמים,1.00,"ק""ג",false,0,4.90,4.90,true,1,
7290001041840,false,שקדים טחונים 250גרם,מיה תעשיות מזון מ.ת.מ. ב,IL,שקדים טחונים,גרמים,250.00,100 גרם,false,0,16.90,6.76,true,1,
7290001041888,false,פפריקה מתוקה צנצנת 300גר,מיה תעשיות מזון מ.ת.מ. ב,IL,פפריקה מתוקה,גרמים,300.00,100 גרם,false,0,12.90,4.30,true,1,
7290001041895,false,פלפל שחור צנצנת 300 גרם,מיה תעשיות מזון מ.ת.מ. ב,IL,פלפל שחור,גרמים,300.00,100 גרם,false,0,16.90,5.63,true,1,
7290001041987,false,"סוכר חום צנצנת 1 ק""ג",מיה תעשיות מזון מ.ת.מ. ב,IL,סוכר חום,קילוגרמים,1.00,"ק""ג",false,0,16.90,16.90,true,1,
7290001041994,false,"סוכר זהב 1ק""ג",מיה תעשיות מזון מ.ת.מ. ב,IL,"סוכר זהב 1 ק""ג",קילוגרמים,1.00,"ק""ג",false,0,10.90,10.90,true,1,
7290001053096,false,"לברק ים-תיכוני עד""ח לפי",,IL,לברק ים-תיכוני,גרמים,0.00,"ק""ג",true,1,89.90,89.90,true,1,
7290001072011,false,תרסיס דאודורנט BREEZE 15,,IL,תרסיס דאודורנט B,מיליליטרים,150.00,"100 מ""ל",false,1,7.90,5.27,true,1,
7290001072028,false,תרסיס דאודורנט FORCE 150,,IL,תרסיס דאודורנט F,מיליליטרים,150.00,"100 מ""ל",false,1,7.90,5.27,true,1,
7290001072035,false,תרסיס דאודורנט VICTORY 1,,IL,תרסיס דאודורנט V,מיליליטרים,150.00,"100 מ""ל",false,1,7.90,5.27,true,1,
7290001072042,false,תרסיס דאודורנט ENERGY 15,,IL,תרסיס דאודורנט E,מיליליטרים,150.00,"100 מ""ל",false,1,7.90,5.27,true,1,
7290001072066,false,דאודורנט לנשים se energy,,IL,דאודורנט לנשים e,מיליליטרים,150.00,"100 מ""ל",false,1,8.90,5.93,true,1,
7290001072110,false,אל סבון כחול+משאבה נובו,,IL,אל סבון כחול+משא,ליטרים,0.00,ליטר,false,1,9.90,9.90,true,1,
7290001072127,false,אל סבון ירוק+משאבה נובו,,IL,אל סבון ירוק+משא,ליטרים,0.00,ליטר,false,1,9.90,9.90,true,1,
7290001072141,false,אל סבון ורוד+משאבה נובו,,IL,אל סבון ורוד+משא,ליטרים,0.00,ליטר,false,1,9.90,9.90,true,1,
7290001072882,false,שמפו לסירוק קל נובו 700,,IL,שמפו לסירוק קל נ,מיליליטרים,700.00,"100 מ""ל",false,1,10.90,1.56,true,1,
7290001072899,false,מרכך לסירוק קל נובו 700,,IL,מרכך לסירוק קל נ,מיליליטרים,700.00,"100 מ""ל",false,1,10.90,1.56,true,1,
7290001133200,false,"עצמות עוף קפוא עד""ח לפי",,IL,עצמות עוף קפוא,גרמים,0.00,"ק""ג",true,1,6.90,6.90,true,1,
7290001133217,false,"גרון עוף קפוא עד""ח לפי מ",,IL,גרון עוף קפוא,גרמים,0.00,"ק""ג",true,1,8.90,8.90,true,1,
7290001133439,false,"בשר הודו טחון קפוא עד""ח","בלדי בע""\ם",IL,בשר הודו טחון,גרמים,500.00,100 גרם,false,1,22.90,4.58,true,1,
7290001136287,false,"שמפו נקה 7 רגיל 750 מ""ל",אמיליה קוסמטיקס,IL,שמפו נקה 7,מיליליטרים,750.00,"100 מ""ל",false,0,6.90,0.92,true,1,
7290001136294,false,שמפו נקה 7 יבש/צבוע750מל,קוסמופארם,IL,שמפו נקה 7,מיליליטרים,750.00,"100 מ""ל",false,0,6.90,0.92,true,1,
7290001136362,false,תחליב רחצה נקה7 ירוק 1 ל,"קוסמופארם בע""\מ.",IL,תחליב רחצה נקה 7,ליטרים,1.00,ליטר,false,0,12.70,12.70,true,1,
7290001136683,false,"מרכך נקה 7 ס""ש 750 מ""ל",אמיליה קוסמטיקס בעמ,IL,קונדישינר נקה 7,מיליליטרים,750.00,"100 מ""ל",false,0,6.90,0.92,true,1,
7290001136973,false,תחליב רחצה נקה 7 לבן 1 ל,"קוסמופארם בע""\מ",IL,תחליב רחצה נקה 7,ליטרים,1.00,ליטר,false,0,12.70,12.70,true,1,
7290001230930,false,מהדקי גרביים,,IL,מהדקי גרביים,יחידה,1.00,יחידה,false,1,5.90,5.90,true,1,
7290001230985,false,ספלנדה 200 יח',,IL,ספלנדה,יחידה,1.00,יחידה,false,1,39.00,39.00,true,1,
7290001245699,false,אקונומיקה סמיכה טאצ' 4,,IL,אקונומיקה סמיכה,ליטרים,4.00,ליטר,false,1,11.90,2.98,true,1,
7290001245705,false,אקונומיקה מבושמת טאצ' 4ל,סאסאטק,IL,אקונומיקה מבושמת,ליטרים,4.00,ליטר,false,1,8.90,2.23,true,1,
7290001245712,false,אקונומיקה,,,אקונומיקה,יחידה,1.00,יחידה,false,0,8.90,8.90,true,1,
7290001245729,false,ג'ל כביסה ירוק טאצ' 3 ל,,IL,ג'ל כביסה ירוק,ליטרים,0.00,ליטר,false,1,17.90,17.90,true,1,
7290001245736,false,ג'ל כביסה כחול טאצ' 3 ל,,IL,ג'ל כביסה כחול,ליטרים,0.00,ליטר,false,1,17.90,17.90,true,1,
7290001245781,false,נ.כלים לבנדר 24%טאצ' 750,,IL,נ.כלים לבנדר24%ט,מיליליטרים,750.00,"100 מ""ל",false,1,6.90,0.92,true,1,
7290001245798,false,נ.כלים לימון 18%טאצ' 1 ל,,IL,נ.כלים לימון18%ט,מיליליטרים,1600.00,"100 מ""ל",false,1,9.90,0.62,true,1,
7290001245828,false,נ.כלים קלאסי 18%טאצ' 750,,IL,נ.כלים קלאסי18%ט,מיליליטרים,1600.00,"100 מ""ל",false,1,9.90,0.62,true,1,
7290001245835,false,נוזל רצפות אורנים 4 ל,,IL,נוזל רצפות אורני,ליטרים,0.00,ליטר,false,1,11.90,11.90,true,1,
7290001245842,false,נוזל רצפות מאסק,,,נוזל רצפות מאסק,יחידה,1.00,יחידה,false,0,11.90,11.90,true,1,
7290001245897,false,נוזל רצפות יסמין 4 ל,,IL,נוזל רצפות יסמין,ליטרים,0.00,ליטר,false,1,11.90,11.90,true,1,
7290001245958,false,מרכך כביסה ורוד טאצ' 4 ל,,IL,מרכך כביסה ורוד,ליטרים,0.00,ליטר,false,1,12.90,12.90,true,1,
7290001245989,false,מרכך כביסה סגול טאצ' 4 ל,,IL,מרכך כביסה סגול,ליטרים,0.00,ליטר,false,1,12.90,12.90,true,1,
7290001245996,false,מרכך כביסה צהוב טאצ' 4 ל,,IL,מרכך כביסה צהוב,ליטרים,0.00,ליטר,false,1,12.90,12.90,true,1,
7290001246054,false,פותח סתימות טאצ',,,פותח סתימות טאצ',יחידה,1.00,יחידה,false,0,13.90,13.90,true,1,
7290001246061,false,מרכך כביסה כחול טאצ' 4 ל,שניב,IL,מרכך כביסה כחול,מיליליטרים,1000.00,"100 מ""ל",false,1,10.90,1.09,true,1,
7290001246078,false,מרכך ומבשם כביסה טאצ' 1ל,,IL,מרכך ומבשם כביסה,ליטרים,0.00,ליטר,false,1,10.90,10.90,true,1,
7290001246085,false,תרסיס חלונות טאצ' 1 ליטר,,IL,תרסיס חלונות טאצ,מיליליטרים,1000.00,"100 מ""ל",false,1,5.90,0.59,true,1,
7290001246092,false,תרסיס מסיר שומני,,,תרסיס מסיר שומני,יחידה,1.00,יחידה,false,0,9.90,9.90,true,1,
7290001246115,false,תרסיס מסיר עובש,,,תרסיס מסיר עובש,יחידה,1.00,יחידה,false,0,9.90,9.90,true,1,
7290001246122,false,תרסיס ניקוי כללי,,,תרסיס ניקוי כללי,יחידה,1.00,יחידה,false,0,9.90,9.90,true,1,
7290001246139,false,חיטוי פירות וירקות טאצ',,IL,חיטוי פירות וירק,ליטרים,1.00,ליטר,false,1,11.90,11.90,true,1,
7290001246153,false,מבשם נטול גז ורוד טאצ' 3,,IL,מבשם נטול גז ורו,מיליליטרים,350.00,"100 מ""ל",false,1,9.90,2.83,true,1,
7290001246160,false,מבשם נטול גז ירוק טאצ' 3,,IL,מבשם נטול גז ירו,מיליליטרים,350.00,"100 מ""ל",false,1,9.90,2.83,true,1,
7290001246177,false,מבשם נטול גז סגול טאצ' 3,,IL,מבשם נטול גז סגו,מיליליטרים,350.00,"100 מ""ל",false,1,9.90,2.83,true,1,
7290001246184,false,מבשם נטול גז צהוב טאצ' 3,,IL,מבשם נטול גז צהו,מיליליטרים,350.00,"100 מ""ל",false,1,9.90,2.83,true,1,
7290001246221,false,מטהר אויר טאצ' 300 מל,,IL,מטהר אויר לימון,מיליליטרים,300.00,"100 מ""ל",false,1,4.90,1.63,true,1,
7290001246238,false,מטהר אויר טאצ' 300 מל,,IL,מטהר אויר פריחה,מיליליטרים,300.00,"100 מ""ל",false,1,4.90,1.63,true,1,
7290001246269,false,מטהר אויר טאצ' 300 מל,,IL,מטהר אויר לבנדר,מיליליטרים,300.00,"100 מ""ל",false,1,4.90,1.63,true,1,
7290001246276,false,מטהר אויר טאצ',,,מטהר אויר טאצ',יחידה,1.00,יחידה,false,0,4.90,4.90,true,1,
7290001246306,false,נ.כלים תפוח24%טאצ' 750,,IL,נ.כלים תפוח24%ט,מיליליטרים,750.00,"100 מ""ל",false,1,6.90,0.92,true,1,
7290001246313,false,נ.כלים לימון 24%טאצ' 750,,IL,נ.כלים לימון24%ט,מיליליטרים,750.00,"100 מ""ל",false,1,6.90,0.92,true,1,
7290001246337,false,"גל אסלות אורנים 750 מ""ל",,IL,גל אסלות אורנים,מיליליטרים,750.00,"100 מ""ל",false,1,8.90,1.19,true,1,
7290001246351,false,נוזל רצפות לבנדר 4 ל,,IL,נוזל רצפות לבנדר,ליטרים,0.00,ליטר,false,1,11.90,11.90,true,1,
7290001246528,false,מרכך ומבשם כביסה טאצ' 1ל,,IL,מרכך ומבשם כביסה,ליטרים,0.00,ליטר,false,1,10.90,10.90,true,1,
7290001246801,false,נוזל רצפות פרקט 2 ליטר ט,,IL,נוזל רצפות פרקט,ליטרים,0.00,ליטר,false,1,15.90,15.90,true,1,
7290001246825,false,ג'ל כביסה ירוק 5 ליטר שנ,,IL,ג'ל כביסה ירוק 5,ליטרים,0.01,ליטר,false,1,28.90,2890.00,true,1,
7290001246832,false,ג'ל כביסה כחול 5 ליטר שנ,,IL,ג'ל כביסה כחול 5,ליטרים,0.01,ליטר,false,1,28.90,2890.00,true,1,
7290001247068,false,נקטר ספרינג תות-בננה 1ל',"יפאורה תבורי בע""\מ",IL,נקטר תות בננה,ליטרים,1.00,ליטר,false,0,5.30,5.30,true,1,
7290001247082,false,נקטר עגבניות ספרינג 1 ל',"יפאורה תבורי בע""\מ",IL,נקטר עגבניות,ליטרים,1.00,ליטר,false,0,6.50,6.50,true,1,
7290001247099,false,נקטר ספרינג מנגו 1 ליטר,"יפאורה תבורי בע""\מ",IL,נקטר ספרינג מנגו,ליטרים,1.00,ליטר,false,0,5.30,5.30,true,1,
7290001247105,false,נקטר ספרינג אפרסק 1 ליטר,"יפאורה תבורי בע""\מ",IL,נקטר אפרסק,ליטרים,1.00,ליטר,false,0,5.30,5.30,true,1,
7290001247112,false,נקטר ספרינג לימונענע 1ל',"יפאורה תבורי בע""\מ",IL,משקה לימונענע,ליטרים,1.00,ליטר,false,0,5.30,5.30,true,1,
7290001247129,false,נקטר ספרינג תפוזים 1ליטר,"יפאורה תבורי בע""\מ",IL,נקטר ספרינג תפוז,ליטרים,1.00,ליטר,false,0,5.30,5.30,true,1,
7290001247143,false,נקטר ספרינג תפוחים 1ליטר,"יפאורה תבורי בע""\מ",IL,נקטר ספרינג תפוח,ליטרים,1.00,ליטר,false,0,5.30,5.30,true,1,
7290001247754,false,"קולה R.C פחית 330 מ""ל",יפאורה שותפות מובגלת לשי,IL,קולה R.C פחית,מיליליטרים,330.00,"100 מ""ל",false,0,2.90,0.88,true,1,
7290001271261,false,"קרם רב""ש עם שמן זית150מל",,IL,"קרם רב""ש",מיליליטרים,150.00,"100 מ""ל",false,0,16.90,11.27,true,1,
7290001271384,false,שפתון וניל כחול יח',,IL,שפתון וניל כחול,יחידה,1.00,יחידה,false,1,5.90,5.90,true,1,
7290001271391,false,שפתון לחות תות יח',,IL,שפתון לחות תות,יחידה,1.00,יחידה,false,1,5.90,5.90,true,1,
7290001321836,false,"בקר אונטריב עד""ח לפי שקי",,IL,אונטריב איכות,גרמים,0.00,"ק""ג",true,1,92.90,92.90,true,1,
7290001322970,false,מבצע עופות טריים 39.9 לפ,,IL,מבצע טרי 39.9,גרמים,0.00,"ק""ג",true,1,39.90,39.90,true,1,
7290001327180,false,קרמיסימו בטעם וניל צ'יפ,"גלידת שטראוס בע""\מ, רחוב",IL,קרמיסימו בטעם ונ,ליטרים,1.33,ליטר,false,0,15.90,11.95,true,1,
7290001327791,false,קרמיסימו טעם וניל עוגיות,"גלידת שטראוס בע""\מ, רחוב",IL,קרמיסימו טעם וני,ליטרים,1.33,ליטר,false,0,15.90,11.95,true,1,
7290001342015,false,טונה מעושנת רוסטביף לפי,,IL,טונה רוסטביף,גרמים,0.00,"ק""ג",true,1,235.00,235.00,true,1,
7290001342091,false,טונה אלבקור מעושנת לפי ש,,IL,טונה לבנה מעושנת,גרמים,0.00,"ק""ג",true,1,209.00,209.00,true,1,
7290001342183,false,סלמון אפוי על גחלים לפי,,IL,סלמון אפוי אלדג,גרמים,0.00,"ק""ג",true,1,235.00,235.00,true,1,
7290001342350,false,מטיאס הולנדי+בצל,,,מטיאס הולנדי+בצל,גרמים,700.00,100 גרם,false,0,44.90,6.41,true,1,
7290001342565,false,חזרת ללא סוכר,,IL,חזרת ללא סוכר,גרמים,300.00,100 גרם,false,0,16.90,5.63,true,1,
7290001342800,false,הרינג מעושן בוואקום לפי,,IL,הרינג מעושן,גרמים,0.00,"ק""ג",true,1,82.00,82.00,true,1,
7290001343289,false,אגוז טחון מקול,,IL,אגוז טחון מקול,גרמים,100.00,100 גרם,false,0,7.90,7.90,true,1,
7290001343296,false,שקד טבעי 100 גרם,,IL,שקד טבעי,גרמים,100.00,100 גרם,false,0,7.90,7.90,true,1,
7290001343388,false,שוקונית,,IL,שוקונית,קילוגרמים,1.00,"ק""ג",false,0,11.90,11.90,true,1,
7290001343500,false,גרעיני חמניה100 גרם,,IL,גרעיני חמניה100ג,גרמים,100.00,100 גרם,false,1,2.90,2.90,true,1,
7290001343609,false,תה שקיות קדמה,,IL,תה שקיות קדמה,יחידה,1.00,יחידה,false,0,8.90,8.90,true,1,
7290001407769,false,טחינה שומש.מלא בארכה500ג,"רושדי תעשיות מזון בע""\מ",IL,טחינה שומשום,גרמים,500.00,100 גרם,false,0,9.90,1.98,true,1,
7290001407813,false,חלבה פיסטוק בארכה 350גרם,"רושדי תעשיות מזון בע""\מ",IL,חלבה פיסטוק,גרמים,350.00,100 גרם,false,0,9.90,2.83,true,1,
7290001407844,false,חלבה וניל בארכה 350 גרם,"רושדי תעשיות מזון בע""\מ",IL,חלבה וניל,גרמים,350.00,100 גרם,false,0,9.90,2.83,true,1,
7290001419618,false,וופל בלגי שוקולד,,IL,וופל בלגי שוקולד,גרמים,200.00,100 גרם,false,0,2.90,1.45,true,1,
7290001419892,false,וופל קלאסי לימון 200 גרם,גילרו,IL,וופל 200 גרם,גרמים,200.00,100 גרם,false,1,2.90,1.45,true,1,
7290001427033,false,מיץ סחוט תפוחים,,IL,מיץ סחוט תפוחים,ליטרים,1.00,ליטר,false,0,15.90,15.90,true,1,
7290001436028,false,בשר לחמין שקיל,בלאדי,IL,בשר לחמין,קילוגרמים,0.00,"ק""ג",true,1,89.90,89.90,true,1,
7290001436431,false,רצועות לחמין ribs spare,בלאדי,IL,רצועות לחמין,קילוגרמים,0.00,"ק""ג",true,1,98.80,98.80,true,1,
7290001436752,false,עצמות צוואר בקר לפי שקיל,הובלצ'יק,IL,עצמות צוואר בקר,גרמים,0.00,"ק""ג",true,1,19.90,19.90,true,1,
7290001455050,false,צלי כתף 5 שקיל,BEEF MCEEN,PL,צלי כתף,קילוגרמים,0.00,"ק""ג",true,1,144.90,144.90,true,1,
7290001455081,false,שריר 8 שקיל,BEEF MCEEN,PL,שריר 8,קילוגרמים,0.00,"ק""ג",true,1,106.90,106.90,true,1,
7290001455098,false,פלאנקען (9) אסדו,,IL,פלאנקען (9) אסדו,גרמים,0.00,"ק""ג",true,1,97.90,97.90,true,1,
7290001455104,false,צוואר 10 שקיל,BEEF MCEEN,PL,צוואר 10,גרמים,0.00,"ק""ג",true,1,88.80,88.80,true,1,
7290001455739,false,עצמות מח פרוס,BEEF MCEEN,PL,עצמות מח פרוס,קילוגרמים,0.00,"ק""ג",true,1,64.90,64.90,true,1,
7290001455746,false,"פילה מדומה בד""צ",הובלצ'יק,PL,פילה מדומה בלדי,קילוגרמים,0.00,"ק""ג",true,1,103.90,103.90,true,1,
7290001459911,false,לקט ירקות העונה 800 גרם,פספרוסט,BE,לקט ירקות העונה,גרמים,800.00,100 גרם,false,1,9.90,1.24,true,1,
7290001459928,false,גזר גמדי 800 גרם,פספרוסט,BE,גזר גמדי,גרמים,800.00,100 גרם,false,1,9.90,1.24,true,1,
7290001459935,false,אפונה קפואה 800 גרם,פספרוסט,BE,אפונה קפואה,גרמים,800.00,100 גרם,false,1,9.90,1.24,true,1,
7290001491010,false,תה ירוק יסמין25שק1.5Xגרם,ויסוצקי,IL,תה ירוק יסמין,גרמים,37.00,100 גרם,false,0,19.90,53.78,true,1,
7290001491096,false,תה ירוק לימונ+לואיזה50שק,ויסוצקי,IL,תה ירוק לימונית,גרמים,75.00,100 גרם,false,0,34.90,46.53,true,1,
7290001594025,false,קוקה קולה קלאסי,,IL,קוקה קולה קלאסי,מיליליטרים,350.00,"100 מ""ל",false,0,3.90,1.11,true,1,
7290001594155,false,"קוקה קולה בפלסטיק500 מ""ל",החברה המרכזית לייצור משק,IL,קוקה קולה,מיליליטרים,500.00,"100 מ""ל",false,0,5.70,1.14,true,1,
7290001594179,false,"פאנטה בטעם אורנג' 500מ""ל",החברה המרכזית לייצור משק,IL,פאנטה בטעם אורנג,מיליליטרים,500.00,"100 מ""ל",false,0,5.70,1.14,true,1,
7290001594186,false,"קולה דיאט 500 מ""ל",החברה המרכזית לייצור משק,IL,קוקה קולה דיאט,מיליליטרים,500.00,"100 מ""ל",false,0,5.70,1.14,true,1,
7290001594377,false,"פריגת תפוזים 500 מ""ל",מבשלות בירה בינלאומיות ב,IL,פריגת תפוזים,מיליליטרים,500.00,"100 מ""ל",false,0,4.80,0.96,true,1,
7290001594384,false,"פריגת אשכוליות 500 מ""ל",מבשלות בירה בינלאומיות ב,IL,פריגת אשכוליות,מיליליטרים,500.00,"100 מ""ל",false,0,4.80,0.96,true,1,
7290001594391,false,"פריגת ענבים 500 מ""ל",מבשלות בירה בינלאומיות ב,IL,פריגת ענבים,מיליליטרים,500.00,"100 מ""ל",false,0,4.80,0.96,true,1,
7290001594568,false,"בירה קרלסברג בפחית500מ""ל",מבשלות בירה בינלאומיות ב,RO,בירה קרלסברג פח,מיליליטרים,500.00,"100 מ""ל",false,0,7.90,1.58,true,1,
7290001594858,false,בירה טובורג רד בק330*6מל,מבשלות בירה בינלאומיות ב,IL,טובורג רד 6 יח,ליטרים,1.98,ליטר,false,0,31.90,16.11,true,1,
7290001594865,false,"בירה קרלסברג בק330*6 מ""ל",מבשלות בירה בינלאומיות ב,IL,בירה קרלסברג 6יח,ליטרים,1.98,ליטר,false,0,29.90,15.10,true,1,
7290001598429,false,פרנה מרוקאית 520 גרם,מאפיית יוסף ברון בעמ,IL,פרנה מרוקאית,גרמים,520.00,100 גרם,false,1,13.90,2.67,true,1,
7290001620069,false,משמש מיובש,,IL,משמש מיובש,גרמים,0.00,"ק""ג",true,1,42.00,42.00,true,1,
7290001620090,false,תאנים מיובשות במשקל לפי,,IL,תאנים מיובשות במ,גרמים,0.00,"ק""ג",true,1,50.00,50.00,true,1,
7290001620229,false,חמניות מקולף,,IL,חמניות מקולף,גרמים,0.00,"ק""ג",true,1,20.00,20.00,true,1,
7290001620274,false,קוקוס במשקל לפי משקל,,IL,קוקוס במשקל,גרמים,0.00,"ק""ג",true,1,28.00,28.00,true,1,
7290001620663,false,בוטנים מסוכרים,,IL,בוטנים מסוכרים,גרמים,0.00,"ק""ג",true,1,38.00,38.00,true,1,
7290001621677,false,אגוז ברזיל,,IL,אגוז ברזיל,גרמים,0.00,"ק""ג",true,1,98.00,98.00,true,1,
7290001622841,false,בוטנים בקליפה קלוי,,IL,בוטנים בקליפה קל,גרמים,0.00,"ק""ג",true,1,32.00,32.00,true,1,
7290001664056,false,סטייק אנטריקוט עם עצם לפ,,IL,אנטריקוט עם עצם,גרמים,0.00,"ק""ג",true,1,119.90,119.90,true,1,
7290001664223,false,רצועות מיני אסאדו איכות,,IL,מיני אסאדו פרוס,קילוגרמים,0.00,"ק""ג",true,1,88.80,88.80,true,1,
7290001713167,false,סנט מוריץ קצף ניקוי 1 לי,קומפלקס כימיקלים בעמ,IL,קצף ניקוי,ליטרים,1.00,ליטר,false,1,7.90,7.90,true,1,
7290001780428,false,גלידיאט שוקו+ 6יח',גלידות נסטלה )נגה גלידות,IL,מארז גלידיאט,גרמים,360.00,100 גרם,false,0,19.90,5.53,true,1,
7290001780800,false,קראנץ ליבת נוגט,גלידות נסטלה,IL,קראנץ נוגט,יחידה,1.00,יחידה,false,0,6.90,6.90,true,1,
7290001791349,false,פיסגה אקונומיקה ריחנית4ל,"סנו מפעלי ברונוס בע""מ",IL,אקונומיקה פיסגה,ליטרים,4.00,ליטר,false,0,7.90,1.98,true,1,
7290001791356,false,פרש אוטומטי בלו אייר250,סנו מפעלי ברונוס בעמ,IL,סנופרש אוטומטי,מיליליטרים,250.00,"100 מ""ל",false,0,11.90,4.76,true,1,
7290001791363,false,סנופרש אוטומטי וניל 250מ,סנו מפעלי ברונוס בעמ,IL,סנופרש אוטומטי,מיליליטרים,250.00,"100 מ""ל",false,0,11.90,4.76,true,1,
7290001813454,false,חיוכים סנדויץ שוקולד900ג,"אפיפית נצרת (1971) בע""\מ",IL,חיוכים שוקו,גרמים,900.00,100 גרם,false,0,18.90,2.10,true,1,
7290001813478,false,חיוכים סנדויץ וניל900ג,"אפיפית נצרת (1971) בע""\מ",IL,חיוכים בטעם וניל,גרמים,900.00,100 גרם,false,0,18.90,2.10,true,1,
7290001820261,false,אבקת מרק פטריות צנצנת400,מתבל תעשיות מזון,IL,מרק פטריות,גרמים,400.00,100 גרם,false,0,14.90,3.73,true,1,
7290001820285,false,אבקת מרק ירקות טבעי 400ג,מתבל תעשיות מזון,IL,אבקת מרק ירקות,גרמים,400.00,100 גרם,false,0,14.90,3.73,true,1,
7290001820544,false,"מרק עוף כשל""פ 400 גרם",מתבל תעשיות מזון,IL,מרק עוף 400 גרם,גרמים,400.00,100 גרם,false,1,16.90,4.23,true,1,
7290001820551,false,"מרק פטריות כשל""פ 400 גרם",מתבל תעשיות מזון,IL,"מרק פטריות כשל""פ",גרמים,400.00,100 גרם,false,1,22.90,5.73,true,1,
7290001820926,false,ליקר שוקולד לחי,,,ליקר שוקולד לחי,מיליליטרים,700.00,"100 מ""ל",false,0,49.90,7.13,true,1,
7290001901045,false,רולדה ג.פיש ירושלמי 600,גלאט עוף,IL,רולדה גפילטעיר,יחידה,1.00,יחידה,false,0,24.90,24.90,true,1,
7290001901052,false,רולדה געפיטעפיש,,IL,רולדה געפיטעפיש,גרמים,600.00,100 גרם,false,0,24.90,4.15,true,1,
7290001901076,false,גפילטע פיש ירושלמי דג דל,,IL,גפילטע פיש דלישס,גרמים,670.00,100 גרם,false,0,16.90,2.52,true,1,
7290001901083,false,גפילטע פיש דלישס,,IL,גפילטע פיש דלישס,גרמים,670.00,100 גרם,false,0,16.90,2.52,true,1,
7290001901243,false,געפילטע פיש,,,געפילטע פיש,גרמים,670.00,100 גרם,false,0,14.90,2.22,true,1,
7290001901250,false,געפילטע פיש,,IL,געפילטע פיש,גרמים,670.00,100 גרם,false,0,14.90,2.22,true,1,
7290001901588,false,זוג ראש דג,,IL,זוג ראש דג,יחידה,1.00,יחידה,false,0,9.90,9.90,true,1,
7290001901724,false,רולדה ווייטפיש דלישס,,IL,ווייטפיש דלישס,גרמים,500.00,100 גרם,false,1,22.90,4.58,true,1,
7290001989036,false,פילה מקרל מעושן במשקל,סלטי שמיר,IL,פילה מקרל מעושן,קילוגרמים,0.00,"ק""ג",true,0,99.00,99.00,true,1,
7290001990148,false,"סוכר גולדן קלאסי 1 ק""ג","סוגת תעשיות בע""\מ",IL,סוכר גולדן,קילוגרמים,1.00,"ק""ג",false,0,9.90,9.90,true,1,
7290002000143,false,"פנג'ל קרם ידיים 80 מ""ל",אינטרקוסמא,IL,קרם ידיים פנג'ל,מיליליטרים,80.00,"100 מ""ל",false,0,5.90,7.38,true,1,
7290002001782,false,פנג'ל פלוס לכף הרגל 100מ,אינטרקוסמא,IL,קרם לכף הרגל,מיליליטרים,100.00,"100 מ""ל",false,0,13.90,13.90,true,1,
7290002003168,false,"קרם ידיים  פנג'ל 80*3מ""ל",אינטרקוסמא,IL,קרם יד.פנג'ל 3יח,מיליליטרים,240.00,"100 מ""ל",false,0,13.90,5.79,true,1,
7290002007500,false,קיסמים שיניים במבוק500יח,הנמל אריזות ושיווק בעמ,IL,קיסמי שיניים,יחידה,1.00,יחידה,false,0,2.90,2.90,true,1,
7290002007663,false,תפוח אדמה לבן באריזה בלב,,IL,תפוח אדמה לבן בא,גרמים,3900.00,100 גרם,false,1,23.90,0.61,true,1,
7290002008491,false,תפוח אדמה אדום באריזה בל,,IL,תפוח אדמה אדום ב,גרמים,3800.00,100 גרם,false,0,26.90,0.71,true,1,
7290002014201,false,חומוס מיקי 200 גרם,"סלטי שמיר 2006 בע""\מ",IL,חומוס 200 גרם,גרמים,200.00,100 גרם,false,0,7.90,3.95,true,1,
7290002014218,false,טחינה מיקי 200 גרם,"סלטי שמיר 2006 בע""\מ",IL,טחינה 200 גרם,גרמים,200.00,100 גרם,false,0,7.90,3.95,true,1,
7290002014225,false,חצילים במיונז מיקי 200 ג,"סלטי שמיר 2006 בע""\מ",IL,סלט חצילים במי,גרמים,200.00,100 גרם,false,0,7.90,3.95,true,1,
7290002014232,false,סלט טורקי 200 גרם,סלטי שמיר,IL,סלט טורקי 200,גרמים,200.00,100 גרם,false,0,7.90,3.95,true,1,
7290002014751,false,כרוב אדום מיקי 200 גרם,"סלטי שמיר 2006 בע""\מ",IL,סלט כרוב אדום,גרמים,200.00,100 גרם,false,0,7.90,3.95,true,1,
7290002014799,false,מטבוחה מיקי 200 גרם,"סלטי שמיר 2006 בע""\מ",IL,סלט מטבוחה 200,גרמים,200.00,100 גרם,false,0,7.90,3.95,true,1,
7290002015093,false,מלפפ.בחומץ 13-17 560 גרם,בני דרום,IL,מלפפונים בחומץ,גרמים,560.00,100 גרם,false,0,5.90,1.05,true,1,
7290002015116,false,מלפפון בחומץ 7-9 560 גרם,בני דרום,IL,מלפפונים בחומץ,גרמים,560.00,100 גרם,false,0,3.90,0.70,true,1,
7290002015123,false,"מלפפון10-12חומץ בד""ץ560ג",בני דרום,IL,מלפפונים בחומץ,גרמים,560.00,100 גרם,false,0,4.90,0.88,true,1,
7290002015147,false,מלפפון 18-25 בחומץ 560גר,בני דרום,IL,מלפפונים בחומץ,גרמים,560.00,100 גרם,false,0,7.90,1.41,true,1,
7290002015154,false,מלפפ.במלח גדול 7-9 560גר,בני דרום,IL,מלפפונים במלח,גרמים,560.00,100 גרם,false,0,3.90,0.70,true,1,
7290002015192,false,מלפפ.במלח 18-25 560 גרם,בני דרום,IL,מלפפון במלח,גרמים,560.00,100 גרם,false,0,7.90,1.41,true,1,
7290002015208,false,מלפפון במלח 13-17 560גרם,בני דרום,IL,מלפפון במלח,גרמים,560.00,100 גרם,false,0,5.90,1.05,true,1,
7290002015321,false,זיתים מנזנילו 15-17 560ג,בני דרום,IL,זיתים מנזנילו,גרמים,560.00,100 גרם,false,0,5.90,1.05,true,1,
7290002015406,false,"זית שחור גדול בד""ץ 560 ג",בני דרום,IL,זית שחור גדול,גרמים,560.00,100 גרם,false,0,5.90,1.05,true,1,
7290002015420,false,זיתים ירוקים חרוזית560גר,בני דרום,IL,זיתים חרוזית,גרמים,560.00,100 גרם,false,0,5.90,1.05,true,1,
7290002015437,false,זיתים ירוקים נובו 560 גר,בני דרום,IL,זיתים ירוקים נובו 560 גר,גרמים,560.00,100 גרם,false,0,5.90,1.05,true,1,
7290002015444,false,זית ירוק חרוזית גדול1.25,בני דרום,IL,זיתים חרוזית,קילוגרמים,1.25,"ק""ג",false,0,13.90,11.12,true,1,
7290002015475,false,זית ירוק מנזל15-17 1.300,בני דרום,IL,זית ירוק מנזל15-17 1.300,קילוגרמים,1.30,"ק""ג",false,0,11.90,9.15,true,1,
7290002015666,false,פלפל חריף שיפקה 540 גרם,בני דרום,IL,פלפל חריף שיפקה,גרמים,540.00,100 גרם,false,0,4.90,0.91,true,1,
7290002015765,false,חצילים במלח 540 גרם,בני דרום,IL,"חצילים במלח ""בני",גרמים,540.00,100 גרם,false,0,4.90,0.91,true,1,
7290002015833,false,זיתים חרוזית ירוקים 3 קג,בני דרום,IL,זיתים חרוזית,קילוגרמים,3.00,"ק""ג",false,0,26.90,8.97,true,1,
7290002022152,false,מרשמלו ורוד לבן 100 גרם,"כרמית מזון בע""\מ",IL,מרשמלו ורוד לבן,גרמים,100.00,100 גרם,false,1,3.90,3.90,true,1,
7290002022923,false,לקקן פופ תות 50 יחידות,כרמית,TR,לקקן פופ תות,גרמים,450.00,100 גרם,false,0,12.90,2.87,true,1,
7290002029991,false,נקניקיות עוף 500גרם נקני,,IL,נקניקיות עוף500ג,גרמים,500.00,100 גרם,false,0,11.90,2.38,true,1,
7290002035121,false,מטיאס אמיתי בש,,IL,מטיאס אמיתי בש,גרמים,300.00,100 גרם,false,0,44.90,14.97,true,1,
7290002035138,false,מקרל מעושן,,IL,מקרל מעושן,קילוגרמים,0.00,"ק""ג",true,0,119.00,119.00,true,1,
7290002035145,false,מקרל מעושן פרוס,,IL,מקרל מעושן פרוס,גרמים,0.00,"ק""ג",true,0,135.00,135.00,true,1,
7290002035169,false,מקרל מעושן,,IL,מקרל מעושן,קילוגרמים,0.00,"ק""ג",true,0,149.00,149.00,true,1,
7290002035183,false,סלמון נורבגי,,IL,סלמון נורבגי,גרמים,100.00,100 גרם,false,0,23.90,23.90,true,1,
7290002035206,false,חזרת,,IL,חזרת,גרמים,360.00,100 גרם,false,0,16.90,4.69,true,1,
7290002035299,false,מקרל מעושן מקולף במשקל ל,,IL,מקרל פילה מעושן,גרמים,0.00,"ק""ג",true,1,155.00,155.00,true,1,
7290002035312,false,טונה מעושנת,,IL,טונה מעושנת,קילוגרמים,0.00,"ק""ג",true,0,195.00,195.00,true,1,
7290002035336,false,מטיאס הולנדי,,IL,מטיאס הולנדי,גרמים,300.00,100 גרם,false,0,24.90,8.30,true,1,
7290002035343,false,הרינג כבוש,,IL,הרינג כבוש,גרמים,300.00,100 גרם,false,0,24.90,8.30,true,1,
7290002035862,false,דג מטיאס הולנדי,,,דג מטיאס הולנדי,גרמים,700.00,100 גרם,false,0,44.90,6.41,true,1,
7290002035879,false,דג הרינג כבוש,,,דג הרינג כבוש,גרמים,700.00,100 גרם,false,0,44.90,6.41,true,1,
7290002035886,false,מטיאס הולנדי+בצל,,IL,מטיאס הולנדי+בצל,גרמים,300.00,100 גרם,false,0,24.90,8.30,true,1,
7290002035947,false,נסיכת הנילוס מעושנת לפי,,IL,נסיכת הנילוס מעו,גרמים,0.00,"ק""ג",true,1,195.00,195.00,true,1,
7290002057024,false,"מלפפון חמוץ 3 ק""ג",,IL,מלפפון חמוץ במלח,קילוגרמים,0.00,"ק""ג",false,1,16.90,16.90,true,1,
7290002075028,false,אובלטים מלוחים ק,,IL,אובלטים מלוחים ק,גרמים,150.00,100 גרם,false,0,4.90,3.27,true,1,
7290002075158,false,אובלטים שומשום 150 גר' ש,,IL,אובלטים שומשום,גרמים,150.00,100 גרם,false,1,4.90,3.27,true,1,
7290002075165,false,אובלטים עם זעתר 150 גר',,IL,אובלטים עם זעתר,גרמים,150.00,100 גרם,false,1,4.90,3.27,true,1,
7290002079033,false,לחם דגנים לייט 500 גרם,מאפיית דוידוביץ ובניו בע,IL,לחם דגנים לייט,גרמים,500.00,100 גרם,false,0,9.90,1.98,true,1,
7290002079217,false,לחם מחמצת שיפון+אגוז650ג,מאפיית דוידוביץ,IL,לחם מחמצת שיפון,גרמים,650.00,100 גרם,false,0,10.90,1.68,true,1,
7290002079361,false,לח.המבורגר פרוס 8יח,מאפיית דוידוביץ,IL,לחמניות המבורגר,יחידה,1.00,יחידה,false,0,10.90,10.90,true,1,
7290002079477,false,לחם אחיד פרוס 750 גרם,מאפיית דוידוביץ ובניו בע,IL,לחם אחיד פרוס,גרמים,750.00,100 גרם,false,0,5.40,0.72,true,1,
7290002079927,false,לחם דגנים מלא 750 גרם,מאפיית דוידוביץ,IL,לחם דגנים מלא,גרמים,750.00,100 גרם,false,0,9.90,1.32,true,1,
7290002079996,false,לחם אחיד פרוס קל 750 גרם,מאפיית דוידוביץ,IL,לחם אחיד פרוס קל,גרמים,750.00,100 גרם,false,0,9.90,1.32,true,1,
7290002105145,false,צלעות מס' 2 מחיר לפי משק,,IL,צלעות בקר מחפוד,גרמים,0.00,"ק""ג",true,0,48.90,48.90,true,1,
7290002105176,false,בשר מס' 4 כתף מחיר לפי מ,.,IL,כתף מס' 4,גרמים,0.00,"ק""ג",true,0,43.90,43.90,true,1,
7290002105183,false,צלי כתף מס5' צרכני קפוא,,IL,צלי כתף מס5',גרמים,0.00,"ק""ג",true,0,104.90,104.90,true,1,
7290002105190,false,פילה מדומה מס6' קפוא קג,עוף ירושלים,IL,פ.מדומה מס6',גרמים,0.00,"ק""ג",true,0,62.90,62.90,true,1,
7290002105213,false,מכסה הצלע מס7' צרכני קג,.,IL,מכסה הצלע מס7',גרמים,0.00,"ק""ג",true,0,44.90,44.90,true,1,
7290002105220,false,שריר בשר מס8' מחיר לפי מ,,IL,שריר מס8',גרמים,0.00,"ק""ג",true,0,59.90,59.90,true,1,
7290002105299,false,בשר מס' 3 חזה מחיר לפי מ,,IL,בשר חזה מחפוד,גרמים,0.00,"ק""ג",true,0,44.90,44.90,true,1,
7290002105305,false,בשר צוואר,,,בשר צוואר,גרמים,0.00,"ק""ג",true,0,42.90,42.90,true,1,
7290002105329,false,צלעות קצרות מחפוד לפי מש,,IL,צלעות קצרות מחפו,גרמים,0.00,"ק""ג",true,1,66.90,66.90,true,1,
7290002105466,false,לשון בקר - מחפוד לפי שקי,,IL,לשון בקר מחפוד,גרמים,0.00,"ק""ג",true,1,64.90,64.90,true,1,
7290002105503,false,המבורגר,,,המבורגר,גרמים,500.00,100 גרם,false,0,17.90,3.58,true,1,
7290002105510,false,קבב מזרחי,,,קבב מזרחי,גרמים,500.00,100 גרם,false,0,17.90,3.58,true,1,
7290002105527,false,גולש בקר מחפוד 800 גרם,,IL,גולש 800גרם,גרמים,800.00,100 גרם,false,0,43.90,5.49,true,1,
7290002105565,false,מוצר הודו טחון 500 גרם,.,IL,מוצר הודו טחון,גרמים,500.00,100 גרם,false,0,12.80,2.56,true,1,
7290002105671,false,טחון עוף 500גרם,,IL,טחון עוף 500גרם,גרמים,500.00,100 גרם,false,0,12.90,2.58,true,1,
7290002105749,false,טחון בקר,,IL,טחון בקר,גרמים,1000.00,100 גרם,false,0,44.90,4.49,true,1,
7290002105756,false,טחון בקר1קג,,IL,טחון בקר1קג,גרמים,1000.00,100 גרם,false,0,33.90,3.39,true,1,
7290002109402,false,גבינה מותכת 120ג,,IL,גבינה מותכת 120ג,גרמים,120.00,100 גרם,false,0,9.90,8.25,true,1,
7290002109419,false,גבינה מותכת 120ג,,IL,גבינה מותכת 120ג,גרמים,120.00,100 גרם,false,0,9.90,8.25,true,1,
7290002109426,false,גבינה מותכת 120ג,,IL,גבינה מותכת 120ג,גרמים,120.00,100 גרם,false,0,9.90,8.25,true,1,
7290002109433,false,גבינה מותכת 120ג,,IL,גבינה מותכת 120ג,גרמים,120.00,100 גרם,false,0,9.90,8.25,true,1,
7290002111085,false,רוטב עגבניות  100 גרם,"זנלכל בע""\מ",IL,רוטב עגבניות,גרמים,100.00,100 גרם,false,0,1.70,1.70,true,1,
7290002111122,false,"רסק תפו""ע+סוכר560ג מבורך","זנלכל בע""\מ",IL,"רסק תפו""ע + סו",גרמים,560.00,100 גרם,false,0,7.90,1.41,true,1,
7290002111139,false,"ר.תפו""ע ב.סוכר560 פ.מבור","זנלכל בע""\מ",IL,"רסק תפו""ע",גרמים,560.00,100 גרם,false,0,7.90,1.41,true,1,
7290002111214,false,תירס לייט מופחת קלוריות,"זנלכל בע""\מ",IL,תירס לייט,גרמים,550.00,100 גרם,false,0,8.90,1.62,true,1,
7290002111337,false,רוטב עגבניות 260 גרם,"זנלכל בע""\מ",IL,רוטב עגבניות260ג,גרמים,260.00,100 גרם,false,0,2.90,1.12,true,1,
7290002111474,false,אפונת גדולה פרי מבורך550,"זנלכל בע""\מ",IL,אפונה גדולה 50,גרמים,550.00,100 גרם,false,0,7.90,1.44,true,1,
7290002111511,false,אפונה וגזר פרי מבורך550ג,"זנלכל בע""\מ",IL,אפונה וגזר,גרמים,550.00,100 גרם,false,0,7.90,1.44,true,1,
7290002111634,false,חומוס פרי מבורך 550 גרם,"זנלכל בע""\מ",IL,חומוס,גרמים,550.00,100 גרם,false,0,7.90,1.44,true,1,
7290002111665,false,רסק עגבנ28%פ.מבורך580ג,"זנלכל בע""\מ",IL,רסק עגבניות28%,גרמים,580.00,100 גרם,false,0,9.90,1.71,true,1,
7290002111672,false,רסק עגבנ22%פ.מבורך570ג,"זנלכל בע""\מ",IL,רסק עגבניות 22%,גרמים,570.00,100 גרם,false,0,7.90,1.39,true,1,
7290002111764,false,שעועית+ר.עגבנ.פ.מבורך580,"זנלכל בע""\מ",IL,שעועית לבנה,גרמים,280.00,100 גרם,false,0,7.90,2.82,true,1,
7290002111825,false,תירס גרעינים פ.מבורך550ג,"זנלכל בע""\מ",IL,תירס גרעינים,גרמים,550.00,100 גרם,false,0,7.90,1.44,true,1,
7290002111948,false,שעועית ירוקה פ.מבורך550ג,"זנלכל בע""\מ",IL,שעועית ירוקה,גרמים,550.00,100 גרם,false,0,9.90,1.80,true,1,
7290002128151,false,פתיליות מצמר גפן,,,פתיליות מצמר גפן,יחידה,1.00,יחידה,false,0,1.90,1.90,true,1,
7290002129400,false,טבעות דג מתופות  700גרם,דלידג בעמ,IL,טבעות דג,גרמים,700.00,100 גרם,false,1,19.90,2.84,true,1,
7290002129417,false,קציצות דג 700 גרם,דלידג בעמ,IL,קציצות דג,גרמים,700.00,100 גרם,false,1,24.90,3.56,true,1,
7290002129424,false,שניצל דג מצופה 600 גרם,דלידג בעמ,IL,שניצל דג מצופה,גרמים,600.00,100 גרם,false,1,24.90,4.15,true,1,
7290002129431,false,שניצלוני דג מצופים 600 ג,דלידג בעמ,IL,שניצלוני דג,גרמים,600.00,100 גרם,false,1,19.90,3.32,true,1,
7290002130574,false,דבש מפרחי בר יד מרדכי500,מכוורת יד מרדכי שטראוס ב,IL,דבש מפרחי בר,גרמים,500.00,100 גרם,false,0,19.90,3.98,true,1,
7290002130581,false,דבש בצנצנת יד מרדכי 1ק,מכוורת יד מרדכי שטראוס ב,IL,דבש טהור,קילוגרמים,1.00,"ק""ג",false,0,39.90,39.90,true,1,
7290002132011,false,עוגיות מזרחיות שומשום400,מאפיית יוסף ושמחה עבאדי,IL,עוגיות מזרחיות,גרמים,400.00,100 גרם,false,0,11.90,2.98,true,1,
7290002135760,false,טחון עוף טרי,,IL,טחון עוף טרי,גרמים,500.00,100 גרם,false,0,18.90,3.78,true,1,
7290002135821,false,כבד עוף צלוי טרי נתח 200,עוף ירושלים,IL,כבד 200 גרם נתח,גרמים,200.00,100 גרם,false,1,27.90,13.95,true,1,
7290002153054,false,מצות 400 גרם,מצות ראשון לציון,IL,מצה 400 גר,גרמים,400.00,100 גרם,false,1,7.80,1.95,true,1,
7290002153153,false,"מצות חמץ 1 ק""ג",מצות ראשון לציון,IL,"מצות חמץ 1 ק""ג",קילוגרמים,1.00,"ק""ג",false,0,13.90,13.90,true,1,
7290002153252,false,אובלטים קימל,,IL,אובלטים קימל,גרמים,100.00,100 גרם,false,0,2.80,2.80,true,1,
7290002153269,false,אובלטים שומשום,,IL,אובלטים שומשום,גרמים,100.00,100 גרם,false,0,2.80,2.80,true,1,
7290002153276,false,אובלטים מלוחים,,,אובלטים מלוחים,גרמים,100.00,100 גרם,false,0,2.80,2.80,true,1,
7290002195856,false,"גולש בקר מעובד - עד""ח לפ",,IL,גולש מעובד,גרמים,0.00,"ק""ג",true,1,88.90,88.90,true,1,
7290002200017,false,צנצנת גולים 180 גרם,מ.מסטיקס,IL,צנצנת גולים,גרמים,180.00,100 גרם,false,0,7.90,4.39,true,1,
7290002200147,false,מסטיקס פס רובין,,IL,מסטיקס פס,יחידה,1.00,יחידה,false,1,1.50,1.50,true,1,
7290002200574,false,מסטיק פס 500 יח,מ.מסטיקס,IL,מסטיק פס 500 יח,יחידה,1.00,יחידה,false,1,1.50,1.50,true,1,
7290002206682,false,שניצל פרימ' טרי אר' קהיל,נטו,IL,שניצל פרימיום,קילוגרמים,0.00,"ק""ג",true,1,48.90,48.90,true,1,
7290002253006,false,שום כתוש דורות 200 גרם,דורות,IL,שום טרי כתוש,גרמים,200.00,100 גרם,false,0,10.90,5.45,true,1,
7290002253013,false,ראשום דורות 400 גרם,מוצרי שום ותיבול דורות,IL,ראשום דורות,גרמים,400.00,100 גרם,false,1,19.90,4.98,true,1,
7290002253105,false,דורות שום במגשית 80 גרם,דורות,IL,שום כתוש קפוא,גרמים,80.00,100 גרם,false,0,7.90,9.88,true,1,
7290002253150,false,דורותבזיליקום קצוץ מגשית,דורות,IL,דורות בזיליקום,גרמים,70.00,100 גרם,false,0,7.90,11.29,true,1,
7290002253167,false,דורות פטרוזיליה קצוצה 70,דורות,IL,דורותפטרוזיליה,גרמים,70.00,100 גרם,false,0,7.90,11.29,true,1,
7290002253174,false,דורות שמיר קצוץ מגשית 70,דורות,IL,דורות שמיר מגשית,גרמים,70.00,100 גרם,false,0,7.90,11.29,true,1,
7290002253181,false,דורות כוסברה קצוצה מגשית,דורות,IL,דורות כוסברה,גרמים,70.00,100 גרם,false,0,7.90,11.29,true,1,
7290002253235,false,דורות רוטב פסטו 160גרם,דורות,IL,דורות רוטב פסטו,גרמים,160.00,100 גרם,false,16,9.50,5.94,true,1,
7290002253310,false,דורות שום חריף 80 גרם,דורות,IL,דורות שום חריף,גרמים,80.00,100 גרם,false,1,7.90,9.88,true,1,
7290002279211,false,חלה מתוקה 500,,IL,חלה מתוקה 500,גרמים,500.00,100 גרם,false,0,6.90,1.38,true,1,
7290002281481,false,פיצה אישית 80 גרם - לנדא,,IL,פיצה אישית עגולה,גרמים,80.00,100 גרם,false,1,2.60,3.25,true,1,
7290002292548,false,כבד צלוי טרי לנדא ארוז,,IL,כבד צלוי טרי,גרמים,200.00,100 גרם,false,1,29.90,14.95,true,1,
7290002298595,false,אצבעות אנטריקוט מחפוד לפ,,IL,אצב.אנטריקוט מחפ,גרמים,0.00,"ק""ג",true,1,69.90,69.90,true,1,
7290002319016,false,אבקת אפיה 10 יח X 10 גרם,מיה תעשיות מזון מ.ת.מ. ב,IL,אבקת אפיה,גרמים,100.00,100 גרם,false,0,1.90,1.90,true,1,
7290002319023,false,סוכר וניל 10 יחידות,מיה תעשיות מזון מ.ת.מ. ב,IL,סוכר וניל,גרמים,100.00,100 גרם,false,0,1.90,1.90,true,1,
7290002319030,false,אבקת בצל 80 גרם,מיה תעשיות מזון מ.ת.מ. ב,IL,אבקת בצל,גרמים,80.00,100 גרם,false,0,5.90,7.38,true,1,
7290002319047,false,אגוז מלך 100גרם מיה,מיה תעשיות מזון מ.ת.מ. ב,IL,אגוזי המלך 100גר,גרמים,100.00,100 גרם,false,0,9.90,9.90,true,1,
7290002319054,false,פרג טחון 100 גרם,מיה תעשיות מזון מ.ת.מ. ב,IL,פרג טחון,גרמים,100.00,100 גרם,false,0,3.90,3.90,true,1,
7290002319092,false,קמח תפוחי אדמה 500 גרם,מיה תעשיות מזון מ.ת.מ. ב,IL,קמח תפוחי אדמה,גרמים,500.00,100 גרם,false,0,3.90,0.78,true,1,
7290002319115,false,חומוס גדול 500 גר,מיה תעשיות מזון מ.ת.מ. ב,IL,גרעיני חומוס,גרמים,500.00,100 גרם,false,0,7.90,1.58,true,1,
7290002319139,false,שעועית לבנה 500גר,מיה תעשיות מזון מ.ת.מ. ב,IL,שעועית לבנה,גרמים,500.00,100 גרם,false,0,6.90,1.38,true,1,
7290002319146,false,שעועית אדומה 500 גרם,מיה תעשיות מזון מ.ת.מ. ב,IL,שעועית אדומה,גרמים,500.00,100 גרם,false,0,6.90,1.38,true,1,
7290002319160,false,אפונה ירוקה 500 גרם,מיה תעשיות מזון מ.ת.מ. ב,IL,אפונה ירוקה,גרמים,500.00,100 גרם,false,0,4.90,0.98,true,1,
7290002319177,false,פופקורן 500 גרם,מיה תעשיות מזון מ.ת.מ. ב,IL,גרעיני פופקורן,גרמים,500.00,100 גרם,false,0,4.90,0.98,true,1,
7290002319184,false,עדשים אדומים 500 גרם,מיה תעשיות מזון מ.ת.מ. ב,IL,עדשים אדומים,גרמים,500.00,100 גרם,false,0,7.90,1.58,true,1,
7290002319191,false,עדשים ירוקים 500ג,מיה תעשיות מזון מ.ת.מ. ב,IL,עדשים ירוקים,גרמים,500.00,100 גרם,false,0,7.90,1.58,true,1,
7290002319207,false,כוסמת 500 גרם,מיה תעשיות מזון מ.ת.מ. ב,IL,כוסמת,גרמים,500.00,100 גרם,false,0,7.90,1.58,true,1,
7290002319214,false,קווקר 200 גרם,מיה תעשיות מזון מ.ת.מ. ב,IL,קווקר,גרמים,200.00,100 גרם,false,0,2.50,1.25,true,1,
7290002319221,false,חיטה 500 גרם,מיה תעשיות מזון מ.ת.מ. ב,IL,חיטה,גרמים,500.00,100 גרם,false,0,4.90,0.98,true,1,
7290002319344,false,שקד טבעי 100גרם מיה,מיה תעשיות מזון מ.ת.מ. ב,IL,שקדים טבעי 100ג,גרמים,100.00,100 גרם,false,0,11.90,11.90,true,1,
7290002319375,false,קורנפלור 200 גרם,מיה תעשיות מזון מ.ת.מ. ב,IL,קורנפלור,גרמים,200.00,100 גרם,false,0,2.90,1.45,true,1,
7290002319405,false,קינמון 80 גרם,מיה תעשיות מזון מ.ת.מ. ב,IL,קינמון,גרמים,80.00,100 גרם,false,0,5.90,7.38,true,1,
7290002319412,false,פפריקה חריפה 80 גרם,מיה תעשיות מזון מ.ת.מ. ב,IL,פפריקה חריפה,גרמים,80.00,100 גרם,false,0,5.90,7.38,true,1,
7290002319429,false,פפריקה מתוקה 80 גרם,מיה תעשיות מזון מ.ת.מ. ב,IL,פפריקה מתוקה,גרמים,80.00,100 גרם,false,0,5.90,7.38,true,1,
7290002319436,false,פלפל שחור טחון 70 גרם,מיה תעשיות מזון מ.ת.מ. ב,IL,פלפל שחור,גרמים,70.00,100 גרם,false,0,7.90,11.29,true,1,
7290002319443,false,כמון 80 גרם,מיה תעשיות מזון מ.ת.מ. ב,IL,כמון,גרמים,80.00,100 גרם,false,0,5.90,7.38,true,1,
7290002319450,false,כרכום 80 גרם,מיה תעשיות מזון מ.ת.מ. ב,IL,כרכום,גרמים,80.00,100 גרם,false,0,5.90,7.38,true,1,
7290002319467,false,אורגנו 35 גרם,מיה תעשיות מזון מ.ת.מ. ב,IL,אורגנו,גרמים,35.00,100 גרם,false,0,5.90,16.86,true,1,
7290002319474,false,אבקת שום 80 גרם,מיה תעשיות מזון מ.ת.מ. ב,IL,אבקת שום,גרמים,80.00,100 גרם,false,0,5.90,7.38,true,1,
7290002319580,false,מלח לימון 100 גרם,מיה תעשיות מזון מ.ת.מ. ב,IL,מלח לימון,גרמים,100.00,100 גרם,false,0,5.90,5.90,true,1,
7290002319597,false,כוסברה 80 גרם,מיה תעשיות מזון מ.ת.מ. ב,IL,כוסברה 80 גרם,גרמים,80.00,100 גרם,false,0,5.90,7.38,true,1,
7290002319610,false,שקדים טחונים 100גרם מיה,מיה תעשיות מזון מ.ת.מ. ב,IL,שקדים טחונים,גרמים,100.00,100 גרם,false,0,8.90,8.90,true,1,
7290002319627,false,ציפורן טחון 50 גרם,מיה תעשיות מזון מ.ת.מ. ב,IL,ציפורן טחון,גרמים,50.00,100 גרם,false,0,5.90,11.80,true,1,
7290002319641,false,גריל עוף 80 גרם,מיה תעשיות מזון מ.ת.מ. ב,IL,גריל עוף,גרמים,80.00,100 גרם,false,0,5.90,7.38,true,1,
7290002319658,false,תבלין לסטייק הר נוף 80ג,מיה תעשיות מזון מ.ת.מ. ב,IL,תבלין לסטייק,גרמים,80.00,100 גרם,false,0,5.90,7.38,true,1,
7290002319689,false,סודה לשתיה 150 גרם,מיה תעשיות מזון מ.ת.מ. ב,IL,סודה לשתיה,גרמים,150.00,100 גרם,false,0,5.90,3.93,true,1,
7290002319696,false,פלפל לבן 70 גרם,מיה תעשיות מזון מ.ת.מ. ב,IL,פלפל לבן,גרמים,70.00,100 גרם,false,0,5.90,8.43,true,1,
7290002319702,false,ציפורן שלם 40 גרם,מיה תעשיות מזון מ.ת.מ. ב,IL,ציפורן שלם,גרמים,40.00,100 גרם,false,0,5.90,14.75,true,1,
7290002319733,false,אגוזי פקאן מקולף 100גרם,מיה תעשיות מזון מ.ת.מ. ב,IL,אגוזי פקאן 100ג,גרמים,100.00,100 גרם,false,0,15.90,15.90,true,1,
7290002319740,false,אגוז מלך טחון 100גרם מיה,מיה תעשיות מזון מ.ת.מ. ב,IL,אגוז מלך טחון,גרמים,100.00,100 גרם,false,0,8.90,8.90,true,1,
7290002319771,false,"תמצית אפיה וניל 55 מ""ל",מיה תעשיות מזון מ.ת.מ. ב,IL,תמצית אפיה וניל,מיליליטרים,55.00,"100 מ""ל",false,0,2.90,5.27,true,1,
7290002319788,false,"תמצית אפיה רום 55 מ""ל",מיה תעשיות מזון מ.ת.מ. ב,IL,תמצית אפיה רום,מיליליטרים,50.00,"100 מ""ל",false,0,2.90,5.80,true,1,
7290002319801,false,שבבי בצל 50 גרם,מיה תעשיות מזון מ.ת.מ. ב,IL,שבבי בצל,גרמים,50.00,100 גרם,false,0,5.90,11.80,true,1,
7290002319825,false,אבקת סוכר 100 גרם,מיה תעשיות מזון מ.ת.מ. ב,IL,אבקת סוכר,גרמים,100.00,100 גרם,false,0,1.70,1.70,true,1,
7290002321750,false,"פילה אמנון קפוא עד""ח לקג",,IL,פילה אמנון,גרמים,0.00,"ק""ג",true,0,25.90,25.90,true,1,
7290002331124,false,נביעות טעם תפוח עדין500מ,נביעות טבע הגליל בעמ,IL,נביעות תפוח,מיליליטרים,500.00,"100 מ""ל",false,0,5.30,1.06,true,1,
7290002331155,false,נביעות ט.אפרסק עדין 500מ,נביעות טבע הגליל בעמ,IL,נביעות אפרסק,מיליליטרים,500.00,"100 מ""ל",false,0,5.30,1.06,true,1,
7290002331711,false,"נביעות טעם ענבים 500 מ""ל",נביעות טבע הגליל בעמ,IL,נביעות ענבים,מיליליטרים,500.00,"100 מ""ל",false,0,5.30,1.06,true,1,
7290002341055,false,"סקוטש כשל""פ",,IL,"סקוטש כשל""פ",יחידה,1.00,יחידה,false,0,6.90,6.90,true,1,
7290002341079,false,כרית יפנית 4 יח',,IL,כרית יפנית 4 יח',יחידה,1.00,יחידה,false,0,5.90,5.90,true,1,
7290002360155,false,חליטת שומר 20 * 2 גרם,טיקנה,DE,חליטת שומר,גרמים,40.00,100 גרם,false,0,9.90,24.75,true,1,
7290002391005,false,קישקע חפץ חיים 500גרם,"ש.ב.מטעם בע""מ",IL,קישקע חפץ חיים,גרמים,500.00,100 גרם,false,0,21.90,4.38,true,1,
7290002391203,false,נקניקיות קנקרס 370 גרם,"ש.ב.מטעם בע""מ",IL,נקניקיות קנקרס,גרמים,370.00,100 גרם,false,1,30.90,8.35,true,1,
7290002391227,false,בשר לחמין קטן,---,IL,בשר לחמין קטן,קילוגרמים,0.00,"ק""ג",true,1,85.90,85.90,true,1,
7290002391517,false,בשר טחון 500 גרם,,IL,בשר טחון 500גרם,גרמים,450.00,100 גרם,false,0,47.70,10.60,true,1,
7290002391692,false,הודו טחון 500גרם,,IL,הודו טחון 500גרם,גרמים,500.00,100 גרם,false,0,17.90,3.58,true,1,
7290002391852,false,נקניקיות עוף 370 גרם,"ש.ב.מטעם בע""מ",IL,נקניקיות עוף,גרמים,370.00,100 גרם,false,0,16.90,4.57,true,1,
7290002391869,false,נקניקיות ג'מבו 400 גרם,"ש.ב.מטעם בע""מ",IL,נקניקיות ג'מבו,גרמים,400.00,100 גרם,false,0,16.90,4.23,true,1,
7290002391883,false,נקניקיות צ'וריסו 400 גרם,"ש.ב.מטעם בע""מ",IL,נקניקיות צוריסוס,גרמים,400.00,100 גרם,false,0,30.90,7.73,true,1,
7290002402060,false,"נקנקיות קראנץ 1 ק""ג הרב",,IL,נקנקיות קראנץ 1ק,גרמים,1000.00,100 גרם,false,1,18.90,1.89,true,1,
7290002405757,false,קרקר חיטה מלאה פת בוקר1ק,מצות כרמל,IL,קרקר חיטה מלאה,קילוגרמים,1.00,"ק""ג",false,0,19.90,19.90,true,1,
7290002409175,false,בצק עלים צרפתי,,IL,בצק עלים צרפתי,גרמים,1000.00,100 גרם,false,0,12.90,1.29,true,1,
7290002475101,false,גפילטע פיש ללא סוכר 510ג,דג טעים,IL,גפילטע פיש,גרמים,510.00,100 גרם,false,0,13.90,2.73,true,1,
7290002479352,false,דבש מפרחי בר 350 גרם,מכוורת עמק חפר,IL,דבש מפרחי בר,גרמים,350.00,100 גרם,false,0,16.90,4.83,true,1,
7290002479925,false,דבש לחיץ מפרחי בר 350גרם,מכוורת עמק חפר,IL,דבש לחיץ,גרמים,350.00,100 גרם,false,0,18.90,5.40,true,1,
7290002486794,false,בשר לטשולנט לא מעובד לפי,,IL,בשר לטשולנט,גרמים,0.00,"ק""ג",true,1,84.90,84.90,true,1,
7290002486800,false,סטייק אנטריקוט - רובין,,IL,סטייק אנטרי. נתח,גרמים,0.00,"ק""ג",true,1,159.90,159.90,true,1,
7290002486831,false,נקנקיות מרגז נתח 400 גרם,,IL,נקנקיות מרגז נתח,גרמים,400.00,100 גרם,false,1,19.90,4.98,true,1,
7290002505013,false,כרעיים עוף קהילות מחיר ל,שונות,IL,כרעיים עוף,קילוגרמים,0.00,"ק""ג",true,0,33.90,33.90,true,1,
7290002505051,false,כנפיים עוף קהילות קפוא מ,שונות,IL,כנפיים עוף,קילוגרמים,0.00,"ק""ג",true,0,14.90,14.90,true,1,
7290002505105,false,עוף טרי ארוז קהילות משקל,נטו,IL,עוף טרי קהילות,קילוגרמים,0.00,"ק""ג",true,0,25.90,25.90,true,1,
7290002505112,false,שוקיים עוף ארוז קהילות,שונות,IL,שוקיים ע.טרי קהי,קילוגרמים,0.00,"ק""ג",true,0,39.90,39.90,true,1,
7290002505136,false,כנפיים עוף ארוז קהילות,שונות,IL,כנפיים ע.ט קהילו,קילוגרמים,0.00,"ק""ג",true,0,17.90,17.90,true,1,
7290002505143,false,שניצל עוף ארוז קהילות מח,שונות,IL,שניצל ע.טרי קהיל,קילוגרמים,0.00,"ק""ג",true,0,42.90,42.90,true,1,
7290002505204,false,פרגיות עוף ארוז קהילות,שונות,IL,פרגיות ע.טרי קהי,קילוגרמים,0.00,"ק""ג",true,0,79.90,79.90,true,1,
7290002505464,false,כרעיים עוף ארוז קהילות,שונות,IL,כרעיים ע.טרי קהי,קילוגרמים,0.00,"ק""ג",true,0,36.90,36.90,true,1,
7290002505471,false,חזה עוף ארוז קהילות מחיר,שונות,IL,חזה עוף טרי קהיל,קילוגרמים,0.00,"ק""ג",true,0,39.90,39.90,true,1,
7290002515333,false,אל סבון קמיל סנסיטיב500,פישר מעבדות פרמצבטיות בע,IL,אלסבון קמיל בלו,מיליליטרים,500.00,"100 מ""ל",false,0,15.90,3.18,true,1,
7290002515371,false,אל סבון קמיל קלאסיק 1ליט,פישר מעבדות פרמצבטיות בע,IL,קמיל בלו לתינוק,ליטרים,1.00,ליטר,false,0,19.90,19.90,true,1,
7290002522188,false,עוף קפוא מס' 2 - רובין ב,עוף ירושלים,IL,עוף מס2' רובין,קילוגרמים,0.00,"ק""ג",true,0,26.90,26.90,true,1,
7290002522201,false,כרעיים עוף קפוא - רובין,,IL,כרעיים רובין,קילוגרמים,0.00,"ק""ג",true,0,36.90,36.90,true,1,
7290002522232,false,חזה עוף קפוא קג,,IL,חזה עוף קפוא,קילוגרמים,0.00,"ק""ג",true,0,45.90,45.90,true,1,
7290002522256,false,כנפיים עוף קפוא קג,,IL,כנפיים עוף,קילוגרמים,0.00,"ק""ג",true,0,14.90,14.90,true,1,
7290002522263,false,שוקיים עוף קפוא - רובין,,IL,שוקיים עוף,קילוגרמים,0.00,"ק""ג",true,0,48.90,48.90,true,1,
7290002522270,false,ירכיים עוף קפוא - רובין,,IL,ירכיים עוף,קילוגרמים,0.00,"ק""ג",true,0,34.90,34.90,true,1,
7290002522348,false,שניצל עוף קפוא - רובין ק,,IL,שניצל עוף קפוא,קילוגרמים,0.00,"ק""ג",true,0,48.90,48.90,true,1,
7290002522522,false,עוף טרי רובין קג,עוף ירושלים,IL,עוף טרי רובין קג,גרמים,0.00,"ק""ג",true,0,26.90,26.90,true,1,
7290002522539,false,חזה עוף טרי רובין קג,עוף ירושלים,IL,חזה עוף טרי רובי,גרמים,0.00,"ק""ג",true,0,45.90,45.90,true,1,
7290002522546,false,כרעיים עוף טרי רובין קג,,IL,כרעיים ע.טרי רוב,גרמים,0.00,"ק""ג",true,0,36.90,36.90,true,1,
7290002522553,false,כנפיים עוף טרי רובין קג,עוף ירושלים,IL,כנפיים ע.טרי רוב,גרמים,0.00,"ק""ג",true,0,14.90,14.90,true,1,
7290002522577,false,"שוקיים עוף טרי רובין לק""",עוף ירושלים,IL,שוקיים ע.טרי נתח,גרמים,0.00,"ק""ג",true,0,47.90,47.90,true,1,
7290002522584,false,פרגיות עוף טרי רובין קג,,IL,פרגיות טרי נתח,גרמים,0.00,"ק""ג",true,0,83.90,83.90,true,1,
7290002522638,false,שניצל עוף טרי רובין קג,עוף ירושלים,IL,שניצל ע.טרי רובי,גרמים,0.00,"ק""ג",true,0,48.90,48.90,true,1,
7290002522973,false,נקניקיות עוף 400 גרם,,IL,נקניקיות עוף 400,גרמים,400.00,100 גרם,false,0,11.90,2.98,true,1,
7290002543046,false,פרוסטיס 750 גרם,קלוג'ס,ES,פרוסטיס 750 גרם,גרמים,750.00,100 גרם,false,0,16.90,2.25,true,1,
7290002552260,false,קרחונים ללא סוכר 8 יח',"ביח""\ר לגלידה וממתקים בע",IL,קרחונים ללא סוכר,גרמים,720.00,100 גרם,false,0,16.90,2.35,true,1,
7290002552284,false,גולד עוגת גבינה תות שדה,"ריאו נתניה ביח""\ר לגלידה",IL,גלידה גולד1.4ליט,ליטרים,1.40,ליטר,false,0,14.90,10.64,true,1,
7290002552345,false,שלגונים גלי גל פרווה 8יח,ריאו,IL,שלגונים גליגל 8X,גרמים,600.00,100 גרם,false,0,9.90,1.65,true,1,
7290002552468,false,שלגון גליגל חלבי 75 גרם,ריאו,IL,שלגון גליגל,גרמים,75.00,100 גרם,false,1,2.90,3.87,true,1,
7290002552499,false,שמניות פרי תות/מנגו,ריאו,IL,שלגוני פרי מנגו,גרמים,720.00,100 גרם,false,0,13.90,1.93,true,1,
7290002554721,false,לשון בקר נתח שקיל,,IL,לשון בקר נתח,גרמים,0.00,"ק""ג",true,1,104.90,104.90,true,1,
7290002581079,false,חטיף תן צ'אפ טבעות 50גר,מיה תעשיות מזון מ.ת.מ. ב,IL,חטיף תן צ'אפ,גרמים,50.00,100 גרם,false,0,3.30,6.60,true,1,
7290002581352,false,דגן קרקר עם חיטה מלא250ג,הדר,IL,קרקר דגן הדר,גרמים,250.00,100 גרם,false,0,6.90,2.76,true,1,
7290002581536,false,"ופל בטעם שוקולד ללת""ס250",גילרו,IL,וופל בטעם שוקולד,גרמים,250.00,100 גרם,false,0,7.90,3.16,true,1,
7290002603634,false,פיצה אישי משולש 80 גרם,שלושת האופים,IL,פיצה אישית משולש,גרמים,80.00,100 גרם,false,1,2.60,3.25,true,1,
7290002650515,false,קוואקר שיבולת שועל מלא,,IL,קוואקר שיבולת,קילוגרמים,0.00,"ק""ג",true,0,8.00,8.00,true,1,
7290002660033,false,אשפתון 50/70 עם ידיות,,IL,אשפתון 50/70 ע,יחידה,1.00,יחידה,false,0,15.90,15.90,true,1,
7290002660040,false,27/ שקיות מזון,,IL,27/ שקיות מזון,יחידה,1.00,יחידה,false,0,8.90,8.90,true,1,
7290002660064,false,אשפתון 75/90 ש,,IL,אשפתון 75/90 ש,יחידה,1.00,יחידה,false,0,16.90,16.90,true,1,
7290002660170,false,אשפתון,,IL,אשפתון,יחידה,1.00,יחידה,false,0,8.90,8.90,true,1,
7290002660200,false,35 שקיות הקפאה,,IL,35 שקיות הקפאה,יחידה,1.00,יחידה,false,0,8.90,8.90,true,1,
7290002660217,false,אשפתון 75/90 אפור עם יד,,IL,אשפתון 75/90 א,יחידה,1.00,יחידה,false,0,16.90,16.90,true,1,
7290002660224,false,אשפתון,,IL,אשפתון,יחידה,1.00,יחידה,false,0,7.90,7.90,true,1,
7290002660378,false,אשפתון 55/75 חום אטום,,IL,אשפתון 55/75 ח,יחידה,1.00,יחידה,false,0,16.90,16.90,true,1,
7290002660446,false,אשפתון לבן+שרוך,,,אשפתון לבן+שרוך,יחידה,1.00,יחידה,false,0,12.90,12.90,true,1,
7290002660668,false,שקיות אוכל,,IL,שקיות אוכל,יחידה,1.00,יחידה,false,0,4.90,4.90,true,1,
7290002660675,false,אשפתון 55/70 סגול עם יד,,IL,אשפתון 55/70 ס,יחידה,1.00,יחידה,false,0,13.90,13.90,true,1,
7290002660873,false,אשפתון קרם ידיות,,IL,אשפתון קרם ידיות,יחידה,1.00,יחידה,false,0,18.90,18.90,true,1,
7290002660880,false,סל גופיה,,IL,סל גופיה,יחידה,1.00,יחידה,false,0,12.90,12.90,true,1,
7290002660897,false,סל גופיה,,IL,סל גופיה,יחידה,1.00,יחידה,false,0,6.90,6.90,true,1,
7290002660903,false,אשפתון אפור+ידיו,,,אשפתון אפור+ידיו,יחידה,1.00,יחידה,false,0,12.90,12.90,true,1,
7290002692478,false,שמ.זית כתית מעול.מעוד750,שמן תעשיות בעמ,IT,שמן זית,מיליליטרים,750.00,"100 מ""ל",false,0,29.90,3.99,true,1,
7290002692768,false,"תרסיס שמן קנולה 200 מ""ל",קומפניה,IT,תרסיס שמן קנולה,מיליליטרים,200.00,"100 מ""ל",false,0,14.90,7.45,true,1,
7290002692775,false,תרסיס קנולה בטעם חמאה200,קומפניה,IT,תרסיס קנולה,מיליליטרים,200.00,"100 מ""ל",false,0,14.90,7.45,true,1,
7290002701026,false,"פארפל ""משובח""",,IL,"פארפל ""משובח""",גרמים,400.00,100 גרם,false,0,6.90,1.73,true,1,
7290002701057,false,פתיתים אפויים,,,פתיתים אפויים,גרמים,300.00,100 גרם,false,0,6.90,2.30,true,1,
7290002701064,false,אטריות מרובעות,,,אטריות מרובעות,גרמים,250.00,100 גרם,false,0,6.90,2.76,true,1,
7290002701088,false,פארפל ביצים,,IL,פארפל ביצים,גרמים,200.00,100 גרם,false,0,6.90,3.45,true,1,
7290002701712,false,"אטריות ""משובח""  40 גרם",,IL,"אטריות ""משובח""  40 גרם",גרמים,400.00,100 גרם,false,0,4.90,1.23,true,1,
7290002768036,false,"מי פה תיאדנט 150מ""ל",קוסמופארם בעמ,IL,מי פה תיאדנט,מיליליטרים,150.00,"100 מ""ל",false,0,14.70,9.80,true,1,
7290002768043,false,מי פה תיאדנט+פלאוריד150מ,אמיליה קוסמטיקס בע'\'\מ,IL,מי פה תיאדנט,מיליליטרים,150.00,"100 מ""ל",false,0,14.70,9.80,true,1,
7290002768074,false,דרמפון סבון ללא סבון 1 ל,קוסמופארם בע'\'\מ,IL,דרמפון אל סבון,ליטרים,1.00,ליטר,false,0,17.90,17.90,true,1,
7290002769040,false,דובשניות 350 גרם שווק מז,,IL,דובשניות 350 גרם,גרמים,350.00,100 גרם,false,1,11.90,3.40,true,1,
7290002769316,false,עוגת קרנץ 500 גר,,,עוגת קרנץ 500 גר,יחידה,1.00,יחידה,false,0,11.90,11.90,true,1,
7290002769347,false,עוגיות ממולאות,,IL,עוגיות ממולאות,גרמים,600.00,100 גרם,false,1,11.90,1.98,true,1,
7290002769644,false,"עוגת דבש בטעם תפו""ע 370",,IL,עוגת דבש בטעם תפ,יחידה,1.00,יחידה,false,1,5.90,5.90,true,1,
7290002769675,false,עוגת מאפינס פרג 450 גר',,IL,עוגת מאפינס פרג,גרמים,450.00,100 גרם,false,1,11.90,2.64,true,1,
7290002780045,false,"מלפפון בחומץ 30-36 3 ק""ג",בני דרום,IL,מלפפונים בחומץ,קילוגרמים,3.00,"ק""ג",false,0,13.90,4.63,true,1,
7290002780571,false,מלפפון במלח 15-20 1.3 קג,בני דרום,IL,מלפפונים במלח,קילוגרמים,1.30,"ק""ג",false,0,8.90,6.85,true,1,
7290002780588,false,חרוזית מושחרים 560 גרם,בני דרום,IL,חרוזית מושחרים,גרמים,560.00,100 גרם,false,0,6.90,1.23,true,1,
7290002780601,false,מלפפון חומץ 15-20 1.250ק,בני דרום,IL,מלפפון חומץ 15-20 1.250ק,קילוגרמים,1.25,"ק""ג",false,0,8.90,7.12,true,1,
7290002780649,false,טבעות זיתים ירוקים 560גר,בני דרום,IL,טבעות זיתים ירוקים 560גר,גרמים,560.00,100 גרם,false,0,6.90,1.23,true,1,
7290002780656,false,זיתים טבעות שחור 560 גרם,בני דרום,IL,זית.טבעות שחור,גרמים,560.00,100 גרם,false,0,6.90,1.23,true,1,
7290002814016,false,סנט מוריץ מסיר שומ.קר750,קומפלקס כימיקלים,IL,מסיר שומנים קר,מיליליטרים,750.00,"100 מ""ל",false,0,8.90,1.19,true,1,
7290002814054,false,אנטרטיק מרסס 1 ליטר,קומפלקס כימיקלים בעמ,IL,אנטרטיק מרסס,ליטרים,1.00,ליטר,false,1,8.90,8.90,true,1,
7290002814078,false,אנטרטיק לניקוי אמבטיה1ל,קומפלקס כימיקלים,IL,אנטרטיק לאמבט,ליטרים,1.00,ליטר,false,0,6.90,6.90,true,1,
7290002814160,false,מסיר שומנים סנט מוריץ 1ל,קומפלקס כימיקלים בעמ,IL,מסיר שומנים,ליטרים,1.00,ליטר,false,1,12.90,12.90,true,1,
7290002814290,false,קצף אקונומיקה בלאנקו 1 ל,קומפלקס כימיקלים בעמ,IL,קצף אקונומיקה,ליטרים,1.00,ליטר,false,1,11.90,11.90,true,1,
7290002814528,false,נוזל לאסלה מס' 1 1 ליטר,קומפלקס כימיקלים בעמ,IL,נוזל לאסלה מס' 1,ליטרים,1.00,ליטר,false,0,4.90,4.90,true,1,
7290002814610,false,מסיר שומנים לימון1ליטר,קומפלקס כימיקלים בעמ,IL,מסיר שומנים,ליטרים,1.00,ליטר,false,0,11.90,11.90,true,1,
7290002824183,false,גב.סקי משפחתי5%שומן500ג,"שטראוס בריאות בע""\מ",IL,גבינת סקי 5%,גרמים,500.00,100 גרם,false,0,8.90,1.78,true,1,
7290002824466,false,יוגורט ביו 0% דנונה 200ג,"שטראוס בריאות בע""\מ",IL,יוגורט ביו 0%,גרמים,200.00,100 גרם,false,0,3.30,1.65,true,1,
7290002824640,false,גב.סקי5%לבנה מעודנת250ג,"שטראוס בריאות בע""\מ",IL,גבינת סקי 5%,גרמים,250.00,100 גרם,false,0,4.50,1.80,true,1,
7290002825722,false,כרוב אדום אחלה 500 גרם,"שטראוס גרופ בע""\מ",IL,סלט כרוב אחלה,גרמים,500.00,100 גרם,false,0,11.90,2.38,true,1,
7290002827306,false,נקניקיות עוף400ג,,IL,נקניקיות עוף400ג,גרמים,400.00,100 גרם,false,0,9.90,2.48,true,1,
7290002827320,false,נקניקיות מרגז,,IL,נקניקיות מרגז,גרמים,400.00,100 גרם,false,0,19.90,4.98,true,1,
7290002827337,false,נקנ' עוף פיקנטי,,IL,נקנ' עוף פיקנטי,גרמים,400.00,100 גרם,false,0,9.90,2.48,true,1,
7290002842002,false,קוואקר אנגלי,,GB,קוואקר אנגלי,גרמים,500.00,100 גרם,false,0,9.90,1.98,true,1,
7290002871361,false,בירה קרלסברג בק.חוזר500מ,מבשלות בירה בינלאומיות ב,IL,בירה קרלסברג,מיליליטרים,500.00,"100 מ""ל",false,0,7.90,1.58,true,1,
7290002909248,false,שריר הזרוע (8) בעדני לפי,,IL,שריר הזרוע (8) ב,גרמים,0.00,"ק""ג",true,1,43.90,43.90,true,1,
7290002909989,false,שעועית ירוקה חתוכה 800 ג,פספרוסט,BE,שעועית ירוקה,גרמים,800.00,100 גרם,false,1,9.90,1.24,true,1,
7290002919179,false,פילה אמנון ללא עור,,BE,פילה אמנון,קילוגרמים,0.00,"ק""ג",true,1,26.90,26.90,true,1,
7290002919599,false,פילה מדומה 6 קפוא קג,בלדי,PY,פילה מדומה 6 קפו,גרמים,0.00,"ק""ג",true,1,44.90,44.90,true,1,
7290002925798,false,גם וגם ירוק,,IL,גם וגם ירוק,מיליליטרים,120.00,"100 מ""ל",false,0,9.90,8.25,true,1,
7290002970033,false,גביע משולש קטן,,IL,גביע משולש קטן,יחידה,1.00,יחידה,false,0,15.90,15.90,true,1,
7290002970125,false,כפית מוכסף פסים 20 יחי',WWP,CN,כפית מוכסף פסים,יחידה,1.00,יחידה,false,0,3.90,3.90,true,1,
7290002970132,false,כף מוכסף פסים 20 יח',WWP,CN,כף מוכסף פסים,יחידה,1.00,יחידה,false,0,3.90,3.90,true,1,
7290002970149,false,סכין מוכסף פסים 20 יח',WWP,CN,סכין מוכסף פסים,יחידה,1.00,יחידה,false,0,3.90,3.90,true,1,
7290002970422,false,אינגליש ניר בחבק 4 יחי',WWP,IL,אינגליש ניר בחבק,יחידה,1.00,יחידה,false,1,4.90,4.90,true,1,
7290002970446,false,תבניות נייר אינגליש קייק,WWP,IL,תבניות נייר,יחידה,1.00,יחידה,false,1,4.90,4.90,true,1,
7290002970453,false,אינגליש ניר מיני צבעים 8,WWP,IL,אינגליש ניר מעור,יחידה,1.00,יחידה,false,1,4.90,4.90,true,1,
7290002970606,false,מזלגות יוקרתיים איכותיים,תבניכל,CN,מזלגות יוקרתיים,יחידה,1.00,יחידה,false,1,8.90,8.90,true,1,
7290002970613,false,סכין צבעוני איכותי 50 יח,תבניכל,CN,סכין צבעוני 50יח,יחידה,1.00,יחידה,false,1,8.90,8.90,true,1,
7290002970620,false,כפות צבעוני איכותי 50 יח,תבניכל,CN,כפות צבעוני,יחידה,1.00,יחידה,false,1,8.90,8.90,true,1,
7290002970736,false,כפיות צבעוני איכותי50יח,תבניכל,CN,כפיות צבעוני,יחידה,1.00,יחידה,false,1,5.90,5.90,true,1,
7290002970828,false,מזלג מוכסף פסים 20 יח',WWP,CN,מזלג מוכסף פסים,יחידה,1.00,יחידה,false,0,3.90,3.90,true,1,
7290002970866,false,גביעי יין לקידוש מוכסף10,,IL,גביעי יין לקידוש,יחידה,1.00,יחידה,false,1,15.90,15.90,true,1,
7290002971955,false,שטיבל 650 - קמח חיטה לבן,,IL,קמח לבן ללא צורך,יחידה,1.00,יחידה,false,1,5.90,5.90,true,1,
7290002971962,false,קמח שטיבל חיטה 1,,,קמח שטיבל חיטה 1,יחידה,1.00,יחידה,false,0,6.90,6.90,true,1,
7290002972426,false,קמח חיטה 80% מהגרעין 1 ק,שטיבל בעמ,IL,קמח חיטה,קילוגרמים,1.00,"ק""ג",false,1,6.90,6.90,true,1,
7290002973676,false,"קמח חלה 1 ק""ג",שטיבל בעמ,IL,קמח חלה,קילוגרמים,1.00,"ק""ג",false,1,7.90,7.90,true,1,
7290002973829,false,קמח כוסמין לבן שטיבל 1 ק,,IL,קמח כוסמין לבן,יחידה,1.00,יחידה,false,1,12.90,12.90,true,1,
7290002977032,false,"סוכר  בד""ץ עד""ח 1 ק""ג",,IL,"סוכר 1 ק""ג",קילוגרמים,1.00,"ק""ג",false,1,3.90,3.90,true,1,
7290002986300,false,פתיבר 600 גרם,,,פתיבר 600 גרם,יחידה,1.00,יחידה,false,0,9.90,9.90,true,1,
7290002987963,false,"חומוס אחלה 1 ק""ג","שטראוס גרופ בע""\מ",IL,"חומוס אחלה 1 ק""ג",קילוגרמים,1.00,"ק""ג",false,0,13.90,13.90,true,1,
7290003020348,false,רד.אלומיניום זוג,,IL,רד.אלומיניום זוג,מטרים,15.00,מטר,false,0,7.90,0.53,true,1,
7290003026029,false,שמפו אל דמע קמיל בלו,פישר מעבדות פרמצבטיות בע,IL,שמפו קמיל בלו,מיליליטרים,500.00,"100 מ""ל",false,0,15.90,3.18,true,1,
7290003026197,false,שמן טיפולי קמיל בלו,פישר מעבדות פרמצבטיות בע,IL,שמן עדין לתינוק,מיליליטרים,500.00,"100 מ""ל",false,0,19.90,3.98,true,1,
7290003026227,false,שמפו אל דמע קמיל בלו 1לי,פישר מעבדות פרמצבטיות בע,IL,שמפו קמיל בלו,ליטרים,1.00,ליטר,false,0,25.90,25.90,true,1,
7290003026234,false,קרם גוף קמיל בלו 500 גרם,פישר מעבדות פרמצבטיות בע,IL,קרם גוף לתינוק,גרמים,500.00,100 גרם,false,0,19.90,3.98,true,1,
7290003026319,false,משחה לתינוק קמיל בלו120ג,פישר מעבדות פרמצבטיות בע,IL,משחת החתלה סנסטי,גרמים,120.00,100 גרם,false,0,15.90,13.25,true,1,
7290003029181,false,שוקו יטבתה בבקבוק 1 ליטר,מחלבת יטבתה,IL,שוקו יטבתה,ליטרים,1.00,ליטר,false,0,9.90,9.90,true,1,
7290003029372,false,משקה חלב בננה בקבוק 1 ל',מחלבת יטבתה,IL,משקה חלב בננה,ליטרים,1.00,ליטר,false,0,9.90,9.90,true,1,
7290003029389,false,משקה בננה יטבתה+פקק 250מ,מחלבת יטבתה,IL,משקה בננה,מיליליטרים,250.00,"100 מ""ל",false,0,3.90,1.56,true,1,
7290003029433,false,שוקו יטבתה+פקק נשלף 250מ,מחלבת יטבתה,IL,שוקו יטבתה,מיליליטרים,250.00,"100 מ""ל",false,0,3.90,1.56,true,1,
7290003029532,false,מוקה יטבתה בקבוק 2% 1ל,מחלבת יטבתה,IL,מוקה יטבתה בקבוק,ליטרים,1.00,ליטר,false,0,9.90,9.90,true,1,
7290003029792,false,שוקו יטבתה מארז 225*8 מל,מחלבת יטבתה,IL,שקיות שוקו 8 יח',ליטרים,1.80,ליטר,false,0,16.90,9.39,true,1,
7290003029815,false,חלב מועשר יטבתה 3%כד 2ל',מחלבת יטבתה,IL,חלב מועשר יטבתה,ליטרים,2.00,ליטר,false,0,11.90,5.95,true,1,
7290003029907,false,אייס קפה יטבתה 2% 1ל,מחלבת יטבתה,IL,אייס קפה יטבתה,ליטרים,1.00,ליטר,false,0,9.90,9.90,true,1,
7290003031788,false,פסטרמה הודו+סלמי 800 גרם,טיב טירת צבי 2000,IL,פסטרמה+סלמי מארז,גרמים,800.00,100 גרם,false,0,23.90,2.99,true,1,
7290003069590,false,פילה סול קפוא 1קג יח,נטו,CN,פילה סול קפוא,גרמים,1000.00,100 גרם,false,0,34.90,3.49,true,1,
7290003069682,false,בצק פילאס 500 גרם,"שגמור בע""\מ",IL,בצק פילאס,גרמים,500.00,100 גרם,false,0,15.90,3.18,true,1,
7290003087259,false,באגסי גריל,,,באגסי גריל,גרמים,200.00,100 גרם,false,0,3.90,1.95,true,1,
7290003087266,false,באגסי בצל,,,באגסי בצל,גרמים,200.00,100 גרם,false,0,3.90,1.95,true,1,
7290003107247,false,שמרים יבשים אינסטנט33גרם,שטיבל,IL,שמרים יבשים,גרמים,33.00,100 גרם,false,0,5.50,16.67,true,1,
7290003107315,false,סולת,טחנת קמח דגן לישראל,IL,סולת,קילוגרמים,0.00,"ק""ג",false,0,4.50,4.50,true,1,
7290003107346,false,"קמח לבן 1 ק""ג",טחנת קמח דגן לישראל,IL,"קמח לבן 1 ק""ג",קילוגרמים,1.00,"ק""ג",false,0,3.90,3.90,true,1,
7290003107353,false,משפר אפייה ביתי 30 גרם,שטיבל,IL,משפר אפייה ביתי,גרמים,30.00,100 גרם,false,0,6.90,23.00,true,1,
7290003133505,false,"לחם ""שיפונטו""",,IL,"לחם ""שיפונטו""",גרמים,750.00,100 גרם,false,0,10.90,1.45,true,1,
7290003142675,false,מנטוס מכונת ממתק400ג,פרו מן יו פתרונות אריזה,NL,מנטוס מכונת ממתק,גרמים,400.00,100 גרם,false,1,29.90,7.48,true,1,
7290003203086,false,גרונות הודיות,,IL,גרונות הודיות,קילוגרמים,0.00,"ק""ג",true,0,33.90,33.90,true,1,
7290003203130,false,"שוקיים עוף טרי בד""ץ מצונ",.,IL,שוקיים עוף טרי,קילוגרמים,0.00,"ק""ג",true,0,59.90,59.90,true,1,
7290003203338,false,קורנביף כבוש קפו,,,קורנביף כבוש קפו,קילוגרמים,0.00,"ק""ג",true,0,88.90,88.90,true,1,
7290003203376,false,"עצמות הודו בד""ץ",,,"עצמות הודו בד""ץ",קילוגרמים,0.00,"ק""ג",true,0,8.90,8.90,true,1,
7290003203550,false,"שווארמה הודיות עד""ח לפי",,IL,שווארמה הודיות,גרמים,0.00,"ק""ג",true,1,74.90,74.90,true,1,
7290003203581,false,רצועות פלאנקן לחמין במגש,,IL,פלאנקן בקר לחמין,קילוגרמים,0.00,"ק""ג",true,1,94.90,94.90,true,1,
7290003212965,false,רוגלעך שמרים400 גרם 400,.,IL,רוגלעך שמרים,גרמים,400.00,100 גרם,false,1,11.90,2.98,true,1,
7290003276813,false,קישקע ביתי - מולייתא 500,,IL,קישקע בית מוליתא,גרמים,500.00,100 גרם,false,1,22.90,4.58,true,1,
7290003276974,false,צוואר עוף ממולא -מולייתא,,IL,צוואר עוףמולייתא,גרמים,400.00,100 גרם,false,1,28.90,7.23,true,1,
7290003319176,false,פרוסות קרפיון ממולאות X2,,IL,קרפיון ממולא,גרמים,330.00,100 גרם,false,0,15.90,4.82,true,1,
7290003321155,false,דנונה בר פקאן 183 גרם,"שטראוס בריאות בע""\מ",IL,דנונה בר פקאן,גרמים,183.00,100 גרם,false,0,3.90,2.13,true,1,
7290003387410,false,פדים להסרת איפור 80*3 יח,ספטונה,GR,פדים בלונס 3 יח,יחידה,1.00,יחידה,false,0,15.90,15.90,true,1,
7290003411276,false,עמבה 500 גרם,הנמל,IL,עמבה,גרמים,500.00,100 גרם,false,0,9.90,1.98,true,1,
7290003427154,false,"שמן זית כתית מעולה750מ""ל",זיתא תעשיות שמן זיתt\,IL,שמן זית כתית,מיליליטרים,750.00,"100 מ""ל",false,0,26.90,3.59,true,1,
7290003457861,false,סולרו טרופי יח,"מיוצר ע""\י גלידת שטראוס",IL,סולרו טרופי יח,יחידה,1.00,יחידה,false,0,9.90,9.90,true,1,
7290003457991,false,חטיפי גל.קורנטו קלאסיקו,"גלידת שטראוס בע""\מ, רחוב",IL,חטיפי קורנטו,גרמים,300.00,100 גרם,false,0,19.90,6.63,true,1,
7290003461677,false,סלט חומוס אסלי,,IL,סלט חומוס אסלי,קילוגרמים,1.00,"ק""ג",false,0,11.90,11.90,true,1,
7290003461868,false,"חציל במיונז אסלי 1 ק""ג",,IL,"חציל במיונז אסלי 1 ק""ג",קילוגרמים,1.00,"ק""ג",false,0,11.90,11.90,true,1,
7290003521074,false,מרכך לילדים סרקל 1 ליטר,פישר מעבדות פרמצבטיות בע,IL,מרכך לילדים סרקל,ליטרים,1.00,ליטר,false,0,22.90,22.90,true,1,
7290003521081,false,שמפו לילדים סרקל 1 ליטר,פישר מעבדות פרמצבטיות בע,IL,סרקל שמפו לילדים,ליטרים,1.00,ליטר,false,0,22.90,22.90,true,1,
7290003521166,false,קרם רוזמרין לילדים סרקל,פישר מעבדות פרמצבטיות בע,IL,סרקל קרם רוזמרין,מיליליטרים,325.00,"100 מ""ל",false,0,18.90,5.82,true,1,
7290003570423,false,בשר בקר טחון טהור 500 גר,"בלדי בע""\ם",IL,בשר בקר טחון,גרמים,500.00,100 גרם,false,1,43.90,8.78,true,1,
7290003570430,false,"חזה עוף טחון - עד""ח 500","בלדי בע""\ם",IL,עוף טחון טהור,גרמים,500.00,100 גרם,false,1,22.90,4.58,true,1,
7290003570591,false,"שוקיים הודו קפוא עד""ח לפ",,IL,שוקיים הודו קפוא,קילוגרמים,0.00,"ק""ג",true,1,32.90,32.90,true,1,
7290003570676,false,רולדה הודו אדום קפוא שקי,,IL,רולדה הודו אדום,קילוגרמים,0.00,"ק""ג",true,1,52.90,52.90,true,1,
7290003570829,false,"כנפיים הודו קפוא עד""ח לפ",,IL,כנפיים הודו קפוא,קילוגרמים,0.00,"ק""ג",true,1,19.90,19.90,true,1,
7290003571086,false,שריר הזרוע 88 מובחר,,IL,שריר הזרוע,קילוגרמים,0.00,"ק""ג",true,1,106.90,106.90,true,1,
7290003571093,false,עצם ברך לחמין,בלדי,IL,עצם ברך לחמין,קילוגרמים,0.00,"ק""ג",true,1,19.90,19.90,true,1,
7290003571550,false,טונה אלבקור סטייק שקיל,היי וונג,VN,סטייק אלבקור,קילוגרמים,0.00,"ק""ג",true,1,46.90,46.90,true,1,
7290003572458,false,"רולדה - כתף לצלי עד""ח מח",,IL,"כתף לצלי עד""ח",גרמים,0.00,"ק""ג",true,1,94.90,94.90,true,1,
7290003586455,false,מפיות מהודרות,,,מפיות מהודרות,יחידה,1.00,יחידה,false,0,4.90,4.90,true,1,
7290003643004,false,אורז בסמטי קלאסי בשקית1ק,"סוגת תעשיות בע""\מ",IL,אורז בסמטי קלאסי,קילוגרמים,1.00,"ק""ג",false,0,11.90,11.90,true,1,
7290003643387,false,"סוכר לבן צנצנת 1 ק""ג","סוגת תעשיות בע""\מ",IL,סוכר לבן צנצנת,קילוגרמים,1.00,"ק""ג",false,0,5.90,5.90,true,1,
7290003643646,false,"סוכר דמררה צנצנת 1 ק""ג","סוגת תעשיות בע""\מ",IL,סוכר דמררה,קילוגרמים,1.00,"ק""ג",false,0,8.90,8.90,true,1,
7290003648344,false,מטיאס הולנדי בשמן 550 גר,סלטי שמיר,IL,מטיאס הולנדי,גרמים,550.00,100 גרם,false,0,29.90,5.44,true,1,
7290003648351,false,הרינג כבוש 550 גרם,סלטי שמיר,IL,הרינג כבוש,גרמים,550.00,100 גרם,false,0,29.90,5.44,true,1,
7290003648856,false,מעדן הרינג הולנדי בשמן,סלטי שמיר,IL,מעדן הרינג הולנד,גרמים,550.00,100 גרם,false,0,29.90,5.44,true,1,
7290003670000,false,"עוף שלם טרי עד""ח לפי משק",,IL,עוף שלם טרי עדח,גרמים,0.00,"ק""ג",true,1,29.90,29.90,true,1,
7290003670017,false,"כרעיים עוף טרי עד""ח",וול דאן,IL,"כרעיים טרי עד""ח",גרמים,0.00,"ק""ג",true,1,45.90,45.90,true,1,
7290003670024,false,"חזה עוף טרי עד""ח לפי שקי",וול דאן,IL,חזה עוף טרי,גרמים,0.00,"ק""ג",true,1,49.90,49.90,true,1,
7290003670031,false,"שניצל פרוס טרי עד""ח",וול דאן,IL,שניצל פרוס טרי,קילוגרמים,0.00,"ק""ג",true,1,49.90,49.90,true,1,
7290003670048,false,"כנפיים עוף טרי עד""ח לפי",וול דאן,IL,"כנפיים טרי עד""ח",גרמים,0.00,"ק""ג",true,1,14.90,14.90,true,1,
7290003670062,false,כבד עוף צלוי 200 גרם,וול דאן,IL,כבד עוף צלוי200ג,גרמים,200.00,100 גרם,false,1,33.90,16.95,true,1,
7290003670123,false,עוף קפוא מס' 2 לפי משקל,,IL,עוך קפוא מס' 2,גרמים,0.00,"ק""ג",true,1,28.90,28.90,true,1,
7290003670130,false,עוף מס' 3 קפוא לפי משקל,,IL,עוף מס' 3,גרמים,0.00,"ק""ג",true,1,28.90,28.90,true,1,
7290003670154,false,"כרעיים עוף קפוא עד""ח לפי",,IL,כרעיים עוף קפוא,גרמים,0.00,"ק""ג",true,1,45.90,45.90,true,1,
7290003670161,false,"חזה עוף קפוא עד""ח לפי מש",,IL,חזה עוף קפוא,גרמים,0.00,"ק""ג",true,1,49.90,49.90,true,1,
7290003670192,false,"כנפיים עוף קפוא עד""ח לפי",,IL,כנפיים עוף קפוא,גרמים,0.00,"ק""ג",true,1,14.90,14.90,true,1,
7290003670222,false,"ירכיים עוף קפוא עד""ח לפי",,IL,ירכיים עוף קפוא,גרמים,0.00,"ק""ג",true,1,39.90,39.90,true,1,
7290003670239,false,"שוקיים עוף עד""ח לפי שקיל",,IL,"שוקיים עוף עד""ח",גרמים,0.00,"ק""ג",true,1,59.90,59.90,true,1,
7290003670789,false,"ירכיים עוף טרי עד""ח לפי",,IL,ירכיים עוף טרי,גרמים,0.00,"ק""ג",true,1,39.90,39.90,true,1,
7290003670796,false,"שוקיים עוף טרי עד""ח",וול דאן,IL,שוקיים עוף טרי,קילוגרמים,0.00,"ק""ג",true,1,59.90,59.90,true,1,
7290003680573,false,כוס שתיה330,,IL,כוס שתיה330,יחידה,1.00,יחידה,false,1,2.50,2.50,true,1,
7290003681006,false,צימוקים לבנים 200גרם,מיה תעשיות מזון מ.ת.מ. ב,IL,צימוק לבן 200ג,גרמים,200.00,100 גרם,false,0,7.90,3.95,true,1,
7290003681051,false,פקאן סיני מסוכר 100 גרם,מיה תעשיות מזון מ.ת.מ. ב,IL,פקאן סיני מסוכר,גרמים,100.00,100 גרם,false,0,13.90,13.90,true,1,
7290003681211,false,'צנובר 80 גר',מיה תעשיות מזון מ.ת.מ. ב,IL,צנובר,גרמים,80.00,100 גרם,false,0,19.90,24.88,true,1,
7290003681228,false,עלי דפנה 10 גרם,מיה תעשיות מזון מ.ת.מ. ב,IL,עלי דפנה,גרמים,10.00,100 גרם,false,0,5.90,59.00,true,1,
7290003681235,false,פלפל אנגלי 50 גרם,מיה תעשיות מזון מ.ת.מ. ב,IL,פלפל אנגלי,גרמים,50.00,100 גרם,false,0,5.90,11.80,true,1,
7290003681242,false,זעתר 50 גרם,מיה תעשיות מזון מ.ת.מ. ב,IL,זעתר,גרמים,50.00,100 גרם,false,0,5.90,11.80,true,1,
7290003681303,false,שעועית מעורבת 500 גרם,מיה תעשיות מזון מ.ת.מ. ב,IL,שעועית מעורבת,גרמים,500.00,100 גרם,false,0,6.90,1.38,true,1,
7290003681334,false,קוקוס מיה 400 גרם,מיה תעשיות מזון מ.ת.מ. ב,IL,קוקוס,גרמים,400.00,100 גרם,false,0,11.90,2.98,true,1,
7290003681341,false,קונפיטורה תות 340 גרם,מיה תעשיות מזון מ.ת.מ. ב,IL,קונפיטורה תות,גרמים,340.00,100 גרם,false,0,8.90,2.62,true,1,
7290003681365,false,קישוט עוגה שוק/צבע.צנצ70,מיה תעשיות מזון מ.ת.מ. ב,IL,קישוטי עוגה,גרמים,70.00,100 גרם,false,0,3.90,5.57,true,1,
7290003681532,false,דובדבנים מסוכרים יח,מיה תעשיות מזון מ.ת.מ. ב,IL,דובדבנים מסוכרים,גרמים,80.00,100 גרם,false,0,4.90,6.13,true,1,
7290003681693,false,חומוס לבן ענק 500 גרם,מיה תעשיות מזון מ.ת.מ. ב,IL,חומוס לבן ענק,גרמים,500.00,100 גרם,false,0,8.90,1.78,true,1,
7290003681716,false,גריסי פנינה 500 גרם,מיה תעשיות מזון מ.ת.מ. ב,IL,גריסי פנינה,גרמים,500.00,100 גרם,false,0,5.90,1.18,true,1,
7290003681723,false,תבלין לפיצה 80 גרם,מיה תעשיות מזון מ.ת.מ. ב,IL,תבלין לפיצה,גרמים,80.00,100 גרם,false,0,5.90,7.38,true,1,
7290003681730,false,גריל דג 80 גרם,מיה תעשיות מזון מ.ת.מ. ב,IL,תבלין גריל דג,גרמים,80.00,100 גרם,false,0,5.90,7.38,true,1,
7290003681747,false,גריל בשר 80 גרם,מיה תעשיות מזון מ.ת.מ. ב,IL,תבלין גריל בשר,גרמים,80.00,100 גרם,false,0,5.90,7.38,true,1,
7290003681754,false,אבקת קארי 80 גרם,מיה תעשיות מזון מ.ת.מ. ב,IL,קארי,גרמים,80.00,100 גרם,false,0,5.90,7.38,true,1,
7290003681761,false,גבישי שום 80 גרם,מיה תעשיות מזון מ.ת.מ. ב,IL,גבישי שום,גרמים,80.00,100 גרם,false,0,5.90,7.38,true,1,
7290003681792,false,סוכריות טופי ט.פירות850ג,מיה תעשיות מזון מ.ת.מ. ב,IL,סוכריות טופי,גרמים,850.00,100 גרם,false,0,13.90,1.64,true,1,
7290003681945,false,"מיץ לימון 100% 500 מ""ל",מיה,IL,מיץ לימון 100%,מיליליטרים,500.00,"100 מ""ל",false,0,8.90,1.78,true,1,
7290003718993,false,פילה סלמון נורבגי שקיל,,NO,פילה סלמון,גרמים,0.00,"ק""ג",true,1,84.90,84.90,true,1,
7290003751099,false,"עוף מחולק קפוא בד""ץ לק""ג",גלאט עוף,IL,"עוף מחולק עד""ח",קילוגרמים,0.00,"ק""ג",true,0,29.90,29.90,true,1,
7290003751129,false,"קורקבן עוף קפוא בד""ץ לקג",,IL,"קורקבן עוף קפוא בד""ץ לקג",קילוגרמים,0.00,"ק""ג",true,0,22.90,22.90,true,1,
7290003751143,false,"גרונות עוף קפוא בד""ץ לקג",,IL,"גרונות עוף קפוא בד""ץ לקג",קילוגרמים,0.00,"ק""ג",true,0,8.90,8.90,true,1,
7290003751198,false,שניצל הודו,,IL,שניצל הודו,גרמים,0.00,"ק""ג",true,0,46.90,46.90,true,1,
7290003751303,false,"עוף טרי שלם מצונן בד""ץ ב",.,IL,"עוף שלם טרי בד""ץ",קילוגרמים,0.00,"ק""ג",true,0,29.90,29.90,true,1,
7290003751310,false,"כרעיים עוף טרי ארוז בד""ץ",.,IL,כרעיים עוף טרי ב,קילוגרמים,0.00,"ק""ג",true,0,45.90,45.90,true,1,
7290003751327,false,"שניצל עוף פרוס טרי בד""ץ",גלאט עוף,IL,שניצל עוף טרי בד,גרמים,0.00,"ק""ג",true,0,49.90,49.90,true,1,
7290003751334,false,"חזה עוף טרי מצונן בד""ץ",,IL,"חזה עוף טרי בד""ץ",קילוגרמים,0.00,"ק""ג",true,0,45.90,45.90,true,1,
7290003751372,false,"עצמות מח עד""ח שקיל",,IL,עצמות מח,גרמים,0.00,"ק""ג",true,1,65.90,65.90,true,1,
7290003751556,false,"לב הצוואר לומבה עד""ח לפי",גלאט עוף,IL,"לב הצוואר עד""ח",גרמים,0.00,"ק""ג",true,1,93.90,93.90,true,1,
7290003751600,false,שניצל עוף פרוס,,IL,שניצל עוף פרוס,קילוגרמים,0.00,"ק""ג",true,0,49.90,49.90,true,1,
7290003751693,false,צלעות בקר קפוא,,IL,צלעות בקר קפוא,קילוגרמים,0.00,"ק""ג",true,0,84.90,84.90,true,1,
7290003751716,false,פילה מדומה (6),,IL,פילה מדומה (6),קילוגרמים,0.00,"ק""ג",true,0,103.90,103.90,true,1,
7290003751723,false,"שריר הזרוע עד""ח",,IL,"שריר הזרוע עד""ח",קילוגרמים,0.00,"ק""ג",true,0,106.90,106.90,true,1,
7290003751730,false,צוואר קפוא (10),,IL,צוואר קפוא (10),גרמים,0.00,"ק""ג",true,0,84.90,84.90,true,1,
7290003751761,false,בשר פלאנקען (9),,IL,בשר פלאנקען (9),גרמים,0.00,"ק""ג",true,0,94.90,94.90,true,1,
7290003751839,false,"עצמות עוף למרק בד""ץ לק""ג",,IL,"עצמות עוף למרק בד""ץ לק""ג",קילוגרמים,0.00,"ק""ג",true,0,7.50,7.50,true,1,
7290003751846,false,"ירכיים עוף קפוא בד""ץ לקג",,IL,"ירכיים עוף קפוא בד""ץ לקג",קילוגרמים,0.00,"ק""ג",true,0,39.90,39.90,true,1,
7290003751853,false,"שוקיים עוף קפוא עד""ח לקג",,IL,"שוקיים עוף קפוא עד""ח לקג",קילוגרמים,0.00,"ק""ג",true,0,59.90,59.90,true,1,
7290003751914,false,חזה בקר קפוא,,IL,חזה בקר קפוא,קילוגרמים,0.00,"ק""ג",true,0,84.90,84.90,true,1,
7290003751945,false,צלי כתף לא מעובד,,IL,צלי כתף לא מעובד,קילוגרמים,0.00,"ק""ג",true,0,144.90,144.90,true,1,
7290003804252,false,תיבול.קנור לאורז-הודי72ג,יוניליוור ישראל מזון בע\,IL,תיבוליות קנור,גרמים,72.00,100 גרם,false,0,7.90,10.97,true,1,
7290003804320,false,תיבול.קנור שום+פטרוזיל72,יוניליוור ישראל מזון בע\,IL,תיבוליות קנור,גרמים,72.00,100 גרם,false,0,7.90,10.97,true,1,
7290003804382,false,תיבולית קנור פיטריות72גר,יוניליוור ישראל מזון בע\,IL,תיבוליות פטריות,גרמים,72.00,100 גרם,false,0,7.90,10.97,true,1,
7290003805501,false,פתית חסכוני שוודית 300גר,יוניליוור ישראל מזון בע\,IL,פתית קרקר שוודי,גרמים,300.00,100 גרם,false,0,12.90,4.30,true,1,
7290003805587,false,פתית קרקר חיטה מלאה250גר,יוניליוור ישראל מזון בע\,IL,פתית חיטה מלאה,גרמים,250.00,100 גרם,false,0,12.90,5.16,true,1,
7290003806577,false,דאו. דאב אורגינל 150מל,"יוניליוור אנגליה, דרך קו",NL,דאודורנט דאב,מיליליטרים,150.00,"100 מ""ל",false,1,9.90,6.60,true,1,
7290003807482,false,רוטב טריאקי 370 גרם,יוניליוור ישראל מזון בע\,IL,רוטב טריאקי,גרמים,300.00,100 גרם,false,0,9.90,3.30,true,1,
7290003893027,false,פילה מרלוזה קפוא מחיר לפ,ג.עופר,AR,פילה מרלוזה,קילוגרמים,0.00,"ק""ג",true,0,26.90,26.90,true,1,
7290003920266,false,רולדה עגל - רובין לפי שק,,IL,רולדה עגל רובין,גרמים,0.00,"ק""ג",true,0,69.90,69.90,true,1,
7290003920426,false,בשר מס' 2 צלעות נתח,,IL,בשר צלעות נתח,גרמים,0.00,"ק""ג",true,1,78.90,78.90,true,1,
7290003920440,false,בשר מס' 8 שריר הזרוע לפי,,IL,מס' 8 שריר ל.מ,גרמים,0.00,"ק""ג",true,0,104.90,104.90,true,1,
7290003920457,false,צלי כתף (5) נתח שקיל,,IL,צלי כתף 5 נתח,גרמים,0.00,"ק""ג",true,1,124.90,124.90,true,1,
7290003920464,false,בשר פילה מדומה 6 נתח שקי,,IL,פילה מדומה 6 נתח,גרמים,0.00,"ק""ג",true,1,98.90,98.90,true,1,
7290003920488,false,בשר מס' 4 כתף נתח לפי מש,,IL,בשר כתף נתח,גרמים,0.00,"ק""ג",true,1,84.90,84.90,true,1,
7290003920495,false,בשר צוואר מס' 10 נתח,,IL,צוואר נתח,גרמים,0.00,"ק""ג",true,1,75.90,75.90,true,1,
7290003920716,false,קבב מזרחי 500 גרם,.,IL,קבב מזרחי,גרמים,500.00,100 גרם,false,1,29.90,5.98,true,1,
7290003920723,false,המבורגר מזרחי - רובין 50,.,IL,המבורגר מזרחי,גרמים,500.00,100 גרם,false,1,29.90,5.98,true,1,
7290003920730,false,בשר לחמין - רובין 800 גר,עוף ירושלים,IL,בשר לחמין,גרמים,800.00,100 גרם,false,1,62.90,7.86,true,1,
7290003920747,false,גולש עגל מעובד 800 גר',,IL,גולש רובין,גרמים,800.00,100 גרם,false,1,62.90,7.86,true,1,
7290003920761,false,מוצר בקר טחון 500 גרם,,IL,מוצר בקר טחון,גרמים,500.00,100 גרם,false,1,29.90,5.98,true,1,
7290003976287,false,"די תוש טאצ' 630 מ""ל","סאסאטק אגש""\ח בע""\מ",IL,די תוש טאצ',מיליליטרים,630.00,"100 מ""ל",false,1,12.90,2.05,true,1,
7290003976560,false,מטהר אויר מיסטרי,,,מטהר אויר מיסטרי,יחידה,1.00,יחידה,false,0,10.90,10.90,true,1,
7290003976584,false,מטהר אויר אקווה אוטו' 25,,IL,מטהר אויר אקווה,מיליליטרים,250.00,"100 מ""ל",false,1,10.90,4.36,true,1,
7290003976591,false,מטהר אויר לוטוס אוטו' 25,,IL,מטהר אויר לוטוס,מיליליטרים,250.00,"100 מ""ל",false,1,10.90,4.36,true,1,
7290003976607,false,ג'ל אקונומיקה סמיכה לבנד,,IL,ג'ל אקונומיקה סמ,ליטרים,0.00,ליטר,false,1,11.90,11.90,true,1,
7290003976614,false,ג'ל אקונומיקה סמיכה פרחי,,IL,ג'ל אקונומיקה סמ,ליטרים,0.00,ליטר,false,1,11.90,11.90,true,1,
7290003976713,false,נוזל רצפות אנטיבקטריאלי,"סאסאטק אגש""\ח בע""\מ",IL,נוזל רצפות אנטיב,ליטרים,0.00,ליטר,false,1,18.90,18.90,true,1,
7290003976737,false,מרסס אקונומיקה מבושמת 1,,IL,מרסס אקונומיקה מ,מיליליטרים,1000.00,"100 מ""ל",false,1,10.90,1.09,true,1,
7290003976928,false,נ.כלים פירות 24%טאצ' 750,,IL,נ.כלים פירות24%ט,מיליליטרים,750.00,"100 מ""ל",false,1,8.90,1.19,true,1,
7290003976966,false,מרסס ניקוי כללי + חומץ 1,"סאסאטק אגש""\ח בע""\מ",IL,מרסס ניקוי כללי,ליטרים,0.00,ליטר,false,1,9.90,9.90,true,1,
7290003976973,false,מרסס ניקוי כללי + סודה 1,"סאסאטק אגש""\ח בע""\מ",IL,מרסס ניקוי כללי,ליטרים,0.00,ליטר,false,1,9.90,9.90,true,1,
7290003976997,false,ג'ל ניקוי כללי +סודה 2 ל,"סאסאטק אגש""\ח בע""\מ",IL,ג'ל ניקוי כללי,ליטרים,0.00,ליטר,false,1,15.90,15.90,true,1,
7290003984183,false,נייר ידיים צץ רץ ר.שמאי,,IL,נייר ידיים צץ רץ,יחידה,1.00,יחידה,false,1,64.90,64.90,true,1,
7290003989096,false,חציל פיקנטי אחלה 500 גרם,"שטראוס גרופ בע""\מ",IL,חציל פיקנטי אחלה,גרמים,500.00,100 גרם,false,0,12.90,2.58,true,1,
7290003989539,false,רביולי עם גבינה 400 גרם,"שטראוס גרופ בע""\מ",IL,רביולי גבינה,גרמים,400.00,100 גרם,false,0,17.90,4.48,true,1,
7290003989553,false,טורטליני עם פטריות 400גר,"שטראוס גרופ בע""\מ",IL,טורטליני פטריות,גרמים,400.00,100 גרם,false,0,17.90,4.48,true,1,
7290004011284,false,"ריצ' להכנת קצפת 212 מ""ל",נטו,US,ריצ' להכנת קצפת,מיליליטרים,212.00,"100 מ""ל",false,0,6.90,3.25,true,1,
7290004011291,false,"בסיס להכנת קצפת 425 מ""ל",נטו,US,בסיס להכנת קצפת,מיליליטרים,425.00,"100 מ""ל",false,0,11.90,2.80,true,1,
7290004023041,false,לחם מחמצת שיפון,,IL,לחם מחמצת שיפון,גרמים,750.00,100 גרם,false,0,13.90,1.85,true,1,
7290004030018,false,מיץ לימון לתיבול,,IL,מיץ לימון לתיבול,מיליליטרים,500.00,"100 מ""ל",false,0,6.90,1.38,true,1,
7290004030445,false,מיץ תפוזים סחוט,,IL,מיץ תפוזים סחוט,ליטרים,1.00,ליטר,false,0,11.90,11.90,true,1,
7290004030612,false,משקה תפוח קיווי,,IL,משקה תפוח קיווי,ליטרים,1.00,ליטר,false,0,12.90,12.90,true,1,
7290004030810,false,מיץ תפוז בננה פסיפלורה1ל,פריניב בעמ,IL,מיץ פריניב,מיליליטרים,1000.00,"100 מ""ל",false,1,14.90,1.49,true,1,
7290004030834,false,מיץ רימונים,,IL,מיץ רימונים,ליטרים,1.00,ליטר,false,0,17.90,17.90,true,1,
7290004063016,false,"מלח שולחן מעולה 1 ק""ג",מלחי סלית עתלית,IL,מלח שולחן,קילוגרמים,1.00,"ק""ג",false,0,1.50,1.50,true,1,
7290004063115,false,"מלח מטבח גס לבישול 1 ק""ג",מלחי סלית עתלית,IL,מלח מטבח גס,קילוגרמים,1.00,"ק""ג",false,0,1.50,1.50,true,1,
7290004064099,false,מטחנה מלח הרי ההימלאיה,"חברת מלח הארץ אילת בע""\מ",IL,מטחנה מלח,גרמים,250.00,100 גרם,false,1,13.90,5.56,true,1,
7290004064174,false,"מלח דק הימלאיה 1 ק""ג","חברת מלח הארץ אילת בע""\מ",PK,מלח דק הימלאיה,קילוגרמים,1.00,"ק""ג",false,1,14.90,14.90,true,1,
7290004064181,false,"מלח גס הימלאיה 1 ק""ג","חברת מלח הארץ אילת בע""\מ",PK,מלח גס הימלאיה,קילוגרמים,1.00,"ק""ג",false,1,14.90,14.90,true,1,
7290004064228,false,מטחנת מלח שום ופלפל 125ג,"חברת מלח הארץ אילת בע""\מ",IL,מטחנת מלח מתובל,גרמים,125.00,100 גרם,false,1,14.90,11.92,true,1,
7290004064297,false,מלח מועשר ביוד צנצנת 1קג,"חברת מלח הארץ אילת בע""\מ",IL,מלח מועשר ביוד,קילוגרמים,1.00,"ק""ג",false,1,6.90,6.90,true,1,
7290004064303,false,מלח אטלנטי צנצנת 800 גרם,"חברת מלח הארץ אילת בע""\מ",FR,מלח אטלנטי,גרמים,800.00,100 גרם,false,1,13.90,1.74,true,1,
7290004064372,false,מטחנת מלח איטל.אקסטרה105,"חברת מלח הארץ בע""\מ",IL,מטחנת מלח איטלקי,גרמים,105.00,100 גרם,false,1,14.90,14.19,true,1,
7290004075231,false,סטייק אנטריקוט דקדק 300,,IL,סטייק דקדק מחפוד,גרמים,300.00,100 גרם,false,1,29.90,9.97,true,1,
7290004078263,false,בלונס צימרונים 200*2 יחי,ספטונה,GR,מקלוני כותנה,יחידה,1.00,יחידה,false,0,9.90,9.90,true,1,
7290004084110,false,סוכר קוביות,,IL,סוכר קוביות,גרמים,500.00,100 גרם,false,0,9.90,1.98,true,1,
7290004091217,false,גודרס להברקת כלי כסף125ג,COLEPCCL,PT,נוזל ניקוי כסף,מיליליטרים,125.00,"100 מ""ל",false,0,12.90,10.32,true,1,
7290004091248,false,וזלין טהור 106 גרם,יוניליוור,US,וזלין טהור,גרמים,106.00,100 גרם,false,0,9.90,9.34,true,1,
7290004119225,false,יופלה אננס 3% 150 גרם,תנובה בעמ,IL,יופלה אננס 3%,גרמים,150.00,100 גרם,false,0,3.90,2.60,true,1,
7290004119973,false,מעדן קרלו שוקולד1.5% 125,מחלבת אלון תבור,IL,קרלו שוקולדה,גרמים,125.00,100 גרם,false,0,2.50,2.00,true,1,
7290004120061,false,"מעדן קרלו שוניל3% 125מ""ל",מחלבת אלון תבור,IL,מעדן קרלו שוניל,גרמים,125.00,100 גרם,false,0,2.50,2.00,true,1,
7290004120108,false,יופלה דובדבן 0% 150 גרם,תנובה בעמ,IL,יופלה דיאט 0%,גרמים,150.00,100 גרם,false,0,3.90,2.60,true,1,
7290004120283,false,שוקו בשקית,,IL,שוקו בשקית,מיליליטרים,225.00,"100 מ""ל",false,0,2.50,1.11,true,1,
7290004120566,false,גב.בולגרית פיראוס24% 250,תנובה,IL,גבינה בולגרית24%,גרמים,250.00,100 גרם,false,0,16.90,6.76,true,1,
7290004120573,false,גב.בולגרית פיראוס16% 250,תנובה,IL,גבינה בולגרית16%,גרמים,250.00,100 גרם,false,0,16.90,6.76,true,1,
7290004120634,false,גב.בולגרית פיראוס5% 250ג,תנובה,IL,גבינה בולגרית5%,גרמים,250.00,100 גרם,false,0,16.90,6.76,true,1,
7290004120832,false,חלב שתיה 3%,,IL,חלב שתיה 3%,ליטרים,2.00,ליטר,false,0,10.90,5.45,true,1,
7290004121754,false,יופלה קרם גב.ותות3% 150ג,תנובה בעמ,IL,יופלה קרם גבינה,גרמים,150.00,100 גרם,false,0,3.90,2.60,true,1,
7290004121853,false,פיראוס קוב.בולגרית5% 200,תנובה,IL,קוביות בולגרית5%,גרמים,200.00,100 גרם,false,0,18.90,9.45,true,1,
7290004122195,false,גוש חלב פרוס28% 200מהדרי,תנובה,IL,גבינה גוש חלב,גרמים,200.00,100 גרם,false,0,12.90,6.45,true,1,
7290004122348,false,גבינת עמק 9% פרוס 200 גר,תנובה,IL,גבינת עמק 9%,גרמים,200.00,100 גרם,false,0,15.90,7.95,true,1,
7290004122676,false,גבינת חמד לייט 5% 250 גר,תנובה,IL,גבינת חמד לייט5%,גרמים,250.00,100 גרם,false,0,15.90,6.36,true,1,
7290004122683,false,אצבעות עמק חטיף גבינה172,תנובה,IL,אצבעות עמק,גרמים,172.00,100 גרם,false,0,13.90,8.08,true,1,
7290004122744,false,יופלה ביו תות 150 גרם,תנובה,IL,יופלה תות,גרמים,150.00,100 גרם,false,0,3.90,2.60,true,1,
7290004124205,false,יופלה דיאט תות0% 150 גר,תנובה בעמ,IL,יופלה דיאט תות0%,גרמים,150.00,100 גרם,false,0,3.90,2.60,true,1,
7290004124847,false,קצפת צמחית השף הלבן500מל,סוי מג'יק,IL,קצפת צמחית,מיליליטרים,500.00,"100 מ""ל",false,0,12.90,2.58,true,1,
7290004125370,false,שמנת חמוצה 9% שומן 200מל,תנובה,IL,שמנת חמוצה 9%,מיליליטרים,200.00,"100 מ""ל",false,0,2.90,1.45,true,1,
7290004125509,false,שמנת חמוצה15% חצי מנה100,תנובה,IL,שמנת חמוצה 15%,מיליליטרים,100.00,"100 מ""ל",false,0,1.50,1.50,true,1,
7290004125578,false,משקה סויה 1 ליטר,סוי מג'יק,IL,משקה סויה,ליטרים,1.00,ליטר,false,0,8.90,8.90,true,1,
7290004125585,false,משקה סויה בטעם וניל 1 לי,סוי מג'יק,IL,משקה סויה וניל,ליטרים,1.00,ליטר,false,0,8.90,8.90,true,1,
7290004125721,false,שמנת בישול-15%שף לבן250מ,תנובה,IL,שמנת לבישול15%,מיליליטרים,250.00,"100 מ""ל",false,0,6.90,2.76,true,1,
7290004125738,false,שמנת להקצפה-32%שף לבן250,תנובה,IL,שמנת להקצפה32%,מיליליטרים,250.00,"100 מ""ל",false,0,5.90,2.36,true,1,
7290004126759,false,יופלה פירות יער0% 150 גר,תנובה בעמ,IL,יופלה דיאט,גרמים,150.00,100 גרם,false,0,3.90,2.60,true,1,
7290004126872,false,"שוקו תנובה בקבוק 250 מ""ל",תנובה,IL,שוקו בקבוק,מיליליטרים,250.00,"100 מ""ל",false,0,4.90,1.96,true,1,
7290004127329,false,קוטג' 5% 250 גרם בעלז,מחלבת אלון תבור,IL,קוטג' תנובה 5%,גרמים,250.00,100 גרם,false,0,5.10,2.04,true,1,
7290004127336,false,קוטג' תנובה 9% שומן 250ג,מחלבת אלון תבור,IL,קוטג' תנובה 9%,גרמים,250.00,100 גרם,false,0,5.10,2.04,true,1,
7290004127800,false,גב.לבנה 5% שומן 500 גרם,מחלבת אלון תבור,IL,גבינה לבנה 5%,גרמים,500.00,100 גרם,false,0,9.30,1.86,true,1,
7290004127817,false,גב.לבנה 9% שומן 500 גרם,מחלבת אלון תבור,IL,גבינה לבנה 9%,גרמים,500.00,100 גרם,false,0,9.30,1.86,true,1,
7290004127916,false,גבינה תנובה0.5%שומן 500ג,מחלבת אלון תבור,IL,גבינה 0.5%,גרמים,500.00,100 גרם,false,0,9.30,1.86,true,1,
7290004129101,false,גב.נפולאון טעם טבעי 225ג,מחלבת אלון תבור,IL,גבינת נפוליאון,גרמים,225.00,100 גרם,false,0,9.90,4.40,true,1,
7290004129118,false,גב.נפולאון טעם זיתים225ג,מחלבת אלון תבור,IL,גבינת נפוליאון,גרמים,225.00,100 גרם,false,0,9.90,4.40,true,1,
7290004129156,false,גב.נפולאון שום-שמיר 225ג,מחלבת אלון תבור,IL,גבינת נפוליאון,גרמים,225.00,100 גרם,false,0,9.90,4.40,true,1,
7290004130695,false,משקה אייס קפה בקבוק1ליטר,תנובה,IL,משקה אייס קפה,ליטרים,1.00,ליטר,false,0,9.90,9.90,true,1,
7290004130794,false,משקה סויה במתיקות מופחתת,סוי מג'יק,IL,משקה סויה,ליטרים,1.00,ליטר,false,0,8.90,8.90,true,1,
7290004130916,false,יופלה פירות יער+שמנת150ג,תנובה בעמ,IL,יופלה פירות יער,גרמים,150.00,100 גרם,false,0,3.90,2.60,true,1,
7290004131074,false,חלב בקרטון 3% שומן 1 ל',---,IL,חלב בקרטון 3%,ליטרים,1.00,ליטר,false,0,5.90,5.90,true,1,
7290004131531,false,שוקו תנובה בקבוק 1 ליטר,תנובה,IL,שוקו בקבוק,ליטרים,1.00,ליטר,false,0,9.90,9.90,true,1,
7290004131814,false,פיראוס צפתית מעוד5% 200ג,תנובה,IL,צפתית 5% פיראוס,גרמים,200.00,100 גרם,false,0,13.90,6.95,true,1,
7290004131999,false,יופלה לבן מעודן%1.5 150ג,תנובה,IL,יופלה מעודן,גרמים,150.00,100 גרם,false,0,3.00,2.00,true,1,
7290004132552,false,משקה סויה לייט 1ל,סוי מג'יק,IL,משקה סויה,ליטרים,1.00,ליטר,false,0,8.90,8.90,true,1,
7290004132712,false,אצבעות גב.מוצרלה 21.5*8ג,תנובה,IL,אצבעות מוצרלה,גרמים,172.00,100 גרם,false,0,13.90,8.08,true,1,
7290004132903,false,גבינה לבנה 3%,,IL,גבינה לבנה 3%,גרמים,250.00,100 גרם,false,0,4.70,1.88,true,1,
7290004135072,false,מעדן קרלו מיני שוק100*8ג,מחלבת אלון תבור,IL,קרלו מיני 8 יח,גרמים,800.00,100 גרם,false,0,11.90,1.49,true,1,
7290004135119,false,מעדן קרלו מיני וניל100*8,מחלבת אלון תבור,IL,קרלו מיני 8 יח,גרמים,800.00,100 גרם,false,0,11.90,1.49,true,1,
7290004135225,false,מעדן דיאט שוקולד0.2% 150,מחלבת אלון תבור,IL,מעדן דיאט שוקולד,גרמים,150.00,100 גרם,false,0,3.20,2.13,true,1,
7290004136154,false,משקה אייס קפה בקבוק340מל,תנובה,IL,משקה אייס קפה,מיליליטרים,340.00,"100 מ""ל",false,0,5.90,1.74,true,1,
7290004136598,false,מארז הפסקת אוכל,תנובה,IL,חלב עם דגנים,יחידה,1.00,יחידה,false,0,7.90,7.90,true,1,
7290004136857,false,מעדן ג'לי פטל 125 גרם,סוי מג'יק,IL,מעדן ג'לי פטל,גרמים,125.00,100 גרם,false,0,1.90,1.52,true,1,
7290004136871,false,מעדן ג'לי אפרסק+חתיכ125.,סוי מג'יק,IL,מעדן ג'לי אפרסק,גרמים,125.00,100 גרם,false,0,1.90,1.52,true,1,
7290004137021,false,שמנת לבישול 10%שומן250מ,תנובה,IL,שמנת לבישול10%,מיליליטרים,250.00,"100 מ""ל",false,0,6.90,2.76,true,1,
7290004194208,false,כרעיים עוף קפוא מחפוד מח,,IL,כרעיים עוף קפו,קילוגרמים,0.00,"ק""ג",true,0,31.90,31.90,true,1,
7290004194239,false,חזה עוף קפוא מחפוד מחיר,,IL,חזה עוף קפוא,קילוגרמים,0.00,"ק""ג",true,0,31.90,31.90,true,1,
7290004194253,false,כנפיים עוף קפוא מחפוד מח,,IL,כנפיים עוף קפו,קילוגרמים,0.00,"ק""ג",true,0,11.90,11.90,true,1,
7290004194260,false,שוקיים עוף קפוא קג,,IL,שוקיים עוף קפו,קילוגרמים,0.00,"ק""ג",true,0,32.90,32.90,true,1,
7290004194345,false,שניצל עוף פרוס קפוא קג,,IL,שניצל עוף קפוא,קילוגרמים,0.00,"ק""ג",true,0,34.90,34.90,true,1,
7290004194529,false,עוף טרי מחפוד,,,עוף טרי מחפוד,קילוגרמים,0.00,"ק""ג",true,0,22.90,22.90,true,1,
7290004194536,false,חזה עוף טרי מחפוד,עוף ירושלים,IL,חזה עוף טרי מחפו,גרמים,0.00,"ק""ג",true,0,32.90,32.90,true,1,
7290004194543,false,כרעיים עוף מחפוד במשקל,עוף ירושלים,IL,כרעיים ע.טרי מחפ,גרמים,0.00,"ק""ג",true,0,32.90,32.90,true,1,
7290004194550,false,כנפיים עוף  טרי מחפוד קג,עוף ירושלים,IL,כנפיים ע.טרי מחפ,גרמים,0.00,"ק""ג",true,0,12.90,12.90,true,1,
7290004194567,false,ירכיים עוף מחפוד במשקל,עוף ירושלים,,ירכיים ע.טרי מחפ,גרמים,0.00,"ק""ג",true,0,31.90,31.90,true,1,
7290004194574,false,שוקיים עוף מחפוד קג,עוף ירושלים,IL,שוקיים ע.טרי מחפ,גרמים,0.00,"ק""ג",true,0,32.90,32.90,true,1,
7290004194581,false,פרגיות עוף מחפוד במשקל,עוף ירושלים,IL,פרגיות ע.טרי מחפ,קילוגרמים,0.00,"ק""ג",true,0,69.90,69.90,true,1,
7290004194635,false,שניצל עוף טרי מחפוד קג,עוף ירושלים,IL,שניצל ע.טרי מחפו,גרמים,0.00,"ק""ג",true,0,34.90,34.90,true,1,
7290004194703,false,כבד עוף טרי מחפוד 250 גר,,IL,כבד עוף מחפוד,גרמים,250.00,100 גרם,false,1,26.90,10.76,true,1,
7290004267049,false,עוגיות מיני -ריבועיות 18,ברמן שוקולד ועוגיות,IL,עוגיות מיני 180ג,גרמים,180.00,100 גרם,false,0,4.90,2.72,true,1,
7290004267070,false,עוג.מלוחות שומשום 180גרם,ברמן שוקולד ועוגיות,IL,עוג.מלוחות180ג,גרמים,180.00,100 גרם,false,0,4.90,2.72,true,1,
7290004267087,false,עוגיות מצופות שוקולד200ג,ברמן שוקולד ועוגיות,IL,עוג.מצופות200גר,גרמים,200.00,100 גרם,false,0,4.90,2.45,true,1,
7290004267124,false,עוגיות ממולא תות 200 גרם,ברמן שוקולד ועוגיות,IL,עוגיות ממולאות,גרמים,200.00,100 גרם,false,0,4.90,2.45,true,1,
7290004267209,false,עוגיות לקפה 200 גרם,ברמן שוקולד ועוגיות,IL,עוגיות לקפה 200ג,גרמים,200.00,100 גרם,false,0,4.90,2.45,true,1,
7290004267216,false,עוגיות בטעם ריבה 200 גרם,ברמן שוקולד ועוגיות,IL,עוג.בטעם ריבה,גרמים,200.00,100 גרם,false,0,4.90,2.45,true,1,
7290004267223,false,עוגיות בטעם חמאה 200 גרם,ברמן שוקולד ועוגיות,IL,עוג. חמאה 200 גר,גרמים,200.00,100 גרם,false,0,4.90,2.45,true,1,
7290004267230,false,פריכיות אורז מצופות 80גר,ברמן שוקולד ועוגיות,IL,פריכיות מצופות,גרמים,80.00,100 גרם,false,0,5.90,7.38,true,1,
7290004267261,false,עוגיות טופז 600 גרם,ברמן שוקולד ועוגיות,,עוגיות טופז,גרמים,600.00,100 גרם,false,0,13.90,2.32,true,1,
7290004267506,false,עוגיות מחמאות,,IL,עוגיות מחמאות,גרמים,600.00,100 גרם,false,0,13.90,2.32,true,1,
7290004267544,false,עוגיות ממולאות,,IL,עוגיות ממולאות,גרמים,600.00,100 גרם,false,0,13.90,2.32,true,1,
7290004267551,false,עוגיות ביס שוק,,IL,עוגיות ביס שוק,גרמים,600.00,100 גרם,false,0,13.90,2.32,true,1,
7290004267636,false,עוגיות לקפה 600 גרם,ברמן שוקולד ועוגיות,,עוגיות לקפה,גרמים,600.00,100 גרם,false,0,13.90,2.32,true,1,
7290004267650,false,עוגיות בטעם ריבה 600 גרם,ברמן שוקולד ועוגיות,IL,עוגיות ריבה,גרמים,600.00,100 גרם,false,0,13.90,2.32,true,1,
7290004267667,false,עוגיות שוקוצ'יפס 600 גרם,ברמן שוקולד ועוגיות,IL,עוגיות שוקוצ'יפס,גרמים,600.00,100 גרם,false,0,13.90,2.32,true,1,
7290004267759,false,עוגיות במילוי שוקולד 180,ברמן שוקולד ועוגיות,IL,עוגיות ברמן,גרמים,180.00,100 גרם,false,1,4.90,2.72,true,1,
7290004329013,false,"גולש הודו קפוא מעובד ע""ח","בלדי בע""\מ",IL,גולש הודו קפוא,קילוגרמים,0.00,"ק""ג",true,1,59.90,59.90,true,1,
7290004329075,false,מבצע עופות טריים 9.9 לפ,,IL,מבצע טרי 9.9,גרמים,0.00,"ק""ג",true,1,9.90,9.90,true,1,
7290004329112,false,מבצע עופות טריים 19.9 לפ,,IL,מבצע טרי 19.9,גרמים,0.00,"ק""ג",true,1,19.90,19.90,true,1,
7290004329143,false,"מבצע עופות בלדי 29.9 ש""ח",,IL,מבצע בלדי עוף טר,גרמים,0.00,"ק""ג",true,1,29.90,29.90,true,1,
7290004329280,false,"שוקיים הודו קפוא עד""ח לפ",,IL,שוקיים הודו קפוא,גרמים,0.00,"ק""ג",true,1,32.90,32.90,true,1,
7290004329457,false,רולדה כתף בקר מעובד,,IL,רולדה כתף בקר,קילוגרמים,0.00,"ק""ג",true,1,88.80,88.80,true,1,
7290004329976,false,קישקע ממולא 500 גרם,"בלדי בע""\מ",IL,קישקע איכות למהד,גרמים,500.00,100 גרם,false,1,12.90,2.58,true,1,
7290004456108,false,סלמון נורווגי M,,,סלמון נורווגי M,קילוגרמים,0.00,"ק""ג",true,0,81.90,81.90,true,1,
7290004456702,false,המבורגר איכות למהדרין,בלדי,IL,המבורגר,גרמים,400.00,100 גרם,false,1,22.90,5.73,true,1,
7290004492274,false,בייגלה טבעות מלוחות 400ג,יוניליוור,IL,בייגלה טבעות,גרמים,400.00,100 גרם,false,0,7.90,1.98,true,1,
7290004492762,false,נישנושים תירס 325 גרם,בייגל את בייגל מזון 198),IL,נישנושים תירס,גרמים,325.00,100 גרם,false,0,7.90,2.43,true,1,
7290004575007,false,טילונים 4+1חינם,ריאו,IL,מארז טילונים,גרמים,350.00,100 גרם,false,0,14.50,4.14,true,1,
7290004575069,false,מיניס חטיפי גל.טופו 700ג,ריאו,IL,חטיפי גלידה טופו,גרמים,600.00,100 גרם,false,0,29.90,4.98,true,1,
7290004575120,false,שלגון פרי 90 גרם,ריאו,IL,שלגון פרי,גרמים,90.00,100 גרם,false,1,2.90,3.22,true,1,
7290004575335,false,שלגוני מיני מגי'ק 8 יח',ריאו,IL,שלגוני מיני,גרמים,360.00,100 גרם,false,0,12.90,3.58,true,1,
7290004575373,false,מאגדת ש.מצופים,ריאו,IL,שלגונים מצופים,גרמים,480.00,100 גרם,false,0,13.90,2.90,true,1,
7290004575403,false,גל.פרווה בטעמים 1.8 ליטר,ריאו,IL,גלידה בטעמים,ליטרים,1.80,ליטר,false,0,14.90,8.28,true,1,
7290004575540,false,קרחונים במבחר טעמים יח,ריאו,IL,קרחונים במבחר,יחידה,1.00,יחידה,false,0,1.00,1.00,true,1,
7290004575564,false,שלגון גליגל פרוה 75 גרם,ריאו,IL,שלגון גליגל,גרמים,75.00,100 גרם,false,1,1.90,2.53,true,1,
7290004575571,false,טילון וניל 75 גרם,ריאו,IL,טילון וניל 75 גר,יחידה,1.00,יחידה,false,0,4.90,4.90,true,1,
7290004575588,false,טילון ריבת חלב 75 גרם,ריאו,IL,טילון ריבת חלב 7,יחידה,1.00,יחידה,false,0,4.90,4.90,true,1,
7290004575632,false,קרמבו בטעם וניל 16 * 25,ריאו,IL,קרמבו 16 יח',גרמים,400.00,100 גרם,false,0,21.90,5.48,true,1,
7290004575649,false,כוס גלידה סופר קאפ פרווה,,IL,כוס גלידה סופר ק,יחידה,1.00,יחידה,false,1,2.50,2.50,true,1,
7290004603175,false,מלח ים גס 500 גרם,"חברת מלח הארץ אילת בע""\מ",IL,מלח ים גס,גרמים,500.00,100 גרם,false,0,4.90,0.98,true,1,
7290004645106,false,סלמון פילה מנות לפי משקל,---,IL,סלמון פילה מנות,קילוגרמים,0.00,"ק""ג",true,1,89.90,89.90,true,1,
7290004645137,false,פילה טונה אלבקור קפוא,,IL,פילה טונה אלבקור,קילוגרמים,0.00,"ק""ג",true,0,49.90,49.90,true,1,
7290004645175,false,דג טונה פרוס,,IL,דג טונה פרוס,גרמים,0.00,"ק""ג",true,0,39.90,39.90,true,1,
7290004645267,false,נילוס פרוס L,,IL,נילוס פרוס L,קילוגרמים,0.00,"ק""ג",true,0,49.90,49.90,true,1,
7290004645434,false,פילה סלמון מנות ללא עור,רוזנרס,IL,פילה סלמון קפוא,קילוגרמים,0.00,"ק""ג",true,1,94.90,94.90,true,1,
7290004645885,false,פילה אמנון קפוא פס עור,,CN,פילה אמנון,קילוגרמים,0.00,"ק""ג",true,1,39.90,39.90,true,1,
7290004658809,false,יין קדמון,,IL,יין קדמון,מיליליטרים,750.00,"100 מ""ל",false,0,34.90,4.65,true,1,
7290004658847,false,"תירוש כרמל אדום 187 מ""ל",יקבי כרמל,IL,תירוש כרמל אדום,מיליליטרים,187.00,"100 מ""ל",false,1,6.90,3.69,true,1,
7290004658953,false,"סוביניון בלאן P.C 750מ""ל",יקבי כרמל,IL,סוביניון בלאן,מיליליטרים,750.00,"100 מ""ל",false,0,37.50,5.00,true,1,
7290004658960,false,"אמרלד ריזלינג P.C 750מ""ל",אגודת הכורמים הקואופרטיב,IL,אמרלד ריזלינג,מיליליטרים,750.00,"100 מ""ל",false,0,37.50,5.00,true,1,
7290004731076,false,אל סבון כיף אלוורה 1ליטר,קוסמופארם בע'\'\מ,IL,אל סבון כיף,ליטרים,1.00,ליטר,false,0,9.90,9.90,true,1,
7290004731083,false,אל סבון כיף ג'ינסנג1ליטר,קוסמופארם בע'\'\מ,IL,אל סבון כיף,ליטרים,1.00,ליטר,false,0,9.90,9.90,true,1,
7290004731090,false,אל סבון כיף קמומיל 1ליטר,קוסמופארם בע'\'\מ,IL,אל סבון כיף,ליטרים,1.00,ליטר,false,0,9.90,9.90,true,1,
7290004731472,false,אלסבון כיף צבעוני 500*3מ,קוסמופארם בע'\'\מ,IL,אלסבון כיף 3 יח,ליטרים,1.50,ליטר,false,0,14.90,9.93,true,1,
7290004731519,false,מקסימה למייבש סנסטיב750מ,---,IL,מקסימה למייבש,מיליליטרים,750.00,"100 מ""ל",false,0,14.90,1.99,true,1,
7290004731670,false,דואו פרש פצ'ולי לבנדר300,"סנו מפעלי ברונוס בע""\מ",IL,סנו דואו פרש,מיליליטרים,300.00,"100 מ""ל",false,0,9.90,3.30,true,1,
7290004731687,false,דואו פרש וניל למון 300מל,סנו מפעלי ברונוס בעמ,IL,סנו דואו פרש,מיליליטרים,300.00,"100 מ""ל",false,0,9.90,3.30,true,1,
7290004768089,false,רגל בקר לפי משקל,,IL,רגל בקר,גרמים,0.00,"ק""ג",true,1,59.90,59.90,true,1,
7290004872021,false,קרחון רמזור,גלידות נסטלה )נגה גלידות,IL,קרחון רמזור,יחידה,1.00,יחידה,false,0,1.90,1.90,true,1,
7290004872229,false,שלגון שוקו מצופה,גלידות נסטלה,IL,שלגון שוקו מצו,יחידה,1.00,יחידה,false,0,3.90,3.90,true,1,
7290004872243,false,שלגון בננה מצופה,גלידות נסטלה,IL,שלגון בננה מצו,יחידה,1.00,יחידה,false,0,3.90,3.90,true,1,
7290004872731,false,אקסטרים וניל,גלידות נסטלה,IL,אקסטרים וניל,יחידה,1.00,יחידה,false,0,4.90,4.90,true,1,
7290004914479,false,מבשם אויר,,,מבשם אויר,יחידה,1.00,יחידה,false,0,9.90,9.90,true,1,
7290004929350,false,תה קלאסי מעולה,,IL,תה קלאסי מעולה,יחידה,1.00,יחידה,false,0,8.90,8.90,true,1,
7290004932305,false,מארז ממחטות אף,,IL,מארז ממחטות אף,יחידה,1.00,יחידה,false,0,8.90,8.90,true,1,
7290004932381,false,נייר חתוך לשבת 110*10 יח,,IL,נייר חתוך לשבת,יחידה,1.00,יחידה,false,1,14.90,14.90,true,1,
7290004939267,false,פילה הודו וינאי מעושן,"ש.ב מטעם בע""מ",IL,הודו וינאי מעושן,יחידה,1.00,יחידה,false,1,33.90,33.90,true,1,
7290004939274,false,נבל פסטרמי,"ש.ב מטעם בע""מ",IL,נבל פסטרמי,קילוגרמים,0.00,"ק""ג",true,1,143.90,143.90,true,1,
7290004939281,false,נבל  שיקאגו,"ש.ב מטעם בע""מ",IL,נבל שיקאגו,קילוגרמים,0.00,"ק""ג",true,1,143.90,143.90,true,1,
7290004939304,false,פילה הודו וינאי גחלים יח,,IL,הודו וינאי גחלים,יחידה,1.00,יחידה,false,1,33.90,33.90,true,1,
7290004942083,false,גרעיני חומוס,,IL,גרעיני חומוס,גרמים,500.00,100 גרם,false,0,9.90,1.98,true,1,
7290004942199,false,אורז לבן פרסי,,IL,אורז לבן פרסי,גרמים,500.00,100 גרם,false,0,7.90,1.58,true,1,
7290004942281,false,שעועית שחורה 500 גרם,"ע.רן שיווק כיטוב בע""מ",IL,שעועית שחורה,גרמים,500.00,100 גרם,false,1,10.90,2.18,true,1,
7290004944032,false,חומוס  אסלי 400 גרם,סלטי שמיר,IL,חומוס אסלי,גרמים,400.00,100 גרם,false,0,10.90,2.73,true,1,
7290004944049,false,טחינה אסלי 400 גרם,סלטי שמיר,IL,טחינה אסלי,גרמים,400.00,100 גרם,false,0,10.90,2.73,true,1,
7290004944056,false,חציל במיונז אסלי 400 גרם,סלטי שמיר,IL,חציל במיונז,גרמים,400.00,100 גרם,false,0,10.90,2.73,true,1,
7290004944063,false,תורכי אסלי 400 גרם,סלטי שמיר,IL,תורכי אסלי,גרמים,400.00,100 גרם,false,0,10.90,2.73,true,1,
7290004966836,false,מטריה לילדים,,IL,מטריה לילדים,יחידה,1.00,יחידה,false,0,9.90,9.90,true,1,
7290004969516,false,אסאדו קשתית עם עצם לפי מ,,IL,"אסאדו קשתית ע""ע",גרמים,0.00,"ק""ג",true,1,69.90,69.90,true,1,
7290004979928,false,מזרה חום 80 גר',,IL,מזרה חום 80 גר',יחידה,1.00,יחידה,false,1,3.50,3.50,true,1,
7290004979935,false,מזרה צבעוני עגול 80 גר',,IL,מזרה צבעוני עגול,יחידה,1.00,יחידה,false,1,3.50,3.50,true,1,
7290005084355,false,משח.סנסודיין דואל קייר75,MICLEN DE,GB,משחת שיניים,מיליליטרים,75.00,"100 מ""ל",false,0,13.90,18.53,true,1,
7290005168284,false,"יין גן עדן עתיק 750 מ""ל",יקבי ציון,IL,יין גו עדן עתי,מיליליטרים,750.00,"100 מ""ל",false,0,19.90,2.65,true,1,
7290005168420,false,בית סבא אדום 1 ליטר,יקב ציון,IL,בית סבא אדום,ליטרים,1.00,ליטר,false,0,16.90,16.90,true,1,
7290005168475,false,תירוש אדום מובחר 100% 1ל,יקב ציון,IL,תירוש אדום מובחר,ליטרים,1.00,ליטר,false,0,14.90,14.90,true,1,
7290005168666,false,ברנדי דיפלומט,,IL,ברנדי דיפלומט,מיליליטרים,700.00,"100 מ""ל",false,0,79.90,11.41,true,1,
7290005174513,false,חציל במיונז אחלה 500 גרם,"שטראוס גרופ בע""\מ",IL,סלט חציל מיונז,גרמים,500.00,100 גרם,false,0,11.90,2.38,true,1,
7290005174551,false,חומוס יום יום 125 גרם,"שטראוס גרופ בע""\מ",IL,חומוס יום יום,גרמים,125.00,100 גרם,false,0,3.90,3.12,true,1,
7290005174568,false,חציל במיונז 125 גרם,"שטראוס גרופ בע""\מ",IL,חציל במיונז אחלה,גרמים,125.00,100 גרם,false,0,3.90,3.12,true,1,
7290005174575,false,טחינה יום יום 125 גרם,"שטראוס גרופ בע""\מ",IL,טחינה יום יום,גרמים,125.00,100 גרם,false,0,3.90,3.12,true,1,
7290005199578,false,קפה פלטינום נ.קפאין200ג,עלית,IL,קפה פלטינום נטול,גרמים,200.00,100 גרם,false,0,29.90,14.95,true,1,
7290005200786,false,תפוצ'יפס ט.שמנת ובצל50גר,"שטראוס פריטו ליי בע""\מ )",IL,תפוצ'יפס שמנת,גרמים,50.00,100 גרם,false,0,2.90,5.80,true,1,
7290005201455,false,קפה נמס ארומה 200 גרם,עלית,PL,קפה נמס ארומה,גרמים,200.00,100 גרם,false,0,21.90,10.95,true,1,
7290005201882,false,קפה טורקי בצלופן 200 גרם,שטראוס קפה בי.ויn\.,IL,קפה טורקי בצלופן,גרמים,200.00,100 גרם,false,0,13.90,6.95,true,1,
7290005230042,false,צלחת קטנה,,IL,צלחת קטנה,יחידה,1.00,יחידה,false,0,8.90,8.90,true,1,
7290005230059,false,קעריות מרק,,IL,קעריות מרק,יחידה,1.00,יחידה,false,0,7.90,7.90,true,1,
7290005230066,false,"לפתניות ח""פ",,IL,"לפתניות ח""פ",יחידה,1.00,יחידה,false,0,3.90,3.90,true,1,
7290005230455,false,צלחת מרכזית,,IL,צלחת מרכזית,יחידה,1.00,יחידה,false,0,12.90,12.90,true,1,
7290005230738,false,צלחות גדולות 125 יח',,IL,צלחות גדולות 125,יחידה,1.00,יחידה,false,0,62.90,62.90,true,1,
7290005230752,false,125 צלחות קלאסי,,,125 צלחות קלאסי,יחידה,1.00,יחידה,false,0,39.90,39.90,true,1,
7290005230769,false,צלחת גדולה בייסי,,,צלחת גדולה בייסי,יחידה,1.00,יחידה,false,0,11.90,11.90,true,1,
7290005230776,false,צלחות מרק 125,,,צלחות מרק 125,יחידה,1.00,יחידה,false,0,41.90,41.90,true,1,
7290005230806,false,כוסות איכותיות פאלאס,,IL,כוסות איכותיות,יחידה,1.00,יחידה,false,0,7.90,7.90,true,1,
7290005230813,false,קעריות אובליות,,IL,קעריות אובליות,יחידה,1.00,יחידה,false,0,6.90,6.90,true,1,
7290005271199,false,תבנית 30 ביצים M,,IL,תבנית 30 ביצים M,יחידה,1.00,יחידה,false,0,25.90,25.90,true,1,
7290005271465,false,ביצים M אורגניות 12 יח,,IL,12ביצים אורגניות,יחידה,1.00,יחידה,false,0,20.90,20.90,true,1,
7290005271687,false,ביצים אומגהL 3,,IL,ביצים אומגהL 3,יחידה,1.00,יחידה,false,0,19.90,19.90,true,1,
7290005278013,false,מיץ תפוזים סחוט טרי 500,,IL,מיץ תפוזים סחוט,מיליליטרים,500.00,"100 מ""ל",false,1,8.90,1.78,true,1,
7290005278020,false,"לימונדה סחוט טרי 500 מ""ל",,IL,לימונדה סחוט טרי,מיליליטרים,500.00,"100 מ""ל",false,1,8.90,1.78,true,1,
7290005278037,false,"נקטר תות סחוט טרי 500 מ""",,IL,נקטר תות סחוט טר,מיליליטרים,500.00,"100 מ""ל",false,1,8.90,1.78,true,1,
7290005278044,false,נקטר תות בננה סחוט טרי 5,,IL,נקטר תות בננה סח,מיליליטרים,500.00,"100 מ""ל",false,1,8.90,1.78,true,1,
7290005278068,false,מיץ בננה תפוז סחוט טרי 5,,IL,מיץ בננה תפוז סח,מיליליטרים,500.00,"100 מ""ל",false,1,8.90,1.78,true,1,
7290005278075,false,מיץ פירות יער סחוט טרי 5,,IL,מיץ פירות יער סח,מיליליטרים,500.00,"100 מ""ל",false,1,8.90,1.78,true,1,
7290005278099,false,"מיץ מנגו סחוט טרי 500 מ""",,IL,מיץ מנגו סחוט טר,מיליליטרים,500.00,"100 מ""ל",false,1,8.90,1.78,true,1,
7290005278105,false,מיץ אפרסק סחוט טרי 500 מ,,IL,מיץ אפרסק סחוט ט,מיליליטרים,500.00,"100 מ""ל",false,1,8.90,1.78,true,1,
7290005278143,false,נקטר תות בננה סחוט טרי 5,,IL,נקטר תות בננה סח,מיליליטרים,500.00,"100 מ""ל",false,1,8.90,1.78,true,1,
7290005278174,false,"לימונענע סחוט טרי 500 מ""",,IL,לימונענע סחוט טר,מיליליטרים,500.00,"100 מ""ל",false,1,8.90,1.78,true,1,
7290005278464,false,פסיפלורה בננה תפוז סחוט,,IL,פסיפלורה בננה תפ,מיליליטרים,500.00,"100 מ""ל",false,1,8.90,1.78,true,1,
7290005287015,false,טונה סטארקיסט בשמן 160גר,סטארקיסט,IL,טונה סטארקיסט,גרמים,160.00,100 גרם,false,0,4.90,3.06,true,1,
7290005287022,false,טונה סטארקיסט במים160גרם,סטארקיסט,IL,טונה סטארקיסט,גרמים,160.00,100 גרם,false,0,4.90,3.06,true,1,
7290005287602,false,טונה סטארק.בשמן קנולה160,סטארקיסט,IL,טונה סטארקיסט,גרמים,160.00,100 גרם,false,0,5.90,3.69,true,1,
7290005296260,false,"אסטוניש רסס ונגב 750 מ""ל",אסטוניש,GB,אסטוניש רסס נגב,מיליליטרים,750.00,"100 מ""ל",false,0,9.90,1.32,true,1,
7290005317194,false,"ביסקויט ""הדר""",,IL,"ביסקויט ""הדר""",גרמים,110.00,100 גרם,false,0,2.90,2.64,true,1,
7290005317200,false,קרקר טופז,,IL,קרקר טופז,גרמים,110.00,100 גרם,false,0,2.90,2.64,true,1,
7290005416019,false,חלב עיזים טל,,IL,חלב עיזים טל,ליטרים,1.00,ליטר,false,0,12.90,12.90,true,1,
7290005416033,false,יוגורט עיזים טבע,,IL,יוגורט עיזים טבע,מיליליטרים,500.00,"100 מ""ל",false,0,13.90,2.78,true,1,
7290005416095,false,גבינת עזים 5% טל,,IL,גבינת עזים 5% טל,גרמים,200.00,100 גרם,false,0,12.90,6.45,true,1,
7290005416187,false,שמנת עזים טל,,IL,שמנת עזים טל,יחידה,1.00,יחידה,false,0,13.90,13.90,true,1,
7290005416262,false,יוגורט עיזים תות,,IL,יוגורט עיזים תות,מיליליטרים,500.00,"100 מ""ל",false,0,13.90,2.78,true,1,
7290005416279,false,יוגורט עיזים,,IL,יוגורט עיזים,מיליליטרים,500.00,"100 מ""ל",false,0,13.90,2.78,true,1,
7290005416286,false,יוגורט עיזים,,IL,יוגורט עיזים,מיליליטרים,500.00,"100 מ""ל",false,0,13.90,2.78,true,1,
7290005416293,false,יוגורט עיזים,,IL,יוגורט עיזים,מיליליטרים,500.00,"100 מ""ל",false,0,13.90,2.78,true,1,
7290005416415,false,יוגורט עזים טבעי,,IL,יוגורט עזים טבעי,גרמים,200.00,100 גרם,false,0,5.90,2.95,true,1,
7290005416491,false,יוגורט מחלב עיזי,,IL,יוגורט מחלב עיזי,מיליליטרים,750.00,"100 מ""ל",false,0,14.90,1.99,true,1,
7290005423055,false,סנו פורטה פלוס לימון 1ל,"סנו מפעלי ברונוס בע""\מ",IL,סנו פורטה לימון,ליטרים,1.00,ליטר,false,1,16.90,16.90,true,1,
7290005423505,false,"מי פה אורביטול 500 מ""ל",קוסמופארם,IL,מי פה אורביטול,מיליליטרים,500.00,"100 מ""ל",false,0,19.90,3.98,true,1,
7290005423635,false,ריצפז פלוס דוחה תיקנים2ל,סנו מפעלי ברונוס בעמ,IL,ריצפז דוחה חרקים,ליטרים,2.00,ליטר,false,0,19.90,9.95,true,1,
7290005423871,false,משחת אורביטול145*3ג,טרופיקל דגיל תעשיות קוסמ,IL,משחת שיניים,גרמים,435.00,100 גרם,false,0,16.50,3.79,true,1,
7290005423888,false,אלסבון כיף סגול 500*3מל,קוסמופארם בע'\'\מ,IL,אל סבון כיף 3 יח,ליטרים,1.50,ליטר,false,0,14.90,9.93,true,1,
7290005424403,false,אל סבון כיף אצות ים1ליטר,קוסמופארם בע'\'\מ,IL,אל סבון כיף,ליטרים,1.00,ליטר,false,0,9.90,9.90,true,1,
7290005424700,false,סנו פורטה פלוס 1 ליטר,"סנו מפעלי ברונוס בע""\מ",IL,סנו פורטה פלוס,ליטרים,1.00,ליטר,false,1,16.90,16.90,true,1,
7290005424762,false,ריצפז+דוחה תיקנים+ווקס2ל,"סנו מפעלי ברונוס בע""\מ",IL,ריצפז פלוס+ווקס,ליטרים,2.00,ליטר,false,0,22.90,11.45,true,1,
7290005425073,false,דואו פרש יסמין סנדלווד,"סנו מפעלי ברונוס בע""\מ",IL,סנו דואו פרש,מיליליטרים,300.00,"100 מ""ל",false,0,9.90,3.30,true,1,
7290005425196,false,אבקת מקסימה סנסיטיב2.5קג,סנו מפעלי ברונוס בעמ,IL,אבקת כביסה,קילוגרמים,2.50,"ק""ג",false,0,23.90,9.56,true,1,
7290005425585,false,סנו רהיט 20 מטליות ניקוי,"סנו מפעלי ברונוס בע""\מ",IL,סנו רהיט מטליות,יחידה,1.00,יחידה,false,0,12.90,12.90,true,1,
7290005425646,false,סנוקליר ניקוי חלונות 1ל',"סנו מפעלי ברונוס בע""\מ",IL,סנוקליר 1 ליטר,ליטרים,1.00,ליטר,false,0,8.90,8.90,true,1,
7290005425912,false,ג'ל אוקסיג'ן 4 ליטר,סנו,IL,ג'ל אוקסיג'ן 4ל',ליטרים,4.00,ליטר,false,0,24.90,6.23,true,1,
7290005426018,false,אל סבון בייבי כיף 2 ליטר,קוסמופארם בע'\'\מ,IL,אל סבון ביבי כיף,ליטרים,2.00,ליטר,false,0,22.90,11.45,true,1,
7290005426865,false,משחה אורביטול מסטיק 70 ג,טרופיקל דגיל תעשיות קוסמ,IL,משחת שיניים,גרמים,70.00,100 גרם,false,0,6.90,9.86,true,1,
7290005426971,false,סנובון כחול תפוח 55*3 גר,סנו מפעלי ברונו בעמ,IL,סנובון שלישיה,גרמים,165.00,100 גרם,false,0,14.90,9.03,true,1,
7290005427626,false,ג'ל כיף אקסטרים כתום 1קג,קוסמופארם,IL,ג'ל כיף לשיער,קילוגרמים,1.00,"ק""ג",false,0,14.90,14.90,true,1,
7290005427633,false,ג'ל כיף אקסטרים כחול 1קג,קוסמופארם,IL,ג'ל כיף לשיער,קילוגרמים,1.00,"ק""ג",false,0,14.90,14.90,true,1,
7290005427749,false,אלסבון כיף אצות ים 2ליטר,קוסמופארם בע'\'\מ,IL,אלסבון כיף,ליטרים,2.00,ליטר,false,0,17.90,8.95,true,1,
7290005427763,false,אלסבון כיף ג'ינסינג 2 ל',---,IL,אלסבון כיף,ליטרים,2.00,ליטר,false,0,17.90,8.95,true,1,
7290005429279,false,מקסימה קומפקט ג'אוול 6קג,סנו מפעלי ברונוס בעמ,IL,אבקת כביסה,קילוגרמים,6.00,"ק""ג",false,0,39.90,6.65,true,1,
7290005429286,false,אבקת מקסימה קומפקט ביו6ק,סנו,IL,אבקת כביסה,קילוגרמים,6.00,"ק""ג",false,0,39.90,6.65,true,1,
7290005430602,false,אוקסיג'ן מ.כתמים,,IL,אוקסיג'ן מ.כתמים,מיליליטרים,750.00,"100 מ""ל",false,0,13.90,1.85,true,1,
7290005430671,false,סנו פוליויקס קרמיקה 2 ל',סנו מפעלי ברונו בעמ,IL,פוליויקס קרמיקה,ליטרים,2.00,ליטר,false,0,19.90,9.95,true,1,
7290005431159,false,תותים בקצפת לייט 80 גרם,עדן קינוחים,IL,תותים בקצפת לייט,גרמים,80.00,100 גרם,false,1,5.90,7.38,true,1,
7290005431913,false,עוגת גבינה פירורים 92 גר,עדן קינוחים,IL,עוגת גבינה,גרמים,92.00,100 גרם,false,1,5.90,6.41,true,1,
7290005431920,false,עוגת גב.פירורים לייט78גר,עדן קינוחים,IL,עוגת גבינה,גרמים,78.00,100 גרם,false,1,5.90,7.56,true,1,
7290005437069,false,שמן זית למאור 1 ליטר,,IL,שמן זית למאור,ליטרים,1.00,ליטר,false,0,19.90,19.90,true,1,
7290005437168,false,שמן זית,,ES,שמן זית,ליטרים,1.00,ליטר,false,0,32.90,32.90,true,1,
7290005437212,false,שמן זית כתית,,ES,שמן זית כתית,מיליליטרים,750.00,"100 מ""ל",false,0,27.90,3.72,true,1,
7290005437502,false,פטריות חתוכות,,NL,פטריות חתוכות,גרמים,400.00,100 גרם,false,0,4.90,1.23,true,1,
7290005437540,false,פטריות חתוכות,,NL,פטריות חתוכות,גרמים,290.00,100 גרם,false,0,4.90,1.69,true,1,
7290005437632,false,שמן קנולה,,BE,שמן קנולה,ליטרים,1.00,ליטר,false,0,9.90,9.90,true,1,
7290005437755,false,פסטה צינורות,,TR,פסטה צינורות,גרמים,500.00,100 גרם,false,0,3.90,0.78,true,1,
7290005437762,false,פסטה ספירלה,,IL,פסטה ספירלה,גרמים,500.00,100 גרם,false,0,3.90,0.78,true,1,
7290005437816,false,לפתן אננס חתוך,,ID,לפתן אננס חתוך,גרמים,567.00,100 גרם,false,0,7.90,1.39,true,1,
7290005437861,false,קוקטייל פירות,,ID,קוקטייל פירות,גרמים,825.00,100 גרם,false,0,11.90,1.44,true,1,
7290005437939,false,ספגטי מס' 3,,TR,ספגטי מס' 3,גרמים,500.00,100 גרם,false,0,3.90,0.78,true,1,
7290005437946,false,ספגטי טעמן,,TR,ספגטי טעמן,גרמים,500.00,100 גרם,false,0,3.90,0.78,true,1,
7290005477669,false,דרמפון סבון נוז+.לחות1ל',קוסמופארם בע'\'\מ,IL,דרמפון סבון לחות,ליטרים,1.00,ליטר,false,0,17.90,17.90,true,1,
7290005489082,false,תרכיז תפוחים 1.2 ליטר,"פרי קטיף מזון בע""מ",IL,תרכיז תפוחים,ליטרים,1.20,ליטר,false,0,31.90,26.58,true,1,
7290005489099,false,תרכיז תפוזים 1.2 ליטר,"פרי קטיף מזון בע""מ",IL,תרכיז תפוזים,ליטרים,1.20,ליטר,false,0,31.90,26.58,true,1,
7290005489129,false,תרכיז אננס 1.2 ליטר,"פרי קטיף מזון בע""מ",IL,תרכיז אננס פרי ק,ליטרים,1.20,ליטר,false,0,31.90,26.58,true,1,
7290005509308,false,אגו שוקולד לבן כרמית,,IL,אגו שוקולד לבן,גרמים,85.00,100 גרם,false,1,5.90,6.94,true,1,
7290005509445,false,מיני קוקיס חמאה צנצנ600ג,כרמית,IL,מיני קוקיס,גרמים,600.00,100 גרם,false,0,14.90,2.48,true,1,
7290005576027,false,פטרוזיליה גלאט עלים - יח,קטיף.,IL,פטרוזיליה גלאט ע,יחידה,1.00,יחידה,false,0,5.90,5.90,true,1,
7290005576096,false,כרוב לבן גלאט,קטיף.,IL,כרוב לבן גלאט,קילוגרמים,0.00,"ק""ג",true,0,15.90,15.90,true,1,
7290005576195,false,חסה לבבות 250 גרם,רביבים עלי דשא,IL,חסה לבבות,גרמים,250.00,100 גרם,false,1,12.90,5.16,true,1,
7290005576201,false,כרוב לבן מצונן 400גרם,קטיף,IL,כרוב לבן 400 גרם,גרמים,400.00,100 גרם,false,0,12.90,3.23,true,1,
7290005576218,false,כרוב אדום מצונן  400גרם,קטיף,IL,כרוב אדום 400 גר,גרמים,400.00,100 גרם,false,0,9.90,2.48,true,1,
7290005576225,false,סלט קולסלאו מצונן 400גרם,קטיף,IL,קולסלאו 400 גרם,גרמים,400.00,100 גרם,false,0,11.90,2.98,true,1,
7290005576348,false,גזר דק דק 250 גר',,IL,גזר דקיק 250 גרם,גרמים,250.00,100 גרם,false,1,7.90,3.16,true,1,
7290005576416,false,נבטים אלפלפא כשר יח',קטיף.,IL,נבטים אלפלפא,יחידה,1.00,יחידה,false,0,5.90,5.90,true,1,
7290005576423,false,נבטים סיניים כשר יח',קטיף.,IL,נבטים סיניים,יחידה,1.00,יחידה,false,0,5.90,5.90,true,1,
7290005576546,false,בזיליקום טרי גלאט עלים,,IL,בזיליקום טרי גלא,יחידה,1.00,יחידה,false,1,8.90,8.90,true,1,
7290005576614,false,סלק מקולף ומבושל 500 גרם,.,IL,סלק מקולף ומבושל,גרמים,500.00,100 גרם,false,1,7.90,1.58,true,1,
7290005576904,false,חסה גלאט עלים - יחידה,,IL,חסה טריה ארוזה ג,יחידה,1.00,יחידה,false,1,8.90,8.90,true,1,
7290005576928,false,פטרוזיליה גלאט עלים - יח,,IL,פטרוזיליה גלאט ע,יחידה,1.00,יחידה,false,1,7.90,7.90,true,1,
7290005576935,false,כוסברה גלאט עלים - יחידה,,IL,כוסברה גלאט עלים,יחידה,1.00,יחידה,false,1,6.90,6.90,true,1,
7290005576942,false,שמיר גלאט עלים - יחידה,,IL,שמיר גלאט עלים,יחידה,1.00,יחידה,false,1,6.90,6.90,true,1,
7290005576973,false,סלק עלים גלאט עלים - יח',,IL,סלק עלים גלאט על,יחידה,1.00,יחידה,false,1,7.90,7.90,true,1,
7290005589096,false,שערות סבתא,,,שערות סבתא,יחידה,1.00,יחידה,false,0,10.90,10.90,true,1,
7290005610011,false,תפוח אדמה אדום מובחר,קטיף.,IL,"תפו""א אדום מובחר",קילוגרמים,0.00,"ק""ג",true,0,7.90,7.90,true,1,
7290005610127,false,תפוח אדמה גורמה לבן,חבל מעון,IL,"תפו""א גורמה לבן",קילוגרמים,0.00,"ק""ג",true,1,7.90,7.90,true,1,
7290005617041,false,פלינקה סקוטש,,IL,פלינקה סקוטש,יחידה,1.00,יחידה,false,0,6.90,6.90,true,1,
7290005617102,false,"רצועת מסג' ""נופר""",,IL,רצועות מסג' נופר,יחידה,1.00,יחידה,false,0,8.90,8.90,true,1,
7290005617331,false,מטאטא ארג'נטה נופר,,IL,מטאטא ארג'נטה,יחידה,1.00,יחידה,false,0,11.90,11.90,true,1,
7290005617355,false,מברשת נעליים,,IL,מברשת נעליים,יחידה,1.00,יחידה,false,0,4.90,4.90,true,1,
7290005617379,false,יעה גומי,,IT,יעה גומי,יחידה,1.00,יחידה,false,0,3.90,3.90,true,1,
7290005617393,false,רפידות לנעל ספורט/פחם/אל,,IL,רפידות לנעל נופר,יחידה,1.00,יחידה,false,0,7.90,7.90,true,1,
7290005617423,false,מטאטא פס גומי נו,,IL,מטאטא פס גומי נו,יחידה,1.00,יחידה,false,0,11.90,11.90,true,1,
7290005617430,false,נופר ספוג,,,נופר ספוג,יחידה,1.00,יחידה,false,0,3.50,3.50,true,1,
7290005617454,false,ספוג רחצה איכותי נופר,,IL,ספוג רחצה נופר,יחידה,1.00,יחידה,false,0,2.90,2.90,true,1,
7290005617492,false,"דלי 12 ליטר ""נופר""",,IL,"דלי 12 ליטר ""נופ",יחידה,1.00,יחידה,false,0,7.90,7.90,true,1,
7290005617607,false,ספוג פלא מנקה,,IL,ספוג פלא מנקה,יחידה,1.00,יחידה,false,0,3.50,3.50,true,1,
7290005617683,false,נופר כרית יפנית,,,נופר כרית יפנית,יחידה,1.00,יחידה,false,0,5.90,5.90,true,1,
7290005617690,false,מברשת שירותים,,IL,מברשת שירותים,יחידה,1.00,יחידה,false,0,2.90,2.90,true,1,
7290005617744,false,מטלית רצפה מיקרופייבר,,IL,מטלית מקרופייבר,יחידה,1.00,יחידה,false,0,6.90,6.90,true,1,
7290005617850,false,מטאטא מרצדס,,IL,מטאטא מרצדס,יחידה,1.00,יחידה,false,0,18.90,18.90,true,1,
7290005617980,false,מברשת ציפורניים יח,,IL,מברשת ציפורניים,יחידה,1.00,יחידה,false,0,2.90,2.90,true,1,
7290005701009,false,דבש בית חלקיה 500 גר',---,IL,דבש ב.חלקיה500  5 גר',גרמים,500.00,100 גרם,false,1,18.90,3.78,true,1,
7290005701023,false,"דבש בית חלקיה 1 ק""ג",---,IL,"דבש ב.חלקיה 1ק""ג",גרמים,1000.00,100 גרם,false,1,34.90,3.49,true,1,
7290005803628,false,קרחון מלון,גלידות נסטלה )נגה גלידות,IL,קרחון מלון,יחידה,1.00,יחידה,false,0,1.90,1.90,true,1,
7290005816017,false,"פילה סלומון קפוא בד""ץ לפ",סלטן,NO,פילה סלומון,גרמים,0.00,"ק""ג",true,1,83.90,83.90,true,1,
7290005838613,false,סקי מעדן גבינה וניל 125ג,"שטראוס בריאות בע""\מ",IL,סקי מעדן גבינה,גרמים,125.00,100 גרם,false,0,3.50,2.80,true,1,
7290005839078,false,דנונה ביו 3% 150*8 גרם,"שטראוס בריאות בע""\מ",IL,דנונה ביו 8 יח,קילוגרמים,1.20,"ק""ג",false,0,14.90,12.42,true,1,
7290005875427,false,"קרקר קטשופ כשל""פ 100 גר'",,IL,"קרקר קטשופ כשל""פ",גרמים,100.00,100 גרם,false,1,7.90,7.90,true,1,
7290005896439,false,בירה מכבי,,IL,בירה מכבי,מיליליטרים,500.00,"100 מ""ל",false,0,6.90,1.38,true,1,
7290005896453,false,בירה מכבי7.9%בק.חוזר500מ,טמפו משקאות בע''מ,IL,בירה מכבי 7.9%,מיליליטרים,500.00,"100 מ""ל",false,1,6.90,1.38,true,1,
7290005902260,false,רב מגב לשיש 100% סיליקון,,IL,רב מגב לשיש 100%,יחידה,1.00,יחידה,false,1,45.00,45.00,true,1,
7290005902413,false,יעה יצוק סיליקון לפי מחי,,IL,יעה יצוק סיליקון,יחידה,1.00,יחידה,false,1,54.90,54.90,true,1,
7290005966033,false,"יין לבן הר חרמון 750 מ""ל",יקבי רמת הגולן קצרין,IL,יין לבן חרמון,מיליליטרים,750.00,"100 מ""ל",false,0,25.90,3.45,true,1,
7290005973017,false,גפרורים חבילה,,IL,גפרורים חבילה,יחידה,1.00,יחידה,false,0,1.90,1.90,true,1,
7290005973024,false,גפרורים גדולים  חי',,IL,גפרורים גדולים  חי',יחידה,1.00,יחידה,false,0,3.90,3.90,true,1,
7290006079671,false,"קרם ידיים ד""ר גרין",,IL,קרם ידים,יחידה,1.00,יחידה,false,1,7.90,7.90,true,1,
7290006243577,false,בורקס תפוח אדמה 800 גרם,,IL,בורקס תפוח אדמה,גרמים,800.00,100 גרם,false,0,12.90,1.61,true,1,
7290006251275,false,תה ירוק סיני25 שק1.5Xגרם,ויסוצקי,IL,תה ירוק סיני,גרמים,37.00,100 גרם,false,0,19.90,53.78,true,1,
7290006251343,false,חליטת פסיפלורה+מנגו25ש3*,ויסוצקי,IL,חליטת פסיפלורה,גרמים,62.00,100 גרם,false,0,12.90,20.81,true,1,
7290006251374,false,תה ירוק לימונית+ג'ינגר25,ויסוצקי,IL,תה ירוק לימונית,גרמים,37.00,100 גרם,false,0,19.90,53.78,true,1,
7290006251589,false,תה ירוק נענע 50שק1.5*גרם,בית ויסוצקי,IL,תה ירוק נענע,גרמים,75.00,100 גרם,false,0,34.90,46.53,true,1,
7290006289223,false,פלאנקען ללא עצם קפוא,וול דאן,IL,"פלאנקען ל""ע קפוא",קילוגרמים,0.00,"ק""ג",true,1,89.90,89.90,true,1,
7290006289254,false,רגל עגל פרוס,,IL,רגל עגל וולדאן,קילוגרמים,0.00,"ק""ג",true,1,69.90,69.90,true,1,
7290006289261,false,עצמות בקר קפוא,,IL,עצמות בקר וולדאן,גרמים,0.00,"ק""ג",true,1,24.90,24.90,true,1,
7290006289353,false,"כנפיים עוף עד""ח לפי שקיל",,IL,"כנפיים עוף עד""ח",גרמים,0.00,"ק""ג",true,1,17.90,17.90,true,1,
7290006289469,false,עצמות מח קפוא,,IL,עצמות מח וולדאן,גרמים,0.00,"ק""ג",true,1,59.90,59.90,true,1,
7290006289711,false,"עצמות ברך קפוא עד""ח לפי",,IL,עצמות ברך קפוא ע,גרמים,0.00,"ק""ג",true,1,29.90,29.90,true,1,
7290006289865,false,"אסדו )פלאנקען( ע""ע קפוא",,IL,"אסדו ע""ע וולדאן",קילוגרמים,0.00,"ק""ג",true,1,89.90,89.90,true,1,
7290006322104,false,לחם רחיים קל 500 גרם,מאפיית דוידוביץ ובניו בע,IL,לחם רחיים קל,גרמים,500.00,100 גרם,false,0,7.90,1.58,true,1,
7290006322111,false,לחמניות ריחיים 80*6 גרם,מאפיית דוידוביץ ובניו בע,IL,לחמניות ריחיים,גרמים,480.00,100 גרם,false,0,10.90,2.27,true,1,
7290006322128,false,לחמניות קלות 80*6 גרם,מאפיית דוידוביץ ובניו בע,IL,לחמניות קלות 6יח,גרמים,480.00,100 גרם,false,0,10.90,2.27,true,1,
7290006322166,false,לחמניות רגילות 75*6 גרם,מאפיית דוידוביץ ובניו בע,IL,לחמניות 6 יחידות,גרמים,450.00,100 גרם,false,0,6.50,1.44,true,1,
7290006322470,false,לחם 9 דגנים קל 500 גרם,מאפיית דוידוביץ ובניו בע,IL,לחם 9 דגנים קל,גרמים,500.00,100 גרם,false,0,9.90,1.98,true,1,
7290006322487,false,לחם קוביות קמח מלא 750גר,---,IL,לחם קמח מלא,גרמים,750.00,100 גרם,false,0,14.20,1.89,true,1,
7290006322838,false,לחם קמח מלא 100% 750 גרם,מאפיית דוידוביץ ובניו בע,IL,לחם קמח מלא,גרמים,750.00,100 גרם,false,0,9.90,1.32,true,1,
7290006322968,false,"לחם זיץ ברויט 1.25 ק""ג",מאפיית דוידוביץ,IL,לחם זיץ ברויט,קילוגרמים,1.25,"ק""ג",false,0,12.90,10.32,true,1,
7290006374738,false,קונפיטורה תות 340 גרם,"ב.א. מזון בע""\מ",IL,קונפיטורה תות,גרמים,340.00,100 גרם,false,0,9.90,2.91,true,1,
7290006420442,false,חטיף מהטבע קשיו טוב הארץ,,IL,חטיף מהטבע קשיו,יחידה,1.00,יחידה,false,1,6.90,6.90,true,1,
7290006420459,false,חטיף מהטבע קשיו עם דבש ט,,IL,חטיף מהטבע קשיו,גרמים,28.00,100 גרם,false,1,6.90,24.64,true,1,
7290006420466,false,חטיף מהטבע שקדים+דבש טוב,,IL,חטיף מהטבע שקדים,יחידה,1.00,יחידה,false,1,6.90,6.90,true,1,
7290006420473,false,חטיף מהטבע לוז עם דבש טו,,IL,חטיף מהטבע לוז,יחידה,1.00,יחידה,false,1,6.90,6.90,true,1,
7290006420688,false,חטיף מהטבע שקדים טוב האר,,IL,חטיף מהטבע שקדים,יחידה,1.00,יחידה,false,1,6.90,6.90,true,1,
7290006420695,false,חטיף מהטבע לוז טוב הארץ,,IL,חטיף מהטבע לוז,יחידה,1.00,יחידה,false,1,6.90,6.90,true,1,
7290006429407,false,מארז מחית בייבי,,IL,מארז מחית בייבי,קילוגרמים,1.14,"ק""ג",false,0,22.90,20.09,true,1,
7290006497130,false,קישקע פרווה,,IL,קישקע פרווה,גרמים,450.00,100 גרם,false,0,17.90,3.98,true,1,
7290006567048,false,פתיתי קוסקוס 350 גרם,קוסקוס מזון,IL,פתיתי קוסקוס,גרמים,350.00,100 גרם,false,0,5.90,1.69,true,1,
7290006584427,false,בי.יו.דאו ספריי לאשה,"טאב קוסמטיקס בע""מ",IL,בי.יו.דאו לאישה,יחידה,1.00,יחידה,false,0,9.90,9.90,true,1,
7290006644480,false,"תפוזינה תפוז 500 מ""ל","יפאורה תבורי בע""\מ",IL,תפוזינה תפוז,מיליליטרים,500.00,"100 מ""ל",false,0,4.80,0.96,true,1,
7290006644510,false,"תפוזינה ענבים 500 מ""ל","יפאורה תבורי בע""\מ",IL,תפוזינה ענבים,מיליליטרים,500.00,"100 מ""ל",false,0,4.80,0.96,true,1,
7290006644527,false,"תפוזינה תות בננה 500 מ""ל","יפאורה תבורי בע""\מ",IL,תפוזינה תות בננה,מיליליטרים,500.00,"100 מ""ל",false,0,4.80,0.96,true,1,
7290006652027,false,במבה מארז 20 * 15 גרם,"אסם השקעות בע""\מ",IL,במבה 20 יח',גרמים,300.00,100 גרם,false,0,19.90,6.63,true,1,
7290006664051,false,"אקטימל לבן 100*14 מ""ל","שטראוס בריאות בע""\מ",IL,אקטימל מארז14יח',ליטרים,1.40,ליטר,false,0,24.90,17.79,true,1,
7290006664358,false,דנונה דיאט רום צימוק150ג,שטראוס,IL,דנונה דיאט,גרמים,150.00,100 גרם,false,0,3.90,2.60,true,1,
7290006664402,false,גבינת סקי5% 750 גרם,"שטראוס בריאות בע""\מ",IL,גבינת סקי5%,גרמים,750.00,100 גרם,false,0,12.90,1.72,true,1,
7290006664532,false,דנונה תות 3% 150 גרם,"שטראוס גרופ בע""\מ",IL,דנונה תות 3%,גרמים,150.00,100 גרם,false,0,3.50,2.33,true,1,
7290006664990,false,דנונה ביו 1.7% 150*8גרם,"שטראוס גרופ בע""\מ",IL,דנונה ביו 8 יח',קילוגרמים,1.20,"ק""ג",false,0,14.90,12.42,true,1,
7290006680167,false,12 ביצי חופש,,,12 ביצי חופש,יחידה,1.00,יחידה,false,0,19.90,19.90,true,1,
7290006680501,false,12 ביצים אורגניות 12 יחי,,IL,12 ביצים אורגנית,יחידה,1.00,יחידה,false,1,20.90,20.90,true,1,
7290006680624,false,ביצי חופש הכפר 20 יחי',,IL,ביצי חופש הכפר,יחידה,1.00,יחידה,false,1,27.90,27.90,true,1,
7290006681065,false,טעמקור XL שוקווניל יח,"מיוצר ע""\י גלידת שטראוס",IL,טעמקור XL,יחידה,1.00,יחידה,false,0,7.90,7.90,true,1,
7290006696717,false,תירוש ענבים אפרת,,IL,תירוש ענבים אפרת,ליטרים,1.00,ליטר,false,0,14.90,14.90,true,1,
7290006737618,false,טורטיות מקמח חיטה 6 יח',,TR,טורטיות מקמח חיט,גרמים,390.00,100 גרם,false,1,7.90,2.03,true,1,
7290006737632,false,טורטיה מזונות 8 יחידות,,TR,טורטיה מזונות,גרמים,320.00,100 גרם,false,1,7.90,2.47,true,1,
7290006737755,false,טורטיות מקמח חיטה 8 יח',,TR,טורטיות מקמח חיט,גרמים,320.00,100 גרם,false,1,7.90,2.47,true,1,
7290006737854,false,מרשמלו צבעוני,,IL,מרשמלו צבעוני,גרמים,150.00,100 גרם,false,0,4.90,3.27,true,1,
7290006741363,false,"בורקס תפו""א בד""צ 800 גרם",זוגלובק,IL,"בורקס תפו""א",גרמים,800.00,100 גרם,false,0,12.90,1.61,true,1,
7290006764058,false,בירה נשר לבן בק.חוזר500מ,"טמפו משקאות בע""\מt\",IL,בירה נשר לבן,מיליליטרים,500.00,"100 מ""ל",false,0,4.90,0.98,true,1,
7290006764065,false,בירה נשר מאלט בק.חוזר500,"טמפו משקאות בע""\ם.",IL,בירה נשר מאלט,מיליליטרים,500.00,"100 מ""ל",false,0,3.90,0.78,true,1,
7290006764072,false,"גולדסטאר בק.חוזר 500 מ""ל","טמפו משקאות בע""\מ",IL,בירה גולדסטאר,מיליליטרים,500.00,"100 מ""ל",false,0,6.90,1.38,true,1,
7290006764096,false,בירה איגל בקבוק חוזר500מ,"טמפו משקאות בע""\מ",IL,בירה איגל,מיליליטרים,500.00,"100 מ""ל",false,1,5.80,1.16,true,1,
7290006764157,false,גולדסטאר ל.מסונן-חוזר500,טמפו משקאות בע''מ,IL,בירה גולדסטאר,מיליליטרים,500.00,"100 מ""ל",false,1,6.00,1.20,true,1,
7290006764485,false,בירה נשר מאלט בקב330*6.מ,"טמפו משקאות בע""\ם.",IL,נשר מאלט 6 יח,ליטרים,1.98,ליטר,false,0,22.90,11.57,true,1,
7290006764737,false,נשר מאלט דיאט ב.חוזר500מ,"טמפו משקאות בע""\ם.",IL,נשר מאלט דיאט,מיליליטרים,500.00,"100 מ""ל",false,0,3.90,0.78,true,1,
7290006775016,false,עוגה תפוז אחוה 450 גרם,"אחדות ביח""ר לטחינה",IL,עוגה תפוז,גרמים,450.00,100 גרם,false,0,7.90,1.76,true,1,
7290006775030,false,עוגת שוקו צ'יפס אחוה450ג,"אחדות ביח""ר לטחינה",IL,עוגת שוקולד ציפס,גרמים,450.00,100 גרם,false,0,7.90,1.76,true,1,
7290006775047,false,עוגת שוקולד 450 גרם,"אחדות ביח""ר לטחינה",IL,עוגת שוקולד,גרמים,450.00,100 גרם,false,0,7.90,1.76,true,1,
7290006775054,false,עוגת שיש 450 גרם,"אחדות ביח""ר לטחינה",IL,עוגת שיש,גרמים,450.00,100 גרם,false,0,7.90,1.76,true,1,
7290006775085,false,עוגת שמרים שוקולד 400גרם,"אחדות ביח""ר לטחינה",IL,עוגת שמרים,גרמים,400.00,100 גרם,false,0,9.80,2.45,true,1,
7290006775191,false,מאפין ממולא שוקולד50גרם,"אחדות ביח""ר לטחינה",IL,מאפין שוקולד50גר,גרמים,50.00,100 גרם,false,0,1.30,2.60,true,1,
7290006775306,false,מאפין ממולא תות 50 גר',"אחדות ביח""ר לטחינה",IL,מאפין ממולא,גרמים,50.00,100 גרם,false,0,1.30,2.60,true,1,
7290006775344,false,עוגת שמרים קינמ.אגוז400ג,"אחדות ביח""ר לטחינה",IL,עוגת שמרים,גרמים,400.00,100 גרם,false,0,9.80,2.45,true,1,
7290006775405,false,מאפה מאפין שוקולד/וניל45,"אחדות ביח""ר לטחינה",IL,מאפין 45 גרם,גרמים,45.00,100 גרם,false,0,1.30,2.89,true,1,
7290006775764,false,"עוגת שוקוציפס ללת""ס400ג","אחדות בע""מ א.ת. ברקן",IL,עוגת שוקוציפס,גרמים,400.00,100 גרם,false,0,10.90,2.73,true,1,
7290006775801,false,רוגעלך 400 גרם,"אחדות ביח""ר לטחינה",IL,רוגלעך,גרמים,400.00,100 גרם,false,0,8.90,2.23,true,1,
7290006775900,false,עוג.מיני מרוקאיות 500גרם,"אחדות ביח""ר לטחינה",IL,עוגיות 500 גרם,גרמים,500.00,100 גרם,false,0,8.90,1.78,true,1,
7290006788368,false,דאו.קרליין סטיקSUNRICE50,קרליין,IL,דאודורנט קרליין,מיליליטרים,50.00,"100 מ""ל",false,0,11.90,23.80,true,1,
7290006788375,false,דאו.קרליין סטיק PURE 50,מיוצר עי : אמיליה קוסמטי,IL,דאודורנט קרליין,מיליליטרים,50.00,"100 מ""ל",false,0,11.90,23.80,true,1,
7290006788399,false,דאו.קרליין רולאון נושם75,אמיליה קוסמטיקס בעמ,IL,דאודורנט קרליין,מיליליטרים,75.00,"100 מ""ל",false,0,11.70,15.60,true,1,
7290006788405,false,דאו.קרליין רולאון בורדו,מיוצר עי : אמיליה קוסמטי,IL,דאודורנט קרליין,מיליליטרים,75.00,"100 מ""ל",false,0,11.70,15.60,true,1,
7290006788443,false,דאו.קרליין רולאון סגול75,אמיליה קוסמטיקס בעמ,IL,דאודורנט קרליין,מיליליטרים,75.00,"100 מ""ל",false,0,11.70,15.60,true,1,
7290006788467,false,דאו.קרליין ספרי אקטיב200,מיוצר עי : אמיליה קוסמטי,IL,דאודורנט קרליין,מיליליטרים,200.00,"100 מ""ל",false,0,11.70,5.85,true,1,
7290006788481,false,דאו.קרליין 200SUNRISE,מיוצר עי : אמיליה קוסמטי,IL,דאודורנט קרליין,מיליליטרים,200.00,"100 מ""ל",false,0,11.70,5.85,true,1,
7290006788504,false,דאו.קרליין ספריי סגול200,מיוצר עי : אמיליה קוסמטי,IL,דאודורנט קרליין,מיליליטרים,200.00,"100 מ""ל",false,0,11.70,5.85,true,1,
7290006788559,false,דאו.טיטניום בלו ספריי180,אמיליה קוסמטיקס בעמ,IL,דאודורנט טיטניום,מיליליטרים,180.00,"100 מ""ל",false,0,13.90,7.72,true,1,
7290006789617,false,"קרם ""10"" לחות לתלתל 400מ",מיוצר עי : אמיליה קוסמטי,IL,קרליין קרם לשיער,מיליליטרים,400.00,"100 מ""ל",false,0,12.90,3.23,true,1,
7290006789631,false,"קרם ""10"" שיער רגיל400מ""ל",מיוצר עי : אמיליה קוסמטי,IL,קרם לחות לשיער,מיליליטרים,400.00,"100 מ""ל",false,0,12.90,3.23,true,1,
7290006789655,false,"קרם ""10"" לסרוק קל 400מל",מיוצר עי : אמיליה קוסמטי,IL,קרם לחות לשיער,מיליליטרים,400.00,"100 מ""ל",false,0,12.90,3.23,true,1,
7290006879240,false,גולש עגל מעובד חלק לפי מ,,IL,גולש עגל מעובד,גרמים,0.00,"ק""ג",true,1,89.90,89.90,true,1,
7290006879257,false,צלי ברשת - חלק לפי שקילה,,IL,צלי ברשת חלק,גרמים,0.00,"ק""ג",true,1,89.90,89.90,true,1,
7290006879417,false,בשר לחמין גלאט לנדא לפי,,IL,בשר לחמין גלאט,גרמים,0.00,"ק""ג",true,1,89.90,89.90,true,1,
7290006920447,false,פיצרלה 500 גרם,צי תעשיות מזון יבנה,IL,פיצרלה 500 גרם,גרמים,500.00,100 גרם,false,0,20.90,4.18,true,1,
7290006920638,false,גבינת שמנת זיתים,,IL,גבינת שמנת זיתים,גרמים,500.00,100 גרם,false,0,18.90,3.78,true,1,
7290006920737,false,גבינת שמנת,,IL,גבינת שמנת,גרמים,500.00,100 גרם,false,0,18.90,3.78,true,1,
7290006983152,false,קרוטונים מתובלים למרק400,עינת תעשיות,IL,קרוטונים מתובלים,גרמים,400.00,100 גרם,false,0,14.90,3.73,true,1,
7290006983176,false,לחמית שיפון 230 גרם,"אסם השקעות בע""\מ",IL,לחמית שיפון אסם,גרמים,230.00,100 גרם,false,0,6.90,3.00,true,1,
7290006992185,false,דייסת אורז מטרנה 200 גרם,מטרנה תעשיות ש.מ,IL,דייסת אורז,גרמים,200.00,100 גרם,false,0,12.90,6.45,true,1,
7290006992192,false,דייסת סולת 200 גרם,מטרנה תעשיות ש.מ,IL,דייסת סולת מטרנה,גרמים,200.00,100 גרם,false,0,12.90,6.45,true,1,
7290006992208,false,דייסת מטרנה 8 דגנים 200ג,מטרנה תעשיות ש.מ,IL,דייסת מטרנה,גרמים,200.00,100 גרם,false,0,12.90,6.45,true,1,
7290006992390,false,דייסת וניל מטרנה 200 גרם,מטרנה תעשיות ש.מ,IL,דייסת וניל מטרנה,גרמים,200.00,100 גרם,false,0,12.90,6.45,true,1,
7290008023542,false,סיף פנטסטיק רצפ.מרענן4ל',יוניליוור ישראל טיפוח אי,IL,סיף שמפו לרצפות,ליטרים,4.00,ליטר,false,0,14.90,3.73,true,1,
7290008068512,false,בייבי פסטה קמומיל 100ג,בייבי פסטה,IL,בייבי פסטה,גרמים,100.00,100 גרם,false,0,16.90,16.90,true,1,
7290008190633,false,לקקן 110 יח',כרמית,TR,לקקן,יחידה,1.00,יחידה,false,0,19.90,19.90,true,1,
7290008190909,false,מיני קוקיס שוק.צ'יפס600ג,כרמית,IL,מיני קוקיס,גרמים,600.00,100 גרם,false,0,14.90,2.48,true,1,
7290008190985,false,לקקן בטעם גלידה 50 יח',כרמית,TR,לקקן טעם גלידה,גרמים,450.00,100 גרם,false,0,12.90,2.87,true,1,
7290008257008,false,מסרק סמיך כינים ממתכת,אריסטוקרט,IL,מסרק סמיך,יחידה,1.00,יחידה,false,0,12.90,12.90,true,1,
7290008257053,false,מברשת שיניים,,,מברשת שיניים,יחידה,1.00,יחידה,false,0,4.90,4.90,true,1,
7290008257107,false,סדין ניילון עבה,אריסטוקרט,IL,סדין ניילון,יחידה,1.00,יחידה,false,0,22.90,22.90,true,1,
7290008257138,false,פטמות שלישיה,אריסטוקרט,CN,פטמות שלישיה,יחידה,1.00,יחידה,false,0,4.90,4.90,true,1,
7290008257190,false,רשתונית 4 יח' XL,,IL,רשתונית 4 יח' XL,יחידה,1.00,יחידה,false,0,13.90,13.90,true,1,
7290008257206,false,מברשת ניקוי לבקבוק,אריסטוקרט,IL,מברשת ניקוי,יחידה,1.00,יחידה,false,0,4.90,4.90,true,1,
7290008257220,false,בקבוק אנזה גדול/קטן,אריסטוקרט,IL,בקבוק לתינוק,יחידה,1.00,יחידה,false,0,9.90,9.90,true,1,
7290008257244,false,מברשת + מסרק לתינוק,אריסטוקרט,IL,מברשת + מסרק,יחידה,1.00,יחידה,false,0,7.90,7.90,true,1,
7290008257251,false,מספריים לתינוק,אריסטוקרט,IL,מספריים לתינוק,יחידה,1.00,יחידה,false,0,6.90,6.90,true,1,
7290008257275,false,פטמות רחבות רב שלבי 2 יח,אריסטוקרט,IL,זוג פטמות,יחידה,1.00,יחידה,false,0,11.90,11.90,true,1,
7290008257305,false,זוג מוצצים צוציק סיליקון,אריסטוקרט,TH,זוג מוצצים,יחידה,1.00,יחידה,false,0,12.90,12.90,true,1,
7290008257411,false,סינר מגבת עבה יח,אריסטוקרט,TH,סינר מגבת עבה,יחידה,1.00,יחידה,false,0,12.90,12.90,true,1,
7290008257527,false,מטלית לרצפה 3יח,,IL,מטלית לרצפה 3יח,יחידה,1.00,יחידה,false,0,11.90,11.90,true,1,
7290008257558,false,מבריק נעליים,,IL,מבריק נעליים,יחידה,1.00,יחידה,false,0,4.90,4.90,true,1,
7290008257688,false,נשכן הקפאה דובי,אריסטוקרט,CN,נשכן קירור,יחידה,1.00,יחידה,false,0,5.90,5.90,true,1,
7290008257718,false,רפידות הנקה,,CN,רפידות הנקה,יחידה,1.00,יחידה,false,0,16.90,16.90,true,1,
7290008257770,false,בקבוק רחב עם ידיות 250 מ,אריסטוקרט,TH,בקבוק לתינוק,יחידה,1.00,יחידה,false,0,14.90,14.90,true,1,
7290008257909,false,משחת נעליים נוזל,,IL,משחת נעליים נוזל,יחידה,1.00,יחידה,false,0,3.90,3.90,true,1,
7290008330107,false,מרכך בדין סגול4 ליטר,יוניליור ישראל טיפוח איש,IL,מרכך כביסה בדין,ליטרים,4.00,ליטר,false,0,19.90,4.98,true,1,
7290008415071,false,חומוס עם טחינה 150 גרם,סלטי צבר,IL,חומוס עם טחינה,גרמים,150.00,100 גרם,false,0,3.90,2.60,true,1,
7290008415514,false,חומוס עם חריף 150 גרם,סלטי צבר,IL,חומוס עם חריף,גרמים,150.00,100 גרם,false,0,3.90,2.60,true,1,
7290008426053,false,יין עדולם-חבל יהודה,,IL,יין עדולם-חבל יה,יחידה,1.00,יחידה,false,0,89.00,89.00,true,1,
7290008432856,false,צוואר עגל עם עצם קפוא לפ,,IL,צוואר עגל עם עצם,גרמים,0.00,"ק""ג",true,1,39.90,39.90,true,1,
7290008443616,false,מרכך נקה 7 לשיר יבש 750מ,אמיליה קוסמטיקס בעמ,IL,קונדישנר נקה 7,מיליליטרים,750.00,"100 מ""ל",false,0,6.90,0.92,true,1,
7290008443647,false,מרכך נקה7 שיער מתולתל750,אמיליה קוסמטיקס בעמ,IL,קונדישנר נקה 7,מיליליטרים,750.00,"100 מ""ל",false,0,6.90,0.92,true,1,
7290008453332,false,מפות שולחן בגליל עבה45מ,מרווח,IL,מפות שולחן בגליל,מטרים,45.00,מטר,false,0,28.90,0.64,true,1,
7290008453356,false,מפת שולחן 45 מטר,.,IL,מפת שולחן,מטרים,45.00,מטר,false,0,14.90,0.33,true,1,
7290008453394,false,"אשפתון שחור 90*75 ס""מ 25",,IL,אשפתון 25 יחידות,יחידה,1.00,יחידה,false,0,12.90,12.90,true,1,
7290008453400,false,אשפתון אפור 75/90 25 יח,,IL,אשפתון אפור,יחידה,1.00,יחידה,false,0,12.90,12.90,true,1,
7290008453417,false,אשפתון ירוק+ידית 40 יח,,IL,אשפתון ירוק+ידי,יחידה,1.00,יחידה,false,0,12.90,12.90,true,1,
7290008453486,false,"50 אשפתון שחור 75*90 ס""מ",,IL,אשפתון שחור,יחידה,1.00,יחידה,false,0,9.90,9.90,true,1,
7290008453608,false,שקיות מזון בקרטון .,,IL,שקיות מזון,יחידה,1.00,יחידה,false,1,6.90,6.90,true,1,
7290008453844,false,אשפתון קרם,,IL,אשפתון קרם,יחידה,1.00,יחידה,false,0,13.90,13.90,true,1,
7290008453882,false,מפות עבה במיוחד 8 יח,,IL,מפות 8 יח,יחידה,1.00,יחידה,false,0,8.90,8.90,true,1,
7290008453899,false,מפות שולחן,,IL,מפות שולחן,יחידה,1.00,יחידה,false,0,4.90,4.90,true,1,
7290008453905,false,מפות עבה במיוחד 6 יח,,IL,מפות עבה,יחידה,1.00,יחידה,false,0,8.90,8.90,true,1,
7290008453912,false,מפת שולחן עבה 6 יח,,IL,מפת שולחן 6יח,יחידה,1.00,יחידה,false,0,4.90,4.90,true,1,
7290008455619,false,עוף מס' 2 קפוא,אחד למהדרין,IL,עוף קפוא מס' 2,קילוגרמים,0.00,"ק""ג",true,1,29.90,29.90,true,1,
7290008455800,false,עוף שלם טרי לנדא לפי משק,,IL,עוף שלם טרי לנדא,קילוגרמים,0.00,"ק""ג",true,1,29.90,29.90,true,1,
7290008455824,false,כרעיים טרי לנדא,,IL,כרעיים טרי לנדא,קילוגרמים,0.00,"ק""ג",true,1,44.90,44.90,true,1,
7290008455831,false,חזה עוף טרי לנדא לפי משק,,IL,חזה טרי לנדא,קילוגרמים,0.00,"ק""ג",true,1,45.90,45.90,true,1,
7290008455862,false,כנפיים עוף טרי לנדא לפי,,IL,כנפיים טרי לנדא,קילוגרמים,0.00,"ק""ג",true,1,17.90,17.90,true,1,
7290008455886,false,שניצל עוף טרי לנדא לפי מ,,IL,שניצל טרי לנדא,גרמים,0.00,"ק""ג",true,1,47.90,47.90,true,1,
7290008464130,false,בירה גולדסטאר6יח,,IL,בירה גולדסטאר6יח,ליטרים,1.98,ליטר,false,0,31.90,16.11,true,1,
7290008464222,false,בירה מכבי פחית7.9% 500מ,"טמפו משקאות בע""\מ",IL,בירה מכבי 7.9%,מיליליטרים,500.00,"100 מ""ל",false,1,6.90,1.38,true,1,
7290008464369,false,"פפסי קולה בפחית 330 מ""ל","טמפו משקאות בע""\מ",IL,פפסי קולה פחית,מיליליטרים,330.00,"100 מ""ל",false,0,3.90,1.18,true,1,
7290008464468,false,בירה גולדסטאר פחית 500מל,"טמפו משקות בע""\מ",IL,בירה גולדסטאר,מיליליטרים,500.00,"100 מ""ל",false,0,6.00,1.20,true,1,
7290008464697,false,בירה מכבי 6 יח,,IL,בירה מכבי 6 יח,ליטרים,1.98,ליטר,false,0,29.90,15.10,true,1,
7290008464703,false,"בירה מכבי 6 בק330* מ""ל",טמפו משקאות בע''מ,IL,בירה מכבי 6 בקב.,ליטרים,1.98,ליטר,false,0,29.90,15.10,true,1,
7290008464734,false,גולדסטארBREW SLOW 330*6,טמפו משקאות בע''מ,IL,בירה גולדסטאר6יח,ליטרים,1.98,ליטר,false,1,34.90,17.63,true,1,
7290008464741,false,"בירה גולדסטאר בק330*6מ""ל","טמפו משקאות בע""\מ",IL,גולדסטאר 6 יח',ליטרים,1.98,ליטר,false,0,29.90,15.10,true,1,
7290008464796,false,"בירה הייניקן בק330*6 מ""ל",טמפו משקאות בע''מ,IL,בירה הייניקן 6יח,ליטרים,1.98,ליטר,false,0,29.90,15.10,true,1,
7290008470759,false,מסטיק אורביט ספירמינט104,ריגלי,FR,מסטיק אורביט 8יח,גרמים,104.00,100 גרם,false,0,12.90,12.40,true,1,
7290008470766,false,מסטיק אורביט פפרמינט13*8,ריגלי צרפת,FR,מסטיק אורביט,גרמים,104.00,100 גרם,false,0,12.90,12.40,true,1,
7290008493413,false,פירורי גריסיני 200 גרם,מאיר בייגל,IL,פירורי גריסיני,גרמים,200.00,100 גרם,false,0,4.90,2.45,true,1,
7290008493710,false,פירורי גריסיני זהב 200ג,מאיר בייגל,IL,פירורי גריסיני,גרמים,200.00,100 גרם,false,1,4.90,2.45,true,1,
7290008609531,false,נייר אפיה,,IL,נייר אפיה,יחידה,1.00,יחידה,false,0,6.90,6.90,true,1,
7290008631556,false,כרעיים עוף קפוא מחיר לפי,,IL,כרעיים עוף קפוא,קילוגרמים,0.00,"ק""ג",true,1,39.90,39.90,true,1,
7290008631563,false,חזה עוף קפוא מחיר לפי מש,,IL,חזה עוף קפוא,גרמים,0.00,"ק""ג",true,1,44.90,44.90,true,1,
7290008631570,false,שוקיים עוף לנדא שקיל,,IL,שוקיים עוף לנדא,גרמים,0.00,"ק""ג",true,1,41.90,41.90,true,1,
7290008631594,false,כנפיים עוף במגש מחיר לפי,,IL,כנפיים עוף במגש,גרמים,0.00,"ק""ג",true,1,17.90,17.90,true,1,
7290008636018,false,כפתורי שוקולד שמיניה,מיה,IL,כפתורי שוקולד,יחידה,1.00,יחידה,false,0,8.90,8.90,true,1,
7290008636193,false,כמון צנצנת 300 גרם,מיה תעשיות מזון מ.ת.מ. ב,IL,כמון צנצנת,גרמים,300.00,100 גרם,false,0,12.90,4.30,true,1,
7290008636209,false,כורכום צנצנת 300 גרם,מיה תעשיות מזון מ.ת.מ. ב,IL,כורכום צנצנת,גרמים,300.00,100 גרם,false,0,12.90,4.30,true,1,
7290008636216,false,אבקת שום צנצנת 300 גרם,מיה תעשיות מזון מ.ת.מ. ב,IL,אבקת שום צנצנת,גרמים,300.00,100 גרם,false,0,16.90,5.63,true,1,
7290008636339,false,"שבבי תפו""א 400 גרם",מיה תעשיות מזון מ.ת.מ. ב,IL,"שבבי תפו""א",גרמים,400.00,100 גרם,false,0,8.90,2.23,true,1,
7290008636919,false,קקאו הולנדי שקית 200 גרם,מיה תעשיות מזון מ.ת.מ. ב,IL,קקאו הולנדי,גרמים,200.00,100 גרם,false,0,6.90,3.45,true,1,
7290008636926,false,קקאו הולנדי שקית 500 גרם,מיה תעשיות מזון מ.ת.מ. ב,IL,אבקת קקאו,גרמים,500.00,100 גרם,false,0,11.90,2.38,true,1,
7290008636933,false,אגוז מלך גרוס100גרם מיה,מיה תעשיות מזון מ.ת.מ. ב,IL,אגוז מלך גרוס,גרמים,100.00,100 גרם,false,0,8.90,8.90,true,1,
7290008636957,false,שקד מולבן גרוס 100ג מיה,מיה תעשיות מזון מ.ת.מ. ב,IL,שקד מולבן גרוס,גרמים,100.00,100 גרם,false,0,8.90,8.90,true,1,
7290008636964,false,שקד מולבן משובב 100ג מיה,מיה תעשיות מזון מ.ת.מ. ב,IL,שקד מולבן משוב,גרמים,100.00,100 גרם,false,0,8.90,8.90,true,1,
7290008636988,false,10' גרעיני חמניה קלופים,מיה תעשיות מזון מ.ת.מ. ב,IL,גרעיני חמניה,גרמים,100.00,100 גרם,false,0,2.90,2.90,true,1,
7290008636995,false,גרעיני דלעת קלופים 100 ג,מיה תעשיות מזון מ.ת.מ. ב,IL,גרעיני דלעת קלוף,גרמים,100.00,100 גרם,false,0,5.90,5.90,true,1,
7290008644112,false,סלט מטבוחה יום יום 125גר,"שטראוס גרופ בע""\מ",IL,מטבוחה יום יום,גרמים,125.00,100 גרם,false,0,3.90,3.12,true,1,
7290008645935,false,חומוס אחלה 750 גרם,"שטראוס גרופ בע""\מ",IL,חומוס אחלה,גרמים,750.00,100 גרם,false,0,9.90,1.32,true,1,
7290008679442,false,זוג כפפות הנדי קטן,,TH,זוג כפפות קטן,יחידה,1.00,יחידה,false,0,4.90,4.90,true,1,
7290008679459,false,זוג כפפות הנדי בינוני,,TH,זוג כפפות הנדי,יחידה,1.00,יחידה,false,0,4.90,4.90,true,1,
7290008679466,false,זוג כפפות הנדי,,TH,זוג כפפות הנדי,יחידה,1.00,יחידה,false,0,4.90,4.90,true,1,
7290008696784,false,"גומי 58 ש""ח לק""ג",,IL,"גומי 58 ש""ח לק""ג",גרמים,0.00,"ק""ג",true,1,58.00,58.00,true,1,
7290008737036,false,7 קציצות פרימיום ביתי בא,,IL,גפילטע באבי מילר,גרמים,555.00,100 גרם,false,1,9.90,1.78,true,1,
7290008737043,false,7 קציצות פרימיום ירושלמי,,IL,צנ' 7מנות פרמיום,גרמים,555.00,100 גרם,false,1,9.90,1.78,true,1,
7290008737074,false,8 קציצות גפילטע ביתי דג,,IL,קציצות דגים עדן,גרמים,670.00,100 גרם,false,0,13.90,2.07,true,1,
7290008737081,false,30 קציצות גפילטעפיש דג ע,,IL,"30 קציצות 3 ק""ג",גרמים,3000.00,100 גרם,false,0,49.00,1.63,true,1,
7290008737227,false,ווייט פיש 500 גרם דג עדן,---,IL,וייטפיש 500 גרם,גרמים,500.00,100 גרם,false,1,26.90,5.38,true,1,
7290008737258,false,רולדה דג פולני,,IL,רולדה דג פולני,גרמים,500.00,100 גרם,false,0,16.90,3.38,true,1,
7290008737265,false,רולדה דג הונגרי,,IL,רולדה דג הונגרי,גרמים,500.00,100 גרם,false,0,16.90,3.38,true,1,
7290008737289,false,6 קציצות גפילטע דג עדן,דג טעים,IL,גפילטע פולני עדן,גרמים,600.00,100 גרם,false,0,12.90,2.15,true,1,
7290008737296,false,גפילטעפיש הונגרי6יח 600ג,דג טעים,IL,גפילטעפיש 6 יח,גרמים,600.00,100 גרם,false,0,12.90,2.15,true,1,
7290008737302,false,12 קציצות גפילטע ירושלמי,דג טעים,IL,גפילטעפיש 12 יח,גרמים,1000.00,100 גרם,false,0,19.90,1.99,true,1,
7290008737319,false,גפילטעפיש ביתי 12 יח,דג טעים,IL,גפילטעפיש ביתי,קילוגרמים,1.00,"ק""ג",false,0,19.90,19.90,true,1,
7290008745239,false,תפוצ'יפס קראנצ' טעם טבעי,"שטראוס פריטו ליי בע""\מ )",IL,תפוצ'יפס קראנצ',גרמים,50.00,100 גרם,false,0,2.90,5.80,true,1,
7290008752244,false,תפוצ'יפס קראנצ' גריל 50ג,"שטראוס פריטו ליי בע""\מ )",IL,תפוצ'יפס גריל,גרמים,50.00,100 גרם,false,0,2.90,5.80,true,1,
7290008753111,false,תפוצ'יפס מקסיקני 50 גרם,"שטראוס פריטו ליי בע""\מ )",IL,תפוצ'יפס קראנצ',גרמים,50.00,100 גרם,false,0,2.90,5.80,true,1,
7290008754415,false,מאסט LL עדין ספירמינט28ג,עלית,IL,מסטיק מאסט LL,גרמים,28.00,100 גרם,false,0,2.90,10.36,true,1,
7290008757034,false,"שוופס סודה חד פעמי250מ""ל",יפאורה תבורי בעמ,IL,מי סודה,מיליליטרים,250.00,"100 מ""ל",false,0,2.90,1.16,true,1,
7290008757980,false,נקטר ספרינג רימונים 1 ל',"יפאורה תבורי בע""\מ",IL,נקטר רימונים,ליטרים,1.00,ליטר,false,0,5.30,5.30,true,1,
7290008775816,false,ערגליות שוקו 300 גרם,"אסם השקעות בע""\מ",IL,ערגליות שוקו,גרמים,300.00,100 גרם,false,0,6.90,2.30,true,1,
7290008775823,false,ערגליות תות 300 גרם,"אסם השקעות בע""\מ",IL,ערגליות תות,גרמים,300.00,100 גרם,false,0,6.90,2.30,true,1,
7290008792257,false,טאצ' מפיון בתאבון שניב 3,,IL,טאצ' מפיון בתאבו,יחידה,1.00,יחידה,false,1,3.90,3.90,true,1,
7290008792264,false,מפיות חד שכבתי,,,מפיות חד שכבתי,יחידה,1.00,יחידה,false,0,4.90,4.90,true,1,
7290008801010,false,קברנה מרלו P.C,,IL,קברנה מרלו P.C,מיליליטרים,750.00,"100 מ""ל",false,0,37.50,5.00,true,1,
7290008801119,false,סוביניון בלאן סלקטד 750מ,אגודת הכורמים הקואופרטיב,IL,סובניון בלאן,מיליליטרים,750.00,"100 מ""ל",false,0,28.90,3.85,true,1,
7290008801157,false,מרלו סלקטד,,IL,מרלו סלקטד,מיליליטרים,750.00,"100 מ""ל",false,0,28.90,3.85,true,1,
7290008801522,false,"יין קונקורד 750מ""ל",אגודת הכורמים הקואופרטיב,IL,יין קונקורד,מיליליטרים,750.00,"100 מ""ל",false,0,18.90,2.52,true,1,
7290008801539,false,קינג דיוויד כרמל120 750מ,אגודת הכורמים הקואופרטיב,IL,קינג דיוויד,מיליליטרים,750.00,"100 מ""ל",false,0,18.90,2.52,true,1,
7290008801546,false,"מוסקט קינג דיווד 750 מ""ל",אגודת הכורמים הקואופרטיב,IL,מוסקט קינג דיווד,מיליליטרים,750.00,"100 מ""ל",false,0,18.90,2.52,true,1,
7290008801843,false,קברנה סוביניון,,IL,קברנה סוביניון,מיליליטרים,750.00,"100 מ""ל",false,0,28.90,3.85,true,1,
7290008802291,false,"מרלו P.C 750 מ""ל",אגודת הכורמים הקואופרטיב,IL,מרלו P.C,מיליליטרים,750.00,"100 מ""ל",false,0,37.50,5.00,true,1,
7290008802512,false,"יין אדום יבש וינו 750מ""ל",יקבי כרמל,IL,יין אדום יבש,מיליליטרים,750.00,"100 מ""ל",false,0,15.90,2.12,true,1,
7290008802529,false,"וינו לבן חצי יבש 750 מ""ל",יקבי כרמל,IL,יין לבן יבש וינו,מיליליטרים,750.00,"100 מ""ל",false,0,15.90,2.12,true,1,
7290008802895,false,קברנה סוביניוןP.C. 750מל,אגודת הכורמים הקאופורטיב,IL,קברנה סוביניון,מיליליטרים,750.00,"100 מ""ל",false,0,37.50,5.00,true,1,
7290008804189,false,"קברנה סדרה אזורית 750מ""ל",אגודת הכורמים הקואופרטיב,IL,קברנה סוביניון,מיליליטרים,750.00,"100 מ""ל",false,0,54.90,7.32,true,1,
7290008804332,false,"שיראז אדום יבש 750P.Cמ""ל",אגודת הכורמים הקואופרטיב,IL,שיראז אדום יבש,מיליליטרים,750.00,"100 מ""ל",false,0,37.50,5.00,true,1,
7290008804462,false,"מוסקט קינוח P.C 500 מ""ל",אגודת הכורמים הקואופרטיב,IL,מוסקט קינוח,מיליליטרים,500.00,"100 מ""ל",false,0,37.50,7.50,true,1,
7290008805049,false,"רוזה סלקטד 750 מ""ל",יקבי כרמל,IL,רוזה סלקטד,מיליליטרים,750.00,"100 מ""ל",false,0,28.90,3.85,true,1,
7290008805384,false,"סלקטד מוסקטו 750 מ""ל",אגודת הכורמים הקואופרטיב,IL,סלקטד מוסקטו,מיליליטרים,750.00,"100 מ""ל",false,0,28.90,3.85,true,1,
7290008805520,false,קברנה מרלו סלקטד,,IL,קברנה מרלו סלקטד,מיליליטרים,750.00,"100 מ""ל",false,0,28.90,3.85,true,1,
7290008835961,false,אמנון פילה 7-9 בוואקום ל,,IL,אמנון פילה 7-9,גרמים,0.00,"ק""ג",true,0,24.90,24.90,true,1,
7290008836265,false,מוסקט אלכסנדר.נינוה750מל,יקבי אפרת,IL,יין מוסקט נינו,מיליליטרים,750.00,"100 מ""ל",false,0,24.90,3.32,true,1,
7290008836272,false,מוסקט המבורג נינוה 750מל,יקבי אפרת,IL,יין נינוה מוסק,מיליליטרים,750.00,"100 מ""ל",false,0,24.90,3.32,true,1,
7290008836401,false,יין אפרת ישן נוש,,IL,יין אפרת ישן נוש,ליטרים,1.00,ליטר,false,0,19.90,19.90,true,1,
7290008836425,false,יין אפרת קל,,IL,יין אפרת קל,ליטרים,1.00,ליטר,false,0,19.90,19.90,true,1,
7290008836494,false,תירוש אפרת אדום 1 ליטר,יקבי אפרת,IL,תירוש אפרת אדו,ליטרים,1.00,ליטר,false,0,14.90,14.90,true,1,
7290008867023,false,"מקלונאש מלוח כשל""פ 200 ג",פרנקלס,IL,מקלונאש מלוח,גרמים,200.00,100 גרם,false,0,14.90,7.45,true,1,
7290008909853,false,קוקה קולה זירו בקבוק500מ,החברה המרכזית לייצור משק,IL,קוקה קולה זירו,מיליליטרים,500.00,"100 מ""ל",false,0,5.70,1.14,true,1,
7290008975551,false,מטרנה מהדרין שלב3 700גרם,מטרנה תעשיות ש.מ,IL,מטרנה מהדרין 3,גרמים,700.00,100 גרם,false,0,49.90,7.13,true,1,
7290008989015,false,דייסת אורז,,IL,דייסת אורז,גרמים,400.00,100 גרם,false,0,18.90,4.73,true,1,
7290008989022,false,דייסת סולת,,IL,דייסת סולת,גרמים,400.00,100 גרם,false,0,18.90,4.73,true,1,
7290008989039,false,דייסת קורנפלור,,IL,דייסת קורנפלור,גרמים,400.00,100 גרם,false,0,18.90,4.73,true,1,
7290008989053,false,דייסת דגנים,,IL,דייסת דגנים,גרמים,400.00,100 גרם,false,0,18.90,4.73,true,1,
7290008989091,false,פריכיות אורז 3,,IL,פריכיות אורז 3,גרמים,300.00,100 גרם,false,0,10.90,3.63,true,1,
7290008989169,false,אורז תפוח,,IL,אורז תפוח,גרמים,500.00,100 גרם,false,0,18.90,3.78,true,1,
7290008989220,false,מיץ ענבים       בעי 1 ל',,IL,מיץ ענבים       בעי 1 ל',ליטרים,1.00,ליטר,false,0,18.90,18.90,true,1,
7290008989282,false,שמן פשתן,,IL,שמן פשתן,מיליליטרים,250.00,"100 מ""ל",false,0,21.90,8.76,true,1,
7290008989305,false,שבבי סויה,,,שבבי סויה,גרמים,200.00,100 גרם,false,0,7.60,3.80,true,1,
7290008989312,false,גולש סויה,,,גולש סויה,גרמים,200.00,100 גרם,false,0,7.60,3.80,true,1,
7290008989428,false,גרנולה אגוזים,,IL,גרנולה אגוזים,גרמים,400.00,100 גרם,false,0,10.90,2.73,true,1,
7290008989565,false,חמאת בוטנים מקסיקנית350ג,,IL,חמאת בוטנים,גרמים,350.00,100 גרם,false,0,13.90,3.97,true,1,
7290008989671,false,ציפוי עדיף פריך,,IL,ציפוי עדיף פריך,גרמים,250.00,100 גרם,false,0,9.90,3.96,true,1,
7290008989695,false,ח.מלאה תפוחה בדבש400גרם,,IL,חיטה מלאה תפוחה,גרמים,400.00,100 גרם,false,0,13.90,3.48,true,1,
7290008989749,false,פריכיות קינואה,,IL,פריכיות קינואה,גרמים,200.00,100 גרם,false,0,10.90,5.45,true,1,
7290008989848,false,חמאת בוטנים,,IL,חמאת בוטנים,גרמים,350.00,100 גרם,false,0,13.90,3.97,true,1,
7290008989855,false,פריכוני אורז,,IL,פריכוני אורז,גרמים,80.00,100 גרם,false,0,3.90,4.88,true,1,
7290008989893,false,דייסת כוסמת,,IL,דייסת כוסמת,גרמים,200.00,100 גרם,false,0,9.90,4.95,true,1,
7290008989909,false,סירופ תפוחים,,,סירופ תפוחים,ליטרים,1.20,ליטר,false,0,32.90,27.42,true,1,
7290008989916,false,סירופ אננס,,IL,סירופ אננס,ליטרים,1.20,ליטר,false,0,32.90,27.42,true,1,
7290008989923,false,סירופ אפרסק,,,סירופ אפרסק,ליטרים,1.20,ליטר,false,0,32.90,27.42,true,1,
7290008989947,false,סירופ דובדבן,,,סירופ דובדבן,ליטרים,1.20,ליטר,false,0,32.90,27.42,true,1,
7290008989954,false,סירופ תפוזים,,,סירופ תפוזים,ליטרים,1.20,ליטר,false,0,32.90,27.42,true,1,
7290009068931,true,דלעת מקולפת,,IL,דלעת מקולפת,גרמים,0.00,"ק""ג",true,0,34.00,34.00,true,1,
7290009069075,true,צנובר במשקל,,IL,צנובר במשקל,גרמים,0.00,"ק""ג",true,0,170.00,170.00,true,1,
7290009069082,true,קשיו טבעי,,IL,קשיו טבעי,גרמים,0.00,"ק""ג",true,0,59.00,59.00,true,1,
7290009069259,true,קבוקים במשקל,,IL,קבוקים במשקל,גרמים,0.00,"ק""ג",true,0,36.00,36.00,true,1,
7290009069433,true,אפרסק אמריקאי במשקל,,IL,אפרסק אמריקאי,קילוגרמים,0.00,"ק""ג",true,0,74.00,74.00,true,1,
7290009069471,true,מנגו מיובש טבעי,,IL,מנגו מיובש טבעי,גרמים,0.00,"ק""ג",true,0,98.00,98.00,true,1,
7290010023141,false,חל.לימונענע גן קסום25שק',ויסוצקי,IL,חליטת לימונענע,גרמים,55.00,100 גרם,false,0,12.90,23.45,true,1,
7290010023943,false,תה רויבוש קינמון+וניל25ש,תה ויסוצקי,IL,תה רויבוש,גרמים,50.00,100 גרם,false,0,22.90,45.80,true,1,
7290010066513,false,טונה בשמן צמחי 158*4 גרם,תעשיות פילטונה,IL,טונה בשמן 4 יח,גרמים,632.00,100 גרם,false,0,19.90,3.15,true,1,
7290010066575,false,טונה במי מלח 158*4 גרם,תעשיות פילטונה,IL,טונה במי מלח 4יח,גרמים,632.00,100 גרם,false,0,19.90,3.15,true,1,
7290010066582,false,טונה בשמן קנולה 158*4 גר,תעשיות פילטונה,IL,טונה בשמן 4 יח,גרמים,632.00,100 גרם,false,0,19.90,3.15,true,1,
7290010066599,false,טונה בשמן זית 158*4 גרם,תעשיות פילטונה,IL,טונה בשמן זית4יח,גרמים,632.00,100 גרם,false,0,27.90,4.41,true,1,
7290010068005,false,פופקורן בוואקום,,IL,פופקורן בוואקום,גרמים,500.00,100 גרם,false,0,8.90,1.78,true,1,
7290010068036,false,עדשים ירוקים,,IL,עדשים ירוקים,גרמים,500.00,100 גרם,false,0,8.90,1.78,true,1,
7290010068043,false,עדשים אדומים,,IL,עדשים אדומים,גרמים,500.00,100 גרם,false,0,10.90,2.18,true,1,
7290010068067,false,אורז לבן יסמין,,IL,אורז לבן יסמין,גרמים,500.00,100 גרם,false,0,7.90,1.58,true,1,
7290010068074,false,שעועית לבנה,,IL,שעועית לבנה,גרמים,500.00,100 גרם,false,0,9.90,1.98,true,1,
7290010068081,false,כוסמת קלויה,,IL,כוסמת קלויה,גרמים,500.00,100 גרם,false,0,8.90,1.78,true,1,
7290010068098,false,חיטה,,IL,חיטה,גרמים,500.00,100 גרם,false,0,7.90,1.58,true,1,
7290010068104,false,שעועית אדומה,,IL,שעועית אדומה,גרמים,500.00,100 גרם,false,0,9.90,1.98,true,1,
7290010068111,false,גריסי פנינה,,IL,גריסי פנינה,גרמים,500.00,100 גרם,false,0,7.90,1.58,true,1,
7290010068128,false,אפונה יבשה,,IL,אפונה יבשה,גרמים,500.00,100 גרם,false,0,7.90,1.58,true,1,
7290010068159,false,קוואקר,,IL,קוואקר,גרמים,320.00,100 גרם,false,0,6.90,2.16,true,1,
7290010068166,false,חיטה מלאה 500 גרם,"ע.רן שיווק כיטוב בע""מ",IL,חיטה מלאה,גרמים,500.00,100 גרם,false,0,7.90,1.58,true,1,
7290010068173,false,בורגול,,IL,בורגול,גרמים,500.00,100 גרם,false,0,7.90,1.58,true,1,
7290010068197,false,שעועית מעורבת,,IL,שעועית מעורבת,גרמים,500.00,100 גרם,false,0,9.90,1.98,true,1,
7290010068203,false,אורז בסמטי,,,אורז בסמטי,גרמים,500.00,100 גרם,false,0,8.90,1.78,true,1,
7290010068227,false,קינואה,,,קינואה,גרמים,300.00,100 גרם,false,0,12.90,4.30,true,1,
7290010068234,false,שומשום מלא,,,שומשום מלא,גרמים,200.00,100 גרם,false,0,8.90,4.45,true,1,
7290010068265,false,חומוס לבן,,,חומוס לבן,גרמים,500.00,100 גרם,false,0,11.90,2.38,true,1,
7290010068357,false,אורז לבן פרסי,,IL,אורז לבן פרסי,קילוגרמים,2.00,"ק""ג",false,0,23.90,11.95,true,1,
7290010068500,false,אורז פרסי,,IL,אורז פרסי,גרמים,1000.00,100 גרם,false,0,12.90,1.29,true,1,
7290010068708,false,קוואקר שקית,,IL,קוואקר שקית,גרמים,500.00,100 גרם,false,0,9.90,1.98,true,1,
7290010068746,false,קמח תירס 400 גרם,,IL,קמח תירס 400 גרם,גרמים,400.00,100 גרם,false,0,8.90,2.23,true,1,
7290010068753,false,קוסקוס נקי בוואקום 350 ג,,IL,קוסקוס,גרמים,350.00,100 גרם,false,1,7.90,2.26,true,1,
7290010068784,false,אורז בסמטי,,IL,אורז בסמטי,גרמים,1000.00,100 גרם,false,0,14.90,1.49,true,1,
7290010068852,false,אורז לבן יסמין,,IL,אורז לבן יסמין,קילוגרמים,1.00,"ק""ג",false,0,13.90,13.90,true,1,
7290010068876,false,גריסים,,IL,גריסים,קילוגרמים,1.00,"ק""ג",false,0,13.90,13.90,true,1,
7290010068890,false,שעועית לבנה,,,שעועית לבנה,גרמים,1000.00,100 גרם,false,0,17.90,1.79,true,1,
7290010068906,false,אורז מלא,,,אורז מלא,קילוגרמים,1.00,"ק""ג",false,0,14.90,14.90,true,1,
7290010116980,false,שוקולית 850 גרם,שטראוס קפה בי.וי.,IL,שוקולית עלית,גרמים,850.00,100 גרם,false,0,12.90,1.52,true,1,
7290010117864,false,דוריטוס בטעם חריף אש70גר,"שטראוס פריטו ליי בע""\מ )",IL,דוריטוס חריף,גרמים,70.00,100 גרם,false,0,2.90,4.14,true,1,
7290010119240,false,תפוצ'יפס טבעי 12יח18Xגרם,"שטראוס פריטו ליי בע""\מ )",IL,תפוצ'יפס 12 יח,גרמים,216.00,100 גרם,false,0,12.90,5.97,true,1,
7290010124084,false,סטיק מינוט איכותי מהדרין,"בלדי בע""\מ",IL,סטייק מינוט,גרמים,300.00,100 גרם,false,1,44.90,14.97,true,1,
7290010124312,false,"נקנקיות מרגז עד""ח 500 גר",,IL,נקנקיות מרגז,גרמים,500.00,100 גרם,false,1,39.90,7.98,true,1,
7290010124459,false,"נקנקיות צ'וריסוס עד""ח 50",,IL,נקנקיות צ'וריסוס,גרמים,500.00,100 גרם,false,1,39.90,7.98,true,1,
7290010124473,false,אפונה עדינה 600 גרם,פספרוסט,BE,אפונה עדינה,גרמים,600.00,100 גרם,false,1,12.90,2.15,true,1,
7290010153503,false,שעועית ענק 400 גרם,מיה תעשיות מזון מ.ת.מ. ב,IL,שעועית ענק,גרמים,400.00,100 גרם,false,0,7.50,1.88,true,1,
7290010153510,false,בורגול 500 גרם,מיה תעשיות מזון מ.ת.מ. ב,IL,בורגול,גרמים,500.00,100 גרם,false,0,3.90,0.78,true,1,
7290010153534,false,קמח תירס 400 גרם,מיה תעשיות מזון מ.ת.מ. ב,IL,קמח תירס,גרמים,400.00,100 גרם,false,0,4.90,1.23,true,1,
7290010153541,false,שיבולת שועל קוואקר 500גר,מיה תעשיות מזון מ.ת.מ. ב,IL,שיבולת שועל,גרמים,500.00,100 גרם,false,0,3.90,0.78,true,1,
7290010153688,false,חומץ טבעי %5 1 ליטר,מיה,IL,חומץ טבעי,מיליליטרים,1000.00,"100 מ""ל",false,0,4.90,0.49,true,1,
7290010153695,false,פול 400 גרם,מיה תעשיות מזון מ.ת.מ. ב,IL,פול 400 גרם,גרמים,400.00,100 גרם,false,0,6.90,1.73,true,1,
7290010153725,false,קונפיטורה דובדבן 340 גרם,מיה תעשיות מזון מ.ת.מ. ב,IL,קונפיטורה דובדבן,גרמים,340.00,100 גרם,false,0,8.90,2.62,true,1,
7290010153770,false,ציפוי לשניצל פיקנטי500גר,מיה תעשיות מזון מ.ת.מ. ב,IL,ציפוי לשניצל,גרמים,500.00,100 גרם,false,0,7.90,1.58,true,1,
7290010153787,false,ציפוי לשניצל עם שום500גר,מיה תעשיות מזון מ.ת.מ. ב,IL,ציפוי לשניצל,גרמים,500.00,100 גרם,false,0,7.90,1.58,true,1,
7290010153794,false,ציפוי שניצל+עש.תיבול500ג,מיה תעשיות מזון מ.ת.מ. ב,IL,ציפוי לשניצל,גרמים,500.00,100 גרם,false,0,7.90,1.58,true,1,
7290010153800,false,ציפוי שניצל+תיב.עדין500ג,מיה תעשיות מזון מ.ת.מ. ב,IL,ציפוי לשניצל,גרמים,500.00,100 גרם,false,0,7.90,1.58,true,1,
7290010153817,false,ריבת חלב 400 גרם,מיה תעשיות מזון מ.ת.מ. ב,IL,ריבת חלב,גרמים,400.00,100 גרם,false,0,8.90,2.23,true,1,
7290010153848,false,פפריקה מרוקאית בשמן 80 ג,מיה תעשיות מזון מ.ת.מ. ב,IL,פפריקה בשמן,גרמים,80.00,100 גרם,false,0,5.90,7.38,true,1,
7290010153855,false,פפריקה מתוקה מרוקאי 300ג,מיה תעשיות מזון מ.ת.מ. ב,IL,פפריקה מרוקאית,גרמים,300.00,100 גרם,false,0,12.90,4.30,true,1,
7290010153862,false,פלפל שחור גרוס 70 גרם,מיה תעשיות מזון מ.ת.מ. ב,IL,פלפל שחור גרוס,גרמים,70.00,100 גרם,false,0,6.90,9.86,true,1,
7290010153879,false,ריבת חלב טעם שמנת 400גר,מיה תעשיות מזון מ.ת.מ. ב,IL,ריבת חלב ט.שמנת,גרמים,400.00,100 גרם,false,0,8.90,2.23,true,1,
7290010153893,false,ריבת חלב טעם שוקולד400גר,מיה תעשיות מזון מ.ת.מ. ב,IL,ריבת חלב טעם,גרמים,400.00,100 גרם,false,0,8.90,2.23,true,1,
7290010153978,false,קונפיטורה שזיפים 340 גרם,מיה תעשיות מזון מ.ת.מ. ב,IL,קונפיטורה שזיפים,גרמים,340.00,100 גרם,false,0,8.90,2.62,true,1,
7290010173181,false,"גליל אלה 750 מ""ל",יקב הרי גליל,IL,יין גליל אלה,מיליליטרים,750.00,"100 מ""ל",false,0,49.00,6.53,true,1,
7290010173334,false,"יין בר סירה 750 מ""ל",יקב הרי גליל,IL,יין בר סירה,מיליליטרים,750.00,"100 מ""ל",false,0,27.90,3.72,true,1,
7290010175048,false,מיץ לימון משומר 1 ליטר,,IL,מיץ לימון משומר 1 ליטר,ליטרים,1.00,ליטר,false,0,3.90,3.90,true,1,
7290010175291,false,קקאו הולנדי,,IL,קקאו הולנדי,גרמים,500.00,100 גרם,false,0,16.90,3.38,true,1,
7290010175819,false,חמאת בוטנים,,IL,חמאת בוטנים,גרמים,510.00,100 גרם,false,0,10.90,2.14,true,1,
7290010175826,false,חמאת בוטנים,,AR,חמאת בוטנים,גרמים,510.00,100 גרם,false,0,10.90,2.14,true,1,
7290010175857,false,לבבות דקל פרוס 400 גרם,טעמן,EC,לבבות דקל פרוס,גרמים,400.00,100 גרם,false,0,10.90,2.73,true,1,
7290010176212,false,נודלס בטעם עוף,,CN,נודלס בטעם עוף,גרמים,65.00,100 גרם,false,0,3.90,6.00,true,1,
7290010176236,false,נודלס טעם ירקו,,CN,נודלס טעם ירקו,גרמים,65.00,100 גרם,false,0,3.90,6.00,true,1,
7290010176243,false,נודלס פיקנטי,,CN,נודלס פיקנטי,גרמים,65.00,100 גרם,false,0,3.90,6.00,true,1,
7290010176793,false,סוכריות מיני,,CA,סוכריות מיני,גרמים,320.00,100 גרם,false,0,15.90,4.97,true,1,
7290010193035,false,"כבד עוף עד""ח 250",,IL,"כבד עוף עד""ח 250",גרמים,250.00,100 גרם,false,0,33.90,13.56,true,1,
7290010193103,false,שניצל הודו אמיתי 700 גרם,גלאט עוף,IL,שניצל הודו 700,גרמים,700.00,100 גרם,false,0,36.90,5.27,true,1,
7290010193288,false,"קישקע ממולא עד""ח 500 גרם",גלאט עוף,IL,קישקע קפוא 500 ג,גרמים,500.00,100 גרם,false,0,13.90,2.78,true,1,
7290010193301,false,שווארמה אמיתית,,,שווארמה אמיתית,גרמים,600.00,100 גרם,false,0,41.90,6.98,true,1,
7290010193387,false,תה מעושן 400 גרם,גלאט עוף,IL,תה מעושן,גרמים,400.00,100 גרם,false,0,19.90,4.98,true,1,
7290010193394,false,תה מעושן,,IL,תה מעושן,גרמים,200.00,100 גרם,false,0,9.90,4.95,true,1,
7290010193431,false,סלמי מובחר 200 גרם,גלאט עוף,IL,סלמי מובחר200גרם,גרמים,200.00,100 גרם,false,0,12.90,6.45,true,1,
7290010193448,false,פסטרמה רומנית 400 גרם,גלאט עוף,IL,פסטרמה רומנית,גרמים,400.00,100 גרם,false,0,29.90,7.48,true,1,
7290010193479,false,מעדן שווארמה 200 גרם,גלאט עוף,IL,מעדן שווארמה200ג,גרמים,200.00,100 גרם,false,0,13.90,6.95,true,1,
7290010193486,false,חזה הודו מעושן 400 גרם,גלאט עוף,IL,חזה הודו מעושן,גרמים,400.00,100 גרם,false,0,28.90,7.23,true,1,
7290010193493,false,חזה הודו מעושן 200 גרם,גלאט עוף,IL,חזה הודו מעושן,גרמים,200.00,100 גרם,false,0,15.90,7.95,true,1,
7290010193523,false,פסטרמה מעודנת 400 גרם,גלאט עוף,IL,פסטרמה מעודנת,גרמים,400.00,100 גרם,false,0,21.90,5.48,true,1,
7290010193530,false,קבנוס 180 גרם,ברקאי,IL,קבנוס 180 גרם,גרמים,180.00,100 גרם,false,0,12.90,7.17,true,1,
7290010193608,false,נקניקיות עוף 3יח300*גרם,גלאט עוף,IL,נקניקיות עוף,גרמים,900.00,100 גרם,false,0,19.90,2.21,true,1,
7290010193615,false,נקניק תה + פסטרמה 600 גר,גלאט עוף,IL,נקניק תה+פסטרמה,גרמים,600.00,100 גרם,false,0,23.90,3.98,true,1,
7290010193769,false,נגיסי עוף600 גרם,גלאט עוף,IL,נגיסי עוף,גרמים,600.00,100 גרם,false,0,19.90,3.32,true,1,
7290010193776,false,טבעות עוף 600 גרם טבעות,גלאט עוף,IL,טבעות עוף,גרמים,600.00,100 גרם,false,0,19.90,3.32,true,1,
7290010193783,false,שניצל אמריקאי 700גרם שני,גלאט עוף,IL,שניצל אמריקאי 700גרם שני,גרמים,700.00,100 גרם,false,0,22.90,3.27,true,1,
7290010193806,false,נקניקיות עוף קפוא 400 גר,גלאט עוף,IL,נקניקיות עוף,גרמים,400.00,100 גרם,false,0,9.50,2.38,true,1,
7290010193899,false,"קישקע קמח מלא עד""ח 500 ג",,IL,קישקע קמח מלא,גרמים,500.00,100 גרם,false,0,14.90,2.98,true,1,
7290010193905,false,נקנקיות עוף 800 גרם 800,,IL,נקנקיות עוף 800ג,גרמים,800.00,100 גרם,false,1,18.90,2.36,true,1,
7290010193912,false,שניצלונים בשומשום600- גר,,IL,שניצלונים בשומשו,גרמים,600.00,100 גרם,false,1,29.90,4.98,true,1,
7290010193981,false,נקניק הודו 400 גרם,,IL,נקניק הודו 400גר,גרמים,400.00,100 גרם,false,1,22.90,5.73,true,1,
7290010193998,false,קישקע פרווה 700 גרם,גלאט עוף,IL,קישקע פרווה,גרמים,700.00,100 גרם,false,1,17.90,2.56,true,1,
7290010237531,false,פפסי בקבוק,,IL,פפסי בקבוק,מיליליטרים,500.00,"100 מ""ל",false,0,3.90,0.78,true,1,
7290010237548,false,פפסי מקס,,IL,פפסי מקס,מיליליטרים,500.00,"100 מ""ל",false,0,4.50,0.90,true,1,
7290010237562,false,מירינדה,,IL,מירינדה,מיליליטרים,500.00,"100 מ""ל",false,0,3.90,0.78,true,1,
7290010237579,false,סבנ אפ,,IL,סבנ אפ,מיליליטרים,500.00,"100 מ""ל",false,0,3.90,0.78,true,1,
7290010237586,false,סבנ אפ דיאט,,IL,סבנ אפ דיאט,מיליליטרים,500.00,"100 מ""ל",false,0,4.50,0.90,true,1,
7290010237784,false,"מכבי שנדי ליים 330*6 מ""ל","טמפו משקאות בע""\מ",IL,מכבי שנדי 6 יח,ליטרים,1.98,ליטר,false,0,24.90,12.58,true,1,
7290010237890,false,בירה הייניקן בק.חוזר500מ,טמפו משקאות בע''מ,IL,בירה הייניקן,מיליליטרים,500.00,"100 מ""ל",false,0,8.90,1.78,true,1,
7290010259823,false,מנת השף נודלס,,TH,מנת השף נודלס,גרמים,70.00,100 גרם,false,0,5.90,8.43,true,1,
7290010259830,false,מנת השף נודלס,,TH,מנת השף נודלס,גרמים,70.00,100 גרם,false,0,5.90,8.43,true,1,
7290010259847,false,מנת השף נודלס,,TH,מנת השף נודלס,גרמים,70.00,100 גרם,false,0,5.90,8.43,true,1,
7290010259854,false,מנת השף נודלס,,TH,מנת השף נודלס,גרמים,70.00,100 גרם,false,0,5.90,8.43,true,1,
7290010259861,false,מנת השף נודלס,,TH,מנת השף נודלס,גרמים,70.00,100 גרם,false,0,5.90,8.43,true,1,
7290010328093,false,ממרח חלוה אחוה 400 גרם,"אחדות ביח""ר לטחינה",IL,ממרח חלוה,גרמים,400.00,100 גרם,false,0,9.90,2.48,true,1,
7290010328178,false,חלוה מסולסלת 250 גרם,אחווה,IL,חלוה מסולסלת,גרמים,250.00,100 גרם,false,0,8.90,3.56,true,1,
7290010328239,false,טחינה מתובלת שומשום 500ג,"אחדות בע""מ א.ת. ברקן",IL,טחינה מתובלת,גרמים,500.00,100 גרם,false,0,8.90,1.78,true,1,
7290010328246,false,טחינה משומשום מלא 500 גר,"אחדות ביח""ר לטחינה",IL,טחינה שומשום מלא,גרמים,500.00,100 גרם,false,0,8.90,1.78,true,1,
7290010328253,false,טחינה משומשום טבעי 500גר,"אחדות בע""מ א.ת. ברקן",IL,טחינה טבעי,גרמים,500.00,100 גרם,false,0,8.90,1.78,true,1,
7290010328345,false,חטיף חלווה 50 גרם,"אחדות ביח""ר לטחינה",IL,חטיף חלווה,גרמים,50.00,100 גרם,false,0,1.60,3.20,true,1,
7290010328451,false,חלווה+פולי קקאו,,IL,חלווה+פולי קקאו,גרמים,400.00,100 גרם,false,0,8.80,2.20,true,1,
7290010328468,false,מיני חלווה 3 טעמים12*18ג,"אחדות ביח""ר לטחינה",IL,מיני חלווה 18 יח,גרמים,226.00,100 גרם,false,0,9.80,4.34,true,1,
7290010328505,false,"מיני חלוה ללת""ס15יח10*גר","אחדות בע""מ א.ת. ברקן",IL,מיני חלווה,גרמים,150.00,100 גרם,false,0,9.80,6.53,true,1,
7290010328710,false,קיצפיות בטעם וניל תות 18,,IL,קיצפיות 180 גרם,גרמים,180.00,100 גרם,false,1,8.50,4.72,true,1,
7290010328727,false,ממרח שומשום עם שוקולד 40,,IL,ממרח שומשום 400ג,גרמים,400.00,100 גרם,false,1,9.90,2.48,true,1,
7290010328734,false,ממרח שומשום עם סילאן400ג,,IL,ממרח שומשום400גר,גרמים,400.00,100 גרם,false,1,9.90,2.48,true,1,
7290010328765,false,חלוה בטעם שוקו וניל יחי',,IL,חלוה בטעם שוקו ו,יחידה,1.00,יחידה,false,1,1.60,1.60,true,1,
7290010328819,false,"ממרח טחינה שוק.ללת""ס400ג",אחדות,IL,ממרח טחינה,גרמים,400.00,100 גרם,false,1,9.90,2.48,true,1,
7290010328895,false,מאפין שוקולד אישי אחוה,אחדות,IL,מאפין שוקולד45ג,גרמים,45.00,100 גרם,false,1,1.30,2.89,true,1,
7290010328901,false,מאפין וניל אישי אחוה,.,IL,מאפין בטעם וניל,גרמים,45.00,100 גרם,false,1,1.30,2.89,true,1,
7290010329977,false,מטבעות שוק.מריר פרווה48ג,כרמית,IL,מטבעות שוקולד,גרמים,48.00,100 גרם,false,0,2.90,6.04,true,1,
7290010429554,false,"שמן זית 2 קלאסי 750מ""ל",מכוורת יד מרדכי שטראוס ב,IL,שמן זית 2 קלאסי,מיליליטרים,750.00,"100 מ""ל",false,0,32.90,4.39,true,1,
7290010471669,false,דנונה בר תות קורנפ175.גר,"שטראוס בריאות בע""\מ",IL,דנונה בר תות,גרמים,175.00,100 גרם,false,0,3.90,2.23,true,1,
7290010507108,false,קקאו הולנדי 200 גרם,,IL,קקאו הולנדי,גרמים,200.00,100 גרם,false,0,7.90,3.95,true,1,
7290010507160,false,תערובת בריאות לסלט 100 ג,,IL,תערובת בריאות לס,גרמים,100.00,100 גרם,false,1,4.90,4.90,true,1,
7290010507177,false,שקד מולבן 100גרם,,IL,שקד מולבן 100גרם,גרמים,100.00,100 גרם,false,0,7.90,7.90,true,1,
7290010507191,false,פקאן סיני 100 גרם,,IL,פקאן סיני 100 גר,גרמים,100.00,100 גרם,false,1,9.90,9.90,true,1,
7290010507443,false,שוקולד ציפס 300ג,,IL,שוקולד ציפס 300ג,גרמים,300.00,100 גרם,false,0,6.90,2.30,true,1,
7290010507528,false,חמוציות קרנבריס 500 גרם,,IL,חמוציות קרנבריס,גרמים,500.00,100 גרם,false,0,15.90,3.18,true,1,
7290010507672,false,אגוזי לוז טבעי 100 גרם,,IL,אגוזי לוז טבעי,גרמים,100.00,100 גרם,false,0,7.90,7.90,true,1,
7290010507689,false,שבבי בצל 200 גרם,,IL,שבבי בצל .,גרמים,200.00,100 גרם,false,1,6.90,3.45,true,1,
7290010507702,false,סוכר חום,,IL,סוכר חום,קילוגרמים,1.00,"ק""ג",false,0,6.90,6.90,true,1,
7290010507733,false,גרעיני דלעת 100 גרם,,IL,גרעיני דלעת 100ג,גרמים,100.00,100 גרם,false,1,4.90,4.90,true,1,
7290010507900,false,תה נמס מגורען   גלי 20 ג,,IL,תה נמס מגורען   גלי 20 ג,גרמים,20.00,100 גרם,false,0,13.90,69.50,true,1,
7290010507948,false,אבקת פלאפל,,IL,אבקת פלאפל,גרמים,500.00,100 גרם,false,0,9.90,1.98,true,1,
7290010508013,false,פירורי לחם מוזהבים קדמה,,IL,פירורי לחם מוזהב,גרמים,400.00,100 גרם,false,1,5.90,1.48,true,1,
7290010613014,false,נוזל רצפות סופר ווקס 2 ל,,IL,נוזל רצפות סופר,ליטרים,0.00,ליטר,false,1,16.90,16.90,true,1,
7290010613052,false,רצפות מרוכז בניחוח מרכך,,IL,רצפות מרוכז 2 ל,ליטרים,0.00,ליטר,false,1,15.90,15.90,true,1,
7290010613083,false,רצפות מרוכז בניחוח מרכך,,IL,רצפות מרוכז 2 ל,ליטרים,0.00,ליטר,false,1,15.90,15.90,true,1,
7290010613106,false,רצפות מרוכז בניחוח מרכך,,IL,רצפות מרוכז 2 ל,ליטרים,0.00,ליטר,false,1,15.90,15.90,true,1,
7290010613526,false,דלי מטליות לניקוי והברקה,,IL,דלי מטליות לניקו,יחידה,1.00,יחידה,false,1,14.90,14.90,true,1,
7290010617180,false,מוצץ פרח זוג גדול,אריסטוקרט,TH,מוצץ פרח זוג,יחידה,1.00,יחידה,false,0,14.90,14.90,true,1,
7290010617241,false,מוצץ פרח זוג בינוני,אריסטוקרט,TH,מוצץ פרח זוג,יחידה,1.00,יחידה,false,0,14.90,14.90,true,1,
7290010617258,false,מוצץ פרח זוג קטן,אריסטוקרט,TH,מוצץ פרח זוג,יחידה,1.00,יחידה,false,0,14.90,14.90,true,1,
7290010617333,false,מארז כוסות קש 3 יחידות,אריסטוקרט,IL,מארז כוסות קש,יחידה,1.00,יחידה,false,0,6.90,6.90,true,1,
7290010617364,false,מברשת שיער יוקרתית יח,,IL,מברשת שיער,יחידה,1.00,יחידה,false,0,8.90,8.90,true,1,
7290010617395,false,תחליף מגבונים,,,תחליף מגבונים,מיליליטרים,125.00,"100 מ""ל",false,0,9.90,7.92,true,1,
7290010617425,false,מברשת שיניים,,,מברשת שיניים,יחידה,1.00,יחידה,false,0,4.90,4.90,true,1,
7290010617555,false,כוס אימון מהפכנית,אריסטוקרט,IL,כוס אימון,יחידה,1.00,יחידה,false,0,9.90,9.90,true,1,
7290010617586,false,9 כריות יפניות,,IL,כריות יפניות,יחידה,1.00,יחידה,false,0,7.90,7.90,true,1,
7290010617593,false,כוס אימון עם ידיות,אריסטוקרט,IL,כוס אימון,יחידה,1.00,יחידה,false,0,12.90,12.90,true,1,
7290010617609,false,זוג מוצצים בבליסטר,אריסטוקרט,TH,מוצצים בבליסטר,יחידה,1.00,יחידה,false,0,12.90,12.90,true,1,
7290010617623,false,כוס אימון עם ידית,אריסטוקרט,IL,כוס אימון,יחידה,1.00,יחידה,false,0,12.90,12.90,true,1,
7290010617654,false,מברשת שיניים,,,מברשת שיניים,יחידה,1.00,יחידה,false,0,4.90,4.90,true,1,
7290010617746,false,משחת נעליים,,,משחת נעליים,מיליליטרים,60.00,"100 מ""ל",false,0,3.90,6.50,true,1,
7290010617906,false,מברשת לניקוי בקבוקים,אריסטוקרט,IL,מברשת לניקוי,יחידה,1.00,יחידה,false,0,12.90,12.90,true,1,
7290010617913,false,"בקבוק רחב לתינוק 260 מ""ל",אריסטוקרט,TH,בקבוק רחב לתינוק,יחידה,1.00,יחידה,false,0,16.90,16.90,true,1,
7290010617920,false,שרשרת מוצץ יוקרתית,אריסטוקרט,TH,שרשרת מוצץ,יחידה,1.00,יחידה,false,0,12.90,12.90,true,1,
7290010617968,false,קסמי שיניים דנטלים,אריסטוקרט,,קסמי שיניים דנטל,יחידה,1.00,יחידה,false,0,8.90,8.90,true,1,
7290010627004,false,טחינה ירושלים 500 גרם,"טחינה ירושלים בע""מ",IL,טחינה ירושלים,גרמים,500.00,100 גרם,false,0,11.90,2.38,true,1,
7290010627370,false,אננס חתוך,,IL,אננס חתוך,קילוגרמים,3.00,"ק""ג",false,0,29.90,9.97,true,1,
7290010627431,false,"אורז יסמין 5 ק""ג ""יונים""",,IL,"אורז יסמין 5 ק""ג",גרמים,5000.00,100 גרם,false,1,45.90,0.92,true,1,
7290010627554,false,קוקטייל פירות   9 אריזות,,IL,קוקטייל פירות   9 אריזות,גרמים,900.00,100 גרם,false,0,9.90,1.10,true,1,
7290010627844,false,טחינה מלאה ירושלים 500 ג,"טחינה ירושליים בע""מ",IL,טחינה מלאה,גרמים,500.00,100 גרם,false,1,11.90,2.38,true,1,
7290010656592,false,תירוש טבעי אדום,,IL,תירוש טבעי אדום,ליטרים,1.00,ליטר,false,0,16.90,16.90,true,1,
7290010656615,false,תירוש %100 טבעי לבן 1 לי,,IL,תירוש טבעי לבן,ליטרים,1.00,ליטר,false,0,16.90,16.90,true,1,
7290010711024,false,מגב חלון מיוחד חצי מתכת,,IL,מגב חלון מיוחד,יחידה,1.00,יחידה,false,1,5.90,5.90,true,1,
7290010711086,false,סופר מגבת 700 גר,מ.א,IL,סופר מגבת,יחידה,1.00,יחידה,false,0,15.90,15.90,true,1,
7290010711123,false,ננס רביעייה יח,מ.א,CN,ננס רביעייה,יחידה,1.00,יחידה,false,0,5.90,5.90,true,1,
7290010711437,false,סקוטש אמריקאי,,IL,סקוטש אמריקאי,יחידה,1.00,יחידה,false,0,7.90,7.90,true,1,
7290010711666,false,זוג ממרקות,,CN,זוג ממרקות,גרמים,30.00,100 גרם,false,0,2.90,9.67,true,1,
7290010711901,false,מטליות רצפה מיקרו 3,מ.א,CN,מטליות רצפה 3 יח,יחידה,1.00,יחידה,false,0,11.90,11.90,true,1,
7290010711918,false,5מטליות מיקרו לניקוי כלל,,IL,מטליות מיקרו לני,יחידה,1.00,יחידה,false,1,5.90,5.90,true,1,
7290010711932,false,מטליות רב שימושיות 9 יח',מ.א,IL,מטליות,יחידה,1.00,יחידה,false,0,7.90,7.90,true,1,
7290010748525,false,מרכך לילדים סרקל פורטה,פישר מעבדות פרמצבטיות בע,IL,מרכך סרקל פורטה,מיליליטרים,750.00,"100 מ""ל",false,0,16.90,2.25,true,1,
7290010748853,false,ק.ידים אפקטיב קר עדין150,פישר מעבדות פרמצבטיות בע,IL,קרם ידיים,מיליליטרים,150.00,"100 מ""ל",false,0,9.90,6.60,true,1,
7290010748860,false,ק.ידיים אפקטיב קר יבש150,פישר מעבדות פרמצבטיות בע,IL,קרם ידיים,מיליליטרים,150.00,"100 מ""ל",false,0,9.90,6.60,true,1,
7290010760749,false,"לחמניה ל.גלוטן כשל""פ400ג",מאפיית אריאל,IL,לחמניה ללא גלוטן,גרמים,400.00,100 גרם,false,0,14.90,3.73,true,1,
7290010777099,false,פיתות במרקם מיוחד 100*8ג,פיתה אקספרס,IL,פיתות אקספרס 8יח,גרמים,800.00,100 גרם,false,1,11.90,1.49,true,1,
7290010777150,false,פיתות 100%חיטה מלא 8יח',פיתה אקספרס,IL,פיתות ריבוע,גרמים,900.00,100 גרם,false,0,13.90,1.54,true,1,
7290010777297,false,פיתות ביס 12יח' 600גרם,פיתה אקספרס,IL,פיתות ביס,גרמים,600.00,100 גרם,false,0,13.90,2.32,true,1,
7290010777358,false,פיתה100% כוסמין 50*8 גרם,פיתה אקספרס,IL,פיתות כוסמין 8יח,גרמים,400.00,100 גרם,false,1,16.90,4.23,true,1,
7290010777488,false,פיתה מחמצת 10 יחידות300ג,פיתה אקספרס,IL,פיתה מחמצת,גרמים,300.00,100 גרם,false,1,15.90,5.30,true,1,
7290010777525,false,פיתות100% כוסמין 50*6 גר,---,IL,פיתות כוסמין מלא,גרמים,300.00,100 גרם,false,1,16.90,5.63,true,1,
7290010814244,false,שוקולד מריר אגו 100*3 גר,"כרמית תעשיות ממתקים בע""\",IL,שוקולד מריר 3יח',גרמים,300.00,100 גרם,false,0,8.90,2.97,true,1,
7290010814268,false,שוקולד לבן אגו 85*3 גרם,"כרמית תעשיות ממתקים בע""\",IL,שוקולד לבן 3 יח',גרמים,255.00,100 גרם,false,0,8.90,3.49,true,1,
7290010814701,false,"שוקולד חלב ללת""ס 85 גרם","כרמית תעשיות ממתקים בע""\",IL,שוקולד חלב,גרמים,85.00,100 גרם,false,0,5.90,6.94,true,1,
7290010838424,false,"דאק לאסלה רענן 750*2 מ""ל",ג'ונסון,NL,דאק לאסלה זוג,ליטרים,1.50,ליטר,false,0,16.90,11.27,true,1,
7290010838431,false,דאק לאסלה ניחוח ים750*2מ,אס.סי.ג'ונסון מידרכט,NL,דאק לאסלה זוג,ליטרים,1.50,ליטר,false,0,16.90,11.27,true,1,
7290010880003,false,"ליקר שוקולד לביא 500 מ""ל",.,IL,ליקר שוקולד לביא,מיליליטרים,500.00,"100 מ""ל",false,1,69.90,13.98,true,1,
7290010880058,false,ליקר דובדבנים לביא,טפרברג,IL,ליקר דובדבנים לב,מיליליטרים,500.00,"100 מ""ל",false,1,69.90,13.98,true,1,
7290010880065,false,ליקר אוכמניות לביא,טפרברג,IL,ליקר אוכמניות לב,מיליליטרים,500.00,"100 מ""ל",false,1,69.90,13.98,true,1,
7290010880201,false,ליקר שוקולד מנטה לביא 50,,IL,ליקר שוקולד מנטה,מיליליטרים,500.00,"100 מ""ל",false,1,69.90,13.98,true,1,
7290010880225,false,ליקר שוקולד פיסטוק לביא,,IL,ליקר שוקולד פיסט,יחידה,1.00,יחידה,false,1,69.90,69.90,true,1,
7290010882632,false,ליקר אספרסו לביא,טפרברג,IL,ליקר אספרסו לביא,מיליליטרים,500.00,"100 מ""ל",false,1,69.90,13.98,true,1,
7290010883042,false,סנובון נוזלי רענן 750 מל,סנו מפעלי ברונוס בעמ,IL,סנובון נוזלי,מיליליטרים,750.00,"100 מ""ל",false,0,8.90,1.19,true,1,
7290010922017,false,"אננס קפוא עד""ח 250 גרם","הבו-קדו בע""\מn\",IL,אננס קפוא 250גרם,גרמים,250.00,100 גרם,false,1,12.90,5.16,true,1,
7290010922024,false,קוביות פסיפלורה קפוא 250,"הבו-קדו בע""\מn\",IL,פסיפלורה קפוא250,גרמים,250.00,100 גרם,false,1,12.90,5.16,true,1,
7290010922055,false,ליצ'י קפוא 250 גרם,"הבו-קדו בע""\מn\",IL,ליצי קפוא 250גרם,גרמים,250.00,100 גרם,false,1,12.90,5.16,true,1,
7290010922819,false,"מלון קפוא עד""ח 250 גרם","הבו-קדו בע""\מn\",IL,מלון קפוא 250גרם,גרמים,250.00,100 גרם,false,1,12.90,5.16,true,1,
7290010922857,false,מנגו קפוא 250 גרם,"הבו-קדו בע""\מn\",IL,מנגו קפוא 250 גר,גרמים,250.00,100 גרם,false,1,12.90,5.16,true,1,
7290010922864,false,גולש בקר 800 גרם,,IL,גולש בקר,גרמים,800.00,100 גרם,false,1,33.90,4.24,true,1,
7290010922918,false,מינוט סטייק 250 גרם,"בלדי בע""\מ",IL,מינוט סטייק,גרמים,250.00,100 גרם,false,1,27.90,11.16,true,1,
7290010922949,false,"תות שדה קפוא חת""ס 250 גר","הבו-קדו בע""\מn\",IL,תות שדה 250גרם,גרמים,250.00,100 גרם,false,1,9.90,3.96,true,1,
7290010922963,false,מלאווח בלדי 800 גרם,,IL,מלאווח בלדי,גרמים,800.00,100 גרם,false,1,13.70,1.71,true,1,
7290010931330,false,סלט מטבוחה 500 גרם,"שטראוס גרופ בע""\מ",IL,סלט מטבוחה אחלה,גרמים,500.00,100 גרם,false,0,11.90,2.38,true,1,
7290010945306,false,חלב 3% בקרטון 2 ליטר,טרה,IL,חלב 3%  בקרטון,ליטרים,2.00,ליטר,false,0,11.90,5.95,true,1,
7290010945450,false,גבינה לבנה 3% 250 גרם,טרה,IL,גבינה לבנה3%,גרמים,250.00,100 גרם,false,0,3.90,1.56,true,1,
7290011018184,false,פיוז תה אפרסק,,IL,פיוז תה אפרסק,מיליליטרים,500.00,"100 מ""ל",false,0,4.80,0.96,true,1,
7290011018214,false,פיוז טי מנגואננס,,IL,פיוז טי מנגואננס,מיליליטרים,500.00,"100 מ""ל",false,0,5.90,1.18,true,1,
7290011018832,false,"קוקה קולה 330*6 מ""ל",החברה המרכזית לייצור משק,IL,קוקה קולה 6פחיות,ליטרים,1.98,ליטר,false,0,17.90,9.04,true,1,
7290011018917,false,"קוקה קולה זירו 330*6 מ""ל",החברה המרכזית לייצור משק,IL,קוקה קולה זירו6י,ליטרים,1.98,ליטר,false,0,17.90,9.04,true,1,
7290011026066,false,שמפו ומרכך לילדים סרקל1ל,פישר מעבדות פרמצבטיות בע,IL,סרקל 2 ב1-,ליטרים,1.00,ליטר,false,0,22.90,22.90,true,1,
7290011026530,false,א.סבון לפני שינה קמיל500,פישר מעבדות פרמצבטיות בע,IL,אל סבון קמיל,מיליליטרים,500.00,"100 מ""ל",false,0,15.90,3.18,true,1,
7290011051433,false,"שוופס מוגז אפרסק 500 מ""ל",יפאורה תבורי בעמ,IL,שוופס מוגז,מיליליטרים,500.00,"100 מ""ל",false,0,3.90,0.78,true,1,
7290011051440,false,שוופס מוגז פירות יער500מ,יפאורה תבורי בעמ,IL,שוופס מוגז,מיליליטרים,500.00,"100 מ""ל",false,0,3.90,0.78,true,1,
7290011051525,false,"ספרינג תה אפרסק 500 מ""ל",יפאורה תבורי בעמ,IL,ספרינג תה,מיליליטרים,500.00,"100 מ""ל",false,0,3.90,0.78,true,1,
7290011081492,false,קרמיסימו שלושה שוקולדים,"גלידת שטראוס בע""\מ, רחוב",IL,קרמיסימו שוקולדי,ליטרים,1.33,ליטר,false,0,15.90,11.95,true,1,
7290011108724,false,"כרוב לבן 1 ק""ג קטיף הארץ",,IL,"כרוב לבן 1 ק""ג ק",גרמים,1000.00,100 גרם,false,1,17.90,1.79,true,1,
7290011108731,false,"כרוב אדום 1 ק""ג קטיף האר",,IL,"כרוב אדום 1 ק""ג",גרמים,1000.00,100 גרם,false,1,17.90,1.79,true,1,
7290011108748,false,"סלט קולסלאו 1 ק""ג קטיף ה",,IL,"סלט קולסלאו 1 ק""",גרמים,1000.00,100 גרם,false,1,17.90,1.79,true,1,
7290011113926,false,דאו.טיטניום BLACK 200מל,קרליין,IL,דאודורנט טיטניום,מיליליטרים,200.00,"100 מ""ל",false,0,13.90,6.95,true,1,
7290011115166,false,תחליב רחצה נקה7  לבנדר1ל,"קוסמופארם בע""\מ",IL,תחליב רחצה נקה 7,ליטרים,1.00,ליטר,false,0,12.70,12.70,true,1,
7290011126209,false,גן קסום תפוח+קינמון 25שק,ויסוצקי,IL,חליטת תפוח קנמון,גרמים,67.00,100 גרם,false,0,12.90,19.25,true,1,
7290011126216,false,תה רויבוש קלאסי 25שק2*גר,תה ויסוצקי,IL,תה רויבוש,גרמים,50.00,100 גרם,false,0,22.90,45.80,true,1,
7290011126452,false,חליטת קמומיל+נענע25ש1.5*,ויסוצקי,IL,חליטת קמומיל,גרמים,37.00,100 גרם,false,0,12.90,34.86,true,1,
7290011126469,false,חל.קמומיל+דבש גן קסום25ש,ויסוצקי,IL,חליטת קמומיל+דבש,גרמים,37.00,100 גרם,false,0,12.90,34.86,true,1,
7290011126940,false,תה ירוק מרווה 25שק1.5X'ג,ויסוצקי,IL,תה ירוק מרווה,גרמים,37.00,100 גרם,false,0,19.90,53.78,true,1,
7290011126957,false,תה ירוק ארל גריי25שק1.5X,ויסוצקי,IL,תה ירוק ארל גריי,גרמים,37.00,100 גרם,false,0,19.90,53.78,true,1,
7290011131463,false,מנת נודלס בטעם עוף 72 גר,נסטלה פורינה,IL,מנת נודלס עוף,גרמים,72.00,100 גרם,false,1,5.90,8.19,true,1,
7290011131500,false,מנת נודלס בטעם פיקנטי 72,נסטלה פורינה,IL,מנת נודלס,גרמים,72.00,100 גרם,false,1,5.90,8.19,true,1,
7290011131517,false,מנת נודלס בטעם תירס 72 ג,נסטלה פורינה,IL,מנת נודלס תירס,גרמים,72.00,100 גרם,false,1,5.90,8.19,true,1,
7290011132583,false,"פפסי מקס מארז 500*6 מ""ל","טמפו משקאות בע""\מ",IL,פפסי מקס 6 יח,ליטרים,3.00,ליטר,false,0,16.90,5.63,true,1,
7290011133368,false,"מכבי שנדי תפוח 330*6 מ""ל","טמפו משקאות בע""מ",IL,מכבי שנדי 6 יח,ליטרים,1.98,ליטר,false,0,24.90,12.58,true,1,
7290011133375,false,"מכבי שנדי אפרסק 330*6מ""ל","טמפו משקאות בע""מ",IL,מכבי שנדי 6 יח,ליטרים,1.98,ליטר,false,0,24.90,12.58,true,1,
7290011133634,false,"פפסי מקס פחית 330*6מ""ל","טמפו משקאות בע""\מ",IL,פפסי מקס 6 פחיות,ליטרים,1.98,ליטר,false,1,12.90,6.52,true,1,
7290011164164,false,לקקנים סודה 40יח,,IL,לקקנים סודה 40יח,גרמים,340.00,100 גרם,false,0,15.90,4.68,true,1,
7290011164171,false,לקקן סודה 15יח,,,לקקן סודה 15יח,גרמים,115.00,100 גרם,false,0,9.90,8.61,true,1,
7290011164539,false,סוכריות טופי,,BR,סוכריות טופי,גרמים,600.00,100 גרם,false,0,9.90,1.65,true,1,
7290011164546,false,סוכריות טופי,,BR,סוכריות טופי,גרמים,600.00,100 גרם,false,0,9.90,1.65,true,1,
7290011194246,false,קוטג' 5% שומן 250 גרם,"שטראוס בריאות בע""\מ",IL,קוטג' 5% שומן,גרמים,250.00,100 גרם,false,0,5.60,2.24,true,1,
7290011202637,false,פפריקה חריפה 80 גרם,דרומה,IL,פפריקה חריפה,גרמים,80.00,100 גרם,false,0,4.90,6.13,true,1,
7290011202729,false,כורכום 80 גרם,דרומה,IL,כורכום,גרמים,80.00,100 גרם,false,1,4.90,6.13,true,1,
7290011202880,false,קינמון קופסה,,IL,קינמון קופסה,גרמים,300.00,100 גרם,false,0,11.90,3.97,true,1,
7290011210199,false,"ליקר תפוח 700 מ""ל",יקבי בנימינה,IL,ליקר תפוח,מיליליטרים,700.00,"100 מ""ל",false,0,20.20,2.89,true,1,
7290011219048,false,30 ביצים M 30 יחידות,,IL,30 ביצים M,יחידה,1.00,יחידה,false,1,27.80,27.80,true,1,
7290011219055,false,30 ביצים L 20 יחידות,,IL,30 ביצים L,יחידה,1.00,יחידה,false,1,29.90,29.90,true,1,
7290011219215,false,30 ביצים S 30 יחידות,,IL,30 ביצים S,יחידה,1.00,יחידה,false,1,19.90,19.90,true,1,
7290011240318,false,"שטו יין אדום יבש 750 מ""ל",יקב ציון,IL,שטו יין אדום יבש,מיליליטרים,750.00,"100 מ""ל",false,0,18.90,2.52,true,1,
7290011240332,false,תירוש ענבים אדום 1ל',יקב ציון,IL,תירוש ענבים,ליטרים,1.00,ליטר,false,0,12.90,12.90,true,1,
7290011240608,false,אמרלד ריזלינג שאטו דה למ,יקב ציון,IL,אמרלד ריזלינג,יחידה,1.00,יחידה,false,1,18.90,18.90,true,1,
7290011240837,false,"שטו יין אדום יבש 750 מ""ל",יקב ציון,IL,שטו יין אדום יבש,מיליליטרים,750.00,"100 מ""ל",false,1,18.90,2.52,true,1,
7290011240868,false,"מוסקטו אדום 750 מ""ל",יקב ציון,IL,מוסקטו אדום,מיליליטרים,750.00,"100 מ""ל",false,0,29.90,3.99,true,1,
7290011240875,false,"תירוש ענבים 187 מ""ל",יקב ציון,IL,תירוש ענבים187מל,מיליליטרים,187.00,"100 מ""ל",false,0,3.90,2.09,true,1,
7290011240905,false,"מוסקטו לבן 750 מ""ל",יקב ציון,IL,מוסקטו לבן,מיליליטרים,750.00,"100 מ""ל",false,0,29.90,3.99,true,1,
7290011249694,false,גביעי גלידה,,,גביעי גלידה,יחידה,1.00,יחידה,false,0,8.90,8.90,true,1,
7290011249700,false,גביעי גלידה     גל מעולה,,IL,גביעי גלידה     גל מעולה,יחידה,1.00,יחידה,false,0,10.90,10.90,true,1,
7290011249748,false,רולים בטעם שוקו,,IL,רולים בטעם שוקו,גרמים,100.00,100 גרם,false,0,2.90,2.90,true,1,
7290011249755,false,רולים טעם אגוז,,IL,רולים טעם אגוז,גרמים,100.00,100 גרם,false,0,2.90,2.90,true,1,
7290011249786,false,וופל קלאסי מעולה,,,וופל קלאסי מעולה,יחידה,1.00,יחידה,false,0,2.90,2.90,true,1,
7290011249793,false,וופל קלאסי מעולה,,,וופל קלאסי מעולה,יחידה,1.00,יחידה,false,0,2.90,2.90,true,1,
7290011249823,false,וופל בלגי שוקולד,,IL,וופל בלגי שוקולד,יחידה,1.00,יחידה,false,0,2.90,2.90,true,1,
7290011249830,false,וופל בלגי לימון,,IL,וופל בלגי לימון,יחידה,1.00,יחידה,false,0,2.90,2.90,true,1,
7290011254001,false,זרעי פשתן 450 גרם,מיה תעשיות מזון מ.ת.מ. ב,IL,זרעי פשתן,גרמים,450.00,100 גרם,false,0,6.90,1.53,true,1,
7290011254018,false,שעועית מש 500 גרם,מיה תעשיות מזון מ.ת.מ. ב,IL,שעועית מש,גרמים,500.00,100 גרם,false,0,6.90,1.38,true,1,
7290011254025,false,דוחן 500 גרם,מיה תעשיות מזון מ.ת.מ. ב,IL,דוחן,גרמים,500.00,100 גרם,false,0,6.90,1.38,true,1,
7290011254032,false,קינואה 500 גרם,מיה תעשיות מזון מ.ת.מ. ב,IL,קינואה,גרמים,500.00,100 גרם,false,0,9.90,1.98,true,1,
7290011254049,false,סובין שבולת שעול 400 גרם,מיה תעשיות מזון מ.ת.מ. ב,IL,שבולת שועל,גרמים,400.00,100 גרם,false,0,9.90,2.48,true,1,
7290011254070,false,פלפל שחור שקית 50 גרם,מיה תעשיות מזון מ.ת.מ. ב,IL,פלפל שחור שקית,גרמים,50.00,100 גרם,false,0,4.90,9.80,true,1,
7290011254087,false,קינמון שקית 80 גרם,מיה תעשיות מזון מ.ת.מ. ב,IL,קינמון שקית,גרמים,80.00,100 גרם,false,0,2.90,3.63,true,1,
7290011254094,false,כמון בשקית 80 גרם,מיה תעשיות מזון מ.ת.מ. ב,IL,כמון בשקית,גרמים,80.00,100 גרם,false,0,2.90,3.63,true,1,
7290011254100,false,כרכום שקית 80 גרם,מיה תעשיות מזון מ.ת.מ. ב,IL,כרכום שקית,גרמים,80.00,100 גרם,false,0,2.90,3.63,true,1,
7290011254117,false,פפריקה מתוקה שקית 80 גרם,מיה תעשיות מזון מ.ת.מ. ב,IL,פפריקה מתוקה,גרמים,80.00,100 גרם,false,0,2.90,3.63,true,1,
7290011254124,false,פפריקה חריפה בשקית 80 גר,מיה תעשיות מזון מ.ת.מ. ב,IL,פפריקה חריפה,גרמים,80.00,100 גרם,false,0,2.90,3.63,true,1,
7290011254131,false,אורגנו 20 גרם,מיה תעשיות מזון מ.ת.מ. ב,IL,אורגנו,גרמים,20.00,100 גרם,false,0,2.90,14.50,true,1,
7290011254148,false,אבקת שום שקית 80 גרם,מיה תעשיות מזון מ.ת.מ. ב,IL,אבקת שום שקית,גרמים,80.00,100 גרם,false,0,4.90,6.13,true,1,
7290011254155,false,מלח לימון שקית 80 גרם,מיה תעשיות מזון מ.ת.מ. ב,IL,מלח לימון,גרמים,80.00,100 גרם,false,0,2.90,3.63,true,1,
7290011254162,false,פלפל לבן שקית 50גרם,מיה תעשיות מזון מ.ת.מ. ב,IL,פלפל לבן,גרמים,50.00,100 גרם,false,0,5.90,11.80,true,1,
7290011254179,false,גריל עוף שקית 80 גרם,מיה תעשיות מזון מ.ת.מ. ב,IL,גריל עוף שקית,גרמים,80.00,100 גרם,false,0,2.90,3.63,true,1,
7290011254186,false,שבבי בצל 30גרם,מיה תעשיות מזון מ.ת.מ. ב,IL,שבבי בצל,גרמים,30.00,100 גרם,false,0,2.90,9.67,true,1,
7290011254193,false,שבבי שום 50 גרם,מיה תעשיות מזון מ.ת.מ. ב,IL,שבבי שום,גרמים,50.00,100 גרם,false,0,4.90,9.80,true,1,
7290011254209,false,גבישי שום שקית 80 גרם,מיה תעשיות מזון מ.ת.מ. ב,IL,גבישי שום,גרמים,80.00,100 גרם,false,0,4.90,6.13,true,1,
7290011254247,false,תן צאפ בטעם ברביקי15X8ג,מיה,IL,חטיף תן צ'אפ,גרמים,120.00,100 גרם,false,0,6.90,5.75,true,1,
7290011254346,false,"קינואה 1 ק""ג",מיה תעשיות מזון מ.ת.מ. ב,IL,קינואה,קילוגרמים,1.00,"ק""ג",false,0,14.90,14.90,true,1,
7290011254469,false,סוכ.ללא סוכר לימון 80גרם,מיה תעשיות מזון מ.ת.מ. ב,IL,סוכריות ללא סוכר,גרמים,80.00,100 גרם,false,0,5.80,7.25,true,1,
7290011254476,false,סוכ.ללא סוכר תפוח/דוב80.,מיה תעשיות מזון מ.ת.מ. ב,IL,סוכריות ללא סוכר,גרמים,80.00,100 גרם,false,0,5.80,7.25,true,1,
7290011254483,false,סוכ.ללא סוכר אפרסק 80 גר,מיה תעשיות מזון מ.ת.מ. ב,IL,סוכריות ללא סוכר,גרמים,80.00,100 גרם,false,0,5.80,7.25,true,1,
7290011254490,false,סוכ.ללא סוכר פירות יער80,מיה תעשיות מזון מ.ת.מ. ב,IL,סוכריות ללא סוכר,גרמים,80.00,100 גרם,false,0,5.80,7.25,true,1,
7290011254582,false,חמוציות חתוכות 150 גרם,מיה תעשיות מזון מ.ת.מ. ב,IL,חמוציות,גרמים,150.00,100 גרם,false,0,4.90,3.27,true,1,
7290011254605,false,לקט קטניות לחמין 600 גרם,מיה תעשיות מזון מ.ת.מ. ב,IL,לקט לחמין,גרמים,600.00,100 גרם,false,0,8.90,1.48,true,1,
7290011254612,false,לקט בריאות 600 גרם,מיה תעשיות מזון מ.ת.מ. ב,IL,לקט בריאות,גרמים,600.00,100 גרם,false,0,8.90,1.48,true,1,
7290011254698,false,"שמן זית 750 מ""ל",מיה,ES,שמן זית,מיליליטרים,750.00,"100 מ""ל",false,0,27.90,3.72,true,1,
7290011254728,false,ג'לטין טהור מיה 25 גרם,מיה תעשיות מזון מ.ת.מ. ב,IL,ג'לטין טהור,גרמים,25.00,100 גרם,false,0,9.90,39.60,true,1,
7290011254759,false,שעועית שחורה 500 גרם,מיה תעשיות מזון מ.ת.מ. ב,IL,שעועית שחורה,גרמים,500.00,100 גרם,false,0,6.90,1.38,true,1,
7290011254766,false,שעועית לוביה 400 גרם,מיה תעשיות מזון מ.ת.מ. ב,IL,שעועית לוביה,גרמים,400.00,100 גרם,false,0,6.90,1.73,true,1,
7290011254773,false,שעועית ארגנטינאית 500 גר,מיה תעשיות מזון מ.ת.מ. ב,IL,שעועית ארגנטינאי,גרמים,500.00,100 גרם,false,0,8.90,1.78,true,1,
7290011254780,false,"שעועית ארגנטינאית 1 ק""ג",מיה תעשיות מזון מ.ת.מ. ב,IL,"שעועית 1 ק""ג",קילוגרמים,1.00,"ק""ג",false,0,12.90,12.90,true,1,
7290011254803,false,סוכריות גלי טבעות 125 גר,מיה תעשיות מזון מ.ת.מ. ב,IL,סיכריות גלי125ג,גרמים,125.00,100 גרם,false,0,4.90,3.92,true,1,
7290011254810,false,סוכריות ג'לי פירות 125 ג,מיה תעשיות מזון מ.ת.מ. ב,IL,סוכריות גלי 125ג,גרמים,125.00,100 גרם,false,0,4.90,3.92,true,1,
7290011254827,false,סוכריות גלי פלחי הדר125ג,מיה תעשיות מזון מ.ת.מ. ב,IL,סוכריות גלי 125ג,גרמים,125.00,100 גרם,false,0,4.90,3.92,true,1,
7290011254841,false,סוכריות ג'לי חמוץ 125 גר,מיה תעשיות מזון מ.ת.מ. ב,IL,סוכריות גלי 125ג,גרמים,125.00,100 גרם,false,0,4.90,3.92,true,1,
7290011372385,false,בדי בדיקה יהודית 18 יח',,IL,בדי בדיקה יהודית 18 יח',יחידה,1.00,יחידה,false,0,7.90,7.90,true,1,
7290011372774,false,"בדי בדיקה בית יעקב בד""צ",,IL,"בדי בדיקה בד""ץ",יחידה,1.00,יחידה,false,0,6.50,6.50,true,1,
7290011378028,false,"חלבה וניל ללת""ס 350 גרם","רושדי תעשיות מזון בע""\מ",IL,"חלבה ללת""ס",גרמים,350.00,100 גרם,false,0,9.90,2.83,true,1,
7290011378257,false,"חט.חלבה פקאן ללת""ס18*7גר","רושדי תעשיות מזון בע""\מ",IL,חטיפי חלבה 7 יח,גרמים,125.00,100 גרם,false,0,8.90,7.12,true,1,
7290011378776,false,חטיפי חלבה פיסטוק 18*7 ג,"רושדי תעשיות מזון בע""\מ",IL,חטיפי חלבה 7 יח,גרמים,126.00,100 גרם,false,0,8.90,7.06,true,1,
7290011426033,false,פשתן טחון - טבע,,IL,פשתן טחון - טבע,גרמים,300.00,100 גרם,false,0,9.90,3.30,true,1,
7290011426040,false,נבט חיטה,,IL,נבט חיטה,גרמים,300.00,100 גרם,false,0,9.90,3.30,true,1,
7290011426057,false,כח לכל טבע,,IL,כח לכל טבע,גרמים,300.00,100 גרם,false,0,28.90,9.63,true,1,
7290011426132,false,קמח שקדים,,IL,קמח שקדים,גרמים,250.00,100 גרם,false,0,24.90,9.96,true,1,
7290011426156,false,קמח קוקוס 250 גרם,טבע מהדרין,IL,קמח קוקוס 250 גר,גרמים,250.00,100 גרם,false,1,17.90,7.16,true,1,
7290011426248,false,סובין חיטה,,IL,סובין חיטה,גרמים,150.00,100 גרם,false,0,6.90,4.60,true,1,
7290011426293,false,סובין שבולת שועל,,IL,סובין שבולת שועל,גרמים,500.00,100 גרם,false,0,14.90,2.98,true,1,
7290011426446,false,"שמן קוקוס אורגני 300 מ""ל",,IL,שמן קוקוס אורגני,מיליליטרים,300.00,"100 מ""ל",false,1,17.90,5.97,true,1,
7290011426453,false,"שמן קוקוס אורגני 720 מ""ל",,IL,שמן קוקוס אורגני,מיליליטרים,720.00,"100 מ""ל",false,1,36.90,5.13,true,1,
7290011426576,false,שקדימון,,IL,שקדימון,גרמים,300.00,100 גרם,false,0,34.90,11.63,true,1,
7290011426637,false,חמאת אגוזי לוז,,IL,חמאת אגוזי לוז,גרמים,200.00,100 גרם,false,0,33.90,16.95,true,1,
7290011426682,false,טחינת גרעיני דלעת 200 גר,---,IL,טחינת גרעיני דלע,גרמים,200.00,100 גרם,false,1,24.90,12.45,true,1,
7290011426767,false,חמאת קוקוס 280 גרם,---,IL,חמאת קוקוס 280 ג,גרמים,280.00,100 גרם,false,1,19.90,7.11,true,1,
7290011426811,false,שקד טבעי 300 גרם,,IL,שקד טבעי 300 גרם,גרמים,300.00,100 גרם,false,1,28.90,9.63,true,1,
7290011426859,false,שקדימון 650 גרם,---,IL,שקדימון,גרמים,650.00,100 גרם,false,1,62.90,9.68,true,1,
7290011431020,false,כוסות קרטון 50 יח,,CN,כוסות קרטון,יחידה,1.00,יחידה,false,1,13.90,13.90,true,1,
7290011431037,false,כוסות שתיה חמה 50יח,,TR,כוסות שתיה חמה,יחידה,1.00,יחידה,false,1,18.90,18.90,true,1,
7290011431198,false,"רדיד אלומניום כשל""פ 200",,IL,רדיד אלומיניום,יחידה,1.00,יחידה,false,0,29.90,29.90,true,1,
7290011431204,false,"נוזל כלים ר.שמאי 750 מ""ל",,IL,נוזל כלים,מיליליטרים,750.00,"100 מ""ל",false,0,4.90,0.65,true,1,
7290011431341,false,מזלג איכותי חד פעמי 100,,TR,מזלג  חד פעמי,יחידה,1.00,יחידה,false,1,7.50,7.50,true,1,
7290011431358,false,כפיות איכותי חד פעמי 100,,TR,כפיות חד פעמי,יחידה,1.00,יחידה,false,1,5.90,5.90,true,1,
7290011431365,false,סכין איכותי חד פעמי 100,,TR,סכין חד פעמי,יחידה,1.00,יחידה,false,1,7.50,7.50,true,1,
7290011431372,false,לפתניות 25 יח' צבעוני,,IL,לפתניות 25 יח',יחידה,1.00,יחידה,false,1,3.90,3.90,true,1,
7290011431389,false,צלחות מרק 25 יח' צבעוני,,IL,צלחות מרק 25 יח',יחידה,1.00,יחידה,false,1,8.50,8.50,true,1,
7290011431396,false,צלחות קטן 25 יח' צבעוני,,IL,צלחות קטן 25 יח',יחידה,1.00,יחידה,false,1,6.90,6.90,true,1,
7290011431419,false,צלחות גדול 25 יח' צבעוני,,IL,צלחות גדו 25 יח',יחידה,1.00,יחידה,false,1,10.90,10.90,true,1,
7290011431426,false,אובלי מגש 25 יח' צבעוני,,IL,אובלי מגש 25 יח',יחידה,1.00,יחידה,false,1,19.90,19.90,true,1,
7290011431433,false,אובלי 25 יח' צבעוני,,IL,אובלי 25 יח',יחידה,1.00,יחידה,false,1,4.90,4.90,true,1,
7290011431440,false,נייר כסף 45סמ ר.שמאי עבה,,IL,נייר כסף עבה,מטרים,50.00,מטר,false,1,39.90,0.80,true,1,
7290011431488,false,"אציטון 100 סמ""ק",---,IL,אציטון משובח,מיליליטרים,100.00,"100 מ""ל",false,0,2.90,2.90,true,1,
7290011431501,false,אשפתון אפור,,IL,אשפתון אפור,יחידה,1.00,יחידה,false,0,13.90,13.90,true,1,
7290011431518,false,אשפתון + ידית,,IL,אשפתון + ידית,יחידה,1.00,יחידה,false,0,12.90,12.90,true,1,
7290011431525,false,אשפתון שחור,,IL,אשפתון שחור,יחידה,1.00,יחידה,false,0,13.90,13.90,true,1,
7290011431532,false,מיכל 1 ליטר 3 יחר 3 יח',,IL,מיכל 1 ליטר 3 יחר 3 יח',יחידה,1.00,יחידה,false,0,4.90,4.90,true,1,
7290011431549,false,מיכל 2.5 ק' זוג,,,מיכל 2.5 ק' זוג,יחידה,1.00,יחידה,false,0,6.90,6.90,true,1,
7290011431556,false,"מיכל 4 ק""ג 2 יח' כשל""פ 2",,IL,"מיכל 4 ק""ג 2 יח' כשל""פ 2",יחידה,1.00,יחידה,false,0,7.90,7.90,true,1,
7290011431570,false,"מיכל 3 ק""ג 2 יח' כשל""פ 2",,IL,"מיכל 3 ק""ג 2 יח' כשל""פ 2",יחידה,1.00,יחידה,false,0,6.90,6.90,true,1,
7290011431587,false,"מיכל 2 ק""ג 3 יח' כשל""פ 3",,IL,"מיכל 2 ק""ג 3 יח' כשל""פ 3",יחידה,1.00,יחידה,false,0,5.90,5.90,true,1,
7290011431594,false,"סיר אלומיניום ענק ח""פ",,CN,סיר אלומיניום,יחידה,1.00,יחידה,false,1,7.90,7.90,true,1,
7290011431600,false,מארז תבניות גדול אמריקאי,.,IL,תבניות גדולות אמ,יחידה,1.00,יחידה,false,1,7.90,7.90,true,1,
7290011431617,false,מארז תבניות ענק אמריקאי,.,IL,תבניות ענק אמריק,יחידה,1.00,יחידה,false,1,7.90,7.90,true,1,
7290011431624,false,מארז תבניות אינגליש ענק,,IL,4 תבניות אינגליש,יחידה,1.00,יחידה,false,1,7.90,7.90,true,1,
7290011431631,false,מארז תבניות מאפינס אמריק,.,IL,תבניות מאפינס אמ,יחידה,1.00,יחידה,false,1,7.90,7.90,true,1,
7290011431648,false,מארז תבניות אליפסה אמריק,.,IL,תבניות אליפסה אמ,יחידה,1.00,יחידה,false,1,7.90,7.90,true,1,
7290011431655,false,מכסה לסיר אמריקאי 5 יח',,CN,מכסה לסיר 5 יח,יחידה,1.00,יחידה,false,1,7.90,7.90,true,1,
7290011431662,false,"כפפות לטקס כשל""פ S 100",,IL,כפפות לטקס S,יחידה,1.00,יחידה,false,1,13.90,13.90,true,1,
7290011431679,false,"כפפות לטקס כשל""פ M 100",,IL,כפפות לטקס M,יחידה,1.00,יחידה,false,1,13.90,13.90,true,1,
7290011431709,false,טישו חמישיה שמאי .,,IL,טישו חמישיה שמאי,יחידה,1.00,יחידה,false,1,8.90,8.90,true,1,
7290011431716,false,נייר שבת שמיניות .,,IL,נייר שבת שמיניות,יחידה,1.00,יחידה,false,1,9.90,9.90,true,1,
7290011431785,false,מארז תבניות עגול עמוק 5,.,IL,תבניות עגול עמוק,יחידה,1.00,יחידה,false,1,6.90,6.90,true,1,
7290011431808,false,גליל מפה 45 מטר,,,גליל מפה 45 מטר,יחידה,1.00,יחידה,false,0,29.90,29.90,true,1,
7290011431815,false,מפות שולחן עבות,,IL,מפות שולחן עבות,יחידה,1.00,יחידה,false,0,8.90,8.90,true,1,
7290011431822,false,מפות שולחן עבות,,IL,מפות שולחן עבות,יחידה,1.00,יחידה,false,0,8.90,8.90,true,1,
7290011431846,false,"גליל ניילון לשולחן כשל""פ",,,"גליל ניילון לשולחן כשל""פ",יחידה,1.00,יחידה,false,0,14.90,14.90,true,1,
7290011431853,false,מפות שולחן עבה,,IL,מפות שולחן עבה,יחידה,1.00,יחידה,false,0,5.90,5.90,true,1,
7290011431860,false,מפות שולחן עבה,,IL,מפות שולחן עבה,יחידה,1.00,יחידה,false,0,5.90,5.90,true,1,
7290011431877,false,"מפת שולחן קריסטלי כשל""פ",.,IL,מפת קריסטל עבה,יחידה,1.00,יחידה,false,0,24.90,24.90,true,1,
7290011431884,false,שקיות מזון אכותיות 200 י,,IL,שקיות מזון איכות,יחידה,1.00,יחידה,false,0,6.90,6.90,true,1,
7290011431891,false,שקיות הקפאה איכותיות 100,,IL,שקיות הקפאה איכו,יחידה,1.00,יחידה,false,0,6.90,6.90,true,1,
7290011431983,false,"כוסיות ליקר כשל""פ 40 יח'",,TR,כוסיות ליקר40 יח,יחידה,1.00,יחידה,false,0,5.90,5.90,true,1,
7290011433437,false,שקיות הקפאה,,IL,שקיות הקפאה,יחידה,1.00,יחידה,false,0,2.90,2.90,true,1,
7290011435226,false,דבש לחיץ מפרחי בר 650גרם,מכוורת יד מרדכי שטראוס ב,IL,דבש בקבוק לחיץ,גרמים,650.00,100 גרם,false,0,29.90,4.60,true,1,
7290011438142,false,"משקה חלב בטעם קפה 350מ""ל",מחלבת יטבתה,IL,משקה חלב קפה,מיליליטרים,350.00,"100 מ""ל",false,0,4.90,1.40,true,1,
7290011447014,false,דייסת סלט פירות 200 גרם,מטרנה תעשיות ש.מ,IL,דייסת מטרנה,גרמים,200.00,100 גרם,false,0,12.90,6.45,true,1,
7290011447359,false,מטרנה מהדרין שלב 1 700גר,מטרנה תעשיות ש.מ,IL,מטרנה מהדרין,גרמים,700.00,100 גרם,false,0,49.90,7.13,true,1,
7290011447373,false,מטרנה מהדרין שלב 2 700גר,מטרנה תעשיות ש.מ,IL,מטרנה מהדרין,גרמים,700.00,100 גרם,false,0,49.90,7.13,true,1,
7290011457051,false,"ליקר שוקולד %16 500 מ""ל",ישראליקר,IL,ליקר שוקולד,מיליליטרים,500.00,"100 מ""ל",false,0,29.90,5.98,true,1,
7290011459031,false,אטבי כביסה,,,אטבי כביסה,יחידה,1.00,יחידה,false,0,4.90,4.90,true,1,
7290011459093,false,מטאטא גב עץ נופר,,IL,מטאטא גב עץ נופר,יחידה,1.00,יחידה,false,0,15.90,15.90,true,1,
7290011459116,false,מטאטא אדום שחור נופר,,IL,מטאטא אדום שחור,יחידה,1.00,יחידה,false,0,7.90,7.90,true,1,
7290011459147,false,מברשת שולחן גב עץ נופר,,IL,מברשת שולחן גב ע,יחידה,1.00,יחידה,false,0,9.90,9.90,true,1,
7290011459178,false,יעה+מקל,,,יעה+מקל,יחידה,1.00,יחידה,false,0,8.90,8.90,true,1,
7290011459222,false,מנקה סירים 5 יח,,IL,מנקה סירים 5 יח,יחידה,1.00,יחידה,false,0,3.90,3.90,true,1,
7290011459253,false,מגב פלסטיק,,,מגב פלסטיק,יחידה,1.00,יחידה,false,0,11.90,11.90,true,1,
7290011459314,false,מטאטא לקה,,IL,מטאטא לקה,יחידה,1.00,יחידה,false,0,9.90,9.90,true,1,
7290011459390,false,"מברשת לניקוי שטיחים ""נופ",,IL,מברשת לניקוי שטי,יחידה,1.00,יחידה,false,0,9.90,9.90,true,1,
7290011459406,false,"מברשת לניקוי ספות ""נופר""",,IL,מברשת לניקוי ספו,יחידה,1.00,יחידה,false,0,13.90,13.90,true,1,
7290011459512,false,מברשת שירותים,,,מברשת שירותים,יחידה,1.00,יחידה,false,0,8.90,8.90,true,1,
7290011459543,false,סט מטליות מיקרופייבר 3יח,,IL,סט מטליות נופר,יחידה,1.00,יחידה,false,0,6.90,6.90,true,1,
7290011459642,false,סט קולבים,,IL,סט קולבים,יחידה,1.00,יחידה,false,0,7.90,7.90,true,1,
7290011459666,false,יעה+מקל מפואר מתקפל יח,,IL,יעה+מקל מתקפל,יחידה,1.00,יחידה,false,0,10.00,10.00,true,1,
7290011459697,false,"מטאטא כביש גב עץ 60 ס""מ",,IL,מטאטא כביש 60,יחידה,1.00,יחידה,false,1,21.90,21.90,true,1,
7290011459727,false,מטאטא אולמות גב פלסטיק 6,,IL,מטאטא אולמות גב,יחידה,1.00,יחידה,false,1,21.90,21.90,true,1,
7290011459741,false,מברשת לבקבוק,,IL,מברשת לבקבוק,יחידה,1.00,יחידה,false,0,3.90,3.90,true,1,
7290011459819,false,סומו כרית יפנית 9 יח,,IL,כרית יפנית 9יח,יחידה,1.00,יחידה,false,0,7.90,7.90,true,1,
7290011459826,false,נופר כדור ספוג,,IL,נופר כדור ספוג,יחידה,1.00,יחידה,false,0,6.90,6.90,true,1,
7290011459871,false,מטלית מיקרופייבר רצפה3יח,,IL,מטלית לרצפה 3יח,יחידה,1.00,יחידה,false,0,12.90,12.90,true,1,
7290011459956,false,מקל מתכת,,IL,מקל מתכת,יחידה,1.00,יחידה,false,0,4.90,4.90,true,1,
7290011459987,false,כריות קרצוף,,IL,כריות קרצוף,יחידה,1.00,יחידה,false,0,5.90,5.90,true,1,
7290011486693,false,מרשמלו ורוד לבן 30 גרם,"כרמית מזון בע""\מ",IL,מרשמלו ורוד לבן,גרמים,30.00,100 גרם,false,0,1.50,5.00,true,1,
7290011489595,false,קרקר טופז שומשום,,IL,קרקר טופז שומשום,גרמים,110.00,100 גרם,false,0,2.90,2.64,true,1,
7290011489601,false,קרקר טופז טעם בצל 110 גר,הדר,IL,קרקר טופז בצל,גרמים,110.00,100 גרם,false,0,2.90,2.64,true,1,
7290011489625,false,ביסקויט מתוק טעם שוקו 11,הדר,IL,ביסקויט שוקו הדר,גרמים,110.00,100 גרם,false,0,2.90,2.64,true,1,
7290011489700,false,פירורי בסקוויט שוקו300ג,אפיפית,IL,פירורי בסקוויט,גרמים,300.00,100 גרם,false,0,5.90,1.97,true,1,
7290011489755,false,בייגלה טבעת מלח 300 גרם,מגדנית הדר,IL,בייגלה טבעת מלח,גרמים,300.00,100 גרם,false,0,5.90,1.97,true,1,
7290011489861,false,"פתיבר וניל 1.8 ק""ג",מגדנית הדר,IL,"פתיבר 1.8 ק""ג",קילוגרמים,1.80,"ק""ג",false,1,19.90,11.06,true,1,
7290011515683,false,מאגדת אקסטרים וניל 6יח,גלידות נסטלה,IL,מאגדת אקסטרים,גרמים,432.00,100 גרם,false,0,24.90,5.76,true,1,
7290011515911,false,מאגדת לייט ריבת חלב,גלידות נסטלה )נגה גלידות,IL,מאגדת לייט,גרמים,312.00,100 גרם,false,0,19.90,6.38,true,1,
7290011525712,false,אל סבון לפני השינה1 ליטר,פישר מעבדות פרמצבטיות בע,IL,אלסבון קמיל,ליטרים,1.00,ליטר,false,0,25.90,25.90,true,1,
7290011525729,false,שמפו לפני השינה קמיל 1ל,פישר מעבדות פרמצבטיות בע,IL,שמפו קמיל בלו,ליטרים,1.00,ליטר,false,0,25.90,25.90,true,1,
7290011530402,false,בצק עלים בלדי 900 גרם,ציפור השרון,IL,בצק עלים בלדי,גרמים,800.00,100 גרם,false,1,13.70,1.71,true,1,
7290011530815,false,ג'חנון בלדי 800 גרם,,IL,ג'חנון בלדי,גרמים,800.00,100 גרם,false,1,13.70,1.71,true,1,
7290011537371,false,פסטה קונכיות,,,פסטה קונכיות,גרמים,500.00,100 גרם,false,0,3.90,0.78,true,1,
7290011556112,false,חומצה אצטית מדוללת 5%,,IL,חומצה אצטית 5%,מיליליטרים,4000.00,"100 מ""ל",false,0,7.90,0.20,true,1,
7290011556181,false,חומץ סינטטי,,IL,חומץ סינטטי,ליטרים,4.00,ליטר,false,0,7.90,1.98,true,1,
7290011556297,false,סירופ בטעם ענבים דל קל',,IL,סירופ בטעם ענבים,ליטרים,4.00,ליטר,false,0,35.90,8.98,true,1,
7290011556358,false,סירופ פלוס,,IL,סירופ פלוס,ליטרים,4.00,ליטר,false,0,59.00,14.75,true,1,
7290011598211,false,סנו אנטי קאלק נ.כללי700מ,סנו מפעלי ברונוס בעמ,IL,סנו אנטי קאלק,מיליליטרים,700.00,"100 מ""ל",false,0,13.90,1.99,true,1,
7290011598259,false,סנו פרש אוטומטי מאסק 250,סנו מפעלי ברונוס בעמ,IL,סנו פרש מאסק,מיליליטרים,250.00,"100 מ""ל",false,1,11.90,4.76,true,1,
7290011598402,false,מרכך מקסימה מאסק 4 ל',"סנו מפעלי ברונוס בע""\מ",IL,מרכך כביסה,ליטרים,4.00,ליטר,false,0,21.50,5.38,true,1,
7290011599836,false,משפר אפיה 100 גרם,"סופר קמח רובינפלד בע""מ",IL,משפר אפיה,גרמים,100.00,100 גרם,false,1,9.90,9.90,true,1,
7290011623821,false,קניידל מיקס 130 גרם,,IL,קניידל מיקס,גרמים,130.00,100 גרם,false,1,5.90,4.54,true,1,
7290011732172,false,סוכריות שרשרת,,CN,סוכריות שרשרת,גרמים,384.00,100 גרם,false,0,15.90,4.14,true,1,
7290011732189,false,סוכריות צמיד,,CN,סוכריות צמיד,גרמים,384.00,100 גרם,false,0,15.90,4.14,true,1,
7290011732257,false,מיץ לימון טרי,,IT,מיץ לימון טרי,מיליליטרים,500.00,"100 מ""ל",false,0,7.90,1.58,true,1,
7290011732264,false,סוכ.פרמידה,,CN,סוכ.פרמידה,גרמים,360.00,100 גרם,false,0,15.90,4.42,true,1,
7290011732271,false,אבקה טעם פרי36י,,CN,אבקה טעם פרי36י,גרמים,256.00,100 גרם,false,0,15.90,6.21,true,1,
7290011732943,false,שקדי מרק 400 גרם,,IL,שקדי מרק 400 גרם,גרמים,400.00,100 גרם,false,0,7.90,1.98,true,1,
7290011744892,false,משחת אקווה פרש ג'וניור50,MICLEN DE,SK,משחת שיניים א.פ,מיליליטרים,50.00,"100 מ""ל",false,0,6.90,13.80,true,1,
7290011765446,false,משחה אורביטול ענבים 70 ג,טרופיקל דגיל תעשיות קוסמ,IL,משחת שיניים,גרמים,70.00,100 גרם,false,0,6.90,9.86,true,1,
7290011800840,false,טחינה בלאדי רפי כהן 400ג,סלטי צבר,IL,סלט טחינה בלאדי,גרמים,400.00,100 גרם,false,0,11.90,2.98,true,1,
7290011877101,false,"סנומוד ניחוח מאסק 150מ""ל",סנו מפעלי ברונוס בעמ,IL,סנומוד,מיליליטרים,150.00,"100 מ""ל",false,0,9.90,6.60,true,1,
7290011877859,false,סנו אינסטלטור 200 גרם,סנו מפעלי ברונוס בעמ,IL,סנו אינסטלטור,גרמים,200.00,100 גרם,false,0,9.90,4.95,true,1,
7290011877866,false,"א.כביסה מקסימה מאסק 6ק""ג","סנו מפעלי ברונוס בע""\מ",IL,אבקת כביסה,קילוגרמים,6.00,"ק""ג",false,0,39.90,6.65,true,1,
7290011931162,false,"סוכרלוז נוזלי 220 מ""ל",ביסקול בע''מ,IL,סוכרלוז נוזלי,מיליליטרים,220.00,"100 מ""ל",false,0,19.90,9.05,true,1,
7290011931193,false,סוכרלייט כפית לכפית 100ג,ביסקול בע''מ,IL,סוכרלייט,גרמים,100.00,100 גרם,false,0,23.90,23.90,true,1,
7290011931865,false,מש.לתינוק פלצ'ה אזורה100,"ביסקול בע""מ",IL,משחה לתינוק,מיליליטרים,100.00,"100 מ""ל",false,0,11.90,11.90,true,1,
7290011947521,false,שמן זית כתית מודגש 750מל,זיתא,IL,שמן זית כתית,מיליליטרים,750.00,"100 מ""ל",false,1,26.90,3.59,true,1,
7290011963002,false,"פטרוזיליה כשר בד""ץ - יח'",משק ימיני,IL,פטרוזיליה כשר,יחידה,1.00,יחידה,false,30,7.90,7.90,true,1,
7290011963019,false,"כוסברה כשר בד""ץ - יח'",משק ימיני,IL,"כוסברה כשר בד""ץ",יחידה,1.00,יחידה,false,0,7.90,7.90,true,1,
7290011963033,false,"שמיר כשר בד""ץ - יחי'",משק ימיני,IL,"שמיר כשר בד""ץ",יחידה,1.00,יחידה,false,0,7.90,7.90,true,1,
7290011963040,false,"סלרי עלים כשר בד""ץ -יחי'",משק ימיני,IL,"סלרי כשר בד""ץ",יחידה,1.00,יחידה,false,0,7.90,7.90,true,1,
7290011963057,false,"סלק עלים כשר בד""ץ - יחי'",משק ימיני,IL,"סלק עלים כשר בד""",יחידה,1.00,יחידה,false,0,6.90,6.90,true,1,
7290011963064,false,"חסה כשר בד""ץ - יחי'",משק ימיני,IL,"חסה כשר בד""ץ",יחידה,1.00,יחידה,false,0,7.90,7.90,true,1,
7290011963231,false,חסה לבבות כשר - יח',משק ימיני,IL,חסה לבבות כשר,יחידה,1.00,יחידה,false,10,12.90,12.90,true,1,
7290011969141,false,מגבון טייגר,,IL,מגבון טייגר,יחידה,1.00,יחידה,false,0,2.90,2.90,true,1,
7290011969158,false,מגבוני בייבי טייגר 5 72*,פלאס אס.אי.,IL,מגבוני בייבי,יחידה,1.00,יחידה,false,0,13.90,13.90,true,1,
7290011977627,false,סרדינים בשמן,,MA,סרדינים בשמן,גרמים,125.00,100 גרם,false,0,3.90,3.12,true,1,
7290011977634,false,סרדינים עם חריף,,,סרדינים עם חריף,גרמים,125.00,100 גרם,false,0,3.90,3.12,true,1,
7290011977641,false,סרדינים שמן לימו,,,סרדינים שמן לימו,גרמים,125.00,100 גרם,false,0,3.90,3.12,true,1,
7290011977665,false,סרדינים ברוטב,,,סרדינים ברוטב,גרמים,125.00,100 גרם,false,0,3.90,3.12,true,1,
7290011977924,false,פסטה פרפלה,,,פסטה פרפלה,גרמים,500.00,100 גרם,false,0,3.90,0.78,true,1,
7290011990008,false,קשקע פרווה,,,קשקע פרווה,גרמים,300.00,100 גרם,false,0,11.90,3.97,true,1,
7290012025495,false,"טחינה אסלי 1 ק""ג",סלטי שמיר,IL,"טחינה אסלי 1 ק""ג",קילוגרמים,1.00,"ק""ג",false,0,11.90,11.90,true,1,
7290012025822,false,סלט סלק אסלי 400 גרם,סלטי שמיר,IL,סלט סלק,גרמים,400.00,100 גרם,false,1,10.90,2.73,true,1,
7290012025839,false,מטבוחה אסלי 400 גרם,סלטי שמיר,IL,מטבוחה אסלי,גרמים,400.00,100 גרם,false,0,10.90,2.73,true,1,
7290012052163,false,גרנולה אגוז+פירות יבשים,רפאלס,IL,גרנולה עם אגוזים,גרמים,350.00,100 גרם,false,0,14.90,4.26,true,1,
7290012052187,false,גרנולה חלבה תמר שקד350ג,רפאלס,IL,גרנולה אורגנית,גרמים,350.00,100 גרם,false,0,14.90,4.26,true,1,
7290012052194,false,גרנולה,,IL,גרנולה,גרמים,350.00,100 גרם,false,0,14.90,4.26,true,1,
7290012052309,false,גרנ.תענוג בננ/צימ/שקד1קג,רפאלס,IL,גרנולה,קילוגרמים,1.00,"ק""ג",false,1,22.90,22.90,true,1,
7290012052316,false,גרנולה תענוג שפע פירות1ק,רפאלס,IL,גרנולה,קילוגרמים,1.00,"ק""ג",false,1,22.90,22.90,true,1,
7290012052323,false,"גרנ.תענוג מיזלי מיקס1ק""ג",רפאלס,IL,גרנולה תענוג,קילוגרמים,1.00,"ק""ג",false,1,22.90,22.90,true,1,
7290012052330,false,גרנולה תענוג חלבה ותמר1ק,רפאלס,IL,גרנולה,קילוגרמים,1.00,"ק""ג",false,1,22.90,22.90,true,1,
7290012052354,false,גרנולה שוקולד,,IL,גרנולה שוקולד,גרמים,350.00,100 גרם,false,0,14.90,4.26,true,1,
7290012052361,false,מוזלי טבעי,,IL,מוזלי טבעי,גרמים,350.00,100 גרם,false,0,14.90,4.26,true,1,
7290012052880,false,חטיפי7דגנים חלבה 20*7גרם,רפאלס,IL,חטיפי דגנים,גרמים,140.00,100 גרם,false,1,9.90,7.07,true,1,
7290012052897,false,חטיפי 7דגנים שוקולד20*7ג,רפאלס,IL,חטיפי דגנים,גרמים,140.00,100 גרם,false,1,9.90,7.07,true,1,
7290012052903,false,חטיפי 7 דגנים פירות20*7ג,רפאלס,IL,חטיפי דגנים,גרמים,140.00,100 גרם,false,1,9.90,7.07,true,1,
7290012052910,false,חטיף דגנים תפוח קינמון .,רפאלס,IL,חטיפי דגנים,גרמים,140.00,100 גרם,false,1,9.90,7.07,true,1,
7290012071003,false,משחה לתינוק,,IL,משחה לתינוק,גרמים,200.00,100 גרם,false,0,18.90,9.45,true,1,
7290012116537,false,אבקת כב.מקסימה מאסק 2.5ק,סנו,IL,אבקת כביסה,קילוגרמים,2.50,"ק""ג",false,0,23.90,9.56,true,1,
7290012116551,false,"סנו אנטי קאלק רב""ש 2ליטר",סנו מפעלי ברונוס בעמ,IL,סנו אנטי קאלק,ליטרים,2.00,ליטר,false,0,19.90,9.95,true,1,
7290012117091,false,אב.כביסה מקסימה,,IL,אב.כביסה מקסימה,קילוגרמים,6.00,"ק""ג",false,0,39.90,6.65,true,1,
7290012117275,false,סנוקליר שקית מילוי 750מל,סנו מפעלי ברונו בעמ,IL,סנוקליר מילוי,מיליליטרים,750.00,"100 מ""ל",false,0,5.70,0.76,true,1,
7290012117411,false,קרמה ג'ל רח.גבר במבוק700,קוסמופארם בע'\'\מ,IL,קרמה ג'ל רחצה,מיליליטרים,700.00,"100 מ""ל",false,0,14.90,2.13,true,1,
7290012117428,false,קרמה ג'ל רח.ושמפו גבר700,קוסמופארם בע'\'\מ,IL,קרמה ג'ל רחצה,מיליליטרים,700.00,"100 מ""ל",false,0,14.90,2.13,true,1,
7290012117435,false,קרמה ג'ל רחצה אלוורה700מ,קוסמופארם בע'\'\מ,IL,קרמה ג'ל רחצה,מיליליטרים,700.00,"100 מ""ל",false,0,14.90,2.13,true,1,
7290012117534,false,מרכ.מקסימה ס.מרוכז קול1ל,"סנו מפעלי ברונוס בע""\מ",IL,מקסימה ס.מרוכז,ליטרים,1.00,ליטר,false,0,14.90,14.90,true,1,
7290012117541,false,מרכך מרוכז מקסימה זן 1 ל,סנו מפעלי ברונוס בעמ,IL,מקסימה מרכך,ליטרים,1.00,ליטר,false,0,14.90,14.90,true,1,
7290012117558,false,מרכ.מקסימה ס.מרוכז מסק1ל,"סנו מפעלי ברונוס בע""\מ",IL,מקסימה ס.מרוכז,ליטרים,1.00,ליטר,false,0,14.90,14.90,true,1,
7290012117732,false,מרכך כב.מקסימה 4COOLליטר,"סנו מפעלי ברונוס בע""\מ",IL,מרכך מקסימה COOL,ליטרים,4.00,ליטר,false,0,21.50,5.38,true,1,
7290012117916,false,אינסטלטור נוזלי,,IL,אינסטלטור נוזלי,ליטרים,1.00,ליטר,false,0,26.70,26.70,true,1,
7290012227592,false,זוג כפרית חרמון+תה350*2ג,זוגלובק,IL,זוג חרמון+תה,גרמים,700.00,100 גרם,false,0,24.90,3.56,true,1,
7290012227608,false,חרמון+ברביקיו 300*2 גרם,זוגלובק,IL,חרמון+ברביקיו,גרמים,600.00,100 גרם,false,0,24.90,4.15,true,1,
7290012227615,false,נקניקיות עוף 800 גרם,זוגלובק,IL,נקניקיות עוף800ג,גרמים,800.00,100 גרם,false,0,18.90,2.36,true,1,
7290012227622,false,חרמון כפרית דבש 400 גרם,זוגלובק,IL,חרמון כפרית דבש,גרמים,400.00,100 גרם,false,0,17.90,4.48,true,1,
7290012227769,false,פסטרמה ברביקיו מחפוד 400,זוגלובק,IL,פסטרמה ברביקיו,גרמים,400.00,100 גרם,false,1,17.90,4.48,true,1,
7290012227783,false,תה מעושן מחפוד 400 גרם,זוגלובק,IL,תה מעושן,גרמים,400.00,100 גרם,false,1,15.90,3.98,true,1,
7290012228629,false,נקניקיות עוף 800 גרם,זוגלובק,IL,נקניקיות עוף,גרמים,800.00,100 גרם,false,1,18.90,2.36,true,1,
7290012335006,false,סוכריות רולי,,CN,סוכריות רולי,גרמים,330.00,100 גרם,false,0,15.90,4.82,true,1,
7290012335020,false,סוכריות דחוסות,,CN,סוכריות דחוסות,גרמים,420.00,100 גרם,false,0,15.90,3.79,true,1,
7290012367700,false,ק.גוף אפקטיב קר שיבול700,פישר מעבדות פרמצבטיות בע,IL,קרם גוף,מיליליטרים,700.00,"100 מ""ל",false,0,19.90,2.84,true,1,
7290012367717,false,ק.ידיים שיבולת שועל 150מ,פישר מעבדות פרמצבטיות בע,IL,קרם ידיים,מיליליטרים,150.00,"100 מ""ל",false,0,9.90,6.60,true,1,
7290012372100,false,"קמח חיטה 80% 1 ק""ג","סופר קמח רובינפלד בע""מ",IL,קמח חיטה,קילוגרמים,1.00,"ק""ג",false,0,9.90,9.90,true,1,
7290012372117,false,"קמח חיטה מלא 100% 1ק""ג","סופר קמח רובינפלד בע""מ",IL,קמח חיטה מלא,קילוגרמים,1.00,"ק""ג",false,0,9.90,9.90,true,1,
7290012372124,false,"קמח כוסמין 100% 1 ק""ג","סופר קמח רובינפלד בע""מ",IL,קמח כוסמין,קילוגרמים,1.00,"ק""ג",false,1,15.90,15.90,true,1,
7290012372155,false,"קמח כוסמין 80% 1 ק""ג","סופר קמח רובינפלד בע""מ",IL,קמח כוסמין,קילוגרמים,1.00,"ק""ג",false,1,15.90,15.90,true,1,
7290012372209,false,"קמח חיטה לבן מנופה 1 ק""ג",,IL,"קמח לבן 1 ק""ג",קילוגרמים,1.00,"ק""ג",false,1,6.90,6.90,true,1,
7290012372247,false,קמח כוסמין לבן מנופה 1קג,"סופר קמח רובינפלד בע""מ",IL,קמח כוסמין,קילוגרמים,1.00,"ק""ג",false,1,15.90,15.90,true,1,
7290012404955,false,ספרינג קולקש.חמוציות1.25,"יפאורה תבורי בע""\מ",IL,ספרינג חמוציות,ליטרים,1.25,ליטר,false,0,9.90,7.92,true,1,
7290012413636,false,תה ירוק צ'אי מסאלה 25שק',ויסוצקי,IL,תה ירוק צ'אי,גרמים,38.00,100 גרם,false,0,19.90,52.37,true,1,
7290012413643,false,תה ירוק קמומיל 25שק1.5*ג,בית ויסוצקי,IL,תה ירוק קמומיל,גרמים,37.00,100 גרם,false,0,19.90,53.78,true,1,
7290012439100,false,עוגיות בטעם חמאה 200 גרם,הגביע,IL,עוגיות בטעם חמאה,גרמים,200.00,100 גרם,false,1,3.90,1.95,true,1,
7290012454172,false,סוכריות ללא סוכר תות 80ג,מיה תעשיות מזון מ.ת.מ. ב,IL,סוכריות ללא סוכר,גרמים,80.00,100 גרם,false,0,5.80,7.25,true,1,
7290012454189,false,סוכ.ללא סוכר אפרסק 80גרם,מיה,IL,סוכריות ללא סוכר,גרמים,80.00,100 גרם,false,0,5.80,7.25,true,1,
7290012454196,false,סוכ.ללא סוכר קפוצינו80גר,מיה תעשיות מזון מ.ת.מ. ב,IL,סוכריות ללא סוכר,גרמים,80.00,100 גרם,false,0,5.80,7.25,true,1,
7290012454202,false,סוכ.ללא סוכר ריבת חלב80ג,מיה תעשיות מזון מ.ת.מ. ב,IL,סוכריות ללא סוכר,גרמים,80.00,100 גרם,false,0,5.80,7.25,true,1,
7290012454257,false,שזיף מיובש ללא גלעין 200,מיה תעשיות מזון מ.ת.מ. ב,IL,שזיף מיובש,גרמים,200.00,100 גרם,false,0,10.90,5.45,true,1,
7290012454578,false,קישוט לעוגה,,IL,קישוט לעוגה,גרמים,70.00,100 גרם,false,0,3.90,5.57,true,1,
7290012454592,false,סוכ.דבש לימון ללאסוכר80ג,מיה תעשיות מזון מ.ת.מ. ב,IL,סוכ.ללא סוכר,גרמים,80.00,100 גרם,false,0,5.80,7.25,true,1,
7290012454608,false,תן צ'אפ ברביקיו 50 גרם,מיה תעשיות מזון מ.ת.מ. ב,IL,תן צ'אפ ברביקיו,גרמים,50.00,100 גרם,false,0,3.30,6.60,true,1,
7290012522581,false,שניצל תירס טבעול ל.גלוטן,טבעול,IL,שניצל תירס,גרמים,664.00,100 גרם,false,0,19.90,3.00,true,1,
7290012525452,false,אקסטרים טילון שוקו וניל,גלידות נסטלה )נגה גלידות,IL,אקסטרים טילון שו,גרמים,70.00,100 גרם,false,1,4.90,7.00,true,1,
7290012557484,false,שקית יום הולדת,,TR,שקית יום הולדת,גרמים,70.00,100 גרם,false,0,2.90,4.14,true,1,
7290012561405,false,דורות בצל חצי מטוגן 180,דורות,IL,בצל חצי מטוגן,גרמים,180.00,100 גרם,false,0,7.90,4.39,true,1,
7290012602764,false,דבש לחיץ מעולה 400ג',,IL,דבש לחיץ מעולה,גרמים,400.00,100 גרם,false,1,21.90,5.48,true,1,
7290012645112,false,יוגורט עיזים בדלי 750גרם,מחלבת סוסיא,IL,יוגורט עיזים,גרמים,750.00,100 גרם,false,1,15.90,2.12,true,1,
7290012645129,false,יוגורט כבשים בדלי 750גרם,מחלבת סוסיא,IL,יוגורט כבשים,גרמים,750.00,100 גרם,false,0,15.90,2.12,true,1,
7290012645389,false,יוגורט עיזים לשתיה 1 ל',מחלבת סוסיא,IL,יוגורט עיזים,ליטרים,1.00,ליטר,false,0,17.90,17.90,true,1,
7290012697388,false,סוכרזית סטיוויה כפית100ג,"ביסקול בע""מ",IL,סוכרזית סטיוויה,גרמים,100.00,100 גרם,false,0,26.90,26.90,true,1,
7290012738524,false,מצות מקמח כוסמין,,IL,מצות מקמח כוסמין,גרמים,300.00,100 גרם,false,0,23.90,7.97,true,1,
7290012738531,false,קמח מצה דק 400 גרם,מצות יהודה,IL,קמח מצה דק,גרמים,400.00,100 גרם,false,1,6.90,1.73,true,1,
7290012738814,false,ביסקוויט ספארי 600 גרם,מצות יהודה,IL,ביסקוויט ספארי,גרמים,600.00,100 גרם,false,0,14.90,2.48,true,1,
7290012738821,false,עוגיות קקאו 600 גרם,מצות יהודה,IL,עוגיות קקאו,גרמים,600.00,100 גרם,false,0,14.90,2.48,true,1,
7290012738845,false,ביסקוויט,,IL,ביסקוויט,קילוגרמים,1.20,"ק""ג",false,0,19.90,16.58,true,1,
7290012738852,false,ביסקוויט מעורב 600 גרם,מצות יהודה,IL,ביסקוויט מעורב,גרמים,600.00,100 גרם,false,0,14.90,2.48,true,1,
7290012738913,false,עוגיות פרח מצופה600 גרם,מצות יהודה,IL,עוגיות פרח מצופה,גרמים,500.00,100 גרם,false,0,17.90,3.58,true,1,
7290012738920,false,"שוקו ציפ'ס 1.2 ק""ג 1.2 ק",מצות יהודה,IL,שוקו ציפ'ס 1.2 ק,קילוגרמים,1.20,"ק""ג",false,1,24.90,20.75,true,1,
7290012803765,false,"שוקולד מריר ללת""ס 100גרם",אלטינמארקה,TR,שוקולד מריר,גרמים,100.00,100 גרם,false,0,11.90,11.90,true,1,
7290012818035,false,חטיף בוטנים ספיידר25*10ג,"10 ברוס ע.ט בע""מ",IL,ספיידר במארז,גרמים,250.00,100 גרם,false,1,7.90,3.16,true,1,
7290012818073,false,צ'יק צ'אק בצל 190 גרם,"10 ברוס ע.ט בע""מ",IL,צ'יק צ'אק בצל,גרמים,190.00,100 גרם,false,1,2.90,1.53,true,1,
7290012818080,false,ספיידר חטיף בוטנים 80 גר,"10 ברוס ע.ט בע""מ",IL,ספיידר בוטנים,גרמים,80.00,100 גרם,false,1,1.90,2.38,true,1,
7290012818219,false,צ'יק צ'אק גריל 190 גרם,"10 ברוס ע.ט בע""מ",IL,צ'יק צ'אק גריל,גרמים,190.00,100 גרם,false,1,2.90,1.53,true,1,
7290012818394,false,מארז צ'יק צ'אק גריל20*20,,IL,מארז צ'יק צ'אק ג,גרמים,400.00,100 גרם,false,1,7.90,1.98,true,1,
7290012818523,false,צ'יק צ'אק ברבקיו 190 גרם,"10 ברוס ע.ט בע""מ",IL,צ'יק צ'אק ברבקיו,גרמים,190.00,100 גרם,false,1,2.90,1.53,true,1,
7290012818769,false,חטיף טיק טוק חמוץ חריף .,,IL,חטיף טיק טוק חמו,יחידה,1.00,יחידה,false,1,1.00,1.00,true,1,
7290012818929,false,חטיף תירס טיקטוק35*10ג,"10 ברוס ע.ט בע""מ",IL,חטיף תירס,גרמים,350.00,100 גרם,false,1,7.90,2.26,true,1,
7290012818981,false,חטיף טיק טוק חמוץ חריף .,,IL,חטיף טיק טוק חמו,יחידה,1.00,יחידה,false,1,1.00,1.00,true,1,
7290012823237,false,תחליב רחצה קרמה בריזה700,---,IL,קרמה תחליב רחצה,מיליליטרים,700.00,"100 מ""ל",false,0,14.90,2.13,true,1,
7290012823251,false,אל סבון כיף יסמין 1 ליטר,קוסמופארם בע'\'\מ,IL,אל סבון כיף,ליטרים,1.00,ליטר,false,0,9.90,9.90,true,1,
7290012823381,false,מקסימה ס.מרוכז סנסטיב 1ל,"סנו מפעלי ברונוס בע""\מ",IL,מרכך כביסה,ליטרים,1.00,ליטר,false,0,14.90,14.90,true,1,
7290012823794,false,אל סבון כיף יסמין 2 ליטר,---,IL,אל סבון כיף,ליטרים,2.00,ליטר,false,0,17.90,8.95,true,1,
7290012823923,false,מ.מקסימה פרפיום גולדן750,סנו מפעלי ברונוס בעמ,IL,מקסימה פרפיום,מיליליטרים,750.00,"100 מ""ל",false,0,14.90,1.99,true,1,
7290012929380,false,תססן סודה,,,תססן סודה,גרמים,144.00,100 גרם,false,0,9.90,6.88,true,1,
7290012929779,false,פסטה ספירלה,,TR,פסטה ספירלה,גרמים,500.00,100 גרם,false,0,3.90,0.78,true,1,
7290012929793,false,ספגטי חיטה מלאה,,TR,ספגטי חיטה מלאה,גרמים,500.00,100 גרם,false,0,3.90,0.78,true,1,
7290012929960,false,שלישיית טונה,,TH,שלישיית טונה,גרמים,450.00,100 גרם,false,0,14.90,3.31,true,1,
7290012931550,false,"כפפות ניילון ח""פ בשקית 1",מ.א,CN,כפפות ניילון,יחידה,1.00,יחידה,false,0,2.90,2.90,true,1,
7290012931611,false,כריות ברזל,,CN,כריות ברזל,יחידה,1.00,יחידה,false,0,5.90,5.90,true,1,
7290012931734,false,מבשם נוזלי לבנדר,מ.א. מטליות,IL,מבשם נוזלי לבנדר,מיליליטרים,400.00,"100 מ""ל",false,0,7.90,1.98,true,1,
7290012931741,false,ספוג הפלא בלוק יחי',מ.א,IL,ספוג הפלא בלוק,יחידה,1.00,יחידה,false,0,3.90,3.90,true,1,
7290012931925,false,זוג ננסים כסף זהב יח,מ.א,CN,זוג ננסים כסף,יחידה,1.00,יחידה,false,0,4.90,4.90,true,1,
7290012938580,false,מש.סנסודיין הלבנה עדינ75,גלקסוסמית'\קליין קונסיומ,GB,משחת סנסודיין,מיליליטרים,75.00,"100 מ""ל",false,0,13.90,18.53,true,1,
7290012938740,false,משחת סנסודיין פרש מינט75,MICLEN DE,GB,משחת סנסודיין,מיליליטרים,75.00,"100 מ""ל",false,0,13.90,18.53,true,1,
7290013010001,false,"עגבניות מרוסקות בד""צ פרי","זנלכל בע""\מ",IL,עגבניות מרוסקות,גרמים,240.00,100 גרם,false,0,5.50,2.29,true,1,
7290013010018,false,"רוטב פסטה זנלכל בד""צ260ג","זנלכל בע""\מ",IL,רוטב פסטה 260 גר,גרמים,260.00,100 גרם,false,0,5.50,2.12,true,1,
7290013010025,false,"רוטב פיצה בד""צ 260 גרם","זנלכל בע""\מ",IL,רוטב פיצה 260 גר,גרמים,260.00,100 גרם,false,0,5.50,2.12,true,1,
7290013010032,false,"רוטב שקשוקה זנלכל בד""צ ז","זנלכל בע""\מ",IL,רוטב שקשוקה זנלכ,גרמים,240.00,100 גרם,false,0,5.50,2.29,true,1,
7290013010094,false,ר.בולונז פרי מבורך260 גר,"זנלכל בע""\מ",IL,רוטב בלונז,גרמים,260.00,100 גרם,false,0,5.50,2.12,true,1,
7290013080295,false,באגסי ברביקיו,,IL,באגסי ברביקיו,גרמים,400.00,100 גרם,false,0,8.90,2.23,true,1,
7290013080486,false,באגסי פיצה 20 יח,,IL,באגסי פיצה 20 יח,גרמים,400.00,100 גרם,false,0,8.90,2.23,true,1,
7290013080516,false,באגסי קטשופ,,IL,באגסי קטשופ,גרמים,400.00,100 גרם,false,0,8.90,2.23,true,1,
7290013080585,false,מארז מקלונים 20*17,,IL,מארז מקלונים,יחידה,1.00,יחידה,false,1,8.90,8.90,true,1,
7290013080677,false,מקלוני תירס 100 גרם,,IL,מקלוני תירס 100ג,גרמים,100.00,100 גרם,false,1,2.90,2.90,true,1,
7290013121127,false,לחמניות מיני,,IL,לחמניות מיני,גרמים,460.00,100 גרם,false,0,14.90,3.24,true,1,
7290013144171,false,תערובת עוגת שוקולד560גרם,א.ל ייצור ושיווק תבלינים,IL,תערובת לעוגה,גרמים,560.00,100 גרם,false,0,12.90,2.30,true,1,
7290013144188,false,תערובת בראונס 600 גרם,א.ל ייצור ושיווק תבלינים,IL,תערובת בראונס,גרמים,600.00,100 גרם,false,0,12.90,2.15,true,1,
7290013144232,false,פודינג וניל 80 גרם,א.ל ייצור ושיווק תבלינים,IL,פודינג וניל,גרמים,80.00,100 גרם,false,0,3.90,4.88,true,1,
7290013144249,false,פודינג שוקולד 95 גרם,א.ל ייצור ושיווק תבלינים,IL,פודינג שוקולד,גרמים,95.00,100 גרם,false,0,3.90,4.11,true,1,
7290013144263,false,תערובת מלבי 100 גרם,א.ל ייצור ושיווק תבלינים,IL,תערובת מלבי,גרמים,100.00,100 גרם,false,0,9.90,9.90,true,1,
7290013144270,false,תערובת קרם פטיסייר100גרם,א.ל ייצור ושיווק תבלינים,IL,קרם פטיסייר,גרמים,100.00,100 גרם,false,0,9.90,9.90,true,1,
7290013144393,false,"תמצית בטעם וניל 50 מ""ל",א.ל ייצור ושיווק תבלינים,IL,תמצית וניל,מיליליטרים,50.00,"100 מ""ל",false,0,4.30,8.60,true,1,
7290013144416,false,"תמצית בטעם שקדים 50 מ""ל",א.ל ייצור ושיווק תבלינים,IL,תמצית שקדים,מיליליטרים,50.00,"100 מ""ל",false,0,4.30,8.60,true,1,
7290013144515,false,"צבע מאכל צהוב 50 מ""ל",א.ל ייצור ושיווק תבלינים,IL,צבע מאכל צהוב,מיליליטרים,50.00,"100 מ""ל",false,0,3.40,6.80,true,1,
7290013144522,false,"צבע מאכל ירוק 50 מ""ל",א.ל ייצור ושיווק תבלינים,IL,צבע מאכל ירוק,מיליליטרים,50.00,"100 מ""ל",false,0,3.90,7.80,true,1,
7290013144539,false,"צבע מאכל אדום 50 מ""ל",א.ל ייצור ושיווק תבלינים,IL,צבע מאכל אדום,מיליליטרים,50.00,"100 מ""ל",false,0,3.40,6.80,true,1,
7290013144560,false,"צבע מאכל כחול 50 מ""ל",א.ל ייצור ושיווק תבלינים,IL,צבע מאכל כחול,מיליליטרים,50.00,"100 מ""ל",false,0,3.90,7.80,true,1,
7290013144614,false,סירופ מייפל 100% 236 גרם,INDUSRIES LES,DK,סירופ מייפל,גרמים,236.00,100 גרם,false,0,29.90,12.67,true,1,
7290013144805,false,אייס קפה דיאט 245 גרם,---,IL,אייס קפה דיאט,גרמים,245.00,100 גרם,false,1,19.90,8.12,true,1,
7290013144812,false,אייס בטעם וניל 320 גרם,---,IL,אייס בטעם וניל,גרמים,320.00,100 גרם,false,1,17.90,5.59,true,1,
7290013144911,false,מיקס שוק.ציפס250מריר/חלב,אינטרגטה תעשיות מזון 19),IL,מיקס שוקולד ציפס,גרמים,250.00,100 גרם,false,1,14.90,5.96,true,1,
7290013145062,false,סירופ מייפל 100%אמיתי187,CORFADEX,CA,סירופ מייפל,מיליליטרים,187.00,"100 מ""ל",false,1,19.90,10.64,true,1,
7290013145178,false,קוקוס טחון לבן 100 גרם,א.ל ייצור ושיווק תבלינים,IL,קוקוס טחון לבן,גרמים,100.00,100 גרם,false,0,3.90,3.90,true,1,
7290013145215,false,שומשום 400 גרם,א.ל ייצור ושיווק תבלינים,IL,שומשום,גרמים,400.00,100 גרם,false,0,11.90,2.98,true,1,
7290013145277,false,עלים לקרמשניט 300 גרם,SRL MARISTELLA,IT,עלים לקרמשניט,גרמים,300.00,100 גרם,false,1,13.90,4.63,true,1,
7290013145390,false,שוקולד צ'יפס 250 גרם,אינטרגטה תעשיות מזון 19),IL,שוקולד צ'יפס,גרמים,250.00,100 גרם,false,0,7.80,3.12,true,1,
7290013145406,false,שוקולד צ'יפס לבן 250 גרם,אינטרגטה תעשיות מזון 19),IL,שוקולד צ'יפס,גרמים,250.00,100 גרם,false,0,8.80,3.52,true,1,
7290013145437,false,שוקולד צ'יפס 48% 250 גרם,אינטרגטה תעשיות מזון 19),IL,שוקולד צ'יפס,גרמים,250.00,100 גרם,false,0,10.90,4.36,true,1,
7290013145444,false,שוקולד צ'יפס 66% 250 גרם,אינטרגטה,IL,שוקולד צ'יפס,גרמים,250.00,100 גרם,false,0,14.70,5.88,true,1,
7290013145529,false,סוכריות צבעוניות לקישוט,א.ל ייצור ושיווק תבלינים,IL,סוכריות לקישוט,גרמים,90.00,100 גרם,false,0,4.90,5.44,true,1,
7290013145567,false,מיני מיני עדשים 90 גרם,א.ל ייצור ושיווק תבלינים,IL,מיני מיני עדשים,גרמים,90.00,100 גרם,false,0,10.50,11.67,true,1,
7290013145574,false,ערכה לקישוט מזרה עיגולים,א.ל ייצור ושיווק תבלינים,IL,ערכה לקישוט100גר,גרמים,100.00,100 גרם,false,0,10.80,10.80,true,1,
7290013145628,false,סוכ.צבעוניות לקישוט 200ג,א.ל ייצור ושיווק תבלינים,IL,סוכריות צבעוניות,גרמים,200.00,100 גרם,false,0,8.40,4.20,true,1,
7290013145826,false,פודינג בטעם וניל לבן80ג,א.ל ייצור ושיווק תבלינים,IL,פודינג וניל,גרמים,80.00,100 גרם,false,1,3.90,4.88,true,1,
7290013145833,false,פודינג שוקולד אמיתי,א.ל ייצור ושיווק תבלינים,IL,פודינג שוקולד אמ,גרמים,80.00,100 גרם,false,1,3.90,4.88,true,1,
7290013145864,false,ג'לטין טהור אבקה 28 גרם,א.ל ייצור ושיווק תבלינים,IL,ג'לטין טהור,גרמים,28.00,100 גרם,false,0,9.80,35.00,true,1,
7290013145956,false,שמרים יבשים בוואקום500ג,אנג'ל איסט,CN,שמרים יבשים,גרמים,500.00,100 גרם,false,0,9.90,1.98,true,1,
7290013145963,false,שמרים יבשים בוואקום125ג,אנג'ל איסט,CN,שמרים יבשים,גרמים,125.00,100 גרם,false,0,5.30,4.24,true,1,
7290013146007,false,מלית פרג 400 גרם,א.ל ייצור ושיווק תבלינים,IL,מלית פרג,גרמים,400.00,100 גרם,false,0,13.90,3.48,true,1,
7290013146014,false,מלית אוכמניות50% פרי400ג,אינטרגטה,IL,מלית אוכמניות,גרמים,400.00,100 גרם,false,0,13.90,3.48,true,1,
7290013146038,false,מלית דובדבנים 70%פרי400ג,א.ל ייצור ושיווק תבלינים,IL,מלית דובדבנים,גרמים,400.00,100 גרם,false,0,13.90,3.48,true,1,
7290013146083,false,מלית חלבה 400 גרם,אינטרגטה תעשיות מזון 19),IL,מלית חלבה,גרמים,400.00,100 גרם,false,0,13.90,3.48,true,1,
7290013146199,false,קרם נוגט 400 גרם,אינטרגטה תעשיות מזון 19),IL,קרם נוגט,גרמים,400.00,100 גרם,false,0,13.90,3.48,true,1,
7290013146267,false,פודינג בטעם וניל 1 קג,א.ל ייצור ושיווק תבלינים,IL,פודינג בטעם וניל,קילוגרמים,1.00,"ק""ג",false,1,20.90,20.90,true,1,
7290013146298,false,טארטלטים תחתיות למילו120,רוט פטיפורים,IL,טארטלטים תחתיות,גרמים,120.00,100 גרם,false,1,14.90,12.42,true,1,
7290013146304,false,קורנפלור 500 גרם,א.ל ייצור ושיווק תבלינים,IL,קורנפלור,גרמים,500.00,100 גרם,false,1,5.90,1.18,true,1,
7290013146489,false,קונוס מבצק עלים אפוי120ג,---,IT,קונוסים בצק עלים,גרמים,120.00,100 גרם,false,1,12.90,10.75,true,1,
7290013146724,false,אייס קפה 350 גרם,---,IL,אייס קפה,גרמים,350.00,100 גרם,false,1,15.90,4.54,true,1,
7290013146854,false,קוקוס לבן 400 גרם,א.ל ייצור ושיווק תבלינים,IL,קוקוס לבן 400 גר,גרמים,400.00,100 גרם,false,0,12.70,3.18,true,1,
7290013195296,false,וייט פיש רוזנר'ס,,IL,וייט פיש רוזנר'ס,גרמים,500.00,100 גרם,false,0,26.90,5.38,true,1,
7290013198020,false,וויסקי אוכנדורס טרודישונ,,IL,וויסקי אוכנדורס,מיליליטרים,700.00,"100 מ""ל",false,1,200.00,28.57,true,1,
7290013198150,false,"ליקר היוצרים שרי 500 מ""ל",,IL,ליקר היוצרים שרי,מיליליטרים,500.00,"100 מ""ל",false,1,36.90,7.38,true,1,
7290013198310,false,"ליקר הוונס נוגט 500 מ""ל",,IL,ליקר הוונס נוגט,מיליליטרים,500.00,"100 מ""ל",false,1,85.00,17.00,true,1,
7290013198341,false,"ליקר הוונס דארק 500 מ""ל",,IL,ליקר הוונס דארק,מיליליטרים,500.00,"100 מ""ל",false,1,85.00,17.00,true,1,
7290013198358,false,"ליקר הוונס קלאסי 500 מ""ל",,IL,ליקר הוונס קלאסי,מיליליטרים,500.00,"100 מ""ל",false,1,85.00,17.00,true,1,
7290013198655,false,ליקר מונטל תפוזים 700 מל,,IL,ליקר מונטל,מיליליטרים,700.00,"100 מ""ל",false,1,89.00,12.71,true,1,
7290013198686,false,"מונטל אורגינל 700 מ""ל",,IL,מונטל אורגינל,מיליליטרים,700.00,"100 מ""ל",false,1,98.00,14.00,true,1,
7290013198808,false,ליקר דובדבן היימיש קירש,,IL,ליקר דובדבן היימ,מיליליטרים,500.00,"100 מ""ל",false,1,92.00,18.40,true,1,
7290013200068,false,גריסי פנינה וואק,,IL,גריסי פנינה וואק,גרמים,500.00,100 גרם,false,0,6.90,1.38,true,1,
7290013200075,false,חיטה בוואקום,,IL,חיטה בוואקום,גרמים,500.00,100 גרם,false,0,6.90,1.38,true,1,
7290013200082,false,אפונה בוואקום,,IL,אפונה בוואקום,גרמים,500.00,100 גרם,false,0,6.90,1.38,true,1,
7290013200099,false,עדשים אדומים ואק,,IL,עדשים אדומים ואק,גרמים,500.00,100 גרם,false,0,9.90,1.98,true,1,
7290013200105,false,עדשים ירוקים ואק,,IL,עדשים ירוקים ואק,גרמים,500.00,100 גרם,false,0,7.90,1.58,true,1,
7290013200112,false,כוסמת בוואקום,,IL,כוסמת בוואקום,גרמים,500.00,100 גרם,false,0,9.90,1.98,true,1,
7290013200198,false,"אורז לבן בוואקום 1 ק""ג",.,IL,אורז לבן בוואקום,יחידה,1.00,יחידה,false,1,11.90,11.90,true,1,
7290013200204,false,"אורז מלא ""ברור""",,,"אורז מלא ""ברור""",יחידה,1.00,יחידה,false,0,12.90,12.90,true,1,
7290013200242,false,בורגל בינוני בואקום 500,.,IL,בורגל בינוני בוא,גרמים,500.00,100 גרם,false,1,6.90,1.38,true,1,
7290013200259,false,"שעועית לבנה בואקום 1 ק""ג",.,IL,שעועית לבנה בואק,יחידה,1.00,יחידה,false,1,15.90,15.90,true,1,
7290013200280,false,שעועית מעורבת בוואקום זה,.,IL,שעועית מעורבת,גרמים,500.00,100 גרם,false,1,9.90,1.98,true,1,
7290013200303,false,גריסי פנינה בואקום זה בר,,IL,גריסי פנינה בואק,גרמים,1000.00,100 גרם,false,1,13.90,1.39,true,1,
7290013200310,false,חומוס זה ברור,,IL,חומוס,יחידה,1.00,יחידה,false,1,8.90,8.90,true,1,
7290013200327,false,"אורז יסמין 2 ק""ג",.,IL,"אורז יסמין 2 ק""ג",גרמים,2000.00,100 גרם,false,1,19.90,1.00,true,1,
7290013200358,false,קוואקר זה ברור 600 גר',,IL,קוואקר זה ברור,גרמים,600.00,100 גרם,false,1,10.90,1.82,true,1,
7290013200365,false,שעועית לבנה 500 גרם,,IL,שעועית לבנה 500ג,גרמים,500.00,100 גרם,false,1,8.90,1.78,true,1,
7290013200372,false,אורז פרסי 500 גרם,,IL,אורז פרסי 500ג,גרמים,500.00,100 גרם,false,1,6.90,1.38,true,1,
7290013200389,false,"אורז פרסי 1 ק""ג",,IL,"אורז פרסי 1ק""ג",קילוגרמים,0.00,"ק""ג",false,1,10.90,10.90,true,1,
7290013200396,false,קינואה 500 גר',,IL,קינואה 500 גר',גרמים,500.00,100 גרם,false,1,13.90,2.78,true,1,
7290013200402,false,שעועית אדומה 500גרם זה ב,,IL,שעועית אדומה,גרמים,500.00,100 גרם,false,1,9.90,1.98,true,1,
7290013268020,false,מקסימה סופר מרוכז פרש 1ל,"סנו מפעלי ברונוס בע""\מ",IL,מרכך כביסה,ליטרים,1.00,ליטר,false,0,14.90,14.90,true,1,
7290013268037,false,מקסימה ס.מרוכז לבנדר 1ל',"סנו מפעלי ברונוס בע""\מ",IL,מרכך כביסה,ליטרים,1.00,ליטר,false,0,14.90,14.90,true,1,
7290013268891,false,אוקסיג'ן ג'ל 3ליטר,"סנו מפעלי ברונוס בע""\מ",IL,אוקסיג'ן ג'ל,ליטרים,3.00,ליטר,false,0,24.90,8.30,true,1,
7290013268907,false,מקסימה ג'ל לכביסה 3ל,"סנו מפעלי ברונוס בע""\מ",IL,מקסימה ג'ל,ליטרים,3.00,ליטר,false,0,24.90,8.30,true,1,
7290013268938,false,סנובון מאסק 3 יח,,IL,סנובון מאסק 3 יח,גרמים,165.00,100 גרם,false,0,10.70,6.48,true,1,
7290013268983,false,מרכך בישום עוצמתי ג'וי1ל,"סנו מפעלי ברונוס בע""\מ",IL,מרכך מרוכז ג'וי,ליטרים,1.00,ליטר,false,1,14.90,14.90,true,1,
7290013268990,false,מקסימה מרכך מרוכז ביו1ל,"סנו מפעלי ברונוס בע""\מ",IL,מקסימה מרכך,ליטרים,1.00,ליטר,false,0,14.90,14.90,true,1,
7290013269263,false,מקסימה ג'ל כביסה 3ליטר,סנו מפעלי ברונוס בעמ,IL,מקסימה ג'ל,ליטרים,3.00,ליטר,false,0,24.90,8.30,true,1,
7290013269669,false,ריצפז פנטזיה,,IL,ריצפז פנטזיה,ליטרים,3.00,ליטר,false,0,11.70,3.90,true,1,
7290013301307,false,גליל מפה 45 מטר 45 מטר,---,IL,גליל מפה 45 מטר 45 מטר,יחידה,1.00,יחידה,false,1,14.90,14.90,true,1,
7290013301314,false,גליל מפה 40 מיקרון 45 מט,---,IL,גליל מפה 40 מיק'ון 45 מט,יחידה,1.00,יחידה,false,1,29.90,29.90,true,1,
7290013301406,false,אשפתון מרשרש שקוף 50*70,---,IL,אשפתון מרשרש,גרמים,900.00,100 גרם,false,1,6.90,0.77,true,1,
7290013301413,false,אשפתון מרשרש שקוף 50*50,---,IL,אשפתון מרשרש,גרמים,290.00,100 גרם,false,1,5.90,2.03,true,1,
7290013301604,false,שקיות הקפאה מרשרש 25/35,---,IL,שקיות הקפאה,יחידה,1.00,יחידה,false,1,2.90,2.90,true,1,
7290013301703,false,גליל צבעוני .,,IL,גליל צבעוני,יחידה,1.00,יחידה,false,0,34.90,34.90,true,1,
7290013301710,false,מפת שולחן מעוטרת 1 יחי,,IL,מפת שולחן מעוטרת,יחידה,1.00,יחידה,false,1,34.90,34.90,true,1,
7290013301802,false,אשפתון שטוח שחור ניילון,---,IL,אשפתון שטוח שחור,גרמים,1100.00,100 גרם,false,1,12.90,1.17,true,1,
7290013301819,false,אשפתון שטוח אפור+ידיות 9,---,IL,אשפתון שטוח אפור,גרמים,1100.00,100 גרם,false,1,12.90,1.17,true,1,
7290013301826,false,אשפתון שטוחקרם+ידיות *90,---,IL,אשפתון שטוח קרם,גרמים,1000.00,100 גרם,false,1,14.90,1.49,true,1,
7290013301833,false,אשפתון שטוח כחול 75*90,---,IL,אשפתון שטוח כחול,גרמים,900.00,100 גרם,false,1,12.90,1.43,true,1,
7290013301840,false,אשפתון שטוח ירוק 55/70,---,IL,אשפתון שטוח ירוק,יחידה,1.00,יחידה,false,1,12.90,12.90,true,1,
7290013301888,false,אשפתון בגליל מרשרש 77*90,---,IL,אשפתון בגליל עבה,יחידה,1.00,יחידה,false,1,9.90,9.90,true,1,
7290013301925,false,מפות שישיה דק שקוף 6/3.0,---,IL,מפות שישיה דק   וף 6/3.0,גרמים,170.00,100 גרם,false,1,2.90,1.71,true,1,
7290013301956,false,מפות שמיניה דק שקוף .8/2,---,IL,מפות שמיניה דק  קוף .8/2,גרמים,400.00,100 גרם,false,1,2.90,0.73,true,1,
7290013301970,false,אשפתון בגליל נילון 75*90,---,IL,אשפתון בגליל,גרמים,600.00,100 גרם,false,1,6.90,1.15,true,1,
7290013301987,false,אשפתון בגליל ניילון עבה,---,IL,אשפתון בגליל עבה,יחידה,1.00,יחידה,false,1,9.90,9.90,true,1,
7290013301994,false,אשפתון בגליל מרשרש עבה 9,---,IL,אשפתון בגליל עבה,גרמים,900.00,100 גרם,false,1,12.90,1.43,true,1,
7290013302236,false,פסטה פרפלה 500גר,,TR,פסטה פרפלה 500גר,גרמים,500.00,100 גרם,false,0,3.90,0.78,true,1,
7290013302243,false,פסטה מסולסלת,,TR,פסטה מסולסלת,גרמים,500.00,100 גרם,false,0,3.90,0.78,true,1,
7290013302267,false,מחיות בייבי,,IL,מחיות בייבי,קילוגרמים,1.14,"ק""ג",false,0,22.90,20.09,true,1,
7290013302298,false,מחיות בייבי,,IL,מחיות בייבי,קילוגרמים,1.14,"ק""ג",false,0,22.90,20.09,true,1,
7290013302304,false,מחיות בייבי,,IL,מחיות בייבי,קילוגרמים,1.14,"ק""ג",false,0,22.90,20.09,true,1,
7290013302311,false,מחיות בייבי,,IL,מחיות בייבי,קילוגרמים,1.14,"ק""ג",false,0,22.90,20.09,true,1,
7290013302328,false,מחיות בייבי,,CZ,מחיות בייבי,קילוגרמים,1.14,"ק""ג",false,0,22.90,20.09,true,1,
7290013302656,false,פילה סרדין125 גר,,MA,פילה סרדין125 גר,גרמים,125.00,100 גרם,false,0,7.90,6.32,true,1,
7290013302663,false,פילה סרדין בשמן,,MA,פילה סרדין בשמן,גרמים,125.00,100 גרם,false,0,7.90,6.32,true,1,
7290013303202,false,יין הר מירון בסג,,IL,יין הר מירון בסג,מיליליטרים,750.00,"100 מ""ל",false,0,65.00,8.67,true,1,
7290013303332,false,יין עמוקה מרלו,,IL,יין עמוקה מרלו,מיליליטרים,750.00,"100 מ""ל",false,0,55.00,7.33,true,1,
7290013303349,false,יין עמוקה קברנה,,IL,יין עמוקה קברנה,מיליליטרים,750.00,"100 מ""ל",false,0,55.00,7.33,true,1,
7290013303394,false,יין אור הגנוז,,IL,יין אור הגנוז,מיליליטרים,750.00,"100 מ""ל",false,0,55.00,7.33,true,1,
7290013303455,false,יין עמוקה רוזה,,IL,יין עמוקה רוזה,מיליליטרים,750.00,"100 מ""ל",false,0,55.00,7.33,true,1,
7290013303462,false,יין אור הגנוז,,IL,יין אור הגנוז,מיליליטרים,750.00,"100 מ""ל",false,0,55.00,7.33,true,1,
7290013303523,false,יין לבן חצי יבש,,IL,יין עמוקה גוורצט,מיליליטרים,750.00,"100 מ""ל",false,1,55.00,7.33,true,1,
7290013303530,false,יין אור הגנוז,,IL,יין אור הגנוז,מיליליטרים,750.00,"100 מ""ל",false,0,55.00,7.33,true,1,
7290013303608,false,יין אור הגנוז,,IL,יין אור הגנוז,מיליליטרים,750.00,"100 מ""ל",false,0,95.00,12.67,true,1,
7290013358998,false,שקדי מרק מעולה 400 גר',,IL,שקדי מרק מעולה,גרמים,400.00,100 גרם,false,1,6.90,1.73,true,1,
7290013504012,false,נוזל נעלים שחור,,IL,נוזל נעלים שחור,מיליליטרים,75.00,"100 מ""ל",false,0,3.90,5.20,true,1,
7290013504067,false,פנתר קרם נעלים שחור200גר,,IL,קרם נעלים שחור,גרמים,200.00,100 גרם,false,0,7.90,3.95,true,1,
7290013504074,false,ספוג הברקה לנעל,,,ספוג הברקה לנעל,יחידה,1.00,יחידה,false,0,3.90,3.90,true,1,
7290013504104,false,דאודורנט לנעל פנתר,,IL,דאודורנט לנעל,יחידה,1.00,יחידה,false,0,4.90,4.90,true,1,
7290013504173,false,מטאטא,,IL,מטאטא,יחידה,1.00,יחידה,false,0,5.90,5.90,true,1,
7290013504210,false,מטלית מיקרופייבר כללי5יח,,IL,מטלית ניקוי כללי,יחידה,1.00,יחידה,false,0,6.90,6.90,true,1,
7290013504227,false,נופר ברזלית זהב/כסף 8 יח,,IL,ברזלית זהב/כסף,יחידה,1.00,יחידה,false,0,10.90,10.90,true,1,
7290013504241,false,פח אשפה שובך 25 ליטר,,IL,פח אשפה שובך 25,יחידה,1.00,יחידה,false,0,44.90,44.90,true,1,
7290013504340,false,ספוג מנקה הכל,,IL,ספוג מנקה הכל,יחידה,1.00,יחידה,false,0,3.90,3.90,true,1,
7290013504357,false,פח אשפה 10 ליטר,,IL,פח אשפה 10 ליטר,יחידה,1.00,יחידה,false,0,23.90,23.90,true,1,
7290013504456,false,סופג שומר טריות נופר,,IL,סופג שומר טריות,יחידה,1.00,יחידה,false,0,7.90,7.90,true,1,
7290013504494,false,מטאטא גומי,,IL,מטאטא גומי,יחידה,1.00,יחידה,false,0,19.90,19.90,true,1,
7290013504562,false,"מגב מתכת 60 ס""מ",,IL,"מגב מתכת 60 ס""מ",יחידה,1.00,יחידה,false,0,11.90,11.90,true,1,
7290013504579,false,מטאטא שיער סוס,,IL,מטאטא שיער סוס,יחידה,1.00,יחידה,false,0,22.90,22.90,true,1,
7290013504746,false,כרית יפנית לשבת,,IL,כרית יפנית לשבת,יחידה,1.00,יחידה,false,0,5.90,5.90,true,1,
7290013504852,false,מגבונים לחיטוי וניקו מאו,,IL,מגבונים לחיטוי ו,יחידה,1.00,יחידה,false,1,17.90,17.90,true,1,
7290013504869,false,מטליות לחות לרצפה בדלי נ,,IL,מטליות לרצפה דלי,יחידה,1.00,יחידה,false,1,24.90,24.90,true,1,
7290013504876,false,מטליות בד רב פעמיות נופר,,IL,מטליות בד רב פעמ,יחידה,1.00,יחידה,false,1,9.90,9.90,true,1,
7290013525253,false,טחינה מיוחדת 160 גרם,סלטי שמיר,IL,טחינה מיוחדת,גרמים,160.00,100 גרם,false,0,4.90,3.06,true,1,
7290013525260,false,חציל במיונז 160 גרם,סלטי שמיר,IL,חציל במיונז,גרמים,160.00,100 גרם,false,0,4.90,3.06,true,1,
7290013525710,false,חומוס עם טחינה,סלטי שמיר,IL,חומוס עם טחינה,גרמים,160.00,100 גרם,false,0,4.90,3.06,true,1,
7290013525727,false,חומוס מסבחה 160 גרם,סלטי שמיר,IL,חומוס מסבחה,גרמים,160.00,100 גרם,false,0,4.90,3.06,true,1,
7290013525741,false,חומוס אבוגוש עם חריף160ג,סלטי שמיר,IL,חומוס,גרמים,160.00,100 גרם,false,0,4.90,3.06,true,1,
7290013525789,false,עריסה מרוקאית 150 גרם,סלטי שמיר,IL,עריסה מרוקאית,גרמים,150.00,100 גרם,false,0,8.90,5.93,true,1,
7290013525796,false,סחוג תימני 150 גרם,סלטי שמיר,IL,סחוג תימני,גרמים,150.00,100 גרם,false,0,8.90,5.93,true,1,
7290013525802,false,סחוג אדום 150 גרם,סלטי שמיר,IL,סחוג אדום,גרמים,150.00,100 גרם,false,0,8.90,5.93,true,1,
7290013525819,false,שום כתוש 150 גרם,סלטי שמיר,IL,שום כתוש 150 גרם,גרמים,150.00,100 גרם,false,0,8.90,5.93,true,1,
7290013534057,false,צ'יפס בטטה טבעי,מיה תעשיות מזון מ.ת.מ. ב,IL,צ'יפס בטטה טבעי,גרמים,100.00,100 גרם,false,0,6.90,6.90,true,1,
7290013536143,false,"קמח חיטה מלא 100% 1ק""ג",.,IL,קמח חיטה מלא,קילוגרמים,1.00,"ק""ג",false,1,6.90,6.90,true,1,
7290013536167,false,"קמח כוסמין 100% 1 ק""ג",,IL,קמח כוסמין 100%מ,קילוגרמים,1.00,"ק""ג",false,1,11.90,11.90,true,1,
7290013536174,false,"קמח כוסמין מלא 80% 1 ק""ג",.,IL,קמח כוסמין מלא,קילוגרמים,1.00,"ק""ג",false,1,12.90,12.90,true,1,
7290013536181,false,"קמח לבן מנופה 1 ק""ג",,IL,קמח לבן מנופה 1ק,קילוגרמים,0.00,"ק""ג",false,1,5.90,5.90,true,1,
7290013536266,false,פיתות כוסמין 99 קלוריות,,IL,פיתות כוסמין,יחידה,1.00,יחידה,false,1,11.90,11.90,true,1,
7290013536273,false,לחמניות קמח מלא 99 קלורי,,IL,לחמניות קמח מלא,גרמים,320.00,100 גרם,false,1,9.90,3.09,true,1,
7290013536280,false,לחמניות כוסמין 99 קלו' .,,IL,לחמניות כוסמין,גרמים,252.00,100 גרם,false,1,9.90,3.93,true,1,
7290013536372,false,לחמניות כוסמין מזונות,מאפיית יוסף ברון בעמ,IL,לחמניות כוסמין,גרמים,315.00,100 גרם,false,1,13.90,4.41,true,1,
7290013560070,false,יין אפיקים אדום יבש קברנ,,IL,יין אפיקים אדום,מיליליטרים,750.00,"100 מ""ל",false,1,99.00,13.20,true,1,
7290013560087,false,יין בסגנון פורט נגבה,,IL,יין בסגנון פורט,מיליליטרים,750.00,"100 מ""ל",false,1,139.70,18.63,true,1,
7290013560902,false,יין אדום מתוק עינבה נגבה,,IL,יין א.מתוק עינבה,יחידה,1.00,יחידה,false,1,65.00,65.00,true,1,
7290013579232,false,"אוכמניות קפוא חת""ס 250 ג","הבו-קדו בע""\מn\",IL,אוכמניות קפוא250,גרמים,250.00,100 גרם,false,1,9.90,3.96,true,1,
7290013579492,false,פיטאיה קפואה 250 גר,"הבו-קדו בע""\מn\",IL,פיטאיה קפואה250ג,גרמים,250.00,100 גרם,false,1,12.90,5.16,true,1,
7290013580252,false,"סטייק אנטריקוט פרוס עד""ח",,IL,סטייק אנטריקוט,קילוגרמים,0.00,"ק""ג",true,1,139.90,139.90,true,1,
7290013625229,false,פילה מקרל 125גרם,,MA,פילה מקרל 125גרם,גרמים,125.00,100 גרם,false,0,7.90,6.32,true,1,
7290013625403,false,חצאי אפרסק 820ג,,GR,חצאי אפרסק 820ג,גרמים,820.00,100 גרם,false,0,11.90,1.45,true,1,
7290013625410,false,פלחי אפרסק 820גר,,GR,פלחי אפרסק 820גר,גרמים,820.00,100 גרם,false,0,11.90,1.45,true,1,
7290013625458,false,פטריות שלמות 400 גרם,פרוצ'אמפ בי.וי,NL,פטריות שלמות400ג,גרמים,400.00,100 גרם,false,1,7.50,1.88,true,1,
7290013625670,false,חומץ 1 ליטר,,IL,חומץ 1 ליטר,ליטרים,1.00,ליטר,false,0,3.90,3.90,true,1,
7290013639103,false,גרנולה אגוזים וח,,,גרנולה אגוזים וח,יחידה,1.00,יחידה,false,0,22.00,22.00,true,1,
7290013652157,false,מגב.מסירי איפור רגיל30*3,פישר מעבדות פרמצבטיות בע,IL,מגבונים 3 יח,יחידה,1.00,יחידה,false,0,16.90,16.90,true,1,
7290013655318,false,כוס שמפניה ארוז 12 יח,,IL,כוס שמפניה ארוז,יחידה,1.00,יחידה,false,1,13.90,13.90,true,1,
7290013655554,false,"קערה קריסטל 12ס""מ",,IL,קערה קריסטל,יחידה,1.00,יחידה,false,1,11.90,11.90,true,1,
7290013655561,false,מגש קריסטל שקוף יחידה,,IL,מגש קריסטל שקוף,יחידה,1.00,יחידה,false,1,6.50,6.50,true,1,
7290013655585,false,קערה 9.5 קריסטל יח,,IL,קערה 9.5 קריסטל,יחידה,1.00,יחידה,false,1,9.90,9.90,true,1,
7290013655592,false,"קערה אובלי קריסטל 11ס""מ",,IL,קערה אובלי קריסט,יחידה,1.00,יחידה,false,1,7.90,7.90,true,1,
7290013677006,false,חומוס 500 גרם,מיה תעשיות מזון מ.ת.מ. ב,IL,חומוס 500 גרם,גרמים,500.00,100 גרם,false,0,9.90,1.98,true,1,
7290013677013,false,גריסים 500 גרם,מיה תעשיות מזון מ.ת.מ. ב,IL,גריסים 500 גרם,גרמים,500.00,100 גרם,false,0,8.90,1.78,true,1,
7290013677020,false,שעועית לבנה 500 גרם,מיה תעשיות מזון מ.ת.מ. ב,IL,שעועית לבנה,גרמים,500.00,100 גרם,false,0,9.50,1.90,true,1,
7290013677037,false,עדשים ירוקים 500 גרם,מיה תעשיות מזון מ.ת.מ. ב,IL,עדשים ירוקים,גרמים,500.00,100 גרם,false,0,8.90,1.78,true,1,
7290013677044,false,עדשים אדומים 500 גרם,מיה תעשיות מזון מ.ת.מ. ב,IL,עדשים אדומים,גרמים,500.00,100 גרם,false,0,9.90,1.98,true,1,
7290013677051,false,פופקורן 500 גרם,מיה תעשיות מזון מ.ת.מ. ב,IL,פופקורן 500 גרם,גרמים,500.00,100 גרם,false,0,8.90,1.78,true,1,
7290013677068,false,כוסמת 500 גרם,מיה תעשיות מזון מ.ת.מ. ב,IL,כוסמת 500 גרם,גרמים,500.00,100 גרם,false,0,9.90,1.98,true,1,
7290013677075,false,חיטה 500 גרם,מיה תעשיות מזון מ.ת.מ. ב,IL,חיטה 500 גרם,גרמים,500.00,100 גרם,false,0,8.50,1.70,true,1,
7290013677082,false,שעועית אדומה 500 גרם,מיה תעשיות מזון מ.ת.מ. ב,IL,שעועית אדומה,גרמים,500.00,100 גרם,false,0,9.90,1.98,true,1,
7290013677099,false,גריסי פנינה 500 גרם,מיה תעשיות מזון מ.ת.מ. ב,IL,גריסי פנינה,גרמים,500.00,100 גרם,false,0,8.50,1.70,true,1,
7290013677105,false,אפונה 500 גרם,מיה תעשיות מזון מ.ת.מ. ב,IL,אפונה 500 גרם,גרמים,500.00,100 גרם,false,0,8.50,1.70,true,1,
7290013677112,false,בורגול 500 גרם,מיה תעשיות מזון מ.ת.מ. ב,IL,בורגול 500 גרם,גרמים,500.00,100 גרם,false,0,8.50,1.70,true,1,
7290013677129,false,שעועית מעורבת 500 גרם,מיה תעשיות מזון מ.ת.מ. ב,IL,שעועית מעורבת,גרמים,500.00,100 גרם,false,0,10.90,2.18,true,1,
7290013677136,false,חומוס לבן ענק 500 גרם,מיה תעשיות מזון מ.ת.מ. ב,IL,חומוס לבן 500 גר,גרמים,500.00,100 גרם,false,0,12.70,2.54,true,1,
7290013677143,false,שעועית בובס 400 גרם,מיה,IL,שעועית בובס,גרמים,400.00,100 גרם,false,0,15.90,3.98,true,1,
7290013677259,false,זעתר בשקית 50 גרם,מיה תעשיות מזון מ.ת.מ. ב,IL,זעתר בשקית 50 גר,גרמים,50.00,100 גרם,false,0,2.90,5.80,true,1,
7290013677266,false,תבלין לפיצה בשקית 80 גרם,מיה תעשיות מזון מ.ת.מ. ב,IL,תבלין לפיצה שקית,גרמים,80.00,100 גרם,false,0,2.90,3.63,true,1,
7290013677273,false,גריל דג שקית 80 גרם,מיה תעשיות מזון מ.ת.מ. ב,IL,גריל דג שקית 80ג,גרמים,80.00,100 גרם,false,0,2.90,3.63,true,1,
7290013677280,false,ציפורן שלם בשקית 40 גרם,מיה,IL,ציפורן שלם בשקית,גרמים,40.00,100 גרם,false,0,2.90,7.25,true,1,
7290013677297,false,אבקת בצל שקית 80 גרם,מיה תעשיות מזון מ.ת.מ. ב,IL,אבקת בצל שקית,גרמים,80.00,100 גרם,false,0,2.90,3.63,true,1,
7290013677303,false,חוויג' תימני בשקית 50 גר,מיה תעשיות מזון מ.ת.מ. ב,IL,חוויג תימני 50גר,גרמים,50.00,100 גרם,false,0,2.90,5.80,true,1,
7290013677310,false,גריל בשר בשקית 80 גרם,מיה תעשיות מזון מ.ת.מ. ב,IL,גריל בשר בשקית,גרמים,80.00,100 גרם,false,0,2.90,3.63,true,1,
7290013677327,false,אבקת קארי בשקית 80 גרם,מיה תעשיות מזון מ.ת.מ. ב,IL,אבקת קארי בשקית,גרמים,80.00,100 גרם,false,0,2.90,3.63,true,1,
7290013677334,false,תבלין על האש 50 גרם,מיה תעשיות מזון מ.ת.מ. ב,IL,תבלין על האש 50ג,גרמים,50.00,100 גרם,false,0,2.90,5.80,true,1,
7290013677372,false,ג'לי בינס תפוחדובדבן100ג,מיה תעשיות מזון מ.ת.מ. ב,IL,ג'לי בינס,גרמים,100.00,100 גרם,false,0,4.90,4.90,true,1,
7290013677556,false,אורז פרסי עממי וואקום,מיה תעשיות מזון מ.ת.מ. ב,IL,אורז פרסי עממי,קילוגרמים,1.00,"ק""ג",false,0,8.90,8.90,true,1,
7290013677563,false,קינואה אדומה 500 גרם,מיה תעשיות מזון מ.ת.מ. ב,IL,קינואה אדומה,גרמים,500.00,100 גרם,false,0,12.90,2.58,true,1,
7290013677648,false,שמן זית למאור 1 ליטר,מיה,ES,שמן זית למאור,ליטרים,1.00,ליטר,false,0,14.90,14.90,true,1,
7290013677655,false,סודה לשתיה 600 גרם,מיה תעשיות מזון מ.ת.מ. ב,IL,סודה לשתיה,גרמים,600.00,100 גרם,false,0,12.90,2.15,true,1,
7290013677662,false,מלח לימון 500גרם,מיה תעשיות מזון מ.ת.מ. ב,IL,מלח לימון,גרמים,500.00,100 גרם,false,0,12.90,2.58,true,1,
7290013677679,false,סודה לשתיה בשקית 80 גרם,מיה תעשיות מזון מ.ת.מ. ב,IL,סודה לשתיה שקית,גרמים,80.00,100 גרם,false,0,2.90,3.63,true,1,
7290013677686,false,פפריקה מרוקאית בשקית80ג,מיה תעשיות מזון מ.ת.מ. ב,IL,פפריקה מרוקאית,גרמים,80.00,100 גרם,false,0,2.90,3.63,true,1,
7290013677693,false,פלפל שחור גרוס,,IL,פלפל שחור גרוס,גרמים,50.00,100 גרם,false,0,4.90,9.80,true,1,
7290013677747,false,אבקת שוקו 500 גרם,מיה תעשיות מזון מ.ת.מ. ב,IL,אבקת שוקו,גרמים,500.00,100 גרם,false,0,5.90,1.18,true,1,
7290013677822,false,"גריסי פנינה 1 ק""ג",מיה תעשיות מזון מ.ת.מ. ב,IL,גריסי פנינה 1 ק,קילוגרמים,1.00,"ק""ג",false,0,8.90,8.90,true,1,
7290013677839,false,בורגול,,IL,בורגול,קילוגרמים,1.00,"ק""ג",false,0,6.90,6.90,true,1,
7290013677846,false,"כוסמת 1 ק""ג",מיה תעשיות מזון מ.ת.מ. ב,IL,"כוסמת 1 ק""ג",קילוגרמים,1.00,"ק""ג",false,0,12.90,12.90,true,1,
7290013702036,false,שוופס מים ט.אפרסק 500 מל,יפאורה תבורי בעמ,IL,שוופס מים אפרסק,מיליליטרים,500.00,"100 מ""ל",false,0,4.80,0.96,true,1,
7290013702388,false,"שוופס מים ט.תפוח 500 מ""ל",יפאורה תבורי בעמ,IL,שוופס מים תפוח,מיליליטרים,500.00,"100 מ""ל",false,0,4.80,0.96,true,1,
7290013702883,false,שוופס לימונדה ורודה500מ,יפאורה שותפות מובגלת לשי,IL,שוופס לימונדה,מיליליטרים,500.00,"100 מ""ל",false,0,3.90,0.78,true,1,
7290013724939,false,חמוציות בשוקולד מריר160ג,---,IL,חמוציות בשוקולד,גרמים,160.00,100 גרם,false,0,9.90,6.19,true,1,
7290013800114,false,כפיות מיני ורסאי,,,כפיות מיני ורסאי,יחידה,1.00,יחידה,false,0,2.90,2.90,true,1,
7290013800343,false,"צלחת ""7 שחור 10יחידות",,CN,"צלחות ""7",יחידה,1.00,יחידה,false,1,11.90,11.90,true,1,
7290013800350,false,צלחות מרק,,,צלחות מרק,יחידה,1.00,יחידה,false,0,15.90,15.90,true,1,
7290013847379,false,טונה סטארקיסט בשמן140*6ג,סטארקיסט,IL,טונה סטארקיסט6יח,גרמים,840.00,100 גרם,false,1,26.90,3.20,true,1,
7290013847386,false,טונה סטארקיסט 4% טבעי140,סטארקיסט,TH,טונה סטארקיסט,גרמים,140.00,100 גרם,false,1,5.90,4.21,true,1,
7290013847492,false,טונה סטארקיסט במים140*6ג,סטארקיסט,IL,טונה סטארקיסט6יח,גרמים,840.00,100 גרם,false,1,26.90,3.20,true,1,
7290013848017,false,מנקה/מבריק נירוסטה 500מל,"סנו מפעלי ברונוס בע""מ",IL,סנו נירוסטה,מיליליטרים,500.00,"100 מ""ל",false,1,19.90,3.98,true,1,
7290013848727,false,סנופרש מכשיר+מילוי בוטיק,"יצרן מכשיר: זובלה, שנזן,",CN,סנופרש מארז,מיליליטרים,250.00,"100 מ""ל",false,1,39.90,15.96,true,1,
7290013906250,false,סלמי מהדרין קהילות 200 ג,טיב טירת צבי 2000,IL,סלמי מהדרין,גרמים,200.00,100 גרם,false,1,9.90,4.95,true,1,
7290013906267,false,כפרית מהדרין קהילות200ג,טיב טירת צבי 2000,IL,כפרית מהדרין200ג,גרמים,200.00,100 גרם,false,1,9.90,4.95,true,1,
7290013906304,false,פסטרמה גחלים קהילות 400ג,טיב טירת צבי 2000,IL,פסטרמה 400 גרם,גרמים,400.00,100 גרם,false,0,24.90,6.23,true,1,
7290013906311,false,פסטרמה מעושנת קהילות400ג,טיב טירת צבי 2000,IL,פסטרמה 400 גרם,גרמים,400.00,100 גרם,false,0,24.90,6.23,true,1,
7290013927019,false,דיקליות קינמון 400 גרם,אחדות,IL,דיקליות קינמון,גרמים,400.00,100 גרם,false,0,8.90,2.23,true,1,
7290013927040,false,עוגיות ממולאות,,IL,עוגיות ממולאות,גרמים,600.00,100 גרם,false,0,6.90,1.15,true,1,
7290013927064,false,עוג.גרנולה+ פירות יער400,"אחדות ביח""ר לטחינה",IL,עוגיות גרנולה,גרמים,400.00,100 גרם,false,0,8.90,2.23,true,1,
7290013927101,false,"עוגה ללת""ס תפו""ע 450 גרם","אחדות בע""מ א.ת. ברקן",IL,עוגת תפוח עץ,גרמים,450.00,100 גרם,false,0,11.80,2.62,true,1,
7290013927156,false,"עוגה ללת""ס פ.יער450ג","אחדות בע""מ א.ת. ברקן",IL,עוגת פירות יער,גרמים,450.00,100 גרם,false,0,11.80,2.62,true,1,
7290013927200,false,עוגת שוקוצ'יפס 400 גרם,"אחדות בע""מ א.ת. ברקן",IL,עוגת שוקוצ'יפס,גרמים,400.00,100 גרם,false,0,7.90,1.98,true,1,
7290013927323,false,עוגת בראוניס 400 גרם,"אחדות ביח""ר לטחינה",IL,עוגת בראוניס,גרמים,400.00,100 גרם,false,0,7.90,1.98,true,1,
7290013927408,false,סירופ בטעם ענבים 4 ליטר,"אחדות ביח""ר לטחינה",IL,סירופ בטעם ענבים,קילוגרמים,4.00,"ק""ג",false,1,66.00,16.50,true,1,
7290013927422,false,סירופ בטעם משמש 4 ליטר,"אחדות ביח""ר לטחינה",IL,סירופ בטעם משמש,קילוגרמים,4.00,"ק""ג",false,1,66.00,16.50,true,1,
7290013927446,false,סירופ בטעם תפוזים 4 ליטר,,IL,סירופ בטעם תפוזי,ליטרים,0.00,ליטר,false,1,66.00,66.00,true,1,
7290013927514,false,רוגעלך קינמון יחי,,IL,רוגעלך קינמון,גרמים,400.00,100 גרם,false,1,8.90,2.23,true,1,
7290013927583,false,רוגעלך 400 גרם,,IL,רוגלעך 400 גרם,גרמים,400.00,100 גרם,false,1,8.90,2.23,true,1,
7290013927644,false,עוג.כתר בטעם תות 400גרם,,IL,עוגיות כתר תות,גרמים,400.00,100 גרם,false,1,8.90,2.23,true,1,
7290013927804,false,טחינה אחוה שומשום מלא 1,,IL,טחינה אחוה שומשו,קילוגרמים,0.00,"ק""ג",false,1,17.80,17.80,true,1,
7290013927996,false,עוגת שמרים קרנץ 400 גרם,"אחדות ביח""ר לטחינה",IL,עוגת שמרים קרנץ,גרמים,400.00,100 גרם,false,1,9.80,2.45,true,1,
7290013946829,false,נוזל כלים 18% מגיק 4 ליט,,IL,נוזל כלים 18% מג,ליטרים,0.00,ליטר,false,1,15.90,15.90,true,1,
7290014002197,false,חליטת קמומיל ולימונית25ש,ויסוצקי,IL,חליטת קמומיל,גרמים,75.00,100 גרם,false,0,12.90,17.20,true,1,
7290014002203,false,חליטת לימונית לואיזה 25ש,ויסוצקי,IL,חליטת לימונית,גרמים,75.00,100 גרם,false,0,12.90,17.20,true,1,
7290014002944,false,חליטת חמדת שקד גן קסום25,ויסוצקי,IL,חליטת חמדת שקד,גרמים,57.00,100 גרם,false,0,12.90,22.63,true,1,
7290014002982,false,תה ירוק סטיביה+לימונית25,ויסוצקי,IL,תה ירוק סטיביה,גרמים,37.00,100 גרם,false,0,19.90,53.78,true,1,
7290014017061,false,קורנפלור,,,קורנפלור,גרמים,500.00,100 גרם,false,0,8.90,1.78,true,1,
7290014017160,false,תערובת לעוגת וני,,,תערובת לעוגת וני,גרמים,320.00,100 גרם,false,0,14.90,4.66,true,1,
7290014017184,false,תערובת לעוגיות,,,תערובת לעוגיות,גרמים,400.00,100 גרם,false,0,14.90,3.73,true,1,
7290014094307,false,סילאן טבעי,,IL,סילאן טבעי,גרמים,360.00,100 גרם,false,0,14.90,4.14,true,1,
7290014199002,false,פפריקה מתוקה    גרם,,IL,פפריקה מתוקה    גרם,גרמים,80.00,100 גרם,false,0,4.90,6.13,true,1,
7290014199019,false,פלפל שחור,,IL,פלפל שחור,גרמים,70.00,100 גרם,false,0,7.90,11.29,true,1,
7290014199026,false,כוסברה טחון     רם,,IL,כוסברה טחון     רם,גרמים,80.00,100 גרם,false,0,4.90,6.13,true,1,
7290014199040,false,כמון,,IL,כמון,גרמים,80.00,100 גרם,false,0,4.90,6.13,true,1,
7290014199088,false,אורגנו,,IL,אורגנו,גרמים,40.00,100 גרם,false,0,4.90,12.25,true,1,
7290014199095,false,שבבי בצל,,IL,שבבי בצל,גרמים,50.00,100 גרם,false,0,4.90,9.80,true,1,
7290014199101,false,פלפל אנגלי      ם,,IL,פלפל אנגלי      ם,גרמים,50.00,100 גרם,false,0,4.90,9.80,true,1,
7290014199118,false,זנגויל טחון     רם,,IL,זנגויל טחון     רם,גרמים,60.00,100 גרם,false,0,4.90,8.17,true,1,
7290014199125,false,זעתר בלאדי תבליןם,,IL,זעתר בלאדי תבליןם,גרמים,50.00,100 גרם,false,0,4.90,9.80,true,1,
7290014199132,false,שבבי שום,,IL,שבבי שום,גרמים,50.00,100 גרם,false,0,4.90,9.80,true,1,
7290014199156,false,סודה לשתיה      רם,,IL,סודה לשתיה      רם,גרמים,100.00,100 גרם,false,0,4.90,4.90,true,1,
7290014199170,false,פלפל לבן 70 גרם,,IL,פלפל לבן,גרמים,70.00,100 גרם,false,0,7.90,11.29,true,1,
7290014199187,false,ציפורן שלם,,IL,ציפורן שלם,גרמים,35.00,100 גרם,false,0,4.90,14.00,true,1,
7290014199217,false,גריל עוף,,IL,גריל עוף,גרמים,80.00,100 גרם,false,0,4.90,6.13,true,1,
7290014199224,false,גריל דג 80 גרם,,IL,גריל דג 80 גרם,גרמים,80.00,100 גרם,false,0,4.90,6.13,true,1,
7290014199231,false,פלפל שחור גרוס,,,פלפל שחור גרוס,יחידה,1.00,יחידה,false,0,7.90,7.90,true,1,
7290014199330,false,"פלפל שטה טחון ""התבלין""",.,IL,שטה טחון,גרמים,50.00,100 גרם,false,1,4.90,9.80,true,1,
7290014199347,false,תבלין לשווארמה 50 גרם הת,,IL,תבלין לשווארמה 5,גרמים,50.00,100 גרם,false,1,4.90,9.80,true,1,
7290014199354,false,חוואיג' תימני,,,חוואיג' תימני,יחידה,1.00,יחידה,false,0,5.90,5.90,true,1,
7290014199552,false,תבלין לשווארמה 50 גרם הת,,IL,תבלין לשווארמה 5,גרמים,50.00,100 גרם,false,1,2.90,5.80,true,1,
7290014199583,false,חוויג' תימני בשקית התבלי,,IL,חוויג' תימני בשק,גרמים,40.00,100 גרם,false,1,2.90,7.25,true,1,
7290014199651,false,תבלין לפיצה 50 גר',,IL,תבלין לפיצה,גרמים,50.00,100 גרם,false,1,2.90,5.80,true,1,
7290014199668,false,כרכום טחון 50 גרם,,IL,כרכום טחון,גרמים,50.00,100 גרם,false,1,2.90,5.80,true,1,
7290014199682,false,גריל עוף 50 גר',,IL,גריל עוף,גרמים,50.00,100 גרם,false,1,2.90,5.80,true,1,
7290014199699,false,תבלין גריל דג 50 גרם,,IL,תבלין גריל דג,גרמים,50.00,100 גרם,false,1,2.90,5.80,true,1,
7290014199705,false,פפריקה מתוקה 50 גרם,,IL,פפריקה מתוקה,גרמים,50.00,100 גרם,false,1,2.90,5.80,true,1,
7290014199712,false,פלפל שחור טחון 50 גרם,,IL,פלפל שחור טחון,גרמים,50.00,100 גרם,false,1,3.90,7.80,true,1,
7290014199767,false,פפריקה חריפה 50 גרם,,IL,פפריקה חריפה 50,יחידה,1.00,יחידה,false,1,2.90,2.90,true,1,
7290014199774,false,פפריקה מרוקאית 50 גרם,,IL,פפריקה מרוקאית,יחידה,1.00,יחידה,false,1,2.90,2.90,true,1,
7290014199804,false,גבישי שום 50 גרם,,IL,גבישי שום,יחידה,1.00,יחידה,false,1,2.90,2.90,true,1,
7290014199842,false,שבבי בצל 150 גר',,IL,שבבי בצל,גרמים,150.00,100 גרם,false,1,9.90,6.60,true,1,
7290014199859,false,פלפל שחור טחון 300 גר',,IL,פלפל שחור טחון,גרמים,300.00,100 גרם,false,1,19.90,6.63,true,1,
7290014199873,false,סודה לשתיה 500 גר',,IL,סודה לשתיה,גרמים,500.00,100 גרם,false,1,9.90,1.98,true,1,
7290014199910,false,גבישי שום 300 גר,,IL,גבישי שום,גרמים,300.00,100 גרם,false,1,14.90,4.97,true,1,
7290014199934,false,כרכום טחון 300 גר',,IL,כרכום טחון,גרמים,300.00,100 גרם,false,1,9.90,3.30,true,1,
7290014199958,false,פפריקה מרוקאית 300 גר',,IL,פפריקה מרוקאית,גרמים,300.00,100 גרם,false,1,9.90,3.30,true,1,
7290014199996,false,פפריקה מתוקה 300 גר',,IL,פפריקה מתוקה,גרמים,300.00,100 גרם,false,1,9.90,3.30,true,1,
7290014256620,false,קריניאנו מבעבע באזז750מ,יקבי כרמל,IL,קריניאנו באזז,מיליליטרים,750.00,"100 מ""ל",false,0,23.90,3.19,true,1,
7290014256637,false,מוסקטו מבעבע באזז 750 מל,יקבי כרמל,IL,מוסקטו באזז,מיליליטרים,750.00,"100 מ""ל",false,0,23.90,3.19,true,1,
7290014258716,false,מטרנה צמחית 700 גרם,מטרנה תעשיות ש.מ,IL,מטרנה צמחי,גרמים,700.00,100 גרם,false,0,47.90,6.84,true,1,
7290014258723,false,מטרנה צמחית 0-12 700ג,מטרנה תעשיות ש.מ,IL,מטרנה צמחית,גרמים,700.00,100 גרם,false,0,49.90,7.13,true,1,
7290014258730,false,מטרנה צמחית מגיל שנה700ג,מטרנה תעשיות ש.מ,IL,מטרנה צמחית,גרמים,700.00,100 גרם,false,0,49.90,7.13,true,1,
7290014324008,false,שקיות אוכל,,CN,שקיות אוכל,יחידה,1.00,יחידה,false,0,11.90,11.90,true,1,
7290014324015,false,שקיות פסגור,,CN,שקיות פסגור,יחידה,1.00,יחידה,false,0,11.90,11.90,true,1,
7290014325012,false,זרעי צ'יה 200 גרם,,IL,זרעי צ'יה,גרמים,200.00,100 גרם,false,1,11.90,5.95,true,1,
7290014325036,false,סוכריות גלי שמחות 600 גר,מיה תעשיות מזון מ.ת.מ. ב,IL,סוכריות גלי,גרמים,600.00,100 גרם,false,0,13.90,2.32,true,1,
7290014325043,false,"פודינג בטעם וניל 1 ק""ג",מיה תעשיות מזון מ.ת.מ. ב,IL,פודינג טעם וניל,קילוגרמים,1.00,"ק""ג",false,0,9.90,9.90,true,1,
7290014325050,false,קורנפלור 500 גרם,מיה תעשיות מזון מ.ת.מ. ב,IL,קורנפלור,גרמים,500.00,100 גרם,false,0,3.90,0.78,true,1,
7290014325548,false,"חמאת בוטנים 1 ק""ג",מיה,AR,חמאת בוטנים,קילוגרמים,1.00,"ק""ג",false,0,19.90,19.90,true,1,
7290014355699,false,המבורגר גלאטשף 400 גרם,גלאט עוף,IL,המבורגר גלאטשף,גרמים,400.00,100 גרם,false,1,33.90,8.48,true,1,
7290014355712,false,סטייק אנטריקוט גלאטשף,,IL,סטייק גלאטשף,גרמים,500.00,100 גרם,false,1,65.90,13.18,true,1,
7290014355729,false,נקניקיות קנקרס קפוא 375,גלאט עוף,IL,נקניקיות קנקרס,גרמים,375.00,100 גרם,false,1,27.90,7.44,true,1,
7290014355736,false,נקניקיות קראנץ' קפוא,גלאט עוף,IL,נקניקיות קראנץ',גרמים,375.00,100 גרם,false,1,19.90,5.31,true,1,
7290014355743,false,פסטרמה הודו חרדל ודבש,גלאט עוף,IL,פסטרמה הודו חרדל,גרמים,180.00,100 גרם,false,1,19.90,11.06,true,1,
7290014355750,false,פסטרמה הודו פילדלפיה,גלאט עוף,IL,פסטרמה הודו180ג,גרמים,180.00,100 גרם,false,1,19.90,11.06,true,1,
7290014355767,false,פסטרמה קורנביף 180 גרם,גלאט עוף,IL,פסטרמה קורנביף,גרמים,180.00,100 גרם,false,1,27.90,15.50,true,1,
7290014355798,false,נקניקיות צ'וריסוס קפו3,גלאט עוף,IL,נקניקיות צ'וריסו,גרמים,375.00,100 גרם,false,1,27.90,7.44,true,1,
7290014355811,false,קבב עגל גלאטשף 400 גרם,,IL,קבב גלאטשף,גרמים,400.00,100 גרם,false,1,33.90,8.48,true,1,
7290014356061,false,ספגטי 500 גרם,MUTLU,TR,ספגטי,גרמים,500.00,100 גרם,false,1,3.90,0.78,true,1,
7290014356078,false,פסטה 500 גרם,MUTLU,TR,פסטה פנה,גרמים,500.00,100 גרם,false,1,3.90,0.78,true,1,
7290014356085,false,פסטה מסולסלת 500 גרם,MUTLU,IL,פסטה,גרמים,500.00,100 גרם,false,1,3.90,0.78,true,1,
7290014356092,false,פסטה תלתלים 500 גרם,MUTLU,TR,פסטה 500 גרם,גרמים,500.00,100 גרם,false,1,3.90,0.78,true,1,
7290014356108,false,פסטה קרניים 500 גרם,MUTLU,TR,פסטה,גרמים,500.00,100 גרם,false,1,3.90,0.78,true,1,
7290014356221,false,"מיץ לימון משומר ""שדות"" 5",.,IL,"מיץ לימון ""שדות""",מיליליטרים,500.00,"100 מ""ל",false,1,6.90,1.38,true,1,
7290014356313,false,סרדין מרוקאי בשמן צמחי 1,ORGAFOOD,MA,סרדין מרוקאי,גרמים,125.00,100 גרם,false,0,5.90,4.72,true,1,
7290014356412,false,חתיכות אננס שדות 850 גרם,,IL,חתיכות אננס שדות 850 גרם,גרמים,850.00,100 גרם,false,0,8.90,1.05,true,1,
7290014356443,false,"אננס חתוך 3 ק""ג",שדות,IL,אננס חתוך,קילוגרמים,3.05,"ק""ג",false,0,18.90,6.20,true,1,
7290014356450,false,"פסטה צדפים 500 גר' ""שדות",,IL,פסטה צדפים,גרמים,500.00,100 גרם,false,1,3.90,0.78,true,1,
7290014356535,false,פסטה פרפרים 500 גר',,IL,פסטה פרפרים,גרמים,500.00,100 גרם,false,1,3.90,0.78,true,1,
7290014356818,false,"סוכר 1 ק""ג",,IL,"סוכר 1 ק""ג",קילוגרמים,1.00,"ק""ג",false,0,4.50,4.50,true,1,
7290014356825,false,מארז 10 חב' סוכר יחי',,IL,מארז 10 חב' סוכר,יחידה,1.00,יחידה,false,1,39.00,39.00,true,1,
7290014356863,false,פטריות חתוכות 400 גרם 40,.,IL,פטריות חתוכות 40,גרמים,400.00,100 גרם,false,1,4.90,1.23,true,1,
7290014356887,false,פטריות שמפניון שלמות400,MUTLU,TR,פטריות שמפניון,גרמים,400.00,100 גרם,false,0,6.90,1.73,true,1,
7290014356917,false,חצאי אפרסק 820 גרם,.,IL,חצאי אפרסק,יחידה,1.00,יחידה,false,1,8.90,8.90,true,1,
7290014356931,false,"קוסקוס דק 350 גרם ""שדות""",.,IL,"קוסקוס דק ""שדות""",גרמים,350.00,100 גרם,false,1,3.90,1.11,true,1,
7290014356948,false,קוסקוס בינוני 350 גרם,.,IL,קוסקוס בינוני,גרמים,350.00,100 גרם,false,1,3.90,1.11,true,1,
7290014356962,false,פתיתים שדות 500 גר',.,IL,פתיתים שדות,גרמים,500.00,100 גרם,false,1,3.90,0.78,true,1,
7290014356979,false,פתיתים שדות 500 גר',.,IL,פתיתים שדות,גרמים,500.00,100 גרם,false,1,3.90,0.78,true,1,
7290014356986,false,פירורי לחם מוזהבים 200 ג,,IL,פירורי לחם מוזהב,גרמים,200.00,100 גרם,false,1,2.50,1.25,true,1,
7290014356993,false,פירורי לחם שדות,,,פירורי לחם שדות,יחידה,1.00,יחידה,false,0,2.50,2.50,true,1,
7290014397170,false,סנו פרש מילוי סופט 250מל,סנו מפעלי ברונוס בעמ,IL,סנו פרש סופט,מיליליטרים,250.00,"100 מ""ל",false,1,11.90,4.76,true,1,
7290014397286,false,מרכך מרוכז חלב ודבש 1ל,סנו-מקסימה,IL,מרכך כביסה מרוכז,ליטרים,1.00,ליטר,false,0,14.90,14.90,true,1,
7290014397453,false,מסיר כתמים 3ליטר,,IL,מסיר כתמים 3ליטר,ליטרים,3.00,ליטר,false,0,24.90,8.30,true,1,
7290014397491,false,סנופרש ונ.קוקוס,,IL,סנופרש ונ.קוקוס,מיליליטרים,350.00,"100 מ""ל",false,0,9.90,2.83,true,1,
7290014397507,false,סנופרש מאסק מעוד,,IL,סנופרש מאסק מעוד,מיליליטרים,350.00,"100 מ""ל",false,0,9.90,2.83,true,1,
7290014397538,false,סנופרש סבון מפנק,,IL,סנופרש סבון מפנק,מיליליטרים,350.00,"100 מ""ל",false,0,9.90,2.83,true,1,
7290014397767,false,ריצפז פרש הום,,IL,ריצפז פרש הום,ליטרים,2.00,ליטר,false,0,16.90,8.45,true,1,
7290014397873,false,מרכך כביסה ג'נטל בריז 4ל,סנו מפעלי ברונוס בעמ,IL,מרכך מקסימה,ליטרים,4.00,ליטר,false,1,21.50,5.38,true,1,
7290014397958,false,סנו די דוחה יתוש,,IL,סנו די דוחה יתוש,מיליליטרים,50.00,"100 מ""ל",false,0,9.90,19.80,true,1,
7290014398085,false,כוס מוס נמוך 12OZ 12יחיד,,IL,כוס מוס נמוך,יחידה,1.00,יחידה,false,1,7.90,7.90,true,1,
7290014434790,false,מארז סוכריות קטנטנות160ג,"סוויט טיים פודסטופ בע""מ",CN,סוכריות קטנות,גרמים,160.00,100 גרם,false,1,9.90,6.19,true,1,
7290014434837,false,סוכ. קטנות פרמידה 120גרם,"סוויט טיים פודסטופ בע""מ",CN,סוכ.קטנות פרמידה,גרמים,120.00,100 גרם,false,1,9.90,8.25,true,1,
7290014434929,false,שטיחים בטעם תות 20 גרם,,TR,שטיחים בטעם תות,גרמים,20.00,100 גרם,false,1,1.00,5.00,true,1,
7290014435704,false,סלמון מעושן 100 גרם,סלטי שמיר,IL,סלמון מעושן,גרמים,100.00,100 גרם,false,0,19.90,19.90,true,1,
7290014435803,false,8מטיאס הולנדי עם בצל180ג,סלטי שמיר,IL,מטיאס הולנדי+בצל,גרמים,180.00,100 גרם,false,0,16.90,9.39,true,1,
7290014435841,false,פילה מטיאס הולנדי שמן180,סלטי שמיר,IL,פילה מטיאס בשמן,גרמים,180.00,100 גרם,false,0,16.90,9.39,true,1,
7290014435872,false,סלט הרינג עם מיונז 180גר,סלטי שמיר,IL,סלט הרינג,גרמים,180.00,100 גרם,false,0,16.90,9.39,true,1,
7290014435889,false,סלט מטיאס עם מיונז 180גר,סלטי שמיר,IL,סלט מטיאס,גרמים,180.00,100 גרם,false,0,16.90,9.39,true,1,
7290014435896,false,סלט סלמון עם מיונז 200 ג,סלטי שמיר,IL,סלט סלמון,גרמים,200.00,100 גרם,false,1,16.90,8.45,true,1,
7290014473591,false,"רסק תפו""ע ובננה",,CZ,"רסק תפו""ע ובננה",גרמים,550.00,100 גרם,false,0,8.90,1.62,true,1,
7290014473607,false,"רסק תפו""ע ואפרסק",,CZ,"רסק תפו""ע ואפרסק",גרמים,550.00,100 גרם,false,0,8.90,1.62,true,1,
7290014473799,false,שישיית מחיות,,,שישיית מחיות,גרמים,190.00,100 גרם,false,0,22.90,12.05,true,1,
7290014499270,false,כוס יהלום 50 יח',WWP,CN,כוס יהלום 50 יח',יחידה,1.00,יחידה,false,0,14.50,14.50,true,1,
7290014499492,false,"כוסות ח""פ איכותי 50 יח'",,IL,"כוסות ח""פ איכותי",יחידה,1.00,יחידה,false,0,14.90,14.90,true,1,
7290014499508,false,כוסות מעוטרות  50 יח,,IL,כוסות מעוטרות,יחידה,1.00,יחידה,false,0,16.90,16.90,true,1,
7290014499720,false,גביעי אפולו 24 יחידות,,IL,גביעי אפולו,יחידה,1.00,יחידה,false,1,17.90,17.90,true,1,
7290014499744,false,גביעי טוביטו,,,גביעי טוביטו,יחידה,1.00,יחידה,false,0,17.90,17.90,true,1,
7290014499911,false,ביצה בוטיק ארוז 10 יחידו,WWP,IL,ביצה בוטיק ארוז,יחידה,1.00,יחידה,false,1,16.90,16.90,true,1,
7290014499973,false,קשים מעוצבים 50 יח',,CN,קשים מעוצבים,יחידה,1.00,יחידה,false,0,4.90,4.90,true,1,
7290014500334,false,פלטות מטבלים שלישיה 5יחי,WWP,IL,מטבלים שלישיה,יחידה,1.00,יחידה,false,1,7.90,7.90,true,1,
7290014500419,false,מגש גלים קטן לבן יח,,IL,מגש גלים קטן לבן,יחידה,1.00,יחידה,false,1,6.90,6.90,true,1,
7290014500440,false,קש ניאון צבעוני 225 יח,,CN,קש ניאון צבעוני,יחידה,1.00,יחידה,false,0,10.90,10.90,true,1,
7290014500884,false,צלחת קטן קריסטל יחידה,,,צלחת קטן קריסטל יחידה,יחידה,1.00,יחידה,false,0,5.90,5.90,true,1,
7290014500891,false,סלומון בינוני קריסטל יחי,,,סלומון בינוני קריסטל יחי,יחידה,1.00,יחידה,false,0,6.90,6.90,true,1,
7290014500907,false,צלחת גדול קריסטל יחידה,,,צלחת גדול קריסטל יחידה,יחידה,1.00,יחידה,false,0,10.90,10.90,true,1,
7290014501829,false,גליל קברנה,,,גליל קברנה,יחידה,1.00,יחידה,false,0,74.60,74.60,true,1,
7290014555709,false,שמפו ומרכך,,,שמפו ומרכך,יחידה,1.00,יחידה,false,0,8.90,8.90,true,1,
7290014555716,false,מרכך לכל סוגי הש,,,מרכך לכל סוגי הש,יחידה,1.00,יחידה,false,0,8.90,8.90,true,1,
7290014555723,false,תחליב רחצה אקזוט,,,תחליב רחצה אקזוט,יחידה,1.00,יחידה,false,0,8.90,8.90,true,1,
7290014555730,false,תחליב רחצה דבש נובו 7,,IL,תחליב רחצה דבש,מיליליטרים,700.00,"100 מ""ל",false,1,8.90,1.27,true,1,
7290014555747,false,תחליב רחצה הרבל נובו 7,,IL,תחליב רחצה הרבל,מיליליטרים,700.00,"100 מ""ל",false,1,8.90,1.27,true,1,
7290014555778,false,ג'ל רחצה לגבר בלייז נובו,,IL,ג'ל רחצה לגבר בל,מיליליטרים,700.00,"100 מ""ל",false,1,8.90,1.27,true,1,
7290014555785,false,ג'ל רחצה לגבר וויב נובו,,IL,ג'ל רחצה לגבר וו,מיליליטרים,700.00,"100 מ""ל",false,1,8.90,1.27,true,1,
7290014562370,false,פריכוני כוסמת,,IL,פריכוני כוסמת,גרמים,50.00,100 גרם,false,0,3.90,7.80,true,1,
7290014562387,false,גרגרים נמסים קמו,,IL,גרגרים נמסים קמו,גרמים,200.00,100 גרם,false,0,16.90,8.45,true,1,
7290014562394,false,גרגרים נמסים שומ,,IL,גרגרים נמסים שומ,גרמים,200.00,100 גרם,false,0,16.90,8.45,true,1,
7290014562417,false,גרנולה עם דבש   קים 1קג,,IL,גרנולה עם דבש   קים 1קג,קילוגרמים,1.00,"ק""ג",false,0,24.90,24.90,true,1,
7290014562431,false,גרנולה עם שקדים 900 גרם,,IL,גרנולה עם שקדים 900 גרם,גרמים,900.00,100 גרם,false,0,24.90,2.77,true,1,
7290014562455,false,גרנולה קינואה   וציות900,,IL,גרנולה קינואה   וציות900,גרמים,900.00,100 גרם,false,0,24.90,2.77,true,1,
7290014562462,false,תרכיז תפוחים,,IL,תרכיז תפוחים,מיליליטרים,650.00,"100 מ""ל",false,0,21.90,3.37,true,1,
7290014562509,false,"סוכר דמררה 1 ק""ג",בטר אנד דיפרנט,IL,סוכר דמררה,קילוגרמים,0.00,"ק""ג",false,1,7.90,7.90,true,1,
7290014562547,false,טחינה עינן 100%,,IL,טחינה עינן 100%,גרמים,700.00,100 גרם,false,0,19.90,2.84,true,1,
7290014562554,false,חמאת שומשום 100% 700 גרם,בטר אנד דיפרנט,IL,חמאת שומשום 100%,גרמים,700.00,100 גרם,false,0,19.90,2.84,true,1,
7290014562585,false,דייסה בטעם וניל,,IL,דייסה בטעם וניל,גרמים,200.00,100 גרם,false,0,9.90,4.95,true,1,
7290014562592,false,אבקת חרובים 400 גרם,,IL,אבקת חרובים,גרמים,400.00,100 גרם,false,0,11.90,2.98,true,1,
7290014562608,false,תרכיז דובדבנים,,IL,תרכיז דובדבנים,מיליליטרים,250.00,"100 מ""ל",false,0,25.90,10.36,true,1,
7290014562660,false,גרנולה קוקוס 400,,IL,גרנולה קוקוס 400,גרמים,400.00,100 גרם,false,0,10.90,2.73,true,1,
7290014562684,false,פריכיות אורז מרובעות130ג,בטר אנד דיפרנט,IL,פריכיות אורז,גרמים,130.00,100 גרם,false,1,5.90,4.54,true,1,
7290014562691,false,פריכיות תירס 130 גרם,בטר אנד דיפרנט,IL,פריכיות תירס,גרמים,130.00,100 גרם,false,1,5.90,4.54,true,1,
7290014562707,false,גרנולה בש. קוקוסוקוס 1 ק,,IL,גרנולה בש. קוקוסוקוס 1 ק,גרמים,1000.00,100 גרם,false,0,24.90,2.49,true,1,
7290014562752,false,תרכיז סיידר תפוחים 250 מ,בטר אנד דיפרנט,IL,תרכיז סיידר תפוח,מיליליטרים,250.00,"100 מ""ל",false,1,12.90,5.16,true,1,
7290014562769,false,ריכוז סיידר תפוחים 250 מ,,IL,ריכוז סיידר תפוח,יחידה,1.00,יחידה,false,1,12.90,12.90,true,1,
7290014562783,false,"תרכיז רימונים 250 מ""ל",בטר & דיפרנט,IL,תרכיז רימונים,מיליליטרים,250.00,"100 מ""ל",false,1,29.90,11.96,true,1,
7290014562868,false,סילאן טבעי 900 גרם,גלובל קונספט,AE,סילאן טבעי,גרמים,900.00,100 גרם,false,1,19.90,2.21,true,1,
7290014581036,false,"פחם למנגל הלהבה כ2- ק""ג",,EG,פחמים,קילוגרמים,2.00,"ק""ג",false,1,10.90,5.45,true,1,
7290014600270,false,מיני רוליקס תות 200 גרם,הגביע,IL,מיני רוליקס תות,גרמים,200.00,100 גרם,false,0,3.90,1.95,true,1,
7290014600294,false,מיני רוליקס תמרים 200 גר,הגביע,IL,מיני רוליקס,גרמים,200.00,100 גרם,false,0,3.90,1.95,true,1,
7290014600300,false,גליליות אגוזים 100 גרם,הגביע,IL,גליליות אגוזים,גרמים,100.00,100 גרם,false,1,3.90,3.90,true,1,
7290014600317,false,גליליות שוקולד 100 גרם,הגביע,IL,גליליות שוקולד,גרמים,100.00,100 גרם,false,1,3.90,3.90,true,1,
7290014603028,false,סולרו תות 76 גרם,שטראוס,IL,סולרו תות,יחידה,1.00,יחידה,false,0,9.90,9.90,true,1,
7290014616004,false,"""הידורית"" אצבעוני בדיקה",אריסטוקרט,IL,אצבעוני בדיקה,יחידה,1.00,יחידה,false,0,11.90,11.90,true,1,
7290014731264,false,כוסות חד פעמיות 100 יח',,IL,כוסות חד פעמיות,יחידה,1.00,יחידה,false,1,6.50,6.50,true,1,
7290014731844,false,מפיות מעוטרות,,IL,מפיות מעוטרות,יחידה,1.00,יחידה,false,0,3.90,3.90,true,1,
7290014755239,false,מרשמלו מעולה,,IL,מרשמלו מעולה,גרמים,150.00,100 גרם,false,0,5.90,3.93,true,1,
7290014755277,false,חומץ 5% מעולה,,IL,חומץ 5% מעולה,יחידה,1.00,יחידה,false,1,3.90,3.90,true,1,
7290014755307,false,מיץ ענבים 1 ליטר .,---,IL,מיץ ענבים,מיליליטרים,1000.00,"100 מ""ל",false,1,11.90,1.19,true,1,
7290014755444,false,תערובת עוגת וניל 500 גרם,פורינה,IL,תערובת עוגת וניל 500 גרם,גרמים,500.00,100 גרם,false,1,11.90,2.38,true,1,
7290014755451,false,תערובת עוגת שוקולד 560 ג,פורינה,IL,תערובת עוגת שוקולד 560 ג,יחידה,1.00,יחידה,false,1,11.90,11.90,true,1,
7290014755468,false,פנקיק תערובות 400 גרם,פורינה,IL,פנקיק תערובות 400 גרם,גרמים,400.00,100 גרם,false,1,11.90,2.98,true,1,
7290014755475,false,תערובת סופל שוקולד 250 ג,,,תערובת סופל שוקולד 250 ג,יחידה,1.00,יחידה,false,0,11.90,11.90,true,1,
7290014758117,false,יוגורט ביו 8 יח,,IL,יוגורט ביו 8 יח,קילוגרמים,1.20,"ק""ג",false,0,13.90,11.58,true,1,
7290014758162,false,חלב עיזים מלא 1ל,,IL,חלב עיזים מלא 1ל,ליטרים,1.00,ליטר,false,0,13.90,13.90,true,1,
7290014759084,false,גבינת נפוליאון,,IL,גבינת נפוליאון,גרמים,225.00,100 גרם,false,0,9.90,4.40,true,1,
7290014759701,false,יופלה וניל 8 יח,,IL,יופלה וניל 8 יח,קילוגרמים,1.20,"ק""ג",false,0,14.90,12.42,true,1,
7290014759718,false,יופלה ביו לבן 1.5% 150ג,תנובה,IL,יופלה מעודן,גרמים,150.00,100 גרם,false,1,3.00,2.00,true,1,
7290014760134,false,מעדן סויה בטעם וניל 125ג,---,IL,מעדן סויה וניל,גרמים,125.00,100 גרם,false,1,3.50,2.80,true,1,
7290014760141,false,משקה שקדים טרי 1 ליטר,סוי מג'יק,IL,משקה שקדים,ליטרים,1.00,ליטר,false,1,9.90,9.90,true,1,
7290014760516,false,גבינה צפתית 5%,,IL,גבינה צפתית 5%,גרמים,240.00,100 גרם,false,0,13.90,5.79,true,1,
7290014761018,false,גיל בטעם וניל,,IL,גיל בטעם וניל,גרמים,125.00,100 גרם,false,0,1.30,1.04,true,1,
7290014761056,false,יולו שוקולד חלב,,IL,יולו שוקולד חלב,גרמים,123.00,100 גרם,false,0,3.50,2.85,true,1,
7290014761063,false,יולו שוקולד מריר,,IL,יולו שוקולד מריר,גרמים,123.00,100 גרם,false,0,3.50,2.85,true,1,
7290014761070,false,יולו שוקולד לבן,,IL,יולו שוקולד לבן,גרמים,123.00,100 גרם,false,0,3.50,2.85,true,1,
7290014761193,false,פרילי פירות יער 125 גרם,מחלבת אלון תבור,IL,פרילי פירות יער,גרמים,125.00,100 גרם,false,0,2.90,2.32,true,1,
7290014761254,false,יוגורט 8 יחידות,,IL,יוגורט 8 יחידות,קילוגרמים,1.20,"ק""ג",false,0,13.90,11.58,true,1,
7290014761414,false,יולו שכבות שוקו.,,IL,יולו שכבות שוקו.,גרמים,123.00,100 גרם,false,0,3.50,2.85,true,1,
7290014761438,false,גבינה בולגרית,,IL,גבינה בולגרית,גרמים,400.00,100 גרם,false,0,19.90,4.98,true,1,
7290014761612,false,יולו שכבות שוקו.מריר122ג,מחלבת אלון תבור,IL,יולו שכבות שוקו.,גרמים,122.00,100 גרם,false,1,3.50,2.87,true,1,
7290014761698,false,"גב.צהובה סמי28% בד""צ600ג",---,IL,גבינה צהובה סמי,גרמים,600.00,100 גרם,false,1,26.90,4.48,true,1,
7290014762756,false,נפוליאון 16%עם בצל 225ג,תנובה,IL,גבינת נפוליאון,גרמים,225.00,100 גרם,false,1,9.90,4.40,true,1,
7290014762800,false,מעדן סויה טעם שוקולד125ג,סוי מג'יק,IL,מעדן סויה ט.שוקו,גרמים,125.00,100 גרם,false,1,3.50,2.80,true,1,
7290014762831,false,נפוליאון+חלפיניו25% 225ג,תנובה,IL,גבינת נפוליאון,גרמים,225.00,100 גרם,false,1,9.90,4.40,true,1,
7290014762909,false,פתיתי מוצרלה 200 גרם,תנובה,IL,פתיתי מוצרלה200ג,גרמים,200.00,100 גרם,false,1,13.90,6.95,true,1,
7290014763272,false,משקה סויה ביו תות בנ250מ,סוי מג'יק,IL,משקה סויה ביו,מיליליטרים,250.00,"100 מ""ל",false,1,4.90,1.96,true,1,
7290014789913,false,עוגיות אוראו 176*3 גרם,מונדלייז,UA,עוגיות אוראו 3יח,גרמים,528.00,100 גרם,false,0,19.90,3.77,true,1,
7290014791725,false,"שוופס מוגז תפוח 500 מ""ל",יפאורה שותפות מובגלת לשי,IL,שוופס מוגז תפוח,מיליליטרים,500.00,"100 מ""ל",false,1,3.90,0.78,true,1,
7290014832077,false,שומשום 300 גרם,,IL,שומשום 300 גרם,גרמים,300.00,100 גרם,false,1,6.90,2.30,true,1,
7290014832107,false,גרעיני חמניה 300 גרם,,IL,גרעיני חמניה300ג,גרמים,300.00,100 גרם,false,1,7.90,2.63,true,1,
7290014832244,false,מטבעות שוקולד,,IL,מטבעות שוקולד,גרמים,500.00,100 גרם,false,0,11.90,2.38,true,1,
7290014832312,false,אבקת סוכר 500 גרם,,IL,אבקת סוכר 500 גר,יחידה,1.00,יחידה,false,1,4.90,4.90,true,1,
7290014832381,false,קוסקוס קדמה,,,קוסקוס קדמה,יחידה,1.00,יחידה,false,0,7.90,7.90,true,1,
7290014832398,false,ממתיק על בסיס סוכרלוז כ,,IL,ממתיק על בסיס סו,יחידה,1.00,יחידה,false,1,7.90,7.90,true,1,
7290014832541,false,אגוז טחון 100 גרם,,IL,אגוז טחון 100גרם,גרמים,100.00,100 גרם,false,1,6.90,6.90,true,1,
7290014832824,false,חמוציות ללא סוכר 170 גרם,,IL,חמוציות ללא סוכר,גרמים,170.00,100 גרם,false,1,9.90,5.82,true,1,
7290014867345,false,שקד מולבן פרוס 400 גרם,דרומה,IL,שקד מולבן פרוס,גרמים,400.00,100 גרם,false,1,24.90,6.23,true,1,
7290014910515,false,שפרוטים מעושנים 250 גרם,סיא אונדה,LV,שפרוטים מעושנים,גרמים,250.00,100 גרם,false,1,9.90,3.96,true,1,
7290014918382,false,קערית לקורנפלקס,,IL,קערית לקורנפלקס,יחידה,1.00,יחידה,false,1,2.90,2.90,true,1,
7290014945036,false,צ.אוזניים עץ 80,,IL,צ.אוזניים עץ 80,יחידה,1.00,יחידה,false,0,1.00,1.00,true,1,
7290014945043,false,צימרוני אוזניים עץ 200 י,הדר צמר גפן,IL,צ. אוזניים עץ,יחידה,1.00,יחידה,false,0,1.90,1.90,true,1,
7290014945050,false,צ. אוזניים עץ,,IL,צ. אוזניים עץ,יחידה,1.00,יחידה,false,0,3.90,3.90,true,1,
7290014945067,false,צ.אוזניים פלסטיק,,IL,צ.אוזניים פלסטיק,יחידה,1.00,יחידה,false,0,2.50,2.50,true,1,
7290014945074,false,צימרוני אוזניים בייבי שי,הדר צמר גפן,IL,צ.אוזניים בייבי,יחידה,1.00,יחידה,false,0,2.90,2.90,true,1,
7290014945210,false,צימרוני אוזניים עץ 300 י,ltd Manufacturing .M.A,CN,צימרוני אוזניים,יחידה,1.00,יחידה,false,1,2.90,2.90,true,1,
7290014945418,false,קיסמי שיניים במלחיה,מ.א. מטליות,IL,קיסמי שיניים עץ,יחידה,1.00,יחידה,false,1,1.90,1.90,true,1,
7290014945654,false,מדליק פחמים ועץ 48 יח,מ.א,DE,מדליק פחמים ועץ,יחידה,1.00,יחידה,false,1,3.90,3.90,true,1,
7290014945753,false,מבשם נוזלי שייני,,IL,מבשם נוזלי שייני,יחידה,1.00,יחידה,false,1,7.90,7.90,true,1,
7290014945760,false,מבשם אויר וניל קוקוס 400,,IL,מבשם אוויר וניל,מיליליטרים,400.00,"100 מ""ל",false,1,7.90,1.98,true,1,
7290014945777,false,מבשם אוויר נוז.בניחוח ים,ltd Manufacturing .M.A,CN,מבשם אוויר נוזלי,מיליליטרים,400.00,"100 מ""ל",false,1,7.90,1.98,true,1,
7290014945906,false,מטליות לחות לניקוי כללי,דינמיק תעשיות מגבונים,IL,מטליות לחות,יחידה,1.00,יחידה,false,1,4.90,4.90,true,1,
7290014974494,false,רולים שוקו 100 גר' .,.,IL,רולים שוקו 100 ג,גרמים,100.00,100 גרם,false,1,2.90,2.90,true,1,
7290014974593,false,גביעי גלידה ללא גלוטן132,גילרו,IL,גביעי גלידה,גרמים,132.00,100 גרם,false,1,11.90,9.02,true,1,
7290014975408,false,מגן תחתון שחור 40 יחידות,,CN,מגן תחתון שחור,יחידה,1.00,יחידה,false,1,15.90,15.90,true,1,
7290015008068,false,סחבה מיקרופייבר עבה שליש,,IL,סחבה מיקרופייבר,יחידה,1.00,יחידה,false,1,14.90,14.90,true,1,
7290015008075,false,נייר כסף קצר זוגות ר.שמא,,IL,נייר כסף קצר זוג,יחידה,1.00,יחידה,false,1,7.90,7.90,true,1,
7290015008082,false,נייר כסף ארוך זוגות ר.שמ,,IL,נייר כסף ארוך זו,יחידה,1.00,יחידה,false,1,8.90,8.90,true,1,
7290015008099,false,צלחות גדול 50 יח,,,צלחות גדול 50 יח,יחידה,1.00,יחידה,false,0,12.90,12.90,true,1,
7290015008105,false,צלחות קטן 50 יח',,,צלחות קטן 50 יח',יחידה,1.00,יחידה,false,0,9.90,9.90,true,1,
7290015008112,false,מרקיות 25 יח' ר.שמאי,,IL,מרקיות 25 יח' ר.,יחידה,1.00,יחידה,false,1,7.90,7.90,true,1,
7290015008129,false,לפתניות 25 יח',,,לפתניות 25 יח',יחידה,1.00,יחידה,false,0,3.50,3.50,true,1,
7290015008136,false,נילון נצמד150מטר,,IL,נילון נצמד150מטר,מטרים,150.00,מטר,false,0,14.90,0.10,true,1,
7290015008280,false,נייר אפיה 50 דף ר.שמאי,,IL,נייר אפיה 50 דף,יחידה,1.00,יחידה,false,1,7.90,7.90,true,1,
7290015008341,false,מפות צלופן עבה מאוד 35 מ,,TR,מפות עבה מאוד,מטרים,35.00,מטר,false,1,39.90,1.14,true,1,
7290015008372,false,כוסות שתיה חמה 50יח 8B,,CN,כוסות שתייה חמה,יחידה,1.00,יחידה,false,1,7.90,7.90,true,1,
7290015008396,false,שקיות מזון שטוח 200 יח',,IL,שקיות מזון שטוח,יחידה,1.00,יחידה,false,1,2.90,2.90,true,1,
7290015008402,false,חמישיה שקיות מזון שטוח,,IL,חמישיה שקיות מזו,יחידה,1.00,יחידה,false,1,12.90,12.90,true,1,
7290015008433,false,צמרוני אוזניים עץ 300 יח,,IL,צמרונים עץ 300,יחידה,1.00,יחידה,false,1,2.90,2.90,true,1,
7290015008457,false,"מפת שולחן בגליל 10 ק""ג",,IL,"מפה בגליל 10 ק""ג",קילוגרמים,0.01,"ק""ג",false,1,119.00,11900.00,true,1,
7290015008518,false,מטליות מיקרופייבר 6 יחי',,IL,מטליות מיקרופייב,יחידה,1.00,יחידה,false,1,7.90,7.90,true,1,
7290015008549,false,פתיל צף מתומן גדול 50 יח,,IL,פתיל צף מתומן,יחידה,1.00,יחידה,false,1,3.50,3.50,true,1,
7290015008556,false,פתיל צף עגול 50 יח' .,,IL,פתיל צף עגול 50י,יחידה,1.00,יחידה,false,1,2.90,2.90,true,1,
7290015008570,false,קערה 8 קריסטל גדול,,IL,קערה 8 קריסטל גד,יחידה,1.00,יחידה,false,1,6.90,6.90,true,1,
7290015008587,false,קערה קריסטל גודל 9.5,,IL,קערה קריסטל גודל,יחידה,1.00,יחידה,false,1,7.90,7.90,true,1,
7290015008594,false,נר נשמה שבועי,,IL,נר נשמה שבועי,יחידה,1.00,יחידה,false,1,8.90,8.90,true,1,
7290015008624,false,נרות חימום 4 שעות 50 יח',,MY,נרות חימום,יחידה,1.00,יחידה,false,1,8.90,8.90,true,1,
7290015008648,false,7 שקיות לצליה ענק ר. שמא,.,IL,7 שקיות לצליה,יחידה,1.00,יחידה,false,1,3.90,3.90,true,1,
7290015008655,false,כפות שקוף 50  יחידות,,TR,כפות שקוף 50 יח',יחידה,1.00,יחידה,false,1,7.90,7.90,true,1,
7290015008662,false,מזלג שקוף 50 יח,,TR,מזלג שקוף 50 יח',יחידה,1.00,יחידה,false,1,7.90,7.90,true,1,
7290015008679,false,סכין שקוף 50 יח',,TR,סכין שקוף 50 יח',יחידה,1.00,יחידה,false,1,7.90,7.90,true,1,
7290015008686,false,כפיות שקוף 50 יח,,TR,כפות שקוף 50 יח',יחידה,1.00,יחידה,false,1,5.90,5.90,true,1,
7290015008693,false,צלחות ענק 25 יח' צבעוני,,IL,צלחות ענק 25 יח',יחידה,1.00,יחידה,false,1,14.90,14.90,true,1,
7290015008747,false,מארז תבניות+מכסה גדול 5,.,IL,תבניות+מכסה גדול,יחידה,1.00,יחידה,false,1,7.90,7.90,true,1,
7290015008754,false,מארז תבניות+מכסה בינוני,.,IL,תבניות+מכסה בינו,יחידה,1.00,יחידה,false,1,7.90,7.90,true,1,
7290015008778,false,צלחות גדול 100 יחי,,IL,צלחות גדול,יחידה,1.00,יחידה,false,1,39.90,39.90,true,1,
7290015008822,false,כוס קרטון OZ 4 50 יחידות,,IL,כוס קרטון OZ 4 5,יחידה,1.00,יחידה,false,1,5.90,5.90,true,1,
7290015008839,false,צלחות עמוקות,,,צלחות עמוקות,יחידה,1.00,יחידה,false,0,13.90,13.90,true,1,
7290015008846,false,קעריות אובלי,,,קעריות אובלי,יחידה,1.00,יחידה,false,0,4.90,4.90,true,1,
7290015008891,false,ניילון נצמד ר.שמאי 300 מ,,IL,ניילון נצמד ר.שמ,מטרים,300.00,מטר,false,1,24.90,0.08,true,1,
7290015008907,false,שקיות נשיאה לבן  50/60,,IL,שקיות נשיאה לבן,יחידה,1.00,יחידה,false,1,12.90,12.90,true,1,
7290015008921,false,שקיות נשיאה שחור 38/48,,IL,שקיות נשיאה שחור,יחידה,1.00,יחידה,false,1,6.90,6.90,true,1,
7290015008976,false,שקיות מזון בקרטון .,,IL,שקיות מזון בקרטו,יחידה,1.00,יחידה,false,1,9.90,9.90,true,1,
7290015025942,false,קרם ידיים פנג'ל עם שמן80,אינטרקוסמא,IL,קרם ידיים פנג'ל,מיליליטרים,80.00,"100 מ""ל",false,1,5.90,7.38,true,1,
7290015037006,false,כרוב לבן 400גרם,קטיף,IL,כרוב לבן חסלט400,גרמים,400.00,100 גרם,false,0,12.90,3.23,true,1,
7290015037013,false,כרוב אדום 400גרם,קטיף,IL,כרוב אדום חסל400,גרמים,400.00,100 גרם,false,0,12.90,3.23,true,1,
7290015037020,false,סלט קולסלאו 400גרם,קטיף,IL,סלט קולסלאו 400,גרמים,400.00,100 גרם,false,0,12.90,3.23,true,1,
7290015037044,false,לקט ים תיכוני 320גרם,קטיף,IL,לקט ים תיכוני,גרמים,350.00,100 גרם,false,0,13.90,3.97,true,1,
7290015037549,false,"חסה בד""ץ חסלט - יח'",קטיף.,IL,"חסה בד""ץ חסלט",יחידה,1.00,יחידה,false,0,8.90,8.90,true,1,
7290015057110,false,מקלות חמוצים תות,,TR,מקלות חמוצים תות,גרמים,20.00,100 גרם,false,0,1.50,7.50,true,1,
7290015057127,false,מקלות חמוצים,,TR,מקלות חמוצים,גרמים,20.00,100 גרם,false,0,1.50,7.50,true,1,
7290015057134,false,מקלות חמוצים פטל,,TR,מקלות חמוצים פטל,גרמים,20.00,100 גרם,false,0,1.50,7.50,true,1,
7290015057202,false,חומץ טבעי 1 ליטר,,IL,חומץ טבעי 1 ליטר,ליטרים,1.00,ליטר,false,0,5.90,5.90,true,1,
7290015139250,false,"שוק.מריר פצפוצי ללת""ס85ג","כרמית תעשיות ממתקים בע""\",IL,שוקולד מריר,גרמים,85.00,100 גרם,false,1,5.90,6.94,true,1,
7290015139267,false,"שוק.מריר שקדים ללת""ס85גר","כרמית תעשיות ממתקים בע""\",IL,שוקולד מריר,גרמים,85.00,100 גרם,false,1,5.90,6.94,true,1,
7290015139519,false,מיני וופל מצופה שוקולד55,כרמית,IL,מיני וופל מצופה,גרמים,55.00,100 גרם,false,1,3.90,7.09,true,1,
7290015150088,false,מחית עגבניות קלה 700 גרם,ויסוצקי,IT,מחית עגבניות,גרמים,700.00,100 גרם,false,1,12.90,1.84,true,1,
7290015150118,false,עגבניות חתוכות דק400*3ג,ויסוצקי,IT,עגבניות חתוכות,קילוגרמים,1.20,"ק""ג",false,1,12.90,10.75,true,1,
7290015150200,false,עגבניות חתוכות דק 400גרם,ויסוצקי,IT,עגבניות חתוכות,גרמים,400.00,100 גרם,false,1,4.90,1.23,true,1,
7290015150590,false,תה ירוק ג'ינג'ר חריף25שק,ויסוצקי,IL,תה ירוק ויסוצקי,גרמים,37.00,100 גרם,false,1,19.90,53.78,true,1,
7290015153157,false,חצאי אפרסקים 820 גרם,קרונוס,GR,חצאי אפרסקים,גרמים,820.00,100 גרם,false,1,8.90,1.09,true,1,
7290015153225,false,טונה רביעיה במים,---,IL,טונה רביעיה במים,יחידה,1.00,יחידה,false,1,18.90,18.90,true,1,
7290015153232,false,שמן זית זך 1 ליטר,---,IL,שמן זית זך      ר,מיליליטרים,1000.00,"100 מ""ל",false,1,29.90,2.99,true,1,
7290015153492,false,חתיכות אננס בסירופ קל,טקרנג פינאפל אינדסטריאל,TH,חתיכות אננס,גרמים,850.00,100 גרם,false,1,9.90,1.16,true,1,
7290015153690,false,"תירס אריזות בד""ץ 600 גר'",,IL,"תירס אריזות בד""ץ",גרמים,600.00,100 גרם,false,1,5.90,0.98,true,1,
7290015153713,false,רוטב עגבניות 28-30 אריזו,,IL,רוטב עגבניות,גרמים,580.00,100 גרם,false,1,6.90,1.19,true,1,
7290015153720,false,"אפונה אריזות בד""ץ 600 גר",,IL,אפונה אריזות,גרמים,600.00,100 גרם,false,1,5.90,0.98,true,1,
7290015153744,false,"חומוס שלם ""אריזות י-ם""",,IL,חומוס שלם,גרמים,550.00,100 גרם,false,1,5.90,1.07,true,1,
7290015153850,false,חצאי אפרסק 900 גר' מעולה,,IL,חצאי אפרסק 900 ג,גרמים,900.00,100 גרם,false,1,9.90,1.10,true,1,
7290015154000,false,שלישיית פטריות אריזות יר,,IL,שלישיית פטריות,יחידה,1.00,יחידה,false,1,9.90,9.90,true,1,
7290015155311,false,שישיית פרינוק,,CZ,שישיית פרינוק,קילוגרמים,1.14,"ק""ג",false,0,21.90,19.21,true,1,
7290015155328,false,שישיית פרינוק,,CZ,שישיית פרינוק,קילוגרמים,1.14,"ק""ג",false,0,21.90,19.21,true,1,
7290015155335,false,שישיית פרינוק,,CZ,שישיית פרינוק,קילוגרמים,1.14,"ק""ג",false,0,21.90,19.21,true,1,
7290015155823,false,חטיפטף פרינוק תפוח 120 ג,פרוטה פודיווין,CZ,חטיפטף פרינוק,גרמים,120.00,100 גרם,false,1,4.50,3.75,true,1,
7290015155830,false,חטיפטף פרינוק תפוח בננה,---,CZ,חטיפטף פרינוק,גרמים,120.00,100 גרם,false,1,4.50,3.75,true,1,
7290015155847,false,חטיפטף פרינוק פירות120ג,פרוטה פודיווין,CZ,חטיפטף פרינוק,גרמים,120.00,100 גרם,false,1,4.50,3.75,true,1,
7290015156790,false,חטיפטף לפתן פירות 120גרם,---,CZ,חטיפטף פרינוק,גרמים,120.00,100 גרם,false,1,4.50,3.75,true,1,
7290015194068,false,מארז שאשא תות 10*16גרם,אשבול,IL,מארז שאשא,גרמים,160.00,100 גרם,false,1,7.90,4.94,true,1,
7290015194594,false,דגני בוקר מאגדת מולטי אש,אשבול,IL,דגני בוקר מאגדת,גרמים,250.00,100 גרם,false,1,9.90,3.96,true,1,
7290015194754,false,צקיפסטיקס קטשופ 14*10גר,אשבול,IL,מארז ציפסטיקס קט,גרמים,140.00,100 גרם,false,1,7.90,5.64,true,1,
7290015250061,false,עלי סיגרים,,IL,עלי סיגרים,גרמים,500.00,100 גרם,false,0,11.90,2.38,true,1,
7290015251174,false,שלישיית ס.ידים ירוק נובו,,IL,שלישיית ס.ידים ס,מיליליטרים,500.00,"100 מ""ל",false,1,9.90,1.98,true,1,
7290015251204,false,שלישיית ס.ידים ורוד נובו,,IL,שלישיית ס.ידים ו,מיליליטרים,500.00,"100 מ""ל",false,1,9.90,1.98,true,1,
7290015251341,false,תחליב רחצה אקזוטי+משאבה,,IL,תחליב רחצה אקזוט,ליטרים,0.00,ליטר,false,1,8.90,8.90,true,1,
7290015282390,false,סלט טורקי 200 גרם,,IL,סלט טורק 200 גרם,גרמים,200.00,100 גרם,false,1,10.90,5.45,true,1,
7290015282581,false,חומוס אבו גוש+חריף 200 ג,סלטי שמיר,IL,חומוס אבו גוש,גרמים,200.00,100 גרם,false,0,10.90,5.45,true,1,
7290015282598,false,חומוס מסעדות 200 גרם,סלטי שמיר,IL,חומוס,גרמים,200.00,100 גרם,false,0,10.90,5.45,true,1,
7290015282604,false,טחינה מיוחדת 200 גרם,סלטי שמיר,IL,טחינה מיוחדת,גרמים,200.00,100 גרם,false,0,10.90,5.45,true,1,
7290015282628,false,חציל בטעם כבד 200 גרם,סלטי שמיר,IL,חציל בטעם כבד,גרמים,200.00,100 גרם,false,0,10.90,5.45,true,1,
7290015282635,false,חומוס מסבחה 200 גרם,סלטי שמיר,IL,חומוס מסבחה,גרמים,200.00,100 גרם,false,0,10.90,5.45,true,1,
7290015282642,false,חומוס אבו גוש 200 גרם,סלטי שמיר,IL,חומוס אבו גוש,גרמים,200.00,100 גרם,false,0,10.90,5.45,true,1,
7290015282673,false,חציל במיונז ביתי 200 גרם,סלטי שמיר,IL,חציל במיונז,גרמים,200.00,100 גרם,false,0,10.90,5.45,true,1,
7290015282680,false,קישוא בטעם כבד 200 גרם,סלטי שמיר,IL,קישוא בטעם כבד,גרמים,200.00,100 גרם,false,0,10.90,5.45,true,1,
7290015282697,false,כרוב אדום 200 גרם,סלטי שמיר,IL,כרוב אדום,גרמים,200.00,100 גרם,false,0,10.90,5.45,true,1,
7290015282710,false,קוביות סלק 200 גרם,סלטי שמיר,IL,קוביות סלק,גרמים,200.00,100 גרם,false,0,10.90,5.45,true,1,
7290015282727,false,גזר מרוקאי 200 גרם,סלטי שמיר,IL,גזר מרוקאי,גרמים,200.00,100 גרם,false,0,10.90,5.45,true,1,
7290015282734,false,מטבוחה 200 גרם,סלטי שמיר,IL,מטבוחה 200 גרם,גרמים,200.00,100 גרם,false,0,10.90,5.45,true,1,
7290015282741,false,חציל תאילנדי 200 גר,סלטי שמיר,IL,חציל תאילנדי,גרמים,200.00,100 גרם,false,1,10.90,5.45,true,1,
7290015282796,false,"סלט תפו""א 200 גרם",סלטי שמיר,IL,"סלט תפו""א שמיר",גרמים,200.00,100 גרם,false,1,10.90,5.45,true,1,
7290015328579,false,מגולגלת במילוי שוקולד,הגביע,IL,מגולגלת 115גרם,גרמים,115.00,100 גרם,false,1,6.90,6.00,true,1,
7290015339223,false,לזניה 500 גרם,,IT,לזניה 500 גרם,גרמים,500.00,100 גרם,false,0,10.90,2.18,true,1,
7290015339414,false,דבש,,,דבש,יחידה,1.00,יחידה,false,0,13.90,13.90,true,1,
7290015339421,false,דבש,,,דבש,יחידה,1.00,יחידה,false,0,18.90,18.90,true,1,
7290015339438,false,דבש,,,דבש,יחידה,1.00,יחידה,false,0,39.90,39.90,true,1,
7290015339469,false,"אורז פרסי קלאסי 1 ק""ג",יותאי פרודוס קומפני,TH,אורז פרסי,קילוגרמים,1.00,"ק""ג",false,1,7.90,7.90,true,1,
7290015339476,false,"אורז פרסי קלאסי 5 ק""ג",יותאי פרודוס קומפני,TH,"אורז פרסי 5 ק""ג",קילוגרמים,5.00,"ק""ג",false,1,36.90,7.38,true,1,
7290015339483,false,ערמונים 100גרם,טעמן,IL,ערמונים 100גרם,גרמים,100.00,100 גרם,false,0,4.90,4.90,true,1,
7290015339551,false,פתיתים קוסקוס 500 גרם,מוטלו מקרנה גזאנטפ,TR,פתיתים קוסקוס,גרמים,500.00,100 גרם,false,1,4.90,0.98,true,1,
7290015339568,false,פתיתים אורז 500 גרם,מוטלו מקרנה גזאנטפ,TR,פתיתים אורז,גרמים,500.00,100 גרם,false,1,4.90,0.98,true,1,
7290015339643,false,"שוקולד מריר בד""ץ 100 גרם",HALBA,CH,שוקולד מריר.,גרמים,100.00,100 גרם,false,1,6.90,6.90,true,1,
7290015339650,false,"שוקולד חלבי בד""ץ 100 גרם",HALBA,CH,שוקולד חלבי,גרמים,100.00,100 גרם,false,1,6.90,6.90,true,1,
7290015339698,false,דובדבנים חמוצים בסירופ 6,דונקליטי קונזרוון,HU,דובדבנים בסירופ,גרמים,680.00,100 גרם,false,1,9.90,1.46,true,1,
7290015339933,false,ריבת חלב 340 גרם,טעמן,IL,ריבת חלב,גרמים,340.00,100 גרם,false,0,12.90,3.79,true,1,
7290015347150,false,שומשום סלקטד 400 גר',מיה תעשיות מזון מ.ת.מ. ב,IL,שומשום סלקטד,גרמים,400.00,100 גרם,false,1,15.90,3.98,true,1,
7290015347167,false,קינואה לבנה סלקטד 500 גר,---,IL,קינואה לבנה סלקט,גרמים,500.00,100 גרם,false,1,16.90,3.38,true,1,
7290015347174,false,"אורז פרסי ואקום 1 ק""ג",מיה תעשיות מזון מ.ת.מ. ב,IL,אורז פרסי ואקום,קילוגרמים,1.00,"ק""ג",false,1,11.90,11.90,true,1,
7290015347198,false,קואקר סלקטד 700 גרם,מיה תעשיות מזון מ.ת.מ. ב,IL,קואקר סלקדד,גרמים,700.00,100 גרם,false,1,9.90,1.41,true,1,
7290015347204,false,"חומוס גדול בוואקום 1 ק""ג",מיה תעשיות מזון מ.ת.מ. ב,IL,חומוס בואקום,גרמים,1000.00,100 גרם,false,1,13.90,1.39,true,1,
7290015347211,false,"גריסי פנינה סלקטד 1 ק""ג",מיה תעשיות מזון מ.ת.מ. ב,IL,גריסי פנינה,קילוגרמים,1.00,"ק""ג",false,1,14.90,14.90,true,1,
7290015347259,false,פירורי לחם מוזהבים 400 ג,מיה תעשיות מזון מ.ת.מ. ב,IL,פירורי לחם מוזהב,גרמים,400.00,100 גרם,false,1,5.90,1.48,true,1,
7290015347273,false,נטיפי שוקולד מריר 250ג,מיה תעשיות מזון מ.ת.מ. ב,IL,נטיפי שוקולד250ג,גרמים,250.00,100 גרם,false,1,7.90,3.16,true,1,
7290015347280,false,מעדן תות 280 גרם,---,BG,מעדן תות,גרמים,280.00,100 גרם,false,1,11.90,4.25,true,1,
7290015347297,false,מעדן דובדבנים 280 גרם,---,BG,מעדן דובדבנים,גרמים,280.00,100 גרם,false,1,11.90,4.25,true,1,
7290015347303,false,מעדן אוכמניות 280 גרם,---,BG,מעדן אוכמניות,גרמים,280.00,100 גרם,false,1,11.90,4.25,true,1,
7290015347310,false,מעדן משמש 280 גרם,---,BG,מעדן משמש,גרמים,280.00,100 גרם,false,1,11.90,4.25,true,1,
7290015347358,false,סודה לשתיה בקרטון 50 גרם,מיה תעשיות מזון מ.ת.מ. ב,IL,סודה לשתיה,גרמים,50.00,100 גרם,false,1,1.50,3.00,true,1,
7290015347426,false,"סוכריות קולה לימון לל""ס",מיה תעשיות מזון מ.ת.מ. ב,IL,סוכריות קולה,גרמים,80.00,100 גרם,false,1,5.80,7.25,true,1,
7290015347433,false,"סוכריות פינה קולדה לל""ס",מיה תעשיות מזון מ.ת.מ. ב,IL,סוכריות פינה קול,גרמים,80.00,100 גרם,false,1,5.80,7.25,true,1,
7290015347457,false,קינואה שחורה 400 גרם,מיה תעשיות מזון מ.ת.מ. ב,IL,קינואה שחורה,גרמים,400.00,100 גרם,false,1,19.90,4.98,true,1,
7290015347464,false,קינואה מעורבת 400 גרם,מיה תעשיות מזון מ.ת.מ. ב,IL,קינואה מעורבת,גרמים,400.00,100 גרם,false,1,19.90,4.98,true,1,
7290015347488,false,"סוכר דמררה בשקית 1 ק""ג",מיה תעשיות מזון מ.ת.מ. ב,IL,סוכר דמררה,קילוגרמים,1.00,"ק""ג",false,0,6.90,6.90,true,1,
7290015347525,false,צ'יפס בטטה עם שום 80 גרם,מיה תעשיות מזון מ.ת.מ. ב,IL,צ'יפס בטטה,גרמים,80.00,100 גרם,false,1,6.90,8.63,true,1,
7290015347532,false,צ'יפס בטטה+שמן זית 80 גר,מיה,IL,צ'יפס בטטה,גרמים,80.00,100 גרם,false,1,6.90,8.63,true,1,
7290015347556,false,גבישי שום 300 גרם,מיה,IL,גבישי שום300גרם,גרמים,300.00,100 גרם,false,1,16.90,5.63,true,1,
7290015347679,false,"צילי גרוס בצנצנת כשל""פ 7",מיה תעשיות מזון מ.ת.מ. ב,IL,צילי גרוס,גרמים,70.00,100 גרם,false,1,5.90,8.43,true,1,
7290015347686,false,"צילי גרוס בשקית כשל""פ 50",מיה תעשיות מזון מ.ת.מ. ב,IL,צילי גרוס,גרמים,50.00,100 גרם,false,1,4.90,9.80,true,1,
7290015347709,false,אגוז מוסקט טחון 70 גרם,מיה תעשיות מזון מ.ת.מ. ב,IL,מוסקט טחון 70גרם,גרמים,70.00,100 גרם,false,1,5.90,8.43,true,1,
7290015347761,false,סוכריות ג'לי כוכבים מיה,מיה תעשיות מזון מ.ת.מ. ב,IL,ג'לי כוכבים,גרמים,125.00,100 גרם,false,1,4.90,3.92,true,1,
7290015347778,false,סוכריות ג'לי דגים 125 גר,מיה תעשיות מזון מ.ת.מ. ב,IL,ג'לי דגים,גרמים,125.00,100 גרם,false,1,4.90,3.92,true,1,
7290015347785,false,סוכריות ג'לי לבבות 125 ג,מיה תעשיות מזון מ.ת.מ. ב,IL,ג'לי לבבות,גרמים,125.00,100 גרם,false,1,4.90,3.92,true,1,
7290015347976,false,עדשי שוקולד 80 גרם,מיה,IL,עדשי שוקולד 80גר,גרמים,80.00,100 גרם,false,1,3.90,4.88,true,1,
7290015347990,false,מארז עדשי שוקולד 20*8 ג,מיה,IL,עדשי שוקולד מארז,גרמים,160.00,100 גרם,false,1,8.90,5.56,true,1,
7290015350037,false,יין קברנה סוביניון סנדרס,,IL,יין קברנה מרום,גרמים,750.00,100 גרם,false,1,26.90,3.59,true,1,
7290015350044,false,אמרלד ריזלינג סנדר'ס .,,IL,אמרלד ריזלינג,יחידה,1.00,יחידה,false,1,24.90,24.90,true,1,
7290015350433,false,מיץ ענבים 100% סנדרס,,IL,מיץ ענבים סנדרס,ליטרים,1.00,ליטר,false,1,15.90,15.90,true,1,
7290015356688,false,"ארק שליט 700 מ""ל",,IL,ארק שליט,מיליליטרים,700.00,"100 מ""ל",false,1,69.90,9.99,true,1,
7290015356824,false,"ליקר דרים אמרטו 750 מ""ל",.,IL,ליקר דרים אמרטו,מיליליטרים,750.00,"100 מ""ל",false,1,20.20,2.69,true,1,
7290015385107,false,עדשים שוקולד 80,,,עדשים שוקולד 80,יחידה,1.00,יחידה,false,0,2.90,2.90,true,1,
7290015385114,false,עדשים מיני 400 גר' מעולה,,IL,עדשים מיני 400גר,יחידה,1.00,יחידה,false,1,11.90,11.90,true,1,
7290015385121,false,עדשים שוקולד מעולה 800גר,,IL,עדשים שוקולד800ג,יחידה,1.00,יחידה,false,1,23.90,23.90,true,1,
7290015424653,false,משחת שיניים לילד,,,משחת שיניים לילד,יחידה,1.00,יחידה,false,0,9.90,9.90,true,1,
7290015424844,false,דנטאייד מי פה ים המלח,כצט כללי,IL,דנטאייד מי פה ים,יחידה,1.00,יחידה,false,0,11.90,11.90,true,1,
7290015470384,false,ק.ידיים פנג'ל שמן שקד100,אינטרקוסמא,IL,קרם ידיים פנג'ל,מיליליטרים,100.00,"100 מ""ל",false,1,7.90,7.90,true,1,
7290015573061,false,"מי פה כשר לפסח 120 מ""ל",,IL,מי פה כשר לפסח,מיליליטרים,120.00,"100 מ""ל",false,1,9.90,8.25,true,1,
7290015573290,false,"מי פה כשל""פ 240 מ""ל",,IL,"מי פה כשל""פ",גרמים,240.00,100 גרם,false,1,15.90,6.63,true,1,
7290015599504,false,ממרח טעם חמאה אורגני225ג,דראגסבייאק,DK,ממרח טעם חמאה,גרמים,225.00,100 גרם,false,1,19.90,8.84,true,1,
7290015602082,false,מאפינס משונן 20יחידות,,IL,מאפינס משונן,יחידה,1.00,יחידה,false,1,7.90,7.90,true,1,
7290015602099,false,תבנית פשטידה צבעוני 20יח,,IL,תבנית פשטידה צבע,יחידה,1.00,יחידה,false,1,8.90,8.90,true,1,
7290015602358,false,מאפינס גדול יום הולדת 20,.,IL,מאפינס גדול יום,יחידה,1.00,יחידה,false,1,6.90,6.90,true,1,
7290015652124,false,רוטב סריראצ'ה חריף450גרם,פודס אוף רוצסטר,TH,רוטב סריראצ'ה,גרמים,450.00,100 גרם,false,1,14.90,3.31,true,1,
7290015674911,false,סוכ.לעיסה בריבוע 26.8גרם,,CN,סוכ.לעיסה בריבוע,גרמים,26.00,100 גרם,false,1,2.50,9.62,true,1,
7290015690065,false,חטיף טיק טוק חמוץ חריף,10 ברוס,IL,חטיף טיק טוק,גרמים,270.00,100 גרם,false,1,4.90,1.81,true,1,
7290015690072,false,צ'יק צ'אק פלאפל 190 גרם,"10 ברוס ע.ט בע""מ",IL,צ'יק צ'אק פלאפל,גרמים,190.00,100 גרם,false,1,2.90,1.53,true,1,
7290015716154,false,"מפות 45 מטר 3 ק""ג",,IL,מפות 45 מטר,יחידה,1.00,יחידה,false,1,34.90,34.90,true,1,
7290015716260,false,שקיות מזון HD .,,IL,שקיות מזון HD,יחידה,1.00,יחידה,false,1,2.90,2.90,true,1,
7290015716277,false,שקיות למזון עבות במיוחד,,IL,שקיות למזון עבות,יחידה,1.00,יחידה,false,1,6.90,6.90,true,1,
7290015716284,false,שקיות הקפאה LD .,,IL,שקיות הקפאה LD,יחידה,1.00,יחידה,false,1,6.90,6.90,true,1,
7290015716291,false,שקיות הקפאה HD .,,IL,שקיות הקפאה HD,יחידה,1.00,יחידה,false,1,2.90,2.90,true,1,
7290015716314,false,אשפתון קרם 75/90 .,,IL,אשפתון קרם 75/90,יחידה,1.00,יחידה,false,1,13.90,13.90,true,1,
7290015716321,false,מפות 33/1.6 מטר .,,IL,מפות 33/1.6 מטר,יחידה,1.00,יחידה,false,1,24.90,24.90,true,1,
7290015716369,false,"מפת ניילון 10 ק""ג",,IL,"מפת ניילון 10 ק""",יחידה,1.00,יחידה,false,1,119.00,119.00,true,1,
7290015733205,false,מטרנה אקסטרה שלב 1 700 ג,נסטלה,IL,מטרנה אקסטרה,גרמים,700.00,100 גרם,false,1,56.90,8.13,true,1,
7290015733229,false,מטרנה אקסטרה שלב 2 700ג,מטרנה,IL,מטרנה אקסטרה,גרמים,700.00,100 גרם,false,1,56.90,8.13,true,1,
7290015733243,false,מטרנה מהדרין אקס..שלב3,מטרנה תעשיות ש.מ.,IL,מטרנה אקסטרה,גרמים,700.00,100 גרם,false,1,56.90,8.13,true,1,
7290015733939,false,"מטרנה AR בד""ץ 700 גרם",מטרנה תעשיות ש.מ.,IL,מטרנה AR,גרמים,700.00,100 גרם,false,1,68.90,9.84,false,1,
7290015753173,false,"אטבי כביסה 18 יחי' ""סומו",,IL,אטבי כביסה 18 יח,יחידה,1.00,יחידה,false,1,4.50,4.50,true,1,
7290015753203,false,מטליות מיקרופייבר כללי 5,,IL,5 מטליות מיקרופי,יחידה,1.00,יחידה,false,1,6.90,6.90,true,1,
7290015753210,false,מטליות מיקרופייבר לרצפה,,IL,3 מטליות מיקרופי,יחידה,1.00,יחידה,false,1,12.90,12.90,true,1,
7290015753241,false,"יעה גומי + מברשת ""נופר""",,IL,יעה גומי + מברשת,יחידה,1.00,יחידה,false,1,7.90,7.90,true,1,
7290015753272,false,"אטבי כביסה 36 יחי' ""סומו",,IL,אטבי כביסה 36 יח,יחידה,1.00,יחידה,false,1,7.50,7.50,true,1,
7290015753319,false,"שיפודי עץ 3 מ""מ",,,"שיפודי עץ 3 מ""מ",יחידה,1.00,יחידה,false,0,1.90,1.90,true,1,
7290015753364,false,קיסמי שיניים מלחייה 300,,IL,קיסמי שיניים מלח,יחידה,1.00,יחידה,false,1,1.90,1.90,true,1,
7290015753371,false,"מגב קליק פרימיום 40 ס""מ",,CN,מגב פרימיום 40 ס,יחידה,1.00,יחידה,false,1,14.90,14.90,true,1,
7290015753388,false,"מגב קליק פרימיום 50 ס""מ",,IL,מגב פרימיום 50 ס,יחידה,1.00,יחידה,false,1,16.90,16.90,true,1,
7290015753456,false,כריות ברזל שלישייה 3 יחי,,IL,כריות ברזל,יחידה,1.00,יחידה,false,1,4.90,4.90,true,1,
7290015753463,false,"ספוג קרצוף 10 יחידות ""נו",,IL,ספוג קרצוף,יחידה,1.00,יחידה,false,1,3.90,3.90,true,1,
7290015753487,false,"שלישיה סבון אסלה כחול ""נ",,IL,שלישיה סבון אסלה,יחידה,1.00,יחידה,false,1,7.90,7.90,true,1,
7290015753500,false,ברזלית לסירים רביעייה,,IL,ברזלית לסירים רב,יחידה,1.00,יחידה,false,1,4.90,4.90,true,1,
7290015753616,false,שקיות אשפה עם שרוך 65*52,,IL,שקיות עם שרוך,יחידה,1.00,יחידה,false,1,11.90,11.90,true,1,
7290015753630,false,שקיות אשפה עם ידיות 9*75,,IL,שקיות עם ידיות,יחידה,1.00,יחידה,false,1,9.90,9.90,true,1,
7290015753692,false,משמיד עש מבושם נופר,,IL,משמיד עש מבושם,יחידה,1.00,יחידה,false,1,12.90,12.90,true,1,
7290015753944,false,שקיות אשפה עם שרוך 90*78,,IL,שקיות עם שרוך,יחידה,1.00,יחידה,false,1,11.90,11.90,true,1,
7290015756549,false,גומיות סיליקון לשיער גדו,,IL,גומיות סיליקון ל,יחידה,1.00,יחידה,false,1,19.90,19.90,true,1,
7290015756556,false,גומיות סיליקון לשיער גדו,,IL,גומיות סיליקון ל,יחידה,1.00,יחידה,false,1,19.90,19.90,true,1,
7290015756587,false,גומיות סיליקון לשיער קטנ,,IL,גומיות סיליקון ל,יחידה,1.00,יחידה,false,1,19.90,19.90,true,1,
7290015756594,false,גומיות סיליקון לשיער קטנ,,IL,גומיות סיליקון ל,יחידה,1.00,יחידה,false,1,19.90,19.90,true,1,
7290015781008,false,"יין ויז'ן מרלו 750 מ""ל","יקב טפרברג 1870 בע""מ",IL,יין ויז'ן מרלו,מיליליטרים,750.00,"100 מ""ל",false,1,39.90,5.32,true,1,
7290015781015,false,"יין ויז'ן מלבק 750 מ""ל","יקב טפרברג 1870 בע""מ",IL,יין ויז'ין מלבק,מיליליטרים,750.00,"100 מ""ל",false,1,39.90,5.32,true,1,
7290015781046,false,יין ויז'ן לבן חצי יבש750,"יקב טפרברג 1870 בע""מ",IL,יין ויז'ן לבן,מיליליטרים,750.00,"100 מ""ל",false,1,39.90,5.32,true,1,
7290015781053,false,יין ויז'ן לבן יבש 750 מל,"יקב טפרברג 1870 בע""מ",IL,יין ויז'ן לבן,מיליליטרים,750.00,"100 מ""ל",false,1,39.90,5.32,true,1,
7290015781091,false,"קברנה ויז'ן 750 מ""ל","יקב טפרברג 1870 בע""מ",IL,קברנה ויז'ן,מיליליטרים,750.00,"100 מ""ל",false,1,39.90,5.32,true,1,
7290015781107,false,יין סנג'ובזה אימפרשן750מ,"יקב טפרברג 1870 בע""מ",IL,יין סנג'ובזה,מיליליטרים,750.00,"100 מ""ל",false,1,49.90,6.65,true,1,
7290015781114,false,"מרלו אימפרשן 750 מ""ל","יקב טפרברג 1870 בע""מ",IL,יין מרלו,מיליליטרים,750.00,"100 מ""ל",false,1,49.90,6.65,true,1,
7290015781121,false,"קברנה אימפרשן 750 מ""ל","יקב טפרברג 1870 בע""מ",IL,יין קברנה,מיליליטרים,750.00,"100 מ""ל",false,1,49.90,6.65,true,1,
7290015781145,false,"ריזלינג אימפרשן 500 מ""ל","יקב טפרברג 1870 בע""מ",IL,יין ריזלינג,מיליליטרים,500.00,"100 מ""ל",false,1,49.90,9.98,true,1,
7290015781176,false,קברנה סוביניון-מרלו אימפ,,IL,קברנה-מרלו,יחידה,1.00,יחידה,false,1,34.90,34.90,true,1,
7290015781237,false,יין .inspr פרנץ' סובניון,,IL,יין פרנץ' סובניו,מיליליטרים,750.00,"100 מ""ל",false,1,69.90,9.32,true,1,
7290015781275,false,"מוסקטו לבן מתוק 750 מ""ל","יקב טפרברג 1870 בע""מ",IL,מוסקטו לבן מתוק,מיליליטרים,750.00,"100 מ""ל",false,1,39.90,5.32,true,1,
7290015781299,false,"יין ויז'ן שיראז 750 מ""ל","יקב טפרברג 1870 בע""מ",IL,יין ויז'ן שיראז,מיליליטרים,750.00,"100 מ""ל",false,1,39.90,5.32,true,1,
7290015781305,false,"סירה אימפרשן 750 מ""ל","יקב טפרברג 1870 בע""מ",IL,יין סירה,מיליליטרים,750.00,"100 מ""ל",false,1,49.90,6.65,true,1,
7290015781596,false,יין מרלו-קברנה INSPIRE,טפרברג,IL,יין מרלו-קברנה,מיליליטרים,750.00,"100 מ""ל",false,1,59.90,7.99,true,1,
7290015804738,false,שעועית אפויה מעולה 600 ג,,IL,שעועית אפויה מעו,גרמים,600.00,100 גרם,false,1,5.90,0.98,true,1,
7290015848909,false,אולטרסול SPF30 קידס250מל,פישר מעבדות פרמצבטיות בע,IL,אולטרסול קידס,מיליליטרים,250.00,"100 מ""ל",false,1,34.90,13.96,true,1,
7290015856171,false,בייגלה שמיניות מלח אפיפי,,IL,בייגלה שמיניות מ,גרמים,200.00,100 גרם,false,1,3.90,1.95,true,1,
7290015856492,false,חטיפי קרקר הדר 180 גרם,,IL,חטיפי קרקר הדר,גרמים,180.00,100 גרם,false,1,3.90,2.17,true,1,
7290015856508,false,חטיפי קרקר הדר 180 גרם,---,IL,חטיפי קרקר הדר,גרמים,180.00,100 גרם,false,1,3.90,2.17,true,1,
7290015856515,false,חטיפי קרקר בצל 180 גרם,,IL,חטיפי קרקר בצל,גרמים,180.00,100 גרם,false,1,3.90,2.17,true,1,
7290015856546,false,חטיפי ביסקויט,מגדנית הדר,IL,חטיפי ביסקויט,גרמים,180.00,100 גרם,false,1,3.90,2.17,true,1,
7290015856607,false,קרקר תירוש בציפוי שוק175,מגדנית הדר,IL,קרקר תירוש,גרמים,175.00,100 גרם,false,1,5.90,3.37,true,1,
7290015856621,false,ביסקוויט תירוש קרמל175גר,מגדנית הדר,IL,ביסקוויט תירוש,גרמים,175.00,100 גרם,false,1,5.90,3.37,true,1,
7290015856690,false,"קרם קרקר ""הדר"" 1 ק""ג",אפיפית,IL,"קרם קרקר ""הדר""",קילוגרמים,1.00,"ק""ג",false,1,19.90,19.90,true,1,
7290015856768,false,פירורי עוגיות קרמל 250ג,אפיפית,IL,פירורי עוגיות,גרמים,250.00,100 גרם,false,1,5.90,2.36,true,1,
7290015856805,false,דגנית קרקר חיטה מלאה בתו,,IL,דגנית קרקר חיטה,יחידה,1.00,יחידה,false,1,6.90,6.90,true,1,
7290015856812,false,הביסקוויט של ה-בטעם וניל,אפיפית,IL,הביסקוויט של ה-,גרמים,200.00,100 גרם,false,1,4.90,2.45,true,1,
7290015856829,false,הביסקוויט של ה-בטעם שוקו,אפיפית,IL,ביסקוויט של ה-,גרמים,200.00,100 גרם,false,1,4.90,2.45,true,1,
7290015856843,false,חצי מצופה תה ביסקויט הדר,,IL,חצי מצופה תה,גרמים,700.00,100 גרם,false,1,19.90,2.84,true,1,
7290015856874,false,"ביסקוויט קסטה 1 ק""ג",,IL,פתיבר קסטה,קילוגרמים,0.00,"ק""ג",false,1,17.90,17.90,true,1,
7290015856935,false,ביסקוויט אקסטרה 400 ג' א,,IL,ביסקוויט אקסטרה,גרמים,400.00,100 גרם,false,1,7.90,1.98,true,1,
7290015856942,false,קרם קרקר עם זעתר אפיפית,אפיפית,IL,קרם קרקר עם זעתר,גרמים,250.00,100 גרם,false,1,6.90,2.76,true,1,
7290015856973,false,"פתיבר לל""ס וניל 150 גרם",הדר,IL,"פתיבר לל""ס 150גר",גרמים,150.00,100 גרם,false,1,4.90,3.27,true,1,
7290015856980,false,"פתיבר לל""ס טעם שוקולד",הדר,IL,"פתיבר לל""ס 150גר",גרמים,150.00,100 גרם,false,1,4.90,3.27,true,1,
7290015872096,false,חומוס סלטי שמיר 700 גרם,,IL,חומוס שמיר 700,גרמים,700.00,100 גרם,false,1,7.90,1.13,true,1,
7290015875189,false,פיקס ג'ל נמלים ונמלת האש,,IL,פיקס ג'ל נמלים,יחידה,1.00,יחידה,false,1,39.90,39.90,true,1,
7290015875202,false,סופר ג'ל תיקנים )פתיון(,,IL,סופר ג'ל נמלים,יחידה,1.00,יחידה,false,1,39.90,39.90,true,1,
7290015879705,false,"תערובתאיטלקית לאפיה לל""ג",,IT,תערובת לאפיה,קילוגרמים,1.00,"ק""ג",false,1,14.90,14.90,true,1,
7290015879729,false,תערובת לאפיה ללא גלוטן.,,IT,תערובת לאפיה,גרמים,500.00,100 גרם,false,1,14.90,2.98,true,1,
7290015996754,false,סוכרזית סטיוויה300טבליות,ביסקול בע''מ,IL,סוכרזית סטיוויה,גרמים,24.00,100 גרם,false,1,29.50,122.92,true,1,
7290015996983,false,סוכרלוז 0 קלוריות 100 שק,ביסקול בעn,IL,סוכרלוז,יחידה,1.00,יחידה,false,1,25.90,25.90,true,1,
7290016006148,false,"שוופס מוגז ענבים 500 מ""ל",יפאורה שותפות מובגלת לשי,IL,שוופס מוגז ענבים,מיליליטרים,500.00,"100 מ""ל",false,1,3.90,0.78,true,1,
7290016006292,false,ספרינג מנגו בננה מלון1ל,"יפאורה תבורי בע""\מ",IL,נקטר ספרינג,ליטרים,1.00,ליטר,false,1,5.30,5.30,true,1,
7290016006346,false,"שוופס סודה 500*6 מ""ל",יפאורה תבורי בעמ,IL,שוופס סודה,ליטרים,3.00,ליטר,false,1,13.90,4.63,true,1,
7290016034141,false,מאפינס קטן בשרינק 50 יחי,,IL,מאפינס קטן,יחידה,1.00,יחידה,false,1,6.90,6.90,true,1,
7290016034158,false,מאפינס גדול בשרינק 50 יח,,IL,מאפינס גדול,יחידה,1.00,יחידה,false,1,6.90,6.90,true,1,
7290016094022,false,אולטרסול ספריי שקוףSPF50,פישר מעבדות פרמצבטיות בע,IL,אולטרסול ספריי,מיליליטרים,200.00,"100 מ""ל",false,1,39.90,19.95,true,1,
7290016094039,false,אולטרסול ספריי שקוףSPF50,פישר מעבדות פרמצבטיות בע,IL,אולטרסול ספריי,מיליליטרים,200.00,"100 מ""ל",false,1,39.90,19.95,true,1,
7290016096491,false,טונה בהירה שמן צמחי80*3ג,תעשיות פילטונה,IL,3טונה בשמן צמחי,גרמים,240.00,100 גרם,false,1,9.90,4.13,true,1,
7290016096804,false,ממרח טונה פילטונה,,IL,ממרח טונה פילטונ,יחידה,1.00,יחידה,false,1,5.90,5.90,true,1,
7290016096811,false,ממרח טונה 160*4 גרם,פילטונה,IL,ממרח טונה 4 יח,גרמים,640.00,100 גרם,false,1,19.90,3.11,true,1,
7290016096934,false,סלט טונה פילטונה 160*2ג,תעשיות פילטונה,IL,סלט טונה 2 יח,גרמים,320.00,100 גרם,false,1,11.90,3.72,true,1,
7290016098143,false,גלילי וופל קרם אגוזים 11,,IL,גלילי וופל קרם א,גרמים,115.00,100 גרם,false,1,6.90,6.00,true,1,
7290016098174,false,גלילי וופל קרם שוקולד,,IL,גלילי וופל קרם ש,יחידה,1.00,יחידה,false,1,6.90,6.90,true,1,
7290016098259,false,גוני גליליות למילוי הגבי,,IL,גוני גליליות,יחידה,1.00,יחידה,false,1,35.90,35.90,true,1,
7290016098297,false,עוג.מיני רולקס 180 גרם,הגביע,IL,עוגיות 180 גרם,גרמים,180.00,100 גרם,false,1,3.90,2.17,true,1,
7290016102192,false,"מאפינס אישי גדול כשל""פ",,IL,מאפינס אישיים,יחידה,1.00,יחידה,false,1,6.90,6.90,true,1,
7290016102208,false,"מאפינס אישי בינוני כשל""פ",,IL,מאפינס אישיים,יחידה,1.00,יחידה,false,1,6.90,6.90,true,1,
7290016102239,false,נר נשמה 48 שעות,,CN,נר נשמה 48 שעות,יחידה,1.00,יחידה,false,1,3.90,3.90,true,1,
7290016102246,false,נר נשמה 26 שעות,,IL,נר נשמה 26 שעות,יחידה,1.00,יחידה,false,1,1.90,1.90,true,1,
7290016102253,false,נר נשמה 72 שעות,,CN,נר נשמה 72 שעות,יחידה,1.00,יחידה,false,1,4.90,4.90,true,1,
7290016102321,false,צלחות קטן  100 יחי',,IL,צלחות קטן,יחידה,1.00,יחידה,false,1,24.90,24.90,true,1,
7290016102338,false,צלחות מרק לבן,,,צלחות מרק לבן,יחידה,1.00,יחידה,false,0,29.90,29.90,true,1,
7290016102345,false,לפתניות לבן,,,לפתניות לבן,יחידה,1.00,יחידה,false,0,14.90,14.90,true,1,
7290016102376,false,גביעי יין + תחתית מוכסף,,CN,גביעי יין 6יח,יחידה,1.00,יחידה,false,1,19.90,19.90,true,1,
7290016102383,false,גביעי ליקר מוכספים 24 יח,,CN,גביעי ליקר מוכספ,יחידה,1.00,יחידה,false,1,15.90,15.90,true,1,
7290016102390,false,גביעי יין מוכספים מרובע,,CN,גביעי יין 10 יח',יחידה,1.00,יחידה,false,1,16.90,16.90,true,1,
7290016102444,false,כף הגשה בודד,,,כף הגשה בודד,יחידה,1.00,יחידה,false,0,1.50,1.50,true,1,
7290016102475,false,מפה אל בד לבן ראנר מודפס,,CN,מפה אל בד,יחידה,1.00,יחידה,false,1,4.90,4.90,true,1,
7290016102482,false,מפה אל בד צבעוני 120/180,,CN,מפה אל בד צבעוני,יחידה,1.00,יחידה,false,1,3.90,3.90,true,1,
7290016102499,false,מפה אל-בד 25 מ' .,,IL,מפה אל-בד 25 מ',יחידה,1.00,יחידה,false,1,29.90,29.90,true,1,
7290016102550,false,צלחת 10 באסקט,,,צלחת 10 באסקט,יחידה,1.00,יחידה,false,0,24.90,24.90,true,1,
7290016102697,false,צלחות גדול שקופות קריסטל,,IL,צלחות גדול שקופו,יחידה,1.00,יחידה,false,1,14.90,14.90,true,1,
7290016102703,false,צלחות קטן שקוף קריסטל .,,IL,צלחות קטן שקוף ק,יחידה,1.00,יחידה,false,1,7.90,7.90,true,1,
7290016102710,false,מרקיות שקופות קריסטל .,,IL,מרקיות שקופות קר,יחידה,1.00,יחידה,false,1,8.90,8.90,true,1,
7290016102727,false,לפתניות שקופות קריסטל .,,IL,לפתניות שקופות ק,יחידה,1.00,יחידה,false,1,4.90,4.90,true,1,
7290016102734,false,קעריות אובלי שקוף קריסטל,,IL,מרקיות שקופות קר,יחידה,1.00,יחידה,false,1,5.90,5.90,true,1,
7290016102758,false,מגש אובלי עמוק 12 יח צבע,,IL,מגש אובלי עמוק 1,יחידה,1.00,יחידה,false,1,11.90,11.90,true,1,
7290016102765,false,מפות שולחן בגליל עבה 50,,IL,מפות שולחן בגליל,יחידה,1.00,יחידה,false,1,39.90,39.90,true,1,
7290016102802,false,גביע אחסון ליטר ארוז 4יח,,IL,גביע אחסון ליטר,יחידה,1.00,יחידה,false,1,4.90,4.90,true,1,
7290016102826,false,"רדיד אלומיניום עבה 60ס""מ",,IL,רדיד אלומיניום,מטרים,5.00,מטר,false,1,13.90,2.78,true,1,
7290016104028,false,מלית אוכמניות מעולה,,IL,מלית אוכמניות,גרמים,400.00,100 גרם,false,1,11.90,2.98,true,1,
7290016104066,false,מלית דובדבנים מעולה,,IL,מלית דובדבנים,גרמים,400.00,100 גרם,false,1,11.90,2.98,true,1,
7290016104097,false,סירופ שוקולד מעולה 700גר,,IL,סירופ שוקולדמעול,יחידה,1.00,יחידה,false,1,9.90,9.90,true,1,
7290016104158,false,סילאן 100%טבעי מעולה 900,.,IL,סילאן 100%טבעי,גרמים,900.00,100 גרם,false,1,18.90,2.10,true,1,
7290016104271,false,ריבת חלב בצנצנת 20% חלב,פוליבה,IL,ריבת חלב בצנצנת,גרמים,340.00,100 גרם,false,1,12.90,3.79,true,1,
7290016104615,false,סילאן סירופ תמרי,,,סילאן סירופ תמרי,יחידה,1.00,יחידה,false,0,12.90,12.90,true,1,
7290016104875,false,סירופ בטעם שוקולד 700גרם,פוליבה,IL,שירופ בטעם שוקול,גרמים,700.00,100 גרם,false,1,12.90,1.84,true,1,
7290016106213,false,שוקולד מריר שברי אגוזים,HALBA,CH,שוקולד מריר.,גרמים,100.00,100 גרם,false,1,7.90,7.90,true,1,
7290016106411,false,פרוסות מנגו בסירופ קל 42,,IL,פרוסות מנגו,גרמים,425.00,100 גרם,false,1,6.90,1.62,true,1,
7290016106671,false,נתחי טונה בשמן 140 גרם,,IL,טונה בשמן,גרמים,140.00,100 גרם,false,1,4.90,3.50,true,1,
7290016106688,false,נתחי טונה במים 140 גרם,,IL,טונה במים,גרמים,140.00,100 גרם,false,1,4.90,3.50,true,1,
7290016106701,false,חמאת בוטנים קלאסית 510 ג,.,IL,חמאת בוטנים קלאס,גרמים,510.00,100 גרם,false,1,9.90,1.94,true,1,
7290016106718,false,חמאת בוטנים+שברי בוטנים,.,IL,ח.בוטנים+שברי בו,גרמים,510.00,100 גרם,false,1,9.90,1.94,true,1,
7290016197488,false,מטלית למשטחים 3יח,INC UFO,CN,מטלית למשטחים,יחידה,1.00,יחידה,false,1,9.90,9.90,true,1,
7290016197495,false,מטליות מקרופייבר רצפה2יח,INC UFO,CN,מטלית לרצפה 2יח,יחידה,1.00,יחידה,false,1,12.90,12.90,true,1,
7290016197617,false,דיפנד תחבושות  אקסטרה10י,קימברלי קלארק,VN,תחבושות דיפנד,יחידה,1.00,יחידה,false,1,18.90,18.90,true,1,
7290016217643,false,חמוצים סיני אסלי 400 גרם,סלטי שמיר,IL,חמוצים סיני,גרמים,400.00,100 גרם,false,1,10.90,2.73,true,1,
7290016217742,false,חציל בטחינה 200 גר',,IL,חציל בטחינה 200,גרמים,200.00,100 גרם,false,1,10.90,5.45,true,1,
7290016217759,false,חציל מרוקאי 200 גר',סלטי שמיר,IL,חציל מרוקאי 200,גרמים,200.00,100 גרם,false,1,10.90,5.45,true,1,
7290016246018,false,חלבה מיקס פינוקיות20*10ג,"רושדי תעשיות מזון בע""\מ",IL,חלבה בארכה מיקס,גרמים,200.00,100 גרם,false,1,12.90,6.45,true,1,
7290016255300,false,ג'ל רחצה לגבר ספורט נובו,,IL,ג'ל רחצה לגבר ספ,מיליליטרים,700.00,"100 מ""ל",false,1,8.90,1.27,true,1,
7290016304404,false,לחם כוסמין 600 גרם,מאפיית דוידוביץ ובניו בע,IL,לחם כוסמין,גרמים,600.00,100 גרם,false,1,11.90,1.98,true,1,
7290016304596,false,לחמניות לסנדביץ' 10 יח,מאפיית דוידוביץ,IL,לחמניות לסנדביץ',גרמים,750.00,100 גרם,false,1,9.90,1.32,true,1,
7290016304640,false,לחמניות כוסמין 60*6 גרם,מאפיית דוידוביץ,IL,6 לחמניות כוסמין,גרמים,360.00,100 גרם,false,1,9.80,2.72,true,1,
7290016308501,false,זוג מלחיה נשנושים יח,WWP,IL,זוג מלחיה נשנושי,יחידה,1.00,יחידה,false,1,5.90,5.90,true,1,
7290016313000,false,קוגל אטריות 650גרם,,IL,קוגל אטריות,גרמים,650.00,100 גרם,false,1,12.90,1.98,true,1,
7290016313017,false,"קוגל תפו""א 650גרם",,IL,"קוגל תפו""א 650 ג",גרמים,650.00,100 גרם,false,1,12.90,1.98,true,1,
7290016313055,false,קוגל אטריות משולש 650 גר,,IL,קוגל אטריות משול,גרמים,650.00,100 גרם,false,1,12.90,1.98,true,1,
7290016313925,false,רוגלך 500 גרם,"ד.מ.בע""מ",IL,רוגלך,גרמים,500.00,100 גרם,false,1,13.90,2.78,true,1,
7290016313949,false,גבניות 500 גרם,"ד.מ.בע""מ",IL,גבניות 500 גרם,גרמים,500.00,100 גרם,false,1,16.90,3.38,true,1,
7290016319187,false,עוג.סנדוויץ שוקו ללתס300,אפיפית,IL,עוגיות סנדוויץ,גרמים,300.00,100 גרם,false,1,14.90,4.97,true,1,
7290016319194,false,"עוג.סנדויץ ללת""ס וניל300",אפיפית,IL,עוגיות סנדוויץ,גרמים,300.00,100 גרם,false,1,14.90,4.97,true,1,
7290016320343,false,דאק לאסלה לבנדר 750*2 מל,אס. סי. ג'\ונסון מידרכט,NL,דאק לאסלה זוג,ליטרים,1.50,ליטר,false,1,16.90,11.27,true,1,
7290016329261,false,"מתיר קשרים  סרקל 300 מ""ל",פישר מעבדות פרמצבטיות בע,IL,סרקל מתיר קשרים,מיליליטרים,300.00,"100 מ""ל",false,1,26.90,8.97,true,1,
7290016329278,false,מגבונים לתינוק קמיל בלו,פישר מעבדות פרמצבטיות בע,IL,מגבונים קמיל בלו,יחידה,1.00,יחידה,false,1,14.90,14.90,true,1,
7290016329315,false,סרקל מתיר קשרים תלתל300,פישר מעבדות פרמצבטיות בע,IL,סרקל מתיר קשרים,מיליליטרים,300.00,"100 מ""ל",false,1,26.90,8.97,true,1,
7290016361179,false,קרם ידיים שמן ארגן מרוקא,,IL,קרם ידיים שמן,יחידה,1.00,יחידה,false,1,7.90,7.90,true,1,
7290016370331,false,פלפל קלוי על האש 540 גרם,,IL,פלפל קלוי על האש,גרמים,540.00,100 גרם,false,1,9.90,1.83,true,1,
7290016370348,false,חציל קלוי על האש 530גרם,,IL,חציל קלוי על האש,גרמים,530.00,100 גרם,false,1,9.90,1.87,true,1,
7290016370355,false,פרוסות מלפפונים,,,פרוסות מלפפונים,יחידה,1.00,יחידה,false,0,3.90,3.90,true,1,
7290016372335,false,עגבניות חתוכות קוביות400,ויסוצקי,IL,עגבניות חתוכות,גרמים,400.00,100 גרם,false,1,4.90,1.23,true,1,
7290016372342,false,עגבנ.חתוכות קוביות400*3ג,גרנד איטליה,IT,עגבניות חתוכ3.יח,קילוגרמים,1.20,"ק""ג",false,1,12.90,10.75,true,1,
7290016372458,false,חליטת לימונית לואיזה50שק,ויסוצקי,IL,חליטת לימונית,גרמים,75.00,100 גרם,false,1,23.90,31.87,true,1,
7290016372489,false,חליטת ג'ינג'ר ולימון 20ש,ויסוצקי,IL,חליטת ג'ינג'ר,גרמים,37.00,100 גרם,false,1,12.90,34.86,true,1,
7290016372496,false,חליטת ג'ינג'ר ודבש 20שק',ויסוצקי,IL,חליטת ג'ינג'ר,גרמים,30.00,100 גרם,false,1,12.90,43.00,true,1,
7290016373479,false,"צלחות ח""פ לבנות 66 יח'",,TR,"צלחות ח""פ 66יח",יחידה,1.00,יחידה,false,1,26.90,26.90,true,1,
7290016373639,false,פסים חמוצים תפוח 180 גרם,קרבאן,TR,פסים חמוצים180גר,גרמים,180.00,100 גרם,false,1,7.90,4.39,true,1,
7290016373646,false,פסים חמוצים פטל 180 גרם,קרבאן,TR,פסים חמוצים,גרמים,180.00,100 גרם,false,1,7.90,4.39,true,1,
7290016373653,false,פסים חמוצים תות180 גר,קרבאן,TR,פסים חמוצים,גרמים,180.00,100 גרם,false,1,7.90,4.39,true,1,
7290016373691,false,מקלות חמוצים תפוח 20 גרם,,IL,מקלות חמוצים תפו,גרמים,20.00,100 גרם,false,1,1.50,7.50,true,1,
7290016373707,false,מקלות חמוצים אפרסק 20גר,,IL,מקלות חמוצים אפר,גרמים,20.00,100 גרם,false,1,1.50,7.50,true,1,
7290016373721,false,פסים חמוצים תות180 גר,קרבאן,TR,פסים חמוצים,גרמים,180.00,100 גרם,false,1,7.90,4.39,true,1,
7290016373738,false,פסים חמוצים תותי פרוטי,קרבאן,TR,פסים חמוצים180גר,גרמים,180.00,100 גרם,false,1,7.90,4.39,true,1,
7290016373745,false,טופי 3 שכבות טעם פירות,פסין.אס.איי.,BR,טופי שכבות,גרמים,500.00,100 גרם,false,1,19.90,3.98,true,1,
7290016373752,false,טופי 3 שכבות טעם תות 500,פסין.אס.איי.,BR,טופי שכבות,גרמים,500.00,100 גרם,false,1,19.90,3.98,true,1,
7290016373769,false,טופי שני צבעים טעם פירות,פסין.אס.איי.,BR,טופי שני צבעים,גרמים,500.00,100 גרם,false,1,19.90,3.98,true,1,
7290016373776,false,טופי ממולא פירות טרופיים,פסין.אס.איי.,BR,טופי ממולא,גרמים,500.00,100 גרם,false,1,16.90,3.38,true,1,
7290016373783,false,טופי ממולא פירות חמוצים,פסין.אס.איי.,BR,טופי ממולא,גרמים,500.00,100 גרם,false,1,16.90,3.38,true,1,
7290016373790,false,טופי ממולא בטעם תות 500,פסין.אס.איי.,BR,טופי ממולא,גרמים,500.00,100 גרם,false,1,16.90,3.38,true,1,
7290016373806,false,לקקנים ממולאים טופי 504,פסין.אס.איי.,BR,לקקנים,גרמים,504.00,100 גרם,false,1,16.90,3.35,true,1,
7290016373820,false,לקקנים צובעי פה 500גרם,פסין.אס.איי.,BR,לקקנים,גרמים,500.00,100 גרם,false,1,16.90,3.38,true,1,
7290016387339,false,2 מטליות ג'מבו לרצפה .,,IL,2מטליות ג'מבו,יחידה,1.00,יחידה,false,1,12.90,12.90,true,1,
7290016387483,false,3 כריות יפניות שייני,,IL,3 כריות יפניות,יחידה,1.00,יחידה,false,1,4.90,4.90,true,1,
7290016387674,false,ספוגיות קרצוף שייני,,IL,ספוגיות קרצוף,יחידה,1.00,יחידה,false,1,5.90,5.90,true,1,
7290016387681,false,דלי 10 ל שחור 1 יח,מ.א,IL,דלי 10 ל שחור,יחידה,1.00,יחידה,false,1,6.50,6.50,true,1,
7290016387698,false,3 כריות יפניות עדינות שי,,IL,3 כריות יפניות ע,יחידה,1.00,יחידה,false,1,4.90,4.90,true,1,
7290016387841,false,אטבי כביסה איכותיים 50 י,מ.א,IL,אטבי כביסה איכות,יחידה,1.00,יחידה,false,1,9.90,9.90,true,1,
7290016387995,false,פח שובך שחור 50 ל,,IL,פח שובך שחור 50,יחידה,1.00,יחידה,false,1,56.90,56.90,true,1,
7290016408119,false,כעכים בטעם קלאסי 225 גרם,אפוליה פוד,IL,כעכים בטעם קלאסי,גרמים,225.00,100 גרם,false,1,5.90,2.62,true,1,
7290016408133,false,כעכים בטעם בצל וזיתים225,אפוליה פוד,IL,כעכים בטעם בצל,גרמים,225.00,100 גרם,false,1,5.90,2.62,true,1,
7290016408140,false,כעכים בטעם פיצה 225 גרם,אפוליה פוד,IL,כעכים בטעם פיצה,גרמים,225.00,100 גרם,false,1,5.90,2.62,true,1,
7290016408157,false,כעכים עם קמח מלא 225 גרם,אפוליה פוד,IL,כעכים קמח מלא,גרמים,225.00,100 גרם,false,1,5.90,2.62,true,1,
7290016408164,false,כעכים בטעם שום וצ'ילי225,אפוליה פוד,IL,כעכים בטעם שום,גרמים,225.00,100 גרם,false,1,5.90,2.62,true,1,
7290016408294,false,מרשמלו ורוד לבן 150 גרם,"כרמית מזון בע""\מ",IL,מרשמלו ורוד לבן,גרמים,150.00,100 גרם,false,1,4.90,3.27,true,1,
7290016408393,false,קרקר עם שומשום .,דנוויטה ג'\יי. אס. סי,LT,קרקר עם שומשום,יחידה,1.00,יחידה,false,1,5.90,5.90,true,1,
7290016408416,false,קרקר צ'ילי פיקנטי.,דנוויטה ג'\יי. אס. סי,LT,קרקר צ'ילי פיקנט,יחידה,1.00,יחידה,false,1,5.90,5.90,true,1,
7290016408423,false,קרקר זיתים שחורים ושום .,,LT,קרקר זיתים ושום,יחידה,1.00,יחידה,false,1,5.90,5.90,true,1,
7290016408430,false,קרקר עם תבלינים.,דנוויטה ג'\יי. אס. סי,LT,קרקר עם תבלינים,יחידה,1.00,יחידה,false,1,5.90,5.90,true,1,
7290016408447,false,קרקר עם עגבניות ובזיליקו,דנוויטה ג'\יי. אס. סי,LT,קרקר עגבניות ובז,יחידה,1.00,יחידה,false,1,5.90,5.90,true,1,
7290016408720,false,מיקס בייגלה מצופה חלב 55,כרמית תעשיות ממתקים בעמ,IL,מיקס בייגלה,גרמים,55.00,100 גרם,false,1,3.90,7.09,true,1,
7290016408744,false,מרשמלו טוויסטר 150 גרם,"כרמית תעשיות ממתקים בע""\",IL,מרשמלו טוויסטר,גרמים,150.00,100 גרם,false,1,4.90,3.27,true,1,
7290016408980,false,מטבעות שוקולד 36 גר',כרמית,IL,מטבעות שוקולד36ג,גרמים,36.00,100 גרם,false,1,3.90,10.83,true,1,
7290016411188,false,פרחי ברוקלי מוקפאים 600ג,י.ש. ירקות עליים,IL,ברוקולי 600 גרם,גרמים,600.00,100 גרם,false,1,25.90,4.32,true,1,
7290016420012,false,רוזמרי טראפלס מא,,,רוזמרי טראפלס מא,יחידה,1.00,יחידה,false,0,26.00,26.00,true,1,
7290016420029,false,ויניס קראנצ' מאר,,,ויניס קראנצ' מאר,יחידה,1.00,יחידה,false,0,26.00,26.00,true,1,
7290016420036,false,פינאטס טראפלס מא,,,פינאטס טראפלס מא,יחידה,1.00,יחידה,false,0,26.00,26.00,true,1,
7290016420043,false,קפוצ'ינו טראפלס,,,קפוצ'ינו טראפלס,יחידה,1.00,יחידה,false,0,26.00,26.00,true,1,
7290016420074,false,בארק שוקולד מארז,,,בארק שוקולד מארז,יחידה,1.00,יחידה,false,0,26.00,26.00,true,1,
7290016420890,false,פרלינים מארז זהב 5 יח' .,,IL,פרלינים מארז זהב,יחידה,1.00,יחידה,false,1,29.00,29.00,true,1,
7290016420913,false,פרלינים מארז זהב 9 יח' .,,IL,פרלינים מארז זהב,יחידה,1.00,יחידה,false,1,47.00,47.00,true,1,
7290016420951,false,פרלינים מארז זהב,,,פרלינים מארז זהב,יחידה,1.00,יחידה,false,0,25.00,25.00,true,1,
7290016420968,false,פרלינים מארז זהב,,,פרלינים מארז זהב,יחידה,1.00,יחידה,false,0,32.00,32.00,true,1,
7290016420982,false,ויניס קראנצ' מארז זהב5יח,,IL,ויניס קראנצ' זהב,יחידה,1.00,יחידה,false,1,34.00,34.00,true,1,
7290016437591,false,תחתונים סופגיםM קוטקס8יח,חוגלה קימברלי,KR,תחתונים סופגים,יחידה,1.00,יחידה,false,0,29.90,29.90,true,1,
7290016437621,false,36האגיס פרידום פנטס שלב4,---,CZ,חיתולי האגיס,יחידה,1.00,יחידה,false,1,44.90,44.90,true,1,
7290016509342,false,סבון אסלה כחול אקטיב50*3,הנקל,HU,סבון אסלה 3 יח,גרמים,150.00,100 גרם,false,1,12.90,8.60,true,1,
7290016509786,false,ג'ל כביסה פרסיל 2.5 ליטר,"הנקל סוד בע""\מ",IL,ג'ל כביסה פרסיל,ליטרים,2.50,ליטר,false,1,34.50,13.80,true,1,
7290016509793,false,ג'ל כביסה פרסיל 4 ליטר,"הנקל סוד בע""\מ",IL,ג'ל כביסה פרסיל,ליטרים,4.00,ליטר,false,1,29.90,7.48,true,1,
7290016509809,false,ג'ל כב.פרסיל קולור 2.5 ל,"הנקל סוד בע""\מ",IL,ג'ל כביסה פרסיל,ליטרים,2.50,ליטר,false,1,34.50,13.80,true,1,
7290016509816,false,ג'ל כביסה פרסיל קולור 4ל,"הנקל סוד בע""\מ",IL,ג'ל פרסיל קולור,ליטרים,4.00,ליטר,false,1,29.90,7.48,true,1,
7290016509847,false,פרסיל ג'ל בלאק 2.5 ליטר,"הנקל סוד בע""\מ",IL,פרסיל ג'ל בלאק,ליטרים,2.50,ליטר,false,1,34.50,13.80,true,1,
7290016510102,false,מרכך הוואי מי קוקוס700מל,טרופיקל דגיל בעמ,IL,מרכך הוואי,מיליליטרים,700.00,"100 מ""ל",false,1,7.90,1.13,true,1,
7290016510232,false,תחליב רחצ.הוואי קוקוס700,טרופיקל דגיל בעמ,IL,תחליב רחצה הוואי,מיליליטרים,700.00,"100 מ""ל",false,1,7.90,1.13,true,1,
7290016510263,false,תח.רח.הוואי רגע יוקר700מ,טרופיקל דגיל בעמ,IL,תחליב רחצה הוואי,מיליליטרים,700.00,"100 מ""ל",false,1,7.90,1.13,true,1,
7290016510324,false,תחליב רח.הוואי לגבר700מל,טרופיקל דגיל בעמ,IL,תחליב רחצה הוואי,מיליליטרים,700.00,"100 מ""ל",false,1,7.90,1.13,true,1,
7290016510768,false,תחליב רח.הוואי יוגורט700,טרופיקל דגיל בעמ,IL,תחליב רחצה הוואי,מיליליטרים,700.00,"100 מ""ל",false,1,7.90,1.13,true,1,
7290016510775,false,קרם רחצה הוואי שמימיי700,טרופיקל דגיל בעמ,IL,קרם רחצה הוואי,מיליליטרים,700.00,"100 מ""ל",false,1,7.90,1.13,true,1,
7290016510904,false,מרכך הוואי פרחי דובדב700,טרופיקל דגיל,IL,מרכך הוואי,מיליליטרים,700.00,"100 מ""ל",false,1,7.90,1.13,true,1,
7290016517088,false,שקדי מרק 400 גרם,,IL,שקדי מרק,גרמים,400.00,100 גרם,false,1,7.90,1.98,true,1,
7290016517286,false,ספגטי חיטה מלאה .,,IL,ספגטי חיטה מלאה,יחידה,1.00,יחידה,false,1,3.90,3.90,true,1,
7290016517293,false,פסטה מסולסלת חיטה מלאה .,,IL,פסטה חיטה מלאה,יחידה,1.00,יחידה,false,1,3.90,3.90,true,1,
7290016517385,false,קוסקוס מלא בינוני שדות,,IL,קוסקוס מלא בינונ,גרמים,350.00,100 גרם,false,1,4.50,1.29,true,1,
7290016517408,false,קמח חיטה 80%,,,קמח חיטה 80%,יחידה,1.00,יחידה,false,0,5.90,5.90,true,1,
7290016517415,false,קמח חיטה 100%,,,קמח חיטה 100%,יחידה,1.00,יחידה,false,0,5.90,5.90,true,1,
7290016517422,false,"קמח כוסמין 80% 1 ק""ג",,IL,קמח כוסמין 80%,גרמים,1000.00,100 גרם,false,1,11.90,1.19,true,1,
7290016517439,false,קמח כוסמין מנופה 100% 1,,IL,קמח כוסמין 100%,גרמים,1000.00,100 גרם,false,1,11.90,1.19,true,1,
7290016517446,false,קמח כוסמין לבן מנופה שדו,,IL,קמח כוסמין לבן מ,גרמים,1000.00,100 גרם,false,1,11.90,1.19,true,1,
7290016517453,false,קמח לבן מנופה1קי,,,קמח לבן מנופה1קי,יחידה,1.00,יחידה,false,0,5.90,5.90,true,1,
7290016517484,false,פטריות חתיכות של,,,פטריות חתיכות של,יחידה,1.00,יחידה,false,0,12.90,12.90,true,1,
7290016517538,false,תירס גמדי 410 גר',,IL,תירס גמדי 410 גר,יחידה,1.00,יחידה,false,1,6.90,6.90,true,1,
7290016517583,false,פסטה פנה חיטה מלאה .,,IL,פסטה פנה,גרמים,500.00,100 גרם,false,1,3.90,0.78,true,1,
7290016517712,false,עגבניות חתוכות ד,,,עגבניות חתוכות ד,יחידה,1.00,יחידה,false,0,12.90,12.90,true,1,
7290016517736,false,עגבניות מרוסקות אחים אגא,,IL,עגבניות מרוסקות,גרמים,400.00,100 גרם,false,1,4.50,1.13,true,1,
7290016517743,false,עגבניות מרוסקות,,,עגבניות מרוסקות,יחידה,1.00,יחידה,false,0,12.90,12.90,true,1,
7290016601527,false,"מבשם כביסה ולבית 500 מ""ל",סאסאטק,IL,מבשם כביסה ולבית,מיליליטרים,500.00,"100 מ""ל",false,1,29.90,5.98,true,1,
7290016606164,false,פריגורט תות אורגני 500 ג,חוות גבעות עולם,IL,פריגורט תות,גרמים,500.00,100 גרם,false,1,11.90,2.38,true,1,
7290016606171,false,פריגורט עיזים פ.יער 500ג,חוות גבעות עולם,IL,פריגורט עיזים,גרמים,500.00,100 גרם,false,1,11.90,2.38,true,1,
7290016606188,false,פריגורט עיזים פסיפלור500,חוות גבעות עולם,IL,פריגורט עיזים,גרמים,500.00,100 גרם,false,1,11.90,2.38,true,1,
7290016606218,false,פריגורט עיזים דובדבן500ג,חוות גבעות עולם,IL,פריגורט דובדבן,גרמים,500.00,100 גרם,false,1,11.90,2.38,true,1,
7290016606522,false,יוגורט טבעי חלב עיזים850,לולי חוות גבעות עולם,IL,יוגורט חלב עיזים,גרמים,850.00,100 גרם,false,1,19.90,2.34,true,1,
7290016621341,false,אל סבון צהוב קמיל 1ליטר,פישר מעבדות פרמצבטיות בע,IL,אל סבון קמיל,ליטרים,1.00,ליטר,false,1,10.90,10.90,true,1,
7290016624434,false,צלחת מרק מסיבה 10 יחידות,WWP,CN,צלחת מרק מסיבה,יחידה,1.00,יחידה,false,1,7.90,7.90,true,1,
7290016624496,false,קערה פרח יח,,IL,קערה פרח,יחידה,1.00,יחידה,false,1,7.90,7.90,true,1,
7290016624595,false,צלחת 7 רטרו קרם 10יחידות,WWP,IL,צלחת 7 רטרו קרם,יחידה,1.00,יחידה,false,1,12.90,12.90,true,1,
7290016682038,false,מיץ תפוזים100% סחוט 400מ,---,IL,מיץ תפוזים סחוט,מיליליטרים,400.00,"100 מ""ל",false,1,6.90,1.73,true,1,
7290016682083,false,"שייק תות בננה משק""ל 400מ",פריניב,IL,שייק תות בננה,מיליליטרים,400.00,"100 מ""ל",false,1,6.90,1.73,true,1,
7290016682168,false,מיץ תפוז.סחוט ולניסה400מ,---,IL,מיץ תפוזים סחוט,מיליליטרים,400.00,"100 מ""ל",false,1,6.90,1.73,true,1,
7290016682182,false,שייק תמר בננ.פחות סוכרל1,פריניב בעמ,IL,שייק תמר בננה,מיליליטרים,1000.00,"100 מ""ל",false,1,12.90,1.29,true,1,
7290016682199,false,שייק תות בננ.פחות סוכר1ל,פריניב בעמ,IL,שייק תות בננה,מיליליטרים,1000.00,"100 מ""ל",false,1,12.90,1.29,true,1,
7290016682328,false,מיץ תפוזים טבעי 2 ליטר,פרי ניב,IL,מיץ תפוזים טבעי,ליטרים,2.00,ליטר,false,1,17.90,8.95,true,1,
7290016682335,false,מיץ תפוזים סחוט 2 ליטר,---,IL,מיץ תפוזים סחוט,ליטרים,2.00,ליטר,false,0,15.90,7.95,true,1,
7290016682342,false,מיץ תפוזים סחוט ולנסיה2ל,---,IL,מיץ תפוזים סחוט,ליטרים,2.00,ליטר,false,0,22.90,11.45,true,1,
7290016711066,false,שימורי תירס גמדי במלח מע,.,IL,תירס גמדי משומר,גרמים,400.00,100 גרם,false,1,7.50,1.88,true,1,
7290016711127,false,חומץ טבעי אמיתי מעולה קש,,IL,חומץ טבעי אמיתי,יחידה,1.00,יחידה,false,1,4.90,4.90,true,1,
7290016711158,false,"ממרח קרם עוגיות ""מעולה""",,IL,ממרח קרם עוגיות,גרמים,500.00,100 גרם,false,1,12.90,2.58,true,1,
7290016711240,false,רוטב טריאקי 560 גרם,,IL,רוטב טריאקי 560,יחידה,1.00,יחידה,false,1,9.90,9.90,true,1,
7290016711479,false,"מנגו בד""צ יחי'",,IL,"מנגו בד""צ",יחידה,1.00,יחידה,false,1,6.90,6.90,true,1,
7290016711509,false,טופי חגיגה מעולה 800 ג',,IL,טופי חגיגה מעולה,גרמים,800.00,100 גרם,false,1,11.90,1.49,true,1,
7290016711653,false,טונה בהירה בשמן זית מעול,,IL,טונה בשמן זית,יחידה,1.00,יחידה,false,1,28.90,28.90,true,1,
7290016711776,false,וופלים שוקולד מארז מעולה,,IL,וופלים שוקולד מא,יחידה,1.00,יחידה,false,1,15.90,15.90,true,1,
7290016711783,false,מארז וופל מצופה מעולה,,IL,.מארז וופל מצופה,יחידה,1.00,יחידה,false,1,15.90,15.90,true,1,
7290016711844,false,"רוטב ויניגרט 500 גר' ""מע",,IL,רוטב ויניגרט 500,גרמים,500.00,100 גרם,false,1,9.90,1.98,true,1,
7290016711851,false,"רוטב אלף האיים 500 גר' """,,IL,רוטב אלף האיים,גרמים,500.00,100 גרם,false,1,9.90,1.98,true,1,
7290016711868,false,"רוטב צילי מתוק 590 גר' """,,IL,רוטב צילי מתוק,גרמים,590.00,100 גרם,false,1,9.90,1.68,true,1,
7290016711875,false,"רוטב ברביקיו 560 גר' ""מע",,IL,רוטב ברביקיו 560,גרמים,560.00,100 גרם,false,1,9.90,1.77,true,1,
7290016711882,false,"רוטב סויה 550 גר' ""מעולה",,IL,רוטב סויה 550 גר,גרמים,550.00,100 גרם,false,1,9.90,1.80,true,1,
7290016711974,false,קורנפלקס מעולה 500 גרם,,IL,קורנפלקס מעולה,גרמים,500.00,100 גרם,false,1,10.90,2.18,true,1,
7290016717044,false,"באזז מנגו 750 מ""ל",יקבי כרמל,IL,"באזז מנגו 750מ""ל",מיליליטרים,750.00,"100 מ""ל",false,1,23.90,3.19,true,1,
7290016717051,false,"רימון מבעבע באזז 750 מ""ל",יקבי כרמל,IL,רימון באזז,מיליליטרים,750.00,"100 מ""ל",false,1,23.90,3.19,true,1,
7290016717099,false,אדום חצי יבש סלקטד 750 מ,יקבי כרמל,IL,אדום חצי יבש,מיליליטרים,750.00,"100 מ""ל",false,1,28.90,3.85,true,1,
7290016717235,false,"יין קונקורד 187 מ""ל",יקבי כרמל,IL,יין קונקורד,מיליליטרים,187.00,"100 מ""ל",false,1,7.90,4.22,true,1,
7290016717617,false,תירוש כרמל אדום 1.2 ליטר,יקבי כרמל,IL,מיץ ענבים תירוש,ליטרים,1.20,ליטר,false,1,18.90,15.75,true,1,
7290016717631,false,"מוסקטו P.C 750 מ""ל",אגודת הכורמים הקואופרטיב,IL,מוסקטו P.C,מיליליטרים,750.00,"100 מ""ל",false,1,37.50,5.00,true,1,
7290016717754,false,"יין ישן נושן 750 מ""ל",אגודת הכורמים הקואופרטיב,IL,יין ישן נושן,מיליליטרים,750.00,"100 מ""ל",false,1,21.90,2.92,true,1,
7290016717976,false,"אפרסק מבעבע באזז 750 מ""ל",---,IL,ספארקלינג אפרסק,מיליליטרים,750.00,"100 מ""ל",false,1,23.90,3.19,true,1,
7290016749236,false,סוכריות גלי בטעמ,,,סוכריות גלי בטעמ,יחידה,1.00,יחידה,false,0,13.90,13.90,true,1,
7290016749519,false,חמאת בוטנים טבעי מעולה 5,,IL,חמאת בוטנים טבעי,גרמים,510.00,100 גרם,false,1,9.90,1.94,true,1,
7290016749663,false,טופי ממולא פירות קשת גיב,,IL,טופי ממולא פירות,גרמים,600.00,100 גרם,false,1,13.90,2.32,true,1,
7290016749953,false,תה נענע 1.5*25 גרם,,IL,תה פירות יער,יחידה,1.00,יחידה,false,1,9.90,9.90,true,1,
7290016749960,false,תה חליטת לימונית,,,תה חליטת לימונית,יחידה,1.00,יחידה,false,0,9.90,9.90,true,1,
7290016749977,false,תה ירוק סיני 1.5*25 גרם,,IL,תה ירוק סיני,יחידה,1.00,יחידה,false,1,12.50,12.50,true,1,
7290016806045,false,טונה רביעיה במים 4 יחידו,,IL,טונה רביעיה בשמן,יחידה,1.00,יחידה,false,1,18.90,18.90,true,1,
7290016806052,false,טונה בשמן,,,טונה בשמן,יחידה,1.00,יחידה,false,0,4.90,4.90,true,1,
7290016806168,false,תירס בוואקום 340 גרם,EKO,HU,תירס בוואקום340ג,גרמים,340.00,100 גרם,false,1,4.90,1.44,true,1,
7290016806175,false,"קרם קוקוס מופחת שומן ""רו",,IL,קרם קוקוס מופחת,מיליליטרים,400.00,"100 מ""ל",false,1,5.90,1.48,true,1,
7290016806243,false,טונה 1 קג אריזות ירושלים,,IL,טונה 1 קג,קילוגרמים,0.00,"ק""ג",false,1,34.90,34.90,true,1,
7290016806458,false,"שמן קוקוס כבישה קרה ""רוי",,IL,שמן קוקוס כבישה,מיליליטרים,500.00,"100 מ""ל",false,1,19.90,3.98,true,1,
7290016806489,false,רביעיית ממרח טונה,,IL,רביעיית ממרח טונ,יחידה,1.00,יחידה,false,1,22.90,22.90,true,1,
7290016806496,false,ממרח טונה בודד,,IL,ממרח טונה בודד,יחידה,1.00,יחידה,false,1,5.90,5.90,true,1,
7290016806656,false,מחית תפוח עץ 100X4 גרם,אגרופוהניקס,GR,מחית תפוח עץ,גרמים,400.00,100 גרם,false,1,12.90,3.23,true,1,
7290016806854,false,טונה בפח 800 ג' אריזות י,,IL,טונה בפח 800 ג',גרמים,800.00,100 גרם,false,1,29.90,3.74,true,1,
7290016866650,false,מש.פרודונטקס אוריגינל75מ,MICLEN DE,SK,משחה פרודונטקס,מיליליטרים,75.00,"100 מ""ל",false,1,19.90,26.53,true,1,
7290016867008,false,לחם מחמצת כוסמין 750 גרם,המאפה של דר' מארק,IL,לחם מחמצת,גרמים,750.00,100 גרם,false,1,16.90,2.25,true,1,
7290016867046,false,פיתות קלות כוסמין 6 יח',,IL,פיתות קלות 6 יח,גרמים,303.00,100 גרם,false,1,14.90,4.92,true,1,
7290016867053,false,לחם קל כוסמין+מחמצת450ג,,IL,לחם קל כוסמין,גרמים,450.00,100 גרם,false,1,18.90,4.20,true,1,
7290016867114,false,לחם קל מכוסמין מלא 500 ג,,IL,לחם קל מכוסמין,גרמים,500.00,100 גרם,false,1,17.90,3.58,true,1,
7290016867138,false,לחמנ.קלות קמח כוסמין66*5,המאפה של דר' מארק,IL,5 לחמניות כוסמין,גרמים,330.00,100 גרם,false,1,11.90,3.61,true,1,
7290016867152,false,פיתות קלות ק.כוסמין66*5ג,המאפה של דר' מארק,IL,פיתות קלות,גרמים,330.00,100 גרם,false,1,13.90,4.21,true,1,
7290016867176,false,לחמ.קלות שומ.כוסמין 351ג,,IL,לחמניות קלות,גרמים,351.00,100 גרם,false,1,13.90,3.96,true,1,
7290016898002,false,זוג סירי אלומיניום גדול,,IL,סיר אלומיניום,יחידה,1.00,יחידה,false,1,8.90,8.90,true,1,
7290016898019,false,זוג סיר אלומיניום בינוני,,IL,סיר אלומיניום,יחידה,1.00,יחידה,false,1,8.90,8.90,true,1,
7290016898026,false,זוג  סירי אלומיניום קטן,,IL,סיר אלומיניום,יחידה,1.00,יחידה,false,1,6.50,6.50,true,1,
7290016898033,false,מכסה לסיר גדול ארוז,,IL,מכסה לסיר גדול,יחידה,1.00,יחידה,false,1,4.90,4.90,true,1,
7290016898040,false,מכסה לסיר בינוני ארוז,,IL,מכסה לסיר בינוני,יחידה,1.00,יחידה,false,1,3.90,3.90,true,1,
7290016898057,false,מכסה לסיר קטן ארוז 2 יח',,IL,מכסה לסיר קטן,יחידה,1.00,יחידה,false,1,2.90,2.90,true,1,
7290016898088,false,מטליות לחות לניקוי רצפות,,IL,מטליות לחות לניק,יחידה,1.00,יחידה,false,1,7.90,7.90,true,1,
7290016898279,false,סלטיות גדולות 10 יח',,IL,סלטיות גדולות,יחידה,1.00,יחידה,false,1,9.90,9.90,true,1,
7290016898286,false,סלטיות גדולות שקוף .,,IL,סלטיות גדולות שק,יחידה,1.00,יחידה,false,1,10.90,10.90,true,1,
7290016898347,false,צלחת 10 מרבל .,,IL,צלחת 10 מרבל .,יחידה,1.00,יחידה,false,1,20.90,20.90,true,1,
7290016898354,false,צלחת 9 מרבל ר.שמאי,,IL,צלחת 9 מרבל,יחידה,1.00,יחידה,false,1,18.90,18.90,true,1,
7290016898361,false,צלחת 7 מרבל ר.שמאי,,IL,צלחת 7 מרבל,יחידה,1.00,יחידה,false,1,13.90,13.90,true,1,
7290016898378,false,מרק מרבל ר.שמאי,,IL,מרק מרבל ר.שמאי,יחידה,1.00,יחידה,false,1,14.90,14.90,true,1,
7290016898385,false,לפתן מרבל ר.שמאי,,,לפתן מרבל ר.שמאי,יחידה,1.00,יחידה,false,0,8.90,8.90,true,1,
7290016898392,false,קסרול מרבל .,,,קסרול מרבל .,יחידה,1.00,יחידה,false,0,9.90,9.90,true,1,
7290016898422,false,מטאטא סינדרלה .,,IL,מטאטא סינדרלה .,יחידה,1.00,יחידה,false,1,5.90,5.90,true,1,
7290016898439,false,מטאטא מליציה איכותי .,,IL,מטאטא מליציה איכ,יחידה,1.00,יחידה,false,1,8.90,8.90,true,1,
7290016898484,false,דלי פיה 12 ליטר .,,IL,דלי פיה 12 ליטר,יחידה,1.00,יחידה,false,1,7.90,7.90,true,1,
7290016898552,false,"מגב פלסטיק 40ס""מ ר.שמאי",,IL,"מגב פלסטיק 40ס""מ",יחידה,1.00,יחידה,false,1,4.90,4.90,true,1,
7290016898583,false,מפיות מוטבעות 15 יח',,IL,מפיות מוטבעות,יחידה,1.00,יחידה,false,1,3.90,3.90,true,1,
7290016898620,false,ספוגית לטש מבריק הקסם3*,,IL,ספוגית לטש,יחידה,1.00,יחידה,false,1,7.90,7.90,true,1,
7290016898729,false,מגב פלסטיק פרימיום ר.שמא,,IL,מגב פלסטיק פרימי,יחידה,1.00,יחידה,false,1,11.90,11.90,true,1,
7290016898736,false,שלישית גפרורים,,,שלישית גפרורים,יחידה,1.00,יחידה,false,0,5.90,5.90,true,1,
7290016898835,false,כפפות ניטריל כחולות .XL,,IL,כפפות כחולות XL,יחידה,1.00,יחידה,false,1,13.90,13.90,true,1,
7290016898842,false,80 מפיות מנוקדות 33X33,,IL,80 מפיות מנוקדות,יחידה,1.00,יחידה,false,1,4.90,4.90,true,1,
7290016898910,false,מקל עץ איכותי 1.5 מטר .,,IL,מקל עץ איכותי .1,יחידה,1.00,יחידה,false,1,5.50,5.50,true,1,
7290016898927,false,מנג'ט לעוגות 1.5 125 יחי,,IL,מנג'ט לעוגות 1.5,יחידה,1.00,יחידה,false,1,3.90,3.90,true,1,
7290016898934,false,מנג'ט לאפיה לבן 125X2 יח,,IL,מנג'ט לאפיה,יחידה,1.00,יחידה,false,1,3.90,3.90,true,1,
7290016898941,false,"מנג'ט לבן כשל""פ 125X3 יח",,IL,מנג'  לבן,יחידה,1.00,יחידה,false,1,4.90,4.90,true,1,
7290016898958,false,"מנג'ט לבן כשל""פ 125X4 יח",,IL,מנג'ט לבן,יחידה,1.00,יחידה,false,1,4.90,4.90,true,1,
7290016898965,false,מנג'ט לבן 125X5 יח,,IL,מנג'ט לבן,יחידה,1.00,יחידה,false,1,5.90,5.90,true,1,
7290016912500,false,תרחיץ פנים אפרטיב רגי180,פישר מעבדות פרמצבטיות בע,IL,תרחיץ פנים,מיליליטרים,180.00,"100 מ""ל",false,1,14.90,8.28,true,1,
7290017023212,false,"שוופס מוגז תפוח 330*4מ""ל",יפאורה תבורי בעמ,IL,שוופס מוגז4פחיות,ליטרים,1.32,ליטר,false,1,10.90,8.26,true,1,
7290017023229,false,שוופס מוגז תות ליים330*4,יפאורה תבורי בעמ,IL,שוופס מוגז4פחיות,ליטרים,1.32,ליטר,false,1,10.90,8.26,true,1,
7290017023236,false,"שוופס מוגז ענבים330*4מ""ל",יפאורה תבורי בעמ,IL,שוופס מוגז4פחיות,ליטרים,1.32,ליטר,false,1,10.90,8.26,true,1,
7290017023809,false,ספרינג תפ.אגס סברס250*4מ,"יפאורה תבורי בע""\מ",IL,ספרינג משקה 4 יח,ליטרים,1.00,ליטר,false,1,10.90,10.90,true,1,
7290017023816,false,ספרינג פירות טרופ250*4.מ,"יפאורה תבורי בע""\מ",IL,ספרינג משקה 4 יח,ליטרים,1.00,ליטר,false,1,10.90,10.90,true,1,
7290017023823,false,ספרינג תות בננה 250*4מל,"יפאורה תבורי בע""\מ",IL,ספרינג משקה 4 יח,ליטרים,1.00,ליטר,false,1,10.90,10.90,true,1,
7290017023854,false,שוופס סודה זכוכית250*4מל,יפאורה תבורי בעמ,IL,שוופס סודה 4 יח,ליטרים,1.00,ליטר,false,1,9.90,9.90,true,1,
7290017023861,false,שוופס סודה לימון250*4מל,יפאורה תבורי בעמ,IL,שוופס סודה 4 יח,ליטרים,1.00,ליטר,false,1,9.90,9.90,true,1,
7290017023878,false,שוופס סודה נענע 250*4מל,יפאורה תבורי בעמ,IL,שוופס סודה 4 יח,ליטרים,1.00,ליטר,false,1,9.90,9.90,true,1,
7290017031705,false,"סנסודיין קלין&פרש 75 מ""ל",MICLEN DE,SK,משחת סנסודיין,מיליליטרים,75.00,"100 מ""ל",false,1,13.90,18.53,true,1,
7290017031859,false,פרודונטקס אולטרה קלין75מ,"מאסטרפוד אוסטריה בע""מ",GB,משחת פרודונטקס,מיליליטרים,75.00,"100 מ""ל",false,1,19.90,26.53,true,1,
7290017062662,false,מרכך ומבשם כביסה טאצ' 1ל,,IL,מרכך ומבשם כביסה,ליטרים,0.00,ליטר,false,1,10.90,10.90,true,1,
7290017062679,false,מרכך ומבשם כביסה טאצ' 1ל,,IL,מרכך ומבשם כביסה,ליטרים,0.00,ליטר,false,1,10.90,10.90,true,1,
7290017062686,false,מרכך ומבשם כביסה טאצ' 1ל,,IL,מרכך ומבשם כביסה,ליטרים,0.00,ליטר,false,1,10.90,10.90,true,1,
7290017062693,false,מרכך ומבשם כביסה טאצ' 1ל,,IL,מרכך ומבשם כביסה,ליטרים,0.00,ליטר,false,1,10.90,10.90,true,1,
7290017062709,false,מרכך ומבשם כביסה טאצ' 1ל,,IL,מרכך ומבשם כביסה,ליטרים,0.00,ליטר,false,1,10.90,10.90,true,1,
7290017062716,false,מרכך ומבשם כביסה טאצ' 1ל,,IL,מרכך ומבשם כביסה,ליטרים,0.00,ליטר,false,1,10.90,10.90,true,1,
7290017062730,false,נ.כלים תפוח 36%טאצ' 750,,IL,נ.כלים תפוח 36%ט,מיליליטרים,750.00,"100 מ""ל",false,1,8.90,1.19,true,1,
7290017062747,false,נ.כלים תפוח 36%טאצ' 750,,IL,נ.כלים תפוח 36%ט,מיליליטרים,750.00,"100 מ""ל",false,1,8.90,1.19,true,1,
7290017062754,false,נ.כלים לימון 36%טאצ' 750,,IL,נ.כלים לימו 36%ט,מיליליטרים,750.00,"100 מ""ל",false,1,8.90,1.19,true,1,
7290017062778,false,נ.כלים מלון 24%טאצ' 750,,IL,נ.כלים מלון24%ט,מיליליטרים,750.00,"100 מ""ל",false,1,7.90,1.05,true,1,
7290017062785,false,נ.כלים ספא 24%טאצ' 750,,IL,נ.כלים ספא24%ט,מיליליטרים,750.00,"100 מ""ל",false,1,7.90,1.05,true,1,
7290017062860,false,קצף ניקוי פלירוסול מילוי,סאסאטק,IL,קצף ניקוי פלירוס,מיליליטרים,500.00,"100 מ""ל",false,1,11.90,2.38,true,1,
7290017062907,false,קצף כלים מילוי תפוח500מל,סאסאטק,IL,קצף כלים מילוי,מיליליטרים,500.00,"100 מ""ל",false,1,11.90,2.38,true,1,
7290017062921,false,קצף כלים מילוי לימון500מ,סאסאטק,IL,קצף כלים מילוי,מיליליטרים,500.00,"100 מ""ל",false,1,11.90,2.38,true,1,
7290017062938,false,מבשם כביסה לבית צהוב 500,סאסאטק,IL,מבשם כביסה ולבית,מיליליטרים,500.00,"100 מ""ל",false,1,29.90,5.98,true,1,
7290017062952,false,מבשם כביסה לבית סגול500מ,סאסאטק,IL,מבשם כביסה ולבית,מיליליטרים,500.00,"100 מ""ל",false,1,29.90,5.98,true,1,
7290017068206,false,צימוקים בהירים 350 גרם,---,IL,צימוקים בהירים,גרמים,350.00,100 גרם,false,1,14.90,4.26,true,1,
7290017068237,false,שזיפים ללא גלעין 350 גרם,מיה,IL,שזיפים ללא גלעין,גרמים,350.00,100 גרם,false,1,14.90,4.26,true,1,
7290017068251,false,אננס מיובש ומסוכר 200 גר,מיה,IL,אננס מיובש מסוכר,גרמים,200.00,100 גרם,false,1,9.90,4.95,true,1,
7290017068275,false,תאנים מיובשות 200 גרם,מיה,IL,תאנים מיובשות,גרמים,200.00,100 גרם,false,1,11.90,5.95,true,1,
7290017068282,false,מנגו מיובש ומסוכר 200 גר,מיה,IL,מנגו מיובש,גרמים,200.00,100 גרם,false,1,14.90,7.45,true,1,
7290017068329,false,"רצועות קוקוס לל""ס 150גרם",מיה,IL,רצועות קוקוס,גרמים,150.00,100 גרם,false,1,19.90,13.27,true,1,
7290017068343,false,חמוציות מיובשות 150 גרם,מיה,IL,חמוציות חתוכות,גרמים,150.00,100 גרם,false,1,14.90,9.93,true,1,
7290017068350,false,עדשים שחורות 500 גרם מיה,---,IL,עדשים שחורות 500,גרמים,500.00,100 גרם,false,1,5.90,1.18,true,1,
7290017068367,false,שמרים בואקום 125 גרם,---,CN,שמרים 125 גרם,גרמים,125.00,100 גרם,false,1,3.90,3.12,true,1,
7290017068374,false,שמרים בוואקום 500 גרם,---,CN,שמרים 500 גרם,גרמים,500.00,100 גרם,false,1,9.90,1.98,true,1,
7290017068398,false,ריבת תות 370 גרם,---,BG,ריבת תות,גרמים,370.00,100 גרם,false,1,6.90,1.86,true,1,
7290017068404,false,ריבת מיקס פירות 370 גרם,---,BG,ריבת מיקס,גרמים,370.00,100 גרם,false,1,6.90,1.86,true,1,
7290017068411,false,אבקת אפיה מיה 10*10 גרם,מיה,IL,א.אפיה 10יח,גרמים,100.00,100 גרם,false,1,1.90,1.90,true,1,
7290017068763,false,סוכריות ג'לי,---,,סוכריות ג'לי,יחידה,1.00,יחידה,false,0,4.90,4.90,true,1,
7290017068770,false,אגוזי מלך 400 גרם מיה,,IL,אגוזי מלך 400 גר,גרמים,400.00,100 גרם,false,1,24.90,6.23,true,1,
7290017068848,false,סוכריות צבעוניות לקישוט,מיה,IL,סוכריות צבעוניות,גרמים,200.00,100 גרם,false,1,6.90,3.45,true,1,
7290017068855,false,סוכריות שוקולד לקישוט 20,---,IL,סוכריות שוקולד ל,גרמים,200.00,100 גרם,false,1,6.90,3.45,true,1,
7290017068886,false,ג'לי דובונים 350 גרם,---,IL,ג'לי דובונים,גרמים,350.00,100 גרם,false,1,14.90,4.26,true,1,
7290017068893,false,ג'לי דגיגים 350 גרם,---,IL,ג'לי דגיגים,גרמים,350.00,100 גרם,false,1,14.90,4.26,true,1,
7290017068909,false,ג'לי לבבות 350 גרם,---,IL,ג'לי לבבות,גרמים,350.00,100 גרם,false,1,14.90,4.26,true,1,
7290017068916,false,ג'לי טבעות 350 גרם,---,IL,ג'לי טבעות,גרמים,350.00,100 גרם,false,1,14.90,4.26,true,1,
7290017068923,false,ג'לי בינס קרנבל 375 גרם,---,IL,ג'לי בינס קרנבל,גרמים,375.00,100 גרם,false,1,14.90,3.97,true,1,
7290017068930,false,ג'לי בינס חמוצמוץ 375 גר,---,IL,ג'לי בינס חמוצמו,גרמים,375.00,100 גרם,false,1,14.90,3.97,true,1,
7290017068954,false,"אורז בסמטי סלקטד 1 ק""ג",---,IL,אורז בסמטי סלקטד,קילוגרמים,0.00,"ק""ג",false,1,11.90,11.90,true,1,
7290017068978,false,שיבולת שועל להכנה מהירה,---,IL,שיבולת שועל להכנ,יחידה,1.00,יחידה,false,1,9.90,9.90,true,1,
7290017068985,false,שיבולת שועל מלאה עבה בזי,---,IL,שיבולת שועל מלאה,יחידה,1.00,יחידה,false,1,9.90,9.90,true,1,
7290017079189,false,חתיכות אננס במיץ 825 גר',,ID,חתיכות אננס במיץ,גרמים,825.00,100 גרם,false,1,9.90,1.20,true,1,
7290017079332,false,מחיות בייבי לפתן פירות 6,,IL,מחיות בייבי,יחידה,1.00,יחידה,false,1,22.90,22.90,true,1,
7290017079349,false,מחיות בייבי פירות טרופים,,IL,מחיות בייבי,יחידה,1.00,יחידה,false,1,22.90,22.90,true,1,
7290017079356,false,קשיות משפחתי 100 יחידות,,CN,קשיות משפחתי,יחידה,1.00,יחידה,false,1,15.90,15.90,true,1,
7290017079608,false,קוביות עגבניות,,,קוביות עגבניות,יחידה,1.00,יחידה,false,0,4.90,4.90,true,1,
7290017079615,false,עגבניות קוביות טעמן *3,ביו ברדה אס אר אל,IT,עגבניות קוביות,קילוגרמים,1.20,"ק""ג",false,1,14.90,12.42,true,1,
7290017079639,false,עגבניות קצוצות טעמן 40*3,ביו ברדה אס אר אל,IT,עגבניות קצוצות ט,קילוגרמים,1.20,"ק""ג",false,1,14.90,12.42,true,1,
7290017079653,false,טונה בשמן טעמן,,IL,טונה בשמן,גרמים,960.00,100 גרם,false,1,32.90,3.43,true,1,
7290017079677,false,שוקולד חלב 270 גרם,מילאנו ספולקה,PL,שוקולד חלב,גרמים,270.00,100 גרם,false,1,12.90,4.78,true,1,
7290017079684,false,שוקולד מריר 270 גרם,מילאנו ספולקה,PL,שוקולד מריר,גרמים,270.00,100 גרם,false,1,12.90,4.78,true,1,
7290017079691,false,שוקולד חלב עם אגוזים 270,מילאנו ספולקה,PL,שוקולד חלב,גרמים,270.00,100 גרם,false,1,12.90,4.78,true,1,
7290017079707,false,שוקולד מריר עם אגוזי 270,מילאנו ספולקה,PL,שוקולד מריר,גרמים,270.00,100 גרם,false,1,12.90,4.78,true,1,
7290017079714,false,שוקולד חלב עם בוטנים 270,מילאנו ספולקה,PL,שוקולד חלב,גרמים,270.00,100 גרם,false,1,12.90,4.78,true,1,
7290017079721,false,חמישית שוקולד חל,,,חמישית שוקולד חל,יחידה,1.00,יחידה,false,0,19.90,19.90,true,1,
7290017079738,false,חמישית שוקולד מר,,,חמישית שוקולד מר,יחידה,1.00,יחידה,false,0,19.90,19.90,true,1,
7290017079769,false,"מחית תפו""ע ובננה 120 גרם",פרוטה פודיוין איי.אס,CZ,"מחית תפו""ע ובננה",גרמים,120.00,100 גרם,false,1,4.90,4.08,true,1,
7290017079776,false,מחית סלט פירות 120 גרם,פרוטה פודיוין איי.אס,CZ,מחית סלט פירות,גרמים,120.00,100 גרם,false,1,4.90,4.08,true,1,
7290017079783,false,מחית תפוח עץ 120 גרם,פרוטה פודיוין איי.אס,CZ,מחית תפוח עץ,גרמים,120.00,100 גרם,false,1,4.90,4.08,true,1,
7290017079790,false,מחית פירות מעורבים 120 ג,פרוטה פודיוין איי.אס,CZ,מחית פירות,גרמים,120.00,100 גרם,false,1,4.90,4.08,true,1,
7290017079806,false,שוקולד חלב בודד 100 גרם,,IL,שוקולד חלב בודד,גרמים,100.00,100 גרם,false,1,5.90,5.90,true,1,
7290017079813,false,שוקולד מריר בודד 100 גרם,,IL,שוקולד מריר בודד,גרמים,100.00,100 גרם,false,1,4.90,4.90,true,1,
7290017079950,false,סרדין בשמן קנולה ולימון,,MA,סרדין בשמן קנולה,גרמים,125.00,100 גרם,false,1,6.90,5.52,true,1,
7290017079967,false,סרדינים בשמן קנולה 125גר,,MA,סרדינים 125 גרם,גרמים,125.00,100 גרם,false,1,6.90,5.52,true,1,
7290017079974,false,סרדינים עם פלפל חריף125ג,,MA,סרדינים 125 גרם,גרמים,125.00,100 גרם,false,1,6.90,5.52,true,1,
7290017079998,false,פילה סרדין עם חר,,,פילה סרדין עם חר,יחידה,1.00,יחידה,false,0,10.90,10.90,true,1,
7290017094199,false,סלט קוביות חציל ברוטב .,,IL,סלט קוביות חציל,גרמים,200.00,100 גרם,false,1,10.90,5.45,true,1,
7290017094830,false,סלט גזר פיקנטי 400 גרם,,IL,גזר פיקנטי אסלי,גרמים,400.00,100 גרם,false,1,10.90,2.73,true,1,
7290017094854,false,קולסלאו אסלי 400 גרם,,IL,קולסלאו אסלי,גרמים,400.00,100 גרם,false,1,10.90,2.73,true,1,
7290017094861,false,חומוס מסבחה אסלי 400 גרם,,IL,חומוס אסלי מסבחה,גרמים,400.00,100 גרם,false,1,10.90,2.73,true,1,
7290017100418,false,כפפות לטקס 100 יחידות,DB,TH,כפפות לטקס L,יחידה,1.00,יחידה,false,1,13.90,13.90,true,1,
7290017100425,false,כפפות לטקס 100 יחידות,DB,TH,כפפות לטקס XL,יחידה,1.00,יחידה,false,1,13.90,13.90,true,1,
7290017129501,false,אגו מיקס כ.תירס מצופה55ג,כרמית,IL,אגו מיקס 55 גרם,גרמים,55.00,100 גרם,false,1,3.90,7.09,true,1,
7290017129518,false,אגו מיקס חלב ולבן 55 גרם,כרמית,IL,אגו מיקסים,גרמים,55.00,100 גרם,false,1,3.90,7.09,true,1,
7290017129754,false,שוקולד מריר מעולה 70% בד,"כרמית תעשיות ממתקים בע""\",IL,שוקולד מריר מעול,גרמים,100.00,100 גרם,false,1,7.80,7.80,true,1,
7290017129761,false,שוקולד מריר מעולה %\70 ב,"כרמית תעשיות ממתקים בע""\",IL,אגו שוקולד פרימי,גרמים,100.00,100 גרם,false,1,7.80,7.80,true,1,
7290017129778,false,שוקולד מריר מעולה 70%בטע,"כרמית תעשיות ממתקים בע""\",IL,אגו שוקולד מעולה,גרמים,100.00,100 גרם,false,1,7.80,7.80,true,1,
7290017129822,false,מטבעות שוקולד 36 גר',כרמית,IL,מטבעות שוקולד,יחידה,1.00,יחידה,false,1,3.90,3.90,true,1,
7290017129839,false,שוקולד מריר מעולה 70%בטע,"כרמית תעשיות ממתקים בע""\",IL,אגו שוקולד מריר,גרמים,100.00,100 גרם,false,1,7.80,7.80,true,1,
7290017129846,false,מיני קוקיס בטעם קרמל600ג,כרמית,IL,עוגיות בטעם קרמל,גרמים,600.00,100 גרם,false,1,14.90,2.48,true,1,
7290017129877,false,מיקס לקקנים שטוחים 40 יח,כרמית,TR,מיקס לקקנים,גרמים,300.00,100 גרם,false,1,8.90,2.97,true,1,
7290017129884,false,מארז שוקולד מריר 85*5 גר,"כרמית תעשיות ממתקים בע""\",IL,מארז שוקולד,גרמים,425.00,100 גרם,false,1,14.90,3.51,true,1,
7290017129983,false,שוקוצ'יפס לבן לאפיה250ג,"כרמית תעשיות ממתקים בע""\",IL,שוקוציפס לבן250ג,גרמים,250.00,100 גרם,false,1,8.90,3.56,true,1,
7290017142128,false,שמ.זית כתית מעול.קלאס750,שמן תעשיות בעמ,IT,שמן זית כתית,מיליליטרים,750.00,"100 מ""ל",false,1,29.90,3.99,true,1,
7290017142166,false,פילה טונ.פרוס+שמן זית120,יוניקורד ח.צ בעמ,TH,פילה טונה פרוס,גרמים,120.00,100 גרם,false,1,14.90,12.42,true,1,
7290017142180,false,פילה טונ.פרוס לימ.פלפ120,יוניקורד ח.צ בעמ,TH,פילה טונה פרוס,גרמים,120.00,100 גרם,false,1,14.90,12.42,true,1,
7290017142203,false,פילה טונה פרוס מעושן120ג,יוניקורד ח.צ בעמ,TH,פילה טונה פרוס,גרמים,120.00,100 גרם,false,1,14.90,12.42,true,1,
7290017142289,false,תרסיס שמן חמניות מזוכ200,קומפניה,IT,תרסיס שמן חמניות,מיליליטרים,200.00,"100 מ""ל",false,1,14.90,7.45,true,1,
7290017221915,false,סמטת שילוח אור הגנוז,,IL,סמטת שילוח,יחידה,1.00,יחידה,false,1,125.00,125.00,true,1,
7290017221953,false,סמטת הקרדו בלנד אור הגנ,,IL,סמטת הקרדו בלנד,יחידה,1.00,יחידה,false,1,85.00,85.00,true,1,
7290017221977,false,סמטת חצוצרות אור הגנוז,,IL,סמטת חצוצרות,יחידה,1.00,יחידה,false,1,125.00,125.00,true,1,
7290017232218,false,לחם איטסיין קלאסי 430 גר,---,IL,לחם איטסיין,גרמים,430.00,100 גרם,false,1,24.70,5.74,true,1,
7290017232225,false,לחם איטסיין גלילי 450 גר,---,IL,לחם איטסיין,גרמים,450.00,100 גרם,false,1,24.70,5.49,true,1,
7290017239101,false,סלמון אטלנטי בעישון קר,ARBA,IL,סלמון אטלנטי,גרמים,100.00,100 גרם,false,1,19.90,19.90,true,1,
7290017239187,false,מקרל פרוס בעישון קל 250,ARBA,IL,מקרל פרוס בעישון,גרמים,250.00,100 גרם,false,1,28.90,11.56,true,1,
7290017264219,false,אננס חתוך הדס,,IL,אננס חתוך,גרמים,850.00,100 גרם,false,1,8.90,1.05,true,1,
7290017264516,false,אורז פרסי פרמיום,,,אורז פרסי פרמיום,יחידה,1.00,יחידה,false,0,12.90,12.90,true,1,
7290017264806,false,אורז יסמין פרימיום 'הדס',,IL,אורז יסמין פרימי,קילוגרמים,0.00,"ק""ג",false,1,12.90,12.90,true,1,
7290017264837,false,שעועית לבנה ואקו,,,שעועית לבנה ואקו,יחידה,1.00,יחידה,false,0,12.90,12.90,true,1,
7290017264844,false,אורז פנינה ואקום,,,אורז פנינה ואקום,יחידה,1.00,יחידה,false,0,12.90,12.90,true,1,
7290017264875,false,חומוס ואקום 'הדס,,,חומוס ואקום 'הדס,יחידה,1.00,יחידה,false,0,14.90,14.90,true,1,
7290017264882,false,חיטה ואקום 'הדס',,,חיטה ואקום 'הדס',יחידה,1.00,יחידה,false,0,9.90,9.90,true,1,
7290017264899,false,שעועית אדומה ואק,,,שעועית אדומה ואק,יחידה,1.00,יחידה,false,0,13.90,13.90,true,1,
7290017264905,false,עדשים ירוק ואקום,,,עדשים ירוק ואקום,יחידה,1.00,יחידה,false,0,14.90,14.90,true,1,
7290017264929,false,אפונה ואקום 'הדס,,,אפונה ואקום 'הדס,יחידה,1.00,יחידה,false,0,9.90,9.90,true,1,
7290017266060,false,"וופל קראנצ' שוקו לל""ס",גילרו,IL,"וופל לל""ס",גרמים,175.00,100 גרם,false,1,6.50,3.71,true,1,
7290017266312,false,עלמה וופל AIR שוקו 150 ג,,IL,עלמה וופל AIR,גרמים,150.00,100 גרם,false,1,2.90,1.93,true,1,
7290017266343,false,וופל קרם שוקולד 150 גרם,---,IL,וופל קרם שוקולד,גרמים,150.00,100 גרם,false,1,2.90,1.93,true,1,
7290017266398,false,גלילי וופל למילוי 150 גר,---,IL,גלילי ופל למילוי,גרמים,150.00,100 גרם,false,1,16.90,11.27,true,1,
7290017266527,false,וופל קרם אגוז 150 גרם,גילרו,IL,וופל קרם אגוז,גרמים,150.00,100 גרם,false,1,2.90,1.93,true,1,
7290017266909,false,וופל בטעם שוקולד 200 גרם,גילרו,IL,וופל שוקולד 200ג,גרמים,200.00,100 גרם,false,1,3.90,1.95,true,1,
7290017266916,false,וופל בטעם לימון 200 גרם,גילרו,IL,וופל בטעם לימון,גרמים,200.00,100 גרם,false,1,3.90,1.95,true,1,
7290017275086,false,"עוגיות ללת""ס בטעם תות 35",,IL,"עוגיות ללת""ס תות",גרמים,350.00,100 גרם,false,1,8.90,2.54,true,1,
7290017275130,false,עוגת שמרים אישית פרג 120,,IL,עוגת שמרים אישית,גרמים,120.00,100 גרם,false,1,1.90,1.58,true,1,
7290017275154,false,עוגת שמרים אישית שוקולד,,IL,עוגת שמרים אישית,גרמים,120.00,100 גרם,false,1,1.90,1.58,true,1,
7290017275338,false,טחינה גולמית 500 גרם אחו,,IL,טחינה גולמית500ג,גרמים,500.00,100 גרם,false,1,12.90,2.58,true,1,
7290017275345,false,טחינה בקבוק לחיץ,,IL,טחינה בקבוק לחיץ,גרמים,350.00,100 גרם,false,1,8.90,2.54,true,1,
7290017275369,false,טחינה משומשום מלא 500 ג',,IL,טחינה משומשום,גרמים,500.00,100 גרם,false,1,12.90,2.58,true,1,
7290017275437,false,מיני קצפיות בטעם פרות אח,,IL,מיני קצפיות 140ג,גרמים,140.00,100 גרם,false,1,6.90,4.93,true,1,
7290017275499,false,"סירופ בטעם אננס 900 מ""ל",אחדות,IL,סירופ אננס,מיליליטרים,900.00,"100 מ""ל",false,1,14.90,1.66,true,1,
7290017275505,false,"סירופ בטעם פטל 900 מ""ל",אחדות,IL,סירופ פטל,מיליליטרים,900.00,"100 מ""ל",false,1,14.90,1.66,true,1,
7290017275512,false,חטיפי בננית במגש אחדות,,IL,חטיפי בננית במגש,יחידה,1.00,יחידה,false,1,13.90,13.90,true,1,
7290017275536,false,מאפין ממולא שוקולד 40 גר,,IL,מאפין ממולא שוקו,יחידה,1.00,יחידה,false,1,1.30,1.30,true,1,
7290017275581,false,סוכריות פרי בטעם,,,סוכריות פרי בטעם,יחידה,1.00,יחידה,false,0,9.90,9.90,true,1,
7290017275710,false,חטיפי בננית במגש 12 יח',,IL,חטיפי בננית במגש,יחידה,1.00,יחידה,false,1,9.90,9.90,true,1,
7290017285733,false,סרקל מרכך לילדים 2 ליטר,פישר מעבדות פרמצבטיות בע,IL,סרקל מרכך לילדים,ליטרים,2.00,ליטר,false,1,35.90,17.95,true,1,
7290017285740,false,סרקל שמפו לילדים 1 ליטר,פישר מעבדות פרמצבטיות בע,IL,סרקל שמפו לילדים,ליטרים,1.00,ליטר,false,1,22.90,22.90,true,1,
7290017285757,false,סרקל שמפו+מרכך לילדים 1ל,פישר מעבדות פרמצבטיות בע,IL,סרקל שמפו+מרכך,ליטרים,1.00,ליטר,false,1,22.90,22.90,true,1,
7290017289021,false,יין פטיט סירה LEGACY,טפרברג,IL,יין פטיט סירה,מיליליטרים,750.00,"100 מ""ל",false,1,199.00,26.53,true,1,
7290017289151,false,"ריזלינג מ. יהודה 750 מ""ל",טפרברג,IL,אמרלד ריזלינג,מיליליטרים,750.00,"100 מ""ל",false,1,23.90,3.19,true,1,
7290017289168,false,"ישראלי אדום יבש 750 מ""ל",,IL,ישראלי אדום,מיליליטרים,750.00,"100 מ""ל",false,1,19.90,2.65,true,1,
7290017289175,false,"ישראלי פטיט סירה 750 מ""ל",,IL,ישראלי פתית סירה,מיליליטרים,750.00,"100 מ""ל",false,1,19.90,2.65,true,1,
7290017289182,false,ישראלי לבן חצי יבש 750מל,,IL,לבן חצי יבש,מיליליטרים,750.00,"100 מ""ל",false,1,19.90,2.65,true,1,
7290017289403,false,"יין מלבק אסנס 750 מ""ל",טפרברג,IL,יין מלבק אסנס,מיליליטרים,750.00,"100 מ""ל",false,1,99.90,13.32,true,1,
7290017289410,false,"יין מרלו 2017 750 מ""ל",,IL,יין מרלו 2017,מיליליטרים,750.00,"100 מ""ל",false,1,99.90,13.32,true,1,
7290017289618,false,פטיט סירה אימפרשן 750 מל,---,IL,פטיט סירה,מיליליטרים,750.00,"100 מ""ל",false,1,49.90,6.65,true,1,
7290017289786,false,יין קברנה-מרלו-פטי וורדו,,IL,יין קברנה-מרלו-פ,מיליליטרים,750.00,"100 מ""ל",false,1,69.90,9.32,true,1,
7290017297651,false,רסק עגבניות 22% 240 ג' א,,IL,רסק עגבניות 22%,גרמים,240.00,100 גרם,false,1,2.90,1.21,true,1,
7290017303482,false,מלאווח שחף,,,מלאווח שחף,יחידה,1.00,יחידה,false,0,12.90,12.90,true,1,
7290017374840,false,אטבי כביסה איכותיים שיינ,,IL,אטבים איכותיים,יחידה,1.00,יחידה,false,1,4.90,4.90,true,1,
7290017374949,false,מטהר אוויר מרסס,,IL,מטהר אוויר מרסס,מיליליטרים,300.00,"100 מ""ל",false,1,4.90,1.63,true,1,
7290017412153,false,"שמן קוקוס 400 מ""ל",,IL,"שמן קוקוס 400 מ""",מיליליטרים,400.00,"100 מ""ל",false,1,18.90,4.73,true,1,
7290017440286,false,מרכך קידס ויטמינים 750מל,CHEMIPAL  FISHER (BIO,IL,מרכך קידס,מיליליטרים,750.00,"100 מ""ל",false,1,11.90,1.59,true,1,
7290017440934,false,קמיל בלו קלאסי אל סבון,CHEMIPAL  FISHER (BIO,IL,אל סבון 1 ליטר,ליטרים,1.00,ליטר,false,1,19.90,19.90,true,1,
7290017457574,false,סבון אסלה סוד פרחים50*3ג,---,RS,סבון אסלה 3 יח,גרמים,150.00,100 גרם,false,1,12.90,8.60,true,1,
7290017470009,false,סחבה זוגות איכותי .,,IL,סחבה זוגות איכות,יחידה,1.00,יחידה,false,1,5.50,5.50,true,1,
7290017470061,false,מגב פלסטיק פרימיום ר.שמא,,IL,מגב פלסטיק פרימי,יחידה,1.00,יחידה,false,1,8.90,8.90,true,1,
7290017470085,false,סופר מגבת בגליל .,,IL,סופר מגבת בגליל,יחידה,1.00,יחידה,false,1,14.90,14.90,true,1,
7290017470092,false,כפפות משק  בית S .,,IL,כפפות משק  בית S,יחידה,1.00,יחידה,false,1,2.90,2.90,true,1,
7290017470108,false,כפפות משק  בית .M,,IL,כפפות משק  בית M,יחידה,1.00,יחידה,false,1,2.90,2.90,true,1,
7290017470115,false,כפפות משק  בית .L,,IL,כפפות משק  בית L,יחידה,1.00,יחידה,false,1,2.90,2.90,true,1,
7290017470122,false,כפפות משק  בית XL .,,IL,כפפות משק  בית X,יחידה,1.00,יחידה,false,1,2.90,2.90,true,1,
7290017470207,false,מצקת להגשה בודד,,,מצקת להגשה בודד,יחידה,1.00,יחידה,false,0,3.90,3.90,true,1,
7290017470214,false,זוג כוסיות קריסטליות .,,IL,זוג כוסיות קרסטל,יחידה,1.00,יחידה,false,1,8.90,8.90,true,1,
7290017470221,false,כוס זכוכית לנר+סיליקון .,,IL,כוס זכוכית לנר,יחידה,1.00,יחידה,false,1,2.90,2.90,true,1,
7290017470238,false,זוג כוסיות לנר+סיליקון .,,IL,זוג כוסיות לנר,יחידה,1.00,יחידה,false,1,4.90,4.90,true,1,
7290017470306,false,"כדוריות לאסלה, רביעייה ל",,IL,כדוריות לאסלה לב,יחידה,1.00,יחידה,false,1,12.90,12.90,true,1,
7290017470313,false,כדוריות לאסלה לב,,,כדוריות לאסלה לב,יחידה,1.00,יחידה,false,0,12.90,12.90,true,1,
7290017470542,false,קרחונית ר. שמאי,,IL,קרחונית ר. שמאי,יחידה,1.00,יחידה,false,1,4.90,4.90,true,1,
7290017470566,false,מגבונים בדלי לניקוי כללי,,IL,מגבונים בדלי,יחידה,1.00,יחידה,false,1,16.50,16.50,true,1,
7290017470726,false,מזלגות מיני שקוף,,,מזלגות מיני שקוף,יחידה,1.00,יחידה,false,0,4.90,4.90,true,1,
7290017470733,false,כפיות מיני שקוף,,,כפיות מיני שקוף,יחידה,1.00,יחידה,false,0,4.90,4.90,true,1,
7290017470740,false,קערה קריסטל גודל 12,,IL,קערה קריסטל גודל,יחידה,1.00,יחידה,false,1,11.90,11.90,true,1,
7290017470795,false,כפות מוכסף 40 יח,,,כפות מוכסף 40 יח,יחידה,1.00,יחידה,false,0,11.90,11.90,true,1,
7290017470801,false,כפות מוכסף 40 יח,,,כפות מוכסף 40 יח,יחידה,1.00,יחידה,false,0,11.90,11.90,true,1,
7290017470818,false,מזלג מוכסף 40 יח,,,מזלג מוכסף 40 יח,יחידה,1.00,יחידה,false,0,11.90,11.90,true,1,
7290017470825,false,סכין מוכסף 40 יח,,,סכין מוכסף 40 יח,יחידה,1.00,יחידה,false,0,11.90,11.90,true,1,
7290017470832,false,מפה אל-בד 15 מ' מוטבע .,,IL,מפה אל-בד 15 מ',יחידה,1.00,יחידה,false,1,29.90,29.90,true,1,
7290017513485,false,מחית עגבניות רוסטיקה 680,היצרן: ס.פ. פודנצנו -10,IT,מחית עגבניות,גרמים,680.00,100 גרם,false,1,12.90,1.90,true,1,
7290017513829,false,תה ירוק ל.ג'ינג'ר+ויטמ25,ויסוצקי,IL,תה ירוק+ויטמינים,גרמים,37.00,100 גרם,false,1,19.90,53.78,true,1,
7290017513850,false,תה ירוק נענע+ויטמין 25שק,ויסוצקי,IL,תה ירוק+ויטמינים,גרמים,37.00,100 גרם,false,1,19.90,53.78,true,1,
7290017516295,false,חטיף חלבון אגוזי לוז60ג,---,IL,חטיף חלבון,גרמים,60.00,100 גרם,false,1,9.90,16.50,true,1,
7290017516318,false,ח.חלבון פנגיאה שוקולד60ג,---,IL,חטיף חלבון,גרמים,60.00,100 גרם,false,1,9.90,16.50,true,1,
7290017516332,false,חטיף חלבון פנגיאה 60 גרם,---,IL,חטיף חלבון,גרמים,60.00,100 גרם,false,1,9.90,16.50,true,1,
7290017516424,false,מארז פנגיאה לוז 300ג,---,IL,מארז פנגיאה,גרמים,300.00,100 גרם,false,1,29.90,9.97,true,1,
7290017516431,false,מארז פנגיאה תמרים,,IL,מארז פנגיאה תמרי,יחידה,1.00,יחידה,false,1,29.90,29.90,true,1,
7290017516479,false,חטיף חלבון פנגיאה וניל60,---,IL,חטיף חלבון וניל,גרמים,60.00,100 גרם,false,1,9.90,16.50,true,1,
7290017516486,false,חטיף חלבון טעם טרופי20ג,---,IL,חטיף חלבון,גרמים,60.00,100 גרם,false,1,9.90,16.50,true,1,
7290017516509,false,חטיף חלבון פנגיאה קרמל60,---,IL,חטיף חלבון,גרמים,60.00,100 גרם,false,1,9.90,16.50,true,1,
7290017516547,false,חטיף ליד הקפה טוב הארץ,,IL,חטיף ליד הקפה,יחידה,1.00,יחידה,false,1,4.90,4.90,true,1,
7290017516592,false,חטיף רגע בטבע,,,חטיף רגע בטבע,יחידה,1.00,יחידה,false,0,7.90,7.90,true,1,
7290017516615,false,חטיף סופר פוד ספ,,,חטיף סופר פוד ספ,יחידה,1.00,יחידה,false,0,8.90,8.90,true,1,
7290017521022,false,שלישיה סבון אסלה ללא צבע,,IL,שלישיה סבון אסלה,יחידה,1.00,יחידה,false,1,7.90,7.90,true,1,
7290017521039,false,ספוגית הקסם נופר,,IL,ספוגית הקסם,יחידה,1.00,יחידה,false,1,7.90,7.90,true,1,
7290017521060,false,100מפיות חד שיכבתיות נופ,,IL,100 מפיות נופר,יחידה,1.00,יחידה,false,1,4.90,4.90,true,1,
7290017521329,false,"גליל 40 מטליות רב""ש נופר",,IL,"גליל מטליות רב""ש",יחידה,1.00,יחידה,false,1,13.90,13.90,true,1,
7290017521404,false,שקיות אשפה עם ידיות 7*50,,IL,שקיות עם ידיות,יחידה,1.00,יחידה,false,1,9.90,9.90,true,1,
7290017521459,false,דלי משפך פרימיום שקוף,,IL,דלי משפך פרימיום,יחידה,1.00,יחידה,false,1,13.90,13.90,true,1,
7290017521480,false,מטליות בד רב פעמ,,,מטליות בד רב פעמ,יחידה,1.00,יחידה,false,0,19.90,19.90,true,1,
7290017521503,false,מרסס 1 ליטר,,IL,מרסס 1 ליטר,יחידה,1.00,יחידה,false,1,6.90,6.90,true,1,
7290017521527,false,"כפפות ניילון ""נופר"" 500",,IL,"כפפות ניילון ""נו",יחידה,1.00,יחידה,false,1,12.90,12.90,true,1,
7290017521534,false,"כפפות ניילון ""נופר"" 100",,IL,"כפפות ניילון ""נו",יחידה,1.00,יחידה,false,1,2.90,2.90,true,1,
7290017521596,false,דלי מגבונים לניקוי כללי,,IL,דלי מגבונים לניק,יחידה,1.00,יחידה,false,1,15.90,15.90,true,1,
7290017521602,false,"שיפודי במבוק עובי 5 מ""מ",,IL,שיפודי במבוק עוב,יחידה,1.00,יחידה,false,1,3.00,3.00,true,1,
7290017521800,false,שקיות אשפה עם שרוך 65*52,,IL,שקיות אשפה עם שר,יחידה,1.00,יחידה,false,1,17.90,17.90,true,1,
7290017521831,false,דלי מגבונים לחיט,,,דלי מגבונים לחיט,יחידה,1.00,יחידה,false,0,23.90,23.90,true,1,
7290017521855,false,צמר גפן רפואי,,IL,צמר גפן רפואי,יחידה,1.00,יחידה,false,1,3.90,3.90,true,1,
7290017599076,false,סוכריות כיס ל. ס,,,סוכריות כיס ל. ס,יחידה,1.00,יחידה,false,0,2.90,2.90,true,1,
7290017599229,false,סוכרזית סוכרלוז200טבליות,ביסקול,IL,סוכרזית סוכרלוז,גרמים,17.00,100 גרם,false,1,25.90,152.35,true,1,
7290017599250,false,סוכרזית קלאסי 120 שקיות,ביסקול בע''מ,IL,סוכרזית קלאסי,גרמים,120.00,100 גרם,false,1,18.90,15.75,true,1,
7290017599267,false,סוכרזית סוכרלוז 120שקיות,ביסקול בע''מ,IL,סוכרזית סוכרלוז,גרמים,120.00,100 גרם,false,1,25.90,21.58,true,1,
7290017599274,false,סוכרזית סטיוויה120 שקיות,ביסקול בע''מ,IL,סוכרזית סטיוויה,גרמים,120.00,100 גרם,false,1,29.90,24.92,true,1,
7290017628073,false,ביצים חופש XL עטוף 20 יח,גליקסמן,IL,ביצים חופשXL,יחידה,1.00,יחידה,false,1,30.90,30.90,true,1,
7290017637013,false,מרכך שיער נובו הדרים 700,נובו,IL,מרכך שיער נובו,מיליליטרים,700.00,"100 מ""ל",false,1,9.90,1.41,true,1,
7290017637136,false,ספריי ש. סאן קר,,,ספריי ש. סאן קר,יחידה,1.00,יחידה,false,0,24.90,24.90,true,1,
7290017637143,false,ספריי ש. לילדים spf50 20,,IL,ספריי ש. לילדים,מיליליטרים,200.00,"100 מ""ל",false,1,19.90,9.95,true,1,
7290017637419,false,תרסיס לסירוק קל נובו 200,,IL,תרסיס לסירוק קל,יחידה,1.00,יחידה,false,1,14.90,14.90,true,1,
7290017641096,false,שוקולד 70% קלאסי 100 גרם,כרמית תעשיות ממתקים,IL,שוקולד 70% 100גם,גרמים,100.00,100 גרם,false,1,7.90,7.90,true,1,
7290017641102,false,שוקולד מריר  %\70 ללא תו,כרמית תעשיות ממתקים,IL,שוקולד פרימיום ל,גרמים,100.00,100 גרם,false,1,7.90,7.90,true,1,
7290017641119,false,שוקולד מריר מעולה %\85 מ,כרמית תעשיות ממתקים בעמ,IL,אגו שוקולד %\85,גרמים,100.00,100 גרם,false,1,7.80,7.80,true,1,
7290017641188,false,קרקר דגנים עם שיפון מלא,דנוויטה ג'\יי. אס. סי,LT,קרקר דגנים עם שי,גרמים,130.00,100 גרם,false,1,5.90,4.54,true,1,
7290017641195,false,קרקר דגנים עם שיפון מלא,דנוויטה ג'\יי. אס. סי,LT,קרקר דגנים עם שי,גרמים,130.00,100 גרם,false,1,4.90,3.77,true,1,
7290017641379,false,מארז שוקולד חלב 85*5 גרם,"כרמית תעשיות ממתקים בע""\",IL,מארז שוקולד חלב,גרמים,425.00,100 גרם,false,1,14.90,3.51,true,1,
7290017641508,false,מיקס כדור שוקולד חלב 55,כרמית תעשיות ממתקים בעמ,IL,מיקס כדור שוקולד,גרמים,55.00,100 גרם,false,1,3.90,7.09,true,1,
7290017641515,false,מיקס כדור שוקולד לבן,כרמית תעשיות ממתקים בעמ,IL,מיקס כדור שוקולד,גרמים,55.00,100 גרם,false,1,3.90,7.09,true,1,
7290017641720,false,שוקולד שקד פרימיום 100 ג,כרמית תעשיות ממתקים בעמ,IL,שוקולד שקד,גרמים,100.00,100 גרם,false,1,7.80,7.80,true,1,
7290017641737,false,שוקולד אגוז פרימיום 100,כרמית תעשיות ממתקים בעמ,IL,שוקולד אגוז,גרמים,100.00,100 גרם,false,1,7.80,7.80,true,1,
7290017641744,false,איגלו סטיקס,כרמית,IL,איגלו סטיקס,יחידה,1.00,יחידה,false,1,4.90,4.90,true,1,
7290017641997,false,שוקולד מריר %\70 ללא תוס,"כרמית תעשיות ממתקים בע""\",IL,שוקולד מריר %\70,גרמים,100.00,100 גרם,false,1,7.90,7.90,true,1,
7290017647708,false,גמלא גוורצטרמינר,,,גמלא גוורצטרמינר,יחידה,1.00,יחידה,false,0,69.60,69.60,true,1,
7290017677804,false,"רוטב סויה קיקומן 444 מ""ל",קיקומן פודז אינק,US,רוטב סויה קיקומן,מיליליטרים,444.00,"100 מ""ל",false,1,17.90,4.03,true,1,
7290017682068,false,כריות קרצוף מתכת זהב,מ.א,IL,כריות קרצוף מתכת,גרמים,30.00,100 גרם,false,1,3.90,13.00,true,1,
7290017682341,false,5 ספוגי קרצוף שייני,,IL,5 ספוג קרצוף,יחידה,1.00,יחידה,false,1,3.90,3.90,true,1,
7290017682549,false,שיפודים עובי 3 אורך 30סמ,,IL,שיפודים ע3. 30סמ,יחידה,1.00,יחידה,false,1,2.90,2.90,true,1,
7290017682587,false,"שיפוד יקיטורי 15 ס""מ",,IL,שיפוד יקיטורי 15,יחידה,1.00,יחידה,false,1,5.90,5.90,true,1,
7290017812052,false,שיראז-קברנה אקסלנס 750מל,יקבי כרמל,IL,שיראז-קברנה,מיליליטרים,750.00,"100 מ""ל",false,1,19.90,2.65,true,1,
7290017812069,false,ריזלינג-שרדונה אקסלנס750,יקבי כרמל,IL,ריזלינג-שרדונה,מיליליטרים,750.00,"100 מ""ל",false,1,19.90,2.65,true,1,
7290017812595,false,יין ישן נושן לייט 750 מל,יקבי כרמל,IL,ישן נושן לייט,מיליליטרים,750.00,"100 מ""ל",false,1,21.90,2.92,true,1,
7290017812649,false,תירוש כרמל לבן 1.2 ליטר,יקבי כרמל,IL,תירוש כרמל לבן,ליטרים,1.20,ליטר,false,1,18.90,15.75,true,1,
7290017812656,false,כרמל תירוש מבעבע אדום750,ג'\קובז'\י איי.אי פיגלי,IL,תירוש מבעבע אדום,מיליליטרים,750.00,"100 מ""ל",false,1,19.90,2.65,true,1,
7290017812830,false,רוזה פרייבט קולקשן 750 מ,יקבי כרמל,IL,יין רוזה יבש,מיליליטרים,750.00,"100 מ""ל",false,1,37.50,5.00,true,1,
7290017812847,false,פרנץ גורצטרמינר סלקטד750,יקבי כרמל,IL,פרנץ גוורצטרמינר,מיליליטרים,750.00,"100 מ""ל",false,1,28.90,3.85,true,1,
7290017812861,false,יין וינו לבן יבש,,,יין וינו לבן יבש,יחידה,1.00,יחידה,false,0,15.60,15.60,true,1,
7290017812878,false,"רוזה אקסלנס 750 מ""ל",יקבי כרמל,IL,רוזה אקסלנס,מיליליטרים,750.00,"100 מ""ל",false,1,19.90,2.65,true,1,
7290017812977,false,"באזז בטעם אננס 750 מ""ל",יקבי כרמל,IL,באזז בטעם אננס,מיליליטרים,750.00,"100 מ""ל",false,1,23.90,3.19,true,1,
7290017872193,false,עוג.שקד.וקינמון ללתס200,"הגביע מוצרי וופלים בע""\מ",IL,עוגיות שקדים,גרמים,200.00,100 גרם,false,1,14.90,7.45,true,1,
7290017883113,false,ליקריץ ממולא תות,,,ליקריץ ממולא תות,יחידה,1.00,יחידה,false,0,7.90,7.90,true,1,
7290017883298,false,טופי ממולא 2 צבעים לקלוק,,IL,טופי ממולא 2 צבע,גרמים,200.00,100 גרם,false,1,5.90,2.95,true,1,
7290017883304,false,סוכריות על מקל טעם פירות,,TR,סוכריות על מקל,קילוגרמים,1.10,"ק""ג",false,1,24.90,22.64,true,1,
7290017883656,false,פס טופי דאבל טעמים 160 ג,קונפקטיס 3 ק.מ אמליאס,GR,פס טופי דאבל,גרמים,160.00,100 גרם,false,1,14.90,9.31,true,1,
7290017883663,false,סוכריות טופי במרקם קרמי,קונפקטיס 3 ק.מ אמליאס,GR,סוכריות טופי,גרמים,200.00,100 גרם,false,1,9.90,4.95,true,1,
7290017888026,false,פרוט&וג' אננ.תפוח גזר350,יפאורה תבורי בעמ,IL,משקה פרוט&וג',מיליליטרים,350.00,"100 מ""ל",false,1,5.90,1.69,true,1,
7290017888033,false,פרוט&וג בננ.מלון נענ350מ,יפאורה תבורי בעמ,IL,משקה פרוט&ווג',מיליליטרים,350.00,"100 מ""ל",false,1,5.90,1.69,true,1,
7290017888095,false,שוופס מוגז עדין יער330*4,יפאורה תבורי בעמ,IL,שוופס מוגז 4 יח,ליטרים,1.32,ליטר,false,1,11.90,9.02,true,1,
7290017888101,false,שוופ.מוגז עדין אפרס330*4,יפאורה תבורי בעמ,IL,שוופס מוגז 4 פח,ליטרים,1.32,ליטר,false,1,11.90,9.02,true,1,
7290017888347,false,מי עדן פקק ספורטאים 500,מי עדן,IL,מי עדן פקק ספורט,מיליליטרים,500.00,"100 מ""ל",false,1,2.90,0.58,true,1,
7290017888644,false,פרוט&וג' אננ.בננ.כורכ350,---,IL,משקה פרוט&וג',מיליליטרים,350.00,"100 מ""ל",false,1,5.90,1.69,true,1,
7290017888729,false,סודה שוופס 1 ליטר,"יפאורה תבורי בע""\מ",IL,סודה שוופס,ליטרים,1.00,ליטר,false,1,3.90,3.90,true,1,
7290017890289,false,"בקר טחון 500 גרם עד""ח 50",,IL,בקר טחון 500 גרם,גרמים,500.00,100 גרם,false,1,36.90,7.38,true,1,
7290017917382,false,קמיל אל סבון לידיים 1 ל,---,IL,קמיל סבון ידיים,ליטרים,1.00,ליטר,false,1,10.90,10.90,true,1,
7290017917450,false,אל סבון ושמפו קמיל בלו1ל,CHEMIPAL  FISHER (BIO,IL,אל סבון ושמפו,ליטרים,1.00,ליטר,false,1,25.90,25.90,true,1,
7290017926377,false,"סיגר במילוי תפו""א 600 גר",,IL,"סיגר במילוי תפו""",גרמים,600.00,100 גרם,false,1,16.90,2.82,true,1,
7290017926384,false,"פסטל תפו""א 600 גרם",,IL,"פסטל תפו""א",גרמים,600.00,100 גרם,false,1,16.90,2.82,true,1,
7290017926391,false,אגרול במילוי ירקות 600 ג,חטיפי אלקיים,IL,אגרול במילוי ירק,גרמים,600.00,100 גרם,false,1,16.90,2.82,true,1,
7290017926421,false,קרפלעך במילוי בשר 600 גר,חטיפי אלקיים,IL,קרפלעך במילוי בש,גרמים,600.00,100 גרם,false,1,16.90,2.82,true,1,
7290017926445,false,בלינצ'ס בשרי 600 גרם,,IL,בלינצ'ס בשרי,גרמים,600.00,100 גרם,false,1,16.90,2.82,true,1,
7290017928036,false,גריסיני שומשום 175 גרם,מאיר בייגל,IL,גריסיני שומשום,גרמים,175.00,100 גרם,false,1,9.90,5.66,true,1,
7290017928043,false,גריסיני קראנץ עם מלח175ג,מאיר בייגל,IL,גריסיני קראנץ,גרמים,175.00,100 גרם,false,1,9.90,5.66,true,1,
7290017928296,false,שברי בייגלה דבש חרדל300ג,סבימקס,BG,סמאש שברי בייגלה,גרמים,300.00,100 גרם,false,1,11.90,3.97,true,1,
7290017928432,false,גריסיני קראנץ עם פרג175ג,מאיר בייגל,IL,גריסיני קראנץ,גרמים,175.00,100 גרם,false,1,9.90,5.66,true,1,
7290017928494,false,סמאש שברי בייגלה צ'דר300,מאיר בייגל,BG,סמאש שברי בייגלה,גרמים,300.00,100 גרם,false,1,11.90,3.97,true,1,
7290017928616,false,בייגלה שטוחלה שומשום300ג,מאיר בייגל,IL,בייגלה שטוחלה,גרמים,300.00,100 גרם,false,1,6.90,2.30,true,1,
7290017928821,false,גריסיני קלאסי 200 גרם,מאיר בייגל,IL,גריסיני קלאסי,גרמים,200.00,100 גרם,false,1,9.90,4.95,true,1,
7290017938264,false,חומוס חריף מיקי 200 גרם,"סלטי שמיר 2006 בע""\מ",IL,חומוס חריף,גרמים,200.00,100 גרם,false,1,7.90,3.95,true,1,
7290017946368,false,סבון אסלה סוד 50*3ג,---,RS,סבון לאסלה סוד,גרמים,150.00,100 גרם,false,1,12.90,8.60,true,1,
7290017965185,false,"ברוקולי 2 ק""ג עד""ח 2 ק""ג",,IL,"ברוקולי 2 ק""ג",גרמים,2000.00,100 גרם,false,1,72.90,3.65,true,1,
7290017969060,false,נייר טואלט,,IL,נייר טואלט,יחידה,1.00,יחידה,false,1,27.90,27.90,true,1,
7290017969121,false,כוסות דגמת שיש מגוון צבע,,IL,כוסות דגמת שיש מ,יחידה,1.00,יחידה,false,1,8.90,8.90,true,1,
7290017969152,false,ספוג הפלא חתוך,,IL,ספוג הפלא חתוך,יחידה,1.00,יחידה,false,1,5.90,5.90,true,1,
7290017969206,false,אשפתון אפור 75/90 25 יחי,,IL,אשפתון אפור,יחידה,1.00,יחידה,false,1,14.90,14.90,true,1,
7290017969435,false,מטאטא איטלקי.,,IL,מטאטא איטלקי,יחידה,1.00,יחידה,false,1,12.90,12.90,true,1,
7290017969497,false,מגב חלון ושיש מגב חלון ו,,IL,מגב חלון ושיש,יחידה,1.00,יחידה,false,1,4.90,4.90,true,1,
7290017969534,false,מגבונים טייני בייבי בודד,,IL,מגבונים טייני בי,יחידה,1.00,יחידה,false,1,2.50,2.50,true,1,
7290017969671,false,כדור ספוג רך שלישיה,,IL,כדור ספוג רך שלי,יחידה,1.00,יחידה,false,1,7.90,7.90,true,1,
7290017969688,false,רצועות מסאג' ר. שמאי,,IL,רצועות מסאג' ר.,יחידה,1.00,יחידה,false,1,8.90,8.90,true,1,
7290017969695,false,ספוג רחצה מסאז' ר. שמאי,,IL,ספוג רחצה מסאז',יחידה,1.00,יחידה,false,1,4.90,4.90,true,1,
7290017969701,false,ספוג סקוטש עשיריור. שמאי,,IL,ספוג סקוטש עשירי,יחידה,1.00,יחידה,false,1,4.90,4.90,true,1,
7290017969794,false,כוסית לנרונים שטוח,,IL,כוסית לנרונים שט,יחידה,1.00,יחידה,false,1,1.90,1.90,true,1,
7290017969800,false,כוסית לנרונים שטוח,,IL,כוסית לנרונים שט,יחידה,1.00,יחידה,false,1,1.90,1.90,true,1,
7290017969855,false,זוג כוסיות רגל בלי גומי,,IL,זוג כוסיות רגל ב,יחידה,1.00,יחידה,false,1,3.90,3.90,true,1,
7290017969862,false,נייר מגבת סופטנס ר.שמאי,,IL,נייר מגבת סופטנס,יחידה,1.00,יחידה,false,1,9.90,9.90,true,1,
7290017969930,false,צלחת ענק רויאל 12 יחי',,IL,צלחת ענק רויאל,יחידה,1.00,יחידה,false,1,11.90,11.90,true,1,
7290017969947,false,צלחת גדול רויאל 12 יחי',,IL,צלחת גדול רויאל,יחידה,1.00,יחידה,false,1,8.90,8.90,true,1,
7290017969954,false,צלחת מרק רויאל 12 יחי',,IL,צלחת מרק רויאל,יחידה,1.00,יחידה,false,1,7.90,7.90,true,1,
7290017969978,false,כוסות מעוטרות 40 יחידות,,IL,כוסות מעוטרות 40,יחידה,1.00,יחידה,false,1,8.90,8.90,true,1,
7290017974002,false,רביולי במילוי 4 גבינות,"אימפריאל הזרב פוד בע""מ",IL,רביולי גבינות,גרמים,450.00,100 גרם,false,1,19.90,4.42,true,1,
7290017974583,false,רביולי בטטה 450 גרם,אימפריאל רזרב פוד,IL,רביולי בטטה,גרמים,450.00,100 גרם,false,1,19.90,4.42,true,1,
7290017978215,false,קרמבו בטעם מוקה 16 יח,ריאו,IL,קרמבו ט.מוקה,יחידה,1.00,יחידה,false,1,21.90,21.90,true,1,
7290017978246,false,קרחוני לייט פרווה שרבט,ריאו,IL,קרחוניים 8 יח,יחידה,1.00,יחידה,false,1,16.90,16.90,true,1,
7290017978635,false,טילון מג'יק שמנת עוגיות,ריאו,IL,טילון מג'יק,גרמים,100.00,100 גרם,false,1,6.90,6.90,true,1,
7290017978857,false,מאגדת מצופה קראנצי וניל,"ריאו  ביח""\ר לגלידה וממת",IL,מאגדת קרנצי וניל,גרמים,480.00,100 גרם,false,1,19.90,4.15,true,1,
7290017981048,false,"סוכריות לל""ס תות יזדי",,IL,"סוכריות לל""ס תות",יחידה,1.00,יחידה,false,1,10.90,10.90,true,1,
7290017981055,false,"סוכריות לל""ס אפרסק יזדי",,IL,סוכריות,יחידה,1.00,יחידה,false,1,10.90,10.90,true,1,
7290017981079,false,"סוכריות לל""ס סטרונג מנטה",,IL,סוכריות,יחידה,1.00,יחידה,false,1,10.90,10.90,true,1,
7290017981086,false,"סוכריות לל""ס מנטה יזדי",,IL,סוכריות,יחידה,1.00,יחידה,false,1,10.90,10.90,true,1,
7290017981093,false,"סוכריות לל""ס תפוח יזדי",,IL,סוכריות,יחידה,1.00,יחידה,false,1,10.90,10.90,true,1,
7290017981109,false,"סוכריות לל""ס דובדבן יזדי",,IL,סוכריות,יחידה,1.00,יחידה,false,1,10.90,10.90,true,1,
7290017981147,false,"סוכריות לל""ס ענבים יזדי",,IL,סוכריות,יחידה,1.00,יחידה,false,1,10.90,10.90,true,1,
7290017981178,false,"סוכריות לל""ס תות בננה יז",,IL,סוכריות,יחידה,1.00,יחידה,false,1,10.90,10.90,true,1,
7290018099001,false,פיתות 10 יח,,IL,פיתות 10 יח,יחידה,1.00,יחידה,false,1,11.90,11.90,true,1,
7290018099025,false,עשיריה פיתות כוסמין קלות,,IL,10 פיתות כוסמין,יחידה,1.00,יחידה,false,1,14.90,14.90,true,1,
7290018131855,false,מאגדת אקסטרים בראוניז,גלידות נסטלה )נגה גלידות,IL,מאגדת אקסטרים בר,גרמים,432.00,100 גרם,false,1,24.90,5.76,true,1,
7290018131879,false,מאגדת אקסטרים ריבת חלב,גלידות נסטלה )נגה גלידות,IL,מאגדת אקסטרים,גרמים,432.00,100 גרם,false,1,24.90,5.76,true,1,
7290018131916,false,פרוסות יוגורט גלידה 90 ג,,IL,פרוסות יוגורט גל,גרמים,90.00,100 גרם,false,1,3.90,4.33,true,1,
7290018131954,false,מאגדת להפרוטה תות שוקולד,נגה גלידות שותפות מוגבלת,IL,מאגדת להפרוטה תו,גרמים,350.00,100 גרם,false,1,21.90,6.26,true,1,
7290018195031,false,שמן זית כתית מעולה 750מל,,IL,שמן זית כתית,מיליליטרים,750.00,"100 מ""ל",false,1,32.90,4.39,true,1,
7290018195048,false,חתיכות אננס בסירופ 850גר,,TH,חתיכות אננס 850ג,גרמים,850.00,100 גרם,false,1,9.90,1.16,true,1,
7290018195086,false,חלב מרוכז340 גרם,טעמן,IL,חלב מרוכז,גרמים,340.00,100 גרם,false,1,11.90,3.50,true,1,
7290018195178,false,שוקולד מריר 100% טעמן,,IL,שוקולד מריר 100%,גרמים,62.00,100 גרם,false,1,4.90,7.90,true,1,
7290018195321,false,חמישיית שוקולד זהב מריר,,IL,חמישיית שוקולד,יחידה,1.00,יחידה,false,1,24.90,24.90,true,1,
7290018195499,false,אבקת אפיה,,,אבקת אפיה,יחידה,1.00,יחידה,false,0,1.90,1.90,true,1,
7290018195505,false,סוכר וניל,,,סוכר וניל,יחידה,1.00,יחידה,false,0,1.90,1.90,true,1,
7290018195512,false,ארוחת אורז אושפלו 250 גר,,IL,ארוחת אורז אושפל,יחידה,1.00,יחידה,false,1,12.90,12.90,true,1,
7290018195529,false,ארוחת אורז מג'נרה 250 גר,,IL,ארוחת אורז מג'נר,יחידה,1.00,יחידה,false,1,12.90,12.90,true,1,
7290018195536,false,ארוחת אורז בסגנון איטלקי,,IL,ארוחת אורז בסגנו,יחידה,1.00,יחידה,false,1,12.90,12.90,true,1,
7290018195543,false,ארוחת אורז סגנון מקסיקני,,IL,ארוחת אורז סגנון,יחידה,1.00,יחידה,false,1,12.90,12.90,true,1,
7290018195703,false,שמן זית כתית מעולה טעמן,,IL,שמן זית כתית,יחידה,1.00,יחידה,false,1,14.90,14.90,true,1,
7290018195802,false,פילה מקרל בשמן,,,פילה מקרל בשמן,יחידה,1.00,יחידה,false,0,10.90,10.90,true,1,
7290018195819,false,פילה מקרל בשמן ו,,,פילה מקרל בשמן ו,יחידה,1.00,יחידה,false,0,10.90,10.90,true,1,
7290018195826,false,פילה סרדין בשמן,,,פילה סרדין בשמן,יחידה,1.00,יחידה,false,0,10.90,10.90,true,1,
7290018195888,false,דבש טהור לחיץ מפרחי בר 3,,IL,דבש טהור לחיץ מפ,גרמים,350.00,100 גרם,false,1,22.90,6.54,true,1,
7290018195895,false,קראנצ' שיבולת שועל ושוק.,סנטה איי,CN,חטיף קראנצ200'גר,גרמים,200.00,100 גרם,false,1,12.90,6.45,true,1,
7290018195901,false,קראנצ' שיבולת שועל ודבש,סנטה איי,CN,חטיף קראנצ200'גר,גרמים,200.00,100 גרם,false,1,12.90,6.45,true,1,
7290018195918,false,קראנצ' ש.שועל דבש קינמון,סנטה איי,CN,חטיף קראנצ200'גר,גרמים,200.00,100 גרם,false,1,12.90,6.45,true,1,
7290018204023,false,מגש תחרה קרם יח,,,מגש תחרה קרם יח,יחידה,1.00,יחידה,false,0,5.90,5.90,true,1,
7290018204030,false,מגש תחרה לבן יח,,,מגש תחרה לבן יח,יחידה,1.00,יחידה,false,0,5.90,5.90,true,1,
7290018204047,false,מגש תחרה שקוף יח,,,מגש תחרה שקוף יח,יחידה,1.00,יחידה,false,0,6.90,6.90,true,1,
7290018204108,false,"כוס קרטון OZ 16 כשל""פ 25",,CN,כוס 16,יחידה,1.00,יחידה,false,1,12.90,12.90,true,1,
7290018204160,false,צלחות גדולות קלאסיק 100,,IL,צלחות גדולות קלא,יחידה,1.00,יחידה,false,1,39.90,39.90,true,1,
7290018204177,false,צלחות קטנות קלאס,,,צלחות קטנות קלאס,יחידה,1.00,יחידה,false,0,24.90,24.90,true,1,
7290018204191,false,לפתניות קלאסיק 1,,,לפתניות קלאסיק 1,יחידה,1.00,יחידה,false,0,14.90,14.90,true,1,
7290018204221,false,"מפיות לבן כשל""פ",,,"מפיות לבן כשל""פ",יחידה,1.00,יחידה,false,0,5.90,5.90,true,1,
7290018204238,false,משחת נעליים מוצק,,,משחת נעליים מוצק,יחידה,1.00,יחידה,false,0,2.90,2.90,true,1,
7290018204245,false,משחת נעליים נוזל,,,משחת נעליים נוזל,יחידה,1.00,יחידה,false,0,3.90,3.90,true,1,
7290018204252,false,ספוג הברקה,,,ספוג הברקה,יחידה,1.00,יחידה,false,0,4.90,4.90,true,1,
7290018204283,false,כוס יהלום צבעוני,,,כוס יהלום צבעוני,יחידה,1.00,יחידה,false,0,8.90,8.90,true,1,
7290018204467,false,צמר פלדה,,IL,צמר פלדה,יחידה,1.00,יחידה,false,1,1.90,1.90,true,1,
7290018204474,false,"צמר פלדה 200 ג""ר",,IL,"צמר פלדה 200 ג""ר",יחידה,1.00,יחידה,false,1,4.90,4.90,true,1,
7290018204498,false,תחתית תחרה לצלחת,,,תחתית תחרה לצלחת,יחידה,1.00,יחידה,false,0,9.90,9.90,true,1,
7290018204573,false,מנג'טים צבעוניים 100X1.5,,IL,מנג'טים צבעוניים,יחידה,1.00,יחידה,false,1,3.90,3.90,true,1,
7290018204580,false,מנג'טים צבעוניים 100X2יח,,IL,מנג'טים צבעוניים,יחידה,1.00,יחידה,false,1,3.90,3.90,true,1,
7290018204597,false,מנג'טים צבעוניים 100X3יח,,IL,מנג'טים צבעוניים,יחידה,1.00,יחידה,false,1,4.50,4.50,true,1,
7290018204603,false,"מנג'טים צבעוניים כשל""פ 1",,IL,מנג'טים צבעוניים,יחידה,1.00,יחידה,false,1,4.90,4.90,true,1,
7290018204610,false,"מנג'טים צבעוניים כשל""פ 1",,IL,מנג'טים צבעוניים,יחידה,1.00,יחידה,false,1,5.90,5.90,true,1,
7290018204627,false,צלחת אייפל גודל 10,,IL,צלחת אייפל גודל,יחידה,1.00,יחידה,false,1,20.90,20.90,true,1,
7290018204634,false,צלחת אייפל גודל 9,,IL,צלחת אייפל גודל,יחידה,1.00,יחידה,false,1,18.90,18.90,true,1,
7290018204641,false,צלחת אייפל גודל 7,,IL,צלחת אייפל גודל,יחידה,1.00,יחידה,false,1,13.90,13.90,true,1,
7290018204658,false,צלחת מרק אייפל 10 יחי',,IL,צלחת מרק אייפל 1,יחידה,1.00,יחידה,false,1,15.90,15.90,true,1,
7290018204665,false,קסרול אייפל 10 יחי',,IL,קסרול אייפל 10 י,יחידה,1.00,יחידה,false,1,9.90,9.90,true,1,
7290018204733,false,ראנר בד לעריכה ש,,,ראנר בד לעריכה ש,יחידה,1.00,יחידה,false,0,12.90,12.90,true,1,
7290018204740,false,ראנר תחרה אורגנז,,,ראנר תחרה אורגנז,יחידה,1.00,יחידה,false,0,12.90,12.90,true,1,
7290018204900,false,נר הבדלה דקורטיבי פירמיד,,IL,נר הבדלה דקורטיב,יחידה,1.00,יחידה,false,1,11.90,11.90,true,1,
7290018213100,false,מגבוני ניקוי בדלי WIPE,,IL,מגבוני ניקוי בדל,יחידה,1.00,יחידה,false,1,17.90,17.90,true,1,
7290018213247,false,מטליות לחות לרצפות 99.9%,מ.א,IL,מטליות לחות לרצפ,יחידה,1.00,יחידה,false,1,7.90,7.90,true,1,
7290018213339,false,4 כריות לניקוי לתלייה +,מ.א. מטליות,IL,4 כריות לניקוי ל,יחידה,1.00,יחידה,false,1,10.90,10.90,true,1,
7290018213353,false,מטליות לחות לרצפות גדול-,,IL,מטליות לחות לרצפ,יחידה,1.00,יחידה,false,1,7.90,7.90,true,1,
7290018283158,false,מארז לחוח 3 יחידות,,IL,מארז לחוח 3 יח',גרמים,540.00,100 גרם,false,1,14.90,2.76,true,1,
7290018294000,false,"קינג דויד רוזה 750 מ""ל",יקבי כרמל,IL,קינג דויד רוזה,מיליליטרים,750.00,"100 מ""ל",false,1,18.90,2.52,true,1,
7290018294055,false,תירוש כרמל רוזה 1.2 ליטר,יקבי כרמל,IL,תירוש כרמל רוזה,ליטרים,1.20,ליטר,false,1,18.90,15.75,true,1,
7290018294192,false,בלנד היינן PC אדום 750מל,יקבי כרמל,IL,יין בלנד אדום,מיליליטרים,750.00,"100 מ""ל",false,1,37.50,5.00,true,1,
7290018294208,false,"יין אדום סלקטד 750 מ""ל",יקבי כרמל,IL,יין אדום סלקטד,מיליליטרים,750.00,"100 מ""ל",false,1,28.90,3.85,true,1,
7290018294352,false,"ארק כרמל 700 מ""ל",:0881\/MU פרגוואי 4/\8,ES,ארק כרמל,מיליליטרים,700.00,"100 מ""ל",false,1,54.90,7.84,true,1,
7290018294901,false,"מונלייט אדום 750 מ""ל",יקבי כרמל,IL,מונלייט אדום,מיליליטרים,750.00,"100 מ""ל",false,1,29.90,3.99,true,1,
7290018333006,false,שוקולד מריר %\70 ללא תוס,"כרמית תעשיות ממתקים בע""\",IL,שוקולד מריר %\70,גרמים,100.00,100 גרם,false,1,7.90,7.90,true,1,
7290018333044,false,שלוקים בטעם ענבים קש 200,"כרמית מזון בע""\מ",IL,שלוקים ענבים קש,יחידה,1.00,יחידה,false,1,13.90,13.90,true,1,
7290018333082,false,אגו מיקס קורנפלקס מצופה,"כרמית תעשיות ממתקים בע""\",IL,אגו מיקס 55גרם,גרמים,55.00,100 גרם,false,1,3.90,7.09,true,1,
7290018333181,false,חטיפי שוקולד חלב עם פתית,,IL,חטיפי שוקולד חלב,גרמים,100.00,100 גרם,false,1,8.90,8.90,true,1,
7290018333198,false,חטיפי שוקולד חלב עם פתית,"כרמית תעשיות ממתקים בע""\",IL,חטיפי שוקולד חלב,גרמים,100.00,100 גרם,false,1,8.90,8.90,true,1,
7290018333242,false,אריזת טופי אצבעות מיקס פ,---,TR,סוכריות טופי,גרמים,40.00,100 גרם,false,1,1.50,3.75,true,1,
7290018333945,false,חטיף אגוזים רפאלס שקד,רפאלס,IL,חטיף אגוזים5 יח,גרמים,150.00,100 גרם,false,1,14.90,9.93,true,1,
7290018333952,false,חטיף אגוז רפאלס וחמוציות,רפאלס,IL,חטיף אגוזים5 יח,גרמים,150.00,100 גרם,false,1,14.90,9.93,true,1,
7290018333969,false,חטיף גרנולה רפאלס שקדים,רפאלס,IL,חטיף גרנולה 5יח,גרמים,150.00,100 גרם,false,1,14.90,9.93,true,1,
7290018333976,false,חטיף גרנולה ראפלס קשיו,רפאלס,IL,חטיף גרנולה 5 יח,גרמים,150.00,100 גרם,false,1,14.90,9.93,true,1,
7290018343487,false,אלכו ג'ל  בשפורפרת H 75מ,---,IL,"אלכו ג'ל H 75מ""ל",מיליליטרים,75.00,"100 מ""ל",false,1,9.90,13.20,true,1,
7290018344156,false,חטיף חלווה שקדים טוב האר,"ממתקי השלום בעולם בע""\מ\",IL,חטיף חלווה שקדים,יחידה,1.00,יחידה,false,1,6.90,6.90,true,1,
7290018344163,false,חטיף חלווה פולי קקאו טוב,"ממתקי השלום בעולם בע""\מ",IL,חטיף חלווה פולי,יחידה,1.00,יחידה,false,1,6.90,6.90,true,1,
7290018344187,false,חטיף חלווה פיסטוק טוב הא,"ממתקי השלום בעולם בע""\מ",IL,חטיף חלווה פיסטו,יחידה,1.00,יחידה,false,1,6.90,6.90,true,1,
7290018402740,false,רביולי פטריות 450 גרם,"אימפריאל הזרב פוד בע""מ",IL,רביולי פטריות,גרמים,450.00,100 גרם,false,1,19.90,4.42,true,1,
7290018440223,false,צ'אי מסאלה עוצמתי2*25גרם,---,IL,צ'אי מסאלה,גרמים,50.00,100 גרם,false,1,18.90,37.80,true,1,
7290018471029,false,שוופס סודה לימון 500*6מל,יפאורה תבורי בעמ,IL,שוופס סודה 6 יח,ליטרים,3.00,ליטר,false,1,13.90,4.63,true,1,
7290018471128,false,ספרינג אננ.מנגו פסיפ330מ,"יפאורה תבורי בע""\מ",IL,ספרינג שייק,מיליליטרים,330.00,"100 מ""ל",false,1,5.90,1.79,true,1,
7290018471135,false,ספרינג בננה תמר תפוז330מ,"יפאורה תבורי בע""\מ",IL,ספרינג שייק,מיליליטרים,330.00,"100 מ""ל",false,1,5.90,1.79,true,1,
7290018471142,false,ספרינג בננה אננס 330מל,"יפאורה תבורי בע""\מ",IL,ספרינג שייק בננה,מיליליטרים,330.00,"100 מ""ל",false,1,5.90,1.79,true,1,
7290018471180,false,פרוט&ווג אננס תפוח גזר1ל,יפאורה תבורי בעמ,IL,מיץ פרוט & ווג',ליטרים,1.00,ליטר,false,1,12.90,12.90,true,1,
7290018471197,false,פרוט&וג תפוח בננ.מלון1ל,יפאורה תבורי בעמ,IL,מיץ פרוט & ווג',ליטרים,1.00,ליטר,false,1,12.90,12.90,true,1,
7290018471210,false,ספרינג אגס תפוח סברס 1 ל,"יפאורה תבורי בע""\מ",IL,ספרינג 1 ליטר,ליטרים,1.00,ליטר,false,1,5.30,5.30,true,1,
7290018471395,false,פרוט& ווג תפ.רימון סלק1ל,יפאורה תבורי בעמ,IL,מיץ פרוט & ווג',ליטרים,1.00,ליטר,false,1,12.90,12.90,true,1,
7290018471401,false,פרוט&ווג אננ.בננ.כורכו1ל,יפאורה תבורי בעמ,IL,מיץ פרוט & ווג',ליטרים,1.00,ליטר,false,1,12.90,12.90,true,1,
7290018471449,false,ספרינג בננה תמר תפוז 1 ל,"יפאורה תבורי בע""\מ",IL,ספרינג שייק,ליטרים,1.00,ליטר,false,1,11.90,11.90,true,1,
7290018471463,false,תפוזינה enjoy תפוז מנג1ל,"יפאורה תבורי בע""\מ",IL,תפוזינה enjoy,ליטרים,1.00,ליטר,false,1,6.50,6.50,true,1,
7290018471470,false,תפוזינה תפוז פסיפלורה1ל,"יפאורה תבורי בע""\מ",IL,תפוזינה enjoy,ליטרים,1.00,ליטר,false,1,6.50,6.50,true,1,
7290018471487,false,תפוזינה תפוז אננס 1 ליטר,"יפאורה תבורי בע""\מ",IL,תפוזינה תפוז אננ,ליטרים,1.00,ליטר,false,1,6.50,6.50,true,1,
7290018471494,false,תפוזינה enjoy תפוז+גזר1ל,"יפאורה תבורי בע""\מ",IL,תפוזינה תפוז גזר,ליטרים,1.00,ליטר,false,1,6.50,6.50,true,1,
7290018471548,false,"ספרינג ענבים 4 * 250 מ""ל","יפאורה תבורי בע""\מ",IL,משקה ספרינג 4יח,ליטרים,1.00,ליטר,false,1,10.90,10.90,true,1,
7290018471616,false,שוופס טוניק אינדיאן 1ל',"יפאורה תבורי בע""\מ",IL,שוופס טוניק אינד,ליטרים,1.00,ליטר,false,1,7.90,7.90,true,1,
7290018471692,false,ספרינג אנ.קוקוס פ.יער1ל,"יפאורה תבורי בע""\מ",IL,ספרינג שייק,ליטרים,1.00,ליטר,false,1,11.90,11.90,true,1,
7290018471906,false,שוופס לימונדה ורודה1.5ל,"יפאורה תבורי בע""\מ",IL,שוופס לימונדה,ליטרים,1.50,ליטר,false,0,8.20,5.47,true,1,
7290018471913,false,שוופס מוגז תפוחים1.5ל',"יפאורה תבורי בע""\מ",IL,שוופס תפוחים,ליטרים,1.50,ליטר,false,0,8.20,5.47,true,1,
7290018471920,false,שוופס מוגז ענבים 1.5ליטר,"יפאורה תבורי בע""\מ",IL,שוופס ענבים,ליטרים,1.50,ליטר,false,0,8.20,5.47,true,1,
7290018471937,false,שוופס מוגז תות ליים 1.5ל,"יפאורה תבורי בע""\מ",IL,שוופס מוגז תו,ליטרים,1.50,ליטר,false,0,8.20,5.47,true,1,
7290018471944,false,שוופס מוגז לימונייד 1.5ל,"יפאורה תבורי בע""\מ",IL,שוופס לימוניי,ליטרים,1.50,ליטר,false,0,8.20,5.47,true,1,
7290018471951,false,שוופס מוגז אשכולית אדומה,"יפאורה תבורי בע""\מ",IL,שוופס אשכולית,ליטרים,1.50,ליטר,false,0,8.20,5.47,true,1,
7290018471975,false,שוופס מוגז ענבים 1.5*4 ל,"יפאורה תבורי בע""\מ",IL,שוופס ענבים1.5*4,ליטרים,6.00,ליטר,false,0,17.90,2.98,true,1,
7290018471982,false,שוופס מוגז תפוחים1.5*4ל,"יפאורה תבורי בע""\מ",IL,שוופס תפוח1.5*4ל,ליטרים,6.00,ליטר,false,0,17.90,2.98,true,1,
7290018516515,false,ג'וניור תפוח בננה שיבולת,,CZ,ג'וניור תפוח בננ,גרמים,190.00,100 גרם,false,1,21.90,11.53,true,1,
7290018516522,false,ג'וניור סלט פירות שיבולת,,CZ,ג'וניור סלט פירו,גרמים,190.00,100 גרם,false,1,21.90,11.53,true,1,
7290018563045,false,תמצית תה קלאסי,,,תמצית תה קלאסי,יחידה,1.00,יחידה,false,0,11.90,11.90,true,1,
7290018563144,false,"שנאפס בטעם אבטיח 275 מ""ל",פרי קטיף,IL,שנאפס בטעם אבטיח,מיליליטרים,275.00,"100 מ""ל",false,1,10.90,3.96,true,1,
7290018563151,false,"שנאפס בטעם אננס 275 מ""ל",פרי קטיף,IL,שנאפס בטעם אננס,מיליליטרים,275.00,"100 מ""ל",false,1,10.90,3.96,true,1,
7290018563175,false,"שנאפס בטעם אסאי 275 מ""ל",פרי קטיף,IL,שנאפס בטעם אסאי,מיליליטרים,275.00,"100 מ""ל",false,1,10.90,3.96,true,1,
7290018563182,false,"שנאפס בטעם ליצ'י 275 מ""ל",פרי קטיף,IL,שנאפס בטעם ליצ'י,מיליליטרים,275.00,"100 מ""ל",false,1,10.90,3.96,true,1,
7290018563199,false,"שנאפס בטעם ליים 275 מ""ל",פרי קטיף,IL,שנאפס בטעם ליים,מיליליטרים,275.00,"100 מ""ל",false,1,10.90,3.96,true,1,
7290018563205,false,שנאפס בטעם לימונצ'לו 275,פרי קטיף,IL,"שנאפס 275 מ""ל",מיליליטרים,275.00,"100 מ""ל",false,1,10.90,3.96,true,1,
7290018563267,false,תרכיז תפוחים 100% 1 ליטר,"פ.קטיף מזון בע""מ",IL,תרכיז תפוחים,ליטרים,1.00,ליטר,false,1,32.90,32.90,true,1,
7290018563274,false,תרכיז תפוחים 1 ליטר,"פ.קטיף מזון בע""מ",IL,תרכיז תפוחים,ליטרים,1.00,ליטר,false,1,26.90,26.90,true,1,
7290018563649,false,תמצית תה בטעם נענע 250 מ,"פרי קטיף מזון בע""מ",IL,תמצית תה נענע,מיליליטרים,250.00,"100 מ""ל",false,1,11.90,4.76,true,1,
7290018563847,false,תמצית תה בטעם פירות יער,"פרי קטיף מזון בע""מ",IL,תמצית תה פירות י,מיליליטרים,250.00,"100 מ""ל",false,1,11.90,4.76,true,1,
7290018563854,false,תמצית תה ירוק מר,,,תמצית תה ירוק מר,יחידה,1.00,יחידה,false,0,11.90,11.90,true,1,
7290018563885,false,סילאן טבעי תמר מג'הול פר,,IL,סילאן טבעי תמר מ,גרמים,900.00,100 גרם,false,1,16.90,1.88,true,1,
7290018571064,false,מקלוני טופי 450 גרם,---,TR,מקלוני טופי,גרמים,450.00,100 גרם,false,1,15.90,3.53,true,1,
7290018571071,false,טופי פספסים 450 גרם,---,TR,טופי פספסים,גרמים,450.00,100 גרם,false,1,15.90,3.53,true,1,
7290018571095,false,טופי ממולא טעם פירות600ג,---,TR,טופי ממולא,גרמים,600.00,100 גרם,false,1,15.90,2.65,true,1,
7290018571101,false,אגוזי מלך 200 ג,---,,אגוזי מלך 200 ג,יחידה,1.00,יחידה,false,0,14.90,14.90,true,1,
7290018571118,false,שקדים טבעי 200 גרם,---,IL,שקדים טבעי 200 ג,גרמים,200.00,100 גרם,false,1,14.90,7.45,true,1,
7290018571125,false,אגוזי פקאן 200 ג,---,,אגוזי פקאן 200 ג,יחידה,1.00,יחידה,false,0,19.90,19.90,true,1,
7290018571132,false,פקאן מסוכר 200 גרם,מיה,,פקאן מסוכר 200 ג,יחידה,1.00,יחידה,false,0,19.90,19.90,true,1,
7290018571149,false,שקד מולבן פרוס 200 גרם,---,IL,שקד מולבן פרוס,גרמים,200.00,100 גרם,false,1,14.90,7.45,true,1,
7290018571156,false,שקד מולבן שבבים,---,,שקד מולבן שבבים,יחידה,1.00,יחידה,false,0,14.90,14.90,true,1,
7290018571224,false,סילאן טבעי לחיץ 470 גרם,---,IL,סילאן טבעי לחיץ,גרמים,470.00,100 גרם,false,1,12.90,2.74,true,1,
7290018571279,false,שקדים קלויים,---,IL,שקדים קלויים,גרמים,200.00,100 גרם,false,1,17.90,8.95,true,1,
7290018571286,false,פיסטוקים קלויים,---,IL,פיסטוקים קלויים,גרמים,200.00,100 גרם,false,1,17.90,8.95,true,1,
7290018571293,false,קשיו קלוי,---,IL,קשיו קלוי,גרמים,200.00,100 גרם,false,1,19.90,9.95,true,1,
7290018571408,false,לקקנים בטעם תות 20יח,---,IL,לקקנים בטעם תות,גרמים,220.00,100 גרם,false,1,6.50,2.95,true,1,
7290018571491,false,ריבת חלב אמיתי 340 גרם,מיה,IL,ריבת חלב,גרמים,340.00,100 גרם,false,1,12.90,3.79,true,1,
7290018571606,false,ראס אל חנות תבלין מיה,---,IL,ראס אל חנות תבלי,גרמים,70.00,100 גרם,false,1,7.90,11.29,true,1,
7290018571682,false,גריל עוף 300 גרם מיה,מיה תעשיות מזון מ.ת.מ. ב,IL,גריל עוף 300 גרם,גרמים,300.00,100 גרם,false,1,19.90,6.63,true,1,
7290018571699,false,קמח שקדים 250 גרם,מיה,IL,קמח שקדים,יחידה,1.00,יחידה,false,1,22.90,22.90,true,1,
7290018571705,false,"אורז יסמין מיה 1 ק""ג",מיה,IL,"אורז יסמין 1 ק""ג",קילוגרמים,1.00,"ק""ג",false,1,10.90,10.90,true,1,
7290018571712,false,"אורז פרסי מיה 1 ק""ג",מיה,IL,"אורז פרסי 1 ק""ג",קילוגרמים,1.00,"ק""ג",false,1,9.90,9.90,true,1,
7290018571729,false,"אורז ריזוטו עגול 1 ק""ג",מיה,IL,אורז ריזוטו עגול,קילוגרמים,1.00,"ק""ג",false,1,8.90,8.90,true,1,
7290018571736,false,"אורז בסמטי מיה 1 ק""ג",מיה,IL,אורז בסמטי 1 קג,קילוגרמים,1.00,"ק""ג",false,1,10.90,10.90,true,1,
7290018571743,false,"אורז פרסי מלא 1 ק""ג",מיה,IL,אורז פרסי מלא 1,קילוגרמים,1.00,"ק""ג",false,1,8.90,8.90,true,1,
7290018571750,false,סילאן טבעי 900 מ''ל מיה,---,AE,סילאן טבעי 900 מ,יחידה,1.00,יחידה,false,1,19.90,19.90,true,1,
7290018571767,false,חומץ בלסמי 500 מ''ל מיה,---,IL,חומץ בלסמי 500 מ,יחידה,1.00,יחידה,false,1,17.90,17.90,true,1,
7290018571798,false,ג'לי שמחות 2 צבעים 540 ג,---,IL,ג'לי שמחות,גרמים,540.00,100 גרם,false,1,16.90,3.13,true,1,
7290018571804,false,ג'לי מטבעות 255 גרם,---,IL,ג'לי מטבעות,גרמים,255.00,100 גרם,false,1,9.90,3.88,true,1,
7290018571811,false,סירופ מייפל טהור 250 גרם,מיה,IL,סירופ מייפל טהור,גרמים,250.00,100 גרם,false,1,32.90,13.16,true,1,
7290018608487,false,תבנית R99 ענק 3 יחי,,IL,תבנית R99 ענק 3,יחידה,1.00,יחידה,false,1,6.90,6.90,true,1,
7290018608494,false,תבנית R31 אלומינ' 7 יחי,,IL,תבנית R31 אלומינ,יחידה,1.00,יחידה,false,1,6.90,6.90,true,1,
7290018608500,false,תבנית R2 אלומנ' 7 יחי,,IL,תבנית אלומי' R2,יחידה,1.00,יחידה,false,1,6.90,6.90,true,1,
7290018608517,false,תבנית אלומיניום חלה7יח',,IL,תבנית R64 אלומי,יחידה,1.00,יחידה,false,1,6.90,6.90,true,1,
7290018608524,false,תבנית אלומי R29 קטן12יח',,IL,תבנית R29 אלומינ,יחידה,1.00,יחידה,false,1,6.90,6.90,true,1,
7290018608531,false,תבנית אלומ' R88 ארוך12,,IL,תבנית R88 אינגלי,יחידה,1.00,יחידה,false,1,6.90,6.90,true,1,
7290018608548,false,תבנית אלומ' R15 קצר12י,,IL,תבנית R15 אינגלי,יחידה,1.00,יחידה,false,1,6.90,6.90,true,1,
7290018608555,false,תבנית אלומי'עגול גדול5יח,,IL,תבנית C10 עגולה,יחידה,1.00,יחידה,false,1,6.90,6.90,true,1,
7290018608562,false,תבנית C7 עגול 7 יחי,,IL,תבנית עגול קטן 7,יחידה,1.00,יחידה,false,1,6.90,6.90,true,1,
7290018608678,false,שקיות מזון מרשרש 18/25,,IL,שקיות מזון מרשרש,יחידה,1.00,יחידה,false,1,3.50,3.50,true,1,
7290018608685,false,מפיות .,,,מפיות .,יחידה,1.00,יחידה,false,0,3.90,3.90,true,1,
7290018608746,false,כרית יפנית לניקו,,,כרית יפנית לניקו,יחידה,1.00,יחידה,false,0,7.90,7.90,true,1,
7290018647011,false,"מלית תות מעולה בד""ץ 400",,IL,מלית תות מעולה ב,גרמים,400.00,100 גרם,false,1,11.90,2.98,true,1,
7290018647875,false,שיבולת שועל עבה מעולה קש,,IL,שיבולת שועל עבה,גרמים,500.00,100 גרם,false,1,4.90,0.98,true,1,
7290018647882,false,סילאן לחיץ כשלפ בדץ עח 4,,IL,סילאן לחיץ כשלפ,גרמים,400.00,100 גרם,false,1,10.90,2.73,true,1,
7290018647974,false,תה לימונית ולואי,,,תה לימונית ולואי,יחידה,1.00,יחידה,false,0,12.50,12.50,true,1,
7290018652039,false,להקרמריה קרמל מלוח ונוגט,גלידות נסטלה )נגה גלידות,IL,להקרמריה קרמל מל,גרמים,700.00,100 גרם,false,1,16.90,2.41,true,1,
7290018652053,false,ביסקולידה אקסטרה שוקו ונ,גלידות נסטלה )נגה גלידות,IL,ביסקולידה אקסטרה,יחידה,1.00,יחידה,false,1,5.90,5.90,true,1,
7290018652671,false,לה קרמריה שוקו וניל,---,IL,לה קרמריה שוקו ו,ליטרים,1.40,ליטר,false,1,16.90,12.07,true,1,
7290018652688,false,לה קרמריה טרופי ופ.יער,---,IL,לה קרמריה טרופי,ליטרים,0.84,ליטר,false,1,16.90,20.12,true,1,
7290018652770,false,טילון בייגלה מלוח 115 גר,---,IL,טילון בייגלה מלו,גרמים,115.00,100 גרם,false,1,7.90,6.87,true,1,
7290018652817,false,שלגון וניל עוגיות מצופה,---,IL,שלגון וניל עוגיו,גרמים,55.00,100 גרם,false,1,3.90,7.09,true,1,
7290018652886,false,מאגדת שוקו בננה מצופים,---,IL,מאגדת שוקו בננה,גרמים,476.00,100 גרם,false,1,20.90,4.39,true,1,
7290018652909,false,מאגדת קפה שוקולד ופקאן,---,IL,מאגדת קפה שוקולד,גרמים,215.00,100 גרם,false,1,19.90,9.26,true,1,
7290018652923,false,מאגדת מסקרפונה תות ש.לבן,---,IL,מאגדת מסקרפונה,גרמים,215.00,100 גרם,false,1,19.90,9.26,true,1,
7290018693063,false,מטליות לחות לרצפה ניחוח,,IL,מטליות לחות לרצפ,יחידה,1.00,יחידה,false,1,9.90,9.90,true,1,
7290018693124,false,מטהר אוויר בניחוח ספא,,IL,מטהר אוויר בניחו,יחידה,1.00,יחידה,false,1,9.90,9.90,true,1,
7290018693131,false,מטהר אוויר בניחוח כביסה,,IL,מטהר אוויר בניחו,יחידה,1.00,יחידה,false,1,9.90,9.90,true,1,
7290018693148,false,מטהר אוויר בניחוח אמבר,,IL,מטהר אוויר בניחו,יחידה,1.00,יחידה,false,1,9.90,9.90,true,1,
7290018693247,false,מטליות לחות לרצפה לגונה,,IL,מטליות לחות לרצפ,יחידה,1.00,יחידה,false,1,9.90,9.90,true,1,
7290018693254,false,מרסס לניקוי חלונות + מיל,,IL,מרסס לניקוי חלונ,מיליליטרים,1500.00,"100 מ""ל",false,1,8.90,0.59,true,1,
7290018693261,false,מרסס לניקוי כללי בתוספת,,IL,מרסס לניקוי כללי,מיליליטרים,750.00,"100 מ""ל",false,1,8.90,1.19,true,1,
7290018693278,false,מגב סמוראי סומו,,,מגב סמוראי סומו,יחידה,1.00,יחידה,false,0,19.90,19.90,true,1,
7290018693285,false,100 מפיות נופר,,,100 מפיות נופר,יחידה,1.00,יחידה,false,0,4.90,4.90,true,1,
7290018693308,false,מטהר אוויר טריגר ספא,,IL,מטהר אוויר טריגר,מיליליטרים,250.00,"100 מ""ל",false,1,11.90,4.76,true,1,
7290018693315,false,מטהר אוויר טריגר כביסה ר,,IL,מטהר אוויר טריגר,מיליליטרים,250.00,"100 מ""ל",false,1,11.90,4.76,true,1,
7290018693322,false,מטהר אוויר טריגר אלגנט מ,,IL,מטהר אוויר טריגר,מיליליטרים,250.00,"100 מ""ל",false,1,11.90,4.76,true,1,
7290018693346,false,מטהר אוויר אורוסל אלגנט,,IL,מטהר אוויר אורוס,מיליליטרים,250.00,"100 מ""ל",false,1,9.90,3.96,true,1,
7290018693353,false,מטהר אוויר אורוסל בריזת,,IL,מטהר אוויר אורוס,מיליליטרים,250.00,"100 מ""ל",false,1,9.90,3.96,true,1,
7290018693360,false,מגבונים לחים לניקוי כללי,,IL,מגבונים לחים לני,יחידה,1.00,יחידה,false,1,5.90,5.90,true,1,
7290018693384,false,כפפות ניטריל כחו,,,כפפות ניטריל כחו,יחידה,1.00,יחידה,false,0,16.90,16.90,true,1,
7290018693391,false,כפפות ניטריל כחו,,,כפפות ניטריל כחו,יחידה,1.00,יחידה,false,0,16.90,16.90,true,1,
7290018693407,false,כפפות ניטריל כחו,,,כפפות ניטריל כחו,יחידה,1.00,יחידה,false,0,16.90,16.90,true,1,
7290018693414,false,כפפות ניטריל כחול XL100,,IL,כפפות ניטריל כחו,יחידה,1.00,יחידה,false,1,16.90,16.90,true,1,
7290018693421,false,כפפות ניטריל שחו,,,כפפות ניטריל שחו,יחידה,1.00,יחידה,false,0,16.90,16.90,true,1,
7290018693438,false,כפפות ניטריל שחו,,,כפפות ניטריל שחו,יחידה,1.00,יחידה,false,0,16.90,16.90,true,1,
7290018693445,false,כפפות ניטריל שחו,,,כפפות ניטריל שחו,יחידה,1.00,יחידה,false,0,16.90,16.90,true,1,
7290018693452,false,כפפות ניטריל שחו,,,כפפות ניטריל שחו,יחידה,1.00,יחידה,false,0,16.90,16.90,true,1,
7290018693506,false,כריות יפניות לשבת 4 יחיד,,IL,כריות יפניות לשב,יחידה,1.00,יחידה,false,1,9.90,9.90,true,1,
7290018743003,false,ג'ל לכביסה צבעוני 2.5 ל',"אל.די.גי בע""מ",GR,ג'ל לכביסה2.5 ל',ליטרים,2.50,ליטר,false,1,19.90,7.96,true,1,
7290018743010,false,ג'ל לכביסה לבנה 2.5 ליטר,"אל.די.גי בע""מ",GR,ג'ל לכביסה לבנה,ליטרים,2.50,ליטר,false,1,19.90,7.96,true,1,
7290018743027,false,מ.כביסה מרוכז יסמין 1ליט,"אל.די.גי בע""מ",GR,מ.כביסה מרוכז 1ל,ליטרים,1.00,ליטר,false,1,11.90,11.90,true,1,
7290018743034,false,מ.כביסה מרוכז סחלב 1ל',"אל.די.גי בע""מ",GR,מרכך כביסה מרוכז,ליטרים,1.00,ליטר,false,1,11.90,11.90,true,1,
7290018743041,false,מ.כביסה מרוכז מאסק 1ליטר,"אל.די.גי בע""מ",GR,מרכך כביסה מרוכז,ליטרים,1.00,ליטר,false,1,11.90,11.90,true,1,
7290018790007,false,עוגיות אמריקאיות במילוי,מגדנית הדר,IL,עוגיות אמריקאיות,גרמים,150.00,100 גרם,false,1,4.90,3.27,true,1,
7290018846124,false,ממרח קרם נוגט אג,,,ממרח קרם נוגט אג,יחידה,1.00,יחידה,false,0,10.90,10.90,true,1,
7290018846179,false,תה ירוק+נענע קשת גיבורים,,IL,תה ירוק+נענע,יחידה,1.00,יחידה,false,1,12.50,12.50,true,1,
7290018846186,false,תה ירוק+ג'ינג'ר ולימונית,,IL,תה ירוק+ג'ינג'ר,יחידה,1.00,יחידה,false,1,12.50,12.50,true,1,
7290018846193,false,תה ירוק עם קמומיל מעולה,,IL,תה ירוק עם קמומי,יחידה,1.00,יחידה,false,1,12.50,12.50,true,1,
7290018846230,false,חטיפי דגנים+מייפל5זוגות,,IL,חטיפי דגנים+מייפ,יחידה,1.00,יחידה,false,1,9.90,9.90,true,1,
7290018846247,false,חטיפי דגנים+שוקולד5זוגות,,IL,חטיפי דגנים+שוקו,יחידה,1.00,יחידה,false,1,9.90,9.90,true,1,
7290018846292,false,טורטיה מקמח חיטה,,,טורטיה מקמח חיטה,יחידה,1.00,יחידה,false,0,11.90,11.90,true,1,
7290018846308,false,טורטיה 8 יחי' מע,,,טורטיה 8 יחי' מע,יחידה,1.00,יחידה,false,0,11.90,11.90,true,1,
7290018846315,false,טורטיה חיטה מלאה מעולה ק,,IL,טורטיה חיטה מלאה,גרמים,320.00,100 גרם,false,1,11.90,3.72,true,1,
7290018878002,false,מיקס קרקר מצופה,,,מיקס קרקר מצופה,יחידה,1.00,יחידה,false,0,3.90,3.90,true,1,
7290018878132,false,שלוקים ענבים פקק 26 יח',,IL,שלוקים ענבים פקק,יחידה,1.00,יחידה,false,1,35.90,35.90,true,1,
7290018878330,false,משקה קל בטעם ענבים פקק ש,"כרמית מזון בע""\מ",IL,משקה קל בטעם ענב,יחידה,1.00,יחידה,false,1,35.90,35.90,true,1,
7290018879801,false,סוכריות טופי ממו,,,סוכריות טופי ממו,יחידה,1.00,יחידה,false,0,1.50,1.50,true,1,
7290018879979,false,מרשמלו לבן טעם וניל 150,,IL,מרשמלו לבן טעם ו,גרמים,150.00,100 גרם,false,1,4.90,3.27,true,1,
7290018935231,false,20 צלחות ענק מתכלות קנה,,IL,צלחת ענק 20 מתכל,יחידה,1.00,יחידה,false,1,19.90,19.90,true,1,
7290018935248,false,20 צלחות גדול מתכלות קנה,,IL,20 צלחות גדול מת,יחידה,1.00,יחידה,false,1,15.90,15.90,true,1,
7290018935255,false,20 צלחות קטן מתכלות קנה,,IL,20 צלחות קטן מתכ,יחידה,1.00,יחידה,false,1,11.90,11.90,true,1,
7290018935262,false,10 מגשים אובלי מתכלה קנה,,IL,10 מגשים אובלי מ,יחידה,1.00,יחידה,false,1,9.90,9.90,true,1,
7290018935279,false,10 מגשים אובלי ג. מתכלה,,IL,10 מגשים אובלי ג,יחידה,1.00,יחידה,false,1,13.90,13.90,true,1,
7290018935767,false,כוסיות ליקר גדולות 20 יח,,IL,כוסיות ליקר גדול,יחידה,1.00,יחידה,false,1,6.90,6.90,true,1,
7290018935811,false,"75 כוסות ח""פ CC 180",,IL,"75 כוסות ח""פ 180",יחידה,1.00,יחידה,false,1,5.90,5.90,true,1,
7290019005032,false,לקקן תות 50 יחי' קשת גיב,,IL,לקקן תות 50 יחי',יחידה,1.00,יחידה,false,1,13.90,13.90,true,1,
7290019005063,false,אצבעות טופי תות 'מעולה',,IL,אצבעות טופי תות,יחידה,1.00,יחידה,false,1,17.90,17.90,true,1,
7290019005087,false,אצבעות טופי תפוח,,,אצבעות טופי תפוח,יחידה,1.00,יחידה,false,0,17.90,17.90,true,1,
7290019005179,false,"ג'לי טריק 1 ק""ג",,IL,"ג'לי טריק 1 ק""ג",קילוגרמים,0.00,"ק""ג",false,1,38.90,38.90,true,1,
7290019005186,false,גלי טריק פירות יער מצופה,,IL,גלי טריק פירות י,גרמים,100.00,100 גרם,false,1,4.90,4.90,true,1,
7290019005193,false,גלי טריק אוכמניות כחולות,,IL,גלי טריק אוכמניו,גרמים,100.00,100 גרם,false,1,4.90,4.90,true,1,
7290019005209,false,גלי טריק לבבות 100 גר מע,,IL,גלי טריק לבבות 1,גרמים,100.00,100 גרם,false,1,4.90,4.90,true,1,
7290019005216,false,גלי טריק כוכבים קשת גיבו,,IL,גלי טריק כוכבים,גרמים,100.00,100 גרם,false,1,4.90,4.90,true,1,
7290019005278,false,גלי טריק פלחי פירות חמוץ,,IL,גלי טריק פלחי פי,גרמים,100.00,100 גרם,false,1,4.90,4.90,true,1,
7290019005339,false,"סוכריות על מקל ""מעולה""",,IL,"סוכריות על מקל """,יחידה,1.00,יחידה,false,1,14.90,14.90,true,1,
7290019005377,false,ג'לי טריק פירות יער מעול,,IL,ג'לי טריק פירות,יחידה,1.00,יחידה,false,1,7.90,7.90,true,1,
7290019005421,false,ג'לי טריק כוכבים מצופים,,IL,ג'לי טריק כוכבים,יחידה,1.00,יחידה,false,1,12.90,12.90,true,1,
7290019005452,false,ג'לי טריק עיגולים מצופים,,IL,ג'לי טריק עיגולי,יחידה,1.00,יחידה,false,1,12.90,12.90,true,1,
7290019005469,false,ג'לי טריק פלחי פירות מעו,,IL,ג'לי טריק פלחי פ,יחידה,1.00,יחידה,false,1,12.90,12.90,true,1,
7290019005490,false,ג'לי טריק דובים חמוץ מעו,,IL,ג'לי טריק דובים,יחידה,1.00,יחידה,false,1,12.90,12.90,true,1,
7290019005506,false,ג'לי טריק בקבוקים חמוץ מ,,IL,ג'לי טריק בקבוקי,יחידה,1.00,יחידה,false,1,12.90,12.90,true,1,
7290019005612,false,גלי טריק אוכמניות כחולות,,IL,גלי טריק אוכמניו,גרמים,300.00,100 גרם,false,1,12.90,4.30,true,1,
7290019005650,false,גלי טריק לבבות מצופים סו,,IL,גלי טריק לבבות מ,גרמים,100.00,100 גרם,false,1,4.90,4.90,true,1,
7290019005773,false,גלי טריק לבבות מט 1 קג מ,,IL,גלי טריק לבבות מ,קילוגרמים,0.00,"ק""ג",false,1,38.90,38.90,true,1,
7290019005803,false,גלי טריק דובים חמוץ 1 קג,,IL,גלי טריק דובים ח,קילוגרמים,0.00,"ק""ג",false,1,38.90,38.90,true,1,
7290019005827,false,גלי טריק פירות חמוצים קט,,IL,גלי טריק פירות ח,גרמים,300.00,100 גרם,false,1,12.90,4.30,true,1,
7290019005872,false,גלי טריק מיקס חיות חמוץ,,IL,גלי טריק מיקס חי,קילוגרמים,0.00,"ק""ג",false,1,38.90,38.90,true,1,
7290019005896,false,גלי טריק פלחי פירות גדול,,IL,גלי טריק פלחי פי,קילוגרמים,0.00,"ק""ג",false,1,38.90,38.90,true,1,
7290019005919,false,גלי טריק קוביות חמוץ 100,,IL,גלי טריק קוביות,גרמים,100.00,100 גרם,false,1,4.90,4.90,true,1,
7290019006015,false,סוכר דמררה אורגני קשת גב,,IL,סוכר דמררה אורגנ,קילוגרמים,0.00,"ק""ג",false,1,7.90,7.90,true,1,
7290019006107,false,מזרה צבעוני מעולה קשת גי,,IL,מזרה צבעוני מעול,גרמים,190.00,100 גרם,false,1,7.90,4.16,true,1,
7290019006435,false,טורטיה מזונות קמח חיטה ק,,IL,טורטיה מזונות קמ,יחידה,1.00,יחידה,false,1,11.90,11.90,true,1,
7290019006596,false,מזרה שוקו מעולה קשת גיבו,,IL,מזרה שוקו מעולה,גרמים,190.00,100 גרם,false,1,7.90,4.16,true,1,
7290019006770,false,מיקס לסלט עם חמוציות קשת,,IL,מיקס לסלט עם חמו,גרמים,200.00,100 גרם,false,1,13.90,6.95,true,1,
7290019006787,false,מיקס לסלט עם בוטנים קשת,,IL,מיקס לסלט עם בוט,גרמים,200.00,100 גרם,false,1,13.90,6.95,true,1,
7290019006800,false,פתי בר שוקו קשת גיבורים,,IL,פתי בר שוקו,גרמים,100.00,100 גרם,false,1,1.90,1.90,true,1,
7290019006817,false,פתי בר וניל קשת גיבורים,,IL,פתי בר וניל,גרמים,100.00,100 גרם,false,1,1.90,1.90,true,1,
7290019006831,false,פתיבר אצבעות קשת גיבורים,,IL,פתיבר אצבעות,גרמים,720.00,100 גרם,false,1,13.90,1.93,true,1,
7290019006862,false,פתי בר וניל קשת גיבורים,,IL,פתי בר וניל,גרמים,400.00,100 גרם,false,1,6.50,1.63,true,1,
7290019006879,false,פתי בר שוקו קשת גיבורים,,IL,פתי בר שוקו,גרמים,400.00,100 גרם,false,1,6.50,1.63,true,1,
7290019006886,false,גרנולה שוקולד וחלווה קשת,,IL,גרנולה שוקולד וח,גרמים,300.00,100 גרם,false,1,11.90,3.97,true,1,
7290019006916,false,ג'לי טריק לבבות מעולה 30,,IL,ג'לי טריק לבבות,יחידה,1.00,יחידה,false,1,12.90,12.90,true,1,
7290019006954,false,ג'לי טריק כוכבים מעולה 1,,IL,ג'לי טריק כוכבים,יחידה,1.00,יחידה,false,1,7.90,7.90,true,1,
7290019014003,false,נוזל רצפות אואזיס טאצ' 4,,IL,נוזל רצפות אואזי,ליטרים,0.00,ליטר,false,1,11.90,11.90,true,1,
7290019014010,false,נוזל רצפות לגונה טאצ' 4,,IL,נוזל רצפות לגונה,ליטרים,0.00,ליטר,false,1,11.90,11.90,true,1,
7290019014034,false,נוזל רצפות לוטוס טאצ' 4,,IL,נוזל רצפות לוטוס,ליטרים,0.00,ליטר,false,1,11.90,11.90,true,1,
7290019014102,false,נוזל ניקוי והברקה בניחוח,,IL,נוזל ניקוי והברק,מיליליטרים,1000.00,"100 מ""ל",false,1,8.90,0.89,true,1,
7290019014317,false,קרם לניקוי כיריים זכוכית,,IL,קרם לניקוי כיריי,מיליליטרים,500.00,"100 מ""ל",false,1,14.90,2.98,true,1,
7290019014331,false,מבריק למדיח שניב,,IL,מבריק למדיח,מיליליטרים,750.00,"100 מ""ל",false,1,11.90,1.59,true,1,
7290019014348,false,ניקוי והברקת נירוסטה 500,סאסאטק,IL,ניקוי נירוסטה,מיליליטרים,500.00,"100 מ""ל",false,1,29.90,5.98,true,1,
7290019014386,false,ניקוי הברקה רהיטי עץ500מ,סאסאטק,IL,ניקוירהיטי עץ,מיליליטרים,500.00,"100 מ""ל",false,1,29.90,5.98,true,1,
7290019014423,false,מבשם כביסה לבית טורקיז,סאסאטק,IL,מבשם כביסה ולבית,מיליליטרים,500.00,"100 מ""ל",false,1,29.90,5.98,true,1,
7290019014522,false,דלי מטליות לניקוי והברקה,,IL,דלי מטליות לניקו,יחידה,1.00,יחידה,false,1,14.90,14.90,true,1,
7290019056003,false,שוופס מוגז למונייד1.5*4ל,"יפאורה תבורי בע""\מ",IL,שוופס למונ1.5*4ל,ליטרים,6.00,ליטר,false,0,17.90,2.98,true,1,
7290019056027,false,שוופס ללא סוכר תפוח1.5ל,"יפאורה תבורי בע""\מ",IL,שוופס ללא סוכ,ליטרים,1.50,ליטר,false,0,8.20,5.47,true,1,
7290019056034,false,שוופס אננס ללא סוכר 1.5ל,יפאורה תבורי,IL,שוופס אננס,ליטרים,1.50,ליטר,false,0,8.20,5.47,true,1,
7290019056041,false,שוופס למונייד ל.סוכר1.5ל,יפאורה תבורי,IL,שוופס למונייד,ליטרים,1.50,ליטר,false,0,8.20,5.47,true,1,
7290019056058,false,שוופס מוגז עדין תפוח1.5ל,"יפאורה תבורי בע""\מ",IL,שוופס מוגז תפוח,ליטרים,1.50,ליטר,false,0,8.50,5.67,true,1,
7290019056065,false,שוופס מוגז עדין פ.יער1.5,"יפאורה תבורי בע""\מ",IL,שוופס מוגז,ליטרים,1.50,ליטר,false,0,8.50,5.67,true,1,
7290019056072,false,שוופס מוגז עדין אננס1.5ל,יפאורה תבורי בעמ,IL,שוופס מוגז עד,ליטרים,1.50,ליטר,false,0,8.50,5.67,true,1,
7290019056089,false,שוופס מוגז עדין ריזל1.5ל,"יפאורה תבורי בע""\מ",IL,שוופס מוגז,ליטרים,1.50,ליטר,false,0,8.50,5.67,true,1,
7290019056096,false,שוופס מוגז עדין אפרסק1.5,"יפאורה תבורי בע""\מ",IL,שוופס אפרסק,ליטרים,1.50,ליטר,false,0,8.50,5.67,true,1,
7290019056119,false,שוופס מי סודה 1.5 ליטר,"יפאורה תבורי בע""\מ",IL,שוופס מי סודה,ליטרים,1.50,ליטר,false,0,3.20,2.13,true,1,
7290019056126,false,שוופס סודה לימון 1.5ליטר,"יפאורה תבורי בע""\מ",IL,שוופס סודה לי,ליטרים,1.50,ליטר,false,0,3.20,2.13,true,1,
7290019056164,false,שוופס סודה 1.5*4 ליטר,"יפאורה תבורי בע""\מ",IL,שוופס סודה1.5*4ל,ליטרים,6.00,ליטר,false,0,9.90,1.65,true,1,
7290019056171,false,שוופס סודה לימון 1.5*4 ל,"יפאורה תבורי בע""\מ",IL,סודה לימון 1.5*4,ליטרים,6.00,ליטר,false,0,9.90,1.65,true,1,
7290019056188,false,שוופס סודה נענע לי1.5*4ל,"יפאורה תבורי בע""\מ",IL,שוופס סודה1.5*4ל,ליטרים,6.00,ליטר,false,0,9.90,1.65,true,1,
7290019056195,false,שוופס סודה למ.גראס1.5*4ל,"יפאורה תבורי בע""\מ",IL,שוופס סודה 4 יח,ליטרים,6.00,ליטר,false,0,9.90,1.65,true,1,
7290019056201,false,שוופ.סודה פירות יער1.5*4,"יפאורה תבורי בע""\מ",IL,שוופס סודה1.5*4ל,ליטרים,6.00,ליטר,false,0,9.90,1.65,true,1,
7290019056232,false,שוופס ליים מוחיטו 1.5 ל,"יפאורה תבורי בע""\מ",IL,שוופס ליים מו,ליטרים,1.50,ליטר,false,0,7.50,5.00,true,1,
7290019056249,false,שוופס מים טעם ענבים 1.5ל,יפאורה תבורי בעמ,IL,מים בטעם ענבי,ליטרים,1.50,ליטר,false,0,6.80,4.53,true,1,
7290019056256,false,שוופס מים בטעם תפוח 1.5ל,יפאורה תבורי בעמ,IL,שוופס מים תפו,ליטרים,1.50,ליטר,false,0,6.80,4.53,true,1,
7290019056263,false,שוופס מים טעם אפרסק 1.5ל,יפאורה תבורי בעמ,IL,שוופס מים אפר,ליטרים,1.50,ליטר,false,0,6.80,4.53,true,1,
7290019056270,false,מים טעם פירות יער 1.5 ל,"יפאורה תבורי בע""\מ",IL,מים פירות יער,ליטרים,1.50,ליטר,false,0,6.80,4.53,true,1,
7290019056287,false,שוופס מים 0קלור.אפרסק1.5,יפאורה שותפות מובגלת לשי,IL,שוופס מים אפר,ליטרים,1.50,ליטר,false,0,6.80,4.53,true,1,
7290019056294,false,שוופס ג'ינג'ר 1.5 ליטר,"יפאורה תבורי בע""\מ",IL,שוופס ג'ינג'ר,ליטרים,1.50,ליטר,false,0,9.90,6.60,true,1,
7290019056300,false,שוופס ביטר לימון 1.5ליטר,"יפאורה תבורי בע""\מ",IL,שוופס ביטר לי,ליטרים,1.50,ליטר,false,0,9.90,6.60,true,1,
7290019056317,false,שוופס ראש'ן 1.5 ליטר,"יפאורה תבורי בע""\מ",IL,שוופס ראש'ן,ליטרים,1.50,ליטר,false,0,9.90,6.60,true,1,
7290019056324,false,שוופס טוניק 1.5 ליטר,"יפאורה תבורי בע""\מ",IL,שוופס מי טוני,ליטרים,1.50,ליטר,false,0,9.90,6.60,true,1,
7290019056331,false,שוופס טוניק ללא סוכר1.5ל,יפאורה תבורי בעמ,IL,מי טוניק ל.סו,ליטרים,1.50,ליטר,false,0,11.90,7.93,true,1,
7290019056355,false,תפוזינה לימונדה נענע1.5ל,"יפאורה תבורי בע""\מ",IL,תפוזינה לימונ,ליטרים,1.50,ליטר,false,0,7.90,5.27,true,1,
7290019056362,false,"תפוזינה משק""ל ענבים1.5ל","יפאורה תבורי בע""\מ",IL,תפוזינה ענבים,ליטרים,1.50,ליטר,false,0,7.90,5.27,true,1,
7290019056379,false,תפוזינה משקה קל תפוז1.5ל,"יפאורה תבורי בע""\מ",IL,תפוזינה תפוזי,ליטרים,1.50,ליטר,false,0,7.90,5.27,true,1,
7290019056386,false,תפוזינה אשכוליות 1.5ליטר,"יפאורה תבורי בע""\מ",IL,תפוזינה אשכול,ליטרים,1.50,ליטר,false,0,7.90,5.27,true,1,
7290019056393,false,תפוזינה תות בננה 1.5ליטר,"יפאורה תבורי בע""\מ",IL,תפוזינה תות ב,ליטרים,1.50,ליטר,false,0,7.90,5.27,true,1,
7290019056409,false,תפוזינה מנגו עסיס 1.5 ל',"יפאורה תבורי בע""\מ",IL,תפוזינה מנגו,ליטרים,1.50,ליטר,false,0,7.90,5.27,true,1,
7290019056423,false,תפוזינה תפוח רענן 1.5 ל',"יפאורה תבורי בע""\מ",IL,תפוזינה תפוח,ליטרים,1.50,ליטר,false,0,7.90,5.27,true,1,
7290019056430,false,תפוזינה תפוזים לייט1.5ל,"יפאורה תבורי בע""\מ",IL,תפוזינה לייט,ליטרים,1.50,ליטר,false,0,7.90,5.27,true,1,
7290019056447,false,תפוזינה אשכוליות לייט1.5,"יפאורה תבורי בע""\מ",IL,אשכוליות לייט,ליטרים,1.50,ליטר,false,0,7.90,5.27,true,1,
7290019056454,false,קולה R.C. 1.5 ליטר,"יפאורה תבורי בע""\מ",IL,R.C קולה,ליטרים,1.50,ליטר,false,0,7.20,4.80,true,1,
7290019056461,false,קולה RC מארז 1.5*6 ליטר,"יפאורה תבורי בע""\מ",IL,RC קולה 6 יח,ליטרים,9.00,ליטר,false,0,33.90,3.77,true,1,
7290019056478,false,תה ספרינג אפרסק 1.5 ליטר,"יפאורה תבורי בע""\מ",IL,ספרינג תה אפר,ליטרים,1.50,ליטר,false,0,7.20,4.80,true,1,
7290019056485,false,תה ספרינג ירוק לימון1.5ל,"יפאורה תבורי בע""\מ",IL,תה ספרינג ירו,ליטרים,1.50,ליטר,false,0,7.20,4.80,true,1,
7290019056492,false,ספרינג תה מנגו אפרסק1.5ל,"יפאורה תבורי בע""\מ",IL,ספרינג תה מנג,ליטרים,1.50,ליטר,false,0,7.20,4.80,true,1,
7290019056508,false,פרוט ווטר ענבים 1.5 ליטר,"יפאורה תבורי בע""\מ",IL,פרוט ווטר ענב,ליטרים,1.50,ליטר,false,0,8.90,5.93,true,1,
7290019056515,false,פרוט ווטר אננס 1.5 ליטר,"יפאורה תבורי בע""\מ",IL,פרוט ווטר אננ,ליטרים,1.50,ליטר,false,0,8.90,5.93,true,1,
7290019056522,false,פרוט ווטר תות 1.5 ליטר,"יפאורה תבורי בע""\מ",IL,פרוט ווטר תות,ליטרים,1.50,ליטר,false,0,8.90,5.93,true,1,
7290019056539,false,פרוט ווטר אפרסק 1.5 ליטר,"יפאורה תבורי בע""\מ",IL,פרוט ווטר אפר,ליטרים,1.50,ליטר,false,0,8.90,5.93,true,1,
7290019056546,false,פרוט ווטר אבטיח 1.5 ליטר,"יפאורה תבורי בע""\מ",IL,פרוט ווטר אבט,ליטרים,1.50,ליטר,false,0,8.90,5.93,true,1,
7290019056553,false,עין גדי מים מינרל. 2*6 ל,עין גדי מיים מינרלים,IL,מים עין גדי2*6ל,ליטרים,12.00,ליטר,false,0,11.70,0.98,true,1,
7290019056560,false,מים מינרלים עין גדי 2 ל',עין גדי מיים מינרלים,IL,מים מינרלים,ליטרים,2.00,ליטר,false,0,2.90,1.45,true,1,
7290019056577,false,ספרינג משקה מנגו 1.5 ל',"יפאורה תבורי בע""\מ",IL,ספרינג מנגו,ליטרים,1.50,ליטר,false,0,7.60,5.07,true,1,
7290019056584,false,ספרינג משקה תפוזים 1.5ל',"יפאורה תבורי בע""\מ",IL,ספרינג תפוזים,ליטרים,1.50,ליטר,false,0,7.60,5.07,true,1,
7290019056591,false,ספרינג ענבים 1.5 ליטר,"יפאורה תבורי בע""\מ",IL,ספרינג ענבים,ליטרים,1.50,ליטר,false,0,7.60,5.07,true,1,
7290019056607,false,ספרינג מיץ תפוחים 1.5 ל',"יפאורה תבורי בע""\מ",IL,ספרינג תפוחים,ליטרים,1.50,ליטר,false,0,7.60,5.07,true,1,
7290019056614,false,ספרינג משקה אפרסק 1.5 ל',"יפאורה תבורי בע""\מ",IL,ספרינג אפרסק,ליטרים,1.50,ליטר,false,0,7.60,5.07,true,1,
7290019056621,false,ספרינג פירות טרופיים1.5ל,"יפאורה תבורי בע""\מ",IL,משקה ספרינג,ליטרים,1.50,ליטר,false,0,7.60,5.07,true,1,
7290019056638,false,ספרינג תות-בננה 1.5 ליטר,"יפאורה תבורי בע""\מ",IL,ספרינג תות בנ,ליטרים,1.50,ליטר,false,0,7.60,5.07,true,1,
7290019056645,false,ספרינג אגס סברס תפוח1.5ל,"יפאורה תבורי בע""\מ",IL,משקה ספרינג,ליטרים,1.50,ליטר,false,0,7.60,5.07,true,1,
7290019056652,false,ספרינג אננס בננה1.5 ליטר,"יפאורה תבורי בע""\מ",IL,ספרינג אננס ב,ליטרים,1.50,ליטר,false,0,7.60,5.07,true,1,
7290019056669,false,ספרינג תפוחים לייט 1.5 ל,"יפאורה תבורי בע""\מ",IL,ספרינג תפוח ל,ליטרים,1.50,ליטר,false,0,7.90,5.27,true,1,
7290019056676,false,ספרינג אשכולית/אננס לייט,"יפאורה תבורי בע""\מ",IL,ספרינג לייט,ליטרים,1.50,ליטר,false,0,7.90,5.27,true,1,
7290019056720,false,משקה קל ענבים קריסטל 2ל',"יפאורה תבורי בע""\מ",IL,משקה קל ענבים,ליטרים,2.00,ליטר,false,0,6.00,3.00,true,1,
7290019056737,false,מיץ אשכוליות קריסטל2ליטר,"יפאורה תבורי בע""\מ",IL,קריסטל אשכולי,ליטרים,2.00,ליטר,false,0,6.00,3.00,true,1,
7290019056744,false,משקה קל תפוזים קריסטל 2ל,"יפאורה תבורי בע""\מ",IL,משקה קל תפוזי,ליטרים,2.00,ליטר,false,0,6.00,3.00,true,1,
7290019056751,false,משקה קל אשכוליות דיאט 2ל,"יפאורה תבורי בע""\מ",IL,אשכוליות דיאט,ליטרים,2.00,ליטר,false,0,7.00,3.50,true,1,
7290019056768,false,משקה קל מנגו 2 ליטר,"יפאורה תבורי בע""\מ",IL,קריסטל מנגו,ליטרים,2.00,ליטר,false,0,6.00,3.00,true,1,
7290019056775,false,קריסטל ענבים מוגז 2 ליטר,"יפאורה תבורי בע""\מ",IL,קריסטל ענבים,ליטרים,2.00,ליטר,false,0,6.00,3.00,true,1,
7290019056782,false,קריסטל למון ליים 2 ליטר,"יפאורה תבורי בע""\מ",IL,גזוז לימון לי,ליטרים,2.00,ליטר,false,0,6.00,3.00,true,1,
7290019056799,false,קריסטל אקזוטי מוגז 2ליטר,"יפאורה תבורי בע""\מ",IL,קריסטל אקזוטי,ליטרים,2.00,ליטר,false,0,6.00,3.00,true,1,
7290019056805,false,"קריסטל תפו""ע מוגז 2 ליטר","יפאורה תבורי בע""\מ",IL,גזוז בטעם תפו,ליטרים,2.00,ליטר,false,0,6.00,3.00,true,1,
7290019056812,false,גזוז בטעם מנטה קריסטל 2ל,"יפאורה תבורי בע""\מ",IL,גזוז בטעם מנט,ליטרים,2.00,ליטר,false,0,6.00,3.00,true,1,
7290019056829,false,קריסטל אורנג' 2 ליטר,"יפאורה תבורי בע""\מ",IL,קריסטל אורנג',ליטרים,2.00,ליטר,false,0,6.00,3.00,true,1,
7290019056836,false,קריסטל תות מוגז 2 ליטר,"יפאורה תבורי בע""\מ",IL,קריסטל מוגז ת,ליטרים,2.00,ליטר,false,0,6.00,3.00,true,1,
7290019056843,false,גזוז בטעם קולה קריסטל 2ל,"יפאורה תבורי בע""\מ",IL,קריסטל קולה,ליטרים,2.00,ליטר,false,0,6.00,3.00,true,1,
7290019056850,false,תה ספרינג דיאט אפרסק1.5ל,"יפאורה תבורי בע""\מ",IL,תה ספרינג דיא,ליטרים,1.50,ליטר,false,0,7.20,4.80,true,1,
7290019056959,false,מי-עדן מים מינרלים 1.5 ל,"מופק ממקור בזלתי עדן ,1",IL,מי עדן 1.5 לי,ליטרים,1.50,ליטר,false,0,2.90,1.93,true,1,
7290019056973,false,מים מינרליים מי עדן1.5*6,"מופק ממקור בזלתי עדן ,1",IL,מי עדן 1.5*6ל,ליטרים,9.00,ליטר,false,0,12.70,1.41,true,1,
7290019077213,false,דבש נטע 400 ג' ל,,,דבש נטע 400 ג' ל,יחידה,1.00,יחידה,false,0,17.90,17.90,true,1,
7290019129301,false,מארז מתוקים 'פרלינגו' שו,,IL,מארז מתוקים 'פרל,יחידה,1.00,יחידה,false,1,29.90,29.90,true,1,
7290019153023,false,"RC קולה לל""ס1.5*4ליטר","יפאורה תבורי בע""\מ",IL,RC קולה רביעייה,ליטרים,6.00,ליטר,false,1,25.90,4.32,true,1,
7290019153078,false,שוופס ביטר למון לייט1.5ל,"יפאורה תבורי בע""\מ",IL,שוופס ביטר למון,ליטרים,1.50,ליטר,false,1,11.90,7.93,true,1,
7290019153085,false,"שוופס מוחיטו לל""ס 1.5 ל","יפאורה תבורי בע""\מ",IL,שוופס מוחיטו ללס,ליטרים,1.50,ליטר,false,1,8.20,5.47,true,1,
7290019153252,false,שוופס סודה תפוח *4 1.5ל,"יפאורה תבורי בע""\מ",IL,שוופס סודה 4 בק,ליטרים,6.00,ליטר,false,1,9.90,1.65,true,1,
7290019153269,false,שוופס סודה אננס *4 1.5ל,"יפאורה תבורי בע""\מ",IL,שוופס סודה 4 בק,ליטרים,6.00,ליטר,false,1,9.90,1.65,true,1,
7290019153344,false,תפוזינה סנגרייה 1.5 ליטר,"יפאורה תבורי בע""\מ",IL,תפוזינה סנגרייה,ליטרים,1.50,ליטר,false,1,7.90,5.27,true,1,
7290019153351,false,תפוזינה פינק אוזו 1.5ל,"יפאורה תבורי בע""\מ",IL,תפוזינה פינק,ליטרים,1.50,ליטר,false,1,7.90,5.27,true,1,
7290019153375,false,תפוזינה מוחיטו 1.5 ליטר,"יפאורה תבורי בע""\מ",IL,תפוזינה מוחיטו,ליטרים,1.50,ליטר,false,1,7.90,5.27,true,1,
7290019153535,false,שוופס למוניד ל.סוכר330*4,יפאורה,IL,שוופס לימונייד4*,ליטרים,1.32,ליטר,false,1,11.90,9.02,true,1,
7290019302315,false,"באזז אבטיח מבעבע 750 מ""ל",יקבי כרמל,IL,באזז אבטיח מבעבע,מיליליטרים,750.00,"100 מ""ל",false,1,23.90,3.19,true,1,
7290019453000,false,קוגל אטריות משולש 650 גר,,IL,קוגל אטריות משול,יחידה,1.00,יחידה,false,1,15.90,15.90,true,1,
7290019453024,false,קוגל אטריות מתוק 750 גרם,,IL,קוגל אטריות מתוק,גרמים,750.00,100 גרם,false,1,15.90,2.12,true,1,
7290019453031,false,"קוגל תפו""א 750 גרם",,IL,"קוגל תפו""א",גרמים,750.00,100 גרם,false,1,15.90,2.12,true,1,
7290019453444,false,קוגל תפו''א פירה תכלית,,IL,קוגל תפו''א פירה,יחידה,1.00,יחידה,false,1,15.90,15.90,true,1,
7290019453512,false,רוגעלך קטנים 500 גרם,,IL,רוגעלך קטנים,גרמים,500.00,100 גרם,false,1,13.90,2.78,true,1,
7290026609032,false,שקיות אשפה 75/90 עם שרוך,,IL,אשפתון עם שרוך,יחידה,1.00,יחידה,false,0,18.90,18.90,true,1,
7290055090801,false,"שוקולד לבן ללת""ס 85 גרם","כרמית תעשיות ממתקים בע""\",IL,שוקולד לבן,גרמים,85.00,100 גרם,false,0,5.90,6.94,true,1,
7290100240137,false,בדין תרסיס מייבש כחול500,"זוהר דליה, קיבוץ דליה, 1",IL,תרסיס למייבש,מיליליטרים,500.00,"100 מ""ל",false,0,13.90,2.78,true,1,
7290100240144,false,בדין תרסיס מייבש ורוד500,"זוהר דליה, קיבוץ דליה, 1",IL,תרסיס למייבש,מיליליטרים,500.00,"100 מ""ל",false,0,13.90,2.78,true,1,
7290100240632,false,פתית קרקר 6 דגנים 250גרם,יוניליוור ישראל מזון בע\,IL,פתית 6 דגנים,גרמים,250.00,100 גרם,false,0,12.90,5.16,true,1,
7290100240656,false,פתית קרקר שיפון 300 גרם,יוניליוור ישראל מזון בע\,IL,פתית קרקר שיפון,גרמים,300.00,100 גרם,false,0,12.90,4.30,true,1,
7290100243671,false,"בדין אקסטרה כחול 960 מ""ל",יוניליוור סנאיי וי טיקאר,TR,מרכך כביסה בדין,מיליליטרים,960.00,"100 מ""ל",false,0,14.90,1.55,true,1,
7290100249598,false,רוטב לעוף שום ודבש320גרם,יוניליוור ישראל מזון בע\,IL,רוטב לעוף,גרמים,320.00,100 גרם,false,0,8.90,2.78,true,1,
7290100412763,false,"תחליב רחצה לבנדר 700 מ""ל",אמיליה,IL,תחליב רחצה,מיליליטרים,700.00,"100 מ""ל",false,1,9.90,1.41,true,1,
7290100653609,false,ליידי ספיד סטיק24/7 ורוד,קולגייט פלמוליב,US,דאודורנט,גרמים,45.00,100 גרם,false,0,11.90,26.44,true,1,
7290100659090,false,חטיף FREE תמר וקינמון5יח,טבעית מוצרים מן הטבע בעמ,IL,חטיף FREE תמרים,גרמים,110.00,100 גרם,false,0,11.90,10.82,true,1,
7290100680711,false,פירורית זהב,עינת תעשיות,IL,פירורית זהב אסם,גרמים,350.00,100 גרם,false,0,6.90,1.97,true,1,
7290100680728,false,פירורית רגילה 350 גרם,"אסם השקעות בע""\מ",IL,פירורית אסם,גרמים,350.00,100 גרם,false,0,5.90,1.69,true,1,
7290100681015,false,אינסטנ.פודינג ריבת חלב84,"אסם השקעות בע""מ",IL,אינסטנט פודינג,גרמים,84.00,100 גרם,false,0,4.90,5.83,true,1,
7290100681138,false,אפרופו 50*3 גרם,"אסם השקעות בע""\מ",IL,אפרופו 3יח במארז,גרמים,150.00,100 גרם,false,0,11.90,7.93,true,1,
7290100681503,false,סירופ לימונענע דיאט 1 ל',בית-השיטה עסיס תעשיות מז,IL,סירופ דיאט,ליטרים,1.00,ליטר,false,0,9.90,9.90,true,1,
7290100683880,false,פירה 260 גרם,"אסם השקעות בע""\מ",IL,פירה אסם,גרמים,260.00,100 גרם,false,0,11.90,4.58,true,1,
7290100685136,false,"מרק טעם עוף פרווה 1 ק""ג","אסם השקעות בע""\מ",IL,מרק טעם עוף,קילוגרמים,1.00,"ק""ג",false,0,11.90,11.90,true,1,
7290100685334,false,מרק עוף רכיבים טבעיים400,"אסם השקעות בע""\מ",IL,מרק עוף אמיתי,גרמים,400.00,100 גרם,false,0,19.90,4.98,true,1,
7290100685341,false,מרק ט.עוף רכ' טבעיים400ג,"אסם השקעות בע""\מ",IL,מרק טעם עוף,גרמים,400.00,100 גרם,false,0,13.90,3.48,true,1,
7290100686171,false,ביסלי גריל 6 * 35 גרם,"אסם השקעות בע""\מ",IL,ביסלי מארז 6 יח,גרמים,210.00,100 גרם,false,0,11.90,5.67,true,1,
7290100687109,false,במבה נוגט 60 גרם,"אסם השקעות בע""\מ",IL,במבה נוגט,גרמים,60.00,100 גרם,false,0,3.90,6.50,true,1,
7290100689301,false,מרק בטעם עוף זך 400גר,"אסם השקעות בע""\מ",IL,מרק בטעם עוף זך,גרמים,400.00,100 גרם,false,0,13.90,3.48,true,1,
7290100700020,false,גריסי פנינה 500 גרם,"סוגת תעשיות בע""\מ",IL,גריסי פנינה,גרמים,500.00,100 גרם,false,0,3.90,0.78,true,1,
7290100700327,false,"גריסי פנינה 1 ק""ג","סוגת תעשיות בע""\מ",IL,"גריסי פנינה 1ק""ג",קילוגרמים,1.00,"ק""ג",false,0,6.90,6.90,true,1,
7290100703861,false,קמח תערובת קסם לחלה 1קג,"שטיבל בע""\מ - טחנות קמח",IL,קמח קסם,קילוגרמים,1.00,"ק""ג",false,1,5.90,5.90,true,1,
7290100824313,false,סבון נוזלי בסט3X,,IL,סבון נוזלי בסט3X,מיליליטרים,1500.00,"100 מ""ל",false,0,11.90,0.79,true,1,
7290100829721,false,בייבי ליין משחת החתלה לת,,,בייבי ליין משחת,יחידה,1.00,יחידה,false,0,11.90,11.90,true,1,
7290100850909,false,דוריטוס נאצ'ו 70 גרם,"שטראוס פריטו ליי  בע""\מ",IL,דוריטוס נאצ'ו,גרמים,70.00,100 גרם,false,0,2.90,4.14,true,1,
7290100850916,false,דוריטוס חמוץ חריף 70 גרם,"שטראוס פריטו ליי בע""\מ )",IL,דוריטוס חמוץ ח,גרמים,70.00,100 גרם,false,0,2.90,4.14,true,1,
7290100850923,false,דוריטוס גריל 70 גרם,"שטראוס פריטו ליי בע""\מ )",IL,דוריטוס גריל,גרמים,70.00,100 גרם,false,0,2.90,4.14,true,1,
7290100850930,false,דוריטוס בטעם טבעי 70 גרם,"שטראוס פריטו ליי בע""\מ )",IL,חטיף דוריטוס,גרמים,70.00,100 גרם,false,0,2.90,4.14,true,1,
7290100852606,false,קפה טורקי 100*4 גרם,שטראוס קפה בי.וי.,IL,קפה טורקי 4 יח,גרמים,400.00,100 גרם,false,0,28.90,7.23,true,1,
7290100858608,false,קקאו עלית 500 גרם,שטראוס קפה בי.ויn\.,IL,קקאו עלית,גרמים,500.00,100 גרם,false,0,19.90,3.98,true,1,
7290100921401,false,שמפו הוואי קרטין מחזק700,טרופיקל דגיל,IL,שמפו הוואי,מיליליטרים,700.00,"100 מ""ל",false,0,7.90,1.13,true,1,
7290100921418,false,מרכך הוואי קרטין מחזק700,טרופיקל דגיל בעמ,IL,מרכך הוואי,מיליליטרים,700.00,"100 מ""ל",false,0,7.90,1.13,true,1,
7290100922569,false,קרם ידיים ולווטה 100*3מל,טרופיקל דגיל,IL,קרם ידיים ולווטה,מיליליטרים,300.00,"100 מ""ל",false,0,14.90,4.97,true,1,
7290100922651,false,הוואי סבון מי קוקוס100*4,פוליבה,IL,סבון הוואי 4 יח,גרמים,400.00,100 גרם,false,1,8.90,2.23,true,1,
7290100924457,false,סבון אסלה סוד לימון50*3ג,הנקל,RS,סבון אסלה 3 יח,גרמים,150.00,100 גרם,false,1,12.90,8.60,true,1,
7290100924464,false,סבון אסלה אקונומיקה50*3ג,הנקל,HU,סבון אסלה 3 יח,גרמים,150.00,100 גרם,false,1,12.90,8.60,true,1,
7290100925676,false,קולור קאצ'ר 20 דפים,"הנקל סוד בע""\מ",IE,דפי קולור קאצ'ר,יחידה,1.00,יחידה,false,1,19.90,19.90,true,1,
7290101138983,false,קוגל תפוחי אדמה 600 גרם,,IL,קוגל תפוחי אדמה 600 גרם,גרמים,600.00,100 גרם,false,0,12.90,2.15,true,1,
7290101486688,false,חטיף FREE עם שוקולד 5יח',טבעית מוצרים מן הטבע בעמ,IL,חטיף FREE 5 יח',גרמים,100.00,100 גרם,false,0,11.90,11.90,true,1,
7290101551263,false,"סילאן  טבעי ללת""ס 700 גר","פוליבה בע""\מ",IL,סילאן טבעי,גרמים,700.00,100 גרם,false,1,19.90,2.84,true,1,
7290101551300,false,"סילאן טבעי לחיץ ללת""ס380","פוליבה בע""\מ",IL,סילאן טבעי לחיץ,גרמים,380.00,100 גרם,false,1,13.90,3.66,true,1,
7290101551539,false,דנונה פרו+חלבון אפרסק200,"שטראוס בריאות בע""מ",IL,דנונה פרו אפרסק,גרמים,200.00,100 גרם,false,1,4.90,2.45,true,1,
7290101551584,false,תפוצ'יפס קידס 20*10 גרם,"שטראוס פריטו ליי בע""מ )פ",IL,תפוצ'יפס קידס10*,גרמים,200.00,100 גרם,false,1,10.90,5.45,true,1,
7290101551638,false,צ'יטוס כאפה מארז 20*10 ג,"שטראוס פריטו ליי בע""מ )פ",IL,צ'יטוס כאפה 10יח,גרמים,200.00,100 גרם,false,1,10.90,5.45,true,1,
7290101824459,false,ניילון נצמד+ סכין 150/45,,IL,ניילון נצמד + סכ,יחידה,1.00,יחידה,false,1,19.90,19.90,true,1,
7290101863410,false,סיליט אקונומיקה ספריי750,רקיט בנקיזר,PL,סילים ספריי,מיליליטרים,750.00,"100 מ""ל",false,0,9.90,1.32,true,1,
7290101864127,false,מסיר כתמים קליה750מ,רקיט בנקיזר,IL,קליה ספריי,מיליליטרים,750.00,"100 מ""ל",false,0,14.90,1.99,true,1,
7290101869764,false,אירויק מכשיר חלום קיץ250,רקיט בנקיזר,CN,אירויק מכשיר,מיליליטרים,250.00,"100 מ""ל",false,1,39.90,15.96,true,1,
7290101869788,false,איירוויק מילוי 250מל,רקיט בנקיזר,GB,אירוויק מילוי,מיליליטרים,250.00,"100 מ""ל",false,1,11.90,4.76,true,1,
7290101869801,false,אירויק מכשיר אואזיס 19מל,---,HU,אירויק מכשיר,מיליליטרים,19.00,"100 מ""ל",false,1,19.90,104.74,true,1,
7290101869818,false,אירויק מכשיר חלום ל.קיץ,רקיט בנקיזר,HU,אירויק מכשיר,מיליליטרים,19.00,"100 מ""ל",false,1,19.90,104.74,true,1,
7290101869825,false,איירוויק מילוי אואזיס19מ,רקיט בנקיזר,CN,אירוויק מילוי,מיליליטרים,19.00,"100 מ""ל",false,1,14.90,78.42,true,1,
7290101869832,false,איירוויק מילוי ליל קיץ,רקיט בנקיזר,CN,אירוויק מילוי,מיליליטרים,19.00,"100 מ""ל",false,1,14.90,78.42,true,1,
7290101869917,false,איירוויק מילוי 250מל,רקיט בנקיזר,GB,אירוויק מילוי,מיליליטרים,250.00,"100 מ""ל",false,1,11.90,4.76,true,1,
7290101869979,false,מקלות ריחניים אואזיס,רקיט בנקיזר,HU,מקלות ריחניים,יחידה,1.00,יחידה,false,1,15.90,15.90,true,1,
7290101982470,false,"ממתק רולר 30 מ""ל",טייפן פאן טיים,CN,ממתק רולר,מיליליטרים,30.00,"100 מ""ל",false,0,6.90,23.00,true,1,
7290102030330,false,תפוצ'יפס מקסיקני 200 גרם,"שטראוס פריטו ליי בע""\מ )",IL,תפוצ'יפס,גרמים,200.00,100 גרם,false,0,8.90,4.45,true,1,
7290102031276,false,"אקטימל תות בננה 100*8מ""ל","שטראוס גרופ בע""\מ",IL,אקטימל 8 יח,מיליליטרים,800.00,"100 מ""ל",false,0,16.90,2.11,true,1,
7290102060979,false,"משחה שיניים אלמקס 100מ""ל",קולגייט- פלמוליב,PL,משחת שיניים,מיליליטרים,100.00,"100 מ""ל",false,0,11.90,11.90,true,1,
7290102393268,false,גבינה לבנה 5% 750 גרם,טרה,IL,גבינה לבנה 5%,גרמים,750.00,100 גרם,false,0,13.90,1.85,true,1,
7290102395446,false,מעדן בטעם וניל וקצפת 123,טרה,IL,מעדן וניל וקצפת,גרמים,123.00,100 גרם,false,0,2.00,1.63,true,1,
7290102398560,false,שוקו מועשר בבקבוק 1 ליטר,מילקו תעשיות בעמ,IL,שוקו מועשר בקבוק,ליטרים,1.00,ליטר,false,1,9.90,9.90,true,1,
7290102398638,false,משקה חלב בטעם מוקה 1ליטר,מילקו תעשיות בעמ,IL,משקה חלב מוקה,ליטרים,1.00,ליטר,false,1,9.90,9.90,true,1,
7290102398652,false,שוקו אגוזים טרה בקבוק1ל,מילקו תעשיות בעמ,IL,שוקו אגוזים,ליטרים,1.00,ליטר,false,1,9.90,9.90,true,1,
7290102398669,false,אייס קפוצ'ינו 1 ליטר,מילקו תעשיות בעמ,IL,אייס קפוצ'ינו,ליטרים,1.00,ליטר,false,1,9.90,9.90,true,1,
7290102470747,false,חבק למפית,,,חבק למפית,יחידה,1.00,יחידה,false,0,5.90,5.90,true,1,
7290102600335,false,כפיות קרם 50 יח',,,כפיות קרם 50 יח',יחידה,1.00,יחידה,false,0,7.90,7.90,true,1,
7290102600359,false,כפות קרם 50 יח',,,כפות קרם 50 יח',יחידה,1.00,יחידה,false,0,8.90,8.90,true,1,
7290102600373,false,סכין שקוף ארוז,,IL,סכין שקוף ארוז,יחידה,1.00,יחידה,false,0,8.90,8.90,true,1,
7290102600380,false,מזלג שקוף 50 יח',,,מזלג שקוף 50 יח',יחידה,1.00,יחידה,false,0,8.90,8.90,true,1,
7290102600427,false,כפות שקוף 50 יח',,,כפות שקוף 50 יח',יחידה,1.00,יחידה,false,0,8.90,8.90,true,1,
7290102600434,false,כפיות שקוף 50 יח',,IL,כפיות שקוף 50 יח,יחידה,1.00,יחידה,false,0,7.90,7.90,true,1,
7290102600458,false,מזלג קרם 50 יח',,,מזלג קרם 50 יח',יחידה,1.00,יחידה,false,0,8.90,8.90,true,1,
7290102600465,false,סכין קרם 50 יח',,,סכין קרם 50 יח',יחידה,1.00,יחידה,false,0,8.90,8.90,true,1,
7290102611904,false,כפות אמריקאי חד פעמי 100,,CN,כפות חד פעמי,יחידה,1.00,יחידה,false,1,7.50,7.50,true,1,
7290102840175,false,פודינג וניל פרווה 85 גרם,מיה תעשיות מזון מ.ת.מ. ב,IL,פודינג וניל,גרמים,85.00,100 גרם,false,0,1.90,2.24,true,1,
7290102840182,false,פודינג שוקולד פרווה 85גר,מיה תעשיות מזון מ.ת.מ. ב,IL,פודינג שוקולד,גרמים,85.00,100 גרם,false,0,1.90,2.24,true,1,
7290102840199,false,ג'לי משמש פרווה 85 גרם,מיה תעשיות מזון מ.ת.מ. ב,IL,ג'לי משמש,גרמים,90.00,100 גרם,false,0,2.90,3.22,true,1,
7290102840205,false,ג'לי תות 85 גרם,מיה תעשיות מזון מ.ת.מ. ב,IL,ג'לי תות,גרמים,85.00,100 גרם,false,0,2.90,3.41,true,1,
7290103126797,false,"קולגייט פרו ריליף 75 מ""ל",קולגייט פלמוליב,BR,משחת קולגייט,מיליליטרים,75.00,"100 מ""ל",false,0,21.90,29.20,true,1,
7290103129392,false,ליידי ס.ס אינפיוזן סגול,קולגייט פלמוליב,US,ליידי ספיד סטיק,גרמים,65.00,100 גרם,false,0,11.90,18.31,true,1,
7290103129408,false,ליידי ספיד סטיק פרש אסנס,קולגייט פלמוליב,US,ליידי ספיד סטיק,גרמים,65.00,100 גרם,false,0,11.90,18.31,true,1,
7290103129637,false,בלונס פדים אובליים 40 יח,ספטונה,GR,בלונס פרים,יחידה,1.00,יחידה,false,0,7.90,7.90,true,1,
7290103153779,false,מכסה לתבנית R31 .,,IL,מכסה לתבנית R31,יחידה,1.00,יחידה,false,1,5.90,5.90,true,1,
7290103153786,false,מכסה לתבנית R2 .,,IL,מכסה לתבנית R2,יחידה,1.00,יחידה,false,1,5.90,5.90,true,1,
7290103155582,false,מכסה לתבנית R64 .,,IL,מכסה לתבנית R64,יחידה,1.00,יחידה,false,1,5.90,5.90,true,1,
7290103203405,false,צלו ליקר שוקולד תפוז 16%,ישראליקר,IL,ליקר שוקולד תפוז,מיליליטרים,500.00,"100 מ""ל",false,0,29.90,5.98,true,1,
7290103203412,false,צ'לו ליקר שוקו.מנטה 500מ,ישראליקר,IL,ליקר שוקולד מנטה,מיליליטרים,500.00,"100 מ""ל",false,0,29.90,5.98,true,1,
7290103203436,false,ליקר דובדבן,,IL,ליקר דובדבן,מיליליטרים,500.00,"100 מ""ל",false,0,29.90,5.98,true,1,
7290103203443,false,"ליקר בננה 500 מ""ל",ישראליקר,IL,ליקר בננה,מיליליטרים,500.00,"100 מ""ל",false,0,29.90,5.98,true,1,
7290103203450,false,"ליקר אמרטו 500 מ""ל",ישראליקר,IL,ליקר אמרטו,מיליליטרים,500.00,"100 מ""ל",false,0,29.90,5.98,true,1,
7290103401429,false,קפה פלטינום ברזילאי 200,עלית,IL,קפה פלטינום,גרמים,200.00,100 גרם,false,0,19.90,9.95,true,1,
7290103404758,false,סלט כרוב אדום יום יום120,"שטראוס גרופ בע""\מ",IL,כרוב אדום אחלה,גרמים,120.00,100 גרם,false,0,3.90,3.25,true,1,
7290103700041,false,מארז מטליות טאצ 9 יחידות,שניב,IL,מארז מטליות,יחידה,1.00,יחידה,false,1,8.90,8.90,true,1,
7290103700072,false,טאצ  מטליות זיגזג 3 יחיד,שניב,IL,טאצ מטליות זיגזג,יחידה,1.00,יחידה,false,1,8.90,8.90,true,1,
7290103700324,false,טאצ' זוג שקיות אוכל,שניב,IL,טאצ שקיות אוכל,יחידה,1.00,יחידה,false,1,9.90,9.90,true,1,
7290103700331,false,טאצ' שקית אוכל רב תכליות,טאצ',IL,טאצ' שקית אוכל ר,יחידה,1.00,יחידה,false,0,12.90,12.90,true,1,
7290103700386,false,טאצ כריות קרצוף 6 יחידות,שניב תעשיות נייר,IL,טאצ כריות קרצוף,יחידה,1.00,יחידה,false,1,8.90,8.90,true,1,
7290103700393,false,טאצ כריות קרצוף 4 יחידות,שניב תעשיות נייר,IL,טאצ כריות קרצוף,יחידה,1.00,יחידה,false,1,8.90,8.90,true,1,
7290103701017,false,נייר אפייה טאצ נשלף50יח,שניב תעשיות נייר,IL,נייר אפיה 50יח,יחידה,1.00,יחידה,false,1,7.90,7.90,true,1,
7290103701055,false,כוסות נייר 8 טאצ,,,כוסות נייר 8 טאצ,יחידה,1.00,יחידה,false,0,6.90,6.90,true,1,
7290103701086,false,טאצ' כוס קרטון 12BB 50,,IL,טאצ' כוס קרטון,יחידה,1.00,יחידה,false,1,14.90,14.90,true,1,
7290103701093,false,מיקרופייבר לריצפה טאצ',שניב,IL,מיקרופייבר לרצפה,יחידה,1.00,יחידה,false,1,11.90,11.90,true,1,
7290103701130,false,מיקרופייבר לניקוי כללי,שניב,IL,טאץ לניקוי כללי,יחידה,1.00,יחידה,false,1,11.90,11.90,true,1,
7290103701178,false,טאצ ספוג הפלא בלוק 1 יחי,שניב תעשיות נייר,IL,טאצ ספוג הפלא,יחידה,1.00,יחידה,false,1,3.90,3.90,true,1,
7290103702212,false,טאצ' ממחטות כיס רגיל10יח,שניב,IL,טאצ ממחטות כיס,יחידה,1.00,יחידה,false,1,5.90,5.90,true,1,
7290103702311,false,טאצ' ממחטות כיס מנטול 10,שניב,IL,טאצ ממחטות כיס,יחידה,1.00,יחידה,false,1,5.90,5.90,true,1,
7290103702410,false,נייר טואלט חתוך טאצ 6 יח,שניב,IL,נייר טואלט חתוך,יחידה,1.00,יחידה,false,1,17.90,17.90,true,1,
7290103702526,false,ממחטות טאצ' בקופסא 100יח,שניב,IL,ממחטות טאצ,יחידה,1.00,יחידה,false,1,5.90,5.90,true,1,
7290103702540,false,נייר טואלט טאצ' 30 גלילי,שניב,IL,נייר טואלט טאצ',יחידה,1.00,יחידה,false,1,21.90,21.90,true,1,
7290103702649,false,ממחטות עדן חמישיה 5 יחיד,,IL,ממחטות עדן חמישי,יחידה,1.00,יחידה,false,1,7.90,7.90,true,1,
7290103702779,false,מפיות טאצ 150 יח,שניב,IL,מפיות טאצ 150 יח,יחידה,1.00,יחידה,false,1,5.90,5.90,true,1,
7290103703226,false,טאצ' מטליות לחות לניקוי,,IL,טאצ' מטליות לחות,יחידה,1.00,יחידה,false,1,7.90,7.90,true,1,
7290103703240,false,טאצ' מטליות לחות לריצפה,,IL,טאצ' מטליות לחות,יחידה,1.00,יחידה,false,1,8.90,8.90,true,1,
7290103703370,false,טאצ' מגבוני טואלט לחים מ,,IL,טאצ' מגבוני טואל,יחידה,1.00,יחידה,false,1,13.90,13.90,true,1,
7290103703455,false,טאצ' ספוג מבריק הפלא,שניב תעשיות נייר,IL,טאצ' ספוג מבריק,יחידה,1.00,יחידה,false,1,8.90,8.90,true,1,
7290103703998,false,טאצ'  מגבונים אנטיבקטריא,,IL,טאצ'  מגבונים אנ,יחידה,1.00,יחידה,false,1,8.90,8.90,true,1,
7290103704162,false,טואלט טאצ' 32 מהדורת2021,שניב,IL,טואלט טאצ' 32,יחידה,1.00,יחידה,false,1,27.90,27.90,true,1,
7290103704186,false,נייר מגבת שישייה שניב,,IL,נייר מגבת טאצ',יחידה,1.00,יחידה,false,1,18.90,18.90,true,1,
7290103704759,false,נייר טואלט טאצ' לבן 16 ג,,IL,נייר טואלט טאצ',יחידה,1.00,יחידה,false,1,29.90,29.90,true,1,
7290103704766,false,נ.טואלט טאצ גליל כפול .,"שניב תעשיות נייר בע""\מ",IL,נ.טואלט טאצ גליל,יחידה,1.00,יחידה,false,1,37.90,37.90,true,1,
7290103739003,false,נייר טואלט לאבלי,,,נייר טואלט לאבלי,מטרים,588.00,100 מטר,false,0,29.90,5.09,true,1,
7290103743000,false,נייר טואלט לאבלי,,,נייר טואלט לאבלי,מטרים,588.00,100 מטר,false,0,29.90,5.09,true,1,
7290103746001,false,ממחטות אף טאצ',,IL,ממחטות אף טאצ',יחידה,1.00,יחידה,false,0,11.90,11.90,true,1,
7290104061417,false,חומוס עם טחינה אחלה 400ג,"שטראוס גרופ בע""\מ",IL,חומוס טחינה אחלה,גרמים,400.00,100 גרם,false,0,8.90,2.23,true,1,
7290104061431,false,חומוס עם צנובר אחלה 400ג,"שטראוס גרופ בע""\מ",IL,חומוס צנובר אחלה,גרמים,400.00,100 גרם,false,0,8.90,2.23,true,1,
7290104066566,false,טחינה אחלה 500 גרם,"שטראוס גרופ בע""\מ",IL,טחינה אחלה 500גר,גרמים,500.00,100 גרם,false,0,11.90,2.38,true,1,
7290104068546,false,מאסט קולה לימון 28 גרם,עלית,IL,מסטיק מאסט,גרמים,28.00,100 גרם,false,0,2.90,10.36,true,1,
7290104364655,false,ק.אנטי אייג'נג אבוקדו50מ,ספא פארמה,IL,קרם אנטי אייגינג,מיליליטרים,50.00,"100 מ""ל",false,0,14.90,29.80,true,1,
7290104366949,false,אוליב קרם לחות לשיער,א.פ.חורי,IL,אוליב קרם לחות ל,מיליליטרים,500.00,"100 מ""ל",false,0,14.90,2.98,true,1,
7290104500572,false,אפרופו איטליאנו 50 גרם,"אסם השקעות בע""\מ",IL,אפרופו איטליאנו,גרמים,50.00,100 גרם,false,0,3.90,7.80,true,1,
7290104504228,false,מיני דובונים 20*5 גרם,"אסם השקעות בע""\מ",IL,מיני דובונים 5יח,גרמים,100.00,100 גרם,false,0,9.90,9.90,true,1,
7290104508943,false,במבה חטיף בוטנים 200 גרם,"אסם השקעות בע""\מ",IL,במבה חטיף בוטנים,גרמים,200.00,100 גרם,false,0,7.50,3.75,true,1,
7290104570292,false,תמר מג'הול,,IL,תמר מג'הול,קילוגרמים,1.00,"ק""ג",false,0,19.90,19.90,true,1,
7290104722530,false,תפוצ'יפס שמנת בצל 200גרם,"שטראוס פריטו ליי בע""\מ )",IL,תפוצ'יפס שמנת,גרמים,200.00,100 גרם,false,0,8.90,4.45,true,1,
7290104726712,false,מארז מילקי ט.שוקולד170*8,"שטראוס גרופ בע""\מ",IL,מארז מילקי 8 יח',ליטרים,1.36,ליטר,false,0,16.90,12.43,true,1,
7290104728310,false,שמנת לקצפת 38% 250 גרם,מחלבת יטבתה,IL,שמנת לקצפת 38%,גרמים,250.00,100 גרם,false,0,5.90,2.36,true,1,
7290104729010,false,לבן בטעם תות 100 גרם,מחלבת יטבתה,IL,לבן בטעם תות,גרמים,100.00,100 גרם,false,0,1.20,1.20,true,1,
7290104850677,false,מגש אובלי אלגנט,,IL,מגש אובלי אלגנט,יחידה,1.00,יחידה,false,0,23.90,23.90,true,1,
7290104850691,false,מגש אובלי אלגנט,,IL,מגש אובלי אלגנט,יחידה,1.00,יחידה,false,0,23.90,23.90,true,1,
7290104850769,false,מגש אובלי אלגנט,,IL,מגש אובלי אלגנט,יחידה,1.00,יחידה,false,0,15.90,15.90,true,1,
7290104850783,false,מגש אובלי עמוק,,IL,מגש אובלי עמוק,יחידה,1.00,יחידה,false,0,15.90,15.90,true,1,
7290104850790,false,מגש אובלי אלגנט,,IL,מגש אובלי אלגנט,יחידה,1.00,יחידה,false,0,15.90,15.90,true,1,
7290104850868,false,צלחת אלגנט,,IL,צלחת אלגנט,יחידה,1.00,יחידה,false,0,18.90,18.90,true,1,
7290104850875,false,צלחת אלגנט,,IL,צלחת אלגנט,יחידה,1.00,יחידה,false,0,18.90,18.90,true,1,
7290104850882,false,25צלחות ענק אלגנט כסף,,IL,צלחות ענק אלגנט,יחידה,1.00,יחידה,false,0,18.90,18.90,true,1,
7290104850905,false,צלחות גדולות,,IL,צלחות גדולות,יחידה,1.00,יחידה,false,0,18.90,18.90,true,1,
7290104851223,false,צלחת קרם אלגנט,,IL,צלחת קרם אלגנט,יחידה,1.00,יחידה,false,0,8.90,8.90,true,1,
7290104851230,false,צלחת מרק אלגנט,,IL,צלחת מרק אלגנט,יחידה,1.00,יחידה,false,0,8.90,8.90,true,1,
7290104851247,false,צלחות מרק אלגנט,,IL,צלחות מרק אלגנט,יחידה,1.00,יחידה,false,0,8.90,8.90,true,1,
7290104851254,false,25 צלחות למרק,,IL,25 צלחות למרק,יחידה,1.00,יחידה,false,0,8.90,8.90,true,1,
7290104851346,false,צלחת זהב אלגנט,,IL,צלחת זהב אלגנט,יחידה,1.00,יחידה,false,0,8.90,8.90,true,1,
7290104851612,false,ליפתנית אלגנט,,IL,ליפתנית אלגנט,יחידה,1.00,יחידה,false,0,5.90,5.90,true,1,
7290104851629,false,ליפתנית אלגנט,,IL,ליפתנית אלגנט,יחידה,1.00,יחידה,false,0,5.90,5.90,true,1,
7290104851636,false,ליפתניות אלגנט,,IL,ליפתניות אלגנט,יחידה,1.00,יחידה,false,0,5.90,5.90,true,1,
7290104851643,false,ליפתניות אלגנט,,IL,ליפתניות אלגנט,יחידה,1.00,יחידה,false,0,5.90,5.90,true,1,
7290104851674,false,קערית אובלית,,IL,קערית אובלית,יחידה,1.00,יחידה,false,0,6.90,6.90,true,1,
7290104851681,false,קערית אובלית זהב,,IL,קערית אובלית זהב,יחידה,1.00,יחידה,false,0,6.90,6.90,true,1,
7290104851698,false,קעריות אלגנט כסף,,IL,קעריות אלגנט כסף,יחידה,1.00,יחידה,false,0,6.90,6.90,true,1,
7290104851704,false,קערית אובלית,,IL,קערית אובלית,יחידה,1.00,יחידה,false,0,6.90,6.90,true,1,
7290104852176,false,נר נשמה פחית,,IL,נר נשמה פחית,יחידה,1.00,יחידה,false,0,1.20,1.20,true,1,
7290104852503,false,מגבונים נשטפים,,IL,מגבונים נשטפים,יחידה,1.00,יחידה,false,0,8.90,8.90,true,1,
7290104852794,false,תבנית אלומיניום קטנות 8,,IL,תבנית אלומיניום,יחידה,1.00,יחידה,false,0,8.90,8.90,true,1,
7290104856884,false,רדיד אלומיום צר פאלאס .,,IL,רדיד אלומיום צר,יחידה,1.00,יחידה,false,1,28.90,28.90,true,1,
7290104856891,false,רדיד אלומיניום רחב פאלאס,,IL,ר.אלומיניום רחב,יחידה,1.00,יחידה,false,1,29.90,29.90,true,1,
7290104859786,false,תבנית אלומ' R31 .,,IL,תבנית אלומ' R31,יחידה,1.00,יחידה,false,1,6.90,6.90,true,1,
7290104859793,false,תבנית אלומ' ענקית R99 .,,IL,תבנית אלומ' R99,יחידה,1.00,יחידה,false,1,6.90,6.90,true,1,
7290104859809,false,תבנית אלומ' ארוכה R88 .,,IL,תבנית אלומיניום,יחידה,1.00,יחידה,false,1,6.90,6.90,true,1,
7290104859816,false,מארז 7 תבניות R2,,,מארז 7 תבניות R2,יחידה,1.00,יחידה,false,0,6.90,6.90,true,1,
7290104859823,false,תבנית אלומ' עמוקה R64 .,,IL,תבנית אלומ' R64,יחידה,1.00,יחידה,false,1,6.90,6.90,true,1,
7290104960239,false,סבון נקה7 ארומה לבן 750מ,טרופיקל דגיל תעשיות קוסמ,IL,תחליב רחצה נקה 7,מיליליטרים,750.00,"100 מ""ל",false,0,9.90,1.32,true,1,
7290104960246,false,תחליב רח.נקה 7  ורוד 750,טרופיקל דגיל תעשיות קוסמ,IL,תחליב רחצה נקה 7,מיליליטרים,750.00,"100 מ""ל",false,0,9.90,1.32,true,1,
7290104961243,false,תח.רחצה נקה7 קוקוס 750מ,טרופיקל דגיל תעשיות קוסמ,IL,תחליב רחצה,מיליליטרים,750.00,"100 מ""ל",false,0,9.90,1.32,true,1,
7290104961250,false,תחליב רחצה נקה7 וניל 750,טרופיקל דגיל תעשיות קוסמ,IL,תחליב רחצה נקה,מיליליטרים,750.00,"100 מ""ל",false,0,9.90,1.32,true,1,
7290104961533,false,טיטניום ספריי בלק 150מ,קרליין,IL,טיטניום ספריי,מיליליטרים,150.00,"100 מ""ל",false,0,9.90,6.60,true,1,
7290104961540,false,טיטניום ספריי מטאל 150מ,קרליין,IL,טיטניום ספריי,מיליליטרים,150.00,"100 מ""ל",false,0,9.90,6.60,true,1,
7290104962073,false,דאו.טיטניום,,IL,דאו.טיטניום,מיליליטרים,180.00,"100 מ""ל",false,0,13.90,7.72,true,1,
7290104962080,false,דאו.טיטניום,,IL,דאו.טיטניום,מיליליטרים,150.00,"100 מ""ל",false,0,9.90,6.60,true,1,
7290104963216,false,סופטקר אל סבון עדין 1 ל',קוסמופארם בע'\'\מ,IL,סופטקר אל סבון,ליטרים,1.00,ליטר,false,1,14.90,14.90,true,1,
7290104963650,false,סופטקר שמפו צהוב 1ליטר,קוסמופארם בע'\'\מ,IL,סופטקר שמפו,ליטרים,1.00,ליטר,false,1,14.90,14.90,true,1,
7290104964756,false,"תיאדנט מי פה ענבים150מ""ל",אמיליה קוסמטיקס בע'\'\מ,IL,תיאדנט מי פה,מיליליטרים,150.00,"100 מ""ל",false,1,14.70,9.80,true,1,
7290104965661,false,דאו.ספריי KISS בנות150מל,אמיליה קוסמטיקס בעמ,IL,דאודורנט ספריי,מיליליטרים,150.00,"100 מ""ל",false,1,11.70,7.80,true,1,
7290105180094,false,כפפות ויניל L 100 יח,איזי טאצ',CN,כפפות ויניל L,יחידה,1.00,יחידה,false,0,27.90,27.90,true,1,
7290105180131,false,כפפות ויניל S 100 יח,איזי טאצ',CN,כפפות ויניל S,יחידה,1.00,יחידה,false,0,27.90,27.90,true,1,
7290105180186,false,בקבוק מעוצב עם ידיות,אריסטוקרט,IL,בקבוק למעוצב,יחידה,1.00,יחידה,false,0,14.90,14.90,true,1,
7290105180193,false,"בקבוק צר 125מ""ל",אריסטוקרט,IL,בקבוק לתינוק,יחידה,1.00,יחידה,false,0,6.90,6.90,true,1,
7290105180209,false,שלישיית בקבוקים,,,שלישיית בקבוקים,יחידה,1.00,יחידה,false,0,14.90,14.90,true,1,
7290105180230,false,פלסטרים מצוירים,,,פלסטרים מצוירים,יחידה,1.00,יחידה,false,0,5.90,5.90,true,1,
7290105180278,false,משחת נעלים חום,,,משחת נעלים חום,מיליליטרים,60.00,"100 מ""ל",false,0,3.90,6.50,true,1,
7290105180315,false,4 ננסי קרצוף,,CN,4 ננסי קרצוף,יחידה,1.00,יחידה,false,0,4.90,4.90,true,1,
7290105180322,false,בקבוק ספורט קלאסי,אריסטוקרט,IL,בקבוק ספורט,יחידה,1.00,יחידה,false,0,9.90,9.90,true,1,
7290105180353,false,סכין גילוח 10 יח,אריסטוקרט,IL,סכין גילוח,יחידה,1.00,יחידה,false,0,6.90,6.90,true,1,
7290105180360,false,3מוצץ סיליקון צבעוני קטן,אריסטוקרט,TH,מוצץ סיליקון 3יח,יחידה,1.00,יחידה,false,0,14.90,14.90,true,1,
7290105180377,false,מוצץ סיליקון צבע.שלישייה,אריסטוקרט,TH,מוצץ סיליקון 3יח,יחידה,1.00,יחידה,false,0,14.90,14.90,true,1,
7290105180384,false,3מוצ.סיליקון צבעוני גדול,אריסטוקרט,TH,מוצץ סיליקון 3יח,יחידה,1.00,יחידה,false,0,14.90,14.90,true,1,
7290105180391,false,בקבוק צר מעוצב 2 יחידה,אריסטוקרט,TH,בקבוק צר מעוצב,יחידה,1.00,יחידה,false,0,16.90,16.90,true,1,
7290105180407,false,בקבוק רחב גדול 2 יחידה,אריסטוקרט,TH,בקבוק רחב,יחידה,1.00,יחידה,false,0,29.90,29.90,true,1,
7290105180445,false,צמרוני אוזניים עץ 300 יח,אריסטוקרט,CN,צמרוני אוזניים,יחידה,1.00,יחידה,false,1,2.90,2.90,true,1,
7290105180452,false,צמרוני אוזניים + שסתום,אריסטוקרט,CN,צמורנים 55יח,יחידה,1.00,יחידה,false,0,2.90,2.90,true,1,
7290105180483,false,צימרוני אוזניים פלסטיק 3,,IL,צ.אוזניים פלסטיק,יחידה,1.00,יחידה,false,1,4.90,4.90,true,1,
7290105180681,false,משחת נעליים,,TR,משחת נעליים,מיליליטרים,75.00,"100 מ""ל",false,0,7.90,10.53,true,1,
7290105180827,false,מוצץ כלנית יחידה,אריסטוקרט,IL,מוצץ כלנית,יחידה,1.00,יחידה,false,0,4.90,4.90,true,1,
7290105180902,false,מברשות שיניים 5 יח,אריסטוקרט,IL,מברשות שיניים,יחידה,1.00,יחידה,false,1,9.90,9.90,true,1,
7290105180933,false,מטלית מקרופייבר למטבח חמ,,IL,מטלית מקרופייבר,יחידה,1.00,יחידה,false,1,6.90,6.90,true,1,
7290105180971,false,מדחום אקולוגי גאליום 1יח,אריסטוקרט,IL,מדחום אקולוגי,יחידה,1.00,יחידה,false,1,17.90,17.90,true,1,
7290105181312,false,קיסמי שיניים מלחייה 300,,IL,קיסמי שיניים 300,יחידה,1.00,יחידה,false,1,2.50,2.50,true,1,
7290105181329,false,"שמן תינוקות 400 מ""ל",אריסטוקרט,IL,שמן תינוקות,מיליליטרים,400.00,"100 מ""ל",false,1,15.90,3.98,true,1,
7290105181367,false,מחזיקונים לעגלה זוג,אריסטוקרט,CN,מחזיקונים לעגלה,יחידה,1.00,יחידה,false,1,24.90,24.90,true,1,
7290105181459,false,טעימון סיליקון לתינוק 1,,TH,טעימון סיליקון,יחידה,1.00,יחידה,false,1,24.90,24.90,true,1,
7290105181466,false,קיסמי שיניים מלחייה 500,,IL,קיסמי שיניים 500,יחידה,1.00,יחידה,false,1,2.50,2.50,true,1,
7290105181756,false,מברשת שיניים אצב,,,מברשת שיניים אצב,יחידה,1.00,יחידה,false,0,5.90,5.90,true,1,
7290105181763,false,אלסבון לשירותים 3 יחידות,,IL,אלסבון לשירותים,יחידה,1.00,יחידה,false,1,9.90,9.90,true,1,
7290105181770,false,שלישייה כריות לשבת אריסט,אריסטוקרט,IL,3 כריות לשבת,יחידה,1.00,יחידה,false,1,8.90,8.90,true,1,
7290105181862,false,כריות קרצוף 3 יחי' אריסט,,IL,כריות קרצוף אריס,יחידה,1.00,יחידה,false,1,5.90,5.90,true,1,
7290105181978,false,מגן תחתון שחור אפקט הג'ל,,IL,מגן תחתון שחור א,יחידה,1.00,יחידה,false,1,14.90,14.90,true,1,
7290105182036,false,מב.שיניים סיליקו,,,מב.שיניים סיליקו,יחידה,1.00,יחידה,false,0,12.90,12.90,true,1,
7290105225511,false,משקפי קריאה .,,IL,משקפי קריאה,יחידה,1.00,יחידה,false,1,9.90,9.90,true,1,
7290105227737,false,קוצץ צפרניים גדול דודו,,IL,קוצץ צפרניים גדו,יחידה,1.00,יחידה,false,1,2.90,2.90,true,1,
7290105227805,false,מברשת שיער פרו ביוטי,,IL,מברשת שיער פרו ב,יחידה,1.00,יחידה,false,1,9.90,9.90,true,1,
7290105360250,false,קפסולות קפה מס' 9 50 גרם,שטראוס קפה בי.וי.,IL,קפסולות קפה,גרמים,50.00,100 גרם,false,0,15.50,31.00,true,1,
7290105360328,false,קפסולות מס' 10 50 גרם,שטראוס קפה בי.וי.,IL,קפסולות מס' 10,גרמים,50.00,100 גרם,false,0,15.50,31.00,true,1,
7290105360335,false,קפסולות מס' 7 50 גרם,שטראוס קפה בי.וי.,IL,קפסולות מס' 7,גרמים,50.00,100 גרם,false,0,15.50,31.00,true,1,
7290105360755,false,"שמן זית 3 חזק 750 מ""ל",מכוורת יד מרדכי שטראוס ב,IL,שמו זית 3 חזק,מיליליטרים,750.00,"100 מ""ל",false,0,32.90,4.39,true,1,
7290105360762,false,"שמן זית 1 עדין 750 מ""ל",מכוורת יד מרדכי שטראוס ב,IL,שמן זית 1 עדין,מיליליטרים,750.00,"100 מ""ל",false,0,32.90,4.39,true,1,
7290105362339,false,שמנת לבישול15%מהדרין250,מחלבת יטבתה,IL,שמנת לבישול 15%,מיליליטרים,250.00,"100 מ""ל",false,0,5.90,2.36,true,1,
7290105366023,false,חציל בטעם כבד 400 גרם,"שטראוס גרופ בע""\מ",IL,חציל בטעם כבד,גרמים,400.00,100 גרם,false,0,11.90,2.98,true,1,
7290105366047,false,טחינה לבנה 400 גרם,"שטראוס גרופ בע""\מ",IL,טחינה לבנה,גרמים,400.00,100 גרם,false,0,11.90,2.98,true,1,
7290105368904,false,שמנת מתוקה להקצפה32% 250,מחלבת יטבתה,IL,שמנת מתוקה32%,מיליליטרים,250.00,"100 מ""ל",false,0,5.50,2.20,true,1,
7290105368928,false,שמנת 9% יטבתה מהדרין200מ,מחלבת יטבתה,IL,שמנת 9% יטבתה,מיליליטרים,200.00,"100 מ""ל",false,0,2.90,1.45,true,1,
7290105431516,false,חטיפי FREE תמר+בוטנים5יח,טבעית מוצרים מן הטבע בעמ,IL,חטיפי FREE,גרמים,125.00,100 גרם,false,0,11.90,9.52,true,1,
7290105436382,false,חטיף FREE תמרים קשיו25*5,טבעית מוצרים מן הטבע בעמ,IL,חטיפי FREE,גרמים,125.00,100 גרם,false,0,11.90,9.52,true,1,
7290105691224,false,קריספי טורטיה שום בצל60ג,"פרח תעשיות מזון בע""מ.",IL,קריספי טורטיה,גרמים,60.00,100 גרם,false,0,5.90,9.83,true,1,
7290105691248,false,קריספי טורטיה תירס 60 גר,"פרח תעשיות מזון בע""מ.",IL,קריספי טורטיה,גרמים,60.00,100 גרם,false,0,5.90,9.83,true,1,
7290105691934,false,"קמח שמרים 1 ק""ג",תחנת קמח המפרץ,IL,"קמח שמרים 1 ק""ג",קילוגרמים,1.00,"ק""ג",false,0,7.90,7.90,true,1,
7290105693341,false,במבה 25*10 גרם,"אסם השקעות בע""\מ",IL,במבה 10 יח,גרמים,250.00,100 גרם,false,0,14.90,5.96,true,1,
7290105694928,false,מרק בצל רכיבים טבעיים220,"אסם השקעות בע""\מ",IL,מרק בצל,גרמים,220.00,100 גרם,false,0,12.90,5.86,true,1,
7290105695024,false,פתיתים אורז ואטריות500ג,"אסם השקעות בע""\מ",IL,פתיתים אפויים,גרמים,500.00,100 גרם,false,0,5.90,1.18,true,1,
7290105962331,false,סחוג חריף מאוד זהבי220ג,"זהבי הכרם בע""\מ",IL,סחוג חריף זהבי,גרמים,220.00,100 גרם,false,0,8.90,4.05,true,1,
7290105964564,false,חומוס אחלה 400 גרם,"שטראוס גרופ בע""\מ",IL,סלט חומוס אחלה,גרמים,400.00,100 גרם,false,1,6.90,1.73,true,1,
7290105965738,false,דנונה לשתיה תות בננה267ג,"שטראוס גרופ בע""\מ",IL,דנונה לשתיה,גרמים,267.00,100 גרם,false,0,3.90,1.46,true,1,
7290105966469,false,"חומץ בלסמי 250 מ""ל",יד מרדכי,IT,חומץ בלסמי,גרמים,250.00,100 גרם,false,0,13.90,5.56,true,1,
7290105968098,false,סלט קולסלאו אחלה 500 גרם,"שטראוס גרופ בע""\מ",IL,סלט קולסלאו אחלה,גרמים,500.00,100 גרם,false,0,11.90,2.38,true,1,
7290105968654,false,רביולי בטטה פרווה 400 גר,"שטראוס גרופ בע""\מ",IL,רביולי בטטה 400ג,גרמים,400.00,100 גרם,false,0,17.90,4.48,true,1,
7290106098282,false,גביעי אחסון 0.5,,IL,גביעי אחסון 0.5,יחידה,1.00,יחידה,false,0,4.90,4.90,true,1,
7290106260597,false,בסט מגבונים GO TOלרענון,,IL,בסט מגבונים לרענ,יחידה,1.00,יחידה,false,1,7.90,7.90,true,1,
7290106264250,false,"טלק לכף הרגל 200מ""ל",,IL,טלק לכף הרגל,מיליליטרים,200.00,"100 מ""ל",false,1,12.90,6.45,true,1,
7290106264595,false,קלאסיק מגבונים 72 יחידות,,IL,קלאסיק מגבונים72,יחידה,1.00,יחידה,false,1,2.90,2.90,true,1,
7290106520066,false,רבע לשבע גלילית אגוז160ג,"הגביע מוצרי וופלים בע""\מ",IL,רבע לשבע 160 גרם,גרמים,160.00,100 גרם,false,0,8.90,5.56,true,1,
7290106520288,false,יוגורט דנונה פרו תות150ג,"שטראוס גרופ בע""\מ",IL,דנונה WOW תות,גרמים,150.00,100 גרם,false,1,3.90,2.60,true,1,
7290106520813,false,תפוצ'יפס בטעם טבעי 50*6ג,"שטראוס פריטו ליי בע""\מ )",IL,תפוצ'יפס 6 יח,גרמים,300.00,100 גרם,false,0,12.90,4.30,true,1,
7290106520912,false,"שמנת לבישול 9% 250 מ""ל",מחלבת יטבתה,IL,שמנת לבישול 9%,מיליליטרים,250.00,"100 מ""ל",false,0,5.90,2.36,true,1,
7290106523937,false,תפוצ'יפס טבעי 30*7 גרם,שטראוס,IL,תפוצ'יפס 7 יח,גרמים,210.00,100 גרם,false,0,8.90,4.24,true,1,
7290106524439,false,תפוצ'יפס פופס טבעי 60גרם,"שטראוס פריטו ליי בע""\מ )",IL,תפוצ'יפס פופס,גרמים,60.00,100 גרם,false,1,2.90,4.83,true,1,
7290106525399,false,קפסולות ברזיל 06 50 גרם,שטראוס קפה בי.וי.,IL,קפסולות קפה,גרמים,50.00,100 גרם,false,1,15.50,31.00,true,1,
7290106526822,false,פריכיות תחתית חלב 80גרם,"שטראוס גרופ בע""\מ",IL,פריכיות,גרמים,80.00,100 גרם,false,0,6.90,8.63,true,1,
7290106528567,false,דוריטוס גריל 185 גרם,"שטראוס פריטו ליי בע""\מ )",IL,דוריטוס גריל,גרמים,185.00,100 גרם,false,1,6.90,3.73,true,1,
7290106528628,false,דוריטוס Dippas טבעי185ג,"שטראוס פריטו ליי בע""\מ )",IL,דוריטוס Dippas,גרמים,185.00,100 גרם,false,1,6.90,3.73,true,1,
7290106540446,false,כוס פט 3OZ ומכסה שקוף,,CN,כוס פט ומכסה,יחידה,1.00,יחידה,false,1,10.90,10.90,true,1,
7290106542310,false,כוסות ליקר 2oz קריסטלי,,CN,כוסות ליקר,יחידה,1.00,יחידה,false,1,8.90,8.90,true,1,
7290106543263,false,פינוקים כדור פתוח,,CN,פינוקים כדור,יחידה,1.00,יחידה,false,1,12.90,12.90,true,1,
7290106546332,false,קינוח כלנית 20 יחידות,,CN,קינוח כלנית,יחידה,1.00,יחידה,false,1,12.90,12.90,true,1,
7290106546349,false,קינוח רותם 20 יחידות,,CN,קינוח רותם,יחידה,1.00,יחידה,false,1,12.90,12.90,true,1,
7290106546370,false,קינוח ספירלה 12 יחידות,,CN,קינוח ספירלה,יחידה,1.00,יחידה,false,1,12.90,12.90,true,1,
7290106546387,false,קינוח מרובע גבוה 12 יח',,CN,קינוח מרובע גבוה,יחידה,1.00,יחידה,false,1,12.90,12.90,true,1,
7290106546394,false,קינוח מרובע גבוה+ מכסה,,CN,קינוח מרובע גבוה,יחידה,1.00,יחידה,false,1,12.90,12.90,true,1,
7290106546431,false,קינוח סורבה 20 יח',,CN,קינוח סורבה,יחידה,1.00,יחידה,false,1,12.90,12.90,true,1,
7290106546455,false,קינוח שוהם 12 יחידות,,CN,קינוח שוהם,יחידה,1.00,יחידה,false,1,12.90,12.90,true,1,
7290106546462,false,קינוח משושה 20 יחידות,,CN,קינוח משושה,יחידה,1.00,יחידה,false,1,12.90,12.90,true,1,
7290106546479,false,קינוח טיפה 10 יחידות,,CN,קינוח טיפה,יחידה,1.00,יחידה,false,1,12.90,12.90,true,1,
7290106546486,false,קינוח נטיף 10  יחידות,,CN,קינוח נטיף,יחידה,1.00,יחידה,false,1,12.90,12.90,true,1,
7290106546493,false,קינוח סופלה 12  יחידות,,CN,קינוח סופלה,יחידה,1.00,יחידה,false,1,12.90,12.90,true,1,
7290106546554,false,קינוח אמבט 12 יחידות,,CN,קינוח אמבט,יחידה,1.00,יחידה,false,1,12.90,12.90,true,1,
7290106546578,false,כוס קריסטל oz 8 שקוף 20,,CN,כוס קריסטל z,יחידה,1.00,יחידה,false,1,18.90,18.90,true,1,
7290106547285,false,"צלחת קטנה ""מלוכה"" 10 יח",,CN,צלחת קטנה מלוכה,יחידה,1.00,יחידה,false,1,6.90,6.90,true,1,
7290106547292,false,"צלחת ""מלוכה"" שיש שחור",,CN,"צלחת ""מלוכה""",יחידה,1.00,יחידה,false,1,8.90,8.90,true,1,
7290106547551,false,קינוח משולש בסד,,IL,קינוח משולש,יחידה,1.00,יחידה,false,1,12.90,12.90,true,1,
7290106547568,false,קינוח לב עם מכסה בסד,,IL,קינוח לב עם מכסה,יחידה,1.00,יחידה,false,1,12.90,12.90,true,1,
7290106547582,false,קינוח לבבון מיני בסד,,IL,קינוח לבבון מיני,יחידה,1.00,יחידה,false,1,12.90,12.90,true,1,
7290106547650,false,קינוח מיני ספל מרובע zo,,IL,קינוח מיני ספל מ,יחידה,1.00,יחידה,false,1,12.90,12.90,true,1,
7290106548732,false,צלחות אלגנט לבן-כסף 10יח,,CN,צלחות אלגנט,יחידה,1.00,יחידה,false,1,14.90,14.90,true,1,
7290106548749,false,צלחות אלגנט גדול לבן-כסף,,CN,צלחות אלגנט גדול,יחידה,1.00,יחידה,false,1,21.90,21.90,true,1,
7290106548756,false,צלחות אלגנט ענק לבן-כסף,,CN,צלחות אלגנט ענק,יחידה,1.00,יחידה,false,1,26.90,26.90,true,1,
7290106548763,false,מרקיה אלגנט לבן-כסף 10יח,,CN,מרקיה אלגנט,יחידה,1.00,יחידה,false,1,16.90,16.90,true,1,
7290106548886,false,צלחת אלגנט קטן שחור-כסף,,IL,צלחת אלגנט קטן,יחידה,1.00,יחידה,false,1,14.90,14.90,true,1,
7290106548893,false,צלחת אלגנט גדול שחור-כסף,,IL,צלחת אלגנט גדול,יחידה,1.00,יחידה,false,1,21.90,21.90,true,1,
7290106548909,false,צלחת אלגנט ענק שחור-כסף,,IL,צלחת אלגנט ענק ש,יחידה,1.00,יחידה,false,1,26.90,26.90,true,1,
7290106548916,false,מרקיה אלגנט שחור-כסף 10,,IL,מרקיה אלגנט שחור,יחידה,1.00,יחידה,false,1,16.90,16.90,true,1,
7290106548923,false,קסרול אלגנט שחור-כסף 10,,IL,קסרול אלגנט שחור,יחידה,1.00,יחידה,false,1,9.90,9.90,true,1,
7290106549111,false,קינוח כוס שוט - שקוף בסד,,IL,קינוח כוס שוט -,יחידה,1.00,יחידה,false,1,12.90,12.90,true,1,
7290106549197,false,כפיות נצנץ 40 יחידות,,IL,כפיות נצנץ,יחידה,1.00,יחידה,false,1,6.90,6.90,true,1,
7290106549234,false,תבנית נייר אינגליש קצר,,IL,תבנית נייר קצר,יחידה,1.00,יחידה,false,1,1.00,1.00,true,1,
7290106549241,false,תבנית נייר אינגליש נמוך,,IL,תבנית נייר אינגל,יחידה,1.00,יחידה,false,1,1.00,1.00,true,1,
7290106549258,false,תבנית נייר אישי .,,IL,תבנית נייר אישי,יחידה,1.00,יחידה,false,1,0.50,0.50,true,1,
7290106549302,false,"כפות ח""פ ארוזות ""נייס""",לפיד,IL,"כפות ח""פ ארוזות",יחידה,1.00,יחידה,false,1,2.90,2.90,true,1,
7290106549319,false,"מזלגות ח""פ ארוזות ""נייס""",לפיד,IL,"מזלגות ח""פ ארוזו",יחידה,1.00,יחידה,false,1,2.90,2.90,true,1,
7290106549326,false,"סכינים ח""פ ארוזות ""נייס""",לפיד,IL,"סכינים ח""פ ארוזו",יחידה,1.00,יחידה,false,1,2.90,2.90,true,1,
7290106549333,false,"כפיות ח""פ ארוזות ""נייס""",לפיד,IL,"כפיות ח""פ ארוזות",יחידה,1.00,יחידה,false,1,2.90,2.90,true,1,
7290106549449,false,קינוח פרפר בסד,,IL,קינוח פרפר,יחידה,1.00,יחידה,false,1,12.90,12.90,true,1,
7290106549456,false,קינוח משפך בסד,,IL,קינוח משפך,יחידה,1.00,יחידה,false,1,12.90,12.90,true,1,
7290106572027,false,לחמית חמישה דגנים 190גרם,"אסם השקעות בע""\מ",IL,לחמית 5 דגנים,גרמים,190.00,100 גרם,false,0,6.90,3.63,true,1,
7290106573277,false,חט.קריספי טאפאס זיתים150,"אסם השקעות בע""\מ",IL,חטיפי קריספי,גרמים,150.00,100 גרם,false,0,8.90,5.93,true,1,
7290106573314,false,חטיף קריספי כפרי 150 גרם,"אסם השקעות בע""\מ",IL,חטיף קריספי,גרמים,150.00,100 גרם,false,0,8.90,5.93,true,1,
7290106573628,false,חומוס עם טחינה צבר 400גר,סלטי צבר,IL,חומוס עם טחינה,גרמים,400.00,100 גרם,false,0,10.90,2.73,true,1,
7290106574953,false,בייגלה שטוחים שומשום300ג,"אסם השקעות בע""\מ",IL,בייגלה שטוחים,גרמים,300.00,100 גרם,false,0,8.90,2.97,true,1,
7290106574977,false,בייגלה שטוחים מלח300גרם,"אסם השקעות בע""\מ",IL,בייגלה שטוחים,גרמים,300.00,100 גרם,false,0,8.90,2.97,true,1,
7290106575332,false,פתיתים פלוס בורגול 400 ג,קוסקוס מזון,IL,פתיתים פלוס,גרמים,400.00,100 גרם,false,0,5.90,1.48,true,1,
7290106576513,false,חומוס צבר 400 גרם,סלטי צבר,IL,חומוס צבר,גרמים,400.00,100 גרם,false,0,8.90,2.23,true,1,
7290106576537,false,חומוס מסעדה צבר 700גרם,סלטי צבר,IL,חומוס מסעדה צבר,גרמים,700.00,100 גרם,false,0,9.90,1.41,true,1,
7290106576797,false,לה קרמריה וניל איטלקי,גלידות נסטלה,IL,לה קרמריה וניל,ליטרים,1.40,ליטר,false,0,16.90,12.07,true,1,
7290106576834,false,לה קרמריה פונש בננה,גלידות נסטלה,IL,לה קרמריה,ליטרים,1.40,ליטר,false,0,16.90,12.07,true,1,
7290106576919,false,לה קרמריה סורבה,גלידות נסטלה )נגה גלידות,IL,לח קרמריה,ליטרים,1.40,ליטר,false,0,16.90,12.07,true,1,
7290106576971,false,לה קרמריה שוקולד בלגי .1,גלידות נסטלה,IL,לה קרמריה,ליטרים,1.40,ליטר,false,0,16.90,12.07,true,1,
7290106576995,false,לה קרמריה תות מנגו לייט,גלידות נסטלה )נגה גלידות,IL,לה קרמריה לייט,ליטרים,1.40,ליטר,false,0,16.90,12.07,true,1,
7290106577039,false,לה קרמריה וניל+שוק,גלידות נסטלה,IL,לא קרמריה,ליטרים,1.40,ליטר,false,0,16.90,12.07,true,1,
7290106577282,false,טחינה צבר מרובע 400 גרם,סלטי צבר,IL,טחינה צבר,גרמים,400.00,100 גרם,false,0,10.90,2.73,true,1,
7290106663091,false,לאבנה 9% 500 גרם,"מחלבות בר בכפר בע""\מ",IL,לאבנה 9%,גרמים,500.00,100 גרם,false,1,13.90,2.78,true,1,
7290106663503,false,קונפיט.תות שדה לייט230ג,"ב.א. מזון בע""\מ",IL,קונפיטורה תות,גרמים,230.00,100 גרם,false,0,9.90,4.30,true,1,
7290106663558,false,רוטב טריאקי 320 גרם,"ב.א. מזון בע""\מ",IL,רוטב טריאקי,גרמים,320.00,100 גרם,false,1,8.90,2.78,true,1,
7290106664067,false,לאבנה ש.זית וזעתר10% 400,"מחלבות בר בכפר בע""\מ",IL,לאבנה שמן זית,גרמים,400.00,100 גרם,false,1,10.90,2.73,true,1,
7290106664562,false,רוטב שמנת+פטריות 9% 200מ,יטבתה,IL,רוטב שמנת פטריות,מיליליטרים,250.00,"100 מ""ל",false,1,8.90,3.56,true,1,
7290106667266,false,דוריטוס חמוץ חריף 185גרם,"שטראוס פריטו ליי בע""\מ )",IL,דוריטוס,גרמים,185.00,100 גרם,false,1,6.90,3.73,true,1,
7290106668577,false,"מיץ לימון 250 מ""ל",יורופוד ס.ר.ל,IT,מיץ לימון,גרמים,250.00,100 גרם,false,1,7.90,3.16,true,1,
7290106721913,false,מסטיק מרעננת מגדים 66גרם,עלית,IL,מסטיק מרעננת,גרמים,66.00,100 גרם,false,1,6.90,10.45,true,1,
7290106721920,false,מסטיק ספירמינט צ'יקלט66ג,"שטראוס גרופ בע""\מ.",IL,מסטיק ספירמינט,גרמים,66.00,100 גרם,false,1,6.90,10.45,true,1,
7290106726178,false,דנונה פרו פירות יער150ג,"שטראוס גרופ בע""\מ",IL,דנונה WOW פ.יער,גרמים,150.00,100 גרם,false,1,3.90,2.60,true,1,
7290107280402,false,ג'ט לניקוי כללי,,IL,ג'ט לניקוי כללי,ליטרים,2.00,ליטר,false,0,9.90,4.95,true,1,
7290107280518,false,מקסימה ג'אוול 8קג,סנו,IL,מקסימה ג'אוול,קילוגרמים,8.00,"ק""ג",false,0,49.90,6.24,true,1,
7290107280563,false,אוקסיג'ן בייבי,,IL,אוקסיג'ן בייבי,ליטרים,3.00,ליטר,false,0,24.90,8.30,true,1,
7290107280709,false,ספארק נוזל הברקה 700מל,"סנו מפעלי ברונוס בע""\מ",IL,נוזל הברקה למדיח,מיליליטרים,700.00,"100 מ""ל",false,1,13.90,1.99,true,1,
7290107280761,false,ספארק לימון+משאבה 1ל,סנו מפעלי ברונוס בעמ,IL,נוזל כלים לימון,ליטרים,1.00,ליטר,false,0,9.90,9.90,true,1,
7290107645591,false,מרק טעם עוף ר.טבעיים400ג,"יונליוור ישראל מזון בע""\",IL,מרק טעם עוף,גרמים,400.00,100 גרם,false,1,14.90,3.73,true,1,
7290107646062,false,מרק בצל רכיבים טבעיים400,יוניליוור ישראל מזון בע\,IL,מרק בצל,גרמים,400.00,100 גרם,false,1,15.90,3.98,true,1,
7290107646154,false,חטיפי קוקומן פצפוצ 21*6ג,יוניליוור ישראל מזון בעמ,IL,חטיפי קוקומן 6יח,גרמים,126.00,100 גרם,false,1,12.90,10.24,true,1,
7290107646826,false,חטיפי שוגי שוקו 26*6גרם,יוניליוור ישראל מזון בעמ,IL,חטיפי שוגי 6 יח,גרמים,156.00,100 גרם,false,1,12.90,8.27,true,1,
7290107646833,false,חטיפי שוגי שוק.לבן 23*6ג,יוניליוור ישראל מזון בעמ,IL,חטיפי שוגי 6 יח,גרמים,138.00,100 גרם,false,1,12.90,9.35,true,1,
7290107647731,false,קוקומן חום לבן 375 גרם,יוניליוור ישראל מזון בעמ,IL,קוקומן חום לבן,גרמים,375.00,100 גרם,false,1,12.90,3.44,true,1,
7290107647854,false,דגני בוקר שוגי 500 גרם,יוניליוור ישראל מזון בעמ,IL,דגני בוקר שוגי,גרמים,500.00,100 גרם,false,1,15.90,3.18,true,1,
7290107648943,false,ברנפלקס קרנצ'ים מייפל375,"יוניליוור שפע ישראל בע""\",IL,ברנפלקס קרנצ'ים,גרמים,375.00,100 גרם,false,1,19.90,5.31,true,1,
7290107649100,false,בייגלה טבעות+שומשום300ג,בייגל את בייגל מזון 198),IL,בייגלה טבעות,גרמים,300.00,100 גרם,false,1,7.90,2.63,true,1,
7290107649605,false,שוק. קורנפלקס+פיצפוצים85,יוניליוור ישראל מזון בע\,IL,שוקולד קליק,גרמים,85.00,100 גרם,false,1,4.90,5.76,true,1,
7290107649858,false,טילון סופר מגנום לבן,"מיוצר ע""\י גלידת שטראוס",IL,טילון סופר מגנום,יחידה,1.00,יחידה,false,1,7.90,7.90,true,1,
7290107745307,false,מדחום לחדר .,,IL,מדחום קיר,יחידה,1.00,יחידה,false,1,6.90,6.90,true,1,
7290107870047,false,טילון בראוניז מטבע ענק י,גלידות נסטלה,IL,טילון בראונז,יחידה,1.00,יחידה,false,0,7.90,7.90,true,1,
7290107871532,false,מאגדת קרח מילון דובד750,גלידות נסטלה )נגה גלידות,IL,מאגדת קרח,גרמים,750.00,100 גרם,false,7,11.90,1.59,true,1,
7290107871990,false,פסטה צינורות 500 גרם,פסטה זארה,IT,פסטה צינורות,גרמים,500.00,100 גרם,false,0,4.90,0.98,true,1,
7290107874502,false,ביסלי גריל 55*4 גרם,"אסם השקעות בע""\מ",IL,ביסלי גריל 4 יח,גרמים,220.00,100 גרם,false,1,11.90,5.41,true,1,
7290107875004,false,פופקו חמאה ודבש 20*12 ג',אסם,IL,פופקו חמאה ודבש,גרמים,240.00,100 גרם,false,1,17.90,7.46,true,1,
7290107875400,false,להקרמריה פיסטוק מוקה 1.4,גלידות נסטלה,IL,להקרמריה,ליטרים,1.40,ליטר,false,0,16.90,12.07,true,1,
7290107877619,false,במבה מילוי קרם נוגט30*5ג,"אסם השקעות בע""\מ",IL,במבה נוגט 5 יח,גרמים,150.00,100 גרם,false,1,11.90,7.93,true,1,
7290107879569,false,מאגדת לה פרוטה מנגו 5יח,גלידות נסטלה )נגה גלידות,IL,מאגדת לה פרוטה,גרמים,350.00,100 גרם,false,1,15.90,4.54,true,1,
7290107879620,false,גל.לה פרוטה מלון תפוח 70,גלידות נסטלה )נגה גלידות,IL,גל.לה פרוטה מלון,יחידה,1.00,יחידה,false,1,4.50,4.50,true,1,
7290107879668,false,גל.לה פרוטה תות 70גרם,גלידות נסטלה )נגה גלידות,IL,גל.לה פרוטה תות,יחידה,1.00,יחידה,false,1,4.50,4.50,true,1,
7290107879699,false,גל.לה פרוטה מנגו 70גרם,גלידות נסטלה )נגה גלידות,IL,גל.לה פרוטה מנגו,יחידה,1.00,יחידה,false,1,4.50,4.50,true,1,
7290107930321,false,קונפיטורה דובדבן 340 גרם,"ב.א. מזון בע""\מ",IL,קונפיטורה דובדבן,גרמים,340.00,100 גרם,false,1,9.90,2.91,true,1,
7290107932080,false,חלב מועשר3% בקבוק 1ליטר,מחלבת יטבתה,IL,חלב מועשר 3%,ליטרים,1.00,ליטר,false,1,6.90,6.90,true,1,
7290107937634,false,קוביות פפרמינט צנצנת 58ג,אסקום קונפקשיין,DE,קוביות מסטיק,גרמים,58.00,100 גרם,false,1,6.90,11.90,true,1,
7290107937641,false,מסטיק בזוקה קוביות צנצ58,עלית,DE,קוביות מסטיק,גרמים,58.00,100 גרם,false,1,6.90,11.90,true,1,
7290107937856,false,קפסולות מס' 11 50 גרם,שטראוס קפה בי.וי,IL,קפסולות עלית,גרמים,50.00,100 גרם,false,1,15.50,31.00,true,1,
7290107943192,false,שמנת חמוצ.מהערבה27% 200מ,מחלבת יטבתה,IL,שמנת חמוצה 27%,מיליליטרים,200.00,"100 מ""ל",false,1,3.90,1.95,true,1,
7290107945165,false,קונפיטורת משמש 340 גרם,"ב.א. מזון בע""\מ",IL,קונפיטורת משמש,גרמים,340.00,100 גרם,false,1,9.90,2.91,true,1,
7290107950190,false,מעדן דיאט שוקולד מריר130,"שטראוס גרופ בע""\מ",IL,מעדן דיאט שוקולד,גרמים,130.00,100 גרם,false,1,2.90,2.23,true,1,
7290107950206,false,מעדן דיאט שוקולד 130 גרם,"שטראוס גרופ בע""\מ",IL,מעדן דיאט שוקולד,גרמים,130.00,100 גרם,false,1,2.90,2.23,true,1,
7290107951111,false,בפלות בטעם לימון 200 גרם,"א.ג. גילרו בע""\מ",IL,בפלות בטעם לימון,גרמים,200.00,100 גרם,false,1,3.90,1.95,true,1,
7290107951715,false,מסטיק קוביות ענבים צנצ58,אסקום קונפקשיין,IL,מסטיק קוביות,גרמים,58.00,100 גרם,false,1,6.90,11.90,true,1,
7290107953559,false,קפה טורקי לדרך 24 * 7 גר,שטראוס קפה בי.וי.,IL,קפה טורקי לדרך,גרמים,168.00,100 גרם,false,1,15.90,9.46,true,1,
7290107954709,false,קונפיטורת פירות יער340גר,"ב.א. מזון בע""\מ",IL,קונפיטורה פירות,גרמים,340.00,100 גרם,false,1,9.90,2.91,true,1,
7290107956642,false,"תרסיס שמן זית 150 מ""ל",סובנה,ES,תרסיס שמן זית,מיליליטרים,150.00,"100 מ""ל",false,1,14.90,9.93,true,1,
7290107956710,false,מיני מילקי שרינק 70*16גר,"שטראוס גרופ בע""\מ",IL,מיני מילקי 16 יח,קילוגרמים,1.12,"ק""ג",false,1,18.90,16.88,true,1,
7290107956925,false,קפסולות אוגנדה 13 50 גרם,שטראוס קפה בי.וי.,IL,קפסולות קפה,גרמים,50.00,100 גרם,false,1,15.50,31.00,true,1,
7290107956932,false,קפסולות אינדונזיה מס12,שטראוס קפה בי.וי.,IL,קפסולות אינדונזי,גרמים,50.00,100 גרם,false,1,15.50,31.00,true,1,
7290107956963,false,מארז דנונה תות 100X12 גר,שטראוס מחלבות,IL,מארז דנונה תות,קילוגרמים,1.20,"ק""ג",false,1,17.90,14.92,true,1,
7290107958035,false,דנונה מתיקות מעודנת150*8,"שטראוס גרופ בע""\מ",IL,דנונה מעודן 8 יח,קילוגרמים,1.20,"ק""ג",false,1,17.90,14.92,true,1,
7290107971539,false,חטיףFREEבוטנ+קשיו+שוק140,אמקו ספול,CZ,חטיף FREE,גרמים,140.00,100 גרם,false,1,14.90,10.64,true,1,
7290107974646,false,מרידול מי פה רעננה 400 מ,קולגייט פלמוליב,PL,מרידול מי פה,מיליליטרים,400.00,"100 מ""ל",false,1,24.90,6.23,true,1,
7290107975360,false,ליידי ספיד סטיק פיור פרש,קולגייט פלמוליב,US,ליידי ספיד סטיק,גרמים,45.00,100 גרם,false,1,11.90,26.44,true,1,
7290107978637,false,"משחת מרידול 75 מ""ל",קולגייט פלמוליב,PL,משחת מרידול,מיליליטרים,75.00,"100 מ""ל",false,1,12.90,17.20,true,1,
7290108071177,false,סוכריות על מקל קיטי 64גר,גואנגדונג,CN,סוכריות על מקל,גרמים,64.00,100 גרם,false,1,9.90,15.47,true,1,
7290108194425,false,ספרון,,IL,ספרון,יחידה,1.00,יחידה,false,1,15.90,15.90,true,1,
7290108197129,false,כוהל 95,,IL,כוהל 95,מיליליטרים,1.00,"100 מ""ל",false,1,79.90,7990.00,true,1,
7290108197884,false,מנג'טים צבעוניים מספר 2,"השלושה טריימארט בע""מ",CN,מנג'טים צבעוניים,יחידה,1.00,יחידה,false,1,3.90,3.90,true,1,
7290108201284,false,מקלות ריחניים לבנדר מתוק,רקיט בנקיזר,HU,מקלות ריחניים,יחידה,1.00,יחידה,false,1,15.90,15.90,true,1,
7290108226072,false,קיסמי שיניים דנטליים+חוט,.,IL,קיסמי שינים דנטל,יחידה,1.00,יחידה,false,1,4.90,4.90,true,1,
7290108350524,false,ארון פרש לבנדר 4 טבליות,דיאל קורפ,IL,ארון פרש לבנדר,יחידה,1.00,יחידה,false,1,14.90,14.90,true,1,
7290108350531,false,ספארק לכלים קלאסי+משאבה,סנו מפעלי ברונוס בעמ,IL,ספארק לכלים,ליטרים,1.00,ליטר,false,1,9.90,9.90,true,1,
7290108350555,false,ספארק לעור רגיש+משאבה 1ל,סנו,IL,ספארק לכלים,ליטרים,1.00,ליטר,false,1,9.90,9.90,true,1,
7290108350616,false,מרכך מקסימה בלו 1 ליטר,"סנו מפעלי ברונוס בע""\מ",IL,מרכך מקסימה,ליטרים,1.00,ליטר,false,1,14.90,14.90,true,1,
7290108350739,false,מ.שיניים סוכריות ג'לי70ג,טרופיקל דגיל תעשיות קוסמ,IL,משחה אורביטול,גרמים,70.00,100 גרם,false,1,6.90,9.86,true,1,
7290108351507,false,מרכך כביסה סופט סליק 4 ל,סנו,IL,מרכך מקסימה,ליטרים,4.00,ליטר,false,1,21.50,5.38,true,1,
7290108351514,false,מרכך כביסה פריחה כחולה4ל,סנו,IL,מרכך מקסימה,ליטרים,4.00,ליטר,false,1,21.50,5.38,true,1,
7290108351538,false,מבשם אוויר בלו בלוסום200,סנו מפעלי ברונוס בעמn,IL,מבשם אוויר לבית,מיליליטרים,200.00,"100 מ""ל",false,1,9.90,4.95,true,1,
7290108351545,false,מבשם אוויר סופט סילק200מ,סנו מפעלי ברונוס בעמn,IL,מבשם אוויר סילק,מיליליטרים,200.00,"100 מ""ל",false,1,9.90,4.95,true,1,
7290108351569,false,מקסימה למייבש בייבי750מל,"סנו מפעלי ברונוס בע""\מ",IL,מקסימה למייבש,מיליליטרים,750.00,"100 מ""ל",false,1,14.90,1.99,true,1,
7290108351590,false,"סנופרש הום בלוסם 350 מ""ל",---,IL,סנופרש בלוסם,מיליליטרים,350.00,"100 מ""ל",false,1,9.90,2.83,true,1,
7290108351606,false,סנופרש הום סופט סילק 350,סנו מפעלי ברונוס בעמ,IL,סנופרש הום,מיליליטרים,350.00,"100 מ""ל",false,1,9.90,2.83,true,1,
7290108351804,false,מרכך כביסה ג'נטל בריז 1ל,סנו מפעלי ברונוס בעמ,IL,מרכך מקסימה,ליטרים,1.00,ליטר,false,1,14.90,14.90,true,1,
7290108351811,false,מרכך כביסה פלורל טאצ1ל,סנו מפעלי ברונוס בעמ,IL,מרכך מקסימה,ליטרים,1.00,ליטר,false,1,14.90,14.90,true,1,
7290108351835,false,מרכך כביסה פלורל טאץ' 4ל,סנו מפעלי ברונוס בעמ,IL,מרכך מקסימה,ליטרים,4.00,ליטר,false,1,21.50,5.38,true,1,
7290108352320,false,פרש הום מלון בוטיק 350מ,סנו מפעלי ברונוס בעמ,IL,סנופרש הום,מיליליטרים,350.00,"100 מ""ל",false,1,9.90,2.83,true,1,
7290108352689,false,כריות קרצוף לכלוך קשה9י,סנו מפעלי ברונו בעמ,US,כריות קרצוף,יחידה,1.00,יחידה,false,1,8.90,8.90,true,1,
7290108353334,false,כיף שמפו למניעת קשקש700מ,קוסמופארם,IL,כיף שמפו,מיליליטרים,700.00,"100 מ""ל",false,1,11.50,1.64,true,1,
7290108353778,false,תחליב רח.פינטגו750מ,קוסמופארם בע'\'\מ,IL,תחליב רח.פינטגו,מיליליטרים,750.00,"100 מ""ל",false,1,9.90,1.32,true,1,
7290108353785,false,תחליב רח.נקה7טונקה750מ,קוסמופארם בע'\'\מ,IL,תחליב רחצה,מיליליטרים,750.00,"100 מ""ל",false,1,9.90,1.32,true,1,
7290108353808,false,"תחליב רחצה מדגסקר750מ""ל",קוסמופארם בע'\'\מ,IL,תחליב רחצה בניחו,מיליליטרים,750.00,"100 מ""ל",false,1,9.90,1.32,true,1,
7290108354270,false,מרכך Calm מקסימה 1 ל,סנו מפעלי ברונוס בעמ,IL,מרכך מקסימה,ליטרים,1.00,ליטר,false,1,14.90,14.90,true,1,
7290108354430,false,שמפו שמן קוקוס קרטין700,קוסמופארם,IL,שמפו כיף,מיליליטרים,700.00,"100 מ""ל",false,1,11.50,1.64,false,1,
7290108354447,false,מרכך שמן קוקוס קרטין 700,קוסמופארם,IL,מרכך שיער כיף,מיליליטרים,700.00,"100 מ""ל",false,1,11.50,1.64,false,1,
7290108354911,false,"שמפו,ג'ל רחצה וגילוח700מ","קוסמופארם בע""\מ",IL,קרמה 3ב1,מיליליטרים,700.00,"100 מ""ל",false,1,14.90,2.13,true,1,
7290108355062,false,נטורל פורמולה לחות+קרטין,אמיליה קוסמטיקס,IL,לחות נט.פורמולה,מיליליטרים,400.00,"100 מ""ל",false,1,19.90,4.98,true,1,
7290108355161,false,מרכך נקה 7 שמני הזנה 750,קוסמופארם בעמ,IL,מרכך נקה 7,מיליליטרים,750.00,"100 מ""ל",false,1,6.90,0.92,true,1,
7290108355307,false,נקה 7 שמפו לסירוק קל 750,קוסמופארם,IL,שמפו לסירוק קל,מיליליטרים,750.00,"100 מ""ל",false,1,12.90,1.72,true,1,
7290108355314,false,נקה 7 מרכך לסירוק קל 750,קוסמופארם,IL,מרכך לסירוק קל,מיליליטרים,750.00,"100 מ""ל",false,1,12.90,1.72,true,1,
7290108355802,false,תח.רחצה קרמה ורד וניל700,קוסמופארם בעמ,IL,תחליב רחצה קרמה,מיליליטרים,700.00,"100 מ""ל",false,1,14.90,2.13,true,1,
7290108356021,false,כיף תחליב רחצה עוגיות700,קוסמופארם,IL,כיף תחליב רחצה,מיליליטרים,700.00,"100 מ""ל",false,1,9.90,1.41,true,1,
7290108356069,false,כיף תחליב רחצה מרנג700מ,קוסמופארם,IL,כיך תחליב רחצה,מיליליטרים,700.00,"100 מ""ל",false,1,12.90,1.84,true,1,
7290108356106,false,כיף תחליב רחצה שקדים700מ,קוסמופארם,IL,כיף תחליב רחצה,מיליליטרים,700.00,"100 מ""ל",false,1,9.90,1.41,true,1,
7290108356113,false,כיף תחליב רח.חלב ודבש700,קוסמופארם,IL,כיף תחליב רחצה,מיליליטרים,700.00,"100 מ""ל",false,1,9.90,1.41,true,1,
7290108356120,false,כיף תחליב רחצה קוקוס700מ,קוסמופארם,IL,כיף תחליב רחצה,מיליליטרים,700.00,"100 מ""ל",false,1,9.90,1.41,true,1,
7290108356168,false,כיף תחליב רח.אוקיינוס700,קוסמופארם,IL,כיף תחליב רחצה,מיליליטרים,700.00,"100 מ""ל",false,1,9.90,1.41,true,1,
7290108356182,false,אל סבון כיף תאנה 1 ליטר,קוסמופארם בע'\'\מ,IL,אל סבון כיף,ליטרים,1.00,ליטר,false,1,9.90,9.90,true,1,
7290108356199,false,אל סבון כיף אפרסק 1 ליטר,קוסמופארם בע'\'\מ,IL,אל סבון כיף,ליטרים,1.00,ליטר,false,1,9.90,9.90,true,1,
7290108357004,false,כיף שמפו מועשר בשמן 700מ,"קוסמופארם בע""\מ",IL,שמפו כיף,מיליליטרים,700.00,"100 מ""ל",false,1,11.50,1.64,true,1,
7290108357202,false,סנו קליר בלוסום 1ל,סנו,IL,סנו קליר,ליטרים,1.00,ליטר,false,1,8.90,8.90,true,1,
7290108357394,false,תחליב רח.קרמה חלב ודב700,קוסמופארם בע'\'\מ,IL,תחליב רחצה קרמה,מיליליטרים,700.00,"100 מ""ל",false,1,14.90,2.13,true,1,
7290108357493,false,תחליב רחצה קרמה וניל700מ,קוסמופארם בעמ,IL,תחליב רחצה קרמה,מיליליטרים,700.00,"100 מ""ל",false,1,14.90,2.13,true,1,
7290108357707,false,כיף שמפו לשיער רגיל 700מ,קוסמופארם,IL,כיף שמפו,מיליליטרים,700.00,"100 מ""ל",false,1,11.50,1.64,true,1,
7290108357714,false,כיף שמפו לשיער יבש700מ,קוסמופארם,IL,כיף שמפו,מיליליטרים,700.00,"100 מ""ל",false,1,11.50,1.64,true,1,
7290108357769,false,כיף מרכך לשיער רגיל700מל,קוסמופארם,IL,כיף מרכך שיער,מיליליטרים,700.00,"100 מ""ל",false,1,11.50,1.64,true,1,
7290108357776,false,כיף מרכך לשיער יבש 700מל,קוסמופארם,IL,כיף מרכך שיער,מיליליטרים,700.00,"100 מ""ל",false,1,11.50,1.64,true,1,
7290108357783,false,"כיף מרכך לשיער דק 700מ""ל",קוסמופארם בעמ,IL,כיף מרכך שיער,מיליליטרים,700.00,"100 מ""ל",false,1,11.50,1.64,true,1,
7290108357875,false,"כיף שמפו אפרסק 700 מ""ל",קוסמופארם בעמ,IL,כיף שמפו אפרסק,מיליליטרים,700.00,"100 מ""ל",false,1,11.50,1.64,true,1,
7290108357882,false,"כיף מרכך אפרסק 700מ""ל",קוסמופארם בעמ,IL,כיף מרכך לשיער,מיליליטרים,700.00,"100 מ""ל",false,1,11.50,1.64,true,1,
7290108358070,false,תחליב רחצה קרמה קלאס700מ,קוסמופארם בעמ,IL,קרמה תחליב רחצה,מיליליטרים,700.00,"100 מ""ל",false,1,14.90,2.13,true,1,
7290108359855,false,בייבי כיף שמפו אלדמע750מ,קוסמופארם,IL,שמפו בייבי כיף,מיליליטרים,750.00,"100 מ""ל",false,1,18.90,2.52,true,1,
7290108359985,false,ג'אוול קצף ניקוי 1 ליטר,---,IL,ג'אוול קצף ניקוי,ליטרים,1.00,ליטר,false,1,14.90,14.90,true,1,
7290108503975,false,קנלוני 250 גרם-ויליפוד,,IL,קנלוני,גרמים,250.00,100 גרם,false,1,7.90,3.16,true,1,
7290108507652,false,ביסקויט בשוקולד לבן100גר,דן קייק,TR,ביסקויט מצופנ,גרמים,100.00,100 גרם,false,1,5.90,5.90,true,1,
7290108620030,false,יין קפיטל מרלו,יקב ציון,,יין קפיטל מרלו,יחידה,1.00,יחידה,false,0,46.60,46.60,true,1,
7290108620054,false,יין אסטייט קברנה סוביניו,יקב ציון,IL,יין אסטייט קברנה,מיליליטרים,750.00,"100 מ""ל",false,1,32.90,4.39,true,1,
7290108620061,false,"יין אסטייט שיראז 750 מ""ל",יקב ציון,IL,יין אסטייט שיראז,מיליליטרים,750.00,"100 מ""ל",false,1,32.90,4.39,true,1,
7290108620108,false,יין אימפריאל קברנה סובינ,יקב ציון,IL,יין אימפריאל קבר,מיליליטרים,750.00,"100 מ""ל",false,1,24.90,3.32,true,1,
7290108620115,false,"יין אימפריאל מרלו 750 מ""",יקב ציון,IL,יין אימפריאל מרל,מיליליטרים,750.00,"100 מ""ל",false,1,24.90,3.32,true,1,
7290108620122,false,יין אימפריאל קברנה מרלו,יקב ציון,IL,יין אימפריאל קבר,מיליליטרים,750.00,"100 מ""ל",false,1,24.90,3.32,true,1,
7290108620153,false,יין אסטייט קברנה חצי מתו,יקב ציון,IL,יין אסטייט קברנה,מיליליטרים,750.00,"100 מ""ל",false,1,32.90,4.39,true,1,
7290108620160,false,יין אימפריאל סוביניון בל,יקב ציון,IL,יין אימפריאל סוב,מיליליטרים,750.00,"100 מ""ל",false,1,24.90,3.32,true,1,
7290108620177,false,יין פאלאס בלנד אדום 750,יקב ציון,IL,יין פאלאס בלנד א,מיליליטרים,750.00,"100 מ""ל",false,1,19.90,2.65,true,1,
7290108620207,false,יין אימפריאל גוורצטרמינר,יקב ציון,IL,יין אימפריאל ריז,מיליליטרים,750.00,"100 מ""ל",false,1,24.90,3.32,true,1,
7290108620245,false,תירוש לבן מובחר 100% 1לי,יקב ציון,IL,תירוש לבן מובחר,ליטרים,1.00,ליטר,false,1,14.90,14.90,true,1,
7290108620351,false,יין גן עדן מוסקט המבורג,יקב ציון,IL,יין גן עדן מוסקט,מיליליטרים,750.00,"100 מ""ל",false,1,19.90,2.65,true,1,
7290108620368,false,"יין גן עדן מוסקט 750 מ""ל",יקב ציון,IL,יין גן עדן מוסקט,מיליליטרים,750.00,"100 מ""ל",false,1,19.90,2.65,true,1,
7290108620924,false,"דיפלומט קפה 700 מ""ל",יקבי ציון,IL,דיפלומט קפה,מיליליטרים,700.00,"100 מ""ל",false,1,79.90,11.41,true,1,
7290109351025,false,חומוסטחינה צבר 400 גרם,סלטי צבר,IL,חומוסטחינה צבר,גרמים,400.00,100 גרם,false,1,9.90,2.48,true,1,
7290109351209,false,גל.לה פרוטה אננס תפוז 70,גלידות נסטלה )נגה גלידות,IL,גל.לה פרוטה אננס,יחידה,1.00,יחידה,false,1,4.50,4.50,true,1,
7290109352916,false,פיטנס פריכיות שוק.לבן84ג,כרמית,IL,פיטנס בר פריכיות,גרמים,84.00,100 גרם,false,1,11.90,14.17,true,1,
7290109354057,false,מאגדת לה פרוטה תפוז אננס,נסטלה,IL,מאגדת לה פרוטה,גרמים,350.00,100 גרם,false,1,15.90,4.54,true,1,
7290109354101,false,לחמית ללא גלוטן 200 גרם,אסם,IL,לחמית ללא גלוטן,גרמים,200.00,100 גרם,false,1,6.90,3.45,true,1,
7290109354972,false,פתי בר ל.גלוטן קלאסי200ג,"אסם השקעות בע""\מ",IL,פתי בר ללא גלוטן,גרמים,200.00,100 גרם,false,1,6.90,3.45,true,1,
7290109354996,false,פתי בר לל.גלוטן שוקו200ג,"אסם השקעות בע""\מ",IL,פתי בר ללא גלוטן,גרמים,200.00,100 גרם,false,1,6.90,3.45,true,1,
7290109355504,false,קראנץ וניל יח,נגה גלידות,IL,קראנץ וניל,יחידה,1.00,יחידה,false,1,6.90,6.90,true,1,
7290109358284,false,שניצל תירס עם חלבון 664,אסם,IL,שניצל תירס,גרמים,664.00,100 גרם,false,1,22.90,3.45,true,1,
7290109358765,false,קראנץ' רולס 450 גרם,"אסם השקעות בע""\מ",IL,קראנץ' רולס,גרמים,450.00,100 גרם,false,1,19.90,4.42,true,1,
7290109580043,false,שניצל תירס 1.75 קג בדצ,---,IL,שניצל תירס 1.75ק,קילוגרמים,1.75,"ק""ג",false,1,46.90,26.80,true,1,
7290109580142,false,נקניקיות מן הצומח 1.75ק,---,IL,נקניקיות מן הצומ,קילוגרמים,1.75,"ק""ג",false,1,46.90,26.80,true,1,
7290109580241,false,נאגטס מן הצומח 500 גרם,---,IL,נאגטס מן הצומח,קילוגרמים,0.50,"ק""ג",false,1,19.90,39.80,true,1,
7290109580302,false,זוג תה מעושן+חזה עוף,---,IL,זוג תה מעושן+חזה,גרמים,700.00,100 גרם,false,1,25.90,3.70,true,1,
7290109580357,false,זוג חרמון +ח.ברביקיו 300,---,IL,זוג חרמון,גרמים,600.00,100 גרם,false,1,25.90,4.32,true,1,
7290109640020,false,גוש טבעוני טעם מוצרלה300,ויגרדן,IL,גוש טבעוני,גרמים,300.00,100 גרם,false,1,19.90,6.63,true,1,
7290109640198,false,מגורדת לפיצה ואפיה 200 ג,ויגרדן,IL,מגורדת לפיצה,גרמים,200.00,100 גרם,false,1,19.90,9.95,true,1,
7290109640372,false,"ממרח+זיתים ע""ב קוקוס200ג",גן שמואל-תעשיות בריאות,IL,"ממרח ע""ב קוקוס",גרמים,200.00,100 גרם,false,1,14.90,7.45,true,1,
7290109640396,false,"ממ.שום שמיר ע""ב קוקוס200",גן שמואל-תעשיות בריאות,IL,"ממרח ע""ב קוקוס",גרמים,200.00,100 גרם,false,1,14.90,7.45,true,1,
7290109640402,false,"ממרח ט.טבעי ע""ב קוקוס200",גן שמואל-תעשיות בריאות,IL,"ממרח ע""ב קוקוס",גרמים,200.00,100 גרם,false,1,14.90,7.45,true,1,
7290109920597,false,אסטוניש מרסס למקלחון750מ,אסטוניש,GB,מרסס למקלחון,מיליליטרים,750.00,"100 מ""ל",false,1,9.90,1.32,true,1,
7290109920665,false,אסטוניש מס.אוכל שרוף750מ,אסטוניש,GB,מסיר אוכל שרוף,מיליליטרים,750.00,"100 מ""ל",false,1,9.90,1.32,true,1,
7290109920849,false,אסטוניש מרסס רב תכלית750,אסטוניש,GB,אסטוניש רב תכלית,מיליליטרים,750.00,"100 מ""ל",false,1,9.90,1.32,true,1,
7290110000073,false,קרם פרלין קקאו 375גרם,בטר אנד דיפרנט,IL,קרם פרלין קקאו,גרמים,375.00,100 גרם,false,1,26.90,7.17,true,1,
7290110000097,false,קרם נוגט 375 גרם,בטר אנד דיפרנט,IL,קרם נוגט375גרם,גרמים,375.00,100 גרם,false,1,26.90,7.17,true,1,
7290110000165,false,שמן קוקוס 900 גרם,בטר אנד דיפרנט,IL,שמן קוקוס,גרמים,900.00,100 גרם,false,1,38.90,4.32,true,1,
7290110000288,false,מיצוי מימי של שזיפים946מ,היל ויו פאקינג קומפני,XX,"מיץ שזיפים946מ""ל",מיליליטרים,946.00,"100 מ""ל",false,1,22.90,2.42,true,1,
7290110000295,false,סיבילין סיבים תזונתי250ג,בטר אנד דיפרנט,IL,סיבילין סיבים,גרמים,250.00,100 גרם,false,1,22.90,9.16,true,1,
7290110000424,false,"שיבולת שועל 1 ק""ג",בטר אנד דיפרנט,IL,שיבולת שועל,קילוגרמים,0.00,"ק""ג",false,1,6.90,6.90,true,1,
7290110000448,false,סילאן לחיץ טבעי B&D 100%,,IL,סילאן טבעי B&D,גרמים,385.00,100 גרם,false,1,9.90,2.57,true,1,
7290110000950,false,ממתיק צמחי בצנצנת 800 גר,בטר אנד דיפרנט,IL,ממתיק צמחי בצנצנ,גרמים,800.00,100 גרם,false,1,39.90,4.99,true,1,
7290110000967,false,מתוקקל ממתיק נוזלי לחיץ,בטר אנד דיפרנט,IL,מתוקקל ממתיק,גרמים,390.00,100 גרם,false,1,14.90,3.82,true,1,
7290110001018,false,חמאת בוטנים מלוחה 350 גר,,IL,חמאת בוטנים,גרמים,350.00,100 גרם,false,1,13.90,3.97,true,1,
7290110001025,false,ממרח בוטנים מתוק 350 גרם,בטר אנד דיפרנט,IL,ממרח בוטנים,גרמים,350.00,100 גרם,false,1,13.90,3.97,true,1,
7290110001438,false,אטריות דקיקות כוסמין מלא,,IL,אטריות דקיקות,גרמים,200.00,100 גרם,false,1,8.90,4.45,true,1,
7290110001445,false,אטריות דקות כוסמין מלא 2,,IL,אטריות דקות200ג,גרמים,200.00,100 גרם,false,1,8.90,4.45,true,1,
7290110001452,false,אטריות רחבות כוסמין מלא,,IL,אטריות רחבות כוס,גרמים,200.00,100 גרם,false,1,8.90,4.45,true,1,
7290110001612,false,"ממתיק צמחי בשקית 1 ק""ג",בטר אנד דיפרנט,IL,ממתיק צמחי בשקית,גרמים,1000.00,100 גרם,false,1,39.90,3.99,true,1,
7290110001650,false,קמח תירס 700 גרם,,IL,קמח תירס,יחידה,1.00,יחידה,false,1,12.50,12.50,true,1,
7290110001667,false,קמח עדשים אדומות 700 גרם,,IL,קמח עדשים אדומות,גרמים,700.00,100 גרם,false,1,12.50,1.79,true,1,
7290110001674,false,עמילן טפיוקה,,,עמילן טפיוקה,יחידה,1.00,יחידה,false,0,9.90,9.90,true,1,
7290110001711,false,מתוקקל ממתיק נוזלי 900 ג,בטר אנד דיפרנט,IL,מתוקקל ממתיק900ג,גרמים,900.00,100 גרם,false,1,29.90,3.32,true,1,
7290110001797,false,חלבון חיטה מרוכז 500 גר,בטר אנד דיפרנט,IL,חלבון חיטה מרוכז,גרמים,500.00,100 גרם,false,1,20.90,4.18,true,1,
7290110001810,false,חלבון סויה מרוכז 500 גר,בטר אנד דיפרנט,IL,חלבון סויה מרוכז,גרמים,500.00,100 גרם,false,1,20.90,4.18,true,1,
7290110001827,false,"ממרח בוטנים+ קקאו לל""ס",בטר אנד דיפרנט,IL,ממרח בוטנים,גרמים,350.00,100 גרם,false,1,13.90,3.97,true,1,
7290110002039,false,חיטה תפוחה 400 גרם בטר,,IL,חיטה תפוחה 400 ג,יחידה,1.00,יחידה,false,1,14.90,14.90,true,1,
7290110002091,false,דגניות בטעם שוקולד בטר,,IL,דגניות בטעם שוקו,גרמים,550.00,100 גרם,false,1,21.90,3.98,true,1,
7290110002107,false,דגניות בטעם נוגט בטר,,IL,דגניות בטעם נוגט,גרמים,550.00,100 גרם,false,1,21.90,3.98,true,1,
7290110002114,false,דגניות בטעם קרמל מלוח בט,,IL,דגניות בטעם קרמל,גרמים,550.00,100 גרם,false,1,21.90,3.98,true,1,
7290110002206,false,"שמן קוקוס 500 מ""ל","בטר אנד דיפרנט בע""מ",IL,שמן קוקוס 500 מ',מיליליטרים,500.00,"100 מ""ל",false,1,21.90,4.38,true,1,
7290110059453,false,סוכריות סודה צמיד הלו קי,,IL,סוכריות סודה צמי,יחידה,1.00,יחידה,false,1,11.90,11.90,true,1,
7290110110369,false,קרלסברג לומה 6בק* 330מל,מבשלות בירה בינלאומיות ב,IL,קרלסברג לומה 6יח,ליטרים,1.98,ליטר,false,1,34.90,17.63,true,1,
7290110110703,false,ספרייט ליים פחיות330*6מל,החברה המרכזית לייצור משק,IL,ספרייט ליים 6 פח,ליטרים,1.98,ליטר,false,1,17.90,9.04,true,1,
7290110113414,false,קוקה קולה זירו מיני250מל,החברה המרכזית לייצור משק,IL,קוקה קולה זירו,מיליליטרים,250.00,"100 מ""ל",false,1,3.90,1.56,true,1,
7290110114787,false,נביעות+טעם תפוח 1.5 ליטר,נביעות טבע הגליל בעמ,IL,נביעות+תפוח,ליטרים,1.50,ליטר,false,0,6.90,4.60,true,1,
7290110114794,false,נביעות+טעם אפרסק 1.5ליטר,"נביעות טבע הגליל בע""\מ ,",IL,נביעות+אפרסק,ליטרים,1.50,ליטר,false,0,6.90,4.60,true,1,
7290110114800,false,נביעות+טעם ענבים 1.5ליטר,"נביעות טבע הגליל בע""\מ",IL,נביעות+ענבים,ליטרים,1.50,ליטר,false,0,6.90,4.60,true,1,
7290110114817,false,נביעות+ רכיב.ט.מנגו1.5ל,"נביעות טבע הגליל בע""\מ",IL,נביעות+ טעם מ,ליטרים,1.50,ליטר,false,0,7.90,5.27,true,1,
7290110114831,false,נביעות+ פרי ט.אננס 1.5ל',"נביעות טבע הגליל בע""\מ",IL,נביעות+ טעם א,ליטרים,1.50,ליטר,false,0,7.90,5.27,true,1,
7290110114848,false,נביעות+רכ.פרי ט.ליצי1.5ל,"נביעות טבע הגליל בע""\מ",IL,נביעות+טעם לי,ליטרים,1.50,ליטר,false,0,7.90,5.27,true,1,
7290110114855,false,מים מינרל.נביעות 1.5*6ל,נביעות טבע הגליל בעמ,IL,מים נביעות1.5*6ל,ליטרים,9.00,ליטר,false,0,11.70,1.30,true,1,
7290110114961,false,פריגת תפוזים 1.5 ליטר,מבשלות בירה בינלאומיות ב,IL,פריגת תפוזים,ליטרים,1.50,ליטר,false,0,8.30,5.53,true,1,
7290110114985,false,פריגת אשכוליות 1.5 ליטר,מבשלות בירה בינלאומיות ב,IL,פריגת אשכוליו,ליטרים,1.50,ליטר,false,0,8.30,5.53,true,1,
7290110114992,false,פריגת אשכוליות לייט 1.5,מבשלות בירה בינלאומיות ב,IL,פריגת  אשכולי,ליטרים,1.50,ליטר,false,0,8.80,5.87,true,1,
7290110115005,false,פריגת ענבים 1.5 ליטר,מבשלות בירה בינלאומיות ב,IL,פריגת ענבים,ליטרים,1.50,ליטר,false,0,8.30,5.53,true,1,
7290110115029,false,פריגת תפוחים 1.5 ליטר,מבשלות בירה בינלאומיות ב,IL,פריגת תפוחים,ליטרים,1.50,ליטר,false,0,8.30,5.53,true,1,
7290110115036,false,פריגת מנגו 1.5 ליטר,מבשלות בירה בינלאומיות ב,IL,פריגת מנגו,ליטרים,1.50,ליטר,false,0,8.30,5.53,true,1,
7290110115043,false,פריגת לימונענע 1.5 ליטר,מבשלות בירה בינלאומיות ב,IL,"משק""ל פריגת",ליטרים,1.50,ליטר,false,0,8.30,5.53,true,1,
7290110115050,false,פריגת מיקס תות-בננה1.5ל,מבשלות בירה בינלאומיות ב,IL,פריגת תות בננ,ליטרים,1.50,ליטר,false,0,8.30,5.53,true,1,
7290110115081,false,פריגת צלול ענבים 1.5ליטר,"מבשלות בירה לישראל בע""\מ",IL,פריגת צלול ענ,ליטרים,1.50,ליטר,false,0,8.20,5.47,true,1,
7290110115104,false,פריגת צלול אפרסק 1.5ליטר,מבשלות בירה בינלאומיות ב,IL,פריגת צלול אפ,ליטרים,1.50,ליטר,false,0,8.20,5.47,true,1,
7290110115111,false,פריגת צלול אננס 1.5 ליטר,"מבשלות בירה לישראל בע""\מ",IL,פריגת צלול אנ,ליטרים,1.50,ליטר,false,0,8.20,5.47,true,1,
7290110115128,false,פריגת צלול לימוננע 1.5 ל,"מבשלות בירה לישראל בע""\מ",IL,פריגת צלול,ליטרים,1.50,ליטר,false,0,8.20,5.47,true,1,
7290110115203,false,קוקה קולה בקבוק 1.5 ליטר,החברה המרכזית לייצור משק,IL,קוקה קולה,ליטרים,1.50,ליטר,false,0,8.90,5.93,true,1,
7290110115210,false,קולה דיאט בקבוק 1.5 ל',החברה המרכזית לייצור משק,IL,קוקה קולה דיא,ליטרים,1.50,ליטר,false,0,7.80,5.20,true,1,
7290110115227,false,קוקה קולה זירו 1.5 ליטר,החברה המרכזית לייצור משק,IL,קוקה קולה זיר,ליטרים,1.50,ליטר,false,0,8.90,5.93,true,1,
7290110115234,false,קולה זירו נטול קפאין1.5ל,החברה המרכזית לייצור משק,IL,קולה זירו נטו,ליטרים,1.50,ליטר,false,0,8.90,5.93,true,1,
7290110115241,false,קולה זירו לימון 1.5 ליטר,החברה המרכזית לייצור משק,IL,קולה זירו לימ,ליטרים,1.50,ליטר,false,0,8.90,5.93,true,1,
7290110115258,false,קולה זירו מנגו 1.5 ליטר,החברה המרכזית לייצור משק,IL,קולה זירו מנג,ליטרים,1.50,ליטר,false,0,8.90,5.93,true,1,
7290110115265,false,ספרייט ליים 1.5 ליטר,החברה המרכזית לייצור משק,IL,ספרייט ליים,ליטרים,1.50,ליטר,false,0,8.90,5.93,true,1,
7290110115272,false,ספרייט זירו 1.5 ליטר,החברה המרכזית לייצור משק,IL,ספרייט זירו,ליטרים,1.50,ליטר,false,0,8.90,5.93,true,1,
7290110115289,false,ספרייט19קל.לימון נענע1.5,החברה המרכזית לייצור משק,IL,ספרייט נענע,ליטרים,1.50,ליטר,false,0,8.90,5.93,true,1,
7290110115296,false,פאנטה אורנג' 1.5 ל',החברה המרכזית לייצור משק,IL,פאנטה אורנג',ליטרים,1.50,ליטר,false,0,8.20,5.47,true,1,
7290110115302,false,פאנטה זירו ט.אורנג' 1.5ל,החברה המרכזית לייצור משק,IL,פאנטה זירו או,ליטרים,1.50,ליטר,false,0,8.20,5.47,true,1,
7290110115319,false,פאנטה אקזוטי 1.5 ליטר,החברה המרכזית לייצור משק,IL,פאנטה אקזוטי,ליטרים,1.50,ליטר,false,0,8.20,5.47,true,1,
7290110115326,false,פאנטה אורנג' מנגו 1.5 ל',החברה המרכזית לייצור משק,IL,פאנטה אורנג',ליטרים,1.50,ליטר,false,0,8.20,5.47,true,1,
7290110115333,false,פאנטה תות 1.5 ליטר,החברה המרכזית לייצור משק,IL,פאנטה תות,ליטרים,1.50,ליטר,false,0,8.20,5.47,true,1,
7290110115340,false,פאנטה ענבים 1.5 ליטר,החברה המרכזית לייצור משק,IL,פאנטה ענבים,ליטרים,1.50,ליטר,false,0,8.20,5.47,true,1,
7290110115364,false,קוקה קולה 1.5*6 ליטר,החברה המרכזית לייצור משק,IL,קוקה קולה1.5*6ל,ליטרים,9.00,ליטר,false,0,49.90,5.54,true,1,
7290110115371,false,קוקה קולה דיאט 1.5*6ל,החברה המרכזית לייצור משק,IL,קולה דיאט1.5*6ל,ליטרים,9.00,ליטר,false,0,33.90,3.77,true,1,
7290110115388,false,ספרייט ליים 1.5*6 ליטר,החברה המרכזית לייצור משק,IL,ספרייט ליים1.5*6,ליטרים,9.00,ליטר,false,0,44.90,4.99,true,1,
7290110115395,false,ספרייט זירו 1.5*6 ליטר,החברה המרכזית לייצור משק,IL,ספרייט זירו1.5*6,ליטרים,9.00,ליטר,false,0,44.90,4.99,true,1,
7290110115418,false,קוקה קולה זירו 1.5*6 ל',החברה המרכזית לייצור משק,IL,קולה זירו1.5*6ל,ליטרים,9.00,ליטר,false,0,46.90,5.21,true,1,
7290110115425,false,פיוז תה גרין לימ.נענ1.5ל,מבשלות בירה בינלאומיות ב,IL,פיוז תה לימון,ליטרים,1.50,ליטר,false,0,8.90,5.93,true,1,
7290110115449,false,פיוז תה מנגו אננס 1.5ל,מבשלות בירה בינלאומיות ב,IL,תה מנגו אננס,ליטרים,1.50,ליטר,false,0,8.90,5.93,true,1,
7290110115456,false,פיוז תה אפרסק19 קלור1.5.,מבשלות בירה בינלאומיות ב,IL,פיוז תה אפרסק,ליטרים,1.50,ליטר,false,0,8.90,5.93,true,1,
7290110115463,false,פיוז תה קר אפרסק 1.5ליטר,מבשלות בירה בינלאומיות ב,IL,פיוז תה אפרסק,ליטרים,1.50,ליטר,false,0,8.90,5.93,true,1,
7290110115487,false,פיוז תה אפרסק 1.5*4 ליטר,מבשלות בירה בינלאומיות ב,IL,פיוז תה 1.5*4ל,ליטרים,6.00,ליטר,false,0,32.00,5.33,true,1,
7290110115494,false,פיוז תה ענבים 1.5 ליטר,מבשלות בירה בינלאומית בע,IL,פיוז תה ענבים,ליטרים,1.50,ליטר,false,0,8.90,5.93,true,1,
7290110115579,false,פאנטה אורנג' 1.5*4 ליטר,החברה המרכזית לייצור משק,IL,פאנטה אורנג1.5*4,ליטרים,6.00,ליטר,false,0,28.00,4.67,true,1,
7290110115616,false,פיוז תה אננס זירו 1.5 ל',מבשלות בירה בינלאומיות ב,IL,פיוז תה אננס,ליטרים,1.50,ליטר,false,1,8.90,5.93,true,1,
7290110115623,false,פיוז תה אפרסק זירו 1.5 ל,מבשלות בירה בינלאומיות ב,IL,פיוז תה אפרסק,ליטרים,1.50,ליטר,false,1,8.90,5.93,true,1,
7290110280178,false,מפיות עגולות נ.ש,,,מפיות עגולות נ.ש,יחידה,1.00,יחידה,false,0,4.90,4.90,true,1,
7290110281809,false,מפיות מהודרות,,,מפיות מהודרות,יחידה,1.00,יחידה,false,0,4.90,4.90,true,1,
7290110282158,false,מפיות מהודרות,,,מפיות מהודרות,יחידה,1.00,יחידה,false,0,4.90,4.90,true,1,
7290110288761,false,מפיות תלת שכבתי 12 יחי',,IL,מפיות תלת שכבתי,יחידה,1.00,יחידה,false,1,4.90,4.90,true,1,
7290110288778,false,מפיות תלת שכבתי 12 יחי',,IL,מפיות תלת שכבתי,יחידה,1.00,יחידה,false,1,4.90,4.90,true,1,
7290110288792,false,מפיון כיס שבת שלום 12 יח,,IL,מפיון כיס שבת של,יחידה,1.00,יחידה,false,1,4.90,4.90,true,1,
7290110288808,false,מפיות תלת שכבתי 12 יחי',,IL,מפיות תלת שכבתי,יחידה,1.00,יחידה,false,1,4.90,4.90,true,1,
7290110288839,false,מפיון כיס מזל טוב 12 יח',,IL,"מפיון כיס מז""ט",יחידה,1.00,יחידה,false,1,4.90,4.90,true,1,
7290110288846,false,מפיון כיס מזל טוב 12 יח',,IL,"מפיון כיס מז""ט",יחידה,1.00,יחידה,false,1,4.90,4.90,true,1,
7290110320850,false,פתיתי עמק 28% 200 גרם,תנובה,IL,פתיתי עמק,גרמים,200.00,100 גרם,false,1,13.90,6.95,true,1,
7290110320867,false,פתיתי עמק 28% 500גרם,תנובה,IL,פתיתי עמק,גרמים,500.00,100 גרם,false,1,29.90,5.98,true,1,
7290110320935,false,פרוסות מוצרלה 150 גרם,תנובה,IL,פרוסות מוצרלה,גרמים,150.00,100 גרם,false,1,13.90,9.27,true,1,
7290110321277,false,קוטג' בקטנה 5% 100 גרם,תנובה,IL,קוטג' בקטנה 5%,גרמים,100.00,100 גרם,false,1,2.50,2.50,true,1,
7290110321284,false,קוטג' בקטנה 9% 100 גרם,תנובה,IL,קוטג' בקטנה 9%,גרמים,100.00,100 גרם,false,1,2.50,2.50,true,1,
7290110321468,false,"יופלה תות בד""צ 100*12ג",תנובה בעמ,IL,מארז יופלה,קילוגרמים,1.20,"ק""ג",false,1,23.90,19.92,true,1,
7290110322014,false,טופו בטעם טבעי 300 גרם,א.י.ן תעשיות,IL,טופו טבעי300 גרם,גרמים,300.00,100 גרם,false,1,9.90,3.30,true,1,
7290110322021,false,טופו בזיליקום 300 גרם,א.י.ן תעשיות,IL,טופו בזיליקום,גרמים,300.00,100 גרם,false,1,9.90,3.30,true,1,
7290110322946,false,יופלה טיוב תות בננה58*6ג,תנובה בעמ,IL,יופלה טיוב 6 יח,גרמים,348.00,100 גרם,false,1,11.90,3.42,true,1,
7290110323714,false,משקה קוקוס שקדים 1 ליטר,תנובה בעמ,IL,משקה קוקוס שקדים,ליטרים,1.00,ליטר,false,1,9.90,9.90,true,1,
7290110324070,false,גבינת חלומי 30% 200גרם,"תנובה בע""\מ",IL,גבינת חלומי,גרמים,200.00,100 גרם,false,1,16.90,8.45,true,1,
7290110324711,false,ממרח סויה9% טעם טבעי250ג,"תנובה בע""\מ",IL,ממרח סויה 9%,גרמים,250.00,100 גרם,false,1,7.90,3.16,true,1,
7290110324841,false,מעדן שקדים שוקולד מריר12,תנובה בעמ,IL,מעדן שקדים,גרמים,125.00,100 גרם,false,1,3.90,3.12,true,1,
7290110324858,false,מעדן שקדים אגוזי לוז125ג,תנובה בעמ,IL,מעדן שקדים,גרמים,125.00,100 גרם,false,1,3.90,3.12,true,1,
7290110324926,false,"משקה סויה ללת""ס 1 ליטר","תנובה בע""\מ",IL,"משקה סויה ללת""ס",ליטרים,1.00,ליטר,false,1,8.90,8.90,true,1,
7290110325084,false,מיני קרלו שוניל 100*8גרם,"תנובה בע""\מ",IL,מיני קרלו 8 יח,גרמים,800.00,100 גרם,false,1,11.90,1.49,true,1,
7290110325169,false,פרוסות גאודה 170 גרם,---,IL,פרוסות גאודה,גרמים,170.00,100 גרם,false,1,14.90,8.76,true,1,
7290110325312,false,מעדן סויה ביו טעם תות200,"תנובה בע""\מ",IL,מעדן סויה ביו,גרמים,200.00,100 גרם,false,1,4.90,2.45,true,1,
7290110325510,false,יופלה טיוב וניל 6יח58*גר,"תנובה בע""\מ",IL,יופלה טיוב וניל,גרמים,348.00,100 גרם,false,1,11.90,3.42,true,1,
7290110325619,false,משקה שיבולת שועל 1 ליטר,"תנובה בע""\מ",IL,משקה שיבולת שועל,ליטרים,1.00,ליטר,false,1,9.90,9.90,true,1,
7290110325893,false,"אייס קפה GO תנובה 340מ""ל","תנובה בע""\מ",IL,אייס קפה GO,מיליליטרים,340.00,"100 מ""ל",false,1,6.90,2.03,true,1,
7290110326210,false,יופלה און טופ פצפוצים157,מחלבת אלון תבור,IL,יופלה און טופ,גרמים,157.00,100 גרם,false,1,4.60,2.93,true,1,
7290110326234,false,יופלה און טופ כוכבים157ג,מחלבת אלון תבור,IL,יופלה און טופ,גרמים,157.00,100 גרם,false,1,4.60,2.93,true,1,
7290110326333,false,פרוסות גב.סקנדינבית 170ג,תנובה,IL,גבינה סקנדינבית,גרמים,170.00,100 גרם,false,1,13.90,8.18,true,1,
7290110327033,false,משקה סויה מועשר חלבון 1ל,תנובה בעמ,IL,משקה סויה מועשר,ליטרים,1.00,ליטר,false,1,10.90,10.90,true,1,
7290110327064,false,אייס קפה ש.שועל קרמל 1ל,---,IL,אייס קפה ש.שועל,ליטרים,1.00,ליטר,false,1,9.90,9.90,true,1,
7290110327514,false,משקה ש.שועל אגוז לוז 1ל,---,IL,משקה ש.שועל,ליטרים,1.00,ליטר,false,1,9.90,9.90,true,1,
7290110328504,false,טריו פתיתים מיקס גבינ300,"תנובה בע""\מ",IL,טריו פתיתי גבינה,גרמים,300.00,100 גרם,false,1,22.90,7.63,true,1,
7290110328610,false,משקה אורז ושקדים 1 ליטר,תנובה בעמ,IL,משקה אורז ושקדים,ליטרים,1.00,ליטר,false,1,9.90,9.90,true,1,
7290110328627,false,יוג.גו קרמי בננה קרמל200,תנובה בעמ,IL,יוגורט גו קרמי,גרמים,200.00,100 גרם,false,1,4.90,2.45,true,1,
7290110328641,false,טופו טבעי 500 גרם,---,IL,טופו טבעי,גרמים,500.00,100 גרם,false,1,17.90,3.58,true,1,
7290110328764,false,יוגורט גו קרמי תות0% 200,תנובה בעמ,IL,יוגורט גו קרמי,גרמים,200.00,100 גרם,false,1,4.90,2.45,true,1,
7290110328771,false,יוגורט גו קרמי פ.יער200ג,תנובה בעמ,IL,יוגורט גו קרמי,גרמים,200.00,100 גרם,false,1,4.90,2.45,true,1,
7290110328788,false,יוג.גו קרמי אפרסק0% 200ג,תנובה בעמ,IL,יוגורט גו סמיך,גרמים,200.00,100 גרם,false,1,4.90,2.45,true,1,
7290110328887,false,חלב 3% מהדרין בקבוק 1 ל,"תנובה בע""\מ",IL,חלב בקבוק 3%,ליטרים,1.00,ליטר,false,1,5.90,5.90,true,1,
7290110328931,false,פתיתי גבינה למאפים 500 ג,"תנובה בע""\מ",IL,פתיתי גבינה 500ג,גרמים,500.00,100 גרם,false,1,24.90,4.98,true,1,
7290110329211,false,מאגדת דיאט יופלה0% תות,"תנובה בע""\מ",IL,מאגדת דיאט יופלה,קילוגרמים,1.20,"ק""ג",false,1,19.90,16.58,true,1,
7290110329686,false,"משקה חלב GO עוגיות340מ""ל","תנובה בע""\מ",IL,משקה חלב GO,מיליליטרים,340.00,"100 מ""ל",false,1,6.90,2.03,true,1,
7290110329716,false,משקה קפה קר קפוצ'ינו230ג,"תנובה בע""\מ",IL,משקה קפה קר,גרמים,230.00,100 גרם,false,1,6.90,3.00,true,1,
7290110329723,false,משקה קפה קר לאטה230גרם,"תנובה בע""\מ",IL,משקה קפה קר לאטה,גרמים,230.00,100 גרם,false,1,6.90,3.00,true,1,
7290110329730,false,משקה חלב שוקולד וקפה230ג,"תנובה בע""\מ",IL,משקה חלב שוקולד,גרמים,230.00,100 גרם,false,1,6.90,3.00,true,1,
7290110329792,false,מעדן סויה ביו אפרסק150ג,"תנובה בע""\מ",IL,מעדן סויה ביו,גרמים,150.00,100 גרם,false,1,4.40,2.93,true,1,
7290110329808,false,מעדן סויה ביו תות 150 גר,"תנובה בע""\מ",IL,מעדן סויה ביו,גרמים,150.00,100 גרם,false,1,4.40,2.93,true,1,
7290110329815,false,מעדן סויה ביו מעודנת150ג,"תנובה בע""\מ",IL,מעדן סויה ביו,גרמים,150.00,100 גרם,false,1,4.40,2.93,true,1,
7290110329822,false,מעדן סויה ביו פ.יער150גר,"תנובה בע""\מ",IL,מעדן סויה ביו,גרמים,150.00,100 גרם,false,1,4.40,2.93,true,1,
7290110329846,false,מעדן סויה ביו טבעי 150 ג,"תנובה בע""\מ",IL,מעדן ביו טבעי,גרמים,150.00,100 גרם,false,1,4.40,2.93,true,1,
7290110550363,false,פריכיות משולשות קינואה65,פרח,IL,פריכיות משולשות,גרמים,65.00,100 גרם,false,1,11.90,18.31,true,1,
7290110552220,false,דנונ.פרו ללא סוכר תות200,"שטראוס בריאות בע""\מ",IL,דנונה פרו חלבון,גרמים,200.00,100 גרם,false,1,4.90,2.45,true,1,
7290110552237,false,דנונה פרו אפרסק מנגו200ג,"שטראוס בריאות בע""\מ",IL,דנונה פרו חלבון,גרמים,200.00,100 גרם,false,1,4.90,2.45,true,1,
7290110554095,false,דבש לחיץ 440 גרם,מכוורת יד מרדכי שטראוס ב,IL,דבש לחיץ,גרמים,440.00,100 גרם,false,1,21.90,4.98,true,1,
7290110554583,false,צ'יטוס PUFFS גבינה20*10ג,"שטראוס פריטו ליי בע""\מ )",IL,צ'יטוס פאפס 10יח,גרמים,200.00,100 גרם,false,1,10.90,5.45,true,1,
7290110555306,false,רבע לשבע טבעוני סינמו125,"הגביע מוצרי וופלים בע""\מ",IL,רב לשבע טבעוני,גרמים,125.00,100 גרם,false,1,8.90,7.12,true,1,
7290110556150,false,דבש ברכות במאגדת 20*10גר,מכוורת יד מרדכי שטראוס ב,IL,דבש ברכות במאגדת,גרמים,200.00,100 גרם,false,1,14.90,7.45,true,1,
7290110556242,false,שוקולד פרה מריר פרווה100,נטרה סנט אטיין,FR,שוקולד פרה מריר,גרמים,100.00,100 גרם,false,1,3.90,3.90,true,1,
7290110558253,false,דנונה ריפרש אננס בננה250,"שטראוס בריאות בע""\מ",IL,יוגורט ריפרש,גרמים,250.00,100 גרם,false,1,4.90,1.96,true,1,
7290110559748,false,חטיף שקדים שוק.קוקוס35*3,"ואמואליס פודס אס.איי,",GR,חטיפי ריל אנרגי,גרמים,105.00,100 גרם,false,1,14.90,14.19,true,1,
7290110559755,false,חט.פיסטוק חמוצ.בוטן35*3ג,"ואמואליס פודס אס.איי,",GR,חטיפי ריל אנרגי,גרמים,105.00,100 גרם,false,1,14.90,14.19,true,1,
7290110559762,false,חט.אגוז/תמרים/קוקוס35*3,"ואמואליס פודס אס.איי,",GR,חטיפי ריל אנרג'י,גרמים,105.00,100 גרם,false,1,14.90,14.19,true,1,
7290110560324,false,פריכיות משולשות+אפונה30ג,פרח,IL,פריכיות אנרג'י,גרמים,30.00,100 גרם,false,1,4.90,16.33,true,1,
7290110561604,false,גמדים תות בננה 100*8 גרם,"שטראוס בריאות בע""\מ",IL,גמדים תות בננה8י,גרמים,800.00,100 גרם,false,1,15.90,1.99,true,1,
7290110565527,false,דנונה פרו 20ג חלבון 200ג,"שטראוס גרופ בע""\מ",IL,דנונה פרו חלבון,גרמים,200.00,100 גרם,false,1,4.90,2.45,true,1,
7290110565572,false,קפה טורקי+הל לדרך7*24גרם,שטראוס קפה בי.וי.,IL,קפה טורקי לדרך,גרמים,168.00,100 גרם,false,1,15.90,9.46,true,1,
7290110566975,false,דנונ.פרו20ג חלבון תות200,"שטראוס בריאות בע""\מ",IL,דנונה פרו חלבון,גרמים,200.00,100 גרם,false,1,4.90,2.45,true,1,
7290110568238,false,קצפת צמחית יטבתה21% 250מ,מחלבת יטבתה,IL,קצפת צמחית יטבתה,מיליליטרים,250.00,"100 מ""ל",false,1,6.90,2.76,true,1,
7290110568566,false,דוריטוס גריל 25*10 גרם,"שטראוס פריטו ליי בע""מ )פ",IL,דוריטוס 10 יח,גרמים,250.00,100 גרם,false,1,10.90,4.36,true,1,
7290110801779,false,קרם לחות איטנסיבי לגוף 4,,IL,קרם לחות איטנסיב,מיליליטרים,400.00,"100 מ""ל",false,1,16.90,4.23,true,1,
7290110803810,false,פרולטה קרם רב שימושי קוק,,IL,פרולטה קרם רב שי,מיליליטרים,300.00,"100 מ""ל",false,1,15.90,5.30,true,1,
7290110808204,false,פרולטה קרם ידיים אינטנסי,,IL,פרולטה קרם ידיים,מיליליטרים,100.00,"100 מ""ל",false,1,9.90,9.90,true,1,
7290110808211,false,פרולטה קרם רב שימושי אבו,,IL,פרולטה קרם רב שי,מיליליטרים,300.00,"100 מ""ל",false,1,15.90,5.30,true,1,
7290110922351,false,חסידיג'ל ג'ל לעיצוב פיאה,,IL,חסידיג'ל,יחידה,1.00,יחידה,false,1,19.90,19.90,true,1,
7290110922375,false,קרם לעיצוב פיאות,,IL,קרם עיצוב פיאות,יחידה,1.00,יחידה,false,1,19.90,19.90,true,1,
7290111301810,false,סרט ראש קשר,WINT,CN,סרט ראש קשר,יחידה,1.00,יחידה,false,1,12.90,12.90,true,1,
7290111340178,false,מטליות ניקוי בנחוח מרכך,חוגלה קימברלי,IL,מטליות ניקוי,יחידה,1.00,יחידה,false,1,7.90,7.90,true,1,
7290111340185,false,מטליות לרצפה בנחוח מרכך,חוגלה קימברלי,IL,מטליות לרצפה,יחידה,1.00,יחידה,false,1,7.90,7.90,true,1,
7290111342042,false,כרית יפנית אנטיבקטריאלית,---,IL,כריות יפניות,יחידה,1.00,יחידה,false,1,9.90,9.90,true,1,
7290111342059,false,מטליות לחות לחיטוי 50 יח,---,IL,מטליות לחות50יח,יחידה,1.00,יחידה,false,1,9.90,9.90,true,1,
7290111343483,false,קוטקס 20 תחבוש.יאנג נייט,---,CZ,תחבושות קוטקס,יחידה,1.00,יחידה,false,1,15.90,15.90,true,1,
7290111343841,false,ספוגית הקסם נירוסטה3יח,---,CN,ספוגית הקסם,יחידה,1.00,יחידה,false,1,9.90,9.90,true,1,
7290111344206,false,מגבונים האגיס נטורל4*64,---,IL,מגבונים האגיס 4*,יחידה,1.00,יחידה,false,1,17.90,17.90,true,1,
7290111344459,false,תחבושות נייט א.לונג 18יח,---,CN,תחבושות נייט,יחידה,1.00,יחידה,false,1,15.90,15.90,true,1,
7290111344732,false,קלינקס אלרגי קומפורט70*2,---,IL,קלינקס זוג,יחידה,1.00,יחידה,false,1,9.90,9.90,true,1,
7290111345753,false,קוטקס תחבושות כותנה נורמ,---,CZ,תחבושות כותנה נו,יחידה,1.00,יחידה,false,1,15.90,15.90,true,1,
7290111345760,false,קוטקס 18תחבוש.כותנה סופר,---,CZ,תחבושות קוטקס,יחידה,1.00,יחידה,false,1,15.90,15.90,true,1,
7290111350740,false,הוטפופ מלח5+ גביעים100*5,פופז,US,הוטפופ טבעי 5 יח,גרמים,500.00,100 גרם,false,1,13.90,2.78,true,1,
7290111354335,false,יוגטה מיני מרשמלו רובין,,IL,יוגטה מיני מרשמל,יחידה,1.00,יחידה,false,1,1.90,1.90,true,1,
7290111563492,false,סלט מטבוחה חריפה צבר400ג,סלטי צבר,IL,סלט מטבוחה צבר,גרמים,400.00,100 גרם,false,1,10.90,2.73,true,1,
7290111564277,false,פריכיות דק.פיטנס3דגנ120ג,פרח תעשיות בעמ,IL,פריכיות פיטנס,גרמים,120.00,100 גרם,false,1,8.90,7.42,true,1,
7290111564291,false,פריכיות דקות+קינואה120גר,פרח תעשיות בעמ,IL,פריכיות פיטנס,גרמים,120.00,100 גרם,false,1,8.90,7.42,true,1,
7290111565038,false,לה קרמריה קוקילידה 1.4 ל,גלידות נסטלה,IL,להקרמריה קוקיליד,ליטרים,1.40,ליטר,false,1,16.90,12.07,true,1,
7290111566240,false,שניצל דק בטעם צילי חריף,טבעול,IL,שניצל דק בטעם צי,גרמים,564.00,100 גרם,false,1,22.90,4.06,true,1,
7290111566271,false,חטיפי תירס טבעול 657 גרם,טבעול,IL,חטיפי תירס טבעול,גרמים,657.00,100 גרם,false,1,22.90,3.49,true,1,
7290111566318,false,שניצל דק מן הצומח 564 גר,טבעול,IL,שניצל דק מן הצומ,גרמים,564.00,100 גרם,false,1,22.90,4.06,true,1,
7290111566332,false,נקניקיות וינר צמחונית680,טבעול,IL,נקנ' וינר צמחוני,גרמים,680.00,100 גרם,false,1,22.90,3.37,true,1,
7290111566547,false,חזה בגריל צמחוני99קלוריו,טבעול,IL,חזה בגריל צמחוני,גרמים,560.00,100 גרם,false,1,22.90,4.09,true,1,
7290111566691,false,שניצל תרד 99 קלוריות 560,טבעול,IL,שניצל תרד 99 קלו,גרמים,560.00,100 גרם,false,1,22.90,4.09,true,1,
7290111566752,false,שניצל תירס 99 קלוריות 69,טבעול,IL,שניצל תירס 99,גרמים,693.00,100 גרם,false,1,22.90,3.30,true,1,
7290111567759,false,עוגת דבש קלאסית 400 גרם,"אסם השקעות בע""מ",IL,עוגת דבש קלאסית,גרמים,400.00,100 גרם,false,1,9.90,2.48,true,1,
7290111568206,false,ביסלי פארטי מיקס 150 גרם,אסם,IL,ביסלי פארטי מיקס,גרמים,150.00,100 גרם,false,1,6.90,4.60,true,1,
7290111650925,false,"סלט תפו""א לימונס",,IL,"סלט תפו""א",גרמים,250.00,100 גרם,false,1,8.70,3.48,true,1,
7290111662577,false,ניילון נצמד + סכין 10*45,,IL,ניילון נצמד,יחידה,1.00,יחידה,false,1,15.90,15.90,true,1,
7290111663543,false,מרק נוסטלגיה,,,מרק נוסטלגיה,יחידה,1.00,יחידה,false,0,6.90,6.90,true,1,
7290111663833,false,מנג'ט מס' 3 כסף 60 יחידו,,CN,מנג'ט,יחידה,1.00,יחידה,false,1,4.90,4.90,true,1,
7290111663840,false,מנג'ט מס' 3 זהב 60 יחידו,,CN,מנג'ט,יחידה,1.00,יחידה,false,1,4.90,4.90,true,1,
7290111663857,false,מנג'ט מס' 4 כסף 60 יחידו,,CN,מנג'ט,יחידה,1.00,יחידה,false,1,5.90,5.90,true,1,
7290111663864,false,מנג'ט מס' 4 זהב 60 יחידו,,CN,מנג'ט,יחידה,1.00,יחידה,false,1,5.90,5.90,true,1,
7290111663871,false,מנג'ט מס' 5 כסף 60 יחידו,,CN,מנג'ט,יחידה,1.00,יחידה,false,1,5.90,5.90,true,1,
7290111663888,false,מנג'ט מס' 5 זהב 60 יחידו,,CN,מנג'ט,יחידה,1.00,יחידה,false,1,5.90,5.90,true,1,
7290111664045,false,סכין ורסאי שקוף .,,IL,סכין ורסאי שקוף,יחידה,1.00,יחידה,false,1,2.90,2.90,true,1,
7290111664069,false,כפית ורסאי שקוף .,,IL,כפית ורסאי שקוף,יחידה,1.00,יחידה,false,1,2.90,2.90,true,1,
7290111664083,false,סכין ורסאי קרם 10 יחידות,,IL,סכין ורסאי קרם,יחידה,1.00,יחידה,false,1,2.90,2.90,true,1,
7290111664144,false,כפית ורסאי לבן יחי',,IL,כפית ורסאי לבן,יחידה,1.00,יחידה,false,1,2.90,2.90,true,1,
7290111664434,false,כוס ליקר ניצוצות זהב 25,,IL,כוס ליקר ניצוצות,יחידה,1.00,יחידה,false,1,5.90,5.90,true,1,
7290111665097,false,תבנית נייר אינגליש קייק,,IL,תבנית אינגליש,יחידה,1.00,יחידה,false,1,1.00,1.00,true,1,
7290111665547,false,סכין ורסאי ניצוצות זהב,,IL,סכין ורסאי ניצוצ,יחידה,1.00,יחידה,false,1,2.90,2.90,true,1,
7290111665578,false,מזלג ורסאי ניצוצות כסף,,IL,מזלג ורסאי ניצוצ,יחידה,1.00,יחידה,false,1,2.90,2.90,true,1,
7290111665585,false,סכין ורסאי ניצוצות כסף .,,IL,סכין ורסאי ניצוצ,יחידה,1.00,יחידה,false,1,2.90,2.90,true,1,
7290111665615,false,כפית ורסאי ניצוצות כסף .,,IL,כפית ורסאי ניצוצ,יחידה,1.00,יחידה,false,1,2.90,2.90,true,1,
7290111665622,false,כף הגשה ורסאי,,,כף הגשה ורסאי,יחידה,1.00,יחידה,false,0,2.90,2.90,true,1,
7290111665929,false,כוס נייר לגלידה 140מל 25,,IL,כוס נייר לגלידה,יחידה,1.00,יחידה,false,1,6.90,6.90,true,1,
7290111665936,false,כוס נייר לגלידה 170מל 25,,IL,כוס נייר לגלידה,יחידה,1.00,יחידה,false,1,7.90,7.90,true,1,
7290111666131,false,קערה פסים קטנה יח,,CN,קערה פסים,יחידה,1.00,יחידה,false,1,4.90,4.90,true,1,
7290111666209,false,כוס ליקר איכותית 50 יח,,IL,כוס ליקר איכותית,יחידה,1.00,יחידה,false,1,7.90,7.90,true,1,
7290111666438,false,מאפינס מוזהב 12 יח,,CN,מאפינס מוזהב,יחידה,1.00,יחידה,false,1,4.90,4.90,true,1,
7290111666445,false,מאפינס מוכסף 12 יח,,CN,מאפינס מוכסף,יחידה,1.00,יחידה,false,1,4.90,4.90,true,1,
7290111666520,false,קשים פלסטיק שקופים 100 י,,CN,קשים פלסטיק,יחידה,1.00,יחידה,false,1,4.90,4.90,true,1,
7290111666742,false,"50 מזלגות ח""פ שקוף שיקגו",תבניכל,IL,"50 מזלגות ח""פ שק",יחידה,1.00,יחידה,false,1,7.90,7.90,true,1,
7290111667060,false,כפיות מיני ורסאי,,,כפיות מיני ורסאי,יחידה,1.00,יחידה,false,0,2.90,2.90,true,1,
7290111667077,false,כפיות מיני ורסאי כסף ניצ,,IL,כפיות מיני ורסאי,יחידה,1.00,יחידה,false,1,2.90,2.90,true,1,
7290111667091,false,כפיות מיני ורסאי,,,כפיות מיני ורסאי,יחידה,1.00,יחידה,false,0,2.90,2.90,true,1,
7290111870934,false,מרשמלו מסולסל ארוך 432גר,,CN,מרשמלו מסולסל אר,גרמים,432.00,100 גרם,false,1,24.90,5.76,true,1,
7290111937248,false,חטיפ.פרי תמר+קשיו+לוז5יח,"טבעית מוצרים מהטבע בע""\מ",IL,חטיפי פרי 5 יח,גרמים,125.00,100 גרם,false,1,14.90,11.92,true,1,
7290112000798,false,דטול מחטא משטח.לימון750מ,רקיט בנקיזר,GB,דטול מחטא משטחים,מיליליטרים,750.00,"100 מ""ל",false,1,14.90,1.99,true,1,
7290112001023,false,אירוויק מילוי פיור 250מל,"יצרן המכשיר: זובלה, שנזן",GB,אירוויק מילוי,מיליליטרים,250.00,"100 מ""ל",false,1,11.90,4.76,true,1,
7290112002235,false,אירוויק פחית ניחוח ורדים,---,CN,אירוויק פחית,יחידה,1.00,יחידה,false,1,6.90,6.90,true,1,
7290112003959,false,מסיר כתמים אבקת קליה 470,רקיט בנקיזר,IT,וניש גולד אבקה,גרמים,470.00,100 גרם,false,1,9.90,2.11,true,1,
7290112003973,false,מסיר כתמים אבקת קליה 1.3,רקיט בנקיזר,IT,וניש גולד אבקה,קילוגרמים,1.35,"ק""ג",false,1,29.90,22.15,true,1,
7290112003980,false,וניש אבקה לכב.לבנה1.35קג,רקיט בנקיזר,IT,מסיר כתמים אבקה,קילוגרמים,1.35,"ק""ג",false,1,29.90,22.15,true,1,
7290112004314,false,דטול ספריי רימונים 750מל,רקיט בנקיזר,GB,דטול ספריי ניקוי,מיליליטרים,750.00,"100 מ""ל",false,1,14.90,1.99,true,1,
7290112012616,false,רוטב סויה בסגנון סיני 50,,IL,רוטב סויה בסגנון,יחידה,1.00,יחידה,false,1,9.90,9.90,true,1,
7290112014283,false,רוטב שום לייט מעולה קשת,,IL,רוטב שום לייט מע,יחידה,1.00,יחידה,false,1,9.90,9.90,true,1,
7290112192875,false,סנסודין רגישות+חניכיים75,MICLEN DE,GB,משחת סנסודיין,מיליליטרים,75.00,"100 מ""ל",false,1,33.90,45.20,true,1,
7290112195784,false,תות שדה - בעלז 300 גרם,,IL,תות שדה פרוסטי,גרמים,300.00,100 גרם,false,1,7.90,2.63,true,1,
7290112330352,false,דנונה פרו 20 וניל0% 200ג,"שטראוס בריאות בע""\מ",IL,דנונה פרו20 וניל,גרמים,200.00,100 גרם,false,1,4.90,2.45,true,1,
7290112330390,false,דנונה פרו 20פ.יער0% 200ג,"שטראוס בריאות בע""\מ",IL,דנונה פרו 0%,גרמים,200.00,100 גרם,false,1,4.90,2.45,true,1,
7290112332585,false,"פריכיות תפו""א,אורז30 גרם",פרח,IL,"פריכיות תפו""א",גרמים,30.00,100 גרם,false,1,4.90,16.33,true,1,
7290112332691,false,פינוקיות קרם פסק זמן200ג,"הגביע מוצרי וופלים בע""\מ",IL,פינוקיות פסק זמן,גרמים,200.00,100 גרם,false,1,9.90,4.95,true,1,
7290112334596,false,שוקולית 850 גרם + 10%,שטראוס קפה בי.וי.,IL,שוקולית,גרמים,935.00,100 גרם,false,1,12.90,1.38,true,1,
7290112335487,false,הפריכיות הטעימות קצח135ג,פרח,IL,הפריכיות הטעימות,גרמים,135.00,100 גרם,false,1,9.90,7.33,true,1,
7290112335494,false,פריכיות טעימות פוטטוס135,"פרח תעשיות מזון בע""\מ",IL,הפריכיות הטעימות,גרמים,135.00,100 גרם,false,1,9.90,7.33,true,1,
7290112335500,false,פריכיות טעימות חלבון135ג,"פרח תעשיות מזון בע""\מ",IL,פריכיות טעימות,גרמים,135.00,100 גרם,false,1,9.90,7.33,true,1,
7290112336637,false,סוכ.מאסט יוגורט תות 80גר,מיישקו,PL,סוכריות מאסט,גרמים,80.00,100 גרם,false,1,6.90,8.63,true,1,
7290112336644,false,סוכריות מאסט לימון 80גרם,מיישקו,PL,סוכריות מאסט,גרמים,80.00,100 גרם,false,1,6.90,8.63,true,1,
7290112336651,false,סוכריות מאסט ריבת חלב80ג,מיישקו,PL,סוכריות מאסט,גרמים,80.00,100 גרם,false,1,6.90,8.63,true,1,
7290112337474,false,סוכריות מאסט פטל לימון80,מיישקו,PL,סוכריות מאסט,גרמים,80.00,100 גרם,false,1,6.90,8.63,true,1,
7290112337481,false,סוכריות מאסט קפוצ'ינו80ג,מיישקו,PL,סוכריות מאסט,גרמים,80.00,100 גרם,false,1,6.90,8.63,true,1,
7290112338877,false,סקי תות 125 גרם,"שטראוס בריאות בע""\מ",IL,סקי תות,גרמים,125.00,100 גרם,false,1,3.50,2.80,true,1,
7290112339362,false,דנונה לייט ט.קפוצ'ינו150,"שטראוס בריאות בע""\מ",IL,דנונה לייט,גרמים,150.00,100 גרם,false,1,3.90,2.60,true,1,
7290112339867,false,גמדים סקוויז לדרך תות100,"שטראוס בריאות בע""\מ",IL,גמדים לדרך,גרמים,100.00,100 גרם,false,1,4.90,4.90,true,1,
7290112339874,false,גמדים לדרך תות בננה100ג,"שטראוס בריאות בע""\מ",IL,גמדים לדרך,גרמים,100.00,100 גרם,false,1,4.90,4.90,true,1,
7290112340122,false,פריכיות טעימות 3דגנים135,"פרח תעשיות מזון בע""\מ",IL,פריכיות טעימות,גרמים,135.00,100 גרם,false,1,9.90,7.33,true,1,
7290112340900,false,קפה טורקי האג,שטראוס קפה בי.וי,,קפה טורקי האג,יחידה,1.00,יחידה,false,0,24.90,24.90,true,1,
7290112342270,false,פלטינום אינטנס 10% 125ג,שטראוס קפה בי.וי,IL,קפה פלטינום,גרמים,125.00,100 גרם,false,1,15.90,12.72,true,1,
7290112343499,false,חטיף puffs צ'יטוס 55 גרם,"שטראוס פריטו ליי בע""\מ )",IL,חטיף צ'יטוס puff,גרמים,55.00,100 גרם,false,1,2.90,5.27,true,1,
7290112343512,false,חטיף puffs צ'יטוס 160ג,"שטראוס פריטו ליי בע""\מ )",IL,חטיף ציטוסpuffs,גרמים,160.00,100 גרם,false,1,7.90,4.94,true,1,
7290112344410,false,דבש טהור 400 גרם,מכוורת יד מרדכי שטראוס ב,IL,דבש טהור,גרמים,400.00,100 גרם,false,1,16.90,4.23,true,1,
7290112344724,false,מילקי בלונדי 133 גרם,"שטראוס גרופ בע""\מ",IL,מילקי בלונדי,גרמים,133.00,100 גרם,false,1,2.90,2.18,true,1,
7290112344755,false,מילקי עם26% פחות סוכר135,"שטראוס גרופ בע""\מ",IL,מילקי,גרמים,135.00,100 גרם,false,1,2.50,1.85,true,1,
7290112344786,false,קפה פלטינום קלאסיק200גרם,שטראוס קפה בי.וי.,IL,קפה נמס פלטינום,גרמים,200.00,100 גרם,false,1,19.90,9.95,true,1,
7290112346360,false,בפלות אחת אחת 180 גרם,טוטיז-בינגו סיאי,GR,בפלות אחת אחת,גרמים,180.00,100 גרם,false,1,9.90,5.50,true,1,
7290112346537,false,פינוקיות בטעם טורטית200ג,"הגביע מוצרי ופלים בע""\מ",IL,פינוקיות טורטית,גרמים,200.00,100 גרם,false,1,9.90,4.95,true,1,
7290112346773,false,דנונה לייט פריי וניל150ג,"שטראוס בריאות בע""\מ",IL,דנונה לייט וניל,גרמים,150.00,100 גרם,false,1,3.90,2.60,false,1,
7290112347008,false,גמדים ארוחת בוקר תות100ג,"שטראוס בריאות בע""\מ",IL,גמדים ארוחת בוקר,גרמים,100.00,100 גרם,false,1,4.90,4.90,true,1,
7290112348142,false,שעועית לבנה 380 גרם,קונסרב איטליה,IT,שעועית לבנה,גרמים,380.00,100 גרם,false,1,5.90,1.55,true,1,
7290112349705,false,פומודורו רוטב לפסטה350גר,אמיליאנה קונסרב סוסייטה,IT,רוטב לפסטה,גרמים,350.00,100 גרם,false,1,9.90,2.83,true,1,
7290112349750,false,רוטב עגבניות לפיצה 350גר,אמיליאנה קונסרב סוסייטה,IT,רוטב עגבניות,גרמים,350.00,100 גרם,false,1,9.90,2.83,true,1,
7290112349897,false,מסטיק מאסט מנטה 86 גרם,אסקום קונפקשיין,DE,מסטיק מאסט מנטה,גרמים,86.00,100 גרם,false,1,15.90,18.49,true,1,
7290112350312,false,קפסולות קפה מס' 15 50גרם,שטראוס קפה בי.וי,IL,קפסולות קפה,גרמים,50.00,100 גרם,false,1,15.50,31.00,true,1,
7290112350589,false,תחליף קפה צ'יקו 65 גרם,שטראוס קפה בי.וי,IL,תחליף קפה צ'יקו,גרמים,65.00,100 גרם,false,1,11.90,18.31,true,1,
7290112351258,false,פינוקיות שחור לבן 200גרם,"הגביע מוצרי ופלים בע""\מ",IL,פינוקיות שחור לב,גרמים,200.00,100 גרם,false,1,9.90,4.95,true,1,
7290112351463,false,"סוכ.טעם פטל לימון לל""ס45","הליקון גידה בע""\מ",TR,"סוכריות לל""ס",גרמים,45.00,100 גרם,false,1,7.90,17.56,true,1,
7290112351470,false,"סוכ.טעם רימון תות לל""ס45","הליקון גידה בע""\מ",TR,"סוכריות לל""ס",גרמים,45.00,100 גרם,false,1,7.90,17.56,true,1,
7290112355027,false,דנונה פרו20 קרמל מלוח200,"שטראוס בריאות בע""\מ",IL,דנונה פרו קרמל,גרמים,200.00,100 גרם,false,1,4.90,2.45,true,1,
7290112355102,false,גמדים לדרך סלט פירות100ג,"שטראוס בריאות בע""\מ",IL,גמדים לדרך,גרמים,100.00,100 גרם,false,1,4.90,4.90,false,1,
7290112357045,false,עגבנ.איטלקיות מרוסקות390,קונסרב איטליה,IT,עגבניות מרוסקות,גרמים,390.00,100 גרם,false,1,5.90,1.51,true,1,
7290112357069,false,מחית עגבניות איטלקיות500,קונסרב איטליה,IT,מחית עגבניות,גרמים,500.00,100 גרם,false,1,5.90,1.18,true,1,
7290112357083,false,אפונה ירוקה 380 גרם,קונסרב איטליה,IT,אפונה ירוקה,גרמים,380.00,100 גרם,false,1,5.90,1.55,true,1,
7290112357106,false,שעועית אדומה 380 גרם,קונסרב איטליה,IT,שעועית אדומה,גרמים,380.00,100 גרם,false,1,5.90,1.55,true,1,
7290112357113,false,גרגרי חומוס 380 גרם,קונסרב איטליה,IT,גרגרי חומוס,גרמים,380.00,100 גרם,false,1,5.90,1.55,true,1,
7290112358219,false,רוטב צילי מתוק 300 גרם,"ב.א. מזון בע""\מ",IL,רוטב צ'ילי מתוק,גרמים,300.00,100 גרם,false,1,8.90,2.97,true,1,
7290112358233,false,רוטב צ'ילי חריף 300 גרם,"ב.א. מזון בע""\מ",IL,רוטב צ'ילי חריף,גרמים,300.00,100 גרם,false,1,8.90,2.97,true,1,
7290112358240,false,רוטב גריל 300 גרם,"ב.א. מזון בע""\מ",IL,רוטב גריל,גרמים,300.00,100 גרם,false,1,8.90,2.97,true,1,
7290112358554,false,נמס לדרך מארז 28 * 1.8 ג,עלית,RO,נמס לדרך מארז,גרמים,50.00,100 גרם,false,1,9.90,19.80,true,1,
7290112358561,false,קפה פלטינום קלאסיק 47 גר,"אינסטנטבה בע""\מ",PL,קפה פלטינום קלאס,גרמים,47.00,100 גרם,false,1,5.90,12.55,true,1,
7290112359902,false,פלטינום ברזיל 47 גרם,"אינסטנטבה בע""\מ",PL,פלטינום ברזיל47ג,גרמים,47.00,100 גרם,false,1,5.90,12.55,true,1,
7290112482365,false,צלחת ענק קיסר 10 יחי לבן,,IL,צלחת ענק קיסר לב,יחידה,1.00,יחידה,false,1,26.90,26.90,true,1,
7290112482396,false,צלחת קטנה קיסר שחור כסף,,IL,צלחת קטנה,יחידה,1.00,יחידה,false,1,16.90,16.90,true,1,
7290112482419,false,צלחת ענק קיסר שחור כסף,,IL,צלחת ענק,יחידה,1.00,יחידה,false,1,26.90,26.90,true,1,
7290112483010,false,צלחת קטנה שחור פרח 20 יח,,IL,צלחת קטנה שחור פ,יחידה,1.00,יחידה,false,1,14.90,14.90,true,1,
7290112483027,false,צלחת גדול שחור פרח 20 יח,,IL,צלחת גדול שחור פ,יחידה,1.00,יחידה,false,1,17.90,17.90,true,1,
7290112483034,false,מרק שחור פרח 20 יחי',,IL,מרק שחור פרח,יחידה,1.00,יחידה,false,1,14.90,14.90,true,1,
7290112483058,false,צלחת קטנה קרם פרח 20 יחי,,IL,צלחת קטנה קרם פר,יחידה,1.00,יחידה,false,1,14.90,14.90,true,1,
7290112483065,false,צלחת גדול קרם פרח 20 יחי,,IL,צלחת גדול קרם פר,יחידה,1.00,יחידה,false,1,17.90,17.90,true,1,
7290112483430,false,50 כפות שקופות לפיד,,IL,50 כפות שקופות ל,יחידה,1.00,יחידה,false,1,7.90,7.90,true,1,
7290112483447,false,50 כפיות שקופות לפיד,,IL,50 כפות שקופות ל,יחידה,1.00,יחידה,false,1,6.90,6.90,true,1,
7290112483454,false,50 מזלגות שקופות לפיד,,IL,50 מזלגות שקופות,יחידה,1.00,יחידה,false,1,7.90,7.90,true,1,
7290112483461,false,50 סכינים שקופים לפיד,,IL,50 סכינים שקופים,יחידה,1.00,יחידה,false,1,7.90,7.90,true,1,
7290112483515,false,ר.אלומ' נשלף 200 יח' .,,IL,ר.אלומ' נשלף 200,יחידה,1.00,יחידה,false,1,24.90,24.90,true,1,
7290112483867,false,צלחת 7 רוז פנינה לבן 10,,IL,צלחת 7 רוז פנינה,יחידה,1.00,יחידה,false,1,11.90,11.90,true,1,
7290112483874,false,צלחת 9 רוז פנינה לבן 10,,IL,צלחת 9 רוז פנינה,יחידה,1.00,יחידה,false,1,14.90,14.90,true,1,
7290112483881,false,צלחת 10 רוז פנינ,,,צלחת 10 רוז פנינ,יחידה,1.00,יחידה,false,0,16.90,16.90,true,1,
7290112483898,false,מרק רוז פנינה לבן 10,,IL,מרק רוז פנינה לב,יחידה,1.00,יחידה,false,1,12.90,12.90,true,1,
7290112483904,false,לפתן רוז פנינה לבן 10,,IL,לפתן רוז פנינה,יחידה,1.00,יחידה,false,1,8.90,8.90,true,1,
7290112483911,false,קסרול רוז פנינה לבן 10,,IL,קסרול רוז פנינה,יחידה,1.00,יחידה,false,1,9.90,9.90,true,1,
7290112483959,false,מרק רוז פנינה קרם 10,,IL,מרק רוז פנינה,יחידה,1.00,יחידה,false,1,12.90,12.90,true,1,
7290112483966,false,לפתן רוז פנינה קרם 10,,IL,לפתן רוז פנינה,יחידה,1.00,יחידה,false,1,8.90,8.90,true,1,
7290112484697,false,צלחת 9 רוז שחור,,,צלחת 9 רוז שחור,יחידה,1.00,יחידה,false,0,14.90,14.90,true,1,
7290112484710,false,צלחת מרק רוז שחו,,,צלחת מרק רוז שחו,יחידה,1.00,יחידה,false,0,12.90,12.90,true,1,
7290112486455,false,צלחת קטן אלגנט 20 יחי',פאלאס,IL,צלחת קטן אלגנט,יחידה,1.00,יחידה,false,1,6.90,6.90,true,1,
7290112486462,false,צלחת גדול אלגנט 20 יחי',פאלאס,IL,צלחת גדול אלגנט,יחידה,1.00,יחידה,false,1,11.90,11.90,true,1,
7290112486479,false,צלחת ענק אלגנט 20 יחי',פאלאס,IL,צלחת ענק אלגנט 2,יחידה,1.00,יחידה,false,1,17.90,17.90,true,1,
7290112486516,false,מגש אובלי אלגנט 20 יחי,פאלאס,IL,מגש אובלי אלגנ,יחידה,1.00,יחידה,false,1,21.90,21.90,true,1,
7290112490117,false,שוקולד קליק וופל ואגוז85,יוניליוור ישראל מזון בע\,IL,שוקולד קליק,גרמים,85.00,100 גרם,false,1,4.90,5.76,true,1,
7290112490209,false,נמס בכוס עגבניות ר. טבעי,יוניליוור ישראל מזון בעמ,IL,מרק נמס בכוס,גרמים,56.00,100 גרם,false,1,4.90,8.75,true,1,
7290112490216,false,נמס בכוס ט.עוף ר. טבעיים,יוניליוור ישראל מזון בעמ,IL,מרק נמס בכוס,גרמים,48.00,100 גרם,false,1,4.90,10.21,true,1,
7290112490742,false,מרק עשיר פטריות ר.טבע104,יוניליוור ישראל מזון בע\,IL,מרק עשיר פטריות,גרמים,104.00,100 גרם,false,1,9.90,9.52,true,1,
7290112490896,false,רוטב צ'ילי חריף 370 גרם,יוניליוור,IL,רוטב צ'ילי חריף,גרמים,370.00,100 גרם,false,1,9.90,2.68,true,1,
7290112491541,false,שוקולד מריר 100*5 גרם,יוניליוור ישראל מזון בע\,IL,שוקולד מריר 5 יח,גרמים,500.00,100 גרם,false,1,14.90,2.98,true,1,
7290112491701,false,ברנפלקס אקסטרה חלבון375ג,יוניליוור ישראל מזון בעמ,IL,ברנפלקס אקסטרה,גרמים,375.00,100 גרם,false,1,17.90,4.77,true,1,
7290112491770,false,בייגלה דקים+מלח ים 300ג,בייגל את בייגל מזון 198),IL,בייגלה דקים,גרמים,300.00,100 גרם,false,1,7.90,2.63,true,1,
7290112492449,false,שמפו לשיער רגיל700מ,יוניליוור ישראל טיפוח אי,IL,שמפו לשיער רגיל,מיליליטרים,700.00,"100 מ""ל",false,1,11.90,1.70,true,1,
7290112492456,false,שמפו פינוק יבש /פגום 700,יוניליוור ישראל טיפוח אי,IL,שמפו לשיער יבש,מיליליטרים,700.00,"100 מ""ל",false,1,11.90,1.70,true,1,
7290112492463,false,שמפו ומרכך 2 ב1- רגיל700,יוניליוור,IL,פינוק שמפו+מרכך,מיליליטרים,700.00,"100 מ""ל",false,0,11.90,1.70,true,1,
7290112492470,false,"שמפו+מרכך 2ב1 700 מ""ל",יוניליוור,IL,פינוק 2ב1-,מיליליטרים,700.00,"100 מ""ל",false,1,11.90,1.70,true,1,
7290112492593,false,תח.רחצה פינוק קלאסי700מ,יוניליוור ישראל טיפוח אי,IL,תחליב רחצה פינוק,מיליליטרים,700.00,"100 מ""ל",false,1,9.90,1.41,true,1,
7290112492609,false,תח.פינוק לבנדר וניל 700מ,יוניליוור ישראל טיפוח אי,IL,תחליב רחצה פינוק,מיליליטרים,700.00,"100 מ""ל",false,1,9.90,1.41,true,1,
7290112492630,false,פינוק רחצה לגבר3ב1 700מל,יוניליוור ישראל טיפוח אי,IL,פינוק 3 ב1- לגבר,מיליליטרים,700.00,"100 מ""ל",false,1,11.90,1.70,true,1,
7290112492746,false,מרכך פינוק לסירוק קל700מ,יוניליוור ישראל טיפוח אי,IL,מרכך פינוק ילדים,מיליליטרים,700.00,"100 מ""ל",false,1,9.90,1.41,true,1,
7290112492982,false,מרק פטריות רכיב.טבעים400,יוניליוור ישראל מזון בע\,IL,מרק פטריות,גרמים,400.00,100 גרם,false,1,15.90,3.98,true,1,
7290112492999,false,מרק טעם עוף 400 גרם,יוניליוור ישראל מזון בע\,IL,מרק בטעם עוף,גרמים,400.00,100 גרם,false,1,9.90,2.48,true,1,
7290112493293,false,נמס בכוס ירקות ר.טבעי44ג,יוניליוור ישראל מזון בעמ,IL,נמס בכוס,גרמים,44.00,100 גרם,false,1,4.90,11.14,true,1,
7290112493316,false,מרק עשיר אפונה ר.טבעי117,יוניליוור ישראל מזון בעמ,IL,מרק עשיר אפונה,גרמים,117.00,100 גרם,false,1,9.90,8.46,true,1,
7290112493934,false,קרמיסימו וניל צרפתי 1.33,"גלידת שטראוס בע""\מ, רחוב",IL,קרמיסימו וניל צר,ליטרים,1.33,ליטר,false,1,15.90,11.95,true,1,
7290112493965,false,קרמיסימו מסטיגם 1.33 ליט,"גלידת שטראוס בע""\מ, רחוב",IL,קרמיסימו מסטיגם,ליטרים,1.33,ליטר,false,1,15.90,11.95,true,1,
7290112494221,false,קליק ביסקוויט 65 גרם,יוניליוור ישראל מזון בע\,IL,קליק ביסקוויט,גרמים,65.00,100 גרם,false,1,3.90,6.00,true,1,
7290112494238,false,קליק כדורים 65 גרם,יוניליוור ישראל מזון בע\,IL,קליק כדורים,גרמים,65.00,100 גרם,false,1,3.90,6.00,true,1,
7290112494276,false,קליק כריות 65 גרם,יוניליוור ישראל מזון בע\,IL,קליק כריות,גרמים,65.00,100 גרם,false,1,3.90,6.00,true,1,
7290112494283,false,קליק חום לבן 65 גרם,יוניליוור ישראל מזון בע\,IL,קליק חום לבן,גרמים,65.00,100 גרם,false,1,3.90,6.00,true,1,
7290112494313,false,קליק קורנפלקס 65 גרם,יוניליוור ישראל מזון בע\,IL,קליק קורנפלקס,גרמים,65.00,100 גרם,false,1,3.90,6.00,true,1,
7290112494351,false,קורנפלקס אלופים בדץ 850ג,"יוניליוור שפע ישראל בע""\",IL,קורנפלקס אלופים,גרמים,850.00,100 גרם,false,1,15.90,1.87,true,1,
7290112494795,false,בדין ג'ל לכביסה כחול2.5ל,"זוהר דליה, קיבוץ דליה, 1",IL,בדין ג'ל כביסה,ליטרים,2.50,ליטר,false,1,27.90,11.16,true,1,
7290112494818,false,בדין ג'ל כביסה בייבי2.5ל,זוהר דליה,IL,בדין ג'ל כביסה,ליטרים,2.50,ליטר,false,1,27.90,11.16,true,1,
7290112495006,false,כריות נוגט 686 גרם,"יוניליוור שפע ישראל בע""\",IL,כריות נוגט,גרמים,686.00,100 גרם,false,1,21.90,3.19,true,1,
7290112495037,false,קוקומן כדורים 375 גרם,יוניליוור שפע ישראל בעמ,IL,קוקומן כדורים,גרמים,375.00,100 גרם,false,1,12.90,3.44,true,1,
7290112495044,false,קוקומן פצפוצים 375 גרם,"יוניליור שפע ישראל בע""\מ",IL,קוקומן פצפוצים,גרמים,375.00,100 גרם,false,1,12.90,3.44,true,1,
7290112495105,false,נשנושים ט.שמנת+בצל260ג,בייגל את בייגל מזון 198),IL,נשנושים שמנת בצל,גרמים,260.00,100 גרם,false,1,7.90,3.04,true,1,
7290112495143,false,נשנושים קוקטייל מלוח300ג,בייגל את בייגל מזון 198),IL,נשנושי קרקר,גרמים,300.00,100 גרם,false,1,8.90,2.97,true,1,
7290112495150,false,נשנושי קרקר מלוח 300 גרם,בייגל את בייגל מזון 198),IL,נשנושי קרקר,גרמים,300.00,100 גרם,false,1,8.90,2.97,true,1,
7290112495228,false,קורנפלקס דבש 448 גרם,"יוניליוור שפע ישראל בע""\",IL,קורנפלקס דבש,גרמים,448.00,100 גרם,false,1,16.90,3.77,true,1,
7290112495280,false,ברנפלקס ריבועי קינמון400,"יוניליוור שפע ישראל בע""\",IL,ברנפלקס קינמון,גרמים,400.00,100 גרם,false,1,19.90,4.98,true,1,
7290112495747,false,רוט.צילי מתוק70%פחות340ג,יוניליוור ישראל מזון בע\,IL,רוטב צ'ילי מתוק,גרמים,340.00,100 גרם,false,1,9.90,2.91,true,1,
7290112495754,false,רוטב לסלט אלף האיים305גר,יוניליוור ישראל מזון בעמ,IL,רוטב אלף האיים,גרמים,305.00,100 גרם,false,1,8.90,2.92,true,1,
7290112495761,false,רוטב אלף האיים לייט305ג,יוניליוור ישראל מזון בעמ,IL,רוטב אלף האיים,גרמים,305.00,100 גרם,false,1,8.90,2.92,true,1,
7290112495785,false,רוטב שום לסלט 300 גרם,יוניליוור ישראל מזון בעמ,IL,רוטב שום לסלט,גרמים,300.00,100 גרם,false,1,8.90,2.97,true,1,
7290112495792,false,רוטב לסלט שום לייט300גר,יוניליוור ישראל מזון בעמ,IL,רוטב שום לייט,גרמים,300.00,100 גרם,false,1,8.90,2.97,true,1,
7290112496218,false,רוטב טריאקי 370 גרם,יוניליוור ישראל מזון בעמ,IL,רוטב טריאקי,גרמים,370.00,100 גרם,false,1,9.90,2.68,true,1,
7290112496270,false,"פתית צ'יפס עם תפו""א 22ג",JLM גלובל פודסn37\ דרך א,GB,פתית צ'יפס,גרמים,22.00,100 גרם,false,1,3.90,17.73,true,1,
7290112496294,false,פתית צ'יפס עם אפונה 22גר,JLM גלובל פודסn37\ דרך א,GB,פתית צ'יפס,גרמים,22.00,100 גרם,false,1,3.90,17.73,true,1,
7290112496331,false,קורנפלקס בטעם בננה 448גר,"יוניליוור שפע ישראל בע""\",IL,קורנפלקס בננה,גרמים,448.00,100 גרם,false,1,16.90,3.77,true,1,
7290112496874,false,גביעי גלידה,,,גביעי גלידה,יחידה,1.00,יחידה,false,0,6.90,6.90,true,1,
7290112497505,false,קרם גוף וזלין אלוורה600מ,"יוניליוור, ג'פרסון סיטי,",US,קרם גוף ואזלין,מיליליטרים,600.00,"100 מ""ל",false,1,17.90,2.98,true,1,
7290112497710,false,"שמפו בייבי פינוק 700 מ""ל",יוניליוור ישראלn\טיפוח א,IL,בייבי שמפו תינוק,מיליליטרים,700.00,"100 מ""ל",false,1,9.90,1.41,true,1,
7290112497727,false,בייבי אל סבון אל דמע700מ,יוניליוור ישראלn\טיפוח א,IL,אל סבון בייבי,מיליליטרים,700.00,"100 מ""ל",false,1,9.90,1.41,true,1,
7290112498069,false,"קוקומן דגני בוקר לל""ג375","מולינו ניקולי ,S.p.A ויה",IT,קוקומן ללא גלוטן,גרמים,375.00,100 גרם,false,1,16.90,4.51,true,1,
7290112498267,false,אל סבון ידיים קלאסי 950,---,IL,אל סבון פינוק,מיליליטרים,950.00,"100 מ""ל",false,1,9.90,1.04,true,1,
7290112498274,false,אל סבון ידיים לבנדר 950,יוניליוור ישראל טיפוח אי,IL,אל סבון פינוק,מיליליטרים,950.00,"100 מ""ל",false,1,9.90,1.04,true,1,
7290112498298,false,אלסב..ידיים שמן מרוק950,יוניליוור,TR,אל סבון פינוק,מיליליטרים,950.00,"100 מ""ל",false,1,9.90,1.04,true,1,
7290112498915,false,מאגדת מיני מגנום שקדים מ,"מיוצר ע""\י גלידת שטראוס",IL,מיני מגנום שקדים,גרמים,250.00,100 גרם,false,1,21.90,8.76,true,1,
7290112498922,false,מאגדת מיני מגנום לבן 5 י,"מיוצר ע""\י גלידת שטראוס",IL,מאגדת מיני מגנום,גרמים,250.00,100 גרם,false,1,21.90,8.76,true,1,
7290112499097,false,מאגדת מיני מגנום מריר,"מיוצר ע""\י גלידת שטראוס",IL,מאגדת מיני מגנום,גרמים,240.00,100 גרם,false,1,21.90,9.13,true,1,
7290112499127,false,שלגון גלידה שוקולד לבן ו,"מיוצר ע""\י גלידת שטראוס",IL,שלגון גלידה לבן,גרמים,77.00,100 גרם,false,1,9.90,12.86,true,1,
7290112499141,false,סולרו בטעם וניל ותפוח,---,IL,סולרו בטעם וניל,גרמים,76.00,100 גרם,false,1,9.90,13.03,true,1,
7290112499189,false,קרמיסימו חד קרן בטעמי ונ,"גלידת שטראוס בע""\מ, רחוב",IL,קרמיסימו חד קרן,ליטרים,1.33,ליטר,false,1,15.90,11.95,true,1,
7290112499196,false,קרמיסימו בטעם החלב של הק,"גלידת שטראוס בע""\מ, רחוב",IL,קרמיסימו ט. חלב,ליטרים,1.33,ליטר,false,1,15.90,11.95,true,1,
7290112499219,false,מאגדת גלידה בטעמי פיסטוק,"גלידת שטראוס בע""\מ, רחוב",IL,גודיז גלידה פיסט,גרמים,235.00,100 גרם,false,1,16.90,7.19,true,1,
7290112499462,false,פינוק רחצה+שמן קוקוס700מ,יוניליוור ישראל טיפוח אי,IL,תחליב רחצה פינוק,מיליליטרים,700.00,"100 מ""ל",false,1,9.90,1.41,true,1,
7290112499639,false,טילון סופר מגנום ונילשוק,"מיוצר ע""\י גלידת שטראוס",IL,טילון סופר מגנום,יחידה,1.00,יחידה,false,1,7.90,7.90,true,1,
7290112499646,false,קורנטו סופר פקאן,"מיוצר ע""\י גלידת שטראוס",IL,קורנטו סופר פקא,יחידה,1.00,יחידה,false,1,7.90,7.90,true,1,
7290112499677,false,מגנום שוקולד לבן 85 גרם,"מיוצר ע""\י גלידת שטראוס",IL,מגנום שוקולדלבן,יחידה,1.00,יחידה,false,1,9.90,9.90,true,1,
7290112499776,false,מאגדת גודיז 3 שוקולדים 2,"גלידת שטראוס בע""\מ, רח'",IL,מאגדת גודיז 3 שו,גרמים,240.00,100 גרם,false,1,16.90,7.04,true,1,
7290112499837,false,מגנום דואט שוקולד נוגט י,"מיוצר ע""\י גלידת שטראוס",IL,מגנום דואט שוקול,יחידה,1.00,יחידה,false,1,9.90,9.90,true,1,
7290112499844,false,מאגדת מיני מגנום דואט יח,"מיוצר ע""\י גלידת שטראוס",IL,מאגדת מגנום מיני,גרמים,310.00,100 גרם,false,1,21.90,7.06,true,1,
7290112499905,false,קורנטו קליק מרשמלו,"מיוצר ע""\י גלידת שטראוס",IL,קורנטו קליקמרשמל,יחידה,1.00,יחידה,false,1,5.90,5.90,true,1,
7290112499929,false,מגנום שוקולד יחידה,"מיוצר ע""\י גלידת שטראוס",IL,מגנום שוקולד,יחידה,1.00,יחידה,false,1,9.90,9.90,true,1,
7290112499936,false,מגנום שקדים יחידה,"מיוצר ע""\י גלידת שטראוס",IL,מגנום שקדים,יחידה,1.00,יחידה,false,1,9.90,9.90,true,1,
7290112499943,false,מאגדת מיני מגנום קלאסיק,"מיוצר ע""\י גלידת שטראוס",IL,מאגדת מיני מגנום,גרמים,250.00,100 גרם,false,1,21.90,8.76,true,1,
7290112870254,false,ממרח עגבניות מיובשות צנצ,,,ממרח עגבניות מיו,יחידה,1.00,יחידה,false,1,9.90,9.90,true,1,
7290112870261,false,ממרח ארטישוק צנצנת 190,,,ממרח ארטישוק צנצ,יחידה,1.00,יחידה,false,1,9.90,9.90,true,1,
7290112870285,false,ממרח טפנד זית ירוק צנצנת,,,ממרח טפנד זית יר,יחידה,1.00,יחידה,false,1,9.90,9.90,true,1,
7290112870292,false,ממרח צימיצורי צנצנת 190,,,ממרח צימיצורי צנ,יחידה,1.00,יחידה,false,1,9.90,9.90,true,1,
7290112870308,false,ממרח פלפל אדום צנצנת 190,,,ממרח פלפל אדום צ,יחידה,1.00,יחידה,false,1,9.90,9.90,true,1,
7290112870322,false,תערובת זיתים,,,תערובת זיתים,יחידה,1.00,יחידה,false,0,9.90,9.90,true,1,
7290112870414,false,ממרח סחוג צנצנת 190,,,ממרח סחוג צנצנת,יחידה,1.00,יחידה,false,1,9.90,9.90,true,1,
7290112870421,false,ממרח אריסה צנצנת 190,,,ממרח אריסה צנצנת,יחידה,1.00,יחידה,false,1,9.90,9.90,true,1,
7290112960856,false,אקסטרים מטבע שוקולד חלב,גלידות נסטלה )נגה גלידות,IL,אקסטרים מטבע שו,גרמים,115.00,100 גרם,false,1,7.90,6.87,true,1,
7290112961440,false,פריכיות שוק.מריר פיטנס84,כרמית,IL,פריכיות פיטנס,גרמים,84.00,100 גרם,false,1,11.90,14.17,true,1,
7290112961464,false,חטיפי פריכיות מתובלות60ג,"פרח תעשיות מזון בע""\מ",IL,חטיפי פריכיות,גרמים,60.00,100 גרם,false,1,6.90,11.50,true,1,
7290112962287,false,שווארמה צמחונית טבעול,"טבעול תעשיות מזון בע""\מ",IL,שווארמה צמחונית,גרמים,450.00,100 גרם,false,1,24.90,5.53,true,1,
7290112962737,false,שניצל מהצומח עם חלבון,"טבעול תעשיות מזון בע""\מ\",IL,שניצל מהצומח,גרמים,664.00,100 גרם,false,1,22.90,3.45,true,1,
7290112963000,false,צ'ילי מתוק מופחת נתרן290,אסם,IL,רוטב צ'ילי מתוק,מיליליטרים,290.00,"100 מ""ל",false,1,7.90,2.72,true,1,
7290112963529,false,אקסטרים שוקו וניל פרווה,גלידות נסטלה )נגה גלידות,IL,מאגדת אקסטרים ש,גרמים,444.00,100 גרם,false,1,24.90,5.61,true,1,
7290112963918,false,קרקר דק רוזמרין פיטנס140,אסם,IL,קרקר דק פיטנס,גרמים,140.00,100 גרם,false,1,8.90,6.36,true,1,
7290112964410,false,רוטב אלף האיים 290 גרם,אסם,IL,רוטב אלף האיים,גרמים,290.00,100 גרם,false,1,8.90,3.07,true,1,
7290112964458,false,רוטב ויניגרט 295 גרם,אסם,IL,רוטב ויניגרט,גרמים,295.00,100 גרם,false,1,8.90,3.02,true,1,
7290112964472,false,רוטב שום לסלט 290 גרם,אסם,IL,רוטב שום,גרמים,290.00,100 גרם,false,1,8.90,3.07,true,1,
7290112964502,false,רוטב אלף האיים 600 גרם,אסם,IL,רוטב אלף האיים,גרמים,600.00,100 גרם,false,1,11.90,1.98,true,1,
7290112964564,false,רוטב אלף האיים לייט295ג,אסם,IL,רוטב אלף האיים,גרמים,295.00,100 גרם,false,1,8.90,3.02,true,1,
7290112964724,false,המבורגר צמחוני 580 גרם,טבעול,IL,המבורגר צמחוני,גרמים,580.00,100 גרם,false,1,22.90,3.95,true,1,
7290112966445,false,במבה תות 100 גרם,"אסם השקעות בע""\מ",IL,במבה תות,גרמים,100.00,100 גרם,false,1,6.90,6.90,true,1,
7290112966803,false,אינסטנט פודינג שוקולד88ג,"אסם השקעות בע""\מ",IL,פודינג שוקולד,גרמים,88.00,100 גרם,false,1,4.90,5.57,true,1,
7290112967206,false,מארז במבה מתוקה 10 יחידו,"אסם השקעות בע""\מ",IL,מארז במבה מתוקה,גרמים,150.00,100 גרם,false,1,11.90,7.93,true,1,
7290112967381,false,חט.פריכיות קטניות+מלח60ג,"פרח תעשיות מזון בע""\מ",IL,חטיפי פריכיות,גרמים,60.00,100 גרם,false,1,6.90,11.50,true,1,
7290112968203,false,סלט טחינה בלאדי 250 גרם,צבר,IL,סלט טחינה בלאדי,גרמים,250.00,100 גרם,false,1,8.90,3.56,true,1,
7290112968340,false,חומוס גרוס גס גס 400 גרם,צבר,IL,חומוס גרוס גס גס,גרמים,400.00,100 גרם,false,1,9.90,2.48,true,1,
7290112968708,false,"טבעול שניצל תירס 1.3 ק""ג","טבעול תעשיות מזון בע""\מ",IL,טבעול שניצל תירס,קילוגרמים,1.30,"ק""ג",false,1,39.90,30.69,true,1,
7290112968722,false,"טבעול נקניקיות 1.2 ק""ג","טבעול תעשיות מזון בע""\מ",IL,נקניקיה מן הצומח,קילוגרמים,1.20,"ק""ג",false,1,39.90,33.25,true,1,
7290112968821,false,קרקר דק פיטנס בטטה 140גר,אסם,IL,קרקר דק פיטנס,גרמים,140.00,100 גרם,false,1,8.90,6.36,true,1,
7290113191747,false,דפי אורז מרובעים 22 קוטר,---,VN,דפי אורז מרובעים,גרמים,250.00,100 גרם,false,1,9.90,3.96,true,1,
7290113191921,false,"סירופ מלבי 750 מ""ל",פוליבה בעמ,IL,סירופ מלבי,מיליליטרים,750.00,"100 מ""ל",false,1,16.90,2.25,true,1,
7290113191938,false,סירופ רוזטה טעם שקדים750,פוליבה בעמ,IL,סירופ רוזטה,מיליליטרים,750.00,"100 מ""ל",false,1,16.90,2.25,true,1,
7290113192218,false,פינוק מלבי אורגינל,---,IL,מלבי להכנה מהירה,גרמים,500.00,100 גרם,false,1,14.90,2.98,true,1,
7290113192324,false,זיתים ירוקים בינוני 560ג,בית-השיטה עסיס תעשיות מז,IL,זיתים ירוקים,גרמים,560.00,100 גרם,false,1,6.90,1.23,true,1,
7290113192331,false,זיתים ירוקים גדולים 560ג,בית-השיטה עסיס תעשיות מז,IL,זיתים ירוק גדול,גרמים,560.00,100 גרם,false,1,9.50,1.70,true,1,
7290113192355,false,זיתים חרוזית 560 גרם,בית-השיטה עסיס תעשיות מז,IL,זיתים חרוזית,גרמים,560.00,100 גרם,false,1,6.90,1.23,true,1,
7290113192362,false,טבעות זיתים ירוקים 560 ג,בית-השיטה עסיס תעשיות מז,IL,טבעות זיתים ירוק,גרמים,560.00,100 גרם,false,1,7.90,1.41,true,1,
7290113192393,false,קוקטייל זיתים 560 גרם,בית-השיטה עסיס תעשיות מז,IL,קוקטייל זיתים,גרמים,560.00,100 גרם,false,1,8.90,1.59,true,1,
7290113192478,false,מלפפונים 10-12 במלח 560ג,בית-השיטה עסיס תעשיות מז,IL,מלפפונים במלח,גרמים,560.00,100 גרם,false,1,5.90,1.05,true,1,
7290113192485,false,מלפפונים חומץ10-12 560 ג,בית-השיטה עסיס תעשיות מז,IL,מלפפונים בחומץ,גרמים,560.00,100 גרם,false,1,5.90,1.05,true,1,
7290113192492,false,מלפפ.חומץ קטן13-17 560 ג,בית-השיטה עסיס תעשיות מז,IL,מלפפונים בחומץ,גרמים,560.00,100 גרם,false,1,6.90,1.23,true,1,
7290113192508,false,מלפפונ.מלח קטן13-17 560ג,בית-השיטה עסיס תעשיות מז,IL,מלפפונים מלח קטן,גרמים,560.00,100 גרם,false,1,6.90,1.23,true,1,
7290113192515,false,מלפפון במלח 18-25 560 גר,בית-השיטה עסיס תעשיות מז,IL,מלפפון במלח,גרמים,560.00,100 גרם,false,1,7.90,1.41,true,1,
7290113192522,false,מלפפונים בחומץ 18-25 560,בית-השיטה עסיס תעשיות מז,IL,מלפפונים בחומץ,גרמים,560.00,100 גרם,false,1,7.90,1.41,true,1,
7290113192539,false,מלפפון במלח 7-9 560 גרם,בית-השיטה עסיס תעשיות מז,IL,מלפפון במלח,גרמים,560.00,100 גרם,false,1,3.90,0.70,true,1,
7290113192546,false,מלפפון בחומץ 7-9 560 גרם,בית-השיטה עסיס תעשיות מז,IL,מלפפון בחומץ,גרמים,560.00,100 גרם,false,1,3.90,0.70,true,1,
7290113192553,false,מלפפ.מלח בלאדי קטנים560ג,בית-השיטה עסיס תעשיות מז,IL,מלפפונים במלח,גרמים,560.00,100 גרם,false,1,9.90,1.77,true,1,
7290113192560,false,פלפל שיפקה 560 גרם,בית-השיטה עסיס תעשיות מז,IL,פלפל שיפקה חריף,גרמים,560.00,100 גרם,false,1,4.90,0.88,true,1,
7290113192577,false,כרוב כבוש בית השיטה 560,"בית-השיטה תעשיות בע""\מ",IL,כרוב כבוש,גרמים,560.00,100 גרם,false,1,4.90,0.88,true,1,
7290113192997,false,זית מרוקאי 340 גרם,"בית השיטה תעשיות בע""\מ",IL,זית מרוקאי,גרמים,340.00,100 גרם,false,1,11.90,3.50,true,1,
7290113193000,false,פלפל שיפקונית 230 גרם,"בית השיטה תעשיות בע""\מ",IL,פלפל שיפקונית,גרמים,230.00,100 גרם,false,1,9.90,4.30,true,1,
7290113193017,false,חרוזית קוקטייל זיתים275ג,"בית השיטה תעשיות בע""\מ",IL,קוקטייל זיתים,גרמים,275.00,100 גרם,false,1,11.90,4.33,true,1,
7290113193031,false,זית.שחור חרוזית קלמטה560,"בית השיטה תעשיות בע""\מ",IL,זית שחור חרוזית,גרמים,560.00,100 גרם,false,1,11.90,2.13,true,1,
7290113193406,false,טבעות קוקטייל זיתים 560ג,"בית השיטה תעשיות בע""\מ",IL,טבעות זיתים,גרמים,560.00,100 גרם,false,1,9.90,1.77,true,1,
7290113193888,false,חצילים מוחמצים560 גרם,"בית השיטה תעשיות בע""\מ",IL,חצילים מוחמצים,גרמים,560.00,100 גרם,false,1,9.90,1.77,true,1,
7290113196506,false,פריכיות כוסמת ללא מלח,,IL,פריכיות כוסמת לל,יחידה,1.00,יחידה,false,1,9.90,9.90,true,1,
7290113199613,false,חטיף שומשום עם תוספות,,IL,חטיף שומשום עם ת,יחידה,1.00,יחידה,false,1,14.90,14.90,true,1,
7290113199620,false,חטיף שקדים עם תוספות,,IL,חטיף שקדים עם תו,יחידה,1.00,יחידה,false,1,14.90,14.90,true,1,
7290113199637,false,חטיף בוטנים עם גרעינים ד,,IL,חטיף בוטנים עם ג,יחידה,1.00,יחידה,false,1,14.90,14.90,true,1,
7290113282575,false,25 צלחות ענק שקו,,,25 צלחות ענק שקו,יחידה,1.00,יחידה,false,0,16.90,16.90,true,1,
7290113285316,false,כפפות ניטריל L שניב,,IL,כפפות ניטריל L,יחידה,1.00,יחידה,false,1,16.90,16.90,true,1,
7290113286566,false,כפפות ניטריל M שמאי,,IL,כפפות ניטריל M,יחידה,1.00,יחידה,false,1,16.90,16.90,true,1,
7290113317536,false,סוכריות סודה צמיד עם שעו,,IL,סוכריות סודה צמי,יחידה,1.00,יחידה,false,1,11.90,11.90,true,1,
7290113317543,false,סוכריות סודה שרשרת ענק ש,,IL,סוכריות סודה שרש,יחידה,1.00,יחידה,false,1,7.90,7.90,true,1,
7290114310215,false,שמנת מתוקה38% בקבוק250מל,מילקו תעשיות בעמ,IL,שמנת מתוקה 38%,מיליליטרים,250.00,"100 מ""ל",false,1,6.40,2.56,true,1,
7290114311021,false,"משקה וניל עוגיות 250 מ""ל",מילקו תעשיות בעמ,IL,משקה וניל עוגיות,מיליליטרים,250.00,"100 מ""ל",false,1,5.20,2.08,true,1,
7290114605342,false,רפידות הנקהM 50 יח,,CN,רפידות הנקה,יחידה,1.00,יחידה,false,1,23.90,23.90,true,1,
7290114605359,false,רפידות הנקה L יח50,ש.שסטוביץ,CN,רפידות הנקה,יחידה,1.00,יחידה,false,1,23.90,23.90,true,1,
7290114659833,false,סוכריה ג'לי,,,סוכריה ג'לי,יחידה,1.00,יחידה,false,0,2.90,2.90,true,1,
7290115042757,false,"קרם רב""ש ח. וניל פצ'ולי",,IL,קרם ח. וניל פצ'ו,גרמים,200.00,100 גרם,false,1,15.90,7.95,true,1,
7290115043440,false,ריפרש אל סבון לידיים מאס,,IL,ריפרש אל סבון לי,ליטרים,0.00,ליטר,false,1,8.90,8.90,true,1,
7290115043464,false,ריפרש סבון לידיים לבנדר,,IL,ריפרש סבון לידיי,ליטרים,0.00,ליטר,false,1,8.90,8.90,true,1,
7290115071610,false,סוכריה ג'לי,,,סוכריה ג'לי,יחידה,1.00,יחידה,false,0,2.90,2.90,true,1,
7290115074741,false,סוכריה על מקל,,,סוכריה על מקל,יחידה,1.00,יחידה,false,0,6.90,6.90,true,1,
7290115190014,false,מרלבורו רד קצר חפיסה,פיליפ מוריס,IL,מרלבורו רד קצר,יחידה,1.00,יחידה,false,1,32.00,32.00,false,1,
7290115190090,false,מרלבורו גולד קצר חפיסה,פיליפ מוריס,US,מרלבורו גולד קצר,יחידה,1.00,יחידה,false,1,32.00,32.00,false,1,
7290115190137,false,מרלבורו פיין טאץ' חפיסה,פיליפ מוריס,IL,מרלבורו פיין טאץ,יחידה,1.00,יחידה,false,1,28.00,28.00,false,1,
7290115190151,false,מרלבורו גולד טאץ' חפיסה,פיליפ מוריס,IL,מרלבורו גולד טאץ,יחידה,1.00,יחידה,false,1,28.00,28.00,false,1,
7290115190199,false,פרלמנט נייט ארוך חפיסה,פיליפ מוריס,TR,פרלמנט נייט ארוך,יחידה,1.00,יחידה,false,1,36.50,36.50,false,1,
7290115190236,false,פרלמנט בלו קצר חפיסה,פיליפ מוריס,IL,פרלמנט בלו קצר,יחידה,1.00,יחידה,false,1,36.50,36.50,false,1,
7290115190250,false,פרלמנט נייט קצר חפיסה,פיליפ מוריס,US,פרלמנט נייט קצר,יחידה,1.00,יחידה,false,1,36.50,36.50,false,1,
7290115190359,false,אל אם בלו קצר חפיסה,פיליפ מוריס,US,אל אם בלו קצר,יחידה,1.00,יחידה,false,1,31.00,31.00,false,1,
7290115190373,false,אל אמ פורוורד חפיסה,פיליפ מוריס,TR,אל אמ פורוורד חפ,יחידה,1.00,יחידה,false,1,31.00,31.00,false,1,
7290115190397,false,אל אם רד קצר חפיסה,פיליפ מוריס,US,אל אם רד קצר חפ,יחידה,1.00,יחידה,false,1,31.00,31.00,false,1,
7290115190458,false,נקסט אדג' חפיסה,פיליפ מוריס,TR,נקסט אדג',יחידה,1.00,יחידה,false,1,25.00,25.00,false,1,
7290115190472,false,נקסט פיין אדג' חפיסה,,,נקסט פיין אדג',יחידה,1.00,יחידה,false,0,25.00,25.00,true,1,
7290115190519,false,נקסט פיין חפיסה,פיליפ מוריס,PL,נקסט פיין חפ,יחידה,1.00,יחידה,false,1,28.00,28.00,false,1,
7290115190557,false,נקסט ריסס קצר חפיסה,פיליפ מוריס,TR,נקסט ריסס קצר חפ,יחידה,1.00,יחידה,false,1,25.00,25.00,false,1,
7290115190595,false,נקסט אוריג'ינל חפיסה,פיליפ מוריס,PL,נקסט אוריג'ינל,יחידה,1.00,יחידה,false,1,28.00,28.00,false,1,
7290115200713,false,במבה קלאסי 5 * 50 ג,"אסם השקעות בע""\מ",IL,במבה קלאסי 5 יח,גרמים,250.00,100 גרם,false,1,11.90,4.76,true,1,
7290115201680,false,ביסלי ברביקיו 70 גרם,"אסם השקעות בע""\מ",IL,ביסלי ברביקיו,גרמים,70.00,100 גרם,false,1,3.90,5.57,true,1,
7290115201703,false,ביסלי ברביקיו 200 גרם,אסם,IL,ביסלי ברביקיו,גרמים,200.00,100 גרם,false,1,6.90,3.45,true,1,
7290115201727,false,ביסלי בצל 200 גרם,אסם,IL,ביסלי בצל,גרמים,200.00,100 גרם,false,1,6.90,3.45,true,1,
7290115202434,false,חומוס עם זעתר צבר 375 גר,מפעל צבר,IL,חומוס עם זעתר צב,גרמים,375.00,100 גרם,false,1,10.90,2.91,true,1,
7290115202786,false,מנה חמה פאוצ נודלס בקר70,תאי פרזידנט,TH,מנה חמה פאוצ',גרמים,70.00,100 גרם,false,1,3.90,5.57,true,1,
7290115203134,false,פופקו פופקורן במבה 80ג,"אסם השקעות בע""\מ",IL,פופקו פופקורן,גרמים,80.00,100 גרם,false,1,3.90,4.88,true,1,
7290115203172,false,חטיף במבה פרו 80 גרם,"אסם השקעות בע""\מ",IL,חטיף במבה פרו,גרמים,80.00,100 גרם,false,1,3.90,4.88,true,1,
7290115205176,false,קרקר דק כפרי פיטנס 140גר,אסם יקנעם,IL,קרקר דק פיטנס,גרמים,140.00,100 גרם,false,1,8.90,6.36,true,1,
7290115205312,false,קרקר דק פיטנס זיתים140ג,"אסם השקעות בע""\מ",IL,קרקר דק פיטנס,גרמים,140.00,100 גרם,false,1,8.90,6.36,true,1,
7290115207941,false,ויטמינצ'יק אננס 1 ליטר,בית-השיטה עסיס תעשיות מז,IL,ויטמינצ'יק אננס,ליטרים,1.00,ליטר,false,1,18.90,18.90,true,1,
7290115207989,false,ויטמינצ'יק לימון 1 ליטר,בית-השיטה עסיס תעשיות מז,IL,ויטמינצ'יק לימון,ליטרים,1.00,ליטר,false,1,18.90,18.90,true,1,
7290115208047,false,ויטמינצ'יק פטל 1 ליטר,בית-השיטה עסיס תעשיות מז,IL,ויטמינצ'יק פטל,ליטרים,1.00,ליטר,false,1,18.90,18.90,true,1,
7290115208061,false,ויטמינצ'יק תפוח 1 ליטר,בית השיטה עסיס תעשיות מז,IL,ויטמינצ'יק תפוח,ליטרים,1.00,ליטר,false,1,18.90,18.90,true,1,
7290115208801,false,לחמית דבש ואגוזים 190גרם,אסם,IL,לחמית דבש ואגוזי,גרמים,190.00,100 גרם,false,1,7.90,4.16,true,1,
7290115292633,false,"פרולטה קרם ידיים 100מ""ל",,IL,פרולטה קרם ידיים,מיליליטרים,100.00,"100 מ""ל",false,1,9.90,9.90,true,1,
7290115292657,false,קרם רב שימושי פירות יער,,IL,קרם רב שימושי,מיליליטרים,250.00,"100 מ""ל",false,1,17.90,7.16,true,1,
7290115642223,false,מארז מאפינס נפתח לשליפה,,CN,מארז מאפינס,יחידה,1.00,יחידה,false,1,12.90,12.90,true,1,
7290115671339,false,מיני פינוקיות בייגל180ג,"הגביע מוצרי ופלים בע""\מ",IL,מיני פינוקיות,גרמים,180.00,100 גרם,false,1,9.90,5.50,true,1,
7290115671346,false,מיני פינוקיות טופי180גרם,"הגביע מוצרי ופלים בע""\מ",IL,מיני פינוקיות,גרמים,180.00,100 גרם,false,1,9.90,5.50,true,1,
7290115671353,false,מיני פינוקיות שחור/לב180,"הגביע מוצרי ופלים בע""\מ",IL,מיני פינוקיות,גרמים,180.00,100 גרם,false,1,9.90,5.50,true,1,
7290115676037,false,יוגורט תות דומדמניות250ג,"שטראוס בריאות בע""\מ",IL,יוגורט דנונה,גרמים,250.00,100 גרם,false,1,4.90,1.96,true,1,
7290115676273,false,קקאו עלית10%+ 500 גרם,שטראוס קפה בי.וי.,IL,קקאו עלית,גרמים,550.00,100 גרם,false,1,19.90,3.62,true,1,
7290115678017,false,דנונה במתיקות מעודנת12יח,"שטראוס גרופ בע""\מ",IL,מארז  דנונה 12יח,קילוגרמים,1.20,"ק""ג",false,1,17.90,14.92,true,1,
7290115720044,false,דאבל לק בטעם אפרסק 135 ג,CREST,NL,דאבל לק אפרסק,גרמים,135.00,100 גרם,false,1,11.90,8.81,true,1,
7290115720280,false,סוכריות לגו 216 גרם,GROSS,CN,סוכריות לגו,גרמים,216.00,100 גרם,false,1,18.90,8.75,true,1,
7290115720358,false,סוכריות טבעת 225 גרם,GROSS,CN,סוכריות טבעת,גרמים,225.00,100 גרם,false,1,18.90,8.40,true,1,
7290115720464,false,סוכריית מוצץ 18 יח',גרוסליין,BE,סוכריית מוצץ18יח,גרמים,105.00,100 גרם,false,1,18.90,18.00,true,1,
7290115720471,false,סוכריית משרוקית18 יח',גרוסליין,BE,סוכריית משרוקית,גרמים,170.00,100 גרם,false,1,18.90,11.12,true,1,
7290115720488,false,סוכריית ליפסטיק 18יחידות,גרוסליין,BE,סוכריית ליפסטיק,גרמים,170.00,100 גרם,false,1,18.90,11.12,true,1,
7290115720709,false,סוכריות טבעת ג'ואל פופ,GROSS,CN,סוכ.טבעת 18 יח,גרמים,225.00,100 גרם,false,1,18.90,8.40,true,1,
7290115720778,false,סוכריות דיפ אנד ליק 15יח,GROSS,CN,סוכ.דיפ אנד ליק,גרמים,202.00,100 גרם,false,1,18.90,9.36,true,1,
7290115720891,false,פאזל מארז 18 יחי' מנוס פ,,IL,פאזל מארז 18 יחי,יחידה,1.00,יחידה,false,1,18.90,18.90,true,1,
7290115720969,false,טטריס מארז 18 יחי' מנוס,,IL,טטריס מארז 18 יח,יחידה,1.00,יחידה,false,1,18.90,18.90,true,1,
7290115730159,false,"צלחת ""7 ניצוצות כסף 10יח",,CN,"צלחות ""7",יחידה,1.00,יחידה,false,1,11.90,11.90,true,1,
7290115730753,false,תבנית אישית+מכסה,,,תבנית אישית+מכסה,יחידה,1.00,יחידה,false,0,12.90,12.90,true,1,
7290115730760,false,תבנית מלבן +מכסה,,,תבנית מלבן +מכסה,יחידה,1.00,יחידה,false,0,12.90,12.90,true,1,
7290115730869,false,כוסות ליקר ניאון,,,כוסות ליקר ניאון,יחידה,1.00,יחידה,false,0,7.90,7.90,true,1,
7290115730876,false,כוסות ליקר ניאון,,IL,כוסות ליקר ניאון,יחידה,1.00,יחידה,false,1,5.90,5.90,true,1,
7290115730883,false,כוסות ליקר שקופות,,IL,כוסות ליקר שקופו,יחידה,1.00,יחידה,false,1,4.90,4.90,true,1,
7290115730937,false,כוס מעוטר 40 יחי CC 300,תבניכל,CN,כוס מעוטר 40 יחי,יחידה,1.00,יחידה,false,1,13.90,13.90,true,1,
7290115730944,false,כוס יהלום 25 יחידות,תבניכל,CN,כוס יהלום,יחידה,1.00,יחידה,false,1,7.90,7.90,true,1,
7290115731187,false,מנג'טים מספר 2 זהב 60 יח,,CN,מנג'טים,יחידה,1.00,יחידה,false,1,4.90,4.90,true,1,
7290115731507,false,גביעי דוריקינו קטנים 12,,CN,גביעי דוריקינו,יחידה,1.00,יחידה,false,1,7.90,7.90,true,1,
7290115731521,false,גביעי אפולי קטנים 12 יחי,,CN,גביעי אפולי,יחידה,1.00,יחידה,false,1,7.90,7.90,true,1,
7290115731552,false,גביעי קוביקינו קטנים12יח,,CN,גביעי קוביקינו,יחידה,1.00,יחידה,false,1,7.90,7.90,true,1,
7290115731798,false,מארז מגשים עמוק אובלי שק,לפיד,IL,מארז מגשים עמוק,יחידה,1.00,יחידה,false,1,9.90,9.90,true,1,
7290115733228,false,מאפינס ברונזה 12 יח,,CN,מאפינס ברונזה,יחידה,1.00,יחידה,false,1,4.90,4.90,true,1,
7290115733525,false,תבניות עגולות קשיחות,,CN,תבניות עגולות,יחידה,1.00,יחידה,false,1,11.90,11.90,true,1,
7290115733587,false,תבניות מלבניות בינוניות,,CN,תבניות מלבניות,יחידה,1.00,יחידה,false,1,13.90,13.90,true,1,
7290115733600,false,תבניות אובליות בינוניות,,CN,תבניות אובליות,יחידה,1.00,יחידה,false,1,11.90,11.90,true,1,
7290115733891,false,מגש מחולק ל4 נשנושים זהב,,IL,מגש מחולק ל4 נשנ,יחידה,1.00,יחידה,false,1,6.90,6.90,true,1,
7290115733907,false,מגש מחולק ל4 נשנושים כסף,,IL,מגש מחולק ל4 נשנ,יחידה,1.00,יחידה,false,1,6.90,6.90,true,1,
7290115733914,false,תבנית אינגליש גבוה 4יח',,CN,תבנית אינגליש,יחידה,1.00,יחידה,false,1,11.90,11.90,true,1,
7290115733921,false,תבנית איגליש נמוך+מכסה,,CN,תבנית אינגליש,יחידה,1.00,יחידה,false,1,11.90,11.90,true,1,
7290115733938,false,תבנית פאי+מכסה זהב שחור,,CN,תבנית פאי 2 יח',יחידה,1.00,יחידה,false,1,11.90,11.90,true,1,
7290115733945,false,תבנית לזניה+מכסהזהב שחור,,CN,תבנית לזניה 4 יח,יחידה,1.00,יחידה,false,1,11.90,11.90,true,1,
7290115733952,false,תבנית מלבן+מכסה זהב שחור,,CN,תבנית מלבנית 8יח,יחידה,1.00,יחידה,false,1,11.90,11.90,true,1,
7290115733976,false,תבנית+מכסה זהב שחור,,CN,תבנית+מכסה8 יח',יחידה,1.00,יחידה,false,1,11.90,11.90,true,1,
7290115736144,false,8 צלחות קטנות שקוף כלנית,,IL,8 צלחות קטנות שק,יחידה,1.00,יחידה,false,1,9.90,9.90,true,1,
7290115736151,false,8 צלחות קטנות נצנץ זהב כ,,IL,8 צלחות קטנות נצ,יחידה,1.00,יחידה,false,1,9.90,9.90,true,1,
7290115736250,false,8 מרקיות נצנץ כסף כלנית,,IL,8 מרקיות נצנץ כס,יחידה,1.00,יחידה,false,1,12.90,12.90,true,1,
7290115736274,false,8 מרקיות זהב כלנית,,IL,8 מרקיות זהב כלנ,יחידה,1.00,יחידה,false,1,12.90,12.90,true,1,
7290115736397,false,8 צלחות בינוני שחור כלני,,IL,8 צלחות בינוני ק,יחידה,1.00,יחידה,false,1,15.90,15.90,true,1,
7290115736434,false,8 צלחות בינוני נצנץ כסף,,IL,8 צלחות בינוני נ,יחידה,1.00,יחידה,false,1,15.90,15.90,true,1,
7290115736489,false,6 קסרול שחור כלנית,,IL,6 קסרול שחור,יחידה,1.00,יחידה,false,1,6.90,6.90,true,1,
7290115736519,false,6 קסרול נצנץ זהב כלנית,,IL,6 קסרול נצנץ זהב,יחידה,1.00,יחידה,false,1,6.90,6.90,true,1,
7290115736526,false,6 קסרול נצנץ כסף כלנית,,IL,6 קסרול נצנץ כסף,יחידה,1.00,יחידה,false,1,6.90,6.90,true,1,
7290115737158,false,סט צלחות פרח מנטה קרם,,IL,סט צלחות פרח מנט,יחידה,1.00,יחידה,false,1,33.90,33.90,true,1,
7290115737189,false,סט צלחות פרח שחור לבן,,IL,סט צלחות פרח שחו,יחידה,1.00,יחידה,false,1,33.90,33.90,true,1,
7290115737219,false,צמד קערות שחור כל,,IL,צמד קערות שחור,יחידה,1.00,יחידה,false,1,7.90,7.90,true,1,
7290115737233,false,צמד קערות ניצוצות כסף כל,,IL,צמד קערות ניצוצו,יחידה,1.00,יחידה,false,1,7.90,7.90,true,1,
7290115737288,false,תבנית18עגול+מכסה,,,תבנית18עגול+מכסה,יחידה,1.00,יחידה,false,0,12.90,12.90,true,1,
7290115737295,false,תבנית21עגול +מכ,,,תבנית21עגול +מכ,יחידה,1.00,יחידה,false,0,12.90,12.90,true,1,
7290115737301,false,תבניות עגולות עם מכסה 6,,CN,תבניות עגולות,יחידה,1.00,יחידה,false,1,12.90,12.90,true,1,
7290115737325,false,תבנית טארט מיני + מכסה,תבניכל,CN,תבנית טארט+מכסה,יחידה,1.00,יחידה,false,1,8.90,8.90,true,1,
7290115737332,false,תבנית טארט 11*11 20 יחי,,IL,תבנית טארט 11*11,יחידה,1.00,יחידה,false,1,8.90,8.90,true,1,
7290115737349,false,תבנית מרובעת + מכסה 12 י,תבניכל,CN,תבנית מרובעת,יחידה,1.00,יחידה,false,1,8.90,8.90,true,1,
7290115737356,false,תבנית מלבן 25 יחי תבניכל,,IL,תבנית מלבן 25 יח,יחידה,1.00,יחידה,false,1,8.90,8.90,true,1,
7290115737363,false,תבנית מלבן + מכסה 20 יח,תבניכל,CN,תבנית מלבן+מכסה,יחידה,1.00,יחידה,false,1,8.90,8.90,true,1,
7290115737387,false,תבנית מלבן + מכסה 8 יחיד,תבניכל,CN,תבנית מלבן+מכסה,יחידה,1.00,יחידה,false,1,8.90,8.90,true,1,
7290115737394,false,תבנית בוטיק אובל 30יח,תבניכל,CN,תבנית חלה 30 יחי,יחידה,1.00,יחידה,false,1,8.90,8.90,true,1,
7290115737400,false,תבנית חלה 6יחי תבניכל,,IL,תבנית חלה 6יחי,יחידה,1.00,יחידה,false,1,8.90,8.90,true,1,
7290115737417,false,תבנית חלה 5יחי תבניכל,,IL,תבנית חלה 5יחי,יחידה,1.00,יחידה,false,1,8.90,8.90,true,1,
7290115737424,false,תבנית חלה 4 יחידות,תבניכל,CN,תבנית חלה,יחידה,1.00,יחידה,false,1,8.90,8.90,true,1,
7290115738292,false,כוסיות ליקר ניצו,,,כוסיות ליקר ניצו,יחידה,1.00,יחידה,false,0,5.90,5.90,true,1,
7290115952339,false,מפיות תלת שכבתיות איכותי,,IL,מפיות תלת שכבתיו,יחידה,1.00,יחידה,false,1,4.90,4.90,true,1,
7290115953039,false,מפיות נשם 12 יחי תהילה,,IL,מפיות נשם 12 יחי,יחידה,1.00,יחידה,false,1,4.90,4.90,true,1,
7290115953077,false,מפיון בר מצווה,,IL,מפיון בר מצווה,יחידה,1.00,יחידה,false,1,4.90,4.90,true,1,
7290115953428,false,מפיות עגולות נ.ש,,,מפיות עגולות נ.ש,יחידה,1.00,יחידה,false,0,4.90,4.90,true,1,
7290115953435,false,מפיות עגולות נ.ש,,,מפיות עגולות נ.ש,יחידה,1.00,יחידה,false,0,4.90,4.90,true,1,
7290115953442,false,מפיות עגולות נ.ש,,,מפיות עגולות נ.ש,יחידה,1.00,יחידה,false,0,4.90,4.90,true,1,
7290115953978,false,מפיות נ.ש.מ.קלאסיק מנטה,,IL,מפיות נ.ש.מ.קלאס,יחידה,1.00,יחידה,false,1,4.90,4.90,true,1,
7290115954869,false,מפיות נ.ש.מ.מובלטות מנטה,,IL,מפיות נ.ש.מ.מובל,יחידה,1.00,יחידה,false,1,4.90,4.90,true,1,
7290115954876,false,מפיות מובלטות אפ,,,מפיות מובלטות אפ,יחידה,1.00,יחידה,false,0,4.90,4.90,true,1,
7290115957235,false,מפיות קראפט זהב,,,מפיות קראפט זהב,יחידה,1.00,יחידה,false,0,4.90,4.90,true,1,
7290116530185,false,דגני בוקר דלישקד קרמל400,"יוניליוור שפע ישראל בע""\",IL,דלישקד קרמל,גרמים,400.00,100 גרם,false,1,19.90,4.98,true,1,
7290116530239,false,דאו סטיק לגבר בלאק 77ג,---,US,דאו.סטיק אקס,גרמים,77.00,100 גרם,false,1,14.90,19.35,true,1,
7290116530871,false,חט.נשנושים מיקס+בייגל240,"דרך השוקולד ,1 צפת 13404",IL,חטיף נשנושים,גרמים,240.00,100 גרם,false,1,7.90,3.29,true,1,
7290116530888,false,בדין ג'ל כביסה פינוק2.5ל,"זוהר דליה, קיבוץ דליה, 1",IL,ג'ל כביסה בדין,ליטרים,2.50,ליטר,false,1,27.90,11.16,true,1,
7290116531076,false,מרק פטריות רכיב טבעי225ג,יוניליוור ישראל מזון בע\,IL,מרק פטריות,גרמים,225.00,100 גרם,false,1,9.90,4.40,true,1,
7290116531083,false,ברנפלקס ט.דבש+שקדים400גר,"יוניליוור שפע ישראל בע""\",IL,ברנפלקס טעם דבש,גרמים,400.00,100 גרם,false,1,19.90,4.98,true,1,
7290116531090,false,דגדג חטיף אפוי 250 גרם,"דרך השוקולד ,1 צפת 13404",IL,דגדג חטיף אפוי,גרמים,250.00,100 גרם,false,1,7.90,3.16,true,1,
7290116531762,false,דפי מרכך למייבש ורוד40י,---,US,דפים למייבש,יחידה,1.00,יחידה,false,1,13.90,13.90,true,1,
7290116531779,false,דפי מרכך למייבש כחול40יח,---,US,דפים למייבש,יחידה,1.00,יחידה,false,1,13.90,13.90,true,1,
7290116531793,false,רוטב לסלט קיסר 295 גרם,יוניליוור ישראל מזון בע\,IL,רוטב לסלט קיסר,גרמים,295.00,100 גרם,false,1,8.90,3.02,true,1,
7290116531908,false,רוטב מרינדה לגריל 350 גר,יוניליוור ישראל מזון בע\,IL,רוטב מרינדה,גרמים,350.00,100 גרם,false,1,9.90,2.83,true,1,
7290116531939,false,גלידונית  בטעם תות,"גלידת שטראוס בע""\מ, רח'",IL,גלידונית  בטעם ת,גרמים,630.00,100 גרם,false,1,34.90,5.54,true,1,
7290116532011,false,חטיף קליק נוגט 35 גרם,תות תעשיות מזון (2014) ב,IL,חטיף קליק נוגט,גרמים,35.00,100 גרם,false,1,3.90,11.14,true,1,
7290116532240,false,שוקולד חלב עוג.ודגנים85ג,יוניליוור ישראל מזון בע\,IL,שוקולד קליק,גרמים,85.00,100 גרם,false,1,4.90,5.76,true,1,
7290116532264,false,מאגדת גודיז לייט אפרסק,"גלידת שטראוס בע""\מ, רחוב",IL,מאגדת גודיז לייט,גרמים,270.00,100 גרם,false,1,29.90,11.07,true,1,
7290116532462,false,קליק גלידה שוקולד בננה,"גלידת שטראוס בע""\מ, רחוב",IL,"קליק גלידה 520מ""",מיליליטרים,520.00,"100 מ""ל",false,1,19.90,3.83,true,1,
7290116532585,false,קרנצים ט.דבש וקינמון375ג,"יוניליוור שפע ישראל בע""\",IL,קרנצים בטעם דבש,גרמים,375.00,100 גרם,false,1,19.90,5.31,true,1,
7290116532868,false,שמפו בייבי פינוק 900מ,יוניליוור ישראלn\טיפוח א,IL,בייבי שמפו,מיליליטרים,900.00,"100 מ""ל",false,1,9.90,1.10,true,1,
7290116532875,false,בייבי אל סבון לתינוק900מ,יוניליוור ישראלn\טיפוח א,IL,אל סבון לתינוק,מיליליטרים,900.00,"100 מ""ל",false,1,9.90,1.10,true,1,
7290116532899,false,נשנושים איירביס פלאפל155,"דרך השוקולד ,1 צפת 13404",IL,נשנושים איירביס,גרמים,155.00,100 גרם,false,1,7.90,5.10,true,1,
7290116532905,false,נשנוש.איירביס ברביק155ג,"דרך השוקולד ,1 צפת 13404",IL,נשנושים איירביס,גרמים,155.00,100 גרם,false,1,7.90,5.10,true,1,
7290116760568,false,"כפיות ח""פ לגלידה",,,"כפיות ח""פ לגלידה",יחידה,1.00,יחידה,false,0,2.90,2.90,true,1,
7290116910871,false,ממתק ספרי משרוקית 8*20 מ,תאיפן פאן טיים,CN,ממתק ספרי משרוקי,מיליליטרים,8.00,"100 מ""ל",false,1,6.90,86.25,true,1,
7290116914329,false,ממתק צעצוע דייג 8 גר',שנטו ג'וקי,CN,ממתק צעצוע דייג,גרמים,8.00,100 גרם,false,1,11.90,148.75,true,1,
7290116914916,false,ממתק צעצוע קנדי דיספנסר,קסימן אינגואן,CN,ממתק צעצוע קנדי,יחידה,1.00,יחידה,false,1,10.90,10.90,true,1,
7290116930244,false,יוגו.ביו תנובה1.5% 150*8,"תנובה בע""\מ",IL,מארז יוגורט,קילוגרמים,1.20,"ק""ג",false,1,13.90,11.58,true,1,
7290116930459,false,שייק בננה אננס קוקס230מל,תנובה בעמ,IL,יופלה שייק,מיליליטרים,230.00,"100 מ""ל",false,1,7.90,3.43,true,1,
7290116930466,false,שייק מנגו בננה פסיפלו230,תנובה בעמ,IL,יופלה שייק,מיליליטרים,230.00,"100 מ""ל",false,1,7.90,3.43,true,1,
7290116930725,false,מעדן סויה ביו קוקוס150ג,תנובה בעמ,IL,מעדן סויה ביו,גרמים,150.00,100 גרם,false,1,4.40,2.93,true,1,
7290116931074,false,פרוסות טל העמק 32% 300 ג,"תנובה בע""\מ",IL,טל העמק32% 300גר,גרמים,300.00,100 גרם,false,1,24.90,8.30,true,1,
7290116931081,false,מעדן סויה טופי קרמל 125ג,תנובה בעמ,IL,מעדן סויה טופי,גרמים,125.00,100 גרם,false,1,3.50,2.80,true,1,
7290116931104,false,יופלה גו סמיך אננס 200 ג,תנובה בעמ,IL,יופלה גו סמיך,גרמים,200.00,100 גרם,false,1,4.90,2.45,true,1,
7290117182260,false,"תמצימיץ בטעם אננס 50 מ""ל","מנדלברג בע""מ",IL,תמצימיץ טעם אננס,מיליליטרים,50.00,"100 מ""ל",false,1,16.90,33.80,true,1,
7290117182277,false,"תמצימיץ בטעם פטל 50 מ""ל","מנדלברג בע""מ",IL,תמצימיץ בטעם פטל,מיליליטרים,50.00,"100 מ""ל",false,1,16.90,33.80,true,1,
7290117182284,false,"תמצימיץ בטעם ענבים 50 מ""","מנדלברג בע""מ",IL,"תמצימיץ 50 מ""ל",מיליליטרים,50.00,"100 מ""ל",false,1,16.90,33.80,true,1,
7290117182345,false,בד בדיקה רך 100% כותנה,,IL,בד בדיקה רך 100%,יחידה,1.00,יחידה,false,1,7.90,7.90,true,1,
7290117760765,false,כפפות ניטריל  s,,,כפפות ניטריל  s,יחידה,1.00,יחידה,false,0,13.90,13.90,true,1,
7290117760772,false,כפפות ניטריל  M,,,כפפות ניטריל  M,יחידה,1.00,יחידה,false,0,13.90,13.90,true,1,
7290117760789,false,כפפות ניטריל  L ר.שמאי,,IL,כפפות ניטריל  L,יחידה,1.00,יחידה,false,1,13.90,13.90,true,1,
7290117760796,false,כפפות ניטריל כחו,,,כפפות ניטריל כחו,יחידה,1.00,יחידה,false,0,13.90,13.90,true,1,
7290117760826,false,כפפות ניטריל כחו,,,כפפות ניטריל כחו,יחידה,1.00,יחידה,false,0,13.90,13.90,true,1,
7290117821367,false,ביצת הפתעה סוכ.טרקטור10ג,PAZARLAMA GIDA GLOBAL,TR,ביצת הפתעה סוכ.,גרמים,10.00,100 גרם,false,1,5.90,59.00,true,1,
7290117821374,false,ביצת הפתעה סוכ.פוני10גר,PAZARLAMA GIDA GLOBAL,TR,ביצת הפתעה סוכ.פ,גרמים,10.00,100 גרם,false,1,5.90,59.00,true,1,
7290117821398,false,ביצת הפתעה סוכ.כבאית 10ג,PAZARLAMA GIDA GLOBAL,TR,ביצת הפתעה סוכ.,גרמים,10.00,100 גרם,false,1,5.90,59.00,true,1,
7290117821404,false,ביצת הפתעה סוכ.בצק 10גרם,PAZARLAMA GIDA GLOBAL,TR,ביצת הפתעה סוכ.,גרמים,10.00,100 גרם,false,1,5.90,59.00,true,1,
7290117821435,false,ביצת הפתעה סוכ.חד קרן10ג,PAZARLAMA GIDA GLOBAL,TR,ביצת הפתעה חד קר,גרמים,10.00,100 גרם,false,1,5.90,59.00,true,1,
7290117821442,false,ביצת הפתעה עם סוכ.כדורגל,PAZARLAMA GIDA GLOBAL,TR,ביצת הפתעה עם סו,גרמים,20.00,100 גרם,false,1,6.90,34.50,true,1,
7290117821459,false,ביצת הפתעה עם סוכ.דינוזא,,IL,ביצת הפתעה עם סו,יחידה,1.00,יחידה,false,1,6.90,6.90,true,1,
7290117821466,false,ביצת הפתעה סוכ. חיות חוו,PAZARLAMA GIDA GLOBAL,TR,ביצת הפתעה סוכ.,גרמים,20.00,100 גרם,false,1,6.90,34.50,true,1,
7290117821473,false,ביצת הפתעה עם סוכ.דינוזא,PAZARLAMA GIDA GLOBAL,TR,ביצת הפתעה עם סו,גרמים,20.00,100 גרם,false,1,14.90,74.50,true,1,
7290117920626,false,רביעיה סוללות AA,,,רביעיה סוללות AA,יחידה,1.00,יחידה,false,0,6.90,6.90,true,1,
7290117920633,false,רביעיה סוללות AA,,,רביעיה סוללות AA,יחידה,1.00,יחידה,false,0,6.90,6.90,true,1,
7290117920671,false,עשיריה סוללות AA,,,עשיריה סוללות AA,יחידה,1.00,יחידה,false,0,14.90,14.90,true,1,
7290117920688,false,עשיריה סוללות AA,,,עשיריה סוללות AA,יחידה,1.00,יחידה,false,0,14.90,14.90,true,1,
7290589856775,false,אביזרים לבית,,IL,אביזרים לבית,יחידה,1.00,יחידה,false,0,5.90,5.90,true,1,
7293556389962,false,שום מובחר יח' 250 גרם,קטיף.,IL,שום מובחר יח',יחידה,1.00,יחידה,false,1,9.90,9.90,true,1,
7296058000526,false,פרכיות כוסמת,,IL,פרכיות כוסמת,גרמים,160.00,100 גרם,false,0,6.90,4.31,true,1,
7296073150435,false,תערובת לעוגה,,IL,תערובת לעוגה,גרמים,560.00,100 גרם,false,0,12.90,2.30,true,1,
7296073224662,false,12ביצים חופש אורגניות M,חוות גבעות עולם,IL,ביצי חופש 12 יח,יחידה,1.00,יחידה,false,0,19.90,19.90,true,1,
7296073224679,false,12ביצים חופש אורגני L,חוות גבעות עולם,IL,ביצי חופש 12 יח,יחידה,1.00,יחידה,false,0,19.90,19.90,true,1,
7296073229698,false,12ביצים אורגנ+L.אומגה3,חוות גבעות עולם,IL,ביצים אורגניות,יחידה,1.00,יחידה,false,0,20.90,20.90,true,1,
7296073244806,false,ביצי חופש אורגנS 18 גרין,חוות גבעות עולם,IL,ביצי חופש,יחידה,1.00,יחידה,false,1,19.90,19.90,true,1,
7296073246367,false,תות שדה קפוא 300 גרם,,RS,תות שדה קפוא,גרמים,300.00,100 גרם,false,12,7.90,2.63,true,1,
7296073283805,false,חתיכות אננס קפוא 300גרם,d.o.o Lukowa,RS,חתיכות אננס קפוא,גרמים,300.00,100 גרם,false,1,7.90,2.63,true,1,
7296073283812,false,קוביות  מנגו קפוא 300 ג,d.o.o Lukowa,RS,קוביות  מנגו,גרמים,300.00,100 גרם,false,1,7.90,2.63,true,1,
7296073344841,false,"מרסס לניקוי כללי 750 מ""ל",קליר כימיקלים,IL,מרסס לניקוי כללי,מיליליטרים,750.00,"100 מ""ל",false,1,12.90,1.72,true,1,
7296073345954,false,"מדביר תיקנים 300 מ""ל",---,IL,מדביר תיקנים,מיליליטרים,300.00,"100 מ""ל",false,1,9.90,3.30,true,1,
7296073403296,false,"לחם כפרי לל""ג יש 500גרם",גידרון,IL,"לחם כפרי לל""ג",גרמים,500.00,100 גרם,false,1,9.90,1.98,true,1,
7296073416005,false,"תפוחונים קינמון לל""ג 22ג",,CN,תפוחונים קינמון,גרמים,22.00,100 גרם,false,1,4.50,20.45,true,1,
7296146000193,false,פתילות הפלא,,IL,פתילות הפלא,יחידה,1.00,יחידה,false,0,2.90,2.90,true,1,
7296146078246,false,זוג הידורית+פת,,IL,זוג הידורית+פת,יחידה,1.00,יחידה,false,0,19.90,19.90,true,1,
7296168092923,false,תחתוני רשת XL  4יח,איתן ספקים       E,CN,תחתוני רשת XL,יחידה,1.00,יחידה,false,0,11.90,11.90,true,1,
7296168205569,false,קוטל יתושים נתלה קרוטק,,IL,קוטל יתושים נתלה,יחידה,1.00,יחידה,false,1,42.90,42.90,true,1,
7297114232745,false,גרבי תינוקות סריגמיש,,IL,גרבי תינוקות סרי,יחידה,1.00,יחידה,false,1,11.90,11.90,true,1,
7297464412774,false,-NICEאביזרי שיער,,IL,-NICEאביזרי שיער,יחידה,1.00,יחידה,false,1,29.90,29.90,true,1,
7297464412781,false,-NICEאביזרי שיער,,IL,-NICEאביזרי שיער,יחידה,1.00,יחידה,false,1,24.90,24.90,true,1,
7297488099890,false,פרוסות קלאסי 9% 200 גרם,ויגרדן,IL,פרוסות קלאסי,גרמים,200.00,100 גרם,false,1,19.90,9.95,true,1,
7297488099906,false,פרוסות קלאסי 18% 200 גרם,ויגרדן,IL,פרוסות קלאסי,גרמים,200.00,100 גרם,false,1,19.90,9.95,true,1,
7297488099968,false,מלוחה 16% 250 גרם,ויגרדן,IL,מלוחה 16%,גרמים,250.00,100 גרם,false,1,19.90,7.96,true,1,
7298171177246,false,"כוס אימון דיסני 250 מ""ל",,IL,כוס אימון דיסני,יחידה,1.00,יחידה,false,1,17.90,17.90,true,1,
7298171195776,false,בקבוק ספורט לתינ,,,בקבוק ספורט לתינ,יחידה,1.00,יחידה,false,0,14.90,14.90,true,1,
7298945476315,false,גומיות דודו,,IL,גומיות,יחידה,1.00,יחידה,false,1,4.90,4.90,true,1,
7312040017683,false,וודקה אבסולוט,,SE,וודקה אבסולוט,מיליליטרים,700.00,"100 מ""ל",false,0,49.90,7.13,true,1,
7350041950103,false,"ליקר שרי הרינג 700 מ""ל",פיטר הירינג,SE,ליקר שרי הרינג,מיליליטרים,700.00,"100 מ""ל",false,1,99.90,14.27,true,1,
7380580005255,false,אביזרים לבית,,IL,אביזרים לבית,יחידה,1.00,יחידה,false,0,7.90,7.90,true,1,
7480588956563,false,אביזרים לבית,,IL,אביזרים לבית,יחידה,1.00,יחידה,false,0,9.90,9.90,true,1,
7501049936945,false,"בירה סול 330*6 מ""ל",היינקן,NL,בירה סול 6 יח',ליטרים,1.98,ליטר,false,1,29.90,15.10,true,1,
7610008060086,false,חטיף שוקולד מריר במילוי,קמיל בלוך,CH,חטיף שוקולד מריר,גרמים,400.00,100 גרם,false,1,59.90,14.98,true,1,
7610100034084,false,מיונז טומי 265 גרם,טומי,CH,מיונז טומי,גרמים,265.00,100 גרם,false,1,9.90,3.74,true,1,
7613030979647,false,טריקס דגנים ט.פירות 480ג,ג'נרל מילס,CL,טריקס בטעם פירות,גרמים,480.00,100 גרם,false,1,19.90,4.15,true,1,
7613031608850,false,דגני בוקר פיטנס 625 גרם,סי. פי. צרפת,FR,פיטנס דגני בוקר,גרמים,625.00,100 גרם,false,0,23.90,3.82,true,1,
7613035809109,false,רוטב עגבניות+בזיליקום400,נסטלה ספרד,ES,רוטב עגבניות,גרמים,400.00,100 גרם,false,1,7.90,1.98,true,1,
7613036520492,false,רוטב עגבניות לפיצה 400גר,אסם,ES,רוטב עגבניות,גרמים,400.00,100 גרם,false,1,7.90,1.98,true,1,
7613036576734,false,חמשושים יחידה,פרונרי איבריה ס.ל,ES,חמשושים יחידה,יחידה,1.00,יחידה,false,1,5.90,5.90,true,1,
7613036880534,false,מחית מרק ירקות 190 גרם,נסטלה פולסקה אס.איי,PL,מחית מרק ירקות,גרמים,190.00,100 גרם,false,1,4.90,2.58,true,1,
7613036880855,false,מחית תפוח עץ ובננה 190גר,נסטלה פולסקה אס.איי,PL,מחית תפוח ובננה,גרמים,190.00,100 גרם,false,1,4.90,2.58,true,1,
7613037012200,false,גרבר תפוח מנגו פאוץ90ג,פורסלבה,ES,גרבר תפוח פאוץ',גרמים,90.00,100 גרם,false,1,4.50,5.00,true,1,
7613037687132,false,פיטנס שקדים ודבש 585 גרם,סי. פי. צרפת,FR,פיטנס שקדים ודבש,גרמים,585.00,100 גרם,false,1,24.90,4.26,true,1,
7613037811629,false,גו פרי קורנפלקס 500 גרם,סי. פי. אנגליה,GB,גו פרי קורנפלקס,גרמים,500.00,100 גרם,false,1,9.90,1.98,true,1,
7613038268262,false,האני נאט צ'יריוס 410 גרם,סי. פי. צרפת,FR,האני נאט צ'יריוס,גרמים,410.00,100 גרם,false,1,19.90,4.85,true,1,
7613038451954,false,קראנץ שוקו.פחות סוכר410ג,סי. פי. צרפת,FR,קראנץ שוקולד,גרמים,410.00,100 גרם,false,1,23.90,5.83,true,1,
7613039879382,false,גרבר תפוח עץ 190 גרם,נסטלה פולסקה אס.איי,PL,גרבר מחי תפוח עץ,גרמים,190.00,100 גרם,false,1,4.90,2.58,false,1,
7613039880807,false,גרבר תפוח גזר 190 גרם,נסטלה פולסקה אס.איי,PL,גרבר תפוח גזר,גרמים,190.00,100 גרם,false,1,4.90,2.58,false,1,
7613039881521,false,גרבר מנגו 190 גרם,נסטלה פולסקה אס.איי,PL,גרבר מנגו,גרמים,190.00,100 גרם,false,1,4.90,2.58,false,1,
7613039881965,false,גרבר גזר תפוח מנגו 190 ג,נסטלה פולסקה אס.איי,PL,גרבר גזר תפוח,גרמים,190.00,100 גרם,false,1,4.90,2.58,false,1,
7613287394323,false,מולטי צ'יריוס 600 גרם,CPU,GB,מולטי צ'יריוס,גרמים,600.00,100 גרם,false,1,19.90,3.32,true,1,
7614100548206,false,קירש דובדבנים ברגהוף 500,,IL,קירש דובדבנים בר,מיליליטרים,500.00,"100 מ""ל",false,6,139.90,27.98,true,1,
7622201808631,false,עוגיות מיני אוראו וניל67,מונדלייז,ID,עוגיות אוראו מינ,גרמים,67.00,100 גרם,false,1,4.90,7.31,true,1,
7622300315283,false,עוגיות אוראו וניל 154גרם,מונדלייז,CZ,עוגיות אוראו,גרמים,154.00,100 גרם,false,1,5.90,3.83,true,1,
7622300761363,false,עוג.מיני אוראו ט.שוקו67ג,---,ID,עוגיות מיני אורא,גרמים,67.00,100 גרם,false,0,4.90,7.31,true,1,
7638900426663,false,סוללות אנרג''זר 9V,---,CN,סוללות ADVANCED,יחידה,1.00,יחידה,false,1,19.90,19.90,true,1,
7638900426809,false,סוללות מקס C אנרגייזר2יח,---,US,סוללות מקס 2 יח,יחידה,1.00,יחידה,false,1,19.90,19.90,true,1,
7640103867013,false,שערות סבתא15גרם,,ID,שערות סבתא15גרם,גרמים,15.00,100 גרם,false,0,3.90,26.00,true,1,
7640170721157,false,מברשת שיניים ילדים יחיד,,IL,מברשת שיניים ילד,יחידה,1.00,יחידה,false,1,8.90,8.90,true,1,
7640170721232,false,מברשת שיניים רך יחיד,,IL,מברשת שיניים רך,יחידה,1.00,יחידה,false,1,9.90,9.90,true,1,
7640170721256,false,מברשת שיניים טלו מדיום ק,,IL,מברשת שיניים טלו,יחידה,1.00,יחידה,false,1,9.90,9.90,true,1,
7640170721294,false,מברשת שיניים רך במיוחד י,,IL,מברשת שיניים רך,יחידה,1.00,יחידה,false,1,9.90,9.90,true,1,
7690589856667,false,אביזרים לבית,,IL,אביזרים לבית,יחידה,1.00,יחידה,false,0,12.90,12.90,true,1,
7777555500912,false,ספוג כפפה הום ספא,,IL,ספוג כפפה הום ספ,יחידה,1.00,יחידה,false,1,6.90,6.90,true,1,
7777555500950,false,ספוג רחצה מסאז' הערץ,,IL,ספוג רחצה מסאז',יחידה,1.00,יחידה,false,1,4.90,4.90,true,1,
7777555503630,false,ספוג רחצה דג הום ספא,,IL,ספוג רחצה דג הום,יחידה,1.00,יחידה,false,1,5.90,5.90,true,1,
7777555507898,false,רביעייה ספוג ליפה הום ספ,,IL,רביעייה ספוג ליפ,יחידה,1.00,יחידה,false,1,7.90,7.90,true,1,
7777555508093,false,צמד ספוג כוכב הום ספא,,IL,צמד ספוג כוכב הו,יחידה,1.00,יחידה,false,1,6.90,6.90,true,1,
7777999910926,false,ספוג ספא גדול הום ספא,,IL,ספוג ספא גדול הו,יחידה,1.00,יחידה,false,1,6.90,6.90,true,1,
7790040423015,false,עוגיות אלפחורס 3,,,עוגיות אלפחורס 3,יחידה,1.00,יחידה,false,0,19.90,19.90,true,1,
7790580315955,false,סוכריות חמאה,,AR,סוכריות חמאה,גרמים,483.00,100 גרם,false,0,14.90,3.08,true,1,
7790580315979,false,סוכריות ממולאות,,IL,סוכריות ממולאות,גרמים,470.00,100 גרם,false,0,14.90,3.17,true,1,
7790580315993,false,טופי חלב קרם שוקולד 483ג,,IL,טופי חלב,גרמים,483.00,100 גרם,false,0,15.90,3.29,true,1,
7790580328511,false,טופי חלב בטעם קפה 483גרם,,IL,טופי חלב טעם קפה,גרמים,483.00,100 גרם,false,0,15.90,3.29,true,1,
7790580416126,false,סוכריות ממולאות 470 גרם,,IL,סוכריות ממולאות,יחידה,1.00,יחידה,false,1,14.90,14.90,true,1,
7798164800019,false,אוכמניות,,IL,אוכמניות,יחידה,1.00,יחידה,false,0,22.90,22.90,true,1,
7900250001006,false,אביזרים לבית,,IL,אביזרים לבית,יחידה,1.00,יחידה,false,0,15.90,15.90,true,1,
7900250001013,false,אביזרים לבית,,IL,אביזרים לבית,יחידה,1.00,יחידה,false,0,19.90,19.90,true,1,
7920008867616,false,טארטלטים מיני קינוחים למ,,IL,טארטלטים מיני קי,יחידה,1.00,יחידה,false,1,18.90,18.90,true,1,
8000380192243,false,וופל אגוז לוזי מקסי200גר,א. לואקר,AT,וופל אגוז לואקר,גרמים,200.00,100 גרם,false,1,11.90,5.95,true,1,
8000380192250,false,וופל  שוקולד מקסי 200גרם,א. לואקר,AT,וופל שוקולד,גרמים,200.00,100 גרם,false,1,11.90,5.95,true,1,
8000392000215,false,"ספוג הפלא כשל""פ",,IL,"ספוג הפלא כשל""פ",יחידה,1.00,יחידה,false,0,2.90,2.90,true,1,
8000392703406,false,מטלית מיקרופייבר עבה יח',,IL,מטלית מיקרופייבר,יחידה,1.00,יחידה,false,0,7.90,7.90,true,1,
8000798026307,false,"מטאטא כביש מפלסטיק 30ס""מ",מ.א,TR,מטאטא כביש,יחידה,1.00,יחידה,false,0,14.90,14.90,true,1,
8001090016003,false,פיירי טבליות הכל ב1 84יח,פרוקטר אנד גמבל,BE,פיירי טבליות,יחידה,1.00,יחידה,false,1,44.90,44.90,true,1,
8001090156839,false,86פמפרס בייבי דריי 4 ענק,---,TR,פמפרס אריזת ענק,יחידה,1.00,יחידה,false,1,67.90,67.90,true,1,
8001090184375,false,פיירי לכלים אוריגינל900מ,פרוקטר אנד גמבל,GB,פיירי לכלים,מיליליטרים,900.00,"100 מ""ל",false,1,10.90,1.21,true,1,
8001090184412,false,פיירי לכלים לימון 900 מל,פרוקטר אנד גמבל,GB,פיירי לכלים,מיליליטרים,900.00,"100 מ""ל",false,1,10.90,1.21,true,1,
8001090206855,false,"לנור מרכך כחול 930 מ""ל",פרוקטר אנד גמבל,IL,לנור מרכך כחול,מיליליטרים,930.00,"100 מ""ל",false,1,9.90,1.06,true,1,
8001090268679,false,100פמפרס ב.דריי 3 א.ענק,---,TR,פמפרס אריזת ענק,יחידה,1.00,יחידה,false,1,67.90,67.90,true,1,
8001090336354,false,46פמפרס בייבי דריי שלב2,פרוקטר אנד גמבל,DE,פמפרס בייבי,יחידה,1.00,יחידה,false,1,29.90,29.90,true,1,
8001090368553,false,פמפרס ב. דריי 6 א.ענק,---,TR,פמפרס אריזת ענק,יחידה,1.00,יחידה,false,1,67.90,67.90,true,1,
8001090458353,false,פיירי אנטי בקטריאלי 515,פרוקטר אנד גמבל,GB,פיירי א.בקטריאלי,מיליליטרים,515.00,"100 מ""ל",false,1,8.90,1.73,true,1,
8001090721099,false,קפסולות כביסה אריאל 27יח,פרוקטר אנד גמבל,FR,קפסולות גל כביסה,יחידה,1.00,יחידה,false,1,29.90,29.90,true,1,
8001090832450,false,"שמפו פנטן קלאסי 660 מ""ל",פרוקטר & גמבל,RO,שמפו פנטן,מיליליטרים,660.00,"100 מ""ל",false,1,18.90,2.86,true,1,
8001090832535,false,"פנטן שמפו משקם 660 מ""ל",פרוקטר אנד גמבל,RO,שמפו פנטן,מיליליטרים,660.00,"100 מ""ל",false,1,18.90,2.86,true,1,
8001090832573,false,שמפו פנטן לחות מוגברת660,פרוקטר אנד גמבל,RO,שמפו פנטן,מיליליטרים,660.00,"100 מ""ל",false,1,18.90,2.86,true,1,
8001090832610,false,"שמפו פנטן מגע משי 660מ""ל",פרוקטר אנד גמבל,RO,שמפו פנטן,מיליליטרים,660.00,"100 מ""ל",false,1,18.90,2.86,true,1,
8001090832696,false,פנטן שמפו לתלתלים 660 מל,פרוקטר אנד גמבל,RO,שמפו פנטן,מיליליטרים,660.00,"100 מ""ל",false,1,18.90,2.86,true,1,
8001090832771,false,פנטן שמפו הזנה קרטין660מ,פרוקטר אנד גמבל,RO,שמפו פנטן,מיליליטרים,660.00,"100 מ""ל",false,1,18.90,2.86,true,1,
8001090832856,false,"פנטן מרכך משקם 660 מ""ל",פרוקטר אנד גמבל,RO,מרכך פנטן,מיליליטרים,660.00,"100 מ""ל",false,1,18.90,2.86,true,1,
8001090832894,false,מרכך פנטן לחות מוגברת660,פרוקטר אנד גמבל,RO,מרכך פנטן,מיליליטרים,660.00,"100 מ""ל",false,1,18.90,2.86,true,1,
8001090832931,false,"מרכך פנטן מגע משי660 מ""ל",פרוקטר אנד גמבל,RO,מרכך פנטן,מיליליטרים,660.00,"100 מ""ל",false,1,18.90,2.86,true,1,
8001090833136,false,אריאל ג'ל בייבי 2.255ל,פרוקטור אנד גמבל,FR,ג'ל כביסה בייבי,ליטרים,2.25,ליטר,false,1,28.90,12.84,true,1,
8001090833167,false,אריאל ג'ל נ.הרים 2.365לי,פרוקטור אנד גמבל,FR,אריאל ג'ל כביסה,ליטרים,2.37,ליטר,false,1,28.90,12.19,true,1,
8001090833228,false,אריאל ג'ל נ.קולור 2.365ל,פרוקטור אנד גמבל,FR,אריאל ג'ל כביסה,ליטרים,2.37,ליטר,false,1,28.90,12.19,true,1,
8001841053684,false,12תחב.אולוויז עבה לונג+,פרוקטר אנד גמבל )ראה קוד,UA,תחבושות אולוויז,יחידה,1.00,יחידה,false,1,10.90,10.90,true,1,
8001841053806,false,9תחבוש.אולוויז עבות לילה,פרוקטר אנד גמבל,DE,תחבושות אולוויז,יחידה,1.00,יחידה,false,1,10.90,10.90,true,1,
8001841104614,false,26פמפרס פרימיום שלב 1,פרוקטר אנד גמבל,US,פמפרס פרימיום אר,יחידה,1.00,יחידה,false,1,21.90,21.90,true,1,
8001841291086,false,"אריאל 5 ק""ג",,IL,"אריאל 5 ק""ג",גרמים,5000.00,100 גרם,false,1,39.90,0.80,true,1,
8001841376080,false,"לנור מרכך 930 מ""ל",פרוקטר אנד גמבל,IL,לנור מרכך,יחידה,1.00,יחידה,false,1,9.90,9.90,true,1,
8001841410524,false,שמפו הד&שולדרס קוקוס600מ,פרוקטר אנד גמבל,RO,שמפו הד&שולדרס,מיליליטרים,600.00,"100 מ""ל",false,1,22.90,3.82,true,1,
8001841669465,false,קפסולות אריאל ניחוח לנור,פרוקטר אנד גמבל,FR,קפסולות גל כביסה,יחידה,1.00,יחידה,false,1,29.90,29.90,true,1,
8001841715957,false,שולדרס ג'ל רחצה ושמפו360,S BLOIS GAMBLE & PROCTER,FR,שולדרס ג'ל רחצה,מיליליטרים,360.00,"100 מ""ל",false,1,16.90,4.69,true,1,
8001841716435,false,שולדרס ג'ל רחצה ושמפו360,S BLOIS GAMBLE & PROCTER,FR,שולדרס ג'ל רחצה,מיליליטרים,360.00,"100 מ""ל",false,1,16.90,4.69,true,1,
8003440997857,false,מסטיק פיורפרש מנטה 200גר,---,TR,מסטיק מנטוס,גרמים,200.00,100 גרם,false,1,22.00,11.00,true,1,
8003440997871,false,מסטיק פיורפרש תות 200גרם,---,TR,מסטיק מנטוס,גרמים,200.00,100 גרם,false,1,22.00,11.00,true,1,
8004030022010,false,ירקות גינה עם טונה160גרם,"בולטון אלימנטרי בע""\מ",IT,ירקות עם טונה,גרמים,160.00,100 גרם,false,1,11.90,7.44,true,1,
8004030102033,false,טונה ריו שמן זית+לימ80*3,---,IT,טונה ריו מרה 3יח,גרמים,240.00,100 גרם,false,1,24.90,10.38,true,1,
8005200256587,false,נסטי בטעם אפרסק 1.5 ליטר,מפעל סאנפלגרינו S.P.A,IT,נסטי בטעם אפר,ליטרים,1.50,ליטר,false,0,7.90,5.27,true,1,
8005200286584,false,נסטי מנגו אננס 1.5 ליטר,מפעל סאנפלגרינו S.P.A,IT,נסטי מנגו אננ,ליטרים,1.50,ליטר,false,0,7.90,5.27,true,1,
8005200316588,false,נסטי דיאט טעם אפרסק 1.5ל,מפעל סאנפלגרינו s.p.a,IT,נסטי דיאט אפר,ליטרים,1.50,ליטר,false,0,7.90,5.27,true,1,
8005200486526,false,"נסטי בטעם אפרסק 500 מ""ל",סן-פלגרינו,IT,נסטי בטעם אפרסק,מיליליטרים,500.00,"100 מ""ל",false,0,4.80,0.96,true,1,
8005803010357,false,גריסיני קלאסי 125 גרם,הוסטה איטליה,IT,גריסיני קלאסי,גרמים,125.00,100 גרם,false,1,8.90,7.12,true,1,
8005803010371,false,גריסיני רוזמרין 125 גרם,הוסטה איטליה,IT,גריסיני רוזמרין,גרמים,125.00,100 גרם,false,1,8.90,7.12,true,1,
8005803010586,false,גריסיני בטעם פיצה 125 גר,"הוסטה איטליה, ס.ר.ל.",IT,גריסיני טעם פיצה,גרמים,125.00,100 גרם,false,1,8.90,7.12,true,1,
8005803010661,false,גריסיני שומשום 125 גרם,"הוסטה איטליה, ס.ר.ל.",IT,גריסיני שומשום,גרמים,125.00,100 גרם,false,1,8.90,7.12,true,1,
8013656001330,false,דלי משפך איכותי אובלי,,IL,דלי משפך איכותי,יחידה,1.00,יחידה,false,1,15.90,15.90,true,1,
8076800195057,false,ספגטי מס' 5 ברילה500גר,ברילה גי.אי.אר פרטלי ס.פ,IT,ספגטי מס 5 ברילה,גרמים,500.00,100 גרם,false,0,6.90,1.38,true,1,
8076808060654,false,פסטה פרפלה מס65' 500 גרם,ברילה גי.אי.אר פרטלי ס.פ,IT,פסטה פרפלה ברילה,גרמים,500.00,100 גרם,false,0,6.90,1.38,true,1,
8076808150072,false,ספגטי מס' 7 500 גרם,ברילה גי.אי.אר פרטלי ס.פ,IT,ספגטי ברילה,גרמים,500.00,100 גרם,false,0,6.90,1.38,true,1,
8435495805106,false,"ביומט פרש 5 ק""ג",סארוהאן,TR,"ביומט פרש 5 ק""ג",קילוגרמים,5.00,"ק""ג",false,1,29.90,5.98,true,1,
8595198800553,false,שליבוביץ גולד 3 שנים 700,,IL,שליבוביץ 3 שנים,מיליליטרים,700.00,"100 מ""ל",false,6,129.00,18.43,true,1,
8595198801000,false,שליבוביץ 10 שנים גולד 70,,IL,שליבוביץ 10 שנים,מיליליטרים,700.00,"100 מ""ל",false,1,189.00,27.00,true,1,
8680861069013,false,מסטיק ריבועים 45 גרם,רומגה אינדוסטרי,TR,מסטיק ריבועים,גרמים,45.00,100 גרם,false,1,1.00,2.22,true,1,
8683130025574,false,"מרכך בדין לבנדר960 מ""ל",יבוא ושיווק: יוניליוור י,TR,מרכך בדין לבנדר,מיליליטרים,960.00,"100 מ""ל",false,1,14.90,1.55,true,1,
8683130025581,false,"מרכך בדין ענבר 960 מ""ל",יבוא ושיווק: יוניליוור י,TR,מרכך בדין אקסטרה,מיליליטרים,960.00,"100 מ""ל",false,1,14.90,1.55,true,1,
8690511002581,false,שמפו HAIR מועשר בארגן750,,IL,שמפו HAIR מועשר,מיליליטרים,750.00,"100 מ""ל",false,1,5.90,0.79,true,1,
8690511002598,false,מרכך HAIR מועשר בארגן725,,IL,מרכך HAIR מועשר,מיליליטרים,725.00,"100 מ""ל",false,1,5.90,0.81,true,1,
8690511405948,false,שמפו HAIR לשיער רגיל 750,,IL,שמפו HAIR לשיער,מיליליטרים,750.00,"100 מ""ל",false,1,5.90,0.79,true,1,
8690511405962,false,שמפו HAIR לשיער יבש 750,,IL,שמפו HAIR לשיער,מיליליטרים,750.00,"100 מ""ל",false,1,5.90,0.79,true,1,
8690511405986,false,שמפו HAIR נגד קשקשים 750,,IL,שמפו HAIR נגד קש,מיליליטרים,750.00,"100 מ""ל",false,1,5.90,0.79,true,1,
8690511406006,false,"שמפו  2 בHAIR 1 750 מ""ל",,IL,שמפו  2 בHAIR 1,מיליליטרים,750.00,"100 מ""ל",false,1,5.90,0.79,true,1,
8690511406020,false,שמפו HAIR לשיער שמן 750,,IL,שמפו HAIR לשיער,מיליליטרים,750.00,"100 מ""ל",false,1,5.90,0.79,true,1,
8690511407744,false,מרכך HAIR לכל סוגי השיער,,IL,מרכך HAIR לכל סו,מיליליטרים,750.00,"100 מ""ל",false,1,5.90,0.79,true,1,
8690572778326,false,דאו.ספריי פה כותנה 200 מ,הנקל סוד,TR,דאודורנט פה,מיליליטרים,200.00,"100 מ""ל",false,1,8.90,4.45,true,1,
8690572783931,false,דאו.ספריי פה איביזיבל200,הנקל סוד,TR,דאודורנט פה,מיליליטרים,200.00,"100 מ""ל",false,1,8.90,4.45,true,1,
8690586007429,false,דאודורנט קולר BL,,,דאודורנט קולר BL,יחידה,1.00,יחידה,false,0,4.90,4.90,true,1,
8690627121206,false,קפה טורקי מהמט אפנדי,,IL,קפה טורקי מהמט א,גרמים,100.00,100 גרם,false,1,8.90,8.90,true,1,
8690637505614,false,מרכך בדין קוקוס960,יוניליוור סנאיי וי טיקאר,TR,מרכך כביסה בדין,מיליליטרים,960.00,"100 מ""ל",false,1,14.90,1.55,true,1,
8690637555084,false,בדין אקסטרא פריחת התפוז,יוניליוור סנאיי וי טיקאר,TR,מרכך בדין אקסטרא,מיליליטרים,960.00,"100 מ""ל",false,0,14.90,1.55,true,1,
8690637704291,false,"דאב שמפו משקם 600 מ""ל",יוניליוור,TR,דאב שמפו משקם,מיליליטרים,600.00,"100 מ""ל",false,0,12.90,2.15,true,1,
8690637704376,false,"דאב שמפו יום יומי 600מ""ל",יוניליוור סנאיי וי טיקאר,TR,שמפו דאב,מיליליטרים,600.00,"100 מ""ל",false,0,12.90,2.15,true,1,
8690637704390,false,"דאב מרכך יום יומי 600מ""ל",יוניליוור,TR,דאב מרכך שיער,מיליליטרים,600.00,"100 מ""ל",false,0,12.90,2.15,true,1,
8690637704413,false,"דאב מרכך משקם 600 מ""ל",יוניליוור,TR,דאב מרכך משקם,מיליליטרים,600.00,"100 מ""ל",false,0,12.90,2.15,true,1,
8690637704437,false,דאב שמפו שמני הזנה 600 מ,יוניליוור סנאיי וי טיקאר,TR,שמפו דאב,מיליליטרים,600.00,"100 מ""ל",false,0,12.90,2.15,true,1,
8690637704451,false,דאב מרכך שמני הזנה 600 מ,יוניליוור,TR,דאב מרכך,מיליליטרים,600.00,"100 מ""ל",false,0,12.90,2.15,true,1,
8690637835643,false,תה ירוק לימונית לואיז20ש,---,TR,תה ירוק ליפטון,גרמים,30.00,100 גרם,false,1,13.90,46.33,true,1,
8690637858734,false,סיף ג'ל אקונומ.לימון750מ,יוניליוור,TR,סיף ג'ל לימון,מיליליטרים,750.00,"100 מ""ל",false,1,8.90,1.19,true,1,
8690637858741,false,סיף ג'ל אקונומ.רוח ים750,יוניליוור,TR,סיף ג'ל רוח ים,מיליליטרים,750.00,"100 מ""ל",false,1,8.90,1.19,true,1,
8690637916991,false,דאב מרכך שמן אבוקדו 600,יוניליוור,TR,מרכך שיער דאב,מיליליטרים,600.00,"100 מ""ל",false,1,12.90,2.15,true,1,
8690637946301,false,בדין אקסטרא בייבי 960 מל,יוניליוור סנאיי וי טיקאר,TR,בדין מרכך בייבי,מיליליטרים,960.00,"100 מ""ל",false,1,14.90,1.55,true,1,
8690637946318,false,בדין אקסטרא בייבי טלק960,יוניליוור סנאיי וי טיקאר,TR,מרכך בדין בייבי,מיליליטרים,960.00,"100 מ""ל",false,1,14.90,1.55,true,1,
8690637971310,false,בדין מרכך יערת הדבש960מל,יוניליוור סנאיי וי טיקאר,TR,בדין מרכך אקסטרה,מיליליטרים,960.00,"100 מ""ל",false,1,14.90,1.55,true,1,
8690637976995,false,בדין ורוד סחלבים960מל,יוניליוור סנאיי וי טיקאר,TR,בדין אקסטרה ורוד,מיליליטרים,960.00,"100 מ""ל",false,1,14.90,1.55,true,1,
8690637994029,false,בדין מרכך ורוד 1.44ל,יוניליוור סנאיי וי טיקאר,TR,מרכך כביסה מרוכז,ליטרים,1.44,ליטר,false,1,16.90,11.74,true,1,
8690770322079,false,שמרים יבשים 450 גרם,הנמל,TR,שמרים יבשים,גרמים,450.00,100 גרם,false,0,9.90,2.20,true,1,
8690770322598,false,שמרים יבשים 125 גרם,הנמל,TR,שמרים יבשים,גרמים,125.00,100 גרם,false,0,3.90,3.12,true,1,
8690777203012,false,פלפל ירוק כבוש,,TR,פלפל ירוק כבוש,גרמים,600.00,100 גרם,false,0,11.90,1.98,true,1,
8692440001086,false,כוסות פלסטיק ש.קרה100 יח,שניב,IL,כוסות פלסטיק100י,יחידה,1.00,יחידה,false,1,6.50,6.50,true,1,
8693029032064,false,ממתק מקל חמוץ בטעם תות,,IL,ממתק מקל חמוץ טע,גרמים,25.00,100 גרם,false,1,1.50,6.00,true,1,
8693029032071,false,ממתק מקל חמוץ בטעם אוכמנ,,IL,ממתק מקל חמוץ טע,גרמים,25.00,100 גרם,false,1,1.50,6.00,true,1,
8693029032088,false,ממתק מקל חמוץ טעם קולה,,IL,ממתק מקל חמוץ טע,גרמים,25.00,100 גרם,false,1,1.50,6.00,true,1,
8693029032095,false,ממתק מקל חמוץ בטעם אבטיח,,IL,ממתק מקל חמוץ טע,גרמים,25.00,100 גרם,false,1,1.50,6.00,true,1,
8693029032132,false,ליקריץ אוכמניות,,,ליקריץ אוכמניות,יחידה,1.00,יחידה,false,0,19.90,19.90,true,1,
8693029032149,false,ליקריץ חתוך אבטי,,,ליקריץ חתוך אבטי,יחידה,1.00,יחידה,false,0,19.90,19.90,true,1,
8693029032156,false,ליקריץ חתוך תות רובין,,IL,ליקריץ חתוך תות,גרמים,500.00,100 גרם,false,1,19.90,3.98,true,1,
8693029034310,false,ליקריץ קוביות תות רובין,,IL,ליקריץ קוביות תו,גרמים,500.00,100 גרם,false,1,19.90,3.98,true,1,
8693029034327,false,ליקריץ קוביות אבטיח רובי,,IL,ליקריץ קוביות אב,גרמים,500.00,100 גרם,false,1,19.90,3.98,true,1,
8693029034334,false,ליקריץ קוביות קולה רובין,,IL,ליקריץ קובי קולה,גרמים,500.00,100 גרם,false,1,19.90,3.98,true,1,
8693029034341,false,ליקריץ קוביות פירות מסוכ,,IL,ליקריץ פירות מסו,גרמים,500.00,100 גרם,false,1,19.90,3.98,true,1,
8693029034372,false,ליקריץ קוביות פטל,,IL,ליקריץ קוביות פט,גרמים,500.00,100 גרם,false,1,19.90,3.98,true,1,
8693029034495,false,ליקריץ ספגטי תות מסוכר 1,,IL,ליקריץ ספגטי תות,יחידה,1.00,יחידה,false,1,29.90,29.90,true,1,
8693029034501,false,ליקריץ ספגטי צבעוני מסוכ,,IL,ליקריץ ספגטי צבע,יחידה,1.00,יחידה,false,1,29.90,29.90,true,1,
8693029611689,false,ליקריץ חתוך שחור ממולא ר,,IL,ליקריץ חתוך שחור,יחידה,1.00,יחידה,false,1,19.90,19.90,true,1,
8695092832107,false,דאודורנט,,,דאודורנט,יחידה,1.00,יחידה,false,0,14.90,14.90,true,1,
8695092832916,false,דאודורנט,,,דאודורנט,יחידה,1.00,יחידה,false,0,14.90,14.90,true,1,
8695092832930,false,דאודורנט,,,דאודורנט,יחידה,1.00,יחידה,false,0,14.90,14.90,true,1,
8695092832947,false,דאודורנט,,,דאודורנט,יחידה,1.00,יחידה,false,0,14.90,14.90,true,1,
8695092832954,false,דאודורנט,,,דאודורנט,יחידה,1.00,יחידה,false,0,14.90,14.90,true,1,
8695092832978,false,דאודורנט,,,דאודורנט,יחידה,1.00,יחידה,false,0,14.90,14.90,true,1,
8695092832985,false,דאודורנט,,,דאודורנט,יחידה,1.00,יחידה,false,0,14.90,14.90,true,1,
8695092832992,false,דאודורנט,,,דאודורנט,יחידה,1.00,יחידה,false,0,14.90,14.90,true,1,
8695092833227,false,דאודורנט דודו,,IL,דאודורנט,יחידה,1.00,יחידה,false,1,14.90,14.90,true,1,
8695092833234,false,דאודורנט דודו,,IL,דאודורנט,יחידה,1.00,יחידה,false,1,14.90,14.90,true,1,
8695092833241,false,דאודורנט דודו,,IL,דאודורנט,יחידה,1.00,יחידה,false,1,14.90,14.90,true,1,
8697404115458,false,קופסה עגולה מחולקת תהילה,,IL,קופסה עגולה מחול,יחידה,1.00,יחידה,false,1,5.90,5.90,true,1,
8699273551665,false,"צלחת 7 ""ווינדמיל",,,"צלחת 7 ""ווינדמיל",יחידה,1.00,יחידה,false,0,12.90,12.90,true,1,
8699273551672,false,"צלחת 9 ""ווינדמיל",,,"צלחת 9 ""ווינדמיל",יחידה,1.00,יחידה,false,0,19.90,19.90,true,1,
8699273551689,false,"צלחת 10 ""ווינדמי",,,"צלחת 10 ""ווינדמי",יחידה,1.00,יחידה,false,0,23.90,23.90,true,1,
8699905720018,false,טופי איחולים רובין,,IL,טופי איחולים,יחידה,1.00,יחידה,false,1,14.90,14.90,true,1,
8699905720025,false,סוכריות קשות בטעם פירות,,IL,סוכריות קשות בטע,יחידה,1.00,יחידה,false,1,17.90,17.90,true,1,
8699905720032,false,סוכריות קשות בטעם ליקריץ,,IL,סוכריות קשות בטע,יחידה,1.00,יחידה,false,1,17.90,17.90,true,1,
8699905720049,false,סוכריות קשות בטעם מנטה ר,,IL,סוכריות קשות בטע,יחידה,1.00,יחידה,false,1,17.90,17.90,true,1,
8699905720698,false,פרוט אקסטרים פיר,,,פרוט אקסטרים פיר,יחידה,1.00,יחידה,false,0,9.90,9.90,true,1,
8699905720704,false,פרוט אקסטרים פיר,,,פרוט אקסטרים פיר,יחידה,1.00,יחידה,false,0,9.90,9.90,true,1,
8710428005755,false,סימילאק צמחי שלב 1 400 ג,ABBOT,NL,סימילאק צמחי,גרמים,400.00,100 גרם,false,0,39.90,9.98,true,1,
8710428005762,false,סימילאק צמחי שלב2 400 גר,ABBOT,NL,סימילאק  צמחי,גרמים,400.00,100 גרם,false,0,39.90,9.98,true,1,
8710447275306,false,דאב ק.ידיים שמן אבוקדו75,"יוניליוור פולין, רחוב קר",PL,קרם ידיים דאב,מיליליטרים,75.00,"100 מ""ל",false,1,9.90,13.20,true,1,
8710447484258,false,דאודורנט ספריי אקס 150 מ,יוניליוור אנגליה,IL,דאודורנט ספריי א,יחידה,1.00,יחידה,false,1,8.90,8.90,true,1,
8710502194825,false,עוג.שוקוציפס מהדרין 150ג,מרבה,NL,עוגיות שוקוצ'יפס,גרמים,150.00,100 גרם,false,1,4.90,3.27,true,1,
8710679158385,false,צ'יפס הולנדי,,,צ'יפס הולנדי,יחידה,1.00,יחידה,false,0,32.90,32.90,true,1,
8710908326691,false,דאב תחליב רח.אדמונית750,יוניליוור,DE,תחליב רחצה דאב,מיליליטרים,750.00,"100 מ""ל",false,1,15.90,2.12,true,1,
8711000397466,false,קפסולות לור נטול קופאין9,ג'ייקובס דאו אגברטס צרפת,FR,קפסולות לור,גרמים,52.00,100 גרם,false,1,19.90,38.27,true,1,
8712561631570,false,תח.רחצה דאב חלב קוקוס750,יוניליוור,DE,תחליב רחצה דאב,מיליליטרים,750.00,"100 מ""ל",false,1,15.90,2.12,true,1,
8714789529561,false,קולגייט פרו ריליף+הלבנ75,קולגייט פלמוליב,BR,משחת קולגייט,מיליליטרים,75.00,"100 מ""ל",false,0,21.90,29.20,true,1,
8715700419732,false,מתבל עגבניות היינץ700גרם,היינץ,NL,מתבל עגבניות,גרמים,700.00,100 גרם,false,0,9.90,1.41,true,1,
8715700423906,false,מתבל עגב.מופ.סוכר/מלח550,היינץ,NL,מתבל עגבניות,גרמים,555.00,100 גרם,false,1,9.90,1.78,true,1,
8717163640821,false,דאו ספריי שוקולד לגבר 15,,IL,דאו ספריי שוקולד,מיליליטרים,150.00,"100 מ""ל",false,1,8.90,5.93,true,1,
8717163647226,false,דאו ספריי גוף בלאק 150 מ,יוניליוור אנגליה,TR,אקס ספריי,מיליליטרים,150.00,"100 מ""ל",false,1,9.90,6.60,true,1,
8717163655764,false,דאו.רקסונה שאוור פרש 150,"קוסטר אירוסול, גבזה 4140",TR,דאודורנט רקסונה,מיליליטרים,150.00,"100 מ""ל",false,1,9.90,6.60,true,1,
8717163655825,false,דאודורנט רקסונה כותנה150,"קוסטר אירוסול, גבזה 4140",TR,דאודורנט רקסונה,מיליליטרים,150.00,"100 מ""ל",false,1,9.90,6.60,true,1,
8717163705988,false,"דאו.רקסונה אלוורה 150מ""ל",יוניליוור,GB,דאו.רקסונה ספריי,מיליליטרים,150.00,"100 מ""ל",false,1,9.90,6.60,true,1,
8717163714850,false,דאו.דאב ספריי קוקוס 150מ,"קוסטר אירוסול, גבזה 4140",TR,דאודורנט דאב,מיליליטרים,150.00,"100 מ""ל",false,1,9.90,6.60,true,1,
8718951030206,false,משחת קולגייט סנסטיב 75 מ,קולגייט פלמוליב,PL,משחת קולגייט,מיליליטרים,75.00,"100 מ""ל",false,1,16.90,22.53,true,1,
8718951147737,false,ליידי ספיד סטיק 24/7 ג'ל,,IL,ליידי ספיד סטיק,גרמים,65.00,100 גרם,false,1,11.90,18.31,true,1,
8718951315303,false,משחת קולגייט אדום 100*2מ,---,PL,משחת קולגייט 2יח,מיליליטרים,200.00,"100 מ""ל",false,1,16.90,8.45,true,1,
8718951385290,false,אג'קס 7פעולות 2ליטר,קולגייט פלמוליב,GR,אג'קס ניקוי כללי,ליטרים,2.00,ליטר,false,1,17.90,8.95,true,1,
8719200998001,false,"מרגרינה בלובנד ללת""מ200ג",יוניליוור ישראל מזון בע\,IL,מרגרינה בלובנד,גרמים,200.00,100 גרם,false,1,4.20,2.10,true,1,
8719200998018,false,מרגרינה בטעם חמאה200גרם,"מיוצר ע""\י יוניליוור ישר",IL,מחמאה מרגרינה,גרמים,200.00,100 גרם,false,1,4.20,2.10,true,1,
8719200998032,false,מזולה בטעם חמאה 250 גרם,"מיוצר ע""\י יוניליוור ישר",IL,מזולה טעם חמאה,גרמים,250.00,100 גרם,false,1,6.90,2.76,true,1,
8719200998094,false,"מזולה לאפייה ללת""מ 200 ג","מיוצר ע""\י יוניליוור ישר",IL,מזולה לאפייה,גרמים,200.00,100 גרם,false,1,4.90,2.45,true,1,
8720181046605,false,דאו.דאב ספריי אורגינל150,"קוסטר אירוסול, גבזה 4140",TR,דאודורנט דאב,מיליליטרים,150.00,"100 מ""ל",false,1,9.90,6.60,true,1,
8720181114458,false,דאו ספריי לגבר בית הצעצו,,IL,דאו ספריי לגבר,יחידה,1.00,יחידה,false,1,9.90,9.90,true,1,
8720181114465,false,דאו ספריי לגבר,,IL,דאו ספריי לגבר,מיליליטרים,150.00,"100 מ""ל",false,1,9.90,6.60,true,1,
8801055707966,false,טסטרס צ'וייס בריסטה180ג,לוטה נסטלה קוריאה,KR,טסטרס צ'וייס,גרמים,180.00,100 גרם,false,1,34.90,19.39,true,1,
8801055709427,false,טסטרס צ'וייס אלטה100גרם,לוטה נסטלה קוריאה,KR,קפה טסטרס צ'ויס,גרמים,100.00,100 גרם,false,1,19.90,19.90,true,1,
8850389105825,false,סאפה אלוורה טעם ענבים 1ל,סאפה פובליק קומפני לימיט,TH,סאפה ענבים,ליטרים,1.00,ליטר,false,0,11.90,11.90,true,1,
8850389105832,false,סאפה אלוורה ט.תפוחים 1ל,סאפה פובליק קומפני לימיט,TH,סאפה תפוחים,ליטרים,1.00,ליטר,false,0,11.90,11.90,true,1,
8850389105849,false,סאפה אלוורה טעם אפרסק 1ל,סאפה פובליק קומפני לימיט,TH,סאפה אפרסק,ליטרים,1.00,ליטר,false,0,11.90,11.90,true,1,
8850389115336,false,משקה אלוורה מלון 1 ליטר,סאפה פובליק קומפני לימיט,TH,משקה אלוורה,ליטרים,1.00,ליטר,false,1,11.90,11.90,true,1,
8888021200256,false,שמינית סוללות AA,אנרג'ייזר,SG,שמינית סוללות,יחידה,1.00,יחידה,false,0,19.90,19.90,true,1,
8888021200720,false,שמינית סוללות AAA,אנרג'ייזר,SG,8 סוללות AAA,יחידה,1.00,יחידה,false,0,19.90,19.90,true,1,
8906006432383,false,משחת נעליים קיוי,,IL,משחת נעליים קיוי,מיליליטרים,75.00,"100 מ""ל",false,0,9.90,13.20,true,1,
8906006432468,false,משחת נעלים קיווי,,IL,משחת נעלים קיווי,מיליליטרים,50.00,"100 מ""ל",false,0,4.90,9.80,true,1,
8906006432505,false,מבריק נעליים קיווי שחור,,IL,מבריק נעליים שחו,יחידה,1.00,יחידה,false,1,9.90,9.90,true,1,
8906006432512,false,מבריק נעליים קיווי שקוף,,IL,מבריק נעליים שקו,יחידה,1.00,יחידה,false,1,9.90,9.90,true,1,
9000101418163,false,ברף בניחוח תפוח50*3 גרם,הנקל,RS,ברף לאסלה 3 יח,גרמים,150.00,100 גרם,false,1,14.90,9.93,true,1,
9000101520965,false,ברף בניחוח לוטוס 50*3גרם,הנקל,RS,ברף לאסלה 3 יח,גרמים,150.00,100 גרם,false,1,14.90,9.93,true,1,
9028800639962,false,בירה אדלוויס חיטה 500 מל,מבשלת בראו יוניון,AT,בירה אדלויס חיטה,מיליליטרים,500.00,"100 מ""ל",false,1,10.90,2.18,true,1,
9300647000342,false,חוט דנטלי אורל בי 50 מטר,,IL,חוט דנטלי אורל ב,מטרים,50.00,מטר,false,1,7.90,0.16,true,1,
9310088007015,false,8 תחבושות דיפנד לילה,קימברלי-קלארק,CN,תחבושות  דיפנד,יחידה,1.00,יחידה,false,0,18.90,18.90,true,1,
