code,internal_code,name,manufacturer_name,manufacture_country,manufacturer_item_description,unit_qty,quantity,unit_of_measure,weighted,qty_in_package,price,unit_of_measure_price,allow_discount,status,item_id
40000371,false,עגבניות שירי שוקו,,,עגבניות שירי שוקו,יחידה,0.00,יחידה,false,,8.90,0.0000,true,1,159228
40064895,false,ניוואה רולאון אמזוניה 50,ביירסדורף,,דאודוראנט רולאון לג,יחידה,0.00,יחידה,false,,0.00,0.0000,true,1,188126
40099132,false,מסטיק הובה בובה Hubba Bubba בטעם תות,הובה בובה Hubba Bubba,,הובה בובה צאנק תות 3,יחידה,0.00,יחידה,false,,4.00,0.0000,true,1,77705
40099705,false,"מסטיק אורביט מנטה לל""ס 5יח'",ליימן מותגים,,אורביט פפרמינט סטיקס,יחידה,0.00,יחידה,false,,1.90,0.0000,true,1,71523
40144016,false,סוכריות חמאה וורטר אורגינל גליל בודד 50,קריניציה ויטמינה אס,,וורטר גליל 50 גרם,יחידה,0.00,יחידה,false,,3.50,0.0000,true,1,59777
40345123,false,סמרטיז גליל סוכריות כפתורים 38 ג',נסטלה Nestle,,סמרטיז גליל סוכריות,יחידה,0.00,יחידה,false,,3.90,0.0000,true,1,69806
42154662,false,אורביט באריזת מעטפה ספירמינט מסטיק,ריגלי צרפת,,אורביט ספירמינט 27 ג,יחידה,0.00,יחידה,false,,6.00,0.0000,true,1,52375
42174479,false,אורביט מעטפה תות 27 גרם,ריגלי צרפת,,אורביט תות מעטפה 27,יחידה,0.00,יחידה,false,,6.00,0.0000,true,1,116961
42182108,false,מסטיק פייב פפרמינט 12 סטיקס,ריגלי צרפת,,פייב מנטה סטיקס 31 ג,יחידה,0.00,יחידה,false,,7.00,0.0000,true,1,51771
42212119,false,מסטיק אורביט פרופשיויל פפרמינט מעטפה,ריגלי צרפת,,אורביט מעטפה פפרמינט,יחידה,0.00,יחידה,false,,6.00,0.0000,true,1,121556
42246640,false,"ניוואה - דאודורנט רול און לאישה פאודר טאצ' נשים 50 מ""ל",ביירסדורץ,,ניוואה רול און לאישה,יחידה,0.00,יחידה,false,,19.90,0.0000,true,1,185075
42299363,false,"ניוואה - דאודורנט רול און לגבר פרש פאוור 50 מ""ל",ביירסדורץ,,ניוואה דאודורנט רול,מיליליטרים,50.00,"100 מ""ל",false,,19.90,39.8000,true,1,172923
50158935,false,נוזל דטול חום לחיטוי,רקיט בנקיזר,,דטול נוזל חיטוי אנטי,מיליליטרים,750.00,"100 מ""ל",false,,0.00,0.0000,true,1,62219
54051157,false,מעדן סויה טעם שוקו אלפרו רביעיה 125 ג',קריות זול,,אלפרו מעדן סויה 500,גרמים,500.00,100 גרם,false,,17.20,0.0344,true,1,71718
59016441,false,"רקסונה - דאודורנט רול און לאישה פרוט ספין 50 מ""ל","יוניליוור אנגליה, דרך קו",,רקסונה דאו רול און פ,יחידה,0.00,יחידה,false,,0.00,0.0000,true,1,188894
59079774,false,"רקסונה - דאודורנט רול און לאישה אלוורה 50 מ""ל",רקסונה Rexona,,רקסונה רול און לינן,יחידה,0.00,יחידה,false,,18.00,0.0000,true,1,181938
59079798,false,"רקסונה - דאודורנט רול און לאישה אנטי פרספירנט שאוור 50 מ""ל","יוניליוור אנגליה, דרך קו",,רקסונה דאודורנט רול,יחידה,0.00,יחידה,false,,18.00,0.0000,true,1,181957
72909768,false,חטיף פסק זמן פור פלי,STRAUSS-ISRAEL,,פסק זמן פור פליי 40,יחידה,0.00,יחידה,false,,4.90,0.0000,true,1,57681
72909799,false,קליק אוקיי חטיף נוגט,תות תעשיות מזון (2014) ב,,קליק אוקיי חטיף 35 ג,יחידה,0.00,יחידה,false,,5.50,0.0000,true,1,59586
72917589,false,מקופלת חלב 25 גרם,"שטראוס גרופ בע""מ",,מקופלת 25 גרם,יחידה,0.00,יחידה,false,,4.00,0.0000,true,1,59588
72917893,false,וופל פסק זמן חלב 45 גרם,STRAUSS-ISRAEL,,פסק זמן חלב 45 גרם,יחידה,0.00,יחידה,false,,4.90,0.0000,true,1,59040
72918388,false,חטיף טויסט 28 גרם,"שטראוס גרופ בע""מ",,טוויסט 28 גרם,יחידה,0.00,יחידה,false,,4.00,0.0000,true,1,60773
72940754,false,"מילקי מעדן וניל עם קצפת שטראוס 133 מ""ל","שטראוס גרופ בע""\מ",,"מילקי וניל 137 מ""ל",מיליליטרים,137.00,"100 מ""ל",false,,2.90,2.1168,true,1,58982
72940761,false,"מילקי מעדן שוקולד עם קצפת שטראוס 133 מ""ל",מיוצר עי קונדיטוריית,,מילקי שוקולד מהדרין,מיליליטרים,170.00,"100 מ""ל",false,,2.90,1.7059,true,1,60774
72940952,false,מעדן מילקי בטעם שוקולד עם אקסטרה קצפת,"שטראוס גרופ בע""\מ",,מילקי פי 2 קצפת מהדר,מיליליטרים,110.00,"100 מ""ל",false,,3.70,3.3636,true,1,57992
72945308,false,קוביית שמרים טריים לאפיה שמרית 50 גרם,"פאקא תעשיות בע""\מ",,שמרית קוביות שמרים ל,יחידה,0.00,יחידה,false,,3.50,0.0000,true,1,59041
72961506,false,יוגורט עם תות 1.5% שומן 125 ג' פרילי,מיוצר עי קונדיטוריית,,פרילי תות גביע 125 ג,מיליליטרים,125.00,"100 מ""ל",false,,3.30,2.6400,true,1,60776
72961513,false,יוגורט פרילי משמש 1.5% שומן 125 גרם,תנובה מרכז שיתופי לש,,פרילי משמש גביע 125,מיליליטרים,125.00,"100 מ""ל",false,,3.30,2.6400,true,1,57995
72961520,false,"פרילי יוגורט עם אננס 1.5% תנובה 125 מ""ל",מיוצר עי קונדיטוריית,,פרילי אננס גביע 125,מיליליטרים,125.00,"100 מ""ל",false,,3.30,2.6400,true,1,57682
72961544,false,"באדי יוגורט בטעם תות שדה 3% תנובה 125 מ""ל",מחלבת אלון תבור,,באדי יוגרט תות גביע,גרמים,125.00,100 גרם,false,,2.90,0.0232,true,1,59042
72963746,false,"שמנת 15% שומן 200 מ""ל תנובה",תנובה חלב,,שמנת 15% 200מל,מיליליטרים,200.00,"100 מ""ל",false,,2.28,1.1400,true,1,59591
72963753,false,שמנת אורגינל של פעם 27% שומן 200 ג' תנובה,תנובה מרכז שיתופי לש,,שמנת אורגינל של פעם,מיליליטרים,200.00,"100 מ""ל",false,,4.10,2.0500,true,1,57683
72964132,false,פרילי טבע יוגורט עם גרנולה 200 גרם,מיוצר עי קונדיטוריית,,פרילי טבע 1.9% גביע,מיליליטרים,200.00,"100 מ""ל",false,,4.70,2.3500,true,1,59043
72964422,false,יוגורט פרחים 4.5% שומן 200 גרם,מחלבת תנובה,,יוגורט פרחים גביע 20,מיליליטרים,200.00,"100 מ""ל",false,,2.50,1.2500,true,1,59076
72983225,false,מעדן מילקי הפוך 11% 170מ,"שטראוס גרופ בע""\מ",,מילקי הפוך מהדרין 13,גרמים,130.00,100 גרם,false,,3.70,0.0285,true,1,57408
72986233,false,באדי מעדן וניל גביע 1.5%שומן 125 גרם בדצ,מחלבת אלון תבור,,באדי מעדן וניל גביע,מיליליטרים,125.00,"100 מ""ל",false,,2.80,2.2400,true,1,59592
72986240,false,באדי מעדן חלב בטעם שוקולד תנובה 125 גרם,מחלבת אלון תבור,,באדי מעדן שוקו גביע,מיליליטרים,125.00,"100 מ""ל",false,,2.80,2.2400,true,1,60781
72986370,false,"גלידת בן & ג'ריס פיינטים וניל 500מ""ל",מוצרי איכות אמריקאיים,,גלידת פיינטים וניל צ,יחידה,420.00,יחידה,false,,24.40,0.0581,true,1,79587
72986424,false,"גלידת בן & ג'ריס פיינטים קרם עוגיות 500מ""ל",מוצרי איכות אמריקאיים בע,,גלידת פיינטים קרם עו,יחידה,420.00,יחידה,false,,24.40,0.0581,true,1,81652
72986448,false,"גלידת בן & ג'ריס פיינטים טופי קראנץ 500מ""ל",מוצרי איכות אמריקאיים בע,,גלידה BEN JERGS,יחידה,420.00,יחידה,false,,24.40,0.0581,true,1,85901
72986455,false,"גלידה בן& ג'ריס ניו יורק סופר פאדג' צ'אנק 500 מ""ל",מוצרי איכות אמריקאיים בע,,גלידת פיינטים ניו-יו,יחידה,420.00,יחידה,false,,24.40,0.0581,true,1,80653
72986479,false,"גלידה שוקולד אגוז עם בננות בן וג'ירי 500 מ""ל",מוצרי איכות אמריקאיים בע,,גלידת פיינטים צאנקי,יחידה,420.00,יחידה,false,,24.40,0.0581,true,1,86454
72991886,false,"גלידת דולצ'ה בטעם ריבת חלב עם פאדג' בן וג'ירי 500 מ""ל",מוצרי איכות אמריקאיים בע,,גלידת בן&גריס פיינט,יחידה,750.00,יחידה,false,,24.40,0.0325,true,1,86456
72992357,false,חטיף פסק זמן ביג ביי,STRAUSS-ISRAEL,,פסק זמן ביג ביט 50 ג,יחידה,0.00,יחידה,false,,4.90,0.0000,true,1,57970
72993637,false,מעדן חלב בטעם שוקולד 125 ג' דני,"שטראוס גרופ בע""\מ",,דני מהדרין שוקו בודד,מיליליטרים,125.00,"100 מ""ל",false,,2.50,2.0000,true,1,58987
72994061,false,חטיף פסק זמן GOOD גלילית לבן 40 גרם,שולן צ'\יקולטה גידה סאן.,,פסק זמן טו גוד 36 גר,יחידה,0.00,יחידה,false,,5.00,0.0000,true,1,149140
76106071,false,"סיציליה- מיץ ליים משומר 200מ""ל",Sicilia סיציליה,,מיץ ליים משומר 200 מ,מיליליטרים,200.00,"100 מ""ל",false,,8.90,4.4500,true,1,182745
80001287,false,וופל חטיף לואקר אגוז 38 גר',ליימן מותגים,,גרדנה אגוז 38 גרם,יחידה,0.00,יחידה,false,,4.00,0.0000,true,1,57589
80001461,false,חטיף גרנדה שוקולד 38 גרם,"א. לואקר קונפקט בע""מ",,גרדנה שוקולד 38 גרם,יחידה,0.00,יחידה,false,,4.00,0.0000,true,1,57810
80001485,false,חטיף גרנדה קוקוס 38 גרם,קריניציה ויטמינה אס,,גרדנה קוקוס 38 גרם,יחידה,0.00,יחידה,false,,4.00,0.0000,true,1,59106
80001911,false,וופל גרדנה במילוי קרם אגוזי לוז ובציפוי שוקולד לבן,ליימן מותגים,,גרדנה שוקולד לבן במי,יחידה,0.00,יחידה,false,,4.00,0.0000,true,1,137822
80050025,false,סוכריות טיק טק תפוז 16 גרם,פררו - אלבה,,טיק טק תפוז 16 גרם,יחידה,0.00,יחידה,false,,3.50,0.0000,true,1,74792
80050124,false,סוכריות טיק טק מנטה 16 גרם,פררו - אלבה,,סוכריות טיק טק 16 גר,יחידה,0.00,יחידה,false,,3.50,0.0000,true,1,77002
80052760,false,קינדר בואנו Kinder Bueno עם חלב ואגוזי לוז,פררו - אלבה,,בואנו חטיף,יחידה,0.00,יחידה,false,,4.20,0.0000,true,1,74804
80136194,false,חטיפי הפי היפו Happy Hippo במילוי קרם חלבי ואגוזי לוז,קינדר Kinder,,קינדר הפי היפו אגוזי,יחידה,0.00,יחידה,false,,13.00,0.0000,true,1,151167
80177173,false,ממרח שוקולד נוטלה 350 גרם,פררו - אלבה,,ממרח שוקולד נוטלה 35,גרמים,350.00,100 גרם,false,,13.90,0.0397,true,1,57915
80177616,false,אצבעות שוקולד קינדר Kinder שמונה יחידות,פררו - אלבה,,קינדר 100 גרם,גרמים,100.00,100 גרם,false,,7.90,0.0790,true,1,57608
80761761,false,קינדר בואנו לבן בודד 39 גרם,ליימן שליסל,,קינדר בואנו לבן 39 ג,יחידה,0.00,יחידה,false,,4.20,0.0000,true,1,74846
80762362,false,מנטוס גומי לעיסה ללא סוכר בטעם מנטה-אקליפטוס,פרפטי ואן מלה,,מסטיק מנטוס וויט בטע,יחידה,0.00,יחידה,false,,9.90,0.0000,true,1,141558
80768838,false,מסטיק מנטוס וויט ביג פירות ומנטה 105 ג',פרפטי ואן מלה,,מנטוס וויט ביג פירות,גרמים,105.00,100 גרם,false,,16.90,0.1610,true,1,139428
80769545,false,מסטיק מנטוס פיור פרש בבקבוק בינוני בטעם לימון 60 ג',"פרפטי ואן מלה ג'ידה,סאן",,מסטיק מנטוס פיור פרש,יחידה,0.00,יחידה,false,,9.90,0.0000,true,1,157050
80769699,false,מסטיק מנטוס וייט פירות-מנטה 60 גרם,הדקלאים אגודת שיתופי,,מנטוס וויט מסטיק בטע,יחידה,0.00,יחידה,false,,9.90,0.0000,true,1,104204
80773429,false,מנטוס בקבוק מעוגל - מסטיק ללא סוכר בטעם תות 60 גרם,"פרפטי ואן מלה ג'\ידה,סאן",,מנטוס פיור פרש בקבוק,יחידה,0.00,יחידה,false,,9.90,0.0000,true,1,153096
80773443,false,מנטוס בקבוק מעוגל - מסטיק ללא סוכר בטעם מנטה 60 גרם,"פרפטי ואן מלה ג'\ידה,סאן",,מנטוס מדיום בבקבוק מ,יחידה,0.00,יחידה,false,,9.90,0.0000,true,1,145624
80776307,false,מסטיק מנטוס ביג בבקבוק מעוגל טעם פירות מנטה 90 ג',פרפטי ואן מלה הולנד,,מנטוס ביג בקבוק מעוג,יחידה,0.00,יחידה,false,,16.90,0.0000,true,1,145619
80780595,false,מסטיק מנטוס ביג בבקבוק מעוגל טעם מנטה-עדינה 90 ג',פרפטי ואן מלה הולנד,,מנטוס ביג בקבוק מעוג,יחידה,0.00,יחידה,false,,16.90,0.0000,true,1,145620
80790990,false,מסטיק מנטוס בבקבוק מעוגל בטעם פירות -מנטה 60 ג',"פרפטי ואן מלה ג'\ידה,סאן",,מנטוס מדיום בבקבוק מ,יחידה,0.00,יחידה,false,,9.90,0.0000,true,1,145625
80794233,false,מסטיק מנטוס ביג בבקבוק מעוגל טעם מנטה 90 ג',פרפטי ואן מלה הולנד,,מנטוס ביג בקבוק מעוג,יחידה,0.00,יחידה,false,,16.90,0.0000,true,1,145621
80804697,false,מסטיק וויט White בטעם מנטה מתוקה ללא סוכר,פרפטי ואן מלה,,מנטוס וויט ביג מנטה,גרמים,105.00,100 גרם,false,,16.90,0.1610,true,1,139430
80817109,false,מסטיק מנטוס 3D תפוח/פטל,פרפטי ואן מלה,,מנטוס מסטיק3D תות-תפ,יחידה,0.00,יחידה,false,,6.60,0.0000,true,1,74848
80828174,false,מסטיק מנטוס וויט סוויטמינט 60 ג',"פרפטי ואן מלה ג'ידה,סאן",,מנטוס וויט מסטיק בטע,יחידה,0.00,יחידה,false,,9.90,0.0000,true,1,104202
80850885,false,גומי לעיסה מנטוס וויט בטעם מנטה עדינה ללא סוכר,פרפטי ואן מלה ברדה,,מנטוס וויט מסטיק בטע,יחידה,0.00,יחידה,false,,9.90,0.0000,true,1,104203
80896081,false,מנטוס בקבוק מעוגל - מסטיק ללא סוכר בטעם אבטיח 60 גרם,"פרפטי ואן מלה ג'\ידה,סאן",,מנטוס פיור פרש בקבוק,יחידה,0.00,יחידה,false,,9.90,0.0000,true,1,153097
80913467,false,מנטוס בקבוק מעוגל - מסטיק ללא סוכר בטעם מנטה,פרפטי ואן מלה הולנד,,מנטוס מדיום בבקבוק מ,יחידה,0.00,יחידה,false,,9.90,0.0000,true,1,145626
80936473,false,סוכריות מנטוס מנטה 99גר,הדקלאים אגודת שיתופי,,סוכריות מנטוס טעם מנ,יחידה,0.00,יחידה,false,,9.90,0.0000,true,1,177838
80938828,false,מסט.מנטוס 3D אבטיח/אננס,פרפטי ואן מלה,,מנטוס מסטיק3D אבטיח-,יחידה,0.00,יחידה,false,,6.60,0.0000,true,1,74850
80948698,false,מסטיק מנטוס פיור פרש טרופי בבקבוק 60ג',"פרפטי ואן מלה ג'ידה,סאן",,מסטיק מנטוס פיור פרש,יחידה,0.00,יחידה,false,,9.90,0.0000,true,1,157051
80954521,false,"מנטוס מסטיק פיור פרש - תות 28 גרם (14 יח') חת""ס",פרפטי ואן מלה ברדה,,מנטוס מסטיק פיור פרש,יחידה,0.00,יחידה,false,,0.00,0.0000,true,1,197634
80969952,false,סוכ.מנטוס מנטה עדינה99גר,הדקלאים אגודת שיתופי,,סוכריות מנטוס טעם מנ,יחידה,0.00,יחידה,false,,9.90,0.0000,true,1,177839
80974215,false,מסטיק מנטוס פיור פרש בבקבוק ביג בטעם תות 90ג',"פרפטי ואן מלה ג'ידה,סאן",,מנטוס פיור פרש בקבוק,יחידה,0.00,יחידה,false,,16.90,0.0000,true,1,163500
87108019,false,סוכריות מנטוס מנטה37.5גר,פרפטי ואן מלה,,מנטוס מנטה בגליל 37.,יחידה,0.00,יחידה,false,,3.50,0.0000,true,1,186343
87108538,false,סוכריות בטעם תות מנטוס 37.5 גרם,הדקלאים אגודת שיתופי,,מנטוס תות בגליל 37.5,יחידה,0.00,יחידה,false,,3.50,0.0000,true,1,58485
87108651,false,סוכריות בטעם מנטה מנטוס 4*37.5 גרם,הדקלאים אגודת שיתופי,,מנטוס מנטה 150 גרם,גרמים,150.00,100 גרם,false,,11.00,0.0733,true,1,59210
87108712,false,סוכריות בטעם פירות מנטוס 4*37.5 גרם,פרפטי ואן מלה ברדה,,מנטוס 1/4 פירות 150,גרמים,150.00,100 גרם,false,,11.00,0.0733,true,1,58486
87311396,false,מנטוס ריינבאוו סוכריות לעיסה בטעמי פירות,פרפטי ואן מלה ברדה,,מנטוס ריינבואו גליל,יחידה,0.00,יחידה,false,,3.50,0.0000,true,1,75469
90087011,false,מיץ תפוחים 100% קרטונית ראוך,Rauch fruchtsafte gm,,מיץ תפוחים 1 ליטר,ליטרים,1.00,ליטר,false,,11.90,11.9000,true,1,159438
90087066,false,מיץ תפוזים 100% טבעי 1 ל' RAUCH,ראוך Rauch,,תומר מיץ תפוזים 100%,ליטרים,1.00,ליטר,false,,11.90,11.9000,true,1,143617
90087769,false,מיץ אננס 100% קרטונית ראוך,Rauch fruchtsafte gm,,תומר מיץ אננס 100% 1,ליטרים,1.00,ליטר,false,,11.90,11.9000,true,1,143535
90162602,false,רד בול משקה אנרגיה פקדון 30 אג,רד בול ג'י.אם.בי. אץ,,רד בול משקה אנרגיה 2,מיליליטרים,250.00,"100 מ""ל",false,,5.90,2.3600,true,1,151456
111700123,false,קוצץ סלט/מעבד חשמלי,,,קוצץ סלט/מעבד חשמלי,יחידה,0.00,יחידה,false,,0.00,0.0000,true,1,189169
970253004,false,סיר אפייה 3,,,סיר אפייה 3,יחידה,0.00,יחידה,false,,59.90,0.0000,true,1,152138
970253044,false,"מגש 55 ס""מ",,,"מגש 55 ס""מ",יחידה,0.00,יחידה,false,,0.00,0.0000,true,1,188397
970253118,false,כבל בד 1.80 מטר,,,כבל בד 1.80 מטר,יחידה,0.00,יחידה,false,,19.90,0.0000,true,1,152835
970253299,false,"מגש נירוסטה 50 ס""מ",,,"מגש נירוסטה 50 ס""מ",יחידה,0.00,יחידה,false,,19.90,0.0000,true,1,186185
970253329,false,מרוקן קישואים מתכת,,,מרוקן קישואים מתכת,יחידה,0.00,יחידה,false,,2.00,0.0000,true,1,144619
970253338,false,"מגש נירוסטה 45 ס""מ",,,"מגש נירוסטה 45 ס""מ",יחידה,0.00,יחידה,false,,18.90,0.0000,true,1,186186
6102121788,false,סט 6 כוסות 30 נמוך א,,,סט 6 כוסות 30 נמוך א,יחידה,0.00,יחידה,false,,0.00,0.0000,true,1,187587
6102396094,false,קרפון 1 ל' יין לומינ,,,קרפון 1 ל' יין לומינ,יחידה,0.00,יחידה,false,,0.00,0.0000,true,1,187589
8112100298,false,"שמן שומשום טהור מזרח ומערב 185 מ""ל",Flavor full foods in,,מזרח ומערב יבוא שמן,מיליליטרים,185.00,"100 מ""ל",false,,14.90,8.0541,true,1,57613
9702530657,false,פנגאן קפה תורקי,,,פנגאן קפה תורקי,יחידה,0.00,יחידה,false,,0.00,0.0000,true,1,198818
9702530683,false,קערה 15,,,קערה 15,יחידה,0.00,יחידה,false,,0.00,0.0000,true,1,198860
9702530727,false,צלחת לבן,,,צלחת לבן,יחידה,0.00,יחידה,false,,0.00,0.0000,true,1,198862
9702531252,false,"מגש 65 ס""מ",,,"מגש 65 ס""מ",יחידה,0.00,יחידה,false,,0.00,0.0000,true,1,188732
9702531436,false,"מסננת 34 ס""מ",,,"מסננת 34 ס""מ",יחידה,0.00,יחידה,false,,19.90,0.0000,true,1,183216
9702532887,false,מלקחיים מעמול,,,מלקחיים מעמול,יחידה,0.00,יחידה,false,,1.90,0.0000,true,1,143899
9702533890,false,שטיח לכניסה 75*45,,,שטיח לכניסה 75*45,יחידה,0.00,יחידה,false,,0.00,0.0000,true,1,188051
9702534773,false,מלקחיים,,,מלקחיים,יחידה,0.00,יחידה,false,,0.00,0.0000,true,1,197954
9702537185,false,"גיגית 45 ס""מ",,,"גיגית 45 ס""מ",יחידה,0.00,יחידה,false,,19.90,0.0000,true,1,175034
9702537188,false,"גיגית 60 ס""מ",,,"גיגית 60 ס""מ",יחידה,0.00,יחידה,false,,34.90,0.0000,true,1,175037
9702539017,false,טוסטר אלומניום 2 שכב,,,טוסטר אלומניום 2 שכב,יחידה,0.00,יחידה,false,,129.90,0.0000,true,1,186163
9800800056,false,חטיף שוקולד עם מקלות לחם אנד גו,פררו - אלבה,,נוטלה טו גו,יחידה,0.00,יחידה,false,,5.90,0.0000,true,1,119430
11182700916,false,קינג קול שעועית לבנה צפונית 439 גרם,הנובר פודס,,קינג קול שעועית לבנה,גרמים,439.00,100 גרם,false,,9.90,0.0226,true,1,180500
11182700923,false,קינג קול שעועית אדומה בהירה 439 גרם,הנובר פודס,,קינג קול שעועית אדומ,גרמים,439.00,100 גרם,false,,9.90,0.0226,true,1,180501
11182701388,false,קינג קול שעועית פינטו 454 גרם,הנובר פודס,,קינג קול שעועית פינט,גרמים,439.00,100 גרם,false,,9.90,0.0226,true,1,180504
11210000032,false,"רוטב טבסקו משפחתי 360מ""ל",מקאילהייני Mc.Ilhenn,,טובסקו משפחתי 350 מ,מיליליטרים,350.00,"100 מ""ל",false,,55.00,15.7143,true,1,75336
11210002500,false,"טבסקו חריף באפאלו 150מ""ל","ניצן מותגי מזון בע""מ",,טבסקו רוטב כנפי באפא,מיליליטרים,150.00,"100 מ""ל",false,,22.90,15.2667,true,1,86003
11210006508,false,רוטב פלפל הבנרו חריף טבסקו 60 מל,מקאילהייני Mc.Ilhenn,,רוטב טבסקו,יחידה,0.00,יחידה,false,,17.00,0.0000,true,1,61014
11210009387,false,"רוטב ""טבסקו"" על בסיס פלפל ירוק חריף 60 מ""ל",מקאילהייני אייבורי,,רוטב ירוק 60 מל,יחידה,0.00,יחידה,false,,11.00,0.0000,true,1,61161
11210618503,false,"רוטב טבסקו על בסיס פלפל סקורפיון 60מ""ל",מק. אילהיני קו,,"טבסקו סקורפיון 60 מ""",יחידה,0.00,יחידה,false,,15.90,0.0000,true,1,187099
13112710543,false,"מגש אובלי לבן 14 ס""מ",,,"מגש אובלי לבן 14 ס""מ",יחידה,0.00,יחידה,false,,19.90,0.0000,true,1,155257
13628609388,false,חומץ בלסמי מובחר 500מל,MONARI FEDERZONI,,מונרי חומץ בלסמי כשר,מיליליטרים,500.00,"100 מ""ל",false,,27.00,5.4000,true,1,50973
16000281684,false,חטיפי גרנולה קראנצ'י עם פקאן נייצ'ר ואלי 5*42 גרם,ליימן מותגים,,קראנצי חטיף גרנולה פ,גרמים,210.00,100 גרם,false,,20.00,0.0952,true,1,51427
16000423534,false,חטיפי גרנולה קראנצ'י עם שיבולת שועל ושוקולד מריר נייצ'ר ואלי 5*42 גרם,ג'נרל מילס סאן אדריאן,,קראנצי ש.שועל שוקולד,גרמים,210.00,100 גרם,false,,20.00,0.0952,true,1,50975
16000548404,false,חטיפי גרנולה קראנצ'י עם שיבולת שועל ודבש נייצ'ר ואלי 5*42 גרם,ג'נרל מילס סאן אדריאן,,קראנצי חטיף גרנולה ש,גרמים,210.00,100 גרם,false,,20.00,0.0952,true,1,51428
16000548503,false,חטיפי גרנולה קראנצ'י עם מייפל וסוכר חום נייצ'ר ואלי 5*42 גרם,ג'נרל מילס סאן אדריאן,,קראנצי חטיף גרנולה ו,גרמים,210.00,100 גרם,false,,20.00,0.0952,true,1,51168
16000548909,false,חטיפי גרנולה קראנצ'י במגוון טעמים נייצ'ר ואלי 5*42 גרם,ג'נרל מילס סאן אדריאן,,קראנצי חטיף גרנולה מ,גרמים,210.00,100 גרם,false,,20.00,0.0952,true,1,51267
18000701223,false,"פילסברי, עוגה בטעם שוקולד, תערובת להכנת עוגה בטעם שוקולד. 500 גרם",הדקלאים אגודת שיתופי,,תערובת עוגת שוקולד 5,גרמים,550.00,100 גרם,false,,16.90,0.0307,true,1,50909
18000703494,false,"פילסברי, עוגה בטעם וניל, תערובת להכנת עוגה בטעם וניל. 500 גרם.",הדקלאים אגודת שיתופי,,תערובת עוגת וניל 500,גרמים,500.00,100 גרם,false,,16.90,0.0338,true,1,50910
18000703517,false,"פילסברי, עוגה בטעם שוקולד וניל, תערובת להכנת עוגה בטעם וניל. 550 גרם.",הדקלאים אגודת שיתופי,,תערובת עוגת שיש 550,גרמים,550.00,100 גרם,false,,16.90,0.0307,true,1,51268
18000766413,false,"פילסברי, עוגה בטעם שוקולד, תערובת להכנת עוגה בטעם שוקולד. 550 גרם.",הדקלאים אגודת שיתופי,,תערובת עוגת בראוניס,גרמים,550.00,100 גרם,false,,16.90,0.0307,true,1,51077
21200492891,false,גליל ניירות דביקים סקוטש ברייט,3m,,גליל נייר דביק,יחידה,0.00,יחידה,false,,15.00,0.0000,true,1,98262
21200572357,false,שלישיית ספוגי קרצוף לניקוי חזק (ירוקים),M3,,סקוטש ברייט שלישייה,יחידה,3.00,יחידה,false,,15.00,5.0000,true,1,84362
22200941525,false,ספיד סטיק - דאודורנט סטיק לגבר רגולר 85 גרם,,,ספיד סטיק דאודורנט ר,יחידה,0.00,יחידה,false,,0.00,0.0000,true,1,187950
22200956932,false,דאודורנט ספיד סטיק גל 24/7 כחול 85 גר,הנסיך- מפעל לייצור ט,,ספיד סטיק 24/7 גל כח,גרמים,51.00,100 גרם,false,,24.90,0.4882,true,1,61221
22200956949,false,דאודורנט ג'ל כתום לגבר ספיד סטיק 85 גרם,קולגייט-פלמוליב,,ספיד סטיק 24/7 גל כת,גרמים,51.00,100 גרם,false,,24.90,0.4882,true,1,61818
25700005650,false,שקיות הקפאה גדולות- 14 יח' זיפלוק,אס.סי.גונסון ובניו,,זיפלוק שקיות הקפאה,יחידה,0.00,יחידה,false,,0.00,0.0000,true,1,188495
25700005674,false,זיפלוק שקיות אחסון סליידר גדולות 15 יחידות,אס.סי.ג'\ונסון מידרכט,,זיפלוק שקיותאחסון סל,יחידה,0.00,יחידה,false,,0.00,0.0000,true,1,188496
25700005681,false,זיפלוק שקיות אחסון סליידר בינוניות 20 יחידות,אס.סי גונוסון,,זיפלוק שקיות אחסון ס,יחידה,0.00,יחידה,false,,0.00,0.0000,true,1,187773
29424000298,false,וופל ללא סוכר שוקולד180ג,מנעמים,,וופל שוקולד ללא סוכר,גרמים,180.00,100 גרם,false,,10.00,0.0556,true,1,51107
29424000854,false,גלילי ופל מנעמים שוק,,,גלילי ופל מנעמים שוק,גרמים,100.00,100 גרם,false,,5.00,0.0500,true,1,51034
33200140306,false,דפים למייבש כביסה קלין סנטסיישנס כחול 40,,,קלין סנטסיישנס 40 דפ,יחידה,0.00,יחידה,false,,18.90,0.0000,true,1,183172
33200143307,false,קלין סנטסיישנס 40 דפי מייבש כביסה ורוד,,,קלין סנטסיישנס 40 דפ,יחידה,0.00,יחידה,false,,0.00,0.0000,true,1,188332
33617000026,false,קרקר ואזה 203-275 גרם מקמח מלא 260,כלורוקס אוקלנד,,וואזה מקמח מלא 260 ג,גרמים,260.00,100 גרם,false,,13.00,0.0500,true,1,95670
34000148301,false,הרשי נטיפי שוקולד מריר לאפייה 340 גר,ליימן מותגים,,הרשי נטיפי שוקולד מר,גרמים,340.00,100 גרם,false,,19.90,0.0585,true,1,146406
34000196173,false,הרשי טבלה XL בטעם שוקולד לבן עם שברי עוגיות 113 גרם,ליימן מותגים,,הרשיז קוקיס אנד קרים,גרמים,113.00,100 גרם,false,,8.90,0.0788,true,1,116448
34000312177,false,הרשי סירופ בטעם שוקולד 680 גרם,ליימן מותגים,,הרשיז - סירופ שוקולד,מיליליטרים,680.00,"100 מ""ל",false,,19.90,2.9265,true,1,96012
34000442652,false,ריזס טבלה בטעם שוקולד ממולאת קרם בוטנים 120 גרם,ליימן מותגים,,הרשי ריזיס אקסטרא לא,גרמים,120.00,100 גרם,false,,8.90,0.0742,true,1,116449
34000470563,false,ריסז מיניס באריזה משפחתית 215 גרם,ליימן מותגים,,ריסז מיניס באריזה מש,גרמים,215.00,100 גרם,false,,19.90,0.0926,true,1,177830
36000516890,false,קלינקס לושן שלוש שכבות 120 יחידות,חוגלה קימברלי,,קלינקס לושן שלש שכבו,יחידה,120.00,יחידה,false,,17.90,0.1492,true,1,181645
37600207287,false,סקיפי חמאת בוטנים בטעם דבש 462 גרם,חברת המזון אלגוד.,,סקיפי חמאת בוטנים עם,גרמים,462.00,100 גרם,false,,19.90,0.0431,true,1,101966
38000138638,false,חטיף צ'יפס פרינגלס פיצה 158 גרם,פרינגלס מנופקצ'ורינג קונ,,פרינגלס פיצה 158 גרם,גרמים,158.00,100 גרם,false,,8.90,0.0563,true,1,142058
38000138874,false,חטיף צ'יפס פרינגלס חלפינו 158 גרם,פרינגלס מנופקצ'ורינג קונ,,פרינגלס חלפינו 158 ג,גרמים,158.00,100 גרם,false,,8.90,0.0563,true,1,142059
38000183690,false,חטיף צ'יפס פרינגלס מידי ברביקיו 71 גרם,פרינגלס מנופקצ'ורינג,,חטיף פרינגלס ברביקיו,יחידה,0.00,יחידה,false,,4.90,0.0000,true,1,154517
38000202278,false,חטיף צ'יפס גלי בטעם אורגינל מלוח,פרינגלס מניופקצ'ורינ,,פרינגלס גלי בטעם אור,גרמים,130.00,100 גרם,false,,0.00,0.0000,true,1,187868
38000232152,false,פרינגלס חטיפי תפוח אדמה בטעם ברביקיו 158 גרם,פרינגלס מנופקצ'ורינג קומ,,פרינגלס ברביקיו 158,גרמים,158.00,100 גרם,false,,8.90,0.0563,true,1,184722
38000232169,false,פרינגלס מידי אורגינל 67 גרם.,פרינגלס מנופקצ'ורינג קונ,,פרינגלס חטיף אורגינל,יחידה,0.00,יחידה,false,,4.90,0.0000,true,1,184723
38000232176,false,פרינגלס ביג שמנת בצל 158 גרם,פרינגלס מנופקצ'ורינג קונ,,פרינגלס שמנת בצל 158,גרמים,158.00,100 גרם,false,,8.90,0.0563,true,1,184724
38000232183,false,פרינגלס ביג אורגינל 149 גרם,פרינגלס מנופקצ'ורינג קונ,,פרינגלס אורגינל גלקס,גרמים,149.00,100 גרם,false,,8.90,0.0597,true,1,184725
38000845253,false,חטיף צ'יפס פרינגלס מידי שמנת בצל 71 גרם,פרינגלס מנופקצ'ורינג קונ,,חטיף פרינגלס שמנת בצ,יחידה,0.00,יחידה,false,,4.90,0.0000,true,1,134651
38527591053,false,קואקר דגנים מרובעים שיבולת שועל וקינמון,קוואקר אוטס קומפני,,קוואקר מרובעים קינמו,גרמים,412.00,100 גרם,false,,19.90,0.0483,true,1,69784
38527591121,false,קפטן קראנץ קוואר דגני בוקר 398 גר',BEVERAGES FOODS & SE,,קפטן קראנץ דגני בוקר,גרמים,398.00,100 גרם,false,,19.90,0.0500,true,1,61946
38900014261,false,אננס דולי בודד,,,אננס דולי בודד,יחידה,0.00,יחידה,false,,4.00,0.0000,true,1,181254
38900014278,false,אננס שלישייה 227 גרם,,,אננס שלישייה 227 גרם,יחידה,0.00,יחידה,false,,11.90,0.0000,true,1,156207
38900770204,false,קוקטיל פירות דול שלי,,,קוקטיל פירות דול שלי,גרמים,227.00,100 גרם,false,,11.90,0.0524,true,1,176231
38900779238,false,מיץ אננס דול רביעיות 4*250 מל,דול פיליפינים אינק,,דול מיץ אננס 4*250 מ,מיליליטרים,250.00,"100 מ""ל",false,,12.90,5.1600,true,1,71487
40000494805,false,עדשי מ&מ'ס קריספי38גרם,General,,אם אמד אם קריספי 38,יחידה,0.00,יחידה,false,,5.00,0.0000,true,1,136384
40000512943,false,סוכריות אם אנד אמס M&M שוקולד חלב,M&M אם אנד אם,,מ&מ שוקולד 300 גרם,גרמים,300.00,100 גרם,false,,20.90,0.0697,true,1,155541
40000513056,false,M&M's בוטנים אריזה 300 גרם,General,,מנמ בוטנים 300 גרם,גרמים,300.00,100 גרם,false,,20.90,0.0697,true,1,155542
40000513568,false,סוכריות אם אנד אמס M&M שוקולד חלב,M&M אם אנד אם,,אמ אנד אמז שוקו 156,גרמים,156.00,100 גרם,false,,11.90,0.0763,true,1,147075
40000514480,false,M&M אריזה קטנה's שוקולד אריזה קטנה 48 גרם,M&M אם אנד אם,,אם אנד אמז שוקולד 48,יחידה,0.00,יחידה,false,,5.00,0.0000,true,1,141611
41224468108,false,עגבניות מיובשות שמן זית 340 גרם ROLAND,סיגס גיטה,,עגבניות מיובשות בשמן,גרמים,340.00,100 גרם,false,,36.90,0.1085,true,1,185861
41500805023,false,"רוטב פלפל רד האט 354 מ""ל",רקיט בנקיזר,,רוטב פלפל רד האט 354,מיליליטרים,354.00,"100 מ""ל",false,,27.90,7.8814,true,1,61977
46214731552,false,עוגיות שוקולד צ'יפס 37% גודיס 225 גרם,קריניציה ויטמינה אס,,עוגיות שוקולד ציפס מ,גרמים,225.00,100 גרם,false,,9.90,0.0440,true,1,61981
48256214758,false,מסיר כתמים קשים לכביסה לבנה וצבעונית,יעקבי- אסטוניש Astonish,,אסטוניש אבקת הפלא מס,קילוגרמים,1.00,"ק""ג",false,,20.00,20.0000,true,1,52488
48526012305,false,נובי בקבוק ספורט מצו,,,נובי בקבוק ספורט מצו,יחידה,0.00,יחידה,false,,24.90,0.0000,true,1,141706
50000014811,false,פריסקיז יבש מעדן בית2.86,נסטלה פורינה,,פריסקיז גורמה 2.9קג,קילוגרמים,2.90,"ק""ג",false,,64.90,22.3793,true,1,59823
50000018741,false,"פריסקיז יבש דגים 2.86ק""ג",נסטלה פורינה USA מק,,פריסקיז דגים 2.85קג,קילוגרמים,2.86,"ק""ג",false,,64.90,22.6923,true,1,52495
50000084500,false,מזון יבש לחתול בטעם נתחי ברביקיו פריסקיז Friskies,נסטלה פורינה USA מק,,פריסקיז מעדני השף 1.,קילוגרמים,1.43,"ק""ג",false,,38.40,26.8531,true,1,52117
50000100316,false,פריסקיז מעדן לחתול2.86קג,נסטלה פורינה,,פריסקיז מעדני חתול מ,קילוגרמים,2.90,"ק""ג",false,,64.90,22.3793,true,1,71626
50000100347,false,"פריסקיז - מעדני החתול מועשר בחלב 1.40 ק""ג",נסטלה פורינה USA מק,,פריסקיז מעדני החתול,קילוגרמים,1.40,"ק""ג",false,,38.40,27.4286,true,1,71627
50000168606,false,ריסקיז אקס קראנץ סלמ,נסטלה פורינה USA מק,,ריסקיז אקס קראנץ סלמ,קילוגרמים,2.86,"ק""ג",false,,69.90,24.4406,true,1,151955
50000170180,false,מזון חתולים פריסקיז עוף ברוטב 156 גרם,נסטלה פורינה USA קר,,פריסקיז פרים פילה עו,גרמים,156.00,100 גרם,false,,6.90,0.0442,true,1,135167
50000225224,false,מזול חתולים פריסקיז פילה הודו ברוטב 156 גרם,נסטלה פורינה USA קר,,פריסקיז פריים פילה ה,גרמים,156.00,100 גרם,false,,6.90,0.0442,true,1,123285
50000420445,false,פריסקיז כבד ועוף 156 גרם,נסטלה פורינה USA קר,,פריסקיז כבד ועוף 156,גרמים,156.00,100 גרם,false,,6.90,0.0442,true,1,76737
50000421541,false,פריסקיז בודד דגי אוקיאנוס וטונה,נסטלה פורינה USA קר,,פריסקיז מיקס גריל 15,גרמים,156.00,100 גרם,false,,6.90,0.0442,true,1,52118
50000424948,false,פריסקיז דגי אוקיינוס וטונה 156ג',נסטלה פורינה USA קר,,פריסקיז דגי אוקיינוס,גרמים,156.00,100 גרם,false,,6.10,0.0391,true,1,119942
50000426447,false,פריסקיז פנסי פיסט נתחי הודו 85 גרם,נסטלה פורינה USA סט,,* פנסי פיסט נתחי הוד,יחידה,0.00,יחידה,false,,6.10,0.0000,true,1,52150
50000429448,false,פריסקיז פנסי פיסט פטה מוס סלמון 85 גרם,נסטלה פורינה USA סט,,פנסי פיסט מוס סלמון,יחידה,0.00,יחידה,false,,6.10,0.0000,true,1,51814
50000429844,false,מזון חתולים בטעם הודו ועוף פנסי פיסט 85 גרם,נסטלה פורינה USA ג',,פנסי פיסט עם נתחי הו,יחידה,0.00,יחידה,false,,6.10,0.0000,true,1,52119
50000578450,false,פריסקיז פנסי פיסט עוף ברוטב 85 גרם,נסטלה פורינה USA סט,,פנסי פיסט עוף ברוטב,יחידה,0.00,יחידה,false,,6.10,0.0000,true,1,123278
52018112655,false,מסננת עגולה + שתי יד,,,מסננת עגולה + שתי יד,יחידה,0.00,יחידה,false,,29.90,0.0000,true,1,183940
52100070780,false,"תמצית תפוז טהורה 29 מ""ל",מקורמיק,,תמצית תפוז טהורה 29,יחידה,0.00,יחידה,false,,19.90,0.0000,true,1,182233
55369902342,false,אפלסנקס צנצנת רסק תפוחי עץ ממותק בסגנון ביתי 680 גרם עברית,לייהי אורצ'רדס,,אפלסנקס הום סטייל צנ,גרמים,709.00,100 גרם,false,,14.90,0.0210,true,1,180513
64144090013,false,פאם תרסיס על בסיס שמן קנולה בטעם חמאה,קונאגרה פודס,,שמן חמאה ספריי 141 ג,גרמים,141.00,100 גרם,false,,20.00,0.1418,true,1,70978
64144090020,false,"ספריי שמן PAM בטעם שמן זית 141 מ""ל",קונאגרה פודס,,תרסיס שמן פאם שמן זי,גרמים,141.00,100 גרם,false,,20.00,0.1418,true,1,71830
64144090051,false,"ספריי שמן PAM קנולה אורגינל 148 מ""ל",קונאגרה פודס,,תרסיס שמן פאם קנולה,מיליליטרים,148.00,"100 מ""ל",false,,20.00,13.5135,true,1,108825
70080000016,false,חרדל אמריקאי פלוכמן Plochman's,"פלוקמן בע""מ",,חרדל אמרקאי 297 גרם,גרמים,297.00,100 גרם,false,,11.00,0.0370,true,1,139351
70177077563,false,תה ארל גריי 25 שקיות טוינינגס 50 גר,אר. טווינינגס אנד קומפני,,ארל גריי 50 גרם,יחידה,0.00,יחידה,false,,18.90,0.0000,true,1,157136
70177077693,false,תה אנגליש ברקפסט 25 שקיות טוינינגס 50 גר,אר. טווינינגס אנד קומפני,,אינגליש ברקפסט 50 גר,יחידה,0.00,יחידה,false,,18.90,0.0000,true,1,157137
70177078775,false,תה ליידי גריי טוויני,טווינינגס Twinings,,ליידי גריי 50 גרם,יחידה,0.00,יחידה,false,,18.90,0.0000,true,1,157138
70177086664,false,תה ירוק טהור 25 שק TWININGS,אר. טווינינגס אנד קומפני,,טוינינגס תה ירוק 50,יחידה,0.00,יחידה,false,,19.90,0.0000,true,1,157126
70177176914,false,תה טווינינג ארל גריי נטול קפאין 25 שקיקי,טווינינגס Twinings,,תה ארל גריי טוויניי,יחידה,0.00,יחידה,false,,21.90,0.0000,true,1,173174
70177177737,false,חליטה פיור קמומיל 20 גרם טווינינג,אר. טווינינגס אנד קומפני,,חליטת פיור קמומיל 20,יחידה,0.00,יחידה,false,,16.90,0.0000,true,1,157152
70734053283,false,חליטת תה בנגל ספייס 20 שקיקים,גלובל פרודאכט,,סלסטיאל חליטת תה בנג,יחידה,0.00,יחידה,false,,15.90,0.0000,true,1,159731
71153652545,false,מגן סקאי ועור STP SO,,,מגן סקאי ועור STP SO,יחידה,0.00,יחידה,false,,14.90,0.0000,true,1,84531
74261150101,false,רוטב סויה תמרי 296 מ,מנדרין סוי סוס,,רוטב סויה תמרי 296 מ,מיליליטרים,296.00,"100 מ""ל",false,,15.00,5.0676,true,1,68998
76840002542,false,"גלידת בן & ג'ריס פיינט נטפליקס וצ'ילד 500מ""ל",מוצרי איכות אמריקאיים בע,,גלידת חמאת בוטנים עם,גרמים,420.00,100 גרם,false,,0.00,0.0000,true,1,187667
76840100583,false,"גלידת וניל עם בצק עוגיות בן וג'ירי 473 מ""ל",מוצרי איכות אמריקאיים בע,,גלידה וניל +בצק עוגי,גרמים,473.00,100 גרם,false,,24.40,0.0516,true,1,91390
76840100811,false,בן&גריס פיינט שמנת בטעם ח.בוטנים עם בוטנ,מוצרי איכות אמריקאיים בע,,גלידה חמאת בוטנים 42,מיליליטרים,420.00,"100 מ""ל",false,,24.40,5.8095,true,1,163471
76840101542,false,גלידת קרמל סוטרא 428גרם,מוצרי איכות אמריקאיים בע,,גלידת בן אנד גריס עם,גרמים,470.00,100 גרם,false,,24.40,0.0519,true,1,159648
76840400218,false,"גלידה בן&ג'ריס תות שדה ועוגת גבינה 500מ""ל",מוצרי איכות אמריקאיים בע,,בן&גריס גלידה תות שד,מיליליטרים,475.00,"100 מ""ל",false,,24.40,5.1368,true,1,96880
76840620036,false,גלידת בן אנד ג'ריס בטעם שוקולד בראויס,מוצרי איכות אמריקאיים בע,,גלידת בן אנד גריס 50,גרמים,500.00,100 גרם,false,,24.40,0.0488,true,1,157769
77245110610,false,סוכריות מאסט ללא סוכר בטעם מנטה 80 ג'עלית,MIESZKO S.A - MS. JO,,סוכריות MUST ללא סוכ,יחידה,0.00,יחידה,false,,9.00,0.0000,true,1,57587
77975036976,false,מטבל עגבניות בחריפות עדינה סניידרס 439 ג',סניידרס אוף האנובר,,סניידרס מטבל עגבניות,גרמים,439.00,100 גרם,false,,16.90,0.0385,true,1,122220
77975088210,false,שברי בייגל גבינת צ'דר340,ליימן מותגים,,סניידרס שברי בייגלה,גרמים,340.00,100 גרם,false,,15.90,0.0468,true,1,68664
77975088227,false,שברי בייגלה בצל חרדל340ג,סניידרס אוף האנובר,,סניידרס שברי בייגלה,גרמים,340.00,100 גרם,false,,15.90,0.0468,true,1,69538
77975088234,false,סניידרס שברי בייגלה בטעם חלפיניו 340 גרם,סניידרס אוף האנובר,,סניידרס שברי בייגלה,גרמים,340.00,100 גרם,false,,15.90,0.0468,true,1,148907
77975094006,false,שברי בייגלה בטעם פרמ,ליימן מותגים,,שברי בייגלה בטעם פרמ,יחידה,0.00,יחידה,false,,15.90,0.0000,true,1,185752
77975094761,false,סניידרס חטיפים על בסיס קמח חיטה בטעם גבינת צ'דר,סניידרס אוף האנובר,,סניידרס בטעם צדר 340,גרמים,340.00,100 גרם,false,,0.00,0.0000,true,1,198815
89041081056,false,שמן סויה בתיבול צילי,Flavor full foods in,,מזרח ומערב יבוא שמן,מיליליטרים,185.00,"100 מ""ל",false,,11.90,6.4324,true,1,59557
89397344348,false,דיניקולה רוטב פסטה עם שום קלוי 737 גרם,ג'יאובני פוד אינק,,דיניקולה רוטב פסטה ע,גרמים,737.00,100 גרם,false,,16.90,0.0229,true,1,180528
89397344362,false,רוטב דיניקולה פסטה בטעם מרינדה 737 גרם,ג'יאובני פוד אינק,,דיניקולה רוטב פסטה מ,גרמים,737.00,100 גרם,false,,16.90,0.0229,true,1,180529
90011622664,false,כתמטמינים טחינה 45 ג,,,כתמטמינים טחינה 45 ג,יחידה,0.00,יחידה,false,,0.00,0.0000,true,1,197235
91400000059,false,מטהר אויר אורגני מוצ,,,מטהר אויר אורגני מוצ,יחידה,0.00,יחידה,false,,14.90,0.0000,true,1,84577
95815300346,false,רוטב לפסטה עם שום סא,,,רוטב לפסטה עם שום סא,גרמים,680.00,100 גרם,false,,10.90,0.0160,true,1,140235
96086000072,false,מצת סובין 400 גרם לפסח,מצות אביב,,מצות עם סובין 400 גר,גרמים,400.00,100 גרם,false,,13.90,0.0348,true,1,184106
96086000720,false,קרקר כוסמין מלא ושומשום ללא מלח,,,קרקר כוסמין ושומשום,גרמים,200.00,100 גרם,false,,12.50,0.0625,true,1,181125
96086001529,false,"עוגיות קלות ללת""ס בטעם קפוצינו 200 גר",מצות אביב,,עוגיות קלות אביבה לל,גרמים,200.00,100 גרם,false,,13.90,0.0695,true,1,181140
195480030088,false,שוקולד צמקאו מריר אופנהיימר לאפייה ובישול 300ג',אופנהיימר,,אופנ. צימקאו מריר 30,גרמים,300.00,100 גרם,false,,8.90,0.0297,true,1,120428
305210256712,false,וזלין לשפתיים אורגינל 0.25 אונקיה,"יוניליוור ג'ונסבורו,",,וזלין מיני לשפתיים א,יחידה,0.00,יחידה,false,,9.90,0.0000,true,1,179551
305210416383,false,"ואזלין קרם גוף לגבר נספג במהירות 600 מ""ל","יוניליוור, ג'פרסון סיטי,",,וזלין תחליב גוף לגבר,מיליליטרים,600.00,"100 מ""ל",false,,35.00,5.8333,true,1,150705
305210464728,false,וזלין מיני לשפתיים בטעם קרם ברולה,"יונילוור ארה""ב - HPC",,וזלין מיני לשפתיים ק,יחידה,0.00,יחידה,false,,9.90,0.0000,true,1,179554
305213079004,false,"תחליב גוף להזנה עמוקה צהוב וזלין 600 מ""ל","יוניליוור, ג'פרסון סיטי,",,וזלין תחליב גוף צהוב,מיליליטרים,600.00,"100 מ""ל",false,,35.00,5.8333,true,1,150706
482562200560,false,מסיר שומנים אסטוניש 750,אסטוניש -לידס,,אסטוניש מסיר שומן שר,מיליליטרים,750.00,"100 מ""ל",false,,11.90,1.5867,true,1,107852
608614310456,false,אוכמניות ארוז 125 גר,S.A SOL DEL BERRIES,,אוכמניות 125 גרם,יחידה,0.00,יחידה,false,,14.90,0.0000,true,1,186250
608614315529,false,פספלורה,,,פספלורה,יחידה,0.00,יחידה,false,,0.00,0.0000,true,1,187809
608614319657,false,חבילת שבבים אלון,,,חבילת שבבים אלון,יחידה,0.00,יחידה,false,,0.00,0.0000,true,1,197539
608614319671,false,חבילת שבבים תפוח,,,חבילת שבבים תפוח,יחידה,0.00,יחידה,false,,0.00,0.0000,true,1,197540
608614319701,false,חבילת צ'אנקים חבית י,,,חבילת צ'אנקים חבית י,יחידה,0.00,יחידה,false,,0.00,0.0000,true,1,197542
608940543313,false,"ריהנה REB'L FLEUR(א) אדפ 100מ""ל",אלפא בישום,,"ריהאנה 100 מ""ל",יחידה,0.00,יחידה,false,,0.00,0.0000,true,1,198602
627001503295,false,"קנקן שמן 650 מ""ל מרו",,,"קנקן שמן 650 מ""ל מרו",יחידה,0.00,יחידה,false,,0.00,0.0000,true,1,188399
627001506210,false,צנצנת 3 ליטר עגול,,,צנצנת 3 ליטר עגול,יחידה,0.00,יחידה,false,,19.90,0.0000,true,1,186209
638102201010,false,חטיף על בסיס חלבון סויה שוקולד וחמאת בוטנים,"אבוט נוטרישן, מעבדות",,זון קלסיק שוקולד חמא,יחידה,0.00,יחידה,false,,14.90,0.0000,true,1,186171
638102582737,false,חטיף זון קלסיק רול קינמון 50 גר,"אבוט נוטרישן, מעבדות",,זון קלסיק רול קנמון,יחידה,0.00,יחידה,false,,14.90,0.0000,true,1,186175
639138513238,false,פילה הרינג מעושן צ'צ'יק 190 גרם,רוג'ין פיש,,פילה הרינג מעושן 190,גרמים,200.00,100 גרם,false,,20.00,0.1000,true,1,115624
643540759719,false,מברשת שיניים דיסני ק,,,מברשת שיניים דיסני ק,יחידה,0.00,יחידה,false,,0.00,0.0000,true,1,188670
643540759771,false,מברשת שיניים דיסני ס,,,מברשת שיניים דיסני ס,יחידה,0.00,יחידה,false,,0.00,0.0000,true,1,189096
643540759832,false,מברשת שיניים דיסני ספיידרמן מהבהב,,,מברשת שיניים דיסני ס,יחידה,0.00,יחידה,false,,0.00,0.0000,true,1,188607
643540759986,false,מברשת שיניים סט דיסנ,,,מברשת שיניים סט דיסנ,יחידה,0.00,יחידה,false,,0.00,0.0000,true,1,198901
643540760074,false,מברשת שיניים דיסני ק,,,מברשת שיניים דיסני ק,יחידה,0.00,יחידה,false,,0.00,0.0000,true,1,187984
643540760197,false,מברשת שיניים דיסני ס,,,מברשת שיניים דיסני ס,יחידה,0.00,יחידה,false,,0.00,0.0000,true,1,187985
645173911038,false,קורנישון מלפפוןן מיני 720 גרם - תומר,קלמן אינדיה פי וי סי,,קורנישון מיני 720 גר,גרמים,720.00,100 גרם,false,,10.00,0.0139,true,1,52170
645173911175,false,קורנישון תומר 1.36 ק,,,קורנישון תומר 1.36 ק,קילוגרמים,1.36,"ק""ג",false,,18.00,13.2353,true,1,52171
651080647519,false,קיסמים עם חוט דנטלי פלאקרס מנטה 35 יחידות,"פלקרס רנור ארה""ב",,פלקרס פלוסר מנטה,יחידה,0.00,יחידה,false,,14.00,0.0000,true,1,178509
661625013334,false,מינואט מריה ביסקוויט,imisk ithalat,,מינואט- בסקוויט מריה,יחידה,0.00,יחידה,false,,0.00,0.0000,true,1,192821
661625333326,false,מינואט מריה ביסקוויט,imisk ithalat,,מינואט- בסקוויט מרי,יחידה,0.00,יחידה,false,,0.00,0.0000,true,1,192820
661625336013,false,מינואט בסקוויט פינגר,IMISK ITHALAT,,מינואט בסקוויט פינגר,גרמים,600.00,100 גרם,false,,10.90,0.0182,true,1,146688
675684421122,false,סירופ מייפל טהור 250,,,סירופ מייפל טהור 250,מיליליטרים,250.00,"100 מ""ל",false,,36.90,14.7600,true,1,185852
680678028263,false,סט 6 כסות לתה,,,סט 6 כסות לתה,יחידה,0.00,יחידה,false,,12.90,0.0000,true,1,183233
693493004756,false,כדוריות הקסם לאסלה ש,,,כדוריות הקסם לאסלה ש,יחידה,0.00,יחידה,false,,9.90,0.0000,true,1,180577
693493087599,false,שתי מקלות וניל,,,שתי מקלות וניל,יחידה,0.00,יחידה,false,,0.00,0.0000,true,1,188122
728229123590,false,טרה אורגינל חטיף על בסיס ירקות שורש בטעם טבעי 110 גרם,הונדורס צ'יפס יצור א,,טרה ציפס חטיף אורגינ,גרמים,110.00,100 גרם,false,,15.90,0.1445,true,1,52239
728229123613,false,טרה חטיף על בסיס תפוח אדמה כחול בטעם טבעי 110 גרם,היין סלסטיאל גרופ,,טרה ציפס ירקות טבעי,גרמים,110.00,100 גרם,false,,15.90,0.1445,true,1,52968
728229124771,false,טרה חטיף על בסיס בטטה בטעם ברביקיו 110 גרם,היין פיוצ'ור נטורל פ,,טרה חטיף ציפס בטטה ב,גרמים,110.00,100 גרם,false,,15.90,0.1445,true,1,119392
728229130444,false,"חטיף על בסיס ירקות שורש עם בטטה, תפו""א כחול וסלק",היין סלסטיאל גרופ,,חטיף צ'יפס מירקות אק,גרמים,110.00,100 גרם,false,,15.90,0.1445,true,1,52969
729001143198,false,"כוסיות ליקר איכותי 40 יח' כשל""פ עד""ח שמאי",,,כוסיות ליקר איכותי 4,יחידה,0.00,יחידה,false,,6.90,0.0000,true,1,187015
733619031690,false,כרית פייטים שפתיים א,,,כרית פייטים שפתיים א,יחידה,0.00,יחידה,false,,39.90,0.0000,true,1,183253
733619256376,false,רעשן + נשכן לתינוק ד,,,רעשן + נשכן לתינוק ד,יחידה,0.00,יחידה,false,,29.90,0.0000,true,1,183314
733619700312,false,גליל סרט קישוט פלסטי,,,גליל סרט קישוט פלסטי,יחידה,0.00,יחידה,false,,10.00,0.0000,true,1,183352
733619701609,false,קופסת קרטון הפתעה לב,,,קופסת קרטון הפתעה לב,יחידה,0.00,יחידה,false,,59.00,0.0000,true,1,183266
733619805499,false,סידור פרחי סבון,,,סידור פרחי סבון,יחידה,0.00,יחידה,false,,14.90,0.0000,true,1,183274
753182231761,false,"משקה אנרגיה BLU ללא תוספת סוכר 250 מ""ל",אקווה ויט,,בלו סיקס משקה אנרגיה,מיליליטרים,250.00,"100 מ""ל",false,,5.00,2.0000,true,1,75180
753182340302,false,אבקת וואסבי 35 גרם (קינגדאוו) (כ),מזרח ומערב,,מזרח ומערב יבוא קינג,יחידה,0.00,יחידה,false,,12.40,0.0000,true,1,105266
768404001640,false,"גלידה בן&ג'ריס קפה משפחתית 500מ""ל",מוצרי איכות אמריקאיים בע,,גלידה פיינטס קפה 473,יחידה,473.00,יחידה,false,,24.40,0.0516,true,1,84212
777696000033,false,מול שחור קנדי 907 גר,,,מול שחור קנדי 907 גר,גרמים,907.00,100 גרם,false,,46.90,0.0517,true,1,96879
804639730167,false,אוכמניות 125 גרם,,,אוכמניות 125 גרם,יחידה,0.00,יחידה,false,,0.00,0.0000,true,1,192601
812049006109,false,אוכמניות 125 גרם,,,אוכמניות 125 גרם,יחידה,0.00,יחידה,false,,0.00,0.0000,true,1,189923
812570033537,false,חולצה טריקו לבן עגול,,,חולצה טריקו לבן עגול,יחידה,0.00,יחידה,false,,0.00,0.0000,true,1,188082
812570033742,false,שמיכה קורל זוהרת בלי,,,שמיכה קורל זוהרת בלי,יחידה,0.00,יחידה,false,,29.90,0.0000,true,1,180700
813724022353,false,תמצית טעם קינמון טהו,הנסיך- מפעל לייצור ט,,"פיור קינמון 59 מ""ל",יחידה,0.00,יחידה,false,,29.90,0.0000,true,1,147079
818570007066,false,"פיור וניל טהור 29 מ""ל ""ווטקינס""","ג'יי אר ווטקינס בע""מ",,ווטקינס וניל טהור 29,יחידה,0.00,יחידה,false,,29.90,0.0000,true,1,147083
835811000464,false,"תמצית מטעם רום 250 מ""ל הנמל",,,תמצית בטעם רום 250 מ,מיליליטרים,250.00,"100 מ""ל",false,,10.90,4.3600,true,1,179205
835811001133,false,קוקוס הנמל 400 גרם כ,,,קוקוס הנמל 400 גרם כ,גרמים,400.00,100 גרם,false,,11.90,0.0298,true,1,186746
835811003700,false,סודה לשתיה הנמל 250 גרם,"פוליבה בע""מ",,סודה לשתייה 250 גרם,גרמים,250.00,100 גרם,false,,0.00,0.0000,true,1,188458
835811004417,false,ריבת חלב הנמל 340 גר,,,ריבת חלב 340 גרם,גרמים,340.00,100 גרם,false,,12.90,0.0379,true,1,163635
835811004424,false,חלב מרוכז 340 גר פוליבה,פוליבה בעמ,,חלב מרוכז 340 גרם,גרמים,340.00,100 גרם,false,,12.90,0.0379,true,1,163636
835811005667,false,שוקולד ציפס בטעם שוקולד 250גר',פינוקים תעשיות מזון,,נטיפי ציפס בטעם שוקו,גרמים,250.00,100 גרם,false,,9.00,0.0360,true,1,60831
835811006466,false,"שיבולת שועל [קווקר] 500 גרם ""הנמל""",,,הנמל שיבולת שועל 500,גרמים,500.00,100 גרם,false,,8.90,0.0178,true,1,122639
835811006497,false,אבקת סוכר 500 גרם הנמל,ר.ס. חברה ליבוא ויצו,,אבקת סוכר 500 גרם,גרמים,500.00,100 גרם,false,,6.90,0.0138,true,1,117908
835811007494,false,גלטין טהור מדגים 2 יח` 14 X גר`,גואנגדונג מיניאנג,,'ג'לטין הנמל 28 גר,יחידה,0.00,יחידה,false,,10.90,0.0000,true,1,59144
839762000641,false,משקה איילנד מנגו נקטר 1 ל',"פאראגאלה,דה אג'יפשן",,איילנד מנגו בקבוק לי,ליטרים,1.00,ליטר,false,,12.00,12.0000,true,1,75701
839762000658,false,איילנד גויאבה המשקה של חופי סיני 1 ליטר,The Egyptian Co. for,,איילנד גויאבה בקבוק,ליטרים,1.00,ליטר,false,,12.00,12.0000,true,1,77312
841058006633,false,"אדג' ג'יל גילוח מועשר בשיבולת שועל 198 מ""ל",אנרג'ייזר,,אדג' ג'ל גלוח מעושר,מיליליטרים,200.00,"100 מ""ל",false,,0.00,0.0000,true,1,188362
856591000062,false,עוגיות מזרחיות עם מלח עבאדי 400 גרם,מאפיית יוסף ושמחה עבאדי,,עוגיות מזרחיות מלח,גרמים,400.00,100 גרם,false,,17.90,0.0447,true,1,57940
856591000109,false,עוגיות מזרחיות פריך במיוחד עבאדי 400 גרם,מאפיית יוסף ושמחה עבאדי,,עבדי עוגיות מזרחיות,גרמים,400.00,100 גרם,false,,17.90,0.0447,true,1,58342
856591000512,false,עוגיות מזרחיות מקלונים עם שומשום עבאדי 400 גרם,מאפיית יוסף ושמחה עבאדי,,עבדי עוגיות מזרחי מק,גרמים,400.00,100 גרם,false,,17.90,0.0447,true,1,74899
877300000074,false,פלפל שחור גרוס צנצנת,,,פלפל שחור גרוס 100 ג,גרמים,100.00,100 גרם,false,,11.90,0.1190,true,1,160113
877300001057,false,פלפל לבן טחון צנצנת,,,פלפל לבן טחון צנצנת,יחידה,0.00,יחידה,false,,11.90,0.0000,true,1,89744
877300001071,false,שום גבישי דק 150 גרם,נפטון מוצרי מזון,,שום גבישי דק 150 גר,יחידה,0.00,יחידה,false,,11.90,0.0000,true,1,153741
877300001101,false,נפטון קינמון טחון 15,נפטון Neptune,,קינמון טחון 150 גרם,יחידה,0.00,יחידה,false,,11.90,0.0000,true,1,160117
877300001286,false,כמון טחון 150 גרם,נפטון Neptune,,כמון טחון 150 גרם,גרמים,150.00,100 גרם,false,,11.90,0.0793,true,1,145995
877300001552,false,תערובת תיבול טוסקנה,נפטון Neptune,,תבלין טוסקנה 150 גר,גרמים,150.00,100 גרם,false,,11.90,0.0793,true,1,153380
877300001866,false,נפטון תערובת תיבול פ,,,תבלין פילדלפיה 150,גרמים,150.00,100 גרם,false,,11.90,0.0793,true,1,160122
877300003242,false,רוטב ברביקיו 360 גרם,נפטון מוצרי מזון (1990),,רוטב ברביקיו 360 גרם,יחידה,0.00,יחידה,false,,12.90,0.0000,true,1,89779
877300003365,false,רוטב מקסיקני 320 גרם,נפטון Neptune,,רוטב מקסיקני 320 גרם,יחידה,0.00,יחידה,false,,12.90,0.0000,true,1,89783
877300005369,false,תבלין שווארמה,,,תבלין שווארמה,קילוגרמים,1.00,"ק""ג",true,,0.00,0.0000,true,1,198064
877300007745,false,פפריקה חריפה 400 גר,,,פפריקה חריפה 400 גר,גרמים,400.00,100 גרם,false,,19.90,0.0497,true,1,153710
877300009848,false,מלח לימון 150 גרם נפ,,,מלח לימון 150 גרם,יחידה,0.00,יחידה,false,,11.90,0.0000,true,1,175428
883314161335,false,סט 6 כוסות רגל 58 VE,,,סט 6 כוסות רגל 58 VE,יחידה,0.00,יחידה,false,,0.00,0.0000,true,1,187593
883314163605,false,סט 6 כוסות רגל 72 VE,,,סט 6 כוסות רגל 72 VE,יחידה,0.00,יחידה,false,,0.00,0.0000,true,1,187594
883314432428,false,סט 6 מאגים 32 ניו מו,,,סט 6 מאגים 32 ניו מו,יחידה,0.00,יחידה,false,,0.00,0.0000,true,1,188769
883314639636,false,תבנית אובלי 32X20 לב,,,תבנית אובלי 32X20 לב,יחידה,0.00,יחידה,false,,0.00,0.0000,true,1,198890
883314665925,false,צלחת הגשה 26 דיוואלי,,,צלחת הגשה 26 דיוואלי,יחידה,0.00,יחידה,false,,0.00,0.0000,true,1,198891
883314714951,false,סט 5 פלטה עגולה + 4,,,סט 5 פלטה עגולה + 4,יחידה,0.00,יחידה,false,,0.00,0.0000,true,1,187600
883314723823,false,סט 2 תבניות אובלי 38,,,סט 2 תבניות אובלי 38,יחידה,0.00,יחידה,false,,0.00,0.0000,true,1,189738
883314755015,false,סט 3 צנצנת היפנוסיק,,,סט 3 צנצנת היפנוסיק,יחידה,0.00,יחידה,false,,0.00,0.0000,true,1,188583
884620039677,false,דורסל נורת לד אור יו,,,דורסל נורת לד אור יו,יחידה,0.00,יחידה,false,,15.90,0.0000,true,1,156308
884912002372,false,דגני בוקר גרייט גריינס פוסט453 גרם,פוסט ארצות הברית,,פוסט דגנים קרנברי 36,גרמים,368.00,100 גרם,false,,25.90,0.0704,true,1,160482
884912014245,false,האני באנצ' דגני בוקר עם דבש פוסט 411 גרם,הנסיך- מפעל לייצור ט,,פוסט דגני בוקר האני,גרמים,411.00,100 גרם,false,,23.90,0.0582,true,1,88411
884912014252,false,פוסט הני בנצ'ס אלמונד411,הנסיך- מפעל לייצור ט,,פוסט האני בנצ'ס עם ש,גרמים,411.00,100 גרם,false,,23.90,0.0582,true,1,88410
884912102102,false,דגני בוקר פוסט סלקט אוכמניות 382 גר,הנסיך- מפעל לייצור ט,,פוסט דגני בוקר סלקט,גרמים,382.00,100 גרם,false,,25.90,0.0678,true,1,143244
884912117625,false,דגני שלווה מצופים בדבש Golden Crisp,הנסיך- מפעל לייצור ט,,פוסט גולדן קריספ 311,גרמים,311.00,100 גרם,false,,0.00,0.0000,true,1,198894
884912259363,false,פוסט דגני בוקר פקאן/,פוסט ארצות הברית,,פוסט דגני בוקר פקאן/,גרמים,411.00,100 גרם,false,,23.90,0.0582,true,1,143242
884912301642,false,דגני בוקר אוראו פוסט311ג,,,דגני בוקר עוגיות ארא,גרמים,311.00,100 גרם,false,,22.90,0.0736,true,1,178770
888849004614,false,קווסט חטיף חלבון בטעם מאפין אוכמניות,סיטי ספורט,,קווסט חטיף חלבון בטע,יחידה,0.00,יחידה,false,,0.00,0.0000,true,1,187925
960860015432,false,"עוגיות קלות ללת""ס קמח מלא 200 גר",מצות אביב 2014 מאפה בעמ,,עוגיות קלות אביבה לל,גרמים,200.00,100 גרם,false,,13.90,0.0695,true,1,181146
1010164700004,false,נייר 1200 תעשיתי כרמ,,,נייר 1200 תעשיתי כרמ,יחידה,0.00,יחידה,false,,59.90,0.0000,true,1,175458
1070980499148,false,בונבונירה עגולה זכוכ,,,בונבונירה עגולה זכוכ,יחידה,0.00,יחידה,false,,29.90,0.0000,true,1,183921
1070980502985,false,מאפרה עגולה זכוכית 0,,,מאפרה עגולה זכוכית 0,יחידה,0.00,יחידה,false,,16.90,0.0000,true,1,185731
1133068905274,false,סט שיפודים 12 מרובע,,,סט שיפודים 12 מרובע,יחידה,0.00,יחידה,false,,12.90,0.0000,true,1,183909
3010470155299,false,פריסקיז Friskies פטה בקר וירקות,ניו פטפוד איטליה,,פריסקיז פטה בקר וירק,גרמים,400.00,100 גרם,false,,10.90,0.0273,true,1,145036
3010470158221,false,פריסקיז פ.עוף וירקות400ג,ניו פטפוד איטליה,,פריסקיז פטה עוף וירק,גרמים,400.00,100 גרם,false,,10.90,0.0273,true,1,145037
3014260097028,false,מברשת שיניים אורל בי,,,מברשת שיניים אורל בי,יחידה,0.00,יחידה,false,,19.90,0.0000,true,1,175436
3014260100667,false,אורל בי מברשת שיניים ילדים 3-5 שנים,פרוקטר אנד גמבל,,אורל בי מברשת שיניים,יחידה,0.00,יחידה,false,,13.90,0.0000,true,1,186351
3014260100698,false,אורל בי מברשת שיניים ילדים 6-12 שנים,פרוקטר אנד גמבל,,אורל בי מברשת שיניים,יחידה,0.00,יחידה,false,,22.90,0.0000,true,1,186352
3014260214692,false,"ג'ל גילוח ג'ילט סירייס לעור רגיש 200 מ""ל",פרוקטר אנד גמבל,,גל גילוח רגיש סירייס,מיליליטרים,200.00,"100 מ""ל",false,,20.00,10.0000,true,1,51453
3014260243531,false,ג'ילט מאך 3 סכינים 4 יח',פרוקטר אנד גמבל,,ג'ילט סכיני גילוח מא,יחידה,4.00,יחידה,false,,29.90,7.4750,true,1,51200
3014260246693,false,סכיני גילוח חד פעמי ונוס סימפלי רביעייה,פרוקטר & גמבל,,סימפלי ונוס 4 יח,יחידה,4.00,יחידה,false,,9.90,2.4750,true,1,51309
3014260287030,false,"סכיני גילוח ג'ילט בלו 2 כחול ח""פ 5יח'",פרוקטר אנד גמבל,,"ג'ילט סכיני גילוח ח""",יחידה,5.00,יחידה,false,,7.90,1.5800,true,1,51402
3014260289287,false,סכין גילוח גילט בלו 2 לנשים-חמישייה,פרוקטר אנד גמבל,,בלו 2 לנשים 5 יח',יחידה,5.00,יחידה,false,,15.00,3.0000,true,1,51456
3014260314323,false,מברשת שיניים אורל בי,,,אורל בי מברשת שיניים,יחידה,0.00,יחידה,false,,6.90,0.0000,true,1,148541
3014260331306,false,מאך 3 טורבו 3+1 סכין פרוגלייד,,,גילט מאך טורבו פרוגל,יחידה,4.00,יחידה,false,,39.90,9.9750,true,1,77849
3014260833848,false,מברשות שיניים אורל בי פרו אקספרט 35 זוג,,,פרו אקספרט זוג להגנה,יחידה,0.00,יחידה,false,,19.90,0.0000,true,1,186345
3045140105502,false,שוקולד מילקה חלב 100 גרם,מנדלז דויצ'\לנד סנקס פרו,,מילקה שוק.חלב 100 גר,גרמים,100.00,100 גרם,false,,8.00,0.0800,true,1,62134
3045206312257,false,דזיטול מגבונים לכל משטח מחטא ומשמיד,יעקבי - דזיטול Desytol,,דזיטול מגבונים לחיטו,יחידה,0.00,יחידה,false,,13.90,0.0000,true,1,89547
3046920010856,false,לינדט שוקולד אקסלנס לימון גינגיר 100 גר,לינדט ושפרונגלי,,לינדט אקס'למון ג'ינג,גרמים,100.00,100 גרם,false,,16.00,0.1600,true,1,184840
3046920027281,false,שוקולד מריר אקסלנס במילוי קרמל ומלח ים,לינדט ושפרונגלי קילשברג,,לינדט אקסלנס קרמל מר,יחידה,0.00,יחידה,false,,16.00,0.0000,true,1,112651
3046920028752,false,שוקולד לינדט אקסלנס מינט 100 גרם,לינדט ושפרונגלי קילשברג,,לינדט אקסלנס מריר מנ,גרמים,100.00,100 גרם,false,,16.00,0.1600,true,1,51058
3046920029674,false,שוקולד לינדט אקסלנס סולט 100 גרם,לינדט ושפרונגלי קילשברג,,לינדט אקסלנס עם שבבי,גרמים,100.00,100 גרם,false,,16.00,0.1600,true,1,59707
3046920029759,false,לינדט אקסלנס 90% מוצקי קקאו 100 גרם,לינדט ושפרונגלי קילשברג,,לינדט אקסלנס 90% 100,גרמים,100.00,100 גרם,false,,16.00,0.1600,true,1,112652
3046920029780,false,לינדט שוקולד אקסלנס 70% מילד 100 גר,לינדט ושפרונגלי קילשברג,,לינדט אקסלנס 70% 100,גרמים,100.00,100 גרם,false,,16.00,0.1600,true,1,141612
3059940007768,false,"מבשם אוויר אירוויק ספריי וניל אורכידאה 240 מ""ל",איירוויק Air Wick,,איירויק ספריי וניל 2,מיליליטרים,240.00,"100 מ""ל",false,,15.00,6.2500,true,1,51536
3059943015104,false,"אירוויק מבשם אויר נטול גז בניחוח פריסיה ויסמין 345 מ""ל",איירוויק Air Wick,,"אירוויק 345 מ""ל נטול",מיליליטרים,345.00,"100 מ""ל",false,,19.90,5.7681,true,1,51407
3059943015128,false,מבשם אוויר נטול גז אקווה מיסט בניחוח לבנדר פראי ואוויר הרים,הדקלאים אגודת שיתופי,,"אירוויק 345 מ""ל נטול",מיליליטרים,345.00,"100 מ""ל",false,,19.90,5.7681,true,1,51156
3059943016507,false,"אירוויק ספריי בניחוח לבנדר וקמומיל 240 מ""ל",איירוויק Air Wick,,איירויק ספריי לבנדר,מיליליטרים,240.00,"100 מ""ל",false,,15.00,6.2500,true,1,51157
3059943016569,false,"מבשם אוויר אירוויק ספריי פרסיה ויסמין 240 מ""ל",איירוויק Air Wick,,איירויק ספריי פריסיה,מיליליטרים,240.00,"100 מ""ל",false,,15.00,6.2500,true,1,51116
3059944021197,false,"ויט קרם להסרת שיער לעור רגיש (אריזת חיסכון) 400 מ""ל",רקיט בנקיזר צרפת,,קרם הסרת שיער לעור ר,מיליליטרים,400.00,"100 מ""ל",false,,49.90,12.4750,true,1,51118
3059944021869,false,Veet קרם בספריי להסרת שיער לעור רגיל,רקיט בנקיזר,,ויט קרם ספריי להסרת,מיליליטרים,150.00,"100 מ""ל",false,,50.00,33.3333,true,1,51317
3059944022415,false,רצועות שעווה מוכנות לשימוש מועשרת בתמציות ובניחוח ורדים,רקיט בנקיזר צרפת,,ויט ארומטיק רצועות ש,יחידה,10.00,יחידה,false,,24.90,2.4900,true,1,51119
3073780538442,false,גבינה לה וואש קירי ספרידי ממרח,"מפעלי גבינות ""ביל",,לה וואש קירי ממרח 32,גרמים,200.00,100 גרם,false,,18.90,0.0945,true,1,59712
3073780574242,false,גבינה לואש קירי 16 יח' 240 ג',,,לה וואש קירי 116 יח',גרמים,240.00,100 גרם,false,,19.90,0.0829,true,1,141620
3073780574310,false,גבינה לה וואש קירי 24 400 גר,,,לה וואש קירי 24 יח',גרמים,360.00,100 גרם,false,,27.90,0.0775,true,1,141621
3073780593083,false,גבינה לואש קירי 32 יח' 480 ג',"מפעלי גבינות ""ביל",,לה וואש קירי 32 יח',גרמים,535.00,100 גרם,false,,36.90,0.0690,true,1,59713
3073780839631,false,גבינת קירי מותכת 6 י,"מפעלי גבינות ""ביל",,גבינה קירי 6 יח 100,גרמים,100.00,100 גרם,false,,10.90,0.1090,true,1,98369
3073780894326,false,גבינה קירי 12 יח' 200 ג',"מפעלי גבינות ""ביל",,גבינת קירי 12יח 200,גרמים,200.00,100 גרם,false,,20.90,0.1045,true,1,98368
3073781010749,false,גבינה לואש קירי ממרח,,,גבינה לואש קירי ממרח,גרמים,350.00,100 גרם,false,,29.90,0.0854,true,1,186526
3073781041804,false,ממרח גבינת לואש קירי,"מפעלי גבינות ""ביל",,ממרח גבינה לה וואש ק,גרמים,400.00,100 גרם,false,,24.90,0.0622,true,1,122610
3073781077278,false,גבינה לואש קירי 12 יח' 200 ג',"מפעלי גבינות ""ביל",,לה וואש קירי 12 יח 2,גרמים,200.00,100 גרם,false,,14.90,0.0745,true,1,143156
3073781108903,false,גבינה אבו אלואלד צנצ,,,גבינה אבו אלואלד צנצ,גרמים,200.00,100 גרם,false,,0.00,0.0000,true,1,189963
3073781108910,false,גבינה אבו אלואלד צנצ,,,גבינה אבו אלואלד צנצ,גרמים,500.00,100 גרם,false,,0.00,0.0000,true,1,189964
3073781108927,false,גבינה אבו אלואלד צנצ,,,גבינה אבו אלואלד צנצ,גרמים,900.00,100 גרם,false,,0.00,0.0000,true,1,189965
3073781122572,false,גבינה לואש קירי בכוס,בל,,גבינה לואש קירי בכוס,גרמים,140.00,100 גרם,false,,10.90,0.0779,true,1,186688
3073781122596,false,גבינה לואש קירי בכוס 270 ג',"מפעלי גבינות ""ביל",,גבינה לואש קירי בכוס,גרמים,270.00,100 גרם,false,,19.90,0.0737,true,1,186689
3141360054405,false,פיניש מפיץ ריח למדיח בניחוח לימון וליים,הדקלאים אגודת שיתופי,,פיניש מפיץ ריח לימון,יחידה,0.00,יחידה,false,,20.00,0.0000,true,1,141550
3173282715027,false,שוק.חלב ממולא קרם חלב200,דיפה סאס,,צ'וקטה אצבעות שוקולד,גרמים,200.00,100 גרם,false,,12.90,0.0645,true,1,141085
3228022910023,false,חמאת צרפתית פרזידנט 200 גרם,סוסייטה בארייר דה אי,,פרזידנט חמאה צרפתית,גרמים,200.00,100 גרם,false,,14.90,0.0745,true,1,143365
3387390320244,false,פיטנס דגני בוקר מחיטה מלאה עם פירות נסטלה 375 גרם,נסטלה צרפת איטנקורט,,פיטנס פירות 375 גרם,גרמים,375.00,100 גרם,false,,21.90,0.0584,true,1,51549
3387390525960,false,קראנץ' דגני בוקר עם שוקולד חלב נסטלה 500 גרם,הנסיך- מפעל לייצור ט,,קראנץ' 500 גרם,גרמים,500.00,100 גרם,false,,22.90,0.0458,true,1,51067
3426470268561,false,תבנית אובלית 35X24 I,,,תבנית אובלית 35X24 I,יחידה,0.00,יחידה,false,,0.00,0.0000,true,1,188584
3427000909152,false,גביע אחסון רבע ארוז שמאי 10 יח',,,שמאי - גביעי אחסון ל,יחידה,0.00,יחידה,false,,5.00,0.0000,true,1,148175
3516663260004,false,שמרים יבשים די.סי.אל,,,שמרים 125 גרם,גרמים,125.00,100 גרם,false,,4.90,0.0392,true,1,160643
3516664460007,false,שמרים חבשים - בן רגע,,,שמרים חבשים - בן רגע,גרמים,500.00,100 גרם,false,,10.00,0.0200,true,1,154374
3563490014898,false,ריין דיז'ון חרדל דיז'ון 265 גרם,ריין דיז'ון reine dijon,,ריין דה דיז'ון חרדל,גרמים,265.00,100 גרם,false,,12.90,0.0487,true,1,108609
3574660026788,false,גונסונס בייבי טלק 200 גרם חדש,ג'ונסונס Johnson's,,גונסונס בייבי טלק 2,גרמים,200.00,100 גרם,false,,19.90,0.0995,true,1,178100
3574660089547,false,טמפונים נורמל קלאסי אובה 32 יחידות,ג'\ונסון אנד ג'\ונסון,,אובה קלאסי נורמל 32,יחידה,32.00,יחידה,false,,24.90,0.7781,true,1,62092
3574660115154,false,או-בה טמפונים קלאסי סופר 32יח',ג'\ונסון אנד ג'\ונסון,,אובה קלאסי סופר 32 י,יחידה,32.00,יחידה,false,,24.90,0.7781,true,1,61733
3574660239973,false,או-בה פרוקומפורט 32 יח נורמל,גונסון אנד גונסון,,אובה פרוקומפורט נורמ,יחידה,32.00,יחידה,false,,24.90,0.7781,true,1,61654
3574660342291,false,נטרוגינה ס.נורבגית קרם ידיים&ציפורניים75,ניוטרוג'ינה Neutrogena,,נוטרוג'ינה קרם ידיים,יחידה,0.00,יחידה,false,,24.90,0.0000,true,1,149706
3574660464337,false,מגני תחתון קרפרי נורמל אוורירי מבושם,ג'\ונסון אנד ג'\ונסון,,קרפרי מגן תחתון אוור,יחידה,76.00,יחידה,false,,24.90,0.3276,true,1,61741
3574660464368,false,קרפרי מגן תחתון אוורירי אלוורה 76 יח'',גונסון אנד גונסון,,קרפרי מגן תחתון אוור,יחידה,76.00,יחידה,false,,24.90,0.3276,true,1,61916
3574660464429,false,מגני תחתון קרפרי נורמל אוורירי עם מעטפת כותנה,ג'\ונסון אנד ג'\ונסון,,קרפרי מגן תחתון אוור,יחידה,76.00,יחידה,false,,24.90,0.3276,true,1,61917
3574660619652,false,"גונסון ביבי אלסבון 750מ""ל",Johnson Toilet-IT,,גונסון בייבי אלסבון,מיליליטרים,750.00,"100 מ""ל",false,,19.90,2.6533,true,1,71442
3574660676105,false,"קרם ר""ש ניוטרוג'ינה קליל",CILAG GMBH INTERNATI,,נטרוגינה קרם גוף קלי,מיליליטרים,300.00,"100 מ""ל",false,,29.90,9.9667,true,1,98326
3574660676396,false,"קרם רב שימושי אינטנסיבי 300 מ""ל ניוטרוג'ינה",גונסון אנד גונסון סנטה ב,,ניוטרוגינה קרם רב שי,מיליליטרים,300.00,"100 מ""ל",false,,29.90,9.9667,true,1,183173
3574661098531,false,ניוטרוגינה תחליב גוף מועשר לעור יבש/רגיש,ניוטרוג'ינה Neutrogena,,ניוטרוגינה תחליב גוף,מיליליטרים,400.00,"100 מ""ל",false,,39.90,9.9750,true,1,162539
3574661114637,false,ליסטרין שטיפת פה קול מינט טעם מעודן 500,ג'\ונסון אנד ג'\ונסון,,ליסטרין שטיפת פה זיר,,500.00,100 ליטר,false,,0.00,0.0000,true,1,187556
3574661141022,false,וניה תחבושות הגייניות מקסי לילה 12 יח,CILAG GMBH INTERNATI,,וניה תחבושות הגייניו,יחידה,12.00,יחידה,false,,25.00,2.0833,true,1,160881
3574661203126,false,ליסטרין אדוונס וויט 250מ,ג'ונסון,,ליסטרין שטיפת פה ADV,יחידה,0.00,יחידה,false,,0.00,0.0000,true,1,188385
3574661203195,false,ליסטרין מי פה 500 מל,,,ליסטרין מי פה 500 מל,יחידה,0.00,יחידה,false,,0.00,0.0000,true,1,187953
3574661283739,false,גונסונס בייבי קרם לחות שפופרת 100 מל,Johnson Toilet-IT,,גונסונס בייבי תחליב,מיליליטרים,100.00,"100 מ""ל",false,,26.90,26.9000,true,1,178105
3574661359885,false,טמפונים סופר קומפורט אובה 32 יחידות,Johnson Toilet-IT,,או בה פרוקומפורט סופ,יחידה,32.00,יחידה,false,,24.90,0.7781,true,1,151541
3574661401140,false,"שטיפת פה ליסטרין נייטלי ריסיט 400 מ""ל",ניאופארם,,ליסטרין מי פה ריסית,יחידה,0.00,יחידה,false,,0.00,0.0000,true,1,189040
3574661487328,false,קרפרי מגני תחתון אורגינל פלוס 56 יח',הדקלאים אגודת שיתופי,,קרפרי רגיל 58 יח',יחידה,58.00,יחידה,false,,20.00,0.3448,true,1,180615
3574661487335,false,מגן תחתון קרפרי מקסי לונג ריחני 40 יחידות,קרפרי Carefree,,קרפרי לונג ריחני 40,יחידה,40.00,יחידה,false,,20.00,0.5000,true,1,180151
3574661487618,false,קרפרי מגן תחתון מקסי לארג'' מבושם 48 יח'',ג'ויה מעבדות לקוסמטי,,קרפרי מקסי לארג' מבו,יחידה,48.00,יחידה,false,,20.00,0.4167,true,1,181294
3574661487625,false,מגני תחתון פלוס לארג' בניחוח עדין L,הדקלאים אגודת שיתופי,,קרפרי מקסי לארג 48 י,יחידה,48.00,יחידה,false,,20.00,0.4167,true,1,181253
3574661487632,false,מגני תחתון פלוס לארג' בניחוח עדין L,ג'\ונסון אנד ג'\ונסון,,קרפרי מגן תחתון לארג,יחידה,64.00,יחידה,false,,24.90,0.3891,true,1,182304
3574661500355,false,קרפרי מגן תחתון מקסי לונג רגיל 40 יח',ג'ויה מעבדות לקוסמטי,,קרפרי לונג 40 יח',יחידה,40.00,יחידה,false,,20.00,0.5000,true,1,179211
3574661506272,false,קרפרי מגבונים אינטימיים אלוורה 20 יח,ג'\ונסון אנד ג'\ונסון,,קרפרי מגבונים אינטימ,יחידה,20.00,יחידה,false,,19.90,0.9950,true,1,179515
3574661530697,false,גונסונס בייבי תרחיץ ושמפו לתינוק 500 מל,ג'ונסונס Johnson's,,גונסון בייבי תרחיץ ו,מיליליטרים,500.00,"100 מ""ל",false,,19.90,3.9800,true,1,178086
3574661552804,false,מגן תחתון קרפרי אלוורה 56 יחידות,הדקלאים אגודת שיתופי,,קרפרי אוורירי עם אלו,יחידה,58.00,יחידה,false,,0.00,0.0000,true,1,189045
3574661554884,false,קרפרי מגן תחתון רגיל טנגה מבושם 56 יח,הדקלאים אגודת שיתופי,,קרפרי רגיל-טנגה מבוש,יחידה,58.00,יחידה,false,,0.00,0.0000,true,1,188985
3574669907682,false,גונסונס בייבי טלק 500 גרם חדש,גונסון אנד גונסון,,גונסונס בייבי טלק 50,גרמים,500.00,100 גרם,false,,33.90,0.0678,true,1,178102
3574669907781,false,גונסונס בייבי שמפו לתינוק 750 מל,Johnson Toilet-IT,,גונסונס בייבי שמפו ג,מיליליטרים,750.00,"100 מ""ל",false,,25.90,3.4533,true,1,178110
3574669907972,false,"גונסון בייבי שמפו טיפות של ברק 750 מ""ל",ג'ונסונס Johnson's,,גונסונס שמפו טיפות ש,מיליליטרים,750.00,"100 מ""ל",false,,25.90,3.4533,true,1,178095
3574669909075,false,גונסון בייבי שמן מגע כותנה 300 מל חדש,שסטוביץ,,גונסונס בייבי שמן מג,מיליליטרים,200.00,"100 מ""ל",false,,25.90,12.9500,true,1,178103
3574669909181,false,גונסונס בייבי שמן אלוורה לתינוק 300 מל,ג'ונסונס Johnson's,,גונסונס בייבי שמן אל,מיליליטרים,300.00,"100 מ""ל",false,,21.90,7.3000,true,1,178112
3600522344032,false,לוריאל - אלביב מסכה טוטאל ריפר 300,kozmetik canan,,מסכת אלביב טוטל ריפי,מיליליטרים,300.00,"100 מ""ל",false,,29.90,9.9667,true,1,86018
3600522344155,false,אלביב מסכה ארגנין 300 מל,"לוריאל ישראל בע""מ",,אלביב מסכת ארג'נין 3,מיליליטרים,300.00,"100 מ""ל",false,,29.90,9.9667,true,1,79796
3600522368250,false,לוריאל - אקסלנס קרם 6.7 חום בהיר שוקולד,ליברמו,,אקסלנס חום בהיר שוקו,יחידה,0.00,יחידה,false,,39.90,0.0000,true,1,114017
3600523464548,false,לוריאל הידרה גינייס גל לחות לעור עדין,"לוריאל פרודקשן דויטשלנד,",,ג'ל לחות לעור עדין,יחידה,0.00,יחידה,false,,0.00,0.0000,true,1,198895
3600523587865,false,לוריאל - אלביב קרם לשיער דרים לונג 200,לוריאל - אלביב Elvive,,אלביב קרם לשיער דרים,יחידה,0.00,יחידה,false,,29.90,0.0000,true,1,178148
3600523651870,false,שמפו לחיזוק סיב השערה לכל סוגי השיער,לוריאל - אלביב Elvive,,לוריאל אלביב שמפו אר,מיליליטרים,550.00,"100 מ""ל",false,,16.90,3.0727,true,1,155516
3600523651900,false,מרכך לחיזוק סיב השערה לכל סוגי השיער,לוריאל - אלביב Elvive,,לוריאל אלביב מרכך אר,מיליליטרים,550.00,"100 מ""ל",false,,16.90,3.0727,true,1,155517
3600523652235,false,אלביב שמפו טוטאל ריפר 2ב1 550,,,לוריאל אלביב שמפו ט.,מיליליטרים,550.00,"100 מ""ל",false,,16.90,3.0727,true,1,155525
3600523652242,false,"לוריאל - אלביב שמפו קולור פרוטקט 550 מ""ל",לוריאל - אלביב Elvive,,לוריאל אלביב שמפו קו,מיליליטרים,550.00,"100 מ""ל",false,,16.90,3.0727,true,1,155526
3600523652259,false,"לוריאל - אלביב מרכך קולור פרוטקט 550 מ""ל",קוסמטיקס,,לוריאל אלביב מרכך קו,מיליליטרים,550.00,"100 מ""ל",false,,16.90,3.0727,true,1,155527
3600523652273,false,אלביב שמפו 550 מל חימר מרענן לניקוי יסוד,קוסמטיקס,,לוריאל אלביב שמפו חי,מיליליטרים,550.00,"100 מ""ל",false,,16.90,3.0727,true,1,155529
3600523652280,false,"לוריאל אלביב שמפו מועשר ב 6 שמנים, 550 מ""ל",לוריאל - אלביב Elvive,,לוריאל אלביב שמפו 6,יחידה,0.00,יחידה,false,,16.90,0.0000,true,1,155518
3600523652297,false,"מרכך לשיער אלביב זהב 6 שמנים , 550 מ""ל",לוריאל - אלביב Elvive,,לוריאל אלביב מרכך 6,יחידה,0.00,יחידה,false,,16.90,0.0000,true,1,155519
3600523653638,false,אלביב מרכך 550 מל חימר לסירוק קל,קוסמטיקס,,לוריאל אלביב מרכך חי,מיליליטרים,550.00,"100 מ""ל",false,,16.90,3.0727,true,1,155531
3600523755806,false,"לוריאל - אלביב שמפו קוקוס 550 מ""ל",קוסמטיקס,,אלביב שמפו קוקוס 550,מיליליטרים,550.00,"100 מ""ל",false,,16.90,3.0727,true,1,181700
3600523756322,false,"לוריאל - אלביב מרכך קוקוס 550 מ""ל",קוסמטיקס,,אלביב מרכך קוקוס 550,מיליליטרים,550.00,"100 מ""ל",false,,16.90,3.0727,true,1,181701
3600523782567,false,"לוריאל - אלביב שמפו דרים לונג 500 מ""ל",לוריאל - אלביב Elvive,,אלביב שמפו דרים לונג,מיליליטרים,500.00,"100 מ""ל",false,,16.90,3.3800,true,1,178156
3600523782581,false,מרכך מתיר קשרים לשיער ארוך ופגום Dream Long,לוריאל - אלביב Elvive,,אלביב מרכך דרים לונג,מיליליטרים,500.00,"100 מ""ל",false,,16.90,3.3800,true,1,178157
3600523815791,false,"לוריאל אלביב שמפו ארגנין 360 מ""ל",,,אלביב שמפו ארגנין 36,מיליליטרים,360.00,"100 מ""ל",false,,13.90,3.8611,true,1,178150
3600523815838,false,אלביב שמפו קולור פרו,,,אלביב שמפו קולור פרו,מיליליטרים,360.00,"100 מ""ל",false,,13.90,3.8611,true,1,178154
3600540308627,false,קולור נטורלס 4 חום כהה,קוסמופול,,גרנייה 4 קולור נטורל,יחידה,0.00,יחידה,false,,22.90,0.0000,true,1,51720
3600540308634,false,גרנייה - קולור נטורלס 5 חום טבעי,לוריאל ישראל קוסמטיקס בע,,5 גרנייה קולור נטורל,יחידה,0.00,יחידה,false,,22.90,0.0000,true,1,59729
3600540308641,false,גרנייה - קולור נטורלס 6 חום בהיר,קוסמופול,,6 גרנייה קולור נטורל,יחידה,0.00,יחידה,false,,22.90,0.0000,true,1,51372
3600540308658,false,7 גרנייה קולור נטורלס בלוד כהה טבעי,לוריאל ישראל קוסמטיקס בע,,7 גרנייה קולור נטורל,יחידה,0.00,יחידה,false,,22.90,0.0000,true,1,51242
3600540308672,false,קולור נטורלס בלונד בהיר מאוד 9,לוריאל ישראל קוסמטיקס בע,,צבע שפופרת גרנייה 9,יחידה,0.00,יחידה,false,,22.90,0.0000,true,1,51854
3600540308696,false,גרנייה - קולור נטורלס 2.1 שחור כחול,לוריאל ישראל קוסמטיקס בע,,קולור נטורלס שחור כח,יחידה,0.00,יחידה,false,,22.90,0.0000,true,1,51333
3600540308719,false,קולור נטורלס 8.1 בלונד אפור בהיר,לוריאל ישראל קוסמטיקס בע,,קולור נטורלס בלונד א,יחידה,0.00,יחידה,false,,22.90,0.0000,true,1,51721
3600540308740,false,צבע לשיער גרנייה חום,קוסמופול,,6.25 גרנייה קולור נט,יחידה,0.00,יחידה,false,,22.90,0.0000,true,1,51243
3600540308788,false,קולור נטורלס 5.3 חום זהוב,לוריאל ישראל קוסמטיקס בע,,5.3 גרנייה קולור נטו,יחידה,0.00,יחידה,false,,22.90,0.0000,true,1,51855
3600540308948,false,'גרנייה קולור נטורלס בלונד בז,,,גרנייה קולור נטורלס,יחידה,0.00,יחידה,false,,22.90,0.0000,true,1,51723
3600540928863,false,גרניה מיניראל רול און קליר אינויזיבל,קוסמופול,,גרנייה מיניראל אינוי,יחידה,0.00,יחידה,false,,16.90,0.0000,true,1,59736
3600541029323,false,גרנייה אסנשיאל מסיר איפור 2 ב- 1,SOPROCOS סופרוקוס,,אסנשיאל מסיר איפור 2,מיליליטרים,200.00,"100 מ""ל",false,,24.90,12.4500,true,1,51224
3600541033399,false,גרניה מינראל ספריי קול,לוריאל ישראל קוסמטיקס בע,,גרנייה דאודורנט ספרי,מיליליטרים,150.00,"100 מ""ל",false,,16.90,11.2667,true,1,100362
3600541091818,false,קולור נט 5.25 חום מהגוני פנינה חדש,לוריאל ישראל קוסמטיקס בע,,גרנייה קולור נטורלס,יחידה,0.00,יחידה,false,,22.90,0.0000,true,1,51248
3600541243118,false,גרניה אסנשיאל מגבונים לעור רגיש,"קוסמופול, פולין",,מגבוני אסנשיאל רגיש,יחידה,25.00,יחידה,false,,13.90,0.5560,true,1,143641
3600541253667,false,"גרנייה - דאודורנט ספריי לאישה אינביזיבל BWC (ורוד) 150 מ""ל","לוריאל ישראל בע""מ",,גרנייה דאורדורנט ספר,מיליליטרים,150.00,"100 מ""ל",false,,16.90,11.2667,true,1,100361
3600541351493,false,גרניה אנטי אייגינג אססנטיאל 45+ קרם יום,לוריאל,,גרנייה אנטי אייג' 45,יחידה,0.00,יחידה,false,,44.90,0.0000,true,1,152608
3600541382930,false,גרנייה - מים מיסלרים לכל סוגי העור,"קוסמופול, פולין",,גרנייה מי מיסלר הכול,יחידה,0.00,יחידה,false,,29.90,0.0000,true,1,136689
3600541402270,false,"גרנייה - דאודורנט ספריי לאישה אינביזיבל BWC (ירוק) 150 מ""ל","לוריאל ישראל בע""מ",,גרנייה דאודורנט ספרי,יחידה,0.00,יחידה,false,,16.90,0.0000,true,1,101405
3600541414051,false,דאודורנט רול אינביזי פרש,"לוריאל ישראל בע""מ",,אינביזי לכל צבע פרש,יחידה,0.00,יחידה,false,,16.90,0.0000,true,1,100360
3600541448476,false,גרנייה דאו רול-און אינבזיבל קונטרול,"לוריאל ישראל בע""מ",,גרנייה רול דרי קונטר,יחידה,0.00,יחידה,false,,16.90,0.0000,true,1,120866
3600541518032,false,דאודורנט גרנייה רול,"לוריאל ישראל בע""מ",,גרנייה דאודורנט רול,יחידה,0.00,יחידה,false,,16.90,0.0000,true,1,154452
3600541740006,false,"גרנייה - דאודורנט ספריי לאישה אקשן קונטרול 72 שעות 150 מ""ל","לוריאל ישראל בע""מ",,גרנייה דאו 5 פרוטקשי,יחידה,0.00,יחידה,false,,16.90,0.0000,true,1,134558
3600541928275,false,מי פנים מיסלריים דו-פאזיים מסיר איפור עמיד במים,"קוסמופול, פולין",,גרנייה מים מיסלריים,יחידה,0.00,יחידה,false,,30.00,0.0000,true,1,142293
3600541937475,false,גרניה פיור גרגרים מסיכה לעור מעורב עד שמן,לוריאל,,גרנייה פיור ניקוי 3-,יחידה,150.00,יחידה,false,,29.90,0.1993,true,1,136390
3600541952720,false,ג'ל גרגירים עם פחם פעיל לטיפול בראשים שחורים,גרנייה Garnier,,גרנייה פיור פחם גל ג,מיליליטרים,150.00,"100 מ""ל",false,,34.90,23.2667,true,1,136391
3600541956223,false,"גרנייה פיור לניקוי וטיפול בסימנים ופגעי עם מברשת 150 מ""ל","קרלסרו, גרמניה",,גרנייה פיור אקספוברש,מיליליטרים,150.00,"100 מ""ל",false,,40.40,26.9333,true,1,136392
3600542017312,false,גרנייה דאודורנט ספרי,,,גרנייה דאודורנט ספרי,יחידה,0.00,יחידה,false,,16.90,0.0000,true,1,154456
3600542051057,false,גרנייה - בוטניקל מי פנים ורדים,"קוסמופול, פולין",,בוטניקול טונר ורדים,יחידה,0.00,יחידה,false,,24.90,0.0000,true,1,152632
3600542097239,false,גרנייה - מסכת טישו פחם תה שחור,ביוטיקוס אינטרנשיונאל,,גרנייה טישו פחם תה,יחידה,0.00,יחידה,false,,14.90,0.0000,true,1,178144
3600542168687,false,גרנייה פיור פיל אוף פחם מסכת פנים,גואנגזו,,גרנייה פיור פיל אוף,יחידה,0.00,יחידה,false,,34.90,0.0000,true,1,178146
3600542310444,false,"גרנייה - דאודורנט ספריי לאישה מגנזיום 150 מ""ל",סופרוקוס,,גרנייה מינרל דאו ספר,יחידה,0.00,יחידה,false,,0.00,0.0000,true,1,197648
3600542385268,false,"גרנייה - דאודורנט רול און לאישה אינביזיבל BWC (ורוד) 50 מ""ל",לוריאל ישראל קוסמטיקס בע,,גרנייה מיניראל ביוטי,יחידה,0.00,יחידה,false,,0.00,0.0000,true,1,198896
3607340717635,false,אדידס גל רחצה לגבר אייס דייב 400 מל,קוטי ס.פ,,אדידס אייס דייב ג'ל,יחידה,0.00,יחידה,false,,11.90,0.0000,true,1,156397
3607343817547,false,"אדידס - דאודורנט ספריי לגבר קליימקול 150 מ""ל",קולפ,,דאו ספריי לגבר קליימ,יחידה,0.00,יחידה,false,,0.00,0.0000,true,1,188593
3607345264912,false,"אדידס בודי ספריי לגבר אייס דייב, ללא אלומיניום, 150 מל",אגריפק אס איי לגרדה,,אדידס אייס דייב דאו,מיליליטרים,150.00,"100 מ""ל",false,,20.00,13.3333,true,1,166644
3607345265117,false,"אדידס - דאודורנט ספריי לגבר טים פורס 150 מ""ל",מיוצר עי קונדיטוריית,,אדידס דאודורנט ספריי,מיליליטרים,150.00,"100 מ""ל",false,,20.00,13.3333,true,1,166645
3607347320449,false,"אדידס - ג'ל רחצה ספורט אנרג'י 400 מ""ל",קוטי ס.פ,,אדידס ספורט אנרגי ג',יחידה,0.00,יחידה,false,,11.90,0.0000,true,1,156398
3607347415343,false,אדידס רול קונטרול קול&קר,,,אדידס נשים רול און ק,יחידה,0.00,יחידה,false,,13.90,0.0000,true,1,178502
3607347918981,false,"אדידס - דאודורנט רול און לאישה קול אנד קר 6 ב-1 50 מ""ל",דנשר,,אדידס נשים רול און 6,יחידה,0.00,יחידה,false,,13.90,0.0000,true,1,178504
3607348578085,false,פלייבוי דאודורנט ספר,,,פלייבוי דאודורנט ספר,מיליליטרים,150.00,"100 מ""ל",false,,19.90,13.2667,true,1,85874
3608580730255,false,קונפיטורה בטעם משמש 370 גר BONNE MAMAN,בון ממן,,בון מאמא קונפיטורה מ,גרמים,370.00,100 גרם,false,,16.90,0.0457,true,1,166634
3608580730286,false,קונפיטורה בון ממאן ארבע עונות 370 גר',אנדרוס,,בון מאמא קונפיטורה 4,גרמים,370.00,100 גרם,false,,16.90,0.0457,true,1,166635
3608580730323,false,קונפיטורה בטעם פטל 370 גר BONNE MAMAN,אנדורס,,בון מאמא קונפיטורה פ,גרמים,370.00,100 גרם,false,,16.90,0.0457,true,1,166636
3614221653715,false,"אדידס קליימקול ג'ל רחצה, 400 מ""ל",קוטי ס.פ,,אדידס קליימקול ג'ל ר,יחידה,0.00,יחידה,false,,11.90,0.0000,true,1,156399
3614223736003,false,"אדידס - דאודורנט ספריי לגבר אדיפיור 150 מ""ל",איגפק אס.איי,,דאו ספריי לגבר אדיפי,יחידה,0.00,יחידה,false,,0.00,0.0000,true,1,188363
3614223736485,false,"אדידס דאודורנט ספריי לגבר אדיפיור 200מ""ל",אדידס Adidas,,אדידס דאו ספריי לגבר,מיליליטרים,200.00,"100 מ""ל",false,,21.90,10.9500,true,1,156032
3614223736836,false,"אדידס - דאורודנט ספריי לאישה אדיפיור 150 מ""ל",קוטי,,אדידס דאו ספריי נשים,מיליליטרים,200.00,"100 מ""ל",false,,21.90,10.9500,true,1,156033
3614224050986,false,"אדידס - דאודורנט ספריי לגבר אדיפאוור 72 שעות 150 מ""ל","ב.א מזון בע""מ",,דאו ספריי לגבר אדיפו,יחידה,0.00,יחידה,false,,0.00,0.0000,true,1,188594
3614224056537,false,"דאו' ספריי נשים אדיפאוור 72ש 150מ""ל",COLEPCCL,,אדידס נשים אדיפאוור,מיליליטרים,150.00,"100 מ""ל",false,,21.90,14.6000,true,1,176712
3661163991344,false,"אדידס דאודורנט ספריי מקס פרו-קליר לאישה 150 מ""ל",מיוצר עי קונדיטוריית,,אדידס דאו דריי מקס פ,מיליליטרים,200.00,"100 מ""ל",false,,21.90,10.9500,true,1,51864
3661163991580,false,"אדידס - דאודורנט ספריי לאישה קול אנד קר 6 ב-1 150 מ""ל",מיוצר עי קונדיטוריית,,אדידס דאו דריי מקס א,מיליליטרים,200.00,"100 מ""ל",false,,21.90,10.9500,true,1,51865
3760100680553,false,EVOLUDERMמסכה מחדשת לשיער צבוע 500 מל,,,מסכה מחדשת לשיער צבו,מיליליטרים,500.00,"100 מ""ל",false,,12.90,2.5800,true,1,184677
3760100682571,false,"EVOLUDERM - דאודורנט ספריי לאישה בניחוח כותנה 200 מ""ל",,,דאודורנט בניחוח כותנ,מיליליטרים,200.00,"100 מ""ל",false,,10.90,5.4500,true,1,184686
3760100682588,false,"EVOLUDERM - דאודורנט ספריי לאישה בניחוח עדין 200 מ""ל",אבולודרם,,דאודורנט ספריי בניחו,מיליליטרים,200.00,"100 מ""ל",false,,10.90,5.4500,true,1,184687
3760100682595,false,דאודורנט ספריי שאינו,,,דאודורנט ספריי שאינו,מיליליטרים,200.00,"100 מ""ל",false,,10.90,5.4500,true,1,184688
3760100682717,false,שמפו עשיר בארגן 1 ליטר,אבולודרם,,שמפו המכיל שמן ארגן,ליטרים,1.00,ליטר,false,,19.90,19.9000,true,1,184674
3760100682724,false,שמפו מגן ומשקם לשיער,,,שמפו מגן ומשקם לשיער,ליטרים,1.00,ליטר,false,,19.90,19.9000,true,1,184675
3800020423578,false,קיט קט שוקולד אצבעות צ'אנקי אדום 40ג',נסטלה בולגריה A.D,,קיט קאט צאנקי אדום 4,יחידה,0.00,יחידה,false,,3.90,0.0000,true,1,61661
3800020434345,false,חטיף קיט קאט פופ צ'וק140,נסטלה,,קיטקט שקית פופ צוק 1,גרמים,140.00,100 גרם,false,,9.90,0.0707,true,1,95116
3800023408664,false,BELLE FINE צבע שיער,,,BELLE FINE צבע שיער,יחידה,0.00,יחידה,false,,12.90,0.0000,true,1,177536
3800023408671,false,BELLE FINE צבע שיער,,,BELLE FINE צבע שיער,יחידה,0.00,יחידה,false,,12.90,0.0000,true,1,177537
3800023408701,false,BELLE FINE צבע שיער,,,BELLE FINE צבע שיער,יחידה,0.00,יחידה,false,,12.90,0.0000,true,1,177545
3800023408756,false,BELLE FINEצבע שיער מקצועי בתוספת קרטין מס' 9.3,,,BELLE FINE צבע שיער,יחידה,0.00,יחידה,false,,12.90,0.0000,true,1,177549
3800023408824,false,BELLE FINEצבע שיער מקצועי בתוספת קרטין מס' 3.66,,,BELLE FINE צבע שיער,יחידה,0.00,יחידה,false,,12.90,0.0000,true,1,177542
3800034953597,false,בקבוק ריח פריסקו FR,,,בקבוק ריח פריסקו,יחידה,0.00,יחידה,false,,12.90,0.0000,true,1,71467
3800034954150,false,מארז 3 יחידות פריש דריי,,,אוריון עץ ריח שלישיה,יחידה,0.00,יחידה,false,,10.00,0.0000,true,1,71468
3800034955225,false,פחית ריח AREON KEN,,,פחית ריח AREON KEN,יחידה,0.00,יחידה,false,,20.00,0.0000,true,1,71469
3800034958554,false,אריון הום פרפיום בקב,,,אריון הום פרפיום בקב,מיליליטרים,150.00,"100 מ""ל",false,,0.00,0.0000,true,1,187579
3800034965811,false,מפיץ ריח באריזת בליסטר,Unknown,,אוריון בקבוק באריזת,יחידה,0.00,יחידה,false,,14.90,0.0000,true,1,162590
3800034966122,false,מטהר אוייר ברפיום 68 מ''ל,,,בקבוק ריח PERFUME HO,יחידה,0.00,יחידה,false,,14.90,0.0000,true,1,136355
3800034967600,false,שקית פנינים מפיץ ריח,,,אוריון שקית פנינים מ,יחידה,0.00,יחידה,false,,12.90,0.0000,true,1,135353
3800718504947,false,ספוג סקוטש שייני 10 יחיד,מ.א,,ספוג סקוטש,יחידה,0.00,יחידה,false,,5.00,0.0000,true,1,114388
3838824127149,false,צבע לשיער פלטה - 1-1 שחור כחול,שוורצקופף והנקל,,פאלטה שחור כחול 1-1,יחידה,0.00,יחידה,false,,20.00,0.0000,true,1,51869
3838824127224,false,פלטה סמי קיט חום בינוני 4-0 צבע שיער,שוורצקופף והנקל,,פאלטה חום בינוני 4-0,יחידה,0.00,יחידה,false,,20.00,0.0000,true,1,51733
3838824127286,false,צבע לשיער פלטה - 7-0 בלונד בינוני,שוורצקופף והנקל,,פאלטה בלונד בינוני 7,יחידה,0.00,יחידה,false,,20.00,0.0000,true,1,51256
3838824127309,false,פלטה סמי קיט בלונד בהיר 8-0 צבע שיער,שוורצקופף והנקל,,פלטה  בלונד בהיר 8-0,יחידה,0.00,יחידה,false,,20.00,0.0000,true,1,51735
3838824127507,false,פלטה סמי קיט חום קטיפתי 4-60 צבע שיער,שוורצקופף והנקל,,פאלטה חום קטיפתי 4-6,יחידה,0.00,יחידה,false,,20.00,0.0000,true,1,51873
3838824127583,false,צבע לשיער פלטה - 6-88 אדום בוער,שוורצקופף והנקל,,פאלטה  אדום בוער 6-8,יחידה,0.00,יחידה,false,,20.00,0.0000,true,1,51618
3838824128788,false,פאלטה - דלוקס שמני הזנה אדום לוהט 6-888,שוורצקוף Schwarzkopf,,פאלטה דלוקס שמני הזנ,יחידה,0.00,יחידה,false,,30.00,0.0000,true,1,51258
3838824128849,false,פאלטה - דלוקס שמני הזנה ערמונים 5-68,שוורצקוף Schwarzkopf,,פאלטה דלוקס שמני הזנ,יחידה,0.00,יחידה,false,,30.00,0.0000,true,1,51622
3838824128948,false,פאלטה - דלוקס שמני הזנה חום כהה 3-0,הנקל סוד,,פאלטה דלוקס שמני הזנ,יחידה,0.00,יחידה,false,,30.00,0.0000,true,1,51259
3838824129020,false,פאלטה - דלוקס שמני הזנה שחור 1-0,שוורצקוף Schwarzkopf,,פאלטה דלוקס שמני הזנ,יחידה,0.00,יחידה,false,,30.00,0.0000,true,1,51351
3838824129068,false,פאלטה - דלוקס שמני הזנה חום קפה 4-68,הנקל סוד,,פאלטה דלוקס שמני הזנ,יחידה,0.00,יחידה,false,,30.00,0.0000,true,1,51738
3838824167145,false,פאלטה - דלוקס שמני הזנה קינמון 7-65,שוורצקוף Schwarzkopf,,פלטה קיט דלוקס שמני,יחידה,0.00,יחידה,false,,30.00,0.0000,true,1,51624
3838824193915,false,צבע לשיער פאלטה סמי קיט שחור 0-1,שוורצקופף והנקל,,פאלט שחור  1-0 סמי,יחידה,0.00,יחידה,false,,20.00,0.0000,true,1,51585
3838824193939,false,פאלטה - דלוקס שמני הזנה סגול אצילי 4-99,שוורצקוף Schwarzkopf,,פלטה קיט דלוקס שמני,יחידה,0.00,יחידה,false,,30.00,0.0000,true,1,52001
3838824214320,false,פאלטה - דלוקס שמני הזנה שחור כחול 1-1,שוורצקוף Schwarzkopf,,פאלטה דלוקס שמני הזנ,יחידה,0.00,יחידה,false,,30.00,0.0000,true,1,52003
3838824240275,false,פלטה סמי קיט 8-0 בלונד בהיר,שוורצקופף והנקל,,פאלטה נוגט 6-65 סמי,יחידה,0.00,יחידה,false,,20.00,0.0000,true,1,51356
3838824332130,false,צבע שיער פאלטה סמי קיט 3-68 מהגוני כהה,שוורצקופף והנקל,,פלטה סמי-קיט 3-68 מה,יחידה,0.00,יחידה,false,,20.00,0.0000,true,1,148807
4000415028701,false,שוקולד שוגטן טרילוגי,,,שוגטן טרילוגיה תות,גרמים,100.00,100 גרם,false,,5.00,0.0500,true,1,155238
4000415040109,false,שוגטן קרמל בראוני טבעי 100 גרם,לודוויג שוקולד,,שוקולד שוגטן קרמל בר,יחידה,0.00,יחידה,false,,5.00,0.0000,true,1,110462
4000415851705,false,שוקולד נוגט טבעי שוגטן 100 גרם,"לודוויג שוקולד בע""\מ",,שוקולד 100 גרם שוגט,גרמים,100.00,100 גרם,false,,5.00,0.0500,true,1,96597
4000417019004,false,שוקולד חלב אגוזי לוז שלמים ריטר ספורט 100 גרם,ריטר ספורט Ritter sport,,שוקולד ריטר חלב אגוז,גרמים,100.00,100 גרם,false,,10.90,0.1090,true,1,51744
4000417022004,false,ריטר ספורט שוקולד חלב מעולה עם צימוקים ואגוזי לוז 100 גרם,ריטר ספורט Ritter sport,,קולד ריטר צימוקים וא,גרמים,100.00,100 גרם,false,,9.10,0.0910,true,1,51687
4000417023001,false,ריטר ספורט שוקולד חלב מעולה עם שקדים שלמים,ריטר ספורט Ritter sport,,ריטר ספורט שוק.חלב ו,גרמים,100.00,100 גרם,false,,10.90,0.1090,true,1,51461
4000417026002,false,שוקולד ריטר ספורט פרלין 100 גרם חלב נוכרי,ריטר ספורט Ritter sport,,ריטר ספורט שוקולד פר,גרמים,100.00,100 גרם,false,,9.10,0.0910,true,1,51688
4000417222008,false,שוקולד ריטר ספורט חלב+שברי אגוזים 100 גרם חלב נוכרי,ריטר ספורט Ritter sport,,ריטר ספורט חלב עם שב,יחידה,0.00,יחידה,false,,9.10,0.0000,true,1,134987
4000417224002,false,"ריטר ספורט טבלת שוקולד מריר אגוזים, 100 גרם",ריטר ספורט Ritter sport,,שוקולד ריטר ספורט מר,גרמים,100.00,100 גרם,false,,10.90,0.1090,true,1,52008
4000522009747,false,"מקלות בייגלה תפו""א צ'יו 80 גרם",טרופיקל דגיל תעשיות,,בייגלה ציו מקלות 80,יחידה,0.00,יחידה,false,,3.90,0.0000,true,1,118965
4000522061752,false,בייגלה צ'יו מקלות מלוחים 100 גרם,צ'יו Chio,,צ'יאו סטיקלטי מקלות,יחידה,0.00,יחידה,false,,3.90,0.0000,true,1,106164
4000607850004,false,שוקולד חלב טבעי שוגטן 100 גרם,"לודוויג שוקולד בע""\מ",,שוגטן שוקולד קוביות,גרמים,100.00,100 גרם,false,,5.00,0.0500,true,1,96571
4000607852008,false,שוקולד מריר טבעי שוגטן 100 גרם,"לודוויג שוקולד בע""\מ",,שוגטן שוק.מריר 100ג,גרמים,100.00,100 גרם,false,,5.00,0.0500,true,1,96564
4000869032569,false,"הפי מבשם ומטהר אויר ורוד מוצק יעקבי 150 מ""ל",יעקובי הפי,,הפי פרש מטהר אוויר,גרמים,150.00,100 גרם,false,,6.00,0.0400,true,1,51650
4000869055261,false,מלח עדין למדיח הפי 2,אורומרקטינג,,מלח עדין למדיח הפי 2,קילוגרמים,2.00,"ק""ג",false,,10.00,5.0000,true,1,51631
4001120156307,false,אטריות ביצים ורמישלי,,,אטריות ביצים ורמישלי,גרמים,500.00,100 גרם,false,,12.90,0.0258,true,1,186570
4001518000298,false,עוגיות שוקולד צ'יפס150ג,גריסון,,גריסון עוגיות שוקו צ,גרמים,150.00,100 גרם,false,,7.90,0.0527,true,1,88423
4001518001219,false,עוגיות קקאו עם שוקול,,,גריסון עוגיות שוקו צ,גרמים,150.00,100 גרם,false,,7.90,0.0527,true,1,88424
4001518107638,false,גרייסון עוגיות שוקוצ,,,גרייסון עוגיות שוקוצ,גרמים,150.00,100 גרם,false,,7.90,0.0527,true,1,102873
4002448017684,false,"סיליט באנג ספריי ניקוי כללי מסיר אבנית 750 מ""ל",הדקלאים אגודת שיתופי,,סיליט באנג ספריי רב,מיליליטרים,750.00,"100 מ""ל",false,,13.90,1.8533,true,1,59757
4002448019480,false,"סיליט באנג מסיר שומנים רב שימושי 750 מ""ל",סיליט באנג Cillit Bang,,סיליט באנג ספריי מסי,מיליליטרים,750.00,"100 מ""ל",false,,13.90,1.8533,true,1,51632
4002590000022,false,סוכריות קלפני פירות יער אוכמניות 150 ג',ליימן מותגים,,סוכריות קלפני פירות,גרמים,150.00,100 גרם,false,,10.10,0.0673,true,1,59760
4002590000046,false,סוכריות בטעם מנטה מרענן קלפני 150 גרם,ליימן מותגים,,סוכריות קלפני מרענן,גרמים,150.00,100 גרם,false,,10.10,0.0673,true,1,51263
4002590000633,false,קלפני סוכריות קשות בטעם פירות,ליימן מותגים,,סוכריות קלפני פירות,גרמים,150.00,100 גרם,false,,10.10,0.0673,true,1,59761
4002603087767,false,אייסקונפקט סילנדר 800ג',,,אייסקונפקט 800 גרם,גרמים,800.00,100 גרם,false,,40.00,0.0500,true,1,71495
4002720005736,false,מליטה קפה לפילטר פרימיום 250 גרם,המאפיה של הרמן,,מליטה פרימיום קפה פי,גרמים,250.00,100 גרם,false,,19.00,0.0760,true,1,51634
4004666042004,false,"מלרוד מרסס משמיד עובש יעקבי 500 מ""ל",יעקובי,,מלרוד מחסל עובש+מרסס,יחידה,750.00,יחידה,false,,30.00,0.0400,true,1,168562
4004715020755,false,קישוטי עוגה פרינס אנד פרינסס 75 ג',היינץ צפון אמריקה מק,,פרינס אנד פרינסס קיש,יחידה,0.00,יחידה,false,,13.90,0.0000,true,1,51653
4005401586210,false,טוש מחיק פ.קסטל גריפ,,,טוש מחיק פ.קסטל גריפ,יחידה,0.00,יחידה,false,,4.00,0.0000,true,1,179186
4005401586517,false,טוש מחיק פ.קסטל גריפ,,,טוש מחיק פ.קסטל גריפ,יחידה,0.00,יחידה,false,,4.00,0.0000,true,1,179654
4005401586999,false,טוש מחיק פ.קסטל גריפ,,,טוש מחיק פ.קסטל גריפ,יחידה,0.00,יחידה,false,,4.00,0.0000,true,1,179185
4005808124787,false,ניוואה תחליב רחצה רילקסינג מומנטס 750 מל,ביירסדורץ,,ניוואה רילקס גל רחצה,מיליליטרים,750.00,"100 מ""ל",false,,21.90,2.9200,true,1,123259
4005808128631,false,ניוואה 500 גל רחצה לגבר תמציות ליים,ביירסדורף,,N SPORT SHOWER GEL B,מיליליטרים,500.00,"100 מ""ל",false,,20.00,4.0000,true,1,123261
4005808166206,false,ניוואה קרם רב שימושי,ביירסדורץ,,ניוואה קרם רב שימושי,מיליליטרים,250.00,"100 מ""ל",false,,29.90,11.9600,true,1,160937
4005808366392,false,שפתון ליובש כחול קלאסי לבלו 48 גרם,טרופיקל דגיל תעשיות,,לבלו שפתון כחול בליס,יחידה,0.00,יחידה,false,,10.90,0.0000,true,1,104487
4005808406029,false,"ניוואה - תחליב רחצה סופט 750 מ""ל",ביירסדורף,,ניואה קרם רחצה סופט,מיליליטרים,750.00,"100 מ""ל",false,,21.90,2.9200,true,1,167770
4005808702169,false,"ניוואה תחליב גוף לעור רגיל 500 מ""ל",ביירסדורץ,,ניוואה תחליב גוף לעו,מיליליטרים,500.00,"100 מ""ל",false,,30.00,6.0000,true,1,99943
4005808781935,false,ניוואה גל רחצה פאוור ריפרש לגבר 500 מל,ביירסדורץ,,ניוואה גל רחצה לגבר,מיליליטרים,500.00,"100 מ""ל",false,,20.00,4.0000,true,1,123264
4005808811052,false,"ניוואה ויסאז מי פנים רגיל 200 מ""ל",HELLAS BEIERSDORF,,מי פנים לעור רגיל/ מ,יחידה,0.00,יחידה,false,,0.00,0.0000,true,1,192661
4005808811106,false,"ניוואה מסיר איפור עדין לעיניים 125 מ""ל",HELLAS BEIERSDORF,,מסיר איפור עיניים,יחידה,0.00,יחידה,false,,0.00,0.0000,true,1,189104
4005808811519,false,"ניוואה ג'ל לניקוי פנים לעור רגיל, 150 מ""ל",HELLAS BEIERSDORF,,ג'ל ניקוי לעור רגיל/,יחידה,0.00,יחידה,false,,0.00,0.0000,true,1,188618
4005808813001,false,תחליב לחות לאחר גילוח ניוואה,ביירסדורץ,,ניוואה לגבר תחליב לח,מיליליטרים,100.00,"100 מ""ל",false,,49.90,49.9000,true,1,100734
4005808813063,false,תחליב לחות לעור רגיש לאחר גילוח,בטר אנד דיפרנט,,"ניוואה א""ש קרם לחות",מיליליטרים,100.00,"100 מ""ל",false,,49.90,49.9000,true,1,92885
4005808816118,false,ניואה רול און דריי נ,,,ניואה רול און דריי נ,יחידה,0.00,יחידה,false,,19.90,0.0000,true,1,160902
4005808817405,false,"ג'ל גילוח לעור רגיש ניוואה 200 מ""ל",פרוטרופיק סיה.,,גיל גילוח ניוואה לעו,יחידה,200.00,יחידה,false,,19.90,0.0995,true,1,100730
4005808817726,false,ניוואה קרם גילוח לגבר100,ניוואה Nivea,,ניוואה קרם גילוח 100,גרמים,100.00,100 גרם,false,,13.90,0.1390,true,1,100737
4005808828838,false,"ניוואה - דאודורנט ספריי לגבר קול קיק 150 מ""ל",ניוואה Nivea,,ניוואה דאודורנט ספרי,מיליליטרים,150.00,"100 מ""ל",false,,19.90,13.2667,true,1,172917
4005808890507,false,קרם ניוואה סופט צנצנת 200 מל,ניוואה Nivea,,קרם ניוואה סופט 200,מיליליטרים,200.00,"100 מ""ל",false,,35.00,17.5000,true,1,99924
4005808890576,false,"קרם ידיים סופט ניוואה 75 מ""ל",ניוואה Nivea,,קרם ידיים ניוואה,יחידה,100.00,יחידה,false,,15.00,0.1500,true,1,99925
4005900036483,false,"ניוואה - דאודורנט ספריי לגבר שקוף בלק וווי 150 מ""ל",בטר אנד דיפרנט,,ניוואה דאודורנט ספרי,מיליליטרים,150.00,"100 מ""ל",false,,19.90,13.2667,true,1,86769
4005900136848,false,"תחליב רחצה סמוז 750 מ""ל",BEIERSDORT,,ניוואה SMOOTH תחליב,מיליליטרים,750.00,"100 מ""ל",false,,21.90,2.9200,true,1,154416
4005900274304,false,"ניוואה - דאודורנט ספריי לגבר פרש אושן 150 מ""ל",פרוטרופיק סיה.,,ניוואה דאודורנט ספרי,מיליליטרים,150.00,"100 מ""ל",false,,19.90,13.2667,true,1,172919
4005900431776,false,לבלו שפתון וניל בליסטר,ביירסדורף,,לבלו שפתון וניל בליס,יחידה,0.00,יחידה,false,,10.90,0.0000,true,1,183786
4005900485243,false,"ניוואה - דאודורנט רול און לגבר דריי פרש 50 מ""ל",ביירסדורף,,ניוואה רול און דריי,מיליליטרים,50.00,"100 מ""ל",false,,19.90,39.8000,true,1,167706
4005900488459,false,"ניוואה - דאודורנט רול און לאישה דריי פרש 50 מ""ל",ביירסדורץ,,ניוואה רול און דריי,מיליליטרים,50.00,"100 מ""ל",false,,19.90,39.8000,true,1,167705
4005900494900,false,"ניוואה - דאודורנט ספריי לגבר דריי פרש 150 מ""ל",ניואה,,ניוואה ספריי דריי פר,מיליליטרים,150.00,"100 מ""ל",false,,19.90,13.2667,true,1,167707
4005900513069,false,"ניוואה - דאודורנט רול און לגבר דיפ 50 מ""ל",ביירסדורף,,ניוואה דאודורנט רולא,יחידה,0.00,יחידה,false,,19.90,0.0000,true,1,167591
4005900521262,false,"ג'ל רחצה לגבר פיור אימפקט ניוואה 500 מ""ל",ביירסדורף,,ניוואה ג'ל רחצה DEEP,מיליליטרים,500.00,"100 מ""ל",false,,20.00,4.0000,true,1,167594
4005900555595,false,לובלו זוג אוריגינל כ,,,לבלו כחול אורגינל מא,יחידה,0.00,יחידה,false,,19.90,0.0000,true,1,181621
4005900816023,false,"ניוואה - דאודורנט ספריי לגבר יבש 150 מ""ל",BEIERSDORF MANUFACTU,,ניוואה ספרי יבש לגבר,מיליליטרים,150.00,"100 מ""ל",false,,19.90,13.2667,true,1,90389
4005900816115,false,"ניוואה - דאודורנט רול און לאישה יבש 50 מ""ל",ניוואה Nivea,,ניואה דאודורנט רול א,מיליליטרים,50.00,"100 מ""ל",false,,19.90,39.8000,true,1,85541
4005900828088,false,"ניוואה - דאודורנט רול און לגבר פרש 50 מ""ל",טרופיקל דגיל תעשיות,,דאודורנט רולאון לגבר,מיליליטרים,50.00,"100 מ""ל",false,,19.90,39.8000,true,1,85538
4005900828095,false,ניוואה רול און פרש לאישה,ביירסדורץ,,ניוואה דאודורנט רול,מיליליטרים,50.00,"100 מ""ל",false,,19.90,39.8000,true,1,85542
4006508177325,false,מטליות לניקוי משקפיים,סווירל Swirl,,מטליות לניקוי משקפיי,יחידה,0.00,יחידה,false,,12.90,0.0000,true,1,157827
4008400284620,false,חטיף קינדר שוקובון 4,פררו,,קינדר שוקובון 46 גרם,יחידה,0.00,יחידה,false,,4.90,0.0000,true,1,151209
4008400322728,false,קינדר בוינו חלב ואגו,,,קינדר בוינו חלב ואגו,יחידה,0.00,יחידה,false,,0.00,0.0000,true,1,187388
4008402101772,false,"קיווי אקספרס ספוג הברקה חום 6מ""ל",Jonson ג'ונסון,,קיוי אקספרס לנעל חום,יחידה,1.00,יחידה,false,,20.00,20.0000,true,1,84342
4009134511273,false,פותחן יין (כנפיים) א,,,פותחן יין (כנפיים) א,יחידה,0.00,יחידה,false,,29.90,0.0000,true,1,147639
4009215186802,false,סכין בשר חריצים להב,,,סכין בשר חריצים להב,יחידה,0.00,יחידה,false,,185.90,0.0000,true,1,179371
4009300522935,false,תה ירוק פומפדור לימונית ולואיזה 20 יחידות,"איטיליאן פוד, אס.פי.",,פומפדור תה ירוק לימו,יחידה,20.00,יחידה,false,,19.20,0.9600,true,1,61956
4009300522966,false,תה ירוק עם נענע פומפדור 20 יחידות,"איטיליאן פוד, אס.פי.",,פומפדור תה ירוק נענע,יחידה,0.00,יחידה,false,,19.20,0.0000,true,1,62584
4009300525011,false,פומפידור תה ירוק עם תפוז וג'ינגר 25 שקיקים,"איטיליאן פוד, אס.פי.",,פומפידור תה ירוק תפו,יחידה,20.00,יחידה,false,,19.20,0.9600,true,1,51660
4009300526438,false,תה ירוק פומפדור קלאסי 20 יחידות,"איטיליאן פוד, אס.פי.",,פומפדור תה ירוק קלאס,יחידה,20.00,יחידה,false,,19.20,0.9600,true,1,104440
4009300527497,false,פומפדור חליטת צמחים מנטה לימון 30 ג',TEEKANNE- POMPADOU,,פומדור חליטת צמחים מ,יחידה,0.00,יחידה,false,,16.20,0.0000,true,1,138325
4009300527909,false,חליטת צמחים ג'ינג'ר כורכום ללא קפאין,פומפדור Pompadour,,חליטת גינגר כורכום 4,יחידה,0.00,יחידה,false,,16.20,0.0000,true,1,151208
4009300528821,false,תה ירוק פומפדור ג'ינגר וקינמון 20 יחידות,פומפדור Pompadour,,פומפדור תה ירוק ג'נג,יחידה,0.00,יחידה,false,,19.20,0.0000,true,1,177592
4009300528845,false,"פומפדור תה ירוק עם לימונית דבש 30 מ""ל",פומפדור Pompadour,,פומפדור תה ירוק לימו,יחידה,0.00,יחידה,false,,19.20,0.0000,true,1,177593
4009839379727,false,"סכין סנטוקו 180 מ""מ",,,"סכין סנטוקו 180 מ""מ",יחידה,0.00,יחידה,false,,0.00,0.0000,true,1,188661
4009900013581,false,מסטיק אורביט ספרמינט סטיקס משפחתי-חמישיות,ריגלי צרפת,,אורביט סטיקס ספירמינ,יחידה,0.00,יחידה,false,,10.00,0.0000,true,1,95031
4009900385824,false,מסטיק אורביט פפרמינט סטיקס משפחתי-חמישיות,ריגלי צרפת,,אורביט סטיקס פפרמינט,יחידה,0.00,יחידה,false,,10.00,0.0000,true,1,95030
4009900402965,false,אורביט וויט בטעם פירות בקבוקון 46מלבניות,ריגלי פולין,,אורביט וויט פירות בק,יחידה,0.00,יחידה,false,,10.90,0.0000,true,1,78611
4009900403023,false,אורביט וויט בטעם מנטה בקבוקון 46 מלבניות,"ב.א מזון בע""מ",,אורביט וויט מנטה בקב,יחידה,0.00,יחידה,false,,10.90,0.0000,true,1,78610
4009900406918,false,מסטיק הובה בובה טייפ טריפל מיקס 56ג',מרס ריגלי קונפקשונרי,,הובה בובה טריפל מיקס,יחידה,0.00,יחידה,false,,6.60,0.0000,true,1,51662
4009900420129,false,מסטיק אורביט פרופשנל פפרמינט בקבוקון 64 גר',מרס נדרלנד,,אורביט פרופשיונל פפר,יחידה,0.00,יחידה,false,,10.90,0.0000,true,1,172741
4009900426039,false,מסטיק מנטה אקליפטוס בקבוקון איירווייבס 64 גרם,איירוויבס Airwaves,,בקבוקון איירוויבז מנ,יחידה,0.00,יחידה,false,,10.90,0.0000,true,1,141176
4009900426121,false,מסטיק אורביט איירוויז בקבוקון אוכמניות 64ג',איירוויבס Airwaves,,בקבוקון איירוויבז או,יחידה,0.00,יחידה,false,,10.90,0.0000,true,1,141177
4009900455299,false,"סוכרית ג'לי אדומה 174 גרם ""סקיטלס""",ריגלי ממתקים,,סקיטלס פירות 174 גרם,גרמים,174.00,100 גרם,false,,8.90,0.0511,true,1,105828
4009900458504,false,אורביט וויט הדרים בקבוקון 46 מלבניות,ריגלי,,אורביט וויט הדרים בק,יחידה,0.00,יחידה,false,,10.90,0.0000,true,1,182794
4009900465304,false,סוכריות סקיטלס פירות חמוצים 174 גרם,ריגלי ממתקים,,סקיטלס פירות חמוצים,גרמים,174.00,100 גרם,false,,8.90,0.0511,true,1,105829
4009900479998,false,אורביט וויט אוכמניות בקבוקון 46 מלבניות,ריגלי פולין,,אורביט מסטיק בקבוקון,יחידה,0.00,יחידה,false,,10.90,0.0000,true,1,105827
4009900482417,false,מסטיק אורביט פירות מנטה בקבוקון באבל מינט 45יח,ריגלי פולין,,אורביט באבל מינט בקב,יחידה,0.00,יחידה,false,,10.90,0.0000,true,1,91816
4009900483803,false,מסטיק איירובס מנטה אקליפטוס בקבוקון 60יח',איירוויבס Airwaves,,אירוובס בקבוק מנטה א,יחידה,0.00,יחידה,false,,13.00,0.0000,true,1,174684
4009900484060,false,מסטיק אורביט פרופשיונל בטעם מנטה ללא סוכר,ריגלי פולין,,אורביט פרופשיונל מנט,יחידה,60.00,יחידה,false,,13.00,0.2167,true,1,93306
4009900484091,false,מסטיק אורביט פרופשיונל בטעם מנטה ללא סוכר,ריגלי פולין,,אורביט פרופשיונל ספי,יחידה,0.00,יחידה,false,,13.00,0.0000,true,1,93307
4009900484305,false,מסטיק אורביט פרופשיונל סוויטמינט ביגי לבן 60יח',אורביט Orbit,,אורביט בקבוק חיסכון,יחידה,60.00,יחידה,false,,13.00,0.2167,true,1,93308
4009900487283,false,אורביט ילדים קלאסי סט' משפחתי-חמישיות,ריגלי צרפת,,אורביט סטיקס טעם פיר,יחידה,0.00,יחידה,false,,10.00,0.0000,true,1,95033
4009900496247,false,"מסטיק אורביט לל""ס מלבניות בקבוק בבלימנט 60 יח",אורביט Orbit,,מסטיק אורביט בקבוק ב,יחידה,0.00,יחידה,false,,13.00,0.0000,true,1,146024
4009900500166,false,סוכריות פירות אדום סקיטלס בקבוקון 125ג',ריגלי ממתקים,,סקיטלס פירות בקבוק,יחידה,0.00,יחידה,false,,8.90,0.0000,true,1,142942
4009900504218,false,אורביט וויט בטעם תפוז בקבוקון 46 מלבניות,חברת ריגלי בעמ,,מסטיק אורביט תפוז בק,יחידה,0.00,יחידה,false,,10.90,0.0000,true,1,113975
4009900509770,false,אורביט באריזת בקבוק בטעם תות 60 יח',אורביט Orbit,,אורביט בקבוק חיסכון,יחידה,60.00,יחידה,false,,13.00,0.2167,true,1,134460
4009900512329,false,פייב בוקס מסטיק מנטה 69 גרם,ריגלי בעמ רוסיה,,מסטיק פייב בוקס ספיר,יחידה,0.00,יחידה,false,,10.90,0.0000,true,1,135793
4009900512350,false,פייב בוקס מסטיק אבטיח 69 גרם,ריגלי בעמ רוסיה,,מסטיק פייב בוקס אבטי,יחידה,0.00,יחידה,false,,10.90,0.0000,true,1,135794
4009900517102,false,מרס שקית אורביט בבלמ,,,מרס שקית אורביט בבלמ,יחידה,0.00,יחידה,false,,7.90,0.0000,true,1,176787
4009900521581,false,סוכריות אורביט מינטס מנטה בבקבוקון 77 גר,ריגלי פולין,,אורביט מינטס דובדבן,יחידה,0.00,יחידה,false,,10.00,0.0000,true,1,148747
4009900521611,false,סוכריות אורביט מינטס דובדבן מנטה בבקבוקון,מרס נדרלנד,,אורביט מינטס מנטה בב,יחידה,0.00,יחידה,false,,10.00,0.0000,true,1,148749
4009900523288,false,פייב בוקס מסטיק תות 69 גרם,ריגלי בעמ רוסיה,,מסטיק פייב בוקס תות,יחידה,0.00,יחידה,false,,10.90,0.0000,true,1,151084
4009900525138,false,"וויט גומי לעיסה בטעם תות ללא סוכר, 64 ג' אורפיט",ריגלי,,אורביט וויט תות בקבו,יחידה,0.00,יחידה,false,,10.90,0.0000,true,1,182795
4009900531122,false,"מסטיק בטעם מנטה ספירמינט, 64 ג' פרופשיונל אורפיט",מרס נדרלנד,,אורביט פרופשיונל ספי,יחידה,0.00,יחידה,false,,10.90,0.0000,true,1,172742
4009900532327,false,סוכריות סקיטלס סמודיס בטעמי יוגורט ופירות,ריגלי ממתקים,,סקיטלס סמודיס 38ג,יחידה,0.00,יחידה,false,,3.00,0.0000,true,1,176789
4009900534581,false,מסטיק איירוויבז דובדבן ומנטה בקבוקון 64,Unknown,,בקבוקון איירוויבז בט,יחידה,0.00,יחידה,false,,10.90,0.0000,true,1,183754
4009900534611,false,מסטיק איירוויבז בקבוקון בטעם מלון ומנטה,ריגלי,,בקבוקון איירוויבז בט,יחידה,0.00,יחידה,false,,10.90,0.0000,true,1,183755
4011100002227,false,מארז חטיפי מיני באונטי Bounty,לינדט ושפרונגלי קילשברג,,באונטי מיני 403 גרם,גרמים,403.00,100 גרם,false,,22.90,0.0568,true,1,99032
4011800251154,false,קונפיטורה תות שדה 340 גר,מיוצר עי קונדיטוריית,,הרו קונפיטורת תות שד,גרמים,340.00,100 גרם,false,,17.00,0.0500,true,1,95606
4011800528416,false,קורני חטיף דגנים עם בוטנים מתוק-מלוח*6,שוורטאוור וורקה,,קורני בייס סויט & סו,יחידה,6.00,יחידה,false,,15.90,2.6500,true,1,182793
4011800567613,false,מאגדת קורני מילק דרק & ואיט 120 גרם,מיוצר עי קונדיטוריית,,קורני סנדוויץ שחור ו,יחידה,4.00,יחידה,false,,15.90,3.9750,true,1,102349
4011800568610,false,מארז רביעיית קורני בטעם קלאסי,שוורטאוור וורקה,,קורני חטיף סנדביץ במ,יחידה,4.00,יחידה,false,,15.90,3.9750,true,1,102348
4011800617615,false,1X24X50G קורני ביג שוקולד,שוורטאוור וורקה,,קורני ביג שוקו,יחידה,0.00,יחידה,false,,3.90,0.0000,true,1,182636
4011800617813,false,"""קורני"" ביג בראוניס 50 גרם",שוורטאוור וורקה,,קורני ביג בראוניס,יחידה,0.00,יחידה,false,,3.90,0.0000,true,1,182638
4011800618117,false,קורני ביג פינטס,,,קורני ביג פינטס,יחידה,0.00,יחידה,false,,3.90,0.0000,true,1,182641
4011800618315,false,קורני ביג דארק & וואיט 40 גר,Unknown,,קורני ביג דרק אנד וו,יחידה,0.00,יחידה,false,,3.90,0.0000,true,1,182643
4011800628512,false,חטיף קורני שוקולד חלב 6 יח 150 גר,מיוצר עי קונדיטוריית,,קורני חטיף דגנים עם,יחידה,6.00,יחידה,false,,15.90,2.6500,true,1,51783
4011800630515,false,חטיף קורני שוקולד חלב ובננה 6 יח 150 גר,מיוצר עי קונדיטוריית,,קורני חטיף דגנים עם,יחידה,6.00,יחידה,false,,15.90,2.6500,true,1,51887
4011800633516,false,קורני שוקולד מריר מעולה 58% קקאו 6*1,שוורטאוור וורקה,,קורני חטיף דגנים עם,יחידה,6.00,יחידה,false,,15.90,2.6500,true,1,51476
4011800636517,false,קורני פרי שוקולד חלב מעולה ללא סוכר 6*1,מיוצר עי קונדיטוריית,,קורני פרי חטיף דגנים,יחידה,6.00,יחידה,false,,15.90,2.6500,true,1,52029
4011800637514,false,חטיף קורני Corny Free עם שוקולד לבן ללא תוספת סוכר,קורני Corny,,קורני פרי חטיף דגנים,יחידה,6.00,יחידה,false,,15.90,2.6500,true,1,59772
4011800638511,false,קורני פרי חטיף דגנים,Schwartauer,,קורני פרי חטיף דגנים,יחידה,6.00,יחידה,false,,15.90,2.6500,true,1,51890
4013197766976,false,סוכריות קוונדיש תפוז 200ג' (9),(EITAN (CHOCOTRADE,,סוכריות פחיות תפוז 2,גרמים,200.00,100 גרם,false,,10.90,0.0545,true,1,51512
4013197767034,false,סוכריות קשות בטעם לימון,(EITAN (CHOCOTRADE,,סוכריות בטעם לימון ב,גרמים,200.00,100 גרם,false,,10.90,0.0545,true,1,51894
4013197767119,false,סוכריות קוודיש-מנטה 200,(EITAN (CHOCOTRADE,,סוכריות בטעם מנטה קל,גרמים,200.00,100 גרם,false,,10.90,0.0545,true,1,51665
4013900975879,false,סנטה קלאוס 100 גרם ש,,,סנטה קלאוס 100 גרם,גרמים,100.00,100 גרם,false,,7.90,0.0790,true,1,117212
4014400900217,false,בונבונריית מרסי מבחר ממתקי שוקולד 400 גרם,קריניציה ויטמינה אס,,בונבונירה מרסי 400 ג,גרמים,400.00,100 גרם,false,,49.90,0.1247,true,1,52288
4014400901191,false,בונבונריית מרסי מבחר ממתקי שוקולד 250 גרם,ליימן מותגים,,בונבונירה מרסי 250 ג,גרמים,250.00,100 גרם,false,,25.00,0.1000,true,1,51705
4014400904277,false,סוכריות בטעם מנטה אייס פרש סטורק 425 גרם,תות ממתקי איכות,,סוכריות אייס פרש 425,גרמים,425.00,100 גרם,false,,14.90,0.0351,true,1,52291
4014400904376,false,סוכריות טופי בטעם שוקולד סטורק 325 גרם,קריניציה ויטמינה אס,,סוכריות שוקולדן 325ג,גרמים,325.00,100 גרם,false,,14.90,0.0458,true,1,51514
4014400904390,false,סוכריות טופי ממולא חלב סטורק 325 גרם,קריניציה ויטמינה אס,,סוכריות וולמליש 325ג,גרמים,325.00,100 גרם,false,,14.90,0.0458,true,1,51897
4014400907902,false,"וורטרס אורגינל סוכריות חמאה ללא סוכר בקופסה
42 גרם",תות ממתקי איכות,,וורטר ללא סוכר בקופס,יחידה,0.00,יחידה,false,,6.50,0.0000,true,1,59775
4014400909692,false,וורטרס אורגינל סוכריות חמאה ללא סוכר בטעם קפוצי'ינו בקופסה 42 גרם,קריניציה ויטמינה אס,,וורטרס סוכריות קפה ל,יחידה,0.00,יחידה,false,,6.50,0.0000,true,1,71528
4014400909937,false,וורטרס סוכריות טופי,ליימן מותגים,,וורטרס סוכריות טופי,גרמים,135.00,100 גרם,false,,9.90,0.0733,true,1,51706
4014400910063,false,סוכריות חמאה וורטרס אורגינל 135 גרם,וורטר'ס אורגינל,,סוכריות וורטר 135 גר,גרמים,135.00,100 גרם,false,,9.90,0.0733,true,1,51666
4014400913910,false,וורטרס אורגינל סוכריות חמאה ממולאות קרם קרמל בשקית,תות ממתקי איכות,,סוכריות וורטר במילוי,גרמים,125.00,100 גרם,false,,9.90,0.0792,true,1,102481
4014400914696,false,וורטרס אורגינל סוכריות ללא סוכר 80 גרם,ליימן מותגים,,וורטר אורגינל סוכריו,יחידה,0.00,יחידה,false,,9.90,0.0000,true,1,71529
4014400923711,false,בונבוניירה שוקולד אגוזים טופיפי 125 גרם,ליימן מותגים,,"טופיפי 125 גרם כשל""פ",גרמים,125.00,100 גרם,false,,12.90,0.1032,true,1,142801
4014522120302,false,בודטה סוכריות בטעם מנטה ללא סוכר 100 גרם,,,בודטה-סוכריות בטעם מ,יחידה,0.00,יחידה,false,,9.90,0.0000,true,1,184134
4015000280211,false,"פה - דאודורנט רול און לאישה קאריביין לימון 50 מ""ל",שוורצקוף& הנקל דיסלד,,פה דאודורנט קאריביי,מיליליטרים,50.00,"מ""ל",false,,10.90,0.2180,true,1,51669
4015000519915,false,"פה - דאודורנט ספריי לאישה פינק פרדייס 200 מ""ל",שוורצקופף והנקל,,פה דאודורנט ספריי פי,יחידה,200.00,יחידה,false,,10.90,0.0545,true,1,59779
4015000615884,false,"פה - דאודורנט ספריי לאישה קריביין לימון 200 מ""ל",שוורצקופף והנקל,,פה דאודורנט קריביין,מיליליטרים,200.00,"100 מ""ל",false,,10.90,5.4500,true,1,59783
4015000615891,false,"פה - דאודורנט ספריי לאישה אקווה 200 מ""ל",שוורצקופף והנקל,,פה דאודורנט אקווה ספ,מיליליטרים,200.00,"100 מ""ל",false,,10.90,5.4500,true,1,51712
4015000940955,false,שמפו גליס Gliss שיקום נזק קיצוני אולטימט ריפייר,שוורצקופף והנקל,,גליס שמפו אולטימט רי,מיליליטרים,400.00,"100 מ""ל",false,,15.90,3.9750,true,1,51795
4015000976268,false,שמפו גליס Gliss למראה שיער מבריק Million Gloss,"הובי קוסמטיק, חברת ייצור",,גליס שמפו מיליון גלו,מיליליטרים,400.00,"100 מ""ל",false,,15.90,3.9750,true,1,101689
4015000976275,false,מרכך גליס Gliss למראה שיער מבריק Million Gloss,שוורצקופף והנקל,,גליס מרכך מיליון גלו,מיליליטרים,400.00,"100 מ""ל",false,,0.00,0.0000,true,1,101720
4015000995122,false,"דאודורנט פה ספריי כח המשיכה 200 מ""ל",שוורצקופף והנקל,,פה דאודורנט ספריי 20,מיליליטרים,200.00,"100 מ""ל",false,,10.90,5.4500,true,1,102888
4015000996204,false,"גליס שמפו אולטימט שמן אלקסייר 400 מ""ל",שוורצקופף והנקל,,גליס שמפו אלקסיר 400,מיליליטרים,400.00,"100 מ""ל",false,,15.90,3.9750,true,1,91983
4015000997430,false,פה דאודורנט ספריי אינויזיבל פאוור 200 מל,שוורצקופף והנקל,,פה דאודורנט בלתי נרא,מיליליטרים,200.00,"100 מ""ל",false,,10.90,5.4500,true,1,93329
4015100190762,false,"גליס - מסכה שיקום שמן אלקסיר 300 מ""ל",שוורצקופף והנקל,,גליס מסיכה תמצית שמן,מיליליטרים,300.00,"100 מ""ל",false,,24.90,8.3000,true,1,156090
4015100438055,false,פאלטה - דלוקס קיט בלונד בינוני 7-0,שוורצקופף & הנקל דיסלדור,,פאלטה דלוקס קיט בלונ,יחידה,0.00,יחידה,false,,0.00,0.0000,true,1,189765
4015100438239,false,פאלטה - דלוקס קיט חום בהיר זהוב 5-5,שוורצקופף & הנקל דיסלדור,,פאלטה דלוקס קיט קרמל,יחידה,0.00,יחידה,false,,0.00,0.0000,true,1,189766
4015400564034,false,מגן תחתון אולוויז מגה פק לונג פלוס 58 יחידות,פרוקטר אנד גמבל,,אולוויז מגן תחתון לו,יחידה,58.00,יחידה,false,,19.90,0.3431,true,1,59787
4015400564454,false,מגני תחתון אולוויז לארג' עם ניחוח מגה פק,פרוקטר אנד גמבל,,מגן תחתון אולוויז מג,יחידה,68.00,יחידה,false,,19.90,0.2926,true,1,59786
4015400690252,false,טמפקס קומפאק פירל רג,,,טמפקס קומפאק פירל רג,יחידה,0.00,יחידה,false,,19.90,0.0000,true,1,175388
4015400746812,false,מגני תחתון אולוויז נורמל עם ניחוח מגה פק,פרוקטר אנד גמבל,,אולוויז מגן תחתון נו,יחידה,80.00,יחידה,false,,19.90,0.2487,true,1,137837
4015400759263,false,אולוויז ירוק נורמאל בלאס אלתרא ירוק 28 יחידה,,,תחבושות אולוויז כפול,יחידה,0.00,יחידה,false,,19.90,0.0000,true,1,148025
4015400759294,false,תחבושות אולוויז כפול לונג 24 יח,,,אוולויז אולטרה זוג פ,יחידה,0.00,יחידה,false,,19.90,0.0000,true,1,175826
4015400759324,false,אולויז כפול כחול אולטרה לילה 20 יח',אולוויז,,אוולויז אולטרה זוג פ,יחידה,0.00,יחידה,false,,19.90,0.0000,true,1,175827
4015400871156,false,קפסולות לכביסה אריאל,פרוקטר אנד גמבל,,אריאל קפסולות לכביסה,יחידה,0.00,יחידה,false,,0.00,0.0000,true,1,187240
4015600762742,false,שמפו יומיומי למניעת קשקשים הנוסחה הקלאסית,פרוקטר אנד גמבל,,הד אנד שולדרס שמפו 5,מיליליטרים,500.00,"100 מ""ל",false,,19.90,3.9800,true,1,91621
4015600762780,false,שמפו וקונדישינר יומיומי למניעת קשקשים הנוסחה הקלאסית 2in1,פרוקטר אנד גמבל,,הד אנד שולדרס שמפו 2,מיליליטרים,500.00,"100 מ""ל",false,,19.90,3.9800,true,1,91629
4015600762902,false,"שמפו האד אנד שולדרס מנטול 500 מ""ל",פרוקטר אנד גמבל,,הד אנד שולדרס שמפו מ,מיליליטרים,500.00,"100 מ""ל",false,,19.90,3.9800,true,1,92069
4015600762940,false,שמפו יומיומי למניעת קשקשים בניחוח תפוח,פרוקטר אנד גמבל,,הד אנד שמפו שולדרס ת,מיליליטרים,500.00,"100 מ""ל",false,,19.90,3.9800,true,1,92070
4015600763022,false,שמפו יומיומי למניעת קשקשים לשיער יבש/פגום לשיער רך כמשי,פרוקטר אנד גמבל,,הד אנד שולדרס שמפו ל,מיליליטרים,500.00,"100 מ""ל",false,,19.90,3.9800,true,1,91901
4015600766900,false,"שמפו ומרכ ך נגד קשקשים 500 מ""ל הד אנד שולדרס",פרוקטר אנד גמבל,,הד אנד שולדרס שמפו,מיליליטרים,500.00,"100 מ""ל",false,,19.90,3.9800,true,1,100878
4015600810849,false,גילט דאו קליר גל 70 מל פאוור ראש,פרוקטר אנד גמבל,,דאודורנט קליר ג'ל פא,מיליליטרים,70.00,"100 מ""ל",false,,19.90,28.4286,true,1,104427
4017100160110,false,בלזן גלילי וופל במילוי קרם בטעם שוקולד 75 גר',בלזן פולסקה,,קרמי וופל שוקולד,יחידה,0.00,יחידה,false,,9.90,0.0000,true,1,183278
4017100160417,false,בלזן גלילי וופל במילוי קרם בטעם וניל 75 גר',בלזן פולסקה,,קרמי וופל ונילה,יחידה,0.00,יחידה,false,,9.90,0.0000,true,1,183279
4017100198151,false,בלזן היט ביסקוויט עם מלית קרם בטעם וניל (41%) 220 גרם,הדקלאים אגודת שיתופי,,היט עוגיות סנדביץ בט,גרמים,220.00,100 גרם,false,,8.90,0.0405,true,1,115318
4017100219900,false,בלזן וופלטן וופל מגולגל מצופה שוקולד חלב 100 גרם,הדקלאים אגודת שיתופי,,בלזן גלילי וופל חלב,גרמים,100.00,100 גרם,false,,13.00,0.1300,true,1,52302
4017100280207,false,חטיף שוקולד חלב וביס,,,חטיף שוקולד חלב וביס,יחידה,0.00,יחידה,false,,0.00,0.0000,true,1,187359
4017100291005,false,בלזן לייבניז בסקויט חמאה מצופה שוקולד מריר 125 גרם,הדקלאים אגודת שיתופי,,בלזן בסקויט מצופה שו,גרמים,125.00,100 גרם,false,,13.00,0.1040,true,1,51756
4017100364112,false,בלזן היט בסקוויט סנדביץ עם מלית קרם בטעם שוקולד קקאו (41%) 220 גרם,הדקלאים אגודת שיתופי,,היט עוגיות סנדביץ בט,גרמים,220.00,100 גרם,false,,8.90,0.0405,true,1,110437
4018077695032,false,חטיף תפוחי אדמה פריך,,,חטיף תפוחי אדמה פריך,יחידה,0.00,יחידה,false,,0.00,0.0000,true,1,188377
4018077821424,false,חטיף מקלות תפוח אדמה,,,חטיף מקלות תפוח אדמה,יחידה,0.00,יחידה,false,,0.00,0.0000,true,1,187920
4018077821790,false,חטיף מקלות תפוח אדמה,,,חטיף מקלות תפוח אדמה,יחידה,0.00,יחידה,false,,0.00,0.0000,true,1,188508
4018077821851,false,חטיף מקלות תפוח אדמה,,,חטיף מקלות תפוח אדמה,יחידה,0.00,יחידה,false,,0.00,0.0000,true,1,188509
4018093150010,false,חותך ירקות מנדולינה,,,חותך ירקות מנדולינה,יחידה,0.00,יחידה,false,,139.90,0.0000,true,1,183796
4025700001023,false,מילקה - שוקולד עם שבבי אגוזי לוז 100 גרם,מונדלייז,,מילקה שוק.חלב ואגוזי,גרמים,100.00,100 גרם,false,,8.00,0.0800,true,1,69805
4028208000284,false,נייר פילטר מספר 4 - BRIGITTA ובו 80 יחידות,Melitta Kaffee GmbH,,בריגיטה מספר 4 נייר,יחידה,80.00,יחידה,false,,12.20,0.1525,true,1,51985
4037719066009,false,סוכריות בצנצנת שי 996 גרם,,,סוכריות בצנצנת 966 ג,גרמים,966.00,100 גרם,false,,45.00,0.0466,true,1,52304
4037719657290,false,סוכריות בצנצנת פירות 300ג',קוונדיש,,סוכריות פירות בצנצנת,גרמים,300.00,100 גרם,false,,22.00,0.0733,true,1,51804
4037719680212,false,קבנדיש סוכריות בפחית בטעם תות,(EITAN (CHOCOTRADE,,סוכריות בטעם תות שדה,גרמים,175.00,100 גרם,false,,10.90,0.0623,true,1,97456
4043041008716,false,סוכ.דרופס פירות יער 33גר,אורביט,,אורביט סוכריות דרופס,יחידה,0.00,יחידה,false,,5.00,0.0000,true,1,76699
4046719172269,false,זוג ספוגי קרצוף ללכל,,,זוג ספוגי קרצוף ללכל,יחידה,0.00,יחידה,false,,11.90,0.0000,true,1,179123
4053700288205,false,"וייט קרם להסרת שיער לעור רגיש 100 מ""ל",רקיט בנקיזר צרפת,,ויט קרם הסרת שיער עד,יחידה,0.00,יחידה,false,,29.90,0.0000,true,1,51762
4053700292455,false,ויט רצועות שעווה מוכנות להסרת שיער לעור רגיל 12 יחידות,רקיט בנקיזר צרפת,,ויט רצועות שעווה תמצ,יחידה,0.00,יחידה,false,,24.90,0.0000,true,1,59796
4056489246053,false,סונדיי ביסקוויט ממולא קרם אגוזים 175 ג,,,סונדיי- ביסקוויט ממו,יחידה,0.00,יחידה,false,,0.00,0.0000,true,1,192836
4056800649792,false,"וולה - פלקס מוס לנפח ליומיים 200 מ""ל",פרוקטר אנד גמבל,,וולה פלקס מוס לנפח ל,יחידה,0.00,יחידה,false,,0.00,0.0000,true,1,188646
4056800912483,false,"וולה - פלקס מוס למראה שיער מלא 200 מ""ל",אינטרספריי,,וולה פלקס מוס למראה,יחידה,0.00,יחידה,false,,0.00,0.0000,true,1,187241
4056800943739,false,קרם חמצן וולוקסון Welloxon 6%,פרוקטר אנד גמבל,,וולוקסון 6%,יחידה,0.00,יחידה,false,,5.00,0.0000,true,1,52138
4056800943791,false,קרם חמצן וולוקסון Welloxon 9%,פרוקטר אנד גמבל,,וולוקסון 9%,יחידה,0.00,יחידה,false,,5.00,0.0000,true,1,51998
4084500065536,false,פנטן קרם לחות מוגברת לעיצוב שיער 300 מל,פרוקטר אנד גמבל,,פנטן קרם לחות מוגברת,מיליליטרים,300.00,"100 מ""ל",false,,24.90,8.3000,true,1,112476
4084500065598,false,"קרם לחות פנטן לתלתלים מושלמים 300 מ""ל",פרוקטר אנד גמבל,,פנטן קרם לחות לתלתלי,מיליליטרים,300.00,"100 מ""ל",false,,24.90,8.3000,true,1,114331
4084500149526,false,טייד גל כביסה 2.48 ליטר אלפים רענן,פרוקטר אנד גמבל,,טייד נוזל כביסה 2.48,ליטרים,2.48,ליטר,false,,29.90,12.0565,true,1,153394
4084500570825,false,"אריאל ג'ל 975 מ""ל",,,"אריאל ג'ל 975 מ""ל",יחידה,0.00,יחידה,false,,0.00,0.0000,true,1,188603
4084500853836,false,"נוזל כלים פיירי ורדים ומשי 515 מ""ל בד""צ",פרוקטר אנד גמבל,,פיירי נוזל כלים ורדי,מיליליטרים,515.00,"100 מ""ל",false,,9.90,1.9223,true,1,119252
4084500854048,false,נוזל כלים פיירי לימון שקוף 1.24 ליטר,פרוקטר אנד גמבל,,פיירי נוזל כלים לימו,ליטרים,1.24,ליטר,false,,14.90,12.0161,true,1,117425
4084500908178,false,פיירי ארומטיקס תפוח,,,פיירי ארומטיקס תפוח,יחידה,0.00,יחידה,false,,10.90,0.0000,true,1,156038
4210201245193,false,אורל בי מברשת שיניים חשמלית נטענת לילדים פרוזן,פרוקטר & גמבל,,אורל בי מברשת חשמלית,יחידה,0.00,יחידה,false,,0.00,0.0000,true,1,192670
4210201262183,false,מברשת שיניים חשמלית ויטליטי Vitality נטענת,פרוקטר אנד גמבל,,אורל בי מברשת חשמלית,יחידה,0.00,יחידה,false,,0.00,0.0000,true,1,192805
4260147890537,false,אטריות ביצים רצועות רחבות 500 גר,דין שיווק,,אטריות ביצים רחבות 5,גרמים,500.00,100 גרם,false,,12.90,0.0258,true,1,162640
4600080501013,false,וופל מצופה שוקולד טעם חלב 250 גר KOROVKA,רוט פרונט,,ממתק וופל מצופה שוקו,גרמים,250.00,100 גרם,false,,12.90,0.0516,true,1,186545
4600823197152,false,שוקולד ARTPASSION שקדים 75% 100 גרם,בבאיבסקי,,טבלאות שוקולד שקדים,יחידה,0.00,יחידה,false,,10.90,0.0000,true,1,186490
4600823197213,false,שוקולד DARX אליטני 75% 100 גרם,בבייבסקי,,שוק.אליטני 75% DARX,יחידה,0.00,יחידה,false,,6.90,0.0000,true,1,186487
4601780005436,false,אפונה גרוסה 800 גר מקפה,מקפה,,אפונה גרוסה 800 גרם,יחידה,0.00,יחידה,false,,8.90,0.0000,true,1,162345
4604248006921,false,ריבת מאחייב לימון בזכוכית 400 גרם,,,ריבת לימון בזכוכית 4,יחידה,0.00,יחידה,false,,16.90,0.0000,true,1,162392
4604248006945,false,ריבת ענבי שועל מאחייב בזכוכית 400 גר,,,ריבת ענבי שועל 400 ג,יחידה,0.00,יחידה,false,,16.90,0.0000,true,1,162393
4604248012601,false,חזרת 190 גרם מחייב,אסן פרודקשן,,חזרת 190 גרם,יחידה,0.00,יחידה,false,,8.50,0.0000,true,1,162399
4604248012618,false,חרדל רוסקיה 190 גרם מחייב,אסן פרודקשן,,חרדל רוסקיה 190 גרם,יחידה,0.00,יחידה,false,,6.90,0.0000,true,1,162400
4604248016272,false,ריבת מאחייב דובדבן בזכוכית 400 גר,אסן פרודקשן,,ריבת דובדבן בזכוכית,יחידה,0.00,יחידה,false,,16.90,0.0000,true,1,162409
4604248016289,false,ריבת מאחייב פירות יער בזכוכית 400 גר,אסן פרודקשן,,ריבת פירות יער בזכוכ,יחידה,0.00,יחידה,false,,16.90,0.0000,true,1,162410
4607001417415,false,מארז עוגות טבעת אישי,,,מארז עוגות טבעת אישי,גרמים,240.00,100 גרם,false,,0.00,0.0000,true,1,188020
4607012351999,false,גרעיני חמניות מרטין עם מלח 200 גרם,"נארז ע""י : א.ג. גילר",,גרעיני חמניות מרטין,גרמים,200.00,100 גרם,false,,11.90,0.0595,true,1,118956
4607025280217,false,אובלקה תערובת להכנת בלינצס 500 גר,אובלקה,,תערובת להכנת בלינצ'ס,גרמים,500.00,100 גרם,false,,9.90,0.0198,true,1,186583
4607144734387,false,עוגיות קורובקה עם חלב מרוכז 375 גר,,,עוגיות קרובקה עם חלב,גרמים,375.00,100 גרם,false,,6.00,0.0160,true,1,186499
4640018993398,false,פיניש קוואנטום 60 יח' קפסולות ג'ל למדיח כלים,רקיט בנקיזר,,פיניש קוואנטום 60 קפ,יחידה,0.00,יחידה,false,,59.90,0.0000,true,1,187061
4710068001692,false,"מאסטר קפה לאטה פחית 240 מ""ל",תאיט מרקטינג אנד דיסטריב,,מאסטר קפה לאטה פחית,מיליליטרים,240.00,"100 מ""ל",false,,7.00,2.9167,true,1,102006
4710068001715,false,"מאסטר קפה טירמיסו פחית 240 מ""ל",יוני פרזינדנט אנטרפר,,מאסטר קפה טרמיסו פחי,מיליליטרים,250.00,"100 מ""ל",false,,7.00,2.8000,true,1,102008
4710068002798,false,מאסטר קפה וונילה פחית 240 מל,מאיטה פוד אינדוסטריאל קו,,מאסטר קפה וונילה פחי,מיליליטרים,240.00,"100 מ""ל",false,,7.00,2.9167,true,1,178122
4750616000593,false,דגי שפרוטים גדולים מעושנים,בריויאס וילניוס,,שפרוטים בשמן ריגה 19,גרמים,190.00,100 גרם,false,,9.90,0.0521,true,1,178487
4750616001361,false,סלאקה מעושנת בשמן 190 גר BRIVAIS VILNIS,בריויאס וילניוס,,סלאקה מעושנת 190 גרם,גרמים,190.00,100 גרם,false,,9.90,0.0521,true,1,171313
4770179182826,false,בונבניירה טרופל צרפת,,,בונבניירה טרופל צרפת,גרמים,200.00,100 גרם,false,,16.90,0.0845,true,1,153541
4770577213467,false,סלק אדום מבושל,,,סלק אדום מבושל,יחידה,0.00,יחידה,false,,8.90,0.0000,true,1,182831
4800888150080,false,"דאב - דאודורנט רול און לאישה פרש טאצ' מלפפונים 50 מ""ל",יוניליוור פיליפינים,,דאב דאו רול און מלפפ,יחידה,0.00,יחידה,false,,24.00,0.0000,true,1,86580
4800888190529,false,דאב דאו סטיק טאלק סופט לאשה 50 גר,יוניליוור,,דאב סטיק טאלק סופט ל,יחידה,0.00,יחידה,false,,24.90,0.0000,true,1,121264
4800888209382,false,רקסונה דאודורנט סטיק אינביזיבל 50 גרם (נשים),רקסונה Rexona,,רקסונה נשים דאו סטיק,יחידה,0.00,יחידה,false,,0.00,0.0000,true,1,187311
4800888209405,false,רקסונה - דאודורנט סטיק לגבר קובלט דריי 50 גרם,רקסונה Rexona,,רקסונה מן סטיק קובל,יחידה,0.00,יחידה,false,,0.00,0.0000,true,1,187312
4800888209429,false,רקסונה - דאודורנט סטיק לאישה כותנה נשים 50 גרם,רקסונה Rexona,,רקסונה דואדורנט סטיק,יחידה,0.00,יחידה,false,,0.00,0.0000,true,1,187313
4800888209436,false,רקסונה דאודורנט סטיק לאשה טלק,יוניליוור,,רקסונה נשים דאו סטיק,יחידה,0.00,יחידה,false,,0.00,0.0000,true,1,187314
4810065006987,false,חלב מרוכז ממותק דוי פק רוגציוב 380 גרם,,,חלב מרוכז ממותק רוגצ,גרמים,380.00,100 גרם,false,,12.90,0.0339,true,1,186590
4820001073928,false,חלב מרוכז עם קקאו 37,קופיאנסקי קובבינט,,חלב מרוכז עם קקאו 37,יחידה,0.00,יחידה,false,,12.90,0.0000,true,1,162441
4820001073980,false,חלב מרוכז עם שמנת 37,קופיאנסקי קובבינט,,חלב מרוכז עם שמנת 35,יחידה,0.00,יחידה,false,,12.90,0.0000,true,1,162443
4828104101081,false,סט 12 חלק קפה לבן,,,סט 12 חלק קפה לבן,יחידה,0.00,יחידה,false,,15.00,0.0000,true,1,183383
4891130001199,false,מזרח ומערב יבוא פון,Pun chun sauce & pre,,מזרח ומערב יבוא פון,גרמים,290.00,100 גרם,false,,16.00,0.0552,true,1,59818
4891228308032,false,שיק סכינים גילוח אינטואישן ידית + 5,ארץ ייצור סכינים: ארהבn\,,שיק אינטואישן אישה מ,יחידה,0.00,יחידה,false,,0.00,0.0000,true,1,188904
4891228308049,false,סכין גילוח שיק היידרו 5 סנס לגבר+7סכינים,ארץ ייצור סכינים: ארהבn\,,שיק היידרו גבר מארז,יחידה,0.00,יחידה,false,,0.00,0.0000,true,1,192675
4891228430054,false,סכיני גילוח לנשים שיק אקזקטה 2 5 יח,שיק,,שיק אקסטרא ס.ג. 2ור,יחידה,5.00,יחידה,false,,16.90,3.3800,true,1,122636
4891228430085,false,סכיני גילוח שיק אקסטרים קומפורט לגבר 3 להבים 4 יחידות,אנרג'יזר Energizer,,שיק אקסטרים3 ס.גילוח,יחידה,4.00,יחידה,false,,19.90,4.9750,true,1,62253
4891228430092,false,סכיני גילוח שיק אקסטרים קומפורט לנשים 3 להבים 4 יחידות,אנרג'יזר Energizer,,שיק אקסטרים3 ס.גילוח,יחידה,4.00,יחידה,false,,19.90,4.9750,true,1,62409
4891228460242,false,שיק קוואטרו חד פעמי לנשים 3 יחידות,אנרג'יזר Energizer,,סכיני גילוח שיק קווא,יחידה,3.00,יחידה,false,,32.00,10.6667,true,1,69824
4902430599597,false,מברשת שיניים אורל בי,,,מברשת שיניים אורל בי,יחידה,0.00,יחידה,false,,6.90,0.0000,true,1,148545
4902430766579,false,רביעיית מברשות שיניים אורל בי שחור,פרוקטר & גמבל,,BLACK CAVITY מברשת ש,יחידה,0.00,יחידה,false,,19.90,0.0000,true,1,185943
4902430783316,false,מברשת שיניים אורל בי,,,מברשת שיניים אורל בי,יחידה,0.00,יחידה,false,,19.90,0.0000,true,1,185945
4902430799058,false,מכשיר מאך 3 אקווה גר,,,מכשיר מאך 3 אקווה גר,יחידה,0.00,יחידה,false,,24.90,0.0000,true,1,178970
4902430864596,false,מברשת שיניים אורל בי מארז שישייה,פרוקטר & גמבל,,אורל בי שישייה קלאסי,יחידה,0.00,יחידה,false,,11.90,0.0000,true,1,187072
5000111047364,false,רוטב ברביקיו דבש 465 גרם,היינץ,,HP ברביקיו דבש 465 ג,גרמים,465.00,100 גרם,false,,15.90,0.0342,true,1,148989
5000111047371,false,רוטב ברביקיו קלאסי 465 גרם,היינץ,,HP ברביקיו קלאסי 465,גרמים,465.00,100 גרם,false,,15.90,0.0342,true,1,148990
5000127533196,false,קלוגס וורייטי שמינייה 191 גרם,חברת קלוגס בריטניה,,קלוגס ווראייטי 191 ג,גרמים,191.00,100 גרם,false,,22.90,0.1199,true,1,166657
5000146057710,false,ספריי רב שימושי לחלונות ומשטחים ווינדולין Windolene,רקיט בנקיזר,,וינדולין ספריי 750 מ,מיליליטרים,750.00,"100 מ""ל",false,,13.00,1.7333,true,1,52120
5000146401568,false,וולייט דפים למניעת העברת צבע 10 דפים,רקיט בנקיזר,,לכביסה ווליט דפים שו,יחידה,10.00,יחידה,false,,11.90,1.1900,true,1,52207
5000157143365,false,מתבל בטעם מיונז וקטשופ היינץ 425 גרם,"פודליצקי ספ.ז.או.או,",,היינץ מתבל בטעם מיונ,מיליליטרים,425.00,"100 מ""ל",false,,15.90,3.7412,true,1,183673
5000159376792,false,סוכריות סקיטלס Skittles פירות חמוצים,ריגלי ממתקים,,סקיטלס פירות חמוצים,יחידה,0.00,יחידה,false,,3.00,0.0000,true,1,85651
5000159409179,false,מארז חטיפי מיני סניקרס Snickers,מרס הולנד בי.וי.,,סניקרס מיני 403 גרם,גרמים,403.00,100 גרם,false,,22.90,0.0568,true,1,99033
5000159452977,false,מיקס שקית מיניס 400 גרם מרס-באונטי-טוויק,מרס הולנד בי.וי.,,מיני מיקס 400 גרם,גרמים,400.00,100 גרם,false,,22.90,0.0572,true,1,99035
5000159459228,false,חטיף שוקולד טוויקס 50 ג',"נארז ע""י : א.ג. גילר",,טוויקס חטיף 50 גרם,יחידה,0.00,יחידה,false,,3.90,0.0000,true,1,89107
5000159461122,false,חטיף שוקולד סניקרס מקס קרמל 50 ג',"נארז ע""י : א.ג. גילר",,סניקרס חטיף 50 גרם,יחידה,0.00,יחידה,false,,3.90,0.0000,true,1,89106
5000159468510,false,חטיפי שוקולד מרס חמי,מרס שוקולד דרינקס&טר,,מארס מארז 4+1,גרמים,250.00,100 גרם,false,,10.90,0.0436,true,1,178408
5000159486972,false,חטיף טוויקס לבן עם ש,"נארז ע""י : א.ג. גילר",,טויקס חטיף וואיט 46,יחידה,0.00,יחידה,false,,3.90,0.0000,true,1,137896
5000159492317,false,טוויקס סטיקס-10 יח 2,,,טוויקס סטיקס-10 יח 2,גרמים,215.00,100 גרם,false,,17.90,0.0833,true,1,179689
5000168186597,false,הובנובס מצופה שוק.חלב300,DIGESTIVE MCVITIES,,מקוויטיס ביסקוויט שי,גרמים,300.00,100 גרם,false,,12.90,0.0430,true,1,148613
5000168199221,false,שוקולד חלב גודייבה 90 גר,"אולקר מקבוצת פלאדיס, ציק",,ויסוצקי שוקולד חלב מ,יחידה,0.00,יחידה,false,,15.90,0.0000,true,1,167845
5000189974579,false,מארז מיני חטיפי קיט קט Kit Kat,נסטלה גרמניה,,נסטלה קיט קט מיני 20,גרמים,200.00,100 גרם,false,,14.90,0.0745,true,1,155169
5000204114867,false,"גלייד ארוסול בניחוח וניל 300 מ""ל",coster aerosol vail,,גלייד ארוסול בניחוח,מיליליטרים,300.00,"100 מ""ל",false,,9.00,3.0000,true,1,182756
5000204114928,false,"גלייד ארוסול בניחוח דובדבן 300 מ""ל",coster aerosol vail,,גלייד ארוסול בניחוח,מיליליטרים,300.00,"100 מ""ל",false,,9.00,3.0000,true,1,182753
5000204114959,false,"גלייד ארוסול בניחוח פריחה בלבן 300 מ""ל","אס.סי ג'\ונסון,מידרכט, ה",,גלייד אורסול בניחוח,מיליליטרים,300.00,"100 מ""ל",false,,9.00,3.0000,true,1,183926
5000204114980,false,גלייד ארוסול אודיסאה300מ,coster aerosol vail,,גלייד ארוסול בניחוח,יחידה,0.00,יחידה,false,,9.00,0.0000,true,1,182754
5000204120776,false,גלייד ג'ל מוצק - מפיץ ריח בניחוח לבנדר 150 גרם,במה פולסקה אספי.זד.או.או,,גלייד אורסול בניחוח,מיליליטרים,300.00,"100 מ""ל",false,,9.00,3.0000,true,1,183928
5000204133509,false,זיפלוק שקיות אחסון גדולות 19 יחידות,אס.סי.גונסון ובניו,,זיפלוק שקיות אחסון,יחידה,0.00,יחידה,false,,0.00,0.0000,true,1,187774
5000204139556,false,"דאק ג'ל נוזל לניקוי האסלה בניחוח פירות 750 מ""ל",,,דאק ג'ל נוזל בניחוח,מיליליטרים,750.00,"100 מ""ל",false,,9.90,1.3200,true,1,182755
5000204139587,false,סבון אקטיבי דאק בניח,,,דאק סבון אקטיבי לניק,יחידה,0.00,יחידה,false,,8.90,0.0000,true,1,182746
5000204153903,false,מטהר אוויר גלייד מילוי אוטומטי מרכך כביסה,"קוסטר אירוסול ואלף סאן,",,גלייד ספריי אוטומטי-,מיליליטרים,269.00,"100 מ""ל",false,,0.00,0.0000,true,1,187777
5000204154252,false,"מילוי אוטומטי גלייד פירות יער 269 מ""ל",coster aerosol vail,,גלייד ספריי אוטומטי,מיליליטרים,250.00,"100 מ""ל",false,,0.00,0.0000,true,1,192648
5000204155815,false,"גלייד מארז אוטומטי מרכך כביסה 269 מ""ל",גלייד,,גלייד מארז אוטומטי ב,גרמים,400.00,100 גרם,false,,0.00,0.0000,true,1,189748
5000204658064,false,"ספוגית הברקה קיווי אקספרס שחור 6 מ""ל",המאפיה של הרמן,,קיווי ספוג אקספרס שח,יחידה,0.00,יחידה,false,,20.00,0.0000,true,1,84341
5000204658125,false,"קיווי נוזל נעליים קראון חום 75 מ""ל",אס' סי' ג'ונסון במה,,קיווי משחת נעליים קר,יחידה,0.00,יחידה,false,,15.00,0.0000,true,1,84343
5000207004172,false,פדים להנקה ג'ונסון 30יח',CILAG GMBH INTERNATI,,גונסון בייבי פדים לה,יחידה,30.00,יחידה,false,,25.90,0.8633,true,1,62052
5000394018846,false,דורסל מארז פרומו פלו,פרוקטר & גמבל,,דורסל מארז פרומו פלו,יחידה,0.00,יחידה,false,,19.90,0.0000,true,1,140775
5000394019089,false,סוללה פלוס פאוור 2 יחידות C דורסל,פרוקטר אנד גמבל,,דורסל סוללות פלוס פא,יחידה,0.00,יחידה,false,,29.90,0.0000,true,1,162131
5000394019171,false,סוללה פלוס פאוור 2 יחידות D דורסל,פרוקטר אנד גמבל,,דורסל סוללות פלוס פא,יחידה,0.00,יחידה,false,,29.90,0.0000,true,1,162132
5000394105485,false,סוללה פלוס פאוור V9 דורסל יח 1,פרוקטר אנד גמבל,,דורסל סוללות פלוס פא,יחידה,0.00,יחידה,false,,29.90,0.0000,true,1,162133
5000394203884,false,סוללות דורסל ליתיום זוג,דורסל Duracell,,דורסל סוללת ליתיום 2,יחידה,0.00,יחידה,false,,19.90,0.0000,true,1,162129
5000394203907,false,סוללות דורסל ליתיום זוג,דורסל Duracell,,דורסל סוללת ליתיום 2,יחידה,0.00,יחידה,false,,7.90,0.0000,true,1,162134
5000396037531,false,מקוויטיס ביסקוויט מצופה שוקולד חלב 200 גרם,ברנדס סרטרה נשיונל,,מקוויטיס ביסקוויט מצ,גרמים,200.00,100 גרם,false,,11.90,0.0595,true,1,148614
5000396037548,false,מקוויטיס ביסקוויט מצופה שוקולד מריר 200 גרם,ברנדס סרטרה נשיונל,,מקוויטיס ביסקוויט מצ,גרמים,200.00,100 גרם,false,,11.90,0.0595,true,1,148615
5000396037944,false,מקוויטיס ביסקוויט אורגינל 250 גרם,ברנדס סרטרה נשיונל,,מקוויטיס ביסקוויט קל,גרמים,250.00,100 גרם,false,,10.90,0.0436,true,1,148595
5010123703431,false,ליסטרין פרש בורסט 250 מל,גונסון אנד גונסון,,ליסטרין מנטה מרענן 2,מיליליטרים,250.00,"100 מ""ל",false,,19.90,7.9600,true,1,176803
5010182996799,false,ג'ל אסלה מנטרל ריחות בניחוח פרחי בר ורודים,דאופלור אס.פי.אי איט,,דאק ג'ל אסלה בניחוח,יחידה,55.00,יחידה,false,,11.00,0.2000,true,1,51916
5010182997253,false,רייד תרסיס קוטל ג'וקים/תיקנים 300 מל,אס.סי.ג'ונסון מידרכט,,רייד ארוסול קוטל ג'ו,מיליליטרים,300.00,"100 מ""ל",false,,19.90,6.6333,true,1,59832
5010182997338,false,דאק ג'ל לניקוי אסלות בניחוח רענן 55 מל,"איטיליאן פוד, אס.פי.",,ט.דאק ג'ל אסלה ניחוח,גרמים,55.00,100 גרם,false,,11.00,0.2000,true,1,51831
5010182997680,false,"רייד ארוסול קוטל נמלים - 300 מ""ל",אס.סי.ג'ונסון מידרכט,,רייד ארוסול קוטל נמל,מיליליטרים,300.00,"100 מ""ל",false,,19.90,6.6333,true,1,59834
5010182997918,false,דאק ג'ל לניקוי אסלות בניחוח ים 55 מל,"איטיליאן פוד, אס.פי.",,ט.דאק ג'ל אסלה ניחוח,גרמים,55.00,100 גרם,false,,11.00,0.2000,true,1,51918
5010182998861,false,דאק נוזל לניקוי אסלות בניחוח רענן 750 מל,מיוצר עי קונדיטוריית,,ט דאק נוזל לאסלה 750,מיליליטרים,750.00,"100 מ""ל",false,,9.90,1.3200,true,1,52449
5010415333544,false,טומי טיפי זוג מוצצים יומי 0-6,הכי טבעי-הנסיך,,טומי טיפי זוג מוצצים,יחידה,0.00,יחידה,false,,39.90,0.0000,true,1,179354
5010576285805,false,פרימייר טרמוס ירוק 5,,,פרימייר טרמוס ירוק 5,יחידה,0.00,יחידה,false,,79.90,0.0000,true,1,123421
5010622017947,false,אורל בי חוט דנטלי סאטן מנטה 25 מטר,פרוקטר & גמבל,,אורל בי חוט דנטלי SA,יחידה,0.00,יחידה,false,,14.90,0.0000,true,1,175360
5011417552247,false,"אירוויק מבשם אויר נטול גז בניחוח פשתן ופרחי לילך 345 מ""ל",איירוויק Air Wick,,"אירוויק 345 מ""ל נטול",מיליליטרים,345.00,"100 מ""ל",false,,19.90,5.7681,true,1,51839
5011417563908,false,איירוויק פיור ספריי בניחוח וניל 250 מל,רקיט בנקיזר,,איירוויק פיור התזה י,מיליליטרים,250.00,"100 מ""ל",false,,14.90,5.9600,true,1,134703
5011417565414,false,אירוויק פיור לבנדר 250מל,רקיט בנקיזר,,איירוויק פיור התזה י,מיליליטרים,250.00,"100 מ""ל",false,,14.90,5.9600,true,1,134704
5012251012249,false,ביוטי פורמולה תרחיץ פנים פחם,,,CHARCOAL תרחיץ פילינ,יחידה,0.00,יחידה,false,,19.90,0.0000,true,1,173701
5012251012522,false,מגבוני פנים פחם פעיל,DRAMMOCK,,מגבוני פנים פחם פעיל,יחידה,0.00,יחידה,false,,19.90,0.0000,true,1,178738
5012251012645,false,רצועות לאף להסרת ראשים שחורים,,,CHARCOAL מדבקות להוצ,יחידה,0.00,יחידה,false,,19.90,0.0000,true,1,173698
5013965948428,false,משחת שיניים פרו אקספרט לניקוי יסודי מנטה מעודן,פרוקטר אנד גמבל,,אורל בי פרו אקספרט,יחידה,0.00,יחידה,false,,9.90,0.0000,true,1,186357
5014271002767,false,מעדן פרי מנגו פסיפלורה 284 גרם,סאן דלפור - שמבור,,סן דלפו מעדן פרי מנג,גרמים,284.00,100 גרם,false,,18.90,0.0665,true,1,179216
5014271300429,false,"מעדן משמש 100% פרי סנטדלפור 284 גרם לל""ס",סאן דלפור - שמבור,,סן דלפו מעדן משמש לל,גרמים,284.00,100 גרם,false,,18.90,0.0665,true,1,71679
5014271330426,false,מעדן אוכמניות כחולות ללא תוספת סוכר 284 גרם,סאן דלפור - שמבור,,סן דלפו מעדן אוכמניו,גרמים,284.00,100 גרם,false,,18.90,0.0665,true,1,140678
5014271400426,false,"מעדן בטעם תות שדה לל""ס סאן דלפור 284 גרם",סאן דלפור - שמבור,,סן דלפו מעדן תות שדה,גרמים,284.00,100 גרם,false,,18.90,0.0665,true,1,52596
5029053032658,false,שמיניית ממחטות טישו קלינקס 9 יחידות,חוגלה קימברלי,,קלינקס אוריגנל ממחט,יחידה,0.00,יחידה,false,,8.90,0.0000,true,1,148641
5029053510811,false,תחבושות נורמל פלוס עם כנפיים קוטקס 28 יחידות,קימברלי קלארק,,קוטקס תחבושות אולטרה,יחידה,28.00,יחידה,false,,20.00,0.7143,true,1,71686
5029053510828,false,תחבושות סופר פלוס עם כנפיים קוטקס 22יחידות,קימברלי קלארק,,קוטקס תחבושות אולטרה,יחידה,24.00,יחידה,false,,20.00,0.8333,true,1,71687
5029053523446,false,קוטקס - תחבושות אולטרה נייט + כנפיים 20 יח',קימברלי קלארק,,קוטקס תחבושות אולטרה,יחידה,20.00,יחידה,false,,20.00,1.0000,true,1,71689
5050048031158,false,לאגו 155 חלקים,,,לאגו 155 חלקים,יחידה,0.00,יחידה,false,,29.90,0.0000,true,1,180988
5053827215671,false,קלוגס קוקו פופס ילדים350,קלוגס קומפני אוף גרייט ב,,קלוגס קוקו פופס לבן,גרמים,350.00,100 גרם,false,,0.00,0.0000,true,1,187870
5060517886516,false,"משקה אנרגיה מונסטר אנרג'י זירו בפחית 500 מ""ל",מונסטר אנרג'י Monster Energy,,מונסטר אנרג'י זירו,מיליליטרים,500.00,"100 מ""ל",false,,6.90,1.3800,true,1,183126
5060639128051,false,"משקה אנרגיה מונסטר אולטרה בפחית 500 מ""ל",מונסטר אנרג'י לימטד,,מונסטר אולטרה פח 500,מיליליטרים,500.00,"100 מ""ל",false,,0.00,0.0000,true,1,187764
5200133120476,false,גלילות וופלים ממולאים קרם אגוזים וקקאו 400 ג',יוניליוור גרמניה Gm,,גלילות וופלים ממולאי,גרמים,400.00,100 גרם,false,,18.00,0.0450,true,1,154874
5200133120735,false,גליליות וופלים שוקלד מריר 400 ג',"קוארטט אס.אי,",,גלילות וופלים ממולא,גרמים,400.00,100 גרם,false,,0.00,0.0000,true,1,187872
5201004020338,false,קפריס רולס קלאסיק 400 גרם,א.ג פאפאגופולוס,,קפריס רולס קלאסיק 40,גרמים,400.00,100 גרם,false,,19.90,0.0497,true,1,176243
5201004021328,false,קפריס רולס גלילי וופל במילוי קרם אגוזי לוז וקקאו,אי. ג'יי פאפאדופולוס,,כפריס גליליות ממולאו,גרמים,115.00,100 גרם,false,,8.90,0.0774,true,1,147281
5201178801047,false,"ניוואה קרם רב שימושי 150מ""ל",ביירסדורץ,,"ניוואה קרם 150 מ""ל",גרמים,150.00,100 גרם,false,,25.00,0.1667,true,1,99923
5201184894484,false,מפיות נייר 33X33 סמ,,,מפיות נייר 33X33 סמ,יחידה,0.00,יחידה,false,,0.00,0.0000,true,1,192677
5201184908594,false,מפיות נייר מטאלי LOL דו,,,מפיות נייר 2 שכבות ג,יחידה,0.00,יחידה,false,,9.90,0.0000,true,1,180288
5201347160326,false,גל לשמירה על חיי מכונת הכביסה קלגון 750מ,רקיט בנקיזר,,"קלגון ג'ל 750 מ""ל",יחידה,0.00,יחידה,false,,29.90,0.0000,true,1,149119
5201347400545,false,רצועות שעווה מוכנות לשימוש לפנים ולאזורים רגישים,רקיט בנקיזר צרפת,,ויט ארומטיק רצועות ש,יחידה,18.00,יחידה,false,,24.90,1.3833,true,1,71701
5201940010110,false,זיתים שחורים קלמטה וילי פוד 250 גרם,סיוארס אס.איי,,זית קלמטה 454 גרם,גרמים,454.00,100 גרם,false,,16.30,0.0359,true,1,62795
5202300043151,false,צבע לשיער קולסטון - 8/0 בלונד בהיר,פרוקטר אנד גמבל,,קולסטון 2000 8/0 בלו,יחידה,0.00,יחידה,false,,0.00,0.0000,true,1,197632
5202300043168,false,צבע לשיער קולסטון - 7/0 בלונד בינוני,פרוקטר אנד גמבל,,קולסטון 2000 7/0 בלו,יחידה,0.00,יחידה,false,,0.00,0.0000,true,1,192606
5202300043199,false,צבע לשיער קולסטון - 4/0 חום בינוני,פרוקטר אנד גמבל,,קולסטון 2000 4/0 חום,יחידה,0.00,יחידה,false,,0.00,0.0000,true,1,189004
5202390020407,false,פטה טבעונית גוש ויולייף 200 ג',ביוט איילנד פודס בעמ,,בסגנון פטה טבעוני 20,גרמים,200.00,100 גרם,false,,26.90,0.1345,true,1,174276
5202460044968,false,טבלאות שוקולד 85 גרם,,,טבלאות שוקולד 85 גרם,יחידה,0.00,יחידה,false,,5.90,0.0000,true,1,181174
5202460910805,false,סוכריות ג'לי 800 גרם,,,סוכריות ג'לי 800 גרם,גרמים,800.00,100 גרם,false,,14.90,0.0186,true,1,176731
5202772111129,false,מוסתקה 10 גרם,,,מוסתקה 10 גרם,גרמים,100.00,100 גרם,false,,20.00,0.2000,true,1,143383
5206759910088,false,גילו קולה 100 גרם,,,גילו קולה 100 גרם,יחידה,0.00,יחידה,false,,3.90,0.0000,true,1,186927
5206759950114,false,טופי מוסטקה 100 גרם,,,טופי מוסטקה 100 גרם,יחידה,0.00,יחידה,false,,3.90,0.0000,true,1,186928
5310099005462,false,מיזלי קראנצ' שוקולד 1קג,ספץ תעשיות,,גרין מיזלי קראנץ שוק,קילוגרמים,1.00,"ק""ג",false,,25.40,25.4000,true,1,52869
5391523057929,false,סימילאק גולד שלב 1 תרכובת מזון על בסיס חלב,אבוט מעבדות רפואיות,,סימילאק גולד שלב 1 7,יחידה,0.00,יחידה,false,,89.90,0.0000,true,1,160250
5391523057943,false,סימילאק גולד שלב 3 תרכובת מזון על בסיס חלב,אבוט מעבדות רפואיות,,סימילאק גולד שלב 3 7,יחידה,0.00,יחידה,false,,89.90,0.0000,true,1,160252
5391523058063,false,סימילאק אדבנס פלוס 1 תרכובת מזון על בסיס חלב,טרופיקל דגיל תעשיות,,סימילאק אדוונס פלוס,גרמים,700.00,100 גרם,false,,74.90,0.1070,true,1,160154
5391523058070,false,סימילאק אדבנס פלוס 3 תרכובת מזון על בסיס חלב,טרופיקל דגיל תעשיות,,סימילאק אדוונס פלוס,גרמים,700.00,100 גרם,false,,74.90,0.1070,true,1,160155
5400265022826,false,המלט- שוקוליס דפדפי תפוז קריספי 125 גר,NV HAMLET,,המלט דפדפי שוקולד קר,גרמים,125.00,100 גרם,false,,17.90,0.1432,true,1,62194
5410076737789,false,אריאל אבקת כביסה 10,,,אריאל אבקת כביסה 10,יחידה,0.00,יחידה,false,,69.90,0.0000,true,1,146935
5410091648176,false,"פה - דאודורנט רול און לאישה פינק פרדייס 50 מ""ל",שוורצקופף והנקל,,פה דאודורנט רול און,מיליליטרים,50.00,"מ""ל",false,,10.90,0.2180,true,1,52516
5410126006087,false,עוגיות לוטוס ארוזות בתפזורת 700 גרם,לוטוס ביקרי נ.וי.,,לוטוס עוגיות קרמל 70,גרמים,700.00,100 גרם,false,,26.00,0.0371,true,1,95124
5410126106183,false,עוגיות לוטוס 50 יחידות ארוזות בנפרד 312 גרם,כלורוקס אוקלנד,,ביסקוויט קרמל 312 גר,יחידה,50.00,יחידה,false,,18.00,0.3600,true,1,62617
5410126116953,false,ממרח ביסקוויט קרמל לוטוס 400 גרם,לוטוס בייקרי בלגיה נ,,לוטוס ממרח ביסקוויט,גרמים,400.00,100 גרם,false,,23.00,0.0575,true,1,78661
5410126666038,false,"ביסקוויט קרמל לוטוס 279 גרם בד""צ",לוטוס ביקרי נ.וי,,עוגיות לוטוס 279 גרם,גרמים,279.00,100 גרם,false,,12.90,0.0462,true,1,160891
5410126716016,false,"עוגיות לוטוס ביסקויט קרמל בד""צ 250 גרם",לוטוס ביקרי בלגיה,,ביסקוויט בטעם קרמל ל,גרמים,250.00,100 גרם,false,,13.00,0.0520,true,1,63260
5410126726947,false,ממרח ביסקוויט קרמל קראנץ' לוטוס 380 גרם,לוטוס בייקרי בלגיה נ,,לוטוס קראנץ ממרח עוג,גרמים,380.00,100 גרם,false,,23.90,0.0629,true,1,100606
5410291021991,false,ממרח אגוזי לוז עם קקאוי 700 ג' צ'וקטה,צ'וקטה Chocketa,,צוקטה ממרח אגוזי לוז,גרמים,700.00,100 גרם,false,,18.90,0.0270,true,1,136614
5410291022011,false,ממרח אגוזי לוז עם קקאוי 350 ג' צ'וקטה,צ'וקטה Chocketa,,צוקטה ממרח אגוזי לוז,גרמים,350.00,100 גרם,false,,9.90,0.0283,true,1,136598
5410291022738,false,צ'וקטה ממרח חלב ואגוזי לוז עם קקאוי 350ג',צ'וקטה Chocketa,,צוקטה ממרח אגוזי לוז,גרמים,350.00,100 גרם,false,,9.90,0.0283,true,1,141763
5410291022776,false,ממרח אגוזי לוז צ'וקטה 700 גרם פרווה,צ'וקטה Chocketa,,צוקטה ממרח אגוזי לוז,גרמים,700.00,100 גרם,false,,18.90,0.0270,true,1,168710
5411188080268,false,"אלפרו סויה אורגני 1 ל מפוקח ע""י סקאל",הנסיך- מפעל לייצור ט,,אלפרו סויה אורגני 1,מיליליטרים,1000.00,"100 מ""ל",false,,14.90,1.4900,true,1,101962
5411188081852,false,אלפרו משקה סויה בטעם וניל 1 ל',הנסיך- מפעל לייצור ט,,אלפרו משקה סויה בטעם,ליטרים,1.00,ליטר,false,,14.90,14.9000,true,1,101961
5411188094159,false,רביעיית מעדן סויה שוקו מריר אלפרו 125 גרם,הנסיך- מפעל לייצור ט,,אלפרו מעדן סויה שוק.,גרמים,500.00,100 גרם,false,,17.20,0.0344,true,1,62618
5411188096108,false,"אלפרו שמנת צמחית לבישול לייט 250מ""ל",אלפרו C.V.A,,אלפרו שמנת צמחית לבי,מיליליטרים,250.00,"100 מ""ל",false,,9.90,3.9600,true,1,62846
5411188106159,false,אלפרו סויה לייט מופחת שומן 1.2% 1 ליטר,הנסיך- מפעל לייצור ט,,אלפרו חלב לייט מופחת,מיליליטרים,1000.00,"100 מ""ל",false,,13.90,1.3900,true,1,101959
5411188110835,false,אלפרו חלב סויה שקדים וניל 1ל',הנסיך- מפעל לייצור ט,,אלפרו חלב שקדים 1 לי,ליטרים,1.00,ליטר,false,,13.90,13.9000,true,1,88538
5411188112709,false,"משקה קוקוס אלפרו 1 ליטר משקה שקדים לל""ס",הנסיך- מפעל לייצור ט,,אלפרו משקה שקדים ללא,ליטרים,1.00,ליטר,false,,13.90,13.9000,true,1,105892
5411188115366,false,משקה קוקוס אלפרו 1 ליטר משקה שיבולת שועל 1 ליטר,הנסיך- מפעל לייצור ט,,אלפרו משקה שיבולת שו,ליטרים,1.00,ליטר,false,,13.90,13.9000,true,1,100648
5411188115472,false,משקה סויה אלפרו 1 ליטר,הנסיך- מפעל לייצור ט,,אלפרו משקה סויה 1 לי,ליטרים,1.00,ליטר,false,,0.00,0.0000,true,1,187620
5411188116592,false,משקה קוקוס אורז אלפרו 1ל,אלפרו C.V.A,,אלפרו משקה קוקוס 1 ל,ליטרים,1.00,ליטר,false,,13.90,13.9000,true,1,100650
5411188118732,false,משקה אלפרו קוקוס ושקדים 1 ליטר,הנסיך- מפעל לייצור ט,,אלפרו משקה קוקוס שקד,ליטרים,1.00,ליטר,false,,13.90,13.9000,true,1,119390
5411188120742,false,משקה קוקוס אלפרו 1 ליטר שקדים וניל 1 ל',הנסיך- מפעל לייצור ט,,אלפרו משקה שקדים בטע,ליטרים,1.00,ליטר,false,,13.90,13.9000,true,1,119391
5411188121978,false,"משקה סויה בטעם שוקולד 3 * 250 מ""ל אלפרו",אלפרו סי.וי. איי,,אלפרו סויה 3*250 מל,גרמים,750.00,100 גרם,false,,13.70,0.0183,true,1,150734
5411188122661,false,אלפרו משקה שקדים לא קלויים ללא תוספת סוכר 1 ל',הנסיך- מפעל לייצור ט,,אלפרו משקה שקדים ללא,ליטרים,1.00,ליטר,false,,13.90,13.9000,true,1,144642
5411188124689,false,משקה אלפרו שיבולת שועל ללא סוכר 1 ליטר,אלפרו C.V.A,,אלפרו משקה שיבולת שו,ליטרים,1.00,ליטר,false,,0.00,0.0000,true,1,187621
5411188124726,false,אלפרו משקה שיבולת שועל שקדים 1 ליטר,הדקלאים אגודת שיתופי,,אלפרו משקה שיבולת שו,ליטרים,1.00,ליטר,false,,13.90,13.9000,true,1,151085
5411188127697,false,אלפרו משקה בריסטה שיבולת שועל 1 ליטר,הנסיך- מפעל לייצור ט,,אלפרו בריסטה שיבולת,ליטרים,1.00,ליטר,false,,0.00,0.0000,true,1,187623
5411188130055,false,משקה סויה שוקו אלפרו,פארייפאבה אגרואינדוס,,אלפרו משקה סויה שוקו,ליטרים,1.00,ליטר,false,,0.00,0.0000,true,1,189714
5411188300328,false,אלפרו סויה שוקו 1 ליטר * 8 יחי,הנסיך- מפעל לייצור ט,,אלפרו משקה סויה שוקו,מיליליטרים,1000.00,"100 מ""ל",false,,14.90,1.4900,true,1,101960
5411188543398,false,משקה סויה ללא סוכר אלפרו 1 ליטר,הנסיך- מפעל לייצור ט,,"אלפרו משקה סויה לל""ס",מיליליטרים,1000.00,"100 מ""ל",false,,0.00,0.0000,true,1,188349
5411333016630,false,פירות ים מריר 250 גר,,,פירות ים מריר 250 גר,גרמים,250.00,100 גרם,false,,27.90,0.1116,true,1,102497
5413121356737,false,"שוקולד מריר ללא תוספת סוכר ""בלג'יאן"" 100 גרם",BCG,,פרסטיז בלגיאן שוק.מר,גרמים,100.00,100 גרם,false,,15.90,0.1590,true,1,103269
5413121356829,false,בלג'יאן-שוקולד חלב ללא סוכר 100 גר' 1/20 (7072),BCG,,פרסטיז בלגיאן שוק.חל,גרמים,100.00,100 גרם,false,,15.90,0.1590,true,1,103270
5413149635197,false,אריאל אבקה קולור 6קג,פרוקטר & גמבל,,"אריאל צבעוני 6 ק""ג",קילוגרמים,6.00,"ק""ג",false,,49.90,8.3167,true,1,156037
5413216990242,false,בונבוניירה צדפים ממולאים בקרם אגוזים,נאטראג'\אקאלי,,צ'וקטה צדפי שוקולד 2,גרמים,250.00,100 גרם,false,,14.90,0.0596,true,1,121550
5413548040479,false,בונבוניירה רפאלו 240 גרם,ליימן-שליסל,,בונבוניירה רפאלו 240,גרמים,240.00,100 גרם,false,,24.90,0.1037,true,1,77003
5413548280189,false,קינדר שוקו בון 1 יחידות 125 גרם,פררו - אלבה,,קינדר שוקו בון 125 ג,גרמים,125.00,100 גרם,false,,11.90,0.0952,true,1,53102
5420048872615,false,בוקסר כחול לבן,,,בוקסר כחול לבן,יחידה,0.00,יחידה,false,,9.90,0.0000,true,1,162758
5555653210054,false,מד חום דיגיטלי,,,מד חום דיגיטלי,יחידה,0.00,יחידה,false,,0.00,0.0000,true,1,188191
5601008200444,false,עוגיות גודיס טבעות מצופות שוקולד חלב מרבה 150 גרם,הנסיך- מפעל לייצור ט,,גודיס עוגיות טבעת מצ,גרמים,150.00,100 גרם,false,,5.90,0.0393,true,1,62946
5601008200451,false,עוגיות גודיס טבעות מצופות שוקולד מריר מרבה 150 גרם,מרבה Merba,,גודיס עוגיות טבעת מצ,גרמים,150.00,100 גרם,false,,5.90,0.0393,true,1,62947
5601008200468,false,עוגיות גודיס טבעות מצופות שוקולד לבו מרבה 150 גרם,קריניציה ויטמינה אס,,גודיס עוגיות טבעת מצ,גרמים,150.00,100 גרם,false,,5.90,0.0393,true,1,62476
5601036205534,false,צבע לשיער אקסלנס קרם - 1 שחור,לוריאל Loreal,,אקסלנס צבע שיער שחור,יחידה,0.00,יחידה,false,,39.90,0.0000,true,1,100662
5601036205558,false,צבע לשיער אקסלנס קרם - 4 חום כהה,לוריאל Loreal,,אקסלנס צבע שיער חום,יחידה,0.00,יחידה,false,,39.90,0.0000,true,1,102543
5601036205589,false,צבע לשיער אקסלנס קרם - 5 חום טבעי,לוריאל Loreal,,אקסלנס צבע שיער חום,יחידה,0.00,יחידה,false,,39.90,0.0000,true,1,100464
5601036205626,false,צבע לשיער אקסלנס קרם - 6 בלונד כהה,לוריאל Loreal,,אקסלנס קרם בלונד כהה,יחידה,0.00,יחידה,false,,39.90,0.0000,true,1,101755
5601036205671,false,לוריאל - אקסלנס קרם 7.3 בלונד זהוב,ליברמו,,אקסלנס קרם לשיער מס,יחידה,0.00,יחידה,false,,39.90,0.0000,true,1,103278
5601036205688,false,לוריאל - אקסלנס קרם 8 בלונד בהיר,ליברמו,,אקסלנס קרם מס 8,יחידה,0.00,יחידה,false,,39.90,0.0000,true,1,103279
5601036205695,false,לוריאל - אקסלנס קרם 8.1 בלונד בהיר אפרפר,ליברמו,,אקסלנס קרם לשיער,יחידה,0.00,יחידה,false,,39.90,0.0000,true,1,52445
5601069105986,false,עוגיות חמאה 200 גרם,,,עוגיות חמאה 200 גרם,גרמים,200.00,100 גרם,false,,9.90,0.0495,true,1,154636
5601069106570,false,ברוסקטות טעם עגבניות,,,ברוסקטות טעם עגבניות,גרמים,240.00,100 גרם,false,,9.90,0.0413,true,1,154626
5601069106587,false,ברוסקטות אורגנו 240,,,ברוסקטות אורגנו 240,גרמים,240.00,100 גרם,false,,9.90,0.0413,true,1,154627
5601069107768,false,ברוסקטות שום ופטרוזי,,,ברוסקטות שום ופטרוזי,גרמים,240.00,100 גרם,false,,9.90,0.0413,true,1,154628
5601217129420,false,וולייט דפים למניעת העברת צבע 20 יחידות,רקיט בן קיזר,,וולייט דפים 20 יח',יחידה,0.00,יחידה,false,,19.90,0.0000,true,1,149116
5604912425040,false,מקרלים בשמן חמניה פורטוס 125 גרם,קונסרבס פורטוגל נורט,,סטארקיסט מקרלים בשמן,גרמים,125.00,100 גרם,false,,7.90,0.0632,true,1,156992
5604912425057,false,מקרלים בשמן חמניה חריף פורטוס 125 גרם,קונסרבס פורטוגל נורטה לי,,סטארקיסט מקרלים בשמן,גרמים,125.00,100 גרם,false,,7.90,0.0632,true,1,156993
5656526510223,false,פלטה בישול כפולה קרמ,,,פלטה בישול כפולה קרמ,יחידה,0.00,יחידה,false,,0.00,0.0000,true,1,192857
5701397337711,false,בוטנים מלוח מתוק 175,snack foods,,בוטנים מלוח מתוק 175,גרמים,175.00,100 גרם,false,,11.90,0.0680,true,1,178024
5701397337735,false,בוטנים בתערובת פירות,snack foods,,בוטנים בתערובת פירות,גרמים,175.00,100 גרם,false,,11.90,0.0680,true,1,178701
5701397337759,false,בוטני צילי חריף 150,snack foods,,בוטני צילי חריף 150,גרמים,150.00,100 גרם,false,,11.90,0.0793,true,1,178702
5701932026964,false,"הוטפופ גרעיני תירס להכנת פופקורן במיקרוגל בטעם טבעי, בתוספת מלח, 600 גרם",ליימן מותגים,,פופקורן טעם מלח 600,גרמים,600.00,100 גרם,false,,15.90,0.0265,true,1,52447
5701932026971,false,הוטפופ גרעיני תירס להכנת פופקורן במיקרוגל בטעם חמאה 600 גרם,ליימן מותגים,,פופ קורן בטעם חמאה 6,גרמים,600.00,100 גרם,false,,15.90,0.0265,true,1,52061
5701932026995,false,"הוטפופ גרעיני תירס להכנת פופקורן במיקרוגל בטעם טבעי מופחת שומן, 510 גרם",קריניציה ויטמינה אס,,הוט פופ לייט בטעם טב,גרמים,510.00,100 גרם,false,,15.90,0.0312,true,1,52536
5708209201611,false,טורטיה מקמח חיטה 20 אנטיקה קנטינה 320 גרם,לייטון פודס-קנטינה,,עלי טורטייה (20) 340,גרמים,340.00,100 גרם,false,,17.00,0.0500,true,1,62863
5708209201628,false,טורטיה מקמח חיטה 25 אנטיקה קנטינה 370 גרם,ביופט,,עלי טורטייה (25) 370,גרמים,370.00,100 גרם,false,,20.00,0.0541,true,1,69899
5711953105951,false,קסטלו דנאבלו גב.כחולה100,ארלה פודס אמבה,,קסטלו דנאבלו גבינה כ,גרמים,100.00,100 גרם,false,,21.90,0.2190,true,1,183193
5711953106583,false,גבינת שמנת בטעם טבעי 200 גרם ארלה,ארלה פודס אמבה,,ארלה גבינת שמנת טבעי,גרמים,200.00,100 גרם,false,,14.90,0.0745,true,1,180768
5711953106590,false,גבינת שמנת ארלה שמנת שום 200 גרם,ארלה פודס אמבה,,ארלה גבינת שמנת שום,גרמים,200.00,100 גרם,false,,14.90,0.0745,true,1,180769
5711953106606,false,גבינת שמנת עם תבלינים ועשבי תיבול 23.5%,ארלה פודס אמבה,,ארלה גבינת שמנת עשבי,גרמים,200.00,100 גרם,false,,14.90,0.0745,true,1,180770
5711953113277,false,גבינת שמנת ארלה זיתי,שטראוס,,ארלה גבינת שמנת זיתי,גרמים,200.00,100 גרם,false,,0.00,0.0000,true,1,187854
5740900403215,false,ממרח מחמאת לורפק עם מלח 250 ג',ארלה פודס אמבה,,ממרח חמאה לורפק עם מ,גרמים,250.00,100 גרם,false,,16.90,0.0676,true,1,162665
5740900403222,false,ממרח לורפק חמאה עם מלח מופחת שומן 250 ג,ארלה פודס אמבה,,ממרח חמאה לורפק עם מ,גרמים,250.00,100 גרם,false,,16.90,0.0676,true,1,162669
5740900403239,false,ממרח לורפק ללא תוספת מלח 250 גר,ארלה פודס אמבה,,ממרח חמאה לורפק ללא,גרמים,250.00,100 גרם,false,,16.90,0.0676,true,1,162670
5740900403246,false,ממרח לורפק ללא תוספת מלח 500 גר,ארלה פודס אמבה,,ממרח חמאה לורפק ללא,גרמים,500.00,100 גרם,false,,27.90,0.0558,true,1,162671
5740900403253,false,ממרח מחמאת לורפק עם מלח 500 ג',ארלה פודס אמבה,,ממרח חמאה לורפק עם מ,גרמים,500.00,100 גרם,false,,27.90,0.0558,true,1,162672
5740900403260,false,ממרח מחמאת לורפק ללא מלח 27% פחות שומן,ארלה פודס אמבה,,ממרח חמאה לורפק ללא,גרמים,250.00,100 גרם,false,,16.90,0.0676,true,1,162673
5740900403284,false,חמאה ללא מלח 200 גרם לורפק כשרות או קיי,ארלה פודס אמבה,,לורפק 200 גרם ללא מל,גרמים,200.00,100 גרם,false,,19.90,0.0995,true,1,185717
5760466885348,false,ממרח גבינת בוק 500 ג',,,בוק גבינה למריחה 500,גרמים,500.00,100 גרם,false,,24.90,0.0498,true,1,186465
5760466899741,false,בוק גבינה למריחה 240,,,בוק גבינה למריחה 240,גרמים,240.00,100 גרם,false,,18.90,0.0787,true,1,186468
5900020012739,false,אסם סיני מיניס 250 ג,,,אסם סיני מיניס 250 ג,גרמים,250.00,100 גרם,false,,7.90,0.0316,true,1,151284
5900020012814,false,דגנים תפוחים בטעם שוקולד נסקוויק נסטלה 500 גרם,מיוצר עי קונדיטוריית,,נסקוויק דגני בוקר 50,גרמים,500.00,100 גרם,false,,25.90,0.0518,true,1,59882
5900020015174,false,פיטנס חטיפי אנרגיה דגנים בטעם שוקולד נסטלה 6*23.5 גרם,מיוצר עי קונדיטוריית,,פיטנס חטיף דגנים שוק,גרמים,141.00,100 גרם,false,,16.90,0.1199,true,1,53113
5900020018908,false,פיטנס חטיפי אנרגיה דגנים בטעם קרם עוגיות נסטלה 6*23.5 גרם,מיוצר עי קונדיטוריית,,פיטנס חטיף דגנים עוג,גרמים,141.00,100 גרם,false,,16.90,0.1199,true,1,76889
5900020020741,false,חטיפי דגנים נסקוויק בר שוקו שוקו 6*25 גר,נסטלה פולין ברים,,נסקוויק בר שוקו שוקו,גרמים,150.00,100 גרם,false,,15.90,0.1060,true,1,94319
5900020022066,false,פיטנס חט.דגנים קרמל6יח',נסטלה פולין ברים,,פיטנס חטיף דגנים קרמ,גרמים,141.00,100 גרם,false,,16.90,0.1199,true,1,100428
5900020024770,false,פיטנס - דליס חטיף דגנים שוקולד אגוז 22.50 גרם * 6,נסטלה פולין ברים,,פיטנס בר דליס שוקולד,גרמים,135.00,100 גרם,false,,16.90,0.1252,true,1,113281
5900020024817,false,פיטנס דליס Fitness Delice חטיף דגנים עם שוקולד לבן,נסטלה פולין ברים,,פיטנס בר דליס שוקולד,יחידה,6.00,יחידה,false,,16.90,2.8167,true,1,113282
5900020025647,false,חטיף דגנים פיטנס שוקולד חלב 135 גרם מארז 6 יחידות,מיוצר עי קונדיטוריית,,פיטנס בר דליס שוקולד,יחידה,6.00,יחידה,false,,16.90,2.8167,true,1,113284
5900020026552,false,דגני בוקר האני נאט צ'יריוס בטעם דבש ושקדים,נסטלה צרפת איטנקורט,,האני נאט ציריוס חדש,גרמים,615.00,100 גרם,false,,25.90,0.0421,true,1,135446
5900020029669,false,פיטנס - חטיף דגנים פירות יער 23.50 גרם * 6,נסטלה פולין דגני בוק,,פיטנס חטיף דגנים פיר,יחידה,0.00,יחידה,false,,15.90,0.0000,true,1,149321
5900020031877,false,נסטלה האני ציריוס חטיף דגני בוקר שישייה,נסטלה פולין דגני בוק,,צ'יריוס האני חטיף דג,גרמים,141.00,100 גרם,false,,16.90,0.1199,true,1,176905
5900020033314,false,חטיף דגני בוקר Lion בטעם קרמל ושוקולד על קרם חלב,נסטלה פולין דגני בוק,,ליון חטיף דגנים 25 ג,גרמים,141.00,100 גרם,false,,16.90,0.1199,true,1,162714
5900020033482,false,פיטנס חטיף דגנים שקד,נסטלה פולין ברים,,פיטנס חטיף דגנים שקד,גרמים,140.00,100 גרם,false,,0.00,0.0000,true,1,187466
5900020034021,false,חטיף דגנים פיטנס שוקולד בננה 141 גרם,מיוצר עי קונדיטוריית,,פיטנס מארז חטיפים דג,יחידה,0.00,יחידה,false,,15.90,0.0000,true,1,177280
5900020034991,false,דגני בוקר צדפים בטעם שוקולד 450 ג' קראנץ',סי. פי. פולין,,קראנץ צדפים בטעם שוק,גרמים,450.00,100 גרם,false,,25.90,0.0576,true,1,182373
5900102006878,false,WAWEL שוקלד 90%מריר,,,WAWEL שוקלד 90%מריר,גרמים,100.00,100 גרם,false,,7.90,0.0790,true,1,168024
5900627027020,false,"ויט קרם להסרת שיער בזמן מקלחת לעור רגיל 150 מ""ל",רקיט בנקיזר צרפת,,ויט ספא תמציות משי 1,יחידה,0.00,יחידה,false,,29.90,0.0000,true,1,52642
5900627040111,false,"הרפיק נוזל לאסלה בניתוח פריחה אביבית. 750 מ""ל",,,הרפיק גל ניקוי אסלות,מיליליטרים,750.00,"100 מ""ל",false,,0.00,0.0000,true,1,187709
5900627063233,false,טבליות למדיח הכל ב-1 פיניש מקס 50 יחידות,רקיט בנקיזר,,פיניש אלו מקס 50 טבל,יחידה,0.00,יחידה,false,,44.90,0.0000,true,1,123096
5900627066715,false,טבליות למדיח פיניש הכל ב-1 100 יח,רקיט בנקיזר,,פיניש 100 טבליות AIO,יחידה,100.00,יחידה,false,,59.90,0.5990,true,1,141551
5900949407623,false,דלי 10ליטר נירוסטה,,,דלי 10ליטר נירוסטה,יחידה,0.00,יחידה,false,,0.00,0.0000,true,1,190063
5902198160403,false,XL משקה אנרגיה מוגז ללא סוכר עד 10 קלוריות לפחית 250 מל,"טמפו משקאות בע""\מ",,"אקס אל ten 250 מ""ל",מיליליטרים,250.00,"100 מ""ל",false,,3.90,1.5600,true,1,145558
5902503552206,false,מארז אלביב שמנים בנז,,,מארז אלביב שמנים בנז,יחידה,0.00,יחידה,false,,0.00,0.0000,true,1,190006
5902503552251,false,מארז אלביב קולור 550*2מל,לוריאל ישראל קוסמטיקס בע,,מארז אלביב קולור בנד,יחידה,0.00,יחידה,false,,0.00,0.0000,true,1,190007
5904941750312,false,"משקה אנרגיה BLU מוחיטו בודד 250 מ""ל",אקו - ביט,,בלו משקה אנרגיה מוחי,מיליליטרים,250.00,"100 מ""ל",false,,5.00,2.0000,true,1,90041
5904941751302,false,"משקה אנרגיה בלו 250 מ""ל- בודד",אקו - ביט,,בלו משקה אנרגיה 250,מיליליטרים,250.00,"100 מ""ל",false,,5.00,2.0000,true,1,71781
5904941751371,false,"בלו אקזוטי (מלון תפוח) 250 מ""ל בודד",Unknown,,בלו משקה אנרגיה אקזו,מיליליטרים,250.00,"100 מ""ל",false,,0.00,0.0000,true,1,188554
5904941751524,false,"משקה אנרגיה BLU DAY אבטיח בודד 250 מ""ל",אקו - ביט,,בלו משקה אנרגיה די א,מיליליטרים,250.00,"100 מ""ל",false,,5.00,2.0000,true,1,86881
5904941751913,false,משקה אנרגיה בלו פסיפלורה 250 מל,בלו,,בלו משקה אנרגיה פסיפ,מיליליטרים,250.00,"100 מ""ל",false,,5.00,2.0000,true,1,75184
5904941751920,false,בלו משקה אנרגיה דיי חצי מכמות הקלו250 מל,אקו - ביט,,בלו משקה אנרגיה דיי,מיליליטרים,250.00,"100 מ""ל",false,,5.00,2.0000,true,1,75193
5904941752262,false,משקה אנרגיה בטעם לימון ליים ללא תוספת סוכר,אקווה ויט,,בלו לימון סיקס ללא ס,מיליליטרים,250.00,"100 מ""ל",false,,0.00,0.0000,true,1,187226
5906372277901,false,מארז וופל עגול ממולא,,,מארז וופל עגול ממולא,גרמים,171.00,100 גרם,false,,9.90,0.0579,true,1,167444
5906441350610,false,משקה אנרגיה מוגז בלו,,,בלו מוחיטו משקה אנר,מיליליטרים,700.00,"100 מ""ל",false,,0.00,0.0000,true,1,188889
5906485301012,false,"משקה אנרגיה XL פחית 250 מ""ל","טמפו משקאות בע""מ",,אקס אל משקה אנרגיה 2,מיליליטרים,250.00,"100 מ""ל",false,,3.90,1.5600,true,1,62501
5906485301258,false,אקס אל משקה אנרגיה ק,"טמפו משקאות בע""\מ",,אקס אל משקה אנרגיה ק,מיליליטרים,250.00,"100 מ""ל",false,,3.90,1.5600,true,1,63067
5906603000476,false,שוקויוקו-שוקולד מריר,,,שוקויוקו-שוקולד מריר,גרמים,175.00,100 גרם,false,,12.90,0.0737,true,1,184050
5906603000551,false,שוקויוקו-שוקולד מריר,,,שוקויוקו-שוקולד מריר,גרמים,175.00,100 גרם,false,,12.90,0.0737,true,1,184051
5906603001572,false,שוקויוקו-שוקולד חלב,,,שוקויוקו-שוקולד חלב,גרמים,175.00,100 גרם,false,,12.90,0.0737,true,1,184052
5906603002821,false,שוקויוקו -שוקולד לבן,,,שוקויוקו -שוקולד לבן,גרמים,100.00,100 גרם,false,,6.90,0.0690,true,1,184018
5906603003187,false,שוקויוקו-שוקולד מריר,,,שוקויוקו-שוקולד מריר,גרמים,175.00,100 גרם,false,,12.90,0.0737,true,1,184053
5942326400476,false,מים אקווה קרפטיקה 50,,,מים אקווה קרפטיקה 50,מיליליטרים,500.00,"100 מ""ל",false,,3.50,0.7000,true,1,151528
5942326401145,false,"מים בקבוקים 6*250 מ""",,,"מים בקבוקים 6*250 מ""",יחידה,0.00,יחידה,false,,12.90,0.0000,true,1,181616
5997321770307,false,ויט רצועות שעווה מוכנות לעור רגיש 12 יחידות,רקיט בנקיזר צרפת,,ויט רצועות שעווה לעו,יחידה,12.00,יחידה,false,,24.90,2.0750,true,1,149834
6001067017523,false,מברשת שיניים קולגייט לילדים מגיל חמש 1 יחידה,יבואן ומשווק: ש. שסט,,קולגייט מברשת ילדים,יחידה,1.00,יחידה,false,,13.90,13.9000,true,1,87196
6001067017530,false,מברשת שיניים קולגייט לילדים מגיל שנתיים עד חמש 1 יחידה,יבואן ומשווק: ש. שסט,,קולגייט מברשת ילדים,יחידה,1.00,יחידה,false,,13.90,13.9000,true,1,100168
6001067024446,false,קולגייט מברשת אקסטרה קלין שלישיה,COLGATE ($) -PALMOLI,,קולגייט אקסטרה קלין,יחידה,3.00,יחידה,false,,0.00,0.0000,true,1,180689
6001298987701,false,גלייד מילוי אב.רענן 269מ,מיוצר עי קונדיטוריית,,גלייד ספריי אוטומטי,מיליליטרים,250.00,"100 מ""ל",false,,14.90,5.9600,true,1,94982
6111094000013,false,"קוסקוס דארי בינוני תומר 1 ק""ג",דארי קוספאט אס. איי. או,,תומר קוסקוס דק/בינונ,גרמים,1000.00,100 גרם,false,,16.00,0.0160,true,1,52646
6111094000242,false,תומר קוסקוס דארי דק 500גר,דארי קוספאט אס. איי. או,,תומר קוסקוס דארי דק,גרמים,500.00,100 גרם,false,,9.00,0.0180,true,1,52817
6111094000259,false,קוסקוס דארי בינוני 500ג'18X,דארי קוספאט אס. איי. או,,תומר קוסקוס דארי בינ,גרמים,500.00,100 גרם,false,,9.00,0.0180,true,1,52648
6194029100415,false,טונה אלמנאר בשמן זית,,,גושי טונה בשמן זית כ,גרמים,160.00,100 גרם,false,,14.90,0.0931,true,1,154200
6217000164234,false,חלבה אלמנאר 800 גרם,,,חלבה אלמנאר 800 גרם,גרמים,800.00,100 גרם,false,,24.90,0.0311,true,1,176911
6228480380700,false,כף גלידה ידית נירוסט,,,כף גלידה ידית נירוסט,יחידה,0.00,יחידה,false,,9.90,0.0000,true,1,154880
6253014712320,false,וופל עלי באבא כחול מצופה,,,וופל עלי באבא מצופה,יחידה,0.00,יחידה,false,,11.90,0.0000,true,1,174175
6253503474371,false,חליטת קמומיל 20 שקיק,,,חליטת קמומיל 20 שקיק,יחידה,0.00,יחידה,false,,0.00,0.0000,true,1,188144
6253504189571,false,אשפתון 75*90 עם שרוך,,,אשפתון 75*90 עם שרוך,יחידה,0.00,יחידה,false,,11.90,0.0000,true,1,144270
6253505831004,false,גינגר עם דבש 20 שקיו,,,גינגר עם דבש 20 שקיו,יחידה,20.00,יחידה,false,,14.90,0.7450,true,1,94922
6253808130163,false,מלח גס מים המלח העשי,,,מלח גס מים המלח העשי,קילוגרמים,1.00,"ק""ג",false,,1.50,1.5000,true,1,186724
6254000336063,false,לוח רמדאן כרים,,,לוח רמדאן כרים,יחידה,0.00,יחידה,false,,80.00,0.0000,true,1,158083
6410500090014,false,פריכיות שיפון דקות 200גר,מיוצר עי קונדיטוריית,,פינקריספ פרכיות שיפו,גרמים,200.00,100 גרם,false,,12.00,0.0600,true,1,52168
6900000005828,false,צולה בשר שחור+יד עץ,,,צולה בשר שחור+יד עץ,יחידה,0.00,יחידה,false,,0.00,0.0000,true,1,194418
6910191800287,false,אצות נורי בלו 10 דף (ננגטונג),ננטונג היידה אקווטוק,,אצות נורי בלו 10 דף,גרמים,225.00,100 גרם,false,,10.90,0.0484,true,1,52229
6911266810309,false,סיכות חיבור קנקס 26/,,,סיכות חיבור קנקס 26/,יחידה,0.00,יחידה,false,,5.00,0.0000,true,1,157298
6912977000140,false,אטריות שעועית 250 גר' ( Yantai)ללא גלוטן(כ),יאנטאי ינסידה לנוגקא,,מזרח ומערב יבוא ינאט,גרמים,250.00,100 גרם,false,,8.90,0.0356,true,1,105133
6913245106380,false,שקע תקע T1 עם מפסק O,,,שקע תקע T1 עם מפסק O,יחידה,0.00,יחידה,false,,25.00,0.0000,true,1,153282
6921052701001,false,אצות וואקמה 40 גרם (רונגצ'אנג)(כ),ננטונג הידה אקוטיק פ,,אצות וואקמה רונג 40,יחידה,0.00,יחידה,false,,10.00,0.0000,true,1,105247
6921176300098,false,סט 3 פינג'אנים + מכס,,,סט 3 פינג'אנים + מכס,יחידה,0.00,יחידה,false,,69.90,0.0000,true,1,186202
6921476201088,false,בשר סורימי סנאו קראב,,,מקלות סורימי סיני 20,גרמים,200.00,100 גרם,false,,4.90,0.0245,true,1,173060
6921476201095,false,נתחי סורימי סיני 200,,,נתחי סורימי סיני 200,גרמים,200.00,100 גרם,false,,4.90,0.0245,true,1,173061
6921476201101,false,סורימי צבת סרטן 250,,,צבת סרטן 250 גרם,יחידה,0.00,יחידה,false,,10.90,0.0000,true,1,183428
6921734991416,false,כוס לעטים פלסטיק,,,כוס לעטים פלסטיק,יחידה,0.00,יחידה,false,,15.00,0.0000,true,1,179629
6921850614695,false,לד 10W A60 לבן אור יום מארז שלישיה FSL E27,,,לד 10W  A60 לבן אור,יחידה,0.00,יחידה,false,,29.90,0.0000,true,1,153250
6921850620030,false,חסכונית E27  DL6500  T3 23W  שלישיה בקופסה    OMEGA ECO,,,שלישיית נורות OMEGA,יחידה,0.00,יחידה,false,,29.90,0.0000,true,1,151393
6921850620344,false,לד A60לבן אור יום 13.5W,,,לד 13.5W  A60 לבן יו,יחידה,0.00,יחידה,false,,29.90,0.0000,true,1,153254
6922276100083,false,מחית וואסבי -חזרת 43 גרם (דליאן),דליאן ג'ינדה קונדימנ,,מזרח ומערב יבוא דליא,יחידה,0.00,יחידה,false,,9.50,0.0000,true,1,105248
6923432583078,false,AEROPAK מחדש ומגן צמ,,,AEROPAK מחדש ומגן צמ,מיליליטרים,500.00,"100 מ""ל",false,,24.90,4.9800,true,1,138328
6923570302029,false,א מסננת נירוסטה 2 י,,,א מסננת נירוסטה 2 י,יחידה,0.00,יחידה,false,,39.90,0.0000,true,1,183856
6923570302067,false,א מסננת נירוסטה 2 י,,,א מסננת נירוסטה 2 י,יחידה,0.00,יחידה,false,,59.90,0.0000,true,1,183858
6924201892629,false,מגש אובלי מוזהב + מר,,,מגש אובלי מוזהב + מר,יחידה,0.00,יחידה,false,,129.90,0.0000,true,1,184189
6924299396344,false,לקיטשן בלייז אדום מח,,,לקיטשן בלייז אדום מח,יחידה,0.00,יחידה,false,,99.90,0.0000,true,1,175936
6925425531523,false,צלחת 18,,,צלחת 18,יחידה,0.00,יחידה,false,,0.00,0.0000,true,1,198827
6925425531660,false,קערה,,,קערה,יחידה,0.00,יחידה,false,,0.00,0.0000,true,1,198830
6925425533411,false,צלחת קטנה,,,צלחת קטנה,יחידה,0.00,יחידה,false,,0.00,0.0000,true,1,198840
6926327612761,false,משחרר ברגים אמירקן א,,,משחרר ברגים אמירקן א,יחידה,0.00,יחידה,false,,14.90,0.0000,true,1,84522
6927825024353,false,סיר קוסקוס 12 ליטר,,,סיר קוסקוס 12 ליטר,יחידה,0.00,יחידה,false,,119.90,0.0000,true,1,183238
6928141636930,false,תרמוס קפה,,,תרמוס קפה,יחידה,0.00,יחידה,false,,0.00,0.0000,true,1,188057
6928638861104,false,"צלחת לבנה 10.5 ס""מ",,,"צלחת לבנה 10.5 ס""מ",יחידה,0.00,יחידה,false,,4.90,0.0000,true,1,153763
6928638861227,false,קערה,,,קערה,יחידה,0.00,יחידה,false,,0.00,0.0000,true,1,189999
6930660908887,false,מברשת אינטרדנטלית 8 יח ',,,מברשת איטרדנטלית בגד,יחידה,8.00,יחידה,false,,16.90,2.1125,true,1,135095
6930836560888,false,כפפות רחצה,,,כפפות רחצה,יחידה,0.00,יחידה,false,,19.90,0.0000,true,1,152248
6933960500089,false,קנפיו רצועות דלעת כבושות 100 גרם (קווינגזאו),מזרח ומערב,,קנפיון רצועות דלעת כ,גרמים,100.00,100 גרם,false,,15.00,0.1500,true,1,107165
6934481155802,false,פינג'אן טפלון 8 0.6 ליטר,,,פינג'אן טלפון 0.6 לי,יחידה,0.00,יחידה,false,,24.90,0.0000,true,1,154882
6935166958220,false,רשת צליה-גדול,,,רשת צליה-גדול,יחידה,0.00,יחידה,false,,29.90,0.0000,true,1,148759
6935205302069,false,דאלי - מספריים זיג ז,,,דאלי - מספריים זיג ז,יחידה,0.00,יחידה,false,,10.00,0.0000,true,1,179634
6935205336873,false,דאלי מחדד מיני כפול,,,דאלי מחדד מיני כפול,יחידה,0.00,יחידה,false,,5.00,0.0000,true,1,179069
6935205355072,false,דאלי - דבק נוזלי 35,,,דאלי - דבק נוזלי 35,יחידה,0.00,יחידה,false,,3.00,0.0000,true,1,179616
6935205396006,false,דאלי קלמר 55M,,,דאלי קלמר 55M,יחידה,0.00,יחידה,false,,20.00,0.0000,true,1,179092
6935487561246,false,מסיכה כירורגית שחורה מארז 50 יח',,,מסכה כירורגית 50יחיד,יחידה,0.00,יחידה,false,,0.00,0.0000,true,1,192842
6935872156903,false,גלגל בטן,,,גלגל בטן,יחידה,0.00,יחידה,false,,49.90,0.0000,true,1,179673
6936745600462,false,רוטב מירין לתיבול מז,דאנינג יוה פודס קו,,מזרח ומערב יבוא דאני,מיליליטרים,500.00,"100 מ""ל",false,,21.90,4.3800,true,1,107971
6936745600783,false,"חומץ אורז מזרח מערב 500 מ""ל",דאנינג יוה פודס קו,,מזרח ומערב יבוא דאני,מיליליטרים,500.00,"100 מ""ל",false,,15.90,3.1800,true,1,75331
6937187207714,false,מצקת פרופשיונל 2.5*3,,,מצקת פרופשיונל 2.5*3,יחידה,0.00,יחידה,false,,16.90,0.0000,true,1,175188
6937266700761,false,שיק אינטואישן סנסיטיב נשים מכשיר+2 סכיני,קולגייט פלמוליב,,שיק אינטואישן סנסטיב,יחידה,0.00,יחידה,false,,29.90,0.0000,true,1,176769
6937893229895,false,תשעה סכיני סטייק ARC,,,סכיני סטייק ARCOPLAS,יחידה,0.00,יחידה,false,,0.00,0.0000,true,1,188158
6940018603609,false,סתיא תרמוס,,,סתיא תרמוס,יחידה,0.00,יחידה,false,,0.00,0.0000,true,1,188060
6940018604835,false,תרמוס,,,תרמוס,יחידה,0.00,יחידה,false,,39.90,0.0000,true,1,157429
6941057402628,false,סירה EXPLORER 100 יח,,,סירה EXPLORER 100 יח,יחידה,0.00,יחידה,false,,99.90,0.0000,true,1,176563
6942477404087,false,ספריי סקאי אמריקן אי,Unknown,,ספריי סקאי אמריקן אי,יחידה,0.00,יחידה,false,,9.90,0.0000,true,1,103323
6942477404094,false,ספרי סקאי אמריקן איג,Unknown,,ספרי סקאי אמריקן איג,יחידה,0.00,יחידה,false,,9.90,0.0000,true,1,84524
6942477404100,false,ספריי בקאי אמריקן אי,Unknown,,ספריי בקאי אמריקן אי,יחידה,0.00,יחידה,false,,9.90,0.0000,true,1,103324
6943001510854,false,א מסננת כדור לתבליני,,,א מסננת כדור לתבליני,יחידה,0.00,יחידה,false,,12.90,0.0000,true,1,183883
6943476411656,false,מגב תחנות דלק,,,מגב תחנות דלק,יחידה,0.00,יחידה,false,,13.00,0.0000,true,1,116124
6944128600251,false,מגרדת שטוחה מעורבת,,,מגרדת שטוחה מעורבת,יחידה,0.00,יחידה,false,,10.00,0.0000,true,1,147650
6944683366159,false,ערמונים קלופים קלויים100,צ'נגדה שנליפוד,,ערמונים קלויים קלופי,יחידה,0.00,יחידה,false,,5.90,0.0000,true,1,117692
6945794451086,false,ספל מאג,,,ספל מאג,יחידה,0.00,יחידה,false,,7.90,0.0000,true,1,185608
6948264501793,false,קומקום תה פירקס + מס,,,קומקום תה פירקס + מס,יחידה,0.00,יחידה,false,,69.90,0.0000,true,1,183884
6950406501554,false,א. מאפרה זכוכית מרוב,,,א. מאפרה זכוכית מרוב,יחידה,0.00,יחידה,false,,5.90,0.0000,true,1,183849
6951097100507,false,מאג בירה קוביות בלינ,,,מאג בירה קוביות בלינ,יחידה,0.00,יחידה,false,,0.00,0.0000,true,1,195132
6952415521493,false,OMEGA כבל מאריך 4 מט,YIWU-KAI-WUN,,OMEGA כבל מאריך 4 מט,יחידה,0.00,יחידה,false,,29.90,0.0000,true,1,150994
6954370100072,false,תרמוס 5 ליטר,,,תרמוס 5 ליטר,יחידה,0.00,יחידה,false,,49.90,0.0000,true,1,183518
6954370100171,false,תרמוס תה 4 ליטר,,,תרמוס תה 4 ליטר,יחידה,0.00,יחידה,false,,0.00,0.0000,true,1,188614
6954686465667,false,פינג'אן 11 סמ,,,פינג'אן 11 סמ,יחידה,0.00,יחידה,false,,23.90,0.0000,true,1,174925
6955693027015,false,תרמוס קפה,,,תרמוס קפה,יחידה,0.00,יחידה,false,,0.00,0.0000,true,1,189033
6955886688009,false,פינג'אן טפלון 10 1.5 ליטר,,,פינג'אן טפלון 1.5 ל,יחידה,0.00,יחידה,false,,29.90,0.0000,true,1,150863
6956265215625,false,פסנתר מנגינות ארנב,,,פסנתר מנגינות ארנב,יחידה,0.00,יחידה,false,,19.90,0.0000,true,1,181055
6956852301403,false,סט 6 סכיני סטיק,,,סט 6 סכיני סטיק,יחידה,0.00,יחידה,false,,19.90,0.0000,true,1,157386
6959375198871,false,תרסיס סקאי לרכב 004 FLAMINGO MIX,,,ספרי סקאי לרכב,יחידה,0.00,יחידה,false,,9.90,0.0000,true,1,173129
6970635689014,false,בימבה פרוזן,,,בימבה פרוזן,יחידה,0.00,יחידה,false,,199.90,0.0000,true,1,178296
6970766342383,false,סט 6 כוסות גרניטי,,,סט 6 כוסות גרניטי,יחידה,0.00,יחידה,false,,19.90,0.0000,true,1,185674
6972872160059,false,מאפרה זכוכית מרובעת,,,מאפרה זכוכית מרובעת,יחידה,0.00,יחידה,false,,0.00,0.0000,true,1,194450
6976616300015,false,"מחבת מרוב שחור 28 ס""",,,"מחבת מרוב שחור 28 ס""",יחידה,0.00,יחידה,false,,0.00,0.0000,true,1,196852
6985335889107,false,"ערמונים כ 1 ק""ג",,,"ערמונים כ 1 ק""ג",יחידה,0.00,יחידה,false,,0.00,0.0000,true,1,193502
7038516140357,false,מברשת שיניים ג'ורדן טוטל סופט מארז 4 יחידות,מיוצר במלזיה עבור ג',,גורדן מברשת טוטאל קל,יחידה,0.00,יחידה,false,,19.90,0.0000,true,1,157989
7038516140418,false,ג'ורדן מברשת שיניים טוטאל קלין מדיום רביעייה,ג'ורדן Jordan,,גורדן מברשת טוטאל קל,יחידה,4.00,יחידה,false,,19.90,4.9750,true,1,102978
7046110031643,false,גורדן מברשת GREEN CLEAN לילדים סופט כחול,דנטלון,,ג'ורדן מברשת שיניים,יחידה,0.00,יחידה,false,,0.00,0.0000,true,1,189880
7046110075562,false,"ג'ורדן משחת שיניים לשיניים קבועות 6-12 50 מ""ל",דנטלון,,ג'ורדן משחת שיניים ל,יחידה,0.00,יחידה,false,,0.00,0.0000,true,1,188498
7120200609575,false,נר,,,נר,יחידה,0.00,יחידה,false,,0.00,0.0000,true,1,188421
7120210108860,false,עששית סט 2 חלקים,,,עששית סט 2 חלקים,יחידה,0.00,יחידה,false,,0.00,0.0000,true,1,198909
7201804004963,false,מועך שום,,,מועך שום,יחידה,0.00,יחידה,false,,0.00,0.0000,true,1,198910
7209000683043,false,"לפת צנצנת 1 ק""ג סלומה",,,"לפת צנצנת 1 ק""ג",קילוגרמים,1.00,"ק""ג",false,,15.90,15.9000,true,1,144901
7209000683050,false,"פלפל ירוק צנצנת 1 ק""ג סלומה",,,פלפל מתוק בצנצנת,יחידה,0.00,יחידה,false,,19.90,0.0000,true,1,144902
7209000683074,false,"זיתים צנצנת 1 ק""ג סלומה",,,זיתים חמוצים בצנצנת,יחידה,0.00,יחידה,false,,27.90,0.0000,true,1,144904
7271730901261,false,ווקי מאק ארוחת אטריות עם גבינה 156 גרם,ניו וורלד פסטה קומפנ,,ווקי מק ארוחת פסטה 1,גרמים,156.00,100 גרם,false,,10.90,0.0699,true,1,161074
7280001388328,false,נפנף למנגל,,,נפנף למנגל,יחידה,0.00,יחידה,false,,0.00,0.0000,true,1,187819
7280138803067,false,מברשת לניקוי מנגל,,,מברשת לניקוי מנגל,יחידה,0.00,יחידה,false,,0.00,0.0000,true,1,197479
7280138803068,false,רשת לצליית בצל,,,רשת לצליית בצל,יחידה,0.00,יחידה,false,,0.00,0.0000,true,1,197655
7280138803916,false,רשת מנגל,,,רשת מנגל,יחידה,0.00,יחידה,false,,0.00,0.0000,true,1,187957
7290000000001,false,עגבניות,,,לימון,קילוגרמים,1.00,"ק""ג",true,,8.90,8.9000,true,1,51005
7290000000002,false,לחם אחיד כהה 750 גרם,אנג'ל,,תפוזים,קילוגרמים,1.00,"ק""ג",true,,3.90,3.9000,true,1,51078
7290000000003,false,"תפו""א לבן ארוז",,,"תפו""א לבן ארוז",קילוגרמים,1.00,"ק""ג",true,,2.90,2.9000,true,1,51145
7290000000004,false,לחמניית אצבע עם נקני,,,בצל יבש,קילוגרמים,1.00,"ק""ג",true,,3.90,3.9000,true,1,51684
7290000000005,false,פלפל נהריה,,,עגבניה,קילוגרמים,1.00,"ק""ג",true,,1.90,1.9000,true,1,62201
7290000000006,false,פלפל ירוק,,,כרובית,קילוגרמים,1.00,"ק""ג",true,,9.90,9.9000,true,1,52161
7290000000007,false,פלפל אדום,,,כרוב לבן,קילוגרמים,1.00,"ק""ג",true,,2.50,2.5000,true,1,69957
7290000000008,false,כרוב אדום,,,כרוב אדום,קילוגרמים,1.00,"ק""ג",true,,3.90,3.9000,true,1,67001
7290000000009,false,כרוב ירוק,,,בצל ירוק,יחידה,0.00,יחידה,false,,4.90,0.0000,true,1,69646
7290000000010,false,ארטיק קרח,,,שום ארוז,יחידה,0.00,יחידה,false,,5.90,0.0000,true,1,60938
7290000000011,false,פלפל חריף,,,פלפל חריף,קילוגרמים,1.00,"ק""ג",true,,8.90,8.9000,true,1,61079
7290000000012,false,פלפל אדום,,,פלפל אדום,קילוגרמים,1.00,"ק""ג",true,,6.90,6.9000,true,1,61394
7290000000013,false,פלפל ירוק,,,פלפל ירוק,קילוגרמים,1.00,"ק""ג",true,,6.90,6.9000,true,1,61020
7290000000014,false,שעועית ירוקה,,,עגבניות שרי,קילוגרמים,1.00,"ק""ג",true,,12.90,12.9000,true,1,61397
7290000000015,false,עיתון ידיעות שבת,,,מלפפון,קילוגרמים,1.00,"ק""ג",true,,2.90,2.9000,true,1,61096
7290000000016,false,תפוחי אדמה לבן,,,חסה,יחידה,0.00,יחידה,false,,3.90,0.0000,true,1,61103
7290000000017,false,סלרי עלים,,,סלרי עלים,יחידה,0.00,יחידה,false,,3.90,0.0000,true,1,61180
7290000000018,false,שום יבש תפזורת,ירק הגליל,,מלון,קילוגרמים,1.00,"ק""ג",true,,5.90,5.9000,true,1,61802
7290000000019,false,חציל חממה,ריץ',,חציל חממה,קילוגרמים,1.00,"ק""ג",true,,4.90,4.9000,true,1,61625
7290000000020,false,חסה מהדרין,,,מנדרינה,קילוגרמים,1.00,"ק""ג",true,,4.90,4.9000,true,1,61037
7290000000021,false,פטרוזיליה,,,פטרוזיליה,יחידה,0.00,יחידה,false,,2.90,0.0000,true,1,61042
7290000000022,false,סלרי עלים,,,שמיר,יחידה,0.00,יחידה,false,,2.90,0.0000,true,1,61565
7290000000023,false,כוסברה יח',,,כוסברה יח',יחידה,0.00,יחידה,false,,2.90,0.0000,true,1,61820
7290000000024,false,תירס מקולף,,,גזר ארוז,קילוגרמים,1.00,"ק""ג",true,,2.90,2.9000,true,1,61822
7290000000026,false,החזר פיקדון של מיחזור בקבוקים,,,חסה עגולה,יחידה,0.00,יחידה,false,,6.90,0.0000,true,1,61673
7290000000027,false,פומלה,,,פומלה,קילוגרמים,1.00,"ק""ג",true,,7.90,7.9000,true,1,61576
7290000000028,false,אשכולית לבנה,,,אשכולית לבנה,קילוגרמים,1.00,"ק""ג",true,,3.90,3.9000,true,1,62104
7290000000029,false,ענבים שחורים גדו,,,אשכולית אדומה,קילוגרמים,1.00,"ק""ג",true,,3.90,3.9000,true,1,61851
7290000000030,false,תפוח גרנד,,,תפוח גרנד,קילוגרמים,1.00,"ק""ג",true,,8.90,8.9000,true,1,61775
7290000000031,false,תפוח זהוב,,,תפוח זהוב,קילוגרמים,1.00,"ק""ג",true,,9.90,9.9000,true,1,62076
7290000000032,false,בטטה ירושלמית,,,תפוח יונתן,קילוגרמים,1.00,"ק""ג",true,,13.90,13.9000,true,1,62083
7290000000033,false,תפוח אדמה גורמה,,,תפוח חרמון,קילוגרמים,1.00,"ק""ג",true,,8.90,8.9000,true,1,61647
7290000000034,false,חסה ערבית,,,בטטה,קילוגרמים,1.00,"ק""ג",true,,7.90,7.9000,true,1,61910
7290000000036,false,כרוב סיני,,,בננה,קילוגרמים,1.00,"ק""ג",true,,8.90,8.9000,true,1,62019
7290000000037,false,"תפו""א ירושלמי",,,"תפו""א ירושלמי",קילוגרמים,1.00,"ק""ג",true,,14.90,14.9000,true,1,61920
7290000000038,false,ברוקולי מגש,,,קיווי,קילוגרמים,1.00,"ק""ג",true,,14.90,14.9000,true,1,61921
7290000000039,false,שתיה קרה 1.5 ליטר,,,אגס,קילוגרמים,1.00,"ק""ג",true,,9.90,9.9000,true,1,62575
7290000000041,false,משלוח חינם (בקניה מע,,,סלק אדום,קילוגרמים,1.00,"ק""ג",true,,3.90,3.9000,true,1,69809
7290000000042,false,קישואים חממה,,,קישואים חממה,קילוגרמים,1.00,"ק""ג",true,,9.90,9.9000,true,1,62538
7290000000045,false,תפוח אדמה אדום,,,אבוקדו,קילוגרמים,1.00,"ק""ג",true,,13.90,13.9000,true,1,62543
7290000000048,false,נענע,,,נענע,יחידה,0.00,יחידה,false,,3.90,0.0000,true,1,61982
7290000000049,false,כרישה (לוף פראסה),,,שומר,קילוגרמים,1.00,"ק""ג",true,,7.90,7.9000,true,1,62047
7290000000050,false,שרי תמר,,,שרי תמר,קילוגרמים,1.00,"ק""ג",true,,12.90,12.9000,true,1,71625
7290000000051,false,פלפל צהוב,,,פלפל בהיר,קילוגרמים,1.00,"ק""ג",true,,6.90,6.9000,true,1,62791
7290000000052,false,עגבניות שרי,,,שסק,קילוגרמים,1.00,"ק""ג",true,,18.90,18.9000,true,1,63018
7290000000054,false,פלפל כתום,,,דלעת,קילוגרמים,1.00,"ק""ג",true,,9.90,9.9000,true,1,62841
7290000000055,false,סלק עלים,,,תות שדה,יחידה,0.00,יחידה,false,,8.90,0.0000,true,1,62945
7290000000056,false,משלוח בתוך העיר,,,ארטישוק,קילוגרמים,1.00,"ק""ג",true,,9.90,9.9000,true,1,62475
7290000000057,false,פלפל צהוב,,,פלפל צהוב,קילוגרמים,1.00,"ק""ג",true,,6.90,6.9000,true,1,62340
7290000000059,false,שעועית ירוקה,,,שעועית ירוקה,קילוגרמים,1.00,"ק""ג",true,,19.90,19.9000,true,1,62494
7290000000060,false,"מארז 5 פיתות ""סופר יודה""",,,פול בלדי,קילוגרמים,1.00,"ק""ג",true,,9.90,9.9000,true,1,62963
7290000000062,false,"תפו""א אדום ארוז",,,"תפו""א אדום ארוז",קילוגרמים,1.00,"ק""ג",true,,4.90,4.9000,true,1,62907
7290000000063,false,קלמנטינה,,,קלמנטינה,קילוגרמים,1.00,"ק""ג",true,,4.90,4.9000,true,1,63595
7290000000064,false,לימון,,,אפרסק,קילוגרמים,1.00,"ק""ג",true,,17.90,17.9000,true,1,63074
7290000000065,false,אשכולית אדומה,,,נקטרינה,קילוגרמים,1.00,"ק""ג",true,,24.90,24.9000,true,1,63075
7290000000066,false,שזיף אדום,,,ענב לבן,קילוגרמים,1.00,"ק""ג",true,,24.90,24.9000,true,1,62914
7290000000067,false,ארטישוק ירושלמי,,,ארטישוק ירושלמי,קילוגרמים,1.00,"ק""ג",true,,11.90,11.9000,true,1,63164
7290000000070,false,פלפל שושקה ירוק/ אדו,,,ענב שחור,קילוגרמים,1.00,"ק""ג",true,,24.90,24.9000,true,1,63864
7290000000072,false,תפוח עץ סטרקינג(חרמו,,,גויאבה,קילוגרמים,1.00,"ק""ג",true,,29.90,29.9000,true,1,63108
7290000000078,false,משלוח הסתדרות-שליח ח,,,קולורבי,קילוגרמים,1.00,"ק""ג",true,,4.90,4.9000,true,1,66344
7290000000079,false,מים 1.5 ליטר קר,,,דלורית,קילוגרמים,1.00,"ק""ג",true,,4.90,4.9000,true,1,66346
7290000000080,false,טרגון ארוז,ביכורי שדה דרום 2002,,רימונים,קילוגרמים,1.00,"ק""ג",true,,5.90,5.9000,true,1,70727
7290000000082,false,ברוקולי ארוז,,,ברוקולי ארוז,יחידה,0.00,יחידה,false,,8.90,0.0000,true,1,69594
7290000000086,false,תירס ארוז,,,תירס ארוז,קילוגרמים,1.00,"ק""ג",true,,9.90,9.9000,true,1,68579
7290000000088,false,תפוזים,,,אננס,קילוגרמים,1.00,"ק""ג",true,,24.90,24.9000,true,1,68744
7290000000090,false,עיתון לאשה,,,סלרי ראש,יחידה,0.00,יחידה,false,,3.90,0.0000,true,1,70845
7290000000091,false,דמי משלוח - אתר אינטרנט,,,שורש פטרוזיליה,יחידה,0.00,יחידה,false,,4.90,0.0000,true,1,67512
7290000000094,false,תפוח גאלה,,,תפוח גאלה,קילוגרמים,1.00,"ק""ג",true,,13.90,13.9000,true,1,67294
7290000000095,false,ביסלי/מיקס ביסלי אסם,,,מלפפון בייבי,יחידה,0.00,יחידה,false,,8.90,0.0000,true,1,67530
7290000000098,false,קרמבולה,,,קרמבולה,קילוגרמים,1.00,"ק""ג",true,,34.90,34.9000,true,1,67299
7290000000099,false,שורש פטרוזיליה,,,לוף ארוז,קילוגרמים,1.00,"ק""ג",true,,14.90,14.9000,true,1,69681
7290000000100,false,אבוקדו האס,,,אבוקדו האס,קילוגרמים,1.00,"ק""ג",true,,17.90,17.9000,true,1,60974
7290000000101,false,חבילת פיתות קטן 10 י,ביכורי השקמה,,חבילת פיתות קטן 10 י,יחידה,10.00,יחידה,false,,10.00,1.0000,true,1,60903
7290000000102,false,מי קוקוס אמפאווה+מוט,ביכורי השקמה,,פיתה דרוזית חבילה,יחידה,0.00,יחידה,false,,30.00,0.0000,true,1,71004
7290000000103,false,חלה רגילה,ביכורי השקמה,,חלה רגילה,יחידה,0.00,יחידה,false,,5.10,0.0000,true,1,71005
7290000000116,false,תפוח עץ ירוק גרנד סמ,ביכורי השקמה,,פלפל שושקה,קילוגרמים,1.00,"ק""ג",true,,14.90,14.9000,true,1,95193
7290000000118,false,גזר תפזורת,ביכורי השקמה,,גזר תפזורת,קילוגרמים,1.00,"ק""ג",true,,2.70,2.7000,true,1,69683
7290000000127,false,"קמח אחיד שטיבל 25 ק""",אדמה,,"קמח אחיד שטיבל 25 ק""",קילוגרמים,25.00,"ק""ג",false,,65.00,2.6000,true,1,61395
7290000000128,false,קמח לבן בהיר שטיבל 3,ביכורי השקמה,,"קמח לבן שטיבל 30 ק""ג",קילוגרמים,30.00,"ק""ג",false,,70.00,2.3333,true,1,69685
7290000000131,false,חבילת שמיר טרי,ביכורי השקמה,,"קמח מלא 10 ק""ג",יחידה,0.00,יחידה,false,,30.00,0.0000,true,1,71050
7290000000132,false,תפוחי אדמה לבן תפזור,ביכורי השקמה,,חבילת לחמניות 10 יח',יחידה,10.00,יחידה,false,,12.00,1.2000,true,1,61396
7290000000134,false,פטריות יער,ביכורי השקמה,,פטריות יער,קילוגרמים,1.00,"ק""ג",true,,34.90,34.9000,true,1,94542
7290000000135,false,אפרסמון קרמבו,ביכורי השקמה,,אפרסמון קרמבו,קילוגרמים,1.00,"ק""ג",true,,15.90,15.9000,true,1,94630
7290000000148,false,תפוח ענה,,,תפוח ענה,קילוגרמים,1.00,"ק""ג",true,,9.90,9.9000,true,1,112415
7290000000158,false,צנון שחור/לבן,ביכורי השקמה,,חציל קטן,קילוגרמים,1.00,"ק""ג",true,,4.90,4.9000,true,1,61102
7290000000171,false,פטריות פורטבלו,ביכורי השקמה,,פטריות פורטבלו,קילוגרמים,1.00,"ק""ג",true,,29.90,29.9000,true,1,61623
7290000000172,false,קוקטייל צמחי בית קער,,,פלפל חריף אדום,קילוגרמים,1.00,"ק""ג",true,,6.90,6.9000,true,1,108463
7290000000173,false,שורש פטרוזיליה,אדמה,,אגס קוסטיה,קילוגרמים,1.00,"ק""ג",true,,14.90,14.9000,true,1,108547
7290000000174,false,פלפל כתום,אדמה,,פלפל כתום,קילוגרמים,1.00,"ק""ג",true,,6.90,6.9000,true,1,113497
7290000000194,false,"תפו""א לבן תפזורת",ביכורי השקמה,,"תפו""א לבן תפזורת",קילוגרמים,1.00,"ק""ג",true,,3.90,3.9000,true,1,61352
7290000000222,false,וטצינה מוסקובסקיה,ישרקו שיווק מותגי מז,,"זנגביל-ג""ינג""ר",קילוגרמים,1.00,"ק""ג",true,,24.90,24.9000,true,1,61366
7290000000223,false,פסיפלורה,ביכורי השקמה,,פסיפלורה,יחידה,0.00,יחידה,false,,17.90,0.0000,true,1,61301
7290000000227,false,תפוח ברשת,ישרקו שיווק מותגי מז,,תפוח ברשת,קילוגרמים,1.00,"ק""ג",true,,3.90,3.9000,true,1,69711
7290000000228,false,"תפו""א קטן לאפייה",ישרקו שיווק מותגי מז,,"תפו""א קטן לאפייה",קילוגרמים,1.00,"ק""ג",true,,2.90,2.9000,true,1,61668
7290000000229,false,בצל אדום יבש,ישרקו שיווק מותגי מז,,בצל אדום יבש,קילוגרמים,1.00,"ק""ג",true,,1.90,1.9000,true,1,61302
7290000000230,false,רוסקי סרוולט,ישרקו שיווק מותגי מז,,גנגר תפזורת,קילוגרמים,1.00,"ק""ג",true,,19.90,19.9000,true,1,118058
7290000000233,false,פטריות שמפיניון,ישרקו שיווק מותגי מז,,פטריות שמפיניון,קילוגרמים,1.00,"ק""ג",true,,34.90,34.9000,true,1,61837
7290000000234,false,סלה ביתי/הונגרי,ישרקו שיווק מותגי מז,,חציל בלדי,קילוגרמים,1.00,"ק""ג",true,,5.90,5.9000,true,1,69712
7290000000235,false,מלפפון בלדי,,,מלפפון בלדי,קילוגרמים,1.00,"ק""ג",true,,14.90,14.9000,true,1,61367
7290000000236,false,ברוקולי מיני סגול מש,ישרקו שיווק מותגי מז,,קישואים בלדי,קילוגרמים,1.00,"ק""ג",true,,9.90,9.9000,true,1,71297
7290000000238,false,רו סרוולט,ישרקו שיווק מותגי מז,,במיה,קילוגרמים,1.00,"ק""ג",true,,59.90,59.9000,true,1,61224
7290000000241,false,כרוב שטוח,,,כרוב שטוח,קילוגרמים,1.00,"ק""ג",true,,6.90,6.9000,true,1,61304
7290000000242,false,ראש קוקוס.,,,ראש קוקוס,יחידה,1.00,יחידה,false,,6.90,6.9000,true,1,71298
7290000000251,false,שינקן פולני חצי,ישרקו שיווק מותגי מז,,תפוז ברשת,קילוגרמים,1.00,"ק""ג",true,,3.90,3.9000,true,1,61569
7290000000253,false,שינקן צועני,ישרקו שיווק מותגי מז,,אפרסמון,קילוגרמים,1.00,"ק""ג",true,,14.90,14.9000,true,1,61571
7290000000254,false,חסה עגולה,ביכורי השקמה,,תפוזינה,קילוגרמים,1.00,"ק""ג",true,,2.90,2.9000,true,1,118818
7290000000263,false,שרי שוקו,,,שרי שוקו,קילוגרמים,1.00,"ק""ג",true,,12.90,12.9000,true,1,118087
7290000000289,false,לשון זליבנוי טילצי,ישרקו שיווק מותגי מז,,שרי צהוב,קילוגרמים,1.00,"ק""ג",true,,12.90,12.9000,true,1,119451
7290000000304,false,"תפו""א אדום תפזורת",,,"תפו""א אדום תפזורת",קילוגרמים,1.00,"ק""ג",true,,4.90,4.9000,true,1,135180
7290000000307,false,קישואים זוקיני ירוק,ביכורי השקמה,,קישואים זוקיני ירוק,קילוגרמים,1.00,"ק""ג",true,,9.90,9.9000,true,1,139325
7290000000319,false,קפוצינו נטול,,,אפונה,קילוגרמים,1.00,"ק""ג",true,,29.90,29.9000,true,1,62005
7290000000331,false,תפוח עץ נאשי,,,תפוח עץ נאשי,קילוגרמים,1.00,"ק""ג",true,,13.90,13.9000,true,1,123102
7290000000345,false,"תפו""א לבן בתפזורת",משתנה,,רחת לוקום אלנביל,קילוגרמים,1.00,"ק""ג",true,,50.00,50.0000,true,1,134897
7290000000361,false,מסכה,,,מסכה,יחידה,0.00,יחידה,false,,0.00,0.0000,true,1,189146
7290000000524,false,מגש אובלי גדול כולל,מעדני מניה תעשיות בש,,מגש אובלי גדול כולל,יחידה,0.00,יחידה,false,,1.10,0.0000,true,1,152803
7290000000848,false,תירס מתוק ארוז,ביכורי השקמה,,תירס מתוק ארוז,יחידה,0.00,יחידה,false,,14.90,0.0000,true,1,147017
7290000000903,false,"תמרים מג""הול שחור 5ק",,,"תמרים מג""הול שחור 5ק",יחידה,0.00,יחידה,false,,250.00,0.0000,true,1,156224
7290000000905,false,תמרים מגהול כחול 5 ק,,,תמרים מגהול כחול 5 ק,קילוגרמים,5.00,"ק""ג",false,,100.00,20.0000,true,1,58548
7290000000906,false,"תמרים מג""הול כתום 5",,,"תמרים מג""הול כתום 5",קילוגרמים,5.00,"ק""ג",false,,120.00,24.0000,true,1,59565
7290000000908,false,"תמרים מג""הול זהב 5 ק",,,"תמרים מג""הול זהב 5 ק",קילוגרמים,5.00,"ק""ג",false,,200.00,40.0000,true,1,67277
7290000000910,false,תמרים פרימיום 3.5 ק,,,תמרים פרימיום 3.5 ק,יחידה,0.00,יחידה,false,,150.00,0.0000,true,1,155126
7290000000920,false,בוטנים גדולים במשקל,,,עוף טוב רצועות פילה,קילוגרמים,1.00,"ק""ג",true,,45.00,45.0000,true,1,75119
7290000000921,false,עוף טוב טבעות עוף תפ,,,עוף טוב טבעות עוף תפ,קילוגרמים,1.00,"ק""ג",true,,25.00,25.0000,true,1,75120
7290000000922,false,שניצל אמריקאי תפזורת,,,שניצל אמריקאי תפזורת,קילוגרמים,1.00,"ק""ג",true,,20.00,20.0000,true,1,75121
7290000000924,false,שניצל מקצועי שומשום,,,שניצל מקצועי שומשום,קילוגרמים,1.00,"ק""ג",true,,35.00,35.0000,true,1,75124
7290000000993,false,קפה -סניפי super,,,חצילון,קילוגרמים,1.00,"ק""ג",true,,5.90,5.9000,true,1,134402
7290000001212,false,"ג""רג""יר",,,"ג""רג""יר",יחידה,0.00,יחידה,false,,4.90,0.0000,true,1,61165
7290000001250,false,תפוח פינק לידי,,,תפוח פינק לידי,קילוגרמים,1.00,"ק""ג",true,,13.90,13.9000,true,1,71045
7290000001274,false,שום תפזורת,,,שום תפזורת,קילוגרמים,1.00,"ק""ג",true,,24.90,24.9000,true,1,61091
7290000001301,false,מנדרינה ברשת,,,מנדרינה ברשת,קילוגרמים,1.00,"ק""ג",true,,2.90,2.9000,true,1,95072
7290000001313,false,"קרח שק"" 2 ק""ג",,,"קרח שק"" 2 ק""ג",קילוגרמים,2.00,"ק""ג",false,,9.90,4.9500,true,1,61092
7290000002021,false,גבינה קוסטרומסקוי,,,זעתר,יחידה,0.00,יחידה,false,,4.90,0.0000,true,1,61365
7290000002850,false,תנובה קולאג פרמזן,,,תנובה קולאג פרמזן,קילוגרמים,1.00,"ק""ג",true,,125.00,125.0000,true,1,89504
7290000003894,false,שוקחה עזים פריקו,,,שוקחה עזים פריקו,קילוגרמים,1.00,"ק""ג",true,,130.00,130.0000,true,1,76568
7290000004211,false,מגש מלבני כולל מכסה,,,מגש מלבני כולל מכסה,יחידה,0.00,יחידה,false,,0.80,0.0000,true,1,152804
7290000006026,false,אבטיח,,,אבטיח,קילוגרמים,1.00,"ק""ג",true,,6.90,6.9000,true,1,63592
7290000006030,false,תפוח אדמה לבן /אדום,,,תפוח אדמה לבן /אדום,קילוגרמים,1.00,"ק""ג",true,,3.90,3.9000,true,1,120345
7290000006160,false,ישרקו צדר לבן גרמני,,,ישרקו צדר לבן גרמני,קילוגרמים,1.00,"ק""ג",true,,89.00,89.0000,true,1,121443
7290000007613,false,שוקולד סנטה קטן,,,שוקולד סנטה קטן,קילוגרמים,1.00,"ק""ג",true,,89.90,89.9000,true,1,74616
7290000012485,false,אריסה טוניסאית 500 ג,,,אריסה טוניסאית 500 ג,גרמים,500.00,100 גרם,false,,17.90,0.0358,true,1,71043
7290000013006,false,פסטרמה מקסיקנית זוגל,,,פסטרמה מקסיקנית זוגל,קילוגרמים,1.00,"ק""ג",true,,90.00,90.0000,true,1,76439
7290000013174,false,פסטרמה של פעם זוגלוב,,,פסטרמה של פעם זוגלוב,קילוגרמים,1.00,"ק""ג",true,,90.00,90.0000,true,1,76443
7290000013747,false,תה סלמי מפולפל זוגלו,,,סלמי מפולפל זוגלובק,קילוגרמים,1.00,"ק""ג",true,,50.00,50.0000,true,1,86375
7290000014142,false,אריסה טוניסאית 200 ג,,,אריסה טוניסאית 200 ג,גרמים,200.00,100 גרם,false,,9.90,0.0495,true,1,71053
7290000018103,false,פסטרמה ברביקיו יחיעם,,,פסטרמה ברביקיו יחיעם,קילוגרמים,1.00,"ק""ג",true,,79.00,79.0000,true,1,76457
7290000018493,false,כתף בקר מפולפל יחיעם,,,כתף בקר מפולפל יחיעם,קילוגרמים,1.00,"ק""ג",true,,110.00,110.0000,true,1,76465
7290000018806,false,סלמי סרוולד יחיעם,,,סלמי סרוולד יחיעם,קילוגרמים,1.00,"ק""ג",true,,150.00,150.0000,true,1,76468
7290000018882,false,מעושן איטלקי יחיעם,,,מעושן איטלקי יחיעם,קילוגרמים,1.00,"ק""ג",true,,75.00,75.0000,true,1,76472
7290000019704,false,כתף בקר מעושן יחיעם,,,כתף בקר מעושן יחיעם,קילוגרמים,1.00,"ק""ג",true,,110.00,110.0000,true,1,76482
7290000019728,false,איטלקי מפולפל יחיעם,,,איטלקי מפולפל יחיעם,קילוגרמים,1.00,"ק""ג",true,,89.00,89.0000,true,1,76483
7290000019759,false,סלמי תה יחיעם,,,סלמי תה יחיעם,קילוגרמים,1.00,"ק""ג",true,,55.00,55.0000,true,1,102493
7290000020151,false,מפה דגם פלאש,,,מפה דגם פלאש,קילוגרמים,1.00,"ק""ג",true,,19.90,19.9000,true,1,183083
7290000020231,false,מפת פרובנס,,,מפת פרובנס,קילוגרמים,1.00,"ק""ג",true,,19.90,19.9000,true,1,151638
7290000021023,false,פסטרמה של פעם יחיעם,,,פסטרמה של פעם יחיעם,קילוגרמים,1.00,"ק""ג",true,,85.00,85.0000,true,1,76492
7290000021092,false,פסטרמה עוף בגריל יחי,,,פסטרמה עוף בגריל יחי,קילוגרמים,1.00,"ק""ג",true,,85.00,85.0000,true,1,76493
7290000022231,false,שאריות פסטרמה,,,שאריות פסטרמה,קילוגרמים,1.00,"ק""ג",true,,20.00,20.0000,true,1,71278
7290000025600,false,חריץ סקנדינבית,,,חריץ סקנדינבית,קילוגרמים,1.00,"ק""ג",true,,90.00,90.0000,true,1,139726
7290000026650,false,צפתית פיראוס 5% במשק,,,גבינה צפתית 5% 1 200,קילוגרמים,1.00,"ק""ג",true,,60.00,60.0000,true,1,76506
7290000029569,false,נפוליאון שמיר,,,נפוליאון שמיר,קילוגרמים,1.00,"ק""ג",true,,46.00,46.0000,true,1,76508
7290000029576,false,נפוליאון גבינת שמנת,,,נפוליאון גבינת שמנת,קילוגרמים,1.00,"ק""ג",true,,46.00,46.0000,true,1,76509
7290000029903,false,נפוליאון טבעי,,,נפוליאון טבעי,קילוגרמים,1.00,"ק""ג",true,,46.00,46.0000,true,1,76510
7290000029904,false,חטיפי מיקס/ עלית,,,חטיפי מיקס/ עלית,קילוגרמים,1.00,"ק""ג",true,,69.90,69.9000,true,1,71348
7290000030024,false,תה מעושן רחב זוגלובק,,,תה מעושן זוגלובק,קילוגרמים,1.00,"ק""ג",true,,50.00,50.0000,true,1,76512
7290000030048,false,סלמי פפרוני זוגלובק,,,סלמי פפרוני זוגלובק,קילוגרמים,1.00,"ק""ג",true,,55.00,55.0000,true,1,76514
7290000030062,false,מעושן איטלקי זוגלובק,,,מעושן איטלקי זוגלובק,קילוגרמים,1.00,"ק""ג",true,,85.00,85.0000,true,1,76515
7290000030178,false,קוניאק זוגלובק,,,קוניאק זוגלובק,קילוגרמים,1.00,"ק""ג",true,,85.00,85.0000,true,1,153111
7290000030260,false,מורטדלה רחב זוגלובק,,,מרטדלה רחב זוגלובק,קילוגרמים,1.00,"ק""ג",true,,45.00,45.0000,true,1,76520
7290000030444,false,כתף בקר מעושן זוגלוב,,,כתף בקר מעושן זוגלוב,קילוגרמים,1.00,"ק""ג",true,,120.00,120.0000,true,1,76523
7290000030871,false,פסטרמה חזה עוף מעושן,,,פסטרמה חזה עוף מעושן,קילוגרמים,1.00,"ק""ג",true,,90.00,90.0000,true,1,76527
7290000031410,false,פסטרמה בדבש טהור זוג,,,פסטרמה בדבש טהור זוג,קילוגרמים,1.00,"ק""ג",true,,90.00,90.0000,true,1,76532
7290000031599,false,שוקחה גבינה גאודה עג,,,שוקחה גבינה גאודה עג,קילוגרמים,1.00,"ק""ג",true,,75.00,75.0000,true,1,76534
7290000032207,false,פול מצרי 580 ג' פרי זה,,,A2 פול פרי זה 350 גר,גרמים,350.00,100 גרם,false,,5.90,0.0169,true,1,139388
7290000032400,false,פסטרמה ברביקיו זוגלו,,,חזה הודו ברבקיו זוגל,קילוגרמים,1.00,"ק""ג",true,,90.00,90.0000,true,1,76538
7290000032474,false,אפונת גינה גדולה 550 ג' פרי זה,זנלכל,,אפונה גדולה א-,גרמים,550.00,100 גרם,false,,5.90,0.0107,true,1,108002
7290000032498,false,"חריסה פרי זה 2.55 ק""ג",,,חריסה A9 פרי זה,קילוגרמים,3.00,"ק""ג",false,,19.90,6.6333,true,1,89469
7290000032511,false,אפונה וגזר 550 ג' פרי זה,,,אפונה וגזר א-2.,יחידה,0.00,יחידה,false,,5.90,0.0000,true,1,108003
7290000032634,false,חומוס שלם 550 ג' פרי זה,זנלכל,,A2 חומוס שלם 600 גרם,גרמים,600.00,100 גרם,false,,5.90,0.0098,true,1,98203
7290000032665,false,רוטב עגבניות 28% 580ג' פרי זה,,,רסק עגבניות 28% 580,גרמים,580.00,100 גרם,false,,6.10,0.0105,true,1,79047
7290000032721,false,טורו-כתף בקר מצופה פ,,,טורו כתף בקר פלפל זו,קילוגרמים,1.00,"ק""ג",true,,110.00,110.0000,true,1,76540
7290000032726,false,חריסה 570 ג' פרי זה,,,A2 חריסה,גרמים,550.00,100 גרם,false,,5.90,0.0107,true,1,98204
7290000032764,false,שעועית לבנה ברוטב עגבניות 580 ג' פרי זה,זנלכל,,A2 שעועית לבנה ברוטב,גרמים,580.00,100 גרם,false,,5.90,0.0102,true,1,108004
7290000032825,false,גרעיני תירס מתוק 550 ג' פרי זה,General,,A2 גרעיני תירס מתוק,גרמים,550.00,100 גרם,false,,5.90,0.0107,true,1,76980
7290000033636,false,פסטרממיה צלויה על לב,,,פסטרממיה צלויה על לב,קילוגרמים,1.00,"ק""ג",true,,90.00,90.0000,true,1,76545
7290000033681,false,פסטרממיה מעושנת הבית,,,פסטרממיה מעושנת הבית,קילוגרמים,1.00,"ק""ג",true,,90.00,90.0000,true,1,76546
7290000034124,false,זית שחור יבש,,,זית שחור יבש,קילוגרמים,1.00,"ק""ג",true,,40.00,40.0000,true,1,90383
7290000034718,false,תבור-חזה מעושן זוגלו,,,תבור-חזה מעושן זוגלו,קילוגרמים,1.00,"ק""ג",true,,90.00,90.0000,true,1,76550
7290000034799,false,ישרקו צדר לבן גרמני,,,ישרקו צדר לבן גרמני,קילוגרמים,1.00,"ק""ג",true,,89.00,89.0000,true,1,111625
7290000034824,false,חרמון חזה מעושן זוגל,,,חרמון חזה הודו זוגלו,קילוגרמים,1.00,"ק""ג",true,,59.00,59.0000,true,1,76552
7290000035317,false,פתיתים לפיצריות ולבת,,,פתיתים לפיצריות ולבת,קילוגרמים,1.00,"ק""ג",true,,45.00,45.0000,true,1,134708
7290000035355,false,תנובה בולגרית מעודנת,,,תנובה בולגרית מעודנת,קילוגרמים,1.00,"ק""ג",true,,49.00,49.0000,true,1,160195
7290000036057,false,מרטדלה עם זיתים זוגל,,,מרטדלה עם זיתים זוגל,קילוגרמים,1.00,"ק""ג",true,,45.00,45.0000,true,1,76559
7290000036144,false,קונדיטור קורנפלור שק,קריות זול,,קונדיטור קורנפלור שק,גרמים,200.00,100 גרם,false,,4.00,0.0200,true,1,71952
7290000036151,false,קונדיטור קורנפלור 50,גלעם,,קונדיטור קורנפלור 50,גרמים,500.00,100 גרם,false,,7.00,0.0140,true,1,71953
7290000038099,false,פסטרמה כפרית זוגלובק,,,פסטרמה כפרית זוגלובק,קילוגרמים,1.00,"ק""ג",true,,90.00,90.0000,true,1,76565
7290000039247,false,פסטרמה איטלקית זוגלו,,,פסטרמה איטלקית זוגלו,קילוגרמים,1.00,"ק""ג",true,,90.00,90.0000,true,1,140282
7290000040001,false,שומשום /חלביצה /בוטנ,,,שומשום /חלביצה /בוטנ,קילוגרמים,1.00,"ק""ג",true,,30.00,30.0000,true,1,136891
7290000040042,false,יופלה יוגורט תות %3 גביע 150 גרם,תנובה חלב,,יופלה יוגורט תות %3,מיליליטרים,150.00,"100 מ""ל",false,,4.90,3.2667,true,1,52671
7290000040080,false,יופלה יוגורט אפרסק %3 גביע 150 גרם,תנובה חלב,,יופלה יוגורט אפרסק %,מיליליטרים,150.00,"100 מ""ל",false,,4.90,3.2667,true,1,52896
7290000040301,false,תנובה עין גדי קממבר מחלב בקר 24% שומן,תנובה מרכז שיתופי לש,,קממבר עין גדי חפיסה,גרמים,125.00,100 גרם,false,,17.20,0.1376,true,1,53536
7290000040413,false,לחמניות אצבע קטן 100,,,לחמניות אצבע קטן 100,יחידה,0.00,יחידה,false,,1.50,0.0000,true,1,154131
7290000041858,false,"שמנת חמוצה 15% מועשרת יטבתה 200 מ""ל",שטראוס גרופ,,יטבתה שמנת חמוצה 15%,מיליליטרים,200.00,"100 מ""ל",false,,2.60,1.3000,true,1,52972
7290000041865,false,"לבן 4.5% שומן מהדרין ""יטבתה""",שטראוס גרופ,,יטבתה אשל 4.5% 200 מ,מיליליטרים,200.00,"100 מ""ל",false,,2.00,1.0000,true,1,53060
7290000041872,false,"לבן 3% יטבתה 200מ""ל מהדרין",שטראוס גרופ,,"יטבתה לבן 3% 200 מ""ל",מיליליטרים,200.00,"100 מ""ל",false,,2.00,1.0000,true,1,52321
7290000042008,false,חלב תנובה טרי 3% שקית 1 ל',"תנובה, מחלבת רחובות",,חלב תנובה טרי שקית 1,ליטרים,1.00,ליטר,false,,5.17,5.1700,true,1,52322
7290000042244,false,חלב 3% שומן בכד 2 ליטר,"תנובה, מחלבת רחובות",,חלב תנובה טרי כד 2 ל,ליטרים,2.00,ליטר,false,,11.88,5.9400,true,1,52323
7290000042435,false,חלב דל שומן בקרטון+פקק תנובה 1 ליטר,תנובה מרכז שיתופי לש,,חלב תנובה טרי קרט+ פ,ליטרים,1.00,ליטר,false,,5.59,5.5900,true,1,59925
7290000042442,false,"חלב תנובה טרי 3% ""תנובה"" - מוצר בפיקוח",תנובה חלב,,חלב תנובה טרי קרט+פק,ליטרים,1.00,ליטר,false,,5.94,5.9400,true,1,59926
7290000042503,false,חלב עמיד קרטון 3% 1 ל' תנובה,תנובה מרכז שיתופי לש,,חלב עמיד קרטון 1 ליט,ליטרים,1.00,ליטר,false,,7.50,7.5000,true,1,53235
7290000042855,false,"שוקו בשקית 250 מ""ל ""יטבתה""",שטראוס גרופ,,יטבתה שוקו שקית 225,מיליליטרים,225.00,"100 מ""ל",false,,2.50,1.1111,true,1,71958
7290000043012,false,"שוקו עמיד 2% בקרטון 250 מ""ל תנובה",תנובה מרכז שיתופי לש,,שוק.שוקו עמיד 2% בקר,מיליליטרים,250.00,"100 מ""ל",false,,4.10,1.6400,true,1,53237
7290000043814,false,השף הלבן שמנת להקצפה 38% שומן 250 מל - מוצר בפיקוח,תנובה מרכז שיתופי לש,,שמנת להקצפה 38% 250,מיליליטרים,250.00,"100 מ""ל",false,,6.18,2.4720,true,1,52325
7290000043890,false,תנובה רויון לבן מחלב מפסוטר 1.5%,תנובה מרכז שיתופי לש,,רוויון קרטון 1 ליטר,ליטרים,1.00,ליטר,false,,10.90,10.9000,true,1,71960
7290000043944,false,כד יוגורט תנובה 4% שומן 1.5 ליטר,מיוצר עי קונדיטוריית,,יוגורט תנובה כד 1.5,ליטרים,1.50,ליטר,false,,15.70,10.4667,true,1,59927
7290000044712,false,יוגורט עם תות 1.5% שומן 500 ג' פרילי,מיוצר עי קונדיטוריית,,פרילי תות גביע 500 ג,גרמים,500.00,100 גרם,false,,10.00,0.0200,true,1,52326
7290000044743,false,יוגורט עם אננס פרילי,מיוצר עי קונדיטוריית,,פרילי אננס גביע 500,גרמים,500.00,100 גרם,false,,10.00,0.0200,true,1,71961
7290000044880,false,באדי יוגורט תות 3% שומן 500 ג' תנובה,מיוצר עי קונדיטוריית,,באדי יוגורט תות גביע,מיליליטרים,500.00,"100 מ""ל",false,,8.80,1.7600,true,1,52246
7290000045282,false,נתחי פילה סלמון נורו,,,נתחי פילה סלמון נורו,קילוגרמים,1.00,"ק""ג",true,,79.90,79.9000,true,1,151867
7290000045580,false,גבינה מותכת נעמה חורש תנובה 240 גרם,תנובה מרכז שיתופי לש,,נעמה חורש משולשים 24,גרמים,240.00,100 גרם,false,,16.90,0.0704,true,1,53064
7290000045771,false,יוגורט לבן 4% תנובה 3 ליטר,תנובה מרכז שיתופי לש,,יוגורט תנובה כד 3 לי,ליטרים,3.00,ליטר,false,,28.40,9.4667,true,1,53065
7290000045917,false,תנובה פרומעז גבינה מותכת מחלב עיזים 23% שומן,תנובה חלב,,פרומעז גבינת עזים גל,גרמים,200.00,100 גרם,false,,24.70,0.1235,true,1,59930
7290000046020,false,גלבוע גבינה שמנה במש,תנובה מרכז שיתופי לש,,גלבוע חריץ במשקל %22,קילוגרמים,1.00,"ק""ג",true,,40.59,40.5900,true,1,53764
7290000046549,false,גבינת מוצרלה 20% במשקל,תנובה מרכז שיתופי לש,,מוצרלה חריץ מהדרין 2,קילוגרמים,1.00,"ק""ג",true,,80.00,80.0000,true,1,53240
7290000047027,false,גב.קולאז' גלעד 27% במשקל,תנובה מרכז שיתופי לש,,קצקבל (גלעד) חריץ 28,קילוגרמים,1.00,"ק""ג",true,,135.00,135.0000,true,1,52328
7290000047034,false,גבינת רוקפור 26%כבש משקל,תנובה מרכז שיתופי לש,,רוקפור (גליל) חריץ 2,קילוגרמים,1.00,"ק""ג",true,,130.00,130.0000,true,1,53242
7290000047485,false,גבינה בולגרית במשקל,תנובה מרכז שיתופי לש,,בולגרית פח 4 קג 24%,קילוגרמים,1.00,"ק""ג",true,,60.00,60.0000,true,1,53766
7290000047546,false,השף הלבן כנען גבינה לבנה דלת נתרן 5% תנובה 500 גרם,תנובה מרכז שיתופי לש,,כנען גבינה לבנה 5%,גרמים,500.00,100 גרם,false,,22.50,0.0450,true,1,71962
7290000048185,false,גבינה לבנה 5% תנובה 250 גרם מהדרין,מיוצר עי קונדיטוריית,,גבינה לבנה 5% 250 גר,גרמים,250.00,100 גרם,false,,4.75,0.0190,true,1,52907
7290000048192,false,גבינה לבנה 9% תנובה 250 גרם מהדרין,מחלבת אלון תבור,,גבינה לבנה 9% 250 גר,גרמים,250.00,100 גרם,false,,4.75,0.0190,true,1,53243
7290000048307,false,גבינת קוטג' עם זיתים 5% תנובה 250 גרם,מיוצר עי קונדיטוריית,,קוטג תנובה 5% עם זתי,גרמים,250.00,100 גרם,false,,5.70,0.0228,true,1,52979
7290000048413,false,פיראוס חמד גבינה מלוחה 16% שומן,תנובה מרכז שיתופי לש,,פיראוס חמד שקית 250,גרמים,250.00,100 גרם,false,,17.30,0.0692,true,1,52908
7290000048437,false,פיראוס צפתית 5% שומן 200 גרם,פארייפאבה אגרואינדוס,,פיראוס צפתית גביע 20,גרמים,200.00,100 גרם,false,,14.20,0.0710,true,1,53068
7290000050447,false,"יוגורט ביו בטעם תות YYY יופלה 500 מ""ל",מיוצר עי קונדיטוריית,,יופלה תות 3% גביע 50,יחידה,500.00,יחידה,false,,12.90,0.0258,true,1,52331
7290000050454,false,יוגורט יופלה אפרסק 3% שומן 500 גרם,מיוצר עי קונדיטוריית,,יופלה אפרסק 3% גביע,מיליליטרים,500.00,"100 מ""ל",false,,12.90,2.5800,true,1,75719
7290000051067,false,מס 5 מוכשר,,,מס 5 מוכשר,קילוגרמים,1.00,"ק""ג",true,,69.90,69.9000,true,1,147130
7290000051307,false,"מארז הפסקת אוכל עם דגני עוגי ומשקה חלב עמיד בטעם וניל 150 מ""ל",תנובה מרכז שיתופי לש,,הפסקת אוכל דגני עוגי,מיליליטרים,150.00,"100 מ""ל",false,,9.00,6.0000,true,1,53248
7290000051376,false,יוגורט יופלה דיאט אננס 0% שומן 150 גרם,תנובה מרכז שיתופי לש,,יופלה דיאט אננס גביע,מיליליטרים,150.00,"100 מ""ל",false,,4.90,3.2667,true,1,53377
7290000051956,false,טל העמק 9% חריץ במשקל,,,טל העמק חריץ במשקל 9,קילוגרמים,1.00,"ק""ג",true,,79.00,79.0000,true,1,158474
7290000052250,false,יופלהYYYפירות יער3% 500ג,תנובה בעמ,,יופלה פירות יער 3% ג,יחידה,500.00,יחידה,false,,12.90,0.0258,true,1,53071
7290000052298,false,משקה מוקה בקבוק 1 ליטר,תנובה,,משקה מוקה תנובה 1 לי,ליטרים,1.00,ליטר,false,,12.20,12.2000,true,1,52913
7290000052304,false,"משקה מוקה בקבוק 340 מ""ל",תנובה,,משקה מוקה תנובה 340,מיליליטרים,340.00,"100 מ""ל",false,,6.20,1.8235,true,1,53769
7290000052649,false,גבינת לאבנה 5% שומן 500 ג' פיראוס,תנובה מרכז שיתופי לש,,פיראוס לאבנה 5% גביע,גרמים,500.00,100 גרם,false,,18.40,0.0368,true,1,53072
7290000053219,false,טל העמק חריץ 32% במשקל,תנובה מרכז שיתופי לש,,חריץ טל העמק 32% שומ,קילוגרמים,1.00,"ק""ג",true,,70.00,70.0000,true,1,138989
7290000054792,false,גד בולגרית פח 5%,,,גד בולגרית פח 5%,קילוגרמים,1.00,"ק""ג",true,,65.00,65.0000,true,1,76595
7290000054815,false,גד מוצרלה 22%,,,גד מוצרלה 22%,קילוגרמים,1.00,"ק""ג",true,,85.00,85.0000,true,1,76596
7290000054976,false,גד גבינת שמנת 30% זי,,,גד גבינת שמנת 30% זי,קילוגרמים,1.00,"ק""ג",true,,50.00,50.0000,true,1,76601
7290000055015,false,פיראוס גבינת פטה כבשים 5% תנובה 250 גרם,תנובה מרכז שיתופי לש,,פיראוס פטה כבשים 5%,גרמים,250.00,100 גרם,false,,27.90,0.1116,true,1,59941
7290000055329,false,"משקה בוקר יוגורט 1.5% בטעם תות מלון יופלה 250 מ""ל",תנובה מרכז שיתופי לש,,יופלה משקה יוגורט תו,יחידה,250.00,יחידה,false,,5.10,0.0204,true,1,71977
7290000055336,false,"משקה יוגורט 1.5% בטעם בננה אפרסק יופלה 250 מ""ל",תנובה מרכז שיתופי לש,,יופלה משקה יוגורט בנ,גרמים,250.00,100 גרם,false,,5.10,0.0204,true,1,71978
7290000055343,false,משקה יוגורט יופלה פירות טרופיים 250 גרם,תנובה מרכז שיתופי לש,,יופלה משקה יוגורט טר,מיליליטרים,250.00,"100 מ""ל",false,,5.10,2.0400,true,1,71979
7290000055350,false,גבינה צהובה חריץ עמק 28% במשקל,תנובה מרכז שיתופי לש,,*חריץ עמק 28%,קילוגרמים,1.00,"ק""ג",true,,42.70,42.7000,true,1,118741
7290000055502,false,מגש אובאלי כולל מכסה,,,מגש אובאלי כולל מכסה,יחידה,0.00,יחידה,false,,1.10,0.0000,true,1,152805
7290000055565,false,שלגונים מצופים 10 כשלפ,תות תעשיות מזון (201,,מאגדת מצופים שוקו בנ,יחידה,10.00,יחידה,false,,26.90,2.6900,true,1,53775
7290000056272,false,גבינה לבנה 5% עם זיתים ירוקים 250 ג' תנובה,תנובה מרכז שיתופי לש,,גבינה לבנה 5% עם זית,גרמים,250.00,100 גרם,false,,5.30,0.0212,true,1,71986
7290000056883,false,שמיניית יוגורט יופלה 3% טעמים שונים 150 גרם,תנובה מרכז שיתופי לש,,מאג 8*150 גרם יופלה,גרמים,1200.00,100 גרם,false,,29.00,0.0242,true,1,71991
7290000056890,false,שמיניית דיאט יופלה 0% טעמים שונים 150 גרם,מיוצר עי קונדיטוריית,,מאג 8*150 גרם דיאט י,גרמים,1200.00,100 גרם,false,,29.00,0.0242,true,1,71992
7290000056906,false,מאגדת לבן טבעי 1.5% שומן 8 יח' * 150 ג' יופלה,מחלבת אלון תבור,,מאג 8*150ג יופלה לבן,מיליליטרים,1200.00,"100 מ""ל",false,,16.70,1.3917,true,1,71993
7290000056951,false,"תנובה, השף הלבן, שמנת לבישול 15% שומן 500 מל",תנובה מרכז שיתופי לש,,שמנת לבישול 15% 500,מיליליטרים,500.00,"100 מ""ל",false,,15.50,3.1000,true,1,71996
7290000056968,false,"שמנת עמידה מתוקה לקצפת 38% תנובה 500מ""ל",תנובה,,שמנת 38% להקצפה 500,מיליליטרים,500.00,"100 מ""ל",false,,12.36,2.4720,true,1,71997
7290000057118,false,גבינה צהובה עמק 28% שומן ואקום 400 גרם,תנובה מרכז שיתופי לש,,עמק פרוס סמי מעדנייה,גרמים,400.00,100 גרם,false,,22.10,0.0553,true,1,72002
7290000058030,false,"שמיניית יופלה שטוזים משקה יוגורט תות 100 מ""ל",מיוצר עי קונדיטוריית,,יופלה משקה יוגורט תו,מיליליטרים,800.00,"100 מ""ל",false,,20.10,2.5125,true,1,72026
7290000058276,false,מיני קרלו טעם תות 100*8ג,מחלבת אלון תבור,,מאגדת שמינייה מיני ק,מיליליטרים,800.00,"100 מ""ל",false,,13.50,1.6875,true,1,75952
7290000060071,false,אוסם - חטיפי פריכונים מאורז מלא קלוי 80גר,"פרח תעשיות מזון בע""מ.",,חטיפי פריכונים מאורז,יחידה,0.00,יחידה,false,,7.50,0.0000,true,1,52389
7290000060088,false,בייגלה מקלות מלוחים אסם 400 גרם,מיוצר עי קונדיטוריית,,בייגלה אסם מקלות מלו,גרמים,400.00,100 גרם,false,,11.00,0.0275,true,1,52920
7290000060200,false,פסטה אסם פתיתים אפויים קוסקוס 500גר,"אסם תעשיות בע""מ",,פסטה אסם פתיתים אפוי,גרמים,500.00,100 גרם,false,,7.50,0.0150,true,1,59945
7290000060217,false,פסטה מקרוני מספר 7 אסם 500 גרם,קריות זול,,פסטה אסם מקרוני 7 50,גרמים,500.00,100 גרם,false,,6.00,0.0120,true,1,52921
7290000060248,false,פסטה אסם פתיתים תלתלים 500 גר',קריות זול,,אסם פתיתים תלתלים 50,גרמים,500.00,100 גרם,false,,6.00,0.0120,true,1,53079
7290000060316,false,פרפקטו ספגטי מס' 8 אסם 500 גרם,אסם פרפקטו,,פרפקטו ספגטי 500 גרם,גרמים,500.00,100 גרם,false,,7.90,0.0158,true,1,53778
7290000060408,false,פסטה אסם פתיתים אפויים טבעות 500 גר,"אסם השקעות בע""\מ",,פסטה אסם פתיתים אפוי,גרמים,500.00,100 גרם,false,,7.50,0.0150,true,1,52393
7290000060415,false,"פסטה פרפקטו לאזניה 500 ג' ""אסם""",אסם פרפקטו,,פרפקטו לזאניה 500 גר,גרמים,500.00,100 גרם,false,,13.90,0.0278,true,1,52922
7290000060491,false,פסטה קיפרי ריגאטי פרפקטו 500 ג' אסם,קריות זול,,פרפקטו קיפרי ריגאטי,גרמים,500.00,100 גרם,false,,7.90,0.0158,true,1,52923
7290000060538,false,פסטה פרפקטו ניוקי 500 ג' אסם,קריות זול,,פרפקטו פתיתים ניוקי,גרמים,500.00,100 גרם,false,,7.90,0.0158,true,1,53385
7290000060576,false,פתיתים אפויים כוכבים אסם 500 גרם,"אסם השקעות בע""\מ",,פסטה אסם פתיתים אפוי,גרמים,500.00,100 גרם,false,,7.50,0.0150,true,1,53081
7290000060781,false,פסטה אסם פתיתים מסולסלים 500גר,קריות זול,,אסם פתיתים מסולסלים,גרמים,500.00,100 גרם,false,,6.00,0.0120,true,1,52336
7290000060828,false,פסטה קרניים בינוניות אסם 500 גרם,קריות זול,,אסם פתיתים קרניים 50,גרמים,500.00,100 גרם,false,,6.00,0.0120,true,1,59948
7290000060842,false,פסטה אסם פתיתים צדפים גדולים 500גר,קריות זול,,פסטה אסם פתיתים צדפי,גרמים,500.00,100 גרם,false,,6.00,0.0120,true,1,53386
7290000060859,false,פסטה אסם פתיתים צדפים קטנים 500גר,קריות זול,,פסטה אסם פתיתים צדפי,גרמים,500.00,100 גרם,false,,6.00,0.0120,true,1,53780
7290000060880,false,פסטה ספגטי מספר 8 אסם 500 גרם,קריות זול,,פסטה אסם ספגטי 500 ג,גרמים,500.00,100 גרם,false,,6.00,0.0120,true,1,53082
7290000060903,false,פסטה אסם פתיתים אפויים אורז 500גר,"אסם השקעות בע""\מ",,פסטה אסם פתיתים אפוי,גרמים,500.00,100 גרם,false,,7.50,0.0150,true,1,52337
7290000060927,false,פסטה אסם אטריות דקיק,זארה,,פסטה אסם אטריות דקיק,גרמים,250.00,100 גרם,false,,4.90,0.0196,true,1,52397
7290000060965,false,פסטה אסם אטריות רחבות 400גר,"אסם השקעות בע""\מ",,אסם אטריות רחבות 400,גרמים,400.00,100 גרם,false,,7.40,0.0185,true,1,52925
7290000060972,false,פסטה אסם אטריות דקיקות 400 גרם,קריות זול,,פסטה אסם אטריות דקיק,גרמים,400.00,100 גרם,false,,7.40,0.0185,true,1,52990
7290000061085,false,"רוטב צילי מתוק 290 מ""ל-בקבוק","אסם השקעות בע""\מ",,רוטב צילי מתוק 290,מיליליטרים,290.00,"100 מ""ל",false,,10.90,3.7586,true,1,52926
7290000061108,false,"רוטב טריאקי 290 מ""ל-בקבוק","אסם השקעות בע""\מ",,"רוטב טריאקי 290 מ""ל",מיליליטרים,290.00,"100 מ""ל",false,,10.90,3.7586,true,1,52338
7290000061214,false,פתיתים אפויים קוסקוס עם בצל אסם 500 גרם,"אסם השקעות בע""\מ",,פסטה אסם פתיתים קוסק,גרמים,500.00,100 גרם,false,,7.50,0.0150,true,1,52339
7290000061245,false,עוגיות שוקוצ'יפס במילוי שוקולד אסם 220 גרם,מיוצר עי קונדיטוריית,,עוגיות שוקוציפס ממול,גרמים,220.00,100 גרם,false,,11.00,0.0500,true,1,52927
7290000061283,false,שקדי מרק 400 גרם25%+חינם,"אסם השקעות בע""\מ",,שקדי מרק 400 גרם + 2,גרמים,500.00,100 גרם,false,,13.90,0.0278,true,1,169138
7290000061450,false,פתיתים אפויים קוסקוס 3 צבעים אסם 500 גרם,"אסם השקעות בע""\מ",,פסטה אסם פתיתים קוסק,גרמים,500.00,100 גרם,false,,7.50,0.0150,true,1,53083
7290000061764,false,קפה נמס מגורען רד מאג 200 גרם,נסטלה ספרד קפה,,רד מאג נסקפה 200 גרם,גרמים,200.00,100 גרם,false,,23.90,0.1195,true,1,52340
7290000062242,false,דובנים שמנת בצל 40 ג' אסם,"אסם השקעות בע""\מ",,דובונים שמנת בצל 40,יחידה,0.00,יחידה,false,,5.00,0.0000,true,1,76795
7290000062709,false,לחמית שיפון אריזת חס,אסם,,לחמית שיפון אריזת חס,גרמים,920.00,100 גרם,false,,26.90,0.0292,true,1,53387
7290000063140,false,שקדי מרק רכיבים טבעיים בשקית 400 ג' אסם,"אסם תעשיות בע""מ",,שקדי מרק רכיבים טבעי,גרמים,400.00,100 גרם,false,,12.90,0.0323,true,1,53026
7290000063157,false,"קמח עוגה תופח מאליו אסם 1 ק""ג","אסם השקעות בע""\מ",,קמח תופח מאליו אסם 1,קילוגרמים,1.00,"ק""ג",false,,9.90,9.9000,true,1,53027
7290000064544,false,פסטרמה עוף בגריל טיר,,,פסטרמה עוף בגריל טיר,קילוגרמים,1.00,"ק""ג",true,,80.00,80.0000,true,1,76610
7290000064773,false,טירת צבי נקניקיות עו,,,טירת צבי נקניקיות עו,קילוגרמים,1.00,"ק""ג",true,,25.90,25.9000,true,1,71460
7290000065090,false,מיני קרוטונים מתובלים למרק ולסלט אסם 400 גרם,עינת תעשיות מזון אגו,,מיני קורטונים למרק ו,גרמים,400.00,100 גרם,false,,22.90,0.0572,true,1,52345
7290000065335,false,אוסם - מנה חמה פירה עם ירקות 55 גרם,"אסם תעשיות בע""מ",,מנה חמה פירה עם ירקו,יחידה,0.00,יחידה,false,,7.00,0.0000,true,1,52346
7290000065540,false,אוסם - מנה חמה פסטה מוקרמת בטעם עוף 55 גרם,"אסם תעשיות בע""מ",,מנה חמה פסטה מוקרמת,יחידה,0.00,יחידה,false,,7.00,0.0000,true,1,52402
7290000065756,false,פסטרמה ברביקיו דל טי,,,פסטרמה ברביקיו דל טי,קילוגרמים,1.00,"ק""ג",true,,80.00,80.0000,true,1,160169
7290000065886,false,פסטרמה בגריל טירת צב,,,פסטרמה בגריל טירת צב,קילוגרמים,1.00,"ק""ג",true,,80.00,80.0000,true,1,71860
7290000065909,false,פסטרמה טבעית מעושנת,,,פסטרמה טבעית מעושנת,קילוגרמים,1.00,"ק""ג",true,,80.00,80.0000,true,1,71861
7290000066000,false,גב עוף.,,,גב עוף,קילוגרמים,1.00,"ק""ג",true,,2.90,2.9000,true,1,118392
7290000066001,false,גרון עוף.,,,גרון עוף,קילוגרמים,1.00,"ק""ג",true,,2.90,2.9000,true,1,118393
7290000066002,false,חזה עוף שלם,,,חזה עוף שלם,קילוגרמים,1.00,"ק""ג",true,,24.90,24.9000,true,1,118394
7290000066006,false,כבד עוף טרי,,,כבד עוף,קילוגרמים,1.00,"ק""ג",true,,19.90,19.9000,true,1,118398
7290000066007,false,כנפיים עוף.,,,כנפיים עוף,קילוגרמים,1.00,"ק""ג",true,,9.90,9.9000,true,1,118399
7290000066008,false,כרעיים עוף,,,כרעיים עוף,קילוגרמים,1.00,"ק""ג",true,,17.90,17.9000,true,1,118400
7290000066009,false,לב עוף טרי.,,,לב עוף,קילוגרמים,1.00,"ק""ג",true,,24.90,24.9000,true,1,118401
7290000066010,false,נתחי עוף לטחינה.,,,נתחי עוף,קילוגרמים,1.00,"ק""ג",true,,18.90,18.9000,true,1,118402
7290000066012,false,עוף שלם.,,,עוף שלם,קילוגרמים,1.00,"ק""ג",true,,14.90,14.9000,true,1,118404
7290000066013,false,פילה עוף.,,,פילה עוף,קילוגרמים,1.00,"ק""ג",true,,29.90,29.9000,true,1,118405
7290000066014,false,פרגית עוף.,,,פרגית עוף,קילוגרמים,1.00,"ק""ג",true,,39.90,39.9000,true,1,118406
7290000066016,false,שוקיים עוף.,,,שוקיים עוף,קילוגרמים,1.00,"ק""ג",true,,24.90,24.9000,true,1,118408
7290000066017,false,שניצל עוף פרימיום.,,,שניצל עוף פרימיום,קילוגרמים,1.00,"ק""ג",true,,34.90,34.9000,true,1,118409
7290000066018,false,אשכי הודו טרי.,,,אשכי הודו,קילוגרמים,1.00,"ק""ג",true,,119.90,119.9000,true,1,118413
7290000066019,false,גרון הודו.,,,גרון הודו,קילוגרמים,1.00,"ק""ג",true,,14.90,14.9000,true,1,118414
7290000066022,false,זנב הודו.,,,זנב הודו,קילוגרמים,1.00,"ק""ג",true,,5.90,5.9000,true,1,118417
7290000066023,false,חזה הודו.,,,חזה הודו,קילוגרמים,1.00,"ק""ג",true,,29.90,29.9000,true,1,118418
7290000066024,false,כבד הודו טרי.,,,כבד הודו,קילוגרמים,1.00,"ק""ג",true,,19.90,19.9000,true,1,118419
7290000066025,false,כנפיים הודו.,,,כנפיים הודו,קילוגרמים,1.00,"ק""ג",true,,11.90,11.9000,true,1,118420
7290000066027,false,לב הודו טרי.,,,לב הודו,קילוגרמים,1.00,"ק""ג",true,,19.90,19.9000,true,1,118422
7290000066030,false,שווארמה הודו טרי.,,,שווארמה הודו,קילוגרמים,1.00,"ק""ג",true,,49.90,49.9000,true,1,118425
7290000066032,false,שוקיים הודו.,,,שוקיים הודו,קילוגרמים,1.00,"ק""ג",true,,19.90,19.9000,true,1,118427
7290000066033,false,אוסובוקו כבש טרי,,,אוסובוקו כבש,קילוגרמים,1.00,"ק""ג",true,,69.90,69.9000,true,1,118429
7290000066034,false,אשכי כבש טרי.,,,אשכי כבש,קילוגרמים,1.00,"ק""ג",true,,49.90,49.9000,true,1,118430
7290000066035,false,חזה כבש עם עצם.,,,חזה כבש עם עצם,קילוגרמים,1.00,"ק""ג",true,,49.90,49.9000,true,1,118431
7290000066037,false,זנב כבש טרי.,,,זנב כבש,קילוגרמים,1.00,"ק""ג",true,,14.90,14.9000,true,1,118433
7290000066038,false,לב כבש.,,,לב כבש,קילוגרמים,1.00,"ק""ג",true,,29.90,29.9000,true,1,118434
7290000066040,false,כבד כבש טרי.,,,כבד כבש,קילוגרמים,1.00,"ק""ג",true,,29.90,29.9000,true,1,118436
7290000066041,false,כבש מפורק.,,,כבש מפורק,קילוגרמים,1.00,"ק""ג",true,,89.90,89.9000,true,1,118437
7290000066042,false,כבש שלם.,,,כבש שלם,קילוגרמים,1.00,"ק""ג",true,,59.90,59.9000,true,1,118438
7290000066043,false,כתף כבש.,,,כתף כבש,קילוגרמים,1.00,"ק""ג",true,,69.90,69.9000,true,1,118439
7290000066044,false,לייה כבש טרי.,,,לייה כבש,קילוגרמים,1.00,"ק""ג",true,,49.90,49.9000,true,1,118440
7290000066047,false,ניקור כבש.,,,ניקור כבש,קילוגרמים,1.00,"ק""ג",true,,24.90,24.9000,true,1,118443
7290000066048,false,צוואר כבש.,,,צוואר כבש,קילוגרמים,1.00,"ק""ג",true,,59.90,59.9000,true,1,118444
7290000066049,false,צלעות כבש טרי.,,,צלעות כבש,קילוגרמים,1.00,"ק""ג",true,,99.90,99.9000,true,1,118445
7290000066050,false,ראש כבש טרי.,,,ראש כבש,קילוגרמים,1.00,"ק""ג",true,,24.90,24.9000,true,1,118446
7290000066051,false,שוק כבש.,,,שוק כבש,קילוגרמים,1.00,"ק""ג",true,,69.90,69.9000,true,1,118447
7290000066054,false,אוסובוקו עגל טרי.,,,אוסובוקו עגל,קילוגרמים,1.00,"ק""ג",true,,49.90,49.9000,true,1,118468
7290000066055,false,אנטריקוט עגלה.,,,אנטריקוט עגל,קילוגרמים,1.00,"ק""ג",true,,109.90,109.9000,true,1,118469
7290000066056,false,אנטריקוט מופשר.,,,אנטריקוט מופשר,קילוגרמים,1.00,"ק""ג",true,,89.90,89.9000,true,1,118470
7290000066057,false,אנטריקוט עגל עם עצם.,,,אנטריקוט עגל עם עצם,קילוגרמים,1.00,"ק""ג",true,,89.90,89.9000,true,1,118471
7290000066058,false,אסאדו עגל.,,,אסאדו עגל,קילוגרמים,1.00,"ק""ג",true,,49.90,49.9000,true,1,118472
7290000066059,false,אשכי עגל,,,אשכי עגל,קילוגרמים,1.00,"ק""ג",true,,19.90,19.9000,true,1,118473
7290000066060,false,בשר עגל צעיר.,,,בשר עגל צעיר,קילוגרמים,1.00,"ק""ג",true,,59.90,59.9000,true,1,118474
7290000066061,false,בשר ראש,,,בשר ראש,קילוגרמים,1.00,"ק""ג",true,,34.90,34.9000,true,1,118475
7290000066062,false,זנב עגל טרי.,,,זנב עגל,קילוגרמים,1.00,"ק""ג",true,,29.90,29.9000,true,1,118476
7290000066064,false,בשר בקר טחון טרי.,,,בשר בקר טחון טרי,קילוגרמים,1.00,"ק""ג",true,,39.90,39.9000,true,1,118478
7290000066065,false,כבד עגל טרי,,,כבד עגל,קילוגרמים,1.00,"ק""ג",true,,19.90,19.9000,true,1,118479
7290000066066,false,כליות עגל טרי.,,,כליות עגל,קילוגרמים,1.00,"ק""ג",true,,9.90,9.9000,true,1,118480
7290000066067,false,לב עגל טרי.,,,לב עגל,קילוגרמים,1.00,"ק""ג",true,,19.90,19.9000,true,1,118481
7290000066068,false,לשון עגל טרי.,,,לשון עגל,קילוגרמים,1.00,"ק""ג",true,,39.90,39.9000,true,1,118482
7290000066070,false,שפיץ עגל.,,,שפיץ עגל,קילוגרמים,1.00,"ק""ג",true,,19.90,19.9000,true,1,118484
7290000066071,false,מוח עצם טרי.,,,מוח עצם,קילוגרמים,1.00,"ק""ג",true,,19.90,19.9000,true,1,118485
7290000066072,false,נתח קצבים.,,,נתח קצבים,קילוגרמים,1.00,"ק""ג",true,,79.90,79.9000,true,1,118486
7290000066073,false,סינטה עגלה.,,,סינטה עגל,קילוגרמים,1.00,"ק""ג",true,,89.90,89.9000,true,1,118487
7290000066074,false,פילה עגלה.,,,פילה עגל,קילוגרמים,1.00,"ק""ג",true,,129.90,129.9000,true,1,118488
7290000066080,false,קבב דבאח S,,,קבב דבאח,קילוגרמים,1.00,"ק""ג",true,,49.90,49.9000,true,1,119250
7290000066081,false,שאריות עוף,,,שאריות עוף,קילוגרמים,1.00,"ק""ג",true,,5.90,5.9000,true,1,119267
7290000066083,false,פיקאניה עגלה.,,,פיקאניה עגל,קילוגרמים,1.00,"ק""ג",true,,79.90,79.9000,true,1,120205
7290000066087,false,שווארמה עגל טרי.,,,שווארמה עגל טרי,קילוגרמים,1.00,"ק""ג",true,,59.90,59.9000,true,1,158548
7290000066089,false,שומן גב.,,,שומן גב,קילוגרמים,1.00,"ק""ג",true,,40.00,40.0000,true,1,138281
7290000066091,false,שפיץ שייטל.,,,שפיץ שייטל,קילוגרמים,1.00,"ק""ג",true,,69.90,69.9000,true,1,144684
7290000066093,false,סטייק טומהוק.,,,סטייק טומהוק,קילוגרמים,1.00,"ק""ג",true,,140.00,140.0000,true,1,154445
7290000066094,false,פלאנק סטייק.,,,פלאנק סטייק,קילוגרמים,1.00,"ק""ג",true,,69.90,69.9000,true,1,156647
7290000066095,false,בריסקט עגל למעשנת.,,,בריסקט עגל למעשנת,קילוגרמים,1.00,"ק""ג",true,,69.90,69.9000,true,1,156824
7290000066098,false,לחי עגל.,,,לחי עגל,קילוגרמים,1.00,"ק""ג",true,,39.90,39.9000,true,1,181544
7290000066100,false,סטייק טיבון עגל.,,,סטייק טיבון עגל,קילוגרמים,1.00,"ק""ג",true,,120.00,120.0000,true,1,176218
7290000066102,false,סטייק ניו יורק.,,,סטייק ניו יורק,קילוגרמים,1.00,"ק""ג",true,,100.00,100.0000,true,1,179772
7290000066134,false,ביסלי חטיף בטעם פלאפל אסם 70 גרם,"אסם השקעות בע""\מ",,ביסלי ט. פלאפל 70 גר,יחידה,0.00,יחידה,false,,4.90,0.0000,true,1,53313
7290000066141,false,ביסלי חטיף בטעם גריל אסם 70 גרם,"אסם השקעות בע""\מ",,ביסלי טעם גריל 70 גר,יחידה,0.00,יחידה,false,,4.90,0.0000,true,1,53125
7290000066165,false,ביסלי טעם ברביקיו 70,מיוצר עי קונדיטוריית,,ביסלי טעם ברביקיו 70,יחידה,0.00,יחידה,false,,4.90,0.0000,true,1,53126
7290000066172,false,ביסלי חטיף בטעם פיצה אסם 70 גרם,"אסם השקעות בע""\מ",,ביסלי ט.פיצה 70 גרם,יחידה,0.00,יחידה,false,,4.90,0.0000,true,1,53389
7290000066189,false,ביסלי חטיף בטעם פלאפל אסם 200 גרם,"אסם השקעות בע""\מ",,ביסלי גדול פלאפל 200,גרמים,200.00,100 גרם,false,,8.90,0.0445,true,1,53032
7290000066196,false,ביסלי חטיף בטעם גריל אסם 200 גרם,מיוצר עי קונדיטוריית,,ביסלי גדול טעם גריל,גרמים,200.00,100 גרם,false,,8.90,0.0445,true,1,59955
7290000066202,false,ביסלי ג.ט.בצל 190 גר,מיוצר עי קונדיטוריית,,ביסלי ג.ט.בצל 190 גר,גרמים,190.00,100 גרם,false,,8.90,0.0468,true,1,53033
7290000066219,false,ביסלי גדול בטעם ברבי,מיוצר עי קונדיטוריית,,ביסלי גדול בטעם ברבי,גרמים,200.00,100 גרם,false,,8.90,0.0445,true,1,53390
7290000066226,false,ביסלי חטיף בטעם פיצה אסם 200 גרם,מיוצר עי קונדיטוריית,,ביסלי טעם פיצה 200 ג,גרמים,200.00,100 גרם,false,,8.90,0.0445,true,1,53786
7290000066264,false,דובונים חטיף תפוחי אדמה אסם 40 גרם,"אסם השקעות בע""\מ",,חטיף דובונים 40 גרם,יחידה,0.00,יחידה,false,,5.00,0.0000,true,1,53391
7290000066295,false,במבה מתוקה מחומרים טבעיים 30 גרם,מיוצר עי קונדיטוריית,,אסם במבה תות מחומרים,יחידה,0.00,יחידה,false,,2.90,0.0000,true,1,53034
7290000066318,false,במבה חטיף בוטנים אסם 80 גרם,"אסם השקעות בע""\מ",,במבה 80 גרם,יחידה,0.00,יחידה,false,,5.00,0.0000,true,1,52350
7290000066332,false,אפרופו חטיף תירס אסם 50 גרם,מיוצר עי קונדיטוריית,,אפרופו 50 גרם,יחידה,0.00,יחידה,false,,5.50,0.0000,true,1,53393
7290000066431,false,פופקו חטיף פופקורן בטעם חמאה ודבש אסם 80 גרם,מיוצר עי קונדיטוריית,,פופקו חטיף 80 גרם,יחידה,0.00,יחידה,false,,5.50,0.0000,true,1,52408
7290000066943,false,סירופ ויטמינצ'יק ענבים1ל,בית-השיטה עסיס תעשיות מז,,ויטמינציק ענבים 1 לי,ליטרים,1.00,ליטר,false,,11.90,11.9000,true,1,53035
7290000066950,false,"ויטמינצ'יק סירופ תפו""ע1ל",בית-השיטה עסיס תעשיות מז,,"ויטמינציק תפו""ע 1 לי",ליטרים,1.00,ליטר,false,,11.90,11.9000,true,1,53127
7290000067070,false,עוג.מיני ממולא.שוקולד300,מיוצר עי קונדיטוריית,,עוגיות ממולאות בטעם,גרמים,300.00,100 גרם,false,,10.90,0.0363,true,1,53787
7290000067407,false,פרורית מתובלת בשקית 200 גרם,עינת תעשיות מזון אגו,,פירורית מתובל שקית 2,גרמים,200.00,100 גרם,false,,6.50,0.0325,true,1,53315
7290000067544,false,פירורית זהב פירורי לחם אסם 200 גרם,עינת תעשיות מזון אגו,,פירורית זהב שקית 200,גרמים,200.00,100 גרם,false,,6.50,0.0325,true,1,72034
7290000067599,false,מנה חמה ספגטי ברוטב בולונז אסם 65 גרם,"אסם השקעות בע""\מ",,מנה חמה ספגטי רוטב ב,יחידה,0.00,יחידה,false,,7.00,0.0000,true,1,52409
7290000068001,false,שיפודי פרגית קפוא אר,,,שיפודי פרגית דבאח,קילוגרמים,1.00,"ק""ג",true,,59.90,59.9000,true,1,118411
7290000068004,false,מוח כבש דבאח.,,,מוח כבש דבאח,קילוגרמים,1.00,"ק""ג",true,,59.90,59.9000,true,1,118451
7290000068006,false,צלעות כבש דבאח.,,,צלעות כבש דבאח,קילוגרמים,1.00,"ק""ג",true,,109.90,109.9000,true,1,118453
7290000068008,false,המבורגר על האש דבאח.,,,המבורגר על האש דבאח,קילוגרמים,1.00,"ק""ג",true,,49.90,49.9000,true,1,118455
7290000068009,false,זנב עגל דבאח.,,,זנב עגל דבאח,קילוגרמים,1.00,"ק""ג",true,,29.90,29.9000,true,1,118456
7290000068011,false,טחול ממולא דבאח.,,,טחול ממולא דבאח,קילוגרמים,1.00,"ק""ג",true,,49.90,49.9000,true,1,118458
7290000068012,false,לשון עגל דבאח.,,,לשון עגל דבאח,קילוגרמים,1.00,"ק""ג",true,,39.90,39.9000,true,1,118459
7290000068014,false,מוח עצם דבאח.,,,מוח עצם דבאח,קילוגרמים,1.00,"ק""ג",true,,19.90,19.9000,true,1,118461
7290000068015,false,מרגז קפוא דבאח.,,,מרגז קפוא דבאח,קילוגרמים,1.00,"ק""ג",true,,49.90,49.9000,true,1,118462
7290000068016,false,נקניקיות צ'וריסוס דב,,,נקניקיות צ'וריסוס דב,קילוגרמים,1.00,"ק""ג",true,,49.90,49.9000,true,1,118463
7290000068017,false,קבב ביתי דבאח.,,,קבב ביתי דבאח,קילוגרמים,1.00,"ק""ג",true,,49.90,49.9000,true,1,118464
7290000068019,false,קציצות הבית דבאח.,,,קציצות הבית דבאח,קילוגרמים,1.00,"ק""ג",true,,49.90,49.9000,true,1,118466
7290000068020,false,רגליים עגל דבאח.,,,רגליים עגל דבאח,קילוגרמים,1.00,"ק""ג",true,,19.90,19.9000,true,1,118467
7290000068022,false,שקדי עגל דבאח.,,,שקדי עגל דבאח,קילוגרמים,1.00,"ק""ג",true,,69.90,69.9000,true,1,121671
7290000068084,false,"אסם פתי בר 1.75 ק""ג",General,,"אסם פתי בר 1.75 ק""ג",קילוגרמים,1.75,"ק""ג",false,,22.90,13.0857,true,1,53037
7290000068138,false,אינסטנט פודינג בטעם וניל אסם 80 גרם,מיוצר עי קונדיטוריית,,אסם פודינג אינסטנט ו,יחידה,0.00,יחידה,false,,5.50,0.0000,true,1,52351
7290000068190,false,אסם ג'לי תות שדה צבעים טבעיים 90 גרם,מיוצר עי קונדיטוריית,,ג'לי תות 85 גרם,יחידה,0.00,יחידה,false,,6.60,0.0000,true,1,53398
7290000068206,false,אסם ג'לי משמש צבעים טבעיים 85 גרם,מיוצר עי קונדיטוריית,,ג'לי משמש 85 גרם,יחידה,0.00,יחידה,false,,6.60,0.0000,true,1,53129
7290000068237,false,אבקה להכנת ג'לי בטעם פטל אסם 85 גרם,מיוצר עי קונדיטוריית,,ג'לי פטל 85 גרם,יחידה,0.00,יחידה,false,,6.60,0.0000,true,1,53399
7290000068251,false,אבקה להכנת ג'לי בטעם אננס אסם 85 גרם,מיוצר עי קונדיטוריית,,ג'לי אננס 85 גרם,יחידה,0.00,יחידה,false,,6.60,0.0000,true,1,52410
7290000068585,false,גד גאודה עיזים משולש,,,גד גאודה עיזים משולש,קילוגרמים,1.00,"ק""ג",true,,140.00,140.0000,true,1,160222
7290000068701,false,אסם שקדי מרק רכיבים טבע.מיכל 400 גרם,"אסם תעשיות בע""מ",,אסם שקדי מרק במיכל 4,גרמים,400.00,100 גרם,false,,16.00,0.0400,true,1,52545
7290000068770,false,במבה יום הולדת חטיף בוטנים אסם 80 גרם,"אסם השקעות בע""\מ",,במבה יום הולדת 80 גר,יחידה,0.00,יחידה,false,,5.00,0.0000,true,1,52546
7290000068787,false,במבה יום הולדת חטיף בוטנים אסם 25 גרם,מיוצר עי קונדיטוריית,,במבה 25 גרם,יחידה,0.00,יחידה,false,,3.00,0.0000,true,1,52547
7290000069156,false,פילה סלמון נורווגי,,,פילה סלמון נורווגי,קילוגרמים,1.00,"ק""ג",true,,76.90,76.9000,true,1,156858
7290000069364,false,פריכונים מאורז מלא ללא תוספת סוכר אסם 140 גרם,"פרח תעשיות מזון בע""מ.",,פריכונים מאורז מלא ל,גרמים,140.00,100 גרם,false,,7.90,0.0564,true,1,53132
7290000069583,false,דלידג סטייק סלמון נו,,,דלידג סטייק סלומון נ,קילוגרמים,1.00,"ק""ג",true,,69.90,69.9000,true,1,56213
7290000069590,false,"סול ארוז 1ק""ג",,,"סול ארוז 1ק""ג",יחידה,0.00,יחידה,false,,27.90,0.0000,true,1,72645
7290000069609,false,חטיפי קרקר זעתר אסם 300 גרם,"אסם תעשיות בע""מ",,חטיפי קרקר זעתר 300,גרמים,300.00,100 גרם,false,,11.00,0.0367,true,1,53792
7290000069715,false,אוסם - חטיפי קרקר מלוח 300 גרם,"אסם תעשיות בע""מ",,חטיפי קרקר מלוח 300,גרמים,300.00,100 גרם,false,,11.00,0.0367,true,1,53401
7290000070308,false,אבקת מרק עוף אמיתי בשרי אסם 400 גרם,"אסם השקעות בע""\מ",,אבקת מרק עוף אמיתי 4,גרמים,400.00,100 גרם,false,,17.90,0.0447,true,1,59959
7290000070322,false,אבקת מרק פטריות רכיבים טבעיים אסם 400 גרם,"אסם השקעות בע""\מ",,מרק פטריות רכיבים טב,גרמים,400.00,100 גרם,false,,26.00,0.0650,true,1,52610
7290000071571,false,טירת צבי פסטרמה פרגי,,,טירת צבי פסטרמה פרגי,קילוגרמים,1.00,"ק""ג",true,,80.00,80.0000,true,1,71940
7290000072067,false,במבה חטיף בוטנים במילוי קרם חלבה 60 גרם,מיוצר עי קונדיטוריית,,במבה במילוי קרם חלבה,יחידה,0.00,יחידה,false,,5.00,0.0000,true,1,53042
7290000072227,false,רוטב סויה סגנון סיני,"אסם השקעות בע""\מ",,רוטב סויה סיני 290 מ,מיליליטרים,290.00,"100 מ""ל",false,,10.90,3.7586,true,1,53403
7290000072241,false,"רוטב פיצה 290 מ""ל-בקבוק","אסם השקעות בע""\מ",,רוטב פיצה-בקבוק 290,מיליליטרים,290.00,"100 מ""ל",false,,10.90,3.7586,true,1,53404
7290000072623,false,קטשופ אסם בקבוק לחיץ 750 גרם,"אסם תעשיות בע""מ",,אסם קטשופ 750 גרם,גרמים,750.00,100 גרם,false,,10.90,0.0145,true,1,53405
7290000072630,false,קטשופ אסם חריף 750 גרם-בקבוק,"אסם תעשיות בע""מ",,קטשופ חריף 750 גרם,גרמים,750.00,100 גרם,false,,13.90,0.0185,true,1,52554
7290000072753,false,קפה נמס מגורען טסטרס צ'ויס 200 גרם-,נסטלה קוריאה - קפה,,טייסטרס צויס 200 גרם,גרמים,200.00,100 גרם,false,,29.90,0.1495,true,1,53044
7290000072760,false,נסקפה טייסטרס צויס 100 גר אוריגנל,נסטלה קוריאה - קפה,,טייסטרס צויס 100 גרם,יחידה,0.00,יחידה,false,,24.90,0.0000,true,1,52555
7290000072777,false,קפה נמס מגורען נטול קפאין טסטרס צ'ויס 200 גרם,נסטלה קוריאה - קפה,,טייסטרס צויס נטול קפ,גרמים,200.00,100 גרם,false,,39.90,0.1995,true,1,53406
7290000072968,false,דגני בוקר סיני מיניס חיטה מלאה וקינמון נסטלה 500 גרם,נסטלה פולין דגני בוק,,סיני מיניס 500 גרם,גרמים,500.00,100 גרם,false,,25.90,0.0518,true,1,53136
7290000073415,false,אוסם - מנה חמה פסטה ברוטב פיצה 61 גרם,"אסם השקעות בע""\מ",,מנה חמה פסטה ברוטב פ,יחידה,0.00,יחידה,false,,7.00,0.0000,true,1,53957
7290000073750,false,מנה חמה נודלס אטר+ירקות טעם עוף 70 גרם,PUB FOODS PRESIDENT THAI,,מנה חמה נודלס ט.עוף,יחידה,0.00,יחידה,false,,7.50,0.0000,true,1,53045
7290000073767,false,מנה חמה נודלס אטר.+ירקות טעם בקר 70 גרם,PUB FOODS PRESIDENT THAI,,מנה חמה נודלס ט.בקר,יחידה,0.00,יחידה,false,,7.50,0.0000,true,1,53407
7290000073774,false,מנה חמה נודלס אטר+ירקות טעם צילי 70 גרם,טאי רזידנט,,מנה חמה נודלס טעם צי,יחידה,0.00,יחידה,false,,7.50,0.0000,true,1,53138
7290000074153,false,ביסקוויט פתי בר שוקולד אסם 500 גרם,מיוצר עי קונדיטוריית,,אסם פתי בר שוקו 500,גרמים,500.00,100 גרם,false,,13.90,0.0278,true,1,52558
7290000074184,false,ביסקוויט פתי בר אסם 500 גרם,"אסם השקעות בע""\מ",,אסם פתי בר בינוני 50,גרמים,500.00,100 גרם,false,,10.90,0.0218,true,1,59963
7290000074252,false,קרקר שומשון אסם 250 גרם,"אסם השקעות בע""\מ",,קרקר אסם שומשום 250,גרמים,250.00,100 גרם,false,,9.60,0.0384,true,1,53959
7290000074276,false,קרקר פיקנטי טבעון 250 ג' אסם,"אסם השקעות בע""\מ",,טבעון קרקר פיקנטי 25,גרמים,250.00,100 גרם,false,,9.90,0.0396,true,1,53321
7290000074290,false,לחמית סובין 250 גרם,"אסם השקעות בע""מ",,לחמית סובין 250 גרם,גרמים,320.00,100 גרם,false,,8.90,0.0278,true,1,53960
7290000074375,false,אוסם - קרקר זהב 150 גרם,"אסם השקעות בע""\מ",,קרקר זהב 150 גרם,גרמים,150.00,100 גרם,false,,7.00,0.0467,true,1,53049
7290000074481,false,לחמית אגוזים אסם 160 גרם,"אסם השקעות בע""\מ",,לחמית אגוזים 160 גרם,גרמים,160.00,100 גרם,false,,10.90,0.0681,true,1,52617
7290000074740,false,לחמית חיטה מלאה משופ,אסם,,לחמית חיטה מלאה משופ,יחידה,0.00,יחידה,false,,26.90,0.0000,true,1,53324
7290000074764,false,קרקר הזהב אסם 900 גרם,"אסם השקעות בע""\מ",,קרקר זהב 900 גרם,גרמים,900.00,100 גרם,false,,28.90,0.0321,true,1,53325
7290000074962,false,עוג.מיני שוקוצ'יפס 225גר,כרמית,,עוגיות שוקוציפס 225,גרמים,225.00,100 גרם,false,,10.90,0.0484,true,1,53667
7290000075143,false,אסם עוגיות שוקוצ'יפס קלאסי 200 גרם,מיוצר עי קונדיטוריית,,עוגיות שוקוציפס 200,גרמים,200.00,100 גרם,false,,11.00,0.0550,true,1,53051
7290000075204,false,אוסם - לחמית חיטה מלאה 250 גרם,"אסם השקעות בע""\מ",,לחמית חיטה מלאה 250,גרמים,250.00,100 גרם,false,,8.90,0.0356,true,1,59967
7290000075693,false,עוגת הבית שמרים בריוש שוקולד אסם 360 גרם,מיוצר עי קונדיטוריית,,עוגת שמרים בריוש שוק,גרמים,360.00,100 גרם,false,,16.90,0.0469,true,1,53669
7290000076126,false,אוסם - בייגלה שמיניות קטנות 80 גרם,"אסם השקעות בע""\מ",,בייגלה אסם שמיניות ק,יחידה,0.00,יחידה,false,,3.50,0.0000,true,1,169143
7290000076133,false,בייגלה שמיניות קטנות עם מלח אסם 400 גרם,"אסם השקעות בע""\מ",,בייגלה אסם שמיניות ק,גרמים,400.00,100 גרם,false,,11.00,0.0275,true,1,53054
7290000076645,false,טוסטעים פת קלויה חיטה מלאה אסם 100 גרם,ון דר מולן האלום,,טוסטעים חיטה מלאה 10,גרמים,100.00,100 גרם,false,,9.90,0.0990,true,1,53055
7290000077017,false,עוגיות קרמוגית במילוי קרם שוקולד אסם 200 גרם,מיוצר עי קונדיטוריית,,קרמוגית במילוי שוקול,גרמים,200.00,100 גרם,false,,11.00,0.0550,true,1,53328
7290000077253,false,אוסם - לחמית כפרית עם דגנים מלאים 190 גרם,"אסם השקעות בע""\מ",,לחמית כפרית עם דגנים,גרמים,190.00,100 גרם,false,,10.90,0.0574,true,1,53329
7290000077880,false,גבינת מוצרלה חצי קשה,,,גבינת מוצרלה חצי קשה,קילוגרמים,1.00,"ק""ג",true,,34.00,34.0000,true,1,154570
7290000077925,false,אסם טוסטים צנימים עגולים חטה.מלא 125 גרם,ון דר מולן האלום,,טוסטעים עגול חיטה מל,גרמים,125.00,100 גרם,false,,9.90,0.0792,true,1,53186
7290000078212,false,קרוטונים מתובלים למרק אסם 250 גרם,עינת תעשיות מזון אגו,,קרוטונים מתובלים 250,גרמים,250.00,100 גרם,false,,15.00,0.0600,true,1,53187
7290000078762,false,אוסם - חטיפי פריכונים מאורז מלא בטעם דבש 80גר,סנורייס בלגיום אן. ו,,חטיפי פריכונים מאורז,יחידה,0.00,יחידה,false,,7.50,0.0000,true,1,53330
7290000080758,false,אוסם - טוסטעים פת קלוי 100 גרם,ון דר מולן האלום,,טוסטעים פת קלוי,יחידה,0.00,יחידה,false,,9.90,0.0000,true,1,52624
7290000081663,false,"בייגלה טבעות שומשום אסם 300 גרם בד""ץ",מיוצר עי קונדיטוריית,,בייגלה אסם טבעות שומ,גרמים,300.00,100 גרם,false,,11.00,0.0367,true,1,53965
7290000089045,false,כפיר הולנדית 22%,,,כפיר הולנדית 22%,קילוגרמים,1.00,"ק""ג",true,,45.00,45.0000,true,1,76653
7290000089050,false,מקרל מעושן שלם,,,מקרל מעושן שלם,קילוגרמים,1.00,"ק""ג",true,,115.00,115.0000,true,1,109007
7290000089199,false,מקסיקני חריפה בלוק,,,כפיר צהובה חריפה 22%,קילוגרמים,1.00,"ק""ג",true,,50.00,50.0000,true,1,76654
7290000089274,false,נקניק מעושן מעדנייה,,,כפיר מעושנת נקניק,קילוגרמים,1.00,"ק""ג",true,,50.00,50.0000,true,1,76656
7290000089373,false,כפיר צהובה עם זיתים,,,כפיר צהובה עם זיתים,קילוגרמים,1.00,"ק""ג",true,,50.00,50.0000,true,1,76660
7290000092247,false,גבינת חלומי גד,,,גבינת חלומי גד,קילוגרמים,1.00,"ק""ג",true,,120.00,120.0000,true,1,158576
7290000092872,false,גד צפתית רכה במים מל,,,גד צפתית רכה במים מל,קילוגרמים,1.00,"ק""ג",true,,70.00,70.0000,true,1,76668
7290000095422,false,גבינת נועם 22% חריץ,,,"נעם גבנ""צ 22%",קילוגרמים,1.00,"ק""ג",true,,40.59,40.5900,true,1,87840
7290000100015,false,מאפה מתוק,,,מאפה מתוק,קילוגרמים,1.00,"ק""ג",true,,34.90,34.9000,true,1,76422
7290000100166,false,שייק סלק אננס ואוכמנ,"איי, בי, אינבוו",,סנפרוסט סמוטיז אדום,גרמים,300.00,100 גרם,false,,16.90,0.0563,true,1,155587
7290000100197,false,לקט אפונה תירס וגזר סנפרוסט 700 גרם,"סנפרוסט בע""\מ",,לקט אפונה תירס וגזר,גרמים,700.00,100 גרם,false,,17.90,0.0256,true,1,175911
7290000100205,false,פקאן בקליפה,,,פקאן בקליפה,קילוגרמים,1.00,"ק""ג",true,,40.00,40.0000,true,1,60902
7290000100410,false,מאפה מלוח,,,מאפה מלוח,קילוגרמים,1.00,"ק""ג",true,,34.90,34.9000,true,1,76427
7290000101000,false,קבוקים,,,קבוקים,קילוגרמים,1.00,"ק""ג",true,,20.00,20.0000,true,1,61116
7290000101001,false,בוטנים קלוי,,,בוטנים קלוי,קילוגרמים,1.00,"ק""ג",true,,40.00,40.0000,true,1,61117
7290000101003,false,חומוס קלוי,,,חומוס קלוי,קילוגרמים,1.00,"ק""ג",true,,30.00,30.0000,true,1,61499
7290000101004,false,שקדים קלוי,,,שקדים קלוי,קילוגרמים,1.00,"ק""ג",true,,70.00,70.0000,true,1,60942
7290000101005,false,תערובת אקסטרא,,,תערובת אקסטרא,קילוגרמים,1.00,"ק""ג",true,,70.00,70.0000,true,1,61118
7290000101006,false,בונדוק קלוי,,,בונדוק קלוי,קילוגרמים,1.00,"ק""ג",true,,70.00,70.0000,true,1,61257
7290000101008,false,קשיו קלוי,,,קשיו קלוי,קילוגרמים,1.00,"ק""ג",true,,70.00,70.0000,true,1,60906
7290000101009,false,גרעינים לבנים קלוי,,,גרעינים לבנים,קילוגרמים,1.00,"ק""ג",true,,35.00,35.0000,true,1,60976
7290000101012,false,פיסטוק חלבי קלוי,,,פיסטוק חלבי קלוי,קילוגרמים,1.00,"ק""ג",true,,70.00,70.0000,true,1,60977
7290000101013,false,גרעיני דבאח,,,גרעיני דבאח,קילוגרמים,1.00,"ק""ג",true,,20.00,20.0000,true,1,61502
7290000101016,false,בוטן אמריקאי,,,בוטן אמריקאי,קילוגרמים,1.00,"ק""ג",true,,25.00,25.0000,true,1,61258
7290000101017,false,פיסטוק חלבי מקולף,,,פיסטוק חלבי מקולף,קילוגרמים,1.00,"ק""ג",true,,150.00,150.0000,true,1,61503
7290000101018,false,פקאן סיני מסוכר,,,פקאן סיני מסוכר,קילוגרמים,1.00,"ק""ג",true,,80.00,80.0000,true,1,61188
7290000101019,false,צנובר סיני גדול,,,צנובר סיני גדול,קילוגרמים,1.00,"ק""ג",true,,200.00,200.0000,true,1,60908
7290000101021,false,אגוז מלך,,,אגוז מלך,קילוגרמים,1.00,"ק""ג",true,,50.00,50.0000,true,1,61189
7290000101022,false,פקאן טבעי,,,פקאן טבעי,קילוגרמים,1.00,"ק""ג",true,,90.00,90.0000,true,1,61190
7290000101025,false,שקד טבעי,,,שקד טבעי,קילוגרמים,1.00,"ק""ג",true,,60.00,60.0000,true,1,60909
7290000101026,false,שקד חצאים,,,שקד חצאים,קילוגרמים,1.00,"ק""ג",true,,60.00,60.0000,true,1,60910
7290000101027,false,שקד חתוך גפרורים,,,שקד חתוך גפרורים,קילוגרמים,1.00,"ק""ג",true,,60.00,60.0000,true,1,60911
7290000101028,false,שקד פרוסות,,,שקד פרוסות,קילוגרמים,1.00,"ק""ג",true,,70.00,70.0000,true,1,60945
7290000101030,false,שעועית לבנה,,,שעועית לבנה,קילוגרמים,1.00,"ק""ג",true,,10.00,10.0000,true,1,61192
7290000101031,false,פול ירוק,,,פול ירוק,קילוגרמים,1.00,"ק""ג",true,,15.00,15.0000,true,1,60946
7290000101032,false,שיבולת שועל עבה,,,שיבולת שועל עבה,קילוגרמים,1.00,"ק""ג",true,,7.00,7.0000,true,1,61047
7290000101033,false,עדשים אוסטרלים,,,עדשים אוסטרלים,קילוגרמים,1.00,"ק""ג",true,,10.00,10.0000,true,1,60947
7290000101034,false,שעועית שחורה,,,שעועית שחורה,קילוגרמים,1.00,"ק""ג",true,,12.00,12.0000,true,1,61119
7290000101035,false,עדשים קנדי גדול,,,עדשים קנדי גדול,קילוגרמים,1.00,"ק""ג",true,,10.00,10.0000,true,1,61259
7290000101036,false,חמנייה מקולפת,,,חמנייה מקולפת,קילוגרמים,1.00,"ק""ג",true,,25.00,25.0000,true,1,60948
7290000101037,false,גרעיני דלעת מקולפת,,,גרעיני דלעת מקולפת,קילוגרמים,1.00,"ק""ג",true,,40.00,40.0000,true,1,60979
7290000101039,false,עדשים אדומות,,,עדשים אדומות,קילוגרמים,1.00,"ק""ג",true,,10.00,10.0000,true,1,60980
7290000101040,false,שומשום אדום טורקי,,,שומשום אדום טורקי,קילוגרמים,1.00,"ק""ג",true,,20.00,20.0000,true,1,61048
7290000101041,false,בורגול דק,,,בורגול דק,קילוגרמים,1.00,"ק""ג",true,,5.00,5.0000,true,1,61120
7290000101042,false,בורגול בנוני,,,בורגול עבה,קילוגרמים,1.00,"ק""ג",true,,5.00,5.0000,true,1,60981
7290000101044,false,עדשים קנדי קטן,,,עדשים קנדי קטן,קילוגרמים,1.00,"ק""ג",true,,10.00,10.0000,true,1,60949
7290000101045,false,פשתן,,,פשתן,קילוגרמים,1.00,"ק""ג",true,,7.00,7.0000,true,1,61505
7290000101047,false,קוקוס טחון,,,קוקוס טחון,קילוגרמים,1.00,"ק""ג",true,,20.00,20.0000,true,1,60983
7290000101048,false,לוביה,,,לוביה,קילוגרמים,1.00,"ק""ג",true,,15.00,15.0000,true,1,60951
7290000101049,false,שעועית אדומה,,,שעועית אדומה,קילוגרמים,1.00,"ק""ג",true,,15.00,15.0000,true,1,61193
7290000101050,false,קינואה לבנה,,,קינואה,קילוגרמים,1.00,"ק""ג",true,,20.00,20.0000,true,1,60912
7290000101051,false,קינמון שלם,,,קינמון שלם,קילוגרמים,1.00,"ק""ג",true,,25.00,25.0000,true,1,60952
7290000101052,false,שום פרוס פליקס,,,שום פרוס פליקס,קילוגרמים,1.00,"ק""ג",true,,70.00,70.0000,true,1,61260
7290000101053,false,תבלין פלאפל,,,תבלין פלאפל,קילוגרמים,1.00,"ק""ג",true,,50.00,50.0000,true,1,60984
7290000101054,false,תבלין על האש,,,תבלין על האש,קילוגרמים,1.00,"ק""ג",true,,60.00,60.0000,true,1,61049
7290000101055,false,פלפל שחור גרוס,,,פלפל שחור גרוס,קילוגרמים,1.00,"ק""ג",true,,60.00,60.0000,true,1,61506
7290000101056,false,אבקת עמבה,,,אבקת עמבה,קילוגרמים,1.00,"ק""ג",true,,40.00,40.0000,true,1,61050
7290000101057,false,תבלין שווארמה,,,תבלין שווארמה,קילוגרמים,1.00,"ק""ג",true,,60.00,60.0000,true,1,60985
7290000101058,false,תבלין אורז רגיל,,,תבלין אורז רגיל,קילוגרמים,1.00,"ק""ג",true,,100.00,100.0000,true,1,61194
7290000101059,false,אגוז מוסקט טחון,,,אגוז מוסקט טחון,קילוגרמים,1.00,"ק""ג",true,,100.00,100.0000,true,1,61261
7290000101060,false,פלפל שחור טחון,,,פלפל שחור טחון,קילוגרמים,1.00,"ק""ג",true,,50.00,50.0000,true,1,60913
7290000101061,false,פלפל סודני גרוס,,,פלפל סודני גרוס,קילוגרמים,1.00,"ק""ג",true,,40.00,40.0000,true,1,61262
7290000101062,false,זנגביל טחון,,,זנגביל טחון,קילוגרמים,1.00,"ק""ג",true,,60.00,60.0000,true,1,60953
7290000101063,false,גריל עוף,,,גריל עוף,קילוגרמים,1.00,"ק""ג",true,,60.00,60.0000,true,1,61121
7290000101064,false,היל שלם קלוי,,,היל שלם קלוי,קילוגרמים,1.00,"ק""ג",true,,200.00,200.0000,true,1,61051
7290000101065,false,סחוג מוכן,,,סחוג מוכן,קילוגרמים,1.00,"ק""ג",true,,60.00,60.0000,true,1,61507
7290000101066,false,כמון טחון,,,כמון טחון,קילוגרמים,1.00,"ק""ג",true,,40.00,40.0000,true,1,60954
7290000101067,false,אגוז מוסקט שלם,,,אגוז מוסקט שלם,קילוגרמים,1.00,"ק""ג",true,,120.00,120.0000,true,1,60955
7290000101068,false,תבלין ירקות בתנור,,,תבלין ירקות בתנור,קילוגרמים,1.00,"ק""ג",true,,60.00,60.0000,true,1,60956
7290000101069,false,גרגירי חרדל צהוב,,,גרגירי חרדל צהוב,קילוגרמים,1.00,"ק""ג",true,,50.00,50.0000,true,1,61052
7290000101070,false,עגבניות שרי אשכולות,יושלם,,כורכום טחון,קילוגרמים,1.00,"ק""ג",true,,30.00,30.0000,true,1,61053
7290000101071,false,חורנג'אן,,,חורנג'אן,קילוגרמים,1.00,"ק""ג",true,,60.00,60.0000,true,1,61508
7290000101072,false,פרג שלם,,,פרג שלם,קילוגרמים,1.00,"ק""ג",true,,40.00,40.0000,true,1,61263
7290000101073,false,ציפורן שלם,,,ציפורן שלם,קילוגרמים,1.00,"ק""ג",true,,120.00,120.0000,true,1,60986
7290000101074,false,פלפל אנגלי טחון,,,פלפל אנגלי טחון,קילוגרמים,1.00,"ק""ג",true,,45.00,45.0000,true,1,61122
7290000101075,false,שמיר יבש,,,שמיר יבש,קילוגרמים,1.00,"ק""ג",true,,120.00,120.0000,true,1,60987
7290000101076,false,תבלין לפיצה,,,תבלין לפיצה,קילוגרמים,1.00,"ק""ג",true,,50.00,50.0000,true,1,60988
7290000101077,false,רוזמרין,,,רוזמרין,קילוגרמים,1.00,"ק""ג",true,,50.00,50.0000,true,1,61264
7290000101078,false,"קמומיל בבונג""",,,קמומיל בבונג,קילוגרמים,1.00,"ק""ג",true,,100.00,100.0000,true,1,60957
7290000101079,false,פלפל סודני שלם,,,פלפל סודני שלם,קילוגרמים,1.00,"ק""ג",true,,40.00,40.0000,true,1,61054
7290000101080,false,קינמון טחון,,,קינמון טחון,קילוגרמים,1.00,"ק""ג",true,,50.00,50.0000,true,1,61123
7290000101081,false,שום גבישי,,,שום גבישי,קילוגרמים,1.00,"ק""ג",true,,60.00,60.0000,true,1,60914
7290000101082,false,קימל שלם,,,קימל שלם,קילוגרמים,1.00,"ק""ג",true,,40.00,40.0000,true,1,61509
7290000101083,false,כוסברה טחונה,,,כוסברה טחונה,קילוגרמים,1.00,"ק""ג",true,,50.00,50.0000,true,1,61055
7290000101084,false,פפריקה חריפה,,,פפריקה חריפה,קילוגרמים,1.00,"ק""ג",true,,30.00,30.0000,true,1,60958
7290000101085,false,פלפל לבן טחון,,,פלפל לבן טחון,קילוגרמים,1.00,"ק""ג",true,,100.00,100.0000,true,1,61124
7290000101086,false,קארי,,,קארי,קילוגרמים,1.00,"ק""ג",true,,40.00,40.0000,true,1,61125
7290000101087,false,קצח,,,קצח,קילוגרמים,1.00,"ק""ג",true,,30.00,30.0000,true,1,61265
7290000101088,false,עלי מרווה,,,עלי מרווה,קילוגרמים,1.00,"ק""ג",true,,100.00,100.0000,true,1,61126
7290000101089,false,עלי נענע,,,עלי נענע,קילוגרמים,1.00,"ק""ג",true,,100.00,100.0000,true,1,61510
7290000101090,false,פלפל ארבעת העונות,,,פלפל ארבעת העונות,קילוגרמים,1.00,"ק""ג",true,,150.00,150.0000,true,1,61195
7290000101091,false,בהרט,,,בהרט,קילוגרמים,1.00,"ק""ג",true,,70.00,70.0000,true,1,61127
7290000101092,false,עלי לואיזה,,,עלי לואיזה,קילוגרמים,1.00,"ק""ג",true,,200.00,200.0000,true,1,61056
7290000101093,false,תבלין פילדלפיה,,,תבלין פילדלפיה,קילוגרמים,1.00,"ק""ג",true,,60.00,60.0000,true,1,61511
7290000101094,false,ינסון שלם,,,ינסון שלם,קילוגרמים,1.00,"ק""ג",true,,50.00,50.0000,true,1,61128
7290000101095,false,זעתר בלדי,,,זעתר בלדי,קילוגרמים,1.00,"ק""ג",true,,50.00,50.0000,true,1,60959
7290000101096,false,כוסברה שלמה,,,כוסברה שלמה,קילוגרמים,1.00,"ק""ג",true,,30.00,30.0000,true,1,61266
7290000101097,false,תבלין צ'יקן,,,תבלין צ'יקן,קילוגרמים,1.00,"ק""ג",true,,50.00,50.0000,true,1,60960
7290000101098,false,גריל דג,,,גריל דג,קילוגרמים,1.00,"ק""ג",true,,60.00,60.0000,true,1,61196
7290000101099,false,ציפורן טחון,,,ציפורן טחון,קילוגרמים,1.00,"ק""ג",true,,110.00,110.0000,true,1,60989
7290000101100,false,עלי פטרוזיליה,,,עלי פטרוזיליה,קילוגרמים,1.00,"ק""ג",true,,100.00,100.0000,true,1,61129
7290000101102,false,ראס אלחנות,,,ראס אלחנות,קילוגרמים,1.00,"ק""ג",true,,100.00,100.0000,true,1,61057
7290000101104,false,היל שלם גמבו,,,היל שלם,קילוגרמים,1.00,"ק""ג",true,,200.00,200.0000,true,1,61267
7290000101105,false,חילבה טחון,,,חילבה טחון,קילוגרמים,1.00,"ק""ג",true,,30.00,30.0000,true,1,61513
7290000101106,false,פפריקה מתוקה בשמן,,,פפריקה מתוקה בשמן,קילוגרמים,1.00,"ק""ג",true,,30.00,30.0000,true,1,60990
7290000101107,false,תבלין קבב,,,תבלין קבב,קילוגרמים,1.00,"ק""ג",true,,100.00,100.0000,true,1,60991
7290000101108,false,פלפל אנגלי שלם,,,פלפל אנגלי שלם,קילוגרמים,1.00,"ק""ג",true,,60.00,60.0000,true,1,60915
7290000101109,false,אורגנו,,,אורגנו,קילוגרמים,1.00,"ק""ג",true,,40.00,40.0000,true,1,60916
7290000101114,false,תרומה לבית אלמוג שיל,,,עלי מיורן,קילוגרמים,1.00,"ק""ג",true,,80.00,80.0000,true,1,61059
7290000101115,false,"ורדים ""קרקדיה""",,,"ורדים ""קרקדיה""",קילוגרמים,1.00,"ק""ג",true,,100.00,100.0000,true,1,61060
7290000101116,false,עלי זעתר,,,עלי זעתר,קילוגרמים,1.00,"ק""ג",true,,100.00,100.0000,true,1,61268
7290000101117,false,בזיליקום,,,בזיליקום,קילוגרמים,1.00,"ק""ג",true,,70.00,70.0000,true,1,61197
7290000101118,false,זנגביל שלם,,,זנגביל שלם,קילוגרמים,1.00,"ק""ג",true,,60.00,60.0000,true,1,60993
7290000101120,false,כמון שלם,,,כמון שלם,קילוגרמים,1.00,"ק""ג",true,,50.00,50.0000,true,1,60918
7290000101121,false,פלפל שחור שלם,,,פלפל שחור שלם,קילוגרמים,1.00,"ק""ג",true,,40.00,40.0000,true,1,61130
7290000101122,false,קימל טחון,,,קימל טחון,קילוגרמים,1.00,"ק""ג",true,,40.00,40.0000,true,1,61198
7290000101123,false,מלח לימון,,,מלח לימון,קילוגרמים,1.00,"ק""ג",true,,10.00,10.0000,true,1,61061
7290000101125,false,עדשים שחורות,,,עדשים שחורות,קילוגרמים,1.00,"ק""ג",true,,15.00,15.0000,true,1,61270
7290000101127,false,חומוס,,,חומוס,קילוגרמים,1.00,"ק""ג",true,,10.00,10.0000,true,1,61062
7290000101128,false,אפונה חצאים,,,אפונה חצאים,קילוגרמים,1.00,"ק""ג",true,,8.00,8.0000,true,1,60994
7290000101129,false,שומשום לבן,,,שומשום לבן,קילוגרמים,1.00,"ק""ג",true,,20.00,20.0000,true,1,61514
7290000101131,false,כוסמת חומה,,,כוסמת,קילוגרמים,1.00,"ק""ג",true,,10.00,10.0000,true,1,61063
7290000101132,false,לקט קטניות לחמין סנפרוסט 800 גר,"סנפרוסט בע""\מ",,סנפרוסט לקט קטניות ל,יחידה,0.00,יחידה,false,,22.90,0.0000,true,1,154898
7290000101133,false,תורמוס מתוק,,,תורמוס מתוק,קילוגרמים,1.00,"ק""ג",true,,8.00,8.0000,true,1,60995
7290000101135,false,פול מצרי קטן,,,פול מצרי קטן,קילוגרמים,1.00,"ק""ג",true,,7.00,7.0000,true,1,61271
7290000101136,false,שעועית בובס,,,שעועית בובס,קילוגרמים,1.00,"ק""ג",true,,20.00,20.0000,true,1,61200
7290000101137,false,תאנים,,,תאנים,קילוגרמים,1.00,"ק""ג",true,,40.00,40.0000,true,1,61272
7290000101138,false,תמרים מג'הול שקיל,,,תמרים מג'הול שקיל,קילוגרמים,1.00,"ק""ג",true,,30.00,30.0000,true,1,60919
7290000101139,false,משמש,,,משמש,קילוגרמים,1.00,"ק""ג",true,,30.00,30.0000,true,1,61131
7290000101140,false,צימוק גדול ג'מבו,,,צימוקים ג'מבו,קילוגרמים,1.00,"ק""ג",true,,40.00,40.0000,true,1,61201
7290000101143,false,חליטת סיידר חם,,,חליטת סיידר חם,קילוגרמים,1.00,"ק""ג",true,,70.00,70.0000,true,1,61273
7290000101145,false,תערובת אורז מדרס,,,תערובת אורז מדרס,קילוגרמים,1.00,"ק""ג",true,,70.00,70.0000,true,1,61274
7290000101146,false,זנגביל דל סוכר,,,זנגביל דל סוכר,קילוגרמים,1.00,"ק""ג",true,,40.00,40.0000,true,1,60997
7290000101147,false,תערובת אורז פרסי,,,תערובת אורז פרסי,קילוגרמים,1.00,"ק""ג",true,,70.00,70.0000,true,1,60920
7290000101148,false,מלח אטלנטי מתובל,,,מלח אטלנטי מתובל,קילוגרמים,1.00,"ק""ג",true,,50.00,50.0000,true,1,61275
7290000101151,false,תבלין סלט יווני,,,תבלין סלט יווני,קילוגרמים,1.00,"ק""ג",true,,70.00,70.0000,true,1,60964
7290000101154,false,לימונית,,,לימונית,קילוגרמים,1.00,"ק""ג",true,,100.00,100.0000,true,1,61276
7290000101156,false,אפונה מטוגנת,,,אפונה מטוגנת,קילוגרמים,1.00,"ק""ג",true,,30.00,30.0000,true,1,61277
7290000101157,false,תבלין שניצל,,,תבלין שניצל,קילוגרמים,1.00,"ק""ג",true,,60.00,60.0000,true,1,61515
7290000101159,false,פריקה,,,פריקה,קילוגרמים,1.00,"ק""ג",true,,15.00,15.0000,true,1,61202
7290000101161,false,תבלין חוויאג' למרק,,,תבלין חוויאג' למרק,קילוגרמים,1.00,"ק""ג",true,,50.00,50.0000,true,1,61203
7290000101163,false,מחלב,,,מחלב,קילוגרמים,1.00,"ק""ג",true,,200.00,200.0000,true,1,60921
7290000101165,false,תבלין קובה,,,תבלין קובה,קילוגרמים,1.00,"ק""ג",true,,70.00,70.0000,true,1,61135
7290000101167,false,קשיו טבעי,,,קשיו טבעי,קילוגרמים,1.00,"ק""ג",true,,50.00,50.0000,true,1,60922
7290000101168,false,פיסטוק חלבי טבעי,,,פיסטוק חלבי טבעי,קילוגרמים,1.00,"ק""ג",true,,65.00,65.0000,true,1,61205
7290000101169,false,גרעינים שחורים טבעי,,,גרעינים שחורים טבעי,קילוגרמים,1.00,"ק""ג",true,,15.00,15.0000,true,1,60999
7290000101171,false,בוטנים טבעי,,,בוטנים טבעי,קילוגרמים,1.00,"ק""ג",true,,30.00,30.0000,true,1,60923
7290000101173,false,עלי דפנה,,,עלי דפנה,קילוגרמים,1.00,"ק""ג",true,,50.00,50.0000,true,1,60965
7290000101175,false,גרעיני אבטיח קלוי,,,גרעיני אבטיח קלוי,קילוגרמים,1.00,"ק""ג",true,,50.00,50.0000,true,1,61279
7290000101176,false,כוכבי אניס,,,כוכבי אניס,קילוגרמים,1.00,"ק""ג",true,,100.00,100.0000,true,1,61516
7290000101177,false,חיטה לחמין,,,חיטה לחמין,קילוגרמים,1.00,"ק""ג",true,,6.00,6.0000,true,1,61280
7290000101179,false,קינמון שלם עגול 8 סמ,,,"קינמון עגול 8 ס""מ",קילוגרמים,1.00,"ק""ג",true,,50.00,50.0000,true,1,60924
7290000101180,false,אבקת שום,,,אבקת שום,קילוגרמים,1.00,"ק""ג",true,,60.00,60.0000,true,1,61067
7290000101183,false,אגוז מלך בקליפה,,,אגוז מלך בקליפה,קילוגרמים,1.00,"ק""ג",true,,30.00,30.0000,true,1,61001
7290000101184,false,מנצ'יס,,,מנצ'יס,קילוגרמים,1.00,"ק""ג",true,,35.00,35.0000,true,1,61517
7290000101198,false,מלח ים אטלנטי,,,מלח ים אטלנטי,קילוגרמים,1.00,"ק""ג",true,,40.00,40.0000,true,1,96751
7290000101200,false,תבלין לחמוצים,,,תבלין לחמוצים,קילוגרמים,1.00,"ק""ג",true,,70.00,70.0000,true,1,61068
7290000101201,false,סודה לשתייה,,,סודה לשתייה,קילוגרמים,1.00,"ק""ג",true,,10.00,10.0000,true,1,61069
7290000101205,false,חומוס ענק,,,חומוס ענק,קילוגרמים,1.00,"ק""ג",true,,15.00,15.0000,true,1,61004
7290000101208,false,תערובת שקשוקה,,,תערובת שקשוקה,קילוגרמים,1.00,"ק""ג",true,,60.00,60.0000,true,1,186652
7290000101209,false,תערובת חביתות,,,תערובת חביתות,קילוגרמים,1.00,"ק""ג",true,,80.00,80.0000,true,1,61518
7290000101212,false,מונוסודיום,,,מונוסודיום,קילוגרמים,1.00,"ק""ג",true,,25.00,25.0000,true,1,61282
7290000101213,false,אבקת בצל,,,אבקת בצל,קילוגרמים,1.00,"ק""ג",true,,50.00,50.0000,true,1,61283
7290000101214,false,תה ירוק,,,תה ירוק,קילוגרמים,1.00,"ק""ג",true,,50.00,50.0000,true,1,60927
7290000101215,false,תערובת אורז מקסיקני,,,תערובת אורז מקסיקני,קילוגרמים,1.00,"ק""ג",true,,70.00,70.0000,true,1,60971
7290000101216,false,תערובת אורז בדווי,,,תערובת אורז בדווי,קילוגרמים,1.00,"ק""ג",true,,70.00,70.0000,true,1,61519
7290000101218,false,פפריקה מעושנת,,,פפריקה מעושנת,קילוגרמים,1.00,"ק""ג",true,,50.00,50.0000,true,1,61136
7290000101220,false,תבלין מעורב ירושלמי,,,תבלין מעורב ירושלמי,קילוגרמים,1.00,"ק""ג",true,,50.00,50.0000,true,1,61284
7290000101221,false,"תבלין השחמה קיג""יין",,,"תבלין השחמה קיג""יין",קילוגרמים,1.00,"ק""ג",true,,60.00,60.0000,true,1,61137
7290000101222,false,תבלין רוסטביף,,,תבלין רוסטביף,קילוגרמים,1.00,"ק""ג",true,,60.00,60.0000,true,1,61138
7290000101223,false,תערובת פיצוחים א,,,תערובת פיצוחים א,קילוגרמים,1.00,"ק""ג",true,,50.00,50.0000,true,1,61209
7290000101224,false,עלי כוסברה,,,עלי כוסברה,קילוגרמים,1.00,"ק""ג",true,,90.00,90.0000,true,1,61285
7290000101227,false,פפריקה מתוקה גרוסה,,,פפריקה מתוקה גרוסה,קילוגרמים,1.00,"ק""ג",true,,35.00,35.0000,true,1,61210
7290000101228,false,סומק בלדי,,,סומק בלדי,קילוגרמים,1.00,"ק""ג",true,,50.00,50.0000,true,1,61006
7290000101229,false,שזיפים מגולענים,,,שזיפים מגולענים,קילוגרמים,1.00,"ק""ג",true,,40.00,40.0000,true,1,60928
7290000101233,false,פלפל לימון,,,פלפל לימון,קילוגרמים,1.00,"ק""ג",true,,80.00,80.0000,true,1,60929
7290000101235,false,תערובת שום שמיר,,,תערובת שום שמיר,קילוגרמים,1.00,"ק""ג",true,,100.00,100.0000,true,1,93009
7290000101280,false,זופה,,,זופה,קילוגרמים,1.00,"ק""ג",true,,149.00,149.0000,true,1,114763
7290000101300,false,חמוציות,,,חמוציות,קילוגרמים,1.00,"ק""ג",true,,35.00,35.0000,true,1,60930
7290000101302,false,תירס פופקורן,,,תירס פופקורן,קילוגרמים,1.00,"ק""ג",true,,7.00,7.0000,true,1,154899
7290000101304,false,תבלין פסטה איטלקי,,,תבלין פסטה איטלקי,קילוגרמים,1.00,"ק""ג",true,,60.00,60.0000,true,1,61521
7290000101305,false,פלפל מתוק שלם,,,פלפל מתוק שלם,קילוגרמים,1.00,"ק""ג",true,,30.00,30.0000,true,1,61070
7290000101306,false,תבלין גולש,,,תבלין גולש,קילוגרמים,1.00,"ק""ג",true,,60.00,60.0000,true,1,61211
7290000101308,false,"זרעי צ""יה",,,"זרעי צ""יה",קילוגרמים,1.00,"ק""ג",true,,30.00,30.0000,true,1,61007
7290000101309,false,תערובת אורז בורה בור,,,תערובת אורז בורה בור,קילוגרמים,1.00,"ק""ג",true,,69.00,69.0000,true,1,61071
7290000101310,false,תערובת אורז מדגסקאר,,,תערובת אורז מדגסקאר,קילוגרמים,1.00,"ק""ג",true,,79.00,79.0000,true,1,61287
7290000101311,false,לימון פרסי בהיר,,,לימון פרסי בהיר,קילוגרמים,1.00,"ק""ג",true,,80.00,80.0000,true,1,61212
7290000101312,false,שומר שלם,,,שומר שלם,קילוגרמים,1.00,"ק""ג",true,,35.00,35.0000,true,1,61522
7290000101319,false,תבלין צ'מיצ'ורי,,,תבלין צ'מיצ'ורי,קילוגרמים,1.00,"ק""ג",true,,80.00,80.0000,true,1,60973
7290000101326,false,פלפל חריף שלם,,,פלפל חריף שלם,קילוגרמים,1.00,"ק""ג",true,,30.00,30.0000,true,1,60931
7290000101327,false,פיקלס/לפת,,,פיקלס/לפת,קילוגרמים,1.00,"ק""ג",true,,25.00,25.0000,true,1,61151
7290000101331,false,קראנץ צ'ילי,,,קראנץ צ'ילי,קילוגרמים,1.00,"ק""ג",true,,50.00,50.0000,true,1,138253
7290000101334,false,"חליטת ג""ינג""ר ותפוח",,,"חליטת ג""ינג""ר ותפוח",קילוגרמים,1.00,"ק""ג",true,,70.00,70.0000,true,1,61524
7290000101339,false,בוטנים מולבנים טבעי,,,בוטנים מולבנים,קילוגרמים,1.00,"ק""ג",true,,25.00,25.0000,true,1,94629
7290000101340,false,תבלין המבורגר,,,תבלין המבורגר,קילוגרמים,1.00,"ק""ג",true,,100.00,100.0000,true,1,95938
7290000101413,false,רביולי,,,רביולי,קילוגרמים,1.00,"ק""ג",true,,60.00,60.0000,true,1,138248
7290000101414,false,חריף תאילנדי,,,חריף תאילנדי,קילוגרמים,1.00,"ק""ג",true,,60.00,60.0000,true,1,138249
7290000101418,false,צנובר סיני קטן,,,צנובר סיני קטן,קילוגרמים,1.00,"ק""ג",true,,150.00,150.0000,true,1,154375
7290000101515,false,פריקה שלמה,,,פריקה שלמה,קילוגרמים,1.00,"ק""ג",true,,15.00,15.0000,true,1,158808
7290000101700,false,פלפל חריף סודני,,,פלפל חריף סודני,קילוגרמים,1.00,"ק""ג",true,,40.00,40.0000,true,1,142964
7290000101701,false,חרוזית ירוק,,,חרוזית ירוק,קילוגרמים,1.00,"ק""ג",true,,50.00,50.0000,true,1,93316
7290000101900,false,חליטת פירות אקזוטית,,,חליטת פירות אקזוטית,קילוגרמים,1.00,"ק""ג",true,,70.00,70.0000,true,1,137726
7290000101927,false,אוכמניות כחולות מוקפאות סנפרוסט 300 גרם,"איי, בי, אינבוו",,סנפרוסט אוכמניות כחו,גרמים,300.00,100 גרם,false,,16.90,0.0563,true,1,146781
7290000101934,false,מיקס פירות יער מוקפאות 300 ג' סנפרוסט,"איי, בי, אינבוו",,סנפרוסט מיקס פירות י,גרמים,300.00,100 גרם,false,,16.90,0.0563,true,1,146782
7290000101958,false,מנגו חתוך מוקפא סנפרוסט 300ג',"איי, בי, אינבוו",,סנפרוסט מנגו 300 גרם,גרמים,300.00,100 גרם,false,,16.90,0.0563,true,1,146784
7290000102000,false,קפה דבאח בהיר,,,קפה דבאח בהיר,קילוגרמים,1.00,"ק""ג",true,,50.00,50.0000,true,1,61525
7290000102002,false,קפה דבאח בינוני,,,קפה דבאח בינוני,קילוגרמים,1.00,"ק""ג",true,,50.00,50.0000,true,1,61154
7290000102005,false,קפה בתוספת הל דבאח,,,קפה בתוספת הל דבאח,קילוגרמים,1.00,"ק""ג",true,,50.00,50.0000,true,1,60936
7290000102007,false,תמרים פרימיום,,,תמרים פרימיום,קילוגרמים,1.00,"ק""ג",true,,50.00,50.0000,true,1,103947
7290000102223,false,תבלין קינטאקי,,,תבלין קינטאקי,קילוגרמים,1.00,"ק""ג",true,,70.00,70.0000,true,1,141869
7290000103005,false,צימוקים כהה,,,צימוקים כהה,קילוגרמים,1.00,"ק""ג",true,,25.00,25.0000,true,1,61526
7290000103008,false,צימוק קטן (פאנסי),,,צימוקים פאנסי,קילוגרמים,1.00,"ק""ג",true,,25.00,25.0000,true,1,61156
7290000103010,false,תירס קלוי,,,תירס קלוי,קילוגרמים,1.00,"ק""ג",true,,40.00,40.0000,true,1,61076
7290000103013,false,שקד טחון,,,שקד טחון,קילוגרמים,1.00,"ק""ג",true,,60.00,60.0000,true,1,96908
7290000103017,false,מיאסי,,,מיאסי,קילוגרמים,1.00,"ק""ג",true,,50.00,50.0000,true,1,137648
7290000103365,false,מרק ירקות עשיר סנפרוסט 550 גרם,"איי, בי, אינבוו",,סנפרוסט מרק ירקות 55,גרמים,550.00,100 גרם,false,,18.00,0.0327,true,1,76835
7290000103457,false,"מיני כרובית 600 גרם ""סנפרוסט""","סנפרוסט בע""\מ",,סנפרוסט מיני כרובית,גרמים,600.00,100 גרם,false,,16.90,0.0282,true,1,123232
7290000103730,false,לקט להקפצה עם פסטה פוזילי סנפרוסט 800 גרם,"איי, בי, אינבוו",,סנפרוסט לקט עם פסטה,גרמים,800.00,100 גרם,false,,23.00,0.0288,true,1,52626
7290000103815,false,לקט להקפצה בסגנון תאילנדי סנפרוסט 800 גרם,"סנפרוסט בע""\מ",,סנפרוסט לקט תאילנדי,גרמים,800.00,100 גרם,false,,23.00,0.0288,true,1,52567
7290000103839,false,מרק כתום עשיר בירקות סנפרוסט 570 גרם,"סנפרוסט בע""\מ",,סנפרוסט מרק כתום קפו,גרמים,570.00,100 גרם,false,,18.00,0.0316,true,1,52627
7290000103846,false,מרק אפונה עשיר בירקות סנפרוסט 570 גרם,"סנפרוסט בע""\מ",,סנפרוסט מרק אפונה קפ,גרמים,570.00,100 גרם,false,,18.00,0.0316,true,1,53334
7290000104072,false,עדשים ירוקות מבושלות מוקפאות 800 ג' סנפרוסט,"איי, בי, אינבוו",,סנפרוסט עדשים ירוקות,גרמים,800.00,100 גרם,false,,20.00,0.0250,true,1,53145
7290000104188,false,שעועית אדומה מוקפאת מבושלת מוכנה לאכילה,"סנפרוסט בע""\מ",,סנפרוסט שעועית אדומה,גרמים,800.00,100 גרם,false,,19.90,0.0249,true,1,53680
7290000104201,false,אפונה עדינה סנפרוסט 600 גרם,"איי, בי, אינבוו",,סנפרוסט אפונה עדינה,גרמים,600.00,100 גרם,false,,21.90,0.0365,true,1,59972
7290000104218,false,סנפרוסט במיה 600 גרם,"איי, בי, אינבוו",,סנפרוסט במיה 600 גרם,גרמים,600.00,100 גרם,false,,19.00,0.0317,true,1,53681
7290000104676,false,אפונה קפואה סנפרוסט 800 גרם,"איי, בי, אינבוו",,סנפרוסט אפונת גינה,גרמים,800.00,100 גרם,false,,18.90,0.0236,true,1,53146
7290000104683,false,שעועית ירוקה שלמה סנפרוסט 800 גרם,"סנפרוסט בע""\מ",,סנפרוסט שעועית שלמה,גרמים,800.00,100 גרם,false,,19.90,0.0249,true,1,52632
7290000104690,false,תירס גרעינים 800 גרם סנפרוסט,"איי, בי, אינבוו",,סנפרוסט תירס גרעינים,גרמים,800.00,100 גרם,false,,19.00,0.0238,true,1,53337
7290000104706,false,גזר גמדי סנפרוסט 800 גרם,"סנפרוסט בע""\מ",,סנפרוסט גזר גמדי,גרמים,800.00,100 גרם,false,,19.00,0.0238,true,1,53147
7290000104737,false,שעועית צהובה חתוכה סנפרוסט 800 גרם,"סנפרוסט בע""\מ",,סנפרוסט שעועית צהובה,גרמים,800.00,100 גרם,false,,20.00,0.0250,true,1,52633
7290000104775,false,תרד מדליונים סנפרוסט 800 גרם,"איי, בי, אינבוו",,סנפרוסט תרד מדליונים,גרמים,800.00,100 גרם,false,,25.00,0.0313,true,1,59974
7290000104799,false,שעועית לבנה מבושלת סנפרוסט 800 גרם,"איי, בי, אינבוו",,סנפרוסט שעועית לבנה,גרמים,800.00,100 גרם,false,,20.00,0.0250,true,1,53682
7290000104805,false,גרגירי חומוס מבושלים סנפרוסט 800 גרם,"איי, בי, אינבוו",,סנפרוסט גרגירי חומוס,גרמים,800.00,100 גרם,false,,20.00,0.0250,true,1,53683
7290000104836,false,שעועית ירוקה עדינה שלמה סנפרוסט 600 גרם,"סנפרוסט בע""\מ",,סנפרוסט שעועית עדינה,גרמים,600.00,100 גרם,false,,25.00,0.0417,true,1,53190
7290000104874,false,ירקות לקוסקוס של אמא סנפרוסט 800ג',"סנפרוסט בע""\מ",,סנפרוסט Z לקט קוסקוס,גרמים,800.00,100 גרם,false,,23.00,0.0288,true,1,53972
7290000104881,false,לקט אפונה וגזר סנפרוסט 800 גרם,"איי, בי, אינבוו",,סנפרוסט אפונה וגזר 8,גרמים,800.00,100 גרם,false,,18.00,0.0225,true,1,52570
7290000104904,false,לקט ירקות מעורבים סנפרוסט 800 גרם,"איי, בי, אינבוו",,סנפרוסט לקט ירקות מע,גרמים,800.00,100 גרם,false,,23.00,0.0288,true,1,52571
7290000107165,false,חטיף סויה אדממה סנפרוסט 400 גרם,"איי, בי, אינבוו",,סנפרוסט פולי סויה 40,גרמים,400.00,100 גרם,false,,13.90,0.0348,true,1,59977
7290000107295,false,תפרחות ברוקולי סנפרוסט 800 גרם,"איי, בי, אינבוו",,סנפרוסט תפרחות ברוקו,גרמים,800.00,100 גרם,false,,26.90,0.0336,true,1,59980
7290000107622,false,ירקות ופסטה א-לה איטליה סנפרוסט 800 גרם,"איי, בי, אינבוו",,סנפרוסט פסטה וירקות,גרמים,800.00,100 גרם,false,,23.00,0.0288,true,1,178552
7290000110094,false,בצל מטוגן,,,בצל מטוגן,קילוגרמים,1.00,"ק""ג",true,,50.00,50.0000,true,1,146329
7290000110844,false,"כיפלי בטעם גריל 70 גרם-בד""ץ",יוניליור ישראל מזון,,כיפלי גריל 70 גרם בד,יחידה,0.00,יחידה,false,,6.00,0.0000,true,1,52574
7290000110851,false,"כיפלי בטעם בצל 70 גרם-בד""ץ",יוניליוור מזון,,"כיפלי בצל בד""ץ 70 גר",יחידה,0.00,יחידה,false,,6.00,0.0000,true,1,52639
7290000111063,false,מיונז תלמה אמיתי250 גרם,יוניליוור ישראל מזון בע\,,מיונז תלמה קטן,גרמים,250.00,100 גרם,false,,8.00,0.0320,true,1,53538
7290000111117,false,מרכך כביסה לבן בדין 4 ליטר,יוניליור ישראל טיפוח איש,,בדין מרכך כביסה לבן,ליטרים,4.00,ליטר,false,,19.90,4.9750,true,1,52768
7290000111186,false,"מיונז אמיתי תלמה 500 גרם בד""צ",יוניליוור ישראל מזון בע\,,מיונז אמיתי 500 גרם,גרמים,500.00,100 גרם,false,,9.90,0.0198,true,1,52769
7290000111353,false,"מיונז אמיתי תלמה 1 ק""ג",יוניליוור ישראל מזון בע\,,מיונז 1 קג,גרמים,1000.00,100 גרם,false,,17.90,0.0179,true,1,52575
7290000111360,false,"חרדל אמיתי תלמה 250 גרם בד""צ",יוניליוור ישראל מזו,,חרדל אמיתי 250,גרמים,250.00,100 גרם,false,,7.00,0.0280,true,1,52704
7290000111384,false,חרדל אמיתי בצנצנת 550 ג' תלמה,יוניליוור ישראל מזו,,חרדל צנצנת,גרמים,550.00,100 גרם,false,,11.00,0.0200,true,1,53539
7290000112220,false,טחינה גולמית שומשום טהור בארכה 500 גרם,"רושדי תעשיות מזון בע""\מ",,טחינה בסיסית 500 גר',גרמים,500.00,100 גרם,false,,15.80,0.0316,true,1,59982
7290000112237,false,"טחינה גולמית שומשום טהור בארכה 1 ק""ג","רושדי תעשיות מזון בע""\מ",,טחינה גולמית 1 ק,גרמים,1000.00,100 גרם,false,,27.90,0.0279,true,1,52705
7290000112503,false,מרק עשיר ירקות קנור 69 גרם - שקיות,יוניליוור ישראל מזון בע\,,קנור מרק עשיר ירקות,יחידה,0.00,יחידה,false,,11.00,0.0000,true,1,59983
7290000112619,false,אבקת מרק עוף אמיתי קנור 400 ג' כשלפ,יוניליוור ישראל מזון בע\,,מרק עוף לתיבול והעשר,גרמים,400.00,100 גרם,false,,29.00,0.0725,true,1,53192
7290000113180,false,"כיפלי צ'יפס בד""צ תלמה 50 ג'",יוניליור ישראל מזון,,"כיפלי ציפס בד""צ 50 ג",יחידה,0.00,יחידה,false,,5.50,0.0000,true,1,52771
7290000113203,false,"כיפלי צ'יפס קטשופ בד""ץ 50 גרם",יוניליוור ישראל מזון בעמ,,כיפלי צ'יפס קטשופ בד,יחידה,0.00,יחידה,false,,6.00,0.0000,true,1,52706
7290000114187,false,פנטסטיק תרכיז ניקוי כללי אורנים סיף 4 ליטר,סיף פנטסטיק Cif Fantastic,,סיף נ.כללי אורנים 4,ליטרים,4.00,ליטר,false,,19.00,4.7500,true,1,53540
7290000116204,false,"אבקת מרק דגש בטעם עוף 1ק""ג קנור",יוניליוור ישראל מזון בע\,,"מרק דגש 1 ק""ג",קילוגרמים,1.00,"ק""ג",false,,15.90,15.9000,true,1,53543
7290000116884,false,"רוטב ברביקיו קנור 300 גרם בד""צ",יוניליוור ישראל מזון בע\,,קנור רוטב ברביקיו 30,מיליליטרים,300.00,"100 מ""ל",false,,14.00,4.6667,true,1,53195
7290000117171,false,מרק טעם עוף דל קלוריות 48 גרם-קופסא,יוניליוור ישראל מזון,,נמס בכוס ט. עוף דלקל,יחידה,0.00,יחידה,false,,6.50,0.0000,true,1,53545
7290000117720,false,נמס בכוס פטריות קנור 21.5 גרם מארז זוגי,יוניליוור ישראל מזון בע\,,נמס בכוס זוג פטריות,יחידה,0.00,יחידה,false,,6.50,0.0000,true,1,53691
7290000120836,false,"מיונז אמיתי 394 גרם ""הלמנס""",קונפקו אינק' די.בי.א,,מיונז הלמנס 394 גרם,גרמים,394.00,100 גרם,false,,13.90,0.0353,true,1,52779
7290000120874,false,מיונז הלמנס לייט מופחת קלוריות 424ג,"יונילוור ארה""ב - HPC",,מיונז הלמנס לייט 424,גרמים,424.00,100 גרם,false,,13.90,0.0328,true,1,53201
7290000121093,false,גבינה מותכת לייט בטעם שוויצרי 7% מון בלאן 120 גר',האי נאם סי או אל.טי.,,מון בלאן שויצרית 7%,גרמים,120.00,100 גרם,false,,10.90,0.0908,true,1,140686
7290000121109,false,גבינה מותכת לייט עם זיתים 7% מון בלאן 120 גרם,האי נאם סי או אל.טי.,,מון בלאן זיתים 7% 12,גרמים,120.00,100 גרם,false,,10.90,0.0908,true,1,52714
7290000122175,false,"תמצית וניל אפיכל 50 מ""ל",יוניליוור ישראל מזון,,תמצית אפיה בטעם וניל,יחידה,0.00,יחידה,false,,5.00,0.0000,true,1,53549
7290000122830,false,"רוטב מקסיקני סצ'ואן קנור 300 מ""ל",יוניליוור ישראל מזון בע\,,"רוטב סצ'ואן 300 מ""ל",מיליליטרים,300.00,"100 מ""ל",false,,14.00,4.6667,true,1,54308
7290000123363,false,"צימקאו לציפוי ואפיה אפיכל 500 גרם בד""צ",אתר צפת ממרחים וצימא,,צמקאו לאכילה ציפוי ו,גרמים,500.00,100 גרם,false,,17.00,0.0340,true,1,53551
7290000125251,false,שמפו לכביסה עדינה בדין 2 ליטר,"זוהר דליה, קיבוץ דליה, 1",,בדין שמפו לכביסה עדי,ליטרים,2.00,ליטר,false,,24.00,12.0000,true,1,53288
7290000129457,false,אבקת רוטב פטריות קנור 28 ג' שקית,יוניליוור ישראל מזון בע\,,רוטב פטריות 28גר,יחידה,0.00,יחידה,false,,5.00,0.0000,true,1,53292
7290000129785,false,מרכך כביסה ירוק בדין 4 ליטר,יוניליור ישראל טיפוח איש,,בדין ירוק 4 ליטר,ליטרים,4.00,ליטר,false,,19.90,4.9750,true,1,53293
7290000131009,false,דפי בצק פילו דקיקים שחף 500 גרם,מאפיית אריאל,,בצק פילו שחף 500 גרם,גרמים,500.00,100 גרם,false,,14.00,0.0280,true,1,49424
7290000131023,false,"בצק עלים מרודד שחף 1 ק""ג",שחף,,"בצק עלים שחף 1 ק""ג",גרמים,1000.00,100 גרם,false,,13.00,0.0130,true,1,77942
7290000131122,false,"בצק עלים צרפתי שחף 1.5 ק""ג",מאפיית אריאל,,"בצק עלים שחף 1.5 ק""ג",גרמים,1500.00,100 גרם,false,,18.00,0.0120,true,1,49425
7290000133645,false,שלישיית משחת שיניים סודה אורביטול 145 גרם,טרופיקל דגיל תעשיות קוסמ,,אורביטול משחת שיניים,גרמים,435.00,100 גרם,false,,14.90,0.0343,true,1,63532
7290000135052,false,"XL TEN משקה אנרגיה מנגו ללא סוכר 250 מ""ל","טמפו משקאות בע""\מ",,"XL TEN מנגו 250 מ""ל",מיליליטרים,250.00,"100 מ""ל",false,,3.90,1.5600,true,1,177126
7290000135113,false,"משקה אנרגיה XL פחית ten נענע ליים 250 מ""ל","טמפו משקאות בע""\מ",,פחית XL TEN נענע ליי,מיליליטרים,250.00,"100 מ""ל",false,,3.90,1.5600,true,1,182689
7290000135137,false,סודה בנגיעות ט.אפרס1.5*4,טמפו 7.5%,,סודה נגיעות אפרסק 1.,ליטרים,1.50,ליטר,false,,10.90,7.2667,true,1,183783
7290000135151,false,"טמפו סודה למון ליים בקבוק 250 מ""ל",טמפו משקאות בעמ,,טמפו מי סודה נגיעות,מיליליטרים,275.00,"100 מ""ל",false,,0.00,0.0000,true,1,198065
7290000135324,false,פיראוס בולגרית מעודנ,,,פיראוס בולגרית מעודנ,קילוגרמים,1.00,"ק""ג",true,,49.00,49.0000,true,1,158696
7290000136721,false,ג'אמפ תפוזים 1.5 ליטר,טמפו 7.5%,,גאמפ תפוז 1.5 ליטר,ליטרים,1.50,ליטר,false,,5.50,3.6667,true,1,63123
7290000136738,false,ג'אמפ אשכוליות 1.5 ליטר,טמפו 7.5%,,גאמפ אשכול 1.5 ליטר,ליטרים,1.50,ליטר,false,,5.50,3.6667,true,1,63124
7290000136745,false,ג'אמפ תות בננה 1.5 ליטר,"טמפו משקאות בע""מ",,גאמפ תות בננה 1.5 לי,ליטרים,1.50,ליטר,false,,5.50,3.6667,true,1,63951
7290000137513,false,גלידונית גלידה וניל בציפוי שוקולד 60 יח' קרמיסימו,"גלידת שטראוס בע""\מ, רחוב",,קרמיסימו גלידונית ש.,גרמים,700.00,100 גרם,false,,48.90,0.0699,true,1,63533
7290000137643,false,שלגוני טעמקור בטעם שוקו וניל שטראוס 8*50 גרם,"גלידת שטראוס בע""\מ, רחוב",,שלגוני טעמקור 8יח,יחידה,8.00,יחידה,false,,37.90,4.7375,true,1,53209
7290000139104,false,שלווה חיטה תפוחה מתוקה אשבול 230 גרם,"אשב""ל בע""מ",,שלוה 230 גרם,גרמים,230.00,100 גרם,false,,9.00,0.0391,true,1,63449
7290000139180,false,שלווה חיטה מלאה תפוחה אשבול 140 גרם,אשבל מזון פונקציונלי,,חטיף שלווה טבעי 250,גרמים,250.00,100 גרם,false,,9.00,0.0360,true,1,63450
7290000139258,false,שלווה דבש וסוכר חום אשבול 200 גרם,אשבל מזון פונקציונלי,,שלוה טבעי 250גר,גרמים,250.00,100 גרם,false,,9.00,0.0360,true,1,63954
7290000139265,false,מולטי דגנים מלאים עם דבש 420-500 גרם,אשבול,,מולטי דגנים מלאים עם,גרמים,500.00,100 גרם,false,,11.00,0.0220,true,1,62658
7290000139296,false,אשבול דגני בוקר מולטי כוכבים 420-500גר,אשבול,,אשבול דגני בוקר מולט,גרמים,500.00,100 גרם,false,,11.00,0.0220,true,1,72063
7290000139623,false,פיצפוצי אורז לייט 375 גר' אשבול,אשבול,,פיצפוצי אורז ללא סוכ,גרמים,450.00,100 גרם,false,,13.00,0.0289,true,1,63537
7290000139715,false,דגני בוקר קרמים נוגט אשבול 550 גרם,אשבול,,קרמים נוגט 550 גרם,גרמים,550.00,100 גרם,false,,0.00,0.0000,true,1,187758
7290000139753,false,דגני בוקר קרמים שוקולד אשבול 550 גרם,,,קרמים שוקולד 550 גרם,גרמים,550.00,100 גרם,false,,0.00,0.0000,true,1,187759
7290000139913,false,חטיף פאף אפוי בטעם ברביקיו אשבול 60ג',אשבול,,פאף חטיף אפוי בטעם ב,יחידה,0.00,יחידה,false,,2.90,0.0000,true,1,170399
7290000139968,false,טורבו חטיף דגנים מלאים נוגט 6*28גר,אשבול,,מארז קרמלי TO-GO נוג,גרמים,168.00,100 גרם,false,,9.90,0.0589,true,1,108182
7290000143187,false,"הוואי שמפו 2 ב 1 לגבר 700 מ""ל",שוורצקוף& הנקל דיסלד,,הוואי שמפו לגבר 700,מיליליטרים,700.00,"100 מ""ל",false,,9.90,1.4143,true,1,52783
7290000143194,false,"הוואי שמפו+מרכך 2 ב 1 לשיער רגיל 700 מ""ל",טרופיקל דגיל בעמ,,הוואי שמפו+מרכך 700,יחידה,700.00,יחידה,false,,9.90,0.0141,true,1,52784
7290000143217,false,"הוואי שמפו יבש מסולסל 700 מ""ל",שוורצקוף& הנקל דיסלד,,הוואי שמפו לשיער יבש,מיליליטרים,700.00,"100 מ""ל",false,,9.90,1.4143,true,1,52785
7290000143255,false,"שמפו לשיער רגיל הוואי 700 מ""ל",שוורצקוף& הנקל דיסלד,,הוואי שמפו רגיל 700,מיליליטרים,700.00,"100 מ""ל",false,,9.90,1.4143,true,1,52718
7290000143279,false,"הוואי שמפו לשיער נגד קשקשים 700 מ""ל",שוורצקוף& הנקל דיסלד,,הוואי שמפו נ.קשקשים,מיליליטרים,700.00,"100 מ""ל",false,,9.90,1.4143,true,1,59994
7290000143286,false,"מרכך הוואי לשיער רגיל 700 מ""ל",טרופיקל דגיל קוסמטיק,,הוואי מרכך רגיל 700,מיליליטרים,700.00,"100 מ""ל",false,,9.90,1.4143,true,1,54310
7290000143293,false,"הוואי - מרכך ילדים מתיר קשרים 700 מ""ל",טרופיקל דגיל,,הוואי מרכך ילדים מתי,מיליליטרים,700.00,"100 מ""ל",false,,9.90,1.4143,true,1,53990
7290000144474,false,שמן עץ הזית קנולה 1 ליטר בריאות מהטבע,שמן תעשיות בעמ,,שמן קנולה בריאות מהט,ליטרים,1.00,0000000000000000ליטר,false,,14.90,14.9000,true,1,63454
7290000144825,false,שמן קנולה פלוס אומגה9 1ל,שמן תעשיות,,שמן קנולה פלוס אומגה,ליטרים,1.90,ליטר,false,,15.90,8.3684,true,1,72067
7290000146645,false,הוואי - סבון מוצק שחור מסתורי 100 גרם רביעייה,טרופיקל דגיל קוסמטיק,,הוואי רבעיה סבון מוצ,גרמים,400.00,100 גרם,false,,11.90,0.0298,true,1,54311
7290000146652,false,הוואי - סבון מוצק ורוד רומנטי 100 גרם רביעייה,טרופיקל דגיל קוסמטיק,,הוואי רבעיה סבון מוצ,גרמים,400.00,100 גרם,false,,11.90,0.0298,true,1,53992
7290000146676,false,הוואי - סבון מוצק לגבר 100 גרם רביעייה,טרופיקל דגיל קוסמטיק,,הוואי רביעייה סבון מ,גרמים,400.00,100 גרם,false,,11.90,0.0298,true,1,52788
7290000146683,false,הוואי - סבון מוצק אפקט דאודורנט 100 גרם רביעייה,טרופיקל דגיל קוסמטיק,,הוואי רבעיה סבון מוצ,גרמים,400.00,100 גרם,false,,11.90,0.0298,true,1,53993
7290000148298,false,מיץ תפוזים סחוט קלאסי2ל,פריגת,,פריגת סחוט תפוזים 2ל,ליטרים,2.00,ליטר,false,,24.90,12.4500,true,1,72073
7290000148489,false,"קליית גת גרעיני דלעת קלויים,200 גרם","ג'י אנד ג'י בע""מ",,גרעיני דלעת 200 גרם,גרמים,200.00,100 גרם,false,,9.10,0.0455,true,1,59997
7290000148748,false,קליית גת גרעיני חמניה קלויים ומומלחים200,"ג'י אנד ג'י בע""מ",,גרעיני חמניה 200 גרם,גרמים,200.00,100 גרם,false,,6.90,0.0345,true,1,53295
7290000149615,false,רביעיית סבון מוצק קלאסי לתינוק נקה 7 4*100 גרם,גליל כימיקלים בעממשו,,נקה 7 - לתינוק - רבי,יחידה,4.00,יחידה,false,,11.90,2.9750,true,1,72077
7290000149905,false,טקסטיל נוזל לכביסה עדינה נקה 1 ליטר,מיוצר עי קונדיטוריית,,טקסטיל שמפו 1 ליטר,מיליליטרים,1000.00,"100 מ""ל",false,,12.90,1.2900,true,1,72081
7290000150000,false,תמרים לח שקיל,,,תמרים לח שקיל,קילוגרמים,1.00,"ק""ג",true,,20.00,20.0000,true,1,134947
7290000150025,false,נקניקיות חריפות,,,נקניקיות חריפות,קילוגרמים,1.00,"ק""ג",true,,49.90,49.9000,true,1,69689
7290000150110,false,תבלין קבסה,,,תבלין קבסה,קילוגרמים,1.00,"ק""ג",true,,70.00,70.0000,true,1,71075
7290000150131,false,תבלין דג מבושל,,,תבלין דג מבושל,קילוגרמים,1.00,"ק""ג",true,,60.00,60.0000,true,1,61176
7290000150134,false,שומשום אדום קלוי,,,שומשום אדום קלוי,קילוגרמים,1.00,"ק""ג",true,,20.00,20.0000,true,1,61406
7290000150136,false,תנובה גבינה מגורדת,,,תנובה גבינה מגורדת,קילוגרמים,1.00,"ק""ג",true,,45.00,45.0000,true,1,160200
7290000150137,false,עגבניות מיובשות,,,עגבניות מיובשות,קילוגרמים,1.00,"ק""ג",true,,50.00,50.0000,true,1,71093
7290000150140,false,סוכריות שקדים שקו 50,,,סוכריות שקדים שקו 50,גרמים,500.00,100 גרם,false,,17.99,0.0360,true,1,139407
7290000150144,false,פירורי דבאח,,,פירורי דבאח,קילוגרמים,1.00,"ק""ג",true,,12.00,12.0000,true,1,76875
7290000150145,false,פירורי לחם מתובל,,,פירורי לחם מתובל,קילוגרמים,1.00,"ק""ג",true,,20.00,20.0000,true,1,76876
7290000150147,false,ראמה גבינה מתוקה,,,ראמה גבינה מתוקה,קילוגרמים,1.00,"ק""ג",true,,49.90,49.9000,true,1,76447
7290000150149,false,ראמה גבינה מלוחה,,,ראמה גבינה מלוחה,קילוגרמים,1.00,"ק""ג",true,,49.90,49.9000,true,1,76448
7290000150159,false,תמרים גמבו אקסטרא,,,תמרים גמבו אקסטרא,קילוגרמים,1.00,"ק""ג",true,,50.00,50.0000,true,1,76874
7290000150165,false,ינסון טחון,,,ינסון טחון,קילוגרמים,1.00,"ק""ג",true,,50.00,50.0000,true,1,77821
7290000150169,false,זעפרן תפזורת,,,זעפרן תפזורת,קילוגרמים,1.00,"ק""ג",true,,300.00,300.0000,true,1,78163
7290000150306,false,בוטנים מולבנים קלוי,,,בוטנים מולבנים קלוי,קילוגרמים,1.00,"ק""ג",true,,25.00,25.0000,true,1,140231
7290000150471,false,מלח הימלאיה,,,מלח הימלאיה,קילוגרמים,1.00,"ק""ג",true,,50.00,50.0000,true,1,184894
7290000150500,false,"קטאיף 1ק""ג",,,"קטאיף 1ק""ג",קילוגרמים,1.00,"ק""ג",false,,15.90,15.9000,true,1,111147
7290000150507,false,סקוטש למקלחת ארוך,,,סקוטש למקלחת ארוך,יחידה,1.00,יחידה,false,,10.00,10.0000,true,1,94609
7290000150508,false,סקוטש למקלחת כף,,,סקוטש למקלחת כף,יחידה,1.00,יחידה,false,,10.00,10.0000,true,1,94610
7290000150515,false,צבע מאכל שקיל,,,צבע מאכל שקיל,קילוגרמים,1.00,"ק""ג",true,,150.00,150.0000,true,1,110281
7290000150572,false,בורגול חום דק,,,בורגול חום דק,קילוגרמים,1.00,"ק""ג",true,,6.00,6.0000,true,1,101525
7290000150594,false,בורגול חום עבה,,,בורגול חום עבה,קילוגרמים,1.00,"ק""ג",true,,6.00,6.0000,true,1,102551
7290000150602,false,זעפרן 1 גרם,,,זעפרן 1 גרם,יחידה,0.00,יחידה,false,,20.00,0.0000,true,1,116697
7290000150689,false,"קינמון עגול 20 ס""מ",,,"קינמון עגול 20 ס""מ",קילוגרמים,1.00,"ק""ג",true,,50.00,50.0000,true,1,156552
7290000150810,false,קינאוה אדומה,,,קינאוה אדומה,קילוגרמים,1.00,"ק""ג",true,,30.00,30.0000,true,1,99593
7290000150815,false,בונדוק טבעי,,,בונדוק טבעי,קילוגרמים,1.00,"ק""ג",true,,60.00,60.0000,true,1,104320
7290000150816,false,גוג'י ברי,,,גוג'י ברי,קילוגרמים,1.00,"ק""ג",true,,80.00,80.0000,true,1,106411
7290000150817,false,חוויג קפה,,,חוויג קפה,קילוגרמים,1.00,"ק""ג",true,,79.00,79.0000,true,1,107887
7290000150823,false,זית סורי,,,זית סורי,קילוגרמים,1.00,"ק""ג",true,,30.00,30.0000,true,1,158729
7290000150828,false,טוסקנה,,,טוסקנה,קילוגרמים,1.00,"ק""ג",true,,70.00,70.0000,true,1,109686
7290000150832,false,זית מרוקאי,,,זית מרוקאי,קילוגרמים,1.00,"ק""ג",true,,40.00,40.0000,true,1,109908
7290000150849,false,פפריקה מתוקה יבשה,,,פפריקה מתוקה יבשה,קילוגרמים,1.00,"ק""ג",true,,30.00,30.0000,true,1,118082
7290000150854,false,*מלח גס,,,*מלח גס,קילוגרמים,1.00,"ק""ג",true,,0.90,0.9000,true,1,158800
7290000150855,false,*אורז,,,*אורז,קילוגרמים,1.00,"ק""ג",true,,3.90,3.9000,true,1,118814
7290000150872,false,חליטת תפוח קינמון,,,חליטת תפוח קינמון,קילוגרמים,1.00,"ק""ג",true,,70.00,70.0000,true,1,137780
7290000150873,false,חליטת תות,,,חליטת תות,קילוגרמים,1.00,"ק""ג",true,,70.00,70.0000,true,1,137781
7290000150874,false,חליטת ליצ'י,,,חליטת ליצ'י,קילוגרמים,1.00,"ק""ג",true,,70.00,70.0000,true,1,137782
7290000150875,false,חליטת תה ירוק הדרים,,,חליטת תה ירוק הדרים,קילוגרמים,1.00,"ק""ג",true,,70.00,70.0000,true,1,158742
7290000150888,false,שקדים מולבנים שלמים,,,שקדים מולבנים שלמים,קילוגרמים,1.00,"ק""ג",true,,0.00,0.0000,true,1,193420
7290000150911,false,תערובת פיצוחים טבעי,,,תערובת פיצוחים טבעי,קילוגרמים,1.00,"ק""ג",true,,60.00,60.0000,true,1,122746
7290000150925,false,נקניק סלמי ירדן 600 גרם,מוצרי עוף טוב (2001) בע\,,נקניק סלמי ירדן 600,גרמים,600.00,100 גרם,false,,26.20,0.0437,true,1,111749
7290000150956,false,עוף טוב מקלוני קבנוס 160 גרם,מוצרי עוף טוב (2001) בע\,,עוף טוב מקלוני קבנוס,גרמים,160.00,100 גרם,false,,11.90,0.0744,true,1,77234
7290000150988,false,קארי רייטס,,,קארי רייטס,קילוגרמים,1.00,"ק""ג",true,,0.00,0.0000,true,1,188359
7290000150999,false,שיבולת שועל דק,,,שיבולת שועל דק,קילוגרמים,1.00,"ק""ג",true,,7.00,7.0000,true,1,138008
7290000151281,false,פסטרמה ברביקיו דל שומן 3,מוצרי עוף טוב (2001) בע\,,פסטרמה עוף טוב חזה ה,גרמים,300.00,100 גרם,false,,23.90,0.0797,true,1,77214
7290000152943,false,מארז פסטרמה כפרית וסלמי כפרי עוף טוב 2*350 גרם,מוצרי עוף טוב (2001) בע\,,עוף טוב סלמי פסטרמה,גרמים,700.00,100 גרם,false,,26.20,0.0374,true,1,77231
7290000158105,false,שניצל עוף מיני דינוזאור ללא אנטיביוטיקה מ100% ר.טבעי,"מוצרי עוף טוב (2001) בע""",,עוף טוב שניצל עוף מי,גרמים,700.00,100 גרם,false,,35.30,0.0504,true,1,76818
7290000158235,false,שניצל עוף דקיק צ'יפס שמח,"מוצרי עוף טוב (2001) בע""",,עוף טוב שניצל דק בצ,גרמים,700.00,100 גרם,false,,38.40,0.0549,true,1,92315
7290000160160,false,חלווה נוגט,,,חלווה נוגט,קילוגרמים,1.00,"ק""ג",true,,0.00,0.0000,true,1,188526
7290000161631,false,ח.קליק אין אאוט במילוי נוגט,יוניליוור ישראל מזון בע\,,קליק אין נוגט 38 גרם,יחידה,0.00,יחידה,false,,5.50,0.0000,true,1,54004
7290000161648,false,חטיף קליק אין אאוט במילו קרם,יוניליוור ישראל מזון בע\,,קליק אין חלב 38 גרם,יחידה,0.00,יחידה,false,,5.50,0.0000,true,1,53558
7290000166148,false,דאב בייבי תחליב רחצה700מ,יוניליוור ישראל טיפו,,דאב בייבי סבון רחצה,מיליליטרים,700.00,"100 מ""ל",false,,16.90,2.4143,true,1,86321
7290000166605,false,סיף פנטסטיק ניקיון כללי יסמין 4ליטר,סיף פנטסטיק Cif Fantastic,,סיף נ.כללי יסמין 4 ל,ליטרים,4.00,ליטר,false,,19.00,4.7500,true,1,77511
7290000168173,false,"ברנפלקס קרנצ'ים תלמה בד""ץ 375 גרם",יוניליור ישראל מזון,,ברנפלקס קרנצים 375 ג,גרמים,375.00,100 גרם,false,,23.00,0.0613,true,1,86586
7290000169538,false,"נמס בכוס עגבניות וקרוטונים מרק כשרות בד""ץ 62 ג' קנור",יוניליוור ישראל מזון בע\,,נמס בכוס עגבניות וקר,יחידה,0.00,יחידה,false,,6.50,0.0000,true,1,92273
7290000169798,false,"עוגי מופחת סוכר 20% פצפוצי שוקו' 500ג' בד""צ",יוניליוור ישראל מזון בע\,,עוגי פחות סוכר 20% 5,גרמים,500.00,100 גרם,false,,22.00,0.0440,true,1,95642
7290000170053,false,שוקולד פרה חלב 100 גרם,"שטראוס גרופ בע""\מ.",,פרה שוק.חלב 100ג,גרמים,100.00,100 גרם,false,,6.00,0.0600,true,1,54319
7290000170077,false,פרה שוקולד מריר 100 גרם,"שטראוס גרופ בע""\מ.",,פרה שוק.מריר ללא גלו,גרמים,100.00,100 גרם,false,,6.00,0.0600,true,1,53559
7290000170101,false,סטייק אנטריקוט WAGYU,,,סטייק אנטריקוט WAGYU,קילוגרמים,1.00,"ק""ג",true,,0.00,0.0000,true,1,196848
7290000170102,false,סינטה עגל WAGYU,,,סינטה עגל WAGYU,קילוגרמים,1.00,"ק""ג",true,,0.00,0.0000,true,1,187948
7290000170150,false,בורגול עבה גס,,,בורגול עבה גס,קילוגרמים,1.00,"ק""ג",true,,5.00,5.0000,true,1,182722
7290000170275,false,שוקולד ממולא קרם נוגט100,STRAUSS-ISRAEL,,פרה ממולא קרם נוגט 1,גרמים,100.00,100 גרם,false,,6.00,0.0600,true,1,53560
7290000170500,false,חמוציות ברכז תפוח,,,חמוציות ללא סוכר,קילוגרמים,1.00,"ק""ג",true,,50.00,50.0000,true,1,91455
7290000171470,false,כיף כף חטיף שוקולד עלית 45ג',"שטראוס גרופ בע""מ",,כיף כף 45 גרם,יחידה,0.00,יחידה,false,,4.00,0.0000,true,1,60000
7290000174037,false,בפלות בטעם לימון 500 גרם,STRAUSS-ISRAEL,,ופל לימון 500 גר,גרמים,500.00,100 גרם,false,,13.00,0.0260,true,1,54320
7290000174099,false,בפלות בטעם שוקולד 500 גר,STRAUSS-ISRAEL,,ופל שוקולד 500 גר,גרמים,500.00,100 גרם,false,,13.00,0.0260,true,1,53301
7290000174723,false,שוקולית אבקה להכנת משקה שוקו 500 גרם,הנסיך- מפעל לייצור ט,,שוקולית 500 גרם,גרמים,500.00,100 גרם,false,,11.80,0.0236,true,1,54321
7290000176062,false,קפה טורקי בשקית 100 ג' עלית,שטראוס קפה בי.ויn\.,,טורקי עלית 100 גרם,יחידה,0.00,יחידה,false,,9.00,0.0000,true,1,60001
7290000176079,false,קפה עלית טורקי עם הל 100 גרם,הנסיך- מפעל לייצור ט,,טרוקי עלית קפה עם הל,גרמים,100.00,100 גרם,false,,8.90,0.0890,true,1,53444
7290000176093,false,קפה אלדין טורקי ואקום200,הנסיך- מפעל לייצור ט,,אלדין קפה טורקי 200ג,גרמים,200.00,100 גרם,false,,20.00,0.1000,true,1,52724
7290000176116,false,"קפה טורקי עלית וואקום 1 ק""ג",הנסיך- מפעל לייצור ט,,טורקי עלית 1קג,גרמים,1000.00,100 גרם,false,,79.80,0.0798,true,1,60002
7290000176413,false,קפה נמס אבקתי 50 ג' עלית,הנסיך- מפעל לייצור ט,,עלית נמס 50 גרם,יחידה,0.00,יחידה,false,,10.00,0.0000,true,1,52796
7290000176420,false,קפה נמס פחית עלית 200 גרם,שטראוס קפה בי.וי,,עלית נמס 200 גרם,גרמים,200.00,100 גרם,false,,19.90,0.0995,true,1,60003
7290000176468,false,קפה נמס נטול קפאין 50 ג' קפה האג,"איי, בי, אינבוו",,האג קפה נטול קפאין 5,יחידה,0.00,יחידה,false,,12.00,0.0000,true,1,54006
7290000176475,false,האג קפה נמס נטול קפאין עלית 200 גרם,שטראוס גרופ,,האג קפה נטול קפאין 2,גרמים,200.00,100 גרם,false,,38.00,0.1900,true,1,52797
7290000178103,false,שוקולד חלב פרה 100*4 גרם,STRAUSS-ISRAEL,,פרה שוק חלב 4*100 גר,גרמים,400.00,100 גרם,false,,17.90,0.0447,true,1,54322
7290000178134,false,שוקולד פרה מריר 100 גרם מארז רביעייה,שטראוס גרופ,,פרה שוק.מריר 4*100ג,גרמים,400.00,100 גרם,false,,17.90,0.0447,true,1,52798
7290000178707,false,תפוצ'יפס בטעם טבעי 50 גרם,"שטראוס פריטו ליי בע""\מ )",,תפוצ'יפס טבעי 50 גרם,יחידה,0.00,יחידה,false,,3.90,0.0000,true,1,52799
7290000178721,false,תפוצ'יפס בטעם טבעי 200 גרם,"שטראוס פריטו ליי בע""\מ )",,תפוציפס טבעי 200גר,גרמים,200.00,100 גרם,false,,10.90,0.0545,true,1,54008
7290000179445,false,עלית בזוקה גומי לעיס,STRAUSS-ISRAEL,,עלית בזוקה גומי לעיס,גרמים,180.00,100 גרם,false,,8.00,0.0444,true,1,53447
7290000180212,false,שוקולד מריר אגוז 100 גרם,STRAUSS-ISRAEL,,פרה שוק.מריר ושברי א,גרמים,100.00,100 גרם,false,,6.00,0.0600,true,1,52928
7290000181103,false,ביסקויט עד חצות חלב200גר,STRAUSS-ISRAEL,,עד חצות 200ג,גרמים,200.00,100 גרם,false,,14.90,0.0745,true,1,53448
7290000185101,false,ממרח תמרים בטעם אגוז,,,ממרח תמרים בטעם אגוז,יחידה,0.00,יחידה,false,,14.90,0.0000,true,1,183959
7290000186030,false,מגבוני האגיס תחליב דיספנסר רביעייה,האגיס-מגבונים,,מגבוני האגיס בייבי ס,יחידה,0.00,יחידה,false,,29.90,0.0000,true,1,155989
7290000186337,false,מטליות לחות לניקוי כללי ניקול שלישייה,עלבד משואות יצחק,,ניקול מטליות לחות לנ,יחידה,150.00,יחידה,false,,24.90,0.1660,true,1,87399
7290000187860,false,מגבוני טואלט לחים לילי דיספנסר 40יח',עלבד משואות יצחק בעמ,,לילי נייר טאלט לח די,יחידה,48.00,יחידה,false,,7.90,0.1646,true,1,72184
7290000187921,false,נייר טואלט דו שכבתי לבן לילי 32 יחידות,לילי נייר טואלט חוגלה,,"נייר טואלט ""לילי"" לב",יחידה,32.00,יחידה,false,,40.00,1.2500,true,1,54010
7290000187938,false,לילי - נייר טואולט נייר טואלט פסטל 32 יח',לילי נייר טואלט חוגלה,,"נייר טואלט ""לילי"" פס",יחידה,32.00,יחידה,false,,39.90,1.2469,true,1,52929
7290000187952,false,נייר טואלט תלת שכבתי ורוד לילי 32 יחידות,לילי נייר טואלט חוגלה,,נייר טואלט לילי טריו,יחידה,32.00,יחידה,false,,46.90,1.4656,true,1,54011
7290000188355,false,מגבות מטבח ניקול לבנה שישייה,קימברלי-קלארק,,ניקול מגבות מטבח לבנ,יחידה,6.00,יחידה,false,,10.90,1.8167,true,1,60005
7290000189598,false,מטליות לחות חד פעמיות לניקוי כללי 50 יח' ניקול,עלבד משואות יצחק בעמ,,מטליות לחות חד פעמיו,יחידה,50.00,יחידה,false,,10.00,0.2000,true,1,72198
7290000189659,false,מטליות לחות לרצפה ניקול 10 יח'-מרכז,עלבד משואות יצחק בעמ,,ניקול מטליות לחות לר,יחידה,10.00,יחידה,false,,10.00,1.0000,true,1,72199
7290000189734,false,מטליות לחות לניקוי פרקט ניקול 10 יחידות,עלבד משואות יצחק בעמ,,ניקול מטליות לחות לפ,יחידה,10.00,יחידה,false,,18.90,1.8900,true,1,53302
7290000190198,false,מטליות לחות לניקוי וחיטוי 99.9% ניקול 50 יחידה,עלבד משואות יצחק בעמ,,ניקול מטליות לחות לח,יחידה,0.00,יחידה,false,,10.00,0.0000,true,1,96996
7290000191225,false,חיתולים ליטל בייביז מידה 2 האגיס 46 יחידות,קימברלי קלארק שיווק,,האגיס חיתולי ם שלב 2,יחידה,46.00,יחידה,false,,29.90,0.6500,true,1,114239
7290000191393,false,מגבוני טישיו רכים שביעייה מולט 100X7יח',מולט,,ממחטות מולט 100 * 7,יחידה,7.00,יחידה,false,,19.90,2.8429,true,1,54014
7290000191539,false,חמישיית ממחטות טישו צבועני לילי 100 יחידות,חוגלה קימברלי,,לילי צבעוני חמישיה,יחידה,5.00,יחידה,false,,13.90,2.7800,true,1,90367
7290000191645,false,"חיתולים האגיס ליטל בייביס ניו בורן שלב 1 עד 4 ק""ג",קימברלי קלארק ארהב,,האגיס רך נולד ניו בו,יחידה,36.00,יחידה,false,,29.90,0.8306,true,1,81465
7290000191652,false,שלישיית ממחטות אולטרה סופט קלינקס 90 יחידות,חוגלה קימברלי,,קלינקס ממחטות טישו,יחידה,3.00,יחידה,false,,10.90,3.6333,true,1,72206
7290000192581,false,מגבת נייר גליל כפול ניקול 12=6 גליל,קימברלי-קלארק,,ניקול מגבת כפול 12=6,יחידה,0.00,יחידה,false,,19.90,0.0000,true,1,156412
7290000193014,false,מגן תחתון פדיות אינטרלוד לילי 50 יחידות,חוגלה קימברלי,,לילי מגיני יום אינטר,יחידה,50.00,יחידה,false,,10.00,0.2000,true,1,72210
7290000193076,false,"שלישיית מטליות לריצפה ""ניקול""",עופרטקס,,ניקול מטליות רצפה 3,יחידה,3.00,יחידה,false,,9.90,3.3000,true,1,104281
7290000193083,false,נובה-לי תחבושות היגייניות לילי 28 יחידות,חוגלה קימברלי,,לילי נובה לי 28 יח',יחידה,28.00,יחידה,false,,9.00,0.3214,true,1,72211
7290000193205,false,תחבושות עם כנפיים ללילה נטורל לילי 20 יחידות,חוגלה קימברלי,,לילי נטורל תחבושת לי,יחידה,20.00,יחידה,false,,14.90,0.7450,true,1,60006
7290000193472,false,מגן תחתון נטורל נורמל לילי 60 יחידות,חוגלה קימברלי,,לילי נטורל מגני תחתו,יחידה,60.00,יחידה,false,,14.90,0.2483,true,1,52930
7290000193540,false,מגן תחתון לונג נטורל לילי 52 יחידות,חוגלה קימברלי,,לילי נטורל מגני תחתו,יחידה,52.00,יחידה,false,,14.90,0.2865,true,1,54324
7290000193618,false,לילי אינטימייט מגן תחתון נורמל 24 יח',חוגלה קימברלי,,לילי נטורל מגני תחתו,יחידה,62.00,יחידה,false,,14.90,0.2403,true,1,54015
7290000193656,false,תחבושות עם כנפיים סופר פלוס לילי 24 יחידות,חוגלה קימברלי,,לילי נטורל תחבושות א,יחידה,24.00,יחידה,false,,14.90,0.6208,true,1,52931
7290000193793,false,לילי תחבושות אינטימי נורמל אולט' 24 יח',חוגלה קימברלי,,לילי נטורל תחבושות א,יחידה,24.00,יחידה,false,,14.90,0.6208,true,1,53567
7290000194141,false,שקמה מכנסון גזרתי סופר נייט XL,חוגלה קימברלי,,חיתולי שקמה XL,יחידה,0.00,יחידה,false,,52.90,0.0000,true,1,149295
7290000194288,false,משטח החתלה האגיס 10 יחידות,חוגלה קימברלי,,האגיס משטחי החתלה 10,יחידה,10.00,יחידה,false,,22.90,2.2900,true,1,52733
7290000194905,false,שקמה מכנסון גזרתי סופר נייט M,חוגלה קימברלי,,חיתולי שקמה XL,יחידה,0.00,יחידה,false,,52.90,0.0000,true,1,172334
7290000195537,false,האגיס - מגבוני האגיס דיילי קר לא מבושם 64 יח' * 4,חוגלה קימברלי,,מארז מגבוני האגיס נט,יחידה,4.00,יחידה,false,,22.00,5.5000,true,1,72212
7290000195544,false,האגיס מגבונים רביעייה מילוי נטורל מבושם,חוגלה קימברלי,,מגבוני האגיס מארז רב,יחידה,4.00,יחידה,false,,22.00,5.5000,true,1,72213
7290000195773,false,האגיס - מגבוני האגיס סנסטיב קר לא מבושם 64 יח' * 4,חוגלה קימברלי,,האגיס נטורל מילוי רב,יחידה,4.00,יחידה,false,,22.00,5.5000,true,1,79959
7290000197425,false,חיתולים פרידום דריי שלב 3 האגיס 52 יחידות,קימברלי קלארק ישראל,,האגיס פרידום דריי של,יחידה,54.00,יחידה,false,,44.90,0.8315,true,1,110470
7290000197456,false,חיתולים פרידום דריי שלב 4 האגיס 44 יחידות,קימברלי קלארק ישראל,,האגיס פרידום דרי,יחידה,44.00,יחידה,false,,44.90,1.0205,true,1,110471
7290000197463,false,חיתולים פרידום דריי שלב +4 האגיס 40 יחידות,קימברלי קלארק ישראל,,האגיס פרידום דריי של,יחידה,42.00,יחידה,false,,44.90,1.0690,true,1,110353
7290000197548,false,חיתולים פרידום דריי שלב 5 האגיס 36 יחידות,קימברלי קלארק ישראל,,האגיס פרידום דריי 36,יחידה,38.00,יחידה,false,,44.90,1.1816,true,1,110354
7290000197678,false,חיתולי האגיס פרידום דריי שלב 6 30 יחידות,קימברלי קלארק ישראל,,האגיס פרידום דריי של,יחידה,34.00,יחידה,false,,44.90,1.3206,true,1,110355
7290000198017,false,סלמי איטלקי מפולפל ז,,,סלמי איטלקי מפולפל,קילוגרמים,1.00,"ק""ג",true,,79.00,79.0000,true,1,177871
7290000199313,false,תחבושות עם כנפיים נורמל פלוס קוטקס 30 יחידות,חוגלה קימברלי,,קוטקס תחבושות יאנג 2,יחידה,28.00,יחידה,false,,20.00,0.7143,true,1,72232
7290000203294,false,תחתון סופג אפרסק נשים L,חוגלה קימברלי,,דיפנד תחתון סופג צבע,יחידה,16.00,יחידה,false,,80.00,5.0000,true,1,86350
7290000204086,false,ניקול כרית קרצוף מארז שלישייה,חוגלה קימברלי,,ניקול כרית קרצוף 3יח,יחידה,3.00,יחידה,false,,10.00,3.3333,true,1,72234
7290000204147,false,רביעיית כרית יפנית עבה ניקול 4 יחידות,חוגלה קימברלי,,ניקול כריות יפניות 2,יחידה,4.00,יחידה,false,,10.00,2.5000,true,1,76054
7290000204215,false,שישיית כרית יפנית ניקול 6 יחידות,חוגלה קימברלי,,ניקול כריות יפניות ש,יחידה,6.00,יחידה,false,,10.00,1.6667,true,1,72235
7290000204253,false,מטליות רב שימושיות לניקיון ניקול 9 יחידות,נועם אורים-קיבוץ אור,,ניקול מטלית רב שימוש,יחידה,9.00,יחידה,false,,10.00,1.1111,true,1,72237
7290000204307,false,מטלית רב שימושית בגליל ניקול 40 יחידות,נועם אורים-קיבוץ אור,,מטליות ניקול 40 רב ש,יחידה,40.00,יחידה,false,,19.90,0.4975,true,1,72238
7290000204512,false,מטליות לחות לניקוי רצפה בריח לימון ניקול 10 יחידות,עלבד משואות יצחק בעמ,,ניקול מטליות לחות לר,יחידה,10.00,יחידה,false,,10.00,1.0000,true,1,141840
7290000204611,false,שישיית ספוגית הקסם ניקול 6 יחידות,חוגלה קימברלי,,ניקול ספוגית הקסם שי,יחידה,6.00,יחידה,false,,10.00,1.6667,true,1,72239
7290000205915,false,חיתולי האגיס אקסטרה קייר מידה 4 40 יחידות,חוגלה קימברלי,,האגיס אקסטרה מידה 4,יחידה,0.00,יחידה,false,,54.90,0.0000,true,1,119292
7290000207063,false,רסק עגבניות פריכוז 28% 240 גרם יכין,היינץ צפון אמריקה מק,,רסק עגבניות פריכוז 2,גרמים,260.00,100 גרם,false,,5.00,0.0192,true,1,53795
7290000207162,false,רוטב עגבניות מרכיב טבעי 100 ג' יכין,"זנלכל בע""\מ",,רסק עגבניות מרכיב טב,גרמים,100.00,100 גרם,false,,2.50,0.0250,true,1,53455
7290000207438,false,עגבניות 2.5 A קוביות 850 גרם יכין,"זנלכל בע""\מ",,קוביות עגבניות,גרמים,800.00,100 גרם,false,,7.10,0.0089,true,1,60010
7290000208008,false,רסק פלפל חריף חריסה A2 יכין 550 ג',"זנלכל בע""\מ",,A2 חריסה,גרמים,570.00,100 גרם,false,,8.00,0.0140,true,1,52934
7290000208077,false,אפונת גינה רגילה 550 גרם יכין,"זנלכל בע""\מ",,אפונה גדולה א-2,גרמים,550.00,100 גרם,false,,6.00,0.0109,true,1,52935
7290000208114,false,"אפונה וגזר יכין A2 פ""ק בית יוסף","זנלכל בע""\מ",,אפונה וגזר א2,גרמים,550.00,100 גרם,false,,6.00,0.0109,true,1,52832
7290000208213,false,שעועית לבנה אפויה A2 ברוטב עגבניות יכין 560ג',היינץ צפון אמריקה מק,,A2 שעועית לבנה ברוטב,גרמים,580.00,100 גרם,false,,6.00,0.0103,true,1,54217
7290000208220,false,"שעועית צ'לי יכין פ""ק A2 בית יוסף",היינץ צפון אמריקה מק,,A2 שעועית צילי,גרמים,550.00,100 גרם,false,,6.90,0.0125,true,1,52938
7290000208244,false,"בסיס לשקשוקה יכין A2 פ""ק בית יוסף","זנלכל בע""מ",,A2 בסיס עגבניות לשק,גרמים,570.00,100 גרם,false,,8.00,0.0140,true,1,53797
7290000208268,false,שעועית צהובה 560 גר יכין,קריות זול,,שעועית צהובה א-2.,גרמים,550.00,100 גרם,false,,8.00,0.0145,true,1,52940
7290000208312,false,גרעיני תירס מתוק בואקום יכין 400 גר',"זנלכל בע""\מ",,12OZ גרעיני תירס מתו,גרמים,325.00,100 גרם,false,,5.50,0.0169,true,1,54218
7290000208329,false,גרעיני תירס מתוק 550 גרם יכין,"זנלכל בע""\מ",,A2 גרעיני תירס מתוק,גרמים,550.00,100 גרם,false,,6.00,0.0109,true,1,53799
7290000208404,false,A2 פול מצרי 550 גרם יכין,"זנלכל בע""\מ",,A2 פול מצרי ללא סוכר,גרמים,550.00,100 גרם,false,,6.00,0.0109,true,1,54219
7290000208428,false,גרגרי חומוס שלם 550 גרם יכין,"זנלכל בע""\מ",,חומוס שלם ללא סוכר 5,גרמים,550.00,100 גרם,false,,6.00,0.0109,true,1,52833
7290000208459,false,"לקט אפונה, תפוחי אדמה וגזר יכין 550 גרם","זנלכל בע""\מ",,ירקות מעורבים,גרמים,600.00,100 גרם,false,,8.00,0.0133,true,1,53800
7290000208800,false,גרעיני תירס מתוק לילדים 400 גרם יכין,זנלכל,,תירס קיד יכין מתוק,גרמים,400.00,100 גרם,false,,5.50,0.0138,true,1,53801
7290000208855,false,רוטב לפסטה קלאסי 240 גרם יכין,"זנלכל בע""\מ",,רוטב עגבניות לפסטה 2,גרמים,260.00,100 גרם,false,,5.00,0.0192,true,1,54220
7290000208978,false,רוטב עגבניות פריכוז יכין 100 גרם,היינץ צפון אמריקה מק,,רסק פריכוז %28 100 ג,גרמים,100.00,100 גרם,false,,3.90,0.0390,true,1,79049
7290000209012,false,חומץ 1ליטר יכין הדרים,"זנלכל בע""\מ",,חומץ הדרים 1 ליטר,ליטרים,1.00,ליטר,false,,8.00,8.0000,true,1,54332
7290000209043,false,מיץ לימון לתיבול יכין 1 ליטר,היינץ צפון אמריקה מק,,מיץ לימון משומר 1ליט,ליטרים,1.00,ליטר,false,,8.00,8.0000,true,1,54333
7290000209272,false,סירופ פטל יכין 2 ליטר,,,סירופ פטל 2 ליטר,ליטרים,2.00,ליטר,false,,17.00,8.5000,true,1,53461
7290000209326,false,רוטב עגבניות 28% פרי מבורך,,,יכין רסק עגבניות 3 ק,קילוגרמים,3.00,"ק""ג",false,,20.00,6.6667,true,1,79737
7290000209371,false,תירס מתוק יכין 200 גרם מארז 3 יח',היינץ צפון אמריקה מק,,יכין תירס 3*340גר,גרמים,450.00,100 גרם,false,,10.90,0.0242,true,1,109780
7290000209524,false,סירופ דיאט בטעם פטל יכין 1 ליטר,"זנלכל בע""\מ",,סירופ דיאט פטל 1 ליט,ליטרים,1.00,ליטר,false,,8.90,8.9000,true,1,54223
7290000209531,false,סירופ דיאט בטעם אשכוליות יכין 1 ליטר,"זנלכל בע""\מ",,סירופ דיאט אשכוליות,ליטרים,1.00,ליטר,false,,8.90,8.9000,true,1,52948
7290000209708,false,עגבניות מרוסקות עם בזיליקום יכין 240 גרם,היינץ צפון אמריקה מק,,עגבניות מרוסקות בתוס,גרמים,260.00,100 גרם,false,,5.00,0.0192,true,1,54336
7290000209715,false,רסק עגבניות מרוכז 22% 570 גר',זנלכל,,A2 רסק עגבניות 22%-,גרמים,600.00,100 גרם,false,,7.00,0.0117,true,1,54224
7290000209722,false,רסק עגבניות 28% פריכוז 580 גרם יכין,"זנלכל בע""\מ",,A2 רסק עגבניות פריכו,גרמים,580.00,100 גרם,false,,7.50,0.0129,true,1,53465
7290000209906,false,עגבניות מרוסקות בתוספת בצל 240 גרם יכין,זנלכל,,עגבניות מרוסקות 260,גרמים,260.00,100 גרם,false,,5.00,0.0192,true,1,53466
7290000209913,false,עגבניות חתוכות לקוביות 240 גרם יכין,"זנלכל בע""\מ",,עגבניות קוביות 260 ג,גרמים,260.00,100 גרם,false,,5.00,0.0192,true,1,60016
7290000209951,false,רוטב עגבניות לפיצה 260 גרם יכין,"זנלכל בע""\מ",,יכין רוטב עגבניות לפ,גרמים,260.00,100 גרם,false,,5.00,0.0192,true,1,54337
7290000209968,false,רוטב עגבניות ללזניה יכין 240 גרם,"זנלכל בע""\מ",,רוטב לזניה 260 גרם,גרמים,260.00,100 גרם,false,,5.00,0.0192,true,1,53467
7290000210360,false,גרעיני תירס מתוק פרי מבורך,,,תירס 3 קג A9 יכין,קילוגרמים,3.00,"ק""ג",false,,21.90,7.3000,true,1,54225
7290000210438,false,עגבניות מרוסקות יכין,,,עגבניות מרוסקות יכין,יחידה,0.00,יחידה,false,,21.90,0.0000,true,1,168411
7290000210469,false,עגבניות שלמות יכין A2.5 בית יוסף,זנלכל,,עגבניות שלמות יכין 7,גרמים,800.00,100 גרם,false,,7.10,0.0089,true,1,54338
7290000211169,false,"אורז תאילנדי אחד אחד סוגת 1 ק""ג",האי נאם סי או אל.טי.,,סוגת אורז תאילנדי אח,קילוגרמים,1.00,"ק""ג",false,,4.90,4.9000,true,1,53410
7290000211312,false,סוגת אורז מלא פרסי אחד אחד 1 קג,האי נאם סי או אל.טי.,,סוגת אורז מלא פרסי א,קילוגרמים,1.00,"ק""ג",false,,7.90,7.9000,true,1,54438
7290000211374,false,"קמח חיטה מלא סוגת 1 ק""ג",טחנת קמח דגן-שטיבל,,"קמח מלא 1 ק""ג",קילוגרמים,1.00,"ק""ג",false,,5.90,5.9000,true,1,54228
7290000211442,false,"סוגת אורז פרסי קלאסי שקית 1 ק""ג",האי נאם סי או אל.טי.,,סוגת אורז פרסי קלאסי,גרמים,1000.00,100 גרם,false,,9.90,0.0099,true,1,53806
7290000211503,false,סוכר לבן ארוז בשקית,"סוגת תעשיות בע""\מ",,"סוכר סוגת 1 ק""ג",קילוגרמים,1.00,"ק""ג",false,,4.10,4.1000,true,1,72242
7290000211626,false,"סוגת אורז חיש 1 ק""ג","סוגת תעשיות בע""\מ",,"סוגת אורז חיש 1 ק""ג",קילוגרמים,1.00,"ק""ג",false,,11.10,11.1000,true,1,54439
7290000211985,false,"סוגת אורז עגול ריזוטו 1 ק""ג","סוגת תעשיות בע""\מ",,"סוגת אורז ריזוטו 1ק""",קילוגרמים,1.00,"ק""ג",false,,9.90,9.9000,true,1,53469
7290000212173,false,וופל טעם שוקולד מנעמים 500 ג',קריות זול,,וופל טעם שוקולד 500,גרמים,500.00,100 גרם,false,,10.00,0.0200,true,1,53411
7290000212272,false,"וופל חגיגה מנעמים 1ק""ג",,,וופל 1קג חגיגה,קילוגרמים,1.00,"ק""ג",false,,15.90,15.9000,true,1,169339
7290000212401,false,וופלים מצופית מנעמים 400 גרם,"מנעמים תעשיות מזון בע""\מ",,וופל מצופית 400גר,גרמים,400.00,100 גרם,false,,10.00,0.0250,true,1,54440
7290000212579,false,וופלים מצופים מנעמים 800 גרם מארז 40 יחידות,מנעמים,,מנעמים וופל מצופה 40,גרמים,800.00,100 גרם,false,,18.00,0.0225,true,1,60020
7290000212593,false,גביעי גלידה מנעמים 3,ממתקי השלום,,גביעי גלידה 30 יח',יחידה,30.00,יחידה,false,,7.00,0.2333,true,1,54441
7290000220004,false,אוזני המן,,,אוזני המן,קילוגרמים,1.00,"ק""ג",true,,39.90,39.9000,true,1,151659
7290000226569,false,"עוגת טורט קצפת שוקולד קפולסקי 1 ק""ג",תופינים מקבוצת קפולסקי,,עוגת טורט קצפת שוקול,יחידה,1.00,יחידה,false,,59.90,59.9000,true,1,54446
7290000226583,false,עוגת דובוש קצפת נפול,קפולסקי שיווק וקמעונ,,עוגת קצפת נפוליאון,גרמים,430.00,100 גרם,false,,34.90,0.0812,true,1,52844
7290000238029,false,"בצק עלים צרפתי מרודד מעדנות 1 ק""ג",מיוצר עי קונדיטוריית,,מעדנות בצק עלים צרפת,יחידה,1.00,יחידה,false,,21.90,21.9000,true,1,53729
7290000238036,false,מלאווח בקופסא מעדנות 700 גרם,מיוצר עי קונדיטוריית,,מעדנות מלווח 700 גרם,גרמים,700.00,100 גרם,false,,16.90,0.0241,true,1,53814
7290000238173,false,בורקס גבינה מעדנות 800 גרם,מיוצר עי קונדיטוריית,,מעדנות בורקס גבינה 8,גרמים,800.00,100 גרם,false,,19.90,0.0249,true,1,60024
7290000238180,false,בורקס תפוחי אדמה מעדנות 800 גרם,מיוצר עי קונדיטוריית,,"מעדנות בורקס תפו""א 8",גרמים,800.00,100 גרם,false,,18.90,0.0236,true,1,53414
7290000240541,false,ריבועי בצק עלים מעדנות 800 גרם,מיוצר עי קונדיטוריית,,מעדנות ריבועי בצק בו,גרמים,800.00,100 גרם,false,,23.00,0.0288,true,1,54447
7290000241164,false,"פילה מרלוזה שקית ק""ג",,,"פילה מרלוזה שקית ק""ג",קילוגרמים,1.00,"ק""ג",true,,17.90,17.9000,true,1,158666
7290000243115,false,שמן סויה מגד 1 ליטר,,,שמן סויה מגד 1 ליטר,ליטרים,1.00,ליטר,false,,7.90,7.9000,true,1,62665
7290000243177,false,שמן זך שמן סויה 920,Unknown,,שמן זך שמן סויה 920,מיליליטרים,920.00,"100 מ""ל",false,,6.50,0.7065,true,1,78436
7290000244051,false,"הוואי שלישיית סבון נוזלי משב טרופי 500 מ""ל",טרופיקל דגיל,,הוואי סבון נוזלי מ.ט,מיליליטרים,500.00,"100 מ""ל",false,,15.90,3.1800,true,1,184330
7290000244143,false,"הוואי - קרם לאחר גילוח 120 מ""ל",טרופיקל דגיל קוסמטיק,,הואי קרם לאחר גילוח,גרמים,120.00,100 גרם,false,,21.90,0.1825,true,1,52849
7290000244280,false,משחת גילוח רגיל 80 מ,טרופיקל דגיל,,משחת גלוח רגילה,יחידה,0.00,יחידה,false,,10.00,0.0000,true,1,53733
7290000244631,false,ענוגה גליצרין קרם ידיים 80 מל,טרופיקל דגיל,,קרם ענוגה גליצרין,יחידה,750.00,יחידה,false,,9.90,0.0132,true,1,52954
7290000245072,false,סוד מרכך כביסה בייבי סנסטיב 4 ליטר,"הנקל סוד בע""\מ",,סוד מרכך כביסה תינוק,ליטרים,4.00,ליטר,false,,18.90,4.7250,true,1,60025
7290000245089,false,סוד סופט מרכך כביסה סגול 4 ליטר,"הנקל סוד בע""מ",,סוד מרכך כביסה סגול,ליטרים,4.00,ליטר,false,,18.90,4.7250,true,1,60026
7290000245713,false,סוד לרצפה ריח פרחים 4 ל',,,טופ סוד לרצפה ריח פר,ליטרים,4.00,ליטר,false,,20.00,5.0000,true,1,52956
7290000245782,false,סוד סופט מרכך כביסה ורוד 4 ליטר,"הנקל סוד בע""\מ",,סוד מרכך כביסה ורוד,ליטרים,4.00,ליטר,false,,18.90,4.7250,true,1,53416
7290000245799,false,סוד סופט מרכך כביסה כחול 4 ליטר,"הנקל סוד בע""\מ",,סוד מרכך כביסה כחול,ליטרים,4.00,ליטר,false,,18.90,4.7250,true,1,53736
7290000253220,false,שוקולד צ'יפס חום אופנהיימר 260 גר',אופנהיימר,,אופנהיימר שוק ציפס 2,גרמים,260.00,100 גרם,false,,11.90,0.0458,true,1,52957
7290000253251,false,שוקולד צ'יפס לבן אופנהיימר 250 גרם,אופנהיימר,,אופנהיימר שוקולד ציפ,גרמים,300.00,100 גרם,false,,11.90,0.0397,true,1,53417
7290000253411,false,סוכריות לקישוט צבעונ,אחים מזרחי,,סוכריות לקישוט צבעונ,יחידה,0.00,יחידה,false,,4.90,0.0000,true,1,175899
7290000253572,false,סוכריות קישוט לעוגה,אופנהיימר,,סוכריות לקישוט חום 8,יחידה,0.00,יחידה,false,,4.90,0.0000,true,1,178710
7290000254197,false,קפה אספרסו זהב עלית 200 גרם,קריות זול,,עלית אספרסטו זהב 200,גרמים,200.00,100 גרם,false,,25.40,0.1270,true,1,53818
7290000260839,false,ספרינג משקה תפוזים 1.5ל',יפאורה שותפות מובגלת לשיווק,,ספרינג משקה בטעם תפו,ליטרים,1.50,ליטר,false,,5.90,3.9333,true,1,54451
7290000260853,false,ספרינג משקה מנגו 1.5 ל',יפאורה שותפות מובגלת לשיווק,,ספרינג משקה בטעם מנג,ליטרים,1.50,ליטר,false,,5.90,3.9333,true,1,52855
7290000260860,false,ספרינג משקה אפרסק 1.5 ל',יפאורה שותפות מובגלת לשיווק,,ספרינג משקה בטעם אפר,ליטרים,1.50,ליטר,false,,5.90,3.9333,true,1,54452
7290000260969,false,ספרינג אשכולית/אננס לייט,יפאורה שותפות מובגלת לשיווק,,ספרינג משקה דיאט בטע,ליטרים,1.50,ליטר,false,,5.90,3.9333,true,1,54453
7290000262161,false,נייר טואלט לב אדום 40 גלילים מולט,מולט / שמורת טבע,,נייר מולט 40 יח,יחידה,40.00,יחידה,false,,35.90,0.8975,true,1,181643
7290000262239,false,נייר טואלט מולט 48 גלילים,קימברלי-קלארק,,נייר טואלט מולט לב 4,יחידה,48.00,יחידה,false,,38.00,0.7917,true,1,60028
7290000262413,false,חיתולי האגיס אקסטרה קייר מידה 5 34 יחידות,חוגלה קימברלי,,האגיס אקסטרה מידה 5,יחידה,0.00,יחידה,false,,54.90,0.0000,true,1,119293
7290000263359,false,חיתולים ליטל בייביז מידה 1 האגיס 40 יחידות,קימברלי קלארק שיווק,,האגיס פיור נטורל שלב,יחידה,40.00,יחידה,false,,29.90,0.7475,true,1,53738
7290000272696,false,עסיס מיץ לימון טבעי משומר 1 ל' אסם,בית-השיטה עסיס תעשיות מז,,עסיס מיץ לימון משומר,ליטרים,1.00,ליטר,false,,10.90,10.9000,true,1,53823
7290000272726,false,חומץ רכיבים רכיבים טבעיים 5% עסיס 1 ליטר,בית-השיטה עסיס תעשיות מז,,עסיס חומץ טבעי 5% 1,ליטרים,1.00,ליטר,false,,7.50,7.5000,true,1,53153
7290000281382,false,נתחי פילה דג סלמון ק,,,נתחי פילה דג סלמון ק,קילוגרמים,1.00,"ק""ג",true,,79.90,79.9000,true,1,166665
7290000284316,false,קוקה -קולה בקבוק 1.5 ליטר,החברה המרכזית לייצור משקאות,,קוקה קולה 1.5 ליטר,ליטרים,1.50,ליטר,false,,6.50,4.3333,true,1,60032
7290000284347,false,קינלי סודה בקבוק 1.5,החברה המרכזית לייצור משקאות,,קינלי סודה 1.5 ליטר,ליטרים,1.50,ליטר,false,,4.00,2.6667,true,1,60033
7290000284361,false,קולה דיאט בקבוק 1.5 ל',החברה המרכזית לייצור משקאות,,דיאט קוקה קולה 1.5 ל,ליטרים,1.50,ליטר,false,,6.50,4.3333,true,1,53155
7290000285849,false,שוופס מי סודה 1.5 ליטר,יפאורה שותפות מובגלת לשיווק,,שוופס סודה 1.5 ליטר,ליטרים,1.50,ליטר,false,,2.90,1.9333,true,1,53156
7290000286297,false,"אנטי קאלק מסיר אבנית מקומקום סנו 700 מ""ל",סנו מפעלי ברונוס בעמ,,מסיר אבן מקומקום אנט,מיליליטרים,700.00,"100 מ""ל",false,,9.90,1.4143,true,1,62666
7290000286471,false,סנו מדיק ג'ל לניקוי ידיים דמויות סיליקון,nantong health & bey,,סנו מדיק עם דמויות ג,מיליליטרים,100.00,"100 מ""ל",false,,10.90,10.9000,true,1,180064
7290000286877,false,"רב מתכת מנקה מתכות סנו 300 מ""ל",סנו,,סנו רב מתכת,יחידה,300.00,יחידה,false,,24.90,0.0830,true,1,63542
7290000286921,false,"ספריי להסרת כתמים סנו קל 750 מ""ל",סנו מפעלי ברונוס בעמ,,"סנוקל רסס כבס 750מ""ל",מיליליטרים,750.00,"100 מ""ל",false,,14.90,1.9867,true,1,63543
7290000288024,false,סנו - ז'אוול אקונומיקה בריח לימון 4 ליטר,"סנו מפעלי ברונוס בע""מ",,סנו זאוול בריח לימון,ליטרים,4.00,ליטר,false,,15.90,3.9750,true,1,64123
7290000288048,false,סנו זאוול מרסס מונבלאן 1 ליטר,"סנו מפעלי ברונוס בע""מ",,סנו ג'אוול מרסס לבנד,ליטרים,1.00,ליטר,false,,15.90,15.9000,true,1,62740
7290000288086,false,אבקת ניקוי עם אקונומיקה בריח לימון סנו ז'אוול 600 ג',מיוצר עי קונדיטוריית,,אבקת ניקוי ג'אוול לי,גרמים,600.00,100 גרם,false,,9.90,0.0165,true,1,63546
7290000288291,false,סנומט דוחה יתושים לוחיות אידוי 30 יחידות,טרופיקל דגיל תעשיות,,סנומט-30 טבליות,יחידה,30.00,יחידה,false,,12.90,0.4300,true,1,63555
7290000288352,false,"קוטל חרקים וזוחלים K-300 סנו 630 מ""ל","סנו מפעלי ברונוס בע""מ",,K - 300,מיליליטרים,630.00,"100 מ""ל",false,,20.90,3.3175,true,1,63826
7290000288383,false,"קוטל נמלים ותיקנים K-500 סנו 400 מ""ל",מיוצר עי קונדיטוריית,,נמלים K-500,מיליליטרים,405.00,"100 מ""ל",false,,20.90,5.1605,true,1,62741
7290000288642,false,מקסימה מרכך כביסה סנסיטיב בייבי סנו 4 ליטר,"סנו מפעלי ברונוס בע""\מ",,סנו מקסימה סנסיטיב 4,ליטרים,4.00,ליטר,false,,19.90,4.9750,true,1,63965
7290000288659,false,"סנו - די רולאון דוחה יתושים ג'ונגל 50 מ""ל",טרופיקל דגיל תעשיות,,"סנו די ג'ונגל 50 מ""ל",יחידה,0.00,יחידה,false,,19.90,0.0000,true,1,154511
7290000288727,false,סנו מקסימה אבקת כביסה מאסק מילוי 1.25,קריות זול,,סנו מקסימה מאסק 1.25,קילוגרמים,1.25,"ק""ג",false,,16.90,13.5200,true,1,161154
7290000289069,false,סנו - ז'אוול מרסס קצף ניקוי בתוספת אקונומיקה בריח לימון 1 ליטר,"סנו מפעלי ברונוס בע""מ",,סנו ג'אוול מרסס לימו,ליטרים,1.00,ליטר,false,,15.90,15.9000,true,1,64127
7290000289496,false,"סנו - ז'אוול ג'ל קרם לניקוי כללי לימון 750 מ""ל","סנו מפעלי ברונוס בע""\מ",,סנו ג'אוול ג'ל קרם ל,מיליליטרים,750.00,"100 מ""ל",false,,10.00,1.3333,true,1,63558
7290000289595,false,"אורביטול משחת שיניים לילדים בטעם תות שדה 145 מ""ל",טרופיקל דגיל תעשיות קוסמ,,אורביטול לילדים בטעם,מיליליטרים,100.00,"100 מ""ל",false,,7.00,7.0000,true,1,63559
7290000292137,false,"נוזל לניקוי וטיפול מוצרי עור סנו 500 מ""ל",מיוצר עי קונדיטוריית,,סנו מנקה עור נוזלי,מיליליטרים,500.00,"100 מ""ל",false,,30.00,6.0000,true,1,63365
7290000292557,false,סנומט מלוי נוזלי דוחה יתושים 45 לילות,טרופיקל דגיל תעשיות,,סנומט מלוי 45 לילות,יחידה,0.00,יחידה,false,,14.90,0.0000,true,1,63968
7290000292915,false,"תרסיס לניקוי כללי רסס ונגב סנו 750 מ""ל","סנו מפעלי ברונוס בע""\מ",,סנו רסס ונגב אקדח 60,מיליליטרים,600.00,"100 מ""ל",false,,13.90,2.3167,true,1,63833
7290000292939,false,אקווה בלו למיכל אסלה100ג,סנו מפעלי ברונוס בעמ,,סנו אקוה בלו,גרמים,180.00,100 גרם,false,,13.00,0.0722,true,1,63565
7290000293073,false,מקסימה מרכך כביסה ביו לבן סנו 4 ליטר,"סנו מפעלי ברונוס בע""\מ",,סנו מקסימה ביו לבן 4,ליטרים,4.00,ליטר,false,,19.90,4.9750,true,1,62746
7290000293837,false,"קרמה מן דאודורנט ג'ל אנטיפרספירנט 70 מ""ל",קוסמופארם בעמ,,קרמה מן דאודורנט גל,יחידה,0.00,יחידה,false,,14.90,0.0000,true,1,156690
7290000293943,false,"מרסס לבן מסיר אבנית 1 ליטר אנטי קאלק ""סנו""",מיוצר עי קונדיטוריית,,סנו אנטי קאלק+מתז 1ל,מיליליטרים,1000.00,"100 מ""ל",false,,16.00,1.6000,true,1,62748
7290000294414,false,סנומוד נטול גז מדונה150מ,סנומוד,,סנומוד מדונה,מיליליטרים,150.00,"100 מ""ל",false,,10.90,7.2667,true,1,63367
7290000294780,false,אקונומיקה סמיכה בריח לימון סנו ז'אוול 4 ליטר,"סנו מפעלי ברונוס בע""מ",,סנו זאוול סמיכה 4 לי,ליטרים,4.00,ליטר,false,,15.90,3.9750,true,1,63368
7290000295589,false,טלק לתינוק בייבי כיף 200 גרם,מייצר :אשבל בע''מ .,,טלק בייבי כיף לתנוק,גרמים,200.00,100 גרם,false,,16.90,0.0845,true,1,185921
7290000300900,false,שניצל תירס מרכיבים טבעיים טבעול 750 גרם,עיצובים 2020 (4.8),,שניצל תירס טבע טבעול,גרמים,750.00,100 גרם,false,,34.90,0.0465,true,1,54050
7290000303581,false,פול מצרי פרי הגליל 560 גרם,"פרי הגליל בע""""מ",,פול מיצרי A2,גרמים,560.00,100 גרם,false,,6.00,0.0107,true,1,53157
7290000303598,false,שעועית לבנה ברוטב עגבניות פרי הגליל 570 גרם,"פרי הגליל בע""""מ",,שעועית אפוייה 570 גר,גרמים,580.00,100 גרם,false,,7.00,0.0121,true,1,53745
7290000303604,false,חומוס גרגירים A2 פרי גליל 550ג',"פרי הגליל בע""""מ",,חומוס גרגירים 560 גר,גרמים,560.00,100 גרם,false,,6.00,0.0107,true,1,53427
7290000307015,false,אפונת גינה בינונית פרי הגליל 550 גרם,"פרי הגליל בע""""מ",,אפונת גינה גדול A2,גרמים,550.00,100 גרם,false,,6.00,0.0109,true,1,54456
7290000307046,false,אפונת גינה וגזר פרי הגליל 550 גרם,"פרי הגליל בע""""מ",,אפונה וגזר A2,גרמים,550.00,100 גרם,false,,6.00,0.0109,true,1,54052
7290000307220,false,גרעיני תירס מתוק בואקום פרי הגליל 285 גרם,"פרי הגליל בע""""מ",,תירס ואקום Z12,גרמים,340.00,100 גרם,false,,6.00,0.0176,true,1,53428
7290000307237,false,גרעיני תירס מתוק פרי הגליל 550 גרם,"פרי הגליל בע""""מ",,תירס גרעינים 550 גרם,גרמים,550.00,100 גרם,false,,6.00,0.0109,true,1,54457
7290000307985,false,גרעיני תירס מתוק ללא למלח 325 גרם פרי הגליל,"פרי הגליל בע""""מ",,גרעיני תירס מתוק,גרמים,325.00,100 גרם,false,,6.00,0.0185,true,1,54054
7290000311227,false,"וופלים במילוי קרם קפה ""מן"" 200 גרם","רוקחמן בע""מ",,וופל קפה מן 200 גרם,גרמים,200.00,100 גרם,false,,4.50,0.0225,true,1,181552
7290000311500,false,מן וופלים בטעם שוקולד 500 ג-נ.ל.פ,"רוקחמן בע""מ",,מן וופלים בטעם שוקול,גרמים,500.00,100 גרם,false,,9.90,0.0198,true,1,174529
7290000313184,false,עוגיות חברים גן חיות וניל אסם 250 גר',"הגביע מוצרי וופלים בע""\מ",,חברים ביסקויט גן חיו,גרמים,250.00,100 גרם,false,,8.90,0.0356,true,1,52993
7290000315126,false,קנור ציר עוף משחתי 300 ג,יוניליוור ישראל מזון בע\,,קנור ציר עוף משחתי 3,גרמים,300.00,100 גרם,false,,28.00,0.0933,true,1,54471
7290000315133,false,קנור ציר בקר משחתי 300ג,יוניליוור ישראל מזון בע\,,קנור ציר בקר משחתי 3,גרמים,300.00,100 גרם,false,,28.00,0.0933,true,1,52994
7290000318004,false,פסטרמה מעושנת בציפוי,,,אווז בון יחיעם,קילוגרמים,1.00,"ק""ג",true,,130.00,130.0000,true,1,76455
7290000318127,false,"נקניקיות ביס 380 גרם ""יחיעם""",מעדני יחיעם 1993,,נקניקיות ביס 380 גרם,גרמים,380.00,100 גרם,false,,14.00,0.0368,true,1,49432
7290000318677,false,נקניק סלמי סרוולט יחיעם 150 גרם,מעדני יחיעם 1993,,סלמי סרוולט 150גר יח,גרמים,150.00,100 גרם,false,,29.00,0.1933,true,1,49449
7290000318707,false,נקניק סלמי מעושן יחיעם 500 גרם,מעדני יחיעם 1993,,נקניק סלמי מעושן 500,גרמים,500.00,100 גרם,false,,33.80,0.0676,true,1,49451
7290000318738,false,נקניק עוף אריזה אדומה 450 ג' יחיעם,קריות זול,,נקניק עוף 450 גר,גרמים,450.00,100 גרם,false,,11.00,0.0244,true,1,49453
7290000319124,false,סלמי סרוולט מאפ יחיעם 250 גרם,מעדני יחיעם 1993,,סלמי סרוולט 250 גרם,גרמים,250.00,100 גרם,false,,35.30,0.1412,true,1,70912
7290000319131,false,נקניקיות עוף יחיעם 400 גרם,מעדני יחיעם 1993,,נקניקיות עוף 400ג,גרמים,400.00,100 גרם,false,,11.90,0.0298,true,1,72271
7290000319803,false,קבנוס קלאסי יחיעם 125 גרם,תאי פרזידנט פוד פאבל,,קבנוס קלאסי 125 גרם,גרמים,125.00,100 גרם,false,,13.90,0.1112,true,1,112640
7290000319834,false,קבנוס פפרוני קלאסי 125 גרם,תאי פרזידנט פוד פאבל,,קבנוס פפרוני קלאסי 1,גרמים,125.00,100 גרם,false,,14.90,0.1192,true,1,112641
7290000319964,false,"נקנקיות עוף חריפות 1 ק""ג יחיעם",,,נקניקיות עוף חריפות,יחידה,0.00,יחידה,false,,23.00,0.0000,true,1,182765
7290000327532,false,פפסי קולה 6 1.5 ליטר,"טמפו משקאות בע""\מ",,פפסי קולה 6 1.5 ליטר,ליטרים,1.50,ליטר,false,,29.90,19.9333,true,1,63760
7290000327624,false,מי סודה טמפו 1.5 ליטר,"טמפו משקאות בע""מ",,טמפו סודה 1.5 ליטר,ליטרים,1.50,ליטר,false,,2.90,1.9333,true,1,63573
7290000327631,false,גזוז ראש & טוניק 1.5ליטר,"טמפו משקאות בע""\מ",,טמפו פאנק טוניק 1.5,ליטרים,1.50,ליטר,false,,9.90,6.6000,true,1,99730
7290000334684,false,תפוגן טבעות בצל 700 גרם,"תעשיות תפוגן בע""\מ",,טבעות בצל 700 גרם,גרמים,700.00,100 גרם,false,,16.90,0.0241,true,1,53160
7290000334981,false,"אמריקן צ'יפס 1,2,3 750גר","תעשיות תפוגן בע""\מ",,ציפס תפוגן 1 2 3 75,גרמים,750.00,100 גרם,false,,22.20,0.0296,true,1,169152
7290000336282,false,"פריגת סיידר צלול 330 מ""ל בקבוק",טמפו משקאות בעמ,,סיידר הגליל תפוח 330,מיליליטרים,330.00,"100 מ""ל",false,,7.90,2.3939,true,1,63381
7290000339191,false,אבקת הלבנה רן ללא כל,יוניליוור ניקיון,,אבקת הלבנה רן 350 גר,גרמים,350.00,100 גרם,false,,18.00,0.0514,true,1,60044
7290000339566,false,בדין מרכך כביסה ורוד 4 ליטר,יוניליור ישראל טיפוח איש,,בדין מרכך כביסה ורוד,ליטרים,4.00,ליטר,false,,19.90,4.9750,true,1,60045
7290000339849,false,משחת קלין להדחת כלים ולניקיון כללי בניחוח סמדר,סיף פנטסטיק,,משחת כלים סמדר בדלי,קילוגרמים,3.50,"ק""ג",false,,25.90,7.4000,true,1,60046
7290000339863,false,משחת לימון להדחת כלי,יוניליוור,,משחת כלים לימון בגבי,גרמים,1000.00,100 גרם,false,,14.00,0.0140,true,1,54058
7290000339887,false,"משחת כלים סיף קלין לימון 5 3 ק""ג",אתר ליוור - HPC,,משחת כלים לימוון בדל,קילוגרמים,3.50,"ק""ג",false,,25.90,7.4000,true,1,53002
7290000341071,false,בדין - מרכך כביסה בייבי לבן 2 ליטר,יוניליור ישראל טיפוח איש,,בייבי בדין לבן 2ליטר,ליטרים,2.00,ליטר,false,,14.90,7.4500,true,1,53003
7290000342832,false,מרכך כביסה צהוב בדין 4 ליטר,יוניליוור פארם,,בדין צהוב 4 ליטר,ליטרים,4.00,ליטר,false,,19.90,4.9750,true,1,53437
7290000342856,false,מרכך כביסה כחול בדין 4 ליטר,יוניליור ישראל טיפוח איש,,בדין מרכך כביסה כחול,ליטרים,4.00,ליטר,false,,19.90,4.9750,true,1,54059
7290000345055,false,תה עלים ארל גריי ויסוצקי 100 גרם,מולינו ניקולי s.p.a,,תה ארל גריי 100 גרם,יחידה,0.00,יחידה,false,,15.00,0.0000,true,1,54060
7290000345147,false,תה ארל גריי פחית ויסוצקי 200 גרם,מולינו ניקולי s.p.a,,תה ארל גריי פח 200 ג,גרמים,200.00,100 גרם,false,,34.90,0.1745,true,1,53439
7290000345284,false,תה ויסוצקי קלאסי אריזה ירוקה מרובעת (100 שקיקים),מולינו ניקולי s.p.a,,תה ויסוצקי קלאסיק 10,יחידה,100.00,יחידה,false,,20.00,0.2000,true,1,53162
7290000345291,false,תה ארל גריי ויסוצקי 25 יחידות,תה ויסוצקי,,תה ארל גריי,יחידה,0.00,יחידה,false,,16.00,0.0000,true,1,54483
7290000345307,false,תה ארל גריי ויסוצקי 50 יחידות,מולינו ניקולי s.p.a,,תה ארל גריי 1.5/50,יחידה,0.00,יחידה,false,,29.90,0.0000,true,1,54467
7290000345604,false,תה לימון 25 שקיקים 2 גרם,ויסוצקי,,תה פירות בטעם לימון,יחידה,25.00,יחידה,false,,16.90,0.6760,true,1,60047
7290000345666,false,תה אינגליש ברקפסט 25 שקיקים 2 גרם,ויסוצקי,,תה אינגליש ברפקסט,יחידה,0.00,יחידה,false,,17.00,0.0000,true,1,60048
7290000346021,false,חליטת קמומיל הגן הקסום ויסוצקי 50 יחידות,בית ויסוצקי,,תה קמומיל 50 שקיקים,יחידה,0.00,יחידה,false,,34.90,0.0000,true,1,53004
7290000346120,false,חליטת קינמון הגן הקסום ויסוצקי 25 יחידות,תה ויסוצקי,,קסם הקנמון 25 שקיקים,יחידה,0.00,יחידה,false,,17.90,0.0000,true,1,53164
7290000346137,false,חליטת הילולי פירות הגן הקסום ויסוצקי 25 יחידות,תה ויסוצקי,,הילולי פירות 25 שקיק,יחידה,0.00,יחידה,false,,17.90,0.0000,true,1,53752
7290000346151,false,הגן הקסום תה תות שדה וורד הבר ויסוצקי 25 יחידות,תה ויסוצקי,,תה תות שדה עם ורד הב,יחידה,0.00,יחידה,false,,17.90,0.0000,true,1,54484
7290000346199,false,חליטת פירות יער הגן הקסום ויסוצקי 25 יחידות,תה ויסוצקי,,תה פירות יער 25 שקיק,יחידה,0.00,יחידה,false,,17.90,0.0000,true,1,54569
7290000346229,false,הגן הקסום תה ורד הבר והיביסקוס ויסוצקי 25 יחידות,תה ויסוצקי,,תה ורד הבר והיביסקוס,יחידה,25.00,יחידה,false,,17.90,0.7160,true,1,54061
7290000347202,false,תה בתפזורת תה ויסוצק,,,"תה 74 1 ק""ג",קילוגרמים,1.00,"ק""ג",false,,40.00,40.0000,true,1,53166
7290000347738,false,תה ירוק נענע ויסוצקי 25 יחידות,תה ויסוצקי,,תה ירוק נענע 25 שק,יחידה,25.00,יחידה,false,,24.90,0.9960,true,1,53167
7290000347752,false,תה ירוק לימונית ולואיזה 25 שקיקים *1.5 ג'' ויסוצקי,תה ויסוצקי,,תה ירוק לימונית ולוא,יחידה,25.00,יחידה,false,,24.90,0.9960,true,1,53755
7290000355382,false,עגבניות מרוסקות בזיליקום טל 800 גרם,"מילוז(1989)בע""""מ",,עגבניות מרוסקות עם ב,גרמים,800.00,100 גרם,false,,7.50,0.0094,true,1,54574
7290000355412,false,עגבניות מרוסקות A2.5 ושום טל וטרי 800 גר',"מילוז(1989)בע""""מ",,עג.מרוסקות +שום 800,גרמים,800.00,100 גרם,false,,7.50,0.0094,true,1,53756
7290000355481,false,רסק עגבניות BX22 טומטו 600ג' A2,"מילוז(1989)בע""""מ",,רסק עגבניות 22% טומט,גרמים,580.00,100 גרם,false,,5.90,0.0102,true,1,54486
7290000355504,false,רסק עגבניות 22% טל 6,,,רסק עגבניות 22% טל 6,גרמים,600.00,100 גרם,false,,6.00,0.0100,true,1,53757
7290000355511,false,רכז עגבניות 28% 580 גרם,מילוז,,רסק עגבניות 28% טל 5,גרמים,580.00,100 גרם,false,,6.50,0.0112,true,1,53009
7290000356648,false,עגבנ.מרוסק.עם שום300X2ג,מילוז,,זוג עגבניות מרוסקות,גרמים,600.00,100 גרם,false,,10.00,0.0167,true,1,54487
7290000356662,false,עגבניות מרוסקות בזיל,ויטה פרי גליל,,זוג עגבניות מרוסקות,גרמים,600.00,100 גרם,false,,10.00,0.0167,true,1,53603
7290000363363,false,קבנוס נקניק מעושן יבש 160 גרם,הנסיך- מפעל לייצור ט,,טירת צבי קבנוס מיוחד,גרמים,160.00,100 גרם,false,,16.90,0.1056,true,1,60055
7290000363899,false,נקניקיות פיקנטיות טירת צבי 400 גרם,טירת צבי - מדף,,טירת צבי נקניקיות פי,גרמים,400.00,100 גרם,false,,14.00,0.0350,true,1,53922
7290000364131,false,סלמי פריזר כפרי טירת 400 ג' צבי,טירת צבי,,טירת צבי נקניק פריזר,גרמים,400.00,100 גרם,false,,17.20,0.0430,true,1,53015
7290000364858,false,"נקניקיות עוף טרי טירת צבי 1 ק""ג",הנסיך- מפעל לייצור ט,,טירת צבי נקניקיות עו,קילוגרמים,1.00,"ק""ג",false,,30.30,30.3000,true,1,53607
7290000364872,false,נקניקיות עוף טירת צבי 400 גרם,טיב טירת צבי 2000,,טירת צבי נקניקיות עו,גרמים,400.00,100 גרם,false,,14.00,0.0350,true,1,53173
7290000364957,false,נקניקיות עוף מיני מיני טירת צבי 700 גרם,הנסיך- מפעל לייצור ט,,טירת צבי נקנקיות מינ,גרמים,700.00,100 גרם,false,,27.20,0.0389,true,1,53923
7290000367590,false,פסטרמה כפרית וסלמי פריזר כפרי טירת צבי 2*400 גרם,טיב טירת צבי 2000,,טירת צבי צמד כפרי נק,גרמים,800.00,100 גרם,false,,36.90,0.0461,true,1,53177
7290000377445,false,נש צ'אנס קליית גת 200 גרם,"ג'י אנד ג'י בע""מ",,נש צאנס בשקית 200 גר,גרמים,200.00,100 גרם,false,,9.10,0.0455,true,1,53927
7290000377452,false,גרעיני אבטיח קלויים ומלוחים קלית גת 200,הדקלאים אגודת שיתופי,,גרעיני אבטיח 200 גרם,גרמים,200.00,100 גרם,false,,12.00,0.0600,true,1,54580
7290000379104,false,לחם אחיד פרוס אנג'ל 750 גרם,מאפיית אנג'\ל אורנים מאפ,,לחם אחיד פרוס 750גר,גרמים,750.00,100 גרם,false,,6.90,0.0092,true,1,77973
7290000379203,false,לחם עינן קל פרוס מחיטה מלאה אנג'ל 500 גרם,מאפיית שלמה א. אנג'\ל בע,,לחם עינן קל אנגל,גרמים,500.00,100 גרם,false,,14.90,0.0298,true,1,77972
7290000379357,false,חלה קלה פרוסה אנגל 5,מאפיית שלמה א. אנג'\ל בע,,חלה קלה 500גר,גרמים,500.00,100 גרם,false,,14.90,0.0298,true,1,77975
7290000400717,false,תערובת סטייק מונטריא,,,תערובת סטייק מונטריא,קילוגרמים,1.00,"ק""ג",true,,79.00,79.0000,true,1,160239
7290000403517,false,חזה אווז ארוז קפוא,,,חזה אווז,קילוגרמים,1.00,"ק""ג",true,,94.90,94.9000,true,1,106287
7290000407011,false,חלווה וניל קלאסית,,,חלווה וניל קלאסית,קילוגרמים,1.00,"ק""ג",true,,50.00,50.0000,true,1,76572
7290000408316,false,יוגורט דנונה דל לקטוז 200 גרם,מיוצר עי קונדיטוריית,,דנונה טבעי 3% 200 גר,גרמים,200.00,100 גרם,false,,3.50,0.0175,true,1,53250
7290000408354,false,יוגורט עם אורז מצופה שוקולד קקאו 175 ג' דנונה,"שטראוס בריאות בע""\מ",,דנונה בר פיצפוצים 17,מיליליטרים,175.00,"100 מ""ל",false,,4.30,2.4571,true,1,54070
7290000412764,false,"פזטוקס קוטל חרקים סנו 630 מ""ל",קריות זול,,פזטוקס מעופפים,מיליליטרים,630.00,"100 מ""ל",false,,17.90,2.8413,true,1,64242
7290000416021,false,ממרח בטעם שוקולד השחר חלבי 500,השחר העולה,,ממרח שחר 500 גרם,גרמים,500.00,100 גרם,false,,12.90,0.0258,true,1,54493
7290000416045,false,"ממרח בטעם שוקולד השחר 1 ק""ג",השחר העולה תעשייות מ,,"ממרח שחר 1 ק""ג",גרמים,1000.00,100 גרם,false,,25.00,0.0250,true,1,53928
7290000416076,false,"צימקאו לאפייה וציפוי השחר 400 גרם כשל""פ",השחר העולה תעשייות מ,,השחר שוקולד צימקאו ל,גרמים,400.00,100 גרם,false,,15.00,0.0375,true,1,53251
7290000416113,false,"ממרח השחר חלבי בד""ץ400ג",השחר,,"השחר ממרח חלבי בד""ץ",גרמים,400.00,100 גרם,false,,12.90,0.0323,true,1,101813
7290000416151,false,ממרח אגוזי לוז עם קק,,,ממרח אגוזי לוז עם קק,גרמים,350.00,100 גרם,false,,13.90,0.0397,true,1,172511
7290000416809,false,ממרח חצי חצי נוגט אגוזים וקרם חלב השחר 350ג',השחר העולה תעשייות מ,,חצי חצי קרם מובחר למ,גרמים,350.00,100 גרם,false,,11.90,0.0340,true,1,151738
7290000416922,false,השחר ממרח חלב 350 גרם,השחר העולה תעשייות מ,,ממרח חלב 350 גרם,גרמים,350.00,100 גרם,false,,11.90,0.0340,true,1,151739
7290000419107,false,לנדוור קפה מקורי לבוקר טחון טורקי 100 גרם,קפה לנדוור בע''מ,,לנדוור כחול המקורי ט,גרמים,100.00,100 גרם,false,,9.00,0.0900,true,1,54073
7290000419220,false,לנדוור כחול המקורי קפה טחון טורקי 3*100 גרם 16 יח',קפה לנדוור,,לנדוור קפה כחול 3*10,גרמים,300.00,100 גרם,false,,25.90,0.0863,true,1,54582
7290000420325,false,"פופסטאר פופקורן למקירוגל בטעם טבעי 5 שקיות,500 גרם",פרסטון פארמס,,פופ קורן טבעי למיקרו,גרמים,600.00,100 גרם,false,,17.00,0.0283,true,1,54497
7290000420332,false,פופסטאר פופקורן למיקרוגל בטעם חמאה 5 יחידות 500 גרם,פרסטון פארמס,,פופ קורן חמאה למיקרו,יחידה,5.00,יחידה,false,,17.00,3.4000,true,1,54498
7290000430102,false,קוביות קרח בשקית מיסטר אייס 2 קילו,"אייס (קיובס) בע""מ -",,"שקית קרח 2ק""ג",יחידה,0.00,יחידה,false,,8.90,0.0000,true,1,88718
7290000433684,false,פפסי קולה 1.5 ליטר,"טמפו משקאות בע""מ",,פפסי קולה 1.5 ליטר,ליטרים,1.50,ליטר,false,,4.90,3.2667,true,1,63763
7290000433714,false,סבן אפ 1.5 ליטר,"טמפו משקאות בע""\מ",,סבן אפ 1.5 ליטר,ליטרים,1.50,ליטר,false,,4.90,3.2667,true,1,63384
7290000433745,false,מירינדה 1.5 ליטר,"טמפו משקאות בע""מ",,מירינדה 1.5 ליטר,ליטרים,1.50,ליטר,false,,4.90,3.2667,true,1,63764
7290000433974,false,פפסי מקס 1.5 ליטר,"טמפו משקאות בע""מ",,פפסי מקס 1.5 ליטר,ליטרים,1.50,ליטר,false,,5.90,3.9333,true,1,62758
7290000442013,false,"פמינה - שטיפה אינטימית לנערות 220 מ""ל",פמינה,,"פמינה יאנג 220 מ""ל",מיליליטרים,330.00,"100 מ""ל",false,,22.90,6.9394,true,1,53178
7290000442044,false,פמינה תחליב רחצה אינטימי חמוציות 220 מל,פמינה,,פמינה שטיפה אינטימית,יחידה,220.00,יחידה,false,,22.90,0.1041,true,1,54583
7290000449128,false,סיף פנטסטיק לימון ניקוי רב תכליתי 4ל',יוניליוור ישראל טיפוח אי,,סיף נ.כללי לימון 4 ל,ליטרים,4.00,ליטר,false,,19.00,4.7500,true,1,54499
7290000450209,false,פוסידון טונה בהירה בשמן 77 גרם,"מיוצר עי וליגר בעמ,",,ט' בשמן פו' (50) 110,גרמים,110.00,100 גרם,false,,5.90,0.0536,true,1,53179
7290000453385,false,שמרים יבשים פארא אינסטנט 500 גרם עלית,פאקא תעשיות בעמ,,פאקא שמרים יבשים 500,גרמים,500.00,100 גרם,false,,12.90,0.0258,true,1,120561
7290000453798,false,שמרית שמרים יבשים אקטיביים 500 גר',"גי' בי' רכיבים בע""מ",,שמרית שמרים יבשים אק,גרמים,500.00,100 גרם,false,,14.90,0.0298,true,1,123083
7290000453866,false,נטורינה תחליף מרגרינה לבישול ואפיה קוקוס שמרית 200 גרם,גרונבאנג- גרונדנסק א,,נטורינה קוקוס 200 גר,גרמים,200.00,100 גרם,false,,7.90,0.0395,true,1,150752
7290000453880,false,מרגרינה ללא מלח לאפיה ובישול שמרית 200גר,"פאקא תעשיות בע""מ",,מרגרינה ללא מלח לאפי,גרמים,200.00,100 גרם,false,,4.90,0.0245,true,1,122889
7290000461625,false,בייגלה שמיניות מלח בייגל בייגל 400 ג',בייגל את בייגל מזון 198),,בייגל בייגלה שמיניות,גרמים,400.00,100 גרם,false,,12.00,0.0300,true,1,53255
7290000461656,false,בייגלה מקלות מלוחים בייגל בייגל 400 גרם,בייגל את בייגל מזון 198),,בייגל בייגלה מקלות 4,גרמים,400.00,100 גרם,false,,12.00,0.0300,true,1,54585
7290000461700,false,בייגלה שמיניות גדולות מלוחות 400 גרם,בייגל את בייגל מזון 198),,בייגלה גדול גדול 400,גרמים,400.00,100 גרם,false,,14.00,0.0350,true,1,54586
7290000461724,false,בייגלה שמיניות גדולות שומשום בייגל בייגל,יוניליוור מזון,,ביגלה גדול גדול שומש,גרמים,400.00,100 גרם,false,,15.00,0.0375,true,1,54079
7290000461877,false,כיס פרלין פרימיום,,,כיס פרלין פרימיום,קילוגרמים,1.00,"ק""ג",true,,49.90,49.9000,true,1,158881
7290000462103,false,סחוג תימני אדום חריף עדין זהבי הכרם 150 גרם,קריניסה ויטמין אס אי,,סחוג אדום חריף עדין,גרמים,150.00,100 גרם,false,,7.90,0.0527,true,1,54587
7290000462141,false,סחוג אדום תימני מקורי חריף מאוד זהבי 150 גרם,קריניסה ויטמין אס אי,,סחוג אדום חריף מאוד,גרמים,150.00,100 גרם,false,,7.90,0.0527,true,1,53182
7290000462172,false,סחוג תימני ירוק חריף זהבי הכרם 150 גרם,קריניסה ויטמין אס אי,,סחוג ירוק חריף מאוד,גרמים,150.00,100 גרם,false,,7.90,0.0527,true,1,54922
7290000463889,false,חרוזית בעשבי תיבול560גרם,בית השיטה,,בית השיטה חרוזית בעש,גרמים,560.00,100 גרם,false,,11.00,0.0196,true,1,60069
7290000464527,false,זית חרוזית מרינד 560,בית השיטה,,זית חרוזית מרינד 430,גרמים,430.00,100 גרם,false,,11.00,0.0256,true,1,53932
7290000465289,false,זיתים ירוקים מבוקעים,בית השיטה,,בית השיטה זיתים ירוק,גרמים,560.00,100 גרם,false,,10.00,0.0179,true,1,53933
7290000468006,false,כרוב כבוש בית השיטה 560ג,בית-השיטה עסיס תעשיו,,בית השיטה כרוב כבוש,גרמים,560.00,100 גרם,false,,7.90,0.0141,true,1,60071
7290000469638,false,"ספריי לגיהוץ קל מריטו 500 מ""ל",בולטון מניטובה,,מריטו ספריי גיהוץ 50,מיליליטרים,500.00,"100 מ""ל",false,,19.90,3.9800,true,1,72294
7290000474090,false,"חלב בקרטון 1%- 1 ליטר בד""צ - מוצר בפיקוח",מילקו תעשיות בעמ,,טרה חלב בקרטון 1% 1ל,ליטרים,1.00,ליטר,false,,5.59,5.5900,true,1,72299
7290000474373,false,"שמנת חמוצה 15% שומן 200 מ""ל טרה",קריות זול,,טרה שמנת חמוצה 15% 2,מיליליטרים,200.00,"100 מ""ל",false,,2.28,1.1400,true,1,72302
7290000474502,false,גבינה לבנה טרה 5% מרכיבים טבעיים,הפריט בפיקוח,,טרה גבינה לבנה 5% 25,גרמים,250.00,100 גרם,false,,4.75,0.0190,true,1,72305
7290000474540,false,טוב טעם גבינה לבנה 3% טרה 250 גרם,קריות זול,,טוב טעם גבינה 3% 250,גרמים,250.00,100 גרם,false,,10.50,0.0420,true,1,72306
7290000478263,false,שוקיים אווז ארוז,,,שוקיים אווז ארוז,קילוגרמים,1.00,"ק""ג",true,,49.90,49.9000,true,1,55690
7290000480107,false,קוואקר שיבולת שועל פחית 500 גרם,וולקרס סנקס לימיטד,,קוואקר שיבולת שועל פ,גרמים,500.00,100 גרם,false,,16.00,0.0320,true,1,62759
7290000481531,false,דגנית עין בר לחמניות אצבע מחיטה מלאה בשקית 750 ג',דגנית עין בר תעשיות מזון,,אצבע חיטה בשקית 10,יחידה,0.00,יחידה,false,,11.90,0.0000,true,1,184536
7290000481883,false,דגנית עין בר מארז לחמניות 10 יח'*75 ג',דגנית עין בר תעשיות מזון,,אצבעות בשקית 10,יחידה,0.00,יחידה,false,,10.90,0.0000,true,1,184534
7290000483412,false,קישוטי עוגה טיפטופים,המרשלג פרלינס בעמ,,המרשלג קישוט עוגה טי,יחידה,0.00,יחידה,false,,14.00,0.0000,true,1,72309
7290000483924,false,המרשלג בצק סוכר 600 גרם,המרשלג,,המרשלג בצק סוכר 600,גרמים,600.00,100 גרם,false,,20.00,0.0333,true,1,72311
7290000493176,false,אסם אבקת רוטב צלי לבשר 22 ג',"אסם השקעות בע""\מ",,רוטב צלי בשר 22 גרם,יחידה,0.00,יחידה,false,,4.50,0.0000,true,1,53938
7290000493183,false,אבקת רוטב פטריות לבשר-30 גרם,"אסם השקעות בע""\מ",,רוטב פיטריות 30גר,יחידה,0.00,יחידה,false,,4.50,0.0000,true,1,53939
7290000504025,false,ממתיק סוכרזית פטרייה עלית 300 גרם,אף.סי תבליני בגליל ב,,סוכרזית פטריה,גרמים,246.00,100 גרם,false,,10.00,0.0407,true,1,53357
7290000504278,false,ממתיק סוכרזית אריזת פטנט 700 טבליות,אף.סי תבליני בגליל ב,,סוכרזית פטנט 700,יחידה,700.00,יחידה,false,,17.00,0.0243,true,1,54890
7290000513463,false,סניקרס באונטי טויקס,,,סניקרס באונטי טויקס,קילוגרמים,1.00,"ק""ג",true,,59.90,59.9000,true,1,145365
7290000518114,false,אבקת סוכר מתוק וקל 200 גרם,קריות זול,,מתוק וקל אבקה 200 גר,גרמים,200.00,100 גרם,false,,8.10,0.0405,true,1,122127
7290000518176,false,ממתיק מתוק וקל 250 שקיות,מתוק וקל בעמ,,מתוק וקל ענק 250 שקי,גרמים,250.00,100 גרם,false,,19.90,0.0796,true,1,53362
7290000518220,false,ממתיק סוכרה דיאט 100 יחידות,פתח תקווה,,סוכרה דיאט 100 שקית,יחידה,0.00,יחידה,false,,23.90,0.0000,true,1,145482
7290000523125,false,מלח הארץ הים האדום 250 ג' עדין,"חברת מלח הארץ אילת בע""\מ",,מלח הארץ ים יבש 250,גרמים,250.00,100 גרם,false,,5.90,0.0236,true,1,54932
7290000523224,false,מלח הארץ הים האדום 500 ג' עדין,"חברת מלח הארץ אילת בע""\מ",,מלח הארץ ים יבש 500,גרמים,500.00,100 גרם,false,,7.90,0.0158,true,1,60079
7290000523521,false,מלח ים מלח הארץ 250 גרם מועשר ביוד,חברת מלח הארץ אילת ב,,מלח הארץ מעושר ביוד,גרמים,250.00,100 גרם,false,,5.90,0.0236,true,1,53363
7290000523804,false,"מלח עדין צנצנת 1 ק""ג מלח הארץ","חברת מלח הארץ אילת בע""\מ",,"מלח עדין 1 ק""ג צנצנת",קילוגרמים,1.00,"ק""ג",false,,6.90,6.9000,true,1,54280
7290000523811,false,"צנצנת מלח גס 1 ק""ג מלח הארץ","חברת מלח הארץ אילת בע""\מ",,"צנצנת 1 ק""ג מלח גס",קילוגרמים,1.00,"ק""ג",false,,6.90,6.9000,true,1,53622
7290000525969,false,מיץ תפוזים סחוט רכיבים טבעיים פרימור 1 ליטר,"גניר (1992) בע""מ",,פרימור מיץ תפוזים 1ל,מיליליטרים,1000.00,"100 מ""ל",false,,15.90,1.5900,true,1,54934
7290000530024,false,נקניק תה מעושן רחב במשקל,זוגלובק,,תה מעושן זוגלובק,קילוגרמים,1.00,"ק""ג",true,,50.00,50.0000,true,1,108913
7290000530086,false,נקניק סלמי מעושן זוגלובק 600 גרם,נקניק נהריה כשר זוגל,,סלמי מעושן 7000 א.מ.,גרמים,610.00,100 גרם,false,,36.00,0.0590,true,1,72322
7290000530109,false,קבנוס זוגי בואקום זוגלובק 180ג',נקניק נהריה כשר זוגל,,זוג קבנוס בווקום,גרמים,360.00,100 גרם,false,,29.90,0.0831,true,1,54082
7290000530116,false,נקניק סלמי מעושן בשן 470 ג' זוגלובק,נקניק נהריה כשר זוגל,,סלמי בשן א.מ.470ג,גרמים,485.00,100 גרם,false,,26.00,0.0536,true,1,53625
7290000530291,false,נקניק מבשר הודו קטן זוגלובק 750 גרם,נקניק נהריה כשר זוגל,,זוגלובק נקניק מבשר ה,גרמים,800.00,100 גרם,false,,19.90,0.0249,true,1,60080
7290000530413,false,המבורגר זהב זוגלובק 400 גרם,נקניק נהריה כשר זוגל,,המבורגר זהב 400 גרם,גרמים,400.00,100 גרם,false,,19.90,0.0497,true,1,54283
7290000530598,false,נקניקיות עוף וינר זוגלובק 500 גרם,נקניק נהריה כשר זוגל,,וינר 500 גר טרי,גרמים,500.00,100 גרם,false,,13.90,0.0278,true,1,54083
7290000530604,false,נקניקיות וינר חריפות גוליבר 500ג זוגלובק,נקניק נהריה כשר זוגל,,נקניקיות חריפות גולי,גרמים,500.00,100 גרם,false,,13.90,0.0278,true,1,54084
7290000530703,false,פסטרמה חרמון כפרית ונקניק תה מעושן זוגלובק 2*400 גרם,נקניק נהריה כשר זוגל,,זוג תה 400 + חרמון 4,גרמים,800.00,100 גרם,false,,25.90,0.0324,true,1,60082
7290000531601,false,סטייקבורגר זהב זוגלובק 400 גרם,נקניק נהריה כשר זוגל,,סטייק בורגר 400 גרם,גרמים,400.00,100 גרם,false,,19.90,0.0497,true,1,54896
7290000531977,false,בורקס גבינה זוגלובק 800 גרם,נקניק נהריה כשר זוגל,,זוגלובק בורקס גבינה,גרמים,800.00,100 גרם,false,,13.90,0.0174,true,1,54897
7290000532479,false,"נקנקיות חריפות 1 ק""ג זוגלובק",זוגלובק,,נקנקיות חריפות 1קג,יחידה,1.00,יחידה,false,,25.90,25.9000,true,1,53273
7290000533353,false,"בצק עלים צרפתי 1 ק""ג זוגלובק",מאפיית אריאל וגידרון,,זוגלובק בצק עלים 1קג,יחידה,1.00,יחידה,false,,13.90,13.9000,true,1,53367
7290000536743,false,שניצלונים קריספי ט. תירס 500 גר' זוגלובק,נקניק נהריה כשר זוגל,,קריספי סטיקס תירס 50,גרמים,500.00,100 גרם,false,,14.90,0.0298,true,1,105978
7290000537566,false,נקניקיות עוף טרי 400 ג' זוגלובק,נקניק נהריה כשר זוגל,,נקניקיות עוף טרי 400,גרמים,400.00,100 גרם,false,,13.90,0.0348,true,1,72323
7290000538105,false,נקניק סלמי סרוולד 200 ג' זוגלובק,נקניק נהריה כשר זוגל,,נקניק סרבלד 200 גרם,גרמים,200.00,100 גרם,false,,38.90,0.1945,true,1,54286
7290000538709,false,נקניק סלמי תה מעושן זוגלובק 200 גרם,זוגלובק,,זוגלובק תה מעושן,גרמים,200.00,100 גרם,false,,14.90,0.0745,true,1,60086
7290000552569,false,סטייקבורגר בקר טיבון ויל 400 גרם,"טיבון ויל אחזקות בע""\מ",,סטייק בורגר 400 גרם,גרמים,400.00,100 גרם,false,,20.90,0.0522,true,1,60088
7290000554402,false,מעדן חלב מלבי גד 160 גרם,"מיוצר ע""\י קוד יצרן EDNK",,גד- מלבי 5%,יחידה,160.00,יחידה,false,,5.50,0.0344,true,1,70001
7290000554457,false,גבינה צפתית 5% 350 גרם - רבנות,"מחלבות גד בע""\מ",,גד צפתית מיני 5% 350,גרמים,350.00,100 גרם,false,,19.90,0.0569,true,1,62866
7290000554471,false,נקניק מוצרלה 22 אחוז 180גרם גד מהדרין,"מחלבות גד בע""\מ",,גד מוצרלה נקניק טבעי,גרמים,180.00,100 גרם,false,,15.90,0.0883,true,1,63770
7290000554532,false,גבינה צפתית מעודנת במלח ים 5% 200 ג' גד,הנסיך- מפעל לייצור ט,,גד צפתית מעודנת במלח,גרמים,200.00,100 גרם,false,,13.90,0.0695,true,1,64247
7290000554600,false,מוצרלה מגורדת 22 אחוז 300גרם גד מהדרין,מחלבות גד בעמ,,גד מוצרלה מגורדת %18,גרמים,300.00,100 גרם,false,,23.90,0.0797,true,1,64248
7290000554624,false,ירח מתוק מעדן חלב עם אורז 3% גד 150 גרם,"מיוצר ע""\י קוד יצרן EDNK",,גד ירח מתוק 150מל,יחידה,150.00,יחידה,false,,5.50,0.0367,true,1,64017
7290000554686,false,גבינת לאבנה בתוספת שמן זית וזעתר 5% גד 250 גרם,מחלבות גד בעמ,,גד לאבנה בשמן זית וז,גרמים,250.00,100 גרם,false,,14.90,0.0596,true,1,63581
7290000554822,false,ריקוטה גבינה לבנה בסגנון איטלקי 5% גד 250 גרם,מחלבות גד בעמ,,גד ריקוטה טבעי 5% 25,גרמים,250.00,100 גרם,false,,13.00,0.0520,true,1,63582
7290000554839,false,מסקרפונה שמנת מתוקה קשה בסגנון איטלקי 40% גד 250 גרם,מחלבות גד בעמ,,גד מסקרפונה 43% 250,גרמים,250.00,100 גרם,false,,20.20,0.0808,true,1,64250
7290000560021,false,אדג' ג'ל ורוד נגד חתכים 198ג',המאפיה של הרמן,,אדג' ג'ל ורוד נגד חת,גרמים,200.00,100 גרם,false,,20.00,0.1000,true,1,53278
7290000560533,false,אדג' ג'ל ירוק לעור רגיל 198גרם,אס.סי ג'ונסון ובניו,,אדג' ג'ל ירוק לעור ר,גרמים,200.00,100 גרם,false,,20.00,0.1000,true,1,60090
7290000560540,false,אדג' ג'ל כתום לעור רגיש 198גרם,המאפיה של הרמן,,אדג' ג'ל כתום לעור ר,מיליליטרים,200.00,"100 מ""ל",false,,20.00,10.0000,true,1,53373
7290000560557,false,אדג' ג'ל סגול כהה לעור יבש 198ג',אס.סי ג'ונסון ובניו,,אדג' ג'ל סגול לעור י,גרמים,200.00,100 גרם,false,,20.00,0.1000,true,1,54904
7290000567142,false,סלמי תה מפולפל יחיעם,,,סלמי תה מפולפל יחיעם,קילוגרמים,1.00,"ק""ג",true,,55.00,55.0000,true,1,117004
7290000572222,false,חלווה בלוק וניל אחוה 500 גרם,שוורצקוף& הנקל דיסלד,,רולדת חלבה 500 גר,גרמים,500.00,100 גרם,false,,12.00,0.0240,true,1,53570
7290000572536,false,אחווה חלווה ווניל במגש 400 גר,אחדות ביחר לטחינה חל,,חלוה וניל 400 גרם,גרמים,400.00,100 גרם,false,,12.00,0.0300,true,1,53629
7290000572628,false,חטיפי חלווה ללא סוכר בקופסא 250 גרם,שוורצקוף& הנקל דיסלד,,"חטיף חלווה לייט לל""ס",גרמים,300.00,100 גרם,false,,12.90,0.0430,true,1,54951
7290000574028,false,לחם שחור מועשר בחומצה פולית וויטמינים דגנים 750 גרם,יוניליוור גרמניה Gm,,לחם שחור פלוס מועשר,יחידה,0.00,יחידה,false,,7.90,0.0000,true,1,184510
7290000574035,false,לחם אחיד פרוס 750גרם דגנית עין בר,יוניליוור גרמניה Gm,,אחיד פרוס,יחידה,0.00,יחידה,false,,6.80,0.0000,true,1,184511
7290000574141,false,לחם חיטה מלא 750ג' דגנית עין בר,דגנית עין בר תעשיות מזון,,לחם חיטה מלא,יחידה,0.00,יחידה,false,,12.90,0.0000,true,1,184520
7290000574172,false,לחם קל מחיטה מלאה 750 ג' דגנית עין בר,דגנית עין בר תעשיות מזון,,לחם קל מחיטה מלאה,יחידה,0.00,יחידה,false,,14.90,0.0000,true,1,184522
7290000574455,false,לחם חיטה מלא פלוס כוסמין 750 ג' דגנית עין בר,פריט ללא פיקוח,,חיטה מלא פלוס כוסמין,יחידה,0.00,יחידה,false,,14.90,0.0000,true,1,184524
7290000598472,false,פילה סלמון מנות פרוס,,,פילה סלמון מנות פרוס,קילוגרמים,1.00,"ק""ג",true,,89.90,89.9000,true,1,149299
7290000599151,false,שיפוד עובי 3 אורך 30,,,שיפוד עובי 3 אורך 30,יחידה,0.00,יחידה,false,,2.00,0.0000,true,1,155418
7290000599168,false,מבריק חלונות בודד,,,מבריק חלונות בודד,יחידה,0.00,יחידה,false,,5.90,0.0000,true,1,182890
7290000599373,false,קיסמי שיניים במלחייה,,,קיסם מלחיה פרפר 200,יחידה,200.00,יחידה,false,,2.00,0.0100,true,1,114391
7290000599434,false,סחבות לרצפה גרניט 3י,נועם אורים תעשיות בע,,סופגנית גרניט *3,יחידה,3.00,יחידה,false,,7.90,2.6333,true,1,123058
7290000599571,false,צמר פלדה בשקית,,,צמר פלדה shiny,יחידה,0.00,יחידה,false,,6.00,0.0000,true,1,171027
7290000599588,false,צמר פלדה 400 גרם shi,,,צמר פלדה 400 גרם shi,גרמים,400.00,100 גרם,false,,10.00,0.0250,true,1,109402
7290000599755,false,מגב מתכת 40 הברגה+מק,,,מגב מתכת מיוחד,יחידה,0.00,יחידה,false,,15.00,0.0000,true,1,114394
7290000599847,false,רב מגבת מויסקו,מ.א,,רב מגבת מויסקו,גרמים,400.00,100 גרם,false,,9.90,0.0248,true,1,171030
7290000599861,false,"מגב פלסטיק 40 ס""מ + הברגה",TBD,,מגב פלסטיק,יחידה,0.00,יחידה,false,,9.90,0.0000,true,1,185657
7290000599977,false,שייני כריות יפניות 9 יח',,,שייני כריות יפניות 9,יחידה,9.00,יחידה,false,,9.90,1.1000,true,1,123069
7290000604343,false,תמר דקל נור 400 גר,פרי וירק טמרה ושותפי,,דקל נור 400 גרם,גרמים,400.00,100 גרם,false,,9.90,0.0248,true,1,122039
7290000628941,false,נסיכת הנילוס פרוס,,,נסיכת הנילוס פרוס,קילוגרמים,1.00,"ק""ג",true,,0.00,0.0000,true,1,189001
7290000648507,false,כבד אווז קפוא,,,כבד אווז קפוא,קילוגרמים,1.00,"ק""ג",true,,299.90,299.9000,true,1,79043
7290000657866,false,דלי דג פילה אמנון 5-,דלידג,,"פילה אמנון 5-7 בד""צ",קילוגרמים,1.00,"ק""ג",true,,45.90,45.9000,true,1,94134
7290000679188,false,פילה קטפיש פנאגסיוס,,,פילה קטפיש פנאגסיוס,קילוגרמים,1.00,"ק""ג",true,,29.90,29.9000,true,1,65617
7290000679440,false,"קמיל בלו משחת החתלה לתינוק ד""ר פישר 100 גרם",פישר מעבדות פרמצבטיות בע,,משחה לתינוק קמיל בלו,גרמים,100.00,100 גרם,false,,16.20,0.1620,true,1,53577
7290000680020,false,לב עוף קפוא,,,לב עוף קפוא,קילוגרמים,1.00,"ק""ג",true,,29.90,29.9000,true,1,146852
7290000680050,false,מיקס בורגר S.,,,מיקס בורגר,קילוגרמים,1.00,"ק""ג",true,,49.90,49.9000,true,1,152344
7290000680064,false,חטיפי אסאדו.,,,חטיפי אסאדו,קילוגרמים,1.00,"ק""ג",true,,79.90,79.9000,true,1,181542
7290000680065,false,ספיידר סטייק.,,,ספיידר סטייק,קילוגרמים,1.00,"ק""ג",true,,99.90,99.9000,true,1,181543
7290000681160,false,מטלית לחות וילדה,FHP,,וילדה ספונג 5 יח',יחידה,6.00,יחידה,false,,15.00,2.5000,true,1,53481
7290000692203,false,נוזל לניקוי כללי ורצפות בניחוח לימון אג'קס 2 ליטר,הנסיך- מפעל לייצור ט,,אג'קס ניקוי כללי ורצ,ליטרים,2.00,ליטר,false,,19.90,9.9500,true,1,63771
7290000692210,false,נוזל לניקוי כללי ורצפות בניחוח לבנדר אג'קס 2 ליטר,הנסיך- מפעל לייצור ט,,אג'קס ניקוי כללי ורצ,ליטרים,2.00,ליטר,false,,19.90,9.9500,true,1,64255
7290000692456,false,אג'קס חלונות זוג 750*2 מל ספריי ורפיל,הנסיך- מפעל לייצור ט,,אגקס חלונות זוג,ליטרים,1.50,ליטר,false,,22.90,15.2667,true,1,72344
7290000692937,false,"קולגייט משחת שיניים אדומה, זוג* 100 מ""ל",קולגייט-פלמוליב,,קולגייט זוג מ.שיניים,מיליליטרים,200.00,"100 מ""ל",false,,17.90,8.9500,true,1,63663
7290000706731,false,רצועות פילה נסיכת הנ,,,דלידג רצעות פילה הנס,קילוגרמים,1.00,"ק""ג",true,,49.90,49.9000,true,1,94018
7290000750083,false,ממולא פלפל חריף,,,ממולא פלפל חריף,קילוגרמים,1.00,"ק""ג",true,,50.00,50.0000,true,1,96736
7290000750960,false,שיפקוניות פלפל נסי ח,,,שיפקוניות פלפל נסי ח,קילוגרמים,1.00,"ק""ג",true,,40.00,40.0000,true,1,159055
7290000775317,false,דלידג פילה זהבנון 1,דלידג,,דלידג פילה זהבנון 1,קילוגרמים,1.00,"ק""ג",false,,16.90,16.9000,true,1,159015
7290000800015,false,ישרקו צדר אדום גרמני,,,ישרקו צדר אדום גרמני,קילוגרמים,1.00,"ק""ג",true,,89.00,89.0000,true,1,176266
7290000800023,false,חרוזית מושחר ת.יוון,,,חרוזית מושחר ת.יוון,קילוגרמים,1.00,"ק""ג",true,,50.00,50.0000,true,1,97187
7290000803067,false,"משחת שיניים לילדים גילאים 6-2 אלמקס 75 מ""ל",הנסיך- מפעל לייצור ט,,אלמקס משחת שיניים יל,גרמים,75.00,100 גרם,false,,12.90,0.1720,true,1,54294
7290000803180,false,"מרידול-שטיפת פה דנטלית 400 מ""ל",קולגייט פלמוליב,,מרידול מי פה דנטלית,מיליליטרים,400.00,"100 מ""ל",false,,32.90,8.2250,true,1,54295
7290000804484,false,אלמקס שטיפת פה דנטלית למניעת עששת 400מל,קולגייט פלמוליב,,אלמקס שטיפת פה דנטלי,מיליליטרים,400.00,"100 מ""ל",false,,24.90,6.2250,true,1,53698
7290000804686,false,לחם מרוקאי רגיל,,,לחם מרוקאי רגיל,יחידה,0.00,יחידה,false,,15.90,0.0000,true,1,172926
7290000804785,false,עוגת שמרים גבינה,,,עוגת שמרים גבינה,יחידה,0.00,יחידה,false,,17.90,0.0000,true,1,115267
7290000804969,false,מאפה מנה אישית,,,מאפה מנה אישית,יחידה,0.00,יחידה,false,,6.90,0.0000,true,1,115269
7290000805597,false,"מזון לכלבים בונזו מזון כלבים סניור 3 ק""ג","ביופט בע""מ",,בונזו סניור7+ 3קג,קילוגרמים,3.00,"ק""ג",false,,50.00,16.6667,true,1,62870
7290000805900,false,"מזון חתולים לה קט עוף 2.85 ק""ג","ביופט בע""מ",,לה קט עוף 2.85קג,קילוגרמים,2.85,"ק""ג",false,,69.90,24.5263,true,1,63665
7290000812528,false,גאודה הולנדית,,,גאודה הולנדית,קילוגרמים,1.00,"ק""ג",true,,75.00,75.0000,true,1,154217
7290000830184,false,פילה לברק יפני 5-7,דלידג,,פילה לברק,קילוגרמים,1.00,"ק""ג",true,,49.90,49.9000,true,1,163699
7290000830245,false,פילה לברק יפני 7-9,דלידג,,פילה לברק,קילוגרמים,1.00,"ק""ג",true,,49.90,49.9000,true,1,163700
7290000854401,false,זית יבש שחור צרפתי,,,זית יבש שחור צרפתי,קילוגרמים,1.00,"ק""ג",true,,40.00,40.0000,true,1,110566
7290000854432,false,זית שום ת.צרפת,,,זית שום ת.צרפת,קילוגרמים,1.00,"ק""ג",true,,40.00,40.0000,true,1,90033
7290000854791,false,תאסוס ת.יוון,,,תאסוס ת.יוון,קילוגרמים,1.00,"ק""ג",true,,50.00,50.0000,true,1,159056
7290000854807,false,קלמטה גדול,,,קלמטה גדול,קילוגרמים,1.00,"ק""ג",true,,50.00,50.0000,true,1,112134
7290000854876,false,פלפל שרי אדום חריף,,,פלפל שרי אדום חריף,קילוגרמים,1.00,"ק""ג",true,,40.00,40.0000,true,1,159076
7290000856315,false,שמפו לשיער P24 אדום 4 ל',הנמל,,שמפו לשיער 4 ליט,ליטרים,4.00,ליטר,false,,20.00,5.0000,true,1,55218
7290000900436,false,טירת צבי פסטרמה איטל,,,טירת צבי פסטרמה איטל,קילוגרמים,1.00,"ק""ג",true,,80.00,80.0000,true,1,75114
7290000900520,false,מלחיה מרובע זככית רא,,,מלחיה מרובע זככית רא,יחידה,0.00,יחידה,false,,0.00,0.0000,true,1,189059
7290000909387,false,ניוקי אבאל תפוא 1 קג,Ciemme Alimentari SR,,"אבאל ניוקי תפו""א 1 ק",גרמים,1000.00,100 גרם,false,,9.90,0.0099,true,1,151968
7290000909804,false,פילה בקלה ללא עור אר,,,פילה בקלה ללא עור אר,קילוגרמים,1.00,"ק""ג",true,,29.90,29.9000,true,1,159165
7290000986708,false,ענב אדום ייבוא ליח,אראל תוצרת חקלאית בע,,ענב אדום ארוז,יחידה,0.00,יחידה,false,,16.90,0.0000,true,1,141400
7290000993195,false,ענב ירוק ייבוא ליח,חקלאי,,ענב לבן ארוז,יחידה,0.00,יחידה,false,,19.90,0.0000,true,1,176978
7290000995410,false,נבטים סיניים נבטי העמק,נסטלה פורינה USA קר,,נבטים סיניים,יחידה,0.00,יחידה,false,,6.90,0.0000,true,1,170478
7290000996054,false,יחיעם פסרוולט הונגרי,,,יחיעם פסרוולט הונגרי,קילוגרמים,1.00,"ק""ג",true,,199.00,199.0000,true,1,186930
7290001012253,false,פרש וואנס צמר גפן נת,,,פרש וואנס צמר גפן נת,יחידה,0.00,יחידה,false,,9.90,0.0000,true,1,54297
7290001014028,false,חסילונים מעובדים ומו,,,חסילונים מעובדים ומו,קילוגרמים,1.00,"ק""ג",false,,109.90,109.9000,true,1,177580
7290001014042,false,שרימפס חסלונים 16-20,,,חסלונים 16-20,יחידה,0.00,יחידה,false,,99.90,0.0000,true,1,179472
7290001045220,false,מיץ תפוזים סחוט 2 ליטר,"גניר (1992) בע""מ",,פרימור מיץ תפוזים סח,ליטרים,2.00,ליטר,false,,26.90,13.4500,true,1,60107
7290001045237,false,משקה לימון עם נענע 2ליטר,"גניר (1992) בע""מ",,פרימור משקה לימון ונ,ליטרים,2.00,ליטר,false,,25.00,12.5000,true,1,54104
7290001121054,false,צמד חמד פסטרמה וסלמי יחיעם 700 גרם,תאי פרזידנט פוד פאבל,,יחיעם צמד חמד 700 גר,גרמים,700.00,100 גרם,false,,25.90,0.0370,true,1,72362
7290001121849,false,פסטרמה ברביקיו יחיעם 250 גרם ר.טבעיים,מעדני יחיעם 1993,,יחיעם פסטרמה הודו טב,גרמים,250.00,100 גרם,false,,27.00,0.1080,true,1,86087
7290001121931,false,קבנוס מקסיקני דק דק יחיעם 125 גרם,מעדני יחיעם 1993,,יחיעם קבנוס מקסיקני,גרמים,125.00,100 גרם,false,,15.00,0.1200,true,1,70916
7290001124536,false,ארוחת נודלס טעם תירס מג'יק 70 גרם,טאט הוי פוד בעמ,,מגיק טעם תירס בכוס 7,יחידה,0.00,יחידה,false,,3.90,0.0000,true,1,140688
7290001136300,false,"נקה 7 שמפו ומרכך לסירוק קל 750 מ""ל",אמיליה קוסמטיקס בעמ,,נקה 7-שמפו סירוק קל,מיליליטרים,750.00,"100 מ""ל",false,,9.90,1.3200,true,1,72380
7290001136683,false,"מרכך לשיער רגיל בבושם פרחים נקה 7 750 מ""ל","אמיליה קוסמטיקס בע""מ",,נקה 7-מייצב רגיל ירו,מיליליטרים,750.00,"100 מ""ל",false,,9.90,1.3200,true,1,72384
7290001143025,false,"גבינה ברינזה 1 ק""ג ב",,,"גבינה ברינזה 1 ק""ג ב",גרמים,1000.00,100 גרם,false,,39.90,0.0399,true,1,140660
7290001143049,false,גבינה ברינזה בקופסה 800 ג' בוקאעי,,,גבינה ברינה בקופסה 8,גרמים,800.00,100 גרם,false,,39.90,0.0499,true,1,140661
7290001143117,false,גבינה ברינזה בקופסה 400 ג' בוקאעי,,,גבינה ברינזה בקופסא,גרמים,400.00,100 גרם,false,,23.90,0.0597,true,1,140662
7290001143148,false,"לבנה בגביע 1 ק""ג",,,"לבנה בגביע 1 ק""ג",גרמים,1000.00,100 גרם,false,,25.90,0.0259,true,1,140663
7290001143155,false,לבנה בגביע 500 גרם,,,לבנה בגביע 500 גרם,גרמים,500.00,100 גרם,false,,12.90,0.0258,true,1,140664
7290001216040,false,טחינה גולמית שומשום טהור אל ארז 500 גרם,אגס ירוק מסחר ושירותים,,אל ארז טחינה 500 גרם,גרמים,500.00,100 גרם,false,,16.00,0.0320,true,1,86435
7290001216057,false,"טחינה שומשום טהור אל ארז 1 ק""ג",אגס ירוק מסחר ושירותים,,אל ארז טחינה 1קג,גרמים,500.00,100 גרם,false,,29.90,0.0598,true,1,86437
7290001247006,false,גזוז בטעם קולה קריסטל 2ל,יפאורה שותפות מובגלת לשיווק,,קריסטל קולה 2 ליטר,ליטרים,2.00,ליטר,false,,3.90,1.9500,true,1,53491
7290001247020,false,קריסטל תפוזים 2 ליטר,יפאורה שותפות מובגלת לשיווק,,קריסטל אורנג' 2 ליטר,ליטרים,2.00,ליטר,false,,3.90,1.9500,true,1,60112
7290001247037,false,גזוז בטעם מנטה קריסטל 2ל,יפאורה שותפות מובגלת לשיווק,,קריסטל מנטה 2 ליטר,ליטרים,2.00,ליטר,false,,3.90,1.9500,true,1,55154
7290001247044,false,קריסטל תות מוגז 2 ליטר,יפאורה שותפות מובגלת לשיווק,,תות קריסטל 2 ליטר,ליטרים,2.00,ליטר,false,,3.90,1.9500,true,1,53701
7290001247051,false,קריסטל למון ליים 2 ליטר,יפאורה שותפות מובגלת לשיווק,,קריסטל למון ליים 2 ל,ליטרים,2.00,ליטר,false,,3.90,1.9500,true,1,54108
7290001247068,false,קרטונית נקטר ספרינג תות בננה 1 ליטר,יפאורה שותפות מובגלת לשיווק,,ספרינג תות בננה קרטו,ליטרים,1.00,ליטר,false,,5.90,5.9000,true,1,54300
7290001247082,false,מיץ עגבניות רכיבים טבעיים ספרינג 1 ליטר,יפאורה שותפות מובגלת לשיווק,,ספרינג עגבניות קרטונ,ליטרים,1.00,ליטר,false,,5.90,5.9000,true,1,54109
7290001247099,false,קרטונית נקטר ספרינג מנגו 1 ליטר,יפאורה שותפות מובגלת לשיווק,,ספרינג מנגו קרטונית,ליטרים,1.00,ליטר,false,,5.90,5.9000,true,1,53492
7290001247105,false,קרטונית נקטר ספרינג אפרסק 1 ליטר,יפאורה שותפות מובגלת לשיווק,,ספרינג נקטר אפרסק 1,ליטרים,1.00,ליטר,false,,5.90,5.9000,true,1,55225
7290001247112,false,קרטונית נקטר ספרינג לימונענע 1 ליטר,יפאורה שותפות מובגלת לשיווק,,ספרינג לימונענע קרטו,ליטרים,1.00,ליטר,false,,5.90,5.9000,true,1,53493
7290001247129,false,נקטר ספרינג תפוזים קרטונית 1 ל',יפאורה שותפות מובגלת לשיווק,,ספרינג תפוז קרטונית,ליטרים,1.00,ליטר,false,,5.90,5.9000,true,1,54110
7290001247143,false,קרטונית נקטר ספרינג תפוחים 1 ליטר,יפאורה שותפות מובגלת לשיווק,,ספרינג תפוח קרטונית,ליטרים,1.00,ליטר,false,,5.90,5.9000,true,1,53494
7290001247211,false,קריסטל ענבים מוגז 2 ליטר,יפאורה שותפות מובגלת לשיווק,,קריסטל ענבים 2 ליטר,ליטרים,2.00,ליטר,false,,3.90,1.9500,true,1,60113
7290001247952,false,"תפוזינה משק""ל ענבים1.5ל",יפאורה שותפות מובגלת לשיווק,,תפוזינה משקה ענבים 1,ליטרים,1.50,ליטר,false,,5.90,3.9333,true,1,54111
7290001265642,false,"מזון חתולים מעדני פטה 1.2 ק""ג מארז 3 יחידות",קריות זול,,לה קט פטה עוף סלמון,קילוגרמים,1.20,"ק""ג",false,,20.00,16.6667,true,1,70015
7290001305188,false,"נוזל לניקוי כלים בריח לימון פלמוליב 750 מ""ל",יבואן ומשווק: ש. שסט,,פלמוליב לכלים פריחת,יחידה,750.00,יחידה,false,,9.90,0.0132,true,1,63779
7290001327791,false,גלידת קרמיסימו וניל עוגיות חלבי,"גלידת שטראוס בע""\מ, רחוב",,קרמיסימו עוגיות 1.33,ליטרים,1.33,ליטר,false,,18.90,14.2105,true,1,64029
7290001343845,false,"גרנולה פירות 1 ק""ג - 845 - ורוד שקדיה",הנסיך- מפעל לייצור ט,,גרנולה טבעית עם תוספ,קילוגרמים,1.00,"ק""ג",false,,20.00,20.0000,true,1,101186
7290001407363,false,טחינה גולמית כד 450 גרם,General,,אלהילאל טחינה 450 גר,גרמים,450.00,100 גרם,false,,12.90,0.0287,true,1,53590
7290001407370,false,אלהילאל טחינה 900 גר,,,אלהילאל טחינה 900 גר,גרמים,900.00,100 גרם,false,,23.90,0.0266,true,1,54303
7290001407394,false,אלהילאל חלבה שוקו 50 ג',,,חטיף חלבה שוקו 50 גר,יחידה,0.00,יחידה,false,,2.90,0.0000,true,1,55159
7290001407400,false,אלהילאל חלבה מסולסלת,,,אלהילאל חלבה מסולסלת,גרמים,500.00,100 גרם,false,,21.90,0.0438,true,1,187017
7290001407424,false,חטיף חלבה שוקו וניל קרטון אלהילאל 60 ג',,,מארז אלהילאל חטיף חל,יחידה,0.00,יחידה,false,,65.00,0.0000,true,1,176161
7290001407660,false,אלהילאל חלבה שאמית ע,,,אלהילאל חלבה שאמית ע,גרמים,350.00,100 גרם,false,,14.90,0.0426,true,1,53703
7290001407738,false,חלבה וניל 50 ג' אלהילאל,,,חטיף חלבה וניל 50 גר,יחידה,0.00,יחידה,false,,2.90,0.0000,true,1,54305
7290001415276,false,עוגת שמרים שוקולד פילסברי 500ג',פילסברי,,עוגת שמרים שוקולד,יחידה,0.00,יחידה,false,,21.90,0.0000,true,1,140392
7290001415290,false,עוגות שמרים קינמון,,,עוגת שמרים קינמון,יחידה,0.00,יחידה,false,,21.90,0.0000,true,1,140394
7290001419618,false,וופל בלגי עלמה שחור לבן וניל 200ג',"גילרו בע""מ",,וופל בלגי שוקולד 200,גרמים,200.00,100 גרם,false,,3.90,0.0195,true,1,72414
7290001419779,false,"וופל קלאסי בטעם שוקולד ""עלמה"" 200 גרם","גילרו בע""מ",,וופל קלאסי 200 גרם,גרמים,200.00,100 גרם,false,,3.90,0.0195,true,1,72415
7290001419892,false,"ופל קלאסי בטעם לימון ""עלמה"" 200 גרם","גילרו בע""מ",,וופל קלאסי לימון 200,גרמים,200.00,100 גרם,false,,3.90,0.0195,true,1,72416
7290001422014,false,"שקית פלאפל עווד 1 ק""ג",,,"פלאפל עווד 1 ק""ג",גרמים,1000.00,100 גרם,false,,21.00,0.0210,true,1,72417
7290001461457,false,בגט רוסטיק קמח מלא ו,פילסברי,,בגט רוסטיק,יחידה,1.00,יחידה,false,,7.90,7.9000,true,1,71332
7290001461891,false,לחמניה יאמיז קמח מלא,פילסברי,,יאמיס מלא / שמינייה,יחידה,0.00,יחידה,false,,4.00,0.0000,true,1,140398
7290001468159,false,ריבת חלב טופ מותגים,מ.א.מ השלושה,,טופ מותגים ריבת חלב,גרמים,330.00,100 גרם,false,,12.90,0.0391,true,1,63780
7290001468319,false,מיץ לימון ליים 200מל,ITAL LEMON,,מיץ לימון 200מל,יחידה,200.00,יחידה,false,,5.90,0.0295,true,1,64139
7290001468753,false,קמח תפוחי אדמה 500 ג' נאמן,תבליני ביטון,,קמח תפוחי אדמה 500 ג,גרמים,500.00,100 גרם,false,,5.90,0.0118,true,1,168832
7290001468852,false,סודה לשתיה 50 גרם בקרטון,ר.ס.,,סודה לשתיה 50 גרם,יחידה,0.00,יחידה,false,,2.90,0.0000,true,1,64419
7290001468883,false,ריבה נאמן שזיף משמש,צור,,ריבה מעורבת,גרמים,820.00,100 גרם,false,,0.00,0.0000,true,1,187412
7290001482186,false,אננס חתוך בסירופ קל ויליפוד 565 גרם,הנסיך- מפעל לייצור ט,,אננס חתוך 565גר,גרמים,565.00,100 גרם,false,,5.90,0.0104,true,1,172893
7290001482506,false,וילי פוד חומץ בלסמי בדץ 500מל,וילי פוד,,וילי פוד חומץ בלסמי,מיליליטרים,500.00,"100 מ""ל",false,,19.00,3.8000,true,1,64142
7290001483459,false,אלגרו במילוי שוקולד 300 גר',,,וופל אלגרו שוקולד 30,גרמים,300.00,100 גרם,false,,5.90,0.0197,true,1,168250
7290001483466,false,עוגיות אלרגו דובדבן,,,עוגיות אלרגו דובדבן,גרמים,300.00,100 גרם,false,,5.90,0.0197,true,1,168251
7290001483480,false,עוגיות ממולאות תות 3,,,עוגיות ממולאות תות 3,גרמים,300.00,100 גרם,false,,5.90,0.0197,true,1,168253
7290001485019,false,גבינת קרם שמנת טבעי 5% טרה 200 גרם,קריות זול,,טרה גבינת שמנת טבעי,גרמים,200.00,100 גרם,false,,10.00,0.0500,true,1,72424
7290001485026,false,גבינת קרם שמנת זיתים 5% טרה 200 גרם,Unknown,,טרה גבינת שמנת זיתים,גרמים,200.00,100 גרם,false,,10.00,0.0500,true,1,72425
7290001491096,false,תה ירוק בתוספת לימונית ולואיזה 50 שקיקים ויסוצקי,תה ויסוצקי,,תה ירוק בתוספת לימונ,יחידה,0.00,יחידה,false,,47.00,0.0000,true,1,54250
7290001515310,false,שש כריות קרצוף יפניות סקוטש ברייט,3m,,סקוטש ברייט שש כריות,יחידה,6.00,יחידה,false,,15.00,2.5000,true,1,107076
7290001515631,false,שלושה ספוגי קרצוף קשיחים ארוכים אדומים,שיוך למחסן 17,,שלושה ספוגי קרצוף קש,יחידה,3.00,יחידה,false,,10.00,3.3333,true,1,107081
7290001548899,false,פלפלונים מוחמץ ממולא,,,פלפלונים מוחמץ ממולא,יחידה,0.00,יחידה,false,,0.00,0.0000,true,1,197396
7290001567715,false,נק' חריפות ללא משמר400גר,מעדני יחיעם,,נקניקיות חריפות 400,גרמים,400.00,100 גרם,false,,13.90,0.0348,true,1,122506
7290001567807,false,"כתף בקר מעושן לח""מ 250 גרם ""יחיעם""",מעדני יחיעם,,כתף בקר מעושן 250 גר,גרמים,250.00,100 גרם,false,,27.90,0.1116,true,1,135024
7290001567814,false,סלמי מעושן בסגנון איטלקי 300 ג' יחיעם,מעדני יחיעם,,סלמי מעושן בסגנון אי,גרמים,300.00,100 גרם,false,,21.90,0.0730,true,1,135016
7290001594117,false,משקה פאנטה ענבים סלי,קוקה קולה,,משקה פאנטה ענבים סלי,מיליליטרים,330.00,"100 מ""ל",false,,6.00,1.8182,true,1,156867
7290001594230,false,קינלי סודה בבקבוק זכוכית,החברה המרכזית לייצור,,קינלי סודה קלאסי 250,מיליליטרים,250.00,"100 מ""ל",false,,2.90,1.1600,true,1,55232
7290001594384,false,פריגת אשכוליות 0.5 ליטר חייב בפקדון,מבשלות בירה בינלאומיות ב,,פריגת משקה בטעם אשכו,מיליליטרים,500.00,"100 מ""ל",false,,7.00,1.4000,true,1,60122
7290001594810,false,"בירה שחורה מאלטי בקב' מארז 330X6מ""ל",החברה המרכזית לייצור משקאות,,מאלטי טובורג בקבוק 6,מיליליטרים,330.00,"100 מ""ל",false,,27.90,8.4545,true,1,72437
7290001670224,false,מלית פרג פוליבה 400 גרם,"פוליבה בע""מ",,מלית פרג 400 גרם,גרמים,400.00,100 גרם,false,,13.00,0.0325,true,1,53713
7290001670507,false,מלית תמרים פוליבה 450 ג',"פוליבה בע""מ",,מלית תמרים 450 גרם,גרמים,450.00,100 גרם,false,,10.00,0.0222,true,1,60135
7290001670514,false,מלית אוכמניות - 400 גרם פוליבה,"פוליבה בע""מ",,מלית אוכמניות 400 גר,גרמים,400.00,100 גרם,false,,13.00,0.0325,true,1,54257
7290001670859,false,מלית דובדבנים פוליבה 400 ג',קריות זול,,מלית דובדבנים 400 גר,גרמים,400.00,100 גרם,false,,13.00,0.0325,true,1,54702
7290001713150,false,סנט מוריץ מתז אקונומיקה Bleach קצף לימון 1 ליטר,קומפלקס כימיקלים בעמ,,אקונומיקה קצף ניקוי,ליטרים,1.00,ליטר,false,,10.90,10.9000,true,1,174362
7290001713167,false,סנט מוריץ - מרסס קצף ניקוי 1 ליטר סניטרי אפור,קומפלקס כימיקלים בעמ,,קצף לניקוי כלים סניט,ליטרים,1.00,ליטר,false,,10.90,10.9000,true,1,174363
7290001713211,false,נוזל רצפות סופר מבושם מאסק 2.5 ליטר,ABC,,סנט מוריץ רצפות סופר,יחידה,0.00,יחידה,false,,0.00,0.0000,true,1,188443
7290001713228,false,מנקה רצפות סופר מבושם כחול 2.5 ל',ABC,,סנט מוריץ רצפות סופר,יחידה,0.00,יחידה,false,,0.00,0.0000,true,1,188444
7290001713235,false,מנקה רצפות סופר מבושם סגול 2.5 ל',,,סנט מוריץ רצפות סופר,יחידה,0.00,יחידה,false,,0.00,0.0000,true,1,188445
7290001713372,false,"תרסיס לניקוי מוצרי עור 400 מ""ל",קומפלקס כימיקלים,,תרסיס לניקוי מוצרי ע,מיליליטרים,400.00,"100 מ""ל",false,,22.00,5.5000,true,1,72445
7290001713518,false,"סנט מוריץ נוזל לניקוי רהיטים 750 מ""ל",קומפלקס כימיקלים,,נוזל לניקוי רהיטים 7,מיליליטרים,750.00,"100 מ""ל",false,,13.00,1.7333,true,1,53826
7290001713563,false,סנט מוריץ מטהר אוויר,דיאמו קוסמטיק,,סנט מוריץ מטהר אוויר,מיליליטרים,300.00,"100 מ""ל",false,,4.90,1.6333,true,1,141333
7290001713693,false,מרכך כביסה 1.5לי פיו,,,מרכך פיור סגול 1.5 ל,יחידה,0.00,יחידה,false,,0.00,0.0000,true,1,187607
7290001713709,false,מרכך כביסה PURE שחור 1.5 ליטר,,,מרכך פיור שחור 1.5,יחידה,0.00,יחידה,false,,0.00,0.0000,true,1,188770
7290001713792,false,פיור מרכך כביסה מרוכ,,,פיור מרכך כביסה מרוכ,יחידה,0.00,יחידה,false,,0.00,0.0000,true,1,188446
7290001713884,false,עלמה מטליות מיקרופייבר שלישייה לרצפה,קומפלקס כימיקלים,,מיקרופייבר מטליות רצ,יחידה,0.00,יחידה,false,,12.90,0.0000,true,1,182237
7290001713891,false,עלמה מיקרופייבר חמישייה לניקוי חמישייה סנט מוריץ,קומפלקס כימיקלים,,מיקרופייבר חמישייה ל,יחידה,0.00,יחידה,false,,8.90,0.0000,true,1,182238
7290001713907,false,בלנקו ג'ל אקונומיקה סמיכה 4 ליטר,קומפלקס כימיקלים,,אקונומיקה בלנקו גל מ,ליטרים,4.00,ליטר,false,,13.90,3.4750,true,1,187101
7290001791363,false,"מטהר אויר בניחוח וניל קוקוס מילוי סנו 250 מ""ל",סנו מפעלי ברונוס בעמ,,סנו פרש אוטומטיק ברי,מיליליטרים,250.00,"100 מ""ל",false,,14.90,5.9600,true,1,64035
7290001817063,false,סוכ.טופי מזל וברכות850גר,STRAUSS-ISRAEL,,סוכריות טופי מזל ובר,גרמים,850.00,100 גרם,false,,15.90,0.0187,true,1,54709
7290001817377,false,צ'יטוס חטיף איקס עיגול פיצה 60 גרם,"שטראוס פריטו ליי בע""\מ )",,ציטוס איקס עיגול 60,יחידה,0.00,יחידה,false,,3.50,0.0000,true,1,54710
7290001817728,false,צ'יטוס אפוי כאפה בטעם קטשופ 55 גרם,"שטראוס פריטו ליי בע""\מ )",,ציטוס כאפה 55 גרם,יחידה,0.00,יחידה,false,,3.50,0.0000,true,1,53635
7290001855935,false,"שמן חמניות מזוכך 900 מ""ל",,,שמן חמניות מזוכך 900,מיליליטרים,900.00,"100 מ""ל",false,,0.00,0.0000,true,1,187892
7290001865439,false,פמילי אל סבון נוזלי בניחוח וניל 1 ליטר,אף.סי תבליני בגליל ב,,פמלי סבון נוזלי וניל,ליטרים,1.00,ליטר,false,,12.90,12.9000,true,1,53640
7290001865453,false,פמילי לקשרי 1 ליטר לבנדר ארומטי+משאבה,מיוצר עי קונדיטוריית,,פמלי סבון נוזלי לבנד,ליטרים,1.00,ליטר,false,,12.90,12.9000,true,1,54269
7290001881224,false,קוביות אננס מאמא מרי,מאמא מרי,,אננס 300 גרם,גרמים,300.00,100 גרם,false,,12.90,0.0430,true,1,167781
7290001917527,false,פרש וואנס פדים להסרת איפור 80 יח' *3,קריות זול,,פרש וונס פדיות קוסמט,יחידה,3.00,יחידה,false,,15.00,5.0000,true,1,72470
7290001990261,false,"סוגת חומוס 1 ק""ג","סוגת תעשיות בע""\מ",,"סוגת חומוס 1 ק""ג",קילוגרמים,1.00,"ק""ג",false,,14.90,14.9000,true,1,53837
7290001990278,false,"שעועית לבנה סוגת 1 ק""ג","סוגת תעשיות בע""\מ",,סוגת שעועית לבנה 1 ק,קילוגרמים,1.00,"ק""ג",false,,14.80,14.8000,true,1,55538
7290001990391,false,אפונה יבשה 1קג סוגת,"סוגת תעשיות בע""\מ",,"סוגת אפונה 1 ק""ג",קילוגרמים,1.00,"ק""ג",false,,9.40,9.4000,true,1,53643
7290001990414,false,"עדשים אדומים 1 ק""ג סוגת","סוגת תעשיות בע""\מ",,סוגת עדשים אדומים 1,קילוגרמים,1.00,"ק""ג",false,,11.40,11.4000,true,1,60148
7290002000136,false,מגע הדבש -שעווה להסרת שיער למיקרוגל 500 גרם,"ש. שוורץ )באר שבע( בע""\מ",,מגע המשי שעווה למיקר,גרמים,500.00,100 גרם,false,,20.00,0.0400,true,1,60149
7290002000143,false,"חדש -פנג'ל ק.ידיים קלאסיק 80מ""ל",מיוצר עי קונדיטוריית,,קרם ידים פנגל,יחידה,0.00,יחידה,false,,7.90,0.0000,true,1,53727
7290002000266,false,שעווה מגע המשי הדבש תפוח למיקרו 500 גרם,המאפיה של הרמן,,מגע המשי שעווה תפוח,גרמים,500.00,100 גרם,false,,20.00,0.0400,true,1,53728
7290002001782,false,פנג'ל פלוס לכף הרגל 100מ,אינטרקוסמא,,לטיפוח כף הרגל פנג'ל,גרמים,100.00,100 גרם,false,,20.00,0.2000,true,1,60150
7290002002857,false,ניירות להסרת שיער בשעווה 50 יחידות,"איטיליאן פוד, אס.פי.",,מגע המשי נייר הדבש 5,יחידה,50.00,יחידה,false,,24.00,0.4800,true,1,72473
7290002007029,false,קוקוס טחון 100 ג' הנמל,יבוא ושיווק: הנמל אר,,קוקוס 100 גרם,יחידה,0.00,יחידה,false,,4.00,0.0000,true,1,54719
7290002007234,false,אבקת סוכר הנמל 100 גרם,"מיוצר וארוז ע""י: ר.ס",,אבקת סוכר 100 גרם,יחידה,0.00,יחידה,false,,1.90,0.0000,true,1,60153
7290002007241,false,סודה לשתיה הנמל 50 גרם,"מיוצר וארוז ע""י: BAS",,סודה קופסא לשתיה 50,יחידה,0.00,יחידה,false,,2.00,0.0000,true,1,60154
7290002007395,false,דובדבנים מסוכרים 100 ג' הנמל,הדרום תעשיות מזון בע,,דובדבנים מסוכרים 100,גרמים,100.00,100 גרם,false,,8.00,0.0800,true,1,54603
7290002007401,false,קליפות הדרים מסוכרות 100 ג' הנמל,הדרום תעשיות מזון בע,,קליפות הדרים מסוכרות,יחידה,0.00,יחידה,false,,6.00,0.0000,true,1,55540
7290002007470,false,סבון נוזלי 4 ליטר,הנמל,,סבון נוזלי 4 ליטר,ליטרים,4.00,ליטר,false,,20.00,5.0000,true,1,53860
7290002007746,false,"צבע מאכל כחול 55 מ""ל הנמל",הנמל אריזות ושיווק ב,,"צבע מאכל כחול 55 מ""ל",יחידה,0.00,יחידה,false,,4.00,0.0000,true,1,54721
7290002007821,false,צבעי מאכל אדום הנמל,ממתקי עלה ייצור שיוו,,"צבע מאכל אדום 55 מ""ל",יחידה,0.00,יחידה,false,,4.00,0.0000,true,1,54605
7290002007852,false,"תמצית אפייה בטעמים שונים 55 מ""ל הנמל",ממתקי עלה יצור ושיוו,,הנמל תמצית אפייה בטע,יחידה,0.00,יחידה,false,,4.00,0.0000,true,1,55376
7290002008019,false,סוכריות לקישוט בטעם שוקולד הנמל 200 גרם,ממתקי עלה יצור ושיוו,,מזרה ג'מבו שוקו 200,גרמים,200.00,100 גרם,false,,10.00,0.0500,true,1,53647
7290002008057,false,"תמצית אפייה בטעם רום 55 מ""ל הנמל",ממתקי עלה יצור שיווק,,תמצית אפייה בטעם רום,יחידה,0.00,יחידה,false,,4.00,0.0000,true,1,54606
7290002008224,false,סוכריות לקישוט צבעונית הנמל 100 ג',ממתקי עלה בעמ,,קישוט לעוגה גליד 60,יחידה,0.00,יחידה,false,,5.00,0.0000,true,1,60157
7290002008347,false,קורנפלור 500 גרם הנמל,הנמל,,קורנפלור 500 גרם,גרמים,500.00,100 גרם,false,,6.00,0.0120,true,1,55379
7290002008491,false,סוכריות לקישוט שוקולד 100 ג' הנמל,ממתקי עלה יצור שיווק,,סוכריות מזרה שוקולד,גרמים,100.00,100 גרם,false,,5.00,0.0500,true,1,53846
7290002008651,false,קמח תפוחי אדמה הנמל 500 גרם,ר.ס. חברה ליבוא וייצ,,"קמח תפו""א 500 גרם",גרמים,500.00,100 גרם,false,,5.90,0.0118,true,1,60160
7290002008743,false,סוכר וניל עשירייה הנמל 100 גרם,"מיוצר וארוז ע""י: ר.ס",,סוכר וניל 10*10 גרם,יחידה,10.00,יחידה,false,,2.90,0.2900,true,1,54611
7290002008750,false,אבקת אפיה עשירייה הנמל 100 גרם,"מיוצר ע""י:ר.ס. חברה",,אבקת אפיה 10*10 גרם,יחידה,10.00,יחידה,false,,2.90,0.2900,true,1,55382
7290002008828,false,סוכריות שוקולד לבן ג'מבו לקישוט הנמל 200ג' בדצ,ממתקי עלה ייצור שיוו,,סוכריות לעוגה גמבו ש,גרמים,200.00,100 גרם,false,,9.00,0.0450,true,1,55383
7290002008934,false,סוכריות צבעוניות לקישוט לעוגה 200 גר,ממתקי עלה יצור שיווק,,סוכריות צבעוניות לקי,גרמים,200.00,100 גרם,false,,10.00,0.0500,true,1,55384
7290002022152,false,מרשמלו ורוד לבן וסטהיים 100ג36X שקיות בקרטון,מנדלז סי.אר. פרודקשן,,מרשמלו 100 גרם,גרמים,100.00,100 גרם,false,,5.90,0.0590,true,1,186902
7290002024002,false,"שמיר חומוס 3 ק""ג",סלטי שמיר 2006 בעמ,,"שמיר חומוס 3 ק""ג",קילוגרמים,1.00,"ק""ג",true,,0.00,0.0000,true,1,199673
7290002024002,false,"שמיר חומוס 3 ק""ג",סלטי שמיר 2006 בעמ,,"שמיר חומוס 3 ק""ג",קילוגרמים,1.00,"ק""ג",true,,30.00,30.0000,true,1,60162
7290002024019,false,"טחינה 3 ק""ג סלטי שמיר",סלטי שמיר,,"סלטי שמיר טחינה 3 ק""",גרמים,3000.00,100 גרם,false,,30.00,0.0100,true,1,53865
7290002024033,false,"סלטי שמיר תורכי 3 ק""",,,"סלטי שמיר תורכי 3 ק""",גרמים,3000.00,100 גרם,false,,35.90,0.0120,true,1,53652
7290002024125,false,"שמיר כרוב אדום 3 ק""ג",,,"שמיר כרוב אדום 3 ק""ג",גרמים,3000.00,100 גרם,false,,30.00,0.0100,true,1,53653
7290002024156,false,"סחוג אדום 3ק""ג סלטי",,,"סחוג אדום 3ק""ג סלטי",יחידה,0.00,יחידה,false,,34.90,0.0000,true,1,53866
7290002026365,false,טבעות בצל אריסטו קראנץ' 500 גרם,מוצרי איכות אמריקאיים,,טבעות בצל רשת,יחידה,0.00,יחידה,false,,13.90,0.0000,true,1,169831
7290002026891,false,"מאגדת גלידת בן& ג'ריס קוקי מיקס 400מ""ל",מוצרי איכות אמריקאיים בע,,קוקי מיקס מאגדת רביע,גרמים,288.00,100 גרם,false,,27.90,0.0969,true,1,163137
7290002040088,false,קוסקוס מלא הנמל 350 גרם,"קוסקוס מזון בע""מ",,קוסקוס חיטה מלאה 350,גרמים,350.00,100 גרם,false,,6.00,0.0171,true,1,55022
7290002040095,false,קוסקוס רגיל מארז 350X3ג' קוסקוס מזון,טרופיקל דגיל תעשיות,,קוסקוס מארז שלוש שקי,גרמים,1050.00,100 גרם,false,,13.90,0.0132,true,1,89338
7290002041368,false,"מידנייט דאודורנט ספריי 150 מ""ל",חלאבין,,מידנייט דאודורנט ספר,יחידה,150.00,יחידה,false,,18.00,0.1200,true,1,55550
7290002041818,false,"דאו.רול און מידנייט80מ""ל",תעשיות שיק,,דאודורנט רול און צמח,יחידה,50.00,יחידה,false,,16.00,0.3200,true,1,55551
7290002043072,false,אקסטרה פריכיות אורז חום מלא בציפוי שוקולד חלב 70 גרם,נוהלס ג'\י אס סי.,,אקסטרה פריכוני אורז,יחידה,0.00,יחידה,false,,0.00,0.0000,true,1,189896
7290002043188,false,אקסטרה צ'יפס אורז חום מלא צ'ילי חריף 60 גרם,נוהלס ג'\י אס סי.,,צ'יפס אורז חום מלא צ,יחידה,0.00,יחידה,false,,0.00,0.0000,true,1,187148
7290002043294,false,צ'יפס אורז חום מלא טקסס ברביקיו 25 גר,,,אקסטרה צ'יפס טקסס בר,יחידה,0.00,יחידה,false,,0.00,0.0000,true,1,187139
7290002043317,false,ציפס אורז חום צילי ח,,,אקסטרה צ'יפס צ'ילי ח,יחידה,0.00,יחידה,false,,0.00,0.0000,true,1,187140
7290002043324,false,אקסטרה צ'יפס אורז חום מלא מלח 25 גרם,,,אקסטרה צ'יפס מלח ים,יחידה,0.00,יחידה,false,,0.00,0.0000,true,1,187141
7290002043355,false,ציפס אורז חום זרעי ח,,,אקסטרה צ'יפס זרעי חמ,יחידה,0.00,יחידה,false,,0.00,0.0000,true,1,187153
7290002053354,false,אטריות נודלס סיני להקפצה אוריינט 300 גרם,טאביט ספ.ז.או.או,,אוריינט נודלס סיני 3,גרמים,300.00,100 גרם,false,,12.10,0.0403,true,1,54618
7290002057055,false,זית סורי שלם בטעם שום יבנה 340 גרם,קבוצת יבנה,,סורי שלם ‏2‏-‏A‏ יבנ,גרמים,560.00,100 גרם,false,,10.90,0.0195,true,1,160864
7290002057086,false,זיתים מנזנילו גדול קבוצת יבנה 780 גרם,קבוצת יבנה,,מנזנילו גדול ‏43‏ או,גרמים,1250.00,100 גרם,false,,19.90,0.0159,true,1,148559
7290002057154,false,"זיתים חרוזית קבוצת יבנה 1.5 ק""ג",קבוצת יבנה,,חרוזית ‏10‏-‏A‏ יבנה,גרמים,3000.00,100 גרם,false,,39.90,0.0133,true,1,160867
7290002057475,false,מלפפונים בחומץ ‏17‏-‏13 קבוצת יבנה 290 גרם,קבוצת יבנה,,חומץ ‏17‏-‏13‏ ‏2‏A‏,גרמים,540.00,100 גרם,false,,10.90,0.0202,true,1,54625
7290002057604,false,פלפל חריף שיפקה קבוצת יבנה 225 גרם.,קבוצת יבנה,,שיפקה ‏2‏-‏A‏ יבנה,גרמים,540.00,100 גרם,false,,6.90,0.0128,true,1,53877
7290002057703,false,חצילים במלח קבוצת יבנה 320 גרם,קבוצת יבנה,,חצילים ‏2‏-‏A‏ יבנה,גרמים,600.00,100 גרם,false,,7.90,0.0132,true,1,53878
7290002057734,false,זיתים חרוזית מושחר קבוצת יבנה 275 גרם,קבוצת יבנה,,חרוזית מושחר ‏2‏A‏ י,גרמים,540.00,100 גרם,false,,10.90,0.0202,true,1,60172
7290002061229,false,אורנה19דפילטור ביקיני80ג,אלפא קוסמטיקה,,קרם דיפלטור אורנה בי,יחידה,0.00,יחידה,false,,15.00,0.0000,true,1,99921
7290002061236,false,"אורנה 19 שעווה קרה להסרת שיער 500 מ""ל",אורנה,,19 שעווה קרה אורנה,גרמים,500.00,100 גרם,false,,15.00,0.0300,true,1,99922
7290002065616,false,לחם שיפון גרעינים פרוס אחדות 750 גרם,מאפיית שלמה א. אנג'\ל בע,,שיפון גרעינים 750 גר,גרמים,750.00,100 גרם,false,,13.90,0.0185,true,1,77979
7290002065623,false,לחם שיפון של פעם כפרי פרוס אורנים 750 גרם,מאפיית שלמה א. אנג'\ל בע,,לחם שיפון כפרי 750 ג,גרמים,750.00,100 גרם,false,,13.90,0.0185,true,1,77980
7290002075219,false,בונבוניירה אייסקונפק,,,אייסקונפקט 500 גרם,גרמים,500.00,100 גרם,false,,35.00,0.0700,true,1,71217
7290002077725,false,סלומון נורווגי מצונן דלידג 100ג',וי קינג V King,,סלמון מעושן 100 ג,גרמים,100.00,100 גרם,false,,16.90,0.1690,true,1,140696
7290002079033,false,לחם דגנים לייט פרוס 500 גרם,מאפיית דוידוביץ ובניו בע,,לחם דגנים לייט,גרמים,500.00,100 גרם,false,,13.90,0.0278,true,1,53883
7290002079316,false,חלה רגילה פרוסה 500 גרם,מאפית דוידוביץ ובניו,,חלה רגילה פרוס,גרמים,500.00,100 גרם,false,,8.90,0.0178,true,1,53884
7290002079361,false,לחמניות המבורגר חתוך 6+2*60 ג',מאפיית דוידוביץ ובני,,לחמניות המבורגר פרוס,גרמים,480.00,100 גרם,false,,16.90,0.0352,true,1,53894
7290002079477,false,לחם אחיד פרוס דוידוב,מאפיית דוידוביץ ובניו בע,,לחם אחיד פרוס 750גר,גרמים,750.00,100 גרם,false,,6.90,0.0092,true,1,53895
7290002079927,false,לחם דגנים מלא דוידוב,מאפיית דוידוביץ ובני,,לחם דגנים מלא 750 גר,גרמים,750.00,100 גרם,false,,13.90,0.0185,true,1,60177
7290002079996,false,לחם אחיד קל פרוס 750 גרם,מאפיית דוידוביץ ובני,,לחם אחיד קל פרוס 750,גרמים,750.00,100 גרם,false,,13.90,0.0185,true,1,55398
7290002096498,false,עוגיות דובשנית חפץ 6,חפץ אליקים,,דובשניות 600 גרם,גרמים,600.00,100 גרם,false,,9.90,0.0165,true,1,105940
7290002107491,false,גבינה לבנה מחלב עיזים למריחה 5% משק צוריאל 250 גרם,מחלבת משק צוריאל,,צוריאל גבינת עזים למ,גרמים,250.00,100 גרם,false,,14.00,0.0560,true,1,72489
7290002107798,false,גבינה בולגרית מעודנת 5% משק צוריאל 250 גרם,מחלבת משק צוריאל,,צוריאל בולגרית מעודנ,גרמים,250.00,100 גרם,false,,20.70,0.0828,true,1,72491
7290002109372,false,בורקס פילו אצבעות בולגרי 700 ג' שלושת האופים,שלושת האופים שגמור,,בורקס פילו אצבעות בו,גרמים,700.00,100 גרם,false,,20.90,0.0299,true,1,76864
7290002121343,false,"אקזיט - ""תופסים נפח"" מוס נפח מלא 200 מ""ל",מיוצר עי : אמיליה קוסמטי,,מוס ליצירת נפח-GO VO,מיליליטרים,200.00,"100 מ""ל",false,,19.90,9.9500,true,1,72496
7290002129455,false,פיצה איטלקית XL גדולה שלושת האופים 450 גרם,,,פיצה איטלקית גדולה 4,גרמים,450.00,100 גרם,false,,19.90,0.0442,true,1,149123
7290002130567,false,דבש דבורים טהור פרחי בר יד מרדכי 350 גרם,מכוורת יד מרדכי שטראוס ב,,דבש טהור מפרחי בר בז,גרמים,350.00,100 גרם,false,,22.90,0.0654,true,1,60179
7290002132011,false,עוגיות מזרחיות מלוחות עבאדי 400 גרם,מאפיית יוסף ושמחה עבאדי,,עוגיות מזרחיות 400 ג,גרמים,400.00,100 גרם,false,,18.00,0.0450,true,1,55560
7290002136828,false,שמיכה 127,,,שמיכה 127,יחידה,0.00,יחידה,false,,0.00,0.0000,true,1,188163
7290002150107,false,קובה בורגול במילוי ב,חמים וטעים,,חמים וטעים קובה בשר,יחידה,1.00,יחידה,false,,27.90,27.9000,true,1,147827
7290002150404,false,סיגרים מרוקאים במילו,חמים וטעים,,"סיגר תפו""א 1קג חמים",יחידה,1.00,יחידה,false,,24.90,24.9000,true,1,53898
7290002150794,false,סיגרים במילוי בשר 40,"חמים וטעים בע""מ",,סיגר בשר 400 גר חמים,גרמים,400.00,100 גרם,false,,13.90,0.0348,true,1,101900
7290002150831,false,"פסטל תפו""א חמים וטעי",חמים וטעים,,פסטל תפוא 400 גר חמי,גרמים,400.00,100 גרם,false,,12.90,0.0323,true,1,101902
7290002157953,false,מארז נתחי טונה בהירה בשמן קנולה - 4 יחידות,דיאמנט פוד פרודקט,,טונה בשמן קנולה 4*14,יחידה,4.00,יחידה,false,,19.90,4.9750,true,1,140836
7290002157977,false,עלמה חמאה 200 גרם,עלמה,,עלמה חמאה 200 גרם,יחידה,0.00,יחידה,false,,7.88,0.0000,true,1,155432
7290002190141,false,ריבת חלב קונדיטור 450גרם,Barhan gida sanayi v,,קונדיטור ריבת חלב בצ,גרמים,450.00,100 גרם,false,,15.90,0.0353,true,1,72505
7290002190516,false,"ריבת חלב גלעם-קומידה 500ג' 12X-כשל""פ",אשבל מזון פונקציונלי בע\,,קומידה ממרח ריבת חלב,גרמים,500.00,100 גרם,false,,15.00,0.0300,true,1,72506
7290002195054,false,המבורגר בלדי 400 גרם ארוז,יוליניבר,,המבורגר בלדי 4ארוז 4,גרמים,400.00,100 גרם,false,,13.90,0.0348,true,1,158071
7290002195078,false,קבב כבש בלדי קפוא 400 ג',בלדי,,קבב כבש ארוז 400 גרם,גרמים,400.00,100 גרם,false,,12.90,0.0323,true,1,171709
7290002195085,false,קבב מזרחי בלדי 400 ג'- 8 יח',יוליניבר,,קבב מזרחי ארוז 400 ג,גרמים,400.00,100 גרם,false,,12.90,0.0323,true,1,171710
7290002239185,false,אפונת גינה קפואה פרי גליל 800 גרם,"פרי הגליל בע""""מ",,אפונה מוקפאת 800 גרם,גרמים,800.00,100 גרם,false,,12.90,0.0161,true,1,55038
7290002239215,false,אפונה וגזר פרי הגליל 800 גרם,"פרי הגליל בע""""מ",,אפונה וגזר 800 גרם,גרמים,800.00,100 גרם,false,,12.90,0.0161,true,1,54795
7290002239277,false,גזר גמדי קפוא פרי גליל 800ג',"פרי הגליל בע""""מ",,גזר גמדי 800 גרם,גרמים,800.00,100 גרם,false,,10.90,0.0136,true,1,53902
7290002239297,false,גזר גמדי 800 גרם,,,גזר גמדי 800 גרם,גרמים,800.00,100 גרם,false,,10.90,0.0136,true,1,162118
7290002239307,false,שעועית צהובה 800 ג ' פרי הגליל,"פרי הגליל בע""""מ",,שעועית צהובה 800 גרם,גרמים,800.00,100 גרם,false,,14.90,0.0186,true,1,55039
7290002253006,false,שום כתוש דורות בצנצנת 200 גרם,עיצובים 2020 (3.8),,דורות שום כתוש טרי 2,גרמים,200.00,100 גרם,false,,21.90,0.1095,true,1,54161
7290002253105,false,קוביות שום כתוש טרי דורות 80 גרם,עיצובים 2020 (3.8),,דורות מגשית קוביות ש,גרמים,80.00,100 גרם,false,,14.90,0.1863,true,1,55665
7290002253150,false,קוביות בזיליקום קצוץ דורות 70 גרם,עיצובים 2020 (3.8),,דורות בזיליקום טרי ק,יחידה,0.00,יחידה,false,,12.90,0.0000,true,1,55564
7290002253167,false,פטרוזיליה קצוצה דורות 70 גרם,עיצובים 2020 (3.8),,דורות פטרוזליה טרייה,יחידה,0.00,יחידה,false,,12.90,0.0000,true,1,72510
7290002253181,false,קוביות כוסברה קצוצה דורות 70 גרם,עיצובים 2020 (3.8),,דורות כוסברה טריה קצ,יחידה,0.00,יחידה,false,,12.90,0.0000,true,1,72512
7290002253259,false,דורות רוטב עגבניות בזיליקום 160 גרם,עיצובים 2020 (3.8),,דורות רוטב עגבניות ב,גרמים,160.00,100 גרם,false,,12.80,0.0800,true,1,110703
7290002255024,false,אגרול סיני בתוספת רו,,,אגרול סיני 800 גרם,גרמים,800.00,100 גרם,false,,0.00,0.0000,true,1,193357
7290002263937,false,אקסטרה פרכיות בציפוי,,,אקסטרה פרכיות בציפוי,יחידה,0.00,יחידה,false,,0.00,0.0000,true,1,192802
7290002263975,false,אקסטרה פרכיות בציפוי,,,אקסטרה פרכיות בציפוי,יחידה,0.00,יחידה,false,,0.00,0.0000,true,1,189897
7290002268239,false,"דלי טחינה הנסיך 3 ק""",,,"דלי טחינה הנסיך 3 ק""",קילוגרמים,3.00,"ק""ג",false,,59.90,19.9667,true,1,63738
7290002269984,false,"ספריי ME דאודורנט 175 מ""ל",אמיליה קוסמטיקס,,מי דאדוראנט תרסיס קל,מיליליטרים,175.00,"100 מ""ל",false,,20.00,11.4286,true,1,72517
7290002281368,false,נודלס להקפצה ויליגר,לוננהי אהזו,,נודלס להקפצה ויליגר,גרמים,400.00,100 גרם,false,,5.90,0.0148,true,1,175891
7290002281498,false,גבינה צהובה מגורדת על בסיס חלב 500 ג' ריץ,האי נאם סי או אל.טי.,,ריץ צהובה מגורדת 500,גרמים,500.00,100 גרם,false,,21.90,0.0438,true,1,173393
7290002304432,false,"מעדן ענבי ציון תות 1.20 ק""ג",ענבי ציון,,"מעדן תות 1.200 ק""ג",גרמים,1200.00,100 גרם,false,,24.90,0.0207,true,1,171330
7290002304616,false,קונפיטורה ביתית ענבי ציון משמש 600 גרם,ענבי ציון,,ענבי ציון-תנובה תענו,גרמים,600.00,100 גרם,false,,19.90,0.0332,true,1,54163
7290002317005,false,זיתים טבעות מושחר 560ג A2 מטולה,שימורי מוטולה בעמ,,טבעות זיתים,גרמים,560.00,100 גרם,false,,8.90,0.0159,true,1,54800
7290002317081,false,זיתים נטולי גלעין +20% 670ג A2 מטולה,שימורי מוטולה בעמ,,זית חרוזית A2,גרמים,670.00,100 גרם,false,,8.90,0.0133,true,1,55043
7290002317128,false,מלפפון 560ג במלח 10-12 A2 מטולה,שימורי מוטולה בעמ,,מלפפון במלח 10-12 56,גרמים,560.00,100 גרם,false,,7.90,0.0141,true,1,55864
7290002317135,false,מלפפון 560ג במלח 13-17 A2 מטולה,שימורי מוטולה בעמ,,מלפפון במלח מוטולה,גרמים,560.00,100 גרם,false,,9.90,0.0177,true,1,54166
7290002317142,false,"18-25 מלפפון מלח ""מוטולה""",שימורי מוטולה בעמ,,מלפפונים 18-25 במלח,גרמים,560.00,100 גרם,false,,10.90,0.0195,true,1,54801
7290002317166,false,מלפפון 560ג בחומץ 10-12 A2 מטולה,שימורי מוטולה בעמ,,מלפפון בחומץ,גרמים,560.00,100 גרם,false,,7.90,0.0141,true,1,54802
7290002317173,false,מלפפון בחומץ 13-17 560ג A2 מטולה,שימורי מוטולה בעמ,,מלפפונים בחומץ,גרמים,560.00,100 גרם,false,,9.90,0.0177,true,1,55044
7290002317180,false,18-25 מוטולה מלפפוןבחומץ,שימורי מוטולה בעמ,,מלפפון בחומץ 25-18,גרמים,560.00,100 גרם,false,,10.90,0.0195,true,1,54803
7290002317265,false,מלפפון 650ג במלח +20% 7-9 A2 מטולה,שימורי מוטולה בעמ,,מוטולה מלפפון 7/9,גרמים,560.00,100 גרם,false,,5.90,0.0105,true,1,54167
7290002317289,false,חצילים מוחמצים 560 גרם,שימורי מוטולה בעמ,,2A חצילים,גרמים,560.00,100 גרם,false,,6.90,0.0123,true,1,53909
7290002317296,false,פלפל חריף שיפקה 670ג 20%+A2 מטולה,שימורי מוטולה בעמ,,פלפל שיפקה A2 תוספת,גרמים,550.00,100 גרם,false,,5.90,0.0107,true,1,54804
7290002317319,false,מלפפון 650ג בחומץ +20% 7-9 A2 מטולה,שימורי מוטולה בעמ,,מלפפון חומץ 7-9 560,גרמים,560.00,100 גרם,false,,5.90,0.0105,true,1,54805
7290002317326,false,זיתים מנזולינו 12-15 +20% 670ג A2 מטולה,שימורי מוטולה בעמ,,זיתים מנזלינו 12-15,גרמים,670.00,100 גרם,false,,6.90,0.0103,true,1,54806
7290002317333,false,זית מנזולינו 10א,,,זית מנזולינו 10א,קילוגרמים,3.00,"ק""ג",false,,34.90,11.6333,true,1,54168
7290002317371,false,זיתים מושחר נטול גלעין 560ג A2 מטולה,שימורי מוטולה בעמ,,זיתים חרוזית,גרמים,560.00,100 גרם,false,,8.90,0.0159,true,1,54807
7290002317388,false,ירקות מעורבים בצנצנת,שימורי מוטולה,,ירקות מעורבים מזרחי,גרמים,700.00,100 גרם,false,,24.90,0.0356,true,1,53910
7290002317401,false,"מנזנילו 15-17 1.3 ק""",שימורי מוטולה,,זיתים ירוק גדול,גרמים,1300.00,100 גרם,false,,15.90,0.0122,true,1,53911
7290002317425,false,זיתים חרוזית 25,שימורי מוטולה,,זיתים חרוזית 25,גרמים,1250.00,100 גרם,false,,17.90,0.0143,true,1,72525
7290002317432,false,זיתים ירוקים נטולי גלעין,שימורי מוטולה בעמ,,זית חרוזית 10א,יחידה,0.00,יחידה,false,,34.90,0.0000,true,1,54809
7290002317463,false,מלפפון במלח 15-20,שימורי מוטולה,,מלפפון 20*15,גרמים,560.00,100 גרם,false,,12.90,0.0230,true,1,55867
7290002317470,false,מלפפון בחומץ 15-20,,,מלפפון בחומץ 15-20,גרמים,560.00,100 גרם,false,,12.90,0.0230,true,1,60183
7290002317500,false,מלפפונים במלח 30-36 3 קג,שימורי מוטולה בעמ,,מלפפון A10 מלח,קילוגרמים,3.00,"ק""ג",false,,21.90,7.3000,true,1,55045
7290002317531,false,מלפפונים בחומץ 30-36 3קג,שימורי מוטולה בעמ,,מלפפון A10 30-36,קילוגרמים,3.00,"ק""ג",false,,21.90,7.3000,true,1,53912
7290002317579,false,זיתים טבעות ירוק 560ג A2 מטולה,שימורי מוטולה בעמ,,טבעות זיתים,גרמים,270.00,100 גרם,false,,8.90,0.0330,true,1,55670
7290002317609,false,כרוב כבוש 560ג A2 מטולה,שימורי מוטולה בעמ,,כרוב כבוש מוטולה,גרמים,560.00,100 גרם,false,,6.90,0.0123,true,1,55671
7290002317807,false,חצילים,,,חצילים,קילוגרמים,3.00,"ק""ג",false,,22.90,7.6333,true,1,54169
7290002317852,false,מלפפון ביתי במלח בצנצנת,שימורי מוטולה בעמ,,"מלפפון במלח 1ק""ג צנצ",קילוגרמים,1.00,"ק""ג",false,,25.90,25.9000,true,1,55047
7290002320463,false,מעדן תות שדה 100% פרי ל.ת.סוכר בית יצחק 284ג',בית יצחק,,מעדן תות שדה ללא סוכ,גרמים,284.00,100 גרם,false,,16.90,0.0595,true,1,173134
7290002323198,false,ספרינג מיץ תפוחים 1.5 ל',יפאורה שותפות מובגלת לשיווק,,ספרינג משקה בטעם תפו,ליטרים,1.50,ליטר,false,,5.90,3.9333,true,1,54172
7290002323204,false,ספרינג תפוחים לייט 1.5 ל,יפאורה שותפות מובגלת לשיווק,,ספרינג משקה דיאט בטע,ליטרים,1.50,ליטר,false,,5.90,3.9333,true,1,55049
7290002323815,false,משקה קל תפוזים קריסטל 2ל,יפאורה שותפות מובגלת לשיווק,,קריסטל מיץ תפוזים 2,ליטרים,2.00,ליטר,false,,3.90,1.9500,true,1,54811
7290002323822,false,מיץ אשכוליות קריסטל2ליטר,יפאורה שותפות מובגלת לשיווק,,קריסטל מיץ אשכוליות,ליטרים,2.00,ליטר,false,,3.90,1.9500,true,1,54173
7290002323839,false,משקה קל ענבים קריסטל 2ל',יפאורה שותפות מובגלת לשיווק,,קריסטל מיץ ענבים 2 ל,ליטרים,2.00,ליטר,false,,3.90,1.9500,true,1,55050
7290002323846,false,קריסטל מיץ מנגו 2 לי,יפאורה שותפות מובגלת לשיווק,,קריסטל מיץ מנגו 2 לי,ליטרים,2.00,ליטר,false,,3.90,1.9500,true,1,54031
7290002327066,false,קונכיות בצק למילוי 625 גרם שלושת האופים,שלושת האופים,,קונכיות,גרמים,500.00,100 גרם,false,,22.90,0.0458,true,1,72536
7290002329602,false,עוגת שוקולד עוגל'ה 350 גרם,,,עוגות שוקולד 350 גרם,גרמים,350.00,100 גרם,false,,5.90,0.0169,true,1,116524
7290002329619,false,עוגת שוקולד צ'יפס עוגל'ה 350 גרם,,,עוגת שוקו צ'יפס 350,גרמים,350.00,100 גרם,false,,5.90,0.0169,true,1,116525
7290002329626,false,שיש- עוגה 350 גר' תבואות בר,,,עוגות שיש 350 גרם,גרמים,350.00,100 גרם,false,,5.90,0.0169,true,1,116526
7290002329633,false,עוגת תפוח עץ עוגל'ה 350 גרם,,,עוגות וניל 350 גרם,גרמים,350.00,100 גרם,false,,5.90,0.0169,true,1,116527
7290002329640,false,עוגת לימון עוגל'ה 350 גרם,,,עוגות לימון 350 גרם,גרמים,350.00,100 גרם,false,,5.90,0.0169,true,1,116528
7290002329657,false,עוגת תפוז עוגל'ה 350 גרם,,,עוגות תפוז 350 גרם,גרמים,350.00,100 גרם,false,,5.90,0.0169,true,1,116529
7290002329695,false,עוגת וניל הארץ עוגל'ה 350 גרם,,,עוגת וניל 350 גרם,גרמים,350.00,100 גרם,false,,5.90,0.0169,true,1,116531
7290002331025,false,"מים מינרלים נביעות ספורט 500 מ""ל פקדון",נביעות טבע הגליל בעמ,,נביעות ספורט פקדון 5,יחידה,500.00,יחידה,false,,5.00,0.0100,true,1,55342
7290002331094,false,"מים מינרליים GO TO נביעות 755 מ""ל",נביעות טבע הגליל בעמ,,"נביעות 755 מ""ל",מיליליטרים,755.00,"100 מ""ל",false,,4.00,0.5298,true,1,55870
7290002331117,false,נביעות+טעם ענבים 1.5ליטר,"נביעות טבע הגליל בע""\מ",,נביעות מים בטעם ענבי,ליטרים,1.50,ליטר,false,,6.90,4.6000,true,1,60186
7290002331148,false,נביעות+טעם תפוח 1.5 ליטר,נביעות טבע הגליל בעמ,,נביעות מים בטעם תפוח,ליטרים,1.50,ליטר,false,,6.90,4.6000,true,1,55675
7290002331162,false,נביעות מים מינרלים 1.5ל',נביעות,,נביעות 1.5 ליטר,ליטרים,1.50,ליטר,false,,5.00,3.3333,true,1,72542
7290002331179,false,נביעות+טעם אפרסק 1.5ליטר,"נביעות טבע הגליל בע""\מ ,",,נביעות מים בטעם אפרס,ליטרים,1.50,ליטר,false,,6.90,4.6000,true,1,54032
7290002331322,false,שישיית מים נביעות 1.5 ליטר,נביעות טבע הגליל בעמ,,נביעות 6* 1.5 ליטר,ליטרים,1.50,ליטר,false,,10.90,7.2667,true,1,53915
7290002331360,false,"נביעות מים מינרליים טו גו מארז 500X6מ""ל",נביעות טבע,,"נביעות 6 * 500 מ""ל",מיליליטרים,500.00,"100 מ""ל",false,,16.10,3.2200,true,1,53916
7290002331421,false,"שישיית מים מינרליים GO TO נביעות 755 מ""ל",נביעות טבע הגליל בעמ,,"נביעות 6* 755 מ""ל",מיליליטרים,755.00,"100 מ""ל",false,,16.80,2.2252,true,1,72543
7290002331490,false,מים מינרליים נביעות 1 ליטר,נביעות טבע הגליל בעמ,,נביעות 1 ליטר,ליטרים,1.00,ליטר,false,,2.90,2.9000,true,1,98999
7290002341079,false,כרית יפנית כסף סגול ארוז רביעיה ר. שמאי,,,כרית יפנית ארוז רביע,יחידה,0.00,יחידה,false,,7.90,0.0000,true,1,152255
7290002348139,false,ארטישוק תחתיות 210 ג' ויליגר,האי נאם סי או אל.טי.,,OZ 8 8OZ ארטישוק תחת,גרמים,400.00,100 גרם,false,,8.90,0.0223,true,1,54035
7290002348160,false,תירס גמדי שלם ויליגר 425 ג',גואנגדונג יוזהו פודס,,תירס גמדי שלם 400 גר,גרמים,400.00,100 גרם,false,,5.90,0.0148,true,1,140852
7290002348245,false,לבבות דקל שלם 425 ג' ויליגר,אגרו אינדוסטריאל סן,,OZ 8 לבבות דקל שלם 4,גרמים,425.00,100 גרם,false,,10.90,0.0256,true,1,140698
7290002348283,false,לפתן חצאי אפרסקים בס,הלניק ג'וס אינדוסטרי,,אפרסק חצאים ויל' 820,גרמים,820.00,100 גרם,false,,8.90,0.0109,true,1,140699
7290002348573,false,אטריות אורז ויליגר 300 גרם,ליאנג טונגרייס,,ויליגר מקלוני אורז 3,גרמים,300.00,100 גרם,false,,4.20,0.0140,true,1,140700
7290002353249,false,חרדל דיז'ון מיילי 345 גרם,מיוצר עי קונדיטוריית,,דיג'ונג מיילי 335 גר,גרמים,335.00,100 גרם,false,,19.90,0.0594,true,1,146364
7290002353836,false,סרדינים רוברט בשמן זית 115 גרם,קונסרבס פורטוגל נורטה,,סר' רוברט בשמן זית 1,גרמים,120.00,100 גרם,false,,7.90,0.0658,true,1,60191
7290002360124,false,חליטת צמחים ורד הבר והיביסקוס פומפדור 20 יחידות,TEEKANNE- POMPADOU,,פומפדור חליטת ורד הב,יחידה,20.00,יחידה,false,,16.20,0.8100,true,1,64041
7290002360155,false,חליטת תה פרחי שומר פומפדור 20 שקיקים,TEEKANNE- POMPADOU,,פומפדור חליטת שומר 2,יחידה,20.00,יחידה,false,,16.20,0.8100,true,1,64505
7290002360216,false,בורנייר חרדל דיזון חלק 370 ג,"איטיליאן פוד, אס.פי.",,חרדל דיזון – 370 גרם,גרמים,370.00,100 גרם,false,,11.70,0.0316,true,1,63743
7290002360278,false,חליטת צמחים פומפדור מנטה 20 יחידות,"איטיליאן פוד, אס.פי.",,פומפדור חליטת מנטה 2,יחידה,20.00,יחידה,false,,16.20,0.8100,true,1,64507
7290002363200,false,תירוש גפן פוריה 1ליט,,,תירוש גפן פוריה 1ליט,ליטרים,1.00,ליטר,false,,12.90,12.9000,true,1,116122
7290002371854,false,נקניקיות עוף חריפות טירת צבי 2 * 500 גרם,הנסיך- מפעל לייצור ט,,טירת צבי נקניקיות עו,קילוגרמים,1.00,"ק""ג",false,,31.50,31.5000,true,1,54040
7290002371939,false,סרוולד בסגנון צרפתי דליקטיב 120 גרם,הנסיך- מפעל לייצור ט,,טירת צבי סרוולד צרפת,גרמים,120.00,100 גרם,false,,26.90,0.2242,true,1,54377
7290002374145,false,שמן סויה מילומור 3 ל,שמן תעשיות,,שמן סויה מילומור 3 ל,ליטרים,3.00,ליטר,false,,20.90,6.9667,true,1,64432
7290002374268,false,שמן חמניות מילומור 1 ליטר,שמן תעשיות,,שמן חמניות מילומור 1,ליטרים,1.00,ליטר,false,,8.90,8.9000,true,1,63982
7290002374343,false,שמן קנולה מילומור 3,,,שמן קנולה מילומור 3,ליטרים,3.00,ליטר,false,,21.90,7.3000,true,1,64151
7290002374640,false,שמן בריאות קנולה פלוס אומגה 3 עץ הזית 1 ליטר,שמן תעשיות,,עץ הזית שמן קנולה פל,ליטרים,1.00,ליטר,false,,15.90,15.9000,true,1,105939
7290002439196,false,פס גבינה פירורים ריצ450ג,סהרון,,ריצ עוגת גבינת פירור,גרמים,400.00,100 גרם,false,,29.90,0.0747,true,1,140856
7290002448051,false,דייסת סוכר ענבים פרינוק 500 גרם,סטאר סנקס,,פרינוק סוכר ענבים 50,גרמים,500.00,100 גרם,false,,12.90,0.0258,true,1,55689
7290002448716,false,PREMIO חטיף סושי לכלב100ג-חום,גורי,,חטיף סושי לכלב 100 ג,גרמים,100.00,100 גרם,false,,20.20,0.2020,true,1,145179
7290002496557,false,תמר לח בשקית 500גרם,פרי וירק טמרה ושותפי,,תמר לח 500 גרם,גרמים,500.00,100 גרם,false,,9.90,0.0198,true,1,89355
7290002507604,false,פיצה שגב השף מאיטליה 350 גרם,האי נאם סי או אל.טי.,,שגב פיצה השף מאיטליה,גרמים,320.00,100 גרם,false,,16.90,0.0528,true,1,186387
7290002515333,false,"ד""ר פישר - קמיל בלו סנסיטיב אל סבון עדין לתינוק 500 מ""ל",פישר מעבדות פרמצבטיות בע,,קמיל בלו סנסיטיב מוע,מיליליטרים,500.00,"100 מ""ל",false,,22.00,4.4000,true,1,55370
7290002538011,false,סנקור,,,סנקור,יחידה,0.00,יחידה,false,,3.90,0.0000,true,1,110377
7290002543046,false,קלוגס פרוסטיס דגנים וסוכר 750ג',קלוג מנייופרטורינג א,,קלוגס פרוסטיס דגנים,גרמים,750.00,100 גרם,false,,21.90,0.0292,true,1,62895
7290002543237,false,דגני בוקר קלוגס קורנפלקס 750 גרם,קלוגס קומפני אוף גרייט ב,,קורנפלקס 750 גרם,גרמים,750.00,100 גרם,false,,15.90,0.0212,true,1,64209
7290002552284,false,גולד עוגת גבינה תות שדה,"ריאו נתניה ביח""\ר לגלידה",,גולד גלידה עוגת גבינ,ליטרים,1.40,ליטר,false,,17.90,12.7857,true,1,172795
7290002552369,false,שוקולידה אריזה מאגדת,,,שוקולידה אריזה מאגדת,יחידה,0.00,יחידה,false,,34.90,0.0000,true,1,101854
7290002552499,false,מאגדת שלגוני שרבט פרווה תות מנגו 8 יח' ריאו,"גלידות ריאו ביח""ר לג",,מאגדת שמיניות שלגוני,יחידה,8.00,יחידה,false,,16.90,2.1125,true,1,101883
7290002552895,false,גולד גלידה פאדג' שוק,,,גולד גלידה פאדג' שוק,ליטרים,1.40,ליטר,false,,17.90,12.7857,true,1,172798
7290002560005,false,נורמה שקיות אשפה שרו,,,נורמה שקיות אשפה שרו,יחידה,60.00,יחידה,false,,14.90,0.2483,true,1,149714
7290002560012,false,נורמה שקיות ריצרץ לא,,,שקיות ריצרץ לארג 120,יחידה,0.00,יחידה,false,,0.00,0.0000,true,1,187975
7290002560029,false,שקיות ריצרץ מדיום 15,,,שקיות ריצרץ מדיום 15,יחידה,0.00,יחידה,false,,0.00,0.0000,true,1,187976
7290002560050,false,ש.אשפה נורמה שרוך 52,,,ש.אשפה נורמה שרוך 52,יחידה,100.00,יחידה,false,,19.90,0.1990,true,1,149715
7290002560111,false,שקיות אשפה נורמה 85*,,,שקיות אשפה נורמה 85*,יחידה,0.00,יחידה,false,,17.90,0.0000,true,1,173158
7290002560135,false,נורמה ניילון נצמד 15,,,נורמה ניילון נצמד 15,יחידה,0.00,יחידה,false,,19.90,0.0000,true,1,175429
7290002560159,false,שקיות אשפה עבות נשלפ,קריות זול,,נורמה שקיות אשפה חזק,יחידה,0.00,יחידה,false,,19.90,0.0000,true,1,185564
7290002560227,false,נורמה גופייה 75/90 2,קריות זול,,נורמה גופייה 75/90 2,יחידה,0.00,יחידה,false,,14.90,0.0000,true,1,152245
7290002560272,false,נורמה אשפתון 75/90 5,,,נורמה אשפתון 75/90 5,יחידה,0.00,יחידה,false,,14.90,0.0000,true,1,152246
7290002560500,false,שקיות זיפר מדיום 50,,,שקיות זיפר מדיום 50,יחידה,0.00,יחידה,false,,0.00,0.0000,true,1,187978
7290002560555,false,שקיות אשפה ענקיות 75,,,שקיות אשפה ענקיות 75,יחידה,0.00,יחידה,false,,6.90,0.0000,true,1,184350
7290002560777,false,נורמה נייר אפיה 50 י,,,נורמה נייר אפיה 50 י,יחידה,0.00,יחידה,false,,0.00,0.0000,true,1,188267
7290002579083,false,ממרקות ברזל חביב את,,,ממרקות ברזל חביב את,יחידה,1.00,יחידה,false,,10.00,10.0000,true,1,72576
7290002603016,false,רביעיית טונה במים ויליגר 140 גרם,ויליגר,,ויליגר נתחי טונה בהי,גרמים,560.00,100 גרם,false,,19.90,0.0355,true,1,149124
7290002603023,false,"טונה במים 140 גרם ""וילגר""",ויליגר,,ויליגר טונה במים בוד,יחידה,0.00,יחידה,false,,6.00,0.0000,true,1,149122
7290002603689,false,"מקלות בורקס פילו XL תפו""א שגב 450 גר",שלושת האופים שגמור,,"שגב מקלות פילו תפו""א",גרמים,450.00,100 גרם,false,,20.90,0.0464,true,1,151997
7290002608127,false,בייגל רומני פילסברי,פילסברי,,בייגל רומני,יחידה,0.00,יחידה,false,,4.50,0.0000,true,1,71339
7290002617709,false,"שרימפס מקולף גמבו 1 ק""ג קפוא 16/20",,,שרימפס 16/20 מקולף,יחידה,0.00,יחידה,false,,109.90,0.0000,true,1,173916
7290002617723,false,"שרימפס מקולף 1 ק""ג גדול קפוא 26/30",,,שרימפס 26/30 מוקלף 1,גרמים,1000.00,100 גרם,false,,99.90,0.0999,true,1,111788
7290002627678,false,פילה בינתן מנוקד במגש,האי נאס סי אין אל.טי.די,,פילה דג בינתן מנוקד,גרמים,400.00,100 גרם,false,,24.90,0.0622,true,1,187051
7290002654681,false,תערובת להכנת כדורי שוקולד 500ג',י.כהן,,כדורי שוקולד 500 גרם,גרמים,500.00,100 גרם,false,,15.90,0.0318,true,1,63892
7290002663522,false,תפוזינה משקה קל תפוז1.5ל,יפאורה שותפות מובגלת לשיווק,,תפוזינה משקה תפוזים,ליטרים,1.50,ליטר,false,,5.90,3.9333,true,1,55733
7290002663539,false,תפוזינה אשכוליות 1.5ליטר,יפאורה שותפות מובגלת לשיווק,,תפוזינה משקה אשכוליו,ליטרים,1.50,ליטר,false,,5.90,3.9333,true,1,55734
7290002663812,false,שוופס ג'ינג'ר 1.5 ליטר,יפאורה שותפות מובגלת לשיווק,,שוופס ג'ינג'ר אייל 1,ליטרים,1.50,ליטר,false,,10.90,7.2667,true,1,54969
7290002663829,false,שוופס ביטר לימון 1.5ליטר,יפאורה שותפות מובגלת לשיווק,,שוופס ביטר לימון 1.5,ליטרים,1.50,ליטר,false,,10.90,7.2667,true,1,56090
7290002663881,false,תפוזינה אשכוליות לייט1.5,יפאורה שותפות מובגלת לשיווק,,תפוזינה משקה דיאט אש,ליטרים,1.50,ליטר,false,,5.90,3.9333,true,1,56091
7290002673255,false,"סיליט מקומקום מסיר אבנית 500 מ""ל",רקיט בנקיזר,,סיליט מסיר אבנית 500,מיליליטרים,500.00,"100 מ""ל",false,,14.00,2.8000,true,1,60214
7290002692409,false,שמן חמניות מועשר1 ל'-עץ הזית,שמן תעשיות,,שמן חמניות מועשר עץ,ליטרים,1.00,ליטר,false,,14.90,14.9000,true,1,64800
7290002692553,false,שמן זיתולה עשיר באומ,שמן תעשיות,,"זיתולה 750 מ""ל",מיליליטרים,750.00,"00000000000000000מ""ל",false,,15.90,0.0212,true,1,64164
7290002692768,false,"תרסיס שמן קנולה מזוכך ללא תוספת גז עץ הזית 200 מ""ל",טרנסומס פוד איי בי,,עץ הזית תרסיס מופחת,מיליליטרים,200.00,"100 מ""ל",false,,15.90,7.9500,true,1,64212
7290002692775,false,"תרסיס שמן קנולה בטעם חמאה עץ הזית 200 מ""ל",קומפניה,,עץ הזית תרסיס שמן קנ,מיליליטרים,200.00,"100 מ""ל",false,,15.90,7.9500,true,1,172204
7290002707134,false,"קמח מפרץ 1 ק""ג",,,"קמח מפרץ 1 ק""ג",קילוגרמים,1.00,"ק""ג",false,,3.00,3.0000,true,1,63893
7290002707141,false,"סולת 1ק""ג",,,"סולת 1ק""ג",קילוגרמים,1.00,"ק""ג",false,,3.00,3.0000,true,1,64523
7290002715375,false,קבב יווני טיבון ויל 400 גרם,טיבון ויל אחזקות בעמ,,קבב יווני 400 גרם,גרמים,400.00,100 גרם,false,,19.90,0.0497,true,1,60215
7290002715504,false,ארוחת נודלס בטעם עוף מג'יק 70 גרם,טאט הוי פוד בעמ,,מגיק טעם עוף בכוס 70,יחידה,0.00,יחידה,false,,3.90,0.0000,true,1,140701
7290002715528,false,ארוחת נודלס בטעם ירקות מג'יק 70 גרם,טאט הוי פוד בעמ,,מגיק טעם ירקות בכוס,יחידה,0.00,יחידה,false,,3.90,0.0000,true,1,140703
7290002715580,false,ארוחת נודלס בטעם סיני חריף מג'יק 70 גרם,טאט הוי פוד בעמ,,מגיק טעם סיני בכוס 7,יחידה,0.00,יחידה,false,,3.90,0.0000,true,1,140704
7290002730262,false,"נוזל לניקוי כלים קלאסי פלמוליב 750 מ""ל",יבואן ומשווק: ש. שסט,,פלמוליב לכלים קלאסי,יחידה,750.00,יחידה,false,,9.90,0.0132,true,1,64213
7290002730521,false,צימרוני אוזניים בלונס בקופסא 200 יח',קריות זול,,בלונס צמרונים בקופסא,יחידה,200.00,יחידה,false,,5.90,0.0295,true,1,63990
7290002730675,false,"קולגייט משחת שיניים אדומה משפחתי 100 מ""ל",קולגייט-פלמוליב,,קולגייט משחת שיניים,גרמים,100.00,100 גרם,false,,11.90,0.1190,true,1,70034
7290002730811,false,"משחת שיניים ג'ל פסים מרעננים קולגייט 100 מ""ל",הנסיך- מפעל לייצור ט,,קולגייט משחת שיניים,גרמים,100.00,100 גרם,false,,12.90,0.1290,true,1,64166
7290002730903,false,פלמוליב סבון מוצק ורדים רביעייה * 125 ג',הנסיך- מפעל לייצור ט,,פלמוליב סבון מוצק ור,גרמים,500.00,100 גרם,false,,15.90,0.0318,true,1,70035
7290002730958,false,סבון מוצק בניחוח זיתים ואלוורה פלמוליב 4*100 גרם,הנסיך- מפעל לייצור ט,,פלמוליב סבון מוצק  י,גרמים,400.00,100 גרם,false,,15.90,0.0398,true,1,64167
7290002750154,false,שישיית לחמניות יאמיס,פילסברי,,לחמניה יאמיס מארז שי,יחידה,6.00,יחידה,false,,12.90,2.1500,true,1,141523
7290002750178,false,ג'בטה 180 כפרית,פילסברי,,גבטה 180 כפרית,יחידה,0.00,יחידה,false,,4.50,0.0000,true,1,115302
7290002750383,false,לחם מחמצת טוסקני כפר,פילסברי,,לחם מחמצת טוסקני כפר,גרמים,530.00,100 גרם,false,,15.90,0.0300,true,1,152366
7290002752332,false,"סוכריות מנטוס פירות בגליל, 37.5 גרם",הדקלאים אגודת שיתופי,,מנטוס פירות בגליל 37,יחידה,0.00,יחידה,false,,3.50,0.0000,true,1,54130
7290002753995,false,סוכריות עדשים לקישוט עוגה וורנר 6*25 גרם,היינץ צפון אמריקה מק,,ערכת קישוטי עוגה 150,גרמים,150.00,100 גרם,false,,18.20,0.1213,true,1,72597
7290002757139,false,מלוואח 700 גר' שלושת האופים קהילות,שלושת האופים,,שלושת האופים מלוואח,גרמים,700.00,100 גרם,false,,13.90,0.0199,true,1,72598
7290002757146,false,"קובה חמוסטה למרק שלושת האופים 1 ק""ג","שלושת האופים בע""\מ",,שלושת האופים קובה חמ,יחידה,1.00,יחידה,false,,22.20,22.2000,true,1,168938
7290002757535,false,בורקס פילו אצבעות גבינה שלושת האופים 700 גרם,שלושת האופים שגמור,,בורקס פילו אצבעות גב,גרמים,700.00,100 גרם,false,,20.90,0.0299,true,1,72602
7290002757719,false,"בצק עלים 1 ק""ג סדרה אדומה [נטו]",אופרה,,"בצק עלים 1ק""ג",יחידה,1.00,יחידה,false,,11.90,11.9000,true,1,85152
7290002757726,false,בורקס גבינה 700גרם הסדרה האדומה [נטו],אופרה,,בורקס גבינה 700 גר,גרמים,700.00,100 גרם,false,,14.90,0.0213,true,1,86920
7290002757733,false,ג'חנון 650 ג' שלושת האופים,אופרה,,שלושת האופים גחנון 6,גרמים,650.00,100 גרם,false,,10.90,0.0168,true,1,83736
7290002757740,false,"בורקס תפו""א 700 גרם הסדרה האדומה [נטו]",אופרה,,בורקס תפוא 700 גר,גרמים,700.00,100 גרם,false,,10.90,0.0156,true,1,72603
7290002757757,false,מלוואח 700 ג' שלושת האופים,אופרה,,שלושת האופים מלוואח,גרמים,700.00,100 גרם,false,,10.90,0.0156,true,1,72604
7290002768074,false,אל סבון נוזלי רגיל דרמפון 1 ליטר,"אמיליה קוסמטיקס בע""מ",,דרמפון-סבון נוזלי לי,ליטרים,1.00,ליטר,false,,19.90,19.9000,true,1,72607
7290002769316,false,קראנץ שמרים 500 גרם,ר.כ עוגיות הזהב,,קראנץ שמרים 500 גרם,גרמים,500.00,100 גרם,false,,13.90,0.0278,true,1,93336
7290002775805,false,עוגת מוס גבינה פירורים חלבי,נטו,,ריצ עוגת מוס גבינה פ,גרמים,850.00,100 גרם,false,,59.90,0.0705,true,1,140710
7290002781073,false,מיץ לימון מיטב 4 ליט,,,מיץ לימון מיטב 4 ליט,ליטרים,4.00,ליטר,false,,9.00,2.2500,true,1,54400
7290002781080,false,חרדל אמיתי 550 ג' מיטב,מיטב,,ממרח חרדל 550 גר,גרמים,550.00,100 גרם,false,,8.00,0.0145,true,1,55838
7290002781103,false,חומץ 5% 4 ליטר,,,חומץ 5% 1 ליטר,ליטרים,1.00,ליטר,false,,9.00,9.0000,true,1,55839
7290002781240,false,מיץ לימון משומר 1 ל' מיטב,מיטב,,מיץ לימון משומר 1 לי,ליטרים,1.00,ליטר,false,,5.00,5.0000,true,1,54974
7290002781257,false,חומץ 1 ליטר כהה-בהיר,מיטב,,חומץ 1 ליטר כהה-בהיר,ליטרים,1.00,ליטר,false,,5.00,5.0000,true,1,55841
7290002781264,false,סירופ בטעם שוקולד 700 גרם,מיטב,,סירופ שוקולד 740 מל,גרמים,700.00,100 גרם,false,,12.00,0.0171,true,1,54401
7290002781400,false,קטשופ מנות אישיות,,,קטשופ מנות אישיות,יחידה,0.00,יחידה,false,,100.00,0.0000,true,1,54976
7290002781509,false,"קיטשופ דלי מיטב 1 ק""",,,"קיטשופ דלי מיטב 1 ק""",קילוגרמים,1.00,"ק""ג",false,,22.00,22.0000,true,1,107546
7290002781660,false,*ממרח חרדל 5.700 מוס,,,*ממרח חרדל 5.700 מוס,קילוגרמים,5.70,"ק""ג",false,,36.00,6.3158,true,1,55742
7290002781776,false,ריבת דובדבנים מיטב 450 ג',,,ריבת דובדבנים 450גר,גרמים,450.00,100 גרם,false,,10.00,0.0222,true,1,54534
7290002781899,false,ריבה בטעם תפוז מיטב 820 ג',מיטב,,ריבה בטעם תפוז 880 ג,גרמים,880.00,100 גרם,false,,10.00,0.0114,true,1,56100
7290002781905,false,ריבה בטעם מעורבת 820 ג' מיטב,,,ריבה מעורבת 880 גרם,גרמים,880.00,100 גרם,false,,10.00,0.0114,true,1,54189
7290002781912,false,ריבה תות שדה בצנצנת מיטב,,,ריבה בטעם תות 880 גר,גרמים,880.00,100 גרם,false,,10.00,0.0114,true,1,55842
7290002781929,false,ריבת משמש 820 ג' מיטב,מיטב,,ריבת משמש 880 גרם,גרמים,880.00,100 גרם,false,,10.00,0.0114,true,1,55744
7290002782742,false,"פנינה רוזנבלום - דאודורנט ספריי לאישה מס' 2 150 מ""ל",פנינה רוזנבלום,,פנינה דאודורנט ספריי,מיליליטרים,150.00,"100 מ""ל",false,,20.00,13.3333,true,1,55745
7290002782759,false,"פנינה קרם גוף רוזנבלום 400 מ""ל",פנינה רוזנבלום,,קרם גוף פנינה רוזנבל,יחידה,400.00,יחידה,false,,23.90,0.0597,true,1,54540
7290002787884,false,"מקלות פילו תפו""א 600 גרם שלושת האופים",שגמור,,שלושת האופים מקלות פ,יחידה,0.00,יחידה,false,,20.90,0.0000,true,1,140876
7290002805151,false,סיף פנטסטיק לרצפות בניחוח סחלבים 4ל',יוניליוור ישראל טיפו,,סיף פנטסטיק רצפות בנ,ליטרים,4.00,ליטר,false,,18.90,4.7250,true,1,55746
7290002808398,false,חומץתפוחי עץ טבעי 47,אולד דאץ,,חומץתפוחי עץ טבעי 47,יחידה,473.00,יחידה,false,,9.00,0.0190,true,1,63991
7290002814016,false,"מסיר שומנים מתז 750 מ""ל סנט מוריץ כשל""פ עד""ח","קומפלקס כימיקלים בע""",,מסיר שומנים סנט מורי,מיליליטרים,750.00,"100 מ""ל",false,,14.90,1.9867,true,1,54979
7290002814023,false,"אסלונית לניקוי אסלות סנט מוריץ 800 מ""ל",קומפלקס כימיקלים בעמ,,"מבהיק אסלות 750 מ""ל",מיליליטרים,750.00,"100 מ""ל",false,,7.90,1.0533,true,1,54138
7290002814054,false,סנט מוריץ מתז אנטרטיק מתז 1 ליטר,קומפלקס כימיקלים בעמ,,אנטרטיק 1 ליטר מתז,ליטרים,1.00,ליטר,false,,10.90,10.9000,true,1,174364
7290002814078,false,סנט מוריץ נוזל לניקוי אמבט אנטרטיק 1ל',"קומפלקס כימיקלים בע""",,נוזל לניקוי אמבט אנט,מיליליטרים,1000.00,"100 מ""ל",false,,10.00,1.0000,true,1,56101
7290002814139,false,נוזל רצפות דוחה תיקנים2ל,קומפלקס כימיקלים,,סנט מוריץ נוזל רצפות,יחידה,0.00,יחידה,false,,12.90,0.0000,true,1,135768
7290002814214,false,קצף ניקוי כלים סינטריים סנט מוריץ 750מל,קומפלקס כימיקלים,,קצף ניקוי כלים סינטר,יחידה,750.00,יחידה,false,,10.00,0.0133,true,1,55747
7290002814245,false,מטליות אקונומיקה 400יח,,,מגבוני אקונומיקה בדל,יחידה,0.00,יחידה,false,,29.90,0.0000,true,1,182777
7290002814290,false,קצף מרוכז blanco בניחוח לימון משמיד 99.9% חיידקים סנט מוריץ 1 ליטר,קומפלקס כימיקלים בעמ,,קצף מרוכז 1 ליטרבניח,ליטרים,4.00,ליטר,false,,13.90,3.4750,true,1,187103
7290002814405,false,שמפו לכלים לבנדר 1.6 ליטר,קומפלקס כימיקלים,,שמפו לכלים לבנדר 1.6,ליטרים,1.60,ליטר,false,,9.90,6.1875,true,1,120502
7290002814436,false,סנט מוריץ נוזל כלים 1.6 ליטר לימון 18%,קומפלקס כימיקלים,,סנט מוריץ נוזל כלים,ליטרים,1.50,ליטר,false,,9.90,6.6000,true,1,123208
7290002814450,false,"מטהר אוויר למכשיר אוטומטי, 250 מ""ל סנט מוריץ",,,סנט מוריץ מטהר אוויר,יחידה,0.00,יחידה,false,,9.90,0.0000,true,1,146036
7290002814481,false,עלמה שקיות מזון בקופסא 150 יח' מארז שלישיה,קומפלקס כימיקלים בעמ,,עלמה שקיות מזון 3*15,יחידה,0.00,יחידה,false,,0.00,0.0000,true,1,187612
7290002814498,false,"סנט מוריץ - מרסס חומץ לניקוי כללי 750 מ""ל",קומפלקס כימיקלים,,סנט מוריץ מתז חומץ 7,מיליליטרים,750.00,"100 מ""ל",false,,0.00,0.0000,true,1,192811
7290002814528,false,נוזל לניקוי האסלה סנט מוריץ 1 ליטר,קומפלקס כימיקלים בעמ,,נוזל אסלות 1 ליטר,ליטרים,1.00,ליטר,false,,8.00,8.0000,true,1,55749
7290002814542,false,סנט מוריץ שקיות אשפה 75*90 -25 יח',קומפלקס כימיקלים בעמ,,שקיות אשפה 50*70,יחידה,0.00,יחידה,false,,12.90,0.0000,true,1,183171
7290002814580,false,טורנדו גרגירים לפתיחת סתימות 200 גרם,"קומפלקס כימיקלים בע""",,טורנדו לפתיחת סתימות,גרמים,200.00,100 גרם,false,,12.90,0.0645,true,1,146016
7290002814597,false,סנט מוריץ טורנדו נוזל לפתיחת סתימות 1 לי,קומפלקס כימיקלים,,טורנדו נוזל לפתיחת ס,ליטרים,1.00,ליטר,false,,19.90,19.9000,true,1,141332
7290002814603,false,"סנט מוריץ - מרסס מסיר שומנים קר מבושם לימון 750 מ""ל",קומפלקס כימיקלים בעמ,,מסיר שומנים קר מבושם,מיליליטרים,750.00,"100 מ""ל",false,,14.90,1.9867,true,1,150038
7290002814696,false,סנט מוריץ כדוריות אס,,,סנט מוריץ כדוריות אס,יחידה,0.00,יחידה,false,,0.00,0.0000,true,1,192679
7290002814825,false,סבון אסלה כדוריות שלישייה אוקיינוס כחול,"קומפלקס כימיקלים בע""",,סבון אסלה כדוריות של,יחידה,0.00,יחידה,false,,11.90,0.0000,true,1,182434
7290002814849,false,סנט מוריץ סבון אסלה שלישייה כחול אוקיינוס,רקסונה,,סבון אסלה מרוכז שליש,יחידה,0.00,יחידה,false,,9.90,0.0000,true,1,144114
7290002814870,false,"סנט מוריץ - מרסס מסיר שומנים קר מבושם לוונדר\פרחים 750 מ""ל",קומפלקס כימיקלים בעמ,,מסיר שומנים קר מבושם,מיליליטרים,750.00,"100 מ""ל",false,,14.90,1.9867,true,1,173878
7290002814887,false,מטליות רצפה לניקוי ובישום סנטמוריץ,קומפלקס כימיקלים,,מגבונים לחים לרצפה 1,יחידה,0.00,יחידה,false,,9.90,0.0000,true,1,181159
7290002814894,false,אקונומיקה קצף ניקוי 1לוונדר ליטר- סנט מוריץ,קומפלקס כימיקלים,,אקונומיקה מרסס קצף נ,ליטרים,1.00,ליטר,false,,10.90,10.9000,true,1,180177
7290002814900,false,סבון אסלה סנט מוריץ כדוריות לימון 3 יח,"קומפלקס כימיקלים בע""",,סבון אסלה כדוריות של,יחידה,0.00,יחידה,false,,11.90,0.0000,true,1,182436
7290002814917,false,סנט מוריץ שמפו רצפות בניחוח לבנדר 4 ליטר,קומפלקס כימיקלים,,סנט מוריץ ניקוי לרצפ,ליטרים,4.00,ליטר,false,,12.90,3.2250,true,1,102758
7290002814931,false,סנט מוריץ שמפו רצפות בניחוח פרחים 4 ליטר - מרכז,קומפלקס כימיקלים בעמ,,סנט מוריץ חומר לניקו,ליטרים,4.00,ליטר,false,,12.90,3.2250,true,1,54140
7290002824183,false,"גבינה לבנה סקי 500 גרם 5% ""שטראוס"" -מוצר בפיקוח",מיוצר עי קונדיטוריית,,שטראוס גבינה לבנה 5%,גרמים,500.00,100 גרם,false,,9.50,0.0190,true,1,54193
7290002824466,false,יוגורט דנונה ביו לבן 0% שומן 200 גרם,"שטראוס בריאות בע""\מ",,דנונה יוגורט ביו 0%,גרמים,200.00,100 גרם,false,,3.50,0.0175,true,1,54141
7290002824640,false,"גבינת סקי 250 גרם 5% ""שטראוס"" -מוצר בפיקוח",מיוצר עי קונדיטוריית,,שטראוס גבינה 5% 250,גרמים,250.00,100 גרם,false,,4.75,0.0190,true,1,55843
7290002839064,false,כמון טחון תבליני גל,,,כמון טחון תבליני גל,יחידה,0.00,יחידה,false,,7.00,0.0000,true,1,82484
7290002839088,false,צנצנת תבלינים גל 400,,,צנצנת תבלינים גל 400,גרמים,400.00,100 גרם,false,,25.00,0.0625,true,1,82498
7290002839163,false,תבלינים שונים,,,תבלינים שונים,גרמים,500.00,100 גרם,false,,19.90,0.0398,true,1,82501
7290002839187,false,תבליני גל גריל עוף,,,תבליני גל גריל עוף,יחידה,0.00,יחידה,false,,6.00,0.0000,true,1,82483
7290002839262,false,"מלח לימון גל 1ק""ג",,,"מלח לימון גל 1ק""ג",גרמים,1000.00,100 גרם,false,,24.00,0.0240,true,1,82503
7290002842415,false,פילה אנשובי אמיתי 50 גרם,יו.אס.איי וליו קו,,פילה אנשובי אמיתי 50,יחידה,0.00,יחידה,false,,9.90,0.0000,true,1,185668
7290002868996,false,"קוטג' 5% שומן, רכיבים טבעיים, 250 גרם",קריות זול,,טרה קוטג מועשר 5% 25,גרמים,250.00,100 גרם,false,,5.90,0.0236,true,1,72630
7290002871446,false,פריגת ענבים 1.5 ליטר,מבשלות בירה בינלאומיות ב,,פריגת ענבים 1.5 ליטר,ליטרים,1.50,ליטר,false,,6.70,4.4667,true,1,60222
7290002871460,false,משקה קל תפוזים פריגת,מבשלות בירה בינלאומיות ב,,פריגת תפוזים 1.5 ליט,ליטרים,1.50,ליטר,false,,6.70,4.4667,true,1,54143
7290002871477,false,פריגת אשכוליות 1.5 ליטר,מבשלות בירה בינלאומיות ב,,פריגת אשכולית 1.5 לי,ליטרים,1.50,ליטר,false,,6.70,4.4667,true,1,54541
7290002871484,false,דיאט פריגת תפוזים 1.5 ל',מבשלות בירה בינלאומיות ב,,פריגת דיאט תפוזים 1.,ליטרים,1.50,ליטר,false,,6.70,4.4667,true,1,54542
7290002871491,false,דיאט פריגת אשכוליות1.5ל,מבשלות בירה בינלאומיות ב,,פריגת דיאט אשכולית 1,ליטרים,1.50,ליטר,false,,6.70,4.4667,true,1,55845
7290002881018,false,מעדן תות שדה סאן מורנו 284 גרם,קריות זול,,סן מורנו מעדן תות שד,גרמים,284.00,100 גרם,false,,14.00,0.0493,true,1,54144
7290002881032,false,מעדן אוכמניות כחולות 100% 284 גרם,קריות זול,,סן מורנו מעדן אוכמני,גרמים,284.00,100 גרם,false,,14.00,0.0493,true,1,60223
7290002881056,false,סן מורנו מעדן משמש 2,אופאל,,סן מורנו מעדן משמש 2,גרמים,284.00,100 גרם,false,,14.00,0.0493,true,1,54983
7290002881254,false,קוקטייל פירות טרופיים בסירופ קל תומר 825 גרם,סאנרייז אגריקלטור,,קוקטייל טרופי 850 גר,גרמים,850.00,100 גרם,false,,8.00,0.0094,true,1,54544
7290002881261,false,"ליצ'י שלם 565 גרם ""תומר""",גיבונג אינדסקיאלס,,ליצי תומר בסירופ קל5,גרמים,565.00,100 גרם,false,,8.90,0.0158,true,1,54199
7290002881278,false,לפתן אפרסק חצאים תומ,אלבס אס.א.גריק,,אפרסק חצאים 820 גרם,גרמים,820.00,100 גרם,false,,8.00,0.0098,true,1,54545
7290002881407,false,נודלס אטריות ביצים דק תומר 400ג',קריות זול,,תומר נודלס דק 400 גר,גרמים,400.00,100 גרם,false,,6.00,0.0150,true,1,54548
7290002881506,false,חמאת בוטנים תומר 510 ג',Niza s a,,חמאת בוטנים 510 גר,גרמים,510.00,100 גרם,false,,16.00,0.0314,true,1,55752
7290002881551,false,עלי גפן ממולאים באורז תומר 400 גרם,אסמה תורכיה,,עלי גפן ממולאים 400,גרמים,400.00,100 גרם,false,,10.00,0.0250,true,1,55848
7290002881575,false,עלי גפן במי מלח תומר,,,עלי גפן צינצנת 400 ג,גרמים,400.00,100 גרם,false,,11.00,0.0275,true,1,60226
7290002881735,false,לבבות דקל שלמים תומר,אינקופלמיטו אס.אי,,לבבות דקל שלמים 400,גרמים,400.00,100 גרם,false,,11.00,0.0275,true,1,54408
7290002881742,false,לבבות דקל פרוסות תומר 400 גרם,Inaexpo,,לבבות דקל פרוסות 400,גרמים,400.00,100 גרם,false,,8.00,0.0200,true,1,54550
7290002881766,false,"שלישיית פיטריות חתוכות תומר 290 גרם כשל""פ",פרוצאמפ,,תומר שלישייה פטריות,גרמים,870.00,100 גרם,false,,10.90,0.0125,true,1,92698
7290002881957,false,סרדינים מרוקאי חריף בשמן חמניות 125ג' תומר,Union des pecheries,,סרדין מרוקאי חריף 12,גרמים,125.00,100 גרם,false,,5.10,0.0408,true,1,56107
7290002900566,false,פסטרמה ברביקיו דל שומן טירת צבי 400 גרם,הנסיך- מפעל לייצור ט,,טירת צבי פסטרמה ברבי,גרמים,360.00,100 גרם,false,,31.80,0.0883,true,1,54207
7290002904694,false,"טיטניום דאודורנט ספריי לגברים 150 מ""ל","אמיליה קוסמטיקס בע""מ",,טיטניום קלאסי-דאודור,מיליליטרים,180.00,"100 מ""ל",false,,15.00,8.3333,true,1,72632
7290002921240,false,"קרבונה שמפוזר לניקוי שטיחים וריפוד יעקבי 650 מ""ל",קרבונה Carbona,,שמפוזר מסיר כתים משט,מיליליטרים,650.00,"100 מ""ל",false,,24.90,3.8308,true,1,56109
7290002921349,false,לוקטייט סופר גלו 3 - זוגי,יעקובי סופר גלו,,סופר גלו 3 - זוגי,יחידה,0.00,יחידה,false,,15.00,0.0000,true,1,54208
7290002925729,false,"גם וגם משחת שיניים כחול ומי פה בטעם פפרמינט 120 מ""ל","אמיליה קוסמטיקס בע""מ",,גם וגם משחת שיניים ב,מיליליטרים,120.00,"100 מ""ל",false,,15.90,13.2500,true,1,72633
7290002925798,false,"גם וגם משחת שיניים ירוק מי פה לייט 120 מ""ל",אמיליה קוסמטיקס,,גם וגם משחת שיניים ל,מיליליטרים,120.00,"100 מ""ל",false,,15.90,13.2500,true,1,72634
7290002929512,false,שלושת האופים פלאפל 5,האי נאם סי או אל.טי.,,שלושת האופים פלאפל 5,יחידה,0.00,יחידה,false,,0.00,0.0000,true,1,188430
7290002929642,false,רביעיית טונה בשמן ויליגר 140 גרם,דיאמנט פוד פרודקט קו,,ויליגר טונה 4* 140 ג,יחידה,4.00,יחידה,false,,19.90,4.9750,true,1,140888
7290002954026,false,"שמן תירס ""שוקחה"" 3 ליטר",איי.די.אם אנטוורפאן. וי,,שוקחה שמן תירס 3 ליט,ליטרים,3.00,ליטר,false,,24.90,8.3000,true,1,55853
7290002954040,false,שמן תירס שוקחה 1 ליטר,לסיור,,שמן תירס שוקחה 1 לי,ליטרים,1.00,ליטר,false,,9.90,9.9000,true,1,152517
7290002954095,false,שמן תירס 5ל' שוקחה,,,שמן תירס 5 ליטר,ליטרים,5.00,ליטר,false,,39.90,7.9800,true,1,179172
7290002954101,false,נתחי טונה בהירה בשמן 160גר,סיאם אינטרנשיונל פוד,,נתחי טונה בהירה בשמן,גרמים,160.00,100 גרם,false,,5.90,0.0369,true,1,54415
7290002954132,false,טונה כחולה בשמן צמחי,,,טונה כחולה בשמן צמחי,גרמים,110.00,100 גרם,false,,5.90,0.0536,true,1,55854
7290002954187,false,"אורז יסמין 5 ק""ג שוקחה",בני ג'ורג' שוקחה חיפ,,שוקחה אורז יסמין 5 ק,קילוגרמים,5.00,"ק""ג",false,,39.90,7.9800,true,1,55090
7290002954200,false,"אורז יסמין 1 ק""ג שוקחה",בני ג'ורג' שוקחה חיפ,,שוקחה אורז יסמין 1 ק,קילוגרמים,1.00,"ק""ג",false,,9.90,9.9000,true,1,54555
7290002954330,false,"תה גרבה תפ""ז 1 ק""ג",,,"תה גרבה תפ""ז 1 ק""ג",קילוגרמים,1.00,"ק""ג",false,,34.90,34.9000,true,1,60230
7290002954354,false,"סמנה 1 ק""ג שוקחה",,,"שומן צמחי 1 ק""ג",קילוגרמים,1.00,"ק""ג",false,,14.90,14.9000,true,1,72636
7290002954361,false,פטריות שמפניון חתוכות 400 ג' שוקחה,,,פטריות שמפניון חתוכו,גרמים,400.00,100 גרם,false,,4.90,0.0123,true,1,55091
7290002954392,false,תמצית חרובים סירופ 400 ג',סיתוגלו גידה אתהלאת,,תמצית חרובים 150 גרם,גרמים,150.00,100 גרם,false,,14.90,0.0993,true,1,55092
7290002954460,false,"Sunwhite אורז אוסטרלי עגול לסושי-1 ק""ג",בני ג'ורג' שוקחה חיפ,,Sunwhite אורז אוסטרל,קילוגרמים,1.00,"ק""ג",false,,9.90,9.9000,true,1,55093
7290002954477,false,"אורז עגול אוסטרלי 5 ק""ג סנוואיט",בני ג'ורג' שוקחה חיפ,,Sunwhite אורז אוסטרל,קילוגרמים,5.00,"ק""ג",false,,44.90,8.9800,true,1,55986
7290002954545,false,מלבין קפה 400 ג' שוקחה,,,מלבין קפה 400 גרם,גרמים,400.00,100 גרם,false,,9.90,0.0248,true,1,54417
7290002971009,false,"קמח חיטה לבן בהיר שטיבל 1 ק""ג",שטיבל טחנות קמח,,קמח חיטה לבן בהיר,גרמים,1000.00,100 גרם,false,,3.00,0.0030,true,1,70042
7290002986539,false,עוגיות יין פריכות 250גרם,"אחים גטניו בע""מ",,עוגיות פריכות,גרמים,250.00,100 גרם,false,,8.90,0.0356,true,1,108965
7290002987963,false,"סלט חומוס אחלה 1 ק""ג",מיוצר עי קונדיטוריית,,"חומוס אחלה 1 ק""ג",קילוגרמים,1.00,"ק""ג",false,,13.90,13.9000,true,1,55094
7290003009312,false,בוטן קלוי קליית גת 200 גרם,הדקלאים אגודת שיתופי,,בוטן קלוי 200 גרם,גרמים,200.00,100 גרם,false,,7.10,0.0355,true,1,55989
7290003009329,false,בוטנים אמריקאיים קליית גת 200 גרם,הדקלאים אגודת שיתופי,,בוטן אמריקאי 200 גרם,גרמים,200.00,100 גרם,false,,6.90,0.0345,true,1,55095
7290003009336,false,קבוקים קליית גת 200 גרם,הדקלאים אגודת שיתופי,,קבוקים 200 גרם,גרמים,200.00,100 גרם,false,,6.90,0.0345,true,1,54557
7290003009572,false,סירופ תפוזים פריגת 1.5ל',סירופ - גבעת חיים,,תרכיז 1.5 ליטר – תפו,ליטרים,1.50,ליטר,false,,18.90,12.6000,true,1,55096
7290003009596,false,"סירופ דיאט אשכוליות פריגת 750 מ""ל",סירופ - גבעת חיים,,"תרכיז 750 מ""ל – דיאט",מיליליטרים,750.00,"100 מ""ל",false,,17.90,2.3867,true,1,60232
7290003009633,false,סירופ לימונים פריגת 1.5ל,סירופ - גבעת חיים,,תרכיזי 1.5 ליטר – לי,ליטרים,1.50,ליטר,false,,18.90,12.6000,true,1,55098
7290003009640,false,מיץ תפוזים סחוט רכיבים טבעיים פריגת 1 ליטר,פריגת מצוננים,,פריגת סחוט מיץ תפוזי,מיליליטרים,1000.00,"100 מ""ל",false,,13.90,1.3900,true,1,72637
7290003015627,false,"נוזל רצפות אפרסק 2 ליטר ""ריצפז פרש""","סנו מפעלי ברונוס בע""",,ריצפז פרש אפרסק 2 לי,ליטרים,2.00,ליטר,false,,17.90,8.9500,true,1,64311
7290003015634,false,"נוזל רצפות פסיפלורה 2 ליטר ""ריצפז פרש""",קריות זול,,ריצפז פרש פסיפלורה 2,ליטרים,2.00,ליטר,false,,17.90,8.9500,true,1,64814
7290003015641,false,"נוזל רצפות יסמין 2 ליטר ""ריצפז פרש""",קריות זול,,ריצפז פרש יסמין 2 לי,ליטרים,2.00,ליטר,false,,17.90,8.9500,true,1,62977
7290003015917,false,סנומט רולון דוחה יתוש אישי עם אלוורה 50מ,סנומט,,סנומט מגן רולאון,יחידה,0.00,יחידה,false,,19.90,0.0000,true,1,70050
7290003023165,false,שוקו יטבתה בכד פלסטי,מחלבת יטבתה,,יטבתה שוקו כד 2 ליטר,ליטרים,2.00,ליטר,false,,19.90,9.9500,true,1,54340
7290003026029,false,"ד""ר פישר - קמיל בלו סנסיטיב שמפו אלדמע 500 מ""ל",פישר מעבדות פרמצבטיות בע,,קמיל בלו סנסיטיב שמפ,גרמים,500.00,100 גרם,false,,22.00,0.0440,true,1,54341
7290003026197,false,"קמיל בלו סנסטיב שמן טיפולי ד""ר פישר 500 מ""ל",פישר מעבדות פרמצבטיות בע,,קמיל בלו שמן טיפולי,מיליליטרים,520.00,"100 מ""ל",false,,32.10,6.1731,true,1,54559
7290003026227,false,"קמיל בלו שמפו לתינוק סנסיטיב אל דמע ד""ר פישר 1 ליטר",פישר מעבדות פרמצבטיות בע,,קמיל בלו סנסיטיב שמפ,ליטרים,1.00,ליטר,false,,32.00,32.0000,true,1,54420
7290003026234,false,"ד""ר פישר - קמיל בלו תחליב לתינוק 500 מ""ל",פישר מעבדות פרמצבטיות בע,,קמיל בלו תחליב לתינו,יחידה,500.00,יחידה,false,,30.00,0.0600,true,1,55855
7290003026319,false,"קמיל בלו משחת החתלה לתינוק ד""ר פישר 120 גרם",פישר מעבדות פרמצבטיות בע,,קמיל משחה לתינוק,גרמים,120.00,100 גרם,false,,22.00,0.1833,true,1,54560
7290003029181,false,משקה יטבתה שוקו' בקבוק 1ל מהדרין,שטראוס גרופ,,יטבתה שוקו בקבוק 1 ל,ליטרים,1.00,ליטר,false,,11.80,11.8000,true,1,55990
7290003029372,false,משקה חלב בטעם בננה יטבתה 1 ליטר,שטראוס גרופ,,יטבתה משקה חלב בננה,ליטרים,1.00,ליטר,false,,11.80,11.8000,true,1,54422
7290003029389,false,"משקה חלב בננה פקק ספורט 250 מ""ל יוטבתה",שטראוס גרופ,,יטבתה משקה חלב בננה+,מיליליטרים,250.00,"100 מ""ל",false,,5.20,2.0800,true,1,60234
7290003029433,false,"משקה יטבתה שוקו פקק 250 מ""ל מהדרין",שטראוס גרופ,,יטבתה שוקו +פקק 250מ,מיליליטרים,250.00,"100 מ""ל",false,,5.20,2.0800,true,1,55856
7290003029532,false,מוקה בבקבוק יטבתה 1 ליטר מהדרין,שטראוס גרופ,,מוקה בקבוק 1 ליטר,ליטרים,1.00,ליטר,false,,11.80,11.8000,true,1,55857
7290003029792,false,"משקה יטבתה שוקו שקיות מהדרין מארז 225X8מ""ל",שטראוס גרופ,,יטבתה מהדרין שוקו שק,ליטרים,1.80,ליטר,false,,19.90,11.0556,true,1,56210
7290003029815,false,כד חלב 3% יטבתה 2 ליטר מהדרין,שטראוס גרופ,,יטבתה חלב מועשר בכד,ליטרים,2.00,ליטר,false,,14.90,7.4500,true,1,54343
7290003029907,false,אייס קפה יטבתה 1 ליטר מהדרין,שטראוס גרופ,,יטבתה אייס קפה 1ל,ליטרים,1.00,ליטר,false,,11.80,11.8000,true,1,54425
7290003035946,false,מורטדלה 200 גרם,,,מורטדלה 200 גרם,גרמים,200.00,100 גרם,false,,3.00,0.0150,true,1,91167
7290003047642,false,תה שחור יילו לייבל 100*1.5 ג' שקיק ליפטון,"יונילוור רוסייה בע""מ",,תה ליפטון יילו לייבל,יחידה,100.00,יחידה,false,,11.90,0.1190,true,1,55101
7290003054183,false,מסטמכר לחם שיפון מלא 500ג,מרום את קונפינו,,לחם שיפון מלא גרמני,גרמים,500.00,100 גרם,false,,13.80,0.0276,true,1,64733
7290003054213,false,מסטמכר לחם שיפון כפרי 500ג,מסטמכר גוטרסלאו,,לחם שיפון בנוח כפרי,גרמים,500.00,100 גרם,false,,15.00,0.0300,true,1,64229
7290003054657,false,חרדל ריין דיז'ון אקסטרה פורטה 370 גרם,מרום את קונפינו,,חרדל דיג'ון אקסטרא פ,גרמים,370.00,100 גרם,false,,11.00,0.0297,true,1,64816
7290003067305,false,חזרת ביתית 200גרם עגול (,סלטי שמיר,,שמיר חזרת ביתית 200,גרמים,200.00,100 גרם,false,,8.90,0.0445,true,1,60237
7290003069682,false,בצק פילאס קפוא 500 גרם שלושת האופים,שלושת האופים שגמור,,בצק פילאס 500 גרם,גרמים,500.00,100 גרם,false,,16.90,0.0338,true,1,72646
7290003069705,false,"פיצה אישית גבינה דק 80 ג' תפזורת בד""צ",שגמור ייצור ושווק מוצרי,,פיצה גבינה תפזורת,יחידה,0.00,יחידה,false,,2.90,0.0000,true,1,140890
7290003075065,false,"לבן מח'יד 250 מ""ל",,,"לבן מח'יד 250 מ""ל",מיליליטרים,250.00,"100 מ""ל",false,,4.90,1.9600,true,1,173133
7290003075102,false,רגב לאבנה בגביע 11% 1קג,מחלבת רג'ב,,רגב לאבנה בגביע 11%,יחידה,1.00,יחידה,false,,37.90,37.9000,true,1,56214
7290003075553,false,לבנה רג'ב 11% 500 גרם,מחלבת רג'\ב,,רגב לאבנה 11% 500 גר,גרמים,500.00,100 גרם,false,,20.90,0.0418,true,1,54426
7290003075607,false,רגב לאבנה בשקית 11%,מחלבת רג'ב,,רגב לאבנה בשקית 11%,יחידה,1.00,יחידה,false,,32.90,32.9000,true,1,54349
7290003075805,false,גב. ברינזה רג'ב15% 400ג,מחלבת רג'\ב,,רגב ברינזה 20% 400ג,גרמים,400.00,100 גרם,false,,29.90,0.0747,true,1,56442
7290003087273,false,באגסי חטיף חיטה ברביקיו 200 גרם,א מ חטיפי העמק בעמ,,באגסי ברביקיו,יחידה,0.00,יחידה,false,,0.00,0.0000,true,1,187761
7290003102587,false,מברשת לבקבוק+מברשת ל,N.L. Product,,טוליפס מברשת בקבוק+פ,יחידה,1.00,יחידה,false,,0.00,0.0000,true,1,187201
7290003102686,false,מספריים בטיחותיות לתינוק TULIPS,,,מספריים בטיחותי לתינ,יחידה,1.00,יחידה,false,,13.00,13.0000,true,1,72653
7290003119110,false,שישיית קוקה קולה 1.5 ליטר,החברה המרכזית לייצור משקאות,,קוקה קולה שישייה 1.5,יחידה,6.00,יחידה,false,,36.90,6.1500,true,1,55106
7290003121083,false,ארוחת נודלס בטעם בשר בשקית מג'יק 85 גרם,טאט הוי פוד בעמ,,מגיק בשר בשקית 85 גר,יחידה,0.00,יחידה,false,,2.90,0.0000,true,1,140716
7290003121090,false,ארוחת נודלס ירקות בשקית מג'יק 85 גרם,זנטי אס. אי לאלין,,מגיק ירקות בשקית 85,יחידה,0.00,יחידה,false,,2.90,0.0000,true,1,140717
7290003121106,false,ארוחת נודלס טעם עוף בשקית מג'יק 85 גרם,"טאט פוד הוי בע""מ",,מגיק עוף בשקית 85 גר,יחידה,0.00,יחידה,false,,2.90,0.0000,true,1,140718
7290003126958,false,טופו גבינה גוש בואקום צוריאל 300 ג',א.י.ן תעשיות מזון בע,,צוריאל גבינה גוש טופ,גרמים,300.00,100 גרם,false,,12.90,0.0430,true,1,72660
7290003133505,false,לחם שיפונטו דוידוביץ,מאפיית דוידוביץ ובני,,לחם שיפונטו 750 גרם,גרמים,750.00,100 גרם,false,,13.90,0.0185,true,1,55109
7290003141159,false,יוגטה מרשמלו ממתק מוקצף בטעמי תות שדה ווניל 180 גרם,מוטקה החולב,,יוגטה מרשמלו 180 גרם,גרמים,180.00,100 גרם,false,,10.00,0.0556,true,1,78549
7290003142477,false,ערמונים קלופים וקלויים 100 גרם,הדקלאים אגודת שיתופי,,קליית גת ערמונים 100,גרמים,100.00,100 גרם,false,,6.00,0.0600,true,1,76802
7290003143276,false,יוגטה מרשמלו ממתק מוקצף בטעם תות שדה 180 גרם,תות ממתקי איכות,,יוגטה מרשמלו מגולגל,גרמים,180.00,100 גרם,false,,10.00,0.0556,true,1,95265
7290003143337,false,סילאן רכיבים טבעיים לחיץ קליית גת 350 גרם,ליימן מותגים,,סילאן טבעי 360 ג,גרמים,360.00,100 גרם,false,,19.90,0.0553,true,1,97876
7290003143382,false,גרדינה פינגרס בצילינדר 50 יח',ליימן מותגים,,צילנדר גרדנה פיגרס 6,גרמים,615.00,100 גרם,false,,39.90,0.0649,true,1,140497
7290003144037,false,צ'וקטה אבקת קקאו 150 גרם,קריניציה ויטמינה אס,,צוקטה קקאו 150 גרם,גרמים,150.00,100 גרם,false,,7.90,0.0527,true,1,108604
7290003144068,false,שוקולד צ'וקטה טבלת מריר 60%מארז 100X3ג',קומרשל שוקולד לקאזה אז.איי,,צ'וקטה שוקולד מריר 6,גרמים,300.00,100 גרם,false,,15.90,0.0530,true,1,112817
7290003144082,false,עוגות אישיות צ'וקטה300גר,קונדיטוריה אס.פי.אי,,צ'וקטה מארז עוגות אי,יחידה,0.00,יחידה,false,,14.90,0.0000,true,1,111719
7290003144105,false,עוגות אישיות קרמל 300גרם,קריניציה ויטמינה אס,,צוקטה עוגות אישיות ב,יחידה,0.00,יחידה,false,,14.90,0.0000,true,1,112818
7290003144570,false,עוגה אישית צוקטה מגו,צ'וקטה,,צ'וקטה עוגה אישית מג,יחידה,6.00,יחידה,false,,9.90,1.6500,true,1,160961
7290003144587,false,עוגה אישית צוקטה מגו,צ'וקטה,,צ'וקטה עוגה אישית מג,גרמים,222.00,גרם,false,,9.90,0.0446,true,1,160962
7290003144600,false,שוק.מריר48% צ'וקטה100*6ג,,,צ'וקטה שוקולד מריר 6,גרמים,600.00,100 גרם,false,,19.90,0.0332,true,1,121554
7290003144761,false,צ'וקטה שוקולד מריר 85% 100 גר',,,צ'וקטה שוקולד85% פרמ,גרמים,100.00,100 גרם,false,,7.90,0.0790,true,1,136617
7290003144778,false,בונ.צ'וקטה צדפות בלגי125,נאטרא,,צ'וקטה בונבוניירה צד,גרמים,125.00,100 גרם,false,,9.90,0.0792,true,1,136602
7290003144785,false,בונ.צ'וקטה צדפות בלגי375,נאטרא,,צ'וקטה בונבוניירה צד,גרמים,375.00,100 גרם,false,,24.90,0.0664,true,1,136603
7290003145096,false,גרדינה פינגרס במיקס בצילינדר 50 יח',ליימן מותגים,,צילנדר גרדנה פיגרס מ,גרמים,615.00,100 גרם,false,,39.90,0.0649,true,1,145426
7290003145539,false,שוק.מריר60% צ'וקטה100*6ג,אייברקקאו,,צוקטה שוקולד מריר שי,גרמים,600.00,100 גרם,false,,19.90,0.0332,true,1,139431
7290003153831,false,שוש חטיף בוטנים 80 גרם,"שטראוס פריטו ליי בע""\מ )",,שוש 80 גרם,יחידה,0.00,יחידה,false,,3.90,0.0000,true,1,54358
7290003220649,false,שמן שומשום 100% טהור150מ,הו צ'קינג הינג אוי פ,,שמן שומשום 100% 150,מיליליטרים,150.00,"100 מ""ל",false,,13.90,9.2667,true,1,146251
7290003224128,false,"כיסונים תפו""א 800 ג' מאמא מרי",מאמא מרי,,"כיסוני תפו""א 800 גרם",גרמים,800.00,100 גרם,false,,13.90,0.0174,true,1,78471
7290003224333,false,דובדבנים חמוצים מגול,מאמא מרי,,דובדבן חמוץ 300 גרם,גרמים,300.00,100 גרם,false,,12.90,0.0430,true,1,72672
7290003224470,false,כיסונים בשר - קייבסקי 1 קג,מאמא מרי,,כיסונים בשר קייבסקי,יחידה,1.00,יחידה,false,,22.90,22.9000,true,1,169683
7290003224487,false,"כיסונים בשר 1 ק""ג מאמא מרי",מאמא מרי,,כיסונים בשר פלמיני 1,יחידה,1.00,יחידה,false,,22.90,22.9000,true,1,169684
7290003224500,false,צ'רניקה אוכמניות שחורות,מאמא מרי,,אוכמניות שחורות (צרנ,גרמים,300.00,100 גרם,false,,19.90,0.0663,true,1,72674
7290003224654,false,מיקס פירות יער 380 גרם,מאמא מרי,,מיקס פירות יער קפוא,גרמים,300.00,100 גרם,false,,10.90,0.0363,true,1,78508
7290003227402,false,מידנייט תחליב גוף 275 מל,חלאבין,,קרם גוף מידנייט,יחידה,400.00,יחידה,false,,30.00,0.0750,true,1,56453
7290003229147,false,נקניק סלמי איטלקי מעושן טירת צבי 300 גרם,הנסיך- מפעל לייצור ט,,טירת צבי נקניק סלמי,גרמים,300.00,100 גרם,false,,28.30,0.0943,true,1,54740
7290003231270,false,דאב דאו סטיק פרש טאצ 50 גרם מלפופנים,"חברת זולברג, קוויט,",,דאב סטיק מלפפונים לנ,יחידה,0.00,יחידה,false,,24.90,0.0000,true,1,56456
7290003258284,false,"קרם גוף מס' 3 350 מ""ל פנינה רוזנבלום",פנינה רוזנבלום,,קרם גוף פנינה 3מס,יחידה,400.00,יחידה,false,,29.90,0.0747,true,1,55283
7290003258406,false,"פנינה וואקס בריליאנטין לשיער 100 מ""ל",פנינה רוזנבלום,,וואקס בריליאנטין לשי,יחידה,100.00,יחידה,false,,19.90,0.1990,true,1,54367
7290003268429,false,לחם ירוק מקמח מלא 750 ג' דגנית עין בר,דגנית עין בר תעשיות מזון,,לחם ירוק,יחידה,0.00,יחידה,false,,14.90,0.0000,true,1,184526
7290003303014,false,"רשת גז 15 ס""מ",,,"רשת גז 15 ס""מ",יחידה,0.00,יחידה,false,,0.00,0.0000,true,1,189143
7290003318100,false,וופל בטעם שוקולד מנעמים 200 ג',מנעמים תעשיות מזון,,וופל 250גר ט.שוקו,גרמים,200.00,100 גרם,false,,5.00,0.0250,true,1,54634
7290003318131,false,ופל קלאסיק אגוז 200 גרם מנעמים,מנעמים תעשיות מזון,,ופל קלאסיק אגוז 200,גרמים,200.00,100 גרם,false,,5.00,0.0250,true,1,54368
7290003318155,false,וופל טעם לימון מנעמים 200 ג',מנעמים תעשיות מזון,,מנעמים וופל ט.לימון,גרמים,200.00,100 גרם,false,,5.00,0.0250,true,1,54635
7290003318599,false,וופלים וניל מנעמים 200 גרם,מנעמים תעשיות מזון,,מנעמית ופל וניל 200,גרמים,200.00,100 גרם,false,,5.00,0.0250,true,1,54745
7290003321155,false,יוגורט בר עם פקאן מצופה שוקולד 183 ג' דנונה,"שטראוס בריאות בע""\מ",,"דנונה בר פקאן 183 מ""",מיליליטרים,183.00,"100 מ""ל",false,,4.30,2.3497,true,1,60257
7290003321292,false,גבינה לבנה 9% שומן 250 ג' שטראוס,מיוצר עי קונדיטוריית,,שטראוס גבינה 9% 250,גרמים,250.00,100 גרם,false,,4.75,0.0190,true,1,56014
7290003332007,false,קפה שחור עם הל 250 גרם,סובחי נחלה ובניו,,קפה נחלה 250 גרם,גרמים,250.00,100 גרם,false,,15.90,0.0636,true,1,64315
7290003332014,false,קפה נח'לה אדום עם הל500ג,קפה אל נח'לה,,קפה נחלה 500 גרם,גרמים,500.00,100 גרם,false,,28.90,0.0578,true,1,62981
7290003332045,false,קפה נחלה אדום ללא הל 250ג',קפה אל נחלה,,קפה נחלה 250 גרם,גרמים,250.00,100 גרם,false,,15.90,0.0636,true,1,64472
7290003385973,false,תפוחון פרוס 800 גרם,"פרי הגליל בע""""מ",,תפוחון פרוס 800 גרם,גרמים,800.00,100 גרם,false,,14.90,0.0186,true,1,178709
7290003387410,false,שלישיית פדים להסרת איפור בלונס 80 יחידות,ספטונה,,מגבונים להסרת איפור,יחידה,90.00,יחידה,false,,23.90,0.2656,true,1,72686
7290003400500,false,חטיף הרשי ריזס נאטרייגיס 47 גרם,ליימן מותגים,,חטיף קרמל ובוטנים נא,יחידה,0.00,יחידה,false,,4.90,0.0000,true,1,99078
7290003401376,false,"קרם לחות ועיצוב לשיער אלוורה נטורל 400 מ""ל",מיוצר עי אמיליה קוסמ,,קרם לחות ועיצוב לשיע,מיליליטרים,400.00,"100 מ""ל",false,,19.90,4.9750,true,1,72688
7290003401642,false,"קרם לחות לתלתלים טבעיים נטורל פורמולה 400 מ""ל",מיוצר עי אמיליה קוסמ,,ק.לחות מעצבת לתלתול,מיליליטרים,400.00,"100 מ""ל",false,,20.00,5.0000,true,1,72691
7290003401864,false,נטורל.פ מוס אקסיט מקבע תלתלים,מיוצר עי אמיליה קוסמ,,מוס לקיבוע תלתלים-GO,מיליליטרים,200.00,"100 מ""ל",false,,19.90,9.9500,true,1,147541
7290003411276,false,עמבה הודית מובחרת הנמל 600ג',טרופיקל דגיל תעשיות,,עמבה מובחרת 500 גרם,גרמים,500.00,100 גרם,false,,9.90,0.0198,true,1,56275
7290003411528,false,מלית קינמון פוליבה 450 גרם,"פוליבה בע""מ",,מלית קינמון 450 גרם,גרמים,450.00,100 גרם,false,,12.00,0.0267,true,1,54370
7290003411832,false,גרנולה אגוזים 400 ג' הנמל,הנמל/ שבולת בשדה,,הנמל גרנולה אגוזים 4,גרמים,400.00,100 גרם,false,,12.90,0.0323,true,1,54748
7290003411856,false,גרנולה קינמון+ תפוח עץ 400 גרם,הנמל,,גרנולה קינמון+ תפוח,גרמים,400.00,100 גרם,false,,12.90,0.0323,true,1,60262
7290003414406,false,הרשי ריזס נטיפי אפייה בוטנים 283 גר',ליימן מותגים,,ריזס נטיפים לאפייה 2,גרמים,283.00,100 גרם,false,,15.90,0.0562,true,1,115416
7290003423909,false,חטיף קוקיס אנד קרים לבן 43 גרם,ליימן מותגים,,קוקיס אנד קרים לבן,יחידה,0.00,יחידה,false,,4.90,0.0000,true,1,99079
7290003438006,false,ממרח אולביה פסטו וצנובר איטלקי 190ג',מיוצר עי קונדיטוריית,,ממרח פסטו איטלקי 180,גרמים,180.00,100 גרם,false,,12.90,0.0717,true,1,56231
7290003438709,false,ממרח אולביה זיתים שחורים וירוקים 190 ג',גוד פוד פרודקטס S.p,,ממרח זיתים שחורים 19,גרמים,190.00,100 גרם,false,,12.90,0.0679,true,1,54371
7290003438853,false,אוליביה ממרח אריסה חריפה 185 גר ',אוליביה,,אוליביה אריסה חריפה,יחידה,0.00,יחידה,false,,12.90,0.0000,true,1,115946
7290003444009,false,הרשי ריזס חטיף במילוי בוטנים 42 גרם,ליימן מותגים,,הרשיז ריזס רגיל,יחידה,0.00,יחידה,false,,3.90,0.0000,true,1,99081
7290003450602,false,חרדל אמיתי צהוב בקבוק לחיץ 255 גר,היינץ צפון אמריקה מקבוצת ה.י.היינץ,,חרדל אמיתי צהוב בקבו,גרמים,255.00,100 גרם,false,,11.00,0.0431,true,1,62984
7290003457861,false,סולרו קלאסיק חלבי - פירות טרופיים,"מיוצר ע""\י גלידת שטראוס",,סולרו תות יחידתי,יחידה,0.00,יחידה,false,,10.90,0.0000,true,1,64995
7290003457991,false,טילון קורנטו וניל עם וופל ואגוזי לוז מסוכרים,"גלידת שטראוס בע""\מ, רחוב",,קורנטו קלאסיק בטעם ו,גרמים,300.00,100 גרם,false,,32.90,0.1097,true,1,54639
7290003461677,false,"חומוס אסלי שמיר 1 ק""ג","סלטי שמיר 2006 בע""מ",,"שמיר חומוס אסלי 1 ק""",קילוגרמים,1.00,"ק""ג",false,,10.90,10.9000,true,1,99107
7290003461868,false,"חציל במיונז אסלי שמיר 1 ק""ג","סלטי שמיר 2006 בע""מ",,חציל במיונז אסלי 1 ק,קילוגרמים,1.00,"ק""ג",false,,10.90,10.9000,true,1,118145
7290003475124,false,בלונס מסיר איפור 80 יח,קריות זול,,עננים צמר גפן 100 גר,יחידה,0.00,יחידה,false,,5.90,0.0000,true,1,64235
7290003514007,false,מנה שקדי מרק מנה 400 גרם,מנה Mana,,שקדי מרק 400 גר,גרמים,400.00,100 גרם,false,,7.90,0.0198,true,1,62987
7290003514571,false,פריכיות אורז עם מלח מנה 100 גרם,מנה Mana,,פריכיות אורז עם מלח,יחידה,0.00,יחידה,false,,5.00,0.0000,true,1,64742
7290003514588,false,פריכיות אורז ללא מלח100ג,מנה,,פריכיות אורז ללא מלח,יחידה,0.00,יחידה,false,,5.00,0.0000,true,1,64322
7290003521074,false,"ד""ר פישר - סרקל מרכך שיער לילדים 1 ליטר",פישר מעבדות פרמצבטיות בע,,סרקל מרכך שיער לילדי,ליטרים,1.00,ליטר,false,,27.90,27.9000,true,1,56234
7290003521081,false,"סרקל שמפו אל דמע לילדים ד""ר פישר 1 ליטר",פישר מעבדות פרמצבטיות בע,,סרקל שמפו לילדים 1 ל,ליטרים,1.00,ליטר,false,,27.90,27.9000,true,1,60267
7290003521166,false,"ד""ר פישר - סרקל קרם רוזמרין לילדים 325 מ""ל",פישר מעבדות פרמצבטיות בע,,סרקל קרם רוזמרין,גרמים,325.00,100 גרם,false,,27.90,0.0858,true,1,54640
7290003521203,false,"סרקל שמפו לשיער לילדים אל דמע ד""ר פישר 2 ליטר","ד""ר פישר Dr fischer",,סרקל שמפו לילדים 2 ל,ליטרים,2.00,ליטר,false,,39.90,19.9500,true,1,54641
7290003521210,false,"סרקל מרכך לשיער לילדים ד""ר פישר 2 ליטר",פישר מעבדות פרמצבטיות,,סרקל מרכך שיער לילדי,ליטרים,2.00,ליטר,false,,39.90,19.9500,true,1,60268
7290003521340,false,"קמיל בלו אל סבון קלאסיק ד""ר פישר 2 ליטר",פישר מעבדות פרמצבטיות בע,,קמיל בלו קלאסיק 2 לי,ליטרים,2.00,ליטר,false,,39.90,19.9500,true,1,56280
7290003521395,false,"קמיל בלו סנסיטיב אל סבון ד""ר פישר 2 ליטר",פישר מעבדות פרמצבטיות בע,,קמיל בלו אל סבון ורו,ליטרים,2.00,ליטר,false,,39.90,19.9500,true,1,55293
7290003521463,false,"קמיל בלו שמפו לשיער אל דמע ד""ר פישר 2 ליטר",פישר מעבדות פרמצבטיות בע,,קמיל בלו שמפו שיער א,ליטרים,2.00,ליטר,false,,39.90,19.9500,true,1,56627
7290003521760,false,"אפטרסול ג'ל אלוורה שפורפרת ד""ר פישר 200 מ""ל",פישר מעבדות פרמצבטיות בע,,אפטרסול גל אלוורה שפ,מיליליטרים,200.00,"100 מ""ל",false,,39.90,19.9500,true,1,72695
7290003550753,false,רביעיית טונה בשמן פוסידון 108 גרם,"מיוצר עי וליגר בעמ,",,טונה פוסידון בשמן 4*,יחידה,4.00,יחידה,false,,21.90,5.4750,true,1,54643
7290003578061,false,לבבות דקל שלמים ויליפוד 400 גרם,אלימנטוס אי קונסרבס,,לבבות דקל 400 גרם,גרמים,400.00,100 גרם,false,,10.00,0.0250,true,1,64478
7290003578177,false,תירס צעיר שלם וילי פוד 210 גרם,מגסטיק פוד אידסטרי ק,,תירס גמדי 410 גרם,גרמים,410.00,100 גרם,false,,5.00,0.0122,true,1,64052
7290003578290,false,וילי פוד מקלוני אורז בדץ 300ג,פוגיאן לונגהאי אנליד,,וילי פוד מקלוני אורז,גרמים,300.00,100 גרם,false,,6.00,0.0200,true,1,64745
7290003578313,false,דובדבנים ללא חרצנים ויליפוד 680 גרם,דל מונטה היילס אס.אי,,דובדבנים חמוצים ללא,גרמים,680.00,100 גרם,false,,11.90,0.0175,true,1,64327
7290003578498,false,חמאה פינלנד ללא תוספת מלח ויליפוד 500 גרם,ואליו,,חמאה מפינלנד ללא מלח,גרמים,500.00,100 גרם,false,,24.90,0.0498,true,1,173720
7290003583225,false,קערה + ידיות בינוני,,,קערה + ידיות בינוני,יחידה,0.00,יחידה,false,,25.00,0.0000,true,1,180817
7290003583416,false,סל כביסה מותן מרובע,,,סל כביסה מותן מרובע,יחידה,0.00,יחידה,false,,0.00,0.0000,true,1,197651
7290003583614,false,סט קערות 4 יח,,,סט קערות 4 יח,יחידה,0.00,יחידה,false,,0.00,0.0000,true,1,190767
7290003608089,false,ספרינג תות-בננה 1.5 ליטר,יפאורה שותפות מובגלת לשיווק,,ספרינג משקה בטעם תות,ליטרים,1.50,ליטר,false,,5.90,3.9333,true,1,54512
7290003608546,false,תפוזינה תות בננה 1.5ליטר,יפאורה שותפות מובגלת לשיווק,,תפוזינה משקה תות בננ,ליטרים,1.50,ליטר,false,,5.90,3.9333,true,1,56285
7290003608621,false,קולה RC מארז 1.5*6 ליטר,יפאורה שותפות מובגלת לשיווק,,אר.סי קולה 6* 1.5 לי,ליטרים,1.50,ליטר,false,,25.90,17.2667,true,1,56629
7290003643004,false,"סוגת אורז בסמטי קלאסי 1 ק""ג",האי נאם סי או אל.טי.,,סוגת אורז בסמטי קלאס,קילוגרמים,1.00,"ק""ג",false,,14.90,14.9000,true,1,56288
7290003643127,false,עשיריה אבקת אפיה 10*10 גרם סוגת,גוד פוד פרודקטס S.p,,סוגת אבקת אפיה 10*10,יחידה,10.00,יחידה,false,,2.50,0.2500,true,1,54755
7290003643134,false,סוכר וניל סוגת 100 גרם מארז 10 יחידות,גוד פוד פרודקטס S.p,,סוגת סוכר וניל 10 יח,יחידה,10.00,יחידה,false,,2.50,0.2500,true,1,56499
7290003643158,false,קורנפולר שקית 200 ג' סוגת,המאפיה של הרמן,,קונפלור 200 גרם,גרמים,200.00,100 גרם,false,,4.90,0.0245,true,1,54513
7290003643172,false,אבקת סוכר סוגת 100 גרם,א.ל ייצור ושיווק תבל,,סוגת אבקת סוכר 100 ג,גרמים,100.00,100 גרם,false,,2.90,0.0290,true,1,60272
7290003643325,false,קוסקוס בינוני סוגת 350 גרם,"אסיף תעשיות מזון בע""\מ",,סוגת קוסקוס מזרחי 35,גרמים,350.00,100 גרם,false,,4.00,0.0114,true,1,54758
7290003643387,false,"סוכר לבן בצנצנת 1 ק""ג סוגת",האי נאם סי או אל.טי.,,"סוכר 1 ק""ג בצנצנת",קילוגרמים,1.00,"ק""ג",false,,7.50,7.5000,true,1,72699
7290003643646,false,"סוכר דמררה קלאסי בצנצנת סוגת 1 ק""ג",האי נאם סי או אל.טי.,,"סוכר דמררה 1 ק""ג בצ",קילוגרמים,1.00,"ק""ג",false,,10.90,10.9000,true,1,54759
7290003643684,false,אפונה יבשה סוגת 500 גר',האי נאם סי או אל.טי.,,סוגת אפונה 500 גרם,גרמים,500.00,100 גרם,false,,6.50,0.0130,true,1,54645
7290003643714,false,חומוס גרגירים 500 גרם סוגת,האי נאם סי או אל.טי.,,סוגת חומוס 500 גרם,גרמים,500.00,100 גרם,false,,7.90,0.0158,true,1,54514
7290003643738,false,סוגת חיטה 500 גרם,האי נאם סי או אל.טי.,,סוגת חיטה 500 גר,גרמים,500.00,100 גרם,false,,4.90,0.0098,true,1,54760
7290003643745,false,סוגת כוסמת 500 גרם,האי נאם סי או אל.טי.,,סוגת כוסמת 500 גר,גרמים,500.00,100 גרם,false,,5.50,0.0110,true,1,60274
7290003643752,false,עדשים ירוקים יבש סוגת 500 גר',האי נאם סי או אל.טי.,,סוגת עדשים ירוקים 50,גרמים,500.00,100 גרם,false,,6.90,0.0138,true,1,56501
7290003643769,false,עדשים אדומים יבש סוגת 500 גר',"סוגת תעשיות בע""\מ",,סוגת עדשים אדומים 5,גרמים,500.00,100 גרם,false,,6.90,0.0138,true,1,56502
7290003643813,false,שעועית אדומה יבשה סוגת 500 גר',האי נאם סי או אל.טי.,,סוגת שעועית חומה 500,גרמים,500.00,100 גרם,false,,11.50,0.0230,true,1,56633
7290003643820,false,חומוס ענק יבש סוגת 500 גרם,"סוגת תעשיות בע""\מ",,סוגת חומוס ענק 500 ג,גרמים,500.00,100 גרם,false,,9.90,0.0198,true,1,54515
7290003667109,false,פאנטה בטעם אורנג' 1.5 ל',החברה המרכזית לייצור משקאות,,פאנטה אורנג' 1.5 ליט,ליטרים,1.50,ליטר,false,,6.70,4.4667,true,1,56503
7290003667369,false,פריגת מיקס תות-בננה1.5ל,מבשלות בירה בינלאומיות ב,,פריגת מיקס תות בננה,ליטרים,1.50,ליטר,false,,6.70,4.4667,true,1,60276
7290003726615,false,"טופו ויילר 300 גרם ""שטראוס""",הדקלאים אגודת שיתופי,,טופו ויילר 300 גרם,גרמים,300.00,100 גרם,false,,12.90,0.0430,true,1,177990
7290003781065,false,מלפפונים בחומץ קטנים מאוד וילי פוד 370 גרם,וילי פוד,,מלפפון בחומץ 690 גרם,גרמים,680.00,100 גרם,false,,8.10,0.0119,true,1,64747
7290003781881,false,פסטה צינור דונה רוזה 500 גרם,וילי פוד,,דונה רוזה פסטה צינור,גרמים,500.00,100 גרם,false,,3.90,0.0078,true,1,64057
7290003804252,false,תיבולית קנור בנוסח הודי 72 גרם,יוניליוור ישראל מזון בע\,,תיבולית קנור בנוסח ה,יחידה,0.00,יחידה,false,,10.00,0.0000,true,1,56293
7290003804368,false,"תיבוליות בזיליקום קנור 72 גרם בד""צ",יוניליוור ישראל מזון בע\,,תיבולית קנור בזיליקו,יחידה,0.00,יחידה,false,,10.00,0.0000,true,1,56294
7290003804375,false,תיבולית קנור ניחוח צלי72,"יוניליוור ישראל מזון בע""",,תיבולית קנור בניחוח,יחידה,0.00,יחידה,false,,10.00,0.0000,true,1,54519
7290003804894,false,ריבועים של אלופים500ג בד,יוניליוור,,קורנפלקס ריבועים של,גרמים,500.00,100 גרם,false,,20.00,0.0400,true,1,112804
7290003805501,false,"פתית בסגנון שוודי תלמה בד""צ 300 גרם",יוניליוור ישראל מזון בע\,,פתית שבדי 300 גרם,גרמים,300.00,100 גרם,false,,14.90,0.0497,true,1,56637
7290003806584,false,"דאב - דאודורנט ספריי לאישה אינביזיבל 150 מ""ל",יוניליוור,,דאב ספריי אינויזיבל,מיליליטרים,150.00,"100 מ""ל",false,,25.90,17.2667,true,1,118749
7290003806591,false,"דאב - דאודורנט ספריי לאישה מלפפונים 150 מ""ל",ארנסט. רחוב קומבינצק,,דאב ספריי מלפפונים 1,מיליליטרים,150.00,"100 מ""ל",false,,25.90,17.2667,true,1,118750
7290003807482,false,קנור רוטב טריאקי מופחת נתרן 370 גרם,יוניליוור ישראל מזון בע\,,"רוטב טריאקי 300 מ""ל",יחידה,300.00,יחידה,false,,14.00,0.0467,true,1,54840
7290003808649,false,ורד הגליל שוק.מריר60,יוניליוור ישראל מזון,,ורד הגליל שוק.מריר60,גרמים,200.00,100 גרם,false,,12.90,0.0645,true,1,55302
7290003864478,false,סרדינים בשמן צמחי פתח קל ויליפוד 110 גרם,גולדן פרייז קאנינג א,,וילי פוד סרדין בשמן,גרמים,110.00,100 גרם,false,,6.00,0.0545,true,1,63030
7290003864485,false,סרדינים ברוטב עגבנ יות ויליפוד 110ג' פתח קל,גולדן פרייז קאנינג א,,וילי פוד סרדינים ברו,גרמים,110.00,100 גרם,false,,6.00,0.0545,true,1,64749
7290003864492,false,סרדינים בשמן צמחי חריף פתח קל ויליפוד 110ג',גולדן פרייז קאנינג א,,וילי פוד סרדין בשמן,גרמים,120.00,100 גרם,false,,6.00,0.0500,true,1,64058
7290003882014,false,"פלפלים כבושים 1.45 ק""ג",יונקה גידה,,פלפלים כבושים 1.45,גרמים,1450.00,100 גרם,false,,17.90,0.0123,true,1,64377
7290003882694,false,טונה בהירה בשמן צמחי 900 גרם ויליפוד,גולדן פרייז,,וילי פודנתחי טונה בה,גרמים,850.00,100 גרם,false,,26.90,0.0316,true,1,64484
7290003882922,false,עלי גפן ממולאים באורז וילי פוד 360 גרם,הזה פלאקספו פוד קו ב,,עלי גפן ממולאים 400ג,גרמים,400.00,100 גרם,false,,9.00,0.0225,true,1,64380
7290003903955,false,שוקולד קרם חלב 100 גרם,STRAUSS-ISRAEL,,פרה שוקולד מילוי קרם,יחידה,0.00,יחידה,false,,6.00,0.0000,true,1,54522
7290003989539,false,לורנצו רביולי במילוי גבינה,מיוצר עי קונדיטוריית,,שטראוס רביולי גבינה,גרמים,400.00,100 גרם,false,,20.90,0.0522,true,1,56301
7290003989553,false,פסטה טורטליני גבינה ופטריות 400 גרם,מיוצר עי קונדיטוריית,,שטראוס רביולי טורטלי,גרמים,400.00,100 גרם,false,,20.90,0.0522,true,1,54846
7290004000500,false,"סכו""ם תפזורת",,,"סכו""ם תפזורת",יחידה,0.00,יחידה,false,,1.00,0.0000,true,1,172747
7290004000802,false,"חצי יריח 180 ס""מ לבן",,,"חצי יריח 180 ס""מ לבן",יחידה,0.00,יחידה,false,,0.00,0.0000,true,1,198082
7290004000803,false,"חצי יריח 180 ס""מ ירו",,,"חצי יריח 180 ס""מ ירו",יחידה,0.00,יחידה,false,,0.00,0.0000,true,1,198083
7290004000808,false,"חצי יריח 120 ס""מ לבן",,,"חצי יריח 120 ס""מ לבן",יחידה,0.00,יחידה,false,,0.00,0.0000,true,1,198088
7290004000809,false,"חצי יריח 90 ס""מ ירוק",,,"חצי יריח 90 ס""מ ירוק",יחידה,0.00,יחידה,false,,0.00,0.0000,true,1,198089
7290004000828,false,מפל תאורה 100 מנורה,,,מפל תאורה 100 מנורה,יחידה,0.00,יחידה,false,,0.00,0.0000,true,1,198104
7290004000963,false,אפוד זוהר תיקני 2 פס,,,אפוד זוהר תיקני 2 פס,יחידה,0.00,יחידה,false,,19.90,0.0000,true,1,144539
7290004011338,false,"ספריי קצפת מתוקה מוכנה ריץ' 250 מ""ל",האי נאם סי או אל.טי.,,ריצ קצפת במיכל 250מל,יחידה,250.00,יחידה,false,,15.60,0.0624,true,1,140733
7290004011345,false,"ספריי קצפת מתוקה מוכנה פרווה ריץ' 238 מ""ל",האי נאם סי או אל.טי.,,קצפת ריץ במיכל פרווה,יחידה,250.00,יחידה,false,,15.10,0.0604,true,1,140734
7290004014407,false,עדשי מ&מ'ס חמאת בוטנים46,מרס נדרלנד,,אם.אנד.אם חמאת בוטני,יחידה,0.00,יחידה,false,,5.00,0.0000,true,1,119739
7290004019990,false,כפפות אנטי אלרגיות,,,כפפות אנטי אלרגיות,יחידה,0.00,יחידה,false,,17.90,0.0000,true,1,175694
7290004023041,false,"לחם שיפון ללא שמרים ד""ר מרק 750 גר'",המאפה של דר מרק בריא,,לחם שיפון מחמצת 750,יחידה,0.00,יחידה,false,,0.00,0.0000,true,1,196856
7290004030216,false,משקה בטעם חמוציות 1 ליטר פריניב,הנסיך- מפעל לייצור ט,,נקטר חמוציות 1 ליטר,ליטרים,1.00,ליטר,false,,11.90,11.9000,true,1,137505
7290004030254,false,פרי ניב משקה לימונדה,,,פרי ניב משקה לימונדה,ליטרים,2.00,ליטר,false,,39.90,19.9500,true,1,144463
7290004030414,false,מיץ תפוזים 2ליטר פרי,פרי ניב,,מיץ תפוזים 2 ליטר פר,ליטרים,2.00,ליטר,false,,15.90,7.9500,true,1,137382
7290004030544,false,משקה בטעם לימונדה לואיזה ולימון 1 ליטר פריניב,פריניב בעמ,,משקה קל לימונענע 1 ל,מיליליטרים,1000.00,"100 מ""ל",false,,11.90,1.1900,true,1,137384
7290004030704,false,מיץ תפוזים טבעי 2 ליטר,פרי ניב,,מיץ תפוזים עשוי מרכז,ליטרים,4.00,ליטר,false,,16.90,4.2250,true,1,112897
7290004030957,false,משקה קל לימונדה בלאד,,,משקה קל לימונדה בלאד,ליטרים,2.00,ליטר,false,,16.90,8.4500,true,1,137387
7290004043205,false,עדשי שוק.מ&מ'ס בוטנים90ג,מרס,,אמ אנד אמז בוטנים 93,יחידה,0.00,יחידה,false,,6.90,0.0000,true,1,147072
7290004048679,false,"קובה למרק שלושת האופים 1 ק""ג","שלושת האופים בע""\מ",,קובה למרק 1 קג שלושת,יחידה,1.00,יחידה,false,,22.20,22.2000,true,1,72729
7290004063016,false,"מלח שולחן דק סלית 1 ק""ג בדץ",האי נאם סי או אל.טי.,,"מלח שולחן 1 ק""ג",קילוגרמים,1.00,"ק""ג",false,,1.60,1.6000,true,1,54852
7290004063115,false,"מלח מטבח עבה להמלחת בשר ובישול 1 ק""ג 1ק""ג",האי נאם סי או אל.טי.,,"מלח גס בישול 1ק""ג",קילוגרמים,1.00,"ק""ג",false,,1.60,1.6000,true,1,93185
7290004064181,false,"תבלין מלח ההימלאיה גס בצנצנת 1 ק""ג","חברת מלח הארץ אילת בע""\מ",,מלח ההימלאיה גס בצנצ,קילוגרמים,1.00,"ק""ג",false,,16.90,16.9000,true,1,148662
7290004064280,false,מלח מופחת נתרן בצנצנת מלח הארץ 600 גרם,חברת מלח הארץ אילת ב,,מלח הארץ מופחת נתרן,גרמים,600.00,100 גרם,false,,17.90,0.0298,true,1,177655
7290004064297,false,"מלח מועשר ביוד בצנצנת מלח הארץ 1 ק""ג","חברת מלח הארץ אילת בע""\מ",,מלח הארת מועשר ביוד,קילוגרמים,1.00,"ק""ג",false,,9.90,9.9000,true,1,177657
7290004064365,false,"מלח דק מועשר ביוד מלח הארץ קרטון 1 ק""ג","חברת מלח הארץ אילת בע""\מ",,מלח הארץדק מועשר ביו,יחידה,0.00,יחידה,false,,6.90,0.0000,true,1,182570
7290004068028,false,"יוגורט צזיקי לשתיה 3.5% 500 מ""ל רובין",מיוצר על ידי קוד יצר,,גד משקה צזיקי 2% 500,מיליליטרים,500.00,"100 מ""ל",false,,9.10,1.8200,true,1,87203
7290004078225,false,"שטיפת פה קולגייט פלקס מינט ירוק 500מ""ל",קולגייט- פלמוליב,,קולגייט מי פה פלקס ס,מיליליטרים,500.00,"100 מ""ל",false,,34.90,6.9800,true,1,64750
7290004078263,false,מקלות אוזניים פלסטיק 2* 200 יחידות,ספטונה,,בלונס צמרונים בקופסא,יחידה,400.00,יחידה,false,,10.90,0.0273,true,1,64382
7290004078690,false,"אגקס נוזל לניקוי אסלות מרענן 750 מ""ל",הנסיך- מפעל לייצור ט,,אגקס כלורון נוזל לני,מיליליטרים,750.00,"100 מ""ל",false,,14.90,1.9867,true,1,72737
7290004078942,false,ליידי ספיד סטיק - דאודורנט ג'ל לאישה 65 גרם,קולגייט-פלמוליב,,ליידי ספיד סטיק גל ב,יחידה,0.00,יחידה,false,,24.90,0.0000,true,1,64751
7290004091248,false,וזלין פטרוליום אינטנסיב קאר ג'ל 106 גר',"יוניליוור ארה""ב, ג'ו",,וזלין אינטנסיב קאר פ,גרמים,106.00,100 גרם,false,,13.00,0.1226,true,1,56649
7290004091255,false,ג'ל פטרוליום טהור 100% וזלין 212 גרם,"יוניליוור ארה""ב, ג'ו",,ואזלין אינטנסיב קאר,יחידה,225.00,יחידה,false,,19.90,0.0884,true,1,55473
7290004119010,false,גבינת שדה מותכת 25% תנובה 500 גרם,תנובה חלב,,שדה רמאדן חבילה 0.5,גרמים,500.00,100 גרם,false,,11.80,0.0236,true,1,55474
7290004119133,false,כד יוגורט תנובה 6.5% שומן 1.5 ליטר,מיוצר עי קונדיטוריית,,יוגורט תנובה 6.5% כד,ליטרים,1.50,ליטר,false,,17.00,11.3333,true,1,54853
7290004120108,false,יופלה דיאט יוגורט דובדבן %0 גביע 150גרם,תנובה מרכז שיתופי לש,,יופלה דיאט יוגורט דו,מיליליטרים,150.00,"100 מ""ל",false,,4.90,3.2667,true,1,54855
7290004120566,false,פיראוס 24% גבינה בולגרית 250 גרם,תנובה חלב,,פיראוס בולגרית גביע,גרמים,250.00,100 גרם,false,,22.40,0.0896,true,1,56652
7290004120573,false,פיראוס 16% גבינה בולגרית 250 גרם,תנובה מרכז שיתופי לש,,פיראוס בולגרית גביע,גרמים,250.00,100 גרם,false,,21.40,0.0856,true,1,54856
7290004120634,false,גבינה פיראוס בולגרית 5% 250 גרם,תנובה מרכז שיתופי לש,,פיראוס בולגרית גביע,גרמים,250.00,100 גרם,false,,22.10,0.0884,true,1,56402
7290004121280,false,"שמנת חמוצה 9% חצי מנה תנובה 100 מ""ל",,,שמנת תנובה 9% חצי מ,גרמים,100.00,100 גרם,false,,1.20,0.0120,true,1,88549
7290004121525,false,יופלה מאגדת פרי 4 תות 4 אפרסק 3% 8 יח'*150 ג',תנובה מרכז שיתופי לש,,מאגדת שמיניה יופלה פ,ליטרים,1.20,ליטר,false,,29.00,24.1667,true,1,54858
7290004121754,false,יוגורט ביו עוגת גבינה ותות 3% יופלה 150 גרם,תנובה חלב,,יופלה יוגורט עוגת גב,מיליליטרים,150.00,"100 מ""ל",false,,4.90,3.2667,true,1,56517
7290004121853,false,גבינה בולגרית פיראוס 5% קוביות 200 גרם,תנובה מרכז שיתופי לש,,פיראוס קוביות בולגרי,גרמים,200.00,100 גרם,false,,19.90,0.0995,true,1,56404
7290004122119,false,פתיתי פרמזן לפסטה 23% השף הלבן 100 גרם,פ.פ.ח. שאביט,,פתיתי פרמזן לפסטה 10,גרמים,100.00,100 גרם,false,,11.50,0.1150,true,1,55480
7290004122195,false,גוש חלב גבינה צהובה פרוסה 28% תנובה 200 גרם,תנובה חלב,,גוש חלב פרוס 200 %28,גרמים,200.00,100 גרם,false,,13.60,0.0680,true,1,54532
7290004122683,false,עמק חטיף אצבעות גבינה חצי קשה 28% שומן,תנובה מרכז שיתופי לש,,אצבעות 28% חטיף גבינ,גרמים,172.00,100 גרם,false,,15.30,0.0890,true,1,56518
7290004124175,false,יופלה לבן 1.5% גביע 150 גר להחזרות בלבד,קריות זול,,יופלה לבן 1.5% 150מל,יחידה,150.00,יחידה,false,,2.00,0.0133,true,1,72741
7290004124205,false,יופלה דיאט יוגורט תות %0 גביע 150 גרם,תנובה מרכז שיתופי לש,,יופלה דיאט יוגורט תו,מיליליטרים,150.00,"100 מ""ל",false,,4.90,3.2667,true,1,55053
7290004125370,false,"שמנת חמוצה 9% מופחתת שומן תנובה 200 מ""ל מהדרין",תנובה מרכז שיתופי לש,,שמנת אורגינל 9% 200מ,גרמים,200.00,100 גרם,false,,3.60,0.0180,true,1,56657
7290004125400,false,"אשל שלי מהדרין 200 מ""ל 4.5% ""תנובה""- מוצר בפיקוח",פארייפאבה אגרואינדוס,,אשל 4.5% 200מל מהדרי,מיליליטרים,200.00,"100 מ""ל",false,,1.61,0.8050,true,1,56658
7290004125417,false,"גיל 3% שלי 200 מ""ל ""תנובה"" -מוצר בפיקוח",תנובה מרכז שיתופי לש,,גיל 3% 200מל מהדרין,מיליליטרים,200.00,"100 מ""ל",false,,1.44,0.7200,true,1,55054
7290004125455,false,"שמנת חמוצה 200 מ""ל 15% ""תנובה"" -מוצר בפיקוח",תנובה מרכז שיתופי לש,,שמנת אורגינל 15% 200,מיליליטרים,200.00,"100 מ""ל",false,,2.28,1.1400,true,1,55483
7290004125462,false,"שמנת חמוצה 15% תנובה 500 מ""ל מהדרין",תנובה מרכז שיתופי לש,,שמנת אורגינל 15% 500,מיליליטרים,500.00,"100 מ""ל",false,,5.70,1.1400,true,1,56520
7290004125509,false,"שמנת חמוצה 15% מועשרת תנובה 100 מ""ל",תנובה מרכז שיתופי לש,,שמנת אורגינל 15% חצי,מיליליטרים,100.00,"100 מ""ל",false,,1.70,1.7000,true,1,56521
7290004125585,false,משקה סויה בטעם וניל תנובה 1 ליטר,תנובה מרכז שיתופי לש,,משקה סויה וניל על הב,ליטרים,1.00,ליטר,false,,9.80,9.8000,true,1,54666
7290004125721,false,"השף הלבן שמנת עמידה לבישול 15% תנובה 250 מ""ל",תנובה מרכז שיתופי לש,,שמנת לבישול 15% 250,מיליליטרים,250.00,"100 מ""ל",false,,7.90,3.1600,true,1,60299
7290004125776,false,גבינה צהובה עמק 28% 400 גרם בקופסא,תנובה חלב,,עמק פרוס 28% 400 גרם,גרמים,400.00,100 גרם,false,,28.00,0.0700,true,1,56523
7290004127077,false,קוטג תנובה 3% גביע 250 גרם מהדרין,מיוצר עי קונדיטוריית,,קוטג תנובה 3% גביע 2,גרמים,250.00,100 גרם,false,,5.80,0.0232,true,1,60301
7290004127329,false,קוטג תנובה גביע 250 גרם %5 ו.מהדרין,מיוצר עי קונדיטוריית,,קוטג תנובה גביע 250,גרמים,250.00,100 גרם,false,,5.80,0.0232,true,1,56525
7290004127336,false,קוטג תנובה גביע 250 גרם %9 ו.מהדרין,מיוצר עי קונדיטוריית,,קוטג תנובה גביע 250,גרמים,250.00,100 גרם,false,,5.80,0.0232,true,1,60302
7290004127800,false,"גבינה לבנה 500 גרם 5% ""תנובה"" -מוצר בפיקוח",מיוצר עי קונדיטוריית,,גבינה לבנה 5% 500 גר,גרמים,500.00,100 גרם,false,,9.50,0.0190,true,1,55484
7290004127817,false,גבינה לבנה 9% שומן 500 ג' תנובה,מיוצר עי קונדיטוריית,,גבינה לבנה 9% 500 גר,גרמים,500.00,100 גרם,false,,9.50,0.0190,true,1,60303
7290004127862,false,"גבינה לבנה 750 גרם 5% ""תנובה"" - מוצר בפיקוח",תנובה מרכז שיתופי לש,,גבינה לבנה 5% 750 גר,גרמים,750.00,100 גרם,false,,14.25,0.0190,true,1,56526
7290004127916,false,גבינה לבנה 0.5% שומן 500 ג' תנובה,תנובה מרכז שיתופי לש,,גבינה לבנה 0.5% 500,גרמים,500.00,100 גרם,false,,9.50,0.0190,true,1,56527
7290004128333,false,לאבנה על בסיס יוגורט %9 שומן 500 ג' פיראוס,תנובה חלב,,פיראוס לאבנה גביע 50,גרמים,500.00,100 גרם,false,,18.50,0.0370,true,1,55485
7290004128432,false,פתיתים מיוחדים לפיצה על בסיס גבינה 500 ג',תנובה חלב,,פתיתים מיוחדים לפיצה,גרמים,600.00,100 גרם,false,,21.80,0.0363,true,1,55486
7290004129101,false,גבינת שמנת 25% בטעם טבעי 225 ג' נפוליאון,תנובה מרכז שיתופי לש,,נפוליאון טבעי גביע 2,גרמים,225.00,100 גרם,false,,13.00,0.0578,true,1,54868
7290004129118,false,גבינת שמנת 24% עם זיתים ירוקים 225 ג' נפוליאון,מחלבת אלון תבור,,נפוליאון זית גביע 22,גרמים,225.00,100 גרם,false,,13.00,0.0578,true,1,55056
7290004129156,false,גבינת שמנת25% עם שום שמיר 225 ג' נפוליאון,תנובה מרכז שיתופי לש,,נפוליאון שום שמיר גב,גרמים,225.00,100 גרם,false,,13.00,0.0578,true,1,56854
7290004129545,false,גבינה למריחה 3% 250 גרם,מחלבת אלון תבור,,גבינה לבנה 3% 250 גר,גרמים,250.00,100 גרם,false,,4.75,0.0190,true,1,56855
7290004129569,false,נפוליאון שום שמיר25%משקל,תנובה,,נפוליאון שמיר,קילוגרמים,1.00,"ק""ג",true,,46.00,46.0000,true,1,159910
7290004129736,false,יופלה לבן מעודן 1.5% גביע 200 גרם,תנובה מרכז שיתופי לש,,יופלה לבן מעודן 1.5%,יחידה,200.00,יחידה,false,,4.10,0.0205,true,1,54869
7290004129767,false,"3% 'יופלה לבן מארז שמינייה 1.2 ק""ג",תנובה מרכז שיתופי לש,,יופלה לבן 3% מאגדת 8,מיליליטרים,1200.00,"100 מ""ל",false,,16.90,1.4083,true,1,56856
7290004130794,false,משקה סויה במתיקות מופחתת תנובה 1 ליטר,תנובה מרכז שיתופי לש,,משקה סויה טבעי במתיק,ליטרים,1.00,ליטר,false,,8.90,8.9000,true,1,54870
7290004130916,false,יוגורט יופלה פירות יער בשמנת 3% 150 גרם,תנובה מרכז שיתופי לש,,יופלה פירות יער בשמנ,מיליליטרים,150.00,"100 מ""ל",false,,4.80,3.2000,true,1,56857
7290004131456,false,יוגורט ביו 1.5% שומן 200 ג' יופלה,תנובה מרכז שיתופי לש,,יופלה לבן 1.5% גביע,יחידה,200.00,יחידה,false,,3.70,0.0185,true,1,55489
7290004131531,false,משקאות חלב תנובה שוקו בקבוק 1ל,פארייפאבה אגרואינדוס,,שוקו תנובה בקבוק 1 ל,ליטרים,1.00,ליטר,false,,12.10,12.1000,true,1,55059
7290004131845,false,גבינת לאבנה 9% שומן 750 ג' פיראוס,תנובה מרכז שיתופי לש,,פיראוס לאבנה 9% גביע,גרמים,750.00,100 גרם,false,,21.90,0.0292,true,1,60309
7290004132552,false,משקה סויה בטעם טבעי לייט תנובה 1 ליטר,תנובה מרכז שיתופי לש,,משקה סויה לייט בטעם,ליטרים,1.00,ליטר,false,,8.90,8.9000,true,1,57429
7290004132606,false,"קרלו מעדן חלב בטעם וניל 2% תנובה 8*100 מ""ל",תנובה מרכז שיתופי לש,,מאגדת קרלו מיני וניל,מיליליטרים,800.00,"100 מ""ל",false,,13.20,1.6500,true,1,54673
7290004133207,false,יופלה לבן 0% שומן 200גרם,מחלבת אלון תבור,,יופלה לבן דיאט 0% גב,יחידה,200.00,יחידה,false,,3.70,0.0185,true,1,56858
7290004133511,false,יופלה מאגדת לבן 1.5% מעודן 8 יח' * 150 ג',מיוצר עי קונדיטוריית,,יופלה מאגדת שמיניה ל,ליטרים,1.20,ליטר,false,,20.10,16.7500,true,1,60310
7290004134945,false,יוגורט מוקה 3% שומן 150 ג' יופלה,תנובה מרכז שיתופי לש,,יופלה מוקה 3% גביע 1,מיליליטרים,150.00,"100 מ""ל",false,,4.80,3.2000,true,1,56860
7290004135058,false,שמיניית קרלו מיני שוקולד 100 גרם מהדרין,תנובה מרכז שיתופי לש,,מאגדת קרלו מיני שוקו,מיליליטרים,800.00,"100 מ""ל",false,,13.10,1.6375,true,1,55492
7290004135119,false,"שמיניית קרלו מיני וניל 100 גרם בד""ץ",תנובה מרכז שיתופי לש,,קרלו מיני וניל בדץ 8,יחידה,800.00,יחידה,false,,13.10,0.0164,true,1,60312
7290004136154,false,"משקה חלב אייס קפה תנובה בבקבוק 340 מ""ל",גוד פוד פרודקטס S.p,,משקה אייס קפה תנובה,יחידה,340.00,יחידה,false,,6.50,0.0191,true,1,54874
7290004136598,false,מארז הפסקת אוכל עם קורנפלקס ומשקה חלב עמיד בטעם וניל,פארייפאבה אגרואינדוס,,מארז הפסקת אוכל חלב,מיליליטרים,150.00,"100 מ""ל",false,,9.00,6.0000,true,1,57434
7290004136857,false,מעדן גלי פטל תנובה 125 גרם,תנובה מרכז שיתופי לש,,ג'לי תנובה פטל,מיליליטרים,125.00,"100 מ""ל",false,,2.40,1.9200,true,1,72758
7290004136864,false,מעדן ג'לי בטעם אננס עם חתיכות תנובה 125 גרם,תנובה חלב,,ג'לי תנובה אננס עם ח,יחידה,125.00,יחידה,false,,2.60,0.0208,true,1,72759
7290004136871,false,מעדן ג'לי בטעם אפרסק עם חתיכות תנובה 125 גרם,תנובה מרכז שיתופי לש,,ג'לי תנובה אפרסק עם,מיליליטרים,125.00,"100 מ""ל",false,,2.70,2.1600,true,1,72760
7290004137311,false,עמק לייט משפחתית 9% 400ג-ועדת מהדרין,תנובה חלב,,עמק לייט פרוס 400 גר,גרמים,400.00,100 גרם,false,,29.80,0.0745,true,1,55496
7290004146993,false,נקה 7 מרכך שיער צבוע ומובהר 750 מל,אמיליה קוסמטיקס,,מרכך שיער נקה 7-צבוע,מיליליטרים,750.00,"100 מ""ל",false,,9.90,1.3200,true,1,72766
7290004147020,false,גיישנית מקורית/יפאני,איסן,,גיישנית יפנית לרחצה,יחידה,0.00,יחידה,false,,24.90,0.0000,true,1,157275
7290004147150,false,ליפות גב לרחצה + רצו,מיה טריידינג,,ליפות גב לרחצה + רצו,יחידה,0.00,יחידה,false,,11.90,0.0000,true,1,157277
7290004199074,false,סאני פלסטר אינטרסן 5,סאני פלסטר,,פלסטר 50 יח',יחידה,0.00,יחידה,false,,0.00,0.0000,true,1,196983
7290004199203,false,קיסמי שיניים מבמבוק מלחיה 300 יחידות,הדקלאים אגודת שיתופי,,קיסמי שיניים מבמבוק,יחידה,0.00,יחידה,false,,0.00,0.0000,true,1,189898
7290004199357,false,כפפות לאטקס ללא אבק,,,כפפות לאטקס ללא אבק,יחידה,0.00,יחידה,false,,0.00,0.0000,true,1,188553
7290004199579,false,פלסטר מעורב 100 יח' - SUNNY PLASTER,הדקלאים אגודת שיתופי,,פלסטר 100 יח' מעורב,יחידה,0.00,יחידה,false,,0.00,0.0000,true,1,187203
7290004219826,false,מלבין קפה הולנדי קומפלטה 400ג',פריזלנד פודס קיוויט,,קומפלטה מלבין קפה הו,גרמים,400.00,100 גרם,false,,19.80,0.0495,true,1,64490
7290004225872,false,קרם קוקוס ויליגר 400 גרם,טקרנג פינאפלה אינדוס,,"קרם קוקוס 400 מ""ל",מיליליטרים,400.00,"100 מ""ל",false,,6.90,1.7250,true,1,168966
7290004230364,false,שגב מקלות בורקס פילו גבינה צרפתי 600 גר,שלושת האופים שגמור,,שגב מקלות בורקס פילו,גרמים,600.00,100 גרם,false,,20.90,0.0348,true,1,86916
7290004230944,false,מקלות פילו גבינה 600 גר' שלושת האופים לנדא,שלושת האופים שגמור,,מקלות בורקס פילו גבי,גרמים,600.00,100 גרם,false,,20.90,0.0348,true,1,89440
7290004256371,false,ריץ פרוס 400 ג' -צהובה פרוסה,מלקפול אלוורטוסקה,,ריץ' צהובה פרוסה 40,גרמים,400.00,100 גרם,false,,14.80,0.0370,true,1,178708
7290004267087,false,עוגיות מצופות שוקולד כרמל בר-מן 200 גרם,ברמן שוקולד ועוגיות,,עוגיות חיוך קטן 200,גרמים,200.00,100 גרם,false,,4.90,0.0245,true,1,77636
7290004267124,false,עוגיות ממולאות בטעם תות שדה בר-מן 200 גרם,ברמן שוקולד ועוגיות,,עוגיות ממולאות תמרים,גרמים,300.00,100 גרם,false,,4.90,0.0163,true,1,77637
7290004267216,false,עוגיות ברמן ריבה בשקית 200 גר',ברמן שוקולד ועוגיות,,עוגיות ריבה בשקית 20,גרמים,200.00,100 גרם,false,,4.90,0.0245,true,1,77631
7290004267223,false,עוגיות כתר מקושט ברמן 200גר,ברמן שוקולד ועוגיות,,ברמן מחמאות עוגיות ח,גרמים,200.00,100 גרם,false,,4.90,0.0245,true,1,77639
7290004267278,false,עוגיות חיוך קטן 600 גרם,ברמן שוקולד ועוגיות,,בר-מן עוגיות חיוך קט,גרמים,600.00,100 גרם,false,,12.90,0.0215,true,1,77626
7290004267285,false,עוגיות כרמל מצופה 600 גר' ברמן,ברמן שוקולד ועוגיות,,בר-מן עוגיות כרמל 60,גרמים,600.00,100 גרם,false,,12.90,0.0215,true,1,77627
7290004267506,false,מחמאות עוגיות בטעם ח,,,מחמאות עוגיות בטעם ח,גרמים,600.00,100 גרם,false,,12.90,0.0215,true,1,77619
7290004267636,false,עוגיות לקפה בטעם וניל ובטעם שוקולד,ברמן שוקולד ועוגיות,,בר-מן עוגיות קפה 600,גרמים,600.00,100 גרם,false,,12.90,0.0215,true,1,77620
7290004267650,false,עוגיות בטעם ריבה בר-מן 600 גרם,ברמן שוקולד ועוגיות,,בר-מן עוגיות ריבה 60,גרמים,600.00,100 גרם,false,,12.90,0.0215,true,1,77622
7290004267667,false,עוגיות שוקו ציפס חום 600 גרם בר-מן,ברמן שוקולד ועוגיות,,עוגיות שוקוציפס 600,גרמים,600.00,100 גרם,false,,12.90,0.0215,true,1,77623
7290004267759,false,עוגיות מפנקות קרם שוקולד 180 ברמן,ברמן שוקולד ועוגיות,,בר-מן עוגיות מפנקות,גרמים,200.00,100 גרם,false,,4.90,0.0245,true,1,116820
7290004267803,false,עוגיות ממולאות בטעם,,,עוגיות ממולאות בטעם,גרמים,300.00,100 גרם,false,,7.90,0.0263,true,1,101451
7290004267810,false,עוגיות ממולאות שוקו,,,עוגיות ממולאות שוקו,גרמים,300.00,100 גרם,false,,7.90,0.0263,true,1,101452
7290004324858,false,קבב כבש טיבון ויל 500 גרם,"טיבון ויל אחזקות בע""",,קבב כבש 500גרם,גרמים,500.00,100 גרם,false,,19.90,0.0398,true,1,56870
7290004339173,false,המבורגר קינואה 400גרם טבע דלי,טבע דלי,,המבורגר קינאוה 400 ג,גרמים,400.00,100 גרם,false,,22.90,0.0572,true,1,115072
7290004386825,false,שעועית בגודל ענק אפויה ברוטב עגבניות -מוכן לאכילה,וילי פוד,,שעועית אפויה ברוטב ע,גרמים,420.00,100 גרם,false,,8.00,0.0190,true,1,72776
7290004423353,false,משקה פריגת תפוחים 1.5 ל',מבשלות בירה בינלאומיות ב,,פריגת תפוחים 1.5 ליט,ליטרים,1.50,ליטר,false,,6.70,4.4667,true,1,56420
7290004464851,false,מידנייט U קרם גוף 400 משאבה,חלאבין,,קרם גוף מידנייט,יחידה,400.00,יחידה,false,,30.00,0.0750,true,1,57441
7290004492274,false,בייגלה טבעות מלוחות בייגל בייגל 400 גרם,יוניליוור מזון,,בייגל בייגלה גל גל 4,גרמים,400.00,100 גרם,false,,12.00,0.0300,true,1,54885
7290004492762,false,"נשנושים תירס אפוי טעם טבעי בייגל בייגל 325 גרם בד""צ",בייגל את בייגל מזון 198),,נישנושים תירס 325 גר,גרמים,325.00,100 גרם,false,,15.00,0.0462,true,1,55632
7290004496685,false,"חומוס אלבוסתאן 3 ק""ג",,,"חומוס אסלי 3 ק""ג סלט",יחידה,0.00,יחידה,false,,34.90,0.0000,true,1,186091
7290004536008,false,סיליט מסיר אבן/חלודה500מ,רקיט בנקיזר,,סיליט מסיר אבנית 500,מיליליטרים,500.00,"100 מ""ל",false,,14.00,2.8000,true,1,55635
7290004536022,false,ספונטקס - כפפות זוג מס' 7,ספונטקס,,כפפות דלפין מס 7,יחידה,0.00,יחידה,false,,7.90,0.0000,true,1,143280
7290004536046,false,כפפות דלפין זוג ורוד מס9,ספונטקס,,כפפות דלפין מס 9,יחידה,0.00,יחידה,false,,7.90,0.0000,true,1,143282
7290004554330,false,שלגון אסקימו דובדבן שטראוס 75 גרם,"מיוצר ע""\י גלידת שטראוס",,אסקימו דובדבן,יחידה,0.00,יחידה,false,,2.90,0.0000,true,1,54686
7290004554354,false,גלידת פנטזיה שוקו וניל 1 ל' שטראוס,"גלידת שטראוס בע""\מ, רחוב",,פנטסיה שוקו וניל 900,יחידה,900.00,יחידה,false,,22.00,0.0244,true,1,64758
7290004554798,false,"שלגון מטרה פטל,לימון וענבים","מיוצר ע"" גלידת שטראו",,מטרה פטל לימון וענבי,יחידה,0.00,יחידה,false,,5.90,0.0000,true,1,55076
7290004554903,false,"גלידת פנטזיה שוקו וניל 900 מ""ל שטראוס","גלידת שטראוס בע""\מ, רחוב",,גלידת פנטזיה שוקו ונ,יחידה,900.00,יחידה,false,,22.00,0.0244,true,1,64069
7290004575007,false,טילון וניל וופך ושברי אגוז ריאו מארז 70X5ג',"גלידות ריאו ביח""ר לג",,חמישיות טילונים וניל,יחידה,5.00,יחידה,false,,16.90,3.3800,true,1,101875
7290004575069,false,גלידה מיניס חטיפים וניל ציפוי שוקו' ופצפוצי נ.חיטה ריאו מארז 32יח',"גלידות ריאו ביח""ר לג",,מיניס פיצפוץ וניל,יחידה,0.00,יחידה,false,,32.90,0.0000,true,1,101853
7290004575335,false,ארטיק מגיק מיני וניל ציפוי שוקו' ופצפוצי נ.חיטה ריאו מארז 45X8ג'באריזה,"גלידות ריאו ביח""ר לג",,שלגוני מיני מגיק 8 י,יחידה,8.00,יחידה,false,,17.90,2.2375,true,1,101881
7290004575397,false,גלידה בטעמי מוקה וניל פיסטוק 1.8 ל' ריאו,"גלידות ריאו ביח""ר לג",,גלידת חלבי/ילדודס 1.,ליטרים,1.80,ליטר,false,,15.90,8.8333,true,1,101857
7290004575632,false,קרמבו ריאו בטעם וניל 16יח',"גלידות ריאו ביח""ר לג",,ריאו קרמבו 16 יחידות,יחידה,16.00,יחידה,false,,16.90,1.0562,true,1,103941
7290004584306,false,רבעיית גמדים בטעם תות בננה * 100 ג' שטראוס,מיוצר עי קונדיטוריית,,גמדים תות בננה 4*100,יחידה,4.00,יחידה,false,,10.90,2.7250,true,1,55078
7290004584351,false,גבינה לבנה סימפוניה עם תוספות 200 ג' חמישית 200,"שטראוס בריאות בע""\מ",,סימפוניה חמישית 200,גרמים,200.00,100 גרם,false,,10.50,0.0525,true,1,54687
7290004584528,false,יוגורט דנונה ביו לבן 1.7% שומן 200 גרם,מיוצר עי קונדיטוריית,,דנונה יוגורט טבעי 1.,גרמים,200.00,100 גרם,false,,3.50,0.0175,true,1,55637
7290004585907,false,דני ועדן וניל 1.5% 125ג' שטראוס,מיוצר עי קונדיטוריית,,דני וניל מהדרין 130,מיליליטרים,130.00,"100 מ""ל",false,,2.50,1.9231,true,1,56875
7290004603175,false,מלח הים האדום גס מלח הארץ 500 גרם,"חברת מלח הארץ אילת בע""\מ",,מלח הארץ מלחייה גס,גרמים,500.00,100 גרם,false,,7.90,0.0158,true,1,98099
7290004737900,false,חלב כחוש מרוכז וממותק בתוספת שמן צמחי ויליפוד 397 גרם,יו.איי.בי מאריג'אמפו,,וילי פוד חלב מרוכז מ,גרמים,397.00,100 גרם,false,,9.10,0.0229,true,1,72795
7290004748005,false,מארז טרופית ענבים 20,,,מארז טרופית ענבים 20,מיליליטרים,200.00,"100 מ""ל",false,,19.90,9.9500,true,1,115463
7290004923099,false,שישיית מים עין גדי 2 ליטר,עין גדי מיים מינרלים,,עין גדי מים מינרלים,ליטרים,2.00,ליטר,false,,12.00,6.0000,true,1,60330
7290004944032,false,חומוס אמיתי אסלי שמיר 400 גרם,"סלטי שמיר 2006 בע""מ",,שמיר חומוס 400 גרם,גרמים,400.00,100 גרם,false,,6.90,0.0173,true,1,118146
7290004944049,false,טחינה אסלי שמיר 400 גרם,"סלטי שמיר 2006 בע""מ",,אסלי טחינה 400 גרם,גרמים,400.00,100 גרם,false,,6.90,0.0173,true,1,118147
7290004944056,false,סדרת האסלי חציל במיונז שמיר 400 גרם,"סלטי שמיר 2006 בע""מ",,אסלי חציל במיונז 400,גרמים,400.00,100 גרם,false,,6.90,0.0173,true,1,118148
7290004944063,false,סלט תורכי אסלי שמיר 400 ג',"סלטי שמיר 2006 בע""מ",,אסלי סלט תורכי 400 ג,גרמים,400.00,100 גרם,false,,6.90,0.0173,true,1,118149
7290004944070,false,כרוב אדום אסלי שמיר 400 גרם,סלטי שמיר 2006 בעמ,,אסלי כרוב אדום במיונ,גרמים,400.00,100 גרם,false,,6.90,0.0173,true,1,118150
7290005008191,false,"סבון נוזלי ארומה בניחוח לבנדר פטצ'ולי וילנג ילנג פלמוליב 500 מ""ל",הנסיך- מפעל לייצור ט,,פלמוליב סבון נוזלי א,מיליליטרים,500.00,"100 מ""ל",false,,15.90,3.1800,true,1,65030
7290005011412,false,עמבה 500 גרם ללא פרי,,,עמבה 500 גרם ללא פרי,גרמים,500.00,100 גרם,false,,10.90,0.0218,true,1,85975
7290005068058,false,תירס קל מופחת קלוריות 550 ג' פרי הגליל,"פרי הגליל בע""""מ",,תירס קל מופחת קלוריו,גרמים,550.00,100 גרם,false,,7.00,0.0127,true,1,55247
7290005068348,false,"אפונה וגזר פרי הגליל 3ק""ג",,,פרי גליל אפונה וגזר,קילוגרמים,3.00,"ק""ג",false,,31.90,10.6333,true,1,111741
7290005068492,false,לקט ירקות מעורבים 700 גרם פרי-גליל,"פרי הגליל בע""""מ",,לקט ירקות מעורבים,גרמים,700.00,100 גרם,false,,11.90,0.0170,true,1,55648
7290005068553,false,לקט ירקות בורגנדי 700 ג' פרי הגליל,"פרי הגליל בע""""מ",,לקט ירקות בורגנדי,גרמים,700.00,100 גרם,false,,12.90,0.0184,true,1,79548
7290005068621,false,ברוקולי פרי הגליל 800 גרם,"פרי הגליל בע""""מ",,ברוקולי 80גרם,גרמים,800.00,100 גרם,false,,15.90,0.0199,true,1,55649
7290005078095,false,חצילים 600גר עדן,,,חצילים A2 עדן,יחידה,0.00,יחידה,false,,5.90,0.0000,true,1,114805
7290005078194,false,פלפל חריף כבוש עדן,,,פלפל שיפקה A2 עדן,יחידה,0.00,יחידה,false,,5.90,0.0000,true,1,114806
7290005111761,false,"מזון לכלבים בונזו מזון כלבים בשר 3 ק""ג","ביופט בע""מ",,"בונזו בשר 3ק""ג",קילוגרמים,3.00,"ק""ג",false,,50.00,16.6667,true,1,63046
7290005169946,false,תה טיבטי קלאסי לימון 90 שקיקים,SHALPHARM HMZRAH (SODOT,,תה טיבטי לימון 90יח,יחידה,90.00,יחידה,false,,45.00,0.5000,true,1,58170
7290005169953,false,תה טיבטי קלאסי פירות 90 שקיקים,SHALPHARM HMZRAH (SODOT,,תה טיבטי בטעם פירות,גרמים,180.00,100 גרם,false,,45.00,0.2500,true,1,55130
7290005174551,false,סלט חומוס עם צנוברים 125 ג' אחלה,מיוצר עי קונדיטוריית,,אחלה סלט חומוס יום י,גרמים,125.00,100 גרם,false,,4.60,0.0368,true,1,56692
7290005198038,false,עלית פתי בר שוקו 1.7,STRAUSS-ISRAEL,,עלית פתי בר שוקו 1.7,קילוגרמים,1.75,"ק""ג",false,,19.90,11.3714,true,1,55132
7290005198045,false,פתיבר אריזה משפחתית1.75ק,STRAUSS-ISRAEL,,עלית פתי בר בטעם חמא,קילוגרמים,1.75,"ק""ג",false,,21.90,12.5143,true,1,57017
7290005199288,false,גומי מאסט בטעם פטל לימון 28 ג' עלית,"שטראוס גרופ בע""מ",,מאסט פטל לימון 28ג,יחידה,0.00,יחידה,false,,4.00,0.0000,true,1,72815
7290005199622,false,עד חצות ביסקוויט פרי,STRAUSS-ISRAEL,,עד חצות ביסקוויט פרי,גרמים,200.00,100 גרם,false,,14.90,0.0745,true,1,55252
7290005199738,false,גומי מאסט בטעם פפרמינט ריח פה נעים פליפטופ 28 ג' עלית,"שטראוס גרופ בע""מ",,מאסט ריח פה נעים 28,יחידה,0.00,יחידה,false,,4.00,0.0000,true,1,72816
7290005200786,false,תפוצ'יפס בטעם שמנת בצל עלית 50 גרם,"שטראוס פריטו ליי בע""\מ )",,תפוציפס שמנת ובצל 50,יחידה,0.00,יחידה,false,,3.90,0.0000,true,1,57019
7290005200908,false,שוק.פרה עם ביסקוויט 100ג,מיוצר עי קונדיטוריית,,פרה ביסקויט 100ג,גרמים,100.00,100 גרם,false,,6.00,0.0600,true,1,55134
7290005201455,false,קפה נמס מגורען ארומה קלאסי עלית 200 גרם,"אינסטנטה בע""מ",,ארומה קפה נמס 200 גר,גרמים,200.00,100 גרם,false,,23.80,0.1190,true,1,54764
7290005201882,false,קפה טורקי בצלופן עלית 200 גרם,הנסיך- מפעל לייצור ט,,טורקי עלית 200 גרם,גרמים,200.00,100 גרם,false,,15.90,0.0795,true,1,55657
7290005270000,false,עלי סיגר מרוקאי 500,"חמים וטעים בע""מ",,עלי סיגר 500 גרם,גרמים,500.00,100 גרם,false,,12.90,0.0258,true,1,55658
7290005271410,false,גליקסמן ביצים רגילות,גליקסמן שיווק ביצים,,גליקסמן ביצים רגילות,יחידה,12.00,יחידה,false,,11.30,0.9417,true,1,64599
7290005271427,false,גליקסמן ביצים רגילות,גליקסמן שיווק ביצים,,גליקסמן ביצים רגילות,יחידה,12.00,יחידה,false,,10.40,0.8667,true,1,65674
7290005271458,false,ביצים אורגניות לארג,גליקסמן שיווק ביצים,,ארוז אורגנית L 24-12,יחידה,0.00,יחידה,false,,21.90,0.0000,true,1,159913
7290005271465,false,ביצים מידיום אורגני 12 יח',גליקסמן שיווק ביצים,,ארוז אורגנית M 24-12,יחידה,12.00,יחידה,false,,20.90,1.7417,true,1,159914
7290005271618,false,ביצים עטוף אומגה M 3,גליקסמן,,ביצים עטוף אומגה M 3,יחידה,0.00,יחידה,false,,35.90,0.0000,true,1,162127
7290005271632,false,ביצים עטוף אומגה L 3,גליקסמן,,ביצים עטוף אומגה L 3,יחידה,0.00,יחידה,false,,39.90,0.0000,true,1,91251
7290005271687,false,אריזון 12 ביצים L-אומגה 3 מעושרות,גליקסמן שיווק ביצים,,ארוז אומגה L 24-12,יחידה,0.00,יחידה,false,,17.90,0.0000,true,1,159915
7290005271762,false,ביצים חופש מידיום 12 יח',גליקסמן שיווק ביצים,,ארוז חופש M 24-12,יחידה,0.00,יחידה,false,,16.90,0.0000,true,1,159917
7290005271786,false,ביצים ארוזות Mעטוף 3,גליקסמן שיווק ביצים,,ביצים ארוזות Mעטוף 3,יחידה,30.00,יחידה,false,,26.00,0.8667,true,1,102334
7290005271816,false,ביצים ארוזות S 30 יחידות,גליקסמן,,גליקסמן ביצים 30 יח,יחידה,0.00,יחידה,false,,16.90,0.0000,true,1,160287
7290005278013,false,מיץ תפוזים סחוט טרי 500,,,"תפוזים סחוט 500 מ""ל",מיליליטרים,500.00,"100 מ""ל",false,,8.90,1.7800,true,1,173374
7290005278020,false,"לימונדה סחוט טרי 500 מ""ל",,,"לימונדה סחוט 500 מ""ל",מיליליטרים,500.00,"100 מ""ל",false,,8.90,1.7800,true,1,173375
7290005278037,false,"נקטר תות סחוט טרי 500 מ""",,,"תות שדה סחוט 500 מ""ל",מיליליטרים,500.00,"100 מ""ל",false,,8.90,1.7800,true,1,173376
7290005278044,false,נקטר תות בננה סחוט טרי 5,,,"תות בננה סחוט 500 מ""",מיליליטרים,500.00,"100 מ""ל",false,,8.90,1.7800,true,1,173377
7290005278082,false,"מיץ אננס סחוט טרי 500 מ""",,,"אננס סחוט 500 מ""ל",מיליליטרים,500.00,"100 מ""ל",false,,8.90,1.7800,true,1,173380
7290005278136,false,"מיץ תפוח סחוט טרי 500 מ""",,,תפוח מלא סחוט טרי 50,מיליליטרים,500.00,"100 מ""ל",false,,8.90,1.7800,true,1,186966
7290005278143,false,נקטר תות בננה סחוט טרי 5,,,תמר בננה סחוט 5600 מ,מיליליטרים,500.00,"100 מ""ל",false,,8.90,1.7800,true,1,173384
7290005278174,false,"לימונענע סחוט טרי 500 מ""",,,"לימונענע סחוט 500 מ""",מיליליטרים,500.00,"100 מ""ל",false,,8.90,1.7800,true,1,173385
7290005278228,false,פסיפלורה מנגו סחוט טרי 5,,,מנגו פסיפלורה סחוט 5,מיליליטרים,500.00,"100 מ""ל",false,,8.90,1.7800,true,1,173387
7290005278440,false,מיץ גזר תפוז סחוט טרי 50,,,"גזר תפוז סחוט 500 מ""",מיליליטרים,500.00,"100 מ""ל",false,,8.90,1.7800,true,1,173389
7290005287206,false,רביעיית טונה בשמן סטארקיסט 160 גרם,"סטארקיסט פודור בע""מ",,סטארקיסט טונה בשמן ב,גרמים,640.00,100 גרם,false,,29.90,0.0467,true,1,63050
7290005287251,false,רביעיית טונה במים סטארקיסט 160 גרם,"סטארקיסט פודור בע""מ",,סטארקיסט טונה במים ב,גרמים,640.00,100 גרם,false,,29.90,0.0467,true,1,70086
7290005287527,false,"סטארקיסט טונה בשמן עם לימון 160 גרם בד""צ","סטארקיסט פודור בע""מ",,סטארקיסט טונה בשמן ל,גרמים,160.00,100 גרם,false,,8.90,0.0556,true,1,72832
7290005296857,false,"פוליבוי ספריי מנקה ומבריק הכל יעקבי 300 מ""ל",דרמרס DRAMERS,,הפי: ספריי מנקה ומבר,יחידה,300.00,יחידה,false,,14.90,0.0497,true,1,57021
7290005318009,false,לבנה 11% שומן 500 ג' ראמה,,,ראמה לאבנה 11% 500 ג,גרמים,500.00,100 גרם,false,,15.90,0.0318,true,1,64182
7290005318023,false,"לבנה בקופסא 11% שומן 1 ק""ג ראמה",,,ראמה לאבנה בקופסא 11,יחידה,1.00,יחידה,false,,29.90,29.9000,true,1,70091
7290005318047,false,גבינת ברינזה 400 ג' ראמה,,,גבינה ברינזה ראמה 40,גרמים,400.00,100 גרם,false,,24.90,0.0622,true,1,65683
7290005318153,false,לאבנה אלהנא 500 גרם,,,לאבנה אלהנא 500 גרם,גרמים,500.00,100 גרם,false,,10.90,0.0218,true,1,112428
7290005318160,false,"לבנה 1 ק""ג אלהנא",,,"לבנה אלהנא 1ק""ג",יחידה,0.00,יחידה,false,,19.90,0.0000,true,1,112429
7290005318177,false,גבינת ברינזה 800 גרם,,,גבינת ברינזה 800 גרם,גרמים,800.00,100 גרם,false,,41.90,0.0524,true,1,64673
7290005318214,false,גבינה חלומי 500 ג' אלראמה,,,גבינת חלומי 500 גרם,גרמים,500.00,100 גרם,false,,45.90,0.0918,true,1,145682
7290005326523,false,ממרח פסטו פטרוזיליה ונענע אוליביה 180 גרם,אוליביה,,אוליביה ממרח פסטו פט,יחידה,0.00,יחידה,false,,12.90,0.0000,true,1,115948
7290005384837,false,"מיץ לימונים מלימונים טריים 500 מ""ל",דריבדוס סיטרוס,,וילי פוד מיץ לימון ב,מיליליטרים,500.00,"100 מ""ל",false,,7.90,1.5800,true,1,121938
7290005418716,false,"קרם לחות לבניית תלתלים עגולים נטורל פורמולה 400 מ""ל",מיוצר עי אמיליה קוסמ,,לחות לבניית תלתלים -,מיליליטרים,400.00,"100 מ""ל",false,,20.00,5.0000,true,1,72840
7290005423055,false,סנו פורטה פלוס מתז בניחות לימון 1 ל',"סנו מפעלי ברונוס בע""\מ",,סנו פורטה פלוס בניחו,יחידה,0.00,יחידה,false,,14.90,0.0000,true,1,174810
7290005423086,false,מטהר אוויר סנומוד פר,סנו מפעלי ברונוס בעמ,,סנומוד PARADISE,מיליליטרים,150.00,"100 מ""ל",false,,10.90,7.2667,true,1,151632
7290005423383,false,מטהר אוויר סנומוד גל,סנומוד,,סנומוד גלמור,מיליליטרים,150.00,"100 מ""ל",false,,10.90,7.2667,true,1,151633
7290005423543,false,משחת שיניים מלבינה לבן אורביטול 145 גרם,טרופיקל דגיל קוסמטיק,,אורביטול משחת שיניים,גרמים,145.00,100 גרם,false,,9.90,0.0683,true,1,65688
7290005423567,false,מטליות ניקוי רב שימושיות בגליל סנו סושי 40 יחידות,אסותא תעשיות אלבד בע,,סנו סושי מטלית לכל 3,יחידה,30.00,יחידה,false,,18.90,0.6300,true,1,64595
7290005423635,false,ריצפז נוזל רצפות דוחה תיקנים סנו 2 ליטר,מיוצר עי קונדיטוריית,,נוזל לניקוי רצפות דו,ליטרים,2.00,ליטר,false,,20.90,10.4500,true,1,64607
7290005423734,false,מרכך כביסה מרוכז אולטרא פרש סנו מקסימה 4 ליטר,"סנו מפעלי ברונוס בע""\מ",,סנו מקסימה אולטרא פר,ליטרים,4.00,ליטר,false,,19.90,4.9750,true,1,64675
7290005425127,false,"חיטוי משטחים 99.9% מתז לשומנים ואבנית 750 מ""ל","סנו מפעלי ברונוס בע""\מ",,סנו מתז לחיטוי ולניק,מיליליטרים,750.00,"100 מ""ל",false,,14.90,1.9867,true,1,174817
7290005425912,false,אוקסיג'ן ג'ל להסרת כתמים עם חמצן פעיל סנו 4 ליטר,סנו אוקסיג'ן,,סנו אוקסיג'ן מסיר כת,מיליליטרים,4000.00,"100 מ""ל",false,,34.90,0.8725,true,1,65692
7290005426384,false,"סנומוד מבשם אויר מיס מיליון סטטוס סנו 150 מ""ל",סנו מפעלי ברונוס בעמ,,סנומוד מיס מיליון,מיליליטרים,150.00,"100 מ""ל",false,,10.90,7.2667,true,1,63231
7290005426391,false,מטהר אוויר סנומוד דו,קריות זול,,סנו מוד DOLCESA,מיליליטרים,150.00,"100 מ""ל",false,,10.90,7.2667,true,1,70099
7290005426575,false,"קרמה לחות לשיער יבש ללא שטיפה 400 מ""ל",טרופיקל דגיל תעשיות,,לחות לשיער קרמה-יבש,מיליליטרים,400.00,"100 מ""ל",false,,20.00,5.0000,true,1,64683
7290005426582,false,לחות לשיער קרמה-צבוע,קוסמופארם,,לחות לשיער קרמה-צבוע,מיליליטרים,400.00,"100 מ""ל",false,,20.00,5.0000,true,1,64864
7290005426735,false,"סנו - מקסימה אבקת כביסה בלאק 1.25 ק""ג",קריות זול,,סנו מקסימה בלאק 1.25,קילוגרמים,1.25,"ק""ג",false,,16.90,13.5200,true,1,64684
7290005426865,false,אורביטול - משחת שיניים לילדים בטעם מסטיק 70 גרם,טרופיקל דגיל תעשיות קוסמ,,אורביטול קיד בטעם מס,יחידה,0.00,יחידה,false,,7.00,0.0000,true,1,64192
7290005426971,false,סנובון סבון לאסלה תפוח כחול סנו 3 יחידות,סנו מפעלי ברונו בעמ,,סנובון כחול שלישיה ב,גרמים,165.00,100 גרם,false,,15.00,0.0909,true,1,63232
7290005427626,false,"ג'ל לעיצוב השיער למראה רטוב כיף 1 ק""ג",קוסמופארם בעמ,,ג'ל כיף לשיער רטוב ),קילוגרמים,1.00,"ק""ג",false,,19.90,19.9000,true,1,70103
7290005427633,false,"כיף גל לשיער לשיער חזק במיוחד 1 ק""ג",קוסמופארם,,ג'ל כיף חזק במיוחד ),קילוגרמים,1.00,"ק""ג",false,,19.90,19.9000,true,1,64867
7290005427763,false,אל סבון נוזלי בניחוח גינסינג כיף 2 ליטר,קוסמופארם,,כיף - אל סבון ג'ינסנ,ליטרים,2.00,ליטר,false,,19.90,9.9500,true,1,63240
7290005430862,false,מים מזוקקים סנו 4 ליטר,סנו,,מים מזוקקים 4ל,ליטרים,4.00,ליטר,false,,19.90,4.9750,true,1,64876
7290005431234,false,מלבי בסירופ שושנים 1,,,מלבי למגזר הערבי 170,יחידה,160.00,יחידה,false,,3.50,0.0219,true,1,72846
7290005431913,false,עוגת גבינה פירורים עדן קינוחים 92 גרם,עדן קינוחים Eden,,עוגת גבינה פירורים 9,יחידה,0.00,יחידה,false,,6.90,0.0000,true,1,182428
7290005431937,false,טירמיסו עדן קינוחים 82 גרם,עדן קינוחים Eden,,טירמיסו 82 גרם,יחידה,0.00,יחידה,false,,6.90,0.0000,true,1,182423
7290005477669,false,סבון נוזלי דרמפון מועשר לחות קרליין 1 ליטר,"אמיליה קוסמטיקס בע""מ",,דרמפון-ס.נוזלי מועשר,ליטרים,1.00,ליטר,false,,19.90,19.9000,true,1,72852
7290005500916,false,"קרם ידיים מטפח 100 מ""ל פנינה רוזנבלום",פנינה רוזנבלום,,קרם ידיים פנינה רוזנ,יחידה,100.00,יחידה,false,,10.00,0.1000,true,1,60356
7290005500923,false,שעווה למיקרו פנינה ר,,,שעווה למיקרו פנינה ר,גרמים,500.00,100 גרם,false,,15.00,0.0300,true,1,54770
7290005500978,false,מסיר לק ריחני פנינה רוזנבלום 220 מ''ל,פנינה רוזנבלום,,מסיר לק ריחני,מיליליטרים,100.00,"100 מ""ל",false,,15.00,15.0000,true,1,55137
7290005509445,false,עוגיות מיני קוקיס חמאה בצנצנת כרמית 600 גרם,כרמית תעשיות ממתקים,,מיני קוקיס בטעם חמאה,גרמים,750.00,100 גרם,false,,18.90,0.0252,true,1,64823
7290005517866,false,קוקה קולה סליק 330 מ,,,קוקה קולה סליק 330 מ,מיליליטרים,330.00,"100 מ""ל",false,,5.00,1.5152,true,1,156082
7290005559709,false,בורקס פיצה מעדנות 700 גרם,מיוצר עי קונדיטוריית,,מעדנות בורקס פיצה 70,גרמים,700.00,100 גרם,false,,24.20,0.0346,true,1,55259
7290005559907,false,פיצה משפחתית 100% גבינה מעדנות 500 גרם,מיוצר עי קונדיטוריית,,מעדנות פיצה משפחתית,גרמים,500.00,100 גרם,false,,24.20,0.0484,true,1,55260
7290005559914,false,פיצה משפחתית עם 100% גבינה בתוספת זיתים מעדנות 550 גרם,מיוצר עי קונדיטוריית,,מעדנות פיצה משפחתית,גרמים,550.00,100 גרם,false,,25.20,0.0458,true,1,56697
7290005559990,false,בצק פילאס תורכי מעדנות 600 גרם,מיוצר עי קונדיטוריית,,מעדנות בצק פילאס תור,גרמים,600.00,100 גרם,false,,21.90,0.0365,true,1,54772
7290005563539,false,וילי פוד אורז יסמין,אל.טי.פודס בעמ,,וילי פוד אורז יסמין,קילוגרמים,1.00,"ק""ג",false,,6.90,6.9000,true,1,168112
7290005564253,false,ספרינג אגס סברס תפוח1.5ל,יפאורה שותפות מובגלת לשיווק,,ספרינג משקה בטעם אגס,ליטרים,1.50,ליטר,false,,5.90,3.9333,true,1,56700
7290005564680,false,תפוזינה לימונדה ורודה1.5,יפאורה שותפות מובגלת לשיווק,,תפוזינה משקה לימונדה,ליטרים,1.50,ליטר,false,,5.90,3.9333,true,1,56701
7290005564970,false,"קריסטל תפו""ע מוגז 2 ליטר",יפאורה שותפות מובגלת לשיווק,,משקה מוגז קריסטל תפו,ליטרים,2.00,ליטר,false,,3.90,1.9500,true,1,55798
7290005569029,false,שום קלוף ישראלי 170 גרם,יגור חקלאות ועסקים,,שום קלוף 170 גרם,גרמים,170.00,100 גרם,false,,8.90,0.0524,true,1,176230
7290005579448,false,מסחטת הדרים שני קונוסים לסחיטת הדרים בגדלים שונים,,,סלמור מסחטת הדרים,יחידה,0.00,יחידה,false,,79.90,0.0000,true,1,174212
7290005579820,false,טוסטר קופץ 2 פרוסות,,,טוסטר קופץ 2 פרוסות,יחידה,0.00,יחידה,false,,79.90,0.0000,true,1,174180
7290005591761,false,דבש טהור מפרחי בר בלחיץ 400 ג' יד מרדכי,מכוורת יד מרדכי שטרא,,דבש טהור מפרחי בר בל,גרמים,400.00,100 גרם,false,,26.00,0.0650,true,1,55801
7290005604133,false,פריגת מנגו 1.5 ליטר,מבשלות בירה בינלאומיות ב,,פריגת מנגו 1.5 ליטר,ליטרים,1.50,ליטר,false,,6.70,4.4667,true,1,55802
7290005604652,false,פאנטה ענבים 1.5 ליטר,החברה המרכזית לייצור משק,,פאנטה ענבים 1.5 ליטר,ליטרים,1.50,ליטר,false,,6.70,4.4667,true,1,156868
7290005605901,false,פאנטה בטעם אקזוטי 1.5 לי,החברה המרכזית לייצור משקאות,,פאנטה אקזוטיק 1.5 לי,ליטרים,1.50,ליטר,false,,6.70,4.4667,true,1,55804
7290005610448,false,גזר ארוז לפי משקל,קטיף.,,גזר ארוז לפי משקל,קילוגרמים,1.00,"ק""ג",true,,1.90,1.9000,true,1,186897
7290005610509,false,צנונית ארוז דוד משה 500ג',ביכורי השקמה,,צנוניות מובחרות,יחידה,0.00,יחידה,false,,4.90,0.0000,true,1,116616
7290005651366,false,"מזון לכלבים בונזו מזון כלבים כבד 3 ק""ג","ביופט בע""מ",,בונזו כבד 3קג,קילוגרמים,3.00,"ק""ג",false,,60.00,20.0000,true,1,65231
7290005697531,false,"יוגורט עיזים תות ביו 500 מ""ל ""גלילי""",מחלבת גלילי,,יוגורט עיזים תות ביו,מיליליטרים,500.00,"100 מ""ל",false,,0.00,0.0000,true,1,197536
7290005719677,false,סירופ בטעם שוקולד – 600 ג',"פוליבה בע""\מ",,סירופ בטעם שוקולד 60,גרמים,600.00,100 גרם,false,,0.00,0.0000,true,1,187780
7290005719691,false,פילסברי- נטיפים בטעם שוקולד 250 גרם,,,נטיפים בטעם שוקולד צ,גרמים,250.00,100 גרם,false,,0.00,0.0000,true,1,187782
7290005719707,false,נטיפים בטעם שוקולד ל,,,נטיפים בטעם שוקולד ל,גרמים,250.00,100 גרם,false,,0.00,0.0000,true,1,187783
7290005741135,false,פותחן שימורים מחוזק,,,פותחן שימורים מחוזק,יחידה,0.00,יחידה,false,,10.00,0.0000,true,1,177805
7290005741265,false,ספגטי סאנלייט,,,ספגטי סאנלייט,יחידה,0.00,יחידה,false,,12.90,0.0000,true,1,147667
7290005741302,false,כף סלט מיני,,,כף סלט מיני,יחידה,0.00,יחידה,false,,7.90,0.0000,true,1,147670
7290005741333,false,סקימר מיני,,,סקימר מיני,יחידה,0.00,יחידה,false,,7.90,0.0000,true,1,147673
7290005741395,false,כף טיגון סאנלייט,,,כף טיגון סאנלייט,יחידה,0.00,יחידה,false,,12.90,0.0000,true,1,147679
7290005741579,false,פינצטה למעמול בבליסט,,,פינצטה למעמול בבליסט,יחידה,0.00,יחידה,false,,2.90,0.0000,true,1,147685
7290005741586,false,קרש חיתוך בינוני מבמבוק 26x36x1.9,,,קרש חיתוך בינוני מבמ,יחידה,0.00,יחידה,false,,26.90,0.0000,true,1,147686
7290005741654,false,פינג'אן טפלון 0.9 לי,אליבו,,פינג'אן טפלון 0.9 לי,יחידה,0.00,יחידה,false,,26.90,0.0000,true,1,150700
7290005741708,false,סט 4 כפות במבוק,,,סט 4 כפות במבוק,יחידה,0.00,יחידה,false,,10.00,0.0000,true,1,148466
7290005741838,false,"מלקחיים 40 ס""מ לסטייק מנירוסטה",,,"מלקחיים 40 ס""מ לסטיי",יחידה,0.00,יחידה,false,,12.90,0.0000,true,1,147688
7290005789359,false,פרש וואנס מגבונים להסרת איפור,על בד,,מגבונים להסרת איפור,יחידה,25.00,יחידה,false,,14.00,0.5600,true,1,55807
7290005838002,false,מעדן גבינה ויוגורט בטעם וניל 88 ג' דניאלה,"שטראוס בריאות בע""מ",,דניאלה מעדן גבינה 15,מיליליטרים,150.00,"100 מ""ל",false,,4.10,2.7333,true,1,60361
7290005839078,false,שמיניית יוגורט לבן 3% ביו דנונה 150 גרם,מיוצר עי קונדיטוריית,,דנונה ביו מארז חסכון,יחידה,0.00,יחידה,false,,15.90,0.0000,true,1,55267
7290005839108,false,גבינה לבנה סימפוניה עם תוספות 200 ג'+זיתים 5%,"שטראוס בריאות בע""\מ",,סימפוניה עם זיתים 5%,גרמים,200.00,100 גרם,false,,10.50,0.0525,true,1,58178
7290005839313,false,"מילקי טופ מגולגלת שטראוס 170 מ""ל",מיוצר עי קונדיטוריית,,מילקי טופ מגולגלת 14,מיליליטרים,142.00,"100 מ""ל",false,,4.50,3.1690,true,1,58179
7290005896828,false,סאן בנדטו - מים מינרלים - מארז שישיית 1.5 ליטר,אקווה מינרלה סאן בנדטו ב,,סאן בנדטו 6* 1.5 ליט,ליטרים,1.50,ליטר,false,,17.20,11.4667,true,1,66004
7290005896972,false,שישיית משקה פפסי מקס,טמפו 7.5%,,פפסי מקס 6*1.5 ליטר,ליטרים,1.50,ליטר,false,,32.00,21.3333,true,1,64963
7290005938238,false,ממרח צ'ימצ'ורי פרסקו 220ג' מצונן,"פרסקו חצבה 2006 בע""מ",,צימצורי 220 גרם מצונ,גרמים,220.00,100 גרם,false,,19.20,0.0873,true,1,140739
7290005992575,false,גבינה בולגרית למריחה 5% גד 250 גרם,מחלבות גד בעמ,,גד בולגרית למריחה 5%,גרמים,250.00,100 גרם,false,,17.00,0.0680,true,1,63326
7290005996009,false,סלמי גלילי מעושן 400 ג' יחיעם,מעדני יחיעםn\,,סלמי גלילי מעושן 400,גרמים,400.00,100 גרם,false,,24.90,0.0622,true,1,176872
7290005996153,false,נקניקיות צרפתיות פרמיום יחיעם 280 גרם,מעדני יחיעם,,נקניקיות צרפתיות פרי,גרמים,280.00,100 גרם,false,,22.90,0.0818,true,1,182763
7290005996160,false,נקניקיות צוריסו פרימיום יחיעם 280 גרם,מעדני יחיעם,,נקניקיות צוריסו פרימ,גרמים,280.00,100 גרם,false,,22.90,0.0818,true,1,182764
7290006185501,false,"פנינה רוזנבלום -אל סבון נוזלי ורוד,1 ליטר",פנינה רוזנבלום,,פנינה - אל סבון נוזל,ליטרים,1.00,ליטר,false,,10.00,10.0000,true,1,60362
7290006185518,false,"פנינה רוזנבלום -אל סבון נוזלי כחול,1 ליטר",פנינה רוזנבלום,,פנינה אל סבון נוזלי,מיליליטרים,1000.00,"100 מ""ל",false,,10.00,1.0000,true,1,57031
7290006202017,false,חומוס זמאן אלעותמאני 400 ג',,,חומוס אלעותמאני 400,גרמים,400.00,100 גרם,false,,7.90,0.0198,true,1,175088
7290006202024,false,חומוס 180 ג' אלעותמאני,,,חומוס אלעותמאני 200,גרמים,200.00,100 גרם,false,,3.90,0.0195,true,1,175089
7290006202055,false,סלט כרוב 180 ג' אלעותמאני,,,סלט כרוב אדום אלעותמ,גרמים,200.00,100 גרם,false,,5.90,0.0295,true,1,175100
7290006202086,false,סחוג אלעותמאני 150 ג',,,סחוג' אלעותמאני 150,גרמים,150.00,100 גרם,false,,5.90,0.0393,true,1,175110
7290006202093,false,חצילים במיונז אלעותמאני 180 ג',,,סלט חצילים אלעותמאני,גרמים,200.00,100 גרם,false,,4.90,0.0245,true,1,175101
7290006202123,false,שום כתוש אלעותמאני 150 ג',,,שום כתוש אלעותמאני 1,גרמים,150.00,100 גרם,false,,5.90,0.0393,true,1,175111
7290006202154,false,"חומוס מאמא אלעותמאני 3 ק""ג",,,"חומוס אלעותמאני 3 ק""",קילוגרמים,3.00,"ק""ג",false,,27.90,9.3000,true,1,175094
7290006202185,false,חומוס 700 ג' אלעותמאני,,,חומוס אלעותמאני 700,גרמים,700.00,100 גרם,false,,8.90,0.0127,true,1,175090
7290006202208,false,סלט טחינה 400 ג' אלעותמאני,,,טחינה אלעותמאני 400,גרמים,400.00,100 גרם,false,,14.90,0.0373,true,1,175096
7290006202215,false,תירס עם מיונז אלעותמאני 400 ג',,,סלט תירס ומיונז אלעו,גרמים,400.00,100 גרם,false,,8.90,0.0223,true,1,175103
7290006202222,false,סלט כרוב אלעותמאני 350 ג',,,סלט כרוב אדום אלעותמ,גרמים,400.00,100 גרם,false,,8.90,0.0223,true,1,175104
7290006202239,false,סלט טורקי 400 ג' אלעותמאני,,,סלט טורקי אלעותמאני,גרמים,400.00,100 גרם,false,,8.90,0.0223,true,1,175097
7290006202253,false,חצילים במיונז אלעותמאני 400 ג',,,סלט חצילים אלעותמאני,גרמים,400.00,100 גרם,false,,8.90,0.0223,true,1,175105
7290006202307,false,"סלט כרוב אלעותמאני 3 ק""ג",,,סלט כרוב אדום אלעותמ,קילוגרמים,3.00,"ק""ג",false,,27.90,9.3000,true,1,175106
7290006202321,false,תירס עם מיונז אלעותמאני 250 ג',,,סלט תירס ומיונז אלעו,גרמים,200.00,100 גרם,false,,5.90,0.0295,true,1,175107
7290006202345,false,כרוב אדום אלעותמאני 650ג',,,סלט כרוב אדום אלעותמ,גרמים,700.00,100 גרם,false,,11.90,0.0170,true,1,175108
7290006202666,false,חומוס בלדי אלעותמאני 900 ג',,,חומוס בלדי אלעותמאני,גרמים,800.00,100 גרם,false,,11.90,0.0149,true,1,175113
7290006229007,false,גאמפ ענבים לבנים 1.5,טמפו 7.5%,,גאמפ ענבים לבנים 1.5,ליטרים,1.50,ליטר,false,,5.50,3.6667,true,1,154596
7290006229069,false,ג`אמפ ענבים 1.5 ליטר,טמפו 7.5%,,גאמפ ענבים 1.5 ליטר,ליטרים,1.50,ליטר,false,,5.50,3.6667,true,1,70117
7290006229076,false,ג'אמפ צלול אפרסק 1.5 ל,"טמפו משקאות בע""\מ",,גאמפ אפרסק 1.5 ליטר,ליטרים,1.50,ליטר,false,,5.50,3.6667,true,1,173042
7290006229083,false,ג'אמפ צלול אגס 1.5 ליטר,"טמפו משקאות בע""\מ",,גאמפ אגס 1.5 ליטר,ליטרים,1.50,ליטר,false,,5.50,3.6667,true,1,173043
7290006229427,false,סן בנדטו - מים מינרלים - מארז שישיית 500 מל,קריות זול,,"סאן בנדטו 6* 500 מ""ל",מיליליטרים,500.00,"100 מ""ל",false,,13.90,2.7800,true,1,80369
7290006235244,false,"קמיל בלו משחה לתינוק צמחי מרפא ד""ר פישר 100 גרם",פישר מעבדות פרמצבטיות בע,,קמיל צמחי מרפא פסטה,גרמים,100.00,100 גרם,false,,21.00,0.2100,true,1,58183
7290006241511,false,"משקה לימונענע מרוכז קפוא פריגת 280 מ""ל",היינץ צפון אמריקה מק,,פריגת לימון נענע 340,גרמים,340.00,100 גרם,false,,9.90,0.0291,true,1,72889
7290006241689,false,"משקה לימונים מרוכז קפוא פריגת 280 מ""ל",היינץ צפון אמריקה מק,,פריגת קפוא לימון,גרמים,340.00,100 גרם,false,,9.90,0.0291,true,1,72891
7290006241818,false,סירופ לימונים פריגת 3 ל',סירופ - גבעת חיים,,תרכיז לימון 3 ליטר,ליטרים,3.00,ליטר,false,,39.90,13.3000,true,1,54779
7290006241849,false,סירופ ענבים 3 ליטר,סירופ - גבעת חיים,,סירופ ענבים 3 ליטר,ליטרים,3.00,ליטר,false,,39.90,13.3000,true,1,60363
7290006243577,false,בורקס תפוח אדמה שחף 800 גרם,שחף,,"בורקס תפו""א שחף 800",גרמים,800.00,100 גרם,false,,13.00,0.0163,true,1,49600
7290006243713,false,בורקס גבינה שחף 800 גרם,שחף,,בורקס גבינה שחף 800,גרמים,800.00,100 גרם,false,,15.00,0.0188,true,1,49601
7290006243737,false,ג'חנון שחף 800 גרם,מאפיית אריאל,,שחף גחנון 800 גרם,גרמים,800.00,100 גרם,false,,13.00,0.0163,true,1,89099
7290006251275,false,תה ירוק סיני קלאסי ויסוצקי 25 יחידות,תה ויסוצקי,,תה ירוק סיני 25 יח',יחידה,25.00,יחידה,false,,24.90,0.9960,true,1,55147
7290006251282,false,חליטת חמוציות הגן הקסום ויסוצקי 25 יחידות,תה ויסוצקי,,תה קרנברי הגן הקסום,יחידה,25.00,יחידה,false,,17.90,0.7160,true,1,54781
7290006251343,false,חליטת פסיפלורה מנגו הגן הקסום ויסוצקי 25 יחידות,תה ויסוצקי,,תהחליטה הגן הקסום פס,יחידה,25.00,יחידה,false,,17.90,0.7160,true,1,54782
7290006251374,false,תה ירוק לימונית וג'ינג'ר ויסוצקי 25 יחידות,תה ויסוצקי,,תה ירוק לימונית וגינ,יחידה,25.00,יחידה,false,,24.90,0.9960,true,1,58185
7290006251589,false,תה ירוק עם עלי נענע 50 שקיקים ויסוצקי,בית ויסוצקי,,תה ירוק עם עלי נענע,יחידה,50.00,יחידה,false,,47.00,0.9400,true,1,55271
7290006265500,false,פטריות שמפיניון ארוז מרינה,"מרינה פטריות הגליל בע""מ",,שמפניון ארוז 250גר,גרמים,250.00,100 גרם,false,,8.90,0.0356,true,1,70118
7290006271174,false,ג'חנון לאפיה בתנור מעדנות 700 גרם,מיוצר עי קונדיטוריית,,מעדנות גחנון לאפיה ב,גרמים,700.00,100 גרם,false,,18.00,0.0257,true,1,56710
7290006271181,false,ג'חנון אפוי למיקרוגל מעדנות 750 גרם,מיוצר עי קונדיטוריית,,מעדנות גחנון אפוי 75,גרמים,750.00,100 גרם,false,,23.90,0.0319,true,1,58186
7290006271648,false,מיני בורקס תפוחי אדמה מעדנות 800 גרם,"מעדנות בע""\מ",,מעדנות מיני בורקס תפ,גרמים,800.00,100 גרם,false,,22.90,0.0286,true,1,55440
7290006271655,false,מיני בורקס גבינה מעדנות 800 גרם,מיוצר עי קונדיטוריית,,מעדנות מיני בורקס גב,גרמים,800.00,100 גרם,false,,24.90,0.0311,true,1,57034
7290006271761,false,מיני ג'חנון אפוי מעדנות,מיוצר עי קונדיטוריית,,מעדנות מיני גחנון אפ,גרמים,600.00,100 גרם,false,,22.00,0.0367,true,1,60364
7290006272072,false,חטיפי פיצה גבינה מעדנות 650 גרם,"מעדנות בע""\מ",,מעדנות חטיפי פיצה 65,גרמים,650.00,100 גרם,false,,32.00,0.0492,true,1,55274
7290006272430,false,בצק עלים חמאה מעדנות 600 גרם,מיוצר עי קונדיטוריית,,מעדנות בצק עלים חמאה,גרמים,600.00,100 גרם,false,,27.00,0.0450,true,1,55275
7290006306296,false,רביולי במילוי גבינה לילדים 400 ג' פסטה נונה,דורום תעשיות מזון ופסטה,,פסטה נונה רביולי גבי,גרמים,400.00,100 גרם,false,,23.90,0.0597,true,1,64343
7290006306302,false,רביולי במילוי גבינות פרמזן ריקוטה 400 ג' פסטה נונה,דורום תעשיות מזון ופסטה,,פסטה נונה ריביולי פר,גרמים,400.00,100 גרם,false,,23.90,0.0597,true,1,65062
7290006306319,false,רביולי במילוי בטטה 400 ג' פסטה נונה,דורום תעשיות מזון ופסטה,,פסטה נונה רביולי בטט,גרמים,400.00,100 גרם,false,,23.90,0.0597,true,1,70121
7290006322104,false,לחם ריחיים קל פרוס 500גר,מאפיית דוידוביץ ובניו בע,,לחם ריחיים קל 500גר,גרמים,500.00,100 גרם,false,,8.90,0.0178,true,1,60367
7290006322111,false,לחמניות ריחיים 80*6 גרם,מאפיית דוידוביץ ובניו בע,,לחמניות ריחיים 6 יח,גרמים,400.00,100 גרם,false,,11.90,0.0298,true,1,54786
7290006322128,false,לחמניות קלות 6 יח בחבילה,מאפיית דוידוביץ ובניו בע,,לחמניות קלות,גרמים,400.00,100 גרם,false,,12.90,0.0323,true,1,58188
7290006322166,false,לחמניות רגילות 6יח75X'גר,מאפיית דוידוביץ ובניו בע,,לחמניה רגילה 5+1 450,גרמים,450.00,100 גרם,false,,8.90,0.0198,true,1,58189
7290006322197,false,לחמנ.הבית כפולות 125X4גר,מאפיית דוידוביץ ובניו בע,,לחמניות הבית 4יח,גרמים,400.00,100 גרם,false,,10.90,0.0273,true,1,57035
7290006322487,false,לחם קוביות קמח מלא 750גר,מאפיית דוידוביץ ובני,,לחם קוביות קמח מלא 7,גרמים,750.00,100 גרם,false,,13.90,0.0185,true,1,54787
7290006322838,false,לחם מקמח מלא דוידובי,מאפיית דוידוביץ ובניו בע,,דוידוביץ לחם 100% קמ,גרמים,750.00,100 גרם,false,,12.90,0.0172,true,1,77897
7290006322951,false,פיתצקל'ה100% ק.מלא 50*5ג,מאפיית אחדות חיפה,,פיתה צקלה 5*50 גרם,יחידה,5.00,יחידה,false,,4.90,0.9800,true,1,97025
7290006342645,false,טורטיה גדולה שקדיה 840 גרם 12 יחידות,אלקטי קוראבייכיסיגיד,,טורטיות 12 יח 840 גר,גרמים,840.00,100 גרם,false,,19.00,0.0226,true,1,101314
7290006346247,false,"קוביות בולגרית בפסטו 250 גרם ""מונטה קרלו""",,,קוביות בולגרית בפסטו,גרמים,250.00,100 גרם,false,,0.00,0.0000,true,1,198913
7290006439048,false,שמן קנולה 3 ליטר,,,שמן קנולה 3 ליטר,ליטרים,3.00,ליטר,false,,21.90,7.3000,true,1,185598
7290006439185,false,אננס חתוך 540 גרם,,,אננס חתוך 540 גרם,גרמים,540.00,100 גרם,false,,5.90,0.0109,true,1,176173
7290006439444,false,"אורז בסמתי ""גולד"" מוזהב 1 ק""ג שוקחה",צימאן לאל סאטיה-דלהי,,גולדן אורז בסמטי מוז,קילוגרמים,1.00,"ק""ג",false,,9.90,9.9000,true,1,65066
7290006439451,false,בארי גולדן אורז בסמט,צימאן לאל סאטיה-דלהי,,בארי גולדן אורז בסמט,קילוגרמים,5.00,"ק""ג",false,,39.90,7.9800,true,1,64345
7290006439642,false,אלבאן אבקת חלב,,,אלבאן אבקת חלב,יחידה,0.00,יחידה,false,,24.90,0.0000,true,1,78422
7290006453327,false,רסק עגבניות 28% 2.66,,,רסק עגבניות 28% 2.66,קילוגרמים,2.66,"ק""ג",false,,19.90,7.4812,true,1,57041
7290006453365,false,עגבניות מרוסקות A9,,,עגבניות מרוסקות A9,יחידה,0.00,יחידה,false,,23.00,0.0000,true,1,170031
7290006459978,false,קרקר אובלטים קלאסי עם שומשום 282 גר,,,אובלטים שומשום 282 ג,גרמים,282.00,100 גרם,false,,9.90,0.0351,true,1,162857
7290006492616,false,גבינה בולגרית מעודנת פרוסות 5% גד 250 גרם,DSH עבור מחלבות גד ב,,גד בולגרית פרוסות 5%,גרמים,250.00,100 גרם,false,,25.90,0.1036,true,1,66012
7290006492630,false,גבינת פרומעז עיזים 22% גד 180 גרם,מחלבות גד בעמ,,גד גבינת גליל גד עזי,גרמים,180.00,100 גרם,false,,22.20,0.1233,true,1,66013
7290006492852,false,גבינת עיזים למריחה 5% שומן 250 ג' גד,קריות זול,,גד גבינת עיזים למריח,גרמים,250.00,100 גרם,false,,15.90,0.0636,true,1,65248
7290006494917,false,טוסו וופל קלאסי במילוי שוקולד 200 גרם,"איטיליאן פוד, אס.פי.",,טוסו וופל טעם שוקולד,גרמים,200.00,100 גרם,false,,11.00,0.0550,true,1,55954
7290006494924,false,טוסו וופל קלאסי במילוי קרם לימון 200 גרם,"גילרו בע""מ",,טוסו ופל מילוי ק.לימ,גרמים,200.00,100 גרם,false,,11.00,0.0550,true,1,55413
7290006511157,false,"פטריות שלמות ויליפוד 400 גרם בד""ץ",אוקצ'מפס אס.איי אויי,,וילי פוד פטריות שמפי,גרמים,400.00,100 גרם,false,,7.90,0.0198,true,1,64850
7290006511188,false,וילי פוד פטריות שמפי,,,וילי פוד פטריות שמפי,קילוגרמים,2.55,"ק""ג",false,,29.90,11.7255,true,1,64851
7290006511751,false,פטריות שמפניון חתוך ויליפוד 290X3 ג' בד”צ,לוטס,,וילי פוד פטריות שמפי,גרמים,870.00,100 גרם,false,,10.00,0.0115,true,1,183092
7290006511768,false,הנה קורנפלקס שקית 1,,,הנה קורנפלקס שקית 1,קילוגרמים,1.00,"ק""ג",false,,0.00,0.0000,true,1,188555
7290006541901,false,ממרח שום 180גרם מוטי,"איטיליאן פוד, אס.פי.",,ממרח שום מוטי שף 190,גרמים,180.00,100 גרם,false,,23.90,0.1328,true,1,115111
7290006546012,false,שעועית בנוסח מקסיקני בטעם חריף 580 ג' פרי הגליל,"פרי הגליל בע""""מ",,צילי בנוסח מקסיקני ב,גרמים,580.00,100 גרם,false,,7.00,0.0121,true,1,72935
7290006546081,false,פרי גליל אפונה 3קג,,,פרי גליל אפונה 3קג,קילוגרמים,3.00,"ק""ג",false,,31.90,10.6333,true,1,111736
7290006546159,false,"גזר ננסי 3 ק""ג",,,"גזר ננסי 3 ק""ג",קילוגרמים,3.00,"ק""ג",false,,29.90,9.9667,true,1,157949
7290006546180,false,פרי גליל לקט ירקות ה,,,פרי גליל לקט ירקות ה,קילוגרמים,3.00,"ק""ג",false,,29.90,9.9667,true,1,111808
7290006546302,false,"צ'יפס קיטרינג פרי גליל 1.5 ק""ג","פרי הגליל בע""""מ",,ציפס 1.5 קג פרי גליל,יחידה,1.50,יחידה,false,,17.90,11.9333,true,1,56887
7290006546319,false,"סטייק צ'יפס פרי הגליל 1.5 ק""ג","פרי הגליל בע""""מ",,"סטייק צ""יפס 1.5 ק""ג",קילוגרמים,1.50,"ק""ג",false,,17.90,11.9333,true,1,55451
7290006546395,false,לקט העונה קפוא פרי הגליל 800ג',"פרי הגליל בע""""מ",,לקט העונה 800 גר,גרמים,800.00,100 גרם,false,,13.90,0.0174,true,1,56888
7290006546401,false,גזר גמדי 3 קג,,,גזר גמדי 3 קג,קילוגרמים,3.00,"ק""ג",false,,29.90,9.9667,true,1,111743
7290006546425,false,"תירס קלחונים פרי הגליל 1 ק""ג",פרי הגליל,,"תירס קלחונים 1 ק""ג",גרמים,1000.00,100 גרם,false,,16.90,0.0169,true,1,161508
7290006546500,false,צ'יפס זיגזג פרי הגליל 800 גרם,"פרי הגליל בע""""מ",,25% ציפס בזיג זג 800,גרמים,800.00,100 גרם,false,,11.90,0.0149,true,1,60377
7290006546517,false,צי'פס סטייק קפוא פרי הגליל 800 ג',"פרי הגליל בע""""מ",,25% סטייק ציפס 800 ג,גרמים,800.00,100 גרם,false,,11.90,0.0149,true,1,55452
7290006546524,false,צי'פס מובחר קפוא פרי גליל 800 ג',"פרי הגליל בע""""מ",,ציפס מובחר 800 גרם 2,גרמים,800.00,100 גרם,false,,11.90,0.0149,true,1,81102
7290006547187,false,כריות ספוג מתכת 4 יח,,,כריות ספוג מתכת 4 יח,יחידה,4.00,יחידה,false,,4.90,1.2250,true,1,136680
7290006567048,false,פתיתי קוסקוס ישראלי אסם 350 גרם,"מיוצר ע""י קוד יצרן K",,אסם קוסקוס ישראלי 35,גרמים,350.00,100 גרם,false,,7.90,0.0226,true,1,72942
7290006618115,false,ספוגיות קירצוף הפי 4,,,ספוגיות קירצוף הפי 4,יחידה,1.00,יחידה,false,,6.00,6.0000,true,1,168567
7290006618610,false,הפי ספוגיות לניקוי כלים חלביים ובשריים יעקבי 6 יחידות,יעקובי,,6 ספוגיות חלבי-בשרי,יחידה,6.00,יחידה,false,,9.90,1.6500,true,1,168568
7290006644596,false,קריסטל אקזוטי מוגז 2ליטר,יפאורה שותפות מובגלת לשיווק,,קריסטל אקזוטי 2 ליטר,ליטרים,2.00,ליטר,false,,3.90,1.9500,true,1,54996
7290006644626,false,ספרינג פירות טרופיים1.5ל,יפאורה שותפות מובגלת לשיווק,,ספרינג משקה בטעם פיר,ליטרים,1.50,ליטר,false,,5.90,3.9333,true,1,56895
7290006644732,false,ספרינג פירות טרופיים 1 ל,יפאורה שותפות מובגלת לשיווק,,ספרינג פירות קיץ קרט,ליטרים,1.00,ליטר,false,,5.90,5.9000,true,1,55460
7290006644817,false,רביעייה שרינק שוופס סודה 1.5 ל',יפאורה תבורי,,שוופס סודה 4*1.5 ליט,ליטרים,1.50,ליטר,false,,11.00,7.3333,true,1,60387
7290006653819,false,פתיתי קוסקוס דק 350 גרם,"מיוצר ע""י קוד יצרן K",,אסם קוסקוס דק 350 גר,גרמים,350.00,100 גרם,false,,7.90,0.0226,true,1,60389
7290006653857,false,"ארנבונים חטיף תפו""א 40גר","אסם השקעות בע""\מ",,"חטיף תפו""א ארנבונים",יחידה,0.00,יחידה,false,,5.00,0.0000,true,1,60390
7290006660596,false,קמח עדשים אדומות ללא גלוטן 500 גרם,אף.סי תבליני בגליל ב,,דגש קמח עדשים אדומו,גרמים,500.00,100 גרם,false,,19.90,0.0398,true,1,179284
7290006660770,false,אסותא רצפות בניחוח ח,,,אסותא רצפות בניחוח ח,יחידה,0.00,יחידה,false,,0.00,0.0000,true,1,187446
7290006664037,false,גמדים דגנים ארוחת בוקר מארז 100X4ג',"שטראוס בריאות בע""\מ",,גמדים ארוחת בוקר 4*1,יחידה,4.00,יחידה,false,,10.80,2.7000,true,1,60391
7290006664051,false,"אקטימל לבן 1.51 ק""ג מארז 14 יחידות",מיוצר עי קונדיטוריית,,אקטימל טבעי 14* 100מ,ליטרים,1.40,ליטר,false,,28.90,20.6429,true,1,56901
7290006664402,false,גבינה לבנה סקי 5% שומן 750 גרם,מיוצר עי קונדיטוריית,,שטראוס גבינה 5% 750,גרמים,750.00,100 גרם,false,,14.25,0.0190,true,1,55464
7290006664532,false,יוגורט עם תות 3% שומן 150 ג' דנונה,מיוצר עי קונדיטוריית,,דנונה תות 3% 150 גרם,גרמים,150.00,100 גרם,false,,3.90,0.0260,true,1,55427
7290006664655,false,"אקטימל לבן טבעי מארז 100X8 מ""ל",מיוצר עי קונדיטוריית,,אקטימל שמינייה טבעי,מיליליטרים,800.00,"100 מ""ל",false,,19.90,2.4875,true,1,60392
7290006664990,false,"יוגורט דנונה ביו לבן 1.7% שומן 8*150 מ""ל",מיוצר עי קונדיטוריית,,דנונה ביו מארז חיסכו,יחידה,8.00,יחידה,false,,15.90,1.9875,true,1,55467
7290006677334,false,תה טיבטי פורטה קלאסי90שק,SHALPHARM HMZRAH (SODOT,,תה טיבטי פורטה קלאסי,יחידה,90.00,יחידה,false,,45.00,0.5000,true,1,55971
7290006681003,false,גלידה תות לימון סורבה 1.33 ל' קרמיסימו,"גלידת שטראוס בע""\מ, רחוב",,קרמיסימו תות לימון ס,ליטרים,1.33,ליטר,false,,18.90,14.2105,true,1,64978
7290006681065,false,"קסטה שוקו וניל ""שטראוס""","מיוצר ע""\י גלידת שטראוס",,טעמקור שוקו וניל,גרמים,100.00,100 גרם,false,,7.90,0.0790,true,1,66015
7290006681577,false,מאגדת קרחון אסקימו לימון דובדובן 10 יח' שטראוס,"מיוצר ע""\י גלידת שטראוס",,קרחון אסקימו 8 + 2,יחידה,10.00,יחידה,false,,15.80,1.5800,true,1,56904
7290006681843,false,גלידה לייט פרי 6 יחידות,"גלידת שטראוס בע""\מ, רחוב",,מאגדת לייט מיני פרי,יחידה,0.00,יחידה,false,,27.90,0.0000,true,1,55468
7290006712684,false,ספיד סטיק 24/7 סטיק כחול,קולגייט פלמוליב,,ספיד סטיק 24/7 סטיק,גרמים,51.00,100 גרם,false,,19.90,0.3902,true,1,63341
7290006712981,false,"משחת שיניים קולגייט ספיידרמן מגיל שש 50 מ""ל",הנסיך- מפעל לייצור ט,,קולגייט סמיילס לגילא,יחידה,0.00,יחידה,false,,12.90,0.0000,true,1,65153
7290006738615,false,קבב פרימיום זהב 100% בשר זוגלובק 400 ג',נקניק נהריה כשר זוגל,,קבב פרימיום 100% בשר,גרמים,400.00,100 גרם,false,,19.90,0.0497,true,1,58363
7290006739124,false,בצק עלים פילאס 500ג' זוגלובק,זוגלובק,,זוגלובק בצק עלים פיל,גרמים,500.00,100 גרם,false,,13.90,0.0278,true,1,98689
7290006739131,false,בצק גולמי פילו זוגלובק 500ג',מאפיית אריאל,,זוגלובק בצק פילו 500,גרמים,500.00,100 גרם,false,,13.90,0.0278,true,1,98690
7290006739292,false,נקניק פסטרמה פרגיות ציפוי תירס,נקניק נהריה כשר זוגל,,פסטרמה תבור 330 גרם,גרמים,330.00,100 גרם,false,,24.90,0.0755,true,1,58364
7290006739346,false,נקניקיות פרגיות טרי 400 גרם זוגלובק,נקניק נהריה כשר זוגל,,נקניקיות פרגיות טרי,גרמים,400.00,100 גרם,false,,13.90,0.0348,true,1,55604
7290006739414,false,נקניק סלמי קוניאק זוגלובק 300 גרם,נקניק נהריה כשר זוגל,,סלמי קוניאק 300 גרם,גרמים,300.00,100 גרם,false,,24.90,0.0830,true,1,55979
7290006739421,false,נקניק סלמי מעושן איטלקי זוגלובק 300 גרם,נקניק נהריה כשר זוגל,,סלמי מעושן איטלקי 30,גרמים,300.00,100 גרם,false,,24.90,0.0830,true,1,55605
7290006739445,false,שניצל תירס קלאסי 750 ג' זוגלובק,נקניק נהריה כשר זוגל,,שניצל תירס קלאסי 750,גרמים,750.00,100 גרם,false,,24.90,0.0332,true,1,55432
7290006741363,false,בורקס תפוחי אדמה זוגלובק 800 גרם,מאפיית אריאל וגידרון,,"זוגלובק בורקס תפו""א",גרמים,800.00,100 גרם,false,,13.90,0.0174,true,1,55610
7290006741387,false,"מלאווח תימני זוגלובק 700 ג' בד""צ",נקניק נהריה כשר זוגל,,זוגלובק מלאווח בדץ 7,גרמים,700.00,100 גרם,false,,13.90,0.0199,true,1,58368
7290006742162,false,המבורגר מזרחי זוגלובק 400 גרם,נקניק נהריה כשר זוגל,,המבורגר מזרחי 400 גר,גרמים,400.00,100 גרם,false,,19.90,0.0497,true,1,57251
7290006742278,false,פסטרמה הודו צלויה על לבנים 330 ג' זוגלובק,נקניק נהריה כשר זוגל,,פסטרממיה צלויה על לב,גרמים,330.00,100 גרם,false,,24.90,0.0755,true,1,55436
7290006742292,false,פסטרמה הודו בדבש 330 ג' זוגלובק,נקניק נהריה כשר זוגל,,פסטרממיה בדבש 1% 330,גרמים,330.00,100 גרם,false,,24.90,0.0755,true,1,60403
7290006742339,false,פסטרמה חזה עוף מעושן,נקניק נהריה כשר זוגל,,פסטרמה חזה עוף מעושן,גרמים,330.00,100 גרם,false,,24.90,0.0755,true,1,55437
7290006764348,false,בירה שחורה מאלט סטאר,טמפו 7.5%,,מאלטסטאר 1.5 ליטר,ליטרים,1.50,ליטר,false,,6.80,4.5333,true,1,66020
7290006764713,false,משקה מירנדה 1.5 ל שי,"טמפו משקאות בע""\מ",,מירינדה 6*1.5 ליטר,ליטרים,1.50,ליטר,false,,29.90,19.9333,true,1,66022
7290006770035,false,"מרק טעם עוף בד""צ 400",,,"מרק טעם עוף בד""צ 400",גרמים,400.00,100 גרם,false,,14.00,0.0350,true,1,72957
7290006770561,false,לקט לקוסקוס פרי הגליל 800ג',"פרי הגליל בע""""מ",,לקט לקוסקוס 800גר,גרמים,800.00,100 גרם,false,,15.90,0.0199,true,1,58372
7290006775016,false,עוגה מבית טוב 450 גרם תפוז,אחדות ביחר לטחינה חל,,עוגה מבית טוב 450 גר,גרמים,450.00,100 גרם,false,,9.00,0.0200,true,1,60407
7290006775023,false,"עוגה מבית טוב"" 450 גרם אנגלית",אחדות ביחר לטחינה חל,,"עוגה מבית טוב"" 450 ג",גרמים,450.00,100 גרם,false,,9.00,0.0200,true,1,56912
7290006775030,false,"עוגה מבית טוב"" 450 גרם שוקו-ציפס",אחדות ביחר לטחינה חל,,"עוגה מבית טוב"" 450 ג",גרמים,450.00,100 גרם,false,,9.00,0.0200,true,1,60408
7290006775047,false,"עוגה מבית טוב"" 450 גרם שוקולד",אחדות ביחר לטחינה חל,,"עוגה מבית טוב"" 450 ג",גרמים,450.00,100 גרם,false,,9.00,0.0200,true,1,57253
7290006775054,false,עוגת שיש אחווה 450 ג' אחוה,אחדות ביחר לטחינה חל,,"עוגה מבית טוב"" 450 ג",גרמים,450.00,100 גרם,false,,9.00,0.0200,true,1,58373
7290006775085,false,עוגת שמרים במילוי שוקולד אחוה,אחדות ביחר לטחינה חל,,עוגת שמרים במילוי שו,גרמים,400.00,100 גרם,false,,10.00,0.0250,true,1,55008
7290006775337,false,עוגת שמרים במילוי פרג אחווה,אחדות ביחר לטחינה חל,,עוגת שמרים פרג 400 ג,גרמים,400.00,100 גרם,false,,10.00,0.0250,true,1,60409
7290006775344,false,עוגת שמרים במילוי קרם קינמון אחוה 400 גרם,אחדות ביחר לטחינה חל,,עוגת שמרים במילוי ק,גרמים,400.00,100 גרם,false,,10.00,0.0250,true,1,57255
7290006784322,false,ספריי לניקוי והברקת משטחי נירוסטה סנט מו,קומפלקס כימיקלים,,סנט מוריץ לנירוסטה 4,מיליליטרים,400.00,"100 מ""ל",false,,18.00,4.5000,true,1,55569
7290006784339,false,"תרסיס לניקוי רהיט סנט מוריץ 300 מ""ל",קומפלקס כימיקלים,,תרסיס לניקוי רהיט סנ,יחידה,300.00,יחידה,false,,12.00,0.0400,true,1,58588
7290006784360,false,חלונית סנט מוריץ לניקוי חלונות 1 ליטר,"קומפלקס כימיקלים בע""",,סנט מוריץ חלונית 1 ל,ליטרים,1.00,ליטר,false,,8.00,8.0000,true,1,56146
7290006784865,false,סנט מוריץ לניקוי משטחי מטבחים מרוכז ועוצמתי 1ל',קומפלקס כימיקלים בעמ,,סנט מוריץ לניקוי מטב,ליטרים,1.00,ליטר,false,,9.90,9.9000,true,1,172736
7290006788054,false,"שמפו""10""לסרוק קל קלאס700",מיוצר עי : אמיליה קו,,הנוסחה הקלאסית שמפו,מיליליטרים,700.00,"100 מ""ל",false,,10.90,1.5571,true,1,72965
7290006788382,false,"דאודורנט סטיק סגול 50 מ""ל קרליין",אמיליה קוסמטיקס,,קרליין אוקסגן נושם ד,יחידה,0.00,יחידה,false,,14.90,0.0000,true,1,72974
7290006788412,false,"קרליין - נושם אקווה דאודורנט רול און לאישה כחול 75 מ""ל",אמיליה קוסמטיקס בעמ,,קרליין נושם דאו רול,גרמים,75.00,100 גרם,false,,12.90,0.1720,true,1,72977
7290006788474,false,"קרליין - נושם אקווה דאודורנט ספריי לאישה כחול 200 מ""ל",אמיליה קוסמטיקס,,AQUA נושם ספריי כחול,מיליליטרים,200.00,"100 מ""ל",false,,12.90,6.4500,true,1,72983
7290006788559,false,"טיטניום ICE דאודורנט תרסיס ספריי 180 מ""ל",אמיליה קוסמטיקס בעמ,,טיטניום דאודורנט ספר,מיליליטרים,200.00,"100 מ""ל",false,,15.00,7.5000,true,1,72987
7290006788672,false,"שמפו למניעת קשקשים 700 מ""ל קרליין",מיוצר עי : אמיליה קוסמטי,,שמפו למניעת קשקשים 7,מיליליטרים,700.00,"100 מ""ל",false,,10.90,1.5571,true,1,72989
7290006788924,false,"דאודורנט ספריי 175 מ""ל ME",,,מי דאודרנט תרסיס ורו,מיליליטרים,175.00,"100 מ""ל",false,,20.00,11.4286,true,1,72991
7290006788948,false,"קרליין דאודורנט תרסיס ספריי מיסט 175 מ""ל",קרליין,,מי דואדרנט תרסיס סגו,מיליליטרים,175.00,"100 מ""ל",false,,20.00,11.4286,true,1,72992
7290006789624,false,קרם לחות לשיער מחייה צבוע,אמיליה קוסמטיקס,,קרם לחות לשיער מחייה,מיליליטרים,400.00,"100 מ""ל",false,,16.90,4.2250,true,1,72998
7290006789648,false,"קרם לחות לשיער יבש 10 קרליין 400 מ""ל","אמיליה קוסמטיקס בע""מ",,קרם לחות לשיער יבש ק,מיליליטרים,400.00,"100 מ""ל",false,,16.90,4.2250,true,1,73000
7290006803061,false,המעיין סירופ 4 ליטר,,,המעיין סירופ 4 ליטר,ליטרים,4.00,ליטר,false,,21.90,5.4750,true,1,170257
7290006804822,false,סופגניה בצק/לחמניה ה,,,סופגניה בצק/לחמניה ה,יחידה,0.00,יחידה,false,,3.00,0.0000,true,1,115221
7290006804907,false,פיתה אסלית אפויה קפואה (חמישיות),פילסברי,,חבילת פיתות אסלית 5,גרמים,500.00,100 גרם,false,,7.90,0.0158,true,1,73014
7290006805355,false,"פילסברי, כדורים בטעם שוקולד, תערובת להכנת כדורים בטעם שוקולד. 500 גרם.",הדקלאים אגודת שיתופי,,פילסברי כדורי שוקולד,גרמים,500.00,100 גרם,false,,16.90,0.0338,true,1,58589
7290006805362,false,חצי באגט מאפית,פילסברי,,חצי בגט,יחידה,0.00,יחידה,false,,3.50,0.0000,true,1,107619
7290006805850,false,פילסברי פנקייק תערובת להכנת חביתיות,הדקלאים אגודת שיתופי,,תערובת להכנת פנקייקס,גרמים,500.00,100 גרם,false,,16.90,0.0338,true,1,58590
7290006806499,false,לחמנייה דגנים וגרעינ,,,לחמניה דגנים,יחידה,0.00,יחידה,false,,4.50,0.0000,true,1,140411
7290006806963,false,חלה מתוקה קלועה אפויה-קפואה,פילסברי,,חלה מתוקה קלועה א.ק,יחידה,0.00,יחידה,false,,12.40,0.0000,true,1,73015
7290006822840,false,בירה שחורה מאלטי 1.5,מבשלות בירה בינלאומיות ב,,מאלטי 1.5 ליטר,ליטרים,1.50,ליטר,false,,8.20,5.4667,true,1,73017
7290006866363,false,מיץ סחוט אשכוליות אדומות פרימור 1 ליטר,"גניר (1992) בע""מ",,פרימור מיץ אשכולית א,ליטרים,1.00,ליטר,false,,14.30,14.3000,true,1,57260
7290006866967,false,נקטר חמוציות פרימור 1 ליטר,סטאר סנקס,,פרימור חמוציות 1 ליט,ליטרים,1.00,ליטר,false,,8.90,8.9000,true,1,170455
7290006884411,false,"קוקטיל פירות 3 ק""ג",,,"קוקטיל פירות 3 ק""ג",קילוגרמים,3.00,"ק""ג",false,,24.90,8.3000,true,1,122816
7290006894007,false,גלידת שפרעם 2ליטר,,,גלידת שפרעם 2ליטר,ליטרים,2.00,ליטר,false,,59.90,29.9500,true,1,100889
7290006894021,false,גלידת שפרעם 1ליטר,,,גלידת שפרעם 1ליטר,ליטרים,1.00,ליטר,false,,31.90,31.9000,true,1,70141
7290006894045,false,גלידת שפרעם מוסטקה 1,,,גלידת שפרעם מוסטקה 1,מיליליטרים,150.00,"100 מ""ל",false,,7.00,4.6667,true,1,73023
7290006940223,false,חלבה מוקצפת אלמחרום,,,חלבה מוקצפת אלמחרום,גרמים,500.00,100 גרם,false,,19.90,0.0398,true,1,144835
7290006983152,false,קרוטונים מתובלים למרק אסם 400 גרם,עינת תעשיות מזון אגו,,קרוטונים מתובלים למר,גרמים,400.00,100 גרם,false,,18.90,0.0472,true,1,58594
7290006983176,false,אוסם - לחמית שיפון 250 גרם,"אסם השקעות בע""\מ",,לחמית שיפון 250 גרם,גרמים,230.00,100 גרם,false,,8.90,0.0387,true,1,60420
7290006983527,false,עוגת הבית תפוחי עץ עם פירורים 400 ג' אסם,מיוצר עי קונדיטוריית,,הבית עוגת תפוחי-עץ ע,גרמים,400.00,100 גרם,false,,16.90,0.0422,true,1,58595
7290006983763,false,עוגת הבית שוקולד 400 גרם אסם.,מיוצר עי קונדיטוריית,,עוגת הבית שוקולד 400,גרמים,400.00,100 גרם,false,,13.90,0.0348,true,1,55572
7290006983770,false,עוגת הבית שיש אסם 400 גרם,מיוצר עי קונדיטוריית,,עוגת הבית שיש 400 גר,גרמים,400.00,100 גרם,false,,13.90,0.0348,true,1,57083
7290006983787,false,עוגת הבית שוקולד צ'יפס אסם 400 גרם,מיוצר עי קונדיטוריית,,עוגת הבית שוקוציפס 4,גרמים,400.00,100 גרם,false,,13.90,0.0348,true,1,55573
7290006983794,false,עוגת הבית בטעם תפוז אסם 400 גרם,מיוצר עי קונדיטוריית,,עוגת הבית תפוז 400גר,גרמים,400.00,100 גרם,false,,13.90,0.0348,true,1,57084
7290006992161,false,מטרנה - דייסת קורנפלור פרוביוטי 200 גרם,מולינו ניקולי s.p.a,,מטרנה דייסת קורנפלור,גרמים,200.00,100 גרם,false,,13.80,0.0690,true,1,56152
7290006992185,false,"מטרנה - דייסת אורז פרוביוטי כשל""פ 200 גרם",מולינו ניקולי s.p.a,,מטרנה דייסת אורז מטר,גרמים,200.00,100 גרם,false,,13.80,0.0690,true,1,55574
7290006992192,false,דייסה מטרנה סולת פרוביוטיקה,מטרנה תעשיות ש.מ,,מטרנה דייסת סולת 220,גרמים,200.00,100 גרם,false,,13.80,0.0690,true,1,57262
7290006992208,false,מטרנה דייסת 8 דגנים מעורבים 200 גרם,מטרנה תעשיות ש.מ,,מטרנה דייסת דגנים מע,גרמים,200.00,100 גרם,false,,13.80,0.0690,true,1,58596
7290006992390,false,"מטרנה - דייסת וניל פרוביוטי כשל""פ 200 גרם",מולינו ניקולי s.p.a,,"מטרנה דייסת וניל בד""",גרמים,200.00,100 גרם,false,,13.80,0.0690,true,1,57263
7290006992864,false,"לה קט חתלתולים 2.85 ק""ג",united pet food,,לה קט חתלתולים 2.85ק,קילוגרמים,2.85,"ק""ג",false,,69.90,24.5263,true,1,78337
7290008000239,false,"שטיפה אינטימית מועשר בלחות פמינה 220 מ""ל",פמינה,,פמינה מועשר בלחות 22,יחידה,220.00,יחידה,false,,22.90,0.1041,true,1,56153
7290008000246,false,"פמינה - שטיפה אינטימית מועשר באלוורה 220 מ""ל",פמינה,,פמינה מועשר באלוורה,יחידה,220.00,יחידה,false,,22.90,0.1041,true,1,57264
7290008000796,false,"סופרמן משחת שיניים לילדים בטעם פירות כצט 50 מ""ל",כצט נוביס,,סופרמן משחת שיניים ל,יחידה,50.00,יחידה,false,,11.90,0.2380,true,1,56154
7290008000826,false,"משחת שיניים לילדים בטעם פירות לגילאים 2-6 כצט 50 מ""ל",כצט נוביס,,ברבי משחת שיניים ליל,יחידה,50.00,יחידה,false,,11.90,0.2380,true,1,57085
7290008023542,false,שמפו לרצפות בניחוח יסמין סיף פנטסטיק 4 ליטר,יוניליוור ישראל טיפוח אי,,סיף פנטסטיק רצפות כת,ליטרים,4.00,ליטר,false,,18.90,4.7250,true,1,55576
7290008084956,false,בייבי פסטה משחה לתינוק,בייבי פסטה,,בייבי פסטה משחה 120,גרמים,120.00,100 גרם,false,,15.90,0.1325,true,1,77822
7290008104050,false,"שטיפת אינטימית לקטופיל פמינה 220 מ""ל",כצט נוביס סעמ,,נוזל שטיפה אינטימית,יחידה,220.00,יחידה,false,,22.90,0.1041,true,1,56157
7290008116541,false,"שטיפת פה ליסטרין קול מינט 500 מ""ל",ג'\ונסון אנד ג'\ונסון,,ליסטרין מי פה קולמינ,מיליליטרים,500.00,"100 מ""ל",false,,0.00,0.0000,true,1,187558
7290008116565,false,ליסטרין שטיפת פה פרש 500 מל,ג'\ונסון אנד ג'\ונסון,,ליסטרין מי פה פרשברו,מיליליטרים,500.00,"100 מ""ל",false,,0.00,0.0000,true,1,187560
7290008154222,false,שניצלונים עוף טוב 700 גרם,"מוצרי עוף טוב (2001) בע""",,שניצלונים עוף טוב 70,גרמים,700.00,100 גרם,false,,20.00,0.0286,true,1,57461
7290008167871,false,מבשם לבנדר,,,מבשם לבנדר,יחידה,0.00,יחידה,false,,35.00,0.0000,true,1,73034
7290008175173,false,חמאה מפינלנד ללא מלח 200 גרם ויליפוד,ואליו אל.טי.די,,חמאה מקורית מפינלנד,גרמים,200.00,100 גרם,false,,11.90,0.0595,true,1,75977
7290008175210,false,גבינת פרמזן מגורדת 90ג' ויליפוד,זנטי אס.איי.,,וילי פוד פרמזן מגורד,יחידה,0.00,יחידה,false,,14.90,0.0000,true,1,65184
7290008175692,false,וילי פוד נודלס אטר.ביצים להקפצה בדץ 400ג,פוגיאן לונגאי,,וילי פוד נודלס אטר.ב,גרמים,400.00,100 גרם,false,,5.00,0.0125,true,1,73035
7290008175814,false,וילי פוד פטריות שמפיניון חתוך בדץ 400ג,"אוקצ'מפ אס, איי אויי",,וילי פוד פיטריות שמפ,גרמים,400.00,100 גרם,false,,4.90,0.0123,true,1,64355
7290008183154,false,רוטב צ'ילי מתוק מיטב 4 ל',,,רוטב צילי מתוק- גלון,ליטרים,4.00,ליטר,false,,60.00,15.0000,true,1,57462
7290008183864,false,קטשופ 1 קג מיטב חדש,,,קטשופ 1 קג מיטב חדש,גרמים,1000.00,100 גרם,false,,6.90,0.0069,true,1,60428
7290008190909,false,עוגיות מיני קוקיס שוקולד צ'יפס בצנצנת כרמית 600 גרם,כרמית תעשיות ממתקים,,מיני קוקיס שוקולד צי,גרמים,600.00,100 גרם,false,,18.90,0.0315,true,1,65188
7290008318990,false,"מידנייט קרם ידיים 100 מ""ל",חלאבין,,קרם ידיים מידנייט,יחידה,100.00,יחידה,false,,10.00,0.1000,true,1,55586
7290008328593,false,פטריות חתוכות הולנדי,,,פטריות חתוכות הולנדי,קילוגרמים,3.00,"ק""ג",false,,21.90,7.3000,true,1,88260
7290008328661,false,חתיכות אננס יורופוד,,,חתיכות אננס יורופוד,קילוגרמים,3.00,"ק""ג",false,,24.90,8.3000,true,1,111099
7290008328920,false,"אננס שלם 3 ק""ג בסירו",,,"אננס שלם 3 ק""ג בסירו",קילוגרמים,3.00,"ק""ג",false,,24.90,8.3000,true,1,120951
7290008328968,false,פטריות שלמות שוקחה 2,,,פטריות שלמות שוקחה 2,גרמים,2500.00,100 גרם,false,,35.00,0.0140,true,1,117571
7290008330107,false,מרכך כביסה בדין סגול 4 ליטר,יוניליור ישראל טיפוח איש,,בדין מרכך כבוסה סגול,ליטרים,4.00,ליטר,false,,19.90,4.9750,true,1,55772
7290008330381,false,בדין דפים למייבש כביסה ורוד 40 יח',יוניליוור,,בדין דפי מרכך ורוד 4,יחידה,40.00,יחידה,false,,17.00,0.4250,true,1,73045
7290008330398,false,בדין דפים למייבש כביסה כחול 40 יחידות,קלין טסט פרודקטס,,בדין דפי מרכך כחול 4,יחידה,40.00,יחידה,false,,17.00,0.4250,true,1,73046
7290008333115,false,אבקת ג'לטין טהור נטו 28 גרם,מאיר עזרא ובניו,,אבקת ג'לטין טהור נטו,יחידה,0.00,יחידה,false,,10.90,0.0000,true,1,140745
7290008335515,false,אגרול+רוטב חמוץ/מתוק600ג,שלושת האופים,,אגרול סיני+רוטב 600ג,יחידה,0.00,יחידה,false,,0.00,0.0000,true,1,188432
7290008335553,false,קובה בשר וצנובר 600ג שלושת האופים,האי נאם סי או אל.טי.,,קובה בשר וצנובר 600ג,יחידה,0.00,יחידה,false,,13.90,0.0000,true,1,168996
7290008335560,false,סיגרים במילוי בשר 600גרם,האי נאם סי או אל.טי.,,סיגרים בשר 600 פקנטי,יחידה,0.00,יחידה,false,,0.00,0.0000,true,1,188433
7290008335577,false,"פסטלים במילוי תפו""א 600ג",האי נאם סי או אל.טי.,,"פסטלים תפו""א 600ג של",יחידה,0.00,יחידה,false,,0.00,0.0000,true,1,188429
7290008335584,false,"סיגרים במילוי תפו""א 600ג",האי נאם סי או אל.טי.,,"סיגרים תפו""א 600ג של",יחידה,0.00,יחידה,false,,0.00,0.0000,true,1,188428
7290008343466,false,בצק פילו 500 גרם שלושת האופים,שלושת האופים שגמור,,בצק פילו 500 גרם,גרמים,500.00,100 גרם,false,,20.20,0.0404,true,1,73047
7290008343558,false,"סיגרים בשר שלושת האופים 1 ק""ג","שלושת האופים בע""\מ",,"סיגרים בשר 1 ק""ג שלו",יחידה,1.00,יחידה,false,,22.20,22.2000,true,1,73051
7290008343565,false,"סיגרים תפו""א 1 ק""ג שלושת האופים","שלושת האופים בע""\מ",,"סיגרים תפו""א 1 ק""ג ש",יחידה,1.00,יחידה,false,,22.20,22.2000,true,1,73052
7290008343572,false,"אגרול סיני 1 ק""ג שלושת האופים","שלושת האופים בע""\מ",,"אגרול סיני 1 ק""ג שלו",יחידה,1.00,יחידה,false,,22.20,22.2000,true,1,73053
7290008343602,false,"קובה בשר 1 ק""ג שלושת האופים","שלושת האופים בע""\מ",,"קובה בשר 1 ק""ג שלושת",יחידה,1.00,יחידה,false,,22.20,22.2000,true,1,73054
7290008343619,false,"פסטלים תפו""א שלושת האופים 1 ק""ג","שלושת האופים בע""\מ",,"פסטלים תפו""א שלושת ה",יחידה,1.00,יחידה,false,,22.20,22.2000,true,1,73055
7290008343626,false,"כדורי פלאפל 1 ק""ג שלושת האופים","שלושת האופים בע""\מ",,"כדורי פלאפל 1 ק""ג של",יחידה,1.00,יחידה,false,,22.20,22.2000,true,1,73056
7290008345583,false,איקרה ביתית ורוד 300 גרם דלידג,כלורוקס אוקלנד,,איקרה ביתית ורוד 300,גרמים,300.00,100 גרם,false,,16.30,0.0543,true,1,140754
7290008347211,false,אצבעות דג מצופות דלידג 700 גרם,אף.סי תבליני בגליל ב,,דלידג אצבעות דג 700,גרמים,700.00,100 גרם,false,,22.90,0.0327,true,1,57300
7290008408240,false,אלין מרכך ארגן ללא מלח 1 ליטר,,,אלין מרכך שיער ארגן,ליטרים,1.00,ליטר,false,,46.90,46.9000,true,1,182695
7290008409049,false,שניצלונים בציפוי שומשום מיני מיני דק מאמא עוף 500 גרם,תנובה גליל שותפות מוגבלת,,מאמא עוף מיני דק שני,גרמים,840.00,100 גרם,false,,25.80,0.0307,true,1,78129
7290008409100,false,אצבעות שניצל בציפוי שומשום מאמא עוף 700 גרם,תנובה גליל שותפות מוגבלת,,מאמאעוף אצבעות שניצל,גרמים,700.00,100 גרם,false,,35.30,0.0504,true,1,55594
7290008409216,false,מאמא עוף קפוא שניצל דק פריך 700 גרם,תנובה גליל,,מאמא עוף קפוא שניצל,גרמים,700.00,100 גרם,false,,41.80,0.0597,true,1,60438
7290008409315,false,שניצלונים בציפוי פריך מיני מיני דק מאמא עוף 500 גרם,תנובה גליל,,מאמא עוף מיני דק שני,גרמים,500.00,100 גרם,false,,25.80,0.0516,true,1,78128
7290008409407,false,שניצל דק צ'יפס מאמא עוף 700 גרם,תנובה גליל שותפות מוגבלת,,מאמא עוף שניצל דק צי,גרמים,700.00,100 גרם,false,,42.20,0.0603,true,1,55779
7290008409544,false,שניצל עוף אמיתי בציפוי פריך700 *10,תנובה גליל שותפות מוגבלת,,מאמאעוף שניצל עוף אמ,גרמים,700.00,100 גרם,false,,42.00,0.0600,true,1,55781
7290008409568,false,שניצל עוף אמיתי בציפוי שבבי ציפס 700 גר,תנובה גליל שותפות מוגבלת,,מאמאעוף שניצל ציפס א,גרמים,700.00,100 גרם,false,,42.00,0.0600,true,1,57478
7290008444538,false,דאודורנט ספריי פריטי,,,YOU PRETTY דאודורנט,מיליליטרים,175.00,"100 מ""ל",false,,26.90,15.3714,true,1,73065
7290008453769,false,שקיות אשפה גליל 75/90 50 יח',,,שמאי - אשפה גליל 75/,יחידה,50.00,יחידה,false,,8.90,0.1780,true,1,152257
7290008453776,false,שקיות אשפה גליל 75/90 שחור עבה + 50יח',,,ר.שמאי אשפה גליל שחו,יחידה,0.00,יחידה,false,,14.90,0.0000,true,1,177699
7290008453783,false,שקיות אשפה ושרוך 50/70 אריזת 60יח',,,שקיות אשפה שרוך 50/7,יחידה,60.00,יחידה,false,,19.90,0.3317,true,1,144496
7290008453844,false,שקיות אשפה 75/90 קרם ידית שטוח מרשרש שמאי 40יח',,,ש.אשפה 75*90 ידיות H,יחידה,0.00,יחידה,false,,17.90,0.0000,true,1,177696
7290008461283,false,גבינת טריפל צ'דר חצי קשה הגבינות של נני 200 גרם,שבינגטון,,צ'דר טריפל 200 גרם,גרמים,200.00,100 גרם,false,,22.90,0.1145,true,1,173316
7290008464000,false,שישיית משקה סבן אפ 1,טמפו 7.5%,,סבן אפ 6*1.5 ליטר,ליטרים,1.50,ליטר,false,,29.90,19.9333,true,1,65162
7290008464369,false,"פפסי קולה בפחית 330 מ""ל","טמפו משקאות בע""\מ",,פפסי משקה קולה 330 מ,מיליליטרים,330.00,"100 מ""ל",false,,5.00,1.5152,true,1,175206
7290008464383,false,"פחית סבן אפ 330 מ""ל",טמפו,,"סבן אפ משקה 330 מ""ל",מיליליטרים,330.00,"100 מ""ל",false,,5.00,1.5152,true,1,175208
7290008464505,false,סאן בנדטו בקבוק פלסטיק 500מל,אקווה מינרלה סאן בנדטו ב,,סאן בנדטו בקבוק פלסט,מיליליטרים,500.00,"100 מ""ל",false,,4.00,0.8000,true,1,65083
7290008464611,false,"הסודה של טמפו, מי סודה בגיזוז חזק, 275 מל",טמפו משקאות בעמ,,טמפו מי סודה בקבוק 2,מיליליטרים,275.00,"100 מ""ל",false,,5.00,1.8182,true,1,157334
7290008464864,false,טמפו רביעיית סודה 1.5*4 בטעם פירות יער,טמפו 7.5%,,סודה פירות יער 4*1.5,יחידה,0.00,יחידה,false,,15.90,0.0000,true,1,173035
7290008464987,false,שישיית מי סודה טמפו 1.5 ליטר,"טמפו משקאות בע""מ",,טמפו סודה 6 *1.5 ליט,ליטרים,1.50,ליטר,false,,15.90,10.6000,true,1,63466
7290008470735,false,מסטיק פייב אבטיח 13*8 גר,ריגלי,,פייב מסטיק בטעם אבטי,יחידה,8.00,יחידה,false,,17.00,2.1250,true,1,162172
7290008470759,false,מסטיק אורביט ספירמינט מארז שמינייה,אורביט,,אורביט סטיקס ספירמינ,יחידה,8.00,יחידה,false,,15.00,1.8750,true,1,93305
7290008470766,false,שמינייה אורביט סטיקס בטעם פפרמינט,ריגלי צרפת,,אורביט סטיקס בטעם פפ,יחידה,8.00,יחידה,false,,15.00,1.8750,true,1,93304
7290008482035,false,"פרנץ ונילה חלב 1 ק""ג",,,"פרנץ ונילה חלב 1 ק""ג",קילוגרמים,1.00,"ק""ג",false,,29.90,29.9000,true,1,66370
7290008482127,false,י.כהן קפוצינו חלבי 1,,,י.כהן קפוצינו חלבי 1,קילוגרמים,1.00,"ק""ג",false,,25.90,25.9000,true,1,64534
7290008482578,false,פודינג אינסטנט וניל 80 גרם,י.כהן,,פודינג וניל 80 גרם,יחידה,0.00,יחידה,false,,4.90,0.0000,true,1,66373
7290008593205,false,יוגורט כבשים ג'ת 1.5 ל',,,יוגורט כבשים 1.50 ל,ליטרים,1.50,ליטר,false,,23.90,15.9333,true,1,73072
7290008593212,false,שקית לבנה מרובע צבעוני ג'ת 500 ג',,,גביתה מתוקה גת 300גר,יחידה,0.00,יחידה,false,,12.90,0.0000,true,1,89441
7290008593274,false,יוגורט 4% 1.5 ליטר,,,יוגורט 4% 1.5 ליטר,ליטרים,1.50,ליטר,false,,0.00,0.0000,true,1,188089
7290008593304,false,גבינה מלוחה,,,גבינה מלוחה,יחידה,0.00,יחידה,false,,19.90,0.0000,true,1,73076
7290008593311,false,גבינה מלוחה לטיגון ב,,,גבינה מלוחה לטיגון ב,יחידה,0.00,יחידה,false,,19.90,0.0000,true,1,73077
7290008593335,false,"לבן אפ ג'ת 330 מ""ל",,,"יוגורט אפ 330 מ""ל",יחידה,0.00,יחידה,false,,4.90,0.0000,true,1,82919
7290008593403,false,יוגרט עיזים ג'ת 1.5 ל',,,יוגורט עיזים 1.50 ל,ליטרים,1.50,ליטר,false,,22.90,15.2667,true,1,75844
7290008593458,false,יוגורט בטעם תות 1 ל' ג'ת,,,יוגורט תות 1 ליטר,ליטרים,1.00,ליטר,false,,13.90,13.9000,true,1,144097
7290008593519,false,לבנה ערבית גת 750 גר,,,לבנה ערבית גת 750 גר,גרמים,750.00,100 גרם,false,,19.90,0.0265,true,1,186388
7290008593625,false,"משקה בוקר בטעם אפרסק ג'ת 250 מ""ל",,,משקה יוגורט בטעם אפר,יחידה,0.00,יחידה,false,,5.90,0.0000,true,1,186950
7290008593632,false,"משקה בוקר בטעם תות ג'ת 250 מ""ל",,,משקה יוגורט בטעם תות,יחידה,0.00,יחידה,false,,5.90,0.0000,true,1,186951
7290008593649,false,ג'ת לבנה קופסא 500 ג,,,ג'ת לבנה קופסא 500 ג,גרמים,500.00,100 גרם,false,,12.90,0.0258,true,1,144100
7290008593663,false,גבינה מתוקה במי מלח,,,גבינה מתוקה במי מלח,יחידה,0.00,יחידה,false,,44.90,0.0000,true,1,173088
7290008593700,false,גבינה ערבית ג'ת 700 ג',,,גבינה ערבית גת 800 ג,גרמים,800.00,100 גרם,false,,42.90,0.0536,true,1,100025
7290008593762,false,לבנה 12% ג'ת 750 ג',,,לבנה ג'ת 750 גרם,גרמים,750.00,100 גרם,false,,19.90,0.0265,true,1,144098
7290008593922,false,יוגורט עיזים ג'ת 3 ל',,,ג'ת יוגורט עזים 3 ל,ליטרים,3.00,ליטר,false,,39.90,13.3000,true,1,150001
7290008634045,false,"פלסטר שקוף 30 יחידות ""SUNNY PLASTER""",A.U. In,,פלסטר 30 צבעוני,יחידה,30.00,יחידה,false,,0.00,0.0000,true,1,188645
7290008634700,false,כפפות XL לטקס עם איבוק עדין 100 יח- SAFE TOUCH,סייף טאצ,,כפפות לאטקס 100 יח',יחידה,0.00,יחידה,false,,0.00,0.0000,true,1,187205
7290008634861,false,טלק לתינוק לונדר 414,לנדר,,טלק לתינוק לונדר 414,גרמים,414.00,100 גרם,false,,0.00,0.0000,true,1,187206
7290008679428,false,כפפות הנדי לבית ולמטבח בינוני,קריות זול,,הנדי כפפות לבית ולמט,יחידה,0.00,יחידה,false,,6.00,0.0000,true,1,73090
7290008679435,false,כפפות לבית ולמטבח גד,קריות זול,,הנדי כפפות לבית ולמט,יחידה,0.00,יחידה,false,,6.00,0.0000,true,1,73091
7290008679442,false,כפפות לבית ולמטבח הנ,קריות זול,,הנדי כפפות רגישות במ,יחידה,0.00,יחידה,false,,6.00,0.0000,true,1,73092
7290008679459,false,כפפות הנדי רגישות במיוחד בינוני,קריות זול,,הנדי כפפות רגישות במ,יחידה,0.00,יחידה,false,,6.00,0.0000,true,1,73093
7290008679466,false,כפפות הנדי רגישות במיוחד גדול,קריות זול,,הנדי כפפות רגישות במ,יחידה,0.00,יחידה,false,,6.00,0.0000,true,1,73094
7290008693134,false,מעדן גבינה ויוגורט בטעם תות 5% שומן 88 ג' דניאלה,"שטראוס בריאות בע""מ",,דניאלה תות מעדן גבינ,מיליליטרים,150.00,"100 מ""ל",false,,4.10,2.7333,true,1,56314
7290008713016,false,לחם שבעה דגנים קל 500גרם,מאפיית שלמה א. אנג'\ל בע,,לחם שבעה דגנים קל 50,גרמים,500.00,100 גרם,false,,15.90,0.0318,true,1,77982
7290008713900,false,לחם שיפון עגול פרוס אנג'ל 750 גרם,מאפיית אנג'\ל אורנים מאפ,,לחם שיפון עגול 750 ג,גרמים,750.00,100 גרם,false,,13.90,0.0185,true,1,77978
7290008713917,false,לחם שיפון כהה פרוס מאפיית אחדות 750 גרם,מאפיית שלמה א. אנג'\ל בע,,לחם שיפון כהה 750 גר,גרמים,750.00,100 גרם,false,,13.90,0.0185,true,1,77977
7290008713924,false,לחם שיפון+גרעינ.דלעת750ג,מאפיית שלמה א. אנג'ל,,לחם שיפון עם גרעיני,גרמים,750.00,100 גרם,false,,13.90,0.0185,true,1,77976
7290008714976,false,שימורי בשר בקר 225 ג' זוואן,,,שימורי זוואן בשר בקר,גרמים,200.00,100 גרם,false,,6.90,0.0345,true,1,168473
7290008745239,false,תפוצ'יפס קראנצ' בטעם טבעי עלית 50 גרם,"שטראוס פריטו ליי בע""\מ )",,תפוציפס קראנץ טבעי 5,יחידה,0.00,יחידה,false,,3.90,0.0000,true,1,57310
7290008747424,false,שוקולד במילוי תות 100גרם,STRAUSS-ISRAEL,,פרה שוקולד מילוי תות,יחידה,0.00,יחידה,false,,6.00,0.0000,true,1,58707
7290008747431,false,שוקולד פרה במילוי תות50ג,שטראוס גרופ,,פרה שוקולד במילוי קר,יחידה,0.00,יחידה,false,,4.00,0.0000,true,1,57689
7290008747547,false,תפוצ'יפס קראנץ' בטעם טבעי עלית 200 גרם,"שטראוס פריטו ליי בע""\מ )",,תפוציפס קראנץ טבעי 2,גרמים,200.00,100 גרם,false,,10.90,0.0545,true,1,58709
7290008748384,false,שוקולד ספלנדיד מריר100גר,STRAUSS-ISRAEL,,ספלנדיד מריר 100 גרם,גרמים,100.00,100 גרם,false,,11.00,0.1100,true,1,55789
7290008749152,false,עלית וופל 104 1.2,,,עלית וופל 104 1.2,קילוגרמים,1.25,"ק""ג",false,,24.90,19.9200,true,1,55925
7290008749343,false,בפלות שחור לבן חלבי עם קרם וניל צרפתי,STRAUSS-ISRAEL,,וופל שחור לבן 400 גר,גרמים,400.00,100 גרם,false,,15.00,0.0375,true,1,55926
7290008749954,false,טוב טעם מגדים 20 יחידות,STRAUSS-ISRAEL,,טוב טעם 20*30ג,גרמים,600.00,100 גרם,false,,25.00,0.0417,true,1,58710
7290008750264,false,"מסטיק מאסט ציקלס דובדבן 28 גרם לל""ס מגדים","שטראוס גרופ בע""מ",,מאסט דובדבן 28ג,יחידה,0.00,יחידה,false,,4.00,0.0000,true,1,56316
7290008750400,false,שוקולד לבן+עוגיות100 גרם,שטראוס גרופ,,פרה שוק.לבן ועוגיות,גרמים,100.00,100 גרם,false,,6.00,0.0600,true,1,55319
7290008751902,false,"קפה שחור קלוי וטחון 1 ק""ג עילית",,,טורקי עלית 1קג,קילוגרמים,1.00,"ק""ג",false,,49.90,49.9000,true,1,76968
7290008752244,false,תפוצ'יפס קראנץ' בטעם גריל עלית 50 גרם,"שטראוס פריטו ליי בע""\מ )",,תפוציפס קראנץ גריל 5,יחידה,0.00,יחידה,false,,3.90,0.0000,true,1,57690
7290008753111,false,תפוצ'יפס קראנץ' בטעם מקסיקני עלית 50 גרם,"שטראוס פריטו ליי בע""\מ )",,תפוציפס מקסיקני 50 ג,יחידה,0.00,יחידה,false,,3.90,0.0000,true,1,55927
7290008753876,false,בפלות עוגת גבינה+פירו350,STRAUSS-ISRAEL,,ופל בטעם עוגת גבינה,גרמים,350.00,100 גרם,false,,15.00,0.0429,true,1,58711
7290008753883,false,ופל טעם טרפלס שוקולד ופירורים 350 גרם,STRAUSS-ISRAEL,,ופל טעם טרפלס שוקולד,גרמים,350.00,100 גרם,false,,15.00,0.0429,true,1,55321
7290008754033,false,ממרח בטעם שוקולד פרה,STRAUSS-ISRAEL,,ממרח פרה שוקולד 850,גרמים,850.00,100 גרם,false,,13.90,0.0164,true,1,57312
7290008754415,false,גומי מאסט בטעם ספירמינט עדין פליפטופ 28 ג' עלית,"שטראוס גרופ בע""מ",,מאסט מנטה עדין 28ג,יחידה,0.00,יחידה,false,,4.00,0.0000,true,1,55930
7290008754422,false,גומי מאסט בטעם פפרמינט קלאסי פליפטופ 28 ג' עלית,"שטראוס גרופ בע""מ",,מאסט מנטה קלאסי 28ג,יחידה,0.00,יחידה,false,,4.00,0.0000,true,1,57691
7290008754613,false,רולדת שוקולד מצופה 350גר,STRAUSS-ISRAEL,,רולדת שוקולד מצופה 3,גרמים,350.00,100 גרם,false,,16.00,0.0457,true,1,57692
7290008754682,false,רולדת קוקוס מצופה 350גרם,STRAUSS-ISRAEL,,רולדת קוקוס מצופה 35,גרמים,350.00,100 גרם,false,,16.00,0.0457,true,1,58712
7290008757003,false,"שוופס ג'ינג'ר 250 מ""ל זכוכית",שוופס,,שוופס ג'ינג'ר אייל 2,מיליליטרים,250.00,"100 מ""ל",false,,6.00,2.4000,true,1,117996
7290008757010,false,"שוופס ביטר למון 250 מ""ל זכוכית",יפאורה שותפות מובגלת לשיווק,,שוופס ביטר למון 250,מיליליטרים,250.00,"100 מ""ל",false,,6.00,2.4000,true,1,55323
7290008757027,false,"שוופס טוניק 250 מ""ל זכוכית",יפאורה שותפות מובגלת לשיווק,,שוופס מי טוניק 250 מ,מיליליטרים,250.00,"100 מ""ל",false,,6.00,2.4000,true,1,57314
7290008757034,false,"שוופס סודה זכוכית 250 מ""ל",יפאורה שותפות מובגלת לשיווק,,"שוופס סודה 250 מ""ל",מיליליטרים,250.00,"100 מ""ל",false,,5.00,2.0000,true,1,57693
7290008757157,false,תפוזינה משקה בטעם תפ,,,תפוזינה משקה בטעם תפ,מיליליטרים,330.00,"100 מ""ל",false,,6.00,1.8182,true,1,55931
7290008757164,false,"אשכוליות 330 מ""ל תפוזינה",,,תפוזינה משקה בטעם אש,מיליליטרים,330.00,"100 מ""ל",false,,6.00,1.8182,true,1,56321
7290008757171,false,תפוזינה משקה בטעם ענ,,,תפוזינה משקה בטעם ענ,מיליליטרים,330.00,"100 מ""ל",false,,6.00,1.8182,true,1,56049
7290008757201,false,"תות בננה 330 מ""ל תפוזינה",,,תפוזינה משקה בטעם תו,מיליליטרים,330.00,"100 מ""ל",false,,6.00,1.8182,true,1,56322
7290008757980,false,קרטונית ספרינג נקטר רימונים 1 ליטר,יפאורה שותפות מובגלת לשיווק,,ספרינג רימונים 1 ליט,ליטרים,1.00,ליטר,false,,5.90,5.9000,true,1,56050
7290008758017,false,"אלין שמפו ארגן ללא מלח 550 מ""ל",,,אלין שמפו ארגן מרוקא,מיליליטרים,550.00,"100 מ""ל",false,,29.90,5.4364,true,1,182686
7290008775816,false,ערגליות עוגיות במילוי שוקולד אסם 300 גרם,מיוצר עי קונדיטוריית,,ערגליות שוקו 300 גרם,גרמים,300.00,100 גרם,false,,10.90,0.0363,true,1,55935
7290008775823,false,ערגליות עוגיות תות שדה אסם 300 גרם,מיוצר עי קונדיטוריית,,ערגליות תות 300 גרם,גרמים,300.00,100 גרם,false,,10.90,0.0363,true,1,56051
7290008806961,false,גלידה שוקולד שבבי שוקולד פרה 1.33 ל' קרמיסימו,"גלידת שטראוס בע""\מ, רחוב",,קרמיסימו שוקולד שבבי,ליטרים,1.33,ליטר,false,,18.90,14.2105,true,1,65467
7290008806985,false,נישנושים גלידה שוקו וניל בציפוי שוקולד 60 יח' קרמיסימו,"גלידת שטראוס בע""\מ, רחוב",,קרמיסימו נישנושים ש.,גרמים,630.00,100 גרם,false,,48.90,0.0776,true,1,65286
7290008849715,false,רצועות עגבניות מיובש,תנובה ב.ע.ד,,רצועות עגבניות מיובש,גרמים,180.00,100 גרם,false,,12.90,0.0717,true,1,156067
7290008849739,false,רוטב סויה אמיתי אוליביה 310 גרם,קריות זול,,רוטב סויה קלאסי אולי,יחידה,290.00,יחידה,false,,12.90,0.0445,true,1,58719
7290008849753,false,רוטב טריאקי אוליביה 300 גרם,מיוצר עי קונדיטוריית,,רוטב טריאקי עשיר או,יחידה,300.00,יחידה,false,,12.90,0.0430,true,1,57695
7290008849777,false,רוטב צ'ילי מתוק אוליביה 345 גרם,קריות זול,,אוליביה רוטב צילי מת,גרמים,350.00,100 גרם,false,,12.90,0.0369,true,1,55940
7290008849845,false,ממרח אוליביה אריסה פיקנטי 180 ג',"אוליביה גרומה בע""מ",,אריסה פיקנטית,גרמים,185.00,100 גרם,false,,12.90,0.0697,true,1,156071
7290008899505,false,בגט לבן פילסברי 250,פילסברי,,בגט לבן,יחידה,1.00,יחידה,false,,4.50,4.5000,true,1,71303
7290008909167,false,פריגת ענבים מרלו 1.5 ליט,פריגת,,פריגת ענבים בניחוח מ,ליטרים,1.50,ליטר,false,,6.70,4.4667,true,1,58720
7290008909440,false,פאנטה אורנג' מנגו 1.5 ל',החברה המרכזית לייצור משקאות,,פאנטה אורנג' מנגו 1.,ליטרים,1.50,ליטר,false,,6.70,4.4667,true,1,60453
7290008909860,false,קוקה קולה זירו בקבוק 1.5ל,החברה המרכזית לייצור משקאות,,קוקה קולה זירו בקבוק,ליטרים,1.50,ליטר,false,,6.50,4.3333,true,1,56324
7290008909877,false,קוקה קולה זירו בקבוק 6*1.5ל,החברה המרכזית לייצור משקאות,,קוקה קולה זירו בקבוק,יחידה,6.00,יחידה,false,,36.90,6.1500,true,1,57317
7290008961585,false,כוסמת פוסולסקי דבור 800 גר,סנקי,,כוסמת פוסולקי דבור,גרמים,800.00,100 גרם,false,,8.90,0.0111,true,1,179688
7290008969017,false,שוקחה אורז בסמטי רוז,,,שוקחה אורז בסמטי רוז,קילוגרמים,5.00,"ק""ג",false,,59.90,11.9800,true,1,55335
7290010002146,false,פפריקה מרוקאית מתוקה תבליני מימון 100 גרם,א.ל ייצור ושיווק תבלינים,,מימון פפריקה מרוקאית,גרמים,100.00,100 גרם,false,,10.90,0.1090,true,1,56330
7290010002290,false,תיבול לשווארמה תבליני מימון 100 גרם,א.ל ייצור ושיווק תבל,,מימון תערובת לשווארמ,גרמים,100.00,100 גרם,false,,10.90,0.1090,true,1,60457
7290010002306,false,תיבול לקציצות תבליני מימון 100 גרם,א.ל ייצור ושיווק תבל,,מימון תיבול לקציצות,יחידה,0.00,יחידה,false,,10.90,0.0000,true,1,60458
7290010002320,false,תיבול לגריל עוף תבליני מימון 100 גרם,א.ל ייצור ושיווק תבלינים,,מימון תיבול לגריל עו,יחידה,0.00,יחידה,false,,10.90,0.0000,true,1,58788
7290010002344,false,תבלין לדג תבליני מימון 100 גרם.,א.ל ייצור ושיווק תבלינים,,מימון תיבול לדג 100,יחידה,0.00,יחידה,false,,10.90,0.0000,true,1,57323
7290010002481,false,תבלין שום טחון תבליני מימון 100 גרם,א.ל ייצור ושיווק תבלינים,,מימון שום טחון במיכל,יחידה,0.00,יחידה,false,,13.90,0.0000,true,1,55945
7290010002498,false,תבלין שום גבישי תבליני מימון 120 גרם,א.ל ייצור ושיווק תבלינים,,מימון שום גבישי 120,גרמים,120.00,100 גרם,false,,13.90,0.1158,true,1,58789
7290010003075,false,פפריקה מרוקאית מתוקה תבליני מימון 400 גרם,א.ל ייצור ושיווק תבלינים,,מימון פפריקה מרוקאית,גרמים,400.00,100 גרם,false,,23.70,0.0592,true,1,55946
7290010023141,false,תה לימונענע הגן הקסום ויסוצקי 25 יחידות,תה ויסוצקי,,תה לימונענע 25 יח',יחידה,25.00,יחידה,false,,17.90,0.7160,true,1,73126
7290010023578,false,25ניחוח.גליל מרווה+לימון,ויסוצקי,,תה ניחוחות הגליל מרכ,יחידה,0.00,יחידה,false,,17.90,0.0000,true,1,73127
7290010023943,false,חליטה מצמח הרויבוש Red tea בטעם קינמון ווניל,מולינו ניקולי s.p.a,,תה אדום קינמון וניל,יחידה,0.00,יחידה,false,,27.00,0.0000,true,1,56078
7290010050109,false,רוזמרין/עירית,,,עירית,יחידה,0.00,יחידה,false,,4.90,0.0000,true,1,110774
7290010051021,false,בזיליקום ארוז א.אדמה,,,בזיליקום 40 גרם,גרמים,40.00,100 גרם,false,,5.90,0.1475,true,1,104318
7290010051045,false,עלי בייבי ארוז א.אדמה,חקלאי,,עלי בייבי,יחידה,0.00,יחידה,false,,7.90,0.0000,true,1,110775
7290010051076,false,לבבות חסה ארוז א.אדמה,אדמה,,לבבות קיסר,יחידה,0.00,יחידה,false,,7.90,0.0000,true,1,108861
7290010051113,false,טימין - קורנית יח',,,קורנית 30 גרם,גרמים,30.00,100 גרם,false,,5.90,0.1967,true,1,104317
7290010051120,false,מרווה ארוז א.אדמה,,,מרווה,יחידה,0.00,יחידה,false,,4.90,0.0000,true,1,110776
7290010051144,false,תרד עלים א.אדמה,אדמה,,תרד עלים א.אדמה,יחידה,0.00,יחידה,false,,7.90,0.0000,true,1,111817
7290010051199,false,שורש פטרוזיליה ארוז א.אדמה,אדמה,,שורש פטרוזליה,יחידה,0.00,יחידה,false,,4.90,0.0000,true,1,186435
7290010051205,false,סלרי עלים ארוז א.אדמה,אדמה,,סלרי עלים,יחידה,0.00,יחידה,false,,3.90,0.0000,true,1,186436
7290010051212,false,ראש סלרי א.אדמה,אדמה,,סלרי ראש,יחידה,0.00,יחידה,false,,3.90,0.0000,true,1,186437
7290010051250,false,אורגנו יח',,,אורגנו,יחידה,0.00,יחידה,false,,4.90,0.0000,true,1,110778
7290010051267,false,לוף בשקית א.אדמה,אדמה,,לוף ארוז -כרישה,יחידה,0.00,יחידה,false,,5.90,0.0000,true,1,138156
7290010051281,false,רוקולה ארוז א.אדמה,ביכורי שדה דרום,,עלה רוקולה,יחידה,0.00,יחידה,false,,9.90,0.0000,true,1,116614
7290010051298,false,מנגולד עלי סלק א.אדמה,אדמה,,סלק עלים ארוז,יחידה,0.00,יחידה,false,,5.90,0.0000,true,1,110579
7290010051335,false,בצל ירוק ארוז א.אדמה,אדמה,,בצל ירוק ארוז,יחידה,0.00,יחידה,false,,0.00,0.0000,true,1,187811
7290010051373,false,לבבות חסה בשקית א.אדמה,,,לבבות חסה,יחידה,0.00,יחידה,false,,9.90,0.0000,true,1,178839
7290010051403,false,סלרי אמריקאי ביכורי שדה ארוז,,,שיבה,יחידה,0.00,יחידה,false,,5.90,0.0000,true,1,117591
7290010051687,false,רוזמרין ארוז א.אדמה,אדמה,,רוזמרין 30 גרם,גרמים,30.00,100 גרם,false,,5.90,0.1967,true,1,104316
7290010051991,false,בייבי מיקס משפחתי 300ג',,,עלי בייבי,יחידה,0.00,יחידה,false,,11.90,0.0000,true,1,119455
7290010065134,false,מזון חתולים ליקוקים סלמון 415 גרם,כלורוקס אוקלנד,,ליק חתולים סלמון תכל,גרמים,415.00,100 גרם,false,,5.50,0.0133,true,1,73135
7290010065141,false,ליקוקים שימורים לחתולים טונה 415 ג',,,ליק חתולים טונה ירוק,גרמים,415.00,100 גרם,false,,5.50,0.0133,true,1,73136
7290010065721,false,פרינוק - מחית לפתן פירות 130 גרם,פרינוק,,פרינוק מח.לפתן פירות,גרמים,130.00,100 גרם,false,,5.50,0.0423,true,1,60479
7290010066001,false,נתחי טונה עם שמן צמחי פילטונה 960 גרם,תעשיות פילטונה,,פילטונה טונה בשמן צמ,גרמים,960.00,100 גרם,false,,35.90,0.0374,true,1,140445
7290010066513,false,נתחי טונה בשמן צמחי רביעיה *158ג' פילטונה,תעשיות פילטונה,,פיל טונה נתחי טונה ב,יחידה,4.00,יחידה,false,,22.90,5.7250,true,1,92022
7290010066582,false,נתחי טונה בשמן קנולה רביעיה * 158 ג' פילטונה,תעשיות פילטונה,,פילטונה נתחי טונה בש,גרמים,640.00,100 גרם,false,,22.90,0.0358,true,1,92008
7290010116355,false,מיני פסק זמן מגדים 400גר,STRAUSS-ISRAEL,,פסק זמן מיני מגדים 3,גרמים,390.00,100 גרם,false,,21.90,0.0562,true,1,55517
7290010116980,false,אבקת שוקולית שקית עלית 850 ג',הנסיך- מפעל לייצור ט,,שוקולית 850 גרם,גרמים,850.00,100 גרם,false,,16.90,0.0199,true,1,56251
7290010117864,false,דוריטוס חטיף תירס בטעם חריף אש עלית 70 גרם,"שטראוס פריטו ליי בע""\מ )",,דוריטוס חריף אש 70 ג,יחידה,0.00,יחידה,false,,3.90,0.0000,true,1,57721
7290010117970,false,סבבה בוטנים קלויים מצופים - אריזה אישית,"שטראוס פריטו ליי בע""",,סבבה בוטנים אמריקאיי,יחידה,0.00,יחידה,false,,2.50,0.0000,true,1,175530
7290010118328,false,תפוצ'יפס בטעם טבעי עלית מארז 6*40 גרם,שטראוס פריטו ליי (מל,,תפוצ'יפס טבעי 6*40 ג,גרמים,240.00,100 גרם,false,,13.90,0.0579,true,1,56121
7290010133185,false,קרש חיתוך לבן BEROX,,,קרש חיתוך לבן BEROX,יחידה,0.00,יחידה,false,,59.90,0.0000,true,1,156839
7290010133444,false,ברוקס סכין מחוזקת 12,,,ברוקס סכין מחוזקת 12,יחידה,0.00,יחידה,false,,79.00,0.0000,true,1,167767
7290010133765,false,קולפן ג'וליאן כתום | BEROX,,,קולפן ג'וליאן כתום |,יחידה,0.00,יחידה,false,,29.90,0.0000,true,1,179519
7290010154029,false,אריסה מתוקה יוחאי ביטון 250 גרם,תבליני יוחאי ביטון,,250 אריסה מתוקה ביטו,גרמים,250.00,100 גרם,false,,13.60,0.0544,true,1,140762
7290010154678,false,אריסה מרוקאית תבליני ביטון 250 גרם,תבליני יוחאי ביטון,,יוחאי ביטון אריסה מר,גרמים,250.00,100 גרם,false,,13.90,0.0556,true,1,154710
7290010154685,false,סלט שום כתוש 250 ג' ביטון יוחאי,תבליני יוחאי ביטון,,סלט שום כתוש 250 גרם,גרמים,250.00,100 גרם,false,,13.90,0.0556,true,1,154711
7290010161669,false,אדם פרימייר דאודורנט ספריי 200 מל,זוהר קוסמטיקס,,דאודורנט אדם ספריי 2,מיליליטרים,200.00,"100 מ""ל",false,,14.90,7.4500,true,1,56497
7290010195268,false,פופקורן פופסטאר חמישייה מופחת שומן טבעי,פופ סטאר,,פופסטאר מופחת שומן ב,יחידה,5.00,יחידה,false,,17.00,3.4000,true,1,56564
7290010195275,false,פופ סטאר גרעיני תירס להכנת פופקורן במיקרוגל בטעם חמאה מופחת שומן 425 גרם,פופ סטאר,,פופסטאר מופחת שומן ב,יחידה,5.00,יחידה,false,,17.00,3.4000,true,1,57722
7290010195756,false,זוג רייד נוזלי 90 לילות,ג'ונסון,,נוזל מילוי 60 לילות,יחידה,2.00,יחידה,false,,31.90,15.9500,true,1,55524
7290010237531,false,פפסי קולה פלסטיק 500מל,סנו מפעלי ברונוס.,,פפסי קולה משקה 500 מ,מיליליטרים,500.00,"100 מ""ל",false,,4.00,0.8000,true,1,96764
7290010237548,false,"פפסי מקס דל קלוריות 500 מ""ל בקבוק",טמפו משקאות בעמ,,"פפסי מקס משקה 500 מ""",מיליליטרים,500.00,"100 מ""ל",false,,4.00,0.8000,true,1,96765
7290010237562,false,משקה פפסי מרינדה קוו,"טמפו משקאות בע""מ",,"מירנדה משקה 500 מ""ל",מיליליטרים,500.00,"100 מ""ל",false,,4.00,0.8000,true,1,96766
7290010237579,false,משקה סבן אפ קוול 500,"טמפו משקאות בע""מ",,"סבן אפ משקה 500 מ""ל",מיליליטרים,500.00,"100 מ""ל",false,,4.00,0.8000,true,1,96767
7290010237623,false,בירה נשר מאלט 1.5 ליטר,"טמפו משקאות בע""מ",,נשר מאלט 1.5 ליטר,ליטרים,1.50,ליטר,false,,6.80,4.5333,true,1,73158
7290010259366,false,וילי פוד נודלס אטר.ביצים מסולסל בדץ 200ג,פוג'יאן לונגהאי אנלי,,וילי פוד נודלס אטר.ב,גרמים,200.00,100 גרם,false,,3.50,0.0175,true,1,63619
7290010259861,false,מנת השף מרק עם נודלס בטעם ירקות ויליפוד 70 גרם,קריות זול,,מנת השף מרק עם נודלס,יחידה,0.00,יחידה,false,,3.90,0.0000,true,1,70169
7290010259892,false,וילי פוד מרגרינה פלו,מרסה,,וילי פוד מרגרינה פלו,גרמים,200.00,100 גרם,false,,2.90,0.0145,true,1,65612
7290010259908,false,וילי פוד מרגרינה בטע,,,וילי פוד מרגרינה בטע,גרמים,200.00,100 גרם,false,,2.90,0.0145,true,1,64553
7290010259991,false,צנימים מיוחדים בטעם טבעי 250 ג',קריות זול,,וילי פוד צנימים בדץ,גרמים,250.00,100 גרם,false,,8.50,0.0340,true,1,73162
7290010300525,false,נאמן קוואקר בפח 500,ר.ס.,,נאמן קוואקר בפח 500,גרמים,400.00,100 גרם,false,,11.90,0.0298,true,1,66753
7290010300594,false,אבקת גלטין טהור 28 גר,ר.ס.,,גלטין טהור 28ג נאמן,יחידה,0.00,יחידה,false,,9.90,0.0000,true,1,65614
7290010300747,false,קיסמים דנטליים 200 יח',THAI FONG,,קיסמים דנטליים 200 י,יחידה,200.00,יחידה,false,,8.90,0.0445,true,1,65301
7290010328468,false,מארז מיני חלווה אחוה בטעמים 18 יחידות 216 גרם,שוורצקוף& הנקל דיסלד,,אחוה חטיפי מיני חלוה,יחידה,18.00,יחידה,false,,10.00,0.5556,true,1,89726
7290010328505,false,"מארז מיני חלווה 15 יחידות לל""ס אחוה 150 גרם",אחדות ביחר לטחינה חל,,אחוה חטיפי מיני חלוה,גרמים,150.00,100 גרם,false,,9.90,0.0660,true,1,97166
7290010328680,false,עוגה בטעם שוקולד עם שוקוצ'יפס מריר ולבן 450 גרם,אחדות ביחר לטחינה חל,,עוגה בטעם שוקלד שוקו,גרמים,450.00,100 גרם,false,,9.00,0.0200,true,1,108543
7290010329984,false,שוקולד כרמית ציפס מר,כרמית תעשיות ממתקים בעמ,,שוקולד צ'יפס 60% מוצ,גרמים,250.00,100 גרם,false,,12.90,0.0516,true,1,64557
7290010372355,false,גולדן קונדישינר 4 לי,,,גולדן קונדישינר 4 לי,ליטרים,4.00,ליטר,false,,15.90,3.9750,true,1,183036
7290010372829,false,אקונימיקה ריחנית גול,,,אקונימיקה ריחנית גול,ליטרים,4.00,ליטר,false,,9.90,2.4750,true,1,183025
7290010372928,false,שמפו רצפות בניחוח ור,,,שמפו רצפות בניחוח ור,ליטרים,4.00,ליטר,false,,11.90,2.9750,true,1,183026
7290010471669,false,יוגורט תות עם קורנפלקס מצופה שוקולד ללא גלוטן 3.9%,"שטראוס בריאות בע""\מ",,דנונה בר תות קורנפלק,מיליליטרים,175.00,"100 מ""ל",false,,4.30,2.4571,true,1,57729
7290010472307,false,"שמיניית משקה גמדים תות בננה דיסני 108 מ""ל",מיוצר עי קונדיטוריית,,גמדים לשתיה תות בננה,יחידה,800.00,יחידה,false,,20.00,0.0250,true,1,73175
7290010472390,false,מארז 8 יחידות מעדן דני בטעם שוקולד 1.5%,מיוצר עי קונדיטוריית,,מארז דני שוקו 8* 12,ליטרים,1.00,ליטר,false,,14.80,14.8000,true,1,57896
7290010504428,false,"ד""ר פישר - סרקל תרסיס מתיר קשרים 325 מ""ל * 2",פישר מעבדות פרמצבטיות בע,,סרקל מתיר קשרים 340,יחידה,0.00,יחידה,false,,34.90,0.0000,true,1,183364
7290010535866,false,חוט דנטאלי לבנים 200,,,חוט דנטאלי לבנים 200,יחידה,0.00,יחידה,false,,9.90,0.0000,true,1,157284
7290010546152,false,גרנולה קלויה בתוספת אגוזים ותמרים 400 ג',יוליניבר,,גרנולה מנדל תמרים 40,גרמים,400.00,100 גרם,false,,17.90,0.0447,true,1,143362
7290010546558,false,גרנולה חלבה תמרים מנדל 400 גר,מנדל טי אמ סחר,,גרנולה מנדל חלבה תמר,גרמים,400.00,100 גרם,false,,17.90,0.0447,true,1,153383
7290010569120,false,חטיף גלידה שמנת בטעם נוגה עם קרם שוקולד,"מיוצר ע""\י גלידת שטראוס",,"פסק זמן קראנץ"" חטיף",יחידה,0.00,יחידה,false,,10.90,0.0000,true,1,57897
7290010632107,false,מוצץ סילקון זוג קצר,,,מוצץ סילקון זוג קצר,יחידה,2.00,יחידה,false,,0.00,0.0000,true,1,187208
7290010632121,false,כוס אימון עם ידיות ופיה רכה ML360 טוליפס פרמיום,טוליפס Tulips,,כוס אימון עם ידיות ר,יחידה,0.00,יחידה,false,,0.00,0.0000,true,1,187209
7290010652259,false,שקיות אשפה 75/85 500,,,שקיות אשפה 75/85 500,יחידה,0.00,יחידה,false,,5.90,0.0000,true,1,178807
7290010672844,false,חלה רגילה קלועה אפויה-קפואה,פילסברי,,חלה רגילה קלועה א.ק,יחידה,0.00,יחידה,false,,12.00,0.0000,true,1,103530
7290010679010,false,קוקטייל פירות ים 500,,,קוקטייל פירות ים 500,גרמים,500.00,100 גרם,false,,24.90,0.0498,true,1,65396
7290010679027,false,טבעות קאלמרי 500 גר,,,טבעות קלמרי 500 גר,גרמים,500.00,100 גרם,false,,29.90,0.0598,true,1,64562
7290010679140,false,מדג שרימפס טמפורה 25,,,מדג שרימפס טמפורה 25,גרמים,250.00,100 גרם,false,,24.90,0.0996,true,1,144973
7290010679409,false,מדג ראש קלאמרי 500 ג,,,ראש קלאמרי 500 גרם,גרמים,500.00,100 גרם,false,,19.90,0.0398,true,1,65618
7290010679416,false,שרימפס מקולף 41-50 5,,,שרימפס 41-50 מקולף 5,גרמים,500.00,100 גרם,false,,36.90,0.0738,true,1,65307
7290010679485,false,שרימפס מקולף 31-40 1,,,"שרימפס מקולף 1 ק""ג",קילוגרמים,1.00,"ק""ג",false,,85.90,85.9000,true,1,144980
7290010679546,false,דג קט פיש מצופה פירו,אקוואטיק,,קט פיש מצופה פירורי,גרמים,400.00,100 גרם,false,,16.90,0.0422,true,1,145341
7290010679553,false,שרימפס מבושלים מקולפ,,,שרימפס מקולף ומבושל,גרמים,500.00,100 גרם,false,,36.90,0.0738,true,1,70179
7290010679621,false,שרימפס מבושל מקולף 4,,,שרימפס 41-50 מקולף מ,קילוגרמים,1.00,"ק""ג",false,,74.90,74.9000,true,1,65398
7290010679737,false,שרימפס מקולף1קג26-30,,,מדג שרימפס וייט 26-3,יחידה,0.00,יחידה,false,,92.90,0.0000,true,1,73204
7290010679768,false,"קלמרי גוף 1 ק""ג",,,"קלמרי גוף 1 ק""ג",קילוגרמים,1.00,"ק""ג",false,,84.90,84.9000,true,1,73206
7290010679829,false,שרימפס 16-20 מקולף 1,,,שרימפס 16-20 מקולף,קילוגרמים,1.00,"ק""ג",false,,115.90,115.9000,true,1,66763
7290010679935,false,פילה דג בסה 1 קג,,,"פילה בסה 1 ק""ג",יחידה,0.00,יחידה,false,,21.90,0.0000,true,1,144987
7290010711086,false,סופר מגבת גדול,מ.א,,סופר מגבת גדול,יחידה,0.00,יחידה,false,,15.90,0.0000,true,1,136759
7290010711123,false,כריות מתכת שייני 4 יחידות,מ.א ייצור ושיווק מטל,,4 כריות מתכת SHINY,יחידה,0.00,יחידה,false,,5.90,0.0000,true,1,123066
7290010711208,false,שייני גליל מטליות צהוב 33 יח',נועם אורים תעשיות בע,,שייני גליל מטליות צה,יחידה,0.00,יחידה,false,,14.90,0.0000,true,1,156475
7290010711451,false,סבון אסלה כחול שלישיה,,,סבון אסלה פוקוס כחול,יחידה,0.00,יחידה,false,,9.90,0.0000,true,1,174439
7290010711468,false,סבון אסלה בניחוח פרחי אביב,,,סבון אסלה פוקוס פרחי,יחידה,0.00,יחידה,false,,9.90,0.0000,true,1,174440
7290010711543,false,כף אשפה + גומי SHINY,שייני Shiny,,כף אשפה +גומי,יחידה,0.00,יחידה,false,,5.90,0.0000,true,1,114399
7290010711932,false,מטליות רב שימושיות פרימיום שייני 9 יחידות,נועם אורים תעשיות בע,,שייני מטליות רב שימו,יחידה,3.00,יחידה,false,,7.90,2.6333,true,1,123059
7290010718023,false,"קרם גוף איזבלה ורוד 300 מ""ל פנינה רוזנבלום",פנינה רוזנבלום,,קרם גוף איזבלה ורוד,יחידה,330.00,יחידה,false,,20.00,0.0606,true,1,57903
7290010718627,false,פנינה רוזנבלום אל סבון נוזלי ירוק 1 ליטר,פנינה רוזנבלום,,פנינה - אל סבון נוזל,מיליליטרים,1000.00,"100 מ""ל",false,,10.00,1.0000,true,1,56574
7290010718634,false,"פנינה רוזנבלום -אל סבון נוזלי לבן,1 ליטר",פנינה רוזנבלום,,פנינה - אל סבון נוזל,מיליליטרים,1000.00,"100 מ""ל",false,,10.00,1.0000,true,1,55531
7290010748860,false,"ד""ר פישר - אפקטיב קר קרם ידיים אינטנסיב 150 מ""ל",פישר מעבדות פרמצבטיות בע,,אפקטיב קר ק.ידיים יב,מיליליטרים,150.00,"100 מ""ל",false,,17.00,11.3333,true,1,57739
7290010748884,false,אפקטיב קר קרם גוף אינטנסיב לעור יבש במיוחד ח 700,פישר מעבדות פרמצבטיות,,אפקטיב קר ק.גוף עור,מיליליטרים,700.00,"100 מ""ל",false,,27.90,3.9857,true,1,57904
7290010748891,false,אפקטיב קר קרם גוף מולטי ויטמין לעור רגיל יבש ח 7,פישר מעבדות פרמצבטיות בע,,אפקטיב קר ק.גוף רגיל,מיליליטרים,700.00,"100 מ""ל",false,,27.90,3.9857,true,1,55532
7290010759002,false,"דבש טבעי שאהין 1ק""ג",,,"דבש טבעי שאהין 1ק""ג",גרמים,1000.00,100 גרם,false,,56.90,0.0569,true,1,78313
7290010759491,false,דבש טבעי 350 גרם,,,דבש טבעי 350 גרם,גרמים,350.00,100 גרם,false,,21.90,0.0626,true,1,104984
7290010760909,false,"בורקס פיצה כשל""פ 600 גרם",מאפית אריאל בעמ,,"בורקס פיצה כשל""פ 600",גרמים,600.00,100 גרם,false,,20.90,0.0348,true,1,109645
7290010766307,false,רוטב לפסטה בולונז אוליביה 420 ג' אסם,אוליביה,,רוטב לפסטה בולונז או,גרמים,420.00,100 גרם,false,,12.90,0.0307,true,1,56271
7290010766697,false,רוטב שקשוקה אוליביה 415 גרם,קריות זול,,אוליביה רוטב שקשוקה,גרמים,415.00,100 גרם,false,,12.90,0.0311,true,1,57740
7290010766734,false,רוטב פיצה אוליביה אסם 430 ג',אוליביה,,רוטב פיצה אוליביה 4,מיליליטרים,415.00,"100 מ""ל",false,,12.90,3.1084,true,1,60500
7290010774234,false,איאם זמאן 1/12,,,איאם זמאן 1/12,יחידה,0.00,יחידה,false,,19.90,0.0000,true,1,176750
7290010791538,false,מזון חתולים לה קט דליקטס עוף גורמה 85 גרם,מנדלז סי.אר. פרודקשן,,לה קט מעדן עוף גורמה,יחידה,0.00,יחידה,false,,5.00,0.0000,true,1,70184
7290010791545,false,מזון חתולים לה קט דליקטס פטה כבד 85 גרם,"הייקיו, תאילנד",,לה קט פטה כבד עוף 85,יחידה,0.00,יחידה,false,,5.00,0.0000,true,1,172592
7290010791576,false,מזון חתולים לה קט דליקטס דגי אוקיאנוס 85 גרם,"הייקיו, תאילנד",,לה קט מעדן דגי אוקיי,יחידה,0.00,יחידה,false,,5.00,0.0000,true,1,65627
7290010791583,false,לה-קט דליקטס דגי אוקינוס וטונה 85 גר',מנדלז סי.אר. פרודקשן,,לה קט מעדן דגי אוקיי,יחידה,0.00,יחידה,false,,5.00,0.0000,true,1,63635
7290010814244,false,שלשות שוקולד מריר 85 גרם*3 בלמינט *18 בקרטון,"כרמית תעשיות ממתקים בע""\",,כרמית שוקולד מריר של,יחידה,0.00,יחידה,false,,13.00,0.0000,true,1,64697
7290010822430,false,סאן בנדטו זכוכית 1לי,טמפו 7.5%,,סאן בנדטו 1 ליטר,ליטרים,1.00,ליטר,false,,0.00,0.0000,true,1,188510
7290010838219,false,ממתיק על בסיס צמח הסטיביה - שקיות,"קיפל טבליות וממתיקים בע""מ",,מרמולייט סטיביה 100,יחידה,0.00,יחידה,false,,34.30,0.0000,true,1,73223
7290010838431,false,דאק נוזל לניקוי אסלות זוג בניחוח ים 2*750 מל,מיוצר עי קונדיטוריית,,טואלט דאק 750 זוג כח,ליטרים,1.50,ליטר,false,,22.00,14.6667,true,1,55697
7290010839865,false,רוטב רכז רימונים ויליפוד 320 ג',ניו ג'רסי סטאר סנקס,,וילי פוד רוטב רימוני,מיליליטרים,320.00,"100 מ""ל",false,,13.00,4.0625,true,1,65351
7290010857906,false,קובה 400גרם,,,קובה 400גרם,גרמים,400.00,100 גרם,false,,19.90,0.0497,true,1,73227
7290010857913,false,שושברק 400גרם,,,שושברק 400גרם,יחידה,1.00,יחידה,false,,19.90,19.9000,true,1,75733
7290010857920,false,סמבוסק גבינה וזעתר 4,,,סמבוסק גבינה וזעתר 4,גרמים,400.00,100 גרם,false,,19.90,0.0497,true,1,73228
7290010857951,false,כדורי זיתים 400גר,,,כדורי זיתים 400גר,גרמים,400.00,100 גרם,false,,19.90,0.0497,true,1,64705
7290010925582,false,"גל גיסיקה 1ק""ג",,,"גל גיסיקה 1ק""ג",קילוגרמים,1.00,"ק""ג",false,,25.00,25.0000,true,1,139471
7290010925643,false,סרום בוחארי,,,סרום בוחארי,מיליליטרים,100.00,"100 מ""ל",false,,30.00,30.0000,true,1,79442
7290010945146,false,קוטג' 3% מועשר בסידן טרה 250 ג' מהדרין,קריות זול,,טרה קוטג מועשר 3% 25,גרמים,250.00,100 גרם,false,,5.90,0.0236,true,1,73230
7290010945450,false,גבינה לבנה 3% 250 גר מועשר בסידן וויטמין,הפריט בפיקוח,,טרה גבינה לבנה מהדרי,גרמים,250.00,100 גרם,false,,4.75,0.0190,true,1,73233
7290010962044,false,פול מצרי 560 ג' עדן,,,פול מוצרי A2,יחידה,0.00,יחידה,false,,5.90,0.0000,true,1,114810
7290010962075,false,אפונה וגזר 550 ג' עדן,,,אפונה וגזר 550 גרם ע,גרמים,550.00,100 גרם,false,,5.90,0.0107,true,1,114788
7290010962082,false,גרעיני תירס מתוקה 560 ג' עדן,,,גרעיני תירס מתוק 550,גרמים,550.00,100 גרם,false,,5.90,0.0107,true,1,146919
7290010962105,false,עדן גרעיני תירס מתוק,,,עדן גרעיני תירס מתוק,גרמים,340.00,100 גרם,false,,5.90,0.0174,true,1,115460
7290010962198,false,שעועית אפוייה 570 גר,,,שעועית אפוייה 570 גר,גרמים,570.00,100 גרם,false,,5.90,0.0104,true,1,114814
7290010962303,false,אפונה גינה 600 ג' עדן,,,אפונה גינה A2 עדן,יחידה,0.00,יחידה,false,,5.90,0.0000,true,1,115474
7290011015244,false,פריגת תרכיז תמר הנדי,סירופ - גבעת חיים,,פריגת תרכיז תמר הנדי,ליטרים,3.00,ליטר,false,,39.90,13.3000,true,1,56583
7290011015817,false,קפוא פריגת תפוזים 1,,,קפוא פריגת תפוזים 1,ליטרים,1.00,ליטר,false,,32.00,32.0000,true,1,73242
7290011015862,false,"פריגת סירופ דיאט לימונענע 750 מ""ל",סירופ - גבעת חיים,,פריגת סירופ דיאט לימ,מיליליטרים,750.00,"100 מ""ל",false,,17.90,2.3867,true,1,56140
7290011017866,false,קוקה קולה קלאסי בפחית,החברה המרכזית לייצור משקאות,,משקה קוקה קולה סליק,מיליליטרים,330.00,"100 מ""ל",false,,6.00,1.8182,true,1,80114
7290011017873,false,"פחיות קוקה קולה זירו 330 מ""ל",החברה המרכזית לייצור משקאות,,משקה קוקה קולה זירו,מיליליטרים,330.00,"100 מ""ל",false,,6.00,1.8182,true,1,76724
7290011018283,false,תה קר פיוז אפרסק 1.5,FUZE TEA,,פיוז טי אפרסק 1.5 לי,ליטרים,1.50,ליטר,false,,6.90,4.6000,true,1,70925
7290011018306,false,תה קר פיוז דייאט אפר,FUZE TEA,,פיוז טי דיאט אפרסק 1,ליטרים,1.50,ליטר,false,,6.90,4.6000,true,1,70927
7290011018443,false,"פנטה אורנג פחית סליק 330 מ""ל",החברה המרכזית לייצור משקאות,,משקה פאנטה אורנג סלי,מיליליטרים,330.00,"100 מ""ל",false,,6.00,1.8182,true,1,87807
7290011018580,false,משקה פיוז תה ענבים 1,FUZE TEA,,פיוז טי ענבים 1.5 לי,ליטרים,1.50,ליטר,false,,6.90,4.6000,true,1,86337
7290011018917,false,ק.קולה זירו פרידגפק סליק 330 מל שישייה,החברה המרכזית לייצור משקאות,,קוקה קולה זירו פרידג,מיליליטרים,330.00,"100 מ""ל",false,,19.90,6.0303,true,1,89468
7290011026066,false,"ד""ר פישר - סרקל שמפו + מרכך לילדים 1 ליטר",פישר מעבדות פרמצבטיות בע,,סרקל שמפו + מרכך ליל,ליטרים,1.00,ליטר,false,,27.90,27.9000,true,1,56588
7290011051297,false,שוופס סודה לימון 1.5ליטר,יפאורה שותפות מובגלת לשיווק,,שוופס סודה לימון 1.5,ליטרים,1.50,ליטר,false,,2.90,1.9333,true,1,55701
7290011051327,false,קריסטל אשכוליות מוגז 2ל',יפאורה שותפות מובגלת לשיווק,,קריסטל אשכוליות 2 לי,ליטרים,2.00,ליטר,false,,3.90,1.9500,true,1,56597
7290011051358,false,"שוופס סודה לימון זכוכית 250 מ""ל",יפאורה תבורי בעמ,,שוופס סודה לימון 250,מיליליטרים,250.00,"100 מ""ל",false,,5.00,2.0000,true,1,55702
7290011051365,false,שוופס סודה לימון 4*1,יפאורה תבורי,,שוופס סודה לימון 4*1,ליטרים,1.50,ליטר,false,,11.00,7.3333,true,1,56338
7290011051372,false,שוופס תפוח ליים מוגז1.5ל,יפאורה שותפות מובגלת לשיווק,,שוופס מוגז עדין תפוח,ליטרים,1.50,ליטר,false,,6.50,4.3333,true,1,56339
7290011051389,false,שוופס פירות יער מוגז1.5ל,יפאורה שותפות מובגלת לשיווק,,שוופס מוגז עדין פירו,ליטרים,1.50,ליטר,false,,6.50,4.3333,true,1,55703
7290011051396,false,שוופס מוגז עדין אפרסק 1.5 ליטר,יפאורה שותפות מובגלת לשיווק,,שוופס מוגז עדין אפרס,ליטרים,1.50,ליטר,false,,6.50,4.3333,true,1,58959
7290011051488,false,תה ספרינג אפרסק 1.5 ליטר,יפאורה שותפות מובגלת לשיווק,,ספרינג טי קר אפרסק 1,ליטרים,1.50,ליטר,false,,5.90,3.9333,true,1,56341
7290011051655,false,שוופס ריזלינג מוגז 1.5ל',יפאורה שותפות מובגלת לשיווק,,שוופס מוגז עדין טעם,ליטרים,1.50,ליטר,false,,6.50,4.3333,true,1,60513
7290011051938,false,תפוזינה תפוח רענן 1.5 ל',יפאורה שותפות מובגלת לשיווק,,תפוזינה משקה תפוח רע,ליטרים,1.50,ליטר,false,,5.90,3.9333,true,1,57846
7290011081492,false,גלידה בטעם שלושה שוקולדים 1.33ל' קרמיסימו,"גלידת שטראוס בע""\מ, רחוב",,קרמיסימו נוגט,ליטרים,1.33,ליטר,false,,18.90,14.2105,true,1,65629
7290011113926,false,דאודורנט ספריי טיטניום בלאק Titanium Black,משווק: וסמופארם בעממ,,טיטניום דאודורנט תרס,מיליליטרים,200.00,"100 מ""ל",false,,15.00,7.5000,true,1,73283
7290011115203,false,אל סבון מוצק מבושם בניחוח עדין קלאסיק - מארז רביעיה,טרופיקל דגיל תעשיות,,נקה 7-סבון מוצק ורוד,יחידה,4.00,יחידה,false,,11.90,2.9750,true,1,73290
7290011115258,false,אל סבון מוצק מבושם בניחוח עדין קלאסיק - מארז רביעיה,"גליל כימיכלים בע""מ",,נקה 7 סבון מוצק ירוק,יחידה,4.00,יחידה,false,,11.90,2.9750,true,1,73292
7290011115272,false,אל סבון מוצק מועשר בקרם לחות צמחים - מארז רביעיה,קוסמופארם בע'\'\מ,,נקה 7-סבון מוצק לחות,יחידה,4.00,יחידה,false,,11.90,2.9750,true,1,73294
7290011115289,false,אל סבון מוצק מבושם בניחוח עדין קלאסיק - מארז רביעיה,"גליל כימיכלים בע""מ",,נקה 7- סבון מוצק ליל,יחידה,4.00,יחידה,false,,11.90,2.9750,true,1,73295
7290011115401,false,אל סבון ארומטי מוצק צהוב קמומיל - רביעייה,נקה 7,,סבון מוצק ארומה לבן,יחידה,4.00,יחידה,false,,11.90,2.9750,true,1,73299
7290011126209,false,הגן הקסום תה טעם תפוח וקינמון סיידר ויסוצקי 25 יח',תה ויסוצקי,,תה הגן הקסום תפוח וק,יחידה,0.00,יחידה,false,,17.90,0.0000,true,1,57850
7290011126452,false,הגן הקסום תה בטעם קמומיל ונענע ויסוצקי 25 יחידות,תה ויסוצקי,,תה קמומיל ונענע 25 ש,יחידה,25.00,יחידה,false,,17.90,0.7160,true,1,58045
7290011126469,false,חליטת צמחים וקמומיל הגן הקסום ויסוצקי 25 יחידות,תה ויסוצקי,,תה קמומיל ודבש 1.5 ג,יחידה,25.00,יחידה,false,,17.90,0.7160,true,1,56590
7290011126490,false,תה רויאל גריי ויסוצקי 25 יחידות,תה ויסוצקי,,תה רויאל גריי 25 שק,יחידה,25.00,יחידה,false,,16.00,0.6400,true,1,60516
7290011126940,false,תה ירוק ויסוצקי בתוספת מרווה 25 שקיקים,ויסוצקי ירוק,,תה ירוק בתוספת מרווה,יחידה,25.00,יחידה,false,,24.90,0.9960,true,1,57853
7290011131203,false,תערובת מיזלי גרין תפ,וויטליה,,גרין מוזלי תפוח ודבש,גרמים,250.00,100 גרם,false,,25.40,0.1016,true,1,75862
7290011131364,false,גריו גרנולה פירות 50,וויטליה,,גריו גרנולה פירות 50,גרמים,500.00,100 גרם,false,,15.00,0.0300,true,1,94258
7290011131395,false,"מוזלי בתוספת 30% פירות 1 ק""ג גרין",ויטליאה ניקולה דו,,ירוק מיזלי קראנצ' 30,קילוגרמים,1.00,"ק""ג",false,,25.40,25.4000,true,1,55711
7290011131609,false,"מיזלי מ.שומן 30% פירות 1 ק""ג",ויטליאה ניקולה דו.,,גרין מיזלי מופחת שומ,קילוגרמים,0.00,"ק""ג",false,,27.90,0.0000,true,1,107475
7290011131654,false,מוזלי קראנצ'י ביג מיקס עם פירות ואגוזים,ויטליה ניקולא דו,,גרין מיזלי ביג מיקס,גרמים,1000.00,100 גרם,false,,27.90,0.0279,true,1,105984
7290011131814,false,"מיזלי מיקס חלווה 1 ק""ג",וויטליה,,ירוק מיזלי מיקס חלוו,קילוגרמים,1.00,"ק""ג",false,,25.40,25.4000,true,1,149784
7290011131968,false,"גרנולה בתוספת שקדים ואגוזים גרין 1 ק""ג",ויטליה ניקולא דו,,ירוק גרנולה בתוספת ש,קילוגרמים,1.00,"ק""ג",false,,25.40,25.4000,true,1,55712
7290011131975,false,גרנולה בתוספת פירות מיובשים ומסוכרים,ויטליאה ניקולה דו,,ירוק גרנולה בתוספת פ,קילוגרמים,1.00,"ק""ג",false,,25.40,25.4000,true,1,55713
7290011133252,false,טמפו סודה לימון ליים 4*1.5ל,טמפו משקאות בעמ,,טמפו סודה לימון ליים,ליטרים,1.50,ליטר,false,,10.90,7.2667,true,1,114082
7290011154028,false,תרכיז סיידר תפוחים טהור טעמי הגליל 1.2 ליטר,טעמי הגליל,,תרכיז תפו'ע כשל'פ,מיליליטרים,1200.00,"100 מ""ל",false,,39.90,3.3250,true,1,65741
7290011174040,false,גזר ננסי 800 גרם פרי הגליל,פרי הגליל בעמ,,גזר ננסי 800 גרם,גרמים,800.00,100 גרם,false,,10.90,0.0136,true,1,55714
7290011174231,false,עוגת מוס גבינה אוכמניות קפולסקי 850 גרם,קפולסקי שיווק וקמעונ,,עוגת מוס גבינה עם או,גרמים,850.00,100 גרם,false,,59.90,0.0705,true,1,57858
7290011174323,false,"צ'יפס אמריקאי פרי הגליל 1.5 ק""ג","פרי הגליל בע""""מ",,ציפס אמריקאי 1.5 קיל,יחידה,1.50,יחידה,false,,17.90,11.9333,true,1,57859
7290011174866,false,צ'יפס בטטה פרי הגליל 700 גרם,פרי הגליל,,צ'יפס בטטה 700 גרם,גרמים,700.00,100 גרם,false,,14.90,0.0213,true,1,142421
7290011194215,false,מעדן גבינה ויוגורט בטעם בננה 5% שומן 88 ג' דניאלה,"שטראוס בריאות בע""מ",,"דניאלה בננה 150 מ""ל",מיליליטרים,150.00,"100 מ""ל",false,,4.10,2.7333,true,1,58969
7290011194246,false,קוטג' 5% עם סידן 250 ג' שטראוס,מיוצר עי קונדיטוריית,,קוטג שטראוס 5% עם סי,גרמים,250.00,100 גרם,false,,5.80,0.0232,true,1,57860
7290011194741,false,משקה אקטיביה לבן1.5% 250,מיוצר עי קונדיטוריית,,"אקטיביה משקה 250 מ""ל",יחידה,250.00,יחידה,false,,4.90,0.0196,true,1,56353
7290011215347,false,גבטה 180 קפואה,,,גבטה 180 קפואה,יחידה,0.00,יחידה,false,,4.50,0.0000,true,1,115311
7290011223038,false,בונומי עלים לקרמשניט שכבות אפויות מבצק עלים 300 גרם,בונומי ס.פ.א,,בונומי עלים לקרמשניט,גרמים,300.00,100 גרם,false,,17.00,0.0567,true,1,73318
7290011223045,false,בישקוטים בונומי 200 גרם,בונומי ס.פ.א,,בונומי בישקוטים 200,גרמים,200.00,100 גרם,false,,8.00,0.0400,true,1,56594
7290011223205,false,ריבת חלב ארגנטינאית 454 גרם,אשבל מזון פונקציונלי,,דולקור ריבת חלב 454ג,גרמים,454.00,100 גרם,false,,17.00,0.0374,true,1,73321
7290011223243,false,"טואלט דאק ג'ל לאסלה בניחוח לבנדר 55 מ""ל","איטיליאן פוד, אס.פי.",,ט.דאק ג'ל אסלה ניחוח,יחידה,55.00,יחידה,false,,11.00,0.2000,true,1,56660
7290011223472,false,מגבוני רענון למבוגרי,פרש-וואנס,,מגבוני רענון למבוגרי,יחידה,3.00,יחידה,false,,11.00,3.6667,true,1,55717
7290011239213,false,עמוס חטיפים מתוקים מ,בני ריאד מחרום,,חטיפי מחרום 100 גרם,גרמים,100.00,100 גרם,false,,5.00,0.0500,true,1,70204
7290011239336,false,"חלבה מחרום ללת""ס 400 גרם","בני ריאד מחרום בע""מ",,חלבה ללא תוספת סוכר,גרמים,400.00,100 גרם,false,,19.90,0.0497,true,1,183368
7290011239404,false,חטיפים שונים ארוזים330ג,"בני ריאד מחרום בע""מ",,חטיפים שונים ארוזים,גרמים,330.00,100 גרם,false,,14.90,0.0452,true,1,136892
7290011239657,false,רחת לוקום ארוז קוביות500,"בני ריאד מחרום בע""מ",,רחת לוקום ארוז קוביו,גרמים,500.00,100 גרם,false,,14.90,0.0298,true,1,136893
7290011242008,false,קפה טחון דבאח עם היל,,,"קפה טחון דבאח 1 ק""ג",קילוגרמים,1.00,"ק""ג",false,,50.00,50.0000,true,1,65634
7290011242039,false,קפה טחון דבאח 250 גר,,,קפה טחון דבאח 250 גר,גרמים,250.00,100 גרם,false,,13.90,0.0556,true,1,67406
7290011242138,false,הום נוזל לניקוי כלים,,,הום נוזל לניקוי כלים,יחידה,0.00,יחידה,false,,0.00,0.0000,true,1,188640
7290011242145,false,הום נוזל לניקוי כלים,,,הום נוזל לניקוי כלים,יחידה,0.00,יחידה,false,,0.00,0.0000,true,1,188641
7290011242190,false,כוסמת 800 גרם,,,כוסמת 800 גרם,גרמים,800.00,100 גרם,false,,7.90,0.0099,true,1,70209
7290011242199,false,הום נוזל לניקוי רצפו,,,הום נוזל לניקוי רצפו,יחידה,0.00,יחידה,false,,0.00,0.0000,true,1,188869
7290011242220,false,הום נוזל לניקוי רצפו,,,הום נוזל לניקוי רצפו,יחידה,0.00,יחידה,false,,0.00,0.0000,true,1,188870
7290011242237,false,עדשים 800 גרם,,,עדשים 800 גרם,גרמים,800.00,100 גרם,false,,9.90,0.0124,true,1,65743
7290011242244,false,עדשים ירוקות קטנות 8,,,עדשים ירוקות קטנות 8,גרמים,800.00,100 גרם,false,,9.90,0.0124,true,1,65638
7290011242251,false,עדשים ירוקות גדולות,,,עדשים ירוקות גדולות,גרמים,800.00,100 גרם,false,,9.90,0.0124,true,1,65490
7290011242268,false,עדשים אדומות 800 גרם,,,עדשים אדומות 800 גרם,גרמים,800.00,100 גרם,false,,9.90,0.0124,true,1,65491
7290011242275,false,גרעיני תירס פופקורן,,,תירס פופקורן 800 גרם,גרמים,800.00,100 גרם,false,,7.90,0.0099,true,1,65492
7290011242282,false,גרעיני תורמוס 800 גר,,,תורמוס מתוק 800 גרם,גרמים,800.00,100 גרם,false,,7.90,0.0099,true,1,64722
7290011242298,false,הום נוזל לניקוי רצפו,,,הום נוזל לניקוי רצפו,יחידה,0.00,יחידה,false,,0.00,0.0000,true,1,188874
7290011242299,false,גרעיני חיטה 800 גרם,,,גרעיני חיטה 800 גרם,גרמים,800.00,100 גרם,false,,5.90,0.0074,true,1,63785
7290011242329,false,גרעיני חומוס 800 גרם,,,גרעיני חומוס 800 גרם,גרמים,800.00,100 גרם,false,,9.90,0.0124,true,1,67412
7290011242336,false,גרעיני פול 700 גרם,,,גרעיני פול 700 גרם,גרמים,700.00,100 גרם,false,,14.90,0.0213,true,1,65835
7290011242350,false,הום ג'ל כביסה 3 ליטר,,,הום ג'ל כביסה 3 ליטר,יחידה,0.00,יחידה,false,,0.00,0.0000,true,1,192690
7290011242367,false,גרעיני שעועית לבנה 8,,,שעועית לבנה 800 גרם,גרמים,800.00,100 גרם,false,,9.90,0.0124,true,1,65744
7290011242374,false,בורגול דק 800 גרם,,,בורגול דק 800 גרם,גרמים,800.00,100 גרם,false,,4.90,0.0061,true,1,65363
7290011242381,false,בורגול עבה 800 גרם,,,בורגול עבה 800 גרם,גרמים,800.00,100 גרם,false,,4.90,0.0061,true,1,64724
7290011242435,false,פריקה 800 גרם,,,פריקה 800 גרם,גרמים,800.00,100 גרם,false,,14.90,0.0186,true,1,67413
7290011242459,false,הום מרכך כביסה 4 ליט,,,הום מרכך כביסה 4 ליט,יחידה,0.00,יחידה,false,,0.00,0.0000,true,1,188842
7290011242466,false,הום מרכך כביסה 4 ליט,,,הום מרכך כביסה 4 ליט,יחידה,0.00,יחידה,false,,0.00,0.0000,true,1,189760
7290011242602,false,הום נוזל לניקוי רצפו,,,הום נוזל לניקוי רצפו,יחידה,0.00,יחידה,false,,0.00,0.0000,true,1,193221
7290011242626,false,צימוקים בהירים 300 ג,,,צימוקים בהירים 300 ג,יחידה,0.00,יחידה,false,,12.90,0.0000,true,1,151234
7290011242756,false,"קפה ירוק 2ק""ג",,,"קפה ירוק 2ק""ג",קילוגרמים,2.00,"ק""ג",false,,50.00,25.0000,true,1,70218
7290011242770,false,אננס מיובש בטעם מנגו,,,אננס מיובש בטעם מנגו,יחידה,0.00,יחידה,false,,9.90,0.0000,true,1,151261
7290011242787,false,רצועות קוקוס 200 גרם,,,רצועות קוקוס 200 גרם,יחידה,0.00,יחידה,false,,9.90,0.0000,true,1,151264
7290011242817,false,בוטנים קלויים עם קלי,,,בוטנים קלויים עם קלי,גרמים,400.00,100 גרם,false,,9.90,0.0248,true,1,67417
7290011249212,false,וופל עלמה בלגי לימון 200 גר' ללא סוכר,"גילרו בע""מ",,וופל בלגי לימון 200,גרמים,200.00,100 גרם,false,,3.90,0.0195,true,1,73326
7290011249748,false,רולים גלילי ופל במילוי קרם שוקולד 100 ג' עלמה,"גילרו בע""מ",,רולים שוקו 100 גרם,יחידה,0.00,יחידה,false,,3.90,0.0000,true,1,114736
7290011249755,false,רולים גלילי ופל במילוי קרם אגוזים 100 ג' עלמה,"גילרו בע""מ",,רולים אגוז 100 גרם,יחידה,0.00,יחידה,false,,3.90,0.0000,true,1,114737
7290011302818,false,שעווה חמאדה סטייל,,,שעווה טבעית,יחידה,0.00,יחידה,false,,17.90,0.0000,true,1,73333
7290011302900,false,ערמוני אלטאי פרימיום,,,ערמוני אלטאי פרימיום,יחידה,0.00,יחידה,false,,24.90,0.0000,true,1,163459
7290011302962,false,ערמונים טריים אלטאי,מוצר חקלאי טרי,,ערמוני אלטאי,יחידה,0.00,יחידה,false,,24.90,0.0000,true,1,106363
7290011316587,false,"נוזל שמשות 4 ל""",,,"נוזל שמשות 4 ל""",ליטרים,4.00,ליטר,false,,11.90,2.9750,true,1,84550
7290011323073,false,אקווה ואקס,,,אקווה ואקס,יחידה,0.00,יחידה,false,,25.00,0.0000,true,1,73335
7290011378257,false,חטיף חלבה בטעם וניל ללא תוספת סוכר בתוספת פיסטוק ופקאן,"רושדי תעשיות מזון בע""\מ",,בארכה חטיף חלבה פקאן,גרמים,120.00,100 גרם,false,,11.90,0.0992,true,1,92359
7290011378301,false,חלבה ללא סוכר אלהילאל 350 ג',,,אלהילאל חלבה ללא סוכ,גרמים,350.00,100 גרם,false,,14.90,0.0426,true,1,55724
7290011378349,false,חלבה קלאסית וניל 350 ג' אלהילאל,,,אלהילאל חלבה קלאסית,גרמים,350.00,100 גרם,false,,12.90,0.0369,true,1,56610
7290011378356,false,חלבה קלאסית שוקו וניל 350 ג' אלהילאל,,,אלהילאל חלבה קלאסית,גרמים,350.00,100 גרם,false,,12.90,0.0369,true,1,58005
7290011378363,false,חלבה קלאסית וניל 700 ג' אלהילאל,General,,חלבה קלאסית וניל 700,גרמים,700.00,100 גרם,false,,24.90,0.0356,true,1,58979
7290011378370,false,חלבה קלאסית שוקו וניל 700 ג' אלהילאל,General,,אלהילאל חלבה קלאסית,גרמים,700.00,100 גרם,false,,24.90,0.0356,true,1,55725
7290011378387,false,אלהילאל חלבה שאמרית,,,אלהילאל חלבה שאמרית,גרמים,700.00,100 גרם,false,,29.90,0.0427,true,1,56672
7290011378394,false,"חלבה נאבלסיה שוקו 1.3 ק""ג אלהילאל",,,אלהילאל חלבה קלאסית,קילוגרמים,1.30,"ק""ג",false,,39.90,30.6923,true,1,55726
7290011378400,false,"חלבה קלאסית וניל אלהילאל 1.3 ק""ג",,,אלהילאל חלבה קלאסית,קילוגרמים,1.30,"ק""ג",false,,39.90,30.6923,true,1,55727
7290011378837,false,פרוסות חלבה פולי קקאו 400 ג' אלהילאל,,,פרוסות חלווה פולה קק,גרמים,400.00,100 גרם,false,,14.90,0.0373,true,1,87888
7290011378844,false,פרוסות חלבה פיסטוק 400 ג' אלהילאל,,,פרוסות חלבה פיסטוק,גרמים,400.00,100 גרם,false,,14.90,0.0373,true,1,87887
7290011379018,false,מארז משפחתי שמפיניון 500 ג' מרינה,מרינה פטריות הגליל,,מארז זוג פטריות מרינ,יחידה,0.00,יחידה,false,,14.90,0.0000,true,1,73340
7290011418076,false,תילקס לימונענע 40 שק,,,תילקס לימונענע 40 שק,יחידה,40.00,יחידה,false,,29.90,0.7475,true,1,77796
7290011418083,false,תילקס קינמון 40 שקיו,,,תילקס קינמון 40 שקיו,יחידה,40.00,יחידה,false,,29.90,0.7475,true,1,77798
7290011418090,false,תילקס פירות טרופיים,,,תילקס פירות טרופיים,יחידה,40.00,יחידה,false,,29.90,0.7475,true,1,77797
7290011431198,false,"נייר כסף דמוי דימונד 200 שמאי כשל""פ עד""ח",,,נייר כסף 60.9 מטר 18,יחידה,0.00,יחידה,false,,24.90,0.0000,true,1,151227
7290011431341,false,"מזלג איכותי שמאי 100 יחי' כשל""פ עד""ח",,,מזלג לבן ארוז 100 יח,יחידה,0.00,יחידה,false,,4.90,0.0000,true,1,147087
7290011431358,false,כפיות איכותי ר. שמאי 100 יחי' כשל''פ עד''ח,,,כפיות לבן ארוז 100 י,יחידה,0.00,יחידה,false,,4.90,0.0000,true,1,147088
7290011431372,false,"לפתניות צבעוני 25 יח' שמאי כשל""פ עד""ח",,,לפתניות צבעוני 25 יח,יחידה,0.00,יחידה,false,,2.90,0.0000,true,1,155508
7290011431389,false,"צלחות מרק צבעוני 25 יח' ר. שמאי עד""ח",,,צלחות מרק צבעוני 25,יחידה,0.00,יחידה,false,,4.90,0.0000,true,1,147100
7290011431396,false,"צלחות קטן צבעוני 25 יח' שמאי כשל""פ עד""ח",,,צלחות קטן צבעוני 25,יחידה,0.00,יחידה,false,,4.90,0.0000,true,1,147101
7290011431419,false,"צלחות גדול צבעוני 25 יח' שמאי כשל""פ עד""ח",,,צלחות גדול צבעוני 25,יחידה,0.00,יחידה,false,,6.90,0.0000,true,1,147102
7290011431433,false,קעריות אובליות צבעוני שמאי 25 יח',,,קעריות אובלי צבעוני,יחידה,25.00,יחידה,false,,3.90,0.1560,true,1,146037
7290011431495,false,"אלכוהול 1000 סמ""ק עד""ח",,,שמאי - אלכוהול 100 מ,יחידה,0.00,יחידה,false,,0.00,0.0000,true,1,192865
7290011431501,false,שקיות אשפה 75/90 אפור עבה מאוד שמאי 25 יח',,,ש.אשפה LD 25 75/90-,יחידה,25.00,יחידה,false,,17.90,0.7160,true,1,144497
7290011431556,false,מיכל אחסון 4.5 קילו שמאי 2 יח',,,שמאי - זוג מיכלים 4.,יחידה,0.00,יחידה,false,,8.90,0.0000,true,1,148178
7290011431570,false,מיכל אחסון 3 קילו שמאי 2 יח',,,שמאי - מיכל 3 ליטר ז,יחידה,0.00,יחידה,false,,8.90,0.0000,true,1,148180
7290011431631,false,תבניות *פרימיום* מאפינס אמריקאי ארוז 5 יח' ר. שמאי,.,,מגש אלומיניום מאפינס,יחידה,5.00,יחידה,false,,8.90,1.7800,true,1,144518
7290011431648,false,תבניות *פרימיום* אליפסה אמריקאי ארוז 5 יח' 1-2 ר. שמאי,.,,מגש אלומיניום אליפסה,יחידה,4.00,יחידה,false,,8.90,2.2250,true,1,144519
7290011431679,false,כפפות לטקס -M- שמאי 100 יח',,,כפפות לטקס 100 יח' M,יחידה,100.00,יחידה,false,,19.90,0.1990,true,1,144505
7290011431693,false,כפפות לטקס XL אריזת 100 יח',,,כפפות לטקס 100 יח' X,יחידה,100.00,יחידה,false,,19.90,0.1990,true,1,144507
7290011431709,false,טישו לאף פרימיום מארז 100X5יח',,,שמאי נייר טישו חמישי,יחידה,5.00,יחידה,false,,9.90,1.9800,true,1,149424
7290011431785,false,תבניות ארוזות C60 עגול עמוק שמאי 5 יח',.,,תבניות ארוזות C60 עג,יחידה,0.00,יחידה,false,,8.90,0.0000,true,1,148183
7290011431808,false,מפות 45 מטר עבה מאוד כחול קריסטלי שמאי כשלפ עדח,,,שמאי - מפה גליל 45 מ,יחידה,0.00,יחידה,false,,0.00,0.0000,true,1,188092
7290011431853,false,מפות שמיניות שקוף עבה כתום שמאי,,,שמאי - מפות 8 יחי',יחידה,0.00,יחידה,false,,9.90,0.0000,true,1,162142
7290011431907,false,תבניות ארוזות R64 חל,,,תבניות ארוזות R64 חל,יחידה,0.00,יחידה,false,,8.90,0.0000,true,1,148184
7290011431921,false,תבניות אינגליש קייק,,,תבניות ארוזות R88 אי,יחידה,0.00,יחידה,false,,8.90,0.0000,true,1,148186
7290011431938,false,תבניות אלומיניום עגולות ענקיות,,,תבניות ארוזות C10 עג,יחידה,0.00,יחידה,false,,8.90,0.0000,true,1,148187
7290011431945,false,תבניות אלומיניום קטנות 22.5X17.5X3.5,,,תבניות ארוזות R29 קט,יחידה,0.00,יחידה,false,,8.90,0.0000,true,1,148188
7290011431952,false,תבניות אלומיניום בינוניות 31.5X22X4.5,,,תבניות ארוזות R2 בינ,יחידה,0.00,יחידה,false,,8.90,0.0000,true,1,148189
7290011431969,false,תבניות אלומיניום ענקיות 39.3X33.5X5,,,תבניות ארוזות R99 ענ,יחידה,0.00,יחידה,false,,8.90,0.0000,true,1,148190
7290011431976,false,תבניות אלומיניום גדולות 32X26X5,,,תבניות ארוזות R31 גד,יחידה,10.00,יחידה,false,,8.90,0.8900,true,1,148191
7290011431983,false,"כוסיות ליקר איכותי 40 יח' כשל""פ עד""ח שמאי",,,כוסיות ליקר איכותי 4,יחידה,0.00,יחידה,false,,6.90,0.0000,true,1,149245
7290011447014,false,מטרנה דייסת סלט פירות 200 גרם,מטרנה תעשיות ש.מ,,מטרנה דייסת סלט פירו,גרמים,200.00,100 גרם,false,,13.80,0.0690,true,1,55892
7290011447281,false,מטרנה פרימיום חלבי שלב 2 700 גרם חיסכון,מטרנה תעשיות ש.מ,,מטרנה חלבי שלב 2 חיס,גרמים,700.00,100 גרם,false,,49.90,0.0713,true,1,55894
7290011447304,false,מטרנה פרימיום חלבי שלב 3 700 גרם חיסכון,מטרנה תעשיות ש.מ,,מטרנה חלבי שלב 3 חיס,גרמים,700.00,100 גרם,false,,49.90,0.0713,true,1,56367
7290011461058,false,גומא - מקלות ריחניים,יושלם,,מוסקו ריחניים ב 20 ש,יחידה,0.00,יחידה,false,,20.00,0.0000,true,1,73346
7290011468132,false,"דלי טחינה הנסיך 3 ק""",,,"דלי טחינה הנסיך 3 ק""",קילוגרמים,3.00,"ק""ג",false,,59.90,19.9667,true,1,76738
7290011468323,false,אמיר טחינה 450 גרם,,,אמיר טחינה 450 גרם,גרמים,450.00,100 גרם,false,,11.90,0.0264,true,1,147000
7290011468330,false,אמיר טחינה 900 גרם,,,אמיר טחינה 900 גרם,גרמים,900.00,100 גרם,false,,21.90,0.0243,true,1,147331
7290011468460,false,טחינה אמיתית הנסיך 450 ג,STRAUSS-ISRAEL,,הנסיך טחינה אמיתית 4,גרמים,450.00,100 גרם,false,,15.90,0.0353,true,1,179218
7290011468941,false,חלווה אלאמיר מיקס אג,,,חלווה אלאמיר מיקס אג,גרמים,700.00,100 גרם,false,,0.00,0.0000,true,1,197811
7290011499051,false,פטה כבשים מסורתית 20% בגביע 250 גרם - רובין,MKN עבור מחלבות גד ב,,גד פטה כבשים גביע 20,גרמים,250.00,100 גרם,false,,23.90,0.0956,true,1,63811
7290011499105,false,בולגרית מסורתית 5% 250 גרם -רבנות,ג'נרל מילס סאן אדריא,,גד בולגרית 5% 250ג,גרמים,250.00,100 גרם,false,,21.90,0.0876,true,1,65578
7290011499112,false,בולגרית מסורתית 16% 250 גרם - רבנות,"מיוצר ע""י dsh",,גד בולגרית 16% 250 ג,גרמים,250.00,100 גרם,false,,21.90,0.0876,true,1,63812
7290011499303,false,פטה עיזים מעודנת 5% בגביע 250 גרם - רבנות,ג'נרל מילס סאן אדריא,,גד בולגרית עזים מעוד,גרמים,250.00,100 גרם,false,,29.90,0.1196,true,1,70228
7290011499334,false,גבינת קממבר צאן 125 גרם,מחלבות גד,,גד קממבר צאן 25% 125,גרמים,125.00,100 גרם,false,,17.90,0.1432,true,1,65854
7290011499365,false,גד חלומי 24% 200 גרם רובין,"מחלבות גד בע""\מ",,גד חלומי 24% 200ג,גרמים,200.00,100 גרם,false,,21.90,0.1095,true,1,63914
7290011499419,false,גבינה במרקם שמנת בטעם טבעי 5% ניו יורק,גבינות מדף,,גד גבינה במרקם שמנת,גרמים,200.00,100 גרם,false,,11.50,0.0575,true,1,154125
7290011499624,false,שמנת 30% ניו יורק טבעי 200 גרם רבנות,גבינות מדף,,גד ניו יורק גבינת שמ,גרמים,200.00,100 גרם,false,,13.90,0.0695,true,1,63916
7290011499631,false,גבינת שמנת 30%ירקות 200ג,מחלבות גד,,גד שמנת ניו יורק 30%,גרמים,200.00,100 גרם,false,,12.90,0.0645,true,1,154126
7290011499853,false,שמנת 30% ניו יורק זיתים מחלבות גד,מחלבות גד (שיווק 199,,גד ניו יורק גבינת שמ,גרמים,200.00,100 גרם,false,,12.90,0.0645,true,1,65872
7290011505424,false,נובי מימיה עם קשית ש,LTD E.L.CO,,נובי מימיה עם קשית ש,יחידה,0.00,יחידה,false,,0.00,0.0000,true,1,189003
7290011505806,false,קיסמי שיניים דנטאליים מפלסטיק 200 יחידות בחבית,W.H.J.C. Co,,קיסמי שיניים דנטאליי,יחידה,0.00,יחידה,false,,0.00,0.0000,true,1,189899
7290011518561,false,"אקטימל תות 1.51 ק""ג מארז 14 יחידות",מיוצר עי קונדיטוריית,,אקטימל תות משפחתי 14,ליטרים,1.40,ליטר,false,,28.90,20.6429,true,1,59114
7290011524548,false,גרגירי חומוס פרי הגליל 800 גרם,"פרי הגליל בע""""מ",,פרי הגליל גרגירי חומ,גרמים,800.00,100 גרם,false,,11.90,0.0149,true,1,56681
7290011524555,false,שעועית לבנה אפויה 800 ג' פרי הגליל,"פרי הגליל בע""""מ",,פרי גליל שעועית לבנה,גרמים,800.00,100 גרם,false,,11.90,0.0149,true,1,60537
7290011524951,false,פולי סויה קפוא 450 ג,"פרי הגליל בע""""מ",,פולי סויה 450 גרם,גרמים,450.00,100 גרם,false,,11.90,0.0264,true,1,56535
7290011524968,false,פולי סויה מוקפאים Green & Fresh,גרין אנד פרש Green & Fresh,,"פולי סויה קפוא 1ק""ג",קילוגרמים,1.00,"ק""ג",false,,15.90,15.9000,true,1,121563
7290011530549,false,מיקס פירות קפואים שייק איט ורוד - 3*150 ג',"הבו-קדו בע""מ",,שייק איט יום ראשון,יחידה,0.00,יחידה,false,,0.00,0.0000,true,1,188073
7290011570088,false,ממרח ריבת חלב לייט ללא תוספת סוכר,Satko ltd,,קונדיטור ריבת חלב לי,גרמים,400.00,100 גרם,false,,20.00,0.0500,true,1,73366
7290011570798,false,"קמח כרגיל ללא גלוטן בטעם שוקולד אשבל 1 ק""ג",אשבל מזון פונקציונלי בע\,,קמח כרגיל בטעם שוקול,גרמים,450.00,100 גרם,false,,19.90,0.0442,true,1,169360
7290011575243,false,"דבק לבדים 30 מ""ל יעק",,,"דבק לבדים 30 מ""ל יעק",יחידה,0.00,יחידה,false,,20.00,0.0000,true,1,77916
7290011575281,false,דבק מגע שפורפרת מקצ,יעקובי,,דבק מגע שפורפרת מקצ,יחידה,0.00,יחידה,false,,15.00,0.0000,true,1,56539
7290011575328,false,מדביק הכל לכל,,,מדביק הכל לכל,יחידה,0.00,יחידה,false,,19.90,0.0000,true,1,89545
7290011587086,false,תומר תירס גמדי שלם 3,,,תומר תירס גמדי שלם 3,קילוגרמים,3.00,"ק""ג",false,,26.90,8.9667,true,1,169361
7290011587093,false,תירס גמדי שלם במי מלח480,פוג'אן טונגפה,,תירס גמדי 400 גר,גרמים,400.00,100 גרם,false,,5.90,0.0148,true,1,86270
7290011587758,false,אטריות נודלס דק 200 גר' -תומר,אופאל,,תומר נודלס איטריות 2,גרמים,200.00,100 גרם,false,,3.00,0.0150,true,1,56687
7290011587857,false,עגבניות מיובשות בשמן חמניות ועשבי תיבול,סנטו דידה סאן,,עגבניות מיובשות מתוב,גרמים,250.00,100 גרם,false,,12.00,0.0480,true,1,95210
7290011587956,false,רוטב צ'ילי מתוק 700 ג' תומר,,,רוטב צילי 700 מתוק,מיליליטרים,700.00,"100 מ""ל",false,,10.00,1.4286,true,1,58232
7290011587963,false,רוטב צ'ילי חריף 700 ג' תומר,Baaeco v food ltd pa,,רוטב צילי 700 חריף,יחידה,700.00,יחידה,false,,12.00,0.0171,true,1,58030
7290011593704,false,"שמן זית סורי 750 מ""ל סבא חביב",,,"שמן זית סורי 750 מ""ל",מיליליטרים,750.00,"100 מ""ל",false,,39.90,5.3200,true,1,153896
7290011598402,false,מקסימה מרכך כביסה ארומתרפי מאסק סנו 4 ליטר,"סנו מפעלי ברונוס בע""\מ",,מרכך כביסה סנו מקסימ,ליטרים,4.00,ליטר,false,,19.90,4.9750,true,1,63921
7290011607180,false,"אבקת כביסה קולון 101 1.25 ק""ג",ריקט בנקיזר ( ניר אי,,קולון101 אבקת כביסה,קילוגרמים,1.25,"ק""ג",false,,14.90,11.9200,true,1,56546
7290011615260,false,"טורטייה 20 ס""מ קוטר וילי פוד 540 גר",מוטלוקל גידה סאנאי ט,,וילי פוד עלי טורטיה,גרמים,540.00,100 גרם,false,,11.00,0.0204,true,1,73372
7290011615277,false,"עלי טורטיוה קמח חיטה 25ס""מ 12יח' ויליפוד 840 ג'",מוטלוקל גידה סאנאי ט,,וילי פוד עלי טורטיה,גרמים,840.00,100 גרם,false,,16.00,0.0190,true,1,67680
7290011615406,false,בולגרית בקוביות בשמן ותבלינים הבולגריה 325 ג' קוליוס,"קוליוס אס. איי, גריק",,הבולגריה בקוביות (בש,גרמים,325.00,100 גרם,false,,13.90,0.0428,true,1,65785
7290011618124,false,נגיסי אורז לתינוקות בטעם ירקות,גואנז'ו יונג וואנט פ,,בייבי ביס נגסי אורז,יחידה,0.00,יחידה,false,,13.90,0.0000,true,1,58234
7290011618131,false,"בייבי ביס חטיף אורז כשל""פ בטעם גזר",גואנז'ו יונג וואנט פ,,בייבי ביס נגסי אורז,יחידה,0.00,יחידה,false,,13.90,0.0000,true,1,56549
7290011618216,false,נגיסי אורז בייבי ביס בננה 50 גרם,גואנז'ו יונג וואנט פ,,בייבי ביס לתינוקות ב,גרמים,50.00,100 גרם,false,,13.90,0.2780,true,1,56550
7290011618483,false,רייד מכשיר חשמלי + 2נוזל 90לילות,"איטיליאן פוד, אס.פי.",,רייד קוטל יתושים חשמ,יחידה,0.00,יחידה,false,,39.90,0.0000,true,1,56551
7290011622428,false,כתמטמינים-חטיף בריאות לתינוקות וילדים 45 ג',מיוצר עבור גולדן האר,,כתמטמינים-חטיף בריאו,גרמים,40.00,100 גרם,false,,5.90,0.1475,true,1,103543
7290011668136,false,מסיכה לשיער מחליקה 1 ליטר פנינה רוזנבלום,פנינה רוזנבלום PR,,"מסיכה מחליקה 1 ק""ג פ",גרמים,1000.00,100 גרם,false,,32.00,0.0320,true,1,56821
7290011668143,false,מסיכה משקמת ומטפחת לשיער צבוע ופגום,פנינה רוזנבלום PR,,"מסיכה משקמת 1 ק""ג פנ",גרמים,1000.00,100 גרם,false,,32.00,0.0320,true,1,58033
7290011668389,false,"קרם ידיים רימונים 100 מ""ל פנינה רוזנבלום",,,קרם ידיים רימונים 10,מיליליטרים,100.00,"100 מ""ל",false,,13.90,13.9000,true,1,55909
7290011668402,false,"שמפו לשיער לגבר פנינה רוזנבלום 750 מ""ל",פנינה רוזנבלום,,שמפו גבר פנינה 750 מ,מיליליטרים,750.00,"100 מ""ל",false,,11.00,1.4667,true,1,56822
7290011668419,false,"שמפו אובלפיחה לשיער רגיל 750 מ""ל פנינה רוזנבלום",פנינה רוזנבלום,,שמפו אובלי יומי פנינ,מיליליטרים,750.00,"100 מ""ל",false,,11.00,1.4667,true,1,56796
7290011668426,false,"מרכך אובלפיחה לשיער רגיל 750 מ""ל פנינה רוזנבלום",פנינה רוזנבלום,,מרכך אובלי יומי פנינ,מיליליטרים,750.00,"100 מ""ל",false,,11.00,1.4667,true,1,60550
7290011668433,false,"שמפו לשיער צבוע שיאה 750 מ""ל פנינה רוזנבלום",פנינה רוזנבלום,,שמפו שיאה שיער צבוע,מיליליטרים,750.00,"100 מ""ל",false,,11.00,1.4667,true,1,59126
7290011668457,false,"שמפו שמן זית לשיער גלי 750 מ""ל פנינה רוזנבלום",פנינה רוזנבלום,,שמפו שמן זית גלי פני,מיליליטרים,750.00,"100 מ""ל",false,,11.00,1.4667,true,1,60551
7290011668471,false,"שמפו רימונים לשיער דק 750 מ""ל פנינה רוזנבלום",פנינה רוזנבלום,,שמפו רימונים דק פנינ,מיליליטרים,750.00,"100 מ""ל",false,,11.00,1.4667,true,1,60553
7290011668570,false,בריא מהטבע גרנולה פירות יבשים 450 גרם פנינה רוזנבלום,בריא מהטבע פנינה רוזנבלום,,פ.רוזנבלום גרנולה פי,גרמים,500.00,100 גרם,false,,26.50,0.0530,true,1,85083
7290011668587,false,בריא מהטבע גרנולה בטעם עשיר 500 גרם פנינה רוזנבלום,בריא מהטבע פנינה רוזנבלום,,פ.רוזנבלום גרנולה טע,גרמים,500.00,100 גרם,false,,26.50,0.0530,true,1,75865
7290011668594,false,בריא מהטבע תוספת בריאה לסלט 550 גרם פנינה רוזנבלום,בריא מהטבע פנינה רוזנבלום,,פנינה תוספת בריאה לס,גרמים,550.00,100 גרם,false,,37.90,0.0689,true,1,82159
7290011695651,false,צנימים עגולים 300 גרם נאמן,S.P.A ניולט,,צנימים עגולים 300גרם,גרמים,300.00,100 גרם,false,,10.90,0.0363,true,1,65086
7290011695712,false,חמאת בוטנים עם שברי 510 ג' NEEMAN,SUPER NUTRI,,חמאת בוטנים גדול 510,גרמים,510.00,100 גרם,false,,11.90,0.0233,true,1,147013
7290011695958,false,"חומץ תפוחים נאמן 750 מ""ל",הילל תעשיות,,חומץ תפוחים 6% 750 מ,מיליליטרים,750.00,"100 מ""ל",false,,11.90,1.5867,true,1,63929
7290011745707,false,משחת שיניים פרונמל Pro namel לילדים לגילאי 6-12,גלקסו סמית קליין,,סנסודיין פרונמל ילדי,יחידה,0.00,יחידה,false,,16.90,0.0000,true,1,58245
7290011765101,false,"קרמה - קצף גילוח כתום 200 מ""ל",קוסמופארם,,קצף גילוח קרמה רגיל,מיליליטרים,200.00,"100 מ""ל",false,,12.90,6.4500,true,1,70248
7290011773090,false,"אמה דלי 16 ק""ג",,,"אמה דלי 16 ק""ג",יחידה,0.00,יחידה,false,,65.00,0.0000,true,1,73379
7290011851606,false,סחלב תערובת הכנה 500 ג',י.כהן,,חדש סחלב 500 גרם,גרמים,500.00,100 גרם,false,,16.90,0.0338,true,1,65596
7290011860271,false,ביסבול כדורי פירה מתפוחי אדמה תפוגן 700 גרם,"תעשיות תפוגן בע""\מ",,תפוגן ביס בול טבעי 7,גרמים,700.00,100 גרם,false,,15.90,0.0227,true,1,77175
7290011860325,false,כדורי תפוא ביסבול בצ,תפוגן,,תפוגן ביס בול בצל 70,גרמים,700.00,100 גרם,false,,15.90,0.0227,true,1,56834
7290011876494,false,שניצל עוף תירס 750 ג' מאמא עוף,תנובה גליל,,מאמא עוף קפוא שניצל,גרמים,750.00,100 גרם,false,,34.90,0.0465,true,1,59133
7290011876821,false,"אצבעות הודו ועוף שומשום 1ק""ג מאמא עוף",,,מאמאעוף אצבעות הודו,קילוגרמים,1.00,"ק""ג",false,,35.90,35.9000,true,1,105026
7290011877101,false,"סנומוד מטהר אוויר מאסק סנו 150 מ""ל",מיוצר עי קונדיטוריית,,musk סנומוד הקולקציה,מיליליטרים,150.00,"100 מ""ל",false,,10.90,7.2667,true,1,70254
7290011912642,false,ליסטרין שטיפת פה הגנה על השיניים והחניכי,ג'\ונסון אנד ג'\ונסון,,ליסטרין מי פה טאגד 5,,500.00,100 ליטר,false,,0.00,0.0000,true,1,187561
7290011920722,false,קלין מסיר כל כתם בתר,,,קלין מסיר כל כתם בתר,יחידה,0.00,יחידה,false,,0.00,0.0000,true,1,188778
7290011942007,false,פיתה לבנונית גדול,,,פיתה לבנונית גדול,יחידה,0.00,יחידה,false,,14.90,0.0000,true,1,76716
7290011947316,false,זיתא זיתי קלמטה בשמן זית כתית מעולה 215ג,זיתא - י.ט.ב תעשיות,,זיתא זיתי קלמטה בשמן,גרמים,0.00,גרם,false,,13.90,0.0000,true,1,106154
7290012000454,false,סחלב אלזהראא 60 גרם,,,סחלב אלזהראא 60 גרם,יחידה,0.00,יחידה,false,,5.00,0.0000,true,1,138600
7290012000485,false,מי זהר אלזהראא 650 מ,,,מי זהר אלזהראא,גרמים,650.00,100 גרם,false,,9.90,0.0152,true,1,73408
7290012000492,false,"מי וורדים 650 מ""ל אלזהראא",,,מי ורדים 1 ליטר,ליטרים,1.00,ליטר,false,,9.90,9.9000,true,1,110277
7290012000508,false,"חומץ פירות לבן 650 צ""ל",,,חומץ פירות טבעי 650,מיליליטרים,650.00,"100 מ""ל",false,,9.90,1.5231,true,1,182733
7290012000515,false,חומץ תפוחים טבעי 650,,,חומץ תפוחים טבעי 650,מיליליטרים,650.00,"100 מ""ל",false,,9.90,1.5231,true,1,73410
7290012000522,false,"סחלב אלזהראא 1 ק""ג",,,"סחלב אלזהראא 1 ק""ג",קילוגרמים,1.00,"ק""ג",false,,19.90,19.9000,true,1,138598
7290012000553,false,אסאנס מי זהר 30 גרם,,,אסאנס מי זהר,יחידה,0.00,יחידה,false,,9.90,0.0000,true,1,114202
7290012000645,false,אסאנס מי ורד 30 גרם,,,אסאנס מי ורד,יחידה,0.00,יחידה,false,,9.90,0.0000,true,1,175940
7290012001321,false,קטשופ היינץ עומד על הראש 567 גר',היינץ,,מתבל עגבניות 567 גרם,גרמים,567.00,100 גרם,false,,0.00,0.0000,true,1,188547
7290012001994,false,חרדל דיז'ון גרעינים 350 ג' ריין דיזון,ריין דיז'ון reine dijon,,חרדל דיגון גרעינים,גרמים,350.00,100 גרם,false,,13.00,0.0371,true,1,65912
7290012019043,false,שום צעיר כבוש בחומץ בצנצנת 330 גרם,FOODS CANDDED QINGDAO,,שום צעיר כבוש 330 ג,גרמים,450.00,100 גרם,false,,10.10,0.0224,true,1,58215
7290012019265,false,"מחית תפו""ע ללא תוספת סוכר 4*113גר",אינדיאן סאמר קו אופ אינק,,"מחית תפו""ע ללא סוכר",יחידה,4.00,יחידה,false,,13.00,3.2500,true,1,58416
7290012022203,false,פריכיות קליליות חיטה,דילייט 2005,,קליליות חיטה מלאה 10,גרמים,100.00,100 גרם,false,,14.00,0.1400,true,1,87427
7290012022227,false,קליליות חיטה בטעם טבעי,דילייט 2005,,קליליות בטעם טבעי,יחידה,0.00,יחידה,false,,11.60,0.0000,true,1,87428
7290012022272,false,פריכיות קליליות קידס,דילייט 2005,,קליליות קידס,יחידה,0.00,יחידה,false,,10.60,0.0000,true,1,115805
7290012025457,false,סלטי שמיר כרוב אדום,,,סלטי שמיר כרוב אדום,גרמים,625.00,100 גרם,false,,13.90,0.0222,true,1,56950
7290012025822,false,שמיר סלק אסלי 400 גרם,"סלטי שמיר 2006 בע""מ",,סלק אסלי 400גרם,גרמים,400.00,100 גרם,false,,6.90,0.0173,true,1,122865
7290012025839,false,מטבוחה שמיר אסלי 400 גרם,"סלטי שמיר 2006 בע""מ",,אסלי סלט מטבוחה 400,גרמים,400.00,100 גרם,false,,6.90,0.0173,true,1,118760
7290012052187,false,גרנולה חלבה תמרים ושקדים מרכיבים טבעיים,רפאלס,,גרנולה טבעית חלבה תמ,גרמים,350.00,100 גרם,false,,17.90,0.0511,true,1,162706
7290012052194,false,גרנולה פירות יער וקשיו מרכיבים טבעיים 350 גרם,רפאלס,,גרנולה טבעית חמוציות,גרמים,350.00,100 גרם,false,,17.90,0.0511,true,1,170822
7290012052200,false,גרנולה רפאל-אגוזים זרעים ופירות 800 גרם,רפאלס,,רפאל גרנולה זרעים 80,גרמים,800.00,100 גרם,false,,27.90,0.0349,true,1,99833
7290012052217,false,גרנולה עם אגוזים ופירות יבשים במתיקות מעודנת,רפאלס,,רפאל גרנולה זרעים אג,גרמים,800.00,100 גרם,false,,27.90,0.0349,true,1,99836
7290012052224,false,גרנולה רפאל-חלבה תמרים ואגוזים 800 גרם,רפאלס,,רפאל גרנולה חלבה תמר,גרמים,800.00,100 גרם,false,,27.90,0.0349,true,1,99834
7290012052316,false,גרנולה תענוג - שפע פירות 1 קילו,רפאלס,,תענוג גרנולה פירות י,יחידה,0.00,יחידה,false,,24.90,0.0000,true,1,99839
7290012052354,false,גרנולה רפאל שוקולד ואגוזי לוז 350 גרם,רפאלס,,גרנולה רפאל שוקולד ו,גרמים,350.00,100 גרם,false,,17.90,0.0511,true,1,170823
7290012052385,false,מוזלי עם חמוציות ושקדים ללא תוספת סוכר,רפאלס,,רפאל גרנולה שקדים ופ,גרמים,800.00,100 גרם,false,,27.90,0.0349,true,1,99837
7290012052491,false,חטיפי אנרגיה פוזיטיב,ממתקי בני ריאד מחרום,,פוזיטיב חטיף חלבה תמ,גרמים,144.00,100 גרם,false,,17.90,0.1243,true,1,99847
7290012052507,false,פוזיטיב חטיף שוקולד,ממתקי בני ריאד מחרום,,פוזיטיב חטיף שוקולד,גרמים,144.00,100 גרם,false,,17.90,0.1243,true,1,99845
7290012052682,false,רפאלס פתיתי שיבולת ש,רפאלס,,רפאלס פתיתי שיבולת ש,גרמים,400.00,100 גרם,false,,8.90,0.0223,true,1,110695
7290012052897,false,חטיפי 7 דגנים בתוספת שוקולד מריר,רפאלס,,שבעה דגנים חטיף שוקו,גרמים,140.00,100 גרם,false,,11.90,0.0850,true,1,114710
7290012052910,false,7 דגנים - חטיף תפוח קינמון 7 יח' 140 גרם,רפאלס,,שבעה דגנים חטיף תפוח,גרמים,140.00,100 גרם,false,,11.90,0.0850,true,1,114724
7290012099014,false,לפה לבנונית,,,לפה לבנונית,גרמים,600.00,100 גרם,false,,12.90,0.0215,true,1,65109
7290012108617,false,נוזל שמשות 4 ליטר,,,"נוזל שמשות 4 ל""",ליטרים,4.00,ליטר,false,,0.00,0.0000,true,1,188081
7290012116032,false,כיף פיות מרכך לסירוק קל 750 מל,טרופיקל דגיל תעשיות,,"כיף פיות מרכך 750 מ""",מיליליטרים,750.00,"100 מ""ל",false,,11.90,1.5867,true,1,66063
7290012116063,false,"כיף אל סבון פיות בתמציות קמומיל 750 מ""ל",טרופיקל דגיל תעשיות,,פיות אלסבון קמומיל 7,מיליליטרים,750.00,"100 מ""ל",false,,11.90,1.5867,true,1,161212
7290012116070,false,"אל סבון נוזלי פיות בתמציות אלוורה כיף 750 מ""ל",החברה הדרומית,,פיות אלסבון אלוורה 7,מיליליטרים,750.00,"100 מ""ל",false,,11.90,1.5867,true,1,161213
7290012116674,false,"דאודורנט גל קול 75 מ""ל קרמה מן",קוסמופארם,,קרמה מן דאודורנט גל,יחידה,0.00,יחידה,false,,14.90,0.0000,true,1,67812
7290012116681,false,דאודורנט ג'ל אנטיפרספירנט אקטיב בלוק Calm,קוסמופארם בעמ,,קרמה מן דאודורנט גל,יחידה,0.00,יחידה,false,,14.90,0.0000,true,1,64086
7290012116735,false,נייר טואלט גליל כפול סנו סופט 24 גלילים,סנו מפעלי ברונוס בעמ,,נייר טואלט סופט ג'מב,יחידה,24.00,יחידה,false,,39.90,1.6625,true,1,65899
7290012117039,false,נוזל לניקוי אמבטיה 00 סנו 1 ליטר,סנו מפעלי ברונוס בעמ,,נוזל 00 לאמבטיה 1 לי,ליטרים,1.00,ליטר,false,,7.90,7.9000,true,1,65115
7290012117350,false,"נוזל רצפות לילך 2 ליטר ""ריצפז פרש""","סנו מפעלי ברונוס בע""\מ",,ריצפז פרש לילך לבנדר,ליטרים,2.00,ליטר,false,,17.90,8.9500,true,1,65117
7290012117534,false,מרכך כביסה מרוכז תכלת קול סנו מקסימה 1 ליטר,"סנו מפעלי ברונוס בע""\מ",,סנו מקסימה מרכך קומפ,מיליליטרים,1000.00,"100 מ""ל",false,,15.90,1.5900,true,1,66201
7290012117541,false,מרכך כביסה מרוכז צהוב סנו מקסימה 1 ליטר,סנו מפעלי ברונוס בעמ,,סנו מקסימה מרכך קומפ,מיליליטרים,1000.00,"100 מ""ל",false,,15.90,1.5900,true,1,66281
7290012117558,false,מקסימה מרכך כביסה מרוכז ורוד בניחוח מאסק סנו 1 ליטר,"סנו מפעלי ברונוס בע""\מ",,סנו מקסימה מרכך קומפ,מיליליטרים,1000.00,"100 מ""ל",false,,15.90,1.5900,true,1,66075
7290012117732,false,מקסימה מרכך כביסה ארומתרפי קול סנו 4 ליטר,"סנו מפעלי ברונוס בע""\מ",,מרכך מקסימה קול 4 לי,ליטרים,4.00,ליטר,false,,19.90,4.9750,true,1,66204
7290012159275,false,מיונז אמיתי 430 גרם LINA,לינה,,לינה מיונז אמיתי 430,גרמים,430.00,100 גרם,false,,10.90,0.0253,true,1,109794
7290012212055,false,קוקטייל זיתים ישראלי 560,שימורי מוטולה בעמ,,מוטלה קוקטייל זיתים,יחידה,0.00,יחידה,false,,8.60,0.0000,true,1,169277
7290012226014,false,נקניקיות וינר זוגלובק 800 גרם,נקניק נהריה כשר זוגל,,זוגלובק נקניקיות וינ,גרמים,800.00,100 גרם,false,,21.90,0.0274,true,1,59284
7290012226021,false,נקניק סלמי מעושן פראג זוגלובק 400 גרם,נקניק נהריה כשר זוגל,,סלמי מעושן פראג יבש,גרמים,400.00,100 גרם,false,,14.90,0.0373,true,1,58224
7290012226076,false,נקניק חרמון הודו ועוף זוגלובק 200 ג',זוגלובק,,זוגלובק חרמון 200 גר,גרמים,200.00,100 גרם,false,,16.00,0.0800,true,1,58434
7290012226120,false,"קבנוס 135 גרם ""זוגלובק""",נקניק נהריה כשר זוגל,,זוגלובק קבנוס 135ג,גרמים,135.00,100 גרם,false,,9.90,0.0733,true,1,73429
7290012226922,false,קבנוס בטעם שום זוגלובק 135 גרם,נקניק נהריה כשר זוגל,,זוגלובק קבנוס בטעם ש,גרמים,135.00,100 גרם,false,,9.90,0.0733,true,1,58435
7290012226939,false,קבנוס עם צ'ילי חריף זוגלובק 135 גרם,נקניק נהריה כשר זוגל,,זוגלובק קבנוס בטעם צ,גרמים,135.00,100 גרם,false,,9.90,0.0733,true,1,58227
7290012226946,false,קבנוס בטעם בצל זוגלו,נקניק נהריה כשר זוגל,,זוגלובק קבנוס בטעם ב,גרמים,135.00,100 גרם,false,,9.90,0.0733,true,1,58436
7290012226991,false,"נקניקיות עוף באריזת ג''מבו 1.5 ק""ג זוגלובק",נקניק נהריה כשר זוגל,,נקניקיות באריזה גמבו,יחידה,1.50,יחידה,false,,25.90,17.2667,true,1,73431
7290012227172,false,חרמן הודו בדבש וברביקיו זוג במארז 600 ג' זוגלובק,נקניק נהריה כשר זוגל,,זוגלובק פסטרמות במאר,גרמים,600.00,100 גרם,false,,25.90,0.0432,true,1,73435
7290012227325,false,סלמי דק דק מעושן איטלקי 120 ג' זוגלובק,זוגלובק,,סלמי מעושן זוגלובק ד,גרמים,120.00,100 גרם,false,,13.90,0.1158,true,1,151413
7290012227400,false,נקניקיות עוף זוגלובק 800 גרם,נקניק נהריה כשר זוגל,,זוגלובק נקניקיות עוף,גרמים,800.00,100 גרם,false,,21.90,0.0274,true,1,87617
7290012227660,false,"סלמי תה מעושן בוואקום 400 גרם ""זוגלובק""",זוגלובק,,סלמי תה מעושן 400 גר,גרמים,400.00,100 גרם,false,,18.90,0.0472,true,1,117417
7290012227691,false,סלמי תה פפרוני 360 ג',זוגלובק,,סלמי תה פפרוני 360 ג,יחידה,0.00,יחידה,false,,18.90,0.0000,true,1,117419
7290012227912,false,קבנוס מעודן זוגלובק 135 גרם,זוגלובק,,קבנוס מעודן,גרמים,135.00,100 גרם,false,,9.90,0.0733,true,1,161167
7290012227974,false,פסטרמה הודו בדבש טהור דק דק דק,זוגלובק,,פסטרמה זוגלובק בדבש,גרמים,200.00,100 גרם,false,,13.90,0.0695,true,1,151414
7290012227981,false,פסטרמה דק דק ברביקיו 120 ג' זוגלובק,זוגלובק,,פסטרמה זוגלובק ברביק,גרמים,120.00,100 גרם,false,,13.90,0.1158,true,1,151415
7290012228124,false,קבנוס סטיקס עם נגיעות מלח ים סדרת ריינהולד'ס,זוגלובק,,זוגלובק קבנוס סטיקס,יחידה,0.00,יחידה,false,,9.90,0.0000,true,1,156211
7290012228230,false,פסטרמה חזה עוף דק דק דק,זוגלובק,,פסטרמה חזה עוף 120 ג,גרמים,120.00,100 גרם,false,,13.90,0.1158,true,1,151439
7290012228247,false,"המבורגר טקסס 1.4 ק""ג זוגלובק",זוגלובק,,המבורגר טקסס מגשית 1,קילוגרמים,1.40,"ק""ג",false,,45.90,32.7857,true,1,178469
7290012228278,false,נקנקיות בוקוורסט עוף ובקר ריינהולד'ס 310 ג' זוגלובק,זוגלובק,,זוגלובק נקנקיות בוקו,גרמים,310.00,100 גרם,false,,19.90,0.0642,true,1,143752
7290012228704,false,הספרדיה – נקניקיית עוף ובקר חריפות ריינהולד'ס,זוגלובק,,נקניקיות סוסג' ספרד,גרמים,310.00,100 גרם,false,,19.90,0.0642,true,1,172751
7290012228711,false,קבנוס סטיקס בטעםסיציליאנ,זוגלובק,,זוגלובק קבנוס סטיקס,יחידה,0.00,יחידה,false,,9.90,0.0000,true,1,179902
7290012228728,false,קבנוס סטיקס בסגנון מקסיקני חריף סדרת ריינהולד'ס,זוגלובק,,זוגלובק קבנוס סטיקס,יחידה,0.00,יחידה,false,,9.90,0.0000,true,1,179903
7290012228742,false,נקניקיות מרגז זוגלוב,זוגלובק,,נקניקיות מרגז זוגלוב,גרמים,450.00,100 גרם,false,,24.90,0.0553,true,1,182254
7290012228773,false,סדרת המחבת נקניקיות,זוגלובק,,סדרת המחבת נקניקיות,גרמים,360.00,100 גרם,false,,13.90,0.0386,true,1,182616
7290012228797,false,נקיקיות ביג קרנקס זוגלובק 500 ג',,,נקניקיות ביג קנקרס 5,גרמים,500.00,100 גרם,false,,13.90,0.0278,true,1,182618
7290012228841,false,אקטיב פסטרמה הודו בד,,,אקטיב פסטרמה הודו בד,גרמים,125.00,100 גרם,false,,18.90,0.1512,true,1,183408
7290012228933,false,סדרת המחבת נקניקיות,זוגלובק,,סדרת המחבת נקניקיות,גרמים,360.00,100 גרם,false,,0.00,0.0000,true,1,188032
7290012251498,false,שרימפס מקולף 500 גר קפוא M,,,שרימפס 41/50 מקולף 5,גרמים,500.00,100 גרם,false,,34.90,0.0698,true,1,173937
7290012251535,false,שרימפס מבושל 750 גר קפוא,,,שרימפס מבושל 750 גר,מיליליטרים,750.00,"100 מ""ל",false,,54.90,7.3200,true,1,100318
7290012309885,false,חלבה שוקו וניל 500 גרם,ח. עקר,,חלבה שוקו וניל 500 ג,גרמים,500.00,100 גרם,false,,14.10,0.0282,true,1,100569
7290012313141,false,מלפפונים פרוסות במלח קבוצת יבנה 330 גרם,אף.סי תבליני בגליל ב,,שימורי יבנה פרוסות מ,גרמים,540.00,100 גרם,false,,6.90,0.0128,true,1,60586
7290012313554,false,עלי גפן ממולא 400 גרםיבנה,אסמה קונסרבסיליק גיד,,עלי גפן ממולאים ‏400,יחידה,0.00,יחידה,false,,7.90,0.0000,true,1,160858
7290012352010,false,קרם לחות מזינה עם שמן ארגן מרוקאי לשיער יבש מאוד ופגום,נטורל פורמולה Natural Formula,,לחות+שמן ארגן לש.יבש,מיליליטרים,400.00,"100 מ""ל",false,,20.00,5.0000,true,1,73444
7290012352034,false,"נטורל - קרם לחות עם שמן אגוז מקדמיה לשיער מתולתל 400 מ""ל",נטורל פורמולה Natural Formula,,לחות+שמן אגוז לש.מתו,מיליליטרים,400.00,"100 מ""ל",false,,20.00,5.0000,true,1,73446
7290012367700,false,קרם גוף אינטנסיב רליף Intensive relief לעור יבש ומגורה,פישר מעבדות פרמצבטיות בע,,אפקטיב קר ק.גוף ש.שו,מיליליטרים,700.00,"100 מ""ל",false,,27.90,3.9857,true,1,56783
7290012367717,false,קרם ידיים וציפורניים Intensive relief לעור יבש ומגורה,פישר מעבדות פרמצבטיות בע,,אפקטיב קר קרם ידיים,יחידה,0.00,יחידה,false,,17.00,0.0000,true,1,58228
7290012404146,false,שוופס מוגז תפוחים1.5ל',יפאורה שותפות מובגלת לשיווק,,שוופס פרוטס תפוחים 1,ליטרים,1.50,ליטר,false,,5.90,3.9333,true,1,56960
7290012404160,false,שוופס מוגז אשכולית אדומה,יפאורה שותפות מובגלת לשיווק,,שוופס פרוטס אשכולית,ליטרים,1.50,ליטר,false,,5.90,3.9333,true,1,58555
7290012404177,false,"שוופס Fruits תפוח זכוכית 330 מ""ל",יפאורה תבורי בעמ,,שוופס מוגז בטעם תפוח,מיליליטרים,330.00,"100 מ""ל",false,,6.00,1.8182,true,1,58556
7290012404184,false,שוופס מוגז פירות לימונים 330 מל,יפאורה תבורי בעמ,,שוופס מוגז בטעם לימו,מיליליטרים,330.00,"100 מ""ל",false,,6.00,1.8182,true,1,58557
7290012404238,false,שוופס ראש'ן 1.5 ליטר,יפאורה שותפות מובגלת לשיווק,,שוופס ראשן 1.5 ליטר,ליטרים,1.50,ליטר,false,,10.90,7.2667,true,1,56962
7290012404283,false,תפוזינה מנגו עסיס 1.5 ל',יפאורה שותפות מובגלת לשיווק,,תפוזינה משקה מנגו עס,ליטרים,1.50,ליטר,false,,5.90,3.9333,true,1,56963
7290012404306,false,תפוזינה משקטה בטעם מ,,,תפוזינה משקטה בטעם מ,מיליליטרים,330.00,"100 מ""ל",false,,6.00,1.8182,true,1,56964
7290012404320,false,ספרינג ענבים 1.5 ליטר,יפאורה שותפות מובגלת לשיווק,,ספרינג ענבים 1.5 ליט,ליטרים,1.50,ליטר,false,,5.90,3.9333,true,1,60592
7290012404863,false,ספרינג תה מנגו אפרסק1.5ל,יפאורה שותפות מובגלת לשיווק,,ספרינג טי מנגו אפרסק,ליטרים,1.50,ליטר,false,,5.90,3.9333,true,1,59293
7290012404955,false,נקטר חמוציות ספרינג קולקשן 1.25 ליטר,יפאורה שותפות מובגלת לשיווק,,ספרינג נקטר חמוציות,ליטרים,1.25,ליטר,false,,10.90,8.7200,true,1,56968
7290012404993,false,נקטר דיאט חמוציות ספרינג קולקשן 1.25 ליטר,יפאורה שותפות מובגלת לשיווק,,ספרינג קולקשיין דיאט,ליטרים,1.25,ליטר,false,,10.90,8.7200,true,1,56786
7290012413704,false,חליטת דבש+לימון 25 שק',ויסוצקי,,ויסוצקי תה לימון-דבש,יחידה,0.00,יחידה,false,,17.90,0.0000,true,1,60595
7290012439155,false,"פתי בר וניל צבעוני 1.75 ק""ג",הגביע מוצרי ופלים,,"פתיבר וניל 1.750 ק""ג",קילוגרמים,1.75,"ק""ג",false,,19.90,11.3714,true,1,168256
7290012439858,false,גלילוני ביס 60 גרם,,,גלילוני ביס 60 גרם,יחידה,0.00,יחידה,false,,1.90,0.0000,true,1,185750
7290012470479,false,אסלונית כיסוי מגן לאסלה,מיה טריידינג,,אסלונית 10 יח',יחידה,0.00,יחידה,false,,9.90,0.0000,true,1,179581
7290012470486,false,כובע רחצה ניילון 4 י,,,כובע רחצה ניילון 4 י,יחידה,4.00,יחידה,false,,5.90,1.4750,true,1,163007
7290012470493,false,כובע רחצה 2 שכבות ענ,מיה טריידינג,,כובע רחצה,יחידה,0.00,יחידה,false,,9.90,0.0000,true,1,163008
7290012491078,false,"סבון קלנדולה לתינוק 400 מ""ל Mommy Care",מאמי קר Mommy Care,,סבון קלנדולה לתינוק,יחידה,0.00,יחידה,false,,34.90,0.0000,true,1,174593
7290012500008,false,לבן בקר בלדי 1.5 ליט,,,לבן בקר בלדי 1.5 ליט,ליטרים,1.50,ליטר,false,,11.90,7.9333,true,1,103997
7290012500077,false,יוגורט עזים בלדי 1.5ל',,,לבן בלדי 1.5 ליטר,ליטרים,1.50,ליטר,false,,21.90,14.6000,true,1,66212
7290012500183,false,יוגורט עיזים בלדי 3ל',,,לבן בלדי3 ליטר,ליטרים,3.00,ליטר,false,,35.00,11.6667,true,1,66132
7290012561405,false,דורות בצל חצי מטוגן 180 גרם,עיצובים 2020 (3.8),,בצל חצי מטוגן דורות,גרמים,180.00,100 גרם,false,,12.00,0.0667,true,1,56920
7290012588297,false,מים מינרליים מפרץ הה,טמפו 7.5%,,מים מינרליים מפרץ הה,מיליליטרים,300.00,"100 מ""ל",false,,15.90,5.3000,true,1,178628
7290012637124,false,חליטת צמחים בשקיקים,,,חליטת צמחים בשקיקים,יחידה,0.00,יחידה,false,,19.90,0.0000,true,1,100671
7290012637131,false,חליטת צמחים בשקיקים,,,חליטת צמחים בשקיקים,יחידה,0.00,יחידה,false,,19.90,0.0000,true,1,100670
7290012637360,false,חליטת תה כורכום הדרי,,,חליטות כורכום הדרים,יחידה,0.00,יחידה,false,,19.90,0.0000,true,1,163104
7290012642036,false,"פסטה ""לה פסטה"" 400 ג' ספגטי 400 ג'",מוטלו,,לה פסטה 5 ספגטי 400,גרמים,400.00,100 גרם,false,,2.50,0.0063,true,1,105232
7290012642883,false,פלפלים קטנים צהובים חריפים כבושים שלמים,Satko ltd,,פלפלונים צהובים כבוש,גרמים,530.00,100 גרם,false,,14.00,0.0264,true,1,57120
7290012697241,false,"סוכרזית מצמח הסטיוויה נוזל 220 מ""ל",אף.סי תבליני בגליל ב,,סוכרזית מהטבע סטיווי,מיליליטרים,220.00,"100 מ""ל",false,,30.00,13.6364,true,1,73473
7290012803055,false,סוכרלוז מרמולייט- 100שקיות אישיות,"קיפל טבליות וממתיקים בע""מ",,מרמולייט סוכרלוז 100,יחידה,100.00,יחידה,false,,35.00,0.3500,true,1,60602
7290012803215,false,וופל בלגי בטעם שוקולד ללא תוספת סוכר,בטר אנד דיפרנט,,טוסו וופל בלגי שוקול,גרמים,200.00,100 גרם,false,,11.00,0.0550,true,1,73485
7290012803321,false,מרמולייט סוכרלוז 200 שקיות אישיות,מרמולייט,,מרמולייט סוכרלוז 200,יחידה,200.00,יחידה,false,,55.00,0.2750,true,1,58389
7290012803352,false,רייד תרסיס קוטל יתושים/זבובים 300 מל,אס.סי.ג'ונסון מידרכט,,רייד תרסיס קוטל מעופ,מיליליטרים,300.00,"100 מ""ל",false,,19.90,6.6333,true,1,56048
7290012803451,false,טוסו שוקולד מריר 62% מוצקי קקאו ללא תוספת סוכר 100 גרם,אלטינמארקה,,טוסו שוקלד מריר 100,גרמים,100.00,100 גרם,false,,13.00,0.1300,true,1,95691
7290012803468,false,סוכרלוז ממתיק נוזלי200מל,"קיפל טבליות וממתיקים בע""מ",,מרמולייט סוכרלוז נוז,מיליליטרים,200.00,"100 מ""ל",false,,35.00,17.5000,true,1,59324
7290012803765,false,טוסו שוקולד מריר ללא תוספת סוכר 100 גרם,אלטינמארקה גידה סאן,,טוסו שוק.מריר 100 גר,יחידה,0.00,יחידה,false,,13.00,0.0000,true,1,73488
7290012803772,false,טוסו שוקולד חלב ללא תוספת סוכר 100 גרם,אלטינמארקה גידה סאן,,טוסו שוק.חלב 100 גרם,יחידה,0.00,יחידה,false,,13.00,0.0000,true,1,73489
7290012803789,false,טוסו שוקולד מריר עם אגוזים ללא תוספת סוכר 100 גרם,האי נאם סי או אל.טי.,,טוסו שוק.מריר ואגוזי,יחידה,0.00,יחידה,false,,13.00,0.0000,true,1,73490
7290012803796,false,טוסו שוקולד חלב עם אגוזים ללא תוספת סוכר 100 גר',אלטינמארקה גידה סאן,,טוסו שוק.חלב ואגוזים,גרמים,100.00,100 גרם,false,,13.00,0.1300,true,1,73491
7290012818080,false,ספיידר חטיף בוטנים 80 גר,"10 ברוס ע.ט בע""מ",,במבה ספיידר 80 גרם,יחידה,0.00,יחידה,false,,2.90,0.0000,true,1,66458
7290012823343,false,משחת שיניים אורביטול קידס סטעם סוכריות ג'לי 70 גרם,החברה הדרומית,,משחת שיניים שימר שיי,יחידה,0.00,יחידה,false,,0.00,0.0000,true,1,187267
7290012823374,false,אנטי קאלק מטליות לחות לניקוי כללי סנו 50 יחידות,מיוצר עי קונדיטוריית,,מגבוני אנטי קאלק 50,יחידה,50.00,יחידה,false,,9.90,0.1980,true,1,66145
7290012823381,false,מקסימה מרכך כביסה מרוכז סנסטיב בייבי סנו 1 ליטר,"סנו מפעלי ברונוס בע""\מ",,סנו מקסימה סנסטיב מר,מיליליטרים,1000.00,"100 מ""ל",false,,15.90,1.5900,true,1,66223
7290012823428,false,מגבוני בייבי כיף ללא בישום תה ירוק 4*72 יח',סנו,,כיף ביבי מגבוני ללא,יחידה,4.00,יחידה,false,,0.00,0.0000,true,1,196966
7290012823589,false,ריצפז פרש בניחוח לימון מרענן,סנו פרש Fresh,,ריצפז פרש לימון 2 לי,ליטרים,2.00,ליטר,false,,17.90,8.9500,true,1,66147
7290012864001,false,נבטי חמנייה ארוז א.אדמה,קרונוס,,נבטי העמק,יחידה,0.00,יחידה,false,,9.90,0.0000,true,1,170543
7290012864025,false,נבטי אלפא אלפא ארוז א.אדמה,קרלסברג יבוא יצוא,,אלפלפא נבטי העמק,יחידה,0.00,יחידה,false,,5.90,0.0000,true,1,170544
7290012884986,false,תפוגן ציפס לתנור עד 4% שומן 1.5 קג,"תעשיות תפוגן בע""\מ",,תפוגן ציפס לתנור עד,קילוגרמים,1.50,"ק""ג",false,,25.20,16.8000,true,1,90484
7290012899577,false,אורז בסמטי מובחר ארו,,,אורז בסמטי מובחר ארו,קילוגרמים,1.00,"ק""ג",false,,0.00,0.0000,true,1,187301
7290012899881,false,זיתים מבוקעים פיקנתי,,,זיתים מבוקעים פיקנתי,מיליליטרים,560.00,"100 מ""ל",false,,6.90,1.2321,true,1,95016
7290012901256,false,"חומץ תפוחים גאלה 946 מ""ל",פיניקל פודס גרופ,,גאלה חומץ תפוחים 946,מיליליטרים,946.00,"100 מ""ל",false,,14.90,1.5751,true,1,180532
7290012901355,false,דודלס ארוחת אטריות עם גבינה 206 גרם,האי נאם סי או אל.טי.,,דודלס מקרוני גבינה א,יחידה,0.00,יחידה,false,,10.90,0.0000,true,1,161102
7290012901959,false,ארוחת אטריות עם גבינה מסולסלים 156 גרם,הנדריקס פודס,,ארוחת אטריות עם גבינ,גרמים,156.00,100 גרם,false,,10.90,0.0699,true,1,183369
7290012918896,false,תנור קמין שחור FIX 2,,,תנור קמין שחור FIX 2,יחידה,0.00,יחידה,false,,0.00,0.0000,true,1,187143
7290012931079,false,מט' כרומה אדום+ מקל,,,מט' כרומה אדום+ מקל,יחידה,0.00,יחידה,false,,15.00,0.0000,true,1,185658
7290012931222,false,שיפוד שטוח אורך 30 ס,,,שיפוד שטוח אורך 30 ס,יחידה,30.00,יחידה,false,,5.00,0.1667,true,1,144014
7290012931611,false,כריות ברזל לקרצוף חזק שייני 3 יחידות,מ.א ייצור ושיווק מטל,,שייני כריות ברזל לקר,יחידה,3.00,יחידה,false,,7.90,2.6333,true,1,138311
7290012931734,false,"מבשם אוויר בניחוח לבנדר 400 מ""ל",מ.א ייצור ושיווק מטל,,מבשם אויר נוזלי איכו,מיליליטרים,400.00,"100 מ""ל",false,,10.00,2.5000,true,1,109406
7290012938740,false,"משחת שיניים פרש מינט מנטה 75מ""ל סנסודיין",גלקסו סמית קליין,,סנסודיין פרש מינט 75,יחידה,0.00,יחידה,false,,21.80,0.0000,true,1,76410
7290012962820,false,נובי בקבוק האכלה טבע,,,נובי בקבוק האכלה טבע,יחידה,0.00,יחידה,false,,0.00,0.0000,true,1,192668
7290012996450,false,מרכך כביסה מרוכז פרחי אביב הפי 1 ליטר,יעקובי הפי,,הפי מרכך כביסה מרוכז,ליטרים,1.00,ליטר,false,,11.90,11.9000,true,1,57155
7290012996610,false,טבליות הפלא לניקוי האסלה הפי יעקבי 16 יחידות,ג'נרל מילס סאן אדריא,,טבליות אסלה 400 גרם,גרמים,400.00,100 גרם,false,,14.90,0.0373,true,1,182624
7290013027399,false,לחם קמח מלא קל בתוספת שיפון 750 ג' אנג'ל,מאפיית שלמה א. אנג'\ל בע,,לחם אנג'ל 100 בתוספת,גרמים,750.00,100 גרם,false,,15.90,0.0212,true,1,77983
7290013027535,false,לחם שיפון קל 750 ג' אנג'ל,מאפיית שלמה א. אנג'ל,,לחם שיפון קל 500 גרם,גרמים,500.00,100 גרם,false,,13.90,0.0278,true,1,77984
7290013038234,false,מים אקווה נובה 2*6 ליטר,"טמפו משקאות בע""\מ",,אקווה נובה 6 * 2 ליט,ליטרים,2.00,ליטר,false,,9.90,4.9500,true,1,66448
7290013055637,false,"מגה חתולים דגים 3 ק""",,,"מגה חתולים דגים 3 ק""",קילוגרמים,3.00,"ק""ג",false,,69.90,23.3000,true,1,176632
7290013080769,false,רינגים חטיף טבעות תפוחי אדמה 48 גר',א מ חטיפי העמק בעמ,,רינגים קלאסי,יחידה,0.00,יחידה,false,,0.00,0.0000,true,1,187763
7290013083661,false,"מטרנה אקסטרה קר שלב 1 חסכון 700 גרם תמ""ל",מטרנה תעשיות ש.מ,,מטרנה אקסטרא קר שלב,גרמים,700.00,100 גרם,false,,56.90,0.0813,true,1,56205
7290013083678,false,"מטרנה אקסטרה קר שלב 2 חסכון 700 גרם תמ""ל",מולינו ניקולי s.p.a,,מטרנה אקסטרא קר שלב,גרמים,700.00,100 גרם,false,,56.90,0.0813,true,1,58510
7290013083685,false,תחליף חלב מטרנה אקסטרה קר שלב 3 חסכון 700 גרם,מטרנה תעשיות ש.מ,,מטרנה אקסטרא קר שלב,גרמים,700.00,100 גרם,false,,56.90,0.0813,true,1,57159
7290013117212,false,בורקס פילו במילוי גבינה מעדנות 600 גר,מיוצר עי קונדיטוריית,,מעדנות בורקס פילו גב,גרמים,600.00,100 גרם,false,,21.90,0.0365,true,1,59354
7290013117229,false,"בורקס פילו במילוי תפו""א מעדנות 600 גר",מיוצר עי קונדיטוריית,,מעדנות בורקס פילו תפ,גרמים,600.00,100 גרם,false,,22.00,0.0367,true,1,59355
7290013117236,false,בורקס פילו פיצה מעדנות 600 גרם,מיוצר עי קונדיטוריית,,מעדנות בורקס פילו פי,גרמים,600.00,100 גרם,false,,21.90,0.0365,true,1,56209
7290013117243,false,בורקס פילו בולגרית מעדנות 600 גרם,מיוצר עי קונדיטוריית,,מעדנות בורקס פילו בו,גרמים,600.00,100 גרם,false,,21.90,0.0365,true,1,58514
7290013117410,false,בצק פריך מרודד למאפים מתוקים 900 ג' מעדנות,מיוצר עי קונדיטוריית,,מעדנות בצק פריך מרוד,גרמים,900.00,100 גרם,false,,26.00,0.0289,true,1,57163
7290013117526,false,בצק שמרים מרודד למאפים מתוקים מעדנות 900 גרם,"מעדנות בע""\מ",,מעדנות בצק שמרים למא,גרמים,900.00,100 גרם,false,,25.90,0.0288,true,1,57052
7290013121110,false,לחמניות בורגר ללא גלוטן גרין לייט 4 * 87 גרם,אביב קונדיטוריה מעול,,גרין לייט רביעיית לח,גרמים,350.00,100 גרם,false,,14.90,0.0426,true,1,66532
7290013121127,false,לחמניות מיני ללא גלוטן גרין לייט 6 יחידות,אביב קונדיטוריה מעול,,לחמניות מיני ללא גלו,גרמים,420.00,100 גרם,false,,16.90,0.0402,true,1,65324
7290013121134,false,בייגל ללא גלוטן 430 גר קפוא,אביב קונדיטוריה מעול,,בייגל ללא גלוטן 430,גרמים,430.00,100 גרם,false,,17.90,0.0416,true,1,73539
7290013121165,false,לחמניות נקניקיה ללא גלוטן גרין לייט 6 * 77 גרם,אביב קונדיטוריה מעול,,גרין לייט לחמניות נק,גרמים,460.00,100 גרם,false,,16.90,0.0367,true,1,79767
7290013121752,false,לחם לבן ביתי ללא גלוטן 700 גר קפוא,אביב קונדיטוריה מעול,,גרין לייט לחם לבן בי,גרמים,700.00,100 גרם,false,,19.90,0.0284,true,1,79602
7290013144195,false,מיימונס תערובת כדורי שוקולד 500 גרם.,א.ל ייצור ושיווק תבלינים,,תערובת כדורי שוקולד,גרמים,500.00,100 גרם,false,,15.90,0.0318,true,1,110877
7290013144270,false,תערובת להכנת קרם פטיסייר מיימונס 100 גרם,א.ל ייצור ושיווק תבלינים,,קרם פטיסייר 100 גרם,גרמים,100.00,100 גרם,false,,9.90,0.0990,true,1,110884
7290013144393,false,"תמצית בטעם וניל מימונס 50 מ""ל",א.ל ייצור ושיווק תבלינים,,תמצית בטעם וניל 50ג,יחידה,0.00,יחידה,false,,4.30,0.0000,true,1,110892
7290013144447,false,"תמצית בטעם תפוז מימונס 50 מ""ל",א.ל ייצור ושיווק תבלינים,,תמצית בטעם תפוז 50גר,יחידה,0.00,יחידה,false,,9.00,0.0000,true,1,110895
7290013144508,false,"תמצית בטעם ורדים מיימונס 50 מ""ל",מיוצר עי קונדיטוריית,,תמצית בטעם ורדים 50,יחידה,0.00,יחידה,false,,8.90,0.0000,true,1,110900
7290013144515,false,מיימונס צבע מאכל צהוב 50 גרם,א.ל ייצור ושיווק תבלינים,,צבע מאכל צהוב 50גר,יחידה,0.00,יחידה,false,,4.30,0.0000,true,1,110901
7290013144522,false,מימונס צבע מאכל ירוק 50 גרם,א.ל ייצור ושיווק תבלינים,,צבע מאכל ירוק 50 גרם,יחידה,0.00,יחידה,false,,4.30,0.0000,true,1,110902
7290013144539,false,צבע מאכל אדום מימונס 50 גרם,א.ל ייצור ושיווק תבלינים,,צבע מאכל אדום 50גר,יחידה,0.00,יחידה,false,,4.30,0.0000,true,1,110903
7290013144560,false,מיימונס צבע מאכל כחול 50 גרם,א.ל ייצור ושיווק תבלינים,,צבע מאכל כחול 50גר,יחידה,0.00,יחידה,false,,4.30,0.0000,true,1,110905
7290013144768,false,סירופ בטעם שוקולד מימונס 500 גרם,א.ל ייצור ושיווק תבלינים,,מימונס סירופ בטעם שו,גרמים,500.00,100 גרם,false,,13.90,0.0278,true,1,110908
7290013144997,false,מימונס תרסיס שמן זית,גאטא קוסמטיקה,,מימונס תרסיס שמן זית,גרמים,140.00,100 גרם,false,,15.90,0.1136,true,1,118277
7290013145055,false,פרג שלם מיימונס 100 גרם,א.ל ייצור ושיווק תבלינים,,פרג שלם 100גר,יחידה,0.00,יחידה,false,,5.90,0.0000,true,1,110913
7290013145178,false,קוקוס טחון לבן מיימונס 100 גרם,א.ל ייצור ושיווק תבלינים,,קוקוס טחון לבן 100גר,גרמים,100.00,100 גרם,false,,4.90,0.0490,true,1,110921
7290013145192,false,שומשום מיימונס 100 גרם,א.ל ייצור ושיווק תבלינים,,שומשום 100גר,יחידה,0.00,יחידה,false,,5.90,0.0000,true,1,110922
7290013145277,false,עלים לקרמשניט מימונס 300 גרם,מימונס אפייה,,עלים לקרמשניט 300 גר,גרמים,300.00,100 גרם,false,,16.90,0.0563,true,1,149331
7290013145390,false,מימונס שוקולד צ'יפס מהדרין 250 גר,אינטרגטה תעשיות מזון 19),,מימונס שוקולד ציפס מ,גרמים,250.00,100 גרם,false,,8.80,0.0352,true,1,110926
7290013145437,false,שוקולד מריר מעולה ציפס מימונס 250 ג',אינטרגטה תעשיות מזון 19),,מימונס שוקולד ציפס 4,גרמים,250.00,100 גרם,false,,12.90,0.0516,true,1,110929
7290013145444,false,שוקולד מריר מעולה ציפס 66% מימונס 250 ג',המאפיה של הרמן,,מימונס שוקולד ציפס 6,גרמים,250.00,100 גרם,false,,14.90,0.0596,true,1,110930
7290013145529,false,סוכריות צבעוניות לקישוט מיימונס 90 גרם,א.ל ייצור ושיווק תבלינים,,מימונס סוכריות צבעונ,יחידה,0.00,יחידה,false,,4.80,0.0000,true,1,110931
7290013145536,false,סוכריות לקישוט בטעם שוקולד מיימונס 85 גרם,א.ל ייצור ושיווק תבלינים,,סוכריות בטעם שוקולד,יחידה,0.00,יחידה,false,,5.90,0.0000,true,1,110932
7290013145574,false,מיימונס ערכה לקישוט 100 גרם,א.ל ייצור ושיווק תבלינים,,ערכה לקישוט 100גר,גרמים,100.00,100 גרם,false,,10.80,0.1080,true,1,110935
7290013145840,false,סוכר וניל מיימונס 10 יחידות,א.ל ייצור ושיווק תבלינים,,מימונס סוכר וניל 10*,יחידה,10.00,יחידה,false,,1.90,0.1900,true,1,110945
7290013145857,false,אבקת אפיה מיימונס 10 יחידות,מימונס אפייה,,מימונס אבקת אפיה 10*,גרמים,10.00,גרם,false,,1.90,0.1900,true,1,110865
7290013145864,false,אבקת ג'לטין טהור מיימונס 28 גרם,א.ל ייצור ושיווק תבלינים,,מימונס ג`לטין טהור א,יחידה,0.00,יחידה,false,,9.80,0.0000,true,1,110946
7290013145901,false,סודה לשתיה מיימונס 100 גרם,א.ל ייצור ושיווק תבלינים,,סודה לשתיה 50 גרם,יחידה,0.00,יחידה,false,,1.90,0.0000,true,1,110948
7290013145918,false,אבקת סוכר מיימונס 100 גרם,א.ל ייצור ושיווק תבלינים,,אבקת סוכר 100 גרם,גרמים,100.00,100 גרם,false,,1.90,0.0190,true,1,110949
7290013145956,false,שמרים יבשים בוואקום מיימונס 500 גרם,הנסיך- מפעל לייצור ט,,מימונס שמרים יבשים ב,גרמים,500.00,100 גרם,false,,11.90,0.0238,true,1,110952
7290013145963,false,שמרים יבשים בוואקום מיימונס 125 גרם,מימונס אפייה,,מימונס שמרים יבשים ב,גרמים,125.00,100 גרם,false,,5.30,0.0424,true,1,110953
7290013146069,false,מלית שוקולד מיימונס 400 גרם,אינטרגטה תעשיות מזון 19),,מלית שוקולד 400גר,גרמים,400.00,100 גרם,false,,12.90,0.0323,true,1,171073
7290013146083,false,מיימונס מלית חלבה 400 גרם,אינטרגטה תעשיות מזון 19),,מלית חלבה 400גר,גרמים,400.00,100 גרם,false,,15.90,0.0398,true,1,171074
7290013146199,false,מלית קרם נוגט 350 גרם מימונס,אינטרגטה תעשיות מזון 19),,מימונס קרם נוגט 350,גרמים,350.00,100 גרם,false,,14.90,0.0426,true,1,177794
7290013146274,false,מארז תחתיות מרנג 8 יחידות 100 גרם,סטולורגן - פארק תעשיה בל,,מארז 8 יח' תחתיות מר,גרמים,100.00,100 גרם,false,,18.90,0.1890,true,1,179451
7290013146304,false,קורנפלור 500 גרם מימונס.,א.ל ייצור ושיווק תבלינים,,מימונס קורנפלור 500,גרמים,500.00,100 גרם,false,,5.90,0.0118,true,1,146196
7290013146441,false,נשיקות לקישוט צבע ורוד מימונס 60 גרם,"מימונס אפיה בע""מ",,נשיקות לקישוט צבע ור,יחידה,0.00,יחידה,false,,0.00,0.0000,true,1,188610
7290013146809,false,בישקוטים 200 גר' מימ,מימונס אפייה,,בישקוטים,גרמים,200.00,100 גרם,false,,6.90,0.0345,true,1,177802
7290013153432,false,"פריגת סחוט לימונענע 400 מ""ל",היינץ צפון אמריקה מק,,פריגת סחוט לימונענע,יחידה,400.00,יחידה,false,,8.00,0.0200,true,1,168291
7290013153562,false,מיץ הדרים מתקתק 100% 2 ל,גת,,פריגת סחוט הדרים מתק,ליטרים,2.00,ליטר,false,,19.90,9.9500,true,1,182782
7290013153609,false,מיץ הדרים 100% מתקתק 1 ל,פארייפאבה אגרואינדוס,,מיץ הדרים מתקתק 1 לי,ליטרים,1.00,ליטר,false,,11.90,11.9000,true,1,182783
7290013153647,false,מיץ הדרים חמצמץ 100% 2 ל,גת,,מיץ הדרים חמצמץ 100%,ליטרים,2.00,ליטר,false,,19.90,9.9500,true,1,182784
7290013153692,false,פריגת תפוז+גזר וגינג'ר1ל,פריגת מצוננים,,סחוט רילקס גזר וג'ינ,ליטרים,1.00,ליטר,false,,0.00,0.0000,true,1,189836
7290013220103,false,דובדבן ללא חרצן קפוא500ג,א.מ שרון,,דובדבן קפוא 500 גרם,גרמים,500.00,100 גרם,false,,0.00,0.0000,true,1,188229
7290013220400,false,מיקס פירות יער 500 ג,,,מיקס פירות יער 500 ג,גרמים,500.00,100 גרם,false,,0.00,0.0000,true,1,192667
7290013220929,false,אוכמניות כחולות 400 גרם,א.צלוביץ,,אוכמנית 400 גרם,גרמים,400.00,100 גרם,false,,0.00,0.0000,true,1,192595
7290013248008,false,פלפל לקובה,,,פלפל לקובה,יחידה,0.00,יחידה,false,,35.00,0.0000,true,1,111610
7290013248015,false,קוסקוס ידני אמיתי 70,,,קוסקוס ידני אמיתי 70,גרמים,700.00,100 גרם,false,,30.00,0.0429,true,1,73552
7290013266590,false,"שום כתוש 3 ק""ג",,,"שום כתוש 3 ק""ג",קילוגרמים,3.00,"ק""ג",false,,44.90,14.9667,true,1,173004
7290013266613,false,"עמבה 5 ק""ג ללא פרי",,,"עמבה 5 ק""ג ללא פרי",קילוגרמים,5.00,"ק""ג",false,,40.00,8.0000,true,1,85347
7290013266699,false,"שמש סחוג אדום 3 ק""ג",,,"שמש סחוג אדום 3 ק""ג",יחידה,0.00,יחידה,false,,36.90,0.0000,true,1,173005
7290013267665,false,סולרו מיני קלאסי - פירות טרופיים (חלבי),"מיוצר ע""\י גלידת שטראוס",,מיני סולרו תות,גרמים,354.00,100 גרם,false,,29.90,0.0845,true,1,59363
7290013268020,false,מקסימה מרכך כביסה מרוכז בניחוח אולטרא פרש סנו 1 ליטר,"סנו מפעלי ברונוס בע""\מ",,סנו מקסימה אולטרא פר,מיליליטרים,1000.00,"100 מ""ל",false,,15.90,1.5900,true,1,65517
7290013268297,false,אורביטול מברשות שיניים לגילאי 0-2,,,אורביטול מברשת שיניי,יחידה,0.00,יחידה,false,,9.90,0.0000,true,1,178328
7290013268433,false,קרמה מן שמפו ומרכך לכל סוגי השיער 700 מל,קוסמופארם,,קרמה שמפו לגבר 700 מ,מיליליטרים,700.00,"100 מ""ל",false,,15.00,2.1429,true,1,143874
7290013268891,false,אוקסיג'ן ג'ל ללא אקונומיקה עם חמצן פעיל סנו 3 ליטר,"סנו מפעלי ברונוס בע""\מ",,סנו אוקסיג'ן 3 ליטר,ליטרים,3.00,ליטר,false,,26.90,8.9667,true,1,66683
7290013269096,false,מטליות לחות לטיפול במוצרי עור,מיוצר עי קונדיטוריית,,סנו מטליות לחות לטיפ,יחידה,20.00,יחידה,false,,19.70,0.9850,true,1,93466
7290013269447,false,סנו סושי אטבי כביסה פרימיום,,,סנו סושי אטבי כביסה,יחידה,12.00,יחידה,false,,7.90,0.6583,true,1,163719
7290013269621,false,ריצפז פרש לניקוי רצפות בניחוח מלון בוטיק,מיוצר עי קונדיטוריית,,ריצפז פרש הום מלון ב,ליטרים,2.00,ליטר,false,,19.90,9.9500,true,1,163634
7290013269645,false,ריצפז פרש מטליות לחות לריצפה בניחוח מאסק 10 יחידות,סנו מפעלי ברונוס בעמ,,ריצפז פרש מטליות רצפ,יחידה,10.00,יחידה,false,,14.90,1.4900,true,1,90038
7290013269911,false,"סנו K-333 קוטל חרקים ללא ריח 750מ""ל","סנו מפעלי ברונוס בע""",,333 - k,מיליליטרים,750.00,"100 מ""ל",false,,29.00,3.8667,true,1,65527
7290013284051,false,פריניר טריו זיתים 56,פריניר ( הדס 1987) ב,,פריניר טריו זיתים 56,גרמים,560.00,100 גרם,false,,8.90,0.0159,true,1,140917
7290013284112,false,פריניר זית חרוזית יר,פריניר ( הדס 1987) ב,,פריניר זית חרוזית יר,גרמים,560.00,100 גרם,false,,7.90,0.0141,true,1,140922
7290013284136,false,מלפפונים פריניר במלח,פריניר,,פריניר מלפפון במלח 7,גרמים,560.00,100 גרם,false,,5.90,0.0105,true,1,140924
7290013284174,false,פריניר מלפפונים בחומ,פריניר,,פריניר מלפפונים בחומ,יחידה,0.00,יחידה,false,,5.90,0.0000,true,1,140928
7290013284181,false,פריניר מלפפונים בחומ,פריניר,,פריניר מלפפונים בחומ,גרמים,560.00,100 גרם,false,,5.90,0.0105,true,1,144036
7290013301086,false,שקיות אשפה שרוך 80/90 צהוב שמאי 26 יח',,,ר.שמאי אשפתון שרוך צ,יחידה,0.00,יחידה,false,,17.90,0.0000,true,1,177698
7290013301307,false,"ניילון בגליל, גודל42 מ'*1.4",,,מפה גליל 45 מטר- ר.,יחידה,0.00,יחידה,false,,19.90,0.0000,true,1,156209
7290013301710,false,מפת שולחן מעוטרת 1 יחי,,,מפה גליל ניילון מעוט,יחידה,0.00,יחידה,false,,49.90,0.0000,true,1,144502
7290013310323,false,נובי קליפס עם מחזיק וסרט,LTD E.L.CO,,נובי קליפס עם מחזיק,יחידה,0.00,יחידה,false,,0.00,0.0000,true,1,192804
7290013358356,false,פירורי לחם מוזהבים מאסטר שף 320 גרם,מנה י.א בעמ,,מאסטר שף פירורי לחם,גרמים,350.00,100 גרם,false,,4.90,0.0140,true,1,66615
7290013358363,false,מאסטר שף פרורי לחם פנקו עבים בסגנון יפני 300 גר,קריניציה ויטמינה אס,,מאסטר שף פירורי לחם,גרמים,300.00,100 גרם,false,,9.90,0.0330,true,1,66806
7290013358370,false,פנקו פירורי לחם מאסטר שף בטעם שום 300 גרם,"מיוצר ע""י מנה י.א בע",,מאסטר שף פירורי לחם,גרמים,350.00,100 גרם,false,,9.90,0.0283,true,1,70366
7290013358417,false,מאסטר שף אסייאתי רוטב טריאקי 300 מל כשלפ,קריניציה ויטמינה אס,,מאסטר שף אסייאתי רוט,מיליליטרים,300.00,"100 מ""ל",false,,13.90,4.6333,true,1,112307
7290013358431,false,מאסטר שף קרוטונים לסלט עגבניות ובזיליקום,עינת תעשיות מזון אגו,,מאסטר שף קרוטונים לס,גרמים,200.00,100 גרם,false,,11.90,0.0595,true,1,93087
7290013358448,false,"קרוטונים לסלט אקסטרה ארוכים בתיבול שום, בצל ופטרוזיליה",עינת תעשיות מזון אגו,,מאסטר שף קרוטונים לס,גרמים,200.00,100 גרם,false,,11.90,0.0595,true,1,93088
7290013358462,false,"מיני קרוטונים למרק בתיבול שום, בצל ופטרוזיליה","עינת תעשיות מזון, אגשח ב",,מאסטר שף מיני קרוטונ,גרמים,350.00,100 גרם,false,,14.90,0.0426,true,1,93089
7290013358493,false,מנה אסייאתי קרם קוקוס פחית 400 מל מ.שף,תאי קוקונט פבליק קומפני,,מנה אסייאתי קרם קוקו,מיליליטרים,400.00,"100 מ""ל",false,,9.90,2.4750,true,1,112309
7290013358516,false,"מיקסלט חמוציות, גרעינים, קטניות ואגוזים",המאפיה של הרמן,,מאסטר שף מיקסלט עם ח,גרמים,200.00,100 גרם,false,,15.90,0.0795,true,1,102857
7290013358530,false,מאסטר שף אסייאתי רוטב צ'ילי מתוק 700 מל כשלפ,קריניציה ויטמינה אס,,מאסטר שף אסייאתי רוט,מיליליטרים,700.00,"100 מ""ל",false,,14.90,2.1286,true,1,112591
7290013358547,false,מאסטר שף אסייאתי רוטב צ'ילי חריף 700 מל כשלפ,קי.אר.אס. ספייסי פוד,,מאסטר שף אסייאתי רוט,מיליליטרים,700.00,"100 מ""ל",false,,14.90,2.1286,true,1,112310
7290013358578,false,מנה אסייאתי אטריות אורז רחבות 400 ג מ.שף,ליינג טונג רייספלוור,,מאסטר שף אסייאתי אטר,גרמים,400.00,100 גרם,false,,9.90,0.0248,true,1,112311
7290013358585,false,מנה אסייאתי נודלס ביצים להקפצה 400 מ.שף,הנסיך- מפעל לייצור ט,,מאסטר שף אסייאתי נוד,גרמים,400.00,100 גרם,false,,8.90,0.0223,true,1,112312
7290013358806,false,מנה מאגדת פריכיות אורז עם מלח 264 גרם,מנה Mana,,מנה מאגדת פריכיות עם,גרמים,264.00,100 גרם,false,,13.00,0.0492,true,1,95450
7290013361486,false,"פרי הגליל תירס 3 ק""ג",,,"פרי הגליל תירס 3 ק""ג",קילוגרמים,3.00,"ק""ג",false,,19.90,6.6333,true,1,121567
7290013361981,false,צ'יפס קפוא חתוך פרי הגליל,"פרי הגליל בע""""מ",,פרי הגליל ציפס קייטר,יחידה,2.00,יחידה,false,,22.90,11.4500,true,1,73593
7290013361998,false,"סטייק צ'יפס פרי הגליל 2 ק""ג","פרי הגליל בע""""מ",,פרי הגליל סטייק ציפס,יחידה,2.00,יחידה,false,,22.90,11.4500,true,1,73594
7290013366634,false,כרמל יבולים חסה סלנו,שמיניית מעדן חלב שוק,,כרמל יבולים חסה סלנו,גרמים,350.00,100 גרם,false,,12.90,0.0369,true,1,170550
7290013381361,false,שטחון לציפוי ואחסנה צבעוני,אלפא Alfa,,שטיח,יחידה,0.00,יחידה,false,,0.00,0.0000,true,1,196846
7290013381675,false,"סירופ למלבי נאמן 750מ""ל",הילל תעשיות,,"סירופ מלבי 750 מ""ל",מיליליטרים,750.00,"100 מ""ל",false,,17.90,2.3867,true,1,75695
7290013381682,false,קקאו הולנדי טופ מותג,בר מן,,אבקת קקאו בשקית 150,גרמים,150.00,100 גרם,false,,8.90,0.0593,true,1,168840
7290013381989,false,סרדינים בשמן צמחי עם פלפל חריף 125 גרם,Erg Conserve Sarl,,סרדין בשמן + פלפל חר,גרמים,125.00,100 גרם,false,,4.50,0.0360,true,1,112067
7290013389077,false,"עלי טורטיה מקמח חיטה 25ס""מ 8יח' תומר 420 ג'",Azteca foods europe,,תומר טורטיה חיטה 380,גרמים,380.00,100 גרם,false,,12.00,0.0316,true,1,57356
7290013389114,false,ניוקי תפוח אדמה לה פסטה 500 גרם,לה פסטה La' Pasta,,פיקאטה ניוקי תפוא 50,גרמים,500.00,100 גרם,false,,8.20,0.0164,true,1,58682
7290013389176,false,"חומץ בלסמי ממודנה מובחר 500 מ""ל",Matildica srl,,תומר חומץ בלסמי ממוד,מיליליטרים,500.00,"100 מ""ל",false,,19.90,3.9800,true,1,169365
7290013389374,false,קמח תירס פולנטה תומר 500ג',פיקטה piccata,,תומר קמח תירס 500 גר,גרמים,500.00,100 גרם,false,,7.50,0.0150,true,1,86254
7290013389862,false,נודלס מנה חמה -עוף 65 גר,,,תומר נודלס בטעם עוף,יחידה,0.00,יחידה,false,,5.00,0.0000,true,1,77993
7290013440648,false,מאגדת שלגוני אבטיח נסטלה 5 יחידות,גלידות נסטלה )נגה גלידות,,אבטיח קרחונים מאגדת,יחידה,920.00,יחידה,false,,21.90,0.0238,true,1,59372
7290013451620,false,פריכיות אורז מלא ללא,זן בר המכללה לטבעונו,,פריכיות אורז מלא ללא,גרמים,160.00,100 גרם,false,,8.90,0.0556,true,1,159925
7290013472205,false,פטריות חתוך מהדרין תפארת 400 ג' ויליפוד,וילי פוד,,וילי פוד פיטריות שמפ,גרמים,400.00,100 גרם,false,,4.90,0.0123,true,1,180127
7290013472892,false,בולגריה קוביות במי מלח - מרכיבי חלב ושומן צמחי,"קוליוס אס.איי, גריק",,בולגריה בקוביות 22%,גרמים,200.00,100 גרם,false,,10.90,0.0545,true,1,70373
7290013472960,false,חצאי אפרסקים מותג תפארת 820 גרם,קרונוס אס.איי.,,חצאי אפרסקים תפארת 8,גרמים,820.00,100 גרם,false,,7.90,0.0096,true,1,176878
7290013473196,false,KERATIN מסכה לשיער מ,,,KERATIN מסכה לשיער מ,מיליליטרים,500.00,"100 מ""ל",false,,59.90,11.9800,true,1,160928
7290013492005,false,תפוח אדמה אדום למיקרו 600 ג',שרווין ווליאמס,,תפוח אדמה למיקרו 700,גרמים,500.00,100 גרם,false,,8.90,0.0178,true,1,104319
7290013525789,false,אריסה מרוקאית שמיר 150 גר',"סלטי שמיר 2006 בע""מ",,שמיר אריסה מרוקאית ח,גרמים,150.00,100 גרם,false,,6.90,0.0460,true,1,77886
7290013531117,false,רוטב פסטה לילדים 240 גרם יכין,"זנלכל בע""\מ",,יכין רוטב פסטה לילדי,גרמים,260.00,100 גרם,false,,5.00,0.0192,true,1,57073
7290013531490,false,שעועית לבנה אפויה יכין,זנלכל,,יכין פול מתובל שימור,גרמים,550.00,100 גרם,false,,7.00,0.0127,true,1,80748
7290013531582,false,מארז זיתים ירוקים מגולענים יכין 200 גרם,פרופר,,שלישיית זיתים חרוזית,גרמים,600.00,100 גרם,false,,12.90,0.0215,true,1,142052
7290013531612,false,רוטב לפסטה נפוליטנה יכין 240 גרם,זנלכל,,יכין רוטב נפוליטנה 2,גרמים,260.00,100 גרם,false,,5.00,0.0192,true,1,111036
7290013531629,false,רוטב לפסטה פומודורו 240 גרם יכין,היינץ צפון אמריקה מק,,יכין רוטב פומודורו פ,גרמים,260.00,100 גרם,false,,5.00,0.0192,true,1,111037
7290013540218,false,פרינס נתחי טונה קטנה,,,פרינס נתחי טונה קטנה,גרמים,158.00,100 גרם,false,,6.00,0.0380,true,1,92010
7290013540225,false,נתחי טונה קטנה 158*4 גרם,תעשיות פילטונה,,פרינס נתחי טונה בשמן,יחידה,4.00,יחידה,false,,21.90,5.4750,true,1,92011
7290013579522,false,פילה טונה ללא עור פרוס 800 ג',בלאדי,,פילה טונה ללא עור פר,גרמים,800.00,100 גרם,false,,54.90,0.0686,true,1,183001
7290013584816,false,"משק""ל פריגת לימונענע1.5ל",מבשלות בירה בינלאומיות ב,,פריגת לימונענע 1.5 ל,ליטרים,1.50,ליטר,false,,6.70,4.4667,true,1,106368
7290013585240,false,ספרייט זירו 1.5 ליטר,החברה המרכזית לייצור משקאות,,ספרייט זירו 1.5 ליטר,ליטרים,1.50,ליטר,false,,6.50,4.3333,true,1,111651
7290013585271,false,ספרייט זירו מארז שישייה,החברה המרכזית לייצור משקאות,,ספרייט זירו 6* 1.5 ל,ליטרים,1.50,ליטר,false,,36.90,24.6000,true,1,111654
7290013585325,false,קוקה קולה שישיות 2 ל,החברה המרכזית לייצור משקאות,,קוקה קולה שישיות 2 ל,יחידה,6.00,יחידה,false,,44.90,7.4833,true,1,111015
7290013585370,false,קוקה קולה בקבוק 2 ל,החברה המרכזית לייצור משקאות,,קוקה קולה 2 ליטר,ליטרים,2.00,ליטר,false,,7.90,3.9500,true,1,111016
7290013585387,false,קוקה קולה זירו בקבוק,החברה המרכזית לייצור משקאות,,קולה זירו 1 ליטר,ליטרים,1.00,ליטר,false,,5.80,5.8000,true,1,111017
7290013585394,false,קוקה קולה 1ליטר בודד,החברה המרכזית לייצור משקאות,,קוקה קולה 1 ליטר,ליטרים,1.00,ליטר,false,,5.80,5.8000,true,1,111018
7290013585462,false,קוקה קולה זירו 2*6 ליטר,החברה המרכזית לייצור משקאות,,קוקה קולה זירו 6*2 ל,יחידה,6.00,יחידה,false,,44.90,7.4833,true,1,113788
7290013585479,false,קוקה קולה זירו בקבוק,החברה המרכזית לייצור משקאות,,קוקה קולה זירו 2 ליט,ליטרים,2.00,ליטר,false,,7.90,3.9500,true,1,116625
7290013585509,false,"משק""ל פריגת אפרסק 1.5 לי",מבשלות בירה בינלאומיות,,פריגת אפרסק 1.5 ליטר,ליטרים,1.50,ליטר,false,,6.70,4.4667,true,1,111398
7290013585554,false,שישיית קינלי סודה 1.,החברה המרכזית לייצור משקאות,,קינלי סודה 6* 1.5 ל,ליטרים,1.50,ליטר,false,,14.90,9.9333,true,1,119480
7290013585967,false,מארז ספרייט זירו 6 * 330 פח Fridge- pack,קוקה קולה ישראל,,ספרייט זירו פחית 6*3,מיליליטרים,330.00,"100 מ""ל",false,,19.90,6.0303,true,1,122335
7290013596048,false,שוקו אלזהרא 500 גרם,,,שוקו אלזהרא 500 גרם,גרמים,500.00,100 גרם,false,,14.90,0.0298,true,1,182803
7290013596390,false,מארז סחלב אלזהרא 30,,,מארז סחלב אלזהרא 30,יחידה,0.00,יחידה,false,,24.90,0.0000,true,1,182725
7290013608444,false,משקה קל תפוזים 1.5 ליטר,פרימור,,משקה קל פרימור תפוזי,ליטרים,1.50,ליטר,false,,5.90,3.9333,true,1,139046
7290013608451,false,משקה קל פרימור ענבים,גניר,,משקה קל פרימור ענבים,ליטרים,1.50,ליטר,false,,5.90,3.9333,true,1,139050
7290013608529,false,משקה קל אשכוליות 1.5ליטר,גניר,,משקה קל פרימור אשכלי,ליטרים,1.50,ליטר,false,,5.90,3.9333,true,1,139048
7290013608536,false,מש.קל דיאט אשכולית1.5ל,גניר,,משקה קל פרימור דאיט,ליטרים,1.50,ליטר,false,,5.90,3.9333,true,1,139049
7290013608543,false,משקה קל תפוח עץ 1.5 ליטר,גניר,,משקה קל פרימור תפוח,ליטרים,1.50,ליטר,false,,5.90,3.9333,true,1,139052
7290013608550,false,נקטר תפוזים פרימור 1 ליטר,סטאר סנקס,,נקטר תפוז 1 ליטר .,ליטרים,1.00,ליטר,false,,6.90,6.9000,true,1,167764
7290013608567,false,משקה קל פרימור מנגו,גניר,,משקה קל פרימור מנגו,ליטרים,1.50,ליטר,false,,5.90,3.9333,true,1,146678
7290013608604,false,"משקה קל תפוחי עץ פרימור 500 מ""ל",סטאר סנקס,,משקה קל תפוחי עץ 500,מיליליטרים,500.00,"100 מ""ל",false,,3.90,0.7800,true,1,154357
7290013608628,false,פרימור משקה קל ענבים,סטאר סנקס,,"משקה קל ענבים 500 מ""",מיליליטרים,500.00,"100 מ""ל",false,,3.90,0.7800,true,1,154358
7290013608635,false,משקה לימונים עם נענע פרימור 1 ליטר,סטאר סנקס,,נקטר לימון נענע 1 לי,ליטרים,1.00,ליטר,false,,6.90,6.9000,true,1,167765
7290013608642,false,נקטר אפרסק פרימור 1 ליטר,דיפלומט,,נקטר אפרסק 1 ליטר .,ליטרים,1.00,ליטר,false,,6.90,6.9000,true,1,167766
7290013608703,false,"משקה קל אשכליות 500 מ""ל פרימור",סטאר סנקס,,משקה קל אשכליות 500,מיליליטרים,500.00,"100 מ""ל",false,,3.90,0.7800,true,1,154359
7290013608772,false,"משקה קל תפוזים פרימור 500 מ""ל",סטאר סנקס,,משקה קל תפוזים 500 מ,מיליליטרים,500.00,"100 מ""ל",false,,3.90,0.7800,true,1,154360
7290013608796,false,"משקה קל תות בננה 500 מ""ל פרימור",,,משקה קל תות בננה 500,מיליליטרים,500.00,"100 מ""ל",false,,3.90,0.7800,true,1,177371
7290013608833,false,מיץ אננס סחוט טבעי 1ליטר,גניר,,פרימור משקה אננס סחו,מיליליטרים,1000.00,"100 מ""ל",false,,15.90,1.5900,true,1,155554
7290013608864,false,פרימור משקה פירות הדר 1 ליטר בתוספת ויטמין C,"גניר (1992) בע""מ",,משקה פירות הדר בתוספ,ליטרים,1.00,ליטר,false,,0.00,0.0000,true,1,187856
7290013652096,false,תחליב רחצה לפנים נטו,פישר תעשיות,,נטורל קר תחליב רחצה,מיליליטרים,200.00,"100 מ""ל",false,,23.40,11.7000,true,1,59381
7290013652102,false,נטורל קר תחליב רחצה,,,נטורל קר תחליב רחצה,מיליליטרים,200.00,"100 מ""ל",false,,23.40,11.7000,true,1,56390
7290013652119,false,תחליב רחצה לפנים נטו,פישר תעשיות,,נטורל קר תחליב רחצה,מיליליטרים,200.00,"100 מ""ל",false,,23.40,11.7000,true,1,57496
7290013652157,false,"ד""ר פישר - נטורל קר מגבונים להסרת איפור לעור רגיל יבש 30 יח' * 3",פישר מעבדות פרמצבטיות בע,,נטורל קר שלישיית מגב,יחידה,75.00,יחידה,false,,28.00,0.3733,true,1,78444
7290013652164,false,"ד""ר פישר - נטורל קר מגבונים להסרת איפור לעור רגיש 30 יח' * 3",פישר מעבדות פרמצבטיות בע,,נטורל קר שלישיית מגב,יחידה,90.00,יחידה,false,,28.00,0.3111,true,1,78078
7290013652171,false,"ד""ר פישר - נטורל קר מגבונים להסרת איפור לעור שמן מעורב 30 יח' * 3",פישר מעבדות פרמצבטיות בע,,נטורל קר שלישיית מגב,יחידה,90.00,יחידה,false,,28.00,0.3111,true,1,76079
7290013652782,false,נטורל קר קרם לחות לשיער מתולתל- יסמין ופרחי מגנוליה,פישר מעבדות פרמצבטיות,,נטורל קר לחות לשיער,מיליליטרים,400.00,"100 מ""ל",false,,23.40,5.8500,true,1,57498
7290013652799,false,נטורל קר קרם לחות לשיער רגיל/יבש- ורדים וחלב רימונים,פישר מעבדות פרמצבטיות בע,,נטורל קר לחות לשיער,מיליליטרים,400.00,"100 מ""ל",false,,23.40,5.8500,true,1,57286
7290013652805,false,"נטורל קר קרם לחות לשיער יבש צבוע פגום, 400 מ""ל",פישר מעבדות פרמצבטיות,,נטורל קר לחות לשיער,מיליליטרים,400.00,"100 מ""ל",false,,23.40,5.8500,true,1,58635
7290013675545,false,"שניצל כלי תחבורה ""מאמא עוף"" 700 גרם",תנובה גליל שותפות מוגבלת,,מאמא עוף שניצל כלי ת,גרמים,700.00,100 גרם,false,,33.90,0.0484,true,1,154472
7290013702005,false,מים טעם פירות יער 1.5 ל,יפאורה שותפות מובגלת לשיווק,,שוופס וואטר פירות יע,ליטרים,1.50,ליטר,false,,5.90,3.9333,true,1,73639
7290013702043,false,שוופס מים טעם ענבים 1.5ל,יפאורה שותפות מובגלת לשיווק,,שוופס וואטר ענבים 1.,ליטרים,1.50,ליטר,false,,5.90,3.9333,true,1,73641
7290013702371,false,שוופס מים בטעם תפוח 1.5ל,יפאורה שותפות מובגלת לשיווק,,שוופס וואטר בטעם תפו,ליטרים,1.50,ליטר,false,,5.90,3.9333,true,1,73647
7290013702418,false,"שוופס מוגז עדין אפרסק זכוכית 330 מ""ל",יפאורה תבורי בעמ,,שוופס מוגז עדין בטעם,מיליליטרים,330.00,"100 מ""ל",false,,6.00,1.8182,true,1,92894
7290013702463,false,שוופס מוגז לימונייד 1.5ל,יפאורה שותפות מובגלת לשיווק,,שוופס מוגז למונייד 1,ליטרים,1.50,ליטר,false,,5.90,3.9333,true,1,73650
7290013702470,false,שוופס מוגז לימונדה ורודה,יפאורה שותפות מובגלת לשיווק,,שוופס מוגז לימונדה ו,ליטרים,1.50,ליטר,false,,5.90,3.9333,true,1,73651
7290013702708,false,"שוופס מוגז עדין אננס זכוכית 330 מ""ל",יפאורה תבורי בעמ,,שוופס מוגז עדין בטעם,מיליליטרים,330.00,"100 מ""ל",false,,6.00,1.8182,true,1,101444
7290013702951,false,שוופס למון ליים 1.5*6ל',יפאורה שותפות מובגלת לשיווק,,שוופס לימון 6* 1.5 ל,ליטרים,1.50,ליטר,false,,29.90,19.9333,true,1,86339
7290013720771,false,שרימפס בייבי 500 גרם,,,שרימפס בייבי 500 גרם,גרמים,500.00,100 גרם,false,,29.90,0.0598,true,1,173910
7290013720801,false,שרימפס מבושל מקולף 800 ג',,,שרימפס מבושל מקולף 1,יחידה,0.00,יחידה,false,,69.90,0.0000,true,1,173918
7290013725653,false,"קרם קוקוס סו שף 400 מ""ל",,,גולד קרם קוקוס 400 מ,גרמים,400.00,100 גרם,false,,7.50,0.0188,true,1,169953
7290013725707,false,"שמן שומשום סו שף 150 מ""ל","דין שיווק וקלייה בע""",,"שמן שומשום 150 מ""ל",מיליליטרים,150.00,"100 מ""ל",false,,15.10,10.0667,true,1,101382
7290013847645,false,סטארקיסט טונה בשמן זית 80 גר' שלישיות,סטארקיסט Starkist,,סטארקיסט שלישיית טונ,יחידה,0.00,יחידה,false,,19.90,0.0000,true,1,175806
7290013848055,false,קרמה מן קרם גוף בניחוח גברי 400 מ' ל,קוסמופארם בע'\'\מ,,"ק.מן קרם גוף 400מ""ל",מיליליטרים,400.00,"100 מ""ל",false,,24.90,6.2250,true,1,138241
7290013848420,false,דאודורנט גל קרמה מן אנטיפרספירנט 70 מל,גוד פוד פרודקטס S.p,,קרמה מן דאודורנט גל,יחידה,0.00,יחידה,false,,14.90,0.0000,true,1,147544
7290013848789,false,כיף רביעיה סבון מוצק דבש-מרכז,יבואן ומשווק: ש. שסט,,כיף סבון מוצק רביעיי,גרמים,400.00,100 גרם,false,,9.90,0.0248,true,1,73674
7290013848796,false,אל סבון מוצק שקד - מארז רביעיה,קוסמופארם,,כיף סבון מוצק רביעיי,גרמים,400.00,100 גרם,false,,9.90,0.0248,true,1,73675
7290013848802,false,כייף רביעייה אל סבון מוצק לבנדר,קוסמופארם,,כיף סבון מוצק רביעיי,גרמים,400.00,100 גרם,false,,9.90,0.0248,true,1,73676
7290013848826,false,אל סבון מוצק קוקוס וניל - מארז רביעיה,קוסמופארם,,כיף סבון מוצק רביעיי,גרמים,400.00,100 גרם,false,,9.90,0.0248,true,1,73678
7290013848987,false,קרמה דאו ספריי מאסק 150 מל,מיוצר עי : אמיליה קו,,קרמה ספריי מאסק 150,מיליליטרים,150.00,"100 מ""ל",false,,12.90,8.6000,true,1,97230
7290013883407,false,"דזיטול מרסס לחיטוי כללי יעקבי 750 מ""ל",יעקבי - דזיטול Desytol,,דזיטול מחטא ומשמיד ח,מיליליטרים,700.00,"100 מ""ל",false,,14.90,2.1286,true,1,78860
7290013883490,false,מדליק לפחמים קוביות הפי 24 יח',שייני Shiny,,הפי מדליק לפחמים קוב,יחידה,0.00,יחידה,false,,9.90,0.0000,true,1,172808
7290013906052,false,נקניקיות פרגיות טירת צבי 300 גרם,הנסיך- מפעל לייצור ט,,טירת צבי נקניקיות פר,גרמים,300.00,100 גרם,false,,12.10,0.0403,true,1,73690
7290013906212,false,"נקנקיות וינר טירת 1 ק""ג טירת צבי",הנסיך- מפעל לייצור ט,,טירת צבי נקניקיות וי,יחידה,0.00,יחידה,false,,30.00,0.0000,true,1,86910
7290013906458,false,קבנוס בטעם פיקנטי טירת צבי 120 גרם,הנסיך- מפעל לייצור ט,,טירת צבי קבנוס פיקנט,גרמים,120.00,100 גרם,false,,10.90,0.0908,true,1,93492
7290013906687,false,פסט' צמד כפרית ברביקיו ודבש 300X2ג' טירת צבי,הנסיך- מפעל לייצור ט,,טירת צבי צמד כפרית ב,גרמים,600.00,100 גרם,false,,29.90,0.0498,true,1,114712
7290013927026,false,עוגיות דקליות וניל אחווה 400 ג',"אחדות ביח""ר לטחינה",,אחוה דקליות טבעי במג,גרמים,400.00,100 גרם,false,,8.90,0.0223,true,1,57502
7290013927200,false,עוגת שוקולד צ'יפס עשירה אחווה 400ג',אחדות ביחר לטחינה חל,,עוגת שוקולד ציפס עשי,גרמים,400.00,100 גרם,false,,10.00,0.0250,true,1,96588
7290013927323,false,אחדות עוגת בראוניס 400 גרם,אחדות ביחר לטחינה חל,,עוגת בראוניס 400 גרם,גרמים,400.00,100 גרם,false,,10.00,0.0250,true,1,99869
7290014002128,false,תה ירוק לימונית ומנטה 25 שקיקים ויסוצקי,ויסוצקי ירוק,,ויסוצקי תה ירוק לימו,יחידה,25.00,יחידה,false,,24.90,0.9960,true,1,76815
7290014002135,false,תה ירוק מיקס 5 טעמים ויסוצקי 25 יחידות,תה ויסוצקי,,ויסוצקי תה ירוק מיקס,יחידה,0.00,יחידה,false,,24.90,0.0000,true,1,77306
7290014002197,false,חליטת קמומיל ולימונית הגן הקסום ויסוצקי 25 יחידות,תה ויסוצקי,,ויסוצקי חליטת קמומיל,יחידה,25.00,יחידה,false,,17.90,0.7160,true,1,77327
7290014002944,false,גן קסום חליטת פירות וצמחים חמדת שקד 25 שקיקים,תה ויסוצקי,,גן קסום חליטת חמאת ש,יחידה,25.00,יחידה,false,,17.90,0.7160,true,1,103928
7290014002982,false,תה ירוק לימונית ולואיזה ויסוצקי 25 יחידות תוספת סטיביה,ויסוצקי ירוק,,ויסוצקי תה ירוק לימו,יחידה,25.00,יחידה,false,,24.90,0.9960,true,1,99012
7290014046016,false,פסטרמה של פעם דל שומן 2% רכיבים טבעיים,מעדני יחיעם,,יחיעם פסטרמה הודו 10,יחידה,0.00,יחידה,false,,25.90,0.0000,true,1,97977
7290014046047,false,צמד פסטרמות יחיעם 600 גרם,מעדני יחיעם 1993,,יחיעם צמד פסטרמה 600,גרמים,600.00,100 גרם,false,,29.90,0.0498,true,1,100616
7290014046474,false,"נקניקיות עוף יחיעם 1.5 ק""ג",מעדני יחיעם,,יחיעם נקניקיות עוף 1,קילוגרמים,1.50,"ק""ג",false,,29.90,19.9333,true,1,139692
7290014046580,false,"פסטרמה מעודנת על האש 300 גרם ""יחיעם""",מעדני יחיעם 1993,,פסטרמה מעודנת על גחל,גרמים,300.00,100 גרם,false,,25.90,0.0863,true,1,105379
7290014059085,false,"משחת שיניים סנסודיין 75 מ""ל פרימיום לשיקום והגנה","סמית קליין ביצ'ם בע""",,סנסודיין משחה לשיקום,מיליליטרים,75.00,"100 מ""ל",false,,21.90,29.2000,true,1,73697
7290014059436,false,"משחת שיניים סנסודיין 75 מ""ל פרימיום לשיקום והגנה מלבינה 75 מ""ל","סמית קליין ביצ'ם בע""",,סנסודיין משחת לשיקום,מיליליטרים,75.00,"100 מ""ל",false,,21.90,29.2000,true,1,93247
7290014066359,false,לנדוור-קפסולות אספרסו בלנסד(06) - 10יח'12X יח,"קפה לנדוור בע""\מ",,לנדוור קפסולות אספרס,יחידה,0.00,יחידה,false,,17.90,0.0000,true,1,186709
7290014066366,false,לנדוור-קפסולות אספרסו ריסטרטו(08) - 10יח'12X יח,קפה לנדוור,,לנדוור קפסולות אספרס,יחידה,0.00,יחידה,false,,17.90,0.0000,true,1,186710
7290014066373,false,לנדוור-קפסולות אספרסו קלאסיק(09) - 10יח'12X יח,קפה לנדוור,,לנדוור קפסולות אספרס,יחידה,0.00,יחידה,false,,17.90,0.0000,true,1,186711
7290014066441,false,לנדוור-קפסולות אספרסו נטול קפאין(07) - 10יח'12X יח,קפה לנדוור,,לנדוור קפסולות אספרס,יחידה,0.00,יחידה,false,,17.90,0.0000,true,1,186707
7290014066526,false,לנדוור-קפסולות אספרסו תערובת הבית(11) - 10יח'12X יח,קפה לנדוור,,לנדוור קפסולות אספרס,יחידה,0.00,יחידה,false,,17.90,0.0000,true,1,186713
7290014066533,false,לנדוור-קפסולות אספרסו קלייה כפולה(12) - 10יח'12X יח,קפה לנדוור,,לנדוור קפסולות אספרס,יחידה,0.00,יחידה,false,,17.90,0.0000,true,1,186714
7290014079984,false,פרחי כרובית ארוז,,,פרחי כרובית ארוז,יחידה,0.00,יחידה,false,,9.90,0.0000,true,1,170559
7290014083479,false,גבינה פרוסה גאודה 27% שומן EURO CHEESE ויליפוד 150 גרם,ג.וילי פוד אינטרנשיו,,גאודה פרוסות 150גרם,גרמים,150.00,100 גרם,false,,10.90,0.0727,true,1,168115
7290014083561,false,שלישית עגבניות קוביו,גיאגוארו,,שלישית עגבניות קוביו,גרמים,1200.00,100 גרם,false,,20.00,0.0167,true,1,96494
7290014083783,false,שלישיית עגבניות מרוס,גיאגוארו,,עגבניות מרוסקות במיץ,גרמים,1200.00,100 גרם,false,,20.00,0.0167,true,1,93754
7290014094475,false,רוטב צילי מתוק 700 גרם אהרוני,,,אהרוני רוטב צילי מתו,מיליליטרים,700.00,"100 מ""ל",false,,12.90,1.8429,true,1,101380
7290014094512,false,"רוטב טריאקי 300 מ""ל אהרוני",גוואנגזו,,אהרוני רוטב טריאקי 3,מיליליטרים,300.00,"100 מ""ל",false,,10.20,3.4000,true,1,101371
7290014095960,false,שיבולת שועל עבה בשקית שקדיה 500 גרם,"דין שיווק וקלייה בע""",,קוואקר שיבולת שועל ע,גרמים,500.00,100 גרם,false,,6.90,0.0138,true,1,101205
7290014126343,false,בישוקטים בונומי וניל קקאו קקאו 200 גרם,דנשר,,בונומי בישקוטים וניל,גרמים,200.00,100 גרם,false,,8.00,0.0400,true,1,99059
7290014126411,false,סטיביה טוסו במתיקות,,,טוסו סטיביה במתיקות,יחידה,0.00,יחידה,false,,0.00,0.0000,true,1,188499
7290014126473,false,בייבי ביס חטיף אורז בטעם תפוח,גואנז'ו יונג וואנט פ,,בייבי ביס לתינוקות ב,גרמים,50.00,100 גרם,false,,13.90,0.2780,true,1,147274
7290014126770,false,מואי שוקולד מריר מעו,,,מואי שוקולד מריר מעו,יחידה,0.00,יחידה,false,,13.00,0.0000,true,1,93043
7290014177086,false,טרופי סירופ פטל,,,טרופי סירופ פטל,יחידה,0.00,יחידה,false,,19.90,0.0000,true,1,115465
7290014177109,false,טרופי סירופ לימון,,,טרופי סירופ לימון,יחידה,0.00,יחידה,false,,19.90,0.0000,true,1,115467
7290014177123,false,טרופי סירופ לימון נע,,,טרופי סירופ לימון נע,יחידה,0.00,יחידה,false,,19.90,0.0000,true,1,115469
7290014204034,false,"מרכך יומי 750 מ""ל פנינה רוזנבלום",פנינה רוזנבלום,,"מרכך יומי 750 מ""ל",מיליליטרים,750.00,"100 מ""ל",false,,11.00,1.4667,true,1,82160
7290014204478,false,קרם גוף 4 פנינה רוזנבלום,פנינה רוזנבלום,,פנינה רוזנבלום קרם ג,מיליליטרים,100.00,"100 מ""ל",false,,23.90,23.9000,true,1,89827
7290014204614,false,גרנולה שוק.מריר+לבן400גר,אפקט טבעי,,פנינה רוזנבלם גרנולה,גרמים,500.00,100 גרם,false,,29.90,0.0598,true,1,144112
7290014204683,false,סבון משאבה סגול 1 ליטר פנינה רוזנבלום,פנינה רוזנבלום,,פנינה סבון נוזלי משא,מיליליטרים,1000.00,"100 מ""ל",false,,12.00,1.2000,true,1,105921
7290014204690,false,סבון משאבה ורוד 1 ליטר פנינה רוזנבלום,פנינה רוזנבלום,,פנינה סבון נוזלי משא,מיליליטרים,1000.00,"100 מ""ל",false,,12.00,1.2000,true,1,105919
7290014204706,false,סבון משאבה קורל 1 ליטר פנינה רוזנבלום,פנינה רוזנבלום,,פנינה סבון נוזלי משא,ליטרים,1.00,ליטר,false,,12.00,12.0000,true,1,105920
7290014204713,false,"תרסיס גוף מס' 2 250 מ""ל פנינה רוזנבלום",פנינה רוזנבלום,,"תרסיס גוף 250 מ""ל",מיליליטרים,250.00,"100 מ""ל",false,,25.90,10.3600,true,1,112157
7290014218093,false,פיצה משפחתית קמח מלא 500,"מעדנות בע""מ",,מעדנות פיצה מקמח מלא,יחידה,0.00,יחידה,false,,26.00,0.0000,true,1,106759
7290014218130,false,פיצה דקה גבינה 380גרם,"מעדנות בע""\מ",,מעדנות פיצה דקה 380,גרמים,380.00,100 גרם,false,,15.90,0.0418,true,1,113263
7290014218154,false,פיצה דקה מעדנות בתיב,"מעדנות בע""\מ",,מעדנות פיצה דקה בתיב,יחידה,0.00,יחידה,false,,15.90,0.0000,true,1,113264
7290014218291,false,בצק פילו מעדנות 500,"מעדנות בע""מ",,מעדנות בצק פילו,יחידה,0.00,יחידה,false,,23.90,0.0000,true,1,117143
7290014218321,false,בורקס אישי יפו גבינה מעדנות 600 גרם,מיוצר עי קונדיטוריית,,מעדנות בורקס אישי גב,גרמים,600.00,100 גרם,false,,19.90,0.0332,true,1,118784
7290014218338,false,"בורקס אישי יפו תפו""א מעדנות 600 גרם",מיוצר עי קונדיטוריית,,מעדנות בורקס אישי תפ,גרמים,600.00,100 גרם,false,,16.90,0.0282,true,1,118785
7290014218536,false,בצק עלים מרודד מופחת שומן מעדנות 1 קג,תנובה מעדנות,,מעדנות בצק עלים מופח,יחידה,0.00,יחידה,false,,22.90,0.0000,true,1,139546
7290014218932,false,חטיפי פיצה בתוספ זיתים בשקית מעדנות 710 גרם,מיוצר עי קונדיטוריית,,חטיפי פיצה בתוספת זי,גרמים,710.00,100 גרם,false,,35.90,0.0506,true,1,176804
7290014298200,false,בקבוק טריטן 3 צמידים,,,בקבוק ספורט 500 מל,יחידה,1.00,יחידה,false,,29.90,29.9000,true,1,86138
7290014318168,false,ממרח פסטו 190 גרם,,,ממרח פסטו 190 גרם,גרמים,190.00,100 גרם,false,,18.90,0.0995,true,1,139784
7290014318489,false,בצלצלים בחומץ תפוחים 530 גר,לה קונסרבה דאון סרל,,בצלצלים בחומץ תפוחים,גרמים,530.00,100 גרם,false,,25.90,0.0489,true,1,149860
7290014347205,false,תחתוני סבתא,,,תחתוני סבתא,יחידה,0.00,יחידה,false,,0.00,0.0000,true,1,189950
7290014350212,false,ציפה לפוך זוגי,,,ציפה לפוך זוגי,יחידה,0.00,יחידה,false,,0.00,0.0000,true,1,189942
7290014354630,false,מפות טרלין 1.1,,,מפות טרלין 1.1,יחידה,0.00,יחידה,false,,10.00,0.0000,true,1,186238
7290014354647,false,מפות טרלין 2.4,,,מפות טרלין 2.4,יחידה,0.00,יחידה,false,,19.90,0.0000,true,1,186239
7290014354760,false,ראנר ארוך 45*130,,,ראנר ארוך 45*130,יחידה,0.00,יחידה,false,,0.00,0.0000,true,1,188402
7290014357853,false,גרבי ספורט חמישיות,,,גרבי ספורט חמישיות,יחידה,0.00,יחידה,false,,0.00,0.0000,true,1,189959
7290014359444,false,בוקסר גבר אקו,,,בוקסר גבר אקו,יחידה,0.00,יחידה,false,,0.00,0.0000,true,1,191761
7290014397453,false,סנו אוקסיגן גל מסיר כתמים כביסה לבנה 3 ל,סנו אוקסיג'ן,,סנו אוקסיג'ן לכביסה,ליטרים,3.00,ליטר,false,,26.90,8.9667,true,1,89001
7290014397491,false,"מבשם אויר סנו פרש הום בניחוח וניל קוקוס 350 מ""ל",סנו פרש Fresh,,סנו פרש הום קוקוס ונ,מיליליטרים,350.00,"100 מ""ל",false,,10.90,3.1143,true,1,78674
7290014397507,false,מבשם אויר סנו פרש הום בניחוח מאסק מעודן 350 מ''ל,מיוצר עי קונדיטוריית,,סנו פרש הום מאסק מעו,מיליליטרים,350.00,"100 מ""ל",false,,10.90,3.1143,true,1,79965
7290014397675,false,סנו מקסימה מרכך כביסה חלב ודבש 4 ליטר,סנו מקסימה,,מקסימה קר מרכך כביסה,ליטרים,4.00,ליטר,false,,19.90,4.9750,true,1,87876
7290014397712,false,סנובון גל לאסלה בניחוח פריחה ורודה,Nicols polandמשווק ו,,סנובון ג'ל לאסלה פרי,יחידה,0.00,יחידה,false,,9.90,0.0000,true,1,106275
7290014397736,false,מרכך כביסה מקסימה מרוכז פריחה לבנה 4 ל סנו,סנו,,מקסימה קר מרכך פריחה,ליטרים,4.00,ליטר,false,,19.90,4.9750,true,1,91228
7290014397767,false,סנו ריצפז פרש הום 2 ליטר בניחוח כותנה-מרכז,"סנו מפעלי ברונוס בע""",,ריצפז פרש הום כותנה,ליטרים,2.00,ליטר,false,,19.90,9.9500,true,1,91454
7290014397774,false,רצפז פרש הום טבע רענן 2 ל',סנו פרש Fresh,,ריצפז פרש הום טבע רע,ליטרים,2.00,ליטר,false,,19.90,9.9500,true,1,91230
7290014397781,false,סנו ריצפז פרש הום 2 ליטר בניחוח סבון,סנו פרש Fresh,,ריצפז פרש הום סבון מ,ליטרים,2.00,ליטר,false,,19.90,9.9500,true,1,91231
7290014397873,false,מרכך כביסה בבישום עוצמתי ג'נטל בריז,סנו מפעלי ברונוס בעמ,,מקסימה gentle breeze,ליטרים,4.00,ליטר,false,,19.90,4.9750,true,1,181634
7290014424005,false,פראנס ביוטי שעווה למיקרוגל פנים זהב70גר,xanitalia,,פראנס ביוטי שעווה ל,יחידה,0.00,יחידה,false,,0.00,0.0000,true,1,193394
7290014424098,false,פראנס ביוטי שעווה ברולר-ורוד,נורוליס,,פראנס ביוטי שעווה בר,יחידה,0.00,יחידה,false,,0.00,0.0000,true,1,192855
7290014426597,false,משחת שיניים ילדיים קיטי שחור 50 גרם,יושלם,,משחת הלו קיטי מנטה 5,מיליליטרים,50.00,"100 מ""ל",false,,11.90,23.8000,true,1,94021
7290014435704,false,סלמון מעושן שמיר 100 גרם,שבעת הימים - שמיר,,סלמון מעושן 100 גר,גרמים,100.00,100 גרם,false,,24.90,0.2490,true,1,108832
7290014435810,false,נתחי הרינג כבוש עם בצל במרינת חמוץ מתוק שמיר 220 גרם,שבעת הימים - שמיר,,הרינג כבוש עם בצל במ,גרמים,180.00,100 גרם,false,,16.90,0.0939,true,1,108837
7290014452718,false,מפזר חום עומד/שוכב 2,,,מפזר חום עומד/שוכב 2,יחידה,0.00,יחידה,false,,69.90,0.0000,true,1,181057
7290014455245,false,גבינת גרנה פדנו משולש 29% 200 גרם בית יוסף,מחלבת סוציאלה מנטובה,,גרנה פדנו משולש 200,גרמים,200.00,100 גרם,false,,24.90,0.1245,true,1,117810
7290014455252,false,גבינה קשה מגורדת גרנה פדנו 29% שומן,מחלבות גד שיווק 1992,,גרנה פדנו מגורד 100ג,יחידה,0.00,יחידה,false,,11.90,0.0000,true,1,117811
7290014455320,false,גבינה כדורי מוצרלה פרסקה גד 100ג',מוצרלה פרסקה 2 ב 15,,כדור מוצרלה פרסקה 10,גרמים,100.00,100 גרם,false,,8.90,0.0890,true,1,110854
7290014455467,false,ירח מתוק מעדן חלב 2% ושיבולת שועל גד 150ג',גבינות מדף,,מעדן שיבולת שועל וחל,יחידה,150.00,יחידה,false,,5.90,0.0393,true,1,118893
7290014459137,false,"תפוגן סטייק צ'יפס 1.5 ק""ג אסם","תעשיות תפוגן בע""\מ",,תפוגן צ'יפס סטייק 1.,קילוגרמים,1.50,"ק""ג",false,,24.90,16.6000,true,1,94326
7290014459267,false,"תפוגן צ'יפס פרוסות 1.5 ק""ג","תעשיות תפוגן בע""\מ",,תפוגן צ'יפס פרוסות ת,קילוגרמים,1.50,"ק""ג",false,,23.90,15.9333,true,1,110558
7290014459373,false,"צ'יפס קראנצ'י לתנור קפוא תפוגן 1.5ק""ג","תעשיות תפוגן בע""\מ",,תפוגן צ'יפס קראנצ'י,קילוגרמים,1.50,"ק""ג",false,,25.90,17.2667,true,1,119404
7290014459472,false,"צ'יפס קפוא תפוגן 2 ק""ג כשל""פ","תעשיות תפוגן בע""מ",,תפוגן צ'יפס קלאסי 2,קילוגרמים,2.00,"ק""ג",false,,29.90,14.9500,true,1,139555
7290014459632,false,"תפוגן צ'יפס טוגן 1.5 ק""ג",עיצובים 2020 (4.5),,תפוגן ציפס טוגן 1.5,קילוגרמים,1.50,"ק""ג",false,,19.90,13.2667,true,1,155810
7290014471412,false,"מוזלי בוטנים אגוזים ושקדים 1 ק""ג - 412 ירוק שקדיה","דין שיווק וקלייה בע""",,דין מוזלי בוטנים אגו,גרמים,1000.00,100 גרם,false,,20.00,0.0200,true,1,101199
7290014471436,false,"מוזלי צימוקים תפוח קינמון וגרעיני חמניה 1 ק""ג כחול שקדיה","דין שיווק וקלייה בע""",,דין מוזלי צימוקים תפ,גרמים,400.00,100 גרם,false,,20.00,0.0500,true,1,101203
7290014471696,false,תירס מתובל 220 גרם,"מנצ'יס בע""מ",,תירס מתובל 220 גרם,גרמים,220.00,100 גרם,false,,13.90,0.0632,true,1,101295
7290014472426,false,קונפיטורה דובדבן 70% פרי 450 גרם שקדיה,"דין שיווק וקליה בע""מ",,קונפיטורה דובדבן חמו,גרמים,450.00,100 גרם,false,,14.90,0.0331,true,1,169971
7290014472990,false,ממרח 100% שקדים שקדיה 300 גרם,ג'\י אנד ג'\י פקאנס בעמ,,שקדיה ממרח שקדים 300,גרמים,300.00,100 גרם,false,,35.40,0.1180,true,1,101257
7290014518018,false,"קמח חיטה מלא 1 ק""ג",,,"קמח חיטה מלא 1 ק""ג",קילוגרמים,1.00,"ק""ג",false,,5.00,5.0000,true,1,153759
7290014525023,false,חטיף בריאות יוגורט במילוי פירות יער 182ג,סלים דליס Slim Delis,,סלים פרוט ח.דגנים פי,גרמים,215.00,100 גרם,false,,9.90,0.0460,true,1,75849
7290014525177,false,חטיף סלים פרוט Slim fruit בטעם יוגורט ופירות יער,סלים דליס Slim Delis,,סלים פרוט דגנים יוגו,גרמים,182.00,100 גרם,false,,9.90,0.0544,true,1,98361
7290014525290,false,חטיפי סלים דליס קריספי תות מרבה 125 גרם,סלים דליס Slim Delis,,סלים דליס קריספי תות,גרמים,125.00,100 גרם,false,,9.90,0.0792,true,1,123045
7290014525306,false,חטיפי סלים דליס קריספי אוכמניות מרבה 125 גרם,סלים דליס Slim Delis,,סלים דליס קריספי אוכ,גרמים,125.00,100 גרם,false,,9.90,0.0792,true,1,122819
7290014525313,false,חטיפי סלים דליס קריספי שוקולד מרבה 125 גרם,סלים דליס Slim Delis,,סלים דליס קריספי שוק,גרמים,125.00,100 גרם,false,,9.90,0.0792,true,1,122820
7290014525573,false,מרבה שוקודליס עוגיות בציפוי שוקולד חלב מריר 176גר,הלמה הלום בי.וי,,מרבה שוקודליס עוגיות,גרמים,176.00,100 גרם,false,,12.90,0.0733,true,1,157053
7290014525603,false,מרבה שוקודליס עוגיות,,,מרבה שוקודליס עוגיות,גרמים,176.00,100 גרם,false,,12.90,0.0733,true,1,157056
7290014525658,false,שוקודליס עוגיות במיל,מרבה,,שוקודליס עוגיות במיל,גרמים,145.00,100 גרם,false,,12.90,0.0890,true,1,183163
7290014534650,false,"פסטה ""לה פסטה"" 400 ג' צינור 400 ג'",מוטלו,,לה פסטה צינור 400 ג,גרמים,400.00,100 גרם,false,,2.50,0.0063,true,1,105236
7290014534667,false,"פסטה ""לה פסטה"" 400 ג' קונכיה 400 ג'",מוטלו,,לה פסטה קונכיה 400 ג,גרמים,400.00,100 גרם,false,,2.50,0.0063,true,1,105233
7290014534674,false,"פסטה ""לה פסטה"" 400 ג' פרפר 400 ג'",מוטלו,,לה פסטה פרפר 400 ג,גרמים,400.00,100 גרם,false,,2.50,0.0063,true,1,105237
7290014534681,false,"פסטה ""לה פסטה"" 400 ג' בורג 400 ג'",מוטלו,,לה פסטה בורג 400 ג,גרמים,400.00,100 גרם,false,,2.50,0.0063,true,1,105235
7290014534698,false,"פסטה ""לה פסטה"" 400 ג' תלתל 400 ג'",מוטלו,,לה פסטה תלתל 400 גרם,גרמים,400.00,100 גרם,false,,2.50,0.0063,true,1,105234
7290014534704,false,"פסטה ""לה פסטה"" 400 ג' אטריות מרק 400 ג'",מוטלו,,לה פסטה אטריות מרק 4,גרמים,400.00,100 גרם,false,,2.50,0.0063,true,1,105238
7290014648005,false,מסיר לק ללא אציטון לה בלה 250 מל,,,אציטון מסיר לק 250,מיליליטרים,250.00,"100 מ""ל",false,,12.00,4.8000,true,1,123161
7290014648043,false,שעווה דבש לה בל פח 500 ג',,,שעווה לה בילה 500 גר,גרמים,500.00,100 גרם,false,,15.00,0.0300,true,1,135661
7290014648050,false,שעווה לה בילה למיקרו,,,שעווה לה בילה למיקרו,גרמים,500.00,100 גרם,false,,15.00,0.0300,true,1,135662
7290014648067,false,LA BELLE נייר שעווה,,,LA BELLE נייר שעווה,יחידה,50.00,יחידה,false,,29.90,0.5980,true,1,160915
7290014648081,false,סכיני גילוח חד פעמי לה בלה עשירייה,נינגבי הווארד,,סכיני גילוח 10 יח נש,יחידה,1.00,יחידה,false,,10.00,10.0000,true,1,108132
7290014648098,false,סכיני גילוח חד פעמי לה בלה חמישיה,,,בסט סכיני גילוח 5 יח,יחידה,1.00,יחידה,false,,14.90,14.9000,true,1,108133
7290014648104,false,LA BELLE נייר שעווה,,,LA BELLE נייר שעווה,יחידה,10.00,יחידה,false,,6.90,0.6900,true,1,160916
7290014648142,false,אלכוהול LA BELLE 70% מל 100,,,LA BELLE אלכוהול 70%,יחידה,0.00,יחידה,false,,9.90,0.0000,true,1,160921
7290014648159,false,קרם חמצן 6%,,,קרם חמצן 6%,מיליליטרים,250.00,"100 מ""ל",false,,5.00,2.0000,true,1,123164
7290014648296,false,מקלוני צמר גפן LA BE,,,LA BELLE מקלוני צמר,יחידה,0.00,יחידה,false,,1.90,0.0000,true,1,160950
7290014648357,false,PHARMA AID פלסטרים ב,,,PHARMA AID פלסטרים ב,יחידה,0.00,יחידה,false,,13.90,0.0000,true,1,179336
7290014648364,false,פלסטרים פארמה איד 40 יח,,,PHARMA AID פלסטרים ב,יחידה,0.00,יחידה,false,,9.90,0.0000,true,1,179337
7290014648371,false,פלסטרים פארמה איד שקופים 40 יח,,,PHARMA AID פלסטרים ש,יחידה,0.00,יחידה,false,,9.90,0.0000,true,1,179338
7290014648586,false,מקלוני צמר גפן la belle פלסטיק 200 יח,,,LA BELLE מקלוני צמר,יחידה,0.00,יחידה,false,,3.90,0.0000,true,1,160951
7290014648685,false,פדים קוסמטיים להסרת,,,LA BELLE פדים קוסמטי,יחידה,0.00,יחידה,false,,6.90,0.0000,true,1,160953
7290014648852,false,ספוג רחצה לאמבט לבן,,,ספוג רחצה לאמבט לבן,יחידה,0.00,יחידה,false,,17.90,0.0000,true,1,177557
7290014648906,false,מסיר לק מהציפורניים,אקטיב,,LA BELLE מסיר לק 100,מיליליטרים,250.00,"100 מ""ל",false,,5.90,2.3600,true,1,160917
7290014648951,false,PHARMA DENTקיסמי מברשת דו צדדיים בטעם מנטה 100יח,,,קיסמי מברשת דו צדדיי,יחידה,0.00,יחידה,false,,0.00,0.0000,true,1,187989
7290014648999,false,ספוג כפפה לאמבט מפנק,,,ספוג כפפה לאמבט מפנק,יחידה,0.00,יחידה,false,,17.90,0.0000,true,1,177568
7290014649019,false,ספוג כפפה לאמבט מפנק,,,ספוג כפפה לאמבט מפנק,יחידה,0.00,יחידה,false,,17.90,0.0000,true,1,177569
7290014649026,false,ספוג כפפה משולב לאמב,,,ספוג כפפה משולב לאמב,יחידה,0.00,יחידה,false,,17.90,0.0000,true,1,177570
7290014673359,false,מלח לימון תבליני מימון 400 גרם,א.ל ייצור ושיווק תבל,,מלח לימון 400 גר,גרמים,400.00,100 גרם,false,,20.90,0.0522,true,1,98558
7290014673403,false,פלפל שחור טחון תבליני מימון 250 גרם,א.ל ייצור ושיווק תבל,,מימון פלפל שחור טחון,גרמים,250.00,100 גרם,false,,27.90,0.1116,true,1,98563
7290014692541,false,צהובה מגורדת גולדן 500 גרם ויליפוד,ג.וילי פוד אינטרנשיו,,צהובה מגורדת 500 גרם,גרמים,500.00,100 גרם,false,,19.90,0.0398,true,1,99980
7290014692565,false,גרעיני תירס מתוק וילי פוד 320 גרם,אקו קונסרויפרי קי.אפ,,וילי פוד גרעיני תירס,גרמים,320.00,100 גרם,false,,4.80,0.0150,true,1,98185
7290014725348,false,"סוכרזית קלאסי 100 שקיות כש""לפ",סוכרזית Sucrazit,,סוכרזית קלאסי 100 שק,יחידה,100.00,יחידה,false,,14.90,0.1490,true,1,105425
7290014731264,false,ספלאש כוסות 180CC לשתייה קרה 100 יחידות,רם,,ספלאש כוסות לשתיה קר,יחידה,0.00,יחידה,false,,3.90,0.0000,true,1,144526
7290014731844,false,"מפיות מודפס 20 יח' שמאי כשל""פ עד""ח",,,מפיות מעוטרות 3 שכבו,יחידה,25.00,יחידה,false,,4.90,0.1960,true,1,144523
7290014747753,false,פסטרמה רומנית דלי 240גרם,מוצרי עוף טוב (2001) בע\,,עוף טוב דלי פסטרמה כ,גרמים,240.00,100 גרם,false,,21.90,0.0912,true,1,135157
7290014747777,false,פסטרמה פולנית דלי 240גרם,מוצרי עוף טוב (2001) בע\,,עוף טוב דלי פסטרמה מ,גרמים,240.00,100 גרם,false,,21.90,0.0912,true,1,135158
7290014748651,false,פילה אמנון מצופה נתח שלם דג טוב 360 גרם,מוצרי עוף טוב (2001) בע\,,דג טוב פילה אמנון מצ,גרמים,360.00,100 גרם,false,,33.90,0.0942,true,1,160241
7290014749078,false,מקלוני קבנוס עוף טוב 200 גרם,עיצובים 2020 (4.9),,עוף טוב מקלוני קבנוס,גרמים,200.00,100 גרם,false,,18.90,0.0945,true,1,179024
7290014749245,false,ספיישל רצועות שניצל שומשום עוף טוב 600 גרם,מוצרי עוף טוב (2001) בע\,,עוף טוב צונגו רצועות,גרמים,600.00,100 גרם,false,,39.90,0.0665,true,1,182397
7290014749788,false,צ'ונגו-רצועות שניצל בציפוי צ'יפס עוף טוב 600 גרם,מוצרי עוף טוב (2001) בע\,,עוף טוב צונגו רצועות,גרמים,600.00,100 גרם,false,,0.00,0.0000,true,1,188822
7290014758681,false,קוטג תנובה 1% גביע 250 גרם,מיוצר עי קונדיטוריית,,קוטג תנובה 1% גביע 2,גרמים,250.00,100 גרם,false,,5.80,0.0232,true,1,80950
7290014759084,false,גבינת שמנת נפוליאון 16% מופחת שומן תנובה 225 גרם,תנובה מרכז שיתופי לש,,נפוליאון 16% גביע 22,גרמים,225.00,100 גרם,false,,13.00,0.0578,true,1,94973
7290014759534,false,גבינה בולגרית למריחה טבעי 5% 200 ג' פיראוס,"תנובה, מחלבת תל יוסף",,בולגרית למריחה פיראו,גרמים,200.00,100 גרם,false,,13.50,0.0675,true,1,95532
7290014759909,false,פטה עיזים 5% פיראוס גביע 250 גרם,"תנובה, מחלבת טנא נוג",,פטה עיזים 5% פיראוס,גרמים,250.00,100 גרם,false,,27.20,0.1088,true,1,98091
7290014759985,false,גבינת פרמזן גבע 23% תנובה 200 גרם,תנובה חלב,,פלח פרמזן גבע 23% 20,גרמים,200.00,100 גרם,false,,23.40,0.1170,true,1,95529
7290014759992,false,גבינת רוקפור גליל פלח 140 ג' תנובה,"תנובה, מחלבת תל יוסף",,פלח רוקפור גליל 27%,גרמים,140.00,100 גרם,false,,17.90,0.1279,true,1,95531
7290014760134,false,"מעדן סויה בטעם וניל תנובה 125 מ""ל",תנובה Alternative,,מעדן סויה בטעם וניל,מיליליטרים,125.00,"100 מ""ל",false,,3.90,3.1200,true,1,152491
7290014760141,false,משקה שקדים תנובה E אלטרנטיב,תנובה Alternative,,משקה שקדים טרי 1 ליט,ליטרים,1.00,ליטר,false,,11.90,11.9000,true,1,112453
7290014760912,false,פרוסות גבינה 28% שומן 400 ג' גוש חלב,תנובה מרכז שיתופי לש,,גוש חלב 28% 400 גרם,גרמים,400.00,100 גרם,false,,24.90,0.0622,true,1,101851
7290014761056,false,מעדן שוקולד חלב יולו תנובה 123 גרם,מיוצר עי קונדיטוריית,,YOLO מעדן שוקולד חלב,גרמים,123.00,100 גרם,false,,4.30,0.0350,true,1,107910
7290014761063,false,מעדן שוקולד מריר יולו תנובה 123 גרם,מיוצר עי קונדיטוריית,,YOLO מעדן שוקולד מרי,גרמים,123.00,100 גרם,false,,4.30,0.0350,true,1,107911
7290014761193,false,יוגורט עם פירות יער 1.5% שומן 125 ג' פרילי,תנובה מרכז שיתופי לש,,פרילי פירות יער 1.5%,גרמים,125.00,100 גרם,false,,3.30,0.0264,true,1,108305
7290014761414,false,יולו מעדן שכבות שוקולד חלב ולבן 123 גר,מיוצר עי קונדיטוריית,,YOLO מעדן שכבות שוקו,יחידה,0.00,יחידה,false,,4.30,0.0000,true,1,107915
7290014762763,false,יוגורט עם תות פרילי,תנובה,,מאגדת פרילי תות 8*12,גרמים,125.00,100 גרם,false,,20.00,0.1600,true,1,118787
7290014762770,false,מעדן סויה טעם אפרסק125גר,תנובה חלב,,מעדן סויה אפרסק גביע,גרמים,125.00,100 גרם,false,,3.90,0.0312,true,1,147275
7290014762787,false,מעדן סויה בטעם תות 125גר,תנובה חלב,,מעדן סויה תות גביע 1,גרמים,125.00,100 גרם,false,,3.90,0.0312,true,1,147276
7290014762800,false,מעדן סויה שוקולד גביע 125 גרם אלטרנטיב,תנובה מרכז שיתופי לש,,מעדן סויה שוקולד גבי,גרמים,125.00,100 גרם,false,,3.90,0.0312,true,1,147278
7290014762947,false,לאבנה גלילית 11% שומן 750 ג' פיראוס,תנובה,,לאבנה גלילית 11%שומן,גרמים,150.00,100 גרם,false,,23.40,0.1560,true,1,121368
7290014763272,false,יוגורט סויה BIO לשתיה תות ובננה אלטרנטיב,תות תעשיות מזון (201,,יוגורט סויה לשתיה תו,גרמים,250.00,100 גרם,false,,5.90,0.0236,true,1,135622
7290014763289,false,משקה סויה +BIOתפוח ופטל,סוי מג'יק,,יוגורט סויה לשתיה פט,גרמים,250.00,100 גרם,false,,5.90,0.0236,true,1,135623
7290014763401,false,משקה סויה BIO עם אפרסק 2,סוי מג'יק,,יוגורט סויה לשתיה אפ,מיליליטרים,236.00,"100 מ""ל",false,,5.90,2.5000,true,1,135624
7290014763678,false,משקה חלבוןGO טעם וניל250,פארייפאבה אגרואינדוס,,תנובה GO משקה חלב בט,יחידה,0.00,יחידה,false,,6.50,0.0000,true,1,138991
7290014791213,false,שוופס מים 0קלור.תפוח1.5ל,יפאורה שותפות מובגלת לשיווק,,שוופס וואטר תפוח 0 ק,ליטרים,1.50,ליטר,false,,5.90,3.9333,true,1,100512
7290014791237,false,שוופס מים 0קלור.אפרסק1.5,יפאורה שותפות מובגלת לשיווק,,שוופס וואטר אפרסק 0,ליטרים,1.50,ליטר,false,,5.90,3.9333,true,1,100511
7290014791558,false,שוופס סודה נענע 1.5 ל'- רביעייה,יפאורה שותפות מובגלת לשיווק,,שוופס סודה נענע ליים,ליטרים,1.50,ליטר,false,,11.00,7.3333,true,1,106383
7290014791565,false,שוופס מוגז ענבים 1.5ליטר,יפאורה שותפות מובגלת לשיווק,,שוופס ענבים מוגז 1.5,ליטרים,1.50,ליטר,false,,5.90,3.9333,true,1,110808
7290014791589,false,מיץ לימונענע 1.5 ל' תפוזינה,יפאורה שותפות מובגלת לשיווק,,תפוזינה משקה לימונדה,ליטרים,1.50,ליטר,false,,5.90,3.9333,true,1,108815
7290014791619,false,שוופס סודה נענע ליים1.5ל,יפאורה שותפות מובגלת לשיווק,,שוופס סודה נענע ליים,ליטרים,1.50,ליטר,false,,2.90,1.9333,true,1,106384
7290014791626,false,שוופס סודה נענע ליים 250 מל זכוכית,יפאורה תבורי בעמ,,שוופס סודה נענע ליים,מיליליטרים,250.00,"100 מ""ל",false,,5.00,2.0000,true,1,112025
7290014791770,false,פרוט ווטר ענבים 1.5 ליטר,יפאורה שותפות מובגלת לשיווק,,פרוט ווטר ענבים 1.5,ליטרים,1.50,ליטר,false,,6.90,4.6000,true,1,168602
7290014791817,false,פרוט ווטר אבטיח 1.5 ליטר,יפאורה שותפות מובגלת לשיווק,,פרוט ווטר אבטיח 1.5,ליטרים,1.50,ליטר,false,,6.90,4.6000,true,1,168605
7290014791824,false,פרוט ווטר תות 1.5 ליטר,יפאורה שותפות מובגלת לשיווק,,פרוט ווטר תות 1.5 לי,ליטרים,1.50,ליטר,false,,6.90,4.6000,true,1,168606
7290014803565,false,צנימים עגולים עם חיטה מלאה 300 גרם,NEWLAT,,צנימים עגולים חיטה מ,יחידה,0.00,יחידה,false,,11.90,0.0000,true,1,112075
7290014803916,false,שקיות רוכסן ריצ'צץ 19*18,QINGDAO HUAHONGXING,,שקית רוכסן ריצ'רץ' ק,יחידה,0.00,יחידה,false,,11.90,0.0000,true,1,156407
7290014855434,false,מגבונים בייביסיטר פרפורמנס מבושם רביעיה,בייביסיטר Babysitter,,בייביסיטר פרפורמנס מ,יחידה,0.00,יחידה,false,,14.90,0.0000,true,1,186282
7290014855458,false,מגבוני בייביסיטר פרפורמנס ללא בישום מארז 72X4יח',בייביסיטר Babysitter,,בייביסיטר פרפורמנס מ,יחידה,0.00,יחידה,false,,14.90,0.0000,true,1,186283
7290014855854,false,מגבונים לחים מועשרים בקמומיל,בייבי בייסיק,,מגבון בייבי בייסיק מ,יחידה,0.00,יחידה,false,,9.90,0.0000,true,1,186776
7290014860155,false,מחצלת במבו שטוחה 24X24 ס'מ,גולין פנגזו,,מחצלת במבו שטוחה 24X,יחידה,0.00,יחידה,false,,7.90,0.0000,true,1,105259
7290014901254,false,"מרכך קרטין לאחר החלקה ועיצוב בחום סטייל 750 מ""ל",א.ל ארמן ייצור תמרוק,,מרכך קרטין 750,יחידה,0.00,יחידה,false,,0.00,0.0000,true,1,187674
7290014901315,false,סנסודיין משחה הגנה מלאה אקסטרה פרש 75 מל,"סמית קליין ביצ'ם בע""",,סנסודיין מ.שיניים הג,יחידה,0.00,יחידה,false,,21.90,0.0000,true,1,100761
7290014901896,false,"מי פה סנסודיין מנטה מרענן 500 מ""ל",גלקסוסמיתקליין,,סנסודיין מי פה 500 מ,מיליליטרים,500.00,"100 מ""ל",false,,34.90,6.9800,true,1,117713
7290014905313,false,דזיטול מחטא ומשמיד חיידקים לניקוי רצפות ומשטחים 1.2 ליטר,יעקבי,,דזיטול- ניקוי הסביבה,ליטרים,1.00,ליטר,false,,17.00,17.0000,true,1,145779
7290014905719,false,הפי לימונית למדיח כלים - מנטרל ריחות רעים,יעקבי - הפי Hepi,,הפי לימונית למדיח,יחידה,0.00,יחידה,false,,12.90,0.0000,true,1,106926
7290014905733,false,"הפי פרפקט לניקוי שמשות 750 מ""ל",יעקובי הפי,,"הפי לחלונות 750 מ""ל",מיליליטרים,750.00,"100 מ""ל",false,,7.90,1.0533,true,1,106927
7290014905962,false,סבון אסלה הפי בושם 5טיפות ורוד לבנדר נתלה,רלווי,,הפי סבון אסלה 5 טיפו,יחידה,0.00,יחידה,false,,7.90,0.0000,true,1,157520
7290014910515,false,שימורי דגים שפרוטים מעושנים בשמן צמחי 250 גרם,סיא אונדה,,שימורי דגים שפרוטים,יחידה,0.00,יחידה,false,,12.90,0.0000,true,1,151428
7290014940901,false,לחם פשוט מלא אנג'ל 750 גרם,מאפיית שלמה א. אנג'\ל בע,,לחם פשוט מלא,גרמים,750.00,100 גרם,false,,14.90,0.0199,true,1,115888
7290014945159,false,כפפות ניטריל ללא אבקה כחולות XL א- 100 יח',T.P Tailand,,כפפות ניטריל XL,יחידה,0.00,יחידה,false,,24.90,0.0000,true,1,136763
7290014945210,false,צימרוני אוזניים עץ 300 י,ltd Manufacturing .M.A,,צמרי עץ בשקית 300 י,יחידה,300.00,יחידה,false,,3.90,0.0130,true,1,110425
7290014945272,false,2 כריות ברזל לקרצוף,,,2 כריות ברזל לקרצוף,יחידה,0.00,יחידה,false,,4.90,0.0000,true,1,139828
7290014945760,false,"שייני מבשם נוזלי וניל קוקוס 400 מ""ל",,,מבשם נוזלי בניחוח ונ,מיליליטרים,400.00,"100 מ""ל",false,,10.00,2.5000,true,1,122854
7290014947023,false,פריכיות כוסמת ללא מל,זן - בר,,פריכיות כוסמין ללא ת,גרמים,120.00,100 גרם,false,,8.90,0.0742,true,1,173543
7290014947061,false,פרכיות אורז מלא עם מ,,,פרכיות אורז מלא עם מ,גרמים,160.00,100 גרם,false,,8.90,0.0556,true,1,159926
7290014947092,false,פריכיות תירס קצח זן,זן בר,,פריכיות תירס עם קצח,יחידה,0.00,יחידה,false,,8.90,0.0000,true,1,173544
7290014967441,false,מארז קפסולות אספרסו,אספרסו מור,,מארז 10 קפסולות קפה,יחידה,0.00,יחידה,false,,11.90,0.0000,true,1,149356
7290014967458,false,קפסולות אספרסו מור ק,אספרסו מור,,מארז 10 קפסולות קפה,יחידה,0.00,יחידה,false,,11.90,0.0000,true,1,149357
7290014967465,false,מארז קפסולות אספרסו,אספרסו מור,,מארז 10 קפסולות קפה,יחידה,0.00,יחידה,false,,11.90,0.0000,true,1,149358
7290014967472,false,קפסולות אספרסו מור א,אספרסו מור,,מארז 10 קפסולות קפה,יחידה,0.00,יחידה,false,,11.90,0.0000,true,1,149359
7290014967762,false,מארז 100 קפסולות מיקס טעמים,אספרסו מור,,מארז 100 קפסולות קפה,יחידה,0.00,יחידה,false,,79.90,0.0000,true,1,141665
7290014974562,false,גביעי גלידה רגיל טילון עלמה גילרו 24 יח',"א.ג גילרו בע""\מ",,רזיט גביעי גלידה 24,יחידה,24.00,יחידה,false,,7.90,0.3292,true,1,145485
7290015005548,false,"צ'יפס זיג זג 2 ק""ג פרי הגליל","פרי הגליל בע""""מ",,ציפס זיגזג פרי הגליל,קילוגרמים,2.00,"ק""ג",false,,22.90,11.4500,true,1,104312
7290015005555,false,"צ'יפס אמריקאי 2 ק""ג פרי הגליל","פרי הגליל בע""""מ",,ציפס אמריקאי פרי הגל,קילוגרמים,2.00,"ק""ג",false,,22.90,11.4500,true,1,104311
7290015008020,false,נרות נשמה פחית ר.שמאי 24 שעות,,,נרות נשמה 24 שעות- ר,יחידה,0.00,יחידה,false,,1.90,0.0000,true,1,148700
7290015008037,false,נרות חימום 50 יח' ר.שמאי,,,אקו - נריות חימום 50,יחידה,0.00,יחידה,false,,9.90,0.0000,true,1,148516
7290015008044,false,שקיות אשפה 75/90 גליל אקסטרא שמאי 20 יח',,,גליל אשפה עבה במיוחד,יחידה,0.00,יחידה,false,,12.90,0.0000,true,1,152259
7290015008099,false,"צלחות גדול 50 יח' עבות במיוחד שמאי כשל""פ עד""ח",,,שמאי - צלחות לבן גדו,יחידה,50.00,יחידה,false,,8.90,0.1780,true,1,144508
7290015008105,false,"צלחות קטן 50 יח' עבות במיוחד שמאי כשל""פ עד""ח",,,צלחות קטן עבות במיוח,יחידה,50.00,יחידה,false,,4.90,0.0980,true,1,144509
7290015008112,false,"מרקיות 25 יח' עבות במיוחד שמאי כשל""פ עד""ח",,,מרקיות עבות לבן 25 י,יחידה,25.00,יחידה,false,,4.90,0.1960,true,1,144510
7290015008129,false,"לפתניות 25 יח' עבות במיוחד שמאי כשל""פ עד""ח",,,לפתניות עבות לבן 25,יחידה,25.00,יחידה,false,,2.90,0.1160,true,1,144511
7290015008167,false,כוסות מעוטרות צבעוני,,,כוסות מעוטרות צבעוני,יחידה,0.00,יחידה,false,,6.90,0.0000,true,1,147108
7290015008211,false,לפתניות שקוף קשיח עג,,,שמאי - לפתניות קשיח,יחידה,0.00,יחידה,false,,8.90,0.0000,true,1,149235
7290015008273,false,"כוס פלסטיק איכותי 180 פסים ח""פ ר. שמאי 100יח'",,,כוסות פסים לשתיה קרה,יחידה,0.00,יחידה,false,,4.90,0.0000,true,1,144527
7290015008570,false,קערה לאירוח 8' קשיחה ושקופה שמאי כ-1.5 ל',,,קערה לאירוח 8 אינץ ק,יחידה,0.00,יחידה,false,,4.90,0.0000,true,1,148194
7290015008624,false,נרות חימום 50 יח' 4 שעות שמאי,,,נרות חימום עבות 50 י,יחידה,0.00,יחידה,false,,9.90,0.0000,true,1,152260
7290015008631,false,שקיות צליה ר. שמאי 10+2יח',.,,שקיות צליה 10+2 יחיד,יחידה,0.00,יחידה,false,,4.90,0.0000,true,1,162149
7290015008648,false,שקיות צליה ענק ר. שמאי 5+2יח',.,,שקיות צליה ענק 5+2-,יחידה,0.00,יחידה,false,,4.90,0.0000,true,1,162150
7290015008655,false,כפות קרם/שקוף ר.שמאי 50 יח',,,כפות קרם/שקוף ארוז 5,יחידה,0.00,יחידה,false,,4.90,0.0000,true,1,148196
7290015008662,false,מזלג קרם/שקוף ר.שמאי 50 יח',,,מזלג קרם ארוז 50 יח',יחידה,0.00,יחידה,false,,4.90,0.0000,true,1,148197
7290015008679,false,"סכין שקוף/קרם ארוז 50 יחי' כשל""פ",,,סכין קרם/שקוף ארוז 5,יחידה,0.00,יחידה,false,,4.90,0.0000,true,1,148198
7290015008686,false,כפיות קרם/שקוף ר.שמאי 50 יח',,,כפיות קרם/שקוף ארוז,יחידה,0.00,יחידה,false,,4.90,0.0000,true,1,148199
7290015008693,false,"צלחות ענק צבעוני 25 יח' שמאי כשל""פ עד""ח",,,צלחות ענק צבעוני 25,יחידה,0.00,יחידה,false,,9.90,0.0000,true,1,147104
7290015008747,false,תבניות ארוזות R31 +מכסה 5+5 גדול שמאי,.,,תבניות ארוזות R31 +מ,יחידה,0.00,יחידה,false,,8.90,0.0000,true,1,148200
7290015008754,false,תבניות ארוזות R2 +מכסה 5+5 בינוני שמאי,.,,תבניות ארוזות R2 +מכ,יחידה,0.00,יחידה,false,,8.90,0.0000,true,1,148201
7290015008778,false,"צלחות גדול 100 יח' צבעוני שמאי כשל""פ עד""ח",,,צלחות גדול צבעוני אר,יחידה,100.00,יחידה,false,,18.90,0.1890,true,1,144512
7290015008846,false,לפתניות אובלי עבות במיוחד לבן בנדע 25 יח',,,שמאי - קעריות אובלי,יחידה,25.00,יחידה,false,,3.90,0.1560,true,1,144513
7290015008860,false,"אשפתון אפור ידית ""פלוס"" 20 יח",,,פלוס - אשפתון אפור י,יחידה,0.00,יחידה,false,,11.90,0.0000,true,1,183563
7290015008884,false,כוסות פלסטיק איכותי 200 CC פסים שמאי,,,ר.שמאי כוסות פסים 20,יחידה,0.00,יחידה,false,,4.90,0.0000,true,1,177708
7290015008945,false,תבנית מאפינס אלומיניום ארוז שמאי 50 יח',,,שמאי - מאפינס אלומני,יחידה,0.00,יחידה,false,,0.00,0.0000,true,1,192704
7290015008976,false,מזון בקרטון H.D שמאי 150X3 יח',,,שקיות מזון בקרטון של,יחידה,0.00,יחידה,false,,9.90,0.0000,true,1,152261
7290015009126,false,עלי טורטייה מקמח מלא 420 גר 25 סמ,לווליה,,עלי טורטייה מקמח מלא,גרמים,420.00,100 גרם,false,,14.90,0.0355,true,1,185899
7290015009300,false,עלי טורטייה מקמח תירס 360 גרם,פרינסס,,עלי טורטיה מקמח תירס,גרמים,360.00,100 גרם,false,,14.90,0.0414,true,1,185894
7290015015004,false,תאנים מיובשות 400 גר,,,תאנים מיובשות 400 גר,יחידה,0.00,יחידה,false,,19.90,0.0000,true,1,151270
7290015015011,false,חמוציות ברכז תפוח 30,,,חמוציות ברכז תפוח 30,יחידה,0.00,יחידה,false,,14.90,0.0000,true,1,151271
7290015015028,false,צימוקים ג'אמבו 300 ג,,,צימוקים ג'אמבו 300 ג,יחידה,0.00,יחידה,false,,16.90,0.0000,true,1,151272
7290015015035,false,צימוקים כהים 300 גרם,,,צימוקים כהים 300 גרם,יחידה,0.00,יחידה,false,,9.90,0.0000,true,1,151273
7290015015042,false,בננה צ'יפס 200 גרם,,,בננה צ'יפס 200 גרם,יחידה,0.00,יחידה,false,,6.90,0.0000,true,1,151274
7290015015059,false,מיקס פירות יבשים 800,,,מיקס פירות יבשים 800,יחידה,0.00,יחידה,false,,34.90,0.0000,true,1,151305
7290015015073,false,גרעיני חמניה קולפים,,,גרעיני חמניה קולפים,יחידה,0.00,יחידה,false,,9.90,0.0000,true,1,155572
7290015015097,false,גרעיני דלעת מקולפים,,,גרעיני דלעת מקולפים,יחידה,0.00,יחידה,false,,11.90,0.0000,true,1,155578
7290015015103,false,אגוז לוז (בונדוק) מק,,,אגוז לוז (בונדוק) מק,יחידה,0.00,יחידה,false,,16.90,0.0000,true,1,155579
7290015015127,false,שקדים מולבנים פרוסים,,,שקדים מולבנים פרוסים,יחידה,0.00,יחידה,false,,14.90,0.0000,true,1,155570
7290015015134,false,אגוזי מלך קלופים 20,,,אגוזי מלך קלופים 20,יחידה,0.00,יחידה,false,,12.90,0.0000,true,1,155574
7290015015141,false,שקדים מולבנים גפרורי,,,שקדים מולבנים גפרורי,יחידה,0.00,יחידה,false,,14.90,0.0000,true,1,155575
7290015015158,false,שקדים מולבנים חצאים,,,שקדים מולבנים חצאים,יחידה,0.00,יחידה,false,,14.90,0.0000,true,1,155571
7290015015165,false,שקדים מקולפים טבעי 2,,,שקדים מקולפים טבעי 2,יחידה,0.00,יחידה,false,,14.90,0.0000,true,1,155576
7290015015172,false,אגוז פקאן מקולף טבעי,,,אגוז פקאן מקולף טבעי,יחידה,0.00,יחידה,false,,29.90,0.0000,true,1,155580
7290015015196,false,אגוז פקאן סיני מסוכר,,,אגוז פקאן סיני מסוכר,יחידה,0.00,יחידה,false,,19.90,0.0000,true,1,155581
7290015015202,false,קשיו טבעי 250 גרם,,,קשיו טבעי 250 גרם,יחידה,0.00,יחידה,false,,19.90,0.0000,true,1,157363
7290015015219,false,פיסטוק חלבי מקולף 2,,,פיסטוק חלבי מקולף 2,יחידה,0.00,יחידה,false,,32.90,0.0000,true,1,155582
7290015015226,false,צנובר 200 גרם,,,צנובר 200 גרם,יחידה,0.00,יחידה,false,,29.90,0.0000,true,1,155583
7290015015295,false,אגוז ברזילאי מקולף,,,אגוז ברזילאי מקולף,גרמים,100.00,100 גרם,false,,21.90,0.2190,true,1,155584
7290015015301,false,פירורי לחם מוזהבים ד,,,פירורי לחם מוזהבים ד,גרמים,200.00,100 גרם,false,,3.90,0.0195,true,1,177530
7290015015349,false,קפה דבאח בתוספת הל 5,,,קפה דבאח בתוספת הל 5,יחידה,0.00,יחידה,false,,26.90,0.0000,true,1,155415
7290015015363,false,פירורי לחם מוזהבים ד,,,פירורי לחם מוזהבים ד,יחידה,0.00,יחידה,false,,9.90,0.0000,true,1,177531
7290015015394,false,שמן זית כתית מעולה ד,,,שמן זית כתית מעולה ד,יחידה,0.00,יחידה,false,,34.90,0.0000,true,1,177851
7290015015455,false,"קמח חיטה מלאה 2 ק""ג",,,"קמח חיטה מלאה 2 ק""ג",קילוגרמים,2.00,"ק""ג",false,,10.00,5.0000,true,1,96741
7290015025942,false,"קרם ידיים קלאסי עם שמן שקדים פנג'ל 80 מ""ל",מיוצר עי קונדיטוריית,,פנג'ל ק. ידיים קלאסי,יחידה,0.00,יחידה,false,,7.90,0.0000,true,1,117272
7290015039246,false,נתחי טונה בשמן צמחי רביעיה * 160 ג' וילי פוד,וילי פוד,,וילי פוד טונה בהירה,גרמים,640.00,100 גרם,false,,21.90,0.0342,true,1,101615
7290015039253,false,עלי גפן במי מלח ויליפוד 620 גרם,קוראהן פזלרמה וי דיס,,וילי פוד עלי גפן במי,גרמים,620.00,100 גרם,false,,10.00,0.0161,true,1,102469
7290015039338,false,נתחי טונה במי מלח רביעיה * 160 ג' וילי פוד,וילי פוד,,וילי פוד טונה בהירה,גרמים,640.00,100 גרם,false,,21.90,0.0342,true,1,109844
7290015039499,false,ויליפוד עוגיות חמאה איטלקיות מובחרות 1ק,טדסקו אס.אר.אל ויה ד,,ויליפוד עוגיות חמאה,גרמים,1000.00,100 גרם,false,,12.90,0.0129,true,1,107628
7290015054034,false,פאוארטק חלבון בננה 700 גרם,סיטי תוספי מזון,,פאוארטק חלבון 700 גר,גרמים,700.00,100 גרם,false,,119.90,0.1713,true,1,186156
7290015054850,false,פיור וואי HD פרימיום,,,פיור וואי HD פרימיום,קילוגרמים,2.30,"ק""ג",false,,249.90,108.6522,true,1,186151
7290015054867,false,"פיור וואי פרימיום עוגיות 2.3 ק""ג",סיטי תוספי מזון,,פיור וואי HD פרימיום,קילוגרמים,2.30,"ק""ג",false,,249.90,108.6522,true,1,186159
7290015139465,false,כרמית מיקסים בייגלה מצופה שוקולד חלב,כרמית תעשיות ממתקים בעמ,,מיקסים בייגלה מצופה,יחידה,0.00,יחידה,false,,3.90,0.0000,true,1,116950
7290015139519,false,אגו מיקס קוביות וופל 55 גר',כרמית,,מיקסים קוביות וופל 5,יחידה,0.00,יחידה,false,,3.90,0.0000,true,1,116955
7290015139533,false,חופשי ופל לימון ללא ציפוי ללא גלוטן כרמית 200 גרם,"כרמית תעשיות ממתקים בע""\",,ופל לימון ללא ציפוי,גרמים,200.00,100 גרם,false,,11.90,0.0595,true,1,119235
7290015139557,false,חופשי ופל שוקו ללא גלוטן כרמית 200 גרם,"כרמית תעשיות ממתקים בע""\",,חופשי ופל שוקו ללא צ,גרמים,200.00,100 גרם,false,,11.90,0.0595,true,1,119237
7290015139571,false,חופשי ופל בארים בציפוי שוקולד 25 גר,"כרמית תעשיות ממתקים בע""\",,חופשי ופל בארים בציפ,גרמים,125.00,100 גרם,false,,11.90,0.0952,true,1,171572
7290015150033,false,תה ירוק ספייסי נענע 25שק,תה ויסוצקי,,ויסוצקי תה ירוק ספיי,יחידה,25.00,יחידה,false,,24.90,0.9960,true,1,103927
7290015150088,false,מחית עגבניות קלה גרנד איטליה 700 גרם,שוורצקוף& הנקל דיסלד,,גרנד איטליה עגבניות,גרמים,700.00,100 גרם,false,,13.90,0.0199,true,1,111722
7290015150590,false,תה ירוק ג'ינג'ר חריף ויסוצקי 25 יחידות,ויסוצקי ירוק,,ויסוצקי תה ירוק ג'ינ,יחידה,25.00,יחידה,false,,24.90,0.9960,true,1,116455
7290015150729,false,תה ירוק סקיני גריני ויסוצקי 25 יחידות,תה ויסוצקי,,תה ירוק סקיני גריני,יחידה,25.00,יחידה,false,,24.90,0.9960,true,1,119675
7290015155311,false,"6 מחיות ג'וניור תפו""ע 190 גר'",,,ג'וניור שישיית מחיות,יחידה,0.00,יחידה,false,,24.90,0.0000,true,1,160682
7290015155328,false,ג'וניור פרינוק מחיות תפוח בננה מארז 190X6ג',,,ג'וניור שישיית מחיות,יחידה,0.00,יחידה,false,,24.90,0.0000,true,1,160683
7290015155335,false,ג'וניור פרינוק מחיות פירות מארז 190X6ג',,,ג'וניור שישיית מחיות,יחידה,0.00,יחידה,false,,24.90,0.0000,true,1,160684
7290015155342,false,ג'וניור פרינוק לפתן פירות מארז 190X6ג',,,ג'וניור שישיית מחיות,יחידה,0.00,יחידה,false,,24.90,0.0000,true,1,160685
7290015155823,false,מחית תפוחי עץ חטיפטף ללא תוספת סוכר,פרוטה פודיווין איי.א,,מחית פואץ' פרינוק תפ,יחידה,0.00,יחידה,false,,5.90,0.0000,true,1,146661
7290015155830,false,מחית תפוחי עץ ובננה חטיפטף ללא תוספת סוכר,פרוטה פודווין איי.אס,,מחית פואץ' פרינוק תפ,יחידה,0.00,יחידה,false,,5.90,0.0000,true,1,146662
7290015155847,false,מחית סלט פירות חטיפטף ללא תוספת סוכר,פרוטה פודיווין איי.א,,מחית פואץ' פרינוק סל,יחידה,0.00,יחידה,false,,5.90,0.0000,true,1,146663
7290015156776,false,מחית פירות טרופיים חטיפטף ללא תוספת סוכר,פרוטה פודווין איי.אס,,מחית פואץ' פרינוק פי,יחידה,0.00,יחידה,false,,5.90,0.0000,true,1,156404
7290015156813,false,פאוץ' מחית פירות מעורבים פרינוק 120 גרם,פרוטה פודווין איי.אס,,מחית פואץ' פרינוק פי,יחידה,0.00,יחידה,false,,5.90,0.0000,true,1,156406
7290015164832,false,מחית קארי ירוק 400 גרם SUREE כשר,טאפאדונגפורן קוקינט,,מזרח ומערב יבוא מחית,גרמים,400.00,100 גרם,false,,19.00,0.0475,true,1,105263
7290015164856,false,רוטב קארי אדומה 400 גרם SUREE כשר,טאפאדונגפורן קוקינט,,מזרח ומערב יבוא מחית,גרמים,400.00,100 גרם,false,,19.00,0.0475,true,1,105264
7290015176361,false,מברשת שיניים חשמלית למבוגרים-FJ-TBFJ-ABLUE,פוג'יקום,,מברשת שיניים חשמלית,יחידה,0.00,יחידה,false,,39.90,0.0000,true,1,137958
7290015176798,false,כבל HDMI,,,כבל HDMI,יחידה,0.00,יחידה,false,,49.90,0.0000,true,1,147638
7290015223874,false,אסותא ג'ל אלוורה 100,טרופיקל דגיל,,אסותא ג'ל אלוורה 100,יחידה,0.00,יחידה,false,,6.90,0.0000,true,1,154025
7290015223898,false,"אסותא ג'ל אלכוהול 500 מ""ל",,,אסותא גל ניקוי ידיים,יחידה,0.00,יחידה,false,,19.90,0.0000,true,1,154616
7290015282017,false,פרוסות טונה מעושנת 1,"סלטי שמיר 2006 בע""מ",,פרוסות טונה מעושנת (,גרמים,100.00,100 גרם,false,,21.90,0.2190,true,1,109011
7290015282031,false,סלט חומוס עם חריף 30,,,חומוס עם חריף 300 גר,גרמים,300.00,100 גרם,false,,7.90,0.0263,true,1,108846
7290015282048,false,סלט חומוס מזרחי 300,סלטי שמיר 2006,,חומוס מזרחי 300 גר',גרמים,300.00,100 גרם,false,,7.90,0.0263,true,1,108847
7290015282284,false,סלט כרוב אדום 300 גר,סלטי שמיר 2006,,כרוב אדום 300 גר',גרמים,300.00,100 גרם,false,,7.90,0.0263,true,1,108848
7290015282291,false,סלט טחינה ביתית 300,סלטי שמיר 2006,,טחינה ביתית 300 גרם,גרמים,300.00,100 גרם,false,,7.90,0.0263,true,1,108849
7290015282307,false,סלט חציל במיונז 300,סלטי שמיר 2006,,חציל במיונז 300 גר',גרמים,300.00,100 גרם,false,,7.90,0.0263,true,1,108850
7290015282345,false,סלט תורכי איסטנבול 3,סלטי שמיר 2006,,תורכי איסטנבול 300 ג,גרמים,300.00,100 גרם,false,,7.90,0.0263,true,1,108854
7290015282390,false,סלט תורכי 200 גרם שמיר,"סלטי שמיר 2006 בע""מ",,תורכי 200 גרם,גרמים,200.00,100 גרם,false,,6.90,0.0345,true,1,148122
7290015282420,false,סלט חציל על האש 300,סלטי שמיר 2006,,סלט חציל על האש 300,גרמים,300.00,100 גרם,false,,7.90,0.0263,true,1,108856
7290015282604,false,טחינה מיוחדת גורמה שמיר 200 גרם,"סלטי שמיר 2006 בע""מ",,טחינה מיוחדת 200 גרם,גרמים,200.00,100 גרם,false,,6.90,0.0345,true,1,148116
7290015282642,false,חומוס אבו גוש גורמה שמיר 200 גרם,"סלטי שמיר 2006 בע""מ",,חומוס אבו גוש 200 גר,גרמים,200.00,100 גרם,false,,6.90,0.0345,true,1,148125
7290015282697,false,כרוב אדום שמיר גורמה 200גר,"סלטי שמיר 2006 בע""מ",,כרוב אדום 200 גרם,גרמים,200.00,100 גרם,false,,6.90,0.0345,true,1,148128
7290015282727,false,גזר מרוקאי ברוטב פיקנטי אסלי שמיר 200 ג',"סלטי שמיר 2006 בע""מ",,גזר מרוקאי ברוטב פיק,גרמים,200.00,100 גרם,false,,6.90,0.0345,true,1,148131
7290015282758,false,סלט תירס 200גרם גורמה,"סלטי שמיר 2006 בע""מ",,תירס מקסיקני 200 גרם,גרמים,200.00,100 גרם,false,,8.90,0.0445,true,1,148143
7290015282956,false,סלט חציל בטחינה 300,סלטי שמיר 2006,,חציל בטחינה 300 גרם,גרמים,300.00,100 גרם,false,,7.90,0.0263,true,1,108857
7290015282970,false,סלט חציל רומני 300 ג,סלטי שמיר 2006,,חציל רומני 300 גר',גרמים,300.00,100 גרם,false,,7.90,0.0263,true,1,108859
7290015293617,false,קמיל בלו NATURE קרם גוף לתינוק 400 מל,פישר תעשיות,,קמיל בלו NATURE קרם,מיליליטרים,400.00,"100 מ""ל",false,,39.90,9.9750,true,1,177982
7290015293631,false,מסיכה לשיער מתולתל יסמין ופרחי מגנוליה,פישר מעבדות פרמצבטיות,,נטורל קר מסכה שיער מ,מיליליטרים,450.00,"100 מ""ל",false,,32.90,7.3111,true,1,105295
7290015325745,false,מאשא והדב מגבוני רבי,,,מאשא והדב מגבוני רבי,יחידה,4.00,יחידה,false,,14.90,3.7250,true,1,143531
7290015325752,false,אסותא מגבונים לחים רביעיה,טרופיקל דגיל,,אסותא מגבוני רביעייה,יחידה,4.00,יחידה,false,,14.90,3.7250,true,1,143529
7290015355834,false,מתבל עגבניות היינץ חריף ומתובל 855 גרם,ה.י. היינץ,,היינץ מתבל עגבניות ח,יחידה,0.00,יחידה,false,,16.90,0.0000,true,1,154740
7290015366564,false,סנסודיין משחה הלבנה עדינה 75 מל שלישיה,סנסודיין,,סנסודיין מ.שיניים הל,יחידה,0.00,יחידה,false,,36.90,0.0000,true,1,184479
7290015395045,false,"קינואה בשקית שקדיה 400 גרם בד""ץ","שקדיה גבע תעשיות בע""",,שקדיה קינואה 400 ג,גרמים,400.00,100 גרם,false,,14.90,0.0373,true,1,106115
7290015410304,false,פיתות קמח מלא 10 יח',,,פיתה דרוזית,יחידה,0.00,יחידה,false,,14.90,0.0000,true,1,111146
7290015437509,false,פלאטי עגבניות שלמות,,,פלאטי עגבניות שלמות,גרמים,1200.00,100 גרם,false,,14.90,0.0124,true,1,110756
7290015464369,false,"אלין דאודורנט 200 מ""ל בריח לה בל",,,"אלין דאודורנט 200 מ""",מיליליטרים,200.00,"100 מ""ל",false,,19.90,9.9500,true,1,182705
7290015464505,false,אלין מרכך שיאה ארגן מרוקי ללא מלח 1 ליטר,,,אלין מרכך שיער קרטי,ליטרים,1.00,ליטר,false,,46.90,46.9000,true,1,182706
7290015464567,false,"אלין דאודורנט 200 מ""ל VANILA TABAC",,,אלין דאודורנט VANILA,יחידה,0.00,יחידה,false,,19.90,0.0000,true,1,182449
7290015464918,false,אלין רול און ריהאנה,,,אלין רול און ריאהנה,יחידה,0.00,יחידה,false,,14.90,0.0000,true,1,182467
7290015465533,false,"אלין שמפו שמן אגוזי ברזיל 550 מ""ל",,,אלין שמפו שמן אגוזי,יחידה,0.00,יחידה,false,,29.90,0.0000,true,1,182498
7290015465588,false,אלין מרכך שמן אגוזי ברזיל 1ליטר,,,אלין מרכך שיער שמן א,יחידה,0.00,יחידה,false,,46.90,0.0000,true,1,182503
7290015465595,false,"אלין דאודורנט 200 מ""ל VICTUS MEN",,,אלין אינביקטוס דאודו,יחידה,0.00,יחידה,false,,19.90,0.0000,true,1,182504
7290015465816,false,"מבשם גוף אלין 250 מ""ל GOLD",,,אלין מבשם גוף GOLD ג,יחידה,0.00,יחידה,false,,42.90,0.0000,true,1,182514
7290015470384,false,קרם ידיים מטפח אינטנסיב מועשר בשמן שקדים,אינטרקוסמא,,פנגל אינטנסיב ק.ידיי,יחידה,0.00,יחידה,false,,9.90,0.0000,true,1,117273
7290015493154,false,נביעות+רכ.פרי ט.אבטיח1.5,"נביעות טבע הגליל בע""מ",,נביעות עם פרי אבטיח,ליטרים,1.50,ליטר,false,,7.50,5.0000,true,1,155343
7290015493161,false,נביעות+ רכיבי אננס 1.5ל',"נביעות טבע הגליל בע""מ",,נביעות עם פרי אננס 1,ליטרים,1.50,ליטר,false,,7.50,5.0000,true,1,155344
7290015550109,false,touch מברשת הפלא להת,,,touch מברשת הפלא להת,יחידה,0.00,יחידה,false,,0.00,0.0000,true,1,188448
7290015596817,false,"ד""ר פישר - אפקטיב קר קרם גוף מועשר בשמן קוקוס 450 מ""ל",פישר מעבדות פרמצבטיות בע,,קרם גוף מעושר בשמן ק,יחידה,0.00,יחידה,false,,0.00,0.0000,true,1,187755
7290015596831,false,"קרם גוף מעושר בשמן אבוקדו אפקטיב קר ד""ר פישר",פישר מעבדות פרמצבטיות בע,,קרם גוף מעושר בשמן א,יחידה,0.00,יחידה,false,,0.00,0.0000,true,1,188720
7290015597326,false,מאגדת קרחוני אייס לייט 3 טעמים 260 גר,"גלידת שטראוס בע""\מ, רחוב",,אסקימו מאגדת קלי קלו,יחידה,10.00,יחידה,false,,27.90,2.7900,true,1,118729
7290015603188,false,אטריות ביצים 454ג' (כ) (fu),פוגיאן לונגהי אנלידה אינ,,מזרח ומערב יבוא אטרי,גרמים,454.00,100 גרם,false,,8.00,0.0176,true,1,117712
7290015603195,false,איטריות בתוספת תרד 454 גרם,פוגיאן לונגהי אנלידה אינ,,איטריות בתוספת תרד 4,גרמים,454.00,100 גרם,false,,8.00,0.0176,true,1,112099
7290015603225,false,איטריות בתוספת גזר 454 גרם,פוגקן לונגהי אנלידה,,אטריות גזר 454 גרם,גרמים,454.00,100 גרם,false,,8.00,0.0176,true,1,137980
7290015603546,false,"שימורי קרם קוקוס 17-19% 400 מ""ל (ASIATIC)(כ)",אסיאטיק אגרו אינדסטר,,שימורי קרם קוקוס 400,מיליליטרים,400.00,"100 מ""ל",false,,8.90,2.2250,true,1,178438
7290015603560,false,"שימורי קרם קוקוס 20-22% 400 מ""ל (ASIATIC)(כ)",אסיאטיק אגרו אינדוסטרי,,"קרם קוקוס 22% 400 מ""",מיליליטרים,400.00,"100 מ""ל",false,,10.00,2.5000,true,1,118808
7290015603584,false,ג'ינגר לבן כבוש ללא מונוסודיום 160 גרם (כ),לאיווי איפנג פודס קו,,גינגר לבן כבוש ללא מ,גרמים,340.00,100 גרם,false,,7.90,0.0232,true,1,119018
7290015603591,false,גינגר ורוד כבוש ללא מונוסודיום 160 גרם,ננטונג הידה אקוטיק פ,,ג'ינגר ורוד כבוש ללא,גרמים,160.00,100 גרם,false,,5.90,0.0369,true,1,150320
7290015652124,false,"רוטב סריראציה חריף מאוד 450 מ""ל אהרוני",פודס אוף רוצסטר,,אהרוני רוטב סריראצה,מיליליטרים,450.00,"100 מ""ל",false,,14.90,3.3111,true,1,116977
7290015652148,false,רוטב עגבניות ושום לפסטה,"דין שיווק וקליה בע""מ",,אהרוני רוטב עגבניות,יחידה,0.00,יחידה,false,,13.90,0.0000,true,1,116979
7290015652155,false,רוטב עגבניות ובזיליקום ל,"דין שיווק וקליה בע""מ",,אהרוני רוטב עגבניות,יחידה,0.00,יחידה,false,,13.90,0.0000,true,1,116980
7290015652254,false,גרעיני חמניה קלויים 400 גרם ששון הקלה,"דין שיווק וקלייה בע""",,קניה חכמה גרעיני חמנ,גרמים,500.00,100 גרם,false,,10.00,0.0200,true,1,112349
7290015652261,false,בוטנים קלויים ששון הקולה 350 גרם,"דין שיווק וקלייה בע""",,קניה חכמה בוטנים קלו,גרמים,400.00,100 גרם,false,,10.00,0.0250,true,1,112350
7290015652292,false,קבוקים עם שומשום ששון הקולה 400 גרם,"דין שיווק וקלייה בע""",,קניה חכמה קבוקים עם,גרמים,500.00,100 גרם,false,,10.00,0.0200,true,1,112353
7290015652308,false,מנצ'ס ששון הקולה 400 גרם,"דין שיווק וקלייה בע""",,קניה חכמה מנצס 400 ג,גרמים,400.00,100 גרם,false,,10.00,0.0250,true,1,112354
7290015690683,false,חטיף בטעם ברביקיו 22,,,חטיף בטעם ברביקיו 22,גרמים,220.00,100 גרם,false,,4.90,0.0223,true,1,151020
7290015690690,false,חטיף בטעם גריל 220 ג,,,חטיף בטעם גריל 220 ג,גרמים,220.00,100 גרם,false,,4.90,0.0223,true,1,151021
7290015690737,false,חטיף בטעם חמוץ חריף,,,חטיף בטעם חמוץ חריף,גרמים,170.00,100 גרם,false,,4.90,0.0288,true,1,151025
7290015690744,false,חטיף תירס 120 גרם,,,חטיף תירס 120 גרם,גרמים,120.00,100 גרם,false,,4.90,0.0408,true,1,151026
7290015699730,false,סבון דה מארסיי יעקבי 1.5 ליטר *חדש-,יעקובי הפי,,הפי לרצפה מבושמת 1.5,ליטרים,1.50,ליטר,false,,17.00,11.3333,true,1,121322
7290015704663,false,כף טיגון מחוררת,,,כף טיגון מחוררת,יחידה,0.00,יחידה,false,,32.90,0.0000,true,1,146531
7290015733120,false,מטרנה גולד שלב 1 תרכובת מזון על בסיס חלבי,נסטלה,,מטרנה גולד שלב אחד 7,גרמים,700.00,100 גרם,false,,79.90,0.1141,true,1,155811
7290015733144,false,מטרנה גולד שלב 2 תרכובת מזון על בסיס חלבי,מטרנה,,מטרנה גולד שלב שתיים,גרמים,700.00,100 גרם,false,,79.90,0.1141,true,1,155812
7290015733427,false,מטרנה דייסת גם וגם וניל פרו12*300ג 2019,מולינו ניקולי s.p.a,,מטרנה דייסת גם וגם ו,גרמים,300.00,100 גרם,false,,16.90,0.0563,true,1,182402
7290015733441,false,מטרנה דייסת גם וגם דגנים פרו 300 גר',מטרנה תעשיות ש.מ,,מטרנה דייסת גם וגם ד,גרמים,300.00,100 גרם,false,,16.90,0.0563,true,1,182391
7290015733465,false,דייסת מטרנה גם וגם קרנפלור פרו 300 גרם,מטרנה תעשיות ש.מ,,מטרנה דייסת גם וגם ק,גרמים,300.00,100 גרם,false,,16.90,0.0563,true,1,182392
7290015793469,false,"קרם להקלה בגירוי, צריבה ותפרחת חיתולים לעור רגיש",אורה קרם,,אורה קרם להקלת גירוי,יחידה,0.00,יחידה,false,,0.00,0.0000,true,1,187853
7290015804080,false,רסק עגבניות טל 100 גרם,"מילוז(1989)בע""""מ",,רסק עגבניות 22 100 ג,גרמים,100.00,100 גרם,false,,1.90,0.0190,true,1,117574
7290015804394,false,רסק עגבניות 22% 260 ג' טל וטרי,טל וטרי,,רסק עגבניות 22% 260,גרמים,260.00,100 גרם,false,,2.90,0.0112,true,1,118576
7290015804400,false,עגבניות מרוסקות טל 250 גרם,טל וטרי,,טל עגבניות מרוסקות 2,גרמים,260.00,100 גרם,false,,2.90,0.0112,true,1,118577
7290015804417,false,עגבניות מרוסקות מתובלות עם שום,טל,,טל עגבניות מרוסקות ע,גרמים,260.00,100 גרם,false,,2.90,0.0112,true,1,118578
7290015819466,false,תחתון בנות שלישייה כ,,,תחתון בנות שלישייה כ,יחידה,0.00,יחידה,false,,11.90,0.0000,true,1,178761
7290015842631,false,"כוס ברד 330 מ""ל ח""פ 40יח'",,,שמאי - כוסות לבירה 3,יחידה,0.00,יחידה,false,,7.90,0.0000,true,1,148202
7290015850407,false,שרימפס מבושל 26-30 1,,,שרימפס מבושל 26-30 1,קילוגרמים,1.00,"ק""ג",false,,84.90,84.9000,true,1,154775
7290015855013,false,פלפלים מתוקים בצבעים,,,פלפלים מתוקים בצבעים,יחידה,0.00,יחידה,false,,9.90,0.0000,true,1,113242
7290015855037,false,פלפל צילי חריף,,,פלפל צ'ילי,יחידה,0.00,יחידה,false,,9.90,0.0000,true,1,113206
7290015855082,false,ברוקולי מיני,,,ברוקלי ארוז,יחידה,0.00,יחידה,false,,0.00,0.0000,true,1,193694
7290015855129,false,כרוב קייל רעננים,רעננים,,כרוב על,יחידה,0.00,יחידה,false,,11.90,0.0000,true,1,117592
7290015855181,false,ג'ינג'ר ארוז,,,גינג'יר,יחידה,0.00,יחידה,false,,9.90,0.0000,true,1,120910
7290015855228,false,אספרגוס א.אדמה,אדמה,,אספראגוס,יחידה,0.00,יחידה,false,,19.90,0.0000,true,1,120542
7290015855358,false,בצלצלי שאלוט 280 גרם,,,בצלצלי שאלוט 280 גרם,גרמים,280.00,100 גרם,false,,11.90,0.0425,true,1,154418
7290015858106,false,"ממרח פסטו ביתי 180 גרם ""עללחם""","מדשא תעשיות מזון בע""\מ",,פסטו ביתי עללחם 180,גרמים,180.00,100 גרם,false,,16.90,0.0939,true,1,180571
7290015858113,false,"ממרח עגבניות מיובשות 180 גרם ""טריטרי""","מדשא תעשיות מזון בע""\מ",,ממרח עגבניות מיובשות,גרמים,180.00,100 גרם,false,,16.90,0.0939,true,1,180572
7290015858151,false,ממרח שום 180 גרם עללחם בית יוסף,מדשא תעשיות מזון בעמ,,ממרח שום עללחם 180 ג,גרמים,180.00,100 גרם,false,,0.00,0.0000,true,1,195975
7290015872096,false,חומוס סלטי שמיר 700 גרם,"סלטי שמיר 2006 בע""מ",,שמיר חומוס אסלי 700,גרמים,700.00,100 גרם,false,,9.90,0.0141,true,1,110021
7290015886369,false,KERATIN קונדישנר לשי,,,KERATIN קונדישנר לשי,מיליליטרים,1000.00,"100 מ""ל",false,,69.90,6.9900,true,1,160924
7290015886390,false,KERATIN שמפו לשיער י,,,KERATIN שמפו לשיער י,מיליליטרים,1000.00,"100 מ""ל",false,,69.90,6.9900,true,1,160926
7290015886710,false,KERATIN שמפו לשיער צ,,,KERATIN שמפו לשיער צ,מיליליטרים,1000.00,"100 מ""ל",false,,69.90,6.9900,true,1,160927
7290015888004,false,שמן תירס 2 ליטר,,,שמן תירס 2 ליטר,ליטרים,2.00,ליטר,false,,17.90,8.9500,true,1,115977
7290015888028,false,שוקחה אורז בסמתי ריה,ציימן לאל סטיה,,שוקחה אורז בסמתי ריה,קילוגרמים,1.00,"ק""ג",false,,9.90,9.9000,true,1,143740
7290015888042,false,אורז בסמתי 'ריהן' 5ק'ג,ציימן לאל סטיה,,"אורז בסמטי ריהן 5 ק""",קילוגרמים,5.00,"ק""ג",false,,44.90,8.9800,true,1,138631
7290015888127,false,רביעיית טונה שוקחה ב,,,רביעיית טונה שוקחה ב,יחידה,0.00,יחידה,false,,21.90,0.0000,true,1,143668
7290015888158,false,קוקטיל פירות טרופי 8,,,קוקטיל פירות טרופי 8,גרמים,800.00,100 גרם,false,,7.90,0.0099,true,1,146881
7290015888196,false,שמן חמניות שוקחה 1 ל,"אל אל סי ""בונגי סי א",,שוקחה שמן חמניות 1 ל,ליטרים,1.00,ליטר,false,,7.90,7.9000,true,1,148596
7290015888219,false,שמן חמניות שוקחה 5 ל,,,שוקחה שמן חמניות 5 ל,ליטרים,5.00,ליטר,false,,34.90,6.9800,true,1,148598
7290015888301,false,שמן חמניות שוקחה 3 ל,אל אל סי פרייקלוטניא,,שוקחה שמן חמניות 3 ל,ליטרים,3.00,ליטר,false,,19.90,6.6333,true,1,167287
7290015888356,false,סרדינים שוקחה בשמן צ,,,סרדינים שוקחה 50 גרם,יחידה,0.00,יחידה,false,,4.90,0.0000,true,1,185599
7290015888363,false,סרדינים שוקחה חריף,,,סרדינים שוקחה חריף,יחידה,0.00,יחידה,false,,4.90,0.0000,true,1,185600
7290015888400,false,נתחי טונה בהירה בשמן צמחי רביעייה * 140 ג' שוקחה,,,טונה נתחים שוקחה 140,יחידה,0.00,יחידה,false,,21.90,0.0000,true,1,186716
7290015888424,false,טונה פתיתים מורגן 14,,,טונה פתיתים מורגן 14,יחידה,0.00,יחידה,false,,14.90,0.0000,true,1,186717
7290015888479,false,שוקחה שמן צמחי 2.5 ל,,,שוקחה שמן צמחי 2.5 ל,ליטרים,2.50,ליטר,false,,0.00,0.0000,true,1,187936
7290015968140,false,אטב אחיזה רחבה בעיצוב איטלקי הוסטס 36 יח,H.J.E,,אטבי בעיצוב איטלקי א,יחידה,0.00,יחידה,false,,0.00,0.0000,true,1,187219
7290015968782,false,פדים להסרת איפור במארז 80X3 יח',F.H.P CO.LT,,פדים להסרת איפור 3*8,יחידה,0.00,יחידה,false,,0.00,0.0000,true,1,188814
7290015979559,false,חסה ערבית יחידה,,,חסה ערבית,יחידה,0.00,יחידה,false,,3.90,0.0000,true,1,186433
7290015979665,false,חסה עגולה,חקלאי,,חסה עגולה,יחידה,0.00,יחידה,false,,3.90,0.0000,true,1,186434
7290015995412,false,"ערמונים טוסקנה 1 ק""ג",,,"ערמונים טוסקנה 1 ק""ג",קילוגרמים,1.00,"ק""ג",false,,24.90,24.9000,true,1,181914
7290015996570,false,סוכרזית סוכרלוז 300 טבליות,ביסקול בע''מ,,סוכרזית סוכרלוז 300,יחידה,300.00,יחידה,false,,34.90,0.1163,true,1,118206
7290016006292,false,נקטר מנגו בננה מלון קרטונית 1 ל' ספרינג,יפאורה שותפות מובגלת לשיווק,,ספרינג מנגו בננה מלו,ליטרים,1.00,ליטר,false,,5.90,5.9000,true,1,122350
7290016006360,false,שוופס מוגז תות ליים 1.5ל,יפאורה שותפות מובגלת לשיווק,,שוופס מוגז תות ליים,ליטרים,1.50,ליטר,false,,5.90,3.9333,true,1,122612
7290016006735,false,שוופס מוגז פירות תפוז 1.5ל',יפאורה שותפות מובגלת לשיווק,,שוופס תפוזים מוגז 1.,ליטרים,1.50,ליטר,false,,5.90,3.9333,true,1,141680
7290016006865,false,ספרינג אננס בננה1.5 ליטר,"יפאורה תבורי בע""\מ",,ספרינג משקה בטעם אננ,ליטרים,1.50,ליטר,false,,5.90,3.9333,true,1,144284
7290016077759,false,רוטב ברביקיו קלאסי היינץ 480 גרם,היינץ Heinz,,היינץ רוטב ברביקיו ק,גרמים,480.00,100 גרם,false,,16.90,0.0352,true,1,150469
7290016083071,false,טבעות דגנים עם דבש 3,,,טבעות דגנים עם דבש 3,יחידה,0.00,יחידה,false,,0.00,0.0000,true,1,197644
7290016096491,false,נתחי טונה בהירה בשמן צמחי שלישיה *80ג' פילטונה,תעשיות פילטונה,,פילטונה שלישית בשמן,יחידה,0.00,יחידה,false,,9.90,0.0000,true,1,156256
7290016098068,false,"קרקר נאש 1.2 ק""ג",,,"קרקר נאש 1.2 ק""ג",קילוגרמים,1.20,"100 ק""ג",false,,19.90,16.5833,true,1,182916
7290016102079,false,"קינוחית משולשת שקופה כשל""פ",,,שמאי - קינוחית משולש,יחידה,0.00,יחידה,false,,9.90,0.0000,true,1,148203
7290016102093,false,"קינוחית מדורגת שקופה ח""פ 20 יח'",,,שמאי - קינוחית מדורג,יחידה,0.00,יחידה,false,,9.90,0.0000,true,1,148205
7290016102123,false,קסרול שקוף קשיח=בדול,,,קסרול שקוף קשיח=בדול,יחידה,0.00,יחידה,false,,6.90,0.0000,true,1,149241
7290016102130,false,לפתניה מרובעת שקוף קשיח באסקט אחת שתיים שמאי 10 יח',,,שמאי - לפתניה מרובעת,יחידה,0.00,יחידה,false,,7.90,0.0000,true,1,149242
7290016102239,false,נרות 48 שעות זכוכית אחת שתיים שמאי,,,שמאי - נר 48 שעות,יחידה,0.00,יחידה,false,,4.90,0.0000,true,1,149190
7290016102253,false,נרות 72 שעות זכוכית אחת שתיים שמאי,,,נר זכוכית 72 שעות- ר,יחידה,0.00,יחידה,false,,5.90,0.0000,true,1,149191
7290016102338,false,מרקיות קשיחות במיוחד 100 יח',,,שמאי - צלחות מרק 100,יחידה,0.00,יחידה,false,,15.90,0.0000,true,1,147093
7290016102345,false,לפתניות לבנות שמאי 100 יחידות,,,שמאי - לפתניות 100 י,יחידה,0.00,יחידה,false,,9.90,0.0000,true,1,147094
7290016102352,false,קערה אובלית לאירוח 11' קשיחה ושקופה שמאי כ-2 ל',,,שמאי - קערת אירוח או,יחידה,0.00,יחידה,false,,5.90,0.0000,true,1,148207
7290016102369,false,מגש לאירוח מלבני קשיח שקוף שמאי,,,שמאי - מגש לאירוח שק,יחידה,0.00,יחידה,false,,5.90,0.0000,true,1,148208
7290016102406,false,"קינוחית פרח כוס שקופה 20 יח' ר. שמאי כשל""פ עד""ח",,,שמאי - קינוחית פרח כ,יחידה,0.00,יחידה,false,,11.90,0.0000,true,1,177704
7290016102444,false,"כף הגשה בודד קשיח עד""ח ר. שמאי",,,כף הגשה בודד=שלל צבע,יחידה,0.00,יחידה,false,,2.50,0.0000,true,1,149264
7290016102482,false,מפה אל-בד 120X180 צבעוני/לבן ר. שמאי,,,מפה אלבד צבעוני מעור,יחידה,0.00,יחידה,false,,4.90,0.0000,true,1,152263
7290016102543,false,צלחות גדול שקוף בדולח,,,שמאי - צלחות גדול 'ב,יחידה,0.00,יחידה,false,,17.90,0.0000,true,1,152267
7290016102628,false,קינוחית מלבן שקופה שמאי 12 יח',,,שמאי - קינוחית מלבן,יחידה,0.00,יחידה,false,,9.90,0.0000,true,1,148212
7290016102697,false,צלחות גדול שקוף קריסטל 25 יחי' שמאי כשלפ,,,צלחות גדול שקופות =ק,יחידה,0.00,יחידה,false,,9.90,0.0000,true,1,155096
7290016102710,false,מרקיות שקופות קריסטל שמאי 25 יח',,,מרקיות שקופות =קריסט,יחידה,0.00,יחידה,false,,6.90,0.0000,true,1,155098
7290016102758,false,"מגשיות אובלי צבעוני עמוקות קשיחות ח""פ 12יח'",,,מגש אובלי צבעוני עמו,יחידה,0.00,יחידה,false,,6.90,0.0000,true,1,155104
7290016102772,false,צלחות גדולות חד פעמי אקו 50 יח',,,ר.שמאי צלחות גדולות,יחידה,0.00,יחידה,false,,5.90,0.0000,true,1,179804
7290016102789,false,צלחות קטנות אקו 50 יח',,,ר.שמאי צלחות קטנות א,יחידה,0.00,יחידה,false,,3.90,0.0000,true,1,179805
7290016102864,false,תבניות ארוזות R64 +מכסה 5+5 חלה ר. שמאי עד''ח,,,תבניות ארוזות R64 +מ,יחידה,0.00,יחידה,false,,8.90,0.0000,true,1,148214
7290016102895,false,מפיות צבעוני מעורב 100 יח'.,,,מפיות צבעוניות 100 י,יחידה,100.00,יחידה,false,,4.90,0.0490,true,1,144525
7290016114300,false,נייר טואלט דו שכבתי אורך כפול לבן לילי 16 גלילים,לילי נייר טואלט חוגלה,,לילי נייר טואלט לבן,יחידה,16.00,יחידה,false,,36.90,2.3062,true,1,138027
7290016129335,false,סופר גוד בייטס ציה פ,,,סופר גוד בייטס ציה פ,גרמים,120.00,100 גרם,false,,19.90,0.1658,true,1,122157
7290016129816,false,שוקלד מריר רפאלס 85%,,,שוקלד מריר רפאלס 85%,גרמים,100.00,100 גרם,false,,0.00,0.0000,true,1,189139
7290016136135,false,תערובת מאפינס שוקולד,,,תערובת מאפינס שוקולד,גרמים,480.00,100 גרם,false,,16.90,0.0352,true,1,145260
7290016136142,false,תערובת להכנת פנקייק ללא גלוטן 400 גר,"אשבל -מזון פונקציונלי בע""מ",,תערובת מאפינס וניל ל,גרמים,480.00,100 גרם,false,,18.90,0.0394,true,1,145261
7290016136692,false,משחת שיניים הגנה משולשת מנטה מרענן- שלישייה,גלקסוסמיתקליין,,א.פרש מנטה שלישיה 10,יחידה,0.00,יחידה,false,,17.90,0.0000,true,1,143221
7290016136708,false,משחת שיניים הגנה משולשת מנטה עדין- שלישייה,גלקסוסמיתקליין,,א.פרש עדין שלישיה 10,מיליליטרים,100.00,"100 מ""ל",false,,17.90,17.9000,true,1,143222
7290016144000,false,"קמח חיטה מלאה נפלאות 80% 1 ק""ג","קמח מלכים בע""\מ",,"קמח חיטה שמונים 1 ק""",קילוגרמים,1.00,"ק""ג",false,,8.90,8.9000,true,1,186530
7290016150797,false,תערובת דגנים מיזלי ל,גרין,,מיזלי לא קלוי אגוזים,קילוגרמים,1.00,"ק""ג",false,,25.40,25.4000,true,1,181559
7290016150803,false,תערובת דגנים לא קלוי,גרין,,מיזלי לא קלוי פירות,קילוגרמים,1.00,"ק""ג",false,,25.40,25.4000,true,1,181560
7290016162264,false,עוגת גבינה רנסנס קפולסקי 450 גרם,קפולסקי שיווק וקמעונ,,עוגת גבינה רנסנס 450,גרמים,450.00,100 גרם,false,,35.90,0.0798,true,1,120922
7290016197488,false,מטליות מיקרופייבר למשטחים ניקול 3יח',חוגלה קימברלי,,ניקול מטלית הקסם לשי,יחידה,3.00,יחידה,false,,14.90,4.9667,true,1,120385
7290016197495,false,ניקול זוג מטליות הקסם מיקרופייבר לרצפה,חוגלה קימברלי,,ניקול מטלית הקסם לרצ,יחידה,2.00,יחידה,false,,22.90,11.4500,true,1,122814
7290016217643,false,חמוצים סיני אסלי שמיר 400 גרם,"סלטי שמיר 2006 בע""מ",,חמוצים סיני אסלי 400,גרמים,400.00,100 גרם,false,,7.90,0.0198,true,1,123247
7290016245608,false,לחם משפחתי שחור 1.1קג,,,לחם משפחתי שחור 1200,גרמים,1200.00,100 גרם,false,,17.90,0.0149,true,1,186098
7290016245615,false,לחם שיפון 100% עם אג,מאפיית טעמי הכפר 201,,לחם שיפון 100% 900 ג,גרמים,900.00,100 גרם,false,,17.90,0.0199,true,1,186099
7290016245653,false,לחם שיפון קל חצי משפחתי 550 גרם,"ביכורים מזון ומאפה בע""\מ",,לחם חצי משפחתי שחור,גרמים,600.00,100 גרם,false,,12.90,0.0215,true,1,186081
7290016245684,false,לחם ביתי ציפוי גרעינ,"ביכורים מזון ומאפה בע""\מ",,לחם ביתי ציפוי גרעינ,גרמים,600.00,100 גרם,false,,12.90,0.0215,true,1,186082
7290016245707,false,לחם 7 דגנים בריאות 600 גר,"ביכורים מזון ומאפה בע""\מ",,לחם 7 דגנים 600 גרם,גרמים,600.00,100 גרם,false,,12.90,0.0215,true,1,186084
7290016245769,false,לחם כוסמין מחמצת בתו,ביכורים,,לחם כוסמין מחמצת בתו,גרמים,600.00,100 גרם,false,,12.90,0.0215,true,1,186086
7290016245776,false,לחם פרנה מרוקאית 4 י,מאפיית טעמי הכפר 201,,פרנה,יחידה,0.00,יחידה,false,,11.90,0.0000,true,1,186124
7290016245783,false,פיתה תימנית עבודת יד,מאפיית טעמי הכפר 201,,פיתות 10 יח',יחידה,0.00,יחידה,false,,12.90,0.0000,true,1,186125
7290016245806,false,לחמניות המבוגר כוסמין4יח,"ביכורים מזון ומאפה בע""\מ",,לחמניות המבורגר,יחידה,0.00,יחידה,false,,10.90,0.0000,true,1,186126
7290016245820,false,מארז לחמניות המבורגר,מאפיית טעמי הכפר 201,,לחמניה קלועה 450 גרם,גרמים,450.00,100 גרם,false,,17.90,0.0398,true,1,186107
7290016245844,false,לחם כפרי עם סובין 60,"מאפיית רנטה בע""מ",,לחם כפרי 600 גרם,גרמים,600.00,100 גרם,false,,12.90,0.0215,true,1,186088
7290016246162,false,עוגת חלבה האורח 600 ג' אלהילאל,,,חלבה שאמית בטעם וניל,גרמים,600.00,100 גרם,false,,24.90,0.0415,true,1,123361
7290016246193,false,חטיף חלבה לוקמי 300 ג' אלהילאל,,,חלווה לוקמי 20 גרם,יחידה,0.00,יחידה,false,,15.90,0.0000,true,1,142382
7290016246292,false,בארכה בקטנה חטיף חלבה וניל לוז 18 גרם 7 יחידות,"רושדי תעשיות מזון בע""\מ",,בארכה חטיף חלבה וניל,יחידה,0.00,יחידה,false,,11.90,0.0000,true,1,149703
7290016246445,false,בארכה טחינה גולמית מעודנת שומשום מלא 310 גם,"רושדי תעשיות מזון בע""\מ",,בארכה טחינה גולמית 3,גרמים,310.00,100 גרם,false,,12.90,0.0416,true,1,162719
7290016276534,false,"שמן קוקוס לא מזוכך 500 מ""ל",דין שיווק,,שקדיה שמן קוקוס ללא,מיליליטרים,500.00,"100 מ""ל",false,,34.90,6.9800,true,1,144226
7290016276718,false,קוסקוס בינוני אהרוני350ג,מרינה פטריות הגליל,,שקדיה קוסקוס בינוני,גרמים,350.00,100 גרם,false,,4.90,0.0140,true,1,144222
7290016276756,false,מעדן 4 פירות 100% רכיבי פרי שקדיה 284 ג',סיטי פודסטף,,שקדיה מעדן 4 פירות,גרמים,284.00,100 גרם,false,,13.90,0.0489,true,1,144227
7290016276787,false,מעדן אננס 100% רכיבי פרי ללא סוכר שקדיה 284 ג',סיטי פודסטף,,שקדיה מעדן אננס 100%,גרמים,284.00,100 גרם,false,,13.90,0.0489,true,1,167280
7290016276831,false,תבשיל איטריות בטעם בקר 70 גרם סו שף,טיאן הונג,,שקדיה תבשיל איטריות,יחידה,0.00,יחידה,false,,4.90,0.0000,true,1,144223
7290016276855,false,תבשיל אטריות בטעם ירקות 70 גרם סו שף,רס סר קאן גידה לטד,,שקדיה תבשיל אטריות ב,יחידה,0.00,יחידה,false,,4.90,0.0000,true,1,144225
7290016284003,false,חסה הידרופונית רומית,מעיינות הזורע,,חסה הידרו רומית,יחידה,0.00,יחידה,false,,0.00,0.0000,true,1,189091
7290016284027,false,חסה מסולסלת יח הזורע,מעיינות הזורע,,חסה הידרו מסולסלת,יחידה,0.00,יחידה,false,,0.00,0.0000,true,1,192815
7290016287684,false,CARBON STEEL ווק מקצ,,,CARBON STEEL ווק מקצ,יחידה,0.00,יחידה,false,,59.90,0.0000,true,1,160087
7290016304404,false,לחם קוביות 100% כוסמין 600 גרם,מאפיית דוידוביץ ובניו בע,,לחם קוביות כוסמין 60,גרמים,600.00,100 גרם,false,,13.90,0.0232,true,1,151995
7290016319187,false,טוסו עוגיות סנדוויץ שוקו במילוי קרם שוקולד *זוג* 300 גרם,בטר אנד דיפרנט,,טוסו עוג.סנדביץ ט. ש,גרמים,300.00,100 גרם,false,,0.00,0.0000,true,1,187788
7290016319200,false,טוסו עוגיות סנדוויץ' אוראו במילוי קרם וניל *זוג* 300 גרם,אפיפית,,טוסו עוג.סנדביץ אורא,גרמים,300.00,100 גרם,false,,0.00,0.0000,true,1,187789
7290016319293,false,אל סבון פמילי מאסק מ,אינטרקוסמא,,פמלי אלסבון רוח ים 1,ליטרים,1.00,ליטר,false,,12.90,12.9000,true,1,138067
7290016320312,false,גלילי וופל במילוי קר,,,גלילי וופל במילוי קר,גרמים,280.00,100 גרם,false,,16.90,0.0604,true,1,155300
7290016320329,false,גלילי וופל במילוי קר,,,גלילי וופל במילוי קר,גרמים,280.00,100 גרם,false,,13.90,0.0496,true,1,155301
7290016320336,false,גלילי וופל במילוי קר,,,גלילי וופל במילוי קר,גרמים,280.00,100 גרם,false,,13.90,0.0496,true,1,155302
7290016320343,false,"דאק נוזל ג'ל לניקוי מתקדם בניחות לבנדר זוג * 750 מ""ל",אס. סי. ג'\ונסון מידרכט,,דאק זוג נוזל ג'ל לני,ליטרים,1.50,ליטר,false,,22.00,14.6667,true,1,149106
7290016321661,false,פרש וואנס SENSITIVE מגבונים ללא בישום רביעייה 72 יחידות,עלבד משואות יצחק,,פרש וואנס קאר ללא בי,יחידה,4.00,יחידה,false,,19.90,4.9750,true,1,178749
7290016321678,false,מגבונים לחים בניחוח מרענן עם תמציות קמומיל ואלוורה,עלבד משואות יצחק,,פרש וואנס קאר עם ביש,יחידה,4.00,יחידה,false,,19.90,4.9750,true,1,178750
7290016321883,false,פרשוואנס נייר טואלט מתכלה לילדים -מארז שלישייה,עלבד משואות יצחק בעמ,,פרשוואנס נייר טואלט,יחידה,0.00,יחידה,false,,14.90,0.0000,true,1,178507
7290016329261,false,סרקל מתיר קשרים ספריי רציףף 300 מ'ל,פישר מעבדות פרמצבטיות בע,,סרקל מתיר קשרים ספרי,מיליליטרים,300.00,"100 מ""ל",false,,34.90,11.6333,true,1,136635
7290016329674,false,קמיל בלו קרם פנים לתינוק לעור יבש במיוחד,פישר מעבדות פרמצבטיות בע,,קמיל בלו סנסטיב קרם,יחידה,0.00,יחידה,false,,24.90,0.0000,true,1,144082
7290016335187,false,מחבת פרימיום ציפוי ש,,,מחבת פרימיום ציפוי ש,יחידה,0.00,יחידה,false,,39.90,0.0000,true,1,175175
7290016372342,false,עגבניות חתוך קוביות גראנד איטליה מארז 400X3ג',גרנד איטליה Grand Italia,,עגבניות חתוכות לקוב,קילוגרמים,1.20,"ק""ג",false,,19.90,16.5833,true,1,149115
7290016372373,false,רסק עגבניות ללא תוספת סוכר ומלח - מארז זוג,גרנד איטליה Grand Italia,,רסק עגבניות 140 גרם,גרמים,140.00,100 גרם,false,,7.90,0.0564,true,1,148632
7290016372397,false,"תה ויסוצקי ירוק תפוז,ג'ינגר וכורכום 25 יח'",ויסוצקי ירוק,,תה ירוק תפוז גינגר ו,יחידה,0.00,יחידה,false,,24.90,0.0000,true,1,148659
7290016387285,false,סבון אסלה טרי פורס י,,,סבון אסלה טרי פורס י,יחידה,0.00,יחידה,false,,5.90,0.0000,true,1,139830
7290016387292,false,סבון אסלה טרי פורס ל,,,סבון אסלה טרי פורס ל,יחידה,0.00,יחידה,false,,5.90,0.0000,true,1,139831
7290016387414,false,פח שובך לבן 10 ליטר,,,פח שובך לבן 10 ליטר,יחידה,0.00,יחידה,false,,19.90,0.0000,true,1,160253
7290016387483,false,כריות יפניות דו צדדיות שייני 3 יחידות,מ.א ייצור ושיווק מטל,,שייני כריות יפניות ד,יחידה,0.00,יחידה,false,,7.90,0.0000,true,1,156476
7290016387698,false,כריות יפניות פנינה עדינות,,,כריות יפניות פנינה ע,יחידה,0.00,יחידה,false,,7.90,0.0000,true,1,156477
7290016387766,false,סט שירותים CITY,,,סט שירותים CITY,יחידה,0.00,יחידה,false,,19.90,0.0000,true,1,150856
7290016387841,false,אטבי כביסה JOY צבעוני שייני 50 יחידות,GUANGDONG,,אטבי כביסה איכותים 5,יחידה,0.00,יחידה,false,,11.90,0.0000,true,1,149105
7290016387926,false,מפה נצמדת עם גומי היקפי 75*180,מ.א ייצור ושיווק מטל,,מפה נצמדת עם גומי הי,יחידה,0.00,יחידה,false,,19.90,0.0000,true,1,156478
7290016408294,false,"מרשמלו ורוד לבן וסטהיים 150 ג', 26 בקרטון",מנדלז סי.אר. פרודקשן,,כרמית מרשמלו ורוד לב,גרמים,150.00,100 גרם,false,,5.90,0.0393,true,1,139570
7290016437591,false,קוטקס - תחתונים סופגים לנשים לאחר לידה מדיום 8 יח',חוגלה קימברלי,,קוטקס תחתונים אחר לי,יחידה,0.00,יחידה,false,,0.00,0.0000,true,1,192612
7290016437652,false,חיתולי האגיס פרידום דריי pants מידה 6 30 יחידות,קימברלי קלארק צ'כיה,,האגיס פרידום דריי פנ,יחידה,30.00,יחידה,false,,44.90,1.4967,true,1,143482
7290016509304,false,סוד סבון לאסלה 4 כדוריותבניחוח לבנדר 50 ג',הנקל סוד,,סוד 4 כדוריות אסלה ב,יחידה,0.00,יחידה,false,,8.90,0.0000,true,1,148892
7290016509342,false,סוד מארז טריו כדוריות לאסלה כחול אקטיבי אקונומיקה,הנקל סוד,,סוד מארז כדוריות כחו,יחידה,0.00,יחידה,false,,19.90,0.0000,true,1,160894
7290016509786,false,פרסיל גל לכביסה לבנה וצבעונית-ירוק 2.5 ל,"הנקל סוד בע""\מ",,פרסיל ג'ל ירוק 2.5 ל,יחידה,0.00,יחידה,false,,32.90,0.0000,true,1,157259
7290016509793,false,ג'ל לכביסה לבנה וצבעונית אריזת XL,"הנקל סוד בע""\מ",,פרסיל ג'ל ירוק 4 ליט,יחידה,0.00,יחידה,false,,39.90,0.0000,true,1,157531
7290016509816,false,ג'ל לכביסה צבעונית אריזת XL,"הנקל סוד בע""\מ",,פרסיל ג'ל קולור 4 לי,ליטרים,4.00,ליטר,false,,39.90,9.9750,true,1,157532
7290016509823,false,ג'ל לכביסה לבנה וצבעונית בניחוח רענן,"הנקל סוד בע""\מ",,פרסיל ג'ל בלו 2.5 לי,יחידה,0.00,יחידה,false,,32.90,0.0000,true,1,157261
7290016509847,false,פרסיל ג'ל לכביסה כהה בלאק 2.5 ליטר,"הנקל סוד בע""\מ",,פרסיל ג'ל בלאק 2.5 ל,ליטרים,2.50,ליטר,false,,32.90,13.1600,true,1,172462
7290016510096,false,"הוואי שמפו מי קוקוס לשיער יבש 700 מ""ל",טרופיקל דגיל בעמ,,הוואי שמפו מי קוקוס,מיליליטרים,700.00,"100 מ""ל",false,,9.90,1.4143,true,1,151890
7290016510225,false,"תחליב רחצה הוואי יוגורט וניל ודבש 700 מ""ל",תאי פרזידנט פוד פאבל,,הוואי ס.נוזלי יוגורט,מיליליטרים,700.00,"100 מ""ל",false,,10.90,1.5571,true,1,157231
7290016510232,false,"הוואי - תחליב רחצה יוגורט קוקוס 700 מ""ל",תאי פרזידנט פוד פאבל,,הוואי ס.נוזלי יוגורט,מיליליטרים,700.00,"100 מ""ל",false,,10.90,1.5571,true,1,157220
7290016510249,false,"הוואי - תחליב רחצה יוגורט שקדים 700 מ""ל",תאי פרזידנט פוד פאבל,,הוואי ס.נוזלי יוגורט,מיליליטרים,700.00,"100 מ""ל",false,,10.90,1.5571,true,1,161140
7290016510287,false,"תחליב רחצה הוואי דבש אירוס זהוב 700 מ""ל",תאי פרזידנט פוד פאבל,,הוואי ס.נוזלי דבש אי,מיליליטרים,700.00,"100 מ""ל",false,,10.90,1.5571,true,1,157223
7290016510317,false,"הוואי תחליב רחצה לגבר פול פורס 700 מ""ל-מרכז",טרופיקל דגיל בעמ,,הוואי ג'ל רחצה לגבר,מיליליטרים,700.00,"100 מ""ל",false,,10.90,1.5571,true,1,163014
7290016510324,false,"הוואי תחליב רחצה לגבר אריסטבבול 700 מ""ל",טרופיקל דגיל בעמ,,הוואי ס.נוזלי אירסיט,יחידה,0.00,יחידה,false,,10.90,0.0000,true,1,157226
7290016510331,false,"הוואי אל סבון לילדים בנות 700 מ""ל",טרופיקל דגיל,,הוואי אל סבון לילדים,יחידה,0.00,יחידה,false,,0.00,0.0000,true,1,188839
7290016510430,false,"תחליב רחצה הוואי שמני הזנה מגנוליה 700 מ""ל",טרופיקל דגיל בעמ,,הוואי ס.נוזלי שמני ה,מיליליטרים,700.00,"100 מ""ל",false,,10.90,1.5571,true,1,157228
7290016510768,false,"הוואי תחליב רחצה יוגורט ואוכמניות 700 מ""ל",טרופיקל דגיל בעמ,,הוואי ס.נוזלי יוגורט,מיליליטרים,700.00,"100 מ""ל",false,,10.90,1.5571,true,1,174995
7290016510775,false,"הוואי תחליב רחצה רגעים שמימיים700 מ""ל",טרופיקל דגיל בעמ,,הוואי ס.נוזלי רגעים,מיליליטרים,700.00,"100 מ""ל",false,,10.90,1.5571,true,1,174996
7290016510850,false,הוואי שמפו ילדים ברבי (וחד קרן) 700 מל,טרופיקל דגיל,,הוואי שמפו ברבי ילדי,יחידה,0.00,יחידה,false,,0.00,0.0000,true,1,189757
7290016510898,false,"שמפו+מרכך הוואי פריחת הדובדבן 700 מ""ל",שוורצקוף& הנקל דיסלד,,הוואי שמפו פריחת הדו,מיליליטרים,700.00,"100 מ""ל",false,,9.90,1.4143,true,1,177317
7290016510904,false,"הוואי מרכך תמצית הדובדבן 700 מ""ל",שוורצקוף& הנקל דיסלד,,הוואי מרכך פריחת הדו,מיליליטרים,700.00,"100 מ""ל",false,,9.90,1.4143,true,1,177318
7290016523447,false,אטריות ביצים 300 ג' (כ) (fu),פוג'יאן לונגהי אנליד,,מזרח ומערב אטריות בי,גרמים,300.00,100 גרם,false,,5.90,0.0197,true,1,150321
7290016523508,false,שימורי ליצי בסירופ ק,,,שימורי ליצ'י בסירופ,גרמים,567.00,100 גרם,false,,7.90,0.0139,true,1,150323
7290016538021,false,yoppies חיתולים מידי,,,yoppies חיתולים מידי,יחידה,0.00,יחידה,false,,24.90,0.0000,true,1,184229
7290016564006,false,מבריקל הפלא ספוגיות להסרת כתמים קשים ושומנים 3יח,,,מבריקל הפלא,יחידה,3.00,יחידה,false,,9.90,3.3000,true,1,138752
7290016564099,false,מבריקל רדיד אלומניום,,,מבריקל רדיד אלומניום,יחידה,0.00,יחידה,false,,9.90,0.0000,true,1,157684
7290016564136,false,מבריקל- רדיד אלומיני,,,מבריקל- רדיד אלומיני,יחידה,0.00,יחידה,false,,26.90,0.0000,true,1,173849
7290016564150,false,מטליות מייקרופייבר נשלפות 10 יח מבריקל,,,מבריקל מטליות מיקרופ,יחידה,0.00,יחידה,false,,11.90,0.0000,true,1,157685
7290016564204,false,מארז 6 כריות יפניות מבריקל,,,מבריקל כריות יפניות,יחידה,0.00,יחידה,false,,8.90,0.0000,true,1,176858
7290016564211,false,מבריקל הפלא מטליות מ,,,מבריקל 3 מטליות מיקר,יחידה,0.00,יחידה,false,,11.90,0.0000,true,1,163018
7290016564235,false,זוג מטליות מייקרופייבר לרצפה מבריקל,,,מטליות מיקרופייבר לר,יחידה,0.00,יחידה,false,,16.90,0.0000,true,1,173850
7290016564266,false,מבריקל הפלא כיסוי הפלא 3,פארמה דיל,,כיסוי הפלא,יחידה,0.00,יחידה,false,,9.90,0.0000,true,1,179678
7290016566178,false,בקבוק שתיה אישי 500,,,בקבוק טריטן ילדים,יחידה,0.00,יחידה,false,,29.90,0.0000,true,1,145615
7290016566475,false,מוסקו בקבוק שומר קור,,,מוסקו בקבוק שומר קור,יחידה,0.00,יחידה,false,,69.90,0.0000,true,1,151691
7290016566857,false,בקבוק UV לאקי K,,,בקבוק UV לאקי K,יחידה,0.00,יחידה,false,,0.00,0.0000,true,1,189739
7290016609448,false,שלישיית גרעיני תירס,,,שלישיית גרעיני תירס,גרמים,480.00,100 גרם,false,,9.90,0.0206,true,1,163717
7290016609509,false,עגבניות שלמות מקולפו,ויטליה,,עגבניות שלמות מקולפו,גרמים,1200.00,100 גרם,false,,10.90,0.0091,true,1,154461
7290016621358,false,"ד""ר פישר - קמיל אל סבון ניקיון והזנה ורוד 1 ליטר",פישר מעבדות פרמצבטיות בע,,קמיל אל סבון ניקיון,ליטרים,1.00,ליטר,false,,14.90,14.9000,true,1,144083
7290016621365,false,אל סבון היגייני לניקוי יסודי קמיל Clean & Moisture,פישר מעבדות פרמצבטיות בע,,קמיל אל סבון ניקיון,ליטרים,1.00,ליטר,false,,14.90,14.9000,true,1,144078
7290016621495,false,אולטרסול תחליב הגנה לילדים +SPF50,פישר מעבדות פרמצבטיות,,אולטרסול קידס קוליפה,מיליליטרים,250.00,"100 מ""ל",false,,89.90,35.9600,true,1,142993
7290016621952,false,קמיל בלו סנסיטיב קרם פנים לתינוק SPF30,פישר מעבדות פרמצבטיות בע,,קמיל בלו סנסטיב קרם,יחידה,0.00,יחידה,false,,29.90,0.0000,true,1,144084
7290016651362,false,קיסמי שיניים עם חוט,,,"קיסם + חוט 100 יח""",יחידה,0.00,יחידה,false,,9.90,0.0000,true,1,157285
7290016667066,false,סוכריות לקישוט עוגה 90 גרם,מזון דני,,סוכריות לקישוט עוגות,יחידה,0.00,יחידה,false,,5.90,0.0000,true,1,141574
7290016667097,false,חטיף ציפס טורטיה מלוח 250 גרם,ROGER&ROGER,,חטיף צ'יפס טורטיה מל,גרמים,250.00,100 גרם,false,,9.90,0.0396,true,1,147015
7290016667165,false,חרדל דיז'ון גרגירים 350 גרם,קובינור,,חרדל חלק דיז'יון גרג,גרמים,350.00,100 גרם,false,,9.90,0.0283,true,1,168852
7290016667462,false,פריכיות חסכוני אורז 265 ג',פרח תעשיות,,חסכוני פריכיות אורז,גרמים,265.00,100 גרם,false,,13.90,0.0525,true,1,156235
7290016667646,false,"רוטב סרירצ'יה חריף מאוד 360 מ""ל",,,רוטב סרירצ'יה חריף מ,מיליליטרים,360.00,"100 מ""ל",false,,12.90,3.5833,true,1,181600
7290016677218,false,FIX מבשם אוויר לבנדר,,,FIX מבשם אוויר לבנדר,מיליליטרים,400.00,"100 מ""ל",false,,9.90,2.4750,true,1,149325
7290016677225,false,FIX מבשם אוויר פרחים,,,FIX מבשם אוויר פרחים,מיליליטרים,400.00,"100 מ""ל",false,,9.90,2.4750,true,1,149326
7290016677232,false,FIX מבשם אוויר וניל,,,FIX מבשם אוויר וניל,מיליליטרים,400.00,"100 מ""ל",false,,9.90,2.4750,true,1,149327
7290016682182,false,פריניב שייק תמר בננה מופחת סוכר 1 ליטר,פריניב בעמ,,שייק תמר בננה מופחת,ליטרים,1.00,ליטר,false,,13.90,13.9000,true,1,145719
7290016829600,false,מברשת פאן קרמית 02,,,מברשת פאן קרמית 02,יחידה,0.00,יחידה,false,,22.90,0.0000,true,1,176174
7290016829648,false,מברשת פאן עץ 03,,,מברשת פאן עץ 03,יחידה,0.00,יחידה,false,,22.90,0.0000,true,1,176176
7290016829822,false,מברשת שיער אובלי מטל,,,מברשת שיער אובלי מטל,יחידה,0.00,יחידה,false,,13.90,0.0000,true,1,175738
7290016829839,false,מברשת שיער מוארכת מט,,,מברשת שיער מוארכת מט,יחידה,0.00,יחידה,false,,9.90,0.0000,true,1,175739
7290016829853,false,מברשת שיער תיק מטלי,,,מברשת שיער תיק מטלי,יחידה,0.00,יחידה,false,,9.90,0.0000,true,1,175741
7290016866643,false,פרודונטקס מ.שיניים אקסטרה פרש 75 מל,פרודונטקס Parodontax,,משחת פרודנטקס פרש 75,יחידה,0.00,יחידה,false,,29.90,0.0000,true,1,172289
7290016866650,false,"פרודונטקס - משחת שיניים אוריג'ינל 75 מ""ל",פרודונטקס Parodontax,,משחת פרודנטקס אוריג',יחידה,0.00,יחידה,false,,29.90,0.0000,true,1,172290
7290016866704,false,סטייל שמפו קרטין E 750 מל לשיקום שיער יב,סטייל Style,,שמפו קרטין+E,יחידה,0.00,יחידה,false,,0.00,0.0000,true,1,187675
7290016875003,false,יוגורט עזים 3ל' עז הרים,,,עז הרים יוגורט 3 ליט,ליטרים,3.00,ליטר,false,,34.90,11.6333,true,1,143090
7290016875034,false,גבינת עיזים 400 ג' עז הרים,,,עז הרים ג'יבני 400 ג,גרמים,400.00,100 גרם,false,,24.90,0.0622,true,1,143093
7290016875041,false,לבנה עיזים 500ג' עז הרים,,,עז הרים לבנה 500 גרם,גרמים,500.00,100 גרם,false,,19.90,0.0398,true,1,143094
7290016875065,false,יוגורט עזים 1.5ל' עז הרים,,,עז הרים יוגורט 1.50,ליטרים,1.50,ליטר,false,,19.90,13.2667,true,1,143091
7290016875157,false,"לבנה עיזים למריחה 1ק""ג עז הרים",,,"עז הרים לבנה 1 ק""ג",קילוגרמים,1.00,"ק""ג",false,,36.90,36.9000,true,1,172055
7290016898019,false,סיר אלומיניום בינוני ר.שמאי מארז 2יח',,,שמאי - זוג סיר אלומי,יחידה,0.00,יחידה,false,,8.90,0.0000,true,1,149222
7290016898026,false,סיר אלומיניום קטן 2.1 ליטר*2 יח' שמאי.,,,סיר אלומיניום קטן אר,יחידה,0.00,יחידה,false,,5.90,0.0000,true,1,149223
7290016898040,false,מכסה לסיר אלומיניום בינוני ר.שמאי מארז 2יח',,,מכסה לסיר אלומ'=בינו,יחידה,0.00,יחידה,false,,4.90,0.0000,true,1,149244
7290016898057,false,"מכסה לסיר אלומיניום קטן ח""פ ר.שמאי מארז 2יח'",,,שמאי - זוג מכסים לסי,יחידה,0.00,יחידה,false,,3.90,0.0000,true,1,149224
7290016898088,false,מטליות לחות לניקוי רצפות שמאי 10 יח',,,מטליות לחות לניקוי ר,יחידה,0.00,יחידה,false,,8.90,0.0000,true,1,162153
7290016898101,false,אל סבון קטיפתי ים 1 ליטר ר. שמאי,,,אל סבון קטיפתי ים 1,יחידה,0.00,יחידה,false,,9.90,0.0000,true,1,152829
7290016898125,false,אל סבון קטיפתי מאסק 1 ליטר ר. שמאי,,,אל סבון קטיפתי מאסק,יחידה,0.00,יחידה,false,,9.90,0.0000,true,1,152831
7290016898279,false,סלטיות גדולות צבעוני =מגוון צבעים= =ר. שמאי= 10 יח' כשל''פ עד''ח,,,שמאי - סלטיות גדולות,יחידה,0.00,יחידה,false,,6.90,0.0000,true,1,150714
7290016898286,false,סלטיות קשיח שקוף ר. שמאי 10 יח',,,שמאי - סלטיות גדולות,יחידה,0.00,יחידה,false,,6.90,0.0000,true,1,152583
7290016898293,false,מגש לאירוח אובלי קטן שקוף קשיח אחת שתיים שמאי,,,מגש לאירוח אובלי קטן,יחידה,0.00,יחידה,false,,4.90,0.0000,true,1,155115
7290016898309,false,מגש אובלי לאירוח בינוני שמאי,,,מגש לאירוח אובלי בינ,יחידה,0.00,יחידה,false,,6.90,0.0000,true,1,155114
7290016898316,false,מגש לאירוח אובלי גדול שקוף קשיח שמאי,,,שמאי - מגש לאירוח או,יחידה,0.00,יחידה,false,,9.90,0.0000,true,1,155120
7290016898354,false,צלחות מרבל גדול לבן כסף אחת שתיים שמאי 10 יח',,,שמאי - צלחות גדול 'מ,יחידה,0.00,יחידה,false,,14.90,0.0000,true,1,155110
7290016898378,false,מרקיות מרבל לבן כסף 10יח',,,מרקיות מרבל לבן זהב,יחידה,0.00,יחידה,false,,9.90,0.0000,true,1,155112
7290016898385,false,לפתניות מרבל לבן כסף אחת שתיים שמאי 10 יח',,,לפתניות מרבל לבן זהב,יחידה,0.00,יחידה,false,,6.90,0.0000,true,1,160106
7290016898682,false,נייר צלחות גדולות יד,,,נייר צלחות גדולות יד,יחידה,0.00,יחידה,false,,19.90,0.0000,true,1,162147
7290016898750,false,אל סבון קטיפתי 1 ליטר פרש ר. שמאי,,,אל סבון קטיפתי פרש 1,יחידה,0.00,יחידה,false,,9.90,0.0000,true,1,177700
7290016912494,false,"ד""ר פישר - אפקטיב קר תרחיץ פנים לכל סוגי העור 180 מ""ל",פישר מעבדות פרמצבטיות בע,,אפקטיב קר תרחיץ פנים,מיליליטרים,180.00,"100 מ""ל",false,,17.90,9.9444,true,1,148536
7290016912609,false,"סרקל מסיכת הזנה לשיער ילדים 200 מ""ל",פישר מעבדות פרמצבטיות בע,,סרקל מסכת הזנה לשיער,מיליליטרים,200.00,"100 מ""ל",false,,24.90,12.4500,true,1,148538
7290016939163,false,ראש גל למקלחת,,,ראש גל למקלחת,יחידה,0.00,יחידה,false,,49.90,0.0000,true,1,178997
7290016939217,false,מערכת אלמוג 5 מצבים,,,מערכת אלמוג 5 מצבים,יחידה,0.00,יחידה,false,,89.90,0.0000,true,1,178983
7290016967074,false,לחם חיטה מלאה עם גרעינים ודגנים,מאפיית שלמה א. אנג'\ל בע,,לחם אנג'ל חיטה מלאה,יחידה,0.00,יחידה,false,,14.90,0.0000,true,1,142528
7290017002811,false,פראנס ביוטי שעווה מתקלפת בפתיתים ורוד,נורוליס,,פראנס ביוטי שעווה פ,יחידה,0.00,יחידה,false,,0.00,0.0000,true,1,187990
7290017020747,false,בקבוק פאוארטק להכנת משקה חלבון וניל,סיטי תוספי מזון,,בקבוק פאוארטק להכנ,יחידה,0.00,יחידה,false,,12.90,0.0000,true,1,186134
7290017020778,false,בקבוק פאוארטק להכנת,,,בקבוק פאוארטק להכנ,יחידה,0.00,יחידה,false,,12.90,0.0000,true,1,186137
7290017023182,false,"שוופס מוגז פירות תפוח פחית 330 מ""ל",,,שוופס מוגז תפוח פחית,מיליליטרים,330.00,"100 מ""ל",false,,5.90,1.7879,true,1,153022
7290017023212,false,"שוויפס מוגז פירות תפוח מארז רביעייה* 330 מ""ל",יפאורה תבורי בעמ,,רביעיית פחיות שוופס,יחידה,0.00,יחידה,false,,12.90,0.0000,true,1,153019
7290017023229,false,רביעיית פחיות שוופס מוגז פירות תות ליים 330 מל.,יפאורה תבורי בעמ,,רביעיית פחיות שוופס,יחידה,0.00,יחידה,false,,12.90,0.0000,true,1,153020
7290017023236,false,רביעיית פחיות שוופס מוגז פירות ענבים 330 מל.,יפאורה תבורי בעמ,,רביעיית פחיות שוופס,יחידה,0.00,יחידה,false,,12.90,0.0000,true,1,153021
7290017023502,false,שוופס מוגז תות ליים,,,שוופס מוגז תות ליים,מיליליטרים,330.00,"100 מ""ל",false,,6.00,1.8182,true,1,154447
7290017023519,false,שוופס ללא סוכר תפוח1.5ל,"יפאורה תבורי בע""\מ",,שוופס מוגז תפוח 1.5,ליטרים,1.50,ליטר,false,,5.90,3.9333,true,1,154442
7290017023663,false,"שוופס מיץ פירות לימונייד פחית מארז 330X4מ""ל",יפאורה תבורי,,רביעיית פחיות שוופס,יחידה,0.00,יחידה,false,,12.90,0.0000,true,1,157258
7290017023687,false,שוופס אננס ללא סוכר 1.5ל,"יפאורה תבורי בע""מ",,שוופס מוגז פירות אננ,ליטרים,1.50,ליטר,false,,5.90,3.9333,true,1,157257
7290017023717,false,שוופס טוניק ללא סוכר1.5ל,"יפאורה תבורי בע""מ",,שוופס מי טוניק ללא ס,ליטרים,1.50,ליטר,false,,9.90,6.6000,true,1,162660
7290017023724,false,ספרינג משקה בטעם מנג,,,ספרינג משקה בטעם מנג,ליטרים,1.50,ליטר,false,,5.90,3.9333,true,1,176714
7290017023809,false,"רביעיית ספרינג אגס סברס תפוח 250 מ""ל","יפאורה תבורי בע""\מ",,רביעיית ספרינג אגס ס,יחידה,0.00,יחידה,false,,9.90,0.0000,true,1,176822
7290017023816,false,"ספרינג  פירות טרופיים 250 מ""ל רביעייה","יפאורה תבורי בע""\מ",,רביעיית ספרינג פירות,יחידה,0.00,יחידה,false,,9.90,0.0000,true,1,176823
7290017023823,false,"רביעיית ספרינג תות בננה 250 מ""ל","יפאורה תבורי בע""\מ",,רביעיית ספרינג תות ב,יחידה,0.00,יחידה,false,,9.90,0.0000,true,1,176824
7290017023854,false,מי סודה בקבוקים אישיים - מארז 4 יח',יפאורה תבורי בעמ,,"שוופס סודה 250 מ""ל ר",יחידה,0.00,יחידה,false,,11.90,0.0000,true,1,172789
7290017023861,false,סודה בטעם לימון בקבוקים אישיים - מארז 4 יח',יפאורה תבורי בעמ,,שוופס סודה לימון 250,יחידה,0.00,יחידה,false,,11.90,0.0000,true,1,172790
7290017023878,false,סודה בטעם נענע ליים בקבוקים אישיים - מארז 4 יח',יפאורה תבורי בעמ,,שוופס סודה נענע ליים,יחידה,0.00,יחידה,false,,11.90,0.0000,true,1,172791
7290017023922,false,שוופס סודה למ.גראס1.5*4ל,"יפאורה תבורי בע""\מ",,שוופס סודה למון גראס,יחידה,0.00,יחידה,false,,11.00,0.0000,true,1,172793
7290017023991,false,ספרינג תה ירוק אננס,יפאורה,,ספרינג טי ירוק אננס,ליטרים,1.50,ליטר,false,,5.90,3.9333,true,1,177916
7290017044019,false,אסותא דלי מטליות לחות לנ.,טרופיקל דגיל,,אסותא דלי מטליות לחו,יחידה,0.00,יחידה,false,,19.90,0.0000,true,1,145324
7290017044071,false,אסותא דלי מטליות לחות לנ.,טרופיקל דגיל,,אסותא דלי מטליות תפו,יחידה,0.00,יחידה,false,,19.90,0.0000,true,1,151656
7290017044293,false,אסותא מגבוני ריצפה בדלי 50 יח',טרופיקל דגיל,,אסותא דלי מטליות לחו,יחידה,50.00,יחידה,false,,29.90,0.5980,true,1,166675
7290017044507,false,אסותא מגבונים בדלי 400 יח' 99.99%,,,אסותא מגבונים נשלפים,יחידה,0.00,יחידה,false,,0.00,0.0000,true,1,188325
7290017058115,false,קורנישון מיני בסגנון,קולמן,,תומר קורנישון קטן בס,גרמים,720.00,100 גרם,false,,9.90,0.0138,true,1,147308
7290017058733,false,שימורי חומוס בשלשות 200 גרם,קשקמט,,חומוס תומר שלישייה 2,יחידה,0.00,יחידה,false,,9.90,0.0000,true,1,185809
7290017065137,false,ריקוטה למריחה 5% טבעית 200 גרם - רובין,האי נאם סי או אל.טי.,,גד ריקוטה למריחה טבע,גרמים,200.00,100 גרם,false,,9.90,0.0495,true,1,150869
7290017065212,false,גבינת קרם מסקרפונה מחלבות גד 250 גר,מיוצר עי קוד יצרן ED,,קרם מסקרפונה גד 250,גרמים,250.00,100 גרם,false,,21.90,0.0876,true,1,154807
7290017065236,false,גבינה בולגרית מעודנת 24% גד 250 גרם,הנסיך- מפעל לייצור ט,,גד בולגרית מעודנת 24,גרמים,250.00,100 גרם,false,,24.90,0.0996,true,1,154611
7290017065434,false,גבינה גאודה פרוסה הולנדית 200 גר',מחלבות גד בעמ,,גד פרוסות גאודה הולנ,גרמים,200.00,100 גרם,false,,19.90,0.0995,true,1,176969
7290017065441,false,גבינה גאודה עיזים פרוסה הולנדית 200 גר',גבינות מדף,,גד פרוסות גאודה עיחז,גרמים,200.00,100 גרם,false,,34.90,0.1745,true,1,176970
7290017065649,false,קרם פטיסייר מחלבות גד,מיוצר עי קוד יצרן ED,,קרם פטיסייר 250 גרם,גרמים,250.00,100 גרם,false,,0.00,0.0000,true,1,188611
7290017088075,false,בייביסיטר - חיתולי סטנדרט מידה 4+ - 40 יח',די.פי.אל תעשיות מוצרים ח,,בייביסטר סטנדרט מידה,יחידה,0.00,יחידה,false,,39.90,0.0000,true,1,186277
7290017088082,false,בייביסיטר - חיתולי סטנדרט מידה 5 - 36 יח',די.פי.אל תעשיות מוצרים ח,,בייביסטר סטנדרט מידה,יחידה,0.00,יחידה,false,,39.90,0.0000,true,1,186284
7290017088099,false,בייביסיטר - חיתולי סטנדרט מידה 6 - 30 יח',די.פי.אל תעשיות מוצרים ח,,בייביסטר סטנדרט מידה,יחידה,0.00,יחידה,false,,39.90,0.0000,true,1,186285
7290017088914,false,מגבונים בייביסיטר מבושם 66X6 יח',די.פי.אל,,מגבוני בייביסיטר מבו,יחידה,0.00,יחידה,false,,0.00,0.0000,true,1,187562
7290017094830,false,סלט גזר ברוטב פיקנטי אסלי שמיר 400 ג',"סלטי שמיר 2006 בע""מ",,שמיר סלט גזר ברוטב פ,גרמים,400.00,100 גרם,false,,6.90,0.0173,true,1,172223
7290017094847,false,סלט תפוחי אדמה אסלי שמיר 400 ג',"סלטי שמיר 2006 בע""מ",,שמיר סלט תפוחי אדמה,גרמים,400.00,100 גרם,false,,6.90,0.0173,true,1,172227
7290017094854,false,סלט קולסלאו אסלי שמיר 400 ג',"סלטי שמיר 2006 בע""מ",,שמיר סלט קולסלאו 400,גרמים,400.00,100 גרם,false,,6.90,0.0173,true,1,172224
7290017094861,false,חומוס עם רוטב מסבחה אסלי שמיר 400 ג',"סלטי שמיר 2006 בע""מ",,שמיר חומוס עם רוטב מ,גרמים,400.00,100 גרם,false,,6.90,0.0173,true,1,172225
7290017100357,false,כפפות לקס אלסטיות כחולות ללא אבקה L,,,כפפות ללא אבקה לטקס,יחידה,0.00,יחידה,false,,0.00,0.0000,true,1,188095
7290017100364,false,כפפות לקס אלסטיות כחולות ללא אבקה M,,,כפפות לטקס ללא אבקה,יחידה,0.00,יחידה,false,,0.00,0.0000,true,1,188548
7290017100418,false,"כפפות לטקס 100 יחי' L כשלפ עד""ח פרפקט",פאלאס,,כפפות לטקס עם אבקה מ,יחידה,0.00,יחידה,false,,19.90,0.0000,true,1,186473
7290017105062,false,גרגירי חומוס שלם יכין הקטניה הטובה 200 ג,היינץ צפון אמריקה מק,,יכין חומוס הקטניה הט,יחידה,0.00,יחידה,false,,3.90,0.0000,true,1,152314
7290017105116,false,תורמוס הקטניה הטובה יכין 200/105 גרם,"זנלכל בע""\מ",,יכין תורמוס הקטניה ה,יחידה,0.00,יחידה,false,,3.90,0.0000,true,1,152320
7290017105147,false,יכין זיתים ירוקים של,,,יכין זיתים ירוקים של,גרמים,540.00,100 גרם,false,,7.90,0.0146,true,1,155771
7290017105253,false,קטשופ יכין 740 גרם,"זנלכל בע""מ",,קטשופ יכין 740 גרם,גרמים,740.00,100 גרם,false,,9.90,0.0134,true,1,161434
7290017105260,false,קטשופ מופחת סוכר יכי,יכין,,קטשופ יכין מופחת סוכ,גרמים,740.00,100 גרם,false,,9.90,0.0134,true,1,161435
7290017105482,false,שלישיית פולפה עגבניו,,,שלישיית פולפה עגבניו,גרמים,780.00,100 גרם,false,,9.90,0.0127,true,1,179510
7290017105895,false,גרגרי חומוס להכנת חומוס משובח יכין 560 ג,זנלכל,,גרגרי חומוס מסעדות י,גרמים,550.00,100 גרם,false,,0.00,0.0000,true,1,187302
7290017118178,false,הארד אנודייז מחבת 24,,,הארד אנודייז מחבת 24,יחידה,0.00,יחידה,false,,149.90,0.0000,true,1,152753
7290017121390,false,לימון בלדי 250 גרם עללחם,"מדשא תעשיות מזון בע""\מ",,לימון בלאדי עללחם 2,גרמים,250.00,100 גרם,false,,13.90,0.0556,true,1,180576
7290017129495,false,אגו מיקס כדורי תירס מצופים שוקולד חלב כרמית 55 גרם,כרמית תעשיות ממתקים בעמ,,אגו מיקס כדורי תירס,יחידה,0.00,יחידה,false,,3.90,0.0000,true,1,151793
7290017129518,false,אגו מיקס כדורי תירס מצופים שוקולד חלב ולבן כרמית 55 גרם,כרמית,,אגו מיקס כדורי תירס,יחידה,0.00,יחידה,false,,3.90,0.0000,true,1,151795
7290017129853,false,מיני קוקיס עוגיות לק,HIQ FOOD PRODUCTS,,מיני קוקיס עוגיות לק,גרמים,600.00,100 גרם,false,,18.90,0.0315,true,1,156820
7290017142005,false,"שמן קוקוס אורגני עץ הזית צנצנת 320מ""ל",אקספלונקה,,שמן קוקוס אורגני כתי,מיליליטרים,320.00,"00000000000000000מ""ל",false,,29.90,0.0934,true,1,146383
7290017142203,false,"פילה טונה פרוס עם שמן זית בטעם מעושן 120 גרם ""עץ הזית""","יוניקורד ח.צ בע""מ",,פילה טונה פרוס עם שמ,גרמים,120.00,100 גרם,false,,14.90,0.1242,true,1,176845
7290017142289,false,"תרסיס שמן חמניות לל""ת גז עץ הזית 200מ""ל",י.ב טכנולוגיות אריזה בעמ,,עץ הזית תרסיס שמן חמ,מיליליטרים,200.00,"100 מ""ל",false,,15.90,7.9500,true,1,172205
7290017142388,false,שמן חמניות פלוס אומגה 3 עץ הזית 1 ליטר,שמן תעשיות בעמ,,שמן חמניות פלוס 1 לי,ליטרים,1.00,ליטר,false,,15.90,15.9000,true,1,178977
7290017142395,false,"LUNCH TO GO פסטה עם טונה בשמן זית 160 גרם ""עץ הזית""",יוניקורד ח.צ בעמ,,פסטה עם טונה בשמן ז,גרמים,160.00,100 גרם,false,,13.90,0.0869,true,1,182597
7290017142401,false,"LUNCH TO GO קינואה לבנה ואדומה טונה בשמן זית 160 גרם ""עץ הזית""",ג'נרל מילס סאן אדריא,,עץ זית קינואה לבנה ו,גרמים,160.00,100 גרם,false,,0.00,0.0000,true,1,197641
7290017142418,false,"LUNCH TO GO אורז עם עדשים טונה בשמן זית 160 גרם ""עץ הזית""",יוניקורד ח.צ בעמ,,אורז עם עדשים עם טונ,גרמים,160.00,100 גרם,false,,13.90,0.0869,true,1,182598
7290017142456,false,מארז נתחי טונה בהירה בשמן זית 2 * 160 ג' עץ הזית,יוניקורד ח.צ בעמ,,נתחי טונה בשמן זית ע,גרמים,320.00,100 גרם,false,,27.90,0.0872,true,1,182599
7290017197012,false,אל סבון la belle תות ורוד 1 ל,,,אל סבון תות ורוד 1 ל,יחידה,0.00,יחידה,false,,9.90,0.0000,true,1,154185
7290017197029,false,אל סבון la belle מאסק לבן 1 ל,,,אל סבון מאסק לבן 1 ל,יחידה,0.00,יחידה,false,,9.90,0.0000,true,1,154186
7290017197036,false,אל סבון la belle מלון פפאיה כתום 1 ל,,,אל סבון מלון פפאיה כ,יחידה,0.00,יחידה,false,,9.90,0.0000,true,1,154187
7290017217697,false,כפפות משק בית איזי טאץ עם אלוורה L אינטרסאן,,,כפפות משק בית עם אלו,יחידה,0.00,יחידה,false,,0.00,0.0000,true,1,187222
7290017236544,false,משחה כלים אמה תפוח 3,,,אמה משחת כלים תפוח 3,קילוגרמים,3.50,"ק""ג",false,,19.90,5.6857,true,1,151653
7290017239378,false,מארז פיצה משפחתית מרגריטה 3 * 400 ג' כל טוב,,,מארז 3 פיצות משפחתיו,יחידה,0.00,יחידה,false,,35.90,0.0000,true,1,173445
7290017239385,false,פיצה טבעונית זיתים י,,,פיצה טבעונית זיתים י,גרמים,400.00,100 גרם,false,,23.90,0.0597,true,1,186519
7290017239392,false,נקניקיה צמחית עטופה,,,נקניקיה צמחית עטופה,גרמים,600.00,100 גרם,false,,17.90,0.0298,true,1,173446
7290017239712,false,שניצל תירס ירוק מן הצומח 900 ג' כל טוב,,,שניצל תירס 900 גרם,גרמים,900.00,100 גרם,false,,23.90,0.0266,true,1,173726
7290017252001,false,חומץ סינטטי 5% סאן אוויל 1 ליטר,,,חומץ לבן אנטואן שוקח,ליטרים,1.00,ליטר,false,,0.00,0.0000,true,1,188297
7290017252315,false,עוגת שוקולד 270 גרם,,,עוגת שוקולד 270 גרם,גרמים,270.00,100 גרם,false,,4.90,0.0181,true,1,186932
7290017252339,false,עוגת וניל 270 גרם,,,עוגת וניל 270 גרם,גרמים,270.00,100 גרם,false,,4.90,0.0181,true,1,186938
7290017266312,false,וופל מילוי קרם בטעם שוקולד 150 גרם,גילרו,,עלמה וופל שוקו 150 ג,גרמים,150.00,100 גרם,false,,3.50,0.0233,true,1,181307
7290017266343,false,וופל קראנץ במילוי קרם שוקולד 150 גרם,גילרו,,עלמה וופל במילוי קרם,גרמים,150.00,100 גרם,false,,3.50,0.0233,true,1,181308
7290017266367,false,עלמה וופל במילוי קרם,,,עלמה וופל במילוי קרם,גרמים,150.00,100 גרם,false,,7.90,0.0527,true,1,181310
7290017266527,false,וופל קראנץ' בטעם אגוז עלמה 150 גרם,גילרו,,עלמה וופל במילוי קרם,גרמים,150.00,100 גרם,false,,3.50,0.0233,true,1,181618
7290017266534,false,ופל קראנץ שחור וניל 150 גרם עלמה,,,עלמה וופל קראנץ' שחו,גרמים,150.00,100 גרם,false,,3.50,0.0233,true,1,181619
7290017291338,false,שום סולו יחידה,HARVEST JINING,,שום ארוז,יחידה,0.00,יחידה,false,,0.00,0.0000,true,1,192256
7290017296067,false,רוטב דג 800 גרם,,,רוטב דג 800 גרם,יחידה,0.00,יחידה,false,,16.90,0.0000,true,1,155122
7290017296128,false,פנינה סבון נוזלי כח,,,פנינה סבון נוזלי כח,יחידה,3.00,יחידה,false,,11.90,3.9667,true,1,179617
7290017296135,false,"סבון נוזלי שלישיה 500 מ""ל פנינה רוזנבלום",יהודה אריאל,,פנינה סבון נוזלי ורו,יחידה,3.00,יחידה,false,,11.90,3.9667,true,1,179618
7290017297200,false,לקט ירקות לצד העוף פרי הגליל 800 ג',ויטה פרי גליל,,לקט ירקות לצד העוף 8,גרמים,800.00,100 גרם,false,,0.00,0.0000,true,1,187717
7290017303482,false,מלאווח שחף 700 גרם,,,מלאווח שחף 700 גרם,גרמים,700.00,100 גרם,false,,13.90,0.0199,true,1,167482
7290017303499,false,בורקס פטריות שחף 800,,,בורקס פטריות 800 גרם,גרמים,800.00,100 גרם,false,,13.90,0.0174,true,1,167481
7290017303529,false,שחף פילאס תפוח אדמה,,,שחף פילאס תפוח אדמה,גרמים,600.00,100 גרם,false,,15.90,0.0265,true,1,179872
7290017303536,false,שחף פילאס פטריות 600,,,שחף פילאס פטריות 600,גרמים,600.00,100 גרם,false,,15.90,0.0265,true,1,179873
7290017303635,false,תמר מקלות מסוכרים במ,,,תמר מקלות מסוכרים במ,גרמים,400.00,100 גרם,false,,12.90,0.0323,true,1,183794
7290017303734,false,תמר עוגיות מצופות עם,,,תמר עוגיות מצופות עם,גרמים,500.00,100 גרם,false,,12.90,0.0258,true,1,183080
7290017303758,false,תמר עוגיות בטעם חמאה,,,תמר עוגיות בטעם חמאה,גרמים,500.00,100 גרם,false,,12.90,0.0258,true,1,184334
7290017303802,false,אריאל מלוואח 600 גרם,מאפיית אריאל,,אריאל מלוואח 600 גרם,גרמים,600.00,100 גרם,false,,20.90,0.0348,true,1,153382
7290017303864,false,תמר כעכעים בציפוי,,,תמר כעכעים בציפוי,גרמים,500.00,100 גרם,false,,12.90,0.0258,true,1,183079
7290017374369,false,שיפודים שטוח עוב 25 יח',,,שיפוד 40/4 25 יח,יחידה,0.00,יחידה,false,,8.90,0.0000,true,1,154670
7290017374505,false,שקיות אשפה גורילה 75*90 בגליל שייני 25 יחידות,,,שקיות אשפה גורילה 90,יחידה,0.00,יחידה,false,,7.90,0.0000,true,1,156479
7290017374512,false,שקיות אשפה עבות 75*90 שייני 25 יחידות,,,שקיות אשפה גורילה עב,יחידה,0.00,יחידה,false,,11.90,0.0000,true,1,156480
7290017374994,false,כף אשפה מתכת,,,כף אשפה מתכת,יחידה,0.00,יחידה,false,,9.90,0.0000,true,1,160247
7290017429540,false,"אלכוג'ל 70% 125 מ""ל",,,"אלכוג'ל 70% 125 מ""ל",יחידה,0.00,יחידה,false,,0.00,0.0000,true,1,189036
7290017429557,false,"אלכוג'ל 70% 60 מ""ל",,,"אלכוג'ל 70% 60 מ""ל",יחידה,0.00,יחידה,false,,0.00,0.0000,true,1,188625
7290017440170,false,אולטרסול ספריי רציף שקוף ילדים 50+ 200,פישר תעשיות,,אולטרסול קידס ספריי,מיליליטרים,200.00,"100 מ""ל",false,,59.90,29.9500,true,1,179106
7290017440279,false,"ד""ר פישר - קידס אל סבון ויטמינים 750 מ""ל",פישר תעשיות,,"אל סבון קידס 750 מ""ל",מיליליטרים,750.00,"100 מ""ל",false,,16.90,2.2533,true,1,179098
7290017440323,false,"ד""ר פישר - קידס שמפו + מרכך ויטמינים 750 מ""ל","ד""ר פישר Dr fischer",,שמפו + מרכך קידס 750,מיליליטרים,750.00,"100 מ""ל",false,,16.90,2.2533,true,1,179101
7290017440965,false,אל סבון היגייני לניקוי יסודי ולהזנת העור clean & nourish,פישר מעבדות פרמצבטיות,,קמיל אל סבון ניקיון,יחידה,0.00,יחידה,false,,14.90,0.0000,true,1,176708
7290017457611,false,גל כביסה סוד טוטאל ירוק 2.5 ליטר,הנקל סוד,,סוד ג'ל כביסה ירוק,יחידה,0.00,יחידה,false,,0.00,0.0000,true,1,188118
7290017457826,false,קפסולות גל כביסה פרס,הנקל,,פרסיל קפסולות גל לכב,יחידה,0.00,יחידה,false,,44.90,0.0000,true,1,180848
7290017457871,false,סוד ג'ל כביסה ירוק טוטאל 4 ליטר,הנקל סוד,,סוד ג'ל כביסה ירוק 4,יחידה,0.00,יחידה,false,,0.00,0.0000,true,1,188119
7290017457901,false,מרכך סופרים אלגנס 1.2ל,הנקל,,סוד מרכך מרוכז שחור,יחידה,0.00,יחידה,false,,0.00,0.0000,true,1,188120
7290017457918,false,מרכך סופרים אטרקשן 1.2 ל,הנקל,,סוד מרכך מרוכז כחול,יחידה,0.00,יחידה,false,,0.00,0.0000,true,1,192593
7290017457970,false,פרסיל דיסקס לכביסה לבנה וצבעונית 22 יח,הנקל סוד,,פרסיל דיסקס לכביסה ל,יחידה,0.00,יחידה,false,,34.90,0.0000,true,1,184333
7290017470153,false,קש 400 יח' צבעוני ר. שמאי בשקית מתקפל,,,ר.שמאי קש צבעוני בשק,יחידה,0.00,יחידה,false,,9.90,0.0000,true,1,177705
7290017470177,false,קש 200 יח' ב-PVC ר. שמאי צבעוני מתקפל,,,שמאי - קש צבעוני 200,יחידה,0.00,יחידה,false,,6.90,0.0000,true,1,167656
7290017470184,false,קש ארומה 100 יח' ב PVC ר. שמאי,,,ר.שמאי קש ארומה 100,יחידה,0.00,יחידה,false,,7.90,0.0000,true,1,167657
7290017470191,false,קש צבעוני פסים מתקפל 40 יחידות,,,שמאי - קש מתקפל 40 י,יחידה,0.00,יחידה,false,,2.90,0.0000,true,1,167658
7290017470283,false,ר.שמאי צלחות למיקרוג,,,ר.שמאי צלחות למיקרוג,יחידה,0.00,יחידה,false,,8.90,0.0000,true,1,179806
7290017470436,false,לפתניות קלאסיק לבן שמאי 10 יח',,,ר.שמאי לפתניות קלאסי,יחידה,0.00,יחידה,false,,5.90,0.0000,true,1,179814
7290017470443,false,קעריות אובלי קלאסיק לבן שמאי 10 יח',,,ר.שמאי קעריות אובלי,יחידה,0.00,יחידה,false,,6.90,0.0000,true,1,179815
7290017470498,false,קערה קלאסיק קרם שמאי 3 יח',,,שמאי - שלישיית קערת,יחידה,0.00,יחידה,false,,7.90,0.0000,true,1,179816
7290017470542,false,שקיות להכנת קוביות קרח ר. שמאי 12 יחידות,,,ר.שמאי שקיות להכנת ק,יחידה,0.00,יחידה,false,,3.90,0.0000,true,1,167660
7290017470610,false,צלחות קלאסיק ענק לבן שמאי 10 יח',,,צלחות קלאסיקענק 10,יחידה,0.00,יחידה,false,,13.90,0.0000,true,1,164066
7290017470627,false,צלחות קלאסיק גדול לבן שמאי 10 יח',,,צלחות קלאסיקגדול 10,יחידה,0.00,יחידה,false,,11.90,0.0000,true,1,164073
7290017470634,false,צלחות קלאסיק קטן לבן שמאי 10 יח',,,צלחות קלאסיקקטן 10 י,יחידה,0.00,יחידה,false,,9.90,0.0000,true,1,164074
7290017470641,false,"מרקיות קלאסיק קרם/לבן/ורוד עתיק 10 יחי' כשל""פ",,,מרקיות קלאסיק10 יח',יחידה,0.00,יחידה,false,,9.90,0.0000,true,1,164075
7290017470689,false,קינוחית רוז שקופה 20 יח' ר. שמאי,,,שמאי - קינוחית רוז 2,יחידה,0.00,יחידה,false,,9.90,0.0000,true,1,167664
7290017470719,false,"מגש מחולק עגול קטן 6 חלקים כשלפ עד""ח ר.שמאי",,,ר.שמאי מגש מחולק עגו,יחידה,0.00,יחידה,false,,8.90,0.0000,true,1,167667
7290017470726,false,מיני מזלגות שקופות שמאי 50 יח',,,ר.שמאי מזלגות מיני ש,יחידה,0.00,יחידה,false,,4.90,0.0000,true,1,167668
7290017470733,false,כפיות מיני שקוף 50 יח' ר. שמאי,,,ר.שמאי כפיות מיני שק,יחידה,0.00,יחידה,false,,4.90,0.0000,true,1,167669
7290017470740,false,קערה לאירוח ענק 12' קשיחה ושקופה שמאי,,,ר.שמאי קערה לאירוח ק,יחידה,0.00,יחידה,false,,8.90,0.0000,true,1,167670
7290017470771,false,קערה בועות שקופה בנונית לאירוח,,,קערה בועות9אינץ לאיר,יחידה,0.00,יחידה,false,,5.90,0.0000,true,1,164077
7290017470801,false,כפיות מוכסף 40 י''ח קשיח ר. שמאי,,,כפיות מוכסף ארוז 40י,יחידה,0.00,יחידה,false,,6.90,0.0000,true,1,164067
7290017470818,false,מזלגות מוכסף 40 י''ח קשיח ר. שמאי,,,מזלגות מוכסף ארוז =4,יחידה,0.00,יחידה,false,,7.90,0.0000,true,1,164068
7290017513409,false,תה ירוק SUPER GREEN 87 גרםבטעם אוכמניות ואסאי,תה ויסוצקי,,תה ירוק עם צמחים סג,יחידה,25.00,יחידה,false,,24.90,0.9960,true,1,179713
7290017513782,false,פליפז בייגלה מצופה שוקולד מריר מקוויטיס 140 גרם,שוורצקוף& הנקל דיסלד,,פליפז בייגלה מצופה ש,גרמים,140.00,100 גרם,false,,8.90,0.0636,true,1,182553
7290017513829,false,תה ירוק לימונית ג'ינג'ר 25 שקיקים בתוספת ויטמין Cּּ+D,ויסוצקי ירוק,,תה ירוק לימונית גינג,יחידה,0.00,יחידה,false,,0.00,0.0000,true,1,188339
7290017513850,false,תה ירוק נענע 25 שקיקים בתוספת ויטמינים Cּּ+D,ויסוצקי ירוק,,תה ירוק נענע בתוספת,יחידה,0.00,יחידה,false,,0.00,0.0000,true,1,187565
7290017617008,false,טונה בשמן 140 גרם-שלישייה,. יצרן: טונה ויאטנם,,סטארקיסט טונה בשמן,יחידה,0.00,יחידה,false,,0.00,0.0000,true,1,187874
7290017675008,false,"טחינה גולמית 1 ק""ג שכם היונה",היונה,,טחינה היונה 900 גרם,גרמים,900.00,100 גרם,false,,24.90,0.0277,true,1,157239
7290017675015,false,טחינת היונה המקורית,,,טחינה היונה 450 גרם,גרמים,450.00,100 גרם,false,,12.90,0.0287,true,1,157240
7290017682044,false,סט שירותים דנבר,,,סט שירותים דנבר,יחידה,0.00,יחידה,false,,0.00,0.0000,true,1,189852
7290017682334,false,מטאטא ריץ' + מקל 1.5,,,מטאטא ריץ' + מקל 1.5,יחידה,0.00,יחידה,false,,19.90,0.0000,true,1,185660
7290017682365,false,כף אשפה עומד,,,כף אשפה עומד,יחידה,0.00,יחידה,false,,9.00,0.0000,true,1,178142
7290017682518,false,מטלית מיקרופייבר מוד,,,מטלית מיקרופייבר מוד,יחידה,0.00,יחידה,false,,6.90,0.0000,true,1,180933
7290017682525,false,ספוג לניקוי והברקה ו,,,"בלק מג""ק שלישיית קרצ",יחידה,0.00,יחידה,false,,0.00,0.0000,true,1,188013
7290017682624,false,"מגב קלינג עם תפסן 50 ס""מ",,,CLING מגב עם תפסן 50,יחידה,0.00,יחידה,false,,17.90,0.0000,true,1,182087
7290017682631,false,"מגב קלינג עם תפסן 60ס""מ",,,CLING מגב עם תפסן 60,יחידה,0.00,יחידה,false,,19.90,0.0000,true,1,182088
7290017682938,false,מטליות אנטי-בקטריאליות רב שימושיות 4 יחי,,,מטליות אנטי - בקטריא,יחידה,0.00,יחידה,false,,0.00,0.0000,true,1,189853
7290017715063,false,תומר קונפיטורה 70% ש,,,תומר קונפיטורה 70% ש,גרמים,900.00,100 גרם,false,,24.90,0.0277,true,1,179900
7290017715254,false,שימורי תירס בשלשות 200 גרם,קשקמט,,שלישית תירס גרעינים,גרמים,165.00,100 גרם,false,,9.90,0.0600,true,1,179702
7290017736006,false,מגבת הפלא לניקוי כלל,,,אסותא מגבת הפלא לניק,גרמים,800.00,100 גרם,false,,12.90,0.0161,true,1,166676
7290017736327,false,דלי מגבונים בתוספת א,,,דלי מגבונים בתוספת א,יחידה,0.00,יחידה,false,,24.90,0.0000,true,1,186656
7290017812571,false,מיץ ענבים תירוש אדום 100% טבעי כרמל 1 ליטר,יקבי כרמל Carmel Winery,,תירוש אדום 1 ליטר,ליטרים,1.00,ליטר,false,,19.90,19.9000,true,1,184149
7290017871363,false,פמילי יהלום- פמלי סבון ידיים מועשר בשמן מקדמיה לניקוי וטיפוח עור הידיים,המאפיה של הרמן,,יהלום סבון ידיים מעו,יחידה,0.00,יחידה,false,,8.90,0.0000,true,1,187029
7290017871370,false,פמילי יהלום- סבון ידיים מועשר בשמן אבוקדו לניקוי וטיפוח עור הידיים,המאפיה של הרמן,,יהלום סבון ידיים מעו,יחידה,0.00,יחידה,false,,8.90,0.0000,true,1,187030
7290017871424,false,טוסו חטיף תמרים ובוטנים ללא גלוטן וללא תוספת סוכר,תות תעשיות מזון,,טוסו חטיף תמרים ובוט,יחידה,0.00,יחידה,false,,16.90,0.0000,true,1,181001
7290017871431,false,טוסו חטיף תמרים אגוזי לוז וחמוציות ללא גלוטן וללא תוספת סוכר,תות תעשיות מזון,,טוסו חטיף תמרים אגוז,יחידה,0.00,יחידה,false,,16.90,0.0000,true,1,181002
7290017871448,false,טוסו חטיף תמרים וקשיו ללא גלוטן וללא תוספת סוכר,תות תעשיות מזון (2014) ב,,טוסו חטיף תמרים וקשי,יחידה,0.00,יחידה,false,,16.90,0.0000,true,1,181003
7290017871462,false,טוסו חטיף פצפוצי אורז מצופה שוקולד מריר ללא תוספת סוכר,תות תעשיות מזון (2014) ב,,טוסו חטיף פצפוצי אור,יחידה,0.00,יחידה,false,,16.90,0.0000,true,1,181005
7290017871509,false,פמלי לקשרי עם שמן זי,"טאהא קימיה, גזיאנטפ",,פמלי לקשרי עם שמן זי,ליטרים,1.00,ליטר,false,,12.90,12.9000,true,1,181049
7290017871516,false,פמילי לקשרי שמן קמומ,"טאהא קימיה, גזיאנטפ",,פמלי לקשרי עם שמן זי,ליטרים,1.00,ליטר,false,,12.90,12.9000,true,1,181050
7290017871783,false,טוסו מיני פריכיות עם,,,טוסו מיני פריכיות עם,יחידה,0.00,יחידה,false,,0.00,0.0000,true,1,187790
7290017871813,false,טוסו מיני פריכיות עם,,,טוסו מיני פריכיות עם,יחידה,0.00,יחידה,false,,0.00,0.0000,true,1,187793
7290017871820,false,טוסו מיני פריכיות עם,,,טוסו מיני פריכיות עם,יחידה,0.00,יחידה,false,,0.00,0.0000,true,1,187794
7290017871844,false,מואי גליליות בטעם ונ,,,מואי גליליות בטעם ונ,יחידה,0.00,יחידה,false,,0.00,0.0000,true,1,192684
7290017871851,false,מואי גליליות בטעם אג,,,מואי גליליות בטעם אג,גרמים,210.00,100 גרם,false,,0.00,0.0000,true,1,188364
7290017871936,false,"טוסו גרנולה אגוזים וגרעינים ללת""ס 300גר","אפקטבעי בע""\מ",,טוסו גרנולה אגוזים ו,גרמים,300.00,100 גרם,false,,19.90,0.0663,true,1,183961
7290017871974,false,טוסו אבקת ג'לי טעם תות 30גרם,אשבל מזון פונקציונלי בע\,,טוסו ג'לי בטעם תות ש,יחידה,0.00,יחידה,false,,0.00,0.0000,true,1,192685
7290017871981,false,טוסו אבקת ג'לי טעם משמש 30גרם,אשבל מזון פונקציונלי בע\,,טוסו ג'לי בטעם משמש,יחידה,0.00,יחידה,false,,0.00,0.0000,true,1,198899
7290017871998,false,טוסו פודינג אינסטנט בטעם וניל 30גרם,אשבל מזון פונקציונלי בע\,,טוסו פודינג אניטנס ב,יחידה,0.00,יחידה,false,,0.00,0.0000,true,1,187796
7290017872049,false,"פמלי אל סבון בניחוח לוונדר ארומטי- שלישייה 500 מ""ל",אברנסל קוסמטיקס,,פמלי אל סבון בניחוח,יחידה,3.00,יחידה,false,,0.00,0.0000,true,1,188500
7290017872056,false,פמלי אל סבון 3*1 הסדרה הלבנה-מעורב 500 גרם*3,אברנסל קוסמטיקס,,פמלי אל סבון 3*1 סדר,יחידה,3.00,יחידה,false,,0.00,0.0000,true,1,187798
7290017872063,false,פמלי אל סבון 3*1 ארומטרפי-מעורב 500 גרם*3,אברנסל קוסמטיקס,,פמלי אל סבון ארומתרפ,יחידה,3.00,יחידה,false,,0.00,0.0000,true,1,187799
7290017872100,false,"טוסו איולי שום לל""",,,"טוסו איולי שום לל""",גרמים,250.00,100 גרם,false,,0.00,0.0000,true,1,188595
7290017872131,false,טוסו חטיף אפונה בטעם,,,טוסו חטיף אפונה בטעם,יחידה,0.00,יחידה,false,,0.00,0.0000,true,1,188596
7290017872148,false,טוסו חטיף אפונה בטעם,,,טוסו חטיף אפונה בטעם,יחידה,0.00,יחידה,false,,0.00,0.0000,true,1,187801
7290017872209,false,שעווה מגע המשי הדבש למיקרו קוקוס 500 גרם,"ש. שוורץ )באר שבע( בע""\מ",,מגע הדבש ש. למיקרוגל,גרמים,500.00,100 גרם,false,,0.00,0.0000,true,1,187805
7290017872254,false,חטיף טוסו קראנצי בטע,תות ממתקי איכות,,טוסו חטיף קראנצ' בטע,יחידה,0.00,יחידה,false,,0.00,0.0000,true,1,187806
7290017872278,false,טוסו חטיף קראנצ'י בטעם בוטנים וחלווה 105 גר',תות ממתקי איכות,,טוסו חטיף קראנצ' בטע,יחידה,0.00,יחידה,false,,0.00,0.0000,true,1,188598
7290017872506,false,טוסו נשנושונים מתוקי,,,טוסו נשנושונים מתוקי,יחידה,0.00,יחידה,false,,0.00,0.0000,true,1,188440
7290017872513,false,טוסו נשנושונים מלוחי,,,טוסו נשנושונים מלוחי,יחידה,0.00,יחידה,false,,0.00,0.0000,true,1,188437
7290017872520,false,טוסו נשנושונים מתוק,,,טוסו נשנושונים מתוק,יחידה,0.00,יחידה,false,,0.00,0.0000,true,1,188438
7290017884578,false,עוגיות אוזני המן עם,,,עוגיות אוזני המן עם,גרמים,500.00,100 גרם,false,,0.00,0.0000,true,1,193746
7290017888019,false,"משקה תפוח רימון סלק גינגיר פרות &ווג 350 מ""ל",מיוצר עי קונדיטוריית,,משקה קל תפוח רימון,מיליליטרים,350.00,"100 מ""ל",false,,5.90,1.6857,true,1,176828
7290017888026,false,"משקה אננס תפוח גזר פרות & ווג 350 מ""ל",פרוט אנד וג' Fruit & Veg,,משקה קל אננס תפוח גז,מיליליטרים,350.00,"100 מ""ל",false,,5.90,1.6857,true,1,176832
7290017888033,false,"משקה בננה מלון נענע פרות &ווג 350 מ""ל",פרוט אנד וג' Fruit & Veg,,משקה קל מלון נענע 35,מיליליטרים,350.00,"100 מ""ל",false,,5.90,1.6857,true,1,176833
7290017888125,false,שוופס מוגז עדין בטעם,"כד בני דרום בע""מ",,שוופס מוגז עדין בטעם,מיליליטרים,330.00,"100 מ""ל",false,,6.00,1.8182,true,1,177918
7290017888347,false,מי עדן פקק ספורטאים 500,"מי עדן בע""מ",,מי עדן ספורט בקבוק ב,מיליליטרים,500.00,"100 מ""ל",false,,5.00,1.0000,true,1,186424
7290017888781,false,שופס מ.עדין ליים נענע1.5,"יפאורה תבורי בע""\מ",,שוופס מוגז עדין מוחי,ליטרים,1.50,ליטר,false,,6.50,4.3333,true,1,187010
7290017888842,false,"שוופס מיקס אננס תות 330 מ""ל פחית",מיוצר עי קונדיטוריית,,שוופס מיקס פירות אננ,מיליליטרים,330.00,"100 מ""ל",false,,0.00,0.0000,true,1,187349
7290017888859,false,שוופס מיקס פירות תות,מיוצר עי קונדיטוריית,,שוופס מיקס פירות תות,מיליליטרים,330.00,"100 מ""ל",false,,0.00,0.0000,true,1,187350
7290017888873,false,שוופס מיקס פירות אבט,מיוצר עי קונדיטוריית,,שוופס מיקס פירות אבט,מיליליטרים,330.00,"100 מ""ל",false,,0.00,0.0000,true,1,187352
7290017894034,false,"פתיתי שיבולת שועל עבה לל""ג דגש 400 גרם",אף.סי תבליני בגליל ב,,דגש פתיתי שיבולת שוע,גרמים,400.00,100 גרם,false,,20.90,0.0522,true,1,179273
7290017913094,false,אסותא נוזל רצפות סגו,,,אסותא נוזל לרצפות סג,ליטרים,4.00,ליטר,false,,14.90,3.7250,true,1,175323
7290017913100,false,אסותא נוזל רצפות ירו,,,אסותא נוזל לרצפות יר,ליטרים,4.00,ליטר,false,,14.90,3.7250,true,1,175324
7290017913117,false,אסותא נוזל רצפות צהו,,,אסותא נוזל לרצפות צה,ליטרים,4.00,ליטר,false,,14.90,3.7250,true,1,175325
7290017913124,false,אסותא אבקת כביסה 8 ק,,,אסותא אבקת כביסה 8 ק,יחידה,0.00,יחידה,false,,44.90,0.0000,true,1,176715
7290017913131,false,אסותא מרכך לכביסה שח,טרופיקל דגיל,,אסותא מרכך כביסה 4 ל,ליטרים,4.00,ליטר,false,,14.90,3.7250,true,1,175326
7290017913148,false,אסותא מרכך כביסה סגו,טרופיקל דגיל,,אסותא מרכך כביסה 4 ל,ליטרים,4.00,ליטר,false,,14.90,3.7250,true,1,175327
7290017913162,false,אסותא מרכך כביסה כחו,טרופיקל דגיל,,אסותא מרכך כביסה 4 ל,ליטרים,4.00,ליטר,false,,14.90,3.7250,true,1,175329
7290017913179,false,אסותא מרכך כביסה ורו,טרופיקל דגיל,,אסותא מרכך כביסה 4 ל,ליטרים,4.00,ליטר,false,,14.90,3.7250,true,1,175330
7290017913513,false,סבון מוצק שחור אסותא,,,אסותא סבון מוצק *4 ש,יחידה,0.00,יחידה,false,,0.00,0.0000,true,1,187453
7290017913520,false,סבון מוצק לבנדר אסות,,,אסותא סבון מוצק *4 ל,יחידה,0.00,יחידה,false,,0.00,0.0000,true,1,188709
7290017917399,false,מגבונים לסיוע בטיפול ובמניעת תפרחת חיתולים קמיל בלו,"ד""ר פישר Dr fischer",,קמיל בלו סנסיטיב מגב,יחידה,0.00,יחידה,false,,14.90,0.0000,true,1,182322
7290017917450,false,קמיל בלו סנסיטיב אל סבון ושמפו לתינוק קמומיל ואלוורה,פישר מעבדות פרמצבטיות בע,,קמיל בלו סנסיטיב אל,ליטרים,1.00,ליטר,false,,29.90,29.9000,true,1,179096
7290017917559,false,ד.פישר בלונד מסכת הזנה לשיער בהיר 300 מל,מדי פישר,,"ד""ר פישר מסכה בלונד",יחידה,0.00,יחידה,false,,39.90,0.0000,true,1,182626
7290017917764,false,"ד""ר פישר - אפקטיב קר קרם גוף מועשר בשמן ארגן 450 מ""ל",פישר מעבדות פרמצבטיות בע,,קרם גוף מעושר בשמן א,יחידה,0.00,יחידה,false,,0.00,0.0000,true,1,189088
7290017928036,false,מקלות גריסיני שומשום מאיר בייגל 175 גרם,מאיר את בייגל,,מאיר בייגל מקלות גרי,גרמים,175.00,100 גרם,false,,11.90,0.0680,true,1,182128
7290017928210,false,בייגלה גדול שומשום מאיר בייגל 250 גרם,מאיר את בייגל,,מאיר בייגל בייגלה גד,גרמים,250.00,100 גרם,false,,11.90,0.0476,true,1,182117
7290017928227,false,"בייגלה שטוח'לה פינוקים שומשום, קצח, שום ובצל",מאיר את בייגל,,מאיר בייגל שטוחלה פי,גרמים,300.00,100 גרם,false,,11.90,0.0397,true,1,182118
7290017928234,false,מאיר בייגל גריסיני ב,מאיר בייגל,,מאיר בייגל גריסיני ב,גרמים,175.00,100 גרם,false,,11.90,0.0680,true,1,182130
7290017928418,false,בייגלה שטוחלה מלח 300גרם,מאיר בייגל,,מאיר בייגל שטוחלה מל,גרמים,300.00,100 גרם,false,,11.90,0.0397,true,1,182120
7290017928432,false,מקלות גריסיני קראנץ' פרג מאיר בייגל 175 גרם,מאיר את בייגל,,מאיר בייגל גריסיני ק,גרמים,175.00,100 גרם,false,,11.90,0.0680,true,1,182132
7290017928616,false,מאיר בייגל שטוחהלה שומשום 300 גר',מאיר את בייגל,,מאיר בייגל שטוחלה שו,גרמים,300.00,100 גרם,false,,11.90,0.0397,true,1,182123
7290017928630,false,מקלות גריסיני קראנץ' פינוקים מאיר בייגל 175 גרם,מאיר את בייגל,,מאיר בייגל גריסיני ק,גרמים,175.00,100 גרם,false,,11.90,0.0680,true,1,182133
7290017928807,false,בייגלה אצבעות שומשום מאיר בייגל 300 גרם,מאיר את בייגל,,מאיר בייגל אצבעות שו,גרמים,300.00,100 גרם,false,,11.90,0.0397,true,1,182125
7290017928821,false,מקלות גריסיני קלאסי מאיר בייגל 200 גרם,מאיר את בייגל,,מאיר בייגל מקלות גרי,גרמים,200.00,100 גרם,false,,11.90,0.0595,true,1,182134
7290017932781,false,גל כביסה אסותא 5ליטר,טרופיקל דגיל,,אסותא גל כביסה כחול,ליטרים,5.00,ליטר,false,,38.90,7.7800,true,1,178445
7290017969084,false,ר.שמאי מרקיות אקו 25,,,ר.שמאי מרקיות אקו 25,יחידה,0.00,יחידה,false,,3.90,0.0000,true,1,179807
7290017969091,false,לפתניות 25 יחידות שמאי,,,ר.שמאי לפתניות אקו 2,יחידה,0.00,יחידה,false,,2.50,0.0000,true,1,179808
7290017969169,false,"צלחות ענק 10=מתכלות=20 יח' קנה סוכר עד""ח",,,שמאי - צלחות ענק מתכ,יחידה,0.00,יחידה,false,,17.90,0.0000,true,1,181735
7290017969176,false,"צלחות גדול 9=מתכלות=20 יח' קנה סוכר עד""ח",,,ר.שמאי צלחות גדולות,יחידה,0.00,יחידה,false,,11.90,0.0000,true,1,179800
7290017969183,false,צלחות קטן 7=מתכלות=20 יח' קנה סוכר,,,ר.שמאי צלחות קטנות מ,יחידה,0.00,יחידה,false,,8.90,0.0000,true,1,179801
7290017969190,false,"מרקיות 7=מתכלות=20 יח' קנה סוכר עד""ח",,,ר.שמאי מרקיות 7 מתכל,יחידה,0.00,יחידה,false,,9.90,0.0000,true,1,179802
7290017969206,false,אשפה 75/90 אפור ידית נשלף אחד אחד שטוח עבה מאוד 20 יח שמאי,,,ר.שמאי אשפתון אפור 7,יחידה,0.00,יחידה,false,,17.90,0.0000,true,1,184705
7290017969664,false,ר.שמאי לפתניות 100 י,,,ר.שמאי לפתניות 100 י,יחידה,0.00,יחידה,false,,8.90,0.0000,true,1,183568
7290017969787,false,"צלחות גדולות 1 ק""ג כשל""פ עד""ח",,,ר.שמאי צלחות קילו 66,יחידה,0.00,יחידה,false,,16.90,0.0000,true,1,183569
7290017969930,false,צלחות ענקיות צבעוני דגם רויאל 12 יח' ר. שמאי,,,שמאי - צלחות ענק 'רו,יחידה,0.00,יחידה,false,,0.00,0.0000,true,1,192659
7290017969947,false,צלחות גדולות צבעוני דגם רויאל 12 יח' ר. שמאי,,,ר. שמאי 'רויאל' צלחו,יחידה,0.00,יחידה,false,,0.00,0.0000,true,1,188529
7290017969954,false,מרקיות צבעוני דגם רויאל 12 יח' ר. שמאי,,,שמאי - מרקיות בצבעים,יחידה,0.00,יחידה,false,,0.00,0.0000,true,1,188530
7290018012116,false,פנס מנורת חירום 60 ל,,,פנס מנורת חירום 60 ל,יחידה,0.00,יחידה,false,,0.00,0.0000,true,1,187683
7290018071243,false,כפפות פלסטיק S שחורות אלסטיות 100 יחידות,איזי טאצ,,כפפות פלסטיק שחורות,יחידה,0.00,יחידה,false,,0.00,0.0000,true,1,193837
7290018071274,false,כפפות פלסטיק XL שחורות אלסטיות 100 יחידות,איזי טאצ,,כפפות פלסטיק שחורות,יחידה,0.00,יחידה,false,,0.00,0.0000,true,1,193199
7290018091418,false,מקלות פילו פלפלים וגבינה,"מעדנות בע""\מ",,מקלות פילו פלפלים קל,גרמים,450.00,100 גרם,false,,0.00,0.0000,true,1,187194
7290018091814,false,מקלות פילו חצילים וגבינה,מיוצר עי קונדיטוריית,,מקלות פילו חצילים ק,גרמים,450.00,100 גרם,false,,0.00,0.0000,true,1,187196
7290018098684,false,"בורקס תפו""א 700 גרם ""כל טוב""",,,"בורקס תפו""א 700 גרם",גרמים,700.00,100 גרם,false,,0.00,0.0000,true,1,192817
7290018098806,false,כדורי פלאפל כל טוב,,,כדורי פלאפל כל טוב,גרמים,500.00,100 גרם,false,,13.90,0.0278,true,1,178697
7290018098820,false,שניצל תירס ירוק מן ה,,,שניצל תירס ירוק מן ה,קילוגרמים,1.70,"ק""ג",false,,44.90,26.4118,true,1,178695
7290018131138,false,לה קרמריה שוקולד וניל וו,גלידות נסטלה )נגה גלידות,,לה קרמריה וולנס שוקו,יחידה,0.00,יחידה,false,,19.90,0.0000,true,1,185965
7290018131954,false,מאגדת לה פרוטה תות שוקולד נסטלה 350 גרם,נגה גלידות שותפות מוגבלת,,לה פרוטה מאגדת שוקול,יחידה,0.00,יחידה,false,,0.00,0.0000,true,1,195368
7290018156087,false,"ד""ר פישר - סרקל אקטיב שמפו 450 מ""ל",פישר מעבדות פרמצבטיות,,"ד""ר פישר סרקל אקטיב",יחידה,0.00,יחידה,false,,0.00,0.0000,true,1,192682
7290018156094,false,"ד""ר פישר סרקל אקטיב מרכך 450 מ""ל",פישר מעבדות פרמצבטיות,,"ד""ר פישר סרקל אקטיב",יחידה,0.00,יחידה,false,,0.00,0.0000,true,1,192683
7290018183564,false,שמן להסרת שאריות שעו,,,שמן להסרת שאריות שעו,יחידה,0.00,יחידה,false,,0.00,0.0000,true,1,187993
7290018192658,false,מארז זוג פטריות פורטובלה ושמפיניון מרינה,"מרינה פטריות הגליל בע""מ",,צמד חמד איטלקי,יחידה,0.00,יחידה,false,,0.00,0.0000,true,1,187816
7290018194485,false,מארז מאפינס דוקולד עוגל'ה 6*40 גרם,"אס.אף.אס מאפים בע""מ",,מארז מאפינס שוקלד 40,יחידה,0.00,יחידה,false,,0.00,0.0000,true,1,188452
7290018194492,false,מארז מאפינס וניל עוגל'ה 6*40 גרם,"אס.אף.אס מאפים בע""מ",,מארז מאפינס וניל 40*,יחידה,0.00,יחידה,false,,0.00,0.0000,true,1,187228
7290018194683,false,עוגיות בטעם חמאה 170 גרם,"אס. אף. אס מאפים בע""",,עוגיות בטעם חמאה 170,גרמים,170.00,100 גרם,false,,0.00,0.0000,true,1,188981
7290018198100,false,"תפוגן רוסטיק ציפס 1.5 ק""ג.","תעשיות תפוגן בע""\מ",,תפוגן רוסטיק צ'יפס 1,קילוגרמים,1.50,"ק""ג",false,,0.00,0.0000,true,1,198882
7290018204009,false,קינוחית כתר עם מכסה 10 יחי' שמאי,,,קינוחית כתר גדול כם,יחידה,0.00,יחידה,false,,0.00,0.0000,true,1,188098
7290018204023,false,מגש תחרה מלבני קרם לאירוח 36X16 1-2 ר. שמאי,,,ר.שמאי - מגש תחרה מל,יחידה,0.00,יחידה,false,,0.00,0.0000,true,1,188099
7290018204184,false,מרקיות CLASSUC צבעוני 100 יח' ר. שמאי,,,שמאי - מרקיות Classi,יחידה,0.00,יחידה,false,,0.00,0.0000,true,1,192703
7290018204221,false,מפיות לבן אחת שתיים שמאי 150 יח',,,מפיות 150 יחידות לב,יחידה,0.00,יחידה,false,,0.00,0.0000,true,1,198688
7290018204290,false,"סט סכו""ם צבעוני קלאסיק 50 יח' ר. שמאי",,,"סט סכו""ם קלאסיק 50 י",יחידה,0.00,יחידה,false,,0.00,0.0000,true,1,197654
7290018204429,false,קעריות אובלי מתכלות שמאי 20 יח',,,שמאי -קעריות אובלי מ,יחידה,0.00,יחידה,false,,0.00,0.0000,true,1,192892
7290018213216,false,סט שירותים אורבן שחור,,,סט שירותים אורבן,יחידה,0.00,יחידה,false,,0.00,0.0000,true,1,192592
7290018333198,false,"אגו רוקס חטיפי שוקולד חלב עם פתיתי תירס, שברי בוטנים מסוכרים ומלח 100 גרם","כרמית תעשיות ממתקים בע""\",,חטיפי שוקלד חלב עם פ,יחידה,0.00,יחידה,false,,0.00,0.0000,true,1,189751
7290018333204,false,"אגו רוקס חטיפי שוקולד לבן עם פתיתי תירס, שבבי קוקוס ושברי פקאן סיני 100 גרם","כרמית תעשיות ממתקים בע""\",,חטיפי שוקלד לבן עם פ,יחידה,0.00,יחידה,false,,0.00,0.0000,true,1,188835
7290018333495,false,וופלס במילוי קרם אגו,אף.סי תבליני בגליל ב,,וופלס במילוי קרם אגו,גרמים,200.00,100 גרם,false,,0.00,0.0000,true,1,188269
7290018333501,false,וופלס במילוי קרם אגו,,,וופלס במילוי קרם אגו,גרמים,200.00,100 גרם,false,,0.00,0.0000,true,1,188270
7290018333525,false,וופלס במילוי קרם אגו,,,וופלס במילוי קרם אגו,גרמים,130.00,100 גרם,false,,0.00,0.0000,true,1,188272
7290018333532,false,וופלס במילוי קרם אגוזי לוז בציפוי שוקולד לבן 130 ג',,,וופלס במילוי קרם אגו,גרמים,130.00,100 גרם,false,,0.00,0.0000,true,1,188273
7290018333549,false,גלילי וופל במילוי קר,,,גלילי וופל במילוי קר,גרמים,160.00,100 גרם,false,,0.00,0.0000,true,1,188274
7290018343296,false,דר פישר אלכוגל H לידיים 100 מל,מדי פישר,,"אלכו ג'ל 100 מ""ל",מיליליטרים,100.00,"100 מ""ל",false,,14.90,14.9000,true,1,186817
7290018343487,false,אלכו ג'ל בשפורפרת H 75מ,CHEMIPAL FISHER (BIO,,"ד""ר פישר אלכו ג'ל שפ",יחידה,0.00,יחידה,false,,9.90,0.0000,true,1,186819
7290018343708,false,פארמה וויפס מגבונים לניקוי וחיטוי משטחים,פישר תעשיות,,אלכוג'ל פרמה וויפס מ,יחידה,0.00,יחידה,false,,0.00,0.0000,true,1,187757
7290018359532,false,רוטב עגבניות מרוכז פרי זה 100 גרם,קריות זול,,רוטב עגבניות מרוכז פ,יחידה,0.00,יחידה,false,,0.00,0.0000,true,1,188885
7290018540299,false,לחם ש.שועל+חיטה מלאה650ג,מאפיית שלמה א. אנג'\ל בע,,לחם שיבולת שועל וחיט,יחידה,0.00,יחידה,false,,0.00,0.0000,true,1,193600
7290019297390,false,מעדן פטל שחור100%פרי284ג,.,,שקדיה מעדן פטל שחור,גרמים,284.00,100 גרם,false,,12.90,0.0454,true,1,170018
7290019297437,false,מעדן אוכמניות ללא סוכר שקדיה 284 ג',לינוי סיטי,,שקדיה מעדן אוכמניות,גרמים,284.00,100 גרם,false,,12.90,0.0454,true,1,108901
7290019297505,false,"רוטב רימונים שקדיה 700 מ""ל",קארל קיוחנה,,שקדיה רוטב רימונים 7,מיליליטרים,700.00,"100 מ""ל",false,,22.90,3.2714,true,1,106121
7290019297512,false,"רוטב רימונים שקדיה 340 מ""ל בדץ",סיטוגלוגידה,,שקדיה רוטב רימונים,גרמים,340.00,100 גרם,false,,10.90,0.0321,true,1,106122
7290045613362,false,גרבי בנים/בנות,,,גרבי בנים/בנות,יחידה,0.00,יחידה,false,,0.00,0.0000,true,1,192998
7290100240137,false,"תרסיס ריחני למייבש כחול בדין 500 מ""ל","זוהר דליה, קיבוץ דליה, 1",,בדין למייבש כביסה כח,מיליליטרים,500.00,"100 מ""ל",false,,17.00,3.4000,true,1,73746
7290100240144,false,"תרסיס ריחני למייבש ורוד בדין 500 מ""ל","זוהר דליה, קיבוץ דליה, 1",,בדין למייבש כביסה ור,מיליליטרים,500.00,"100 מ""ל",false,,17.00,3.4000,true,1,73747
7290100240632,false,קרקר פתית 200-300ג' 6 דגנים 250 גרם,יוניליוור ישראל מזון בע\,,פתית 6 דגנים 250 גרם,גרמים,250.00,100 גרם,false,,14.90,0.0596,true,1,58648
7290100243084,false,מיונז אמיתי הלמנס 789גרם,"יונילוור ארה""ב",,מיונז אמיתי הלמנס 78,גרמים,789.00,100 גרם,false,,19.90,0.0252,true,1,57512
7290100243671,false,"מרכך כביסה מרוכז אקסטרה כחול בדין 960 מ""ל",יוניליוור סנאיי וי טיקאר,,בדין אקסטרא כחול 960,מיליליטרים,960.00,"100 מ""ל",false,,15.00,1.5625,true,1,57296
7290100245231,false,נמס בכוס מרק בטעם עוף עם אטריות ושקדי מרק-2 שקיות,יוניליוור ישראל מזון בע\,,נמס בכוס ועוד טעם עו,יחידה,0.00,יחידה,false,,6.50,0.0000,true,1,58658
7290100247808,false,נמס בכוס ט.עוף אקסטרה28ג,יוניליוור ישראל מזון בע\,,קנור נמס בכוס אקסטרה,יחידה,0.00,יחידה,false,,4.50,0.0000,true,1,57531
7290100247815,false,נמס בכוס עגבנ.אקסטרה39גר,אתר חיפה אבקות,,קנור נמס בכוס אקסטרה,יחידה,0.00,יחידה,false,,4.50,0.0000,true,1,56730
7290100249581,false,רוטב לעוף שזיפים 320 גרם,יוניליוור ישראל מזון בע\,,"רוטב לעוף שזיפים בד""",גרמים,310.00,100 גרם,false,,14.00,0.0452,true,1,57522
7290100249659,false,"רוטב לעוף צ'ילי מתוק ושום קנור 320 גרם בד""צ",יוניליוור ישראל מזון בע\,,רוטב לעוף צ'ילי שום,גרמים,310.00,100 גרם,false,,14.00,0.0452,true,1,58783
7290100411254,false,מחית בוליווד תפוח ובננה 190 גרם ללא תוספ,בילובד Beloved,,מחית תפוח ובננה 190,גרמים,190.00,100 גרם,false,,4.90,0.0258,true,1,186272
7290100412343,false,קוויק מטליות לחות 99.9% לניקוי כללי בריח לימון 50 יחידות,די.פי.אל,,קוויק מגבונים לניקוי,יחידה,0.00,יחידה,false,,8.90,0.0000,true,1,186286
7290100412435,false,קוויק מטליות לחות 99.9% לניקוי כללי בריח פרחי בר 50 יחידות,די.פי.אל,,קוויק לניקוי שירותים,יחידה,0.00,יחידה,false,,8.90,0.0000,true,1,186287
7290100412442,false,קוויק מטליות לחות 99.9% לניקוי שירותים ומקלחות בריח מנטה 50 יחידות,די.פי.אל,,קוויק מגבונים לניקוי,יחידה,50.00,יחידה,false,,8.90,0.1780,true,1,186288
7290100412459,false,קוויק מטליות לחות 99.9% לניקוי שירותים ומקלחות בריח לוונדר 50 יחידות,די.פי.אל,,קוויק לניקוי שירותים,יחידה,0.00,יחידה,false,,8.90,0.0000,true,1,136026
7290100412466,false,מגבונים קוויק לניקוי וחיטוי רצפות בניחוח לימון 10 יח',די.פי.אל,,קוויק מטליות לחות לנ,יחידה,0.00,יחידה,false,,11.90,0.0000,true,1,186290
7290100412787,false,"ד""ר עור - תחליב רחצה קלאסי בניחוח פריחת הכותנה 700 מ""ל","אמיליה קוסמטיקס בע""מ",,תחליב רחצה קלקסי כות,יחידה,0.00,יחידה,false,,19.90,0.0000,true,1,186293
7290100653463,false,"פלמוליב - ארומה ג'ל רחצה מסאז' 500 מ""ל",קולגייט-פלמוליב,,פלמוליב סבון נוזלי ס,מיליליטרים,500.00,"100 מ""ל",false,,15.90,3.1800,true,1,70381
7290100680650,false,מנה חמה נודלס-אטריות ירקות טעם תאילנדי אסם 76 ג',PUB FOODS PRESIDENT THAI,,מנה חמה נודלס-אטריות,יחידה,0.00,יחידה,false,,7.50,0.0000,true,1,59425
7290100680667,false,מנה חמה נודלס-אטריות+ירקות טעם סצ'ואן,PUB FOODS PRESIDENT THAI,,מנה חמה נודלס-אטריות,יחידה,0.00,יחידה,false,,7.50,0.0000,true,1,58735
7290100680711,false,פירורית זהב אסם זהב 350ג',עינת תעשיות מזון אגו,,פירורית זהב שקית 350,גרמים,350.00,100 גרם,false,,8.90,0.0254,true,1,58785
7290100680728,false,פירורית רגילה שקית 350 גרם,מיוצר עי קונדיטוריית,,פירורית רגילה שקית 3,גרמים,350.00,100 גרם,false,,7.50,0.0214,true,1,60675
7290100681015,false,אינסטנט פודינג בטעם ריבת חלב אסם 84 גרם,מיוצר עי קונדיטוריית,,אסם פודינג אינסטנט ר,יחידה,0.00,יחידה,false,,5.50,0.0000,true,1,58736
7290100681114,false,רוטב סויה סיני גדול600גר,"אסם השקעות בע""\מ",,רוטב סויה בסגנון סינ,מיליליטרים,600.00,"100 מ""ל",false,,16.90,2.8167,true,1,57538
7290100681138,false,מארז אפרופו חטיף תירס 3 יחידות,"אסם השקעות בע""\מ",,אפרופו מארז שלשיה 15,גרמים,150.00,100 גרם,false,,12.10,0.0807,true,1,58737
7290100681503,false,עסיס סירופ לימונענע דיאטטי 1 ליטר,בית-השיטה עסיס תעשיות מז,,עסיס סירופ דיאט בטעם,ליטרים,1.00,ליטר,false,,11.90,11.9000,true,1,56737
7290100681510,false,סירופ דיאט בטעם אשכולית אדומה עסיס 1 ליטר,בית-השיטה עסיס תעשיות מז,,עסיס סירופ דיאט בטעם,ליטרים,1.00,ליטר,false,,11.90,11.9000,true,1,57620
7290100683217,false,"ויטמינצ'יק תפו""ע 2 ליטר",בית-השיטה עסיס תעשיות מז,,ויטמינצ'יק תפוח עץ 2,ליטרים,2.00,ליטר,false,,22.90,11.4500,true,1,60678
7290100683613,false,ויטמינציק מנגו אפרסק 1 ליטר,בית-השיטה עסיס תעשיות מז,,ויטמינצ'יק מנגו ואפר,ליטרים,1.00,ליטר,false,,11.90,11.9000,true,1,73777
7290100683682,false,אסם פתי בר שוקו 1.7,אסם,,אסם פתי בר שוקו 1.7,קילוגרמים,1.75,"ק""ג",false,,24.80,14.1714,true,1,57622
7290100683880,false,פירה אסם ללא צורך בבישול 260 גרם,"אסם השקעות בע""\מ",,אסם פירה רגיל 260 גר,גרמים,260.00,100 גרם,false,,14.10,0.0542,true,1,57541
7290100684306,false,"רוטב צ'ילי מתוק 600מ""ל אסם","אסם השקעות בע""\מ",,רוטב צ'לי מתוק 600 מ,מיליליטרים,600.00,"100 מ""ל",false,,18.20,3.0333,true,1,58787
7290100685068,false,אינסטנט פודינג בטעם וניל עם פצפוצי שוקולד אסם 110 גרם,"אסם תעשיות בע""מ",,פודינג וניל עם פצפוצ,גרמים,110.00,100 גרם,false,,6.10,0.0555,true,1,114051
7290100685136,false,"אבקת מרק בטעם עוף אסם 1 ק""ג","אסם השקעות בע""\מ",,"אסם מרק טעם עוף 1 ק""",קילוגרמים,1.00,"ק""ג",false,,14.90,14.9000,true,1,56741
7290100685242,false,במבה מתוקה מחומרים טבעיים סרט 30 גרם,"אסם תעשיות בע""מ",,במבה תות על סרט 30 ג,יחידה,0.00,יחידה,false,,2.90,0.0000,true,1,118314
7290100685334,false,אבקת מרק עוף אמיתי בשרי רכיבים טבעיים אסם 400 גרם,"אסם השקעות בע""\מ",,מרק עוף רכיבים טבעיי,גרמים,400.00,100 גרם,false,,26.00,0.0650,true,1,59430
7290100685341,false,אבקת מרק טעם עוף זך רכיבים טבעיים אסם 400 גרם,"אסם השקעות בע""\מ",,מרק טעם עוף זך רכיבי,גרמים,400.00,100 גרם,false,,18.90,0.0472,true,1,60681
7290100685563,false,פירורית זהב אסם מארז 200X2ג',עינת תעשיות,,פירורית זהב שקית 2 *,גרמים,400.00,100 גרם,false,,9.90,0.0248,true,1,179896
7290100685600,false,פירורית זהב אסם זהב חיטה מלאה 200ג',עינת תעשיות מזון אגו,,פירורית זהב חיטה מלא,גרמים,200.00,100 גרם,false,,7.50,0.0375,true,1,57624
7290100686164,false,מארז מולטיפק ביסלי ברביקיו 6 יח 35 גר יח,מיוצר עי קונדיטוריית,,מארז ביסלי ברביקיו 6,גרמים,210.00,100 גרם,false,,12.90,0.0614,true,1,57233
7290100686171,false,מארז מולטיפק ביסלי גריל 6 יח 35 גר ליח,"אסם השקעות בע""\מ",,מארז ביסלי גריל 6*35,גרמים,210.00,100 גרם,false,,12.90,0.0614,true,1,56742
7290100686928,false,עוגת שוקולד עם קרם ש,,,עוגת שוקולד עם קרם ש,גרמים,400.00,100 גרם,false,,16.90,0.0422,true,1,57234
7290100687109,false,במבה במילוי קרם נוגט 60ג' אסם,"אסם השקעות בע""\מ",,במבה במילוי קרם נוגט,יחידה,0.00,יחידה,false,,5.00,0.0000,true,1,59432
7290100689301,false,אבקת מרק בטעם עוף זך עדיף אסם 400 גרם,"אסם השקעות בע""\מ",,מרק עוף זך - עדיף 40,גרמים,400.00,100 גרם,false,,15.90,0.0398,true,1,56746
7290100700310,false,"סוגת כוסמת סוגת 1ק""ג","סוגת תעשיות בע""מ",,"סוגת כוסמת סוגת 1ק""ג",קילוגרמים,1.00,"ק""ג",false,,12.10,12.1000,true,1,58855
7290100700327,false,"גריסי פנינה סוגת 1 ק""ג","סוגת תעשיות בע""\מ",,סוגת גריסי פנינה 1 ק,גרמים,1000.00,100 גרם,false,,9.90,0.0099,true,1,57366
7290100700365,false,"שעועית אדומה 1 ק""ג סוגת",סוגת תעשיות בעמ,,סוגת שעועית אדומה 1,גרמים,1000.00,100 גרם,false,,21.90,0.0219,true,1,60689
7290100700389,false,"אורז אדום 1 ק""ג ""סוגת""","סוגת תעשיות בע""\מ",,"סוגת אורז אדום 1 ק""ג",קילוגרמים,1.00,"ק""ג",false,,12.10,12.1000,true,1,57628
7290100700396,false,"סוגת אורז יסמין קלאסי 1 ק""ג",האי נאם סי או אל.טי.,,סוגת אורז יסמין קלאס,קילוגרמים,1.00,"ק""ג",false,,11.90,11.9000,true,1,59435
7290100700402,false,"סוגת חומוס ענק 1 ק""ג",סוגת תעשיות בעמ,,"סוגת חומוס ענק 1 ק""ג",קילוגרמים,1.00,"ק""ג",false,,22.90,22.9000,true,1,58858
7290100700419,false,"סוגת בורגול 1 ק""ג","סוגת תעשיות בע""\מ",,"סוגת בורגול 1 ק""ג",גרמים,1000.00,100 גרם,false,,7.90,0.0079,true,1,60690
7290100700433,false,מקלוני סוכר לבן 50יח5Xגר,"שוגארט בע""מ",,מקלוני סוכר לבן 5.5,יחידה,50.00,יחידה,false,,9.10,0.1820,true,1,58746
7290100700440,false,סוכר חום דמררה 5.5X50גרם,"שוגארט בע""מ",,מקלוני סוכר חום דמרר,גרמים,275.00,100 גרם,false,,9.10,0.0331,true,1,57545
7290100700563,false,"סוגת אורז מיקס קלאסי 1 ק""ג",סוגת תעשיות בעמ,,"סוגת אורז מיקס 1 ק""ג",קילוגרמים,1.00,"ק""ג",false,,13.10,13.1000,true,1,56751
7290100700587,false,"בורגול ""סוגת"" 500 גרם",האי נאם סי או אל.טי.,,סוגת בורגול 500 גר,גרמים,500.00,100 גרם,false,,4.90,0.0098,true,1,56752
7290100701140,false,"אורז ריזוטו ארבוריו 1 ק""ג ""סוגת""","סוגת תעשיות בע""מ",,"אורז ריזוטו 1 ק""ג",קילוגרמים,1.00,"ק""ג",false,,13.10,13.1000,true,1,57547
7290100701157,false,"אורז להכנת סושי סוגת 1 ק""ג","סוגת תעשיות בע""\מ",,אורז סושי 1 קג,גרמים,1000.00,100 גרם,false,,12.00,0.0120,true,1,58751
7290100701300,false,קינואה אדומה סוגת 500 גרם,"סוגת תעשיות בע""\מ",,סוגת קינואה אדומה 50,גרמים,500.00,100 גרם,false,,12.90,0.0258,true,1,138102
7290100701331,false,קמח רב תכליתי שטיבל קמח חיטה לבן בהיר,"שטיבל בע""\מ - טחנות קמח",,סוגת קמח רב תכליתי 1,קילוגרמים,1.00,"ק""ג",false,,5.90,5.9000,true,1,59437
7290100701348,false,"קמח שיפון מלא סוגת 1 ק""ג",שטיבל טחנות קמח,,סוגת קמח שיפון מלא 1,קילוגרמים,1.00,"ק""ג",false,,5.90,5.9000,true,1,58864
7290100701386,false,קמח לחלה 1קג סוגת נייר,"שטיבל בע""מ",,"סוגת קמח לחלה 1ק""ג",קילוגרמים,1.00,"ק""ג",false,,5.90,5.9000,true,1,57373
7290100701577,false,קמח לחם קמח חיטה לבן שטיבל,טחנות קמח שטיבל באר שבע,,סוגת קמח לחם מועשר ב,קילוגרמים,1.00,"ק""ג",false,,5.90,5.9000,true,1,57548
7290100701874,false,"קמח כוסמין מלא סוגת 1 ק""ג",טחנות קמח שטיבל באר,,סוגת קמח כוסמין 1קג,יחידה,0.00,יחידה,false,,15.00,0.0000,true,1,90405
7290100701881,false,קמח פיצה ופוקצ'ה- קמח חיטה לבן בהיר שטיבל,"שטיבל בע""\מ - טחנת קמח",,סוגת קמח פיצה ופוקצה,קילוגרמים,1.00,"ק""ג",false,,5.90,5.9000,true,1,57381
7290100702246,false,"שמרים יבשים בוואקום 500 גרם ""סוגת""",אייבי מאורי,,סוגת שמרים יבשים בוא,גרמים,500.00,100 גרם,false,,10.90,0.0218,true,1,141421
7290100702253,false,"שמרים יבשים בפחית 100 גרם ""סוגת""",אייבי מאורי,,סוגת שמרים יבשים בפח,גרמים,100.00,100 גרם,false,,9.90,0.0990,true,1,141422
7290100702284,false,קוסקוס מלא סוגת 350 גרם,"אסיף תעשיות מזון בע""",,סוגת קוסקוס מלא 350,גרמים,350.00,100 גרם,false,,5.90,0.0169,true,1,145352
7290100702383,false,קמח תופח מס' 13 סוגת,"שטיבל בע""\מ - טחנות קמח",,סוגת קמח תופח 1 קג,יחידה,0.00,יחידה,false,,5.90,0.0000,true,1,78565
7290100702536,false,סוגת אטריות ביצים דק,סוגת,,סוגת אטריות ביצים דק,גרמים,250.00,100 גרם,false,,5.90,0.0236,true,1,179494
7290100702543,false,סוגת אטריות ביצים בי,סוגת,,סוגת אטריות ביצים בי,גרמים,250.00,100 גרם,false,,5.90,0.0236,true,1,179495
7290100702550,false,סוגת אטריות ביצים עב,סוגת,,סוגת אטריות ביצים עב,גרמים,250.00,100 גרם,false,,5.90,0.0236,true,1,179496
7290100702611,false,פתיתים אפויים אורז סוגת 500 גרם,"אסיף תעשיות מזון בע""\מ",,סוגת פתיתים אפויים א,גרמים,500.00,100 גרם,false,,4.50,0.0090,true,1,91140
7290100702628,false,פתיתים אפויים קוסקוס סוגת 500 גרם,"אסיף תעשיות מזון בע""\מ",,סוגת פתיתים אפויים ק,גרמים,500.00,100 גרם,false,,4.50,0.0090,true,1,91141
7290100702666,false,פתיתים אפויים עם בצל 400 ג' סוגת,"אסיף תעשיות מזון בע""",,סוגת פתיתים אפויים ע,גרמים,400.00,100 גרם,false,,4.50,0.0113,true,1,111349
7290100702673,false,פתיתים אפויים 3 צבעים 400 גר גרם סוגת,"אסיף תעשיות מזון בע""",,סוגת פתיתים אפויים 3,גרמים,400.00,100 גרם,false,,4.50,0.0113,true,1,111350
7290100702741,false,"סוכר חום בהיר בצנצנת סוגת 1 ק""ג",סוגת תעשיות בעמ,,סוגת סוכר חום בהיר צ,גרמים,1000.00,100 גרם,false,,9.90,0.0099,true,1,99693
7290100702987,false,שיבולת שועל פתיתים סוגת 500 גרם,סוגת תעשיות,,סוגת שיבולת שועל 500,גרמים,500.00,100 גרם,false,,5.90,0.0118,true,1,120416
7290100702994,false,סוכר דמררה קלאסי בשקית סוגת 500 גרם,"סוגת תעשיות בע""מ",,סוגת סוכר דמררה קלאס,גרמים,500.00,100 גרם,false,,4.90,0.0098,true,1,116904
7290100703175,false,תבשיל נודלס אישי טעם,קאונו גרודאי,,תבשיל אישי נודלס בטע,יחידה,0.00,יחידה,false,,4.90,0.0000,true,1,180612
7290100703182,false,תבשיל אישי נודלס בטעם ירקות 65 ג' סוגת,קאונו גרודאי,,תבשיל אישי נודלס בטע,יחידה,0.00,יחידה,false,,4.90,0.0000,true,1,180613
7290100703458,false,כוסמת לא קלוי 500 ג' סוגת,"סוגת תעשיות בע""\מ",,כוסמת לא קלויה 500 ג,גרמים,500.00,100 גרם,false,,8.90,0.0178,true,1,138911
7290100703557,false,"קמח פוקצה 1 ק""ג ""סוגת""","שטיבל בע""מ",,"סוגת קמח פוקצ'ה 1 ק""",קילוגרמים,1.00,"ק""ג",false,,5.90,5.9000,true,1,139519
7290100703564,false,"פתיתי שיבולת שועל עבה 500 גרם ""סוגת""",,,סוגת שיבולת שועל עבה,גרמים,500.00,100 גרם,false,,5.90,0.0118,true,1,139520
7290100703625,false,קמח חיטה לבן ללא צורך בניפוי,"שטיבל בע""מ",,קמח לבן ללא ניפוי 1,קילוגרמים,1.00,"ק""ג",false,,8.90,8.9000,true,1,145414
7290100703649,false,"קמח חיטה 80% ללא צורך בניפוי סוגת 1 ק""ג","שטיבל בע""מ",,קמח מלא חיטה ללא ניפ,קילוגרמים,1.00,"ק""ג",false,,8.90,8.9000,true,1,145415
7290100703847,false,קוביות סוכר לבן סוגת 500 גרם,טרופיקל,,קוביות סוכר לבן סוג,גרמים,500.00,100 גרם,false,,9.90,0.0198,true,1,152838
7290100703861,false,"תערובת קסם לחלה ללא צורך בניפוי סוגת 1 ק""ג","שטיבל בע""\מ - טחנות קמח",,סוגת קמח תערובת קסם,קילוגרמים,1.00,"ק""ג",false,,9.90,9.9000,true,1,152841
7290100703915,false,פופקורן להכנה במיקרוגל בטעם חמאה - מארז 6 שקיות,סוגת,,מארז פופקורן למיקרוג,יחידה,0.00,יחידה,false,,11.90,0.0000,true,1,154493
7290100703922,false,פופקורן להכנה במיקרוגל בטעם טבעי - מארז 6 שקיות,סוגת,,מארז פופקורן למיקרוג,יחידה,0.00,יחידה,false,,11.90,0.0000,true,1,154494
7290100704035,false,קוסקוס סוגת מחיטה דו,,,סוגת קוסקוס מחיטת ד,גרמים,350.00,100 גרם,false,,5.90,0.0169,true,1,154496
7290100850336,false,חטיף מיני פסק זמן 19,STRAUSS-ISRAEL,,פסק זמן מיני 195 גרם,גרמים,195.00,100 גרם,false,,15.00,0.0769,true,1,59444
7290100850459,false,מיקס חטיפים 390 גרם,STRAUSS-ISRAEL,,מיקס מעורב 390 גרם,גרמים,390.00,100 גרם,false,,21.90,0.0562,true,1,60698
7290100850466,false,חטיף מיני מיקס פסק ז,STRAUSS-ISRAEL,,פסק זמן מיקס 390 גרם,גרמים,390.00,100 גרם,false,,21.90,0.0562,true,1,58867
7290100850916,false,דוריטוס חמוץ חריף מעודן 70 גרם כשר לפסח,"שטראוס פריטו ליי בע""\מ )",,דוריטוס חמוץ חריף 70,יחידה,0.00,יחידה,false,,3.90,0.0000,true,1,57551
7290100850923,false,דוריטוס בטעם גריל 70 גרם,"שטראוס פריטו ליי בע""\מ )",,דוריטוס גריל 70 גרם,יחידה,0.00,יחידה,false,,3.90,0.0000,true,1,58868
7290100850930,false,דוריטוס בטעם טבעי 70 גרם,"שטראוס פריטו ליי בע""\מ )",,דוריטוס טבעי 70גר,יחידה,0.00,יחידה,false,,3.90,0.0000,true,1,57636
7290100853689,false,בראוניס שוקולד עשירה380ג,STRAUSS-ISRAEL,,בראוניס שוקולד עשירה,גרמים,380.00,100 גרם,false,,16.90,0.0445,true,1,58872
7290100857045,false,שוק.ספלנדיד מריר קפה100ג,STRAUSS-ISRAEL,,ספלנדיד מריר ט.קפה 1,גרמים,100.00,100 גרם,false,,11.00,0.1100,true,1,56985
7290100858219,false,טבלת פסק זמן טראפלס110גר,STRAUSS-ISRAEL,,פסק זמן טראפלס 110ג,גרמים,110.00,100 גרם,false,,9.00,0.0818,true,1,57553
7290100858226,false,טבלת פסק זמן קלאסי110גרם,STRAUSS-ISRAEL,,פסק זמן קלאסי 110ג,גרמים,110.00,100 גרם,false,,9.00,0.0818,true,1,58874
7290100858592,false,אבקת קקאו עלית שקית 150 ג',הנסיך- מפעל לייצור ט,,עלית קקאו 150ג,גרמים,150.00,100 גרם,false,,9.90,0.0660,true,1,58822
7290100858608,false,אבקת קקאו עלית שקית 500 ג',שטראוס קפה בי.ויn\.,,עלית קקאו 500 גרם,גרמים,500.00,100 גרם,false,,28.00,0.0560,true,1,58875
7290100858653,false,מיקס חטיפים סגול 390 גרם,STRAUSS-ISRAEL,,מיקס סגול ומדליק חטי,גרמים,390.00,100 גרם,false,,21.90,0.0562,true,1,57748
7290100859162,false,שוקולד פרה60% מריר100*2ג,STRAUSS-ISRAEL,,פרה שוק.מריר 60% 2*1,גרמים,200.00,100 גרם,false,,13.80,0.0690,true,1,73786
7290100921401,false,"שמפו הוואי מועשר בקרטין 700מ""ל",טרופיקל דגיל,,הוואי שמפו קרטין מחז,מיליליטרים,700.00,"100 מ""ל",false,,9.90,1.4143,true,1,100104
7290100921418,false,"הוואי - מרכך קרטין מחזק 700 מ""ל",טרופיקל דגיל קוסמטיק,,הוואי מרכך קרטין מחז,מיליליטרים,700.00,"100 מ""ל",false,,9.90,1.4143,true,1,100102
7290100921623,false,מנקה אסלה סוד 4 כדוריות נתלה אקונומיקה נתלה 50 ג',"הנקל סוד בע""\מ",,סוד סבון 4 כדוריות ל,יחידה,0.00,יחידה,false,,8.90,0.0000,true,1,98749
7290100921760,false,"הוואי שמפו ספורט לגבר 700 מ""ל",טרופיקל דגיל בעמ,,הוואי שמפו ספורט 700,מיליליטרים,700.00,"100 מ""ל",false,,9.90,1.4143,true,1,100103
7290100922569,false,קרם לטיפוח עוד הידיים והגוף- מארז שלישייה,טרופיקל דגיל,,ולוטה קרם ידיים 3*10,יחידה,3.00,יחידה,false,,19.90,6.6333,true,1,136441
7290100922637,false,"הוואי שלישיית סבון נוזלי מי קוקוס 500 מ""ל",הנקל סוד,,הוואי סבון נוזלי מי,,500.00,100 ליטר,false,,15.90,0.0318,true,1,184332
7290100922651,false,הוואי - סבון מוצק מי קוקוס 100 גרם רביעייה,טרופיקל דגיל קוסמטיק,,סבון מוצק הוואי שמיי,גרמים,100.00,100 גרם,false,,11.90,0.1190,true,1,72071
7290100924204,false,"פרסיל אבקה לכביסה רגיל 8 ק""ג",פרסיל Persil,,פרסיל אבקת 8 קג,קילוגרמים,8.00,"ק""ג",false,,54.90,6.8625,true,1,101413
7290100924464,false,כדוריות סבון נתלה לאסלה עם אקונומיקה - 3 יח',הנקל סוד,,סוד סבון 4 כדוריות ל,יחידה,3.00,יחידה,false,,16.90,5.6333,true,1,161396
7290100924549,false,סוד נוזל רצפות בריליאנט ורוד 1.25 ליטר,"הנקל סוד בע""\מ",,סוד בריליאנט נוזל רצ,ליטרים,1.25,ליטר,false,,17.90,14.3200,true,1,115894
7290100924556,false,סוד נוזל רצפות בריליאנט כחול 1.25 ליטר,הנקל סוד,,סוד בריליאנט נוזל רצ,ליטרים,1.25,ליטר,false,,17.90,14.3200,true,1,116564
7290100924631,false,מרכך כביסה מרוכז לבגדי תינוקות ובעלי עור רגיש,"הנקל סוד בע""\מ",,סוד מרכך מרוכז בייבי,מיליליטרים,900.00,"100 מ""ל",false,,13.90,1.5444,true,1,118259
7290100926109,false,סוד לבן חלומי 4 ל מרכך כביסה,הנקל סוד,,סוד מ.כביסה צהוב 4 ל,ליטרים,4.00,ליטר,false,,18.90,4.7250,true,1,60709
7290100926499,false,סוד נוזל רצפות אקליפטוס כחול 4ל',,,טופ סוד לרצפה כחול 4,ליטרים,4.00,ליטר,false,,20.00,5.0000,true,1,58827
7290100928561,false,"אבקת כביסה בניחוח פרחים סוד 5 ק""ג","הנקל סוד בע""מ",,סוד אבקת כביסה שושן,קילוגרמים,5.00,"ק""ג",false,,30.00,6.0000,true,1,88043
7290100928585,false,"סוד אבקה שושן מרענן לצבעונית 5 ק""ג",סוד,,סוד אבקת כביסה קולור,קילוגרמים,5.00,"ק""ג",false,,30.00,6.0000,true,1,88044
7290100928639,false,סוד נוזל רצפות בניחו,,,סוד נוזל רצפות בניחו,ליטרים,2.00,ליטר,false,,17.90,8.9500,true,1,73794
7290101110033,false,קרחון ענבים יח פלדמן,,,קרחון ענבים יח פלדמן,יחידה,0.00,יחידה,false,,1.50,0.0000,true,1,81494
7290101110057,false,קרחון לימון יח פלדמן,,,קרחון לימון יח פלדמן,יחידה,0.00,יחידה,false,,1.50,0.0000,true,1,81520
7290101110071,false,קרחון משמש יח פלדמן,,,קרחון משמש יח פלדמן,יחידה,0.00,יחידה,false,,1.50,0.0000,true,1,85307
7290101110095,false,קרחון קולה יח פלדמן,,,קרחון קולה יח פלדמן,יחידה,0.00,יחידה,false,,1.50,0.0000,true,1,81523
7290101110262,false,גלידה מלבי 1.8 ליטר,,,גלידה מלבי 1.8 ליטר,ליטרים,1.80,ליטר,false,,29.90,16.6111,true,1,81525
7290101110347,false,שלגון בטעם דובדובן,,,שלגון בטעם דובדובן,יחידה,0.00,יחידה,false,,1.50,0.0000,true,1,81526
7290101110354,false,שפיץ טילון בטעם וניל,,,שפיץ טילון בטעם וניל,יחידה,0.00,יחידה,false,,2.90,0.0000,true,1,81527
7290101110361,false,טילון שוקו פלדמן,,,טילון שוקו פלדמן,יחידה,4.00,יחידה,false,,2.90,0.7250,true,1,81528
7290101110378,false,שפיץ טילון בטעם ריבת,,,שפיץ טילון בטעם ריבת,יחידה,0.00,יחידה,false,,2.90,0.0000,true,1,107416
7290101110453,false,ארבע על ארבע חמוץ פרווה 1.8 ליטר,,,פלדמן שרבט תות ל.מ.א,ליטרים,1.80,ליטר,false,,19.90,11.0556,true,1,109553
7290101110477,false,גלידה בקלאווה 1.8 ליטר,,,גלידה בקלאוה 1.8 ליט,ליטרים,1.80,ליטר,false,,29.90,16.6111,true,1,81531
7290101110514,false,קרחון רמזור פלדמן,,,שלגון רמזור,יחידה,0.00,יחידה,false,,1.50,0.0000,true,1,81532
7290101110569,false,קרחון מנטה יח פלדמן,,,קרחון מנטה יח פלדמן,יחידה,0.00,יחידה,false,,1.50,0.0000,true,1,85328
7290101111269,false,פונטש בננה וניל שוקו וניל נטיפים,,,5*5 פונטש בננה וניל,יחידה,0.00,יחידה,false,,19.90,0.0000,true,1,109689
7290101111917,false,פלדמן קרחון בטעם סוכ,,,פלדמן קרחון בטעם סוכ,יחידה,0.00,יחידה,false,,2.00,0.0000,true,1,114106
7290101112792,false,פלדמן חטיף גלידה בטע,,,פלדמן חטיף גלידה בטע,יחידה,0.00,יחידה,false,,3.90,0.0000,true,1,154769
7290101411758,false,קוברה תנור אינפרא 2,,,קוברה תנור אינפרא 2,יחידה,0.00,יחידה,false,,0.00,0.0000,true,1,187684
7290101413172,false,פרשבוקס מארז 5 קופסא,,,פרשבוקס מארז 5 קופסא,יחידה,0.00,יחידה,false,,0.00,0.0000,true,1,187687
7290101436379,false,"סט סכו""ם 24 חלק + זה",,,"סט סכו""ם 24 חלק + זה",יחידה,0.00,יחידה,false,,199.90,0.0000,true,1,184088
7290101436386,false,"סט סכו""ם 24 חלק + זה",,,"סט סכו""ם 24 חלק + זה",יחידה,0.00,יחידה,false,,179.90,0.0000,true,1,184072
7290101454052,false,נרות יום הולדת ספיידרמן,שמחה זה אנחנו,,נרות יום הולדת ספייד,יחידה,0.00,יחידה,false,,3.00,0.0000,true,1,180358
7290101454168,false,נרות ג'מבו מאויירים - סמי הכבאי,,,נרות גמבו מאויירים ס,יחידה,0.00,יחידה,false,,6.00,0.0000,true,1,180361
7290101486688,false,חטיף דגנים עם שוקולד ללא גלוטן וסוכר פרי 5*20 גרם,טבעית מוצרים מן הטבע בעמ,,פרי חטיפי בריאות מאר,יחידה,0.00,יחידה,false,,16.90,0.0000,true,1,65643
7290101488316,false,ליידי ספיד סטיק - דאודורנט סטיק לאישה ללא סימן ורוד סטיק 65 גרם,ליידי ספיד סטיק Lady Speed Stick,,ליידי ספיד סטיק ללא,יחידה,0.00,יחידה,false,,19.90,0.0000,true,1,67035
7290101488323,false,ליידי ספיד סטיק - דאודורנט סטיק לאישה ללא סימן ירוק סטיק 65 גרם,ליידי ספיד סטיק Lady Speed Stick,,ליידי ספיד סטיק ללא,גרמים,65.00,100 גרם,false,,19.90,0.3062,true,1,66958
7290101501138,false,כרובית ארוזה יחידה,אראל תוצרת חקלאית בע,,כרובית ארוזה,יחידה,0.00,יחידה,false,,9.90,0.0000,true,1,138163
7290101501305,false,מלפפונים קטנים ארוזי,חקלאי,,מלפפונים בייבי,יחידה,0.00,יחידה,false,,0.00,0.0000,true,1,187817
7290101501374,false,דלעת ארוזה,,,דלעת ארוזה,קילוגרמים,1.00,"ק""ג",true,,9.90,9.9000,true,1,186444
7290101501424,false,ברוקולי ארוז ליחידה,,,ברוקולי ארוז,יחידה,0.00,יחידה,false,,6.90,0.0000,true,1,186402
7290101551027,false,קפסולות קפה אספרסו חזק במיוחד 14 עלית 10 יח',הנסיך- מפעל לייצור ט,,קפסולות 14 קפה אספרס,יחידה,0.00,יחידה,false,,18.00,0.0000,true,1,172866
7290101551300,false,סילאן טבעי ללא תוספת סוכר בקבוק לחיץ,מכוורת יד מרדכי שטראוס ב,,יד מרדכי סילאן טבעי,גרמים,380.00,100 גרם,false,,17.90,0.0471,true,1,161015
7290101551539,false,יוגורט PRO בטעם אפרסק 0% 20 גרם חלבון בגביע,"שטראוס בריאות בע""מ",,דנונה פרו אפרסק 20 ג,גרמים,200.00,100 גרם,false,,5.90,0.0295,true,1,162675
7290101551584,false,תפוצ'יפס קידס מארז 10 יח' * 20 ג',"שטראוס פריטו ליי בע""מ )פ",,מארז תפוציפס קידס 10,גרמים,200.00,100 גרם,false,,13.90,0.0695,true,1,162710
7290101551607,false,חטיף בוטנים שוש מארז,"שטראוס פריטו ליי בע""מ )פ",,מארז שוש 10*25 גרם,גרמים,250.00,100 גרם,false,,12.90,0.0516,true,1,162712
7290101551614,false,חטיף צ'יטוס קראנץ בטעם גבינה - מארז 8 יח',"שטראוס פריטו ליי בע""מ )פ",,מארז ציטוס קראנצ גבי,גרמים,240.00,100 גרם,false,,13.90,0.0579,true,1,162713
7290101551621,false,צ'יטוס דולפינים 20*10 גר,"שטראוס פריטו ליי בע""מ )פ",,מארז ציטוס דולפינים,גרמים,200.00,100 גרם,false,,12.90,0.0645,true,1,162708
7290101551638,false,חטיף צ'יטוס כאפה בטעם קטשופ - מארז 10 יח',"שטראוס פריטו ליי בע""מ )פ",,מארז ציטוס כאפה 10*2,גרמים,200.00,100 גרם,false,,12.90,0.0645,true,1,162709
7290101551645,false,חטיף צ'יטוס איקס עיגול בטעם פיצה - מארז 10 יח',"שטראוס פריטו ליי בע""מ )פ",,מארז ציטוס איקס עיגו,גרמים,200.00,100 גרם,false,,12.90,0.0645,true,1,162711
7290101860914,false,"קולון אבקה 101 6 ק""ג",,,"קולון אבקה 101 6 ק""ג",קילוגרמים,6.00,"ק""ג",false,,34.90,5.8167,true,1,183081
7290101863410,false,"סיליט באנג ספריי ניקוי עוצמתי מכיל אקונומיקה 750 מ""ל",סיליט באנג Cillit Bang,,סיליט באנג ספריי אקו,מיליליטרים,750.00,"100 מ""ל",false,,13.90,1.8533,true,1,58921
7290101864127,false,"ספריי להסרת כתמים 750 מ""ל וניש קליה",קליה וניש Kalia Vanish,,קליה אוקסי ספריי 750,מיליליטרים,750.00,"100 מ""ל",false,,14.90,1.9867,true,1,59492
7290101865261,false,"פיניש נוזל הברקה למדיח 800 מ""ל",רקיט בנקיזר,,"פיניש הברקה 800 מ""ל",מיליליטרים,800.00,"100 מ""ל",false,,19.90,2.4875,true,1,56998
7290101865698,false,וניש קליה קצף מסיר כ,,,וניש קליה קצף מסיר כ,מיליליטרים,300.00,"100 מ""ל",false,,19.90,6.6333,true,1,57764
7290101866633,false,וניש קליה גל להסרת כתמים 3 ליטר אוקסיפרש,קליה וניש Kalia Vanish,,וניש קליה ג'ל 3 ליטר,ליטרים,3.00,ליטר,false,,32.90,10.9667,true,1,73830
7290101866787,false,וניש קליה נוזל מסיר כתמים לכביסה לבנה 3 ליטר,קליה וניש Kalia Vanish,,וניש נוזל מסיר כתמים,ליטרים,3.00,ליטר,false,,32.90,10.9667,true,1,73835
7290101867647,false,שלישיית נוזל אסלה הר,RB פולין,,הרפיק נוזל שרינק שלי,ליטרים,2.25,ליטר,false,,21.00,9.3333,true,1,78261
7290101868460,false,"קולון 101 אבקת כביסה 8 ק""ג",רקיט בנקיזר,,"קולון 101 8 ק""ג",קילוגרמים,8.00,"ק""ג",false,,65.00,8.1250,true,1,95269
7290101868958,false,פיניש נוזל הברקה למדיח בניחוח לימון,רקיט בנקיזר,,פיניש נוזל הברקה לימ,מיליליטרים,800.00,"100 מ""ל",false,,19.90,2.4875,true,1,104270
7290101869702,false,"ג 'ל פיניש AIO MAX מרוכז למדיח 600מ""ל",פיניש רקיט בנקיזר,,פיניש ג'ל 600 מל AIO,מיליליטרים,600.00,"100 מ""ל",false,,34.90,5.8167,true,1,111766
7290101869733,false,פיניש ג'ל למדיח כלים בניחוח לימון 1 ליטר ALL IN 1,רקיט בנקיזר,,AIO MAX פיניש ג'ל לי,מיליליטרים,1000.00,"100 מ""ל",false,,39.90,3.9900,true,1,111772
7290101869771,false,א.ויק מילוי מ.אויר אוטומטי חטאים מתוקים,רקיט בנקיזר,,איירוויק מילוי מבשם,מיליליטרים,250.00,"100 מ""ל",false,,14.90,5.9600,true,1,111762
7290101869788,false,"אירוויק ספריי אוטומטי מילוי בניחוח אואזיס 250 מ""ל*",איירוויק Air Wick,,איירוויק מילוי מבשם,מיליליטרים,250.00,"100 מ""ל",false,,14.90,5.9600,true,1,111763
7290101869795,false,"מטהר אוויר אירוויק ספריי מילוי חלום ליל קיץ 250 מ""ל",איירוויק Air Wick,,איירוויק מילוי מבשם,מיליליטרים,250.00,"100 מ""ל",false,,14.90,5.9600,true,1,111764
7290101869801,false,"אירוויק מכשיר חשמלי+מילוי בניחוח אואזיס 19 מ""ל",רקיט בנקיזר,,איירוויק מבשם אויר מ,יחידה,0.00,יחידה,false,,34.00,0.0000,true,1,111750
7290101869825,false,"אירוויק מילוי למכשיר חשמלי בניחוח אואזיס 19 מ""ל",איירוויק Air Wick,,איירוויק מילוי אואזי,יחידה,0.00,יחידה,false,,19.90,0.0000,true,1,111755
7290101869832,false,"אירוויק מילוי מבשם אויר חשמלי חלום ליל קיץ 19 מ""ל",איירוויק Air Wick,,איירוויק מילוי ליל ק,יחידה,0.00,יחידה,false,,19.90,0.0000,true,1,111756
7290101869849,false,אירוויק ספריי אוטמטי חטאים מתוקים,רקיט בנקיזר,,איירוויק מילוי מבשם,יחידה,0.00,יחידה,false,,19.90,0.0000,true,1,111759
7290101869917,false,"אירוויק מילוי מבשם אויר אטומטי היער הקסום 19 מ""ל",איירוויק Air Wick,,איירוויק מילוי מבשם,מיליליטרים,250.00,"100 מ""ל",false,,14.90,5.9600,true,1,111773
7290101869924,false,מילוי מבשם אויר חשמלי מסתור אקזוטי בודד,רקיט בנקיזר,,איירוויק מילוי מבשם,יחידה,0.00,יחידה,false,,19.90,0.0000,true,1,111752
7290101869962,false,"אירוויק מקלות ריחניים בניחוח חלום ליל קיץ 30 מ""ל",איירוויק Air Wick,,איירוויק מקלות ריחני,יחידה,0.00,יחידה,false,,19.90,0.0000,true,1,111769
7290101869979,false,"אירוויק מקלות ריחניים בניחוח אואזיס 30 מ""ל",איירוויק Air Wick,,איירוויק מקלות ריחני,יחידה,0.00,יחידה,false,,19.90,0.0000,true,1,111770
7290101980919,false,שלישיית ביצי שוקולד פיניאס ופרב ***לא פעיל***,זאיני,,שמחה זה אנחנו ביצי ש,יחידה,0.00,יחידה,false,,13.90,0.0000,true,1,67140
7290101981787,false,צלחת פולי מבחר מותגים,שמחה זה אנחנו,,צלחת פולי-מבחר מותגי,יחידה,0.00,יחידה,false,,10.00,0.0000,true,1,65666
7290101982913,false,כוס פולי מותגת,,,כוס פולי מותגת,יחידה,0.00,יחידה,false,,8.00,0.0000,true,1,67145
7290101985365,false,בקבוק אלומיניום גדול,,,בקבוק אלומיניום גדול,יחידה,0.00,יחידה,false,,25.90,0.0000,true,1,89977
7290101995074,false,כרזה משולשת - ספיידר,,,כרזה משולשת - ספיידר,יחידה,0.00,יחידה,false,,0.00,0.0000,true,1,187527
7290102030330,false,תפוצ'יפס קראנצ' בטעם מקסיקני 200 גרם,"שטראוס פריטו ליי בע""\מ )",,תפוציפס קראנץ מקסיקנ,גרמים,200.00,100 גרם,false,,10.90,0.0545,true,1,60720
7290102031276,false,מארז 8 יחידות אקטימל משקה יוגורט בטעם תות בננה,מיוצר עי קונדיטוריית,,אקטימל שמינייה תות ב,מיליליטרים,800.00,"100 מ""ל",false,,19.90,2.4875,true,1,59496
7290102035007,false,גומי לעיסה ללא סוכר בטעם בזוקה,STRAUSS-ISRAEL,,בזוקה קלאסי ללס 28ג,יחידה,0.00,יחידה,false,,4.00,0.0000,true,1,57650
7290102060764,false,מרידול מברשת שיניים אריזת זוג,יבואן ומשווק: ש. שסט,,מרידול מברשת שיניים,יחידה,2.00,יחידה,false,,29.90,14.9500,true,1,57772
7290102060979,false,"אלמקס משחת שיניים למניעת עששת 100מ""ל",יבואן ומשווק: ש. שסט,,"אלמקס 100 מ""ל משפחתי",גרמים,100.00,100 גרם,false,,14.90,0.1490,true,1,57005
7290102300860,false,"גבינת צ'דר אנגלית לבן, 200 גרם",הגבינות של נני,,נטו שביק גבינת צדר א,גרמים,200.00,100 גרם,false,,21.90,0.1095,true,1,161256
7290102390427,false,יוגורט ביו עם קציפת תות 3% שומן 150 ג' מולר,מולר Muller,,מולר פרופ תות 3% 150,מיליליטרים,150.00,"100 מ""ל",false,,5.10,3.4000,true,1,76706
7290102390465,false,יוגורט ביו עם קציפת אפרסק ופסיפלורה 3% שומן 150 ג' מולר,מולר Muller,,מולר פרופ אפרסק פסיפ,מיליליטרים,150.00,"100 מ""ל",false,,5.10,3.4000,true,1,73857
7290102390489,false,יוגורט ביו עם קציפת לימון 3% שומן 150 ג' מולר,מולר Muller,,מולר פרופ לימון 3% 1,מיליליטרים,150.00,"100 מ""ל",false,,5.10,3.4000,true,1,73858
7290102391844,false,יוגורט ביו עם קציפת פירות יער3% שומן 150 ג' מולר,מולר Muller,,מולר פרופ לבן+קציפת,יחידה,150.00,יחידה,false,,5.10,0.0340,true,1,73866
7290102392254,false,"חלב בקרטון 1% 2 ליטר בד""צ - מוצר בפיקוח",מילקו תעשיות בעמ,,חלב בקרטון 1% 2ליטר,ליטרים,2.00,ליטר,false,,11.18,5.5900,true,1,76921
7290102392636,false,שמנת מתוקה עמידה38% 250מ,מילקו תעשיות בעמ,,טרה שמנת מתוקה עמידה,יחידה,250.00,יחידה,false,,6.18,0.0247,true,1,73874
7290102393039,false,"יוגורט ביו קרמי מיקס פצפוצי שוקולד 7.6% מולר 170 מ""ל",קריות זול,,מולר מיקס בתוספת פצפ,גרמים,170.00,100 גרם,false,,5.90,0.0347,true,1,73883
7290102393190,false,"יוגורט סימפלי פרוט בטעם פירות יער 3% מולר 150 מ""ל",מילקו תעשיות בעמ,,מולר סימפלי פרוט פיר,מיליליטרים,150.00,"100 מ""ל",false,,5.00,3.3333,true,1,73895
7290102393718,false,גבינת חלומי מחלב בקר 28% משק צוריאל 200 גרם,מחלבת משק צוריאל,,צוריאל חלומי חלב בקר,גרמים,200.00,100 גרם,false,,21.20,0.1060,true,1,73906
7290102394081,false,"יוגורט ביו קרמי מיקס קורנפלקס מצופה שוקולד מולר 170 מ""ל",מילקו תעשייה בעמ,,מולר מיקס קורנפקלס מ,יחידה,150.00,יחידה,false,,5.90,0.0393,true,1,73918
7290102394258,false,גליל גבינת עיזים מה עז 9% משק צוריאל 180 גרם,מחלבת משק צוריאל,,צוריאל מה עז 9% 180,גרמים,180.00,100 גרם,false,,22.20,0.1233,true,1,73920
7290102394463,false,נעם גבינה צהובה פרוסה ואקום 28% טרה 500 גרם,Unknown,,נעם גבינה צהובה וואק,גרמים,500.00,100 גרם,false,,31.00,0.0620,true,1,87837
7290102394814,false,חמאה רגילה 200 גרם,Unknown,,חמאה 200גרם,גרמים,200.00,100 גרם,false,,7.88,0.0394,true,1,73927
7290102394845,false,נעם גבינה צהובה לייט פרוסה דק דק 9% טרה 200 גרם,מילקו תעשיות בעמ,,נעם גבינה צהובה דק ד,גרמים,200.00,100 גרם,false,,18.90,0.0945,true,1,73929
7290102395101,false,ממרח גבינה ושוקולד מוו טרה 200 גרם,מילקו תעשיות בעמ,,מוו ממרח גבינה ושוקו,גרמים,200.00,100 גרם,false,,10.90,0.0545,true,1,96944
7290102395217,false,מאגדת שמיניה מולר במתיקות מעודנת 1.2% 8*150 ג',מולר Muller,,מאגדת מולר במתיקות מ,ליטרים,1.20,ליטר,false,,19.90,16.5833,true,1,78191
7290102395262,false,מארז 8 גביעים יוגורט בטעם תות שדה ואפרסק 3% Simply Fruit,מולר Muller,,מולר תות שדה ואפרסק,ליטרים,1.20,ליטר,false,,29.90,24.9167,true,1,87832
7290102395347,false,"יוגורט 6% בכד 3 ק""ג רבנות",טרה,,טרה יוגורט כד 7% 3 ק,קילוגרמים,3.00,"ק""ג",false,,27.80,9.2667,true,1,78168
7290102395378,false,נעם גבינה צהובה פרוסה ואקום 28% טרה 360 גרם,טרה,,נעם גבינה צהובה ואקו,גרמים,360.00,100 גרם,false,,20.50,0.0569,true,1,87836
7290102395446,false,מעדן חלב בטעם וניל עם קצפת 123 ג' טרה,Unknown,,"מוו וניל קצפת 123מ""ל",מיליליטרים,123.00,"100 מ""ל",false,,2.90,2.3577,true,1,78821
7290102395477,false,מעדן חלב בטעם שוקולד עם קצפת 123 ג' טרה,Unknown,,מוו שוקולד קצפת 123,מיליליטרים,123.00,"100 מ""ל",false,,2.90,2.3577,true,1,78548
7290102395521,false,"שמנת לבישול 15% שומן 500 מ""ל טרה",מילקו תעשיות בעמ,,טרה שמנת לבישול 15%+,מיליליטרים,500.00,"100 מ""ל",false,,16.00,3.2000,true,1,99695
7290102396399,false,שמיניית מעדן שוקולד מוו 1.5% טרה 100 גרם,Unknown,,מוו מעדן שוקולד 100,יחידה,8.00,יחידה,false,,13.00,1.6250,true,1,102344
7290102396405,false,שמיניית מעדן וניל מוו 1.5% טרה 100 גרם,Unknown,,מוו מעדן וניל 100*8,יחידה,8.00,יחידה,false,,13.00,1.6250,true,1,102345
7290102396436,false,"מעדן מוו שוקולד 1.5% 125 גרם בד""צ",מילקו תעשיות בעמ,,מוו מעדן שוקולד 1.5%,מיליליטרים,125.00,"100 מ""ל",false,,2.90,2.3200,true,1,101407
7290102396443,false,"מעדן מוו וניל 1.5% 125 גרם בד""צ",מילקו תעשיות בעמ,,מוו מעדן וניל 1.5% 1,מיליליטרים,125.00,"100 מ""ל",false,,2.90,2.3200,true,1,101408
7290102396580,false,מעדן מוו שוקולד ומוס שוקולד טרה 118 גרם,טרה,,מוו מעדן שוקולד ומוס,גרמים,118.00,100 גרם,false,,2.90,0.0246,true,1,102346
7290102396597,false,מעדן מוו וניל ומוס שוקולד טרה 118 גרם,טרה,,מוו מעדן וניל ומוס ש,יחידה,0.00,יחידה,false,,2.90,0.0000,true,1,102347
7290102396665,false,נעם גבינה צהובה דק דק 15% טרה 200 גרם,מילקו תעשיות בעמ,,גבינת נעם 200 גרם 15,יחידה,0.00,יחידה,false,,15.90,0.0000,true,1,117036
7290102396719,false,יוגורט סימפלי תות 0% מולר 150 גרם,מולר Muller,,מולר סימפלי פרוט תות,מיליליטרים,150.00,"100 מ""ל",false,,5.00,3.3333,true,1,106078
7290102396740,false,מארז 8 גביעים יוגורט בטעם תות שדה ואפרסק 0% Simply Fruit,מילקו תעשיות בעמ,,מאגדת שמינייה מולר ס,מיליליטרים,1200.00,"100 מ""ל",false,,29.90,2.4917,true,1,106081
7290102397204,false,"גבנ""צ דק דק נעם פתיחה חוזרת 22% 200 גרם",מילקו תעשיות בעמ,,נעם גבינה דק דק 200,גרמים,200.00,100 גרם,false,,15.90,0.0795,true,1,117038
7290102397310,false,מעדן מיני בטעם שוקולד קצפת מוו מאגדת 8 יח' * 70 ג',מילקו תעשיות בעמ,,מאגדת שמינייה מיני מ,גרמים,560.00,100 גרם,false,,11.90,0.0213,true,1,121693
7290102397334,false,גבינה בולגרית גלילית 5% משק צוריאל 250 גרם,מחלבת משק צוריאל,,בולגרית 5% 250גרם בג,גרמים,250.00,100 גרם,false,,20.90,0.0836,true,1,120132
7290102397341,false,גבינה בולגרית 24% צוריאל 250 ג',מחלבת משק צוריאל,,בולגרית 24% 250גרם ב,גרמים,250.00,100 גרם,false,,20.90,0.0836,true,1,120133
7290102397464,false,יוגורט ביו בתוספת גרעינים אגוזים וחמוציות 170 ג' מולר,מולר Muller,,מולר נטורל פקאן גרעי,יחידה,0.00,יחידה,false,,5.90,0.0000,true,1,143673
7290102397600,false,מיקס יוגורט בתוספת שקדים ובוטנים מקורמלים 170 ג' מולר,מילקו תעשייה בעמ,,מולר מיקס שקדים ובוט,גרמים,170.00,100 גרם,false,,5.90,0.0347,true,1,135533
7290102397617,false,יוגורט ביו קרמי עם כדורים מצופים שוקולד חום לבן,מולר Muller,,מולר מיקס קליק,גרמים,170.00,100 גרם,false,,5.90,0.0347,true,1,135534
7290102397730,false,פרוסות גבינה אמנטל חצי קשה 30% שומן 200 ג' נעם,Unknown,,נעם אמנטל 200 גרם,גרמים,200.00,100 גרם,false,,17.90,0.0895,true,1,145738
7290102397747,false,פרוסות גבינת מוצרלה נעם מחלב בקר 22%,טרה,,מוצרלה פרוס 200 גרם,גרמים,200.00,100 גרם,false,,18.90,0.0945,true,1,150975
7290102397891,false,גבינה מותכת משק צוריאל 100 גרם,משק צוריאל,,צוריאל גבינה מותכת 1,גרמים,100.00,100 גרם,false,,7.90,0.0790,true,1,143663
7290102398065,false,חלב טרה בקרטון 2 ליטר מהדרין 3% - מוצר בפיקוח,הפריט בפיקוח,,טרה חלב בקרטון 2 ליט,ליטרים,2.00,ליטר,false,,11.88,5.9400,true,1,147038
7290102398072,false,"חלב קרטון 3%-1 ליטר "" טרה"" -מוצר פיקוח",הפריט בפיקוח,,טרה חלב בקרטון 3% 1,ליטרים,1.00,ליטר,false,,5.94,5.9400,true,1,147039
7290102398140,false,מעדן חלב+אורז מת.עדינ170,Unknown,,מולר רייס במתיקות מע,יחידה,0.00,יחידה,false,,4.90,0.0000,true,1,155350
7290102398188,false,מעדן חלב ואורז + תות170ג,Unknown,,מולר רייס תות,יחידה,0.00,יחידה,false,,4.90,0.0000,true,1,156845
7290102398287,false,יוגורט מולר פרופ תות,Unknown,,מולר פרופ תות 0.9%,מיליליטרים,150.00,"100 מ""ל",false,,4.80,3.2000,true,1,151549
7290102398294,false,יוגורט פרופ מנגו 150 גרם,Unknown,,מולר פרופ מנגו 0.9%,מיליליטרים,150.00,"100 מ""ל",false,,4.80,3.2000,true,1,151550
7290102398478,false,לאבנה 9% שומן 500 ג' טרה,טרה,,לאבנה 9% 500 גרם,גרמים,500.00,100 גרם,false,,18.90,0.0378,true,1,154873
7290102398553,false,שוקו טרה בבקבוק 1.5 ליטר,מילקו תעשיות בעמ,,שוקו טרה בקבוק 1.5 ל,ליטרים,1.50,ליטר,false,,17.90,11.9333,true,1,183749
7290102398560,false,שוקו טרה מועשר בבקבוק 1 ליטר,מילקו תעשיות בעמ,,טרה שוקו מועשר בבקבו,ליטרים,1.00,ליטר,false,,10.90,10.9000,true,1,156335
7290102398577,false,משקה חלב בטעם שוקו 2% בבקבוק אישי,מילקו תעשיות בעמ,,טרה שוקו מועשר בבקבו,מיליליטרים,250.00,"100 מ""ל",false,,5.20,2.0800,true,1,156336
7290102398614,false,משקה חלב בטעם בננה טרה 1 ליטר,מילקו תעשיות בעמ,,טרה משקה חלב בטעם בנ,ליטרים,1.00,ליטר,false,,11.00,11.0000,true,1,156339
7290102398638,false,משקה חלב בטעם מוקה טרה 1 ליטר,מילקו תעשיות בעמ,,טרה משקה חלב בטעם מו,ליטרים,1.00,ליטר,false,,11.00,11.0000,true,1,156340
7290102398805,false,משקה סויה בטעם וניל משק צוריאל 1 ליטר,מחלבת משק צוריאל,,משקה סויה בטעם וניל,יחידה,0.00,יחידה,false,,13.90,0.0000,true,1,181193
7290102399048,false,פרוסות גבינת קשקבל נעם 200 ג' טרה,מילקו,,קשקבל נעם 200 גרם,גרמים,200.00,100 גרם,false,,22.90,0.1145,true,1,176600
7290102399123,false,משקה מועשר בחלבון אק,,,אקטיב משקה מעושר בחל,יחידה,0.00,יחידה,false,,6.90,0.0000,true,1,178956
7290102399772,false,מולר ספרדבל-ממרח חמאת מולר במליחות עדינה 250 גרם,G Weihenstephan Molkerei,,ממרח חמאת מולר במליח,גרמים,250.00,100 גרם,false,,0.00,0.0000,true,1,187294
7290102399819,false,יוגורט עם פירות יער מולר אקטיב מועשר בחלבון 200 גר',מולר Muller,,מולר אקטיב יוגורט עם,יחידה,0.00,יחידה,false,,5.90,0.0000,true,1,183017
7290102440269,false,וואו נעלי בית 36-41,,,וואו נעלי בית 36-41,יחידה,0.00,יחידה,false,,0.00,0.0000,true,1,187690
7290102442096,false,וואו נעלי בית נשים נ,,,וואו נעלי בית נשים נ,יחידה,0.00,יחידה,false,,0.00,0.0000,true,1,187692
7290102442638,false,וואו גרביים נשים פרח,,,וואו גרביים נשים פרח,יחידה,0.00,יחידה,false,,0.00,0.0000,true,1,187694
7290102442669,false,וואו גרביים נשים חלק,,,וואו גרביים נשים חלק,יחידה,0.00,יחידה,false,,0.00,0.0000,true,1,187695
7290102442676,false,וואו גרביים נשים קרי,,,וואו גרביים נשים קרי,יחידה,0.00,יחידה,false,,0.00,0.0000,true,1,189740
7290102442683,false,וואו גרביים נשים שלג,,,וואו גרביים נשים שלג,יחידה,0.00,יחידה,false,,0.00,0.0000,true,1,187696
7290102444724,false,מחצלת קוקוס מיקס 33/,מגי,,מחצלת קוקוס מיקס 33/,יחידה,0.00,יחידה,false,,24.90,0.0000,true,1,181068
7290102444762,false,מחצלת קוקוס בייסיק 4,,,מחצלת קוקוס בייסיק 4,יחידה,0.00,יחידה,false,,19.90,0.0000,true,1,181070
7290102444939,false,רשת צלייה רשת 30/40,,,רשת צלייה רשת 30/40,יחידה,0.00,יחידה,false,,49.90,0.0000,true,1,176518
7290102448944,false,צנצנת קוביות 1.8 הרמטי,,,צנצנת קוביות 1.8 ליט,יחידה,0.00,יחידה,false,,23.90,0.0000,true,1,173945
7290102452217,false,תנור קורן חום עמוד 1,,,תנור קורן חום עמוד 1,יחידה,0.00,יחידה,false,,0.00,0.0000,true,1,187699
7290102454143,false,קומקום נשלף ג.גלוי ל,,,קומקום נשלף ג.גלוי ל,יחידה,0.00,יחידה,false,,0.00,0.0000,true,1,193180
7290102454358,false,סט 6 תבלינים זכוכית,,,סט 6 תבלינים זכוכית,יחידה,0.00,יחידה,false,,0.00,0.0000,true,1,198892
7290102454730,false,קוברה תנור קמין שחור,,,קוברה תנור קמין שחור,יחידה,0.00,יחידה,false,,0.00,0.0000,true,1,187701
7290102600335,false,"כפיות קרם ארוז 50 יח שמאי כשל""פ עד""ח",,,כפיות קרם ארוז 50 יח,יחידה,0.00,יחידה,false,,7.90,0.0000,true,1,148253
7290102600373,false,"סכין שקוף ארוז 50 י""ח שמאי כשל""פ עד""ח",,,סכין שקוף ארוז 50 יח,יחידה,0.00,יחידה,false,,7.90,0.0000,true,1,148255
7290102600380,false,"מזלג שקוף ארוז 50 י""ח שמאי כשל""פ עד""ח",,,מזלג שקוף ארוז 50 יח,יחידה,0.00,יחידה,false,,7.90,0.0000,true,1,148256
7290102600434,false,"כפיות שקוף ארוז 50 י""ח שמאי כשל""פ עד""ח",,,כפיות שקוף ארוז 50 י,יחידה,0.00,יחידה,false,,7.90,0.0000,true,1,148257
7290102600458,false,"מזלג קרם ארוז 50 י""ח שמאי כשל""פ עד""ח",,,מזלג קרם ארוז 50 יח',יחידה,0.00,יחידה,false,,7.90,0.0000,true,1,148258
7290102611904,false,"כפות אמריקאי איכותי ח""פ 100 יח'",,,כפות לבן ארוז 100 יח,יחידה,0.00,יחידה,false,,4.90,0.0000,true,1,147096
7290102765973,false,כובע ברנש,,,כובע ברנש,יחידה,0.00,יחידה,false,,0.00,0.0000,true,1,196141
7290102808489,false,תיק גב אורתופדי 23,,,תיק גב אורתופדי 23,ליטרים,23.00,ליטר,false,,49.90,2.1696,true,1,146077
7290102840243,false,אבקה להכנת פלאן קרמל 112 גרם,י.כהן,,נאמן פלאן קרמל,גרמים,170.00,100 גרם,false,,7.90,0.0465,true,1,73934
7290102840687,false,אייס קפה שקית 500 גר,י.כהן,,אייס קפה שקית 500 גר,גרמים,350.00,100 גרם,false,,16.90,0.0483,true,1,67098
7290102840939,false,תערובת להכנה מהירה עוגת בראוניס 600ג',י.כהן,,אבקה להכנת עוגת בראו,גרמים,600.00,100 גרם,false,,15.90,0.0265,true,1,65806
7290102842360,false,תערובת להכנת סופלה בטעם שוקולד בלגי,י.כהן Kahan's,,תערובת לסופלה שוקולד,גרמים,250.00,100 גרם,false,,15.90,0.0636,true,1,67182
7290102842711,false,אבקת להכנת עוגת גבינה 340 גרם,י.כהן,,אבקה להכנת עוגת גבינ,גרמים,340.00,100 גרם,false,,15.90,0.0468,true,1,73936
7290102842728,false,בלינצ'ס תערובת להכנה,י.כהן,,בלינצ'ס תערובת להכנה,גרמים,300.00,100 גרם,false,,11.90,0.0397,true,1,73937
7290102844258,false,תערובת להכנת וופל בל,י.כהן,,תערובת להכנת וופל בל,גרמים,400.00,100 גרם,false,,12.90,0.0323,true,1,134656
7290103124588,false,"סבון נוזלי ארומה בניחוח לבנדר פטצ'ולי פלמוליב 750 מ""ל",הנסיך- מפעל לייצור ט,,פלמוליב סבון נוזלי ס,מיליליטרים,750.00,"100 מ""ל",false,,15.90,2.1200,true,1,67469
7290103124601,false,"תחליב רחצה נוזל חלב ודבש משאבה 750מ""ל פלמוליב",הנסיך- מפעל לייצור ט,,פלמוליב ת.רחצה נוזל,מיליליטרים,750.00,"100 מ""ל",false,,15.90,2.1200,true,1,67184
7290103128739,false,בלונס צימרוני אוזניים לתינוק 50 יח',הנסיך- מפעל לייצור ט,,בלונס צימרוני אוזניי,יחידה,50.00,יחידה,false,,5.90,0.1180,true,1,73949
7290103129378,false,ספיד סטיק - דאודורנט ג'ל לגבר איקס 5 85 גרם,הנסיך- מפעל לייצור ט,,ספיד סטיק איקס5 דאו.,יחידה,0.00,יחידה,false,,24.90,0.0000,true,1,77475
7290103129392,false,ליידי ספיד סטיק פרש אסנס פרח הפרזיה סטיק 65 גר,ליידי ספיד סטיק Lady Speed Stick,,ליידי ספיד סטיק פרח,יחידה,0.00,יחידה,false,,19.90,0.0000,true,1,78975
7290103129408,false,ליידי ספיד סטיק - דאודורנט סטיק לאישה פרש אסנס פריחת הפרדס 65 גרם,ליידי ספיד סטיק Lady Speed Stick,,ליידי ספיד סטיק פריח,יחידה,0.00,יחידה,false,,19.90,0.0000,true,1,78976
7290103129637,false,בלונס פדים אובליים להסרת איפור 40 יחידות,הנסיך- מפעל לייצור ט,,בלונס פדים אובליים ל,יחידה,40.00,יחידה,false,,8.90,0.2225,true,1,77458
7290103244262,false,עוגיות סוגים שונים ד,,,עוגיות דלי 600 גרם,גרמים,600.00,100 גרם,false,,9.90,0.0165,true,1,114083
7290103401429,false,קפה קצב ברזילאי אוריגינס 200 גר,הנסיך- מפעל לייצור ט,,עלית אוריגינס קצב בר,גרמים,200.00,100 גרם,false,,29.90,0.1495,true,1,59504
7290103402815,false,אצבעות שוקולד+קרם חלב96ג,STRAUSS-ISRAEL,,פרה אצבעות שוקולד במ,יחידה,0.00,יחידה,false,,7.90,0.0000,true,1,57776
7290103404758,false,סלט כרוב אדום במיונז אחלה 120 גרם,מיוצר עי קונדיטוריית,,אחלה כרוב אדום 120גר,גרמים,120.00,100 גרם,false,,4.90,0.0408,true,1,58936
7290103407223,false,אצבעות שוק+סוכ.קופצות96ג,STRAUSS-ISRAEL,,פרה אצבעות שוק.עם סו,יחידה,0.00,יחידה,false,,8.00,0.0000,true,1,57778
7290103407902,false,מארז מיני מילקי מהדרין 8,STRAUSS-ISRAEL,,"מילקי מיני 8* 90 מ""",מיליליטרים,720.00,"100 מ""ל",false,,12.20,1.6944,true,1,57827
7290104061417,false,סלט חומוס עם טחינה אחלה 400 גרם,"שטראוס גרופ בע""\מ",,אחלה חומוס טחינה 400,גרמים,400.00,100 גרם,false,,10.20,0.0255,true,1,58943
7290104061431,false,סלט חומוס עם צנובר אחלה 400 גרם,"שטראוס גרופ בע""\מ",,אחלה חומוס צנובר 400,גרמים,400.00,100 גרם,false,,10.20,0.0255,true,1,57583
7290104061448,false,סלט חומוס עם חריף אחלה 400 גרם,מיוצר עי קונדיטוריית,,אחלה חומוס חריף 400,גרמים,400.00,100 גרם,false,,10.20,0.0255,true,1,57943
7290104062599,false,מארז 8 יחידות מעדן גמדים בטעמי תות ובננה,"שטראוס בריאות בע""\מ",,גמדים בכפית 8 תות בנ,יחידה,0.00,יחידה,false,,17.90,0.0000,true,1,73971
7290104065187,false,אבקה להכנת משקה קפה בטעם מוקה,STRAUSS-ISRAEL,,עלית נמס טעם מוקה 20,גרמים,200.00,100 גרם,false,,25.90,0.1295,true,1,57180
7290104066016,false,מעדן מילקי טופ עדשים 170 ג',"שטראוס גרופ בע""\מ",,מילקי טופ עדשים 170,מיליליטרים,170.00,"100 מ""ל",false,,4.50,2.6471,true,1,57832
7290104067198,false,ספלנדיד מריר 70%תפוז100ג,STRAUSS-ISRAEL,,ספלנדיד שוק.מריר תפו,יחידה,0.00,יחידה,false,,11.00,0.0000,true,1,58884
7290104067679,false,סלט טחינה אחלה 400גר,מיוצר עי קונדיטוריית,,אחלה סלט טחינה 400 ג,גרמים,400.00,100 גרם,false,,10.90,0.0273,true,1,95218
7290104068539,false,מאסט פליפטופ מלון ואבטיח ללא גרעינים,"שטראוס גרופ בע""מ",,מאסט מגדים אבטיח מלו,יחידה,0.00,יחידה,false,,4.00,0.0000,true,1,57182
7290104260025,false,פלסטרים בגוון עור 10,,,פלסטרים בגוון עור 10,יחידה,0.00,יחידה,false,,0.00,0.0000,true,1,192920
7290104260032,false,פלסטרים שקופים,,,פלסטרים שקופים,יחידה,0.00,יחידה,false,,0.00,0.0000,true,1,192921
7290104262500,false,מסרק עם ידית שחור,,,מסרק עם ידית שחור,יחידה,0.00,יחידה,false,,5.90,0.0000,true,1,175769
7290104368974,false,אוליב קרם ידיים 100מ'ל,,,אוליב קרם ידיים 100,יחידה,0.00,יחידה,false,,0.00,0.0000,true,1,188136
7290104368981,false,אוליב קרם רגליים 100מ'ל,,,אוליב קרם רגליים 100,יחידה,0.00,יחידה,false,,0.00,0.0000,true,1,188137
7290104500572,false,אפרופו חטיף תירס איטליאנו אסם 50 גרם,מיוצר עי קונדיטוריית,,אפרופו חטיף איטליאנו,יחידה,0.00,יחידה,false,,5.50,0.0000,true,1,59013
7290104501661,false,אינסטנט פודינג בטעם וניל צרפתי אסם 80 גרם,מיוצר עי קונדיטוריית,,אסם פודינג בטעם וניל,יחידה,0.00,יחידה,false,,5.50,0.0000,true,1,59528
7290104503184,false,הבית עוגת שבת בראוניס טעם שוקולד ריבת חלב 380 גרם,מיוצר עי קונדיטוריית,,עוגת הבית בראוניס שו,גרמים,380.00,100 גרם,false,,16.90,0.0445,true,1,60742
7290104504228,false,מיני דובונים אסם 100 גרם מארז 5 יחידות,"אסם השקעות בע""\מ",,דובונים מולטיפק 5*,יחידה,5.00,יחידה,false,,13.00,2.6000,true,1,57951
7290104508202,false,גביעי גלידה אמריקאים אסם 120 גרם 24 יחידות,"גילרו בע""מ",,גביעי גלידה אמריקאים,גרמים,120.00,100 גרם,false,,13.90,0.1158,true,1,59531
7290104508943,false,במבה חטיף בוטנים אסם 200 גרם,"אסם השקעות בע""\מ",,במבה קלאסי 200 גרם,גרמים,200.00,100 גרם,false,,10.00,0.0500,true,1,57657
7290104570131,false,תמר מג'הול ששון ושות,,,"תמר מג'הול שחור 1ק""ג",יחידה,0.00,יחידה,false,,19.90,0.0000,true,1,122068
7290104570162,false,תמרים ללא חרצנים תמר כבוש 500 גרם,תמר העמקים בית שאן,,תמר כבוש בית שאן 500,גרמים,500.00,100 גרם,false,,13.90,0.0278,true,1,89464
7290104570513,false,"תמר מגהול כחול 1 ק""",פרי וירק טמרה ושותפי,,"תמר מגהול כחול 1 ק""",יחידה,0.00,יחידה,false,,19.90,0.0000,true,1,152359
7290104570636,false,ממרח תמרים גביע ירוק 450 ג',תמר העמקים,,ממרח תמרים ירדן,גרמים,450.00,100 גרם,false,,6.90,0.0153,true,1,121725
7290104570711,false,"סילאן מגהול בד""צ 900גרם",,,סילאן טהור 900 גרם,גרמים,900.00,100 גרם,false,,21.90,0.0243,true,1,136158
7290104570995,false,תמר מגהול 750 גרם,,,תמר מגהול 750 גרם,גרמים,750.00,100 גרם,false,,0.00,0.0000,true,1,188976
7290104696008,false,גילדה גדולה לניקוי,Unknown,,ג'ילדה צהובה גדולה,יחידה,0.00,יחידה,false,,21.90,0.0000,true,1,137242
7290104720499,false,מארז 8 יחידות מעדן דני בטעם וניל 1.5%,מיוצר עי קונדיטוריית,,מארז דני וניל 8*125,יחידה,8.00,יחידה,false,,14.80,1.8500,true,1,57191
7290104721533,false,רצועות פלפלים קלויים אחלה 400 ג',מיוצר עי קונדיטוריית,,אחלה סלט פלפלים קלוי,גרמים,400.00,100 גרם,false,,15.90,0.0398,true,1,57660
7290104722219,false,עוגת יומולדת ק.שוקולד330,"שטראוס גרופ בע""\מ.",,עוגה שוקולד ס. צבעונ,גרמים,330.00,100 גרם,false,,15.20,0.0461,true,1,73994
7290104722530,false,תפוצ'יפס בטעם שמנת בצל עלית 200 גרם,"שטראוס פריטו ליי בע""\מ )",,תפוציפס שמנת בצל 200,גרמים,200.00,100 גרם,false,,10.90,0.0545,true,1,57974
7290104725326,false,קוטג שטראוס 5% 400 ג,"שטראוס בריאות בע""\מ",,קוטג שטראוס 5% 400 ג,גרמים,400.00,100 גרם,false,,9.90,0.0248,true,1,145644
7290104726262,false,רביעייה מעדן דני שוקולד דיסני לבנים 125 גרם,מיוצר עי קונדיטוריית,,דני שלוק 4 שוקולד די,יחידה,4.00,יחידה,false,,11.00,2.7500,true,1,57959
7290104726712,false,מארז 8 יחידות מעדן מילקי בטעם שוקולד עם קצפת,"שטראוס גרופ בע""\מ",,מילקי שמינייה מארז 8,מיליליטרים,1360.00,"100 מ""ל",false,,21.00,1.5441,true,1,74005
7290104728310,false,"שמנת מתוקה עמידה 38% שומן ""יטבתה"" -מוצר בפיקוח",שטראוס גרופ,,יטבתה שמנת עמידה לקצ,יחידה,250.00,יחידה,false,,6.18,0.0247,true,1,74013
7290104729003,false,שמן זית כתית יד מרדכי 750 גרם [מוצר מדבקה],מכוורת יד מרדכי שטרא,,יד מרדכי שמן זית כתי,מיליליטרים,750.00,"100 מ""ל",false,,34.90,4.6533,true,1,74020
7290104960970,false,דאודורנט ספריי טיטניום מטאל Titanium Metal,אמיליה קוסמטיקס בעמ,,טיטניום דאודורנט תרס,מיליליטרים,180.00,"100 מ""ל",false,,15.00,8.3333,true,1,74031
7290104961533,false,דאודורנט ספריי גוף טיטניום בלק Titanium Black,אמיליה קוסמטיקס,,טיטניוים ספריי גוף ב,מיליליטרים,150.00,"100 מ""ל",false,,10.90,7.2667,true,1,76334
7290104961540,false,דאודורנט ספריי גוף טיטניום מטאל Titanium Metal,אמיליה קוסמטיקס,,טיטניום ספריי גוף מט,מיליליטרים,150.00,"100 מ""ל",false,,10.90,7.2667,true,1,77799
7290104961557,false,"טיטניום - דאודורנט ספריי לגבר בלו 150 מ""ל","אמיליה קוסמטיקס בע""מ",,ספריי גוף-ICE טיטניו,מיליליטרים,150.00,"100 מ""ל",false,,10.90,7.2667,true,1,75693
7290104961885,false,מרכך קרטין טהור לשיער שעבר החלקה או עיצוב בחום,נטורל פורמולה Natural Formula,,נטורל פורמולה קרטין,מיליליטרים,400.00,"100 מ""ל",false,,30.00,7.5000,true,1,78533
7290104962073,false,דאודורנט ספריי גוף טיטניום גולד Titanium Gold,"אמיליה קוסמטיקס בע""מ",,טיטניום גולד דאודרנט,מיליליטרים,180.00,"100 מ""ל",false,,15.00,8.3333,true,1,95285
7290104962660,false,"קרליין - נושם דאודורנט ספריי לאישה ללא אלומיניום 200 מ""ל",אמיליה קוסמטיקס בעמ,,נושם ספריי 0% אלומינ,מיליליטרים,200.00,"100 מ""ל",false,,12.90,6.4500,true,1,107666
7290104963650,false,נקה 7 שמפו אל דמע סופטקר 1 ליטר,קוסמופארם בע'\'\מ,,סופטקר שמפו אלדמע 1,,1.00,100 ליטר,false,,19.90,19.9000,true,1,134939
7290105360250,false,קפסולות 09 עשיר וארומטי למכונת נספרסו עלית 10יח',הנסיך- מפעל לייצור ט,,עלית קפסולות 9 למכונ,יחידה,0.00,יחידה,false,,18.00,0.0000,true,1,79247
7290105360328,false,קפסולות אספרסו חזק למכונות נספרסו 10 יח',הנסיך- מפעל לייצור ט,,עלית קפסולות 10 למכו,יחידה,0.00,יחידה,false,,18.00,0.0000,true,1,79244
7290105360335,false,קפסולות אספרסו למכונות נספרסו 50 גר,הנסיך- מפעל לייצור ט,,עלית קפסולות 7 למכונ,יחידה,0.00,יחידה,false,,18.00,0.0000,true,1,79245
7290105362339,false,"שמנת לבישול 15% 250 מ""ל יטבתה מהדרין",שטראוס גרופ,,יטבתה שמנת לבישול 15,מיליליטרים,250.00,"100 מ""ל",false,,8.60,3.4400,true,1,74059
7290105363602,false,מקלות כיף כף קלאסי עלית 40 גרם,שולן צ'\יקולטה גידה סאן.,,כיף כף מקלות קלאסי 4,יחידה,0.00,יחידה,false,,6.00,0.0000,true,1,77563
7290105364289,false,מקלות כיף כף פצפוצים עלית 40 גרם,שולן צ'\יקולטה גידה סאן.,,כיף כף מקלות פצפוצים,יחידה,0.00,יחידה,false,,6.00,0.0000,true,1,77565
7290105364302,false,"עלית חטיף שוקולד כיף כף מקלות אגוזים, 40 גרם",שולן צ'\יקולטה גידה סאן.,,כיף כף מקלות אגוזים,יחידה,0.00,יחידה,false,,6.00,0.0000,true,1,77564
7290105364678,false,"אקטיביה משקה יוגורט בטעם אפרסק שטראוס 250 מ""ל",מיוצר עי קונדיטוריית,,אקטיביה משקה בטעם אפ,מיליליטרים,250.00,"100 מ""ל",false,,4.90,1.9600,true,1,60767
7290105364883,false,ביסקוויט עד חצות לבן200ג,STRAUSS-ISRAEL,,עד חצות שוקולד לבן 2,גרמים,200.00,100 גרם,false,,14.90,0.0745,true,1,74076
7290105366993,false,סימפוניה גבינת שמנת פלפל שיפקה 5% שטראוס 200 גרם,"שטראוס בריאות בע""מ",,סימפוניה פלפל שיפקה,גרמים,200.00,100 גרם,false,,10.50,0.0525,true,1,96068
7290105368225,false,חומוס אחלה עם פלפל שיפקה 400 גרם,מיוצר עי קונדיטוריית,,אחלה חומוס פלפל שיפק,גרמים,400.00,100 גרם,false,,10.20,0.0255,true,1,76801
7290105368331,false,מעדן מילקי בטעם תות עם קצפת,מחלבת אחיהוד,,מעדן מילקי תות,מיליליטרים,133.00,"100 מ""ל",false,,2.90,2.1805,true,1,74108
7290105368904,false,"שמנת מתוקה להקצפה 32% שומן 250 מ""ל יוטבתה",שטראוס גרופ,,יטבתה שמנת עמידה לקצ,מיליליטרים,250.00,"100 מ""ל",false,,7.80,3.1200,true,1,85585
7290105368928,false,"שמנת 9% שומן 200 מ""ל יוטבתה",שטראוס גרופ,,יטבתה שמנת 9% 200 גר,גרמים,200.00,100 גרם,false,,2.90,0.0145,true,1,74116
7290105368959,false,פונץ בננה+פקק מהדרין250מ,מחלבת יטבתה,,יטבתה פונץ בננה פקק,מיליליטרים,250.00,"100 מ""ל",false,,5.20,2.0800,true,1,74118
7290105369451,false,צ'יטוס דולפינים בטעם גבינה 55 גרם,שטראוס פריטו ליי (מל,,ציטוס דולפינים 55 גר,יחידה,0.00,יחידה,false,,3.50,0.0000,true,1,74123
7290105430489,false,ליידי ספיד סטיק 24/7 רול און סטיין גארד,הנסיך- מפעל לייצור ט,,ליידי ספיד סטיק רול,מיליליטרים,50.00,"100 מ""ל",false,,15.90,31.8000,true,1,86458
7290105431516,false,מארז חטיף פריי תמרים ובוטנים ללא גלוטן ותוספת סוכר 125 גרם,טבעית מוצרים מן הטבע בעמ,,פרי חטיפי תמרים ובוט,גרמים,125.00,100 גרם,false,,16.90,0.1352,true,1,85605
7290105431868,false,"פלמוליב ספא קוקוס גרגרים נוזלי 500 מ""ל",הנסיך- מפעל לייצור ט,,פלמוליב ספא קוקוס גר,מיליליטרים,500.00,"100 מ""ל",false,,15.90,3.1800,true,1,95679
7290105433985,false,ליידי ספיד סטיק פרש אסנס פריחת הדובדבן סטיק 65 גר,ליידי ספיד סטיק Lady Speed Stick,,ליידי ספיד סטיק פרס,יחידה,0.00,יחידה,false,,19.90,0.0000,true,1,100020
7290105434050,false,ספיד סטיק - דאודורנט סטיק לגבר XL ירוק רגיולר 85 גרם,קולגייט פלמוליב,,ספיד סטיק ירוק 85 גר,יחידה,0.00,יחידה,false,,19.90,0.0000,true,1,116320
7290105439499,false,מאסטר שף מאסטר שף מיונז 480 גר כשלפ,רמיה סי.וי. הולנד,,מאסטר שף מיונז בצנצנ,מיליליטרים,481.00,"100 מ""ל",false,,9.90,2.0582,true,1,120424
7290105439581,false,מנה מאסטר שף חרדל דיזיון צרפתי 370 גר,רמיה סי.וי.הולנד,,מאסטר שף חרדל דיזון,גרמים,390.00,100 גרם,false,,10.90,0.0279,true,1,120425
7290105439598,false,מאסטר שף חרדל דיז'ון גרגירים 370 גר כשלפ,סאס קווינור צרפת,,מאסטר שף חרדל דיזון,גרמים,370.00,100 גרם,false,,10.90,0.0295,true,1,120426
7290105474056,false,לה קט מוס סלמון 155 גר',PRODUCTS FOOD HIQ,,לה קט מוס סלומון 155,גרמים,155.00,100 גרם,false,,5.90,0.0381,true,1,167866
7290105474063,false,לה קט מעדן מוס כבד 155ג,PRODUCTS FOOD HIQ,,לה קט מוס כבד 155 גר,גרמים,155.00,100 גרם,false,,5.90,0.0381,true,1,167868
7290105474070,false,לה קט מעדן מוס טונה 155ג,PRODUCTS FOOD HIQ,,לה קט מוס טונה 155 ג,גרמים,155.00,100 גרם,false,,5.90,0.0381,true,1,167867
7290105691224,false,אסם חטיפי פריכונים טורטייה שום בצל 60 גרם,"פרח תעשיות מזון בע""מ.",,קריספי טורטיה שום בצ,יחידה,0.00,יחידה,false,,7.50,0.0000,true,1,74155
7290105691712,false,אסם עוגיות הפסקת קפה דגנים מלאים 230 גרם,היינץ צפון אמריקה מק,,אסם עוגיות הפסקת קפה,גרמים,230.00,100 גרם,false,,10.90,0.0474,true,1,74157
7290105692436,false,במבה מארז 19 יח' * 15ג' אסם,,,במבה אסם מגזר ערבי 1,גרמים,285.00,100 גרם,false,,20.00,0.0702,true,1,74164
7290105693341,false,מארז עשיריית במבה אסם 25*10 גרם,"אסם השקעות בע""\מ",,מארז במבה 25 גרם * 1,גרמים,250.00,100 גרם,false,,16.90,0.0676,true,1,97445
7290105693457,false,עוגת הבית דמקה שוקו וניל אסם 320 גרם,מיוצר עי קונדיטוריית,,עוגת הבית דמקה שוקו,גרמים,320.00,100 גרם,false,,13.90,0.0434,true,1,74176
7290105693952,false,פירורית זהב אסם זהב שומשום 200 ג',מיוצר עי קונדיטוריית,,פירורית זהב שומשום 2,גרמים,200.00,100 גרם,false,,6.50,0.0325,true,1,74185
7290105694614,false,פסטה ספגטי מהיר הכנה אסם 500 גרם,פסטה זארה,,פסטה ספגטי מהיר הכנה,גרמים,500.00,100 גרם,false,,6.00,0.0120,true,1,75683
7290105694904,false,אבקת מרק פטריות רכיבים טבעיים 220 ג' אסם,"אסם השקעות בע""\מ",,אסם מרק תיבול פטריות,גרמים,220.00,100 גרם,false,,16.20,0.0736,true,1,76756
7290105695024,false,פתיתים אפויים אורז עם אטריות אסם 500 גרם,"אסם השקעות בע""\מ",,אסם פתיתים אפויים או,גרמים,500.00,100 גרם,false,,7.50,0.0150,true,1,78152
7290105695321,false,עוגת הבית בראוניס פאדג' אסם 380 גרם,מיוצר עי קונדיטוריית,,הבית עוגות בראוניס פ,גרמים,380.00,100 גרם,false,,16.90,0.0445,true,1,77823
7290105695536,false,אבקת מרק ירקות שורש תיבול אסם 220 גר',"אסם תעשיות בע""מ",,אסם מרק תיבול ירקות,גרמים,220.00,100 גרם,false,,16.20,0.0736,true,1,93379
7290105961181,false,פונץ' בננה מהדרין 1ליטר,מחלבת יטבתה,,יטבתה פונץ בננה 1ל,,1000.00,100 ליטר,false,,11.90,0.0119,true,1,74218
7290105961525,false,שוק.ספלנדיד מריר85% 100ג,"שטראוס גרופ בע""\מ",,ספלנדיד שוק.מריר85%,גרמים,100.00,100 גרם,false,,11.00,0.1100,true,1,76743
7290105962331,false,סחוג תימני אדום חריף מאוד זהבי הכרם 220 גרם,אף.סי תבליני בגליל ב,,סחוג חריף מאוד זהבי,גרמים,220.00,100 גרם,false,,10.90,0.0495,true,1,74223
7290105962980,false,כרוב אדום במיונז 400 ג' אחלה,מיוצר עי קונדיטוריית,,אחלה סלט כרוב אדום 4,גרמים,400.00,100 גרם,false,,10.90,0.0273,true,1,74226
7290105962997,false,חצילים אחלה במיונז 400 גר',"שטראוס גרופ בע""מ",,אחלה סלט חציל במיונז,גרמים,400.00,100 גרם,false,,10.90,0.0273,true,1,74227
7290105963000,false,סלט מטבוחה 400 ג' אחלה,מיוצר עי קונדיטוריית,,אחלה סלט מטבוחה 400,גרמים,400.00,100 גרם,false,,10.90,0.0273,true,1,74228
7290105964564,false,סלט חומוס אחלה 400גר,מיוצר עי קונדיטוריית,,אחלה חומוס אחלה 400,גרמים,400.00,100 גרם,false,,7.90,0.0198,true,1,78576
7290105964748,false,בונ.ספלנדיד מריר%70 216ג,STRAUSS-ISRAEL,,ספלנדיד בונ מריר 70%,גרמים,216.00,100 גרם,false,,27.00,0.1250,true,1,75381
7290105965493,false,ספלנדיד מריר+מוס שוק105ג,שטראוס,,ספלנדיד מריר+מוס שוק,גרמים,105.00,100 גרם,false,,11.00,0.1048,true,1,116506
7290105965738,false,יוגורט לשתיה בטעם תות בננה267 ג' דנונה,מיוצר עי קונדיטוריית,,דנונה משקה תות בננה,גרמים,267.00,100 גרם,false,,4.80,0.0180,true,1,99315
7290105966469,false,"חומץ בלסמי ממודנה יד מרדכי 250 מ""ל",אצטייה ג'וזפה קרמוני,,יד מרדכי חומץ בלסמי,מיליליטרים,250.00,"100 מ""ל",false,,14.90,5.9600,true,1,79787
7290105968654,false,רביולי בטטה פרווה פסטה נונה 400 ג',מיוצר עי קונדיטוריית,,שטראוס רביולי בטטה 4,גרמים,400.00,100 גרם,false,,20.90,0.0522,true,1,76707
7290105968777,false,פריכיות 5 דגנים עם תחתית שוקולד מריר 70 גרם,"טחנת האבן תעשיות בע""",,אנרג'י פריכיות תחתית,יחידה,0.00,יחידה,false,,8.90,0.0000,true,1,86971
7290106098282,false,"גביע 1/2 אמריקאי ארוז 6 יח כשלפ עד""ח ר.שמאי",,,שמאי - גביע אחסון 1,יחידה,0.00,יחידה,false,,5.90,0.0000,true,1,177707
7290106268265,false,"קלאסיק - דה סיסו (א) אדט 100 מ""ל",נרסיסו רדריגז,,בושם DE SISO קלאסיק,מיליליטרים,100.00,"100 מ""ל",false,,49.90,49.9000,true,1,183756
7290106392465,false,מיקסר מערבל יד וקערה אוהב ציון,,,מיקסר מערבל יד וקערה,יחידה,0.00,יחידה,false,,139.90,0.0000,true,1,174036
7290106398917,false,טוסטר לחיצה 2 פרוסות,,,טוסטר לחיצה 2 פרוסות,יחידה,0.00,יחידה,false,,59.90,0.0000,true,1,178015
7290106398924,false,תנור אינפרא 3 גופים,,,תנור אינפרא 3 גופים,יחידה,0.00,יחידה,false,,89.90,0.0000,true,1,181063
7290106432666,false,כיסא ילדים ראטאן,,,כיסא ילדים ראטאן,יחידה,0.00,יחידה,false,,0.00,0.0000,true,1,189985
7290106506954,false,אולוויז רדיאנט נורמל 24 יח דואו וליו פק,פרוקטר אנד גמבל,,אולוויז תחבושות רדיא,יחידה,0.00,יחידה,false,,29.90,0.0000,true,1,148725
7290106506961,false,תחב.רדיאנט וליו פק לונג פלוס אולוויז 20,פרוקטר אנד גמבל,,אולוויז תחבושות רדיא,יחידה,20.00,יחידה,false,,29.90,1.4950,true,1,148726
7290106506978,false,תחבושות רדיאנט וליו פק לילה אולוויז 16 י,דיפלומט,,אולוויז תחבושות רדיא,יחידה,0.00,יחידה,false,,29.90,0.0000,true,1,148727
7290106509801,false,40אולוויז פל.לונג קואטרו,פרוקטר אנד גמבל,,תחבושת אולוויז פלטינ,יחידה,0.00,יחידה,false,,39.90,0.0000,true,1,187039
7290106509832,false,32אולוויז פל.לילה קואטרו,פרוקטר אנד גמבל,,תחבושת אולוויז פלטינ,יחידה,0.00,יחידה,false,,39.90,0.0000,true,1,187042
7290106520066,false,"רבע לשבע שוקולד חלב במילוי אגוזים עלית 160 גרם בד""צ","הגביע מוצרי וופלים בע""\מ",,רבע לשבע 160 גרם,גרמים,160.00,100 גרם,false,,12.90,0.0806,true,1,77806
7290106520288,false,יוגורט פרו חלבון עם תות 2.4% שומן 150 ג' דנונה,"שטראוס בריאות בע""מ",,"דנונה פרי תות 150 מ""",מיליליטרים,150.00,"100 מ""ל",false,,4.50,3.0000,true,1,120958
7290106520905,false,סלט טורקי אחלה 400 גרם,"שטראוס גרופ בע""\מ",,אחלה סלט טורקי 400 ג,גרמים,400.00,100 גרם,false,,15.10,0.0377,true,1,79775
7290106520912,false,"שמנת 9% לבישול יטבתה 250 מ""ל מהדרין",שטראוס גרופ,,יטבתה שמנת לבישול 9%,מיליליטרים,258.00,"100 מ""ל",false,,8.60,3.3333,true,1,87116
7290106521612,false,חטיף ופל מצופה טורטי,STRAUSS-ISRAEL,,טורטית מגדים 4*40 גר,גרמים,160.00,100 גרם,false,,11.90,0.0744,true,1,86390
7290106524439,false,"תפוצ'יפס פופס 60 גרם ""עלית""","שטראוס פריטו ליי בע""\מ )",,תפוצ'יפס פופס 60 גרם,יחידה,0.00,יחידה,false,,3.90,0.0000,true,1,151769
7290106525320,false,אבקת שוקולית לאפייה קופסא 500ג' עלית,הנסיך- מפעל לייצור ט,,שוקולית לאפיה 500 גר,גרמים,500.00,100 גרם,false,,14.90,0.0298,true,1,104303
7290106525399,false,קפסולות 06 ברזיל למכונות נספרסו עלית 10יח',הנסיך- מפעל לייצור ט,,קפסולות ברזיל אפס/שש,יחידה,0.00,יחידה,false,,18.00,0.0000,true,1,135081
7290106525405,false,קפסולות למכונת נספרסו נטול קפאין,שטראוס קפה בי.וי.,,עלית קפסולות נטול 7,יחידה,0.00,יחידה,false,,18.00,0.0000,true,1,102541
7290106526822,false,פריכיות אורז חום מלא תחתית שוקולד חלב 80 גרם,"טחנת האבן תעשיות בע""",,פריכיות אנרג'י עם תח,יחידה,0.00,יחידה,false,,8.90,0.0000,true,1,97847
7290106527386,false,אנרגי פריכיות מצופות שוקולד חלב 70ג,"שטראוס גרופ בע""\מ",,אנרג'י פריכיות מצופו,יחידה,0.00,יחידה,false,,8.90,0.0000,true,1,97846
7290106528567,false,"דוריטוס גריל 185 גרם ""עלית""","שטראוס פריטו ליי בע""\מ )",,דוריטוס גריל 185 גרם,גרמים,185.00,100 גרם,false,,7.90,0.0427,true,1,122827
7290106528628,false,"דוריטוס טבעי 185 גרם ""עלית""","שטראוס פריטו ליי בע""\מ )",,דוריטוס טבעי 185 גרם,גרמים,185.00,100 גרם,false,,7.90,0.0427,true,1,122828
7290106571563,false,אפרופו משפחתי 200 גר',"אסם השקעות בע""\מ",,אפרופו 200ג,גרמים,200.00,100 גרם,false,,11.00,0.0550,true,1,78142
7290106571907,false,פיטנס עוגיות שוקולד ציפס,מיוצר עי קונדיטוריית,,פיטנס עוגיות שוקולד,גרמים,180.00,100 גרם,false,,12.90,0.0717,true,1,100500
7290106571921,false,עוגיות פיטנס עוגיות חמוציות 180 גר',מיוצר עי קונדיטוריית,,פיטנס עוגיות חמוציות,גרמים,180.00,100 גרם,false,,12.90,0.0717,true,1,100501
7290106571945,false,עוג.שוקולד מריר פיטנס180,"אסם תעשיות בע""מ",,פיטנס עוגיות שוקולד,גרמים,180.00,100 גרם,false,,12.90,0.0717,true,1,111091
7290106572027,false,אוסם - לחמית חמישה דגנים 190 גרם,"אסם השקעות בע""\מ",,לחמית חמישה דגנים 19,גרמים,190.00,100 גרם,false,,8.90,0.0468,true,1,78149
7290106572614,false,חטיף תפוא דובונים פ,"אסם השקעות בע""\מ",,דובונים פיצה 40גרם,יחידה,0.00,יחידה,false,,5.00,0.0000,true,1,88550
7290106572652,false,דובונים גן חיות 40 גרם,"אסם תעשיות בע""מ",,דובונים גן חיות 40 ג,יחידה,0.00,יחידה,false,,5.00,0.0000,true,1,93372
7290106572997,false,"קמח שמרים לפיצה ופוקצ'ה אסם 1 ק""ג","קוד יצרן TKMB, משווק",,אסם קמח שמרים לפיצה,גרמים,1000.00,100 גרם,false,,10.50,0.0105,true,1,85824
7290106573086,false,קוסקוס בינוני אמיתי 350X2ג' אסם,"מיוצר ע""י קוד יצרן K",,אסם קוסקוס אמיתי 2*3,גרמים,700.00,100 גרם,false,,9.90,0.0141,true,1,95868
7290106573277,false,חטיף קרקר קריספי עם זיתים כבושים,מיוצר עי קונדיטוריית,,אסם קריספי טאפאס זית,גרמים,150.00,100 גרם,false,,10.80,0.0720,true,1,95132
7290106573291,false,חט.קריספי טאפאס פלפל150ג,מיוצר עי קונדיטוריית,,אסם קריספי טאפאס פלפ,גרמים,150.00,100 גרם,false,,10.80,0.0720,true,1,111701
7290106573314,false,חטיף קריספי בטעם כפרי 150 ג' אסם,מיוצר עי קונדיטוריית,,אסם קריספי טאפאס כפר,גרמים,150.00,100 גרם,false,,9.90,0.0660,true,1,95134
7290106573574,false,חומוס ירושלמי צבר 400גרם,סלטי צבר,,צבר חומוס ירושלמי 40,גרמים,400.00,100 גרם,false,,11.00,0.0275,true,1,89605
7290106573628,false,צבר חומוס עם טחינה 400 גרם,סלטי צבר,,צבר חומוס עם טחינה 4,גרמים,400.00,100 גרם,false,,11.00,0.0275,true,1,89486
7290106573642,false,חומוס צנובר צבר 400 גרם,סלטי צבר,,צבר חומוס צנובר 400,גרמים,400.00,100 גרם,false,,12.00,0.0300,true,1,89608
7290106574793,false,עוגת הבית בטעם שוקו-שוקוצ'יפס 350 ג' אסם,מיוצר עי קונדיטוריית,,עוגות הבית שוקו שוקו,גרמים,350.00,100 גרם,false,,13.90,0.0397,true,1,92325
7290106574953,false,בייגלה שטוחים כעכים שטוחים עם שומשום,מיוצר עי קונדיטוריית,,אסם בייגלה שטוחים שו,גרמים,300.00,100 גרם,false,,11.90,0.0397,true,1,92318
7290106574977,false,בייגלה שטוחים כעכים שטוחים עם מלח,מיוצר עי קונדיטוריית,,אסם בייגלה שטוחים עם,גרמים,300.00,100 גרם,false,,11.90,0.0397,true,1,92317
7290106575011,false,פתיתים אפויים קוסקוס מחיטה מלאה אסם 400 גרם,מיוצר עי קונדיטוריית,,אסם פתיתים אפויים +,גרמים,400.00,100 גרם,false,,7.50,0.0188,true,1,93382
7290106575257,false,עוגת הבית סופלה בטעם שוקולד 340 ג' אסם,מיוצר עי קונדיטוריית,,הבית עוגת סופלה בטעם,גרמים,340.00,100 גרם,false,,13.90,0.0409,true,1,94930
7290106575332,false,פתיתים אפויים פלוס בורגול 400 ג' אסם,"מיוצר ע""י קוד יצרן K",,אסם פתיתי בורגול וקמ,גרמים,400.00,100 גרם,false,,7.50,0.0188,true,1,93381
7290106575431,false,עוגת הבית סופלה בטעם שוקוניל 340 ג' אסם,מיוצר עי קונדיטוריית,,הבית עוגת סופלה בטעם,גרמים,340.00,100 גרם,false,,13.90,0.0409,true,1,94931
7290106576223,false,"אפרופו שוקולד 40 גרם ""אסם""",מיוצר עי קונדיטוריית,,אסם אפרופו שוקולד 40,יחידה,0.00,יחידה,false,,5.00,0.0000,true,1,138851
7290106576513,false,סלט חומוס צבר 400 גר,סלטי צבר,,צבר חומוס 400 גרם,גרמים,400.00,100 גרם,false,,8.90,0.0223,true,1,98145
7290106576537,false,חומוס מסעדות צבר 700 גרם,סלטי צבר,,צבר חומוס מסעדה 700,גרמים,700.00,100 גרם,false,,10.90,0.0156,true,1,94324
7290106576797,false,"לה קרמריה גלידת וניל איטלקי כשל""פ 1.4ל'",תות תעשיות מזון (201,,לה קרמריה וניל איטלק,ליטרים,1.40,ליטר,false,,19.90,14.2143,true,1,185957
7290106576810,false,גלידה לה קרמריה ריבת חלב 1.4 ל' נסטלה,לה קרמריה- נסטלה,,לה קרמריה ריבת חלב 1,ליטרים,1.40,ליטר,false,,19.90,14.2143,true,1,185958
7290106576834,false,גלידה לה קרמריה פונטש בננה1.4 ל' נסטלה,תות תעשיות מזון (201,,לה קרמריה פונטש בננה,ליטרים,1.40,ליטר,false,,19.90,14.2143,true,1,185966
7290106576858,false,גלידה לה קרמריה תותים בשמנת 1.4 ל' נסטלה,גלידות נסטלה )נגה גלידות,,לה קרמריה תותים בשמנ,ליטרים,1.40,ליטר,false,,19.90,14.2143,true,1,185963
7290106576971,false,גלידה לה קרמריה שוקולד בלגי 1.4 ל' נסטלה,תות תעשיות מזון (201,,לה קרמריה שוקולד בלג,ליטרים,1.40,ליטר,false,,19.90,14.2143,true,1,185964
7290106576995,false,גלידה סורבה לה קרמריה תות מנגו לייט 1.4 ל' נסטלה,גלידות נסטלה )נגה גלידות,,לה קרמריה לייט סורבה,ליטרים,1.40,ליטר,false,,19.90,14.2143,true,1,185968
7290106577039,false,גלידה לה קרמריה שוקו וניל פליק 1.4 ל' נסטלה,תות תעשיות מזון (201,,לה קרמריה שוקו וניל,ליטרים,1.40,ליטר,false,,19.90,14.2143,true,1,98019
7290106577282,false,טחינה אמיתית מרובע 400 ג' צבר,סלטי צבר,,צבר טחינה מרובע 400,גרמים,400.00,100 גרם,false,,11.90,0.0298,true,1,95320
7290106577480,false,צבר חציל על האש בטחינה מרובע 400גרם,סלטי צבר,,צבר חציל על האש בטחי,גרמים,500.00,100 גרם,false,,14.90,0.0298,true,1,95322
7290106577503,false,חציל במיונז מרובע 400גרם,סלטי צבר,,צבר חציל במיונז מרוב,גרמים,400.00,100 גרם,false,,11.90,0.0298,true,1,95323
7290106577527,false,סלט קולסלאו כרוב לבן וגזר 400 ג' צבר,סלטי צבר,,צבר קולסלו מרובע 400,גרמים,400.00,100 גרם,false,,11.90,0.0298,true,1,95328
7290106577541,false,צבר כרוב אדום מרובע 400גרם,סלטי צבר,,צבר כרוב אדום מרובע,גרמים,400.00,100 גרם,false,,11.90,0.0298,true,1,95326
7290106577572,false,מטבוחה אמיתית מרובע 400 ג' צבר,סלטי צבר,,צבר מטבוחה מרובע 400,גרמים,400.00,100 גרם,false,,12.90,0.0323,true,1,95319
7290106577688,false,בונגור קראנץ 540 גרם,,,בונגור קראנץ 540 גרם,גרמים,540.00,100 גרם,false,,19.90,0.0369,true,1,150779
7290106577701,false,בונז'ור ולתנור רוגלך ושוקולד 560 גר',אסם,,בונגור רוגעלך 560 גר,גרמים,560.00,100 גרם,false,,19.90,0.0355,true,1,150780
7290106577848,false,נסטי מארז שישייה אפרסק 6*1.5ליטר,סן-פלגרינו,,נסטי מארז שישייה אפר,ליטרים,1.50,ליטר,false,,34.90,23.2667,true,1,98077
7290106577961,false,צ'ריוס שיבולת שועל 340גר,ג.נרל מילס,,ציריוס שיבולת שועל 3,גרמים,340.00,100 גרם,false,,15.90,0.0468,true,1,102030
7290106578333,false,חציל על האש מרובע צבר400,לחמנו,,צבר חציל על האש מרוב,גרמים,500.00,100 גרם,false,,11.90,0.0238,true,1,95324
7290106578692,false,ביסלי במבה מיקס מהדורת אליפות אסם 80 גרם,פרו מן יו פתרונות אר,,ביסלי במבה מיקס 80 ג,יחידה,0.00,יחידה,false,,5.90,0.0000,true,1,118864
7290106578821,false,עוגת הבית שמרים קלאסית שוקולד אסם 350 גרם,מיוצר עי קונדיטוריית,,הבית עוגת שמרים קלאס,גרמים,350.00,100 גרם,false,,16.90,0.0483,true,1,98133
7290106626355,false,מיקרופון מנגן בקופסא,,,מיקרופון מנגן בקופסא,יחידה,0.00,יחידה,false,,0.00,0.0000,true,1,189810
7290106650428,false,בפלות 104 בודד 250גר,Unknown,,בפלות 104 בודד 250גר,יחידה,0.00,יחידה,false,,5.90,0.0000,true,1,119265
7290106653207,false,פיתה קראנצ' זעתר 300 גרם,"שטראוס פריטו ליי בע""\מ )",,פיתה קראנץ בטעם זעתר,גרמים,300.00,100 גרם,false,,12.90,0.0430,true,1,92372
7290106653504,false,סבבה בוטנים אמריקאים ברביקיו 50 גרם,"שטראוס פריטו ליי בע""",,סבבה בוטנים ברביקיו,יחידה,0.00,יחידה,false,,2.50,0.0000,true,1,175531
7290106654099,false,מילקי CAKE עוגות אישיות במילוי קרם חלב,בובארד איטליה אס.פי.איי,,מארז מילקי cakeשמיני,יחידה,0.00,יחידה,false,,19.90,0.0000,true,1,120543
7290106654921,false,תפוציפס אקסטרה טבעי 50 גרם,"שטראוס פריטו ליי בע""\מ )",,תפוצ'יפס אקסטרא בטעם,יחידה,0.00,יחידה,false,,3.90,0.0000,true,1,95141
7290106656260,false,פופקורן בטעם טבעי 65 גרם,"שטראוס פריטו ליי בע""\מ )",,פופקורן טבעי 65 גרם,יחידה,0.00,יחידה,false,,3.90,0.0000,true,1,144669
7290106657137,false,תפוציפס אקסטרא טבעי200ג,שטראוס,,תפוצ'יפס אקסטרא בטעם,גרמים,200.00,100 גרם,false,,10.90,0.0545,true,1,95140
7290106658059,false,עלית בונבוניירה לב ח,STRAUSS-ISRAEL,,עלית בונבוניירה לב ח,גרמים,162.00,100 גרם,false,,28.90,0.1784,true,1,153134
7290106658479,false,עלית וופל בטעם טורטית אגוזים 360גר,"שטראוס גרופ בע""\מ",,עלית וופל בטעם טורטי,יחידה,0.00,יחידה,false,,4.00,0.0000,true,1,99337
7290106660410,false,"רביולי תרד וגבינה 400 גרם ""שטראוס""",מיוצר עי קונדיטוריית,,שטראוס רביולי תרד וג,גרמים,400.00,100 גרם,false,,20.90,0.0522,true,1,104287
7290106660649,false,חטיף ציטוס קראנץ בוט,"שטראוס פריטו ליי בע""\מ )",,ציטוס בטעם בוטנים 80,יחידה,0.00,יחידה,false,,4.90,0.0000,true,1,144668
7290106662025,false,תפוציפס טבעי מלח ופלפל 50 גרם,"שטראוס פריטו ליי בע""",,תפוציפס טבעי מלח פלפ,יחידה,0.00,יחידה,false,,3.90,0.0000,true,1,182220
7290106662230,false,"בפלות טוב טעם בד""צ 445גר","שטראוס גרופ בע""\מ",,"בפלות טוב טעם בד""צ",גרמים,445.00,100 גרם,false,,17.00,0.0382,true,1,135698
7290106662377,false,רבע לשבע בוטנים 120 גרם,שטראוס,,רבע לשבע בוטנים 120ג,גרמים,120.00,100 גרם,false,,12.90,0.1075,true,1,111819
7290106662384,false,בונ.איחולים מתוקים 42גרם,תופינית,,עלית אחולים מתוקים מ,יחידה,0.00,יחידה,false,,9.90,0.0000,true,1,160687
7290106663565,false,אבקה חלבית מלבין קפה עלית 300ג',STRAUSS-ISRAEL,,עלית חלבית חלבי 300,גרמים,300.00,100 גרם,false,,18.90,0.0630,true,1,108024
7290106664555,false,"רוטב שמנת עם עגבניות 9% שומן 250 מ""ל יוטבתה",שטראוס גרופ,,יטבתה רוטב שמנת 250,גרמים,250.00,100 גרם,false,,10.50,0.0420,true,1,118263
7290106664562,false,רוטב שמנת עם פטריות 9% שומן 258 ג' יוטבתה,שטראוס גרופ,,יטבתה רוטב שמנת עם פ,גרמים,250.00,100 גרם,false,,10.50,0.0420,true,1,110613
7290106666788,false,עלית - סוכריות נוסטלגיה דבש ממולאות 80 גרם,שטראוס גרופ,,עלית סוכריות נוסטלגי,יחידה,0.00,יחידה,false,,4.90,0.0000,true,1,169785
7290106667266,false,"דוריטוס חמוץ חריף 185 גרם ""עלית""","שטראוס פריטו ליי בע""\מ )",,דוריטוס חמוץ חריף 18,גרמים,185.00,100 גרם,false,,7.90,0.0427,true,1,122832
7290106668133,false,שוקולית בשקית 400 גר,,,שוקולית 400 גרם,גרמים,400.00,100 גרם,false,,9.90,0.0248,true,1,169786
7290106669406,false,רבע לשבע מוס אגוזים100ג,"הגביע מוצרי וופלים בע""\מ",,מוס רבע לשבע אגוזים,יחידה,0.00,יחידה,false,,0.00,0.0000,true,1,188492
7290106714151,false,חוברת לימוד לומדים ונהנים מספרים,,,חוברת לימוד מדים ונה,יחידה,0.00,יחידה,false,,0.00,0.0000,true,1,187723
7290106715417,false,חוברת 16 עמ לשבור את,,,חוברת 16 עמ לשבור את,יחידה,0.00,יחידה,false,,0.00,0.0000,true,1,188355
7290106720626,false,צ'יטוס קראנצ' בטעם גבינה - חלבי,"שטראוס פריטו ליי בע""\מ )",,ציטוס בטעם גבינה 80,יחידה,0.00,יחידה,false,,4.90,0.0000,true,1,144666
7290106721807,false,אחלה סלט חציל פיקנטי מהדרין 400ג,מיוצר עי קונדיטוריית,,אחלה חציל פיקנטי 400,גרמים,400.00,100 גרם,false,,10.90,0.0273,true,1,123064
7290106721906,false,מסטיק בזוקה צ'יקלט 66גרם,שטראוס גרופ,,בזוקה צנצנת צ'יקלט 6,יחידה,0.00,יחידה,false,,9.80,0.0000,true,1,112642
7290106721920,false,צנצנת מסטיק מאסט בטעם ספירמינט עדין 66 ג' עלית,"שטראוס גרופ בע""\מ.",,מאסט צנצנת ספירמינט,יחידה,0.00,יחידה,false,,9.90,0.0000,true,1,112643
7290106725423,false,רבע לשבע חלבה 120 גרם,היינץ צפון אמריקה מק,,רבע לשבע חלבה 120 גר,גרמים,120.00,100 גרם,false,,12.90,0.1075,true,1,113911
7290106725867,false,"סירופ מייפל טבעי 189 מ""ל ""יד מרדכי""",קוסלסי פוד,,יד מרדכי סירופ מייפל,מיליליטרים,189.00,"100 מ""ל",false,,34.90,18.4656,true,1,118722
7290106725874,false,"סירופ מייפל טבעי 236 מ""ל ""יד מרדכי""",יד מרדכי,,יד מרדכי סירופ מייפל,מיליליטרים,236.00,"100 מ""ל",false,,40.80,17.2881,true,1,118723
7290106725966,false,מטבעות שוקולד חלבי עלית מגדים 42 גרם,STRAUSS-ISRAEL,,עלית מטבעות שוקולד ח,יחידה,0.00,יחידה,false,,4.90,0.0000,true,1,117237
7290106726161,false,דנונה פרו אפרסק2.4% 150ג,"שטראוס בריאות בע""מ",,דנונה פרו אפרסק 150,מיליליטרים,150.00,"100 מ""ל",false,,4.60,3.0667,true,1,118702
7290106726178,false,יוגורט PRO עם פירות יער 2.4% 10 גרם חלבון בגביע,מיוצר עי קונדיטוריית,,דנונה פרו פירות יער,מיליליטרים,150.00,"100 מ""ל",false,,4.60,3.0667,true,1,118703
7290106727984,false,"כיף כף פצפצים בגביע 135 גרם ""עלית""",שולן צ'\יקולטה גידה סאן.,,גביע פצפצים 135 גרם,גרמים,135.00,100 גרם,false,,10.90,0.0807,true,1,137531
7290106729148,false,רבע לשבע וניל עוגיות,,,רבע לשבע וניל עוגיות,גרמים,120.00,100 גרם,false,,0.00,0.0000,true,1,188743
7290106729421,false,עוגת בראוניז טורטית380ג,"שטראוס גרופ בע""\מ",,עוגת בראוניס טורטית,גרמים,380.00,100 גרם,false,,16.90,0.0445,true,1,146632
7290106729650,false,יוגורט עם תות מאגדת 8 יח' * 150ג' דנונה,"שטראוס גרופ בע""\מ",,דנונה מארז תות 3% ש,יחידה,8.00,יחידה,false,,23.90,2.9875,true,1,122881
7290107280020,false,שלישיית מטליות לחות לניקוי כללי סנו סושי 50 יחידות,טרופיקל דגיל- תעשיות,,סנו סושי מגבונים לני,יחידה,150.00,יחידה,false,,16.90,0.1127,true,1,91957
7290107280563,false,ג'ל אוקסיג'ן בייבי סנו 3 ליטר,"איי, בי, אינבוו",,סנו ג'ל אוקסיג'ן ביי,מיליליטרים,3000.00,"100 מ""ל",false,,26.90,0.8967,true,1,106276
7290107280587,false,שלישיית סנובון מוצק דאבל אקשן פריחה ורודה 55 גרם,סנו מפעלי ברונו בעמ,,סנובון דאבל אקשן בני,גרמים,165.00,100 גרם,false,,19.90,0.1206,true,1,134774
7290107280594,false,שלישיית סנובון מוצק דאבל אקשן לבנדר 55 גרם,סנו מפעלי ברונוס בעמ,,סנובון דאבל אקשן בני,גרמים,165.00,100 גרם,false,,19.90,0.1206,true,1,134775
7290107280747,false,נוזל לניקוי כלים סנו ספארק Spark קלאסי,סנו כימיקלים,,סנו ספארק נוזל לניקו,יחידה,700.00,יחידה,false,,7.90,0.0113,true,1,108622
7290107280822,false,סנו ריצפז פרש הום 2 ליטר בניחוח ספא,"סנו מפעלי ברונוס בע""\מ",,ריצפז פרש הום ספא 2,ליטרים,2.00,ליטר,false,,19.90,9.9500,true,1,111019
7290107303774,false,משאית עפר,,,משאית עפר,יחידה,0.00,יחידה,false,,0.00,0.0000,true,1,193091
7290107304252,false,כלי מטבח השף הקטן,,,כלי מטבח השף הקטן,יחידה,0.00,יחידה,false,,0.00,0.0000,true,1,189610
7290107306706,false,ארגז כלי עבודה 15 כל,,,ארגז כלי עבודה 15 כל,יחידה,0.00,יחידה,false,,0.00,0.0000,true,1,193269
7290107463072,false,משקל מטבח דיגיטלי זכ,,,לקיטשן משקל מטבח זכו,יחידה,0.00,יחידה,false,,0.00,0.0000,true,1,189741
7290107463621,false,קומקום חשמלי נרוסטה קוברה 1.8 ליטר,,,קומקום חשמלי,יחידה,0.00,יחידה,false,,0.00,0.0000,true,1,189000
7290107645591,false,אבקת מרק בטעם עוף 100% רכיבים טבעיים 400 גרם,יוניליוור ישראל מזון בע\,,קנור מרק טעם עוף רכי,גרמים,400.00,100 גרם,false,,17.90,0.0447,true,1,154528
7290107646062,false,אבקת מרק בצל רכיבים טבעיים קנור 400 ג',יוניליוור ישראל מזון בע\,,קנור מרק בצל רכיבים,גרמים,400.00,100 גרם,false,,21.90,0.0547,true,1,154530
7290107646147,false,"חטיף שוגי קורנפלקס תלמה 156 גרם מארז 6 יחידות בד""צ",יוניליוור ישראל מזון בעמ,,חטיף שוגי קורנפלקס ש,יחידה,0.00,יחידה,false,,12.90,0.0000,true,1,154521
7290107646321,false,נמס בכוס ירק.כתומים24*2ג,יוניליוור,,מרק קנור נמס ירקות כ,יחידה,0.00,יחידה,false,,6.50,0.0000,true,1,148981
7290107646376,false,סיף מטליות לחות לניקוי כללי בניחוח לימון,עלבד משואות יצחק בעמ,,סיף מטליות לחות לניק,יחידה,0.00,יחידה,false,,9.90,0.0000,true,1,147234
7290107646383,false,סיף מטליות לחות לניקוי רצפות בניחוח לימו,עלבד משואות יצחק בעמ,,סיף מטליות לחות לניק,יחידה,0.00,יחידה,false,,11.90,0.0000,true,1,147235
7290107646826,false,"חטיף שוגי שוקו תלמה 156 גרם מארז 6 יחידות בד""צ",יוניליוור ישראל מזון בעמ,,חטיף שוגי טעם שוקו ש,יחידה,0.00,יחידה,false,,12.90,0.0000,true,1,154523
7290107646918,false,רוטב עגבניות ופלפלים לשקשוקה 415 ג' קנור,קונסורזיו קאסאלאסקו דל פ,,קנור רוטב שקשוקה 41,גרמים,415.00,100 גרם,false,,14.90,0.0359,true,1,148987
7290107646925,false,ברנפלקס אקסטרה פייבר תלמה 410 גרם,יוניליוור ישראל מזון בע\,,דגנים פריכים מסובין,גרמים,500.00,100 גרם,false,,23.90,0.0478,true,1,148685
7290107647359,false,דומסטוס סבון אסלה 5 הפועלות בניחות אוקיינוס 3 יח' * 55 ג',יוניליוור ניקיון,,דומסטוס שלישיית סבון,יחידה,0.00,יחידה,false,,19.90,0.0000,true,1,152354
7290107647649,false,"סולרו פרוט בוסט יחידתי קוקוס אננס 89מ""ל","גלידת שטראוס בע""\מ",,סולרו קוקוס אננס,יחידה,0.00,יחידה,false,,6.90,0.0000,true,1,173762
7290107647656,false,סולרו פרוט בוסט - קוקוס אננס (פרווה),"מיוצר ע""\י גלידת שטראוס",,סולרו מיני מאגדת קוק,גרמים,290.00,100 גרם,false,,27.90,0.0962,true,1,173737
7290107647724,false,קוקומן חום לבן בדצ 7,אתר שפע,,קוקומן 750 גרם,גרמים,750.00,100 גרם,false,,30.00,0.0400,true,1,149037
7290107647823,false,"ברנפלקס פתיתי חיטה מלאה וסובין 500 גרם ""תלמה""",יוניליוור ישראל מזון בעמ,,"ברנפלקס בד""צ 500 גרם",גרמים,500.00,100 גרם,false,,23.00,0.0460,true,1,149138
7290107647854,false,"שוגי מופחת סוכר תלמה 500 ג' בד""צ",יוניליוור ישראל מזון בעמ,,שוגי 20% פחות סוכר 5,גרמים,500.00,100 גרם,false,,22.00,0.0440,true,1,149040
7290107648745,false,רוטב לעוף שום+ע.תיבול310,יוניליוור ישראל מזון בע\,,רוטב לעוף שום ועשבי,גרמים,310.00,100 גרם,false,,14.00,0.0452,true,1,157648
7290107648943,false,"ברנפלקס קרנצ'ים מייפל תלמה 375 גרם בד""צ","יוניליוור שפע ישראל בע""\",,ברנפלקס קרנצים מייפל,גרמים,375.00,100 גרם,false,,23.00,0.0613,true,1,155220
7290107648974,false,קנור רוטב לפסטה עגבניות עם בזיליקום,קונסורזיו קאסאלאסקו דל פ,,קנור רוטב לפסטה בזיל,גרמים,415.00,100 גרם,false,,14.90,0.0359,true,1,163559
7290107648981,false,רוטב עגבניות קלאסי פומודורו 415 ג' קנור,מיוצר עי קונסורזייו,,קנור רוטב פומודורו ל,גרמים,415.00,100 גרם,false,,14.90,0.0359,true,1,154007
7290107649056,false,שפופרת פינוק שמפו לש,יוניליוור ישראל טיפו,,פינוק שמפו לשיער רגי,מיליליטרים,100.00,"100 מ""ל",false,,6.90,6.9000,true,1,154249
7290107649063,false,שפופרת פינוק מרכך לש,יוניליוור ישראל טיפו,,פינוק מרכך לשיער רגי,מיליליטרים,100.00,"100 מ""ל",false,,6.90,6.9000,true,1,154250
7290107649070,false,תחליב רחצה שפרפרת פי,יוניליוור ישראל טיפו,,פינוק תחליב רחצה קלא,מיליליטרים,100.00,"100 מ""ל",false,,6.90,6.9000,true,1,154251
7290107649100,false,בייגלה טבעות שומשום 300 גרם.,בייגל את בייגל מזון 198),,בייגל בייגלה טבעות ש,גרמים,300.00,100 גרם,false,,12.00,0.0400,true,1,173732
7290107649605,false,קליק אקסטרא לארג שוקולד חלב עם פתיתי תירס ודגנים,יוניליוור ישראל מזון בעמ,,קליק טבלה קורנפלקס ח,יחידה,0.00,יחידה,false,,7.00,0.0000,true,1,155130
7290107649681,false,טילון פסק זמן - נוגט קראנץ',"מיוצר ע""\י גלידת שטראוס",,טילון פסק זמן נוגט ק,יחידה,0.00,יחידה,false,,7.90,0.0000,true,1,178305
7290107812054,false,חוברת צביעה לשבור את,,,חוברת צביעה הנסיכה,יחידה,0.00,יחידה,false,,0.00,0.0000,true,1,187726
7290107812122,false,חוברת צביעה מיני מאו,,,חוברת צביעה מיני מאו,יחידה,0.00,יחידה,false,,0.00,0.0000,true,1,187727
7290107812542,false,חוברת צביעה לשבור את,,,חוברת צביעה לשבור את,יחידה,0.00,יחידה,false,,0.00,0.0000,true,1,187728
7290107814256,false,חוברת צביעה פו הדב,,,חוברת צביעה פו הדב,יחידה,0.00,יחידה,false,,0.00,0.0000,true,1,187729
7290107814737,false,חוברת צביעה סמי הכבא,,,חוברת צביעה סמי הכבא,יחידה,0.00,יחידה,false,,0.00,0.0000,true,1,187730
7290107815635,false,חוברת לימוד - מתחילי,,,חוברת לימוד - מתחילי,יחידה,0.00,יחידה,false,,0.00,0.0000,true,1,187731
7290107815659,false,חוברת לימוד - מתחילי,,,חוברת לימוד - מתחילי,יחידה,0.00,יחידה,false,,0.00,0.0000,true,1,189745
7290107819794,false,חוברת צביעה,,,חוברת צביעה,יחידה,0.00,יחידה,false,,0.00,0.0000,true,1,187736
7290107871532,false,מאגדת קרחוני מלון דובדבן נסטלה 10 יחידות,גלידות נסטלה )נגה גלידות,,מאגדת לה פרוטה קרחונ,יחידה,0.00,יחידה,false,,17.90,0.0000,true,1,185983
7290107871990,false,"פסטה צינורות 500 גרם ""אסם""",פסטה זארה,,פסטה אסם צינורות 500,גרמים,500.00,100 גרם,false,,6.00,0.0120,true,1,102462
7290107874427,false,אוסם - מיני פריכונים זעתר 25 גרם,"פרח תעשיות מזון בע""מ.",,פריכונים מיני זעתר 2,יחידה,0.00,יחידה,false,,3.90,0.0000,true,1,110441
7290107875820,false,קרוטונים אפויים בתיבול ביתי אוסם 180 ג',עינת תעשיות מזון,,אסם קרוטונים אפויים,גרמים,180.00,100 גרם,false,,11.90,0.0661,true,1,110806
7290107877619,false,מארז במבה במילוי קרם נוגט 5*30ג' אסם,"אסם השקעות בע""\מ",,במבה במילוי קרם נוגט,יחידה,0.00,יחידה,false,,13.90,0.0000,true,1,143157
7290107907927,false,בקבוק שקוף לרוטב + פ,,,בקבוק שקוף לרוטב + פ,יחידה,0.00,יחידה,false,,0.00,0.0000,true,1,187163
7290107907941,false,בקבוק שקוף לרוטב + פ,,,בקבוק שקוף לרוטב + פ,יחידה,0.00,יחידה,false,,0.00,0.0000,true,1,187167
7290107907958,false,בקבוק שקוף לרוטב + פ,,,בקבוק שקוף לרוטב + פ,יחידה,0.00,יחידה,false,,0.00,0.0000,true,1,187168
7290107930321,false,קונפיטורת יד מרדכי דובדובן 340 גרם,"בית אל מזון בע""מ",,יד מרדכי קונפיטורה ד,גרמים,340.00,100 גרם,false,,16.00,0.0471,true,1,117280
7290107931397,false,כיף כף פצפוצים במילוי שוקולד 40 גרם,שולן צ'\יקולטה גידה סאן.,,כיף כף פצפצים במילוי,יחידה,0.00,יחידה,false,,4.90,0.0000,true,1,134485
7290107931465,false,אנרגי פריכיות תחתית שוקולד לבן 80 גרם,"שטראוס גרופ בע""\מ",,אנרג'י פריכיות שוקול,יחידה,0.00,יחידה,false,,8.90,0.0000,true,1,120572
7290107932080,false,חלב מועשר יוטבתה בבקבוק 3% 1 ליטר,מחלבת יטבתה,,חלב יטבתה בבקבוק3% מ,ליטרים,1.00,ליטר,false,,7.50,7.5000,true,1,118694
7290107932134,false,חלב מועשר יוטבתה בבקבוק 1% 1 ליטר,מחלבת יטבתה,,חלב יטבתה בבקבוק1% מ,ליטרים,1.00,ליטר,false,,7.50,7.5000,true,1,118695
7290107933315,false,חלב דל לקטוז בקבוק2% 1ל,מחלבת יטבתה,,חלב יטבתה בבקבוק דל,ליטרים,1.00,ליטר,false,,7.50,7.5000,true,1,118698
7290107933650,false,ארוחה קטנה בבקבוק תות250,מחלבת יטבתה,,משקה חלב עם דגנים ות,גרמים,250.00,100 גרם,false,,4.70,0.0188,true,1,122897
7290107934473,false,שמינייה יוגורט לבן אקטיביה 1.5% דנונה 150 גרם,"שטראוס גרופ בע""\מ",,מארז אקטיביה שמינייה,יחידה,0.00,יחידה,false,,21.90,0.0000,true,1,117512
7290107937498,false,חרדל דיז'ון+גרגירים350ג,אי.די.סי,,חרדל דיזון עם גרגירי,גרמים,350.00,100 גרם,false,,11.90,0.0340,true,1,135706
7290107937542,false,משקה יוגורט אקטיביה עם תות 1.2% שומן,מיוצר עי קונדיטוריית,,אקטיביה משקה בטעם תו,יחידה,250.00,יחידה,false,,4.90,0.0196,true,1,135076
7290107938396,false,שמיניית אקטימל תות דיסני בנים 108 גרם,מיוצר עי קונדיטוריית,,אקטימל 8 תות דיסני V,יחידה,8.00,יחידה,false,,19.90,2.4875,true,1,136485
7290107939003,false,"עד חצות לבן אגוזים כשל""פ","שטראוס גרופ בע""\מ",,עד חוצות לבן אגוזים,גרמים,190.00,100 גרם,false,,14.90,0.0784,true,1,141793
7290107939959,false,דנ.פרו טריפל זירו תות150,"שטראוס גרופ בע""\מ",,דנונה פרו טרפל תות 0,מיליליטרים,150.00,"100 מ""ל",false,,4.60,3.0667,true,1,140974
7290107940030,false,"חומוס אחלה מופחת שומן 650 גרם ""אחלה""",שטראוס גרופ,,חומוס אחלה 650 גרם,גרמים,650.00,100 גרם,false,,9.90,0.0152,true,1,140599
7290107942355,false,תפוצ'יפס מקלות בטעם טבעי 60 גרם,"שטראוס פריטו ליי בע""",,תפוצ'יפס מקלות בטעם,יחידה,0.00,יחידה,false,,3.90,0.0000,true,1,140563
7290107942447,false,ממרח פסק זמן מגדים 350גר,"שטראוס גרופ בע""\מ",,ממרח פסק זמן 350 גרם,גרמים,350.00,100 גרם,false,,13.90,0.0397,true,1,145661
7290107942454,false,ממרח פסק זמן מגדים700ג,"שטראוס גרופ בע""\מ",,ממרח פסק זמן 700 גרם,גרמים,700.00,100 גרם,false,,24.90,0.0356,true,1,145662
7290107943192,false,"שמנת חמוצה מהערבה 27% שומן 200 מ""ל יטבתה",מחלבת יטבתה,,שמנת חמוצה מהערבה 39,גרמים,390.00,100 גרם,false,,3.90,0.0100,true,1,150754
7290107943369,false,קוואקר שיבולת שועל ללא גלוטן 511 גרם,היידי שוקולד בירונטי,,קוואקר שיבולת שועל ל,גרמים,511.00,100 גרם,false,,19.90,0.0389,true,1,148776
7290107944236,false,עוגת רולדה קרם קפה נ,Unknown,,עלית רולדה קפה נמס 3,גרמים,350.00,100 גרם,false,,16.00,0.0457,true,1,145660
7290107944243,false,אפיפיות בטעם שוקולד 200 גרם כשר לפסח,"שטראוס גרופ בע""\מ",,אפיפיות בטעם שוקולד,גרמים,200.00,100 גרם,false,,7.90,0.0395,true,1,149187
7290107944366,false,גלילי וופל רבע לשבע,"הגביע מוצרי וופלים בע""\מ",,רבע לשבע לבן 120 גרם,גרמים,120.00,100 גרם,false,,12.90,0.1075,true,1,143789
7290107944380,false,אגוזי 45 גרם כשר לפסח,"שטראוס גרופ בע""\מ",,"אגוזי 45 גרם כשל""פ",יחידה,0.00,יחידה,false,,4.00,0.0000,true,1,169800
7290107944472,false,סימפוניה גבינה במרקם שמנת 5% שום שמיר,"שטראוס בריאות בע""\מ",,סימפוניה שום שמיר 5%,גרמים,200.00,100 גרם,false,,10.50,0.0525,true,1,140980
7290107945165,false,קונפיטורת משמש יד מרדכי 340 גרם,אף.סי תבליני בגליל ב,,יד מרדכי קונפיטורה מ,גרמים,340.00,100 גרם,false,,16.00,0.0471,true,1,144023
7290107947473,false,אנרגי תחתית פסק זמן24*6ג,"שטראוס גרופ בע""\מ",,מאגדת אנרגי תחתית פס,גרמים,198.00,100 גרם,false,,13.90,0.0702,true,1,156348
7290107947480,false,אנרגי חטיפי דגנים מצופה אגוזים ושוקולד 6,"שטראוס גרופ בע""\מ",,מאגדת אנרגי מצופה שו,גרמים,168.00,100 גרם,false,,13.90,0.0827,true,1,156349
7290107947992,false,שוקולד פרה אקסטרא חל,"שטראוס גרופ בע""\מ",,שוקולד אקסטרה חלב 10,גרמים,100.00,100 גרם,false,,6.90,0.0690,true,1,157086
7290107948029,false,שוק.אקסטרה צימוק+אגוז100,"שטראוס גרופ בע""\מ",,שוקולד אקסטרה צימוקי,גרמים,100.00,100 גרם,false,,6.90,0.0690,true,1,157088
7290107948265,false,עדשים מיני מיני חלבי170ג,"שטראוס גרופ בע""\מ",,עלית עדשים שוקולד מי,גרמים,170.00,100 גרם,false,,15.90,0.0935,true,1,157094
7290107950183,false,מעדן דיאט בטעם וניל 130ג,"שטראוס בריאות בע""מ",,מעדן שטראוס דיאט וני,גרמים,130.00,100 גרם,false,,3.50,0.0269,true,1,139586
7290107950190,false,מעדן חלב דל קלוריות בטעם שוקולד מריר 0.5% שומן,מיוצר עי קונדיטוריית,,מעדן שטראוס דיאט שוק,גרמים,130.00,100 גרם,false,,3.50,0.0269,true,1,139591
7290107950206,false,מעדן דיאט שוקולד שטראוס 130 גרם,מיוצר עי קונדיטוריית,,מעדן שטראוס דיאט שוק,גרמים,130.00,100 גרם,false,,3.50,0.0269,true,1,139587
7290107951111,false,בפלות ופלים ארוכים בטעם לימון,"א.ג. גילרו בע""\מ",,עלית בפלות ארוכות לי,גרמים,200.00,100 גרם,false,,4.90,0.0245,true,1,140991
7290107951630,false,שוקולד פרה בלונדי קוקוס קלוי,"שטראוס גרופ בע""\מ",,עלית בלונדי שבבי קוק,גרמים,100.00,100 גרם,false,,7.90,0.0790,true,1,149141
7290107951685,false,מסטיק מאסט באבלמינט 66 ג,STRAUSS-ISRAEL,,מאסט באבלמינט מגדים,יחידה,0.00,יחידה,false,,9.90,0.0000,true,1,142374
7290107951715,false,צנצנת מסטיק מאסט קוביות בטעם ענבים 58 ג' עלית,אסקום קונפקשיין,,צנצנת מסטיק קוביות ע,יחידה,0.00,יחידה,false,,9.90,0.0000,true,1,143790
7290107953559,false,"מארז קפה טורקי עלית לדרך כשל""פ 168 גרם",הנסיך- מפעל לייצור ט,,עלית מארז טורקי לדרך,גרמים,168.00,100 גרם,false,,20.90,0.1244,true,1,142800
7290107954457,false,בראוניז פסק זמן 380 גרם,"שטראוס גרופ בע""\מ",,בראוניס פסק זמן 380,גרמים,380.00,100 גרם,false,,16.90,0.0445,true,1,147390
7290107954976,false,משקה חלב PRO עם קפה 1.5% 25 גרם חלבון בבקבוק,מחלבת יטבתה,,משקה יטבתה פרו קפה 3,מיליליטרים,350.00,"100 מ""ל",false,,6.90,1.9714,true,1,148235
7290107956543,false,דבש טהור מפרחי בר 900 ג' יד מרדכי,STRAUSS-ISRAEL,,דבש טהור פרחי בר 900,גרמים,900.00,100 גרם,false,,38.90,0.0432,true,1,152499
7290107956833,false,עוגיות שוקוצ'יפס חלב180ג,"שטראוס גרופ בע""\מ",,עוגיות שוקו ציפס תחת,גרמים,180.00,100 גרם,false,,9.90,0.0550,true,1,149193
7290107956925,false,קפסולות 13 אוגנדה למכונת נספרסו עלית 10יח',שטראוס קפה בי.וי.,,קפסולות קפה אוגנדה 1,יחידה,0.00,יחידה,false,,18.00,0.0000,true,1,162625
7290107956932,false,קפסולות אספרסו אידונזיה למכונות 50 גר,שטראוס קפה בי.וי.,,עלית קפסולות קפה אינ,גרמים,100.00,100 גרם,false,,18.00,0.1800,true,1,150602
7290107957113,false,סימפוניה זית פיקנטי200גר,"שטראוס בריאות בע""\מ",,סימפוניה זיתים פיקנט,גרמים,200.00,100 גרם,false,,10.50,0.0525,true,1,162629
7290107957991,false,מילקי CAKE מיניס קרם חלב בציפוי שוקולד חלב שקית 16X9ג',בובארד איטליה אס.פי.איי,,מילקי קייק 144 גרם m,גרמים,144.00,100 גרם,false,,14.90,0.1035,true,1,159978
7290107958035,false,יוגורט במתיקות מעודנת 2% ללא תוספת סוכר- מארז 8 יח,"שטראוס בריאות בע""\מ",,מארז שמינייה מתיקות,יחידה,0.00,יחידה,false,,18.40,0.0000,true,1,151145
7290107958530,false,מוס רבע לשבע שוקולד,הגביע מוצרי וופלים ב,,מוס רבע לשבע שוקולד,יחידה,0.00,יחידה,false,,0.00,0.0000,true,1,188863
7290107958653,false,חומוס 9% שומן 400 גרם,"שטראוס גרופ בע""\מ",,אחלה חומוס 9% 400 גר,גרמים,400.00,100 גרם,false,,7.90,0.0198,true,1,151831
7290107959070,false,חטיף טעמי בלונדי 40,,,טעמי בלונדי 40 גרם,יחידה,0.00,יחידה,false,,0.00,0.0000,true,1,187625
7290107959315,false,מאגדת אנרגי דגנים טר,,,מאגדת אנרגי דגנים טר,גרמים,168.00,100 גרם,false,,13.90,0.0827,true,1,162622
7290107962902,false,מארז פיצה 17 חלקים ב,,,מארז פיצה 17 חלקים ב,יחידה,0.00,יחידה,false,,0.00,0.0000,true,1,189817
7290107964814,false,שש בש עץ 40 *40 חייל,,,שש בש עץ 40 *40 חייל,יחידה,0.00,יחידה,false,,0.00,0.0000,true,1,189614
7290107970129,false,"ליידי ספיד סטיק - דאודורנט רול און לאישה פרש אסנס סחלב שחור 50 מ""ל",הנסיך- מפעל לייצור ט,,ליידי ספיד סטיק רולא,מיליליטרים,50.00,"100 מ""ל",false,,15.90,31.8000,true,1,118056
7290107971522,false,חטיף בוטנים ושקדים עם שוקולד מריר ופיסטוק,אמקו סאם מילס ספול.,,פריי חטיף בוטנים ושק,גרמים,140.00,100 גרם,false,,17.90,0.1279,true,1,135003
7290107971539,false,פרי חטיף בוטנים וקשיו עם שוקולד מריר 125 גרם,אמקו סאם מילס ספול.,,פריי חטיף בוטנים וקש,גרמים,140.00,100 גרם,false,,17.90,0.1279,true,1,135004
7290107971744,false,"קולגייט - מי פה טוטל ירוק ספרמינט 500 מ""ל",יבואן ומשווק: ש. שסט,,קולגייט מי פה טוטל י,מיליליטרים,500.00,"100 מ""ל",false,,34.90,6.9800,true,1,134700
7290107973311,false,קולגייט מברשת שיניים 360 פחם זהב זוג,הנסיך- מפעל לייצור ט,,קולגייט מברשת שיניים,יחידה,2.00,יחידה,false,,31.90,15.9500,true,1,134702
7290107973793,false,שימורי עגבניות שלמות 400 ג' מאסטר שף,פראנו אריקו ופיגלי ס,,מאסטר שף עגבניות שלמ,גרמים,400.00,100 גרם,false,,4.90,0.0123,true,1,137694
7290107973809,false,שימורי עגבניות קוביות 400 ג' מאסטר שף,פראנו אריקו ופיגלי ס.פ.א,,מאסטר שף קוביות עגבנ,גרמים,400.00,100 גרם,false,,4.90,0.0123,true,1,137695
7290107973861,false,מאסטר שף עגבניות קצוצות דק שלישיה 400ג*3 כשלפ,קונסרזיו קאסאלאסקו ד,,מאסטר שף עגבניות קצו,גרמים,1200.00,100 גרם,false,,16.90,0.0141,true,1,137696
7290107974066,false,"עלי טורטיה קמח מלא 20ס""מ 8יח' מאסטר שף 320ג'",אלקאטי קורביישיסי גי,,מאסטר שף עלי טורטיה,גרמים,320.00,100 גרם,false,,10.90,0.0341,true,1,135008
7290107974073,false,מנה עלי טורטיה קמח לבן מ.שף 20 סמ 320 גר,אלקאטי קורביישיסי גי,,מאסטר שף עלי טורטיה,גרמים,320.00,100 גרם,false,,10.90,0.0341,true,1,135009
7290107974806,false,"אורז בסמטי 1 ק""ג מאסטר שף",דווה סינג שיהם סינג,,"מנה אורז בסמטי 1 ק""ג",קילוגרמים,1.00,"ק""ג",false,,11.90,11.9000,true,1,142965
7290107974820,false,ממרח בטעם ספייסי מיונז מאסטר שף 250 גרם,רמיה סי.וי.הולנד,,מנה מאסטר שף ממרח מי,גרמים,252.00,100 גרם,false,,7.90,0.0313,true,1,139571
7290107974837,false,מנה מאסטר שף ממרח מתובל שום 246 גר,רמיה סי.וי.הולנד,,מנה מאסטר שף ממרח מי,גרמים,253.00,100 גרם,false,,7.90,0.0312,true,1,139572
7290107974844,false,פריכיות אורז כוסמת 90גרם,מנה,,מנה פריכיות אורז בטע,יחידה,0.00,יחידה,false,,8.90,0.0000,true,1,136630
7290107975094,false,שימורי גרגירי חומוס400ג,פראנו אנריקו ופיגלי,,מנה שימורי גרגירי חו,גרמים,400.00,100 גרם,false,,7.90,0.0198,true,1,139573
7290107975292,false,ליידי ספיד סטיק - דאודורנט סטיק נערות ורוד 65 גרם,ליידי ספיד סטיק Lady Speed Stick,,ליידי ספיד סטיק נערו,יחידה,0.00,יחידה,false,,19.90,0.0000,true,1,148483
7290107975360,false,ליידי ספיד סטיק פיור פרשנס ג'ל נשים 65ג',ליידי ספיד סטיק Lady Speed Stick,,ליידי ספיד סטיק פיור,יחידה,0.00,יחידה,false,,24.90,0.0000,true,1,146999
7290107975544,false,"קולגייט משחת שיניים סמיילס ברבי לגילאי 6 50מ""ל",קולגייט- פלמוליב,,קולגייט סמיילס ברבי,יחידה,0.00,יחידה,false,,12.90,0.0000,true,1,145747
7290107976725,false,"רוטב סויה דל נתרן 620מ""ל",מסוונג רונרוג בעמ,,מנה רוטב סויה דל נתר,גרמים,620.00,100 גרם,false,,16.90,0.0273,true,1,145127
7290107976855,false,סב.נוזלי לומינוס אבק500מ,קולגייט-פלמוליב,,פלמוליב סבון לומינוס,מיליליטרים,500.00,"100 מ""ל",false,,15.90,3.1800,true,1,145071
7290107976862,false,פלמוליב ס.נוזלי 500 מקדמיה לומינוס,הנסיך- מפעל לייצור ט,,פלמוליב סבון לומינוס,מיליליטרים,500.00,"100 מ""ל",false,,15.90,3.1800,true,1,145072
7290107977456,false,"פלמוליב - ג'ל רחצה ושמפו ספורט לגבר 750 מ""ל",קולגייט פלמוליב,,פלמוליב לגבר גל רחצה,מיליליטרים,750.00,"100 מ""ל",false,,15.90,2.1200,true,1,180564
7290107977753,false,"משחת שיניים פרודונט אקספרס 75 מ""ל ""מרידול""",קולגייט פלמוליב,,מרידול משחת שיניים פ,יחידה,0.00,יחידה,false,,24.90,0.0000,true,1,150765
7290107978453,false,חטיף בטעם גריל קראנצ,קראנצ'וס,,קראנצוס גריל 70 גרם,יחידה,0.00,יחידה,false,,3.90,0.0000,true,1,150717
7290107978460,false,חטיף חיטה בטעם פלאפל,קראנצ'וס,,קראנצוס פלאפל 70 גרם,יחידה,0.00,יחידה,false,,3.90,0.0000,true,1,150718
7290107978637,false,"מרידול משחת שיניים 75 מ""ל כשל""פ-מרכז",קולגייט פלמוליב,,מרידול משחת שיניים 7,יחידה,0.00,יחידה,false,,12.90,0.0000,true,1,145690
7290108034660,false,"כובע קריסמס 40 ס""מ 1",,,"כובע קריסמס 40 ס""מ 1",יחידה,0.00,יחידה,false,,2.90,0.0000,true,1,181395
7290108070316,false,שקית 50בלונים פסטל מעורב,,,שקית בלונים פסטל מעו,יחידה,0.00,יחידה,false,,13.00,0.0000,true,1,180405
7290108074321,false,קופסת פופקורן וחטיפי,,,קופסת פופקורן וחטיפי,יחידה,0.00,יחידה,false,,0.00,0.0000,true,1,188794
7290108079036,false,בלון מיילר 34 - כסף ספרה 5,,,בלון מיילר 34- ספרה,יחידה,0.00,יחידה,false,,0.00,0.0000,true,1,188335
7290108079098,false,בלון מיילר 34- ספרה,,,בלון מיילר 34- ספרה,יחידה,0.00,יחידה,false,,0.00,0.0000,true,1,189734
7290108079357,false,מארז בלונים על מקל לניפוח עצמי HAPPY BIRTHDAY - כסף,,,סט בלונים 14 לניפוח,יחידה,0.00,יחידה,false,,29.90,0.0000,true,1,180407
7290108200201,false,וניש מסיר כתמים ורוד 1350 גר,רקיט בנקיזר,,קליה וניש גולד אבקה,קילוגרמים,1.35,"ק""ג",false,,29.90,22.1481,true,1,112455
7290108200218,false,גולד אבקה לכב.לבנה 1.35ק,רקיט בנקיזר,,קליה וניש  גולד אבקה,קילוגרמים,1.35,"ק""ג",false,,29.90,22.1481,true,1,112456
7290108200225,false,אבקת כביסה ורוד קליה אוקסי גולד 470 ג' וניש,רקיט בנקיזר,,קליה וניש  גולד אבקה,גרמים,470.00,100 גרם,false,,20.00,0.0426,true,1,112457
7290108200232,false,וניש מסיר כתמים ומלבין כביסה 470 גרם,רקיט בנקיזר,,קליה וניש  גולד אבקה,גרמים,470.00,100 גרם,false,,20.00,0.0426,true,1,112464
7290108201291,false,"אירוויק מקלות ריחניים היום הראשון של האביב 30 מ""ל",רקיט בנקיזר,,אירוויק מקלות ניחוח,יחידה,0.00,יחידה,false,,19.90,0.0000,true,1,143190
7290108201802,false,"ספריי דטול לחיטוי בניחוח כביסה 400 מ""ל",רקיט בנקיזר,,דטול ספריי חיטוי בני,מיליליטרים,400.00,"100 מ""ל",false,,24.90,6.2250,true,1,163030
7290108201864,false,קולון קפסולות גל לכביסה 28 יחידות,רקיט בנקיזר,,קולון קפסולות לכביסה,יחידה,25.00,יחידה,false,,24.90,0.9960,true,1,149840
7290108201871,false,קולון קפסולות גל לכביסה 42 יחידות,רקיט בנקיזר,,קולון קפסולות לכביסה,יחידה,42.00,יחידה,false,,39.90,0.9500,true,1,149841
7290108350500,false,סנובון מוצק דאבל אקשן בניחוח תפוז שלישייה,סנו סנובון,,סנובון דאבל אקשן בני,גרמים,165.00,100 גרם,false,,19.90,0.1206,true,1,134776
7290108350531,false,סנו ספארק נוזל כלים בניחוח קלאסי עם משאבה 1 ל',מיוצר עי קונדיטוריית,,סנו ספארק משאבה בניח,ליטרים,1.00,ליטר,false,,10.90,10.9000,true,1,113177
7290108350616,false,סנו - מקסימה מרכך כביסה מרוכז פריחה כחולה 1 ליטר,"סנו מפעלי ברונוס בע""\מ",,סנו מקסימה מרכך סופט,מיליליטרים,1000.00,"100 מ""ל",false,,15.90,1.5900,true,1,136364
7290108350623,false,מרכך כביסה סופר מרוכז סופט סילק מקסימה 1 ל' סנו,"סנו מפעלי ברונוס בע""\מ",,סנו מקסימה מרכך סופט,מיליליטרים,1000.00,"100 מ""ל",false,,15.90,1.5900,true,1,136365
7290108350647,false,"כיף פיות קרם מתיר קשרים 350 מ""ל-מרכז",החברה הדרומית,,כיף פיות קרם להתרת ק,מיליליטרים,350.00,"100 מ""ל",false,,19.90,5.6857,true,1,122195
7290108350654,false,כיף פיות תרסיס לשיער להתרת קשרים 350 מל,קוסמופארם בע''מ,,תרסיס להתרת קשרים כי,מיליליטרים,350.00,"100 מ""ל",false,,24.90,7.1143,true,1,122196
7290108350715,false,"סנו פורטה FREE נוזל מרוכז להסרת שומנים 750 מ""ל",סנו,,פורטה FREE נוזל מרוכ,מיליליטרים,750.00,"100 מ""ל",false,,15.90,2.1200,true,1,140180
7290108350739,false,משחת שיניים לילדים בטעם סוכריות ג'לי גילאי 2-6,טרופיקל דגיל תעשיות קוסמ,,אורביטול משחת שיניים,גרמים,70.00,100 גרם,false,,9.90,0.1414,true,1,172440
7290108350852,false,סנובון מוצק שלישיה פ,,,סנובון בניחוח פרחים,יחידה,0.00,יחידה,false,,14.90,0.0000,true,1,119161
7290108351507,false,מרכך כביסה אינספרישיין סנו מקסימה 4 ליטר,סנו מקסימה,,מרכך כביסה מקסימה 4,ליטרים,4.00,ליטר,false,,19.90,4.9750,true,1,148932
7290108351514,false,מרכך כביסה בלו בלוסום סנו מקסימה 4 ליטר,סנו מקסימה,,מקסימה מרכך כביסה בל,ליטרים,4.00,ליטר,false,,19.90,4.9750,true,1,148933
7290108351606,false,מטהר אוויר בלו בלוסום סנו פרש הום 350 מל,סנו מפעלי ברונוס בעמ,,סנו פרש הום סופט סיל,מיליליטרים,350.00,"100 מ""ל",false,,10.90,3.1143,true,1,147031
7290108351613,false,סנו ריצפז פרש הום 2 ליטר בניחוח מלון חלומי,"סנו מפעלי ברונוס בע""\מ",,ריצפז פרש הום ריח מל,ליטרים,2.00,ליטר,false,,19.90,9.9500,true,1,145792
7290108351651,false,קפסולות גל כביסה סנו,סנו,,קפסולות גל כביסה סנו,יחידה,0.00,יחידה,false,,0.00,0.0000,true,1,187964
7290108351712,false,מקסימה פניני בישום לכביסה לובלי 275 גרם,inc prodacts smart value,,כדוריות בישום מקסימה,יחידה,0.00,יחידה,false,,29.90,0.0000,true,1,185911
7290108351729,false,נ.לניקוי אסלות סנו גרין פאוור אקולוגי750,מיוצר עי קונדיטוריית,,גרין פאואר נוזל לניק,יחידה,0.00,יחידה,false,,0.00,0.0000,true,1,187268
7290108351767,false,סנו פרש מכשיר אוטומטי + מילוי בלו אייר,"יצרן מכשיר: זובלה, ש",,סנו פרש מכשיר אוטומט,יחידה,0.00,יחידה,false,,49.90,0.0000,true,1,172336
7290108351774,false,מרסס סנו לניקוי וטיפול במוצרי עור 500 מל,סנו,,סנו מתז לניקוי וטיפו,יחידה,0.00,יחידה,false,,29.90,0.0000,true,1,172969
7290108351804,false,מרכך כביסה סופר מרוכז Gentl Breeze סנו מקסימה 1 ליטר,מיוצר עי קונדיטוריית,,סנו מקסימה מרכך כביס,ליטרים,1.00,ליטר,false,,15.90,15.9000,true,1,179398
7290108351811,false,מרכך כביסה סופר מרוכז Floral touch סנו מקסימה 1 ליטר,מיוצר עי קונדיטוריית,,סנו מקסימה מרכך כביס,ליטרים,1.00,ליטר,false,,15.90,15.9000,true,1,179399
7290108351835,false,מרכך כביסה Pure Sensation סנו מקסימה 4 ליטר,מיוצר עי קונדיטוריית,,מקסימה floral touch,ליטרים,4.00,ליטר,false,,19.90,4.9750,true,1,181635
7290108351903,false,אורביטול - פרוטקט פרש שטיפת פה באריזה חד פעמית 20 יחידות,קוסמופארם בע'\'\מ,,אורביטול שטיפת פה,יחידה,0.00,יחידה,false,,0.00,0.0000,true,1,188891
7290108351972,false,סנופרש הום מבשם לבית בניחוח מלון בוטיק,מיוצר עי קונדיטוריית,,סנו פרשהום מטהר אווי,מיליליטרים,350.00,"100 מ""ל",false,,10.90,3.1143,true,1,182979
7290108351989,false,סנופרש הום מבשם לבית בניחוח מלון מפנק,מיוצר עי קונדיטוריית,,סנו פרש מטהר אוויר ה,מיליליטרים,350.00,"100 מ""ל",false,,10.90,3.1143,true,1,182981
7290108351996,false,"חיטוי בייבי 99.9% לחיטוי וניקוי בסביבת תינוקות 750 מ""ל","סנו מפעלי ברונוס בע""\מ",,סנו מתז בייבי 99.9%,מיליליטרים,750.00,"100 מ""ל",false,,14.90,1.9867,true,1,178846
7290108352108,false,משחת שיניים אורביטול רעננות חריפה 145 גר,טרופיקל דגיל תעשיות קוסמ,,אורביטול משחת שיניים,יחידה,0.00,יחידה,false,,0.00,0.0000,true,1,188455
7290108352115,false,סנובון ווייב לאסלה בתוספת אקונומיקהה 45X3ג',סנו סנובון,,JAVEL WAVE שלישייה,יחידה,0.00,יחידה,false,,14.90,0.0000,true,1,182958
7290108352221,false,סנופרש הום מבשם נוזלי בניחוח מלון מפנק,סנו מפעלי ברונוס בעמ,,פרש הום מלון מפנק,מיליליטרים,350.00,"100 מ""ל",false,,0.00,0.0000,true,1,188647
7290108352320,false,"מבשם אויר סנו פרש הום בניחוח כותנה מלטפת 350 מ""ל",מיוצר עי קונדיטוריית,,פרש הום מלון בוטיק,מיליליטרים,350.00,"100 מ""ל",false,,0.00,0.0000,true,1,188300
7290108352450,false,ריצפז פרש הום בניחוח מרכך כביסה בלו בלוסום,סנו מפעלי ברונוס בעמ,,ריצפז פרש הום בלו 2,יחידה,0.00,יחידה,false,,0.00,0.0000,true,1,197490
7290108352665,false,מטלית מיקרופייבר מקצ,,,סנו סושי מטלית מיקרו,יחידה,0.00,יחידה,false,,8.90,0.0000,true,1,150583
7290108352696,false,"סנו סושי- ניילון נצמד+ רחב במיוחד 45 ס""מ",סנו סושי,,סנו סושי ניילון נצמד,יחידה,0.00,יחידה,false,,29.90,0.0000,true,1,162726
7290108353068,false,ספוג הפלא נירוסטה עם סיבי קירצוף סנו סושי 2 יח',מיוצר עי קונדיטוריית,,סנו סושי כרית קרצוף,יחידה,0.00,יחידה,false,,9.90,0.0000,true,1,180090
7290108353099,false,ממחטות אף במארז ניילון סנו סופט 5 יח' * 100 דף,טרופיקל דגיל תעשיות,,ממחטות סופט חמישייה,יחידה,0.00,יחידה,false,,12.90,0.0000,true,1,185920
7290108353426,false,צמד מברשות שיניים לחניכיים ושיניים רגישות,יבואן ומשווק: ש. שסט,,צמד מברשות שיניים PR,יחידה,0.00,יחידה,false,,31.90,0.0000,true,1,182975
7290108353471,false,סנובון מוצק לאסלה DESIGN בניחוח ספא,סנו מפעלי ברונוס בעמ,,סבון אסלה בניחוח ספא,יחידה,0.00,יחידה,false,,7.90,0.0000,true,1,182960
7290108353648,false,סנו סושי - שקיות אוכל מנייר 70 יחידות,איי טיי אריזות טורקיה,,שקיות אוכל מנייר + מ,יחידה,0.00,יחידה,false,,0.00,0.0000,true,1,188648
7290108353655,false,"סנו סושי - 50 מפיות אירוח איכותיות גדולות ועבות 3 שכבות לבנות """,האנק טישו,,מפיות לבן סנו סושי X,יחידה,0.00,יחידה,false,,11.90,0.0000,true,1,182976
7290108353884,false,"קרמה דאודורנט רול און אשכולית ולמון גראס 75 מ""ל","קוסמופארם בע""\מ",,דאודוראנט רול און קר,יחידה,0.00,יחידה,false,,0.00,0.0000,true,1,188557
7290108354140,false,קרליין - נושם מגבוני דיאורדורנט פיור ורוד,החברה הדרומית,,נושם מגבוני דיאורדור,יחידה,0.00,יחידה,false,,0.00,0.0000,true,1,187278
7290108354355,false,סנו מגבוני היגיינים לניקוי הידיים 70 % אלכוהול 20 יח',דן - מור חומרי טבע וכימי,,מגבונים היגיינם לניק,יחידה,0.00,יחידה,false,,0.00,0.0000,true,1,188286
7290108354850,false,"דאורדוראנט רול און קרמה בריזת ים 75 מ""ל",החברה הדרומית,,דאודוראנט רול און קר,יחידה,0.00,יחידה,false,,0.00,0.0000,true,1,189835
7290108354874,false,סבון קרמה מאסק 100*4 גרם,גליל כימיקלים בעמ,,קרמה סבון מוצק מאסק,גרמים,400.00,100 גרם,false,,13.90,0.0348,true,1,178847
7290108355024,false,"נקה 7 שמפו ומרכך לילדים מיניונים 750 מ""ל",קוסמופארם בע'\'\מ,,2ב-1 מניונים נקה 750,מיליליטרים,750.00,"100 מ""ל",false,,10.90,1.4533,true,1,122199
7290108355031,false,"נקה 7 אל סבון לילדים מיניונים 750 מ""ל",קוסמופארם בע'\'\מ,,אלסבון מניונים נקה 7,מיליליטרים,750.00,"100 מ""ל",false,,10.90,1.4533,true,1,122200
7290108355161,false,"מרכך שיער שמני הזנה 750 מ""ל נקה 7","אמיליה קוסמטיקס בע""מ",,נקה 7-מרכך שמני הזנה,מיליליטרים,750.00,"100 מ""ל",false,,9.90,1.3200,true,1,157432
7290108355307,false,"נקה 7 - שמפו סירוק קל רוזמרין 750 מ""ל",גוד פוד פרודקטס S.p,,נקה 7 שמפו סירוק קל,מיליליטרים,750.00,"100 מ""ל",false,,12.90,1.7200,true,1,178842
7290108355468,false,"קרמה דאודורנט רול און נרולי ומגנוליה 75 מ""ל","קוסמופארם בע""\מ",,דאודוראנט רול און קר,יחידה,0.00,יחידה,false,,0.00,0.0000,true,1,188558
7290108355475,false,"קרמה דאודורנט רול און ג''ינג''ר ולמון גראס 75 מ""ל","קוסמופארם בע""\מ",,דאודוראנט רול און ג',יחידה,0.00,יחידה,false,,0.00,0.0000,true,1,188301
7290108355482,false,"קרמה - דאודורנט רול און לאישה קרמה לבנדר ואקליפטוס 75 מ""ל","קוסמופארם בע""\מ",,דאודוראנט רול און קר,יחידה,0.00,יחידה,false,,0.00,0.0000,true,1,187281
7290108355710,false,"קרליין בודי מיסט BLUE HEAVEN מתז 250 מ""ל",פאר פארם בעמ,,קרליין בודי מיסט מתז,יחידה,0.00,יחידה,false,,0.00,0.0000,true,1,187282
7290108355802,false,"תחליב רחצה קרמה ורד ווניל 700 מ""ל",גוד פוד פרודקטס S.p,,תחליב רחצה קרמה ורוד,יחידה,0.00,יחידה,false,,0.00,0.0000,true,1,188559
7290108355949,false,"תחליב רחצה קרמה נרולי ומנגוליה 700 מ""ל",קוסמופארם בעמ,,תחליב רחצה קרמה נרול,יחידה,0.00,יחידה,false,,0.00,0.0000,true,1,187283
7290108356021,false,כיף תחליב רחצה בניחוח גלידת קרם עוגיות,גוד פוד פרודקטס S.p,,כיף ת.רחצה בניחוח קר,מיליליטרים,700.00,"100 מ""ל",false,,12.90,1.8429,true,1,172894
7290108356106,false,כיף תחליב רחצה חלב שקדים 700 מל,החברה הדרומית,,כיף תחליב רחצה שקד 7,מיליליטרים,700.00,"100 מ""ל",false,,12.90,1.8429,true,1,167682
7290108356113,false,"כיף תחליב רחצה דבש 700 מ""ל-מרכז",קוסמופארם בעמ,,כיף תחליב רחצה דבש 7,מיליליטרים,700.00,"100 מ""ל",false,,12.90,1.8429,true,1,167681
7290108356120,false,"תחליב רחצה כיף קוקוס וניל 700 מ""ל",קוסמופארם,,כיף תחליב רחצה קוקוס,מיליליטרים,700.00,"100 מ""ל",false,,12.90,1.8429,true,1,167683
7290108356168,false,"כיף - תחליב רחצה אוקיינוס 700 מ""ל",גוד פוד פרודקטס S.p,,כיף תחליב רחצה אוקיי,מיליליטרים,700.00,"100 מ""ל",false,,12.90,1.8429,true,1,167686
7290108356182,false,כיף אל סבון תאנה ותה ירוק 1 ליטר משאבה,קוסמופארם בע'\'\מ,,אלסבון כיף תאנה ותה,מיליליטרים,1000.00,"100 מ""ל",false,,0.00,0.0000,true,1,187285
7290108356281,false,"כיף תחליב רחצה בניחות אננס וקוקוס 700 מ""ל",גוד פוד פרודקטס S.p,,כיף ת.רחצה בניחוח אנ,מיליליטרים,700.00,"100 מ""ל",false,,0.00,0.0000,true,1,188560
7290108356373,false,סנו - מדיק ג'ל לניקוי ידיים מיניונים סיליקון,beyond & health nantong,,סנו מדיק עם דמויות ג,מיליליטרים,100.00,"100 מ""ל",false,,0.00,0.0000,true,1,187287
7290108356380,false,מגבוני דאודורנט קרמה ורד וניל,סנו,,מגבוני דאודוראנט מרע,יחידה,0.00,יחידה,false,,0.00,0.0000,true,1,187288
7290108357400,false,"תחליב רחצה קרמה לבנדר ואקליפטוס 700 מ""ל",קוסמופארם בעמ,,תחליב רחצה קרמה לבנד,יחידה,0.00,יחידה,false,,0.00,0.0000,true,1,188457
7290108357783,false,"מרכך לשיער דק ושביר גוג'י ברי ומורגינה 700 מ""ל כיף",קוסמופארם בעמ,,כיף מרכך גוגי ברי ומ,מיליליטרים,700.00,"100 מ""ל",false,,12.90,1.8429,true,1,174651
7290108357806,false,"כיף מרכך לשיער מעוצב בחום קרטין וחמאה שיאה 700 מ""ל",קוסמופארם בעמ,,כיף מרכך קרטין וחמאת,מיליליטרים,700.00,"100 מ""ל",false,,12.90,1.8429,true,1,174652
7290108359831,false,"כיף - בייבי כיף שמן 500 מ""ל","מיוצר ומשווק ע""י קוס",,"בייבי כיף שמן 500 מ""",מיליליטרים,500.00,"100 מ""ל",false,,24.90,4.9800,true,1,166619
7290108359855,false,"שמפו אל דמע בייבי כיף+משאבה 750 מ""ל",גוד פוד פרודקטס S.p,,בייבי כיף שמפו אל דמ,מיליליטרים,750.00,"100 מ""ל",false,,19.90,2.6533,true,1,166620
7290108500677,false,כבד דג שיבוט בשמן דג וילי פוד 115 גרם,"איטיליאן פוד, אס.פי.",,כבד דג שיבוט הדג 115,גרמים,115.00,100 גרם,false,,11.90,0.1035,true,1,143750
7290108501346,false,גבינה מגורדת גאודה 28% שומן EURO CHEESE ויליפוד 500 גרם,ג. וילי פוד אינטרנשיונל,,גאודה מגורדת 500 גרם,גרמים,500.00,100 גרם,false,,24.90,0.0498,true,1,148674
7290108501360,false,גבינת צ'דר בשלה ויליפוד 200 גרם,ווייקה פארמס,,צ'דר בשלה 200 גרם,גרמים,200.00,100 גרם,false,,19.90,0.0995,true,1,152526
7290108501377,false,שפרוטים מעושנים בשמן מרינה מכסה שקוף 160 ג',וילי פוד,,שפרוטים מעושנים בשמן,גרמים,160.00,100 גרם,false,,10.90,0.0681,true,1,151866
7290108501643,false,משקה שיבולת שועל יור,אינטרנשיונל,,משקה שיבולת שועל EUR,יחידה,0.00,יחידה,false,,9.90,0.0000,true,1,172352
7290108501971,false,חטיף בוטנים ומשמש הפי נאטס מארז 35X4ג',ואמראליס,,HAPPY NUTS חטיף שקדי,יחידה,0.00,יחידה,false,,19.90,0.0000,true,1,155514
7290108502251,false,קרקרים בטעם טבעי ויליפוד 250 גרם,,,קרקרים טבעי 250גרם,יחידה,0.00,יחידה,false,,5.90,0.0000,true,1,172365
7290108502381,false,בסיסים להכנת פיצה קוטר 26 וילי פוד 480ג',מוטלוקל גידה סאנאי ט,,תחתיות לפיצה (קוטר 2,יחידה,0.00,יחידה,false,,14.90,0.0000,true,1,172376
7290108502527,false,קרקרים במליחות מעודנת ויליפוד 500 גרם,קולוסי אס פי איי,,קרקרים מליחות מעודנת,יחידה,0.00,יחידה,false,,9.90,0.0000,true,1,172387
7290108502879,false,מלפפונים כבושים במלח,אורהנזי,,מלפפונים כבושים במלח,יחידה,0.00,יחידה,false,,14.90,0.0000,true,1,172410
7290108503043,false,תפוחונים חטיף פלחים מיובשים מארז 22X4ג',הביי דונגפנג פוד קו. בעמ,,מארז תפוחונים ( 3יח',יחידה,0.00,יחידה,false,,12.90,0.0000,true,1,172413
7290108503111,false,צנימים טעם טבעי מילב,,,צנימים טעם טבעי מילב,גרמים,100.00,100 גרם,false,,6.90,0.0690,true,1,177782
7290108503296,false,ממרח חמאה ווליו 250 גרם,קורמן אס.איי,,ממרח חמאה 250 גרם VA,גרמים,250.00,100 גרם,false,,16.90,0.0676,true,1,182272
7290108503531,false,גבינת מסקרפונה 41% 250 ג,ארלה פודס אמבא,,גבינת מסקרפונה 41%שו,גרמים,250.00,100 גרם,false,,19.90,0.0796,true,1,177778
7290108503791,false,ניוקי תפוח אדמה 3 צבעים 500 גרם (ללא גלוטן),סיימה אלימנטרי,,ניוקי תפוחי אדמה לל,גרמים,500.00,100 גרם,false,,0.00,0.0000,true,1,188890
7290108504002,false,פרוסות גבינה בטעם צ'דר לכריכים וטוסטים ויליפוד 150 גרם,Euro יורו מחלבות אירופה,,פרוסות גבינה לייט 9%,גרמים,150.00,100 גרם,false,,10.90,0.0727,true,1,179229
7290108504187,false,פרוסות גבינה בטעם צ'דר לכריכים וטוסטים 800 ג',,,פרוסות גבינה בטעם צ',גרמים,800.00,100 גרם,false,,34.90,0.0436,true,1,179230
7290108504347,false,עלי גפן ממולאים באורז פיקנטי 400 ג',הזה פלאקספו,,עלי גפן ממולאים באור,גרמים,400.00,100 גרם,false,,9.00,0.0225,true,1,180679
7290108504699,false,רביעיית טונה בשמן קנולה פתח קל ויליפוד 4*160 גרם,גולדן פרייז קאנינג אל טי,,וילי פוד טונה בהירה,גרמים,640.00,100 גרם,false,,21.90,0.0342,true,1,180085
7290108505160,false,יוגורט עם אגסים 4% שומן ויליפוד 150 גרם,Euro יורו מחלבות אירופה,,יוגרט עם אגסים 150 ג,גרמים,150.00,100 גרם,false,,5.90,0.0393,true,1,186194
7290108505214,false,יוגורט עם אפרסק 0% שומן ויליפוד 150 גרם,Euro יורו מחלבות אירופה,,יוגרט עם אפרסק 150,גרמים,150.00,100 גרם,false,,5.90,0.0393,true,1,186198
7290108505535,false,קריספיס חטיף אננס טב,ינטאי זונגקאן פוד,,קריספיס חטיף אננס טב,יחידה,0.00,יחידה,false,,8.90,0.0000,true,1,186990
7290108505733,false,צמות-גבינה חצי קשה 25% שומן 200 גרם,סאסו פטוראגס קומטויס אף,,גבינה חצי קשה 25% שו,גרמים,200.00,100 גרם,false,,0.00,0.0000,true,1,187235
7290108505764,false,רביעיית קוביות אפרסק,,,רביעיית קוביות אפרסק,יחידה,0.00,יחידה,false,,9.90,0.0000,true,1,184168
7290108506204,false,דגנים פריכים עם שוקו,,,דגנים פריכים עם שוקו,גרמים,500.00,100 גרם,false,,0.00,0.0000,true,1,188556
7290108506488,false,סופלה שוקולד קפוא ויליפוד 200 גרם,ארמה גרופ,,סופלה שוקולד קפוא 20,גרמים,200.00,100 גרם,false,,14.90,0.0745,true,1,187002
7290108506495,false,"כנאפה מאפה בצק ""שערות"" קדאיף וגבינה",ארמה גרופ,,כנאפה קפוא 192.5 גרם,גרמים,192.50,100 גרם,false,,14.90,0.0774,true,1,187004
7290108506815,false,גליליות וופל במילוי קרם קרמל מלוח פינוקים 400 גרם,בן& אר.פי.סי,,גליליות וופל במילוי,גרמים,400.00,100 גרם,false,,0.00,0.0000,true,1,189727
7290108507027,false,גליליות וופל במילוי,,,גליליות וופל במילוי,גרמים,250.00,100 גרם,false,,0.00,0.0000,true,1,187238
7290108833379,false,"מרכולית צנצנת 250 מ""",,,"מרכולית צנצנת 250 מ""",יחידה,0.00,יחידה,false,,0.00,0.0000,true,1,192719
7290108961928,false,"סט סכו""ם נירוסטה 24",,,"סט סכו""ם נירוסטה 24",יחידה,0.00,יחידה,false,,139.90,0.0000,true,1,184089
7290108981087,false,תנור חימום נפט לבן 4,,,תנור חימום נפט לבן 4,יחידה,0.00,יחידה,false,,0.00,0.0000,true,1,187704
7290108987768,false,סוזוקי רב שקע 5 כבל,,,סוזוקי רב שקע 5 כבל,יחידה,0.00,יחידה,false,,27.90,0.0000,true,1,174093
7290108987829,false,סוזוקי רב שקע 3 כבל,,,סוזוקי רב שקע 3 כבל,יחידה,0.00,יחידה,false,,19.90,0.0000,true,1,174059
7290108987836,false,סוזוקי רב שקע 4 כבל,,,סוזוקי רב שקע 4 כבל,יחידה,0.00,יחידה,false,,19.90,0.0000,true,1,174052
7290108987959,false,סוזוקי מפצל שני שקעי,shi ba zi kitchnware,,סוזוקי מפצל שני שקעי,יחידה,0.00,יחידה,false,,9.90,0.0000,true,1,174097
7290109134123,false,מכסה זכוכית טבעת ניר,,,מכסה זכוכית טבעת ניר,יחידה,0.00,יחידה,false,,29.90,0.0000,true,1,184831
7290109134703,false,"מועך תפו""א מתקפל סולתם",,,מועך תפוא מתקפל סולת,יחידה,0.00,יחידה,false,,24.90,0.0000,true,1,185118
7290109134789,false,פטיש שניצל מקצועי סו,,,פטיש שניצל מקצועי סו,יחידה,0.00,יחידה,false,,44.90,0.0000,true,1,185119
7290109134901,false,פורס וכותש שום אלומי,,,פורס וכותש שום אלומי,יחידה,0.00,יחידה,false,,49.90,0.0000,true,1,185208
7290109135076,false,חותכני בצק לב נירוסט,,,חותכני בצק לב נירוסט,יחידה,0.00,יחידה,false,,14.90,0.0000,true,1,185217
7290109135106,false,"מגרדת נירוסטה עומדת 23 ס""מ",,,מגרדת נירוסטה עומדת,יחידה,0.00,יחידה,false,,19.90,0.0000,true,1,185120
7290109135816,false,"מחבת 18 ס""מ ציפוי שי",,,"מחבת 18 ס""מ ציפוי שי",יחידה,0.00,יחידה,false,,39.90,0.0000,true,1,184899
7290109135823,false,"מחבת 20 ס""מ ציפוי שי",,,"מחבת 20 ס""מ ציפוי שי",יחידה,0.00,יחידה,false,,39.90,0.0000,true,1,184900
7290109135830,false,"מחבת 22 ס""מ ציפוי שי",,,"מחבת 22 ס""מ ציפוי שי",יחידה,0.00,יחידה,false,,49.90,0.0000,true,1,184904
7290109135939,false,"סיר סוטז' 40*9 ס""מ",סולתם רדד,,"סוטז 9*40 ס""מ IND Mi",יחידה,0.00,יחידה,false,,249.00,0.0000,true,1,185061
7290109136653,false,"מסננת נירוסטה 7 ס""מ Bake-it up סולתם",,,"מסננת נירוסטה 7 ס""מ",יחידה,0.00,יחידה,false,,14.90,0.0000,true,1,185230
7290109137360,false,אלון סיר לחץ 9 ליטר,,,אלון סיר לחץ 9 ליטר,יחידה,0.00,יחידה,false,,219.90,0.0000,true,1,185043
7290109137483,false,"קלחת מיני 7*14 ס""מ P",,,"קלחת מיני 7*14 ס""מ P",יחידה,0.00,יחידה,false,,49.90,0.0000,true,1,184772
7290109137513,false,"מחבת 30 ס""מ ציפוי שיש סולתם",,,"מחבת 30 ס""מ ציפוי שי",יחידה,0.00,יחידה,false,,69.90,0.0000,true,1,184908
7290109137544,false,"סיר 18 ס""מ 1.9 ליטר",,,"סיר 18 ס""מ 1.9 ליטר",יחידה,0.00,יחידה,false,,89.90,0.0000,true,1,184930
7290109137568,false,"סיר 24 ס""מ 5 ליטר צ",,,"סיר 24 ס""מ 4.8 ליטר",יחידה,0.00,יחידה,false,,109.90,0.0000,true,1,184932
7290109137575,false,"סיר 26 ס""מ 6 ליטר צי",,,"סיר 26 ס""מ 6 ליטר צי",יחידה,0.00,יחידה,false,,119.90,0.0000,true,1,184933
7290109137582,false,"סיר מרק 26 ס""מ 7.4 ליטר RAINBOW",,,"סיר מרק 15.5*26 ס""מ",יחידה,0.00,יחידה,false,,139.90,0.0000,true,1,184945
7290109137605,false,"סט (2) מחבתות 24+20 ס""מ ציפוי שיש ידית אדומה ורודה RAINBOW",,,"מחבטות סט 2 20+24 ס""",יחידה,0.00,יחידה,false,,0.00,0.0000,true,1,197327
7290109137834,false,קלחת עם פיית מזיגה ו,,,קלחת עם פיית מזיגה ו,יחידה,0.00,יחידה,false,,79.90,0.0000,true,1,184846
7290109137940,false,"כף טיגון 41 ס""מ נירוסטה סולתם",,,"כף טיגון 41 ס""מ נירו",יחידה,0.00,יחידה,false,,34.90,0.0000,true,1,185169
7290109137971,false,"מגרדת זסטר 39 ס""מ יד",,,"מגרדת זסטר 39 ס""מ יד",יחידה,0.00,יחידה,false,,24.90,0.0000,true,1,185122
7290109138022,false,"מסננת סיליקון לכיור 10.9 ס""מ סולתם",,,מסננת סיליקון לכיור,יחידה,0.00,יחידה,false,,19.90,0.0000,true,1,185170
7290109138107,false,ערכת מרינדה- מברשת ס,,,ערכת מרינדה- מברשת ס,יחידה,0.00,יחידה,false,,29.90,0.0000,true,1,185135
7290109139128,false,זוג מגני ידיות סיליק,,,זוג מגני ידיות סיליק,יחידה,0.00,יחידה,false,,10.00,0.0000,true,1,185148
7290109139135,false,זוג מגני ידיות סיליק,,,זוג מגני ידיות סיליק,יחידה,0.00,יחידה,false,,10.00,0.0000,true,1,185149
7290109139715,false,פינג'אן נירוסטה 500מל ידית בקליט,,,פינג'אן נירוסטה 500,יחידה,0.00,יחידה,false,,34.90,0.0000,true,1,184820
7290109206622,false,"מצית גז 24 י""ח",,,"מצית גז 24 י""ח",יחידה,0.00,יחידה,false,,0.00,0.0000,true,1,188200
7290109290096,false,ארגז כלי עבודה עם חג,,,ארגז כלי עבודה עם חג,יחידה,0.00,יחידה,false,,0.00,0.0000,true,1,193271
7290109351025,false,מלך החומוס חומוסטחינה 40% טחינה גולמית,סלטי צבר,,צבר חומוס טחינה 400,גרמים,400.00,100 גרם,false,,14.90,0.0373,true,1,119403
7290109351957,false,פריכיות פיטנס מיני גדולות שוקולד חלב 100ג',סנורייס בלגיום אן. ו,,אסם פיטנס פריכיות גד,גרמים,100.00,100 גרם,false,,7.90,0.0790,true,1,139549
7290109351971,false,פריכיות דגנים פיטנס מצופות שוקולד חלב,פרח תעשיות,,פיטנס בר פרכיות שוקו,יחידה,0.00,יחידה,false,,12.90,0.0000,true,1,135750
7290109352916,false,פריכיות דגנים פיטנס מצופות שוקולד לבן,פרח תעשיות,,פיטנס בר פרכיות שוקו,יחידה,0.00,יחידה,false,,12.90,0.0000,true,1,135752
7290109353272,false,פסטה ספגטי עתירה בסיבים תזונתיים Perfecto,אסם פרפקטו Perfecto,,פרפקטו ספגטי עתיר בס,גרמים,500.00,100 גרם,false,,7.90,0.0158,true,1,137854
7290109353494,false,פסטה פרפקטו פארפאלה 500ג' אסם,אסם פרפקטו Perfecto,,פרפקטו פארפאלה 500 ג,גרמים,500.00,100 גרם,false,,7.90,0.0158,true,1,137855
7290109353517,false,פסטה פפרדלה פרפקטו 500גר,פסטה זארה,,פרפקטו אטריות פפרדלה,גרמים,500.00,100 גרם,false,,7.90,0.0158,true,1,137856
7290109353753,false,"ספירלי טריו 500 גרם ""פרפקטו""",פסטה זארה,,פרפקטו ספירלי טריו 5,גרמים,500.00,100 גרם,false,,7.90,0.0158,true,1,137857
7290109354101,false,"לחמית ללא גלוטן 200 גר' ""אסם""","אסם תעשיות בע""מ",,אסם לחמית ללא גלוטן,גרמים,200.00,100 גרם,false,,10.90,0.0545,true,1,145601
7290109354330,false,סלט צבר אריסה 180 גר,צבר,,צבר אריסה מתוקה 180,גרמים,180.00,100 גרם,false,,11.80,0.0656,true,1,150756
7290109354385,false,צבר סחוג ירוק 180 גר,,,צבר סחוג ירוק 180 גר,גרמים,180.00,100 גרם,false,,11.80,0.0656,true,1,150760
7290109358116,false,ויטמינצ'יק אננס 2 ליטר,בית השיטה עסיס תעשיות מז,,ויטמינציק אננס 2 ליט,ליטרים,2.00,ליטר,false,,22.90,11.4500,true,1,162919
7290109358260,false,"נקניקיות עם חלבון 600 גר' ""טבעול""",עיצובים 2020 (4.8),,טבעול נקניקיות עם חל,גרמים,600.00,100 גרם,false,,34.90,0.0582,true,1,146861
7290109358284,false,"שניצל תירס עם חלבון 664 גר' ""טבעול""",עיצובים 2020 (4.8),,טבעול שניצל תירס עם,גרמים,664.00,100 גרם,false,,34.90,0.0526,true,1,146862
7290109358482,false,עוגיות קרמוגית במילוי קרם בטעם חלבה,"הגביע מוצרי וופלים בע""\מ",,קרמוגית במילוי חלווה,גרמים,200.00,100 גרם,false,,11.00,0.0550,true,1,173055
7290109358529,false,אטריות דקיקות פלוס 330גר,Unknown,,אסם אטריות דקיקות פל,גרמים,330.00,100 גרם,false,,10.10,0.0306,true,1,144189
7290109358567,false,פסטה אסם ספגטי פלוס 400 גרם,קריות זול,,אסם ספגטי פלוס 400 ג,גרמים,400.00,100 גרם,false,,6.00,0.0150,true,1,144187
7290109358734,false,קטשופ מופחת סוכר 710 גרם,אסם,,אסם קטשופ מופחת סוכר,גרמים,750.00,100 גרם,false,,11.90,0.0159,true,1,144213
7290109358765,false,דגני בוקר קראנץ' רולס נוגט 450 גרם,"אסם השקעות בע""\מ",,קראנץ רולס 450 גרם,גרמים,450.00,100 גרם,false,,25.90,0.0576,true,1,169205
7290109492414,false,סכיני מטבח שישייה שח,,,סכיני מטבח שישייה שח,יחידה,0.00,יחידה,false,,0.00,0.0000,true,1,189142
7290109493688,false,סט פח ומברשת שירותים,,,סט פח ומברשת שירותים,יחידה,0.00,יחידה,false,,0.00,0.0000,true,1,188165
7290109580012,false,בורגר אנטריקוט קלאסי 360 גרם,זוגלובק,,בורגר אנטריקוט קלאסי,גרמים,360.00,100 גרם,false,,24.90,0.0692,true,1,186891
7290109580029,false,בורגר אנטריקוט ספייס,,,בורגר אנטריקוט ספייס,גרמים,360.00,100 גרם,false,,24.90,0.0692,true,1,186892
7290109580050,false,נקניקיות צ'וריסוס וונדרס 0% בשר טבעוני ללא גלוטן,"וונדרס ע""י זוגלובק 2000",,נקנקיות צ'וריסוס 226,גרמים,226.00,100 גרם,false,,0.00,0.0000,true,1,195269
7290109580081,false,וונדרס בורגר 226 גרם,"וונדרס ע""י זוגלובק 2000",,בורגר 226 גרם WONDER,גרמים,226.00,100 גרם,false,,0.00,0.0000,true,1,195272
7290109920146,false,"דורגול מסיר אבנית מקומקומים 750 מ""ל",יעקובי דורגול,,יעקבי דורגול מסיר אב,מיליליטרים,750.00,"100 מ""ל",false,,22.90,3.0533,true,1,138016
7290109920313,false,"אסטוניש מרסס לניקוי חלונות 750 מ""ל",יעקבי- אסטוניש Astonish,,אסטוניש מרסס מבריק ש,מיליליטרים,750.00,"100 מ""ל",false,,11.90,1.5867,true,1,150842
7290109920320,false,"אסטוניש ספריי משמיד עובש 750מ""ל",יעקובי אסטוניש,,אסטוניש מרסס משמיד ע,מיליליטרים,750.00,"100 מ""ל",false,,11.90,1.5867,true,1,150843
7290109920429,false,יעקבי ספוג הפלא שישי,,,יעקבי ספוג הפלא שישי,יחידה,0.00,יחידה,false,,8.90,0.0000,true,1,154615
7290109920580,false,"מרסס עם אקונומיקה אסטוניש 750 מ""ל",יעקובי אסטוניש,,אסטוניש מרסס עם אקונ,מיליליטרים,750.00,"100 מ""ל",false,,11.90,1.5867,true,1,150844
7290109920597,false,"אסטוניש - מרסס לניקוי המקלחון 750 מ""ל",יעקבי- אסטוניש Astonish,,אסטוניש מרסס למקלחון,מיליליטרים,750.00,"100 מ""ל",false,,11.90,1.5867,true,1,150845
7290109920627,false,"אסטוניש קרם ואקונומיקה לניקוי אמבטיות 500 מ""ל",יעקובי אסטוניש,,אסטונש קרם אמבטיה 55,מיליליטרים,550.00,"100 מ""ל",false,,15.00,2.7273,true,1,152634
7290109920658,false,"אסטוניש - מרסס אנטי בקטריאלי למטבח 750 מ""ל",יעקובי אסטוניש,,אסטוניש מרסס אנטי בק,מיליליטרים,750.00,"100 מ""ל",false,,11.90,1.5867,true,1,150846
7290109920665,false,"אסטוניש - מרסס מסיר אוכל שרוף במטבח 750 מ""ל",יעקבי- אסטוניש Astonish,,אסטוניש מרסס מסיר או,מיליליטרים,750.00,"100 מ""ל",false,,11.90,1.5867,true,1,150847
7290109920740,false,מרכך כביסה מרוכז לבנדר הפי 1 ליטר,יעקובי הפי,,הפי מרכך כביסה מרוכז,ליטרים,1.00,ליטר,false,,11.00,11.0000,true,1,150848
7290109920757,false,מרכך כביסה מרוכז ורדים הפי 1 ליטר,יעקובי הפי,,הפי מרכך כביסה מרוכז,ליטרים,1.00,ליטר,false,,11.00,11.0000,true,1,150849
7290109920795,false,אסטוניש נוזל לניקוי כללי לבנדר 1 ליטר,יעקובי אסטוניש,,אסטוניש נוזל לניקוי,יחידה,0.00,יחידה,false,,9.90,0.0000,true,1,152786
7290109920825,false,צמד-דורגול אספרסו + דורגול מקציף חלב מתנה,יעקובי דורגול,,דורגול לניקוי מכונו,מיליליטרים,500.00,"100 מ""ל",false,,29.90,5.9800,true,1,167688
7290109920917,false,"ג'ל לניקוי אסלה עם כלור הפי 750 מ""ל",וונדפוט,,יעקבי ג'ל לניקוי האס,מיליליטרים,750.00,"100 מ""ל",false,,6.90,0.9200,true,1,157490
7290109921129,false,מרכך כביסה סופר מרוכז בניחות סיגליות 1 ל' יעקבי,יעקובי הפי,,הפי מרכך כביסה סופר,ליטרים,1.00,ליטר,false,,11.00,11.0000,true,1,157491
7290109921372,false,אסטוניש משחה לניקוי תנורים וגריל+ספוג 250 גר',יעקובי אסטוניש,,אסטוניש משחה לתנורים,יחידה,0.00,יחידה,false,,18.90,0.0000,true,1,176885
7290109921488,false,"דורגול לניקוי וחיטוי מכונת הכביסה יעקבי 500 מ""ל",יעקובי דורגול,,דורגול מסיר אבנית ממ,מיליליטרים,500.00,"100 מ""ל",false,,29.90,5.9800,true,1,180783
7290109921563,false,רצפות שיש מבריק ואינו מחליק,וונדפוט,,יעקבי לרצפות שיש 1.2,ליטרים,1.25,ליטר,false,,14.90,11.9200,true,1,180784
7290109921570,false,יעקבי רצפות לניקוי פרקט 1.25 ליטר,וונדפוט,,יעקבי לניקוי פרקט 1.,ליטרים,1.25,ליטר,false,,14.90,11.9200,true,1,180785
7290110052140,false,זיקוק מס 1 (1X25X10),,,זיקוק מספר 1,יחידה,0.00,יחידה,false,,4.00,0.0000,true,1,180248
7290110052171,false,זיקוק ספרה 4 יח,שמחה זה אנחנו,,זיקוק מספר 4,יחידה,0.00,יחידה,false,,4.00,0.0000,true,1,180251
7290110052201,false,זיקוק מס 7 (1X25X10),שמחה זה אנחנו,,זיקוק מספר 7,יחידה,0.00,יחידה,false,,4.00,0.0000,true,1,180254
7290110052225,false,זיקוק מס 9 (1X25X10),שמחה זה אנחנו,,זיקוק מספר 9,יחידה,0.00,יחידה,false,,4.00,0.0000,true,1,180266
7290110052232,false,זיקוק מס 0 (1X25X10),,,זיקוק מספר 0,יחידה,0.00,יחידה,false,,4.00,0.0000,true,1,180256
7290110110017,false,פאנטה בטעם תות 1.5 ליטר,החברה המרכזית לייצור משק,,פאנטה תות 1.5 ליטר,ליטרים,1.50,ליטר,false,,6.70,4.4667,true,1,145723
7290110110024,false,"פאנטה תות פחית סליק 330מ""ל",החברה המרכזית לייצור משק,,משקה פאנטה תות סליק,מיליליטרים,330.00,"100 מ""ל",false,,6.00,1.8182,true,1,147411
7290110110413,false,פריגת צלול בטעם ענבי,פריגת,,פריגת צלול ענבים 1.5,ליטרים,1.50,ליטר,false,,6.70,4.4667,true,1,154654
7290110110420,false,פריגת צלול תפוחים1.5ליטר,"מבשלות בירה לישראל בע""\מ",,פריגת צלול תפוחים 1.,ליטרים,1.50,ליטר,false,,6.70,4.4667,true,1,154655
7290110110444,false,פריגת צלול אננס 1.5 ליטר,"מבשלות בירה לישראל בע""מ",,פריגת צלול אננס 1.5,ליטרים,1.50,ליטר,false,,6.70,4.4667,true,1,154657
7290110110574,false,"פחיות קוקה קולה זירו לימון 330 מ""ל",החברה המרכזית לייצור משק,,סליק קוקה קולה זירו,מיליליטרים,330.00,"100 מ""ל",false,,6.00,1.8182,true,1,156544
7290110110581,false,קולה זירו נטול קפאין1.5ל,החברה המרכזית לייצור משק,,קוקה קולה זירו נטול,ליטרים,1.50,ליטר,false,,6.50,4.3333,true,1,156545
7290110110598,false,קולה זירו לימון 1.5 ליטר,החברה המרכזית לייצור משק,,קוקה קולה זירו לימון,ליטרים,1.50,ליטר,false,,6.50,4.3333,true,1,156546
7290110110611,false,ספרייט מופחת 1.5 ליט,החברה המרכזית לייצור משק,,ספרייט מופחת 1.5 ליט,ליטרים,1.50,ליטר,false,,6.50,4.3333,true,1,154664
7290110110628,false,ספרייט ליים 1.5*6 ליטר,החברה המרכזית לייצור משק,,ספרייט מופחת 6*1.5 ל,ליטרים,1.50,ליטר,false,,36.90,24.6000,true,1,154665
7290110110659,false,"ספרייט לימון ליים פחית 330מ""ל",החברה המרכזית לייצור משק,,משקה ספרייט מופחת סל,מיליליטרים,330.00,"100 מ""ל",false,,6.00,1.8182,true,1,154659
7290110110925,false,פריגת תפוזים ולנסיה,,,פריגת תפוזים ולנסיה,ליטרים,1.50,ליטר,false,,6.70,4.4667,true,1,150976
7290110111694,false,פריגת צלול לימוננע 1.5 ל,"מבשלות בירה לישראל בע""\מ",,פריגת צלול לימונענע,ליטרים,1.50,ליטר,false,,6.70,4.4667,true,1,182781
7290110111809,false,"מארז פחיות פאנטה אורנג' שישייה 330 מ""ל",החברה המרכזית לייצור משק,,פאנטה אורנג' פרידג',מיליליטרים,330.00,"100 מ""ל",false,,19.90,6.0303,true,1,178471
7290110112325,false,פריגת אננס קוקוס 1.5ליטר,מבשלות בירה בינלאומיות ב,,פריגת אננס וקוקוס 1.,ליטרים,1.50,ליטר,false,,6.70,4.4667,true,1,179224
7290110113872,false,פריגת תפוזים 1 ליטר,,,פריגת תפוזים 1 ליטר,ליטרים,1.00,ליטר,false,,0.00,0.0000,true,1,187767
7290110114237,false,קוקה קולה פחיות 330*4מל,החברה המרכזית לייצור משק,,FRIDGE PACK מארז קוק,יחידה,0.00,יחידה,false,,0.00,0.0000,true,1,187768
7290110114343,false,פריגת תות בננה 1.5 ל,,,פריגת תות בננה 1.5 ל,ליטרים,1.50,ליטר,false,,0.00,0.0000,true,1,198897
7290110114350,false,פריגת תפוזים 1.5 ליט,,,פריגת תפוזים 1.5 ליט,ליטרים,1.50,ליטר,false,,0.00,0.0000,true,1,198898
7290110160166,false,מתקן לקיסמים 4105 48,,,מתקן לקיסמים 4105 48,יחידה,0.00,יחידה,false,,9.90,0.0000,true,1,163682
7290110320683,false,שמיניית משקה יוגורט 1.5% טעם תות יופלה 107 גרם,מיוצר עי קונדיטוריית,,משקה יופלה 360 בטעם,יחידה,0.00,יחידה,false,,17.90,0.0000,true,1,150296
7290110320775,false,משקה יוגורט קלאסי 107*8ג,מיוצר עי קונדיטוריית,,יופלה 360 שמיניה קלא,יחידה,0.00,יחידה,false,,17.90,0.0000,true,1,150297
7290110320850,false,פתיתים גבינה חצי קשה מגורדת 28% שומן,תנובה מרכז שיתופי לש,,פתיתי עמק 28% שומן,גרמים,200.00,100 גרם,false,,15.90,0.0795,true,1,146164
7290110320867,false,פתיתים גבינה חצי קשה מגורדת 28% שומן,תנובה מרכז שיתופי לש,,פתיתי עמק 28% שומן,גרמים,500.00,100 גרם,false,,35.90,0.0718,true,1,146166
7290110321048,false,יופלהGO מתיקות מעודנ200ג,תנובה חלב,,יופלה GO יוג מועשר ב,יחידה,0.00,יחידה,false,,5.50,0.0000,true,1,150335
7290110321246,false,פרילי אפרסק 1.5% 125 גרם,מחלבת אלון תבור,,פרילי אפרסק 125 גר',מיליליטרים,125.00,"100 מ""ל",false,,3.30,2.6400,true,1,150575
7290110321277,false,קוטג' בקטנה 5% תנובה 100 גרם מהדרין,פארייפאבה אגרואינדוס,,קוטג' בקטנה 100 גרם,גרמים,100.00,100 גרם,false,,2.90,0.0290,true,1,151203
7290110321680,false,יוגורט GO בטעם תות 20 גרם חלבון בגביע,מיוצר עי קונדיטוריית,,יופלה GO יוגורט מועש,יחידה,0.00,יחידה,false,,5.90,0.0000,true,1,152478
7290110321697,false,יוגורט GO בטעם אפרסק 20 גרם חלבון בגביע,מיוצר עי קונדיטוריית,,יופלה GO יוגורט מועש,יחידה,0.00,יחידה,false,,5.90,0.0000,true,1,152479
7290110323066,false,משקה יוגורט גו מועשר בחלבון בננה אפרסק,תנובה חלב,,משקה יוגורט GO מועשר,מיליליטרים,250.00,"100 מ""ל",false,,6.50,2.6000,true,1,162200
7290110323073,false,"משקה יוגורט יופלה גו תות פטל 250 מ""ל - רבנות",מיוצר עי קונדיטוריית,,משקה יוגורט GO מועשר,מיליליטרים,250.00,"100 מ""ל",false,,6.50,2.6000,true,1,162664
7290110323097,false,מעדן גבינה עם תות 5% שומן 80 ג' תנובה,תנובה בעמ,,תאומים 80 גרם,יחידה,0.00,יחידה,false,,1.90,0.0000,true,1,167699
7290110323202,false,יוגורט יופלה גו בטעם,"תנובה בע""מ",,יופלה GO יוגורט מועש,יחידה,0.00,יחידה,false,,5.90,0.0000,true,1,177484
7290110323585,false,יופלה יוגורט עם דובדבן מופחת קלוריות 200 ג' GO,יופלה Yoplait,,יופלה GO יוגורט לייט,יחידה,0.00,יחידה,false,,5.90,0.0000,true,1,167295
7290110323592,false,יופלה יוגורט עם אפרסק מופחת קלוריות 200 ג' GO,יופלה Yoplait,,יופלה GO יוגורט לייט,יחידה,0.00,יחידה,false,,5.90,0.0000,true,1,167296
7290110323714,false,משקה קוקוס שקדים תנובה E אלטרנטיב,מיוצר עי קונדיטוריית,,משקה קוקוס שקדים,ליטרים,1.00,ליטר,false,,11.90,11.9000,true,1,173011
7290110324353,false,יוגורט GO לייט בטעם אננס 20 גרם חלבון בגביע,מיוצר עי קונדיטוריית,,יופלה GO לייט אננס,יחידה,0.00,יחידה,false,,5.90,0.0000,true,1,177482
7290110324612,false,יוגורט2% תות שמנת+קש200ג,"תנובה בע""\מ",,יופלה יוגורט בכוס עם,יחידה,0.00,יחידה,false,,5.90,0.0000,true,1,179741
7290110324636,false,יוגורט2%פירות יער+קש200ג,"תנובה בע""\מ",,יופלה יוגורט בכוס עם,יחידה,0.00,יחידה,false,,5.90,0.0000,true,1,179745
7290110324711,false,ממרח סויה 9% שומן בטעם טבעי תנובה 250 גרם,מיוצר עי קונדיטוריית,,ממרח סויה 9% בטעם טב,גרמים,250.00,100 גרם,false,,8.90,0.0356,true,1,178556
7290110324872,false,גבינה צהובה גלבוע 5% שומן 200 גרם,גלבוע - תנובה,,גלבוע 5% 200 גרם,גרמים,200.00,100 גרם,false,,18.90,0.0945,true,1,181987
7290110325114,false,"משקה יוגורט יופלה גו לייט תות בננה 250 מ""ל - רבנות",מיוצר עי קונדיטוריית,,משקה יוגורט גו לייט,מיליליטרים,250.00,"100 מ""ל",false,,6.50,2.6000,true,1,179752
7290110325435,false,גבינה לבנה למריחה 5%,מיוצר עי קונדיטוריית,,גבינה לבנה למריחה 5%,יחידה,0.00,יחידה,false,,0.00,0.0000,true,1,188660
7290110325619,false,משקה שיבולת שועל תנובה E אלטרנטיב,מיוצר עי קונדיטוריית,,משקה שיבולת שועל 1 ל,ליטרים,1.00,ליטר,false,,11.90,11.9000,true,1,183682
7290110325718,false,יופלה גו טבעי 150 גר,מיוצר עי קונדיטוריית,,יופלה גו טבעי 150 גר,גרמים,150.00,100 גרם,false,,4.90,0.0327,true,1,183683
7290110325886,false,משקה תנובה גו אייס ק,,,תנובה GO משקה חלב אי,מיליליטרים,250.00,"100 מ""ל",false,,6.50,2.6000,true,1,183684
7290110326227,false,יופלה און טופ קורנפלקס תנובה 157 גרם,מיוצר עי קונדיטוריית,,יופלה און טופ קורנפל,גרמים,157.00,100 גרם,false,,4.90,0.0312,true,1,187090
7290110326234,false,יופלה און טופ כוכבים תנובה 157 גרם,מיוצר עי קונדיטוריית,,יופלה און טופ כוכבים,גרמים,157.00,100 גרם,false,,4.90,0.0312,true,1,187091
7290110326241,false,יופלה און טופ גרנולה תנובה 157 גרם,מיוצר עי קונדיטוריית,,יופלה און טופ גרנולה,גרמים,157.00,100 גרם,false,,4.90,0.0312,true,1,187092
7290110327965,false,משקה חלב שוקולד נוגט,,,משקה חלב עם שוקולד ב,ליטרים,1.00,ליטר,false,,0.00,0.0000,true,1,188344
7290110331795,false,כובע חיות פרווה (ילד,,,כובע חיות פרווה (ילד,יחידה,0.00,יחידה,false,,0.00,0.0000,true,1,196193
7290110337551,false,בובת תינוק עם חלוק ב,,,בובת תינוק עם חלוק ב,יחידה,0.00,יחידה,false,,0.00,0.0000,true,1,189623
7290110461225,false,FOOD APPEAL סט 6 כוס,,,FOOD APPEAL סט 6 כוס,יחידה,0.00,יחידה,false,,79.90,0.0000,true,1,175306
7290110476021,false,כסא לאונג' 2 מצבים,,,כסא לאונג' 2 מצבים,יחידה,0.00,יחידה,false,,0.00,0.0000,true,1,198904
7290110560300,false,"הפריכיות הטעימות חומוס, עדשים שחורות, קינואה ופלפל שחור",אנרג'י Energy - שטראוס,,פריכיות משולשות פלפל,יחידה,0.00,יחידה,false,,5.90,0.0000,true,1,172259
7290110560836,false,מילקי בטעם פסק זמן 133 ג,מיוצר עי קונדיטוריית,,מילקי בטעם פסק זמן 1,גרמים,133.00,100 גרם,false,,2.90,0.0218,true,1,154668
7290110561543,false,פרו טריפל זירו וניל 150ג,"שטראוס בריאות בע""\מ",,דנונה פרו טריפל זירו,גרמים,150.00,100 גרם,false,,4.50,0.0300,true,1,154672
7290110561604,false,מארז 8 יחידות מעדן גמדים בטעם תות בננה,"שטראוס בריאות בע""\מ",,שמיניית גמדים תות בנ,גרמים,800.00,100 גרם,false,,19.90,0.0249,true,1,153144
7290110561918,false,תפוצ'יפס אפוי יוגורט ושום שמיר 45 גרם,פריטו ליי טורקיה,,תפוצ'יפס אפוי יוגורט,יחידה,0.00,יחידה,false,,3.90,0.0000,true,1,175533
7290110563462,false,חלב 2% דל לקטוז בבקבוק יטבתה 1 ליטר.,מחלבת יטבתה,,חלב נטול לקטוז יטבתה,ליטרים,1.00,ליטר,false,,8.90,8.9000,true,1,175918
7290110563851,false,אנרגי חטיפי דגנים אגוזים ושוקולד חלב מא6,"שטראוס גרופ בע""\מ",,מאגדת אנרגי תחתית מר,גרמים,144.00,100 גרם,false,,13.90,0.0965,true,1,156354
7290110563868,false,אנרגי חטיפי דגנים אגוזים ושוקולד מריר מ6,"שטראוס גרופ בע""\מ",,מאגדת אנרגי תחתית מר,גרמים,144.00,100 גרם,false,,13.90,0.0965,true,1,156351
7290110564339,false,חומוס אחלה הסידרה המובחר 30% טחינה 400 גר',מיוצר עי קונדיטוריית,,חומוס עשיר ב 30% טחי,גרמים,400.00,100 גרם,false,,13.90,0.0348,true,1,153149
7290110564360,false,חומוס אחלה הסידרה המובחר 40% טחינה 400 גר',מיוצר עי קונדיטוריית,,חומוס עשיר ב 40% טחי,גרמים,400.00,100 גרם,false,,13.90,0.0348,true,1,153150
7290110565435,false,"לימבו ג'לי פטל 125 גרם חלבי ""שטראוס""","שטראוס גרופ בע""\מ",,לימבו פטל חלבי 125 ג,גרמים,125.00,100 גרם,false,,1.90,0.0152,true,1,151827
7290110565527,false,יוגורט PRO פרו 1.5% 20 גרם חלבון בגביע,"שטראוס בריאות בע""מ",,דנונה פרו 20 גרם חלב,גרמים,200.00,100 גרם,false,,5.90,0.0295,true,1,151225
7290110565664,false,עוגת בראוניז מריר+קרם380,"שטראוס גרופ בע""\מ",,בראוניס שוקולד מריר,גרמים,380.00,100 גרם,false,,16.90,0.0445,true,1,162697
7290110566036,false,שטראוס יוגורט 4.5% 1,"בר בכפר בע""מ",,שטראוס יוגורט 4.5% 1,ליטרים,1.50,ליטר,false,,16.80,11.2000,true,1,156388
7290110566043,false,יוגורט 4.5% שומן 3 ל' שטראוס,"מחלבות בר בכפר בע""מ",,שטראוס יוגורט כד 4.5,ליטרים,3.00,ליטר,false,,27.90,9.3000,true,1,156389
7290110566623,false,קפסולות קולומביה עלית 08 למכונת נספרסו מארז 5X10ג',שטראוס קפה בי.וי.,,עלית קפסולות קולומבי,יחידה,0.00,יחידה,false,,18.00,0.0000,true,1,157104
7290110566975,false,דנונה פרו יוגורט 0% תות עשיר בחלבון 200ג',"שטראוס בריאות בע""\מ",,דנונה פרו תות 200 גר,גרמים,200.00,100 גרם,false,,5.90,0.0295,true,1,154675
7290110568276,false,משקה וניל פרו Pro מועשר בחלבון 1.5%,שטראוס גרופ,,משקה יטבתה פרו וניל,מיליליטרים,350.00,"100 מ""ל",false,,6.90,1.9714,true,1,156387
7290110568498,false,קונפיטורית תות במתיקות מעודנת 265 גר' יד מרדכי,"אינסטנטה בע""מ",,יד מרדכי קונפיטורת ת,גרמים,265.00,100 גרם,false,,16.00,0.0604,true,1,176950
7290110568504,false,קונפיטורת משמש במתיקות מעודנת יד מרדכי 265 גרם,קריות זול,,יד מרדכי קונפיטורת מ,גרמים,265.00,100 גרם,false,,16.00,0.0604,true,1,176947
7290110568511,false,קונפיטורית פירות יער במתיקות מעודנת 265 גר' יד מרדכי,קריות זול,,יד מרדכי קונפיטורת פ,גרמים,265.00,100 גרם,false,,16.00,0.0604,true,1,176951
7290110568559,false,דוריטוס עלית מארז חמוץ חריף 10 יח' *25 ג',"שטראוס פריטו ליי בע""מ )פ",,מארז דוריטוס חמוץ חר,גרמים,250.00,100 גרם,false,,14.90,0.0596,true,1,157007
7290110580780,false,פפיון קישוט יוטה זהב,,,פפיון קישוט יוטה זהב,יחידה,0.00,יחידה,false,,21.90,0.0000,true,1,181478
7290110730109,false,נוטרילון קומפורט תרכובת מזון מגיל לידה,נוטרישיה קאלק,,נוטרילון קומפורט 900,גרמים,900.00,100 גרם,false,,99.90,0.1110,true,1,148997
7290110804602,false,אוליב מסכה לשיער פגום 500מ'ל,א.פ.חורי,,אוליב מסכה לשיער פגו,יחידה,0.00,יחידה,false,,0.00,0.0000,true,1,188138
7290111095818,false,קוויק שקיות אשפה L חזקות במיוחד עם שרוך 40 יח',,,קוויק - שקיות אשפה ע,יחידה,0.00,יחידה,false,,0.00,0.0000,true,1,197008
7290111170034,false,משקל דיגטלי,,,משקל דיגטלי,יחידה,0.00,יחידה,false,,129.90,0.0000,true,1,161320
7290111170263,false,מסיר שיער גברים-FJ-MANGROOM1,,,פוגיקום מסיר שיער לג,יחידה,0.00,יחידה,false,,129.90,0.0000,true,1,156085
7290111170720,false,ערכת טיפוח לגבר -FJ-HT300KIT,,,פוג'יקום ערכת טיפוח,יחידה,0.00,יחידה,false,,99.90,0.0000,true,1,172733
7290111170867,false,פוג'יקום מטען ביטחות,,,פוג'יקום מטען ביטחות,יחידה,0.00,יחידה,false,,79.90,0.0000,true,1,172730
7290111170911,false,מייבש שיער פוג'יקום 2000W,,,פוגיקום מייבש שיער,יחידה,0.00,יחידה,false,,199.00,0.0000,true,1,175219
7290111285363,false,צלחת במבוק מיניונים '9,,,צלחת במבוק מיניונים,יחידה,0.00,יחידה,false,,9.90,0.0000,true,1,156433
7290111285530,false,כוס במבוק סמי הכבאי יח,שמחה זה אנחנו,,כוס במבוק סמי הכבאי,יחידה,0.00,יחידה,false,,9.90,0.0000,true,1,156453
7290111304484,false,אורגן טייפ חשמלי לפע,,,אורגן טייפ חשמלי לפע,יחידה,0.00,יחידה,false,,0.00,0.0000,true,1,189628
7290111309175,false,בובה טוויני שרה בערב,,,בובה טוויני שרה בערב,יחידה,0.00,יחידה,false,,0.00,0.0000,true,1,189634
7290111309717,false,בובה טוויני בקופסה,,,בובה טוויני בקופסה,יחידה,0.00,יחידה,false,,0.00,0.0000,true,1,189638
7290111340185,false,מטליות לחות רצפה ניחוח מרכך כביסה ניקול 10 יחידות,חוגלה קימברלי,,ניקול מטליות לחות לר,יחידה,10.00,יחידה,false,,10.00,1.0000,true,1,147123
7290111340888,false,דיפנד תחתון סופג גברים M,חוגלה,,תחתוני גבר M,יחידה,0.00,יחידה,false,,0.00,0.0000,true,1,192806
7290111341830,false,מפת שולחן בגליל + סליידר 20 מטר,חוגלה קימברלי,,ניקול מפת שולחן בגלי,יחידה,0.00,יחידה,false,,24.90,0.0000,true,1,175193
7290111342004,false,נייר טואלט לילי לח קידס 56 דפים,חוגלה קימברלי,,לילי מגבונים לחים קי,יחידה,0.00,יחידה,false,,7.90,0.0000,true,1,178751
7290111342042,false,ניקול כריות יפניות אנטיבקטריאלי 4 יחידות,פלסטו פוליש,,כריות יפניות אנטיבקט,יחידה,0.00,יחידה,false,,14.90,0.0000,true,1,183142
7290111342073,false,מטליות מקרופייבר למשטחים אנטיבקטריאלי ניקול,ניקול,,מטליות מיקרופייבר אנ,יחידה,0.00,יחידה,false,,14.90,0.0000,true,1,183144
7290111342189,false,ניקול מפיות אירוח חד שכבתי צבעוני 150 יחידות,חוגלה קימברלי,,מפיות אירוח 1 שכבתי,יחידה,0.00,יחידה,false,,7.90,0.0000,true,1,181647
7290111342202,false,מגני תחתון קוטקס לארג' גיגה 64 יחי',קימברלי,,קוטקס לארג' ג'יגה 76,יחידה,0.00,יחידה,false,,24.90,0.0000,true,1,182535
7290111342547,false,קוטקס מגיני תחתון יאנג גיגה 76 יחידות,קימברלי,,קוטקס יאנג ג'יגה 76,יחידה,0.00,יחידה,false,,21.90,0.0000,true,1,182536
7290111343797,false,מטליות לחות לניקוי חלונות 48 יח' ניקול,חוגלה קימברלי,,מטליות לחות לניקוי ח,יחידה,0.00,יחידה,false,,0.00,0.0000,true,1,188649
7290111350412,false,"צ'וקטה טבלת שוקולד מריר מארז, חמישייה * 100 גרם",,,צוקטה טבלאות שוקולד,יחידה,0.00,יחידה,false,,16.90,0.0000,true,1,157357
7290111350665,false,קליית גת דבש לחיץ טהור מפרחי בר 350 גרם,חקלאות עין חרוד מאוח,,דבש טהור לחיץ קליית,גרמים,350.00,100 גרם,false,,21.90,0.0626,true,1,157060
7290111350672,false,צנצנת דבש קליית גת 700 גרם,חקלאות עין חרוד מאוח,,דבש טהור צנצנת קליית,גרמים,700.00,100 גרם,false,,34.90,0.0499,true,1,157061
7290111350719,false,חטיף נאצוס הוטפופ בסגנון מסעדות 322 גר,ליימן מותגים,,נאצוס חטיף תירס בסגנ,גרמים,322.00,100 גרם,false,,15.90,0.0494,true,1,175465
7290111350726,false,חטיף נאצוס הוטפופ בסגנון מקסיקני 322 גר,ליימן מותגים,,נאצוס חטיף מתירס צהו,גרמים,322.00,100 גרם,false,,15.90,0.0494,true,1,175466
7290111350740,false,הוט פופ קידס טבעי+מלח 500 ג' +5 גביעים,ליימן מותגים,,הוטפופ קידס מארז 5 ש,יחידה,0.00,יחידה,false,,15.90,0.0000,true,1,162655
7290111350856,false,צוקטה עוגות אישיות ש,,,צוקטה עוגות אישיות ש,גרמים,240.00,100 גרם,false,,9.90,0.0413,true,1,172714
7290111350986,false,סוכריות גומי יוגטה ב,,,יוגטה סוכריות גומי ב,גרמים,200.00,100 גרם,false,,10.90,0.0545,true,1,172707
7290111351174,false,צוקטה עוגיות בטעם חמ,,,צוקטה עוגיות בטעם חמ,גרמים,340.00,100 גרם,false,,10.90,0.0321,true,1,173494
7290111351433,false,"צ'וקטה עלי וופל דקים בטעם חמאה, 100 גרם",דיסטרופר אוליבייר,,עלי וופל דקים בטעם ח,יחידה,0.00,יחידה,false,,9.90,0.0000,true,1,177845
7290111351617,false,בייגלה צוקטה בתוספת,,,צ'וקטה חטיפי בייגלה,גרמים,200.00,100 גרם,false,,5.90,0.0295,true,1,179015
7290111351624,false,"צ'וקטה חטיף בייגלה בתוספת מלח, 200 גרם",,,צ'וקטה חטיפי בייגלה,גרמים,200.00,100 גרם,false,,5.90,0.0295,true,1,179016
7290111351686,false,ממרח חלב ואגוזי לוז700גר,נאטרא מאלה,,צוקטה ממרח חלב וממרח,גרמים,700.00,100 גרם,false,,18.90,0.0270,true,1,178439
7290111351747,false,צ'וקטה טורטיה מקמח חיטה 320 גרם,צ'וקטה,,טורטיות מקמח חיטה,גרמים,320.00,100 גרם,false,,9.90,0.0309,true,1,181013
7290111352522,false,מארז עגבניות קצוצות,,,מארז עגבניות קצוצות,גרמים,1200.00,100 גרם,false,,12.90,0.0108,true,1,185521
7290111352690,false,יוגטה סורבה בטעם רימ,,,יוגטה סורבה בטעם רימ,יחידה,0.00,יחידה,false,,0.00,0.0000,true,1,188463
7290111352706,false,סורבה יוגטה בטעם לימ,דולפין,,יוגטה סורבה בטעם לימ,יחידה,0.00,יחידה,false,,0.00,0.0000,true,1,188464
7290111352713,false,סורבה יוגטה בטעם תפו,דולפין,,יוגטה סורבה בטעם תפו,יחידה,0.00,יחידה,false,,0.00,0.0000,true,1,188465
7290111353062,false,סוכריות גומי דובונים 800 גרם יוגטה,טופגם תעשיות ממתקים,,יוגטה סוכריות גומי ד,גרמים,800.00,100 גרם,false,,0.00,0.0000,true,1,187369
7290111353109,false,"גומי נחש מבריק 200 גר' וסטהיים (כש""לפ בית יוסף).",טופגם תעשיות ממתקים,,יוגטה סוכריות גומי נ,גרמים,200.00,100 גרם,false,,0.00,0.0000,true,1,188787
7290111353116,false,סוכריות גומי נחשים מבריק 800 גרם יוגטה.,ליימן מותגים,,סוכריות גומי נחשים מ,גרמים,800.00,100 גרם,false,,0.00,0.0000,true,1,188563
7290111353123,false,"גומי נחש מסוכר 200 גר' וסטהיים (כש""לפ בית יוסף)",טופגם תעשיות ממתקים,,יוגטה סוכריות גומי נ,גרמים,200.00,100 גרם,false,,0.00,0.0000,true,1,187371
7290111353239,false,"גומי יין 200 גר' וסטהיים (כש""לפ בית יוסף)",טופגם תעשיות ממתקים,,יוגטה סוכריות גומי י,גרמים,200.00,100 גרם,false,,0.00,0.0000,true,1,187374
7290111534010,false,פס גבינה שמנת פירורים קפולסקי 400 גרם,תופינים מקבוצת קפולסקי,,קפולסקי פס גבינה שמנ,גרמים,450.00,100 גרם,false,,34.90,0.0776,true,1,144027
7290111534157,false,פחזניות וניל 180 גרם,תופינים מקבוצת קפולסקי,,פחזניות וניל 180 גרם,גרמים,180.00,100 גרם,false,,14.90,0.0828,true,1,187123
7290111560583,false,"קמח תופח30%+ח.מלאה 1 ק""ג","אסם השקעות בע""\מ",,אסם קמח תופח עם 30%,קילוגרמים,1.00,"ק""ג",false,,10.90,10.9000,true,1,144195
7290111560910,false,אסם וופל בטעם שוקולד200 גרם,Unknown,,וופלים בטעם שוקולד 2,גרמים,200.00,100 גרם,false,,4.90,0.0245,true,1,149572
7290111563249,false,צבר חציל פיקנטי מרוב,לחמנו,,צבר חציל פיקנטי מרוב,גרמים,400.00,100 גרם,false,,11.90,0.0298,true,1,155909
7290111563355,false,צבר סלט טורקי מרובע,לחמנו,,צבר סלט טורקי מרובע,גרמים,400.00,100 גרם,false,,11.90,0.0298,true,1,155913
7290111563492,false,סלטי צבר מטבוחה חריפה מרובע 6*400גרם,סלטי צבר,,צבר מטבוחה חריפה מרו,גרמים,400.00,100 גרם,false,,11.90,0.0298,true,1,155910
7290111563775,false,פרפקטו פארפלה מהודרת 600 גר',פסטה זארה,,פרפקטו פארפלה 600 גר,גרמים,600.00,100 גרם,false,,7.90,0.0132,true,1,182779
7290111564239,false,מאגדת מיני קראנץ וניל 5 יח' נסטלה,גלידות נסטלה )נגה גלידות,,מיני קראנץ' וניל 5 י,יחידה,0.00,יחידה,false,,26.90,0.0000,true,1,185978
7290111564277,false,פריכיות דקות ונימוחות 3 דגנים פיטנס Fitness,פרח תעשיות בעמ,,אסם פיטנס פריכיות 3,יחידה,0.00,יחידה,false,,10.90,0.0000,true,1,146855
7290111564291,false,פריכיות דקות ונימוחות 3 דגנים וקינואה פיטנס Fitness,פרח תעשיות בעמ,,אסם פיטנס פריכיות דק,גרמים,120.00,100 גרם,false,,10.90,0.0908,true,1,146856
7290111564666,false,כדורי בשר צמחוניים עם המון חלבון,טבעול ישראל,,טבעול כדורי בשר מן ה,גרמים,500.00,100 גרם,false,,34.90,0.0698,true,1,152361
7290111564741,false,ערגליות פטל 300 גרם,אסם,,ערגליות פטל 300 גרם,גרמים,300.00,100 גרם,false,,10.90,0.0363,true,1,151910
7290111564819,false,אח של ביסלי מעושן 70 גרם,"אסם השקעות בע""\מ",,אח של ביסלי מעושן 70,יחידה,0.00,יחידה,false,,4.90,0.0000,true,1,151293
7290111564932,false,אח של ביסלי צ'ילי 70 גרם,Unknown,,אח של ביסלי ספייסי צ,יחידה,0.00,יחידה,false,,4.90,0.0000,true,1,151294
7290111565038,false,"לה קרמריה וניל קוקילידה בד""צ 1.4 ל'",גלידות נסטלה )נגה גלידות,,לה קרמריה וניל קוקיל,יחידה,0.00,יחידה,false,,19.90,0.0000,true,1,185970
7290111566226,false,שניצל ברוקולי טבעול 667 גרם,עיצובים 2020 (4.8),,טבעול שניצל ברוקולי,גרמים,667.00,100 גרם,false,,34.90,0.0523,true,1,152414
7290111566271,false,חטיפי תירס טבעול 657 גרם,עיצובים 2020 (4.8),,טבעול חטיפי תירס 657,גרמים,657.00,100 גרם,false,,34.90,0.0531,true,1,152398
7290111566417,false,טבעול טחון מן הצומח משופר 400 גרם,עיצובים 2020 (4.8),,טבעול טחון צמחני 500,גרמים,500.00,100 גרם,false,,34.90,0.0698,true,1,152428
7290111566547,false,טבעול חזה בגריל צמחוני 99 קלוריות 560ג',עיצובים 2020 (4.8),,טבעול חזה בגריל צמחו,גרמים,560.00,100 גרם,false,,34.90,0.0623,true,1,152422
7290111566561,false,"שניצל ברוקולי 99 קלוריות 560 גר' ""טבעול""",עיצובים 2020 (4.8),,טבעול שניצל ברוקולי,גרמים,560.00,100 גרם,false,,34.90,0.0623,true,1,152423
7290111566714,false,טבעול המבורגר צמחוני 99 קלוריות 600 גרם,עיצובים 2020 (4.8),,טבעול המבורגר צמחוני,גרמים,600.00,100 גרם,false,,34.90,0.0582,true,1,152426
7290111566776,false,"נקניקיות קוקטייל מן הצומח 680 גרם ""טבעול""",עיצובים 2020 (4.8),,טבעול נקניקיות קוקטי,גרמים,680.00,100 גרם,false,,34.90,0.0513,true,1,152419
7290111567018,false,פירורית זהב אסם זהב כוסמין 200 ג',עינת תעשיות מזון אגו,,אסם פירורית זהב כוסמ,גרמים,200.00,100 גרם,false,,7.10,0.0355,true,1,151946
7290111567223,false,מארז מיני פריכיות שו,אסם,,מארז מיני פריכיות שו,יחידה,0.00,יחידה,false,,21.90,0.0000,true,1,155911
7290111568275,false,אטריות נודלס אורז רחבות אסם אסייתי 300גרם,תאי פרזידנט,,אסם נודלס איטריות או,גרמים,300.00,100 גרם,false,,9.90,0.0330,true,1,155894
7290111568312,false,נודלס אטריות ביצים רחבות,פסטה זארה,,אסם נודלס ביצים רחבו,גרמים,400.00,100 גרם,false,,9.90,0.0248,true,1,155895
7290111568350,false,פירורית פנקו בסגנון יפני,Unknown,,אסם פירורית פנקו 300,גרמים,300.00,100 גרם,false,,7.50,0.0250,true,1,155808
7290111568466,false,רוטב אסייתי למוקפץ הסדרה האסייתית,"אסם השקעות בע""\מ",,אסם רוטב אסייתי למוק,מיליליטרים,290.00,"100 מ""ל",false,,14.90,5.1379,true,1,155631
7290111568480,false,רוטב אסם אסייתי חריף,"אסם השקעות בע""מ",,אסם רוטב אסייתי חריף,מיליליטרים,290.00,"100 מ""ל",false,,14.90,5.1379,true,1,155806
7290111568961,false,בייגלה טבעות מלח אסם 400 גרם,אסם,,אסם בייגלה טבעות מלח,גרמים,400.00,100 גרם,false,,11.00,0.0275,true,1,155986
7290111569616,false,צבר חומוס+המון חריף375ג,סלטי צבר,,צבר חומוס עם המון חר,גרמים,375.00,100 גרם,false,,11.00,0.0293,true,1,174369
7290111870798,false,משאבה עם בלונים פרוזן,,,סט זוג משאבה עם בלונ,יחידה,0.00,יחידה,false,,15.00,0.0000,true,1,180335
7290111873614,false,קערה במבוק כח פי ג'יי יח,,,קערה במבוק כח פי ג'י,יחידה,0.00,יחידה,false,,9.90,0.0000,true,1,156457
7290111873621,false,צלחת במבוק כח פי ג'יי '9,,,צלחת במבוק כח פי ג'י,יחידה,0.00,יחידה,false,,9.90,0.0000,true,1,156438
7290111874154,false,שקית 10 מודפס לבבות,,,שקית 10 מודפס לבבות,יחידה,0.00,יחידה,false,,10.00,0.0000,true,1,180412
7290111930799,false,קראנצ'וס טעם בצל 55גר,קראנצ'וס,,קראנצוס בצל 70 גרם,יחידה,0.00,יחידה,false,,3.90,0.0000,true,1,150719
7290111930850,false,קראנצ'וס טעם פיצה 55גר',קראנצ'וס,,קראנצוס פיצה 70 גרם,יחידה,0.00,יחידה,false,,3.90,0.0000,true,1,150721
7290111930898,false,חטיף פוף כוכבים גריל אמריקאי 40 גרם,פוף POOF,,פוף כוכבים גריל אמרי,יחידה,0.00,יחידה,false,,3.90,0.0000,true,1,151535
7290111930911,false,חטיף פוף לבבות קלאסי 40 גרם,פוף POOF,,פוף לבבות קלאסי 40,יחידה,0.00,יחידה,false,,3.90,0.0000,true,1,151537
7290111930928,false,חטיף פוף לבבות גריל 40 גרם,פוף POOF,,פוף לבבות רגיל 40 ג,יחידה,0.00,יחידה,false,,3.90,0.0000,true,1,151538
7290111930935,false,חטיף פוף טבעות קלאסי 40 גרם,פוף POOF,,פוף לבבות קלאסי 40 ג,יחידה,0.00,יחידה,false,,3.90,0.0000,true,1,151539
7290111930966,false,ממרח עגבניות מיובשות,סימנס אלמנטרי ס.ו.ל,,מאסטר שף ממרח עגבניו,גרמים,190.00,100 גרם,false,,13.90,0.0732,true,1,150730
7290111931321,false,"קולגייט משחת שיניים ילדים 6+ מיניונים 50 מ""ל",קולגייט- פלמוליב,,קולגייט משחת ילדים מ,יחידה,0.00,יחידה,false,,12.90,0.0000,true,1,156328
7290111932380,false,"מרידול משחת שיניים מארז 75X2מ""ל כשל""פ",GABA LOER GER,,מרידול מארז זוג 75 מ,יחידה,0.00,יחידה,false,,32.90,0.0000,true,1,174675
7290111932601,false,"מי פה קולגייט פלאקס קלאסי אדום 500 מ""ל",קולגייט פלמוליב,,קולגייט מי פה פלאקס,מיליליטרים,500.00,"100 מ""ל",false,,34.90,6.9800,true,1,161489
7290111933462,false,"רוטב צ'ילי מתוק מאסטר שף 300 מ""ל","סיטי פוד בע""מ",,מאסטר שף רוטב צילי מ,מיליליטרים,300.00,"100 מ""ל",false,,8.90,2.9667,true,1,154548
7290111933554,false,שלישייה עגבניות קוביות מאסטר שף 400 גרם,קונסוריזיו קאסאלסקו,,מאסטר שף שלישיית עגב,גרמים,1200.00,100 גרם,false,,16.90,0.0141,true,1,162124
7290111934049,false,קוקי רדיד אלומניום כ,,,קוקי רדיד אלומניום כ,יחידה,0.00,יחידה,false,,17.90,0.0000,true,1,183550
7290111935404,false,פלמוליב גורמה ספא פט,קולגייט פלמוליב,,פלמוליב גורמה ספא פט,מיליליטרים,500.00,"100 מ""ל",false,,15.90,3.1800,true,1,173062
7290111935527,false,"מ. שיניים קולגייט טוטל קלין מיניט -זוג כשל""פ2*100 גרם",קולגייט פלמוליב,,קולגייט טוטל קלין מי,יחידה,0.00,יחידה,false,,29.90,0.0000,true,1,174682
7290111935961,false,מאסטר שף מחית עגבניות 690 גרם,פראנו אנריקו ופיגלי,,מאסטר שף מחית עגבניו,גרמים,690.00,100 גרם,false,,11.90,0.0172,true,1,177594
7290111935992,false,אטריות להקצפה מאסטר שף 350 ג',ליהאנג פוד,,מאסטר שף איטריות להק,גרמים,350.00,100 גרם,false,,8.90,0.0254,true,1,181824
7290111936203,false,"ליידי ספיד סטיק דרמה ספריי ויטמין אי 150 מ""ל",ליידי ספיד סטיק Lady Speed Stick,,ליידי ספיד סטיק דרמה,יחידה,0.00,יחידה,false,,19.90,0.0000,true,1,178689
7290111936210,false,דאודורנט ספריי דרמה מכיל תמצית אם הפנינה,ליידי ספיד סטיק Lady Speed Stick,,לידי ספיד סטיק דרמה,מיליליטרים,150.00,"100 מ""ל",false,,19.90,13.2667,true,1,179504
7290111936296,false,"פלמוליב סבון נוזלי בניחוח סנסיישן מסאז' ,750 מ""ל",קולגייט פלמוליב,,פלמוליב ארומה סנסייש,מיליליטרים,750.00,"100 מ""ל",false,,15.90,2.1200,true,1,178117
7290111936784,false,פרי מארז חטיפים 5 יחידות תמרים ואגוזי לוז כשלפ,"טבעית מוצרים מהטבע בע""\מ",,פרי מארז חטיפים תמרי,יחידה,0.00,יחידה,false,,16.90,0.0000,true,1,175912
7290111936852,false,"מארז חמישיית חטיפי תמרים, חמוציות ותפוחי עץ פרי 125 גרם","טבעית מוצרים מהטבע בע""\מ",,פרי מארז חטיפים תמרי,יחידה,0.00,יחידה,false,,16.90,0.0000,true,1,175913
7290111937231,false,פרי מארז חטיפים 5 יחידות תמרים וקוקוס כשלפ,"טבעית מוצרים מהטבע בע""\מ",,פרי מארז חטיפים תמרי,יחידה,0.00,יחידה,false,,16.90,0.0000,true,1,175914
7290111937262,false,מארז חמישיית חטיפי תמרים אגוזים ושברי קקאו פרי 125 גרם,"טבעית מוצרים מהטבע בע""\מ",,פרי מארז חטיפים תמרי,יחידה,0.00,יחידה,false,,16.90,0.0000,true,1,175917
7290111938443,false,פריכיות מנה חיטה דקו,מנה,,מנה פריכיות חיטה דקו,יחידה,0.00,יחידה,false,,9.90,0.0000,true,1,178232
7290111938481,false,"רוטב סויה בהירה מאסטר שף 300 מ""ל",מאסטר שף,,מאסטר שף רוטב סויה ב,מיליליטרים,300.00,"100 מ""ל",false,,8.90,2.9667,true,1,187114
7290111938498,false,"מנה אסייאתי רוטב סויה בהירה 700 מ""ל מ.שף",קי.אר.אס. ספייסי פוד,,מאסטר שף אסייאתי רוט,מיליליטרים,700.00,"100 מ""ל",false,,15.90,2.2714,true,1,182668
7290111938825,false,גל רחצה מיסלר פלמולי,קולגייט פלמוליב,,פלמוליב מיסלר ג'ל ר,יחידה,0.00,יחידה,false,,19.90,0.0000,true,1,186867
7290111939174,false,קוקי ניילון נצמד עם גומי מידה לארג,קוקי,,קוקי ניילון נצמד עם,יחידה,0.00,יחידה,false,,10.90,0.0000,true,1,183552
7290111939679,false,מארז חטיפים פרי תמרי,טבעית מוצרים מן הטבע,,פרי חטיף תמרים קפוצ',יחידה,0.00,יחידה,false,,16.90,0.0000,true,1,180683
7290111939686,false,פרי חטיף תמרים סיידר,הדקלאים אגודת שיתופי,,פרי חטיף תמרים סיידר,יחידה,0.00,יחידה,false,,16.90,0.0000,true,1,180684
7290111978883,false,אטבים אקסטרה 60 יחיד,,,אטבים אקסטרה 60 יחיד,יחידה,0.00,יחידה,false,,0.00,0.0000,true,1,188170
7290111978944,false,מנדולינה פרימיום,,,מנדולינה פרימיום,יחידה,0.00,יחידה,false,,0.00,0.0000,true,1,195176
7290112000057,false,גל כביסה קרטין גולד וולייט 3 ליטר,רקיט בנקיזר,,וולייט ג'ל גולד לשמי,ליטרים,3.00,ליטר,false,,29.90,9.9667,true,1,149826
7290112000088,false,טבליות גל וולייט שמי,רקיט בנקיזר,,וולייט טבליות גולד ל,יחידה,15.00,יחידה,false,,19.90,1.3267,true,1,149829
7290112000101,false,וולייט טבליות לכביסה,רקיט בנקיזר,,וולייט טבליות לכביסה,יחידה,0.00,יחידה,false,,19.90,0.0000,true,1,149830
7290112000149,false,אירוויק מפיץ אדים אוטמטי מכשיר +מחלוי יסמין,RB הונגריה,,אירוויק מפיץ אדים קו,יחידה,0.00,יחידה,false,,59.90,0.0000,true,1,155223
7290112000286,false,"גל לניקוי אסלות סיליט באנג לימון 750 מ""ל",סיליט באנג Cillit Bang,,סיליט ג'ל אסלות לימו,מיליליטרים,750.00,"100 מ""ל",false,,9.90,1.3200,true,1,152044
7290112000293,false,"סיליט באנג ג'ל לחיטוי וניקוי האסלה פרש, 750 מ""ל",סיליט באנג Cillit Bang,,סיליט ג'ל אסלות פרש,מיליליטרים,750.00,"100 מ""ל",false,,9.90,1.3200,true,1,152045
7290112000385,false,מנקה ומחטא עוצמתי למטבח ללא אקונומיקה,רקיט בנקיזר,,דטול תרסיס למטבח 750,מיליליטרים,750.00,"100 מ""ל",false,,14.90,1.9867,true,1,163036
7290112000392,false,מנקה ומחטא עוצמתי לחדר האמבטיה ללא אקונומיקה,רקיט בנקיזר,,דטול תרסיס לאמבטיה 7,מיליליטרים,750.00,"100 מ""ל",false,,14.90,1.9867,true,1,163037
7290112000408,false,מנקה ומחטא עוצמתי לניקוי כללי בניחוח לימון,רקיט בנקיזר,,דטול תרסיס לניקוי כל,מיליליטרים,750.00,"100 מ""ל",false,,14.90,1.9867,true,1,163038
7290112000798,false,"דיטול תרסיסי חיטוי וניקוי אנטי בקטריאלי 750 מ""ל",רקיט בנקיזר,,דטול תרסיס חיטוי אנט,מיליליטרים,750.00,"100 מ""ל",false,,14.90,1.9867,true,1,163039
7290112000842,false,דטול מגבונים לניקוי כללי בניחות לימון 60 יח',רקיט בנקיזר,,דטול מגבונים לניקוי,יחידה,60.00,יחידה,false,,14.90,0.2483,true,1,163041
7290112001221,false,מנקה מכונת כביסה בניחוח נקי ורענן,רקיט בנקיזר,,קולון מנקה מכונה רגי,מיליליטרים,250.00,"100 מ""ל",false,,19.90,7.9600,true,1,163032
7290112001436,false,"פיניש מנקה מדיח כלים בניחוח לימון 250 מ""ל",רקיט בנקיזר,,פיניש מנקה מדיח בניח,מיליליטרים,250.00,"100 מ""ל",false,,20.00,8.0000,true,1,182231
7290112001757,false,וולייט מרכך גולד מגנוליה 1.2 ליטר,רקיט בנקיזר,,ווליט מרכך גולד מגנו,ליטרים,1.20,ליטר,false,,16.90,14.0833,true,1,180905
7290112001764,false,וולייט מרכך בלו פשיין,רקיט בנקיזר,,ווליט מרכך כחול בלו,ליטרים,1.20,ליטר,false,,16.90,14.0833,true,1,180906
7290112001771,false,וולייט מרכך ורוד 1.2 ל',רקיט בנקיזר,,ווליט מרכך ורוד פינק,ליטרים,1.20,ליטר,false,,16.90,14.0833,true,1,180907
7290112001870,false,"סיליט באנג ספריי ניקוי אמבטיה 750 מ""ל",רקיט בנקיזר,,סיליט באנג אמבטיות 7,מיליליטרים,750.00,"100 מ""ל",false,,13.90,1.8533,true,1,181152
7290112001900,false,פיניש ג'ל למדיח אקולוגי 1 ליטר,רקיט בנקיזר,,פיניש ג'ל 1 ליטר אקו,ליטרים,1.00,ליטר,false,,44.90,44.9000,true,1,178800
7290112002044,false,טבליות פיניש מנקה מדיח 3 יח,רקיט בנקיזר,,פיניש מנקה מדיח טבלי,יחידה,0.00,יחידה,false,,19.90,0.0000,true,1,178802
7290112002099,false,קולון גל כביסה מרוכז 2.5 ליטר קלאסי,רקיט בנקיזר,,קולון גל רגיל כחול 2,ליטרים,2.50,ליטר,false,,24.90,9.9600,true,1,182293
7290112002105,false,קולון גל כביסה מרוכז 2.5 ליטר ניחוח לילך,רקיט בנקיזר,,קולון גל כביסה מרוכז,ליטרים,2.50,ליטר,false,,24.90,9.9600,true,1,182294
7290112002129,false,ג'ל כביסה מרוכז קולון 101 בניחוח פריחה מרענן,רקיט בנקיזר,,קולון גל בניחוח מרענ,ליטרים,2.50,ליטר,false,,24.90,9.9600,true,1,182296
7290112002136,false,ג'ל כביסה מרוכז קולון 101 קלאסי,רקיט בנקיזר,,קולון גל רגיל כחול 4,ליטרים,4.00,ליטר,false,,34.90,8.7250,true,1,180909
7290112002143,false,ג'ל כביסה מרוכז קולון 101 בניחוח לילך,רקיט בנקיזר,,קולון גל לילך סגול 4,ליטרים,4.00,ליטר,false,,34.90,8.7250,true,1,180910
7290112002150,false,ג'ל כביסה מרוכז קולון 101 בניחוח ורדים,רקיט בנקיזר,,קולון גל בניחוח ורדי,ליטרים,4.00,ליטר,false,,34.90,8.7250,true,1,180908
7290112002167,false,קולון ג'ל כביסה בניחוח פריחה מרענן ירוק 4 ליטר,רקיט בנקיזר,,קולון גל בניחוח פריח,ליטרים,4.00,ליטר,false,,34.90,8.7250,true,1,180911
7290112002181,false,אירוויק גיל מוצק בניחוח ורדים 180 גר',רקיט בנקיזר,,איירוויק גל מוצק בני,יחידה,0.00,יחידה,false,,14.90,0.0000,true,1,180912
7290112002204,false,אירוויק ג'ל מרענן 180 גר,רקיט בנקיזר,,איירוויק גל מוצק בני,יחידה,0.00,יחידה,false,,14.90,0.0000,true,1,180917
7290112002235,false,איירויק פחית גל בניחוח ורדים,רקיט בנקיזר,,איירוויק פחית גל ורד,יחידה,0.00,יחידה,false,,9.90,0.0000,true,1,180919
7290112002242,false,איירוויק פחית גל אוכ,,,איירוויק פחית גל אוכ,יחידה,0.00,יחידה,false,,9.90,0.0000,true,1,180920
7290112002266,false,איירוויק פחית גל לימ,,,איירוויק פחית גל לימ,יחידה,0.00,יחידה,false,,9.90,0.0000,true,1,180922
7290112002983,false,"סיליט באנג ניקוי כללי רכיבים טבעיים 750 מ""ל",רקיט בנקיזר,,סיליט ניקוי כללי לימ,יחידה,0.00,יחידה,false,,0.00,0.0000,true,1,198893
7290112003089,false,"קולון מבשם בדים פריחה עדינה ורוד 300 מ""ל",רקיט בנקיזר,,קולון מבשם בדים פריח,יחידה,0.00,יחידה,false,,0.00,0.0000,true,1,192640
7290112003249,false,אבקת כביסה בניחוח מאסק קולון 5 ק''ג,זוהר דליה,,קולון אבקת כביסה מאס,יחידה,0.00,יחידה,false,,0.00,0.0000,true,1,189845
7290112003263,false,"אבקת כביסה קולון לבנדר 1.25 ק""ג",זוהר דליה,,קולון אבקת כביסה מאס,קילוגרמים,1.25,"ק""ג",false,,0.00,0.0000,true,1,192680
7290112003478,false,"מבשם אוויר אירוויק ספריי אננס ורוזמרין 236 מ""ל",רקיט בנקיזר,,אירוויק ספריי אננס ו,יחידה,0.00,יחידה,false,,0.00,0.0000,true,1,189742
7290112003515,false,"מבשם אוויר אירוויק ספריי ורדים וגרניום 236 מ""ל",רקיט בנקיזר,,אירוויק ספריי ורדים,יחידה,0.00,יחידה,false,,0.00,0.0000,true,1,189743
7290112003522,false,איירוויק בוטניקה נר ריחני בניחוח אננס ור,רקיט בנקיזר,,אירוויק נר ריחני אננ,יחידה,0.00,יחידה,false,,0.00,0.0000,true,1,197645
7290112004086,false,ג'ל לשמירה על היגיינ,,,דטול ג'ל ידיים עם אל,יחידה,0.00,יחידה,false,,0.00,0.0000,true,1,192586
7290112011213,false,תמרה רוטב אלף האיים,,,תמרה רוטב אלף האיים,גרמים,370.00,100 גרם,false,,10.90,0.0295,true,1,156173
7290112011220,false,תמרה רוטב שום 370 גר,,,תמרה רוטב שום 370 גר,גרמים,370.00,100 גרם,false,,10.90,0.0295,true,1,156184
7290112011237,false,תמרה רוטב שום לייט 3,,,תמרה רוטב שום לייט 3,גרמים,380.00,100 גרם,false,,10.90,0.0287,true,1,156185
7290112011244,false,תמרה רוטב ויניגרט בנ,,,תמרה רוטב ויניגרט בנ,גרמים,400.00,100 גרם,false,,10.90,0.0273,true,1,156186
7290112011275,false,תמרה רוטב ברביקיו 41,,,תמרה רוטב ברביקיו 41,גרמים,410.00,100 גרם,false,,10.90,0.0266,true,1,156190
7290112192561,false,"משחת שיניים פרודונטקס הגנה מלאה מרעננת הלבנה 75 מ""ל",ג'י.אס.קיי קונסיומר,,משחת שיניים פרודונטק,יחידה,0.00,יחידה,false,,34.90,0.0000,true,1,184340
7290112192578,false,משחת שיניים פרודונטקס אקסטרה פרש הגנה מלאה,ג'י.אס.קיי קונסיומר,,משחת שיניים פרודונטק,יחידה,0.00,יחידה,false,,34.90,0.0000,true,1,184341
7290112192875,false,"סנסודיין - משחת שיניים רגישות וחניכיים 75 מ""ל",סנסודיין Sensodyne,,משחת שיניים סנסודיין,יחידה,0.00,יחידה,false,,34.90,0.0000,true,1,184338
7290112192882,false,"סנסודיין - משחת שיניים רגישות וחניכיים מלבינה 75 מ""ל",ג'י.אס.קיי קונסיומר,,משחת שיניים סנסודיין,יחידה,0.00,יחידה,false,,34.90,0.0000,true,1,184339
7290112330352,false,"יוגורט PRO בטעם וניל 0% , 20 גרם חלבון בגביע","שטראוס בריאות בע""\מ",,דנונה פרו וניל 200 ג,גרמים,200.00,100 גרם,false,,5.90,0.0295,true,1,177865
7290112330390,false,דנונה פרו פירות יער 20 גרם חלבון 0% שומן 200 גרם,"שטראוס בריאות בע""\מ",,דנונה פרו פירות יער,גרמים,200.00,100 גרם,false,,5.90,0.0295,true,1,177866
7290112330970,false,שייק חלבון+פירות יער350מ,מחלבת יטבתה,,שייק חלבון מי גבינה,מיליליטרים,350.00,"100 מ""ל",false,,7.90,2.2571,true,1,174453
7290112330987,false,שייק חלבון מי גבינה עם אפרסק ומנגו 350 מ,שטראוס גרופ,,שייק חלבון מי גבינה,מיליליטרים,350.00,"100 מ""ל",false,,7.90,2.2571,true,1,174454
7290112331519,false,פיתה קראנצ זעתר פרפ 60ג,"שטראוס פריטו ליי בע""\מ )",,קראנץ פרוסות באגט אפ,יחידה,0.00,יחידה,false,,4.90,0.0000,true,1,172883
7290112332110,false,שוקולד מריר ללא סוכר,Unknown,,שוקולד פרה מריר 60%,גרמים,100.00,100 גרם,false,,8.90,0.0890,true,1,179473
7290112332677,false,עוגת בראוניס טעמי 38,STRAUSS-ISRAEL,,עוגת בראוניז טעמי 37,גרמים,370.00,100 גרם,false,,0.00,0.0000,true,1,188771
7290112332691,false,פינוקיות עוגיות קרם פסק זמן אגוזים 200 גרם,"הגביע מוצרי וופלים בע""\מ",,עוגיות קרם פסק זמן א,גרמים,200.00,100 גרם,false,,11.90,0.0595,true,1,179474
7290112332875,false,מסטיק מאסט קוביות בטעם מנטה עדינה 86 ג' עלית,אסקום קונפקשיין,,מאסט קוביות מנטה עדי,יחידה,0.00,יחידה,false,,14.90,0.0000,true,1,177995
7290112332899,false,עלית - צנצנת בזוקה פופים קלאסי 58 גרם,אסקום קונפקשיין,,צנצנת בזוקה פופים קל,יחידה,0.00,יחידה,false,,9.90,0.0000,true,1,178516
7290112334305,false,סלט כרובית בטחינה 330 גר',"שטראוס גרופ בע""\מ",,אחלה סלט כרובית בטחי,גרמים,330.00,100 גרם,false,,15.90,0.0482,true,1,172859
7290112335043,false,מרשמלו בזוקה עלית 150 גרם ווסטהיים,טופגאם תעשיות ממתקים,,מרשמלו בזוקה 150 גרם,גרמים,150.00,100 גרם,false,,6.90,0.0460,true,1,176505
7290112335050,false,מרשמלו וניל 150 גרם ווסטהים,טופגאם תעשיות ממתקים,,"מרשמלו קלאסי כשל""פ 1",גרמים,150.00,100 גרם,false,,6.90,0.0460,true,1,176506
7290112335487,false,הפריכיות הטעימות קצח ודגנים אנרג'י 135 גרם,אנרג'י Energy - שטראוס,,הפריכיות הטעימות קצח,גרמים,135.00,100 גרם,false,,12.90,0.0956,true,1,177874
7290112335494,false,הפריכיות הטעימות תפוחי אדמה בטעם פוטטוס,"פרח תעשיות מזון בע""\מ",,הפריכיות הטעימות פוט,גרמים,135.00,100 גרם,false,,12.90,0.0956,true,1,177875
7290112335500,false,"פרכיות אנרג'י חומוס,אורז,עדשים שחורות וקינואה 135 גרם","פרח תעשיות מזון בע""\מ",,הפריכיות הטעימות חלב,גרמים,135.00,100 גרם,false,,12.90,0.0956,true,1,177876
7290112336637,false,סוכריות מאסט Must ללא סוכר יוגורט תות ואוכניות,שטראוס גרופ,,סוכריות MUST ללא סוכ,יחידה,0.00,יחידה,false,,9.00,0.0000,true,1,180754
7290112336644,false,סוכריות מאסט ללא סוכר לימון 80 ג' עלית,שטראוס גרופ,,סוכריות MUST ללא סוכ,יחידה,0.00,יחידה,false,,6.90,0.0000,true,1,180755
7290112336651,false,סוכריות מאסט ללא סוכר ריבת חלב 80 ג' עלית,שטראוס גרופ,,סוכריות MUST ללא סוכ,יחידה,0.00,יחידה,false,,6.90,0.0000,true,1,180760
7290112337474,false,סוכריות מאסט ללא סוכר פטל לימון 80 ג' עלית,שטראוס גרופ,,סוכריות MUST ללא סוכ,יחידה,0.00,יחידה,false,,9.00,0.0000,true,1,180756
7290112337481,false,סוכריות מאסט ללא סוכר קפצ''ינו 80 ג' עלית,שטראוס גרופ,,סוכריות MUST ללא סוכ,יחידה,0.00,יחידה,false,,9.00,0.0000,true,1,180761
7290112339294,false,אקטיביה+צ'יה ואפרסק150ג,"שטראוס בריאות בע""\מ",,אקטיביה עם צ'יה ואפ,גרמים,150.00,100 גרם,false,,4.60,0.0307,true,1,180771
7290112339867,false,גמדים לדרך גבינה לבנה עם מחית תות,"שטראוס בריאות בע""\מ",,גמדים סקוויז תות בו,גרמים,100.00,100 גרם,false,,5.90,0.0590,true,1,174445
7290112339874,false,גמדים לדרך גבינה לבנה עם מחיות תות ובננה,"שטראוס בריאות בע""\מ",,גמדים סקוויז תות בננ,גרמים,100.00,100 גרם,false,,5.90,0.0590,true,1,174446
7290112339911,false,דניאלה בטעם פטל 88 גרם,מיוצר עי קונדיטוריית,,"דניאלה פטל 150 מ""ל",מיליליטרים,150.00,"100 מ""ל",false,,4.10,2.7333,true,1,178525
7290112340122,false,הפריכיות הטעימות 3 דגנים אנרג'י 135 גרם,"פרח תעשיות מזון בע""\מ",,הפריכיות הטעימות 3 ד,גרמים,135.00,100 גרם,false,,12.90,0.0956,true,1,177879
7290112340245,false,צנצנת מסטיק מאסט בטעם דובדבן 66 ג' עלית,"שטראוס גרופ בע""\מ",,מאסט צנצנת בטעם דובד,יחידה,0.00,יחידה,false,,9.80,0.0000,true,1,176948
7290112340252,false,צנצנת מסטיק מאסט בטעם אבטיח מלון 66 ג' עלית,"שטראוס גרופ בע""\מ",,מאסט צנצנת בטעם אבטי,יחידה,0.00,יחידה,false,,9.80,0.0000,true,1,176949
7290112340276,false,פינוקיות עוגיות קרם קפה 200 גרם,"הגביע מוצרי וופלים בע""\מ",,עוגיות קרם קפה נמס 2,גרמים,200.00,100 גרם,false,,11.90,0.0595,true,1,179480
7290112340900,false,קפה טורקי האג נטול קפאין 200 גרם,הנסיך- מפעל לייצור ט,,קפה טורקי האג 200 גר,גרמים,200.00,100 גרם,false,,34.90,0.1745,true,1,186777
7290112341099,false,באגט קראנצ' טעם טבעי300ג,פלזנסקי,,פיתה קראנץ בטעם טבעי,גרמים,300.00,100 גרם,false,,12.90,0.0430,true,1,178411
7290112341556,false,יוגורט אקטיביה עם צ'יה ותות 150 גרם,"שטראוס בריאות בע""\מ",,אקטיביה עם צ'יה ותות,גרמים,150.00,100 גרם,false,,4.60,0.0307,true,1,180772
7290112341624,false,שוקולד ספלנדיד חלב מ,,,ספלנדיד שוקולד חלב מ,יחידה,0.00,יחידה,false,,11.00,0.0000,true,1,179825
7290112341686,false,שמינייה יוגורט לבן אקטיביה 3% דנונה 150 גרם.,מיוצר עי קונדיטוריית,,מארז אקטיביה שמינייה,יחידה,0.00,יחידה,false,,21.90,0.0000,true,1,180731
7290112342195,false,כשלפ תפוציפס מקלות טבעי 200 גרם,"שטראוס פריטו ליי בע""\מ )",,תפוציפס מקלות טבעי 2,גרמים,200.00,100 גרם,false,,10.90,0.0545,true,1,183156
7290112342270,false,קפה פלטינום אינטנס מחוזק ב- 10% אספרסו,שטראוס קפה בי.וי,,פלטינום אינטנס 10% א,גרמים,125.00,100 גרם,false,,24.90,0.1992,true,1,179785
7290112342317,false,שוקולד לבן פרה 100 ג,STRAUSS-ISRAEL,,פרה שוקולד לבן,גרמים,100.00,100 גרם,false,,6.00,0.0600,true,1,185563
7290112343260,false,"יטבתה רוטב שמנת קלאסי 9% שומן 260 מ""ל",שטראוס גרופ,,יטבתה רוטב שמנת קלאס,גרמים,260.00,100 גרם,false,,10.50,0.0404,true,1,182814
7290112343420,false,"משקה חלב עם דגנים מלאים ובננה פרו יטבתה 350מ""ל",מחלבת יטבתה,,יטבתה פרו ארוחת בוקר,מיליליטרים,350.00,"100 מ""ל",false,,7.90,2.2571,true,1,182817
7290112344564,false,רביולי גבינה קלאסי שטראוס 400 ג',מיוצר עי קונדיטוריית,,שטראוס רביולי גבינה,גרמים,400.00,100 גרם,false,,20.90,0.0522,true,1,180621
7290112344755,false,מילקי שוקולד 26% פחות סוכר 135 גרם,מיוצר עי קונדיטוריית,,מילקי עם 26% פחות סו,מיליליטרים,170.00,"100 מ""ל",false,,0.00,0.0000,true,1,188752
7290112344786,false,קפה פלטינום קלאסיק עלית 200 גרם,הנסיך- מפעל לייצור ט,,פלטינום קלאסיק 200 ג,גרמים,200.00,100 גרם,false,,29.90,0.1495,true,1,185315
7290112344847,false,מילקי טופ קרם אגוזים170מ,"שטראוס גרופ בע""\מ",,מילקי טופ קרם אגוזים,גרמים,157.00,100 גרם,false,,0.00,0.0000,true,1,188753
7290112344854,false,מילקי טופ קרם שוקולד170מ,מיוצר עי קונדיטוריית,,מילקי טופ קרם בטעם ש,גרמים,157.00,100 גרם,false,,0.00,0.0000,true,1,188754
7290112344991,false,דנונה לייט אנד פריי בטעם תות 150 גרם,"שטראוס בריאות בע""\מ",,דנונה לייט אנד פריי,גרמים,150.00,100 גרם,false,,4.60,0.0307,true,1,181979
7290112345363,false,מסטיק אוכמניות נוסטל,STRAUSS-ISRAEL,,מסטיק אוכמניות נוסטל,יחידה,0.00,יחידה,false,,0.00,0.0000,true,1,188350
7290112346360,false,בפלות אחת אחת ופל בטעם שוקולד מצופה שוקולד,הגביע מוצרי וופלים ב,,בפלות אחת אחת בציפוי,גרמים,180.00,100 גרם,false,,14.90,0.0828,true,1,183422
7290112346506,false,דנונה לייט אנד פריי בטעם אפרסק 150 גרם,"שטראוס בריאות בע""\מ",,דנונה לייט אנד פריי,גרמים,150.00,100 גרם,false,,4.60,0.0307,true,1,181980
7290112346537,false,עוגיות פינוקיות בטעם טורטית 200 ג' עלית,"הגביע מוצרי ופלים בע""\מ",,פינוקיות בטעם טורטית,גרמים,200.00,100 גרם,false,,11.90,0.0595,true,1,182813
7290112346629,false,דנונה בר יוגורט+קורנפלקס מצופה שוקולד חלב ולבן 172 גרם,"שטראוס בריאות בע""\מ",,יוגרט עם קורנפלקס מצ,מיליליטרים,183.00,"100 מ""ל",false,,0.00,0.0000,true,1,189925
7290112347367,false,עוגה אישית מילקי קיי,,,מילקי קייק מיניס טור,יחידה,0.00,יחידה,false,,0.00,0.0000,true,1,189715
7290112347473,false,מארז דנונה לייט אנד פריי תות ואפרסק 150 גרם 8 יחידות,מיוצר עי קונדיטוריית,,מארז לייט אנד פריי ת,יחידה,0.00,יחידה,false,,27.90,0.0000,true,1,181984
7290112347909,false,טחינה במרקם עשיר 400,מיוצר עי קונדיטוריית,,טחינה במרקם עשיר 400,גרמים,400.00,100 גרם,false,,15.90,0.0398,true,1,183436
7290112347916,false,סלט כרובית באיולי חר,STRAUSS-ISRAEL,,סלט כרובית באיולי חר,גרמים,330.00,100 גרם,false,,15.90,0.0482,true,1,183437
7290112348142,false,שעועית לבנה 380 גר' בקופסה טעם הטבע,שטראוס טעם הטבע,,שעועית לבנה 380 גרם,גרמים,380.00,100 גרם,false,,0.00,0.0000,true,1,188586
7290112348159,false,עוגה אישית מילקי קיי,,,מילקי קייק קראנץ' רב,גרמים,136.00,100 גרם,false,,12.90,0.0949,true,1,182847
7290112348241,false,פסק זמן פטיסרי עם קרם קפה לאטה,שטראוס גרופ,,פסק זמן פטיסרי עם קר,יחידה,0.00,יחידה,false,,0.00,0.0000,true,1,188587
7290112348548,false,שוקולד פרה לבן מעולה,"תופינית בע""\מ",,פרה שוק.לבן 100ג,גרמים,100.00,100 גרם,false,,6.00,0.0600,true,1,183183
7290112348609,false,קפה נמס מאפה קינמון,,,קפה נמס מאפה קינמון,יחידה,0.00,יחידה,false,,0.00,0.0000,true,1,187631
7290112348616,false,עלית - קפה נמס אגוזי לוז 100 גרם,שטראוס קפה בי.וי,,קפה נמס אגוזי לוז 10,יחידה,0.00,יחידה,false,,0.00,0.0000,true,1,187632
7290112349279,false,פסק זמן נשנושים 130 גרם,"מקס ברנר תעשיות בע""\מ",,פסק זמן נשנושים 130,גרמים,130.00,100 גרם,false,,0.00,0.0000,true,1,188351
7290112349309,false,מסטיק מאסט מנטה אקלי,,,ביג בוקסי מנטה אקליפ,יחידה,0.00,יחידה,false,,0.00,0.0000,true,1,187633
7290112349620,false,מעדן גבינה דניאלה שכ,STRAUSS-ISRAEL,,דניאלה שכבות אננס 15,מיליליטרים,150.00,"100 מ""ל",false,,0.00,0.0000,true,1,188755
7290112349637,false,דניאלה בטעם ענבים 88 גרם,"שטראוס בריאות בע""\מ",,"דניאלה ענבים 150 מ""ל",מיליליטרים,150.00,"100 מ""ל",false,,4.10,2.7333,true,1,182956
7290112349705,false,פומודורו רוטב עגבניות קלאסי לפסטה יד מרדכי 350 גרם,אמיליאנה קונסרב סוסייטה,,פומודורו רוטב עגבניו,גרמים,350.00,100 גרם,false,,12.90,0.0369,true,1,183434
7290112349736,false,בזיליקום רוטב עגבניות לפסטה יד מרדכי 350 גרם,אמיליאנה קונסרב סוסייטה,,בזיליקום רוטב עגבניו,גרמים,350.00,100 גרם,false,,12.90,0.0369,true,1,183426
7290112349743,false,ארביאטה רוטב עגבניות פיקנטי לפסטה 350 ג' יד מרדכי,אמיליאנה קונסרב סוסייטה,,ארביאטה רוטב עגבניות,גרמים,350.00,100 גרם,false,,12.90,0.0369,true,1,183427
7290112349750,false,פיצה רוטב עגבניות לפיצה יד מרדכי 350 גרם,אמיליאנה קונסרב סוסייטה,,פיצה רוטב עגבניות לפ,גרמים,350.00,100 גרם,false,,12.90,0.0369,true,1,183435
7290112350107,false,יטבתה שוקו קרמל 1ל,STRAUSS-ISRAEL,,יטבתה שוקו קרמל 1ל,ליטרים,1.00,ליטר,false,,0.00,0.0000,true,1,197897
7290112351197,false,שוקולד פרה מיקס עוגיות ושקדים,"שטראוס גרופ בע""\מ",,פרה שוק.מיקס עוגיות,יחידה,0.00,יחידה,false,,0.00,0.0000,true,1,187644
7290112351722,false,נשיקולדה אגוזים 96 ג,STRAUSS-ISRAEL,,נשיקולדה אגוזים,גרמים,100.00,100 גרם,false,,0.00,0.0000,true,1,187646
7290112351739,false,נשיקולדה חלב קרם נוג,מיוצר עי קונדיטוריית,,נשיקולדה קרם נוגט,גרמים,100.00,100 גרם,false,,0.00,0.0000,true,1,187647
7290112351746,false,נשיקולדה שכבות שוקול,מיוצר עי קונדיטוריית,,נשיקולדה שכבות שוקול,גרמים,100.00,100 גרם,false,,0.00,0.0000,true,1,187648
7290112352613,false,וופל אצבעות בלונדי ר,,,רבע לשבע בלונדי 120,גרמים,120.00,100 גרם,false,,0.00,0.0000,true,1,188746
7290112353214,false,שלישיית פסק זמן גלילית,"שטראוס גרופ בע""\מ",,שלישיית פסק זמן גליל,גרמים,120.00,100 גרם,false,,0.00,0.0000,true,1,187650
7290112353399,false,חטיף פרה נוגט 45 גרם,STRAUSS-ISRAEL,,חטיף פרה נוגט 45 גר,יחידה,0.00,יחידה,false,,0.00,0.0000,true,1,195969
7290112353412,false,"פריכיות תפו""א, אורז, תירס, אפונה ירוקה, סלק, מלח ים","פרח תעשיו מזון בע""מ",,פריכיות משולשות 30 ג,יחידה,0.00,יחידה,false,,0.00,0.0000,true,1,187652
7290112353597,false,קפה פולי קלויים עשיר,,,פולי אספרסו עשירים ו,גרמים,250.00,100 גרם,false,,0.00,0.0000,true,1,189726
7290112354747,false,דנונה בר בננ+קורנפלקס172,"שטראוס בריאות בע""\מ",,דנונה בר בננה עם קור,מיליליטרים,175.00,"100 מ""ל",false,,0.00,0.0000,true,1,187863
7290112354846,false,יוגורט אקטיביה שיבול,,,אקטיביה שבולת שועל ב,גרמים,150.00,100 גרם,false,,0.00,0.0000,true,1,188749
7290112355027,false,דנונה פרו 20 גרם חלבון בטעם קרמל מלוח 200 גרם,"שטראוס בריאות בע""\מ",,דנונה פרו בטעם קרמל,גרמים,200.00,100 גרם,false,,0.00,0.0000,true,1,188757
7290112355034,false,דנונה פרו20 חמאת בוטנ200,"שטראוס בריאות בע""\מ",,דנונה פרו בטעם חמאת,גרמים,200.00,100 גרם,false,,0.00,0.0000,true,1,188758
7290112355065,false,"אקטימל וניל 8*108מ""ל בתוספת ויטמין D",STRAUSS-ISRAEL,,אקטימל וניל בתוספת ו,מיליליטרים,800.00,"100 מ""ל",false,,0.00,0.0000,true,1,188750
7290112355416,false,טחינה לבנה על חציל פ,STRAUSS-ISRAEL,,טחינה לבנה על חציל פ,גרמים,330.00,100 גרם,false,,0.00,0.0000,true,1,189577
7290112356154,false,אצבעות שוקולד לבן מג,STRAUSS-ISRAEL,,אצבעות שוקולד לבן מג,יחידה,0.00,יחידה,false,,0.00,0.0000,true,1,187654
7290112357045,false,עגבניות איטלקיות מרוסקות 390 גר' בקופסה טעם הטבע,שטראוס טעם הטבע,,עגבניות איטלקיות מרו,גרמים,390.00,100 גרם,false,,0.00,0.0000,true,1,187655
7290112357069,false,מחית עגבניות איטלקיות בקופסה 500 גר' טעם הטבע,שטראוס טעם הטבע,,מחית עגבניות איטלקיו,גרמים,500.00,100 גרם,false,,0.00,0.0000,true,1,188911
7290112357113,false,גרגרי חומוס בקופסה 380 גר' טעם הטבע,שטראוס טעם הטבע,,גרגרי חומוס 380 גרם,גרמים,380.00,100 גרם,false,,0.00,0.0000,true,1,187657
7290112357618,false,מאסט קוביות מסטיק בטעם פירות טרופיים 58 גרם,אסקום קונפקשיין,,צנצנת מסטיק קוביות ב,יחידה,0.00,יחידה,false,,9.90,0.0000,true,1,186423
7290112358011,false,חטיף שוקולד נשיקולדה,ALPRO,,שקית מיני נשיקולדה ש,יחידה,0.00,יחידה,false,,0.00,0.0000,true,1,188716
7290112358028,false,מיני נשיקולדה ק.נוגט220ג,"שטראוס גרופ בע""\מ",,שקית מיני נשיקולדה ב,יחידה,0.00,יחידה,false,,0.00,0.0000,true,1,187659
7290112358554,false,מארז קפה נמס מנות אישיות לדרך 50.4 גר,שטראוס רומניה,,מארז נמס לדרך 50 גרם,יחידה,0.00,יחידה,false,,0.00,0.0000,true,1,188588
7290112358592,false,חטיף דוריטוס אקסטרים,,,דוריטוס אקסטרים קריי,יחידה,0.00,יחידה,false,,0.00,0.0000,true,1,187665
7290112359018,false,חטיף תפוציפס אפוי טב,STRAUSS-ISRAEL,,תפוצ'יפס אפוי טבעי 4,יחידה,0.00,יחידה,false,,0.00,0.0000,true,1,187666
7290112415400,false,עוגיות אלפחורס קפולסקי 280 גרם,תופינים מקבוצת קפולסקי,,עוגיות אלפאחורס 280,גרמים,280.00,100 גרם,false,,24.90,0.0889,true,1,187124
7290112490032,false,"נמס בכוס טעם תירס קנור 31 גרם מארז זוגי בד""צ",יוניליוור ישראל מזון בעמ,,נמס בכוס תירס,יחידה,0.00,יחידה,false,,6.50,0.0000,true,1,161428
7290112490063,false,מאגדת ביסלי בצל 4*36,יוניליוור ישראל מזון בעמ,,מאגדת ביסלי בצל 4*36,יחידה,0.00,יחידה,false,,14.90,0.0000,true,1,156945
7290112490124,false,קליק טבלה פצפוצים וע,אתר צפת טבלאות ותעשי,,קליק טבלה פצפוצים וע,יחידה,0.00,יחידה,false,,7.00,0.0000,true,1,155134
7290112490209,false,נמס בכוס מרק עגבניות עם קרוטונים רכיבים טבעיים,יוניליוור ישראל מזון בעמ,,נמס בכוס עגבניות קרו,יחידה,0.00,יחידה,false,,6.50,0.0000,true,1,156949
7290112490230,false,מרק נמס בכוס אפונה קנור 100% רכיבים טבעיים,יוניליוור ישראל מזון בעמ,,נמס בכוס אפונה 50 גר,יחידה,0.00,יחידה,false,,6.50,0.0000,true,1,156952
7290112490650,false,קונפיטורה תות שדה 340 גרם-צנצנת,קונפיטורות לה-ארדניי,,קונפיטורה תות שדה 77,גרמים,340.00,100 גרם,false,,11.90,0.0350,true,1,156954
7290112490667,false,קונפיטורה משמש778 50% פרי 340 גר',יוניליוור מזון,,קונפיטורה 778 משמש 3,גרמים,340.00,100 גרם,false,,11.90,0.0350,true,1,156955
7290112490674,false,קונפיטורה דובדבנים 778 50% פרי 340 גר-,יוניליוור מזון,,קונפיטורה דובדבנים 7,גרמים,340.00,100 גרם,false,,11.90,0.0350,true,1,156956
7290112490698,false,קונפיטורה תות שדה לייט 300 גרם-צנצנת,יוניליוור מזון,,קונפיטורה לייט 778 ת,גרמים,260.00,100 גרם,false,,12.90,0.0496,true,1,156953
7290112490728,false,מרק עשיר ירקות עם בורגול רכיבים טבעיים 95 ג' קנור,יוניליוור ישראל מזון בעמ,,מרק עשיר ירקות בורגו,יחידה,0.00,יחידה,false,,12.90,0.0000,true,1,162195
7290112490735,false,מרק עשיר עגבניות עם פסטה ר.טבעיים 105 גרם קנור,יוניליוור ישראל מזון בעמ,,מרק עשיר עגבניות פסט,גרמים,105.00,100 גרם,false,,12.90,0.1229,true,1,162196
7290112490742,false,מרק עשיר פטריות עם גריסים רכיבים טבעיים 104 ג' קנור,יוניליוור ישראל מזון בע\,,מרק עשיר פטריות גריס,גרמים,104.00,100 גרם,false,,12.90,0.1240,true,1,162192
7290112490759,false,מרק עשיר עוף עם אטריות רכיבים טבעיים 74 ג' קנור,יוניליוור ישראל מזון בעמ,,מרק עשיר עוף אטריות,יחידה,0.00,יחידה,false,,12.90,0.0000,true,1,162193
7290112490827,false,תרסיס ריחני למייבש הכביסה בדין בייבי 500,"זוהר דליה, קיבוץ דליה, 1",,בדין למייבש כביסה בי,מיליליטרים,500.00,"100 מ""ל",false,,17.00,3.4000,true,1,162272
7290112490896,false,"קנור רוטב צ'ילי חריף 370 מ""ל PAL",יוניליוור מזון,,קנור רוטב צילי חריף,מיליליטרים,340.00,"100 מ""ל",false,,14.00,4.1176,true,1,173735
7290112491527,false,רוטב טריאקי שומשום310גר,יוניליוור ישראל מזון בע\,,קנור רוטב טריאקי שמש,גרמים,310.00,100 גרם,false,,14.00,0.0452,true,1,179606
7290112491558,false,שישיית שוקולד מריר פרווה ורד הגליל 100 גרם ליח' כשלפ,אתר צפת טבלאות ותעשי,,מאגדת שוקולד מריר שי,יחידה,0.00,יחידה,false,,19.90,0.0000,true,1,175837
7290112491770,false,בייגלה דקים דקים מלח ים בייגל בייגל 300 גרם.,בייגל את בייגל מזון 198),,בייגל בייגלה דקים דק,גרמים,300.00,100 גרם,false,,12.00,0.0400,true,1,173734
7290112491787,false,בייגלה דקים דקים עם שומשום בייגל בייגל 300 גרם,בייגל את בייגל מזון 198),,בייגל בייגלה דקים דק,גרמים,300.00,100 גרם,false,,12.00,0.0400,true,1,173728
7290112491794,false,בייגלה דקים דקים בטעם שמנת ובצל בייגל בייגל 300 גרם,בייגל את בייגל מזון 198),,בייגל בייגלה דקים דק,גרמים,300.00,100 גרם,false,,12.00,0.0400,true,1,179792
7290112492449,false,פינוק שמפו שיער רגיל 700 מל-חדש,יוניליוור ישראל טיפוח אי,,פינוק שמפו בתוספת תמ,מיליליטרים,700.00,"100 מ""ל",false,,12.90,1.8429,true,1,186312
7290112492456,false,"שמפו פינוק לשיער יבש/פגום 700 מ""ל",יוניליוור ישראל טיפוח אי,,שמפו פינוק שיער יבש,מיליליטרים,700.00,"100 מ""ל",false,,12.90,1.8429,true,1,186832
7290112492463,false,"שמפו ומרכך 2 ב-1 לשיער רגיל פינוק 700 מ""ל.",יוניליוור ישראל טיפו,,פינוק 2ב1 לשיער רגיל,מיליליטרים,700.00,"100 מ""ל",false,,12.90,1.8429,true,1,186836
7290112492487,false,פינוק שמפו לשיער עם שמן מרוקאי 700 מל,יוניליוור ישראל טיפוח אי,,פינוק שמפו שמן מרוקא,מיליליטרים,700.00,"100 מ""ל",false,,12.90,1.8429,true,1,186837
7290112492500,false,פינוק שמפו לשיער עם שמן קוקוס 700 מל,"יוניליור ישראל, טיפו",,פינוק שמפו שמן קוקוס,מיליליטרים,700.00,"100 מ""ל",false,,12.90,1.8429,true,1,186838
7290112492517,false,פינוק לגבר 2ב1 שמפו ומרכך 700 מל,יוניליוור,,פינוק לגבר 2ב-1 שמפו,מיליליטרים,700.00,"100 מ""ל",false,,12.90,1.8429,true,1,181939
7290112492531,false,פינוק מרכך שיער רגיל 700 מל-חדש,יוניליוור פארם,,פינוק מרכך לשיער רגי,מיליליטרים,700.00,"100 מ""ל",false,,12.90,1.8429,true,1,181940
7290112492548,false,"מרכך פינוק עם שמן חוחובה 700 מ""ל",יוניליוור פארם,,פינוק מרכך לשיער יבש,מיליליטרים,700.00,"100 מ""ל",false,,12.90,1.8429,true,1,181950
7290112492555,false,"פינוק מרכך שמן מרוקאי 700 מ""ל",,,פינוק מרכך שמן מרוקא,מיליליטרים,700.00,"100 מ""ל",false,,12.90,1.8429,true,1,181951
7290112492579,false,פינוק מרכך בתוספת שמן קוקוס 700 מל-חדש,יוניליוור ישראל טיפוח אי,,פינוק מרכך שמן קוקוס,מיליליטרים,700.00,"100 מ""ל",false,,12.90,1.8429,true,1,181953
7290112492593,false,תחליב רחצה פינוק בניחוח פינוק קלאסי 700,יוניליוור ישראל טיפוח אי,,פינוק תחליב רחצה קלא,מיליליטרים,700.00,"100 מ""ל",false,,12.90,1.8429,true,1,181941
7290112492609,false,"תחליב רחצה פינוק 700 מ""ל לבנדר ווניל",יוניליוור ישראל טיפוח אי,,פינוק תחליב רחצה לבנ,מיליליטרים,700.00,"100 מ""ל",false,,12.90,1.8429,true,1,181942
7290112492616,false,פינוק תחליב רחצה 700 בתוספת שמן מרוקאי,יוניליוור ישראל טיפוח אי,,פינוק ת.רחצה שמן מרו,מיליליטרים,700.00,"100 מ""ל",false,,12.90,1.8429,true,1,181943
7290112492623,false,פינוק תחליב רחצה 700 בתוספת שמן קוקוס,יוניליוור,,פינוק תחליב רחצה שמן,מיליליטרים,700.00,"100 מ""ל",false,,12.90,1.8429,true,1,181954
7290112492630,false,"שמפו ג'ל רחצה וסבון פנים 3 ב-1 לגבר פינוק 700 מ""ל",יוניליוור ישראל טיפוח אי,,פינוק שמפו 3 ב-1 לגב,מיליליטרים,700.00,"100 מ""ל",false,,12.90,1.8429,true,1,187037
7290112492647,false,"פינוק לגבר 3 ב1 שמפו ג'ל רחצה וסבון פנים 700 מ""ל",יוניליוור ישראל טיפוח אי,,פינוק לגבר 3 ב 1ספור,מיליליטרים,700.00,"100 מ""ל",false,,12.90,1.8429,true,1,181944
7290112492746,false,"פינוק מרכך ללא דמעות לסירוק קל לילדים 700 מ""ל",יוניליוור ישראל טיפוח אי,,פינוק מרכך ליסרוק קל,יחידה,0.00,יחידה,false,,0.00,0.0000,true,1,192613
7290112492760,false,פינוק שמפו למניעת קשקשים עם תמציות צמחים,יוניליוור,,פינוק שמפו נגד קשקשי,מיליליטרים,700.00,"100 מ""ל",false,,12.90,1.8429,true,1,181182
7290112492777,false,"פינוק שמפו ומרכך למניעת קשקשים 2ב-1 700 מ""ל",אתר ליוור - HPC,,פינוק שמפו ומרכך נגד,מיליליטרים,700.00,"100 מ""ל",false,,12.90,1.8429,true,1,181183
7290112492821,false,"מטליות לחות לניקוי כללי בניחוח מאסק ""סיף""",עלבד משואות יצחק בעמ,,סיף מגבוני ניקוי כלל,יחידה,0.00,יחידה,false,,9.90,0.0000,true,1,175203
7290112492838,false,סיף מגבוני מטליות לחות לניקוי כללי בניחוח מרכך כביסה 50 יח',עלבד משואות יצחק בעמ,,סיף מגבוני ניקוי מ.כ,יחידה,0.00,יחידה,false,,9.90,0.0000,true,1,175196
7290112492852,false,שייני וויט מג'יק ספו,,,שייני וויט מג'יק ספו,יחידה,0.00,יחידה,false,,0.00,0.0000,true,1,197498
7290112492968,false,"אבקת מרק בצל קנור כשל""פ 400 גר'","יונליוור ישראל מזון בע""\",,קנור מרק בצל 400 גר,גרמים,400.00,100 גרם,false,,28.00,0.0700,true,1,184731
7290112492982,false,"אבקת מרק פטריות כשל""פ 100% רכיבים טבעיים 400 גרם",יוניליוור ישראל מזון בע\,,קנור מרק פטריות רכיב,גרמים,400.00,100 גרם,false,,21.90,0.0547,true,1,183308
7290112492999,false,קנור מרק עוף אמיתי 400 גרם פרווה,יוניליוור ישראל מזון בע\,,קנור מרק טעם עוף 400,גרמים,400.00,100 גרם,false,,18.00,0.0450,true,1,183309
7290112493033,false,קנור נמס בכוס אקסטרה,יוניליוור ישראל מזון,,קנור נמס בכוס אקסטרה,יחידה,0.00,יחידה,false,,4.50,0.0000,true,1,181015
7290112493064,false,"רוטב שזיפים להקפצה, לבישול ולאפיה",יוניליוור ישראל מזון בע\,,קנור רוטב שזיפים 320,גרמים,320.00,100 גרם,false,,14.00,0.0438,true,1,181899
7290112493293,false,קנור - נמס ירקות וקרוטונים ר.טבעי 44 גרם,יוניליוור ישראל מזון בעמ,,נמס בכוס ירקות רכיבי,יחידה,0.00,יחידה,false,,6.50,0.0000,true,1,179724
7290112493316,false,מרק היום אפונה ר.טבעיים קנור 117 גרם,יוניליוור ישראל מזון בעמ,,מרק היום אפונה רכיב,יחידה,0.00,יחידה,false,,12.90,0.0000,true,1,179729
7290112493873,false,דג דג חטיף אפוי מלוח400ג,בייגל את בייגל מזון 198),,דג דג מלח 400 גרם,גרמים,400.00,100 גרם,false,,15.00,0.0375,true,1,181901
7290112493927,false,גלידה בטעם ריבת חלב 1.33ל' קרמיסימו,"גלידת שטראוס בע""\מ, רחוב",,קרמיסימו ריבת חלב 1.,ליטרים,1.33,ליטר,false,,18.90,14.2105,true,1,183148
7290112493934,false,גלידת וניל צרפתי קרמיסימו 1.33 ל,"גלידת שטראוס בע""\מ, רחוב",,קרמיסימו וניל 1.33 ל,ליטרים,1.33,ליטר,false,,18.90,14.2105,true,1,183146
7290112493965,false,קרמיסימו חלבית בטעם מסטיק וניל 665 גר,"גלידת שטראוס בע""\מ, רחוב",,קרמיסימו מסטיק 1.33,ליטרים,1.33,ליטר,false,,18.90,14.2105,true,1,183147
7290112494009,false,מאגדת ביסלי גריל 4*3,,,מאגדת ביסלי גריל 4*3,יחידה,0.00,יחידה,false,,14.90,0.0000,true,1,179611
7290112494153,false,תיבולית בניחוח צלי קנור 72 גרם,יוניליוור ישראל מזון בע\,,תיבולית קנור בניחוח,יחידה,0.00,יחידה,false,,10.00,0.0000,true,1,182853
7290112494221,false,קליק - ביסקויט תפזורת 65 גרם,יוניליוור ישראל מזון בע\,,קליק ביסקוויט הפוך 6,יחידה,0.00,יחידה,false,,7.00,0.0000,true,1,181040
7290112494238,false,קליק - כדורים חלב תפזורת 65 גרם,יוניליוור ישראל מזון בע\,,קליק כדורים 65 גרם,יחידה,0.00,יחידה,false,,7.00,0.0000,true,1,181041
7290112494276,false,קליק כריות בתפזורת כשר לפסח,יוניליוור ישראל מזון בע\,,קליק כריות תפזורת 65,יחידה,0.00,יחידה,false,,7.00,0.0000,true,1,181043
7290112494283,false,קליק - מעורב חום לבן תפזורת 65 גרם,יוניליוור ישראל מזון בע\,,קליק חום לבן 65 גרם,יחידה,0.00,יחידה,false,,7.00,0.0000,true,1,181044
7290112494313,false,קליק - קורנפלקס תפזורת 65 גרם,יוניליוור ישראל מזון בע\,,קליק קורנפלקס 65 גרם,יחידה,0.00,יחידה,false,,7.00,0.0000,true,1,181022
7290112494344,false,קורנפלקס כספי אלופים תלמה850 גר',"יוניליוור שפע ישראל בע""\",,קורנפלקס של אלופים 8,גרמים,850.00,100 גרם,false,,17.90,0.0211,true,1,185699
7290112494351,false,תלמה קורנפלקס של אלופים 850 גרם,"יוניליוור שפע ישראל בע""\",,"קורנפלקס בד""צ 850 גר",גרמים,850.00,100 גרם,false,,17.90,0.0211,true,1,185700
7290112494368,false,קופסת אחסון 2 ליטר ל,,,קופסת אחסון 2 ליטר ל,יחידה,0.00,יחידה,false,,19.90,0.0000,true,1,187096
7290112494467,false,בייגל בייגלה שמיניות,יוניליוור,,בייגל בייגלה שמיניות,גרמים,400.00,100 גרם,false,,12.00,0.0300,true,1,182854
7290112494597,false,דומסטוס ג'ל לניקוי ולחיטוי אסלות עם אקונומיקה בניחוח אביבי,,,דומסטוס גל אסלה אביב,מיליליטרים,750.00,"100 מ""ל",false,,11.90,1.5867,true,1,179546
7290112494610,false,קנור רוטב עגבניות פיקנטי לדג 415 גרם,קונסורזיו קאסאלאסקו,,קנור רוטב עגבניות פי,גרמים,415.00,100 גרם,false,,14.90,0.0359,true,1,182554
7290112494795,false,בדין-ג'ל לכביסה לבנה וצבעונית בניחוח עדין כחול 2.5 ליטר,"זוהר דליה, קיבוץ דליה, 1",,בדין ג'ל לכביסה כחול,ליטרים,2.50,ליטר,false,,36.90,14.7600,true,1,181188
7290112494801,false,בדין-ג'ל לכביסה לבנה וצבעונית בניחוח עדין ורוד 2.5 ליטר,יוניליוור פארם,,בדין ג'ל לכביסה וורו,ליטרים,2.50,ליטר,false,,36.90,14.7600,true,1,181189
7290112494818,false,בדין-ג'ל לכביסה לבנה וצבעונית בייבי 2.5 ליטר,היינץ צפון אמריקה מק,,בדין ג'ל לכביסה בייב,ליטרים,2.50,ליטר,false,,36.90,14.7600,true,1,181190
7290112494825,false,תרחיץ פנים לעור רגיש מכיל 25% קרם לחות,יוניליוור ישראל טיפוח אי,,דאב תרחיץ פנים רגיש,מיליליטרים,180.00,"100 מ""ל",false,,0.00,0.0000,true,1,187319
7290112494832,false,תרחיץ פנים לכל סוגי העור מכיל 25% קרם לחות,יוניליוור ישראל טיפוח אי,,דאב תרחיץ פנים רגיל,מיליליטרים,180.00,"100 מ""ל",false,,0.00,0.0000,true,1,187320
7290112494993,false,דגני בוקר וניל 686ג' כריות,"יוניליוור שפע ישראל בע""\",,כריות וניל 686 גרם,גרמים,686.00,100 גרם,false,,23.90,0.0348,true,1,181019
7290112495006,false,כריות נוגט 686 גרם - קופסא,"יוניליוור ישראל מזון בע""",,כריות נוגט 686 גרם,גרמים,686.00,100 גרם,false,,23.90,0.0348,true,1,181020
7290112495013,false,כריות נוגט פחות סוכר686ג,יוניליוור שפע ישראל בעמ,,כריות מפחות סוכר 686,גרמים,686.00,100 גרם,false,,23.90,0.0348,true,1,181021
7290112495020,false,כריות צוקולדה בדצ מאוחד 750 גר,"יוניליוור ישראל מזון בע""",,כריות צוקולדה 686 גר,גרמים,686.00,100 גרם,false,,23.90,0.0348,true,1,181023
7290112495037,false,דגני בוקר בטעם שוקולד כדורים 375 ג' קוקומן,יוניליוור שפע ישראל בעמ,,קוקומן כדורים 375 גר,גרמים,375.00,100 גרם,false,,22.00,0.0587,true,1,181024
7290112495112,false,נשנושים טעם זעתר בייגל בייגל 260 גרם,בייגל את בייגל מזון 198),,נישנושים זעתר 300 גר,גרמים,300.00,100 גרם,false,,15.00,0.0500,true,1,181027
7290112495136,false,נשנושי קרקר 6 דגנים,אתר בייגל,,נשנושים 6 דגנים 325ג,גרמים,325.00,100 גרם,false,,15.00,0.0462,true,1,181028
7290112495143,false,נשנושי קרקר קוקטייל מלוח בייגל בייגל 300 גרם,בייגל את בייגל מזון 198),,בייגל בייגל קוקטייל,גרמים,350.00,100 גרם,false,,15.00,0.0429,true,1,181029
7290112495150,false,נשנושי קרקר עיגולים מלח בייגל בייגל 300 גרם,בייגל את בייגל מזון 198),,נשנושים עגול מלוח 35,גרמים,350.00,100 גרם,false,,15.00,0.0429,true,1,181030
7290112495167,false,נשנושי קרקר משולשי שומשום בייגל בייגל 300 גרם,בייגל את בייגל מזון 198),,נשנושים משולש שומשום,גרמים,350.00,100 גרם,false,,15.00,0.0429,true,1,181031
7290112495174,false,נשנושי קרקר קוקטייל שומשום בייגל בייגל 300 גרם,בייגל את בייגל מזון 198),,קוקטייל ושמשום 350 ג,גרמים,350.00,100 גרם,false,,15.00,0.0429,true,1,181032
7290112495228,false,קורנפלקס נגיעות דבש תלמה 448 גרם,"יוניליוור שפע ישראל בע""\",,תלמה קרונפלקס דבש 44,גרמים,448.00,100 גרם,false,,18.90,0.0422,true,1,181033
7290112495242,false,קורנפלקס מייפל תלמה 448 גר'.,"יוניליוור שפע ישראל בע""\",,תלמה קרונפלקס מייפל,גרמים,448.00,100 גרם,false,,18.90,0.0422,true,1,183310
7290112495280,false,ריבועי ברנפלקס קינמון תלמה 400 גרם,"יוניליוור שפע ישראל בע""\",,ברנפלקס ריבועי קינמו,גרמים,400.00,100 גרם,false,,23.00,0.0575,true,1,185706
7290112495433,false,דגני דליפקאן תוספת אגוזי פקאן ושקדים 400 גר,"יוניליור שפע ישראל בע""\מ",,תלמה דליפקאן 400 גרם,גרמים,400.00,100 גרם,false,,23.00,0.0575,true,1,179860
7290112495457,false,ברנפלקס ללא גלוטן 37,,,ברנפלקס ללא גלוטן 37,גרמים,375.00,100 גרם,false,,29.90,0.0797,true,1,185707
7290112495464,false,נשנושים מתוקים עם קי,אתר בייגל,,נישנושים מתוקים 260,גרמים,260.00,100 גרם,false,,0.00,0.0000,true,1,188306
7290112495501,false,שוגי ללא גלוטן 375 ג,,,שוגי ללא גלוטן 375 ג,גרמים,375.00,100 גרם,false,,19.90,0.0531,true,1,184726
7290112495594,false,בייגלה שמיניות גדולות ללא מלח בייגל בייגל 400 גרם,בייגל את בייגל מזון 198),,בייגלה שמיניות גדולו,גרמים,400.00,100 גרם,false,,14.00,0.0350,true,1,181902
7290112495747,false,רוטב צ''ילי מתוק כ 70% פחות סוכר 340 ג' קנור,יוניליוור ישראל מזון בע\,,קנור צ'ילי מתוק מופח,גרמים,340.00,100 גרם,false,,14.00,0.0412,true,1,185696
7290112495754,false,"רטבי הלמנס לסלט 300 מ""ל אלף האיים",יוניליוור ישראל מזון בעמ,,הלמנס רוטב אלף האיים,מיליליטרים,305.00,"100 מ""ל",false,,12.00,3.9344,true,1,185711
7290112495761,false,"הלמנס רוטב לחיץ אלף האיים לייט 290 מ""ל",יוניליוור ישראל מזון בעמ,,הלמנס רוטב אלף האיים,גרמים,305.00,100 גרם,false,,12.00,0.0393,true,1,185712
7290112495778,false,רוטב הלמנס אלף האיים,יוניליוור,,הלמנס רוטב אלף האיים,מיליליטרים,305.00,"100 מ""ל",false,,12.00,3.9344,true,1,186253
7290112495785,false,רוטב לסלט שום הלמנס 300ג,יוניליוור ישראל מזון בעמ,,הלמנ'ס לסלט שום 300מ,מיליליטרים,300.00,"100 מ""ל",false,,12.00,4.0000,true,1,185708
7290112495808,false,"רטבי הלמנס לסלט 300 מ""ל חרדל ודבש",יוניליוור ישראל מזון בעמ,,הלמנס רוטב חרדל ודבש,מיליליטרים,305.00,"100 מ""ל",false,,12.00,3.9344,true,1,185713
7290112495815,false,"רוטב חרדל ודבש לייט הלמנס 305 גרם בד""צ.",יוניליוור ישראל מזון בעמ,,הלמנ'ס סלט חרדל דבש,גרמים,305.00,100 גרם,false,,12.00,0.0393,true,1,185714
7290112495822,false,כריות BLACK בטעם שוקולד וניל תלמה 686 גרם,"יוניליוור שפע ישראל בע""\",,כריות בלאק 686 גרם,גרמים,686.00,100 גרם,false,,23.90,0.0348,true,1,183302
7290112495945,false,בדין גל כביסה מיני בניחוח בדין כחול 425,"זוהר דליה, קיבוץ דליה, 1",,"ג'ל כביסה בדין 425מ""",יחידה,0.00,יחידה,false,,0.00,0.0000,true,1,196847
7290112496027,false,סירופ שוקולד אפיכל 580 גרם,יוניליוור ישראל מזון בע\,,אפיכל סירופ שוקולד 5,גרמים,580.00,100 גרם,false,,16.00,0.0276,true,1,185715
7290112496034,false,סירופ מייפל אפיכל 580 גרם,יוניליוור ישראל מזון בע\,,אפיכל סירופ מייפל 58,גרמים,580.00,100 גרם,false,,16.00,0.0276,true,1,185716
7290112496065,false,"פתית תירס כשל""פ 200 גרם",אקסטרודו בשיצ'\ה S.R.O ב,,"פתית תירס כשל""פ 200",גרמים,200.00,100 גרם,false,,19.90,0.0995,true,1,185698
7290112496218,false,קנור רוטב טריאקי הפחתה של מעל 50% סוכר ונתרן 310 ג',יוניליוור ישראל מזון בעמ,,קנור רוטב טריאקי 340,מיליליטרים,340.00,"100 מ""ל",false,,14.00,4.1176,true,1,186726
7290112496294,false,חטיף פתית צ'יפס עם אפונה ירוקה צהובה וצ'ילי,JLM גלובל פודסn37\ דרך א,,פתית צ'יפס עם אפונה,יחידה,0.00,יחידה,false,,0.00,0.0000,true,1,188561
7290112497000,false,פנטסטיק תרכיז ניקוי רב תכליתי בניחוח לימון,"זוהר דליה, קיבוץ דלי",,סיף פנטסטיק 1 ליטר,ליטרים,1.00,ליטר,false,,9.90,9.9000,true,1,186839
7290112497123,false,סחלב תערובת להכנת מעדן בטעם סחלב 112גרם,יוניליוור ישראל מזון בע\,,תלמה קנור סחלב 112 ג,גרמים,112.00,100 גרם,false,,0.00,0.0000,true,1,189728
7290112497239,false,כריות בטעם מרשמלו 68,יוניליוור,,כריות בטעם מרשמלו,יחידה,0.00,יחידה,false,,0.00,0.0000,true,1,187327
7290112497291,false,קנור נמס בכוס אקסטרה,יוניליוור,,קנור נמס בכוס אקסטרה,יחידה,0.00,יחידה,false,,0.00,0.0000,true,1,187329
7290112497529,false,"ג'ל לניקוי ידיים ללא בושם פינוק 120 מ""ל","זוהר דליה, קיבוץ דלי",,פינוק ג'ל ידיים ללא,יחידה,0.00,יחידה,false,,0.00,0.0000,true,1,188307
7290112497758,false,קוקומן בטעם טופי קרמ,תלמה,,קוקומן בטעם טופי קרמ,גרמים,375.00,100 גרם,false,,0.00,0.0000,true,1,188461
7290112497925,false,נישנושים חטיף שמנת ו,"דרך השוקולד 1, צפת 1",,נישנושים חטיף שמנת ו,גרמים,260.00,100 גרם,false,,0.00,0.0000,true,1,189064
7290112498243,false,תחליב רחצה פינוק אבו,יוניליוור,,פינוק תחליב רחצה אבו,מיליליטרים,700.00,"100 מ""ל",false,,0.00,0.0000,true,1,189874
7290112498649,false,גלידת פסק זמן בטעם קוקוס,"מיוצר ע""\י גלידת שטראוס",,שטראוס פייט פסק זמן,מיליליטרים,520.00,"100 מ""ל",false,,0.00,0.0000,true,1,193163
7290112499691,false,מאגדת מיני מגנום לבן+שקד,"גלידת שטראוס בע""\מ רח'\",,מיני מגנום שקד לבן,יחידה,5.00,יחידה,false,,26.30,5.2600,true,1,183149
7290112499738,false,קרחון שרבט פרווה בטעם מלון 90 גרם,"מיוצר ע""\י גלידת שטראוס",,קרחון שרבט פרווה בטע,יחידה,0.00,יחידה,false,,0.00,0.0000,true,1,188994
7290112499776,false,גלידת שמנת מופחתת שומן וקלוריות בטעם שוקולד לבן 240 גרם,"גלידת שטראוס בע""\מ, רח'\",,גודיז מאגדת 3 שוקולד,יחידה,0.00,יחידה,false,,19.90,0.0000,true,1,186730
7290112499837,false,"שלגון בטעם שוקולד עם נוגט ""מגנום""","מיוצר ע""\י גלידת שטראוס",,מגנום דואט שוקלד נגו,יחידה,0.00,יחידה,false,,0.00,0.0000,true,1,187739
7290112499844,false,מאגדת מיני מגנום דואט שוקולד עם נוגט שטראוס 310 גרם,"מיוצר ע""\י גלידת שטראוס",,מיני מגנום דאבל,יחידה,5.00,יחידה,false,,27.20,5.4400,true,1,183151
7290112499943,false,מיני מאגדת מיני מגנום טעמים שונים וניל+שוקו,"מיוצר ע""\י גלידת שטראוס",,מיני מגנום שוקו וניל,יחידה,5.00,יחידה,false,,26.30,5.2600,true,1,183152
7290112499974,false,מאגדת מיני פסק זמן על מקל,"גלידת שטראוס בע""\מ, רח'\",,שטראוס מאגדת מיני פס,גרמים,280.00,100 גרם,false,,0.00,0.0000,true,1,187741
7290112700445,false,נר גדול ספרה 1 מנצנץ,,,נר גדול ספרה 1 מנצנץ,יחידה,0.00,יחידה,false,,8.00,0.0000,true,1,180306
7290112703187,false,נרות אותיות HB כסף,,,נר אותיות כסף,יחידה,0.00,יחידה,false,,9.00,0.0000,true,1,180296
7290112705426,false,צלחת במבוק חד קרן 23,,,צלחת במבוק 23 חד - ק,יחידה,0.00,יחידה,false,,9.90,0.0000,true,1,180387
7290112705457,false,קערה במבוק חג קרן יח,,,קערה במבוק חד - קרן,יחידה,0.00,יחידה,false,,9.90,0.0000,true,1,180389
7290112705471,false,קערה במבוק נסיכות יח,שמחה זה אנחנו,,קערה במבוק נסיכות,יחידה,0.00,יחידה,false,,9.90,0.0000,true,1,180390
7290112706362,false,מארז שלישיית ביצי שוקולד מפרץ ההרפתקאות,שמחה זה אנחנו,,שלישיית ביצי שוקולד,יחידה,0.00,יחידה,false,,13.90,0.0000,true,1,180414
7290112960955,false,בצק שמרים כוסמין בונ,בונז'\ור,,בצק שמרים כוסמין בונ,גרמים,510.00,100 גרם,false,,14.90,0.0292,true,1,178433
7290112961143,false,טבעול נתחי בקר צמחוניים 470 גרם,טבעול תעשיות מזון בע,,טבעול נתחי בקר צמחונ,גרמים,470.00,100 גרם,false,,34.90,0.0743,true,1,167832
7290112961327,false,בייגלה כפיות פיזור כפרי אסם 300 גרם,"אסם תעשיות בע""מ",,אסם בייגלה כפיות פיז,גרמים,300.00,100 גרם,false,,11.90,0.0397,true,1,176264
7290112961372,false,פיטנס חטיפי פריכיות דקות קינמון 60 גרם,"פרח תעשיות מזון בע""\מ",,פיטנס חטיפי פריכיות,יחידה,0.00,יחידה,false,,9.90,0.0000,true,1,172231
7290112961464,false,פיטנס חטיפי פריכיות דגנים וחומוס מתובלות,"פרח תעשיות מזון בע""\מ",,פיטנס חטיפי פריכיות,יחידה,0.00,יחידה,false,,9.90,0.0000,true,1,172229
7290112961730,false,שקדי מרק דגיגים אסם,,,אסם שקדי מרק דגינים,גרמים,400.00,100 גרם,false,,12.90,0.0323,true,1,167835
7290112961754,false,עוגיות שוקולד ציפס עם קרם בטעם אגוזים 220 גר',מיוצר עי קונדיטוריית,,עוגיות שוקוציפס קרם,גרמים,200.00,100 גרם,false,,11.00,0.0550,true,1,173057
7290112962522,false,ביסלי שום בצל 60 גרם אסם,"אסם השקעות בע""\מ",,ביסלי שום בצל 60 גרם,יחידה,0.00,יחידה,false,,0.00,0.0000,true,1,189722
7290112962652,false,"אסם אבקת מרק טעם עוף כשל""פ 800 גרם","אסם השקעות בע""\מ",,אסם מרק טעם עוף כשר,גרמים,800.00,100 גרם,false,,9.90,0.0124,true,1,174421
7290112962737,false,שניצל מן הצומח עם חלבון טבעול 664 גרם,"טבעול תעשיות מזון בע""\מ\",,טבעול שניצל מן הצומח,גרמים,664.00,100 גרם,false,,34.90,0.0526,true,1,167842
7290112963000,false,"רוטב צ'ילי מתוק פחת נתרן וסוכר 290 מ""ל אסם","אסם תעשיות בע""מ",,אסם רוטב צ'ילי מופחת,מיליליטרים,290.00,"100 מ""ל",false,,12.90,4.4483,true,1,183414
7290112963321,false,גריסיני בייגלה שטוח ללא גלוטן אסם 300גרם,מיוצר עי קונדיטוריית,,גרטיפי בייגלה שטוח ל,גרמים,300.00,100 גרם,false,,0.00,0.0000,true,1,188652
7290112963482,false,אסם פתיתים קוסקוס גי,אסם,,אסם פתיתים קוסקוס גי,גרמים,600.00,100 גרם,false,,7.50,0.0125,true,1,173049
7290112963604,false,אסם פתיתים אורז גירף,,,אסם פתיתים אורז גירף,גרמים,600.00,100 גרם,false,,7.50,0.0125,true,1,173050
7290112963895,false,חטיפי קרקר דק כפרי פיטנס.,נסטלה,,פיטנס קרקר דק כפרי 1,גרמים,150.00,100 גרם,false,,11.90,0.0793,true,1,178291
7290112963918,false,פיטנס חטיפי קרקר דק רוזמרין 140 גרם,נסטלה Nestle,,פיטנס קרקר דק רוזמרי,גרמים,140.00,100 גרם,false,,11.90,0.0850,true,1,178292
7290112964298,false,קונכיות פתיתים תרד 400 ג,"אסם תעשיות בע""מ",,אסם חנוכיות פתיתים ת,גרמים,400.00,100 גרם,false,,8.90,0.0223,true,1,179028
7290112964373,false,אפרופו גבינה 50 גרם,,,אפרופו גבינה 50 גרם,יחידה,0.00,יחידה,false,,0.00,0.0000,true,1,189723
7290112964410,false,אסם רוטב אלף האיים חדש לסלט 290 גרם,"אסם תעשיות בע""מ",,רוטב אלף האיים לסלט,מיליליטרים,290.00,"100 מ""ל",false,,10.90,3.7586,true,1,178259
7290112964434,false,אסם רוטב קיסר חדש לסלט 295 גרם,"אסם תעשיות בע""מ",,רוטב לסלט קיסר 295 מ,מיליליטרים,295.00,"100 מ""ל",false,,10.90,3.6949,true,1,178263
7290112964458,false,רוטב ויניגרט חדש לסלט 295 גרם אסם,"אסם תעשיות בע""מ",,רוטב וינגרט קלאסי 29,מיליליטרים,295.00,"100 מ""ל",false,,10.90,3.6949,true,1,178264
7290112964472,false,אסם רוטב שום חדש לסלט 290 גרם,"אסם תעשיות בע""מ",,אסם רוטב שום לסלט כש,מיליליטרים,290.00,"100 מ""ל",false,,10.90,3.7586,true,1,178260
7290112964502,false,אסם רוטב אלף האיים לסלט 600 גרם,"אסם תעשיות בע""מ",,רוטב אלף האיים 600 מ,מיליליטרים,600.00,"100 מ""ל",false,,16.90,2.8167,true,1,178267
7290112964564,false,"רוטב אלף האיים לייט לסלט אסם 295 מ""ל","אסם תעשיות בע""מ",,רוטב אלף האיים לייט,מיליליטרים,295.00,"100 מ""ל",false,,10.90,3.6949,true,1,178265
7290112964588,false,רוטב אסייתי לפאד תאי,"אסם השקעות בע""\מ",,אסם רוטב לפאד תאי 29,מיליליטרים,290.00,"100 מ""ל",false,,14.90,5.1379,true,1,177649
7290112964601,false,רוטב בנוסח סצ'ואן הסדרה האסייתית,"אסם השקעות בע""\מ",,אסם רוטב בנוסח סצואן,מיליליטרים,290.00,"100 מ""ל",false,,15.90,5.4828,true,1,177650
7290112964625,false,רוטב שום לייט לסלט 310 גרם אסם,"אסם תעשיות בע""מ",,"רוטב שום לייט 310 מ""",מיליליטרים,310.00,"100 מ""ל",false,,10.90,3.5161,true,1,178268
7290112964700,false,רוטב חרדל ודבש לסלט295גר,אסם,,אסם רוטב חרדל ודבש ל,מיליליטרים,295.00,"100 מ""ל",false,,10.90,3.6949,true,1,178269
7290112965080,false,פסטה ברוטב פטריות מוקרם 143 ג'.,"אסם תעשיות בע""מ",,אסם פסטה ברוטב פטריו,גרמים,143.00,100 גרם,false,,10.90,0.0762,true,1,182362
7290112965103,false,תבשיל קוסקוס עם ירקות אסם 146 גרם,אסם,,אסם קוסקוס עם ירקות,גרמים,146.00,100 גרם,false,,10.90,0.0747,true,1,182363
7290112965226,false,אסם אורז סיני עם נודלס 130 גר',"אסם תעשיות בע""מ",,אסם אורז סיני עם נוד,גרמים,130.00,100 גרם,false,,10.90,0.0838,true,1,182365
7290112965240,false,מרק נמס בטעם עגבניות זוג * 44 ג' אסם,"אסם תעשיות בע""מ",,אסם זוג מרק נמס עגבנ,יחידה,0.00,יחידה,false,,5.90,0.0000,true,1,179766
7290112965288,false,מרק נמס ירקות אסם בדצ 56 גרם מארז זוגי,"אסם תעשיות בע""מ",,אסם זוג מרק נמס ירקו,יחידה,0.00,יחידה,false,,6.50,0.0000,true,1,179767
7290112965325,false,תבשיל אורז ספרדי אוסם 140 גרם,"אסם תעשיות בע""מ",,אסם אורז ספרדי 140 ג,גרמים,140.00,100 גרם,false,,10.90,0.0779,true,1,182366
7290112965608,false,פסטה אסם לבבות 400 גר',ניולט פוד ס.פ.א,,אסם פסטה לבבות 400 ג,גרמים,400.00,100 גרם,false,,6.00,0.0150,true,1,180579
7290112965943,false,טבעול נאגטס ירקות ירוקים 6*500גרם,"טבעול תעשיות מזון בע""\מ",,טבעול נאגטס ירקות יר,יחידה,0.00,יחידה,false,,0.00,0.0000,true,1,188875
7290112966124,false,ביסקוויט פתי בר מופחת סוכר 500 גרם,מיוצר עי קונדיטוריית,,אסם פתי בר מופחת סוכ,גרמים,500.00,100 גרם,false,,10.90,0.0218,true,1,182388
7290112966445,false,במבה מתוקה אריזה גדולה 100 ג' אסם,"אסם השקעות בע""\מ",,במבה מתוקה אסם 100 ג,גרמים,100.00,100 גרם,false,,8.90,0.0890,true,1,180583
7290112966704,false,צבר טחינה עשבי תיבול,סלטי צבר 2 ב 22,,צבר טחינה עשבי תיבול,גרמים,350.00,100 גרם,false,,15.90,0.0454,true,1,180587
7290112966803,false,אסם פודינג אינסטנט שוקולד 95 גרם,"אסם השקעות בע""\מ",,אסם פודינג אינסטנט ש,יחידה,0.00,יחידה,false,,5.50,0.0000,true,1,182367
7290112966841,false,אינסטנט פודינג בטעם שוקולד מריר 95 גרם,מיוצר עי קונדיטוריית,,אסם פודינג בטעם שוקו,יחידה,0.00,יחידה,false,,5.50,0.0000,true,1,182368
7290112967114,false,פיטנס חטיפי פריכיות קטניות ופלפל 60 גרם,"פרח תעשיות מזון בע""\מ",,פיטנס חטיפי פריכיות,יחידה,0.00,יחידה,false,,0.00,0.0000,true,1,187476
7290112967404,false,"רוטב אלף האיים כשל""פ290ג","אסם תעשיות בע""מ",,רוטב אלף האיים לסלט,מיליליטרים,290.00,"100 מ""ל",false,,0.00,0.0000,true,1,197521
7290112967572,false,"אסם רוטב ברביקיו 290 מ""ל אסם",Unknown,,אסם רוטב ברביקיו 290,מיליליטרים,290.00,"100 מ""ל",false,,10.90,3.7586,true,1,182369
7290112967619,false,"אסם רוטב סויה קלאסי מופחת נתרן 290 מ""ל","אסם תעשיות בע""מ",,אסם רוטב סויה קלאסי,מיליליטרים,290.00,"100 מ""ל",false,,15.90,5.4828,true,1,183288
7290112967749,false,פרפקטו פסטה נוציאולה 500 גרם,ניולט פוד ס.פ.א,,פרפקטו פסטה נוציאולה,גרמים,500.00,100 גרם,false,,7.90,0.0158,true,1,182370
7290112967824,false,בישולים מיקס קלאסי אוסם 200 גרם,"אסם השקעות בע""\מ",,אסם בישולים מיקס קלא,גרמים,200.00,100 גרם,false,,18.90,0.0945,true,1,183291
7290112969248,false,אסם בישולים רוטב סילאן ובצל 335*9 גרם,"אסם תעשיות בע""מ",,אסם בישולים רוטב סיל,גרמים,335.00,100 גרם,false,,0.00,0.0000,true,1,188871
7290112969286,false,אסם בישולים רוטב חרדל ודבש 330*9 גרם,"אסם תעשיות בע""מ",,אסם בישולים רוטב חרד,גרמים,330.00,100 גרם,false,,0.00,0.0000,true,1,188872
7290113191938,false,"סירופ רוזטה בטעם שקדים 750 מ""ל","פוליבה בע""ם",,סירופ רוזטה 750 גרם,גרמים,750.00,100 גרם,false,,18.90,0.0252,true,1,182113
7290113192201,false,תערובת להכנת סחלב 500 גרם ששון הקולה,"י. כהן בע""מ",,פינוק סחלב 500 גרם,גרמים,500.00,100 גרם,false,,0.00,0.0000,true,1,188665
7290113192300,false,זיתים מושחרים חרוזית 275 גרם בית השיטה,בית השיטה,,בית השיטה חרוזית מוש,גרמים,275.00,100 גרם,false,,9.90,0.0360,true,1,182865
7290113192317,false,טבעות זיתים מושחרים 280 גרם בית השיטה,בית השיטה,,בית השיטה טבעות זיתי,גרמים,560.00,100 גרם,false,,10.90,0.0195,true,1,182866
7290113192348,false,בית השיטה זיתים ירוקים גדול מאודבטעם שום,בית-השיטה עסיס תעשיות מז,,בית השיטה זית מנס.יר,גרמים,560.00,100 גרם,false,,10.00,0.0179,true,1,182869
7290113192355,false,חרוזית זיתים ירוקים ללא גלעין 275 ג' בית השיטה,בית-השיטה עסיס תעשיות מז,,בית השיטה חרוזית ירו,גרמים,275.00,100 גרם,false,,9.90,0.0360,true,1,182870
7290113192362,false,זיתים ירוקים טבעות A2 בית השיטה 280 גרם,בית-השיטה עסיס תעשיות מז,,בית השיטה טבעות זיתי,גרמים,560.00,100 גרם,false,,10.90,0.0195,true,1,182871
7290113192386,false,בית השיטה זיתים ירוקים סורי מבוקע 340גרם,בית השיטה,,בית השיטה זית סורי מ,גרמים,340.00,100 גרם,false,,11.90,0.0350,true,1,182873
7290113192393,false,בית השיטה קוקטייל זיתים א2 336 גרם,בית-השיטה עסיס תעשיות מז,,בית השיטה קוקטייל זי,גרמים,336.00,100 גרם,false,,10.90,0.0324,true,1,182874
7290113192409,false,בית השיטה חרוזית פיק,בית השיטה,,בית השיטה חרוזית פיק,גרמים,275.00,100 גרם,false,,11.00,0.0400,true,1,182875
7290113192478,false,בית השיטה מלפפונים במלח בינוני 10-12 320 גרם,בית-השיטה עסיס תעשיות מז,,בית השיטה מלפפון במל,גרמים,320.00,100 גרם,false,,7.50,0.0234,true,1,182881
7290113192485,false,בית השיטה מלפפונים בחומץ בינוני 10-12 290 גרם,בית-השיטה עסיס תעשיות מז,,בית השיטה מלפפון חמו,גרמים,290.00,100 גרם,false,,7.50,0.0259,true,1,182882
7290113192492,false,בית השיטה מלפפונים בחומץ קטנים 1317 290 גרם,בית-השיטה עסיס תעשיות מז,,בית השיטה מלפפון בחו,גרמים,290.00,100 גרם,false,,9.90,0.0341,true,1,182883
7290113192508,false,בית השיטה מלפפונים במלח קטן 1317 320 גרם,בית-השיטה עסיס תעשיות מז,,בית השיטה מלפפון במל,גרמים,320.00,100 גרם,false,,9.90,0.0309,true,1,182884
7290113192515,false,בית השיטה מלפפונים במלח קטן מאוד 1825 320 גרם,בית-השיטה עסיס תעשיות מז,,מלפפון במלח קטנים מא,גרמים,320.00,100 גרם,false,,11.70,0.0366,true,1,182885
7290113192522,false,בית השיטה מלפפונים בחומץ קטן מאוד 1825 290 גרם,בית-השיטה עסיס תעשיות מז,,מלפפון בחומץ 8-25,גרמים,290.00,100 גרם,false,,11.70,0.0403,true,1,182886
7290113192539,false,בית השיטה מלפפונים במלח גדול 79 320 גרם,בית-השיטה עסיס תעשיות מז,,בית השיטה מלפפון במל,גרמים,320.00,100 גרם,false,,6.50,0.0203,true,1,182887
7290113192546,false,"מלפפונים בחומץ רכיבים טבעיים 7-9 ""בית השיטה""",בית-השיטה עסיס תעשיות מז,,בית השיטה מלפפון בחו,גרמים,290.00,100 גרם,false,,6.50,0.0224,true,1,182888
7290113192553,false,מלפפונים במלח 13-17 פיקנטי בית השיטה 320 גרם,בית-השיטה עסיס תעשיות מז,,בית השיטה מלפפון במל,גרמים,320.00,100 גרם,false,,11.70,0.0366,true,1,182889
7290113192560,false,בית השיטה פלפל שיפקה חריף כבוש 230 גרם,בית-השיטה עסיס תעשיות מז,,בית השיטה פלפל שיפקה,גרמים,230.00,100 גרם,false,,8.00,0.0348,true,1,182891
7290113193017,false,בית השיטה חרוזית קוקטייל זיתים 275 גרם,"בית השיטה תעשיות בע""\מ",,בית השיטה חרוזית קוק,גרמים,275.00,100 גרם,false,,0.00,0.0000,true,1,187481
7290113193031,false,חרוזית קלמטה - זיתים שחורים ללא גלעין קלמטה,"בית השיטה תעשיות בע""\מ",,בית השיטה חרוזית קלמ,גרמים,275.00,100 גרם,false,,15.90,0.0578,true,1,186733
7290113194090,false,בית השיטה טבעות זיתים קלמטה 280 גרם,בית השיטה תעשיות בעמ,,טבעות זיתים קלמטה,יחידה,0.00,יחידה,false,,0.00,0.0000,true,1,188655
7290113280717,false,כוסות יהלום 40 יח' ספלאש,,,ספלאש כוסות יהלום 40,יחידה,0.00,יחידה,false,,4.90,0.0000,true,1,186844
7290113310780,false,בלוני קונפטי 12 3 יח,,,בלוני קונפטי 12 3 יח,יחידה,0.00,יחידה,false,,0.00,0.0000,true,1,188796
7290113310797,false,בלוני קונפטי 12 3 יח,,,בלוני קונפטי 12 3 יח,יחידה,0.00,יחידה,false,,0.00,0.0000,true,1,188797
7290113310803,false,בלוני קונפטי 12 3 יח,,,בלוני קונפטי 12 3 יח,יחידה,0.00,יחידה,false,,0.00,0.0000,true,1,188798
7290113310810,false,בלוני קונפטי 12 3 יח,,,בלוני קונפטי 12 3 יח,יחידה,0.00,יחידה,false,,0.00,0.0000,true,1,188799
7290113310834,false,בלוני קונפטי 12 3 יח,,,בלוני קונפטי 12 3 יח,יחידה,0.00,יחידה,false,,0.00,0.0000,true,1,197036
7290113314467,false,גביעי מאפינס קטנים 2,,,גביעי מאפינס קטנים 2,יחידה,0.00,יחידה,false,,0.00,0.0000,true,1,189016
7290113317079,false,בוקט סוכריות על מקל,,,בוקט סוכריות על מקל,יחידה,0.00,יחידה,false,,10.90,0.0000,true,1,180180
7290113317550,false,בוקט סוכריות על מקל 10 יח - חד קרן 1/40,,,בוקט סוכריות על מקל,יחידה,0.00,יחידה,false,,10.90,0.0000,true,1,180181
7290113317581,false,שקיות מטאלי זהב 10 יחידו,,,שקית 10 מטאלי זהב,יחידה,0.00,יחידה,false,,8.00,0.0000,true,1,180417
7290113317598,false,שקיות מטאלי כסף 10 יחידו,,,שקית 10 מטאלי כסף,יחידה,0.00,יחידה,false,,8.00,0.0000,true,1,180418
7290113317604,false,שקיות מטאלי אדום 10 יחיד,,,שקית 10 מטאלי אדום,יחידה,0.00,יחידה,false,,8.00,0.0000,true,1,180419
7290113591844,false,נר ספרה 1 ורוד מטאלי,,,נר ספרה 1 ורוד מטאלי,יחידה,0.00,יחידה,false,,0.00,0.0000,true,1,188336
7290113591868,false,נר ספרה 3 ורוד מטאלי,,,נר ספרה 3 ורוד מטאלי,יחידה,0.00,יחידה,false,,0.00,0.0000,true,1,187530
7290113591875,false,נר ספרה 4 ורוד מטאלי,,,נר ספרה 4 ורוד מטאלי,יחידה,0.00,יחידה,false,,0.00,0.0000,true,1,192678
7290113592728,false,נר גדול ספרה 8 עם מעמד שחור - כסף מטאלי,,,נר גדול ספרה 8,יחידה,0.00,יחידה,false,,0.00,0.0000,true,1,188383
7290113594616,false,שלישיית ביצי שוקולד חד קרן,Unknown,,שלישיית ביצי שוקולד,יחידה,0.00,יחידה,false,,13.90,0.0000,true,1,180421
7290113650978,false,שמיכות כבש,,,שמיכות כבש,יחידה,0.00,יחידה,false,,0.00,0.0000,true,1,189951
7290113655522,false,מגבות ענק לי קופר,,,מגבות ענק לי קופר,יחידה,0.00,יחידה,false,,0.00,0.0000,true,1,188076
7290113655645,false,שלישיית מגבות מטבח ברכות,,,מגבות מטבח לי קופר,יחידה,0.00,יחידה,false,,0.00,0.0000,true,1,189941
7290113657342,false,כרית פספול,,,כרית פספול,יחידה,0.00,יחידה,false,,0.00,0.0000,true,1,189952
7290113658066,false,מגבות גוף סנטה ברברה,,,מגבות גוף סנטה ברברה,יחידה,0.00,יחידה,false,,19.90,0.0000,true,1,174726
7290113658097,false,מגבות מטבח סנטה ברבר,,,מגבות מטבח סנטה ברבר,יחידה,0.00,יחידה,false,,10.00,0.0000,true,1,174723
7290113830011,false,לייף קידס בקבוק נצנצים 350 מל מיני מאוס,שמחה זה אנחנו,,מפת שולחן 85*85,יחידה,0.00,יחידה,false,,0.00,0.0000,true,1,188080
7290113830103,false,מצעים קומפלט זוגי דג,,,מצעים קומפלט זוגי דג,יחידה,0.00,יחידה,false,,79.90,0.0000,true,1,174722
7290113831568,false,גרבי בנים/בנות,,,גרבי בנים/בנות,יחידה,0.00,יחידה,false,,0.00,0.0000,true,1,189943
7290113831575,false,גרבי נשים,,,גרבי נשים,יחידה,0.00,יחידה,false,,0.00,0.0000,true,1,189953
7290113831704,false,תחתוני נשים חמישיות,,,תחתוני נשים חמישיות,יחידה,0.00,יחידה,false,,0.00,0.0000,true,1,189955
7290113832053,false,נעלי בית גבר,,,נעלי בית גבר,יחידה,0.00,יחידה,false,,0.00,0.0000,true,1,189961
7290113832060,false,נעלי בית נשים,,,נעלי בית נשים,יחידה,0.00,יחידה,false,,0.00,0.0000,true,1,189940
7290113832510,false,שטיחי PVC,,,שטיחי PVC,יחידה,0.00,יחידה,false,,0.00,0.0000,true,1,189956
7290113835672,false,חמישיית מגבות ידיים,,,סט 5 מגבות ידיים,יחידה,0.00,יחידה,false,,14.90,0.0000,true,1,183175
7290114142311,false,קרם פנים על בסיס מי,,,קרם פנים על בסיס מי,יחידה,0.00,יחידה,false,,29.90,0.0000,true,1,186464
7290114145824,false,פרולטה קרם גוף אבוקדו 400מ'ל,,,פרולטה קרם גוף אבוקד,יחידה,0.00,יחידה,false,,0.00,0.0000,true,1,198905
7290114145831,false,אוליב שמפו לשיער יבש ופגום מועשר בשמן זית,אוליב Olive,,אוליב שמפו שמן זית,יחידה,0.00,יחידה,false,,21.90,0.0000,true,1,182946
7290114146289,false,"אוליב - תחליב רחצה שמן זית 800 מ""ל",א.פ.חורי,,אוליב מרכך שמן זית,יחידה,0.00,יחידה,false,,19.90,0.0000,true,1,182948
7290114147569,false,אוליב ק.גוף שמן זית 500מ'ל,א.פ.חורי,,אוליב קרם גוף שמן זי,מיליליטרים,500.00,"100 מ""ל",false,,19.90,3.9800,true,1,183776
7290114148474,false,ספא פארמה פחם CHARCOALגל סקראב לפנים150מל,,,ספא פארמה פחם ג'ל סק,יחידה,0.00,יחידה,false,,0.00,0.0000,true,1,198906
7290114310222,false,חלב מועשר בסידן וויטמין Dי 3% 1.5 ל' טרה,מילקו תעשיות בעמ,,טרה חלב מעושר בסידן,ליטרים,1.50,ליטר,false,,0.00,0.0000,true,1,187297
7290114310239,false,חלב נטול לקטוז מועשר בוויטמין D י 2% 1.5 ל' טרה,מילקו תעשיות בעמ,,טרה חלב נטול לקטוז מ,ליטרים,1.50,ליטר,false,,0.00,0.0000,true,1,187298
7290114603041,false,פרי גרנולה בוטנים אגוזים וקוקוס חלבון .,"אפקט טבעי בע""מ",,פרי גרנולה בוטנים אג,יחידה,0.00,יחידה,false,,0.00,0.0000,true,1,198883
7290114603508,false,"רוטב להקצפה מאסטר שף 300 מ""ל",סיטי פוד,,מאסטר שף רוטב להקפצה,מיליליטרים,300.00,"100 מ""ל",false,,0.00,0.0000,true,1,187509
7290114603539,false,קרוטונים למרק שום בצל מאסטר שף 350 גרם,"עינת תעשיות מזון, אגשח ב",,מאסטר שף קרוטונים למ,גרמים,350.00,100 גרם,false,,0.00,0.0000,true,1,187510
7290114603553,false,מאסטר שף עגבניות חתוכות גס 800 גרם,פראנו אנריקו ופיגלי,,מאסטר שף עגבניות חתו,גרמים,800.00,100 גרם,false,,0.00,0.0000,true,1,188483
7290114603607,false,PLAY חטיף פוף בטעם חמוץ חריף 40 גרם,מנה,,פוף PLAY בטעם חומץ ח,יחידה,0.00,יחידה,false,,0.00,0.0000,true,1,187513
7290114603768,false,"מארז אג'קס כלורון נוזל לניקוי אסלות 750 מ""ל*2 יח'",קולגייט פלמוליב,,"אג'קס שירותים 750 מ""",יחידה,0.00,יחידה,false,,0.00,0.0000,true,1,187514
7290114604864,false,קוסקוס סולת דק מאסטר שף 350 גרם,דוידוביץ,,קוסקוס סולת דק 350 ג,גרמים,350.00,100 גרם,false,,0.00,0.0000,true,1,197637
7290114604871,false,קוסקוס סולת בינוני מאסטר שף 350 גרם,דוידוביץ,,קוסקוס סולת בינוני 3,גרמים,350.00,100 גרם,false,,0.00,0.0000,true,1,197638
7290114606387,false,"משחת שיניים אופטיק וויט פחם מארז 75 מ""ל",קולגייט פלמוליב,,משחת שיניים אופטיק ו,יחידה,0.00,יחידה,false,,0.00,0.0000,true,1,198884
7290114607995,false,ספיד סטיק מארז זוג גל,,,ספיד סטיק מארז זוג ג,יחידה,0.00,יחידה,false,,0.00,0.0000,true,1,199243
7290114608008,false,ספיד סטיק מארז זוג גל כוח הטבע,,,ספיד סטיק מארז זוג ג,יחידה,0.00,יחידה,false,,0.00,0.0000,true,1,199244
7290114608039,false,זוג דאודורנט ליידי ספיד סטיק ג'ל אלוורה,cp,,ליידי ספיד סטיק מארז,יחידה,0.00,יחידה,false,,0.00,0.0000,true,1,199213
7290114608053,false,זוג דאודורנט ליידי ספיד סטיק ויטמין E,cp,,ליידי ספיד סטיק מארז,יחידה,0.00,יחידה,false,,0.00,0.0000,true,1,199247
7290114608060,false,זוג דאודורנט ליידי ספיד סטיק אלוורה,,,ליידי ספיד סטיק מארז,יחידה,0.00,יחידה,false,,0.00,0.0000,true,1,199245
7290114651554,false,באנר אותיות יום הולד,,,באנר אותיות יום הולד,יחידה,0.00,יחידה,false,,0.00,0.0000,true,1,197640
7290114651790,false,בקבוק טריטן צמיד פרוזן 2,,,"בקבוק טריטן 700 מ""ל",יחידה,0.00,יחידה,false,,0.00,0.0000,true,1,187538
7290114657938,false,נרות לבנים ארוכים עם,,,נרות לבנים ארוכים עם,יחידה,0.00,יחידה,false,,0.00,0.0000,true,1,198887
7290114657945,false,נרות לבנים ארוכים עם,,,נרות לבנים ארוכים עם,יחידה,0.00,יחידה,false,,0.00,0.0000,true,1,187542
7290114659949,false,מסכה כירורגית חד פעמית מארז 50 יח',נ'יאנג יונג,,מסכה לפנים חד -פעמי,יחידה,0.00,יחידה,false,,0.00,0.0000,true,1,187544
7290114720250,false,פוג'יקום מטען סוללות USB אוניברסלי,פוג'יקום,,מטען סוללות אוניברסל,יחידה,0.00,יחידה,false,,0.00,0.0000,true,1,188394
7290114720670,false,פוג'יקום מחליק שיער FUJICOM דגם HS700FJ,,,פוגיקום מחליק שיער מ,יחידה,0.00,יחידה,false,,0.00,0.0000,true,1,189997
7290114820325,false,חרדל דיזון עםגרגירים,,,חרדל דיזון עםגרגירים,גרמים,255.00,100 גרם,false,,0.00,0.0000,true,1,187875
7290115071344,false,טופר אקרילי לעוגה HB,,,טופר אקרילי לעוגה HB,יחידה,0.00,יחידה,false,,0.00,0.0000,true,1,189047
7290115071351,false,טופר אקרילי לעוגה HB,,,טופר אקרילי לעוגה HB,יחידה,0.00,יחידה,false,,0.00,0.0000,true,1,198888
7290115071368,false,טופר אקרילי לעוגה HB,,,טופר אקרילי לעוגה HB,יחידה,0.00,יחידה,false,,0.00,0.0000,true,1,188949
7290115071894,false,סט בלונים לניפוח עצמ,,,סט בלונים לניפוח עצמ,יחידה,0.00,יחידה,false,,0.00,0.0000,true,1,198889
7290115073676,false,מסכה לפנים חד פעמי 50 יח צבעוניות,שמחה זה אנחנו,,מסכה לפנים ילדים חד,יחידה,0.00,יחידה,false,,0.00,0.0000,true,1,187547
7290115074918,false,מסכה לפנים רב פעמי מ,,,מסכה לפנים רב פעמי מ,יחידה,0.00,יחידה,false,,0.00,0.0000,true,1,187549
7290115075076,false,מסכה לפנים ממותגת מב,,,מסכה לפנים ממותגת מב,יחידה,0.00,יחידה,false,,0.00,0.0000,true,1,187550
7290115077131,false,מסכות ילדים צבעוני מעורב 40 יח',מ.פאנג,,מסכה לפנים חד פעמי ל,יחידה,0.00,יחידה,false,,0.00,0.0000,true,1,189979
7290115200553,false,בונזור חטיפי בורקס ת,,,בונזור חטיפי בורקס ת,גרמים,600.00,100 גרם,false,,0.00,0.0000,true,1,188330
7290115200942,false,ביסלי זעתר 60 גרם,,,ביסלי זעתר 60 גרם,יחידה,0.00,יחידה,false,,0.00,0.0000,true,1,189724
7290115201826,false,במבה לבבות 80 גרם,,,במבה לבבות 80 גרם,יחידה,0.00,יחידה,false,,0.00,0.0000,true,1,189788
7290115201888,false,במבה במילוי קרמל מלו,מיוצר עי קונדיטוריית,,במבה במילוי קרמל מלו,יחידה,0.00,יחידה,false,,0.00,0.0000,true,1,189790
7290115292268,false,"אוליב - שמפו קרטין 800 מ""ל",,,אוליב שמפו קרטין 80,מיליליטרים,800.00,"100 מ""ל",false,,0.00,0.0000,true,1,188139
7290115292275,false,אוליב מסיכה קרטין לשיער 500מל,א.פ.חורי,,אוליב מסיכת קרטין ל,מיליליטרים,500.00,"100 מ""ל",false,,0.00,0.0000,true,1,188140
7290115292473,false,"LA BELLE KERATINקרם לחות לשיער צבוע ופגום 500מ""ל",,,לה בל קרם לחות קרטין,יחידה,0.00,יחידה,false,,0.00,0.0000,true,1,187999
7290115292497,false,"LA BELLE KERATINקרם לחות לשיער רגיל עד יבש 500מ""ל",,,לה בל-קרם לחות קרטין,יחידה,0.00,יחידה,false,,0.00,0.0000,true,1,188000
7290115292503,false,"LA BELLE KERATINמסכה לשיער צבוע ופגום 500מ""ל",,,לה בל מסכה קרטין לשי,יחידה,0.00,יחידה,false,,0.00,0.0000,true,1,188389
7290115292510,false,"LA BELLE KERATINמסכה לשיער מתולתל 500מ""ל",,,לה בל מסכה לשיער מתו,יחידה,0.00,יחידה,false,,0.00,0.0000,true,1,188001
7290115405088,false,קינוח אישי קדאיף קפולסקי 200 גרם,קפולסקי אדל בעמ,,קינוח אישי קדאיף 200,גרמים,200.00,100 גרם,false,,0.00,0.0000,true,1,188068
7290115405118,false,קינוח אישי גבינה תענוג תות קפולסקי 200 ג,תופינים מקבוצת קפולסקי,,קינוח אישי תענוג תות,גרמים,200.00,100 גרם,false,,0.00,0.0000,true,1,188069
7290900010367,false,טורטייה שמינייה משקל נקי 360 ג' Avel,Turka Invest,,אבאל טורטייה שמינייה,גרמים,360.00,100 גרם,false,,8.90,0.0247,true,1,151980
7290900010664,false,ניוקי אבאל בטטה 1 קג,Ciemme Alimentari SR,,"אבאל ניוקי בטטה 1 ק""",גרמים,1000.00,100 גרם,false,,9.90,0.0099,true,1,151969
7291044050011,false,נורה אקו טי2 15וואט,,,נורה אקו T2 ספירל WW,יחידה,0.00,יחידה,false,,24.90,0.0000,true,1,180446
7291044050035,false,נורה אקו T2 ספירל WW,,,נורה אקו T2 ספירל WW,יחידה,0.00,יחידה,false,,24.90,0.0000,true,1,180448
7291044050103,false,נורה אקו T2 ספירל 23W X2,,,נורה אקו T2 ספירל DL,יחידה,0.00,יחידה,false,,27.90,0.0000,true,1,180450
7291044098624,false,קומקום נירוסטה אדום,,,קומקום נירוסטה אדום,יחידה,0.00,יחידה,false,,0.00,0.0000,true,1,191726
7291045143057,false,מלחייה אורגנו רקרילי,,,מלחייה אורגנו רקרילי,יחידה,0.00,יחידה,false,,0.00,0.0000,true,1,189756
7291047032762,false,"צלחת אוריינטל 23 ס""מ",,,"אוריינטל צלחת 23 ס""מ",יחידה,0.00,יחידה,false,,5.90,0.0000,true,1,178049
7291061347507,false,קסרולה קרמיקה מלבנית,,,קסרולה קרמיקה מלבנית,יחידה,0.00,יחידה,false,,0.00,0.0000,true,1,188571
7291061384205,false,בונבונירה 3 קומות מד,,,בונבונירה 3 קומות מד,יחידה,0.00,יחידה,false,,0.00,0.0000,true,1,188327
7291061396000,false,מעמד נייר למטבח שחור,,,מעמד נייר למטבח שחור,יחידה,0.00,יחידה,false,,0.00,0.0000,true,1,188572
7291061411314,false,סט 2 מגשים זהב מלבן,,,סט 2 מגשים זהב מלבן,יחידה,0.00,יחידה,false,,0.00,0.0000,true,1,189044
7291073002371,false,פינגן נירוסטה +מכסה,,,פינגן נירוסטה +מכסה,יחידה,0.00,יחידה,false,,16.00,0.0000,true,1,185611
7291073002395,false,פינגן נירוסטה + מכסה,,,פינגן נירוסטה + מכסה,יחידה,0.00,יחידה,false,,0.00,0.0000,true,1,194459
7291073007581,false,DIAMOND סט 3 כפיות ל,,,DIAMOND סט 3 כפיות ל,יחידה,0.00,יחידה,false,,16.90,0.0000,true,1,183851
7291073007642,false,BARGUET סט 3 כפיות ל,,,BARGUET סט 3 כפיות ל,יחידה,0.00,יחידה,false,,12.90,0.0000,true,1,183912
7291073007659,false,BARGUET סט 6 כפיות ת,,,BARGUET סט 6 כפיות ת,יחידה,0.00,יחידה,false,,19.90,0.0000,true,1,183854
7291073007680,false,BARGUET סט 6 כפיות א,,,BARGUET סט 6 כפיות א,יחידה,0.00,יחידה,false,,19.90,0.0000,true,1,183861
7291073010949,false,תבנית לתנור פורצלן מ,,,תבנית לתנור פורצלן מ,יחידה,0.00,יחידה,false,,10.00,0.0000,true,1,183918
7291074000208,false,מחבת קרפ /פנקייק 25,,,מחבת קרפ /פנקייק 25,יחידה,0.00,יחידה,false,,59.90,0.0000,true,1,184756
7291074000215,false,"ווק 20 ס""מ PICCOLO",,,"ווק 20 ס""מ PICCOLO",יחידה,0.00,יחידה,false,,49.90,0.0000,true,1,184757
7291074000277,false,כפיות סט (6) A72 Toscana סולתם,,,כפיות סט (6) A72 Tos,יחידה,0.00,יחידה,false,,19.90,0.0000,true,1,184912
7291074000611,false,מחבת שקשוקה 4.5*18 ס,,,מחבת שקשוקה 4.5*18 ס,יחידה,0.00,יחידה,false,,59.90,0.0000,true,1,184758
7291074001298,false,"מחבת גריל 28 ס""מ",,,"מחבת גריל 28 ס""מ",יחידה,0.00,יחידה,false,,119.90,0.0000,true,1,185685
7291074001502,false,קרש חיתוך שחור שיש 25*35 סולתם,,,קרש חיתוך שחור שיש 2,יחידה,0.00,יחידה,false,,34.90,0.0000,true,1,185157
7291074001519,false,"קרש חיתוך לבן דגם שיש 19*25 ס""מ",,,קרש חיתוך לבן דגם שי,יחידה,0.00,יחידה,false,,26.90,0.0000,true,1,185158
7291074001915,false,"פעמון עוגה 27 ס""מ תח",,,"פעמון עוגה 27 ס""מ תח",יחידה,0.00,יחידה,false,,0.00,0.0000,true,1,193325
7291074002776,false,"מחבת עמוקה 7.6*28 ס""",,,"מחבת עמוקה 7.6*28 ס""",יחידה,0.00,יחידה,false,,99.90,0.0000,true,1,184973
7291074003025,false,"קערה נירוסטה 40 ס""מ",,,"קערה נירוסטה 40 ס""מ",יחידה,0.00,יחידה,false,,49.90,0.0000,true,1,184994
7291074003995,false,סכין Princess בדיספלי עם כיסוי מגן Forged Pro סולתם,,,"סכין Princess 5.7""/1",יחידה,0.00,יחידה,false,,39.90,0.0000,true,1,184892
7291074004015,false,סכין סנטוקו PRINCESS,,,סכין סנטוקו PRINCESS,יחידה,0.00,יחידה,false,,39.90,0.0000,true,1,184895
7291074004220,false,מבזקת סוכר נירוסטה 7,,,מבזקת סוכר נירוסטה 7,יחידה,0.00,יחידה,false,,34.90,0.0000,true,1,185240
7291074004466,false,"כף מסננת רשת נירוסטה 12.8*36 ס""מ סולתם",,,כף מסננת רשת נירוסטה,יחידה,0.00,יחידה,false,,29.90,0.0000,true,1,185109
7291074005487,false,"ווק קרבון סטיל 26 ס""",,,"ווק קרבון סטיל 26 ס""",יחידה,0.00,יחידה,false,,59.90,0.0000,true,1,184995
7291074007009,false,קוצץ תבלינים עשבי תי,,,קוצץ תבלינים עשבי תי,יחידה,0.00,יחידה,false,,29.90,0.0000,true,1,185219
7291074007054,false,"תרווד 6.7*23 ס""מ //",,,"תרווד 6.7*23 ס""מ //",יחידה,0.00,יחידה,false,,29.90,0.0000,true,1,185124
7291074008884,false,"כף סיליקון 28 ס""מ Bake-it up S",,,"כף סיליקון 28 ס""מ Ba",יחידה,0.00,יחידה,false,,0.00,0.0000,true,1,189100
7291074009270,false,תחתית סיליקון מרובעת,,,תחתית סיליקון מרובעת,יחידה,0.00,יחידה,false,,16.90,0.0000,true,1,185144
7291074009539,false,"מחבת 5.4*28 ס""מ כחול",,,"מחבת 5.4*28 ס""מ כחול",יחידה,0.00,יחידה,false,,39.00,0.0000,true,1,185074
7291074010016,false,מארז אפייה (3) חלק ק,,,מארז אפייה (3) חלק ק,יחידה,0.00,יחידה,false,,0.00,0.0000,true,1,193336
7291074010368,false,תרווד בדיספליי (18) חלק צהוב,,,תרווד בדיספליי (18),יחידה,0.00,יחידה,false,,0.00,0.0000,true,1,188396
7291074010634,false,"מחבת 5*24 ס""מ ספירל",,,"מחבת 5*24 ס""מ ספירל",יחידה,0.00,יחידה,false,,79.90,0.0000,true,1,184742
7291074010658,false,"מחבת 5.7*30 ס""מ ספיר",,,"מחבת 5.7*30 ס""מ ספיר",יחידה,0.00,יחידה,false,,99.90,0.0000,true,1,184744
7291074010818,false,מכסה זכוכית בייסיק 2,,,מכסה זכוכית בייסיק 2,יחידה,0.00,יחידה,false,,19.90,0.0000,true,1,186956
7291074011839,false,"מחבת גריל 4.3*28 ס""מ",,,"מחבת גריל 4.3*28 ס""מ",יחידה,0.00,יחידה,false,,0.00,0.0000,true,1,193341
7291074014281,false,סט סירים נירוסטה 20/,,,סט סירים נירוסטה 20/,יחידה,0.00,יחידה,false,,0.00,0.0000,true,1,197199
7294413085683,false,מסרק כינים,,,מסרק כינים,יחידה,0.00,יחידה,false,,5.00,0.0000,true,1,140105
7294413858164,false,גומיות אפרו,,,גומיות אפרו,יחידה,0.00,יחידה,false,,2.00,0.0000,true,1,140007
7294413858874,false,קוצץ ציפורניים בינוני,,,קוצץ ציפורניים בינונ,יחידה,0.00,יחידה,false,,6.00,0.0000,true,1,143559
7294413858881,false,קןצץ ציפורניים גדול,,,קוצץ ציפורניים גדול,יחידה,0.00,יחידה,false,,7.00,0.0000,true,1,143560
7294413860440,false,מגרדת לכף רגל 1436-2,,,מגרדת לכף רגל 1436-2,יחידה,0.00,יחידה,false,,8.00,0.0000,true,1,139892
7294413860457,false,מגרדת לכף רגל 1436-3,,,מגרדת לכף רגל 1436-3,יחידה,0.00,יחידה,false,,8.00,0.0000,true,1,139893
7294413862208,false,סרט לשיער 214-2-3,,,סרט לשיער 214-2-3,יחידה,0.00,יחידה,false,,0.00,0.0000,true,1,198903
7294413875581,false,קופסא למברשת שיניים,,,קופסא למברשת שיניים,יחידה,0.00,יחידה,false,,3.00,0.0000,true,1,139715
7294413880943,false,גומיות שיער,,,גומיות שיער,יחידה,0.00,יחידה,false,,4.00,0.0000,true,1,140045
7294413881308,false,פינצטה מכופפת ישרה צ,,,פינצטה מכופפת ישרה צ,יחידה,0.00,יחידה,false,,9.00,0.0000,true,1,148358
7294413881650,false,מברשת שיער,,,מברשת שיער,יחידה,0.00,יחידה,false,,21.00,0.0000,true,1,145828
7294413881735,false,גומיות שיער,,,גומיות שיער,יחידה,0.00,יחידה,false,,5.00,0.0000,true,1,140057
7294413883104,false,כפפות רחצה / מסאז',,,כפפות רחצה / מסאז',יחידה,0.00,יחידה,false,,5.00,0.0000,true,1,140142
7294413883173,false,כפפות רחצה טבעית,,,כפפות רחצה טבעית,יחידה,0.00,יחידה,false,,11.00,0.0000,true,1,140146
7294413883289,false,מברשת פן,,,מברשת פן,יחידה,0.00,יחידה,false,,10.00,0.0000,true,1,139878
7294413883302,false,מברשת אובאלית צרה,,,מברשת אובאלית צרה,יחידה,0.00,יחידה,false,,10.00,0.0000,true,1,139880
7294413883319,false,מברשת אובאלית,,,מברשת אובאלית,יחידה,0.00,יחידה,false,,10.00,0.0000,true,1,139881
7294413883340,false,מברשת מטקה,,,מברשת מטקה,יחידה,0.00,יחידה,false,,11.00,0.0000,true,1,139954
7294413883357,false,מברשת עגולה,,,מברשת עגולה,יחידה,0.00,יחידה,false,,11.00,0.0000,true,1,139883
7294413883616,false,שלישיית כדורי ליפה,,,שלישיית כדורי ליפה,יחידה,0.00,יחידה,false,,9.00,0.0000,true,1,140150
7294413890164,false,כובע רחצה משובח,,,כובע רחצה משובח,יחידה,0.00,יחידה,false,,4.00,0.0000,true,1,139720
7294413890225,false,מסרק כיס,,,מסרק כיס,יחידה,0.00,יחידה,false,,3.00,0.0000,true,1,140163
7294413890256,false,מסרק גדול,,,מסרק גדול,יחידה,0.00,יחידה,false,,3.00,0.0000,true,1,140166
7294413890355,false,גומיות מיקרופייבר צבעוני,,,גומיות מיקרופייבר צב,יחידה,0.00,יחידה,false,,5.00,0.0000,true,1,140079
7294413890362,false,גומיות מיקרופייבר שחור,,,גומיות מיקרופייבר שח,יחידה,0.00,יחידה,false,,5.00,0.0000,true,1,140080
7294413890379,false,גומיות מגבת צבעוני 1,,,גומיות מגבת צבעוני 1,יחידה,0.00,יחידה,false,,5.00,0.0000,true,1,140081
7294413890386,false,גומיות מגבת שחורות,,,גומיות מגבת שחורות,יחידה,0.00,יחידה,false,,5.00,0.0000,true,1,140082
7294413890393,false,גומיות מגבת צבעוני 2,,,גומיות מגבת צבעוני 2,יחידה,0.00,יחידה,false,,5.00,0.0000,true,1,140083
7294413890416,false,גומיות שחורות,,,גומיות שחורות,יחידה,0.00,יחידה,false,,4.00,0.0000,true,1,140084
7294413890539,false,פינצטה אלכסונית אל חלד,,,פינצטה אלכסונית אל ח,יחידה,0.00,יחידה,false,,11.00,0.0000,true,1,139940
7294413890614,false,מספריים אל חלד,,,מספריים אל חלד,יחידה,0.00,יחידה,false,,20.00,0.0000,true,1,163156
7294413898269,false,קטר ציפורניים אל חלד,,,קטר ציפורניים אל חלד,יחידה,0.00,יחידה,false,,45.00,0.0000,true,1,172931
7294413898283,false,פצירת יהלום,,,פצירת יהלום,יחידה,0.00,יחידה,false,,10.00,0.0000,true,1,139952
7294413909811,false,ספוג רחצה בש,,,ספוג רחצה בש,יחידה,0.00,יחידה,false,,9.00,0.0000,true,1,149012
7294413909958,false,גומיות מיקרופייבר בינוני,,,גומיות מיקרופייבר קט,יחידה,0.00,יחידה,false,,5.00,0.0000,true,1,143605
7294413911357,false,מברשת פן קרמית 20,,,מברשת פן קרמית 20,יחידה,0.00,יחידה,false,,24.00,0.0000,true,1,147550
7294413911371,false,מברשת פן קרמית 40,,,מברשת פן קרמית 40,יחידה,0.00,יחידה,false,,29.00,0.0000,true,1,147552
7294413911401,false,מברשת פן אלכסונית 16,,,מברשת פן אלכסונית 16,יחידה,0.00,יחידה,false,,20.00,0.0000,true,1,147555
7294413911708,false,צמד גומיות קטיפה,,,צמד גומיות קטיפה,יחידה,0.00,יחידה,false,,4.00,0.0000,true,1,143632
7294413914303,false,מברשת מיני,,,מברשת מיני,יחידה,0.00,יחידה,false,,8.00,0.0000,true,1,143547
7294413914389,false,פצירה חד פעמי ארוך 12יח',,,פצירה חד פעמי ארוך 1,יחידה,0.00,יחידה,false,,7.00,0.0000,true,1,149013
7294413914495,false,ליפה ספוגיות,,,ליפה ספוגיות,יחידה,0.00,יחידה,false,,8.00,0.0000,true,1,143570
7294413914556,false,ספוג אצה,,,ספוג אצה,יחידה,0.00,יחידה,false,,9.00,0.0000,true,1,143576
7294413914631,false,סכין פדי,,,סכין פדי,יחידה,0.00,יחידה,false,,5.00,0.0000,true,1,144444
7294413915058,false,מברשת תלתלים ייחודית/שבת,,,מברשת תלתלים ייחודית,יחידה,0.00,יחידה,false,,12.00,0.0000,true,1,143553
7294413915065,false,מברשת גילוח מהודרת,,,מברשת גילוח מהודרת,יחידה,0.00,יחידה,false,,24.00,0.0000,true,1,143577
7294413915348,false,פפיון 5,,,פפיון 5,יחידה,0.00,יחידה,false,,4.00,0.0000,true,1,147780
7294413915560,false,מברשת מטקה לשיער W,,,מברשת מטקה לשיער W,יחידה,0.00,יחידה,false,,14.00,0.0000,true,1,147796
7294413915584,false,מברשת אליפסה W,,,מברשת אליפסה W,יחידה,0.00,יחידה,false,,14.00,0.0000,true,1,147798
7294413915638,false,מברשת ענקית לשיער W,,,מברשת ענקית לשיער W,יחידה,0.00,יחידה,false,,14.00,0.0000,true,1,147803
7294413916512,false,"אציטון 200 מ""ל",,,"אציטון 200 מ""ל",מיליליטרים,200.00,"100 מ""ל",false,,11.00,5.5000,true,1,171985
7294413916833,false,מטרייה ענק אוטו' סיל,,,מטרייה ענקית חלקה,יחידה,0.00,יחידה,false,,29.90,0.0000,true,1,149098
7294413916840,false,מטרייה גדולה אוטו`סי,,,מטרייה חלקה,יחידה,0.00,יחידה,false,,25.00,0.0000,true,1,149099
7294413916857,false,מטרייה נקודות,,,מטרייה נקודות,יחידה,0.00,יחידה,false,,34.00,0.0000,true,1,149100
7294413916864,false,מטרייה אוטומטית צבעו,,,מטרייה אוטומטית צבעו,יחידה,0.00,יחידה,false,,39.00,0.0000,true,1,149101
7294413916871,false,מטרייה אוטומטית צבעו,,,מטרייה אוטומטית צבעו,יחידה,0.00,יחידה,false,,39.00,0.0000,true,1,149102
7294413916888,false,מטרייה מתקפלת גדולה,,,מטרייה חצי אוטומטית,יחידה,0.00,יחידה,false,,35.00,0.0000,true,1,149103
7294413916895,false,מטרייה אוטומטית חלקה,,,מטרייה אוטומטית חלקה,יחידה,0.00,יחידה,false,,34.00,0.0000,true,1,149104
7294413917380,false,סרט שיער נקודות,,,סרט שיער נקודות,יחידה,0.00,יחידה,false,,8.00,0.0000,true,1,153585
7294413917533,false,זוג גומיות לילדות,,,זוג גומיות לילדות,יחידה,0.00,יחידה,false,,6.00,0.0000,true,1,153607
7294413917601,false,סט צבע,,,סט צבע,יחידה,0.00,יחידה,false,,12.00,0.0000,true,1,153625
7294413917618,false,מראה נצמדת פי 10,,,מראה נצמדת פי 10,יחידה,0.00,יחידה,false,,20.00,0.0000,true,1,153626
7294413917847,false,ספוג מסאג',,,ספוג מסאג',יחידה,0.00,יחידה,false,,10.00,0.0000,true,1,153630
7294413917854,false,כפפות רחצה לילדים,,,כפפות רחצה לילדים,יחידה,0.00,יחידה,false,,11.00,0.0000,true,1,153631
7294413917885,false,גומיית ילדות2,,,גומיית ילדות2,יחידה,0.00,יחידה,false,,7.00,0.0000,true,1,153634
7294413918554,false,פצירה מקצועית לכף רג,,,פצירה מקצועית לכף רג,יחידה,0.00,יחידה,false,,25.00,0.0000,true,1,167395
7294413918578,false,קשת ילדות,,,קשת ילדות,יחידה,0.00,יחידה,false,,8.00,0.0000,true,1,167397
7294413918615,false,קשת פפיון נוצץ,,,קשת פפיון נוצץ,יחידה,0.00,יחידה,false,,8.00,0.0000,true,1,167401
7294413918646,false,סיכות ראש ילדות,,,סיכות ראש ילדות,יחידה,0.00,יחידה,false,,5.00,0.0000,true,1,167404
7294413918653,false,סיכות ראש לבבות,,,סיכות ראש לבבות,יחידה,0.00,יחידה,false,,5.00,0.0000,true,1,167405
7294413918677,false,קליפסונים שחורים לשי,,,קליפסונים שחורים לשי,יחידה,0.00,יחידה,false,,8.00,0.0000,true,1,167407
7294413918691,false,סרט לשיער,,,סרט לשיער,יחידה,0.00,יחידה,false,,10.00,0.0000,true,1,167409
7294413918714,false,גומייה לשיער,,,גומייה לשיער,יחידה,0.00,יחידה,false,,6.00,0.0000,true,1,167411
7294413918721,false,תיק תק ילדות,,,תיק תק ילדות,יחידה,0.00,יחידה,false,,6.00,0.0000,true,1,167412
7294413918806,false,גומיית פפיון,,,גומיית פפיון,יחידה,0.00,יחידה,false,,8.00,0.0000,true,1,167420
7294413918820,false,מארז 50 גומיות,,,מארז 50 גומיות,יחידה,0.00,יחידה,false,,8.00,0.0000,true,1,167422
7294413918844,false,מארז 50 גומיות צבעונ,,,מארז 50 גומיות צבעונ,יחידה,0.00,יחידה,false,,8.00,0.0000,true,1,167424
7294413918875,false,גומיות לשיער,,,גומיות לשיער,יחידה,0.00,יחידה,false,,5.00,0.0000,true,1,167427
7294413918998,false,פצירה דוצ ארוכה,,,פצירה דוצ ארוכה,יחידה,0.00,יחידה,false,,7.00,0.0000,true,1,167429
7294413919001,false,גומיות לשיער,,,גומיות לשיער,יחידה,0.00,יחידה,false,,6.00,0.0000,true,1,167430
7294413919131,false,מדבקת אף אלוורה,,,מדבקת אף אלוורה,יחידה,0.00,יחידה,false,,18.00,0.0000,true,1,172933
7294413919384,false,תיק תק פנינה זוג בינ,,,תיק תק פנינה זוג בינ,יחידה,0.00,יחידה,false,,7.90,0.0000,true,1,185637
7294413919414,false,קשת פנינה מעוטרת,,,קשת פנינה מעוטרת,יחידה,0.00,יחידה,false,,9.90,0.0000,true,1,185640
7294413919490,false,מברשת מטקה,,,מברשת מטקה,יחידה,0.00,יחידה,false,,16.00,0.0000,true,1,185641
7294413919506,false,מברשת אובלית,,,מברשת אובלית,יחידה,0.00,יחידה,false,,16.00,0.0000,true,1,185642
7294413919537,false,ארנק פייטים/ מחזיק מ,,,ארנק פייטים/ מחזיק מ,יחידה,0.00,יחידה,false,,19.00,0.0000,true,1,185645
7294413919551,false,זוג קליפס לשיער M,,,זוג קליפס לשיער M,יחידה,0.00,יחידה,false,,14.00,0.0000,true,1,185647
7294413919568,false,זוג קליפס לשיער S,,,זוג קליפס לשיער S,יחידה,0.00,יחידה,false,,14.00,0.0000,true,1,185648
7294413919582,false,מארז קליפסים לשיער,,,מארז קליפסים לשיער,יחידה,0.00,יחידה,false,,10.00,0.0000,true,1,185650
7294413919636,false,זוג קשת לשיער,,,זוג קשת לשיער,יחידה,0.00,יחידה,false,,15.00,0.0000,true,1,185655
7294413919643,false,2 קשת ילדות,,,2 קשת ילדות,יחידה,0.00,יחידה,false,,9.00,0.0000,true,1,185656
7294413919742,false,זוג קשתות צבעוני,,,זוג קשתות צבעוני,יחידה,0.00,יחידה,false,,0.00,0.0000,true,1,193519
7294413920274,false,כובע ילדים,,,כובע ילדים,יחידה,0.00,יחידה,false,,0.00,0.0000,true,1,188084
7294413920410,false,מטריה ילדים מותגים,,,מטריה יחדים מותגים,יחידה,0.00,יחידה,false,,0.00,0.0000,true,1,188087
7296021120350,false,"קערת מרק 20ס""מ fine",,,"קערת מרק 20ס""מ fine",יחידה,0.00,יחידה,false,,0.00,0.0000,true,1,198880
7296021120589,false,קוצץ מיני ידני נעמן,,,קוצץ מיני ידני נעמן,יחידה,0.00,יחידה,false,,29.90,0.0000,true,1,175945
7296021130694,false,סט 2 כוסות קפוצ'ינו 250 מל זכוכית כפולה,נעמן,,סט (2) מאג קפוצ'ינו,יחידה,0.00,יחידה,false,,39.90,0.0000,true,1,176106
7296021134180,false,כותש שום אלומיניום נ,,,כותש שום אלומיניום נ,יחידה,0.00,יחידה,false,,49.90,0.0000,true,1,180013
7296021134302,false,דלי לקרח עם ידיות עג,,,דלי לקרח עם ידיות עג,יחידה,0.00,יחידה,false,,0.00,0.0000,true,1,187417
7296021135453,false,מזלג בשר/ עוף נירוסט,,,מזלג בשר/ עוף נירוסט,יחידה,0.00,יחידה,false,,0.00,0.0000,true,1,192582
7296021135484,false,הופכן נירוסטה נעמן,,,הופכן נירוסטה נעמן,יחידה,0.00,יחידה,false,,0.00,0.0000,true,1,188789
7296021137273,false,בוצ'ר בלוק מקצועי 3,,,בוצ'ר בלוק מקצועי 3,יחידה,0.00,יחידה,false,,39.90,0.0000,true,1,175949
7296021142673,false,צלחת מנה ראשונה 20 ס,,,צלחת מנה ראשונה 20 ס,יחידה,0.00,יחידה,false,,7.90,0.0000,true,1,177186
7296021146381,false,"תבנית אפייה 12 ס""מ",,,"תבנית אפייה 12 ס""מ",יחידה,0.00,יחידה,false,,24.90,0.0000,true,1,161914
7296021146404,false,תבנית לאפיה קפיץ 20,,,"תבנית אפייה 20 ס""מ",יחידה,0.00,יחידה,false,,29.90,0.0000,true,1,144387
7296021146411,false,תבנית CS לאפיה מלבן,,,תבנית CS לאפיה מלבן,יחידה,0.00,יחידה,false,,29.90,0.0000,true,1,155375
7296021146428,false,תבנית קפיצית לאפייה,,,"תבנית אפיה 24 ס""מ",יחידה,0.00,יחידה,false,,39.90,0.0000,true,1,144390
7296021146435,false,"תבנית קפיץ 26 ס""מ לא",,,"תבנית אפייה 26 ס""מ",יחידה,0.00,יחידה,false,,39.90,0.0000,true,1,144389
7296021146442,false,תבנית לאפיה קפיץ 28,,,"תבנית אפייה 28 ס""מ",יחידה,0.00,יחידה,false,,49.90,0.0000,true,1,144391
7296021146459,false,תבנית CS לאפיה אינגל,,,"תבנית אפייה 11*31 ס""",יחידה,0.00,יחידה,false,,24.90,0.0000,true,1,154744
7296021146572,false,תבנית לאפיה לפיצה 3*,,,תבנית CS לאפיה לפיצה,יחידה,0.00,יחידה,false,,29.90,0.0000,true,1,144403
7296021146671,false,סט 6 כפיות ערבה,,,סט 6 כפיות ערבה,יחידה,0.00,יחידה,false,,29.90,0.0000,true,1,144769
7296021148453,false,פעמון עוגה פלסטיק 34,,,פעמון עוגה פלסטיק 34,יחידה,0.00,יחידה,false,,39.90,0.0000,true,1,161918
7296021150326,false,סוחט לימון 3 ב 1 פלס,נעמן,,סוחט לימון 3 ב 1 פלס,יחידה,0.00,יחידה,false,,24.90,0.0000,true,1,153218
7296021150579,false,צלחת מרק 21 קרם / דז,,,צלחת מרק 21 קרם / דז,יחידה,0.00,יחידה,false,,9.90,0.0000,true,1,155020
7296021152221,false,סוחט לימון ידני פלסט,,,סוחט לימון ידני פלסט,יחידה,0.00,יחידה,false,,10.00,0.0000,true,1,146066
7296021154010,false,נעמן סיר צ'יפס אמייל,,,נעמן סיר צ'יפס אמייל,יחידה,0.00,יחידה,false,,109.90,0.0000,true,1,155128
7296021154973,false,"צנצנת זכוכית 450 מ""ל",,,"צנצנת זכוכית 450 מ""ל",יחידה,0.00,יחידה,false,,14.90,0.0000,true,1,150839
7296021156090,false,קראף 1ל בקהוס זכוכוי,,,קראף 1ל בקהוס זכוכוי,יחידה,0.00,יחידה,false,,0.00,0.0000,true,1,188313
7296021156250,false,"שמפניירה בועות 21 ס""",,,"שמפניירה בועות 21 ס""",יחידה,0.00,יחידה,false,,45.90,0.0000,true,1,180022
7296021156403,false,מרית סיליקון patiss,,,מרית סיליקון patiss,יחידה,0.00,יחידה,false,,19.90,0.0000,true,1,175983
7296021156427,false,"מרחן זווית 25 ס""מ Pa",,,"מרחן זווית 25 ס""מ Pa",יחידה,0.00,יחידה,false,,14.90,0.0000,true,1,176108
7296021156441,false,מברשת סיליקון patis,,,מברשת סיליקון patis,יחידה,0.00,יחידה,false,,19.90,0.0000,true,1,175985
7296021159886,false,סט שישיית סכינים לחי,,,נעמן סט 6 סכינים,יחידה,0.00,יחידה,false,,12.90,0.0000,true,1,157594
7296021161179,false,צנצנת זכוכית מרובעת,,,צנצנת זכוכית מרובעת,יחידה,0.00,יחידה,false,,0.00,0.0000,true,1,192673
7296021166396,false,נעמן מארז מתנה 5 חלק,,,נעמן מארז מתנה 5 חלק,יחידה,0.00,יחידה,false,,89.90,0.0000,true,1,157543
7296021170645,false,- פותחן יין שחור 18,,,- פותחן יין שחור 18,יחידה,0.00,יחידה,false,,14.90,0.0000,true,1,176121
7296021170713,false,כותש שום איכותי ZINK,,,כותש שום איכותי ZIN,יחידה,0.00,יחידה,false,,24.90,0.0000,true,1,180025
7296021170720,false,כותש שום נדנדה STAI,,,כותש שום נדנדה STAI,יחידה,0.00,יחידה,false,,16.90,0.0000,true,1,180026
7296021170775,false,- מגרדת שטוחה 12*30,נעמן,,- מגרדת שטוחה 12*30,יחידה,0.00,יחידה,false,,10.00,0.0000,true,1,176128
7296021170836,false,מערוך עץ 30*50 אביז,,,מערוך עץ 30*50,יחידה,0.00,יחידה,false,,29.90,0.0000,true,1,180027
7296021170881,false,מסננת תה רשת כפולה נ,,,מסננת תה STAINLESS S,יחידה,0.00,יחידה,false,,10.00,0.0000,true,1,176133
7296021170997,false,מכסה טיגון מונע התזת,נעמן,,"מגן שמן 29 ס""מ עם יד",יחידה,0.00,יחידה,false,,16.90,0.0000,true,1,176140
7296021171215,false,simply white - בול פ,,,simply white - בול פ,יחידה,0.00,יחידה,false,,9.90,0.0000,true,1,176044
7296021172380,false,"סכין 20 ס""מ (סנטוקו/",,,"סכין 20 ס""מ (סנטוקו/",יחידה,0.00,יחידה,false,,19.90,0.0000,true,1,176142
7296021172540,false,OPAL - קערת הגשה 23,,,OPAL - קערת הגשה 23,יחידה,0.00,יחידה,false,,14.90,0.0000,true,1,176063
7296021172557,false,OPAL - בול 17 סמ זכו,,,OPAL - בול 17 סמ זכו,יחידה,0.00,יחידה,false,,7.90,0.0000,true,1,176064
7296021172663,false,תבנית 6 חצי כדור 17.,,,תבנית 6 חצי כדור 17.,יחידה,0.00,יחידה,false,,24.90,0.0000,true,1,176145
7296021172670,false,תבנית 10 לבבות 17.5*,,,תבנית 10 לבבות 17.5*,יחידה,0.00,יחידה,false,,29.90,0.0000,true,1,176146
7296021173653,false,"סט סכו""ם 24 חלקים דגם סחלב",נעמן,,"סכו""ם נירוסטה סט 24",יחידה,0.00,יחידה,false,,79.90,0.0000,true,1,185667
7296021173660,false,סט סכום 24 חלקים שוש,,,"סכו""ם נירוסטה סט 24",יחידה,0.00,יחידה,false,,99.90,0.0000,true,1,176870
7296021175176,false,צלחת נה ראשונה 21 סמ,,,צלחת נה ראשונה 21 סמ,יחידה,0.00,יחידה,false,,19.90,0.0000,true,1,179928
7296021175213,false,בול 7.5* 14 סמ פיקא,,,בול 7.5* 14 סמ פיקא,יחידה,0.00,יחידה,false,,19.90,0.0000,true,1,179930
7296021176401,false,מסחטת מיץ ידנית - ור,,,מסחטת מיץ ידנית - ור,יחידה,0.00,יחידה,false,,129.00,0.0000,true,1,179936
7296021180347,false,קוצץ ומעבד מזון ידני,,,קוצץ ומעבד מזון ידנ,יחידה,0.00,יחידה,false,,69.90,0.0000,true,1,180032
7296021187643,false,כלי מדידה - כפות מיד,,,כלי מדידה - כפות מיד,יחידה,0.00,יחידה,false,,0.00,0.0000,true,1,187420
7296021191275,false,"מג פורצלן 365 מ""ל N",,,"מג פורצלן 365 מ""ל N",יחידה,0.00,יחידה,false,,9.90,0.0000,true,1,179975
7296021226885,false,מפת משבצות עם גומי לשולחן מתקפל,נעמן,,מפה עם גומי לשולחן פ,יחידה,0.00,יחידה,false,,0.00,0.0000,true,1,187421
7296021229602,false,קנקן מים 2.2 ליטר כח,,,קנקן מים 2.2 ליטר כח,יחידה,0.00,יחידה,false,,0.00,0.0000,true,1,192674
7296021229749,false,"מגש 28*39 ס""מ",,,"מגש 28*39 ס""מ",יחידה,0.00,יחידה,false,,0.00,0.0000,true,1,187422
7296021229756,false,"מגש 24.50-37 ס""מ",,,"מגש 24.50-37 ס""מ",יחידה,0.00,יחידה,false,,0.00,0.0000,true,1,187423
7296021230097,false,קערת הגשה עם ידית עץ,,,קערת הגשה עם ידית עץ,יחידה,0.00,יחידה,false,,0.00,0.0000,true,1,188937
7296021230127,false,צלחת הגשה עם ידיות ע,,,צלחת הגשה עם ידיות ע,יחידה,0.00,יחידה,false,,0.00,0.0000,true,1,188938
7296021230721,false,"מאג 310 מ""ל",,,"מאג 310 מ""ל",יחידה,0.00,יחידה,false,,0.00,0.0000,true,1,187426
7296021250460,false,SOLERO קערת הגשה אוב,,,SOLERO קערת הגשה אוב,יחידה,0.00,יחידה,false,,0.00,0.0000,true,1,188470
7296021254673,false,מאג,,,מאג,יחידה,0.00,יחידה,false,,0.00,0.0000,true,1,188708
7296021254680,false,מאג 345 מל ENJOYBLAC,,,מאג 345 מל ENJOYBLAC,יחידה,0.00,יחידה,false,,0.00,0.0000,true,1,187430
7296021256325,false,מערכת אוכל 18 חלק GA,,,מערכת אוכל 18 חלק GA,יחידה,0.00,יחידה,false,,0.00,0.0000,true,1,197669
7296021256356,false,נעמן מערכות אוכל 18,,,נעמן מערכות אוכל 18,יחידה,0.00,יחידה,false,,0.00,0.0000,true,1,198881
7296049222807,false,כסא גן ידיות אפור,,,כסא גן ידיות אפור,יחידה,0.00,יחידה,false,,0.00,0.0000,true,1,189020
7296049224863,false,לקיטשן מתקן כפול לדג,,,לקיטשן מתקן כפול לדג,יחידה,0.00,יחידה,false,,0.00,0.0000,true,1,187707
7296049225297,false,לקיטשן מיקסר אדום קע,,,לקיטשן מיקסר אדום קע,יחידה,0.00,יחידה,false,,0.00,0.0000,true,1,193184
7296049242034,false,ניקולטי מפה גקארד עם,,,ניקולטי מפה גקארד עם,יחידה,0.00,יחידה,false,,49.90,0.0000,true,1,180150
7296051098070,false,סט 6 צנצנות תבלינים,,,סט 6 צנצנות תבלינים,יחידה,0.00,יחידה,false,,10.90,0.0000,true,1,154077
7296051099565,false,חותכנים פלסטיק לעוגי,,,חותכנים פלסטיק לעוגי,יחידה,0.00,יחידה,false,,17.90,0.0000,true,1,154081
7296102061879,false,מטאטא אורו,,,מטאטא ORO,יחידה,0.00,יחידה,false,,24.90,0.0000,true,1,151325
7296102085158,false,שולחן מתקפל 1.80 מטר,,,שולחן מתקפל 1.80 מטר,יחידה,0.00,יחידה,false,,149.90,0.0000,true,1,157766
7296102100813,false,סט שירותים סרוג,,,סט שירותים סרוג,יחידה,0.00,יחידה,false,,29.90,0.0000,true,1,174910
7296102100875,false,מצית גז טורבו,,,מצית גז טורבו,יחידה,0.00,יחידה,false,,16.90,0.0000,true,1,184280
7296102101261,false,משטח PVC פרחוני 150*,,,משטח PVC פרחוני 150*,יחידה,0.00,יחידה,false,,12.90,0.0000,true,1,174980
7296102107201,false,מברשת מגהץ לבן,,,מברשת מגהץ לבן,יחידה,0.00,יחידה,false,,0.00,0.0000,true,1,197652
7296102107577,false,סט 3 קופסאות מרובע 4,,,סט 3 קופסאות מרובע 4,יחידה,0.00,יחידה,false,,10.00,0.0000,true,1,183506
7296102107607,false,סט 3 קופסאות עגול 1.,,,סט 3 קופסאות עגול 1.,יחידה,0.00,יחידה,false,,10.00,0.0000,true,1,183509
7296102108147,false,סט 3 קשרי חיתון גמיש,,,סט 3 קשרי חיתון גמיש,יחידה,0.00,יחידה,false,,34.90,0.0000,true,1,185244
7296102108475,false,סט 6 סכינים שיש,,,סט 6 סכינים שיש,יחידה,0.00,יחידה,false,,0.00,0.0000,true,1,187823
7296102108833,false,צידנית ידיות אלומיני,,,צידנית ידיות אלומיני,יחידה,0.00,יחידה,false,,0.00,0.0000,true,1,187825
7296102108901,false,סט שירותים,,,סט שירותים,יחידה,0.00,יחידה,false,,16.90,0.0000,true,1,185256
7296102109540,false,קערה התפחה עם מכסה 1,,,קערה התפחה עם מכסה 1,יחידה,0.00,יחידה,false,,19.90,0.0000,true,1,184295
7296102109809,false,סט 2 קופסאות מרובע,,,סט 2 קופסאות מרובע,יחידה,0.00,יחידה,false,,7.90,0.0000,true,1,185078
7296102110881,false,"סט 3 קעריות 22 ס""מ",,,"סט 3 קעריות 22 ס""מ",יחידה,0.00,יחידה,false,,0.00,0.0000,true,1,187826
7296102113264,false,סט 10 קופסאות 1.4ל',,,סט 10 קופסאות 1.4ל',יחידה,0.00,יחידה,false,,0.00,0.0000,true,1,187829
7296102113271,false,סט קופסאות 1.2 ל' מל,,,סט קופסאות 1.2 ל' מל,יחידה,0.00,יחידה,false,,0.00,0.0000,true,1,192589
7296102119501,false,מברשת שירותים איטליה,,,מברשת שירותים איטליה,יחידה,0.00,יחידה,false,,5.90,0.0000,true,1,185300
7296102180419,false,סט 2 מגבות מקרופייבר,,,סט 2 מגבות מקרופייבר,יחידה,0.00,יחידה,false,,0.00,0.0000,true,1,187830
7296102210314,false,סט קופסאות מלבן 4 יח,,,סט קופסאות מלבן 4 יח,יחידה,0.00,יחידה,false,,0.00,0.0000,true,1,187832
7296102210321,false,סט קופסאות מלבן 3 יח,,,סט קופסאות מלבן 3 יח,יחידה,0.00,יחידה,false,,0.00,0.0000,true,1,187833
7296102210338,false,סט קופסאות מלבן 2 יח,,,סט קופסאות מלבן 2 יח,יחידה,0.00,יחידה,false,,0.00,0.0000,true,1,187834
7296102210376,false,סט קופסאות מרובע 3 י,,,סט קופסאות מרובע 3 י,יחידה,0.00,יחידה,false,,0.00,0.0000,true,1,187838
7296102229071,false,מצית גז ליעד,,,מצית גז ליעד,יחידה,0.00,יחידה,false,,0.00,0.0000,true,1,188369
7296102256107,false,סלסלת אטבים + אטבים,,,סלסלת אטבים,יחידה,0.00,יחידה,false,,0.00,0.0000,true,1,187841
7296102266038,false,קרש חיתוך פלסטיק 26*38.5,,,קרש חיתוך פלסטיק 26*,יחידה,0.00,יחידה,false,,0.00,0.0000,true,1,198900
7296102401026,false,סל כביסה מותן,,,סל כביסה מותן,יחידה,0.00,יחידה,false,,24.90,0.0000,true,1,185353
7296102401385,false,סלסלה ראטן (1007),,,סלסלה ראטן (1007),יחידה,0.00,יחידה,false,,0.00,0.0000,true,1,197653
7296102699508,false,מגנט לסכינים,,,מגנט לסכינים,יחידה,0.00,יחידה,false,,19.90,0.0000,true,1,151631
7296107000033,false,פרי חן מלפפונים בחומץ 600 גרם +תוספת,פרי חן,,מלפפון פרי חן,גרמים,670.00,100 גרם,false,,5.00,0.0075,true,1,69409
7296107000071,false,מלפפון פרי חן בחומץ,,,מלפפון פרי חן בחומץ,ליטרים,9.00,ליטר,false,,0.00,0.0000,true,1,187465
7296107000125,false,"חצילים כבושים 3 ק""ג",,,"חצילים כבושים 3 ק""ג",קילוגרמים,3.00,"ק""ג",false,,21.90,7.3000,true,1,180934
7296107000132,false,"זיתים פרי חן 3ק""ג",,,"זיתים פרי חן 3ק""ג",יחידה,0.00,יחידה,false,,22.00,0.0000,true,1,169111
7296107000156,false,חצילים כבושים 550 ג' פרי חן,פרי חן,,חצילים כבושים,גרמים,600.00,100 גרם,false,,5.00,0.0083,true,1,68668
7296107000323,false,כרוב כבוש פרי חן 550,פרי חן,,כרוב כבוש פרי חן 550,גרמים,550.00,100 גרם,false,,4.90,0.0089,true,1,68262
7296107000354,false,מלפפון בחומץ 3 קג 30,,,"מלפפון 3 ק""ג",קילוגרמים,3.00,"ק""ג",false,,14.90,4.9667,true,1,66727
7296107000439,false,זיתים חרוזית ירוק 56,פרי חן,,זיתים חרוזית,גרמים,560.00,100 גרם,false,,6.90,0.0123,true,1,68315
7296107000705,false,מלפפון במלח 3 קג 30-,,,מלפפון במלח 54-73 3,קילוגרמים,3.00,"ק""ג",false,,14.90,4.9667,true,1,65968
7296107000958,false,קוקטייל זיתים פרי חן,פרי חן,,פרי-חן קוקטייל זיתים,גרמים,560.00,100 גרם,false,,6.00,0.0107,true,1,74455
7296155152388,false,סט זוג x2 קולבי הדב,,,סט זוג x2 קולבי הדב,יחידה,0.00,יחידה,false,,0.00,0.0000,true,1,188009
7296155152524,false,סלסלה סרוגה מס' 1 מ,,,סלסלה סרוגה מס' 1 מ,יחידה,0.00,יחידה,false,,7.90,0.0000,true,1,185481
7297028103599,false,"חולצות נשים ש""א צבעו",,,"חולצות נשים ש""א צבעו",יחידה,0.00,יחידה,false,,0.00,0.0000,true,1,189052
7297028157844,false,גרבי בנות כ/ל (3) צב,,,גרבי בנות כ/ל (3) צב,יחידה,0.00,יחידה,false,,9.90,0.0000,true,1,181083
7297028161568,false,בוקסר גבר כ/ל (3) לו,,,בוקסר גבר כ/ל (3) לו,יחידה,0.00,יחידה,false,,0.00,0.0000,true,1,187899
7297028164187,false,גרי בנים מגבת צבעוני,,,גרי בנים מגבת צבעוני,יחידה,0.00,יחידה,false,,0.00,0.0000,true,1,187901
7297028164378,false,גרבי בנות כ/ל (3) צבעוני חלק,,,גרבי בנות,יחידה,0.00,יחידה,false,,0.00,0.0000,true,1,187902
7297028164408,false,גרבי בנות מגבת,,,גרבי בנות מגבת,יחידה,0.00,יחידה,false,,0.00,0.0000,true,1,187903
7297028164552,false,גרבי עבודה לגבר שלי,,,גרבי עבודה לגבר שלי,יחידה,0.00,יחידה,false,,0.00,0.0000,true,1,188374
7297028164583,false,גרבי לגבר מגבת מטל,,,גרבי לגבר מגבת מטל,יחידה,0.00,יחידה,false,,0.00,0.0000,true,1,187904
7297028164590,false,גרבי לגבר אקרילן,,,גרבי לגבר אקרילן,יחידה,0.00,יחידה,false,,0.00,0.0000,true,1,188776
7297028164682,false,גרבי נשים שניל,,,גרבי נשים שניל,יחידה,0.00,יחידה,false,,0.00,0.0000,true,1,187905
7297028164729,false,גרבי נשים ריב,,,גרבי נשים ריב,יחידה,0.00,יחידה,false,,0.00,0.0000,true,1,187906
7297028166808,false,גרבי נעלי בית נשים ע,,,גרבי נעלי בית נשים ע,יחידה,0.00,יחידה,false,,0.00,0.0000,true,1,187910
7297028166839,false,גרבי נעלי בית סירה,,,גרבי נעלי בית סירה,יחידה,0.00,יחידה,false,,0.00,0.0000,true,1,187911
7297028167454,false,בוקסר גבר רגיל,,,בוקסר גבר רגיל,יחידה,0.00,יחידה,false,,0.00,0.0000,true,1,187912
7297425312976,false,שמיכת זוגית- לורי 220/200,,,שמיכה יחיד לורי 200/,יחידה,0.00,יחידה,false,,0.00,0.0000,true,1,188845
7297425313157,false,זוג מגבות מטבח 40/60,,,זוג מגבות מטבח 40/60,יחידה,0.00,יחידה,false,,0.00,0.0000,true,1,188683
7297425313171,false,זוג מגבות מטבח 40/60,,,זוג מגבות מטבח 40/60,יחידה,0.00,יחידה,false,,0.00,0.0000,true,1,188684
7297425320896,false,מגבת פנים 85/50 ריף,,,מגבת פנים 85/50 ריף,יחידה,0.00,יחידה,false,,0.00,0.0000,true,1,188025
7297425320902,false,מגבת גוף 68/125 ריף,,,מגבת גוף 68/125 ריף,יחידה,0.00,יחידה,false,,0.00,0.0000,true,1,188672
7297425323774,false,סט 3 מגבות מטבח 40/6,,,סט 3 מגבות מטבח 40/6,יחידה,0.00,יחידה,false,,0.00,0.0000,true,1,188687
7297425323781,false,סט 3 מגבות מטבח 40/6,,,סט 3 מגבות מטבח 40/6,יחידה,0.00,יחידה,false,,0.00,0.0000,true,1,188688
7297425387912,false,שמיכת יחיד מיה 150/2,,,שמיכת יחיד מיה 150/2,יחידה,0.00,יחידה,false,,0.00,0.0000,true,1,188692
7297425387929,false,שמיכת יחיד מיה 220/2,,,שמיכת יחיד מיה 220/2,יחידה,0.00,יחידה,false,,0.00,0.0000,true,1,188693
7297425388315,false,שמיכה זוגית ג'יין 20,,,שמיכה זוגית ג'יין 20,יחידה,0.00,יחידה,false,,0.00,0.0000,true,1,188853
7297425500052,false,כירבולית פולר פליז 127/152 חלק,,,כירבולית פולר פליז ח,יחידה,0.00,יחידה,false,,0.00,0.0000,true,1,188028
7297445032137,false,שמיכת פינוק עם פרנזי,,,שמיכת פינוק עם פרנזי,יחידה,0.00,יחידה,false,,0.00,0.0000,true,1,192681
7297445032182,false,מערכת מצעים קומפורט,,,מערכת מצעים קומפורט,יחידה,0.00,יחידה,false,,0.00,0.0000,true,1,187744
7297445052494,false,מגבת פנים דגם טנסי,,,מגבת פנים דגם טנסי,יחידה,0.00,יחידה,false,,0.00,0.0000,true,1,189023
7297488098190,false,0 קמח אורז מלא ללא גלוטן,אף.סי תבליני בגליל ב,,דגש קמח אורז מלא 500,גרמים,500.00,100 גרם,false,,13.90,0.0278,true,1,76018
7297488098299,false,קמח טפיוקה ללא גלוטן500ג,אף סי תבליני הגליל ב,,קמח טפיוקה ללא גלוטן,גרמים,500.00,100 גרם,false,,7.90,0.0158,true,1,78947
7297488199736,false,קוסקוס דגש ללא גלוטן,"חיים טובים מזון בע""מ",,דגש קוסקוס,גרמים,140.00,100 גרם,false,,15.90,0.1136,true,1,153003
7297588000369,false,בלוקר סיטי בדיספליי,,,בלוקר סיטי בדיספליי,יחידה,0.00,יחידה,false,,0.00,0.0000,true,1,189640
7297588000390,false,בלוקר פאשן בדיספליי,General,,בלוקר פאשן בדיספליי,יחידה,0.00,יחידה,false,,0.00,0.0000,true,1,189643
7297588003728,false,הרכבה 86 חלקים,,,הרכבה 86 חלקים,יחידה,0.00,יחידה,false,,0.00,0.0000,true,1,189649
7297588003735,false,הרכבה 52 חלקים,,,הרכבה 52 חלקים,יחידה,0.00,יחידה,false,,0.00,0.0000,true,1,189650
7297588006644,false,כובע חד קרן,,,כובע חד קרן,יחידה,0.00,יחידה,false,,0.00,0.0000,true,1,196242
7297588010382,false,חיות קופצות,,,חיות קופצות,יחידה,0.00,יחידה,false,,0.00,0.0000,true,1,189654
7297588010924,false,משחק כדורגל מלך המגר,,,משחק כדורגל מלך המגר,יחידה,0.00,יחידה,false,,0.00,0.0000,true,1,189655
7297588013109,false,כוכב הזיכרון,,,כוכב הזיכרון,יחידה,0.00,יחידה,false,,0.00,0.0000,true,1,193283
7297588013130,false,כלי מטבח מייבש כלים,,,כלי מטבח מייבש כלים,יחידה,0.00,יחידה,false,,0.00,0.0000,true,1,189659
7297588013963,false,"בובת ילדה 30 ס""מ מדב",,,"בובת ילדה 30 ס""מ מדב",יחידה,0.00,יחידה,false,,0.00,0.0000,true,1,189661
7297588014939,false,"רובה 16 מקוצר 46 ס""מ",,,"רובה 16 מקוצר 46 ס""מ",יחידה,0.00,יחידה,false,,0.00,0.0000,true,1,189812
7297588014946,false,"אקדח 30 ס""מ עם משתיק",,,"אקדח 30 ס""מ עם משתיק",יחידה,0.00,יחידה,false,,0.00,0.0000,true,1,189813
7297588017770,false,animogo חווה 7,,,animogo חווה 7,יחידה,0.00,יחידה,false,,0.00,0.0000,true,1,189888
7297588020053,false,שחמט ששבש דמקה,,,שחמט ששבש דמקה,יחידה,0.00,יחידה,false,,0.00,0.0000,true,1,189676
7297588020732,false,מכונית ראלי עם שלט 2,,,מכונית ראלי עם שלט 2,יחידה,0.00,יחידה,false,,0.00,0.0000,true,1,189820
7297588020817,false,מכונית שלט משטרה 1:2,,,מכונית שלט משטרה 1:2,יחידה,0.00,יחידה,false,,0.00,0.0000,true,1,189681
7297588020824,false,מכונית שלט מירוץ 1:2,,,מכונית שלט מירוץ 1:2,יחידה,0.00,יחידה,false,,0.00,0.0000,true,1,189682
7297588020879,false,בובה טוויני נעליים,,,בובה טוויני נעליים,יחידה,0.00,יחידה,false,,0.00,0.0000,true,1,189683
7297588020886,false,בובה בייבי טוויני נע,,,בובה בייבי טוויני נע,יחידה,0.00,יחידה,false,,0.00,0.0000,true,1,189684
7297588020954,false,"מגדל טבעות ענק 45 ס""",,,"מגדל טבעות ענק 45 ס""",יחידה,0.00,יחידה,false,,0.00,0.0000,true,1,189688
7297588022828,false,סט כדורסל 2 ב 1,,,סט כדורסל 2 ב 1,יחידה,0.00,יחידה,false,,0.00,0.0000,true,1,189889
7297588022859,false,מכוניות הרכבה BO מבר,,,מכוניות הרכבה BO מבר,יחידה,0.00,יחידה,false,,0.00,0.0000,true,1,189693
7297588023061,false,עגלת מטבח ורודה,,,עגלת מטבח ורודה,יחידה,0.00,יחידה,false,,0.00,0.0000,true,1,189694
7297588023146,false,מארז חרוזים טרפז,,,מארז חרוזים טרפז,יחידה,0.00,יחידה,false,,0.00,0.0000,true,1,189815
7297588023153,false,מארז חרוזים ענק,,,מארז חרוזים ענק,יחידה,0.00,יחידה,false,,0.00,0.0000,true,1,189821
7297588023184,false,קטר בועות,,,קטר בועות,יחידה,0.00,יחידה,false,,0.00,0.0000,true,1,193123
7297588024983,false,חרב חלל מאירה,,,חרב חלל מאירה,יחידה,0.00,יחידה,false,,0.00,0.0000,true,1,193295
7297588025942,false,8 משחקים ב-1 מגנטי ל,,,8 משחקים ב-1 מגנטי ל,יחידה,0.00,יחידה,false,,0.00,0.0000,true,1,189705
7297588026345,false,"טוויני מלק 24 ס""מ שר",,,"טוויני מלק 24 ס""מ שר",יחידה,0.00,יחידה,false,,0.00,0.0000,true,1,189706
7297588028622,false,SPARKLES סטייל,,,SPARKLES סטייל,יחידה,0.00,יחידה,false,,0.00,0.0000,true,1,189578
7297588028639,false,SPARKLES פיה בגביע,,,SPARKLES פיה בגביע,יחידה,0.00,יחידה,false,,0.00,0.0000,true,1,189579
7297588028653,false,SPARKLES שמלת פאייטי,,,SPARKLES שמלת פאייטי,יחידה,0.00,יחידה,false,,0.00,0.0000,true,1,189581
7297588028752,false,SPARKLES בהריון,,,SPARKLES בהריון,יחידה,0.00,יחידה,false,,0.00,0.0000,true,1,189591
7297588028837,false,SPARKLE סט בגדים,,,SPARKLE סט בגדים,יחידה,0.00,יחידה,false,,0.00,0.0000,true,1,189598
7297588029926,false,צ'יקצ'אקים קליקס,,,צ'יקצ'אקים קליקס,יחידה,0.00,יחידה,false,,0.00,0.0000,true,1,189830
7297588029933,false,צ'יקצ'אקים צינורות ג,,,צ'יקצ'אקים צינורות ג,יחידה,0.00,יחידה,false,,0.00,0.0000,true,1,189826
7297588030335,false,טטריס בבליסטר,,,טטריס בבליסטר,יחידה,0.00,יחידה,false,,0.00,0.0000,true,1,189816
7297588031219,false,כובע ראפר דולר,,,כובע ראפר דולר,יחידה,0.00,יחידה,false,,0.00,0.0000,true,1,196349
7297594008557,false,מגש ידיות עשוי מלמין,,,מגש ידיות עשוי מלמין,יחידה,0.00,יחידה,false,,39.90,0.0000,true,1,184040
7297594012622,false,190402 סט תבלינים במ,,,190402 סט תבלינים במ,יחידה,0.00,יחידה,false,,69.90,0.0000,true,1,181494
7297594012653,false,190405 סט מלח פלפל ב,,,190405 סט מלח פלפל ב,יחידה,0.00,יחידה,false,,29.90,0.0000,true,1,181495
7297594019669,false,בית עציץ עם רצועות ע,,,בית עציץ עם רצועות ע,יחידה,0.00,יחידה,false,,149.90,0.0000,true,1,184036
7297594020610,false,"סט סכו""ם 24 חלקים ני",,,"סט סכו""ם 24 חלקים ני",יחידה,0.00,יחידה,false,,179.90,0.0000,true,1,184073
7297594022645,false,וזה זכוכית שקופה,,,וזה זכוכית שקופה,יחידה,0.00,יחידה,false,,129.90,0.0000,true,1,181834
7297594024922,false,"פרקולטור 800 מ""ל",,,"פרקולטור 800 מ""ל",יחידה,0.00,יחידה,false,,99.90,0.0000,true,1,184079
7297594024953,false,"זוג מאגים 200 מ""ל",,,"זוג מאגים 200 מ""ל",יחידה,0.00,יחידה,false,,49.90,0.0000,true,1,184080
7298171160446,false,גרבי בנות מיני מאוס,,,גרבי בנות מיני מאוס,יחידה,0.00,יחידה,false,,0.00,0.0000,true,1,187913
7298171169012,false,גרבי בנות מגבת צינור,,,גרבי בנות מגבת צינור,יחידה,0.00,יחידה,false,,0.00,0.0000,true,1,187917
7298171169074,false,גרבי בנים שלישייה מ,,,גרבי בנים שלישייה מ,יחידה,0.00,יחידה,false,,0.00,0.0000,true,1,187918
7298545897855,false,אשפתון 52*65 עם שרוך,,,אשפתון 52*65 עם שרוך,יחידה,0.00,יחידה,false,,9.90,0.0000,true,1,144269
7332531063135,false,"ספריי לשיער סאיוס סרמיד לחיזוק 400 מ""ל",שוורצקופף והנקל,,סאיוס ספריי סירמיד 4,יחידה,0.00,יחידה,false,,30.00,0.0000,true,1,148894
7352253200304,false,סט 3 פינגאן נחושת,,,סט 3 פינגאן נחושת,יחידה,0.00,יחידה,false,,0.00,0.0000,true,1,189102
7501013101348,false,"ג'ומקס מנגו בקבוק 473 מ""ל תריסר",חומקס קומר קומרסאליזדורה,,ג'ומקס מנגו בקבוק 47,מיליליטרים,473.00,"100 מ""ל",false,,8.90,1.8816,true,1,180118
7501013101393,false,"ג'ומקס אננס בקבוק 473 מ""ל תריסר",חומקס קומר קומרסאליזדורה,,ג'ומקס אננס בקבוק 47,מיליליטרים,473.00,"100 מ""ל",false,,8.90,1.8816,true,1,180121
7501013101430,false,יוניקו פרסקו משק.חמוצ473,חומקס קומר קומרסאליזדורה,,ג'ומקס יוניקו פרסקו,מיליליטרים,473.00,"100 מ""ל",false,,9.90,2.0930,true,1,180122
7501013122039,false,ג'ומקס מיץ מנגו קרטונית ליטר תריסר,חומקס קומר קומרסאליזדורה,,ג'ומקס מיץ מנגו קרטו,ליטרים,1.00,ליטר,false,,8.90,8.9000,true,1,180104
7501013122114,false,"נקטר משקה אננס בקרטונית ג'ומקס, 1 ל'",חומקס קומר קומרסאליזדורה,,ג'ומקס מיץ אננס קרטו,ליטרים,1.00,ליטר,false,,8.90,8.9000,true,1,180095
7501013122992,false,ג'ומקס מיץ קוקוס אננס קרטונית ליטר תריסר,חומקס קומר קומרסאליזדורה,,ג'ומקס מיץ קוקוס אננ,ליטרים,1.00,ליטר,false,,8.90,8.9000,true,1,180106
7502231540858,false,מאוריפאן שמרים יבשים,,,מאוריפאן שמרים יבשים,גרמים,500.00,100 גרם,false,,10.00,0.0200,true,1,97198
7509546663135,false,קולגייט משחת שיניים זירו פפרמינט 98 מל,שסטוביץ-ריו,,קולגייט זירו משחת שי,יחידה,0.00,יחידה,false,,0.00,0.0000,true,1,192676
7509546663265,false,קולגייט זירו משחת שיניים מנטה עדינה 98 מ,CP-Poland swidnica,,קולגייט זירו משחת שי,יחידה,0.00,יחידה,false,,0.00,0.0000,true,1,198885
7610243004463,false,"דורגול - מרסס להסרת אבנית במקלחון 600 מ""ל",יעקבי- דורגול Durgol,,דורגול מסיר אבן מרסס,מיליליטרים,500.00,"100 מ""ל",false,,25.00,5.0000,true,1,58106
7610400010481,false,לינדט אקסלנס שוקולד חלב 100 גרם,לינדט ושפרונגלי קילשברג,,לינדט אקסלנס חלב 100,גרמים,100.00,100 גרם,false,,16.00,0.1600,true,1,59084
7610400014632,false,שוקולד לינדור בודד וואיט 100 ג',לינדט Lindt,,לינדט לינדור לבן 100,גרמים,100.00,100 גרם,false,,16.00,0.1600,true,1,60792
7610400068369,false,שוקולד חלב במילוי קרם אגוזים,לינדט ושפרונגלי,,לינדט לינדור עם אגוז,גרמים,100.00,100 גרם,false,,16.00,0.1600,true,1,58995
7610400074155,false,לינדט לינדור קוביות במילוי קרם שוקולד 60% מוצקי קקאו 100 גרם,לינדט ושפרונגלי קילשברג,,לינדט לינדור 60% 10,גרמים,100.00,100 גרם,false,,16.00,0.1600,true,1,58997
7610400075770,false,לינדט לה גרנד שוקולד מריר אגוז 150 גרם,לינדט ושפרונגלי קילשברג,,לינדט לה גרנד מריר ע,גרמים,150.00,100 גרם,false,,26.00,0.1733,true,1,57414
7610400075787,false,לינדט לה גרנד שוקולד חלב אגוז 150 גרם,לינדט ושפרונגלי קילשברג,,לינדט לה גרנד חלב עם,גרמים,150.00,100 גרם,false,,26.00,0.1733,true,1,58998
7610400085946,false,לינדט לגרנד דארק אלמונד סולט 150 גרם,לינדט ושפרונגלי קילשברג,,לינדט לה גרנד ד.אלמ,גרמים,150.00,100 גרם,false,,26.00,0.1733,true,1,179686
7610400091060,false,שוקולד מריר לינדט אקסלנס בתוספת תפוז ושקדים,לינדט ושפרונגלי קילש,,לינדט מריר אקסלנס תפ,גרמים,100.00,100 גרם,false,,0.00,0.0000,true,1,187384
7613030979647,false,דגני בוקר טריקס פירות עולם היורה 480 ג',ג'נרל מילס סאן אדריא,,טריקס קדם עולם היורה,גרמים,480.00,100 גרם,false,,25.90,0.0540,true,1,155815
7613032045753,false,פיטנס - דגני בוקר שוקולד 375 גרם,נסטלה צרפת איטנקורט,,פיטנס שוקולד 375 גר,גרמים,375.00,100 גרם,false,,21.90,0.0584,true,1,57416
7613033548192,false,פיטנס - דגני בוקר שוקולד מריר 375 גרם,נסטלה צרפת איטנקורט,,פיטנס דגני בוקר שוקו,גרמים,375.00,100 גרם,false,,21.90,0.0584,true,1,59090
7613034147486,false,ONEעוף לכלב מיני 800 גרם,נסטלה פורינה איטליה,,פורינה ONE כלב מיני,גרמים,800.00,100 גרם,false,,29.90,0.0374,true,1,180593
7613034792785,false,ציריוס מולטי דגני בו,פרומבראפ - אנגליה,,ציריוס מולטי דגני בו,גרמים,565.00,100 גרם,false,,22.90,0.0405,true,1,101553
7613035260658,false,קפה דולצה גוסטו אספר,נסטלה ספרד קפה,,נסקפה דולצה גוסטו אס,יחידה,0.00,יחידה,false,,27.90,0.0000,true,1,149322
7613035500877,false,סוכריות סמרטיס מיני,ליימן מותגים,,נסטלה סמרטיס מיני 18,גרמים,187.00,100 גרם,false,,14.90,0.0797,true,1,149854
7613035618794,false,"פורינה ONE חתול בוגר עוף 3 ק""ג",נסטלה פורינה צרפת,,פורינה ONE חתול בוג,קילוגרמים,3.00,"ק""ג",false,,109.90,36.6333,true,1,180598
7613035635845,false,פיטנס גרנולה שוקולד 14*300 גרם,שוורצקוף& הנקל דיסלד,,פיטנס גרנולה שוקולד,גרמים,300.00,100 גרם,false,,14.90,0.0497,true,1,134406
7613035807778,false,פרפקטו רוטב עגבניות לבולונז אסם 400 גרם,אסם פרפקטו Perfecto,,פרפקטו רוטב עגבניות,גרמים,400.00,100 גרם,false,,9.90,0.0248,true,1,137861
7613035809109,false,פרפקטו רוטב עגבניות ובזיליקום אסם 400 גרם,אסם פרפקטו Perfecto,,פרפקטו רוטב עגבניות,גרמים,400.00,100 גרם,false,,9.90,0.0248,true,1,137862
7613035809123,false,פרפקטו רוטב עגבניות עם פלפלים אסם 400 גרם,אסם פרפקטו Perfecto,,פרפקטו רוטב עגבניות,גרמים,400.00,100 גרם,false,,9.90,0.0248,true,1,137863
7613035809857,false,פרפקטו רוטב עגבניות לפסטה ולבישול אסם 400 גרם,אסם פרפקטו Perfecto,,פרפקטו רוטב עגבניות,גרמים,400.00,100 גרם,false,,9.90,0.0248,true,1,137864
7613036045544,false,דגני בוקר פייבר וואן,תאי פרזידנט פוד פאבל,,פייבר וואן 460 גרם,גרמים,460.00,100 גרם,false,,25.00,0.0543,true,1,145594
7613036105606,false,דוגלי בקר לכלבים בוגרים,נסטלה פורינה באק הונ,,"דוגלי בוגר עוף 3 ק""ג",קילוגרמים,3.00,"ק""ג",false,,45.90,15.3000,true,1,149317
7613036105637,false,"דוגלי עוף לכלבים בוגרים 12 ק""ג",נסטלה פורינה באק הונ,,"דוגלי בוגר עוף 12 ק""",קילוגרמים,12.00,"ק""ג",false,,119.00,9.9167,true,1,149318
7613036288026,false,מזון כלבים דוגלי גור,נסטלה פורינה באק הונ,,"דוגלי גורים 3 ק""ג",קילוגרמים,3.00,"ק""ג",false,,54.90,18.3000,true,1,152396
7613036288958,false,"דוגלי בקר לפעילים 3 ק""ג",נסטלה פורינה באק הונ,,"דוגלי אקטיב 3 ק""ג",קילוגרמים,3.00,"ק""ג",false,,54.90,18.3000,true,1,152397
7613036520492,false,פרפקטו רוטב עגבניות לפיצה אסם 400 גרם,אסם פרפקטו Perfecto,,פרפקטו רוטב עגבניות,גרמים,400.00,100 גרם,false,,9.90,0.0248,true,1,154483
7613036710879,false,מארז מיני חטיפי קיט קט צ'אנקי Kit Kat Chanky,נסטלה גרמניה,,קיט קט צאנקי מיני 19,גרמים,195.00,100 גרם,false,,12.90,0.0662,true,1,162644
7613036959049,false,קפסולות סטארבקס סומט,נסטלה שוויץ - קפה,,סטארבקס קפסולות סומט,יחידה,0.00,יחידה,false,,0.00,0.0000,true,1,188657
7613037012095,false,פיטנס סופר גרנולה שוקולד קינואה ושקדים 300 גרם,NESTLE WATERS,,פיטנס סופר גרנולה שו,גרמים,300.00,100 גרם,false,,14.90,0.0497,true,1,176265
7613037686906,false,פיטנס שקדים ודבש 355 גרם מופחת סוכר,נסטלה צרפת איטנקורט,,פיטנס שקדים ודבש 355,גרמים,355.00,100 גרם,false,,21.90,0.0617,true,1,181585
7613037687132,false,דגני בוקר פיטנס שקדים ודבש 585 גרם,נסטלה צרפת איטנקורט,,פיטנס דגני בוקר שקדי,גרמים,585.00,100 גרם,false,,26.90,0.0460,true,1,181586
7613037811773,false,גו פרי קורנפלקס דבש500ג,סי. פי. אנגליה,,קורנפלקס דבש גו פרי,גרמים,500.00,100 גרם,false,,15.90,0.0318,true,1,186754
7613038268262,false,דגני בוקר צ'יריוס דבש ושקדים במתיקות מעודנת,נסטלה פולין דגני בוק,,האני נאט ציריוס מופח,גרמים,410.00,100 גרם,false,,19.90,0.0485,true,1,183417
7613038451954,false,דגני בוקר שוקולד מופחת סוכר 410 ג' קראנץ',נסטלה צרפת איטנקורט,,קראנץ שוקולד מופחת ס,גרמים,410.00,100 גרם,false,,21.90,0.0534,true,1,183283
7613500107105,false,גונסונס בייבי רפידות הנקה 50 יח,שסטוביץ,,גונסון בייבי פדים לה,יחידה,0.00,יחידה,false,,34.90,0.0000,true,1,178087
7614500035788,false,טובלרון שוקולד חלב 200 גרם,מונדלייז,,טובלרון חלב 200ג,גרמים,200.00,100 גרם,false,,16.00,0.0800,true,1,69528
7616500553460,false,שוקולד פריי מהודר מריר תפוז 100 ג',צוקולאט פריי אייץגיץ,,פריי שוק.מריר תפוז 1,גרמים,100.00,100 גרם,false,,7.90,0.0790,true,1,57793
7616500630161,false,פריי שוקולד מריר 85% קקאו 100גר,צוקולאט פריי אייץגיץ,,פריי שוקולד מריר 85%,גרמים,100.00,100 גרם,false,,7.90,0.0790,true,1,75373
7616500646087,false,שוקולד פריי חלב עם שבבי אגוזים 100ג,צוקולאט פריי אייץגיץ,,שוקולד פריי מהודר ממ,גרמים,100.00,100 גרם,false,,7.90,0.0790,true,1,84870
7622010001858,false,עוגיות אוראו ממולאות קרם וניל 176 גרם.,פי אר ג'\יי אס אי מנדלז,,אוראו ממולאות קרם ונ,גרמים,176.00,100 גרם,false,,9.00,0.0511,true,1,121559
7622210137234,false,עוגיות אוראו עם דאבל קרים וניל 170 גר,מונדלייז,,עוגיות אוראו עם דאבל,גרמים,170.00,100 גרם,false,,10.90,0.0641,true,1,136646
7622210163899,false,שוקולד חלב במילוי סוכריות עדשים,מונדלז דויצ'לנד סנקס,,מילקה שוקולד חלב עם,גרמים,100.00,100 גרם,false,,8.00,0.0800,true,1,155467
7622210240200,false,מילקה שוקולד חלב ועוגיות אוריאו 300 גרם,מונדליז,,מילקה אוראו 300 גרם,גרמים,300.00,100 גרם,false,,16.90,0.0563,true,1,178541
7622210453327,false,עוגיות שוקוצ'יפס במילוי שוקולד סנסיישן,מנדלז פולסקה פרודקשן,,מילקה סנסיישן 156 ג,גרמים,156.00,100 גרם,false,,14.90,0.0955,true,1,150461
7622210635105,false,עוגיות אוראו במילוי תות 154 גרם,מונדלז אספנה גאלטס פ,,אוראו תות 154 גרם,גרמים,154.00,100 גרם,false,,8.90,0.0578,true,1,182137
7622210638021,false,מיני עוגיות אוראו קראנצ'י בייטס מצופים,מונדלז אספניה ג'לאטס,,אוראו ביס קראנ'צי בצ,יחידה,0.00,יחידה,false,,0.00,0.0000,true,1,188507
7622210642295,false,אוראו עוגיות אורגינל,,,אוראו עוגיות אורגינל,גרמים,608.00,100 גרם,false,,19.90,0.0327,true,1,155175
7622210642301,false,חטיף אוראו 38 גרם,,,חטיף אוראו 38 גרם,יחידה,0.00,יחידה,false,,2.00,0.0000,true,1,175832
7622210643162,false,אוראו עוגיות גולדן 6,,,אוראו עוגיות גולדן 6,גרמים,608.00,100 גרם,false,,19.90,0.0327,true,1,182717
7622210645999,false,מילקה דארק שוקולד שקדים 85 גרם,מונדלייז,,מילקה דרק שקדים 85 ג,יחידה,0.00,יחידה,false,,0.00,0.0000,true,1,187876
7622210690852,false,מילקה שוקולד טריולד 280 גרם,מונדלייז,,שוקולד מילקה טריולד,גרמים,280.00,100 גרם,false,,16.90,0.0604,true,1,151134
7622210819499,false,מילקה טנדר ברייק 156 גרם,"איטיליאן פוד, אס.פי.",,מילקה - טנדר ברייק 1,גרמים,156.00,100 גרם,false,,14.90,0.0955,true,1,183674
7622210820310,false,מילקה בוטנים קרמל 90,,,מילקה בוטנים קרמל 90,יחידה,0.00,יחידה,false,,8.00,0.0000,true,1,155468
7622210826053,false,שוקולד מילקה אוראו סנדוויץ 92 גר',גיאורי קאקסז קייאףטי,,שוקולד מילקה אוראו ס,גרמים,92.00,100 גרם,false,,0.00,0.0000,true,1,187877
7622210835338,false,אוראו עוגיות ממולאות טעם בראוניז 176 גרם,מנדלז אספנה גאלטס פר,,אוראו בראוניז 176 גר,גרמים,176.00,100 גרם,false,,9.90,0.0563,true,1,155469
7622210874351,false,אוראו מיני עוגיות ממולאות קרם וניל 67 גר,דיפלומט,,אוראו מיני כוסות בטע,יחידה,0.00,יחידה,false,,8.90,0.0000,true,1,182138
7622210984678,false,מילקה וופל במילוי קרם קקאו 150 גרם,מונדלייז,,מילקה ואפל במילוי קר,גרמים,150.00,100 גרם,false,,13.90,0.0927,true,1,135508
7622300200237,false,שוקולד מילקה שוקולד חלב 250 גרם,מונדליז אוסטרייך פרו,,מילקה שוק.חלב 250 גר,גרמים,250.00,100 גרם,false,,16.00,0.0640,true,1,66989
7622300270469,false,מילקה ביסקוויט 150 גרם,מונדלייז,,מילקה - ביסקויט 150,גרמים,150.00,100 גרם,false,,14.90,0.0993,true,1,167869
7622300270506,false,מילקה גריינס - עוגיות שיבולת שועל מצופות שוקולד 168 ג',מונדלז פולסקה פרודקש,,מילקה גריינס עוגיות,גרמים,168.00,100 גרם,false,,14.90,0.0887,true,1,69006
7622300336738,false,עוגיות אוראו בטעם ונ,"מונדלז CR פרודקשיין,",,אוראו וניל 154 גרם,גרמים,154.00,100 גרם,false,,8.90,0.0578,true,1,182176
7622300340285,false,גבינת שמנת 22% שומן 175 ג' פילדלפיה,מונדלז דויצ'לנד פרוד,,פילדלפיה 22% שומן 17,גרמים,175.00,100 גרם,false,,16.90,0.0966,true,1,157157
7622300340292,false,גבינת שמנת 11% שומן 175 ג' פילדלפיה,מונדלז דויצ'לנד פרוד,,פילדלפיה מופחת שומן,גרמים,175.00,100 גרם,false,,16.90,0.0966,true,1,157158
7622300356767,false,מילקה - עוגיות עם גרנולה וחתיכות של שוקולד חלב,מונדלז פולסקה פרודקש,,מילקה - עוגיות גרנול,גרמים,168.00,100 גרם,false,,14.90,0.0887,true,1,69532
7622300489427,false,עוגיות אוראו בציפוי בטעם שוקולד לבן 246 גרם,מנדלז אספנה גאלטס פר,,אוראו פאג שוקולד לבן,גרמים,246.00,100 גרם,false,,19.00,0.0772,true,1,154519
7622300495046,false,מילקה שוקולד חלב עם אקסטרה קקאו 100 גרם,מנדלז דויצ'\לנד סנקס פרו,,מילקה אקסטרה קקאו 30,גרמים,100.00,100 גרם,false,,8.00,0.0800,true,1,77990
7622300498429,false,שוקולד מילקה במילוי יוגורט תות 100 גרם,מנדלז דויצ'\לנד סנקס פרו,,מילקה שוקולד קרם תות,גרמים,100.00,100 גרם,false,,8.00,0.0800,true,1,68810
7622300503079,false,עוגיות ביסקוויט מצופה שוקולד חלב מילקה 200 גרם,מונדלז פולסקה פרודקש,,מילקה מוו - ביסקוויט,גרמים,200.00,100 גרם,false,,14.90,0.0745,true,1,69007
7622300617820,false,מילקה שוקולד חלב במילוי קרם חלב ווניל ושבבי עוגיות אוראו 100 גרם,מנדלז דויצ'\לנד סנקס פרו,,מילקה שוקולד אוראו 1,גרמים,100.00,100 גרם,false,,8.00,0.0800,true,1,77989
7622300756383,false,"ממרח גבינה פילדלפיה עם ממרח שוקולד ""מילקה"" 175 גרם",מונדלייז,,ממרח גבינה פילדלפיה,גרמים,175.00,100 גרם,false,,0.00,0.0000,true,1,193366
7622300756413,false,גבינת פילדלפיה 20% שומן עם תבלינים 175 ג',מונדלז דויצ'לנד פרוד,,פילדלפיה 20%שומן עם,גרמים,175.00,100 גרם,false,,16.90,0.0966,true,1,157159
7622400005190,false,שוקולד חלב נגיעות שוקולד לבן מילקה 100 ג,מנדלז דויצ'\לנד סנקס פרו,,מילקה שוקולד נגיעות,גרמים,100.00,100 גרם,false,,5.90,0.0590,true,1,107652
7630477891639,false,סטארבקס קפסולות קפה ורונה 10 יחידות,נסטלה שוויץ - קפה,,סטארבקס קפסולות ורונ,יחידה,0.00,יחידה,false,,0.00,0.0000,true,1,187498
7638900410273,false,סוללות אנרג'יזר במאר,אנרג'ייזר,,סוללות MAX AA במארז,יחידה,0.00,יחידה,false,,0.00,0.0000,true,1,193154
7702018020706,false,מכשיר מאך + 2 סכינים,,,מכשיר מאך + 2 סכינים,יחידה,0.00,יחידה,false,,29.90,0.0000,true,1,182951
7702018029655,false,ג'ילט מאך 3 ידית + 1,,,ג'ילט מאך 3 ידית + 1,יחידה,0.00,יחידה,false,,29.90,0.0000,true,1,185678
7702018069316,false,סימפלי ונוס 2 סכין גילוח 2+4 חינם חד פעמ,פרוקטר אנד גמבל,,סימפלי ונוס 2 חד פעמ,יחידה,6.00,יחידה,false,,19.90,3.3167,true,1,166614
7702018089659,false,ג'ל גילוח ג'ילט פיוז'ן,,,ג'ילט ג'ל גילוח פיוז,יחידה,0.00,יחידה,false,,19.90,0.0000,true,1,181299
7702018271788,false,"דאודורנט קליר ג'ילט בניחוח ספורט 70 מ""ל",פרוקטר אנד גמבל,,קליר דאודורנט ג'ל 70,מיליליטרים,70.00,"100 מ""ל",false,,18.90,27.0000,true,1,77582
7702018334919,false,ג'ילט מכשיר2+ סכינים וונ,פרוקטר & גמבל,,ג'ילט וונוס קומפורטג,יחידה,0.00,יחידה,false,,0.00,0.0000,true,1,187969
7702018405145,false,גילט סירייס גל גילוח להגנה גבוהה,פרוקטר & גמבל,,ג'יליט ג'ל גילוח סיר,מיליליטרים,200.00,"100 מ""ל",false,,20.00,10.0000,true,1,155994
7702018420476,false,מארז ונוס סווירל ידית + 3 סכינים ג'ילט,פרוקטר אנד גמבל,,גילט מארז ונוס סוויר,יחידה,0.00,יחידה,false,,49.90,0.0000,true,1,154918
7702018439348,false,מארז ידית + 8 סכיני גילוח פיוז'ן 5 להבים,ג'ילט Gillette,,מארז פיוזן ידני מכשי,יחידה,0.00,יחידה,false,,129.90,0.0000,true,1,148460
7702018457342,false,סכיני גילוח גילט בלו 3 שמינייה,,,סכיני גילוח גיליטב ב,יחידה,0.00,יחידה,false,,29.90,0.0000,true,1,181912
7702018457762,false,"ג'ל גילוח ג'ילט סירייס לעור תחושה קרירה 200 מ""ל",פרוקטר & גמבל,,ג'ל גילוח סירייס תחו,יחידה,0.00,יחידה,false,,0.00,0.0000,true,1,187245
7702018462339,false,גילט מאך 3 סטארט מכש,,,גילט מאך 3 סטארט מכש,יחידה,0.00,יחידה,false,,19.90,0.0000,true,1,183773
7702018465033,false,גילט פיוזן גל גילוח לתחושה קרירה 200 מל,דיפלומט,,גל גילוח פיוזן לעור,מיליליטרים,200.00,"100 מ""ל",false,,26.00,13.0000,true,1,178466
7702018468447,false,גילט בלו 2 פלוס סכינים חד פעמיים עשירייה,פרוקטר אנד גמבל,,בלו 2 פלוס אולטרא גר,יחידה,10.00,יחידה,false,,30.00,3.0000,true,1,178467
7702018488704,false,מכשיר גילוח + 2 סכינ,,,מכשיר גילוח + 2 סכינ,יחידה,0.00,יחידה,false,,49.90,0.0000,true,1,182950
7702018499342,false,מכשיר גילוח גילט ונוס פלטינום+3 סכינים,מולינו ניקולי s.p.a,,גילט ונוס פלטינום מכ,יחידה,0.00,יחידה,false,,49.90,0.0000,true,1,187036
7702018516872,false,סט ג'ילט ונוס רביעיה,,,סט ג'ילט ונוס רביעיה,יחידה,0.00,יחידה,false,,0.00,0.0000,true,1,188107
7702018518128,false,סכין גילוח גילט סקינגארד סנסיטיב,,,ג'ילט סקינגארד מכשיר,יחידה,0.00,יחידה,false,,39.90,0.0000,true,1,182945
7702018978106,false,"ג'ילט - דאודורנט ג'ל לגבר ארטיק אייס 70 מ""ל",פרוקטר אנד גמבל,,דאודורנט קליר ג'ל לג,יחידה,0.00,יחידה,false,,18.90,0.0000,true,1,57804
7702018980925,false,"קצף גילוח לעור רגיל 200 מ""ל ג'ילט",קימברלי,,ג'ילט קצף גילוח לעור,יחידה,0.00,יחידה,false,,14.90,0.0000,true,1,179417
7702024074625,false,פיטנס - חטיפי קרקר חיטה מלאה 234 גרם,קומסטיבלס לה רוזה אס.איי,,פיטנס חטיפי קרקר חיט,גרמים,234.00,100 גרם,false,,11.90,0.0509,true,1,157167
7702174066631,false,לקקן יוגטה פין פופ במילוי מסטיק 170 גר,קומסטיבלס לה רוזה אס.איי,,יוגטה פין פופ לקקן 1,גרמים,180.00,100 גרם,false,,9.90,0.0550,true,1,59101
7702174070201,false,יוגטה לקקן בטעם מסטיק ממולא טופי בטעם תות 12 יח' 204 גרם,הדקלאים אגודת שיתופי,,יוגטה לקקן מג'יק 12י,גרמים,216.00,100 גרם,false,,9.90,0.0458,true,1,78665
7702174073844,false,לקקן יוגטה פין פופ פירות 48 יח 672 גרם,הדקלאים אגודת שיתופי,,לקקן פין פופ פירות 4,יחידה,0.00,יחידה,false,,19.90,0.0000,true,1,162903
7754617030150,false,לד 15W A60 לבן אור יום FSL E27,,,נורת לד 15W A60 אור,יחידה,0.00,יחידה,false,,24.90,0.0000,true,1,151388
7754617033601,false,מנורת לילה שקופה 5 ל,,,מנורת לילה שקופה 5 ל,יחידה,0.00,יחידה,false,,19.90,0.0000,true,1,153302
7798304600042,false,אוכמניות יבוא 125 גר,מרינה,,אוכמניות טריות 125 ג,גרמים,125.00,100 גרם,false,,0.00,0.0000,true,1,189991
7804632390255,false,אוכמניות 125 גרם,,,אוכמניות 125 גרם,גרמים,125.00,100 גרם,false,,0.00,0.0000,true,1,193734
7804651030026,false,אוכמניות טריות יחידה,ALFABERRIES,,אוכמניות,יחידה,0.00,יחידה,false,,0.00,0.0000,true,1,197817
7860001952066,false,כף גלידה אסקימו - תל,,,כף גלידה אסקימו - תל,יחידה,0.00,יחידה,false,,0.00,0.0000,true,1,192803
7891024128824,false,"משחת שיניים קולגיט טריפל אקשן 100 מ""ל",קולגייט-פלמוליב,,קולגייט טריפל אקשן 1,גרמים,100.00,100 גרם,false,,7.90,0.0790,true,1,184268
7891024130063,false,"קולגייט מי פה פלאקס ללא אלכוהול 500 מ""ל מהדרין",קולגייט- פלמוליב,,קולגייט פלאקס ללא אל,מיליליטרים,500.00,"100 מ""ל",false,,34.90,6.9800,true,1,69014
7891024136805,false,קולגייט מי פה פלאקס,קולגייט פלמוליב,,קולגייט מי פה פלאקס,מיליליטרים,0.00,"100 מ""ל",false,,34.90,0.0000,true,1,113897
8000070011878,false,לוואצה חוזק 3 דה קפינטו נטול קופאין 250 גר,לאוג'י לוואצה אס.פי.אי,,קפה לוואצה נטול קפאי,גרמים,250.00,100 גרם,false,,44.90,0.1796,true,1,74687
8000070012783,false,קפה לוואצה קלוי וטחון חוזק 5 אורו 250 גר,לאוג'י לוואצה אס.פי.אי,,קפה לוואצה אורו 250,גרמים,250.00,100 גרם,false,,35.90,0.1436,true,1,74688
8000070032835,false,קפה לוואצה קלוי וטחון חוזק 10 מטינו 250 גר,לאוג'י לוואצה אס.פי.אי,,קפה לוואצה מאטינו 25,גרמים,250.00,100 גרם,false,,26.90,0.1076,true,1,177843
8000155507500,false,עוגיות עם פיצוצי שוקולד 650 ג',,,ביסקויט איטלקי שוקו,גרמים,750.00,100 גרם,false,,18.90,0.0252,true,1,177095
8000155587502,false,ביסקויט איטלקי מרובע,,,ביסקויט איטלקי מרובע,גרמים,750.00,100 גרם,false,,18.90,0.0252,true,1,177097
8000380000388,false,טורטינה לואקר 90 גרם מארז מהודר,ליימן מותגים,,טורטינה מיני 9* 10 ג,יחידה,0.00,יחידה,false,,15.90,0.0000,true,1,146642
8000380003723,false,וופל אגוזים בציפוי שוקולד לואקר 100 גרם,קריניציה ויטמינה אס,,גרנד פטיסרי אגוז 100,יחידה,0.00,יחידה,false,,12.00,0.0000,true,1,59052
8000380003761,false,וופל גרנד פטיסרי שוקולד וקוקוס לואקר 100 גרם,קריניציה ויטמינה אס,,גרנד פטיסרי קוקוס 10,גרמים,100.00,100 גרם,false,,12.00,0.1200,true,1,59620
8000380004072,false,לואקר שוקולד חלב ודג,ליימן מותגים,,לואקר שוקולד חלב ודג,יחידה,0.00,יחידה,false,,11.20,0.0000,true,1,57591
8000380004669,false,וופל לואקר סנדוויץ קוביות ושוקולד 200ג',"א. לואקר, קונפקט ג'י",,לואקר וופל סנדוויץ',גרמים,200.00,100 גרם,false,,12.90,0.0645,true,1,58157
8000380004676,false,קוביות וופל סנדוויץ Sandwich עם וניל וחלב,"א. לואקר, קונפקט ג'י",,לואקר וופל סנדוויץ',גרמים,200.00,100 גרם,false,,12.90,0.0645,true,1,57592
8000380004881,false,וופל קוארדטיני לואקר קוביות טרמיסו 220ג',קריניציה ויטמינה אס,,קואדרטיני טרמיסו 220,גרמים,220.00,100 גרם,false,,14.00,0.0636,true,1,59053
8000380004911,false,קוביות וופל קואדרטיני Quadratini קרם אגוזים,קריניציה ויטמינה אס,,קואדרטיני אגוז 250 ג,גרמים,250.00,100 גרם,false,,14.00,0.0560,true,1,58158
8000380004942,false,וופל לואקר קוארדטיני קוביות ווניל 250ג',ליימן מותגים,,קואדרטיני וניל 250 ג,גרמים,250.00,100 גרם,false,,14.00,0.0560,true,1,57593
8000380004966,false,וופל קוארדטיני לואקר קוביות שוקולד 250ג',קריניציה ויטמינה אס,,קואדרטיני שוקולד 250,גרמים,250.00,100 גרם,false,,14.00,0.0560,true,1,58159
8000380005598,false,מארז וופל שוקולד טורטינה Tortina שוקולד מריר,א. לואקר אס. פי. אי-אי.,,טורטינה מריר 125 גרם,גרמים,125.00,100 גרם,false,,17.00,0.1360,true,1,57594
8000380005918,false,וופל קוביות קואדרטיני אגוזים לואקר 125 גרם,ליימן מותגים,,קואדרטיני אגוז 125 ג,גרמים,125.00,100 גרם,false,,7.90,0.0632,true,1,75409
8000380007219,false,וופלים בטעם אגוזים לואקר 175 גרם,ליימן מותגים,,לואקר קלאסיק אגוז 17,גרמים,175.00,100 גרם,false,,11.10,0.0634,true,1,59621
8000380007257,false,וופל גרדנה אגוזים לואקר 200 גרם,קריניציה ויטמינה אס,,גרדנה אגוז 200 גרם,גרמים,200.00,100 גרם,false,,14.00,0.0700,true,1,57595
8000380007264,false,וופלים בטעם קקאו לואקר 175 גרם,קריניציה ויטמינה אס,,לואקר קלאסיק שוקולד,גרמים,175.00,100 גרם,false,,11.10,0.0634,true,1,58130
8000380007271,false,וופל במילוי קרם חלב לואקר 175 גרם,ליימן מותגים,,לואקר קלאסיק חלב 175,גרמים,175.00,100 גרם,false,,11.10,0.0634,true,1,59054
8000380106028,false,טורטינה לואקר וופל שוקולד ואגוזים שישיה 125ג',קריניציה ויטמינה אס,,טורטינה חלב 125 גרם,גרמים,125.00,100 גרם,false,,17.00,0.1360,true,1,59055
8000380142484,false,קוביות וופל קואדרטיני Quadratini בטעם שוקולד מריר,"אינסטנטה בע""מ",,קואדרטיני שוקולד מרי,גרמים,250.00,100 גרם,false,,14.00,0.0560,true,1,57811
8000380144044,false,גרדנה וופל מצופה שוקולד חלב לואקר 200 גרם,"א. לואקר , AG/SpA, ו",,גרדנה שוקולד 200 גרם,גרמים,200.00,100 גרם,false,,14.00,0.0700,true,1,57596
8000380148370,false,וופל לואקר שוקולד קו,ליימן מותגים,,לואקר שוקולד וקוקוס,יחידה,4.00,יחידה,false,,11.20,2.8000,true,1,74697
8000380153534,false,מארז וופל שוקולד טורטינה Tortina שוקולד לבן,א. לואקר אס. פי. אי-אי.,,טורטינה לבן 125 גרם,גרמים,125.00,100 גרם,false,,17.00,0.1360,true,1,90458
8000380155699,false,שלישיית וופל טורטינה לבן לואקר 21 גרם,קריניציה ויטמינה אס,,טורטינה לבן 63 גרם,יחידה,0.00,יחידה,false,,10.90,0.0000,true,1,100586
8000380156573,false,לואקר בונבוניירה ורד הדולמיטים 150 גרם,קריניציה ויטמינה אס,,לואקר ורד הדולומיטים,גרמים,150.00,100 גרם,false,,23.90,0.1593,true,1,160841
8000380157440,false,שוקולד חלב במילוי קרם אגוזי לוז לואקר 87 גרם,"אינסטנטה בע""מ",,טבלאות לואקר שוקולד,יחידה,0.00,יחידה,false,,7.90,0.0000,true,1,137827
8000380157570,false,וופלים לואקר קלאסיק אגוז 262.5 גר,ליימן מותגים,,לואקר קלאסי 50%+ 175,גרמים,262.50,100 גרם,false,,12.90,0.0491,true,1,134984
8000380157587,false,וופלים לואקר קלאסיק קקאו 262.5 גר,ליימן מותגים,,לואקר וופל שוקולד50%,גרמים,262.50,100 גרם,false,,12.90,0.0491,true,1,134985
8000380180325,false,לואקר רביעיות שוקו-ל,ליימן מותגים,,לואקר רביעיות שוקו-ל,גרמים,104.00,100 גרם,false,,11.20,0.1077,true,1,137828
8000380180721,false,לואקר וופל קקאו במילוי קרם חלבי 175 גר,קריניציה ויטמינה אס,,לואקר קלאסיק שוקו חל,גרמים,175.00,100 גרם,false,,11.10,0.0634,true,1,121630
8000380180745,false,וופל קוביות קקאו במילוי קרם חלב לואקר 250 גרם,"א. לואקר, קונפקט ג'י",,לואקר קואדרטיני שוקו,גרמים,250.00,100 גרם,false,,14.00,0.0560,true,1,121631
8000380180783,false,וופל קואדרטיני קקאו וחלב לואקר 125 גרם,ליימן מותגים,,וופל קואדרטיני שוקו,גרמים,125.00,100 גרם,false,,7.90,0.0632,true,1,162651
8000380180837,false,וופל גרנד פטיסרי קוקוס לבן מצופה שוקולד לבן לואקר 100 גרם,"אינסטנטה בע""מ",,גרנד פטיסרי במילוי ק,יחידה,0.00,יחידה,false,,12.00,0.0000,true,1,137830
8000380184316,false,לואקר שוקולד חלב עם עליי וופל פריכים 80ג,"אינסטנטה בע""מ",,לואקר שוק.חלב במילוי,יחידה,0.00,יחידה,false,,6.90,0.0000,true,1,148912
8000380189281,false,מארז מיני מיקס לואקר בשקית 210 גרם,ליימן מותגים,,מארז מיני מיקס לואקר,גרמים,210.00,100 גרם,false,,22.90,0.1090,true,1,155502
8000500009673,false,בונבונרייה פררו רושר 300 גרם,פררו - אלבה,,רושר בונבוניירה 300,גרמים,300.00,100 גרם,false,,45.90,0.1530,true,1,59057
8000500023624,false,חטיפי הפי היפו Happy Hippo במילוי קרם חלב וקקאו,פררו - אלבה,,הפי היפו 5*20 גרם,יחידה,0.00,יחידה,false,,13.00,0.0000,true,1,74716
8000500023976,false,בונבוניירת רפאלו פררו 150 גרם,פררו - אלבה,,בונבוניירת רפאלו 150,גרמים,150.00,100 גרם,false,,16.00,0.1067,true,1,60808
8000500026731,false,שוקולד ביצי הפתעה קינדר שלישייה,פררו אס.פי.אי,,קינדר ביצי שוקולד 3*,יחידה,3.00,יחידה,false,,15.00,5.0000,true,1,113801
8000500029350,false,מארז וופל מצופה 3יח' *43 גרם קינדר בואנו,פררו - אלבה,,קינדר בואנו 3*43 גרם,גרמים,129.00,100 גרם,false,,11.90,0.0922,true,1,74717
8000500032237,false,בונבונרייה פררו רושר 375 גרם,פררו - אלבה,,רושר 375גר,גרמים,375.00,100 גרם,false,,45.90,0.1224,true,1,57597
8000500037874,false,בונבונרייה פררו רושר 200 גרם,פררו - אלבה,,בונבוניירת רושר 200,גרמים,200.00,100 גרם,false,,24.90,0.1245,true,1,59107
8000500071083,false,אצבעות שוקולד קינדר Kinder שש עשרה יחידות,פררו - אלבה,,קינדר אצבעות שוקולד,גרמים,200.00,100 גרם,false,,12.90,0.0645,true,1,59059
8000500075708,false,ביצי שוקולד הפתעה קינדר ג'וי כחול בנים שלישיה,פררו - אלבה,,קינדר גוי 1/3 כחול 3,יחידה,0.00,יחידה,false,,15.00,0.0000,true,1,101047
8000500094976,false,"בונבוניירה פררו רושר רושה קונוס, 212 גרם T17X4",רושר,,פררו רושר קונוס 212.,גרמים,212.00,100 גרם,false,,39.90,0.1882,true,1,77004
8000500121436,false,מארז קינדר בואנו Kinder Bueno לבן שלוש יחידות,פררו - אלבה,,קינדר בואנו לבן 3*43,גרמים,129.00,100 גרם,false,,11.90,0.0922,true,1,74719
8000500126325,false,ביצי שוקולד הפתעה קינדר ג'וי ורוד בנות שלישיה,פררו - אלבה,,קינדר גוי 1/3 ורוד 3,יחידה,0.00,יחידה,false,,15.00,0.0000,true,1,101048
8000500167656,false,קינדר שוקולד עם דגנים סיריאל 94 ג',פררו,,קינדר קאונטרי רביעיו,יחידה,0.00,יחידה,false,,8.90,0.0000,true,1,182602
8000500214138,false,קינדר בואנו דארק43*3גר,פררו - אלבה,,קינדר בואנו דארק שלי,יחידה,0.00,יחידה,false,,11.90,0.0000,true,1,148622
8000500217740,false,קינדר בואנו מיני 86 גרם,פררו,,מארז מיני בואנו 86.4,יחידה,0.00,יחידה,false,,10.90,0.0000,true,1,182601
8000500221099,false,סטנד דובלו חמישייה ל,,,סטנד דובלו חמישייה ל,יחידה,0.00,יחידה,false,,0.00,0.0000,true,1,188811
8000500227848,false,נוטלה - בי רדי אצבעות ביסקוויט במילוי שוקולד 6 יח' * 22 גרם,פררו,,נוטלה בי רדי שישיה,יחידה,0.00,יחידה,false,,10.90,0.0000,true,1,172509
8000500249352,false,קינדר בואנו מיני מיקס שקית 205 ג',פררו - אלבה,,קינדר בואנו מיני מיק,יחידה,0.00,יחידה,false,,19.90,0.0000,true,1,148624
8000500256213,false,קינדר שוקולד מיני בשקית.,פררו - אלבה,,קינדר מיני שוקולד בש,גרמים,120.00,100 גרם,false,,9.90,0.0825,true,1,174511
8000500267103,false,קינדר דליס עוגת ספוג קקאו במילוי חלבי*10,קינדר Kinder,,קינדר דליס 10*42 גרם,גרמים,420.00,100 גרם,false,,19.90,0.0474,true,1,147109
8000500273296,false,סטנד פררו רושיר 375,,,סטנד פררו רושיר 375,גרמים,375.00,100 גרם,false,,0.00,0.0000,true,1,188810
8000500273838,false,פררו רושיר 375 גרם,,,פררו רושיר 375 גרם,גרמים,375.00,100 גרם,false,,0.00,0.0000,true,1,187393
8000798397704,false,יעה עם מקל צבעוני,,,כף אשפה + מקל NEON,יחידה,0.00,יחידה,false,,19.90,0.0000,true,1,151386
8001090016102,false,פיירי למדיח 48 טבליות,פרוקטר אנד גמבל,,פיירי טבליות למדיח 4,יחידה,48.00,יחידה,false,,37.90,0.7896,true,1,162121
8001090033130,false,פיירי פלטינום למדיח 37טב,פרוקטר אנד גמבל,,פיירי טבליות למדיח פ,יחידה,37.00,יחידה,false,,37.90,1.0243,true,1,162122
8001090206893,false,לנור מרכך כביסה מרוכז צהוב-930,,,לנור מרכך כביסה מרוכ,מיליליטרים,930.00,"100 מ""ל",false,,12.90,1.3871,true,1,160109
8001090206930,false,לנור מרכך כביסה מרוכז לבן לתינוק-930,פרוקטר אנד גמבל,,לנור מרכך כביסה מרוכ,מיליליטרים,930.00,"100 מ""ל",false,,12.90,1.3871,true,1,157771
8001090222428,false,"הרבל אסנסס - שמפו חלב קוקוס 400 מ""ל",הרבל אסנס Herbal Essences,,הרבל אסנסס שמפו חלב,מיליליטרים,400.00,"100 מ""ל",false,,19.90,4.9750,true,1,179858
8001090222459,false,"הרבל אסנסס מרכך חלב קוקוס 400 מ""ל",דיפלומט,,הרבל אסנסס מרכך חלב,מיליליטרים,400.00,"100 מ""ל",false,,19.90,4.9750,true,1,179861
8001090222725,false,"הרבל אסנסס - שמפו שמן מורינגה 400 מ""ל",הרבל אסנס Herbal Essences,,הרבל אסנסס שמפו שמן,מיליליטרים,400.00,"100 מ""ל",false,,19.90,4.9750,true,1,179863
8001090222848,false,"הרבל אסנסס - שמפו שיקום שמן ארגן 400 מ""ל",הרבל אסנס Herbal Essences,,הרבל אסנסס שמפו שיקו,מיליליטרים,400.00,"100 מ""ל",false,,19.90,4.9750,true,1,179865
8001090336354,false,פמפרס בייבי דריי חיתולים מידה 2 46 יח,פרוקטר אנד גמבל,,פמפרס בייבי דריי מיד,יחידה,0.00,יחידה,false,,34.90,0.0000,true,1,182539
8001090336408,false,חיתולים בייבי דריי מידה 3 38 יח' פמפרס,פרוקטר אנד גמבל,,פמפרס בייבי דריי מיד,יחידה,0.00,יחידה,false,,34.90,0.0000,true,1,182540
8001090336446,false,פמפרס בייבי דריי חיתולים מידה 4 34 יח,פרוקטר אנד גמבל,,פמפרס בייבי דריי מיד,יחידה,0.00,יחידה,false,,34.90,0.0000,true,1,182541
8001090336491,false,פמפרס בייבי דריי חיתולים מידה +4 31 יח,פרוקטר אנד גמבל,,פמפרס בייבי דריי מיד,יחידה,0.00,יחידה,false,,34.90,0.0000,true,1,182542
8001090336521,false,פמפרס בייבי דריי חיתולים מידה 5 30 יח,פרוקטר אנד גמבל,,פמפרס בייבי דריי מיד,יחידה,0.00,יחידה,false,,34.90,0.0000,true,1,182543
8001090336606,false,פמפרס בייבי דריי חיתולים מידה 6 26 יח,פרוקטר אנד גמבל,,פמפרס בייבי דריי מיד,יחידה,0.00,יחידה,false,,34.90,0.0000,true,1,182544
8001090375230,false,"מרכך מרוכז 200 מ""ל לחות מוגברת ""פנטן""",פרוקטר אנד גמבל,,פנטן מרכך מרוכז לחות,יחידה,0.00,יחידה,false,,19.90,0.0000,true,1,151710
8001090375285,false,"פנטן מרכך מרוכז 200 מ""ל למגע רך כשמי",פרוקטר אנד גמבל,,פנטן מרכך מרוכז למגע,יחידה,0.00,יחידה,false,,19.90,0.0000,true,1,151711
8001090377487,false,מסכה לשיער פנטן לחות מוגברת 300 מל,פרוקטר אנד גמבל,,פנטן מסיכה לחות מוגב,מיליליטרים,300.00,"100 מ""ל",false,,34.90,11.6333,true,1,154462
8001090377531,false,"מסכה לשיער פנטן לצבע מלא חיים 300 מ""ל",פרוקטר אנד גמבל,,פנטן מסיכה לצבע מלא,מיליליטרים,300.00,"100 מ""ל",false,,34.90,11.6333,true,1,154463
8001090379337,false,פמפרס פרימיום קר חיתולים שלב 3 40 יח VP,פרוקטר אנד גמבל,,פמפמרס חיתולים פרימי,יחידה,40.00,יחידה,false,,32.90,0.8225,true,1,150982
8001090379368,false,פמפרס פרימיום קר חיתולים שלב 4 34 יח VP,פרוקטר אנד גמבל,,פמפמרס חיתולים פרימי,יחידה,34.00,יחידה,false,,32.90,0.9676,true,1,150983
8001090379399,false,פמפרס פרימיום קר חיתולים שלב 5 30 יח VP,פרוקטר אנד גמבל,,פמפמרס חיתולים פרימי,יחידה,30.00,יחידה,false,,32.90,1.0967,true,1,150984
8001090565792,false,פיירי נוזל כלים 1 לי,,,פיירי נוזל כלים 1 לי,ליטרים,1.00,ליטר,false,,9.90,9.9000,true,1,160157
8001090580122,false,"הד אנד שולדרס שמפו סופרים משקם 400 מ""ל",פרוקטר אנד גמבל,,הד אנד שולדרס שמפו,מיליליטרים,400.00,"100 מ""ל",false,,19.90,4.9750,true,1,174598
8001090678195,false,"מרכך הד&שולדרס סופרים לחות 275 מ""ל",פרוקטר אנד גמבל,,הד אנד שולדרס מרכך ס,מיליליטרים,275.00,"100 מ""ל",false,,19.90,7.2364,true,1,174599
8001090678225,false,"הד אנד שולדרס מרכך סופרים משקם 275 מ""ל",פרוקטר אנד גמבל,,הד אנד שולדרס מרכך ס,מיליליטרים,275.00,"100 מ""ל",false,,19.90,7.2364,true,1,174600
8001090678614,false,"שמפו סופרים לחות הד אנד שולדרס 400 מ""ל",פרוקטר אנד גמבל,,הד אנד שולדרס שמפו,מיליליטרים,400.00,"100 מ""ל",false,,19.90,4.9750,true,1,174601
8001090737809,false,מגן תחתון אולוויז סינגל טנגה 36 יחידות,פרוקטר אנד גמבל,,מגן תחתון אולוויז סי,יחידה,36.00,יחידה,false,,19.90,0.5528,true,1,156698
8001090748607,false,לנור מרכך כביסה מרוכז מיסתרי 1 ל',,,לנור מרכך מרוכז מיסת,ליטרים,1.00,ליטר,false,,19.90,19.9000,true,1,179869
8001090748638,false,מרכך כביסה לנור מרוכז קיס 1 ל,,,לנור מרכך מרוכז קיס,ליטרים,1.00,ליטר,false,,19.90,19.9000,true,1,179870
8001090802385,false,קפסולות גל לכביסה טייד בניחוח לנור 26 יח,פרוקטר אנד גמבל,,טייד קפסולות ג'ל בני,יחידה,0.00,יחידה,false,,29.90,0.0000,true,1,178707
8001090810120,false,"פנטן קונדישנר שמן מרוקאי משקם 500 מ""ל",פרוקטר אנד גמבל,,פנטן קונדישנר שמן מר,מיליליטרים,500.00,"100 מ""ל",false,,17.90,3.5800,true,1,161029
8001090832979,false,"פנטן 660 מ""ל קונדישינר לתלתלים מושלמים",פנטן שמפו ומרכך ב 17,,פנטן מרכך לתלתלים מו,יחידה,0.00,יחידה,false,,0.00,0.0000,true,1,187258
8001090833136,false,אריאל ג'ל כביסה בייבי 2.255 ליטר,פרוקטור אנד גמבל,,אריאל נוזל כביסה ביי,ליטרים,2.26,ליטר,false,,29.90,13.2301,true,1,167760
8001090833259,false,גל כביסה אריאל בניחוח הרים 3.740 ליטר,פרוקטר אנד גמבל,,אריאל גל ניחוח הרים,ליטרים,3.74,ליטר,false,,39.90,10.6684,true,1,167762
8001090850744,false,לנור כדוריות הבושם ב,,,לנור כדוריות הבושם ב,יחידה,0.00,יחידה,false,,0.00,0.0000,true,1,188454
8001090890832,false,לנור כדוריות הבושם ב,,,לנור כדוריות הבושם ב,גרמים,140.00,100 גרם,false,,19.90,0.1421,true,1,183669
8001090891242,false,כדוריות כביסה לנור,,,כדוריות כביסה לנור,יחידה,0.00,יחידה,false,,19.90,0.0000,true,1,184165
8001090924353,false,מרכך כביסה דלוקסלנור,,,מרכך כביסה דלוקסלנור,יחידה,0.00,יחידה,false,,19.90,0.0000,true,1,182590
8001160001786,false,"משקה אנרגיה גטורייד ספורט כחול 500מ""ל",אקווה מינרלה סאן בנדטו,,גטורייד ספורט כחול ב,מיליליטרים,500.00,"100 מ""ל",false,,9.90,1.9800,true,1,172679
8001244002555,false,מתקן כביסה מתכת,,,מתקן כביסה מתכת,יחידה,0.00,יחידה,false,,0.00,0.0000,true,1,188180
8001585001354,false,בלקוני מיקס מקס קוקו,BALCONI,,בלקוני מיקס מקס קוקו,גרמים,350.00,100 גרם,false,,11.90,0.0340,true,1,69021
8001620017456,false,"סן בנדטו ספורט, מים מינרלים טבעיים 500 מ""ל שישייה",אקווה מינרלה סאן בנדטו ב,,ששיית סאן בנדטו פקק,יחידה,6.00,יחידה,false,,14.90,2.4833,true,1,151974
8001841053646,false,תחבושות אולוויז עבה נורמל פלוס 14 יחידות,פרוקטר אנד גמבל )ראה קוד,,תחבושת אולוויז מקסי,יחידה,0.00,יחידה,false,,14.90,0.0000,true,1,181669
8001841053684,false,תחבושות אולוויז עבה לונג פלוס 12 יחידות,פרוקטר אנד גמבל )ראה קוד,,אולוויז תחבושות מקס,יחידה,0.00,יחידה,false,,14.90,0.0000,true,1,180561
8001841053721,false,אולויז מקסי ארוך לילה כחול,,,תחבושת אולוויז מקסי,יחידה,10.00,יחידה,false,,14.90,1.4900,true,1,178739
8001841077949,false,מארז מגבוני פמפרס בניחוח מרענן - רביעייה,פרוקטר אנד גמבל,,מגבוני פמפרס פרש 4*5,יחידה,0.00,יחידה,false,,19.90,0.0000,true,1,179711
8001841105093,false,פמפרס פרימיום קר חיתולים שלב 6 26 יח VP,פרוקטר אנד גמבל,,פמפמרס חיתולים פרימי,יחידה,38.00,יחידה,false,,32.90,0.8658,true,1,178329
8001841137179,false,קונדישינר הד&שולדרס הנוסחה הקלאסית 275מל,פרוקטר אנד גמבל,,הד אנד שולדרס מרכך ה,מיליליטרים,275.00,"100 מ""ל",false,,19.90,7.2364,true,1,183664
8001841212845,false,הד&שולדרס קונדישנר בניחוח תפוח 275 מל,דיפלומט,,הד אנד שולדרס מרכך ת,מיליליטרים,275.00,"100 מ""ל",false,,19.90,7.2364,true,1,183666
8001841216584,false,תחבושות אולוויז אולטרה לילה בטוח,פרוקטר אנד גמבל,,אולוויז תחבושת לילה,יחידה,0.00,יחידה,false,,39.90,0.0000,true,1,184342
8001841217574,false,תחבושות כפול אולטר לונג,,,תחבושות כפול אולוויז,יחידה,0.00,יחידה,false,,19.90,0.0000,true,1,183003
8001841217932,false,אולוויז תחבושות נייט 20 יח',,,תחבושות אולוויז כפול,יחידה,20.00,יחידה,false,,19.90,0.9950,true,1,183004
8001841285696,false,לנור ג'ל כביסה 3ב1- 11 י,פרוקטור אנד גמבל,,קפסולות ג'ל לכביסה,יחידה,0.00,יחידה,false,,0.00,0.0000,true,1,188390
8001841317892,false,לנור מרכך מרוכז בניחוח סחלב 900 מל,דיפלומט,,לנור מרכך מרוכז בניח,מיליליטרים,900.00,"100 מ""ל",false,,15.90,1.7667,true,1,182230
8001841400662,false,טייד א. כביסה קולור 10קג,פרוקטור אנד גמבל,,טייד אבקת כביסה קולו,קילוגרמים,10.00,"ק""ג",false,,59.90,5.9900,true,1,182091
8001841500942,false,"הרבל אסנסס - שמפו ללא סולפטים אלוורה ובמבוק 380 מ""ל",הרבל אסנס Herbal Essences,,הרבל אסנס שמפו ללא ס,יחידה,0.00,יחידה,false,,0.00,0.0000,true,1,188817
8001841625188,false,סבון כלים פלטינום לימון X3 פעולות להסרת שומנים,פרוקטר אנד גמבל,,פיירי פלטינום לימון,יחידה,0.00,יחידה,false,,8.90,0.0000,true,1,186359
8001841625287,false,סבון כלים פלטינום לימון X3 פעולות להסרת שומנים,פרוקטר אנד גמבל,,פיירי נוזל כלים פלטי,ליטרים,1.01,ליטר,false,,14.90,14.7525,true,1,185734
8001841625461,false,סבון כלים פלטינום X3 פעולות להסרת שומנים,פרוקטר אנד גמבל,,פיירי פלטינום אורגינ,יחידה,0.00,יחידה,false,,8.90,0.0000,true,1,186360
8001943543458,false,צ'וקטה ביצת שוקולד שלישיה,ואל קור קורסניני אס אנ ס,,צ'וקטה ביצת שוקולד ש,יחידה,0.00,יחידה,false,,9.90,0.0000,true,1,137358
8001943549122,false,צ'וקטה מטבעות שוקולד חלב 40 ג' נוכרי,ואל קור קורסניני אס אנ ס,,צוקטה מטבעות שוקולד,יחידה,0.00,יחידה,false,,3.90,0.0000,true,1,149866
8002205319835,false,מזון לחתולים בוגרים בטעם סלמון פורינה ONE,נסטלה פורינה צרפת,,פורינה ONE חתול בוג,גרמים,800.00,100 גרם,false,,34.90,0.0436,true,1,180599
8002205319903,false,מזון לחתולים בוגרים בטעם עוף פורינה ONE,נסטלה פורינה צרפת,,פורינה ONE חתול בוג,גרמים,800.00,100 גרם,false,,34.90,0.0436,true,1,180600
8002267014662,false,שלישייה ביצי שוקולד חלב עם צעצוע ברבי,צ'וקטה Chocketa,,צוקטה ביצת הפתעה ברב,יחידה,0.00,יחידה,false,,12.90,0.0000,true,1,151700
8002267014945,false,שלישייה ביצי שוקולד חלב עם צעצוע הוט ווילס,ואל קור קורסניני אס אנ ס,,צוקטה ביצת הפתעה הוט,יחידה,0.00,יחידה,false,,12.90,0.0000,true,1,151701
8002713010354,false,אייקון ספל בירה,,,אייקון ספל בירה,יחידה,0.00,יחידה,false,,0.00,0.0000,true,1,189042
8003753900469,false,אילי - אספרסו טחון בקליה כהה בפחית 250גר,קפה לנדוור,,אילי - אספרסו טחון ב,גרמים,250.00,100 גרם,false,,51.00,0.2040,true,1,161450
8004030102033,false,טונה בשמן זית עם מיץ לימון ופלפל שחור - מארז 3 יח',בולטון אלימנטרי,,ריו מרה טונה בשמן עם,גרמים,540.00,100 גרם,false,,24.90,0.0461,true,1,173764
8004030177000,false,טונה בשמן זית וצ'ילי ריו מרה מארז 80X3 גר',ריו מארה Rio Mare,,ריו מרה טונה בשמן זי,גרמים,240.00,100 גרם,false,,24.90,0.1037,true,1,155862
8004030344938,false,"ריו מרה טונה בשמן זית 3X80 גרם מתכון חדש כשל""פ","בולטון אלימנטרי בע""\מ",,ריו מרה טונה בשמן זי,גרמים,540.00,100 גרם,false,,24.90,0.0461,true,1,105169
8004030860001,false,ירקות עם קוקוס וטונה ריו מרה אינסלטיסימי 160 ג',"בולטון אלימנטרי בע""\מ",,ריו מרה אינסלטיסמה ק,גרמים,160.00,100 גרם,false,,16.90,0.1056,true,1,139565
8004905550334,false,עוגה אישית ממולא קרם חלב מצופה שוקולד מארז עשירה,,,מידי עוגה אישי ממולא,גרמים,350.00,100 גרם,false,,9.90,0.0283,true,1,114840
8005110000775,false,רוטב עגבניות עם פרמז,,,רוטב עגבניות עם פרמז,גרמים,400.00,100 גרם,false,,0.00,0.0000,true,1,196845
8005110060106,false,מארז זוג עגבניות מקולפות 400*2 גרם MUTTI,"איי, בי, אינבוו",,מארז זוג עגבניות מקו,יחידה,0.00,יחידה,false,,0.00,0.0000,true,1,197258
8005110171215,false,עגבניות חתוכות 690 POLPAPEZZI ג' (כחול) MUTTI,"איי, בי, אינבוו",,רוטב עגבניות חתוכות,גרמים,690.00,100 גרם,false,,0.00,0.0000,true,1,197257
8005200496525,false,נסטי בטעם אפרסק 1.5 ליטר,סן-פלגרינו,,נסטי בטעם אפרסק 1.5,ליטרים,1.50,ליטר,false,,7.10,4.7333,true,1,75697
8005200536528,false,נסטי מנגו אננס 1.5 ליטר,סן-פלגרינו,,נסטי בטעם מנגו אננס,ליטרים,1.50,ליטר,false,,7.10,4.7333,true,1,76341
8005469951452,false,ממרח אנשובי עם שמן חמניות,בנדטו סקלייה סרל,,ממרח אנשובי איטלקי 6,יחידה,0.00,יחידה,false,,13.90,0.0000,true,1,185874
8005803010371,false,"גריסיני רוזמרין - מקלות אפויים עם שמן זית, מלח ורוזמרין","אינסטנטה בע""מ",,גריסיני רוזמרין 125,גרמים,125.00,100 גרם,false,,7.50,0.0600,true,1,140498
8005803010661,false,"מקלות אפויים עם שמן זית, מלח, ושומשום, 125 גרם, אמור די פאן","הוסטה איטליה, ס.ר.ל.",,גריסיני שומשום 125 ג,גרמים,125.00,100 גרם,false,,7.50,0.0600,true,1,140499
8007290130112,false,בוקאטיני ספגטי ארוך דק גראנורו 500 ג',,,ספגט לבוקטיני 500*24,יחידה,0.00,יחידה,false,,0.00,0.0000,true,1,192858
8007290130211,false,קינירוני ספגיטי גראנורו 500 ג',,,קינורוני 500*24 גרם,יחידה,0.00,יחידה,false,,0.00,0.0000,true,1,192859
8007290130273,false,פנה 500*24,,,פנה 500*24,יחידה,0.00,יחידה,false,,0.00,0.0000,true,1,192860
8007290130532,false,פסטה קוקיולט 500*2,,,פסטה קוקיולט 500*2,יחידה,0.00,יחידה,false,,0.00,0.0000,true,1,192861
8007290131003,false,פסטה ספירלה גרנדי 50,,,פסטה ספירלה גרנדי 50,יחידה,0.00,יחידה,false,,0.00,0.0000,true,1,192862
8007290320766,false,גרנורו קנלוני בדץ 25,,,גרנורו קנלוני בדץ 25,גרמים,250.00,100 גרם,false,,12.00,0.0480,true,1,88695
8007290331984,false,פרפאלי דידאקטו 500*2,,,פרפאלי דידאקטו 500*2,יחידה,0.00,יחידה,false,,0.00,0.0000,true,1,198908
8008857601052,false,פסטה לזניה דפים רג'יה 500ג',פסטה רג'יה Pasta Reggia,,לה פסטה דפי לזניה 50,גרמים,500.00,100 גרם,false,,8.90,0.0178,true,1,159966
8009404010228,false,"גיגית 55 ס""מ 22 ליטר",,,"גיגית 55 ס""מ 22 ליטר",יחידה,0.00,יחידה,false,,31.90,0.0000,true,1,185469
8009404223796,false,מקטין אסלה אדום,,,מקטין אסלה אדום,יחידה,0.00,יחידה,false,,24.90,0.0000,true,1,156264
8009470009027,false,סימבה שימורים לכלבים עוף והודו 415 ג',אמ.או.אן.ג'י.אי.אמונ,,סימבה כלב שימור טעם,גרמים,415.00,100 גרם,false,,3.90,0.0094,true,1,181105
8009470009041,false,"סימבה מזון לחתולים 2 ק""ג בקר",אמ.או.אן.ג'י.אי.אמונ,,"חתול סימבה בקר 2 ק""ג",קילוגרמים,2.00,"ק""ג",false,,29.90,14.9500,true,1,181106
8009470009171,false,סימבה שימורים לכלבים צייד 415 ג',אמ.או.אן.ג'י.אי.אמונ,,סימבה כלב שימור בשר,גרמים,415.00,100 גרם,false,,3.90,0.0094,true,1,181108
8009470009546,false,סימבה שימורי חתולים בטעם כבש 500ג',אמ.או.אן.ג'י.אי.אמונ,,חתול סימבה שימור כבש,גרמים,415.00,100 גרם,false,,3.90,0.0094,true,1,181114
8009470009560,false,"סימבה מזון לכלבים 4 ק""ג בטעם בקר",אמ.או.אן.ג'י.אי.אמונ,,סימבה יבש בקר לכלבים,קילוגרמים,4.00,"ק""ג",false,,34.90,8.7250,true,1,181103
8009470009812,false,"סימבה מזון לכלבים בטעם עוף 4 ק""ג",אמ.או.אן.ג'י.אי.אמונ,,סימבה יבש לכלבים 4 ק,קילוגרמים,4.00,"ק""ג",false,,34.90,8.7250,true,1,181104
8009470016063,false,"סימבה מזון לחתולים עוף 2 ק""ג",אמ.או.אן.ג'י.אי.אמונ,,"חתול סימבה עוף 2 ק""ג",קילוגרמים,2.00,"ק""ג",false,,29.90,14.9500,true,1,181109
8012012060011,false,מפל תאורה 240 מנורה,,,מפל תאורה 240 מנורה,יחידה,0.00,יחידה,false,,0.00,0.0000,true,1,198911
8012012060080,false,סהר תאורה,,,סהר תאורה,יחידה,0.00,יחידה,false,,0.00,0.0000,true,1,198912
8021723005495,false,מברשת נוצות גדולה,,,מברשת נוצות גדולה,יחידה,0.00,יחידה,false,,0.00,0.0000,true,1,188015
8025358613346,false,רוטביה 30Z נירוסטה,,,רוטביה 30Z נירוסטה,יחידה,0.00,יחידה,false,,0.00,0.0000,true,1,187232
8025358613759,false,צנצנת רונדו 0.85 ל',,,"צנצנת רונד 0.85 ל""",יחידה,0.00,יחידה,false,,0.00,0.0000,true,1,192669
8025358628708,false,כף טיגון 23 נירוסטה,,,כף טיגון 23 נירוסטה,יחידה,0.00,יחידה,false,,0.00,0.0000,true,1,189900
8032880800243,false,פיקניק הפתעה - אגוזי לוז ומקלות אפויים,"הוסטה איטליה, ס.ר.ל.",,פיקניק הפתעה 50 גרם,יחידה,0.00,יחידה,false,,7.10,0.0000,true,1,74840
8053853182548,false,FROZENממחטות נייר מצויירות 6יח',,,FROZENממחטות נייר מצ,יחידה,0.00,יחידה,false,,0.00,0.0000,true,1,188007
8076800195019,false,ברילה - צ.א ספגטי מס1 קפליני 500 גרם,ברילה גי.אי.אר פרטלי ס.פ,,ברילה ספגטי קפליני מ,גרמים,500.00,100 גרם,false,,5.90,0.0118,true,1,69581
8076800195033,false,ברילה - צ.א ספגטיני מס3 חדש 500 גרם,ברילה גי.אי.אר פרטלי ס.פ,,ברילה ספגטי מס' 3 50,גרמים,500.00,100 גרם,false,,5.90,0.0118,true,1,68895
8076800195057,false,ברילה - צ.א ספגטי מס5 חדש 500 גרם,ברילה גי.אי.אר פרטלי ס.פ,,ברילה ספגטיני מס 5 5,גרמים,500.00,100 גרם,false,,5.90,0.0118,true,1,70774
8076800195132,false,ברילה - צ.א בבטה מס13 500 גרם,ברילה גי.אי.אר פרטלי ס.פ,,ברילה ספגטי בבטה מס,גרמים,500.00,100 גרם,false,,5.90,0.0118,true,1,68896
8076800315097,false,פסטה מקרוני בוקטיני מספר 9 ברילה 500 גרם,ברילה גי.אי.אר פרטלי ס.פ,,ברילה ספגטי בוקטיני,גרמים,500.00,100 גרם,false,,5.90,0.0118,true,1,69257
8076802085837,false,ברילה - צ.ק טורטליוני מס83 500 גרם,הנסיך- מפעל לייצור ט,,ברילה פסטה טורטיליונ,גרמים,500.00,100 גרם,false,,5.90,0.0118,true,1,66511
8076802085981,false,ברילה - צ.ק פוזילי חדש 500 גרם,ברילה גי.אי.אר פרטלי ס.פ,,ברילה פסטה פוזילי 50,גרמים,500.00,100 גרם,false,,5.90,0.0118,true,1,69583
8076808050440,false,פסטה מקרוני מספר 44 ברילה 500 גרם,ברילה Barilla,,ברילה פסטה מקרוני מס,גרמים,500.00,100 גרם,false,,5.90,0.0118,true,1,69069
8076809501415,false,ברילה קנלוני/פנה 500 ג' מצה פנה טרקולור 500 גרם,"ש. שסטוביץ בע""\מ",,ברילה פסטה פנה טריקו,גרמים,500.00,100 גרם,false,,13.90,0.0278,true,1,68898
8076809513388,false,רוטב לפסטה ארביאטה ברילה 400 גרם,ברילה גי.אי.אר פרטלי ס.פ,,ברילה רוטב ארביאטה 4,גרמים,400.00,100 גרם,false,,12.90,0.0323,true,1,70775
8076809513692,false,רוטב עגבניות נפולטנה בתוספת ירקות,ברילה גי.אי.אר פרטלי ס.פ,,ברילה רוטב נפוליטנה,גרמים,400.00,100 גרם,false,,12.90,0.0323,true,1,68900
8076809514774,false,ברילה איטריות ביצים פפרדלה 250ג',ברילה גי.אי.אר פרטלי ס.פ,,ברילה פפרדלה ביצים 2,גרמים,250.00,100 גרם,false,,17.70,0.0708,true,1,68463
8076809515399,false,ברילה אמיליאנה טליאטלה 500 גרם,ברילה גי.אי.אר פרטלי ס.פ,,ברילה אמיליאנה טליאט,גרמים,500.00,100 גרם,false,,14.90,0.0298,true,1,187118
8076809523561,false,ברילה - רוטב פסטה בטעם טוסקנה 400 גרם,ברילה גי.אי.אר פרטלי ס.פ,,ברילה רוטב פסטה טוסק,גרמים,400.00,100 גרם,false,,12.90,0.0323,true,1,67205
8076809523738,false,דפי לזניה ברילה 500 גרם,ברילה גי.אי.אר פרטלי ס.פ,,ברילה לזניה 500 ג,גרמים,500.00,100 גרם,false,,19.90,0.0398,true,1,66515
8076809529419,false,ספגטי מחיטה מלאה מס' 5 500 ג' ברילה,ברילה גי. אי. אר פרט,,ברילה ספגטי מחיטה מל,גרמים,500.00,100 גרם,false,,13.40,0.0268,true,1,70778
8076809545457,false,ברילה אטריות ללא גלוטן 400 ג' צינורות 400 ג',ברילה ג'.אי.אר פרטלי,,ברילה צינורות עב קמח,גרמים,400.00,100 גרם,false,,9.90,0.0248,true,1,117710
8076809571319,false,פסטה ברילה פנה ריגטה 1קג,ברילה,,ברילה פנה ריגאטה 1 ק,קילוגרמים,1.00,"ק""ג",false,,9.90,9.9000,true,1,143514
8076809572569,false,רוטב פסטו ברילה 195 גרם,ברילה ג'.אי.אר פרטלי,,ברילה רוטב פסטו 195,גרמים,195.00,100 גרם,false,,14.90,0.0764,true,1,176827
8121300207004,false,טרוביה - סטיביה ממתיק בצנצנת 270 גרם,קספרס פאקאגעהג,,טרוביה סטיביה ממתיק,גרמים,270.00,100 גרם,false,,34.90,0.1293,true,1,183132
8144170103276,false,"טחינה הנסיך 17 ק""ג",,,"טחינה הנסיך 17 ק""ג",קילוגרמים,17.00,"ק""ג",false,,300.00,17.6471,true,1,154512
8282732322588,false,טוסטר לחיצהָ**4 פרוס,,,טוסטר לחיצהָ**4 פרוס,יחידה,0.00,יחידה,false,,0.00,0.0000,true,1,188781
8410076600622,false,חטיפי גרנולה קראנצ'י עם שוקולד מריר נייצ'ר ואלי 210 גרם,ג'נרל מילס סאן אדריאן,,קראנצי חטיף שבבי שוק,גרמים,210.00,100 גרם,false,,20.00,0.0952,true,1,79129
8410076610386,false,נייטשר ואלי פרוטאין בוטנים עם ציפוי בטעם קרמל מלוח 160 ג',ג'\נרל מילס סאן אדריאן S,,נייטשר וואלי פרוטאין,יחידה,0.00,יחידה,false,,24.90,0.0000,true,1,134998
8410076610508,false,"חטיף שיבולת שועל מלאה עם בוטנים, שקדים ושוקולד מריר בציפוי בטעם שוקולד",נייצ'ר ואלי Nature Valley,,נייטשר ואלי חטיף סשו,גרמים,150.00,100 גרם,false,,20.00,0.1333,true,1,139437
8410076620361,false,נ.וואלי נאט קרים שיבולת שועל וקרם שקדים,"סרלטו סינטרה מזון בע""מ",,חטיף ממולא נאט קרים,יחידה,0.00,יחידה,false,,19.90,0.0000,true,1,149728
8410076620507,false,חטיף שיבולת שועל מלאה עם שעורה מלאה במילוי קרם אגוזי לוז וקקאו,"סרלטו סינטרה מזון בע""\מ",,חטיף ממולא נאט קרים,יחידה,0.00,יחידה,false,,19.90,0.0000,true,1,160177
8410076620538,false,פייבר וואן עוגת טריפל שוקולד רביעייה,"גלאטס סירו בע""מ",,פייבר קייק שוקולד,יחידה,5.00,יחידה,false,,19.90,3.9800,true,1,172464
8410076620613,false,קאפס נאט קרים בוטנים140ג,ליימן מותגים,,חטיף ממולא נאט קרים,יחידה,0.00,יחידה,false,,19.90,0.0000,true,1,163501
8410076620941,false,קאפס נאט קרים א.לוז140ג,ליימן מותגים,,נייצ'ר וואלי נאט קרם,יחידה,0.00,יחידה,false,,19.90,0.0000,true,1,180981
8410085219983,false,שוקולד מיני 210ג' מריר,,,שוקולד מיני שקיות 21,יחידה,0.00,יחידה,false,,15.90,0.0000,true,1,89181
8410085220132,false,שוקולד ממולא שקדים ו,,,שוקולד ממולא שקדים ו,גרמים,170.00,100 גרם,false,,0.00,0.0000,true,1,189148
8410085220217,false,שוקולד ממולא תות 125,,,שוקולד ממולא תות 125,גרמים,125.00,100 גרם,false,,0.00,0.0000,true,1,189149
8410085220224,false,שוקולד ממולא תפוזים,,,שוקולד ממולא תפוזים,גרמים,125.00,100 גרם,false,,0.00,0.0000,true,1,189150
8410085230605,false,שוקולד 75 גרם,,,שוקולד 75 גרם,יחידה,0.00,יחידה,false,,0.00,0.0000,true,1,189159
8410085233293,false,שוקולד בר אקסטרא 100,,,שוקולד בר אקסטרא 100,יחידה,0.00,יחידה,false,,0.00,0.0000,true,1,189160
8410085233415,false,שוקולד קאשיטוס 130 ג,,,שוקולד קאשיטוס 130 ג,גרמים,130.00,100 גרם,false,,0.00,0.0000,true,1,189161
8410085420105,false,"חטיפי תירמה 35יח""",,,"חטיפי תירמה 35יח""",יחידה,35.00,יחידה,false,,34.90,0.9971,true,1,59158
8410085420204,false,תירמה שוקולד 21 יח,,,תירמה שוקולד 21 יח,יחידה,0.00,יחידה,false,,0.00,0.0000,true,1,189157
8410085422406,false,תירמה אגוזים 35 יח',,,"חטיפי תירמה 35 יח""",יחידה,35.00,יחידה,false,,34.90,0.9971,true,1,59237
8410085422413,false,וופל מצופה בשוקולד ל,,,וופל מצופה בשוקולד ל,יחידה,0.00,יחידה,false,,34.90,0.0000,true,1,86649
8410085427357,false,תירמא מיני וופל מצופה שוקו 40 *13.5ג',,,תירמא מיני וופל מצופ,גרמים,540.00,100 גרם,false,,21.90,0.0406,true,1,59458
8410085427364,false,תירמא מיני וופל מצופה שוקולד לבן 40*13.5 ג',,,תירמא מיני וופל מצופ,גרמים,540.00,100 גרם,false,,21.90,0.0406,true,1,59159
8410085886390,false,ביסקוויט בטעם קוקוס,,,ביסקוויט בטעם קוקוס,גרמים,200.00,100 גרם,false,,0.00,0.0000,true,1,189151
8410085886406,false,ביסקוויט בטעם תפוזים,,,ביסקוויט בטעם תפוזים,גרמים,200.00,100 גרם,false,,0.00,0.0000,true,1,189152
8410085886833,false,בי זירו מצופה שוקולד חלב 105 ג',,,בי זירו מצופה שוקולד,יחידה,1.00,יחידה,false,,0.00,0.0000,true,1,189153
8410085886840,false,בי זירו מצופה שוקולד מריר 105 ג',,,בי זירו מצופה שוקולד,גרמים,105.00,100 גרם,false,,0.00,0.0000,true,1,189154
8410085886901,false,בסקוויט שוקולד גליטס,,,בסקוויט שוקולד גליטס,גרמים,160.00,100 גרם,false,,12.90,0.0806,true,1,178468
8410104039134,false,"מנקה ומחדש מדיח כלים פיניש 250 מ""ל",הדקלאים אגודת שיתופי,,פיניש מנקה ומחדש מדי,מיליליטרים,250.00,"100 מ""ל",false,,20.00,8.0000,true,1,59241
8410104044916,false,פיניש אבקה למדיח 2.7 לימון,רקיט בנקיזר,,פיניש 2.7 קג רגיל,קילוגרמים,2.70,"ק""ג",false,,44.90,16.6296,true,1,59160
8410104437268,false,מפיג ריח רגיל למדיח פיניש 1 יחידה,רקיט בנקיזר,,פיניש דאו ציטרופרש מ,יחידה,0.00,יחידה,false,,20.00,0.0000,true,1,74882
8410182420114,false,"בצלצלי פנינה בחומץ 370 מ""ל",דליסיאס,,בצלצלי פנינה בחומץ,מיליליטרים,370.00,"100 מ""ל",false,,36.90,9.9730,true,1,185870
8410184010108,false,אורז לה סיגלה עגול 1,בני ג'ורג' שוקחה חיפ,,"לה סיגלה אורז 1 ק""ג",קילוגרמים,1.00,"ק""ג",false,,7.90,7.9000,true,1,60847
8410184010504,false,"לה סיגלה אורז 5 ק""ג",,,"לה סיגלה אורז 5 ק""ג",קילוגרמים,5.00,"ק""ג",false,,34.90,6.9800,true,1,59163
8410342004987,false,"טוראס-שוקולד מריר 52% קפה ללת""ס 100 גר",,,טוראס-שוקולד מריר 52,יחידה,0.00,יחידה,false,,15.90,0.0000,true,1,184153
8410342004994,false,"שוקולד מריר שבבי קקאו חמוציות ללת""ס 125",צ'יקולטס טוארס,,טוראס-שוקולד מריר שב,גרמים,125.00,100 גרם,false,,15.90,0.1272,true,1,184145
8410342005625,false,"טוראס-שוקולד חלב אגוז ללת""ס 75 גרם",,,טוראס-שוקולד חלב אגו,יחידה,0.00,יחידה,false,,10.90,0.0000,true,1,184141
8410342005632,false,טוראס שוקולד חלב שקד ללא סוכר 75 גרם,,,טוראס-שוקולד חלב שקד,יחידה,0.00,יחידה,false,,10.90,0.0000,true,1,184142
8410342006318,false,טוראס שוקולד מריר קפה ללא סוכר 75 גרם,,,טוראס-שוקולד מריר קפ,יחידה,0.00,יחידה,false,,10.90,0.0000,true,1,184143
8410376010701,false,"ביסקוויט ללת""ס גולון גלטה מריה 400 גר",תות תעשיות מזון (201,,גולון ביסקוויט מרי ל,גרמים,400.00,100 גרם,false,,22.90,0.0572,true,1,76010
8410376017694,false,גולון-וופל וניל ללא,,,גולון-וופל וניל ללא,גרמים,210.00,100 גרם,false,,15.90,0.0757,true,1,69266
8410376024326,false,גולון עוגיות מחיטה מלאה בציפוי שוקולד,,,גולון עוגיות מחיטה מ,גרמים,300.00,100 גרם,false,,22.90,0.0763,true,1,69081
8410376029079,false,גולון רונדיטוס ביסקויט ללא תוספת סוכר 186 גר,GULLON,,רונדיטוס ביסקוויט,יחידה,0.00,יחידה,false,,21.90,0.0000,true,1,66620
8410376044959,false,גולון דיבוס שרקיז ללא גלוטן ולקטוז 250גר,דן נקסט,,גולון דיבוס בסקוויט,גרמים,250.00,100 גרם,false,,19.90,0.0796,true,1,177292
8410628460612,false,טונה ספרדית בשמן זית ולימון 190 גרם,קונסורסיו ספרד,,טונה ספרדית שמן זית,גרמים,190.00,100 גרם,false,,29.90,0.1574,true,1,161353
8410721443635,false,מלח ים-מטחנת זכוכית-100 גרם,ליימן שליסל,,מלח ים במטחנה 100גר,יחידה,0.00,יחידה,false,,11.90,0.0000,true,1,185526
8410721443659,false,תערובת פלפלים לתיבול-מטחנת זכוכית-40 גרם,ליימן שליסל,,תערובת פלפלים לתיבול,יחידה,0.00,יחידה,false,,11.90,0.0000,true,1,185527
8410721443673,false,מלח מהרי ההימלאיה 42,,,מלח מהרי ההימלאיה 42,גרמים,425.00,100 גרם,false,,20.00,0.0471,true,1,185528
8410721443697,false,פלפל שחור שלם במטחנה,,,פלפל שחור שלם במטחנה,גרמים,200.00,100 גרם,false,,24.00,0.1200,true,1,185530
8410721443734,false,כורכום טחון מרקדו טייסט 45ג',,,כורכום טחון 45 גרם,יחידה,0.00,יחידה,false,,4.90,0.0000,true,1,185511
8410721443772,false,פפריקה מתוקה צנצנת 4,,,פפריקה מתוקה 45 גרם,יחידה,0.00,יחידה,false,,4.90,0.0000,true,1,185513
8410721443802,false,כמון טחון מרקדו טייסט 45ג',,,כמון טחון 40 גרם,יחידה,0.00,יחידה,false,,4.90,0.0000,true,1,185514
8412340206028,false,מיקרוגל דיגיטלי 20 ל,,,מיקרוגל דיגיטלי 20 ל,יחידה,0.00,יחידה,false,,0.00,0.0000,true,1,190002
8412497019052,false,בקבוק ספורט פקק מסתו,,,בקבוק ספורט פקק מסתו,יחידה,0.00,יחידה,false,,0.00,0.0000,true,1,188804
8412497179121,false,צלחת פולי שקופה פרוז,,,צלחת פולי שקופה פרוז,יחידה,0.00,יחידה,false,,10.00,0.0000,true,1,180394
8412497188123,false,צלחת פולי שקופה מיני,,,צלחת פולי שקופה מיני,יחידה,0.00,יחידה,false,,10.00,0.0000,true,1,180395
8412497190546,false,קערית עם קשית מיקי,,,קערית עם קשית מיקי,יחידה,0.00,יחידה,false,,6.00,0.0000,true,1,180423
8412497350810,false,קערת פולי פרימיום פס,,,קערת פולי פרימיום פס,יחידה,0.00,יחידה,false,,0.00,0.0000,true,1,187553
8412497350827,false,צלחת פולי פרימיום פס,,,צלחת פולי פרימיום פס,יחידה,0.00,יחידה,false,,0.00,0.0000,true,1,187554
8412497442058,false,בקבוק ספורט פקק מסתו,,,בקבוק ספורט פקק מסתו,יחידה,0.00,יחידה,false,,0.00,0.0000,true,1,188580
8412497442928,false,צלחת פולי פרימיום פס,,,צלחת פולי פרימיום פס,יחידה,0.00,יחידה,false,,0.00,0.0000,true,1,188909
8412497527335,false,בקבוק פלסטיק גדול הל,,,בקבוק פלסטיק גדול הל,יחידה,0.00,יחידה,false,,29.90,0.0000,true,1,104399
8413295300205,false,טורמוס ואקום 350 גרם,,,טורמוס ואקום 350 גרם,גרמים,350.00,100 גרם,false,,10.00,0.0286,true,1,78530
8413295800033,false,טורמוס צנצנת 1300 גר,,,טורמוס צנצנת 1300 גר,גרמים,1300.00,100 גרם,false,,24.90,0.0192,true,1,178413
8413295800514,false,טורמוס צנצנת 600 גרם,,,טורמוס צנצנת 600 גרם,גרמים,600.00,100 גרם,false,,14.90,0.0248,true,1,78528
8421002286049,false,סכין סנטוקו יפנית 17,,,סכין סנטוקו יפנית 17,יחידה,0.00,יחידה,false,,0.00,0.0000,true,1,188679
8421002296529,false,סכין בשר משופע חריצי,,,סכין בשר משופע חריצי,יחידה,0.00,יחידה,false,,0.00,0.0000,true,1,188427
8423207208260,false,מרבה סלים דליס 125 ג' ללא גלוטן שוקולד חלב,ביסנצ'ורי אס.אל.יו,,סלים דליס ללא גלוטן,יחידה,0.00,יחידה,false,,9.90,0.0000,true,1,114756
8423207208697,false,חטיפי סלים דליס לילדים שוקולד לבן מרבה 6 יחידות,ביסנצ'ורי אס.אל.יו,,סלים דליס קידס עוגיו,גרמים,120.00,100 גרם,false,,9.90,0.0825,true,1,118542
8423207208703,false,חטיפי סלים דליס שוקולד מריר מרבה 6 יחידות,ביסנצ'ורי אס.אל.יו,,סלים דליס אקסטרא חט.,גרמים,120.00,100 גרם,false,,9.90,0.0825,true,1,118543
8423207209748,false,חטיף דגנים מלאים שוקולד מריר נגיעות תפוז,ביסנצ'ורי אס.אל.יו,,מרבה סלים דליס שוקול,יחידה,0.00,יחידה,false,,9.90,0.0000,true,1,150733
8423207210287,false,מרבה סלים דליס שוקולד לבן בטעם יוגורט 120 ג',סלים דליס Slim Delis,,מרבה סלים דליס שוקול,גרמים,120.00,100 גרם,false,,9.90,0.0825,true,1,161129
8423371002725,false,סאליסול- קוקטייל מיקס 100 גרם,גלוברנדס,,קוקטייל מיקס 100 גרם,גרמים,100.00,100 גרם,false,,0.00,0.0000,true,1,188591
8423371002749,false,סאליסול- בוטנים ושקדים מקורמלים 135 גרם,גלוברנדס,,בוטנים ושקדים מקורמל,גרמים,135.00,100 גרם,false,,0.00,0.0000,true,1,187719
8423371005085,false,סאליסול- מיקס פיקנטי 100 גרם,גלוברנדס,,מיקס פיקנטי 100 גרם,גרמים,100.00,100 גרם,false,,0.00,0.0000,true,1,187720
8427030004174,false,סימילאק קומפורט שלב,,,סימילאק קומפורט שלב,גרמים,360.00,100 גרם,false,,0.00,0.0000,true,1,187563
8427030005461,false,סימילאק קומפורט שלב 2 820 גרם,ניאופארם,,סימילאק קומפורט שלב,גרמים,820.00,100 גרם,false,,99.90,0.1218,true,1,116461
8435495805106,false,"ביומט אבקת כביסה בניחוח רענן 5ק""ג",ליימן מותגים,,ביומט אבקת כביסה 5 ק,יחידה,0.00,יחידה,false,,24.90,0.0000,true,1,172869
8437000906209,false,"עלי טורטיה קמח חיטה 20ס""מ 8יח' אזטקה 325ג'",Azteca foods europe,,מאסטרפוד טורטיה קמח,גרמים,325.00,100 גרם,false,,11.00,0.0338,true,1,58308
8528713819433,false,כפפה מסיליקון ארוכה,,,כפפה מסיליקון ארוכה,יחידה,0.00,יחידה,false,,24.90,0.0000,true,1,150702
8562111150668,false,מיקסר עם בלנדר ומטחנ,,,מיקסר עם בלנדר ומטחנ,יחידה,0.00,יחידה,false,,0.00,0.0000,true,1,192665
8595135530635,false,TORI מארז 6 גבעיי יי,,,TORI מארז 6 גבעיי יי,יחידה,0.00,יחידה,false,,0.00,0.0000,true,1,187432
8606107628011,false,VODAVODA בקבוק מים 5,,,VODAVODA בקבוק מים 5,מיליליטרים,500.00,"100 מ""ל",false,,0.00,0.0000,true,1,188110
8606107628370,false,VODAVODA בקבוק מים 3,,,VODAVODA בקבוק מים 3,מיליליטרים,330.00,"100 מ""ל",false,,0.00,0.0000,true,1,188115
8606109023630,false,פרוויטה מיץ תפוחי עץ,,,פרוויטה מיץ תפוחי עץ,מיליליטרים,750.00,"100 מ""ל",false,,0.00,0.0000,true,1,187583
8680539720246,false,מחבתות איכותיות סט 3,,,מחבתות איכותיות סט 3,יחידה,0.00,יחידה,false,,0.00,0.0000,true,1,188265
8680771721643,false,סט קופסאות שלישייה מ,,,סט קופסאות שלישייה מ,יחידה,0.00,יחידה,false,,14.90,0.0000,true,1,152401
8681270456388,false,בסקוויט פוריליו אלדי,,,בסקוויט פוריליו אלדי,יחידה,0.00,יחידה,false,,9.90,0.0000,true,1,184204
8681270493277,false,פתי בר שוקולד אלדיבא,,,פתי בר שוקולד אלדיבא,קילוגרמים,1.60,"ק""ג",false,,17.90,11.1875,true,1,183751
8681957400925,false,לוח חיתוך עץ 1.8*22*,,,לוח חיתוך עץ 1.8*22*,יחידה,0.00,יחידה,false,,49.90,0.0000,true,1,183828
8683323063024,false,יוגטה שטיחים בטעם תותי פרוטי 220 גרם,ליימן מותגים,,ממתק בטעם תותי פרוטי,גרמים,220.00,100 גרם,false,,12.90,0.0586,true,1,141080
8690120160177,false,מארז וופל נאמבר וואן 24 יחידות,קומרה,,וופל NO' 1,יחידה,0.00,יחידה,false,,27.90,0.0000,true,1,113245
8690504081937,false,מקוויטיס טינס שוקולד חלב וקפוצינו 150 גר,שוורצקוף& הנקל דיסלד,,ויסוצקי טינס מצופה ש,גרמים,150.00,100 גרם,false,,10.90,0.0727,true,1,155324
8690530007147,false,מגבות סלפאק קומפורט דו שכבתיות 6 גלילים,,,סלפאק קומפורט מגבות,יחידה,0.00,יחידה,false,,0.00,0.0000,true,1,188124
8690530132016,false,ממחטות טישו בקופסא 100 יח' סלפק,איפק קג'יט,,סלפאק ממחטות טישו קו,יחידה,100.00,יחידה,false,,7.90,0.0790,true,1,141884
8690530134546,false,סלפאק נייר טואלט 16 גלילים 3 שכבות,,,נייר טואלט 3 שכבות ס,יחידה,0.00,יחידה,false,,19.90,0.0000,true,1,184775
8690530151338,false,ממחטות נייר סלפאק פרמיום קלאסי 10 יח,,,סלפאק ממחטות פרימיום,יחידה,0.00,יחידה,false,,8.90,0.0000,true,1,167771
8690530151352,false,ממחטות נייר סלפאק פרמיום פרחים 10 יח,,,סלפאק ממחטות פרימיום,יחידה,0.00,יחידה,false,,8.90,0.0000,true,1,151316
8690530212220,false,"סלפאק ממחטות לאף תלת-שכבתי, 48 יח'",,,סלפאק ממחטות טישו בק,יחידה,48.00,יחידה,false,,4.90,0.1021,true,1,141887
8690530222519,false,מפיות שולחן סלפק 100 יחי,,,מפיות אירוח 100 יח',יחידה,100.00,יחידה,false,,6.90,0.0690,true,1,135444
8690530274471,false,נייר טואלט סלפאק קומפורט 2 שכבות 32 גל,איפק קג'יט,,סלפאק נייר טואלט 2 ש,יחידה,32.00,יחידה,false,,32.90,1.0281,true,1,139313
8690530284463,false,נייר טואלט 3 שכבות 32 גלילים סלפאק,איפק קג'יט,,סלפאק נייר טואלט 3ש,יחידה,32.00,יחידה,false,,39.90,1.2469,true,1,173510
8690530324930,false,נייר טואלט דו שכבתי 32 גליל SILEN,איפק,,סילאן נייר טואלט דו-,יחידה,32.00,יחידה,false,,29.90,0.9344,true,1,139312
8690530615120,false,נייר מגבת סילאן 2 שכבות 6 יח,,,מגבות מטבח סילאן שיש,יחידה,6.00,יחידה,false,,9.90,1.6500,true,1,139314
8690531031370,false,פלפל חריף ארוך במי מלח 340 גרם,,,פלפלים חריפים כבושים,גרמים,340.00,100 גרם,false,,7.90,0.0232,true,1,181589
8690550917310,false,ממרח קקאו ואגוזי לוז,,,ממרח קקאו ואגוזי לוז,גרמים,350.00,100 גרם,false,,15.90,0.0454,true,1,185688
8690572778210,false,"שוורצקוף שמפו גליס כוח מופלא, 400 מ""ל",הובי קוסמטיקס,,גליס שמפו כוח מופלא,מיליליטרים,400.00,"100 מ""ל",false,,15.90,3.9750,true,1,137457
8690572778326,false,פה ד.ספרי אנטיפרספינט 200 מל 1/12,שוורצקופף והנקל,,פה דאודרנט ספריי 200,מיליליטרים,200.00,"100 מ""ל",false,,10.90,5.4500,true,1,144148
8690572784303,false,שמפו גליס Gliss לשיער ארוך Supreme Length,שוורצקופף והנקל,,גליס שמפו לאורך מושל,יחידה,0.00,יחידה,false,,0.00,0.0000,true,1,188207
8690572784327,false,מסכה לשיער ארוך עם קצוות מפוצלים Supreme Length,שוורצקופף והנקל,,גליס מסכה לאורך מושל,מיליליטרים,300.00,"100 מ""ל",false,,0.00,0.0000,true,1,189145
8690572784990,false,סאיוס מרכך תמצית קפא,,,סאיוס מרכך תמצית קפא,מיליליטרים,600.00,"100 מ""ל",false,,13.90,2.3167,true,1,151646
8690572785041,false,"סאיוס מרכך אולאו 600 מ""ל",,,סאיוס מרכך קרטין קומ,מיליליטרים,600.00,"100 מ""ל",false,,13.90,2.3167,true,1,151850
8690572785065,false,סאיוס שמפו קרטין קומ,,,סאיוס שמפו קרטין קומ,מיליליטרים,600.00,"100 מ""ל",false,,13.90,2.3167,true,1,151648
8690572785102,false,סאיוס שמפו תמצית קפא,,,סאיוס שמפו תמצית קפא,מיליליטרים,600.00,"100 מ""ל",false,,13.90,2.3167,true,1,151650
8690572785126,false,"סאיוס שמפו טיפוח אינטנסיבי, 600 מ""ל",שוורצקופף והנקל,,סאיוס שמפו אוליו טיפ,מיליליטרים,600.00,"100 מ""ל",false,,13.90,2.3167,true,1,151651
8690572785911,false,סאיוס מרכך לשיער גלי,שוורצקופף והנקל,,סאיוס מרכך לשיער גלי,מיליליטרים,600.00,"100 מ""ל",false,,13.90,2.3167,true,1,157237
8690572785928,false,"סאיוס שמפו לתלתלים 600 מ""ל",שוורצקופף והנקל,,סאיוס שמפו לשיער גלי,מיליליטרים,600.00,"100 מ""ל",false,,13.90,2.3167,true,1,157238
8690572786222,false,מרכך גליס Gliss לשיער ארוך Supreme Length,שוורצקופף והנקל,,גליס מרכך לאורך מושל,יחידה,0.00,יחידה,false,,0.00,0.0000,true,1,188622
8690572788851,false,"גליס - שמפו ביו טק 400 מ""ל",שוורצקופף והנקל,,גליס שמפו ביוטק 400,יחידה,0.00,יחידה,false,,0.00,0.0000,true,1,192689
8690572794692,false,"גליס - שמפו לאיזון והזנת הקרקפת 400 מ""ל","הובי קוסמטיק, חברת ייצור",,שמפו גליס לאיזון והז,יחידה,0.00,יחידה,false,,0.00,0.0000,true,1,198907
8690579140591,false,פסטה פוזילי 500ג' ברילה,,,ברילה ספגטי פוזלי 50,גרמים,500.00,100 גרם,false,,0.00,0.0000,true,1,188632
8690579140652,false,פסטה פרפלה 500ג' ברילה,,,ברילה ספגטי פרפלי 50,גרמים,500.00,100 גרם,false,,0.00,0.0000,true,1,188634
8690579991117,false,ברילה ספגטי מס 5 ספגטיני 500 גרם,,,ברילה ספגטי מס' 5,יחידה,0.00,יחידה,false,,6.04,0.0000,true,1,186697
8690579991346,false,ברילה ספגטי 500 גרם,,,ברילה ספגטי 500 גרם,גרמים,500.00,100 גרם,false,,0.00,0.0000,true,1,188636
8690612402013,false,אפונה ירוקה,,,אפונה ירוקה,יחידה,0.00,יחידה,false,,6.90,0.0000,true,1,176641
8690612403812,false,"פוטטו 2.5 ק""ג",,,"פוטטו 2.5 ק""ג",קילוגרמים,2.50,"ק""ג",false,,39.90,15.9600,true,1,176648
8690612415822,false,"פוטטו 1 ק""ג",,,"פוטטו 1 ק""ג",גרמים,1000.00,100 גרם,false,,19.90,0.0199,true,1,176643
8690612417901,false,"צ'יפס פראיתס 1 ק""ג",,,"צ'יפס 1 ק""ג",גרמים,1000.00,100 גרם,false,,17.90,0.0179,true,1,176650
8690612420062,false,גרעיני תירס,,,גרעיני תירס,יחידה,0.00,יחידה,false,,6.90,0.0000,true,1,176642
8690612421014,false,לקט ירקות מעורבים,,,לקט ירקות מעורבים,יחידה,0.00,יחידה,false,,6.90,0.0000,true,1,176644
8690612470999,false,דובדבן חמוץ 350ג',,,דובדבן חמוץ,יחידה,0.00,יחידה,false,,22.90,0.0000,true,1,176645
8690612479060,false,אוכמניות שחורות,,,אוכמניות שחורות,יחידה,0.00,יחידה,false,,22.90,0.0000,true,1,176647
8690637007705,false,מסטיגם וניל מסטיק על מקל ללא סוכר,"מיוצר ע""י יוניליוור",,מסטיגם 81 גרם,יחידה,0.00,יחידה,false,,6.90,0.0000,true,1,173757
8690637073373,false,תה שחור ברגמוט ארל גריי ליפטון 25 יחידות,יונילוור - תורכיה,,תה ארל גריי בטעם ברג,יחידה,25.00,יחידה,false,,9.00,0.3600,true,1,59165
8690637073434,false,תה ליפטון ארל גריי 100 שקיקים,ליפטון Lipton,,תה ליפטון ארל גריי 1,גרמים,200.00,100 גרם,false,,28.00,0.1400,true,1,59662
8690637073496,false,חליטת ליפטון קמומיל20שק',יונילוור - תורכיה,,חליטות תה - קמומיל 3,יחידה,0.00,יחידה,false,,13.00,0.0000,true,1,162912
8690637555084,false,"מרכך כביסה מרוכז אקסטרה פריחת התפוז בדין 960 מ""ל",יוניליוור סנאיי וי טיקאר,,בדין אקסטרה לבן 960,מיליליטרים,960.00,"100 מ""ל",false,,15.00,1.5625,true,1,59467
8690637688195,false,"תה ירוק קלאסי ליפטון 20 יחידות בד""צ",יונילוור - תורכיה,,ליפטון תה ירוק מעטפו,יחידה,20.00,יחידה,false,,19.00,0.9500,true,1,101569
8690637688218,false,ליפטון תה ירוק מעטפות לימון,יוניליוור,,ליפטון תה ירוק מעטפו,יחידה,20.00,יחידה,false,,19.00,0.9500,true,1,101570
8690637704277,false,"שמפו ומרכך לשיער רגיל 600 מ""ל דאב",יונילוור - תורכיה,,דאב שמפו יום יומי 2ב,מיליליטרים,600.00,"100 מ""ל",false,,20.00,3.3333,true,1,108203
8690637704291,false,שמפו לשיקום אינטנסיבי לשיער פגום,יוניליוור טורקיה. אז,,"דאב שמפו משקם 600 מ""",מיליליטרים,600.00,"100 מ""ל",false,,20.00,3.3333,true,1,108204
8690637704376,false,"שמפו לטיפוח יום יומי דאב 600 מ""ל",יוניליוור סנאיי וי טיקאר,,דאב שמפו יום יומי 60,מיליליטרים,600.00,"100 מ""ל",false,,20.00,3.3333,true,1,108205
8690637704390,false,"מרכך שיער לטיפוח יום יומי דאב 600 מ""ל",יוניליוור טורקיה. אז,,דאב מרכך יום יומי 60,מיליליטרים,600.00,"100 מ""ל",false,,20.00,3.3333,true,1,108206
8690637704413,false,מרכך לשיקום אינטנסיבי לשיער פגום,יוניליוור טורקיה. אז,,"דאב מרכך משקם 600 מ""",מיליליטרים,600.00,"100 מ""ל",false,,20.00,3.3333,true,1,108568
8690637704437,false,שמפו עם שמני הזנה לטיפוח לשיער יבש,יוניליוור סנאיי וי טיקאר,,דאב שמפו שמני הזנה 6,מיליליטרים,600.00,"100 מ""ל",false,,20.00,3.3333,true,1,108207
8690637704451,false,מרכך עם שמני הזנה לטיפוח לשיער יבש,יוניליוור טורקיה. אז,,דאב מרכך שמני הזנה 6,מיליליטרים,600.00,"100 מ""ל",false,,20.00,3.3333,true,1,108569
8690637704475,false,דאב שמפו נגד קשקשים 600 מל,יוניליוור סנאיי וי טיקאר,,דאב שמפו נגד קשקשים,מיליליטרים,600.00,"100 מ""ל",false,,20.00,3.3333,true,1,108208
8690637799587,false,ליפטון תה ירוק ברגמוט 30X12גר,יונילוור - תורכיה,,ליפטון תה ירוק ארל ג,יחידה,20.00,יחידה,false,,16.90,0.8450,true,1,135591
8690637799594,false,תה ירוק ליפטון נענע בסגנון מרוקאי 20יח',בסן בסין סנאיי וי טי,,ליפטון תה ירוק נענע,יחידה,0.00,יחידה,false,,19.00,0.0000,true,1,136094
8690637799853,false,מאגדת מגנום דאבל קרמל יח,שטראוס,,מיני מגנום דאבל קרמל,יחידה,0.00,יחידה,false,,26.30,0.0000,true,1,142678
8690637835643,false,"תה ירוק לימונית ולאויזה 30 גרם ""ליפטון""",יונילוור - תורכיה,,ליפטון תה ירוק לואיז,יחידה,0.00,יחידה,false,,19.00,0.0000,true,1,147470
8690637858734,false,ג'ל לניקוי כללי בתוספת אקונומיקה בניחוח לימון,סיף פנטסטיק Cif Fantastic,,סיף ג'ל אקונומיקה לי,מיליליטרים,750.00,"100 מ""ל",false,,12.90,1.7200,true,1,156850
8690637858758,false,ג'ל לניקוי כללי בתוספת אקונומיקה בניחוח אורנים,סיף פנטסטיק Cif Fantastic,,סיף ג'ל אקונומיקה או,מיליליטרים,750.00,"100 מ""ל",false,,12.90,1.7200,true,1,156844
8690637865589,false,"דאב תרחיץ ידיים בניחוח מלפפונים ותה ירוק 500 מ""ל",General,,דאב תרחיץ ידיים בניח,מיליליטרים,500.00,"100 מ""ל",false,,19.90,3.9800,true,1,177122
8690637865596,false,תחליב רחצה לניקוי וטיפוח עור הידיים,קוסטר אירוסול ולף סנ,,דאב תרחיץ ידיים 500,מיליליטרים,500.00,"100 מ""ל",false,,19.90,3.9800,true,1,177123
8690637866753,false,"בדין מרכך כביסה מרוכז אקסטרה סגול 960 מ""ל",יונילוור - תורכיה,,בדין אקסטרא לבנדר 96,מיליליטרים,960.00,"100 מ""ל",false,,15.00,1.5625,true,1,160249
8690637871061,false,"דאב שמפו עם שמן אבוקדו ותמצית קלנדולה 600 מ""ל",יונילוור - תורכיה,,דאב שמפו אבוקדו600,מיליליטרים,600.00,"100 מ""ל",false,,20.00,3.3333,true,1,162276
8690637871078,false,מיונז צילי הלמנס 235,,,הלמנס מיונז צ'ילי 23,גרמים,235.00,100 גרם,false,,14.90,0.0634,true,1,184727
8690637871085,false,הלמנ'ס רוטב ברביקיו 285 גרם,יוניליוור,,הלמנס רוטב ברביקיו 2,גרמים,285.00,100 גרם,false,,14.90,0.0523,true,1,179758
8690637871092,false,רוטב הלמנס מיונז ושו,אפפילד איסטנבול ייצו,,הלמנס מיוניז שום 235,גרמים,235.00,100 גרם,false,,14.90,0.0634,true,1,184728
8690637871108,false,הלמנ'ס ממרח חרדל 250 גרם,יוניליוור,,הלמנס חרדל 250 גרם,גרמים,250.00,100 גרם,false,,14.90,0.0596,true,1,179759
8690637871245,false,הלמנס מיונז אמיתי 395 גר' בקבוק לחיץ.,"בסטפוד - 3P ארה""ב Fo",,הלמנס לחיץ מיונז 375,גרמים,375.00,100 גרם,false,,16.00,0.0427,true,1,178421
8690637879395,false,מגנום דאבל פיסטוק 72 גרם,יוניליוור סנאי ןי טי,,מגנום דאבל פיסטוק,יחידה,0.00,יחידה,false,,11.90,0.0000,true,1,178299
8690637916991,false,מרכך דאב עם שמן אבוקדו ותמצית קלנדולה600,יונילוור - תורכיה,,דאב מרכך עם שמן אבוק,מיליליטרים,600.00,"100 מ""ל",false,,20.00,3.3333,true,1,179104
8690637919398,false,דאב מרכך עם מים מיסלרים 600 מל,יוניליוור סנאיי וי טיקאר,,דאב מרכך מיסלרים 600,מיליליטרים,600.00,"100 מ""ל",false,,16.90,2.8167,true,1,184569
8690637935701,false,"מרכך כביסה אקסטרה פריחת הדובדבן ושקדים 960 מ""ל בדין",יוניליוור סנאיי וי טיקאר,,בדין אקסטרה דובדבן ש,מיליליטרים,960.00,"100 מ""ל",false,,14.90,1.5521,true,1,184580
8690637946318,false,"מרכך כביסה בדין מרוכז אקסטרה בייבי טלק 960 מ""ל",יוניליוור סנאיי וי טיקאר,,בדין אקסטרא בייבי צה,מיליליטרים,960.00,"100 מ""ל",false,,15.00,1.5625,true,1,186834
8690637974915,false,דאב מרכך עם תמצית לוטוס ורוד ומי אורז600,יונילוור - תורכיה,,"דאבמרכך לוטוס 600 מ""",מיליליטרים,600.00,"100 מ""ל",false,,0.00,0.0000,true,1,189867
8690705031113,false,ציקילופ מרשמילו 240,,,ציקילופ מרשמילו 240,גרמים,240.00,100 גרם,false,,6.90,0.0288,true,1,160886
8690705105302,false,פרינס בסקוויט סנדווי,,,פרינס בסקוויט סנדווי,יחידה,0.00,יחידה,false,,16.90,0.0000,true,1,118609
8690705159060,false,חטיף קוליקשן 1 ק''ג,,,חטיף קוליקשן 1 ק''ג,קילוגרמים,1.00,"ק""ג",false,,0.00,0.0000,true,1,188071
8690705512711,false,עוגת שוקו ליפס שוקול,,,עוגת שוקו ליפס שוקול,יחידה,0.00,יחידה,false,,24.90,0.0000,true,1,118622
8690734006830,false,ספוגי קרצוף סקוטש ברייט 9 יח,3M קנדה,,ספוגי קרצוף קשיחים י,יחידה,9.00,יחידה,false,,14.90,1.6556,true,1,107086
8690734355013,false,זוג ספוגים קרצוף בניחות תפוח,3m,,זוג ספוגי קרצוף בניח,יחידה,0.00,יחידה,false,,13.90,0.0000,true,1,179127
8690758981021,false,צמר גפן מכותנה טבעית,,,אסותא צמר גפן כותנה,יחידה,0.00,יחידה,false,,4.90,0.0000,true,1,154021
8690777206051,false,חציל קלוי על האש סרה ויליפוד 650 גרם,קוראהן פזלרמה וי דיס,,חציל קלוי על האש 650,גרמים,650.00,100 גרם,false,,11.00,0.0169,true,1,70804
8690777221405,false,פלפל אדום קלוי סרה ויליפוד 650 גרם,קוראהן פזלרמה וי דיס,,פלפל אדום קלוי על הא,גרמים,650.00,100 גרם,false,,11.00,0.0169,true,1,70805
8690784611442,false,סבון מוצק לניקוי אסלה בניחוח הדרים בתוספת אקונומיקה,דאופלור אס פי אי כונ,,דאק סבון אקטיבי לניק,יחידה,0.00,יחידה,false,,6.90,0.0000,true,1,182748
8690784614559,false,דאק סבון אקטיבי לניק,דאופלור אס פי אי כונ,,דאק סבון אקטיבי לניק,יחידה,0.00,יחידה,false,,6.90,0.0000,true,1,173773
8690784614771,false,דאק כדוריות ניקוי אסלה בניחוח רענן,דאופלור אס.פי.אי כונ,,דאק סבון אקטיבי לניק,יחידה,0.00,יחידה,false,,6.90,0.0000,true,1,173774
8690784614993,false,דאק סבון ניקוי אסלה בניחות פריחה הדרים,דאופלור אס פי אי כונ,,דאק סבון אקטיבי לניק,יחידה,0.00,יחידה,false,,6.90,0.0000,true,1,173776
8691066106014,false,גלילי וופל במילוי שוקולד גרייב 24 יח' TIME,,,מארז חטיפי קרפ 24 יח,יחידה,24.00,יחידה,false,,23.00,0.9583,true,1,69091
8691066111124,false,וופלים ממולאים קרם קקאו ואגוזים 24 יח' SUPERROOL,,,חטיפי סופר רול 24 יח,יחידה,24.00,יחידה,false,,19.90,0.8292,true,1,69615
8691066111612,false,קופסה גלילי וופל במילוי קרם אגוזים וקקאו 400 ג' TIME,,,ביסקוויט רול 400 גר,גרמים,400.00,100 גרם,false,,15.90,0.0398,true,1,74944
8691066112329,false,ביסקוויט מצופה קקאו 48 יח' hay hay,,,חטיפים האי האי 48 יח,יחידה,48.00,יחידה,false,,20.00,0.4167,true,1,69092
8691066170015,false,קופסה גליליות וופל במילוי קרם בטעם שוקלד 400 ג' TIME,,,גליליות וופל במילוי,גרמים,400.00,100 גרם,false,,15.90,0.0398,true,1,185337
8691066234625,false,מיני ביסקוויט סנדוויץ מילוי וניל 24 יח' HEYO,,,ביסקוויט סנדוויץ במי,יחידה,0.00,יחידה,false,,9.90,0.0000,true,1,146009
8691066525129,false,שקית מיני וופל במילוי קרם בטעם שוקולד 40 יח' gofrette,,,מיני שוקולד שקית 40,יחידה,0.00,יחידה,false,,17.90,0.0000,true,1,155979
8691066535029,false,וופל במילוי קרם בטעם שוקולד 800 ג' WAW,,,וופל במילוי קרם בטעם,גרמים,800.00,100 גרם,false,,16.90,0.0211,true,1,144326
8691066563022,false,מיני ביסקוויט קוקוס 24 יח' GOFRET,,,וופל בציפוי קקאו וקו,גרמים,312.00,100 גרם,false,,9.90,0.0317,true,1,144327
8691066564029,false,ביסקוויט קוקוס 24 יח' GOFRET,,,מיני גופרת ציפוי אגו,יחידה,0.00,יחידה,false,,9.90,0.0000,true,1,172968
8691066572024,false,וופל במילוי קרם ובציפוי שוקלד חלב 24 יח' BRITTLE,,,פריתל-וופל במילוי קר,יחידה,0.00,יחידה,false,,24.90,0.0000,true,1,181168
8691573003172,false,תרכיז עגבניות ביתי 8,,,תרכיז עגבניות ביתי 8,גרמים,860.00,100 גרם,false,,19.90,0.0231,true,1,154829
8691582990432,false,מבשם אוויר (לבנדר),,,מבשם אוויר (לבנדר),יחידה,0.00,יחידה,false,,0.00,0.0000,true,1,192686
8691707036014,false,ממתק אוזמו ביצת הפתע,,,אוזמו ביצים 20 גרם,יחידה,0.00,יחידה,false,,2.90,0.0000,true,1,179525
8691707087962,false,אוזמו דובי על מקל 23,,,אוזמו בובה,יחידה,0.00,יחידה,false,,2.50,0.0000,true,1,184261
8691707096476,false,ביסקולטה טריא אגוזים 100 ג',,,ביסקולטה טריא אגוזים,גרמים,100.00,100 גרם,false,,8.90,0.0890,true,1,173810
8691707140025,false,ביסקולטה מקלות קוקוס,,,ביסקולטה מקלות קוקוס,יחידה,0.00,יחידה,false,,3.90,0.0000,true,1,173811
8691707140032,false,ביסקולטה מקלות אגוזי,,,ביסקולטה מקלות אגוזי,יחידה,0.00,יחידה,false,,3.90,0.0000,true,1,173812
8691707190471,false,אוזמו ספייס כדורים 3,,,אוזמו ספייס כדורים 3,גרמים,325.00,100 גרם,false,,10.90,0.0335,true,1,173789
8691707190488,false,אוזמו ספייס פתיתים 3,,,אוזמו ספייס פתיתים 3,גרמים,325.00,100 גרם,false,,10.90,0.0335,true,1,173795
8691707196107,false,ביסקולטה דיומקס מלקי 44ג',,,ביסקולטה דיומקס מלקי,יחידה,0.00,יחידה,false,,21.90,0.0000,true,1,173798
8691707590042,false,אוזמו טילון רביעייה,,,אוזמו טילון,יחידה,0.00,יחידה,false,,6.90,0.0000,true,1,173826
8691720001242,false,עוגיות פינגר 630 גרם אני,אני ביסקובי גידה,,בסקוויט פינגר אני 78,גרמים,780.00,100 גרם,false,,8.90,0.0114,true,1,118569
8692383105452,false,חלוק רחצה,,,חלוק רחצה,יחידה,0.00,יחידה,false,,0.00,0.0000,true,1,188535
8692952055454,false,EMPIRE סט 6 גביע יין,,,EMPIRE סט 6 גביע יין,יחידה,0.00,יחידה,false,,49.90,0.0000,true,1,178631
8692952101168,false,סט 6 ספל קפוצינו 22,,,סט 6 ספל קפוצינו 22,יחידה,0.00,יחידה,false,,49.90,0.0000,true,1,185501
8692952102707,false,מאג (6) 150 מל זכוכי,,,מאג (6) 150 מל זכוכי,יחידה,0.00,יחידה,false,,0.00,0.0000,true,1,187435
8692952202216,false,קוס ויסקי (6() 625 מ,,,קוס ויסקי (6() 625 מ,יחידה,0.00,יחידה,false,,0.00,0.0000,true,1,187436
8693323084028,false,סוכ.ממולאות טעם פירות220,סאדאט,,יוגטה קוביות חמוצות,גרמים,220.00,100 גרם,false,,7.90,0.0359,true,1,151900
8693323085100,false,גומי יוגטה שטיחים חמוצים טעם פירות 100 ג,יוגטה yogueta,,יוגטה שטיחים חמוצים,גרמים,100.00,100 גרם,false,,7.90,0.0790,true,1,162551
8693323086107,false,מקלות חמוצים יוגטה 80 גר',סאדאט,,יוגטה מקלות חמוצים ב,יחידה,0.00,יחידה,false,,7.90,0.0000,true,1,162552
8693323087104,false,גומי שטיח יוגטה צורו,,,יוגטה שטיחים חמוצים,גרמים,100.00,100 גרם,false,,7.90,0.0790,true,1,162553
8693495037853,false,זוג מברשות שיניים קולגייט סלים סופט זהב,הנסיך- מפעל לייצור ט,,קולגייט מברשות סלים,יחידה,2.00,יחידה,false,,29.90,14.9500,true,1,87263
8693495039420,false,פלמוליב ספא גורמה תות500,קולגייט-פלמוליב,,פלמוליב תחליב רחצה ס,מיליליטרים,500.00,"100 מ""ל",false,,15.90,3.1800,true,1,180690
8693495041461,false,קולגייט זוג מברשות שיניים סלים סופט פחם,הנסיך- מפעל לייצור ט,,קולגייט מברשת סלים ס,יחידה,2.00,יחידה,false,,29.90,14.9500,true,1,100673
8693495050333,false,"פלמוליב סבון נוזלי לגבר לימון ירוק 500 מ""ל",קולגייט-פלמוליב,,פלמוליב סבון נוזלי ל,מיליליטרים,500.00,"100 מ""ל",false,,15.90,3.1800,true,1,146996
8693495051002,false,קולגייט מברשת שיניים מיניונים 6+ לילדים,קולגייט פלמוליב,,קולגייט מברשת ילדים,יחידה,1.00,יחידה,false,,13.90,13.9000,true,1,148056
8693495052177,false,פלמוליב נטורלס תחליב רחצה זיתים 750 מל,קולגייט פלמוליב,,"פלמוליב זיתים 750 מ""",מיליליטרים,750.00,"100 מ""ל",false,,15.90,2.1200,true,1,151543
8693495052238,false,פלמוליב סבון נוזלי א,הנסיך- מפעל לייצור ט,,פלמולייב אבטיח 750 מ,מיליליטרים,750.00,"100 מ""ל",false,,15.90,2.1200,true,1,156943
8693609131866,false,"קרש גיהוץ 120/38 ס""מ",,,"קרש גיהוץ 120/38 ס""מ",יחידה,0.00,יחידה,false,,0.00,0.0000,true,1,187708
8693855000152,false,פרשר משקה בטעם תות 2,,,פרשר משקה בטעם תות 2,מיליליטרים,250.00,"100 מ""ל",false,,5.00,2.0000,true,1,100412
8693855004433,false,"פרישר סודה מארז שישיה * 200 מ""ל",,,פרישר סודה שישייה 20,מיליליטרים,200.00,"100 מ""ל",false,,10.90,5.4500,true,1,182927
8693855004570,false,פרשר בטעם אבטיח תות,,,פרשר בטעם אבטיח תות,מיליליטרים,250.00,"100 מ""ל",false,,10.90,4.3600,true,1,100403
8693855004846,false,פרשר בטעם תות שישייה,,,פרשר בטעם תות שישייה,מיליליטרים,250.00,"100 מ""ל",false,,10.90,4.3600,true,1,100407
8693855004877,false,"פרישר תפוח 250 מ""ל מארז שישייה",,,פרשר בטעמים שישייה 2,מיליליטרים,250.00,"100 מ""ל",false,,10.90,4.3600,true,1,112965
8693855005287,false,פרשר בטעם ענבים שישי,,,פרשר בטעם ענבים שישי,מיליליטרים,250.00,"100 מ""ל",false,,10.90,4.3600,true,1,112969
8693855005966,false,"פרישר לימון נענע 250 מ""ל",,,פרישר לימון מנטה 25,מיליליטרים,250.00,"100 מ""ל",false,,5.00,2.0000,true,1,168824
8693855006635,false,"פרישר מנטה 200 מ""ל מארז שישייה",,,שישיית פרישר מנטה 20,מיליליטרים,200.00,"100 מ""ל",false,,0.00,0.0000,true,1,187403
8694732009275,false,סבון לאסלה אסותא בני,,,אסותא סבון לאסלה בני,יחידה,0.00,יחידה,false,,9.90,0.0000,true,1,183790
8695122001176,false,מברשת לכיור ואמבטיה,,,מברשת רחבה עם ידית,יחידה,0.00,יחידה,false,,12.00,0.0000,true,1,185604
8696219331350,false,כף אשפה תורכי,,,כף אשפה תורכי,יחידה,0.00,יחידה,false,,5.90,0.0000,true,1,185607
8696219358975,false,קופסת אחסון פרש בוקס,,,קופסת אחסון פרש בוקס,יחידה,0.00,יחידה,false,,7.90,0.0000,true,1,178242
8696219358982,false,קופסא דגם פרש 0.8 לי,,,קופסא דגם פרש 0.8 לי,יחידה,0.00,יחידה,false,,0.00,0.0000,true,1,192658
8696219361302,false,"סט 3 קופסאות מלבניות 0.4,0.8,2.6 ליטור",,,סט אחסון מלבן 3 יחיד,יחידה,0.00,יחידה,false,,19.90,0.0000,true,1,150562
8696219363603,false,קופסא דגם פרש 0.25 ל,,,קופסא דגם פרש 0.25 ל,יחידה,0.00,יחידה,false,,0.00,0.0000,true,1,189103
8696219363627,false,קופסת אכסון עגולה 0.,IRAK PLASTIC,,"קופסת אחסון 860 מ""ל",יחידה,0.00,יחידה,false,,7.90,0.0000,true,1,178256
8696219363672,false,פרש בוקס מלבן עם תופ,,,פרש בוקס מלבן עם תופ,יחידה,0.00,יחידה,false,,7.90,0.0000,true,1,178238
8696219364921,false,קופסא מחולקת הרמטי ק,,,קופסא מחולקת הרמטי ק,יחידה,0.00,יחידה,false,,0.00,0.0000,true,1,198902
8696219368806,false,קרש חיתוך עגבניה,,,קרש חיתוך עגבניה,יחידה,0.00,יחידה,false,,19.90,0.0000,true,1,157119
8696219376351,false,קרש חיתוך הצורת אבטי,IRAK PLASTIC,,קרש חיתוך אבטיח,יחידה,0.00,יחידה,false,,19.90,0.0000,true,1,157121
8696219381690,false,קופסא עגולה עם מסננת,IRAK PLASTIC,,חמוצון גדול,יחידה,0.00,יחידה,false,,15.90,0.0000,true,1,168455
8696287303310,false,קופסה דגם LOOK עמוק,,,קופסה דגם LOOK עמוק,יחידה,0.00,יחידה,false,,12.00,0.0000,true,1,180799
8697040108975,false,אסותא סבון נוזלי להיגיינה אישית 1/12,,,אסותא סבון נוזלי להי,יחידה,0.00,יחידה,false,,19.90,0.0000,true,1,139472
8697040109323,false,אסותא סבון מוצק להיגיינה,אטש סונמז כימיה,,סבון אסותא 100 גרם,גרמים,100.00,100 גרם,false,,5.00,0.0500,true,1,116115
8697040109804,false,"אסותא ס.נ 500 מ""ל *3",,,"אסותא ס.נ 500 מ""ל *3",יחידה,0.00,יחידה,false,,0.00,0.0000,true,1,187454
8697040109828,false,"אסותא ס.נ 500 מ""ל *3",,,"אסותא ס.נ 500 מ""ל *3",יחידה,0.00,יחידה,false,,0.00,0.0000,true,1,187455
8697040109835,false,"אסותא ס.נ 500 מ""ל *3",,,"אסותא ס.נ 500 מ""ל *3",יחידה,0.00,יחידה,false,,0.00,0.0000,true,1,187456
8697040109903,false,אסותא גל רחצה אלוורה,,,אסותא קר ג'ל רחצה אל,יחידה,0.00,יחידה,false,,0.00,0.0000,true,1,188570
8697040109910,false,אסותא קר ג'ל רחצה פי,,,אסותא קר ג'ל רחצה פי,יחידה,0.00,יחידה,false,,0.00,0.0000,true,1,187458
8697040109934,false,אסותא גל רחצה קוקוס,,,אסותא קר ג'ל רחצה 70,יחידה,0.00,יחידה,false,,0.00,0.0000,true,1,187459
8697418280333,false,שערות קדאיף מיובשות 500 גרם,פרינסיס און וה אונלו,,שערות קדאיף יבש 500,גרמים,500.00,100 גרם,false,,21.90,0.0438,true,1,185751
8697422931177,false,סוכריות סוראי מנטה 7,,,סוכריות סוראי מנטה 7,גרמים,700.00,100 גרם,false,,9.90,0.0141,true,1,184207
8697422933287,false,סוכריות סוראי חלב 70,,,סוכריות סוראי חלב 70,גרמים,700.00,100 גרם,false,,9.90,0.0141,true,1,184543
8697422935052,false,טופי קרמל סוראי 700,,,טופי קרמל סוראי 700,גרמים,700.00,100 גרם,false,,9.90,0.0141,true,1,184215
8697422937155,false,טופי חלב סוראי 700,,,טופי חלב סוראי 700,גרמים,700.00,100 גרם,false,,9.90,0.0141,true,1,184216
8697431460064,false,קונפיטורה משמש 70% פרי פרופה 454 גר',פרוטנגו Fruitango,,קונפיטורה 70% משמש,גרמים,450.00,100 גרם,false,,17.90,0.0398,true,1,58447
8697435181200,false,מתקן כביסה סטאר כסוף,,,מתלה כביסה מתכת,יחידה,0.00,יחידה,false,,49.90,0.0000,true,1,176591
8697436999286,false,נייר מגבת שישייה פלי,,,נייר מגבת שישייה פלי,יחידה,0.00,יחידה,false,,16.90,0.0000,true,1,182932
8697465212219,false,ריבת מעדן תות 35% פר,BAAECO,,ריבת מעדן תות 35% פר,גרמים,300.00,100 גרם,false,,7.90,0.0263,true,1,181590
8697465212226,false,ריבת מעדן דובדבנים 3,BAAECO,,ריבת מעדן דודבנים 35,גרמים,300.00,100 גרם,false,,7.90,0.0263,true,1,181591
8697465212233,false,ריבת מעדן משמש 35% פ,BAAECO,,ריבת מעדן משמש 35%,גרמים,300.00,100 גרם,false,,7.90,0.0263,true,1,181592
8697512610036,false,רדיד אלומיניום תעשית,,,רדיד אלומיניום תעשית,יחידה,0.00,יחידה,false,,10.90,0.0000,true,1,75015
8697633822189,false,סל כביסה מלבן צבעוני,,,סל כביסה מלבן צבעוני,יחידה,0.00,יחידה,false,,25.00,0.0000,true,1,180798
8697633823735,false,סט קופסאות שלישייה מ,,,סט קופסאות שלישייה מ,יחידה,0.00,יחידה,false,,10.00,0.0000,true,1,177419
8697659222055,false,דאו ספריי לאישה גי',,,דאו ספריי לאישה גי',מיליליטרים,200.00,"100 מ""ל",false,,10.00,5.0000,true,1,123169
8697659225186,false,"מטהר אוויר משב הכותנה יעקבי 250 מ""ל",כפרי בריא,,יעקבי מטהר אוויר משב,יחידה,0.00,יחידה,false,,12.90,0.0000,true,1,145675
8697659225193,false,מטהר אויר לבנדר פירו,אטקה,,יעקבי מטהר אוויר פיר,יחידה,0.00,יחידה,false,,12.90,0.0000,true,1,145677
8697659232733,false,"מבשם אריגים פרש כותנה יעקובי 425מ""ל",יעקובי,,יעקבי מבשם אריגים פר,מיליליטרים,425.00,"100 מ""ל",false,,12.90,3.0353,true,1,167690
8697659232757,false,"מבשם אריגים -לבנדר 425מ""ל",יעקובי,,יעקבי מבשם אריגים לב,מיליליטרים,425.00,"100 מ""ל",false,,12.90,3.0353,true,1,167691
8697659232788,false,"פרש& מור מבשם אריגים קצפת ותות שדה 425 מ""ל",יעקובי,,יעקבי מבשם אריגים קצ,מיליליטרים,425.00,"100 מ""ל",false,,12.90,3.0353,true,1,180782
8697659234195,false,דיסני שמפו ומרכך ארי,,,דיסני שמפו ומרכך ארי,מיליליטרים,600.00,"100 מ""ל",false,,17.90,2.9833,true,1,181181
8697659234249,false,"דיסני שמפו מיני מאוס 600מ""ל",,,דיסני שמפו מיני מאוס,מיליליטרים,600.00,"100 מ""ל",false,,17.90,2.9833,true,1,181178
8697659238148,false,משחת שיניים לילדים ס,,,משחת שיניים לילדים ס,יחידה,0.00,יחידה,false,,9.90,0.0000,true,1,181153
8697659238155,false,"משחת שיניים לילדים מלך האריות לגיל 2-6שנים 50מ""ל",,,משחת שיניים לילדים מ,יחידה,0.00,יחידה,false,,9.90,0.0000,true,1,181154
8697659238537,false,דיסני אל סבון נוזלי,,,דיסני אל סבון נוזלי,יחידה,0.00,יחידה,false,,0.00,0.0000,true,1,188391
8697659238544,false,"דיסני אל סבון נוזלי מיני מאוס 400 מ""ל",,,דיסני אל סבון נוזלי,יחידה,0.00,יחידה,false,,0.00,0.0000,true,1,188392
8697659238551,false,"דיסני אל סבון נוזלי פרוזן 400 מ""ל",,,דיסני אל סבון נוזלי,יחידה,0.00,יחידה,false,,0.00,0.0000,true,1,188962
8697728790232,false,סט צנצנות בינוני,,,סט צנצנות בינוני,יחידה,0.00,יחידה,false,,15.00,0.0000,true,1,156626
8697826469092,false,טורטיה קטנה שקדיה 540 גרם 12 יחידות,דין שיווק,,טורטיות 8 יח 365 גרם,גרמים,365.00,100 גרם,false,,10.20,0.0279,true,1,101316
8697853095608,false,סט 4 קופסאות מרובע,,,סט 4 קופסאות מרובע,יחידה,0.00,יחידה,false,,29.90,0.0000,true,1,178334
8697853096148,false,סט 3 קופסאות מלבן 30,,,סט 3 קופסאות מלבן 30,יחידה,0.00,יחידה,false,,0.00,0.0000,true,1,187848
8697853096162,false,סט 3 קופסאות מלבן 60,,,סט 3 קופסאות מלבן 60,יחידה,0.00,יחידה,false,,0.00,0.0000,true,1,189093
8697853096179,false,"סט 3 קופסאות 1200 מ""",,,"סט 3 קופסאות 1200 מ""",יחידה,0.00,יחידה,false,,0.00,0.0000,true,1,187849
8697853096353,false,סט 3 קופסאות הברגה 7,,,סט 3 קופסאות הברגה 7,יחידה,0.00,יחידה,false,,0.00,0.0000,true,1,188957
8697853096438,false,"סט 2 קופסאות 3000 מ""",,,"סט 2 קופסאות 3000 מ""",יחידה,0.00,יחידה,false,,0.00,0.0000,true,1,187850
8697853096445,false,"סט 2 קופסאות 1500 מ""",,,"סט 2 קופסאות 1500 מ""",יחידה,0.00,יחידה,false,,0.00,0.0000,true,1,188505
8697853096452,false,"סט 2 קופסאות2500 מ""ל",,,"סט 2 קופסאות2500 מ""ל",יחידה,0.00,יחידה,false,,0.00,0.0000,true,1,187851
8698313596703,false,עוגת גלידה 800 ג' רויאל,,,עוגת גלידה רואיל 800,מיליליטרים,800.00,"100 מ""ל",false,,17.90,2.2375,true,1,157031
8698532590155,false,כד מים+ כפתור,,,כד מים+ כפתור,יחידה,0.00,יחידה,false,,18.90,0.0000,true,1,185583
8698543340336,false,קערה קירמי אובלי מעו,,,קערה קירמי אובלי מעו,יחידה,0.00,יחידה,false,,50.00,0.0000,true,1,177432
8698683781617,false,מגבוני טישו רכים 120,,,מגבוני טישו רכים 120,יחידה,0.00,יחידה,false,,11.90,0.0000,true,1,141182
8698683781648,false,מגבוני טישו רכים מחו,איברהים האקיתשין,,מגבוני טישו רכים מחו,יחידה,0.00,יחידה,false,,11.90,0.0000,true,1,142817
8698703207738,false,מיכל שקוף מכסה צבעונ,,,מיכל שקוף מכסה צבעונ,יחידה,0.00,יחידה,false,,14.90,0.0000,true,1,156662
8698829380230,false,טורטיה גדול 420 גרם,,,טורטיה גדול 420 גרם,גרמים,420.00,100 גרם,false,,9.90,0.0236,true,1,147422
8699015410069,false,פח דוושה 11 ליטר Mar,,,פח דוושה 11 ליטר Mar,יחידה,0.00,יחידה,false,,49.90,0.0000,true,1,152544
8699038061996,false,בקבוק + קש גדול ירוק,,,בקבוק + קש גדול ירוק,יחידה,0.00,יחידה,false,,10.00,0.0000,true,1,183723
8699038065284,false,בקבוק קטניות זכוכית,,,בקבוק קטניות זכוכית,יחידה,0.00,יחידה,false,,4.90,0.0000,true,1,183697
8699038065291,false,בקבוק קטניות זכוכית,,,בקבוק קטניות זכוכית,יחידה,0.00,יחידה,false,,8.90,0.0000,true,1,183698
8699141057053,false,ממתק ביסקולטה מווד 1,,,ביסקולטה מווד 125 גר,יחידה,0.00,יחידה,false,,6.90,0.0000,true,1,173800
8710103868170,false,אוונט בקבוק פוליפרופילן חלב קלאסי 125 מל,פיליפס אוונט,,אוונט בקבוק פוליפרופ,יחידה,0.00,יחידה,false,,39.90,0.0000,true,1,179665
8710103868583,false,בקבוק קלאסיק אנטי קוליק260ורוד,פיליפס אוונט,,אוונט בקבוק פוליפרופ,יחידה,0.00,יחידה,false,,39.90,0.0000,true,1,179667
8710103868699,false,אוונט בקבוק פוליפרופילן חלבי קלאסי 330 מ,פיליפס אוונט,,אוונט בקבוק פוליפרופ,יחידה,0.00,יחידה,false,,39.90,0.0000,true,1,179668
8710103922582,false,"פיליפס ONE BLADE, מכשיר לעיצוב וגילוח 30 דקות פעולה",פיליפס-גילוח,,פיליפס וואן בלייד לע,יחידה,0.00,יחידה,false,,0.00,0.0000,true,1,193215
8710447211052,false,טרזמה בוטניק שמפו להזנה ושיקום 400 מל,יוניליוור פולין,,TRESEMME שמפו בוטניק,מיליליטרים,400.00,"100 מ""ל",false,,24.90,6.2250,true,1,173363
8710447224175,false,"שמפו טרזמה משקם בתוספת ביוטין 400 מ""ל","יוניליוור פולין, רחוב קר",,TRESEMME שמפו משקם ב,מיליליטרים,400.00,"100 מ""ל",false,,24.90,6.2250,true,1,176267
8710447224205,false,"מרכך טרזמה משקם בתוספת ביוטין 400 מ""ל",יוניליוור פולין,,TRESEMME שמפו בוטניק,מיליליטרים,400.00,"100 מ""ל",false,,0.00,0.0000,true,1,188562
8710447224311,false,מרכך בוטניק בתוספת שמן קוקוס ואלוורה,יוניליוור פולין,,TRESEMME מרכך בוטניק,מיליליטרים,400.00,"100 מ""ל",false,,24.90,6.2250,true,1,173364
8710447224342,false,טרזמה שמפו עם קרטין 400 מל,"יוניליוור פולין, רחוב קר",,TRESEMME שמפו קרטין,מיליליטרים,400.00,"100 מ""ל",false,,24.90,6.2250,true,1,173360
8710447224366,false,טרזמה מרכך קרטין לשיער 400 מל,"יוניליוור פולין, רחוב קר",,TRESEMME מרכך קרטין,מיליליטרים,400.00,"100 מ""ל",false,,24.90,6.2250,true,1,173365
8710447275306,false,דאב קרם ידיים שמן אבוקדו ותמצית קלנדולה,"יוניליוור פולין, רחוב קר",,דאב קרם ידיים אבוקדו,יחידה,0.00,יחידה,false,,14.90,0.0000,true,1,177751
8710447275313,false,דאב קרם ידיים שמן קוקוס וחלב שקדים,"יוניליוור פולין, רחוב קר",,דאב קרם ידיים קוקוס,יחידה,0.00,יחידה,false,,14.90,0.0000,true,1,177752
8710447284117,false,"ג'ל רחצה אקס בלאק 400 מ""ל",יוניליוור גרמניה (בו,,אקס גל רחצה בלאק 400,מיליליטרים,400.00,"100 מ""ל",false,,15.00,3.7500,true,1,155146
8710447320662,false,דאודורנט ספריי בניחוח אפרסק ולימון ללא אלומיניום,"פרמול איטליה, קומון",,דאב דאו ספריי אפרסק,מיליליטרים,150.00,"100 מ""ל",false,,16.90,11.2667,true,1,184574
8710447331095,false,טרזמה בוטניק מסכה לשיער 300 מל,יוניליוור פולין,,TRESEMME מסכה בוטניק,מיליליטרים,300.00,"100 מ""ל",false,,34.90,11.6333,true,1,173369
8710447438497,false,אקס גל רחצה קוליזן 400 מל,"יוניליוור גרמניה, רח",,אקס גיל רחצה לגבר קו,מיליליטרים,400.00,"100 מ""ל",false,,15.00,3.7500,true,1,162268
8710502011894,false,עוגיות מרבה לימון ושוקולד ציפס 225 גרם,"י.מרבה ישראל בע""מ",,עוגיות לימון עם שוקו,גרמים,225.00,100 גרם,false,,9.90,0.0440,true,1,155861
8710502064814,false,עוגיות מרבה שוקולד ציפס במרקם רך 175 גר,בנקטבקריי מרבה בי.וי,,מרבה עוגיות שוקוציפס,גרמים,175.00,100 גרם,false,,9.90,0.0566,true,1,112590
8710502139017,false,עוגיות טריפל שוקולד צ'יפס מרבה 180 גרם,בנקטבקריי מרבה בי.וי,,מרבה טריפל שוקולד צי,גרמים,180.00,100 גרם,false,,9.90,0.0550,true,1,69622
8710502194801,false,"עוגיות שוקלד ציפס רכה פירות יער ""מרבה"" 175 גרם",בנקטבקריי מרבה בי.וי,,מרבה ע.שוקולד ציפס ר,גרמים,175.00,100 גרם,false,,9.90,0.0566,true,1,136634
8710502279010,false,מרבה עוגיות שוקולד צ'יפס מצופות שוקולד 175 גרם,"י.מרבה ישראל בע""מ",,מרבה ע.שוקוציפס מצופ,גרמים,175.00,100 גרם,false,,0.00,0.0000,true,1,189078
8710502309410,false,מרבה חטיפי גרנולה או,,,מרבה חטיפי גרנולה או,יחידה,0.00,יחידה,false,,17.90,0.0000,true,1,180686
8710502309427,false,מרבה חטיפי גרנולה או,,,מרבה חטיפי גרנולה או,יחידה,0.00,יחידה,false,,17.90,0.0000,true,1,180687
8710502405204,false,עוגיות שוקולד צ'יפס עם קרם שוקולד מרבה 175 גרם,קריניציה ויטמינה אס,,מרבה ע.שוקוציפס ממול,גרמים,175.00,100 גרם,false,,9.90,0.0566,true,1,69244
8710502470028,false,עוגיות שוקולד צ'יפס ממולאות בקרם נוגט,קריניציה ויטמינה אס,,מרבה נוגטלי 160 גרם,גרמים,160.00,100 גרם,false,,9.90,0.0619,true,1,68732
8710522397732,false,אקס גל רחצה פרש פורסט400,יוניליוור,,אקס גל רחצה פרש פורס,מיליליטרים,400.00,"100 מ""ל",false,,15.00,3.7500,true,1,180436
8710552274614,false,שמפו קצף לנ.שטיחים וניש קליה גולד 600 מל,קליה וניש Kalia Vanish,,וניש גולד לשטיחים,יחידה,0.00,יחידה,false,,19.90,0.0000,true,1,157099
8710800961310,false,סוכריות בטעם תות מנטוס 4*375 גרם,פרפטי ואן מלה ברדה,,מנטוס 1/4 תות,גרמים,150.00,100 גרם,false,,11.00,0.0733,true,1,58085
8710847860829,false,"רקסונה - דאודורנט רול און לאישה כותנה 50 מ""ל",יוניליוור פארם,,רקסונה רולאון כותנה,יחידה,0.00,יחידה,false,,18.00,0.0000,true,1,181945
8710847860843,false,"רקסונה - דאודורנט רולאון לאישה אינביזיבל 50 מ""ל",יוניליוור אנגליה,,רקסונה רולאון אינביז,יחידה,0.00,יחידה,false,,18.00,0.0000,true,1,181946
8710847892134,false,בדין כדוריות הבושם ורוד 275 גרם,יוניליוור,,בדין כדוריות הבושם ו,גרמים,275.00,100 גרם,false,,37.90,0.1378,true,1,178167
8710847898853,false,רקסונה דאו ספריי אקסטרה קול לגבר,"יוניליוור אנגליה, דרך קו",,רקסונה מן דאודורנט ס,יחידה,0.00,יחידה,false,,0.00,0.0000,true,1,188606
8710847904141,false,רקסונה דאו ספריי מארין לגבר,"יוניליוור אנגליה, דרך קו",,רקסונה מן ספריי מארי,מיליליטרים,150.00,"100 מ""ל",false,,19.90,13.2667,true,1,181958
8710847908439,false,דאו.אקס פרש פורסט 150 מל,יוניליוור אנגליה,,אקס ספריי גוף פרש פו,מיליליטרים,150.00,"100 מ""ל",false,,16.90,11.2667,true,1,180437
8710847908446,false,אקס דאודורנט ספריי בלאק לגבר 150 מל,ארנסט. רחוב קומבינצק,,אקס דאודורנט ספריי ל,מיליליטרים,150.00,"100 מ""ל",false,,16.90,11.2667,true,1,181186
8710847967146,false,דאודורנט דאב ספריי ל,יוניליוור,,דאב דאו ספריי לוטוס,מיליליטרים,150.00,"100 מ""ל",false,,0.00,0.0000,true,1,187342
8710847985041,false,דאב דאו ספריי קקאו 150 מל לאשה,"יוניליוור אנגליה, דרך קו",,דאב דאו ספריי קקאו 1,מיליליטרים,150.00,"100 מ""ל",false,,0.00,0.0000,true,1,187343
8710847995590,false,רקסונה דאודורנט ספריי פרוט ספין 150 מל,"יוניליוור אנגליה, דרך קו",,רקסונה דאו ספריי פרו,יחידה,0.00,יחידה,false,,0.00,0.0000,true,1,189009
8710908404184,false,"דאב דאו ספריי אורגינל 50 מ""ל*-ללא אלומני","פרמול איטליה, קומון",,דאב דאו ספריי אוריגי,מיליליטרים,150.00,"100 מ""ל",false,,16.90,11.2667,true,1,184575
8710908559235,false,דאב ספריי אנטי פריספ,,,דאב ספריי אנטי פריספ,מיליליטרים,150.00,"100 מ""ל",false,,25.90,17.2667,true,1,156847
8710908693809,false,"TRESSEMME מסיכה טיפולית עם קרטין 300מ""ל","יוניליוור פולין, רחוב קר",,TRESEMME מסכה עם קרט,מיליליטרים,300.00,"100 מ""ל",false,,34.90,11.6333,true,1,155158
8710912637493,false,גבינה מעושנת מנות 200 ג' - פריקו,פריזלנד,,שוקחה גבינה מעושנת פ,יחידה,0.00,יחידה,false,,19.90,0.0000,true,1,58455
8711000362570,false,קפסולות קפה תואמות נספרסו פורזה 9 ל'אור 10 יחידות,גיקובס דאו אגברטס צר,,לור אספרסו פורזה,יחידה,0.00,יחידה,false,,16.90,0.0000,true,1,175779
8711000362617,false,לור קפסולות קפה אספרסו לונגו פרופונדו 8,ג'\קובס דאו אגברטס צרפת,,לור אספרסו לונגו פר,יחידה,0.00,יחידה,false,,16.90,0.0000,true,1,175780
8711000362693,false,לור קפסולות קפה אספרסו פפואה 7,"ג'\ייקובס דאו אגרבטס, צר",,לור קפסולות אספרסו פ,יחידה,0.00,יחידה,false,,16.90,0.0000,true,1,178450
8711000371176,false,ג'ייקובס קפסולות קפה אספרסו קלאסיקו עוצמה 7,ג'ייקובס דאו אגברטס צרפת,,ג'ייקובס קפסולות קפה,יחידה,0.00,יחידה,false,,14.90,0.0000,true,1,175774
8711000371183,false,ג'ייקובס קפסולות קפה אספרסו אינטסו עוצמה 10,ג'ייקובס דאו אגברטס צרפת,,ג'ייקובס קפסולות קפה,יחידה,0.00,יחידה,false,,14.90,0.0000,true,1,175775
8711000371206,false,ג'ייקובס קפסולות קפה אספרסו ריסטרטו עוצמה 12,ג'ייקובס דאו אגברטס צרפת,,ג'ייקובס קפסולות קפה,יחידה,0.00,יחידה,false,,14.90,0.0000,true,1,175776
8711000371244,false,"ג'ייקובס קפסולות אספרסו (8) 10 יח', 52ג' לונגו",ג'\ייקובס דאו אגברטס,,גייקובס קפסולות אספר,יחידה,0.00,יחידה,false,,14.90,0.0000,true,1,182660
8711327475663,false,מגנום פיינט וניל שוקולד לבן 260 גרם,"מפעל גלידות בווספרם, רחו",,מגנום פיינט וניל שוק,מיליליטרים,440.00,"100 מ""ל",false,,0.00,0.0000,true,1,193086
8711600656437,false,ג'ל רחצה אקס ספורט 400מ,יוניליוור,,אקס ג'ל רחצה ספורט ב,מיליליטרים,400.00,"100 מ""ל",false,,15.00,3.7500,true,1,76044
8711700665834,false,סבון מוצק Beauty cream bar בניחוח מלפפון ותה ירוק - מארז שישיה,יוניליוור גרמניה (בו,,דאב סבון מוצק מלפפונ,יחידה,6.00,יחידה,false,,19.90,3.3167,true,1,75038
8712000051099,false,"שישיית בירה היינקן 0% אלכוהל בקבוק 330 מ""ל","מבשלת היינקן, ריטבלדנברג",,היינקן ללא אלכהול שי,יחידה,6.00,יחידה,false,,34.90,5.8167,true,1,153399
8712400802499,false,תרכובת מזון המשך לפעוטות על בסיס חלב שלב 1,נוטרישיה קאלק ב. ו.,,נוטרילון 1 800 גרם,גרמים,800.00,100 גרם,false,,69.90,0.0874,true,1,76384
8712400802512,false,תרכובת מזון המשך לפעוטות על בסיס חלב שלב 2,נוטרישיה קאלק ב. ו.,,נוטרילון 2 800 גרם,גרמים,800.00,100 גרם,false,,69.90,0.0874,true,1,76951
8712400802536,false,תרכובת מזון המשך לפעוטות על בסיס חלב שלב 3,נוטרישיה קאלק ב. ו.,,נוטרילון 3 800 גרם,גרמים,800.00,100 גרם,false,,69.90,0.0874,true,1,77877
8712561594608,false,"דאב תחליב רחיצה להזנה עמוקה 750 מ""ל","יוניליוור גרמניה, Gmbh &",,דאב ת.רחצה להזנה עמו,מיליליטרים,750.00,"100 מ""ל",false,,19.90,2.6533,true,1,115036
8712561611411,false,"תחליב רחצה בניחוח מלפפון ותה ירוק דאב 750 מ""ל","יוניליוור גרמניה, Gmbh &",,דאב ת.רחצה תה ירוק ו,יחידה,0.00,יחידה,false,,19.90,0.0000,true,1,115037
8712561626286,false,"תחליב רחצה דאב זוהר כמשי 750 מ""ל",יוניליוור גרמניה (בו,,דאב ת.רחצה זוהר כמשי,מיליליטרים,750.00,"100 מ""ל",false,,19.90,2.6533,true,1,115038
8712561631570,false,"תחליב רחצה קוקוס ויסמין דאב 750 מ""ל",יוניליוור גרמניה (בו,,דאב ת.רחצה חלב קוקוס,מיליליטרים,750.00,"100 מ""ל",false,,19.90,2.6533,true,1,115039
8714555001062,false,בשר בקר זואן 310 ג',,,בשר זואן 310גרם,גרמים,310.00,100 גרם,false,,8.90,0.0287,true,1,172737
8714599104316,false,ג'ייקובס קפה שחור קלוי וטחון טורקי 200 גרם,אל.אל.סי ג'\ייקובס דאו א,,גייקובס קפה שחור 200,גרמים,200.00,100 גרם,false,,14.90,0.0745,true,1,182651
8714599410530,false,גייקובס קרונינג שקית רפיל 200 גרם,ג'יי.די.אי.,,גייקובס קרוננג שקית,גרמים,200.00,100 גרם,false,,19.90,0.0995,true,1,148993
8714599513835,false,גי'קובס קרונונג נייט אנד דיי - נטול קופיאין,ג'ייקובס Jacobs,,ג'ייקובס נטול קופאין,גרמים,200.00,100 גרם,false,,32.90,0.1645,true,1,135819
8714599513866,false,"קפה נמס מיובש בהקפאה קרונג צנצנת ג'ייקובס 200 גרם לל""ס",אל.אל.סי גייקובס דאו,,קפה ג'יקובס קרונונג,גרמים,200.00,100 גרם,false,,27.90,0.1395,true,1,119406
8714789177229,false,רבעיית מברשות שיניים קולגייט אקסטרה קלין 1 יחידה,הנסיך- מפעל לייצור ט,,קולגייט מברשת שיניים,יחידה,4.00,יחידה,false,,10.90,2.7250,true,1,69112
8714789218465,false,מברשת שיניים 360 סופט קולגייט 2 יחידות,הנסיך- מפעל לייצור ט,,קולגייט מברשת שיניים,יחידה,2.00,יחידה,false,,31.90,15.9500,true,1,69379
8714789292939,false,קולגייט מברשת מקס פרש S זוג חדש,קולגייט-פלמוליב,,קולגייט מברשת מקס פר,יחידה,2.00,יחידה,false,,24.90,12.4500,true,1,69633
8714789303925,false,מברשת שיניים 360 סנסטיב רכה במיוחד קולגייט 2 יחידות,קולגייט- פלמוליב,,קולגייט מברשת שיניים,יחידה,2.00,יחידה,false,,31.90,15.9500,true,1,69114
8714789402932,false,נוזל לניקוי כללי ורצפות בניחוח ורדי בוקר אג'קס 1.5 ליטר,הנסיך- מפעל לייצור ט,,אגקס חגיגת הפרחים ור,ליטרים,1.50,ליטר,false,,17.90,11.9333,true,1,70822
8714789402970,false,נוזל לניקוי כללי ורצפות בניחוח פרחי אביב אגק'ס 1.5 ליטר,הנסיך- מפעל לייצור ט,,אגקס חגיגת הפרחים יר,ליטרים,1.50,ליטר,false,,17.90,11.9333,true,1,69115
8714789450315,false,פלמוליב נוזל כלים לימון 1.5 ליטר,הנסיך- מפעל לייצור ט,,פלמוליב שקוף לימון 1,ליטרים,1.50,ליטר,false,,14.90,9.9333,true,1,108773
8714789740058,false,מברשת שיניים טוויסטר סופט קולגייט 2 יחידות,הנסיך- מפעל לייצור ט,,קולגייט מברשת שיניים,יחידה,2.00,יחידה,false,,19.90,9.9500,true,1,76829
8714789797786,false,"פלמוליב נוזל לניקוי כלים גריז בלסטר 750 מ""ל",יבואן ומשווק: ש. שסט,,פלמוליב כלים 4ב1 כתו,מיליליטרים,750.00,"100 מ""ל",false,,9.90,1.3200,true,1,76053
8714789831275,false,מברשת שיניים 360 אופטיק ווייט קולגייט 2 יחידות,קולגייט-פלמוליב,,קולגייט מברשת שיניים,יחידה,2.00,יחידה,false,,31.90,15.9500,true,1,80151
8714789834467,false,פלמוליב נוזל לניקוי כלים קלאסי 1.5 ליטר,קולגייט-פלמוליב,,פלמוליב נוזל כלים 1.,ליטרים,1.50,ליטר,false,,14.90,9.9333,true,1,83793
8714789930848,false,"משחת שיניים אופטיק וייט הלבנה מיידית קולגייט 75 מ""ל",הנסיך- מפעל לייצור ט,,קולגייט משחת שיניים,יחידה,0.00,יחידה,false,,19.90,0.0000,true,1,101929
8715035130500,false,"רוטב סויה קיקומן מופחת נתרן 500 מ""ל",,,קיקומן רוטב סויה מופ,מיליליטרים,500.00,"100 מ""ל",false,,0.00,0.0000,true,1,188723
8715700110141,false,מיונז קרמי היינץ צנצנת 460ג',ה.י.היינץ הולדינג בי.וי,,היינץ ממרח מיונז צנצ,גרמים,460.00,100 גרם,false,,11.90,0.0259,true,1,151774
8715700110158,false,היינץ ממרח במרקם קרמי צנצנת 490 גרם,ה.י.היינץ הולדינג בי.וי,,היינץ ממרח לייט צנצנ,גרמים,490.00,100 גרם,false,,11.90,0.0243,true,1,151199
8715700415925,false,קטשופ היינץ פלפל ציל,ה.י. היינץ,,קטשופ היינץ עם פלפל,גרמים,255.00,100 גרם,false,,8.90,0.0349,true,1,148998
8715700419732,false,מתבל עגבניות היינץ 700 גרם,ה.י. היינץ,,היינץ קטשופ 700 גרם,גרמים,700.00,100 גרם,false,,10.90,0.0156,true,1,100611
8715700422367,false,היינץ מיונז לייט 420 גרם כשלפ,היינץ מנופקצ'רינג ספ,,מיונז היינץ לייט 420,גרמים,420.00,100 גרם,false,,13.90,0.0331,true,1,135509
8715700422473,false,ממרח לכריכים וסלטים ללא ח. משמרים היינץ 395 גרם,ה.י. היינץ,,היינץ מיונז ממרח לח,גרמים,395.00,100 גרם,false,,15.90,0.0403,true,1,141274
8715700423906,false,היינץ מתבל עגבניות מופחת סוכר ומלח 50/50 550 גרם,היינץ צפון אמריקה מק,,היינץ מתבל עגבניות 5,גרמים,555.00,100 גרם,false,,11.90,0.0214,true,1,154516
8717163630105,false,"שמפו טרזמה להחלקה וצבע 400 מ""ל",יוניליוור,,TRESEMME שמפו קרטין,מיליליטרים,400.00,"100 מ""ל",false,,24.90,6.2250,true,1,186842
8717163640708,false,אקס דאודורנט בודי ספריי XL שוקולד 200 מל,"יוניליוור אנגליה, דרך קו",,אקס ספריי גוף שוקולד,מיליליטרים,200.00,"100 מ""ל",false,,19.90,9.9500,true,1,182862
8717163647196,false,"דאו אקס ספריי גוף לנשים אנרכי 150 מ""ל",יוניליוור אנגליה,,אקס דאדורנט ספריי גו,מיליליטרים,150.00,"100 מ""ל",false,,20.00,13.3333,true,1,176273
8717163647202,false,"אקס דאודורנט ספריי גוף אנרכי 150 מ""ל",יוניליוור אנגליה,,אקס בודי ספריי אנרכי,מיליליטרים,150.00,"100 מ""ל",false,,16.90,11.2667,true,1,176395
8717163647219,false,אקס ספריי גוף אפולו 150מ,יוניליוור אנגליה,,אקס בודי ספריי אפולו,מיליליטרים,150.00,"100 מ""ל",false,,16.90,11.2667,true,1,176396
8717163647226,false,"אקס דאודורנט ספריי גוף בלאק 150 מ""ל",ארנסט. רחוב קומבינצק,,אקס בודי ספריי בלק 1,מיליליטרים,150.00,"100 מ""ל",false,,16.90,11.2667,true,1,176397
8717163647233,false,"אקס דאודורנט ספריי גוף בלאק נייט 150 מ""ל",ארנסט. רחוב קומבינצק,,אקס ספריי גוף לגברבל,מיליליטרים,150.00,"100 מ""ל",false,,16.90,11.2667,true,1,176276
8717163647240,false,"אקס דאודורנט ספריי גוף לגבר שוקולד 150 מ""ל",יוניליוור גרמניה (בו,,אקס בודי ספריי שוקול,מיליליטרים,150.00,"100 מ""ל",false,,16.90,11.2667,true,1,176398
8717163647264,false,"אקס דאודורנט ספריי גוף אייס צ'יל 150 מ""ל",יוניליוור אנגליה,,אקס דאודורנט ספריי ג,מיליליטרים,150.00,"100 מ""ל",false,,16.90,11.2667,true,1,176280
8717163647295,false,אקס דאודורנט ספריי צארג' אפ לגבר 150 מל,יוניליוור אנגליה,,אקס אנטי פרספירנט ספ,יחידה,0.00,יחידה,false,,19.90,0.0000,true,1,176275
8717163647301,false,אקס דאודורנט ספריי גולד לגבר 150 מל,יוניליוור אנגליה,,אקס דאודורנט אנטי פר,יחידה,0.00,יחידה,false,,19.90,0.0000,true,1,176277
8717163648667,false,"אקס ג'ל רחצה לגבר אייס צ'יל 400 מ""ל",יוניליוור גרמניה (בו,,אקס גל רחצה לגבר איי,מיליליטרים,400.00,"100 מ""ל",false,,15.00,3.7500,true,1,176270
8717163655757,false,רקסונה דאו ספריי אינביזיבל,"יוניליוור אנגליה, דרך קו",,רקסונה דאודורנט ספר,מיליליטרים,150.00,"100 מ""ל",false,,19.90,13.2667,true,1,181187
8717163655764,false,"רקסונה - דאודורנט ספריי לאישה שוואר פרש 150 מ""ל","קוסטר אירוסול, גבזה 4140",,רקסונה דאודורנט ספרי,מיליליטרים,150.00,"100 מ""ל",false,,19.90,13.2667,true,1,181947
8717163655825,false,"רקסונה דאו' ספריי לנשים בניחוח כותנה, 150 מ""ל","קוסטר אירוסול, גבזה 4140",,רקסונה דאודורנט ספרי,מיליליטרים,150.00,"100 מ""ל",false,,19.90,13.2667,true,1,181948
8717163666753,false,"ספריי אנטיפרספרנט אייס צ'יל לגבר 150 מ""ל אקס","יוניליוור אנגליה, דרך קו",,אקס ספריי אנטיפרספרנ,מיליליטרים,150.00,"100 מ""ל",false,,16.90,11.2667,true,1,176281
8717163705988,false,רקסונה דאו ספריי אלוורה,יוניליוור,,רקסונה דאודורנט ספרי,מיליליטרים,150.00,"100 מ""ל",false,,19.90,13.2667,true,1,181960
8717163711668,false,"דאודורנט רקסונה ספריי נשים טלק 150 מ""ל",יוניליוור,,רקסונה ספריי טלק 150,מיליליטרים,150.00,"100 מ""ל",false,,19.90,13.2667,true,1,182356
8717163859759,false,"דאו ספריי וורקאאוט נשים רקסונה 150 מ""ל","יוניליוור אנגליה, דרך קו",,רקסונה דאו ספריי וור,מיליליטרים,150.00,"100 מ""ל",false,,16.90,11.2667,true,1,184572
8717163891735,false,"רקסונה ספריי וורקאאוט גברים 150 מ""ל","יוניליוור אנגליה, דרך קו",,רקסונה מן ספריי וורק,מיליליטרים,150.00,"100 מ""ל",false,,16.90,11.2667,true,1,184573
8717163947692,false,"אקס ג'ל רחצה לגבר פרש ברגמוט ופינק פפר 400 מ""ל","יוניליוור גרמניה, רח",,אקס גל רחצה פינק פפר,יחידה,0.00,יחידה,false,,15.90,0.0000,true,1,184578
8717896009612,false,אבקת חלב אלבאן צמחי,,,אבקת חלב אלבאן צמחי,קילוגרמים,2.50,"ק""ג",false,,99.90,39.9600,true,1,180711
8718114047249,false,דאב סבון מוצק 6 יח'* 100 ג',יוניליוור גרמניה (בו,,שישיית סבון מוצק דאב,יחידה,6.00,יחידה,false,,19.90,3.3167,true,1,58490
8718114734484,false,מיונז מאילי 320 גר צ,יונילבר צרפת,,מיונז 320 גרם,יחידה,0.00,יחידה,false,,14.90,0.0000,true,1,140960
8718117607662,false,נוטרילון A.R תרכובת מזון מגיל לידה,נוטרישה-נוטרילון,,נוטרילון AR ריפלוקס,גרמים,900.00,100 גרם,false,,89.90,0.0999,true,1,180808
8718692611979,false,סירופ סודה סטרים דיאט פירות יער 0.5 ל,סודה סטרים,,סודה סטרים דיאט פטל,מיליליטרים,500.00,"100 מ""ל",false,,19.90,3.9800,true,1,151178
8718951001589,false,"ספריי מסיר שומנים במטבח 600 מ""ל ""א'גקס""",הנסיך- מפעל לייצור ט,,אגקס ספריי מסיר שומנ,מיליליטרים,600.00,"100 מ""ל",false,,14.90,2.4833,true,1,113881
8718951001596,false,"ספריי ניקוי לאמבטיה 600 מ""ל ""א'גקס""",הנסיך- מפעל לייצור ט,,אגקס ספריי אמבטיה 60,מיליליטרים,600.00,"100 מ""ל",false,,14.90,2.4833,true,1,113882
8718951076372,false,"קולגייט משחת שיניים תמציות צמחים לשיניים 100 מ""ל",קולגייט פלמוליב,,קולגייט הרבל מ.שיניי,מיליליטרים,100.00,"100 מ""ל",false,,13.90,13.9000,true,1,173086
8718951076402,false,"קולגייט משחת שיניים הרבל להלבנה 100 מ""ל",קולגייט פלמוליב,,קולגייט משחת שיניים,יחידה,0.00,יחידה,false,,13.90,0.0000,true,1,161487
8718951079205,false,"קולגייט סנסיטיב פרו רליף רפיר אנד פריוונט 75 מ""ל",קולגייט-פלמוליב,,קולגייט סנסטיב פרו ר,מיליליטרים,75.00,"100 מ""ל",false,,23.90,31.8667,true,1,149806
8718951093331,false,מרידול זוג מברשות שיניים אקסטרה סופט,קולגייט פלמוליב,,מרידול מברשת שיניים,יחידה,2.00,יחידה,false,,29.90,14.9500,true,1,121392
8718951124202,false,אגקס פיור הום 1.5 לי,הנסיך- מפעל לייצור ט,,אג'קס פיור הום 1.5 ל,ליטרים,1.50,ליטר,false,,17.90,11.9333,true,1,141205
8718951144064,false,מרידול מברשת שיניים פרודונט אקספרט זוג,"ש. שסטוביץ בע""\מ",,מרידול מברשת שיניים,יחידה,2.00,יחידה,false,,29.90,14.9500,true,1,142532
8718951148536,false,"קולגייט מי פה מינט פשתן 500 מ""ל",קולגייט פלמוליב,,קולגייט מי פה פלאקס,מיליליטרים,500.00,"100 מ""ל",false,,34.90,6.9800,true,1,178965
8718951159808,false,מברשות שיניים 360 מדיום- מארז שלישייה,קולגייט-פלמוליב,,קולגייט מברשת שיניים,יחידה,0.00,יחידה,false,,29.90,0.0000,true,1,147260
8718951166561,false,משחת שיניים לרעננות מוגברת max fresh cooling crystals,הנסיך- מפעל לייצור ט,,קולגייט משחת מקס פרש,מיליליטרים,125.00,"100 מ""ל",false,,17.90,14.3200,true,1,167304
8718951167094,false,נוזל כלים פלמוליב צילינדר תפוז וליים 1 ל,יבואן ומשווק: ש. שסט,,פלמוליב צילינדר תפוז,ליטרים,1.00,ליטר,false,,13.90,13.9000,true,1,150970
8718951170445,false,"קולגייט סמיילס משחת שיניים ילדים גילאי 2-5 50 מ""ל",קולגייט פלמוליב,,קולגייט סמיילס משחת,יחידה,0.00,יחידה,false,,12.90,0.0000,true,1,154143
8718951175280,false,"קולגייט טוטאל משחת שיניים פרו ויזבל אקשן עם קצף פעיל 75 מ""ל",קולגייט Colgate,,קולגייט משחת טוטל פר,מיליליטרים,75.00,"100 מ""ל",false,,17.90,23.8667,true,1,173070
8718951175600,false,"משחת שיניים קולגייט אוטאל קליין מינט 75 מ""ל",CP-Poland swidnica,,קולגייט משחת שיניים,יחידה,0.00,יחידה,false,,0.00,0.0000,true,1,188637
8718951175631,false,מש.שיניים קולגייט טוטל פרו גאם אקשן 75מל,קולגייט Colgate,,קולגייט משחת טוטל פר,מיליליטרים,75.00,"100 מ""ל",false,,17.90,23.8667,true,1,173063
8718951176102,false,קולגייט משחת טוטל פר,,,קולגייט משחת טוטל פר,מיליליטרים,75.00,"100 מ""ל",false,,17.90,23.8667,true,1,173064
8718951236790,false,"קולגייט טוטאל משחת שיניים קלין מינט לפה בריא 100 מ""ל",קולגייט פלמוליב,,קולגייט משחת טוטל קל,מיליליטרים,100.00,"100 מ""ל",false,,17.90,17.9000,true,1,173065
8718951236806,false,"קולגייט טוטאל הלבנה משחת שיניים המסייעת בהסרת כתמים 100 מ""ל",קולגייט Colgate,,קולגייט משחת טוטל הל,מיליליטרים,100.00,"100 מ""ל",false,,17.90,17.9000,true,1,173066
8718951236813,false,"קולגייט טוטאל משחת שיניים ניקוי מתקדם לפה בריא יותר 100 מ""ל",קולגייט פלמוליב,,קולגייט משחת טוטל אד,מיליליטרים,100.00,"100 מ""ל",false,,17.90,17.9000,true,1,173067
8718951240742,false,"קולגייט טוטאל משחת שיניים פסים מרעננים 100 מ""ל",קולגייט פלמוליב,,קולגייט משחת טוטל פס,מיליליטרים,100.00,"100 מ""ל",false,,17.90,17.9000,true,1,173068
8718951248656,false,"פלמוליב תחליב רחצה פרוטאין 500 מ'""ל",שסטוביץ,,פלמוליב תחליב רחצה פ,מיליליטרים,500.00,"100 מ""ל",false,,0.00,0.0000,true,1,192626
8718951264618,false,"קולגייט אופטיק וייט פחם צ'רקול משחת שיניים, 75 מ""ל",קולגייט-פלמוליב,,קולגייט אופטיק ווייט,מיליליטרים,75.00,"100 מ""ל",false,,29.90,39.8667,true,1,186875
8718951281738,false,אלמקס סנסיטיב משחה לשיניים רגישות,CP-Poland swidnica,,אלמקס סנסיטיב משחת ש,יחידה,0.00,יחידה,false,,0.00,0.0000,true,1,189978
8718951289833,false,פלמוליב סבון מוצק רביעייה לומינוס 360 ג,קולגייט פלמוליב,,פלמוליב סבון מוצק לו,גרמים,500.00,100 גרם,false,,15.90,0.0318,true,1,182664
8718951293489,false,קולגייט טוטאל זוג מש,,,קולגייט טוטאל זוג מש,יחידה,0.00,יחידה,false,,19.90,0.0000,true,1,182665
8718951301139,false,פלמוליב תחליב רחצה ויטמין B ורימון 750מל,שסטוביץ,,פלמוליב ת.רחצה נוזל,מיליליטרים,750.00,"100 מ""ל",false,,0.00,0.0000,true,1,198886
8718951315303,false,"קולגייט אדומה משחת שיניים להגנה מפני עששת 2*100 מ""ל",קולגייט-פלמוליב,,מארז קולגייט אדומה ב,יחידה,0.00,יחידה,false,,0.00,0.0000,true,1,197261
8718951319806,false,פלמוליב לגבר גל רחצה ושמפו מרענן 750 משא,פלמוליב Palmolive,,פלמוליב לגבר גל רחצה,מיליליטרים,750.00,"100 מ""ל",false,,15.90,2.1200,true,1,184237
8718951329126,false,"ליידי ספיד סטיק לסס 150 מ""ל",קולגייט פלמוליב,,לסס ספריי מהדורה מוג,מיליליטרים,150.00,"100 מ""ל",false,,0.00,0.0000,true,1,187521
8718951334090,false,"סופלין מרכך כביסה מרוכז כחול 650 מ""ל",סופלין Soupline,,סופלין מרכך כביסה מר,יחידה,0.00,יחידה,false,,9.90,0.0000,true,1,186868
8718951334120,false,"סופלין מרכך כביסה מרוכז לבנדר 650 מ""ל",סופלין Soupline,,סופלין מרכך כביסה מר,יחידה,0.00,יחידה,false,,9.90,0.0000,true,1,186869
8718951334465,false,"סופלין מרכך כביסה מרוכז לבנדר, 1.3ליטר",קריות זול,,סופלין מרכך כביסה מר,יחידה,0.00,יחידה,false,,18.90,0.0000,true,1,186872
8718951335066,false,סופלין מרכך כביסה מרוכז ורדים 1.3ל',קריות זול,,סופלין מרכך כביסה מר,יחידה,0.00,יחידה,false,,18.90,0.0000,true,1,186873
8718951354807,false,נוזל רצפות אגקס חגיגת הפרחים יסמין 1.5 ל,קולגייט פלמוליב,,אגקס חגיגת הפרחים יס,ליטרים,1.50,ליטר,false,,0.00,0.0000,true,1,187524
8718951370135,false,"סבון נוזלי ארומה סנסיישן גלואו 750 מ""ל פלמוליב",קולגייט פלמוליב,,פלמוליב ארומה סנסייש,יחידה,0.00,יחידה,false,,0.00,0.0000,true,1,197386
8718951391253,false,אגקס אנטי בקטריאלי רעננות הניקיון 1.5 ל,קולגייט-פלמוליב,,אג'קס אנטי בקטריאלי,יחידה,0.00,יחידה,false,,0.00,0.0000,true,1,196125
8718951391284,false,נוזל אנטיבקטריאלי לניקוי כללי ורצפות רעננות הים,קולגייט-פלמוליב,,אג'קס אנטי בקטריאלי,יחידה,0.00,יחידה,false,,0.00,0.0000,true,1,196126
8719128110349,false,"סירופ פטל פירות יער סודה, 500 מ""ל",סודהסטרים sodastream,,סודה סטרים פטל ופירו,מיליליטרים,500.00,"100 מ""ל",false,,19.90,3.9800,true,1,151182
8719128110394,false,סירופ דיאט לימון ליים500,,,סודה סטרים דיאט לימו,מיליליטרים,500.00,"100 מ""ל",false,,19.90,3.9800,true,1,151187
8719128112633,false,בקבוקי הגזה סודה סטרים לילדים 0.5 ל*2,סודה סטרים,,זוג בקבוקי הגזה 500,יחידה,0.00,יחידה,false,,39.90,0.0000,true,1,151189
8719200997998,false,מרגרינה למריחה בישול וטיגון 200 ג' בלו בנד,אתר חיפה מרגרינה - F,,בלובנד עם מלח 200 גר,גרמים,200.00,100 גרם,false,,4.40,0.0220,true,1,181889
8719200998001,false,מרגרינה לאפיה ובישול בלי מלח 200 ג' בלו בנד,יוניליוור ישראל מזון בע\,,בלובנד בלי מלח 200 ג,גרמים,200.00,100 גרם,false,,4.40,0.0220,true,1,181888
8719200998018,false,מחמאה מרגרינה בטעם חמאה בלובנד 200 גרם,"מיוצר ע""\י יוניליוור ישר",,מחמאה בלו בנד 200 גר,גרמים,200.00,100 גרם,false,,4.40,0.0220,true,1,181903
8719200998032,false,"מרגרינה מזולה גלורי טעם חמאה 250גר 8 יחידות - כשל""פ","מיוצר ע""\י יוניליוור ישר",,מזולה גלורי טעם חמאה,גרמים,250.00,100 גרם,false,,10.00,0.0400,true,1,181896
8719200998049,false,"מרגרינה מזולה גלורי רגיל 250גר 8 יחידות -כשל""פ","מיוצר ע""\י יוניליוור ישר",,מזולה גלורי רגיל 250,גרמים,250.00,100 גרם,false,,10.00,0.0400,true,1,181890
8719200998070,false,גולד בנד גביע 250 גר,,,גולד בנד גביע 250 גר,גרמים,250.00,100 גרם,false,,8.90,0.0356,true,1,181892
8719200998087,false,מחמאה מרגרינה למריחה גביע 250 גרם,,,מחמאה גביע 250 גרם,גרמים,250.00,100 גרם,false,,8.90,0.0356,true,1,181904
8719200998094,false,"מרגרינה מזולה לאפיה ללא תוספת מלח 200גר - 40 יח' -כשל""פ","מיוצר ע""\י יוניליוור ישר",,מזולה לאפיה ללא מלח,גרמים,200.00,100 גרם,false,,6.10,0.0305,true,1,181897
8719200998100,false,מרגרינה מזולה לאפיה טעם חמאה 200גר - 40 יח',פארייפאבה אגרואינדוס,,מזולה לאפיה בטעם חמא,גרמים,200.00,100 גרם,false,,6.10,0.0305,true,1,181898
8720100012445,false,וופל טוסט בלגי 6 יח 250 גרם בקרסלנד,דה בנקט גרופ,,וופל טוסט בלגי 250 ג,גרמים,250.00,100 גרם,false,,8.90,0.0356,true,1,66823
8720181045905,false,אקס דאודורנט ספריי אפריקה לגבר 150 מל,"יוניליוור אנגליה, דרך קו",,אקס דאו אנטיפרספירט,מיליליטרים,150.00,"100 מ""ל",false,,0.00,0.0000,true,1,189729
8723400756552,false,מארז סוכריות מנטוס Mentos ריינבואו,פרפטי ואן מלה ברדה,,מנטוס ריינבואו 4*37.,גרמים,150.00,100 גרם,false,,11.00,0.0733,true,1,76720
8723400773733,false,סוכריות מנטוס גליל גימבו פירות 296 גר,,,גלילי סוכריות בטעם פ,יחידה,0.00,יחידה,false,,0.00,0.0000,true,1,187382
8723400782520,false,מנטוס סוכריות לעיסה בתפזורת בטעם פירות 160 ג',פרפטי ואן מלה,,מנטוס סוכריות לעיסה,יחידה,0.00,יחידה,false,,10.70,0.0000,true,1,151000
8723400782544,false,מנטוס סוכריות לעיסה בתפזורת בטעם מנטה 160 ג',פרפטי ואן מלה,,מנטוס סוכריות לעיסה,יחידה,0.00,יחידה,false,,10.70,0.0000,true,1,150997
8760420003488,false,סט פונדו+4מזלגות,,,סט פונדו+4מזלגות,יחידה,0.00,יחידה,false,,0.00,0.0000,true,1,187439
8760919006631,false,מגש עץ לבן עם ידיות,,,מגש עץ לבן עם ידיות,יחידה,0.00,יחידה,false,,0.00,0.0000,true,1,187442
8783662804057,false,קומקום זכוכית + חליטת תה+שומר חום,,,קומקום זכוכית BT-804,יחידה,0.00,יחידה,false,,0.00,0.0000,true,1,188841
8801055706952,false,נסקפה קפוצינו קרמל 10*17 גרם,נסטלה קוריאה - קפה,,נסקפה קפוצ'ינו קרמל,יחידה,10.00,יחידה,false,,18.90,1.8900,true,1,76753
8801055707010,false,נסקפה קפוצינו קלאסיק 10*12.5 גרם,נסטלה קוריאה - קפה,,נסקפה קפוצ'ינו קלאסי,יחידה,10.00,יחידה,false,,18.90,1.8900,true,1,77142
8801055707188,false,נסקפה קפוצינו אגוזים 10*18 גרם,נסטלה קוריאה - קפה,,נסקפה קפוצ'ינו אגוזי,יחידה,10.00,יחידה,false,,18.90,1.8900,true,1,92327
8803733135795,false,קופסאת L&LHPL932DT ע,,,קופסאת L&LHPL932DT ע,יחידה,0.00,יחידה,false,,24.90,0.0000,true,1,154105
8803733181525,false,"קופסא 850 מ""ל (24 יח",,,"קופסא 850 מ""ל (24 יח",יחידה,0.00,יחידה,false,,17.90,0.0000,true,1,148387
8809163394115,false,מגש סנדוויץ' מלמין 3,,,מגש סנדוויץ' מלמין 3,יחידה,0.00,יחידה,false,,0.00,0.0000,true,1,188201
8809168840488,false,חטיף אצות מיובשות 4.5ג*3 יחידות,,,חטיף אצות מיובשות 4.,יחידה,0.00,יחידה,false,,0.00,0.0000,true,1,187671
8850180040028,false,קמח טמפורה להכנת בלי,קרנחם אוטאי פחרה,,מזרח ומערב יבוא טמפו,גרמים,500.00,100 גרם,false,,11.00,0.0220,true,1,105267
8850206250592,false,רוטב צ'ילי סריראצ'ה 540 גרם (מזרח ומערב),יאן וואל יון קו.לטד,,רוטב צ'ילי סיראצ'ה 5,גרמים,530.00,100 גרם,false,,15.90,0.0300,true,1,150324
8850367992164,false,קרם קוקוס 250 מל 20-22% ללא חומר משמר,טאפאדונגפורן קוקנט,,מזרח ומערב קרם קוקוס,מיליליטרים,250.00,"100 מ""ל",false,,7.90,3.1600,true,1,108531
8850367992171,false,קרם קוקוס 1 ליטר 20-22% ללא חומר משמר,טאפאדונגפורן קוקינט,,מזרח ומערב קרם קוקוס,מיליליטרים,1000.00,"100 מ""ל",false,,19.90,1.9900,true,1,108532
8850367992980,false,נוזל אגוזי קוקוס 5-7% מופחת שומן 400 מל,c coconut Theppadungporn,,נוזל אגוזי קוקוס 5-7,מיליליטרים,400.00,"100 מ""ל",false,,6.90,1.7250,true,1,140483
8850367992997,false,"קרם קוקוס ללא גלוטן וחומרי משמר 250 מ""ל",Theppadungporn cocon,,קרם קוקוס ללא גלוטן,מיליליטרים,250.00,"100 מ""ל",false,,7.90,3.1600,true,1,143677
8850389103111,false,סאפי משקה אלוורה בטעם ענבים 300מל,פארייפאבה אגרואינדוס,,סאפה ענבים בקבוק 300,מיליליטרים,300.00,"100 מ""ל",false,,7.50,2.5000,true,1,77308
8850389103128,false,"משקה קל סאפה בטעם תפוח 300 מ""ל",פארייפאבה אגרואינדוס,,סאפה תפוח בקבוק 300,מיליליטרים,300.00,"100 מ""ל",false,,7.50,2.5000,true,1,77309
8850389104637,false,"משקה קל סאפה אלוורה אפרסק 300 מ""ל",פארייפאבה אגרואינדוס,,סאפה אפרסק בקבוק 300,מיליליטרים,300.00,"100 מ""ל",false,,7.50,2.5000,true,1,77310
8850389105825,false,משקה אלוורה בטעם ענבים סאפה 1 ליטר,סאפה פובליק קומפני לימיט,,סאפה ענבים בקבוק ליט,ליטרים,1.00,ליטר,false,,13.00,13.0000,true,1,75089
8850389105832,false,סאפה משקה אלוורה בטעם תפוח עם קוביות אלוורה 1 ליטר,סאפה פובליק קומפני לימיט,,סאפה תפוח בקבוק ליטר,ליטרים,1.00,ליטר,false,,13.00,13.0000,true,1,75090
8850389105849,false,סאפה משקה אלוורה מופחת קלוריות בטעם אפרסק 1 ליטר,סאפה פובליק קומפני לימיט,,סאפה אפרסק בקבוק ליט,ליטרים,1.00,ליטר,false,,13.00,13.0000,true,1,75091
8850389115312,false,"סאפה אלוורה מלון בקבוק 300 מ""ל",סאפה פובליק קומפני ל,,סאפה מלון בקבוק 300,מיליליטרים,300.00,"100 מ""ל",false,,7.50,2.5000,true,1,153098
8850389115336,false,משקה אלוורה בטעם מלון סאפה 1 ליטר,סאפה פובליק קומפני לימיט,,סאפה מלון בקבוק ליטר,ליטרים,1.00,ליטר,false,,13.00,13.0000,true,1,153099
8850632604372,false,"יוגטה, חיספוסים בצורת שטיח בטעם תות שדה 50 גרם",ג'נרל קנדי בעמ,,יוגטה חיספוסים שטיח,יחידה,0.00,יחידה,false,,5.00,0.0000,true,1,58499
8850632604402,false,יוגטה חיספוסים בטעם מעורב תות שדה אבטיח ענבים בננה 50 גרם,"ג'נרל קנדי בע""מ",,יוגטה חיספוסים שטיח,יחידה,0.00,יחידה,false,,5.00,0.0000,true,1,60886
8854661001850,false,קוקטייל פירות ים 500,,,קוקטייל פירות ים 500,גרמים,500.00,100 גרם,false,,24.90,0.0498,true,1,173915
8857101301008,false,רוטב צילי מתוק וילי 700 מל יצרןמותג: פאן,פאן אינטר,,וילי פוד רוטב צילי מ,גרמים,700.00,100 גרם,false,,9.00,0.0129,true,1,77060
8858271002870,false,רוטב פאד תאי 250 מ'ל - מקסצ'אפ,"ייאן וואל יון בע""מ",,מזרח ומערב יבוא מקסצ,מיליליטרים,250.00,"100 מ""ל",false,,15.00,6.0000,true,1,58537
8858271003020,false,רוטב סויה פורמולה 1 - 700 מ'ל מקסצ'אפ,יאן ונזל יון,,מזרח ומערב יבוא מקסצ,יחידה,700.00,יחידה,false,,16.00,0.0229,true,1,58268
8858271003068,false,"רוטב סויה מתוקה כהה 250 מ""ל מקסצאפ",מזרח ומערב,,מזרח ומערב יבוא מקסצ,מיליליטרים,250.00,"100 מ""ל",false,,12.00,4.8000,true,1,58538
8858271003075,false,"רוטב סויה מתוקה מקסצ'אפ 700 מ""ל",דאנינג יוה פודס קו,,מזרח ומערב יבוא מקסצ,מיליליטרים,700.00,"100 מ""ל",false,,20.00,2.8571,true,1,59225
8858271003174,false,רוטב שזיפים 700 מ'ל-מקסצ'אפ,מזרח ומערב,,מזרח ומערב יבוא מקסצ,מיליליטרים,700.00,"100 מ""ל",false,,20.00,2.8571,true,1,58269
8858271003938,false,רוטב קארי ירוק 250 מ'ל - מקסצ'אפ,"ייאן וואל יון בע""מ",,מזרח ומערב יבוא מקסצ,מיליליטרים,250.00,"100 מ""ל",false,,15.00,6.0000,true,1,59555
8858271004126,false,רוטב חמוץ מתוק 700 מ'ל - מקסצ'אפ,יאן ונזל יון,,מזרח ומערב יבוא מקסצ,מיליליטרים,700.00,"100 מ""ל",false,,16.00,2.2857,true,1,60894
8858271004300,false,רוטב טריאקי 700 מ'ל מקסצ'אפ,דאנינג יוה פודס קו,,מזרח ומערב יבוא מקסצ,מיליליטרים,700.00,"100 מ""ל",false,,21.90,3.1286,true,1,183136
8858271004799,false,"רוטב צילי מתוק אל פורפסיס 700 מ""ל",יאן ונזל יון,,מזרח ומערב יבוא רוטב,מיליליטרים,700.00,"100 מ""ל",false,,10.00,1.4286,true,1,105273
8858271005772,false,"רוטב סויה ללא גלוטן (תמרי)300 מ""ל (כ)",יאן ונזל יון,,מזרח ומערב רוטב סויה,מיליליטרים,300.00,"100 מ""ל",false,,12.90,4.3000,true,1,149741
8858271006519,false,רוטב סצואן על בסיס ע,,,רוטב סצ'ואן על בסיס,גרמים,280.00,100 גרם,false,,0.00,0.0000,true,1,188494
8867728140553,false,סיר טיגון חשמלי-ציפס,,,סיר טיגון חשמלי-ציפס,יחידה,0.00,יחידה,false,,0.00,0.0000,true,1,188542
8873673192028,false,סדין חימום זוגי BENA,,,סדין חימום זוגי BENA,יחידה,0.00,יחידה,false,,0.00,0.0000,true,1,188543
8877467803213,false,קומקום זכוכית BT-803,,,קומקום זכוכית BT-803,יחידה,0.00,יחידה,false,,0.00,0.0000,true,1,188419
8888021200256,false,סוללות אנרג'ייזר AA מקס 8 יחידות,יצרן: אנרג'ייזר סינג,,AA אנרג'ייזר שמיניית,יחידה,8.00,יחידה,false,,29.90,3.7375,true,1,58540
8901138825577,false,"משחת שיניים הימלאיה להגנה מושלמת 75 מ""ל",הימלאיה Himalaya,,הימלאיה משחת שיניים,מיליליטרים,75.00,"100 מ""ל",false,,19.90,26.5333,true,1,161265
8901537024014,false,"אורז בסמטי מובחר 1 ק""ג - דוואט) יורה דיעה",הנסיך- מפעל לייצור ט,,וילי פוד אורז בסמטי,קילוגרמים,1.00,"ק""ג",false,,14.00,14.0000,true,1,66830
8904144010012,false,מקלף ג'וליאן,,,מקלף ג'וליאן,יחידה,0.00,יחידה,false,,17.90,0.0000,true,1,147691
8906064282203,false,עוגיות חמאה לה בריטי,,,עוגיות חמאה לה בריטי,גרמים,200.00,100 גרם,false,,0.00,0.0000,true,1,188104
8927823329991,false,טוסטר נירוסטה מפואר,,,טוסטר נירוסטה מפואר,יחידה,0.00,יחידה,false,,0.00,0.0000,true,1,188226
8933894556877,false,בימבה לול עד משקל 15,,,בימבה לול עד משקל 15,יחידה,0.00,יחידה,false,,199.90,0.0000,true,1,180692
8934878081811,false,"דפי אורז 22 ס""מ 400 גר'(Trav) ללא גלוטן",דאנינג יוה פודס קו,,מזרח ומערב יבוא טראו,גרמים,400.00,100 גרם,false,,16.50,0.0413,true,1,105279
8934878082238,false,דפי אורז 22 סמ 100 ג,Chanh Khang Company,,"דפי אורז 22 ס""מ",גרמים,100.00,100 גרם,false,,6.90,0.0690,true,1,186043
8998099253129,false,משפך נירוסטה ים ידית,,,משפך נירוסטה ים ידית,יחידה,0.00,יחידה,false,,16.90,0.0000,true,1,186024
9000100798709,false,"דאודורנט פה רול און כוח המשיכה 50 מ""ל",שוורצקופף והנקל,,פה דאודורנט רול און,מיליליטרים,50.00,"מ""ל",false,,10.90,0.2180,true,1,101532
9001616202100,false,מוצץ לתינוק ללא ביספנול 6+ מאם 2 יחידות,General,,MAM זמן לאהבה 6+ BOY,יחידה,0.00,יחידה,false,,39.90,0.0000,true,1,87721
9001616203343,false,מאם כוס נגד נזילות 270 מל תכלת,אלפא,,"MAM כוס שתייה 270 מ""",יחידה,0.00,יחידה,false,,39.90,0.0000,true,1,167565
9001616203350,false,מאם זוג פטמות מס 1 זרימה איטית,General,,MAM זוג פטמות 1,יחידה,0.00,יחידה,false,,29.90,0.0000,true,1,86184
9001616661099,false,"בקבוק לתינוק 270 מ""ל 2+ חודשים Easy Active",מאם Mam,,MAM בקבוק תינוק 270,יחידה,0.00,יחידה,false,,34.90,0.0000,true,1,86172
9001616702686,false,זוג מוצצים סיליקון אי לאב מאמי מאמ 0-6 ורוד,אלפא,,MAM איי לאב ממי 0-6,יחידה,0.00,יחידה,false,,39.90,0.0000,true,1,167521
9001616702877,false,זוג מוצצים סיליקון מאמ +16 ורוד,General,,MAM מוצץ סיליקון 16+,יחידה,0.00,יחידה,false,,39.90,0.0000,true,1,167546
9001616702969,false,"בקבוק תינוק 270 מ""ל סגול",General,,MAM בקבוק תינוק 270,יחידה,0.00,יחידה,false,,39.90,0.0000,true,1,167559
9001616702976,false,"בקבוק לתינוק מאם 270 מ""ל",General,,MAM בקבוק תינוק 270,יחידה,0.00,יחידה,false,,39.90,0.0000,true,1,167560
9002490100490,false,"משקה אנרגיה רד בול מארז רביעייה*250 מ""ל",רד בול Red Bull,,רד בול רביעייה 250 מ,מיליליטרים,1000.00,"100 מ""ל",false,,22.90,2.2900,true,1,178456
9002859055553,false,בוגי-סוכריות בפחית בטעםי פירות 200 גר,GUNZ WARENHANDELS,,בוגי סוכריות בפחית פ,גרמים,200.00,100 גרם,false,,9.90,0.0495,true,1,81911
9002859055560,false,בוגי-סוכריות בפחית בטעם דובדובן 200 גרם,GUNZ WARENHANDELS,,בוגי סוכ.בפחית דובדב,גרמים,200.00,100 גרם,false,,9.90,0.0495,true,1,81912
9002859067570,false,דפדפי שוקולד תפוז - גונץ 200 גרם,GUNZ WARENHANDELS,,גונץ-דפדפי שוקולד תפ,גרמים,200.00,100 גרם,false,,18.90,0.0945,true,1,75370
9002859092657,false,גונץ-בננה ציפוי מריר 150 גר,Gunz,,גונץ בננה ציפוי מריר,גרמים,150.00,100 גרם,false,,7.90,0.0527,true,1,169637
9044400231009,false,סוכריות פז במילוי פירות מארז 8*10.25 גר',פופז,,סוכריות פז מילוי שמי,יחידה,0.00,יחידה,false,,8.90,0.0000,true,1,81339
9044400841000,false,בובת פז Pez + שלוש יחידות סוכריות למילוי,פז Pez,,פז דמויות מתחלפות 25,יחידה,0.00,יחידה,false,,11.90,0.0000,true,1,88436
9098190247429,false,צלחת הגשה זכוכית צור,,,צלחת הגשה זכוכית צור,יחידה,0.00,יחידה,false,,0.00,0.0000,true,1,198153
9098190647823,false,מעמד שתי קומות משרב,,,מעמד שתי קומות משרב,יחידה,0.00,יחידה,false,,0.00,0.0000,true,1,198155
9098203660825,false,בונבוניירה גדולה צור,,,בונבוניירה גדולה צור,יחידה,0.00,יחידה,false,,0.00,0.0000,true,1,198184
9098204461629,false,בונבוניירה גדולה ניר,,,בונבוניירה גדולה ניר,יחידה,0.00,יחידה,false,,0.00,0.0000,true,1,198191
9098205362529,false,קנקן זכוכית מחוספסת,,,קנקן זכוכית מחוספסת,יחידה,0.00,יחידה,false,,0.00,0.0000,true,1,198196
9098222779928,false,צנצנות זכוכית עם מכס,,,צנצנות זכוכית עם מכס,יחידה,0.00,יחידה,false,,0.00,0.0000,true,1,198205
9310072028743,false,טים טם ביסקוויט במילוי שוקולד 200 גרם,"ארנוטס ביסקוויטס בע""",,טים טם אוריגינל 200,גרמים,200.00,100 גרם,false,,20.20,0.1010,true,1,136385
9310072028750,false,טים טם Tim Tam וופל שוקולד ציפוי כפול,"ארנוטס ביסקוויטס בע""",,טים טם דאבל 200 גרם,גרמים,200.00,100 גרם,false,,20.20,0.1010,true,1,123205
9310072031514,false,ביסקוויט טים טם קרמל,,,טים טם קרמל סולט 175,גרמים,175.00,100 גרם,false,,0.00,0.0000,true,1,188702
9310140006215,false,אורז אוסטרלי 2 ק''ג סנוואיט,קפיטל רייס אל טי די,,"אורז אוסטרלי 2 ק""ג",קילוגרמים,2.00,"ק""ג",false,,18.90,9.4500,true,1,75681
9320760056989,false,דובי לבן זר בלונים צ,,,דובי לבן זר בלונים צ,יחידה,0.00,יחידה,false,,69.90,0.0000,true,1,183331
9322969000015,false,פריכיות תירס בטעם אורגינל ריל פודס 150 ג',אף.סי תבליני בגליל ב,,פריכיות תירס 150 גרם,גרמים,150.00,100 גרם,false,,13.90,0.0927,true,1,60901
9322969000022,false,"ריל פוד פריכיות תירס עם סויה וזרעי פשתן, ללא גלוטן 150 גרם",אף.סי תבליני בגליל ב,,פריכיות תירס עם סויה,גרמים,150.00,100 גרם,false,,13.90,0.0927,true,1,58278
9322969000039,false,פריכיות תירס 150 גרם עם 5 סוגי דגנים,ריאל פודס בעמ,,פריכיות תירס עם דגני,גרמים,150.00,100 גרם,false,,13.90,0.0927,true,1,173415
9322969000046,false,פריכיות תירס שומשום אורגני ריל פודס 150 ג',אף.סי תבליני בגליל ב,,פריכיות תירס אורגניו,גרמים,150.00,100 גרם,false,,13.90,0.0927,true,1,59235
9330344004473,false,סכין גילוח שיק היידרו סילק חד פעמי 2 יח,"אם החיטה בע""מ",,שיק היידרו סילק חד פ,יחידה,0.00,יחידה,false,,26.90,0.0000,true,1,184266
9414897010904,false,מול ניו זילנדי על חצ,,,מול ניו זילנדי קפוא,גרמים,500.00,100 גרם,false,,59.90,0.1198,true,1,67529
9700002538264,false,תבנית לעוגה אלומיניו,,,תבנית לעוגה אלומיניו,יחידה,0.00,יחידה,false,,0.00,0.0000,true,1,188615
9871016000053,false,סלסלה 35*45,,,סלסלה 35*45,יחידה,0.00,יחידה,false,,19.90,0.0000,true,1,154175
