code,internal_code,name,manufacturer_name,manufacture_country,manufacturer_item_description,unit_qty,quantity,unit_of_measure,weighted,qty_in_package,price,unit_of_measure_price,allow_discount,status,item_id
142,true,פיתה,מאפיית כפיר צ. ידעי בעמ,,,יח`,1,,false,1,1.50,1.50,false,1,
321,true,תן ביס פטור מעמ,ספקים שונים,,,יח`,1,,false,1,0.01,0.01,false,1,
600,true,סנדוויץ`עובד,קבוצת אסם סחר שות. מוגבלת,,,יח`,1,,false,1,3,3,false,1,
2001,true,אשכולית,פירות בני דרור בעמ,,,"ק""ג",1,,true,1,5.90,5.90,false,1,
2002,true,אשכולית אדומה,תעשיות תוצרת חקלאית אביטן בני,,,"ק""ג",1,,true,1,5.90,5.90,false,1,
2003,true,אבוקדו,גליל שוק מקומי אגשח*שיק ל60 יו,,,"ק""ג",1,,true,1,8.90,8.90,false,1,
2006,true,ארטישוק,אנונה שיווק בעמ*שיק 45 יום*,,,"ק""ג",1,,true,1,29.90,29.90,false,1,
2007,true,בטטה,משק כרמי ייצור ושיווק תוצרת*שי,,,"ק""ג",1,,true,1,8.90,8.90,false,1,
2009,true,בננות,גליל שוק מקומי אגשח*שיק ל60 יו,,,"ק""ג",1,,true,1,5.90,5.90,false,1,
2010,true,בצל יבש,רביבו יהודה חקלאות ונכסים בעמ,,,"ק""ג",1,,true,1,4.90,4.90,false,1,
2012,true,אננס,פירות הכרמל אגשח בעמ*שיק 45 יו,,,יח`,1,,false,1,40,40,false,1,
2013,true,גויאבה,אלדד קליימן שיווק בעמ*שיק 40 י,,,"ק""ג",1,,true,1,12.90,12.90,false,1,
2015,true,דלעת,שוסטר תעשיות מזון בעמ*שיק ל 60,,,"ק""ג",1,,true,1,9.90,9.90,false,1,
2016,true,דלורית,שוסטר תעשיות מזון בעמ*שיק ל 60,,,"ק""ג",1,,true,1,6.90,6.90,false,1,
2017,true,תפוח זהוב,בראשית - אגודה שיתופית*שיק 45,,,"ק""ג",1,,true,1,9.90,9.90,false,1,
2020,true,חסה רגילה,הירוקים של רצון בעמ,,,יח`,1,,false,1,4.90,4.90,false,1,
2021,true,חצילים,שיווק העשור ירקות הזהב*שיק 30,,,"ק""ג",1,,true,1,7.90,7.90,false,1,
2022,true,ירק,א.אדמה (2007) בעמ,,,יח`,1,,false,1,3.90,3.90,false,1,
2024,true,כרוב לבן,תעשיות תוצרת חקלאית אביטן בני,,,"ק""ג",1,,true,1,4.90,4.90,false,1,
2025,true,כרובית,ד.ע. ימין גידול ושיווק ירקות*ש,,,"ק""ג",1,,true,1,8.90,8.90,false,1,
2027,true,לימון,גליל שוק מקומי אגשח*שיק ל60 יו,,,"ק""ג",1,,true,1,8.90,8.90,false,1,
2028,true,מלפפון,נסים מאיר חקלאי בעמ*שיק 30 יום,,,"ק""ג",1,,true,1,5.90,5.90,false,1,
2033,true,תפוח סמיט,בראשית - אגודה שיתופית*שיק 45,,,"ק""ג",1,,true,1,9.90,9.90,false,1,
2034,true,תפוח סטארקינג חרמון,בראשית - אגודה שיתופית*שיק 45,,,"ק""ג",1,,true,1,9.90,9.90,false,1,
2035,true,סלק,מלוא הסל שיווק ירקות בעמ*שיק 3,,,"ק""ג",1,,true,1,5.90,5.90,false,1,
2036,true,עגבניה,שיווק העשור ירקות הזהב*שיק 30,,,"ק""ג",1,,true,1,5.90,5.90,false,1,
2039,true,פומלה,מהדרין תנופורט יצוא *שיק 30 יו,,,"ק""ג",1,,true,1,8.90,8.90,false,1,
2040,true,פלפל ירוק,ינאי - מרכז פרי והירק בעמ*שיק,,,"ק""ג",1,,true,1,8.90,8.90,false,1,
2041,true,פלפל חריף,שיווק העשור ירקות הזהב*שיק 30,,,"ק""ג",1,,true,1,8.90,8.90,false,1,
2043,true,צנונית,תוצרת הנגב אגודה שיתופית חקלאי,,,יח`,1,,false,1,6.90,6.90,true,1,
2044,true,צנון,עמית בראון שיווק עמ*שיק 40 יום,,,"ק""ג",1,,true,1,8.90,8.90,false,1,
2046,true,קולורבי,דובדבן שיווק בעמ*שיק 60 יום*,,,"ק""ג",1,,true,1,7.90,7.90,false,1,
2047,true,קלמנטינה,תעשיות תוצרת חקלאית אביטן בני,,,"ק""ג",1,,true,1,6.90,6.90,false,1,
2048,true,קישואים,אשר שי אלבז *שיק 30 יום*,,,"ק""ג",1,,true,1,8.90,8.90,false,1,
2049,true,קיווי,בראשית - אגודה שיתופית*שיק 45,,,"ק""ג",1,,true,1,8.90,8.90,false,1,
2050,true,פומלית,תעשיות תוצרת חקלאית אביטן בני,,,"ק""ג",1,,true,1,8.90,8.90,false,1,
2054,true,שומר,תעשיות תוצרת חקלאית אביטן בני,,,"ק""ג",1,,true,1,7.90,7.90,false,1,
2056,true,שרי תפזורת,שיווק העשור ירקות הזהב*שיק 30,,,"ק""ג",1,,true,1,17.90,17.90,false,1,
2058,true,תפוא לבן,עוגן שיווק ואריזות בעמ,,,"ק""ג",1,,true,1,3.90,3.90,false,1,
2059,true,תפוזים,הדרי קטיף אריזה ושיווק בעמ*שיק,,,"ק""ג",1,,true,1,4.90,4.90,false,1,
2060,true,תירס ארוז,צמח שיווק תוצרת חקלאית *שיק 30,,,"ק""ג",1,,true,1,12.90,12.90,false,1,
2061,true,פלפל אדום,י.ל. החקלאים שיווק והפצה בעמ*ש,,,"ק""ג",1,,true,1,8.90,8.90,false,1,
2063,true,אגס,טריפל סל בעמ,,,"ק""ג",1,,true,1,12.90,12.90,false,1,
2064,true,כרוב אדום,תעשיות תוצרת חקלאית אביטן בני,,,"ק""ג",1,,true,1,5.90,5.90,false,1,
2067,true,פלפל צהוב,ב.ד. גידול ירקות בעמ*שיק 30 יו,,,"ק""ג",1,,true,1,8.90,8.90,false,1,
2068,true,אפרסמון,מור פירות השרון בעמ* שיק 45 יו,,,"ק""ג",1,,true,1,14.90,14.90,false,1,
2072,true,בצל אדום,רביבו יהודה חקלאות ונכסים בעמ,,,"ק""ג",1,,true,1,6.90,6.90,false,1,
2074,true,שרי ארוז,צימן עגבניות שיווק רמת הנגב בע,,,יח`,1,,false,1,14.90,14.90,false,1,
2082,true,תפוח פינק,בראשית - אגודה שיתופית*שיק 45,,,"ק""ג",1,,true,1,12.90,12.90,false,1,
2095,true,סברס,מהדרין תנופורט יצוא *שיק 30 יו,,,"ק""ג",1,,true,1,24.90,24.90,false,1,
2099,true,שזיף אדום,בועז את עמיר בעמ*שיק 40 יום*,,,"ק""ג",1,,true,1,19.90,19.90,false,1,
2100,true,דלעת יפנית,שוסטר תעשיות מזון בעמ*שיק ל 60,,,"ק""ג",1,,true,1,18.90,18.90,false,1,
2106,true,חבוש,בכורי שדה דרום 2002 בעמ,,,"ק""ג",1,,true,1,7.90,7.90,false,1,
2113,true,פלפל כתום,י.ל. החקלאים שיווק והפצה בעמ*ש,,,"ק""ג",1,,true,1,8.90,8.90,false,1,
2114,true,ערמונים תפזורת,בכורי שדה דרום 2002 בעמ,,,"ק""ג",1,,true,1,15.90,15.90,false,1,
2116,true,קישואים עגולים,עמית בראון שיווק עמ*שיק 40 יום,,,"ק""ג",1,,true,1,9.90,9.90,false,1,
2120,true,תפוא אדום,עוגן שיווק ואריזות בעמ,,,"ק""ג",1,,true,1,4.90,4.90,false,1,
2122,true,רימון,אלדד קליימן שיווק בעמ*שיק 40 י,,,"ק""ג",1,,true,1,9.90,9.90,false,1,
2127,true,ענבים ירוקים טלי,לכיש מושב עובדים להתישבות*30 י,,,"ק""ג",1,,true,1,24.90,24.90,false,1,
2130,true,אנונה,גליל שוק מקומי אגשח*שיק ל60 יו,,,"ק""ג",1,,true,1,16.90,16.90,false,1,
2144,true,קישוא זוקיני,שיווק העשור ירקות הזהב*שיק 30,,,"ק""ג",1,,true,1,9.90,9.90,false,1,
2158,true,תפוזים ברשת,מהדרין תנופורט יצוא *שיק 30 יו,,,"ק""ג",1,,true,1,3.90,3.90,false,1,
2165,true,פטריות תפזורת גדולות למילוי,חוות השמפיניון בעמ,,,"ק""ג",1,,true,1,39.90,39.90,false,1,
2168,true,תפוח ברשת,אמצע השוק בעמ,,,"ק""ג",1,,true,1,5.90,5.90,false,1,
2171,true,פאפיה,עומר יבולים בעמ*שיק ל 60 יום*,,,"ק""ג",1,,true,1,19.90,19.90,false,1,
2173,true,חציל בלדי,י.ל. החקלאים שיווק והפצה בעמ*ש,,,"ק""ג",1,,true,1,8.90,8.90,false,1,
2175,true,עגבנית תמר,שיווק העשור ירקות הזהב*שיק 30,,,"ק""ג",1,,true,1,5.90,5.90,false,1,
2178,true,חצילונים,נווה ירק בעמ,,,"ק""ג",1,,true,1,6.90,6.90,false,1,
2186,true,תפוח גלה,בראשית - אגודה שיתופית*שיק 45,,,"ק""ג",1,,true,1,9.90,9.90,false,1,
2252,true,פטיה,טריג חברה ליבוא ומסחר בעמ,,,"ק""ג",1,,true,1,19.90,19.90,false,1,
9391,true,אוסובוקו עגל טרי מוכשר,אדום אדום - תנובה בקר,,,"ק""ג",1,"ק""ג",true,1,49.90,49.90,true,1,
10106,true,צוואר צלעות עגל עע חלק,אדום אדום - תנובה בקר,,,"ק""ג",1,,true,1,49.90,49.90,false,1,
12124,true,חזה עגל חלק מו,אדום אדום - תנובה בקר,,,"ק""ג",1,"ק""ג",true,1,49.90,49.90,true,1,
18218,true,שייטל עגל טרי חלק,אדום אדום - תנובה בקר,,,"ק""ג",1,,true,1,89.90,89.90,false,1,
47485,true,בולגרית פיראוס 24% פח 3  קג`תנובה,תנובה - חלב,,,"ק""ג",1000,גרם,true,1,56,5.60,false,1,
81816,true,אוסובוקו עגל טרי חלק,אדום אדום - תנובה בקר,,,"ק""ג",1,"ק""ג",true,1,49.90,49.90,false,1,
89652,true,סטייק עם עצם חלק,אדום אדום - תנובה בקר,,,"ק""ג",1,"ק""ג",true,1,118,118,true,1,
207767,true,אזני פיל בונז`ור,קבוצת אסם סחר שות. מוגבלת,,,"ק""ג",1000,גרם,true,1,26,2.60,false,1,
328900,true,נפוליאון טבעי גבינת שמנת 25% מעדניה,תנובה - חלב,,,"ק""ג",1000,גרם,true,1,46,4.60,false,1,
328917,true,נפוליאון זיתים גבינת שמנת 24% מעדניה,תנובה - חלב,,,"ק""ג",1000,גרם,true,1,46,4.60,false,1,
328924,true,נפוליאון שום שמיר גבינת שמנת 25% מעדניה,תנובה - חלב,,,"ק""ג",1000,גרם,true,1,46,4.60,false,1,
352145,true,שריר עגל טרי חלק,אדום אדום - תנובה בקר,,,"ק""ג",1,,true,1,64.90,64.90,false,1,
365510,true,צלי כתף טרי חלק,אדום אדום - תנובה בקר,,,"ק""ג",1,,true,1,89.90,89.90,false,1,
395408,true,גבנצ 28% נעם חריץ פיקוח מעדנייה,החב` המרכזית - טרה,,,"ק""ג",1000,גרם,true,1,44.79,4.48,false,1,
395422,true,גבנצ 22% נעם חריץ פיקוח מעדנייה,החב` המרכזית - טרה,,,"ק""ג",1000,גרם,true,1,42.58,4.26,false,1,
481043,true,פיתות כוסמין 10  יח`700 גר`,דגנית עין בר תעשיות מזון ואפיה,,,יח`,700,גרם,false,1,13.90,1.99,false,1,
616575,true,גרון הודו קפוא,ג.ת. שיווק בן בקר בעמ,,,"ק""ג",1000,גרם,true,1,24.90,2.49,false,1,
632599,true,ירכיים עוף-עטרה,נטו מלינדה סחר - עטרה,,,"ק""ג",1,,true,1,31.90,31.90,false,1,
659312,true,פילה סלמון תנובה בואקום קפוא,תנובה קפואים,,,"ק""ג",1,,true,1,74.90,74.90,false,1,
684123,true,כתף טרי חלק ללא עצם,אדום אדום - תנובה בקר,,,"ק""ג",1,,true,1,79.90,79.90,true,1,
753218,true,חצי בגט,מאפיית קציר חיטים בעמ,,,יח`,1,,false,1,3.90,3.90,false,1,
787879,true,7ב...לחמניות מאפית,קבוצת אסם סחר שות. מוגבלת,,,יח`,1,,false,1,10.90,10.90,false,1,
1003756,true,חזה עוף שלם טרי ארוז חבד,מרכז הבשר (2001) ירושלים בעמ,,,"ק""ג",1,,true,1,35.90,35.90,false,1,
1003763,true,כרעיים עוף טרי ארוז חבד,מרכז הבשר (2001) ירושלים בעמ,,,"ק""ג",1,,true,1,35.90,35.90,false,1,
1003770,true,כנפיים עוף טרי ארוז חבד,מרכז הבשר (2001) ירושלים בעמ,,,"ק""ג",1,,true,1,16.90,16.90,false,1,
1003817,true,שניצל עוף טרי ארוז חבד,מרכז הבשר (2001) ירושלים בעמ,,,"ק""ג",1,,true,1,38.90,38.90,false,1,
1003886,true,כרעיים עוף קפוא חבד,עוף ירושלים שיווק בעמ,,,"ק""ג",1,,true,1,35.90,35.90,false,1,
1003916,true,חזה עוף קפוא חבד,עוף ירושלים שיווק בעמ,,,"ק""ג",1,,true,1,34.90,34.90,false,1,
1003923,true,כנפיים עוף קפוא חבד,עוף ירושלים שיווק בעמ,,,"ק""ג",1,,true,1,19.90,19.90,false,1,
1003930,true,שוקיים עוף קפוא חבד,עוף ירושלים שיווק בעמ,,,"ק""ג",1,,true,1,39.90,39.90,false,1,
1003954,true,שניצל עוף קפוא חבד,עוף ירושלים שיווק בעמ,,,"ק""ג",1,,true,1,37.90,37.90,false,1,
1053577,true,שריר הזרוע  מס`8 קפוא חבד,בלדי בעמ,,,"ק""ג",1,,true,1,49.90,49.90,false,1,
1209103,true,עוף קפוא טחון מהדרין עטרה (500 גרם),נטו מלינדה סחר - עטרה,,,יח`,500,גרם,false,1,13.90,2.78,false,1,
1230331,true,כאמל בוקס,גלוברנדס בעמ - שיווק סיגריות,,,יח`,1,,false,1,34,34,true,1,
1231932,true,וינסטון כחול בוקס,גלוברנדס בעמ - שיווק סיגריות,,,יח`,1,,false,1,33.50,33.50,true,1,
1235938,true,וינסטון כחול ארוך,גלוברנדס בעמ - שיווק סיגריות,,,יח`,1,,false,1,33.50,33.50,true,1,
1319161,true,בשר  מס`3 חזה,נחמיה לחוביץ בעמ,,,"ק""ג",1,,true,1,29.90,29.90,false,1,
1434751,true,טחון להמבורגר מאנטריקוט כשר,אדום אדום - תנובה בקר,,,"ק""ג",1,,true,1,49.90,49.90,false,1,
1516065,true,חזה עוף פרוס דק דק טרי ארוז,קורניש חן (1987) בעמ,,,"ק""ג",1,,true,1,37.90,37.90,true,1,
1710289,true,דג מקרל ארוז,בלדי בעמ,,,"ק""ג",1,,true,1,19.90,19.90,false,1,
1714898,true,בשר ראש עגל קפוא מוביל,נחמיה לחוביץ בעמ,,,"ק""ג",0,גרם,true,1,59.90,59.90,false,1,
1714959,true,לשון עגל קפוא מוכשר מוביל,נחמיה לחוביץ בעמ,,,"ק""ג",0,גרם,true,1,29.90,29.90,false,1,
2206019,true,כרעיים עוף טרי ארוז,קורניש חן (1987) בעמ,,,"ק""ג",1,,true,1,25.90,25.90,true,1,
2206026,true,ירך עוף טרי ארוז,קורניש חן (1987) בעמ,,,"ק""ג",1,,true,1,25.90,25.90,true,1,
2206033,true,שוקיים עוף טרי ארוז,קורניש חן (1987) בעמ,,,"ק""ג",1,,true,1,29.90,29.90,false,1,
2206040,true,כנפיים עוף טרי ארוז,קורניש חן (1987) בעמ,,,"ק""ג",1,,true,1,12.90,12.90,true,1,
2206057,true,חזה עוף טרי שלם ארוז,קורניש חן (1987) בעמ,,,"ק""ג",1,,true,1,32.90,32.90,true,1,
2206101,true,סטייק פרגית ללא עור,קורניש חן (1987) בעמ,,,"ק""ג",1,,true,1,54.90,54.90,false,1,
2206118,true,כבד עוף לצליה טרי ארוז,קורניש חן (1987) בעמ,,,"ק""ג",1,,true,1,15.90,15.90,false,1,
2206125,true,לבבות עוף טרי ארוז,קורניש חן (1987) בעמ,,,"ק""ג",1,,true,1,26.90,26.90,false,1,
2206149,true,טחול עוף טרי ארוז,קורניש חן (1987) בעמ,,,"ק""ג",1,,true,1,59.90,59.90,false,1,
2206385,true,גרון הודו נקבה טרי ארוז,קורניש חן (1987) בעמ,,,"ק""ג",1,,true,1,25.90,25.90,false,1,
2300878,true,גבינת צדר אנגלית במשקל,א. סיימן סחר בעמ,,,"ק""ג",1000,גרם,true,1,125,12.50,false,1,
2300885,true,גבינת צ`דר אנגלי כתום משקל,א. סיימן סחר בעמ,,,"ק""ג",1000,גרם,true,1,125,12.50,false,1,
2370529,true,גבינת שמנת למעדניה 30%,ג.וילי-פוד אינטרנשיונל **גבינו,,,"ק""ג",1000,גרם,true,1,39.90,3.99,false,1,
2461098,true,נילוס פרוס,נ.ת.נ.ג.ב החזקות יעוץ וניהול ב,,,"ק""ג",1,,true,1,59.90,59.90,false,1,
2502043,true,לחמניה כריך לבן בונז`ור,קבוצת אסם סחר שות. מוגבלת,,,יח`,100,גרם,false,1,3.90,3.90,true,1,
2502067,true,חלה קלועה בונז`ור,קבוצת אסם סחר שות. מוגבלת,,,יח`,1,,false,1,11.90,11.90,true,1,
2502166,true,חצי באגט בונז`ור,קבוצת אסם סחר שות. מוגבלת,,,יח`,1,,false,1,3.90,3.90,true,1,
2519157,true,נתח קצבים טרי חלק סרעפת מו,אדום אדום - תנובה בקר,,,"ק""ג",1,,true,1,99,99,false,1,
2519409,true,צוואר ללא עצם חלק טרי מו,אדום אדום - תנובה בקר,,,"ק""ג",1,,true,1,59.90,59.90,true,1,
2519461,true,אסאדו טרי חלק,אדום אדום - תנובה בקר,,,"ק""ג",0,"ק""ג",true,1,59.90,59.90,false,1,
2519508,true,לשון עגל טרי חלק,אדום אדום - תנובה בקר,,,"ק""ג",1,,true,1,59.90,59.90,false,1,
2519539,true,בשר ראש טרי חלק מ,אדום אדום - תנובה בקר,,,"ק""ג",1,,true,1,49.90,49.90,false,1,
2519607,true,קיט נתחים לקצב טחון חלק,אדום אדום - תנובה בקר,,,"ק""ג",1,,true,1,49.90,49.90,true,1,
2519768,true,לב עגל טרי חלק,אדום אדום - תנובה בקר,,,"ק""ג",1,"ק""ג",true,1,24.90,24.90,false,1,
2519980,true,צלעות ללא עצם חלק טרי מוב,אדום אדום - תנובה בקר,,,"ק""ג",1,,true,1,59.90,59.90,true,1,
2612087,true,סטייק אנטריקוט טרי יבוא חלק ארגנטיני,בלדי בעמ,,,"ק""ג",1,,true,1,149,149,false,1,
2750406,true,סופגניה פילסברי,קונסיגנציה ג`נרל מילס ישראל בע,,,יח`,1,,false,1,4.90,4.90,false,1,
2930808,true,רבע כבש חלק קפוא,מאסטרפוד בעמ,,,"ק""ג",1,,true,1,79.90,79.90,false,1,
3001620,true,בשר  מס`2 צלעות,נחמיה לחוביץ בעמ,,,"ק""ג",1,,true,1,29.90,29.90,false,1,
3163847,true,בשר  מס`4 כתף בקר .,נחמיה לחוביץ בעמ,,,"ק""ג",1,,true,1,29.90,29.90,false,1,
3444009,true,חטיף שוקולד חלב עם חמאת בוטנים הרשי 42 ג,ליימן שליסל בעמ,,,יח`,1,,false,1,3.90,3.90,false,1,
3571154,true,סטייק טונה בוואקום מוביל,נ.ת.נ.ג.ב החזקות יעוץ וניהול ב,,,"ק""ג",1,,true,1,49.90,49.90,false,1,
3632367,true,פילה ברבוניה,נ.ת.נ.ג.ב החזקות יעוץ וניהול ב,,,יח`,400,גרם,false,1,19.90,4.98,false,1,
3632404,true,פילה מרלוזה ארגנטיני ללא עור מוביל,בלדי בעמ,,,"ק""ג",1,,true,1,32.90,32.90,false,1,
3703227,true,חצי באגט סובין בונז`ור,קבוצת אסם סחר שות. מוגבלת,,,יח`,1,,false,1,3.90,3.90,false,1,
3796021,true,רצועות לטחינה /בשר לחמין קפוא,נחמיה לחוביץ בעמ,,,"ק""ג",1,,true,1,19.90,19.90,false,1,
3893843,true,פילה מושט ללא עור,בלו פיש גורמה סולושנס בעמ,,,"ק""ג",1,,true,1,29.90,29.90,false,1,
4033705,true,הבורגריה לחמניות המבוגר ביג לוקס 6 יח`,י.את א. ברמן בעמ,,,יח`,600,גרם,false,1,13.50,2.25,false,1,
4033712,true,לחם עננים מקמח מלא 750 גרם.,י.את א. ברמן בעמ,,,יח`,750,גרם,false,1,15.50,2.07,true,1,
4033736,true,לחם עננים בסגנון בריוש 500 גר`,י.את א. ברמן בעמ,,,יח`,500,גרם,false,1,13.90,2.78,true,1,
4136291,true,צפתית/מעודנת 5%,תנובה - חלב,,,"ק""ג",1000,גרם,true,1,51,5.10,false,1,
4136833,true,בולגרית פיראוס %16למעדניה,תנובה - חלב,,,"ק""ג",1000,גרם,true,1,58,5.80,false,1,
4193324,true,כתף כבש קפוא חלק מוביל,עוף ירושלים שיווק בעמ,,,"ק""ג",1,,true,1,79.90,79.90,false,1,
4194208,true,מחפוד-כרעיים קפוא,עוף ירושלים שיווק בעמ,,,"ק""ג",0,"ק""ג",true,1,31.90,31.90,false,1,
4194239,true,מחפוד-חזה עוף קפוא,עוף ירושלים שיווק בעמ,,,"ק""ג",1,,true,1,31.90,31.90,false,1,
4194253,true,מחפוד-כנפיים עוף קפוא,עוף ירושלים שיווק בעמ,,,"ק""ג",1,,true,1,12.90,12.90,false,1,
4194260,true,מחפוד-שוקיים עוף קפוא,עוף ירושלים שיווק בעמ,,,"ק""ג",1,,true,1,31.90,31.90,false,1,
4194529,true,מחפוד עוף טרי ארוז,קורניש חן (1987) בעמ,,,"ק""ג",1,,true,1,22.90,22.90,false,1,
4194536,true,מחפוד חזה עוף טרי ארוז,קורניש חן (1987) בעמ,,,"ק""ג",1,,true,1,33.90,33.90,true,1,
4194543,true,מחפוד כרעיים עוף טרי ארוז,קורניש חן (1987) בעמ,,,"ק""ג",1,,true,1,33.90,33.90,true,1,
4194550,true,מחפוד כנפיים עוף טרי ארוז,קורניש חן (1987) בעמ,,,"ק""ג",1,,true,1,13.90,13.90,false,1,
4194567,true,מחפוד ירכיים עוף טרי ארוז,קורניש חן (1987) בעמ,,,"ק""ג",1,,true,1,33.90,33.90,true,1,
4194574,true,מחפוד שוקיים עוף טרי ארוז,קורניש חן (1987) בעמ,,,"ק""ג",1,,true,1,32.90,32.90,false,1,
4194635,true,מחפוד שניצל עוף טרי ארוז,קורניש חן (1987) בעמ,,,"ק""ג",1,,true,1,34.90,34.90,false,1,
4220310,true,ירכיים עוף טרי ארוז חבד,נטו מלינדה סחר - עטרה,,,"ק""ג",1,,true,1,35.90,35.90,false,1,
4256180,true,גבינת גאודה חצי קשה,נטו מלינדה סחר בעמ,,,"ק""ג",1000,גרם,true,1,79,7.90,false,1,
4256685,true,סטייק אנטריקוט טרי יבוא מוכשר ארגנטיני,בלדי בעמ,,,"ק""ג",1,,true,1,149,149,false,1,
4456351,true,שריר הזרוע מס 8 אשפר נווה ציון .,ישראל פלדמן בעמ,,,"ק""ג",1,,true,1,44.90,44.90,false,1,
4649159,true,בשר  מס`5 צלי כתף חלק מוביל,נחמיה לחוביץ בעמ,,,"ק""ג",1,,true,1,59.90,59.90,false,1,
4725426,true,עמק פיקוח 28% חריץ צהובה,תנובה - חלב,,,"ק""ג",1000,גרם,true,1,44.79,4.48,false,1,
5358005,true,נסיכת הנילוס שלם,נ.ת.נ.ג.ב החזקות יעוץ וניהול ב,,,"ק""ג",1,,true,1,42.90,42.90,false,1,
5384899,true,גבינת פטינה 21% מעדניה,ג.וילי-פוד אינטרנשיונל **גבינו,,,"ק""ג",1000,גרם,true,1,27,2.70,false,1,
6131188,true,פילה סלמון,נ.ת.נ.ג.ב החזקות יעוץ וניהול ב,,,"ק""ג",1,,true,1,69.90,69.90,false,1,
6131706,true,פילה אמנון (מושט) קפוא,נחמיה לחוביץ בעמ,,,"ק""ג",1,,true,1,24.90,24.90,false,1,
6131829,true,פילה סלמון מנות,נ.ת.נ.ג.ב החזקות יעוץ וניהול ב,,,"ק""ג",1,,true,1,79.90,79.90,false,1,
6131935,true,טונה פרוס בוואקום,נ.ת.נ.ג.ב החזקות יעוץ וניהול ב,,,"ק""ג",1,,true,1,39.90,39.90,false,1,
6210203,true,בורקס תפוא בונז`ור,קבוצת אסם סחר שות. מוגבלת,,,"ק""ג",1000,גרם,true,1,39,3.90,false,1,
6210340,true,ביס שוקולד בונז`ור,קבוצת אסם סחר שות. מוגבלת,,,"ק""ג",1000,גרם,true,1,39,3.90,false,1,
6210661,true,באגט בונז`ור,קבוצת אסם סחר שות. מוגבלת,,,יח`,1,,false,1,5.90,5.90,true,1,
6210876,true,לחמניות אצבע בונז`ור,קבוצת אסם סחר שות. מוגבלת,,,יח`,1,,false,1,2.90,2.90,false,1,
6464828,true,בשר  מס`8 שריר,ישראל פלדמן בעמ,,,"ק""ג",1,,true,1,39.90,39.90,false,1,
6511010,true,פרמז`נו במשקל,ג.וילי-פוד אינטרנשיונל **גבינו,,,"ק""ג",1000,גרם,true,1,100,10,false,1,
8211147,true,גבינת גאודה חצי קשה,א. סיימן סחר בעמ,,,"ק""ג",1000,גרם,true,1,120,12,false,1,
8577267,true,עוף טרי שלם ארוז,קורניש חן (1987) בעמ,,,"ק""ג",1,,true,1,19.90,19.90,true,1,
8618007,true,דג פילה סלמון טרי פרוס מגש,מאסטרפוד בעמ,,,"ק""ג",1,,true,1,109,109,false,1,
8618021,true,דג פילה דניס טרי מגש,מאסטרפוד בעמ,,,"ק""ג",1,,true,1,119,119,false,1,
8618038,true,פילה לברק טרי מגש,מאסטרפוד בעמ,,,"ק""ג",1,,true,1,126,126,false,1,
8618083,true,פילה אמנון טרי מגש,מאסטרפוד בעמ,,,"ק""ג",1,,true,1,79.90,79.90,false,1,
9026177,true,לחם כהה אחיד פיקוח,י.את א. ברמן בעמ,,,יח`,750,גרם,false,1,3.90,0.52,false,1,
40345123,true,סמרטיז גליל סוכריות 38 גר`,קבוצת אסם סחר שות. מוגבלת,,,יח`,38,גרם,false,1,2.90,7.63,true,1,
59013662,true,רול און קקאו 50 מל דאב,יוניליוור ישראל שיווק בעמ,,,יח`,50,גרם,false,1,14.90,29.80,false,1,
59068907,true,פאל מאל כול דמי סלימס,גלוברנדס בעמ - שיווק סיגריות,,,יח`,1,,false,1,29,29,true,1,
59068914,true,פאל מאל סילבר דמי סלימס בודד,גלוברנדס בעמ - שיווק סיגריות,,,יח`,1,,false,1,29,29,true,1,
59081630,true,דאודורנט רול און קוקוס  ויסמין( 50 מל),יוניליוור ישראל שיווק בעמ,,,יח`,50,גרם,false,1,14.90,29.80,false,1,
59085645,true,דאודורנט רול און אסאי (50 מל),יוניליוור ישראל שיווק בעמ,,,יח`,50,גרם,false,1,14.90,29.80,true,1,
72940754,true,מילקי וניל,שטראוס גרופ בעמ/מצונן,,,יח`,130,"מ""ל",false,1,2.80,2.15,false,1,
72940761,true,מילקי שוקו,שטראוס גרופ בעמ/מצונן,,,יח`,130,"מ""ל",false,1,2.90,2.23,false,1,
72940952,true,מילקי פי 2 קצפת,שטראוס גרופ בעמ/מצונן,,,יח`,170,"מ""ל",false,1,3.90,2.29,false,1,
72940976,true,כרוב אדום 250,שטראוס גרופ בעמ/מצונן,,,יח`,250,גרם,false,1,8.90,3.56,false,1,
72941041,true,מילקי מיני שוקולד,שטראוס גרופ בעמ/מצונן,,,יח`,130,"מ""ל",false,1,2,1.54,false,1,
72945308,true,שמרים טריים קובייה שמרית (50 גרם),שטראוס גרופ בעמ/מצונן,,,יח`,50,גרם,false,1,3.50,7,false,1,
72961209,true,שמנית 15% 200 מל בדצ פיקוח,תנובה - חלב,,,יח`,200,"מ""ל",false,1,2.40,1.20,false,1,
72961216,true,אשל 4.5% 200 מל פיקוח,תנובה - חלב,,,יח`,200,"מ""ל",false,1,1.69,0.85,false,1,
72961223,true,גיל 3% 200 מל בדצ פיקוח,תנובה - חלב,,,יח`,200,"מ""ל",false,1,1.51,0.76,false,1,
72961506,true,יוגורט עם תות 1.5% פרילי (125 גרם),תנובה - חלב,,,יח`,125,"מ""ל",false,1,3.50,2.80,false,1,
72961544,true,יוגורט בטעם תות שדה 3% באדי (125 גרם),תנובה - חלב,,,יח`,125,"מ""ל",false,1,3,2.40,false,1,
72963753,true,שמנת של פעם 27% תנובה (200 גרם),תנובה - חלב,,,יח`,200,"מ""ל",false,1,4.20,2.10,false,1,
72964132,true,טבעגורט 200מל ל,תנובה - חלב,,,יח`,200,"מ""ל",false,1,5.10,2.55,false,1,
72983997,true,גולף גולד 100 קופסא קשיחה,דובק בעמ,,,יח`,1,,false,1,35,35,true,1,
72991374,true,טיים רד,דובק בעמ,,,יח`,1,,false,1,32.50,32.50,true,1,
72991381,true,טיים 100 ארוך בודד,דובק בעמ,,,יח`,1,,false,1,28,28,false,1,
72991428,true,ברודווי 100,דובק בעמ,,,יח`,1,,false,1,33,33,true,1,
72991466,true,גולף גולד 100,דובק בעמ,,,יח`,1,,false,1,35,35,true,1,
72991497,true,נובלס פילטר,דובק בעמ,,,יח`,1,,false,1,32.50,32.50,true,1,
72993637,true,דני שוקולד בודד,שטראוס גרופ בעמ/מצונן,,,יח`,125,"מ""ל",false,1,2.60,2.08,false,1,
72994061,true,Good2 פסק זמן 36 גרם,שטראוס גרופ בעמ,,,יח`,36,גרם,false,1,4.90,13.61,false,1,
76136184,true,פאל מאל סופר סלים כחול,גלוברנדס בעמ - שיווק סיגריות,,,יח`,1,,false,1,30,30,true,1,
80052760,true,בואנו קינדר בודד,פרימיום-חברה לדברי מתיקה ולמסח,,,יח`,1,,false,1,3.90,3.90,false,1,
80136194,true,חטיף היפו אגוזי לוז 5 יח,פרימיום-חברה לדברי מתיקה ולמסח,,,יח`,90,גרם,false,1,11.90,13.22,false,1,
80176800,true,ממרח אגוזי לוז נוטלה (750 גרם),פרימיום-חברה לדברי מתיקה ולמסח,,,יח`,750,גרם,false,1,24.90,3.32,false,1,
80177173,true,ממרח אגוזי לוז נוטלה (350 גרם),פרימיום-חברה לדברי מתיקה ולמסח,,,יח`,350,גרם,false,1,14.90,4.26,false,1,
80177616,true,אצבעות שוקולד קינדר (8  יח`- 100 גרם),פרימיום-חברה לדברי מתיקה ולמסח,,,יח`,1,,false,1,7.90,7.90,false,1,
80310167,true,קינדר מקסי שישיה,פרימיום-חברה לדברי מתיקה ולמסח,,,יח`,125,גרם,false,1,9.90,7.92,false,1,
80761761,true,קינדר בואנו לבן בודד 0.43 גר`,פרימיום-חברה לדברי מתיקה ולמסח,,,יח`,43,גרם,false,1,3.90,9.07,false,1,
80773443,true,מסטיק מנטוס בטעם מנטה עדין ללס,ליימן שליסל בעמ,,,יח`,60,גרם,false,1,9.90,16.50,true,1,
80804697,true,מסטיק מנטוס וויט ביג טעם מנטה מתוקה ללס,ליימן שליסל בעמ,,,יח`,105,גרם,false,1,16.90,16.10,true,1,
80831402,true,סוכריות מנטוס מנטה עדינה ללס clean bera,ליימן שליסל בעמ,,,יח`,1,,false,1,6.90,6.90,true,1,
80843184,true,מסטיק מנטוס טעם ענבים ללס 60 גר,ליימן שליסל בעמ,,,יח`,60,גרם,false,1,9.90,16.50,true,1,
80854753,true,סוכריות מנטוס מנטה ללס,ליימן שליסל בעמ,,,יח`,1,,false,1,6.90,6.90,true,1,
80896081,true,מסטיק מנטוס פיור פרש טעם אבטיח ללס 60 ג,ליימן שליסל בעמ,,,יח`,60,גרם,false,1,9.90,16.50,true,1,
80913467,true,מסטיק מנטוס טעם מנטה ללס 60 גר,ליימן שליסל בעמ,,,יח`,60,גרם,false,1,9.90,16.50,true,1,
80979128,true,מסטיק מנטוס טעם דובדבן ללס 60 גר,ליימן שליסל בעמ,,,יח`,60,גרם,false,1,9.90,16.50,true,1,
87108538,true,סוכריות לעיסה בטעם תות מנטוס (37.5 גרם),ליימן שליסל בעמ,,,יח`,37,גרם,false,1,3.90,10.54,false,1,
87311396,true,מנטוס גליל 7 טעמים,ליימן שליסל בעמ,,,יח`,37.50,גרם,false,1,3.90,10.40,false,1,
87342802,true,דאודורנט רול און גולד אקס 50 מל,יוניליוור ישראל שיווק בעמ,,,יח`,50,"מ""ל",false,1,14.90,29.80,true,1,
90162602,true,משקה אנרגיה רד בול (250 מל),דיפלומט היינץ,,,יח`,250,"מ""ל",false,1,5.90,2.24,true,1,
90162800,true,רד בול משקה אנרגיה 250 מל ללס,דיפלומט היינץ,,,יח`,250,"מ""ל",false,1,5.90,2.24,true,1,
90446269,true,משקה אנרגיה רד בול (250 מל),דיפלומט היינץ,,,יח`,250,"מ""ל",false,1,5.90,2.24,true,1,
96130339,true,דאב רול און אורגינל  (500% מל),יוניליוור ישראל שיווק בעמ,,,יח`,50,גרם,false,1,14.90,29.80,true,1,
9800800056,true,נוטלה אנד גו 52 גרם,פרימיום-חברה לדברי מתיקה ולמסח,,,יח`,52,גרם,false,1,5.50,10.58,false,1,
11210000094,true,טבסקו 60 מל,ציון תורג`מן בעמ,,,יח`,60,"מ""ל",false,1,12.90,21.50,false,1,
16000185517,true,פייבר וואן 555 גר`,קבוצת אסם סחר שות. מוגבלת,,,יח`,555,גרם,false,1,22.90,4.13,true,1,
16000423534,true,נייטשר וואלי 210  גר`שיבולת שועל ושוקולד,ליימן שליסל בעמ,,,יח`,210,גרם,false,1,14.90,7.10,false,1,
16000548404,true,נייטשר וואלי 210  גר`שיבולת שועל ודבש,ליימן שליסל בעמ,,,יח`,175,גרם,false,1,14.90,8.51,false,1,
16000548909,true,נייטשר וואלי 210  גר`מעורב,ליימן שליסל בעמ,,,יח`,210,גרם,false,1,14.90,7.10,false,1,
22200956932,true,ספיד סטיק 24/7 ג`ל כחול,ש.שסטוביץ בעמ,,,יח`,0,גרם,false,1,16.90,16.90,false,1,
22200956949,true,ספיד סטיק 24/7 ג`ל קול פיוזן יבוא מקביל,בית הצעצוע בעמ,,,יח`,51,גרם,false,1,14.90,29.22,false,1,
35000458476,true,מברשת שיניים ילדים 2+ מארז רביעייה קולגי,ש.שסטוביץ בעמ,,,יח`,1,,false,1,19.90,19.90,false,1,
37600207188,true,חמאת בוטנים קלאסי 462ג סקיפי,דיפלומט היינץ,,,יח`,462,גרם,false,1,19.90,4.31,false,1,
38000138607,true,פרינגלס מלח וחומץ 158 גר`,דיפלומט היינץ,,,יח`,158,גרם,false,1,8.90,5.63,true,1,
38000197840,true,פרינגלס ברביקיוו 137  גר`Wavy,דיפלומט היינץ,,,יח`,137,גרם,false,1,8.90,6.50,true,1,
38000202278,true,פרינגלס אורגינל 130  גר`Wavy,דיפלומט היינץ,,,יח`,130,גרם,false,1,8.90,6.85,true,1,
38000232152,true,פרינגלס ברביקיו 158 גר`,דיפלומט היינץ,,,יח`,158,גרם,false,1,8.90,5.63,true,1,
38000232176,true,פרינגלס שמנת בצל 158 גר`,דיפלומט היינץ,,,יח`,158,גרם,false,1,8.90,5.63,true,1,
38000232183,true,פרינגלס אורגינל 149 גר`,דיפלומט היינץ,,,יח`,149,גרם,false,1,8.90,5.97,true,1,
55500012046,true,תרסיס ניקוי כללי כלורוקס (946 מל),גורי מוצרי צריכה (1991) בעמ,,,יח`,946,"מ""ל",false,1,20.90,2.21,false,1,
64144090051,true,תרסיס שמן קנולה פאם (148 מל),ליימן שליסל בעמ,,,יח`,148,"מ""ל",false,1,20.90,14.12,false,1,
77343000127,true,נר נשמה 26 שעות.,אבאל יזמות בעמ,,,יח`,1,,false,1,2.50,2.50,false,1,
77343000233,true,נרות חימום מנורה שי נר) (50,אבאל יזמות בעמ,,,יח`,1,,false,1,9.90,9.90,true,1,
77343001117,true,נרות שבת 72 רגיל,אבאל יזמות בעמ,,,יח`,1,,false,1,29.90,29.90,false,1,
77975094624,true,סניידרס שברי בייגלה במילוי חמאת בוטנים 2,ליימן שליסל בעמ,,,יח`,283.50,גרם,false,1,14.90,5.26,true,1,
77975094761,true,סניידרס שברי בייגל בטעם גבינת צ`אדר,ליימן שליסל בעמ,,,יח`,340,גרם,false,1,14.90,4.38,true,1,
77975094778,true,סניידרס שברי בייגל בטעם דבש וחרדל 340 גר,ליימן שליסל בעמ,,,יח`,340,גרם,false,1,14.90,4.38,true,1,
83581101713,true,ניילון נצמד הנמל (150  מטר).,הנמל אריזות ושיווק (1984) בעמ,,,יח`,1,,false,1,15.90,15.90,false,1,
634065859329,true,אוזניות שחור imx,קונסיגנציה-איי.איקס.אם ישראל ב,,,יח`,1,,false,1,28.90,28.90,false,1,
693493065658,true,טחינה הר כנען 100% שומשום 1קג,אבאל יזמות בעמ,,,יח`,1,"ק""ג",false,1,26.90,26.90,true,1,
693493168786,true,תמר מג`הול גמבו 1קג,סהר ותמר בעמ,,,יח`,1000,גרם,false,1,25,2.50,false,1,
710535495539,true,אורז בסמטי  (96% 1  קג) AVEL,אבאל יזמות בעמ,,,יח`,1,"ק""ג",false,1,11.90,11.90,true,1,
728229123590,true,חטיף צ`יפס אורגינל טרה (110  גרם)כשר לפס,משה סידס ובנו בעמ,,,יח`,110,גרם,false,1,14.90,13.55,true,1,
728229123811,true,חטיף צ`יפס ים תיכוני טרה (110 גרם),משה סידס ובנו בעמ,,,יח`,110,גרם,false,1,14.90,13.55,true,1,
728229130154,true,חטיף טרה צ`יפס 110 גר`,משה סידס ובנו בעמ,,,יח`,110,גרם,false,1,14.90,13.55,true,1,
835811000396,true,נייר אפייה לתבנית מוארכות 30 יח הנמל,הנמל אריזות ושיווק (1984) בעמ,,,יח`,1,,false,1,9.90,9.90,false,1,
835811000440,true,צלחות 1  קג`קרם הנמל,הנמל אריזות ושיווק (1984) בעמ,,,יח`,1,,false,1,39.90,39.90,false,1,
835811001591,true,גביעי איחסון 8 ח`+מכסה 0.5 ליטר הנמל,הנמל אריזות ושיווק (1984) בעמ,,,יח`,1,,false,1,5.90,5.90,false,1,
835811001652,true,כוס לשתיה קרה 330 סמק 40  יח`הנמל,הנמל אריזות ושיווק (1984) בעמ,,,יח`,1,,false,1,9.90,9.90,false,1,
835811001676,true,מגש הכסף תבנית מלבןגדול 9 יח`,הנמל אריזות ושיווק (1984) בעמ,,,יח`,1,,false,1,9.90,9.90,false,1,
835811003427,true,צלחות גדול מקנה סוכר 1 קג הנמל,הנמל אריזות ושיווק (1984) בעמ,,,יח`,1,,false,1,36.90,36.90,true,1,
835811003458,true,מזלגות אלגנט שקוף 50 יח` הנמל,הנמל אריזות ושיווק (1984) בעמ,,,יח`,1,,false,1,9.90,9.90,true,1,
835811003472,true,כפות אלגנט שקוף 50 יח` הנמל,הנמל אריזות ושיווק (1984) בעמ,,,יח`,1,,false,1,9.90,9.90,true,1,
835811003489,true,כפיות אלגנט שקוף 50 יח` הנמל,הנמל אריזות ושיווק (1984) בעמ,,,יח`,1,,false,1,9.90,9.90,true,1,
835811003588,true,צלחות קלאסי גדול לבן 65 יח` הנמל,הנמל אריזות ושיווק (1984) בעמ,,,יח`,1,,false,1,34.90,34.90,true,1,
835811003595,true,צלחות קלאסי קטן לבן 65 יח`,הנמל אריזות ושיווק (1984) בעמ,,,יח`,1,,false,1,24.90,24.90,true,1,
835811003823,true,קופסת איחסון מלבן 1 ליטר הנמל 5 יח,הנמל אריזות ושיווק (1984) בעמ,,,יח`,1,,false,1,9.90,9.90,false,1,
835811004189,true,פירורי לחם הנמל (800גרם),הנמל אריזות ושיווק (1984) בעמ,,,יח`,800,גרם,false,1,9.90,1.24,false,1,
835811004219,true,מפה שולחן 8 יח עבה ניילון הנמל,הנמל אריזות ושיווק (1984) בעמ,,,יח`,45,גרם,false,1,9.90,22,false,1,
835811004226,true,מפת שולחן עבה בגליל 45 מטר,הנמל אריזות ושיווק (1984) בעמ,,,יח`,1,,false,1,34.90,34.90,true,1,
835811004318,true,צלחות ונציה גדול שקוף נצנצים 10  יח`הנמל,הנמל אריזות ושיווק (1984) בעמ,,,יח`,1,,false,1,18.90,18.90,false,1,
835811004417,true,ריבת חלב 340 גר הנמל,הנמל אריזות ושיווק (1984) בעמ,,,יח`,340,גרם,false,1,11.90,3.50,false,1,
835811004424,true,חלב מרוכז 340 גר הנמל,הנמל אריזות ושיווק (1984) בעמ,,,יח`,340,גרם,false,1,11.90,3.50,false,1,
835811004509,true,קערה פסים גדולה לסלט ענק הנמל,הנמל אריזות ושיווק (1984) בעמ,,,יח`,1,,false,1,8.90,8.90,false,1,
835811004707,true,פרורי לחם מוזהבים הנמל (440 גרם),הנמל אריזות ושיווק (1984) בעמ,,,יח`,440,גרם,false,1,5.90,1.34,false,1,
835811005018,true,כוסות יהלום 50 יח` הנמל,הנמל אריזות ושיווק (1984) בעמ,,,יח`,1,,false,1,15.90,15.90,true,1,
835811005421,true,מקלות עבים לשיפודים 75  יח`הנמל,הנמל אריזות ושיווק (1984) בעמ,,,יח`,1,,false,1,2.90,2.90,false,1,
835811005704,true,נייר עטיפה לכריכים 100  יח`הנמל,הנמל אריזות ושיווק (1984) בעמ,,,יח`,1,,false,1,9.90,9.90,false,1,
835811005810,true,מגש הכסף תבנית מרובע קטן +מכסה 10 יח`,הנמל אריזות ושיווק (1984) בעמ,,,יח`,1,,false,1,9.90,9.90,false,1,
835811005933,true,מגש הכסף תבנית אלומ` ענק 5 יח`,הנמל אריזות ושיווק (1984) בעמ,,,יח`,1,,false,1,9.90,9.90,false,1,
835811005957,true,מגש הכסף תבנית אלומ` 90 + מכסה 8 יח`,הנמל אריזות ושיווק (1984) בעמ,,,יח`,1,,false,1,9.90,9.90,false,1,
835811006046,true,ליפתן אמרקאיות 5  אונז`100  יח`הנמל,הנמל אריזות ושיווק (1984) בעמ,,,יח`,1,,false,1,27.90,27.90,false,1,
835811006435,true,מגש הכסף תבנית מלבןעמוק + מכסה 9 יח`,הנמל אריזות ושיווק (1984) בעמ,,,יח`,1,,false,1,9.90,9.90,false,1,
835811006695,true,קוקטים לאפייה 20  יח`הנמל,הנמל אריזות ושיווק (1984) בעמ,,,יח`,1,,false,1,8.90,8.90,false,1,
835811007296,true,כפיות אלגנט קרם 50 יח` הנמל,הנמל אריזות ושיווק (1984) בעמ,,,יח`,1,,false,1,9.90,9.90,true,1,
835811007302,true,כפות אלגנט קרם 50 יח` הנמל,הנמל אריזות ושיווק (1984) בעמ,,,יח`,1,,false,1,9.90,9.90,true,1,
835811007319,true,מזלגות אלגנט קרם 50 יח` הנמל,הנמל אריזות ושיווק (1984) בעמ,,,יח`,1,,false,1,9.90,9.90,true,1,
835811007357,true,סלטינות אובלי 25 יח` הנמל,הנמל אריזות ושיווק (1984) בעמ,,,יח`,1,,false,1,5.90,5.90,true,1,
835811007562,true,תבנית קרטון אינגליש קייק הנמל) (6,הנמל אריזות ושיווק (1984) בעמ,,,יח`,1,,false,1,8.90,8.90,false,1,
835811008774,true,צלחות אמרקאיות קטן 7 100 יח,הנמל אריזות ושיווק (1984) בעמ,,,יח`,1,,false,1,39.90,39.90,false,1,
835811008781,true,מרקיה אמריקאית 100  יח`הנמל,הנמל אריזות ושיווק (1984) בעמ,,,יח`,1,,false,1,37.90,37.90,false,1,
835811008996,true,כוסות קרטון 50 יח` OZ הנמל,הנמל אריזות ושיווק (1984) בעמ,,,יח`,1,,false,1,19.90,19.90,true,1,
835811009115,true,מגש מלבן שקוף הנמל,הנמל אריזות ושיווק (1984) בעמ,,,יח`,1,,false,1,6,6,false,1,
835811009368,true,מרקיות צבע 25  יח`מעורב הנמל,הנמל אריזות ושיווק (1984) בעמ,,,יח`,1,,false,1,10.90,10.90,false,1,
835811009412,true,צלחות קטנות 25  יח`מעורב הנמל,הנמל אריזות ושיווק (1984) בעמ,,,יח`,1,,false,1,10.90,10.90,false,1,
835811009429,true,צלחות גדולות צבע 25  יח`מעורב הנמל,הנמל אריזות ושיווק (1984) בעמ,,,יח`,1,,false,1,16.90,16.90,false,1,
835811009436,true,צלחות ענק צבע 25  יח`מעורב הנמל,הנמל אריזות ושיווק (1984) בעמ,,,יח`,1,,false,1,25.90,25.90,false,1,
839762000658,true,משקה גויאבה איילנד (1 ליטר),טמפו משקאות בעמ,,,יח`,1,1 ליטר,false,1,12.90,12.90,true,1,
856591000062,true,עוגיות מזרחיות עם מלח עבאדי (400 גרם),תה ויסוצקי (ישראל) בעמ,,,יח`,400,גרם,false,1,16.90,4.23,true,1,
856591000109,true,עוגיות מזרחיות עבאדי 400 גר`,תה ויסוצקי (ישראל) בעמ,,,יח`,400,גרם,false,1,16.90,4.23,false,1,
856591000918,true,מארז חטיף טבעי עבאדי) (8X40,תה ויסוצקי (ישראל) בעמ,,,יח`,320,גרם,false,1,14.90,4.66,false,1,
856591000956,true,עבאדי קטנטנים חטיף בטעם גריל 350 גרם,תה ויסוצקי (ישראל) בעמ,,,יח`,350,גרם,false,1,15.90,4.54,true,1,
884912359155,true,האני באנצס האני רוסטד 340 גר`.,ר.ב מוצרי דגנים בעמ,,,יח`,340,גרם,false,1,21.90,6.44,true,1,
884912359421,true,האני באנצס באנצס מייפל ופקאן 340 גר` .,ר.ב מוצרי דגנים בעמ,,,יח`,340,גרם,false,1,21.90,6.44,true,1,
3014260228842,false,קצף גילוח רגיל 200 מל`,דיפלומט מפיצים (1968) בעמ,,,יח`,200,"מ""ל",false,1,13.90,6.95,false,1,
3014260240226,false,קצף גילוח רגיש 200 מל`,דיפלומט מפיצים (1968) בעמ,,,יח`,200,"מ""ל",false,1,13.90,6.95,false,1,
3014260287030,false,ג`ילט סכיני גילוח חדפ לגבר יבוא מקביל,פארמה דיל (פ.א.ב.) שיווק והפצה,,,יח`,1,,false,1,9.90,9.90,false,1,
3014260289287,false,סכיני גילוח בלו 2 לאשה ג`ילט) (5,דיפלומט מפיצים (1968) בעמ,,,יח`,1,,false,1,12.90,12.90,false,1,
3046920010047,false,לינדט אקסלנס %78 ( 100 גר`),משה סידס ובנו בעמ,,,יח`,100,גרם,false,1,15.90,15.90,true,1,
3046920027281,false,לינדט אקסלנס קרמלסולט 100 גר`,משה סידס ובנו בעמ,,,יח`,100,גרם,false,1,15.90,15.90,true,1,
3059943016569,false,אירוויק ספריי 240 מל פריסיה ויסמין,רקיט בנקיזר (ניר איסט) בעמ,,,יח`,240,"מ""ל",false,1,9.90,4.13,false,1,
3059944022415,false,ויט ארומטיק רצועות שעווה 10יח,רקיט בנקיזר (ניר איסט) בעמ,,,יח`,1,יח`,false,1,24.90,24.90,false,1,
3073781161663,false,גבינה לוואש  קרי(מותכת) 8 יח 128 גר,בני ג`ורג` שוקחה (חיפה) בעמ,,,יח`,128,גרם,false,1,11.90,9.30,false,1,
3228022910023,false,חמאה צרפתית פריזידאן פרזידנט (200 גרם),נטו מלינדה סחר בעמ,,,יח`,200,גרם,false,1,14.90,7.45,false,1,
3387390320244,false,פיטנס פירות נסטלה (375 גרם),קבוצת אסם סחר שות. מוגבלת,,,יח`,375,גרם,false,1,19.90,5.31,true,1,
3387390525960,false,דגני קראנץ` נסטלה (500 גרם),קבוצת אסם סחר שות. מוגבלת,,,יח`,500,גרם,false,1,19.90,3.98,true,1,
3574660464368,false,קרפרי מגה פק מגן תחתון אוורירי מבושם 76,ש.שסטוביץ בעמ,,,יח`,1,,false,1,19.90,19.90,false,1,
3574660464429,false,קרפרי מגה פק מגן תחתון אווורירי 76 יח,ש.שסטוביץ בעמ,,,יח`,1,,false,1,19.90,19.90,false,1,
3574661203577,false,ליסטרין אדוונס וויט 500 מל-יבוא  מקביל,בית הצעצוע בעמ,,,יח`,500,"מ""ל",false,1,14.90,2.98,true,1,
3600542232418,false,גרנייה פילינג סקראב משמש 50 מל,לוריאל ישראל קוסמטיקס בעמ,,,יח`,50,"מ""ל",false,1,19.90,39.80,false,1,
3800020403570,false,קיט קט צ`אנקי לוטוס 42*4 גר`,קבוצת אסם סחר שות. מוגבלת,,,יח`,168,גרם,false,1,13.90,8.27,false,1,
4000351109380,false,שמן קנולה 1 ליטר BROLIO.,המותג-לא פעיל להקלדה,,,יח`,1,1 ליטר,false,1,8.90,8.90,false,1,
4000417101211,false,אמיצ`לי גלילי וופל עם קרם אגוזי לוז בציפ,ליימן שליסל בעמ,,,יח`,150,גרם,false,1,17.90,11.93,false,1,
4000417212009,false,שוקולד ריטר ספורטמריר תפוז ושקד 100 גר`,ליימן שליסל בעמ,,,יח`,100,גרם,false,1,9.90,9.90,true,1,
4000607850004,false,שוגטן 100 גר`,יעד ממתקים בעמ,,,יח`,100,גרם,false,1,5.90,5.90,true,1,
4000607851001,false,שוגטן חלב אגוזים 100 גר`,יעד ממתקים בעמ,,,יח`,100,גרם,false,1,5.90,5.90,true,1,
4000607854705,false,שוגטן במילוי תות 100 גר`,יעד ממתקים בעמ,,,יח`,100,גרם,false,1,5.90,5.90,true,1,
4000869032569,false,הפי מטהר אויר פרש יעקבי 150( גרם),יעקב יעקבי ובניו בעמ,,,יח`,1,,false,1,6.90,6.90,false,1,
4001683011525,false,או בה מיני פרו קומפורט 32 יח,פארמה דיל (פ.א.ב.) שיווק והפצה,,,יח`,1,,false,1,19.90,19.90,false,1,
4005808515554,false,קרם רב שימושי סופר ניוואה 300 מל,אלפא- ב.ד.ף בעמ,,,יח`,300,"מ""ל",false,1,34.90,11.63,true,1,
4005808670314,false,ניוואה קרם לחות לעור רגיל/מעורב 50 מל,אלפא- ב.ד.ף בעמ,,,יח`,50,"מ""ל",false,1,44.90,89.80,true,1,
4005808670611,false,ניוואה קרם לחות לעור יבש 50 מל,אלפא- ב.ד.ף בעמ,,,יח`,50,"מ""ל",false,1,44.90,89.80,true,1,
4008287058161,false,בירה קרומבאכר פילס בקבוק 6* 330,אגודת הכורמים,,,יח`,1980,"מ""ל",false,1,29.90,1.42,false,1,
4009300526438,false,תה ירוק קלאסי פומפדור) (20,ש.שסטוביץ בעמ,,,יח`,1,,false,1,16.90,16.90,true,1,
4009300530206,false,פומפדור חליטת תפוח טורקי) (50,ש.שסטוביץ בעמ,,,יח`,1,,false,1,15.90,15.90,false,1,
4009900013581,false,מסטיק אורביט סטיקס מארז חמישייה ללס בטע,מרס ריגלי ישראל בעמ,,,יח`,1,,false,1,9.90,9.90,false,1,
4009900385824,false,מסטיק אורביט סטיקס מארז חמישייה ללס בטע,מרס ריגלי ישראל בעמ,,,יח`,1,,false,1,9.90,9.90,false,1,
4009900402965,false,מסטיק אורביט וויט בטעם פירות ללס,מרס ריגלי ישראל בעמ,,,יח`,1,,false,1,10.90,10.90,true,1,
4009900403023,false,מסטיק אורביט וויט בטעם מנטה ללס,מרס ריגלי ישראל בעמ,,,יח`,1,,false,1,10.90,10.90,true,1,
4009900420129,false,מסטיק אורביט פרופשיונל מנטה חזקה ללס,מרס ריגלי ישראל בעמ,,,יח`,1,,false,1,10.90,10.90,true,1,
4009900455299,false,סוכריות פירות סקיטלס (174 גרם),מרס ריגלי ישראל בעמ,,,יח`,174,גרם,false,1,8.90,5.11,true,1,
4009900465304,false,סקיטלס סוכריות חמוצים 174 גר,מרס ריגלי ישראל בעמ,,,יח`,174,גרם,false,1,8.90,5.11,true,1,
4009900479998,false,מסטיק אורביט בטעם אוכמניות ללס,מרס ריגלי ישראל בעמ,,,יח`,1,,false,1,10.90,10.90,true,1,
4009900482417,false,מסטיק אורביט בטעם פירות ומנטה ללס,מרס ריגלי ישראל בעמ,,,יח`,1,,false,1,10.90,10.90,true,1,
4009900487283,false,מסטיק אורביט סטיקס מארז חמישייה ללס בטע,מרס ריגלי ישראל בעמ,,,יח`,1,,false,1,9.90,9.90,false,1,
4009900531122,false,מסטיק אורביט פרופשיונל בטעם מנטה עדינה ל,מרס ריגלי ישראל בעמ,,,יח`,1,,false,1,10.90,10.90,true,1,
4009900535519,false,מסטיק אורביט רפרשרס בטעם מנטה ללס אריזה,מרס ריגלי ישראל בעמ,,,יח`,15.60,גרם,false,1,3.90,25,true,1,
4009900535540,false,מסטיק אורביט רפרשרס בטעם מנטה ללס אריזה,מרס ריגלי ישראל בעמ,,,יח`,15.60,גרם,false,1,3.90,25,true,1,
4009900535823,false,מסטיק אורביט רפרשרס בטעם פירות מנטה ללס,מרס ריגלי ישראל בעמ,,,יח`,15.60,גרם,false,1,3.90,25,true,1,
4009900536257,false,מסטיק אורביט רפרשרס בטעם מנטה ללס,מרס ריגלי ישראל בעמ,,,יח`,67,גרם,false,1,11.90,17.76,true,1,
4009900536288,false,מסטיק אורביט refreshers פפרמינט בקבוקון,מרס ריגלי ישראל בעמ,,,יח`,67,גרם,false,1,11.90,17.76,true,1,
4009900536486,false,מסטיק אורביט רפרשרס בטעם פירות ומנטה לל,מרס ריגלי ישראל בעמ,,,יח`,67,גרם,false,1,11.90,17.76,true,1,
4009900539401,false,מסטיק פייב באונס בטעם מנטה אישית,מרס ריגלי ישראל בעמ,,,יח`,14.40,גרם,false,1,3.90,27.08,false,1,
4009900539685,false,מסטיק פייב באונס בטעם מנטה בקבוקון,מרס ריגלי ישראל בעמ,,,יח`,67,גרם,false,1,11.90,17.76,true,1,
4009900539746,false,מסטיק פייב באונס בטעם אבטיח בקבוקון,מרס ריגלי ישראל בעמ,,,יח`,67,גרם,false,1,11.90,17.76,true,1,
4009900540551,false,מסטיק אורביט רפרשרס טרופיקל,מרס ריגלי ישראל בעמ,,,יח`,67,גרם,false,1,11.90,17.76,true,1,
4011800567613,false,חטיף קורני שחור לבן רביעייה,משה סידס ובנו בעמ,,,יח`,120,גרם,false,1,9.90,8.25,false,1,
4011800618315,false,קורני ביג דארק אנד וואיט 40 גר`,משה סידס ובנו בעמ,,,יח`,40,גרם,false,1,4.90,12.25,true,1,
4011800628512,false,חטיף קורני שישייה שוקולדה,משה סידס ובנו בעמ,,,יח`,150,גרם,false,1,9.90,6.60,false,1,
4014400901191,false,מרסי 250 גר`,ליימן שליסל בעמ,,,יח`,250,גרם,false,1,24.90,9.96,false,1,
4014400910063,false,סוכריות חמאה וורטרס אורגינל (135 גרם),ליימן שליסל בעמ,,,יח`,135,גרם,false,1,8.90,6.59,true,1,
4014400914696,false,וורטר שקית חמאה ללס 80 גר`,ליימן שליסל בעמ,,,יח`,80,גרם,false,1,8.90,11.13,true,1,
4014400923711,false,חטיפי שוקולד טופיפי (125 גרם),ליימן שליסל בעמ,,,יח`,125,גרם,false,1,12.90,10.32,true,1,
4014400931327,false,פופקרן בציפוי גרעינים 140  גר`וורטר,ליימן שליסל בעמ,,,יח`,140,גרם,false,1,14.90,10.64,false,1,
4015400564034,false,מגן תחתון אולווייז מגה פק לונג פלוס 58 י,דיפלומט מפיצים (1968) בעמ,,,יח`,1,,false,1,19.90,19.90,true,1,
4015400564454,false,מגן תחתון אולוויז מגה פק  לארג`68 יח,דיפלומט מפיצים (1968) בעמ,,,יח`,1,,false,1,19.90,19.90,true,1,
4015400681670,false,תחבושות לילה בטוח אולווייז) (18,דיפלומט מפיצים (1968) בעמ,,,יח`,1,,false,1,19.90,19.90,true,1,
4015400690313,false,טמפקס קומפאק פרל רגולר 18 יח,דיפלומט מפיצים (1968) בעמ,,,יח`,1,,false,1,21.90,21.90,true,1,
4015400690405,false,טמפקס קומפאק פרל סופר 18 יח,דיפלומט מפיצים (1968) בעמ,,,יח`,1,,false,1,21.90,21.90,true,1,
4015400690498,false,טמפקס קומפאק פרל סופר פלוס 18 יח,דיפלומט מפיצים (1968) בעמ,,,יח`,1,,false,1,21.90,21.90,true,1,
4015400731719,false,תחבושות לילה וליו פק אולווייז) (20,דיפלומט מפיצים (1968) בעמ,,,יח`,1,,false,1,19.90,19.90,true,1,
4015400746812,false,מגן תחתון אולווייז מגה פק נורמל 80 יח`,דיפלומט מפיצים (1968) בעמ,,,יח`,1,,false,1,19.90,19.90,true,1,
4015400759324,false,תחבושות אולוייז כפול לילה 20 יח-יבוא מקב,בית הצעצוע בעמ,,,יח`,1,,false,1,14.90,14.90,false,1,
4015400990543,false,אבקת כביסה אריאל קולור 8 קג,דיפלומט מפיצים (1968) בעמ,,,יח`,8,"ק""ג",false,1,59.90,7.49,true,1,
4015600762780,false,הד אנד שולדרס שמפו 500 מל,דיפלומט מפיצים (1968) בעמ,,,יח`,500,"מ""ל",false,1,19.90,3.98,true,1,
4015600762902,false,הד אנד שולדרס שמפו 500 מל נענע,דיפלומט מפיצים (1968) בעמ,,,יח`,500,"מ""ל",false,1,19.90,3.98,true,1,
4015600763022,false,הד אנד שולדרס שמפו 500 מל ורוד,דיפלומט מפיצים (1968) בעמ,,,יח`,500,"מ""ל",false,1,19.90,3.98,true,1,
4017100198151,false,היט עוגיות וניל בלזן (220 גרם),ליימן שליסל בעמ,,,יח`,220,גרם,false,1,9.90,4.50,true,1,
4017100291005,false,בלזן ביסקוויט מצופה שוקולד מריר,ליימן שליסל בעמ,,,יח`,125,גרם,false,1,12.90,10.32,true,1,
4017100364112,false,היט עוגיות  סנדוויץ`שוקו בלזן (220 גרם),ליימן שליסל בעמ,,,יח`,220,גרם,false,1,9.90,4.50,true,1,
4025700001962,false,שוקולד לבן מילקה (100 גרם),דיפלומט היינץ,,,יח`,100,גרם,false,1,6.50,6.50,true,1,
4033100013348,false,ל.ד כחול בודד,גלוברנדס בעמ - שיווק סיגריות,,,יח`,1,,false,1,32,32,true,1,
4033100013355,false,ל.ד כחול פאקט,גלוברנדס בעמ - שיווק סיגריות,,,יח`,1,,false,1,265,265,false,1,
4033100014499,false,ל.ד כחול סודד,גלוברנדס בעמ - שיווק סיגריות,,,יח`,1,,false,1,32,32,true,1,
4033100014529,false,ל.ד סלימס בודד,גלוברנדס בעמ - שיווק סיגריות,,,יח`,1,,false,1,29,29,true,1,
4033100014536,false,פאקט ל.ד סלימס,גלוברנדס בעמ - שיווק סיגריות,,,יח`,1,,false,1,245,245,false,1,
4033100024146,false,סיגריות ווינסטון קוד בודד,גלוברנדס בעמ - שיווק סיגריות,,,יח`,1,,false,1,32,32,true,1,
4033100024252,false,סיגריות ווינסטון אקווה בודד,גלוברנדס בעמ - שיווק סיגריות,,,יח`,1,,false,1,32,32,true,1,
4056800649792,false,וולפלקס מוס לנפח  ליומיים( 200 מל),דיפלומט מפיצים (1968) בעמ,,,יח`,200,"מ""ל",false,1,25.90,12.95,false,1,
4064666232416,false,וולפלקס מוס לעיצוב אולטרה גמיש 200 מל,דיפלומט מפיצים (1968) בעמ,,,יח`,200,"מ""ל",false,1,25.90,12.95,false,1,
4079400182742,false,בירה פילסנר 4.9% שישייה בקבוק 330 מל,אבאל יזמות בעמ,,,יח`,1.98,1 ליטר,false,1,29.90,14.19,true,1,
4084500088917,false,נוזל לניקוי כלים לימון פיירי (650 מל),דיפלומט מפיצים (1968) בעמ,,,יח`,650,"מ""ל",false,1,10.90,1.68,true,1,
4084500178137,false,טייד ג`ל 4 ליטר,דיפלומט מפיצים (1968) בעמ,,,יח`,4,1 ליטר,false,1,31.90,7.98,false,1,
4084500371453,false,טייד 8  קג`-אלפיין,דיפלומט מפיצים (1968) בעמ,,,יח`,8,"ק""ג",false,1,49.90,6.24,true,1,
4084500853898,false,פיירי אלוורה ומלפפונים 515 מל,דיפלומט מפיצים (1968) בעמ,,,יח`,515,"מ""ל",false,1,10.90,2.12,true,1,
4105120623941,false,בירה ויינשטפן בקבוק 500 מל,החברה המרכזית להפצת משקאות בעמ,,,יח`,500,"מ""ל",false,1,11.90,2.32,false,1,
4210201360742,false,אורל בי ראש חשמלי ניקוי יסודי רביעייה,דיפלומט מפיצים (1968) בעמ,,,יח`,1,,false,1,84.90,84.90,true,1,
4260147890513,false,איטריות ביצים דקות 500 גר`,דין שיווק וקליה 2021 בעמ,,,יח`,500,גרם,false,1,10.90,2.18,true,1,
4603400000043,false,וודקה רוסקי יורוסטנדרט (700 מל),יורוסטנדרט בעמ,,,יח`,700,"מ""ל",false,1,59.90,8.51,false,1,
4603928000983,false,בלוגה וודקה 1 ליטר,טמפו פרנו,,,יח`,1,1 ליטר,false,1,149,149,false,1,
4605561010305,false,פילה הרינג עם שמיר בשמן חתיכות 500 גר`,דילר בי.אמ.די פורמולה בעמ,,,יח`,500,גרם,false,1,26.90,5.38,true,1,
4640018993398,false,פיניש קוואנטום 60 קפסולות שקית,רקיט בנקיזר (ניר איסט) בעמ,,,יח`,1,,false,1,59.90,59.90,true,1,
4710068001692,false,מאסטר קפה 250 מל לאטה,טמפו משקאות בעמ,,,יח`,250,"מ""ל",false,1,6.60,2.64,true,1,
4800888219510,false,דאודורנט סטיק מלפפונים דאב (50 גרם),יוניליוור ישראל שיווק בעמ,,,יח`,50,גרם,false,1,14.90,29.80,false,1,
4800888219534,false,דאב סטיק אורגינל (50 גרם),יוניליוור ישראל שיווק בעמ,,,יח`,50,גרם,false,1,14.90,29.80,false,1,
4800888219541,false,רקסונה נשים דאו סטיק פאודר דרי 50 מל,יוניליוור ישראל שיווק בעמ,,,יח`,50,"מ""ל",false,1,14.90,29.80,true,1,
4810168018795,false,פילה דג הרינג מלוח מצונן 200 גר`,דילר בי.אמ.די פורמולה בעמ,,,יח`,200,גרם,false,1,13.90,6.95,true,1,
4810168024512,false,פילה דג הרינג עם תבלין 260 גר`,דילר בי.אמ.די פורמולה בעמ,,,יח`,260,גרם,false,1,17.90,6.88,false,1,
4810168055875,false,פילה דג הרינג מתובל מומלח בשמן מעד,דילר בי.אמ.די פורמולה בעמ,,,"ק""ג",1000,גרם,true,1,50,5,false,1,
4810168057510,false,חתיכות פילה דג הרינג מתובל מלוח בשמן 400,דילר בי.אמ.די פורמולה בעמ,,,יח`,400,גרם,false,1,26.90,6.73,true,1,
4810168058975,false,פילה דג הרינג סקנדינבי מלוח מצונן 260 גר,דילר בי.אמ.די פורמולה בעמ,,,יח`,260,גרם,false,1,17.90,6.88,false,1,
4810168058982,false,חתיכות פילה דג הרינג סקנדינבי מלוח בשמן,דילר בי.אמ.די פורמולה בעמ,,,יח`,400,גרם,false,1,26.90,6.73,true,1,
4820217240114,false,חמאה 200  גר`FERMA,דילר בי.אמ.די פורמולה בעמ,,,יח`,200,גרם,false,1,8.90,4.45,false,1,
4823077621635,false,וופל רושן בטעם חלב 72 גר`,דילר בי.אמ.די.אינטרנשויונל בעמ,,,יח`,72,גרם,false,1,3.90,5.42,true,1,
4823077621659,false,וופל רושן בטעם אגוז 72 גר`,דילר בי.אמ.די.אינטרנשויונל בעמ,,,יח`,72,גרם,false,1,3.90,5.42,true,1,
4823077625589,false,וופל רושן בטעם חלב 216 גר`,דילר בי.אמ.די.אינטרנשויונל בעמ,,,יח`,216,גרם,false,1,6.90,3.19,true,1,
4823077625602,false,וופל רושן בטעם שוקולד 216 גר`,דילר בי.אמ.די.אינטרנשויונל בעמ,,,יח`,216,גרם,false,1,6.90,3.19,true,1,
4823077625626,false,וופל רושן בטעם אגוז 216 גר`,דילר בי.אמ.די.אינטרנשויונל בעמ,,,יח`,216,גרם,false,1,6.90,3.19,true,1,
4823077630439,false,סנדוויץ קרקר שוקולד רושן 235 גר`,דילר בי.אמ.די.אינטרנשויונל בעמ,,,יח`,235,גרם,false,1,9.90,4.21,true,1,
4823077630996,false,סנדוויץ קרקר קקאו אגוז רושן 235 גר`,דילר בי.אמ.די.אינטרנשויונל בעמ,,,יח`,235,גרם,false,1,9.90,4.21,true,1,
4823077632112,false,וופל רושן בטעם קקאו חלב 216 גר`,דילר בי.אמ.די.אינטרנשויונל בעמ,,,יח`,216,גרם,false,1,6.90,3.19,true,1,
4823077633348,false,עוגיות רושן עם חתיכות בוטנים 150 גר`,דילר בי.אמ.די.אינטרנשויונל בעמ,,,יח`,150,גרם,false,1,6.90,4.60,true,1,
4823077634222,false,עוגיות תפוז 135 גר`,דילר בי.אמ.די.אינטרנשויונל בעמ,,,יח`,135,גרם,false,1,6.90,5.11,true,1,
4823077634741,false,עוגיות עם מילוי תות שדה 168 גר`,דילר בי.אמ.די.אינטרנשויונל בעמ,,,יח`,168,גרם,false,1,6.90,4.11,true,1,
4823077636172,false,וופל רושן בטעם לימון 216 גר,דילר בי.אמ.די.אינטרנשויונל בעמ,,,יח`,216,גרם,false,1,6.90,3.19,true,1,
4903001925784,false,רוטב סויה יאמאסה מופחת מלח 500 מל,ליימן שליסל בעמ,,,יח`,500,"מ""ל",false,1,17.90,3.58,false,1,
5000157143365,false,מתבל בטעם מיונז וקטשופ 425 מל,דיפלומט היינץ,,,יח`,425,גרם,false,1,14.90,3.51,false,1,
5000159407236,false,מרס חטיף שוקולד עם קרמל 51 גרם,מרס ריגלי ישראל בעמ,,,יח`,50,גרם,false,1,3.90,7.80,true,1,
5000159409179,false,מארז סניקרס/מיניס משפחתי 403 גר,מרס ריגלי ישראל בעמ,,,יח`,403,גרם,false,1,19.90,4.94,false,1,
5000159452540,false,סניקרס חטיף שוקולד עם בוטנים חמישייה ברי,מרס ריגלי ישראל בעמ,,,יח`,200,גרם,false,1,9.90,4.95,false,1,
5000159538626,false,טוויקס חטיף שוקולד מארז,מרס ריגלי ישראל בעמ,,,יח`,200,גרם,false,1,9.90,4.95,false,1,
5000159538640,false,באונטי חטיף שוקולד מארז,מרס ריגלי ישראל בעמ,,,יח`,200,גרם,false,1,9.90,4.95,false,1,
5000168199245,false,שוקולד חלב מעולה בתוספת חתיכות קרם קרמל,תה ויסוצקי (ישראל) בעמ,,,יח`,90,גרם,false,1,14.90,16.56,true,1,
5000189974579,false,קיט קט מיני 200 גר`,קבוצת אסם סחר שות. מוגבלת,,,יח`,200,גרם,false,1,9.90,4.95,false,1,
5000204153729,false,מילוי אוטומטי לבנדר וניל 269 מל גלייד,דנשר (1963) בעמ,,,יח`,269,"מ""ל",false,1,17.90,6.65,false,1,
5000204657913,false,קיוי שחור משחת נעליים בקופסא,דנשר (1963) בעמ,,,יח`,1,,false,1,7.90,7.90,false,1,
5000204658187,false,משחת נעליים קראון שחור קיווי (75 מל),דנשר (1963) בעמ,,,יח`,75,גרם,false,1,17.90,23.87,false,1,
5000219023772,false,פאקט סיגריות סטרים פילטר פאל מאל) (200,גלוברנדס בעמ - שיווק סיגריות,,,יח`,1,,false,1,285,285,false,1,
5000219120112,false,פאל מאל כחול ארוך סטרים פילטר פאקט,גלוברנדס בעמ - שיווק סיגריות,,,יח`,1,,false,1,285,285,false,1,
5010123703547,false,ליסטרין פרש בורסט 500 מל-יבוא מקביל,בית הצעצוע בעמ,,,יח`,500,"מ""ל",false,1,14.90,2.98,true,1,
5010123703585,false,ליסטרין קולמינט 500 מל-יבוא מקביל,בית הצעצוע בעמ,,,יח`,500,"מ""ל",false,1,14.90,2.98,true,1,
5010182998861,false,דאק נוזל בודד 750מל ירוק,דנשר (1963) בעמ,,,יח`,750,"מ""ל",false,1,10.90,1.45,false,1,
5010677551281,false,בריזר לימון בבקבוק בקרדי (275 מל),טמפו משקאות בעמ,,,יח`,275,"מ""ל",false,1,14,4.98,true,1,
5010677552387,false,בריזר אננס בקרדי (275 מל),טמפו משקאות בעמ,,,יח`,275,"מ""ל",false,1,14,4.98,true,1,
5010677554398,false,בריזר אבטיח בבקבוק בקרדי (275 מל),טמפו משקאות בעמ,,,יח`,275,"מ""ל",false,1,14,4.98,true,1,
5013931015741,false,ידית הפלא לשטיפת כלים דיש מטיק,דנשר (1963) בעמ,,,יח`,1,,false,1,19.90,19.90,true,1,
5013931015758,false,מארז 3 יח ספוגי החלפה דיש מטיק,דנשר (1963) בעמ,,,יח`,1,,false,1,19.90,19.90,true,1,
5029053510811,false,תחבושות נורמל פלוס עם כנפיים קוטקס) (28,קימברלי קלארק ישראל שיווק בעמ,,,יח`,1,,false,1,19.90,19.90,true,1,
5029053510828,false,תחבושות סופר פלוס עם כנפיים קוטקס) (24,קימברלי קלארק ישראל שיווק בעמ,,,יח`,1,,false,1,19.90,19.90,true,1,
5029053523446,false,תחבושות עם כנפיים ללילה קוטקס) (20,קימברלי קלארק ישראל שיווק בעמ,,,יח`,1,,false,1,19.90,19.90,true,1,
5029053527581,false,האגיס דריי נייטס בת M,קימברלי קלארק ישראל שיווק בעמ,,,יח`,1,יח`,false,1,39.90,39.90,true,1,
5029053527604,false,האגיס דריי נייטס בת L,קימברלי קלארק ישראל שיווק בעמ,,,יח`,1,יח`,false,1,39.90,39.90,true,1,
5029053535210,false,טמפונים מיני עם מוליך קוטקס) (16,קימברלי קלארק ישראל שיווק בעמ,,,יח`,1,,false,1,21.90,21.90,false,1,
5029054220085,false,מגבוני האגיס לרך הנולד רביעייה,קימברלי קלארק ישראל שיווק בעמ,,,יח`,1,,false,1,31.90,31.90,true,1,
5060517886516,false,משקה אנר`גי זירו פח 500 מל מונסטר,החברה המרכזית להפצת משקאות בעמ,,,יח`,500,"מ""ל",false,1,6.90,1.32,true,1,
5060639128051,false,משקה ULYRA פח 500 מל מונסטר,החברה המרכזית להפצת משקאות בעמ,,,יח`,500,"מ""ל",false,1,6.90,1.32,true,1,
5060639129102,false,משקה אנר`גי Mango Loco מונסטר 500 nk,החברה המרכזית להפצת משקאות בעמ,,,יח`,500,"מ""ל",false,1,6.90,1.32,true,1,
5060751218173,false,משקה אנר`גי pipline punch מונסטר 500 מל,החברה המרכזית להפצת משקאות בעמ,,,יח`,500,"מ""ל",false,1,6.90,1.32,true,1,
5060751219033,false,משקה אולטרה פרדייס מונסטר 500 מל,החברה המרכזית להפצת משקאות בעמ,,,יח`,500,"מ""ל",false,1,6.90,1.32,true,1,
5099864006377,false,תחליף חלב שלב 1 מהדרין סימילאק (900 גרם),שקד תבל בעמ-סימילק,,,יח`,900,גרם,false,1,74.90,8.32,false,1,
5099864006384,false,תחליף חלב שלב 2 מהדרין סימילאק (900 גרם),שקד תבל בעמ-סימילק,,,יח`,900,גרם,false,1,74.90,8.32,false,1,
5099864006391,false,תחליף חלב שלב 3 מהדרין סימילאק (900 גרם),שקד תבל בעמ-סימילק,,,יח`,900,גרם,false,1,74.90,8.32,false,1,
5200133120483,false,גליליות וופלים 400 גרם וניל גולדן ברייק,דיפלומט היינץ,,,יח`,400,גרם,false,1,16.90,4.23,false,1,
5201347400545,false,ויט ארומטיק שעווה לפנים,רקיט בנקיזר (ניר איסט) בעמ,,,יח`,1,יח`,false,1,24.90,24.90,false,1,
5202300014472,false,ספריי עיצוב ורוד וולה (250 מל),דיפלומט מפיצים (1968) בעמ,,,יח`,250,"מ""ל",false,1,27.90,11.16,false,1,
5202300014595,false,וולפלקס מוס200 מל,דיפלומט מפיצים (1968) בעמ,,,יח`,200,"מ""ל",false,1,25.90,12.95,false,1,
5202390027826,false,ויולייפ תחליף קממבר 150 גר`,דיפלומט היינץ,,,יח`,150,גרם,false,1,22.90,15.27,false,1,
5202390027871,false,ויולייפ תחליף פרמזן מגורדת 100 גר,דיפלומט היינץ,,,יח`,100,גרם,false,1,19.90,19.90,false,1,
5208049006624,false,פאל מאל אקסטרה סילבר בודד,גלוברנדס בעמ - שיווק סיגריות,,,יח`,1,,false,1,32,32,true,1,
5208049006662,false,פאל מאל אקסטרה מנדרינה פאקט,גלוברנדס בעמ - שיווק סיגריות,,,יח`,1,,false,1,260,260,false,1,
5391523057929,false,סימילאק גולד שלב 1 700 גר`,שקד תבל בעמ-סימילק,,,יח`,700,גרם,false,1,69.90,9.99,true,1,
5391523057943,false,סימילאק גולד שלב 3 700 גר`,שקד תבל בעמ-סימילק,,,יח`,700,גרם,false,1,69.90,9.99,true,1,
5391523058063,false,סימילאק אדוונס פלוס שלב 1 700 גר,שקד תבל בעמ-סימילק,,,יח`,700,גרם,false,1,64.90,9.27,true,1,
5391523058070,false,סימילאק אדוונס פלוס שלב 3 700 גר,שקד תבל בעמ-סימילק,,,יח`,700,גרם,false,1,64.90,9.27,true,1,
5410076379378,false,טייד קולור 5 קג,דיפלומט מפיצים (1968) בעמ,,,יח`,5,"ק""ג",false,1,34.90,6.98,true,1,
5410126006087,false,ביסקוויט בטעם קרמל לוטוס (700 גרם),דיפלומט היינץ,,,יח`,700,גרם,false,1,27.90,3.99,false,1,
5410126006360,false,לוטוס עוגיות סנדוויץ במילוי לוטוס 150 גר,דיפלומט היינץ,,,יח`,150,גרם,false,1,8.90,5.93,false,1,
5410126106183,false,לוטוס קרמל 312 גר`,דיפלומט היינץ,,,יח`,312,גרם,false,1,16.80,5.38,true,1,
5410126116953,false,ממרח ביסקוויט קרמל לוטוס (400 גרם),דיפלומט היינץ,,,יח`,400,גרם,false,1,21.90,5.48,true,1,
5410126666038,false,עוגיות לוטוס 2*18 279 גר`,דיפלומט היינץ,,,יח`,279,גרם,false,1,12.90,4.62,true,1,
5410126726947,false,ממרח עוגיות לוטוס  קראנץ`380 גר`,דיפלומט היינץ,,,יח`,380,גרם,false,1,22.90,6.03,true,1,
5410658902413,false,קפסולות קפה דרגת חוזק 8 fortisimo Espres,אבאל יזמות בעמ,,,יח`,1,,false,1,11.90,11.90,true,1,
5410658902437,false,קפסולות קפה דרגת חוזק 7 fortisimo Lungo,אבאל יזמות בעמ,,,יח`,1,,false,1,11.90,11.90,true,1,
5410658902444,false,קפסולות קפה דרגת חוזק 4 Fortisiom lungo,אבאל יזמות בעמ,,,יח`,1,,false,1,11.90,11.90,true,1,
5410658902819,false,קפסולות קפה דרגת חוזק 12 fortisimo RISTR,אבאל יזמות בעמ,,,יח`,1,,false,1,11.90,11.90,true,1,
5411188081852,false,אלפרו סויה וניל 1 ליטר,שטראוס גרופ בעמ,,,יח`,1,1 ליטר,false,1,12.90,12.90,true,1,
5411188096108,false,אלפרו סויה לבישול ( 250 מל),שטראוס גרופ בעמ/מצונן,,,יח`,250,"מ""ל",false,1,8.90,3.56,true,1,
5411188112709,false,משקה שקדים ללס אלפרו (1 ליטר),שטראוס גרופ בעמ,,,יח`,1,1 ליטר,false,1,12.90,12.90,true,1,
5411188115434,false,אלפרו בריסטה סויה 1 ליטר,שטראוס גרופ בעמ,,,יח`,1,1 ליטר,false,1,12.90,12.90,true,1,
5411188115472,false,משקה סויה 1 ליטר אלפרו,שטראוס גרופ בעמ,,,יח`,1,1 ליטר,false,1,12.90,12.90,true,1,
5411188134985,false,אלפרו NOT MILK שיבולת שועל 3.5% שומן 1 ל,שטראוס גרופ בעמ/מצונן,,,יח`,1,1 ליטר,false,1,13.90,13.90,false,1,
5413149922907,false,אריאל 5  קג`קולור,דיפלומט מפיצים (1968) בעמ,,,יח`,5,"ק""ג",false,1,44.90,8.98,true,1,
5413149922938,false,אריאל 5  קג`שושן צחור,דיפלומט מפיצים (1968) בעמ,,,יח`,5,"ק""ג",false,1,44.90,8.98,true,1,
5701932026964,false,הוט פופ 600 גר`,ליימן שליסל בעמ,,,יח`,600,גרם,false,1,15.90,2.65,true,1,
5701932026971,false,הוט פופ חמאה 600 גר`,ליימן שליסל בעמ,,,יח`,600,גרם,false,1,15.90,2.65,true,1,
5705550300963,false,ביצי דג שיבוט 200  גר`שוקחה,בני ג`ורג` שוקחה (חיפה) בעמ,,,יח`,200,גרם,false,1,11.90,5.95,false,1,
5706516110039,false,הוט פופ בטעם טבעי 600  גר`מופחת שומן ונת,ליימן שליסל בעמ,,,יח`,600,"מ""ל",false,1,15.90,2.65,true,1,
5711953106590,false,ארלה גבינת שמנת שום 200 גר`,שטראוס גרופ בעמ/מצונן,,,יח`,200,גרם,false,1,15.90,7.95,true,1,
5711953106606,false,גבינת שמנת עשבי תיבול 200  גר`ארלה,שטראוס גרופ בעמ/מצונן,,,יח`,200,גרם,false,1,15.90,7.95,true,1,
5740900403215,false,ממרח לורפק עם מלח 250 גר`,שטראוס גרופ בעמ/מצונן,,,יח`,250,גרם,false,1,16.90,6.76,false,1,
5740900403239,false,ממרח לורפק ללא מלח 250 גר`,שטראוס גרופ בעמ/מצונן,,,יח`,250,גרם,false,1,16.90,6.76,false,1,
5740900403284,false,ממרח לורפק 200  גר`ללא מלח,שטראוס גרופ בעמ/מצונן,,,יח`,200,גרם,false,1,11.90,5.95,false,1,
5900020018908,false,פיטנס חטיפי דגנים קרם עוגיות,קבוצת אסם סחר שות. מוגבלת,,,יח`,141,גרם,false,1,15.90,11.28,true,1,
5900020026552,false,האני נאט צ`יריוס עידן הקרח 625 גרם,קבוצת אסם סחר שות. מוגבלת,,,יח`,625,גרם,false,1,19.90,3.18,false,1,
5900020033314,false,פיטנס חטיפי דגנים ליון 150 גר`,קבוצת אסם סחר שות. מוגבלת,,,יח`,150,גרם,false,1,15.90,10.60,true,1,
5900020034991,false,קראנץ צדפים בטעם שוקולד 450 גר`,קבוצת אסם סחר שות. מוגבלת,,,יח`,450,גרם,false,1,19.90,4.42,true,1,
5900020036407,false,דגני בוקר שוקולד קרמל (480 גר`) ליון,קבוצת אסם סחר שות. מוגבלת,,,יח`,480,גרם,false,1,26.90,5.60,true,1,
5900352001814,false,גלרטקה תפוז 190 גר`,יעד ממתקים בעמ,,,יח`,190,גרם,false,1,9.90,5.21,true,1,
5901414200411,false,היט מיניס קרם קקאו 130גר בלזן.,ליימן שליסל בעמ,,,יח`,130,גרם,false,1,7.90,6.08,true,1,
5901888020546,false,חטיף דגנים עם קינואה ומלח ים 70 גר` FR,דנשר (1963) בעמ,,,יח`,70,גרם,false,1,12.90,18.43,true,1,
5901888020560,false,חטיף דגנים עם קינואה בטעם עשבי תיבול 7,דנשר (1963) בעמ,,,יח`,70,גרם,false,1,12.90,18.43,true,1,
5902198160403,false,xl ten פחית 250 מל ללס,טמפו משקאות בעמ,,,יח`,250,"מ""ל",false,1,4.90,1.84,true,1,
5903141082766,false,פאקט פאל מאל כחול דמי סלימס,גלוברנדס בעמ - שיווק סיגריות,,,יח`,1,,false,1,245,245,false,1,
5904941750312,false,בלו דיי משקה אנרגיה מוחיטו,בני פאוזי שמשום (2009) בעמ,,,יח`,250,"מ""ל",false,1,3.90,1.44,true,1,
5904941751302,false,משקה אנרגיה בפחית בלו (250 מל),בני פאוזי שמשום (2009) בעמ,,,יח`,250,"מ""ל",false,1,3.90,1.44,true,1,
5904941751524,false,בלו דיי משקה אנרגיה אבטיח,בני פאוזי שמשום (2009) בעמ,,,יח`,250,"מ""ל",false,1,3.90,1.44,true,1,
5904941751920,false,בלו דיי משקה אנרגיה,בני פאוזי שמשום (2009) בעמ,,,יח`,250,"מ""ל",false,1,3.90,1.44,true,1,
5906485301012,false,משקה אנרגיה אקסל (250 מל),טמפו משקאות בעמ,,,יח`,250,"מ""ל",false,1,4.90,1.84,true,1,
6008165003984,false,פאל מאל כחול סטרים פילטר,גלוברנדס בעמ - שיווק סיגריות,,,יח`,1,,false,1,30,30,true,1,
6008165271192,false,פאל מאל אדום ארוך בודד,גלוברנדס בעמ - שיווק סיגריות,,,יח`,1,,false,1,30,30,true,1,
6008165274629,false,פאל מאל כחול ארוך סטרים פילטר חפיסה,גלוברנדס בעמ - שיווק סיגריות,,,יח`,1,יח`,false,1,30,30,true,1,
6118000061090,false,סרדינים מרוקאים בשמן סויה (125  גר`)טנגי,דין שיווק וקליה 2021 בעמ,,,יח`,125,גרם,false,1,3.90,3.12,false,1,
6118000240501,false,סרדינים מרוקאים בשמן סויה אגדיר,דין שיווק וקליה 2021 בעמ,,,יח`,125,גרם,false,1,3.90,3.12,false,1,
6251883017348,false,שולחן פלסטיק לבן 1.80 מתקפל,ש.עג`מי חשמל פלוס בעמ,,,יח`,1,,false,1,169,169,false,1,
7046110071519,false,משחת שיניים לילדים לשיני חלב 2-6 ג`ורדון,דנשר (1963) בעמ,,,יח`,1,,false,1,11.90,11.90,true,1,
7290000000374,false,פטריות שמפיניון א.א,חוות השמפיניון בעמ,,,יח`,1,,false,1,9.90,9.90,true,1,
7290000023083,false,ערק אשקלון (700 מל),טמפו משקאות בעמ,,,יח`,700,"מ""ל",false,1,49.90,7.09,false,1,
7290000023809,false,קלאסיק קברנה סובניון יקבי ברקן (750 מל),טמפו משקאות בעמ,,,יח`,750,"מ""ל",false,1,32.90,4.35,true,1,
7290000023816,false,קלאסיק אמרלד ריזלינג יקבי ברקן (750 מל),טמפו משקאות בעמ,,,יח`,750,"מ""ל",false,1,32.90,4.35,true,1,
7290000023830,false,קלאסיק קברנה בלאש 750 מל,טמפו משקאות בעמ,,,יח`,750,"מ""ל",false,1,32.90,4.35,true,1,
7290000023977,false,קלאסיק מרלו יקבי ברקן (750 מל),טמפו משקאות בעמ,,,יח`,750,"מ""ל",false,1,32.90,4.35,true,1,
7290000024202,false,רזרב קברנה סובניון יקבי ברקן (750 מל),טמפו משקאות בעמ,,,יח`,750,"מ""ל",false,1,44.90,5.95,true,1,
7290000024530,false,יין אדום מתוק קידוש של סגל 750 מל,טמפו משקאות בעמ,,,יח`,750,"מ""ל",false,1,14.90,1.95,false,1,
7290000040042,false,יוגורט ביו 3% תות יופלה (150 גרם),תנובה - חלב,,,יח`,150,"מ""ל",false,1,4.90,3.27,false,1,
7290000040066,false,יופלה דובדבן 3%,תנובה - חלב,,,יח`,150,"מ""ל",false,1,4.90,3.27,false,1,
7290000040080,false,יוגורט ביו 3% אפרסק יופלה (150 גרם),תנובה - חלב,,,יח`,150,"מ""ל",false,1,4.90,3.27,false,1,
7290000040301,false,גבינת קממבר 24% עין גדי (125  גרם)קולקשי,תנובה - חלב,,,יח`,125,גרם,false,1,17.80,14.24,false,1,
7290000040974,false,חלב 2% דל לקטוז בקרטון תנובה (1 ליטר),תנובה - חלב,,,יח`,1,1 ליטר,false,1,7,7,false,1,
7290000041407,false,גיל 125 גרם,תנובה - חלב,,,יח`,125,"מ""ל",false,1,0.95,0.76,false,1,
7290000041445,false,קוטג`250 5%,תנובה - חלב,,,יח`,250,גרם,false,1,5.50,2.20,false,1,
7290000041452,false,גבינת  קוטג`9% מהדרין תנובה (250 גרם),תנובה - חלב,,,יח`,250,גרם,false,1,5.50,2.20,false,1,
7290000042015,false,חלב 3% בשקית בדצ תנובה (1  ליטר)פיקוח,תנובה - חלב,,,יח`,1,1 ליטר,false,1,5.43,5.43,false,1,
7290000042435,false,חלב דל שומן 1% בקרטון תנובה (1  ליטר)פיק,תנובה - חלב,,,יח`,1000,"מ""ל",false,1,5.86,0.59,false,1,
7290000042855,false,שוקו שקית,שטראוס גרופ בעמ/מצונן,,,יח`,225,"מ""ל",false,1,2.50,1.11,false,1,
7290000043012,false,שוקו עמיד 2% תנובה (250 מל),תנובה - חלב,,,יח`,250,"מ""ל",false,1,4.70,1.88,false,1,
7290000043111,false,חמאה תנובה (200  גרם)פיקוח,תנובה - חלב,,,יח`,200,גרם,false,1,7.80,3.90,false,1,
7290000043814,false,השף הלבן שמנת עמיד 38% קר 250,תנובה - חלב,,,יח`,250,"מ""ל",false,1,6.47,2.59,false,1,
7290000043890,false,רויון 1.5% תנובה (1 ליטר),תנובה - חלב,,,יח`,1,1 ליטר,false,1,11.50,11.50,false,1,
7290000044712,false,יוגורט עם תות 1.5% פרילי (500 גרם),תנובה - חלב,,,יח`,500,"מ""ל",false,1,10.90,2.18,false,1,
7290000044880,false,יוגורט בטעם תות שדה 3% באדי (500 גרם),תנובה - חלב,,,יח`,500,"מ""ל",false,1,8.80,1.76,false,1,
7290000045573,false,גבינת נעמה,תנובה - חלב,,,יח`,200,גרם,false,1,14.90,7.45,false,1,
7290000046020,false,גבינת גלבוע 22% תנובה,תנובה - חלב,,,"ק""ג",1000,גרם,true,1,42.58,4.26,false,1,
7290000047546,false,גבינה כנען 500,תנובה - חלב,,,יח`,500,גרם,false,1,23.90,4.78,false,1,
7290000047621,false,גבינה לבנה 250  גר`5%,תנובה - חלב,,,יח`,250,גרם,false,1,4.98,1.99,false,1,
7290000047942,false,גבינה לבנה 250 גר 9%,תנובה - חלב,,,יח`,250,גרם,false,1,4.70,1.88,false,1,
7290000048185,false,גבינה לבנה 5% תנובה (250  גרם)פיקוח,תנובה - חלב,,,יח`,250,גרם,false,1,4.98,1.99,false,1,
7290000048192,false,גבינה לבנה 9% תנובה (250 גרם),תנובה - חלב,,,יח`,250,גרם,false,1,4.70,1.88,false,1,
7290000048413,false,גבינה חמד  (25016%  גרם)פיראוס תנובה,תנובה - חלב,,,יח`,250,גרם,false,1,17.90,7.16,false,1,
7290000048437,false,גבינת צפתית  (2005%  גרם)פיראוס תנובה,תנובה - חלב,,,יח`,200,גרם,false,1,14.90,7.45,false,1,
7290000050454,false,יוגורט ביו 3% אפרסק יופלה (500 גרם),תנובה - חלב,,,יח`,500,"מ""ל",false,1,12.90,2.58,false,1,
7290000051307,false,הפסקת אוכל דגני עוגי וחלבי ווניל,תנובה - חלב,,,יח`,150,"מ""ל",false,1,9.90,6.60,false,1,
7290000051352,false,חלב של פעם 3.8% בקרטון תנובה (1 ליטר),תנובה - חלב,,,יח`,1,1 ליטר,false,1,7.50,7.50,false,1,
7290000051376,false,יופלה דיאט אננס 0%,תנובה - חלב,,,יח`,150,"מ""ל",false,1,4.90,3.27,false,1,
7290000052649,false,לאבנה אסלית  (5005%  גרם)פיראוס תנובה,תנובה - חלב,,,יח`,500,גרם,false,1,19.50,3.90,false,1,
7290000052946,false,יופלה לבן מעודן שמינייה בדצ,תנובה - חלב,,,יח`,1.20,1 ליטר,false,1,20.90,17.42,false,1,
7290000053219,false,טל העמק 32% צהובה,תנובה - חלב,,,"ק""ג",1000,גרם,true,1,55,5.50,false,1,
7290000053981,false,מאגדת 8 גביעים 4 תות 4 אפרסק,תנובה - חלב,,,יח`,1.20,1 ליטר,false,1,27.90,23.25,false,1,
7290000055015,false,גבינת פטה כבשים  (2505%  גרם)פיראוס בולג,תנובה - חלב,,,יח`,250,גרם,false,1,26.50,10.60,false,1,
7290000055329,false,יופלה משקה יוגורט 250 מל תות מלון,תנובה - חלב,,,יח`,250,גרם,false,1,5.50,2.20,false,1,
7290000055336,false,יופלה משקה יוגורט 250 מל בננה אפרסק,תנובה - חלב,,,יח`,250,גרם,false,1,5.50,2.20,false,1,
7290000055350,false,עמק פיקוח 28% צהובה מעדנייה,תנובה - חלב,,,"ק""ג",1000,גרם,true,1,44.79,4.48,false,1,
7290000055893,false,חמאה מהדרין תנובה (200  גרם)פיקוח,תנובה - חלב,,,יח`,1,,false,1,7.80,7.80,false,1,
7290000056081,false,מאגדת 6 פרילי טבע,תנובה - חלב,,,יח`,1200,גרם,false,1,22.50,1.88,false,1,
7290000056753,false,עמק פרוס בקופסא 200  גר`28% שומן,תנובה - חלב,,,יח`,200,גרם,false,1,15.90,7.95,false,1,
7290000056760,false,גבינה צהובה 28% מהדרין עמק (400 גרם),תנובה - חלב,,,יח`,400,גרם,false,1,29.20,7.30,false,1,
7290000056845,false,חלב טרי 3% תנובה (1.5  ליטר)פיקוח,תנובה - חלב,,,יח`,1500,1 ליטר,false,1,9.35,0.01,false,1,
7290000056890,false,יופלה דיאט טעמים שונים 6+2 8*150 מל,תנובה - חלב,,,יח`,1200,"מ""ל",false,1,29.90,2.49,false,1,
7290000056951,false,שמנת עמידה לבישול 15% השף הלבן (500 מל),תנובה - חלב,,,יח`,500,"מ""ל",false,1,15.90,3.18,false,1,
7290000057118,false,סמי עמק 400 גר,תנובה - חלב,,,יח`,400,גרם,false,1,20.90,5.23,false,1,
7290000057132,false,יוגורט ביו 1.5% תנובה (200 גרם),תנובה - חלב,,,יח`,200,גרם,false,1,3.20,1.60,false,1,
7290000057149,false,יוגורט ביו 3% תנובה (200 גרם),תנובה - חלב,,,יח`,200,גרם,false,1,3.20,1.60,false,1,
7290000057552,false,דיאט יופלה עוגת גבינה ותות,תנובה - חלב,,,יח`,150,גרם,false,1,4.90,3.27,false,1,
7290000057934,false,שוקו 1 ליטר בדצ בקבוק תנובה,תנובה - חלב,,,יח`,1000,"מ""ל",false,1,12.50,1.25,false,1,
7290000058030,false,שטוזים משקה יוגורט תות יופלה (100x8 מל),תנובה - חלב,,,יח`,1,,false,1,20.90,20.90,false,1,
7290000058047,false,שמנת 38% 500 מל עם פקק פיקוח,תנובה - חלב,,,יח`,500,"מ""ל",false,1,12.94,2.59,false,1,
7290000058979,false,גיל בטעם תות,תנובה - חלב,,,יח`,125,"מ""ל",false,1,1.60,1.28,false,1,
7290000060088,false,בייגלה מקלות עם מלח אסם (400 גרם),קבוצת אסם סחר שות. מוגבלת,,,יח`,400,גרם,false,1,10.90,2.73,true,1,
7290000060156,false,אטריות ביצים דקות אסם (200 גרם),קבוצת אסם סחר שות. מוגבלת,,,יח`,200,גרם,false,1,7.90,3.95,true,1,
7290000060163,false,אטריות דקות אסם (400 גרם),קבוצת אסם סחר שות. מוגבלת,,,יח`,400,גרם,false,1,7.90,1.98,true,1,
7290000060200,false,פתיתים אפויים קוסקוס אסם (500 גרם),קבוצת אסם סחר שות. מוגבלת,,,יח`,500,גרם,false,1,6.90,1.38,true,1,
7290000060217,false,פסטה מקרוני מספר 7 אסם (500 גרם),קבוצת אסם סחר שות. מוגבלת,,,יח`,500,גרם,false,1,5.90,1.18,true,1,
7290000060248,false,פסטה תלתלים אסם (500 גרם),קבוצת אסם סחר שות. מוגבלת,,,יח`,500,גרם,false,1,5.90,1.18,true,1,
7290000060316,false,ספגטי אסם פרפקטו (500 גרם),קבוצת אסם סחר שות. מוגבלת,,,יח`,500,גרם,false,1,7.90,1.58,false,1,
7290000060385,false,אינסטנט פודינג בטעם וניל אסם (80x4 גרם),קבוצת אסם סחר שות. מוגבלת,,,יח`,320,גרם,false,1,19.90,6.22,false,1,
7290000060408,false,פתיתים אפויים טבעות אסם (500 גרם),קבוצת אסם סחר שות. מוגבלת,,,יח`,500,גרם,false,1,6.90,1.38,true,1,
7290000060415,false,לזניה אסם פרפקטו (500 גרם),קבוצת אסם סחר שות. מוגבלת,,,יח`,500,גרם,false,1,15.90,3.18,false,1,
7290000060576,false,פתיתים אפויים כוכבים אסם (500 גרם),קבוצת אסם סחר שות. מוגבלת,,,יח`,500,גרם,false,1,6.90,1.38,true,1,
7290000060781,false,פסטה מסולסלים אסם (500 גרם),קבוצת אסם סחר שות. מוגבלת,,,יח`,500,גרם,false,1,5.90,1.18,true,1,
7290000060828,false,פסטה קרניים בינוניות אסם (500 גרם),קבוצת אסם סחר שות. מוגבלת,,,יח`,500,גרם,false,1,5.90,1.18,true,1,
7290000060842,false,פסטה צדפים גדולים אסם (500 גרם),קבוצת אסם סחר שות. מוגבלת,,,יח`,500,גרם,false,1,5.90,1.18,true,1,
7290000060880,false,ספגטי אסם (500 גרם),קבוצת אסם סחר שות. מוגבלת,,,יח`,500,גרם,false,1,5.90,1.18,true,1,
7290000060903,false,פתיתים אפויים אורז אסם (500 גרם),קבוצת אסם סחר שות. מוגבלת,,,יח`,500,גרם,false,1,6.90,1.38,true,1,
7290000060958,false,אטריות מובחרות בינוניות אסם (400 גרם),קבוצת אסם סחר שות. מוגבלת,,,יח`,400,גרם,false,1,7.90,1.98,true,1,
7290000060965,false,אטריות רחבות אסם (400 גרם),קבוצת אסם סחר שות. מוגבלת,,,יח`,400,גרם,false,1,7.90,1.98,true,1,
7290000061450,false,פתיתים אפויים 500 גר`3 צבעים אסם,קבוצת אסם סחר שות. מוגבלת,,,יח`,500,גרם,false,1,6.90,1.38,true,1,
7290000062952,false,מיני קרוטונים למרק,קבוצת אסם סחר שות. מוגבלת,,,יח`,250,גרם,false,1,15.90,6.36,true,1,
7290000063133,false,שקדי מרק אסם (100 גרם),קבוצת אסם סחר שות. מוגבלת,,,יח`,100,גרם,false,1,5.90,5.90,false,1,
7290000063140,false,שקדי מרק אסם (400 גרם),קבוצת אסם סחר שות. מוגבלת,,,יח`,400,גרם,false,1,10.90,2.73,true,1,
7290000063157,false,קמח תופח אסם (1 קג),קבוצת אסם סחר שות. מוגבלת,,,יח`,1,"ק""ג",false,1,9.90,9.90,false,1,
7290000064758,false,קוסקוס בינוני אסם (350 גרם),קבוצת אסם סחר שות. מוגבלת,,,יח`,350,גרם,false,1,8.90,2.54,false,1,
7290000064871,false,מנה חמה פירה עם בצל אסם (56 גרם),קבוצת אסם סחר שות. מוגבלת,,,יח`,56,גרם,false,1,6.90,12.32,true,1,
7290000065335,false,מנה חמה פירה עם ירקות אסם (55 גרם),קבוצת אסם סחר שות. מוגבלת,,,יח`,55,גרם,false,1,6.90,12.55,true,1,
7290000065540,false,מנה חמה פסטה מוקרמת,קבוצת אסם סחר שות. מוגבלת,,,יח`,55,גרם,false,1,6.90,12.55,true,1,
7290000065557,false,מנה חמה קוסקוס עם ירקות אסם (84 גרם),קבוצת אסם סחר שות. מוגבלת,,,יח`,62,גרם,false,1,6.90,11.13,true,1,
7290000066141,false,ביסלי חטיף בטעם גריל אסם (70 גרם),קבוצת אסם סחר שות. מוגבלת,,,יח`,70,גרם,false,1,3.90,5.57,true,1,
7290000066196,false,ביסלי חטיף בטעם גריל אסם (200 גרם),קבוצת אסם סחר שות. מוגבלת,,,יח`,200,גרם,false,1,7.90,3.95,true,1,
7290000066264,false,דובונים חטיף תפוחי אדמה אסם (40 גרם),קבוצת אסם סחר שות. מוגבלת,,,יח`,40,גרם,false,1,5,12.50,true,1,
7290000066295,false,במבה מתוקה בטעם תות אסם (30 גרם),קבוצת אסם סחר שות. מוגבלת,,,יח`,30,גרם,false,1,2.90,9.67,false,1,
7290000066318,false,במבה אסם (80 גרם),קבוצת אסם סחר שות. מוגבלת,,,יח`,80,גרם,false,1,4.30,5.38,true,1,
7290000066332,false,אפרופו חטיף תירס אסם (50 גרם),קבוצת אסם סחר שות. מוגבלת,,,יח`,50,גרם,false,1,5,10,true,1,
7290000066349,false,אפרופו חטיף תירס אסם (100 גרם),קבוצת אסם סחר שות. מוגבלת,,,יח`,100,גרם,false,1,8.90,8.90,false,1,
7290000067544,false,פירורית זהב אסם (200 גרם),קבוצת אסם סחר שות. מוגבלת,,,יח`,200,גרם,false,1,6.90,3.45,false,1,
7290000067599,false,מנה חמה ספגטי בולונז אסם (65 גרם),קבוצת אסם סחר שות. מוגבלת,,,יח`,65,גרם,false,1,6.90,10.62,true,1,
7290000068138,false,פודינג בטעם וניל 80  גר`אסם,קבוצת אסם סחר שות. מוגבלת,,,יח`,80,גרם,false,1,5.90,7.38,false,1,
7290000068190,false,אבקה להכנת ג`לי בטעם תות אסם (90 גרם),קבוצת אסם סחר שות. מוגבלת,,,יח`,90,גרם,false,1,6.90,7.67,false,1,
7290000068237,false,אבקה להכנת ג`לי בטעם פטל אסם (85 גרם),קבוצת אסם סחר שות. מוגבלת,,,יח`,85,גרם,false,1,6.90,8.12,false,1,
7290000068343,false,פריכונים מאורז מלא אסם (140 גרם),קבוצת אסם סחר שות. מוגבלת,,,יח`,140,גרם,false,1,7.90,5.64,true,1,
7290000068701,false,שקדי מרק במיכל,קבוצת אסם סחר שות. מוגבלת,,,יח`,400,גרם,false,1,15.90,3.98,false,1,
7290000068770,false,במבה יום הולדת אסם (80 גרם),קבוצת אסם סחר שות. מוגבלת,,,יח`,80,גרם,false,1,4.30,5.38,true,1,
7290000070308,false,מרק עוף אמיתי בשרי אסם (400 גרם),קבוצת אסם סחר שות. מוגבלת,,,יח`,400,גרם,false,1,20,5,false,1,
7290000070322,false,מרק פטריות אסם (400 גרם),קבוצת אסם סחר שות. מוגבלת,,,יח`,400,גרם,false,1,24.90,6.23,true,1,
7290000070353,false,מרק בצל רכיבים טבעיים אסם (400 גרם),קבוצת אסם סחר שות. מוגבלת,,,יח`,400,גרם,false,1,24.90,6.23,true,1,
7290000070919,false,בייגלה רשתות עם מלח אסם (400 גרם),קבוצת אסם סחר שות. מוגבלת,,,יח`,400,גרם,false,1,12.90,3.23,true,1,
7290000071008,false,בייגלה שטוחים טבעות עם מלח אסם (60 גרם),קבוצת אסם סחר שות. מוגבלת,,,יח`,60,גרם,false,1,2.90,4.83,false,1,
7290000072067,false,במבה במילוי קרם חלבה אסם (60 גרם),קבוצת אסם סחר שות. מוגבלת,,,יח`,60,גרם,false,1,4.30,7.17,true,1,
7290000072241,false,רוטב פיצה אסם (290 מל),קבוצת אסם סחר שות. מוגבלת,,,יח`,290,"מ""ל",false,1,11.90,4.10,true,1,
7290000072623,false,קטשופ אסם (750 גרם),קבוצת אסם סחר שות. מוגבלת,,,יח`,750,גרם,false,1,10.90,1.45,true,1,
7290000072753,false,קפה טייסטרס צ`ויס נסקפה (200 גרם),קבוצת אסם סחר שות. מוגבלת,,,יח`,200,גרם,false,1,29.90,14.95,false,1,
7290000072968,false,סיני מיניס בטעם קינמון נסטלה (500 גרם),קבוצת אסם סחר שות. מוגבלת,,,יח`,375,גרם,false,1,19.90,5.31,true,1,
7290000073415,false,מנה חמה פסטה ברוטב פיצה אסם (61 גרם),קבוצת אסם סחר שות. מוגבלת,,,יח`,61,גרם,false,1,6.90,11.31,true,1,
7290000073699,false,צבר חומוס 150 גר`,קבוצת אסם סחר שות. מוגבלת,,,יח`,150,גרם,false,1,4.50,3,false,1,
7290000073767,false,מנה חמה נודלס בטעם בקר אסם (70 גרם),קבוצת אסם סחר שות. מוגבלת,,,יח`,70,גרם,false,1,7.90,11.29,true,1,
7290000073774,false,מנה חמה נודלס בטעם פיקנטי אסם (70 גרם),קבוצת אסם סחר שות. מוגבלת,,,יח`,76,גרם,false,1,7.90,10.39,true,1,
7290000074153,false,ביסקוויט פתי בר שוקולד אסם (500 גרם),קבוצת אסם סחר שות. מוגבלת,,,יח`,500,גרם,false,1,11.90,2.38,false,1,
7290000074184,false,ביסקוויט פתי בר אסם (500 גרם),קבוצת אסם סחר שות. מוגבלת,,,יח`,500,גרם,false,1,11.90,2.38,true,1,
7290000074245,false,קרם קרקר אסם (250 גרם),קבוצת אסם סחר שות. מוגבלת,,,יח`,250,גרם,false,1,9.90,3.96,true,1,
7290000074375,false,קרקר זהב אסם (150 גרם),קבוצת אסם סחר שות. מוגבלת,,,יח`,150,גרם,false,1,7.90,5.27,true,1,
7290000074481,false,קרקר לחמית אגוזים אסם (160 גרם),קבוצת אסם סחר שות. מוגבלת,,,יח`,160,גרם,false,1,10.90,6.81,true,1,
7290000074696,false,קרם קרקר אסם (1 קג),קבוצת אסם סחר שות. מוגבלת,,,יח`,1,"ק""ג",false,1,27.90,27.90,true,1,
7290000075204,false,קרקר לחמית חיטה מלאה אסם (250 גרם),קבוצת אסם סחר שות. מוגבלת,,,יח`,250,גרם,false,1,8.90,3.56,true,1,
7290000075693,false,עוגת הבית שמרים בריוש שוקולד 360 גר`,קבוצת אסם סחר שות. מוגבלת,,,יח`,360,גרם,false,1,17.90,4.97,true,1,
7290000076126,false,בייגלה שמיניות עם מלח אסם (80 גרם),קבוצת אסם סחר שות. מוגבלת,,,יח`,80,גרם,false,1,2.90,3.63,false,1,
7290000076133,false,בייגלה שמיניות עם מלח אסם (400 גרם),קבוצת אסם סחר שות. מוגבלת,,,יח`,400,גרם,false,1,9.90,2.48,true,1,
7290000076645,false,טוסטעים חיטה מלאה אסם (100 גרם),קבוצת אסם סחר שות. מוגבלת,,,יח`,100,גרם,false,1,9.90,9.90,false,1,
7290000077253,false,קרקר לחמית כפרית אסם (190 גרם),קבוצת אסם סחר שות. מוגבלת,,,יח`,190,גרם,false,1,10.90,5.74,true,1,
7290000078212,false,קרוטונים מתובלים למרק אסם (250 גרם),קבוצת אסם סחר שות. מוגבלת,,,יח`,250,גרם,false,1,15.90,6.36,true,1,
7290000079233,false,קרם קרקר דל נתרן אסם (250 גרם),קבוצת אסם סחר שות. מוגבלת,,,יח`,250,גרם,false,1,10.90,4.36,true,1,
7290000080758,false,פת קלויה טוסטעים אסם (100 גרם),קבוצת אסם סחר שות. מוגבלת,,,יח`,100,גרם,false,1,9.90,9.90,false,1,
7290000080765,false,פת קלויה טוסטעים עם שומשום אסם (100 גרם),קבוצת אסם סחר שות. מוגבלת,,,יח`,100,גרם,false,1,9.90,9.90,false,1,
7290000081663,false,בייגלה טבעות עם שומשום אסם (300 גרם),קבוצת אסם סחר שות. מוגבלת,,,יח`,300,גרם,false,1,9.90,3.30,true,1,
7290000100128,false,פירות קפואים תות 300  גר`סנפרוסט,תנובה קפואים,,,יח`,300,גרם,false,1,15.90,5.30,true,1,
7290000103488,false,ארטישוק ירושלמי 400  גר`סנפרוסט,תנובה קפואים,,,יח`,400,גרם,false,1,19.90,4.98,true,1,
7290000104188,false,שעועית אדומה מבושלת 800  גר`סנפרוסט,תנובה קפואים,,,יח`,800,גרם,false,1,19.90,2.49,true,1,
7290000104201,false,אפונה עדינה מוקפאת סנפרוסט (600 גרם),תנובה קפואים,,,יח`,600,גרם,false,1,18.90,3.15,true,1,
7290000104218,false,במיה 600  גר`סנפרוסט,תנובה קפואים,,,יח`,600,גרם,false,1,18.90,3.15,true,1,
7290000104713,false,פול ירוק 800  גר`סנפרוסט,תנובה קפואים,,,יח`,800,גרם,false,1,24.90,3.11,true,1,
7290000104720,false,שעועית ירוקה חתוכה סנפרוסט (800 גרם),תנובה קפואים,,,יח`,800,גרם,false,1,19.90,2.49,true,1,
7290000104737,false,שעועית צהובה 800  גר`סנפרוסט,תנובה קפואים,,,יח`,800,גרם,false,1,19.90,2.49,true,1,
7290000104744,false,כרובית מוקפאת סנפרוסט (800 גרם),תנובה קפואים,,,יח`,800,גרם,false,1,25,3.13,true,1,
7290000104799,false,שעועית לבנה מבושלת סנפרוסט (800 גרם),תנובה קפואים,,,יח`,800,גרם,false,1,19.90,2.49,true,1,
7290000104836,false,שעועית עדינה שלמה סנפרוסט (600 גרם),תנובה קפואים,,,יח`,600,גרם,false,1,22.90,3.82,true,1,
7290000104881,false,לקט אפונה וגזר מוקפאים סנפרוסט (800 גרם),תנובה קפואים,,,יח`,800,גרם,false,1,16.90,2.11,true,1,
7290000107295,false,ברוקולי סנפרוסט (800 גרם),תנובה קפואים,,,יח`,800,גרם,false,1,24.90,3.11,true,1,
7290000111063,false,מיונז אמיתי תלמה (250 גרם),יוניליוור ישראל שיווק בעמ,,,יח`,250,גרם,false,1,5.90,2.36,true,1,
7290000111117,false,מרכך כביסה לבן בדין (4 ליטר),יוניליוור ישראל שיווק בעמ,,,יח`,4,1 ליטר,false,1,19.90,4.98,false,1,
7290000111186,false,מיונז אמיתי תלמה (500 גרם),יוניליוור ישראל שיווק בעמ,,,יח`,500,גרם,false,1,9.90,1.98,false,1,
7290000111353,false,מיונז אמיתי תלמה (1 קג),יוניליוור ישראל שיווק בעמ,,,יח`,1,"ק""ג",false,1,17.90,17.90,false,1,
7290000111360,false,חרדל אמיתי תלמה (250 גרם),יוניליוור ישראל שיווק בעמ,,,יח`,250,גרם,false,1,6.90,2.76,false,1,
7290000111384,false,חרדל אמיתי תלמה (550 גרם),יוניליוור ישראל שיווק בעמ,,,יח`,550,גרם,false,1,9.90,1.80,true,1,
7290000112220,false,בארכה טחינה 100% שומשום,קבוצת אסם סחר שות. מוגבלת,,,יח`,500,גרם,false,1,13.90,2.78,true,1,
7290000112497,false,מרק עשיר עוף עם אטריות קנור (68 גרם),יוניליוור ישראל שיווק בעמ,,,יח`,75,גרם,false,1,9.90,13.20,true,1,
7290000116204,false,מרק דגש זך טעם עוף קנור (1 קג),יוניליוור ישראל שיווק בעמ,,,יח`,1,"ק""ג",false,1,17.90,17.90,false,1,
7290000116921,false,רוטב צ`ילי מתוק קנור (300 מל),יוניליוור ישראל שיווק בעמ,,,יח`,340,"מ""ל",false,1,12.90,3.79,true,1,
7290000117720,false,מרק נמס בכוס פטריות קנור (21.5x2 גרם),יוניליוור ישראל שיווק בעמ,,,יח`,43,גרם,false,1,6.90,16.05,true,1,
7290000118277,false,אבקה לקניידלך קנור (2  יח`- 130 גרם),יוניליוור ישראל שיווק בעמ,,,יח`,130,גרם,false,1,12.90,9.92,true,1,
7290000120836,false,מיונז אמיתי הלמנס (394 גרם),יוניליוור ישראל שיווק בעמ,,,יח`,433,גרם,false,1,12.90,2.98,true,1,
7290000120874,false,מיונז לייט הלמנס (424 גרם),יוניליוור ישראל שיווק בעמ,,,יח`,476,גרם,false,1,12.90,2.71,true,1,
7290000121031,false,גבינה חתול 120ג,נטו מלינדה סחר בעמ,,,יח`,120,גרם,false,1,10.90,9.08,true,1,
7290000121093,false,מון בלאן שויצרית,נטו מלינדה סחר בעמ,,,יח`,120,גרם,false,1,11.60,9.67,true,1,
7290000121109,false,מון בלאן זיתים,נטו מלינדה סחר בעמ,,,יח`,120,גרם,false,1,12.60,10.50,true,1,
7290000122830,false,רוטב סצ`ואן קנור (300 מל),יוניליוור ישראל שיווק בעמ,,,יח`,300,"מ""ל",false,1,12.90,4.30,true,1,
7290000129457,false,רוטב פטריות קנור (28 גרם),יוניליוור ישראל שיווק בעמ,,,יח`,28,גרם,false,1,4.90,17.50,true,1,
7290000129785,false,מרכך כביסה ירוק בדין (4 ליטר),יוניליוור ישראל שיווק בעמ,,,יח`,4,1 ליטר,false,1,19.90,4.98,false,1,
7290000133645,false,מש.שיניים אורביטול שלישיה,החברה הדרומית לשיווק בעמ,,,יח`,435,גרם,false,1,19.90,4.57,true,1,
7290000134147,false,מוסקט טחון 40 גר`,תבליני טעם וריח בעמ,,,יח`,40,גרם,false,1,13.90,34.75,false,1,
7290000134338,false,שום אבקה 90 גר`,תבליני טעם וריח בעמ,,,יח`,90,גרם,false,1,9.90,11,true,1,
7290000134550,false,עלי דפנה 20 גר`,תבליני טעם וריח בעמ,,,יח`,20,גרם,false,1,6.90,34.50,false,1,
7290000134826,false,זעתר מעורב 100 גר`,תבליני טעם וריח בעמ,,,יח`,100,גרם,false,1,9.90,9.90,true,1,
7290000134833,false,כמון טחון 100 גר`,תבליני טעם וריח בעמ,,,יח`,100,גרם,false,1,9.90,9.90,true,1,
7290000134840,false,כורכום טחון 100 גר`,תבליני טעם וריח בעמ,,,יח`,100,גרם,false,1,9.90,9.90,true,1,
7290000134857,false,פפריקה מתוקה 100 גר`,תבליני טעם וריח בעמ,,,יח`,100,גרם,false,1,9.90,9.90,true,1,
7290000134864,false,פפריקה חריפה 100 גר`,תבליני טעם וריח בעמ,,,יח`,100,גרם,false,1,9.90,9.90,true,1,
7290000134871,false,פלפל שחור טחון 100 גר`,תבליני טעם וריח בעמ,,,יח`,100,גרם,false,1,12.90,12.90,true,1,
7290000134970,false,חוואיג` 100 גר`,תבליני טעם וריח בעמ,,,יח`,100,גרם,false,1,9.90,9.90,true,1,
7290000134987,false,פלפל שחור גרוס 90 גר`,תבליני טעם וריח בעמ,,,יח`,90,גרם,false,1,12.90,14.33,true,1,
7290000135311,false,פפסי מקס ליים 1.5 ליטר,טמפו משקאות בעמ,,,יח`,1500,"מ""ל",false,1,8.50,0.55,true,1,
7290000136141,false,פפסי 1.5 ליטר,טמפו משקאות בעמ,,,יח`,1.50,1 ליטר,false,1,8.90,5.73,true,1,
7290000136158,false,פפסי מקס 1.5 ליטר,טמפו משקאות בעמ,,,יח`,1.50,1 ליטר,false,1,8.50,5.47,true,1,
7290000136165,false,מירנדה 1.5 ליטר,טמפו משקאות בעמ,,,יח`,1.50,1 ליטר,false,1,8.90,5.73,true,1,
7290000136172,false,סבן אפ 1.5 ליטר,טמפו משקאות בעמ,,,יח`,1.50,1 ליטר,false,1,8.90,5.73,true,1,
7290000136189,false,סבן אפ דיאט 1.5 ליטר,טמפו משקאות בעמ,,,יח`,1.50,1 ליטר,false,1,7.90,5.07,true,1,
7290000136240,false,סודה טמפו 1.5 ליטר,טמפו משקאות בעמ,,,יח`,1.50,1 ליטר,false,1,3,1.80,false,1,
7290000136288,false,סיידר הגליל סירופ טעם תפוחים 330 מל,טמפו משקאות בעמ,,,יח`,330,"מ""ל",false,1,14.90,4.52,true,1,
7290000136301,false,סיידר הגליל סירופ טעם ענבים 330 מל,טמפו משקאות בעמ,,,יח`,330,"מ""ל",false,1,14.90,4.52,true,1,
7290000136455,false,ג`אמפ בטעם אשכוליות 1.5 ליטר,טמפו משקאות בעמ,,,יח`,1.50,1 ליטר,false,1,7.20,4.60,true,1,
7290000136516,false,ג`אמפ בטעם מנגו פסיפלורה 1.5 ליטר,טמפו משקאות בעמ,,,יח`,1.50,1 ליטר,false,1,7.20,4.60,true,1,
7290000136523,false,ג`אמפ בטעם ענבים 1.5 ליטר,טמפו משקאות בעמ,,,יח`,1.50,1 ליטר,false,1,7.20,4.60,true,1,
7290000136561,false,ג`אמפ בטעם תות בננה 1.5 ליטר,טמפו משקאות בעמ,,,יח`,1.50,1 ליטר,false,1,7.20,4.60,true,1,
7290000136585,false,ג`אמפ בטעם תפוזים 1.5 ליטר,טמפו משקאות בעמ,,,יח`,1.50,1 ליטר,false,1,7.20,4.60,true,1,
7290000136646,false,בירה שחורה נשר מאלט (1.5 ליטר),טמפו משקאות בעמ,,,יח`,1.50,1 ליטר,false,1,8.90,5.73,true,1,
7290000136653,false,בירה שחורה דיאט נשר מאלט (1.5 ליטר),טמפו משקאות בעמ,,,יח`,1500,"מ""ל",false,1,8.90,0.57,false,1,
7290000136790,false,סודה טמפו 1.5 ליטר שישייה,טמפו משקאות בעמ,,,יח`,9,1 ליטר,false,1,17.90,1.79,false,1,
7290000136813,false,סודה בטעם אננס 1.5 ליטר רביעייה טמפו,טמפו משקאות בעמ,,,יח`,6,1 ליטר,false,1,11.90,1.78,false,1,
7290000136844,false,אקווה נובה 2 ליטר שישיה,טמפו משקאות בעמ,,,יח`,12,1 ליטר,false,1,12.90,0.93,false,1,
7290000137513,false,קרמיסימו גלידונית 60 יח`,גלידות שטראוס בעמ,,,יח`,700,גרם,false,1,47.90,6.84,false,1,
7290000137643,false,מאגדת-טעמקור 8 יח`,גלידות שטראוס בעמ,,,יח`,1,,false,1,37.90,37.90,false,1,
7290000143187,false,שמפו ומרכך לגבר הוואי (700 מל),הנקל סוד בעמ,,,יח`,700,"מ""ל",false,1,8.90,1.27,false,1,
7290000143194,false,שמפו ומרכך לשיער אלוורה הוואי (700 מל),הנקל סוד בעמ,,,יח`,700,"מ""ל",false,1,8.90,1.27,false,1,
7290000143255,false,הוואי שמפו לשיער רגיל 700 מל ירוק,הנקל סוד בעמ,,,יח`,700,"מ""ל",false,1,8.90,1.27,false,1,
7290000143262,false,הוואי שמפו 700 מל ילדים,הנקל סוד בעמ,,,יח`,700,"מ""ל",false,1,8.90,1.27,false,1,
7290000143279,false,שמפו למניעת קשקשים הוואי (700 מל),הנקל סוד בעמ,,,יח`,700,"מ""ל",false,1,8.90,1.27,false,1,
7290000143286,false,הוואי מרכך לשיער רגיל 700 מל ירוק,הנקל סוד בעמ,,,יח`,700,"מ""ל",false,1,8.90,1.27,false,1,
7290000143293,false,הוואי מרכך 700 מל ילדים,הנקל סוד בעמ,,,יח`,700,"מ""ל",false,1,8.90,1.27,false,1,
7290000144467,false,שמן חמניות מזוכך עץ הזית (1 ליטר),סוגת תעשיות בעמ,,,יח`,1,1 ליטר,false,1,16.90,16.90,true,1,
7290000144474,false,שמן קנולה מזוכך עץ הזית (1 ליטר),סוגת תעשיות בעמ,,,יח`,1,1 ליטר,false,1,15.90,15.90,true,1,
7290000146645,false,הוואי סבון מוצק שחור מסתורי 100  גר`רביע,הנקל סוד בעמ,,,יח`,400,גרם,false,1,11.90,2.98,false,1,
7290000146652,false,הוואי סבון מוצק ורוד 100  גר`רביעייה,הנקל סוד בעמ,,,יח`,400,גרם,false,1,11.90,2.98,false,1,
7290000146676,false,הוואי סבון מוצק לגבר 100  גר`רביעייה,הנקל סוד בעמ,,,יח`,400,גרם,false,1,11.90,2.98,false,1,
7290000146683,false,הוואי סבון מוצק 100  גר`רביעייה,הנקל סוד בעמ,,,יח`,400,גרם,false,1,11.90,2.98,false,1,
7290000146928,false,משחת שיניים טום וג`רי 60 גר`,הנקל סוד בעמ,,,יח`,60,גרם,false,1,8.90,14.83,true,1,
7290000146997,false,משחת שיניים לילדים טום וג`רי (50 מל),הנקל סוד בעמ,,,יח`,60,גרם,false,1,8.90,14.83,true,1,
7290000148489,false,גרעיני דלעת שקית 200 גר`,ליימן שליסל בעמ,,,יח`,200,גרם,false,1,8.90,4.45,false,1,
7290000148618,false,קשיו מטוגן שקית 200 גר,ליימן שליסל בעמ,,,יח`,200,גרם,false,1,17.90,8.95,true,1,
7290000149615,false,סבון מוצק לתינוק נקה  (100x47 גרם),החברה הדרומית לשיווק בעמ,,,יח`,400,גרם,false,1,10.90,2.73,true,1,
7290000149905,false,טקסטיל שמפו נוזל,החברה הדרומית לשיווק בעמ,,,יח`,1,1 ליטר,false,1,12.90,12.90,false,1,
7290000158105,false,שניצל עוף מיני דיזוזאור 700  גר`עוף טוב,קבוצת אסם סחר שות. מוגבלת,,,יח`,700,גרם,false,1,34.90,4.99,true,1,
7290000166605,false,סיף פנטסטיק 4 ליטר כללי יסמין,יוניליוור ישראל שיווק בעמ,,,יח`,4,"ק""ג",false,1,24.90,6.23,true,1,
7290000168173,false,ברנפלקס קרנצ`ים 375  גר`בדצ,יוניליוור ישראל שיווק בעמ,,,יח`,375,גרם,false,1,22.90,6.11,true,1,
7290000169538,false,נמס בכוס עגבניות וקרוטונים,יוניליוור ישראל שיווק בעמ,,,יח`,17,גרם,false,1,6.90,40.59,true,1,
7290000169798,false,עוגי מופחת סוכר 500גר,יוניליוור ישראל שיווק בעמ,,,יח`,500,גרם,false,1,18.90,3.78,true,1,
7290000174723,false,שוקולית אבקת שוקו עלית (500 גרם),שטראוס גרופ בעמ,,,יח`,500,גרם,false,1,11.90,2.38,false,1,
7290000176062,false,קפה טורקי עלית (100 גרם),שטראוס גרופ בעמ,,,יח`,100,גרם,false,1,8.90,8.90,false,1,
7290000176079,false,קפה טורקי עם הל עלית (100 גרם),שטראוס גרופ בעמ,,,יח`,100,גרם,false,1,8.90,8.90,false,1,
7290000176116,false,קפה טורקי בוואקום עלית (1 קג),שטראוס גרופ בעמ,,,יח`,1,"ק""ג",false,1,74.90,74.90,false,1,
7290000176413,false,נס קפה קטן פח,שטראוס גרופ בעמ,,,יח`,50,גרם,false,1,9.90,19.80,false,1,
7290000176420,false,קפה נמס עלית (200 גרם),שטראוס גרופ בעמ,,,יח`,200,גרם,false,1,19.90,9.95,false,1,
7290000178707,false,חטיף צ`יפס בטעם טבעי תפוצ`יפס (50 גרם),שטראוס פריטו ליי בעמ,,,יח`,50,גרם,false,1,3.90,7.80,false,1,
7290000178721,false,חטיף צ`יפס בטעם טבעי תפוצ`יפס (200 גרם),שטראוס פריטו ליי בעמ,,,יח`,200,גרם,false,1,10.90,5.45,true,1,
7290000185590,false,סילאן טבעי בקבוק לחיץ 635 גר`,תה ויסוצקי (ישראל) בעמ,,,יח`,635,גרם,false,1,19.90,3.13,false,1,
7290000186030,false,מגבוני האגיס רביעייה עם תחליב,קימברלי קלארק ישראל שיווק בעמ,,,יח`,1,,false,1,31.90,31.90,true,1,
7290000188553,false,מגן תחתון נורמל ביג קוטקס) (60,קימברלי קלארק ישראל שיווק בעמ,,,יח`,1,יח`,false,1,15.90,15.90,false,1,
7290000188591,false,מגן תחתון יאנג קוטקס) (60,קימברלי קלארק ישראל שיווק בעמ,,,יח`,1,יח`,false,1,15.90,15.90,false,1,
7290000189116,false,תבניות אלומניום עגולות חזקות ועבות,קימברלי קלארק ישראל שיווק בעמ,,,יח`,1,,false,1,10.90,10.90,false,1,
7290000189192,false,מגבת רב שימושית ניקול,קימברלי קלארק ישראל שיווק בעמ,,,יח`,1,יח`,false,1,19.90,19.90,false,1,
7290000189260,false,ניקול תבניות מלבנית חזקה ועבה,קימברלי קלארק ישראל שיווק בעמ,,,יח`,1,,false,1,10.90,10.90,false,1,
7290000189550,false,זוג אשפתון 90x78 ניקול) (10x2,קימברלי קלארק ישראל שיווק בעמ,,,יח`,1,יח`,false,1,24.90,24.90,false,1,
7290000189598,false,מטליות לחות לניקוי כללי ניקול) (50,קימברלי קלארק ישראל שיווק בעמ,,,יח`,1,יח`,false,1,12.90,12.90,true,1,
7290000189659,false,מטליות לחות לניקוי רצפה ניקול) (10,קימברלי קלארק ישראל שיווק בעמ,,,יח`,1,יח`,false,1,14.90,14.90,true,1,
7290000190150,false,מפיות אירוח לילי סטייל ניקול) (20,קימברלי קלארק ישראל שיווק בעמ,,,יח`,102,גרם,false,1,9.90,9.71,false,1,
7290000190198,false,מטליות לניקוי וחיטוי ניקול,קימברלי קלארק ישראל שיווק בעמ,,,יח`,1,,false,1,11.90,11.90,true,1,
7290000191225,false,חיתולי ליטל בייביס שלב 2 האגיס) (44,קימברלי קלארק ישראל שיווק בעמ,,,יח`,1,,false,1,34.90,34.90,false,1,
7290000191539,false,ממחטות טישו לילי) (100x5,קימברלי קלארק ישראל שיווק בעמ,,,יח`,593,גרם,false,1,14.90,2.51,false,1,
7290000193014,false,מגן תחתון לילי) (50,קימברלי קלארק ישראל שיווק בעמ,,,יח`,1,,false,1,10.90,10.90,false,1,
7290000193083,false,תחבושות נובה-לי לילי) (28,קימברלי קלארק ישראל שיווק בעמ,,,יח`,1,,false,1,10.90,10.90,false,1,
7290000193205,false,תח`לילי נטורל לילה,קימברלי קלארק ישראל שיווק בעמ,,,יח`,1,יח`,false,1,15.90,15.90,false,1,
7290000193472,false,מגן תחתון נטורל נורמל לילי) (60,קימברלי קלארק ישראל שיווק בעמ,,,יח`,1,יח`,false,1,15.90,15.90,false,1,
7290000193540,false,מגן תחתון נטורל לונג לילי) (52,קימברלי קלארק ישראל שיווק בעמ,,,יח`,1,יח`,false,1,15.90,15.90,false,1,
7290000193649,false,תחבושות נורמל עם כנפיים לילי) (24,קימברלי קלארק ישראל שיווק בעמ,,,יח`,1,יח`,false,1,15.90,15.90,false,1,
7290000193656,false,תחבושות נטורל סופר עם כנפיים לילי) (24,קימברלי קלארק ישראל שיווק בעמ,,,יח`,1,יח`,false,1,15.90,15.90,false,1,
7290000194288,false,משטח החתלה האגיס) (10,קימברלי קלארק ישראל שיווק בעמ,,,יח`,1,,false,1,25.90,25.90,false,1,
7290000194837,false,שקיות מזון גדולות עם ידית ניקול) (200,קימברלי קלארק ישראל שיווק בעמ,,,יח`,1,,false,1,13.90,13.90,true,1,
7290000195216,false,ניקול נייר אפייה 50 דף בשקית,קימברלי קלארק ישראל שיווק בעמ,,,יח`,1,,false,1,9.90,9.90,false,1,
7290000195537,false,מגבוני האגיס דיילי קר ללא בישום 4*64,קימברלי קלארק ישראל שיווק בעמ,,,יח`,1,,false,1,19.90,19.90,false,1,
7290000195773,false,מגבוני האגיס סנסיטיב קייר ללא בישום 4*64,קימברלי קלארק ישראל שיווק בעמ,,,יח`,1,,false,1,19.90,19.90,false,1,
7290000196763,false,שקיות אשפה חזקות במיוחד 65x52 ניקול) (40,קימברלי קלארק ישראל שיווק בעמ,,,יח`,1,יח`,false,1,28.90,28.90,true,1,
7290000197012,false,שקית  ריצ`רץ`למזון ניקול) (15,קימברלי קלארק ישראל שיווק בעמ,,,יח`,15,יח`,false,1,14.90,0.99,false,1,
7290000197029,false,שקיות  ריצ`רץ`רב תכליתיות ניקול) (12,קימברלי קלארק ישראל שיווק בעמ,,,יח`,12,יח`,false,1,14.90,1.24,false,1,
7290000197326,false,רדיד אלומיניום זוג רגיל ניקול,קימברלי קלארק ישראל שיווק בעמ,,,יח`,200,גרם,false,1,14.90,7.45,true,1,
7290000197456,false,חיתולי פרידום דריי שלב 4 האגיס) (44,קימברלי קלארק ישראל שיווק בעמ,,,יח`,1,,false,1,41.90,41.90,false,1,
7290000197463,false,חיתולי פרידום דריי שלב +4 האגיס) (40,קימברלי קלארק ישראל שיווק בעמ,,,יח`,1,,false,1,41.90,41.90,false,1,
7290000197470,false,שקיות רב שימושיות ניקול) (250,קימברלי קלארק ישראל שיווק בעמ,,,יח`,200,יח`,false,1,14.90,0.07,false,1,
7290000197548,false,חיתולי פרידום דריי שלב 5 האגיס) (36,קימברלי קלארק ישראל שיווק בעמ,,,יח`,1,,false,1,41.90,41.90,false,1,
7290000197678,false,חיתולי פרידום דריי שלב 6 האגיס) (30,קימברלי קלארק ישראל שיווק בעמ,,,יח`,1,,false,1,41.90,41.90,false,1,
7290000197753,false,זוג ניילון נצמד ניקול (30x2 מטר),קימברלי קלארק ישראל שיווק בעמ,,,יח`,1,יח`,false,1,13.90,13.90,true,1,
7290000197883,false,ניקול תבניות אלומניום גדולות,קימברלי קלארק ישראל שיווק בעמ,,,יח`,1,יח`,false,1,9.90,9.90,false,1,
7290000197999,false,ניקול-רדיד עבה 30*7.5,קימברלי קלארק ישראל שיווק בעמ,,,יח`,1,יח`,false,1,17.90,17.90,true,1,
7290000199313,false,תחבושות קוטקס יאנג,קימברלי קלארק ישראל שיווק בעמ,,,יח`,1,,false,1,19.90,19.90,true,1,
7290000201832,false,חיתולי פרימיום שלב 3 טיטולים) (50,קימברלי קלארק ישראל שיווק בעמ,,,יח`,1,,false,1,39.90,39.90,true,1,
7290000201849,false,חיתולי פרימיום שלב 4 טיטולים) (40,קימברלי קלארק ישראל שיווק בעמ,,,יח`,1,,false,1,39.90,39.90,true,1,
7290000201870,false,חיתולי פרימיום שלב 6 טיטולים) (30,קימברלי קלארק ישראל שיווק בעמ,,,יח`,1,,false,1,39.90,39.90,true,1,
7290000204086,false,כריות קרצוף סקוטש ניקול) (3,קימברלי קלארק ישראל שיווק בעמ,,,יח`,3,יח`,false,1,12.90,4.30,true,1,
7290000204147,false,כרית יפנית רביעייה ניקול,קימברלי קלארק ישראל שיווק בעמ,,,יח`,4,יח`,false,1,12.90,3.23,true,1,
7290000204215,false,כריות יפניות ניקול) (6,קימברלי קלארק ישראל שיווק בעמ,,,יח`,600,גרם,false,1,12.90,2.15,true,1,
7290000204239,false,ניקול מטליות רצפה רביעיה,קימברלי קלארק ישראל שיווק בעמ,,,יח`,4,יח`,false,1,13.90,3.48,true,1,
7290000204253,false,מטליות רב שימושיות לניקיון ניקול) (9,קימברלי קלארק ישראל שיווק בעמ,,,יח`,9,יח`,false,1,12.90,1.43,true,1,
7290000204611,false,ספוגית הקסם המקורית ניקול) (6,קימברלי קלארק ישראל שיווק בעמ,,,יח`,6,יח`,false,1,11.90,1.98,true,1,
7290000205762,false,האגיס חיתולי אקסטרה קר 3 48 יח,קימברלי קלארק ישראל שיווק בעמ,,,יח`,1,,false,1,46.90,46.90,false,1,
7290000207063,false,רוטב עגבניות 240  גר`פריכוז יכין,זנלכל בעמ,,,יח`,240,גרם,false,1,4.90,2.04,false,1,
7290000207162,false,רוטב עגבניות 22% יכין (100 גרם),זנלכל בעמ,,,יח`,100,גרם,false,1,2.50,2.50,true,1,
7290000207438,false,עגבניות מקולפות חתוכות לקוביות,זנלכל בעמ,,,יח`,800,גרם,false,1,9.90,1.24,false,1,
7290000208077,false,אפונת גינה גדולה יכין (550 גרם),זנלכל בעמ,,,יח`,550,גרם,false,1,8.50,1.55,true,1,
7290000208114,false,אפונת גינה וגזר יכין (550 גרם),זנלכל בעמ,,,יח`,550,גרם,false,1,8.50,1.55,true,1,
7290000208213,false,שעועית לבנה ברוטב עגבניות יכין (580 גרם),זנלכל בעמ,,,יח`,580,גרם,false,1,9.50,1.64,true,1,
7290000208251,false,שעועית ירוקה חתוכה יכין (550 גרם),זנלכל בעמ,,,יח`,550,גרם,false,1,9.90,1.80,false,1,
7290000208312,false,גרעיני תירס מתוק יכין,זנלכל בעמ,,,יח`,400,גרם,false,1,6.50,1.63,true,1,
7290000208329,false,גרעיני תירס מתוק יכין (550 גרם),זנלכל בעמ,,,יח`,550,גרם,false,1,8.50,1.55,true,1,
7290000208336,false,רוטב עגבניות 22% יכין (240 גרם),זנלכל בעמ,,,יח`,240,גרם,false,1,4.50,1.88,true,1,
7290000208404,false,פול מצרי יכין (550 גרם),זנלכל בעמ,,,יח`,550,גרם,false,1,9.50,1.73,false,1,
7290000208428,false,חומוס שלם יכין (550 גרם),זנלכל בעמ,,,יח`,550,גרם,false,1,9.50,1.73,true,1,
7290000208459,false,ירקות מעורבים יכין (550 גרם),זנלכל בעמ,,,יח`,550,גרם,false,1,9.90,1.80,false,1,
7290000208480,false,תירס בטעם חמאה יכין A2,זנלכל בעמ,,,יח`,550,גרם,false,1,9.90,1.80,false,1,
7290000208534,false,תירס קיד גרעיני תירס מתוק יכין (550 גרם),זנלכל בעמ,,,יח`,550,גרם,false,1,9.90,1.80,false,1,
7290000208893,false,תירס לייט יכין (400 גרם),זנלכל בעמ,,,יח`,340,גרם,false,1,6.50,1.91,true,1,
7290000208947,false,עגבניות מרוסקות יכין (240 גרם),זנלכל בעמ,,,יח`,240,גרם,false,1,5.50,2.29,false,1,
7290000208978,false,רוטב עגבניות  (10028%  גרם)פריכוז יכין,זנלכל בעמ,,,יח`,100,גרם,false,1,3,3,false,1,
7290000209012,false,חומץ 5% יכין (1 ליטר),זנלכל בעמ,,,יח`,1,1 ליטר,false,1,6.90,6.90,true,1,
7290000209043,false,מיץ לימון משומר לתיבול יכין (1 ליטר),זנלכל בעמ,,,יח`,1,1 ליטר,false,1,7.50,7.50,true,1,
7290000209371,false,מארז גרעיני תירס מתוק יכין (200x3 גרם),זנלכל בעמ,,,יח`,600,גרם,false,1,14.90,2.48,false,1,
7290000209388,false,תירס לייט שלשות OZ6,זנלכל בעמ,,,יח`,165,גרם,false,1,14.90,9.03,false,1,
7290000209722,false,רוטב עגבניות 28% יכין (580  גרם)פריכוז,זנלכל בעמ,,,יח`,580,גרם,false,1,10.90,1.88,false,1,
7290000209913,false,עגבניות קוביות 240  גר`יכין,זנלכל בעמ,,,יח`,240,גרם,false,1,5.50,2.29,false,1,
7290000209951,false,רוטב לפיצה יכין (240 גרם),זנלכל בעמ,,,יח`,240,גרם,false,1,5.50,2.29,false,1,
7290000210896,false,רוטב בולונז יכין (240 גרם),זנלכל בעמ,,,יח`,240,גרם,false,1,5.90,2.46,false,1,
7290000211169,false,אורז בסגנון תאילנדי סוגת (1 קג),סוגת תעשיות בעמ,,,יח`,1,"ק""ג",false,1,6.90,6.90,true,1,
7290000211381,false,סוכר חום שקית 1 קג סוגת,סוגת תעשיות בעמ,,,יח`,1,"ק""ג",false,1,14.90,14.90,true,1,
7290000211442,false,אורז בסגנון פרסי קלאסי סוגת (1 קג),סוגת תעשיות בעמ,,,יח`,1,"ק""ג",false,1,10.90,10.90,false,1,
7290000211503,false,סוכר לבן סוגת (1 קג),סוגת תעשיות בעמ,,,יח`,1,"ק""ג",false,1,3.90,3.90,false,1,
7290000211985,false,אורז ריזוטו עגול סוגת (1 קג),סוגת תעשיות בעמ,,,יח`,1,"ק""ג",false,1,9.90,9.90,true,1,
7290000226552,false,טורט ריבת חלב (1 קג),קפולסקי אדל בעמ,,,יח`,1000,גרם,false,1,64.90,6.49,false,1,
7290000226569,false,עוגת טורט קצפת שוקולד קפולסקי (1 קג),קפולסקי אדל בעמ,,,יח`,1000,גרם,false,1,64.90,6.49,false,1,
7290000226576,false,עוגת טורט מצופה שוקולד 1 קג,קפולסקי אדל בעמ,,,יח`,1000,גרם,false,1,64.90,6.49,false,1,
7290000226613,false,עוגת דובוש מצופה שוקולד 450 גר.,קפולסקי אדל בעמ,,,יח`,450,גרם,false,1,39.90,8.87,false,1,
7290000238029,false,בצק עלים מרודד מעדנות (1 קג),תנובה קפואים,,,יח`,1000,גרם,false,1,21.90,2.19,true,1,
7290000238036,false,מלווח מעדנות (6 יח` - 700 גרם),תנובה קפואים,,,יח`,700,גרם,false,1,16.90,2.41,true,1,
7290000238173,false,בורקס גבינה מעדנות,תנובה קפואים,,,יח`,800,גרם,false,1,20.90,2.61,true,1,
7290000238180,false,בורקס תפוא מעדנות,תנובה קפואים,,,יח`,800,גרם,false,1,19.90,2.49,true,1,
7290000244143,false,קרם לאחר גילוח הוואי (120 מל),הנקל סוד בעמ,,,יח`,120,גרם,false,1,17.90,14.92,true,1,
7290000244761,false,קרם ידיים ולוטה (80 גרם),הנקל סוד בעמ,,,יח`,80,"מ""ל",false,1,10.90,13.63,true,1,
7290000245270,false,אבקת כביסה פרסיל 1.250 קג`,גורי שיווק בעמ,,,יח`,1.25,"ק""ג",false,1,14.90,11.92,false,1,
7290000245294,false,פרסיל אבקת כביסה 2.5 קג`,גורי שיווק בעמ,,,יח`,2.50,"ק""ג",false,1,25.90,10.36,true,1,
7290000245782,false,מרכך כביסה ורוד סוד (4 ליטר),גורי שיווק בעמ,,,יח`,4,1 ליטר,false,1,16.90,4.23,false,1,
7290000245799,false,מרכך כביסה כחול סוד (4 ליטר),גורי שיווק בעמ,,,יח`,4,1 ליטר,false,1,16.90,4.23,false,1,
7290000253220,false,שוקולדצ`יפס לאפייה 260  גר`אופנהיימר,תה ויסוצקי (ישראל) בעמ,,,יח`,260,גרם,false,1,10.90,4.19,false,1,
7290000253251,false,אופניימר שוקו ציפס לבן 250 גר,תה ויסוצקי (ישראל) בעמ,,,יח`,250,גרם,false,1,12.90,5.16,true,1,
7290000262413,false,האגיס חיתולי אקסטרה קר מידה 5 34,קימברלי קלארק ישראל שיווק בעמ,,,יח`,1,,false,1,46.90,46.90,false,1,
7290000263359,false,חיתולי ליטל בייביס שלב 1 האגיס) (40,קימברלי קלארק ישראל שיווק בעמ,,,יח`,1,,false,1,34.90,34.90,false,1,
7290000264752,false,זוג רדיד אלומניום בעיצוב מיוחד,קימברלי קלארק ישראל שיווק בעמ,,,יח`,1,,false,1,10.90,10.90,false,1,
7290000272696,false,מיץ לימון משומר עסיס (1 ליטר),קבוצת אסם סחר שות. מוגבלת,,,יח`,1,1 ליטר,false,1,9.90,9.90,false,1,
7290000272726,false,חומץ 5% עסיס (1 ליטר),קבוצת אסם סחר שות. מוגבלת,,,יח`,1,1 ליטר,false,1,7.90,7.90,false,1,
7290000286228,false,כרית יפנית סנו סושי) (6,החברה הדרומית לשיווק בעמ,,,יח`,6,יח`,false,1,11.90,1.98,true,1,
7290000286549,false,מטלית לכל סנו סושי) (9,החברה הדרומית לשיווק בעמ,,,יח`,9,יח`,false,1,11.90,1.32,true,1,
7290000286594,false,סנו X לימון במיכל,החברה הדרומית לשיווק בעמ,,,יח`,600,גרם,false,1,9.90,1.65,false,1,
7290000286761,false,ניילון נצמד סנו סושי (30x2 מטר),החברה הדרומית לשיווק בעמ,,,יח`,1,,false,1,11.90,11.90,true,1,
7290000286921,false,קל רסס וכבס סנו (750 מל),החברה הדרומית לשיווק בעמ,,,יח`,750,"מ""ל",false,1,12.90,1.72,true,1,
7290000287430,false,סנובון לאסלה לימון סנו (55x3 גרם),החברה הדרומית לשיווק בעמ,,,יח`,165,גרם,false,1,11.90,7.21,true,1,
7290000288024,false,אקונומיקה ז`אוול לימון סנו (4 ליטר),החברה הדרומית לשיווק בעמ,,,יח`,4000,"מ""ל",false,1,16.90,0.42,false,1,
7290000288253,false,קוטל מעופפים קיי 400 סנו (630 מל),החברה הדרומית לשיווק בעמ,,,יח`,630,"מ""ל",false,1,24.90,3.95,true,1,
7290000288352,false,קוטל חרקים קיי 300 סנו (630 מל),החברה הדרומית לשיווק בעמ,,,יח`,630,"מ""ל",false,1,21.90,3.48,true,1,
7290000288642,false,סנו מקסימה4 ליטר ורוד פסים,החברה הדרומית לשיווק בעמ,,,יח`,4,1 ליטר,false,1,19.90,4.98,false,1,
7290000289069,false,סנו ז`אוול מרסס 1 ליטר,החברה הדרומית לשיווק בעמ,,,יח`,1,1 ליטר,false,1,18.90,18.90,true,1,
7290000289380,false,ז`אוול מונטבלאן ג`ל לאסלות סנו (750 מל),החברה הדרומית לשיווק בעמ,,,יח`,750,"מ""ל",false,1,10.90,1.45,false,1,
7290000289472,false,סושי שקיות אשפה גדולות 50 יח`,החברה הדרומית לשיווק בעמ,,,יח`,1,,false,1,17.90,17.90,false,1,
7290000289496,false,קרם לניקוי כללי לימון סנו (750 מל),החברה הדרומית לשיווק בעמ,,,יח`,750,"מ""ל",false,1,10.90,1.45,false,1,
7290000289595,false,מש.שיניים אורביטול ילדים,החברה הדרומית לשיווק בעמ,,,יח`,145,גרם,false,1,7.90,5.45,false,1,
7290000289748,false,מסיר שומנים פורטה פלוס סנו (750 מל),החברה הדרומית לשיווק בעמ,,,יח`,750,"מ""ל",false,1,13.90,1.85,true,1,
7290000292311,false,פוליויקס 2 ליטר,החברה הדרומית לשיווק בעמ,,,יח`,2,1 ליטר,false,1,20.90,10.45,false,1,
7290000292564,false,קוטל חרקים K2000 ללא ריח סנו (750 מל),החברה הדרומית לשיווק בעמ,,,יח`,750,"מ""ל",false,1,29.90,3.99,false,1,
7290000292687,false,סנובון לאסלה קלאסיק כחול סנו (55x3 גרם),החברה הדרומית לשיווק בעמ,,,יח`,165,גרם,false,1,17.90,10.85,true,1,
7290000293073,false,סנו מקסימה4 ליטר לבן,החברה הדרומית לשיווק בעמ,,,יח`,4,1 ליטר,false,1,19.90,4.98,false,1,
7290000294391,false,סנוג`ט יכול הכל סחלבים סנו (4 ליטר),החברה הדרומית לשיווק בעמ,,,יח`,4,1 ליטר,false,1,17.90,4.48,false,1,
7290000294780,false,אקונומיקה ז`אוול סמיכה סנו (4 ליטר),החברה הדרומית לשיווק בעמ,,,יח`,4000,"מ""ל",false,1,16.90,0.42,false,1,
7290000295121,false,מטלית ריצפה זיגזג סנו סושי) (3,החברה הדרומית לשיווק בעמ,,,יח`,1,,false,1,10.90,10.90,true,1,
7290000295299,false,כרית יפנית לכלים אקטיב סנו סושי) (4,החברה הדרומית לשיווק בעמ,,,יח`,1,,false,1,10.90,10.90,true,1,
7290000295336,false,סנו מקסימה 1.25 קג`,החברה הדרומית לשיווק בעמ,,,יח`,1.25,"ק""ג",false,1,13.90,11.12,true,1,
7290000295343,false,סנו מקסימה 1.25 קג`,החברה הדרומית לשיווק בעמ,,,יח`,1.25,"ק""ג",false,1,13.90,11.12,true,1,
7290000295367,false,א.כביסה סנו מקסימה 2.5 קג`,החברה הדרומית לשיווק בעמ,,,יח`,2.50,"ק""ג",false,1,24.90,9.96,false,1,
7290000295404,false,שקיות אשפה לפח 65x54 סנו סושי) (60,החברה הדרומית לשיווק בעמ,,,יח`,1,,false,1,22.90,22.90,true,1,
7290000295503,false,שקיות סנדביצ`ים סנו סושי) (150x2,החברה הדרומית לשיווק בעמ,,,יח`,1,,false,1,14.90,14.90,false,1,
7290000295541,false,רב מגבת ג`מבו סנו סושי,החברה הדרומית לשיווק בעמ,,,יח`,390,גרם,false,1,19.90,5.10,true,1,
7290000295558,false,סושי רדיד אלומיניום צמד,החברה הדרומית לשיווק בעמ,,,יח`,1,,false,1,11.90,11.90,true,1,
7290000295565,false,סנו  סושי- רדיד אלומיניום צמד 7.5*45,החברה הדרומית לשיווק בעמ,,,יח`,1,,false,1,17.90,17.90,true,1,
7290000300900,false,טבעול-שניצל תירס 750 גרם,קבוצת אסם סחר שות. מוגבלת,,,יח`,750,גרם,false,1,24.90,3.32,false,1,
7290000302027,false,פאקט טיים רד,דובק בעמ,,,יח`,200,יח`,false,1,280,1.40,false,1,
7290000302881,false,פאקט גולף גולד 100,דובק בעמ,,,יח`,1,יח`,false,1,290,290,false,1,
7290000303598,false,שעועית לבנה אפויה 570  גר`פרי גליל,ויטה -פרי גליל (החדשה) בעמ,,,יח`,570,גרם,false,1,6.90,1.21,false,1,
7290000305882,false,קוליאס 120גרם,סטארקיסט דיפלומט היינץ,,,יח`,120,גרם,false,1,5.90,4.92,false,1,
7290000307800,false,פול קפוא 800  גר`פרי גליל,ויטה -פרי גליל (החדשה) בעמ,,,יח`,800,גרם,false,1,9.90,1.24,false,1,
7290000311128,false,עוגיות מובחרות בטעם חמאה מן (300 גרם),רוקחמן בעמ,,,יח`,300,גרם,false,1,7.90,2.63,false,1,
7290000311180,false,וופל עשיריות 25*10 מן,רוקחמן בעמ,,,יח`,250,גרם,false,1,7.90,3.16,false,1,
7290000311203,false,וופל שוקולד מן (200 גרם),רוקחמן בעמ,,,יח`,200,גרם,false,1,4.90,2.45,false,1,
7290000311210,false,וופלים לימון מן (200 גרם),רוקחמן בעמ,,,יח`,200,גרם,false,1,4.90,2.45,false,1,
7290000311227,false,וופלים 200  גר`קפה מן,רוקחמן בעמ,,,יח`,200,גרם,false,1,4.90,2.45,false,1,
7290000311234,false,וופל 200  גר`וניל מן,רוקחמן בעמ,,,יח`,200,גרם,false,1,4.90,2.45,false,1,
7290000311258,false,ופל מן מצופה 250 גר מן,רוקחמן בעמ,,,יח`,250,גרם,false,1,6.50,2.60,true,1,
7290000311272,false,וופל 180  גר`חלבה מן,רוקחמן בעמ,,,יח`,180,גרם,false,1,4.90,2.72,false,1,
7290000311319,false,וופלים מצופים מן (1 קג),רוקחמן בעמ,,,יח`,1,"ק""ג",false,1,25.90,25.90,false,1,
7290000311357,false,וופל אגוזית 10יח*28גר מן,רוקחמן בעמ,,,יח`,280,גרם,false,1,11.90,4.25,false,1,
7290000311364,false,וופל בטעם שוקולד 10יח*21גר מן,רוקחמן בעמ,,,יח`,210,גרם,false,1,7.90,3.76,false,1,
7290000311425,false,ופלים מצופים מן (22x10 גרם),רוקחמן בעמ,,,יח`,200,גרם,false,1,8.90,4.45,false,1,
7290000311432,false,מן עוגיות גרנולה קינמון ללתס 200 גר`,רוקחמן בעמ,,,יח`,200,גרם,false,1,9.90,4.95,false,1,
7290000311463,false,מן עוגיות חיטה טעם חמאה ללתס 200 גר`,רוקחמן בעמ,,,יח`,200,גרם,false,1,9.90,4.95,false,1,
7290000311500,false,וופל שוקולד מן (500 גרם),רוקחמן בעמ,,,יח`,500,גרם,false,1,9.90,1.98,false,1,
7290000311517,false,וופלים 500 גר לימון מן,רוקחמן בעמ,,,יח`,500,גרם,false,1,9.90,1.98,false,1,
7290000311708,false,עוגיות חיטה מלאה מן (300 גרם),רוקחמן בעמ,,,יח`,300,גרם,false,1,7.90,2.63,false,1,
7290000311715,false,עוגיות כוכבים בטעם שוקולד מן (300 גרם),רוקחמן בעמ,,,יח`,300,גרם,false,1,7.90,2.63,false,1,
7290000311722,false,עוגיות בטעם וניל 300  גר`מן,רוקחמן בעמ,,,יח`,300,גרם,false,1,7.90,2.63,false,1,
7290000311746,false,עוגיות בטעם קרמל מן (300 גרם),רוקחמן בעמ,,,יח`,300,גרם,false,1,7.90,2.63,false,1,
7290000311753,false,עוגיות חיטה מלאה בטעם חלווה 250 גרם,רוקחמן בעמ,,,יח`,250,גרם,false,1,7.90,3.16,false,1,
7290000311845,false,מן עוגיות חיטה מלאה ללתס 200 גר`,רוקחמן בעמ,,,יח`,200,גרם,false,1,9.90,4.95,false,1,
7290000311869,false,מן ופלים ללתס בטעם שוקולד,רוקחמן בעמ,,,יח`,180,גרם,false,1,8.90,4.94,false,1,
7290000311876,false,מן ופלים ללתס בטעם וניל,רוקחמן בעמ,,,יח`,180,גרם,false,1,8.90,4.94,false,1,
7290000311883,false,מן עוגיות גרנולה ללתס 200 גר`,רוקחמן בעמ,,,יח`,200,גרם,false,1,9.90,4.95,false,1,
7290000313160,false,חברים זהבה 3 דובים שוקו,קבוצת אסם סחר שות. מוגבלת,,,יח`,250,גרם,false,1,7.90,3.16,false,1,
7290000313290,false,נודלס אטריות מסולסלות אסם (50x4 גרם),קבוצת אסם סחר שות. מוגבלת,,,יח`,200,גרם,false,1,9.90,4.95,false,1,
7290000339566,false,מרכך כביסה ורוד בדין (4 ליטר),יוניליוור ישראל שיווק בעמ,,,יח`,4,1 ליטר,false,1,19.90,4.98,false,1,
7290000339887,false,משחת כלים קלין 3.5 קג`,יוניליוור ישראל שיווק בעמ,,,יח`,3.50,"ק""ג",false,1,25.90,7.40,false,1,
7290000342856,false,מרכך כביסה כחול בדין (4 ליטר),יוניליוור ישראל שיווק בעמ,,,יח`,4,1 ליטר,false,1,19.90,4.98,false,1,
7290000345208,false,תה מעודן ויסוצקי) (25,תה ויסוצקי (ישראל) בעמ,,,יח`,25,גרם,false,1,6.90,27.60,false,1,
7290000345284,false,תה קלאסיק ויסוצקי) (100,תה ויסוצקי (ישראל) בעמ,,,יח`,150,גרם,false,1,16.90,11.27,false,1,
7290000345291,false,תה ארל גריי ויסוצקי) (25,תה ויסוצקי (ישראל) בעמ,,,יח`,37.50,גרם,false,1,15.90,42.40,true,1,
7290000346168,false,תה שומר ויסוצקי הגן הקסום) (25,תה ויסוצקי (ישראל) בעמ,,,יח`,37.50,גרם,false,1,17.50,46.67,true,1,
7290000346199,false,תה פירות היער ויסוצקי הגן הקסום) (25,תה ויסוצקי (ישראל) בעמ,,,יח`,67.50,גרם,false,1,17.50,25.93,true,1,
7290000346205,false,תה קמומיל ויסוצקי הגן הקסום) (25,תה ויסוצקי (ישראל) בעמ,,,יח`,37.50,גרם,false,1,17.50,46.67,true,1,
7290000346960,false,תה נענע ויסוצקי) (50,תה ויסוצקי (ישראל) בעמ,,,יח`,75,גרם,false,1,29.90,39.87,false,1,
7290000347738,false,תה ירוק נענע ויסוצקי (25),תה ויסוצקי (ישראל) בעמ,,,יח`,37.50,גרם,false,1,24.90,66.40,true,1,
7290000347752,false,תה ירוק לימונית ולואיזה ויסוצקי (25),תה ויסוצקי (ישראל) בעמ,,,יח`,1,,false,1,24.90,24.90,true,1,
7290000355757,false,עגבניות מרוסקות,ויטה -פרי גליל (החדשה) בעמ,,,יח`,800,גרם,false,1,6.90,0.86,false,1,
7290000363899,false,נקניקיות פיקנטיות 400  גר`טירת צבי,תנובה קפואים,,,יח`,400,גרם,false,1,13.90,3.48,true,1,
7290000364278,false,סלסולי סלמי איטלקי 120  גר`טירת צבי,תנובה קפואים,,,יח`,120,גרם,false,1,15.90,13.25,true,1,
7290000364292,false,סלסולי פסטרמה גחלים 120  גר`טירת צבי,תנובה קפואים,,,יח`,120,גרם,false,1,15.90,13.25,true,1,
7290000364858,false,נקניקיות עוף טירת צבי (1 קג),תנובה קפואים,,,יח`,1,"ק""ג",false,1,23.90,23.90,true,1,
7290000364872,false,נקניקיות עוף טירת צבי (400 גרם),תנובה קפואים,,,יח`,400,גרם,false,1,13.90,3.48,true,1,
7290000367590,false,צמד כפרי 800  גר`טירת צבי,תנובה קפואים,,,יח`,800,גרם,false,1,34.90,4.36,true,1,
7290000377209,false,בוטנים מטוגנים קליית גת (200 גרם),ליימן שליסל בעמ,,,יח`,200,גרם,false,1,6.90,3.45,false,1,
7290000379432,false,לחמניה אנג`ל,שלמה א. אנג`ל בעמ,,,יח`,75,גרם,false,1,2.10,2.80,false,1,
7290000379623,false,לחם שחור פיקוח,שלמה א. אנג`ל בעמ,,,יח`,750,גרם,false,1,4.40,0.59,false,1,
7290000408316,false,יוגורט ביו 3% דנונה (200 גרם),שטראוס גרופ בעמ/מצונן,,,יח`,200,"מ""ל",false,1,3.50,1.75,false,1,
7290000408354,false,דנונה בר פיצפוצים,שטראוס גרופ בעמ/מצונן,,,יח`,173,"מ""ל",false,1,4.40,2.54,false,1,
7290000412481,false,נוזל לניקוי אסלות 00 סנו (1 ליטר),החברה הדרומית לשיווק בעמ,,,יח`,1,1 ליטר,false,1,7.90,7.90,true,1,
7290000416021,false,ממרח בטעם שוקולד השחר העולה (500 גרם),השחר העולה תעשית ממתקים בעמ,,,יח`,500,גרם,false,1,13.90,2.78,true,1,
7290000416045,false,ממרח בטעם שוקולד השחר העולה (1 קג),השחר העולה תעשית ממתקים בעמ,,,יח`,1,"ק""ג",false,1,24.90,24.90,true,1,
7290000416618,false,ממרח 400  גר`פרווה השחר,השחר העולה תעשית ממתקים בעמ,,,יח`,400,גרם,false,1,11.90,2.98,true,1,
7290000416632,false,ממרח פרווה 1  קג`השחר,השחר העולה תעשית ממתקים בעמ,,,יח`,1,"ק""ג",false,1,24.90,24.90,true,1,
7290000416809,false,ממרח חצי חצי 350  גר`השחר,השחר העולה תעשית ממתקים בעמ,,,יח`,350,גרם,false,1,11.90,3.40,true,1,
7290000419220,false,קפה שחור קפה לנדוור (100x3 גרם),ש.שסטוביץ בעמ,,,יח`,300,גרם,false,1,18.90,6.30,false,1,
7290000420325,false,פופקורן פופסטאר חמישייה טבעי,דנשר (1963) בעמ,,,יח`,500,גרם,false,1,16.90,3.38,true,1,
7290000420417,false,גלילונית לפח 60 יח`,דנשר (1963) בעמ,,,יח`,1,,false,1,19.90,19.90,true,1,
7290000446523,false,חמאת בוטנים מתוקה בי   די (350 גרם),בטר אנד דיפרנט בעמ,,,יח`,350,גרם,false,1,13.90,3.97,false,1,
7290000446547,false,חמאת בוטנים טבעית בי   די (350 גרם),בטר אנד דיפרנט בעמ,,,יח`,350,גרם,false,1,13.90,3.97,false,1,
7290000446554,false,חמאת בוטנים טבעית בי   די (1 קג),בטר אנד דיפרנט בעמ,,,יח`,510,גרם,false,1,26.90,5.27,false,1,
7290000450209,false,נתחי טונה בהירה בשמן פוסידון (108 גרם),נטו מלינדה סחר בעמ,,,יח`,108,גרם,false,1,6.50,6.02,false,1,
7290000453019,false,שמרים טריים שמרית (50 גרם),שטראוס גרופ בעמ/מצונן,,,יח`,50,גרם,false,1,4.50,9,false,1,
7290000453415,false,בצק עלים מצונן ומוכן לאפייה 300  גר`שימר,שטראוס גרופ בעמ/מצונן,,,יח`,300,גרם,false,1,16.90,5.63,false,1,
7290000453422,false,בצק פילו מוכן לאפייה 300  גר`שימרית,שטראוס גרופ בעמ/מצונן,,,יח`,300,גרם,false,1,16.90,5.63,false,1,
7290000453866,false,נטורינה קוקוס 200  גר`שמרית,שטראוס גרופ בעמ/מצונן,,,יח`,200,גרם,false,1,7.40,3.70,false,1,
7290000461625,false,בייגלה שמונה שמונה 400 גר`,יוניליוור ישראל שיווק בעמ,,,יח`,400,גרם,false,1,10.90,2.73,true,1,
7290000461656,false,בייגלה אחד אחד 400 גר`,יוניליוור ישראל שיווק בעמ,,,יח`,400,גרם,false,1,10.90,2.73,true,1,
7290000461700,false,גדול גדול 400,יוניליוור ישראל שיווק בעמ,,,יח`,400,גרם,false,1,12.90,3.23,true,1,
7290000462141,false,סחוג תימני,שטראוס גרופ בעמ/מצונן,,,יח`,150,גרם,false,1,7.90,5.27,false,1,
7290000462981,false,סחוג זחוק חריף אש זהבי (150 גרם),שטראוס גרופ בעמ/מצונן,,,יח`,150,גרם,false,1,9.90,6.60,false,1,
7290000474076,false,חלב 3% בקרטון טרה (1 ליטר),החב` המרכזית - טרה,,,יח`,1,1 ליטר,false,1,6.23,6.23,false,1,
7290000474373,false,שמנת חמוצה 15% טרה (200 מל),החב` המרכזית - טרה,,,יח`,200,"מ""ל",false,1,2.40,1.20,false,1,
7290000474502,false,גבינה לבנה 5% 250  גר`פיקוח,החב` המרכזית - טרה,,,יח`,250,גרם,false,1,4.98,1.99,false,1,
7290000474540,false,גבינת טוב טעם,החב` המרכזית - טרה,,,יח`,250,גרם,false,1,11.50,4.60,false,1,
7290000480107,false,שיבולת שועל קוואקר (500 גרם),שטראוס פריטו ליי בעמ,,,יח`,500,גרם,false,1,11.90,2.38,false,1,
7290000481029,false,10 פיתות בטעם ביתי דגנית עין בר,דגנית עין בר תעשיות מזון ואפיה,,,יח`,1000,גרם,false,1,9.90,0.99,false,1,
7290000481074,false,לחם טריו 750  גר`דגנית עין בר,דגנית עין בר תעשיות מזון ואפיה,,,יח`,750,גרם,false,1,15.90,2.12,false,1,
7290000481197,false,לחם מחמצת גרעינים ושיבולת שועל,דגנית עין בר תעשיות מזון ואפיה,,,יח`,550,גרם,false,1,17.90,3.25,false,1,
7290000481517,false,שתי פוקצ`ות עם שמן זית זעתר ושומשום,דגנית עין בר תעשיות מזון ואפיה,,,יח`,320,גרם,false,1,11.90,3.72,false,1,
7290000481531,false,לחמניות חיטה מלאה דגנית עין בר) (10,דגנית עין בר תעשיות מזון ואפיה,,,יח`,750,גרם,false,1,12.90,1.72,false,1,
7290000481883,false,לחמניות אצבע דגנית עין בר) (10,דגנית עין בר תעשיות מזון ואפיה,,,יח`,750,גרם,false,1,12.90,1.72,false,1,
7290000484747,false,עלית הארק יקב הגליל (700 מל),יקב הגליל שיווק בעמ,,,יח`,700,"מ""ל",false,1,59.90,8.51,false,1,
7290000490717,false,מאגדת גלית 8 יח`,פלקו בעמ,,,יח`,1,,false,1,21.90,21.90,false,1,
7290000493183,false,רוטב פטריות אסם (30 גרם),קבוצת אסם סחר שות. מוגבלת,,,יח`,30,גרם,false,1,4.90,16.33,false,1,
7290000497044,false,לחם אקטיב ברמן (750 גרם),י.את א. ברמן בעמ,,,יח`,750,גרם,false,1,15.90,2.12,false,1,
7290000497112,false,לחם אחיד כהה פרוס ברמן (750  גרם)פי,י.את א. ברמן בעמ,,,יח`,750,גרם,false,1,6.90,0.92,false,1,
7290000497198,false,פיתות אסלי ברמן) (10,י.את א. ברמן בעמ,,,יח`,1000,גרם,false,1,10.90,1.09,false,1,
7290000497228,false,לחמניות שישייה,י.את א. ברמן בעמ,,,יח`,450,גרם,false,1,10.90,2.42,false,1,
7290000497303,false,לחמניות מקמח מלא ברמן) (6,י.את א. ברמן בעמ,,,יח`,540,גרם,false,1,12.90,2.39,false,1,
7290000497358,false,חלומית חלה מתוקה קלועה ברמן (500 גרם),י.את א. ברמן בעמ,,,יח`,500,גרם,false,1,12.90,2.58,false,1,
7290000497426,false,לחם לענין פלוס ברמן,י.את א. ברמן בעמ,,,יח`,750,גרם,false,1,14.60,1.95,false,1,
7290000497488,false,חלה פלוס  ברמן( 500 גרם),י.את א. ברמן בעמ,,,יח`,500,גרם,false,1,14.50,2.90,false,1,
7290000497532,false,לחם ברמן לעניין פרוס ברמן (750 גרם),י.את א. ברמן בעמ,,,יח`,750,גרם,false,1,14.50,1.93,false,1,
7290000497570,false,דגנים פלוס ברמן (500 גרם),י.את א. ברמן בעמ,,,יח`,500,גרם,false,1,14.50,2.90,false,1,
7290000498003,false,לחם מקמח מלא 750  גר`E FREE ברמן,י.את א. ברמן בעמ,,,יח`,750,גרם,false,1,15.90,2.12,true,1,
7290000498034,false,לחם מקמח כוסמין מלא 750  גר`E FREE,י.את א. ברמן בעמ,,,יח`,750,גרם,false,1,15.90,2.12,false,1,
7290000498102,false,שמיניה מתוקה,י.את א. ברמן בעמ,,,יח`,90,גרם,false,1,3,3.33,false,1,
7290000498355,false,לחם כהה פיקוח,י.את א. ברמן בעמ,,,יח`,750,גרם,false,1,4.40,0.59,false,1,
7290000498393,false,חלה רגילה (500  גרם)פיקוח,י.את א. ברמן בעמ,,,יח`,500,גרם,false,1,4.90,0.98,true,1,
7290000498409,false,חלה מתוקה,י.את א. ברמן בעמ,,,יח`,500,גרם,false,1,9.90,1.98,false,1,
7290000504278,false,סוכרזית פטנט) (700,שטראוס גרופ בעמ,,,יח`,574,גרם,false,1,13.90,2.42,false,1,
7290000521008,false,יין אדום יבש של סגל (750 מל),טמפו משקאות בעמ,,,יח`,750,"מ""ל",false,1,21.90,2.88,true,1,
7290000523125,false,מלח ים יבש מלח הארץ (250 גרם),סוגת תעשיות בעמ,,,יח`,200,גרם,false,1,5.90,2.95,false,1,
7290000523804,false,מלח עדין מלח הארץ (1 קג),סוגת תעשיות בעמ,,,יח`,1,"ק""ג",false,1,7.20,7.20,false,1,
7290000524191,false,כעכים עוגיות מלוחות/מתוקות,שיבולים יצור ושיווק מוצרי מאפה,,,יח`,350,גרם,false,1,15.90,4.54,false,1,
7290000525969,false,מיץ תפוזים סחוט טבעי פרימור (1 ליטר),שטראוס גרופ בעמ/מצונן,,,יח`,1,1 ליטר,false,1,15.90,15.90,false,1,
7290000530086,false,נקניק סלמי מעושן 7000 זוגלובק (600 גרם),זוגלובק שיווק בעמ,,,יח`,800,גרם,false,1,34.90,4.36,false,1,
7290000530109,false,קבנוס זוגלובק (180x2 גרם),זוגלובק שיווק בעמ,,,יח`,360,גרם,false,1,25.90,7.19,false,1,
7290000533353,false,בצק עלים זוגלובק 1 קג,זוגלובק שיווק בעמ,,,יח`,1,"ק""ג",false,1,19.90,19.90,false,1,
7290000536774,false,טבע נקניקיה זוגלובק (1 קג),זוגלובק שיווק בעמ,,,יח`,1,"ק""ג",false,1,28.90,28.90,false,1,
7290000537566,false,נקניקיות עוף זוגלובק (400 גרם),זוגלובק שיווק בעמ,,,יח`,400,גרם,false,1,13.90,3.48,true,1,
7290000538709,false,תה מעושן 200,זוגלובק שיווק בעמ,,,יח`,200,גרם,false,1,14.90,7.45,false,1,
7290000552118,false,נקניקיות מרגז קפואות טיבון ויל (400 גרם),נטו מלינדה סחר בעמ,,,יח`,400,גרם,false,1,21.90,5.48,false,1,
7290000552194,false,קישקע קפוא טיבון ויל (500 גרם),נטו מלינדה סחר בעמ,,,יח`,500,גרם,false,1,12.90,2.58,false,1,
7290000552569,false,סטייק בורגר 400 גר` טיבונוויל,נטו מלינדה סחר בעמ,,,יח`,400,גרם,false,1,20.90,5.23,true,1,
7290000560533,false,אדג`ג`ל גילוח 200 מל ירוק,דנשר (1963) בעמ,,,יח`,200,גרם,false,1,19.90,9.95,false,1,
7290000572208,false,חלבה וניל אחוה (100 גרם),אחדות בעמ,,,יח`,100,גרם,false,1,3.10,3.10,false,1,
7290000572215,false,חלבה 80  גר`מצופה,אחדות בעמ,,,יח`,80,גרם,false,1,3.10,3.88,false,1,
7290000572222,false,חלבה וניל אחוה (500 גרם),אחדות בעמ,,,יח`,500,גרם,false,1,10.90,2.18,false,1,
7290000572529,false,חלבה פיסטוק אחוה (400 גרם),אחדות בעמ,,,יח`,400,גרם,false,1,13.90,3.48,false,1,
7290000572628,false,חטיפי חלבה ללתס 275  גר`אחוה,אחדות בעמ,,,יח`,275,גרם,false,1,12.90,4.69,false,1,
7290000572673,false,חלבה וניל קקאו ואגוזים אחוה (25x12 גרם),אחדות בעמ,,,יח`,300,גרם,false,1,12.90,4.30,false,1,
7290000572819,false,טחינה גולמית אחוה (1 קג),אחדות בעמ,,,יח`,1,"ק""ג",false,1,20.90,20.90,true,1,
7290000574028,false,לחם שחור מעושר פלוס 750  גר`דגנית,דגנית עין בר תעשיות מזון ואפיה,,,יח`,750,גרם,false,1,7.90,1.05,false,1,
7290000574035,false,לחם אחיד פרוס דגנית עין בר (750 גרם),דגנית עין בר תעשיות מזון ואפיה,,,יח`,750,גרם,false,1,6.90,0.92,false,1,
7290000574141,false,לחם חיטה מלאה 750  גר`דגנית,דגנית עין בר תעשיות מזון ואפיה,,,יח`,750,גרם,false,1,14.90,1.99,false,1,
7290000574172,false,לחם קל חיטה מלאה 750  גר`דגנית,דגנית עין בר תעשיות מזון ואפיה,,,יח`,750,גרם,false,1,15.90,2.12,false,1,
7290000574455,false,לחם חיטה מלא+כוסמין  דגנית,דגנית עין בר תעשיות מזון ואפיה,,,יח`,750,גרם,false,1,14.50,1.93,false,1,
7290000599946,false,ספוג הפלא  שישייה- shiny,מ.א.ייצור ויבוא מטליות בעמ,,,יח`,1,,false,1,6.90,6.90,false,1,
7290000599977,false,כרית יפנית תשיעיה shiny,מ.א.ייצור ויבוא מטליות בעמ,,,יח`,9,גרם,false,1,9.90,110,false,1,
7290000652177,false,נתחי נסיכת הנילוס 100%  דג- תנובה,תנובה קפואים,,,"ק""ג",1,,true,1,59.90,59.90,false,1,
7290000654973,false,גזר ארוז,מפעלי יופי אגשח בעמ*שיק 45 יום,,,"ק""ג",1,,true,1,4.90,4.90,false,1,
7290000662817,false,סלמון מעושן 100  גר`תנובה,תנובה - חלב,,,יח`,100,גרם,false,1,17.90,17.90,false,1,
7290000688084,false,מי עדן ספורט 1/2 ליטר,יפאורה,,,יח`,500,"מ""ל",false,1,2.50,0.44,false,1,
7290000688176,false,מי עדן בייבי 330 מל בודד,יפאורה,,,יח`,330,"מ""ל",false,1,2.50,0.67,false,1,
7290000688374,false,מים מינרלים סמיילי מי עדן (330X6מל),יפאורה,,,יח`,1980,"מ""ל",false,1,13.90,0.61,false,1,
7290000688381,false,מים מינרלים פקק ספורט מי עדן (500x6 מל),יפאורה,,,יח`,3,1 ליטר,false,1,12.90,3.70,true,1,
7290000688466,false,מי עדן 0.75 ליטר ספורט בודד,יפאורה,,,יח`,750,"מ""ל",false,1,2.50,0.29,false,1,
7290000688503,false,מי עדן 0.75 ליטר ספורט שישייה,יפאורה,,,יח`,4.50,1 ליטר,false,1,14.90,2.91,false,1,
7290000803180,false,שטיפת פה מרידול (400 מל),ש.שסטוביץ בעמ,,,יח`,400,"מ""ל",false,1,29.90,7.48,false,1,
7290000841557,false,סטרילי לחיטוי ושטיפה פירות וירקות,סטרילי מעבדות בעמ,,,יח`,700,"מ""ל",false,1,13,1.86,false,1,
7290000993560,false,עגבניות שרי מנומר ארוז,צימן עגבניות *לא פעיל*,,,יח`,500,גרם,false,1,9.90,1.98,false,1,
7290000995410,false,נבטים סיני,א.אדמה (2007) בעמ,,,יח`,1,,false,1,7.90,7.90,false,1,
7290001041130,false,ממרח תמרים 450 גר`,מיה תעשיות מזון מ.ת.מ. בעמ,,,יח`,450,גרם,false,1,4.90,1.09,false,1,
7290001041147,false,חומוס גדול מיה (1 קג),מיה תעשיות מזון מ.ת.מ. בעמ,,,יח`,1,"ק""ג",false,1,11.90,11.90,true,1,
7290001041161,false,שעועית לבנה מיה (1 קג),מיה תעשיות מזון מ.ת.מ. בעמ,,,יח`,1,"ק""ג",false,1,18.90,18.90,true,1,
7290001041178,false,אפונה מיה (1 קג),מיה תעשיות מזון מ.ת.מ. בעמ,,,יח`,1,"ק""ג",false,1,7.90,7.90,false,1,
7290001041185,false,פופקורן 1 קג`,מיה תעשיות מזון מ.ת.מ. בעמ,,,יח`,1,"ק""ג",false,1,11.90,11.90,false,1,
7290001041192,false,עדשים אדומות מיה (1 קג),מיה תעשיות מזון מ.ת.מ. בעמ,,,יח`,1,"ק""ג",false,1,11.90,11.90,true,1,
7290001041208,false,עדשים ירוקות מיה (1 קג),מיה תעשיות מזון מ.ת.מ. בעמ,,,יח`,1,"ק""ג",false,1,11.90,11.90,true,1,
7290001041215,false,חיטה 1 קג`,מיה תעשיות מזון מ.ת.מ. בעמ,,,יח`,1,"ק""ג",false,1,6.90,6.90,false,1,
7290001041222,false,חומוס לבן ענק מיה (1 קג),מיה תעשיות מזון מ.ת.מ. בעמ,,,יח`,1,"ק""ג",false,1,19.90,19.90,false,1,
7290001041291,false,לקקנים מיה) (70,מיה תעשיות מזון מ.ת.מ. בעמ,,,יח`,100,גרם,false,1,22.90,22.90,false,1,
7290001041635,false,פירורי לחם מוזהבים 200 גר` מיה,מיה תעשיות מזון מ.ת.מ. בעמ,,,יח`,200,גרם,false,1,4,2,true,1,
7290001041987,false,סוכר חום 1 קג`,מיה תעשיות מזון מ.ת.מ. בעמ,,,יח`,1,"ק""ג",false,1,13.90,13.90,false,1,
7290001041994,false,סוכר זהב דמררה 1 קג`,מיה תעשיות מזון מ.ת.מ. בעמ,,,יח`,1,"ק""ג",false,1,11.90,11.90,false,1,
7290001045688,false,מיץ תפוזים סחוט 400 מל פרימור,שטראוס גרופ בעמ/מצונן,,,יח`,400,"מ""ל",false,1,7.90,1.90,false,1,
7290001123782,false,שווארמה אמיתית הודו טיבון ויל (500 גרם),נטו מלינדה סחר בעמ,,,יח`,500,גרם,false,1,28.90,5.78,true,1,
7290001124611,false,שומן כבש 200 גר,נטו מלינדה סחר בעמ,,,יח`,200,גרם,false,1,14.90,7.45,false,1,
7290001136683,false,נקה 7 מרכך 750 מל ירוק,החברה הדרומית לשיווק בעמ,,,יח`,750,"מ""ל",false,1,10.90,1.45,true,1,
7290001136799,false,ארומה סבון נוזלי 1 ליטר,החברה הדרומית לשיווק בעמ,,,יח`,1,1 ליטר,false,1,12.90,12.90,false,1,
7290001136973,false,סבון נוזלי ארומה קמומיל נקה  (17 ליטר),החברה הדרומית לשיווק בעמ,,,יח`,1,1 ליטר,false,1,12.90,12.90,false,1,
7290001201510,false,ביצים ארוזות M מ. לסר) (30 פיקוח,מ לסר בעמ - חברה לשיווק ביצים,,,יח`,1,,false,1,27.87,27.87,false,1,
7290001201602,false,ביצים 18  יח`L פיקוח,מ לסר בעמ - חברה לשיווק ביצים,,,יח`,1,,false,1,18.07,18.07,false,1,
7290001201619,false,ביצים 18  יח`M פיקוח,מ לסר בעמ - חברה לשיווק ביצים,,,יח`,1,,false,1,16.72,16.72,false,1,
7290001216040,false,טחינה רגילה 500 גר` אל ארז,סוגת תעשיות בעמ,,,יח`,500,גרם,false,1,15.90,3.18,false,1,
7290001216057,false,טחינה אל ארז 1 קג,סוגת תעשיות בעמ,,,יח`,1,"ק""ג",false,1,30.90,30.90,true,1,
7290001245699,false,אקונומיקה סמיכה 4 ליטר טאצ`,סאסאטק אגשח בעמ,,,יח`,4000,"מ""ל",false,1,11.90,0.30,false,1,
7290001245705,false,אקונומיקה מבושמת 4 ליטר טאצ`,סאסאטק אגשח בעמ,,,יח`,4,1 ליטר,false,1,9.90,2.48,false,1,
7290001245729,false,ג`ל כביסה ירוק 3 ליטר טאצ`,סאסאטק אגשח בעמ,,,יח`,3,1 ליטר,false,1,17.90,5.97,false,1,
7290001245736,false,ג`ל כביסה כחול 3 ליטר טאצ`,סאסאטק אגשח בעמ,,,יח`,3,1 ליטר,false,1,17.90,5.97,false,1,
7290001245798,false,נוזל כלים לימון 1.6 ליטר טאצ,סאסאטק אגשח בעמ,,,יח`,1600,"מ""ל",false,1,9.90,0.62,false,1,
7290001245828,false,נוזל כלים קלאסי 1.6 ליטר טאצ,סאסאטק אגשח בעמ,,,יח`,1600,"מ""ל",false,1,9.90,0.62,false,1,
7290001245835,false,נוזל רצפות אורנים 4 ליטר טאצ,סאסאטק אגשח בעמ,,,יח`,4,1 ליטר,false,1,13.90,3.48,false,1,
7290001245842,false,נוזל רצפות מאסק 4 ליטר טאצ,סאסאטק אגשח בעמ,,,יח`,4,1 ליטר,false,1,13.90,3.48,false,1,
7290001245897,false,נוזל רצפות יסמין 4 ליטר טאצ`,סאסאטק אגשח בעמ,,,יח`,4,1 ליטר,false,1,13.90,3.48,false,1,
7290001245958,false,מרכך כביסה 4 ליטר ורוד,סאסאטק אגשח בעמ,,,יח`,4,1 ליטר,false,1,13.90,3.48,false,1,
7290001245965,false,מרכך כביסה 4 ליטר כחול,סאסאטק אגשח בעמ,,,יח`,4,1 ליטר,false,1,13.90,3.48,false,1,
7290001246078,false,מרכך מרוכך פרפיום  סנשואל( 1  ליטר)טאצ`,סאסאטק אגשח בעמ,,,יח`,1,1 ליטר,false,1,10.90,10.90,false,1,
7290001246085,false,נוזל לניקוי חלונות 1 ליטר טאצ,סאסאטק אגשח בעמ,,,יח`,1000,"מ""ל",false,1,5.90,0.59,false,1,
7290001246108,false,תרסיס מסיר אבנית 750 מל טאצ`,סאסאטק אגשח בעמ,,,יח`,750,"מ""ל",false,1,11.90,1.59,false,1,
7290001246122,false,תרסיס ניקוי כללי 750 מל+אקונומיקה  טאצ`,סאסאטק אגשח בעמ,,,יח`,750,"מ""ל",false,1,11.90,1.59,false,1,
7290001246269,false,תרסיס מטהר אוויר לבנדר 300 מל טא`צ,סאסאטק אגשח בעמ,,,יח`,300,"מ""ל",false,1,5.90,1.97,false,1,
7290001246474,false,תרסיס ניקוי שטיחים 600 מל טא`צ,סאסאטק אגשח בעמ,,,יח`,600,"מ""ל",false,1,14.90,2.48,false,1,
7290001246757,false,נוזל רצפות 2 ליטר מלון בוטיק טאצ,סאסאטק אגשח בעמ,,,יח`,2,1 ליטר,false,1,17.90,8.95,false,1,
7290001246764,false,נוזל רצפות 2 ליטר ספא מפנק טא`צ,סאסאטק אגשח בעמ,,,יח`,2,1 ליטר,false,1,17.90,8.95,false,1,
7290001247068,false,נקטר תות בננה ספרינג (1 ליטר),יפאורה,,,יח`,1,1 ליטר,false,1,6.90,6.90,false,1,
7290001247129,false,נקטר תפוזים ספרינג (1 ליטר),יפאורה,,,יח`,1,1 ליטר,false,1,6.90,6.90,false,1,
7290001274422,false,מאגדת ציפוי שוקו בננה 8 יח`,פלקו בעמ,,,יח`,1,,false,1,24.90,24.90,false,1,
7290001327180,false,שטראוס קרמיסימו,גלידות שטראוס בעמ,,,יח`,1.33,1 ליטר,false,1,18.90,14.21,false,1,
7290001327791,false,שטראוס קרמיסימו,גלידות שטראוס בעמ,,,יח`,1.33,1 ליטר,false,1,18.90,14.21,false,1,
7290001343845,false,גרנולה עם תוספות 1 קג,דין שיווק וקליה 2021 בעמ,,,יח`,1,"ק""ג",false,1,19.90,19.90,false,1,
7290001482186,false,אננס חתוך ג565ר,ג.וילי-פוד אינטרנשיונל בעמ,,,יח`,567,גרם,false,1,5.90,1.04,false,1,
7290001485019,false,גבינת שמנת 200  גר`9%,החב` המרכזית - טרה,,,יח`,200,גרם,false,1,11.90,5.95,false,1,
7290001491096,false,תה ירוק לימונית ולואיזה ויסוצקי (50),תה ויסוצקי (ישראל) בעמ,,,יח`,75,גרם,false,1,44.90,59.87,true,1,
7290001552025,false,קוסקוס של אמא (800גרם),מטעמי פאר (א.מ.נ) בעמ,,,יח`,800,גרם,false,1,14.90,1.86,false,1,
7290001552049,false,קוסקוס- מרוקאי קפוא,מטעמי פאר (א.מ.נ) בעמ,,,יח`,800,גרם,false,1,14.90,1.86,false,1,
7290001591710,false,המבורגר אנגוס 600  גר`טיבון ויל,נטו מלינדה סחר בעמ,,,יח`,600,גרם,false,1,22.90,3.82,false,1,
7290001594155,false,קוקה קולה 500 מל,החברה המרכזית להפצת משקאות בעמ,,,יח`,500,"מ""ל",false,1,6.90,1.32,false,1,
7290001594230,false,סודה קינלי (250 מל),החברה המרכזית להפצת משקאות בעמ,,,יח`,250,"מ""ל",false,1,2.90,1.04,false,1,
7290001594865,false,בירה קרלסברג (330x6 מל),החברה המרכזית להפצת משקאות בעמ,,,יח`,1.98,1 ליטר,false,1,36.90,17.73,true,1,
7290001670057,false,כפיות לבן 100 יח` הנמל,הנמל אריזות ושיווק (1984) בעמ,,,יח`,1,,false,1,11.90,11.90,true,1,
7290001670064,false,סכינים לבן 100 יח` הנמל,הנמל אריזות ושיווק (1984) בעמ,,,יח`,1,,false,1,11.90,11.90,true,1,
7290001670071,false,כפות לבן 100 יח` הנמל,הנמל אריזות ושיווק (1984) בעמ,,,יח`,1,,false,1,11.90,11.90,true,1,
7290001670255,false,כוסות קרטון 8B 50 יח` הנמל,הנמל אריזות ושיווק (1984) בעמ,,,יח`,1,,false,1,10.90,10.90,true,1,
7290001670842,false,ממרח חלבה פוליבה (400 גרם),הנמל אריזות ושיווק (1984) בעמ,,,יח`,400,גרם,false,1,11.90,2.98,false,1,
7290001670873,false,צלחות 1  קג`הנמל,הנמל אריזות ושיווק (1984) בעמ,,,יח`,1,,false,1,39.90,39.90,false,1,
7290001713150,false,אקונומיקה קצף ניקוי סנט מוריץ (1  ליטר),קומפלקס כימיקלים בעמ,,,יח`,1000,"מ""ל",false,1,11.90,1.19,false,1,
7290001791349,false,אקונומיקה פיסגה ריחנית סנו (4 ליטר),החברה הדרומית לשיווק בעמ,,,יח`,4,1 ליטר,false,1,11.90,2.98,true,1,
7290001791363,false,פרש מטהר אויר וניל מילוי סנו (250 מל),החברה הדרומית לשיווק בעמ,,,יח`,165,גרם,false,1,13.90,8.42,false,1,
7290001881040,false,מלפפון ביביי כבוש במלח 600  גר`מאמא מרי,מאמא - מרי בעמ,,,יח`,600,גרם,false,1,18.90,3.15,false,1,
7290001881873,false,כרוב כבוש עם חמוציות 750  גר`מאמא מרי,מאמא - מרי בעמ,,,יח`,750,גרם,false,1,17.90,2.39,true,1,
7290001946121,false,פפריקה מתוקה 400 גר,דין שיווק וקליה 2021 בעמ,,,יח`,400,גרם,false,1,19.90,4.98,false,1,
7290001990148,false,סוכר גולדן קלאסי סוגת (1 קג),סוגת תעשיות בעמ,,,יח`,1,"ק""ג",false,1,13.90,13.90,true,1,
7290002000143,false,קרם ידיים פנג`ל (80 מל),דנשר (1963) בעמ,,,יח`,100,"מ""ל",false,1,9.90,9.90,false,1,
7290002007296,false,צמר פלדה 350  גר`הנמל,הנמל אריזות ושיווק (1984) בעמ,,,יח`,350,גרם,false,1,9.90,2.83,false,1,
7290002007357,false,דליקטס שקיות צלייה קטן הנמל) (10,הנמל אריזות ושיווק (1984) בעמ,,,יח`,1,,false,1,5.90,5.90,false,1,
7290002007890,false,כוסות 100  יח`200 PP הנמל,הנמל אריזות ושיווק (1984) בעמ,,,יח`,100,יח`,false,1,9.90,0.10,false,1,
7290002007975,false,צלחות קטן 50 יח` הנמל,הנמל אריזות ושיווק (1984) בעמ,,,יח`,50,יח`,false,1,10.90,0.22,true,1,
7290002007982,false,מזלגות לבן 100 יח` הנמל,הנמל אריזות ושיווק (1984) בעמ,,,יח`,100,יח`,false,1,11.90,0.12,true,1,
7290002007999,false,צלחות גדול 50 יח` הנמל,הנמל אריזות ושיווק (1984) בעמ,,,יח`,1,,false,1,15.90,15.90,true,1,
7290002008170,false,מנג`טים מספר 3 הנמל) (130,הנמל אריזות ושיווק (1984) בעמ,,,יח`,1,,false,1,6.90,6.90,false,1,
7290002008507,false,נייר אפיה הנמל 50 יח`,הנמל אריזות ושיווק (1984) בעמ,,,יח`,1,,false,1,8.90,8.90,true,1,
7290002008651,false,קמח תפוא 500  גר`הנמל,הנמל אריזות ושיווק (1984) בעמ,,,יח`,500,גרם,false,1,6.90,1.38,true,1,
7290002008989,false,קישקשים 225  יח`הנמל,הנמל אריזות ושיווק (1984) בעמ,,,יח`,1,,false,1,8.50,8.50,false,1,
7290002019114,false,רוטב עגבניות מרוכז 28 580  גר`פריניר,אבאל יזמות בעמ,,,יח`,580,גרם,false,1,7.90,1.36,true,1,
7290002019183,false,עגבניות שלמות 800  גר`פריניר,אבאל יזמות בעמ,,,יח`,850,גרם,false,1,6.90,0.81,true,1,
7290002019787,false,רוטב עגבניות מרוכז עגבניות 22% 260  גר`פ,אבאל יזמות בעמ,,,יח`,260,גרם,false,1,3.90,1.50,true,1,
7290002019794,false,רוטב עגבניות מרוכז 22% 100 גר` פריניר,אבאל יזמות בעמ,,,יח`,100,גרם,false,1,1.90,1.90,true,1,
7290002037309,false,לחמניות המבורגר מאפיית ודש 8),י.את א. ברמן בעמ,,,יח`,400,גרם,false,1,12.50,3.13,false,1,
7290002037637,false,לחמניות הבית מתוקות מאפיית ודש) (4,י.את א. ברמן בעמ,,,יח`,400,גרם,false,1,11.90,2.98,false,1,
7290002040019,false,קוסקוס רגיל מזון קוסקוס (350 גרם),הנמל אריזות ושיווק (1984) בעמ,,,יח`,350,גרם,false,1,5.90,1.69,false,1,
7290002040064,false,קוסקוס דק מזון קוסקוס (350 גרם),הנמל אריזות ושיווק (1984) בעמ,,,יח`,350,גרם,false,1,5.90,1.69,false,1,
7290002040071,false,קוסקוס עבה מזון קוסקוס (350 גרם),הנמל אריזות ושיווק (1984) בעמ,,,יח`,350,גרם,false,1,5.90,1.69,false,1,
7290002043218,false,ציפס אורז חום מלא מלח 60 גר` אקסטרה,א.ל.ייצור ושיווק תבלינים בעמ,,,יח`,60,גרם,false,1,6.90,11.50,true,1,
7290002043782,false,ציפס אורז חום מלא טקסס בקביקין 60 גר` אק,א.ל.ייצור ושיווק תבלינים בעמ,,,יח`,60,גרם,false,1,6.90,11.50,true,1,
7290002053088,false,איטריות ביצים מס` 8 200 גר`,גורי מוצרי צריכה (1991) בעמ,,,יח`,200,גרם,false,1,7.90,3.95,true,1,
7290002053095,false,איטריות ביצים מס 10 200 גר`,גורי מוצרי צריכה (1991) בעמ,,,יח`,200,גרם,false,1,7.90,3.95,true,1,
7290002065555,false,לחמניות אנג`ל) (6,שלמה א. אנג`ל בעמ,,,יח`,450,גרם,false,1,10.90,2.42,false,1,
7290002077725,false,סלמון מעושן דלידג (100 גרם),נטו מלינדה סחר בעמ,,,יח`,100,גרם,false,1,18.90,18.90,false,1,
7290002105503,false,המבורגר טחון 500  גר`מחפוד,עוף ירושלים שיווק בעמ,,,יח`,500,גרם,false,1,18.90,3.78,false,1,
7290002105510,false,קבב מזרחי 500  גר`מחפוד,עוף ירושלים שיווק בעמ,,,יח`,500,גרם,false,1,18.90,3.78,false,1,
7290002105527,false,גולש בקר 800  גר`מחפוד,עוף ירושלים שיווק בעמ,,,יח`,800,גרם,false,1,49.90,6.24,false,1,
7290002105565,false,טחון הודו 500 מחפוד,עוף ירושלים שיווק בעמ,,,יח`,500,גרם,false,1,12.90,2.58,false,1,
7290002105671,false,טחון עוף מחפוד 500 גר`,עוף ירושלים שיווק בעמ,,,יח`,500,גרם,false,1,12.90,2.58,false,1,
7290002105756,false,טחון בקר 1 קג מחפוד,עוף ירושלים שיווק בעמ,,,יח`,1,"ק""ג",false,1,39.90,39.90,false,1,
7290002107071,false,בולגרית עיזים מעודנת 16% 200 גר`,החב` המרכזית - טרה,,,יח`,200,גרם,false,1,26.20,13.10,false,1,
7290002111085,false,רוטב עגבניות 100  גר`פרי מבורך,זנלכל בעמ,,,יח`,100,גרם,false,1,2.50,2.50,true,1,
7290002111337,false,רוטב עגבניות BX 22% פרי מבורך (240 גרם),זנלכל בעמ,,,יח`,240,גרם,false,1,4.90,2.04,true,1,
7290002111511,false,אפונה וגזר 550  גר`פרי מבורך,זנלכל בעמ,,,יח`,550,גרם,false,1,8.50,1.55,true,1,
7290002111818,false,גרעיני תירס מתוק פרי מבורך (400 גרם),זנלכל בעמ,,,יח`,400,גרם,false,1,6.50,1.63,false,1,
7290002111825,false,תירס מתוק 550  גר`פרי מבורך,זנלכל בעמ,,,יח`,550,גרם,false,1,8.50,1.55,true,1,
7290002128311,false,נר נשמה בכוס זכוכית שבועי מנורה שי נר,אבאל יזמות בעמ,,,יח`,1,,false,1,9.90,9.90,false,1,
7290002128403,false,נרות שבת אורה מס 4 מנורה שי נר,אבאל יזמות בעמ,,,יח`,1,,false,1,2.90,2.90,false,1,
7290002128700,false,נרות חימום 50  יח`בשקית,אבאל יזמות בעמ,,,יח`,1,,false,1,11.90,11.90,true,1,
7290002128946,false,נר נשמה בכוס ל48 שעות מנורה שי נר,אבאל יזמות בעמ,,,יח`,1,,false,1,4.90,4.90,true,1,
7290002129424,false,במבינו 1  קג`דלי דג,נטו מלינדה סחר בעמ,,,יח`,1000,גרם,false,1,33.90,3.39,false,1,
7290002129455,false,פיצה איטלקית xl גדולה 450  גר`שלושת האופ,נטו מלינדה סחר בעמ,,,יח`,450,גרם,false,1,19.90,4.42,false,1,
7290002129462,false,פיצה איטלקית דקה שלושת האופים מארז זוג,נטו מלינדה סחר בעמ,,,יח`,640,גרם,false,1,26.90,4.20,true,1,
7290002129479,false,פיצה איטלקית דקה שלושת האופים 320 גר,נטו מלינדה סחר בעמ,,,יח`,320,גרם,false,1,13.90,4.34,true,1,
7290002129486,false,פיצה איטלקית דקה 340 גר` שלושת האופים,נטו מלינדה סחר בעמ,,,יח`,340,גרם,false,1,14.90,4.38,true,1,
7290002130567,false,דבש טהור מפרחי בר יד מרדכי (350 גרם),שטראוס גרופ בעמ,,,יח`,350,גרם,false,1,16.90,4.83,false,1,
7290002130574,false,דבש דבורים טהור 500גר,שטראוס גרופ בעמ,,,יח`,500,גרם,false,1,24.90,4.98,false,1,
7290002130581,false,דבש טהור מפרחי בר יד מרדכי (1 קג),שטראוס גרופ בעמ,,,יח`,1,"ק""ג",false,1,42.90,42.90,false,1,
7290002132011,false,עוגיות מזרחיות עם שומשום עבאדי (400 גר),תה ויסוצקי (ישראל) בעמ,,,יח`,400,גרם,false,1,16.90,4.23,true,1,
7290002204886,false,ליצי,גליל שוק מקומי אגשח*שיק ל60 יו,,,יח`,1,,false,1,10,10,false,1,
7290002239185,false,אפונה גינה 800  גר`פרי גליל,ויטה -פרי גליל (החדשה) בעמ,,,יח`,800,גרם,false,1,9.90,1.24,false,1,
7290002239338,false,שעועית ירוקה חתוכה800  גר`פרי גליל,ויטה -פרי גליל (החדשה) בעמ,,,יח`,800,גרם,false,1,9.90,1.24,false,1,
7290002239420,false,תירס גרעינים 800 גר`פרי גליל,ויטה -פרי גליל (החדשה) בעמ,,,יח`,800,גרם,false,1,9.90,1.24,false,1,
7290002253006,false,שום כתוש דורות (200 גרם),קבוצת אסם סחר שות. מוגבלת,,,יח`,200,גרם,false,1,15.90,7.95,false,1,
7290002253105,false,קוביות שום כתוש דורות (80 גרם),קבוצת אסם סחר שות. מוגבלת,,,יח`,80,גרם,false,1,13.90,17.38,false,1,
7290002259664,false,רדיד אלומיניום 0.86,גורי ע.ע.ע בעמ,,,יח`,1,,false,1,54.90,54.90,false,1,
7290002281498,false,ריץ` מגורדת 500 גר על בסיס חלב,נטו מלינדה סחר בעמ,,,יח`,500,גרם,false,1,24.90,4.98,true,1,
7290002317005,false,טבעות זיתים מושחר מוטולה,אבאל יזמות בעמ,,,יח`,560,גרם,false,1,9.90,1.77,false,1,
7290002317081,false,זית חרוזית A2 מוטולה,אבאל יזמות בעמ,,,יח`,560,גרם,false,1,9.90,1.77,true,1,
7290002317128,false,מלפפון במלח 10-12 מוטולה,אבאל יזמות בעמ,,,יח`,560,גרם,false,1,9.90,1.77,true,1,
7290002317135,false,מלפפון במלח 13-17 מוטולה,אבאל יזמות בעמ,,,יח`,560,גרם,false,1,9.90,1.77,false,1,
7290002317166,false,מלפפון בחומץ 10-12 מוטולה,אבאל יזמות בעמ,,,יח`,560,גרם,false,1,9.90,1.77,true,1,
7290002317173,false,מלפפונים בחומץ 13-17 מוטולה,אבאל יזמות בעמ,,,יח`,560,גרם,false,1,9.90,1.77,false,1,
7290002317265,false,מלפפון במלח 7-9 מוטולה,אבאל יזמות בעמ,,,יח`,560,גרם,false,1,7.90,1.41,true,1,
7290002317296,false,פלפל שיפקה A2 מוטולה,אבאל יזמות בעמ,,,יח`,540,גרם,false,1,8.90,1.65,true,1,
7290002317319,false,מלפפון בחומץ 7-9 מוטולה,אבאל יזמות בעמ,,,יח`,348,גרם,false,1,7.90,2.27,true,1,
7290002317326,false,זיתים מנזלינו 12-15 מוטולה,אבאל יזמות בעמ,,,יח`,560,גרם,false,1,8.90,1.59,true,1,
7290002317357,false,פלפל שיפקה חריף צנצנת זכוכית מוטולה,אבאל יזמות בעמ,,,יח`,550,גרם,false,1,8.90,1.62,true,1,
7290002317371,false,חרוזית מושחר A2 מוטולה,אבאל יזמות בעמ,,,יח`,560,גרם,false,1,9.90,1.77,false,1,
7290002317579,false,טבעות זיתים ירוק מוטולה,אבאל יזמות בעמ,,,יח`,560,גרם,false,1,9.90,1.77,true,1,
7290002317609,false,כרוב כבוש מוטולה,אבאל יזמות בעמ,,,יח`,560,גרם,false,1,8.90,1.59,true,1,
7290002319016,false,אבקת אפיה מיה (10x10 גרם),מיה תעשיות מזון מ.ת.מ. בעמ,,,יח`,100,גרם,false,1,2.90,2.90,true,1,
7290002319023,false,סוכר ווניל עשירייה,מיה תעשיות מזון מ.ת.מ. בעמ,,,יח`,100,גרם,false,1,2.90,2.90,true,1,
7290002319061,false,קוקוס טחון מיה (100 גרם),מיה תעשיות מזון מ.ת.מ. בעמ,,,יח`,100,גרם,false,1,2.90,2.90,false,1,
7290002319078,false,שומשום 100 גר`,מיה תעשיות מזון מ.ת.מ. בעמ,,,יח`,100,גרם,false,1,2.90,2.90,false,1,
7290002319092,false,קמח תפוחי אדמה 500 גר`,מיה תעשיות מזון מ.ת.מ. בעמ,,,יח`,500,גרם,false,1,4.90,0.98,false,1,
7290002319115,false,חומוס גדול מיה (500 גרם),מיה תעשיות מזון מ.ת.מ. בעמ,,,יח`,500,גרם,false,1,7.90,1.58,true,1,
7290002319139,false,שעועית לבנה מיה (500 גרם),מיה תעשיות מזון מ.ת.מ. בעמ,,,יח`,500,גרם,false,1,9.90,1.98,true,1,
7290002319146,false,שעועית אדומה מיה (500 גרם),מיה תעשיות מזון מ.ת.מ. בעמ,,,יח`,500,גרם,false,1,11.90,2.38,false,1,
7290002319160,false,אפונה ירוקה מיה (500 גרם),מיה תעשיות מזון מ.ת.מ. בעמ,,,יח`,500,גרם,false,1,6.90,1.38,true,1,
7290002319177,false,פופקורן מיה (500 גרם),מיה תעשיות מזון מ.ת.מ. בעמ,,,יח`,500,גרם,false,1,6.90,1.38,false,1,
7290002319184,false,עדשים אדומות מיה (500 גרם),מיה תעשיות מזון מ.ת.מ. בעמ,,,יח`,500,גרם,false,1,9.90,1.98,true,1,
7290002319191,false,עדשים ירוקות מיה (500 גרם),מיה תעשיות מזון מ.ת.מ. בעמ,,,יח`,500,גרם,false,1,7.90,1.58,true,1,
7290002319207,false,כוסמת מיה (500 גרם),מיה תעשיות מזון מ.ת.מ. בעמ,,,יח`,500,גרם,false,1,8,1.60,true,1,
7290002319221,false,חיטה מיה (500 גרם),מיה תעשיות מזון מ.ת.מ. בעמ,,,יח`,500,גרם,false,1,5.90,1.18,true,1,
7290002319375,false,קורנפלור 200 גר`,מיה תעשיות מזון מ.ת.מ. בעמ,,,יח`,200,גרם,false,1,5,2.50,false,1,
7290002319528,false,קמח מצה 200 גר`,קבוצת אסם סחר שות. מוגבלת,,,יח`,200,גרם,false,1,3.90,1.95,false,1,
7290002319771,false,תמצית אפיה בטעם וניל מיה (50 מל),מיה תעשיות מזון מ.ת.מ. בעמ,,,יח`,50,"מ""ל",false,1,3.90,7.80,false,1,
7290002319825,false,אבקת סוכר 100 גר`,מיה תעשיות מזון מ.ת.מ. בעמ,,,יח`,100,גרם,false,1,2.50,2.50,true,1,
7290002327028,false,ג`חנון 650 גר` שלושת האופים,נטו מלינדה סחר בעמ,,,יח`,650,גרם,false,1,15.90,2.45,true,1,
7290002327042,false,בורקס תפוא שלושת האופים,נטו מלינדה סחר בעמ,,,יח`,800,גרם,false,1,17.90,2.24,true,1,
7290002327059,false,בצק עלים מרודד שלושת האופים (1 קג),נטו מלינדה סחר בעמ,,,יח`,1000,גרם,false,1,17.90,1.79,true,1,
7290002327066,false,קונכיות 625 גר` שלושת האופים,נטו מלינדה סחר בעמ,,,יח`,625,גרם,false,1,21.90,3.50,true,1,
7290002329619,false,עוגת שוקו צ`יפס עוג`לה 350 גר`,בני פאוזי שמשום (2009) בעמ,,,יח`,350,גרם,false,1,6.90,1.97,true,1,
7290002329626,false,עוגת שיש עוג`לה 350 גר`,בני פאוזי שמשום (2009) בעמ,,,יח`,350,גרם,false,1,6.90,1.97,true,1,
7290002329633,false,עוגת תפוח עץ עוגל`ה 350 גר`,בני פאוזי שמשום (2009) בעמ,,,יח`,350,גרם,false,1,6.90,1.97,true,1,
7290002329640,false,עוגת לימון עוג`לה 350 גר`,בני פאוזי שמשום (2009) בעמ,,,יח`,350,גרם,false,1,6.90,1.97,true,1,
7290002329657,false,עוגת תפוז עוג`לה 350 גר`,בני פאוזי שמשום (2009) בעמ,,,יח`,350,גרם,false,1,6.90,1.97,true,1,
7290002329664,false,עוגת אנגלית עוג`לה 350 גר`,בני פאוזי שמשום (2009) בעמ,,,יח`,350,גרם,false,1,6.90,1.97,true,1,
7290002329695,false,עוגת וניל עוג`לה 350 גר`,בני פאוזי שמשום (2009) בעמ,,,יח`,350,גרם,false,1,6.90,1.97,true,1,
7290002329961,false,עוגת שוקוצ`ינו עוג`לה 350 גר`,בני פאוזי שמשום (2009) בעמ,,,יח`,350,גרם,false,1,6.90,1.97,true,1,
7290002331025,false,נביעות 500 תו-גוווו,החברה המרכזית להפצת משקאות בעמ,,,יח`,500,"מ""ל",false,1,3.30,0.60,false,1,
7290002331094,false,בקבוק נביעות תו-גוו 750,החברה המרכזית להפצת משקאות בעמ,,,יח`,750,"מ""ל",false,1,3.50,0.43,false,1,
7290002331124,false,נביעות מים מינרל,החברה המרכזית להפצת משקאות בעמ,,,יח`,500,"מ""ל",false,1,4.90,0.92,false,1,
7290002331360,false,נביעות שישיה 0.500 טו גוווווו,החברה המרכזית להפצת משקאות בעמ,,,יח`,3,1 ליטר,false,1,15.70,4.63,true,1,
7290002331421,false,שישית נביעות תו-גוו 755,החברה המרכזית להפצת משקאות בעמ,,,יח`,4.53,1 ליטר,false,1,16.90,3.33,false,1,
7290002331490,false,מים מינרלים נביעות (1 ליטר),החברה המרכזית להפצת משקאות בעמ,,,יח`,1,1 ליטר,false,1,3.20,3.20,true,1,
7290002345015,false,דק דק סינטה אל גאוצו,נטו מלינדה סחר בעמ,,,יח`,250,גרם,false,1,24.90,9.96,true,1,
7290002345022,false,דק דק אנטריקוט אל גאוצו,נטו מלינדה סחר בעמ,,,יח`,250,גרם,false,1,24.90,9.96,true,1,
7290002348139,false,תחתיות ארטישוק ויליגר (390 גרם),נטו מלינדה סחר בעמ,,,יח`,425,גרם,false,1,10.90,2.56,true,1,
7290002371496,false,פרוסות שווארמה קצבים 120  גר`טירת צבי,תנובה קפואים,,,יח`,120,גרם,false,1,27.90,23.25,false,1,
7290002371748,false,צלעות אסאדו 120  גר`טירת צבי,תנובה קפואים,,,יח`,120,גרם,false,1,27.90,23.25,false,1,
7290002371854,false,נקניקיות עוף חריפות 1  קג`טירת צבי,תנובה קפואים,,,יח`,1,1 ליטר,false,1,31.90,31.90,true,1,
7290002374312,false,שמן קנולה מזוכך 6% מילומור (1 ליטר),סוגת תעשיות בעמ,,,יח`,1,1 ליטר,false,1,10.90,10.90,false,1,
7290002374640,false,שמן קנולה פלוס אומגה 3 עץ הזית (1 ליטר),סוגת תעשיות בעמ,,,יח`,1,1 ליטר,false,1,16.90,16.90,false,1,
7290002407348,false,שמן זית ג`השאן כתית מעולה 750 מל`,אבאל יזמות בעמ,,,יח`,750,"מ""ל",false,1,34.90,4.65,true,1,
7290002407454,false,שמן זית סורי כתית מעולה 750 מל,אבאל יזמות בעמ,,,יח`,750,"מ""ל",false,1,44.90,5.99,false,1,
7290002407645,false,שמן זית כתית  מעולה( 750  מל)ארץ הגליל,אבאל יזמות בעמ,,,יח`,750,"מ""ל",false,1,29.90,3.99,true,1,
7290002407676,false,זית תערובת  אריזת( 800  גר`גהשאן,אבאל יזמות בעמ,,,יח`,800,גרם,false,1,21.90,2.74,true,1,
7290002487364,false,בורקס פילו גבינה וזיתים 700 גר` שלושת הא,נטו מלינדה סחר בעמ,,,יח`,700,גרם,false,1,19.90,2.84,true,1,
7290002507604,false,פיצת השף-שגב מאיטליה 320 גר,נטו מלינדה סחר בעמ,,,יח`,320,גרם,false,1,15.90,4.97,true,1,
7290002512011,false,ג`חנון צנעני (900 גרם),צנעני מוצרי בצק בעמ,,,יח`,900,גרם,false,1,19.90,2.21,false,1,
7290002515333,false,קמיל בלו סנסיטיב 500 מל,פישר תעשיות פרמצבטיות בעמ,,,יח`,500,"מ""ל",false,1,17.90,3.58,false,1,
7290002515371,false,קמיל בלו משפחתי קלאסיק,פישר תעשיות פרמצבטיות בעמ,,,יח`,1,1 ליטר,false,1,30.90,30.90,true,1,
7290002517276,false,פלפל אנגלי שלם 25 גר`,תבליני טעם וריח בעמ,,,יח`,25,גרם,false,1,9.90,39.60,false,1,
7290002517290,false,קינמון טחון 40 גר`,תבליני טעם וריח בעמ,,,יח`,40,גרם,false,1,6.90,17.25,false,1,
7290002517849,false,שום גבישי 50 גר`,תבליני טעם וריח בעמ,,,יח`,50,גרם,false,1,6.90,13.80,false,1,
7290002542780,false,בירה סטלה ארטואה 330 מל בקבוק שישייה,תימקו בירה בעמ,,,יח`,1.98,1 ליטר,false,1,34.90,16.72,true,1,
7290002543046,false,קלוגס פרוסטיס 750 גר`,דיפלומט היינץ,,,יח`,750,גרם,false,1,21.90,2.92,false,1,
7290002543237,false,קורנפלקס קלוגס (750 גרם),דיפלומט היינץ,,,יח`,750,גרם,false,1,13.90,1.85,false,1,
7290002551010,false,נתחי טונה בהירה במים סטארקיסט (160 גרם),סטארקיסט דיפלומט היינץ,,,יח`,160,גרם,false,1,7.50,4.69,false,1,
7290002581079,false,תן צ`אפ טבעות 50 גר`,מיה תעשיות מזון מ.ת.מ. בעמ,,,יח`,60,גרם,false,1,3.90,6.50,false,1,
7290002603016,false,טונה ויליגר במים 140 גר רביעייה,נטו מלינדה סחר בעמ,,,יח`,460,גרם,false,1,19.90,4.33,false,1,
7290002603498,false,פיצת השף מאיטליה CHEF שגב אנטיפסטי 220,נטו מלינדה סחר בעמ,,,יח`,220,גרם,false,1,14.90,6.77,true,1,
7290002603634,false,פיצה תפזורת משולש 80  גר`בעלז,נטו מלינדה סחר בעמ,,,יח`,80,גרם,false,1,2.90,3.63,true,1,
7290002618263,false,טבעות בצל 600  גר`שף הטבע,קפוא-זן תעשיות מזון בעמ - תפוג,,,יח`,600,גרם,false,1,14.90,2.48,false,1,
7290002627098,false,פיצה ביס 350 גר` שלושת האופים 12 יח,נטו מלינדה סחר בעמ,,,יח`,350,גרם,false,1,15.90,4.54,true,1,
7290002627210,false,גפילטע פיש מדגי קרפיון וכסיף בעלז 560 ג,נטו מלינדה סחר בעמ,,,יח`,560,גרם,false,1,9.90,1.77,false,1,
7290002661153,false,לחם דני קל פרוס ברמן (1 קג),י.את א. ברמן בעמ,,,יח`,1000,גרם,false,1,15.90,1.59,false,1,
7290002661443,false,פרורי לחם זהוב עדין 200  גר`ברמן,י.את א. ברמן בעמ,,,יח`,200,גרם,false,1,3,1.50,false,1,
7290002692393,false,שמן קנולה מזוכך מועשר עץ הזית (1 ליטר),סוגת תעשיות בעמ,,,יח`,1,1 ליטר,false,1,15.90,15.90,true,1,
7290002730262,false,נוזל לניקוי כלים קלאסי פלמוליב (750 מל),ש.שסטוביץ בעמ,,,יח`,750,"מ""ל",false,1,12.90,1.72,true,1,
7290002730811,false,משחת שיניים ג`ל קולגייט (100 מל),ש.שסטוביץ בעמ,,,יח`,138,גרם,false,1,12.90,9.35,false,1,
7290002730941,false,צמר גפן פרוס בלונס (100 גרם),ש.שסטוביץ בעמ,,,יח`,100,גרם,false,1,6.90,6.90,false,1,
7290002735007,false,בצק עלים1 קג יינון,קפוא-זן תעשיות מזון בעמ - תפוג,,,יח`,1000,"ק""ג",false,1,13.90,0.01,false,1,
7290002735014,false,מלווח ארוז יינון 800 גר`,קפוא-זן תעשיות מזון בעמ - תפוג,,,יח`,800,גרם,false,1,13.90,1.74,false,1,
7290002735021,false,ג`חנון ארוז 750  גר`יינון,קפוא-זן תעשיות מזון בעמ - תפוג,,,יח`,750,גרם,false,1,13.90,1.85,false,1,
7290002735113,false,בורקס גבינה ינון 800 גר`,קפוא-זן תעשיות מזון בעמ - תפוג,,,יח`,800,גרם,false,1,16.90,2.11,false,1,
7290002735120,false,בורקס תפוא ינון 800 גר`,קפוא-זן תעשיות מזון בעמ - תפוג,,,יח`,800,גרם,false,1,13.90,1.74,false,1,
7290002735274,false,ג חנון אפוי 600 גר יינון,קפוא-זן תעשיות מזון בעמ - תפוג,,,יח`,600,גרם,false,1,16.90,2.82,false,1,
7290002752332,false,מנטוס גליל פירות,ליימן שליסל בעמ,,,יח`,37.50,גרם,false,1,3.90,10.40,false,1,
7290002753995,false,ערכת קישוטי עוגה דקו 150 גר,ליימן שליסל בעמ,,,יח`,150,גרם,false,1,17.90,11.93,true,1,
7290002757139,false,מלוואח 700 גר` שלושת האופים,נטו מלינדה סחר בעמ,,,יח`,700,גרם,false,1,15.90,2.27,true,1,
7290002757146,false,קובה למרק חמוסטה 1 קג,נטו מלינדה סחר בעמ,,,יח`,1,"ק""ג",false,1,19.90,19.90,true,1,
7290002757511,false,קציצות דג לבישול דלידג (750 גרם),נטו מלינדה סחר בעמ,,,יח`,750,גרם,false,1,28.90,3.85,true,1,
7290002782131,false,דאודורנט מס 1,פנינה רוזנבלום בעמ,,,יח`,150,"מ""ל",false,1,25.90,17.27,false,1,
7290002782742,false,דאוד פנינה נשים,פנינה רוזנבלום בעמ,,,יח`,150,"מ""ל",false,1,16.90,11.27,false,1,
7290002782759,false,קרם גוף מספר 2 פנינה רוזנבלום (340 מל),פנינה רוזנבלום בעמ,,,יח`,400,"מ""ל",false,1,23.90,5.98,false,1,
7290002787884,false,מקלות בורקס פילו תפוא,נטו מלינדה סחר בעמ,,,יח`,600,גרם,false,1,19.90,3.32,true,1,
7290002814016,false,מסיר שומנים קר סנט מוריץ (750 מל),קומפלקס כימיקלים בעמ,,,יח`,750,"מ""ל",false,1,13.90,1.85,false,1,
7290002814290,false,קצף מרוכז 1 ליטר בלנקו בניחוח,קומפלקס כימיקלים בעמ,,,יח`,1,1 ליטר,false,1,12.90,12.90,true,1,
7290002814603,false,מסיר שומנים מבושם בניחוח לימון 750 מל,קומפלקס כימיקלים בעמ,,,יח`,750,"מ""ל",false,1,12.90,1.72,true,1,
7290002814917,false,שמפו רצפות 4 ליטר לבנדר,קומפלקס כימיקלים בעמ,,,יח`,4,1 ליטר,false,1,11.90,2.98,false,1,
7290002814931,false,נוזל לניקוי רצפות סנט מוריץ (4 ליטר),קומפלקס כימיקלים בעמ,,,יח`,4,1 ליטר,false,1,11.90,2.98,false,1,
7290002824183,false,קרם גבינה 5% סקי (500 גרם),שטראוס גרופ בעמ/מצונן,,,יח`,500,גרם,false,1,9.50,1.90,false,1,
7290002824466,false,יוגורט ביו 0% דנונה (200 גרם),שטראוס גרופ בעמ/מצונן,,,יח`,200,"מ""ל",false,1,3.50,1.75,false,1,
7290002824640,false,קרם גבינה 5% סקי (250 גרם),שטראוס גרופ בעמ/מצונן,,,יח`,250,גרם,false,1,4.97,1.99,false,1,
7290002825722,false,כרוב אדום במיונז אחלה (500 גרם),שטראוס גרופ בעמ/מצונן,,,יח`,575,גרם,false,1,14.90,2.59,true,1,
7290002827306,false,מחפוד נקניקיות עוף 400 גר`,עוף ירושלים שיווק בעמ,,,יח`,400,גרם,false,1,9.90,2.48,false,1,
7290002868996,false,קוטג`5% מועשר 250 גר`,החב` המרכזית - טרה,,,יח`,250,גרם,false,1,5.60,2.24,false,1,
7290002871361,false,בירה קרלסברג (500 מל),החברה המרכזית להפצת משקאות בעמ,,,יח`,500,"מ""ל",false,1,7.50,1.26,false,1,
7290002881209,false,רסק תפוע דיאט 700  גר`תומר,תומר יבוא ושיווק מוצרי מזון (1,,,יח`,700,גרם,false,1,9.90,1.41,false,1,
7290002921240,false,שמפוזר קרבונה אדום,יעקב יעקבי ובניו בעמ,,,יח`,650,"מ""ל",false,1,24.90,3.83,false,1,
7290002929642,false,נתחי טונה בהירה בשמן ויליגר (140x4 גרם),נטו מלינדה סחר בעמ,,,יח`,460,גרם,false,1,19.90,4.33,false,1,
7290002971986,false,קמח שיפון ללא צורך בניפוי שטיבל,אבאל יזמות בעמ,,,יח`,1,"ק""ג",false,1,8.50,8.50,true,1,
7290002971993,false,קמח כוסמין מלא ללא צורך בניפוי 1 קג שטיב,אבאל יזמות בעמ,,,יח`,1000,גרם,false,1,14.90,1.49,false,1,
7290002972006,false,קמח בהיר) (405ללא צורך  בניפוי( 1  קג),אבאל יזמות בעמ,,,יח`,1,"ק""ג",false,1,8.50,8.50,true,1,
7290002972365,false,קמח תופח ללא צורך בניפוי 1 קג שטיבל,אבאל יזמות בעמ,,,יח`,1,"ק""ג",false,1,8.50,8.50,true,1,
7290002972426,false,קמח  מלא% 80 ללא צורך בניפוי 1 קג,אבאל יזמות בעמ,,,יח`,1,"ק""ג",false,1,8.50,8.50,true,1,
7290002973669,false,קמח שטיבל 2,אבאל יזמות בעמ,,,יח`,1,"ק""ג",false,1,8.50,8.50,true,1,
7290002974116,false,קמח כפרי 1 קג שטיבל,אבאל יזמות בעמ,,,יח`,1,"ק""ג",false,1,8.50,8.50,true,1,
7290002974222,false,קמח עוגיות ללא צורך בניפוי 1 קג שטיבל,אבאל יזמות בעמ,,,יח`,1,"ק""ג",false,1,8.50,8.50,true,1,
7290002974239,false,קמח עוגות 1 קג שטיבל,אבאל יזמות בעמ,,,יח`,1,"ק""ג",false,1,8.50,8.50,true,1,
7290002974314,false,קמח פיצה 1 קג שטיבל,אבאל יזמות בעמ,,,יח`,1,"ק""ג",false,1,10.90,10.90,false,1,
7290002987963,false,חומוס אחלה 1 קג,שטראוס גרופ בעמ/מצונן,,,יח`,10000,גרם,false,1,13.90,0.14,false,1,
7290003009312,false,בוטן קלוי קליית גת (200 גרם),ליימן שליסל בעמ,,,יח`,200,גרם,false,1,6.90,3.45,false,1,
7290003009336,false,קבוקים קליית גת (200 גרם),ליימן שליסל בעמ,,,יח`,200,גרם,false,1,5.90,2.95,true,1,
7290003011087,false,אורז בסמטי 1 קג` שקית כחולה דין שיווק,דין שיווק וקליה 2021 בעמ,,,יח`,1,"ק""ג",false,1,10.90,10.90,true,1,
7290003015627,false,ריצפז פרש 2 ליטר אפרסק,החברה הדרומית לשיווק בעמ,,,יח`,2,1 ליטר,false,1,19.90,9.95,true,1,
7290003029181,false,שוקו 2% בבקבוק יטבתה (1 ליטר),שטראוס גרופ בעמ/מצונן,,,יח`,1,1 ליטר,false,1,11.90,11.90,false,1,
7290003029372,false,משקה חלב בטעם בננה 2% יטבתה (1 ליטר,שטראוס גרופ בעמ/מצונן,,,יח`,1,1 ליטר,false,1,11.90,11.90,false,1,
7290003029389,false,שוקו בננה בקבוק,שטראוס גרופ בעמ/מצונן,,,יח`,250,"מ""ל",false,1,5.50,2.20,false,1,
7290003029433,false,שוקו 2% עם פקק ספורט יטבתה (250 מל),שטראוס גרופ בעמ/מצונן,,,יח`,250,"מ""ל",false,1,5.50,2.20,false,1,
7290003029532,false,משקה מוקה 2% יטבתה (1 ליטר),שטראוס גרופ בעמ/מצונן,,,יח`,1,1 ליטר,false,1,11.90,11.90,false,1,
7290003029792,false,שוקו 2% יטבתה (225x8 מל),שטראוס גרופ בעמ/מצונן,,,יח`,1.80,1 ליטר,false,1,19.90,11.06,false,1,
7290003029907,false,משקה חלב אייס קפה 2% יטבתה (1 ליטר,שטראוס גרופ בעמ/מצונן,,,יח`,1,1 ליטר,false,1,11.90,11.90,false,1,
7290003054657,false,חרדל דיז`ון ריין דה דיז`ון (370 גרם),דיפלומט היינץ,,,יח`,370,גרם,false,1,11.90,3.22,false,1,
7290003069705,false,פיצה אישית עגול תפזורת,נטו מלינדה סחר בעמ,,,יח`,80,גרם,false,1,2.90,3.63,true,1,
7290003091782,false,אווזית עגל טרי חלק מו,אדום אדום - תנובה בקר,,,"ק""ג",1,"ק""ג",true,1,79.90,79.90,true,1,
7290003102419,false,כפפות ניילון 100  יח`בקופסא,אינטרסן 1996 בעמ,,,יח`,1,,false,1,5.90,5.90,true,1,
7290003102976,false,צימרוני אוזניים טוליפס) (200,אינטרסן 1996 בעמ,,,יח`,20000,גרם,false,1,3.90,0.02,true,1,
7290003102990,false,פדים להסרת איפור,אינטרסן 1996 בעמ,,,יח`,1,,false,1,7.90,7.90,false,1,
7290003107223,false,סולת 1 קג דגן מוביל,טחנות קמח דגן (2006) בעמ,,,יח`,1,"ק""ג",false,1,6.30,6.30,false,1,
7290003107315,false,סולת בשקית טחנת קמח דגן (1 קג),טחנות קמח דגן (2006) בעמ,,,יח`,1,"ק""ג",false,1,4.40,4.40,false,1,
7290003107346,false,קמח חיטה לבן בדץ טחנת קמח דגן (1 קג),טחנות קמח דגן (2006) בעמ,,,יח`,1,"ק""ג",false,1,4.40,4.40,true,1,
7290003118106,false,פיתה פרנה זוג,מאפיית כפיר צ. ידעי בעמ,,,יח`,500,גרם,false,1,10.10,2.02,false,1,
7290003118113,false,פיתות עשירייה תימניות ידעי.,מאפיית כפיר צ. ידעי בעמ,,,יח`,500,גרם,false,1,12.90,2.58,false,1,
7290003141159,false,חטיפי מרשמלו יוגטה (180 גרם),ליימן שליסל בעמ,,,יח`,180,גרם,false,1,8.90,4.94,false,1,
7290003143146,false,ממרח תמרים קליית גת (450 גרם),ליימן שליסל בעמ,,,יח`,450,גרם,false,1,6.90,1.53,true,1,
7290003144419,false,סילאן טבעי קליית גת (710 גרם),ליימן שליסל בעמ,,,יח`,710,גרם,false,1,19.90,2.80,false,1,
7290003145539,false,צ`וקטה שוקולד מריר מארז שישייה,ש.שסטוביץ בעמ,,,יח`,600,גרם,false,1,19.90,3.32,false,1,
7290003145751,false,אגוזי קשיו קלויים קליית גת (200 גרם),ליימן שליסל בעמ,,,יח`,200,גרם,false,1,14.90,7.45,true,1,
7290003185726,false,קבב מזרחי 500 גר` טיבונוויל,נטו מלינדה סחר בעמ,,,יח`,500,גרם,false,1,20.90,4.18,true,1,
7290003224128,false,כיסוני תפוא 800  גר`קפוא מאמא מרי,מאמא - מרי בעמ,,,יח`,800,גרם,false,1,16.90,2.11,false,1,
7290003224265,false,כיסונים עם בשר בקר 800  גר`מאמא מרי,מאמא - מרי בעמ,,,יח`,800,גרם,false,1,28.90,3.61,false,1,
7290003224487,false,כיסונים בשר 1  קג`מאמא מרי,מאמא - מרי בעמ,,,יח`,1,"ק""ג",false,1,27.90,27.90,false,1,
7290003224579,false,כיסונים במילוי בשר 1.5  קג`XXL מאמא מרי,מאמא - מרי בעמ,,,יח`,1.50,"ק""ג",false,1,38.90,25.93,false,1,
7290003229154,false,סלמי קוניאק טירת צבי (300 גרם),תנובה קפואים,,,יח`,300,גרם,false,1,28.90,9.63,true,1,
7290003229192,false,כתף בקר מעושן 400  גר`טירת צבי,תנובה קפואים,,,יח`,400,גרם,false,1,35.90,8.98,true,1,
7290003258406,false,ווקס לשיער פנינה רוזנבלום (100 מל),פנינה רוזנבלום בעמ,,,יח`,100,"מ""ל",false,1,16.90,16.90,false,1,
7290003268252,false,לחם חיטה מלא לילדים דגנית,דגנית עין בר תעשיות מזון ואפיה,,,יח`,750,גרם,false,1,14.50,1.93,false,1,
7290003321155,false,דנונה פרי בר פקאן,שטראוס גרופ בעמ/מצונן,,,יח`,175,"מ""ל",false,1,4.40,2.51,false,1,
7290003387205,false,דאודורנט סטיק לגבר ספיד סטיק (56 גרם),ש.שסטוביץ בעמ,,,יח`,63.70,גרם,false,1,17.90,28.10,false,1,
7290003397136,false,בדית בדי בדיקה 80*80,כ. כיפות שיווק וסחר בעמ,,,יח`,1,,false,1,6.90,6.90,false,1,
7290003401369,false,נטורל פורמולה קרם לחות קלאסי,החברה הדרומית לשיווק בעמ,,,יח`,400,"מ""ל",false,1,21.90,5.48,true,1,
7290003401376,false,נטורל פורמולה קרם לחות,החברה הדרומית לשיווק בעמ,,,יח`,400,"מ""ל",false,1,21.90,5.48,true,1,
7290003401420,false,נטורל פורמולה קרם לחות,החברה הדרומית לשיווק בעמ,,,יח`,400,"מ""ל",false,1,21.90,5.48,true,1,
7290003411566,false,צמרוני עץ 200  יח`הנמל,הנמל אריזות ושיווק (1984) בעמ,,,יח`,1,,false,1,2.90,2.90,false,1,
7290003411573,false,צלחות עמוקות לבן 30  יח`הנמל,הנמל אריזות ושיווק (1984) בעמ,,,יח`,1,,false,1,16.90,16.90,false,1,
7290003411689,false,ליפתן לבן 25 יח` הנמל,הנמל אריזות ושיווק (1984) בעמ,,,יח`,1,,false,1,4.90,4.90,true,1,
7290003411696,false,מרקיות לבן 25 יח` הנמל,הנמל אריזות ושיווק (1984) בעמ,,,יח`,25,יח`,false,1,9.90,0.40,true,1,
7290003411726,false,קיסמים הנמל) (300,הנמל אריזות ושיווק (1984) בעמ,,,יח`,1,,false,1,4.90,4.90,false,1,
7290003411832,false,גרנולה אגוזים הנמל (400 גרם),הנמל אריזות ושיווק (1984) בעמ,,,יח`,400,גרם,false,1,10,2.50,false,1,
7290003411849,false,גרנולה תמרים 400 גר הנמל,הנמל אריזות ושיווק (1984) בעמ,,,יח`,400,גרם,false,1,10,2.50,false,1,
7290003427154,false,שמן זית כתית מעולה 750 מל זיתא,תה ויסוצקי (ישראל) בעמ,,,יח`,750,"מ""ל",false,1,27.90,3.72,false,1,
7290003438006,false,אוליביה ממרח פסטו איטלקי 180 גר`,תה ויסוצקי (ישראל) בעמ,,,יח`,190,גרם,false,1,13.90,7.32,false,1,
7290003438013,false,אוליביה ממרח זיתים ירוקים (190 גרם),תה ויסוצקי (ישראל) בעמ,,,יח`,190,גרם,false,1,13.90,7.32,false,1,
7290003457991,false,מאגדת-קורנטו קלאסיק,גלידות שטראוס בעמ,,,יח`,300,גרם,false,1,32.90,10.97,false,1,
7290003514007,false,שקדי מרק מנה (400 גרם),ש.שסטוביץ בעמ,,,יח`,400,גרם,false,1,9.90,2.48,false,1,
7290003521166,false,סרקל קרם רוזמרין 325 מל,פישר תעשיות פרמצבטיות בעמ,,,יח`,325,גרם,false,1,25.90,7.97,false,1,
7290003521197,false,סרקל מתיר קשרים 340 מל,פישר תעשיות פרמצבטיות בעמ,,,יח`,340,"מ""ל",false,1,25.90,7.62,false,1,
7290003521203,false,סרקל שמפו 2 ליטר,פישר תעשיות פרמצבטיות בעמ,,,יח`,2,1 ליטר,false,1,39.90,19.95,false,1,
7290003521340,false,קמיל בלו 2 ליטר,פישר תעשיות פרמצבטיות בעמ,,,יח`,2,1 ליטר,false,1,39.90,19.95,false,1,
7290003521395,false,סרקל פלוס 2 ליטר,פישר תעשיות פרמצבטיות בעמ,,,יח`,2,1 ליטר,false,1,39.90,19.95,false,1,
7290003521463,false,קמיל פלוס שמפו 2 ליטר,פישר תעשיות פרמצבטיות בעמ,,,יח`,2,1 ליטר,false,1,39.90,19.95,false,1,
7290003550753,false,נתחי טונה בהירה בשמן פוסידון (108x4 גרם),נטו מלינדה סחר בעמ,,,יח`,432,גרם,false,1,21.90,5.07,false,1,
7290003578108,false,חתיכות אננס בסירופ קל וילי פוד (850 גרם),ג.וילי-פוד אינטרנשיונל בעמ,,,יח`,820,גרם,false,1,8.90,1.09,false,1,
7290003578290,false,מקלוני אורז 300  גר`וילי פוד,ג.וילי-פוד אינטרנשיונל בעמ,,,יח`,300,גרם,false,1,5.90,1.97,false,1,
7290003643004,false,אורז בסמטי קלאסי סוגת (1 קג),סוגת תעשיות בעמ,,,יח`,1,"ק""ג",false,1,13.90,13.90,true,1,
7290003643387,false,סוכר לבן בצנצנת סוגת (1 קג),סוגת תעשיות בעמ,,,יח`,1,"ק""ג",false,1,7.90,7.90,false,1,
7290003643646,false,סוכר דמררה סוגת 1 קג,סוגת תעשיות בעמ,,,יח`,1000,גרם,false,1,12.90,1.29,false,1,
7290003643684,false,אפונה סוגת (500 גרם),סוגת תעשיות בעמ,,,יח`,500,גרם,false,1,6.90,1.38,true,1,
7290003643707,false,גריסים סוגת (500 גרם),סוגת תעשיות בעמ,,,יח`,500,גרם,false,1,5.90,1.18,true,1,
7290003643714,false,חומוס סוגת (500 גרם),סוגת תעשיות בעמ,,,יח`,500,גרם,false,1,7.90,1.58,true,1,
7290003643738,false,חיטה סוגת (500 גרם),סוגת תעשיות בעמ,,,יח`,500,גרם,false,1,5.90,1.18,true,1,
7290003643745,false,כוסמת סוגת (500 גרם),סוגת תעשיות בעמ,,,יח`,500,גרם,false,1,7.90,1.58,true,1,
7290003643752,false,עדשים ירוקות סוגת (500 גרם),סוגת תעשיות בעמ,,,יח`,500,גרם,false,1,7.90,1.58,true,1,
7290003643769,false,עדשים אדומות סוגת (500 גרם),סוגת תעשיות בעמ,,,יח`,500,גרם,false,1,7.90,1.58,true,1,
7290003643776,false,פופקורן סוגת (500 גרם),סוגת תעשיות בעמ,,,יח`,500,גרם,false,1,6.90,1.38,true,1,
7290003643806,false,שעועית לבנה יבשה סוגת (500 גרם),סוגת תעשיות בעמ,,,יח`,500,גרם,false,1,12.90,2.58,true,1,
7290003643820,false,חומוס ענק סוגת (500 גרם),סוגת תעשיות בעמ,,,יח`,500,גרם,false,1,12.90,2.58,true,1,
7290003681334,false,קוקוס מיה (400 גרם),מיה תעשיות מזון מ.ת.מ. בעמ,,,יח`,400,גרם,false,1,11.90,2.98,false,1,
7290003681365,false,קישוט לעוגה 70  גר`צבעוני,מיה תעשיות מזון מ.ת.מ. בעמ,,,יח`,200,גרם,false,1,6.90,3.45,false,1,
7290003681532,false,דובדבנים מסוכרים 80  גר`מיה,מיה תעשיות מזון מ.ת.מ. בעמ,,,יח`,80,גרם,false,1,8.90,11.13,false,1,
7290003681693,false,חומוס לבן ענק מיה (500 גרם),מיה תעשיות מזון מ.ת.מ. בעמ,,,יח`,500,גרם,false,1,10.90,2.18,false,1,
7290003681716,false,גריסי פנינה מיה (500 גרם),מיה תעשיות מזון מ.ת.מ. בעמ,,,יח`,500,גרם,false,1,6.90,1.38,false,1,
7290003719259,false,לחם אקסקלוסיבי פרוס ליבו (1 קג),י.את א. ברמן בעמ,,,יח`,1,"ק""ג",false,1,16.20,16.20,false,1,
7290003726615,false,טופו ויילר 300 גר`,שטראוס גרופ בעמ/מצונן,,,יח`,300,גרם,false,1,11.90,3.97,true,1,
7290003781065,false,קורנישונים כבושום בחומץ 680  גר`וילי פוד,ג.וילי-פוד אינטרנשיונל בעמ,,,יח`,690,גרם,false,1,9.90,1.43,false,1,
7290003805501,false,פתית בסגנון שוודי תלמה (300 גרם),יוניליוור ישראל שיווק בעמ,,,יח`,300,גרם,false,1,17.90,5.97,true,1,
7290003805587,false,פתית חיטה מלאה תלמה (250 גרם),יוניליוור ישראל שיווק בעמ,,,יח`,250,גרם,false,1,17.90,7.16,true,1,
7290003807178,false,רוטב סויה סגנון סיני קנור (300 מל),יוניליוור ישראל שיווק בעמ,,,יח`,300,"מ""ל",false,1,12.90,4.30,true,1,
7290003864478,false,סרדינים בשמן צמחי וילי פוד (110 גרם),ג.וילי-פוד אינטרנשיונל בעמ,,,יח`,110,גרם,false,1,5.90,5.36,true,1,
7290003864485,false,סרדינים ברוטב עגבניות וילי פוד (110 גרם),ג.וילי-פוד אינטרנשיונל בעמ,,,יח`,110,גרם,false,1,5.90,5.36,true,1,
7290003864492,false,סרדין בשמן צמחי 110 גר`,ג.וילי-פוד אינטרנשיונל בעמ,,,יח`,110,גרם,false,1,5.90,5.36,true,1,
7290003882922,false,עלי גפן ממולאים באורז 400 גר`.,ג.וילי-פוד אינטרנשיונל בעמ,,,יח`,400,גרם,false,1,8.90,2.23,false,1,
7290003903771,false,קפוצ ינו פחית 200 גר`,שטראוס גרופ בעמ,,,יח`,200,גרם,false,1,23.90,11.95,false,1,
7290003976546,false,מתקן מטהר אויר אוטומט טא`צ,סאסאטק אגשח בעמ,,,יח`,1,,false,1,24.90,24.90,false,1,
7290003976607,false,אקונומיקה סמיכה לבנדר 4 ליטר עם פקק ביטח,סאסאטק אגשח בעמ,,,יח`,4000,"מ""ל",false,1,11.90,0.30,false,1,
7290003989096,false,חצילים פיקנטי אחלה (500 גרם),שטראוס גרופ בעמ/מצונן,,,יח`,575,גרם,false,1,15.90,2.77,true,1,
7290003989539,false,רביולי עם גבינה שטראוס (400 גרם),שטראוס גרופ בעמ/מצונן,,,יח`,400,גרם,false,1,20.90,5.23,true,1,
7290003996018,false,חסה חסלט,יעל ירק עלים לשיווק בעמ,,,יח`,1,,false,1,7.90,7.90,false,1,
7290003996049,false,פטרוזליה חסלט,יעל ירק עלים לשיווק בעמ,,,יח`,1,,false,1,6.90,6.90,false,1,
7290003996056,false,כוסברה חסלט,יעל ירק עלים לשיווק בעמ,,,יח`,1,,false,1,6.90,6.90,false,1,
7290003996087,false,בצל ירוק חסלט,יעל ירק עלים לשיווק בעמ,,,יח`,1,,false,1,7.90,7.90,false,1,
7290003996094,false,סלרי חסלט,יעל ירק עלים לשיווק בעמ,,,יח`,1,,false,1,7.90,7.90,false,1,
7290003996117,false,כרוב לבן חסלט,יעל ירק עלים לשיווק בעמ,,,"ק""ג",1,,true,1,14.90,14.90,false,1,
7290003996209,false,פטריות א.א. חסלט,יעל ירק עלים לשיווק בעמ,,,יח`,1,,false,1,9.90,9.90,false,1,
7290003996506,false,כרוב לבן חתוך 400 גרם חסלט,יעל ירק עלים לשיווק בעמ,,,יח`,400,גרם,false,1,11.90,2.98,false,1,
7290003996513,false,כרוב אדום חתוך 400 גרם חסלט,יעל ירק עלים לשיווק בעמ,,,יח`,400,גרם,false,1,11.90,2.98,false,1,
7290003996575,false,סלק וואקום שקית 500  גר- חסלט,יעל ירק עלים לשיווק בעמ,,,יח`,3,1 ליטר,false,1,6.90,2.30,false,1,
7290004011284,false,בסיס להכנת קצפת צמחי ריץ` (212 מל),נטו מלינדה סחר בעמ,,,יח`,212,"מ""ל",false,1,8.90,4.20,true,1,
7290004011345,false,קצפת 250 מל פרווה ארוסול,נטו מלינדה סחר בעמ,,,יח`,250,"מ""ל",false,1,15.90,6.36,true,1,
7290004030018,false,מיץ לימון 1/2 ליטר,תנובה - פריניב,,,יח`,500,"מ""ל",false,1,11.20,2.18,false,1,
7290004030612,false,מיץ קיווי אגס 1 ליטר ללתס פריניב,תנובה - פריניב,,,יח`,1,1 ליטר,false,1,15.90,15.90,true,1,
7290004048679,false,קובה למרק שלושת האופים(כ 18  יח`- 1 קג),נטו מלינדה סחר בעמ,,,יח`,1000,גרם,false,1,19.90,1.99,false,1,
7290004061449,false,שניצל אמריקאי 700  גר`טופ שוף,קפוא-זן תעשיות מזון בעמ - תפוג,,,יח`,700,גרם,false,1,12.90,1.84,false,1,
7290004063016,false,מלח שולחן מעולה סלית (1  קג)פיקוח,סוגת תעשיות בעמ,,,יח`,1,"ק""ג",false,1,1.90,1.90,false,1,
7290004063115,false,מלח מטבח גס ארזינא (1  קג)פיקוח,סוגת תעשיות בעמ,,,יח`,1,"ק""ג",false,1,1.90,1.90,false,1,
7290004063214,false,מלח גס,מלח הארץ אילת בעמ,,,יח`,1,"ק""ג",false,1,1.90,1.90,false,1,
7290004064174,false,מלח ההימלאיה דק בצנצנת 1 קג`,סוגת תעשיות בעמ,,,יח`,1,"ק""ג",false,1,17.90,17.90,true,1,
7290004064280,false,מלח מופחת נתרן בצנצנת 600  גר`מלח הארץ,סוגת תעשיות בעמ,,,יח`,600,גרם,false,1,15.90,2.65,false,1,
7290004064358,false,מלח ים דק 1 קג קרטון מלח הארץ,סוגת תעשיות בעמ,,,יח`,1,"ק""ג",false,1,4.90,4.90,true,1,
7290004078263,false,צימרונים בלונס) (200x2,ש.שסטוביץ בעמ,,,יח`,1,,false,1,9.90,9.90,false,1,
7290004078942,false,ליידי ספיד סטיק 24/7 פיור פרשנס,ש.שסטוביץ בעמ,,,יח`,65,גרם,false,1,17.90,27.54,false,1,
7290004119225,false,יוגורט ביו 3% אננס יופלה (150 גרם),תנובה - חלב,,,יח`,150,"מ""ל",false,1,4.90,3.27,false,1,
7290004119928,false,מעדן חלב 3% בטעם וניל קרלו (125 גרם),תנובה - חלב,,,יח`,125,"מ""ל",false,1,2.90,2.32,false,1,
7290004120061,false,מעדן חלב 1.5% שוניל קרלו (125 גרם),תנובה - חלב,,,יח`,125,"מ""ל",false,1,3,2.40,false,1,
7290004120108,false,דיאט יופלה דובדבן,תנובה - חלב,,,יח`,150,"מ""ל",false,1,4.90,3.27,false,1,
7290004120566,false,גבינה בולגרית  (25024%  גרם)פיראוס תנובה,תנובה - חלב,,,יח`,250,גרם,false,1,22.90,9.16,false,1,
7290004120573,false,גבינה בולגרית  (25016%  גרם)פיראוס תנובה,תנובה - חלב,,,יח`,250,גרם,false,1,22.90,9.16,false,1,
7290004121525,false,מאגדת 8 יופלה 3%,תנובה - חלב,,,יח`,1.20,1 ליטר,false,1,29.90,24.92,false,1,
7290004121754,false,יופלה עוגת גבינה ותות 3%,תנובה - חלב,,,יח`,150,"מ""ל",false,1,4.90,3.27,false,1,
7290004121853,false,גבינה בולגרית קוביות  (2005%  גרם)פיראוס,תנובה - חלב,,,יח`,200,גרם,false,1,21.90,10.95,false,1,
7290004122119,false,פתיתי פרמז`ן השף הלבן (100 גרם),תנובה - חלב,,,יח`,100,גרם,false,1,12.20,12.20,false,1,
7290004122195,false,גוש חלב פרוס,תנובה - חלב,,,יח`,200,גרם,false,1,13.80,6.90,false,1,
7290004122348,false,גבינה צהובה מופחתת שומן 9% עמק (200 גרם),תנובה - חלב,,,יח`,200,גרם,false,1,16.90,8.45,false,1,
7290004122676,false,גבינה חמד לייט  (2505%  גרם)פיראוס תנובה,תנובה - חלב,,,יח`,250,גרם,false,1,17.90,7.16,false,1,
7290004122683,false,אצבעות עמק,תנובה - חלב,,,יח`,172,גרם,false,1,16.20,9.42,false,1,
7290004122751,false,יופלה בדץ אפרסק,תנובה - חלב,,,יח`,150,"מ""ל",false,1,4.40,2.93,false,1,
7290004124205,false,יוגורט ביו דיאט 0% תות יופלה (150 גרם),תנובה - חלב,,,יח`,150,"מ""ל",false,1,4.90,3.27,false,1,
7290004124847,false,קצפת צמחית השף הלבן 500,תנובה - חלב,,,יח`,500,"מ""ל",false,1,14.90,2.98,false,1,
7290004125370,false,שמנת 9%,תנובה - חלב,,,יח`,200,"מ""ל",false,1,3.70,1.85,false,1,
7290004125400,false,אשל 4.5% מהדרין תנובה (200  מל)פיקוח,תנובה - חלב,,,יח`,200,"מ""ל",false,1,1.69,0.85,false,1,
7290004125417,false,גיל 3% מהדרין תנובה (200  מל)פיקוח,תנובה - חלב,,,יח`,200,"מ""ל",false,1,1.51,0.76,false,1,
7290004125455,false,שמנת חמוצה 15% מהדרין תנובה (200 מל),תנובה - חלב,,,יח`,200,"מ""ל",false,1,2.40,1.20,false,1,
7290004125462,false,שמנת חמוצה 15% תנובה (500 מל),תנובה - חלב,,,יח`,500,"מ""ל",false,1,6,1.20,false,1,
7290004125509,false,שמנת חמוצה 15% תנובה (100 מל),תנובה - חלב,,,יח`,100,"מ""ל",false,1,1.60,1.60,false,1,
7290004125578,false,משקה סויה מועשר תנובה (1 ליטר),תנובה - חלב,,,יח`,1,1 ליטר,false,1,9.90,9.90,false,1,
7290004125585,false,משקה סויה 1 ליטר וניל על הבוקר,תנובה - חלב,,,יח`,1,1 ליטר,false,1,9.90,9.90,false,1,
7290004125721,false,שמנת עמידה לבישול 15% השף הלבן (250 מל),תנובה - חלב,,,יח`,250,"מ""ל",false,1,8.20,3.28,false,1,
7290004125738,false,השף הלבן שמנת להקצפה 250,תנובה - חלב,,,יח`,250,"מ""ל",false,1,6.40,2.56,false,1,
7290004125776,false,גבינה צהובה קלאסית 28% עמק (400 גרם),תנובה - חלב,,,יח`,400,גרם,false,1,27.80,6.95,false,1,
7290004126872,false,משקה שוק שוקו 250 מל,תנובה - חלב,,,יח`,250,"מ""ל",false,1,5.90,2.36,false,1,
7290004127329,false,גבינת  קוטג`5% תנובה (250 גרם),תנובה - חלב,,,יח`,250,גרם,false,1,5.50,2.20,false,1,
7290004127336,false,גבינת  קוטג`9% תנובה (250 גרם),תנובה - חלב,,,יח`,250,גרם,false,1,5.50,2.20,false,1,
7290004127800,false,גבינה לבנה 5% תנובה (500  גרם)פיק,תנובה - חלב,,,יח`,500,גרם,false,1,9.96,1.99,false,1,
7290004127817,false,גבינה לבנה 9% תנובה (500 גרם),תנובה - חלב,,,יח`,500,גרם,false,1,9.50,1.90,false,1,
7290004127862,false,גבינה לבנה 5% תנובה (750 גרם),תנובה - חלב,,,יח`,750,גרם,false,1,14.94,1.99,false,1,
7290004127916,false,גבינה לבנה 0.5% תנובה (500 גרם),תנובה - חלב,,,יח`,500,גרם,false,1,9.50,1.90,false,1,
7290004128340,false,גבינת שמנת 5% 200 גר`,תנובה - חלב,,,יח`,200,גרם,false,1,11.50,5.75,false,1,
7290004129101,false,גבינת נפוליאון 225  גר`טבעי גביע,תנובה - חלב,,,יח`,225,גרם,false,1,13.90,6.18,false,1,
7290004129156,false,גבינת נפוליאון 225  גר`שום שמיר גביע,תנובה - חלב,,,יח`,225,גרם,false,1,13.90,6.18,false,1,
7290004130794,false,משקה סויה במתיקות מופחתת תנובה (1 ליטר),תנובה - חלב,,,יח`,1,1 ליטר,false,1,9.90,9.90,false,1,
7290004131074,false,חלב 3% מהדרין תנובה (1 ליטר),תנובה - חלב,,,יח`,1,1 ליטר,false,1,6.23,6.23,false,1,
7290004131531,false,שוקו 30% פחות תוספת סוכר תנובה (1 ליטר),תנובה - חלב,,,יח`,1,1 ליטר,false,1,12.50,12.50,false,1,
7290004131814,false,גבינת צפתית מעודנת  (2005%  גרם)פיראוס ת,תנובה - חלב,,,יח`,200,גרם,false,1,14.90,7.45,false,1,
7290004132552,false,משקה סויה 1 ליטר דיא,תנובה - חלב,,,יח`,1,1 ליטר,false,1,9.90,9.90,false,1,
7290004133511,false,מאגדת שמינייה יופלה,תנובה - חלב,,,יח`,1.20,1 ליטר,false,1,20.90,17.42,false,1,
7290004135072,false,קרלו מיני שמינייה שוקולד,תנובה - חלב,,,יח`,800,"מ""ל",false,1,13.90,1.74,false,1,
7290004135119,false,מעדן חלב בטעם וניל בדץ קרלו (100x8 גרם),תנובה - חלב,,,יח`,800,"מ""ל",false,1,13.90,1.74,false,1,
7290004135614,false,גבינה בולגרית מעודנת  (2505%  גרם)פיראוס,תנובה - חלב,,,יח`,250,גרם,false,1,21.90,8.76,false,1,
7290004136598,false,מארז הפסקת אוכל  חלבי+ קורנפלקס,תנובה - חלב,,,יח`,150,"מ""ל",false,1,9.90,6.60,false,1,
7290004136857,false,מעדן ג`לי בטעם פטל תנובה (125 גרם),תנובה - חלב,,,יח`,125,"מ""ל",false,1,2.30,1.84,false,1,
7290004136871,false,ג`לי אפרסק+חתיכות,תנובה - חלב,,,יח`,125,"מ""ל",false,1,2.60,2.08,false,1,
7290004137021,false,שמנת עמידה לבישול 10% השף הלבן (250 מל),תנובה - חלב,,,יח`,250,"מ""ל",false,1,8.20,3.28,false,1,
7290004199203,false,קיסמי שיניים במבוק מלחיה לב הוסטס) (300,אינטרסן 1996 בעמ,,,יח`,1,,false,1,3.50,3.50,false,1,
7290004219826,false,מלבין קפה הולנדי 400 גר`,ג.וילי-פוד אינטרנשיונל בעמ,,,יח`,400,גרם,false,1,19.90,4.98,false,1,
7290004228804,false,עלי בצק לסיגרים ואגרול שלושת האופים (450,נטו מלינדה סחר בעמ,,,יח`,450,גרם,false,1,13.90,3.09,true,1,
7290004255305,false,נר נשמה שבועי פלסטיק,אבאל יזמות בעמ,,,יח`,1,,false,1,9.90,9.90,false,1,
7290004255428,false,נר נשמה בפחית 24 שעות מנורה,אבאל יזמות בעמ,,,יח`,1,,false,1,1.90,1.90,false,1,
7290004255879,false,נר הבדלה דקורטיבי פירמידה,אבאל יזמות בעמ,,,יח`,1,,false,1,16.90,16.90,true,1,
7290004256371,false,צהובה ריץ פרוסה 400 גר`,נטו מלינדה סחר בעמ,,,יח`,400,גרם,false,1,19.90,4.98,false,1,
7290004263515,false,מעורב-עטרה,נטו מלינדה סחר - עטרה,,,יח`,800,גרם,false,1,19.80,2.48,false,1,
7290004263652,false,נקניקיות עוף עטרה (400 גרם),נטו מלינדה סחר - עטרה,,,יח`,400,גרם,false,1,11.90,2.98,false,1,
7290004263676,false,בשר הודו קפוא טחון חלק עטרה (500 גרם),נטו מלינדה סחר - עטרה,,,יח`,500,גרם,false,1,12.40,2.48,false,1,
7290004324605,false,מון בלאן רוקפור 120 גר`,נטו מלינדה סחר בעמ,,,יח`,120,גרם,false,1,13.90,11.58,true,1,
7290004324858,false,קבב כבש 500 גר` טיבונוויל,נטו מלינדה סחר בעמ,,,יח`,500,גרם,false,1,20.90,4.18,true,1,
7290004492762,false,נשנושים חטיף תירס בייגל בייגל (325 גרם),יוניליוור ישראל שיווק בעמ,,,יח`,325,גרם,false,1,12.90,3.97,true,1,
7290004584306,false,גמדים רביעייה תות בננה,שטראוס גרופ בעמ/מצונן,,,יח`,400,"מ""ל",false,1,11.40,2.85,true,1,
7290004584351,false,גבינת במרקם שמנת 5% סימפוניה 200 גר (200,שטראוס גרופ בעמ/מצונן,,,יח`,200,גרם,false,1,11.40,5.70,false,1,
7290004584528,false,יוגורט ביו 1.7% דנונה (200 גרם),שטראוס גרופ בעמ/מצונן,,,יח`,200,"מ""ל",false,1,3.50,1.75,false,1,
7290004585907,false,דני וניל בודד,שטראוס גרופ בעמ/מצונן,,,יח`,130,"מ""ל",false,1,2.60,2,false,1,
7290004603175,false,מלח הים האדום גס מלח הארץ (500 גרם),סוגת תעשיות בעמ,,,יח`,500,גרם,false,1,7.90,1.58,false,1,
7290004639006,false,קוסקוס תונסאי קפוא מטעמי פאר (800 גרם),מטעמי פאר (א.מ.נ) בעמ,,,יח`,800,גרם,false,1,14.90,1.86,false,1,
7290004652418,false,מיני ג`חנון ללא מרגינה 650  גר`שגב,נטו מלינדה סחר בעמ,,,יח`,650,גרם,false,1,19.90,3.06,false,1,
7290004658809,false,קדמון אדום מתוק 750 מל קינג דיוויד.,אגודת הכורמים,,,יח`,750,"מ""ל",false,1,44.90,5.95,false,1,
7290004685010,false,שיפון פלוס לחם הארץ (500 גרם),י.את א. ברמן בעמ,,,יח`,500,גרם,false,1,16.20,3.24,false,1,
7290004685430,false,100% לחם כומסין 500 גר לחם הארץ,י.את א. ברמן בעמ,,,יח`,500,גרם,false,1,16.20,3.24,false,1,
7290004731076,false,אל סבון נוזלי אלוורה כיף (1 ליטר),החברה הדרומית לשיווק בעמ,,,יח`,1,1 ליטר,false,1,13.90,13.90,true,1,
7290004731083,false,אל סבון נוזלי ג`ינסנג כיף (1 ליטר),החברה הדרומית לשיווק בעמ,,,יח`,1,1 ליטר,false,1,13.90,13.90,true,1,
7290004731090,false,אל סבון נוזלי קמומיל כיף (1 ליטר),החברה הדרומית לשיווק בעמ,,,יח`,1,1 ליטר,false,1,13.90,13.90,true,1,
7290004731472,false,כיף אלסבון שלישיה,החברה הדרומית לשיווק בעמ,,,יח`,1.50,1 ליטר,false,1,20.90,13.93,true,1,
7290004737900,false,חלב מרוכז הולנדי וילי פוד (397 גרם),ג.וילי-פוד אינטרנשיונל בעמ,,,יח`,397,גרם,false,1,9.90,2.49,false,1,
7290004944032,false,חומוס  אמיתי( 400  גר`)אסלי,סלטי שמיר 2006 בעמ,,,יח`,400,גרם,false,1,9.90,2.48,true,1,
7290004944056,false,חציל במיונז  אסלי( 400  גר`)אסלי,סלטי שמיר 2006 בעמ,,,יח`,400,גרם,false,1,9.90,2.48,true,1,
7290004944063,false,סלט  תורכי( 400  גר`)אסלי,סלטי שמיר 2006 בעמ,,,יח`,400,גרם,false,1,9.90,2.48,true,1,
7290004944070,false,כרוב  אדום( 400  גר`)אסלי,סלטי שמיר 2006 בעמ,,,יח`,400,גרם,false,1,9.90,2.48,true,1,
7290005084355,false,משחת שיניים דואל קר סנסודיין (75 מל),גורי ע.ע.ע בעמ,,,יח`,75,גרם,false,1,21.90,29.20,true,1,
7290005174513,false,חצילים במיונז אחלה (500 גרם),שטראוס גרופ בעמ/מצונן,,,יח`,500,גרם,false,1,15.50,3.10,true,1,
7290005174551,false,חומוס אחלה (125 גרם),שטראוס גרופ בעמ/מצונן,,,יח`,125,גרם,false,1,4.90,3.92,false,1,
7290005174568,false,חצילים אחלה יום יום 125 גר`,שטראוס גרופ בעמ/מצונן,,,יח`,125,גרם,false,1,4.90,3.92,false,1,
7290005174575,false,טחינה אחלה (125 גרם),שטראוס גרופ בעמ/מצונן,,,יח`,125,גרם,false,1,4.90,3.92,false,1,
7290005175428,false,קמח תירס 500 ללא גלוטן,ג.וילי-פוד אינטרנשיונל בעמ,,,יח`,500,גרם,false,1,5.90,1.18,false,1,
7290005197758,false,חיוכים שוקו 150,שטראוס גרופ בעמ,,,יח`,150,גרם,false,1,4.90,3.27,false,1,
7290005199288,false,מאסט פטל לימון 2,שטראוס גרופ בעמ,,,יח`,28,גרם,false,1,4.90,17.50,false,1,
7290005199578,false,קפה PLATINUM נטול 200 גר,שטראוס גרופ בעמ,,,יח`,200,גרם,false,1,24.90,12.45,false,1,
7290005200786,false,תפוצ`יפס 50 גר שמנת בצל,שטראוס פריטו ליי בעמ,,,יח`,50,גרם,false,1,3.90,7.80,false,1,
7290005230042,false,צלחת קטנה לבן 50 יח פאלאס,פאלאס תעשיות נטו (2014) בעמ,,,יח`,1,,false,1,12.90,12.90,true,1,
7290005230059,false,צלחת מרק לבנה 25 יח פאלאס .,פאלאס תעשיות נטו (2014) בעמ,,,יח`,1,,false,1,9.90,9.90,false,1,
7290005230059,false,צלחת מרק לבנה 25 יח פאלאס .,פאלאס תעשיות נטו (2014) בעמ,,,יח`,2500,גרם,false,1,9.90,0.40,false,1,
7290005230066,false,ליפתניות לבן 25 יח פאלאס,פאלאס תעשיות נטו (2014) בעמ,,,יח`,1,,false,1,5.90,5.90,true,1,
7290005230769,false,צלחת גדולה לבן 50 יח פאלאס,פאלאס תעשיות נטו (2014) בעמ,,,יח`,1,,false,1,16.90,16.90,true,1,
7290005230806,false,כוסות לשתיה קרה 100/180,פאלאס תעשיות נטו (2014) בעמ,,,יח`,1,,false,1,9.90,9.90,true,1,
7290005230813,false,קערית אובלית לבן 25 יח פאלאס,פאלאס תעשיות נטו (2014) בעמ,,,יח`,1,,false,1,9.20,9.20,true,1,
7290005287206,false,טונה סטאריקיסט בשמן 160  גר`רביעייה,סטארקיסט דיפלומט היינץ,,,יח`,640,גרם,false,1,24.90,3.89,false,1,
7290005287213,false,טונה סטארקיסט בשמן 160  גר`רביעייה בדצ,סטארקיסט דיפלומט היינץ,,,יח`,640,גרם,false,1,24.90,3.89,false,1,
7290005287251,false,טונה סטארקיסט במים 160  גר`רביעייה,סטארקיסט דיפלומט היינץ,,,יח`,640,גרם,false,1,24.90,3.89,false,1,
7290005287510,false,ס.ק בשמן עם פלפל חריף 160 גרם בי,סטארקיסט דיפלומט היינץ,,,יח`,160,גרם,false,1,8.90,5.56,false,1,
7290005287930,false,טונה במים בדץ סטארקיסט (160x4 גרם),סטארקיסט דיפלומט היינץ,,,יח`,640,גרם,false,1,24.90,3.89,false,1,
7290005418709,false,נטורל קרם לחות 400 מל,החברה הדרומית לשיווק בעמ,,,יח`,400,"מ""ל",false,1,21.90,5.48,true,1,
7290005423253,false,סנו מקסימה למייבש 750 מל,החברה הדרומית לשיווק בעמ,,,יח`,750,"מ""ל",false,1,17.90,2.39,true,1,
7290005423635,false,דוחה חרקים 2 ליטר,החברה הדרומית לשיווק בעמ,,,יח`,2,1 ליטר,false,1,22.90,11.45,true,1,
7290005423734,false,סנו מקסימה4 ליטר תכלת,החברה הדרומית לשיווק בעמ,,,יח`,4,1 ליטר,false,1,19.90,4.98,false,1,
7290005423871,false,מש.שיניים אורביטול שלישיה,החברה הדרומית לשיווק בעמ,,,יח`,435,גרם,false,1,19.90,4.57,true,1,
7290005423918,false,סנו מקסימה4 ליטר כחול,החברה הדרומית לשיווק בעמ,,,יח`,4,1 ליטר,false,1,19.90,4.98,false,1,
7290005424700,false,מתז פורטה פלוס 1 ליטר XL סנו,החברה הדרומית לשיווק בעמ,,,יח`,1000,"מ""ל",false,1,17.90,1.79,true,1,
7290005424755,false,ריזצפז פלוס מטליות לחות לניקוי רצפות-דו,החברה הדרומית לשיווק בעמ,,,יח`,1,,false,1,14.90,14.90,false,1,
7290005424762,false,ריצפז+דוחה חרקים+ווקס,החברה הדרומית לשיווק בעמ,,,יח`,2,1 ליטר,false,1,25.90,12.95,false,1,
7290005424915,false,סנומוד נטול גזפציולי 150 מל,החברה הדרומית לשיווק בעמ,,,יח`,150,"מ""ל",false,1,10.90,7.27,true,1,
7290005425196,false,א.כביסה סנו מקסימה 2.5 קג`,החברה הדרומית לשיווק בעמ,,,יח`,2.50,"ק""ג",false,1,24.90,9.96,false,1,
7290005425912,false,סנו אוקסיג`ן 4 ליטר,החברה הדרומית לשיווק בעמ,,,יח`,4,1 ליטר,false,1,32.60,8.15,true,1,
7290005426575,false,קרמה קרם לחות לשיער יבש,החברה הדרומית לשיווק בעמ,,,יח`,400,"מ""ל",false,1,19.90,4.98,true,1,
7290005426803,false,סנו מקסימה4 ליטר סגול,החברה הדרומית לשיווק בעמ,,,יח`,4,1 ליטר,false,1,19.90,4.98,false,1,
7290005426964,false,סנובון לאסלה כחול אפרסק סנו (55x3 גרם),החברה הדרומית לשיווק בעמ,,,יח`,165,גרם,false,1,17.90,10.85,true,1,
7290005426971,false,סנובון לאסלה כחול תפוח סנו (55x3 גרם),החברה הדרומית לשיווק בעמ,,,יח`,165,גרם,false,1,17.90,10.85,true,1,
7290005427107,false,מגבת הפלא סנו סושי (6),החברה הדרומית לשיווק בעמ,,,יח`,570,גרם,false,1,12.90,2.26,true,1,
7290005429279,false,סנו מקסימה 6 קג`,החברה הדרומית לשיווק בעמ,,,יח`,6,"ק""ג",false,1,49.90,8.32,true,1,
7290005430602,false,סנו אוקסיג`ן מרסס מסיר כתמים,החברה הדרומית לשיווק בעמ,,,יח`,750,"מ""ל",false,1,18.90,2.52,true,1,
7290005431883,false,מלבי חלבי 165  גר`עדן קינוחים,תנובה - חלב,,,יח`,165,"מ""ל",false,1,6.90,4.18,false,1,
7290005431913,false,עוגת גבינה פרורים 92  גר`עדן קינוחים,תנובה - חלב,,,יח`,92,גרם,false,1,6.90,7.50,false,1,
7290005431920,false,עוגת גבינה פרורים לייט 78  גר`עדן קינוחי,תנובה - חלב,,,יח`,1,,false,1,6.90,6.90,false,1,
7290005500558,false,ג`ל לשיער 1  קג`שקוף פנינה רוזנבלום,פנינה רוזנבלום בעמ,,,יח`,1,"ק""ג",false,1,17.90,17.90,false,1,
7290005559907,false,פיצה משפחתית גבינה מעדנות (500 גרם),תנובה קפואים,,,יח`,500,גרם,false,1,23.90,4.78,false,1,
7290005559914,false,פיצה משפחתית זיתים מעדנות (550 גרם),תנובה קפואים,,,יח`,550,גרם,false,1,25.90,4.71,false,1,
7290005559990,false,בצק פילאס תורכי מעדנות (600 גרם),תנובה קפואים,,,יח`,600,גרם,false,1,22.90,3.82,true,1,
7290005576072,false,מנגולד עלי סלק גלאט,רביבים עלי דשא בעמ,,,יח`,1,,false,1,7.90,7.90,false,1,
7290005591761,false,דבש לחיץ 400  גר`יד מרדכי,שטראוס גרופ בעמ,,,יח`,400,גרם,false,1,20.90,5.23,false,1,
7290005610509,false,צנונית ארוזה,תוצרת הנגב אגודה שיתופית חקלאי,,,יח`,1,,false,1,6.90,6.90,true,1,
7290005678073,false,פלפל צ`ילי,לכיש מושב עובדים להתישבות*30 י,,,יח`,1,,false,1,4.90,4.90,false,1,
7290005838002,false,דניאלה מעדן בטעם וניל שטראוס (88 גרם),שטראוס גרופ בעמ/מצונן,,,יח`,150,"מ""ל",false,1,4,2.67,false,1,
7290005838613,false,קרם גבינה 3% בטעם וניל סקי (125 גרם),שטראוס גרופ בעמ/מצונן,,,יח`,125,גרם,false,1,3.70,2.96,true,1,
7290005839078,false,יוגורט ביו 3% דנונה (150x8 גרם),שטראוס גרופ בעמ/מצונן,,,יח`,1.20,1 ליטר,false,1,16.80,14,false,1,
7290005839108,false,סימפוניה 200 גר +5%זיתים,שטראוס גרופ בעמ/מצונן,,,יח`,200,גרם,false,1,11.40,5.70,false,1,
7290005839313,false,מילקי טופ מגולגלת,שטראוס גרופ בעמ/מצונן,,,יח`,130,"מ""ל",false,1,4.90,3.77,false,1,
7290005896453,false,מכבי חוזר 7.9 500 מל בקבוק,טמפו משקאות בעמ,,,יח`,500,"מ""ל",false,1,7.90,1.34,false,1,
7290006241153,false,אגוזי פקאן סיניים קליית גת (150 גרם),ליימן שליסל בעמ,,,יח`,150,גרם,false,1,17.50,11.67,false,1,
7290006251107,false,תה צ`אי מסאלה ויסוצקי) (25,תה ויסוצקי (ישראל) בעמ,,,יח`,50,גרם,false,1,17.50,35,false,1,
7290006251343,false,תה פסיפלורה מנגו ויסוצקי הגן הקסום) (25,תה ויסוצקי (ישראל) בעמ,,,יח`,62.50,גרם,false,1,17.50,28,true,1,
7290006251374,false,תה ירוק לימונית וג`ינג`ר ויסוצקי (25),תה ויסוצקי (ישראל) בעמ,,,יח`,25,גרם,false,1,24.90,99.60,true,1,
7290006256089,false,גאטו נגרו קברנה סוביניון 750 מל,היכל היין שקד גולן בעמ,,,יח`,750,"מ""ל",false,1,39.90,5.28,true,1,
7290006271174,false,מעדנות-ג חנון בצק,תנובה קפואים,,,יח`,700,גרם,false,1,18.90,2.70,true,1,
7290006271181,false,ג`חנון אפוי מעדנות (5 יח` - 750 גרם),תנובה קפואים,,,יח`,750,גרם,false,1,24.90,3.32,true,1,
7290006272072,false,מעדנות חטיפי פיצה 650 גר`,תנובה קפואים,,,יח`,650,גרם,false,1,33.90,5.22,true,1,
7290006342072,false,גרעין לבן 200  גר`ששון הקולה,דין שיווק וקליה 2021 בעמ,,,יח`,200,גרם,false,1,9.90,4.95,false,1,
7290006342447,false,גרעין אבטיח 200 גרם ששון הקולה,דין שיווק וקליה 2021 בעמ,,,יח`,200,גרם,false,1,12.90,6.45,false,1,
7290006364142,false,סודה רביעיה,החברה המרכזית להפצת משקאות בעמ,,,יח`,6,1 ליטר,false,1,12.90,2.15,false,1,
7290006374738,false,קונפיטורת תות יד מרדכי 340 גר`,שטראוס גרופ בעמ,,,יח`,340,גרם,false,1,11.90,3.50,false,1,
7290006511157,false,פטריות שמפניון שלמות וילי פוד (400 גרם),ג.וילי-פוד אינטרנשיונל בעמ,,,יח`,400,גרם,false,1,7.90,1.98,false,1,
7290006511751,false,שלישית פטריות חתוכות,ג.וילי-פוד אינטרנשיונל בעמ,,,יח`,870,גרם,false,1,11.90,1.37,false,1,
7290006546371,false,במיה 600  גר`פרי גליל,ויטה -פרי גליל (החדשה) בעמ,,,יח`,600,גרם,false,1,9.90,1.65,false,1,
7290006546388,false,תחתיות ארטישוק 400 גרם פרי גליל,ויטה -פרי גליל (החדשה) בעמ,,,יח`,400,גרם,false,1,9.90,2.48,false,1,
7290006550972,false,בשר בקר קפוא טחון מהדרין עטרה (1 קג),נטו מלינדה סחר - עטרה,,,יח`,1,"ק""ג",false,1,42.90,42.90,false,1,
7290006582355,false,סילאן שקדיה (900 גרם),דין שיווק וקליה 2021 בעמ,,,יח`,900,גרם,false,1,14.90,1.66,true,1,
7290006618078,false,אסטוניש מרסס צהוב למטבח,יעקב יעקבי ובניו בעמ,,,יח`,750,"מ""ל",false,1,11.90,1.59,false,1,
7290006618085,false,אסטוניש מרסס+אקונומיקה,יעקב יעקבי ובניו בעמ,,,יח`,750,"מ""ל",false,1,11.90,1.59,false,1,
7290006652027,false,במבה אסם (15x20 גרם),קבוצת אסם סחר שות. מוגבלת,,,יח`,300,גרם,false,1,23.90,7.97,false,1,
7290006653819,false,קוסקוס דק אסם (350 גרם),קבוצת אסם סחר שות. מוגבלת,,,יח`,350,גרם,false,1,8.90,2.54,false,1,
7290006664037,false,גמדים רביעייה דגנים,שטראוס גרופ בעמ/מצונן,,,יח`,400,"מ""ל",false,1,11.40,2.85,true,1,
7290006664051,false,אקטימל 1.8% דנונה (100x14 מל),שטראוס גרופ בעמ/מצונן,,,יח`,1.40,1 ליטר,false,1,29.90,21.36,false,1,
7290006664402,false,קרם גבינה 5% סקי (750 גרם),שטראוס גרופ בעמ/מצונן,,,יח`,750,גרם,false,1,14.25,1.90,false,1,
7290006664532,false,יוגורט ביו 3% תות דנונה (150 גרם),שטראוס גרופ בעמ/מצונן,,,יח`,150,"מ""ל",false,1,3.90,2.60,false,1,
7290006664655,false,אקטימל דנונה (100x8 מל),שטראוס גרופ בעמ/מצונן,,,יח`,800,"מ""ל",false,1,19.90,2.49,false,1,
7290006664693,false,יוגורט ביו 3% אפרסק דנונה (150 גרם),שטראוס גרופ בעמ/מצונן,,,יח`,150,"מ""ל",false,1,3.90,2.60,false,1,
7290006664990,false,יוגורט ביו 1.7% דנונה (150x8 גרם),שטראוס גרופ בעמ/מצונן,,,יח`,1.20,1 ליטר,false,1,16.80,14,false,1,
7290006681553,false,קרמבו שמינייה וניל,גלידות שטראוס בעמ,,,יח`,200,גרם,false,1,15.90,7.95,false,1,
7290006696717,false,תירוש ענבים טבעי מוסקט אפרת (1 ליטר),יקב טפרברג 1870 בעמ (יינות ומש,,,יח`,1000,"מ""ל",false,1,16.90,1.66,true,1,
7290006712981,false,משחת שיניים לילדים קולגייט (50 מל),ש.שסטוביץ בעמ,,,יח`,66,גרם,false,1,11.90,18.03,false,1,
7290006739131,false,זוגלובק בצק פילו,זוגלובק שיווק בעמ,,,יח`,500,גרם,false,1,18.90,3.78,false,1,
7290006739407,false,שניצל תירס לייט זוגלובק (630 גרם),זוגלובק שיווק בעמ,,,יח`,600,גרם,false,1,35.90,5.98,true,1,
7290006739445,false,שניצל תירס זוגלובק (750 גרם),זוגלובק שיווק בעמ,,,יח`,750,גרם,false,1,26.90,3.59,true,1,
7290006741363,false,בורקס תפוא 800 בדצ,זוגלובק שיווק בעמ,,,יח`,800,גרם,false,1,19.90,2.49,false,1,
7290006741387,false,מלוואח 700  גר`בדצ,זוגלובק שיווק בעמ,,,יח`,700,גרם,false,1,16.90,2.41,false,1,
7290006764065,false,בירה שחורה נשר מאלט חוזר (500 מל),טמפו משקאות בעמ,,,יח`,500,"מ""ל",false,1,4.90,0.74,true,1,
7290006764072,false,בירה גולדסטאר (500 מל),טמפו משקאות בעמ,,,יח`,500,"מ""ל",false,1,6.90,1.14,false,1,
7290006764478,false,בירה נשר מאלט 330,החברה המרכזית להפצת משקאות בעמ,,,יח`,330,"מ""ל",false,1,5.50,1.58,false,1,
7290006764485,false,בירה שחורה בבקבוק נשר מאלט (330x6 מל),טמפו משקאות בעמ,,,יח`,1.98,1 ליטר,false,1,27.90,13.18,false,1,
7290006775016,false,עוגת תפוז אחוה (450  גרם)אחוה,אחדות בעמ,,,יח`,450,גרם,false,1,10.90,2.42,true,1,
7290006775023,false,עוגה אנגלית אחוה (450  גרם)אחוה,אחדות בעמ,,,יח`,450,גרם,false,1,10.90,2.42,true,1,
7290006775030,false,עוגת שוקו צ`יפס אחוה (450  גרם)אחוה,אחדות בעמ,,,יח`,450,גרם,false,1,10.90,2.42,true,1,
7290006775047,false,עוגת שוקולד אחוה (450  גרם)אחוה,אחדות בעמ,,,יח`,450,גרם,false,1,10.90,2.42,true,1,
7290006775085,false,עוגת שמרים שוקולד אחוה (400 גרם),אחדות בעמ,,,יח`,400,גרם,false,1,10.90,2.73,false,1,
7290006775191,false,מאפינס שוקולד 50  גר`אחוה,אחדות בעמ,,,יח`,50,גרם,false,1,1.90,3.80,true,1,
7290006775306,false,מאפינס תות 50  גר`אחוה,אחדות בעמ,,,יח`,50,גרם,false,1,1.90,3.80,true,1,
7290006775344,false,עוגת שמרים קינמון/אגוזים 400  גר`אחוה,אחדות בעמ,,,יח`,400,גרם,false,1,10.90,2.73,false,1,
7290006775405,false,מאפינס שוקוצ`יפס 45  גר`אחוה,אחדות בעמ,,,יח`,45,גרם,false,1,1.90,4.22,true,1,
7290006775795,false,עוגת תפוח עץ אחוה (450 גרם),אחדות בעמ,,,יח`,450,גרם,false,1,11.90,2.64,false,1,
7290006775801,false,רוגעלך אחוה (400 גרם),אחדות בעמ,,,יח`,400,גרם,false,1,9.90,2.48,false,1,
7290006775900,false,עוגיות מיני מרוקאיות אחוה (500 גרם),אחדות בעמ,,,יח`,500,גרם,false,1,8.90,1.78,false,1,
7290006784360,false,חלונית 1 ליטר,קומפלקס כימיקלים בעמ,,,יח`,1,1 ליטר,false,1,6.90,6.90,true,1,
7290006788405,false,דאו נושם רול און קרליין,החברה הדרומית לשיווק בעמ,,,יח`,75,גרם,false,1,12.90,17.20,true,1,
7290006788429,false,דאו נושם רול און קרליין כתום,החברה הדרומית לשיווק בעמ,,,יח`,75,גרם,false,1,12.90,17.20,true,1,
7290006788443,false,דאו נושם רול און קרליין סגול בהיר,החברה הדרומית לשיווק בעמ,,,יח`,75,גרם,false,1,12.90,17.20,true,1,
7290006788481,false,דאו נושם ספריי קרליין,החברה הדרומית לשיווק בעמ,,,יח`,200,"מ""ל",false,1,12.90,6.45,true,1,
7290006789655,false,קרליין-קרם לחות 10,החברה הדרומית לשיווק בעמ,,,יח`,400,"מ""ל",false,1,17.90,4.48,true,1,
7290006805355,false,פילסברי תערובת כדורי שוקולד,ליימן שליסל בעמ,,,יח`,500,גרם,false,1,18.90,3.78,true,1,
7290006805850,false,תערובת להכנת פנקייקס פילסברי (500 גרם),ליימן שליסל בעמ,,,יח`,500,גרם,false,1,18.90,3.78,true,1,
7290006983152,false,קרוטונים מתובלים למרק אסם (400 גרם),קבוצת אסם סחר שות. מוגבלת,,,יח`,400,גרם,false,1,19.90,4.98,false,1,
7290006983176,false,קרקר לחמית שיפון אסם (230 גרם),קבוצת אסם סחר שות. מוגבלת,,,יח`,230,גרם,false,1,8.90,3.87,true,1,
7290006983206,false,פלאפל בקלי קלות 90 גר`,קבוצת אסם סחר שות. מוגבלת,,,יח`,90,גרם,false,1,10.90,12.11,false,1,
7290006983763,false,עוגת הבית בטעם שוקולד אסם (400 גרם),קבוצת אסם סחר שות. מוגבלת,,,יח`,400,גרם,false,1,11.90,2.98,false,1,
7290006983787,false,עוגת הבית שוקוצ`יפס אסם (400 גרם),קבוצת אסם סחר שות. מוגבלת,,,יח`,400,גרם,false,1,11.90,2.98,false,1,
7290006983794,false,עוגת הבית תפוז אסם (400 גרם),קבוצת אסם סחר שות. מוגבלת,,,יח`,400,גרם,false,1,11.90,2.98,false,1,
7290006992161,false,דייסת קורנפלור מטרנה (200 גרם),קבוצת אסם סחר שות. מוגבלת,,,יח`,200,גרם,false,1,12.90,6.45,false,1,
7290006992185,false,דייסת אורז מטרנה (200 גרם),קבוצת אסם סחר שות. מוגבלת,,,יח`,200,גרם,false,1,12.90,6.45,false,1,
7290006992192,false,דייסת סולת מטרנה (200 גרם),קבוצת אסם סחר שות. מוגבלת,,,יח`,200,גרם,false,1,12.90,6.45,false,1,
7290006992208,false,דייסת דגנים מעורבים מטרנה (200 גרם),קבוצת אסם סחר שות. מוגבלת,,,יח`,200,גרם,false,1,12.90,6.45,false,1,
7290006992390,false,דייסת וניל מטרנה (200 גרם),קבוצת אסם סחר שות. מוגבלת,,,יח`,200,גרם,false,1,12.90,6.45,false,1,
7290008000826,false,ברבי משחת שיניים לילדים,גורי ע.ע.ע בעמ,,,יח`,50,גרם,false,1,10.90,21.80,false,1,
7290008101264,false,זרעי צ`יה 150  גר`תבליני מימון,א.ל.ייצור ושיווק תבלינים בעמ,,,יח`,150,גרם,false,1,14.90,9.93,false,1,
7290008102469,false,קריספ פירורי לחם זהוב 800 גר`,א.ל.ייצור ושיווק תבלינים בעמ,,,יח`,800,גרם,false,1,12.90,1.61,true,1,
7290008154222,false,שניצלונים 700  גר`עוף טוב,קבוצת אסם סחר שות. מוגבלת,,,יח`,700,גרם,false,1,13.90,1.99,false,1,
7290008175814,false,פטריות חתוך 400 גר`,ג.וילי-פוד אינטרנשיונל בעמ,,,יח`,400,גרם,false,1,4.90,1.23,false,1,
7290008268011,false,אוכמניות טרי ארוז 250 גר,בראשית - אגודה שיתופית*שיק 45,,,יח`,250,גרם,false,1,10,4,false,1,
7290008330107,false,מרכך כביסה סגול בדין (4 ליטר),יוניליוור ישראל שיווק בעמ,,,יח`,4,1 ליטר,false,1,19.90,4.98,false,1,
7290008343466,false,בצק פילו שלושת האופים (500 גרם),נטו מלינדה סחר בעמ,,,יח`,500,גרם,false,1,19.90,3.98,true,1,
7290008343503,false,ג`חנון אפוי 650 גר` שלושת האופים,נטו מלינדה סחר בעמ,,,יח`,650,גרם,false,1,20.90,3.22,true,1,
7290008343619,false,פסטלים תפוא 1 קג שלושת האופים,נטו מלינדה סחר בעמ,,,יח`,1,"ק""ג",false,1,19.90,19.90,false,1,
7290008343626,false,כדורי פלאפל 1 קג -שלושת האופים,נטו מלינדה סחר בעמ,,,יח`,1,"ק""ג",false,1,19.90,19.90,true,1,
7290008344258,false,המבורגר מיזרחי 400 גר` טיבונוויל,נטו מלינדה סחר בעמ,,,יח`,400,גרם,false,1,20.90,5.23,true,1,
7290008344272,false,המבורגר 100% 400 גר` טיבונוויל,נטו מלינדה סחר בעמ,,,יח`,400,גרם,false,1,20.90,5.23,true,1,
7290008345583,false,סלט איקרה ביתית ורודה דלידג (300 גרם),נטו מלינדה סחר בעמ,,,יח`,300,גרם,false,1,19.90,6.63,false,1,
7290008409216,false,שניצל דק דק פריך מאמא עוף (700 גרם),תנובה קפואים,,,יח`,700,גרם,false,1,42.90,6.13,false,1,
7290008409223,false,שניצל דק דק מתובל מאמא עוף (700 גרם),תנובה קפואים,,,יח`,700,גרם,false,1,42.90,6.13,false,1,
7290008409407,false,שניצל דק דק צ`יפס מאמא עוף (700 גרם),תנובה קפואים,,,יח`,0,גרם,false,1,42.90,42.90,false,1,
7290008415071,false,חומוס עם טחינה צבר (150 גרם),קבוצת אסם סחר שות. מוגבלת,,,יח`,150,גרם,false,1,4.90,3.27,false,1,
7290008415514,false,צבר חומוס+חריף 150,קבוצת אסם סחר שות. מוגבלת,,,יח`,150,גרם,false,1,4.90,3.27,false,1,
7290008443616,false,נקה 7 מרכך 750 מל ורוד,החברה הדרומית לשיווק בעמ,,,יח`,750,"מ""ל",false,1,10.90,1.45,true,1,
7290008453868,false,מארזפרנה,מגוון שיווק והפצת מאפים בעמ,,,יח`,1,,false,1,12,12,false,1,
7290008464130,false,בירה לא מסוננת גולדסטאר (330x6 מל),טמפו משקאות בעמ,,,יח`,1.98,1 ליטר,false,1,40.90,19.75,true,1,
7290008464345,false,בקבוק גולדסטאר 330 מל,טמפו משקאות בעמ,,,יח`,330,"מ""ל",false,1,6.60,1.91,false,1,
7290008464468,false,בירה בפחית גולדסטאר (500 מל),טמפו משקאות בעמ,,,יח`,500,"מ""ל",false,1,7.90,1.52,false,1,
7290008464741,false,בירה גולדסטאר 330 מל בקבוק שישייה,טמפו משקאות בעמ,,,יח`,1.98,1 ליטר,false,1,37.90,18.23,true,1,
7290008464796,false,בירה הייניקן 330 מל בקבוק שישייה,טמפו משקאות בעמ,,,יח`,1.98,1 ליטר,false,1,34.90,16.72,true,1,
7290008464987,false,מי סודה טמפו (1.5x6 ליטר),טמפו משקאות בעמ,,,יח`,9,1 ליטר,false,1,15.90,1.77,false,1,
7290008493710,false,מאיר בייגל פרורי גרסיני זהב 200גר,דנשר (1963) בעמ,,,יח`,200,גרם,false,1,5.90,2.95,false,1,
7290008500005,false,פילסברי תערובת להכנת בראוניז ללא גלוטן,ליימן שליסל בעמ,,,יח`,415,גרם,false,1,19.90,4.80,false,1,
7290008609531,false,נייר אפייה 50 יח` פאלאס,פאלאס תעשיות נטו (2014) בעמ,,,יח`,1,,false,1,9.90,9.90,true,1,
7290008636650,false,קמח מצה 500 גר`,מיה תעשיות מזון מ.ת.מ. בעמ,,,יח`,500,גרם,false,1,8.90,1.78,false,1,
7290008636919,false,אבקת קקאו מיה (200 גרם),מיה תעשיות מזון מ.ת.מ. בעמ,,,יח`,200,גרם,false,1,13.90,6.95,false,1,
7290008644112,false,מטבוחה 125אחלה יום יום,שטראוס גרופ בעמ/מצונן,,,יח`,125,גרם,false,1,4.90,3.92,false,1,
7290008645935,false,חומוס אחלה (750 גרם),שטראוס גרופ בעמ/מצונן,,,יח`,750,גרם,false,1,9.90,1.32,false,1,
7290008693134,false,דניאלה מעדן בטעם תות שטראוס (88 גרם),שטראוס גרופ בעמ/מצונן,,,יח`,150,"מ""ל",false,1,4,2.67,false,1,
7290008745239,false,תפוצ`יפס 50 גר קראנץ`,שטראוס פריטו ליי בעמ,,,יח`,55,גרם,false,1,3.90,7.09,false,1,
7290008747547,false,תפוצ`יפס 200 גר` קראנץ`,שטראוס פריטו ליי בעמ,,,יח`,200,גרם,false,1,10.90,5.45,true,1,
7290008750264,false,מאסט ללס בטעם דובדבן (28 גרם),שטראוס גרופ בעמ,,,יח`,28,גרם,false,1,4.90,17.50,false,1,
7290008752244,false,תפוצ`יפס 50 גר  קראנץ`גריל,שטראוס פריטו ליי בעמ,,,יח`,50,גרם,false,1,3.90,7.80,false,1,
7290008753111,false,תפוצ`יפס 50 גר  קראנץ`מקסיקני,שטראוס פריטו ליי בעמ,,,יח`,50,גרם,false,1,3.90,7.80,false,1,
7290008754415,false,מאסט מנטה עדין ללס 28 גרם,שטראוס גרופ בעמ,,,יח`,28,גרם,false,1,4.90,17.50,false,1,
7290008757072,false,משקה מוגז בטעם תות שוופס (330 מל),יפאורה,,,יח`,330,"מ""ל",false,1,3.50,0.97,true,1,
7290008775816,false,ערגליות שוקו אסם (300 גרם),קבוצת אסם סחר שות. מוגבלת,,,יח`,300,גרם,false,1,10.90,3.63,true,1,
7290008775823,false,ערגליות תות אסם (300 גרם),קבוצת אסם סחר שות. מוגבלת,,,יח`,300,גרם,false,1,10.90,3.63,true,1,
7290008792226,false,נייר טואלט  טאצ`32 גלילים,שניב תעשיות נייר בעמ,,,יח`,1,,false,1,24.90,24.90,false,1,
7290008792264,false,מפיות  טאצ`100 יח,שניב תעשיות נייר בעמ,,,יח`,1,,false,1,4.90,4.90,false,1,
7290008801522,false,קונקורד אדום מתוק 750 מל קינג דיוויד,אגודת הכורמים,,,יח`,750,"מ""ל",false,1,21.90,2.88,true,1,
7290008801546,false,מוסקט מתוק 750 מל קינג דיוויד,אגודת הכורמים,,,יח`,750,"מ""ל",false,1,21.90,2.88,true,1,
7290008801843,false,סלקטד קברנה סובניון יקבי כרמל (750 מל),אגודת הכורמים,,,יח`,750,"מ""ל",false,1,29.90,3.95,true,1,
7290008801850,false,סלקטד אמרלד ריזלינג יקבי כרמל (750 מל),אגודת הכורמים,,,יח`,750,"מ""ל",false,1,29.90,3.95,true,1,
7290008802291,false,מרלו פי.סי אדום יבש 750 מל,אגודת הכורמים,,,יח`,750,"מ""ל",false,1,39.90,5.28,true,1,
7290008802529,false,וינו לבן 750 מל,אגודת הכורמים,,,יח`,750,"מ""ל",false,1,19.90,2.61,true,1,
7290008802895,false,קברנה סוביניון פי.סי אדום יבש 750 מל,אגודת הכורמים,,,יח`,750,"מ""ל",false,1,39.90,5.28,true,1,
7290008804189,false,קברנה סוביניון אזורית אדום יבש 750 מל,אגודת הכורמים,,,יח`,750,"מ""ל",false,1,54.90,7.28,true,1,
7290008805384,false,סלקטד מוסקטו לבן יקבי כרמל (750 מל),אגודת הכורמים,,,יח`,750,"מ""ל",false,1,29.90,3.95,true,1,
7290008806961,false,שטראוס קרמיסימו שוקולד ציפ,גלידות שטראוס בעמ,,,יח`,1.33,1 ליטר,false,1,18.90,14.21,false,1,
7290008836401,false,יין ישן נושן אפרת (1 ליטר),יקב טפרברג 1870 בעמ (יינות ומש,,,יח`,1,1 ליטר,false,1,21.90,21.90,true,1,
7290008836494,false,תירוש ענבים אפרת (1 ליטר),יקב טפרברג 1870 בעמ (יינות ומש,,,יח`,1000,"מ""ל",false,1,16.90,1.66,true,1,
7290008975551,false,תחליף חלב שלב 3 מהדרין מטרנה (700 גרם),קבוצת אסם סחר שות. מוגבלת,,,יח`,700,גרם,false,1,49.90,7.13,true,1,
7290008989091,false,פריכיות אורז שלישיה,בטר אנד דיפרנט בעמ,,,יח`,300,גרם,false,1,12.90,4.30,false,1,
7290008989473,false,ממרח חרובים 350 גר`,בטר אנד דיפרנט בעמ,,,יח`,350,גרם,false,1,12.90,3.69,false,1,
7290010002023,false,כורכום תבליני מימון (100 גרם),א.ל.ייצור ושיווק תבלינים בעמ,,,יח`,100,גרם,false,1,11.90,11.90,false,1,
7290010002061,false,פלפל לבן טחון תבליני מימון (100 גרם),א.ל.ייצור ושיווק תבלינים בעמ,,,יח`,100,גרם,false,1,19.90,19.90,false,1,
7290010002078,false,פלפל שחור טחון תבליני מימון (100 גרם),א.ל.ייצור ושיווק תבלינים בעמ,,,יח`,100,גרם,false,1,15.90,15.90,false,1,
7290010002122,false,פפריקה הונגרית מתוקה 100 גר`,א.ל.ייצור ושיווק תבלינים בעמ,,,יח`,100,גרם,false,1,11.90,11.90,false,1,
7290010002146,false,פפריקה מרוקאית מתוקה 100 גר`,א.ל.ייצור ושיווק תבלינים בעמ,,,יח`,100,גרם,false,1,11.90,11.90,false,1,
7290010002214,false,צ`ילי גרוס תבליני מימון (70 גרם),א.ל.ייצור ושיווק תבלינים בעמ,,,יח`,70,גרם,false,1,11.90,17,false,1,
7290010002290,false,תיבול לשווארמה 100 גר`,א.ל.ייצור ושיווק תבלינים בעמ,,,יח`,100,גרם,false,1,11.90,11.90,false,1,
7290010002313,false,ראס אל חנות 100 גר`,א.ל.ייצור ושיווק תבלינים בעמ,,,יח`,100,גרם,false,1,11.90,11.90,false,1,
7290010002320,false,תבלין לגריל עוף תבליני מימון (100 גרם),א.ל.ייצור ושיווק תבלינים בעמ,,,יח`,100,גרם,false,1,11.90,11.90,false,1,
7290010002351,false,זעתר ושומשום בלדי תבליני מימון (100 גרם),א.ל.ייצור ושיווק תבלינים בעמ,,,יח`,100,גרם,false,1,11.90,11.90,false,1,
7290010002696,false,צ`יפס אורז חום מלא שמנת בצל 60 גר` אקסטר,א.ל.ייצור ושיווק תבלינים בעמ,,,יח`,60,גרם,false,1,6.90,11.50,true,1,
7290010003440,false,שבבי בצל מטוגן 200 גר`,א.ל.ייצור ושיווק תבלינים בעמ,,,יח`,200,גרם,false,1,9.90,4.95,false,1,
7290010003686,false,עלי דפנה שקית תבליני מימון (20 גרם),א.ל.ייצור ושיווק תבלינים בעמ,,,יח`,20,גרם,false,1,5.90,29.50,false,1,
7290010003693,false,פפריקה מתוקה תבליני מימון (80 גרם),א.ל.ייצור ושיווק תבלינים בעמ,,,יח`,80,גרם,false,1,5.90,7.38,false,1,
7290010003709,false,פלפל שחור טחון תבליני מימון (50 גרם),א.ל.ייצור ושיווק תבלינים בעמ,,,יח`,50,גרם,false,1,7.90,15.80,false,1,
7290010003754,false,כמון טחון תבליני מימון (50 גרם),א.ל.ייצור ושיווק תבלינים בעמ,,,יח`,50,גרם,false,1,5.90,11.80,false,1,
7290010003761,false,כורכום טחון תבליני מימון (80 גרם),א.ל.ייצור ושיווק תבלינים בעמ,,,יח`,80,גרם,false,1,5.90,7.38,false,1,
7290010003778,false,תבלין לגריל עוף תבליני מימון (80 גרם),א.ל.ייצור ושיווק תבלינים בעמ,,,יח`,80,גרם,false,1,5.90,7.38,false,1,
7290010003808,false,זעתר ושומשום בשקית תבליני מימון (80 גרם),א.ל.ייצור ושיווק תבלינים בעמ,,,יח`,80,גרם,false,1,5.90,7.38,false,1,
7290010003822,false,פפריקה חריפה בשקית תבליני מימון (80 גרם),א.ל.ייצור ושיווק תבלינים בעמ,,,יח`,80,גרם,false,1,5.90,7.38,false,1,
7290010003846,false,אורגנו תבליני מימון (20 גרם),א.ל.ייצור ושיווק תבלינים בעמ,,,יח`,20,גרם,false,1,5.90,29.50,false,1,
7290010023141,false,תה לימונענע ויסוצקי הגן הקסום) (25,תה ויסוצקי (ישראל) בעמ,,,יח`,50,גרם,false,1,17.50,35,true,1,
7290010023622,false,תה מעודן עם נגיעות נענע ויסוצקי) (100,תה ויסוצקי (ישראל) בעמ,,,יח`,100,גרם,false,1,17.70,17.70,false,1,
7290010045006,false,עוגיות חמאה פריכות לחמי (200 גרם),אבאל יזמות בעמ,,,יח`,200,גרם,false,1,18.90,9.45,false,1,
7290010045068,false,עוגיות נסיכה לחמי (250 גרם),אבאל יזמות בעמ,,,יח`,250,גרם,false,1,18.90,7.56,false,1,
7290010051021,false,בזיליקום א.אדמה,א.אדמה (2007) בעמ,,,יח`,1,,false,1,5.90,5.90,false,1,
7290010051045,false,סלט ביבי מיקס בנספק,א.אדמה (2007) בעמ,,,יח`,1,,false,1,9.90,9.90,false,1,
7290010051052,false,פטרוזליה א. אדמה,א.אדמה (2007) בעמ,,,יח`,120,גרם,false,1,3.90,3.25,false,1,
7290010051076,false,לבבות חסה קיסר,א.אדמה (2007) בעמ,,,יח`,1,,false,1,11.90,11.90,false,1,
7290010051144,false,תרד עלים א.אדמה,א.אדמה (2007) בעמ,,,יח`,180,גרם,false,1,9.90,5.50,false,1,
7290010051168,false,כוסברה א. אדמה,א.אדמה (2007) בעמ,,,יח`,1,,false,1,3.90,3.90,false,1,
7290010051175,false,שמיר א. אדמה,א.אדמה (2007) בעמ,,,יח`,1,,false,1,3.90,3.90,false,1,
7290010051182,false,עלי נענע א. אדמה,א.אדמה (2007) בעמ,,,יח`,1,,false,1,3.90,3.90,false,1,
7290010051205,false,עלי סלרי א. אדמה,א.אדמה (2007) בעמ,,,יח`,1,,false,1,5.90,5.90,false,1,
7290010051212,false,סלרי ראש.,א.אדמה (2007) בעמ,,,יח`,300,גרם,false,1,5.90,1.97,false,1,
7290010051298,false,סלק עלים ארוז מנגולד א.אד,א.אדמה (2007) בעמ,,,יח`,1,,false,1,5.90,5.90,false,1,
7290010051335,false,בצל ירוק,א.אדמה (2007) בעמ,,,יח`,1,,false,1,5.90,5.90,false,1,
7290010051373,false,לבבות חסה בשקית,א.אדמה (2007) בעמ,,,יח`,1,,false,1,10.90,10.90,false,1,
7290010051403,false,שיבה,א.אדמה (2007) בעמ,,,יח`,1,,false,1,5.90,5.90,false,1,
7290010051687,false,רוזמרין ארוז,א.אדמה (2007) בעמ,,,יח`,300,גרם,false,1,5.90,1.97,false,1,
7290010051724,false,מלפפון בייבי,א.אדמה (2007) בעמ,,,יח`,1,,false,1,9.90,9.90,false,1,
7290010065332,false,מחית פרינוק 190 גר`,גורי מוצרי צריכה (1991) בעמ,,,יח`,190,גרם,false,1,6.60,3.47,true,1,
7290010065349,false,מחית סלט פירות שלב 3 פרינוק (190 גרם),גורי מוצרי צריכה (1991) בעמ,,,יח`,190,גרם,false,1,6.60,3.47,true,1,
7290010065745,false,מחית לפתן פירות שלב 3 פרינוק (190 גרם),גורי מוצרי צריכה (1991) בעמ,,,יח`,190,גרם,false,1,6.60,3.47,true,1,
7290010066001,false,פילטונה טונה בשמן צמחי 960 גרם,פילטונה תעשיות בעמ,,,יח`,960,גרם,false,1,34.90,3.64,false,1,
7290010066025,false,טונה בשמן פילטונה 160 גרם,פילטונה תעשיות בעמ,,,יח`,160,גרם,false,1,5.90,3.69,false,1,
7290010066513,false,טונה בשמן צמחי 158  גר`רביעייה פילטונה,פילטונה תעשיות בעמ,,,יח`,632,גרם,false,1,22.90,3.62,false,1,
7290010118328,false,חטיף צ`יפס בטעם טבעי תפוצ`יפס (40x6 גרם),שטראוס פריטו ליי בעמ,,,יח`,240,גרם,false,1,12.90,5.38,false,1,
7290010129003,false,עוגיות אוזניים דולצ`ה ויטה 600 גר,שיבולים יצור ושיווק מוצרי מאפה,,,יח`,600,גרם,false,1,19.90,3.32,false,1,
7290010129010,false,עוגיות כתר ריבה דולצ`ה ויטה (600 גרם),שיבולים יצור ושיווק מוצרי מאפה,,,יח`,600,גרם,false,1,19.90,3.32,false,1,
7290010129027,false,עוגיות מרוקאיות דולצ`ה ויטה (600 גרם),שיבולים יצור ושיווק מוצרי מאפה,,,יח`,600,גרם,false,1,19.90,3.32,false,1,
7290010129324,false,עוגיות מעמול דולצה ויטה 600 גר,שיבולים יצור ושיווק מוצרי מאפה,,,יח`,600,גרם,false,1,19.90,3.32,false,1,
7290010129553,false,עוגיות רולדה תמרים דולצ`ה ויטה (600 גרם),שיבולים יצור ושיווק מוצרי מאפה,,,יח`,600,גרם,false,1,19.90,3.32,false,1,
7290010129652,false,עוגיות לקפה 350  גר`אנג`ל,שיבולים יצור ושיווק מוצרי מאפה,,,יח`,350,גרם,false,1,15.90,4.54,false,1,
7290010129676,false,עוגיות מרוקאיות 350  גר`אנגל,שיבולים יצור ושיווק מוצרי מאפה,,,יח`,350,גרם,false,1,15.90,4.54,false,1,
7290010129942,false,עוגת קרנץ טעם שוקולד 500 גר`,שיבולים יצור ושיווק מוצרי מאפה,,,יח`,500,גרם,false,1,12.90,2.58,false,1,
7290010129959,false,עוגיות רוגלך טעם שוקולד 400 גר`,שיבולים יצור ושיווק מוצרי מאפה,,,יח`,400,גרם,false,1,11.90,2.98,false,1,
7290010153503,false,שעועית ענק מיה (400 גרם),מיה תעשיות מזון מ.ת.מ. בעמ,,,יח`,400,גרם,false,1,11.90,2.98,false,1,
7290010153510,false,בורגול מיה (500 גרם),מיה תעשיות מזון מ.ת.מ. בעמ,,,יח`,500,גרם,false,1,5.90,1.18,true,1,
7290010153534,false,קמח תירס 400 גר`,מיה תעשיות מזון מ.ת.מ. בעמ,,,יח`,400,גרם,false,1,6.90,1.73,false,1,
7290010153688,false,חומץ טבעי מיה (1 ליטר),מיה תעשיות מזון מ.ת.מ. בעמ,,,יח`,1,1 ליטר,false,1,7.90,7.90,false,1,
7290010153770,false,ציפוי לשניצל פיקנטי 500 גר` מיה,מיה תעשיות מזון מ.ת.מ. בעמ,,,יח`,500,גרם,false,1,11.90,2.38,true,1,
7290010153787,false,ציפוי לשניצל עם שומשום 500 גר` מיה,מיה תעשיות מזון מ.ת.מ. בעמ,,,יח`,500,גרם,false,1,11.90,2.38,true,1,
7290010153794,false,ציפוי לשניצל עם עשבי תיבול 500 גר` מיה,מיה תעשיות מזון מ.ת.מ. בעמ,,,יח`,500,גרם,false,1,11.90,2.38,true,1,
7290010153800,false,ציפוי לשניצל עם תיבול עדין מיה (500 גרם),מיה תעשיות מזון מ.ת.מ. בעמ,,,יח`,500,גרם,false,1,11.90,2.38,true,1,
7290010153817,false,ריבת חלב מיה (400 גרם),מיה תעשיות מזון מ.ת.מ. בעמ,,,יח`,400,גרם,false,1,13.90,3.48,false,1,
7290010153879,false,ריבת חלב בטעם שמנת 400 גר`,מיה תעשיות מזון מ.ת.מ. בעמ,,,יח`,400,גרם,false,1,13.90,3.48,false,1,
7290010154005,false,סחוג תימני תבליני ביטון יוחאי (250 גרם),נטו מלינדה סחר בעמ,,,יח`,250,גרם,false,1,13.90,5.56,true,1,
7290010154036,false,עמבה תבליני ביטון יוחאי (250 גרם),נטו מלינדה סחר בעמ,,,יח`,250,גרם,false,1,13.90,5.56,true,1,
7290010154050,false,ממרח שיפקה כבוש ביטון יוחאי (250 גרם),נטו מלינדה סחר בעמ,,,יח`,250,גרם,false,1,14.90,5.96,false,1,
7290010154265,false,פלפל צ`ומה תבליני ביטון יוחאי (250 גרם),נטו מלינדה סחר בעמ,,,יח`,250,גרם,false,1,14.90,5.96,true,1,
7290010237685,false,בירה הייניקן 330 בקבוק,טמפו משקאות בעמ,,,יח`,330,"מ""ל",false,1,10.10,2.97,false,1,
7290010237890,false,בירה היינקן (500 מל),טמפו משקאות בעמ,,,יח`,500,"מ""ל",false,1,8.50,1.46,false,1,
7290010259311,false,קרם קוקוס 400 גר`,ג.וילי-פוד אינטרנשיונל בעמ,,,יח`,400,גרם,false,1,6.90,1.73,false,1,
7290010259359,false,נודלס ביצים להקצפה וילי פוד (200 גרם),ג.וילי-פוד אינטרנשיונל בעמ,,,יח`,200,גרם,false,1,4.90,2.45,false,1,
7290010259366,false,נודלס מסולסלות וילי פוד (200 גרם),ג.וילי-פוד אינטרנשיונל בעמ,,,יח`,200,גרם,false,1,4.90,2.45,false,1,
7290010259823,false,מנת השף נודלס בטעם עוף וילי פוד (70 גרם),ג.וילי-פוד אינטרנשיונל בעמ,,,יח`,70,גרם,false,1,4.90,7,false,1,
7290010259830,false,מנת השף מרק+נודלס פיקנטי,ג.וילי-פוד אינטרנשיונל בעמ,,,יח`,70,גרם,false,1,4.90,7,false,1,
7290010259847,false,מנת השף מרק+נודלס תירס,ג.וילי-פוד אינטרנשיונל בעמ,,,יח`,70,גרם,false,1,4.90,7,false,1,
7290010259861,false,מנת השף מרק+נודלס ירקות,ג.וילי-פוד אינטרנשיונל בעמ,,,יח`,70,גרם,false,1,4.90,7,false,1,
7290010328093,false,ממרח חלבה אחוה (400 גרם),אחדות בעמ,,,יח`,400,גרם,false,1,9.90,2.48,false,1,
7290010328239,false,טחינה מתובלת משומשום טבעי אחוה (500 גרם),אחדות בעמ,,,יח`,500,גרם,false,1,11.90,2.38,false,1,
7290010328246,false,טחינה משומשום מלא אחוה (500 גרם),אחדות בעמ,,,יח`,500,גרם,false,1,10.90,2.18,true,1,
7290010328253,false,טחינה משומשום טבעי אחוה (500 גרם),אחדות בעמ,,,יח`,500,גרם,false,1,10.90,2.18,true,1,
7290010328505,false,חטיפי מיני חלוה ללתס 15 יח`,אחדות בעמ,,,יח`,1,,false,1,10.90,10.90,true,1,
7290010328680,false,עוגה בטעם שוקולד עם שוקוצ`יפס מריר ולבן,אחדות בעמ,,,יח`,450,גרם,false,1,10.90,2.42,true,1,
7290010328710,false,קצפיות במגש 180  גר`אחוה,אחדות בעמ,,,יח`,180,גרם,false,1,7.90,4.39,false,1,
7290010328727,false,טחינה עם שוקולד 400 גר אחוה,אחדות בעמ,,,יח`,400,גרם,false,1,9.90,2.48,false,1,
7290010328901,false,מאפין בטעם וניל 45  גר`אחוה,אחדות בעמ,,,יח`,45,גרם,false,1,1.90,4.22,true,1,
7290010471669,false,דנונה פרי בר קורנפלקס,שטראוס גרופ בעמ/מצונן,,,יח`,175,"מ""ל",false,1,4.40,2.51,false,1,
7290010472390,false,דני שמיניה,שטראוס גרופ בעמ/מצונן,,,יח`,1,1 ליטר,false,1,16.40,16.40,false,1,
7290010627004,false,טחינה ירושלים 500 גר`,תה ויסוצקי (ישראל) בעמ,,,יח`,500,גרם,false,1,15.90,3.18,false,1,
7290010627844,false,טחינה ירושלים 500  גר`שומשום מלא,תה ויסוצקי (ישראל) בעמ,,,יח`,500,גרם,false,1,15.90,3.18,false,1,
7290010632787,false,צימרוני אוזניים מעץ אינטרסן) (300,אינטרסן 1996 בעמ,,,יח`,300,יח`,false,1,4.90,0.02,false,1,
7290010711123,false,4 כרות פלדה מתכת shiny,מ.א.ייצור ויבוא מטליות בעמ,,,יח`,1,,false,1,5.90,5.90,false,1,
7290010711543,false,כף אשפה עם גומי,מ.א.ייצור ויבוא מטליות בעמ,,,יח`,1,,false,1,5.90,5.90,false,1,
7290010711550,false,דלי איטלקי עם פיה יוגב,מ.א.ייצור ויבוא מטליות בעמ,,,יח`,1,,false,1,11.90,11.90,false,1,
7290010711901,false,מטליות מיקרו רצפה שלישייה shiny,מ.א.ייצור ויבוא מטליות בעמ,,,יח`,1,,false,1,13.90,13.90,false,1,
7290010711918,false,מטליות מיקרו לניקוי כללי מעוצבות shiny,מ.א.ייצור ויבוא מטליות בעמ,,,יח`,1,,false,1,7.90,7.90,false,1,
7290010718023,false,קרם גוף איזבלה ורוד פנינה,פנינה רוזנבלום בעמ,,,יח`,400,"מ""ל",false,1,17.90,4.48,false,1,
7290010748860,false,קרם ידיים אפקטיב קר,פישר תעשיות פרמצבטיות בעמ,,,יח`,150,"מ""ל",false,1,18.90,12.60,true,1,
7290010748884,false,אפקטיב קר קרם גוף 700 מל,פישר תעשיות פרמצבטיות בעמ,,,יח`,700,"מ""ל",false,1,32.90,4.70,false,1,
7290010748891,false,אפקטיב קר קרם גוף 700 מל,פישר תעשיות פרמצבטיות בעמ,,,יח`,700,"מ""ל",false,1,32.90,4.70,false,1,
7290010757909,false,בורקס גבינה ללא גלוטן 500  גר`אריאל,מאפיית אריאל בעמ,,,יח`,500,גרם,false,1,19.90,3.98,false,1,
7290010757947,false,בורקס פטריות ללא גלוטן 500 גר` אריאל,מאפיית אריאל בעמ,,,יח`,500,גרם,false,1,19.90,3.98,false,1,
7290010838424,false,טואלט דאק 750 מל זוג,דנשר (1963) בעמ,,,יח`,1.50,1 ליטר,false,1,18.90,12.60,false,1,
7290010883356,false,כפפות אלוורה גדול סנו סושי,החברה הדרומית לשיווק בעמ,,,יח`,1,,false,1,10.90,10.90,true,1,
7290010903917,false,שניצל תירס 1 קג בדצ,קפוא-זן תעשיות מזון בעמ - תפוג,,,יח`,1000,גרם,false,1,21.90,2.19,false,1,
7290010931330,false,מטבוחה אחלה (500 גרם),שטראוס גרופ בעמ/מצונן,,,יח`,500,גרם,false,1,14.90,2.98,true,1,
7290010945146,false,קוטג`3% מועשר 250 גר`,החב` המרכזית - טרה,,,יח`,250,גרם,false,1,5.60,2.24,false,1,
7290010945306,false,חלב 3% בקרטון טרה (2 ליטר),החב` המרכזית - טרה,,,יח`,2,1 ליטר,false,1,12.46,6.23,false,1,
7290011015862,false,סירופ דיאט 750 מל בטעם לימונענע פריגת,החברה המרכזית להפצת משקאות בעמ,,,יח`,750,"מ""ל",false,1,22.90,3.05,false,1,
7290011017866,false,פחית קולה סליק קוקה-קולה (330 מל),החברה המרכזית להפצת משקאות בעמ,,,יח`,330,"מ""ל",false,1,3.90,1.09,true,1,
7290011017873,false,פחית זירו סליק קוקה-קולה (330 מל),החברה המרכזית להפצת משקאות בעמ,,,יח`,330,"מ""ל",false,1,3.90,1.09,true,1,
7290011017880,false,פחית דיאט קולה סליק קוקה-קולה (330 מל),החברה המרכזית להפצת משקאות בעמ,,,יח`,330,"מ""ל",false,1,3.90,1.09,true,1,
7290011026066,false,סרקל שמפו+מרכך 1 ליטר,פישר תעשיות פרמצבטיות בעמ,,,יח`,1,1 ליטר,false,1,29.90,29.90,false,1,
7290011051358,false,שוופס סודה לימון 250 מל,יפאורה,,,יח`,1,,false,1,3.90,3.90,true,1,
7290011051525,false,ספרינג תה קר 0.5 ליטר אפרסק,יפאורה,,,יח`,500,"מ""ל",false,1,5.90,1.12,true,1,
7290011081492,false,שטראוס קרמיסימו בטעמי 3 שוקלד,גלידות שטראוס בעמ,,,יח`,1.33,1 ליטר,false,1,18.90,14.21,false,1,
7290011115159,false,סבון מוצק לחות נקה 7 רביעייה,החברה הדרומית לשיווק בעמ,,,יח`,400,גרם,false,1,10.90,2.73,true,1,
7290011115166,false,תחליב רחצה לבנדר נקה  (17 ליטר),החברה הדרומית לשיווק בעמ,,,יח`,1,1 ליטר,false,1,12.90,12.90,false,1,
7290011115203,false,סבון מוצק נקה 7 רביעייה,החברה הדרומית לשיווק בעמ,,,יח`,400,גרם,false,1,10.90,2.73,true,1,
7290011115265,false,סבון מוצק ארומה נקה 7 רביעייה,החברה הדרומית לשיווק בעמ,,,יח`,400,גרם,false,1,10.90,2.73,true,1,
7290011126452,false,תה קמומיל ונענע ויסוצקי הגן הקסום) (25,תה ויסוצקי (ישראל) בעמ,,,יח`,37.50,גרם,false,1,17.50,46.67,true,1,
7290011126469,false,תה קמומיל ודבש ויסוצקי הגן הקסום) (25,תה ויסוצקי (ישראל) בעמ,,,יח`,37.50,גרם,false,1,17.50,46.67,true,1,
7290011126957,false,תה ירוק ארל גריי ויסוצקי (25),תה ויסוצקי (ישראל) בעמ,,,יח`,37.50,גרם,false,1,24.90,66.40,true,1,
7290011131371,false,מוזלי קראנצ`י שקדים ואגוזים גרין (1 קג),משה סידס ובנו בעמ,,,יח`,1,"ק""ג",false,1,25.90,25.90,true,1,
7290011174866,false,צ`יפס בטטה 700  גר`פרי גליל,ויטה -פרי גליל (החדשה) בעמ,,,יח`,700,גרם,false,1,16.90,2.41,false,1,
7290011194215,false,דניאלה מעדן בטעם בננה שטראוס (88 גרם),שטראוס גרופ בעמ/מצונן,,,יח`,150,"מ""ל",false,1,4,2.67,false,1,
7290011194246,false,גבינת  קוטג`5% שטראוס (250 גרם),שטראוס גרופ בעמ/מצונן,,,יח`,250,גרם,false,1,5.90,2.36,false,1,
7290011223038,false,עלים לקרמשניט 300 גר`,דנשר (1963) בעמ,,,יח`,300,גרם,false,1,17.90,5.97,false,1,
7290011223045,false,בישקוטים ליידיפינגרז בונומי (200 גרם),דנשר (1963) בעמ,,,יח`,200,גרם,false,1,7.90,3.95,false,1,
7290011223243,false,ג`ל לאסלה לבנדר טואלט דאק (55 מל),דנשר (1963) בעמ,,,יח`,55,"מ""ל",false,1,12.90,23.45,false,1,
7290011254032,false,קינואה מיה (500 גרם),מיה תעשיות מזון מ.ת.מ. בעמ,,,יח`,500,גרם,false,1,19.90,3.98,true,1,
7290011254230,false,תן צ`אפ טבעות שמינייה טבעי,מיה תעשיות מזון מ.ת.מ. בעמ,,,יח`,1.20,גרם,false,1,9.90,825,false,1,
7290011254254,false,שוקו צ`יפס בטעם שוקולד מיה (300 גרם),מיה תעשיות מזון מ.ת.מ. בעמ,,,יח`,300,גרם,false,1,7.90,2.63,false,1,
7290011254346,false,קינואה מיה (1 קג),מיה תעשיות מזון מ.ת.מ. בעמ,,,יח`,1,"ק""ג",false,1,29.90,29.90,true,1,
7290011254605,false,תערובת לקדירה לקט חמין 600 גר`,מיה תעשיות מזון מ.ת.מ. בעמ,,,יח`,600,גרם,false,1,13.90,2.32,false,1,
7290011254698,false,שמן זית כתית מעולה (750 מל),מיה תעשיות מזון מ.ת.מ. בעמ,,,יח`,750,"מ""ל",false,1,30.90,4.12,true,1,
7290011254773,false,שעועית ארגנטינאית מיה (500 גרם),מיה תעשיות מזון מ.ת.מ. בעמ,,,יח`,500,גרם,false,1,11.90,2.38,false,1,
7290011254780,false,שעועית ארגנטינאית 1 קג,מיה תעשיות מזון מ.ת.מ. בעמ,,,יח`,1,"ק""ג",false,1,19.90,19.90,true,1,
7290011254964,false,סוכריות ג`לי 25 גר`עשירייה,מיה תעשיות מזון מ.ת.מ. בעמ,,,יח`,250,גרם,false,1,12.90,5.16,false,1,
7290011378233,false,מאגת חלבה ללא סוכר ווניל,קבוצת אסם סחר שות. מוגבלת,,,יח`,1,,false,1,11.90,11.90,true,1,
7290011378769,false,מאגדת חלבה וניל,קבוצת אסם סחר שות. מוגבלת,,,יח`,1,,false,1,11.90,11.90,true,1,
7290011378776,false,מאגדת חלבה פיסטוק,קבוצת אסם סחר שות. מוגבלת,,,יח`,1,,false,1,11.90,11.90,true,1,
7290011435226,false,דבש מפרחי בר בלחיץ 650 גר`,שטראוס גרופ בעמ,,,יח`,650,גרם,false,1,33.90,5.22,true,1,
7290011438142,false,משקה בטעם קפה בקבוק 350,שטראוס גרופ בעמ/מצונן,,,יח`,350,"מ""ל",false,1,6.30,1.80,false,1,
7290011447281,false,תחליף חלב שלב 2 חלבי מטרנה (700 גרם),קבוצת אסם סחר שות. מוגבלת,,,יח`,700,גרם,false,1,49.90,7.13,true,1,
7290011447359,false,תחליף חלב שלב 1 מהדרין מטרנה (700 גרם),קבוצת אסם סחר שות. מוגבלת,,,יח`,700,גרם,false,1,49.90,7.13,true,1,
7290011447373,false,תחליף חלב שלב 2 מהדרין מטרנה (700 גרם),קבוצת אסם סחר שות. מוגבלת,,,יח`,700,גרם,false,1,49.90,7.13,true,1,
7290011505806,false,קיסמי שיניים פלסטיק הוסטס) (200,אינטרסן 1996 בעמ,,,יח`,1,,false,1,10.90,10.90,false,1,
7290011518561,false,אקטימל בטעם תות דנונה (100x14 מל),שטראוס גרופ בעמ/מצונן,,,יח`,1.40,1 ליטר,false,1,29.90,21.36,false,1,
7290011524555,false,שעועית לבנה מבושלת קפוא 800  גר`פרי גליל,ויטה -פרי גליל (החדשה) בעמ,,,יח`,800,גרם,false,1,9.90,1.24,false,1,
7290011587444,false,קראנצ`י+פירות 600 גר`ב תומר,תומר יבוא ושיווק מוצרי מזון (1,,,יח`,600,גרם,false,1,12.90,2.15,false,1,
7290011587451,false,גרנולה+פירות ואגוזים 600  גר`תומר,תומר יבוא ושיווק מוצרי מזון (1,,,יח`,600,גרם,false,1,12.90,2.15,false,1,
7290011587468,false,קראנצ`י+אגוז 600  גר`מוזלי תומר,תומר יבוא ושיווק מוצרי מזון (1,,,יח`,600,גרם,false,1,12.90,2.15,false,1,
7290011593087,false,שמן זית סבא חביב כתית מעולה 750 מל,בני פאוזי שמשום (2009) בעמ,,,יח`,750,"מ""ל",false,1,29.90,3.99,false,1,
7290011598211,false,סנו אנטי קאלק 4ב1 700 מל,החברה הדרומית לשיווק בעמ,,,יח`,700,"מ""ל",false,1,15.90,2.27,true,1,
7290011598259,false,פרש אוטומטיק מאסק סנו (250 מל),החברה הדרומית לשיווק בעמ,,,יח`,250,"מ""ל",false,1,13.90,5.56,false,1,
7290011607197,false,קולון 5  קג`101 כתמים,רקיט בנקיזר (ניר איסט) בעמ,,,יח`,5,"ק""ג",false,1,39.90,7.98,false,1,
7290011618025,false,נגיסי אורז לתינוקות טעם טבעי,דנשר (1963) בעמ,,,יח`,1,,false,1,13.90,13.90,false,1,
7290011622428,false,חטיף בריאות לילדים כתמטמינים (45 גרם),גורי מוצרי צריכה (1991) בעמ,,,יח`,46,גרם,false,1,6.50,14.13,false,1,
7290011765392,false,בוב ספוג שמפו לילדים כיף (750 מל).,החברה הדרומית לשיווק בעמ,,,יח`,750,"מ""ל",false,1,10.90,1.45,true,1,
7290011765446,false,משחת שיניים אורביטול בוב ספוג 70 גרם,החברה הדרומית לשיווק בעמ,,,יח`,70,גרם,false,1,8.90,12.71,true,1,
7290011772468,false,אקונומיקה אמה 4 ליטר,עיסא ערטול בעמ,,,יח`,4000,"מ""ל",false,1,8.90,0.22,false,1,
7290011800840,false,טחינה בלאדי רפי כהן צבר (400 גרם),קבוצת אסם סחר שות. מוגבלת,,,יח`,400,גרם,false,1,15.90,3.98,false,1,
7290011877859,false,אינסטלטור פותח סתימות סנו (200 גרם),החברה הדרומית לשיווק בעמ,,,יח`,200,"מ""ל",false,1,14.90,7.45,true,1,
7290011877866,false,סנו מקסימה 6 קג מאסק,החברה הדרומית לשיווק בעמ,,,יח`,6,"ק""ג",false,1,49.90,8.32,true,1,
7290011931162,false,סוכרלוז נוזלי סוכרזית (220 מל),שטראוס גרופ בעמ,,,יח`,220,"מ""ל",false,1,23.90,10.86,false,1,
7290011941277,false,קערה שקופה לסלט9.5 פאלאס,פאלאס תעשיות נטו (2014) בעמ,,,יח`,1,,false,1,9.90,9.90,false,1,
7290011941284,false,קערה שקופה סלט 11 אובלית פאלאס,פאלאס תעשיות נטו (2014) בעמ,,,יח`,1,,false,1,8.90,8.90,false,1,
7290011947798,false,זית קלמטה ללא גלעין עם שמן זית כתית מעול,תה ויסוצקי (ישראל) בעמ,,,יח`,190,גרם,false,1,13.90,7.32,false,1,
7290011964344,false,שום גבישי 120 גר`,תבליני טעם וריח בעמ,,,יח`,120,גרם,false,1,9.90,8.25,true,1,
7290011964597,false,כמון טחון 400 גר`,תבליני טעם וריח בעמ,,,יח`,400,גרם,false,1,22.90,5.73,false,1,
7290011964689,false,תיבול על האש 100 גר`,תבליני טעם וריח בעמ,,,יח`,100,גרם,false,1,9.90,9.90,true,1,
7290011969141,false,מגבונים לחים טייגר 72 יח,פאלאס תעשיות נטו (2014) בעמ,,,יח`,1,,false,1,3.90,3.90,true,1,
7290012001994,false,חרדל דיגון גרעינים 350 גרם,דיפלומט היינץ,,,יח`,340,גרם,false,1,12.90,3.79,false,1,
7290012022005,false,קריספיות,דילייט 2005 בעמ,,,יח`,60,גרם,false,1,12.90,21.50,false,1,
7290012022050,false,קריספיות חיטה מלאה,דילייט 2005 בעמ,,,יח`,75,גרם,false,1,13.90,18.53,false,1,
7290012025822,false,סלק( 400  גר`)אסלי,סלטי שמיר 2006 בעמ,,,יח`,400,גרם,false,1,9.90,2.48,true,1,
7290012025839,false,סלט  מטבוחה( 400  גר`)אסלי,סלטי שמיר 2006 בעמ,,,יח`,400,גרם,false,1,9.90,2.48,true,1,
7290012071003,false,קמיל בלו משחה לתינוק דר. פישר (200 גרם),פישר תעשיות פרמצבטיות בעמ,,,יח`,100,גרם,false,1,19.90,19.90,false,1,
7290012116032,false,מרכך פיות כיף (750 מל),החברה הדרומית לשיווק בעמ,,,יח`,750,"מ""ל",false,1,10.90,1.45,true,1,
7290012116360,false,פוליויקס גרניט פורצלן 2 ליטר,החברה הדרומית לשיווק בעמ,,,יח`,2,1 ליטר,false,1,22.90,11.45,true,1,
7290012116537,false,א.כביסה סנו מקסימה 2.5 קג`,החברה הדרומית לשיווק בעמ,,,יח`,2.50,"ק""ג",false,1,24.90,9.96,false,1,
7290012116551,false,אנטי קאלק מנקה כללי סנו (2 ליטר),החברה הדרומית לשיווק בעמ,,,יח`,2,1 ליטר,false,1,19.90,9.95,true,1,
7290012116612,false,מברשת שיניים אורביטול) (4,החברה הדרומית לשיווק בעמ,,,יח`,1,,false,1,11.90,11.90,true,1,
7290012117091,false,סנו מקסימה 6 קג,החברה הדרומית לשיווק בעמ,,,יח`,6,"ק""ג",false,1,49.90,8.32,true,1,
7290012117350,false,ריצפז פרש 2 ליטר לילך,החברה הדרומית לשיווק בעמ,,,יח`,2,1 ליטר,false,1,19.90,9.95,true,1,
7290012117411,false,קרמה ג`ל רחצה לגבר 700 מל כתום,החברה הדרומית לשיווק בעמ,,,יח`,700,"מ""ל",false,1,15,2.14,true,1,
7290012117428,false,ג`ל רחצה ושמפו מנטה לגבר קרמה (700 מל),החברה הדרומית לשיווק בעמ,,,יח`,700,"מ""ל",false,1,15,2.14,true,1,
7290012117558,false,סנו מקסימה מרכך 1 ליטר ורוד בהיר,החברה הדרומית לשיווק בעמ,,,יח`,1,1 ליטר,false,1,17.90,17.90,true,1,
7290012117732,false,סנו מקסימה4 ליטר,החברה הדרומית לשיווק בעמ,,,יח`,4,1 ליטר,false,1,19.90,4.98,false,1,
7290012117879,false,סנו קליר 750 מל לחלונות,החברה הדרומית לשיווק בעמ,,,יח`,750,"מ""ל",false,1,9.90,1.32,true,1,
7290012191985,false,גפרורים 10 יח`,אבאל יזמות בעמ,,,יח`,1,,false,1,2.50,2.50,false,1,
7290012191992,false,גפרורים ארוכים,אבאל יזמות בעמ,,,יח`,1,,false,1,5.90,5.90,true,1,
7290012226120,false,קבנוס זוגלובק (45x3 גרם),זוגלובק שיווק בעמ,,,יח`,135,גרם,false,1,11.90,8.81,true,1,
7290012227592,false,זוג חרמון כפרית  ותה- מחפוד,זוגלובק שיווק בעמ,,,יח`,600,גרם,false,1,34.90,5.82,false,1,
7290012227608,false,זוג חרמון כפרית וחרמון ברבקיו-מחפוד,זוגלובק שיווק בעמ,,,יח`,600,גרם,false,1,34.90,5.82,false,1,
7290012227615,false,נקניקיות עוף 800 גר,זוגלובק שיווק בעמ,,,יח`,800,גרם,false,1,27.90,3.49,false,1,
7290012227622,false,חרמון כפרית דבש 400  גר- מחפוד,זוגלובק שיווק בעמ,,,יח`,400,גרם,false,1,19.90,4.98,false,1,
7290012227769,false,פסטרמה ברביקיו 400 גר`(מחפוד),זוגלובק שיווק בעמ,,,יח`,400,גרם,false,1,19.90,4.98,false,1,
7290012227776,false,פסטרמה הודו 400גר`(מחפוד),זוגלובק שיווק בעמ,,,יח`,400,גרם,false,1,19.90,4.98,false,1,
7290012227783,false,תה מעושן 400 גר`(מחפוד),זוגלובק שיווק בעמ,,,יח`,400,גרם,false,1,19.90,4.98,false,1,
7290012228407,false,נקנקיות ג`מבו מחפוד 1.5 קג זוגלובק,זוגלובק שיווק בעמ,,,יח`,1500,גרם,false,1,37.90,2.53,false,1,
7290012228766,false,קבנוס מחפוד 120 גר זוגלובק,זוגלובק שיווק בעמ,,,יח`,120,גרם,false,1,9.90,8.25,true,1,
7290012275401,false,בירה מולר 500 מל,בני פאוזי שמשום (2009) בעמ,,,יח`,500,"מ""ל",false,1,3.50,0.64,true,1,
7290012309878,false,חלבה עם פיסטוקים 500  גר`ששון הקולה,דין שיווק וקליה 2021 בעמ,,,יח`,500,גרם,false,1,12.90,2.58,false,1,
7290012454608,false,תן צ`אפ גלגלים 50 גר`,מיה תעשיות מזון מ.ת.מ. בעמ,,,יח`,60,גרם,false,1,3.90,6.50,false,1,
7290012522581,false,שניצל תירס ללא גלוטן טבעול (664 גרם),קבוצת אסם סחר שות. מוגבלת,,,יח`,750,גרם,false,1,19.90,2.65,false,1,
7290012576607,false,יין פרימייר אדום-קברנה  סובניון ומלבק,טמפו משקאות בעמ,,,יח`,750,"מ""ל",false,1,26.90,3.55,false,1,
7290012576614,false,פרמייר אמרלד ריזלינג יקבי ברקן (750 מל),טמפו משקאות בעמ,,,יח`,750,"מ""ל",false,1,26.90,3.55,false,1,
7290012645020,false,יוגורט 500 מל חלב הארץ,שטראוס גרופ בעמ/מצונן,,,יח`,500,"מ""ל",false,1,12.80,2.56,true,1,
7290012645068,false,ישראלה גבינה מותכת מחלב עזים 16% שומן,שטראוס גרופ בעמ/מצונן,,,יח`,180,גרם,false,1,23.90,13.28,true,1,
7290012645174,false,גבינת עיזים 5% חלב הארץ 200 גר`,שטראוס גרופ בעמ/מצונן,,,יח`,200,גרם,false,1,13.90,6.95,true,1,
7290012645181,false,לאבנה עיזים 5% חלב הארץ 200 גר`,שטראוס גרופ בעמ/מצונן,,,יח`,200,גרם,false,1,13.90,6.95,true,1,
7290012645297,false,יוגורט עיזים בטעם טיבעי 150  גר`חלב האר,שטראוס גרופ בעמ/מצונן,,,יח`,150,גרם,false,1,5.90,3.93,false,1,
7290012803222,false,טוסו וופל בלגי ללתס בטעם לימון 200 גר`,דנשר (1963) בעמ,,,יח`,200,גרם,false,1,10.90,5.45,true,1,
7290012823381,false,סנו מקסימה מרכך 1 ליטר ורוד פסים,החברה הדרומית לשיווק בעמ,,,יח`,1,1 ליטר,false,1,17.90,17.90,true,1,
7290012823589,false,ריצפז פרש 2 ליטר,החברה הדרומית לשיווק בעמ,,,יח`,2000,1 ליטר,false,1,19.90,0.01,true,1,
7290012823602,false,נייר טואלט סופט 32 גלילים,החברה הדרומית לשיווק בעמ,,,יח`,1,,false,1,34.90,34.90,true,1,
7290012823923,false,סנו מקסימה מרכך 750 מל זהב,החברה הדרומית לשיווק בעמ,,,יח`,750,"מ""ל",false,1,17.90,2.39,true,1,
7290012823947,false,סנו מקסימה מרכך 750 מל שחור,החברה הדרומית לשיווק בעמ,,,יח`,750,"מ""ל",false,1,17.90,2.39,true,1,
7290012911293,false,דפי אורז 22 סמ טעמי אסיה (300 גרם)-ללא,טחנת האבן קואופ בעמ,,,יח`,300,גרם,false,1,11.90,3.97,true,1,
7290012931086,false,מטאטא מליציה שייני,מ.א.ייצור ויבוא מטליות בעמ,,,יח`,1,יח`,false,1,16.90,16.90,false,1,
7290012931611,false,3 כריות ברזל לקרצוף חזק shiny,מ.א.ייצור ויבוא מטליות בעמ,,,יח`,1,,false,1,6.90,6.90,false,1,
7290012936890,false,קצח 50 גר`,א.ל.ייצור ושיווק תבלינים בעמ,,,יח`,50,גרם,false,1,11.90,23.80,false,1,
7290012936944,false,אגוז מוסקט טחון תבליני מימון (40 גרם),א.ל.ייצור ושיווק תבלינים בעמ,,,יח`,40,גרם,false,1,14.90,37.25,false,1,
7290012938405,false,דיימונד עבה 087,גורי ע.ע.ע בעמ,,,יח`,1,,false,1,17.50,17.50,false,1,
7290012938580,false,הלבנה עדינה סנסודיין (75 מל),גורי ע.ע.ע בעמ,,,יח`,75,"מ""ל",false,1,21.90,29.20,true,1,
7290012938924,false,אקווה פרש מי פה 500 מל,גורי ע.ע.ע בעמ,,,יח`,500,"מ""ל",false,1,19.90,3.98,true,1,
7290012962448,false,מדליק פחם נוזלי 250 מל,אינטרסן 1996 בעמ,,,יח`,250,"מ""ל",false,1,9.90,3.96,false,1,
7290012962561,false,קיסמי שיניים במבוק הוסטס) (500,אינטרסן 1996 בעמ,,,יח`,1,,false,1,4.90,4.90,true,1,
7290012996672,false,סבון אסלה זוגי הפי,יעקב יעקבי ובניו בעמ,,,יח`,88,"מ""ל",false,1,9.90,11.25,false,1,
7290013027399,false,לחם אנג`ל 100 בתוספת שיפון-קל 750גר,שלמה א. אנג`ל בעמ,,,יח`,750,גרם,false,1,13.90,1.85,false,1,
7290013038432,false,אקווה נובה 2 ליטר בודד,טמפו משקאות בעמ,,,יח`,2,1 ליטר,false,1,4.30,2,false,1,
7290013117229,false,בורקס פילו תפוא מעדנות,תנובה קפואים,,,יח`,600,גרם,false,1,21.90,3.65,true,1,
7290013121035,false,לחם פשתן 500  גר`ללא גלוטן,גורי ע.ע.ע בעמ,,,יח`,500,גרם,false,1,19.90,3.98,false,1,
7290013121110,false,לחמניות בורגר 350  גר`ללא גלוטן,גורי ע.ע.ע בעמ,,,יח`,350,גרם,false,1,14.90,4.26,false,1,
7290013121127,false,לחמיני`ס גרין לייט (420 גרם),גורי ע.ע.ע בעמ,,,יח`,480,גרם,false,1,18.50,3.85,false,1,
7290013121752,false,לחם לבן ביתי ללא גלוטן,גורי ע.ע.ע בעמ,,,יח`,700,גרם,false,1,20.90,2.99,false,1,
7290013121769,false,שליש באגט ללס וללא גלוטן,גורי ע.ע.ע בעמ,,,יח`,400,גרם,false,1,17.90,4.48,false,1,
7290013128324,false,ענבים שחורים,לכיש מושב עובדים להתישבות*30 י,,,"ק""ג",1,,true,1,14.90,14.90,false,1,
7290013144157,false,סחלב 130 גרם מימונס,א.ל.ייצור ושיווק תבלינים בעמ,,,יח`,130,גרם,false,1,10.90,8.38,true,1,
7290013144171,false,תערובת עוגת שוקולד 560 גר`,א.ל.ייצור ושיווק תבלינים בעמ,,,יח`,560,גרם,false,1,18.90,3.38,true,1,
7290013144218,false,תערובת עוגת וניל מימונס (560 גרם),א.ל.ייצור ושיווק תבלינים בעמ,,,יח`,560,גרם,false,1,18.90,3.38,true,1,
7290013144232,false,פודינג בטעם וניל 85 גר` מימונס,א.ל.ייצור ושיווק תבלינים בעמ,,,יח`,85,גרם,false,1,5.90,6.94,true,1,
7290013144317,false,גלילית וופל למילוי ג`וני,א.ל.ייצור ושיווק תבלינים בעמ,,,יח`,400,גרם,false,1,23.90,5.98,false,1,
7290013144393,false,תמצית אפיה בטעם וניל מימונס (50 מל),א.ל.ייצור ושיווק תבלינים בעמ,,,יח`,50,גרם,false,1,4.90,9.80,false,1,
7290013144522,false,צבע מאכל ירוק מימונס (50 מל),א.ל.ייצור ושיווק תבלינים בעמ,,,יח`,50,גרם,false,1,5.90,11.80,false,1,
7290013144560,false,צבע מאכל כחול מימונס (50 מל),א.ל.ייצור ושיווק תבלינים בעמ,,,יח`,50,גרם,false,1,5.90,11.80,false,1,
7290013144768,false,סירופ שוקולד מימונס (500 גרם),א.ל.ייצור ושיווק תבלינים בעמ,,,יח`,500,"מ""ל",false,1,15.90,3.18,true,1,
7290013144911,false,מיקס שוקולד צ`יפס מריר וחלב 250 גר`,א.ל.ייצור ושיווק תבלינים בעמ,,,יח`,250,גרם,false,1,14.90,5.96,false,1,
7290013145048,false,צנוברים מימונס (100 גרם),א.ל.ייצור ושיווק תבלינים בעמ,,,יח`,100,גרם,false,1,27.90,27.90,false,1,
7290013145062,false,100%סירופ מייפל אמיתי 187 מל,א.ל.ייצור ושיווק תבלינים בעמ,,,יח`,187,"מ""ל",false,1,29.90,15.99,true,1,
7290013145109,false,שקד מולבן טחון מימונס (100 גרם),א.ל.ייצור ושיווק תבלינים בעמ,,,יח`,100,גרם,false,1,11.90,11.90,true,1,
7290013145116,false,שקד מולבן מקלות מימונס (100 גרם),א.ל.ייצור ושיווק תבלינים בעמ,,,יח`,100,גרם,false,1,11.90,11.90,true,1,
7290013145178,false,קוקוס לבן טחון מימונס (100 גרם),א.ל.ייצור ושיווק תבלינים בעמ,,,יח`,100,גרם,false,1,5.90,5.90,false,1,
7290013145192,false,שומשום מימונס (100 גרם),א.ל.ייצור ושיווק תבלינים בעמ,,,יח`,100,גרם,false,1,5.90,5.90,false,1,
7290013145215,false,שומשום מימונס (400 גרם),א.ל.ייצור ושיווק תבלינים בעמ,,,יח`,400,גרם,false,1,13.90,3.48,false,1,
7290013145277,false,עלים לקרמשניט 300 גר,א.ל.ייצור ושיווק תבלינים בעמ,,,יח`,300,גרם,false,1,16.90,5.63,false,1,
7290013145390,false,שוקולד צ`יפס מימונס (250 גרם),א.ל.ייצור ושיווק תבלינים בעמ,,,יח`,250,גרם,false,1,10.90,4.36,false,1,
7290013145437,false,שוקולד צ`יפס 45% מימונס (250 גרם),א.ל.ייצור ושיווק תבלינים בעמ,,,יח`,250,גרם,false,1,13.90,5.56,false,1,
7290013145444,false,שוקולד צ`יפס 66% מוצקים מימונס (250 גרם),א.ל.ייצור ושיווק תבלינים בעמ,,,יח`,250,גרם,false,1,16.90,6.76,false,1,
7290013145451,false,קקאו 150  גר`שקית מימונס,א.ל.ייצור ושיווק תבלינים בעמ,,,יח`,150,גרם,false,1,9.90,6.60,false,1,
7290013145529,false,סוכריות צבעוניות לקישוט 90 גר`,א.ל.ייצור ושיווק תבלינים בעמ,,,יח`,90,גרם,false,1,6.90,7.67,false,1,
7290013145567,false,מיני מיני עדשים מימונס (90 גרם),א.ל.ייצור ושיווק תבלינים בעמ,,,יח`,90,גרם,false,1,11.90,13.22,false,1,
7290013145628,false,סוכריות צבעוניות לקישוט 200 גר,א.ל.ייצור ושיווק תבלינים בעמ,,,יח`,200,גרם,false,1,9.90,4.95,false,1,
7290013145826,false,פודינג בטעם וניל לבן 80 גר` מימונס,א.ל.ייצור ושיווק תבלינים בעמ,,,יח`,80,גרם,false,1,5.90,7.38,true,1,
7290013145840,false,סוכר וניל מימונס (10x10 גרם),א.ל.ייצור ושיווק תבלינים בעמ,,,יח`,10,יח`,false,1,2.90,0.29,false,1,
7290013145857,false,אבקת אפיה מימונס (10x10 גרם),א.ל.ייצור ושיווק תבלינים בעמ,,,יח`,10,יח`,false,1,2.90,0.29,false,1,
7290013145901,false,סודה לשתיה מימונס (100 גרם),א.ל.ייצור ושיווק תבלינים בעמ,,,יח`,50,גרם,false,1,3.90,7.80,false,1,
7290013145918,false,אבקת סוכר מימונס (100 גרם),א.ל.ייצור ושיווק תבלינים בעמ,,,יח`,100,גרם,false,1,3.90,3.90,false,1,
7290013145956,false,שמרים יבשים בואקום מימונס (500 גרם),א.ל.ייצור ושיווק תבלינים בעמ,,,יח`,500,גרם,false,1,12.90,2.58,false,1,
7290013145963,false,שמרים יבשים בואקום מימונס (125 גרם),א.ל.ייצור ושיווק תבלינים בעמ,,,יח`,125,גרם,false,1,5.90,4.72,false,1,
7290013145970,false,קורנפלור מימונס (200 גרם),א.ל.ייצור ושיווק תבלינים בעמ,,,יח`,200,גרם,false,1,4.90,2.45,false,1,
7290013146038,false,מלית דובדבנים 70% פרי 400 גר`,א.ל.ייצור ושיווק תבלינים בעמ,,,יח`,400,גרם,false,1,15.90,3.98,false,1,
7290013146304,false,קורנפלור 500  גר`מימונס,א.ל.ייצור ושיווק תבלינים בעמ,,,יח`,500,גרם,false,1,6.90,1.38,false,1,
7290013146403,false,סירופ בטעם קרמל מלוח 500  גר`מימונס,א.ל.ייצור ושיווק תבלינים בעמ,,,יח`,500,גרם,false,1,17.90,3.58,false,1,
7290013146663,false,אטריות צבעוניות לקישוט 55 גר` מימונס,א.ל.ייצור ושיווק תבלינים בעמ,,,יח`,55,גרם,false,1,11.90,21.64,true,1,
7290013146670,false,סוכריות לב סגול לבן לקישוט 60 מימונס,א.ל.ייצור ושיווק תבלינים בעמ,,,יח`,60,גרם,false,1,11.90,19.83,true,1,
7290013146816,false,אבקת סוכר שקית 500 מימונס,א.ל.ייצור ושיווק תבלינים בעמ,,,יח`,500,גרם,false,1,6.90,1.38,false,1,
7290013268020,false,סנו מקסימה מרכך 1 ליטר כחול פסים,החברה הדרומית לשיווק בעמ,,,יח`,1,1 ליטר,false,1,17.90,17.90,true,1,
7290013268037,false,סנו מקסימה מרכך 1 ליטר סגול,החברה הדרומית לשיווק בעמ,,,יח`,1,1 ליטר,false,1,17.90,17.90,true,1,
7290013268907,false,מקסימה ג`ל כביסה 3 ליטר,החברה הדרומית לשיווק בעמ,,,יח`,3,1 ליטר,false,1,29.60,9.87,true,1,
7290013268983,false,סנו מקסימה מרכך 1 ליטר MOMENTS OF JOY,החברה הדרומית לשיווק בעמ,,,יח`,1,1 ליטר,false,1,17.90,17.90,true,1,
7290013269003,false,סנו מקסימה מרכך 1 ליטר כחול בייבי,החברה הדרומית לשיווק בעמ,,,יח`,1000,"מ""ל",false,1,19.90,1.99,true,1,
7290013269300,false,סושי ניילון נצמד פלוס סנו (150 מטר),החברה הדרומית לשיווק בעמ,,,יח`,1,,false,1,20.90,20.90,true,1,
7290013269638,false,סושי ספוג הפלא אקסטרה סנו) (6,החברה הדרומית לשיווק בעמ,,,יח`,1,,false,1,11.90,11.90,true,1,
7290013269669,false,ריצפז 3 ליטר פנטזיה,החברה הדרומית לשיווק בעמ,,,יח`,3,1 ליטר,false,1,12.90,4.30,true,1,
7290013269751,false,ריצפז פרש מטליות חד פעמיות 10 יח`,החברה הדרומית לשיווק בעמ,,,יח`,1,,false,1,11.90,11.90,true,1,
7290013284051,false,פריניר טריו זיתים 560ג.,אבאל יזמות בעמ,,,יח`,560,גרם,false,1,8.50,1.52,true,1,
7290013284075,false,פריניר טבעות זיתים מושחרים 560ג.,אבאל יזמות בעמ,,,יח`,560,גרם,false,1,8.50,1.52,true,1,
7290013284112,false,פריניר זיתים חרוזית ירוק a2,אבאל יזמות בעמ,,,יח`,0,גרם,false,1,8.50,8.50,true,1,
7290013284136,false,פריניר מלפפון במלח 7-9 560ג.,אבאל יזמות בעמ,,,יח`,560,גרם,false,1,6.50,1.16,true,1,
7290013284143,false,פריניר מלפפונים במלח 10-12 560ג.,אבאל יזמות בעמ,,,יח`,560,גרם,false,1,7.50,1.34,true,1,
7290013284150,false,פריניר מלפפונים במלח 13-17 560ג,אבאל יזמות בעמ,,,יח`,560,גרם,false,1,8.90,1.59,true,1,
7290013284167,false,פריניר מלפפון במלח 18-25,אבאל יזמות בעמ,,,יח`,560,גרם,false,1,8.90,1.59,false,1,
7290013284174,false,פריניר מלפפונים בחומץ 7-9 560גר.,אבאל יזמות בעמ,,,יח`,560,גרם,false,1,6.50,1.16,true,1,
7290013284198,false,פריניר מלפפון בחומץ 13-17,אבאל יזמות בעמ,,,יח`,1,,false,1,8.90,8.90,true,1,
7290013284204,false,פריניר מלפפון חומץ 18-25,אבאל יזמות בעמ,,,יח`,560,גרם,false,1,8.90,1.59,false,1,
7290013284310,false,רוטב פסטה 240  גר`פריניר,אבאל יזמות בעמ,,,יח`,240,גרם,false,1,5.50,2.29,true,1,
7290013284662,false,רוטב פיצה 240  גר`פריניר,אבאל יזמות בעמ,,,יח`,240,גרם,false,1,5.50,2.29,true,1,
7290013310101,false,שיפודי במבוק ג`מבו 50 יח,אינטרסן 1996 בעמ,,,יח`,1,,false,1,5.90,5.90,false,1,
7290013358356,false,פירורי לחם מוזהבים מאסטר שף (320גרם),ש.שסטוביץ בעמ,,,יח`,320,גרם,false,1,6.90,2.16,false,1,
7290013358363,false,פירורי לחם פנקו מוזהבים 300  גר`מנה מאסט,ש.שסטוביץ בעמ,,,יח`,300,גרם,false,1,9.90,3.30,false,1,
7290013358417,false,רוטב טריאקי מאסטר שף (300 מל),ש.שסטוביץ בעמ,,,יח`,300,"מ""ל",false,1,11.90,3.97,false,1,
7290013358462,false,מיני קרוטונים שום בצל 350 גר` מנה מאסטר,ש.שסטוביץ בעמ,,,יח`,350,גרם,false,1,18.90,5.40,true,1,
7290013358530,false,רוטב צ`ילי מתוק מאסטר שף (700 מל),ש.שסטוביץ בעמ,,,יח`,700,"מ""ל",false,1,13.90,1.99,true,1,
7290013358585,false,נודלס ביצים 400 גר` מנה מאסטר שף,ש.שסטוביץ בעמ,,,יח`,400,גרם,false,1,9.90,2.48,true,1,
7290013412966,false,מגבוני טולי רביעייה,שקד תבל בעמ,,,יח`,1,,false,1,9.90,9.90,false,1,
7290013472199,false,ערמונים קלופים 100 גר`,ג.וילי-פוד אינטרנשיונל בעמ,,,יח`,100,גרם,false,1,4.90,4.90,false,1,
7290013531117,false,רוטב פסטה לילדים יכין (240 גר`),זנלכל בעמ,,,יח`,240,גרם,false,1,5.90,2.46,false,1,
7290013531582,false,זיתים חרוזית יכין 200  גר`שלישייה,זנלכל בעמ,,,יח`,200,גרם,false,1,15.50,7.75,false,1,
7290013531759,false,שעועית לבנה מבושלת במים יכין (550 גרם),זנלכל בעמ,,,יח`,550,גרם,false,1,10.50,1.91,false,1,
7290013585233,false,ספרייט זירו 330 מלסילק,החברה המרכזית להפצת משקאות בעמ,,,יח`,330,"מ""ל",false,1,3.90,1.09,true,1,
7290013585387,false,בקבוק זירו קוקה-קולה (1 ליטר),החברה המרכזית להפצת משקאות בעמ,,,יח`,1000,"מ""ל",false,1,7.70,0.74,false,1,
7290013585394,false,בקבוק קוקה-קולה (1 ליטר),החברה המרכזית להפצת משקאות בעמ,,,יח`,1000,"מ""ל",false,1,7.70,0.74,false,1,
7290013608260,false,מיץ רימונים סחוט פרימור (1 ליטר),שטראוס גרופ בעמ/מצונן,,,יח`,1,1 ליטר,false,1,20.90,20.90,false,1,
7290013652157,false,מגבונים להסרת איפור נטורל קר,פישר תעשיות פרמצבטיות בעמ,,,יח`,1,,false,1,24.90,24.90,false,1,
7290013677648,false,שמן זית למאור(לא  למאכל),מיה תעשיות מזון מ.ת.מ. בעמ,,,יח`,1,1 ליטר,false,1,22.90,22.90,false,1,
7290013677846,false,כוסמת מיה (1 קג),מיה תעשיות מזון מ.ת.מ. בעמ,,,יח`,1,"ק""ג",false,1,13.90,13.90,false,1,
7290013702036,false,שוופס ווטר אפרסק 500מל,יפאורה,,,יח`,500,"מ""ל",false,1,5.90,1.12,true,1,
7290013702388,false,שוופס ווטר תפוח 500מל,יפאורה,,,יח`,500,"מ""ל",false,1,5.90,1.12,true,1,
7290013725769,false,נודלס עבה 400 גר`,דין שיווק וקליה 2021 בעמ,,,יח`,400,גרם,false,1,7.90,1.98,false,1,
7290013847119,false,טונה SK בשמן קנולה 160 בי רביעיות,סטארקיסט דיפלומט היינץ,,,יח`,160,גרם,false,1,24.90,15.56,false,1,
7290013847980,false,סטארקיסט שפע משקל 425 גר`,סטארקיסט דיפלומט היינץ,,,יח`,425,גרם,false,1,17.90,4.21,false,1,
7290013906052,false,נקניקיות פרגיות 300  גר`טירת צבי,תנובה קפואים,,,יח`,300,גרם,false,1,13.90,4.63,true,1,
7290013906212,false,נקניקיות וינר 1  קג`טירת צבי,תנובה קפואים,,,יח`,1,1 ליטר,false,1,32.90,32.90,true,1,
7290013906441,false,קבנוס 120  גר`טירת צבי,תנובה קפואים,,,יח`,120,גרם,false,1,11.90,9.92,false,1,
7290013906458,false,קבנוס 120  גר`פיקנטי טירת צבי,תנובה קפואים,,,יח`,120,גרם,false,1,11.90,9.92,false,1,
7290013906489,false,חטיפי קבנוס 120 גר` טירת צבי,תנובה קפואים,,,יח`,120,גרם,false,1,11.90,9.92,true,1,
7290013906687,false,צמד כפרי ברבקיו ודבש 600 גר טירת צבי,תנובה קפואים,,,יח`,600,גרם,false,1,29.90,4.98,true,1,
7290013906694,false,נקניקיות עוף 1.5,תנובה קפואים,,,יח`,1.50,"ק""ג",false,1,39.90,26.60,false,1,
7290013927019,false,עוגיות דקליות בטעם קינמון אחוה (400 גרם),אחדות בעמ,,,יח`,400,גרם,false,1,8.90,2.23,false,1,
7290013927033,false,מעמולים במגש אחוה (600 גרם),אחדות בעמ,,,יח`,600,גרם,false,1,9.90,1.65,false,1,
7290013927040,false,עוגיות ממולאות שוקולד אחוה (600 גרם),אחדות בעמ,,,יח`,600,גרם,false,1,9.90,1.65,false,1,
7290013927057,false,עוגיות שוקולד צ`יפס אחוה (400 גרם),אחדות בעמ,,,יח`,400,גרם,false,1,8.90,2.23,false,1,
7290013927156,false,עוגת פירות יער ללתס 450  גר`אחוה,אחדות בעמ,,,יח`,450,גרם,false,1,12.90,2.87,false,1,
7290013927200,false,עוגת שוקולד צ`יפס 400  גר`אחווה,אחדות בעמ,,,יח`,400,גרם,false,1,11.90,2.98,false,1,
7290013927323,false,עוגת בראוניס 400 גרם אחדות,אחדות בעמ,,,יח`,400,גרם,false,1,11.90,2.98,false,1,
7290013927996,false,עוגת שמרים קרנץ בטעם שוקולד 400  גר`אחוו,אחדות בעמ,,,יח`,400,גרם,false,1,10.90,2.73,false,1,
7290014002203,false,חליטת לימונית לואיזה ויסוצקי) (25,תה ויסוצקי (ישראל) בעמ,,,יח`,37.50,גרם,false,1,17.50,46.67,true,1,
7290014002944,false,תה חמדת השקד ויסוצקי הגן הקסום) (25,תה ויסוצקי (ישראל) בעמ,,,יח`,1,,false,1,17.50,17.50,true,1,
7290014046542,false,כתף בקר מעושן דק דק יחיעם (140 גרם),מעדני יחיעם (1993) בעמ,,,יח`,140,גרם,false,1,13.90,9.93,false,1,
7290014059085,false,סנסודיין שיקום והגנה 75 מל,גורי ע.ע.ע בעמ,,,יח`,75,"מ""ל",false,1,23.90,31.87,true,1,
7290014059436,false,סנסודיין שיקום והגנה מלבינה 75 מל,גורי ע.ע.ע בעמ,,,יח`,75,"מ""ל",false,1,23.90,31.87,true,1,
7290014079830,false,פטריות שמפניון למילוי 500 גר,קונס`-מרינה פטריות הגליל בעמ*ש,,,יח`,1,,false,1,15.90,15.90,false,1,
7290014083813,false,שפורטים בשמן וילי פוד (190 גרם),ג.וילי-פוד אינטרנשיונל בעמ,,,יח`,190,גרם,false,1,7.90,4.16,false,1,
7290014094529,false,רוטב סויה 300  מל- אהרוני,דין שיווק וקליה 2021 בעמ,,,יח`,300,"מ""ל",false,1,10.90,3.63,false,1,
7290014094543,false,תרסיס שמן קנולה מזוכך 186 מל שקדיה,דין שיווק וקליה 2021 בעמ,,,יח`,186,"מ""ל",false,1,12.90,6.94,true,1,
7290014094826,false,שזיפים ללא גלעין 300 גר,דין שיווק וקליה 2021 בעמ,,,יח`,300,גרם,false,1,22.90,7.63,true,1,
7290014094833,false,צימוק לבן שקית 300 גר`,דין שיווק וקליה 2021 בעמ,,,יח`,300,גרם,false,1,14.90,4.97,false,1,
7290014094840,false,צימוק חום 300 גר ששון הקולה,דין שיווק וקליה 2021 בעמ,,,יח`,300,גרם,false,1,10.90,3.63,false,1,
7290014094857,false,פקאן סיני 150 גר`,דין שיווק וקליה 2021 בעמ,,,יח`,150,גרם,false,1,19.90,13.27,false,1,
7290014094895,false,אגוזי מלך קלופים ששון הקולה (150 גרם),דין שיווק וקליה 2021 בעמ,,,יח`,150,גרם,false,1,10.90,7.27,true,1,
7290014094901,false,פקאן טבעי 150 גר`,דין שיווק וקליה 2021 בעמ,,,יח`,150,גרם,false,1,19.90,13.27,false,1,
7290014095861,false,שיבולת שועל דקה שקדיה (500 גרם),דין שיווק וקליה 2021 בעמ,,,יח`,500,גרם,false,1,5.90,1.18,true,1,
7290014095960,false,שיבולת שועל עבה שקדיה (500 גרם),דין שיווק וקליה 2021 בעמ,,,יח`,500,גרם,false,1,5.90,1.18,true,1,
7290014204560,false,אל סבון נוזלי פנינה רוזנבלום (500x3 גרם),פנינה רוזנבלום בעמ,,,יח`,1.50,1 ליטר,false,1,9.90,6.60,false,1,
7290014204676,false,מסיכה לאחר החלקה 500 מל פנינה רוזנבלום,פנינה רוזנבלום בעמ,,,יח`,500,"מ""ל",false,1,34.90,6.98,true,1,
7290014204713,false,תרסיס מבשם גוף פנינה 250 מל,פנינה רוזנבלום בעמ,,,יח`,250,"מ""ל",false,1,27.90,11.16,false,1,
7290014217010,false,דגים 90T-BUL גר`,תבליני טעם וריח בעמ,,,יח`,90,גרם,false,1,12.90,14.33,true,1,
7290014217065,false,אורגנו עלים 30 גר`,תבליני טעם וריח בעמ,,,יח`,30,גרם,false,1,9.90,33,true,1,
7290014217119,false,תערובת לצ`יפס 100 גר`,תבליני טעם וריח בעמ,,,יח`,100,גרם,false,1,9.90,9.90,true,1,
7290014217140,false,ראס אל חנות 100 גר`,תבליני טעם וריח בעמ,,,יח`,100,גרם,false,1,9.90,9.90,true,1,
7290014217225,false,גריל עוף 120 גר`,תבליני טעם וריח בעמ,,,יח`,120,גרם,false,1,9.90,8.25,true,1,
7290014217355,false,קרי אבקה 100 גר`,תבליני טעם וריח בעמ,,,יח`,100,גרם,false,1,9.90,9.90,true,1,
7290014217362,false,תיבול לקציצות 100 גר`,תבליני טעם וריח בעמ,,,יח`,100,גרם,false,1,9.90,9.90,true,1,
7290014217515,false,לציפוי מאפה מלוח מיכל 90 גר` טעם וריח,תבליני טעם וריח בעמ,,,יח`,90,גרם,false,1,11.90,13.22,true,1,
7290014218932,false,חטיפי פיצה בתוספת זיתים 710 גר` מעדנות,תנובה קפואים,,,יח`,710,גרם,false,1,33.90,4.77,true,1,
7290014258716,false,מטרנה צמחי 700 גר,קבוצת אסם סחר שות. מוגבלת,,,יח`,700,גרם,false,1,66.90,9.56,true,1,
7290014258877,false,מטרנה מהדרין ספיישל 700 גרם,קבוצת אסם סחר שות. מוגבלת,,,יח`,700,גרם,false,1,69.90,9.99,false,1,
7290014325036,false,סוכריות ג`לי שמחה 600 גרם,מיה תעשיות מזון מ.ת.מ. בעמ,,,יח`,1,,false,1,19.90,19.90,false,1,
7290014325043,false,פודינג בטעם וניל 1 קג מיה,מיה תעשיות מזון מ.ת.מ. בעמ,,,יח`,1,"ק""ג",false,1,19.90,19.90,false,1,
7290014325050,false,קורנפלור מיה (500 גרם),מיה תעשיות מזון מ.ת.מ. בעמ,,,יח`,500,גרם,false,1,8.90,1.78,false,1,
7290014397286,false,מקסימה מרכך מרוכז חלב ודבש סנו (1 ליטר),החברה הדרומית לשיווק בעמ,,,יח`,1,1 ליטר,false,1,17.90,17.90,true,1,
7290014397699,false,פוליויקס 3 ליטר,החברה הדרומית לשיווק בעמ,,,יח`,3,1 ליטר,false,1,22.90,7.63,true,1,
7290014397781,false,ריצפז פרש הום 2 ליטר,החברה הדרומית לשיווק בעמ,,,יח`,2,1 ליטר,false,1,21.90,10.95,true,1,
7290014397873,false,סנו מקסימה מרכך כביסה 4 ליטר gentle bree,החברה הדרומית לשיווק בעמ,,,יח`,4000,"מ""ל",false,1,19.90,0.50,false,1,
7290014435704,false,סלמון מעושן 100 גר,סלטי שמיר 2006 בעמ,,,יח`,100,גרם,false,1,21.90,21.90,false,1,
7290014435810,false,הרינג כבוש עם בצל במרינת חמוץ מתוק 220 ג,סלטי שמיר 2006 בעמ,,,יח`,220,גרם,false,1,18.90,8.59,false,1,
7290014435841,false,פילה מטיאס  הולנדי בשמן 200 גר,סלטי שמיר 2006 בעמ,,,יח`,200,גרם,false,1,18.90,9.45,false,1,
7290014459632,false,צ`פיס טוגן 1.5 קג`,קבוצת אסם סחר שות. מוגבלת,,,יח`,1.50,"ק""ג",false,1,14.90,9.93,false,1,
7290014471429,false,מוזלי עם פירות שקדיה (1 קג),דין שיווק וקליה 2021 בעמ,,,יח`,1,"ק""ג",false,1,19.90,19.90,false,1,
7290014472136,false,גרעין שחור קלוי ששון הקולה (150 גרם),דין שיווק וקליה 2021 בעמ,,,יח`,150,גרם,false,1,4.90,3.27,true,1,
7290014472235,false,פקאן סיני מסוכר ששון הקולה (200 גרם),דין שיווק וקליה 2021 בעמ,,,יח`,200,גרם,false,1,26.90,13.45,false,1,
7290014472488,false,שקד קלויים 250  גר`ששון הקולה,דין שיווק וקליה 2021 בעמ,,,יח`,250,גרם,false,1,24.90,9.96,false,1,
7290014472495,false,קשיו קלוי 250  גר`פרימיום ששון הקולה,דין שיווק וקליה 2021 בעמ,,,יח`,250,גרם,false,1,19.90,7.96,false,1,
7290014472501,false,פיסטוק קלוי 250  גר`פרימיום ששון הקולה,דין שיווק וקליה 2021 בעמ,,,יח`,250,גרם,false,1,24.90,9.96,false,1,
7290014472518,false,בוטנים קלוים 250  גר`פרימיום ששון הקולה,דין שיווק וקליה 2021 בעמ,,,יח`,250,גרם,false,1,8.90,3.56,false,1,
7290014472525,false,תערובת פיצוחים 250  גר`פרימיום ששון הקול,דין שיווק וקליה 2021 בעמ,,,יח`,250,גרם,false,1,19.90,7.96,false,1,
7290014525009,false,מרבה סלים פרוט בטעם יוגורט ותפוח,ש.שסטוביץ בעמ,,,יח`,182,גרם,false,1,10.90,5.99,true,1,
7290014525016,false,מרבה סלים פרוט בטעם יוגורט ותות,ש.שסטוביץ בעמ,,,יח`,182,גרם,false,1,10.90,5.99,true,1,
7290014525177,false,מרבה סלים פרוט בטעם יוגורט ופירות יער,ש.שסטוביץ בעמ,,,יח`,120,גרם,false,1,10.90,9.08,true,1,
7290014525313,false,סלים דליס קריספי שוקולד מרבה (125 גרם),ש.שסטוביץ בעמ,,,יח`,125,גרם,false,1,10.90,8.72,true,1,
7290014525672,false,מרבה על חלל עוגיות עם סוכריות,ש.שסטוביץ בעמ,,,יח`,140,גרם,false,1,8.90,6.36,false,1,
7290014581036,false,הלהבה פחם 2 קג,פחם קוואנגו סחר בעמ,,,יח`,2000,גרם,false,1,11.90,0.60,false,1,
7290014648357,false,פלסטרים בגוון העור 100 יח`PHARMA AID,פארמה דיל (פ.א.ב.) שיווק והפצה,,,יח`,1,,false,1,11.90,11.90,false,1,
7290014648913,false,פדים קוסמטיים 80 יח LA BELLE מארז שליישי,פארמה דיל (פ.א.ב.) שיווק והפצה,,,יח`,1,,false,1,12.90,12.90,false,1,
7290014673366,false,כורכום טחון תבליני מימון (250 גרם),א.ל.ייצור ושיווק תבלינים בעמ,,,יח`,250,גרם,false,1,21.90,8.76,false,1,
7290014673380,false,כמון טחון 250 גר`,א.ל.ייצור ושיווק תבלינים בעמ,,,יח`,250,גרם,false,1,21.90,8.76,false,1,
7290014673397,false,תיבול לגריל עוף 250 גר`,א.ל.ייצור ושיווק תבלינים בעמ,,,יח`,250,גרם,false,1,21.90,8.76,false,1,
7290014673410,false,פלפל שחור גרוס דק 250 גר`,א.ל.ייצור ושיווק תבלינים בעמ,,,יח`,250,גרם,false,1,29.90,11.96,false,1,
7290014673434,false,פלפל שחור גרוס דק שקית 80 גר`,א.ל.ייצור ושיווק תבלינים בעמ,,,יח`,80,גרם,false,1,9.90,12.38,false,1,
7290014692565,false,גרעיני תירס מתוק וילי פוד (320 גרם),ג.וילי-פוד אינטרנשיונל בעמ,,,יח`,320,גרם,false,1,4.90,1.53,false,1,
7290014748651,false,עוף  טוב-פילה אמנון מצופה שלם,קבוצת אסם סחר שות. מוגבלת,,,יח`,360,גרם,false,1,31.90,8.86,true,1,
7290014749245,false,צונגו רצועות שניצל שומשום 600  גר`עוף טו,קבוצת אסם סחר שות. מוגבלת,,,יח`,600,גרם,false,1,32.90,5.48,true,1,
7290014749764,false,שניצל עוף ביתי עדין כזה 700  גר`עוף טוב,קבוצת אסם סחר שות. מוגבלת,,,יח`,700,גרם,false,1,43.90,6.27,true,1,
7290014749788,false,צונגו רצועות שניצל ציפס 600  גר`עוף טוב,קבוצת אסם סחר שות. מוגבלת,,,יח`,600,גרם,false,1,32.90,5.48,true,1,
7290014758117,false,יוגורט ביו 1.5% תנובה (150x8 גרם),תנובה - חלב,,,יח`,1200,גרם,false,1,16.50,1.38,false,1,
7290014758162,false,חלב עיזים מלא 3.6% שומן תנובה (1 ליטר),תנובה - חלב,,,יח`,1,1 ליטר,false,1,15,15,false,1,
7290014758681,false,גבינת  קוטג`1% בגביע תנובה (250 גרם),תנובה - חלב,,,יח`,250,גרם,false,1,5.50,2.20,false,1,
7290014759084,false,גבינת נפוליאון 225  גר`16% גביע,תנובה - חלב,,,יח`,225,גרם,false,1,13.90,6.18,false,1,
7290014759909,false,פטה עיזים 5% 250  גר`גביע פיראוס תנובה,תנובה - חלב,,,יח`,250,גרם,false,1,28.50,11.40,false,1,
7290014760141,false,משקה שקדים טרי תנובה (1 ליטר),תנובה - חלב,,,יח`,1000,"מ""ל",false,1,11.90,1.19,false,1,
7290014760912,false,גבינה צהובה 28% מהדרין גוש חלב (400 גרם),תנובה - חלב,,,יח`,400,גרם,false,1,25.90,6.48,false,1,
7290014761018,false,גיל בטעם וניל,תנובה - חלב,,,יח`,125,"מ""ל",false,1,1.60,1.28,false,1,
7290014761056,false,מעדן שוקולד חלב יולו (123 גרם),תנובה - חלב,,,יח`,123,"מ""ל",false,1,4.50,3.66,false,1,
7290014761063,false,מעדן שוקולד מריר יולו (123 גרם),תנובה - חלב,,,יח`,123,"מ""ל",false,1,4.50,3.66,false,1,
7290014761070,false,מעדן שוקולד לבן יולו (123 גרם),תנובה - חלב,,,יח`,123,"מ""ל",false,1,4.50,3.66,false,1,
7290014761193,false,יוגורט עם פירות יער 1.5% פרילי (125 גרם),תנובה - חלב,,,יח`,125,"מ""ל",false,1,3.50,2.80,false,1,
7290014761414,false,יולו מעדן שכבות שוקולד חלבי לבן,תנובה - חלב,,,יח`,123,"מ""ל",false,1,4.50,3.66,false,1,
7290014761698,false,סמי עמק 28% 600 גר בדצ,תנובה - חלב,,,יח`,600,גרם,false,1,29.90,4.98,false,1,
7290014762756,false,גבינת שמנת 16% עם בצל נפוליאון (225 גרם),תנובה - חלב,,,יח`,225,גרם,false,1,13.90,6.18,false,1,
7290014762831,false,גבינת נפוליאון 225  גר`חלפיניו גביע,תנובה - חלב,,,יח`,225,גרם,false,1,13.90,6.18,false,1,
7290014762909,false,פתיתי מוצרלה 200 גרם,תנובה - חלב,,,יח`,200,גרם,false,1,15.90,7.95,false,1,
7290014763272,false,משקה סויה BIO עם תות בננה בתוספת חיידקי,תנובה - חלב,,,יח`,250,גרם,false,1,5.80,2.32,false,1,
7290014763371,false,גבינת שמנת נפוליאון 16% בטעם טבעי מעדניה,תנובה - חלב,,,"ק""ג",1000,גרם,true,1,40,4,false,1,
7290014763418,false,יוגורט כד 1.5 ליטר 4%,תנובה - חלב,,,יח`,1.50,1 ליטר,false,1,16.50,11,false,1,
7290014791336,false,מי עדן ספורט 1,יפאורה,,,יח`,1000,"מ""ל",false,1,3.90,0.36,false,1,
7290014855434,false,מגבונים בייביסיטר רביעייה,שקד תבל בעמ,,,יח`,1,,false,1,17.90,17.90,true,1,
7290014855458,false,מגבונים בייביסיטר רביעייה,שקד תבל בעמ,,,יח`,1,,false,1,17.90,17.90,true,1,
7290014905160,false,הפי מבשם פניני ריח יעקבי (130 גרם),יעקב יעקבי ובניו בעמ,,,יח`,1,,false,1,10.90,10.90,false,1,
7290014905344,false,קצף לשטיחים 623  גר`הפי,יעקב יעקבי ובניו בעמ,,,יח`,623,גרם,false,1,22.90,3.68,false,1,
7290014905733,false,נוזל לניקוי חלונות הפי (750 מל),יעקב יעקבי ובניו בעמ,,,יח`,750,"מ""ל",false,1,9.90,1.32,false,1,
7290014910515,false,שימורי דגים שפרוטים מעושנים בשמן צמחי 25,יורוסטנדרט בעמ,,,יח`,250,גרם,false,1,11.90,4.76,false,1,
7290014940901,false,לחם פשוט מלא לילדים פרוס אנג`ל (750 גרם),שלמה א. אנג`ל בעמ,,,יח`,500,גרם,false,1,14.50,2.90,false,1,
7290014945821,false,אטבי כביסה איכותיים קולור 24 יח,מ.א.ייצור ויבוא מטליות בעמ,,,יח`,1,,false,1,6.90,6.90,false,1,
7290015039246,false,טונה בשמן רביעייה 160  גר- וילי פוד,ג.וילי-פוד אינטרנשיונל בעמ,,,יח`,640,גרם,false,1,21.90,3.42,true,1,
7290015039338,false,טונה במים רביעייה 160  גר- וילי פוד,ג.וילי-פוד אינטרנשיונל בעמ,,,יח`,640,גרם,false,1,21.90,3.42,true,1,
7290015150033,false,תה ירוק ספייסי נענע ויסוצקי (25),תה ויסוצקי (ישראל) בעמ,,,יח`,1,,false,1,24.90,24.90,true,1,
7290015150118,false,עגבניות חתוכות דק בלה איטליה 3*400,תה ויסוצקי (ישראל) בעמ,,,יח`,1.20,"ק""ג",false,1,16.90,14.08,false,1,
7290015150729,false,סקיני גריני - תה ירוק,תה ויסוצקי (ישראל) בעמ,,,יח`,1,,false,1,24.90,24.90,true,1,
7290015155830,false,פאוץ`פרינוק תפוח בננה 120 גר`,גורי מוצרי צריכה (1991) בעמ,,,יח`,120,גרם,false,1,5.90,4.92,true,1,
7290015155847,false,פאוץ`פרינוק מחית סלט פירות 120 גר,גורי מוצרי צריכה (1991) בעמ,,,יח`,120,גרם,false,1,5.90,4.92,true,1,
7290015155892,false,חטיפטף בטעם בננה 31  גר`פרינוק,גורי מוצרי צריכה (1991) בעמ,,,יח`,0,גרם,false,1,7.90,7.90,false,1,
7290015156790,false,פאוץ`פרינוק לפתן פירות 120 גר`,גורי מוצרי צריכה (1991) בעמ,,,יח`,120,גרם,false,1,5.90,4.92,true,1,
7290015193849,false,קרקר עם מלח 300  גר`ארומה,רזיט שיווק בעמ,,,יח`,300,גרם,false,1,6.90,2.30,false,1,
7290015251181,false,סבון ידיים כחול שלישייה 3*500מל.,סאסאטק אגשח בעמ,,,יח`,1.50,1 ליטר,false,1,10.90,7.27,false,1,
7290015282000,false,איקרה אדומה 200גר,סלטי שמיר 2006 בעמ,,,יח`,200,גרם,false,1,12.90,6.45,false,1,
7290015282604,false,טחינה מיוחדת 200גר,סלטי שמיר 2006 בעמ,,,יח`,200,גרם,false,1,9.90,4.95,true,1,
7290015282628,false,חציל בטעם כבד 200גר,סלטי שמיר 2006 בעמ,,,יח`,200,גרם,false,1,11.90,5.95,true,1,
7290015282635,false,חומוס מסבחה 200 גר,סלטי שמיר 2006 בעמ,,,יח`,200,גרם,false,1,9.90,4.95,true,1,
7290015282673,false,חציל במיונז ביתי 200גר,סלטי שמיר 2006 בעמ,,,יח`,200,גרם,false,1,9.90,4.95,true,1,
7290015282697,false,כרוב אדום 200גר,סלטי שמיר 2006 בעמ,,,יח`,200,גרם,false,1,9.90,4.95,true,1,
7290015282727,false,גזר מרוקאי ברוטב פיקנטי 200 גר,סלטי שמיר 2006 בעמ,,,יח`,200,גרם,false,1,11.90,5.95,true,1,
7290015282741,false,חציל תאילנדי 200 גר,סלטי שמיר 2006 בעמ,,,יח`,200,גרם,false,1,11.90,5.95,true,1,
7290015282796,false,סלט תפוח אדמה 200 גר,סלטי שמיר 2006 בעמ,,,יח`,200,גרם,false,1,11.90,5.95,true,1,
7290015320009,false,שוקולד מריר 3*100  גר`שקדיה,דין שיווק וקליה 2021 בעמ,,,יח`,300,גרם,false,1,8.90,2.97,false,1,
7290015320481,false,שוקולד מריר 60% יעד ממתקים,יעד ממתקים בעמ,,,יח`,1,,false,1,3.90,3.90,false,1,
7290015324014,false,פלפל שחור טחון 80 גר`,תבליני טעם וריח בעמ,,,יח`,80,גרם,false,1,9.90,12.38,false,1,
7290015324038,false,פפריקה מתוקה בשמן 80 גר`,תבליני טעם וריח בעמ,,,יח`,80,גרם,false,1,5.90,7.38,false,1,
7290015324045,false,פפריקה חריפה 80 גר`,תבליני טעם וריח בעמ,,,יח`,80,גרם,false,1,5.90,7.38,false,1,
7290015324052,false,פפריקה מתוקה 80 גר`,תבליני טעם וריח בעמ,,,יח`,80,גרם,false,1,5.90,7.38,false,1,
7290015324069,false,גריל עוף 80 גר`,תבליני טעם וריח בעמ,,,יח`,80,גרם,false,1,5.90,7.38,false,1,
7290015324083,false,מלח לימון 80 גר`,תבליני טעם וריח בעמ,,,יח`,80,גרם,false,1,5.90,7.38,false,1,
7290015324090,false,כמון טחון 80 גר`,תבליני טעם וריח בעמ,,,יח`,80,גרם,false,1,5.90,7.38,false,1,
7290015324106,false,כורכום טחון 80 גר`,תבליני טעם וריח בעמ,,,יח`,80,גרם,false,1,5.90,7.38,false,1,
7290015324120,false,שום גבישי 80 גר`,תבליני טעם וריח בעמ,,,יח`,80,גרם,false,1,6.90,8.63,false,1,
7290015324151,false,חוואיג`למרק 80 גר`,תבליני טעם וריח בעמ,,,יח`,80,גרם,false,1,6.90,8.63,false,1,
7290015324175,false,תיבול לשווארמה 80 גר`,תבליני טעם וריח בעמ,,,יח`,80,גרם,false,1,5.90,7.38,false,1,
7290015324519,false,תערובת לפיצה 80 גר`,תבליני טעם וריח בעמ,,,יח`,80,גרם,false,1,5.90,7.38,false,1,
7290015324540,false,טימין מיכל גדול 30 גר`,תבליני טעם וריח בעמ,,,יח`,30,גרם,false,1,9.90,33,true,1,
7290015324564,false,כוסברה טחונה מיכל גדול 70 גר`,תבליני טעם וריח בעמ,,,יח`,55,גרם,false,1,9.90,18,true,1,
7290015324571,false,פפריקה מתוקה בשמן בסגנון מרוקאי 400 גר`,תבליני טעם וריח בעמ,,,יח`,400,גרם,false,1,19.90,4.98,false,1,
7290015324588,false,פלפל לבן 100 גר` טעם וריח,תבליני טעם וריח בעמ,,,יח`,100,גרם,false,1,12.90,12.90,true,1,
7290015324595,false,פלפל שחור גרוס במיכל 400  גר`טעם וריח,תבליני טעם וריח בעמ,,,יח`,400,גרם,false,1,29.90,7.48,false,1,
7290015324663,false,צ`לי גרוס חריף אש 70 גר`,תבליני טעם וריח בעמ,,,יח`,70,גרם,false,1,9.90,14.14,true,1,
7290015324724,false,מחית צ`ילי חריף 230 גר` טעם וריח,תבליני טעם וריח בעמ,,,יח`,230,גרם,false,1,13.90,6.04,true,1,
7290015324748,false,מחית שוםוג`ינג`ר 210 גר` טעם וריח,תבליני טעם וריח בעמ,,,יח`,210,גרם,false,1,13.90,6.62,true,1,
7290015325752,false,מגבונים רביעייה אסותא,עיסא ערטול בעמ,,,יח`,1,,false,1,15.90,15.90,false,1,
7290015347273,false,נטיפי שוקולד לאפייה שוקולדמריר 250גר,מיה תעשיות מזון מ.ת.מ. בעמ,,,יח`,250,גרם,false,1,9.90,3.96,false,1,
7290015347358,false,מיה סודה לשתיה קרטון 50 גר,מיה תעשיות מזון מ.ת.מ. בעמ,,,יח`,50,גרם,false,1,2.90,5.80,false,1,
7290015347488,false,סוכר דמררה שקית מיה (1 קג),מיה תעשיות מזון מ.ת.מ. בעמ,,,יח`,1,"ק""ג",false,1,11.90,11.90,false,1,
7290015347990,false,עדשי שוקולד שמיניה 160  גר`מיה,מיה תעשיות מזון מ.ת.מ. בעמ,,,יח`,160,גרם,false,1,9.90,6.19,false,1,
7290015350150,false,יין אדום חצי יבש של סגל (750 מל),טמפו משקאות בעמ,,,יח`,750,"מ""ל",false,1,21.90,2.88,true,1,
7290015366663,false,אקוה פרש 100 מל עדין,גורי ע.ע.ע בעמ,,,יח`,100,גרם,false,1,6.90,6.90,true,1,
7290015366670,false,משחת שיניים בטעם מנטה אקוהפרש (100 מל),גורי ע.ע.ע בעמ,,,יח`,100,"מ""ל",false,1,6.90,6.90,true,1,
7290015395939,false,חטיף יפני 150 גר` ששון הקולה,דין שיווק וקליה 2021 בעמ,,,יח`,150,גרם,false,1,14.90,9.93,true,1,
7290015397025,false,מטאטא ומקל,מוסקו בעמ,,,יח`,1,,false,1,15,15,false,1,
7290015596268,false,אלכוג`ל 100 מל אפרסק,פישר תעשיות פרמצבטיות בעמ,,,יח`,100,"מ""ל",false,1,17.90,17.90,true,1,
7290015652070,false,קשיו קלוי 150 גר` שקית,דין שיווק וקליה 2021 בעמ,,,יח`,150,גרם,false,1,12.90,8.60,true,1,
7290015652254,false,גרעיני חמניה קלויים ששון הקולה (400 גרם),דין שיווק וקליה 2021 בעמ,,,יח`,400,גרם,false,1,10,2.50,false,1,
7290015652278,false,תערובת פיצוחים 250 גר`,דין שיווק וקליה 2021 בעמ,,,יח`,250,גרם,false,1,20,8,false,1,
7290015652308,false,מנצ`ס 300 גר`,דין שיווק וקליה 2021 בעמ,,,יח`,300,גרם,false,1,10,3.33,false,1,
7290015652315,false,חמוציות מסוכרות ששון הקולה (300 גרם),דין שיווק וקליה 2021 בעמ,,,יח`,300,גרם,false,1,10,3.33,false,1,
7290015733229,false,מטרנה אקסטרא קייר 700  גר`שלב 2 מהדרין,קבוצת אסם סחר שות. מוגבלת,,,יח`,700,גרם,false,1,59.90,8.56,true,1,
7290015733243,false,מטרנה אקסטרא קייר 700  גר`שלב3 מהדרין,קבוצת אסם סחר שות. מוגבלת,,,יח`,700,גרם,false,1,59.90,8.56,true,1,
7290015733427,false,מטרנה דייסת גם וגם 300  גר`וניל פרו,קבוצת אסם סחר שות. מוגבלת,,,יח`,300,גרם,false,1,18.90,6.30,true,1,
7290015733465,false,מטרנה דייסה גם וגם קורנפלור 300 גר`,קבוצת אסם סחר שות. מוגבלת,,,יח`,300,גרם,false,1,18.90,6.30,true,1,
7290015781008,false,יין מרלו ויז`יון טפרברג (750 מל),יקב טפרברג 1870 בעמ (יינות ומש,,,יח`,750,"מ""ל",false,1,39.90,5.28,true,1,
7290015781015,false,יין אדום מלבק ויז`יון טפרברג (750 מל),יקב טפרברג 1870 בעמ (יינות ומש,,,יח`,750,"מ""ל",false,1,39.90,5.28,true,1,
7290015781046,false,יין לבן חצי יבש VISION,יקב טפרברג 1870 בעמ (יינות ומש,,,יח`,750,"מ""ל",false,1,39.90,5.28,true,1,
7290015781091,false,יין קברנה סובניון VISION,יקב טפרברג 1870 בעמ (יינות ומש,,,יח`,750,"מ""ל",false,1,39.90,5.28,true,1,
7290015781114,false,יין אדום אימפרשיין מרלו טפרברג (750 מל),יקב טפרברג 1870 בעמ (יינות ומש,,,יח`,750,"מ""ל",false,1,49.90,6.61,true,1,
7290015781275,false,יין לבן מוסקטו מתוק טפרברג (750 מל),יקב טפרברג 1870 בעמ (יינות ומש,,,יח`,750,"מ""ל",false,1,39.90,5.28,true,1,
7290015855013,false,פלפלונים -טינקרבל א.אדמה,א.אדמה (2007) בעמ,,,יח`,1,,false,1,9.90,9.90,false,1,
7290015855037,false,פלפל צ`ילי בשקית,א.אדמה (2007) בעמ,,,יח`,1,,false,1,9.90,9.90,false,1,
7290015855181,false,גינג`ר יחידה טרי,א.אדמה (2007) בעמ,,,יח`,1,,false,1,8.90,8.90,false,1,
7290015858106,false,ממרח פסטו ביתי 180 גר-על לחם,שטראוס גרופ בעמ/מצונן,,,יח`,180,גרם,false,1,16.90,9.39,false,1,
7290015858144,false,ממרח ארטישוק 180 גר-על לחם,שטראוס גרופ בעמ/מצונן,,,יח`,180,גרם,false,1,16.90,9.39,false,1,
7290015858229,false,זיתי קלמטה 180 גר על לחם,שטראוס גרופ בעמ/מצונן,,,יח`,180,גרם,false,1,16.90,9.39,false,1,
7290015858328,false,איולי פסטו עללחם 295 גר`,שטראוס גרופ בעמ,,,יח`,295,גרם,false,1,12.90,4.37,false,1,
7290015858427,false,מארז עללחם 240 גר`,שטראוס גרופ בעמ/מצונן,,,יח`,240,גרם,false,1,23.90,9.96,false,1,
7290015858441,false,איולי פלפלים עללחם 295 גר`,שטראוס גרופ בעמ,,,יח`,295,גרם,false,1,12.90,4.37,false,1,
7290015858687,false,איולי שום עללחם 295 גר`,שטראוס גרופ בעמ,,,יח`,295,גרם,false,1,12.90,4.37,false,1,
7290015858694,false,איולי שום לימון עללחם 295 גר`,שטראוס גרופ בעמ,,,יח`,295,גרם,false,1,12.90,4.37,false,1,
7290015865692,false,ענבי ציון תענוג פרי תות שדה 400 גר`,אבאל יזמות בעמ,,,יח`,400,גרם,false,1,16.90,4.23,false,1,
7290015872096,false,חומוס  אסלי( 700 גר`),סלטי שמיר 2006 בעמ,,,יח`,700,גרם,false,1,9.90,1.41,false,1,
7290015889438,false,וודקה ארטמיס 40% 700 מל כשלפ,בני פאוזי שמשום (2009) בעמ,,,יח`,750,"מ""ל",false,1,49.90,6.61,false,1,
7290015951869,false,הר חרמון רוזה 750 מל,היכל היין שקד גולן בעמ,,,יח`,750,"מ""ל",false,1,35.90,4.75,true,1,
7290015968102,false,קיסמי שיניים רפואיים עם חוט דנטלי 100 יח,אינטרסן 1996 בעמ,,,יח`,1,,false,1,14.90,14.90,true,1,
7290015968140,false,אטב אחיזה בעיצוב איטלקי 36 יח במארז,אינטרסן 1996 בעמ,,,יח`,1,,false,1,15.90,15.90,true,1,
7290016006292,false,נקטר מנגו בננה ספרינג (1 ליטר),יפאורה,,,יח`,1,1 ליטר,false,1,6.90,6.90,false,1,
7290016006339,false,מים מינרלים מי עדן (1x4 ליטר),יפאורה,,,יח`,4,1 ליטר,false,1,10,2.20,false,1,
7290016006346,false,שוופס סודה 500 מל שישייה,יפאורה,,,יח`,3000,"מ""ל",false,1,13.90,0.40,false,1,
7290016087123,false,רוטב עגבניות פסטה קלאסי 240  גר`פריניר,אבאל יזמות בעמ,,,יח`,230,גרם,false,1,5.50,2.39,true,1,
7290016087499,false,עגבניות חתוכות דק שליישיה 400  גר`פריניר,אבאל יזמות בעמ,,,יח`,1.20,"ק""ג",false,1,11.90,9.92,false,1,
7290016096934,false,סלט טונה פילטונה,פילטונה תעשיות בעמ,,,יח`,1,,false,1,11.90,11.90,false,1,
7290016136708,false,א.פרש 100 מל שלישיות עדין,גורי ע.ע.ע בעמ,,,יח`,300,"מ""ל",false,1,17.90,5.97,true,1,
7290016150117,false,סלק אדום בוואקום 500 גרם,ביג פוד כחול לבן בעמ*שיק 30 יו,,,יח`,1,,false,1,8.90,8.90,true,1,
7290016150711,false,נוזל קוקוס פחית 400  גר`AVEL,אבאל יזמות בעמ,,,יח`,400,גרם,false,1,5.90,1.48,true,1,
7290016188592,false,למברוסקו אדום חצי יבש 750 מל יקבי כרמל,אגודת הכורמים,,,יח`,750,"מ""ל",false,1,26.90,3.55,true,1,
7290016197495,false,מטליות מיקרופייבר לרצפה ניקול) (2,קימברלי קלארק ישראל שיווק בעמ,,,יח`,1,,false,1,24.90,24.90,true,1,
7290016197877,false,שקית לפחי מטבח קטניםM,קימברלי קלארק ישראל שיווק בעמ,,,יח`,1,,false,1,21.90,21.90,false,1,
7290016217759,false,סלט חציל מרוקאי 200 גר,סלטי שמיר 2006 בעמ,,,יח`,200,גרם,false,1,11.90,5.95,true,1,
7290016246025,false,בארכה פינוקיות חלבה ללס 10*20גר`,קבוצת אסם סחר שות. מוגבלת,,,יח`,200,גרם,false,1,11.90,5.95,false,1,
7290016246445,false,טחינה גולמית מעודנת שומשום מלא  גר`310,קבוצת אסם סחר שות. מוגבלת,,,יח`,310,גרם,false,1,10.90,3.52,false,1,
7290016246711,false,טחינה גולמית מעודנת אריסה 310  גר`בארכה,קבוצת אסם סחר שות. מוגבלת,,,יח`,310,גרם,false,1,13.90,4.48,false,1,
7290016246773,false,טחינה מתובלת גולמית מעודנת משומשום מלא ז,קבוצת אסם סחר שות. מוגבלת,,,יח`,310,גרם,false,1,13.90,4.48,false,1,
7290016267075,false,לחם מחמצת זתי קלמנטה/אגוזים בונז`ור,קבוצת אסם סחר שות. מוגבלת,,,יח`,480,גרם,false,1,16.90,3.52,false,1,
7290016276534,false,שמן קוקוס לא מזו,קונסיגנציה-דין שיווק וקליה 202,,,יח`,500,"מ""ל",false,1,34.90,6.98,false,1,
7290016277470,false,שיבולת שועל 350  גר`דקה,דין שיווק וקליה 2021 בעמ,,,יח`,350,גרם,false,1,3.90,1.11,true,1,
7290016277487,false,שיבולת שועל 350  גר`עבה,דין שיווק וקליה 2021 בעמ,,,יח`,350,גרם,false,1,3.90,1.11,true,1,
7290016302042,false,מארז רביעיית סנדוויץ פרנה,קונסיגנציה ג`נרל מילס ישראל בע,,,יח`,1,,false,1,11.90,11.90,false,1,
7290016329308,false,סרקל קרם רוזמרין לשעיר מתולתל 325 מל,פישר תעשיות פרמצבטיות בעמ,,,יח`,325,"מ""ל",false,1,27.90,8.58,false,1,
7290016372342,false,עגבניות חתוכות לקוביות בלה איטליה 400 גר,תה ויסוצקי (ישראל) בעמ,,,יח`,1.20,"ק""ג",false,1,16.90,14.08,false,1,
7290016387650,false,מקל  +1.5 הברגה 1/25,מ.א.ייצור ויבוא מטליות בעמ,,,יח`,1,,false,1,6.90,6.90,false,1,
7290016509786,false,פרסיל ג`ל 2.5 ליטר ירוק,גורי שיווק בעמ,,,יח`,2.50,1 ליטר,false,1,34.90,13.96,true,1,
7290016509809,false,פרסיל ג`ל 2.5 ליטר קולור,גורי שיווק בעמ,,,יח`,2.50,1 ליטר,false,1,34.90,13.96,true,1,
7290016509830,false,פרסיל ג`ל 2.5 ליטר בייבי,גורי שיווק בעמ,,,יח`,2.50,1 ליטר,false,1,34.90,13.96,true,1,
7290016510232,false,תחליב רחצה הוואי יוגורט קוקוס 700 מל,הנקל סוד בעמ,,,יח`,700,"מ""ל",false,1,9.90,1.41,false,1,
7290016564006,false,מבריקל  הפלא- ספוג לכלים שלישייה,אבאל יזמות בעמ,,,יח`,1,,false,1,9.90,9.90,false,1,
7290016564211,false,מארז 3 מטליות מייקרופבר למטבח מבריקל,אבאל יזמות בעמ,,,יח`,1,,false,1,11.90,11.90,true,1,
7290016564266,false,כיסוי הפלא 30 יח מבריקל,אבאל יזמות בעמ,,,יח`,1,,false,1,9.90,9.90,false,1,
7290016564273,false,שלישיית סחבות לרצפה מבריקל,אבאל יזמות בעמ,,,יח`,1,,false,1,14.90,14.90,false,1,
7290016564297,false,מארז זוג שקיות סנדוויץ 300 גר מבריקל,אבאל יזמות בעמ,,,יח`,1,,false,1,11.90,11.90,true,1,
7290016564426,false,מבריקל שקיות אשפה ג`מבו XXL עם ידית 25,אבאל יזמות בעמ,,,יח`,1,,false,1,15.90,15.90,true,1,
7290016682083,false,מיץ תות בננה 400 מל פרי יב,תנובה - פריניב,,,יח`,400,"מ""ל",false,1,9.90,2.40,true,1,
7290016682168,false,תפוז וולנסיה סחוט 400 מל,תנובה - פריניב,,,יח`,400,"מ""ל",false,1,9.90,2.40,true,1,
7290016682243,false,מיץ אשכולית אדומה 1 ליטר פרי ניב,תנובה - פריניב,,,יח`,1,1 ליטר,false,1,15.90,15.90,true,1,
7290016682328,false,מיץ תפוזים עשוי מרכז 2 ליטר,תנובה - פריניב,,,יח`,2,1 ליטר,false,1,20.90,10.30,true,1,
7290016717099,false,סלקטד אדום חצי יבש 750 מל,אגודת הכורמים,,,יח`,750,"מ""ל",false,1,29.90,3.95,true,1,
7290016717754,false,יין היובל ישן נושן יקבי כרמל (750 מל),אגודת הכורמים,,,יח`,750,"מ""ל",false,1,19.90,2.61,true,1,
7290016717976,false,יין ספארקלינג בטעם אפרסק 750 מל BUZZ,אגודת הכורמים,,,יח`,750,"מ""ל",false,1,27.90,3.68,true,1,
7290016866650,false,משחת שיניים פרודונטקס אוריג`ינל 75 מל,גורי ע.ע.ע בעמ,,,יח`,75,"מ""ל",false,1,30.90,41.20,true,1,
7290016967074,false,לחם חיטה מלאה 750 גר אנג`ל,שלמה א. אנג`ל בעמ,,,יח`,750,גרם,false,1,15.90,2.12,false,1,
7290017023199,false,מוגז פירות 330 מל סליק תות ליים שוופס.,יפאורה,,,יח`,330,"מ""ל",false,1,3.90,1.09,false,1,
7290017023212,false,שוופס רביעיות מוגז פירות 330 מל סליק תפ,יפאורה,,,יח`,1.32,1 ליטר,false,1,12.90,8.86,false,1,
7290017023229,false,שרינק שוופס רביעיות מוגז פירות 330 מל ס,יפאורה,,,יח`,1.32,1 ליטר,false,1,12.90,8.86,false,1,
7290017023236,false,שרינק שוופס רביעיות מוגז פירות 330 מל ס,יפאורה,,,יח`,1.32,1 ליטר,false,1,12.90,8.86,false,1,
7290017023663,false,שוופס רביעיות מוגז פירות 330 מל סליק ל,יפאורה,,,יח`,1.32,1 ליטר,false,1,12.90,8.86,false,1,
7290017023854,false,שוופס סודה 250 מל רביעייה,יפאורה,,,יח`,1,1 ליטר,false,1,13.90,13.90,true,1,
7290017023861,false,שוופס סודה לימון 250 מל רביעייה,יפאורה,,,יח`,1,1 ליטר,false,1,13.90,13.90,true,1,
7290017023878,false,שוופס סודה נענע ליים 250 מל רביעייה,יפאורה,,,יח`,1,1 ליטר,false,1,13.90,13.90,true,1,
7290017044019,false,מגבונים אסותא בדלי עיסא ערטול) (400,עיסא ערטול בעמ,,,יח`,1,,false,1,19.90,19.90,false,1,
7290017044293,false,מטליות לחות לרצפה 50 יח אסותא,עיסא ערטול בעמ,,,יח`,1,,false,1,29.90,29.90,false,1,
7290017058849,false,זית קלמטה צנצנת 350  גר`תומר,תומר יבוא ושיווק מוצרי מזון (1,,,יח`,350,גרם,false,1,14.90,4.26,false,1,
7290017062747,false,נוזל כלים תפוח  (36% 750 מל)+משאבה  טאצ,סאסאטק אגשח בעמ,,,יח`,750,"מ""ל",false,1,9.90,1.32,false,1,
7290017062754,false,נוזל כלים לימון  (36% 750 מל)+משאבה  טא,סאסאטק אגשח בעמ,,,יח`,750,"מ""ל",false,1,9.90,1.32,false,1,
7290017068374,false,שמרים בוואקום 500  גר`מיה,מיה תעשיות מזון מ.ת.מ. בעמ,,,יח`,500,גרם,false,1,12.50,2.50,false,1,
7290017068848,false,סוכריות קישוט לעוגה צבעוני 200  גר`` צנצ,מיה תעשיות מזון מ.ת.מ. בעמ,,,יח`,200,גרם,false,1,9.90,4.95,false,1,
7290017068855,false,סוכריות קישוט לעוגה חום 200  גר`צנצנת,מיה תעשיות מזון מ.ת.מ. בעמ,,,יח`,200,גרם,false,1,9.90,4.95,false,1,
7290017068909,false,ג`לי לבבות בציפוי שמן 350 גר מיה,מיה תעשיות מזון מ.ת.מ. בעמ,,,יח`,350,גרם,false,1,14.90,4.26,false,1,
7290017068930,false,ג`לי בינס חמוצמוץ 375  גר`מיה,מיה תעשיות מזון מ.ת.מ. בעמ,,,יח`,375,גרם,false,1,14.90,3.97,false,1,
7290017088068,false,חיתולים בייביסיטר מידה 4(42 יח),שקד תבל בעמ,,,יח`,1,,false,1,32.90,32.90,true,1,
7290017088631,false,מגבוני טולי רביעייה ללא בישום,שקד תבל בעמ,,,יח`,1,,false,1,9.90,9.90,false,1,
7290017088815,false,תחבושות BREEZE נורמל 12 יח`,שקד תבל בעמ,,,יח`,1,,false,1,18.90,18.90,false,1,
7290017088914,false,מגבונים בייביסיטר מבושם מארז שישייה,שקד תבל בעמ,,,יח`,1,,false,1,16.90,16.90,false,1,
7290017094830,false,סלט גזר ברוטב  פיקנטי( 400  גר`)אסלי,סלטי שמיר 2006 בעמ,,,יח`,400,גרם,false,1,11.90,2.98,true,1,
7290017094847,false,סלט תפוח  אדמה( 400  גר`)אסלי,סלטי שמיר 2006 בעמ,,,יח`,400,גרם,false,1,9.90,2.48,true,1,
7290017094854,false,סלט קולסלאו  אסלי( 400  גר`)אסלי,סלטי שמיר 2006 בעמ,,,יח`,400,גרם,false,1,9.90,2.48,true,1,
7290017094861,false,חומוס עם רוטב  מסבחה( 400  גר`)אסלי,סלטי שמיר 2006 בעמ,,,יח`,400,גרם,false,1,9.90,2.48,true,1,
7290017105383,false,מארז גרעיני תירס קידס מתוק יכין,זנלכל בעמ,,,יח`,200,גרם,false,1,14.50,7.25,false,1,
7290017105468,false,אפונה גינה עדינה יכין (200x3 גרם),זנלכל בעמ,,,יח`,550,גרם,false,1,14.90,2.71,false,1,
7290017105895,false,גרגרי חומוס מסעדות 550  גר`יכין,זנלכל בעמ,,,יח`,550,גרם,false,1,9.90,1.80,true,1,
7290017121093,false,אריסה חריפה250 גר עללחם,שטראוס גרופ בעמ/מצונן,,,יח`,250,גרם,false,1,13.90,5.56,false,1,
7290017142005,false,שמן קוקוס אורגני כתית 320 מל עץ הזית,סוגת תעשיות בעמ,,,יח`,320,"מ""ל",false,1,29.90,9.34,true,1,
7290017142159,false,נתחי טונה בהירה בשמן זית 80 גר` שלישייה,סוגת תעשיות בעמ,,,יח`,240,גרם,false,1,23.90,9.96,true,1,
7290017142203,false,פילה טונה פרוס עם שמן זית בטעם מעושן 120,סוגת תעשיות בעמ,,,יח`,120,גרם,false,1,14.90,12.42,true,1,
7290017142340,false,שמן זרעי ענבים מזוכך 1 ליטר עץ הזית,סוגת תעשיות בעמ,,,יח`,1,1 ליטר,false,1,29.90,29.90,true,1,
7290017142388,false,שמן חמניות פלוס 1 ליטר אומגה 3 עץ הזית,סוגת תעשיות בעמ,,,יח`,1,1 ליטר,false,1,15.90,15.90,true,1,
7290017142487,false,בורגול עם גרגירי חומוס עם טונה בשמן זית,סוגת תעשיות בעמ,,,יח`,160,גרם,false,1,13.90,8.69,true,1,
7290017197456,false,אסותא מגבוני נייר טואלט שלישייה,עיסא ערטול בעמ,,,יח`,1,,false,1,9.90,9.90,false,1,
7290017217710,false,שיפודי במבוק 15  סמ( 100  יח)אינטרסן,אינטרסן 1996 בעמ,,,יח`,1,,false,1,8.90,8.90,false,1,
7290017275352,false,עוגת שמרים קרנץ תפוע וקינמון 400 גרם אח,אחדות בעמ,,,יח`,400,גרם,false,1,10.90,2.73,false,1,
7290017289175,false,יין פטיט סירה 750 מל ישראלי,יקב טפרברג 1870 בעמ (יינות ומש,,,יח`,750,"מ""ל",false,1,21.90,2.88,true,1,
7290017289182,false,יין לבן חצי יבש 750 מל ישראלי,יקב טפרברג 1870 בעמ (יינות ומש,,,יח`,750,"מ""ל",false,1,21.90,2.88,true,1,
7290017289618,false,יין אדום פטיט סירהיקב טפרברג (750 מל),יקב טפרברג 1870 בעמ (יינות ומש,,,יח`,750,"מ""ל",false,1,49.90,6.61,true,1,
7290017291123,false,שום יבש,חברת יוסף אופנהימר 1986 בעמ,,,יח`,1,,false,1,5,5,false,1,
7290017297088,false,ציפס 2 קג,ויטה -פרי גליל (החדשה) בעמ,,,יח`,2000,גרם,false,1,21.90,1.10,false,1,
7290017297095,false,סטייק ציפס 2 קג,ויטה -פרי גליל (החדשה) בעמ,,,יח`,2000,גרם,false,1,21.90,1.10,false,1,
7290017297118,false,ציפס אמריקאי 2 קג,ויטה -פרי גליל (החדשה) בעמ,,,יח`,2000,גרם,false,1,21.90,1.10,false,1,
7290017297644,false,ברוקלי 800  גר`פרי גליל,ויטה -פרי גליל (החדשה) בעמ,,,יח`,800,גרם,false,1,14.90,1.86,false,1,
7290017304885,false,לחם שיפון וחיטה מלאה 750 גר אנג`ל,שלמה א. אנג`ל בעמ,,,יח`,750,גרם,false,1,16.90,2.25,false,1,
7290017374390,false,סט שירותים מיוחד,מ.א.ייצור ויבוא מטליות בעמ,,,יח`,1,,false,1,20.90,20.90,false,1,
7290017374925,false,מטאטא  אמור+ מקל,מ.א.ייצור ויבוא מטליות בעמ,,,יח`,1,,false,1,19.90,19.90,false,1,
7290017457574,false,סוד כדוריות נתלה שלשות פרחים מהדורה מיוח,גורי שיווק בעמ,,,יח`,1,,false,1,16.90,16.90,false,1,
7290017457611,false,סוד ג`ל כביסה 2.5 ליטר TOTAL ירוק,גורי שיווק בעמ,,,יח`,2.50,1 ליטר,false,1,24.90,9.96,false,1,
7290017457710,false,סוד מרכך  מרוכז( 900  מל)20% בישום-ארו,גורי שיווק בעמ,,,יח`,900,"מ""ל",false,1,11.90,1.32,false,1,
7290017457734,false,סוד מרכך  מרוכז( 900 מל%+)20בישום -ורו,גורי שיווק בעמ,,,יח`,900,"מ""ל",false,1,11.90,1.32,false,1,
7290017477169,false,אגוזי קשיו 250  גר`ששון הקולה,דין שיווק וקליה 2021 בעמ,,,יח`,250,גרם,false,1,20,8,false,1,
7290017477367,false,מטבעות שוקולד לבן לאפייה 300  גר`שקדיה,דין שיווק וקליה 2021 בעמ,,,יח`,300,גרם,false,1,13.90,4.63,false,1,
7290017477374,false,מטבעות שוקולד חלב לאפייה 300  גר`שקדיה,דין שיווק וקליה 2021 בעמ,,,יח`,300,גרם,false,1,13.90,4.63,false,1,
7290017477596,false,תמר מג`הול 400 גר` שקדיה,דין שיווק וקליה 2021 בעמ,,,יח`,400,גרם,false,1,19.90,4.98,true,1,
7290017513775,false,בייגלהמצופים שוקולד חלב 140  גר`פליפז,תה ויסוצקי (ישראל) בעמ,,,יח`,140,גרם,false,1,8.90,6.36,true,1,
7290017589633,false,רזרב קברנה סובניון יקבי ברקן (750  מל)G,טמפו משקאות בעמ,,,יח`,750,"מ""ל",false,1,49.90,6.61,true,1,
7290017599359,false,סוכרזית קלאסי כפית לכפית 400 גר`,שטראוס גרופ בעמ,,,יח`,400,גרם,false,1,24.90,6.23,false,1,
7290017617046,false,טונה בשמן זית כתית מעולה 140 גר` סטארקיס,סטארקיסט דיפלומט היינץ,,,יח`,560,גרם,false,1,26.90,4.80,false,1,
7290017617091,false,סטארקיסט מיקס טוגו טונה עם פתיתים 185 גר,סטארקיסט דיפלומט היינץ,,,יח`,185,גרם,false,1,12.90,6.97,false,1,
7290017617282,false,נתחי טונה בשמן 140 גר` יונה רביעייה,סטארקיסט דיפלומט היינץ,,,יח`,140,גרם,false,1,21.90,15.64,true,1,
7290017682945,false,מגב חד להב סיליקון silicone one,מ.א.ייצור ויבוא מטליות בעמ,,,יח`,1,,false,1,24.90,24.90,false,1,
7290017715407,false,זית שחור יבש חריף 400  גר`תומר,תומר יבוא ושיווק מוצרי מזון (1,,,יח`,400,גרם,false,1,14.90,3.73,false,1,
7290017812052,false,קברנה סוביניון 750 מל אקסלנס שיראז,אגודת הכורמים,,,יח`,750,"מ""ל",false,1,26.90,3.55,true,1,
7290017812571,false,תירוש אדום 1 ליטר 100% טבעי,אגודת הכורמים,,,יח`,1,1 ליטר,false,1,19.90,19.90,false,1,
7290017812618,false,מיץ ענבים רוזה תירוש 1 ליטר 100% טבעי,אגודת הכורמים,,,יח`,1,1 ליטר,false,1,19.90,19.90,false,1,
7290017871462,false,טוסו חטיף פצפוצי אורז מצופה שוקולד מריר,דנשר (1963) בעמ,,,יח`,0,גרם,false,1,16.90,16.90,false,1,
7290017871707,false,טוסו חטיף פצפוצי אורז וקוקוס ללתס ללא ג,דנשר (1963) בעמ,,,יח`,0,גרם,false,1,16.90,16.90,false,1,
7290017872162,false,עוגיות אגוזי לוז 200 גר טוסו,דנשר (1963) בעמ,,,יח`,200,גרם,false,1,18.90,9.45,false,1,
7290017872193,false,עוגיות שקדים וקינמון 200  גר`טוסו,דנשר (1963) בעמ,,,יח`,200,גרם,false,1,18.90,9.45,false,1,
7290017872667,false,סבון ידיים יהלום 500 מל עם שמן קמומיל,דנשר (1963) בעמ,,,יח`,500,"מ""ל",false,1,9.90,1.98,false,1,
7290017888033,false,בננה לימון נענע סלק 350 מל fruit   veg,יפאורה,,,יח`,350,"מ""ל",false,1,6.90,1.89,true,1,
7290017888101,false,שוופס מוגז עדין אפרסק 330 מל פחיות רביע,יפאורה,,,יח`,1320,1 ליטר,false,1,12.90,0.01,false,1,
7290017888729,false,שוופס סודה 1 ליטר,יפאורה,,,יח`,1,1 ליטר,false,1,3.90,3.90,true,1,
7290017913131,false,אסותא מרכך כביסה 4 ליטר(כביסה  שחורה),עיסא ערטול בעמ,,,יח`,4000,"מ""ל",false,1,14.90,0.37,false,1,
7290017913162,false,אסותא מרכך כביסה 4  ליטר(כחול),עיסא ערטול בעמ,,,יח`,4000,"מ""ל",false,1,14.90,0.37,false,1,
7290017928036,false,מקלות גריסני שומשום 200  גר`מאיר בייגל,דנשר (1963) בעמ,,,יח`,200,גרם,false,1,11.90,5.95,true,1,
7290017928807,false,בייגלה אצבעות שומשום 300  גר`מאיר בייגל,דנשר (1963) בעמ,,,יח`,300,גרם,false,1,11.90,3.97,true,1,
7290017928821,false,מקלות גריסני קלאסי 200  גר`מאיר בייגל,דנשר (1963) בעמ,,,יח`,200,גרם,false,1,11.90,5.95,true,1,
7290017947105,false,לחם בסגנון אמריקה 500  גר`אנג`ל,שלמה א. אנג`ל בעמ,,,יח`,500,גרם,false,1,14.90,2.98,false,1,
7290017947464,false,פיתות כוסמין  שמינייה( 400  גר`)אנג`ל,שלמה א. אנג`ל בעמ,,,יח`,1,,false,1,16.90,16.90,false,1,
7290017947495,false,לחמניות כוסמין 6  יח(450  גר`)אנג`ל,שלמה א. אנג`ל בעמ,,,יח`,450,גרם,false,1,14.90,3.31,false,1,
7290017947891,false,לחם כוסמין וחיטה מלאה 750  גר`אנגל,שלמה א. אנג`ל בעמ,,,יח`,750,גרם,false,1,16.90,2.25,false,1,
7290017947921,false,לחמניות המבורגר שישייה,שלמה א. אנג`ל בעמ,,,יח`,450,גרם,false,1,14.90,3.31,false,1,
7290017947938,false,לחמניות מיני המבורגר אמריקה 400  גר`אנג`,שלמה א. אנג`ל בעמ,,,יח`,400,גרם,false,1,14.90,3.73,false,1,
7290018029206,false,עוגיות כתר ריבה מיקס 600 גר`,שיבולים יצור ושיווק מוצרי מאפה,,,יח`,600,גרם,false,1,19.90,3.32,false,1,
7290018045695,false,דגני בוקר בון בון במילוי קרם בטעם קרמל מ,ר.ב מוצרי דגנים בעמ,,,יח`,480,גרם,false,1,22.90,4.77,true,1,
7290018071205,false,כפפות ניטרו -Vכחולות אלסטיות S ללא אבקה,אינטרסן 1996 בעמ,,,יח`,1,,false,1,18.90,18.90,true,1,
7290018071212,false,כפפות ניטרו -Vכחולות אלסטיות M ללא אבקה,אינטרסן 1996 בעמ,,,יח`,1,,false,1,18.90,18.90,true,1,
7290018071229,false,כפפות ניטרו -Vכחולות אלסטיות L ללא אבקה,אינטרסן 1996 בעמ,,,יח`,1,,false,1,18.90,18.90,true,1,
7290018091272,false,מעדנות בצק עוגיות קקאו טריפל שוקולד ציפס,תנובה קפואים,,,יח`,300,גרם,false,1,14.90,4.97,false,1,
7290018127469,false,פתי בר בטעם שוקולד ללא גלוטן 200  גר`גלו,אבאל יזמות בעמ,,,יח`,200,גרם,false,1,14.90,7.45,false,1,
7290018132388,false,מטרנה גולד שלב 2 700 גר`,קבוצת אסם סחר שות. מוגבלת,,,יח`,700,גרם,false,1,74.90,10.70,true,1,
7290018198056,false,קוביות תפוח אדמה  תפוגן( 1.5 קג),קבוצת אסם סחר שות. מוגבלת,,,יח`,1500,גרם,false,1,24.90,1.66,false,1,
7290018198209,false,תפוגן צ`יפס בטטה קראנצי 500 גר`,קבוצת אסם סחר שות. מוגבלת,,,יח`,500,גרם,false,1,21.90,4.38,false,1,
7290018198254,false,תפוגן קריספי ציפס פוטטוס 1.25קג,קבוצת אסם סחר שות. מוגבלת,,,יח`,1.25,"ק""ג",false,1,27.90,22.32,false,1,
7290018213094,false,מטאטא טוליפ,מ.א.ייצור ויבוא מטליות בעמ,,,יח`,1,,false,1,16.90,16.90,false,1,
7290018213827,false,מגב להב גומי איכותי נינג`ה,מ.א.ייצור ויבוא מטליות בעמ,,,יח`,1,,false,1,17.90,17.90,false,1,
7290018237922,false,שניצלונים ציפוי צ`יפס 700  גר`עוף טוב,קבוצת אסם סחר שות. מוגבלת,,,יח`,700,גרם,false,1,13.90,1.99,false,1,
7290018237939,false,שניצלונים ציפוי שומשום 700  גר`עוף טוב,קבוצת אסם סחר שות. מוגבלת,,,יח`,700,גרם,false,1,13.90,1.99,false,1,
7290018249802,false,ממתיק sweetango צנצנת 280  גר`נטו,אבאל יזמות בעמ,,,יח`,280,גרם,false,1,26.90,9.61,true,1,
7290018282816,false,אסותא מגבונים להסרת איפור,עיסא ערטול בעמ,,,יח`,1,,false,1,14.90,14.90,false,1,
7290018294208,false,סלקטד אדום ישראלי 750 מל,אגודת הכורמים,,,יח`,750,"מ""ל",false,1,29.90,3.95,true,1,
7290018294383,false,קברנה סוביניון אזוריתפינו גריג`יו 750 מ,אגודת הכורמים,,,יח`,750,"מ""ל",false,1,54.90,7.28,true,1,
7290018294895,false,מונלייט לבן חצי יבש 750 מל,אגודת הכורמים,,,יח`,750,"מ""ל",false,1,34.90,4.61,false,1,
7290018294932,false,מיץ ענבים אדום 1 ליטר,אגודת הכורמים,,,יח`,1,1 ליטר,false,1,12.90,12.90,false,1,
7290018344163,false,חטיף חלווה משומשום מלא בתוספת פולי קקאו,אבאל יזמות בעמ,,,יח`,70,גרם,false,1,7.90,11.29,false,1,
7290018344170,false,חטיף חלווה משומשום מלא בטעם וניל ללא סוכ,אבאל יזמות בעמ,,,יח`,70,גרם,false,1,7.90,11.29,false,1,
7290018344774,false,עוגיות כוסמין  אנרג`אוכמניות ללא סוכר,אבאל יזמות בעמ,,,יח`,200,גרם,false,1,24.90,12.45,false,1,
7290018359495,false,תירס מהשדה בלי תוספת  סוכר( 550  גר`)יכי,זנלכל בעמ,,,יח`,550,גרם,false,1,9.90,1.80,false,1,
7290018359518,false,תירס מהשדה בלי תוספת  סוכר( 200 גר *3יח),זנלכל בעמ,,,יח`,600,גרם,false,1,14.90,2.48,false,1,
7290018359556,false,תירס מהשדה בלי תוספת  סוכר( 400  גר)יכין,זנלכל בעמ,,,יח`,400,גרם,false,1,6.90,1.73,false,1,
7290018359587,false,חומוס שלם הקטניה הטובה יכין מארז 3*200,זנלכל בעמ,,,יח`,600,גרם,false,1,13.90,2.32,true,1,
7290018359662,false,קוביות סלק יכין מארז שלישייה 3*200 גרם,זנלכל בעמ,,,יח`,600,גרם,false,1,14.90,2.48,false,1,
7290018359938,false,רוטב עגבניות לשקשוקה 400  גר`יכין,זנלכל בעמ,,,יח`,400,גרם,false,1,11.50,2.88,false,1,
7290018440476,false,בייגלה מצופה בקרם עוגת גבינה ותותים 140,תה ויסוצקי (ישראל) בעמ,,,יח`,140,גרם,false,1,8.90,6.36,true,1,
7290018440490,false,סלט טונה עם קוסקוס 150 ג,תה ויסוצקי (ישראל) בעמ,,,יח`,150,גרם,false,1,14.90,9.93,true,1,
7290018440513,false,סלט קליפורניה עם טונה 150 גר`,תה ויסוצקי (ישראל) בעמ,,,יח`,150,גרם,false,1,14.90,9.93,true,1,
7290018468302,false,נקניקיה צמחית בסגנון מרגז 400 גר`,תנובה קפואים,,,יח`,400,גרם,false,1,39.90,9.98,true,1,
7290018468425,false,נקניק טבעוני בטעם פיקנטי 100 גר טירת צבי,תנובה - חלב,,,יח`,100,גרם,false,1,17.90,17.90,true,1,
7290018468432,false,נקניק טבעוני בטעם מעושן 100 גר טירת צבי,תנובה - חלב,,,יח`,100,גרם,false,1,17.90,17.90,true,1,
7290018471180,false,פרוט אנד  ווג`אננס תפוח גזר 1 ליטר,יפאורה,,,יח`,1000,"מ""ל",false,1,11.90,1.16,true,1,
7290018471210,false,נקטר אגס תפוח סברס ספרינג (1 ליטר),יפאורה,,,יח`,1,1 ליטר,false,1,6.90,6.90,false,1,
7290018471395,false,פרוט אנד  ווג`תפוח רימון סלק וגי`נג`ר 1,יפאורה,,,יח`,1000,"מ""ל",false,1,11.90,1.16,true,1,
7290018471470,false,תפוזינה נקטר תפוז פסיפלורה 1 ליטר,יפאורה,,,יח`,1000,"מ""ל",false,1,6.90,0.69,false,1,
7290018471487,false,תפוזינה נקטר תפוז אננס 1 ליטר,יפאורה,,,יח`,1000,"מ""ל",false,1,6.90,0.69,false,1,
7290018471494,false,תפוזינה נקטר תפוז גזר 1 ליטר,יפאורה,,,יח`,1000,"מ""ל",false,1,6.90,0.69,false,1,
7290018471906,false,משקה מוגז שוופס (1.5 ליטר) לימונדה ורוד,יפאורה,,,יח`,1.50,1 ליטר,false,1,8.90,5.73,true,1,
7290018471913,false,משקה מוגז שוופס (1.5 ליטר) תפוחים,יפאורה,,,יח`,1.50,1 ליטר,false,1,8.90,5.73,true,1,
7290018471920,false,משקה מוגז פירות שוופס (1.5 ליטר) ענבים,יפאורה,,,יח`,1.50,1 ליטר,false,1,8.90,5.73,true,1,
7290018471937,false,משקה מוגז פירות שוופס (1.5 ליטר) תות ל,יפאורה,,,יח`,1.50,1 ליטר,false,1,8.90,5.73,true,1,
7290018471944,false,משקה מוגז פירות שוופס (1.5 ליטר) לימונ,יפאורה,,,יח`,1.50,1 ליטר,false,1,8.90,5.73,true,1,
7290018471951,false,משקה מוגז פירות שוופס (1.5 ליטר) אשכול,יפאורה,,,יח`,1.50,1 ליטר,false,1,8.90,5.73,true,1,
7290018493878,false,סרקל שמפו 750 מל,פישר תעשיות פרמצבטיות בעמ,,,יח`,750,"מ""ל",false,1,19.90,2.65,false,1,
7290018516324,false,פאוץ`פרינוק תפוח ושיבולת שועל 120 גר`,גורי מוצרי צריכה (1991) בעמ,,,יח`,120,גרם,false,1,5.90,4.92,true,1,
7290018516331,false,פאוץ`פרינוק תפוח בננה ושיבולת שועל 120,גורי מוצרי צריכה (1991) בעמ,,,יח`,120,גרם,false,1,5.90,4.92,true,1,
7290018516348,false,פאוץ`פרינוק סלט פירות ושיבולת שועל 120,גורי מוצרי צריכה (1991) בעמ,,,יח`,120,גרם,false,1,5.90,4.92,true,1,
7290018516379,false,ג`וניור סלט פירות ושיבולת שועל 190 גר`,גורי מוצרי צריכה (1991) בעמ,,,יח`,190,גרם,false,1,6.60,3.47,true,1,
7290018571064,false,מקלוני טופי 450 גרם כשלפ,מיה תעשיות מזון מ.ת.מ. בעמ,,,יח`,450,גרם,false,1,15.90,3.53,false,1,
7290018571088,false,טופי חמוצמוץ 600 גרם כשלפ,מיה תעשיות מזון מ.ת.מ. בעמ,,,יח`,600,גרם,false,1,15.90,2.65,false,1,
7290018571224,false,סילאן טבעי לחיץ 470 גרם,מיה תעשיות מזון מ.ת.מ. בעמ,,,יח`,470,גרם,false,1,14.90,3.17,false,1,
7290018571408,false,לקקנים מולטיקולור תותי פרוטי 220 גר`,מיה תעשיות מזון מ.ת.מ. בעמ,,,יח`,220,גרם,false,1,10,4.55,false,1,
7290018571422,false,לקקנים מולטיקולור מיקס 65 יח`,מיה תעשיות מזון מ.ת.מ. בעמ,,,יח`,100,גרם,false,1,22.90,22.90,false,1,
7290018571491,false,ריבת חלב אמיתי זכוכית 340 גר`,מיה תעשיות מזון מ.ת.מ. בעמ,,,יח`,340,גרם,false,1,14.90,4.38,false,1,
7290018571705,false,אורז יסמין 1 קג מיה,מיה תעשיות מזון מ.ת.מ. בעמ,,,יח`,1,"ק""ג",false,1,10.90,10.90,true,1,
7290018571712,false,אורז פרסי 1 קג מיה,מיה תעשיות מזון מ.ת.מ. בעמ,,,יח`,1,"ק""ג",false,1,9.90,9.90,true,1,
7290018571736,false,אורז בסמטי 1 קג מיה,מיה תעשיות מזון מ.ת.מ. בעמ,,,יח`,1,"ק""ג",false,1,10.90,10.90,true,1,
7290018770269,false,זית קלמטה עם שמן זית 215 גר`,אבאל יזמות בעמ,,,יח`,215,גרם,false,1,12.90,6,true,1,
7290018825617,false,תפוא אפיה לבן,תוצרת הנגב אגודה שיתופית חקלאי,,,"ק""ג",1,,true,1,3.90,3.90,false,1,
7290018835005,false,ציפס אורז חום מלא מלח פלפל ושמן זית 60 ג,א.ל.ייצור ושיווק תבלינים בעמ,,,יח`,60,גרם,false,1,6.90,11.50,true,1,
7290018878743,false,חמישיות שוקולד מריר (5*100  גר`)כרמית,כרמית תעשיות ממתקים בעמ,,,יח`,500,גרם,false,1,17.90,3.58,false,1,
7290018893036,false,ביסקוויט סנדוויץ בטעם שוקולד במילוי קרם,ש.שסטוביץ בעמ,,,יח`,176,גרם,false,1,6.90,3.92,false,1,
7290018893098,false,צ`וקטה ביסקוויט מצופה שוקולד חלב 100 גר`,ש.שסטוביץ בעמ,,,יח`,100,גרם,false,1,7.90,7.90,true,1,
7290018893135,false,צ`וקטה גריסיני מלח 120 גר`,ש.שסטוביץ בעמ,,,יח`,120,גרם,false,1,7.90,6.58,true,1,
7290018893647,false,ביסקוויט במילוי קרם בטעם וניל בציפוי שו,ש.שסטוביץ בעמ,,,יח`,150,גרם,false,1,9.90,6.60,true,1,
7290018893746,false,צ`וקטה בייגלה עגבניות ועשבי תיבול 180 גר,ש.שסטוביץ בעמ,,,יח`,180,גרם,false,1,6.90,3.83,true,1,
7290018893753,false,עלי וופל חמאה בטעם לימון 100 גר` צוקטה,ש.שסטוביץ בעמ,,,יח`,100,גרם,false,1,9.90,9.90,true,1,
7290018893876,false,צ`וקטה עוגות אישיות וניל 200 גרם,ש.שסטוביץ בעמ,,,יח`,200,גרם,false,1,12.90,6.45,true,1,
7290018893906,false,צ`וקטה עוגיות סנדביץ וניל 250 גר`,ש.שסטוביץ בעמ,,,יח`,250,גרם,false,1,7.90,3.16,true,1,
7290018893951,false,עלי וופל חמאה בטעם קינמון 100 גר` צוקטה,ש.שסטוביץ בעמ,,,יח`,100,גרם,false,1,9.90,9.90,true,1,
7290018894019,false,בלקוני עוגות מיקס מקס חלב 350 גר`,ש.שסטוביץ בעמ,,,יח`,350,גרם,false,1,14.90,4.26,true,1,
7290018894590,false,צ`וקטה מארז סביבון 225 גר`,ש.שסטוביץ בעמ,,,יח`,225,גרם,false,1,14.90,6.62,false,1,
7290018894606,false,בלקוני וופל קקאו 175 גר`,ש.שסטוביץ בעמ,,,יח`,175,גרם,false,1,8.90,5.09,true,1,
7290018894804,false,בלקוני וופל אגוזים 175 גר`,ש.שסטוביץ בעמ,,,יח`,175,גרם,false,1,8.90,5.09,true,1,
7290018921609,false,קמיל בלו קרם החתלה קלנדולה דר פישר 120,פישר תעשיות פרמצבטיות בעמ,,,יח`,120,גרם,false,1,21.90,18.25,true,1,
7290018925065,false,מיץ תפוזים סחוט פרימור (2 ליטר),שטראוס גרופ בעמ/מצונן,,,יח`,2,1 ליטר,false,1,26.90,13.30,false,1,
7290018925409,false,משקה לימון ואננס 400 מל פרימור,שטראוס גרופ בעמ/מצונן,,,יח`,400,"מ""ל",false,1,7.90,1.90,false,1,
7290018989081,false,חומוס הבית 410  גר`יכין,זנלכל בעמ,,,יח`,410,גרם,false,1,7.90,1.93,false,1,
7290018989128,false,סירופ בטעם ענבים יכין 1 ליטר,זנלכל בעמ,,,יח`,1,1 ליטר,false,1,18.90,18.90,false,1,
7290018989135,false,סירופ בטעם פטל יכין 1 ליטר,זנלכל בעמ,,,יח`,1,1 ליטר,false,1,18.90,18.90,false,1,
7290019056034,false,משקה מוגז פירות שוופס (1.5 ליטר) אננס,יפאורה,,,יח`,1.50,1 ליטר,false,1,8.90,5.73,true,1,
7290019056041,false,משקה מוגז פירות שוופס (1.5 ליטר) לימונ,יפאורה,,,יח`,1.50,1 ליטר,false,1,8.90,5.73,true,1,
7290019056058,false,שוופס מוגז עדין( 1.5 ליטר) תפוח ליים,יפאורה,,,יח`,1.50,1 ליטר,false,1,8.90,5.73,true,1,
7290019056065,false,שוופס מוגז עדין( 1.5 ליטר) פירות יער,יפאורה,,,יח`,1.50,1 ליטר,false,1,8.90,5.73,true,1,
7290019056072,false,שוופס מוגז עדין( 1.5 ליטר) אננס,יפאורה,,,יח`,1.50,1 ליטר,false,1,8.90,5.73,true,1,
7290019056089,false,שוופס מוגז עדין( 1.5 ליטר) ענבי ריזלינג,יפאורה,,,יח`,1.50,1 ליטר,false,1,8.90,5.73,true,1,
7290019056096,false,שוופס מוגז עדין( 1.5 ליטר) אפרסק,יפאורה,,,יח`,1.50,1 ליטר,false,1,8.90,5.73,true,1,
7290019056164,false,מי סודה (1.5x4  ליטר)שוופס,יפאורה,,,יח`,6,1 ליטר,false,1,12.20,1.83,false,1,
7290019056201,false,רביעייה שוופס סודה 1.5 ליטר פירות יער,יפאורה,,,יח`,6,1 ליטר,false,1,12.20,1.83,false,1,
7290019056232,false,שוופס ליים 1.5 ליטר מוחיטו,יפאורה,,,יח`,1.50,1 ליטר,false,1,8.90,5.73,true,1,
7290019056249,false,שוופס מים 1.5 ליטר בטעם ענבים,יפאורה,,,יח`,1.50,1 ליטר,false,1,8.90,5.73,true,1,
7290019056256,false,שוופס מים 1.5 ליטר בטעם תפוחים,יפאורה,,,יח`,1.50,1 ליטר,false,1,8.90,5.73,true,1,
7290019056263,false,שוופס מים 1.5 ליטר בטעם אפרסק,יפאורה,,,יח`,1.50,1 ליטר,false,1,8.90,5.73,true,1,
7290019056270,false,שוופס מים 1.5 ליטר בטעם פירות יער,יפאורה,,,יח`,1.50,1 ליטר,false,1,8.90,5.73,true,1,
7290019056287,false,שוופס מים 1.5 ליטר בטעם אפרסק ללא סוכר,יפאורה,,,יח`,1.50,1 ליטר,false,1,8.90,5.73,true,1,
7290019056300,false,משקה שוופס (1.5  ליטר)ביטר למון,יפאורה,,,יח`,1.50,1 ליטר,false,1,11.90,7.73,false,1,
7290019056324,false,שוופס (1.5  ליטר)מי טוניק,יפאורה,,,יח`,1.50,1 ליטר,false,1,11.90,7.73,false,1,
7290019056355,false,משקה תפוזינה 1.5 ליטר לימונענע,יפאורה,,,יח`,1.50,1 ליטר,false,1,8.90,5.73,true,1,
7290019056362,false,משקה קל תפוזינה 1.5 ליטר ענבים,יפאורה,,,יח`,1.50,1 ליטר,false,1,8.90,5.73,true,1,
7290019056379,false,משקה קל תפוזינה 1.5 ליטר תפוזים,יפאורה,,,יח`,1.50,1 ליטר,false,1,8.90,5.73,true,1,
7290019056386,false,משקה קל תפוזינה 1.5 ליטר אשכוליות,יפאורה,,,יח`,1.50,"מ""ל",false,1,8.90,573.33,true,1,
7290019056393,false,משקה קל תפוזינה 1.5 ליטר תות בננה,יפאורה,,,יח`,1.50,1 ליטר,false,1,8.90,5.73,true,1,
7290019056409,false,משקה קל תפוזינה 1.5 ליטר מנגו,יפאורה,,,יח`,1.50,1 ליטר,false,1,8.90,5.73,true,1,
7290019056423,false,משקה תפוזינה 1.5 ליטר תפוחים,יפאורה,,,יח`,1.50,1 ליטר,false,1,8.90,5.73,true,1,
7290019056430,false,משקה קל תפוזינה 1.5 ליטר תפוזים לייט,יפאורה,,,יח`,1.50,1 ליטר,false,1,8.90,5.73,true,1,
7290019056454,false,RC קולה 1.5 ליטר רגיל,יפאורה,,,יח`,1.50,1 ליטר,false,1,6.90,4.40,false,1,
7290019056485,false,ספרינג תה ירוק 1.5 ליטר בטעם לימון לואיז,יפאורה,,,יח`,1.50,1 ליטר,false,1,8.90,5.73,true,1,
7290019056492,false,ספרינג תה 1.5 ליטר בטעם מנגו אפרסק,יפאורה,,,יח`,1.50,1 ליטר,false,1,8.90,5.73,true,1,
7290019056508,false,פרוט ווטר 1.5 ליטר בטעם ענבים,יפאורה,,,יח`,1.50,1 ליטר,false,1,8.90,5.73,true,1,
7290019056515,false,פרוט ווטר 1.5 ליטר בטעם אננס,יפאורה,,,יח`,1.50,1 ליטר,false,1,8.90,5.73,true,1,
7290019056522,false,פרוט ווטר 1.5 ליטר בטעם תות,יפאורה,,,יח`,1.50,1 ליטר,false,1,8.90,5.73,true,1,
7290019056539,false,פרוט ווטר 1.5 ליטר בטעם אפרסק,יפאורה,,,יח`,1.50,1 ליטר,false,1,8.90,5.73,true,1,
7290019056546,false,פרוט ווטר 1.5 ליטר בטעם אבטיח,יפאורה,,,יח`,1.50,1 ליטר,false,1,8.90,5.73,true,1,
7290019056553,false,מים מינרלים עין גדי (2x6 ליטר),יפאורה,,,יח`,1.20,1 ליטר,false,1,13.70,9.92,false,1,
7290019056560,false,מים עין גדי בודד 2 ליטר,יפאורה,,,יח`,2,1 ליטר,false,1,2.90,1.45,false,1,
7290019056577,false,משקה קל ספרינג 1.5 ליטר מנגו,יפאורה,,,יח`,1.50,1 ליטר,false,1,8.90,5.73,true,1,
7290019056584,false,משקה קל ספרינג 1.5 ליטר תפוזים,יפאורה,,,יח`,1.50,1 ליטר,false,1,8.90,5.73,true,1,
7290019056591,false,משקה קל ספרינג 1.5 ליטר ענבים,יפאורה,,,יח`,1.50,1 ליטר,false,1,8.90,5.73,true,1,
7290019056614,false,משקה קל ספרינג 1.5 ליטר אפרסק,יפאורה,,,יח`,1.50,1 ליטר,false,1,8.90,5.73,true,1,
7290019056621,false,משקה קל ספרינג 1.5 ליטר פירות טרופיים,יפאורה,,,יח`,1.50,1 ליטר,false,1,8.90,5.73,true,1,
7290019056638,false,משקה קל ספרינג 1.5 ליטר תות בננה,יפאורה,,,יח`,1.50,1 ליטר,false,1,8.90,5.73,true,1,
7290019056645,false,משקה קל ספרינג 1.5 ליטר אגס תפוח סברס,יפאורה,,,יח`,1.50,1 ליטר,false,1,8.90,5.73,true,1,
7290019056652,false,משקה קל ספרינג 1.5 ליטר אננס בננה,יפאורה,,,יח`,1.50,1 ליטר,false,1,8.90,5.73,true,1,
7290019056669,false,משקה קל ספרינג 1.5 ליטר תפוחים דיאט,יפאורה,,,יח`,1.50,1 ליטר,false,1,8.90,5.73,true,1,
7290019056720,false,משקה קל קריסטל (2  ליטר)ענבים,יפאורה,,,יח`,2,1 ליטר,false,1,7.20,3.45,false,1,
7290019056737,false,משקה קל קריסטל (2  ליטר)אשכוליות,יפאורה,,,יח`,2,1 ליטר,false,1,7.20,3.45,false,1,
7290019056744,false,משקה קל קריסטל (2  ליטר)תפוזים,יפאורה,,,יח`,2,1 ליטר,false,1,7.20,3.45,false,1,
7290019056768,false,משקה קל קריסטל (2  ליטר)מנגו,יפאורה,,,יח`,2,1 ליטר,false,1,7.20,3.45,false,1,
7290019056775,false,משקה קל קריסטל (2  ליטר)מוגז ענבים,יפאורה,,,יח`,2,1 ליטר,false,1,7.20,3.45,false,1,
7290019056782,false,משקה קל קריסטל (2  ליטר)מוגז למון ליים,יפאורה,,,יח`,2,1 ליטר,false,1,7.20,3.45,false,1,
7290019056799,false,משקה קל קריסטל (2  ליטר)מוגז אקזוטי,יפאורה,,,יח`,2,1 ליטר,false,1,7.20,3.45,false,1,
7290019056805,false,משקה קל קריסטל (2  ליטר)מוגז תפוחים,יפאורה,,,יח`,2,1 ליטר,false,1,7.20,3.45,false,1,
7290019056812,false,משקה קל קריסטל (2  ליטר)מוגז מנטה,יפאורה,,,יח`,2,1 ליטר,false,1,7.20,3.45,false,1,
7290019056829,false,משקה קל קריסטל (2  ליטר)מוגז תפוזים,יפאורה,,,יח`,2,1 ליטר,false,1,7.20,3.45,false,1,
7290019056836,false,משקה קל קריסטל (2  ליטר)מוגז תות,יפאורה,,,יח`,2,1 ליטר,false,1,7.20,3.45,false,1,
7290019056843,false,משקה קל קריסטל (2  ליטר)מוגז קולה,יפאורה,,,יח`,2,1 ליטר,false,1,7.20,3.45,false,1,
7290019056966,false,מי עדן בקבוק פיקדון 1.5 ליטר,יפאורה,,,יח`,1500,"מ""ל",false,1,4.20,0.26,false,1,
7290019056973,false,מים מינרלים (1.5x6  ליטר)מי עדן,יפאורה,,,יח`,9,1 ליטר,false,1,13.90,1.34,false,1,
7290019074298,false,קמיל בלו אקסטרה סופט שמפו לתינוק 500 מל,פישר תעשיות פרמצבטיות בעמ,,,יח`,500,"מ""ל",false,1,22.90,4.58,false,1,
7290019101833,false,כוסות נייר b8 פאלאס) (50,פאלאס תעשיות נטו (2014) בעמ,,,יח`,50,יח`,false,1,7.90,0.16,false,1,
7290019145486,false,מרקש ערק פסיפלורה 700 מל,אבאל יזמות בעמ,,,יח`,700,"מ""ל",false,1,39.90,5.66,true,1,
7290019153269,false,סודה אננס (1.5*4  ליטר)שוופס,יפאורה,,,יח`,6,1 ליטר,false,1,12.20,1.83,false,1,
7290019153344,false,משקה קל תפוזינה 1.5 ליטר סנגרייה,יפאורה,,,יח`,1500,"מ""ל",false,1,8.90,0.57,true,1,
7290019153351,false,משקה קל תפוזינה 1.5 ליטר פינק אוזו,יפאורה,,,יח`,1500,"מ""ל",false,1,8.90,0.57,true,1,
7290019153375,false,משקה קל תפוזינה 1.5 ליטר מוחיטו,יפאורה,,,יח`,1500,"מ""ל",false,1,8.90,0.57,true,1,
7290019153566,false,משקה קל ספרינג 1.5 ליטר רימון אוכמניות,יפאורה,,,יח`,1.50,1 ליטר,false,1,8.90,5.73,true,1,
7290019167020,false,עוגת גבינה עם פירורים 82 גרם עדן קינוחים,תנובה - חלב,,,יח`,82,גרם,false,1,6.90,8.41,false,1,
7290019167037,false,תותים בקצפת 82 גרם עדן קינוחים,תנובה - חלב,,,יח`,82,גרם,false,1,6.90,8.41,false,1,
7290019232353,false,תה ירוק סיני 50 יח`,תה ויסוצקי (ישראל) בעמ,,,יח`,75,גרם,false,1,44.90,59.87,true,1,
7290019232834,false,בייגלה מצופים בקרם עוגיות ושוקולד 140 גר,תה ויסוצקי (ישראל) בעמ,,,יח`,140,גרם,false,1,7.90,5.64,true,1,
7290019297451,false,מי ורדים 500 מל דין שיווק,דין שיווק וקליה 2021 בעמ,,,יח`,500,"מ""ל",false,1,19.90,3.98,true,1,
7290019297536,false,חמאת בוטנים 510 גר` עם שברי בוטנים דין ש,דין שיווק וקליה 2021 בעמ,,,יח`,510,גרם,false,1,12.90,2.53,true,1,
7290019297628,false,שקד טבעי 150 גרם ששון הקולה,דין שיווק וקליה 2021 בעמ,,,יח`,150,גרם,false,1,13.90,9.27,true,1,
7290019297635,false,שקדים קלויים 150 גר ששון הקולה,דין שיווק וקליה 2021 בעמ,,,יח`,150,גרם,false,1,16.90,11.27,false,1,
7290019302315,false,יין ספארקלין אבטיח מלון 750 מל BUZZ,אגודת הכורמים,,,יח`,750,"מ""ל",false,1,27.90,3.68,false,1,
7290019303657,false,פינוקיות שומשום מיקס בריאות 250 גר`,אבאל יזמות בעמ,,,יח`,250,גרם,false,1,17.90,7.16,false,1,
7290019303800,false,פינוקיות שומשום שקדים וחמוציות 250 גר`,אבאל יזמות בעמ,,,יח`,250,גרם,false,1,17.90,7.16,false,1,
7290019308126,false,פולי סויה 400 גר` פרוסטי,נ.ת.נ.ג.ב החזקות יעוץ וניהול ב,,,יח`,400,גרם,false,1,6.90,1.73,true,1,
7290019393016,false,קמח חיטה לבן ללא צורך בניפוי 1 קג,אבאל יזמות בעמ,,,יח`,1,"ק""ג",false,1,6.90,6.90,true,1,
7290019393061,false,קמח כוסמין 100% ללא צורך בניפוי 1 קג,אבאל יזמות בעמ,,,יח`,1,"ק""ג",false,1,14.90,14.90,false,1,
7290019393085,false,האופה פתיתים בצורת קוסקוס מחיטת דורום 40,אבאל יזמות בעמ,,,יח`,400,גרם,false,1,4.90,1.23,true,1,
7290019462095,false,סלרי חתוך קוביות מרינה,קונס`-מרינה פטריות הגליל בעמ*ש,,,יח`,1,,false,1,11.90,11.90,false,1,
7290019462125,false,עלי תרד גוליבר,קונס`-מרינה פטריות הגליל בעמ*ש,,,יח`,1,,false,1,11.90,11.90,false,1,
7290019462149,false,נבטים צוות לענין מרינה,קונס`-מרינה פטריות הגליל בעמ*ש,,,יח`,1,,false,1,10.90,10.90,false,1,
7290100230145,false,בונז`ור חלה מתוקה קלועה,קבוצת אסם סחר שות. מוגבלת,,,יח`,1,,false,1,11.90,11.90,true,1,
7290100240632,false,פתית 6 דגנים תלמה (250 גרם),יוניליוור ישראל שיווק בעמ,,,יח`,250,גרם,false,1,17.90,7.16,true,1,
7290100240656,false,פתית שיפון תלמה (300 גרם),יוניליוור ישראל שיווק בעמ,,,יח`,300,גרם,false,1,17.90,5.97,true,1,
7290100243671,false,בדין אקסטרא כחול 960 מל,יוניליוור ישראל שיווק בעמ,,,יח`,960,"מ""ל",false,1,16.90,1.76,true,1,
7290100245231,false,נמס בכוס ועוד טעם עוף שקדי מרק,יוניליוור ישראל שיווק בעמ,,,יח`,50,גרם,false,1,6.90,13.80,true,1,
7290100249598,false,רוטב לעוף בטעם שום ודבש קנור (320 גרם),יוניליוור ישראל שיווק בעמ,,,יח`,310,גרם,false,1,13.90,4.48,true,1,
7290100653463,false,פלמוליב ספא מסאז 500מל חדש,ש.שסטוביץ בעמ,,,יח`,500,"מ""ל",false,1,15.90,3.18,false,1,
7290100680650,false,מנה חמה נודלס תאילנדי,קבוצת אסם סחר שות. מוגבלת,,,יח`,76,גרם,false,1,7.90,10.39,true,1,
7290100680711,false,פירורית זהב אסם (350 גרם),קבוצת אסם סחר שות. מוגבלת,,,יח`,350,גרם,false,1,8.90,2.54,false,1,
7290100680728,false,פירורית אסם (350 גרם),קבוצת אסם סחר שות. מוגבלת,,,יח`,350,גרם,false,1,7.90,2.26,false,1,
7290100681138,false,אפרופו מארז שלישיה,קבוצת אסם סחר שות. מוגבלת,,,יח`,150,גרם,false,1,13.90,9.27,true,1,
7290100684139,false,פסטה מיני מקרוני אסם (500 גרם),קבוצת אסם סחר שות. מוגבלת,,,יח`,500,גרם,false,1,5.90,1.18,true,1,
7290100685136,false,אבקת מרק בטעם עוף אסם (1 קג),קבוצת אסם סחר שות. מוגבלת,,,יח`,1,"ק""ג",false,1,14.90,14.90,true,1,
7290100685334,false,אבקת מרק עוף אמיתי מרכיבים 400 גר`,קבוצת אסם סחר שות. מוגבלת,,,יח`,400,גרם,false,1,24.90,6.23,true,1,
7290100685341,false,אבקת מרק רכיבים 400 גר`,קבוצת אסם סחר שות. מוגבלת,,,יח`,400,גרם,false,1,16.90,4.23,true,1,
7290100689301,false,מרק בטעם עוף זך אסם (400 גרם),קבוצת אסם סחר שות. מוגבלת,,,יח`,400,גרם,false,1,15.90,3.98,true,1,
7290100700020,false,גריסי פנינה סוגת (500 גרם),סוגת תעשיות בעמ,,,יח`,200,גרם,false,1,6.90,3.45,true,1,
7290100700273,false,קינואה 500 גר`,סוגת תעשיות בעמ,,,יח`,500,גרם,false,1,15.90,3.18,true,1,
7290100700372,false,אורז בסמטי מלא סוגת (1 קג),סוגת תעשיות בעמ,,,יח`,1,"ק""ג",false,1,13.90,13.90,false,1,
7290100700396,false,אורז יסמין סוגת (1 קג),סוגת תעשיות בעמ,,,יח`,1,"ק""ג",false,1,12.90,12.90,true,1,
7290100700563,false,אורז מיקס קלאסי סוגת (1 קג),סוגת תעשיות בעמ,,,יח`,1,"ק""ג",false,1,12.90,12.90,false,1,
7290100700587,false,בורגול סוגת (500 גרם),סוגת תעשיות בעמ,,,יח`,500,גרם,false,1,5.90,1.18,true,1,
7290100701140,false,אורז ריזוטו ארבוריו סוגת (1 קג),סוגת תעשיות בעמ,,,יח`,1,"ק""ג",false,1,12.90,12.90,true,1,
7290100701157,false,אורז להכנת סושי סוגת (1 קג),סוגת תעשיות בעמ,,,יח`,1,"ק""ג",false,1,11.90,11.90,false,1,
7290100701300,false,קינואה אדומה סוגת (500 גרם),סוגת תעשיות בעמ,,,יח`,500,גרם,false,1,15.90,3.18,true,1,
7290100701454,false,בורגול דק גרישה סוגת (500 גרם),סוגת תעשיות בעמ,,,יח`,500,גרם,false,1,5.90,1.18,true,1,
7290100702611,false,פתיתים אפויים אורז,סוגת תעשיות בעמ,,,יח`,500,גרם,false,1,5.90,1.18,true,1,
7290100702628,false,פתיתים אפויים קוסקוס,סוגת תעשיות בעמ,,,יח`,500,גרם,false,1,5.90,1.18,true,1,
7290100702994,false,סוכר דמררה בשקית סוגת (500 גרם),סוגת תעשיות בעמ,,,יח`,500,גרם,false,1,6.90,1.38,true,1,
7290100703007,false,עדשים שחורות בלוגה סוגת (500 גרם),סוגת תעשיות בעמ,,,יח`,500,גרם,false,1,7.90,1.58,true,1,
7290100704493,false,קמח שמרים פיצה ללא צורך בניפוי 1 קג סוגת,סוגת תעשיות בעמ,,,יח`,1,"ק""ג",false,1,7.90,7.90,false,1,
7290100704516,false,חומוס מיני סוגת (500 גרם),סוגת תעשיות בעמ,,,יח`,500,גרם,false,1,5.90,1.18,true,1,
7290100704622,false,סוכר דמררה דק דק צנצנת 500 גר,סוגת תעשיות בעמ,,,יח`,500,גרם,false,1,7.90,1.58,true,1,
7290100850909,false,חטיף תירס נאצ`ו מקסיקני דוריטוס (70 גרם),שטראוס פריטו ליי בעמ,,,יח`,70,גרם,false,1,3.90,5.57,true,1,
7290100850916,false,חטיף תירס חמוץ חריף דוריטוס (70 גרם),שטראוס פריטו ליי בעמ,,,יח`,70,גרם,false,1,3.90,5.57,true,1,
7290100850923,false,חטיף תירס גריל דוריטוס (70 גרם),שטראוס פריטו ליי בעמ,,,יח`,70,גרם,false,1,3.90,5.57,true,1,
7290100858592,false,אבקת קקאו עלית (150 גרם),שטראוס גרופ בעמ,,,יח`,150,גרם,false,1,8.90,5.93,false,1,
7290100858608,false,אבקת קקאו עלית (500 גרם),שטראוס גרופ בעמ,,,יח`,500,גרם,false,1,23.90,4.78,false,1,
7290100921401,false,שמפו קרטין מחזק הוואי (700 מל),הנקל סוד בעמ,,,יח`,700,"מ""ל",false,1,8.90,1.27,false,1,
7290100921593,false,סוד כדוריות נתלה לאסלה לימון,גורי שיווק בעמ,,,יח`,1,,false,1,7.90,7.90,true,1,
7290100921760,false,שמפו לשיער ולגוף ספורט הוואי (700 מל),הנקל סוד בעמ,,,יח`,700,"מ""ל",false,1,8.90,1.27,false,1,
7290100925751,false,נוזל כלים תפוח סוד (650 מל),גורי שיווק בעמ,,,יח`,650,"מ""ל",false,1,5.90,0.91,false,1,
7290100928561,false,אבקת כביסה סוד 5 קג`,גורי שיווק בעמ,,,יח`,5,"ק""ג",false,1,34.90,6.98,false,1,
7290101110149,false,בליסימו גלידה 1.3 ליטר וניל עם פליק,פלקו בעמ,,,יח`,1.30,1 ליטר,false,1,18.90,14.54,true,1,
7290101110460,false,בליסימו 1.3 וניל צרפתי,פלקו בעמ,,,יח`,1.30,1 ליטר,false,1,18.90,14.54,true,1,
7290101112112,false,גלידה חגיגה טעם טרמיסו,פלקו בעמ,,,יח`,1.80,1 ליטר,false,1,25.90,14.39,false,1,
7290101113157,false,מאגדת גלידל חלבי וניל 6 יח פלדמן,פלקו בעמ,,,יח`,1,,false,1,26.90,26.90,false,1,
7290101113584,false,מאגדת טילונים שוקולד לבן עם ליבת שוקולד,פלקו בעמ,,,יח`,1,,false,1,21.90,21.90,false,1,
7290101113591,false,מאגדת טילונים שוקולד לבן עם עוגיות יולו,פלקו בעמ,,,יח`,1,,false,1,21.90,21.90,false,1,
7290101113676,false,מאגדת שלגון רמזור שישייה,פלקו בעמ,,,יח`,1,,false,1,10.90,10.90,false,1,
7290101113751,false,מאגדת שלגון יולו קרמל ושוקולד בלונדי 4 י,פלקו בעמ,,,יח`,200,גרם,false,1,17.90,8.95,false,1,
7290101113812,false,מאגדת יופלה שייק פרי אננס קוקוס,פלקו בעמ,,,יח`,350,גרם,false,1,19.90,5.69,false,1,
7290101488316,false,ליידי ספיד סטיק ללא סימן ורוד חדש,ש.שסטוביץ בעמ,,,יח`,50,"מ""ל",false,1,21.90,43.80,true,1,
7290101488323,false,ליידי ספיד סטיק ללא סימן ירוק חדש,ש.שסטוביץ בעמ,,,יח`,65,"מ""ל",false,1,21.90,33.69,true,1,
7290101551263,false,סילאן טבעי 700  גר`יד מרדכי,שטראוס גרופ בעמ,,,יח`,700,גרם,false,1,19.90,2.84,false,1,
7290101551300,false,סילאן טבעי לחיץ 380  גר`יד מרדכי .,שטראוס גרופ בעמ,,,יח`,380,גרם,false,1,14.90,3.92,false,1,
7290101551539,false,דנונה פרו 20  גר`אפרסק,שטראוס גרופ בעמ/מצונן,,,יח`,200,גרם,false,1,5.90,2.95,false,1,
7290101551584,false,חטיף צ`יפס קידס תפוצ`יפס) (10*20,שטראוס פריטו ליי בעמ,,,יח`,200,גרם,false,1,12.90,6.45,false,1,
7290101551638,false,מארז צ`יטוס כאפה עשירייה עלית,שטראוס פריטו ליי בעמ,,,יח`,200,גרם,false,1,12.90,6.45,true,1,
7290101863410,false,סיליט באנג אקונומיקה 750 מל,רקיט בנקיזר (ניר איסט) בעמ,,,יח`,750,"מ""ל",false,1,12.90,1.72,false,1,
7290101864127,false,ספריי להסרת כתמים וניש קליה (750 מל),רקיט בנקיזר (ניר איסט) בעמ,,,יח`,750,"מ""ל",false,1,18.90,2.52,true,1,
7290101866633,false,ג`ל להסרת כתמים וניש קליה (3 ליטר),רקיט בנקיזר (ניר איסט) בעמ,,,יח`,3,1 ליטר,false,1,29.90,9.97,true,1,
7290101868460,false,קולון 8 קג`,רקיט בנקיזר (ניר איסט) בעמ,,,יח`,8,"ק""ג",false,1,54.90,6.86,false,1,
7290101869825,false,מילוי מבשם אויר חשמליאואזיס,רקיט בנקיזר (ניר איסט) בעמ,,,יח`,1,,false,1,16.90,16.90,false,1,
7290102030330,false,תפוצ`יפס 200 גר` קראנץ` מקסיקני,שטראוס פריטו ליי בעמ,,,יח`,200,גרם,false,1,10.90,5.45,true,1,
7290102031276,false,שמיניית אקטימל תות בננה,שטראוס גרופ בעמ/מצונן,,,יח`,800,"מ""ל",false,1,19.90,2.49,false,1,
7290102032334,false,קפה נמס וניל עלית (200 גרם),שטראוס גרופ בעמ,,,יח`,200,גרם,false,1,19.90,9.95,false,1,
7290102060979,false,משחת שיניים אלמקס (100 מל),ש.שסטוביץ בעמ,,,יח`,100,גרם,false,1,19.90,19.90,true,1,
7290102390427,false,יוגורט ביו פרופ 3% תות מולר (150 גרם),החב` המרכזית - טרה,,,יח`,150,"מ""ל",false,1,5.30,3.53,false,1,
7290102390465,false,מולר מעדן אפרסק 150 מל,החב` המרכזית - טרה,,,יח`,150,"מ""ל",false,1,5.30,3.53,false,1,
7290102391844,false,מולר יוגורט פרי פרופ יער 150 מל,החב` המרכזית - טרה,,,יח`,150,"מ""ל",false,1,5.30,3.53,false,1,
7290102393039,false,מולר מיקס יוגורט קרמי,החב` המרכזית - טרה,,,יח`,170,גרם,false,1,6.20,3.65,false,1,
7290102393060,false,מולר מיקס יוגורט קרמי,החב` המרכזית - טרה,,,יח`,170,"מ""ל",false,1,6.20,3.65,false,1,
7290102393169,false,מולר סימפלי פרויט תות שדה,החב` המרכזית - טרה,,,יח`,150,גרם,false,1,5.30,3.53,true,1,
7290102393176,false,מולר סימפלי פרויט אפרסק,החב` המרכזית - טרה,,,יח`,150,גרם,false,1,5.30,3.53,true,1,
7290102393268,false,גבינה לבנה 5% 750  גר`פיקוח,החב` המרכזית - טרה,,,יח`,750,גרם,false,1,14.94,1.99,false,1,
7290102394463,false,גבינה צהובה ואקום 28%,החב` המרכזית - טרה,,,יח`,500,גרם,false,1,29.40,5.88,false,1,
7290102394845,false,גבינה צהובה 200  גר`דק דק 9% נעם,החב` המרכזית - טרה,,,יח`,200,גרם,false,1,17.80,8.90,false,1,
7290102395224,false,יוגורט ביו נטורל 1.7% מולר (150x8 גרם),החב` המרכזית - טרה,,,יח`,1200,גרם,false,1,18.80,1.57,false,1,
7290102395446,false,מעדן בטעם וניל עם קצפת מוו (123 גרם),החב` המרכזית - טרה,,,יח`,123,גרם,false,1,3,2.44,false,1,
7290102395477,false,מעדן בטעם שוקולד קצפת מוו (123 גרם),החב` המרכזית - טרה,,,יח`,123,גרם,false,1,3,2.44,false,1,
7290102395521,false,שמנת לבישול 15% 500 מל,החב` המרכזית - טרה,,,יח`,500,"מ""ל",false,1,17.40,3.48,false,1,
7290102396399,false,מעדן בטעם שוקולד מוו (100x8 גרם),החב` המרכזית - טרה,,,יח`,800,גרם,false,1,14.20,1.78,false,1,
7290102396405,false,מעדן בטעם וניל מוו (100x8 גרם),החב` המרכזית - טרה,,,יח`,800,גרם,false,1,14.20,1.78,false,1,
7290102396580,false,מעדן מוו שוקולד ומוס שוקולד,החב` המרכזית - טרה,,,יח`,123,גרם,false,1,3,2.44,false,1,
7290102396597,false,מעדן מוו וניל ומוס שוקולד,החב` המרכזית - טרה,,,יח`,123,גרם,false,1,3,2.44,false,1,
7290102396665,false,גבינה צהובה דקה דקה 15% נעם (200 גרם),החב` המרכזית - טרה,,,יח`,200,גרם,false,1,17.80,8.90,false,1,
7290102396719,false,יוגורט 0% תות סימפלי מולר (150 גרם),החב` המרכזית - טרה,,,יח`,150,גרם,false,1,5.30,3.53,true,1,
7290102396788,false,שוקו בשקית 200 מל,החב` המרכזית - טרה,,,יח`,200,"מ""ל",false,1,2.70,1.35,false,1,
7290102396948,false,חלב הומוגני 3% טרה (1  ליטר)פיקוח,החב` המרכזית - טרה,,,יח`,1,1 ליטר,false,1,6.23,6.23,false,1,
7290102397204,false,גבינה צהובה נעם דק דק פתח סגור 200 גר,החב` המרכזית - טרה,,,יח`,200,גרם,false,1,17.80,8.90,false,1,
7290102397464,false,מולר  נטורל+פקאן גרעינים וחמוציות 150,החב` המרכזית - טרה,,,יח`,150,גרם,false,1,6.20,4.13,false,1,
7290102397600,false,מולר מיקס שקדים ובוטנים בקרמל 170 גרם,החב` המרכזית - טרה,,,יח`,170,גרם,false,1,6.20,3.65,false,1,
7290102397617,false,מולר מיקס קליק 170 גרם,החב` המרכזית - טרה,,,יח`,170,גרם,false,1,6.20,3.65,false,1,
7290102397679,false,קוטג`וחצי 5% 375 גר,החב` המרכזית - טרה,,,יח`,375,גרם,false,1,8.30,2.21,false,1,
7290102397891,false,גבינה מותכת 100 גר צוריאל,החב` המרכזית - טרה,,,יח`,100,גרם,false,1,7.90,7.90,false,1,
7290102398065,false,חלב קרטון 2 ליטר 3% מהדרין וסט,החב` המרכזית - טרה,,,יח`,2,1 ליטר,false,1,12.46,6.23,false,1,
7290102398553,false,משקה שוקו בקבוק 1.5 ליטר בבקבוק,החב` המרכזית - טרה,,,יח`,1500,"מ""ל",false,1,16.70,1.11,false,1,
7290102398560,false,משקה שוקו מועשר בבקבוק 1 ליטר טרה,החב` המרכזית - טרה,,,יח`,1,1 ליטר,false,1,12.10,12.10,false,1,
7290102398669,false,משקה חלב אייס קפוצינו 1 ליטר טרה,החב` המרכזית - טרה,,,יח`,1,1 ליטר,false,1,12.10,12.10,false,1,
7290102398782,false,משקה סויה קלאסי 1 ליטר משק צוריאל,החב` המרכזית - טרה,,,יח`,1,1 ליטר,false,1,9.90,9.90,false,1,
7290102399796,false,יוגורט מולר אקטיב לבן חלבון 25 גר,החב` המרכזית - טרה,,,יח`,200,גרם,false,1,6.20,3.10,true,1,
7290102399802,false,יוגורט מולר אקטיב תות חלבון 20גר,החב` המרכזית - טרה,,,יח`,200,גרם,false,1,6.20,3.10,true,1,
7290103120658,false,ספיד סטיק 24/7 גל שחור,ש.שסטוביץ בעמ,,,יח`,85,גרם,false,1,16.90,19.88,false,1,
7290103126797,false,קולגייט סנסיטיב פרו ריליף 75 מל,ש.שסטוביץ בעמ,,,יח`,110,גרם,false,1,18.90,17.18,false,1,
7290103151508,false,מיכל אחסון 1 ליטר לפיד (5),פאלאס תעשיות נטו (2014) בעמ,,,יח`,1,,false,1,9.90,9.90,true,1,
7290103151515,false,מיכל אחסון 2 ליטר לפיד (4),פאלאס תעשיות נטו (2014) בעמ,,,יח`,1,,false,1,9.90,9.90,true,1,
7290103152956,false,פאלאס תבנית גדולה/רחבה/עמוקה/עגולה,פאלאס תעשיות נטו (2014) בעמ,,,יח`,1,,false,1,1.50,1.50,true,1,
7290103152987,false,פאלאס תבניות אלומיניום קטן/אינגליש,פאלאס תעשיות נטו (2014) בעמ,,,יח`,1,,false,1,0.90,0.90,true,1,
7290103153656,false,מפה 45 מטר סופר עבה פאלאס,פאלאס תעשיות נטו (2014) בעמ,,,יח`,1,,false,1,34.90,34.90,false,1,
7290103156466,false,כפות חד פעמיות לפיד (100),פאלאס תעשיות נטו (2014) בעמ,,,יח`,1,,false,1,9.90,9.90,true,1,
7290103156473,false,כפיות לפיד (100),פאלאס תעשיות נטו (2014) בעמ,,,יח`,1,,false,1,9.90,9.90,true,1,
7290103156480,false,מזלג חד פעמי לפיד (100),פאלאס תעשיות נטו (2014) בעמ,,,יח`,1,,false,1,9.90,9.90,true,1,
7290103156497,false,סכין חד פעמי לפיד (100),פאלאס תעשיות נטו (2014) בעמ,,,יח`,1,,false,1,9.90,9.90,true,1,
7290103401429,false,קפה PLATINUM ברזילאי 200 גר,שטראוס גרופ בעמ,,,יח`,200,גרם,false,1,24.90,12.45,true,1,
7290103404758,false,כרוב אדום במיונז אחלה (120 גרם),שטראוס גרופ בעמ/מצונן,,,יח`,120,גרם,false,1,5,4.17,false,1,
7290103681173,false,הר קברנה סובניון אדום 750 מל,החב` המרכזית - טרה,,,יח`,750,"מ""ל",false,1,36.90,4.88,false,1,
7290103681180,false,הר מרלו יין אדום 750 מל,החב` המרכזית - טרה,,,יח`,750,"מ""ל",false,1,36.90,4.88,false,1,
7290103702311,false,טאצ ממחטות כיס מנטול,שניב תעשיות נייר בעמ,,,יח`,1,,false,1,6.90,6.90,false,1,
7290103703578,false,טואלט לאבלי תלת שכבתי 32 גלילים,שניב תעשיות נייר בעמ,,,יח`,1,,false,1,39.90,39.90,false,1,
7290103704155,false,מגבות  טאצ`6,שניב תעשיות נייר בעמ,,,יח`,1,,false,1,10.90,10.90,false,1,
7290103704162,false,נייר טואלט  טאצ`32 גלילים פרמיום,שניב תעשיות נייר בעמ,,,יח`,1,,false,1,27.90,27.90,false,1,
7290103704568,false,נייר טואלט  טאצ`40 גלילים פרמיום,שניב תעשיות נייר בעמ,,,יח`,1,,false,1,31.90,31.90,false,1,
7290103746001,false,ממחטות  טאצ`חמישייה צבעוני 500 דף,שניב תעשיות נייר בעמ,,,יח`,1,,false,1,12.90,12.90,false,1,
7290104061417,false,חומוס עם טחינה אחלה (400 גרם),שטראוס גרופ בעמ/מצונן,,,יח`,400,גרם,false,1,11.50,2.88,false,1,
7290104061431,false,חומוס עם צנובר אחלה (400 גרם),שטראוס גרופ בעמ/מצונן,,,יח`,400,גרם,false,1,11.50,2.88,false,1,
7290104061448,false,חומוס וחריף אחלה (400 גרם),שטראוס גרופ בעמ/מצונן,,,יח`,400,גרם,false,1,11.50,2.88,false,1,
7290104062599,false,מעדן בטעם תות בננה גמדים (100x8 גרם),שטראוס גרופ בעמ/מצונן,,,יח`,800,"מ""ל",false,1,18.80,2.35,false,1,
7290104064012,false,שוקולד לבן 36ג To Good פסק זמן,שטראוס גרופ בעמ,,,יח`,36,גרם,false,1,4.90,13.61,false,1,
7290104066566,false,טחינה משומשום מלא אחלה (500 גרם),שטראוס גרופ בעמ/מצונן,,,יח`,500,גרם,false,1,14.90,2.98,true,1,
7290104068546,false,מאסט טעם קולה לימון ללס 28 ג,שטראוס גרופ בעמ,,,יח`,28,גרם,false,1,4.90,17.50,false,1,
7290104500572,false,אפרופו 50  גר`איטליאנו,קבוצת אסם סחר שות. מוגבלת,,,יח`,50,גרם,false,1,5,10,true,1,
7290104501661,false,פודינג בטעם וניל צרפתי 80  גר`אסם,קבוצת אסם סחר שות. מוגבלת,,,יח`,80,גרם,false,1,5.90,7.38,false,1,
7290104508189,false,גביעי גלידה אסם) (24,קבוצת אסם סחר שות. מוגבלת,,,יח`,95,גרם,false,1,13.90,14.63,false,1,
7290104508943,false,במבה אסם (200 גרם),קבוצת אסם סחר שות. מוגבלת,,,יח`,200,גרם,false,1,9.90,4.95,true,1,
7290104570162,false,תמר כבוש 500  גר`בית שאן שוקחה,בני ג`ורג` שוקחה (חיפה) בעמ,,,יח`,500,גרם,false,1,12.90,2.58,false,1,
7290104570513,false,תמר מגהול 1 קג,דין שיווק וקליה 2021 בעמ,,,יח`,1000,גרם,false,1,19.90,1.99,true,1,
7290104720499,false,מארז 8 דני וניל,שטראוס גרופ בעמ/מצונן,,,יח`,1,1 ליטר,false,1,16.40,16.40,false,1,
7290104721762,false,קפה טורקי עלית (85x3 גרם),שטראוס גרופ בעמ,,,יח`,255,גרם,false,1,19.90,7.80,false,1,
7290104722530,false,תפוצ`יפס 200 גר` שמנת בצל,שטראוס פריטו ליי בעמ,,,יח`,200,גרם,false,1,10.90,5.45,true,1,
7290104726262,false,מארז 4 דני לשתייה,שטראוס גרופ בעמ/מצונן,,,יח`,500,גרם,false,1,11,2.20,false,1,
7290104726712,false,מילקי שמיניה,שטראוס גרופ בעמ/מצונן,,,יח`,868,"מ""ל",false,1,19.90,2.29,false,1,
7290104728310,false,שמנת עמידה לקצפת 38% שומן 250 מל,שטראוס גרופ בעמ/מצונן,,,יח`,250,"מ""ל",false,1,6.47,2.59,false,1,
7290104729003,false,שמן זית כתית מעולה יד מרדכי (750 מל),שטראוס גרופ בעמ,,,יח`,750,"מ""ל",false,1,33.90,4.52,true,1,
7290104851971,false,מפת שולחן עבה במיוחד 8 יח פאלאס,פאלאס תעשיות נטו (2014) בעמ,,,יח`,1,,false,1,9.90,9.90,false,1,
7290104852794,false,תבנית אלומניום קטנה R29 פאלאס 13 יח,פאלאס תעשיות נטו (2014) בעמ,,,יח`,1,,false,1,12.90,12.90,true,1,
7290104856914,false,מפות  אלבד+ דוגמא 2יח 2.70*1.20,פאלאס תעשיות נטו (2014) בעמ,,,יח`,1,,false,1,11.90,11.90,false,1,
7290104857119,false,צלחות גדולות קלאסיק למיקרוגל לפיד (100),פאלאס תעשיות נטו (2014) בעמ,,,יח`,100,יח`,false,1,39.90,0.40,true,1,
7290104857126,false,צלחות מרק 100 יח קלאסיק לפיד למיקרוגל,פאלאס תעשיות נטו (2014) בעמ,,,יח`,100,יח`,false,1,32.90,0.33,false,1,
7290104858253,false,נר הבדלה צמה צבעונית פאלס,פאלאס תעשיות נטו (2014) בעמ,,,יח`,1,,false,1,6.90,6.90,false,1,
7290104858789,false,כוסיות  יין- 50 יח פאלאס,פאלאס תעשיות נטו (2014) בעמ,,,יח`,1,,false,1,12.90,12.90,false,1,
7290104859779,false,כוסות שתיה קרה 330 מל 40 יח,פאלאס תעשיות נטו (2014) בעמ,,,יח`,1,,false,1,10.90,10.90,true,1,
7290104859786,false,תבנית אלומניום בינונית R31 פאלאס 7 יח,פאלאס תעשיות נטו (2014) בעמ,,,יח`,1,,false,1,9.50,9.50,true,1,
7290104859793,false,תבנית אלומניום ענק R99 פאלאס 4 יח,פאלאס תעשיות נטו (2014) בעמ,,,יח`,1,,false,1,8.90,8.90,true,1,
7290104859809,false,תבנית אלומניום אינגליש R88 פאלאס 14 יח,פאלאס תעשיות נטו (2014) בעמ,,,יח`,1,,false,1,8.90,8.90,true,1,
7290104859823,false,תבנית אלומניום עמוקה R64 פאלאס 8 יח,פאלאס תעשיות נטו (2014) בעמ,,,יח`,1,,false,1,8.90,8.90,true,1,
7290104859830,false,תבנית אלומניום עגולה c10 פאלאס 8 יח,פאלאס תעשיות נטו (2014) בעמ,,,יח`,1,,false,1,9.90,9.90,true,1,
7290104960352,false,תחליב רחצה נקה 7 וניל שקד,החברה הדרומית לשיווק בעמ,,,יח`,750,"מ""ל",false,1,10.90,1.45,true,1,
7290104961533,false,טיטניום ספרי גוף בלק 150 מל,החברה הדרומית לשיווק בעמ,,,יח`,150,"מ""ל",false,1,9.90,6.60,true,1,
7290104963001,false,סופטקר מגבונים רביעייה,החברה הדרומית לשיווק בעמ,,,יח`,1,,false,1,15.90,15.90,false,1,
7290104963162,false,סופטקר- קרם גוף 500 מל,החברה הדרומית לשיווק בעמ,,,יח`,500,"מ""ל",false,1,24.90,4.98,true,1,
7290104964671,false,סקינגארד ספרי שקוף ניחוח אננס-ליצי,החברה הדרומית לשיווק בעמ,,,יח`,200,"מ""ל",false,1,31.90,15.95,true,1,
7290104965647,false,דאו נושם רול און קרליין sweet kiss,החברה הדרומית לשיווק בעמ,,,יח`,75,גרם,false,1,12.90,17.20,true,1,
7290104965654,false,דאו סטיק נושם קרלין SWEET KISS,החברה הדרומית לשיווק בעמ,,,יח`,50,גרם,false,1,14.90,29.80,false,1,
7290105360250,false,קפסולות קפה עלית עשיר וארומטי)(10,שטראוס גרופ בעמ,,,יח`,1,,false,1,16.90,16.90,true,1,
7290105360328,false,קפסולות 10 חזק ועוצמתי עלית) (10,שטראוס גרופ בעמ,,,יח`,50,גרם,false,1,16.90,33.80,true,1,
7290105362339,false,שמנת לבישול 15% יטבתה (250 מל),שטראוס גרופ בעמ/מצונן,,,יח`,250,"מ""ל",false,1,8.40,3.36,true,1,
7290105363602,false,מקלות כיף כף קלאסי עלית (40 גרם),שטראוס גרופ בעמ,,,יח`,40,גרם,false,1,5,12.50,true,1,
7290105364289,false,כיף כף מקלות פצפוצים,שטראוס גרופ בעמ,,,יח`,40,גרם,false,1,5,12.50,true,1,
7290105364302,false,מקלות כיף כף אגוזים עלית (42 גרם),שטראוס גרופ בעמ,,,יח`,42,גרם,false,1,5,11.90,true,1,
7290105366047,false,טחינה לבנה אחלה (400 גרם),שטראוס גרופ בעמ/מצונן,,,יח`,400,גרם,false,1,15.50,3.88,true,1,
7290105366993,false,סימפוניה 200 גר פלפל שיפקה חריף,שטראוס גרופ בעמ/מצונן,,,יח`,200,גרם,false,1,11.40,5.70,false,1,
7290105368331,false,מילקי תות פיקוח,שטראוס גרופ בעמ/מצונן,,,יח`,130,"מ""ל",false,1,2.80,2.15,false,1,
7290105368904,false,שמנת עמידה לקצפת 32% שומן,שטראוס גרופ בעמ/מצונן,,,יח`,250,"מ""ל",false,1,7.40,2.96,false,1,
7290105368928,false,שמנת חמוצה 9% יטבתה (200 מל),שטראוס גרופ בעמ/מצונן,,,יח`,200,"מ""ל",false,1,3.10,1.55,false,1,
7290105691224,false,חטיף טורטיה שום ובצל אסם (60 גרם),קבוצת אסם סחר שות. מוגבלת,,,יח`,60,גרם,false,1,7.90,13.17,true,1,
7290105691248,false,חטיף טורטיה תירס אסם (60 גרם),קבוצת אסם סחר שות. מוגבלת,,,יח`,60,גרם,false,1,7.90,13.17,true,1,
7290105691934,false,קמח שמרים אסם (1 קג),קבוצת אסם סחר שות. מוגבלת,,,יח`,1,"ק""ג",false,1,10.90,10.90,false,1,
7290105693341,false,במבה אסם (25x10 גרם),קבוצת אסם סחר שות. מוגבלת,,,יח`,250,גרם,false,1,16.90,6.76,true,1,
7290105693457,false,עוגת הבית דמקה שוקו וניל 320  גר`בחושות,קבוצת אסם סחר שות. מוגבלת,,,יח`,320,גרם,false,1,11.90,3.72,false,1,
7290105694614,false,ספגטי מהיר הכנה אסם (500 גרם),קבוצת אסם סחר שות. מוגבלת,,,יח`,500,גרם,false,1,5.90,1.18,true,1,
7290105695024,false,פתיתים אפויים 500 גר` אורז עם אטריות אסם,קבוצת אסם סחר שות. מוגבלת,,,יח`,1,,false,1,6.90,6.90,true,1,
7290105695321,false,עוגת בראוניז פאדג`,קבוצת אסם סחר שות. מוגבלת,,,יח`,400,גרם,false,1,18.90,4.73,false,1,
7290105962331,false,סחוג חריף מאוד 220 גרם,שטראוס גרופ בעמ/מצונן,,,יח`,220,גרם,false,1,9.90,4.50,false,1,
7290105965738,false,דנונה לשתיה תות בננה,שטראוס גרופ בעמ/מצונן,,,יח`,263,"מ""ל",false,1,4.90,1.86,false,1,
7290105966469,false,חומץ בלסמי ממודנה יד מרדכי (250 מל),שטראוס גרופ בעמ,,,יח`,250,גרם,false,1,13.90,5.56,false,1,
7290105968098,false,סלט קולסלאו אחלה (500 גרם),שטראוס גרופ בעמ/מצונן,,,יח`,500,גרם,false,1,15.40,3.08,true,1,
7290105968654,false,רביולי עם בטטה פרווה שטראוס (400 גרם),שטראוס גרופ בעמ/מצונן,,,יח`,400,גרם,false,1,20.90,5.23,true,1,
7290105968777,false,אנרג`י פריכיות תחתית שוקולד מריר,שטראוס גרופ בעמ,,,יח`,80,גרם,false,1,8.90,11.13,false,1,
7290106520066,false,רבע לשבע - רגיל,שטראוס גרופ בעמ,,,יח`,160,גרם,false,1,12.90,8.06,true,1,
7290106520288,false,דנונה WOW תות 150 גר`,שטראוס גרופ בעמ/מצונן,,,יח`,150,גרם,false,1,4.60,3.07,true,1,
7290106520905,false,סלט טורקי אחלה (400 גרם),שטראוס גרופ בעמ/מצונן,,,יח`,400,גרם,false,1,16.50,4.13,true,1,
7290106521049,false,קוביות סלק אחלה (400 גרם),שטראוס גרופ בעמ/מצונן,,,יח`,400,גרם,false,1,15.50,3.88,true,1,
7290106526822,false,אנרג`י פריכיות תחתית שוקולד,שטראוס גרופ בעמ,,,יח`,70,גרם,false,1,8.90,12.71,false,1,
7290106528628,false,חטיף תירס בטעם טבעי דוריטוס (185 גרם),שטראוס פריטו ליי בעמ,,,יח`,185,גרם,false,1,7.50,4.05,false,1,
7290106570481,false,באגט קראסט,קבוצת אסם סחר שות. מוגבלת,,,יח`,1,,false,1,7.90,7.90,false,1,
7290106572027,false,קרקר לחמית חמישה דגנים אסם (190 גרם),קבוצת אסם סחר שות. מוגבלת,,,יח`,190,גרם,false,1,8.90,4.68,true,1,
7290106572959,false,מארז אפרופו קלאסי 25*5,קבוצת אסם סחר שות. מוגבלת,,,יח`,125,גרם,false,1,12.90,10.32,true,1,
7290106572997,false,קמח שמרים לפיצה ופוקצ`ה אסם 1 קג`,קבוצת אסם סחר שות. מוגבלת,,,יח`,1,"ק""ג",false,1,10.90,10.90,true,1,
7290106573628,false,חומוס עם טחינה צבר (400 גרם),קבוצת אסם סחר שות. מוגבלת,,,יח`,400,גרם,false,1,12,3,false,1,
7290106574793,false,עוגת הבית שוקוצ`יפס אסם (350 גרם),קבוצת אסם סחר שות. מוגבלת,,,יח`,350,גרם,false,1,11.90,3.40,false,1,
7290106574953,false,בייגלה שטוחים עם שומשום,קבוצת אסם סחר שות. מוגבלת,,,יח`,300,גרם,false,1,9.90,3.30,true,1,
7290106574977,false,בייגלה שטוחים טבעות עם מלח אסם (300 גר,קבוצת אסם סחר שות. מוגבלת,,,יח`,300,גרם,false,1,9.90,3.30,true,1,
7290106575257,false,עוגת הבית סופלה טעם שוקולד,קבוצת אסם סחר שות. מוגבלת,,,יח`,340,גרם,false,1,11.90,3.50,false,1,
7290106575431,false,עוגת הבית סופלה טעם שוקו וניל,קבוצת אסם סחר שות. מוגבלת,,,יח`,340,גרם,false,1,11.90,3.50,false,1,
7290106576513,false,חומוס צבר (400 גרם),קבוצת אסם סחר שות. מוגבלת,,,יח`,500,גרם,false,1,11.90,2.38,false,1,
7290106576537,false,חומוס מסעדה צבר (700 גרם),קבוצת אסם סחר שות. מוגבלת,,,יח`,700,גרם,false,1,10.90,1.56,false,1,
7290106577282,false,טחינה אמיתית צבר (400 גרם),קבוצת אסם סחר שות. מוגבלת,,,יח`,400,גרם,false,1,11.90,2.98,false,1,
7290106577541,false,סלט כרוב אדום צבר (400 גרם),קבוצת אסם סחר שות. מוגבלת,,,יח`,400,גרם,false,1,10.90,2.73,false,1,
7290106578692,false,במבה ביסלי מיקס 80 גר`,קבוצת אסם סחר שות. מוגבלת,,,יח`,80,גרם,false,1,4.30,5.38,true,1,
7290106578821,false,עוגת הבית שמרים שוקולד קלאסית,קבוצת אסם סחר שות. מוגבלת,,,יח`,350,גרם,false,1,17.90,5.11,true,1,
7290106654099,false,מארז מילקי CAKE שמיניה,שטראוס גרופ בעמ/מצונן,,,יח`,272,גרם,false,1,19.90,7.32,false,1,
7290106656727,false,חיוכיםשוקו 600 גר בדצ,שטראוס גרופ בעמ,,,יח`,600,גרם,false,1,17.90,2.98,false,1,
7290106656734,false,חיוכים וניל600 גר בדצ,שטראוס גרופ בעמ,,,יח`,600,גרם,false,1,17.90,2.98,false,1,
7290106663121,false,עוגה אישית מילקי  -CAKE בודד,שטראוס גרופ בעמ/מצונן,,,יח`,1,,false,1,2.90,2.90,false,1,
7290106663503,false,קונפיטורת תות לייט יד מרדכי (230 גרם),שטראוס גרופ בעמ,,,יח`,230,גרם,false,1,11.90,5.17,true,1,
7290106663558,false,רוטב טריאקי יד מרדכי (320 גר` ),שטראוס גרופ בעמ,,,יח`,320,גרם,false,1,13.90,4.34,true,1,
7290106664562,false,רוטב שמנת עם פטריות 9% יטבתה (250 מל),שטראוס גרופ בעמ/מצונן,,,יח`,250,"מ""ל",false,1,9.90,3.96,true,1,
7290106666788,false,סוכ`נוסטלגיה דבש ממולאות,שטראוס גרופ בעמ,,,יח`,80,גרם,false,1,5.90,7.38,false,1,
7290106668577,false,יד מרדכי מיץ לימון 250 מל,שטראוס גרופ בעמ,,,יח`,250,"מ""ל",false,1,7.90,3.16,true,1,
7290106668713,false,יוגורט 3% פירות יער דנונה (150 גרם),שטראוס גרופ בעמ/מצונן,,,יח`,150,גרם,false,1,3.90,2.60,false,1,
7290106720626,false,חטיף תירס בטעם גבינה צ`יטוס (80 גרם),שטראוס פריטו ליי בעמ,,,יח`,80,גרם,false,1,4.50,5.63,false,1,
7290106721920,false,צנצנת ספירמינט צ`יקלט,שטראוס גרופ בעמ,,,יח`,66,גרם,false,1,9.90,15,true,1,
7290106726178,false,דנונה WOW פירות יער 150 גר`,שטראוס גרופ בעמ/מצונן,,,יח`,150,גרם,false,1,4.60,3.07,true,1,
7290106727984,false,כיף כף פצפצים עלית (135 גרם),שטראוס גרופ בעמ,,,יח`,135,גרם,false,1,9.90,7.33,false,1,
7290106729650,false,יוגורט תות 3% דנונה (150x8 גרם),שטראוס גרופ בעמ/מצונן,,,יח`,1200,גרם,false,1,24.90,2.08,false,1,
7290107280013,false,מגבוני בד לחים ליטופים) (72x5,החברה הדרומית לשיווק בעמ,,,יח`,1,,false,1,19.90,19.90,true,1,
7290107280099,false,מגבוני טואלט לחים סנו סופט) (48x3,החברה הדרומית לשיווק בעמ,,,יח`,1,,false,1,14.90,14.90,false,1,
7290107280341,false,ריצפז פרש מטליות חד פעמיות ניחוח מלון מפ,החברה הדרומית לשיווק בעמ,,,יח`,1,,false,1,11.90,11.90,true,1,
7290107280563,false,ג`ל בייבי סנו אוקסיג`ן (3 ליטר),החברה הדרומית לשיווק בעמ,,,יח`,3,1 ליטר,false,1,29.90,9.97,true,1,
7290107280570,false,מקסימה ג`ל כביסהבלי להפריד,החברה הדרומית לשיווק בעמ,,,יח`,3,1 ליטר,false,1,29.60,9.87,true,1,
7290107280655,false,סנו מקסימה א. כביסה בייבי 3.25 קג,החברה הדרומית לשיווק בעמ,,,יח`,3.25,"ק""ג",false,1,31.90,9.82,true,1,
7290107280709,false,ספארק נוזל הברקה למדיח סנו (700 מל),החברה הדרומית לשיווק בעמ,,,יח`,900,"מ""ל",false,1,14.90,1.66,true,1,
7290107280723,false,נוזל לניקוי כלים לימון 700 מל,החברה הדרומית לשיווק בעמ,,,יח`,700,"מ""ל",false,1,7.90,1.13,false,1,
7290107280747,false,נוזל לניקוי כלים קלאסי 700 מל,החברה הדרומית לשיווק בעמ,,,יח`,700,"מ""ל",false,1,7.90,1.13,false,1,
7290107280754,false,נוזל לניקוי כלים היפואלרגני,החברה הדרומית לשיווק בעמ,,,יח`,700,"מ""ל",false,1,7.90,1.13,false,1,
7290107280822,false,ריצפז פרש הום בניחוח ספא מרגיע,החברה הדרומית לשיווק בעמ,,,יח`,2,1 ליטר,false,1,21.90,10.95,true,1,
7290107340243,false,מטען אייפון imx,קונסיגנציה-איי.איקס.אם ישראל ב,,,יח`,1,,false,1,39.90,39.90,false,1,
7290107340526,false,מטען טייפסי IMX,קונסיגנציה-איי.איקס.אם ישראל ב,,,יח`,1,,false,1,39.90,39.90,false,1,
7290107341370,false,כבל טייפסי imx,קונסיגנציה-איי.איקס.אם ישראל ב,,,יח`,1,,false,1,18.90,18.90,false,1,
7290107645584,false,מרק עוף רכיבים טבעיים 400  גר`קנור,יוניליוור ישראל שיווק בעמ,,,יח`,400,גרם,false,1,27.90,6.98,true,1,
7290107645591,false,מרק טעם עוף רכיבים טבעיים 400  גר`קנור,יוניליוור ישראל שיווק בעמ,,,יח`,400,גרם,false,1,16.90,4.23,true,1,
7290107646383,false,מטליות לחות לניקוי רצפות בניחוח לימון,יוניליוור ישראל שיווק בעמ,,,יח`,1,,false,1,10.90,10.90,true,1,
7290107647816,false,ברנפלקס ללתס 500  גר`בדצ,יוניליוור ישראל שיווק בעמ,,,יח`,500,גרם,false,1,22.90,4.58,true,1,
7290107648943,false,ברנפלקס קרנצ`ים מייפל 375 גר`,יוניליוור ישראל שיווק בעמ,,,יח`,375,גרם,false,1,22.90,6.11,true,1,
7290107871297,false,פריכונים מיני עשבי תיבול אסם (25 גרם),קבוצת אסם סחר שות. מוגבלת,,,יח`,1,,false,1,3.90,3.90,false,1,
7290107871990,false,פסטה צינורות מהדרין אסם (500 גרם),קבוצת אסם סחר שות. מוגבלת,,,יח`,500,גרם,false,1,5.90,1.18,true,1,
7290107874427,false,מיני פריכונים בטעם זעתר אסם (25 גרם),קבוצת אסם סחר שות. מוגבלת,,,יח`,1,,false,1,3.90,3.90,false,1,
7290107874441,false,פריכונים מיני בצל מקורמל אסם (25 גרם),קבוצת אסם סחר שות. מוגבלת,,,יח`,1,,false,1,3.90,3.90,false,1,
7290107874502,false,ביסלי חטיף בטעם גריל אסם (55x4 גרם),קבוצת אסם סחר שות. מוגבלת,,,יח`,220,גרם,false,1,12.90,5.86,true,1,
7290107875004,false,פופקו חמאה ודבש מארז 12 יח,קבוצת אסם סחר שות. מוגבלת,,,יח`,1,,false,1,19.90,19.90,true,1,
7290107875158,false,אסם-מארז במבה קלאסי.,קבוצת אסם סחר שות. מוגבלת,,,יח`,240,גרם,false,1,12.90,5.38,false,1,
7290107875271,false,ביסלי ברביקיו מארז 4יח*55גרם,קבוצת אסם סחר שות. מוגבלת,,,יח`,220,גרם,false,1,12.90,5.86,true,1,
7290107875820,false,קרוטונים אפויים בתיבול ביתי,קבוצת אסם סחר שות. מוגבלת,,,יח`,180,גרם,false,1,10.90,6.06,false,1,
7290107877619,false,במבה במילוי נוגט אסם (30x5 גרם),קבוצת אסם סחר שות. מוגבלת,,,יח`,150,גרם,false,1,14.90,9.93,true,1,
7290107930321,false,קונפיטורת דובדבן יד מרדכי (340 גרם),שטראוס גרופ בעמ,,,יח`,340,גרם,false,1,11.90,3.50,false,1,
7290107931397,false,כיף כף פצפצים עלית (40 גרם),שטראוס גרופ בעמ,,,יח`,40,גרם,false,1,4.90,12.25,true,1,
7290107936309,false,דנונה יווני לבן 7%,שטראוס גרופ בעמ/מצונן,,,יח`,130,גרם,false,1,3.50,2.69,false,1,
7290107937627,false,צנצנת קוביות ספירמינט גומי לעיסה 58גר,שטראוס גרופ בעמ,,,יח`,58,גרם,false,1,9.90,17.07,true,1,
7290107937641,false,צנצנת קוביות בזוקה גומי לעיסה 58גר,שטראוס גרופ בעמ,,,יח`,58,גרם,false,1,9.90,17.07,true,1,
7290107938396,false,אקטימל תות שמינייה בנים,שטראוס גרופ בעמ/מצונן,,,יח`,864,גרם,false,1,19.90,2.30,false,1,
7290107943192,false,שמנת חמוצה מהערבה 27% שומן יטבתה,שטראוס גרופ בעמ/מצונן,,,יח`,200,"מ""ל",false,1,3.90,1.95,false,1,
7290107943369,false,קוואקר שיבולת שועל ללא גולטן 511 גר`,שטראוס פריטו ליי בעמ,,,יח`,511,גרם,false,1,19.90,3.89,false,1,
7290107944472,false,סימפוניה 200 גר שום שמיר 5%,שטראוס גרופ בעמ/מצונן,,,יח`,200,גרם,false,1,11.40,5.70,false,1,
7290107950190,false,מעדן שטראוס דיאט שוקולד מריר,שטראוס גרופ בעמ/מצונן,,,יח`,130,גרם,false,1,3.20,2.46,false,1,
7290107950206,false,מעדן שטראוס דיאט שוקולד 0%,שטראוס גרופ בעמ/מצונן,,,יח`,130,גרם,false,1,3.20,2.46,false,1,
7290107951104,false,בפלות שוקולד 200  גר`עלית,שטראוס גרופ בעמ,,,יח`,200,גרם,false,1,3.90,1.95,false,1,
7290107951715,false,צנצנת קוביות ענבים 58 גר,שטראוס גרופ בעמ,,,יח`,58,גרם,false,1,9.90,17.07,true,1,
7290107953559,false,מארז טורקי לדרך כשלפ,שטראוס גרופ בעמ,,,יח`,168,גרם,false,1,17.90,10.65,false,1,
7290107954709,false,קונפיטורת פירות יער 340 גר יד מרדכי,שטראוס גרופ בעמ,,,יח`,340,גרם,false,1,11.90,3.50,false,1,
7290107954976,false,משקה יטבתה פרו קפה 350 מל,שטראוס גרופ בעמ/מצונן,,,יח`,350,"מ""ל",false,1,6.50,1.86,false,1,
7290107956895,false,קפסולות קפה עלית אספרסו בטעם קרמל,שטראוס גרופ בעמ,,,יח`,50,גרם,false,1,16.90,33.80,true,1,
7290107956932,false,קפסולות קפה עלית אידונזיה  מס`12,שטראוס גרופ בעמ,,,יח`,50,גרם,false,1,16.90,33.80,true,1,
7290107957229,false,נטיפי שוקולד צ`יפס מריר 250  גר`עלית,שטראוס גרופ בעמ,,,יח`,250,גרם,false,1,11.90,4.76,false,1,
7290107957991,false,מילקי מיניייס cake,שטראוס גרופ בעמ/מצונן,,,יח`,144,גרם,false,1,13.90,9.65,false,1,
7290107973861,false,מארז עגבניות קצוצות דק שלישייה מנה מאסט,ש.שסטוביץ בעמ,,,יח`,1200,גרם,false,1,15.90,1.33,false,1,
7290107974073,false,עלי טורטיה קמח לבן 320 גר` מנה מאסטר שף,ש.שסטוביץ בעמ,,,יח`,320,גרם,false,1,9.90,3.09,true,1,
7290107974080,false,עלי טורטיה קמח לבן 744  גר`מנה מאסטר שף,ש.שסטוביץ בעמ,,,יח`,744,גרם,false,1,15.90,2.14,false,1,
7290107974301,false,ליידי ספיד סטיק אלוורה ג`ל 65,ש.שסטוביץ בעמ,,,יח`,65,"מ""ל",false,1,16.90,26,false,1,
7290107974806,false,מנה אורז בסמטי 1 קג,ש.שסטוביץ בעמ,,,יח`,1,"ק""ג",false,1,12.90,12.90,true,1,
7290107974837,false,ממרח מתובל שום 253 גר מנה מאסטר שף,ש.שסטוביץ בעמ,,,יח`,253,גרם,false,1,7.90,3.12,true,1,
7290107975292,false,ליידי ספיד סטיק נערות ורוד 65 גר`,ש.שסטוביץ בעמ,,,יח`,65,גרם,false,1,19.90,30.62,true,1,
7290107975360,false,ליידי ספיד סטיק פיור פרש ג`ל 24/7,ש.שסטוביץ בעמ,,,יח`,65,"מ""ל",false,1,17.90,27.54,false,1,
7290107978330,false,מאסטר שף איטריות דקות 400 גר,ש.שסטוביץ בעמ,,,יח`,400,גרם,false,1,5.90,1.48,true,1,
7290107978453,false,קראנצוס גריל 55 גר`,ש.שסטוביץ בעמ,,,יח`,55,גרם,false,1,2.50,4.55,true,1,
7290107978460,false,קראנצוס פלאפל 55 גר`,ש.שסטוביץ בעמ,,,יח`,55,גרם,false,1,2.50,4.55,true,1,
7290107979566,false,ניילון נצמד  קוקי+ סכין חיתוך 120 מטר,ש.שסטוביץ בעמ,,,יח`,1,,false,1,19.90,19.90,true,1,
7290108350128,false,סושי-שקיות אשפה חזקות במיוחד,החברה הדרומית לשיווק בעמ,,,יח`,1,,false,1,23.90,23.90,false,1,
7290108350142,false,סושי-שקיות רב שימושיותXXL,החברה הדרומית לשיווק בעמ,,,יח`,1,,false,1,11.90,11.90,false,1,
7290108350203,false,כרית קרצוף עם ספוג מקציף סנו סושי) (6,החברה הדרומית לשיווק בעמ,,,יח`,1,,false,1,10.90,10.90,false,1,
7290108350586,false,ספארק 1.5 ליטר נוזל כלים,החברה הדרומית לשיווק בעמ,,,יח`,1.50,1 ליטר,false,1,14.90,9.93,true,1,
7290108350968,false,קרמה דאודורנט ספריי 150 מל,החברה הדרומית לשיווק בעמ,,,יח`,150,"מ""ל",false,1,14.90,9.93,false,1,
7290108351156,false,סנו ג`ט לניקוי כללי ורצפות בתוספת חומץ 1,החברה הדרומית לשיווק בעמ,,,יח`,1.50,1 ליטר,false,1,12.90,8.60,true,1,
7290108351507,false,מרכך כביסה מקסימה Soft Silk,החברה הדרומית לשיווק בעמ,,,יח`,4,1 ליטר,false,1,19.90,4.98,false,1,
7290108351514,false,מרכך כביסה מקסימה 4 ליטר Blue Dlosson,החברה הדרומית לשיווק בעמ,,,יח`,4000,"מ""ל",false,1,19.90,0.50,false,1,
7290108351552,false,ג`ט פלוס לניקוי כללי+חומץ 750 ל סנו,החברה הדרומית לשיווק בעמ,,,יח`,750,"מ""ל",false,1,13.90,1.85,true,1,
7290108351590,false,סנופרש הום נטול גז 350 מל הום בלו בלוסו,החברה הדרומית לשיווק בעמ,,,יח`,350,"מ""ל",false,1,11.90,3.40,true,1,
7290108351811,false,סנו מקסימה סופר מרוכז (1 ליטר)- פרחוני,החברה הדרומית לשיווק בעמ,,,יח`,1,1 ליטר,false,1,17.90,17.90,true,1,
7290108351835,false,סנו מקסימהמרכך כביסה 4 ליטר floral touch,החברה הדרומית לשיווק בעמ,,,יח`,4000,"מ""ל",false,1,19.90,0.50,false,1,
7290108352061,false,משחת שיניים 145 גר` Go white charcoal,החברה הדרומית לשיווק בעמ,,,יח`,145,גרם,false,1,14.90,10.28,true,1,
7290108352085,false,שטיפת מי פה 500 מל shocking frsdh אורב,החברה הדרומית לשיווק בעמ,,,יח`,500,"מ""ל",false,1,19.90,3.98,true,1,
7290108352092,false,משחת שיניים protective salt  אורביטול(,החברה הדרומית לשיווק בעמ,,,יח`,145,גרם,false,1,17.90,12.34,true,1,
7290108352108,false,משחת שיניים shocking fresh  אורביטול( 14,החברה הדרומית לשיווק בעמ,,,יח`,145,גרם,false,1,14.90,10.28,false,1,
7290108352115,false,סנובון שלישיה מוצק WAVE בתוספת אקונומיקה,החברה הדרומית לשיווק בעמ,,,יח`,1,,false,1,14.90,14.90,false,1,
7290108352214,false,מקסימה קפסולות לכביסה 40  יח`בניחוח fres,החברה הדרומית לשיווק בעמ,,,יח`,1,,false,1,36.90,36.90,true,1,
7290108352221,false,סנופרש הום נטול גז 350 מל מלון מפנק,החברה הדרומית לשיווק בעמ,,,יח`,350,"מ""ל",false,1,11.90,3.40,true,1,
7290108352320,false,סנופרש הום נטול גז 350 מל מלון בוטיק,החברה הדרומית לשיווק בעמ,,,יח`,350,"מ""ל",false,1,11.90,3.40,true,1,
7290108352344,false,סנו פרש אוטומטיק הום מלון בוטיק,החברה הדרומית לשיווק בעמ,,,יח`,250,"מ""ל",false,1,13.90,5.56,false,1,
7290108352399,false,ריצפז פרש הום בניחוח פלורל  טאצ`2 ליטר,החברה הדרומית לשיווק בעמ,,,יח`,2,1 ליטר,false,1,21.90,10.95,true,1,
7290108352566,false,מקסימה מרכך כביסה 4 ליטר ג`וי,החברה הדרומית לשיווק בעמ,,,יח`,4000,"מ""ל",false,1,19.90,0.50,false,1,
7290108352573,false,סנו מקסימה 4 ליטר CALM,החברה הדרומית לשיווק בעמ,,,יח`,4,1 ליטר,false,1,19.90,4.98,false,1,
7290108352672,false,מטלית הפלא לריצפה צמד במארז סנו סושי,החברה הדרומית לשיווק בעמ,,,יח`,1,,false,1,19.90,19.90,false,1,
7290108352825,false,ספוג הפלא נירוסטה סנו סושי,החברה הדרומית לשיווק בעמ,,,יח`,1,,false,1,11.90,11.90,true,1,
7290108353068,false,כרית קרצוף עם סיבי נירוסטה,החברה הדרומית לשיווק בעמ,,,יח`,1,,false,1,9.90,9.90,false,1,
7290108353501,false,שקיות אשפה עם ידיות 25 יח סנו סושי,החברה הדרומית לשיווק בעמ,,,יח`,1,,false,1,19.90,19.90,false,1,
7290108353532,false,שקית אשפה בגליל 100 יח סנו סושי,החברה הדרומית לשיווק בעמ,,,יח`,1,,false,1,29.90,29.90,true,1,
7290108353549,false,100 דפי נייר אפיה סנו סושי,החברה הדרומית לשיווק בעמ,,,יח`,1,,false,1,19.90,19.90,false,1,
7290108353655,false,מפיות אירוח איכותית סנו סושי,החברה הדרומית לשיווק בעמ,,,יח`,194,גרם,false,1,8.90,4.59,false,1,
7290108353686,false,מטלית חלומית לרצפה סנו סושי,החברה הדרומית לשיווק בעמ,,,יח`,1,,false,1,11.90,11.90,true,1,
7290108353761,false,תחליב רחצה זן בניחוח קשמיר 600 מל,החברה הדרומית לשיווק בעמ,,,יח`,600,"מ""ל",false,1,17.90,2.98,true,1,
7290108353808,false,תחליב רחצה נקה 7מדגסקר ניחוח אמבר,החברה הדרומית לשיווק בעמ,,,יח`,750,"מ""ל",false,1,10.90,1.45,true,1,
7290108353839,false,כפפות ניטריל מידה M סנו סושי,החברה הדרומית לשיווק בעמ,,,יח`,1,,false,1,29.90,29.90,false,1,
7290108353891,false,דאודורנט רול און קרמה מאסק 75 מל,החברה הדרומית לשיווק בעמ,,,יח`,75,"מ""ל",false,1,12.90,17.20,true,1,
7290108354263,false,מש.שיניים אורביטול ילדים חד קרן,החברה הדרומית לשיווק בעמ,,,יח`,70,גרם,false,1,8.90,12.71,true,1,
7290108354430,false,כיף שמפו לשיקום והזנה שמן קוקוס וקרטין,החברה הדרומית לשיווק בעמ,,,יח`,700,"מ""ל",false,1,11.90,1.70,true,1,
7290108354447,false,כיף מרכך לשיער רגיל תפוח זרעי צ`יה 700,החברה הדרומית לשיווק בעמ,,,יח`,700,"מ""ל",false,1,11.90,1.70,true,1,
7290108354591,false,תחליב רחצה נקה 7 ביו 750 מל ירוק,החברה הדרומית לשיווק בעמ,,,יח`,750,"מ""ל",false,1,10.90,1.45,true,1,
7290108354614,false,נקה 7 מרכך ביו 750 מל ירוק,החברה הדרומית לשיווק בעמ,,,יח`,750,"מ""ל",false,1,10.90,1.45,true,1,
7290108354911,false,קרמה מן 3ב1 שמפו גל רחצה וגילוח 700 מל,החברה הדרומית לשיווק בעמ,,,יח`,700,"מ""ל",false,1,15,2.14,true,1,
7290108355031,false,אל סבון מיניונים נקה  -7 קידס,החברה הדרומית לשיווק בעמ,,,יח`,750,"מ""ל",false,1,10.90,1.45,true,1,
7290108355147,false,תחליב רחצה שמנהי הזנה נקה  (7507 מל),החברה הדרומית לשיווק בעמ,,,יח`,750,"מ""ל",false,1,10.90,1.45,true,1,
7290108355482,false,דאודורנט רול און קרמה לבנדר ואקליפטוס 75,החברה הדרומית לשיווק בעמ,,,יח`,75,"מ""ל",false,1,12.90,17.20,true,1,
7290108356106,false,תחליב רחצה כיף ניחוח שקד700 מל,החברה הדרומית לשיווק בעמ,,,יח`,700,"מ""ל",false,1,11.90,1.70,true,1,
7290108356113,false,תחליב רחצה כיף ניחוח דבש 700 מל,החברה הדרומית לשיווק בעמ,,,יח`,700,"מ""ל",false,1,11.90,1.70,true,1,
7290108356151,false,תחליב רחצה כיף ניחוחמאסק יסמין 700 מל,החברה הדרומית לשיווק בעמ,,,יח`,700,"מ""ל",false,1,11.90,1.70,true,1,
7290108356168,false,תחליב רחצה כיף ניחוח אוקיינס700 מל,החברה הדרומית לשיווק בעמ,,,יח`,700,"מ""ל",false,1,11.90,1.70,true,1,
7290108356526,false,קרליין שמפו 10 לשיער יבש 700,החברה הדרומית לשיווק בעמ,,,יח`,700,"מ""ל",false,1,14.90,2.13,true,1,
7290108356533,false,קרליין שמפו 10 לשיער מתולתל 700,החברה הדרומית לשיווק בעמ,,,יח`,700,"מ""ל",false,1,14.90,2.13,true,1,
7290108356564,false,קרליין מרכך 10 לשיער רגיל 700,החברה הדרומית לשיווק בעמ,,,יח`,700,"מ""ל",false,1,14.90,2.13,true,1,
7290108356588,false,קרליין מרכך 10 לשיער מתולתל 700,החברה הדרומית לשיווק בעמ,,,יח`,700,"מ""ל",false,1,14.90,2.13,true,1,
7290108357004,false,כיף שמפוורד ושמן קוקוי 700,החברה הדרומית לשיווק בעמ,,,יח`,700,"מ""ל",false,1,11.90,1.70,true,1,
7290108357011,false,כיף מרכך ורד ושמן קוקוי 700,החברה הדרומית לשיווק בעמ,,,יח`,700,"מ""ל",false,1,11.90,1.70,true,1,
7290108357028,false,כיף תחליב רחצה ורד ושמן קוקוי 700,החברה הדרומית לשיווק בעמ,,,יח`,700,"מ""ל",false,1,11.90,1.70,true,1,
7290108357042,false,קרליין נושם BIO דאודורנט רולאון citrus b,החברה הדרומית לשיווק בעמ,,,יח`,75,"מ""ל",false,1,12.90,17.20,true,1,
7290108357080,false,קרליין נושם BIO דאודורנט ספריי secret ga,החברה הדרומית לשיווק בעמ,,,יח`,150,"מ""ל",false,1,12.90,8.60,true,1,
7290108357202,false,סנו קליר 1 ליטר בלו בלוסום אקדח,החברה הדרומית לשיווק בעמ,,,יח`,1000,"מ""ל",false,1,11.90,1.19,true,1,
7290108357226,false,סנו אוקסיג`ן להסרת כתמים 1.4 קג,החברה הדרומית לשיווק בעמ,,,יח`,1400,גרם,false,1,29.90,2.14,false,1,
7290108357264,false,סנו אוטומטיק אולטרא פרש,החברה הדרומית לשיווק בעמ,,,יח`,250,"מ""ל",false,1,13.90,5.56,false,1,
7290108357288,false,אקונומיקה ז`אוול בניחוח פריחה לבנה  סנו(,החברה הדרומית לשיווק בעמ,,,יח`,4000,"מ""ל",false,1,16.90,0.42,false,1,
7290108357295,false,סנו אוקסיג`ן פאוור מרסס מסיר כתמים,החברה הדרומית לשיווק בעמ,,,יח`,750,"מ""ל",false,1,18.90,2.52,true,1,
7290108357653,false,סנובון bubbles ג`ל בניחוח אוקיינוס שליש,החברה הדרומית לשיווק בעמ,,,יח`,1,,false,1,14.90,14.90,false,1,
7290108357707,false,כיף שמפו לשיער רגיל תפוח זרעי צ`יה 700,החברה הדרומית לשיווק בעמ,,,יח`,700,"מ""ל",false,1,11.90,1.70,true,1,
7290108357714,false,כיף שמפו לשיער רגיל יבש רימונים ושמן ארג,החברה הדרומית לשיווק בעמ,,,יח`,700,"מ""ל",false,1,11.90,1.70,true,1,
7290108357769,false,כיף מרכךלשיער רגיל תפוח זרעי צ`יה 700,החברה הדרומית לשיווק בעמ,,,יח`,700,"מ""ל",false,1,11.90,1.70,true,1,
7290108357776,false,כיף מרכך לשיער רגיל יבש רימונים ושמן ארג,החברה הדרומית לשיווק בעמ,,,יח`,700,"מ""ל",false,1,11.90,1.70,true,1,
7290108358087,false,תחליב רחצה קרמהמאסק 700 מל,החברה הדרומית לשיווק בעמ,,,יח`,700,"מ""ל",false,1,17.90,2.56,true,1,
7290108359039,false,סנו סושי שקיות אשפה עם ידיתלפחים גבוהים,החברה הדרומית לשיווק בעמ,,,יח`,1,,false,1,19.90,19.90,false,1,
7290108359091,false,כיסוי ניילון עם גומי 30  יח`מידה L,החברה הדרומית לשיווק בעמ,,,יח`,1,,false,1,9.90,9.90,true,1,
7290108359152,false,סנו סושי-תבניות  אלומיניום קוטר 25 סמ,החברה הדרומית לשיווק בעמ,,,יח`,1,,false,1,9.90,9.90,true,1,
7290108359183,false,שקיות אשפה לפח 52*70 סנו סושי) (60,החברה הדרומית לשיווק בעמ,,,יח`,1,,false,1,22.90,22.90,true,1,
7290108359190,false,סנו סושי מגבות נייר בגליל כפול 4=12,החברה הדרומית לשיווק בעמ,,,יח`,1,,false,1,24.90,24.90,false,1,
7290108359824,false,בייבי קרם גוף כיף (500 מל),החברה הדרומית לשיווק בעמ,,,יח`,500,"מ""ל",false,1,19.90,3.98,true,1,
7290108359855,false,בייבי כיף שמפו אל דמע (750 מל),החברה הדרומית לשיווק בעמ,,,יח`,750,"מ""ל",false,1,17.90,2.39,true,1,
7290108359886,false,בייבי כיף תחליב רחצה 1 ליטר,החברה הדרומית לשיווק בעמ,,,יח`,1,1 ליטר,false,1,21.90,21.90,true,1,
7290108359985,false,סנו ז`אוול מרסס ניחוח פריחה לבנה 1 ליטר,החברה הדרומית לשיווק בעמ,,,יח`,1,1 ליטר,false,1,18.90,18.90,true,1,
7290108500677,false,כבד דג שיבוט בשמן הדג 115 גר`,ג.וילי-פוד אינטרנשיונל בעמ,,,יח`,115,גרם,false,1,9.90,8.61,true,1,
7290108501353,false,אנשובי ארוך אמיתי בשמן 45  גר`וילי פוד,ג.וילי-פוד אינטרנשיונל בעמ,,,יח`,0,גרם,false,1,5.90,5.90,true,1,
7290108502381,false,4 יח תחתיות לפיצה 480 גר` וילי פוד,ג.וילי-פוד אינטרנשיונל בעמ,,,יח`,480,גרם,false,1,13.90,2.90,true,1,
7290108502589,false,גבינת שמנת שום 200  גר`EURO CHEESE,ג.וילי-פוד אינטרנשיונל **גבינו,,,יח`,200,גרם,false,1,12.90,6.45,true,1,
7290108507058,false,ביסקוויט פריך בשוקולד חלב 100 גר,ג.וילי-פוד אינטרנשיונל בעמ,,,יח`,100,גרם,false,1,6.90,6.90,true,1,
7290108507652,false,ביסקוויט פריך בשוקולד לבן 100 גר,ג.וילי-פוד אינטרנשיונל בעמ,,,יח`,100,גרם,false,1,6.90,6.90,true,1,
7290108508031,false,אננס שלם 830 גר`,ג.וילי-פוד אינטרנשיונל בעמ,,,יח`,830,גרם,false,1,10.90,1.31,false,1,
7290108508765,false,קונכיות פתיתים 400 גרם וילי פוד,ג.וילי-פוד אינטרנשיונל בעמ,,,יח`,400,גרם,false,1,5.90,1.48,true,1,
7290108508772,false,קונכיות פתיתים עם תרד 400 גרם וילי פוד,ג.וילי-פוד אינטרנשיונל בעמ,,,יח`,400,גרם,false,1,5.90,1.48,true,1,
7290108509144,false,שלישיית עגבניות שלמות מרוסקות במיץ עגבני,ג.וילי-פוד אינטרנשיונל בעמ,,,יח`,400,גרם,false,1,11.90,2.98,false,1,
7290108509250,false,אנטיפסטי ארטישוק עגבניות מיובשות וצלפים,ג.וילי-פוד אינטרנשיונל בעמ,,,יח`,380,גרם,false,1,22.90,6.03,false,1,
7290108509267,false,ארוחת פסטה עם רוטב גבינה ויליפוד,ג.וילי-פוד אינטרנשיונל בעמ,,,יח`,206,גרם,false,1,7.90,3.83,true,1,
7290108509359,false,פופקורן בציפוי בטעם קרמל 90 גר`,ג.וילי-פוד אינטרנשיונל בעמ,,,יח`,90,גרם,false,1,5.90,6.56,true,1,
7290108509571,false,גבינת פטה עם צ`לי ופפריקה 153 גר`,ג.וילי-פוד אינטרנשיונל **גבינו,,,יח`,153,גרם,false,1,15.90,10.39,false,1,
7290108509588,false,גבינת פטה עם עשבי תיבול 153 גר`,ג.וילי-פוד אינטרנשיונל **גבינו,,,יח`,153,גרם,false,1,15.90,10.39,false,1,
7290108509595,false,גבינת פטה עם עגבניות מיובשות וריחן 153 ג,ג.וילי-פוד אינטרנשיונל **גבינו,,,יח`,153,גרם,false,1,15.90,10.39,false,1,
7290108509700,false,אורז פרסי 1  קג`DAAWAT וילי פוד,ג.וילי-פוד אינטרנשיונל בעמ,,,יח`,1,"ק""ג",false,1,9.90,9.90,false,1,
7290108509939,false,פרוסות פילה טונה 120 גר,ג.וילי-פוד אינטרנשיונל בעמ,,,יח`,120,גרם,false,1,12.90,10.75,true,1,
7290108509960,false,שלישיית נתחי טונה בשמן זית 80 גר,ג.וילי-פוד אינטרנשיונל בעמ,,,יח`,240,גרם,false,1,14.90,6.21,false,1,
7290109351025,false,חומוסטחינה חלק צבר (400 גרם),קבוצת אסם סחר שות. מוגבלת,,,יח`,400,גרם,false,1,13.90,3.48,false,1,
7290109351971,false,פיטנס בר פריכיות שוקולד חלב 84 גרם,קבוצת אסם סחר שות. מוגבלת,,,יח`,84,גרם,false,1,14.90,17.74,true,1,
7290109354972,false,ביסקוויט פתי בר ללא גלוטן אסם (200 גרם),קבוצת אסם סחר שות. מוגבלת,,,יח`,200,גרם,false,1,9.90,4.95,true,1,
7290109358260,false,טבעול-נקניקיות עם חלבון 600 גר`,קבוצת אסם סחר שות. מוגבלת,,,יח`,600,גרם,false,1,24.90,4.15,false,1,
7290109358482,false,קרמוגית במילוי חלווה 200 גר` אסם,קבוצת אסם סחר שות. מוגבלת,,,יח`,200,גרם,false,1,11.90,5.95,true,1,
7290109580043,false,שניצל תירס 1.75 קג בדצ זוגלובק,זוגלובק שיווק בעמ,,,יח`,1.80,גרם,false,1,49.90,2772.22,false,1,
7290109922881,false,דורגול מרסס מרוכז למטבח 600 מל,יעקב יעקבי ובניו בעמ,,,יח`,600,"מ""ל",false,1,24.90,4.15,false,1,
7290109923147,false,אסטוניש מרסס פלא של אקונומיקה 750 מל,יעקב יעקבי ובניו בעמ,,,יח`,750,"מ""ל",false,1,14.90,1.99,false,1,
7290110110659,false,פחית ספרייט ליים330 מל סליק,החברה המרכזית להפצת משקאות בעמ,,,יח`,330,"מ""ל",false,1,3.90,1.09,true,1,
7290110113469,false,פחית קולה סליק זירו מנגו קוקה-קולה (330,החברה המרכזית להפצת משקאות בעמ,,,יח`,330,"מ""ל",false,1,3.90,1.09,false,1,
7290110114787,false,נביעות פלוס 1.5 ליטר תפוח,החברה המרכזית להפצת משקאות בעמ,,,יח`,1.50,1 ליטר,false,1,8.90,5.73,false,1,
7290110114794,false,נביעות פלוס 1.5 ליטר אפרסק,החברה המרכזית להפצת משקאות בעמ,,,יח`,1.50,1 ליטר,false,1,8.90,5.73,false,1,
7290110114800,false,נביעות פלוס 1.5 ליטר ענבים,החברה המרכזית להפצת משקאות בעמ,,,יח`,1.50,1 ליטר,false,1,8.90,5.73,false,1,
7290110114855,false,נביעות 1.5 ליטר שישייה,החברה המרכזית להפצת משקאות בעמ,,,יח`,9,1 ליטר,false,1,13.90,1.34,true,1,
7290110114954,false,פריגת תפוזים מתקתק 2 ליטר,החב` המרכזית - טרה,,,יח`,2,1 ליטר,false,1,24.90,12.30,true,1,
7290110114961,false,משקה קל בטעם תפוזים פריגת (1.5 ליטר),החברה המרכזית להפצת משקאות בעמ,,,יח`,1500,"מ""ל",false,1,9.50,0.61,false,1,
7290110114985,false,משקה קל בטעם אשכוליות פריגת (1.5 ליטר),החברה המרכזית להפצת משקאות בעמ,,,יח`,1500,"מ""ל",false,1,9.50,0.61,false,1,
7290110114992,false,משקה קל בטעם אשכוליות לייט פריגת (1.5 לי,החברה המרכזית להפצת משקאות בעמ,,,יח`,1500,"מ""ל",false,1,9.50,0.61,false,1,
7290110115005,false,משקה קל בטעם ענבים פריגת (1.5 ליטר),החברה המרכזית להפצת משקאות בעמ,,,יח`,1500,"מ""ל",false,1,9.50,0.61,false,1,
7290110115036,false,משקה קל בטעם מנגו פריגת (1.5 ליטר),החברה המרכזית להפצת משקאות בעמ,,,יח`,1500,"מ""ל",false,1,9.50,0.61,false,1,
7290110115043,false,משקה קל בטעם לימונענע פריגת (1.5 ליטר),החברה המרכזית להפצת משקאות בעמ,,,יח`,1500,"מ""ל",false,1,9.50,0.61,false,1,
7290110115050,false,משקה קל בטעם תות בננה פריגת (1.5 ליטר),החברה המרכזית להפצת משקאות בעמ,,,יח`,1500,"מ""ל",false,1,9.50,0.61,false,1,
7290110115081,false,פריגת צלול בטעם ענבים 1.5 ליטר,החברה המרכזית להפצת משקאות בעמ,,,יח`,1500,"מ""ל",false,1,9.50,0.61,false,1,
7290110115104,false,פריגת צלול בטעם אפרסק 1.5 ליטר,החברה המרכזית להפצת משקאות בעמ,,,יח`,1500,"מ""ל",false,1,9.50,0.61,false,1,
7290110115111,false,פריגת צלול בטעם אננס 1.5 ליטר,החברה המרכזית להפצת משקאות בעמ,,,יח`,1500,"מ""ל",false,1,9.50,0.61,false,1,
7290110115128,false,פריגת צלול בטעם לימונענע 1.5 ליטר,החברה המרכזית להפצת משקאות בעמ,,,יח`,1500,"מ""ל",false,1,9.50,0.61,false,1,
7290110115180,false,מים נביעות 1.5 ליטר,החברה המרכזית להפצת משקאות בעמ,,,יח`,1.50,"מ""ל",false,1,2.90,173.33,false,1,
7290110115203,false,קוקה קולה 1.5 ליטר,החברה המרכזית להפצת משקאות בעמ,,,יח`,0,1 ליטר,false,1,8.90,8.90,false,1,
7290110115210,false,קוקה קולה דיאט 1.5 ליטר,החברה המרכזית להפצת משקאות בעמ,,,יח`,1.50,1 ליטר,false,1,8.90,5.73,false,1,
7290110115227,false,קוקה קולה זירו 1.5 ליטר,החברה המרכזית להפצת משקאות בעמ,,,יח`,1.50,1 ליטר,false,1,8.90,5.73,false,1,
7290110115234,false,קוקה קולה זירו נטול 1.5 ליטר,החברה המרכזית להפצת משקאות בעמ,,,יח`,1500,"מ""ל",false,1,8.90,0.57,false,1,
7290110115241,false,קוקה קולה זירו לימון 1.5 ליטר,החברה המרכזית להפצת משקאות בעמ,,,יח`,1500,"מ""ל",false,1,8.90,0.57,false,1,
7290110115265,false,ספרייט ליים 1.5 ליטר,החברה המרכזית להפצת משקאות בעמ,,,יח`,1.50,1 ליטר,false,1,8.90,5.73,true,1,
7290110115272,false,ספרייט זירו 1.5 ליטר,החברה המרכזית להפצת משקאות בעמ,,,יח`,1.50,1 ליטר,false,1,8.90,5.73,true,1,
7290110115289,false,ספרייט לימון-נענע 1.5 ליטר,החברה המרכזית להפצת משקאות בעמ,,,יח`,1.50,1 ליטר,false,1,8.50,5.47,true,1,
7290110115302,false,פאנטה  אורנג`זירו 1.5 ליטר,החברה המרכזית להפצת משקאות בעמ,,,יח`,1.50,1 ליטר,false,1,9.50,6.13,false,1,
7290110115357,false,קינלי סודה 1.5 ליטר,החברה המרכזית להפצת משקאות בעמ,,,יח`,1.50,1 ליטר,false,1,4.60,2.87,false,1,
7290110115364,false,קוקה קולה 1.5 ליטר מארז שישייה,החברה המרכזית להפצת משקאות בעמ,,,יח`,9,1 ליטר,false,1,49.90,5.34,false,1,
7290110115371,false,קוקה קולה דיאט 1.5 ליטר מארז שישייה,החברה המרכזית להפצת משקאות בעמ,,,יח`,9,1 ליטר,false,1,49.90,5.34,false,1,
7290110115401,false,קינלי סודה 1.5 ליטר מארז שישייה,החברה המרכזית להפצת משקאות בעמ,,,יח`,9,1 ליטר,false,1,16.50,1.63,false,1,
7290110115418,false,קוקה קולה זירו 1.5 ליטר מארז שישייה,החברה המרכזית להפצת משקאות בעמ,,,יח`,9,1 ליטר,false,1,49.90,5.34,false,1,
7290110115425,false,פיוז תה 1.5 ליטר בטעם גרין לימון-נענע,החברה המרכזית להפצת משקאות בעמ,,,יח`,1.50,1 ליטר,false,1,8.90,5.73,false,1,
7290110115449,false,פיוז תה 1.5 ליטר בטעם מנגו אננס,החברה המרכזית להפצת משקאות בעמ,,,יח`,1.50,1 ליטר,false,1,8.90,5.73,false,1,
7290110115456,false,פיוז תה 1.5 ליטר בטעם אפרסק 19 קל`,החברה המרכזית להפצת משקאות בעמ,,,יח`,1.50,1 ליטר,false,1,8.90,5.73,false,1,
7290110115463,false,פיוז תה 1.5 ליטר בטעם אפרסק,החברה המרכזית להפצת משקאות בעמ,,,יח`,1.50,1 ליטר,false,1,8.90,5.73,false,1,
7290110115586,false,משקה קל בטעם תפוזים 40% פחות סוכר פריגת,החברה המרכזית להפצת משקאות בעמ,,,יח`,1500,"מ""ל",false,1,9.50,0.61,false,1,
7290110115593,false,משקה קל בטעם אשכוליות 40% פחות סוכר פריג,החברה המרכזית להפצת משקאות בעמ,,,יח`,1500,"מ""ל",false,1,9.50,0.61,false,1,
7290110115623,false,פיוז תה זירו 1.5 ליטר בטעם אפרסק,החברה המרכזית להפצת משקאות בעמ,,,יח`,1.50,1 ליטר,false,1,8.90,5.73,false,1,
7290110116064,false,פאנטה זירו פירות ירוק 1.5 ליטר,החברה המרכזית להפצת משקאות בעמ,,,יח`,1.50,1 ליטר,false,1,9.50,6.13,false,1,
7290110116149,false,סירופ בטעם ענבים 750 מל פריגת,החברה המרכזית להפצת משקאות בעמ,,,יח`,750,"מ""ל",false,1,24.90,3.32,false,1,
7290110116323,false,קוקה קולה זירו 1.5 ליטר מארז שישייה חג ש,החברה המרכזית להפצת משקאות בעמ,,,יח`,9,1 ליטר,false,1,49.90,5.34,false,1,
7290110116385,false,פחית זירו מרשמלו סליק קוקה-קולה (330 מל,החברה המרכזית להפצת משקאות בעמ,,,יח`,330,"מ""ל",false,1,3.90,1.09,false,1,
7290110116552,false,ספרייט למןו היט 1.5 ליטר,החברה המרכזית להפצת משקאות בעמ,,,יח`,1.50,1 ליטר,false,1,8.90,5.73,false,1,
7290110116569,false,ספרייט למון היט זירו 1.5 ליטר,החברה המרכזית להפצת משקאות בעמ,,,יח`,1.50,1 ליטר,false,1,8.90,5.73,true,1,
7290110320591,false,בולגרית 16% במרקם מעודן 250 גר,תנובה - חלב,,,יח`,250,גרם,false,1,21.90,8.76,false,1,
7290110320683,false,משקה יופלה בטעם תות שמינייה תנובה,תנובה - חלב,,,יח`,0.90,גרם,false,1,17.50,1944.44,false,1,
7290110320850,false,פתיתי עמק 200 גר,תנובה - חלב,,,יח`,200,גרם,false,1,14.90,7.45,false,1,
7290110320867,false,פתיתי עמק למאפים 28% 500 גר,תנובה - חלב,,,יח`,500,גרם,false,1,34.90,6.98,false,1,
7290110321277,false,קוטג בקטנה 5% מהדרין 100  גר`תנובה,תנובה - חלב,,,יח`,100,גרם,false,1,2.50,2.50,false,1,
7290110321604,false,גבינה קוביות בולגרית מעודנת 5% 200  גר`פ,תנובה - חלב,,,יח`,200,גרם,false,1,21.90,10.95,false,1,
7290110321680,false,יוגורט גו תות 200 מל,תנובה - חלב,,,יח`,200,"מ""ל",false,1,5.60,2.80,false,1,
7290110322038,false,טופו בטעם פיקנטי 300  גר`תנובה,תנובה - חלב,,,יח`,300,גרם,false,1,11.90,3.97,false,1,
7290110322946,false,יופלה טיוב במרקם חלק בטעם תות בננה 348 ג,תנובה - חלב,,,יח`,348,גרם,false,1,11.90,3.42,false,1,
7290110323073,false,משקה גו תות פטל 250 מל,תנובה - חלב,,,יח`,250,"מ""ל",false,1,6.20,2.48,false,1,
7290110323585,false,יוגורט גו לייט דובדבן 200 מל,תנובה - חלב,,,יח`,200,גרם,false,1,5.50,2.75,false,1,
7290110323714,false,משקה קוקוס שקדים 1 ליטר תנובה,תנובה - חלב,,,יח`,1000,"מ""ל",false,1,11.90,1.19,false,1,
7290110323998,false,מאגדת מיני קרלו קצפת 8*77 גרם,תנובה - חלב,,,יח`,616,גרם,false,1,11.90,1.93,false,1,
7290110324551,false,יופלה טיוב במרקם חלק בטעם תות 348  גר`מה,תנובה - חלב,,,יח`,348,גרם,false,1,11.90,3.42,false,1,
7290110324728,false,ממרח סויה 9% עם שום שמיר ( 250 גר`) תנוב,תנובה - חלב,,,יח`,250,גרם,false,1,8.90,3.56,true,1,
7290110324841,false,מעדן שקדים עם שוקולד מריר 125 גר`,תנובה - חלב,,,יח`,125,גרם,false,1,3.90,3.12,false,1,
7290110324872,false,גבינה צהובה גלבוע  (5% 200  גר`)תנובה,תנובה - חלב,,,יח`,200,גרם,false,1,17.90,8.95,false,1,
7290110324926,false,משקה סויה ללתס 1 ליטר תנובה,תנובה - חלב,,,יח`,1,"מ""ל",false,1,9.90,990,false,1,
7290110325114,false,משקה גו לייט תות בננה 250 מל,תנובה - חלב,,,יח`,250,"מ""ל",false,1,6.10,2.44,false,1,
7290110325305,false,מעדן גו סויה מעודן 200 מל,תנובה - חלב,,,יח`,200,"מ""ל",false,1,5.60,2.80,false,1,
7290110325312,false,מעדן גו סויה תות 200 מל,תנובה - חלב,,,יח`,200,"מ""ל",false,1,5.60,2.80,false,1,
7290110325510,false,יופלה טיוב במרקם חלק בטעם וניל-יוניקור,תנובה - חלב,,,יח`,348,גרם,false,1,11.90,3.42,false,1,
7290110325619,false,משקה שיבולת שועל 1 ליטר תנובה,תנובה - חלב,,,יח`,1000,"מ""ל",false,1,11.90,1.19,false,1,
7290110325893,false,משקה גו אייס קפה 340 מל,תנובה - חלב,,,יח`,340,גרם,false,1,7.90,2.32,false,1,
7290110326210,false,יופלה און טופ פצפוצים 157 גר`,תנובה - חלב,,,יח`,157,גרם,false,1,4.90,3.12,false,1,
7290110326227,false,יופלה און טופ קורנפלקס 157 גר`,תנובה - חלב,,,יח`,157,גרם,false,1,4.90,3.12,false,1,
7290110326234,false,יופלה און טופ כוכבים 157 גר`,תנובה - חלב,,,יח`,157,גרם,false,1,4.90,3.12,false,1,
7290110326241,false,יופלה און טופ גרנולה 157  גר`תנובה,תנובה - חלב,,,יח`,157,גרם,false,1,4.90,3.12,false,1,
7290110326333,false,פרוסות גבינה סקנדינבית 170  גר`קולקשיין,תנובה - חלב,,,יח`,170,גרם,false,1,17.90,10.53,false,1,
7290110327064,false,משקה קפה שיבולת שועל בטעם  קרמל( 1 ליטר),תנובה - חלב,,,יח`,1000,"מ""ל",false,1,11.90,1.19,false,1,
7290110327514,false,משקה שיבולת שועל בטעם אגוזי לוז 1 ליטר א,תנובה - חלב,,,יח`,1000,"מ""ל",false,1,11.90,1.19,false,1,
7290110328610,false,משקה אורז ושקדים בריסטה 1 ליטר אלטרנטיב,תנובה - חלב,,,יח`,1000,"מ""ל",false,1,11.90,1.19,false,1,
7290110328627,false,יוגורט גו סמיך בננה קרמל 0% שומן 200 ג,תנובה - חלב,,,יח`,200,גרם,false,1,5.70,2.85,false,1,
7290110328771,false,יוגורט גו סמיך פירות יער 0% שומן 200 ג,תנובה - חלב,,,יח`,200,גרם,false,1,5.70,2.85,false,1,
7290110328788,false,יוגורט גו סמיך אפרסק 0% שומן 200 גרם,תנובה - חלב,,,יח`,200,גרם,false,1,5.70,2.85,false,1,
7290110329136,false,מעדן חלב גו בטעם שוקולד 12  גר`חלבון,תנובה - חלב,,,יח`,120,גרם,false,1,4.90,4.08,false,1,
7290110329143,false,מעדן חלב גו בטעם שוקולד 12  גר`חלבון,תנובה - חלב,,,יח`,120,גרם,false,1,4.90,4.08,false,1,
7290110329266,false,יוגורט מחלב עיזים מלא 140 גרם תנובה,תנובה - חלב,,,יח`,140,גרם,false,1,5.50,3.93,false,1,
7290110329686,false,משקה חלב גו בטעם עוגיות 340 מל,תנובה - חלב,,,יח`,340,גרם,false,1,7.90,2.32,false,1,
7290110329808,false,סויה BIO תות גביע 150 גרם Alternative,תנובה - חלב,,,יח`,150,גרם,false,1,4.50,3,true,1,
7290110329822,false,סויה BIO פירות יער גביע 150 גרם Alternat,תנובה - חלב,,,יח`,150,גרם,false,1,4.50,3,true,1,
7290110329846,false,סויה BIO טבעי גביע 150 גרם Alternative,תנובה - חלב,,,יח`,150,גרם,false,1,4.50,3,true,1,
7290110552121,false,היוגורט הראשון שלי 100 גר`,שטראוס גרופ בעמ/מצונן,,,יח`,100,גרם,false,1,2.20,2.20,false,1,
7290110552220,false,דנונה פרו ללא סוכר בטעם תות 200 גר`,שטראוס גרופ בעמ/מצונן,,,יח`,200,"מ""ל",false,1,5.90,2.95,false,1,
7290110552817,false,צנצנת קוביות מסטיק בטעם גלידה לימון 58 ג,שטראוס גרופ בעמ,,,יח`,58,גרם,false,1,9.90,17.07,true,1,
7290110553029,false,פריכיות חלבון קייל חומוס ומלח 60  גר`עלי,שטראוס גרופ בעמ,,,יח`,60,גרם,false,1,9.90,16.50,true,1,
7290110553036,false,פריכיות חלבון בטטה סגולה ואפונה 60 גר על,שטראוס גרופ בעמ,,,יח`,60,גרם,false,1,9.90,16.50,true,1,
7290110554101,false,מייפל פאוץ 125 מל יד מרדכי,שטראוס גרופ בעמ,,,יח`,125,"מ""ל",false,1,19.90,15.92,true,1,
7290110554583,false,מארז צ`יטוס פאפס גבינה (10*20),שטראוס פריטו ליי בעמ,,,יח`,200,גרם,false,1,12.90,6.45,true,1,
7290110555306,false,רבע לשבע טבעוני סינמון באן 120 גר`,שטראוס גרופ בעמ,,,יח`,120,גרם,false,1,12.90,10.75,false,1,
7290110556242,false,שוקולד פרה מריר פרווה עלית (100 גרם),שטראוס גרופ בעמ,,,יח`,100,גרם,false,1,5.50,5.50,false,1,
7290110557027,false,חומוס אחלה 50% טחינה 400 גרם,שטראוס גרופ בעמ/מצונן,,,יח`,400,גרם,false,1,13.90,3.48,false,1,
7290110557102,false,מעדן חלב עם שוקולד מעושר בחלבון,שטראוס גרופ בעמ/מצונן,,,יח`,150,גרם,false,1,5.20,3.47,true,1,
7290110557133,false,מעדן הגולן וניל 125 גרם,שטראוס גרופ בעמ/מצונן,,,יח`,125,"מ""ל",false,1,2.90,2.32,true,1,
7290110557317,false,היוגורט הראשון שלי עם שיבולת שועל 100 גר,שטראוס גרופ בעמ/מצונן,,,יח`,100,גרם,false,1,2.20,2.20,false,1,
7290110557478,false,חומוס אחלה גלילי 600 גר`,שטראוס גרופ בעמ/מצונן,,,יח`,600,גרם,false,1,12.90,2.15,false,1,
7290110558154,false,דנונה לייט אנד פרי עוגת תפוחים 150 גר`,שטראוס גרופ בעמ/מצונן,,,יח`,150,גרם,false,1,4.60,3.07,true,1,
7290110558222,false,דנונה WOW בנופי 150 גר`,שטראוס גרופ בעמ/מצונן,,,יח`,150,גרם,false,1,4.60,3.07,true,1,
7290110558239,false,דנונה WOW קראק פאי 150 גר`,שטראוס גרופ בעמ/מצונן,,,יח`,150,גרם,false,1,4.60,3.07,true,1,
7290110558253,false,דנונה ריפרש בננה אננס וצ`יה,שטראוס גרופ בעמ/מצונן,,,יח`,250,גרם,false,1,5.50,2.20,false,1,
7290110558284,false,דנונה ביו מולטי 200 גר`,שטראוס גרופ בעמ/מצונן,,,יח`,200,גרם,false,1,3.90,1.95,false,1,
7290110558314,false,דנונה פרו ללא סוכר בטעם פיסטוק 200 גר`,שטראוס גרופ בעמ/מצונן,,,יח`,200,"מ""ל",false,1,5.90,2.95,false,1,
7290110558420,false,אלפרו משקה ש.שועל 1 ליטר,שטראוס גרופ בעמ/מצונן,,,יח`,1000,"מ""ל",false,1,12.90,1.29,false,1,
7290110558437,false,אלפרו משקה שקדים 1 ליטר,שטראוס גרופ בעמ/מצונן,,,יח`,1000,"מ""ל",false,1,12.90,1.29,false,1,
7290110558666,false,דניאלה מעדן בטעם תפוח (88 גרם),שטראוס גרופ בעמ/מצונן,,,יח`,150,"מ""ל",false,1,4,2.67,false,1,
7290110558741,false,גמדים פאוץ תפוח בננה (100 גר`),שטראוס גרופ בעמ/מצונן,,,יח`,100,גרם,false,1,5.90,5.90,false,1,
7290110560300,false,פריכיות משולשות-פלפל  שחור 30  גר`אנג`י,שטראוס גרופ בעמ,,,יח`,30,גרם,false,1,4.90,16.33,false,1,
7290110560324,false,פריכיות משולשות-אפונה  ירוקה 30  גר`אנרג,שטראוס גרופ בעמ,,,יח`,30,גרם,false,1,4.90,16.33,false,1,
7290110561352,false,דנונה דל לקטוז ביו 200 גר`,שטראוס גרופ בעמ/מצונן,,,יח`,200,"מ""ל",false,1,3.50,1.75,false,1,
7290110561604,false,מעדן בטעם תות בננה גמדים מעורבב (100x8 ג,שטראוס גרופ בעמ/מצונן,,,יח`,800,"מ""ל",false,1,18.80,2.35,false,1,
7290110563448,false,משקה קפה קר בסגנון מעודן  (2301.6% גר`),שטראוס גרופ בעמ/מצונן,,,יח`,230,"מ""ל",false,1,7.90,3.43,true,1,
7290110564360,false,חומוס הסדרה המובחרת עשיר 40% טחינה 400 ג,שטראוס גרופ בעמ/מצונן,,,יח`,400,גרם,false,1,13.90,3.48,false,1,
7290110564414,false,חומוס הסדרה המובחרת 30% טחינה 600 גר`,שטראוס גרופ בעמ/מצונן,,,יח`,600,גרם,false,1,14.90,2.48,false,1,
7290110565435,false,מעדן ג`לי בטעם פטל חלבי שטראוס (125 גרם,שטראוס גרופ בעמ/מצונן,,,יח`,125,גרם,false,1,2,1.60,true,1,
7290110565527,false,דנונה פרו 20  גר`חלבון,שטראוס גרופ בעמ/מצונן,,,יח`,200,"מ""ל",false,1,5.90,2.95,false,1,
7290110566975,false,דנונה פרו 200  גר`תות,שטראוס גרופ בעמ/מצונן,,,יח`,200,"מ""ל",false,1,5.90,2.95,false,1,
7290110568238,false,קצפת צמחית 21% שומן 250 מל יטבתה,שטראוס גרופ בעמ/מצונן,,,יח`,250,"מ""ל",false,1,7.90,3.16,false,1,
7290110568276,false,משקה יטבתה פרו וניל 350 מל,שטראוס גרופ בעמ/מצונן,,,יח`,350,"מ""ל",false,1,6.50,1.86,false,1,
7290110570224,false,משקה קפה קר בטעם עוגיות (230  גר`)יטבתה,שטראוס גרופ בעמ/מצונן,,,יח`,230,"מ""ל",false,1,7.90,3.43,true,1,
7290110571382,false,מעדן חלב בטעם וניל מועשר בחלבון,שטראוס גרופ בעמ/מצונן,,,יח`,150,גרם,false,1,5.20,3.47,true,1,
7290110571405,false,מיני פינוקיות בגביע פסק זמן 180 גר`,שטראוס גרופ בעמ,,,יח`,180,גרם,false,1,10.90,6.06,true,1,
7290110571412,false,מיני פינוקיות בגביע פאדג` 180 גר`,שטראוס גרופ בעמ,,,יח`,180,גרם,false,1,10.90,6.06,true,1,
7290110572129,false,כיף כף מקלות שוקולד לבן,שטראוס גרופ בעמ,,,יח`,40,גרם,false,1,5,12.50,true,1,
7290110572969,false,כיף כף פצפצים עלית קרם לבן (40 גר`),שטראוס גרופ בעמ,,,יח`,40,גרם,false,1,4.90,12.25,true,1,
7290110574413,false,פופקורן בטעם טעמי 70 גר`,שטראוס גרופ בעמ,,,יח`,1,,false,1,6.90,6.90,false,1,
7290110574420,false,פופקורן בטעם פסק זמן 70 גר`,שטראוס גרופ בעמ,,,יח`,1,,false,1,6.90,6.90,false,1,
7290110574437,false,פופקורן בטעם טורטית 70 גר`,שטראוס גרופ בעמ,,,יח`,1,,false,1,6.90,6.90,false,1,
7290110576318,false,מארז שלישיית אגוז לבן (3*100) עלית,שטראוס גרופ בעמ,,,יח`,300,גרם,false,1,24.90,8.30,true,1,
7290110576356,false,ספלנדיד שוקולד מריר פרו 64% עלית,שטראוס גרופ בעמ,,,יח`,100,גרם,false,1,8.90,8.90,true,1,
7290110576363,false,ספלנדיד שוקולד מריר אוגנדה 80% עלית,שטראוס גרופ בעמ,,,יח`,100,גרם,false,1,8.90,8.90,true,1,
7290110576370,false,מארז שלישיית אגוז מריר (3X100 ) עלית,שטראוס גרופ בעמ,,,יח`,300,גרם,false,1,24.90,8.30,true,1,
7290110576387,false,מארז שלישיית אגוז חלב(3X100 ) עלית,שטראוס גרופ בעמ,,,יח`,300,גרם,false,1,24.90,8.30,true,1,
7290110576493,false,פופקורן בטעם בלונדי 70 גר`,שטראוס גרופ בעמ,,,יח`,1,,false,1,6.90,6.90,false,1,
7290110576776,false,שוקולד מריר 85% ספלנדיד (100 גרם),שטראוס גרופ בעמ,,,יח`,100,גרם,false,1,10.90,10.90,true,1,
7290110576868,false,גמדים רביעייה סלט פירות,שטראוס גרופ בעמ/מצונן,,,יח`,400,"מ""ל",false,1,11.40,2.85,true,1,
7290110577711,false,יטבתה שייק חלבון מי גבינה עם אפרסק ומנגו,שטראוס גרופ בעמ/מצונן,,,יח`,350,"מ""ל",false,1,6.90,1.97,false,1,
7290110577728,false,יטבתה שייק חלבון מי גבינה עם פירות יער,שטראוס גרופ בעמ/מצונן,,,יח`,350,"מ""ל",false,1,6.90,1.97,false,1,
7290111287015,false,בקבוק טריטן שקוף 708 מל ורוד,שמחה זה אנחנו בעמ,,,יח`,1,,false,1,29.90,29.90,false,1,
7290111340178,false,ניקול מטליות לחות לשיש ניחוח מרכך כביסה,קימברלי קלארק ישראל שיווק בעמ,,,יח`,1,,false,1,12.90,12.90,true,1,
7290111340185,false,ניקול מטליות לחות לריצפה ניחוח מרכך כביס,קימברלי קלארק ישראל שיווק בעמ,,,יח`,1,,false,1,14.90,14.90,true,1,
7290111341359,false,ניקול רדיד אלומיניום חסכוני 60 מטר עם סכ,קימברלי קלארק ישראל שיווק בעמ,,,יח`,1,,false,1,45.90,45.90,true,1,
7290111342059,false,מטליות לחות אנטיבקטריאלי,קימברלי קלארק ישראל שיווק בעמ,,,יח`,1,,false,1,13.90,13.90,false,1,
7290111342738,false,נייר טואלט לילי לח מארז רביעייה kids,קימברלי קלארק ישראל שיווק בעמ,,,יח`,0,גרם,false,1,21.90,21.90,false,1,
7290111343841,false,ספוגית הקסם נירוסטה 3 יח ניקול,קימברלי קלארק ישראל שיווק בעמ,,,יח`,1,,false,1,11.90,11.90,true,1,
7290111344206,false,מגבוני האגיס נטורל קייר מבושם 4*64,קימברלי קלארק ישראל שיווק בעמ,,,יח`,1,,false,1,19.90,19.90,false,1,
7290111344558,false,שקיות אשפה בגודל L עם שרוך 100 יח`,קימברלי קלארק ישראל שיווק בעמ,,,יח`,1,,false,1,29.90,29.90,false,1,
7290111345814,false,לילי נטורל קייל 30 גלילים,קימברלי קלארק ישראל שיווק בעמ,,,יח`,1,,false,1,34.90,34.90,false,1,
7290111346347,false,קלינקס טישו אוריגינל חמישייה,קימברלי קלארק ישראל שיווק בעמ,,,יח`,1,,false,1,14.90,14.90,true,1,
7290111350047,false,תמרים ללא חרצנים 500  גר`קלית גת,ליימן שליסל בעמ,,,יח`,500,גרם,false,1,11.90,2.38,false,1,
7290111350092,false,מארז חטיפי לואקר 200 גר`,ליימן שליסל בעמ,,,יח`,200,גרם,false,1,19.90,9.95,false,1,
7290111350719,false,נאצוס בסגנון מסעדות 322 גר`היט הופ,ליימן שליסל בעמ,,,יח`,322,גרם,false,1,16.90,5.25,true,1,
7290111350726,false,נאצוס בסגנון מקסיקני 322 גר`היט הופ,ליימן שליסל בעמ,,,יח`,322,גרם,false,1,16.90,5.25,true,1,
7290111352508,false,סילאן טבעי 840  גר`קליית גת,ליימן שליסל בעמ,,,יח`,840,גרם,false,1,19.90,2.37,false,1,
7290111352942,false,סוכריות טופי (850  גר`)יוגטה,ליימן שליסל בעמ,,,יח`,850,גרם,false,1,20.90,2.46,false,1,
7290111353130,false,סוכריות גומי חמוצות מסוכרות (800 גר`) יו,ליימן שליסל בעמ,,,יח`,800,גרם,false,1,19.90,2.49,true,1,
7290111353246,false,סוכריות גומי בטעמם יין 800  גר`יוגטה,ליימן שליסל בעמ,,,יח`,800,גרם,false,1,19.90,2.49,false,1,
7290111353482,false,מקלות חמוצים בטעם פירות 200 גר` יוגטה,ליימן שליסל בעמ,,,יח`,200,גרם,false,1,7.90,3.95,true,1,
7290111534010,false,פס גבינה שמנת ופרורים 450 גר קפולסקי,קפולסקי אדל בעמ,,,יח`,450,גרם,false,1,39.90,8.87,false,1,
7290111564277,false,פיטנס פריכיות 3 דגנים דקות 120  גר`אסם,קבוצת אסם סחר שות. מוגבלת,,,יח`,120,גרם,false,1,11.90,9.92,true,1,
7290111564291,false,פיטנס פריכיות דקות עם קינואה 120  גר`אסם,קבוצת אסם סחר שות. מוגבלת,,,יח`,120,גרם,false,1,11.90,9.92,true,1,
7290111566226,false,שניצל ברוקולי 667 גר` טבעול,קבוצת אסם סחר שות. מוגבלת,,,יח`,667,גרם,false,1,32.90,4.93,true,1,
7290111566660,false,קציצות עדשים כתומות 530 גר` טבעול,קבוצת אסם סחר שות. מוגבלת,,,יח`,530,גרם,false,1,32.90,6.21,true,1,
7290111566714,false,המבורגר צמחוני 99 קלוריות 600 גר` טבעול,קבוצת אסם סחר שות. מוגבלת,,,יח`,600,גרם,false,1,32.90,5.48,true,1,
7290111566752,false,שניצל תירס 99 קלוריות 693 גר` טבעול,קבוצת אסם סחר שות. מוגבלת,,,יח`,693,גרם,false,1,32.90,4.75,true,1,
7290111568206,false,ביסלי פארטי מיקס 150  גר`אסם,קבוצת אסם סחר שות. מוגבלת,,,יח`,150,גרם,false,1,7.90,5.27,true,1,
7290111568961,false,בייגלה טבעות מלח 400 גר` אסם,קבוצת אסם סחר שות. מוגבלת,,,יח`,400,גרם,false,1,10.90,2.73,true,1,
7290111930799,false,קראנצוס בצל 55 גר`,ש.שסטוביץ בעמ,,,יח`,55,גרם,false,1,2.50,4.55,true,1,
7290111930805,false,קראנצוס ברביקיו 55 גר`,ש.שסטוביץ בעמ,,,יח`,55,גרם,false,1,2.50,4.55,true,1,
7290111930850,false,קראנצוס פיצה 55 גר`,ש.שסטוביץ בעמ,,,יח`,55,גרם,false,1,2.50,4.55,true,1,
7290111930904,false,פוף כוכבים בצל 40 גר`,ש.שסטוביץ בעמ,,,יח`,40,גרם,false,1,3.90,9.75,true,1,
7290111930911,false,פוף לבבות קלאסי 40 גר`,ש.שסטוביץ בעמ,,,יח`,40,גרם,false,1,3.90,9.75,true,1,
7290111933554,false,מארז עגבניות קוביות שלישייה מאסטר שף,ש.שסטוביץ בעמ,,,יח`,1200,גרם,false,1,15.90,1.33,false,1,
7290112002099,false,קולון ג`ל 2.5 ליטר כחול,רקיט בנקיזר (ניר איסט) בעמ,,,יח`,2.50,1 ליטר,false,1,24.90,9.96,true,1,
7290112002105,false,קולון ג`ל 2.5 ליטר כביסה מרוכז סגול,רקיט בנקיזר (ניר איסט) בעמ,,,יח`,2.50,1 ליטר,false,1,24.90,9.96,true,1,
7290112002112,false,קולון ג`ל 2.5 ליטר בניחוח ורדים ורוד,רקיט בנקיזר (ניר איסט) בעמ,,,יח`,2.50,1 ליטר,false,1,24.90,9.96,true,1,
7290112002136,false,קולון ג`ל 4 ליטר רגיל כחול,רקיט בנקיזר (ניר איסט) בעמ,,,יח`,4,1 ליטר,false,1,34.90,8.73,false,1,
7290112002143,false,קולון ג`ל 4 ליטר לילך סגול,רקיט בנקיזר (ניר איסט) בעמ,,,יח`,4,1 ליטר,false,1,34.90,8.73,false,1,
7290112002167,false,קולון ג`ל 4 ליטר בניחוח פריחה מרענן ירוק,רקיט בנקיזר (ניר איסט) בעמ,,,יח`,4,1 ליטר,false,1,34.90,8.73,false,1,
7290112004314,false,דטול תרסיס מנקה ומחטא רימונים 750 מל,רקיט בנקיזר (ניר איסט) בעמ,,,יח`,750,"מ""ל",false,1,15.90,2.12,true,1,
7290112004413,false,ספריי להסרת כתמים וניש קליה לבן (750 מל,רקיט בנקיזר (ניר איסט) בעמ,,,יח`,750,"מ""ל",false,1,18.90,2.52,true,1,
7290112005045,false,וניש מסיר כתמים א.לכביסה לבנה 480 גר`,רקיט בנקיזר (ניר איסט) בעמ,,,יח`,480,גרם,false,1,16.90,3.52,true,1,
7290112005083,false,וניש אבקה לכביסה צבעונית,רקיט בנקיזר (ניר איסט) בעמ,,,יח`,1.50,גרם,false,1,39.90,2660,false,1,
7290112192509,false,פרורי לחם 250  גר`-gfreeללא  גלוטן,גורי מוצרי צריכה (1991) בעמ,,,יח`,250,גרם,false,1,16.40,6.56,false,1,
7290112192547,false,כדורי שוקולד 375  גר`Gfree,גורי מוצרי צריכה (1991) בעמ,,,יח`,375,גרם,false,1,14.90,3.97,false,1,
7290112330352,false,דנונה פרו 200  גר`וניל 0% שומן,שטראוס גרופ בעמ/מצונן,,,יח`,200,"מ""ל",false,1,5.90,2.95,false,1,
7290112332585,false,פריכיות משולשות-אורז  בתיבול סלק ומלח ים,שטראוס גרופ בעמ,,,יח`,30,גרם,false,1,4.90,16.33,false,1,
7290112332691,false,עוגיות קרם פסק זמן אגוזים 200 גר` עלית,שטראוס גרופ בעמ,,,יח`,200,גרם,false,1,10.90,5.45,true,1,
7290112334749,false,קפה טורקי עלית (200 גרם) 10% תוספת,שטראוס גרופ בעמ,,,יח`,220,גרם,false,1,15.90,7.23,true,1,
7290112336613,false,עד חצות סנדוויץ 135  גר`עלית,שטראוס גרופ בעמ,,,יח`,135,גרם,false,1,10.90,8.07,false,1,
7290112336637,false,מאסט סוכריות יוגרוט תות אוכמניות 80 גר`,שטראוס גרופ בעמ,,,יח`,80,גרם,false,1,8.90,11.13,false,1,
7290112336644,false,מאסט סוכריות לימון 80 גר ללא סוכר,שטראוס גרופ בעמ,,,יח`,80,גרם,false,1,8.90,11.13,false,1,
7290112337474,false,מאסט סוכריות פטל לימון 80 גר ללא סוכר,שטראוס גרופ בעמ,,,יח`,80,גרם,false,1,8.90,11.13,false,1,
7290112337481,false,מאסט סוכריות קפוצ`נו 80 גר ללא סוכר,שטראוס גרופ בעמ,,,יח`,80,גרם,false,1,8.90,11.13,false,1,
7290112338877,false,סקי תות  (1253%  גר`)דנונה,שטראוס גרופ בעמ/מצונן,,,יח`,125,גרם,false,1,3.70,2.96,true,1,
7290112339362,false,דנונה לייט אנד פריי בטעם קפוצ`נו 150 גר`,שטראוס גרופ בעמ/מצונן,,,יח`,150,"מ""ל",false,1,4.50,3,true,1,
7290112339867,false,גמדים סקוויז בודד תות (100 גר`),שטראוס גרופ בעמ/מצונן,,,יח`,100,גרם,false,1,5.90,5.90,false,1,
7290112339874,false,גמדים סקוויז בודד תות בננה (100 גר`),שטראוס גרופ בעמ/מצונן,,,יח`,100,גרם,false,1,5.90,5.90,false,1,
7290112340122,false,פריכיות טעימות 3 דגנים 135 גר`,שטראוס גרופ בעמ,,,יח`,135,גרם,false,1,12.90,9.56,true,1,
7290112340245,false,מסטיק מאסט צנצנת בטעם דובדבן 66 גר` מגדי,שטראוס גרופ בעמ,,,יח`,66,גרם,false,1,9.90,15,true,1,
7290112341556,false,אקטיביה עם צ`יה ותות 150 גר`,שטראוס גרופ בעמ/מצונן,,,יח`,150,"מ""ל",false,1,4.50,3,false,1,
7290112341686,false,אקטיביה יוגורט 3% דנונה (150x8 גרם),שטראוס גרופ בעמ/מצונן,,,יח`,1.20,גרם,false,1,19.90,1658.33,false,1,
7290112342270,false,קפה אינטנס 10% פלטינום,שטראוס גרופ בעמ,,,יח`,125,גרם,false,1,18.90,15.12,true,1,
7290112343260,false,רוטב שמנת קלאסי 260 גר` יטבתה,שטראוס גרופ בעמ/מצונן,,,יח`,260,"מ""ל",false,1,9.90,3.81,true,1,
7290112343420,false,יטבתה פרו ארוחת בוקר 350 מל,שטראוס גרופ בעמ/מצונן,,,יח`,350,"מ""ל",false,1,6.90,1.97,false,1,
7290112343499,false,צ`יטוס 55 גר` puffs,שטראוס פריטו ליי בעמ,,,יח`,60,גרם,false,1,3.50,5.83,true,1,
7290112343512,false,צ`יטוס 160  גר`puffs,שטראוס פריטו ליי בעמ,,,יח`,180,גרם,false,1,6.90,3.83,false,1,
7290112344724,false,מעדן מוס שוקולד בלונדי 133  גר`מילקי,שטראוס גרופ בעמ/מצונן,,,יח`,133,גרם,false,1,3.30,2.48,false,1,
7290112344755,false,מילקי עם 26% פחות  סוכר( 135 גר`),שטראוס גרופ בעמ/מצונן,,,יח`,135,גרם,false,1,2.80,2.07,false,1,
7290112344786,false,קפה PLATINUMקלאסי 200 גר,שטראוס גרופ בעמ,,,יח`,200,גרם,false,1,24.90,12.45,true,1,
7290112346360,false,בפלות אחת אחת בציפוי שוקלוד חלב עלית,שטראוס גרופ בעמ,,,יח`,180,גרם,false,1,13.90,7.72,false,1,
7290112346537,false,פינוקיות בטעם טורטית 200 גר` עלית,שטראוס גרופ בעמ,,,יח`,200,גרם,false,1,10.90,5.45,true,1,
7290112346773,false,דנונה לייט אנד פריי וניל עם חלבון,שטראוס גרופ בעמ/מצונן,,,יח`,150,גרם,false,1,4.60,3.07,true,1,
7290112346797,false,אקטיביה שיבולת שועל ושזיף 150 גר`,שטראוס גרופ בעמ/מצונן,,,יח`,150,"מ""ל",false,1,4.60,3.07,false,1,
7290112348616,false,קפה נמס אגוזי לוז (100  גר)עלית,שטראוס גרופ בעמ,,,יח`,100,גרם,false,1,16.90,16.90,false,1,
7290112349606,false,דניאלה מעדן בטעם תות בננה שטראוס (88 גרם,שטראוס גרופ בעמ/מצונן,,,יח`,150,"מ""ל",false,1,4,2.67,false,1,
7290112349750,false,רוטב עגבניות לפיצה 350 גר`,שטראוס גרופ בעמ,,,יח`,350,גרם,false,1,10.90,3.11,true,1,
7290112349897,false,מאסט קוביות מנטה ללס 86 גר`,שטראוס גרופ בעמ,,,יח`,86,גרם,false,1,13.90,16.16,false,1,
7290112350589,false,צ`יקו להכנת משקה צ`יקוריה עלית (65 גרם),שטראוס גרופ בעמ,,,יח`,65,גרם,false,1,9.90,15.23,false,1,
7290112351067,false,סילאן טבעי לחיץ 630  גר`יד מרדכי,שטראוס גרופ בעמ,,,יח`,630,גרם,false,1,23.90,3.79,false,1,
7290112351258,false,פינוקיות שחור לבן 200 גר עלית,שטראוס גרופ בעמ,,,יח`,200,גרם,false,1,10.90,5.45,true,1,
7290112353412,false,פריכיות משולשות-תפוא  תירס אפונה סלק אנר,שטראוס גרופ בעמ,,,יח`,30,גרם,false,1,4.90,16.33,false,1,
7290112354211,false,דלישס שטראוס פיצה מרגריטה,קפוא-זן תעשיות מזון בעמ - תפוג,,,יח`,400,גרם,false,1,26.90,6.73,true,1,
7290112354945,false,תפוצ`יפס (50  גרם)היתר מכירה,שטראוס פריטו ליי בעמ,,,יח`,50,גרם,false,1,3.90,7.80,false,1,
7290112354952,false,תפוצ`יפס פפריקה (50  גרם)היתר מכירה,שטראוס פריטו ליי בעמ,,,יח`,50,גרם,false,1,3.90,7.80,false,1,
7290112354969,false,תפוצ`יפס 200 גר` (יבול חול/היתר מכירה),שטראוס פריטו ליי בעמ,,,יח`,200,גרם,false,1,10.90,5.45,true,1,
7290112355027,false,דנונה פרו 20  גר`חלבון בטעם קרמל  מלוח(,שטראוס גרופ בעמ/מצונן,,,יח`,200,"מ""ל",false,1,5.90,2.95,false,1,
7290112355263,false,רוטב שמנת עם שוקולד (260 מל ),שטראוס גרופ בעמ/מצונן,,,יח`,260,"מ""ל",false,1,9.90,3.81,true,1,
7290112355393,false,רוטב שמנת עם בטטה 9% יטבתה (250 מל),שטראוס גרופ בעמ/מצונן,,,יח`,250,"מ""ל",false,1,9.90,3.96,true,1,
7290112357113,false,גרגרי חומוס 380 גר טעם הטבע קופסה,שטראוס גרופ בעמ,,,יח`,380,גרם,false,1,6.90,1.82,true,1,
7290112357175,false,קפסולות BOOST למכונות נספרו עלית,שטראוס גרופ בעמ,,,יח`,50,גרם,false,1,16.90,33.80,true,1,
7290112358554,false,מארז נמס לדרך 28 יח עלית,שטראוס גרופ בעמ,,,יח`,50.40,גרם,false,1,9.90,19.64,false,1,
7290112358561,false,קפה פלטינום קלאסיק 47  גר`עלית,שטראוס גרופ בעמ,,,יח`,47,גרם,false,1,5.90,12.55,false,1,
7290112359384,false,קפה נמס אלפחרוס ריבת  חלב( 100  גר`)עלית,שטראוס גרופ בעמ,,,יח`,100,גרם,false,1,16.90,16.90,true,1,
7290112359902,false,קפה פלטינום ברזיל 47  גר`עלית,שטראוס גרופ בעמ,,,יח`,47,גרם,false,1,5.90,12.55,false,1,
7290112482211,false,פאלאס תבניות אלומניום ענק,פאלאס תעשיות נטו (2014) בעמ,,,יח`,1,,false,1,1.90,1.90,true,1,
7290112482259,false,צלחות גדולה 25 יחידות טופ סטאר,פאלאס תעשיות נטו (2014) בעמ,,,יח`,1,,false,1,12.90,12.90,true,1,
7290112482693,false,גביע איחסון אמריקאי 480 מל לפיד 6יח,פאלאס תעשיות נטו (2014) בעמ,,,יח`,1,,false,1,5.90,5.90,true,1,
7290112482709,false,גביע איחסון אמריקאי 990 מל לפיד 4 יח,פאלאס תעשיות נטו (2014) בעמ,,,יח`,1,,false,1,5.90,5.90,true,1,
7290112483430,false,כפות שקופות לפיד 50 יח,פאלאס תעשיות נטו (2014) בעמ,,,יח`,1,,false,1,7.90,7.90,true,1,
7290112483447,false,כפיות שקופות לפיד 50 יח,פאלאס תעשיות נטו (2014) בעמ,,,יח`,1,,false,1,7.90,7.90,true,1,
7290112483454,false,מזלגות שקופות לפיד 50 יח,פאלאס תעשיות נטו (2014) בעמ,,,יח`,1,,false,1,7.90,7.90,true,1,
7290112483461,false,סכינים שקופות לפיד 50 יח,פאלאס תעשיות נטו (2014) בעמ,,,יח`,1,,false,1,7.90,7.90,true,1,
7290112483584,false,מפיות מוטבעות תלת  שכבתי( 16 יח),פאלאס תעשיות נטו (2014) בעמ,,,יח`,1,,false,1,5.90,5.90,false,1,
7290112483911,false,קעריות אובליות רוז פנינה לבן 10  יח`פאלא,פאלאס תעשיות נטו (2014) בעמ,,,יח`,1,,false,1,11.90,11.90,false,1,
7290112484048,false,צלחת קטנה רוז ורוד 10  יח`פאלאס,פאלאס תעשיות נטו (2014) בעמ,,,יח`,1,,false,1,14.90,14.90,false,1,
7290112484062,false,צלחת ענק רוז ורוד 10  יח`פאלאס,פאלאס תעשיות נטו (2014) בעמ,,,יח`,1,,false,1,24.90,24.90,false,1,
7290112484079,false,צלחת מרק רוז ורוד 10  יח`פאלאס,פאלאס תעשיות נטו (2014) בעמ,,,יח`,1,,false,1,15.90,15.90,false,1,
7290112484314,false,צלחות לפתן שקוף 25 יח לפיד,פאלאס תעשיות נטו (2014) בעמ,,,יח`,1,,false,1,6.90,6.90,true,1,
7290112484321,false,צלחות ענק שקוף 25 יח לפיד,פאלאס תעשיות נטו (2014) בעמ,,,יח`,1,,false,1,16.90,16.90,false,1,
7290112484338,false,צלחות מרק שקוף 25 יח לפיד,פאלאס תעשיות נטו (2014) בעמ,,,יח`,1,,false,1,8.90,8.90,true,1,
7290112484345,false,קעריות אובלי שקוף25 יח לפיד,פאלאס תעשיות נטו (2014) בעמ,,,יח`,1,,false,1,6.90,6.90,true,1,
7290112484895,false,צלחות גדולות 1 קג,פאלאס תעשיות נטו (2014) בעמ,,,יח`,1,יח`,false,1,39.90,39.90,true,1,
7290112485441,false,תבנית לב קטן שחור זהב+מכסה 10 יח`,פאלאס תעשיות נטו (2014) בעמ,,,יח`,1,,false,1,14.90,14.90,false,1,
7290112485847,false,צלחת נייר קטן 50 יח` לבן לפיד,פאלאס תעשיות נטו (2014) בעמ,,,יח`,100,גרם,false,1,8.90,8.90,true,1,
7290112485854,false,צלחת נייר גדול 50 יח` לבן לפיד,פאלאס תעשיות נטו (2014) בעמ,,,יח`,100,גרם,false,1,13.90,13.90,true,1,
7290112485861,false,כוסות נייר b8 פאלאס) (50,פאלאס תעשיות נטו (2014) בעמ,,,יח`,50,יח`,false,1,7.90,0.16,false,1,
7290112486141,false,כוסות שתיה קרה פאלאס 70 יח`,פאלאס תעשיות נטו (2014) בעמ,,,יח`,1,,false,1,5.90,5.90,true,1,
7290112490032,false,מרק נמס בכוס תירס קנור,יוניליוור ישראל שיווק בעמ,,,יח`,45,גרם,false,1,6.90,15.33,true,1,
7290112490209,false,מרק נמס בכוס עגבניות קנור) (2*28,יוניליוור ישראל שיווק בעמ,,,יח`,56,גרם,false,1,6.90,12.32,true,1,
7290112490216,false,מרק נמס בכוס טעם עוף קנור (2*24 גר`),יוניליוור ישראל שיווק בעמ,,,יח`,48,גרם,false,1,6.90,14.38,true,1,
7290112490230,false,מרק נמס בכוס אפונה קנור) (25*2,יוניליוור ישראל שיווק בעמ,,,יח`,50,גרם,false,1,6.90,13.80,true,1,
7290112490674,false,קונפיטורת דובדבנים  (788 340  גר`),יוניליוור ישראל שיווק בעמ,,,יח`,340,גרם,false,1,13.90,4.09,true,1,
7290112490735,false,מרק עשיר עגבניות עם פסטה קנור רכיבים טבע,יוניליוור ישראל שיווק בעמ,,,יח`,105,גרם,false,1,12.90,12.29,true,1,
7290112490827,false,בדין תרסיס למייבש כביסה בייבי 500 מל,יוניליוור ישראל שיווק בעמ,,,יח`,500,"מ""ל",false,1,19.90,3.98,true,1,
7290112490896,false,רוטב צ`ילי חריף קנור (370מל),יוניליוור ישראל שיווק בעמ,,,יח`,370,"מ""ל",false,1,12.90,3.49,true,1,
7290112491701,false,ברנפלקס חלבון 375 גר`,יוניליוור ישראל שיווק בעמ,,,יח`,375,גרם,false,1,22.90,6.11,true,1,
7290112491794,false,בייגלה דקים דקים שמנת בצל 300 גר`,יוניליוור ישראל שיווק בעמ,,,יח`,300,גרם,false,1,10.90,3.63,true,1,
7290112492449,false,שמפו פינוק שיער רגיל 700 מל,יוניליוור ישראל שיווק בעמ,,,יח`,700,גרם,false,1,12.90,1.84,true,1,
7290112492456,false,שמפו לשיער יבש פינוק (700 מל),יוניליוור ישראל שיווק בעמ,,,יח`,700,"מ""ל",false,1,12.90,1.84,true,1,
7290112492463,false,שמפו פינוק2ב (7001 מל),יוניליוור ישראל שיווק בעמ,,,יח`,700,"מ""ל",false,1,12.90,1.84,true,1,
7290112492470,false,שמפו ומרכך פינוק 2ב (7001 מל),יוניליוור ישראל שיווק בעמ,,,יח`,700,"מ""ל",false,1,12.90,1.84,true,1,
7290112492500,false,שמפו פינוקשמן קוקוס (700מל),יוניליוור ישראל שיווק בעמ,,,יח`,700,"מ""ל",false,1,12.90,1.84,true,1,
7290112492531,false,מרכך לשיער רגיל (700  מל)פינוק,יוניליוור ישראל שיווק בעמ,,,יח`,700,"מ""ל",false,1,12.90,1.84,true,1,
7290112492593,false,תחליב רחצה רגיל 700 מל פינוק,יוניליוור ישראל שיווק בעמ,,,יח`,700,"מ""ל",false,1,12.90,1.84,true,1,
7290112492609,false,תחליב רחצה לבנדר ווניל (700  מל)פינוק,יוניליוור ישראל שיווק בעמ,,,יח`,700,"מ""ל",false,1,12.90,1.84,true,1,
7290112492647,false,פינוק לגבר 3ב1 ספורט (700 מל),יוניליוור ישראל שיווק בעמ,,,יח`,700,"מ""ל",false,1,12.90,1.84,true,1,
7290112492722,false,2ב1 שמפו ומרכך לסירוק קל 700 מל פינוק,יוניליוור ישראל שיווק בעמ,,,יח`,700,"מ""ל",false,1,11.90,1.70,true,1,
7290112492746,false,מרכך לסירוק קל לילדים 700 מל פינוק,יוניליוור ישראל שיווק בעמ,,,יח`,700,"מ""ל",false,1,11.90,1.70,true,1,
7290112492753,false,אל סבון לרחצה לילדים 700 מל פינוק,יוניליוור ישראל שיווק בעמ,,,יח`,1,,false,1,11.90,11.90,true,1,
7290112492968,false,אבקת מרק בצל 400  גר`כשלפ,יוניליוור ישראל שיווק בעמ,,,יח`,400,גרם,false,1,27.90,6.98,true,1,
7290112492982,false,מרק פטריות רכיבים טבעיים 400  גר`קנור,יוניליוור ישראל שיווק בעמ,,,יח`,400,גרם,false,1,27.90,6.98,true,1,
7290112492999,false,אבקת מרק טעם עוף 400  גר`קנור,יוניליוור ישראל שיווק בעמ,,,יח`,400,גרם,false,1,15.90,3.98,true,1,
7290112493088,false,נמס בכוס עדשים 100% רכיבים טביעיים קנור,יוניליוור ישראל שיווק בעמ,,,יח`,54,גרם,false,1,6.90,12.78,false,1,
7290112493095,false,נמס בכוס עגבניות חריף 100% רכיבים טביעיי,יוניליוור ישראל שיווק בעמ,,,יח`,48,גרם,false,1,6.90,14.38,false,1,
7290112493293,false,נמס בכוס ירקות 100% רכיבים טביעיים קנור,יוניליוור ישראל שיווק בעמ,,,יח`,44,גרם,false,1,6.90,15.68,true,1,
7290112493316,false,מרק היום אפונה 100% רכיבים טביעיים קנור,יוניליוור ישראל שיווק בעמ,,,יח`,117,גרם,false,1,12.90,11.03,true,1,
7290112493965,false,שטראוס קרמיסימו וניל ומסטיק,גלידות שטראוס בעמ,,,יח`,1.33,1 ליטר,false,1,18.90,14.21,false,1,
7290112494283,false,חטיף כדורים מעורב חום לבו 65  גר`קליק,יוניליוור ישראל שיווק בעמ,,,יח`,65,גרם,false,1,5.90,9.08,true,1,
7290112494801,false,ג`ל כביסה לבנה וצבעונית בניחוח בדין ורוד,יוניליוור ישראל שיווק בעמ,,,יח`,2.50,1 ליטר,false,1,29.90,11.96,true,1,
7290112494993,false,כריות וניל 686  גר`תלמה,יוניליוור ישראל שיווק בעמ,,,יח`,686,גרם,false,1,29.90,4.36,true,1,
7290112495006,false,כריות נוגט 686  גר`תלמה,יוניליוור ישראל שיווק בעמ,,,יח`,686,גרם,false,1,24.90,3.63,false,1,
7290112495037,false,קוקומן כדורים 375  גר`תלמה,יוניליוור ישראל שיווק בעמ,,,יח`,375,גרם,false,1,21.90,5.84,true,1,
7290112495044,false,דגני קוקומן פצפוצים תלמה (375 גרם),יוניליוור ישראל שיווק בעמ,,,יח`,375,גרם,false,1,21.90,5.84,true,1,
7290112495112,false,נישנושים זעתר 260 גר`,יוניליוור ישראל שיווק בעמ,,,יח`,260,גרם,false,1,12.90,4.96,true,1,
7290112495150,false,נשנושי קרקר עיגולים מלוחים 300 גר`,יוניליוור ישראל שיווק בעמ,,,יח`,300,גרם,false,1,12.90,4.30,true,1,
7290112495174,false,נשנושי קרקר קוקטייל שומשום 300 גר`,יוניליוור ישראל שיווק בעמ,,,יח`,300,גרם,false,1,12.90,4.30,true,1,
7290112495228,false,קורנפלקס דבש 448  גר`תלמה,יוניליוור ישראל שיווק בעמ,,,יח`,448,גרם,false,1,16.90,3.77,true,1,
7290112495242,false,קורנפלקס מייפל 448  גר`תלמה,יוניליוור ישראל שיווק בעמ,,,יח`,448,גרם,false,1,16.90,3.77,true,1,
7290112495280,false,ברנפלקס ריבועי קינמון תלמה (400 גרם),יוניליוור ישראל שיווק בעמ,,,יח`,400,גרם,false,1,22.90,5.73,true,1,
7290112495488,false,קורנפלקס ללא גלוטן תלמה 500 גרם,יוניליוור ישראל שיווק בעמ,,,יח`,500,גרם,false,1,15.90,3.18,true,1,
7290112495594,false,שמיניות גדולות ללא מלח 400 גר בייגל בייג,יוניליוור ישראל שיווק בעמ,,,יח`,400,גרם,false,1,12.90,3.23,true,1,
7290112495754,false,רוטב לסלט אלף האיים הלמנס (305 מל),יוניליוור ישראל שיווק בעמ,,,יח`,305,"מ""ל",false,1,12.90,4.23,true,1,
7290112495785,false,רוטב לסלט שום (300  גרם)הלמנס,יוניליוור ישראל שיווק בעמ,,,יח`,300,גרם,false,1,12.90,4.30,true,1,
7290112495792,false,רוטב שום לייט 300 גר הלמנס,יוניליוור ישראל שיווק בעמ,,,יח`,300,גרם,false,1,12.90,4.30,true,1,
7290112495921,false,מרק דגש טעם עוף קנור (1  קג)כשלפ,יוניליוור ישראל שיווק בעמ,,,יח`,1000,גרם,false,1,17.90,1.79,false,1,
7290112496027,false,סירופ בטעם שוקולד אפיכל כשלפ 580 גרם,יוניליוור ישראל שיווק בעמ,,,יח`,580,"מ""ל",false,1,11.90,2.05,false,1,
7290112496218,false,טריאקיהפחתה של%50 סוכר ונתרן,יוניליוור ישראל שיווק בעמ,,,יח`,340,"מ""ל",false,1,12.90,3.79,true,1,
7290112496287,false,פתית ציפס בטטה בטעם טבעי 21 גר.,יוניליוור ישראל שיווק בעמ,,,יח`,21,גרם,false,1,4.90,23.33,true,1,
7290112496294,false,פתית ציפס אפונה בתוספת צ`לי 22 גר.,יוניליוור ישראל שיווק בעמ,,,יח`,22,גרם,false,1,4.90,22.27,true,1,
7290112496430,false,נמס בכוס אקסטרה עגבניות,יוניליוור ישראל שיווק בעמ,,,יח`,37,גרם,false,1,4.90,13.24,false,1,
7290112496447,false,נמס בכוס אקסטרה טעם עוף,יוניליוור ישראל שיווק בעמ,,,יח`,27,גרם,false,1,4.90,18.15,false,1,
7290112496461,false,נמס בכוס אקסטרא ירקות 32 גר`,יוניליוור ישראל שיווק בעמ,,,יח`,32,גרם,false,1,4.90,15.31,false,1,
7290112497369,false,דאודורנט רול און טלק 50 מל,יוניליוור ישראל שיווק בעמ,,,יח`,50,גרם,false,1,14.90,29.80,true,1,
7290112497727,false,אל סבון בייבי 700 מל פינוק,יוניליוור ישראל שיווק בעמ,,,יח`,700,"מ""ל",false,1,14.90,2.13,true,1,
7290112497994,false,גרנולה פרוטאין בתוספת חלבון ואגוזים 300,יוניליוור ישראל שיווק בעמ,,,יח`,300,גרם,false,1,14.90,4.97,true,1,
7290112498007,false,גרנולה פרוטאין בתוספת חלבון שקדים וחמוצי,יוניליוור ישראל שיווק בעמ,,,יח`,300,גרם,false,1,14.90,4.97,true,1,
7290112498052,false,פתית ציפס עם בטטה מארז רביעייה,יוניליוור ישראל שיווק בעמ,,,יח`,84,גרם,false,1,13.90,16.55,true,1,
7290112498267,false,אל סבון ידיים פינוק קלאסי 950 מל,יוניליוור ישראל שיווק בעמ,,,יח`,950,"מ""ל",false,1,11.90,1.25,true,1,
7290112498274,false,אל סבון ידיים פינוק לבנדר ווניל 950 מל,יוניליוור ישראל שיווק בעמ,,,יח`,950,"מ""ל",false,1,11.90,1.25,true,1,
7290112498298,false,אל סבון ידיים פינוק בתוספת שמן מרוקאי 95,יוניליוור ישראל שיווק בעמ,,,יח`,950,"מ""ל",false,1,11.90,1.25,true,1,
7290112498526,false,פתית ציפס בטטה סגולה שמנת בצל,יוניליוור ישראל שיווק בעמ,,,יח`,22,גרם,false,1,4.90,22.27,true,1,
7290112498939,false,בומבה,גלידות שטראוס בעמ,,,יח`,1,,false,1,7.90,7.90,true,1,
7290112499097,false,מאגדת-מיני מגנום שוקולד מריר,גלידות שטראוס בעמ,,,יח`,1,,false,1,32.90,32.90,false,1,
7290112499127,false,מגנום שוקולד לבן ותות 77 גר`,גלידות שטראוס בעמ,,,יח`,1,,false,1,9.90,9.90,true,1,
7290112499196,false,שטראוס קרמיסימו החלב של הקורנפלקס,גלידות שטראוס בעמ,,,יח`,1.33,1 ליטר,false,1,18.90,14.21,false,1,
7290112499219,false,מאגדת גודיז בטעמי פיסטוק ושוקולד שטראוס,גלידות שטראוס בעמ,,,יח`,235,גרם,false,1,30.90,13.15,false,1,
7290112499462,false,תחליב רחצה שמן קוקוס 700 מל פינוק,יוניליוור ישראל שיווק בעמ,,,יח`,700,"מ""ל",false,1,12.90,1.84,true,1,
7290112499493,false,רקסונה דאודורנט ספריי בניחוח במבוק אלוור,יוניליוור ישראל שיווק בעמ,,,יח`,150,"מ""ל",false,1,14.90,9.93,true,1,
7290112499509,false,דאודורנט אפרסק ולימון גראס ספריי רקסונה,יוניליוור ישראל שיווק בעמ,,,יח`,150,"מ""ל",false,1,14.90,9.93,true,1,
7290112499929,false,מגנום שוקולד 85  גר`שטראוס,גלידות שטראוס בעמ,,,יח`,1,,false,1,9.90,9.90,true,1,
7290112499943,false,מאגדת-מיני מגנום קלאסיק שוקולד,גלידות שטראוס בעמ,,,יח`,1,,false,1,32.90,32.90,false,1,
7290112961266,false,בייגלה כפיות פיזור איטלקי 300 גר` אסם,קבוצת אסם סחר שות. מוגבלת,,,יח`,300,גרם,false,1,9.90,3.30,true,1,
7290112961440,false,פיטנס בר פריכיות שוקולד מריר 84 גר,קבוצת אסם סחר שות. מוגבלת,,,יח`,84,גרם,false,1,14.90,17.74,true,1,
7290112961754,false,עוגיות שוקוצ`יפס קרם אגוזים (220  גר`)אס,קבוצת אסם סחר שות. מוגבלת,,,יח`,220,גרם,false,1,11.90,5.41,false,1,
7290112963918,false,חטיפי קרקר דק רוזמרין 140 גר` פיטנס,קבוצת אסם סחר שות. מוגבלת,,,יח`,140,גרם,false,1,11.90,8.50,true,1,
7290112964458,false,רוטב לסלט וינגרט אסם (295 מל),קבוצת אסם סחר שות. מוגבלת,,,יח`,295,"מ""ל",false,1,11.90,4.03,true,1,
7290112964472,false,רוטב שום לסלט (290 גר`) אסם,קבוצת אסם סחר שות. מוגבלת,,,יח`,290,"מ""ל",false,1,11.90,4.10,true,1,
7290112964502,false,רוטב אלף האיים לסלט אסם (600 מל),קבוצת אסם סחר שות. מוגבלת,,,יח`,600,"מ""ל",false,1,17.90,2.98,false,1,
7290112964564,false,רוטב אלף האיים לייט לסלט אסם (295 מל),קבוצת אסם סחר שות. מוגבלת,,,יח`,295,"מ""ל",false,1,11.90,4.03,true,1,
7290112964625,false,רוטב שוםלייט לסלט 310 גר` אסם,קבוצת אסם סחר שות. מוגבלת,,,יח`,290,"מ""ל",false,1,11.90,4.10,true,1,
7290112965264,false,מרק נמס סוף זוג אפונה בדצ,קבוצת אסם סחר שות. מוגבלת,,,יח`,52,גרם,false,1,5.90,11.35,false,1,
7290112965288,false,מרק נמס בטעם ירקות אסם 52 גר`,קבוצת אסם סחר שות. מוגבלת,,,יח`,52,גרם,false,1,5.90,11.35,false,1,
7290112965301,false,מרק נמס סוף זוג טעם עוף 52  גר`אסם,קבוצת אסם סחר שות. מוגבלת,,,יח`,52,גרם,false,1,5.90,11.35,false,1,
7290112965325,false,אורז ספרדי 140  גר`אסם,קבוצת אסם סחר שות. מוגבלת,,,יח`,140,גרם,false,1,11.90,8.50,false,1,
7290112965363,false,קציצת קינואה וברוקולי 525 גר` טבעול,קבוצת אסם סחר שות. מוגבלת,,,יח`,525,גרם,false,1,29.90,5.70,true,1,
7290112965585,false,פסטה קסרצה 500  גר`פרפקטו אסם,קבוצת אסם סחר שות. מוגבלת,,,יח`,500,גרם,false,1,7.90,1.58,false,1,
7290112965660,false,חטיף מולטיגריין מלח פלפל ( 25 גר`) פיטנס,קבוצת אסם סחר שות. מוגבלת,,,יח`,1,,false,1,5,5,true,1,
7290112965684,false,חטיף מולטיגריין עשבי תיבול ( 25 גר`) פיט,קבוצת אסם סחר שות. מוגבלת,,,יח`,100,גרם,false,1,5,5,true,1,
7290112965707,false,חטיף מולטיגריין צ`לי מעודן ( 25 גר`) פיט,קבוצת אסם סחר שות. מוגבלת,,,יח`,100,גרם,false,1,5,5,true,1,
7290112965868,false,קרם קרקר במליחות מעודנת 250  גר`אסם,קבוצת אסם סחר שות. מוגבלת,,,יח`,250,גרם,false,1,9.90,3.96,true,1,
7290112965905,false,בייגלה שמיניות במליחות מעודנת 400 גר` אס,קבוצת אסם סחר שות. מוגבלת,,,יח`,400,גרם,false,1,10.90,2.73,true,1,
7290112965967,false,נאגטס ירקות כתומים ( 500 גר`) טבעול,קבוצת אסם סחר שות. מוגבלת,,,יח`,500,גרם,false,1,31.90,6.38,true,1,
7290112966094,false,עוגת הבית בטעם תפוז מופחת סוכראסם (400 ג,קבוצת אסם סחר שות. מוגבלת,,,יח`,400,גרם,false,1,11.90,2.98,false,1,
7290112966247,false,לחמית כוסמין 200  גר`אסם,קבוצת אסם סחר שות. מוגבלת,,,יח`,200,גרם,false,1,10.90,5.45,true,1,
7290112966445,false,במבה מתוקה אריזה גדולה 100  גר`אסם,קבוצת אסם סחר שות. מוגבלת,,,יח`,100,גרם,false,1,8.90,8.90,false,1,
7290112966681,false,בייגלה רומני בונז`ור,קבוצת אסם סחר שות. מוגבלת,,,יח`,1,,false,1,4.20,4.20,true,1,
7290112967114,false,חטיפי פריכיות קטניות ופלפל 60 גר` פיטנס,קבוצת אסם סחר שות. מוגבלת,,,יח`,60,גרם,false,1,8.90,14.83,true,1,
7290112967206,false,במבה מתוקה מארז 10 יח,קבוצת אסם סחר שות. מוגבלת,,,יח`,150,גרם,false,1,12.90,8.60,false,1,
7290112968203,false,סלט טחינה בלאדי 250  גר`צבר,קבוצת אסם סחר שות. מוגבלת,,,יח`,250,גרם,false,1,9.90,3.96,false,1,
7290112968784,false,חטיפי כרובית 450 גר` טבעול,קבוצת אסם סחר שות. מוגבלת,,,יח`,450,גרם,false,1,32.90,7.31,true,1,
7290112968807,false,חטיפי קרקר דק סלק 140 גר` פיטנס,קבוצת אסם סחר שות. מוגבלת,,,יח`,140,גרם,false,1,11.90,8.50,true,1,
7290112968821,false,חטיפי קרקר דק בטטה 140 גר` פיטנס,קבוצת אסם סחר שות. מוגבלת,,,יח`,140,גרם,false,1,11.90,8.50,true,1,
7290112969248,false,רוטב סילאן ובצל  בישולים( 335  גר`)אסם,קבוצת אסם סחר שות. מוגבלת,,,יח`,335,גרם,false,1,15.90,4.75,true,1,
7290113190450,false,ממרח תמרים 450 גר` שקדיה,דין שיווק וקליה 2021 בעמ,,,יח`,450,גרם,false,1,5.90,1.31,false,1,
7290113192102,false,דפי אורז עגולים250 גר,דין שיווק וקליה 2021 בעמ,,,יח`,250,גרם,false,1,8.90,3.56,true,1,
7290113192171,false,מיקס אגוזים שקדים וחמוציות 150  גר`ששון,דין שיווק וקליה 2021 בעמ,,,יח`,150,גרם,false,1,14.90,9.93,false,1,
7290113192300,false,חרוזית מושחר 275 גר` בית השיטה,קבוצת אסם סחר שות. מוגבלת,,,יח`,275,גרם,false,1,10.90,3.96,false,1,
7290113192317,false,זיתים מושחרים טבעות בית השיטה (280 גרם),קבוצת אסם סחר שות. מוגבלת,,,יח`,280,גרם,false,1,10.90,3.89,false,1,
7290113192348,false,זית ירוק טעם שום  (34017-19 גר`),קבוצת אסם סחר שות. מוגבלת,,,יח`,340,גרם,false,1,10.90,3.21,true,1,
7290113192355,false,זיתים חרוזית ירוק A2 בית השיטה,קבוצת אסם סחר שות. מוגבלת,,,יח`,560,גרם,false,1,10.90,1.95,true,1,
7290113192362,false,זיתים ירוקים טבעות (560  גרם)בית השיטה,קבוצת אסם סחר שות. מוגבלת,,,יח`,560,גרם,false,1,10.90,1.95,false,1,
7290113192492,false,מלפפון בחומץ 13-17 A2 בית  השיטה( 290 ג,קבוצת אסם סחר שות. מוגבלת,,,יח`,320,גרם,false,1,10.90,3.41,false,1,
7290113192508,false,מלפפון במלח 13-17 A2 בית  השיטה( 320 גר`,קבוצת אסם סחר שות. מוגבלת,,,יח`,320,גרם,false,1,10.90,3.41,false,1,
7290113192515,false,מלפפון במלח 18-25 A2 בית  השיטה( 320 גר`,קבוצת אסם סחר שות. מוגבלת,,,יח`,320,גרם,false,1,12.90,4.03,false,1,
7290113192522,false,מלפפון בחומץ 18-25 A2 בית  השיטה( 320 גר,קבוצת אסם סחר שות. מוגבלת,,,יח`,320,גרם,false,1,12.90,4.03,false,1,
7290113192553,false,מלפפון במלח בלאדי 13-17 בית  השיטה( 320,קבוצת אסם סחר שות. מוגבלת,,,יח`,320,גרם,false,1,10.90,3.41,false,1,
7290113192560,false,פלפל חריף כבוש שיפקה בית השיטה (430 גר`),קבוצת אסם סחר שות. מוגבלת,,,יח`,430,גרם,false,1,7.90,1.84,true,1,
7290113192577,false,כרוב כבוש בית השיטה (430 גר`),קבוצת אסם סחר שות. מוגבלת,,,יח`,430,גרם,false,1,7.90,1.84,false,1,
7290113192881,false,טורטיה חיטה מופחת קלוריות 270 גר,דין שיווק וקליה 2021 בעמ,,,יח`,270,גרם,false,1,9.90,3.67,true,1,
7290113192997,false,זית מרוקאי 340  גר`בית השיטה,קבוצת אסם סחר שות. מוגבלת,,,יח`,340,גרם,false,1,12.90,3.79,false,1,
7290113193000,false,פלפל שיפקונית 230  גר`בית השיטה,קבוצת אסם סחר שות. מוגבלת,,,יח`,230,גרם,false,1,10.90,4.74,false,1,
7290113193321,false,שמן זית כתית מעולה 750 מל בית השיטה,קבוצת אסם סחר שות. מוגבלת,,,יח`,750,"מ""ל",false,1,29.90,3.99,false,1,
7290113193406,false,טבעות קוקטייל זיתים 280  גר`בית השיטה,קבוצת אסם סחר שות. מוגבלת,,,יח`,280,גרם,false,1,12.90,4.61,false,1,
7290113194649,false,מלפפונים במלח קוביות 320 גר בית השיטה,קבוצת אסם סחר שות. מוגבלת,,,יח`,320,גרם,false,1,10.90,3.41,true,1,
7290113195363,false,שמן חמניות מזוכך בית השיטה 1 ליטר,קבוצת אסם סחר שות. מוגבלת,,,יח`,1,"מ""ל",false,1,13.90,1390,false,1,
7290113195424,false,אטריות אורז 400 גרם,דין שיווק וקליה 2021 בעמ,,,יח`,400,גרם,false,1,8.90,2.23,false,1,
7290113196001,false,פסטה ספגטי שקדיה 500 גר` .,דין שיווק וקליה 2021 בעמ,,,יח`,500,גרם,false,1,3.90,0.78,true,1,
7290113196018,false,פסטה ביסלי שקדיה 500 גר`.,דין שיווק וקליה 2021 בעמ,,,יח`,500,גרם,false,1,3.90,0.78,true,1,
7290113196025,false,פסטה צינורות שקדיה 500 גר` .,דין שיווק וקליה 2021 בעמ,,,יח`,500,גרם,false,1,3.90,0.78,true,1,
7290113196032,false,פסטה צדפים שקדיה 500 גר` .,דין שיווק וקליה 2021 בעמ,,,יח`,500,גרם,false,1,3.90,0.78,true,1,
7290113196414,false,אורז בסמטי 1 קג שקדיה,דין שיווק וקליה 2021 בעמ,,,יח`,1,"ק""ג",false,1,9.90,9.90,false,1,
7290113196896,false,תרסיס שמן זית 170 מל שקדיה,דין שיווק וקליה 2021 בעמ,,,יח`,170,"מ""ל",false,1,12.90,7.59,true,1,
7290113198586,false,סוכריות גומי נחשים בטעם אפרסק 200 גר`,דין שיווק וקליה 2021 בעמ,,,יח`,200,גרם,false,1,9.90,4.95,true,1,
7290113198593,false,סוכריות גומי נחשים בטעם בננה 200 גר`,דין שיווק וקליה 2021 בעמ,,,יח`,200,גרם,false,1,9.90,4.95,true,1,
7290113198609,false,סוכריות גומי נחשים בטעמי פירות 200 גר`,דין שיווק וקליה 2021 בעמ,,,יח`,200,גרם,false,1,9.90,4.95,true,1,
7290113199910,false,סוכריות חמצוצים בטעם קולה 180 גר`,דין שיווק וקליה 2021 בעמ,,,יח`,180,גרם,false,1,9.90,5.50,true,1,
7290113199927,false,סוכריות חמצוצים בטעמי פירות 180 גר`,דין שיווק וקליה 2021 בעמ,,,יח`,180,גרם,false,1,9.90,5.50,true,1,
7290113594579,false,שלישיית ביצי שוקולד מפרץ ההרפתקאות,שמחה זה אנחנו בעמ,,,יח`,60,גרם,false,1,12.90,21.50,false,1,
7290114310215,false,טרה שמנת מתוקה עמידה בקבוק 38% 250 מל,החב` המרכזית - טרה,,,יח`,250,"מ""ל",false,1,6.47,2.59,false,1,
7290114310239,false,חלב נטול לקטוז  מעושר( 1.5  ליטר)בויטמין,החב` המרכזית - טרה,,,יח`,1.50,"מ""ל",false,1,12.50,833.33,false,1,
7290114310345,false,מעדן יוגרוט בטעם תות  (1.5% 125 גר`),החב` המרכזית - טרה,,,יח`,125,גרם,false,1,3,2.40,true,1,
7290114310536,false,יוגורט מולר אקטיב וניל חלבון 25 גר`,החב` המרכזית - טרה,,,יח`,200,גרם,false,1,6.20,3.10,true,1,
7290114311038,false,שמנת מתוקה 32% בבקבוק 250 מל טרה,החב` המרכזית - טרה,,,יח`,250,"מ""ל",false,1,6.90,2.76,false,1,
7290114311359,false,קציפת מנגו 3% שומן מולר פרופ 150 גר`,החב` המרכזית - טרה,,,יח`,150,"מ""ל",false,1,5.30,3.53,false,1,
7290114600989,false,רוטב אלף האיים 250  גר`מאסטר שף,ש.שסטוביץ בעמ,,,יח`,250,"מ""ל",false,1,9.90,3.96,false,1,
7290114600996,false,רוטב שום 250  גר`מאסטר שף,ש.שסטוביץ בעמ,,,יח`,250,"מ""ל",false,1,9.90,3.96,false,1,
7290114603515,false,רוטב קארי אדום 340  גר`מאסאר שף,ש.שסטוביץ בעמ,,,יח`,340,גרם,false,1,14.90,4.38,false,1,
7290114603591,false,פוף PLAY בטעם קטשופ 40 גר`,ש.שסטוביץ בעמ,,,יח`,40,גרם,false,1,3.90,9.75,true,1,
7290114603607,false,פוף PLAY בטעם חמוץ מתוק 40 גר`,ש.שסטוביץ בעמ,,,יח`,40,גרם,false,1,3.90,9.75,true,1,
7290114604901,false,ממרח שום לחיץ 444 גר` מאסטר שף,ש.שסטוביץ בעמ,,,יח`,444,גרם,false,1,14.90,3.36,true,1,
7290114604925,false,מאסטר שף קרם קוקוס לייט 400 מל,ש.שסטוביץ בעמ,,,יח`,400,"מ""ל",false,1,9.90,2.48,false,1,
7290114604963,false,מאסטר שף פירורי לחם מתובלים 230 גר,ש.שסטוביץ בעמ,,,יח`,230,גרם,false,1,6.90,3,false,1,
7290114607391,false,קולגייט משחת ילדים ברבי 2-5 75 מל,ש.שסטוביץ בעמ,,,יח`,75,"מ""ל",false,1,12.90,17.20,false,1,
7290114608640,false,קרוטונים לסלט כוסמין 260  גר`מאסטר שף,ש.שסטוביץ בעמ,,,יח`,260,גרם,false,1,18.90,7.27,false,1,
7290114653541,false,שלישיית ביצי שוקולד כוח פי ג`יי,שמחה זה אנחנו בעמ,,,יח`,60,גרם,false,1,12.90,21.50,false,1,
7290115190014,false,מרלבורו רד חפיסה) (20,פיליפ מוריס בעמ,,,יח`,1,,false,1,38.50,38.50,true,1,
7290115190038,false,מרלבורו רד קצר סופט בודד,פיליפ מוריס בעמ,,,יח`,1,,false,1,35.50,35.50,true,1,
7290115190076,false,מרלבורו גולד 100 חפיסה) (20,פיליפ מוריס בעמ,,,יח`,1,,false,1,38.50,38.50,true,1,
7290115190090,false,מרלבורו גולד חפיסה) (20,פיליפ מוריס בעמ,,,יח`,1,,false,1,38.50,38.50,true,1,
7290115190137,false,מרלבורו גולדפין  טאצ`בודד,פיליפ מוריס בעמ,,,יח`,1,,false,1,33.50,33.50,true,1,
7290115190151,false,מרלבורו גולד  טאצ`בודד,פיליפ מוריס בעמ,,,יח`,1,,false,1,33.50,33.50,true,1,
7290115190175,false,פרלמנט סופר סלימס בודד,פיליפ מוריס בעמ,,,יח`,1,,false,1,43.50,43.50,true,1,
7290115190199,false,פרלמנט נייט ארוך חפיסה) (20,פיליפ מוריס בעמ,,,יח`,1,,false,1,43.50,43.50,true,1,
7290115190212,false,פרלמנט ארוך בלו RCB בודד,פיליפ מוריס בעמ,,,יח`,1,,false,1,43.50,43.50,true,1,
7290115190229,false,פרלמנט בלו פאקט) (10 חדש,פיליפ מוריס בעמ,,,יח`,1,,false,1,390,390,false,1,
7290115190236,false,פרלמנט קצר בלו בודד,פיליפ מוריס בעמ,,,יח`,1,,false,1,43.50,43.50,true,1,
7290115190243,false,פרלמנט נייט פאקט) (10 חדש,פיליפ מוריס בעמ,,,יח`,1,,false,1,390,390,false,1,
7290115190250,false,פרלמנט קצר בודד,פיליפ מוריס בעמ,,,יח`,1,,false,1,43.50,43.50,true,1,
7290115190335,false,ל.מ. בלו לייבל ארוך בודד,פיליפ מוריס בעמ,,,יח`,1,,false,1,33,33,true,1,
7290115190359,false,אל.אמ בלו לייבל קצר חפיסה) (20,פיליפ מוריס בעמ,,,יח`,1,,false,1,33,33,true,1,
7290115190397,false,אל.אמ קצר רד לייבל חפיסה) (20,פיליפ מוריס בעמ,,,יח`,1,,false,1,33,33,true,1,
7290115190434,false,אל.אמ וייב סלימס חפיסה) (20,פיליפ מוריס בעמ,,,יח`,1,,false,1,33,33,true,1,
7290115190441,false,נקסט  אדג`פאקט) (10,פיליפ מוריס בעמ,,,יח`,1,,false,1,255,255,true,1,
7290115190458,false,נקסט  אדג`בודד,פיליפ מוריס בעמ,,,יח`,1,,false,1,29.50,29.50,true,1,
7290115190472,false,נקסט  אדג`בודד,פיליפ מוריס בעמ,,,יח`,1,,false,1,29.50,29.50,true,1,
7290115190489,false,נקסט פיין 100 פאקט) (10,פיליפ מוריס בעמ,,,יח`,1,,false,1,285,285,true,1,
7290115190496,false,נקסט 100 חפיסה) (20,פיליפ מוריס בעמ,,,יח`,1,,false,1,32,32,true,1,
7290115190502,false,נקסט פיין פאקט) (10 חדש,פיליפ מוריס בעמ,,,יח`,1,,false,1,285,285,true,1,
7290115190519,false,נקסט לייט חפיסה) (20,פיליפ מוריס בעמ,,,יח`,1,,false,1,32,32,true,1,
7290115190533,false,נקסט ריסס 100 בודד,פיליפ מוריס בעמ,,,יח`,1,,false,1,29.50,29.50,true,1,
7290115190557,false,חפיסת סיגריות ריסס פילטר נקסט) (20,פיליפ מוריס בעמ,,,יח`,1,,false,1,29.50,29.50,true,1,
7290115190571,false,נקסט לילך,פיליפ מוריס בעמ,,,יח`,1,,false,1,32,32,true,1,
7290115190588,false,נקסט אורג`ינל פאקט) (10 ח,פיליפ מוריס בעמ,,,יח`,1,,false,1,285,285,true,1,
7290115190595,false,נקסט FF בודד,פיליפ מוריס בעמ,,,יח`,1,,false,1,32,32,true,1,
7290115190632,false,טבק לגלגול מרלבורו גולד,פיליפ מוריס בעמ,,,יח`,1,,false,1,69,69,false,1,
7290115190656,false,טבק לגלגול נקסט פיין (40 גרם),פיליפ מוריס בעמ,,,יח`,1,,false,1,72,72,false,1,
7290115190670,false,טבק לגלגול אוריג`ינל,פיליפ מוריס בעמ,,,יח`,1,,false,1,72,72,false,1,
7290115190915,false,טבק לגלגול נקסט לבן 50  גר`בודד,פיליפ מוריס בעמ,,,יח`,1,,false,1,84,84,false,1,
7290115191028,false,מרלבורו סאמר ספלאש פאקט,פיליפ מוריס בעמ,,,יח`,1,,false,1,295,295,true,1,
7290115191035,false,מרלבורו סאמר ספלאש בודד,פיליפ מוריס בעמ,,,יח`,1,,false,1,35,35,true,1,
7290115200003,false,פתי בר פינוקי וניל 200  גר`אסם,קבוצת אסם סחר שות. מוגבלת,,,יח`,220,גרם,false,1,10.90,4.95,true,1,
7290115200027,false,פתי בר פינוקי שוקו 200  גר`אסם,קבוצת אסם סחר שות. מוגבלת,,,יח`,220,גרם,false,1,10.90,4.95,true,1,
7290115200676,false,קרמוגית קרמל מלוח 200 גר` אסם,קבוצת אסם סחר שות. מוגבלת,,,יח`,200,גרם,false,1,11.90,5.95,true,1,
7290115200713,false,במבה קלאסי מארז אחיד 5*50  גר`אסם,קבוצת אסם סחר שות. מוגבלת,,,יח`,250,גרם,false,1,13.90,5.56,true,1,
7290115200881,false,בייגלה שטוחים שומשום במליחות מעודנת אסם,קבוצת אסם סחר שות. מוגבלת,,,יח`,300,גרם,false,1,9.90,3.30,true,1,
7290115201680,false,ביסלי חטיף בטעם ברביקין אסם (70 גרם),קבוצת אסם סחר שות. מוגבלת,,,יח`,70,גרם,false,1,3.90,5.57,true,1,
7290115201703,false,ביסלי חטיף בטעם ברביקין אסם (200 גרם),קבוצת אסם סחר שות. מוגבלת,,,יח`,200,גרם,false,1,7.90,3.95,true,1,
7290115201765,false,לחמניה פרנה 160  גר`בונז`ור,קבוצת אסם סחר שות. מוגבלת,,,יח`,1,,false,1,5.50,5.50,false,1,
7290115201789,false,לחמניה פרנה 180  גר`בונז`ור,קבוצת אסם סחר שות. מוגבלת,,,יח`,1,,false,1,5.50,5.50,false,1,
7290115202304,false,נודלס אטריות אורז רחבות 300  גר`אסם,קבוצת אסם סחר שות. מוגבלת,,,יח`,300,גרם,false,1,9.90,3.30,false,1,
7290115202786,false,מנה חמה  פאוצ`נודלס אטריות בקר,קבוצת אסם סחר שות. מוגבלת,,,יח`,70,גרם,false,1,3.90,5.57,false,1,
7290115202816,false,מנה חמה  פאוצ`נודלס אטריות טעם עוף,קבוצת אסם סחר שות. מוגבלת,,,יח`,70,גרם,false,1,3.90,5.57,false,1,
7290115202847,false,מנה חמה  פאוצ`נודלס ספייסי,קבוצת אסם סחר שות. מוגבלת,,,יח`,70,גרם,false,1,3.90,5.57,false,1,
7290115203134,false,חטיף פופקו פופקורן במבה אסם (80 גרם),קבוצת אסם סחר שות. מוגבלת,,,יח`,80,גרם,false,1,5.50,6.88,true,1,
7290115203172,false,במבה פרו 80 גר`,קבוצת אסם סחר שות. מוגבלת,,,יח`,80,גרם,false,1,4.30,5.38,true,1,
7290115203295,false,פסטה ריציאולי 500 גרם פרפקטו אסם,קבוצת אסם סחר שות. מוגבלת,,,יח`,500,גרם,false,1,8.90,1.78,false,1,
7290115203806,false,רוטב בסיס אסם (290 מל),קבוצת אסם סחר שות. מוגבלת,,,יח`,290,"מ""ל",false,1,17.90,6.17,true,1,
7290115204056,false,קטשופ 56% פחות סוכר 690 גרם אסם,קבוצת אסם סחר שות. מוגבלת,,,יח`,690,גרם,false,1,11.90,1.72,false,1,
7290115204131,false,צבר סחוג ירוק 190 גר`,קבוצת אסם סחר שות. מוגבלת,,,יח`,190,גרם,false,1,11.90,6.26,false,1,
7290115204247,false,צבר עגבניות מיובשות 190 גר`,קבוצת אסם סחר שות. מוגבלת,,,יח`,190,גרם,false,1,16.90,8.89,true,1,
7290115205176,false,חטיפי קרקר כפרי 140 גר` פיטנס,קבוצת אסם סחר שות. מוגבלת,,,יח`,140,גרם,false,1,11.90,8.50,true,1,
7290115205312,false,חטיפי קרקר זיתים 140 גר` thin deli פיטנס,קבוצת אסם סחר שות. מוגבלת,,,יח`,140,גרם,false,1,11.90,8.50,true,1,
7290115205527,false,חטיף מולטיגריין עם עדשים ( 25 גר`) פיטנס,קבוצת אסם סחר שות. מוגבלת,,,יח`,25,גרם,false,1,5,20,true,1,
7290115205541,false,חטיף מולטיגריין עם חומוס ( 25 גר`) פיטנס,קבוצת אסם סחר שות. מוגבלת,,,יח`,25,גרם,false,1,5,20,true,1,
7290115205718,false,בצק עלים מצונן 230  גר`בונז`ור,קבוצת אסם סחר שות. מוגבלת,,,יח`,230,גרם,false,1,14.90,6.48,false,1,
7290115207309,false,אינסטנט פודינג בטעם טירמיסו אסם 70 גר`,קבוצת אסם סחר שות. מוגבלת,,,יח`,70,גרם,false,1,5.90,8.43,false,1,
7290115207545,false,קרמוגית במילוי קרם במבה אדומה,קבוצת אסם סחר שות. מוגבלת,,,יח`,200,גרם,false,1,11.90,5.95,false,1,
7290115207682,false,רוטב סויה בסגנון סיני אסם (290 מל),קבוצת אסם סחר שות. מוגבלת,,,יח`,290,"מ""ל",false,1,11.90,4.10,true,1,
7290115208009,false,ויטמינצ`יק ענבים 1 ליטר,קבוצת אסם סחר שות. מוגבלת,,,יח`,1000,"מ""ל",false,1,19.90,1.99,false,1,
7290115208047,false,סירופ פטל ויטמינצ`יק (1 ליטר),קבוצת אסם סחר שות. מוגבלת,,,יח`,1000,"מ""ל",false,1,19.90,1.99,false,1,
7290115208061,false,ויטמינצ`יק תפוח 1 ליטר,קבוצת אסם סחר שות. מוגבלת,,,יח`,1000,"מ""ל",false,1,19.90,1.99,false,1,
7290115208320,false,אפרופו טעם ביסלי בצלאסם (50 גרם),קבוצת אסם סחר שות. מוגבלת,,,יח`,50,גרם,false,1,5,10,false,1,
7290115208344,false,בייגלה כפיות שמנת בצל אסם (300 גרם),קבוצת אסם סחר שות. מוגבלת,,,יח`,300,גרם,false,1,9.90,3.30,true,1,
7290115208801,false,קרקר לחמית דבש ואגוזים אסם (190 גרם),קבוצת אסם סחר שות. מוגבלת,,,יח`,190,גרם,false,1,10.90,5.74,true,1,
7290115209136,false,טבעול חטיפי עוף צמחוני 1.2 קג,קבוצת אסם סחר שות. מוגבלת,,,יח`,1.20,"ק""ג",false,1,44.90,37.42,false,1,
7290115209198,false,במבה אורירית 80  גר`אסם,קבוצת אסם סחר שות. מוגבלת,,,יח`,80,גרם,false,1,4.30,5.38,true,1,
7290115209235,false,ביסקוויט פתי בר קפה אסם (500 גרם),קבוצת אסם סחר שות. מוגבלת,,,יח`,500,גרם,false,1,11.90,2.38,false,1,
7290115209358,false,במבה במילוי בראוניז אסם (60 גרם),קבוצת אסם סחר שות. מוגבלת,,,יח`,60,גרם,false,1,4.30,7.17,false,1,
7290115209372,false,במבה במילוי בראוניז 150  גר`אסם,קבוצת אסם סחר שות. מוגבלת,,,יח`,150,גרם,false,1,9.90,6.60,false,1,
7290115403299,false,עוגיות פרפריות 450 גר`,שיבולים יצור ושיווק מוצרי מאפה,,,יח`,450,גרם,false,1,14.90,3.31,false,1,
7290115403312,false,עוגיות מלוחות קריספי עגול 450 גר`,שיבולים יצור ושיווק מוצרי מאפה,,,יח`,450,גרם,false,1,14.90,3.31,false,1,
7290115403329,false,עוגיות רשת קינמון מסוכרות 450גר`,שיבולים יצור ושיווק מוצרי מאפה,,,יח`,450,גרם,false,1,14.90,3.31,false,1,
7290115403350,false,עוגיות רשת שוקו מסוכרות 450 גר,שיבולים יצור ושיווק מוצרי מאפה,,,יח`,450,גרם,false,1,14.90,3.31,false,1,
7290115403404,false,עוגיות פרפריות שוקו 450 גר`,שיבולים יצור ושיווק מוצרי מאפה,,,יח`,450,גרם,false,1,14.90,3.31,false,1,
7290115403459,false,עוגיות נסיכה בטעם תות 500 גר`,שיבולים יצור ושיווק מוצרי מאפה,,,יח`,500,גרם,false,1,14.90,2.98,false,1,
7290115403466,false,עוגיות נסיכה מיקס 500 גר`,שיבולים יצור ושיווק מוצרי מאפה,,,יח`,500,גרם,false,1,14.90,2.98,false,1,
7290115403480,false,עוגיות בסגנון מרוקאי מיני 500 גר`,שיבולים יצור ושיווק מוצרי מאפה,,,יח`,500,גרם,false,1,14.90,2.98,false,1,
7290115403510,false,עוגיות מגולגלות תמרים 500 גר`,שיבולים יצור ושיווק מוצרי מאפה,,,יח`,500,גרם,false,1,14.90,2.98,false,1,
7290115403527,false,עוגיות עינוגי תמרים 500 גר`,שיבולים יצור ושיווק מוצרי מאפה,,,יח`,500,גרם,false,1,14.90,2.98,false,1,
7290115403565,false,עוגיות קיפל וניל 500 גר`,שיבולים יצור ושיווק מוצרי מאפה,,,יח`,500,גרם,false,1,14.90,2.98,false,1,
7290115405668,false,כדורי שוקולד סוכריות 280 גר כשלפ,קפולסקי אדל בעמ,,,יח`,280,גרם,false,1,29.90,10.68,false,1,
7290115405781,false,פחזניות ממולאות בטעם שוקולד 180 גר`,קפולסקי אדל בעמ,,,יח`,180,גרם,false,1,14.90,8.28,false,1,
7290115405798,false,פחזניות ממולאות בטעם ריבת חלב 180 גר`,קפולסקי אדל בעמ,,,יח`,180,גרם,false,1,14.90,8.28,false,1,
7290115405804,false,פחזניות ממולאות בטעם תות 180 גר`,קפולסקי אדל בעמ,,,יח`,180,גרם,false,1,14.90,8.28,false,1,
7290115670707,false,אנרג`י גרנולה שוקולד ואגוזים 400 גרם,שטראוס גרופ בעמ,,,יח`,400,גרם,false,1,12.90,3.23,false,1,
7290115671155,false,סוכריות שלישיית fresh ענבים ללס מאסט,שטראוס גרופ בעמ,,,יח`,45,גרם,false,1,8.90,19.78,false,1,
7290115671223,false,מסטיק מאסט פאן אבטיח מנגו (58 גרם),שטראוס גרופ בעמ,,,יח`,1,,false,1,9.90,9.90,true,1,
7290115671339,false,מיני פינוקיות בראוניז בייגל בוטן 180 גר`,שטראוס גרופ בעמ,,,יח`,180,גרם,false,1,10.90,6.06,true,1,
7290115671346,false,מיני פינוקיות טופי קרמל מלוח 180 גר`,שטראוס גרופ בעמ,,,יח`,180,גרם,false,1,10.90,6.06,true,1,
7290115671353,false,מיני פינוקיות שחור לבן 180 גר`,שטראוס גרופ בעמ,,,יח`,180,גרם,false,1,10.90,6.06,true,1,
7290115676037,false,משקה דנונה ריפרש תות דומדמניות,שטראוס גרופ בעמ/מצונן,,,יח`,250,גרם,false,1,5.50,2.20,false,1,
7290115676051,false,אקטיביה משקה מתיקות מעודנת+ש. שועל 265מל,שטראוס גרופ בעמ/מצונן,,,יח`,265,"מ""ל",false,1,4.90,1.85,false,1,
7290115676082,false,משקה דנונה פרו תות,שטראוס גרופ בעמ/מצונן,,,יח`,225,גרם,false,1,6.90,3.07,false,1,
7290115677089,false,קונפיטורת תפוח וקינמון יד מרדכי 340 גר,שטראוס גרופ בעמ,,,יח`,340,גרם,false,1,11.90,3.50,false,1,
7290115677140,false,תפוצ`יפס פפריקה 200 גר` (היתר מכירה),שטראוס פריטו ליי בעמ,,,יח`,200,גרם,false,1,10.90,5.45,true,1,
7290115678376,false,מעדן הגולן שוקולד 125 גרם,שטראוס גרופ בעמ/מצונן,,,יח`,1,,false,1,2.90,2.90,true,1,
7290115678383,false,מעדן הגולן שוקולד מריר 125 גרם,שטראוס גרופ בעמ/מצונן,,,יח`,1,,false,1,2.90,2.90,true,1,
7290115678635,false,נשנושי גבינה 16% עם חטיף אפוי עם כעכים ש,שטראוס גרופ בעמ/מצונן,,,יח`,67,גרם,false,1,9.90,14.78,true,1,
7290115678888,false,שוקולית טופי קרמל 500  גר`עלית,שטראוס גרופ בעמ,,,יח`,500,גרם,false,1,14.90,2.98,false,1,
7290116530000,false,דאב תרחיץ פנים מלפפון ותה ירוק (180 מל),יוניליוור ישראל שיווק בעמ,,,יח`,180,"מ""ל",false,1,17.90,9.94,true,1,
7290116530161,false,תחליב רחצה אננס 700 מל פינוק,יוניליוור ישראל שיווק בעמ,,,יח`,700,"מ""ל",false,1,12.90,1.84,true,1,
7290116531090,false,דגדג חטיף אפוי במליחות מעודנת 250 גר`,יוניליוור ישראל שיווק בעמ,,,יח`,250,גרם,false,1,9.90,3.96,true,1,
7290116531496,false,קינמונים דגנים פריכים מצופים קינמון 375,יוניליוור ישראל שיווק בעמ,,,יח`,375,גרם,false,1,21.90,5.84,true,1,
7290116531939,false,קרמיסימו גלידונית תות שדה 60 יח`,גלידות שטראוס בעמ,,,יח`,700,גרם,false,1,47.90,6.84,false,1,
7290116532219,false,קורנפלקס תות 448  גר`תלמה,יוניליוור ישראל שיווק בעמ,,,יח`,448,גרם,false,1,16.90,3.77,true,1,
7290116532264,false,מאגדת גודי`ז פרי אפרסק,גלידות שטראוס בעמ,,,יח`,300,גרם,false,1,30.90,10.30,false,1,
7290116532585,false,ברנפלקס קרנצ`ים דבש וקינמון 375 גר`,יוניליוור ישראל שיווק בעמ,,,יח`,375,גרם,false,1,22.90,6.11,true,1,
7290116532721,false,רוטב לסלט לימון וזעתר 295 גרם,יוניליוור ישראל שיווק בעמ,,,יח`,295,"מ""ל",false,1,12.90,4.37,false,1,
7290116532882,false,נישנושים איירביס טעם בצל 155 גר`,יוניליוור ישראל שיווק בעמ,,,יח`,155,גרם,false,1,12.90,8.32,false,1,
7290116532899,false,נישנושים איירביס טעם פלאפל 155 גר`,יוניליוור ישראל שיווק בעמ,,,יח`,155,גרם,false,1,12.90,8.32,false,1,
7290116533063,false,שוגי בטעם קרטיב ענבים 400  גר`תלמה,יוניליוור ישראל שיווק בעמ,,,יח`,400,גרם,false,1,21.90,5.48,true,1,
7290116930015,false,חטיף חלבון GO קרמל בוטנים קריספי 20 גר`,שקד תבל בעמ,,,יח`,1,,false,1,11.90,11.90,true,1,
7290116930022,false,חטיף חלבון GO קרם עוגיות ציפוי קריספי 20,שקד תבל בעמ,,,יח`,1,,false,1,11.90,11.90,true,1,
7290116930282,false,ארוחה בקטנה לאבנה עם קרקרים 150 גר`,תנובה - חלב,,,יח`,150,גרם,false,1,7.90,5.27,false,1,
7290116930435,false,יוגורט גו סמיך דובדבן 0% שומן 200 גרם,תנובה - חלב,,,יח`,200,גרם,false,1,5.70,2.85,false,1,
7290116930466,false,יופלה שייק בננה פסיפלורה והל 230 מל,תנובה - חלב,,,יח`,230,"מ""ל",false,1,7.90,3.43,true,1,
7290116930626,false,ארוחה בקטנה צזיקי עם קרקרים 150 גר`,תנובה - חלב,,,יח`,150,גרם,false,1,7.90,5.27,false,1,
7290116930701,false,מעדן חלב גו בטעם קרמל מלוח 120 גר`,תנובה - חלב,,,יח`,120,גרם,false,1,4.90,4.08,false,1,
7290116931104,false,יוגורט גו סמיך אננס 0% שומן 200 גרם,תנובה - חלב,,,יח`,200,גרם,false,1,5.70,2.85,false,1,
7290116931241,false,גבינת קוטג% `12תנובה (250 גרם),תנובה - חלב,,,יח`,250,גרם,false,1,5.80,2.32,false,1,
7290116931289,false,יוגורט גו סמיךאלפחורס 200 גרם,תנובה - חלב,,,יח`,200,גרם,false,1,5.70,2.85,false,1,
7290117260685,false,תן בו מיקס בציפויים שונים 230 גר`,ג.וילי-פוד אינטרנשיונל בעמ,,,יח`,230,גרם,false,1,19.90,8.65,true,1,
7290117261422,false,יוגורט פרוביוטי עם תות שדה 2% 125 גר`,ג.וילי-פוד אינטרנשיונל **גבינו,,,יח`,125,"מ""ל",false,1,2.90,2.32,false,1,
7290117261439,false,יוגורט פרוביוטי עם פירות יער 2% 125גרם,ג.וילי-פוד אינטרנשיונל **גבינו,,,יח`,125,"מ""ל",false,1,2.90,2.32,false,1,
7290117261446,false,יוגורט פרוביוטי עם אפרסק ומשמש 2% 125 ג,ג.וילי-פוד אינטרנשיונל **גבינו,,,יח`,125,"מ""ל",false,1,2.90,2.32,false,1,
7290117261514,false,סלמון אטלנטי בשמן קנולה ולימון 120 גר`,ג.וילי-פוד אינטרנשיונל בעמ,,,יח`,120,גרם,false,1,11.90,9.92,true,1,
7290117261538,false,סלמון אטלנטי בשמן קנולה וצ`ילי 120 גר`,ג.וילי-פוד אינטרנשיונל בעמ,,,יח`,120,גרם,false,1,11.90,9.92,true,1,
7290117262290,false,פרלינים אגוזים במילוי פצפוצי דגנים מצופי,ג.וילי-פוד אינטרנשיונל בעמ,,,יח`,1,,false,1,4.90,4.90,true,1,
7290117262306,false,קורנפלקס מצופה שוקולד 50 גר`,ג.וילי-פוד אינטרנשיונל בעמ,,,יח`,1,,false,1,4.90,4.90,true,1,
7290117262313,false,פצפוצי דגנים פריכים מצופים שוקולד 50 גר`,ג.וילי-פוד אינטרנשיונל בעמ,,,יח`,1,,false,1,4.90,4.90,true,1,
7290117262320,false,ביסקוויט מצופה שוקולד 50 גר`,ג.וילי-פוד אינטרנשיונל בעמ,,,יח`,1,,false,1,4.90,4.90,true,1,
7290117263020,false,משקה יוגורט פרוביוטי פירות יער 200 מל,ג.וילי-פוד אינטרנשיונל **גבינו,,,יח`,200,"מ""ל",false,1,4.90,2.45,false,1,
7290117263037,false,מאפה דונאטס ציפוי טעם שוקולד,ג.וילי-פוד אינטרנשיונל **גבינו,,,יח`,1,,false,1,4.90,4.90,false,1,
7290117263044,false,מאפה דונאטס ציפוי שוקולדופסי וניל,ג.וילי-פוד אינטרנשיונל **גבינו,,,יח`,1,,false,1,4.90,4.90,false,1,
7290117263051,false,מאפה דונאטס במילוי קרם קרמל,ג.וילי-פוד אינטרנשיונל **גבינו,,,יח`,1,,false,1,5.90,5.90,false,1,
7290117263068,false,מאפה דונאטס ציפוי טעם קרמל,ג.וילי-פוד אינטרנשיונל **גבינו,,,יח`,1,,false,1,4.90,4.90,false,1,
7290117263075,false,מאפה דונאטס במילוי קרם אגוזים וציפוי שוק,ג.וילי-פוד אינטרנשיונל **גבינו,,,יח`,1,,false,1,5.90,5.90,false,1,
7290117263082,false,מאפה דונאטס 45 גר`,ג.וילי-פוד אינטרנשיונל **גבינו,,,יח`,45,גרם,false,1,4.90,10.89,false,1,
7290117263112,false,מאפה דונאטס ציפוי סוכריות טעם מסטיק,ג.וילי-פוד אינטרנשיונל **גבינו,,,יח`,45,גרם,false,1,4.90,10.89,false,1,
7290117263129,false,מאפה דונאטס במילוי מנגו וציפוי שבבי תפוז,ג.וילי-פוד אינטרנשיונל **גבינו,,,יח`,1,,false,1,5.90,5.90,false,1,
7290117380147,false,רוטב חרדל ודבש לסלט 260  גר`מאסטר שף,ש.שסטוביץ בעמ,,,יח`,260,"מ""ל",false,1,9.90,3.81,false,1,
7290117380215,false,פוף קראנצ בטעם טאקו 60 גר`,ש.שסטוביץ בעמ,,,יח`,60,גרם,false,1,3.90,6.50,true,1,
7290117381229,false,פוף פרכיות מצופות שוקולד חלב 70 גר`,ש.שסטוביץ בעמ,,,יח`,70,גרם,false,1,7.90,11.29,true,1,
7290117382318,false,סלים דליס פרו 33 חטיף חלבון מצופה שוקולד,ש.שסטוביץ בעמ,,,יח`,60,גרם,false,1,11.90,19.83,true,1,
7290117382332,false,סלים דליס פרו 33 חטיף חלבון מצופה שוקולד,ש.שסטוביץ בעמ,,,יח`,60,גרם,false,1,11.90,19.83,true,1,
7290117823798,false,ערכת אנטיגן מארז 5 יח`,שמחה זה אנחנו בעמ,,,יח`,1,,false,1,35,35,false,1,
7290117860038,false,הוואי תחליב רחצה יוגורט בניחוח אוכמניות,הנקל סוד בעמ,,,יח`,700,"מ""ל",false,1,14.90,2.13,false,1,
7290117860045,false,הוואי שמפו מטפח לשיער רגיל 700 מל,הנקל סוד בעמ,,,יח`,700,"מ""ל",false,1,14.90,2.13,true,1,
7290117860083,false,הוואי קרם רחצה בניחוח אירוס זהוב ודבש 70,הנקל סוד בעמ,,,יח`,700,"מ""ל",false,1,14.90,2.13,false,1,
7290117860090,false,הוואי מרכך מטפח לשיער רגיל 700 מל,הנקל סוד בעמ,,,יח`,700,"מ""ל",false,1,14.90,2.13,true,1,
7290117860137,false,הוואי קרם רחצה בניחוח פרח הקמליה 700 מל,הנקל סוד בעמ,,,יח`,700,"מ""ל",false,1,14.90,2.13,false,1,
7290117860144,false,הוואי שמפו למניעת קשקשים 700 מל,הנקל סוד בעמ,,,יח`,700,"מ""ל",false,1,14.90,2.13,true,1,
7290117860182,false,הוואי תחליב רחצה בניחוחמגנוליה ושמן שקדי,הנקל סוד בעמ,,,יח`,700,"מ""ל",false,1,14.90,2.13,false,1,
7290117860199,false,הוואי שמפו מעניק לחות לשיער יבש 700 מל,הנקל סוד בעמ,,,יח`,700,"מ""ל",false,1,14.90,2.13,true,1,
7290117860236,false,הוואי קרם רחצה בניחוח ויולה ורודה 700 מ,הנקל סוד בעמ,,,יח`,700,"מ""ל",false,1,14.90,2.13,false,1,
7290117860243,false,הוואי מרכך מעניק לחות לשיער יבש 700 מל,הנקל סוד בעמ,,,יח`,700,"מ""ל",false,1,14.90,2.13,true,1,
7290117860281,false,הוואי ג`ל רחצה לגבר בניחוח עוצמתי 700 מ,הנקל סוד בעמ,,,יח`,700,"מ""ל",false,1,14.90,2.13,false,1,
7290117860298,false,הוואי שמפו קרטין מחזק 700 מל,הנקל סוד בעמ,,,יח`,700,"מ""ל",false,1,14.90,2.13,true,1,
7290117860335,false,הוואי ג`ל רחצה לגבר בניחוח מעורר 700 מל,הנקל סוד בעמ,,,יח`,700,"מ""ל",false,1,14.90,2.13,false,1,
7290117860342,false,הוואי מרכך קרטין מחזק 700 מל,הנקל סוד בעמ,,,יח`,700,"מ""ל",false,1,14.90,2.13,true,1,
7290117860380,false,הוואי תחליב רחצה יוגורט בניחוח אלוורה 70,הנקל סוד בעמ,,,יח`,700,"מ""ל",false,1,14.90,2.13,false,1,
7290117860397,false,הוואי שמפו פריחת הדובדבן 700 מל,הנקל סוד בעמ,,,יח`,700,"מ""ל",false,1,14.90,2.13,true,1,
7290117860441,false,הוואי מרכך פריחת הדובדבן 700 מל,הנקל סוד בעמ,,,יח`,700,"מ""ל",false,1,14.90,2.13,true,1,
7290117860496,false,הוואי  שמפו+ מרכך 2ב1 700 מל,הנקל סוד בעמ,,,יח`,700,"מ""ל",false,1,14.90,2.13,true,1,
7290117860540,false,הוואי שמפו עדין לילדים 700 מל,הנקל סוד בעמ,,,יח`,700,"מ""ל",false,1,14.90,2.13,true,1,
7290117860595,false,הוואי מרכך מתיר קשרים לילדים 700 מל,הנקל סוד בעמ,,,יח`,700,"מ""ל",false,1,14.90,2.13,true,1,
7290117860649,false,הוואי שמפו ללא סולפטים 700 מל,הנקל סוד בעמ,,,יח`,700,"מ""ל",false,1,14.90,2.13,true,1,
7290117860694,false,הוואי מרכך ללא סולפטים 700 מל,הנקל סוד בעמ,,,יח`,700,"מ""ל",false,1,14.90,2.13,true,1,
7290117860748,false,הוואי שמפו מעניק נפח 700 מל,הנקל סוד בעמ,,,יח`,700,"מ""ל",false,1,14.90,2.13,true,1,
7290117860793,false,הוואי מרכך מעניק נפח 700 מל,הנקל סוד בעמ,,,יח`,700,"מ""ל",false,1,14.90,2.13,true,1,
7290117860847,false,הוואי שמפו 4ב1 לגבר רעננות קרירה 700 מל,הנקל סוד בעמ,,,יח`,700,"מ""ל",false,1,14.90,2.13,true,1,
7290117860892,false,הוואיתחליב רחצה יוגורט ניחוח וניל ודבש 7,הנקל סוד בעמ,,,יח`,700,"מ""ל",false,1,14.90,2.13,false,1,
7290117860946,false,הוואי תחליב רחצה יוגורט ניחוח קוקוס 700,הנקל סוד בעמ,,,יח`,700,"מ""ל",false,1,14.90,2.13,false,1,
7290117860991,false,הוואי תחליב רחצה יוגורט בניחוח שקדים 700,הנקל סוד בעמ,,,יח`,700,"מ""ל",false,1,14.90,2.13,false,1,
7290117900932,false,גרעיני אבטיח קלויים 130 גר,דין שיווק וקליה 2021 בעמ,,,יח`,130,גרם,false,1,10,7.69,false,1,
7290117900949,false,בוטנים מצופים אמריקאים 250גר,דין שיווק וקליה 2021 בעמ,,,יח`,250,גרם,false,1,10,4,false,1,
7290117900956,false,תערובת פיצוחים קלויים 180 גר ששון הקולה,דין שיווק וקליה 2021 בעמ,,,יח`,180,גרם,false,1,15,8.33,false,1,
7290117900963,false,בוטנים קלויים 270גר ששון הקולה,דין שיווק וקליה 2021 בעמ,,,יח`,270,גרם,false,1,10,3.70,false,1,
7290117900987,false,אגוז פקאן קלוף 140 גר ששון הקולה,דין שיווק וקליה 2021 בעמ,,,יח`,140,גרם,false,1,15,10.71,false,1,
7290117901007,false,פיסטוקים קלויים 130 גר ששון הקולה,דין שיווק וקליה 2021 בעמ,,,יח`,130,גרם,false,1,15,11.54,false,1,
7290117901014,false,אגוזי קשיו קלויים 160 גר ששון הקולה,דין שיווק וקליה 2021 בעמ,,,יח`,160,גרם,false,1,15,9.38,false,1,
7290117901021,false,קבוקים בוטנים מצופים 220גר,דין שיווק וקליה 2021 בעמ,,,יח`,220,גרם,false,1,10,4.55,false,1,
7290117901038,false,אגוזי מלך קלופים 190 גר ששון הקולה,דין שיווק וקליה 2021 בעמ,,,יח`,190,גרם,false,1,15,7.89,false,1,
7290117901045,false,בוטן רביולי 200  גר`ששון הקולה,דין שיווק וקליה 2021 בעמ,,,יח`,200,גרם,false,1,15,7.50,false,1,
7290117901182,false,בוטן קליפה קלוי 350  גר`שקדיה,דין שיווק וקליה 2021 בעמ,,,יח`,350,גרם,false,1,10,2.86,false,1,
7290119041312,false,עוגיות ממולאות טעם שוקולד מצופה,שיבולים יצור ושיווק מוצרי מאפה,,,יח`,350,גרם,false,1,14.90,4.26,false,1,
7290119041367,false,עוגיות סהרונים מצופות-אדל,שיבולים יצור ושיווק מוצרי מאפה,,,יח`,350,גרם,false,1,14.90,4.26,false,1,
7290119041411,false,עוגיות נסיכה טעם תות מצופות-אדל,שיבולים יצור ושיווק מוצרי מאפה,,,יח`,350,גרם,false,1,14.90,4.26,false,1,
7290119041466,false,עוגיות בסגנון מרוקאי עגולות  מצופות- אדל,שיבולים יצור ושיווק מוצרי מאפה,,,יח`,350,גרם,false,1,14.90,4.26,false,1,
7290119041510,false,עוגיות בסגנון מרוקאי עבות  מצופות- אדל,שיבולים יצור ושיווק מוצרי מאפה,,,יח`,350,גרם,false,1,14.90,4.26,false,1,
7290119041565,false,עוגיות פיצפוצי שוקו  מצופות- אדל,שיבולים יצור ושיווק מוצרי מאפה,,,יח`,350,גרם,false,1,14.90,4.26,false,1,
7290119041619,false,עוגיות פסים עלים מסוכרות  מצופות- אדל,שיבולים יצור ושיווק מוצרי מאפה,,,יח`,350,גרם,false,1,14.90,4.26,false,1,
7290119041664,false,עוגיות רשת שוקו מסוכרות  מצופות- אדל,שיבולים יצור ושיווק מוצרי מאפה,,,יח`,350,גרם,false,1,14.90,4.26,false,1,
7290119041718,false,עוגיות קוואקר ופצפוצי שוקו  מצופות- אדל,שיבולים יצור ושיווק מוצרי מאפה,,,יח`,350,גרם,false,1,14.90,4.26,false,1,
7290900010367,false,טורטיה 360 גר AVEL,אבאל יזמות בעמ,,,יח`,360,גרם,false,1,8.90,2.47,true,1,
7290900010664,false,ניוקי בטטה (1  קג)Avel,אבאל יזמות בעמ,,,יח`,1000,גרם,false,1,9.90,0.99,false,1,
7297292000310,false,סריגית רך ועדין 18 יח,כ. כיפות שיווק וסחר בעמ,,,יח`,1,,false,1,6.90,6.90,false,1,
7501013122114,false,נקטר אננס קרטונית ליטר גומקס,טמפו משקאות בעמ,,,יח`,1,1 ליטר,false,1,9.60,9.60,false,1,
7501064191398,false,בירה קורונה 355 מל בקבוק שישייה,תימקו בירה בעמ,,,יח`,2.13,1 ליטר,false,1,34.90,15.54,true,1,
7509546057545,false,ליידי ספיד סטיק פרו 5 סטיק,ש.שסטוביץ בעמ,,,יח`,45,גרם,false,1,22.90,50.89,true,1,
7509546061160,false,קולגייט משחת ילדים מיניונים 2-5 75 מל,ש.שסטוביץ בעמ,,,יח`,75,"מ""ל",false,1,12.90,17.20,false,1,
7509546061672,false,ספיד סטיק אקסטרים לגבר 50 גר`,ש.שסטוביץ בעמ,,,יח`,50,גרם,false,1,16.90,33.80,false,1,
7509546666846,false,קולגייט טוטאל משחת שיניים פחם 75 מל,ש.שסטוביץ בעמ,,,יח`,1,,false,1,19.90,19.90,false,1,
7509546678702,false,קולגייט טוטאל משחת שיניים אנטי טרטר 100,ש.שסטוביץ בעמ,,,יח`,100,"מ""ל",false,1,16.90,16.90,false,1,
7610243004463,false,דורגול מרסס מסיר אבנית יעקבי (600 מל),יעקב יעקבי ובניו בעמ,,,יח`,600,"מ""ל",false,1,19.90,3.32,false,1,
7610400068529,false,לינדט לינדור בונבוניירה מעורב כדורי שוקו,משה סידס ובנו בעמ,,,יח`,200,גרם,false,1,31.90,15.95,true,1,
7613030979647,false,טריקס נסטלה (480 גרם),קבוצת אסם סחר שות. מוגבלת,,,יח`,480,גרם,false,1,19.90,4.15,true,1,
7613032045753,false,פיטנס שוקולד נסטלה (375 גרם),קבוצת אסם סחר שות. מוגבלת,,,יח`,375,גרם,false,1,19.90,5.31,true,1,
7613033548192,false,פיטנס שוקולד מריר נסטלה (375 גרם),קבוצת אסם סחר שות. מוגבלת,,,יח`,375,גרם,false,1,19.90,5.31,true,1,
7613035635845,false,פיטנס גרנולה שוקולד 300 גר` אסם,קבוצת אסם סחר שות. מוגבלת,,,יח`,300,גרם,false,1,15.90,5.30,true,1,
7613035809109,false,רוטב עגבניות ובזיליקום פרפקטו,קבוצת אסם סחר שות. מוגבלת,,,יח`,400,גרם,false,1,9.90,2.48,true,1,
7613036387798,false,פיטנס יוגורט 350 גר` נסטלה,קבוצת אסם סחר שות. מוגבלת,,,יח`,350,גרם,false,1,19.90,5.69,true,1,
7613036520492,false,רוטב עגבניות לפיצה 400  גר`פרפקטו,קבוצת אסם סחר שות. מוגבלת,,,יח`,400,גרם,false,1,9.90,2.48,true,1,
7613036737623,false,קראנץ` מקס 410 דגני בוקר,קבוצת אסם סחר שות. מוגבלת,,,יח`,410,גרם,false,1,19.90,4.85,true,1,
7613037686906,false,פיטנס שקדים ודבש (355 גרם) נסטלה,קבוצת אסם סחר שות. מוגבלת,,,יח`,355,גרם,false,1,19.90,5.61,true,1,
7613038451954,false,דגני קראנץ` שוקולד מופחת 410 גר`,קבוצת אסם סחר שות. מוגבלת,,,יח`,410,גרם,false,1,19.90,4.85,true,1,
7613039879382,false,מחית תפוח עץ 190 גר` גרבר כשר לפסח,קבוצת אסם סחר שות. מוגבלת,,,יח`,190,גרם,false,1,6.90,3.63,true,1,
7613287121783,false,סמרטיס מיני 187 גר`,קבוצת אסם סחר שות. מוגבלת,,,יח`,187,גרם,false,1,9.90,5.29,false,1,
7613287155894,false,מחית אפרסק פאוץ 90  גר`גרבר כשל,קבוצת אסם סחר שות. מוגבלת,,,יח`,90,גרם,false,1,6.90,7.67,false,1,
7613287181411,false,ויטמינצ`יק סלט פירות 110 גר`,קבוצת אסם סחר שות. מוגבלת,,,יח`,110,גרם,false,1,5.90,5.36,true,1,
7613287182326,false,ויטמינצ`יק בננה תפוח 110 גר`,קבוצת אסם סחר שות. מוגבלת,,,יח`,110,גרם,false,1,5.90,5.36,true,1,
7613287182357,false,ויטמינצ`יק אגס תפוח ופירות יער 110 גר`,קבוצת אסם סחר שות. מוגבלת,,,יח`,110,גרם,false,1,5.90,5.36,true,1,
7613287325808,false,מטבל איולי שום 295 גר אסם,קבוצת אסם סחר שות. מוגבלת,,,יח`,295,גרם,false,1,14.90,5.05,true,1,
7613287325822,false,מטבל מיקס 295 גר אסם,קבוצת אסם סחר שות. מוגבלת,,,יח`,295,גרם,false,1,14.90,5.05,true,1,
7613287325853,false,מטבל איולי ספייסי 295 גר אסם,קבוצת אסם סחר שות. מוגבלת,,,יח`,295,גרם,false,1,14.90,5.05,true,1,
7613287325983,false,מטבל סלסלה 335 גר אסם,קבוצת אסם סחר שות. מוגבלת,,,יח`,335,גרם,false,1,14.90,4.45,true,1,
7622010001858,false,אוראו וניל 176 גר`,דיפלומט היינץ,,,יח`,176,גרם,false,1,8.90,5.06,true,1,
7622201050757,false,שוקולד חלב עם קרמל מילקה (100 גרם),דיפלומט היינץ,,,יח`,100,גרם,false,1,6.50,6.50,true,1,
7622201401900,false,עוגיות מילקה סנביישן אוראו 156 גר`,דיפלומט היינץ,,,יח`,156,גרם,false,1,12.90,8.27,true,1,
7622201502515,false,מילקה קוקי לופ 132 גר`,דיפלומט היינץ,,,יח`,132,גרם,false,1,12.90,9.77,true,1,
7622201521493,false,גבינת פילדלפיה שום ועשבי תיבול 150 גר` (,נטו מלינדה סחר בעמ,,,יח`,150,גרם,false,1,13.90,9.27,true,1,
7622201798154,false,פילדלפיה לייט 150 גר`,נטו מלינדה סחר בעמ,,,יח`,150,גרם,false,1,13.90,9.27,true,1,
7622201801809,false,שוקולד חלב עם אגוזים מילקה (100 גרם),דיפלומט היינץ,,,יח`,100,גרם,false,1,6.50,6.50,true,1,
7622201802394,false,שוקולד חלב מילקה (100 גרם),דיפלומט היינץ,,,יח`,100,גרם,false,1,6.50,6.50,true,1,
7622201808631,false,אוראו מיני כוסות בטעם וניל 67 גר`,דיפלומט היינץ,,,יח`,67,גרם,false,1,6.90,10.30,false,1,
7622201813390,false,וופל במילוי קרם קקאו מילקה (150 גרם),דיפלומט היינץ,,,יח`,150,גרם,false,1,13.90,9.27,true,1,
7622201823733,false,עוגיות מילקה ת`ניס דקות 151 גר`,דיפלומט היינץ,,,יח`,151,גרם,false,1,12.90,8.54,false,1,
7622210078131,false,שוקולד חלב דיים מילקה (100 גרם),דיפלומט היינץ,,,יח`,100,גרם,false,1,6.50,6.50,true,1,
7622210137234,false,עוגיות אוראו עם דאבל קרם וניל 170גרם,דיפלומט היינץ,,,יח`,170,גרם,false,1,9.90,5.82,true,1,
7622210163899,false,שוקולד חלב עם עדשים 100  גר`מילקה,דיפלומט היינץ,,,יח`,100,גרם,false,1,6.50,6.50,true,1,
7622210453327,false,מילקה סנסייטן 156 גר`,דיפלומט היינץ,,,יח`,156,גרם,false,1,12.90,8.27,true,1,
7622210464729,false,אוראו גולדן 154גר`,דיפלומט היינץ,,,יח`,154,גרם,false,1,7.90,5.13,true,1,
7622210826053,false,שוקולד מילקה אוראו סנדביץ 92 גר`,דיפלומט היינץ,,,יח`,92,גרם,false,1,6.50,7.07,true,1,
7622210835338,false,אוראו בראוניז 176 גר`,דיפלומט היינץ,,,יח`,176,גרם,false,1,8.90,5.06,true,1,
7622300270506,false,עוגיות מילקה גריינס שיבולת שועל,דיפלומט היינץ,,,יח`,168,גרם,false,1,12.90,7.68,true,1,
7622300315283,false,אוראו וניל 154 גר`בדצ,דיפלומט היינץ,,,יח`,154,גרם,false,1,7.90,5.13,false,1,
7622300489427,false,אוראו פאדג שוקולד לבן 246גר,דיפלומט היינץ,,,יח`,246,גרם,false,1,19.90,8.09,true,1,
7622300489434,false,עוגיות אוראו בציפוי שוקולד חלבי 246 גרם,דיפלומט היינץ,,,יח`,246,גרם,false,1,19.90,8.09,true,1,
7622300503079,false,ביסקוויט מצופה שוקולד מילקה (200 גרם),דיפלומט היינץ,,,יח`,200,גרם,false,1,12.90,6.45,true,1,
7622300617820,false,שוקולד אוראו מילקה (100 גרם),דיפלומט היינץ,,,יח`,100,גרם,false,1,6.50,6.50,true,1,
7638900426663,false,9 V סוללות אנרג`יזר ריפרש,דנשר (1963) בעמ,,,יח`,1,,false,1,27.90,27.90,false,1,
7702018321520,false,דאודורנט סטיק מתקדם 45 מל,דיפלומט מפיצים (1968) בעמ,,,יח`,50,גרם,false,1,21.90,43.80,false,1,
7702018468447,false,סכיני גילוח חד פעמי בלו פלוס ג`ילט) (10,דיפלומט מפיצים (1968) בעמ,,,יח`,1,,false,1,29.90,29.90,false,1,
7702018469383,false,סכיני גילוח פיוז`ן ידני ג`ילט) (12 מוגד,דיפלומט מפיצים (1968) בעמ,,,יח`,1,,false,1,144.90,144.90,true,1,
7702024258322,false,חטיפי קרקר צ`יה ופשתן 234  גר`פיטנס,קבוצת אסם סחר שות. מוגבלת,,,יח`,234,גרם,false,1,11.90,5.09,false,1,
7702174068826,false,לקקן יוגטה12 יח`,ליימן שליסל בעמ,,,יח`,216,גרם,false,1,10.90,5.05,true,1,
7702174068833,false,לקקן יוגטה גלידה12 יח`,ליימן שליסל בעמ,,,יח`,216,גרם,false,1,10.90,5.05,true,1,
7702174073844,false,לקקן PIN POP פירות 48 יח`,ליימן שליסל בעמ,,,יח`,1,,false,1,19.90,19.90,false,1,
7792860006218,false,סוכריות לקקן בייבי דול לריטייר (24 גרם),משה סידס ובנו בעמ,,,יח`,24,גרם,false,1,2.90,12.08,true,1,
7798304600011,false,אוכמניות- טרי 125 גר,בראשית - אגודה שיתופית*שיק 45,,,יח`,125,גרם,false,1,10,8,false,1,
7804632390255,false,אוכמניות טרי 125 גר,בראשית - אגודה שיתופית*שיק 45,,,יח`,125,גרם,false,1,10,8,false,1,
7804651030026,false,אוכמניות-טרי 125 גר,איגל טרייטדינג שיווק חקלאי בעמ,,,יח`,125,גרם,false,1,10,8,false,1,
8000380003761,false,גרנד פטיסרי 100  גר`קוקוס,ליימן שליסל בעמ,,,יח`,100,גרם,false,1,13.90,13.90,true,1,
8000380004676,false,וופל  סנדוויץ`בטעם וניל לואקר (200 גרם),ליימן שליסל בעמ,,,יח`,200,גרם,false,1,13.90,6.95,true,1,
8000380004911,false,קוארדטיני 250  גר`אגוז,ליימן שליסל בעמ,,,יח`,250,גרם,false,1,14.90,5.96,true,1,
8000380005598,false,טורטינה שישיה מריר 125 גר,ליימן שליסל בעמ,,,יח`,125,גרם,false,1,17.90,14.32,true,1,
8000380007257,false,וופל לואקר גרדנה 200 גר`,ליימן שליסל בעמ,,,יח`,200,גרם,false,1,14.40,7.20,true,1,
8000380007264,false,וופל קקאו לואקר (175 גרם),ליימן שליסל בעמ,,,יח`,175,גרם,false,1,10.90,6.23,false,1,
8000380180837,false,לואקר גרנד פטסרי במילוי קרם קוקוס ובציפו,ליימן שליסל בעמ,,,יח`,100,גרם,false,1,13.90,13.90,true,1,
8000380192243,false,וופלים מלבנים פריכיים בטעם אגוז 200 גר`,ליימן שליסל בעמ,,,יח`,200,גרם,false,1,12.90,6.45,false,1,
8000380198221,false,וופלים מקסי דאבל שוקולד 175 גר` לואקר,ליימן שליסל בעמ,,,יח`,175,גרם,false,1,12.90,7.37,true,1,
8000380205523,false,וופל בטעם חמאת בוטנים לואקר (175 גרם),ליימן שליסל בעמ,,,יח`,175,גרם,false,1,10.90,6.23,false,1,
8000380207183,false,טורטינה שישיה חמאת בוטנים לואקר 126 גר`,ליימן שליסל בעמ,,,יח`,126,גרם,false,1,17.90,14.21,true,1,
8000392006163,false,מגב סיליקון+מקל פרמיום כחול,מ.א.ייצור ויבוא מטליות בעמ,,,יח`,1,,false,1,39.90,39.90,false,1,
8000500023624,false,חטיף הפי היפו קינדר (5  יח`- 103.5 גרם),פרימיום-חברה לדברי מתיקה ולמסח,,,יח`,90,גרם,false,1,11.90,13.22,false,1,
8000500026731,false,ביצת הפתעה קינדר (20x3 גרם),פרימיום-חברה לדברי מתיקה ולמסח,,,יח`,60,גרם,false,1,14.90,24.83,false,1,
8000500029350,false,קינדר בואנו וופל שלישייה (43x3 גרם),פרימיום-חברה לדברי מתיקה ולמסח,,,יח`,129,גרם,false,1,9.90,7.67,false,1,
8000500071083,false,אצבעות שוקולד קינדר (16  יח`- 200 גרם),פרימיום-חברה לדברי מתיקה ולמסח,,,יח`,200,גרם,false,1,11.90,5.95,false,1,
8000500121436,false,קינדר בואנו וופל לבן שלישייה (39x3גרם),פרימיום-חברה לדברי מתיקה ולמסח,,,יח`,117,גרם,false,1,9.90,8.46,false,1,
8000500214114,false,קינדר בואנו מריר DARK,פרימיום-חברה לדברי מתיקה ולמסח,,,יח`,1,,false,1,3.90,3.90,false,1,
8000500227848,false,נוטלה 132  גר`B ready,פרימיום-חברה לדברי מתיקה ולמסח,,,יח`,132,גרם,false,1,11.90,9.02,false,1,
8000500249352,false,קינדר בואנו מיני מיקס,פרימיום-חברה לדברי מתיקה ולמסח,,,יח`,0,גרם,false,1,19.90,19.90,false,1,
8000500267103,false,10 עוגות אישית בעטיפה אישית 39  גר`קינדר,פרימיום-חברה לדברי מתיקה ולמסח,,,יח`,390,גרם,false,1,19.90,5.10,true,1,
8000500269169,false,קינדר קארדס 5  יח`128 גר`,פרימיום-חברה לדברי מתיקה ולמסח,,,יח`,128,גרם,false,1,13.90,10.86,false,1,
8000500310397,false,נוטלה ביסקוויט T12,פרימיום-חברה לדברי מתיקה ולמסח,,,יח`,166,גרם,false,1,14.90,8.98,false,1,
8000500366073,false,נוטלה ביסקוויט T20,פרימיום-חברה לדברי מתיקה ולמסח,,,יח`,276,גרם,false,1,19.90,7.21,false,1,
8000798000925,false,מטאטא יהלום גב כסף,מ.א.ייצור ויבוא מטליות בעמ,,,יח`,1,יח`,false,1,21.90,21.90,false,1,
8000798039949,false,יעה+קל מודפס+גומי,מ.א.ייצור ויבוא מטליות בעמ,,,יח`,1,יח`,false,1,14.90,14.90,false,1,
8001003100164,false,סוכריות ג`לי 450 גר` יוגטה,ליימן שליסל בעמ,,,יח`,450,גרם,false,1,11.90,2.64,true,1,
8001003100218,false,יוגטה גומי 800 גר` ג`לי,ליימן שליסל בעמ,,,יח`,800,גרם,false,1,19.90,2.49,true,1,
8001090065988,false,תחבושות אולוויז דיסקרט לונג 10 יח`,דיפלומט מפיצים (1968) בעמ,,,יח`,1,,false,1,18.90,18.90,false,1,
8001090066046,false,תחבושות אולוויז דיסקרט לילה 6 יח,דיפלומט מפיצים (1968) בעמ,,,יח`,1,,false,1,18.90,18.90,true,1,
8001090184375,false,פיירי אורגינל 900 מל,דיפלומט מפיצים (1968) בעמ,,,יח`,900,"מ""ל",false,1,11.90,1.32,false,1,
8001090184412,false,פיירי אורגינל לימון 900 מל,דיפלומט מפיצים (1968) בעמ,,,יח`,900,"מ""ל",false,1,11.90,1.32,false,1,
8001090222725,false,הרבל אסנסס שמפו שמן מורינגה 400 מל,דיפלומט מפיצים (1968) בעמ,,,יח`,400,"מ""ל",false,1,19.90,4.98,true,1,
8001090336354,false,חיתולי ביביי דריי מידה  (2 46  יח)פמפרס,דיפלומט מפיצים (1968) בעמ,,,יח`,1,,false,1,30.90,30.90,true,1,
8001090336446,false,חיתולי ביביי דריי מידה  (4 34  יח)פמפרס,דיפלומט מפיצים (1968) בעמ,,,יח`,1,,false,1,30.90,30.90,true,1,
8001090336491,false,חיתולי ביביי דריי מידה  +(4 31  יח)פמפר,דיפלומט מפיצים (1968) בעמ,,,יח`,1,,false,1,30.90,30.90,true,1,
8001090336606,false,חיתולי ביביי דריי  מידה( 26  יח`)פמפרס,דיפלומט מפיצים (1968) בעמ,,,יח`,1,,false,1,30.90,30.90,true,1,
8001090364104,false,אורל בי משחה שיניים G E אורגינל,דיפלומט מפיצים (1968) בעמ,,,יח`,75,גרם,false,1,17.90,23.87,true,1,
8001090364203,false,אורל בי משחה שיניים G E להלבנה עדינה,דיפלומט מפיצים (1968) בעמ,,,יח`,75,גרם,false,1,17.90,23.87,true,1,
8001090379337,false,חיתולי פמפרס פרימיום vp מידה 3 40 יח,דיפלומט מפיצים (1968) בעמ,,,יח`,1,,false,1,32.90,32.90,true,1,
8001090458353,false,פיירי אנטי בקטריאלי 515 מל,דיפלומט מפיצים (1968) בעמ,,,יח`,515,"מ""ל",false,1,10.90,2.12,true,1,
8001090493637,false,הד שולדרסשמפו לגבראולטרא טוטאל קר 450 מ,דיפלומט מפיצים (1968) בעמ,,,יח`,450,"מ""ל",false,1,19.90,4.42,true,1,
8001090678614,false,שולדרס שמפו סופרים לחות 400 מל,דיפלומט מפיצים (1968) בעמ,,,יח`,400,"מ""ל",false,1,19.90,4.98,true,1,
8001090721129,false,אריאל טבליות לכביסה קולור 27 יחידות,דיפלומט מפיצים (1968) בעמ,,,יח`,1,,false,1,32.90,32.90,true,1,
8001090737809,false,מגן תחתון אולדייז סינגל טנגה 36 יחידות,דיפלומט מפיצים (1968) בעמ,,,יח`,1,,false,1,14.90,14.90,false,1,
8001090740717,false,מגן תחתון אולדייז נורמל אולווייז) (76,דיפלומט מפיצים (1968) בעמ,,,יח`,1,,false,1,19.90,19.90,true,1,
8001090832450,false,שמפו נוסחה קלאסית 660 מל פנטן,דיפלומט מפיצים (1968) בעמ,,,יח`,660,"מ""ל",false,1,19.90,3.02,true,1,
8001090832535,false,שמפו שמן מרוקאי משקם 660 מל פנטן,דיפלומט מפיצים (1968) בעמ,,,יח`,660,"מ""ל",false,1,19.90,3.02,true,1,
8001090832573,false,שמפו שמן לחות מוגברת 660 מל פנטן,דיפלומט מפיצים (1968) בעמ,,,יח`,660,"מ""ל",false,1,19.90,3.02,true,1,
8001090832610,false,שמפו שמן למגע רך כמשי 660 מל פנטן,דיפלומט מפיצים (1968) בעמ,,,יח`,660,"מ""ל",false,1,19.90,3.02,true,1,
8001090832818,false,קונדישנר נוסחה קלאסית 660 מל פנטן,דיפלומט מפיצים (1968) בעמ,,,יח`,660,"מ""ל",false,1,19.90,3.02,true,1,
8001090832856,false,קונדישנר מרוקאי משקם 660 מל פנטן,דיפלומט מפיצים (1968) בעמ,,,יח`,660,"מ""ל",false,1,19.90,3.02,true,1,
8001090832894,false,קונדישנר לחות מוגברת 660 מל פנטן,דיפלומט מפיצים (1968) בעמ,,,יח`,660,"מ""ל",false,1,19.90,3.02,true,1,
8001090833136,false,אריאל ג`ל כביסה 2.255 ליטר בייבי,דיפלומט מפיצים (1968) בעמ,,,יח`,2.2550,1 ליטר,false,1,32.90,14.59,false,1,
8001090886385,false,לנור כדוריות הריח בניחוח רענן (140 גר`),דיפלומט מפיצים (1968) בעמ,,,יח`,140,גרם,false,1,19.90,14.21,false,1,
8001090899194,false,תחבושות אולוויז פלטינום נורמל 24 יח,דיפלומט מפיצים (1968) בעמ,,,יח`,1,,false,1,19.90,19.90,true,1,
8001090899224,false,תחבושות אולוויז פלטינום לונג 20 יח,דיפלומט מפיצים (1968) בעמ,,,יח`,1,,false,1,19.90,19.90,true,1,
8001090899286,false,תחבושות אולוויז פלטינום לילה בטוח 14 יח,דיפלומט מפיצים (1968) בעמ,,,יח`,1,,false,1,19.90,19.90,true,1,
8001100059259,false,וופל קוביות בטעם אגוזי לוז 250  גר`Baloc,אבאל יזמות בעמ,,,יח`,250,גרם,false,1,12.90,5.16,true,1,
8001100067940,false,וופל קוביות בטעם קקאו 125 גר` Balocco,אבאל יזמות בעמ,,,יח`,125,גרם,false,1,9.90,7.92,true,1,
8001160001786,false,גטורייד ספורט כחול,טמפו משקאות בעמ,,,יח`,500,"מ""ל",false,1,9.90,1.92,true,1,
8001160001892,false,גוטרייד ספורט תפוז אדום,טמפו משקאות בעמ,,,יח`,500,"מ""ל",false,1,9.90,1.92,true,1,
8001250152015,false,פסטה פפרדלה דורום 500 גר`,רסטרטו יבוא ושיווק בעמ*אין החז,,,יח`,500,גרם,false,1,15.90,3.18,false,1,
8001250152091,false,פסטה ד`אנג`לו דורום,רסטרטו יבוא ושיווק בעמ*אין החז,,,יח`,500,גרם,false,1,15.90,3.18,false,1,
8001841053684,false,אולוויז עבה לונג +12יח`,דיפלומט מפיצים (1968) בעמ,,,יח`,1,,false,1,9.90,9.90,false,1,
8001841053806,false,תחבושת עבה ללילה אולווייז) (10,דיפלומט מפיצים (1968) בעמ,,,יח`,1,,false,1,9.90,9.90,false,1,
8001841104799,false,חיתולי פמפרס פרימיום vp מידה  (2 46 יח),דיפלומט מפיצים (1968) בעמ,,,יח`,1,,false,1,32.90,32.90,true,1,
8001841216584,false,תחבושות לילה בטוח אולווייז) (36,דיפלומט מפיצים (1968) בעמ,,,יח`,1,,false,1,35.90,35.90,true,1,
8001841500942,false,הרבל אסנס שמפו ללא סולפטים אלוורה ובמב,דיפלומט מפיצים (1968) בעמ,,,יח`,380,"מ""ל",false,1,19.90,5.24,true,1,
8001841502601,false,הרבל אסנס מרכל ללא סולפטים אלוורה ובמב,דיפלומט מפיצים (1968) בעמ,,,יח`,275,"מ""ל",false,1,19.90,7.24,true,1,
8001841625362,false,פיירי פלטינום לימון 780 מל,דיפלומט מפיצים (1968) בעמ,,,יח`,780,"מ""ל",false,1,11.90,1.53,false,1,
8001841660530,false,קרם לחות פנטן מיראקלס במבוק 270 מל,דיפלומט מפיצים (1968) בעמ,,,יח`,270,"מ""ל",false,1,19.90,7.37,true,1,
8001841669465,false,אריאל טבליות לכביסה 24 יחידות,דיפלומט מפיצים (1968) בעמ,,,יח`,1,,false,1,32.90,32.90,true,1,
8001841669519,false,אריאל קפסולות לכביסה 55 יח,דיפלומט מפיצים (1968) בעמ,,,יח`,1.57,"ק""ג",false,1,59.90,38.15,true,1,
8001841941929,false,תחבושות אולווייז וליו פק לילה בטוח אקסטר,דיפלומט מפיצים (1968) בעמ,,,יח`,1,,false,1,19.90,19.90,true,1,
8002267014662,false,ביצת הפתעה ברבי שלושה 60 גר`,ש.שסטוביץ בעמ,,,יח`,60,גרם,false,1,11.90,19.83,false,1,
8003753158617,false,קפסולות אספרסו לונגו קלאסיקו אילי 10 יח,דיפלומט היינץ,,,יח`,1,,false,1,24.90,24.90,false,1,
8004030022010,false,ירקות גינה עם טונה ריו מרה (160 גרם),ש.שסטוביץ בעמ,,,יח`,160,גרם,false,1,17.90,11.19,true,1,
8004800000064,false,גלילי ופל במילוי קרם קקאו בציפוי שוקולד,תה ויסוצקי (ישראל) בעמ,,,יח`,100,גרם,false,1,11.90,11.90,true,1,
8004800000071,false,גלילי ופל במילוי קרם אגוזי לוז בציפוי ש,תה ויסוצקי (ישראל) בעמ,,,יח`,100,גרם,false,1,11.90,11.90,true,1,
8004800005519,false,לאגו מיני רול-גלילי וופל במילוי קרם אג,תה ויסוצקי (ישראל) בעמ,,,יח`,125,גרם,false,1,9.90,7.92,true,1,
8005110002243,false,רכז עגבניות בשפרפרת 185  גר`mutti,רסטרטו יבוא ושיווק בעמ*אין החז,,,יח`,185,גרם,false,1,6.90,3.73,false,1,
8005110170300,false,עגבניות חתוכות דק 400  גר`שלישייה פולפה,רסטרטו יבוא ושיווק בעמ*אין החז,,,יח`,1200,גרם,false,1,16.90,1.41,false,1,
8005200256587,false,נסטי בטעם אפרסק 1.5 ליטר,טמפו משקאות בעמ,,,יח`,1500,"מ""ל",false,1,8.90,0.57,true,1,
8005200286584,false,נסטי בטעם מנגו אננס 1.5 ליטר,טמפו משקאות בעמ,,,יח`,1500,"מ""ל",false,1,8.90,0.57,true,1,
8005200316588,false,נסטי בטעם דיאט אפרסק 1.5 ליטר,טמפו משקאות בעמ,,,יח`,1500,"מ""ל",false,1,7.90,0.51,true,1,
8005803010371,false,גריסיני עם רוזמרין אמור די פאן (125 גרם),ליימן שליסל בעמ,,,יח`,125,גרם,false,1,7.90,6.32,true,1,
8006540091937,false,לנור כדוריות הבושם בניחוח אריאל 210 גר`,דיפלומט מפיצים (1968) בעמ,,,יח`,210,גרם,false,1,27.90,13.29,true,1,
8006540112823,false,לנור מרכך מרוכז בניחוח אוקיינוס 900 מל,דיפלומט מפיצים (1968) בעמ,,,יח`,900,"מ""ל",false,1,14.90,1.66,true,1,
8006540163986,false,אריאל קפסולות לכביסה 35 יח`,דיפלומט מפיצים (1968) בעמ,,,יח`,1,,false,1,39.90,39.90,false,1,
8006540353004,false,טמפונים פרל סופר טמפקס) (18,דיפלומט מפיצים (1968) בעמ,,,יח`,1,,false,1,29.90,29.90,true,1,
8006540405031,false,תחבושות אולוויז דיסקרט סמול פלוס 16 יח,דיפלומט מפיצים (1968) בעמ,,,יח`,1,,false,1,18.90,18.90,true,1,
8006540425930,false,אריאל טבליות לכביסה 24 יחידות,דיפלומט מפיצים (1968) בעמ,,,יח`,1,,false,1,32.90,32.90,true,1,
8006540429327,false,נוזל לניקוי כלים לימון פיירי (440 מל),דיפלומט מפיצים (1968) בעמ,,,יח`,440,"מ""ל",false,1,10.90,2.48,true,1,
8006540491539,false,פיירי פלטינום אורגינל 780 מל,דיפלומט מפיצים (1968) בעמ,,,יח`,780,"מ""ל",false,1,11.90,1.53,false,1,
8006540495216,false,לנור מרכך מרוכז בניחוח אמאטיסט 900 מל,דיפלומט מפיצים (1968) בעמ,,,יח`,900,"מ""ל",false,1,14.90,1.66,true,1,
8024985008051,false,מחית פירות סמוצ`י פירות אדומים אורגנית ל,נטורפוד בעמ,,,יח`,100,גרם,false,1,4.90,4.90,true,1,
8032793342458,false,עגבניות מרוסקות דק ומסוננות בקבוק 700 גר,גורי מוצרי צריכה (1991) בעמ,,,יח`,700,גרם,false,1,12.90,1.84,true,1,
8032793344292,false,עגבניות מרוסקות דק בקבוק 700 גר` פולפה,גורי מוצרי צריכה (1991) בעמ,,,יח`,700,גרם,false,1,12.90,1.84,true,1,
8076800195019,false,קפליני מספר 1 ברילה (500 גרם),ש.שסטוביץ בעמ,,,יח`,500,גרם,false,1,6.90,1.38,true,1,
8076800195033,false,ספגטיני מספר 3 ברילה (500 גרם),ש.שסטוביץ בעמ,,,יח`,500,גרם,false,1,6.90,1.38,false,1,
8076800195057,false,ספגטיני מספר 5 ברילה (500 גרם),בית הצעצוע בעמ,,,יח`,500,גרם,false,1,6.90,1.38,true,1,
8076802085738,false,פסטה פנה ריגטה מספר 73 ברילה (500 גרם),בית הצעצוע בעמ,,,יח`,500,גרם,false,1,6.90,1.38,true,1,
8076808060654,false,פרפלה מספר 65 ברילה (500 גרם),בית הצעצוע בעמ,,,יח`,500,גרם,false,1,6.90,1.38,true,1,
8076808150072,false,ספגטי מספר 7 ברילה (500 גרם),בית הצעצוע בעמ,,,יח`,500,גרם,false,1,6.90,1.38,true,1,
8076809513395,false,רוטב לפסטה פומודורו ברילה (400 גרם),ש.שסטוביץ בעמ,,,יח`,400,גרם,false,1,14.90,3.73,false,1,
8076809513654,false,בסיס רוטב בולונז ברילה (400 גרם),ש.שסטוביץ בעמ,,,יח`,400,גרם,false,1,14.90,3.73,false,1,
8076809513739,false,רוטב לפסטה בזיליקום ברילה (400 גרם),ש.שסטוביץ בעמ,,,יח`,400,גרם,false,1,14.90,3.73,false,1,
8076809523714,false,טליאטלה ברילה (500 גרם),ש.שסטוביץ בעמ,,,יח`,500,גרם,false,1,25.90,5.18,false,1,
8076809523738,false,לזניה ברילה (500 גרם),ש.שסטוביץ בעמ,,,יח`,500,גרם,false,1,23.90,4.78,true,1,
8076809529433,false,פסטה פנה ריגטה חיטה מלאה ברילה (500 גרם),ש.שסטוביץ בעמ,,,יח`,500,גרם,false,1,14.90,2.98,false,1,
8410076600622,false,נייטשר וואלי 210  גר`שבבי שוקולד מריר,ליימן שליסל בעמ,,,יח`,210,גרם,false,1,14.90,7.10,false,1,
8410104045111,false,פינש מלח למדיח 2 קג`,רקיט בנקיזר (ניר איסט) בעמ,,,יח`,2,"ק""ג",false,1,14.90,7.45,false,1,
8410104511340,false,רצועות שעווה מוכנות לעור יבש ויט) (12,רקיט בנקיזר (ניר איסט) בעמ,,,יח`,1,יח`,false,1,24.90,24.90,false,1,
8410655000423,false,בירה רביעייה 5.4% אלכוהול 330 מל סאן מי,אבאל יזמות בעמ,,,יח`,1.32,1 ליטר,false,1,24.90,17.95,false,1,
8420822130600,false,סופר מסיר שומנים 750 מל יעקובי,יעקב יעקבי ובניו בעמ,,,יח`,750,"מ""ל",false,1,15.90,2.12,false,1,
8420822130624,false,סופר מסיר כתמים 750 מל יעקובי,יעקב יעקבי ובניו בעמ,,,יח`,750,"מ""ל",false,1,16.90,2.25,false,1,
8423207206488,false,מרבה סלים דליס שוקולד חלב,ש.שסטוביץ בעמ,,,יח`,120,גרם,false,1,10.90,9.08,true,1,
8423207207362,false,מרבה סלים דליס,ש.שסטוביץ בעמ,,,יח`,120,גרם,false,1,10.90,9.08,true,1,
8423207208697,false,סלים דליס לילדים עם שוקולד לבן,ש.שסטוביץ בעמ,,,יח`,78,גרם,false,1,10.90,13.97,true,1,
8423207208871,false,פריכיות תירס  טבעי- סלים דליס,גורי מוצרי צריכה (1991) בעמ,,,יח`,130,גרם,false,1,9.90,7.62,true,1,
8423207208895,false,פריכיות תירס זיתים ועירית כשלפ סלים דלי,גורי מוצרי צריכה (1991) בעמ,,,יח`,123,גרם,false,1,9.90,8.05,true,1,
8423207210287,false,מרבה סלים דליס שוקולד לבן בטעם יוגורט,ש.שסטוביץ בעמ,,,יח`,120,גרם,false,1,10.90,9.08,true,1,
8425206000081,false,מרדל ריבת חלב 450 גר,גורי מוצרי צריכה (1991) בעמ,,,יח`,450,גרם,false,1,17.90,3.98,false,1,
8435495805106,false,ביומט 5 קג,ליימן שליסל בעמ,,,יח`,5,"ק""ג",false,1,29.90,5.98,false,1,
8435495805168,false,תינוקלין 1.25 קג`,ליימן שליסל בעמ,,,יח`,1.25,"ק""ג",false,1,21.90,17.52,false,1,
8435495805199,false,אבקת כביסה  תינוקלין- 66 כביסות (3 קג),ליימן שליסל בעמ,,,יח`,3,"ק""ג",false,1,39.90,13.30,false,1,
8683130025581,false,בדין אקסטרא ענבר 960 מל .,יוניליוור ישראל שיווק בעמ,,,יח`,960,"מ""ל",false,1,16.90,1.76,true,1,
8686868600068,false,אביזרי שיער סרטים וקשתות,אל האופק שיווק וסחר,,,יח`,1,,false,1,8.90,8.90,false,1,
8686868600075,false,אביזרי שיער סיכות פפיון גדולות,אל האופק שיווק וסחר,,,יח`,1,,false,1,9.90,9.90,false,1,
8686868600129,false,אביזרי שיער,אל האופק שיווק וסחר,,,יח`,1,,false,1,14.90,14.90,false,1,
8686868600150,false,אביזרי שיער,אל האופק שיווק וסחר,,,יח`,1,,false,1,17.90,17.90,false,1,
8690504081913,false,טינס מצופה שוקולד חלב 150 גר`,תה ויסוצקי (ישראל) בעמ,,,יח`,150,גרם,false,1,9.90,6.60,true,1,
8690521016882,false,דאב שמפו רגיל 400 מל,יוניליוור ישראל שיווק בעמ,,,יח`,400,"מ""ל",false,1,15.90,3.98,true,1,
8690526009308,false,חטיף קוקוס מצופה שוקולדחלב וכדורוני דגני,גורי ע.ע.ע בעמ,,,יח`,126,גרם,false,1,9.90,7.86,true,1,
8690526009353,false,מיני חטיף בוטנים נוגט קרמל מצופה שוקולד,גורי ע.ע.ע בעמ,,,יח`,140,גרם,false,1,9.90,7.07,true,1,
8690637506956,false,דאב שמפו למניעת קשקשים 600 גר`,יוניליוור ישראל שיווק בעמ,,,יח`,600,"מ""ל",false,1,14.90,2.48,false,1,
8690637858758,false,סיף ג`ל אקונומיקה אורנים 750 מל,יוניליוור ישראל שיווק בעמ,,,יח`,750,"מ""ל",false,1,11.90,1.59,true,1,
8690637871047,false,דאב שמפו עם שמן קוקוס 600 מל,יוניליוור ישראל שיווק בעמ,,,יח`,600,"מ""ל",false,1,14.90,2.48,true,1,
8690637871061,false,דאב שמפו עם שמן אבוקדו ותמצית קלנדולה,יוניליוור ישראל שיווק בעמ,,,יח`,600,"מ""ל",false,1,14.90,2.48,true,1,
8690637871245,false,מיונז אמיתי לחיץ הלמנס (395 גרם),יוניליוור ישראל שיווק בעמ,,,יח`,395,גרם,false,1,14.90,3.77,true,1,
8690637890666,false,מאגדת מגנום דאבל פיסטוק,גלידות שטראוס בעמ,,,יח`,282,גרם,false,1,32.90,11.67,false,1,
8690637946301,false,בדין אקסטרא בייבי 960 מל,יוניליוור ישראל שיווק בעמ,,,יח`,960,"מ""ל",false,1,16.90,1.76,true,1,
8690637976995,false,בדין אקסטרא ורוד במיחוח סחלבים  פראי( 96,יוניליוור ישראל שיווק בעמ,,,יח`,960,"מ""ל",false,1,16.90,1.76,true,1,
8690637989612,false,מאגדת מגנום דאבל דולצ`ה גולד,גלידות שטראוס בעמ,,,יח`,282,גרם,false,1,32.90,11.67,false,1,
8690766156367,false,טבלת שוקולד חלב מעולה 90  גר`גודייבה,תה ויסוצקי (ישראל) בעמ,,,יח`,90,גרם,false,1,14.90,16.56,true,1,
8690766156374,false,שוקולד מריר מעולה 72%  גודייבה( 90 גר`),תה ויסוצקי (ישראל) בעמ,,,יח`,90,גרם,false,1,14.90,16.56,true,1,
8690770322598,false,שמרים יבשים לאפיה הנמל (125 גרם),הנמל אריזות ושיווק (1984) בעמ,,,יח`,125,גרם,false,1,5.50,4.40,true,1,
8690777203012,false,פלפל ירוק כבוש לא חריף סרה (600 גרם),ג.וילי-פוד אינטרנשיונל בעמ,,,יח`,600,גרם,false,1,12.90,2.15,true,1,
8690777204071,false,פלפל חריף כבוש סרה (640 גרם),ג.וילי-פוד אינטרנשיונל בעמ,,,יח`,640,גרם,false,1,12.90,2.02,true,1,
8690777206051,false,חציל קלוי על האש סרה (650 גרם),ג.וילי-פוד אינטרנשיונל בעמ,,,יח`,650,גרם,false,1,12.90,1.98,true,1,
8691058141238,false,ערמונים שלמים קלויים וקלופים 100  גר`Ave,אבאל יזמות בעמ,,,יח`,100,גרם,false,1,4.90,4.90,true,1,
8691707036014,false,אוזמו שוקולד בצורת ביצה,מוחמד נעמה (1994) בעמ,,,יח`,1,,false,1,3.90,3.90,true,1,
8691707066035,false,אוזמו בורגר ביסקוויט סנדוויץ ממולא,מוחמד נעמה (1994) בעמ,,,יח`,1,,false,1,2.90,2.90,true,1,
8691707087962,false,אוזמו סוכריה שוקולד על מקל,מוחמד נעמה (1994) בעמ,,,יח`,1,,false,1,2.90,2.90,true,1,
8691707590042,false,אוזמו וופל בצורת טילון ממולא שוקולד (4יח,מוחמד נעמה (1994) בעמ,,,יח`,1,,false,1,6.90,6.90,true,1,
8693495002325,false,אג`קס נוזל ניקוי רצפות פרחים ורוד 2 ליטר,פארמה דיל (פ.א.ב.) שיווק והפצה,,,יח`,2,1 ליטר,false,1,14.90,7.45,false,1,
8693495002349,false,אג`קס נוזל ניקוי רצפות פרחים סגול 2 ליטר,פארמה דיל (פ.א.ב.) שיווק והפצה,,,יח`,2,1 ליטר,false,1,14.90,7.45,false,1,
8693495051002,false,קולגייט מברשת ילדים מיניונים 6+,ש.שסטוביץ בעמ,,,יח`,1,,false,1,9.90,9.90,false,1,
8693495053792,false,פלמוליב סבון מוצק זיתים רביעייה-יבוא מקב,פארמה דיל (פ.א.ב.) שיווק והפצה,,,יח`,1,,false,1,9.90,9.90,false,1,
8697431921718,false,קונפיטורה %70דובדבן חמוץ,תומר יבוא ושיווק מוצרי מזון (1,,,יח`,450,גרם,false,1,14.90,3.31,false,1,
8697530910743,false,פאל מאל כחול,גלוברנדס בעמ - שיווק סיגריות,,,יח`,1,,false,1,30,30,true,1,
8697530910750,false,פאל מאל כחול 100 ארוך,גלוברנדס בעמ - שיווק סיגריות,,,יח`,1,,false,1,30,30,true,1,
8697530910781,false,פאל מאל אדום,גלוברנדס בעמ - שיווק סיגריות,,,יח`,1,,false,1,30,30,true,1,
8697826469092,false,טורטיה קטנה 540 גר` 12יח,דין שיווק וקליה 2021 בעמ,,,יח`,540,גרם,false,1,9.90,1.83,true,1,
8699141054595,false,אוזמו האפי ביסקוויט במילוי,מוחמד נעמה (1994) בעמ,,,יח`,1,,false,1,1.90,1.90,true,1,
8710428005762,false,סימילאק איזומיל טף,שקד תבל בעמ-סימילק,,,יח`,400,גרם,false,1,44.90,11.23,false,1,
8710428017000,false,פדיאשור פאוור וניל 850 גר`,שקד תבל בעמ-סימילק,,,יח`,850,גרם,false,1,79.90,9.40,false,1,
8710502064814,false,עוגיות שוקולד צ`יפס רך מרבה (175 גרם),ש.שסטוביץ בעמ,,,יח`,175,גרם,false,1,9.90,5.66,true,1,
8710502194801,false,מרבה עוגיות שוקולד צ`יפס רכה פירות יער,ש.שסטוביץ בעמ,,,יח`,175,גרם,false,1,9.90,5.66,true,1,
8710502231018,false,עוגיות שוקולד צ`יפס מיני (175 גרם),ש.שסטוביץ בעמ,,,יח`,175,גרם,false,1,9.90,5.66,true,1,
8710502279010,false,עוגיות שוקולד צ`יפס מצופות שוקולד ( 175,ש.שסטוביץ בעמ,,,יח`,175,גרם,false,1,9.90,5.66,true,1,
8710502285509,false,עוגיות שוקולד צ`יפס ולימון במרקם רך (175,ש.שסטוביץ בעמ,,,יח`,175,גרם,false,1,9.90,5.66,true,1,
8710502470028,false,עוגיות נוגטלי מרבה (160 גרם),ש.שסטוביץ בעמ,,,יח`,160,גרם,false,1,9.90,6.19,true,1,
8710847973970,false,תחליב רחצה  אלוורה( 750  מל)דאב,יוניליוור ישראל שיווק בעמ,,,יח`,750,"מ""ל",false,1,16.90,2.25,true,1,
8710908404184,false,דאודורנט ספריי 0% אלומיניום אורגינל דאב,יוניליוור ישראל שיווק בעמ,,,יח`,150,"מ""ל",false,1,14.90,9.93,false,1,
8711000362631,false,קפסולות קפה אספרסו אוניקס) (1252  גר`לור,דיפלומט היינץ,,,יח`,0,גרם,false,1,19.90,19.90,true,1,
8711327475717,false,מגנום פיינט וניל שקדים,גלידות שטראוס בעמ,,,יח`,260,"מ""ל",false,1,18.90,7.27,false,1,
8712400802499,false,תחליף חלב שלב 1 נוטרילון (800 גרם),דיפלומט היינץ,,,יח`,800,גרם,false,1,62.90,7.86,true,1,
8712400802512,false,תחליף חלב שלב 2 נוטרילון (800 גרם),דיפלומט היינץ,,,יח`,800,גרם,false,1,62.90,7.86,true,1,
8712400802536,false,תחליף חלב שלב 3 נוטרילון (800 גרם),דיפלומט היינץ,,,יח`,800,גרם,false,1,62.90,7.86,true,1,
8712561594608,false,תחליב רחצה להזנה עמוקה דאב (750 מל),יוניליוור ישראל שיווק בעמ,,,יח`,750,"מ""ל",false,1,16.90,2.25,true,1,
8712561609647,false,דאב תחליב רחצה חמאת שיאה 500 מל,יוניליוור ישראל שיווק בעמ,,,יח`,500,"מ""ל",false,1,14.90,2.98,true,1,
8712561611411,false,דאב תחליב רחצה ירוק ומלפפון 750 מל,יוניליוור ישראל שיווק בעמ,,,יח`,750,"מ""ל",false,1,16.90,2.25,true,1,
8712561646024,false,דאב תחליב רחצה קרם פיסטוק ומגנוליה 750 מ,יוניליוור ישראל שיווק בעמ,,,יח`,750,"מ""ל",false,1,16.90,2.25,true,1,
8714599410806,false,ג`ייקובס קרוננג מיובש בהקפאה 160  גר`שקי,דיפלומט היינץ,,,יח`,160,גרם,false,1,17.90,11.19,true,1,
8714599513866,false,קפה נמס קרוננג ג`יקובס 200 גר`,דיפלומט היינץ,,,יח`,200,גרם,false,1,24.90,12.45,false,1,
8714789394534,false,משחת שיניים קולגייט הגנה מפני  עששת- יבו,איינשטיין-צור יבוא-יצוא וסחר ב,,,יח`,100,גרם,false,1,8.90,8.90,false,1,
8714789402918,false,אגקס חגיגת הפרחים אדום 1.5 ליטר חדש,ש.שסטוביץ בעמ,,,יח`,1.50,1 ליטר,false,1,19.90,13.27,true,1,
8714789930848,false,קולגייט משחת אופטיק וייט הלבנה מיידית 75,איינשטיין-צור יבוא-יצוא וסחר ב,,,יח`,75,גרם,false,1,14.90,19.87,false,1,
8715700110141,false,מיונז צנצנת 460  גר`היינץ,דיפלומט היינץ,,,יח`,460,גרם,false,1,11.90,2.59,true,1,
8715700117805,false,מתבל עגבניות ללתס ומלח 400 מל היינץ,דיפלומט היינץ,,,יח`,400,גרם,false,1,11.90,2.98,true,1,
8715700419732,false,מתבל עגבניות היינץ (700 גרם),דיפלומט היינץ,,,יח`,700,גרם,false,1,11.90,1.70,true,1,
8715700423906,false,היינץ מתבל עגבניות 555 גר,דיפלומט היינץ,,,יח`,555,גרם,false,1,11.90,2.14,true,1,
8717163648667,false,ג`ל רחצה יו אקס (400 מל),יוניליוור ישראל שיווק בעמ,,,יח`,400,"מ""ל",false,1,9.90,2.48,true,1,
8717163655825,false,רקסונה כותנה ספריי 150 מל,יוניליוור ישראל שיווק בעמ,,,יח`,150,"מ""ל",false,1,14.90,9.93,true,1,
8717163714850,false,דאודורנט ספריי קוקוס  ויסמין( 150  מל),יוניליוור ישראל שיווק בעמ,,,יח`,150,"מ""ל",false,1,14.90,9.93,true,1,
8717163842669,false,דאב תחליב רחצה חימר ירוק 500 מל purifyi,יוניליוור ישראל שיווק בעמ,,,יח`,500,"מ""ל",false,1,14.90,2.98,true,1,
8717677336593,false,שוקולד חלב טוניס שוקולונלי 180 גר`,ליימן שליסל בעמ,,,יח`,180,גרם,false,1,19.90,11.06,false,1,
8718951001589,false,מסיר שומנים למטבח ספריי אג`קס (600 מל)-,בית הצעצוע בעמ,,,יח`,1,,false,1,8.90,8.90,false,1,
8718951001596,false,ספריי אמבטיות אג`קס (600 מל)-יבוא מקביל,בית הצעצוע בעמ,,,יח`,1,,false,1,8.90,8.90,false,1,
8718951030206,false,משחת שיניים סנסטיב מולטי פרוטקשן קולגייט,ש.שסטוביץ בעמ,,,יח`,75,גרם,false,1,14.90,19.87,true,1,
8718951048461,false,אג`קס חלונות 750 מל יבוא מקביל טריפל א,אופאל יאצא בעמ,,,יח`,750,"מ""ל",false,1,11.90,1.59,true,1,
8718951048669,false,אג`קס ספריי לניקוי חלונות פרחים 750 מל,ש.שסטוביץ בעמ,,,יח`,750,"מ""ל",false,1,9.90,1.32,false,1,
8718951159808,false,קולגייט מברשת 360 שלישייה,ש.שסטוביץ בעמ,,,יח`,1,,false,1,24.90,24.90,false,1,
8718951236783,false,קולגייט משחת שיניים טוטל פרש סטריפ 100 מ,איינשטיין-צור יבוא-יצוא וסחר ב,,,יח`,100,"מ""ל",false,1,12.90,12.90,false,1,
8718951236790,false,קולגייט טוטאל משחת שיניים קלין מינט לפה,ש.שסטוביץ בעמ,,,יח`,100,"מ""ל",false,1,16.90,16.90,true,1,
8718951236813,false,קולגייט טוטאל משחת שיניים ניקוי מתקדם לפ,ש.שסטוביץ בעמ,,,יח`,100,"מ""ל",false,1,16.90,16.90,true,1,
8718951253827,false,קולגייט משחת שיניים אופטיק פחם 75 מל,איינשטיין-צור יבוא-יצוא וסחר ב,,,יח`,75,"מ""ל",false,1,14.90,19.87,true,1,
8718951315303,false,משחת שיניים להגנה מפני עששת 100*2 קולגיי,ש.שסטוביץ בעמ,,,יח`,200,גרם,false,1,19.90,9.95,false,1,
8718951338128,false,ליידי ספיד סטיק רול און שאוור פרש,ש.שסטוביץ בעמ,,,יח`,50,"מ""ל",false,1,16.90,33.80,true,1,
8718951466371,false,מרידול משחת לחניכיים רגישות 75 מל,ש.שסטוביץ בעמ,,,יח`,75,גרם,false,1,19.90,26.53,false,1,
8718951470538,false,קולגייט משחת שיניים מקס פרש 2*125 מל,ש.שסטוביץ בעמ,,,יח`,250,"מ""ל",false,1,29.90,11.96,true,1,
8718951509627,false,קולגיט אופטיק וויט לאוהבי קפה 75 מל,ש.שסטוביץ בעמ,,,יח`,75,"מ""ל",false,1,29.90,39.87,false,1,
8719200215092,false,ויובלוק תחליף חמאה 250 גר`,דיפלומט היינץ,,,יח`,250,גרם,false,1,13.90,5.56,false,1,
8719200998018,false,מרגרינה מחמאה בטעם חמאה 200  גר`בלובנד,דיפלומט היינץ,,,יח`,200,גרם,false,1,4.80,2.40,false,1,
8719200998032,false,מרגרינה למריחה בטעם חמאה (250  גרם)מזולה,דיפלומט היינץ,,,יח`,250,גרם,false,1,10.90,4.36,false,1,
8719200998049,false,מרגרינה למריחה בטעם טבעי (250  גרם)מזולה,דיפלומט היינץ,,,יח`,250,גרם,false,1,9.90,3.96,false,1,
8719200998094,false,מזולה אפייה ללא מלח 200 גר,דיפלומט היינץ,,,יח`,200,גרם,false,1,6.90,3.45,false,1,
8720181046605,false,דאודורנט ספריי אורגינל (150  מל)דאב,יוניליוור ישראל שיווק בעמ,,,יח`,150,"מ""ל",false,1,14.90,9.93,false,1,
8720181090219,false,דאב תחליב רחצה רימונים 750 מל,יוניליוור ישראל שיווק בעמ,,,יח`,750,"מ""ל",false,1,16.90,2.25,true,1,
8720181114458,false,אקס דאו ספריי לאישה 150 מל(יבוא  מקביל,איינשטיין-צור יבוא-יצוא וסחר ב,,,יח`,150,"מ""ל",false,1,9.90,6.60,true,1,
8720181114465,false,אקס דאו ספריי לגבר 150 מל(יבוא  מקביל),איינשטיין-צור יבוא-יצוא וסחר ב,,,יח`,150,"מ""ל",false,1,9.90,6.60,true,1,
8720181114472,false,אקס דאו ספריי לגבר אפולו 150 מל(יבוא,איינשטיין-צור יבוא-יצוא וסחר ב,,,יח`,150,"מ""ל",false,1,9.90,6.60,true,1,
8720181114489,false,אקס דאו ספרי י black 150 מל לגבר(יבו,איינשטיין-צור יבוא-יצוא וסחר ב,,,יח`,150,"מ""ל",false,1,9.90,6.60,true,1,
8720181114496,false,אקס דאו ספריי לגבר DARK TEMPTATION 150 מ,איינשטיין-צור יבוא-יצוא וסחר ב,,,יח`,150,"מ""ל",false,1,9.90,6.60,true,1,
8720181114519,false,אקס גולד דאו ספריי לגבר 150 מל(יבוא  מ,איינשטיין-צור יבוא-יצוא וסחר ב,,,יח`,150,"מ""ל",false,1,9.90,6.60,true,1,
8720182256850,false,דאב סבון מוצק קלאסי (4*90 גר`),יוניליוור ישראל שיווק בעמ,,,יח`,360,גרם,false,1,11.90,3.31,true,1,
8723400756552,false,מנטוס רביעיה,ליימן שליסל בעמ,,,יח`,150,גרם,false,1,13.90,9.27,true,1,
8801055709427,false,נסקפה טייסטרס צ`ויס אלטה ריקה 100 גרם,קבוצת אסם סחר שות. מוגבלת,,,יח`,100,גרם,false,1,23.90,23.90,true,1,
8801055709458,false,נס קפה קפוצ`ינו קרמל 170 גר`,קבוצת אסם סחר שות. מוגבלת,,,יח`,170,גרם,false,1,18.90,11.12,false,1,
8801055709465,false,נס קפה קפוצ`ינו וניל 185 גר`,קבוצת אסם סחר שות. מוגבלת,,,יח`,185,גרם,false,1,18.90,10.22,false,1,
8801055709472,false,נס קפה קפוצ`ינו קלאסיק 125 גר`,קבוצת אסם סחר שות. מוגבלת,,,יח`,125,גרם,false,1,18.90,15.12,false,1,
8801055709489,false,נס קפה קפוצ`ינו אגוזים 180 גר`,קבוצת אסם סחר שות. מוגבלת,,,יח`,180,גרם,false,1,18.90,10.50,false,1,
8850389105825,false,משקה אלוורה ענבים סאפה (1 ליטר),טמפו משקאות בעמ,,,יח`,1,1 ליטר,false,1,13.90,13.90,false,1,
8850389115336,false,משקה אלוורה מלון סאפה (1 ליטר),טמפו משקאות בעמ,,,יח`,1,1 ליטר,false,1,13.90,13.90,false,1,
8857101301008,false,רוטב צ`ילי מתוק וילי פוד (700 מל),ג.וילי-פוד אינטרנשיונל בעמ,,,יח`,700,"מ""ל",false,1,9.80,1.40,false,1,
8888021200256,false,סוללות אנרג ייזר-שמיניה,דנשר (1963) בעמ,,,יח`,1,,false,1,24.90,24.90,false,1,
8888021200720,false,סוללות אנרג ייזר-שמיניה,דנשר (1963) בעמ,,,יח`,1,,false,1,24.90,24.90,false,1,
8901537024014,false,אורז בסמטי דאווט וילי פוד (1 קג),ג.וילי-פוד אינטרנשיונל בעמ,,,יח`,1,"ק""ג",false,1,11.90,11.90,false,1,
9002975393812,false,הריבו האפי צ`רי 70 גר`,משה סידס ובנו בעמ,,,יח`,70,גרם,false,1,6.90,9.86,true,1,
9002975393829,false,הריבו פיצ`ס 70 גר`,משה סידס ובנו בעמ,,,יח`,70,גרם,false,1,6.90,9.86,true,1,
9002975393836,false,הריבו האפי קולה 70 גר`,משה סידס ובנו בעמ,,,יח`,70,גרם,false,1,6.90,9.86,true,1,
9002975393843,false,הריבו גולדברס 70 גר`,משה סידס ובנו בעמ,,,יח`,70,גרם,false,1,6.90,9.86,true,1,
9002975393850,false,הריבו וורמס 70 גר`,משה סידס ובנו בעמ,,,יח`,70,גרם,false,1,6.90,9.86,true,1,
9120097310545,false,חטיף מיני מיניונים מצונן 102.5 גר`,ג.וילי-פוד אינטרנשיונל **גבינו,,,יח`,102.50,גרם,false,1,14.90,14.54,false,1,
9310072028743,false,חטיף שוקולד אורגינל טים טם (200 גרם),משה סידס ובנו בעמ,,,יח`,200,גרם,false,1,20.90,10.45,true,1,
9310072028750,false,חטיף שוקולד דאבל קרם טים טם (200 גרם),משה סידס ובנו בעמ,,,יח`,200,גרם,false,1,20.90,10.45,true,1,
9310088007015,false,תחבושת דיפנד אוברנייט OVERNIGHT,קימברלי קלארק ישראל שיווק בעמ,,,יח`,1,,false,1,19.90,19.90,false,1,
