code,internal_code,name,manufacturer_name,manufacture_country,manufacturer_item_description,unit_qty,quantity,unit_of_measure,weighted,qty_in_package,price,unit_of_measure_price,allow_discount,status,item_id
40111216,false,חטיף באונטי 57 גרם,מרס,NL,חטיף באונטי,גרמים,57.00,100 גרם,false,0,4.90,8.60,true,1,
42102021,false,מסטיק אורביט פרופשונל10י,ריגלי,PL,מסטיק אורביט,יחידה,1.00,יחידה,false,0,3.80,3.80,true,1,
42123873,false,אורביט פרופשיונל ספירמיט,ריגלי,PL,מסטיק אורביט,יחידה,1.00,יחידה,false,0,3.80,3.80,true,1,
42124351,false,סוכ.מינטס ט.מנטה קלאסי18,ריגלי,PL,סוכריות מינטס,גרמים,18.00,100 גרם,false,0,3.30,18.33,true,1,
42138105,false,וינסטון סופר סלימס כחול,jti,CH,וינסטון סופר חפ.,יחידה,1.00,יחידה,false,0,31.00,31.00,false,1,
42154655,false,אורביט פפרמינט אר' מעטפה,ריגלי,FR,אורביט פפרמינט,גרמים,27.00,100 גרם,false,0,6.30,23.33,true,1,
42154662,false,אורביט בטעם ספירמינט 27ג,ריגלי,FR,מסטיק אורביט,גרמים,27.00,100 גרם,false,0,6.30,23.33,true,1,
42155034,false,אורביט מעטפה פירות27גרם,ריגלי,FR,מסטיק אורביט,גרמים,27.00,100 גרם,false,0,6.30,23.33,true,1,
42155461,false,סוכ.מינטס פירות יער18גרם,ריגלי,PL,סוכריות מינטס,גרמים,18.00,100 גרם,false,0,3.30,18.33,true,1,
42174479,false,אורביט מעטפה תות 27 גרם,ריגלי,FR,אורביט מעטפה,גרמים,27.00,100 גרם,false,1,6.30,23.33,true,1,
42182085,false,5 בטעם פירות טרופיים31גר,ריגלי,FR,5 פירות טרופיים,גרמים,31.00,100 גרם,false,0,7.40,23.87,true,1,
42182108,false,5 בטעם מנטה 31 גרם,ריגלי,FR,5 בטעם מנטה,גרמים,31.00,100 גרם,false,0,7.40,23.87,true,1,
42182115,false,5 בטעם מנטה עדינה 31 גרם,ריגלי,FR,5 מנטה עדינה,גרמים,31.00,100 גרם,false,0,7.40,23.87,true,1,
42188889,false,מסטיק 5 בטעם אבטיח 31גרם,ריגלי,FR,מסטיק 5 אבטיח,גרמים,31.00,100 גרם,false,0,7.40,23.87,true,1,
42211877,false,אורביט סטיקס ספירמינט31ג,ריגלי,FR,אורביט סטיקס,גרמים,31.00,100 גרם,false,0,6.20,20.00,true,1,
42247388,false,אורביט בליסטר באבל מינט,ריגלי,PL,אורביט בליסטר,גרמים,14.00,100 גרם,false,0,3.80,27.14,true,1,
42247555,false,מסטיק 5 אוכמניות רימון31,ריגלי,FR,מסטיק 5 אוכמניות,גרמים,31.00,100 גרם,false,0,7.40,23.87,true,1,
42268222,false,מסטיק 5 פירות יער 31 גרם,ריגלי,FR,מסטיק 5 פירות,גרמים,31.00,100 גרם,false,1,7.40,23.87,true,1,
42268253,false,אורביט בליסטר אוכמניות14,ריגלי,PL,אורביט בליסטר,גרמים,14.00,100 גרם,false,0,3.80,27.14,true,1,
46024817,false,נקסט חפיסה,פיליפ מוריס,,נקסט יח',יחידה,1.00,יחידה,false,0,28.00,28.00,false,1,
46024824,false,נקסט חפיסה,פיליפ מוריס,,נקסט יח',יחידה,1.00,יחידה,false,0,28.00,28.00,false,1,
46129338,false,מסטיק 5 בלאק 29 גרם,ריגלי,FR,מסטיק 5 בלאק,גרמים,29.00,100 גרם,false,1,7.40,25.52,true,1,
54051140,false,אלפרו מעדן ט.וניל 125X4ג,אלפרו,BE,מעדן סויה 4יח',גרמים,500.00,100 גרם,false,0,19.80,3.96,true,1,
54051157,false,אלפרו מעדן ט.שוקו125X4גר,אלפרו,BE,אלפרו מעדן ט.שוקו125X4גר,גרמים,500.00,100 גרם,false,0,19.80,3.96,true,1,
72917275,false,ופל טורטית 40 גרם,עלית,IL,וופל טורטית,גרמים,40.00,100 גרם,false,0,4.50,11.25,true,1,
72917329,false,אגוזי 45 גרם,עלית,IL,חטיף אגוזי,גרמים,45.00,100 גרם,false,0,4.50,10.00,true,1,
72917367,false,חטיף טעמי 40 גרם,עלית,IL,חטיף טעמי,גרמים,40.00,100 גרם,false,0,4.50,11.25,true,1,
72917589,false,מקופלת חלב 25 גרם,עלית,IL,מקופלת חלב,גרמים,25.00,100 גרם,false,0,4.50,18.00,true,1,
72917893,false,וופל פסק זמן חלב 45 גרם,עלית,IL,פסק זמן חלב,גרמים,45.00,100 גרם,false,0,5.50,12.22,true,1,
72918388,false,חטיף טויסט 28 גרם,עלית,IL,חטיף טוויסט,גרמים,28.00,100 גרם,false,0,4.50,16.07,true,1,
72940754,false,"מילקי בטעם וניל 170 מ""ל",שטראוס,IL,מילקי טעם וניל,מיליליטרים,170.00,"100 מ""ל",false,0,2.80,1.65,true,1,
72940761,false,"מילקי בטעם שוקולד 170מ""ל",שטראוס,IL,מילקי טעם שוקולד,מיליליטרים,170.00,"100 מ""ל",false,0,2.80,1.65,true,1,
72945308,false,קוביות שמרים לחים אפיה50,פאקא,IL,קוביות שמרים,גרמים,50.00,100 גרם,false,0,3.60,7.20,true,1,
72961506,false,פרילי תות 1.5% 125 גרם,תנובה,IL,פרילי תות,גרמים,125.00,100 גרם,false,0,3.60,2.88,true,1,
72961520,false,פרילי אננס 1.5% 125 גרם,תנובה,IL,פרילי אננס 1.5%,גרמים,125.00,100 גרם,false,0,3.60,2.88,true,1,
72961544,false,באדי תות 3% 125 גרם,תנובה,IL,מעדן באדי תות 3%,גרמים,125.00,100 גרם,false,0,2.80,2.24,true,1,
72963104,false,חמאה 100 גרם,תנובה,IL,חמאה,גרמים,100.00,100 גרם,false,0,3.80,3.80,true,1,
72963753,false,שמ.של פעם חמוצה27% 200ג,תנובה,IL,שמנת חמוצה תנובה,גרמים,200.00,100 גרם,false,0,4.00,2.00,true,1,
72963920,false,דנובה גביע 200 גרם,תנובה,IL,יוגורט דנובה,גרמים,200.00,100 גרם,false,0,3.50,1.75,true,1,
72964132,false,פרילי טבע גרנולה 200 גרם,תנובה,IL,פרילי טבע גרנולה,גרמים,200.00,100 גרם,false,0,4.90,2.45,true,1,
72964422,false,"יוגורט תנובה 4.5% 200מ""ל",תנובה,IL,יוגורט תנובה4.5%,מיליליטרים,200.00,"100 מ""ל",false,0,2.80,1.40,true,1,
72983416,false,ל.מ. בלו ארוך בוקס חפ,פיליפ מוריס,,ל.מ בלו חפ.,יחידה,1.00,יחידה,false,0,32.00,32.00,false,1,
72983997,false,גולף גולד,,,גולף גולד,יחידה,1.00,יחידה,false,0,29.00,29.00,false,1,
72986370,false,"גל.וניל צרפתי 500 מ""ל",מוצרי איכות אמריקאיים,IL,"גל.וניל צרפתי 500 מ""ל",מיליליטרים,500.00,"100 מ""ל",false,0,29.90,5.98,true,1,
72986424,false,"גל.קרם עוגיות 500 מ""ל",מוצרי איכות אמריקאיים,IL,"גל.קרם עוגיות 500 מ""ל",מיליליטרים,500.00,"100 מ""ל",false,0,29.90,5.98,true,1,
72986448,false,"גל.טופי קראנץ 500 מ""ל",מוצרי איכות אמריקאיים,US,גלידה בן & ג'ר,מיליליטרים,500.00,"100 מ""ל",false,0,29.90,5.98,true,1,
72986479,false,"גל.צ'אנקי מאנקי 500 מ""ל",מוצרי איכות אמריקאיים,US,גלידה בן & ג'ר,מיליליטרים,500.00,"100 מ""ל",false,0,29.90,5.98,true,1,
72989425,false,גלידה שוקולד בראוניס 500,מוצרי איכות אמריקאיים,US,גלידה בן & ג'ר,מיליליטרים,500.00,"100 מ""ל",false,0,29.90,5.98,true,1,
72991374,false,טיים RED יחידה,,IL,טיים RED יחידה,יחידה,1.00,יחידה,false,0,28.00,28.00,false,1,
72991381,false,טיים RED 100,,IL,טיים RED 100,יחידה,1.00,יחידה,false,0,28.00,28.00,false,1,
72991459,false,גולף יחידה,,IL,גולף יחידה,יחידה,1.00,יחידה,false,0,29.00,29.00,false,1,
72991497,false,נובלס פילטר חבילה,"דובק בע""מ",IL,נובלס פילטר,יחידה,1.00,יחידה,false,0,28.00,28.00,false,1,
72991510,false,מונטנה פילטר חפיסה,"דובק בע""מ",IL,מונטנה פילטר,יחידה,1.00,יחידה,false,0,29.00,29.00,false,1,
72991824,false,טיים BLUE 100 חפיסה,"דובק בע""מ",IL,טיים BLUE 100,יחידה,1.00,יחידה,false,0,28.00,28.00,false,1,
72991886,false,גלידת דולצ'ה דה לצ'ה 500,מוצרי איכות אמריקאיים,IL,גלידת דולצ'ה דה לצ'ה 500,מיליליטרים,500.00,"100 מ""ל",false,0,29.90,5.98,true,1,
72993637,false,דני שוקולד 1.5% 125 גרם,שטראוס,IL,דני שוקולד 1.5%,גרמים,125.00,100 גרם,false,0,2.70,2.16,true,1,
72993781,false,פסק זמן גלילית לבן 40גרם,עלית,IL,פסק זמן גלילית,גרמים,40.00,100 גרם,false,0,5.50,13.75,true,1,
72993927,false,נקסט 100 חפיסה,פיליפ מוריס,,נקסט 100 חפיסה,יחידה,1.00,יחידה,false,0,28.00,28.00,false,1,
78009226,false,דאו.דאב סטיק אורגינל50ג,יוניליוור,PH,דאו.דאב,גרמים,50.00,100 גרם,false,0,20.00,40.00,true,1,
80042556,false,עגבניות מרוסקות,,,עגבניות מרוסקות,גרמים,400.00,100 גרם,false,0,6.80,1.70,true,1,
80050025,false,סוכריות טיק-טק תפוז16גרם,פררו - אלבה,IT,טיק טק תפוז,גרמים,16.00,100 גרם,false,0,3.50,21.88,true,1,
80052760,false,קינדר בואנו 2 * 21.5 גרם,פררו - אלבה,IT,קינדר בואנו זוג,גרמים,43.00,100 גרם,false,0,5.50,12.79,true,1,
80176800,false,נוטלה ממרח שוקולד 750 גר,פררו - אלבה,PL,ממרח נוטלה,גרמים,750.00,100 גרם,false,0,24.90,3.32,true,1,
80177173,false,ממרח נוטלה 350 גרם,פררו - אלבה,IT,ממרח נוטלה,גרמים,350.00,100 גרם,false,0,14.90,4.26,true,1,
80177616,false,אצבעות שוקולד קינדר100גר,פררו - אלבה,IT,שוקולד קינדר,גרמים,100.00,100 גרם,false,0,9.00,9.00,true,1,
80239321,false,ביסקוויט מצופ.שוקולד100ג,קסיני אס.אר.אל,IT,ביסקוויט מצופה,גרמים,100.00,100 גרם,false,1,8.80,8.80,true,1,
80761761,false,קינדר בואנו לבן 19.5*2גר,פררו - אלבה,,קינדר בואנו לבן,גרמים,39.00,100 גרם,false,0,5.50,14.10,true,1,
80765790,false,מסטיק מנטוס3D אניגמה33ג,פרפטי ואן מלה,TR,מסטיק מנטוס 3D,גרמים,33.00,100 גרם,false,0,7.50,22.73,true,1,
80767091,false,מסטיק מנטוס פירות אדומ90,פרפטי ואן מלה,TR,מסטיק מנטוס,גרמים,90.00,100 גרם,false,0,18.60,20.67,true,1,
80769699,false,מנטוס וויט פירות מנטה60ג,פרפטי ואן מלה,TR,מנטוס וויט,גרמים,60.00,100 גרם,false,0,10.90,18.17,true,1,
80828174,false,מנטוס וויט מנטה מתוקה60ג,פרפטי ואן מלה,TR,מנטוס וויט,גרמים,60.00,100 גרם,false,0,10.90,18.17,true,1,
80828266,false,מסטיק מנטוס מנטה 90 גרם,פרפטי ואן מלה,TR,מסטיק מנטוס,גרמים,90.00,100 גרם,false,0,18.60,20.67,true,1,
80850885,false,מנטוס וויט מנטה עדינה60ג,פרפטי ואן מלה,TR,מנטוס וויט,גרמים,60.00,100 גרם,false,0,10.90,18.17,true,1,
80905257,false,מסטיק מנטוס פירות מיקס90,פרפטי ואן מלה,TR,מסטיק מנטוס,גרמים,90.00,100 גרם,false,0,18.60,20.67,true,1,
80923480,false,מסטיק מנטוס מנטה 28 גרם,פרפטי ואן מלה,TR,מסטיק מנטוס מנטה,גרמים,28.00,100 גרם,false,0,5.70,20.36,true,1,
80949466,false,מנטוס בקבוק פירות מנטה60,פרפטי ואן מלה,TR,מנטוס בקבוק,גרמים,60.00,100 גרם,false,1,10.80,18.00,true,1,
87108651,false,מנטוס מנטה 4יח37.5X'גרם,פרפטי ואן מלה ברדה,NL,מנטוס מנטה 4 יח',גרמים,150.00,100 גרם,false,0,11.30,7.53,true,1,
87108712,false,מנטוס טעם פירות4יח37.5Xג,פרפטי ואן מלה ברדה,NL,מנטוס פירות 4,גרמים,150.00,100 גרם,false,0,11.30,7.53,true,1,
87304787,false,מנטוס BOX פירות 64 גרם,פרפטי ואן מלה ברדה,NL,סוכריות מנטוס,גרמים,64.00,100 גרם,false,0,7.20,11.25,true,1,
9073102314,false,סורבט שרונס קוקוס 473 מ,מוצרי איכות אמריקאיים,IL,סורבט שרונס קוקוס 473 מ,מיליליטרים,473.00,"100 מ""ל",false,0,28.70,6.07,true,1,
9073102963,false,"שרונס סורבט מנגו 473 מ""ל",מוצרי איכות אמריקאיים,IL,"שרונס סורבט מנגו 473 מ""ל",מיליליטרים,473.00,"100 מ""ל",false,0,28.70,6.07,true,1,
11210000094,false,"רוטב טבסקו 60 מ""ל",ניצן,US,רוטב טבסקו,מיליליטרים,60.00,"100 מ""ל",false,0,12.80,21.33,true,1,
13495113506,false,קליק ביסקוויט 75 גרם,יוניליוור,IL,קליק ביסקוויט,גרמים,75.00,100 גרם,false,0,6.40,8.53,true,1,
13495113513,false,קליק שוקולד חלב 75 גרם,יוניליוור,IL,קליק שוקולד,גרמים,75.00,100 גרם,false,0,6.40,8.53,true,1,
13495113520,false,קליק קורנפלקס 75 גרם,יוניליוור,IL,קליק קורנפלקס,גרמים,75.00,100 גרם,false,0,6.40,8.53,true,1,
13495113537,false,קליק חום לבן מעורב 75 גר,יוניליוור,IL,קליק מעורב,גרמים,75.00,100 גרם,false,0,6.40,8.53,true,1,
13495113582,false,קליק כריות 75 גרם,יוניליוור,IL,קליק כריות,גרמים,75.00,100 גרם,false,0,6.40,8.53,true,1,
16000548404,false,חטיף נייטשר ואלי ש.שועל5,ג'נרל מילס,US,חטיף נייטשר ואלי,גרמים,210.00,100 גרם,false,0,21.90,10.43,true,1,
16000548503,false,נייטשר וואלי מייפל 5יח,ג'נרל מילס,US,חטיף נייטשר ואלי,גרמים,210.00,100 גרם,false,0,21.90,10.43,true,1,
16000548909,false,נייטשר וואלי גרנולה 5יח',ג'נרל מילס,US,חטיף נייטשר ואלי,גרמים,210.00,100 גרם,false,0,21.90,10.43,true,1,
18000701223,false,תערובת לעוגת שוקולד500גר,ג'נרל מילס,IL,תערובת לעוגה,גרמים,500.00,100 גרם,false,0,19.90,3.98,true,1,
18000703494,false,תערובת לעוגת וניל 500גרם,ג'נרל מילס,IL,תערובת לעוגה,גרמים,500.00,100 גרם,false,0,19.90,3.98,true,1,
18000766413,false,תערובת לעוגה בראוניס550ג,ג'נרל מילס,IL,תערובת לעוגה,גרמים,550.00,100 גרם,false,0,19.90,3.62,true,1,
24000154617,false,אננס שלם בסירופ,,,אננס שלם בסירופ,גרמים,825.00,100 גרם,false,0,10.40,1.26,true,1,
24000170013,false,אננס חתוך,,,אננס חתוך,גרמים,825.00,100 גרם,false,0,10.80,1.31,true,1,
25675120006,false,חמצוצים 4 צבעים 100 גרם,גורי,NL,חמצוצים,גרמים,100.00,100 גרם,false,0,9.30,9.30,true,1,
27000609040,false,רוטב היקורי מעושן 510גרם,קונגרה,US,רוטב ברביקיו,גרמים,510.00,100 גרם,false,0,15.40,3.02,true,1,
28200106902,false,מרלבורו גולד קצר בוקס10י,פיליפ מוריס,US,מרלבורו גולד ק,יחידה,1.00,יחידה,false,0,330.00,330.00,false,1,
28200112507,false,פרלמנט ארוך RCB 10 יח',פיליפ מוריס,,פרלמנט ארוך חב,יחידה,1.00,יחידה,false,0,360.00,360.00,false,1,
28200133502,false,מרלבורו רד קצר בוקס 10יח,פיליפ מוריס,IL,מרלבורו רד חבילה,יחידה,1.00,יחידה,false,0,330.00,330.00,false,1,
28200174604,false,פרלמנט ארוך בלו RCB 10יח,פיליפ מוריס,,פרלמנט ארוך בל,יחידה,1.00,יחידה,false,0,360.00,360.00,false,1,
34000124138,false,ממרח בוטנים וקקאו 368גרם,הרשי שוקולד,US,ממרח בוטנים/קקאו,גרמים,368.00,100 גרם,false,1,15.90,4.32,true,1,
34000146208,false,נטיפי שוקולד לאפייה283גר,הרשי שוקולד,US,נטיפי שוקולד,גרמים,283.00,100 גרם,false,1,15.90,5.62,true,1,
35000764522,false,משחה קולגייט מקס פרש100מ,קולגייט-פלמוליב,PL,משחת שיניים,מיליליטרים,100.00,"100 מ""ל",false,0,22.40,22.40,true,1,
36000258295,false,קלינקס לושן,,IL,קלינקס לושן,יחידה,1.00,יחידה,false,0,11.80,11.80,true,1,
37600207188,false,חמאת בוטנים קלאסי 462גרם,הורמל,US,חמאת בוטנים,גרמים,462.00,100 גרם,false,0,19.90,4.31,true,1,
38000844966,false,חטיף פרינגלס אורגינל161ג,פרוקטר & גמבל,IL,חטיף פרינגלס,גרמים,161.00,100 גרם,false,0,10.90,6.77,true,1,
38000844973,false,חטיף פרינגלס ברביקיו169ג,פרוקטר & גמבל,IL,חטיף פרינגלס,גרמים,169.00,100 גרם,false,0,10.90,6.45,true,1,
38000845000,false,פרינגלס שמנת בצל 169 גר,פרוקטר & גמבל,US,פרינגלס שמנת בצל,גרמים,169.00,100 גרם,false,0,10.90,6.45,true,1,
38000845512,false,פרינגלס מיני אורגינל37ג,פרוקטר & גמבל,US,פרינגלס מיני,גרמים,37.00,100 גרם,false,0,5.00,13.51,true,1,
38000845529,false,פרינגלס מיני שמנת בצל37ג,פרוקטר & גמבל,US,פרינגלס מיני,גרמים,37.00,100 גרם,false,0,5.00,13.51,true,1,
38527590247,false,קוואקר אינסטנט צימוק430ג,קואקר אוטס,CA,קוואקר אינסטנט,גרמים,430.00,100 גרם,false,0,22.80,5.30,true,1,
38527591053,false,דגנים מרובעים קינמון412ג,קואקר אוטס,,דגנים מרובעים קינמון412ג,גרמים,412.00,100 גרם,false,0,18.90,4.59,true,1,
38527591060,false,דגנים מרובעים קוואקר412ג,קואקר אוטס,,דגנים מרובעים קוואקר412ג,גרמים,412.00,100 גרם,false,0,18.90,4.59,true,1,
40000470700,false,עדשי שוק. מ&מ'ס שוקו226ג,מרס,US,עדשי שוקולד מ&מ,גרמים,226.00,100 גרם,false,0,20.70,9.16,true,1,
41390000904,false,"רוטב סויה קיקומן 444 מ""ל",קיקומן פודז אינק,US,רוטב סויה קיקומן,מיליליטרים,444.00,"100 מ""ל",false,0,19.90,4.48,true,1,
41390001079,false,"רוטב סויה דל נתרן 444מ""ל",קיקומן פודז אינק,IL,רוטב סויה,מיליליטרים,444.00,"100 מ""ל",false,0,19.90,4.48,true,1,
41390010309,false,רוטב טריאקי קיקומן 444מל,קיקומן פודז אינק,US,רוטב טריאקי,מיליליטרים,444.00,"100 מ""ל",false,0,19.90,4.48,true,1,
44738018432,false,"מי קוקוס 400 מ""ל",אסיאטיק אגרו אינדוסטרי,TH,מי קוקוס,מיליליטרים,400.00,"100 מ""ל",false,0,10.80,2.70,true,1,
46214731552,false,עוגיות שוקולד צ'יפס225גר,מרבה,NL,עוגיות ש.צ'יפס,גרמים,225.00,100 גרם,false,0,12.00,5.33,true,1,
50000421541,false,פריסקיז מיקס גריל 156גרם,נסטלה פורינה,US,פריסקיז לחתול,גרמים,156.00,100 גרם,false,0,6.60,4.23,true,1,
50000423347,false,פריסקיז לח סלמון 156 גרם,נסטלה פורינה,US,פריסקיז לח לחתול,גרמים,156.00,100 גרם,false,0,6.60,4.23,true,1,
50000424948,false,פריסקיז דגי אוקינוס 156ג,נסטלה פורינה,US,פריסקיז לחתול,גרמים,156.00,100 גרם,false,0,6.60,4.23,true,1,
50000429042,false,פנסי פיסט כבד ועוף 85גרם,נסטלה פורינה,US,פנסי פיסט חתול,גרמים,85.00,100 גרם,false,0,6.30,7.41,true,1,
50000429448,false,פנסי פיסט סלמון לחתול85ג,נסטלה פורינה,US,פנסי פיסט לחתול,גרמים,85.00,100 גרם,false,0,6.30,7.41,true,1,
50000429646,false,פנסי פיסט דג אוקיאנוס85ג,נסטלה פורינה,US,פנסי פיסט לחתול,גרמים,85.00,100 גרם,false,0,6.30,7.41,true,1,
50000429844,false,פנסי פיסט הודו ועוף 85גר,נסטלה פורינה,US,פנסי פיסט לחתול,גרמים,85.00,100 גרם,false,0,6.30,7.41,true,1,
50000581542,false,סופלה עוף וירקות גינה85ג,נסטלה פורינה,IL,סופלה עוף וירקות,גרמים,85.00,100 גרם,false,0,6.90,8.12,true,1,
52100070865,false,"תמצית וניל טהור 29 מ""ל",מקורמיק האנט ואלי,US,תמצית וניל,מיליליטרים,29.00,"100 מ""ל",false,0,25.40,87.59,true,1,
55500012046,false,כלורקס מרסס,,US,כלורקס מרסס,מיליליטרים,946.00,"100 מ""ל",false,0,18.00,1.90,true,1,
58449860037,false,קואלה קריספ דגני בוקר326,נייטשר פאת',IL,דגני בוקר,גרמים,326.00,100 גרם,false,0,23.70,7.27,true,1,
58449860075,false,כדורי לאמור אורגניים200ג,נייטשר פאת',CA,כדורי לאמור,גרמים,200.00,100 גרם,false,0,23.70,11.85,true,1,
64144090051,false,"תרסיס שמן קנולה 148 מ""ל",קונגרה,US,תרסיס שמן קנולה,מיליליטרים,148.00,"100 מ""ל",false,0,21.00,14.19,true,1,
70450020873,false,שזיפים סנסוויט 500גרם,סנסוויט גרוורס אינק,US,שזיפים סנסוויט,גרמים,500.00,100 גרם,false,0,29.90,5.98,true,1,
76840100156,false,גלידה צ'רי גרסיה 500מל,מוצרי איכות אמריקאיים,IL,גלידה צ'רי גרסיה,מיליליטרים,500.00,"100 מ""ל",false,0,29.90,5.98,true,1,
76840100583,false,גלידת וניל עם בצק עוגיות,מוצרי איכות אמריקאיים,IL,גל.בןאנדג'ריס,מיליליטרים,473.00,"100 מ""ל",false,0,29.90,6.32,true,1,
76840220243,false,יוגורט יווני תות שדה 473,מוצרי איכות אמריקאיים,IL,יוגורט יווני תות,מיליליטרים,473.00,"100 מ""ל",false,0,27.80,5.88,true,1,
76840220267,false,יוגורט יווני בננה חמאת,מוצרי איכות אמריקאיים,IL,יוגורט יווני בננה חמאת,מיליליטרים,473.00,"100 מ""ל",false,0,27.80,5.88,true,1,
76840400027,false,"גלידה בטעם שוקולד 500מ""ל",מוצרי איכות אמריקאיים,US,"גלידה בטעם שוקולד 500מ""ל",מיליליטרים,500.00,"100 מ""ל",false,0,29.90,5.98,true,1,
76840400218,false,גל.עוגת גבינה עם תות 420,מוצרי איכות אמריקאיים,IL,גל.עוגת גבינ.תות,גרמים,420.00,100 גרם,false,0,29.90,7.12,true,1,
77245110597,false,סוכריות מאסט לימון 80גרם,עלית,PL,סוכריות מאסט,גרמים,80.00,100 גרם,false,0,8.50,10.63,true,1,
77245110610,false,סוכריות מאסט מנטה 80 גרם,עלית,PL,סוכריות מאסט,גרמים,80.00,100 גרם,false,0,8.50,10.63,true,1,
77975088227,false,שברי בייגלה בצל חרדל340ג,סניידרס,US,שברי בייגלה,גרמים,340.00,100 גרם,false,0,12.90,3.79,true,1,
77975091791,false,טורטיות צ'יפס מסעדות354ג,סניידרס,US,טורטיות צ'יפס,גרמים,354.00,100 גרם,false,1,12.90,3.64,true,1,
616932184314,false,חסה חמאה הידרופונית יח',קטיף,IL,חסה חמאה הידרופונית יח',יחידה,1.00,יחידה,false,0,11.90,11.90,true,1,
617395099986,false,בוקצ'י ירק בריאות יחידה,קטיף,IL,בוקצ'י ירק בריאו,יחידה,1.00,יחידה,false,0,12.90,12.90,true,1,
617395100019,false,חסה רומית הידרופוני יח,קטיף,IL,חסה רומית הידרופוני יח,יחידה,1.00,יחידה,false,1,11.90,11.90,true,1,
617395100026,false,חסה הולנדיה הידרופוני יח,קטיף,IL,חסה הולנדיה הידרופוני יח,יחידה,1.00,יחידה,false,1,11.90,11.90,true,1,
639138513238,false,פילה הרינג,,DE,פילה הרינג,גרמים,190.00,100 גרם,false,0,14.50,7.63,true,1,
650748779906,false,ספגטי אורגני אדממה 200 ג,LTD FOOD ETHICAL,CN,ספגטי אורגני,גרמים,200.00,100 גרם,false,0,12.90,6.45,true,1,
724353783822,false,"תמר מג'הול 1 ק""ג",מהדרין תנופורט,IL,"תמר מג'הול 1 ק""ג",קילוגרמים,1.00,"ק""ג",false,0,30.90,30.90,true,1,
768404001640,false,"גלידת בטעם קפה 500 מ""ל",מוצרי איכות אמריקאיים,IL,"גלידת בטעם קפה 500 מ""ל",מיליליטרים,500.00,"100 מ""ל",false,0,29.90,5.98,true,1,
801541500048,false,תה טולסי ירוק,,IN,תה טולסי ירוק,גרמים,34.00,100 גרם,false,0,17.80,52.35,true,1,
801541507849,false,תה אורגינל,,IN,תה אורגינל,גרמים,32.00,100 גרם,false,0,17.80,55.63,true,1,
801541508440,false,תה צ'אי מסאלה,,IN,תה צ'אי מסאלה,גרמים,36.00,100 גרם,false,0,17.80,49.44,true,1,
835811004936,false,כף חד פעמי מוכסף 20יחי,.,CN,"כף ח""פ מוכסף",יחידה,1.00,יחידה,false,1,6.80,6.80,true,1,
835811005704,false,נייר לסנדויץ הנמל 100 יח,הנמל,,נייר לסנדויץ,יחידה,1.00,יחידה,false,0,13.60,13.60,true,1,
835811006053,false,קורנפלור 200 גרם,הנמל,IL,קורנפלור 200 גרם,גרמים,200.00,100 גרם,false,0,4.60,2.30,true,1,
835811008361,false,"שעועית 1 ק""ג",הנמל,IL,שעועית,קילוגרמים,1.00,"ק""ג",false,0,12.80,12.80,true,1,
835811009238,false,שיפודי במבוק ענקיים 25יח,הנמל,IL,שיפודים ענקיים,יחידה,1.00,יחידה,false,0,8.80,8.80,true,1,
835811009764,false,כפית חד פעמי מוכסף 20יחי,.,CN,"כפית ח""פ מוכסף",יחידה,1.00,יחידה,false,1,6.80,6.80,true,1,
835811009771,false,סכין חד פעמי מוכסף 20יחי,.,CN,"סכין ח""פ מוכסף",יחידה,1.00,יחידה,false,1,6.80,6.80,true,1,
852852004008,false,מלפפונים במלח,,IL,מלפפונים במלח,גרמים,540.00,100 גרם,false,0,5.00,0.93,true,1,
856591000062,false,עוגיות מזרחיות מלח400גרם,עבאדי,IL,עוגיות מזרחיות,גרמים,400.00,100 גרם,false,0,12.90,3.23,true,1,
856591000109,false,עוגיות מזרחיות פריכות400,עבאדי,IL,עוגיות מזרחיות,גרמים,400.00,100 גרם,false,0,12.90,3.23,true,1,
884912014252,false,פוסט הני בנצ'ס אלמונד411,פוסט,US,פוסט הני בנצ'ס אלמונד411,גרמים,411.00,100 גרם,false,0,17.90,4.36,true,1,
884912103703,false,פוסט וופל קריספ 325 גרם,פוסט,,פוסט וופל קריספ 325 גרם,גרמים,325.00,100 גרם,false,0,23.70,7.29,true,1,
884912126115,false,דגני גרייט גריינס דטה453,פוסט,US,דגני גרייט גרינס,גרמים,453.00,100 גרם,false,0,26.70,5.89,true,1,
884912129659,false,קקאו פבלס אורז תפוח 425ג,פוסט,US,דגני קקאו פבלס,גרמים,425.00,100 גרם,false,0,23.70,5.58,true,1,
3014260023089,false,3 מברשות קלאסיק 40 מדיום,פרוקטר & גמבל,IL,3 מברשות שיניים,יחידה,1.00,יחידה,false,1,17.30,17.30,true,1,
3014260214692,false,ג'ל גילוח סירייס 200C.Wמ,פרוקטר & גמבל,IL,ג'ל גילוח סירייס,מיליליטרים,200.00,"100 מ""ל",false,0,19.90,9.95,true,1,
3014260274856,false,מכשיר גילוח מאך 3 טורבו,פרוקטר & גמבל,PL,מכשיר מאך3 טור,יחידה,1.00,יחידה,false,0,53.00,53.00,true,1,
3014260822965,false,מב.פרו אקספרט פולסר 35רך,פרוקטר & גמבל,IL,מברשת אורל בי,יחידה,1.00,יחידה,false,0,42.10,42.10,true,1,
3023470001015,false,עוגיות גאלט חמאה 130 גרם,סאן מישל ביסוויט,FR,עוגיות חמאה,גרמים,130.00,100 גרם,false,0,10.00,7.69,true,1,
3045140105502,false,שוקולד חלב מילקה 100 גרם,מונדלייז,DE,שוקולד חלב מילקה,גרמים,100.00,100 גרם,false,0,5.90,5.90,true,1,
3045140280902,false,שוק.אגוז/צימוק מילקה100ג,מונדלייז,DE,שוקולד מילקה,גרמים,100.00,100 גרם,false,0,5.90,5.90,true,1,
3046920027281,false,שוק.אקסלנס קרמל סולט100ג,לינדט ושפרונגלי קילשברג,FR,שוקולד אקסלנס,גרמים,100.00,100 גרם,false,1,17.40,17.40,true,1,
3046920027458,false,שוקולד אקסלנס סטרוברי100,לינדט ושפרונגלי קילשברג,FR,שוקולד אקסלנס,גרמים,100.00,100 גרם,false,0,17.40,17.40,true,1,
3046920028004,false,שוק.אקסלנס מריר70% 100גר,לינדט ושפרונגלי קילשברג,FR,שוקולד אקסלנס,גרמים,100.00,100 גרם,false,0,17.40,17.40,true,1,
3046920029674,false,שוק.לינדט אקסלנס מלח100ג,לינדט ושפרונגלי קילשברג,FR,שוקולד לינדט,גרמים,100.00,100 גרם,false,0,17.40,17.40,true,1,
3059943015104,false,אירוויק נטול גז פרסיה345,רקיט בנקיזר,PL,אירוויק מבשם,מיליליטרים,345.00,"100 מ""ל",false,0,14.90,4.32,true,1,
3059943015128,false,אירוויק נטול גז לבנדר345,רקיט בנקיזר,PL,אירוויק נטול גז לבנדר345,מיליליטרים,345.00,"100 מ""ל",false,0,14.90,4.32,true,1,
3059943016507,false,אירויק ספריי לבנדר 240מל,רקיט בנקיזר,GB,אירויק ספריי,מיליליטרים,240.00,"100 מ""ל",false,0,10.00,4.17,true,1,
3065620010119,false,פסטה ביצים מינ.פוזילי250,גרנד מאר-דה ג'נרל גוואלה,FR,פסטה ביצים,גרמים,250.00,100 גרם,false,1,7.90,3.16,true,1,
3065620010126,false,פסטה ביצים מיני פרפר 250,גרנד מאר-דה ג'נרל גוואלה,FR,פסטה ביצים,גרמים,250.00,100 גרם,false,1,7.90,3.16,true,1,
3065620010225,false,פסטה ביצים מיני פנה250ג,גרנד מאר-דה ג'נרל גוואלה,FR,פסטה ביצים,גרמים,250.00,100 גרם,false,1,7.90,3.16,true,1,
3161911229199,false,חמאה רכה 250 גרם,אלוויר,FR,חמאה רכה,גרמים,250.00,100 גרם,false,0,13.90,5.56,true,1,
3173990025524,false,ביסקויט סנדביץ מצוייר125,בובארד ביסקוויט,FR,ביסקוויט סנדביץ,גרמים,125.00,100 גרם,false,1,10.00,8.00,true,1,
3173990026545,false,ביסקוויט בלק&וויט 115גרם,בובארד ביסקוויט,FR,ביסקוויט בלק&ויט,גרמים,115.00,100 גרם,false,1,10.00,8.70,true,1,
3178530402353,false,עוגיות מדלן רכות 175 גרם,סאן מישל ביסוויט,FR,עוגיות מדלן,גרמים,175.00,100 גרם,false,1,10.00,5.71,true,1,
3179732348913,false,מים מינרליים פרייה 1ליטר,'פרייה ורגז,FR,פרייה מים מינרל.,ליטרים,1.00,ליטר,false,1,8.00,8.00,true,1,
3277599095121,false,בלו צרפתי 125 גרם,סוסיאט לאטיאר לאקיי,FR,בלו צרפתי,גרמים,125.00,100 גרם,false,1,14.90,11.92,true,1,
3284230010894,false,לחמניות מיני בריוש 210גר,לה בולנג'ר,FR,לחמניות בריוש,גרמים,210.00,100 גרם,false,1,9.90,4.71,true,1,
3387390320244,false,דגני בוקר פיטנס+פירות375,נסטלה,FR,דגני פיטנס,גרמים,375.00,100 גרם,false,0,23.90,6.37,true,1,
3387390525960,false,קראנץ' דגני בוקר 500 גרם,נסטלה,FR,קראנץ דגני בוקר,גרמים,500.00,100 גרם,false,0,18.90,3.78,true,1,
3387390730852,false,דגני בוקר פיטנס 375 גרם,נסטלה,FR,דגני בוקר פיטנס 375 גרם,גרמים,375.00,100 גרם,false,0,23.90,6.37,true,1,
3501940785004,false,שוק.מריר73% גבישי סיגלית,בווטי שוקולד,FR,שוקולד מריר,גרמים,75.00,100 גרם,false,1,15.00,20.00,true,1,
3501940786001,false,שוק.מריר73%גבישי ג'ינג'ר,בווטי שוקולד,FR,שוקולד מריר,גרמים,75.00,100 גרם,false,1,15.00,20.00,true,1,
3501940787008,false,שוק.מריר73% קרמל מלחי75ג,בווטי שוקולד,FR,שוקולד מריר,גרמים,75.00,100 גרם,false,1,15.00,20.00,true,1,
3501940788005,false,שוק.חלב קרמל פרחי מלח75ג,בווטי שוקולד,FR,שוקולד חלב,גרמים,75.00,100 גרם,false,1,15.00,20.00,true,1,
3501940789002,false,שוק.חלב פירות יבשים75ג,בווטי שוקולד,FR,שוקולד חלב+פירות,גרמים,75.00,100 גרם,false,1,15.00,20.00,true,1,
3501940791005,false,שוקולד לבן וגבישי פטל75ג,בווטי שוקולד,FR,שוקולד לבן,גרמים,75.00,100 גרם,false,1,15.00,20.00,true,1,
3556420200553,false,קרואסון חמאה 325גרם,אדיר,IL,קרואסון חמאה,גרמים,325.00,100 גרם,false,1,19.90,6.12,true,1,
3556420200560,false,קרואסון שוקולד 350גרם,אדיר,IL,קרואסון שוקולד,גרמים,350.00,100 גרם,false,1,19.90,5.69,true,1,
3563490014898,false,חרדל דיזון לחיץ ריין265ג,ריין דיג'ון,FR,חרדל דיז'ון,גרמים,265.00,100 גרם,false,0,12.50,4.72,true,1,
3574660235197,false,32 או בה פרוקומפורט סופר,ג'ונסון,AT,טמפוני או בה,יחידה,1.00,יחידה,false,0,24.90,24.90,true,1,
3574660239973,false,32או בה פרוקומפורט נורמל,ג'ונסון,DE,טמפוני או בה,יחידה,1.00,יחידה,false,0,24.90,24.90,true,1,
3574660322576,false,קרפרי רגיל 58 יחידות,ג'ונסון,IT,קרפרי רגיל 58 יחידות,יחידה,1.00,יחידה,false,0,14.90,14.90,true,1,
3574660322651,false,קרפרי רגיל טנגה לבן 58יח,ג'ונסון,IT,קרפרי רגיל טנגה לבן 58יח,יחידה,1.00,יחידה,false,0,14.90,14.90,true,1,
3574660322675,false,קרפרי טנגה מבושם 58 יח',ג'ונסון,IT,קרפרי טנגה פרש,יחידה,1.00,יחידה,false,0,14.90,14.90,true,1,
3574660514643,false,"קרם ר""ש ניוטרוג'ינה 300מ",ג'ונסון,IL,"קרם ר""ש ניוטרוגי",מיליליטרים,300.00,"100 מ""ל",false,0,35.60,11.87,true,1,
3574660574005,false,אל סבון ג'ונסונ.בייבי750,ג'ונסון,IT,אל סבון ג'ונסונס,מיליליטרים,750.00,"100 מ""ל",false,0,23.40,3.12,true,1,
3574660619652,false,אלסבון ג'ונסון +לחות750מ,ג'ונסון,IT,אל סבון ג'ונסון,מיליליטרים,750.00,"100 מ""ל",false,0,23.40,3.12,true,1,
3574661069456,false,שמפו גונסונס משאבה750מ,ג'ונסון,IL,שמפו גונסונס,מיליליטרים,750.00,"100 מ""ל",false,0,28.60,3.81,true,1,
3600522299875,false,אלביב שמן לטיפוח שיער100,kozmetik canan,FR,שמן לשיער אלביב,מיליליטרים,100.00,"100 מ""ל",false,0,39.60,39.60,true,1,
3600522301875,false,דאודורנט רול אינביזיבל50,קוסמופול,PL,דאו.גרנייה,מיליליטרים,50.00,"100 מ""ל",false,0,13.90,27.80,true,1,
3600522344032,false,מסכת אלביב טוטל ריפיר300,kozmetik canan,IL,מסכת אלביב,מיליליטרים,300.00,"100 מ""ל",false,0,19.90,6.63,true,1,
3600523136155,false,"מסכה אלביב 6 שמנים300מ""ל",קוסמטיקס,TR,מסכה אלביב,מיליליטרים,300.00,"100 מ""ל",false,1,19.90,6.63,true,1,
3600523154746,false,"מרכך אלביב קולור 600מ""ל",קוסמטיקס,TR,מרכך אלביב,מיליליטרים,600.00,"100 מ""ל",false,1,14.90,2.48,true,1,
3600523154777,false,"שמפו אלביב ארג'נין600מ""ל",קוסמטיקס,TR,שמפו אלביב,מיליליטרים,600.00,"100 מ""ל",false,1,14.90,2.48,true,1,
3600523154814,false,מרכך אלביב טוטל ריפר600מ,קוסמטיקס,TR,מרכך אלביב,מיליליטרים,600.00,"100 מ""ל",false,1,14.90,2.48,true,1,
3600523154838,false,שמפו אלביב קולור פרופ600,קוסמטיקס,TR,שמפו אלביב,מיליליטרים,600.00,"100 מ""ל",false,1,14.90,2.48,true,1,
3600523154845,false,שמפו אלביב נוטרי גלוס600,קוסמטיקס,TR,שמפו אלביב נוטרי גלוס600,מיליליטרים,600.00,"100 מ""ל",false,1,14.90,2.48,true,1,
3600523159147,false,מרכך אלביב נוטרי גלוס600,קוסמטיקס,TR,מרכך אלביב,מיליליטרים,600.00,"100 מ""ל",false,1,14.90,2.48,true,1,
3600523159161,false,מרכך אלביב אנטי בריק600מ,קוסמטיקס,TR,מרכך אלביב,מיליליטרים,600.00,"100 מ""ל",false,1,14.90,2.48,true,1,
3600523171040,false,מרכך אלביב 6 שמנים 600מל,קוסמטיקס,TR,מרכך אלביב,מיליליטרים,600.00,"100 מ""ל",false,1,14.90,2.48,true,1,
3600540885050,false,פיור אקספובראש150,קארלסרו,PL,פיור אקספובראש150,מיליליטרים,150.00,"100 מ""ל",false,0,29.90,19.93,true,1,
3600541022065,false,קרם גוף גרנייה אלוורה400,קוסמופול,PL,קרם גוף גרנייה אלוורה400,מיליליטרים,400.00,"100 מ""ל",false,0,15.00,3.75,true,1,
3600541022096,false,קרם גוף גרנייה שיאה400מל,קוסמופול,PL,קרם גוף גרנייה שיאה400מל,מיליליטרים,400.00,"100 מ""ל",false,0,15.00,3.75,true,1,
3600541033405,false,דאודורנט ספריי קאלם 150מ,סופרוקוס,IL,דאו.גרנייה,מיליליטרים,150.00,"100 מ""ל",false,0,13.90,9.27,true,1,
3600541033412,false,דאודורנט ספריי דריי 150מ,סופרוקוס,IL,דאו.גרנייה,מיליליטרים,150.00,"100 מ""ל",false,0,13.90,9.27,true,1,
3600541126022,false,ק. ידיים גרנייה שיאה100,סופרויאל,IL,ק. ידיים גרנייה שיאה100,מיליליטרים,100.00,"100 מ""ל",false,0,11.30,11.30,true,1,
3600541253667,false,דאודורנט אינביזיבל150מ,סופרוקוס,IL,דאו.גרנייה,מיליליטרים,150.00,"100 מ""ל",false,0,13.90,9.27,true,1,
3600541474499,false,דאודורנט רול פרו5 ורוד50,קוסמופול,PL,דאו.גרנייה,מיליליטרים,50.00,"100 מ""ל",false,1,13.90,27.80,true,1,
3607346373873,false,"נאוטיקה וואיז ספרי150מ""ל",קוטי,ES,נאוטיקה ספריי,מיליליטרים,150.00,"100 מ""ל",false,1,24.70,16.47,true,1,
3608580730231,false,קונפיטורת תות שדה 370גרם,אנדורס,FR,קונפיטורת תות,גרמים,370.00,100 גרם,false,1,12.90,3.49,true,1,
3608580730255,false,קונפיטורת משמש 370 גרם,אנדורס,FR,קונפיטורת משמש,גרמים,370.00,100 גרם,false,1,12.90,3.49,true,1,
3608580730323,false,קונפיטורת פטל 370 גרם,אנדורס,FR,קונפיטורת פטל,גרמים,370.00,100 גרם,false,1,12.90,3.49,true,1,
3661163990323,false,דאו.אדידס A3 קול דרי200מ,COLEPCCL,ES,דאודורנט אדידס,מיליליטרים,200.00,"100 מ""ל",false,0,17.90,8.95,true,1,
3661163990781,false,דאו.אדידס A3 פרולול 200מ,COLEPCCL,GB,דאו.אדידס A3 פרולול 200מ,מיליליטרים,200.00,"100 מ""ל",false,0,17.90,8.95,true,1,
3700230200771,false,בגט צרפתי,International Neuhauser,IL,בגט צרפתי,יחידה,1.00,יחידה,false,0,5.90,5.90,true,1,
3760057970608,false,דה לה מוט בסקט קברנה750מ,דומיין פייר דומיניור,FR,קברנה דה לה מוט,מיליליטרים,750.00,"100 מ""ל",false,1,44.90,5.99,true,1,
3760057970646,false,דה לה מוט בסקט מרלו750מ,דומיין פייר דומיניור,FR,מרלו דה לה מוט,מיליליטרים,750.00,"100 מ""ל",false,1,44.90,5.99,true,1,
3760057971407,false,פייר דומיניור קברנה750מ,דומיין פייר דומיניור,FR,קברנה פייר דומינ,מיליליטרים,750.00,"100 מ""ל",false,1,44.90,5.99,true,1,
4000417019004,false,שוקולד ריטר חלב אגוז100ג,ריטר,DE,שוקולד ריטר,גרמים,100.00,100 גרם,false,0,9.80,9.80,true,1,
4000417022004,false,שוק.ריטר+אגוז+צימוקים100,ריטר,DE,שוקולד ריטר,גרמים,100.00,100 גרם,false,0,9.80,9.80,true,1,
4000417023001,false,שוקולד ריטר חלב שקד100גר,ריטר,DE,שוקולד ריטר,גרמים,100.00,100 גרם,false,0,9.80,9.80,true,1,
4002448017684,false,"סיליט באנג ספריי 750 מ""ל",רקיט בנקיזר,IL,סיליט באנג ספריי,מיליליטרים,750.00,"100 מ""ל",false,0,14.90,1.99,true,1,
4005808236077,false,תח.גוף ניוואה ע.רגיש 500,ביירסדורץ,IL,תחליב גוף ניוואה,מיליליטרים,500.00,"100 מ""ל",false,0,24.90,4.98,true,1,
4005808500000,false,לבלו שפתון ליובש כחול,אלפא קוסמטיקה,DE,לבלו שפתון,יחידה,1.00,יחידה,false,0,14.10,14.10,true,1,
4005808813063,false,תחל.לאחר גילוח-ע.רגיש100,ביירסדורץ,DE,ניוואה אפטר שייב,מיליליטרים,100.00,"100 מ""ל",false,0,39.90,39.90,true,1,
4005900036506,false,דאו.ניוואה בלק&וויט רול,ביירסדורץ,DE,דאודורנט ניוואה,מיליליטרים,50.00,"100 מ""ל",false,0,18.90,37.80,true,1,
4005900816023,false,ניוואה ספרי יבש לגבר150מ,ביירסדורץ,DE,דאודורנט ניוואה,מיליליטרים,150.00,"100 מ""ל",false,0,18.90,12.60,true,1,
4005900816108,false,ניוואה רולאון יבש לגבר50,ביירסדורץ,DE,דאודורנט ניוואה,מיליליטרים,50.00,"100 מ""ל",false,0,18.90,37.80,true,1,
4005900816115,false,ניוואה רול און יבש לאישה,ביירסדורץ,DE,דאודורנט ניוואה,מיליליטרים,50.00,"100 מ""ל",false,0,18.90,37.80,true,1,
4006067060977,false,קפה נמס אספרסו דוידוף100,מ.דוידס,PL,קפה נמס אספרסו,גרמים,100.00,100 גרם,false,0,25.10,25.10,true,1,
4006508200009,false,מליטה 40 נייר פילטר מס2',Kaffee Melitta,DE,מליטה 40 נייר פילטר מס2',יחידה,1.00,יחידה,false,0,10.40,10.40,true,1,
4006952005779,false,עוג.סנדוויץ ממולא ל.ג300,קופרנט פיינבק ג'י אם בי,DE,עוגיות סנדוויץ,גרמים,300.00,100 גרם,false,1,14.90,4.97,true,1,
4008287763324,false,בירה קרומבאכר וואיזן330מ,שמן זית אליעד,DE,בירה קרומבאכר,מיליליטרים,330.00,"100 מ""ל",false,0,12.80,3.88,true,1,
4009300522881,false,תה ירוק לימונית ותות20שק,טייקנה,IL,תה ירוק לימונית,גרמים,30.00,100 גרם,false,0,14.90,49.67,true,1,
4009300522935,false,תה ירוק לימונית+לואיזה20,טייקנה,DE,תה ירוק לימונית+לואיזה20,גרמים,30.00,100 גרם,false,0,14.90,49.67,true,1,
4009300524588,false,חליטת פירות יער3גרם20Xשק,טייקנה,IL,חליטת פירות יער,גרמים,60.00,100 גרם,false,0,12.90,21.50,true,1,
4009300526438,false,תה ירוק קלאסי 20 שקיקים,טייקנה,DE,תה ירוק פומפדור,גרמים,30.00,100 גרם,false,0,14.90,49.67,true,1,
4009900013581,false,מארז סטיקס ספירמינט 5 יח,ריגלי,FR,מארז אורביט,גרמים,65.00,100 גרם,false,0,10.90,16.77,true,1,
4009900360937,false,איירווייז מיני אקליפטו42,ריגלי,PL,איירווייז מיני,גרמים,42.00,100 גרם,false,0,6.50,15.48,true,1,
4009900376600,false,איירווייז מיני אוכמניו42,ריגלי,PL,איירווייז מיני,גרמים,42.00,100 גרם,false,0,6.50,15.48,true,1,
4009900385824,false,מארז סטיקס פפרמינט 5 יח',ריגלי,FR,מארז אורביט,גרמים,65.00,100 גרם,false,0,10.90,16.77,true,1,
4009900387101,false,אורביט פרופשיונל מנטה3יח,ריגלי,PL,אורביט שלישיה,גרמים,42.00,100 גרם,false,0,9.30,22.14,true,1,
4009900402965,false,אורביט וויט פירות בקבו64,ריגלי,PL,אורביט בקבוקון,גרמים,64.00,100 גרם,false,0,10.90,17.03,true,1,
4009900403023,false,אורביט וויט מנטה בקבוק64,ריגלי,PL,אורביט בקבוקון,גרמים,64.00,100 גרם,false,0,10.90,17.03,true,1,
4009900405713,false,איירווייז מיני אניס+מנ42,ריגלי,PL,איירווייז מיני,גרמים,42.00,100 גרם,false,0,6.50,15.48,true,1,
4009900420303,false,אורביט פרופשנ.ספירמינ3יח,ריגלי,PL,אורביט שלישייה,גרמים,42.00,100 גרם,false,0,9.30,22.14,true,1,
4009900455299,false,סוכריות סקיטלס פירות174ג,ריגלי,CZ,סוכריות סקיטלס,גרמים,174.00,100 גרם,false,0,9.80,5.63,true,1,
4009900465304,false,סוכריות סקיטלס חמוץ174גר,ריגלי,CZ,סוכריות סקיטלס,גרמים,174.00,100 גרם,false,0,9.80,5.63,true,1,
4009900476881,false,סוכ.סקיטלס קונפיוזד174גר,ריגלי,CZ,סוכריות סקיטלס,גרמים,174.00,100 גרם,false,1,9.80,5.63,true,1,
4009900477932,false,סוכ.סקיטלס קונפיוזד38גרם,ריגלי,CZ,סוכריות סקיטלס,גרמים,38.00,100 גרם,false,1,3.40,8.95,true,1,
4009900479998,false,אורביט אוכמניות בקבוק64ג,ריגלי,PL,אורביט בקבוקון,גרמים,64.00,100 גרם,false,0,10.90,17.03,true,1,
4009900482417,false,אורביט באבל מינט בקבוק64,ריגלי,PL,אורביט באבל מינט,גרמים,64.00,100 גרם,false,0,10.90,17.03,true,1,
4009900484008,false,אורביט בקבוקMאקליפטוס84ג,ריגלי,PL,אורביט בקבוק,גרמים,84.00,100 גרם,false,0,14.90,17.74,true,1,
4009900484060,false,אורביט בקבוק M פפרמינט 8,ריגלי,PL,אורביט בקבוק,גרמים,84.00,100 גרם,false,0,14.90,17.74,true,1,
4009900484091,false,אורביט בקבוק M ספירמינ84,ריגלי,PL,אורביט בקבוק,גרמים,84.00,100 גרם,false,0,14.90,17.74,true,1,
4009900484305,false,אורביט בקבוקMסוויטמינט84,ריגלי,PL,אורביט בקבוק,גרמים,84.00,100 גרם,false,0,14.90,17.74,true,1,
4009900487283,false,אורביט סטיקס פירות 5יח',ריגלי,FR,מארז אורביט,גרמים,65.00,100 גרם,false,0,10.90,16.77,true,1,
4009900488709,false,מיני וויט מנטה3י14*גרם,ריגלי,PL,אורביט מיני וויט,גרמים,42.00,100 גרם,false,0,6.50,15.48,true,1,
4009900488891,false,מיני וויט פירות3יח14*גרם,ריגלי,PL,אורביט מיני וויט,גרמים,42.00,100 גרם,false,0,6.50,15.48,true,1,
4009900488921,false,אורביט מיני סוויטמינט42ג,ריגלי,PL,אורביט מיני וויט,גרמים,42.00,100 גרם,false,0,6.50,15.48,true,1,
4009900503952,false,אורביט בבלמינט grab&go,ריגלי,PL,מסטיק אורביט,גרמים,56.00,100 גרם,false,1,11.90,21.25,true,1,
4009900504126,false,אורביט פפרמינט grab&go,ריגלי,PL,מסטיק אורביט,גרמים,56.00,100 גרם,false,1,11.90,21.25,true,1,
4009900504218,false,אורביט תפוז בקבוקון64ג,ריגלי,PL,אורביט בקבוקון,גרמים,64.00,100 גרם,false,1,10.90,17.03,true,1,
4011800251154,false,קונפיטורה תות שדה 340 גר,Schwartauer,IL,קונפיטורה תות,גרמים,340.00,100 גרם,false,0,19.40,5.71,true,1,
4011800251451,false,קונפ.הרו פירות יער340גרם,Schwartauer,DE,קונפיטורה הרו,גרמים,340.00,100 גרם,false,0,19.40,5.71,true,1,
4011800251550,false,קונפיטורת דובדבן שחור340,Schwartauer,IL,קונפיטורת דובדבן,גרמים,340.00,100 גרם,false,0,19.40,5.71,true,1,
4011800568610,false,קורני סנדוויץ קרם חלב4יח,Schwartauer,IL,קורני סנדוויץ,גרמים,120.00,100 גרם,false,0,13.90,11.58,true,1,
4011800628512,false,קורני חט.דגנים+שוקולד6יח,Schwartauer,DE,קורני חטיף דגנים,גרמים,150.00,100 גרם,false,0,13.90,9.27,true,1,
4011800630515,false,קורני 6חט.דגנים+שוק+בננה,Schwartauer,DE,קורני חטיף דגנים,גרמים,150.00,100 גרם,false,0,13.90,9.27,true,1,
4013227013391,false,"אייריש קרים 700 מ""ל",קוימנס רויאל,NL,"אייריש קרים 700 מ""ל",מיליליטרים,700.00,"100 מ""ל",false,0,54.90,7.84,true,1,
4014400901191,false,בונבוניירה מרסי 250 גרם,שטורק,DE,בונבוניירת מרסי,גרמים,250.00,100 גרם,false,0,29.60,11.84,true,1,
4014400914696,false,סוכ.חמאה וורטר ל.סוכר80ג,שטורק,DE,סוכריות וורטר,גרמים,80.00,100 גרם,false,0,10.00,12.50,true,1,
4014400914924,false,סוכ.וורטר ללא סוכר קפה80,שטורק,DE,סוכריות וורטר,גרמים,80.00,100 גרם,false,0,10.00,12.50,true,1,
4015000280372,false,דאו.רול און FA פור מא50מ,הנקל סוד,DE,דאודורנט FA,מיליליטרים,50.00,"100 מ""ל",false,0,10.90,21.80,true,1,
4015000519915,false,"דאוFA. פרדייז 200 מ""ל",הנקל סוד,IL,דאודורנט FA,מיליליטרים,200.00,"100 מ""ל",false,0,11.90,5.95,true,1,
4015000615921,false,דאו.ספריי FA פור מאן200מ,הנקל סוד,DE,דאודורנט FA,מיליליטרים,200.00,"100 מ""ל",false,0,11.90,5.95,true,1,
4015000995122,false,דאו. פה כח המשיכה 200 מל,הנקל סוד,DE,דאודורנט פה,מיליליטרים,200.00,"100 מ""ל",false,0,11.90,5.95,true,1,
4015001004168,false,גליס מרכך ללא שטיפה400מ,הנקל סוד,SI,ספריי מרכך גליס,מיליליטרים,400.00,"100 מ""ל",false,1,34.90,8.73,true,1,
4015001011371,false,"פה ספריי פרש&דריי 200מ""ל",הנקל סוד,DE,דאודורנט פה,מיליליטרים,200.00,"100 מ""ל",false,1,11.90,5.95,true,1,
4015400057369,false,12 אולוויז עבה לילה,פרוקטר & גמבל,DE,תחבושות אולוויז,יחידה,1.00,יחידה,false,0,16.80,16.80,true,1,
4015400269793,false,טמפקס פרל סופר 18 יחידות,פרוקטר & גמבל,HU,טמפקס פרל סופר,יחידה,1.00,יחידה,false,0,30.10,30.10,true,1,
4015400285809,false,20 טמפקס קומפאק רגולר,פרוקטר & גמבל,HU,טמפקס קומפאק,יחידה,1.00,יחידה,false,0,30.10,30.10,true,1,
4015400428657,false,15 אולוויז עבה לונג+,פרוקטר & גמבל,DE,15 אולוויז עבה לונג+,יחידה,1.00,יחידה,false,0,16.80,16.80,true,1,
4015400428688,false,16 אולוויז עבה נורמל+,פרוקטר & גמבל,DE,תחבושות אולוויז,יחידה,1.00,יחידה,false,0,16.80,16.80,true,1,
4015400649724,false,46פמפרס אקטיב בייבי שלב4,פרוקטר & גמבל,IL,חיתולי פמפרס,יחידה,1.00,יחידה,false,0,51.50,51.50,true,1,
4015400649762,false,40פמפרס אקטיבבייבי שלב+4,פרוקטר & גמבל,IL,חיתולי פמפרס,יחידה,1.00,יחידה,false,0,51.50,51.50,true,1,
4015400649809,false,36פמפרס אקטיב בייבי שלב5,פרוקטר & גמבל,IL,36פמפרס אקטיב בייבי שלב5,יחידה,1.00,יחידה,false,0,51.50,51.50,true,1,
4015400655305,false,אולוויז אינפינ.דואו נורמ,פרוקטר & גמבל,IL,תחבושות אולוויז,יחידה,1.00,יחידה,false,0,40.70,40.70,true,1,
4015400669036,false,44 מגן תח.אולוייז דואו L,פרוקטר & גמבל,DE,מגן תחתון אולויז,יחידה,1.00,יחידה,false,1,19.90,19.90,true,1,
4015400669098,false,52 מגן תח.אולוייז דואו N,פרוקטר & גמבל,DE,מגן תחתון אולויז,יחידה,1.00,יחידה,false,1,19.90,19.90,true,1,
4015400675839,false,28תח.אולוויז דואו נורמל+,פרוקטר & גמבל,IL,תחבושות אולוויז,יחידה,1.00,יחידה,false,0,27.70,27.70,true,1,
4015400675860,false,32 תח.אולוויז דואו נורמל,פרוקטר & גמבל,IL,תחבושות אולוויז,יחידה,1.00,יחידה,false,0,27.70,27.70,true,1,
4015400681670,false,18אולוייז לילה וליו פק,,,תחבושות אולוייז,יחידה,1.00,יחידה,false,0,27.70,27.70,true,1,
4015400687696,false,22 פמפרס פרימיום שלב 1,פרוקטר & גמבל,IL,פמפרב פרימיום,יחידה,1.00,יחידה,false,1,21.90,21.90,true,1,
4015400699811,false,28תח.אולוייז דואו נורמל+,,,תחבושות אולוייז,יחידה,1.00,יחידה,false,0,27.70,27.70,true,1,
4015400700111,false,24 תח.אולוייז דואו לונג,,,תחבושות אולוייז,יחידה,1.00,יחידה,false,0,27.70,27.70,true,1,
4015400700272,false,20 תח.אולוייז דואו לילה,,,תחבושות אולוייז,יחידה,1.00,יחידה,false,0,27.70,27.70,true,1,
4015400824701,false,טמפקס פלאש רגיולר 30 יח',פרוקטר & גמבל,UA,טמפקס פלאש,יחידה,1.00,יחידה,false,0,33.90,33.90,true,1,
4015600581992,false,65טבליות פיירי הכל ב1,פרוקטר & גמבל,GB,טבליות למדיח,יחידה,1.00,יחידה,false,0,49.90,49.90,true,1,
4015600609146,false,פנטן מסכה לשיער שמן 200מ,פרוקטר & גמבל,IL,מסיכה פנטן,מיליליטרים,200.00,"100 מ""ל",false,0,30.00,15.00,true,1,
4015600763251,false,שמפו הד&שולדרס קלאסי 600,פרוקטר & גמבל,IL,שמפו הד&שולדרס,מיליליטרים,600.00,"100 מ""ל",false,0,28.70,4.78,true,1,
4015600763299,false,"הד&שולדרס 2ב1- 600 מ""ל",פרוקטר & גמבל,IL,שמפו הד&שולדרס,מיליליטרים,600.00,"100 מ""ל",false,0,28.70,4.78,true,1,
4015600763411,false,שמפו הד&שולדרס מנטול 600,פרוקטר & גמבל,IL,שמפו הד&שולדרס,מיליליטרים,600.00,"100 מ""ל",false,0,28.70,4.78,true,1,
4015600763459,false,שמפו הד&שולדרס תפוח 600,פרוקטר & גמבל,IL,שמפו הד&שולדרס,מיליליטרים,600.00,"100 מ""ל",false,0,28.70,4.78,true,1,
4015600763534,false,הד&שולדרס מגע משי 600מ,פרוקטר & גמבל,IL,שמפו הד&שולדרס,מיליליטרים,600.00,"100 מ""ל",false,0,28.70,4.78,true,1,
4015600768966,false,הד&שולדרס עם לחות 600מ,פרוקטר & גמבל,IL,שמפו הד&שולדרס,מיליליטרים,600.00,"100 מ""ל",false,0,28.70,4.78,true,1,
4015600770228,false,פנטן שמפו שמן משקם 600 מ,פרוקטר & גמבל,FR,שמפו פנטן שמן,מיליליטרים,600.00,"100 מ""ל",false,0,24.90,4.15,true,1,
4015600770488,false,מרכך פנטן שמן משקם 600 מ,פרוקטר & גמבל,FR,מרכך פנטן שמן,מיליליטרים,600.00,"100 מ""ל",false,0,24.90,4.15,true,1,
4015600807436,false,דאו.ג'ל PB-CW-,פרוקטר & גמבל,IL,דאודורנט ג'ל,מיליליטרים,75.00,"100 מ""ל",false,0,38.00,50.67,true,1,
4015600815233,false,פנטן שמפו לחות מוגברת600,פרוקטר & גמבל,IL,פנטן שמפו,מיליליטרים,600.00,"100 מ""ל",false,0,24.90,4.15,true,1,
4015600815271,false,פנטן מרכך לחות מוגברת600,פרוקטר & גמבל,IL,פנטן מרכך,מיליליטרים,600.00,"100 מ""ל",false,0,24.90,4.15,true,1,
4015600815318,false,שמפו פנטן מגע קטיפתי600מ,פרוקטר & גמבל,FR,שמפו פנטן,מיליליטרים,600.00,"100 מ""ל",false,0,24.90,4.15,true,1,
4015600815394,false,"פנטן 2ב1 מגע משי 600 מ""",פרוקטר & גמבל,FR,פנטן 2ב1 מגע משי,מיליליטרים,600.00,"100 מ""ל",false,0,24.90,4.15,true,1,
4015600815516,false,שמפ.פנטן נוסחה קלאסית600,פרוקטר & גמבל,FR,שמפו פנטן,מיליליטרים,600.00,"100 מ""ל",false,0,24.90,4.15,true,1,
4015600815554,false,מרכך פנטן נוסחה קלאס600.,פרוקטר & גמבל,FR,מרכך פנטן,מיליליטרים,600.00,"100 מ""ל",false,0,24.90,4.15,true,1,
4015600815677,false,"מרכך פנטן טבע 600 מ""ל",פרוקטר & גמבל,FR,מרכך פנטן טבע,מיליליטרים,600.00,"100 מ""ל",false,0,24.90,4.15,true,1,
4015600830328,false,מרכך הד&שולדרס לחות 400,פרוקטר & גמבל,FR,מרכך הד&שולדרס,מיליליטרים,400.00,"100 מ""ל",false,0,22.00,5.50,true,1,
4015600889333,false,סרום פנטן שמן משקם 100מל,פרוקטר & גמבל,IL,סרום שמן משקם,מיליליטרים,100.00,"100 מ""ל",false,0,32.70,32.70,true,1,
4017100198151,false,עוג.סנדוויץ היט וניל220ג,באלסן,PL,עוגיות סנדוויץ,גרמים,220.00,100 גרם,false,1,9.90,4.50,true,1,
4017100364112,false,עוג.סנדוויץ היט קקאו220ג,באלסן,PL,עוגיות סנדוויץ,גרמים,220.00,100 גרם,false,1,9.90,4.50,true,1,
4025700001023,false,שוקולד אגוזים מילקה100גר,מונדלייז,DE,שוקולד מילקה,גרמים,100.00,100 גרם,false,0,5.90,5.90,true,1,
4033100013348,false,אל די ארוך חפיסה,jti,TR,אל די ארוך חפיסה,יחידה,1.00,יחידה,false,0,27.00,27.00,false,1,
4033100014529,false,אל די סלימס חפיסה,jti,TR,אל די סלימס חפ.,יחידה,1.00,יחידה,false,0,27.00,27.00,false,1,
4043041008686,false,סוכ.דרופס לימון מנטה33גר,ריגלי,CZ,דרופס לימון מנטה,גרמים,33.00,100 גרם,false,0,5.50,16.67,true,1,
4046234767650,false,קפה צ'יבו גולד סלקשין200,צ'יבו,PL,קפה צ'יבו,גרמים,200.00,100 גרם,false,1,20.80,10.40,true,1,
4046234794885,false,קפה צ'יבו בלאק נוויט200ג,צ'יבו,PL,קפה צ'יבו,גרמים,200.00,100 גרם,false,1,20.80,10.40,true,1,
4056800563050,false,וולפלקס מוס מתולתל 200,פרוקטר & גמבל,DE,וולהפלקס מוס,מיליליטרים,200.00,"100 מ""ל",false,0,30.80,15.40,true,1,
4072700001188,false,בירה פרנסיסקאנר,,DE,בירה פרנסיסקאנר,מיליליטרים,500.00,"100 מ""ל",false,0,15.80,3.16,true,1,
4072700003649,false,בירה פרנסיסקאנר,,DE,בירה פרנסיסקאנר,מיליליטרים,500.00,"100 מ""ל",false,0,15.80,3.16,true,1,
4084500078758,false,אריאל פודס קפסולות 28 יח,פרוקטר & גמבל,IL,אריאל פודס,יחידה,1.00,יחידה,false,0,47.90,47.90,true,1,
4084500078796,false,אריאל פודס קולור 28 יח,פרוקטר & גמבל,IL,אריאל פודס קולור,יחידה,1.00,יחידה,false,0,47.90,47.90,true,1,
4084500088917,false,פיירי לכלים לימון650מל,פרוקטר & גמבל,IL,פיירי נוזל לכלים,מיליליטרים,650.00,"100 מ""ל",false,0,9.90,1.52,true,1,
4084500089037,false,"פיירי ורדים ומשי 650 מ""ל",פרוקטר & גמבל,GB,פיירי נוזל כלים,מיליליטרים,650.00,"100 מ""ל",false,0,12.80,1.97,true,1,
4084500194380,false,הד&שולדרס שיער עבה 600מ,פרוקטר & גמבל,IL,שמפו הד&שולדרס,מיליליטרים,600.00,"100 מ""ל",false,1,28.70,4.78,true,1,
4084500264397,false,שמפו הד&שולדרס 2ב1- 600,פרוקטר & גמבל,IL,שמפו הד&שולדרס,מיליליטרים,600.00,"100 מ""ל",false,1,28.70,4.78,true,1,
4084500513570,false,אריאל נח.הרים2.47ל,פרוקטר & גמבל,IL,אריאל ג'ל,ליטרים,2.47,ליטר,false,0,36.60,14.82,true,1,
4084500513723,false,אריאל ג'ל נח.מרענן2.47ל,פרוקטר & גמבל,IL,אריאל ג'ל נח.מרענן2.47ל,ליטרים,2.47,ליטר,false,0,36.60,14.82,true,1,
4084500627826,false,פיירי לכלים לימון 385מל,פרוקטר & גמבל,GB,פיירי לימון,מיליליטרים,385.00,"100 מ""ל",false,1,7.80,2.03,true,1,
4084500853553,false,פיירי אורגינל 650מל,פרוקטר & גמבל,GB,נוזל כלים פיירי,מיליליטרים,650.00,"100 מ""ל",false,1,9.90,1.52,true,1,
4084500853690,false,פיירי תפוז 650מל,פרוקטר & גמבל,GB,נוזל כלים פיירי,מיליליטרים,650.00,"100 מ""ל",false,1,9.90,1.52,true,1,
4084500853836,false,"פיירי ורדים ומשי 515 מ""ל",פרוקטר & גמבל,GB,פיירי נוזל לכלים,מיליליטרים,515.00,"100 מ""ל",false,1,11.90,2.31,true,1,
4084500853898,false,פיירי אלוורה/מלפפונים515,פרוקטר & גמבל,GB,פיירי נוזל לכלים,מיליליטרים,515.00,"100 מ""ל",false,1,11.90,2.31,true,1,
4603400000180,false,וודקה רוסקי,,RU,וודקה רוסקי,מיליליטרים,700.00,"100 מ""ל",false,0,89.90,12.84,true,1,
4606203001293,false,נקסט 10 יח',פיליפ מוריס,,נקסט חבילה,יחידה,1.00,יחידה,false,0,270.00,270.00,false,1,
4680005880577,false,ג.חמנייה רוסי קלוי240גרם,קוגאנטאקיה,RU,גרעיני חמנייה,גרמים,240.00,100 גרם,false,0,12.80,5.33,true,1,
4770209043431,false,חלב מרוכז ממותק,,LE,חלב מרוכז ממותק,גרמים,397.00,100 גרם,false,0,8.50,2.14,true,1,
4800888148957,false,דאו.רקסונה רול און טלק50,יוניליוור,PH,דאודורנט רקסונה,מיליליטרים,50.00,"100 מ""ל",false,0,11.90,23.80,true,1,
4800888150080,false,דאו.דאב רול און ירוק 50,יוניליוור,IL,דאודורנט דאב,מיליליטרים,50.00,"100 מ""ל",false,0,15.90,31.80,true,1,
4800888150103,false,דאו.דאב רול און כחול 50,יוניליוור,IL,דאודורנט דאב,מיליליטרים,50.00,"100 מ""ל",false,0,15.90,31.80,true,1,
4800888542854,false,רקסונה רול און לינן דר50,יוניליוור,TR,דאו.רקסונה,מיליליטרים,50.00,"100 מ""ל",false,0,11.90,23.80,true,1,
4801234145125,false,גלייד נ.גז אושן בריז400מ,ג'ונסון,IL,מטהר אוויר גלייד,מיליליטרים,400.00,"100 מ""ל",false,0,12.90,3.23,true,1,
4820080720584,false,וודקה חלבני דאר,,,וודקה חלבני דאר,מיליליטרים,700.00,"100 מ""ל",false,0,64.90,9.27,true,1,
4860019001414,false,מים מינרלים בורז'ומי750מ,,,מים מינרלים בורז'ומי750מ,מיליליטרים,750.00,"100 מ""ל",false,0,9.70,1.29,true,1,
4891228430047,false,10 ס.גילוח אקסטרא 2 רגיש,שיק,CN,סכיני גילוח,יחידה,1.00,יחידה,false,0,31.10,31.10,true,1,
4902430614450,false,2 אדוונטג' סופט35 להלבנה,פרוקטר & גמבל,IL,2 מברשות שיניים,יחידה,1.00,יחידה,false,1,30.30,30.30,true,1,
4903001904208,false,רוט.סויה יאמסה פרימיום1ל,יאמאסה,JP,רוטב סויה יאמסה,ליטרים,1.00,ליטר,false,0,45.60,45.60,true,1,
5000146401568,false,וולייט 10 דפים שומרי צבע,רקיט בנקיזר,US,וולייט דפים,יחידה,1.00,יחידה,false,0,16.90,16.90,true,1,
5000159376655,false,סוכריות סקיטלס פירות38ג,ריגלי,CZ,סוכריות סקיטלס,גרמים,38.00,100 גרם,false,0,3.40,8.95,true,1,
5000159407236,false,חטיף מרס 51 גרם,מרס,NL,חטיף מרס,גרמים,51.00,100 גרם,false,0,4.90,9.61,true,1,
5000159409179,false,מיני סניקרס בשקית 403 גר,מרס,DE,מיני סניקרס,גרמים,403.00,100 גרם,false,0,25.60,6.35,true,1,
5000159442572,false,מיני טוויקס בשקית 403גרם,מרס,DE,מיני טוויקס,גרמים,403.00,100 גרם,false,0,25.60,6.35,true,1,
5000159452977,false,מיני מיקס בשקית 400 גרם,מרס,DE,מיני מיקס,גרמים,400.00,100 גרם,false,0,25.60,6.40,true,1,
5000159459228,false,חטיף טוויקס 50 גרם,מרס,NL,חטיף טוויקס,גרמים,50.00,100 גרם,false,0,4.90,9.80,true,1,
5000198285505,false,משחה פרדונטקס ג'ל 50 גרם,גלקסוסמיתקליין,GB,משחה פרדונטקס ג'ל 50 גרם,מיליליטרים,50.00,"100 מ""ל",false,0,23.30,46.60,true,1,
5000204657913,false,קיווי משחה שחורה50מל,ג'ונסון,FR,קיווי משחה בשחור,מיליליטרים,50.00,"100 מ""ל",false,0,6.90,13.80,true,1,
5000204658187,false,קיווי נוזל נעליים שחור75,ג'ונסון,FR,קיווי נוזל,מיליליטרים,75.00,"100 מ""ל",false,0,17.30,23.07,true,1,
5000394076730,false,זוג סוללות דורסל בייסיקD,פרוקטר & גמבל,IL,סוללות דורסל,יחידה,1.00,יחידה,false,0,32.90,32.90,true,1,
5000394076761,false,זוג סוללות בייסיק C,פרוקטר & גמבל,IL,סוללה בייסיק,יחידה,1.00,יחידה,false,0,32.90,32.90,true,1,
5000394203334,false,12סוללות דורסל בייסיק AA,פרוקטר & גמבל,BE,סוללות דורסל,יחידה,1.00,יחידה,false,0,41.60,41.60,true,1,
5010182997338,false,ט.דאק ג'ל אסלה ירוק55מל,DEOFLOR,GB,דאק ג'ל נוזלי,מיליליטרים,55.00,"100 מ""ל",false,0,14.00,25.45,true,1,
5010622010795,false,מברשת אורל בי גילאי 7-5,פרוקטר & גמבל,IE,מברשת שיניים,יחידה,1.00,יחידה,false,0,18.00,18.00,true,1,
5010677552387,false,"בקרדי בריזר אננס 275 מ""ל","בקרדי בע""מ",DE,בקרדי בריזר,מיליליטרים,275.00,"100 מ""ל",false,0,15.90,5.78,true,1,
5011157630281,false,"אורז טילדה המשלי 1 ק""ג",טילדה,GB,"אורז טילדה המשלי 1 ק""ג",קילוגרמים,1.00,"ק""ג",false,0,25.60,25.60,true,1,
5011408027976,false,אלנט ספריי לשיער רגיל400,kozmetik canan,BE,אלנט ספריי לשיער,מיליליטרים,400.00,"100 מ""ל",false,0,29.60,7.40,true,1,
5011417540916,false,פיניש קואנטום 20טבליות,רקיט בנקיזר,PL,פיניש קואנטום 20טבליות,יחידה,1.00,יחידה,false,0,24.90,24.90,true,1,
5011417552247,false,אירוויק נטול גז לילך345מ,רקיט בנקיזר,PL,אירוויק מבשם,מיליליטרים,345.00,"100 מ""ל",false,0,14.90,4.32,true,1,
5013965754937,false,"מי פה פרו אקספרט 500 מ""ל",פרוקטר & גמבל,IL,מי פה אורל בי,מיליליטרים,500.00,"100 מ""ל",false,0,38.50,7.70,true,1,
5014271000411,false,מעדן ערמונים 284 גרם,סאן דלפור - שמבור,FR,מעדן ערמונים,גרמים,284.00,100 גרם,false,1,14.90,5.25,true,1,
5014271300429,false,מעד.משמש ל.תוספת סוכר284,סאן דלפור - שמבור,IL,מעדן מישמש,גרמים,284.00,100 גרם,false,0,14.90,5.25,true,1,
5014271310428,false,מעדן דובדבן שחור 284 גרם,סאן דלפור - שמבור,FR,מעדן דובדבן שחור,גרמים,284.00,100 גרם,false,0,14.90,5.25,true,1,
5014271350424,false,מעדן ארבעה פירות 284 גרם,סאן דלפור - שמבור,FR,מעדן 4 פירות,גרמים,284.00,100 גרם,false,0,14.90,5.25,true,1,
5014271360423,false,מעד.תפוז ללא תוס.סוכר284,סאן דלפור - שמבור,FR,מעדן תפוזים,גרמים,284.00,100 גרם,false,0,14.90,5.25,true,1,
5014271370422,false,מעדן אפרסק 284 גרם,סאן דלפור - שמבור,FR,מעדן אפרסק 284 גרם,גרמים,284.00,100 גרם,false,0,14.90,5.25,true,1,
5014271390420,false,מע.פטל ללא תוספת סוכר284,סאן דלפור - שמבור,FR,מעדן פטל,גרמים,284.00,100 גרם,false,0,14.90,5.25,true,1,
5014271400426,false,מעדן תות שדה 284 גרם,סאן דלפור - שמבור,FR,מעדן תות שדה 284 גרם,גרמים,284.00,100 גרם,false,0,14.90,5.25,true,1,
5014271560427,false,מעדן תפוז+ג'ינג'ר 284גרם,סאן דלפור - שמבור,FR,מעדן תפוז+ג'ינג'ר 284גרם,גרמים,284.00,100 גרם,false,0,14.90,5.25,true,1,
5014271796147,false,מעדן רימון ופטל 284 גרם,סאן דלפור - שמבור,FR,מעדן רימון ופטל,גרמים,284.00,100 גרם,false,0,14.90,5.25,true,1,
5029053002408,false,נ.ט. קלינקס לבן 9 גל.,חוגלה קימברלי,IL,נ.ט. קלינקס לבן 9 גל.,מטרים,276.00,100 מטר,false,0,36.90,13.37,true,1,
5029053002439,false,נ.ט.קלינקס צהוב 9 גל.,חוגלה קימברלי,GB,נ.ט.קלינקס צהוב 9 גל.,מטרים,276.00,100 מטר,false,0,36.90,13.37,true,1,
5029053009834,false,קלינקס קולקשן קוביה 56יח,חוגלה קימברלי,IL,ממחטות קלינקס,יחידה,1.00,יחידה,false,0,5.90,5.90,true,1,
5029053032566,false,ממחטות מנטול,,IL,ממחטות מנטול,יחידה,1.00,יחידה,false,0,4.90,4.90,true,1,
5029053510811,false,28 תח.קוטקס נורמל כנפיים,חוגלה קימברלי,IL,תחבושות קוטקס,יחידה,1.00,יחידה,false,0,17.90,17.90,true,1,
5029053510828,false,24 תח.קוטקס אולטרא סופר,חוגלה קימברלי,IL,תחבושות קוטקס,יחידה,1.00,יחידה,false,0,17.90,17.90,true,1,
5029053523446,false,20 תח.קוטקס אולטרא נייט,חוגלה קימברלי,IL,תחבושות קוטקס,יחידה,1.00,יחידה,false,0,17.90,17.90,true,1,
5029053534589,false,32 טמפוני קוטקס מיני,חוגלה קימברלי,CZ,טמפוני קוטקס,יחידה,1.00,יחידה,false,0,31.10,31.10,true,1,
5029053534596,false,32 טמפוני קוטקס נורמל,חוגלה קימברלי,CZ,טמפוני קוטקס,יחידה,1.00,יחידה,false,0,31.10,31.10,true,1,
5029053538426,false,חיתולי האגיס,,IL,חיתולי האגיס,יחידה,1.00,יחידה,false,0,44.00,44.00,true,1,
5035766060253,false,"בירה מרפיס סטאוט 500 מ""ל",היינקן,IE,בירה מרפיס,מיליליטרים,500.00,"100 מ""ל",false,0,12.90,2.58,true,1,
5060255492284,false,אברקלין לבנדר 6ל,כלורוקס,US,חול לחתולים,ליטרים,6.00,ליטר,false,1,64.40,10.73,true,1,
5099864006070,false,סימילאק אדבנס+שלב 2 400ג,אבוט,IE,סימילאק אדבנס,גרמים,400.00,100 גרם,false,0,43.40,10.85,true,1,
5099864006704,false,סימילאק אדבנס+שלב 1 900ג,אבוט,IE,סימילאק אדבנס,גרמים,900.00,100 גרם,false,0,81.90,9.10,true,1,
5099864006711,false,סימילאק אדבנס+שלב 2 900ג,אבוט,IE,סימילאק אדבנס,גרמים,900.00,100 גרם,false,0,81.90,9.10,true,1,
5099864006728,false,סימילאק אדבנס+שלב 3 900ג,אבוט,IE,סימילאק אדבנס,גרמים,900.00,100 גרם,false,0,81.90,9.10,true,1,
5200351240017,false,גליליות קרם אגוז+קקאו400,גולדן ברייק,GR,גליליות קרם אגוז,גרמים,400.00,100 גרם,false,0,19.00,4.75,true,1,
5201178801054,false,"קרם ניוואה 250 מ""ל",ביירסדורץ,,ניוואה קרם לחות,מיליליטרים,250.00,"100 מ""ל",false,0,34.40,13.76,true,1,
5201360724147,false,רולדות אישי שוק+קקאו32*8,אס.סי. צי'פיטה,RO,רולדות אישיות8יח,גרמים,256.00,100 גרם,false,1,10.00,3.91,true,1,
5201360724741,false,רולדות אישיות וניל 32*8ג,אס.סי. צי'פיטה,RO,רולדות אישיות8יח,גרמים,256.00,100 גרם,false,1,10.00,3.91,true,1,
5201360797097,false,עוגות שוק+מילוי וניל32*8,אס.סי. צי'פיטה,RO,עוגות אישיות 8יח,גרמים,256.00,100 גרם,false,1,10.00,3.91,true,1,
5201360797196,false,עוגות שוקולד+קקאו32*8ג,אס.סי. צי'פיטה,RO,עוגות אישיות 8יח,גרמים,256.00,100 גרם,false,1,10.00,3.91,true,1,
5201940010110,false,זיתים שחורים קלמטה454גרם,,,זיתים שחורים קלמטה454גרם,גרמים,454.00,100 גרם,false,0,17.20,3.79,true,1,
5202300014472,false,"וולפלקס ספריי חזק 250מ""ל",פרוקטר & גמבל,DE,וולהפלקס ספריי,מיליליטרים,250.00,"100 מ""ל",false,0,37.70,15.08,true,1,
5410076353057,false,אב.כביסה תינוקלין 3קג,פרוקטר & גמבל,TR,אבקת תינוקלין,קילוגרמים,3.00,"ק""ג",false,0,51.50,17.17,true,1,
5410076518784,false,משחת אורל בי מנטה 100מל,פרוקטר & גמבל,IL,משחת אורל בי,מיליליטרים,100.00,"100 מ""ל",false,0,22.20,22.20,true,1,
5410076933129,false,אריאל שושן צחור 3קג,פרוקטר & גמבל,IL,אריאל שושן צחור,קילוגרמים,3.00,"ק""ג",false,0,51.10,17.03,true,1,
5410076933242,false,טייד אלפיין 3קג,פרוקטר & גמבל,IL,אבקת טייד אלפיין,קילוגרמים,3.00,"ק""ג",false,0,24.90,8.30,true,1,
5410126004601,false,ביסקוויט דינוזאור דגנ175,לוטוס ביקרי,BE,ביסקוויט לוטוס,גרמים,175.00,100 גרם,false,1,13.90,7.94,true,1,
5410126006087,false,ביסקוויט בטעם קרמל 700 ג,לוטוס ביקרי,BE,ביסקוויט לוטוס,גרמים,700.00,100 גרם,false,0,31.60,4.51,true,1,
5410126106183,false,ביסקוויט לוטוס ארוז 50יח,לוטוס ביקרי,BE,ביסקוויט לוטוס,גרמים,312.00,100 גרם,false,0,12.90,4.13,true,1,
5410126116953,false,ממרח ביסקוויט לוטוס 400ג,לוטוס ביקרי,BE,ממרח ביסקוויט,גרמים,400.00,100 גרם,false,0,19.90,4.98,true,1,
5410126716016,false,ביסקוויט לוטוס ט.קרמל250,לוטוס ביקרי,BE,ביסקויט לוטוס,גרמים,250.00,100 גרם,false,0,12.70,5.08,true,1,
5410126726947,false,ממרח עוג.לוטוס קראנץ380ג,לוטוס ביקרי,BE,ממרח עוגיות,גרמים,380.00,100 גרם,false,0,19.90,5.24,true,1,
5410173210055,false,קפה לפילטר,,IL,קפה לפילטר,גרמים,70.00,100 גרם,false,0,22.90,32.71,true,1,
5410316983693,false,"אייס סמירנוף בק275. מ""ל",IBBLS,IT,אייס סמירנוף,מיליליטרים,275.00,"100 מ""ל",false,0,13.30,4.84,true,1,
5411188096108,false,"שמנת צמחית לבישול 250מ""ל",אלפרו,IL,שמנת צמחית,מיליליטרים,250.00,"100 מ""ל",false,0,10.80,4.32,true,1,
5411188106159,false,אלפרו סויה לייט טבעי 1 ל,אלפרו,IL,אלפרו סויה לייט,ליטרים,1.00,ליטר,false,0,14.80,14.80,true,1,
5411188110835,false,אלפרו משקה שקדים 1 ליטר,אלפרו,BE,אלפרו משקה שקדים 1 ליטר,ליטרים,1.00,ליטר,false,0,16.80,16.80,true,1,
5411188300328,false,אלפרו סויה שוקו 1 ליטר,אלפרו,IL,אלפרו סויה שוקו,ליטרים,1.00,ליטר,false,0,16.50,16.50,true,1,
5425000191063,false,משקה אורז וסויה 1 ליטר,היין,BE,משקה אורז וסויה,ליטרים,1.00,ליטר,false,0,16.90,16.90,true,1,
5425000198055,false,אלמונד דרים שקדים 1 ליטר,היין,BE,אלמונד דרים,ליטרים,1.00,ליטר,false,0,16.90,16.90,true,1,
5600395030719,false,סרדין בשמן זית נפטון115ג,קלנג מקנאן,PT,סרדין בשמן זית,גרמים,115.00,100 גרם,false,0,7.90,6.87,true,1,
5601008200444,false,עוג.גודיס שוקולד חלב150ג,מרבה,NL,עוגיות גודיס,גרמים,150.00,100 גרם,false,0,9.80,6.53,true,1,
5601008200451,false,עוגיות גודיס שוק.מריר150,מרבה,NL,עוגיות גודיס,גרמים,150.00,100 גרם,false,0,9.80,6.53,true,1,
5701051000012,false,עוגיות טעם חמאה,,DK,עוגיות טעם חמאה,גרמים,340.00,100 גרם,false,0,15.80,4.65,true,1,
5701092108708,false,פיניש קוואנטום לימון20טב,רקיט בנקיזר,PL,טבליות קוואנטום,יחידה,1.00,יחידה,false,0,24.90,24.90,true,1,
5701932026971,false,הוט פופ טעם חמאה 100X6גר,פופז,US,פופקורן הוטפופ,גרמים,600.00,100 גרם,false,0,15.90,2.65,true,1,
5701932026995,false,פופקורן לייט הוט פופ510ג,פופז,IL,פופקורן למיקרו,גרמים,510.00,100 גרם,false,0,15.90,3.12,true,1,
5706516031358,false,הוטפופ 100קל' לאריזה160ג,פופז,US,הוט פופ 100 קל',גרמים,160.00,100 גרם,false,0,15.90,9.94,true,1,
5740900401556,false,ממרח חמאה לייט+ש.זית 250,ארלה,DK,ממרח חמאה לייט,גרמים,250.00,100 גרם,false,1,18.00,7.20,true,1,
5900020012814,false,נסקוויק דגני בוקר 500גרם,נסטלה,PL,דגני נסקוויק,גרמים,500.00,100 גרם,false,0,18.90,3.78,true,1,
5900020015174,false,פיטנס חטיף דגנים שוק6.יח,נסטלה,PL,חטיפי פיטנס 6 יח,גרמים,141.00,100 גרם,false,0,18.90,13.40,true,1,
5900020018908,false,פיטנס חט.דגנים ק.עוגיות6,נסטלה,PL,חטיפי פיטנס 6 יח,גרמים,141.00,100 גרם,false,0,18.90,13.40,true,1,
5900020022325,false,חטיף דגנים סיני מיניס6יח,נסטלה,PL,חטיפי סיני מיניס,גרמים,150.00,100 גרם,false,0,16.80,11.20,true,1,
5900020024848,false,חט.דגנים בר דליס שוק22*6,.סי.פי,PL,חטיף דגנים פיטנס,גרמים,135.00,100 גרם,false,1,18.90,14.00,true,1,
5900020025807,false,סיני מיניס 375 גרם,סי.פי.פולין,PL,סיני מיניס,גרמים,375.00,100 גרם,false,1,10.00,2.67,true,1,
5900020026026,false,פיטנס בר שוקולד 23.5*12ג,.סי.פי,PL,פיטנס בר 12 יח',גרמים,282.00,100 גרם,false,1,20.00,7.09,true,1,
5900627027259,false,ויט 12 רצועות שעווה רגיש,רקיט בנקיזר,FR,רצועות שעווה ויט,יחידה,1.00,יחידה,false,0,41.80,41.80,true,1,
5901480000519,false,קפה נמס ג'קובס קרוננג200,מונדלייז,DE,קפה נמס ג'קובס,גרמים,200.00,100 גרם,false,1,29.90,14.95,true,1,
5906213005700,false,"משקה אנרגיה אקזיט 250מ""ל","פורמן ס.א. בע""מ",PL,משקה אנרגיה,מיליליטרים,250.00,"100 מ""ל",false,1,3.50,1.40,true,1,
5906485301012,false,משקה אנרגיה XL,,IL,משקה אנרגיה XL,מיליליטרים,250.00,"100 מ""ל",false,0,4.10,1.64,true,1,
5906485301098,false,משקה אנרגיה,,IL,משקה אנרגיה,מיליליטרים,250.00,"100 מ""ל",false,0,4.10,1.64,true,1,
5906485301326,false,משקה אנרגיה,,IL,משקה אנרגיה,מיליליטרים,250.00,"100 מ""ל",false,0,4.10,1.64,true,1,
5906485301456,false,משקה אנרגיה,,IL,משקה אנרגיה,מיליליטרים,250.00,"100 מ""ל",false,0,4.10,1.64,true,1,
5906485301470,false,משקה אנרגיה,,IL,משקה אנרגיה,מיליליטרים,250.00,"100 מ""ל",false,0,4.10,1.64,true,1,
5998749106136,false,ויסקס אדולט צ'יקן 1.5 קג,מרס,HU,ויסקס אדולט,קילוגרמים,1.50,"ק""ג",false,1,34.90,23.27,true,1,
6001067017523,false,מברשת שיניים ילדים ברבי,קולגייט-פלמוליב,IL,מברשת שיניים,יחידה,1.00,יחידה,false,0,19.20,19.20,true,1,
6001067025122,false,קולגייט מקס פרש וויט100מ,קולגייט-פלמוליב,BR,משחת שיניים,מיליליטרים,100.00,"100 מ""ל",false,0,22.40,22.40,true,1,
6001298987930,false,גלייד לבנדר מילוי 269מל,vaill aerosol coster,TR,גלייד מילוי,מיליליטרים,269.00,"100 מ""ל",false,0,15.00,5.58,true,1,
6008165271192,false,פאל מאל ארוך אדום,bat,TR,פאל מאל ארוך,יחידה,1.00,יחידה,false,0,28.00,28.00,false,1,
6111094000259,false,קוסקוס דארי בינוני500גרם,דארי קוספטה אל-זהרה,MA,קוסקוס דארי,גרמים,500.00,100 גרם,false,1,9.80,1.96,true,1,
6487111125343,false,אדממה טבעי קלוי 100גרם,שונות,CN,אדממה טבעי קלוי,גרמים,100.00,100 גרם,false,0,9.80,9.80,true,1,
6487111125367,false,אדממה בנגיעות שום 100גרם,שונות,CN,אדממה שום,גרמים,100.00,100 גרם,false,0,9.80,9.80,true,1,
6487111125374,false,אדממה בנגיעות צילי 100גר,שונות,CN,אדממה צילי,גרמים,100.00,100 גרם,false,0,9.80,9.80,true,1,
6924421202017,false,פטריות שי-מג'י -יחידה,חוות פטריות תקוע,IL,פטריות שי מגי יח,יחידה,1.00,יחידה,false,0,13.00,13.00,true,1,
6928740700544,false,חטיף תפוחונים,,CN,חטיף תפוחונים,גרמים,22.00,100 גרם,false,0,4.90,22.27,true,1,
6930863251131,false,כף אשפה+מברשת,,IL,כף אשפה+מברשת,יחידה,1.00,יחידה,false,0,20.00,20.00,true,1,
6957666225220,false,תירס צעיר חתוך 400 גרם,פוג'יאן גואנג טונג פוד,Cn,תירס צעיר חתוך,גרמים,400.00,100 גרם,false,0,5.50,1.38,true,1,
7271730901261,false,ארוחת אטריות,,IL,ארוחת אטריות,גרמים,156.00,100 גרם,false,0,11.80,7.56,true,1,
7290000000022,true,עגבניות חממה,קטיף,IL,עגבניות חממה,קילוגרמים,0.00,"ק""ג",true,0,6.90,6.90,true,1,
7290000000046,true,מלפפונים,קטיף,IL,מלפפונים,קילוגרמים,0.00,"ק""ג",true,0,7.90,7.90,true,1,
7290000000053,true,קשואים,קטיף,IL,קשואים,קילוגרמים,0.00,"ק""ג",true,0,9.90,9.90,true,1,
7290000000084,true,פלפל בהיר,שותפות מזרחי,IL,פלפל בהיר,קילוגרמים,0.00,"ק""ג",true,0,10.90,10.90,true,1,
7290000000091,true,פלפל אדום,קטיף,IL,פלפל אדום,קילוגרמים,0.00,"ק""ג",true,0,10.90,10.90,true,1,
7290000000107,true,פלפל כהה,קטיף,IL,פלפל כהה,קילוגרמים,0.00,"ק""ג",true,0,10.90,10.90,true,1,
7290000000114,true,חצילים,קטיף,IL,חצילים,קילוגרמים,0.00,"ק""ג",true,0,9.90,9.90,true,1,
7290000000121,true,גזר ארוז,קטיף,IL,גזר ארוז,קילוגרמים,0.00,"ק""ג",true,0,5.90,5.90,true,1,
7290000000138,true,כרוב לבן,קטיף,IL,כרוב לבן,קילוגרמים,0.00,"ק""ג",true,0,5.90,5.90,true,1,
7290000000145,true,כרוב אדום,קטיף,IL,כרוב אדום,קילוגרמים,0.00,"ק""ג",true,0,6.90,6.90,true,1,
7290000000169,true,כרוב סיני-יח',קטיף,IL,כרוב סיני-יח',יחידה,1.00,יחידה,false,0,6.90,6.90,true,1,
7290000000176,true,כרובית,קטיף,IL,כרובית,קילוגרמים,0.00,"ק""ג",true,0,7.90,7.90,true,1,
7290000000183,true,סלק,קטיף,IL,סלק,קילוגרמים,0.00,"ק""ג",true,0,8.90,8.90,true,1,
7290000000190,true,לפת,קטיף,IL,לפת,קילוגרמים,0.00,"ק""ג",true,0,6.90,6.90,true,1,
7290000000206,true,צנון,קטיף,IL,צנון,קילוגרמים,0.00,"ק""ג",true,0,6.90,6.90,true,1,
7290000000220,true,קולורבי,קטיף,IL,קולורבי,קילוגרמים,0.00,"ק""ג",true,0,9.90,9.90,true,1,
7290000000282,true,חסה ערבית-יח',קטיף,IL,חסה ערבית-יח',יחידה,1.00,יחידה,false,0,5.90,5.90,true,1,
7290000000299,true,חסה עגולה-יח',קטיף,IL,חסה עגולה-יח',יחידה,1.00,יחידה,false,0,6.90,6.90,true,1,
7290000000350,true,פזיל-יח',קטיף,IL,פזיל-יח',יחידה,1.00,יחידה,false,0,6.00,6.00,true,1,
7290000000374,true,שמפניון-יח',קטיף,IL,שמפניון-יח',יחידה,1.00,יחידה,false,0,9.90,9.90,true,1,
7290000000411,true,שום - רביעייה במארז,קטיף,XX,שום - רביעייה במארז,יחידה,1.00,יחידה,false,0,8.00,8.00,true,1,
7290000000428,true,בטטות מובחר,קטיף,IL,בטטות מובחר,קילוגרמים,0.00,"ק""ג",true,0,9.90,9.90,true,1,
7290000000435,true,סלרי עלים -יח',קטיף,IL,סלרי עלים -יח',יחידה,1.00,יחידה,false,0,6.90,6.90,true,1,
7290000000442,true,נבטים סיניים-יח',קטיף,IL,נבטים סיניים-יח',יחידה,1.00,יחידה,false,0,7.00,7.00,true,1,
7290000000459,true,נבטי אלפלפא-יח',קטיף,IL,נבטי אלפלפא-יח',יחידה,1.00,יחידה,false,0,7.00,7.00,true,1,
7290000000466,true,בצל ירוק יח',קטיף,IL,בצל ירוק-יח',יחידה,1.00,יחידה,false,0,5.90,5.90,true,1,
7290000000480,true,בצל יבש,קטיף,IL,בצל יבש,קילוגרמים,0.00,"ק""ג",true,0,5.90,5.90,true,1,
7290000000503,true,תפוח אדמה קטן ארוז,קטיף,IL,"תפו""א קטן ארוז",קילוגרמים,0.00,"ק""ג",true,0,3.90,3.90,true,1,
7290000000510,true,פטרוזיליה יח',קטיף,IL,פטרוזיליה-יח',יחידה,1.00,יחידה,false,0,4.90,4.90,true,1,
7290000000527,true,שמיר יח',קטיף,IL,שמיר יח',יחידה,1.00,יחידה,false,0,4.90,4.90,true,1,
7290000000534,true,סלרי ראש יח',קטיף,IL,סלרי ראש-יח',יחידה,1.00,יחידה,false,0,6.90,6.90,true,1,
7290000000541,true,שורש יח',קטיף,IL,שורש יח',יחידה,1.00,יחידה,false,0,6.90,6.90,true,1,
7290000000558,true,כוסברה יח',קטיף,IL,כוסברה יח',יחידה,1.00,יחידה,false,0,4.90,4.90,true,1,
7290000000565,true,נענע יח',קטיף,IL,נענע יח',יחידה,1.00,יחידה,false,0,4.90,4.90,true,1,
7290000000572,true,שומר,קטיף,IL,שומר,קילוגרמים,0.00,"ק""ג",true,0,7.90,7.90,true,1,
7290000000589,true,"תפו""א ירושלמי",קטיף,IL,"תפו""א ירושלמי",קילוגרמים,0.00,"ק""ג",true,0,13.90,13.90,true,1,
7290000000619,true,פלפל חריף,שותפות מזרחי,IL,פלפל חריף,קילוגרמים,0.00,"ק""ג",true,0,10.90,10.90,true,1,
7290000000626,true,ברוקולי,קטיף,IL,ברוקולי,קילוגרמים,0.00,"ק""ג",true,0,15.90,15.90,true,1,
7290000000633,true,עירית יח',קטיף,IL,עירית-יח',יחידה,1.00,יחידה,false,0,6.00,6.00,true,1,
7290000000695,true,אספרגוס יחידה,קטיף,IL,אספרגוס יחידה,יחידה,1.00,יחידה,false,0,29.90,29.90,true,1,
7290000000701,true,פטריות למילוי שקילה,קטיף,IL,פטריות למילוי,קילוגרמים,0.00,"ק""ג",true,0,35.90,35.90,true,1,
7290000000718,true,פטריות חורש במשקל,קטיף,IL,פטריות חורש במשק,קילוגרמים,0.00,"ק""ג",true,0,35.90,35.90,true,1,
7290000000732,true,דלורית,קטיף,IL,דלורית,קילוגרמים,0.00,"ק""ג",true,0,9.90,9.90,true,1,
7290000000824,true,קשוא ירוק,קטיף,IL,קשוא ירוק,קילוגרמים,0.00,"ק""ג",true,0,9.90,9.90,true,1,
7290000000855,true,פלפל צהוב,קטיף,IL,פלפל צהוב,קילוגרמים,0.00,"ק""ג",true,0,10.90,10.90,true,1,
7290000001036,true,בצל יבש אדום,קטיף,XX,בצל יבש אדום,קילוגרמים,0.00,"ק""ג",true,0,6.90,6.90,true,1,
7290000001050,true,בזילקום-יח',קטיף,IL,בזילקום-יח',יחידה,1.00,יחידה,false,0,6.00,6.00,true,1,
7290000001104,true,פטריות חורש-יח',קטיף,IL,פטריות חורש-יח',יחידה,1.00,יחידה,false,0,9.90,9.90,true,1,
7290000001692,true,תפוח אדמה אדום ארוז,קטיף,IL,תפוח אדמה אדום ארוז,קילוגרמים,0.00,"ק""ג",true,0,5.50,5.50,true,1,
7290000001715,true,תפוא לבן ארוז,קטיף,IL,תפוא לבן ארוז,קילוגרמים,0.00,"ק""ג",true,0,4.90,4.90,true,1,
7290000001722,true,תפוח אדמה אדום תפזורת,קטיף,IL,"תפו""א אדום תפז'",קילוגרמים,0.00,"ק""ג",true,0,5.90,5.90,true,1,
7290000002019,true,לחם לבן 750 גרם,מאפיית שלמה א. אנג'ל,IL,לחם לבן 750 גרם,גרמים,750.00,100 גרם,false,0,5.07,0.68,true,1,
7290000002026,true,לחם אחיד 750 גרם,מאפית ברמן,IL,לחם אחיד 750 גרם,גרמים,750.00,100 גרם,false,0,5.07,0.68,true,1,
7290000002040,true,חלה רגילה 500 גרם,מאפית ברמן,IL,חלה רגילה,גרמים,500.00,100 גרם,false,0,5.11,1.02,true,1,
7290000011622,true,גבינה מגורדת,,IL,גבינה מגורדת,קילוגרמים,0.00,"ק""ג",true,0,41.00,41.00,true,1,
7290000020310,false,חמוצים שונים משקל,שופרסל,IL,חמוצים שונים,קילוגרמים,0.00,"ק""ג",true,0,69.00,69.00,true,1,
7290000020327,false,זית יווני/שחור משקל,שופרסל,IL,זית יווני/שחור משקל,קילוגרמים,0.00,"ק""ג",true,0,59.00,59.00,true,1,
7290000023007,false,"ברנדי שטוק 84 750 מ""ל",יקבי ברקן,IL,ברנדי שטוק 84,מיליליטרים,750.00,"100 מ""ל",false,0,69.90,9.32,true,1,
7290000023083,false,ערק אשקלון,,IL,ערק אשקלון,מיליליטרים,700.00,"100 מ""ל",false,0,54.90,7.84,true,1,
7290000023809,false,"ברקן קלאסיק קברנה 750מ""ל",יקבי ברקן,IL,קברנה קלאסיק,מיליליטרים,750.00,"100 מ""ל",false,0,33.50,4.47,true,1,
7290000024202,false,"ברקן רזרב קברנה 750 מ""ל",יקבי ברקן,IL,ברקן רזרב,מיליליטרים,750.00,"100 מ""ל",false,0,44.90,5.99,true,1,
7290000024523,false,תירוש של סגל 1 ליטר,יינות סגל,IL,תירוש של סגל,ליטרים,1.00,ליטר,false,0,12.50,12.50,true,1,
7290000024905,false,וודקה קגלביץ קלסיקה700מל,יקבי ברקן,IL,וודקה קגלביץ,מיליליטרים,700.00,"100 מ""ל",false,0,49.90,7.13,true,1,
7290000040042,false,יוגורט יופלה תות3% 150גר,תנובה,IL,יופלה תות 3%,גרמים,150.00,100 גרם,false,0,5.20,3.47,true,1,
7290000040080,false,יוגורט יופלה אפרסק3% 150,תנובה,IL,יופלה אפרסק3%,גרמים,150.00,100 גרם,false,0,5.20,3.47,true,1,
7290000040301,false,עין גדי קממבר24% 125 גר,תנובה,IL,עין גדי קממבר,גרמים,125.00,100 גרם,false,0,19.10,15.28,true,1,
7290000040318,false,גבי. עדי ברי רכה24% 125ג,תנובה,IL,גבינת עדי ברי24%,גרמים,125.00,100 גרם,false,0,20.00,16.00,true,1,
7290000040974,false,חלב טרי 2% דל לקטוז 1 ל,תנובה,IL,חלב טרי דל לקטוז,ליטרים,1.00,ליטר,false,0,7.20,7.20,true,1,
7290000041858,false,שמנת חמוצה15% מועשרת200,יטבתה,IL,שמנת חמוצה יטבתה,מיליליטרים,200.00,"100 מ""ל",false,0,2.40,1.20,true,1,
7290000041872,false,"לבן יטבתה 3% 200 מ""ל",יטבתה,IL,לבן יטבתה 3%,מיליליטרים,200.00,"100 מ""ל",false,0,2.00,1.00,true,1,
7290000042008,false,חלב מפוסטר 3%שקית 1 ל',תנובה,IL,חלב 3% בשקית,ליטרים,1.00,ליטר,false,0,5.00,5.00,true,1,
7290000042015,false,חלב 3% מהדרין שקית 1 ל',תנובה,IL,חלב 3% שקית,ליטרים,1.00,ליטר,false,0,5.00,5.00,true,1,
7290000042022,false,חלב על הבוקר1%קרט+.פקק1ל,תנובה,IL,חלב על הבוקר 1%,ליטרים,1.00,ליטר,false,0,9.40,9.40,true,1,
7290000042176,false,חלב שתיה1% שומן-כדית 2ל,תנובה,IL,חלב מיכל 1% שומן,ליטרים,2.00,ליטר,false,0,10.80,5.40,true,1,
7290000042244,false,חלב 3% שומן בכד 2 ליטר,תנובה,IL,חלב 3% כד 2 ליטר,ליטרים,2.00,ליטר,false,0,11.50,5.75,true,1,
7290000042435,false,חלב מפוסטר 1% בקרטון 1 ל,תנובה,IL,חלב %1 בקרטון,ליטרים,1.00,ליטר,false,0,5.40,5.40,true,1,
7290000042442,false,חלב מפוסטר 3% בקרטון 1 ל,תנובה,IL,חלב תנובה 3%,ליטרים,1.00,ליטר,false,0,5.75,5.75,true,1,
7290000042466,false,חלב מועשר 1% בקרטון 1 ל',תנובה,IL,חלב מועשר בקרטון,ליטרים,1.00,ליטר,false,0,9.30,9.30,true,1,
7290000042503,false,חלב עמיד הומוגני 3% 1 ל',תנובה,IL,חלב עמיד הומוגני 3% 1 ל',ליטרים,1.00,ליטר,false,0,6.70,6.70,true,1,
7290000042541,false,חלב עמיד 1% הומוגני 1 ל',תנובה,IL,חלב עמיד 1% הומוגני 1 ל',ליטרים,1.00,ליטר,false,0,8.00,8.00,true,1,
7290000042640,false,"חלב עמיד 3% שומן 250 מ""ל",תנובה,IL,חלב עמיד 3% שומן,מיליליטרים,250.00,"100 מ""ל",false,0,2.60,1.04,true,1,
7290000042855,false,"שוקו בשקית יוטבתה 225מ""ל",יטבתה,IL,שוקו בשקית,מיליליטרים,225.00,"100 מ""ל",false,0,2.60,1.16,true,1,
7290000043012,false,"שוקו שוק עמיד 250 מ""ל",תנובה,IL,שוקו עמיד,מיליליטרים,250.00,"100 מ""ל",false,0,4.40,1.76,true,1,
7290000043111,false,חמאה 200 גרם,תנובה,IL,חמאה תנובה,גרמים,200.00,100 גרם,false,0,7.60,3.80,true,1,
7290000043814,false,שמנת עמידה לקצפת38% 250מ,תנובה,IL,שמנת עמידה לקצפת,מיליליטרים,250.00,"100 מ""ל",false,0,5.95,2.38,true,1,
7290000043890,false,רויון 1.5% בקרטון 1ל,תנובה,IL,רויון בקרטון1.5%,ליטרים,1.00,ליטר,false,0,10.90,10.90,true,1,
7290000043944,false,יוגורט בכד 4% 1.5 ל',תנובה,IL,יוגורט בכד 4%,ליטרים,1.50,ליטר,false,0,16.00,10.67,true,1,
7290000044088,false,שלי קלאסיק 3%שומן 200 ג,תנובה,IL,שלי קלאסיק 3%לבן,גרמים,200.00,100 גרם,false,0,3.00,1.50,true,1,
7290000044248,false,רויון בקרטון 1.5% 500מ',תנובה,IL,רויון בקרטון,מיליליטרים,500.00,"100 מ""ל",false,0,6.20,1.24,true,1,
7290000044712,false,פרילי+תות שדה1.5% 500ג,תנובה,IL,פרילי תות-שדה,גרמים,500.00,100 גרם,false,0,10.50,2.10,true,1,
7290000044880,false,באדי מעדן תות 3% 500 גרם,תנובה,IL,מעדן באדי תות 3%,גרמים,500.00,100 גרם,false,0,9.10,1.82,true,1,
7290000045573,false,גבינת נעמה מותכת 25*8 גר,תנובה,IL,גבינת נעמה מותכת,גרמים,200.00,100 גרם,false,0,15.70,7.85,true,1,
7290000045580,false,גב.נעמה חורש מותכת 240ג,תנובה,IL,גבינת נעמה מותכת,גרמים,240.00,100 גרם,false,0,17.30,7.21,true,1,
7290000045771,false,יוגורט בכד 4.5% 3 ל',תנובה,IL,יוגורט בכד4.5%,ליטרים,3.00,ליטר,false,0,29.60,9.87,true,1,
7290000045917,false,גב.קולאז פרומעז 23% 200ג,תנובה,IL,גבינת פרומעז,גרמים,200.00,100 גרם,false,0,26.70,13.35,true,1,
7290000046006,false,גב.עמק 28% במשקל,תנובה,IL,גב.עמק 28% במשקל,קילוגרמים,0.00,"ק""ג",true,0,41.30,41.30,true,1,
7290000046020,false,גב.גלבוע 22% במשקל,תנובה,IL,גב.גלבוע 22% במשקל,קילוגרמים,0.00,"ק""ג",true,0,39.25,39.25,true,1,
7290000046303,false,גב.גוש חלב פרוסה 200 גר,תנובה,IL,גבינת גוש חלב,גרמים,200.00,100 גרם,false,0,14.30,7.15,true,1,
7290000046327,false,גב.גלבוע פרוסות22% 200גר,תנובה,IL,גבינת גלבוע פרוס,גרמים,200.00,100 גרם,false,0,12.60,6.30,true,1,
7290000046501,false,"גב.טל העמק 1 ק""ג במשקל",תנובה,IL,"גב.טל העמק 1 ק""ג במשקל",גרמים,0.00,"ק""ג",true,0,57.00,57.00,true,1,
7290000046563,false,גב.קולאז' פרמזן 23%במשקל,תנובה,IL,גב.קולאז' פרמזן 23%במשקל,גרמים,0.00,"ק""ג",true,0,110.00,110.00,true,1,
7290000046662,false,גב.קשה סקנדינבית31%משקל,תנובה,IL,גב.קשה סקנדינבית31%משקל,קילוגרמים,0.00,"ק""ג",true,0,74.00,74.00,true,1,
7290000047485,false,גב.בולגרית 24%במשקל,תנובה,IL,גב.בולגרית 24%במשקל,קילוגרמים,0.00,"ק""ג",true,0,59.00,59.00,true,1,
7290000047546,false,גב.כנען 5% 500 גרם,תנובה,IL,גבינת כנען 5%,גרמים,500.00,100 גרם,false,0,23.50,4.70,true,1,
7290000048185,false,גב.לבנה רכה 5% שומן 250ג,תנובה,IL,גבינה לבנה 5%,גרמים,250.00,100 גרם,false,0,4.60,1.84,true,1,
7290000048192,false,גב.לבנה רכה 9% 250 גרם,תנובה,IL,גבינה לבנה 9%,גרמים,250.00,100 גרם,false,0,4.80,1.92,true,1,
7290000048307,false,קוטג' 5% עם זיתים 250 גר,תנובה,IL,קוטג' עם זיתים5%,גרמים,250.00,100 גרם,false,0,5.90,2.36,true,1,
7290000048413,false,גב.חמד פיראוס16% 250 גר,תנובה,IL,גבינה מלוחה 16%,גרמים,250.00,100 גרם,false,0,18.20,7.28,true,1,
7290000048437,false,גבי. צפתית פיראוס5% 200ג,תנובה,IL,גבינה צפתית 5%,גרמים,200.00,100 גרם,false,0,15.90,7.95,true,1,
7290000049458,false,פטה עיזים פיראוס16% 250ג,תנובה,IL,פטה עיזים פיראוס,גרמים,250.00,100 גרם,false,0,28.10,11.24,true,1,
7290000050065,false,"יופלה 360 קלאסי 100*6מ""ל",תנובה,IL,יופלה 360 קלאסי,מיליליטרים,600.00,"100 מ""ל",false,0,10.00,1.67,true,1,
7290000050072,false,"יופלה 360 תות 100*6 מ""ל",תנובה,IL,יופלה 360 תות,מיליליטרים,600.00,"100 מ""ל",false,0,10.00,1.67,true,1,
7290000050270,false,פיראוס צפתית עיזים5% 200,תנובה,IL,פיראוס צפתית 5%,גרמים,200.00,100 גרם,false,0,19.00,9.50,true,1,
7290000050300,false,גבינה לבנה 5%,,IL,גבינה לבנה 5%,גרמים,125.00,100 גרם,false,0,2.50,2.00,true,1,
7290000050447,false,יופלה תות 500 גרם,תנובה,IL,יופלה תות,גרמים,500.00,100 גרם,false,0,13.80,2.76,true,1,
7290000050454,false,יופלה אפרסק 500 גרם,תנובה,IL,יופלה אפרסק,גרמים,500.00,100 גרם,false,0,13.80,2.76,true,1,
7290000050997,false,יופלה שטוזים בננה 100*4ג,תנובה,IL,יופלה שטוזים 4יח,גרמים,400.00,100 גרם,false,0,10.50,2.63,true,1,
7290000051024,false,יופלה שטוזים תות 100*4גר,תנובה,IL,יופלה שטוזים 4יח,גרמים,400.00,100 גרם,false,0,10.50,2.63,true,1,
7290000051352,false,חלב של פעם מלא3.6%-4% 1ל,תנובה,IL,חלב של פעם מלא,ליטרים,1.00,ליטר,false,0,7.50,7.50,true,1,
7290000051376,false,יופלה דיאט אננס 0% 150גר,תנובה,IL,יופלה דיאט אננס,גרמים,150.00,100 גרם,false,0,5.20,3.47,true,1,
7290000051710,false,לבנה+שמן זית וזעתר 263גר,תנובה,IL,לאבנה פיראוס,גרמים,263.00,100 גרם,false,0,13.80,5.25,true,1,
7290000051772,false,מעדן דיאט שוק.קוקוס 150ג,תנובה,IL,מעדן תנובה דיאט,גרמים,150.00,100 גרם,false,0,3.80,2.53,true,1,
7290000052250,false,יופלהYYYפירות יער3% 500ג,תנובה,IL,יופלה YYY פ.יער,גרמים,500.00,100 גרם,false,0,13.80,2.76,true,1,
7290000052298,false,משקה מוקה בקבוק 1 ליטר,תנובה,,משקה מוקה בקבוק,מיליליטרים,1000.00,"100 מ""ל",false,0,10.00,1.00,true,1,
7290000052304,false,"משקה מוקה בקבוק 340 מ""ל",תנובה,IL,משקה מוקה בקבוק,מיליליטרים,340.00,"100 מ""ל",false,0,6.80,2.00,true,1,
7290000052311,false,עמק 15% פרוס בקופסא 200,תנובה,IL,עמק 15% פרוס,גרמים,200.00,100 גרם,false,0,15.90,7.95,true,1,
7290000052649,false,פיראוס לבנה 5% 500 גרם,תנובה,IL,פיראוס לבנה 5%,גרמים,500.00,100 גרם,false,0,20.30,4.06,true,1,
7290000052717,false,קוטג' +שום שמיר,,IL,קוטג' +שום שמיר,גרמים,250.00,100 גרם,false,0,5.90,2.36,true,1,
7290000053127,false,עמק חריץ 15% שומן במשקל,,IL,עמק חריץ 15% שומן במשקל,קילוגרמים,0.00,"ק""ג",true,0,65.00,65.00,true,1,
7290000053271,false,עמק עיזים,,IL,עמק עיזים,גרמים,200.00,100 גרם,false,0,20.00,10.00,true,1,
7290000054513,false,שטוזים בטעמים 100*8ג,תנובה,IL,יופלה שטוזים 8יח,גרמים,800.00,100 גרם,false,0,15.90,1.99,true,1,
7290000054742,false,יופלה+מכסה דגנים 170*4גר,תנובה,IL,יופלה עם מכסה4יח,גרמים,680.00,100 גרם,false,0,16.80,2.47,true,1,
7290000054995,false,יוגורט עיזים פיראוס 500מ,תנובה,IL,יוגורט עיזים,מיליליטרים,500.00,"100 מ""ל",false,0,12.20,2.44,true,1,
7290000055015,false,פיראוס פטה כבשים 5% 250ג,תנובה,IL,פיראוס פטה כבשים,גרמים,250.00,100 גרם,false,0,28.10,11.24,true,1,
7290000055206,false,גבינה לבנה 5%,,IL,גבינה לבנה 5%,גרמים,250.00,100 גרם,false,0,5.50,2.20,true,1,
7290000055329,false,משקה יוגורט תות-מלון250ג,תנובה,IL,משקה יוגורט,גרמים,250.00,100 גרם,false,0,5.90,2.36,true,1,
7290000055336,false,משקה יוגורט בננ.אפרסק250,תנובה,IL,משקה יוגורט,גרמים,250.00,100 גרם,false,0,5.90,2.36,true,1,
7290000055343,false,משקה יוגורט טרופי 250גרם,תנובה,IL,משקה יוגורט,גרמים,250.00,100 גרם,false,0,5.90,2.36,true,1,
7290000055350,false,גבינת עמק 28% חריץ במשקל,תנובה,IL,גבינת עמק 28%,קילוגרמים,0.00,"ק""ג",true,1,41.30,41.30,true,1,
7290000055411,false,משקה אורז עמיד 1 ליטר,סויה מג'יק עפולה,IL,משקה אורז עמיד,ליטרים,1.00,ליטר,false,1,13.90,13.90,true,1,
7290000055428,false,משקה שקדים עמיד 1 ליטר,סויה מג'יק עפולה,IL,משקה שקדים עמיד,ליטרים,1.00,ליטר,false,1,13.90,13.90,true,1,
7290000055565,false,שלגונים מצופים 10 כשלפ,נסטלה,IL,שלגונים מצופים 10 כשלפ,גרמים,600.00,100 גרם,false,0,32.40,5.40,true,1,
7290000056272,false,גבינה לבנה 5%,,,גבינה לבנה 5%,גרמים,250.00,100 גרם,false,0,5.50,2.20,true,1,
7290000056753,false,גבינה עמק 200 גר,,IL,גבינה עמק 200 גר,גרמים,200.00,100 גרם,false,0,15.90,7.95,true,1,
7290000056845,false,חלב טרי הומוגני3% 1.5ל',תנובה,,חלב תנובה 3%,ליטרים,1.50,ליטר,false,0,8.62,5.75,true,1,
7290000056883,false,יופלה 3% טעמים 150*8גרם,תנובה,IL,יופלה 8 יח במארז,קילוגרמים,1.20,"ק""ג",false,0,31.20,26.00,true,1,
7290000056890,false,יופלה אננס/דובד%0 150*8ג,תנובה,IL,יופלה 0% 8 יח,קילוגרמים,1.20,"ק""ג",false,0,31.20,26.00,true,1,
7290000056906,false,יופלה לבן 1.5% 150*8גרם,תנובה,IL,יופלה לבן 1.5%,קילוגרמים,1.20,"ק""ג",false,0,17.90,14.92,true,1,
7290000056951,false,שמנת לבישול 15%,,,שמנת לבישול 15%,מיליליטרים,500.00,"100 מ""ל",false,0,16.20,3.24,true,1,
7290000056968,false,שמנת38%,,,שמנת38%,מיליליטרים,500.00,"100 מ""ל",false,0,11.90,2.38,true,1,
7290000057088,false,גבינת עמק דק 28% 200 גרם,תנובה,IL,גבינת עמק דק 28%,גרמים,200.00,100 גרם,false,0,15.90,7.95,true,1,
7290000057118,false,גבינת עמק פרוסה,,,גבינת עמק פרוסה,גרמים,400.00,100 גרם,false,0,22.20,5.55,true,1,
7290000057132,false,יוגורט תנובה1.5%,,,יוגורט תנובה1.5%,גרמים,200.00,100 גרם,false,0,3.10,1.55,true,1,
7290000057149,false,יוגורט תנובה 3% 200 גרם,תנובה,,יוגורט תנובה 3%,גרמים,200.00,100 גרם,false,0,3.10,1.55,true,1,
7290000057651,false,גבינת קרם שמנת+5%בצל200ג,תנובה,IL,גבינת קרם שמנת,גרמים,200.00,100 גרם,false,0,11.80,5.90,true,1,
7290000058030,false,8שטוזים משקה תות,,IL,8שטוזים משקה תות,מיליליטרים,800.00,"100 מ""ל",false,0,20.90,2.61,true,1,
7290000058283,false,גבינת עיזים 5%,,,גבינת עיזים 5%,גרמים,240.00,100 גרם,false,0,12.90,5.38,true,1,
7290000060088,false,בייגלה מקלות מלוחים400גר,אסם,IL,בייגלה מקלות,גרמים,400.00,100 גרם,false,0,7.90,1.98,true,1,
7290000060156,false,אטריות ביצים דקות 200 גר,אסם,IL,אטריות ביצים,גרמים,200.00,100 גרם,false,0,8.80,4.40,true,1,
7290000060163,false,אטריות דקות 400 גרם,אסם,IL,אטריות דקות,גרמים,400.00,100 גרם,false,0,7.50,1.88,true,1,
7290000060200,false,פתיתים אפויים קוסקוס500ג,אסם,IL,פתיתים אפויים,גרמים,500.00,100 גרם,false,0,7.80,1.56,true,1,
7290000060217,false,פסטה מקרוני 7 500 גרם,זארה,IT,פסטה מקרוני 7,גרמים,500.00,100 גרם,false,0,6.20,1.24,true,1,
7290000060248,false,פסטה אסם תלתלים 500 גרם,זארה,IT,פסטה תלתלים,גרמים,500.00,100 גרם,false,0,6.20,1.24,true,1,
7290000060316,false,ספגטי פרפקטו 500 גרם,זארה,IT,ספגטי פרפקטו,גרמים,500.00,100 גרם,false,0,8.50,1.70,true,1,
7290000060330,false,ספירלי פרפקטו 500 גרם,זארה,IT,ספירלי פרפקטו,גרמים,500.00,100 גרם,false,0,8.50,1.70,true,1,
7290000060415,false,לזניה פרפקטו 500 גרם,פסטה לנסי,IT,לזניה פרפקטו,גרמים,500.00,100 גרם,false,0,15.40,3.08,true,1,
7290000060576,false,"פתיתים אפויים""כוכבים500""",אסם,IL,פתיתים אפויים,גרמים,500.00,100 גרם,false,0,7.80,1.56,true,1,
7290000060781,false,פסטה מסולסלת אסם 500 גרם,זארה,IT,פסטה מסולסלת,גרמים,500.00,100 גרם,false,0,6.20,1.24,true,1,
7290000060828,false,פסטה קרניים בינוניות500ג,זארה,IT,פסטה קרניים,גרמים,500.00,100 גרם,false,0,6.20,1.24,true,1,
7290000060842,false,פסטה צדפים גדולים 500 גר,זארה,IT,פסטה צדפים אסם,גרמים,500.00,100 גרם,false,0,6.20,1.24,true,1,
7290000060859,false,פסטה צדפים אסם 500 גרם,זארה,IT,פסטה צדפים,גרמים,500.00,100 גרם,false,0,6.20,1.24,true,1,
7290000060880,false,פסטה ספגטי מס 8 אסם 500ג,זארה,IT,ספגטי מס' 8,גרמים,500.00,100 גרם,false,0,6.20,1.24,true,1,
7290000060903,false,פתיתים אפויים אורז 500 ג,אסם,IL,פתיתים אפויים,גרמים,500.00,100 גרם,false,0,7.80,1.56,true,1,
7290000060958,false,אטריות בינוניות 400 גרם,אסם,IL,אטריות בינוניות,גרמים,400.00,100 גרם,false,0,7.50,1.88,true,1,
7290000060965,false,אטריות רחבות 400 גרם,אסם,IL,אטריות רחבות,גרמים,400.00,100 גרם,false,0,7.50,1.88,true,1,
7290000060972,false,אטריות דקיקות אסם 400 גר,זארה,IT,אטריות דקיקות,גרמים,400.00,100 גרם,false,0,7.50,1.88,true,1,
7290000061085,false,"רוטב צ'ילי מתוק 290 מ""ל",אסם,IL,רוטב צ'ילי אסם,מיליליטרים,290.00,"100 מ""ל",false,0,11.60,4.00,true,1,
7290000061108,false,"רוטב טריאקי אסם 290 מ""ל",אסם,IL,רוטב טריאקי,מיליליטרים,290.00,"100 מ""ל",false,0,11.60,4.00,true,1,
7290000061283,false,שקדי מרק 400 גרם25%+חינם,אסם,IL,שקדי מרק,גרמים,500.00,100 גרם,false,0,10.00,2.00,true,1,
7290000061764,false,נסקפה רד מאג 200 גרם,נסטלה,ES,נסקפה רד מאג,גרמים,200.00,100 גרם,false,0,24.70,12.35,true,1,
7290000062242,false,דובונים שמנת בצל 40 גרם,אסם,IL,דובונים שמנת בצל,גרמים,40.00,100 גרם,false,0,4.90,12.25,true,1,
7290000063102,false,קמח תופח מאליו 350 גרם,אסם,IL,קמח תופח מאליו,גרמים,350.00,100 גרם,false,0,5.80,1.66,true,1,
7290000063133,false,שקדי מרק רכיבים טבעי100ג,אסם,IL,שקדי מרק אסם,גרמים,100.00,100 גרם,false,0,6.30,6.30,true,1,
7290000063140,false,שקדי מרק רכיבים טבעי400ג,אסם,IL,שקדי מרק אסם,גרמים,400.00,100 גרם,false,0,10.00,2.50,true,1,
7290000063157,false,"קמח תופח מאליו 1 ק""ג",אסם,IL,קמח תופח מאליו,קילוגרמים,1.00,"ק""ג",false,0,10.30,10.30,true,1,
7290000063294,false,סירופ ויטמינצ'יק ענבים2ל,בית השיטה,IL,ויטמינצ'יק ענבים,ליטרים,2.00,ליטר,false,0,24.70,12.35,true,1,
7290000064758,false,קוסקוס בינוני 350 גרם,קוסקוס מזון,IL,קוסקוס בינוני,גרמים,350.00,100 גרם,false,0,8.80,2.51,true,1,
7290000064871,false,מנה חמה פירה בצל 56 גרם,אסם,IL,מנה חמה פירה,גרמים,56.00,100 גרם,false,0,7.50,13.39,true,1,
7290000065090,false,מיני קרוטונים מתובל400 ג,עינת,IL,מיני קרוטונים,גרמים,400.00,100 גרם,false,0,26.50,6.63,true,1,
7290000065267,false,קראנץ רולס 450 גרם,אסם,IL,קראנץ רולס,גרמים,450.00,100 גרם,false,0,18.90,4.20,true,1,
7290000065717,false,סירופ ויטמינצ'יק פטל 1ל',בית השיטה,IL,ויטמינצ'יק פטל,ליטרים,1.00,ליטר,false,0,13.80,13.80,true,1,
7290000065724,false,סירופ ויטמינצ'יק לימון1ל,בית השיטה,IL,ויטמינצ'יק לימון,ליטרים,1.00,ליטר,false,0,13.80,13.80,true,1,
7290000066134,false,ביסלי פלאפל 70 גרם,אסם,IL,ביסלי פלאפל,גרמים,70.00,100 גרם,false,0,4.50,6.43,true,1,
7290000066141,false,ביסלי גריל 70 גרם,אסם,IL,ביסלי גריל,גרמים,70.00,100 גרם,false,0,4.50,6.43,true,1,
7290000066158,false,ביסלי בצל 67 גרם,אסם,IL,ביסלי בטעם בצל,גרמים,67.00,100 גרם,false,0,4.50,6.72,true,1,
7290000066165,false,ביסלי ברביקיו 67 גרם,אסם,IL,ביסלי ברביקיו,גרמים,67.00,100 גרם,false,0,4.50,6.72,true,1,
7290000066172,false,ביסלי פיצה 70 גרם,אסם,IL,ביסלי פיצה,גרמים,70.00,100 גרם,false,0,4.50,6.43,true,1,
7290000066189,false,ביסלי פלאפל 200 גרם,אסם,IL,ביסלי פלאפל,גרמים,200.00,100 גרם,false,0,7.50,3.75,true,1,
7290000066196,false,ביסלי גריל 200 גרם,אסם,IL,ביסלי גריל,גרמים,200.00,100 גרם,false,0,7.50,3.75,true,1,
7290000066202,false,ביסלי בצל 190 גרם,אסם,IL,ביסלי בטעם בצל,גרמים,190.00,100 גרם,false,0,7.50,3.95,true,1,
7290000066219,false,ביסלי ברביקיו 190 גרם,אסם,IL,ביסלי ברביקיו,גרמים,190.00,100 גרם,false,0,7.50,3.95,true,1,
7290000066226,false,ביסלי פיצה 200 גרם,אסם,IL,ביסלי בטעם פיצה,גרמים,200.00,100 גרם,false,0,7.50,3.75,true,1,
7290000066264,false,דובונים-חטיפים מלוחים40ג,אסם,IL,חטיפי דובונים,גרמים,40.00,100 גרם,false,0,4.90,12.25,true,1,
7290000066295,false,במבה מתוקה 30 גרם,אסם,IL,במבה מתוקה,גרמים,30.00,100 גרם,false,0,2.90,9.67,true,1,
7290000066318,false,במבה 80 גרם,אסם,IL,במבה,גרמים,80.00,100 גרם,false,0,4.90,6.13,true,1,
7290000066332,false,אפרופו 50 גרם,אסם,IL,חטיף אפרופו,גרמים,50.00,100 גרם,false,0,5.80,11.60,true,1,
7290000066349,false,אפרופו 100 גרם,אסם,IL,אפרופו חטיף תירס,גרמים,100.00,100 גרם,false,0,9.30,9.30,true,1,
7290000066431,false,פופקו בטעם חמאה ודבש80גר,אסם,IL,חטיף פופקו,גרמים,80.00,100 גרם,false,0,5.50,6.88,true,1,
7290000066943,false,סירופ ויטמינצ'יק ענבים1ל,בית השיטה,IL,ויטמינצ'יק ענבים,ליטרים,1.00,ליטר,false,0,13.80,13.80,true,1,
7290000066950,false,"ויטמינצ'יק סירופ תפו""ע1ל",בית השיטה,IL,"ויטמינצ'יק תפו""ע",ליטרים,1.00,ליטר,false,0,13.80,13.80,true,1,
7290000067070,false,עוג.מיני ממולא.שוקולד300,אסם,IL,עוגיות ממולאות,גרמים,300.00,100 גרם,false,0,12.90,4.30,true,1,
7290000067544,false,פירורית זהב 200 גרם,עינת,IL,פירורית זהב,גרמים,200.00,100 גרם,false,0,6.90,3.45,true,1,
7290000067599,false,מנה חמה ספגטי בולונז 65ג,אסם,IL,מנה חמה בולונז,גרמים,65.00,100 גרם,false,0,7.50,11.54,true,1,
7290000067735,false,"ניוקי תפו""א 500 גרם",איטלניוקי,IT,ניוקי פרפקטו,גרמים,500.00,100 גרם,false,0,12.80,2.56,true,1,
7290000068138,false,אינסטנט פודינג וניל 80גר,אסם,IL,אינסטנט פודינג,גרמים,80.00,100 גרם,false,0,5.70,7.13,true,1,
7290000068169,false,אינסטנט פודינג שוקולד95ג,אסם,IL,אינסטנט פודינג,גרמים,95.00,100 גרם,false,0,5.70,6.00,true,1,
7290000068190,false,ג'לי בטעם תות 90 גרם,אסם,IL,ג'לי בטעם תות,גרמים,90.00,100 גרם,false,0,7.50,8.33,true,1,
7290000068237,false,ג'לי בטעם פטל 85 גרם,אסם,IL,ג'לי בטעם פטל,גרמים,85.00,100 גרם,false,0,7.50,8.82,true,1,
7290000068343,false,פריכונים מאורז מלא 140גר,"פרח תעשיות מזון בע""מ",IL,פריכונים מאורז,גרמים,140.00,100 גרם,false,0,8.20,5.86,true,1,
7290000068701,false,שקדי מרק במיכל 400 גרם,אסם,IL,שקדי מרק במיכל,גרמים,400.00,100 גרם,false,0,17.10,4.28,true,1,
7290000068770,false,"במבה יום הולדת 80ג בד""צ",אסם,IL,במבה יום הולדת,גרמים,80.00,100 גרם,false,0,4.90,6.13,true,1,
7290000068787,false,"במבה יום הולדת 25ג בד""צ",אסם,IL,"במבה יום הולדת 25ג בד""צ",גרמים,25.00,100 גרם,false,0,2.50,10.00,true,1,
7290000068893,false,במבה נוגט 60*4 גרם,אסם,IL,במבה נוגט 4 יח',גרמים,240.00,100 גרם,false,0,18.30,7.63,true,1,
7290000069258,false,פנה ריגאטה פרפקטו 500 גר,זארה,IT,פנה ריגאטה,גרמים,500.00,100 גרם,false,0,8.50,1.70,true,1,
7290000070308,false,מרק עוף אמיתי 400 גרם,אסם,IL,מרק עוף אמיתי,גרמים,400.00,100 גרם,false,0,15.90,3.98,true,1,
7290000072081,false,פירורית זהב 350*2 גרם,עינת,IL,פירורית זהב 2 יח,גרמים,700.00,100 גרם,false,0,11.90,1.70,true,1,
7290000072203,false,רוטב אלף האיים אסם 290מל,אסם,IL,רוטב אלף האיים,מיליליטרים,290.00,"100 מ""ל",false,0,11.50,3.97,true,1,
7290000072227,false,"רוטב סויה סיני 290 מ""ל",אסם,IL,רוטב סויה,מיליליטרים,290.00,"100 מ""ל",false,0,11.60,4.00,true,1,
7290000072623,false,קטשופ בקבוק לחיץ 750 גרם,אסם,IL,קטשופ בקבוק לחיץ,גרמים,750.00,100 גרם,false,0,11.90,1.59,true,1,
7290000072630,false,קטשופ חריף 750 גרם,אסם,IL,קטשופ חריף,גרמים,750.00,100 גרם,false,0,15.80,2.11,true,1,
7290000072692,false,רוטב ספגטי 500 גרם,אסם,IL,רוטב ספגטי אסם,גרמים,500.00,100 גרם,false,0,16.00,3.20,true,1,
7290000072753,false,נסקפה טסטר'ס צ'ויס200ג,נסטלה,KR,נסקפה טסטרס צויס,גרמים,200.00,100 גרם,false,0,36.90,18.45,true,1,
7290000072760,false,קפה טסטר'ס צ'ויס 100גר,נסטלה,KR,קפה טסטרס צ'ויס,גרמים,100.00,100 גרם,false,0,28.70,28.70,true,1,
7290000072777,false,טסטרס צ'ויס נט.קפאין200,נסטלה,KR,קפה טסטרס צויס,גרמים,200.00,100 גרם,false,0,39.60,19.80,true,1,
7290000072784,false,טסטרס צ'ויס נט.קפאין100ג,נסטלה,KR,קפה טסטרס צויס,גרמים,100.00,100 גרם,false,0,29.60,29.60,true,1,
7290000072968,false,סיני מיניס 500 גרם,נסטלה,PL,דגני נסטלה,גרמים,500.00,100 גרם,false,0,18.90,3.78,true,1,
7290000073415,false,מ.חמה פסטה ברוטב פיצה,אסם,IL,מנה חמה פסטה,גרמים,61.00,100 גרם,false,0,7.50,12.30,true,1,
7290000073767,false,מ.חמה נודלס טעם בקר70ג,טאי רזידנט,TH,מנה חמה נודלס,גרמים,70.00,100 גרם,false,0,7.80,11.14,true,1,
7290000073835,false,צ'יפסי 4 * 50 גרם,אסם,IL,צ'יפסי 4 יחידות,גרמים,200.00,100 גרם,false,0,12.70,6.35,true,1,
7290000073972,false,סלט טחינה צבר 150 גרם,צבר,IL,סלט טחינה צבר,גרמים,150.00,100 גרם,false,0,7.00,4.67,true,1,
7290000074153,false,פתי בר בטעם שוקולד500גרם,אסם,IL,פתי בר שוקו,גרמים,500.00,100 גרם,false,0,15.00,3.00,true,1,
7290000074184,false,ביסקוויט פתי בר 500 גרם,אסם,IL,ביסקוויט פתי בר,גרמים,500.00,100 גרם,false,0,12.00,2.40,true,1,
7290000074245,false,קרם קרקר 250 גרם,אסם,IL,קרם קרקר אסם,גרמים,250.00,100 גרם,false,0,10.40,4.16,true,1,
7290000074252,false,קרקר שומשום 250 גרם,אסם,IL,קרקר שומשום אסם,גרמים,250.00,100 גרם,false,0,10.60,4.24,true,1,
7290000074290,false,לחמית סובין 230 גרם,אסם,IL,לחמית אסם,גרמים,230.00,100 גרם,false,0,9.90,4.30,true,1,
7290000074375,false,קרקר זהב 150 גרם,אסם,IL,קרקר זהב אסם,גרמים,150.00,100 גרם,false,0,8.10,5.40,true,1,
7290000074481,false,לחמית אגוזים 160 גרם,אסם,IL,לחמית אגוזים,גרמים,160.00,100 גרם,false,0,11.60,7.25,true,1,
7290000074641,false,סלט כרוב אדום צבר 140 גר,צבר,IL,כרוב אדום צבר,גרמים,140.00,100 גרם,false,0,6.90,4.93,true,1,
7290000074962,false,עוג.מיני שוקוצ'יפס 225גר,כרמית,IL,עוגיות שוקוצ'יפס,גרמים,225.00,100 גרם,false,0,11.60,5.16,true,1,
7290000075143,false,עוג. שוקוצ'יפס קלאסי200ג,אסם,IL,עוגיות שוקוצ'יפס,גרמים,200.00,100 גרם,false,0,12.70,6.35,true,1,
7290000075204,false,לחמית חיטה מלאה 250 גרם,אסם,IL,לחמית חיטה מלאה,גרמים,250.00,100 גרם,false,0,9.90,3.96,true,1,
7290000075372,false,פיטנס שקדים ודבש 355*2גר,נסטלה,FR,פיטנס זוג,גרמים,710.00,100 גרם,false,0,37.60,5.30,true,1,
7290000076126,false,בייגלה שמיניות קטנות80גר,אסם,IL,בייגלה שמיניות,גרמים,80.00,100 גרם,false,0,3.50,4.38,true,1,
7290000076157,false,נסקוויק אבקה להכ.שוקו450,אסם,IL,נסקוויק שוקו,גרמים,450.00,100 גרם,false,0,16.20,3.60,true,1,
7290000077017,false,קרמוגית ממולא שוקו200.גר,אסם,IL,קרמוגית שוקולד,גרמים,200.00,100 גרם,false,0,12.70,6.35,true,1,
7290000077253,false,לחמית כפרית 190 גרם,אסם,IL,לחמית כפרית,גרמים,190.00,100 גרם,false,0,11.60,6.11,true,1,
7290000078212,false,קרוטונים מתובלים 250גרם,עינת,IL,קרוטונים מתובל,גרמים,250.00,100 גרם,false,0,15.80,6.32,true,1,
7290000078762,false,חטיפי פריכונים עם דבש80ג,הרטו,BE,חטיפי פריכונים,גרמים,80.00,100 גרם,false,0,8.20,10.25,true,1,
7290000079233,false,קרם קרקר דל נתרן 250 גרם,אסם,IL,קרם קרקר דיאט,גרמים,250.00,100 גרם,false,0,11.60,4.64,true,1,
7290000080505,false,סלט טורקי רפי כהן 400 גר,צבר,IL,סלט טורקי,גרמים,400.00,100 גרם,false,0,17.50,4.38,true,1,
7290000080529,false,קישוא+בצל מטוגן רפי400גר,צבר,IL,סלט קישואים,גרמים,400.00,100 גרם,false,0,17.50,4.38,true,1,
7290000080536,false,חציל טעם כבד רפי כהן400ג,צבר,IL,חציל טעם כבד תבר,גרמים,400.00,100 גרם,false,0,17.50,4.38,true,1,
7290000080758,false,טוסטעים פת קלויה 100 גרם,ון דר מולן,NL,טוסטעים פת קלוי,גרמים,100.00,100 גרם,false,0,11.40,11.40,true,1,
7290000081168,false,חטיף צ'יפסי מלוח 50 גרם,אסם,IL,חטיף צ'יפסי,גרמים,50.00,100 גרם,false,0,3.50,7.00,true,1,
7290000081663,false,בייגלה טבעות שומשום300גר,אסם,IL,בייגלה טבעות,גרמים,300.00,100 גרם,false,0,7.90,2.63,true,1,
7290000090030,true,מאפה נפולאון מחיר לפי מש,גידרון,IL,מאפה נפולאון מחיר לפי מש,קילוגרמים,0.00,"ק""ג",true,0,45.00,45.00,true,1,
7290000090061,true,בורקס יווני+זית חלב משקל,גידרון,IL,בורקס יווני חלבי,קילוגרמים,0.00,"ק""ג",true,0,43.00,43.00,true,1,
7290000090504,true,מאפה צרפתי+גב.במשקל חלבי,גידרון,IL,מאפה צרפתי+גבי,קילוגרמים,0.00,"ק""ג",true,0,45.00,45.00,true,1,
7290000090603,true,פוקצה עם ירקות קפוא,גידרון,IL,פוקצה עם ירקות,יחידה,1.00,יחידה,false,0,8.80,8.80,true,1,
7290000090627,true,לחמניה מתוקה,גידרון,IL,לחמניה מתוקה,יחידה,1.00,יחידה,false,0,2.30,2.30,true,1,
7290000090689,true,פוקצה עם זיתים קפוא,גידרון,IL,פוקצה עם זית,יחידה,1.00,יחידה,false,0,8.80,8.80,true,1,
7290000090832,true,בייגל אמריקאי רגיל,גידרון,IL,בייגל אמריקאי,יחידה,1.00,יחידה,false,0,4.20,4.20,true,1,
7290000091808,true,בייגל שמינייה,גידרון,IL,בייגל שמינייה,יחידה,1.00,יחידה,false,0,4.20,4.20,true,1,
7290000092201,true,כיס גבינה משקל,גידרון,IL,כיס גבינה משקל,קילוגרמים,0.00,"ק""ג",true,0,45.00,45.00,true,1,
7290000092218,true,"כיס תפו""ע מחיר לפי משקל",גידרון,IL,"כיס תפו""ע מחיר לפי משקל",קילוגרמים,0.00,"ק""ג",true,0,45.00,45.00,true,1,
7290000092249,true,כיס אוכמניות לפי משקל,גידרון,IL,מאפה כיס אכמני,קילוגרמים,0.00,"ק""ג",true,0,45.00,45.00,true,1,
7290000092614,true,טורקי פטריות במשקל,גידרון,IL,טורקי פטריות,קילוגרמים,0.00,"ק""ג",true,0,43.00,43.00,true,1,
7290000093031,true,לחם ג'בטה,גידרון,IL,לחם ג'בטה,יחידה,1.00,יחידה,false,0,7.30,7.30,true,1,
7290000093253,true,חטיף פיצה חלבי במשקל,גידרון,IL,חטיפי פיצה,קילוגרמים,0.00,"ק""ג",true,0,43.00,43.00,true,1,
7290000093307,true,חטיף קשקבל חלבי במשקל,גידרון,IL,חטיף קשקבל במש,קילוגרמים,0.00,"ק""ג",true,0,43.00,43.00,true,1,
7290000094083,true,לחמניה גידרול,גידרון,IL,לחמניה גידרול,יחידה,1.00,יחידה,false,0,5.00,5.00,true,1,
7290000094199,true,לחם חצי ג'בטה,גידרון,IL,חצי ג'בטה לבן,יחידה,1.00,יחידה,false,0,4.20,4.20,true,1,
7290000096018,true,שנייק קינמון במשקל,גידרון,IL,שנייק קינמון,קילוגרמים,0.00,"ק""ג",true,0,45.00,45.00,true,1,
7290000096032,true,חצי בגט,גידרון,IL,חצי בגט,יחידה,1.00,יחידה,false,0,3.50,3.50,true,1,
7290000096445,true,אוזני המן שוקולד במשקל,גידרון,IL,אוזני המן שוקולד,קילוגרמים,0.00,"ק""ג",true,0,44.00,44.00,true,1,
7290000096452,true,אוזני המן אגוזים במשקל,גידרון,IL,אוזני המן אגוזים,קילוגרמים,0.00,"ק""ג",true,0,44.00,44.00,true,1,
7290000096476,true,אוזני המן פרג במשקל,גידרון,IL,אוזני המן פרג,קילוגרמים,0.00,"ק""ג",true,0,44.00,44.00,true,1,
7290000096513,true,אוזני המן תמרים במשקל,גידרון,IL,אוזני המן תמרים,קילוגרמים,0.00,"ק""ג",true,0,44.00,44.00,true,1,
7290000096520,true,"בורקס טורקי תפו""א במשקל",גידרון,IL,בורקס טורקי תפ,קילוגרמים,0.00,"ק""ג",true,0,43.00,43.00,true,1,
7290000096919,true,טורקי גבינה במשקל,גידרון,IL,טורקי גבינה,קילוגרמים,0.00,"ק""ג",true,0,43.00,43.00,true,1,
7290000096995,true,בצליות חלבי במשקל,גידרון,IL,בצליות במשקל,קילוגרמים,0.00,"ק""ג",true,0,43.00,43.00,true,1,
7290000097282,true,קרואסון שוקולד 1 יח,גידרון,IL,קרואסון שוקולד,יחידה,1.00,יחידה,false,0,4.90,4.90,true,1,
7290000097596,true,לחמנית 1/3 באגט,גידרון,IL,לחמנית בגט,יחידה,1.00,יחידה,false,0,2.70,2.70,true,1,
7290000097619,true,לחמניה כפרית ארוכה,גידרון,IL,לחמניה כפרית,יחידה,1.00,יחידה,false,0,3.50,3.50,true,1,
7290000097633,true,לחמניית קשר,גידרון,IL,לחמניית קשר,יחידה,1.00,יחידה,false,0,3.50,3.50,true,1,
7290000097657,true,לחמניית חלה,גידרון,IL,לחמניית חלה,יחידה,1.00,יחידה,false,0,4.20,4.20,true,1,
7290000098289,true,בייגלה,גידרון,IL,בייגלה,יחידה,1.00,יחידה,false,0,4.20,4.20,true,1,
7290000098296,true,לחמניית אצבע,גידרון,IL,לחמניית אצבע,יחידה,1.00,יחידה,false,0,2.30,2.30,true,1,
7290000098982,true,נשיקות לבן מחיר לפי משקל,תבואות בר,IL,"מאפה ""נשיקות""",קילוגרמים,0.00,"ק""ג",true,0,62.00,62.00,true,1,
7290000099118,true,"בורקס תפו""א גדול 1 יח'",גידרון,IL,"בורקס תפו""א גד",יחידה,1.00,יחידה,false,0,6.20,6.20,true,1,
7290000099248,true,בורקס גבינה במשקל,גידרון,IL,בורקס גבינה,קילוגרמים,0.00,"ק""ג",true,0,34.00,34.00,true,1,
7290000099255,true,בורקס תפוח אדמה מחיר לקג,גידרון,IL,בורקס תפוח אדמה מחיר לקג,קילוגרמים,0.00,"ק""ג",true,0,34.00,34.00,true,1,
7290000099262,true,בורקס גדול טעם גבינה 1יח,גידרון,IL,בורקס גבינה גד,יחידה,1.00,יחידה,false,0,6.20,6.20,true,1,
7290000099354,true,מאפה פיטריות קטן במשקל,גידרון,IL,מאפה פטריות,קילוגרמים,0.00,"ק""ג",true,0,34.00,34.00,true,1,
7290000099385,true,גביניות במשקל,גידרון,IL,גביניות,קילוגרמים,0.00,"ק""ג",true,0,35.00,35.00,true,1,
7290000099392,true,מאפה פרג במשקל,גידרון,IL,מאפה פרג,קילוגרמים,0.00,"ק""ג",true,0,45.00,45.00,true,1,
7290000099415,true,רוגלך במשקל,גידרון,IL,רוגלך,קילוגרמים,0.00,"ק""ג",true,0,35.00,35.00,true,1,
7290000099439,true,קרואסון קטן במשקל,גידרון,IL,קרואסון קטן במשקל,קילוגרמים,0.00,"ק""ג",true,0,35.00,35.00,true,1,
7290000099460,true,קרואסון ט.חמאה פרווה,גידרון,IL,קרואסון טעם חמאה,יחידה,1.00,יחידה,false,0,4.90,4.90,true,1,
7290000099477,true,קרואסון ביס שוקולד במשקל,גידרון,IL,קרואסון שוקולד,קילוגרמים,0.00,"ק""ג",true,0,35.00,35.00,true,1,
7290000099491,true,"מאפה תפו""ע קטן לפי משקל",גידרון,IL,מאפה תפוח-עץ,קילוגרמים,0.00,"ק""ג",true,0,45.00,45.00,true,1,
7290000099514,true,מאפה צימוקים קטן במשקל,גידרון,IL,מאפה צימוקים קטן במשקל,קילוגרמים,0.00,"ק""ג",true,0,45.00,45.00,true,1,
7290000099804,true,קוקיס שוקולד לבן במשקל,גידרון,IL,קוקיס שוקולד,קילוגרמים,0.00,"ק""ג",true,0,55.00,55.00,true,1,
7290000099835,true,קוקיס שוקולד חלב במשקל,גידרון,IL,קוקיס שוקולד,קילוגרמים,0.00,"ק""ג",true,0,55.00,55.00,true,1,
7290000099873,true,קוקיס שוקולד חלבי במשקל,גידרון,IL,קוקיס שוקולד,קילוגרמים,0.00,"ק""ג",true,0,55.00,55.00,true,1,
7290000099927,true,בורקיטס במשקל,גידרון,IL,בורקיטס,קילוגרמים,0.00,"ק""ג",true,0,34.00,34.00,true,1,
7290000103365,false,מרק ירקות עשיר 560גרם,סנפרוסט,IL,מרק ירקות,גרמים,560.00,100 גרם,false,0,18.90,3.38,true,1,
7290000103464,false,אפונת גינה 500גרם,תנובה,IL,אפונת גינה,גרמים,500.00,100 גרם,false,1,12.90,2.58,true,1,
7290000103808,false,לקט להקפצה סיני 800גרם,סנפרוסט,IL,לקט להקפצה סיני 800גרם,גרמים,800.00,100 גרם,false,0,26.40,3.30,true,1,
7290000103815,false,לקט להקפצה תאילנדי 800גר,סנפרוסט,IL,לקט להקפצה תאילנדי 800גר,גרמים,800.00,100 גרם,false,0,26.40,3.30,true,1,
7290000103822,false,לקט לעוף 800גרם,סנפרוסט,IL,לקט לעוף 800גרם,גרמים,800.00,100 גרם,false,0,25.20,3.15,true,1,
7290000103839,false,מרק כתום 572גרם,סנפרוסט,IL,מרק כתום,גרמים,572.00,100 גרם,false,0,18.90,3.30,true,1,
7290000103846,false,מרק אפונה 572גרם,סנפרוסט,IL,מרק אפונה,גרמים,572.00,100 גרם,false,0,18.90,3.30,true,1,
7290000103860,false,מרק עדשים 572גרם,סנפרוסט,IL,מרק עדשים,גרמים,572.00,100 גרם,false,0,18.90,3.30,true,1,
7290000103877,false,מרק שעועית 644גרם,סנפרוסט,IL,מרק שעועית,גרמים,644.00,100 גרם,false,0,18.90,2.93,true,1,
7290000104072,false,עדשים ירוקות מבושלות 800,סנפרוסט,IL,עדשים ירוקות מבושלות 800,גרמים,800.00,100 גרם,false,0,21.70,2.71,true,1,
7290000104201,false,אפונה עדינה 600 גרם,סנפרוסט,IL,אפונה עדינה 600 גרם,גרמים,600.00,100 גרם,false,0,19.60,3.27,true,1,
7290000104218,false,במיה מוקפאת 600 גרם,סנפרוסט,IL,במיה מוקפאת,גרמים,600.00,100 גרם,false,0,17.10,2.85,true,1,
7290000104676,false,אפונה ירוקה מוקפאת 800גר,סנפרוסט,IL,אפונה ירוקה מוקפאת 800גר,גרמים,800.00,100 גרם,false,0,19.90,2.49,true,1,
7290000104683,false,שעועית שלמה מוקפאת 800 ג,סנפרוסט,IL,שעועית שלמה מוקפאת 800 ג,גרמים,800.00,100 גרם,false,0,23.00,2.88,true,1,
7290000104690,false,תירס גרעינים מוקפא 800 ג,סנפרוסט,IL,גרעיני תירס קפוא,גרמים,800.00,100 גרם,false,0,19.90,2.49,true,1,
7290000104706,false,גזר גמדי מוקפא 800 גרם,סנפרוסט,IL,גזר גמדי מוקפא,גרמים,800.00,100 גרם,false,0,19.40,2.43,true,1,
7290000104713,false,פול ירוק מוקפא 800 גרם,סנפרוסט,IL,פול ירוק מוקפא,גרמים,800.00,100 גרם,false,0,25.70,3.21,true,1,
7290000104720,false,שעועית ירוקה חתוכה 800 ג,סנפרוסט,IL,שעועית ירוקה חתוכה 800 ג,גרמים,800.00,100 גרם,false,0,20.90,2.61,true,1,
7290000104744,false,כרובית מוקפאת 800 גרם,סנפרוסט,IL,כרובית מוקפאת,גרמים,800.00,100 גרם,false,0,27.10,3.39,true,1,
7290000104751,false,כרוב ניצנים מוקפא 800 גר,סנפרוסט,IL,כרוב ניצנים קפוא,גרמים,800.00,100 גרם,false,0,27.80,3.48,true,1,
7290000104768,false,תרד עלים מוקפא 800 גרם,סנפרוסט,IL,תרד עלים מוקפא,גרמים,800.00,100 גרם,false,0,28.40,3.55,true,1,
7290000104775,false,מדליוני תרד קפוא 800 גרם,סנפרוסט,IL,מדליוני תרד קפ,גרמים,800.00,100 גרם,false,0,27.80,3.48,true,1,
7290000104805,false,גרגרי חומוס מבושל 800גרם,סנפרוסט,IL,גרגרי חומוס מבושל 800גרם,גרמים,800.00,100 גרם,false,0,21.70,2.71,true,1,
7290000104829,false,"קלחוני תירס 1 ק""ג",סנפרוסט,IL,"קלחוני תירס 1 ק""ג",קילוגרמים,1.00,"ק""ג",false,0,22.30,22.30,true,1,
7290000104836,false,שעועית עדינה שלמה 600גרם,סנפרוסט,IL,שעועית שלמה קפוא,גרמים,600.00,100 גרם,false,0,25.90,4.32,true,1,
7290000104881,false,אפונה וגזר 800 גרם,סנפרוסט,IL,אפונה וגזר 800 גרם,גרמים,800.00,100 גרם,false,0,18.60,2.33,true,1,
7290000107189,false,ארטישוק תחתיות 400 גרם,סנפרוסט,IL,תחתיות ארטישוק,גרמים,400.00,100 גרם,false,0,24.70,6.18,true,1,
7290000107295,false,תפרחות ברוקולי 800 גרם,סנפרוסט,IL,ברוקולי מוקפא,גרמים,800.00,100 גרם,false,0,27.90,3.49,true,1,
7290000107677,false,שעועית צהובה עדינה 600גר,סנפרוסט,IL,שעועית צהובה עדינה 600גר,גרמים,600.00,100 גרם,false,0,25.20,4.20,true,1,
7290000110035,false,מרגר.בלובנד לבישול 200גר,יוניליוור,IL,מרגרינה בלובנד,גרמים,200.00,100 גרם,false,0,4.70,2.35,true,1,
7290000110059,false,מרגרינה בלי מלח 200 גרם,יוניליוור,IL,מרגרינה בלו-בנד,גרמים,200.00,100 גרם,false,0,4.70,2.35,true,1,
7290000110073,false,מרגרינה בטעם חמאה 200גר,יוניליוור,IL,מחמאה מרגרינה,גרמים,200.00,100 גרם,false,0,5.00,2.50,true,1,
7290000110844,false,כיפלי גריל 70 גרם,יוניליוור,IL,כיפלי בטעם גריל,גרמים,60.00,100 גרם,false,0,6.10,10.17,true,1,
7290000111063,false,מיונז תלמה אמיתי250 גרם,יוניליוור,IL,מיונז אמיתי תלמה,גרמים,250.00,100 גרם,false,0,7.50,3.00,true,1,
7290000111117,false,מרכך כביסה בדין לבן 4 לי,יוניליוור,IL,מרכך כביסה בדין,ליטרים,4.00,ליטר,false,0,24.70,6.18,true,1,
7290000111186,false,מיונז תלמה אמיתי 500 גרם,יוניליוור,IL,מיונז אמיתי,גרמים,500.00,100 גרם,false,0,10.40,2.08,true,1,
7290000111360,false,חרדל אמיתי תלמה 250 גרם,יוניליוור,IL,חרדל אמיתי תלמה,גרמים,250.00,100 גרם,false,0,6.90,2.76,true,1,
7290000112220,false,טחינה גולמית 100% 500 גר,רושדי תעשיות מזון,IL,טחינה גולמית,גרמים,500.00,100 גרם,false,0,16.90,3.38,true,1,
7290000112497,false,מ.עשיר עוף איטר.קנור68גר,יוניליוור,IL,מרק עוף איטריות,גרמים,68.00,100 גרם,false,0,8.00,11.76,true,1,
7290000112503,false,מרק עשיר ירקות קנור 61גר,יוניליוור,IL,מרק ירקות קנור,גרמים,61.00,100 גרם,false,0,8.00,13.11,true,1,
7290000112510,false,מרק עשיר פטריות קנור 83ג,יוניליוור,IL,מרק פטריות,גרמים,83.00,100 גרם,false,0,8.00,9.64,true,1,
7290000112619,false,מרק עוף קנור 400 גרם,יוניליוור,IL,מרק עוף אמיתי,גרמים,400.00,100 גרם,false,0,16.90,4.23,true,1,
7290000112770,false,מרק עשיר אפונה קנור117גר,יוניליוור,IL,מרק אפונה קנור,גרמים,117.00,100 גרם,false,0,8.00,6.84,true,1,
7290000114897,false,קורנפלקס 750 גרם,יוניליוור,IL,קורנפלקס תלמה,גרמים,750.00,100 גרם,false,0,15.90,2.12,true,1,
7290000116136,false,דאב קרם ידיים עור יבש100,יוניליוור,IL,דאב קרם ידיים,מיליליטרים,100.00,"100 מ""ל",false,0,12.80,12.80,true,1,
7290000116204,false,מרק דגש טעם עוף שקית 1קג,יוניליוור,IL,מרק דגש טעם עוף,קילוגרמים,1.00,"ק""ג",false,0,16.00,16.00,true,1,
7290000116921,false,רוטב צ'ילי מתוק קנור300מ,יוניליוור,IL,רוטב צ'ילי מתוק,מיליליטרים,300.00,"100 מ""ל",false,0,10.00,3.33,true,1,
7290000116945,false,"רוטב סויה קנור 300 מ""ל",יוניליוור,IL,רוטב סויה קלאסי,מיליליטרים,300.00,"100 מ""ל",false,0,11.30,3.77,true,1,
7290000117386,false,מארז 8 חטיפי דגנים שוגי,יוניליוור,IL,חטיפי דגנים 8 יח,גרמים,208.00,100 גרם,false,0,15.00,7.21,true,1,
7290000117430,false,חטיפי דגנים קוקומן 21X8ג,יוניליוור,IL,חטיפי דגנים 8 יח,גרמים,168.00,100 גרם,false,0,15.00,8.93,true,1,
7290000117720,false,מרק נמס בכוס פטריות 43גר,יוניליוור,IL,מרק נמס בכוס,גרמים,43.00,100 גרם,false,0,7.80,18.14,true,1,
7290000120393,false,סיף ג'ל אקונומ.לימון750מ,יוניליוור,IL,סיף אקונומיקה,מיליליטרים,750.00,"100 מ""ל",false,0,14.60,1.95,true,1,
7290000120836,false,מיונז הלמנס 394 גרם,יוניליוור,US,מיונז הלמנס,גרמים,394.00,100 גרם,false,0,10.00,2.54,true,1,
7290000120874,false,מיונז הלמנס לייט 424 גרם,יוניליוור,US,מיונז הלמנס,גרמים,424.00,100 גרם,false,0,10.00,2.36,true,1,
7290000121154,false,מון בלאן לייט +סלמון120ג,נטו,IL,גבינת מון בלאן,גרמים,120.00,100 גרם,false,0,12.90,10.75,true,1,
7290000121239,false,מיוקל5% ללא כולסטרול500ג,יוניליוור,IL,מיוקל 5% שומן,גרמים,500.00,100 גרם,false,0,15.60,3.12,true,1,
7290000121376,false,קונפ778.אוכמניות לייט300,יוניליוור,IL,קונפיטורה 778,גרמים,300.00,100 גרם,false,0,12.30,4.10,true,1,
7290000122175,false,"תמצית וניל אפיכל 50 מ""ל",יוניליוור,IL,תמצית וניל,מיליליטרים,50.00,"100 מ""ל",false,0,5.10,10.20,true,1,
7290000122243,false,"תמצית רום אפיכל 50 מ""ל",יוניליוור,IL,תמצית רום,מיליליטרים,50.00,"100 מ""ל",false,0,5.10,10.20,true,1,
7290000122687,false,סירופ שוקולד אפיכל 600גר,יוניליוור,IL,סירופ שוקולד,גרמים,600.00,100 גרם,false,0,13.80,2.30,true,1,
7290000122700,false,סירופ מייפל 600 גרם,יוניליוור,IL,סירופ מייפל,גרמים,600.00,100 גרם,false,0,13.80,2.30,true,1,
7290000123110,false,מזולה לייט למריחה 250גרם,יוניליוור,IL,מזולה לייט,גרמים,250.00,100 גרם,false,0,9.80,3.92,true,1,
7290000123158,false,מזולה טעם חמאה 250 גרם,יוניליוור,IL,מזולה טעם חמאה,גרמים,250.00,100 גרם,false,0,10.90,4.36,true,1,
7290000123172,false,מזולה בגביע טעם טבעי250ג,יוניליוור,IL,מזולה בגביע,גרמים,250.00,100 גרם,false,0,9.80,3.92,true,1,
7290000123257,false,מזולה לייט+שמן זית 250גר,יוניליוור,IL,מזולה לייט,גרמים,250.00,100 גרם,false,0,11.00,4.40,true,1,
7290000127224,false,קונפיטורה תות 778 340גרם,יוניליוור,IL,קונפיטורת תות,גרמים,340.00,100 גרם,false,0,13.90,4.09,true,1,
7290000127705,false,שוק.מריר פרווה 100*6 גרם,יוניליוור,IL,שוקולד מריר 6 יח,גרמים,600.00,100 גרם,false,0,21.70,3.62,true,1,
7290000129457,false,רוטב פטריות 28 גרם,יוניליוור,IL,רוטב פטריות,גרמים,28.00,100 גרם,false,0,4.60,16.43,true,1,
7290000130125,false,מצות אביב 400 גרם חמץ,מצות אביב,IL,מצות אביב,גרמים,400.00,100 גרם,false,0,14.30,3.58,true,1,
7290000134109,false,כמון מזרחי מיכל 40 גרם,תבליני טעם וריח,IL,כמון מזרחי,גרמים,40.00,100 גרם,false,0,8.80,22.00,true,1,
7290000134666,false,רוזמרין 15 גרם,תבליני טעם וריח,IL,רוזמרין,גרמים,15.00,100 גרם,false,0,7.90,52.67,true,1,
7290000134673,false,זנגויל טחון מיכל 30 גרם,תבליני טעם וריח,IL,זנגויל טחון,גרמים,30.00,100 גרם,false,0,7.80,26.00,true,1,
7290000134833,false,כמון טחון 100 גרם,תבליני טעם וריח,IL,כמון טחון,גרמים,100.00,100 גרם,false,0,12.80,12.80,true,1,
7290000134857,false,פפריקה מתוקה במיכל100גרם,תבליני טעם וריח,IL,פפריקה במיכל,גרמים,100.00,100 גרם,false,0,12.80,12.80,true,1,
7290000134871,false,פלפל שחור במיכל 100 גרם,תבליני טעם וריח,IL,פלפל שחור במיכ,גרמים,100.00,100 גרם,false,0,17.40,17.40,true,1,
7290000136721,false,ג'אמפ תפוזים 1.5 ליטר,טמפו,IL,ג'אמפ תפוזים,ליטרים,1.50,ליטר,false,0,6.80,4.53,true,1,
7290000136738,false,ג'אמפ אשכוליות 1.5 ליטר,טמפו,IL,ג'אמפ אשכוליות,ליטרים,1.50,ליטר,false,0,6.80,4.53,true,1,
7290000136745,false,ג'אמפ תות בננה 1.5 ליטר,טמפו,IL,ג'אמפ תות בננה,ליטרים,1.50,ליטר,false,0,6.80,4.53,true,1,
7290000137513,false,גלידונית וניל 60יח 630גר,שטראוס,IL,גלידונית וניל 60יח 630גר,גרמים,630.00,100 גרם,false,0,55.00,8.73,true,1,
7290000137643,false,8יח טעמקור משפחתיות 50 ג,שטראוס,IL,8יח טעמקור משפחתיות 50 ג,גרמים,400.00,100 גרם,false,0,43.40,10.85,true,1,
7290000139104,false,שלווה בשקית 230 גרם,שופרסל,IL,שלווה בשקית,גרמים,230.00,100 גרם,false,0,8.80,3.83,true,1,
7290000139227,false,דגן תפוח ממותק,,IL,דגן תפוח ממותק,גרמים,150.00,100 גרם,false,0,8.80,5.87,true,1,
7290000143187,false,"שמפו הוואי לגבר 700 מ""ל",טרופיקל דגיל,IL,שמפו הוואי לגבר,מיליליטרים,700.00,"100 מ""ל",false,0,10.00,1.43,true,1,
7290000143194,false,"שמפו + מרכך הוואי 700מ""ל",טרופיקל דגיל,IL,שמפו+מרכך הוואי,מיליליטרים,700.00,"100 מ""ל",false,0,10.00,1.43,true,1,
7290000143200,false,מרכך הוואי לשיער יבש700מ,טרופיקל דגיל,IL,מרכך הוואי לשיער יבש700מ,מיליליטרים,700.00,"100 מ""ל",false,0,10.00,1.43,true,1,
7290000143217,false,שמפו הוואי שיער יבש 700מ,טרופיקל דגיל,IL,שמפו הוואי,מיליליטרים,700.00,"100 מ""ל",false,0,10.00,1.43,true,1,
7290000143255,false,"שמפו הוואי ירוק 700 מ""ל",טרופיקל דגיל,IL,"שמפו הוואי ירוק 700 מ""ל",מיליליטרים,700.00,"100 מ""ל",false,0,10.00,1.43,true,1,
7290000143279,false,"הוואי שמפו אדום 700 מ""ל",טרופיקל דגיל,IL,"הוואי שמפו אדום 700 מ""ל",מיליליטרים,700.00,"100 מ""ל",false,0,10.00,1.43,true,1,
7290000143286,false,"הוואי מרכך ירוק 700 מ""ל",טרופיקל דגיל,IL,"הוואי מרכך ירוק 700 מ""ל",מיליליטרים,700.00,"100 מ""ל",false,0,10.00,1.43,true,1,
7290000144160,false,שמן זית בטעם מודגש 750מל,שמן תעשיות,IL,שמן זית מודגש,מיליליטרים,750.00,"100 מ""ל",false,0,36.90,4.92,true,1,
7290000144467,false,שמן חמניות+נוגדי חמצון1ל,שמן תעשיות,IL,שמן חמניות,ליטרים,1.00,ליטר,false,0,17.20,17.20,true,1,
7290000144474,false,שמן קנולה מועשר 1 ליטר,שמן תעשיות,IL,שמן קנולה מועשר 1 ליטר,ליטרים,1.00,ליטר,false,0,15.90,15.90,true,1,
7290000144825,false,שמן קנולה פלוס אומגה9 1ל,שמן תעשיות,IL,שמן קנולה מועשר,ליטרים,1.00,ליטר,false,0,13.90,13.90,true,1,
7290000146645,false,סבון הוואי שחור 100*4גרם,טרופיקל דגיל,IL,סבון הוואי 4 יח,גרמים,400.00,100 גרם,false,0,13.90,3.48,true,1,
7290000146676,false,סבון הוואי לגבר 100*4גרם,טרופיקל דגיל,PL,סבון הוואי 4 יח,גרמים,400.00,100 גרם,false,0,13.90,3.48,true,1,
7290000146683,false,סבון הוואי לבן 100*4 גרם,טרופיקל דגיל,PL,סבון הוואי 4 יח,גרמים,400.00,100 גרם,false,0,13.90,3.48,true,1,
7290000146713,false,סבון הוואי לגונה 100*4 ג,טרופיקל דגיל,IL,סבון הוואי 4 יח,גרמים,400.00,100 גרם,false,0,13.90,3.48,true,1,
7290000146997,false,משחת טום וג'רי מסטיק 50מ,טרופיקל דגיל,IL,משחת טום וג'רי מסטיק 50מ,מיליליטרים,50.00,"100 מ""ל",false,0,9.60,19.20,true,1,
7290000148298,false,מיץ תפוזים 100%טבעי 2 לי,פריגת,IL,מיץ תפוזים 100%טבעי 2 לי,ליטרים,2.00,ליטר,false,0,20.90,10.45,true,1,
7290000149578,false,סופטקר אל סבון 1 ליטר,נקה,IL,תחליב לחות לרחצה,ליטרים,1.00,ליטר,false,0,14.90,14.90,true,1,
7290000149851,false,סינטבון כפול לנקיון 460ג,נקה,IL,סינטבון נקה כפול,גרמים,460.00,100 גרם,false,0,10.80,2.35,true,1,
7290000149905,false,טקסטיל נוזל לכביסה 1ליטר,נקה,IL,נוזל כביס טקסטיל,ליטרים,1.00,ליטר,false,0,14.80,14.80,true,1,
7290000150352,false,פסטרמה איטלקית במשקל,עוף טוב,IL,פסטרמה איטלקית,קילוגרמים,0.00,"ק""ג",true,0,90.00,90.00,true,1,
7290000150468,false,פסטרמה רומנית במשקל,עוף טוב,IL,פסטרמה רומנית,קילוגרמים,0.00,"ק""ג",true,0,90.00,90.00,true,1,
7290000151106,false,פסטרמה אמריקאית במשקל,עוף טוב,IL,פסטרמה אמריקאי,קילוגרמים,0.00,"ק""ג",true,0,90.00,90.00,true,1,
7290000151182,false,כתף בקר פרוסות דקות140ג,עוף טוב,IL,כתף בקר פרוס דק,גרמים,140.00,100 גרם,false,0,15.90,11.36,true,1,
7290000151281,false,חזה עוף ברביקיו 300 גרם,עוף טוב,IL,חזה עוף ברביקיו,גרמים,300.00,100 גרם,false,0,27.90,9.30,true,1,
7290000151328,false,חזה הודו מעושן 300 גרם,עוף טוב,IL,חזה הודו מעושן,גרמים,300.00,100 גרם,false,0,27.90,9.30,true,1,
7290000151373,false,סלמי איטלקי 300 גרם,עוף טוב,IL,סלמי איטלקי,גרמים,300.00,100 גרם,false,0,24.30,8.10,true,1,
7290000151472,false,פסטרמה אמריקאית 300 גרם,עוף טוב,IL,פסטרמה אמריקאית,גרמים,300.00,100 גרם,false,0,27.90,9.30,true,1,
7290000151601,false,פסטרמה בדבש 300 גרם,עוף טוב,IL,פסטרמה בדבש,גרמים,300.00,100 גרם,false,0,27.90,9.30,true,1,
7290000152288,false,נקניקיות עוף 400 גרם,עוף טוב,IL,נקניקיות עוף,גרמים,400.00,100 גרם,false,0,16.10,4.03,true,1,
7290000152615,false,סלמי הונגרי מפולפל 420גר,עוף טוב,IL,סלמי הונגרי,גרמים,420.00,100 גרם,false,0,29.00,6.90,true,1,
7290000152943,false,פסטרמה + סלמי 2 יח350Xגר,עוף טוב,IL,פסטרמה + סלמי,גרמים,700.00,100 גרם,false,0,30.00,4.29,true,1,
7290000153292,false,פסטרמ.ברביקיו פרוס דק140,עוף טוב,IL,פסטרמה ברביקיו,גרמים,140.00,100 גרם,false,0,15.90,11.36,true,1,
7290000153315,false,פסטרמה דבש פרוס דק 140גר,עוף טוב,IL,פסטרמה דבש פרוס,גרמים,140.00,100 גרם,false,0,15.90,11.36,true,1,
7290000153445,false,קציצות בקר מתובלות 500גר,עוף טוב,IL,קציצות בקר,גרמים,500.00,100 גרם,false,0,33.40,6.68,true,1,
7290000155524,false,פסטרמה פולנית משקל,עוף טוב,IL,פסטרמה פולנית,קילוגרמים,0.00,"ק""ג",true,0,89.00,89.00,true,1,
7290000155661,false,נקניקיות עוף 4יח400X'גרם,עוף טוב,IL,נקניקיות 4 יח,קילוגרמים,1.60,"ק""ג",false,0,39.10,24.44,true,1,
7290000156545,false,פסטרמה מקסיקנית 300גרם,עוף טוב,IL,פסטרמה מקסיקנית,גרמים,300.00,100 גרם,false,0,27.90,9.30,true,1,
7290000158105,false,שניצל דינוזאור 700גרם,עוף טוב,IL,שניצל דינוזאור,גרמים,700.00,100 גרם,false,0,40.00,5.71,true,1,
7290000158211,false,שניצל דק ענק 700גרם,עוף טוב,,שניצל דק ענק,גרמים,700.00,100 גרם,false,0,42.90,6.13,true,1,
7290000158235,false,שניצל ע.דק בציפוי 700גרם,עוף טוב,IL,שניצל דק בציפוי,גרמים,700.00,100 גרם,false,0,42.90,6.13,true,1,
7290000158273,false,שניצל אמיתי מעודן 700גרם,עוף טוב,IL,שניצל אמיתי מעוד,גרמים,0.00,100 גרם,false,0,46.50,46.50,true,1,
7290000159096,false,חזה עוף צלוי ברביקיו 500,עוף טוב,IL,חזה עוף צלוי,גרמים,500.00,100 גרם,false,0,45.10,9.02,true,1,
7290000159539,false,קבנוס פחת.שומן ספיסי120,עוף טוב,IL,קבנוס מופחת שומן,גרמים,120.00,100 גרם,false,0,11.50,9.58,true,1,
7290000160269,false,דאב תרחיץ פנים רגיש180מל,יוניליוור,IL,דאב תרחיץ פנים,מיליליטרים,180.00,"100 מ""ל",false,0,19.60,10.89,true,1,
7290000160467,false,עוף ולתנור גריל 49 גרם,יוניליוור,IL,עוף ולתנור גריל,גרמים,49.00,100 גרם,false,0,7.30,14.90,true,1,
7290000160771,false,"כריות וניל בד""צ 750 גרם",יוניליוור,,כריות וניל,גרמים,750.00,100 גרם,false,0,29.90,3.99,true,1,
7290000161143,false,בלובנד בגביע 250 גרם,יוניליוור,IL,בלובנד קלאסי,גרמים,250.00,100 גרם,false,0,8.70,3.48,true,1,
7290000161150,false,גולדבנד גביע 250 גרם,יוניליוור,IL,מרגרינה גולדבנד,גרמים,250.00,100 גרם,false,0,9.60,3.84,true,1,
7290000161167,false,מחמאה גביע 250 גרם,יוניליוור,IL,מחמאה,גרמים,250.00,100 גרם,false,0,9.10,3.64,true,1,
7290000161358,false,מיונז משמן קנולה 500 גרם,יוניליוור,IL,מיונז אמיתי תלמה,גרמים,500.00,100 גרם,false,0,14.90,2.98,true,1,
7290000162386,false,רוטב שום לסלט 300 גרם,יוניליוור,IL,רוטב שום לסלט,גרמים,300.00,100 גרם,false,0,10.00,3.33,true,1,
7290000162560,false,"קורנפלקס דבש בד""צ 500גרם",יוניליוור,,קורנפלקס דבש,גרמים,500.00,100 גרם,false,0,19.70,3.94,true,1,
7290000162805,false,בדין אקסטרה סגול חדש 960,יוניליוור,TR,מרכך בדין960מ,מיליליטרים,960.00,"100 מ""ל",false,0,19.90,2.07,true,1,
7290000162812,false,מיקספלקס פלוס טרופי400גר,דליסר,,מיקספלקס פלוס,גרמים,400.00,100 גרם,false,0,27.70,6.93,true,1,
7290000162829,false,מיקספלקס פלוס אגוזים400ג,דליסר,,מיקספלקס פלוס,גרמים,400.00,100 גרם,false,0,27.70,6.93,true,1,
7290000163024,false,רוטב חרדל דבש לייט305גרם,יוניליוור,IL,רוטב חרדל דבש,גרמים,305.00,100 גרם,false,0,10.00,3.28,true,1,
7290000164632,false,בדין אקסטרה בייבי 960 מל,יוניליוור,TR,בדין אקסטרה,מיליליטרים,960.00,"100 מ""ל",false,0,27.90,2.91,true,1,
7290000165158,false,"דא. דאב אינביזיבל 170מ""ל",יוניליוור,IL,דאודורנט דאב,מיליליטרים,170.00,"100 מ""ל",false,0,15.90,9.35,true,1,
7290000165684,false,"שמפו שמן אבוקדו 700 מ""ל",יוניליוור,IL,שמפו שמן אבוקדו,מיליליטרים,700.00,"100 מ""ל",false,0,10.00,1.43,true,1,
7290000165691,false,"מרכך שמן אבוקדו 700 מ""ל",יוניליוור,IL,מרכך שמן אבוקדו,מיליליטרים,700.00,"100 מ""ל",false,0,10.00,1.43,true,1,
7290000166414,false,מזולה לאפיה ללא מלח200ג,יוניליוור,IL,מזולה ללא מלח,גרמים,200.00,100 גרם,false,0,6.40,3.20,true,1,
7290000166421,false,מזולה לאפיה טעם חמאה200ג,יוניליוור,IL,מזולה טעם חמאה,גרמים,200.00,100 גרם,false,0,6.40,3.20,true,1,
7290000166711,false,שוגי 20% פחות סוכר 500גר,יוניליוור,IL,שוגי מופחת סוכר,גרמים,500.00,100 גרם,false,0,16.90,3.38,true,1,
7290000166728,false,קוקומן20% מופחת סוכר500ג,יוניליוור,IL,קוקומןמופחת סוכר,גרמים,500.00,100 גרם,false,0,16.90,3.38,true,1,
7290000167756,false,קינמונים 500 גרם,דליסר,IL,קינמונים,גרמים,500.00,100 גרם,false,0,23.00,4.60,true,1,
7290000167923,false,ג'ל רחצה דאב מן פרש400,יוניליוור,IL,ג'ל רחצה דאב מן,מיליליטרים,400.00,"100 מ""ל",false,0,10.00,2.50,true,1,
7290000168173,false,ברנפלקס קרנצ'ים 375 גרם,יוניליוור,IL,ברנפלקס קרנצ'ים,גרמים,375.00,100 גרם,false,0,17.90,4.77,true,1,
7290000168289,false,שמפו פינוק שמן מרוקאי700,יוניליוור,IL,שמפו פינוק,מיליליטרים,700.00,"100 מ""ל",false,0,10.00,1.43,true,1,
7290000168302,false,תחליב פינוק שמן מרוקא700,יוניליוור,IL,תחליב רחצה פינוק,מיליליטרים,700.00,"100 מ""ל",false,0,10.00,1.43,true,1,
7290000168418,false,רוטב סויה סיני 25% פחות,יוניליוור,IL,רוטב סויה סיני,מיליליטרים,300.00,"100 מ""ל",false,0,10.00,3.33,true,1,
7290000168739,false,קורנפלקס קקאו 500 גרם,יוניליוור,IL,קורנפלקס קקאו,גרמים,500.00,100 גרם,false,0,15.90,3.18,true,1,
7290000168838,false,כריות וניל עוגיות 750גרם,יוניליוור,IL,כריות וניל עוגיו,גרמים,750.00,100 גרם,false,0,29.90,3.99,true,1,
7290000169071,false,מרק גורמה בטעם בטטה82ג,יוניליוור,IL,מרק גורמה קנור,גרמים,82.00,100 גרם,false,0,10.80,13.17,true,1,
7290000169712,false,קורנפלקס מלא 500 גרם,יוניליוור,IL,קורנפלקס מלא,גרמים,500.00,100 גרם,false,0,16.90,3.38,true,1,
7290000169743,false,קוקומן ח.לבן מופחת סוכר,יוניליוור,IL,קוקומן חום לבן,גרמים,375.00,100 גרם,false,0,16.90,4.51,true,1,
7290000169798,false,עוגי 20% פחות סוכר 500גר,יוניליוור,IL,עוגי מופחת סוכר,גרמים,500.00,100 גרם,false,0,16.90,3.38,true,1,
7290000169903,false,דאו.רקסונה טלק ספריי 150,קוסטר,IL,דאו.רקסונה,מיליליטרים,150.00,"100 מ""ל",false,0,11.90,7.93,true,1,
7290000170053,false,שוקולד פרה חלב 100 גרם,עלית,IL,שוקולד פרה חלב,גרמים,100.00,100 גרם,false,0,6.00,6.00,true,1,
7290000170077,false,שוק.מריר 100 גרם,עלית,IL,שוקולד מריר,גרמים,100.00,100 גרם,false,0,6.00,6.00,true,1,
7290000170275,false,שוקולד ממולא קרם נוגט100,עלית,IL,שוקולד ממולא,גרמים,100.00,100 גרם,false,0,6.60,6.60,true,1,
7290000171470,false,כיף כף 45 גרם,עלית,IL,כיף כף,גרמים,45.00,100 גרם,false,0,4.50,10.00,true,1,
7290000174044,false,"בפלות בטעם שוקולד 1 ק""ג",עלית,IL,בפלות טעם שוקולד,קילוגרמים,1.00,"ק""ג",false,0,19.90,19.90,true,1,
7290000174099,false,בפלות בטעם שוקולד 500 גר,עלית,IL,בפלות שוקולד,גרמים,500.00,100 גרם,false,0,13.90,2.78,true,1,
7290000174723,false,שוקולית בפחית עלית 500גר,עלית,IL,שוקולית,גרמים,500.00,100 גרם,false,0,13.90,2.78,true,1,
7290000176062,false,קפה טורקי בצלופן 100 גרם,עלית,IL,קפה טורקי בצלופן,גרמים,100.00,100 גרם,false,0,9.50,9.50,true,1,
7290000176079,false,קפה טורקי עם הל 100 גרם,עלית,IL,קפה טורקי עם הל,גרמים,100.00,100 גרם,false,0,9.40,9.40,true,1,
7290000176093,false,קפה אלדין טורקי ואקום200,עלית,IL,קפה טורקי אלדין,גרמים,200.00,100 גרם,false,0,21.70,10.85,true,1,
7290000176147,false,קפה מוקה לפילטר 500 גרם,עלית,PL,קפה מוקה לפילטר,גרמים,500.00,100 גרם,false,0,57.40,11.48,true,1,
7290000176192,false,קפה טורקי האג ואקום200גר,עלית,IL,קפה טורקי האג,גרמים,200.00,100 גרם,false,0,28.90,14.45,true,1,
7290000176413,false,קפה נמס 50 גרם,עלית,IL,קפה נמס,גרמים,50.00,100 גרם,false,0,10.20,20.40,true,1,
7290000176420,false,קפה נמס 200 גרם,עלית,IL,קפה נמס,גרמים,200.00,100 גרם,false,0,20.90,10.45,true,1,
7290000176468,false,קפה נמס האג נט. קפאין50ג,עלית,IL,קפה נמס האג,גרמים,50.00,100 גרם,false,0,12.60,25.20,true,1,
7290000176857,false,שוקולד לבן 100 גרם,עלית,IL,שוקולד לבן,גרמים,100.00,100 גרם,false,0,6.00,6.00,true,1,
7290000177694,false,קפה טורקי ואקום 200 גרם,עלית,IL,קפה טורקי ואקום,גרמים,200.00,100 גרם,false,0,22.00,11.00,true,1,
7290000178103,false,שוקולד חלב פרה 100*4 גרם,עלית,IL,שוקלד חלב 4 יח,גרמים,400.00,100 גרם,false,0,19.90,4.98,true,1,
7290000178134,false,שוקולד פרה מריר 100*4 ג,עלית,IL,שוקולד מריר 4 יח,גרמים,400.00,100 גרם,false,0,19.90,4.98,true,1,
7290000178660,false,בפלות מצופים שוקולד 500ג,עלית,IL,בפלות מצופים,גרמים,500.00,100 גרם,false,0,18.40,3.68,true,1,
7290000178707,false,תפוציפס מלוח 50 גרם,עלית,IL,חטיף תפוצ'יפס,גרמים,50.00,100 גרם,false,0,4.10,8.20,true,1,
7290000178721,false,תפוציפס מלוח 200 גרם,עלית,IL,חטיף תפוצ'יפס,גרמים,200.00,100 גרם,false,0,7.90,3.95,true,1,
7290000180212,false,שוקולד מריר אגוז 100 גרם,עלית,IL,שוקולד מריר,גרמים,100.00,100 גרם,false,0,6.60,6.60,true,1,
7290000181103,false,ביסקויט בשוקולד חלב 200ג,עלית,IL,ביסקויט מצופה,גרמים,200.00,100 גרם,false,0,14.80,7.40,true,1,
7290000184708,false,"בפלות טעם שוק.ללת""ס500גר",עלית,IL,"בפלות ללת""ס",גרמים,500.00,100 גרם,false,0,22.70,4.54,true,1,
7290000185224,false,סילאן בבקבוק לחיץ 650 גר,כינרת,IL,סילאן בקבוק לחיץ,גרמים,650.00,100 גרם,false,0,15.80,2.43,true,1,
7290000185460,false,חרוסת 250 גרם,,IL,חרוסת 250 גרם,גרמים,250.00,100 גרם,false,0,15.80,6.32,true,1,
7290000186740,false,מטלית חכמה ניקול,,IL,מטלית חכמה ניקול,יחידה,1.00,יחידה,false,0,24.80,24.80,true,1,
7290000187662,false,נייר טואלט לילי,,IL,נייר טואלט לילי,מטרים,662.00,מטר,false,0,46.50,0.07,true,1,
7290000187921,false,נ.טואלט לילי קלאסיק 32גל,חוגלה קימברלי,IL,נייר טואלט לילי,מטרים,588.00,100 מטר,false,0,36.90,6.28,true,1,
7290000188065,false,62מגן תח.קוטקס סילק לייט,חוגלה קימברלי,CN,מגן תחתון קוטקס,יחידה,1.00,יחידה,false,0,17.90,17.90,true,1,
7290000188270,false,קלינקס אולטרה סופט זוג,חוגלה קימברלי,IL,קלינקס אולטרה,יחידה,1.00,יחידה,false,0,16.80,16.80,true,1,
7290000188355,false,מגבות נייר ניקול 6גלילים,חוגלה קימברלי,IL,מגבות ניקול,מטרים,65.00,מטר,false,0,11.80,0.18,true,1,
7290000188553,false,60מגני תחתון קוטקס סילקN,חוגלה קימברלי,CN,מגן תחתון קוטקס,יחידה,1.00,יחידה,false,0,17.90,17.90,true,1,
7290000188560,false,52מגני תחתון קוטקס סילקL,חוגלה קימברלי,CN,מגן תחתון קוטקס,יחידה,1.00,יחידה,false,0,17.90,17.90,true,1,
7290000188591,false,60מגני תחתון קוטקס סילקY,חוגלה קימברלי,CN,מגן תחתון קוטקס,יחידה,1.00,יחידה,false,0,17.90,17.90,true,1,
7290000188973,false,23 תח.קוטקס דיזיין +N,חוגלה קימברלי,IL,תחבושות קוטקס,יחידה,1.00,יחידה,false,0,22.70,22.70,true,1,
7290000188980,false,תחבושות קוטקס,,IL,תחבושות קוטקס,יחידה,1.00,יחידה,false,0,22.70,22.70,true,1,
7290000189208,false,מטלית הקסם למשטחים 1 יח',חוגלה קימברלי,CN,מטלית הקסם,יחידה,1.00,יחידה,false,0,8.80,8.80,true,1,
7290000189215,false,מטלית הקסם לרצפה ניקול,חוגלה קימברלי,IL,מטלית הקסם לרצפה ניקול,יחידה,1.00,יחידה,false,0,13.80,13.80,true,1,
7290000189444,false,מטליות לניקוי,,IL,מטליות לניקוי,יחידה,1.00,יחידה,false,0,14.80,14.80,true,1,
7290000189505,false,5 תבניות קרטון אינגליש,חוגלה קימברלי,IL,תבניות קרטון,יחידה,1.00,יחידה,false,0,11.40,11.40,true,1,
7290000189550,false,אשפתון מתכלה ניקול10*2יח,חוגלה קימברלי,IL,זוג אשפתון ענק,יחידה,1.00,יחידה,false,0,27.40,27.40,true,1,
7290000189598,false,"50 מטליות ניקול רב""ש",חוגלה קימברלי,IL,מטליות ניקול,יחידה,1.00,יחידה,false,0,10.00,10.00,true,1,
7290000189659,false,10מטליות רצפה לחות ניקול,חוגלה קימברלי,IL,מטליות רצפה לחות,יחידה,1.00,יחידה,false,0,10.00,10.00,true,1,
7290000189758,false,מגן תחתון,,IL,מגן תחתון,יחידה,1.00,יחידה,false,0,22.70,22.70,true,1,
7290000189871,false,אשפתון מתכלה ניקול60יח,חוגלה קימברלי,IL,שק. אשפה מתכלות,יחידה,1.00,יחידה,false,0,25.10,25.10,true,1,
7290000190150,false,מפיות תלת שכבתי מודפס 20,חוגלה קימברלי,IL,מפיות תלת שכבתי,יחידה,1.00,יחידה,false,0,10.90,10.90,true,1,
7290000190174,false,מפיות חד שכבתי זוג 85 יח,חוגלה קימברלי,IL,מפיות חד שכבתי,יחידה,1.00,יחידה,false,0,13.70,13.70,true,1,
7290000190198,false,מטליות ניקוי,,IL,מטליות ניקוי,יחידה,1.00,יחידה,false,0,10.00,10.00,true,1,
7290000191140,false,נייר טואלט לח 3*,,IL,נייר טואלט לח 3*,יחידה,1.00,יחידה,false,0,18.90,18.90,true,1,
7290000191225,false,46האגיס ליטל בייביס שלב2,חוגלה קימברלי,IL,האגיס ליטל בייבי,יחידה,1.00,יחידה,false,1,29.90,29.90,true,1,
7290000191539,false,לילי צבעוני 100*5 יחידות,חוגלה קימברלי,IL,מגבוני לילי 100,יחידה,1.00,יחידה,false,0,12.90,12.90,true,1,
7290000191546,false,לילי צבעוני 100*3 יחידות,חוגלה קימברלי,IL,לילי צבעוני100*3,יחידה,1.00,יחידה,false,0,7.90,7.90,true,1,
7290000191560,false,מגבות נייר 3 גל,,IL,מגבות נייר 3 גל,מטרים,65.00,מטר,false,0,13.80,0.21,true,1,
7290000193410,false,נ.ט מולט קומפקט,,IL,נ.ט מולט קומפקט,מטרים,716.00,מטר,false,0,36.90,0.05,true,1,
7290000193724,false,מגבת נייר ניקול לבנה 3 ג,חוגלה קימברלי,IL,מגבת נייר ניקול,מטרים,65.00,מטר,false,1,5.00,0.08,true,1,
7290000194837,false,שקיות מזון,,IL,שקיות מזון,יחידה,1.00,יחידה,false,0,13.80,13.80,true,1,
7290000195513,false,מגב.טיטולים ל.בישום 72*5,חוגלה קימברלי,IL,5 מגבוני טיטולים,יחידה,1.00,יחידה,false,0,20.00,20.00,true,1,
7290000195520,false,מגב.טיטולים בישום עד72*5,חוגלה קימברלי,IL,5 מגבוני טיטולים,יחידה,1.00,יחידה,false,0,20.00,20.00,true,1,
7290000195537,false,מגב.האגיס ללא בישום 72*4,חוגלה קימברלי,IL,מגבוני האגיס 4יח,יחידה,1.00,יחידה,false,0,25.90,25.90,true,1,
7290000195544,false,מגב.האגיס בישום עדין72*4,חוגלה קימברלי,IL,מגבוני האגיס 4יח,יחידה,1.00,יחידה,false,0,25.90,25.90,true,1,
7290000195773,false,מגבוני האגיס אלוורה 72*4,חוגלה קימברלי,IL,מגבוני האגיס 4יח,יחידה,1.00,יחידה,false,0,25.90,25.90,true,1,
7290000197265,false,ניקול המגבת הבריאה 1גל,חוגלה קימברלי,IL,המגבת הבריאה,מטרים,26.00,מטר,false,1,7.90,0.30,true,1,
7290000197326,false,זוג רדיד.אלומינ0.3*7.5.מ,חוגלה קימברלי,IL,זוג רדיד.אלומינ0.3*7.5.מ,מטרים,15.00,מטר,false,0,12.50,0.83,true,1,
7290000197425,false,האגיס פרידום דריי שלב 3,חוגלה קימברלי,IL,חיתולי האגיס,יחידה,1.00,יחידה,false,0,39.90,39.90,true,1,
7290000197432,false,סנדויצ'ון 150*2 יח,חוגלה קימברלי,IL,סנדוויצ'ון זוג,יחידה,1.00,יחידה,false,0,14.50,14.50,true,1,
7290000197456,false,44האגיס פרידום דריי שלב4,חוגלה קימברלי,IL,חיתולי האגיס,יחידה,1.00,יחידה,false,0,39.90,39.90,true,1,
7290000197463,false,42האגיס פרידום דרי שלב+4,חוגלה קימברלי,IL,חיתולי האגיס,יחידה,1.00,יחידה,false,0,39.90,39.90,true,1,
7290000197470,false,"שקיות רב""ש 250 שקיות",חוגלה קימברלי,IL,"שקיות רב""ש מארז",יחידה,1.00,יחידה,false,0,15.20,15.20,true,1,
7290000197548,false,38האגיס פרידום דריי שלב5,חוגלה קימברלי,IL,חיתולי האגיס,יחידה,1.00,יחידה,false,0,39.90,39.90,true,1,
7290000197654,false,ניקול50 אשפתון 70X90ענק,חוגלה קימברלי,IL,אשפתון ניקול,יחידה,1.00,יחידה,false,0,23.10,23.10,true,1,
7290000197678,false,34האגיס פרידום דריי שלב6,חוגלה קימברלי,IL,חיתולי האגיס,יחידה,1.00,יחידה,false,0,39.90,39.90,true,1,
7290000199313,false,קוטקס יאנג 28 יחידות,חוגלה קימברלי,IL,קוטקס תחבושות,יחידה,1.00,יחידה,false,0,17.90,17.90,true,1,
7290000201979,false,מגבוני האגיס דיסני 4 72*,חוגלה קימברלי,IL,מגבוני האגיס דיס,יחידה,1.00,יחידה,false,1,25.70,25.70,true,1,
7290000203188,false,נייר טואלט לילי,,IL,נייר טואלט לילי,מטרים,588.00,100 מטר,false,0,34.90,5.94,true,1,
7290000204086,false,ניקול כרית קרצוף 3 יח,חוגלה קימברלי,IL,ניקול כרית קרצוף,יחידה,1.00,יחידה,false,0,11.30,11.30,true,1,
7290000204215,false,כריות יפניות ניקול 6יח',חוגלה קימברלי,IL,כריות יפניות,יחידה,1.00,יחידה,false,0,12.50,12.50,true,1,
7290000204253,false,9 מטליות רב שימושי.ניקול,חוגלה קימברלי,IL,מטליות ניקול,יחידה,1.00,יחידה,false,0,11.80,11.80,true,1,
7290000204307,false,"40מטלית רב""ש ניקול בגליל",חוגלה קימברלי,IL,מטליות ניקול,יחידה,1.00,יחידה,false,0,22.90,22.90,true,1,
7290000207162,false,רסק עגבניות 100 גרם,זנלכל,IL,רסק עגבניות,גרמים,100.00,100 גרם,false,0,2.10,2.10,true,1,
7290000207438,false,עגבניות קוביות 800 גרם,זנלכל,IL,עגבניות קוביות 800 גרם,גרמים,800.00,100 גרם,false,0,8.00,1.00,true,1,
7290000208022,false,עגבניות מרוסקות 800 גרם,זנלכל,IL,עגבניות מרוסקות 800 גרם,גרמים,800.00,100 גרם,false,0,8.00,1.00,true,1,
7290000208114,false,אפונת גינה וגזר 550 גרם,זנלכל,IL,אפונת גינה וגז,גרמים,550.00,100 גרם,false,0,6.80,1.24,true,1,
7290000208138,false,סירופ ענבים דיאט1ל' יכין,זנלכל,IL,סירופ דיאט ענבים,ליטרים,1.00,ליטר,false,0,8.90,8.90,true,1,
7290000208145,false,תירס לייט יכין 550 גרם,זנלכל,IL,תירס לייט יכין,גרמים,550.00,100 גרם,false,0,7.50,1.36,true,1,
7290000208213,false,שעוע.אפויה+רוטב עגב580גר,זנלכל,IL,שעועית ברוטב,גרמים,580.00,100 גרם,false,0,6.80,1.17,true,1,
7290000208312,false,תירס ואקום 340 גרם יכין,זנלכל,IL,תירס ואקום,גרמים,340.00,100 גרם,false,0,6.60,1.94,true,1,
7290000208329,false,גרעיני תירס מתוק 550 גרם,זנלכל,IL,גרעיני תירס מתוק,גרמים,550.00,100 גרם,false,0,6.90,1.25,true,1,
7290000208336,false,רסק עגבניות יכין 260 גרם,זנלכל,IL,רסק עגבניות,גרמים,260.00,100 גרם,false,0,4.60,1.77,true,1,
7290000208404,false,פול מצרי 550 גרם,זנלכל,IL,פול מצרי,גרמים,550.00,100 גרם,false,0,6.30,1.15,true,1,
7290000208428,false,חומוס שלם יכין 550 גרם,זנלכל,IL,חומוס שלם,גרמים,560.00,100 גרם,false,0,6.60,1.18,true,1,
7290000208978,false,רסק פריכוז 28% 100 גרם,זנלכל,IL,רסק פריכוז,גרמים,100.00,100 גרם,false,0,2.40,2.40,true,1,
7290000209371,false,תירס גרעינים 165*3 גרם,KFT KECSKEMET,HU,תירס גרעינים 3יח,גרמים,495.00,100 גרם,false,1,11.90,2.40,true,1,
7290000209388,false,תירס לייט 165*3 גרם,KFT KECSKEMET,HU,תירס לייט 3 יח,גרמים,495.00,100 גרם,false,0,11.90,2.40,true,1,
7290000209517,false,סירופ דיאט לימון 1 ליטר,זנלכל,IL,סירופ דיאט לימון,ליטרים,1.00,ליטר,false,0,8.90,8.90,true,1,
7290000209524,false,סירופ דיאט פטל 1 ל' יכין,זנלכל,IL,סירופ פטל דיאט,ליטרים,1.00,ליטר,false,0,8.90,8.90,true,1,
7290000209555,false,סירופ תפוחי עץ דיאט 1 ל',זנלכל,IL,"סירופ תפו""ע דיאט",ליטרים,1.00,ליטר,false,0,8.90,8.90,true,1,
7290000209562,false,סירופ מנגו דיאט 1ל' יכין,זנלכל,IL,סירופ מנגו דיאט,ליטרים,1.00,ליטר,false,0,8.90,8.90,true,1,
7290000209579,false,סירופ דיאט אננס 1 ל'יכין,זנלכל,IL,סירופ אננס דיאט,ליטרים,1.00,ליטר,false,0,8.90,8.90,true,1,
7290000209722,false,ת.עגבניות פריכוז30%-28%,זנלכל,IL,תרכיז עגבניות,גרמים,580.00,100 גרם,false,0,8.50,1.47,true,1,
7290000211169,false,"אורז תאילנדי 1 ק""ג",סוגת,IL,"אורז תאילנדי 1 ק""ג",קילוגרמים,1.00,"ק""ג",false,0,5.00,5.00,true,1,
7290000211312,false,"אורז מלא ארוך ""סוגת"" 1קג",סוגת,IL,אורז מלא ארוך,קילוגרמים,1.00,"ק""ג",false,0,11.80,11.80,true,1,
7290000211381,false,"סוכר חום כהה סוגת 1 ק""ג",סוגת,IL,סוכר חום כהה,קילוגרמים,1.00,"ק""ג",false,0,12.30,12.30,true,1,
7290000211442,false,"אורז פרסי קלאסי 1ק""ג",סוגת,IL,אורז פרסי קלאסי,קילוגרמים,1.00,"ק""ג",false,0,8.90,8.90,true,1,
7290000211985,false,"אורז עגול 1 ק""ג",סוגת,IL,אורז עגול סוגת,קילוגרמים,1.00,"ק""ג",false,0,9.80,9.80,true,1,
7290000212401,false,מצופית 400 גרם,מנעמים,IL,מצופית 400 גרם,גרמים,400.00,100 גרם,false,0,9.70,2.43,true,1,
7290000214115,false,מרק עוף בצנצנת ויטה400גר,פרי גליל,IL,מרק עוף צנצנת,גרמים,400.00,100 גרם,false,0,12.90,3.23,true,1,
7290000238029,false,"בצק עלים 1 ק""ג","מעדנות בע""מ",IL,בצק עלים מרודד,קילוגרמים,1.00,"ק""ג",false,0,24.90,24.90,true,1,
7290000238036,false,מלווח מעדנות 700 גרם,"מעדנות בע""מ",IL,מלווח מעדנות 700 גרם,גרמים,700.00,100 גרם,false,0,18.90,2.70,true,1,
7290000238173,false,בורקס גבינה 800 גרם,"מעדנות בע""מ",IL,בורקס גבינה קפוא,גרמים,800.00,100 גרם,false,0,22.70,2.84,true,1,
7290000238180,false,"בורקס תפו""א 800 גרם","מעדנות בע""מ",IL,"בורקס תפו""א קפוא",גרמים,800.00,100 גרם,false,0,21.70,2.71,true,1,
7290000240541,false,ריבועי בצק עלים 800 גרם,"מעדנות בע""מ",IL,ריבועי בצק עלים,גרמים,800.00,100 גרם,false,0,26.40,3.30,true,1,
7290000240558,false,עלים בלינצ'ס/קרפ סוזט700,"מעדנות בע""מ",IL,עלי בלינצ'ס,גרמים,700.00,100 גרם,false,0,30.10,4.30,true,1,
7290000244112,false,שמפו הוואי קולורין 700מל,טרופיקל דגיל,IL,שמפו הוואי,מיליליטרים,700.00,"100 מ""ל",false,0,10.00,1.43,true,1,
7290000244129,false,מרכך הוואי שיער צבוע700מ,טרופיקל דגיל,IL,מרכך הוואי שיער צבוע700מ,מיליליטרים,700.00,"100 מ""ל",false,0,10.00,1.43,true,1,
7290000244143,false,קרם הוואי לאחר גילוח120ג,טרופיקל דגיל,IL,קרם הוואי לאחר גילוח120ג,גרמים,120.00,100 גרם,false,0,24.70,20.58,true,1,
7290000244761,false,"קרם ידיים ולווטה 100 מ""ל",טרופיקל דגיל,IL,קרם ידיים ולווטה,מיליליטרים,100.00,"100 מ""ל",false,0,14.90,14.90,true,1,
7290000245287,false,א.כביסה פרסיל קולור1.25ק,הנקל סוד,IL,אבקת כביסה פרסיל,קילוגרמים,1.25,"ק""ג",false,0,14.80,11.84,true,1,
7290000245294,false,א.כביסה פרסיל סופרה 2.5ק,הנקל סוד,IL,אבקת כביסה פרסיל,קילוגרמים,2.50,"ק""ג",false,0,19.90,7.96,true,1,
7290000245355,false,פרסיל ג'ל לכביסה כחול 3ל,הנקל סוד,IL,פרסיל ג'ל,ליטרים,3.00,ליטר,false,0,39.90,13.30,true,1,
7290000245775,false,פרסיל ג'ל לכביסה ירוק 3ל,הנקל סוד,IL,פרסיל ג'ל 3 ליטר,ליטרים,3.00,ליטר,false,0,39.90,13.30,true,1,
7290000245782,false,מרכך כביסה סוד ורוד 4 ל',הנקל סוד,IL,מרכך כביסה סוד ורוד 4 ל',ליטרים,4.00,ליטר,false,0,19.90,4.98,true,1,
7290000245799,false,מרכך כביסה סוד כחול 4 ל',הנקל סוד,IL,מרכך כביסה סוד כחול 4 ל',ליטרים,4.00,ליטר,false,0,19.90,4.98,true,1,
7290000253220,false,שוקולד צ'יפס חום 300 גרם,אופנהיימר,IL,שוקולד צ'יפס,גרמים,300.00,100 גרם,false,0,12.80,4.27,true,1,
7290000253251,false,שוקולד צ'יפס לבן 300 גרם,אופנהיימר,IL,שוקו צ'יפס לבן,גרמים,300.00,100 גרם,false,0,12.80,4.27,true,1,
7290000254807,false,צ'יטוס גבינה 100 גרם,עלית,IL,צ'יטוס גבינה,גרמים,100.00,100 גרם,false,0,6.70,6.70,true,1,
7290000256085,false,רולעדין גלילי ופל 100 גר,עדין,IL,גלילי רולעדין,גרמים,100.00,100 גרם,false,0,7.80,7.80,true,1,
7290000256252,false,פיצפולייט אורז תפוח450גר,עדין,IL,פיצפולייט,גרמים,450.00,100 גרם,false,0,19.70,4.38,true,1,
7290000260839,false,ספרינג משקה תפוזים 1.5ל',יפאורה שותפות מובגלת לשיווק,IL,ספרינג תפוזים,ליטרים,1.50,ליטר,false,0,6.90,4.60,true,1,
7290000260853,false,ספרינג משקה מנגו 1.5 ל',יפאורה שותפות מובגלת לשיווק,IL,ספרינג מנגו,ליטרים,1.50,ליטר,false,0,6.90,4.60,true,1,
7290000260860,false,ספרינג משקה אפרסק 1.5 ל',יפאורה שותפות מובגלת לשיווק,IL,ספרינג אפרסק,ליטרים,1.50,ליטר,false,0,6.90,4.60,true,1,
7290000260969,false,משקה ספרינג דיאט אשכו1.5,יפאורה שותפות מובגלת לשיווק,IL,ספרינג דיאט,ליטרים,1.50,ליטר,false,0,6.90,4.60,true,1,
7290000263359,false,40 האגיס ליטל בייביס,חוגלה קימברלי,IL,חיתולי האגיס,יחידה,1.00,יחידה,false,0,29.90,29.90,true,1,
7290000267036,false,שקד מולבן משובב100גשקדיה,שקדיה,IL,שקד מולבן משובב,גרמים,100.00,100 גרם,false,0,13.80,13.80,true,1,
7290000267043,false,שקד מולבן פרוס100ג'שקדיה,שקדיה,IL,שקד מולבן פרוס,גרמים,100.00,100 גרם,false,0,13.80,13.80,true,1,
7290000267050,false,שקד טבעי טחון100ג-'שקדיה,שקדיה,IL,שקד טבעי טחון,גרמים,100.00,100 גרם,false,0,13.80,13.80,true,1,
7290000267104,false,שקד טבעי גרוס100ג'שקדיה,שקדיה,IL,שקד טבעי גרוס,גרמים,100.00,100 גרם,false,0,13.80,13.80,true,1,
7290000267500,false,קליפות הדר בשוקולד200גרם,שקדיה,IL,קליפות הדר בשוק,גרמים,200.00,100 גרם,false,0,15.80,7.90,true,1,
7290000267548,false,אגוז מלך טחון100ג'שקדיה,שקדיה,IL,אגוז מלך טחון,גרמים,100.00,100 גרם,false,0,13.80,13.80,true,1,
7290000267555,false,בוטנים גרוסים 100ג'שקדיה,שקדיה,IL,בוטנים גרוסים,גרמים,100.00,100 גרם,false,0,6.90,6.90,true,1,
7290000267616,false,צנובר 100גרם,שקדיה,IL,צנובר 100 גרם,גרמים,100.00,100 גרם,false,0,29.60,29.60,true,1,
7290000272344,false,סירופ פטל עסיס 2 ליטר,בית השיטה,IL,סירופ בטעם פטל,ליטרים,2.00,ליטר,false,0,23.70,11.85,true,1,
7290000272351,false,סירופ ענבים עסיס 2 ליטר,בית השיטה,IL,סירופ ענבים,ליטרים,2.00,ליטר,false,0,23.70,11.85,true,1,
7290000272436,false,סירופ לימון דיאט 1 ליטר,בית השיטה,IL,סירופ דיאט לימון,ליטרים,1.00,ליטר,false,0,11.30,11.30,true,1,
7290000272443,false,סירופ תפוז דיאט 1 ליטר,בית השיטה,IL,סירופ דיאט תפוז,ליטרים,1.00,ליטר,false,0,11.30,11.30,true,1,
7290000272467,false,סירופ פטל דיאט 1 ליטר,בית השיטה,IL,סירופ פטל דיאט,ליטרים,1.00,ליטר,false,0,11.30,11.30,true,1,
7290000272696,false,מיץ לימון משומר-עסיס 1ל',בית השיטה,IL,מיץ לימון משומר,ליטרים,1.00,ליטר,false,0,11.80,11.80,true,1,
7290000272726,false,חומץ 5% 1 ליטר,בית השיטה,IL,חומץ 5%,ליטרים,1.00,ליטר,false,0,7.30,7.30,true,1,
7290000275970,false,מלך החומוס+גרגירים 400גר,צבר,IL,מלך החומוס צבר,גרמים,400.00,100 גרם,false,1,13.50,3.38,true,1,
7290000284316,false,קוקה קולה בקבוק 1.5 ליטר,החברה המרכזית לייצור משקאות,IL,קוקה קולה,ליטרים,1.50,ליטר,false,0,6.80,4.53,true,1,
7290000284347,false,קינלי סודה 1.5 ליטר,החברה המרכזית לייצור משקאות,IL,קינלי סודה,ליטרים,1.50,ליטר,false,0,4.60,3.07,true,1,
7290000284361,false,קולה דיאט בקבוק 1.5 ל',החברה המרכזית לייצור משקאות,IL,קוקה קולה דיאט,ליטרים,1.50,ליטר,false,0,6.80,4.53,true,1,
7290000284743,false,דיאט קולה נ.קופאין 1.5 ל,החברה המרכזית לייצור משקאות,IL,דיאט קולה,ליטרים,1.50,ליטר,false,0,7.70,5.13,true,1,
7290000285849,false,שוופס מי סודה 1.5 ליטר,יפאורה שותפות מובגלת לשיווק,IL,שוופס מי סודה,ליטרים,1.50,ליטר,false,0,3.90,2.60,true,1,
7290000286228,false,סנו סושי 6 כריות יפניות,סנו,IL,ספוגי סנו סושי,יחידה,1.00,יחידה,false,0,10.00,10.00,true,1,
7290000286297,false,סנו אנטיקאלק מסיר אבן700,סנו,IL,סנו מסיר אבן,מיליליטרים,700.00,"100 מ""ל",false,0,14.80,2.11,true,1,
7290000286549,false,מטליות רב שימוש 9 יח',סנו,IL,מטליות רב שימוש 9 יח',יחידה,1.00,יחידה,false,0,7.90,7.90,true,1,
7290000286761,false,ניילון נצמד 30*2 מטר,סנו,IL,צמד ניילון נצמד,מטרים,60.00,מטר,false,0,10.00,0.17,true,1,
7290000286914,false,"ספריי סנו עמילן 500 מ""ל",סנו,IL,ספריי סנו עמילן,מיליליטרים,500.00,"100 מ""ל",false,0,19.70,3.94,true,1,
7290000287102,false,סנו שמפו לשטיחים 540 גרם,סנו,IL,סנו שמפו לשטיחים,גרמים,540.00,100 גרם,false,0,20.90,3.87,true,1,
7290000287492,false,סנובון נוזלי לימון 750מל,סנו,IL,סנובון נוזלי,מיליליטרים,750.00,"100 מ""ל",false,0,13.80,1.84,true,1,
7290000287621,false,סנו אנטי קאלק לאסלות750מ,סנו,IL,סנו מנקה אסלות,מיליליטרים,750.00,"100 מ""ל",false,0,10.00,1.33,true,1,
7290000288017,false,סנו ג'אוול לימון 1 ליטר,סנו,IL,סנו JAVEL,ליטרים,1.00,ליטר,false,0,9.00,9.00,true,1,
7290000288024,false,סנו ג'אוול לימון 4 ליטר,סנו,IL,סנו JAVEL אקונומ,ליטרים,4.00,ליטר,false,0,16.90,4.23,true,1,
7290000288031,false,סנו אקונמיקה 4 ליטר,סנו,IL,סנו אקונמיקה,ליטרים,4.00,ליטר,false,0,12.60,3.15,true,1,
7290000288048,false,סנו ג'אוול מרסס לבנדר 1ל,סנו,IL,סנו ג'אוול לבנדר,ליטרים,1.00,ליטר,false,0,18.90,18.90,true,1,
7290000288109,false,אבקת מקסימה ג'אבל 1.25קג,סנו,IL,א.כביסה מקסימה,קילוגרמים,1.25,"ק""ג",false,0,14.90,11.92,true,1,
7290000288352,false,300-K קוטל חרק/.זוחל630מ,סנו,IL,300-K קוטל חרק,מיליליטרים,630.00,"100 מ""ל",false,0,23.00,3.65,true,1,
7290000288383,false,500-K תרס.נגד נמלים 400מ,סנו,IL,סנו 500-K תרסיס,מיליליטרים,400.00,"100 מ""ל",false,0,25.70,6.43,true,1,
7290000288642,false,מרכך מקסימה סנסטיב 4 ל',סנו,IL,מרכך כביסה,ליטרים,4.00,ליטר,false,0,22.90,5.73,true,1,
7290000289069,false,סנו ג'אוול מרסס לימון 1ל,סנו,IL,סנו ג'אוול מרסס,ליטרים,1.00,ליטר,false,0,18.90,18.90,true,1,
7290000289595,false,אורביטול קיד תות 145 גרם,קוסמופארם,IL,משחת שיניים,גרמים,145.00,100 גרם,false,0,8.80,6.07,true,1,
7290000289601,false,סנו ג'אוול לבנדר 2 ליטר,סנו,IL,סנו ג'אוול לבנדר 2 ליטר,ליטרים,2.00,ליטר,false,0,13.60,6.80,true,1,
7290000289748,false,"סנו פורטה פלוס 750 מ""ל",סנו,IL,סנו פורטה פלוס,מיליליטרים,750.00,"100 מ""ל",false,0,14.80,1.97,true,1,
7290000289915,false,"סנופרש וניל מתוק 375 מ""ל",סנו,IL,מטהר סנופרש,מיליליטרים,375.00,"100 מ""ל",false,0,11.80,3.15,true,1,
7290000291932,false,סנובון נוזלי לבנדר 750מל,סנו,IL,סנובון נוזלי,מיליליטרים,750.00,"100 מ""ל",false,0,13.80,1.84,true,1,
7290000292311,false,פוליויקס סחלבים 2 ליטר,סנו,IL,סנו פוליויקס,ליטרים,2.00,ליטר,false,0,26.00,13.00,true,1,
7290000292687,false,סנובון כחול שלישיה55*3גר,סנו,IL,סנובון כחול 3 יח,גרמים,165.00,100 גרם,false,0,17.70,10.73,true,1,
7290000293073,false,מרכך כביסה מקסימה ביו4ל',סנו,IL,מרכך כביסה,ליטרים,4.00,ליטר,false,0,22.90,5.73,true,1,
7290000293561,false,"סנו מסיר עובש 750 מ""ל",סנו,IL,סנו מסיר עובש,מיליליטרים,750.00,"100 מ""ל",false,0,22.90,3.05,true,1,
7290000293943,false,סנו אנטי קאלק מרסס 1 ל',סנו,IL,סנו אנטי קאלק,ליטרים,1.00,ליטר,false,0,17.10,17.10,true,1,
7290000294391,false,סנו ג'ט לניקוי כללי 4ל,סנו,IL,סנו ג'ט,ליטרים,4.00,ליטר,false,0,15.00,3.75,true,1,
7290000294575,false,רב מגבת סנו סושי 63 דפים,סנו,IL,רב מגבת סנו סושי,מטרים,14.00,מטר,false,0,7.90,0.56,true,1,
7290000294780,false,סנו ג'אול אקונומ.סמיכה4ל,סנו,IL,סנו ג'אוול 4 ל,ליטרים,4.00,ליטר,false,0,16.90,4.23,true,1,
7290000295336,false,אבקת מקסימה סנסטיב 1.25ק,סנו,IL,אבקת כביסה,קילוגרמים,1.25,"ק""ג",false,0,14.90,11.92,true,1,
7290000295367,false,אבקת מקסימה ג'אוול 2.5קג,סנו,IL,אבקת כביסה,קילוגרמים,2.50,"ק""ג",false,0,22.90,9.16,true,1,
7290000295404,false,סושי60שקיות אשפה כחולות,סנו,IL,שקיות אשפה,יחידה,1.00,יחידה,false,0,20.00,20.00,true,1,
7290000295503,false,סושי זוג שקיות אוכל150*2,סנו,IL,שקיות אוכל צמד,יחידה,1.00,יחידה,false,0,13.90,13.90,true,1,
7290000295541,false,סנו סושי 75רב מגבת ג'מבו,סנו,IL,סנו סושי רב מגבת,מטרים,21.00,מטר,false,0,17.10,0.81,true,1,
7290000295558,false,2רדידי אלומיניום0.3*7.5מ,סנו,IL,צמד רדידי אלומינ,מטרים,15.00,מטר,false,0,10.00,0.67,true,1,
7290000295572,false,"מנקה אסלות ""00"" 750*2מל",סנו,IL,צמד מנקה אסלות,ליטרים,1.50,ליטר,false,0,19.70,13.13,true,1,
7290000300115,false,שניצל מן הצומח 1 קג,טבעול,IL,שניצל מן הצומח,גרמים,1000.00,100 גרם,false,0,42.90,4.29,true,1,
7290000300139,false,המבורגר מן הצומח 750 גרם,טבעול,IL,המבורגר מן הצומח,גרמים,750.00,100 גרם,false,0,40.00,5.33,true,1,
7290000300337,false,נקנקיה וינר מן הצומח 750,טבעול,IL,נקניקיה מן הצומח,גרמים,750.00,100 גרם,false,0,34.70,4.63,true,1,
7290000300689,false,שניצל ברוקולי 750 גרם,טבעול,IL,שניצל ברוקולי,גרמים,750.00,100 גרם,false,0,36.80,4.91,true,1,
7290000300900,false,שניצל תירס 750 גרם,טבעול,IL,שניצל תירס 750 גרם,גרמים,750.00,100 גרם,false,0,27.70,3.69,true,1,
7290000300924,false,שניצל תרד 750 גרם,טבעול,IL,שניצל תרד,גרמים,750.00,100 גרם,false,0,33.20,4.43,true,1,
7290000301655,false,חטיפי תירס 600 גרם,טבעול,IL,חטיפי תירס טבעול,גרמים,600.00,100 גרם,false,0,27.60,4.60,true,1,
7290000301662,false,שניצל מןהצומח %5שומן 750,טבעול,IL,שניצל מן הצומח,גרמים,750.00,100 גרם,false,0,39.30,5.24,true,1,
7290000302027,false,טיים RED 10 יח',"דובק בע""מ",IL,טיים RED חבילה,יחידה,1.00,יחידה,false,0,275.00,275.00,false,1,
7290000302881,false,גולף גולד 100 פ.ע 10יח,"דובק בע""מ",,גולף גולד,יחידה,1.00,יחידה,false,0,285.00,285.00,false,1,
7290000303598,false,שעועית אפויה+רוטב 570 גר,פרי גליל,IL,שעועית ברוטב,גרמים,570.00,100 גרם,false,0,9.50,1.67,true,1,
7290000303604,false,חומוס שלם 550 גרם,פרי גליל,IL,חומוס שלם,גרמים,550.00,100 גרם,false,0,7.20,1.31,true,1,
7290000304526,false,ממרח סלמון 100 גרם,סטארקיסט,IL,ממרח סלמון,גרמים,100.00,100 גרם,false,0,8.60,8.60,true,1,
7290000304663,false,"סלט טונה פיקנטי""נון160""ג",סטארקיסט,IL,סלט טונה פיקנט,גרמים,160.00,100 גרם,false,0,7.50,4.69,true,1,
7290000305066,false,סרדין סטאר בשמן זית 120ג,.אל.גי.אם.סי,IL,סרדין סטאר,גרמים,120.00,100 גרם,false,0,7.50,6.25,true,1,
7290000305349,false,פסטרמה טונה מעוש.בשמן120,סטארקיסט,IL,פסטרמה טונה,גרמים,120.00,100 גרם,false,0,15.30,12.75,true,1,
7290000305882,false,אס ירקות עם דגים+רוטב120,סטארקיסט,IL,אס דגים+ירקות,גרמים,120.00,100 גרם,false,0,5.80,4.83,true,1,
7290000307015,false,אפונת גינה גדולה 550 גר',פרי גליל,IL,אפונת גינה,גרמים,550.00,100 גרם,false,0,7.90,1.44,true,1,
7290000307046,false,אפונת גינה וגזר 550 גרם,פרי גליל,IL,אפונת גינה וגזר,גרמים,550.00,100 גרם,false,0,7.50,1.36,true,1,
7290000307220,false,גרעיני תירס ואקום 340 גר,פרי גליל,IL,גרעיני תירס,גרמים,340.00,100 גרם,false,0,6.60,1.94,true,1,
7290000307237,false,גרעיני תירס מתוק 550 גרם,פרי גליל,IL,גרעיני תירס,גרמים,550.00,100 גרם,false,0,6.80,1.24,true,1,
7290000307343,false,שעועית ירוקה חתוכה 550 ג,פרי גליל,IL,שעועית ירוקה,גרמים,550.00,100 גרם,false,0,8.00,1.45,true,1,
7290000311210,false,ופלים מן בטעם לימון 200ג,רוקחמן,IL,וופלים לימון,גרמים,200.00,100 גרם,false,0,4.90,2.45,true,1,
7290000315157,false,מיונז אמיתי לחיץ 385 גרם,בסט פודס,IL,מיונז אמיתי לחיץ,גרמים,385.00,100 גרם,false,0,15.80,4.10,true,1,
7290000315324,false,רקסונה ספריי שאוור 150מ,קוסטר,TR,דאו.רקסונה,מיליליטרים,150.00,"100 מ""ל",false,0,11.90,7.93,true,1,
7290000315560,false,מיונז לחיץ לייט 385 גרם,בסט פודס,IL,מיונז לחיץ לייט,גרמים,385.00,100 גרם,false,0,15.80,4.10,true,1,
7290000316444,false,ברנפלקס ל.תוספת סוכר500ג,יוניליוור,IL,"ברנפלקס ללת""ס",גרמים,500.00,100 גרם,false,0,25.70,5.14,true,1,
7290000316833,false,נשנושי ברנפלקס 375 גרם,יוניליוור,IL,נשנושי ברנפלקס,גרמים,375.00,100 גרם,false,0,17.90,4.77,true,1,
7290000318080,false,פסטרמה של פעם 300 גרם,מעדני יחיעם,IL,פסטרמה של פעם,גרמים,300.00,100 גרם,false,0,30.00,10.00,true,1,
7290000318677,false,סלמי סרוולט 150 גרם,מעדני יחיעם,IL,סלמי סרוולט,גרמים,150.00,100 גרם,false,0,24.70,16.47,true,1,
7290000318806,false,סלמי סרוולד אמיתי במשקל,מעדני יחיעם,IL,סלמי סרוולד אמיתי במשקל,קילוגרמים,0.00,"ק""ג",true,0,147.00,147.00,true,1,
7290000318868,false,סלמי פפרוני במשקל,מעדני יחיעם,IL,סלמי פפרוני במשקל,קילוגרמים,0.00,"ק""ג",true,0,73.00,73.00,true,1,
7290000318929,false,סלמי צרפתי מובחר במשקל,מעדני יחיעם,IL,סלמי צרפתי מובחר במשקל,קילוגרמים,0.00,"ק""ג",true,0,147.00,147.00,true,1,
7290000318943,false,פסטרמה של פעם 200 גרם,מעדני יחיעם,IL,פסטרמה של פעם,גרמים,200.00,100 גרם,false,0,23.90,11.95,true,1,
7290000319131,false,נקניקיות עוף 400 גרם,מעדני יחיעם,IL,נקניקיות עוף,גרמים,400.00,100 גרם,false,0,13.30,3.33,true,1,
7290000319520,false,סלמי צרפתי 100 גרם,מעדני יחיעם,IL,סלמי צרפתי,גרמים,100.00,100 גרם,false,0,22.00,22.00,true,1,
7290000319728,false,איטלקי מפולפל במשקל,מעדני יחיעם,IL,איטלקי מפולפל במשקל,קילוגרמים,0.00,"ק""ג",true,0,73.00,73.00,true,1,
7290000319759,false,"סלמי תה יחיעם ק""ג",מעדני יחיעם,IL,"סלמי תה יחיעם ק""ג",קילוגרמים,0.00,"ק""ג",true,5,39.00,39.00,true,1,
7290000319803,false,קבנוס קלאסי 125גרם,מעדני יחיעם,IL,קבנוס קלאסי,גרמים,125.00,100 גרם,false,5,15.90,12.72,true,1,
7290000327372,false,ג'אמפ אשכוליות דיאט1.5ל',טמפו,IL,ג'אמפ דיאט,ליטרים,1.50,ליטר,false,0,6.80,4.53,true,1,
7290000327440,false,ג'אמפ מנגו פסיפלורה 1.5ל,טמפו,IL,ג'אמפ מנגו,ליטרים,1.50,ליטר,false,0,6.80,4.53,true,1,
7290000327532,false,פפסי קולה 1.5*6 ליטר,טמפו,IL,פפסי קולה 6 יח,ליטרים,9.00,ליטר,false,0,23.90,2.66,true,1,
7290000327624,false,מי סודה 1.5 ליטר,טמפו,IL,מי סודה,ליטרים,1.50,ליטר,false,0,3.50,2.33,true,1,
7290000327693,false,סודה פירות יער,,IL,סודה פירות יער,ליטרים,1.50,ליטר,false,0,4.80,3.20,true,1,
7290000327716,false,סודה אננס,,IL,סודה אננס,ליטרים,1.50,ליטר,false,0,4.80,3.20,true,1,
7290000327778,false,סודה בטעם אבטיח,,IL,סודה בטעם אבטיח,ליטרים,1.50,ליטר,false,0,4.80,3.20,true,1,
7290000334141,false,"תפוגן 1,2,3 750 גרם",תפוגן,IL,"תפוגן 1,2,3",גרמים,750.00,100 גרם,false,0,25.40,3.39,true,1,
7290000334325,false,מארז ציפס למיקרו שלישיות,תפוגן,IL,ציפס למיקרו,גרמים,375.00,100 גרם,false,0,15.80,4.21,true,1,
7290000334400,false,שניצל מן הצומח 750 גרם,תפוגן,IL,שניצל מן הצומח 750 גרם,גרמים,750.00,100 גרם,false,0,22.90,3.05,true,1,
7290000334431,false,שניצל תירס 750 גרם,תפוגן,IL,שניצל תירס 750 גרם,גרמים,750.00,100 גרם,false,0,22.90,3.05,true,1,
7290000334684,false,טבעות בצל לתנור 700 גרם,תפוגן,IL,טבעות בצל לתנור,גרמים,700.00,100 גרם,false,0,19.70,2.81,true,1,
7290000334981,false,"אמריקן צ'יפס 1,2,3 750גר",תפוגן,IL,אמריקן צ'יפס,גרמים,750.00,100 גרם,false,0,25.40,3.39,true,1,
7290000336053,false,סיידר תרכיז טבעי בק330.מ,טמפו,IL,סיידר תרכיז טב,מיליליטרים,330.00,"100 מ""ל",false,0,11.00,3.33,true,1,
7290000339566,false,מרכך כביסה בדין ורוד 4 ל,יוניליוור,IL,מרכך כביסה בדין,ליטרים,4.00,ליטר,false,0,24.70,6.18,true,1,
7290000341071,false,מרכך כביסה בדין בייבי 2ל,יוניליוור,IL,מרכך כביסה בייבי,ליטרים,2.00,ליטר,false,0,20.80,10.40,true,1,
7290000342832,false,מרכך כביסה בדין צהוב 4 ל,יוניליוור,IL,מרכך כביסה בדין,ליטרים,4.00,ליטר,false,0,24.70,6.18,true,1,
7290000342856,false,מרכך כביסה בדין כחול 4 ל,יוניליוור,IL,מרכך כביסה בדין,ליטרים,4.00,ליטר,false,0,24.70,6.18,true,1,
7290000345055,false,ארל גריי תה עלים 100 גרם,ויסוצקי,IL,ארל גריי תה עלים 100 גרם,גרמים,100.00,100 גרם,false,0,16.00,16.00,true,1,
7290000345215,false,תה ויסוצקי כחול 100שק1*ג,ויסוצקי,IL,תה ויסוצקי כחול 100שק1*ג,גרמים,100.00,100 גרם,false,0,16.90,16.90,true,1,
7290000345260,false,תה ויסוצקי 25שק1.5*גרם,ויסוצקי,IL,תה ויסוצקי 25שק1.5*גרם,גרמים,37.00,100 גרם,false,0,8.00,21.62,true,1,
7290000345284,false,תה קלאסיק 100שק1.5*גרם,ויסוצקי,IL,תה ויסוצקי ירוק,גרמים,150.00,100 גרם,false,0,17.90,11.93,true,1,
7290000345291,false,תה ארל גריי 25שק1.5*גרם,ויסוצקי,IL,תה ארל גריי 25שק1.5*גרם,גרמים,37.00,100 גרם,false,0,18.20,49.19,true,1,
7290000345307,false,תה ארל גריי 50 שק1.5*גרם,ויסוצקי,IL,תה ארל גריי 50שק,גרמים,75.00,100 גרם,false,0,31.90,42.53,true,1,
7290000345536,false,תה נענע 25 שקX. 1.5 גרם,ויסוצקי,IL,תה נענע 25 שקX. 1.5 גרם,גרמים,37.00,100 גרם,false,0,18.60,50.27,true,1,
7290000346137,false,הילולי פירות הגן 2.5X25ג,ויסוצקי,IL,חליטת פירות,גרמים,62.00,100 גרם,false,0,13.90,22.42,true,1,
7290000346168,false,חליטת שומר 25 שק1.5X'ג,ויסוצקי,IL,חליטת שומר,גרמים,37.00,100 גרם,false,0,13.90,37.57,true,1,
7290000346199,false,תה פירות יער 25שק2.7Xג,ויסוצקי,IL,חליטת פירות היער,גרמים,67.00,100 גרם,false,0,13.90,20.75,true,1,
7290000346205,false,חל.קמומיל-גן קסום1.5ג25X,ויסוצקי,IL,חליטת קמומיל,גרמים,37.00,100 גרם,false,0,13.90,37.57,true,1,
7290000346212,false,חליטת מנטה גן קסום2ג25Xש,ויסוצקי,IL,חליטת מנטה,גרמים,50.00,100 גרם,false,0,13.90,27.80,true,1,
7290000346236,false,תה לואיזה גן קסום25י2Xגר,ויסוצקי,IL,תה לואיזה וורבנה,גרמים,50.00,100 גרם,false,0,13.90,27.80,true,1,
7290000347738,false,תה ירוק עם נענע 25ש1.5Xג,ויסוצקי,IL,תה ירוק נענע,גרמים,37.00,100 גרם,false,0,21.90,59.19,true,1,
7290000347752,false,תה ירוק+לימונ.ולואיזה25ש,ויסוצקי,IL,תה ירוק לימונית,גרמים,37.00,100 גרם,false,0,21.90,59.19,true,1,
7290000355757,false,עגבנ.מרוסקות טל וטרי800ג,מילוז,IL,עגבניות מרוסקות,גרמים,800.00,100 גרם,false,0,8.80,1.10,true,1,
7290000356631,false,עגבנ.מרוסק.טל וטרי300X2ג,מילוז,IL,עגבנ.מרוסקות 2יח,גרמים,600.00,100 גרם,false,0,11.10,1.85,true,1,
7290000356730,false,רסק עגבניות 330X2 גרם,מילוז,IL,רסק עגבניות,גרמים,660.00,100 גרם,false,0,11.20,1.70,true,1,
7290000357386,false,פילה מרלוזה קפוא מחיר לפ,דלידג - נטו,AR,פילה מרלוזה,קילוגרמים,0.00,"ק""ג",true,0,32.90,32.90,true,1,
7290000359472,false,נקטר אפרסק פרימור 1 ליטר,גניר,IL,נקטר אפרסק,ליטרים,1.00,ליטר,false,0,5.30,5.30,true,1,
7290000363011,false,נקניק קוניאק מובחר משקל,טירת צבי,IL,נקניק קוניאק,קילוגרמים,0.00,"ק""ג",true,0,79.00,79.00,true,1,
7290000363189,false,סלמי סרוולד משקל,טירת צבי,IL,סלמי סרוולד,קילוגרמים,0.00,"ק""ג",true,0,153.00,153.00,true,1,
7290000363400,false,סלמי פפרוני במשקל,טירת צבי,IL,סלמי פפרוני,קילוגרמים,0.00,"ק""ג",true,0,76.00,76.00,true,1,
7290000363462,false,מעושן איטלקי משקל,טירת צבי,IL,מעושן איטלקי,קילוגרמים,0.00,"ק""ג",true,0,79.00,79.00,true,1,
7290000363486,false,נקניק תה במשקל,טירת צבי,IL,נקניק תה,קילוגרמים,0.00,"ק""ג",true,0,58.00,58.00,true,1,
7290000364261,false,סלסולי כתף בקר 120 גרם,טירת צבי,IL,דקניקים כתף בקר,גרמים,120.00,100 גרם,false,0,17.30,14.42,true,1,
7290000364278,false,סלסולי סלמי איטלקי 120גר,טירת צבי,IL,דקניקים סלמי דק,גרמים,120.00,100 גרם,false,0,17.30,14.42,true,1,
7290000364292,false,סלסולי פסטרמה גחלים 120ג,טירת צבי,IL,דקמיקים פסטרמה,גרמים,120.00,100 גרם,false,0,17.30,14.42,true,1,
7290000364759,false,נקניקיות קרנץ וינר 500גר,טירת צבי,IL,נקניקיות וינר,גרמים,500.00,100 גרם,false,0,16.20,3.24,true,1,
7290000364773,false,נקניקיות עוף תפזורת משקל,טירת צבי,IL,נקניקיות עוף,קילוגרמים,0.00,"ק""ג",true,0,27.70,27.70,true,1,
7290000364803,false,נקנ. אמריקאיות/קרנץ 500ג,טירת צבי,IL,נקניקיות בקר,גרמים,500.00,100 גרם,false,0,31.10,6.22,true,1,
7290000364858,false,"נקניקיות עוף בואקום 1ק""ג",טירת צבי,IL,נקניקיות עוף,קילוגרמים,1.00,"ק""ג",false,0,32.70,32.70,true,1,
7290000364872,false,נקניקיות עוף 400 גרם,טירת צבי,IL,נקניקיות עוף,גרמים,400.00,100 גרם,false,0,16.10,4.03,true,1,
7290000365046,false,כתף בקר מעושן במשקל,טירת צבי,IL,כתף בקר מעושן,קילוגרמים,0.00,"ק""ג",true,0,107.00,107.00,true,1,
7290000365077,false,חזה אווז מעושן משקל,טירת צבי,IL,חזה אווז מעושן,קילוגרמים,0.00,"ק""ג",true,0,176.00,176.00,true,1,
7290000365107,false,כתף מפולפל משקל,טירת צבי,IL,כתף מפולפל,קילוגרמים,0.00,"ק""ג",true,0,107.00,107.00,true,1,
7290000365398,false,חזה הודו בדבש במשקל,טירת צבי,IL,חזה הודו בדבש,קילוגרמים,0.00,"ק""ג",true,0,91.00,91.00,true,1,
7290000365756,false,פסטרמה על גחלים ד.ש משקל,טירת צבי,IL,פסטרמה על גחלים,קילוגרמים,0.00,"ק""ג",true,0,91.00,91.00,true,1,
7290000365909,false,פסטרמה טבעית משקל,טירת צבי,IL,פסטרמה טבעית,קילוגרמים,0.00,"ק""ג",true,0,91.00,91.00,true,1,
7290000365954,false,פסטרמה על גחלים משקל,טירת צבי,IL,פסטרמה על גחלי,קילוגרמים,0.00,"ק""ג",true,0,91.00,91.00,true,1,
7290000365978,false,פסטרמה בשום וצ'לי במשקל,טירת צבי,IL,פסטרמה בשום וצ'לי במשקל,קילוגרמים,0.00,"ק""ג",true,0,91.00,91.00,true,1,
7290000367590,false,פסטרמה כפרית+סלמי 400*2ג,טירת צבי,IL,צמד כפרי נקניקים,גרמים,800.00,100 גרם,false,0,38.10,4.76,true,1,
7290000379142,false,לחם עינן פרוס וארוז 750ג,מאפיית שלמה א. אנג'ל,IL,לחם עינן פרוס וארוז 750ג,גרמים,750.00,100 גרם,false,0,15.80,2.11,true,1,
7290000379203,false,לחם עינן קל 500 גרם,מאפיית שלמה א. אנג'ל,IL,לחם עינן קל 500 גרם,גרמים,500.00,100 גרם,false,0,15.80,3.16,true,1,
7290000379357,false,חלה קלה פרוסה 500 גרם,מאפיית שלמה א. אנג'ל,IL,חלה קלה פרוסה 500 גרם,גרמים,500.00,100 גרם,false,0,15.80,3.16,true,1,
7290000379364,false,לחם לבן פרוס 750 גרם,מאפיית שלמה א. אנג'ל,IL,לחם לבן פרוס 750 גרם,גרמים,750.00,100 גרם,false,0,9.10,1.21,true,1,
7290000396439,false,עגבניות שרי מידיפלס יח,קטיף,IL,ע.שרי מידיפלם-יח,יחידה,1.00,יחידה,false,0,9.90,9.90,true,1,
7290000408316,false,יוגורט ביו 3% דנונה 200ג,שטראוס,IL,יוגורט ביו 3%,גרמים,200.00,100 גרם,false,0,3.70,1.85,true,1,
7290000408354,false,דנונה בר פצפוצים 173 גרם,שטראוס,IL,דנונה בר פצפוצים,גרמים,173.00,100 גרם,false,0,4.50,2.60,true,1,
7290000412481,false,"מנקה אסלות ""00"" 1 ליטר",סנו,IL,"מנקה אסלות 00""",ליטרים,1.00,ליטר,false,0,8.70,8.70,true,1,
7290000415987,false,קובה חמוסטה מוכן 400 גרם,יסמין,IL,קובה חמוסטה מוכן,גרמים,400.00,100 גרם,false,0,23.90,5.98,true,1,
7290000416021,false,ממרח בטעם שוקולד 500גר,השחר,IL,ממרח השחר,גרמים,500.00,100 גרם,false,0,12.90,2.58,true,1,
7290000416045,false,ממרח מובחר מריחה השחר1קג,השחר,IL,ממרח השחר,קילוגרמים,1.00,"ק""ג",false,0,24.70,24.70,true,1,
7290000416168,false,קרם למריחה בשפופרת330ג,השחר,IL,קרם למריחה,גרמים,330.00,100 גרם,false,0,9.90,3.00,true,1,
7290000416632,false,ממרח טעם שוקולד פרווה1קג,השחר,IL,ממרח שוקולד השחר,קילוגרמים,1.00,"ק""ג",false,0,28.40,28.40,true,1,
7290000416892,false,ק.למריחה בשפופרת תפוז330,השחר,IL,קרם למריחה,גרמים,330.00,100 גרם,false,1,9.90,3.00,true,1,
7290000419107,false,קפה שחור לנדוור 100 גרם,קפה לנדוור,IL,קפה שחור לנדוור,גרמים,100.00,100 גרם,false,0,9.30,9.30,true,1,
7290000419114,false,קפה טחון טורקי לנדור200ג,קפה לנדוור,IL,קפה שחור לנדוור,גרמים,200.00,100 גרם,false,0,18.30,9.15,true,1,
7290000419367,false,קפה לנדוור מקורי 70*4גרם,קפה לנדוור,,קפה לנדוור 4 יח',גרמים,280.00,100 גרם,false,0,22.30,7.96,true,1,
7290000419893,false,קפה לנדור לבוקר טחון100ג,קפה לנדוור,IL,קפה לנדור לבוקר טחון100ג,גרמים,100.00,100 גרם,false,0,9.30,9.30,true,1,
7290000420325,false,גרע.תירס טבעי-מיקרו100*5,פרסטון פארמס,US,פופקורן למיקרו,גרמים,500.00,100 גרם,false,0,13.90,2.78,true,1,
7290000420332,false,פופקורן חמאה מיקרו100*5ג,פרסטון פארמס,US,פופקורן למיקרו,גרמים,500.00,100 גרם,false,0,13.90,2.78,true,1,
7290000420417,false,גלילונית עם שרוך 65*52סמ,אשפלסט,IL,גלילונית שרוך,יחידה,1.00,יחידה,false,0,19.90,19.90,true,1,
7290000432144,false,נרות שבת אקספורט,,IL,נרות שבת אקספורט,יחידה,1.00,יחידה,false,0,30.30,30.30,true,1,
7290000432182,false,נר נשמה בכוס,,IL,נר נשמה בכוס,יחידה,1.00,יחידה,false,0,5.00,5.00,true,1,
7290000432205,false,נר נשמה בכוס,,IL,נר נשמה בכוס,יחידה,1.00,יחידה,false,0,6.40,6.40,true,1,
7290000432335,false,נר נשמה בכוס,,IL,נר נשמה בכוס,יחידה,1.00,יחידה,false,0,8.00,8.00,true,1,
7290000432359,false,נר שבועי,,IL,נר שבועי,יחידה,1.00,יחידה,false,0,12.80,12.80,true,1,
7290000432595,false,נר הבדלה שטוח בודד,,IL,נר הבדלה שטוח בודד,יחידה,1.00,יחידה,false,0,11.70,11.70,true,1,
7290000432632,false,נרות שבת,,IL,נרות שבת,יחידה,1.00,יחידה,false,0,4.20,4.20,true,1,
7290000432649,false,נרות שבת,,IL,נרות שבת,יחידה,1.00,יחידה,false,0,4.20,4.20,true,1,
7290000432656,false,נרות שבת,,IL,נרות שבת,יחידה,1.00,יחידה,false,0,4.20,4.20,true,1,
7290000432687,false,נרות שבת,,IL,נרות שבת,יחידה,1.00,יחידה,false,0,4.20,4.20,true,1,
7290000432922,false,נריות,,IL,נריות,יחידה,1.00,יחידה,false,0,24.50,24.50,true,1,
7290000433684,false,פפסי קולה 1.5 ליטר,טמפו,IL,פפסי קולה,ליטרים,1.50,ליטר,false,0,5.90,3.93,true,1,
7290000433714,false,סבן אפ 1.5 ליטר,טמפו,IL,סבן אפ,ליטרים,1.50,ליטר,false,0,6.10,4.07,true,1,
7290000433745,false,מירינדה 1.5 ליטר,טמפו,IL,מירינדה תפוזים,ליטרים,1.50,ליטר,false,0,6.10,4.07,true,1,
7290000433899,false,דיאט סבן אפ 1.5 ליטר,טמפו,IL,דיאט סבן אפ,ליטרים,1.50,ליטר,false,0,6.10,4.07,true,1,
7290000433974,false,פפסי מקס 1.5 ליטר,טמפו,IL,פפסי מקס,ליטרים,1.50,ליטר,false,0,6.10,4.07,true,1,
7290000446547,false,חמאת בוטנים,,IL,חמאת בוטנים,גרמים,350.00,100 גרם,false,0,14.90,4.26,true,1,
7290000450209,false,טונה פוסידון בשמן 108גרם,פוסידון תעשיות,IL,טונה פוסידון בשמן 108גרם,גרמים,108.00,100 גרם,false,0,6.70,6.20,true,1,
7290000453019,false,שמרית-שמרים לחים 50 גרם,פאקא,IL,שמרית-שמרים טרי,גרמים,50.00,100 גרם,false,0,4.40,8.80,true,1,
7290000453125,false,שמרית+משפר אפיה ביתית100,פאקא,IL,שמרית+ משפר אפיה,גרמים,100.00,100 גרם,false,0,7.80,7.80,true,1,
7290000461625,false,בייגלה שמיניות מלוח400גר,יוניליוור,IL,בייגלה שמיניות,גרמים,400.00,100 גרם,false,0,7.90,1.98,true,1,
7290000461656,false,בייגל אחד אחד 400 גרם,יוניליוור,IL,בייגלה מקלות,גרמים,400.00,100 גרם,false,0,7.90,1.98,true,1,
7290000462103,false,סחוג זהבי אדום 150 גרם,זהבי הכרם,IL,סחוג זהבי אדום,גרמים,150.00,100 גרם,false,0,8.10,5.40,true,1,
7290000462172,false,סחוג זהבי ירוק 150 גרם,זהבי הכרם,IL,סחוג זהבי ירוק,גרמים,150.00,100 גרם,false,0,8.10,5.40,true,1,
7290000463223,false,זית גדול מאד שום560ג,בית השיטה,IL,זיתים טעם שום,גרמים,560.00,100 גרם,false,0,11.70,2.09,true,1,
7290000465494,false,זית סורי מבוקע 560 גרם,בית השיטה,IL,זית סורי מבוקע,גרמים,560.00,100 גרם,false,0,11.70,2.09,true,1,
7290000466163,false,מלפ.גולן מלח 7-9 560 גרם,בית השיטה,IL,מלפפונים במלח,גרמים,560.00,100 גרם,false,0,7.10,1.27,true,1,
7290000466170,false,מלפ.גלעד 12-10מלח 560גרם,בית השיטה,IL,מלפפונים במלח,גרמים,560.00,100 גרם,false,0,7.60,1.36,true,1,
7290000466187,false,מלפפונים במלח 13-17 560ג,בית השיטה,IL,מלפפונים במלח,גרמים,560.00,100 גרם,false,0,10.80,1.93,true,1,
7290000466194,false,מלפפונ.במלח18-25 560 גרם,בית השיטה,IL,מלפפונים במלח,גרמים,560.00,100 גרם,false,0,12.60,2.25,true,1,
7290000467153,false,מלך החומוס סמיר הגדול400,צבר,IL,חומוס סמיר הגדול,גרמים,400.00,100 גרם,false,0,13.50,3.38,true,1,
7290000467160,false,מלפפון בחומץ גדול7-9 560,בית השיטה,IL,מלפפונים בחומץ,גרמים,560.00,100 גרם,false,0,7.10,1.27,true,1,
7290000467177,false,מלפפון 12-10 בחומץ 560גר,בית השיטה,IL,מלפפונים בחומץ,גרמים,560.00,100 גרם,false,0,7.60,1.36,true,1,
7290000467191,false,מלפ.בחומץ18-25 560 גרם,בית השיטה,IL,מלפפונים בחומץ,גרמים,560.00,100 גרם,false,0,12.60,2.25,true,1,
7290000467320,false,מלך חומוס אבו מרוואן400ג,צבר,IL,מלך החומוס צבר,גרמים,400.00,100 גרם,false,0,13.50,3.38,true,1,
7290000474021,false,חלב מפוסטר שקית 3% 1 ל',טרה,IL,חלב טרה שקית 3%3,ליטרים,1.00,ליטר,false,0,5.00,5.00,true,1,
7290000474076,false,חלב הומוגני בקרטון3% 1ל,טרה,IL,חלב טרי טרה 3%,ליטרים,1.00,ליטר,false,0,5.75,5.75,true,1,
7290000474090,false,חלב הומוגני 1% קרטון 1 ל,טרה,IL,חלב טרי טרה 1%,ליטרים,1.00,ליטר,false,0,5.40,5.40,true,1,
7290000474373,false,"שמנת חמוצה15% 200 מ""ל",טרה,IL,שמנת חמוצה15%,מיליליטרים,200.00,"100 מ""ל",false,0,2.20,1.10,true,1,
7290000474410,false,חמאה 100 גרם,טרה,IL,חמאה טרה,גרמים,100.00,100 גרם,false,0,3.80,3.80,true,1,
7290000474502,false,גבינה לבנה 5% טרה 250 גר,טרה,IL,גבינה לבנה 5%,גרמים,250.00,100 גרם,false,0,4.60,1.84,true,1,
7290000474540,false,גבי. טוב טעם 3% 250גרם,טרה,IL,גבינת טוב טעם3%,גרמים,250.00,100 גרם,false,0,11.10,4.44,true,1,
7290000474830,false,גבינה צהובה מגורדת 500גר,טרה,IL,צהובה מגורדת,גרמים,500.00,100 גרם,false,0,26.90,5.38,true,1,
7290000480107,false,קואקר ש.שועל פח 500גרם,קואקר אוטס,GB,קואקר שיבולת,גרמים,500.00,100 גרם,false,0,15.00,3.00,true,1,
7290000480329,false,הרמזית 800 טבליות,הרמס סוויטנרס,CH,ממתיק הרמזית,גרמים,9.00,100 גרם,false,0,27.30,303.33,true,1,
7290000480442,false,קואקר באריזת אלומינ500גר,קואקר אוטס,GB,קואקר,גרמים,500.00,100 גרם,false,0,14.80,2.96,true,1,
7290000482071,false,קוקי שקיות אפיה 20 יחי,ש.שסטוביץ,IL,קוקי שקיות אפיה,יחידה,1.00,יחידה,false,0,22.90,22.90,true,1,
7290000483139,false,מרציפן גולמי 100 גרם,המרשלג,IL,מרציפן,גרמים,100.00,100 גרם,false,0,11.30,11.30,true,1,
7290000483412,false,טפטופים לעוגה 60 גרם,המרשלג,IL,טפטופים לעוגה,גרמים,60.00,100 גרם,false,0,16.30,27.17,true,1,
7290000490311,false,מנבו וניל 6 יחידות,פלקו,IL,מנבו וניל,גרמים,144.00,100 גרם,false,0,11.40,7.92,true,1,
7290000490397,false,מנבו וניל 20 יחידות,פלקו,IL,מנבו 20 יחידות,גרמים,480.00,100 גרם,false,0,21.90,4.56,true,1,
7290000490601,false,גלידל וניל 8 יחידות כשלפ,גלידות פלדמן,IL,גלידל וניל 8יח,גרמים,400.00,100 גרם,false,0,35.30,8.83,true,1,
7290000490717,false,"מאגדות גלית 8יחכשל""פ 560",גלידות פלדמן,IL,מאגדות גלית 8י,גרמים,560.00,100 גרם,false,0,30.90,5.52,true,1,
7290000490762,false,גלידל שוקו 8 יחי כשלפ,גלידות פלדמן,IL,גלידל שוקו 8יח,גרמים,400.00,100 גרם,false,0,35.30,8.83,true,1,
7290000490779,false,מנבו מוקה 6 יחידות,פלקו,IL,מנבו בטעם מוקה,גרמים,144.00,100 גרם,false,0,11.40,7.92,true,1,
7290000493176,false,רוטב צלי לבשר בשקית22ג,אסם,IL,רוטב צלי לבשר,גרמים,22.00,100 גרם,false,0,4.50,20.45,true,1,
7290000493183,false,רוטב פטריות לבשר-אבקה30ג,אסם,IL,רוטב פטריות,גרמים,30.00,100 גרם,false,0,4.00,13.33,true,1,
7290000497044,false,לחם ברמן אקטיב 750 גרם,מאפית ברמן,IL,לחם ברמן אקטיב 750 גרם,גרמים,750.00,100 גרם,false,0,10.00,1.33,true,1,
7290000497228,false,6 לחמניות רגילות בשקית,מאפית ברמן,IL,6 לחמניות רגילות בשקית,גרמים,450.00,100 גרם,false,0,8.90,1.98,true,1,
7290000497303,false,6 לחמניות מקמח מלא בשקית,מאפית ברמן,IL,6 לחמניות מקמח מלא בשקית,גרמים,450.00,100 גרם,false,0,8.90,1.98,true,1,
7290000497358,false,חלומית חלה מתוקה ארוז500,מאפית ברמן,IL,חלומית חלה מתוקה ארוז500,גרמים,500.00,100 גרם,false,0,16.50,3.30,true,1,
7290000497426,false,לחם ברמן קל לענין 500גרם,מאפית ברמן,IL,לחם ברמן קל לענין 500גרם,גרמים,500.00,100 גרם,false,0,15.80,3.16,true,1,
7290000497457,false,לחם דגנים 750 גרם,מאפית ברמן,IL,לחם דגנים 750 גרם,גרמים,750.00,100 גרם,false,0,14.80,1.97,true,1,
7290000497488,false,חלה קלה 500 גרם,מאפית ברמן,IL,חלה קלה 500 גרם,גרמים,500.00,100 גרם,false,0,15.80,3.16,true,1,
7290000497532,false,לחם ברמן לענין 750 גרם,מאפית ברמן,IL,לחם ברמן לענין 750 גרם,גרמים,750.00,100 גרם,false,0,15.80,2.11,true,1,
7290000497570,false,לחם דגני קלות פרוס 500גר,מאפית ברמן,IL,לחם דגני קלות פרוס 500גר,גרמים,500.00,100 גרם,false,0,15.80,3.16,true,1,
7290000504049,false,סוכרזית 1200 טבליות,"ביסקול בע""מ",IL,סוכרזית טבליות,גרמים,98.00,100 גרם,false,0,23.90,24.39,true,1,
7290000504278,false,סוכרזית פטנט 700 טבליות,"ביסקול בע""מ",IL,סוכרזית טבליות,גרמים,57.00,100 גרם,false,0,17.90,31.40,true,1,
7290000518169,false,מתוק וקל 1000 טבליות,מתוק וקל,IL,מתוק וקל,גרמים,80.00,100 גרם,false,0,10.40,13.00,true,1,
7290000518176,false,מתוק וקל ענק 250 שקיות,למפדוס,IL,מתוק וקל ענק 250 שקיות,גרמים,250.00,100 גרם,false,0,22.30,8.92,true,1,
7290000518251,false,מתוק וקל זהב 100 שקיות,למפדוס,IL,מתוק וקל זהב 100 שקיות,יחידה,1.00,יחידה,false,0,12.80,12.80,true,1,
7290000521008,false,יין אדום יבש של סגל750מל,יינות סגל,IL,יין סגל אדום,מיליליטרים,750.00,"100 מ""ל",false,0,22.00,2.93,true,1,
7290000521015,false,"יין לבן יבש של סגל750מ""ל",יינות סגל,IL,יין לבן של סגל,מיליליטרים,750.00,"100 מ""ל",false,0,22.00,2.93,true,1,
7290000521022,false,יין סגל לבן רג.ח.יבש750מ,יינות סגל,IL,יין לבן חצי יבש,מיליליטרים,750.00,"100 מ""ל",false,0,22.00,2.93,true,1,
7290000521367,false,"זני של סגל מרלו 750 מ""ל",יינות סגל,IL,יין מרלו של סגל,מיליליטרים,750.00,"100 מ""ל",false,0,22.90,3.05,true,1,
7290000521404,false,"מרום גליל קברנה 750 מ""ל",יינות סגל,IL,מרום גליל קברנה,מיליליטרים,750.00,"100 מ""ל",false,0,37.90,5.05,true,1,
7290000522104,false,חלב עמיד 3% שומן 1 ליטר,מחלבת רמת-הגולן,IL,חלב עמיד 3% שומן 1 ליטר,ליטרים,1.00,ליטר,false,0,7.30,7.30,true,1,
7290000522111,false,חלב עמיד 1% שומן 1 ליטר,מחלבת רמת-הגולן,IL,חלב עמיד 1% שומן 1 ליטר,ליטרים,1.00,ליטר,false,0,8.50,8.50,true,1,
7290000522128,false,"חלב עמיד1%שומן 500 מ""ל",מחלבת רמת-הגולן,IL,"חלב עמיד1%שומן 500 מ""ל",מיליליטרים,500.00,"100 מ""ל",false,0,5.10,1.02,true,1,
7290000522142,false,חלב הרים טהור 3% 1 ליטר,"מחלבות רמה""ג",IL,חלב הרים טהור 3% 1 ליטר,ליטרים,1.00,ליטר,false,0,8.70,8.70,true,1,
7290000523125,false,מלח ים יבש 250 גרם,תעשיות מלח לישראל,IL,מלח ים יבש,גרמים,250.00,100 גרם,false,0,6.70,2.68,true,1,
7290000523224,false,מלח ים יבש 500 גרם,תעשיות מלח לישראל,IL,מלח ים שולחני,גרמים,500.00,100 גרם,false,0,8.40,1.68,true,1,
7290000523514,false,מלח יבש דל נתרן 250 גרם,תעשיות מלח לישראל,IL,מלח דל נתרן,גרמים,250.00,100 גרם,false,0,10.00,4.00,true,1,
7290000523521,false,מלח ים מועשר ביוד 250גרם,תעשיות מלח לישראל,IL,מלח ים מועשר,גרמים,250.00,100 גרם,false,0,5.00,2.00,true,1,
7290000525938,false,נקטר תפוזים פרימור 1 ל',גניר,IL,נקטר תפוזים,ליטרים,1.00,ליטר,false,0,5.30,5.30,true,1,
7290000525969,false,מיץ תפוזים סחוט 1 ליטר,גניר,IL,מיץ תפוזים סחוט 1 ליטר,ליטרים,1.00,ליטר,false,0,16.30,16.30,true,1,
7290000530024,false,נקניק תה מעושן רחב במשקל,זוגלובק,IL,נקניק תה מעושן,קילוגרמים,0.00,"ק""ג",true,0,56.00,56.00,true,1,
7290000530031,false,פיין סלמי צר במשקל,זוגלובק,IL,פיין סלמי צר,קילוגרמים,0.00,"ק""ג",true,0,70.00,70.00,true,1,
7290000530048,false,סלמי פפרוני במשקל,זוגלובק,IL,סלמי פפרוני,גרמים,0.00,"ק""ג",true,0,62.00,62.00,true,1,
7290000530062,false,נקניק מעושן איטלקי במשקל,זוגלובק,IL,נקניק איטלקי,קילוגרמים,0.00,"ק""ג",true,0,87.00,87.00,true,1,
7290000530086,false,נקניק מעושן7000- 600 גרם,זוגלובק,IL,נקניק מעושן,גרמים,600.00,100 גרם,false,0,39.00,6.50,true,1,
7290000530109,false,קבנוס בואקום 180X2 גרם,זוגלובק,IL,זוג קבנוס בואקום,גרמים,360.00,100 גרם,false,0,28.70,7.97,true,1,
7290000530178,false,נקניק קוניאק במשקל,זוגלובק,IL,נקניק קוניאק,קילוגרמים,0.00,"ק""ג",true,0,92.00,92.00,true,1,
7290000530260,false,נקניק מרטדלה רחב במשקל,זוגלובק,IL,נקניק מרטדלה,קילוגרמים,0.00,"ק""ג",true,0,40.00,40.00,true,1,
7290000530291,false,נקניק מבשר הודו 800 גרם,זוגלובק,IL,נקניק מבשר הודו,גרמים,800.00,100 גרם,false,0,21.70,2.71,true,1,
7290000530369,false,גולן ח.הודו מעוש.שלם משק,זוגלובק,IL,גולן חזה הודו,קילוגרמים,0.00,"ק""ג",true,0,90.00,90.00,true,1,
7290000530444,false,כתף בקר מעושן אורלנדו מש,זוגלובק,IL,כתף בקר מעושן,קילוגרמים,0.00,"ק""ג",true,0,122.00,122.00,true,1,
7290000530468,false,"נקניקיות וינר 1 ק""ג",זוגלובק,IL,נקניקיות וינר,קילוגרמים,1.00,"ק""ג",false,0,34.20,34.20,true,1,
7290000530550,false,נקניקיות וינר 60 קפוא 1ק,זוגלובק,IL,נקניקיות וינר,גרמים,1000.00,100 גרם,false,0,36.50,3.65,true,1,
7290000530598,false,נקניקיות וינר 500 גרם,זוגלובק,IL,נקניקיות וינר,גרמים,500.00,100 גרם,false,0,18.30,3.66,true,1,
7290000530703,false,פסטרמה חרמון+תה 400+400ג,זוגלובק,IL,מארז חרמון+תה,גרמים,800.00,100 גרם,false,0,34.40,4.30,true,1,
7290000531410,false,פסטרממיה בדבש טהור במשקל,זוגלובק,IL,פסטרממיה בדבש,קילוגרמים,0.00,"ק""ג",true,0,91.00,91.00,true,1,
7290000531496,false,קבנוס בואקום 180 גרם,זוגלובק,IL,קבנוס,גרמים,180.00,100 גרם,false,0,21.20,11.78,true,1,
7290000531601,false,סטייק בורגר 400גר',זוגלובק,IL,סטייק בורגר 00,גרמים,400.00,100 גרם,false,0,22.70,5.68,true,1,
7290000531977,false,בורקס גבינה 800 גרם,זוגלובק,IL,בורקס גבינה,גרמים,800.00,100 גרם,false,0,19.70,2.46,true,1,
7290000532400,false,חזה הודו ברביקיו במשקל,זוגלובק,IL,חזה הודו ברבקי,קילוגרמים,0.00,"ק""ג",true,0,89.00,89.00,true,1,
7290000532585,false,רוסטביף חצוי במשקל,זוגלובק,IL,רוסטביף חצוי,קילוגרמים,0.00,"ק""ג",true,0,139.00,139.00,true,1,
7290000532721,false,כתף בקר בפלפל טורו במשקל,זוגלובק,IL,כתף בקר בפלפל,קילוגרמים,0.00,"ק""ג",true,0,122.00,122.00,true,1,
7290000533353,false,"בצק עלים 1 ק""ג",זוגלובק,IL,בצק עלים,גרמים,1000.00,100 גרם,false,0,15.80,1.58,true,1,
7290000534718,false,חזה הודו תבור דל שומן מש,זוגלובק,IL,חזה הודו תבור,קילוגרמים,0.00,"ק""ג",true,0,90.00,90.00,true,1,
7290000534800,false,פסטרמה הודו רומני במשקל,זוגלובק,IL,פסטרמה הודו,קילוגרמים,0.00,"ק""ג",true,0,91.00,91.00,true,1,
7290000534824,false,חזה הודו חרמון(מעוצב)משק,זוגלובק,IL,חזה הודו חרמון,קילוגרמים,0.00,"ק""ג",true,0,61.00,61.00,true,1,
7290000536743,false,מקלוני תירס 500גרם,זוגלובק,IL,מקלוני תירס,גרמים,500.00,100 גרם,false,0,19.70,3.94,true,1,
7290000536750,false,מקלוני גזר ובטטה 500גרם,זוגלובק,IL,מקלוני גזר ובטטה,גרמים,500.00,100 גרם,false,0,19.70,3.94,true,1,
7290000536910,false,נקנקיה בלחמניה יח,זוגלובק,IL,נקניקיה בלחמניה,גרמים,140.00,100 גרם,false,0,13.60,9.71,true,1,
7290000536934,false,המבורגר בלחמניה יח,זוגלובק,IL,המבורגר בלחמניה,גרמים,185.00,100 גרם,false,0,16.00,8.65,true,1,
7290000537566,false,נקניקיות עוף 400 גרם,זוגלובק,IL,נקניקיות עוף,גרמים,400.00,100 גרם,false,0,15.90,3.98,true,1,
7290000537603,false,"נקניקיות עוף טריות 1 ק""ג",זוגלובק,IL,נקניקיות עוף,קילוגרמים,1.00,"ק""ג",false,0,30.90,30.90,true,1,
7290000537610,false,סלמי עממי במשקל,זוגלובק,IL,סלמי עממי,קילוגרמים,0.00,"ק""ג",true,0,58.00,58.00,true,1,
7290000538099,false,פסטרמה כפרית במשקל,זוגלובק,IL,פסטרמה כפרית,קילוגרמים,0.00,"ק""ג",true,0,91.00,91.00,true,1,
7290000540160,false,עוג.ללא סוכ.חיטה מלאה500,האחים,IL,עוגיות ללא סוכר,גרמים,500.00,100 גרם,false,0,22.80,4.56,true,1,
7290000551067,false,צלי כתף מס5' מוכשר קפוא,שונות,XX,צלי כתף מוכשר,קילוגרמים,0.00,"ק""ג",true,0,67.90,67.90,true,1,
7290000552194,false,קישקע 500 גרם,טיבון ויל - נטו,IL,קישקע,גרמים,500.00,100 גרם,false,0,17.70,3.54,true,1,
7290000552569,false,סטייק בורגר 400 גרם,טיבון ויל - נטו,IL,סטייק בורגר,גרמים,400.00,100 גרם,false,0,24.30,6.08,true,1,
7290000552934,false,טחון הודו 500 גרם,טיבון ויל - נטו,IL,טחון הודו 500גרם,גרמים,500.00,100 גרם,false,0,16.40,3.28,true,1,
7290000554006,false,קשקבל 22% במשקל,מחלבות גד,IL,קשקבל 22% במשקל,קילוגרמים,0.00,"ק""ג",true,0,90.00,90.00,true,1,
7290000554457,false,גבינה צפתית5% שומן 350ג,מחלבות גד,IL,גבינה צפתית5%,גרמים,350.00,100 גרם,false,0,20.90,5.97,true,1,
7290000554471,false,גבינת מוצרלה 22% 180 גרם,מחלבות גד,IL,גבינת מוצרלה 22%,גרמים,180.00,100 גרם,false,0,17.00,9.44,true,1,
7290000554532,false,גב.צפתית מעודנת5% 200גרם,מחלבות גד,IL,צפתית מעודנת 5%,גרמים,200.00,100 גרם,false,0,10.90,5.45,true,1,
7290000554600,false,גבי.מוצרלה מגורדת22% 300,מחלבות גד,IL,מוצרלה מגורדת,גרמים,300.00,100 גרם,false,0,24.70,8.23,true,1,
7290000554686,false,לבנה בשמן זית+זעתר5% 250,מחלבות גד,IL,לאבנה בשמן זית5%,גרמים,250.00,100 גרם,false,0,14.40,5.76,true,1,
7290000554822,false,ריקוטה גד 5% שומן 250 גר,מחלבות גד,IL,גבינת ריקוטה 5%,גרמים,250.00,100 גרם,false,0,10.00,4.00,true,1,
7290000554839,false,גבינה מסקרפונה 40% 250 ג,מחלבות גד,IL,גבינה מסקרפונה,גרמים,250.00,100 גרם,false,0,20.70,8.28,true,1,
7290000560533,false,"אדג' פרו ג'ל רגיל 200מ""ל",אנרג'ייזר,US,אדג' ג'ל לגילוח,מיליליטרים,200.00,"100 מ""ל",false,0,17.90,8.95,true,1,
7290000571119,false,גבינה גאודה 30% משקל,תנובה,IL,גבינת גאודה,קילוגרמים,0.00,"ק""ג",true,0,106.00,106.00,true,1,
7290000571188,false,גב.גאודה תום עיזים משקל,תנובה,IL,גב.גאודה תום עיזים משקל,קילוגרמים,0.00,"ק""ג",true,0,159.00,159.00,true,1,
7290000571386,false,יוגורמה מחלב כבשים5% 850,תנובה,IL,יוגורמה 5%,גרמים,850.00,100 גרם,false,0,27.10,3.19,true,1,
7290000571393,false,יוגורמה,,IL,יוגורמה,גרמים,140.00,100 גרם,false,0,6.10,4.36,true,1,
7290000571485,false,משקה יוגורט עזים,,,משקה יוגורט עזים,קילוגרמים,1.00,"ק""ג",false,0,21.50,21.50,true,1,
7290000572628,false,"ח.חלווה לייט ללת""ס25*11ג","אחדות בע""מ א.ת. ברקן",IL,חטיף חלווה לייט,גרמים,275.00,100 גרם,false,0,14.80,5.38,true,1,
7290000604015,false,ביצים ארוזות XL 12יחידות,תנובה,IL,ביצים XL 12יח',יחידה,1.00,יחידה,false,0,12.50,12.50,true,1,
7290000604022,false,ביצים ארוזות L 12 יחידות,תנובה,,ביצים L 12 יח',יחידה,1.00,יחידה,false,0,11.45,11.45,true,1,
7290000604473,false,תמר מג'הול 400גרם,הדיקלאים,IL,תמרים מג'הול,גרמים,400.00,100 גרם,false,0,17.90,4.48,true,1,
7290000644783,false,מנות פילה סלמון קפוא קג,תנובה,IL,פילה סלמון מנות,קילוגרמים,0.00,"ק""ג",true,0,84.90,84.90,true,1,
7290000657950,false,שניצל דג נסיכה 400 גרם,דלידג - נטו,IL,שניצל דג נסיכה,גרמים,400.00,100 גרם,false,0,21.70,5.43,true,1,
7290000659312,false,פילה סלמון ממותג קפוא קג,תנובה,IL,פילה סלמון ממותג קפוא קג,קילוגרמים,0.00,"ק""ג",true,0,75.90,75.90,true,1,
7290000679440,false,משחה לתינוק קמיל בלו100ג,פישר מעבדות פרמצבטיות,IL,משחה לתינוק,גרמים,100.00,100 גרם,false,0,18.50,18.50,true,1,
7290000688114,false,מי-עדן מים מינרלים 1.5 ל,מי עדן,IL,מי-עדן מים מינרלים 1.5 ל,ליטרים,1.50,ליטר,false,0,5.20,3.47,true,1,
7290000688374,false,"מי עדן בייבי 250*6 מ""ל",מי עדן,IL,מי עדן בייבי 6יח,ליטרים,1.50,ליטר,false,0,15.90,10.60,true,1,
7290000688381,false,"מי עדן אישי 500*6 מ""ל",מי עדן,IL,מי עדן אישי 6 בק,ליטרים,3.00,ליטר,false,0,14.60,4.87,true,1,
7290000688732,false,מי עדן 6 * 1.5 ליטר,מי עדן,IL,מי עדן 6 יח,ליטרים,9.00,ליטר,false,0,12.70,1.41,true,1,
7290000692210,false,אג'קס נוזל כללי לבנדר 2ל,קולגייט-פלמוליב,GR,אג'קס ניקוי כללי,ליטרים,2.00,ליטר,false,0,21.90,10.95,true,1,
7290000692456,false,אג'קס חלונות750*2מל,קולגייט-פלמוליב,GR,אג'קס לחלונות,ליטרים,1.50,ליטר,false,0,26.60,17.73,true,1,
7290000802909,false,עדינול משחה לתינוק 100גר,אמיליה קוסמטיקס,IL,עדינול לתינוק,גרמים,100.00,100 גרם,false,0,15.80,15.80,true,1,
7290000803067,false,"משחת אלמקס ילדים 75 מ""ל",קולגייט-פלמוליב,DE,משחת שיניים,מיליליטרים,75.00,"100 מ""ל",false,0,10.00,13.33,true,1,
7290000803180,false,שטיפה דנטלית מרידול 400מ,גאבה,CH,שטיפה מרידול,מיליליטרים,400.00,"100 מ""ל",false,0,32.00,8.00,true,1,
7290000805900,false,"לה קט טעם עוף 2.85 ק""ג",ביופט,IL,לה קט עוף לחתול,קילוגרמים,2.85,"ק""ג",false,0,59.40,20.84,true,1,
7290000903200,true,לחמניית פנינו,גידרון,IL,לחמניית פנינו,יחידה,1.00,יחידה,false,0,5.00,5.00,true,1,
7290000904993,true,עוגיות פרפריות במשקל,גידרון,IL,עוגיות פרפריות,קילוגרמים,0.00,"ק""ג",true,0,30.00,30.00,true,1,
7290000910406,true,פילה עוף טרי ת עצמי,שונות,IL,פילה עוף טרי,קילוגרמים,0.00,"ק""ג",true,0,35.90,35.90,true,1,
7290000910994,true,פסטרמה ונקניק-קצוות משקל,שונות,IL,פסטרמה ונקניק,קילוגרמים,0.00,"ק""ג",true,0,36.70,36.70,true,1,
7290000919133,true,עוף בגריל)עצמי( יח',שונות,IL,עוף בגריל,יחידה,1.00,יחידה,false,0,37.90,37.90,true,1,
7290000922591,true,עוף שלם טרי תפזורת עצמי,שונות,IL,עוף שלם טרי,קילוגרמים,0.00,"ק""ג",true,0,19.90,19.90,true,1,
7290000928241,true,סלמון פרוס לא מעובד שופר,שונות,IL,סלמון פרוס,קילוגרמים,0.00,"ק""ג",true,0,66.90,66.90,true,1,
7290000928265,true,פילה סלמון קפוא שופרסל,נטו,IL,פילהה סלמון קפוא,קילוגרמים,0.00,"ק""ג",true,0,66.90,66.90,true,1,
7290000929422,true,שוארמה הודו נ.טרי תפזורת,שונות,IL,שוארמה הודו טרי,קילוגרמים,0.00,"ק""ג",true,0,64.90,64.90,true,1,
7290000929446,true,חתיכות הודו טרי ת עצמי,שונות,IL,חתיכות הודו טרי,קילוגרמים,0.00,"ק""ג",true,0,24.70,24.70,true,1,
7290000929453,true,שוק הודו נ.טרי ת.עצמי,שונות,IL,שוק הודו טרי,קילוגרמים,0.00,"ק""ג",true,0,29.90,29.90,true,1,
7290000929514,true,גרון הודו נ.טרי ת.עצמי,שונות,IL,גרון הודו טרי,קילוגרמים,0.00,"ק""ג",true,0,25.90,25.90,true,1,
7290000929620,true,שוק הודו מפורק טרי תעצמי,שונות,IL,שוק הודו מפורק,קילוגרמים,0.00,"ק""ג",true,0,49.90,49.90,true,1,
7290000940694,true,נבטי חמניות-יח',קטיף,IL,נבטי חמניות-יח',יחידה,1.00,יחידה,false,0,9.00,9.00,true,1,
7290000945798,true,מאפה גבינה במשקל,רולדין,IL,מאפה גבינה,קילוגרמים,0.00,"ק""ג",true,0,49.00,49.00,true,1,
7290000959368,true,גמבה במרינדה במשקל,,IL,גמבה במרינדה במשקל,קילוגרמים,0.00,"ק""ג",true,0,32.00,32.00,true,1,
7290000959375,true,סלט בולגרי במשקל,,IL,סלט בולגרי במשקל,קילוגרמים,0.00,"ק""ג",true,0,19.00,19.00,true,1,
7290000959443,true,פטריות יער במשקל,,IL,פטריות יער במשקל,קילוגרמים,0.00,"ק""ג",true,0,57.00,57.00,true,1,
7290000959450,true,חציל פיקנטי במשקל,סלטי ברדה,IL,חציל פיקנטי במשקל,קילוגרמים,0.00,"ק""ג",true,0,30.00,30.00,true,1,
7290000961552,true,פלפל כתום,קטיף,IL,פלפל כתום,קילוגרמים,0.00,"ק""ג",true,0,10.90,10.90,true,1,
7290000961606,true,שורש ג'ינגר במשקל,קטיף,XX,שורש גינגר במשקל,קילוגרמים,0.00,"ק""ג",true,0,35.90,35.90,true,1,
7290000961804,true,דלעת ארוזה,קטיף,IL,דלעת ארוזה,קילוגרמים,0.00,"ק""ג",true,0,9.90,9.90,true,1,
7290000962474,true,חציל בלדי,קטיף,IL,חציל בלדי,קילוגרמים,0.00,"ק""ג",true,0,9.90,9.90,true,1,
7290000962535,true,רוזמרין יח',קטיף,IL,רוזמרין-יח',יחידה,1.00,יחידה,false,0,6.00,6.00,true,1,
7290000962559,true,קורנית יח',קטיף,IL,קורנית-יח',יחידה,1.00,יחידה,false,0,6.00,6.00,true,1,
7290000962573,true,אורגנו יח',קטיף,IL,אורגנו-יח',יחידה,1.00,יחידה,false,0,6.00,6.00,true,1,
7290000963136,true,תפוח עץ מוזהב 65,קטיף,XX,תפוח עץ מוזהב,קילוגרמים,0.00,"ק""ג",true,0,9.90,9.90,true,1,
7290000963174,true,תפוח עץ יונתן יבוא,קטיף,XX,תפוח עץ יונתן,קילוגרמים,0.00,"ק""ג",true,0,12.90,12.90,true,1,
7290000963228,true,תפוח עץ יונתן 65,קטיף,XX,"ת""ע יונתן",קילוגרמים,0.00,"ק""ג",true,0,12.90,12.90,true,1,
7290000963297,true,תפוח עץ סטרקינג 65,קטיף,XX,"ת""ע סטרקינג",קילוגרמים,0.00,"ק""ג",true,0,9.90,9.90,true,1,
7290000963310,true,"תפו""ע קנזי",קטיף,XX,"תפו""ע קנזי",קילוגרמים,0.00,"ק""ג",true,0,13.90,13.90,true,1,
7290000963365,true,תפוח עץ פינקריספי 65,קטיף,XX,"תפו""ע פינקריספי",קילוגרמים,0.00,"ק""ג",true,0,13.90,13.90,true,1,
7290000963563,true,תפוח עץ סמיט65,קטיף,XX,תפוח עץ סמיט65,קילוגרמים,0.00,"ק""ג",true,0,9.90,9.90,true,1,
7290000963686,true,תפוח עץ גאלה יבוא,קטיף,XX,תפוח עץ גאלה,קילוגרמים,0.00,"ק""ג",true,0,11.90,11.90,true,1,
7290000963754,true,אגס קונפרנס,קטיף,ES,אגס קונפרנס,קילוגרמים,0.00,"ק""ג",true,0,10.90,10.90,true,1,
7290000964300,true,תפוז,קטיף,IL,תפוז,קילוגרמים,0.00,"ק""ג",true,0,6.90,6.90,true,1,
7290000964331,true,תפוז סיני יחידה,,IL,תפוז סיני יחידה,יחידה,1.00,יחידה,false,0,7.90,7.90,true,1,
7290000964348,true,תפוז ברשת למיץ,קטיף,IL,תפוז ברשת למיץ,קילוגרמים,0.00,"ק""ג",true,0,4.90,4.90,true,1,
7290000964362,true,פומלה לבנה,קטיף,IL,פומלה לבנה,קילוגרמים,0.00,"ק""ג",true,0,8.90,8.90,true,1,
7290000964379,true,אשכולית לבנה,קטיף,IL,אשכולית לבנה,קילוגרמים,0.00,"ק""ג",true,0,6.90,6.90,true,1,
7290000964393,true,אשכולית אדומה,קטיף,IL,אשכולית אדומה,קילוגרמים,0.00,"ק""ג",true,0,6.90,6.90,true,1,
7290000964461,true,פומלית,קטיף,IL,פומלית,קילוגרמים,0.00,"ק""ג",true,0,6.90,6.90,true,1,
7290000964492,true,לימון תפזורת,קטיף,IL,לימון,קילוגרמים,0.00,"ק""ג",true,0,7.90,7.90,true,1,
7290000964560,true,קלמנטינה,קטיף,IL,קלמנטינה,קילוגרמים,0.00,"ק""ג",true,0,6.90,6.90,true,1,
7290000964775,true,בננות,קטיף,IL,בננות,קילוגרמים,0.00,"ק""ג",true,0,8.90,8.90,true,1,
7290000964836,true,אגס ספדונה גודל 60,קטיף,IL,אגס ספדונה,קילוגרמים,0.00,"ק""ג",true,0,10.90,10.90,true,1,
7290000964980,true,אבוקדו,קטיף,IL,אבוקדו,קילוגרמים,0.00,"ק""ג",true,0,13.90,13.90,true,1,
7290000965031,true,אבטיח במיכל,קטיף,IL,אבטיח,קילוגרמים,0.00,"ק""ג",true,0,4.90,4.90,true,1,
7290000966243,true,סוטא אוקראיני במשקל,,IL,סוטא אוקראיני במשקל,קילוגרמים,0.00,"ק""ג",true,0,29.00,29.00,true,1,
7290000966328,true,אפרסמון סיני65,קטיף,IL,אפרסמון סיני,קילוגרמים,0.00,"ק""ג",true,0,13.90,13.90,true,1,
7290000966465,true,פפאיה,קטיף,IL,פפיה,קילוגרמים,0.00,"ק""ג",true,0,15.90,15.90,true,1,
7290000966502,true,אננס ראש שישיה יח',קטיף,IL,אננס ראש גדול יח,יחידה,1.00,יחידה,false,0,32.90,32.90,true,1,
7290000966564,true,רימון,קטיף,IL,רימון,קילוגרמים,0.00,"ק""ג",true,0,6.90,6.90,true,1,
7290000966663,true,קיווי,קטיף,IL,קיווי,קילוגרמים,0.00,"ק""ג",true,0,15.90,15.90,true,1,
7290000966779,true,תות שדה 500גרם,קטיף,IL,תות שדה יח,יחידה,1.00,יחידה,false,0,16.90,16.90,true,1,
7290000972268,true,קוקוס ראש-יחידה,קטיף,IL,קוקוס ראש-יח',יחידה,1.00,יחידה,false,0,6.90,6.90,true,1,
7290000972367,true,ערמונים-תפזורת,קטיף,IL,ערמונים-תפזורת,גרמים,0.00,"ק""ג",true,0,15.90,15.90,true,1,
7290000979700,true,לבבות חסה יחידה,קטיף,IL,לבבות חסה,יחידה,1.00,יחידה,false,0,9.50,9.50,true,1,
7290000982939,true,לוף פרסה-יחידה,קטיף,IL,לוף פרסה-יחידה,יחידה,1.00,יחידה,false,0,8.90,8.90,true,1,
7290000986708,true,ענב אדום ללא גלעין-יחידה,קטיף,XX,ענב אדום,יחידה,1.00,יחידה,false,0,18.90,18.90,true,1,
7290000987071,true,שום בתפזורת,קטיף,XX,שום בתפזורת,קילוגרמים,0.00,"ק""ג",true,0,30.00,30.00,true,1,
7290000993195,true,ענב לבן - יחידה,קטיף,XX,ענב לבן -יחידה,יחידה,1.00,יחידה,false,0,18.90,18.90,true,1,
7290000993362,true,שום ישראלי -יחידה,קטיף,IL,שום ישראלי -יחידה,יחידה,1.00,יחידה,false,0,8.00,8.00,true,1,
7290000995441,true,קייל - יחידה,קטיף,IL,קייל - יחידה,יחידה,1.00,יחידה,false,0,13.00,13.00,true,1,
7290000999906,true,"שזיף אדום אוצר בי""ד",קטיף,IL,שזיף אדום אוצר ב,קילוגרמים,0.00,"ק""ג",true,1,10.90,10.90,true,1,
7290001012123,false,פרש וואנס קייר כחול 72*4,על בד,IL,פרש וואנס,יחידה,1.00,יחידה,false,0,17.90,17.90,true,1,
7290001045169,false,מיץ תפוחים צלול בק1.ליטר,גניר,IL,מיץ תפוחים צלול בק1.ליטר,ליטרים,1.00,ליטר,false,0,16.30,16.30,true,1,
7290001045220,false,מיץ תפוזים סחוט 2 ליטר,גניר,IL,מיץ תפוזים סחוט 2 ליטר,ליטרים,2.00,ליטר,false,0,25.90,12.95,true,1,
7290001045763,false,מיץ תפוחים 100% צלול 2 ל,גניר,IL,מיץ תפוחים 100% צלול 2 ל,ליטרים,2.00,ליטר,false,0,25.90,12.95,true,1,
7290001121054,false,צמד חמד 700 גרם,מעדני יחיעם,IL,צמד חמד,גרמים,700.00,100 גרם,false,0,30.60,4.37,true,1,
7290001121092,false,פסטרמה עוף בגריל במשקל,מעדני יחיעם,IL,פסטרמה עוף בגריל במשקל,קילוגרמים,0.00,"ק""ג",true,0,82.00,82.00,true,1,
7290001121788,false,נקניקיות עוף טבעיות400גר,מעדני יחיעם,IL,נקניקיות עוף,גרמים,400.00,100 גרם,false,0,17.00,4.25,true,1,
7290001121849,false,פסטרמה100% טבעית 250גרם,מעדני יחיעם,IL,פסטרמה טבעית,גרמים,250.00,100 גרם,false,0,29.90,11.96,true,1,
7290001123775,false,שווארמה פרגיות מוכן 500,טיבון ויל - נטו,IL,שווארמה פרגית,גרמים,500.00,100 גרם,false,0,25.70,5.14,true,1,
7290001123782,false,שווארמה הודו מוכן 500 גר,טיבון ויל - נטו,IL,שווארמה הודו,גרמים,500.00,100 גרם,false,0,25.70,5.14,true,1,
7290001124611,false,שומן כבש 200 גרם,טיבון ויל - נטו,IL,שומן כבש 200גרם,גרמים,200.00,100 גרם,false,0,22.70,11.35,true,1,
7290001126103,false,טבעות פילה מדומה לקג,טיבון ויל - נטו,IL,טבעות פילה מדומה,קילוגרמים,0.00,"ק""ג",true,0,49.90,49.90,true,1,
7290001126165,false,סטייק עין 800 גרם,טיבון ויל - נטו,IL,סטייק עין 800ג,גרמים,800.00,100 גרם,false,0,84.10,10.51,true,1,
7290001128183,false,קציצות דג 700 גרם,דלידג - נטו,IL,קציצות דג 700גרם,גרמים,700.00,100 גרם,false,0,27.70,3.96,true,1,
7290001136287,false,"שמפו נקה 7 רגיל 750 מ""ל",אמיליה קוסמטיקס,IL,שמפו נקה 7,מיליליטרים,750.00,"100 מ""ל",false,0,10.00,1.33,true,1,
7290001136294,false,שמפו נקה 7 יבש/צבוע750מל,אמיליה קוסמטיקס,IL,שמפו נקה 7,מיליליטרים,750.00,"100 מ""ל",false,0,10.00,1.33,true,1,
7290001136300,false,ש+.מרכך נקה7 סירוק קל750,אמיליה קוסמטיקס,IL,שמפו נקה 7,מיליליטרים,750.00,"100 מ""ל",false,0,10.00,1.33,true,1,
7290001136799,false,תחליב רחצה נקה7 ורוד 1 ל,אמיליה קוסמטיקס,IL,תחליב רחצה נקה 7,ליטרים,1.00,ליטר,false,0,15.40,15.40,true,1,
7290001136973,false,תחליב רחצה נקה 7 לבן 1 ל,אמיליה קוסמטיקס,IL,תחליב רחצה נקה 7,ליטרים,1.00,ליטר,false,0,15.40,15.40,true,1,
7290001158500,false,כנפי עוף טרי תפזורת עצמי,שונות,IL,כנפיים עוף טרי,קילוגרמים,0.00,"ק""ג",true,0,12.90,12.90,true,1,
7290001158517,false,כרעי עוף טרי תפזורת עצמי,שופרסל,IL,כרעיים עוף טרי,קילוגרמים,0.00,"ק""ג",true,0,29.90,29.90,true,1,
7290001158524,false,שניצל עוף טרי ת עצמי,שונות,IL,שניצל עוף טרי,קילוגרמים,0.00,"ק""ג",true,0,37.90,37.90,true,1,
7290001158531,false,שוקי עוף טרי תפזורת עצמי,שונות,IL,שוקיים עוף טרי,קילוגרמים,0.00,"ק""ג",true,0,34.90,34.90,true,1,
7290001158548,false,ירכי עוף טרי תפזורת עצמי,שונות,IL,ירכיים עוף טרי,קילוגרמים,0.00,"ק""ג",true,0,29.90,29.90,true,1,
7290001158555,false,גב עוף טרי,שונות,IL,גב עוף טרי,קילוגרמים,0.00,"ק""ג",true,0,5.90,5.90,true,1,
7290001158661,false,פרגיות עוף טרי ת עצמי,שונות,IL,פרגיות עוף טרי,קילוגרמים,0.00,"ק""ג",true,0,59.90,59.90,true,1,
7290001158722,false,חזה עוף טרי תפזורת עצמי,שונות,IL,חזה עוף טרי,קילוגרמים,0.00,"ק""ג",true,0,34.90,34.90,true,1,
7290001199244,false,"כרוב במלח 1 ק""ג",סלטי ברדה,IL,"כרוב במלח 1 ק""ג",קילוגרמים,1.00,"ק""ג",false,0,17.70,17.70,true,1,
7290001199343,false,חזרת 180 גרם,סלטי ברדה,IL,חזרת 180 גרם,גרמים,180.00,100 גרם,false,0,9.40,5.22,true,1,
7290001208625,false,חלבה קסטה במשקל,,IL,חלבה קסטה במשקל,קילוגרמים,0.00,"ק""ג",true,0,45.00,45.00,true,1,
7290001208649,false,חלבה שוקולד אגוזים במשקל,,IL,חלבה שוקולד אגוזים במשקל,קילוגרמים,0.00,"ק""ג",true,0,45.00,45.00,true,1,
7290001209769,false,כתף בקר מיושן עטרה קג,נטו,IL,כתף מיושן עטרה,קילוגרמים,0.00,"ק""ג",true,0,59.40,59.40,true,1,
7290001215005,false,איקרא לבנה אמיתית במשקל,מעדני מיקי,IL,איקרא לבנה אמיתית במשקל,קילוגרמים,0.00,"ק""ג",true,0,47.00,47.00,true,1,
7290001215098,false,סלמון מעושן בואקום 100גר,מעדני מיקי,IL,סלמון מעושן בואקום 100גר,גרמים,100.00,100 גרם,false,0,15.80,15.80,true,1,
7290001216040,false,טחינה גולמית 500 גרם,אגס ירוק מסחר ושירותים,IL,טחינה גולמית 500 גרם,גרמים,500.00,100 גרם,false,0,16.90,3.38,true,1,
7290001216231,false,טחינה מלאה 500 גרם,אגס ירוק מסחר ושירותים,IL,טחינה מלאה 500 גרם,גרמים,500.00,100 גרם,false,0,19.90,3.98,true,1,
7290001230331,false,כאמל בוקס חפיסה,jti,CH,כאמל בוקס יח',יחידה,1.00,יחידה,false,0,31.00,31.00,false,1,
7290001231233,false,ווינסטון בוקס חפ,jti,CH,ווינסטון בוקס,יחידה,1.00,יחידה,false,0,31.00,31.00,false,1,
7290001231932,false,ווינסטון כחול בוקס חפ.,jti,CH,ווינסטון כחול,יחידה,1.00,יחידה,false,0,31.00,31.00,false,1,
7290001247006,false,גזוז בטעם קולה קריסטל 2ל,יפאורה שותפות מובגלת לשיווק,IL,קריסטל קולה,ליטרים,2.00,ליטר,false,0,3.90,1.95,true,1,
7290001247020,false,קריסטל אורנג' 2 ליטר,יפאורה שותפות מובגלת לשיווק,IL,קריסטל אורנג',ליטרים,2.00,ליטר,false,0,3.90,1.95,true,1,
7290001247037,false,גזוז בטעם מנטה קריסטל 2ל,יפאורה שותפות מובגלת לשיווק,IL,גזוז בטעם מנטה,ליטרים,2.00,ליטר,false,0,3.90,1.95,true,1,
7290001247044,false,קריסטל תות מוגז 2 ליטר,יפאורה שותפות מובגלת לשיווק,IL,קריסטל מוגז תות,ליטרים,2.00,ליטר,false,0,3.90,1.95,true,1,
7290001247051,false,קריסטל למון ליים 2 ליטר,יפאורה שותפות מובגלת לשיווק,IL,גזוז לימון ליים,ליטרים,2.00,ליטר,false,0,3.90,1.95,true,1,
7290001247068,false,נקטר ספרינג תות-בננה 1ל',יפאורה שותפות מובגלת לשיווק,IL,נקטר תות בננה,ליטרים,1.00,ליטר,false,0,5.50,5.50,true,1,
7290001247082,false,נקטר עגבניות ספרינג 1 ל',יפאורה שותפות מובגלת לשיווק,IL,נקטר עגבניות,ליטרים,1.00,ליטר,false,0,5.50,5.50,true,1,
7290001247099,false,נקטר ספרינג מנגו 1 ליטר,יפאורה שותפות מובגלת לשיווק,IL,נקטר ספרינג מנגו,ליטרים,1.00,ליטר,false,0,5.50,5.50,true,1,
7290001247105,false,נקטר ספרינג אפרסק 1 ליטר,יפאורה שותפות מובגלת לשיווק,IL,נקטר אפרסק,ליטרים,1.00,ליטר,false,0,5.50,5.50,true,1,
7290001247112,false,נקטר ספרינג לימונענע 1ל',יפאורה שותפות מובגלת לשיווק,IL,משקה לימונענע,ליטרים,1.00,ליטר,false,0,5.50,5.50,true,1,
7290001247129,false,נקטר ספרינג תפוזים 1ליטר,יפאורה שותפות מובגלת לשיווק,IL,נקטר ספרינג תפוז,ליטרים,1.00,ליטר,false,0,5.50,5.50,true,1,
7290001247211,false,קריסטל ענבים מוגז 2 ליטר,יפאורה שותפות מובגלת לשיווק,IL,קריסטל ענבים,ליטרים,2.00,ליטר,false,0,3.90,1.95,true,1,
7290001247952,false,"תפוזינה משק""ל ענבים1.5ל",יפאורה שותפות מובגלת לשיווק,IL,תפוזינה ענבים,ליטרים,1.50,ליטר,false,0,6.50,4.33,true,1,
7290001265123,false,דייסת גם וגם 8דגנים300גר,נסטלה,IL,דייסת מטרנה,גרמים,300.00,100 גרם,false,0,24.30,8.10,true,1,
7290001274422,false,מאגדת מצופה שוקו\בננ 8 י,גלידות פלדמן,IL,מאגדת בליסימו,יחידה,1.00,יחידה,false,0,22.70,22.70,true,1,
7290001274934,false,גלידל פרי לימון דייט כשל,גלידות פלדמן,IL,גלידל פרי לימון,גרמים,640.00,100 גרם,false,0,27.30,4.27,true,1,
7290001274941,false,גלידל פרי דיאטטי פטל כשל,גלידות פלדמן,IL,גלידל פרי פטל,גרמים,640.00,100 גרם,false,0,27.30,4.27,true,1,
7290001305058,false,סב.נוז.פלמול.חלב דבש500מ,קולגייט-פלמוליב,IT,סב.נוזלי פלמוליב,מיליליטרים,500.00,"100 מ""ל",false,0,19.60,3.92,true,1,
7290001305188,false,פלמוליב לכלים צהוב 750מל,קולגייט-פלמוליב,GR,פלמוליב לכלים,מיליליטרים,750.00,"100 מ""ל",false,0,11.30,1.51,true,1,
7290001312995,false,בגט 280 גרם,גידרון,IL,באגט,יחידה,1.00,יחידה,false,0,4.90,4.90,true,1,
7290001327029,false,מאגדת מיקס 7 יחידות,שטראוס,IL,מאגדת מיקס 7 יחידות,גרמים,440.00,100 גרם,false,0,38.20,8.68,true,1,
7290001327180,false,קרמיסימו וניל צ'יפ 1.33ל,שטראוס,IL,קרמיסימו וניל צ'יפ 1.33ל,ליטרים,1.33,ליטר,false,0,20.90,15.71,true,1,
7290001327197,false,קרמיסימו שוקו וניל 1.33ל,שטראוס,IL,קרמיסימו שוקו וניל 1.33ל,ליטרים,1.33,ליטר,false,0,20.90,15.71,true,1,
7290001327227,false,קרמיסימו ריבת חלב 1.33ל',שטראוס,IL,קרמיסימו ריבת חלב 1.33ל',ליטרים,1.33,ליטר,false,0,20.90,15.71,true,1,
7290001327357,false,גל.קרמיסימו וניל 1.33ל',שטראוס,IL,גל.קרמיסימו וניל 1.33ל',ליטרים,1.33,ליטר,false,0,20.90,15.71,true,1,
7290001327791,false,גל.קרמיסימו עוגיות 1.33ל,שטראוס,IL,גל.קרמיסימו עוגיות 1.33ל,ליטרים,1.33,ליטר,false,0,20.90,15.71,true,1,
7290001327838,false,מאגדת מיני מגנום פולטיפק,שטראוס,IL,מאגדת מיני מגנום פולטיפק,גרמים,250.00,100 גרם,false,0,29.90,11.96,true,1,
7290001407547,false,טחינה שומשום פי6מלא 500ג,רושדי תעשיות מזון,IL,טחינה שומשום מלא,גרמים,500.00,100 גרם,false,1,17.70,3.54,true,1,
7290001407769,false,טחינה שומש.מלא בארכה500ג,רושדי תעשיות מזון,IL,טחינה שומשום,גרמים,500.00,100 גרם,false,0,17.70,3.54,true,1,
7290001407813,false,חלבה פיסטוק בארכה 350גרם,רושדי תעשיות מזון,IL,חלבה פיסטוק,גרמים,350.00,100 גרם,false,0,10.90,3.11,true,1,
7290001407844,false,חלבה וניל בארכה 350 גרם,רושדי תעשיות מזון,IL,חלבה וניל,גרמים,350.00,100 גרם,false,0,10.90,3.11,true,1,
7290001476208,false,ברי פקאן במשקל,,IL,ברי פקאן במשקל,קילוגרמים,0.00,"ק""ג",true,0,135.00,135.00,true,1,
7290001485019,false,גב.שמנת בטעם טבעי5% 200ג,טרה,IL,גבינת שמנת 5%,גרמים,200.00,100 גרם,false,0,10.80,5.40,true,1,
7290001491010,false,תה ירוק יסמין25שק1.5Xגרם,ויסוצקי,IL,תה ירוק יסמין25שק1.5Xגרם,גרמים,37.00,100 גרם,false,0,21.90,59.19,true,1,
7290001491096,false,תה ירוק לימונ+לואיזה50שק,ויסוצקי,IL,תה ירוק לימונ+לואיזה50שק,גרמים,75.00,100 גרם,false,0,43.80,58.40,true,1,
7290001507032,false,וופל חרובים,,IL,וופל חרובים,גרמים,20.00,100 גרם,false,0,4.50,22.50,true,1,
7290001552049,false,קוסקוס מרוקאי 800גרם,מטעמי פאר,IL,קוסקוס מרוקאי 800גרם,גרמים,800.00,100 גרם,false,0,16.90,2.11,true,1,
7290001594186,false,"קולה דיאט 500 מ""ל",החברה המרכזית לייצור משקאות,IL,קוקה קולה דיאט,מיליליטרים,500.00,"100 מ""ל",false,0,7.90,1.58,true,1,
7290001594377,false,"פריגת תפוזים 500 מ""ל",פריגת,IL,פריגת תפוזים,מיליליטרים,500.00,"100 מ""ל",false,0,7.60,1.52,true,1,
7290001594568,false,"בירה קרלסברג בפחית500מ""ל",קרלסברג ישראל,IL,בירה קרלסברג פח,מיליליטרים,500.00,"100 מ""ל",false,0,9.90,1.98,true,1,
7290001594858,false,בירה טובורג רד בק330*6מל,קרלסברג ישראל,IL,טובורג רד 6 יח,ליטרים,1.98,ליטר,false,0,47.50,23.99,true,1,
7290001648643,false,קפה טורקי כתר 3 יח100X'ג,רוני רג'ואן ושות,IL,מארז טורקי כתר,גרמים,300.00,100 גרם,false,0,14.70,4.90,true,1,
7290001670194,false,עוגיות מרוקאיות 400 גרם,הנמל,IL,עוגיות מרוקאיות,גרמים,400.00,100 גרם,false,0,17.30,4.33,true,1,
7290001696002,false,"עוגיות כתר תות ק""ג",מאפ גדרון,IL,עוגיות כתר תות,קילוגרמים,0.00,"ק""ג",true,8,36.00,36.00,true,1,
7290001696057,false,מאפה צמה חלבה יח',מאפ גדרון,IL,מאפה צמה חלבה,יחידה,1.00,יחידה,false,50,6.90,6.90,true,1,
7290001696064,false,מאפה צמה טעם שוקולד יח',מאפ גדרון,IL,מאפה צמה טעם שוק,יחידה,1.00,יחידה,false,50,6.90,6.90,true,1,
7290001696088,false,מאפה צמה מלוח יח',מאפ גדרון,IL,מאפה צמה מלוח,יחידה,1.00,יחידה,false,80,6.90,6.90,true,1,
7290001696163,false,מקרון צבעוני בטעמים יח,.,IL,מקרון יח,יחידה,1.00,יחידה,false,1,4.90,4.90,true,1,
7290001713853,false,אקונומיקה מבושמת 4 ליטר,קומפלקס כימיקלים,IL,אקונומיקה מבושמת,ליטרים,4.00,ליטר,false,0,9.90,2.48,true,1,
7290001738177,false,פומפה+מקל,,IL,פומפה+מקל,יחידה,1.00,יחידה,false,0,15.30,15.30,true,1,
7290001779965,false,שלגוני ויטמינצ'יק כשלפ,נסטלה,IL,שלגוני ויטמינצ'יק כשלפ,גרמים,800.00,100 גרם,false,0,24.60,3.08,true,1,
7290001791349,false,פיסגה אקונומיקה ריחנית4ל,סנו,IL,אקונומיקה פיסגה,ליטרים,4.00,ליטר,false,0,11.40,2.85,true,1,
7290001813881,false,פתי בר בטעם חמאה 500 גרם,עלית,IL,פתי בר עלית,גרמים,500.00,100 גרם,false,0,11.30,2.26,true,1,
7290001814147,false,ממרח בטעם שוקולד פרה500ג,עלית,IL,ממרח בטעם שוקולד,גרמים,500.00,100 גרם,false,0,11.60,2.32,true,1,
7290001817063,false,סוכ.טופי מזל וברכות850גר,עלית,IL,טופי ברכות פירות,גרמים,850.00,100 גרם,false,0,15.80,1.86,true,1,
7290001817377,false,ציטוס איקס עיגול פיצה60ג,עלית,IL,צ'יטוס איקס,גרמים,60.00,100 גרם,false,0,3.60,6.00,true,1,
7290001817582,false,צ'יטוס כאפה 15*10 גרם,עלית,IL,מארז צ'יטוס כאפה,גרמים,150.00,100 גרם,false,0,10.40,6.93,true,1,
7290001817728,false,צ'יטוס כאפה 55 גרם,עלית,IL,צ'יטוס כפאה,גרמים,55.00,100 גרם,false,0,3.60,6.55,true,1,
7290001865439,false,סבון פמלי לבן +משאבה 1ל',אינטרקוסמא,IL,סבון פמלי לבן +משאבה 1ל',ליטרים,1.00,ליטר,false,0,11.90,11.90,true,1,
7290001865453,false,סבון פמלי סגול+משאבה 1ל',אינטרקוסמא,IL,סבון נוזלי פמלי,ליטרים,1.00,ליטר,false,0,11.90,11.90,true,1,
7290001902059,false,לחם עם בצל קפוא 485 גרם,גידרון,IL,לחם עם בצל,גרמים,485.00,100 גרם,false,0,12.90,2.66,true,1,
7290001902066,false,לחם כפרי 485 גרם,גידרון,IL,לחם כפרי,גרמים,485.00,100 גרם,false,0,12.90,2.66,true,1,
7290001902073,false,לחם פומפרניקל 485 גרם,גידרון,IL,לחם פומפרניקל,גרמים,485.00,100 גרם,false,0,12.90,2.66,true,1,
7290001902080,false,לחם שיפון 525 גרם,גידרון,IL,לחם שיפון,גרמים,525.00,100 גרם,false,0,12.90,2.46,true,1,
7290001902103,false,לחם קמח מלא 510 גרם,גידרון,IL,לחם קמח מלא,גרמים,510.00,100 גרם,false,0,12.90,2.53,true,1,
7290001902110,false,לחם רוסי 485 גרם,גידרון,IL,לחם רוסי,גרמים,485.00,100 גרם,false,0,12.90,2.66,true,1,
7290001902134,false,לחם איטלקי 290 גרם,גידרון,IL,לחם איטלקי,יחידה,1.00,יחידה,false,0,6.80,6.80,true,1,
7290001902301,false,חלה מתוקה קלועה 450 גרם,גידרון,IL,חלה מתוקה קלוע,יחידה,1.00,יחידה,false,0,11.90,11.90,true,1,
7290001902318,false,חלה מתוקה קלוע+צימוקקפוא,גידרון,IL,חלה מתוקה קלוע,יחידה,1.00,יחידה,false,0,11.90,11.90,true,1,
7290001902325,false,"חלת ""גדרון""",גידרון,IL,"חלת ""גדרון""",יחידה,1.00,יחידה,false,0,11.90,11.90,true,1,
7290001902431,false,לחם שיפון קל+דגנים 520גר,גידרון,IL,לחם שיפון קל,גרמים,520.00,100 גרם,false,0,12.90,2.48,true,1,
7290001902677,false,לחמניה מקמח מלא,גידרון,IL,לחמניה מקמח מלא,יחידה,1.00,יחידה,false,0,3.50,3.50,true,1,
7290001902776,false,לחמנית עם דגנים קפוא,גידרון,IL,לחמנית עם דגנים,יחידה,1.00,יחידה,false,0,5.00,5.00,true,1,
7290001902783,false,לחמנית המבורגר,גידרון,IL,לחמנית המבורגר,יחידה,1.00,יחידה,false,0,3.50,3.50,true,1,
7290001902912,false,לחם מרוקאי רגיל 500 גרם,גידרון,IL,לחם מרוקאי,יחידה,1.00,יחידה,false,0,15.90,15.90,true,1,
7290001975435,false,פריגת פאלפ אשכו.אדומה1.5,פריגת,IL,פריגת אשכולית,ליטרים,1.50,ליטר,false,0,6.90,4.60,true,1,
7290001985311,false,מאגדת מיני מגנום לבן+שקד,שטראוס,IL,מאגדת מיני מגנום לבן+שקד,גרמים,250.00,100 גרם,false,0,29.90,11.96,true,1,
7290001985953,false,קרחון לימון+אשכולית לייט,שטראוס,IL,קרחון לימון לייט,יחידה,1.00,יחידה,false,0,27.90,27.90,true,1,
7290001989272,false,איקרה לבנה/אדומה משקל,סלטי שמיר,IL,איקרה לבנה/אדומה,קילוגרמים,0.00,"ק""ג",true,0,44.00,44.00,true,1,
7290001989364,false,מקרל פרוס בשמן משקל,סלטי שמיר,IL,מקרל פרוס בשמן משקל,קילוגרמים,0.00,"ק""ג",true,0,99.00,99.00,true,1,
7290001989388,false,מעדן מטיאס הולנדי משקל,סלטי שמיר,IL,מעדן מטיאס הולנדי משקל,קילוגרמים,0.00,"ק""ג",true,0,69.00,69.00,true,1,
7290001989395,false,הרינג כבוש במשקל,סלטי שמיר,IL,הרינג כבוש במשקל,קילוגרמים,0.00,"ק""ג",true,0,55.00,55.00,true,1,
7290001990094,false,"סוכר חום בצנצנת 1 ק""ג",סוגת,IL,"סוכר חום בצנצנת 1 ק""ג",קילוגרמים,1.00,"ק""ג",false,0,12.80,12.80,true,1,
7290001990148,false,"סוכר גולדן קלאסי 1 ק""ג",סוגת,IL,סוכר גולדן,קילוגרמים,1.00,"ק""ג",false,0,12.10,12.10,true,1,
7290001990261,false,"חומוס 1 ק""ג",סוגת,IL,חומוס,קילוגרמים,1.00,"ק""ג",false,0,13.90,13.90,true,1,
7290001990278,false,"שעועית לבנה 1 ק""ג",סוגת,IL,שעועית לבנה,קילוגרמים,1.00,"ק""ג",false,0,26.30,26.30,true,1,
7290001990391,false,"אפונה 1 ק""ג",סוגת,IL,אפונה,קילוגרמים,1.00,"ק""ג",false,0,10.80,10.80,true,1,
7290001990407,false,"עדשים ירוקות 1 ק""ג",סוגת,IL,עדשים ירוקות,קילוגרמים,1.00,"ק""ג",false,0,13.40,13.40,true,1,
7290001990414,false,"עדשים אדומות 1 ק""ג",סוגת,IL,עדשים אדומות,קילוגרמים,1.00,"ק""ג",false,0,13.40,13.40,true,1,
7290001990421,false,"פופקורן 1 ק""ג",סוגת,IL,"פופקורן 1 ק""ג",קילוגרמים,1.00,"ק""ג",false,0,10.80,10.80,true,1,
7290002000136,false,שעוות הדבש משי מיקרו500ג,ש.שוורץ,IL,שעוות הדבש משי מיקרו500ג,גרמים,500.00,100 גרם,false,0,20.20,4.04,true,1,
7290002000143,false,"פנג'ל קרם ידיים 100 מ""ל",אינטרקוסמא,IL,קרם ידיים פנג'ל,מיליליטרים,80.00,"100 מ""ל",false,0,6.90,8.63,true,1,
7290002002857,false,נייר שעווה 50 יחידות,אלסום ביגנדו,IL,נייר שעווה,יחידה,1.00,יחידה,false,0,19.70,19.70,true,1,
7290002007371,false,פירורי לחם 500 גרם,הנמל,IL,פירורי לחם,גרמים,500.00,100 גרם,false,0,5.20,1.04,true,1,
7290002008187,false,קשים מתקפלים 40 יח',הנמל,IL,קשים מתקפלים,יחידה,1.00,יחידה,false,0,1.00,1.00,true,1,
7290002008224,false,מזרה עגול צבעוני צנצ100.,הנמל,IL,סוכריות לקישוט,גרמים,100.00,100 גרם,false,0,6.20,6.20,true,1,
7290002008309,false,100עטרות חום בקופסא מס4',הנמל,IL,עטרות בקופסה,יחידה,1.00,יחידה,false,0,5.90,5.90,true,1,
7290002008354,false,מפת שולחן פלסטיק 8 יחידו,הנמל,IL,מפת שולחן פלסטיק,יחידה,1.00,יחידה,false,0,11.00,11.00,true,1,
7290002008934,false,סוכריות לקישוט 200 גרם,הנמל,IL,סוכריות לקישוט 200 גרם,גרמים,200.00,100 גרם,false,0,9.00,4.50,true,1,
7290002008941,false,עוג.מרוקאיות ללא סוכר400,הנמל,IL,עוגיות ללא סוכר,גרמים,400.00,100 גרם,false,0,21.40,5.35,true,1,
7290002013006,false,פסטרמה מקסיקנית במשקל,זוגלובק,IL,פסטרמה מקסיקנית,קילוגרמים,0.00,"ק""ג",true,0,90.00,90.00,true,1,
7290002013037,false,פסטרמה פרגיות במשקל,זוגלובק,IL,פסטרמה פרגיות,קילוגרמים,0.00,"ק""ג",true,0,90.00,90.00,true,1,
7290002016830,false,כרוב כבוש,,IL,כרוב כבוש,גרמים,550.00,100 גרם,false,0,6.90,1.25,true,1,
7290002019114,false,תרכיז עגבנ.פ.ניר28% 580ג,פרי ניר,IL,תרכיז עגבניות,גרמים,580.00,100 גרם,false,0,6.70,1.16,true,1,
7290002019787,false,רסק עגבניות 22% 260 גרם,פרי ניר,IL,רסק עגבניות,גרמים,260.00,100 גרם,false,0,4.00,1.54,true,1,
7290002019794,false,רסק עגבניות 22% 100 גרם,פרי ניר,IL,רסק עגבניות,גרמים,100.00,100 גרם,false,0,2.10,2.10,true,1,
7290002020134,false,חלת בריוש,גידרון,IL,חלת בריוש פרווה,יחידה,1.00,יחידה,false,0,11.90,11.90,true,1,
7290002020172,false,לחם איטלקי עם בצל קפוא,גידרון,IL,לחם איטלקי בצל,יחידה,1.00,יחידה,false,0,6.80,6.80,true,1,
7290002020202,false,פלטה שמרים אגוזים במשקל,גידרון,IL,פלטה שמרים אגוז,קילוגרמים,0.00,"ק""ג",true,0,31.00,31.00,true,1,
7290002020493,false,מאפה פילו תרד במשקל,גידרון,,מאפה פילו תרד,קילוגרמים,0.00,"ק""ג",true,0,50.00,50.00,true,1,
7290002020837,false,לחמניות מיני חלה,גידרון,IL,לחמניות מיני חל,יחידה,1.00,יחידה,false,0,4.20,4.20,true,1,
7290002020905,false,פיתה תימנית 100 גרם,מאפיית אנג'ל,IL,פיתה תימנית,גרמים,100.00,100 גרם,false,0,3.30,3.30,true,1,
7290002024064,false,חציל פרוס פיקנטי משקל,סלטי שמיר,IL,חציל פרוס פיקנטי משקל,קילוגרמים,0.00,"ק""ג",true,0,36.00,36.00,true,1,
7290002026341,false,ציפס בטטה 500 גרם,מוצרי איכות אמריקאיים,IL,ציפס בטטה,גרמים,500.00,100 גרם,false,12,21.70,4.34,true,1,
7290002026358,false,ציפס בטטה זיג זג 500 גרם,מוצרי איכות אמריקאיים,IL,ציפס בטטה זיג זג,גרמים,500.00,100 גרם,false,1,21.70,4.34,true,1,
7290002026365,false,טבעות בצל 500 גרם,מוצרי איכות אמריקאיים,IL,טבעות בצל,גרמים,500.00,100 גרם,false,20,15.80,3.16,true,1,
7290002026402,false,בלינצ'ס גבינה קפוא 350גר,מוצרי איכות אמריקאיים,IL,בלינצ'ס גבינה קפוא 350גר,גרמים,350.00,100 גרם,false,0,15.40,4.40,true,1,
7290002026433,false,ופל בלגי קפוא ופל בלגי ק,מוצרי איכות אמריקאיים,IL,ופל בלגי קפוא,גרמים,220.00,100 גרם,false,0,15.60,7.09,true,1,
7290002026440,false,פרצלס קפוא פרצלס קפוא,מוצרי איכות אמריקאיים,IL,פרצלס קפוא 280גר,גרמים,280.00,100 גרם,false,0,15.60,5.57,true,1,
7290002037040,false,חלה קלה פרוסה 500 גרם,מאפית ברמן,IL,חלה קלה פרוסה 500 גרם,גרמים,500.00,100 גרם,false,0,15.80,3.16,true,1,
7290002037125,false,חלה פרוסה 500 גרם,מאפית ברמן,IL,חלה פרוסה 500 גרם,גרמים,500.00,100 גרם,false,0,10.60,2.12,true,1,
7290002037545,false,לחם שחור קל פרוס 750 גרם,מאפית ברמן,IL,לחם שחור קל פרוס 750 גרם,גרמים,750.00,100 גרם,false,0,15.80,2.11,true,1,
7290002040019,false,קוסקוס רגיל 350 גרם,קוסקוס מזון,IL,קוסקוס רגיל,גרמים,350.00,100 גרם,false,0,5.50,1.57,true,1,
7290002040071,false,קוסקוס עבה 350 גרם,קוסקוס מזון,IL,קוסקוס עבה,גרמים,350.00,100 גרם,false,0,5.50,1.57,true,1,
7290002053361,false,נודלס איטריות ביצים400גר,אוריינט,IL,איטריות נודלס,גרמים,400.00,100 גרם,false,0,9.90,2.48,true,1,
7290002057031,false,זית מבוקע בשמן זית 540גר,קבוצת יבנה,IL,זית מבוקע בשמן,גרמים,540.00,100 גרם,false,0,9.00,1.67,true,1,
7290002057048,false,זית סורי מבוקע 540 גרם,קבוצת יבנה,IL,זית סורי מבוקע,גרמים,540.00,100 גרם,false,0,11.60,2.15,true,1,
7290002057055,false,זיתים סורים ירוקים540גרם,קבוצת יבנה,IL,זית סורי ירוק,גרמים,540.00,100 גרם,false,0,11.60,2.15,true,1,
7290002057123,false,מנזנילו ירוק ל.גלעין540ג,קבוצת יבנה,IL,זית ללא גלעין,גרמים,540.00,100 גרם,false,0,9.50,1.76,true,1,
7290002057161,false,זית חתוך במרינד 540 גרם,קבוצת יבנה,IL,זית חתוך במרינד,גרמים,540.00,100 גרם,false,0,10.80,2.00,true,1,
7290002057185,false,טבעות זיתים ירוקים540גרם,קבוצת יבנה,IL,טבעות זיתים,גרמים,540.00,100 גרם,false,0,10.10,1.87,true,1,
7290002057352,false,מלפפונים 7-9 במלח 540גרם,קבוצת יבנה,IL,מלפפון במלח 7-9,גרמים,540.00,100 גרם,false,0,6.80,1.26,true,1,
7290002057369,false,מלפפון במלח 10-12 540גרם,קבוצת יבנה,IL,מלפפונים במלח,גרמים,540.00,100 גרם,false,0,7.50,1.39,true,1,
7290002057376,false,מלפ. במלח קטן13-17 540גר,קבוצת יבנה,IL,מלפפונים במלח,גרמים,540.00,100 גרם,false,0,9.80,1.81,true,1,
7290002057383,false,מלפפון במלח 18-25 540גרם,קבוצת יבנה,IL,מלפפונים במלח,גרמים,540.00,100 גרם,false,0,11.80,2.19,true,1,
7290002057482,false,מלפפון בחומץ 18-25 540גר,קבוצת יבנה,IL,מלפפונים בחומץ,גרמים,540.00,100 גרם,false,0,11.80,2.19,true,1,
7290002057628,false,טבעות זיתים מושחרים540גר,קבוצת יבנה,IL,טבעות זיתים מושחרים540גר,גרמים,540.00,100 גרם,false,0,10.10,1.87,true,1,
7290002065555,false,לחמניות בשקית 6יח75X'גרם,מאפיית שלמה א. אנג'ל,IL,לחמניות בשקית 6יח75X'גרם,גרמים,450.00,100 גרם,false,0,10.80,2.40,true,1,
7290002065616,false,לחם שיפון גרעינים 750גרם,מאפיית שלמה א. אנג'ל,IL,לחם שיפון גרעינים 750גרם,גרמים,750.00,100 גרם,false,0,12.90,1.72,true,1,
7290002065623,false,לחם שיפון כפרי 750 גרם,מאפיית שלמה א. אנג'ל,IL,לחם שיפון כפרי 750 גרם,גרמים,750.00,100 גרם,false,0,12.90,1.72,true,1,
7290002077763,false,סטייק אנטריקוט מיושן אל,נטו,IL,סטייק אנטריקוט מיושן אל,קילוגרמים,0.00,"ק""ג",true,0,109.90,109.90,true,1,
7290002077794,false,כתף מיושן חלק אלגאוצ'ו ק,אלגרצ'ו,IL,כתף מיושן חלק אלגאוצ'ו ק,קילוגרמים,0.00,"ק""ג",true,0,64.90,64.90,true,1,
7290002079033,false,לחם דגנים לייט 500 גרם,מאפיית דוידוביץ,IL,לחם דגנים לייט,גרמים,500.00,100 גרם,false,0,15.70,3.14,true,1,
7290002079316,false,חלה רגילה פרוסה 500 גרם,מאפיית דוידוביץ,IL,חלה רגילה פרוסה,גרמים,500.00,100 גרם,false,0,9.40,1.88,true,1,
7290002079927,false,לחם דגנים מלא 750 גרם,מאפיית דוידוביץ,IL,לחם דגנים מלא,גרמים,750.00,100 גרם,false,0,15.80,2.11,true,1,
7290002079996,false,לחם אחיד פרוס קל 750 גרם,מאפיית דוידוביץ,IL,לחם אחיד פרוס קל,גרמים,750.00,100 גרם,false,0,15.70,2.09,true,1,
7290002107019,false,גב.צפתית מעודנת5% 250גרם,משק צוריאל תבור,IL,צפתית מעודנת5%,גרמים,250.00,100 גרם,false,0,17.00,6.80,true,1,
7290002107071,false,פטה עיזים מעודנת16% 200ג,משק צוריאל תבור,IL,גבינת פטה עיזים,גרמים,200.00,100 גרם,false,0,23.70,11.85,true,1,
7290002107316,false,גבינת טבורוג 5% משקל,משק צוריאל תבור,IL,גבינת טבורוג 5% משקל,קילוגרמים,0.00,"ק""ג",true,0,49.00,49.00,true,1,
7290002107491,false,גב.עיזים5% למריחה 250 גר,משק צוריאל תבור,IL,גבינת עיזים 5%,גרמים,250.00,100 גרם,false,0,15.40,6.16,true,1,
7290002107743,false,צפתית מעודנת5%משק צוריאל,משק צוריאל תבור,IL,צפתית מעודנת5%משק צוריאל,קילוגרמים,0.00,"ק""ג",true,0,57.00,57.00,true,1,
7290002107798,false,בולגרית מעודנת 5% 250 גר,משק צוריאל תבור,IL,גבינה בולגרית 5%,גרמים,250.00,100 גרם,false,0,21.70,8.68,true,1,
7290002109334,false,קציצות דג סלמון לבישול 0,דלידג - נטו,GB,קציצות דג,גרמים,750.00,100 גרם,false,0,32.60,4.35,true,1,
7290002109372,false,בורקס פילו גבינה בולגרית,"שגמור בע""מ",IL,בורקס פילו גבינה בולגרית,גרמים,700.00,100 גרם,false,0,22.90,3.27,true,1,
7290002130567,false,דבש טהור יד מרדכי 350גרם,יד מרדכי,IL,דבש טהור,גרמים,350.00,100 גרם,false,0,21.30,6.09,true,1,
7290002130574,false,דבש מפרחי בר יד מרדכי500,יד מרדכי,IL,דבש מפרחי בר יד מרדכי500,גרמים,500.00,100 גרם,false,0,27.70,5.54,true,1,
7290002130581,false,דבש בצנצנת יד מרדכי 1ק,יד מרדכי,IL,דבש טהור,קילוגרמים,1.00,"ק""ג",false,0,45.20,45.20,true,1,
7290002132011,false,עוגיות מזרחיות 500 גרם,עבאדי,IL,עוגיות מזרחיות,גרמים,500.00,100 גרם,false,0,14.90,2.98,true,1,
7290002133087,false,גבינה בולגרית צאן20%משקל,מחלבת השומרון,,גבינה בולגרית צאן20%משקל,גרמים,0.00,"ק""ג",true,0,90.00,90.00,true,1,
7290002133094,false,ברינזה צאן 20% במשקל,מחלבת השומרון,IL,ברינזה צאן 20% במשקל,קילוגרמים,0.00,"ק""ג",true,0,93.00,93.00,true,1,
7290002133117,false,בולגרית מעודנת 5% במשקל,מחלבת השומרון,IL,בולגרית מעודנת 5% במשקל,קילוגרמים,0.00,"ק""ג",true,0,57.00,57.00,true,1,
7290002133148,false,צפתית רכה 5% במשקל,מחלבת השומרון,IL,צפתית רכה 5% במשקל,קילוגרמים,0.00,"ק""ג",true,0,45.00,45.00,true,1,
7290002133193,false,גבינה בולגרית 5% משקל,מחלבת השומרון,IL,גבינה בולגרית 5% משקל,קילוגרמים,0.00,"ק""ג",true,0,62.00,62.00,true,1,
7290002133216,false,"גב.שמנת30%שומן ט""ש.משקל",מחלבת השומרון,IL,"גב.שמנת30%שומן ט""ש.משקל",קילוגרמים,0.00,"ק""ג",true,0,52.00,52.00,true,1,
7290002150732,false,קרפלך במילוי בשר 400גרם,חמים וטעים,IL,קרפלך במילוי בשר,גרמים,400.00,100 גרם,false,10,14.90,3.73,true,1,
7290002150862,false,קובה בורגול בשר 400 גרם,חמים וטעים,IL,קובה בשר400גרם,גרמים,400.00,100 גרם,false,1,14.80,3.70,true,1,
7290002153665,false,קמח מצה חמץ,,IL,קמח מצה חמץ,גרמים,200.00,100 גרם,false,0,4.60,2.30,true,1,
7290002239277,false,גזר גמדי 800 גרם,פרי גליל,IL,גזר גמדי,גרמים,800.00,100 גרם,false,0,13.70,1.71,true,1,
7290002239307,false,שעועית צהובה 800 גרם,פרי גליל,IL,שעועית צהובה,גרמים,800.00,100 גרם,false,0,15.70,1.96,true,1,
7290002239338,false,שעועית ירוקה 800 גרם,פרי גליל,IL,שעועית ירוקה,גרמים,800.00,100 גרם,false,0,15.70,1.96,true,1,
7290002239369,false,שעועית ירוקה שלמה 800 גר,פרי גליל,IL,שעועית ירוקה,גרמים,800.00,100 גרם,false,0,17.60,2.20,true,1,
7290002253006,false,שום כתוש דורות 200 גרם,דורות,IL,שום טרי כתוש,גרמים,200.00,100 גרם,false,0,15.80,7.90,true,1,
7290002253105,false,שום במגשית 80 גרם,דורות,IL,שום כתוש קפוא,גרמים,80.00,100 גרם,false,0,11.80,14.75,true,1,
7290002253150,false,בזיליקום קצוץ מגשית 70 ג,דורות,IL,בזיליקום קצוץ,גרמים,70.00,100 גרם,false,0,11.60,16.57,true,1,
7290002253174,false,שמיר קצוץ מגשית 70 גרם,דורות,IL,שמיר טרי קצוץ,גרמים,70.00,100 גרם,false,0,11.60,16.57,true,1,
7290002253198,false,גינג'ר כתוש קפוא מגשית70,דורות,IL,גינג'ר כתוש קפוא,גרמים,70.00,100 גרם,false,0,11.60,16.57,true,1,
7290002253235,false,דורות רוטב פסטו 160גרם,דורות,IL,דורות רוטב פסטו,גרמים,160.00,100 גרם,false,16,12.80,8.00,true,1,
7290002253242,false,דורות רוטב סצ'ואן 160 גר,דורות,IL,דורות רוטב סצ'וא,גרמים,160.00,100 גרם,false,16,12.80,8.00,true,1,
7290002253259,false,דורות רוטב עגבניות בזילי,דורות,IL,דורות רוטב עגבני,גרמים,160.00,100 גרם,false,16,12.80,8.00,true,1,
7290002253273,false,דורות רוטב שום דבש 160 ג,דורות,IL,דורות רוטב שום ד,גרמים,160.00,100 גרם,false,16,12.80,8.00,true,1,
7290002266037,false,לחם חי פרוס 500 גרם,מאפיית שלמה א. אנג'ל,IL,לחם חי פרוס 500 גרם,גרמים,500.00,100 גרם,false,0,13.50,2.70,true,1,
7290002270553,false,משחת גילוח לעור רגיש140מ,קרליין,IL,משחת גילוח MEM,מיליליטרים,140.00,"100 מ""ל",false,0,13.40,9.57,true,1,
7290002304203,false,קונפ.תות שדה לייט 600גרם,ענבי ציון,IL,קונפיטורה תות,גרמים,600.00,100 גרם,false,0,19.90,3.32,true,1,
7290002304210,false,קונפיטורה מישמש לייט600ג,ענבי ציון,IL,קונפיטורה מישמש,גרמים,600.00,100 גרם,false,0,19.90,3.32,true,1,
7290002304241,false,קונפ.פירות יער לייט600גר,ענבי ציון,IL,קונפ.פירות יער,גרמים,600.00,100 גרם,false,0,19.90,3.32,true,1,
7290002319054,false,פרג טחון 100 גרם,מיה,IL,פרג טחון,גרמים,100.00,100 גרם,false,0,5.80,5.80,true,1,
7290002323198,false,ספרינג מיץ תפוחים 1.5 ל',יפאורה שותפות מובגלת לשיווק,IL,ספרינג תפוחים,ליטרים,1.50,ליטר,false,0,6.90,4.60,true,1,
7290002323204,false,ספרינג תפוחים דיאט 1.5ל',יפאורה שותפות מובגלת לשיווק,IL,ספרינג תפוח דיאט,ליטרים,1.50,ליטר,false,0,6.90,4.60,true,1,
7290002323839,false,משקה קל ענבים קריסטל 2ל',יפאורה שותפות מובגלת לשיווק,IL,משקה קל ענבים,ליטרים,2.00,ליטר,false,0,4.00,2.00,true,1,
7290002323846,false,משקה קל מנגו 2 ליטר,יפאורה שותפות מובגלת לשיווק,IL,קריסטל מנגו,ליטרים,2.00,ליטר,false,0,4.00,2.00,true,1,
7290002327028,false,ג'חנון 650 גרם,אופרה,IL,ג'חנון 650 גרם,גרמים,650.00,100 גרם,false,0,19.70,3.03,true,1,
7290002327042,false,"בורקס תפו""א 800 גרם",אופרה,IL,"בורקס תפו""א 800 גרם",גרמים,800.00,100 גרם,false,0,21.90,2.74,true,1,
7290002327059,false,"בצק עלים 1 ק""ג",אופרה,IL,"בצק עלים 1 ק""ג",קילוגרמים,1.00,"ק""ג",false,0,22.00,22.00,true,1,
7290002327066,false,קונכיות למילוי 625 גרם,אופרה,IL,קונכיות למילוי,גרמים,625.00,100 גרם,false,0,26.00,4.16,true,1,
7290002327912,false,בורקס מיני גבינה 700 גרם,אופרה,IL,מיני בורקס גבינה,גרמים,700.00,100 גרם,false,0,26.60,3.80,true,1,
7290002331117,false,נביעות+טעם ענבים 1.5ליטר,נביעות טבע,IL,נביעות+ענבים,ליטרים,1.50,ליטר,false,0,8.80,5.87,true,1,
7290002331148,false,נביעות+טעם תפוח 1.5 ליטר,נביעות טבע,IL,נביעות+תפוח,ליטרים,1.50,ליטר,false,0,8.80,5.87,true,1,
7290002331179,false,נביעות+טעם אפרסק 1.5ליטר,נביעות טבע,IL,נביעות+אפרסק,ליטרים,1.50,ליטר,false,0,8.80,5.87,true,1,
7290002331322,false,מים מינרל.נביעות 1.5*6ל,נביעות טבע,IL,מים נביעות 6 יח,ליטרים,9.00,ליטר,false,0,11.50,1.28,true,1,
7290002331360,false,נביעות פקק טו גו 6 500*מ,נביעות טבע,IL,נביעות ספורט 6יח,ליטרים,3.00,ליטר,false,0,12.90,4.30,true,1,
7290002331421,false,נביעות פקק טוגו 6 755*מ,נביעות טבע,IL,נביעות פקק טוגו,ליטרים,4.53,ליטר,false,0,20.00,4.42,true,1,
7290002332022,false,נביעות+משמש אננס 1.5ליטר,נביעות טבע,IL,נביעות+משמש אננס,ליטרים,1.50,ליטר,false,0,8.80,5.87,true,1,
7290002346210,false,משחת נעליים שחור,,TR,משחת נעליים שחור,מיליליטרים,50.00,"100 מ""ל",false,0,13.60,27.20,true,1,
7290002346227,false,מבריק נעליים,,TR,מבריק נעליים,יחידה,1.00,יחידה,false,0,13.60,13.60,true,1,
7290002348160,false,תירס גמדי שלם 400 גרם,גואנדונג,CN,תירס גמדי,גרמים,400.00,100 גרם,false,1,5.90,1.48,true,1,
7290002353324,false,עוג.אוראו 176 גרם,מונדלייז,ES,עוגיות אוראו,גרמים,176.00,100 גרם,false,0,10.20,5.80,true,1,
7290002353836,false,סרדינ.בשמן זית רוברט125ג,נטו,PT,סרדינים בשמן זית,גרמים,115.00,100 גרם,false,0,7.80,6.78,true,1,
7290002360285,false,חליטת קמומיל 20 שק1.5Xג,טייקנה,IL,חליטת קמומיל,גרמים,30.00,100 גרם,false,0,12.90,43.00,true,1,
7290002363491,false,"יין קונדיטון 750 מ""ל",הכורמים,IL,יין קונדיטון,מיליליטרים,750.00,"100 מ""ל",false,0,34.70,4.63,true,1,
7290002371403,false,מארז פסטרמה+נקניק 600גרם,טירת צבי,IL,פסטרמה+נקניק,גרמים,600.00,100 גרם,false,0,32.00,5.33,true,1,
7290002371526,false,סלסולי פסטר.שום+צילי120ג,טירת צבי,IL,סילסולי פסטרמה,גרמים,120.00,100 גרם,false,0,17.30,14.42,true,1,
7290002371533,false,סלסולי פסטרמה דבש 120 גר,טירת צבי,IL,סלסולי פסטרמה,גרמים,120.00,100 גרם,false,0,17.30,14.42,true,1,
7290002371540,false,קורנדביף 120 גרם,טירת צבי,IL,קורנדביף,גרמים,120.00,100 גרם,false,0,17.30,14.42,true,1,
7290002371571,false,פסטרמה פרגיות לבגט במשקל,טירת צבי,,פסטרמה פרגיות לבגט במשקל,קילוגרמים,0.00,"ק""ג",true,0,91.00,91.00,true,1,
7290002371816,false,פסטרמה פרגיות לבאגט 270ג,טירת צבי,IL,פסטרמה פרגיות,גרמים,270.00,100 גרם,false,0,27.30,10.11,true,1,
7290002371854,false,"נקניקיות עוף חריפות 1ק""ג",טירת צבי,IL,נקניקיות עוף,קילוגרמים,1.00,"ק""ג",false,0,32.70,32.70,true,1,
7290002374640,false,שמן קנולה פלוס אומגה3 1ל,שמן תעשיות,IL,שמן קנולה פלוס אומגה3 1ל,ליטרים,1.00,ליטר,false,0,13.90,13.90,true,1,
7290002385745,false,פקורינו משולשים במשקל,,,פקורינו משולשים במשקל,קילוגרמים,0.00,"ק""ג",true,0,137.00,137.00,true,1,
7290002439066,false,פיצה משפחתית גבינה 350גר,נטו,IL,פיצה משפחתית,גרמים,350.00,100 גרם,false,1,14.80,4.23,true,1,
7290002439080,false,פיצה ביס 100%גבינה 700גר,נטו,IL,פיצה ביס 100%גבי,גרמים,700.00,100 גרם,false,8,28.70,4.10,true,1,
7290002439400,false,פיצה ביס גבינה+זיתים 700,נטו,IL,פיצה ביס זיתים,גרמים,700.00,100 גרם,false,8,29.60,4.23,true,1,
7290002439424,false,מארז פיצה אישית100%גבינה,נטו,IL,פיצה אישית 100%,גרמים,800.00,100 גרם,false,6,28.70,3.59,true,1,
7290002472087,false,עוגת קצפת פס שוקולד 600ג,גידרון,IL,עוגת קצפת,גרמים,600.00,100 גרם,false,0,39.90,6.65,true,1,
7290002472094,false,עוגת קצפת קרם שניט600גרם,גידרון,IL,עוגת קרם שניט,גרמים,600.00,100 גרם,false,0,39.90,6.65,true,1,
7290002472117,false,פס קצפת קפוצ'ינו 600 גרם,גידרון,IL,פס קצפת קפוצ'ינו,גרמים,600.00,100 גרם,false,0,39.90,6.65,true,1,
7290002472148,false,עוגת קצפת בלק פורסט600גר,גידרון,IL,עוגת בלק פורסט,גרמים,600.00,100 גרם,false,0,39.90,6.65,true,1,
7290002472193,false,עוגת מאפין שוקו 550 גרם,גידרון,IL,עוגת מאפין שוק,יחידה,1.00,יחידה,false,0,22.90,22.90,true,1,
7290002472209,false,מאפין שוקו וניל 550 גרם,גידרון,IL,מאפין שוקו וני,יחידה,1.00,יחידה,false,0,22.90,22.90,true,1,
7290002472223,false,עוגת מאפין תפוז 550 גרם,גידרון,IL,עוג.מאפין תפוז,יחידה,1.00,יחידה,false,0,22.90,22.90,true,1,
7290002472254,false,עוגת מאפין אגוזים 550גרם,גידרון,IL,מאפין אגוזים,יחידה,1.00,יחידה,false,0,22.90,22.90,true,1,
7290002472261,false,"עוגת מאפין תפו""ע 550 גרם",גידרון,IL,עוגת מאפין,יחידה,1.00,יחידה,false,0,22.90,22.90,true,1,
7290002472483,false,מאפין שישיה ארוזה שוקו,גידרון,IL,מאפין 6 יחידות,יחידה,1.00,יחידה,false,0,19.80,19.80,true,1,
7290002472629,false,עוגת שמרים שוקולד,גידרון,IL,עוג.שמרים שוקולד,יחידה,1.00,יחידה,false,0,16.90,16.90,true,1,
7290002472698,false,מאפין שישיה ארוזה וניל,גידרון,IL,מאפין שישיה אר,יחידה,1.00,יחידה,false,0,19.80,19.80,true,1,
7290002472841,false,עוגת סבתא שוקולד 850 גרם,גידרון,IL,עוגת סבתא שוקו,יחידה,1.00,יחידה,false,0,26.70,26.70,true,1,
7290002479109,false,"דבש מפרחי בר 1 ק""ג",מכוורת עמק חפר,IL,דבש מפרחי בר,גרמים,1000.00,100 גרם,false,0,46.20,4.62,true,1,
7290002479352,false,דבש מפרחי בר 350 גרם,מכוורת עמק חפר,IL,דבש מפרחי בר,גרמים,350.00,100 גרם,false,0,19.70,5.63,true,1,
7290002485001,false,חומוס מסעדות אהרוני 250ג,סלטי שמיר,IL,סלט חומוס,גרמים,250.00,100 גרם,false,0,8.90,3.56,true,1,
7290002485056,false,חומוס אבו גוש אהרוני250ג,סלטי שמיר,IL,חומוס אבו גוש,גרמים,250.00,100 גרם,false,0,8.90,3.56,true,1,
7290002487425,false,עוג.אוראו שוקולד חלב176ג,מונדלייז,ES,עוגיות אוראו,גרמים,176.00,100 גרם,false,0,10.20,5.80,true,1,
7290002487739,false,עוג.אוראו פאדג שוק.חל246,מונדלייז,ES,עוגיות אוראו,גרמים,246.00,100 גרם,false,0,20.40,8.29,true,1,
7290002487746,false,עוג.אוראו פאדג שוק.לב246,מונדלייז,ES,עוגיות אוראו,גרמים,246.00,100 גרם,false,0,20.40,8.29,true,1,
7290002515371,false,קמיל בלו אל סבון נוזלי1ל,פישר מעבדות פרמצבטיות,IL,קמיל בלו לתינוק,ליטרים,1.00,ליטר,false,0,29.30,29.30,true,1,
7290002517283,false,פלפל שחור במיכל 40 גרם,תבליני טעם וריח,IL,פלפל שחור,גרמים,40.00,100 גרם,false,0,12.40,31.00,true,1,
7290002517733,false,קצח 40 גרם,תבליני טעם וריח,IL,קצח,גרמים,40.00,100 גרם,false,0,7.80,19.50,true,1,
7290002541370,false,משקה סויה אלפרו 1 ליטר,אלפרו,IL,משקה סויה טבעי,ליטרים,1.00,ליטר,false,0,14.80,14.80,true,1,
7290002541981,false,משקה סויה ללא תוספת סוכר,אלפרו,IL,משקה סויה,ליטרים,1.00,ליטר,false,0,14.80,14.80,true,1,
7290002542506,false,בירה קורונה,,MX,בירה קורונה,מיליליטרים,355.00,"100 מ""ל",false,0,11.80,3.32,true,1,
7290002543046,false,פרוסטיס 750 גרם,קלוג'ס,GB,פרוסטיס 750 גרם,גרמים,750.00,100 גרם,false,0,25.10,3.35,true,1,
7290002543084,false,קלוגס אול בראן פלקס500גר,קלוג'ס,GB,קלוגס אול בראן,גרמים,500.00,100 גרם,false,0,27.70,5.54,true,1,
7290002543237,false,קלוג'ס קורנפלקס 750 גרם,קלוג'ס,GB,קורנפלקס קלוגס,גרמים,750.00,100 גרם,false,0,16.90,2.25,true,1,
7290002543381,false,קלוג'ס ספיישל K 375 גרם,קלוג'ס,GB,קלוג'ס ספיישל,גרמים,375.00,100 גרם,false,0,24.70,6.59,true,1,
7290002551003,false,טונה סטארקיסט בשמן 160 ג,סטארקיסט,IL,טונה סטארקיסט,גרמים,160.00,100 גרם,false,0,7.60,4.75,true,1,
7290002623021,false,גרויר צרפתי 250 גרם,אוברניי לי.,FR,גרויר צרפתי,גרמים,250.00,100 גרם,false,1,28.50,11.40,true,1,
7290002657866,false,"פילה אמנון""דלידג מהדרין",דלידג - נטו,IL,פילה אמנון,קילוגרמים,0.00,"ק""ג",true,0,44.90,44.90,true,1,
7290002661115,false,"לחם הולנדי 1.200 ק""ג",מאפית ברמן,IL,"לחם הולנדי 1.200 ק""ג",קילוגרמים,1.20,"ק""ג",false,0,17.70,14.75,true,1,
7290002661153,false,"לחם דני קל 1 ק""ג",מאפית ברמן,IL,"לחם דני קל 1 ק""ג",גרמים,1000.00,100 גרם,false,0,17.70,1.77,true,1,
7290002661177,false,לחם כנעני 750 גרם,מאפית ברמן,IL,לחם כנעני 750 גרם,גרמים,750.00,100 גרם,false,0,15.80,2.11,true,1,
7290002661214,false,לחם גלילי קל 750 גרם,מאפית ברמן,IL,לחם גלילי קל 750 גרם,גרמים,750.00,100 גרם,false,0,15.80,2.11,true,1,
7290002663522,false,תפוזינה משקה קל תפוז1.5ל,יפאורה שותפות מובגלת לשיווק,IL,תפוזינה תפוזים,ליטרים,1.50,ליטר,false,0,6.50,4.33,true,1,
7290002663539,false,תפוזינה אשכוליות 1.5ליטר,יפאורה שותפות מובגלת לשיווק,IL,תפוזינה אשכוליות,ליטרים,1.50,ליטר,false,0,6.50,4.33,true,1,
7290002663805,false,שוופס טוניק 1.5 ליטר,יפאורה שותפות מובגלת לשיווק,IL,שוופס מי טוניק,ליטרים,1.50,ליטר,false,0,9.90,6.60,true,1,
7290002663829,false,שוופס ביטר לימון 1.5ליטר,יפאורה שותפות מובגלת לשיווק,IL,שוופס ביטר לימון,ליטרים,1.50,ליטר,false,0,9.90,6.60,true,1,
7290002663881,false,אשכולינה דיאט 1.5 ליטר,יפאורה שותפות מובגלת לשיווק,IL,אשכולינה דיאט,ליטרים,1.50,ליטר,false,0,6.50,4.33,true,1,
7290002674238,false,"מ.אקווה פרש מנטול125מ""ל",ג.' אס.קיו,GB,משחת אקווה פרש,מיליליטרים,125.00,"100 מ""ל",false,0,6.90,5.52,true,1,
7290002674269,false,"מש.אקווה פרש עדין125מ""ל",ג.' אס.קיו,IL,משחת שיניים,מיליליטרים,125.00,"100 מ""ל",false,0,6.90,5.52,true,1,
7290002674313,false,משחת מנטה עם פלרואיד100מ,ג.' אס.קיו,GB,משחת שיניים,מיליליטרים,100.00,"100 מ""ל",false,0,5.90,5.90,true,1,
7290002692393,false,שמן קנולה מועשר 1 ליטר,שמן תעשיות,IL,שמן קנולה מועשר,ליטרים,1.00,ליטר,false,0,14.80,14.80,true,1,
7290002692478,false,שמן זית מעודן כ.מעולה750,שמן תעשיות,IL,שמן זית מעודן,מיליליטרים,750.00,"100 מ""ל",false,0,36.90,4.92,true,1,
7290002692553,false,"זיתולה עץ הזית 750 מ""ל",שמן תעשיות,IL,זיתולה עץ הזית,מיליליטרים,750.00,"100 מ""ל",false,0,12.90,1.72,true,1,
7290002692768,false,"תרסיס שמן קנולה 200 מ""ל",שמן תעשיות,US,תרסיס שמן קנולה,מיליליטרים,200.00,"100 מ""ל",false,0,17.10,8.55,true,1,
7290002706915,false,"פילה נסיכת נילוס ק""ג",דלידג - נטו,IL,פילה נסיכת נילוס,קילוגרמים,0.00,"ק""ג",true,0,44.90,44.90,true,1,
7290002710004,false,ביצים אורגניות 12 יח,מן הטבע בארותיים,IL,ביצים אורגניות 12 יח,יחידה,1.00,יחידה,false,0,28.70,28.70,true,1,
7290002710110,false,ביצי חופש M 12 יחידות,מן הטבע בארותיים,IL,ביצי חופש M 12 יחידות,יחידה,1.00,יחידה,false,0,21.70,21.70,true,1,
7290002715504,false,מג'יק נודלס,,,מג'יק נודלס,גרמים,70.00,100 גרם,false,0,4.60,6.57,true,1,
7290002715511,false,ארוחת איטר.מג'יק-בשר70גר,,,ארוחת איטר.מג'יק-בשר70גר,גרמים,70.00,100 גרם,false,0,4.60,6.57,true,1,
7290002730262,false,פלמוליב קלאסי ירוק 750מל,קולגייט-פלמוליב,GR,פלמוליב לכלים,מיליליטרים,750.00,"100 מ""ל",false,0,11.30,1.51,true,1,
7290002730675,false,"משחת קולגייט אדום 100מ""ל",קולגייט-פלמוליב,PL,"משחת קולגייט אדום 100מ""ל",מיליליטרים,100.00,"100 מ""ל",false,0,10.50,10.50,true,1,
7290002730811,false,משחה קולגייט ג'ל 100 גרם,קולגייט-פלמוליב,PL,משחת קולגייט ג'ל,מיליליטרים,100.00,"100 מ""ל",false,0,14.80,14.80,true,1,
7290002741091,false,חטיפי דגנים שוגי שוק8.יח,יוניליוור,IL,חטיפי דגנים 8 יח,גרמים,184.00,100 גרם,false,0,15.00,8.15,true,1,
7290002741411,false,"תחליב רחצה דאב 250 מ""ל",יוניליוור,IL,תחליב רחצה דאב,מיליליטרים,250.00,"100 מ""ל",false,1,6.90,2.76,true,1,
7290002752332,false,סוכ.מנטוס טעם פירות37.5ג,מנטוס,NL,סוכריות מנטוס,גרמים,37.00,100 גרם,false,0,3.80,10.27,true,1,
7290002752349,false,סוכ. מנטוס מנטה 37.5 גרם,מנטוס,NL,סוכריות מנטוס,גרמים,37.00,100 גרם,false,0,3.80,10.27,true,1,
7290002752493,false,סוכ.טיק טק מנטה 16X4גר,פררו - אלבה,EC,סוכריות טיק טק,גרמים,64.00,100 גרם,false,0,12.00,18.75,true,1,
7290002757139,false,מלווח 700 גרם,אופרה,IL,מלווח 700 גרם,גרמים,700.00,100 גרם,false,0,15.80,2.26,true,1,
7290002757528,false,"בורקס פילו תפו""א 700 גרם","שגמור בע""מ",IL,"בורקס פילו תפו""א 700 גרם",גרמים,700.00,100 גרם,false,0,22.30,3.19,true,1,
7290002757535,false,בור.פילו אצבעות גב700.גר,"שגמור בע""מ",IL,בור.פילו אצבעות גב700.גר,גרמים,700.00,100 גרם,false,0,22.30,3.19,true,1,
7290002757542,false,אטריות קדאיף 400 גרם,"שגמור בע""מ",IL,אטריות קדאיף,גרמים,400.00,100 גרם,false,0,19.10,4.78,true,1,
7290002759126,false,מארז מיני פיתה 10יח50*גר,מעיין תעשיות מאפה,IL,מיני פיתה 10 יח',גרמים,500.00,100 גרם,false,0,13.40,2.68,true,1,
7290002759768,false,פילס פיצה מחיר לפי משקל,גידרון,IL,פילס פיצה מחיר לפי משקל,קילוגרמים,0.00,"ק""ג",true,0,50.00,50.00,true,1,
7290002759782,false,כיס פרלין במשקל,גידרון,IL,כיס פרלין,קילוגרמים,0.00,"ק""ג",true,0,50.00,50.00,true,1,
7290002766056,false,עגבניות שרי לב אדום יח',קטיף,IL,שרי לב אדום,יחידה,1.00,יחידה,false,1,9.90,9.90,true,1,
7290002768043,false,מי פה תיאדנט+פלאוריד150מ,קרליין,IL,מי פה תיאדנט,מיליליטרים,150.00,"100 מ""ל",false,0,18.30,12.20,true,1,
7290002771104,false,קפה אל נח'לה עם הל 500גר,קפה אל נח'לה,IL,קפה עם הל,גרמים,500.00,100 גרם,false,0,35.00,7.00,true,1,
7290002771111,false,קפה אל נח'לה עם הל250גרם,קפה אל נח'לה,IL,קפה עם הל,גרמים,250.00,100 גרם,false,0,18.50,7.40,true,1,
7290002775010,false,מיני בורקס פילו גבינה 50,"שגמור בע""מ",IL,מיני בורקס פילו,גרמים,650.00,100 גרם,false,0,22.30,3.43,true,1,
7290002782131,false,דאודורנט פ.רוזנבלום150מל,"ביסקול בע""מ",IL,דאודורנט פנינה,מיליליטרים,150.00,"100 מ""ל",false,0,21.90,14.60,true,1,
7290002782759,false,"קרם גוף מס2' פנינה340מ""ל",א.ל ארמן,IL,קרם גוף פנינה,מיליליטרים,340.00,"100 מ""ל",false,0,21.90,6.44,true,1,
7290002787747,false,שניצלוני דג ותירס 600 גר,דלידג - נטו,IL,שניצלוני דג תירס,גרמים,600.00,100 גרם,false,1,31.60,5.27,true,1,
7290002787754,false,קציצות דג וכרישה 500 גרם,דלידג - נטו,IL,קציצות דג כרישה,גרמים,500.00,100 גרם,false,1,35.60,7.12,true,1,
7290002787884,false,"מקלות בורקס פילו תפו""א",נטו,IL,מקלות בורקס פילו,גרמים,600.00,100 גרם,false,10,22.70,3.78,true,1,
7290002787891,false,מקלות בורקס פילו תרד 600,נטו,IL,מקלות בורקס פילו,גרמים,600.00,100 גרם,false,10,22.70,3.78,true,1,
7290002794422,false,קנט קלאסי ארוך חפיסה,bat,TR,קנט קלאסי יח',יחידה,1.00,יחידה,false,0,34.00,34.00,false,1,
7290002812522,false,פרלמנט ארוך RCB חפיסה,פיליפ מוריס,,פרלמנט ארוך יח,יחידה,1.00,יחידה,false,0,36.50,36.50,false,1,
7290002814047,false,אקונומיקה קצף ניקוי750מ,קומפלקס כימיקלים,IL,אקונומיקה קצף,מיליליטרים,750.00,"100 מ""ל",false,1,7.90,1.05,true,1,
7290002814078,false,אנטרטיק לניקוי אמבטיה1ל,קומפלקס כימיקלים,IL,אנטרטיק לאמבט,ליטרים,1.00,ליטר,false,0,7.90,7.90,true,1,
7290002814214,false,קצף ניקוי לכל.סניטרים750,קומפלקס כימיקלים,IL,קצף ניקוי,מיליליטרים,750.00,"100 מ""ל",false,0,7.90,1.05,true,1,
7290002814928,false,פרלמנט קצר בודד,פיליפ מוריס,IL,פרלמנט קצר בודד,יחידה,1.00,יחידה,false,0,36.50,36.50,false,1,
7290002824183,false,גב.סקי משפחתי5%שומן500ג,שטראוס,IL,גבינת סקי 5%,גרמים,500.00,100 גרם,false,0,9.20,1.84,true,1,
7290002824466,false,יוגורט ביו 0% דנונה 200ג,שטראוס,IL,יוגורט ביו 0%,גרמים,200.00,100 גרם,false,0,3.70,1.85,true,1,
7290002824640,false,גב.סקי5%לבנה מעודנת250ג,שטראוס,IL,גבינת סקי 5%,גרמים,250.00,100 גרם,false,0,4.60,1.84,true,1,
7290002825692,false,סלט חומוס אחלה 500 גרם,שטראוס,IL,סלט חומוס,גרמים,500.00,100 גרם,false,0,10.80,2.16,true,1,
7290002825722,false,כרוב אדום אחלה 500 גרם,שטראוס,IL,סלט כרוב אחלה,גרמים,500.00,100 גרם,false,0,15.40,3.08,true,1,
7290002827337,false,נקנ' עוף פיקנטי,,IL,נקנ' עוף פיקנטי,גרמים,400.00,100 גרם,false,0,8.90,2.23,true,1,
7290002830207,false,גפילטע פיש,,IL,גפילטע פיש,גרמים,520.00,100 גרם,false,0,18.30,3.52,true,1,
7290002833525,false,מרלבורו רד קצר בוקס חפ.,פיליפ מוריס,,מרלבורו רד חפיסה,יחידה,1.00,יחידה,false,0,34.00,34.00,false,1,
7290002845122,false,ל.מ. סילבר לייבל חפיסה,פיליפ מוריס,,ל.מ. סילבר ליי,יחידה,1.00,יחידה,false,0,32.00,32.00,false,1,
7290002852724,false,ל.מ. בלו לייבל קצר,פיליפ מוריס,US,ל.מ. בלו לייבל,יחידה,1.00,יחידה,false,0,32.00,32.00,false,1,
7290002854528,false,ל.מ. רד לייבל קצר,פיליפ מוריס,US,ל.מ. רד לייבל,יחידה,1.00,יחידה,false,0,32.00,32.00,false,1,
7290002862055,false,לימון כבוש,,,לימון כבוש,גרמים,250.00,100 גרם,false,0,12.60,5.04,true,1,
7290002868446,false,גב.מותכת ניו-יורק 25*4גר,טרה,IL,גב.מותכת ניו-יורק 25*4גר,גרמים,100.00,100 גרם,false,0,4.90,4.90,true,1,
7290002868996,false,קוטג' 5%מועשר בסידן 250ג,טרה,IL,קוטג' 5% מועשר,גרמים,250.00,100 גרם,false,0,5.60,2.24,true,1,
7290002871361,false,בירה קרלסברג בק.חוזר500מ,קרלסברג ישראל,IL,בירה קרלסברג,מיליליטרים,500.00,"100 מ""ל",false,0,9.40,1.88,true,1,
7290002871446,false,פריגת ענבים 1.5 ליטר,פריגת,IL,פריגת ענבים,ליטרים,1.50,ליטר,false,0,6.90,4.60,true,1,
7290002871460,false,פריגת תפוזים 1.5 ליטר,פריגת,IL,פריגת תפוזים,ליטרים,1.50,ליטר,false,0,6.90,4.60,true,1,
7290002871477,false,פריגת אשכוליות 1.5 ליטר,פריגת,IL,פריגת אשכוליות,ליטרים,1.50,ליטר,false,0,6.90,4.60,true,1,
7290002871484,false,דיאט פריגת תפוזים 1.5 ל',פריגת,IL,פריגת דיאט תפוז,ליטרים,1.50,ליטר,false,0,6.90,4.60,true,1,
7290002871491,false,דיאט פריגת אשכוליות1.5ל,פריגת,IL,פריגת דיאט אשכול,ליטרים,1.50,ליטר,false,0,6.90,4.60,true,1,
7290002876326,false,פרלמנט קצר בלו בודד,פיליפ מוריס,IL,פרלמנט קצר בלו,יחידה,1.00,יחידה,false,0,36.50,36.50,false,1,
7290002881209,false,"רסק תפו""ע 700 גרם",KONSERVENFABRIEK BALTUSSEN,US,"רסק תפו""ע",גרמים,700.00,100 גרם,false,0,10.40,1.49,true,1,
7290002881216,false,"רסק תפו""ע דיאט צנצנת700ג",KONSERVENFABRIEK BALTUSSEN,NL,"רסק תפו""ע דיאט",גרמים,700.00,100 גרם,false,0,10.40,1.49,true,1,
7290002881254,false,קוקטייל פירות טרופים820ג,סאנרייז אגריקלטור,VN,קוקטייל פירות,גרמים,820.00,100 גרם,false,1,9.90,1.21,true,1,
7290002881920,false,מרלבורו גולד 100 בוקס,פיליפ מוריס,IL,מרלבורו גולד,יחידה,1.00,יחידה,false,0,34.00,34.00,false,1,
7290002886925,false,מרלבורו גולד קצר בוקס,פיליפ מוריס,US,מרלבורו גולד קצר,יחידה,1.00,יחידה,false,0,34.00,34.00,false,1,
7290002900313,false,פסטרמה ספרדית במשקל,טירת צבי,IL,פסטרמה ספרדית,קילוגרמים,0.00,"ק""ג",true,0,91.00,91.00,true,1,
7290002900566,false,פסטרמה ברביקיו מופחת360ג,טירת צבי,IL,פסטרמה ברביקיו,גרמים,360.00,100 גרם,false,0,36.00,10.00,true,1,
7290002909415,false,"פילה סול ארוז ק""ג",בלדי,IL,פילה סול ארוז,קילוגרמים,0.00,"ק""ג",true,1,25.70,25.70,true,1,
7290002929512,false,פלאפל 500 גרם,שלושת האופים,IL,פלאפל 500 גרם,גרמים,500.00,100 גרם,false,0,13.80,2.76,true,1,
7290002929536,false,קובה למרק 600 גרם,שלושת האופים,IL,קובה למרק 600 גרם,גרמים,600.00,100 גרם,false,0,16.80,2.80,true,1,
7290002929642,false,טונה בשמן 4 יח,,IL,טונה בשמן 4 יח,גרמים,560.00,100 גרם,false,0,22.90,4.09,true,1,
7290002987963,false,"חומוס אחלה 1 ק""ג",שטראוס,IL,"חומוס אחלה 1 ק""ג",קילוגרמים,1.00,"ק""ג",false,0,14.90,14.90,true,1,
7290003009138,false,סירופ לימונים פריגת 750מ,פריגת,IL,סירופ לימונים,מיליליטרים,750.00,"100 מ""ל",false,0,13.90,1.85,true,1,
7290003009145,false,"סירופ ענבים פריגת 750מ""ל",פריגת,IL,סירופ ענבים,מיליליטרים,750.00,"100 מ""ל",false,0,13.90,1.85,true,1,
7290003009152,false,"סירופ פטל פריגת 750 מ""ל",פריגת,IL,סירופ פטל,מיליליטרים,750.00,"100 מ""ל",false,0,13.90,1.85,true,1,
7290003009183,false,"סירופ תפוחים דיאט 750מ""ל",פריגת,IL,סירופ תפוחים,מיליליטרים,750.00,"100 מ""ל",false,0,19.70,2.63,true,1,
7290003009572,false,סירופ תפוזים פריגת 1.5ל',פריגת,IL,סירופ תפוזים,ליטרים,1.50,ליטר,false,0,23.10,15.40,true,1,
7290003009589,false,"סירופ לימונים דיאט750מ""ל",פריגת,IL,סירופ לימונים,מיליליטרים,750.00,"100 מ""ל",false,0,19.70,2.63,true,1,
7290003009596,false,סירופ אשכוליות דיאט750מל,פריגת,IL,סירופ אשכוליות,מיליליטרים,750.00,"100 מ""ל",false,0,19.70,2.63,true,1,
7290003009633,false,סירופ לימונים פריגת 1.5ל,פריגת,IL,סירופ לימונים,ליטרים,1.50,ליטר,false,0,23.10,15.40,true,1,
7290003009640,false,מיץ תפוזים סחוט 1 ליטר,פריגת,IL,מיץ תפוזים סחוט 1 ליטר,ליטרים,1.00,ליטר,false,0,16.00,16.00,true,1,
7290003009657,false,מיץ סחוט אשכולית אדום1ל',פריגת,IL,מיץ סחוט אשכולית אדום1ל',ליטרים,1.00,ליטר,false,0,16.00,16.00,true,1,
7290003015474,false,מגבונ.עבים בייבי כיף72*4,קוסמופארם,IL,מגבוני בייבי כיף,יחידה,1.00,יחידה,false,0,17.90,17.90,true,1,
7290003015627,false,סנו ריצפז פרש אפרסק2ליטר,סנו,IL,ריצפז פרש,ליטרים,2.00,ליטר,false,0,19.70,9.85,true,1,
7290003023165,false,שוקו בכד יטבתה 2 ליטר,יטבתה,IL,שוקו בכד יטבתה,ליטרים,2.00,ליטר,false,0,21.10,10.55,true,1,
7290003029037,false,שוקו בקרטון יטבתה 0.5 ל',יטבתה,IL,שוקו יטבתה קרטון,מיליליטרים,500.00,"100 מ""ל",false,0,7.00,1.40,true,1,
7290003029112,false,חלב 3% מועשר בסידן 1 ל',יטבתה,IL,חלב מועשר בסידן,ליטרים,1.00,ליטר,false,0,9.30,9.30,true,1,
7290003029181,false,שוקו יטבתה בבקבוק 1 ליטר,יטבתה,IL,שוקו יטבתה,ליטרים,1.00,ליטר,false,0,10.00,10.00,true,1,
7290003029266,false,מילק שייק שוקו יטבתה400מ,יטבתה,IL,מילק שייק שוקו,מיליליטרים,400.00,"100 מ""ל",false,0,6.80,1.70,true,1,
7290003029389,false,משקה בננה יטבתה+פקק 250מ,יטבתה,IL,משקה בננה,מיליליטרים,250.00,"100 מ""ל",false,0,5.40,2.16,true,1,
7290003029433,false,שוקו יטבתה+פקק נשלף 250מ,יטבתה,IL,שוקו יטבתה,מיליליטרים,250.00,"100 מ""ל",false,0,5.40,2.16,true,1,
7290003029525,false,שוקו יטבתה דיאט 0% 250מל,שטראוס,IL,שוקו דיאט יטבתה,מיליליטרים,250.00,"100 מ""ל",false,0,5.70,2.28,true,1,
7290003029792,false,מארז שוקו יטבתה 225*8 מל,יטבתה,IL,שקיות שוקו 8 יח',ליטרים,1.80,ליטר,false,0,20.10,11.17,true,1,
7290003029815,false,חלב מועשר יטבתה 3%כד 2ל',יטבתה,IL,חלב מועשר יטבתה,ליטרים,2.00,ליטר,false,0,15.60,7.80,true,1,
7290003029907,false,אייס קפה יטבתה 2% 1ל,שטראוס,IL,אייס קפה יטבתה,ליטרים,1.00,ליטר,false,0,10.00,10.00,true,1,
7290003047635,false,ליפטון ילו לייבל25שק1.5*,יוניליוור,IN,תה ילו לייבל,גרמים,37.00,100 גרם,false,0,7.90,21.35,true,1,
7290003047642,false,ליפטון ילו לייבל100ש1.5*,יוניליוור,IN,תה ילו לייבל,גרמים,150.00,100 גרם,false,0,11.90,7.93,true,1,
7290003054657,false,חרדל אקסטרא פורטה 370גרם,ריין דיג'ון,FR,חרדל דיז'ון,גרמים,370.00,100 גרם,false,0,12.50,3.38,true,1,
7290003081066,false,מגבונים הלו קיטי,,IL,מגבונים הלו קיטי,יחידה,1.00,יחידה,false,0,5.90,5.90,true,1,
7290003107216,false,"קמח לבן 1 ק""ג",טחנת קמח דגן לישראל,IL,קמח לבן,קילוגרמים,1.00,"ק""ג",false,0,5.90,5.90,true,1,
7290003107223,false,"סולת 1 ק""ג",טחנת קמח דגן לישראל,IL,סולת,קילוגרמים,1.00,"ק""ג",false,0,5.40,5.40,true,1,
7290003107247,false,שמרים יבשים אינסטנט33גרם,שטיבל,IL,שמרים יבשים,גרמים,33.00,100 גרם,false,0,5.80,17.58,true,1,
7290003119110,false,קוקה קולה 1.5*6 ליטר,החברה המרכזית לייצור משקאות,IL,קוקה קולה 6 יח,ליטרים,9.00,ליטר,false,0,37.90,4.21,true,1,
7290003119165,false,קוקה קולה דיאט 1.5*6ל,החברה המרכזית לייצור משקאות,IL,קולה דיאט 6 יח,ליטרים,9.00,ליטר,false,0,37.90,4.21,true,1,
7290003126712,false,יוגורט עיזים ביו 3% 140ג,משק צוריאל תבור,IL,יוגורט ביו 3%,גרמים,140.00,100 גרם,false,0,6.50,4.64,true,1,
7290003126958,false,טופו טבעי בוואקום 300גרם,משק צוריאל תבור,IL,טופו טבעי בוואקום 300גרם,גרמים,300.00,100 גרם,false,0,13.00,4.33,true,1,
7290003133123,false,לחם מקמח שיפון,,IL,לחם מקמח שיפון,גרמים,750.00,100 גרם,false,0,13.60,1.81,true,1,
7290003143146,false,ממרח תמרים גת 450 גרם,טעמי הגליל,IL,ממרח תמרים,גרמים,450.00,100 גרם,false,0,6.40,1.42,true,1,
7290003158164,false,פילו ריקוטה במשקל,גידרון,IL,פילו ריקוטה,קילוגרמים,0.00,"ק""ג",true,0,50.00,50.00,true,1,
7290003158249,false,פלטה גבינה אפויה במשקל,גידרון,IL,פלטה גבינה,קילוגרמים,0.00,"ק""ג",true,0,56.00,56.00,true,1,
7290003158980,false,מארז פיתה פרנה 3יח180*גר,מאפיית אורן משי,IL,פיתה פרנה,גרמים,540.00,100 גרם,false,0,14.40,2.67,true,1,
7290003185719,false,קבב רומני 500 גרם,טיבון ויל - נטו,IL,קבב רומני,גרמים,500.00,100 גרם,false,0,23.70,4.74,true,1,
7290003185726,false,קבב מזרחי 500 גרם,טיבון ויל - נטו,IL,קבב מזרחי,גרמים,500.00,100 גרם,false,0,19.70,3.94,true,1,
7290003189045,false,בנוסח הולנדית 26% משקל,תעש' מזון יבנה,IL,בנוסח הולנדית 26% משקל,קילוגרמים,0.00,"ק""ג",true,0,35.00,35.00,true,1,
7290003189076,false,פיצרלה מגורדת22% 500 גרם,כפיר,IL,פיצרלה מגורדת,גרמים,500.00,100 גרם,false,0,18.90,3.78,true,1,
7290003189199,false,מעדן חריפה 26% במשקל,תעש' מזון יבנה,IL,מעדן חריפה 26% במשקל,קילוגרמים,0.00,"ק""ג",true,0,35.00,35.00,true,1,
7290003189250,false,בנוסח צ'דר אוסטרלי במשקל,תעש' מזון יבנה,IL,בנוסח צ'דר אוסטרלי במשקל,קילוגרמים,0.00,"ק""ג",true,0,35.00,35.00,true,1,
7290003189267,false,הצהובה הטובה קלאס5% 200ג,כפיר,IL,הצהובה טובה לייט,גרמים,200.00,100 גרם,false,0,15.80,7.90,true,1,
7290003189274,false,בנוסח מעושנת גליל26%משקל,תעש' מזון יבנה,IL,בנוסח מעושנת גליל26%משקל,קילוגרמים,0.00,"ק""ג",true,0,46.00,46.00,true,1,
7290003189342,false,צהובה טובה קלאסית5% משקל,תעש' מזון יבנה,IL,צהובה טובה קלאסית5% משקל,קילוגרמים,0.00,"ק""ג",true,0,45.00,45.00,true,1,
7290003189557,false,צהובה טובה מעושנת%5 200ג,כפיר,IL,הצהובה טובה לייט,גרמים,200.00,100 גרם,false,0,15.80,7.90,true,1,
7290003208586,false,מרטיני ביאנקו,,IT,מרטיני ביאנקו,מיליליטרים,750.00,"100 מ""ל",false,0,49.90,6.65,true,1,
7290003208609,false,מרטיני רוסו אדום,,,מרטיני רוסו אדום,מיליליטרים,750.00,"100 מ""ל",false,0,49.90,6.65,true,1,
7290003220526,false,"רוטב צ'ילי חריף 700 מ""ל",תאי פרידה אינדסטרי,TH,רוטב צ'ילי חריף,מיליליטרים,700.00,"100 מ""ל",false,0,10.00,1.43,true,1,
7290003220687,false,אבקת וואסבי 35 גרם,לאנה פרודקטס,TH,אבקת וואסבי,גרמים,35.00,100 גרם,false,0,18.10,51.71,true,1,
7290003220724,false,מקלות לסושי,קוסומאי במבוק,TH,מקלות לסושי,יחידה,1.00,יחידה,false,0,7.70,7.70,true,1,
7290003220762,false,מקלות אורז עובי 2 400ג,אסיאן סופירה פודס,TH,מקלות אורז,גרמים,400.00,100 גרם,false,0,9.80,2.45,true,1,
7290003220830,false,"חומץ אורז 500 מ""ל",דיאמונד פריזרוד פודס,TH,חומץ אורז,מיליליטרים,500.00,"100 מ""ל",false,0,17.10,3.42,true,1,
7290003220908,false,ג'ינג'ר 227 גרם,פנטה אמפאק,IL,ג'ינג'ר 227 גרם,גרמים,227.00,100 גרם,false,0,14.80,6.52,true,1,
7290003220939,false,ווק מקלוני אורז דקים 400,אסיאן סופירה פודס,TH,ווק מקלוני אורז,גרמים,400.00,100 גרם,false,0,9.80,2.45,true,1,
7290003220946,false,דפי אורז 300 גרם,BMT,TH,דפי אורז 300 גרם,גרמים,300.00,100 גרם,false,0,13.80,4.60,true,1,
7290003229116,false,פסטרמה הודו בדבש 400 גרם,טירת צבי,IL,פסטרמה הודו בדבש,גרמים,400.00,100 גרם,false,0,36.00,9.00,true,1,
7290003229123,false,פסטרמה על גחלים 400 גרם,טירת צבי,IL,פסטרמה על גחלים,גרמים,400.00,100 גרם,false,0,35.90,8.98,true,1,
7290003229147,false,סלמי איטלקי 300 גרם,טירת צבי,IL,סלמי איטלקי,גרמים,300.00,100 גרם,false,0,32.40,10.80,true,1,
7290003229192,false,כתף בקר מעושן 400 גרם,טירת צבי,IL,כתף בקר מעושן,גרמים,400.00,100 גרם,false,0,37.60,9.40,true,1,
7290003229222,false,סלמי תה משובח 300 גרם,טירת צבי,IL,סלמי תה משובח,גרמים,300.00,100 גרם,false,0,24.00,8.00,true,1,
7290003231256,false,דאו.דאב ספריי מלפפונ169.,יוניליוור,AR,דאודורנט דאב,מיליליטרים,169.00,"100 מ""ל",false,0,15.90,9.41,true,1,
7290003231508,false,שמפו פינוק עם קרטין 700,יוניליוור,IL,שמפו פינוק,מיליליטרים,700.00,"100 מ""ל",false,0,10.00,1.43,true,1,
7290003231607,false,מרכך פינוק עם קרטין 700,יוניליוור,IL,מרכך פינוק,מיליליטרים,700.00,"100 מ""ל",false,0,10.00,1.43,true,1,
7290003246595,false,פנג'ל פלוס קרם ידיים100מ,אינטרקוסמא,CH,קרם ידיים פנג'ל,מיליליטרים,100.00,"100 מ""ל",false,0,8.90,8.90,true,1,
7290003319152,false,גפילטע פיש 6 יח',,,גפילטע פיש 6 יח',גרמים,670.00,100 גרם,false,0,24.70,3.69,true,1,
7290003321155,false,דנונה בר פקאן 183 גרם,שטראוס,IL,דנונה בר פקאן,גרמים,183.00,100 גרם,false,0,4.50,2.46,true,1,
7290003321292,false,גב.סקי 9% שומן 250 גרם,שטראוס,IL,גבינת סקי 9%,גרמים,250.00,100 גרם,false,0,4.90,1.96,true,1,
7290003387205,false,דאו.ספיד סטיק לגבר 56 גר,קולגייט-פלמוליב,US,דאודורנט סטיק,גרמים,56.00,100 גרם,false,0,19.90,35.54,true,1,
7290003401369,false,קרם לחות לשיער חוחובה400,קרליין,IL,קרם לחות לשיער,מיליליטרים,400.00,"100 מ""ל",false,0,23.10,5.78,true,1,
7290003401376,false,קרם לחות אלוורה לשיער400,קרליין,IL,קרם לחות לשיער,מיליליטרים,400.00,"100 מ""ל",false,0,23.10,5.78,true,1,
7290003401635,false,קרם לחות ש.צבוע ברגע 400,קרליין,IL,קרם לחות לשיער,מיליליטרים,400.00,"100 מ""ל",false,0,23.10,5.78,true,1,
7290003411238,false,שמרים יבשים 500 גרם,הנמל,BE,שמרים יבשים,גרמים,500.00,100 גרם,false,0,15.90,3.18,true,1,
7290003411726,false,קיסמים מלחיה 300 יחידות,הנמל,IL,קיסמי שיניים,יחידה,1.00,יחידה,false,0,4.30,4.30,true,1,
7290003411849,false,גרנולה תמרים ושקדים 400ג,הנמל,IL,גרנולה תמרים,גרמים,400.00,100 גרם,false,0,11.50,2.88,true,1,
7290003411993,false,גפרורים 10 יח',הנמל,IL,גפרורים,יחידה,1.00,יחידה,false,0,3.70,3.70,true,1,
7290003414406,false,ריז נטיפים לאפיה 283 גרם,הרשי שוקולד,US,ריז נטיפים,גרמים,283.00,100 גרם,false,1,18.70,6.61,true,1,
7290003423909,false,חטיף שוק.לבן שברי עוג43.,הרשי שוקולד,US,חטיף שוקולד לבן,גרמים,43.00,100 גרם,false,0,4.90,11.40,true,1,
7290003427024,false,שמן זית כת.מעולה זיתא 1ל,זיתא,IL,שמן זית כת.מעולה זיתא 1ל,ליטרים,1.00,ליטר,false,0,52.50,52.50,true,1,
7290003427154,false,"שמן זית כתית מעולה750מ""ל",זיתא,IL,שמן זית כתית,מיליליטרים,750.00,"100 מ""ל",false,0,39.90,5.32,true,1,
7290003438006,false,רוטב פסטו אוליביה 180 גר,אוליביה,IL,רוטב פסטו,גרמים,180.00,100 גרם,false,0,13.90,7.72,true,1,
7290003438013,false,ממרח זיתים ירוקים 190גרם,אוליביה,IL,ממרח זיתים,גרמים,190.00,100 גרם,false,0,13.90,7.32,true,1,
7290003438020,false,ממרח עגבניות 190 גרם,אוליביה,IL,ממרח עגבניות,גרמים,190.00,100 גרם,false,0,13.90,7.32,true,1,
7290003438051,false,לימון כבוש 280 גרם,אוליביה,IL,לימון כבוש,גרמים,280.00,100 גרם,false,1,16.90,6.04,true,1,
7290003438587,false,פסטו בזיליקום 135 גרם,אוליביה,IL,פסטו בזיליקום,גרמים,135.00,100 גרם,false,0,11.40,8.44,true,1,
7290003438617,false,אריסה חריפה 140 גרם,אוליביה,,אריסה חריפה,גרמים,140.00,100 גרם,false,0,10.70,7.64,true,1,
7290003438709,false,ממרח זיתים שחורים 190גרם,אוליביה,IL,ממרח זיתים,גרמים,190.00,100 גרם,false,0,13.90,7.32,true,1,
7290003438990,false,עיטורי עגבנ.מיובשות 280ג,אוליביה,IL,עגבניות מיובשות,גרמים,280.00,100 גרם,false,0,19.90,7.11,true,1,
7290003444009,false,חט.שוקו.חלב+חמאת בוטנ42ג,הרשי שוקולד,US,חטיף שוקולד חלב,גרמים,42.00,100 גרם,false,0,3.90,9.29,true,1,
7290003450022,false,מיולייט היינץ 430 גרם,היינץ,IL,מיולייט היינץ,גרמים,430.00,100 גרם,false,0,10.00,2.33,true,1,
7290003450091,false,מיונז אמיתי היינץ 430גרם,היינץ,ES,מיונז היינץ,גרמים,430.00,100 גרם,false,0,10.00,2.33,true,1,
7290003450404,false,שעועית אפויה היינץ 410גר,היינץ,CA,שעועית ברוטב,גרמים,410.00,100 גרם,false,0,9.10,2.22,true,1,
7290003450602,false,חרדל אמיתי היינץ 255 גרם,היינץ,US,חרדל אמיתי,גרמים,255.00,100 גרם,false,0,12.50,4.90,true,1,
7290003451043,false,סול ארוז קפוא,בלדי,CN,סול ארוז,קילוגרמים,0.00,"ק""ג",true,0,25.70,25.70,true,1,
7290003457991,false,6חטיפי גל.קורנטו קלאסיקו,שטראוס,IL,6חטיפי גל.קורנטו קלאסיקו,גרמים,300.00,100 גרם,false,0,38.20,12.73,true,1,
7290003495030,false,מאפה שקדים במשקל,גידרון,IL,מאפה שקדים,קילוגרמים,0.00,"ק""ג",true,0,45.00,45.00,true,1,
7290003495085,false,בגט רוסטיק,מאפ גדרון,IL,בגט רוסטיק,יחידה,1.00,יחידה,false,0,7.90,7.90,true,1,
7290003495863,false,פיתה אסלית מרובעת110*5גר,מאפיית אנג'ל,IL,5 פיתה מרובעת,גרמים,550.00,100 גרם,false,0,10.80,1.96,true,1,
7290003514007,false,שקדי מרק 400 גרם,מנה,IL,שקדי מרק מנה,גרמים,400.00,100 גרם,false,0,7.90,1.98,true,1,
7290003514038,false,קראנצ'וס גריל 70 גרם,מנה,IL,קראנצ'וס גריל 70 גרם,גרמים,70.00,100 גרם,false,0,4.00,5.71,true,1,
7290003514045,false,קראנצ'וס ברביקיו 70 גרם,מנה,IL,קראנצ'וס ברביקיו 70 גרם,גרמים,70.00,100 גרם,false,0,4.00,5.71,true,1,
7290003514052,false,קראנצ'וס פלאפל 70 גרם,מנה,IL,קראנצ'וס פלאפל,גרמים,70.00,100 גרם,false,0,4.00,5.71,true,1,
7290003514069,false,קראנצ'וס בצל 70 גרם,מנה,IL,קראנצ'וס בצל,גרמים,70.00,100 גרם,false,0,4.00,5.71,true,1,
7290003514373,false,לבבות קלאסי 40 גרם,מנה,IL,לבבות קלאסי,גרמים,40.00,100 גרם,false,0,4.40,11.00,true,1,
7290003514557,false,ציפסונים קלאסי 40 גרם,מנה,IL,ציפסונים קלאסי 40 גרם,גרמים,40.00,100 גרם,false,0,4.50,11.25,true,1,
7290003514571,false,פריכיות אורז עם מלח 100ג,מנה,IL,פריכיות אורז,גרמים,100.00,100 גרם,false,0,5.80,5.80,true,1,
7290003514588,false,פריכיות אורז ללא מלח100ג,מנה,IL,פריכיות אורז,גרמים,100.00,100 גרם,false,0,5.80,5.80,true,1,
7290003514618,false,פרונטו קלאסי 50 גרם,מנה,IL,פרונטו קלאסי,גרמים,50.00,100 גרם,false,0,4.70,9.40,true,1,
7290003514625,false,פרונטו נאצ'וס 50 גרם,מנה,IL,פרונטו נאצ'וס,גרמים,50.00,100 גרם,false,0,4.70,9.40,true,1,
7290003514816,false,לבבות גריל 40 גרם,מנה,IL,לבבות גריל,גרמים,40.00,100 גרם,false,0,4.40,11.00,true,1,
7290003539161,false,תפוח עץ יבש 200גרם,שקדיה,IL,תפוח עץ יבש,גרמים,200.00,100 גרם,false,0,15.80,7.90,true,1,
7290003550753,false,טונה פוסידון בשמן108*4ג,פוסידון תעשיות,IL,טונה בשמן 4 יח',גרמים,432.00,100 גרם,false,0,25.90,6.00,true,1,
7290003550937,false,רגל פרוסה קפוא קג,טיבון ויל - נטו,IL,רגל פרוסה קג,קילוגרמים,0.00,"ק""ג",true,0,37.90,37.90,true,1,
7290003578177,false,תירס צעיר שלם,,TH,תירס צעיר שלם,גרמים,410.00,100 גרם,false,0,5.70,1.39,true,1,
7290003578412,false,חצאי אפרסק בסירופ 820גרם,,CN,חצאי אפרסק בסירופ 820גרם,גרמים,820.00,100 גרם,false,0,8.00,0.98,true,1,
7290003608089,false,ספרינג תות-בננה 1.5 ליטר,יפאורה שותפות מובגלת לשיווק,IL,ספרינג תות בננה,ליטרים,1.50,ליטר,false,0,6.90,4.60,true,1,
7290003608546,false,תפוזינה תות בננה 1.5ליטר,יפאורה שותפות מובגלת לשיווק,IL,תפוזינה תות בננה,ליטרים,1.50,ליטר,false,0,6.50,4.33,true,1,
7290003608560,false,קולה R.C. 1.5 ליטר,יפאורה שותפות מובגלת לשיווק,IL,R.C קולה,ליטרים,1.50,ליטר,false,0,5.80,3.87,true,1,
7290003608898,false,תפוזינה דיאט 1.5 ליטר,יפאורה שותפות מובגלת לשיווק,IL,תפוזינה דיאט,ליטרים,1.50,ליטר,false,0,6.50,4.33,true,1,
7290003643004,false,אורז בסמטי קלאסי בשקית1ק,סוגת,IL,אורז בסמטי קלאסי,קילוגרמים,1.00,"ק""ג",false,0,12.90,12.90,true,1,
7290003643325,false,קוסקוס בינוני 350 גרם,סוגת,IL,קוסקוס בינוני,גרמים,350.00,100 גרם,false,0,5.90,1.69,true,1,
7290003643387,false,"סוכר לבן צנצנת 1 ק""ג",סוגת,IL,"סוכר לבן צנצנת 1 ק""ג",קילוגרמים,1.00,"ק""ג",false,0,7.50,7.50,true,1,
7290003643646,false,"סוכר דמררה צנצנת 1 ק""ג",סוגת,IL,"סוכר דמררה צנצנת 1 ק""ג",קילוגרמים,1.00,"ק""ג",false,0,12.80,12.80,true,1,
7290003643738,false,חיטה 500 גרם,סוגת,IL,חיטה 500 גרם,גרמים,500.00,100 גרם,false,0,6.80,1.36,true,1,
7290003643752,false,עדשים ירוקות 500 גרם,סוגת,IL,עדשים ירוקות,גרמים,500.00,100 גרם,false,0,6.80,1.36,true,1,
7290003643769,false,עדשים אדומות 500 גרם,סוגת,IL,עדשים אדומות,גרמים,500.00,100 גרם,false,0,6.80,1.36,true,1,
7290003643806,false,שעועית לבנה 500 גרם,סוגת,IL,שעועית לבנה,גרמים,500.00,100 גרם,false,0,13.80,2.76,true,1,
7290003643813,false,שעועית אדומה 500 גרם,סוגת,IL,שעועית אדומה,גרמים,500.00,100 גרם,false,0,12.80,2.56,true,1,
7290003648207,false,מטיאס הולנדי במשקל,סלטי שמיר,IL,מטיאס הולנדי במשקל,קילוגרמים,0.00,"ק""ג",true,0,62.00,62.00,true,1,
7290003648443,false,ליונז במשקל,סלטי שמיר,IL,ליונז במשקל,קילוגרמים,0.00,"ק""ג",true,0,53.00,53.00,true,1,
7290003667109,false,פאנטה אורנג' 1.5 ל',החברה המרכזית לייצור משקאות,IL,פאנטה אורנג',ליטרים,1.50,ליטר,false,0,7.60,5.07,true,1,
7290003667369,false,פריגת תות-בננה 1.5ל,פריגת,IL,פריגת תות בננה,ליטרים,1.50,ליטר,false,0,6.90,4.60,true,1,
7290003667673,false,פנטה דיאט אורנג' 1.5ליטר,החברה המרכזית לייצור משקאות,IL,פנטה דיאט אורנג',ליטרים,1.50,ליטר,false,0,7.60,5.07,true,1,
7290003719006,false,לחם ליבו שיפון 80% 750גר,מאפית ברמן,IL,לחם ליבו שיפון 80% 750גר,גרמים,750.00,100 גרם,false,0,15.80,2.11,true,1,
7290003719259,false,לחם אקסקלוסיבי שיפ.מלא1ק,מאפית ברמן,IL,לחם אקסקלוסיבי שיפ.מלא1ק,קילוגרמים,1.00,"ק""ג",false,0,16.80,16.80,true,1,
7290003719280,false,לחם דגנים 750 גרם,מאפית ברמן,IL,לחם דגנים 750 גרם,גרמים,750.00,100 גרם,false,0,17.70,2.36,true,1,
7290003726141,false,טופו אמיתי כפרי,,IL,טופו אמיתי כפרי,גרמים,300.00,100 גרם,false,0,12.90,4.30,true,1,
7290003727667,false,"סלט חומוס צבר 1 ק""ג",צבר,IL,סלט חומוס צבר,קילוגרמים,1.00,"ק""ג",false,0,15.90,15.90,true,1,
7290003782130,false,פילה הרינג בשמן במשקל,מעדני מיקי,IL,פילה הרינג בשמן במשקל,קילוגרמים,0.00,"ק""ג",true,0,60.00,60.00,true,1,
7290003782147,false,מעדן בטעם לקרדה במשקל,מעדני מיקי,IL,מעדן בטעם לקרדה במשקל,קילוגרמים,0.00,"ק""ג",true,0,110.00,110.00,true,1,
7290003782246,false,הרינג כבוש ביתי במשקל,מעדני מיקי,IL,הרינג כבוש ביתי במשקל,קילוגרמים,0.00,"ק""ג",true,0,60.00,60.00,true,1,
7290003804221,false,ברנפלקס מייפל 500 גרם,יוניליוור,IL,ברנפלקס מייפל,גרמים,500.00,100 גרם,false,0,17.90,3.58,true,1,
7290003804238,false,ריבועים של אלופים 500ג,יוניליוור,IL,ריבועים אלופים,גרמים,500.00,100 גרם,false,0,21.70,4.34,true,1,
7290003804252,false,תיבול.קנור לאורז-הודי72ג,יוניליוור,IL,תיבוליות קנור,גרמים,72.00,100 גרם,false,0,7.90,10.97,true,1,
7290003804320,false,תיבול.קנור שום+פטרוזיל72,יוניליוור,IL,תיבוליות קנור,גרמים,72.00,100 גרם,false,0,7.90,10.97,true,1,
7290003804375,false,תיבולית קנור ניחוח צלי72,יוניליוור,IL,תיבולית קנור,גרמים,72.00,100 גרם,false,0,7.90,10.97,true,1,
7290003804382,false,תיבולית קנור פיטריות72גר,יוניליוור,IL,תיבוליות פטריות,גרמים,72.00,100 גרם,false,0,7.90,10.97,true,1,
7290003805075,false,בייגלה שבור.בצל מוקפץ225,יוניליוור,IL,בייגלה שבורים,גרמים,225.00,100 גרם,false,0,10.80,4.80,true,1,
7290003805488,false,ויניגרט בלסמי מודנה305ג,יוניליוור,IL,רוטב ויניגרט,גרמים,305.00,100 גרם,false,0,10.00,3.28,true,1,
7290003805501,false,פתית חסכוני שוודית 300גר,יוניליוור,IL,פתית קרקר שוודי,גרמים,300.00,100 גרם,false,0,18.70,6.23,true,1,
7290003805525,false,קורנפלקס 750 גרם,יוניליוור,IL,קורנפלקס תלמה,גרמים,750.00,100 גרם,false,0,15.90,2.12,true,1,
7290003805556,false,"ברנפלקס חיטה מלא בד""ץ500",יוניליוור,IL,ברנפלקס תלמה,גרמים,500.00,100 גרם,false,0,17.90,3.58,true,1,
7290003805648,false,אקס ספריי לגוף בלאק 150מ,יוניליוור,GB,אקס ספריי לגוף,מיליליטרים,150.00,"100 מ""ל",false,0,14.90,9.93,true,1,
7290003805709,false,"כריות נוגט בד""צ 750 גרם",יוניליוור,IL,כריות נוגט,גרמים,750.00,100 גרם,false,0,26.90,3.59,true,1,
7290003805716,false,נמס בכוס ט.עוף 24*2 גרם,יוניליוור,IL,נמס בכוס ועוד,גרמים,48.00,100 גרם,false,0,7.80,16.25,true,1,
7290003805730,false,נמס בכוס עגבנ.קנור 32*2ג,יוניליוור,IL,נמס בכוס ועוד,גרמים,64.00,100 גרם,false,0,7.80,12.19,true,1,
7290003806423,false,שניצל ולתנור 180 גרם,יוניליוור,IL,שניצל ולתנור,גרמים,180.00,100 גרם,false,0,5.00,2.78,true,1,
7290003807178,false,רוטב סויה סגנון סיני300מ,יוניליוור,IL,רוטב סויה,מיליליטרים,300.00,"100 מ""ל",false,0,10.00,3.33,true,1,
7290003807314,false,מרק עוף רכיב.טבעיים 400ג,יוניליוור,,מרק עוף,גרמים,400.00,100 גרם,false,0,33.80,8.45,true,1,
7290003807376,false,"עוגי שפע בד""ץ 750 גרם",יוניליוור,IL,קורנפלקס עוגי,גרמים,750.00,100 גרם,false,0,21.90,2.92,true,1,
7290003807482,false,"רוטב טריאקי 300 מ""ל",יוניליוור,IL,רוטב טריאקי,מיליליטרים,300.00,"100 מ""ל",false,0,10.00,3.33,true,1,
7290003821754,false,סלמון נורבגי מעושן 100גר,נטו,IL,סלמון מעושן,גרמים,100.00,100 גרם,false,0,19.70,19.70,true,1,
7290003864478,false,סרדין בשמן צמח,,PH,סרדין בשמן צמח,גרמים,110.00,100 גרם,false,0,5.90,5.36,true,1,
7290003882922,false,עלי גפן ממולאים,,IL,עלי גפן ממולאים,גרמים,400.00,100 גרם,false,0,9.90,2.48,true,1,
7290003893416,false,פילה אמנון 5-7,בלדי,IL,פילה אמנון,קילוגרמים,0.00,"ק""ג",true,0,44.90,44.90,true,1,
7290003893690,false,פילה אמנון קפוא לקג,.,IL,פילה אמנון קפוא,קילוגרמים,0.00,"ק""ג",true,1,44.90,44.90,true,1,
7290003903788,false,קפוצ'ינו וניל 200 גרם,עלית,IL,קפוצ'ינו וניל,גרמים,200.00,100 גרם,false,0,27.70,13.85,true,1,
7290003903955,false,שוקולד קרם חלב 100 גרם,עלית,IL,שוקולד קרם חלב,גרמים,100.00,100 גרם,false,0,6.60,6.60,true,1,
7290003904389,false,שוק.פרה מריר ללא סוכר100,עלית,IL,שוקולד פרה דיאט,גרמים,100.00,100 גרם,false,0,9.80,9.80,true,1,
7290003905331,false,שוק.חלב+שברי אגוזים100גר,עלית,IL,שוק.חלב אגוזים,גרמים,100.00,100 גרם,false,0,6.60,6.60,true,1,
7290003956111,false,כפפות לטקס קלין L 100 יח,קליר כימיקלים,,כפפות לטקס,יחידה,1.00,יחידה,false,0,24.90,24.90,true,1,
7290003989096,false,חציל פיקנטי אחלה 500 גרם,שטראוס,IL,חציל פיקנטי אחלה,גרמים,500.00,100 גרם,false,0,15.80,3.16,true,1,
7290003989539,false,רביולי עם גבינה 400 גרם,שטראוס,IL,רביולי גבינה,גרמים,400.00,100 גרם,false,0,16.90,4.23,true,1,
7290003989553,false,טורטליני עם פטריות 400גר,שטראוס,IL,טורטליני פטריות,גרמים,400.00,100 גרם,false,0,16.90,4.23,true,1,
7290004003207,false,עדשי שוק. מ&מ'ס בוטנים48,מרס,US,עדשי שוקולד מ&מ,גרמים,48.00,100 גרם,false,0,5.50,11.46,true,1,
7290004030063,false,נקטר גויאבה,,IL,נקטר גויאבה,ליטרים,1.00,ליטר,false,0,11.90,11.90,true,1,
7290004030223,false,מיץ תפוח סחוט,,IL,מיץ תפוח סחוט,ליטרים,1.00,ליטר,false,0,13.90,13.90,true,1,
7290004030568,false,מיץ אשכולית סחוט,,IL,מיץ אשכולית סחוט,ליטרים,2.00,ליטר,false,0,19.90,9.95,true,1,
7290004030605,false,נקטר תמר בננה,,IL,נקטר תמר בננה,ליטרים,1.00,ליטר,false,0,11.90,11.90,true,1,
7290004030643,false,משקה קל מצנון 2ל,,IL,משקה קל מצנון 2ל,ליטרים,2.00,ליטר,false,0,19.90,9.95,true,1,
7290004030667,false,מיץ סחוט מצונן2ל,,IL,מיץ סחוט מצונן2ל,ליטרים,2.00,ליטר,false,0,19.90,9.95,true,1,
7290004030711,false,מיץ מנדרינה תפוז,,IL,מיץ מנדרינה תפוז,ליטרים,2.00,ליטר,false,0,20.70,10.35,true,1,
7290004038687,false,לחמניה שום,גידרון,IL,לחמניה שום,יחידה,1.00,יחידה,false,50,3.50,3.50,true,1,
7290004068332,false,קממבר בקר משולשים במשקל,,IL,קממבר בקר משולשים במשקל,קילוגרמים,0.00,"ק""ג",true,0,118.00,118.00,true,1,
7290004068424,false,גבינת גאודה,,IL,גבינת גאודה,קילוגרמים,0.00,"ק""ג",true,0,118.00,118.00,true,1,
7290004078225,false,מי פה קולג.פלקס ירוק500מ,קולגייט-פלמוליב,BR,מי פה קולגייט,מיליליטרים,500.00,"100 מ""ל",false,0,24.90,4.98,true,1,
7290004078263,false,בלונס צימרונים 200X2 יח',ספטונה,GR,מקלוני כותנה,יחידה,1.00,יחידה,false,0,15.80,15.80,true,1,
7290004078270,false,פלמוליב לכלים לימון1ליטר,קולגייט-פלמוליב,GR,פלמוליב לכלים,ליטרים,1.00,ליטר,false,0,14.60,14.60,true,1,
7290004078379,false,קולגייט טוטל פסים מ.ש100,קולגייט-פלמוליב,PL,משחת שיניים,מיליליטרים,100.00,"100 מ""ל",false,0,12.90,12.90,true,1,
7290004078942,false,ליידי ס.סטיק ג'ל מרענן,קולגייט-פלמוליב,US,דאודורנט,גרמים,65.00,100 גרם,false,0,24.90,38.31,true,1,
7290004119133,false,יוגורט בכד6.5% 1.5 ליטר,תנובה,IL,יוגורט בכד,ליטרים,1.50,ליטר,false,0,17.00,11.33,true,1,
7290004119225,false,יופלה אננס 3% 150 גרם,תנובה,IL,יופלה אננס 3%,גרמים,150.00,100 גרם,false,0,5.20,3.47,true,1,
7290004119522,false,"שוקו תנובה בשקית 225 מ""ל",תנובה,IL,שוקו בשקית,מיליליטרים,225.00,"100 מ""ל",false,0,2.80,1.24,true,1,
7290004119928,false,מעדן קרלו וניל 3% 125 גר,תנובה,IL,מעדן קרלו וניל3%,גרמים,125.00,100 גרם,false,0,2.90,2.32,true,1,
7290004119973,false,מעדן שוקו קרלו3% 125גרם,תנובה,IL,קרלו שוקולדה,גרמים,125.00,100 גרם,false,0,2.90,2.32,true,1,
7290004120061,false,"מעדן קרלו שוניל3% 125מ""ל",תנובה,IL,מעדן קרלו שוניל,גרמים,125.00,100 גרם,false,0,3.00,2.40,true,1,
7290004120269,false,"שוקו בשקית 225*6מ""ל",תנובה,IL,שוקו 6 שקיות,ליטרים,1.35,ליטר,false,0,16.20,12.00,true,1,
7290004120566,false,גב.בולגרית פיראוס24% 250,תנובה,IL,גבינה בולגרית24%,גרמים,250.00,100 גרם,false,0,23.30,9.32,true,1,
7290004120573,false,גב.בולגרית פיראוס16% 250,תנובה,IL,גבינה בולגרית16%,גרמים,250.00,100 גרם,false,0,23.30,9.32,true,1,
7290004120634,false,גב.בולגרית פיראוס5% 250ג,תנובה,IL,גבינה בולגרית5%,גרמים,250.00,100 גרם,false,0,23.30,9.32,true,1,
7290004120832,false,חלב שתיה 3%,,IL,חלב שתיה 3%,ליטרים,2.00,ליטר,false,0,11.50,5.75,true,1,
7290004121488,false,יופלה דיאט אפרסק 150 גרם,תנובה,IL,יופלה דיאט אפרסק,גרמים,150.00,100 גרם,false,0,5.20,3.47,true,1,
7290004121525,false,יופלה אפרסק+תות3% 150*8ג,תנובה,IL,יופלה 3% 8 יח',קילוגרמים,1.20,"ק""ג",false,0,31.20,26.00,true,1,
7290004121754,false,יופלה קרם גב.ותות3% 150ג,תנובה,IL,יופלה קרם גבינה,גרמים,150.00,100 גרם,false,0,5.20,3.47,true,1,
7290004121839,false,גבינת פטה פיראוס20% 250ג,תנובה,IL,גבינת פטה כבשים,גרמים,250.00,100 גרם,false,0,28.10,11.24,true,1,
7290004121853,false,פיראוס קוב.בולגרית5% 200,תנובה,IL,קוביות בולגרית5%,גרמים,200.00,100 גרם,false,0,21.20,10.60,true,1,
7290004121945,false,חלב תנובה 2%,,IL,חלב תנובה 2%,ליטרים,1.50,ליטר,false,0,8.60,5.73,true,1,
7290004122089,false,פתיתי גבינת עמק 200 גרם,תנובה,IL,פתיתי גבינת עמק,גרמים,200.00,100 גרם,false,0,14.20,7.10,true,1,
7290004122119,false,פתיתי פרמזן לפסטה 100גרם,תנובה,IL,פתיתי פרמזן,גרמים,100.00,100 גרם,false,0,13.40,13.40,true,1,
7290004122270,false,עמק פרוס סגירה חוזרת 200,תנובה,IL,גבינת עמק פרוס,גרמים,200.00,100 גרם,false,0,15.90,7.95,true,1,
7290004122348,false,גב.עמק לייט9% שומן 200גר,תנובה,IL,גבינת עמק לייט,גרמים,200.00,100 גרם,false,0,16.20,8.10,true,1,
7290004122560,false,פתיתי עמק השף הלבן 500גר,תנובה,IL,פתיתי גבינת עמק,גרמים,500.00,100 גרם,false,0,32.20,6.44,true,1,
7290004122607,false,גבינת עמק לייט 9% במשקל,תנובה,IL,גבינת עמק לייט 9% במשקל,קילוגרמים,0.00,"ק""ג",true,0,70.00,70.00,true,1,
7290004122676,false,גבינת חמד לייט 5% 250 גר,תנובה,IL,גבינת חמד לייט5%,גרמים,250.00,100 גרם,false,0,17.60,7.04,true,1,
7290004123284,false,גב.לבנה רכה5%ללא מלח250ג,תנובה,IL,גבינה לבנה רכה5%,גרמים,250.00,100 גרם,false,0,4.60,1.84,true,1,
7290004124205,false,יופלה דיאט תות0% 150 גר,תנובה,IL,יופלה דיאט תות0%,גרמים,150.00,100 גרם,false,0,5.20,3.47,true,1,
7290004124847,false,קצפת צמחית השף הלבן500מל,תנובה,IL,קצפת צמחית,מיליליטרים,500.00,"100 מ""ל",false,0,17.60,3.52,true,1,
7290004124892,false,יופלה פירות יבשים4% 150ג,תנובה,IL,יופלה פירות יבש.,גרמים,150.00,100 גרם,false,0,5.20,3.47,true,1,
7290004125370,false,שמנת חמוצה 9% שומן 200מל,תנובה,IL,שמנת חמוצה 9%,מיליליטרים,200.00,"100 מ""ל",false,0,3.60,1.80,true,1,
7290004125400,false,"אשל מהדרין 4.5% 200 מ""ל",תנובה,IL,אשל 4.5% שומן,מיליליטרים,200.00,"100 מ""ל",false,0,1.55,0.78,true,1,
7290004125417,false,"גיל 3% מהדרין 200מ""ל",תנובה,IL,גיל לבן 3%שומן,מיליליטרים,200.00,"100 מ""ל",false,0,1.40,0.70,true,1,
7290004125455,false,שמנת תנובה 15%שומן200מל,תנובה,IL,שמנת תנובה 15%,מיליליטרים,200.00,"100 מ""ל",false,0,2.20,1.10,true,1,
7290004125462,false,שמנת חמוצה 15%שומן500מל,תנובה,IL,שמנת חמוצה 15%,מיליליטרים,500.00,"100 מ""ל",false,0,5.50,1.10,true,1,
7290004125509,false,שמנת חמוצה 15% 100מל,תנובה,IL,שמנת חמוצה,מיליליטרים,100.00,"100 מ""ל",false,0,1.70,1.70,true,1,
7290004125578,false,'משקה סויה מועשר בסידן1ל,תנובה,IL,'משקה סויה מועשר בסידן1ל,ליטרים,1.00,ליטר,false,0,11.80,11.80,true,1,
7290004125585,false,משקה סויה על הבוקר 1ליטר,תנובה,IL,משקה סויה על הבוקר 1ליטר,ליטרים,1.00,ליטר,false,0,11.80,11.80,true,1,
7290004125653,false,מש.סויה עמיד מועשר סידן1,תנובה,IL,משקה סויה עמיד,ליטרים,1.00,ליטר,false,0,11.30,11.30,true,1,
7290004125721,false,שמנת בישול-15%שף לבן250מ,תנובה,IL,שמנת לבישול15%,מיליליטרים,250.00,"100 מ""ל",false,0,8.20,3.28,true,1,
7290004125738,false,שמנת להקצפה-32%שף לבן250,תנובה,IL,שמנת להקצפה32%,מיליליטרים,250.00,"100 מ""ל",false,0,6.90,2.76,true,1,
7290004125776,false,גב.עמק פרוס% 28קופסא400ג,תנובה,IL,גבינת עמק פרוס,גרמים,400.00,100 גרם,false,0,28.90,7.23,true,1,
7290004126650,false,גבינה צפתית 5% משקל,תנובה,IL,גבינה צפתית 5% משקל,קילוגרמים,0.00,"ק""ג",true,0,59.00,59.00,true,1,
7290004126674,false,גבינה טל העמק לייט 200גר,תנובה,IL,גבינה טל העמק,גרמים,200.00,100 גרם,false,0,18.00,9.00,true,1,
7290004126759,false,יופלה פירות יער0% 150 גר,תנובה,IL,יופלה דיאט,גרמים,150.00,100 גרם,false,0,5.20,3.47,true,1,
7290004126872,false,"שוקו תנובה בקבוק 250 מ""ל",תנובה,IL,שוקו בקבוק,מיליליטרים,250.00,"100 מ""ל",false,0,5.60,2.24,true,1,
7290004127077,false,קוטג' תנובה 3% שומן 250,תנובה,IL,קוטג' 3% שומן,גרמים,250.00,100 גרם,false,0,5.80,2.32,true,1,
7290004127329,false,קוטג' 5% 250 גרם בעלז,תנובה,IL,קוטג' תנובה 5%,גרמים,250.00,100 גרם,false,0,5.80,2.32,true,1,
7290004127336,false,קוטג' תנובה 9% שומן 250,תנובה,IL,קוטג' תנובה 9%,גרמים,250.00,100 גרם,false,0,5.80,2.32,true,1,
7290004127800,false,גב.לבנה 5% שומן 500 גרם,תנובה,IL,גבינה לבנה 5%,גרמים,500.00,100 גרם,false,0,9.20,1.84,true,1,
7290004127817,false,גב.לבנה 9% שומן 500 גרם,תנובה,IL,גבינה לבנה 9%,גרמים,500.00,100 גרם,false,0,9.50,1.90,true,1,
7290004127862,false,גבינה לבנה 5% 750 גרם,תנובה,IL,גבינה לבנה 5%,גרמים,750.00,100 גרם,false,0,13.80,1.84,true,1,
7290004127916,false,גבינה תנובה0.5%שומן 500ג,תנובה,IL,גבינה 0.5%,גרמים,500.00,100 גרם,false,0,9.30,1.86,true,1,
7290004128333,false,לבנה 9% פיראוס 500 גרם,תנובה,IL,לבנה פיראוס 9%,גרמים,500.00,100 גרם,false,0,20.30,4.06,true,1,
7290004128340,false,גבינת קרם ט.טבעי 5% 200ג,תנובה,IL,גבינת שמנת,גרמים,200.00,100 גרם,false,0,11.80,5.90,true,1,
7290004128432,false,פתיתי גבינה השף הלבן500ג,תנובה,IL,פתיתי גבינה,גרמים,500.00,100 גרם,false,0,22.50,4.50,true,1,
7290004129101,false,גב.נפולאון טעם טבעי 225ג,תנובה,IL,גבינת נפוליאון,גרמים,225.00,100 גרם,false,0,10.90,4.84,true,1,
7290004129118,false,גב.נפולאון טעם זיתים225ג,תנובה,IL,גבינת נפוליאון,גרמים,225.00,100 גרם,false,0,10.90,4.84,true,1,
7290004129156,false,גב.נפולאון שום-שמיר 225ג,תנובה,IL,גבינת נפוליאון,גרמים,225.00,100 גרם,false,0,10.90,4.84,true,1,
7290004129545,false,גבינה למריחה 3% 250 גרם,תנובה,IL,גבינה לבנה 3%,גרמים,250.00,100 גרם,false,0,4.80,1.92,true,1,
7290004129668,false,יופלה+מכסה פצפוצי שוק167,תנובה,IL,יופלה+פצפוצי שוק,גרמים,167.00,100 גרם,false,0,5.90,3.53,true,1,
7290004129736,false,יופלה לבן מעודן1.5% 200ג,תנובה,IL,יופלהלבן מעודן,גרמים,200.00,100 גרם,false,0,4.20,2.10,true,1,
7290004129767,false,יופלה לבן 3% 150*8גרם,תנובה,IL,יופלה לבן 3%,קילוגרמים,1.20,"ק""ג",false,0,17.90,14.92,true,1,
7290004130695,false,משקה אייס קפה בקבוק1ליטר,תנובה,IL,משקה אייס קפה,ליטרים,1.00,ליטר,false,0,10.00,10.00,true,1,
7290004130794,false,משקה סויה במתיקות מופחתת,תנובה,IL,משקה סויה במתיקות מופחתת,ליטרים,1.00,ליטר,false,0,11.80,11.80,true,1,
7290004130916,false,יופלה פירות יער+שמנת150ג,תנובה,IL,יופלה פירות יער,גרמים,150.00,100 גרם,false,0,5.20,3.47,true,1,
7290004131074,false,חלב בקרטון 3% שומן 1 ל',תנובה,IL,חלב בקרטון 3%,ליטרים,1.00,ליטר,false,0,5.75,5.75,true,1,
7290004131227,false,גבינה לבנה3% 500 גרם,תנובה,IL,גבינה לבנה 3%,גרמים,500.00,100 גרם,false,0,9.50,1.90,true,1,
7290004131296,false,חלב אורגני 3% בקרטון 1 ל,הרדוף,IL,חלב אורגני 3% בקרטון 1 ל,ליטרים,1.00,ליטר,false,0,12.40,12.40,true,1,
7290004131432,false,יופלה ביו לבן 3% 200 גרם,תנובה,IL,יופלה לבן 3%,גרמים,200.00,100 גרם,false,0,3.90,1.95,true,1,
7290004131456,false,יופלה לבן 1.5% 200 גרם,תנובה,IL,יופלה לבן 1.5%,גרמים,200.00,100 גרם,false,0,3.90,1.95,true,1,
7290004131531,false,שוקו תנובה בקבוק 1 ליטר,תנובה,IL,שוקו בקבוק,ליטרים,1.00,ליטר,false,0,10.00,10.00,true,1,
7290004131814,false,פיראוס צפתית מעוד5% 200ג,תנובה,IL,פיראוס צפתית5%,גרמים,200.00,100 גרם,false,0,15.90,7.95,true,1,
7290004132231,false,חלב פלוס לקפה 3.5% שומן,תנובה,IL,חלב פלוס לקפה,מיליליטרים,800.00,"100 מ""ל",false,0,7.50,0.94,true,1,
7290004132507,false,יופלה+מכסה דגנים מצופה,תנובה,IL,יופלה עם מכסה,גרמים,167.00,100 גרם,false,0,5.90,3.53,true,1,
7290004132514,false,משקה בננה בקבוק 1 ל',תנובה,IL,משקה שוק בננה,ליטרים,1.00,ליטר,false,0,10.00,10.00,true,1,
7290004132552,false,משקה סויה ט.טבעי לייט 1ל,תנובה,IL,משקה סויה,ליטרים,1.00,ליטר,false,0,11.80,11.80,true,1,
7290004132699,false,ממרחמאה מוקצף 140 גרם,תנובה,IL,ממרחמאה מוקצף,גרמים,140.00,100 גרם,false,0,9.40,6.71,true,1,
7290004132712,false,חטיפ.מוצרלה אצבעות21.5*8,תנובה,IL,חטיפי מוצרלה,גרמים,172.00,100 גרם,false,0,16.50,9.59,true,1,
7290004133009,false,"קרם צמחי לבישול 250 מ""ל",תנובה,IL,קרם צמחי לבישול,מיליליטרים,250.00,"100 מ""ל",false,1,9.70,3.88,true,1,
7290004133108,false,יופלה לבן+מכסה גרנולה170,תנובה,IL,יופלה עם מכסה,גרמים,170.00,100 גרם,false,0,5.80,3.41,true,1,
7290004133207,false,יופלה לבן 0% שומן 200גרם,תנובה,IL,יופלה לבן 0%שומן,גרמים,200.00,100 גרם,false,0,3.90,1.95,true,1,
7290004133511,false,יופלה לבן מעוד1.5% 150*8,תנובה,IL,יופלה מעודן 8 יח,קילוגרמים,1.20,"ק""ג",false,0,20.30,16.92,true,1,
7290004133627,false,חלב על הבוקר וניל 3% 1 ל,תנובה,IL,חלב על הבוקר 3%,ליטרים,1.00,ליטר,false,0,9.40,9.40,true,1,
7290004133900,false,קצפת צמחית השף הלבן250מל,תנובה,IL,קצפת צמחית,מיליליטרים,250.00,"100 מ""ל",false,0,9.40,3.76,true,1,
7290004134198,false,"משקה בננה בקבוק 250 מ""ל",תנובה,IL,משקה בננה בקבוק,מיליליטרים,250.00,"100 מ""ל",false,0,5.60,2.24,true,1,
7290004134983,false,פרוסות גבינת עמק 5% 200ג,תנובה,IL,גבינת עמק 5%,גרמים,200.00,100 גרם,false,0,17.30,8.65,true,1,
7290004135058,false,מיני קרלו שוקולד 100*8גר,תנובה,,קרלו שוקולד 8 יח,גרמים,800.00,100 גרם,false,0,13.40,1.68,true,1,
7290004135225,false,מעדן דיאט שוקולד 0% 150ג,תנובה,IL,מעדן דיאט שוקולד,גרמים,150.00,100 גרם,false,0,3.80,2.53,true,1,
7290004135324,false,פיראוס בולגרית מע5%משקל,תנובה,IL,פיראוס בולגרית מע5%משקל,קילוגרמים,0.00,"ק""ג",true,0,43.00,43.00,true,1,
7290004135614,false,בולג.מעוד.פיראוס 5% 250ג,תנובה,IL,בולגרית פיראוס5%,גרמים,250.00,100 גרם,false,0,21.90,8.76,true,1,
7290004135621,false,בולג. מעוד.פיראוס 2503%ג,תנובה,IL,בולגרית פיראוס3%,גרמים,250.00,100 גרם,false,0,21.90,8.76,true,1,
7290004136130,false,"שוקו תנובה בקבוק 340 מ""ל",תנובה,IL,שוקו תנובה בקבוק,מיליליטרים,340.00,"100 מ""ל",false,0,6.80,2.00,true,1,
7290004136154,false,משקה אייס קפה בקבוק340מל,תנובה,IL,משקה אייס קפה,מיליליטרים,340.00,"100 מ""ל",false,0,7.30,2.15,true,1,
7290004136192,false,מילק שייק פונץ בננה 250מ,תנובה,IL,מילק שייק פונץ,מיליליטרים,250.00,"100 מ""ל",false,0,6.10,2.44,true,1,
7290004136598,false,מארז הפסקת אוכל,תנובה,IL,חלב עם דגנים,יחידה,1.00,יחידה,false,0,9.20,9.20,true,1,
7290004136857,false,מעדן ג'לי פטל 125 גרם,תנובה,IL,מעדן ג'לי פטל,גרמים,125.00,100 גרם,false,0,2.70,2.16,true,1,
7290004136864,false,מעדן ג'לי אננס+חתיכות125,תנובה,IL,מעדן ג'לי אננס,גרמים,125.00,100 גרם,false,0,2.90,2.32,true,1,
7290004136871,false,מעדן ג'לי אפרסק+חתיכ125.,תנובה,,מעדן ג'לי אפרסק,גרמים,125.00,100 גרם,false,0,2.90,2.32,true,1,
7290004137021,false,שמנת לבישול 10%שומן250מ,תנובה,IL,שמנת לבישול10%,מיליליטרים,250.00,"100 מ""ל",false,0,8.20,3.28,true,1,
7290004137311,false,עמק לייט משפחתית 400 גרם,תנובה,IL,גבינת עמק לייט,גרמים,400.00,100 גרם,false,0,29.90,7.48,true,1,
7290004137809,false,לבנה פיראוס 5% 250 גרם,תנובה,IL,לבנה פיראוס5%,גרמים,250.00,100 גרם,false,0,12.70,5.08,true,1,
7290004165017,false,"רסק תפו""ע בלי סוכר560גרם",זנלכל,IL,"רסק תפו""ע בלי סוכר560גרם",גרמים,560.00,100 גרם,false,0,6.90,1.23,true,1,
7290004219277,false,אנשובי בצנצנת ארוך 80גרם,קמפיאס,ES,פילה אנשובי,גרמים,80.00,100 גרם,false,0,17.20,21.50,true,1,
7290004219819,false,מלבין קפה,,NL,מלבין קפה,גרמים,200.00,100 גרם,false,0,11.20,5.60,true,1,
7290004225537,false,ס.אנטריקוט מיושן א.ג קג,אלגרצ'ו,IL,אנטריקוט מיושןאג,קילוגרמים,0.00,"ק""ג",true,0,109.90,109.90,true,1,
7290004225582,false,שריר מיושן אל גאוצ'ו קג,אלגרצ'ו,IL,שריר מיושן אל גאוצ'ו קג,קילוגרמים,0.00,"ק""ג",true,0,59.90,59.90,true,1,
7290004230067,false,פיצה משפחתית שגב 350גרם,שגב,IL,פיצה משפחתית שגב,גרמים,350.00,100 גרם,false,1,17.90,5.11,true,1,
7290004230074,false,קציצות דג ברוטב עגבניות,שגב,IL,קציצות דג ברוטב,גרמים,800.00,100 גרם,false,0,37.60,4.70,true,1,
7290004230081,false,קציצות עוף ברוטב עגבניות,שגב,IL,קציצות עוף ברוטב,גרמים,800.00,100 גרם,false,0,37.60,4.70,true,1,
7290004230098,false,רוטב בולונז 700 גרם,שגב,IL,רוטב בולנז,גרמים,700.00,100 גרם,false,0,42.90,6.13,true,1,
7290004230326,false,מקלות פילו תפוח עץ 600גר,שגב,IL,מקלות פילו ת.עץ,גרמים,600.00,100 גרם,false,0,22.10,3.68,true,1,
7290004230364,false,מקלות בורקס פילו צרפתי 6,שגב,IL,מקלות בורקס פילו צרפתי 6,גרמים,600.00,100 גרם,false,0,22.10,3.68,true,1,
7290004230944,false,מקלות בורקס פילו גבינה 6,שלושת האופים,IL,מקלות בורקס,גרמים,600.00,100 גרם,false,0,22.10,3.68,true,1,
7290004233198,false,מציות מרוקאיות במשקל,גידרון,IL,מציות מרוקאיות,קילוגרמים,0.00,"ק""ג",true,0,36.00,36.00,true,1,
7290004233372,false,עוגיות שטרודל בו,,,עוגיות שטרודל בו,קילוגרמים,0.00,"ק""ג",true,0,35.00,35.00,true,1,
7290004324858,false,קבב בטעם כבש 500 גרם,טיבון ויל - נטו,IL,קבב בטעם כבש,גרמים,500.00,100 גרם,false,0,21.70,4.34,true,1,
7290004423353,false,משקה פריגת תפוחים 1.5 ל',פריגת,IL,פריגת תפוחים,ליטרים,1.50,ליטר,false,0,6.90,4.60,true,1,
7290004492311,false,בייגלה שמיניות לל.מלח400,יוניליוור,IL,בייגלה גדול,גרמים,400.00,100 גרם,false,0,15.90,3.98,true,1,
7290004492762,false,נישנושים תירס 325 גרם,גוצ'מולר,IL,נישנושים תירס,גרמים,325.00,100 גרם,false,0,13.30,4.09,true,1,
7290004492779,false,נישנושים זעתר 300 גרם,גוצ'מולר,IL,נישנושים זעתר,גרמים,300.00,100 גרם,false,0,13.30,4.43,true,1,
7290004492816,false,נישנושים מלוח 350 גרם,גוצ'מולר,IL,נישנושי קרקר,גרמים,350.00,100 גרם,false,0,10.00,2.86,true,1,
7290004492823,false,נישנושים שומשום 350 גרם,גוצ'מולר,IL,נישנושים שומשום,גרמים,350.00,100 גרם,false,0,10.00,2.86,true,1,
7290004502614,false,ליקר סאוטרן,,US,ליקר סאוטרן,מיליליטרים,700.00,"100 מ""ל",false,0,99.90,14.27,true,1,
7290004532598,false,פלאפל דביאל 230 גרם,קטיף,IL,פלאפל דבאיל,גרמים,230.00,100 גרם,false,0,16.80,7.30,true,1,
7290004551445,false,פלפל שחור שקית 50 גרם,"חב' המשווק טיפנברון בע""מ",IL,פלפל שחור,גרמים,50.00,100 גרם,false,0,3.10,6.20,true,1,
7290004584351,false,גב.סימפוניה 5% 200 גרם,שטראוס,IL,גבינת סימפוניה,גרמים,200.00,100 גרם,false,0,10.90,5.45,true,1,
7290004584528,false,יוגורט ביו 1.7%דנונה200ג,שטראוס,IL,יוגורט ביו 1.7%,גרמים,200.00,100 גרם,false,0,3.70,1.85,true,1,
7290004585907,false,דני וניל 1.5% שומן 125 ג,שטראוס,IL,דני וניל 1.5%,גרמים,125.00,100 גרם,false,0,2.70,2.16,true,1,
7290004586683,false,"קינג דויד לייט 750 מ""ל",יקבי כרמל,IL,קינג דויד לייט,מיליליטרים,750.00,"100 מ""ל",false,0,27.60,3.68,true,1,
7290004603175,false,מלח ים גס 500 גרם,תעשיות מלח לישראל,IL,מלח ים גס,גרמים,500.00,100 גרם,false,0,8.40,1.68,true,1,
7290004611590,false,עוף טרי מחולק,שונות,IL,עוף טרי מחולק,קילוגרמים,0.00,"ק""ג",true,0,24.90,24.90,true,1,
7290004639006,false,קוסקוס ביתי מוקפא 800 גר,מטעמי פאר,IL,קוסקוס מוקפא,גרמים,800.00,100 גרם,false,0,16.80,2.10,true,1,
7290004658618,false,תירוש מיץ ענבים לבן 1 ל',יקבי כרמל,IL,מיץ תירוש לבן,ליטרים,1.00,ליטר,false,0,20.70,20.70,true,1,
7290004685010,false,לחם 100% שיפון קל 500 גר,מאפית ברמן,IL,לחם 100% שיפון קל 500 גר,גרמים,500.00,100 גרם,false,0,12.90,2.58,true,1,
7290004685027,false,לחם מחיטה מלאה קל 500 גר,מאפית ברמן,IL,לחם מחיטה מלאה קל 500 גר,גרמים,500.00,100 גרם,false,0,12.90,2.58,true,1,
7290004685041,false,לחם הארץ חיטה מלאה750גרם,מאפית ברמן,IL,לחם הארץ חיטה מלאה750גרם,גרמים,750.00,100 גרם,false,0,12.90,1.72,true,1,
7290004685089,false,לחם חמניות 500 גרם,מאפית ברמן,IL,לחם חמניות 500 גרם,גרמים,500.00,100 גרם,false,0,12.90,2.58,true,1,
7290004685126,false,לחם הארץ חמישה דגנים750ג,מאפית ברמן,IL,לחם הארץ חמישה דגנים750ג,גרמים,750.00,100 גרם,false,0,12.90,1.72,true,1,
7290004685133,false,לחם הארץ קל 750 גרם,מאפית ברמן,IL,לחם הארץ קל 750 גרם,גרמים,750.00,100 גרם,false,0,12.90,1.72,true,1,
7290004685140,false,לחם הארץ שיפון 750 גרם,מאפית ברמן,IL,לחם הארץ שיפון 750 גרם,גרמים,750.00,100 גרם,false,0,12.90,1.72,true,1,
7290004685157,false,לחם שיפון 100%פרוס 750ג,מאפית ברמן,IL,לחם שיפון 100%פרוס 750ג,גרמים,750.00,100 גרם,false,0,12.90,1.72,true,1,
7290004685195,false,לחם 10 דגנים פרוס 750גרם,מאפית ברמן,IL,לחם 10 דגנים פרוס 750גרם,גרמים,750.00,100 גרם,false,0,12.90,1.72,true,1,
7290004685225,false,לחם פומפרניקל 750 גרם,מאפית ברמן,IL,לחם פומפרניקל 750 גרם,גרמים,750.00,100 גרם,false,0,12.90,1.72,true,1,
7290004685232,false,לחם שאור ללא שמרים 750גר,מאפית ברמן,IL,לחם שאור ללא שמרים 750גר,גרמים,750.00,100 גרם,false,0,12.90,1.72,true,1,
7290004731137,false,ק.ידיים קרמה עור יבש100מ,קוסמופארם,IL,קרמה קרם ידיים,מיליליטרים,100.00,"100 מ""ל",false,0,7.90,7.90,true,1,
7290004731410,false,סנו סושי3כרית קרצוף ירוק,סנו,IL,סנו סושי ענק 3,יחידה,1.00,יחידה,false,0,7.90,7.90,true,1,
7290004731472,false,אלסבון כיף צבעוני 500X3מ,קוסמופארם,IL,שלישית אלסבון,ליטרים,1.50,ליטר,false,0,18.70,12.47,true,1,
7290004737955,false,ממרח חמאה,,,ממרח חמאה,קילוגרמים,0.00,"ק""ג",true,0,42.60,42.60,true,1,
7290004810009,false,"טואלט דאק כתום 750*2 מ""ל",ג'ונסון,NL,טואלט דאק זוג,ליטרים,1.50,ליטר,false,0,17.90,11.93,true,1,
7290004859749,false,קורקבן עוף טרי ארוז,מילועוף,IL,קורקבן עוף טרי,קילוגרמים,0.00,"ק""ג",true,0,11.90,11.90,true,1,
7290004869120,false,לחם אחיד קל פרוס 750 גרם,מאפיית שלמה א. אנג'ל,IL,לחם אחיד קל פרוס 750 גרם,גרמים,750.00,100 גרם,false,0,16.80,2.24,true,1,
7290004872779,false,קרחוני פרילי שישיה כשלפ,נסטלה,IL,קרחוני פרילי שישיה כשלפ,גרמים,468.00,100 גרם,false,0,26.80,5.73,true,1,
7290004923051,false,מים מינרלים עין גדי 2 ל',עין גדי מיים מינרלים,IL,מים מינרלים עין גדי 2 ל',ליטרים,2.00,ליטר,false,0,3.90,1.95,true,1,
7290004923099,false,עין גדי מים מינרל. 2*6 ל,עין גדי מיים מינרלים,IL,מים עין גדי 6 יח,ליטרים,12.00,ליטר,false,0,11.90,0.99,true,1,
7290004952778,false,טופו אורגני-הרדוף 300גרם,הרדוף,IL,טופו אורגני-הרדוף 300גרם,גרמים,300.00,100 גרם,false,0,15.10,5.03,true,1,
7290005008184,false,סב.נוז.פלמוליב 2ב1- 500מ,קולגייט-פלמוליב,IT,סב.נוזלי פלמול,מיליליטרים,500.00,"100 מ""ל",false,0,19.60,3.92,true,1,
7290005008481,false,דאו.ספיד סטיק ג'ל ספורט,קולגייט-פלמוליב,US,דאודורנט,גרמים,85.00,100 גרם,false,0,24.90,29.29,true,1,
7290005068058,false,תירס קל 550 גרם,פרי גליל,IL,תירס קל,גרמים,550.00,100 גרם,false,0,8.90,1.62,true,1,
7290005079221,false,בולגרית מעודנת5% משקל,משק צוריאל תבור,IL,בולגרית מעודנת5% משקל,קילוגרמים,0.00,"ק""ג",true,0,59.00,59.00,true,1,
7290005079238,false,פטה עיזים מעודנת16% משקל,משק צוריאל תבור,IL,פטה עיזים מעודנת16% משקל,קילוגרמים,0.00,"ק""ג",true,0,102.00,102.00,true,1,
7290005082979,false,חלת דגנים קלועה 560 גרם,גידרון,IL,חלת דגנים קלועה,גרמים,560.00,100 גרם,false,0,11.90,2.13,true,1,
7290005084355,false,משח.סנסודיין דואל קייר75,דנאגיס,GB,משחת שיניים,מיליליטרים,75.00,"100 מ""ל",false,0,17.90,23.87,true,1,
7290005095122,false,חלבה נוגט כשר חלבי משקל,,IL,חלבה נוגט כשר חלבי משקל,קילוגרמים,0.00,"ק""ג",true,0,54.00,54.00,true,1,
7290005095597,false,נרות יום הולדת,,CN,נרות יום הולדת,יחידה,1.00,יחידה,false,0,8.00,8.00,true,1,
7290005095801,false,עמבה,,,עמבה,גרמים,500.00,100 גרם,false,0,17.50,3.50,true,1,
7290005111761,false,"בונזו בשר 3 ק""ג",ביופט,IL,בונזו בשר,קילוגרמים,3.00,"ק""ג",false,0,46.50,15.50,true,1,
7290005174513,false,חציל במיונז אחלה 500 גרם,שטראוס,IL,סלט חציל מיונז,גרמים,500.00,100 גרם,false,0,16.50,3.30,true,1,
7290005174551,false,חומוס יום יום 125 גרם,שטראוס,IL,חומוס יום יום,גרמים,125.00,100 גרם,false,0,5.30,4.24,true,1,
7290005174568,false,חציל במיונז 125 גרם,שטראוס,IL,חציל במיונז אחלה,גרמים,125.00,100 גרם,false,0,5.30,4.24,true,1,
7290005174575,false,טחינה יום יום 125 גרם,שטראוס,IL,טחינה יום יום,גרמים,125.00,100 גרם,false,0,5.30,4.24,true,1,
7290005182136,false,סוכרה דיאט 100 יחידות80ג,גורי,IL,סוכרה דיאט 100 יחידות80ג,גרמים,80.00,100 גרם,false,0,28.70,35.88,true,1,
7290005184079,false,סוכרה דיאט,,IL,סוכרה דיאט,גרמים,100.00,100 גרם,false,0,25.40,25.40,true,1,
7290005191602,false,משקה סויה-סידן 3יח250X'ג,אלפרו,BE,משקה סויה-סידן 3יח250X'ג,מיליליטרים,750.00,"100 מ""ל",false,0,15.10,2.01,true,1,
7290005199622,false,עד חצות מריר 200 גרם,עלית,IL,עד חצות מריר,גרמים,200.00,100 גרם,false,0,14.80,7.40,true,1,
7290005200786,false,תפוצ'יפס ט.שמנת ובצל50גר,עלית,IL,תפוצ'יפס ט.שמנת ובצל50גר,גרמים,50.00,100 גרם,false,0,4.10,8.20,true,1,
7290005200908,false,שוק.פרה עם ביסקוויט 100ג,עלית,IL,שוקולד+ביסקויט,גרמים,100.00,100 גרם,false,0,6.40,6.40,true,1,
7290005201455,false,קפה נמס ארומה 200 גרם,עלית,IL,קפה נמס ארומה,גרמים,200.00,100 גרם,false,0,26.60,13.30,true,1,
7290005201479,false,צ'יטוס בוטנים 100 גרם,עלית,IL,צ'יטוס בוטנים 100 גרם,גרמים,100.00,100 גרם,false,0,6.70,6.70,true,1,
7290005201882,false,קפה טורקי בצלופן 200 גרם,עלית,IL,קפה טורקי בצלופן,גרמים,200.00,100 גרם,false,0,17.90,8.95,true,1,
7290005270000,false,עלי סיגר 500 גרם,"אדריה בע""מ",IL,עלי סיגר מרוקאי,גרמים,500.00,100 גרם,false,0,12.80,2.56,true,1,
7290005271427,false,ביצים M 12 יח',,,ביצים M 12 יח',יחידה,1.00,יחידה,false,0,10.55,10.55,true,1,
7290005287206,false,טונה סטארקיסט בשמן160*4ג,סטארקיסט,IL,טונה סטארקיסט4יח,גרמים,640.00,100 גרם,false,0,22.90,3.58,true,1,
7290005287251,false,טונה סטארקיסט במים160*4ג,סטארקיסט,IL,טונה סטארקיסט4יח,גרמים,640.00,100 גרם,false,0,22.90,3.58,true,1,
7290005287510,false,טונה בשמן ופלפל חריף160ג,סטארקיסט,IL,טונה עם פלפל,גרמים,160.00,100 גרם,false,0,7.40,4.63,true,1,
7290005287527,false,טונה בשמן עם לימון160גרם,סטארקיסט,IL,טונה עם לימון,גרמים,160.00,100 גרם,false,0,7.40,4.63,true,1,
7290005287749,false,טונה5% בטעם טבעי 160ג,סטארקיסט,IL,טונה 5%טעם טבעי,גרמים,160.00,100 גרם,false,0,7.40,4.63,true,1,
7290005287756,false,טונה5%עם לימון+פלפל160ג,סטארקיסט,IL,טונה+לימון ופלפל,גרמים,160.00,100 גרם,false,0,7.40,4.63,true,1,
7290005287978,false,פילה טונה מעושנת 110 גרם,סטארקיסט,IL,פילה טונה,גרמים,110.00,100 גרם,false,0,15.00,13.64,true,1,
7290005326387,false,עגבניות מיובש+שמן זית270,אוליביה,IL,עגבניות מיובשות,גרמים,270.00,100 גרם,false,0,19.90,7.37,true,1,
7290005358357,false,פילה מדומה מס6' קפוא מוכ,שונות,UY,פילה מדומה מוכ,קילוגרמים,0.00,"ק""ג",true,0,57.40,57.40,true,1,
7290005384868,false,בסיגנון דנאבלו 29% במשקל,,IL,בסיגנון דנאבלו 29% במשקל,קילוגרמים,0.00,"ק""ג",true,0,75.00,75.00,true,1,
7290005384899,false,בסגנון פטה 21%,,IL,בסגנון פטה 21%,קילוגרמים,0.00,"ק""ג",true,0,35.00,35.00,true,1,
7290005418716,false,קר.לחות לתלתלים נטורל400,קרליין,,קרם לחות לשיער,מיליליטרים,400.00,"100 מ""ל",false,0,23.10,5.78,true,1,
7290005423253,false,"מקסימה למייבש פרש 750מ""ל",סנו,IL,מקסימה למייבש,מיליליטרים,750.00,"100 מ""ל",false,0,17.10,2.28,true,1,
7290005423499,false,סנו נירוסטה אירוסול500מל,סנו,IL,סנו נירוסטה,מיליליטרים,500.00,"100 מ""ל",false,0,22.00,4.40,true,1,
7290005423567,false,40מטליות לניקוי סנו סושי,סנו,IL,מטליות לניקוי,יחידה,1.00,יחידה,false,0,22.00,22.00,true,1,
7290005423635,false,ריצפז פלוס דוחה תיקנים2ל,סנו,IL,ריצפז דוחה חרקים,ליטרים,2.00,ליטר,false,0,25.40,12.70,true,1,
7290005423734,false,מרכך מקסימה אולטרה 4 ל',סנו,IL,מרכך כביסה,ליטרים,4.00,ליטר,false,0,22.90,5.73,true,1,
7290005423871,false,משחת אורביטול145*3ג,קוסמופארם,IL,משחת אורביטול145*3ג,גרמים,435.00,100 גרם,false,0,19.70,4.53,true,1,
7290005424052,false,מן קצף גילוח 2 יחX' 300ג,סנו,IL,צמד מן קצף גיל,גרמים,600.00,100 גרם,false,0,26.20,4.37,true,1,
7290005424694,false,קרמה תח.רחצה קלאסיק 750מ,קוסמופארם,IL,קרמה תחליב רחצה,מיליליטרים,750.00,"100 מ""ל",false,0,15.90,2.12,true,1,
7290005425455,false,תחליב רחצה קרמה קלאסי500,קוסמופארם,IL,קרמה תחליב רחצה,מיליליטרים,500.00,"100 מ""ל",false,0,10.00,2.00,true,1,
7290005425646,false,סנוקליר ניקוי חלונות 1ל',סנו,IL,סנוקליר 1 ליטר,ליטרים,1.00,ליטר,false,0,11.10,11.10,true,1,
7290005425783,false,קרם גוף קרמה קלאסי 500מל,קוסמופארם,IL,קרם גוף קרמה,מיליליטרים,500.00,"100 מ""ל",false,0,21.70,4.34,true,1,
7290005426193,false,ספוג הפלא סנו סושי 6 יח',סנו,IL,ספוג סנו סושי,יחידה,1.00,יחידה,false,0,10.00,10.00,true,1,
7290005426230,false,מטלית הפלא לרצפה ס.סושי,סנו,IL,מטליות הפלא רצפה,יחידה,1.00,יחידה,false,0,10.00,10.00,true,1,
7290005426940,false,300-K פלוס8 קוטל חרקי400,סנו,IL,300-K פלוס,מיליליטרים,400.00,"100 מ""ל",false,0,18.30,4.58,true,1,
7290005427107,false,סנו סושי 6 מגבות הפלא,סנו,IL,מגבות נייר סנו,מטרים,63.00,מטר,false,0,11.90,0.19,true,1,
7290005427497,false,מרכך כיף לשיער רגיל 750מ,קוסמופארם,IL,מרכך כיף,מיליליטרים,750.00,"100 מ""ל",false,0,10.00,1.33,true,1,
7290005427541,false,תחליב רח.כיף חלב שקד750מ,קוסמופארם,IL,תחליב רחצה כיף,מיליליטרים,750.00,"100 מ""ל",false,0,10.00,1.33,true,1,
7290005427558,false,תחליב רח.כיף חלב ודבש750,קוסמופארם,IL,תחליב רחצה כיף,מיליליטרים,750.00,"100 מ""ל",false,0,10.00,1.33,true,1,
7290005427565,false,שמפו כיף לשיער רגיל 750מ,קוסמופארם,IL,שמפו כיף,מיליליטרים,750.00,"100 מ""ל",false,0,10.00,1.33,true,1,
7290005427572,false,שמפו כיף לשיער יבש 750מל,קוסמופארם,IL,שמפו כיף,מיליליטרים,750.00,"100 מ""ל",false,0,10.00,1.33,true,1,
7290005427602,false,"שמפו + מרכך כיף 750 מ""ל",קוסמופארם,IL,שמפו+מרכך כיף,מיליליטרים,750.00,"100 מ""ל",false,0,10.00,1.33,true,1,
7290005427787,false,ק.לחות קרמה ש.מתולתל400מ,קוסמופארם,IL,קרם לשיער קרמה,מיליליטרים,400.00,"100 מ""ל",false,0,20.80,5.20,true,1,
7290005427923,false,קרמה תח.רחצה פסיפלורה750,קוסמופארם,IL,קרמה תח.רחצה פסיפלורה750,מיליליטרים,750.00,"100 מ""ל",false,0,15.90,2.12,true,1,
7290005427978,false,קרמה תחליב רחצה לפנים180,קוסמופארם,IL,תחליב רחצה לפנים,מיליליטרים,180.00,"100 מ""ל",false,0,15.00,8.33,true,1,
7290005428852,false,מגבוני סנו סופט 100*5 יח,סנו,IL,מגבוני סנו סופט,יחידה,1.00,יחידה,false,0,12.90,12.90,true,1,
7290005428982,false,בייבי כיף ק.גוף תינוק500,קוסמופארם,IL,קרם גוף לתינוק,מיליליטרים,500.00,"100 מ""ל",false,0,27.70,5.54,true,1,
7290005430480,false,מטלית הפלא מיקרופייבר,סנו,IL,מטלית הפלא,יחידה,1.00,יחידה,false,0,11.30,11.30,true,1,
7290005430602,false,אוקסיג'ן מ.כתמים,,IL,אוקסיג'ן מ.כתמים,מיליליטרים,750.00,"100 מ""ל",false,0,20.80,2.77,true,1,
7290005431364,false,עוגת גבינה 2 יח,,IL,עוגת גבינה 2 יח,גרמים,184.00,100 גרם,false,0,12.80,6.96,true,1,
7290005431371,false,מלבי 2 * 165 גרם,תנובה,IL,מלבי 2 יחידות,גרמים,330.00,100 גרם,false,0,12.80,3.88,true,1,
7290005431593,false,קדאיף 2 יחידות,,IL,קדאיף 2 יחידות,גרמים,172.00,100 גרם,false,0,12.80,7.44,true,1,
7290005431685,false,עוגת ביסקויטים 75*2גרם,תנובה,IL,זוג עוגות גבינה,גרמים,150.00,100 גרם,false,1,12.80,8.53,true,1,
7290005431692,false,עוג.גבינה אוכמניות90*2גר,תנובה,IL,זוג עוגות גבינה,גרמים,180.00,100 גרם,false,1,12.80,7.11,true,1,
7290005509445,false,מיני קוקיס חמאה צנצנ750ג,כרמית,IL,מיני קוקיס,גרמים,750.00,100 גרם,false,0,16.90,2.25,true,1,
7290005559587,false,מאפה נקניקיות 800 גרם,"מעדנות בע""מ",IL,מאפה נקניקיות,גרמים,800.00,100 גרם,false,0,32.40,4.05,true,1,
7290005559709,false,בורקס פיצה 700 גרם,"מעדנות בע""מ",IL,בורקס פיצה,גרמים,700.00,100 גרם,false,0,27.80,3.97,true,1,
7290005559907,false,פיצה משפחתית גבינה 500גר,"מעדנות בע""מ",IL,פיצה משפחתית גבינה 500גר,גרמים,500.00,100 גרם,false,0,24.70,4.94,true,1,
7290005559914,false,פיצה משפחתית זיתים 550גר,"מעדנות בע""מ",IL,פיצה משפחתית,גרמים,550.00,100 גרם,false,0,26.70,4.85,true,1,
7290005559983,false,חטיפי פיצה גבינה 650 גרם,"מעדנות בע""מ",IL,חטיפי פיצה גבינה,גרמים,650.00,100 גרם,false,0,35.90,5.52,true,1,
7290005559990,false,בצק פילאס תורקי 600 גרם,"מעדנות בע""מ",IL,בצק פילאס תורכי,גרמים,600.00,100 גרם,false,0,27.30,4.55,true,1,
7290005564253,false,ספרינג אגס סברס תפוח1.5ל,יפאורה שותפות מובגלת לשיווק,IL,משקה ספרינג,ליטרים,1.50,ליטר,false,0,6.90,4.60,true,1,
7290005564680,false,משקה לימונדה 1.5 ליטר,יפאורה שותפות מובגלת לשיווק,IL,משקה לימונדה,ליטרים,1.50,ליטר,false,0,6.50,4.33,true,1,
7290005583568,false,אוריריות כוסמת,,IL,אוריריות כוסמת,גרמים,150.00,100 גרם,false,0,14.80,9.87,true,1,
7290005591761,false,דבש מפרחי בר בק.פטנט400ג,יד מרדכי,IL,דבש מפרחי בר,גרמים,400.00,100 גרם,false,0,25.10,6.28,true,1,
7290005604133,false,פריגת מנגו 1.5 ליטר,פריגת,IL,פריגת מנגו,ליטרים,1.50,ליטר,false,0,6.90,4.60,true,1,
7290005605901,false,פאנטה אקזוטי 1.5 ליטר,החברה המרכזית לייצור משקאות,IL,פאנטה אקזוטי,ליטרים,1.50,ליטר,false,0,7.60,5.07,true,1,
7290005610509,false,צנונית יחידה,קטיף,IL,צנונית -יח',יחידה,1.00,יחידה,false,0,6.50,6.50,true,1,
7290005651069,false,"לה קט מיקס 2.85 ק""ג",ביופט,IL,לה קט מיקס,קילוגרמים,2.85,"ק""ג",false,0,59.40,20.84,true,1,
7290005678073,false,פלפל צ'ילי זהבי יח',קטיף,IL,פלפל צ'ילי זהבי,יחידה,1.00,יחידה,false,0,5.50,5.50,true,1,
7290005680052,false,טמפוני או-בה סופר + 32יח,ג'ונסון,DE,טמפוני או-בה סופר + 32יח,יחידה,1.00,יחידה,false,0,24.90,24.90,true,1,
7290005718021,false,שטרודל גבינה,גידרון,IL,שטרודל גבינה,יחידה,1.00,יחידה,false,0,17.90,17.90,true,1,
7290005718038,false,"שטרודל תפו""ע",גידרון,IL,"שטרודל תפו""ע",יחידה,1.00,יחידה,false,0,17.90,17.90,true,1,
7290005780868,false,אנרג'י מיזלי 500 גרם,שטראוס,BE,אנרג'י מוזלי,גרמים,500.00,100 גרם,false,0,13.90,2.78,true,1,
7290005838002,false,"דניאלה מעדן גבינה 150מ""ל",שטראוס,IL,מעדן דניאלה,מיליליטרים,150.00,"100 מ""ל",false,0,4.30,2.87,true,1,
7290005838613,false,גבינת סקי וניל 125 גרם,שטראוס,IL,גבינת סקי וניל,גרמים,125.00,100 גרם,false,0,3.70,2.96,true,1,
7290005838972,false,גב.סקי 5% 125 גרם,שטראוס,IL,גבינת סקי,גרמים,125.00,100 גרם,false,0,3.40,2.72,true,1,
7290005839078,false,דנונה ביו 3% 150*8 גרם,שטראוס,IL,דנונה ביו 8 יח,קילוגרמים,1.20,"ק""ג",false,0,17.60,14.67,true,1,
7290005839108,false,גב.סימפוניה +5%זיתים200ג,שטראוס,IL,גבינת סימפוניה,גרמים,200.00,100 גרם,false,0,10.90,5.45,true,1,
7290005839313,false,מילקי טופ שוקול.מגולג170,שטראוס,IL,מילקי טופ,מיליליטרים,170.00,"100 מ""ל",false,0,5.00,2.94,true,1,
7290005896439,false,בירה מכבי,,IL,בירה מכבי,מיליליטרים,500.00,"100 מ""ל",false,0,6.90,1.38,true,1,
7290005896828,false,מים מינרל.סאן בנדטו1.5*6,טמפו,IT,מים מינרליים6X,ליטרים,9.00,ליטר,false,0,14.90,1.66,true,1,
7290005896835,false,מים סאן בנדטו מוגז1.5*6ל,טמפו,IT,מים מינרלים 6 יח,ליטרים,9.00,ליטר,false,0,16.90,1.88,true,1,
7290005896972,false,פפסי מקס 1.5*6 ליטר,טמפו,IL,פפסי מקס 6 יח',ליטרים,9.00,ליטר,false,0,34.90,3.88,true,1,
7290005938825,false,פרסקו בזיליקום 180גרם,פרסקו,IL,פרסקו בזיליקום 180גרם,גרמים,180.00,100 גרם,false,0,8.90,4.94,true,1,
7290005938832,false,פרסקו פטרוזליה 180גרם,פרסקו,IL,פרסקו פטרוזליה 180גרם,גרמים,180.00,100 גרם,false,0,8.90,4.94,true,1,
7290005938849,false,פרסקו כוזברה 180גרם,פרסקו,IL,פרסקו כוזברה 180גרם,גרמים,180.00,100 גרם,false,0,8.90,4.94,true,1,
7290005966033,false,"יין לבן הר חרמון 750 מ""ל",יקבי רמת הגולן קצרין,IL,יין לבן חרמון,מיליליטרים,750.00,"100 מ""ל",false,0,32.90,4.39,true,1,
7290005966088,false,יין אדום הר חרמון 750 מל,יקבי רמת הגולן קצרין,IL,יין אדום חרמון,מיליליטרים,750.00,"100 מ""ל",false,0,32.90,4.39,true,1,
7290005966392,false,גולן קברנה סוביניון750מל,יקבי רמת הגולן קצרין,IL,גולן קברנה סוביניון750מל,מיליליטרים,750.00,"100 מ""ל",false,0,34.90,4.65,true,1,
7290005966514,false,"ירדן מוסקט 500 מ""ל",יקבי רמת הגולן קצרין,IL,ירדן מוסקט,מיליליטרים,500.00,"100 מ""ל",false,0,32.90,6.58,true,1,
7290005966903,false,"גולן שיאון אדום 750 מ""ל",יקבי רמת הגולן קצרין,IL,גולן שיאון אדום,מיליליטרים,750.00,"100 מ""ל",false,0,26.90,3.59,true,1,
7290005992735,false,גבינת לאבנה 5%שומן 250ג,מחלבות גד,IL,גבינת לאבנה גד5%,גרמים,250.00,100 גרם,false,0,8.90,3.56,true,1,
7290006185501,false,סבון נוזלי פנינה ורוד 1ל,סאסא קוסמטיקס,IL,סבון נוזלי ורוד,ליטרים,1.00,ליטר,false,0,10.80,10.80,true,1,
7290006185518,false,סבון נוזלי פנינה כחול 1ל,סאסא קוסמטיקס,IL,סבון נוזלי פנינה,ליטרים,1.00,ליטר,false,0,10.80,10.80,true,1,
7290006199027,false,שלגון וניל מצופה תות כשל,פלקו,IL,שלגוני וניל מצופ,גרמים,600.00,100 גרם,false,0,35.30,5.88,true,1,
7290006199218,false,"גלידל קפוצ'ינו כשל""פ 8יח",גלידות פלדמן,IL,גלידל קפוצ'ינו,גרמים,400.00,100 גרם,false,0,35.30,8.83,true,1,
7290006199331,false,"גלידל אשכול אדום כשל""פ8",גלידות פלדמן,IL,גלידל פרי,גרמים,640.00,100 גרם,false,0,27.30,4.27,true,1,
7290006199850,false,בליסימו טירמיסו 1.3 ליטר,גלידות פלדמן,IL,בליסימו טירמיסו,ליטרים,1.30,ליטר,false,0,28.30,21.77,true,1,
7290006199867,false,מנבו מוקה 20 יחידות,פלקו,IL,מנבו מוקה 20 יח',גרמים,480.00,100 גרם,false,0,21.90,4.56,true,1,
7290006199942,false,"גלידל דובדבן 8יח כשל""פ",פלקו,IL,פרי דובדבן 8יח,גרמים,640.00,100 גרם,false,0,27.30,4.27,true,1,
7290006229069,false,ג'אמפ ענבים 1.5 ליטר,טמפו,IL,ג'אמפ ענבים,ליטרים,1.50,ליטר,false,0,6.80,4.53,true,1,
7290006241504,false,פריגת תפוזים פריז 280 מל,פריגת,IL,פריגת תפוזים פריז 280 מל,מיליליטרים,280.00,"100 מ""ל",false,0,10.40,3.71,true,1,
7290006241511,false,פריגת נענע פריז 280 מל,פריגת,IL,פריגת נענע פריז 280 מל,מיליליטרים,280.00,"100 מ""ל",false,0,10.40,3.71,true,1,
7290006241535,false,פריגת מנגו פריז 280 מל,פריגת,IL,פריגת מנגו פריז 280 מל,מיליליטרים,280.00,"100 מ""ל",false,0,10.40,3.71,true,1,
7290006251107,false,תה מסאלה צ'אי 25שק2*גרם,ויסוצקי,IL,תה מסאלה צ'אי 25שק2*גרם,גרמים,50.00,100 גרם,false,0,13.90,27.80,true,1,
7290006251268,false,תה ירוק תפוח+קינמ25ש1.5X,ויסוצקי,IL,תה ירוק תפוח+קינמ25ש1.5X,גרמים,37.00,100 גרם,false,0,21.90,59.19,true,1,
7290006251275,false,תה ירוק סיני25 שק1.5Xגרם,ויסוצקי,IL,תה ירוק סיני,גרמים,37.00,100 גרם,false,0,21.90,59.19,true,1,
7290006251282,false,חליטת קרנברי ג.קסום3X25ג,ויסוצקי,IL,חליטת חמוציות,גרמים,75.00,100 גרם,false,0,13.90,18.53,true,1,
7290006251343,false,חליטת פסיפלורה+מנגו3X25ג,ויסוצקי,IL,חליטת פסיפלורה+מנגו3X25ג,גרמים,62.00,100 גרם,false,0,13.90,22.42,true,1,
7290006271174,false,ג'חנון בצק מעדנות 700גרם,"מעדנות בע""מ",IL,ג'חנון בצק,גרמים,700.00,100 גרם,false,0,20.60,2.94,true,1,
7290006271181,false,ג'חנון אפוי מעדנות 750גר,"מעדנות בע""מ",IL,ג'חנון אפוי,גרמים,750.00,100 גרם,false,0,28.70,3.83,true,1,
7290006271280,false,מיני בורקס גבינה 800 גרם,"מעדנות בע""מ",IL,מיני בורקס גבינה,גרמים,800.00,100 גרם,false,0,28.90,3.61,true,1,
7290006271761,false,מיני ג'חנון אפוי 600 גרם,"מעדנות בע""מ",IL,מיני ג'חנון אפוי 600 גרם,גרמים,600.00,100 גרם,false,0,25.70,4.28,true,1,
7290006272430,false,בצק עלים חמאה 600 גרם,"מעדנות בע""מ",IL,בצק עלים חמאה,גרמים,600.00,100 גרם,false,0,31.60,5.27,true,1,
7290006273239,false,עוגת שמרים שוקולד 450גרם,לחמי,IL,עוגת שוקולד,גרמים,450.00,100 גרם,false,0,19.70,4.38,true,1,
7290006306296,false,רביולי גבינה לילדים 400ג,פסטה נונה,,רביולי גבינה,גרמים,400.00,100 גרם,false,0,19.90,4.98,true,1,
7290006306302,false,רביולי פרמזן ריקוטה400גר,פסטה נונה,IL,רביולי גבינה,גרמים,400.00,100 גרם,false,0,19.90,4.98,true,1,
7290006306319,false,רביולי בטטה 400 גרם,פסטה נונה,IL,רביולי בטטה,גרמים,400.00,100 גרם,false,0,19.90,4.98,true,1,
7290006306326,false,רביולי פטריות 400 גרם,פסטה נונה,IL,רביולי פטריות,גרמים,400.00,100 גרם,false,0,19.90,4.98,true,1,
7290006306333,false,רביולי תרד וריקוטה 400 ג,פסטה נונה,IL,רביולי תרד,גרמים,400.00,100 גרם,false,0,19.90,4.98,true,1,
7290006322104,false,לחם רחיים קל 500 גרם,מאפיית דוידוביץ,IL,לחם רחיים קל,גרמים,500.00,100 גרם,false,0,14.40,2.88,true,1,
7290006322142,false,לחם קל כהה 500 גרם,מאפיית דוידוביץ,IL,לחם קל כהה,גרמים,500.00,100 גרם,false,0,11.80,2.36,true,1,
7290006322166,false,לחמניות רגילות 6יח75X'גר,מאפיית דוידוביץ,,מארז 6 לחמניות,גרמים,450.00,100 גרם,false,0,10.80,2.40,true,1,
7290006322487,false,לחם קוביות קמח מלא 750גר,מאפיית דוידוביץ,,לחם קמח מלא,גרמים,750.00,100 גרם,false,0,15.80,2.11,true,1,
7290006322838,false,לחם קמח מלא 100% 750 גרם,מאפיית דוידוביץ,IL,לחם קמח מלא,גרמים,750.00,100 גרם,false,0,12.50,1.67,true,1,
7290006364142,false,מי סודה קינלי 1.5*4 ליטר,החברה המרכזית לייצור משקאות,IL,סודה קינלי 4 יח,ליטרים,6.00,ליטר,false,0,11.00,1.83,true,1,
7290006385154,false,לחם שאור עם דגנים525גרם,גידרון,IL,לחם שאור+דגנים,גרמים,525.00,100 גרם,false,0,16.90,3.22,true,1,
7290006385178,false,לחם שאור+אגוז+צימ.ח.א525,גידרון,IL,לחם שאור+אגוזים,גרמים,525.00,100 גרם,false,0,16.90,3.22,true,1,
7290006390745,false,שבלול עם צימוקים קפוא,גידרון,IL,שבלול עם צימוקים,יחידה,1.00,יחידה,false,0,4.20,4.20,true,1,
7290006390752,false,חלה מתוקה עגולה 500 גרם,גידרון,IL,חלה מתוקה עגול,יחידה,1.00,יחידה,false,0,11.90,11.90,true,1,
7290006391018,false,ביס באגט כפרי,גידרון,IL,ביס באגט כפרי,יחידה,1.00,יחידה,false,0,1.60,1.60,true,1,
7290006391025,false,ביגלה ירושלמי,גידרון,IL,ביגלה ירושלמי,יחידה,1.00,יחידה,false,0,4.20,4.20,true,1,
7290006396836,false,בייגל טוסט לבן,גידרון,IL,בייגל טוסט לבן,יחידה,1.00,יחידה,false,0,4.20,4.20,true,1,
7290006439444,false,אורז בסמתי,,IL,אורז בסמתי,קילוגרמים,1.00,"ק""ג",false,0,13.80,13.80,true,1,
7290006459008,false,חלבה שוקו מלא במשקל,,,חלבה שוקו מלא במשקל,קילוגרמים,0.00,"ק""ג",true,0,45.00,45.00,true,1,
7290006459572,false,מרמלדה משקל,,IL,מרמלדה משקל,קילוגרמים,0.00,"ק""ג",true,0,43.00,43.00,true,1,
7290006492432,false,גבינה מוצרלה בייבי 150גר,מחלבות גד,IL,גבינה מוצרלה,גרמים,150.00,100 גרם,false,0,14.80,9.87,true,1,
7290006492616,false,פרוסות גב. בולגר5%. 250ג,מחלבות גד,IL,גבינה בולגרית,גרמים,250.00,100 גרם,false,0,25.70,10.28,true,1,
7290006492685,false,לאבנה עיזים 5%שומן 250גר,מחלבות גד,IL,לאבנה עיזים גד,גרמים,250.00,100 גרם,false,0,17.40,6.96,true,1,
7290006492852,false,גבינה לבנה 5% עיזים 250ג,מחלבות גד,IL,גבינת עיזים גד,גרמים,250.00,100 גרם,false,0,16.80,6.72,true,1,
7290006494597,false,תרכיז תפוחים מרמולייט1ל',אשבל,IL,תרכיז תפוחים,ליטרים,1.00,ליטר,false,0,11.80,11.80,true,1,
7290006511157,false,פטריות שלמות,,IN,פטריות שלמות,גרמים,400.00,100 גרם,false,0,8.00,2.00,true,1,
7290006511904,false,גבינת אדם,,,גבינת אדם,קילוגרמים,0.00,"ק""ג",true,0,79.00,79.00,true,1,
7290006546371,false,במיה 600 גרם,פרי גליל,IL,במיה מוקפא,גרמים,600.00,100 גרם,false,0,15.70,2.62,true,1,
7290006567048,false,פתיתי קוסקוס 350 גרם,קוסקוס מזון,IL,פתיתי קוסקוס,גרמים,350.00,100 גרם,false,0,8.80,2.51,true,1,
7290006582003,false,רוטב צ'ילי מתוק 800 גרם,אלסקה,TH,רוטב צ'ילי מתוק,מיליליטרים,700.00,"100 מ""ל",false,0,15.60,2.23,true,1,
7290006582027,false,"רוטב סויה 300 מ""ל",אלסקה,CN,רוטב סויה,מיליליטרים,300.00,"100 מ""ל",false,0,7.70,2.57,true,1,
7290006583741,false,מקרל פרוס בשמן קנול.משקל,מעדני מיקי,IL,מקרל פרוס בשמן קנול.משקל,קילוגרמים,0.00,"ק""ג",true,0,113.00,113.00,true,1,
7290006583864,false,איקרה אדומה משקל,מעדני מיקי,IL,איקרה אדומה משקל,קילוגרמים,0.00,"ק""ג",true,0,47.00,47.00,true,1,
7290006618146,false,הפי מדליק פחם,,NL,הפי מדליק פחם,מיליליטרים,500.00,"100 מ""ל",false,0,20.30,4.06,true,1,
7290006644497,false,"תפוזינה אשכוליות 500 מ""ל",יפאורה שותפות מובגלת לשיווק,IL,תפוזינה אשכול.,מיליליטרים,500.00,"100 מ""ל",false,0,7.10,1.42,true,1,
7290006644510,false,"תפוזינה ענבים 500 מ""ל",יפאורה שותפות מובגלת לשיווק,IL,תפוזינה ענבים,מיליליטרים,500.00,"100 מ""ל",false,0,7.10,1.42,true,1,
7290006644589,false,משקה קל אשכוליות דיאט 2ל,יפאורה שותפות מובגלת לשיווק,IL,אשכוליות דיאט,ליטרים,2.00,ליטר,false,0,4.00,2.00,true,1,
7290006644596,false,קריסטל אקזוטי מוגז 2ליטר,יפאורה שותפות מובגלת לשיווק,IL,קריסטל אקזוטי,ליטרים,2.00,ליטר,false,0,3.90,1.95,true,1,
7290006644626,false,ספרינג פירות טרופיים1.5ל,יפאורה שותפות מובגלת לשיווק,IL,משקה ספרינג,ליטרים,1.50,ליטר,false,0,6.90,4.60,true,1,
7290006651402,false,"מרכך ד""ר פישר קידס 750מל",פישר מעבדות פרמצבטיות,IL,מרכך קידס,מיליליטרים,750.00,"100 מ""ל",false,0,14.90,1.99,true,1,
7290006653819,false,קוסקוס דק 350 גרם,קוסקוס מזון,IL,קוסקוס דק,גרמים,350.00,100 גרם,false,0,8.80,2.51,true,1,
7290006653857,false,"ארנבונים חטיף תפו""א 40גר",אסם,IL,"ארנבונים חטיף תפו""א 40גר",גרמים,40.00,100 גרם,false,0,4.90,12.25,true,1,
7290006664037,false,סופר גמדים דגנים 100*4גר,שטראוס,IL,סופר גמדים 4 יח,גרמים,400.00,100 גרם,false,0,11.90,2.98,true,1,
7290006664051,false,"אקטימל לבן 100*14 מ""ל",שטראוס,IL,אקטימל מארז14יח',ליטרים,1.40,ליטר,false,0,32.60,23.29,true,1,
7290006664167,false,סימפוניה+שום שמיר3% 200ג,שטראוס,IL,גבינת סימפוניה3%,גרמים,200.00,100 גרם,false,0,10.90,5.45,true,1,
7290006664310,false,גבינת סקי3% 250 גרם,שטראוס,IL,גבינת סקי 3%,גרמים,250.00,100 גרם,false,0,4.90,1.96,true,1,
7290006664631,false,"אקטימל תות 100*8 מ""ל",שטראוס,IL,אקטימל תות 8 יח',מיליליטרים,800.00,"100 מ""ל",false,0,22.70,2.84,true,1,
7290006664655,false,"אקטימל לבן 100*8 מ""ל",שטראוס,IL,אקטימל לבן 8 יח,מיליליטרים,800.00,"100 מ""ל",false,0,22.70,2.84,true,1,
7290006664969,false,יוגורט מת.מעודן2% 150*8ג,שטראוס,IL,יוגורט מעודן 2%,קילוגרמים,1.20,"ק""ג",false,0,18.80,15.67,true,1,
7290006664990,false,דנונה ביו 1.7% 150*8גרם,שטראוס,IL,דנונה ביו 8 יח',קילוגרמים,1.20,"ק""ג",false,0,17.60,14.67,true,1,
7290006681003,false,סורבט תות לימון קרמ1.33.,שטראוס,IL,סורבט תות לימון קרמ1.33.,ליטרים,1.33,ליטר,false,0,20.90,15.71,true,1,
7290006681089,false,גל.לייט מיני סנדוויץ 10י,שטראוס,IL,גל.לייט מיני סנדוויץ 10י,גרמים,250.00,100 גרם,false,0,31.20,12.48,true,1,
7290006681553,false,קרמבו וניל 8 יחX' 24 גרם,שטראוס,IL,קרמבו וניל 8 יח,גרמים,192.00,100 גרם,false,0,13.90,7.24,true,1,
7290006681577,false,אסקימו לימון דובדבן 8+2,שטראוס,IL,אסקימו לימון דובדבן 8+2,גרמים,700.00,100 גרם,false,0,18.60,2.66,true,1,
7290006681843,false,גלידה לייט פרי 6 יחידות,שטראוס,IL,מאגדת גלידה לייט,גרמים,300.00,100 גרם,false,0,27.90,9.30,true,1,
7290006681904,false,מאגדת מצופים 8+2יח,שטראוס,IL,מאגדת מצופים 8+2יח,גרמים,600.00,100 גרם,false,0,35.90,5.98,true,1,
7290006738103,false,פסטרמה בדבש טהור דק 150ג,זוגלובק,IL,פסטרמה בדבש דק,גרמים,150.00,100 גרם,false,0,16.40,10.93,true,1,
7290006738110,false,פסטרמה ברביקיו דק דק150ג,זוגלובק,IL,פסטרמה ברביקיו,גרמים,150.00,100 גרם,false,0,16.40,10.93,true,1,
7290006738127,false,חזה בקר דק דק 150 גרם,זוגלובק,IL,חזה בקר דק דק,גרמים,150.00,100 גרם,false,0,16.40,10.93,true,1,
7290006738424,false,מיני סלמי פיקנטי 250 גרם,זוגלובק,IL,מיני סלמי פיקנטי,גרמים,250.00,100 גרם,false,0,16.10,6.44,true,1,
7290006738530,false,דק דק פסטרמה חזה עוף150ג,זוגלובק,IL,דק דק פסטרמה,גרמים,150.00,100 גרם,false,0,16.40,10.93,true,1,
7290006739247,false,פסטרמה איטלקית במשקל,זוגלובק,IL,פסטרמה איטלקית,קילוגרמים,0.00,"ק""ג",true,0,90.00,90.00,true,1,
7290006739346,false,נקניקיות פרגיות 400 גרם,זוגלובק,IL,נקניקיות פרגית,גרמים,400.00,100 גרם,false,0,20.80,5.20,true,1,
7290006739407,false,שניצל תירס לייט 630 גרם,זוגלובק,IL,שניצל תירס,גרמים,630.00,100 גרם,false,0,32.60,5.17,true,1,
7290006739414,false,סלמי קוניאק 300 גרם,זוגלובק,IL,סלמי קוניאק,גרמים,300.00,100 גרם,false,0,32.70,10.90,true,1,
7290006739421,false,סלמי מעושן איטלקי 300 גר,זוגלובק,IL,סלמי מעושן,גרמים,300.00,100 גרם,false,0,32.70,10.90,true,1,
7290006739445,false,שניצל תירס קלאסי 750 גרם,זוגלובק,IL,שניצל תירס,גרמים,750.00,100 גרם,false,0,28.70,3.83,true,1,
7290006739544,false,כתף בקר 300 גרם,זוגלובק,IL,כתף בקר,גרמים,300.00,100 גרם,false,0,34.40,11.47,true,1,
7290006739681,false,חטיפי תירס קלאסי 600 גרם,זוגלובק,IL,חטיפי תירס,גרמים,600.00,100 גרם,false,0,32.90,5.48,true,1,
7290006741363,false,"בורקס תפו""א בד""צ 800 גרם",זוגלובק,IL,"בורקס תפו""א",גרמים,800.00,100 גרם,false,0,16.80,2.10,true,1,
7290006742162,false,המבורגר מזרחי 400 גרם,זוגלובק,IL,המבורגר מזרחי,גרמים,400.00,100 גרם,false,0,22.70,5.68,true,1,
7290006742179,false,קבב מזרחי 400 גרם,זוגלובק,IL,קבב מזרחי,גרמים,400.00,100 גרם,false,0,22.70,5.68,true,1,
7290006742278,false,פסטרמה צלוי על לבנים330ג,זוגלובק,IL,פסטרמה צלויה,גרמים,330.00,100 גרם,false,0,31.90,9.67,true,1,
7290006742292,false,פסטרמה בדבש 330 גרם,זוגלובק,IL,פסטרמה בדבש,גרמים,330.00,100 גרם,false,0,31.90,9.67,true,1,
7290006742315,false,חזה הודו ברביקיו 330 גרם,זוגלובק,IL,חזה הודו ברביקיו,גרמים,330.00,100 גרם,false,0,31.90,9.67,true,1,
7290006742339,false,פסטרמה חזה עוף 330 גרם,זוגלובק,IL,פסטרמה חזה עוף,גרמים,330.00,100 גרם,false,0,31.90,9.67,true,1,
7290006755469,false,שניצל תירס לייט 630 גרם,טבעול,IL,שניצל תירס לייט,גרמים,630.00,100 גרם,false,0,29.60,4.70,true,1,
7290006764058,false,בירה נשר לבן בק.חוזר500מ,טמפו,IL,בירה נשר לבן,מיליליטרים,500.00,"100 מ""ל",false,0,6.00,1.20,true,1,
7290006764065,false,בירה נשר מאלט בק.חוזר500,טמפו,IL,בירה נשר מאלט,מיליליטרים,500.00,"100 מ""ל",false,0,4.90,0.98,true,1,
7290006764072,false,"גולדסטאר בק.חוזר 500 מ""ל",טמפו,IL,בירה גולדסטאר,מיליליטרים,500.00,"100 מ""ל",false,0,7.40,1.48,true,1,
7290006764348,false,מאלטסטאר 1.5 ליטר,טמפו,IL,מאלטסטאר,ליטרים,1.50,ליטר,false,0,7.80,5.20,true,1,
7290006764713,false,מירינדה 1.5*6 ליטר,טמפו,IL,מירינדה 6 יחידות,ליטרים,9.00,ליטר,false,0,23.90,2.66,true,1,
7290006764737,false,נשר מאלט דיאט ב.חוזר500מ,טמפו,IL,נשר מאלט דיאט,מיליליטרים,500.00,"100 מ""ל",false,0,4.90,0.98,true,1,
7290006784391,false,מסיר שומנים ס.מוריץ 900מ,קומפלקס כימיקלים,IL,מסיר שומנים,מיליליטרים,900.00,"100 מ""ל",false,0,16.90,1.88,true,1,
7290006788009,false,"שמפו ""10"" לשיער רגיל700מ",קרליין,IL,שמפו 10 לשיער,מיליליטרים,700.00,"100 מ""ל",false,0,13.80,1.97,true,1,
7290006788016,false,"שמפו ""10"" לשיער יבש 700מ",קרליין,IL,שמפו 10 לשיער,מיליליטרים,700.00,"100 מ""ל",false,0,13.80,1.97,true,1,
7290006788023,false,"שמפו ""10"" לשיער צבוע700מ",קרליין,IL,שמפו 10 לשיער,מיליליטרים,700.00,"100 מ""ל",false,0,13.80,1.97,true,1,
7290006788061,false,"מרכך ""10"" לשיער רגיל700מ",קרליין,IL,מרכך קרליין,מיליליטרים,700.00,"100 מ""ל",false,0,13.80,1.97,true,1,
7290006788078,false,"מרכך ""10"" לשיער יבש 700מ",קרליין,IL,מרכך 10 לשיער,מיליליטרים,700.00,"100 מ""ל",false,0,13.80,1.97,true,1,
7290006788085,false,"מרכך ""10"" לשיער צבוע700מ",קרליין,IL,מרכך 10 לשיער,מיליליטרים,700.00,"100 מ""ל",false,0,13.80,1.97,true,1,
7290006788092,false,"מרכך ""10"" לשיער מתותל700",קרליין,IL,מרכך קרליין,מיליליטרים,700.00,"100 מ""ל",false,0,13.80,1.97,true,1,
7290006788399,false,דאו.קרליין רולאון נושם75,קרליין,IL,דאודורנט קרליין,גרמים,75.00,100 גרם,false,0,12.90,17.20,true,1,
7290006788436,false,דאו.קרליין רולאון ורוד75,קרליין,IL,דאודורנט קרליין,מיליליטרים,75.00,"100 מ""ל",false,0,12.90,17.20,true,1,
7290006788481,false,דאו.קרליין 200SUNRISE,קרליין,IL,דאודורנט קרליין,מיליליטרים,200.00,"100 מ""ל",false,0,12.90,6.45,true,1,
7290006788498,false,דאו.קרליין ספרי PURE 200,קרליין,IL,דאודורנט קרליין,מיליליטרים,200.00,"100 מ""ל",false,0,12.90,6.45,true,1,
7290006789617,false,"קרם ""10"" לחות לתלתל 400מ",קרליין,IL,קרליין קרם לשיער,מיליליטרים,400.00,"100 מ""ל",false,0,18.00,4.50,true,1,
7290006789631,false,"קרם ""10"" שיער רגיל400מ""ל",קרליין,IL,קרם לחות לשיער,מיליליטרים,400.00,"100 מ""ל",false,0,18.00,4.50,true,1,
7290006791467,false,סרום להגמשת תלתלים 145מל,קרליין,IL,סרום לתלתלים,מיליליטרים,145.00,"100 מ""ל",false,0,49.40,34.07,true,1,
7290006791870,false,ג'ל שיער לעיצוב חזק500מל,קרליין,,ג'ל לעיצוב שיער,מיליליטרים,500.00,"100 מ""ל",false,0,19.10,3.82,true,1,
7290006822192,false,נקטר חמוציות דיאט 1 ליטר,פריגת,IL,נקטר חמוציות,ליטרים,1.00,ליטר,false,0,11.90,11.90,true,1,
7290006822840,false,מאלטי 1.5 ליטר,קרלסברג ישראל,IL,בירה מאלטי,ליטרים,1.50,ליטר,false,0,8.40,5.60,true,1,
7290006869128,false,לרוויה-לבן 1.5% שומן 1ל',טרה,IL,לרוויה-לבן 1.5%,ליטרים,1.00,ליטר,false,0,11.10,11.10,true,1,
7290006869449,false,"לבן 3% שומן 150 מ""ל",טרה,IL,לבן 3% שומן טרה,מיליליטרים,150.00,"100 מ""ל",false,0,1.05,0.70,true,1,
7290006983152,false,קרוטונים מתובלים למרק400,עינת,IL,קרוטונים מתובלים,גרמים,400.00,100 גרם,false,0,20.80,5.20,true,1,
7290006983176,false,לחמית שיפון 230 גרם,אסם,IL,לחמית שיפון אסם,גרמים,230.00,100 גרם,false,0,9.90,4.30,true,1,
7290006983770,false,עוגת הבית שיש אסם 400 גר,אסם,IL,עוגת שיש,גרמים,400.00,100 גרם,false,0,13.40,3.35,true,1,
7290006983794,false,עוגת הבית תפוז 400 גרם,אסם,IL,עוגת תפוז,גרמים,400.00,100 גרם,false,0,13.40,3.35,true,1,
7290006984647,false,חטיפי פריכונים מלוח 80גר,"פרח תעשיות מזון בע""מ",IL,חטיפי פריכונים,גרמים,80.00,100 גרם,false,0,8.20,10.25,true,1,
7290006992208,false,דייסת מטרנה 8 דגנים 200ג,נסטלה,IL,דייסת מטרנה,גרמים,200.00,100 גרם,false,0,16.80,8.40,true,1,
7290008000826,false,"משחת שיניים ברבי 50 מ""ל",כצט,IL,משחת שיניים ברבי,מיליליטרים,50.00,"100 מ""ל",false,0,12.50,25.00,true,1,
7290008018654,false,"שמפו פינוק לילדים 700מ""ל",יוניליוור,IL,שמפו פינוק,מיליליטרים,700.00,"100 מ""ל",false,0,16.10,2.30,true,1,
7290008021043,false,שמפו פינוק שיער רגיל700מ,יוניליוור,IL,שמפו פינוק,מיליליטרים,700.00,"100 מ""ל",false,0,10.00,1.43,true,1,
7290008021050,false,שמפו פינוק יבש מאוד700מל,יוניליוור,IL,שמפו פינוק,מיליליטרים,700.00,"100 מ""ל",false,0,10.00,1.43,true,1,
7290008021098,false,"שמפו פינוק קשקשים 700מ""ל",יוניליוור,IL,שמפו פינוק,מיליליטרים,700.00,"100 מ""ל",false,0,10.00,1.43,true,1,
7290008021104,false,"מרכך פינוק רגיל 700 מ""ל",יוניליוור,IL,מרכך שיער פינוק,מיליליטרים,700.00,"100 מ""ל",false,0,10.00,1.43,true,1,
7290008021111,false,מרכ.פינוק יבש מאוד 700מל,יוניליוור,IL,מרכך שיער פינוק,מיליליטרים,700.00,"100 מ""ל",false,0,10.00,1.43,true,1,
7290008021128,false,"מרכך פינוק עדין 700 מ""ל",יוניליוור,IL,מרכך שיער פינו,מיליליטרים,700.00,"100 מ""ל",false,0,10.00,1.43,true,1,
7290008021135,false,שמפו פינוק 2ב1- רגיל700מ,יוניליוור,IL,שמפו+מרכך פינוק,מיליליטרים,700.00,"100 מ""ל",false,0,10.00,1.43,true,1,
7290008021142,false,שמפו פינוק 2ב1- יבש 700מ,יוניליוור,IL,שמפו ומרכך פינוק,מיליליטרים,700.00,"100 מ""ל",false,0,10.00,1.43,true,1,
7290008096317,false,משחה פרדונטקס פלואוריד50,"מאסטרפוד אוסטריה בע""מ",GB,משחת שיניים,מיליליטרים,50.00,"100 מ""ל",false,0,23.30,46.60,true,1,
7290008175487,false,לורפק ממרח חמאה,,,לורפק ממרח חמאה,גרמים,250.00,100 גרם,false,0,17.60,7.04,true,1,
7290008175494,false,ממרח חמאה,,DK,ממרח חמאה,גרמים,250.00,100 גרם,false,0,17.60,7.04,true,1,
7290008175814,false,פטריות חתוכות 400 גרם,,IL,פטריות חתוכות 400 גרם,גרמים,400.00,100 גרם,false,0,4.60,1.15,true,1,
7290008190909,false,מיני קוקיס שוק.צ'יפס600ג,כרמית,IL,מיני קוקיס,גרמים,600.00,100 גרם,false,0,16.90,2.82,true,1,
7290008213493,false,משחה קולגייט להלבנה 100מ,קולגייט-פלמוליב,PL,משחה קולגייט להלבנה 100מ,מיליליטרים,100.00,"100 מ""ל",false,0,12.90,12.90,true,1,
7290008263610,false,קורנפלקס אורגני 375 גרם,הרדוף,IL,קורנפלקס אורגני,גרמים,375.00,100 גרם,false,0,18.80,5.01,true,1,
7290008300087,false,שקיות אשפה,,,שקיות אשפה,יחידה,1.00,יחידה,false,0,19.70,19.70,true,1,
7290008328463,false,ערמונים אורג.קל קלוי100ג,בייג'ינג לוריין פודסטף,CN,ערמונים אורגניים,גרמים,100.00,100 גרם,false,1,8.90,8.90,true,1,
7290008328913,false,סילאן טבעי טהור,,IL,סילאן טבעי טהור,גרמים,900.00,100 גרם,false,0,23.70,2.63,true,1,
7290008333115,false,אבקת ג'לטין טהור 28 גרם,מאיר עזרא ובניו,IL,אבקת ג'לטין,גרמים,28.00,100 גרם,false,0,11.10,39.64,true,1,
7290008333832,false,שיפודי פרגיות טבעי 450גר,טיבון ויל - נטו,IL,שיפודי פרגיות,גרמים,450.00,100 גרם,false,0,37.80,8.40,true,1,
7290008335515,false,אגרול+רוטב חמוץ/מתוק600ג,שלושת האופים,IL,אגרול+רוטב חמוץ/מתוק600ג,גרמים,600.00,100 גרם,false,0,16.80,2.80,true,1,
7290008335553,false,קובה במילוי בשר 600 גרם,שלושת האופים,IL,קובה בשר 600גר,גרמים,600.00,100 גרם,false,0,16.80,2.80,true,1,
7290008335560,false,סיגרים במילוי בשר 600גרם,שלושת האופים,IL,סיגרים במילוי בשר 600גרם,גרמים,600.00,100 גרם,false,0,16.80,2.80,true,1,
7290008335577,false,"פסטלים במילוי תפו""א 600ג",שלושת האופים,IL,"פסטלים במילוי תפו""א 600ג",גרמים,600.00,100 גרם,false,0,16.80,2.80,true,1,
7290008335584,false,"סיגרים במילוי תפו""א 600ג",שלושת האופים,IL,"סיגרים במילוי תפו""א 600ג",גרמים,600.00,100 גרם,false,0,21.90,3.65,true,1,
7290008343466,false,בצק פילו 500 גרם,"שגמור בע""מ",IL,בצק פילו 500 גרם,גרמים,500.00,100 גרם,false,0,23.10,4.62,true,1,
7290008343503,false,ג'חנון אפוי 650 גרם,אופרה,IL,ג'חנון אפוי 650 גרם,גרמים,650.00,100 גרם,false,0,25.00,3.85,true,1,
7290008343510,false,מיני ג'חנון אפוי 650 גרם,אופרה,IL,מיני ג'חנון אפוי 650 גרם,גרמים,650.00,100 גרם,false,0,26.00,4.00,true,1,
7290008343565,false,סיגרים תפו'א 1 ק'ג שלוש,שלושת האופים,IL,סיגרים תפו'א 1 ק'ג שלוש,קילוגרמים,1.00,"ק""ג",false,0,27.70,27.70,true,1,
7290008345149,false,מטיאס פרובנסל 240 גרם,דלידג - נטו,IL,מטיאס פרובנסל,גרמים,240.00,100 גרם,false,0,24.30,10.13,true,1,
7290008345576,false,איקרה ביתית לבנה 300 גרם,דלידג - נטו,IL,איקרה ביתית לבנה,גרמים,300.00,100 גרם,false,0,18.20,6.07,true,1,
7290008347877,false,ג'לטין בקר 28 גרם,נטו,IT,ג'לטין בקר 28 גרם,גרמים,28.00,100 גרם,false,0,9.30,33.21,true,1,
7290008367998,false,עוגיות שושנים משקל,גידרון,IL,עוגיות שושנים,קילוגרמים,0.00,"ק""ג",true,0,36.00,36.00,true,1,
7290008409049,false,מיני דק שניצל שומשום,תנובה,IL,מיני דק שניצל שומשום,גרמים,500.00,100 גרם,false,0,29.50,5.90,true,1,
7290008409124,false,שניצל ג'ונגל 700 גרם,תנובה,IL,שניצל ג'ונגל 700 גרם,גרמים,700.00,100 גרם,false,0,37.60,5.37,true,1,
7290008409216,false,שניצל דק דק פריך 700 גרם,תנובה,IL,שניצל דק דק פריך 700 גרם,גרמים,700.00,100 גרם,false,0,44.90,6.41,true,1,
7290008409223,false,שניצל דק מתובל 700 גרם,תנובה,IL,שניצל דק מתובל 700 גרם,גרמים,700.00,100 גרם,false,0,44.90,6.41,true,1,
7290008409308,false,כנפי עוף בתיבול גריל400ג,תנובה,IL,כנפי עוף בתיבול גריל400ג,גרמים,400.00,100 גרם,false,0,22.90,5.73,true,1,
7290008409377,false,שווארמה פרגיות 400 גרם,תנובה,IL,שווארמה פרגיות 400 גרם,יחידה,1.00,יחידה,false,0,38.70,38.70,true,1,
7290008409391,false,כדורוני שניצל שומשום 500,תנובה,IL,כדורוני שניצל שומשום 500,גרמים,500.00,100 גרם,false,0,31.90,6.38,true,1,
7290008409407,false,שניצל דק בציפוי צ'יפס 00,תנובה,IL,שניצל דק בציפוי צ'יפס 00,גרמים,700.00,100 גרם,false,0,44.90,6.41,true,1,
7290008409421,false,גריל חזה עוף טרי 420 גרם,תנובה,IL,גריל חזה עוף טרי 420 גרם,גרמים,420.00,100 גרם,false,0,37.70,8.98,true,1,
7290008409452,false,"שישליק עוף אמיתי ""מאמעוף",תנובה,IL,"שישליק עוף אמיתי ""מאמעוף",גרמים,400.00,100 גרם,false,0,37.70,9.43,true,1,
7290008409476,false,"קציצות עוף""מאמאעוף"" 480",תנובה,IL,"קציצות עוף""מאמאעוף"" 480",גרמים,480.00,100 גרם,false,0,27.30,5.69,true,1,
7290008409551,false,שניצל עוף אמיתי מעודן700,תנובה,IL,שניצל עוף אמיתי מעודן700,גרמים,700.00,100 גרם,false,0,44.50,6.36,true,1,
7290008409568,false,שניצל ציפס אמיתי 700 גרם,תנובה,IL,שניצל ציפס אמיתי 700 גרם,גרמים,700.00,100 גרם,false,0,47.00,6.71,true,1,
7290008409575,false,פילה עוף שומשום 700 גרם,תנובה,IL,פילה עוף שומשום 700 גרם,גרמים,700.00,100 גרם,false,0,46.90,6.70,true,1,
7290008409582,false,שניצל אמיתי ביתי 700 גרם,תנובה,IL,שניצל אמיתי ביתי 700 גרם,גרמים,700.00,100 גרם,false,0,44.50,6.36,true,1,
7290008409643,false,פילה עוף בתיבול על האש 0,תנובה,IL,פילה עוף בתיבול על האש 0,גרמים,600.00,100 גרם,false,0,47.70,7.95,true,1,
7290008443616,false,מרכך נקה 7 לשיר יבש 750מ,אמיליה קוסמטיקס,IL,קונדישנר נקה 7,מיליליטרים,750.00,"100 מ""ל",false,0,10.00,1.33,true,1,
7290008443630,false,שמפו נקה7 שיער מתולתל750,אמיליה קוסמטיקס,IL,שמפו נקה 7,מיליליטרים,750.00,"100 מ""ל",false,0,10.00,1.33,true,1,
7290008443647,false,מרכך נקה7 שיער מתולתל750,אמיליה קוסמטיקס,IL,קונדישנר נקה 7,מיליליטרים,750.00,"100 מ""ל",false,0,10.00,1.33,true,1,
7290008462204,false,םרג 380 ןו'זיד לדרח,וטנ,FR,חרדל דיז'ון,גרמים,380.00,100 גרם,false,0,12.90,3.39,true,1,
7290008462259,false,חרדל דיז'ון,,FR,חרדל דיז'ון,גרמים,380.00,100 גרם,false,0,14.90,3.92,true,1,
7290008464000,false,סבן אפ 1.5*6 ליטר,טמפו,IL,סבן אפ 6 יחידות,ליטרים,9.00,ליטר,false,0,23.90,2.66,true,1,
7290008464017,false,סבן אפ דיאט 1.5*6 ליטר,טמפו,IL,סבן אפ דיאט 6 יח,ליטרים,9.00,ליטר,false,0,26.90,2.99,true,1,
7290008464130,false,בירה גולדסטאר6יח,,IL,בירה גולדסטאר6יח,ליטרים,1.98,ליטר,false,0,49.90,25.20,true,1,
7290008464383,false,"סבנ אפ פחית 330 מ""ל",טמפו,IL,סבנ אפ בפחית,מיליליטרים,330.00,"100 מ""ל",false,0,6.40,1.94,true,1,
7290008464390,false,"דיאט סבנ אפ פחית 330 מ""ל",טמפו,IL,דיאט סבן אפ פחית,מיליליטרים,330.00,"100 מ""ל",false,0,6.40,1.94,true,1,
7290008464406,false,"פפסי מקס פחית 330 מ""ל",טמפו,IL,פפסי מקס פחית,מיליליטרים,330.00,"100 מ""ל",false,0,6.40,1.94,true,1,
7290008464512,false,ג'אמפ מוגז אשכ.אדומה1.5ל,טמפו,IL,ג'אמפ אשכוליות,ליטרים,1.50,ליטר,false,1,6.40,4.27,true,1,
7290008464529,false,ג'אמפ מוגז ענבים 1.5ל,טמפו,IL,ג'אמפ ענבים,ליטרים,1.50,ליטר,false,1,6.40,4.27,true,1,
7290008464536,false,ג'אמפ מוגז תפוחים 1.5ל,טמפו,IL,ג'אמפ תפוחים,ליטרים,1.50,ליטר,false,1,6.40,4.27,true,1,
7290008464604,false,"בירה הייניקן פחית 500מ""ל",היינקן,IL,בירה היינקן פחית,מיליליטרים,500.00,"100 מ""ל",false,0,12.90,2.58,true,1,
7290008464697,false,בירה מכבי 6 יח,,IL,בירה מכבי 6 יח,ליטרים,1.98,ליטר,false,0,37.10,18.74,true,1,
7290008464741,false,"בירה גולדסטאר בק330*6מ""ל",טמפו,IL,גולדסטאר 6 יח',ליטרים,1.98,ליטר,false,0,39.90,20.15,true,1,
7290008464987,false,סודה טמפו 1.5*6 ליטר,טמפו,IL,סודה טמפו שישיה,ליטרים,9.00,ליטר,false,0,16.80,1.87,true,1,
7290008470766,false,אורביט סטיקס פפרמינ13*8ג,ריגלי,FR,אורביט סטיקס 8יח,גרמים,104.00,100 גרם,false,0,16.10,15.48,true,1,
7290008493390,false,גריסיני טבעי 200 גרם,מאיר את ביגל,IL,גריסיני טבעי,גרמים,200.00,100 גרם,false,0,10.80,5.40,true,1,
7290008493406,false,גריסיני שומשום 175 גרם,מאיר את ביגל,IL,גריסיני שומשום,גרמים,175.00,100 גרם,false,0,10.80,6.17,true,1,
7290008493413,false,פירורי גריסיני 200 גרם,מאיר את ביגל,IL,פירורי גריסיני,גרמים,200.00,100 גרם,false,0,5.00,2.50,true,1,
7290008493499,false,בייגלה שטוחל'ה מלח350גרם,מאיר את ביגל,IL,בייגלה שטוחל'ה,גרמים,350.00,100 גרם,false,0,7.90,2.26,true,1,
7290008493505,false,בייגלה שטוחל'ה שומשום300,מאיר את ביגל,IL,בייגלה שטוחלה,גרמים,300.00,100 גרם,false,0,7.90,2.63,true,1,
7290008493574,false,בייגלה שטוחלה פינוקים300,מאיר את ביגל,IL,שטוחלה פינוקים,גרמים,300.00,100 גרם,false,0,7.90,2.63,true,1,
7290008493710,false,פירורי גריסיני זהב 200ג,מאיר את ביגל,IL,פירורי גריסיני,גרמים,200.00,100 גרם,false,1,5.00,2.50,true,1,
7290008515221,false,עלים לסיגרים 500 גרם,יסמין,IL,עלים לסיגרים,גרמים,500.00,100 גרם,false,0,12.80,2.56,true,1,
7290008690164,false,ק.קולה לימון דיאט1.5ליטר,החברה המרכזית לייצור משקאות,IL,קולה דיאט לימון,ליטרים,1.50,ליטר,false,0,7.70,5.13,true,1,
7290008690713,false,נקטר חמוציות טבעי 1 ליטר,פריגת,IL,נקטר חמוציות,ליטרים,1.00,ליטר,false,0,11.90,11.90,true,1,
7290008693134,false,דניאלה תות מוקצף5% 150מ,שטראוס,IL,דניאלה תות מוקצף,מיליליטרים,150.00,"100 מ""ל",false,0,4.30,2.87,true,1,
7290008711845,false,קרם גוף קליאו ורוד 400 מ,"ביסקול בע""מ",IL,קרם גוף קליאו,מיליליטרים,400.00,"100 מ""ל",false,0,9.90,2.48,true,1,
7290008713016,false,לחם שבעה דגנים קל 500גרם,מאפיית שלמה א. אנג'ל,IL,לחם שבעה דגנים קל 500גרם,גרמים,500.00,100 גרם,false,0,14.80,2.96,true,1,
7290008713696,false,הלחמניה המלאה 75*6 גרם,מאפיית שלמה א. אנג'ל,IL,הלחמניה המלאה 75*6 גרם,גרמים,450.00,100 גרם,false,0,10.90,2.42,true,1,
7290008713900,false,לחם שיפון עגול 750 גרם,מאפיית שלמה א. אנג'ל,IL,לחם שיפון עגול 750 גרם,גרמים,750.00,100 גרם,false,0,12.90,1.72,true,1,
7290008713917,false,לחם שיפון כהה 750 גרם,מאפיית שלמה א. אנג'ל,IL,לחם שיפון כהה 750 גרם,גרמים,750.00,100 גרם,false,0,12.90,1.72,true,1,
7290008713924,false,לחם שיפון+גרעינ.דלעת750ג,מאפיית שלמה א. אנג'ל,IL,לחם שיפון+גרעינ.דלעת750ג,גרמים,750.00,100 גרם,false,0,12.90,1.72,true,1,
7290008745239,false,תפוצ'יפס קראנצ' טבעי50ג,עלית,IL,תפוצ'יפס קראנצ',גרמים,50.00,100 גרם,false,0,4.10,8.20,true,1,
7290008746038,false,בונ.לב בינוני חלב 162גרם,עלית,IL,בונבוניירה לב,גרמים,162.00,100 גרם,false,0,29.70,18.33,true,1,
7290008747424,false,שוקולד במילוי תות 100גרם,עלית,IL,שוקולד במלוי תות,גרמים,100.00,100 גרם,false,0,6.60,6.60,true,1,
7290008747516,false,צ'יטוס איקס עיגול 15*10ג,עלית,IL,צ'יטוס 10 יח',גרמים,150.00,100 גרם,false,0,10.40,6.93,true,1,
7290008748384,false,שוקולד ספלנדיד מריר100גר,עלית,IL,שוקולד ספלנדיד,גרמים,100.00,100 גרם,false,0,11.90,11.90,true,1,
7290008750264,false,מסטיק דובדבן מגדים 28גרם,עלית,IL,מסטיק מאסט,גרמים,28.00,100 גרם,false,0,4.60,16.43,true,1,
7290008752244,false,תפוצ'יפס קראנצ' גריל 50ג,עלית,IL,תפוצ'יפס גריל,גרמים,50.00,100 גרם,false,0,4.10,8.20,true,1,
7290008753111,false,תפוצ'יפס מקסיקני 50 גרם,עלית,IL,תפוצ'יפס קראנצ',גרמים,50.00,100 גרם,false,0,4.10,8.20,true,1,
7290008753982,false,שוקולד חלב אוורירי 85גרם,עלית,IL,שוקולד אוורירי,גרמים,85.00,100 גרם,false,0,6.60,7.76,true,1,
7290008754415,false,מאסט LL עדין ספירמינט28ג,עלית,IL,מסטיק מאסט LL,גרמים,28.00,100 גרם,false,0,4.60,16.43,true,1,
7290008754422,false,LL MUST קלאסי פפרמינט28ג,עלית,IL,מסטיק LL MUST,גרמים,28.00,100 גרם,false,0,4.60,16.43,true,1,
7290008775731,false,"רוטב וינגרט קלאסי 290מ""ל",אסם,IL,רוטב ויניגרט אסם,מיליליטרים,290.00,"100 מ""ל",false,0,11.50,3.97,true,1,
7290008775816,false,ערגליות שוקו 300 גרם,אסם,IL,ערגליות שוקו,גרמים,300.00,100 גרם,false,0,11.50,3.83,true,1,
7290008775823,false,ערגליות תות 300 גרם,אסם,IL,ערגליות תות 300 גרם,גרמים,300.00,100 גרם,false,0,11.50,3.83,true,1,
7290008801157,false,מרלו סלקטד,,,מרלו סלקטד,מיליליטרים,750.00,"100 מ""ל",false,0,24.90,3.32,true,1,
7290008801430,false,מיץ ענבים תירוש אדום750מ,יקבי כרמל,IL,תירוש כרמל אדום,מיליליטרים,750.00,"100 מ""ל",false,0,15.80,2.11,true,1,
7290008801454,false,"יין היובל ישן נושן650מ""ל",יקבי כרמל,IL,יין ישן נושן,מיליליטרים,650.00,"100 מ""ל",false,0,18.10,2.78,true,1,
7290008801522,false,"יין קונקורד 750מ""ל",יקבי כרמל,IL,יין קונקורד,מיליליטרים,750.00,"100 מ""ל",false,0,19.90,2.65,true,1,
7290008801843,false,קברנה סוביניון,,,קברנה סוביניון,מיליליטרים,750.00,"100 מ""ל",false,0,24.90,3.32,true,1,
7290008801850,false,אמרלד ריזלינג סלקטד750מל,יקבי כרמל,IL,אמרלד ריזלינג,מיליליטרים,750.00,"100 מ""ל",false,0,24.90,3.32,true,1,
7290008802512,false,"יין אדום יבש וינו 750מ""ל",יקבי כרמל,IL,יין אדום יבש,מיליליטרים,750.00,"100 מ""ל",false,0,16.90,2.25,true,1,
7290008802895,false,קברנה סוביניוןP.C. 750מל,יקבי כרמל,IL,קברנה סוביניון,מיליליטרים,750.00,"100 מ""ל",false,0,37.90,5.05,true,1,
7290008804332,false,"שיראז אדום יבש 750P.Cמ""ל",יקבי כרמל,IL,שיראז אדום יבש,מיליליטרים,750.00,"100 מ""ל",false,0,37.90,5.05,true,1,
7290008804417,false,יאנג קריניאנו,,,יאנג קריניאנו,מיליליטרים,750.00,"100 מ""ל",false,0,19.90,2.65,true,1,
7290008804721,false,"סוביניון בלאן גליל750מ""ל",יקבי כרמל,IL,"סוביניון בלאן גליל750מ""ל",מיליליטרים,750.00,"100 מ""ל",false,0,55.20,7.36,true,1,
7290008804769,false,קברנה מרלו שיראז סלקט750,יקבי כרמל,,קברנה מרלו שיראז,מיליליטרים,750.00,"100 מ""ל",false,0,24.90,3.32,true,1,
7290008805520,false,קברנה מרלו סלקטד,,,קברנה מרלו סלקטד,מיליליטרים,750.00,"100 מ""ל",false,0,24.90,3.32,true,1,
7290008805964,false,קברנה שיראז סדרה אזורית,יקבי כרמל,IL,קברנה שיראז,מיליליטרים,750.00,"100 מ""ל",false,0,70.30,9.37,true,1,
7290008806268,false,גלידה קורנטו ביס 12יח',שטראוס,IL,גלידה קורנטו ביס 12יח',גרמים,144.00,100 גרם,false,0,35.90,24.93,true,1,
7290008806909,false,גלידה לייט שוקו וניל1.33,שטראוס,IL,גלידה לייט שוקו וניל1.33,ליטרים,1.33,ליטר,false,0,20.90,15.71,true,1,
7290008806961,false,קרמיסימו פרה שוקולד1.33ל,שטראוס,IL,קרמיסימו פרה שוקולד1.33ל,ליטרים,1.33,ליטר,false,0,20.90,15.71,true,1,
7290008806985,false,נשנושי שוקווניל פרווה60י,שטראוס,IL,נשנושי שוקווניל פרווה60י,גרמים,630.00,100 גרם,false,0,55.00,8.73,true,1,
7290008807067,false,"טבע מרלו אדום יבש 750מ""ל",יקבי בנימינה,IL,טבע מרלו,מיליליטרים,750.00,"100 מ""ל",false,0,24.90,3.32,true,1,
7290008814591,false,מגב חד להב,,,מגב חד להב,יחידה,1.00,יחידה,false,0,30.80,30.80,true,1,
7290008814645,false,מגב שיש,,,מגב שיש,יחידה,1.00,יחידה,false,0,10.10,10.10,true,1,
7290008814690,false,מברשת שטיחים,,,מברשת שטיחים,יחידה,1.00,יחידה,false,0,17.90,17.90,true,1,
7290008814768,false,כף אשפה+גומי,,,כף אשפה+גומי,יחידה,1.00,יחידה,false,0,7.10,7.10,true,1,
7290008846219,false,שמן זית כתית מעולה 750מל,חלוצה,IL,שמן זית כתית מעולה 750מל,מיליליטרים,750.00,"100 מ""ל",false,0,41.50,5.53,true,1,
7290008858045,false,עלים לקרם שניט 400 גרם,אשבל,IL,עלים לקרם שניט,גרמים,400.00,100 גרם,false,0,23.20,5.80,true,1,
7290008909167,false,"משק""ל פריגת ענבי מרלו1.5",פריגת,IL,פריגת ענבים,ליטרים,1.50,ליטר,false,0,6.90,4.60,true,1,
7290008909440,false,פאנטה אורנג' מנגו 1.5 ל',החברה המרכזית לייצור משקאות,IL,פאנטה אורנג',ליטרים,1.50,ליטר,false,0,7.60,5.07,true,1,
7290008909853,false,"קוקה קולה ZERO 500 מ""ל",החברה המרכזית לייצור משקאות,IL,קוקה קולה ZERO,מיליליטרים,500.00,"100 מ""ל",false,0,7.90,1.58,true,1,
7290008909860,false,קוקה קולה ZERO 1.5 ליטר,החברה המרכזית לייצור משקאות,IL,קוקה קולה ZERO,ליטרים,1.50,ליטר,false,0,7.60,5.07,true,1,
7290008909877,false,קוקה קולה זירו 1.5*6 ל',החברה המרכזית לייצור משקאות,IL,קולה זירו 6 יח,ליטרים,9.00,ליטר,false,0,38.90,4.32,true,1,
7290008975551,false,מטרנה מהדרין שלב3 700גרם,נסטלה,IL,מטרנה מהדרין 3,גרמים,700.00,100 גרם,false,0,54.90,7.84,true,1,
7290009127485,true,אנטריקוט טרי חלק אנגוס,פניסקו,AR,אנטריקוט טרי חלק,קילוגרמים,0.00,"ק""ג",true,0,149.90,149.90,true,1,
7290009127508,true,צלעות טרי חלק אנגוס לקג,פניסקו,AR,צלעות טרי חלק,קילוגרמים,0.00,"ק""ג",true,0,79.90,79.90,true,1,
7290009127676,true,כתף טרי חלק אנגוס לקג,פניסקו,AR,כתף טרי חלק,קילוגרמים,0.00,"ק""ג",true,0,84.90,84.90,true,1,
7290009127874,true,צלי כתף טרי חלק אנגוס לק,פניסקו,AR,צלי כתף טרי חלק,קילוגרמים,0.00,"ק""ג",true,0,89.90,89.90,true,1,
7290009330168,true,פילה מדומה טרי חלק אנגוס,שופרסל,IL,פילה מדומה טרי ח,קילוגרמים,0.00,"ק""ג",true,1,89.90,89.90,true,1,
7290009330540,true,שריר טרי חלק אנגוס קג,שופרסל,IL,שריר טרי חלק,קילוגרמים,0.00,"ק""ג",true,1,69.90,69.90,true,1,
7290009330854,true,צוואר טרי חלק אנגוס קג,שופרסל,IL,צוואר טרי חלק,קילוגרמים,0.00,"ק""ג",true,1,69.90,69.90,true,1,
7290009395037,true,כבד עוף טרי תפזורת עצמי,שונות,IL,כבד עוף טרי,קילוגרמים,0.00,"ק""ג",true,0,19.90,19.90,true,1,
7290009395044,true,לב עוף טרי תפזורת עצמי,שונות,IL,לב עוף טרי,קילוגרמים,0.00,"ק""ג",true,0,26.90,26.90,true,1,
7290009395051,true,קורקבן עוף טרי ת.עצמי,שונות,IL,קרקבן עוף טרי,קילוגרמים,0.00,"ק""ג",true,0,11.90,11.90,true,1,
7290009397642,true,חמישית מאפין שוקו 200גרם,גידרון,IL,חמישית מאפין,גרמים,200.00,100 גרם,false,0,9.00,4.50,true,1,
7290009397697,true,מאפין שוק.צ'יפס 5י גדרון,גידרון,IL,חמישית מאפין,גרמים,200.00,100 גרם,false,0,9.00,4.50,true,1,
7290009398021,true,ביס באגט לבן,גידרון,IL,ביס באגט לבן,יחידה,1.00,יחידה,false,0,1.60,1.60,true,1,
7290009398038,true,ג'בטינה קוקטיל לבן,גידרון,IL,ג'בטינה קוקטיל,יחידה,1.00,יחידה,false,0,1.60,1.60,true,1,
7290009398137,true,מקלות בייגלה,גידרון,IL,מקלות בייגלה,יחידה,1.00,יחידה,false,0,3.50,3.50,true,1,
7290009398670,true,אוזני המן שזיפים במשקל,גידרון,IL,אוזני המן שזיפים,קילוגרמים,0.00,"ק""ג",true,0,44.00,44.00,true,1,
7290009398786,true,מארז פיתות אסלית 5יח100*,מאפיית אנג'ל,IL,חמישיית פיתות,גרמים,500.00,100 גרם,false,0,7.90,1.58,true,1,
7290009398809,true,פרס בורגר אגוזים 500 גרם,גידרון,IL,פרס בורגר אגוז,יחידה,1.00,יחידה,false,0,26.80,26.80,true,1,
7290009399165,true,לחמניה קלה,גידרון,IL,לחמניה קלה,יחידה,1.00,יחידה,false,0,3.50,3.50,true,1,
7290009399288,true,פס גבינה אפוי,גידרון,,פס גבינה אפוי,יחידה,1.00,יחידה,false,0,38.70,38.70,true,1,
7290009399431,true,עוגיות שיבולת שועל במשקל,גידרון,IL,עוגיות ש.שועל,קילוגרמים,0.00,"ק""ג",true,0,40.00,40.00,true,1,
7290009399608,true,עוג.מרוקאי ללא סוכר משקל,גידרון,IL,עוגיות מרוקאי,קילוגרמים,0.00,"ק""ג",true,0,40.00,40.00,true,1,
7290009399806,true,עוגת קרנץ טעם שוקולד 600,גידרון,,עוגת קרנץ 600גר,גרמים,600.00,100 גרם,false,0,19.90,3.32,true,1,
7290009401790,true,מארז פיתה כפרית 5יח100*ג,מאפיית אנג'ל,IL,פיתה כפרית 5יח,גרמים,500.00,100 גרם,false,0,9.00,1.80,true,1,
7290009950120,true,מים מינרליים,,,מים מינרליים,ליטרים,1.50,ליטר,false,0,7.00,4.67,true,1,
7290009950700,true,פיתה מיני ק.מלא קלה50*5ג,מעיין תעשיות מאפה,IL,פיתה מיני קלה5יח,גרמים,250.00,100 גרם,false,0,9.80,3.92,true,1,
7290009950892,true,קרואסון צרפתי חמאה גדול,שופרסל,,קרואסון צרפתי חמאה גדול,יחידה,1.00,יחידה,false,0,5.10,5.10,true,1,
7290009950915,true,קרואסון צרפתי שוק. גדול,שופרסל,IL,קרואסון צרפתי שוק. גדול,יחידה,1.00,יחידה,false,0,5.10,5.10,true,1,
7290009951127,true,"שוסון תפו""ע",,IL,"שוסון תפו""ע",יחידה,1.00,יחידה,false,0,5.00,5.00,true,1,
7290009951134,true,מיני שוסון,,IL,מיני שוסון,יחידה,1.00,יחידה,false,0,3.00,3.00,true,1,
7290009951899,true,מאפה מלוח משקל,גידרון,IL,מאפה מלוח משקל,קילוגרמים,0.00,"ק""ג",true,0,35.00,35.00,true,1,
7290009951912,true,מאפה מתוק משקל,גידרון,IL,מאפה מתוק משקל,קילוגרמים,0.00,"ק""ג",true,0,35.00,35.00,true,1,
7290009952063,true,מים מינרליים מצוננים500מ,,,מים מינרליים מצוננים500מ,מיליליטרים,500.00,"100 מ""ל",false,0,5.90,1.18,true,1,
7290009954234,true,נועם גב.צהובה9%חריץ משקל,טרה,IL,גבינת נועם 9% ריץ משקל,קילוגרמים,0.00,"ק""ג",true,0,70.00,70.00,true,1,
7290009954241,true,נועם ג.צהובה22%חריץ משקל,"טרופיקל דגיל תעשיות קוסמטיקה בע""מ",IL,גבינת נועם 22% ריץ משקל,קילוגרמים,0.00,"ק""ג",true,0,37.90,37.90,true,1,
7290009954258,true,נועם ג.צהובה28%חריץ משקל,י. מלכי מוצרים,IL,גבינת נועם 28% ריץ משקל,קילוגרמים,0.00,"ק""ג",true,0,39.90,39.90,true,1,
7290009954357,true,גבינת עמק מגורדת,,IL,גבינת עמק מגורדת,קילוגרמים,0.00,"ק""ג",true,0,41.30,41.30,true,1,
7290009954562,true,נועם 22% מגורדת במשקל,טרה,IL,נועם מגורדת 22%,קילוגרמים,0.00,"ק""ג",true,0,37.90,37.90,true,1,
7290009955187,true,פסטרמה מעושנת שופרסל קג,עוף טוב,IL,פסטרמה מעושנת,קילוגרמים,0.00,"ק""ג",true,0,68.00,68.00,true,1,
7290009955217,true,"סלמי קוניאק שופרסל ק""ג",עוף טוב,IL,סלמי קוניאק,קילוגרמים,0.00,"ק""ג",true,0,58.00,58.00,true,1,
7290009955224,true,"נקניק תה שופרסל ק""ג",עוף טוב,IL,נקניק תה,קילוגרמים,0.00,"ק""ג",true,0,39.00,39.00,true,1,
7290009955231,true,"סלמי איטלקי שופרסל ק""ג",עוף טוב,IL,סלמי איטלקי,קילוגרמים,0.00,"ק""ג",true,0,58.00,58.00,true,1,
7290009955255,true,חזה הודו דבש נתח שלם שופ,עוף טוב,IL,חזה הודו דבש נתח שלם שופ,קילוגרמים,0.00,"ק""ג",true,0,68.00,68.00,true,1,
7290009955262,true,חזה הודו ברביקיו נתח שלם,עוף טוב,IL,חזה הודו ברביקיו נתח שלם,קילוגרמים,0.00,"ק""ג",true,0,68.00,68.00,true,1,
7290009955293,true,ג.צהובה ח.ק שופר 23%משקל,ברגלנד מילך אי ג'ן,AT,גבינה צהובה,קילוגרמים,0.00,"ק""ג",true,1,37.00,37.00,true,1,
7290009955309,true,גב.פרמז'ן27% שופרסל משקל,ז'נטי אס.פי.אי,IT,גבינת פרמז'ן,קילוגרמים,0.00,"ק""ג",true,1,99.00,99.00,true,1,
7290009955330,true,גב.מוצרלה21% שופרסל משקל,אס סי מודסט,LE,גבינה מוצרלה 21%,קילוגרמים,0.00,"ק""ג",true,1,59.00,59.00,true,1,
7290009955385,true,גב.צהובה מגורדת 23% משקל,ברגלנד מילך אי ג'ן,AT,גבינה מגורדת23%,קילוגרמים,0.00,"ק""ג",true,1,37.00,37.00,true,1,
7290009955422,true,גבינה צהובה 28% משקל,ברגלנדמילך,AT,גבינה צהובה 28%,קילוגרמים,0.00,"ק""ג",true,1,37.00,37.00,true,1,
7290009955491,true,גבינה צהובה ח.קשה9% משקל,ברגלנדמילך,AT,גבינה צהובה 9%,קילוגרמים,0.00,"ק""ג",true,1,50.00,50.00,true,1,
7290009955545,true,גבינת אמנטל 26% במשקל,ברגלנדמילך,AT,גבינת אמנטל,קילוגרמים,0.00,"ק""ג",true,1,74.00,74.00,true,1,
7290009955774,true,גבינת גאודה 28% משקל,אי וואר,NL,גבינת גאודה 28%,קילוגרמים,0.00,"ק""ג",true,1,49.00,49.00,true,1,
7290010002023,false,כורכום הודי טחון 100 גרם,א.ל ייצור ושיווק תבלינים,IL,כורכום טחון,גרמים,100.00,100 גרם,false,0,11.30,11.30,true,1,
7290010002092,false,פלפל שחור גרוס דק 90 גרם,א.ל ייצור ושיווק תבלינים,IL,פלפל שחור גרוס,גרמים,90.00,100 גרם,false,0,16.20,18.00,true,1,
7290010002108,false,פלפל שחור גרוס גס 90 גרם,א.ל ייצור ושיווק תבלינים,IL,פלפל שחור גרוס,גרמים,90.00,100 גרם,false,0,16.20,18.00,true,1,
7290010002146,false,פפריקה מרוקאית מתוקה100ג,א.ל ייצור ושיווק תבלינים,IL,פפריקה מרוקאית,גרמים,100.00,100 גרם,false,0,11.30,11.30,true,1,
7290010002214,false,צ'ילי מקסיקני גרוס 80גרם,א.ל ייצור ושיווק תבלינים,IL,צ'ילי מקסיקני,גרמים,80.00,100 גרם,false,0,11.30,14.13,true,1,
7290010002313,false,תבלין ראס אל חנות 100גרם,א.ל ייצור ושיווק תבלינים,IL,תבלין לקציצות,גרמים,100.00,100 גרם,false,0,11.30,11.30,true,1,
7290010002320,false,תבלין גריל עוף 100 גרם,א.ל ייצור ושיווק תבלינים,IL,תבלין גריל עוף,גרמים,100.00,100 גרם,false,0,9.80,9.80,true,1,
7290010002498,false,שום גבישי 120 גרם,א.ל ייצור ושיווק תבלינים,IL,שום גבישי,גרמים,120.00,100 גרם,false,0,11.30,9.42,true,1,
7290010023141,false,חל.לימונענע גן קסום25שק',ויסוצקי,IL,חליטת לימונענע,גרמים,55.00,100 גרם,false,0,13.90,25.27,true,1,
7290010045006,false,עוגיות חמאה פריכות280גרם,לחמי,IL,עוגיות חמאה,גרמים,280.00,100 גרם,false,0,13.90,4.96,true,1,
7290010045051,false,עוגיות מלבן שקדים 280גרם,לחמי,IL,עוגיות שקדים,גרמים,280.00,100 גרם,false,0,13.90,4.96,true,1,
7290010049028,false,תרכיז פטל מרמולייט 1ליטר,אשבל,IL,תרכיז דיט פטל,ליטרים,1.00,ליטר,false,0,11.80,11.80,true,1,
7290010049806,false,"עוג.סנדויץ ללת""ס וניל150",אפיפית,IL,עוגיות סנדוויץ,גרמים,150.00,100 גרם,false,0,8.40,5.60,true,1,
7290010065271,false,פרינוק מחית,,CZ,פרינוק מחית,גרמים,130.00,100 גרם,false,0,5.20,4.00,true,1,
7290010065295,false,פרינוק מחית,,IL,פרינוק מחית,גרמים,130.00,100 גרם,false,0,5.20,4.00,true,1,
7290010065301,false,פרינוק מחית,,CZ,פרינוק מחית,גרמים,130.00,100 גרם,false,0,5.20,4.00,true,1,
7290010065325,false,פרינוק ג'וניור,,CZ,פרינוק ג'וניור,גרמים,190.00,100 גרם,false,0,5.90,3.11,true,1,
7290010065332,false,"פרינוק ג'ונ.תפו""ע+בננ190",רנדי,IL,פריניוק ג'וניור,גרמים,190.00,100 גרם,false,0,5.90,3.11,true,1,
7290010065349,false,פרינוק ג'ונ.סלט פירות190,רנדי,IL,פריניק ג'וניור,גרמים,190.00,100 גרם,false,0,5.90,3.11,true,1,
7290010065745,false,פרינוק ג'וניור,,CZ,פרינוק ג'וניור,גרמים,190.00,100 גרם,false,0,5.90,3.11,true,1,
7290010066025,false,נתחי טונה בהירה בשמן158ג,תעשיות פילטונה,IL,נתחי טונה בהירה בשמן158ג,גרמים,158.00,100 גרם,false,0,6.80,4.30,true,1,
7290010066513,false,טונה בשמן צמחי 158*4 גרם,תעשיות פילטונה,IL,טונה בשמן 4 יח,גרמים,632.00,100 גרם,false,0,22.90,3.62,true,1,
7290010066575,false,טונה במי מלח 158*4 גרם,תעשיות פילטונה,IL,טונה במי מלח 4יח,גרמים,632.00,100 גרם,false,0,22.90,3.62,true,1,
7290010066582,false,טונה בשמן קנולה 158*4 גר,תעשיות פילטונה,IL,טונה בשמן 4 יח,גרמים,632.00,100 גרם,false,0,22.90,3.62,true,1,
7290010066599,false,טונה בשמן זית 158*4 גרם,תעשיות פילטונה,IL,טונה בשמן זית4יח,גרמים,632.00,100 גרם,false,0,32.90,5.21,true,1,
7290010115938,false,פתיבר שוקו פריך עשיר500ג,עלית,IL,פתיבר שוקו,גרמים,500.00,100 גרם,false,0,11.30,2.26,true,1,
7290010116898,false,שוקולד אוורירי מריר85גרם,עלית,IL,שוקולד אוורירי,גרמים,85.00,100 גרם,false,0,6.60,7.76,true,1,
7290010116980,false,שוקולית 850 גרם,עלית,IL,שוקולית עלית,גרמים,850.00,100 גרם,false,0,19.50,2.29,true,1,
7290010118113,false,שוש 10 * 20 גרם,עלית,IL,מארז שוש 10 יח,גרמים,200.00,100 גרם,false,0,10.30,5.15,true,1,
7290010129010,false,עוג.כתר במילוי ריבה 600ג,דולצ'ה ויטה,IL,עוגיות כתר ריבה,גרמים,600.00,100 גרם,false,0,19.00,3.17,true,1,
7290010129027,false,עוגיות מרוקאיות 600 גרם,דולצ'ה ויטה,IL,עוגיות מרוקאיות,גרמים,600.00,100 גרם,false,0,19.00,3.17,true,1,
7290010129065,false,עוג.מקלות עלים צרפתי600ג,דולצ'ה ויטה,IL,עוג.מקלות עלים,גרמים,600.00,100 גרם,false,0,19.00,3.17,true,1,
7290010129355,false,עוגיות תמרים 600 גרם,דולצ'ה ויטה,IL,עוגיות תמרים,גרמים,600.00,100 גרם,false,0,19.00,3.17,true,1,
7290010154012,false,לימון בלאדי 250 גרם,נטו,IL,לימון בלאדי,גרמים,250.00,100 גרם,false,0,15.70,6.28,true,1,
7290010163632,false,שזיף ללא גלעין400ג'שקדיה,שקדיה,IL,שזיף ללא גלעין,גרמים,400.00,100 גרם,false,0,27.70,6.93,true,1,
7290010163656,false,פקאן טבעי מקולף200גשקדיה,שקדיה,IL,פקאן טבעי מקולף,גרמים,200.00,100 גרם,false,0,28.70,14.35,true,1,
7290010163663,false,א.קאשיו טבעי 200ג'שקדיה,שקדיה,IL,אגוז קאשיו טבעי,גרמים,200.00,100 גרם,false,0,23.70,11.85,true,1,
7290010163700,false,שקד קלוף טבעי200ג-'שקדיה,שקדיה,IL,שקד טבעי,גרמים,200.00,100 גרם,false,0,24.70,12.35,true,1,
7290010163748,false,פקאן מסוכר 200גרם-שקדיה,שקדיה,IL,פקאן מסוכר,גרמים,200.00,100 גרם,false,0,24.70,12.35,true,1,
7290010196678,false,קוקי שקיות אפיה ענק 10יח,ש.שסטוביץ,IL,קוקי שקיות אפיה ענק 10יח,יחידה,1.00,יחידה,false,0,22.90,22.90,true,1,
7290010237531,false,פפסי בקבוק,,IL,פפסי בקבוק,מיליליטרים,500.00,"100 מ""ל",false,0,4.30,0.86,true,1,
7290010237548,false,פפסי מקס,,IL,פפסי מקס,מיליליטרים,500.00,"100 מ""ל",false,0,4.30,0.86,true,1,
7290010237562,false,מירינדה,,IL,מירינדה,מיליליטרים,500.00,"100 מ""ל",false,0,4.30,0.86,true,1,
7290010237579,false,סבנ אפ,,IL,סבנ אפ,מיליליטרים,500.00,"100 מ""ל",false,0,4.30,0.86,true,1,
7290010237586,false,סבנ אפ דיאט,,IL,סבנ אפ דיאט,מיליליטרים,500.00,"100 מ""ל",false,0,4.30,0.86,true,1,
7290010237623,false,בירה נשר מאלט 1.5 ליטר,טמפו,IL,נשר מאלט,ליטרים,1.50,ליטר,false,0,7.90,5.27,true,1,
7290010237630,false,בירה נשר מאלט דיאט 1.5 ל,טמפו,IL,נשר מאלט דיאט,ליטרים,1.50,ליטר,false,0,7.90,5.27,true,1,
7290010237753,false,בירה נשר מאלט 4 * 1.5 לי,טמפו,IL,נשר מאלט 4 יח,ליטרים,6.00,ליטר,false,0,22.00,3.67,true,1,
7290010237890,false,בירה הייניקן בק.חוזר500מ,היינקן,IL,בירה הייניקן,מיליליטרים,500.00,"100 מ""ל",false,0,9.90,1.98,true,1,
7290010259045,false,לורפק לייט,,DK,לורפק לייט,גרמים,250.00,100 גרם,false,0,13.90,5.56,true,1,
7290010259823,false,מנת השף נודלס,,IL,מנת השף נודלס,גרמים,70.00,100 גרם,false,0,5.00,7.14,true,1,
7290010259830,false,מנת השף נודלס,,IL,מנת השף נודלס,גרמים,70.00,100 גרם,false,0,5.00,7.14,true,1,
7290010259892,false,מרגרינה,,IL,מרגרינה,גרמים,200.00,100 גרם,false,0,3.90,1.95,true,1,
7290010287512,false,תירוש ענבים 1 ליטר,הכורמים,IL,תירוש ענבים,ליטרים,1.00,ליטר,false,0,14.00,14.00,true,1,
7290010329595,false,אגו דאבל שוקולד 130 גרם,כרמית,IL,אגו שוקולד,גרמים,130.00,100 גרם,false,0,9.80,7.54,true,1,
7290010329854,false,"מיני קוקיס חמאה ללת""ס700",כרמית,IL,מיני קוקיס חמאה,גרמים,700.00,100 גרם,false,0,26.90,3.84,true,1,
7290010417162,false,"גמלא ריזלינג לבן 750 מ""ל",יקבי רמת הגולן קצרין,IL,גמלא ריזלינג,מיליליטרים,750.00,"100 מ""ל",false,0,46.00,6.13,true,1,
7290010417315,false,"גולן מרלו 750 מ""ל",יקבי רמת הגולן קצרין,IL,"גולן מרלו 750 מ""ל",מיליליטרים,750.00,"100 מ""ל",false,0,34.90,4.65,true,1,
7290010429295,false,מעדן פרי מישמש100% 250ג,יד מרדכי,IL,מעדן מישמש,גרמים,250.00,100 גרם,false,0,14.90,5.96,true,1,
7290010429554,false,"שמן זית 2 קלאסי 750מ""ל",יד מרדכי,IL,שמן זית 2 קלאסי,מיליליטרים,750.00,"100 מ""ל",false,0,39.90,5.32,true,1,
7290010471669,false,דנונה בר תות קורנפ175.גר,שטראוס,IL,דנונה בר תות,גרמים,175.00,100 גרם,false,0,4.50,2.57,true,1,
7290010472307,false,גמדים לשתיה תות בננ100X8,שטראוס,IL,גמדים לשתיה 8 יח,מיליליטרים,800.00,"100 מ""ל",false,0,20.90,2.61,true,1,
7290010472390,false,דני שוקולד 125*8גרם,שטראוס,IL,דני שוקולד 8 יח',קילוגרמים,1.00,"ק""ג",false,0,16.30,16.30,true,1,
7290010472765,false,סופר גמדים תות 100*4 גרם,שטראוס,IL,סופר גמדים 4 יח,גרמים,400.00,100 גרם,false,0,11.90,2.98,true,1,
7290010569069,false,גלידה משפ' 3טעמים פרווה,שטראוס,IL,גלידה משפ' 3טעמים פרווה,ליטרים,2.00,ליטר,false,0,28.70,14.35,true,1,
7290010582037,false,פלפלון סוויט בייט יחידה,קטיף,IL,פלפלון סוויט,יחידה,1.00,יחידה,false,0,8.50,8.50,true,1,
7290010639632,false,תירס גמדי אויליו,,IL,תירס גמדי אויליו,גרמים,400.00,100 גרם,false,0,6.60,1.65,true,1,
7290010650354,false,כורכום טרי -יח',קטיף,IL,כורכום טרי-יח',יחידה,1.00,יחידה,false,0,16.00,16.00,true,1,
7290010650415,false,עגבניות לחות -יחידה,חוות פטריות תקוע,IL,עגבניות לחות,יחידה,1.00,יחידה,false,0,15.00,15.00,true,1,
7290010720064,false,נבט חמניות אורגניים הקסם,,IL,נבט חמניות אורגניים הקסם,יחידה,1.00,יחידה,false,0,12.90,12.90,true,1,
7290010720149,false,נבטי תלתן אורגניים הקסם,,IL,נבטי תלתן אורגניים הקסם,יחידה,1.00,יחידה,false,0,12.90,12.90,true,1,
7290010720163,false,נבטי ברוקולי אורגניים,,IL,נבטי ברוקולי אורגניים,יחידה,1.00,יחידה,false,0,12.90,12.90,true,1,
7290010720200,false,נבטים סינים אורגניים,,IL,נבטים סינים אורגניים,יחידה,1.00,יחידה,false,0,12.90,12.90,true,1,
7290010720224,false,נבטוטים אורגניים הקסם,,IL,נבטוטים אורגניים הקסם,יחידה,1.00,יחידה,false,0,12.50,12.50,true,1,
7290010748860,false,ק.ידיים אפקטיב קר יבש150,פישר מעבדות פרמצבטיות,IL,קרם ידיים,מיליליטרים,150.00,"100 מ""ל",false,0,10.00,6.67,true,1,
7290010814695,false,"שוקולד מריר ללת""ס 85 גרם",כרמית,IL,שוקולד מריר,גרמים,85.00,100 גרם,false,0,7.80,9.18,true,1,
7290010814701,false,"שוקולד חלב ללת""ס 85 גרם",כרמית,IL,שוקולד חלב,גרמים,85.00,100 גרם,false,0,7.80,9.18,true,1,
7290010827459,false,מגבוני דיסני ורוד 72*4יח,דינמיק,IL,רביעיית מגבונים,יחידה,1.00,יחידה,false,0,17.90,17.90,true,1,
7290010839506,false,ממרח חמאה לייט,,DK,ממרח חמאה לייט,גרמים,250.00,100 גרם,false,0,13.90,5.56,true,1,
7290010849505,false,"למברוסקו רוסו 750 מ""ל",קאויקיולי,IT,למברוסקו רוסו,מיליליטרים,750.00,"100 מ""ל",false,0,29.90,3.99,true,1,
7290010849529,false,"למברוסקו ביאנקו 750 מ""ל",קאויקיולי,IT,למברוסקו ביאנקו,מיליליטרים,750.00,"100 מ""ל",false,0,29.90,3.99,true,1,
7290010883042,false,סנובון נוזלי רענן 750 מל,סנו,IL,סנובון נוזלי,מיליליטרים,750.00,"100 מ""ל",false,0,13.80,1.84,true,1,
7290010883370,false,סנו סושי כפפות אלוורה M,סנו,,סנו סוש כפפות,יחידה,1.00,יחידה,false,0,12.10,12.10,true,1,
7290010921034,false,מיץ רימונים,,IL,מיץ רימונים,ליטרים,1.00,ליטר,false,0,12.80,12.80,true,1,
7290010931330,false,סלט מטבוחה 500 גרם,שטראוס,IL,סלט מטבוחה אחלה,גרמים,500.00,100 גרם,false,0,15.20,3.04,true,1,
7290010945146,false,קוטג' 3%מועשר בסידן 250ג,טרה,IL,קוטג' 3% מועשר,גרמים,250.00,100 גרם,false,0,5.60,2.24,true,1,
7290010945306,false,חלב 3% בקרטון 2 ליטר,טרה,IL,חלב 3% בקרטון,ליטרים,2.00,ליטר,false,0,11.50,5.75,true,1,
7290010945450,false,גבינה לבנה 3% 250 גרם,טרה,IL,גבינה לבנה3%,גרמים,250.00,100 גרם,false,0,5.10,2.04,true,1,
7290010945481,false,גבינה לבנה 5% 500 גרם,טרה,IL,גבינה לבנה 5%,גרמים,500.00,100 גרם,false,0,8.90,1.78,true,1,
7290010970100,false,שמן שומשום כבישה קרה250מ,ג.מ.טעם הארץ,IL,שמן שומשום,מיליליטרים,250.00,"100 מ""ל",false,1,32.60,13.04,true,1,
7290010970223,false,"חומץ יין אדום 500 מ""ל",ג.מ.טעם הארץ,IL,חומץ יין אדום,מיליליטרים,500.00,"100 מ""ל",false,0,17.60,3.52,true,1,
7290010970261,false,"חומץ תפוחי עץ 500 מ""ל",ג.מ.טעם הארץ,IL,חומץ תפוחי עץ,מיליליטרים,500.00,"100 מ""ל",false,0,17.60,3.52,true,1,
7290010970551,false,"שמן אבוקדו 250 מ""ל",ג.מ.טעם הארץ,IL,שמן אבוקדו,מיליליטרים,250.00,"100 מ""ל",false,1,32.60,13.04,true,1,
7290010970575,false,"שמן בוטנים 250 מ""ל",ג.מ.טעם הארץ,IL,שמן בוטנים,מיליליטרים,250.00,"100 מ""ל",false,1,32.60,13.04,true,1,
7290011015862,false,סירופ דיאט לימונענע750מל,פריגת,IL,סירופ לימונענע,מיליליטרים,750.00,"100 מ""ל",false,0,19.70,2.63,true,1,
7290011017606,false,פאנטה לימונדה 1.5 ליטר,החברה המרכזית לייצור משקאות,IL,פאנטה לימונדה,ליטרים,1.50,ליטר,false,0,7.60,5.07,true,1,
7290011017866,false,"סליק קוקה קולה 330מ""ל",החברה המרכזית לייצור משקאות,IL,קוקה קולה סליק,מיליליטרים,330.00,"100 מ""ל",false,0,6.40,1.94,true,1,
7290011017873,false,"סליק קוקה זירו 330 מ""ל",החברה המרכזית לייצור משקאות,IL,קוקה זירו,מיליליטרים,330.00,"100 מ""ל",false,0,6.40,1.94,true,1,
7290011017880,false,סליק קוקה קולה דיאט330מ,החברה המרכזית לייצור משקאות,IL,קוקה קולה דיאט,מיליליטרים,330.00,"100 מ""ל",false,0,6.40,1.94,true,1,
7290011017910,false,פריגת קלמנטינות+חתיכות,פריגת,IL,פריגת קלמנטינות,ליטרים,1.50,ליטר,false,0,6.90,4.60,true,1,
7290011018184,false,תה אפרסק,,IL,תה אפרסק,מיליליטרים,500.00,"100 מ""ל",false,0,8.20,1.64,true,1,
7290011018191,false,תה אפרסק דיאט,,IL,תה אפרסק דיאט,מיליליטרים,500.00,"100 מ""ל",false,0,8.20,1.64,true,1,
7290011018252,false,תה מנגו אננס,,IL,תה מנגו אננס,ליטרים,1.50,ליטר,false,0,6.00,4.00,true,1,
7290011018276,false,תה אקזוטי,,IL,תה אקזוטי,ליטרים,1.50,ליטר,false,0,6.00,4.00,true,1,
7290011018283,false,פיוז תה אפרסק,,IL,פיוז תה אפרסק,ליטרים,1.50,ליטר,false,0,6.00,4.00,true,1,
7290011018306,false,תה אפרסק דיאט,,IL,תה אפרסק דיאט,ליטרים,1.50,ליטר,false,0,6.00,4.00,true,1,
7290011018467,false,"סליק פאנטה אקזוטיק330מ""ל",החברה המרכזית לייצור משקאות,IL,פאנטה אקזוטיק,מיליליטרים,330.00,"100 מ""ל",false,0,6.40,1.94,true,1,
7290011018580,false,פיוז טי ענבים,,IL,פיוז טי ענבים,ליטרים,1.50,ליטר,false,0,6.00,4.00,true,1,
7290011051136,false,שוופס סודה 1.5*4 ליטר,יפאורה שותפות מובגלת לשיווק,IL,שוופס סודה 1.5*4 ליטר,ליטרים,6.00,ליטר,false,0,11.90,1.98,true,1,
7290011051327,false,קריסטל אשכוליות מוגז 2ל',יפאורה שותפות מובגלת לשיווק,IL,גזוז טעם אשכולית,ליטרים,2.00,ליטר,false,0,3.90,1.95,true,1,
7290011051341,false,שוופס סודה לימון 1.5*4 ל,יפאורה שותפות מובגלת לשיווק,IL,שוופס סודה לימון 1.5*4 ל,ליטרים,6.00,ליטר,false,0,11.90,1.98,true,1,
7290011051372,false,שוופס תפוח ליים מוגז1.5ל,יפאורה שותפות מובגלת לשיווק,IL,שוופס תפוח ליים,ליטרים,1.50,ליטר,false,0,6.90,4.60,true,1,
7290011051389,false,שוופס פירות יער מוגז1.5ל,יפאורה שותפות מובגלת לשיווק,IL,שוופס מוגז עדין,ליטרים,1.50,ליטר,false,0,6.90,4.60,true,1,
7290011051396,false,שוופס אפרסק מוגז 1.5ליטר,יפאורה שותפות מובגלת לשיווק,IL,שוופס אפרסק,ליטרים,1.50,ליטר,false,0,6.90,4.60,true,1,
7290011051488,false,תה ספרינג אפרסק 1.5 ליטר,יפאורה שותפות מובגלת לשיווק,IL,ספרינג תה אפרסק,ליטרים,1.50,ליטר,false,0,6.50,4.33,true,1,
7290011051495,false,תה ספרינג ירוק לימון1.5ל,יפאורה שותפות מובגלת לשיווק,IL,תה ספרינג ירוק,ליטרים,1.50,ליטר,false,0,6.50,4.33,true,1,
7290011051518,false,תה ספרינג דיאט אפרסק1.5ל,יפאורה שותפות מובגלת לשיווק,IL,תה ספרינג דיאט,ליטרים,1.50,ליטר,false,0,6.50,4.33,true,1,
7290011051525,false,"ספרינג תה אפרסק 500 מ""ל",יפאורה שותפות מובגלת לשיווק,IL,ספרינג תה,מיליליטרים,500.00,"100 מ""ל",false,0,7.10,1.42,true,1,
7290011051938,false,תפוזינה תפוח רענן 1.5 ל',יפאורה שותפות מובגלת לשיווק,IL,תפוזינה תפוח,ליטרים,1.50,ליטר,false,0,6.50,4.33,true,1,
7290011051976,false,R.C FREE 1.5 ליטר,יפאורה שותפות מובגלת לשיווק,IL,R.C FREE,ליטרים,1.50,ליטר,false,0,5.50,3.67,true,1,
7290011081492,false,קרמיסימו שלושה שוקולדים,שטראוס,IL,קרמיסימו שלושה שוקולדים,ליטרים,1.33,ליטר,false,0,20.90,15.71,true,1,
7290011081690,false,גל.קרמיסימו צ'יפ וניל/שו,שטראוס,IL,גל.קרמיסימו צ'יפ וניל/שו,ליטרים,1.33,ליטר,false,0,20.90,15.71,true,1,
7290011115166,false,תחליב רחצה נקה7 לבנדר1ל,אמיליה קוסמטיקס,IL,תחליב רחצה נקה 7,ליטרים,1.00,ליטר,false,0,15.40,15.40,true,1,
7290011115203,false,סבון נקה 7 לילך 100X4גר,נקה,,סבון נקה 4X 7,גרמים,400.00,100 גרם,false,0,10.90,2.73,true,1,
7290011115258,false,סבון נקה 7 ירוק 100*4 גר,נקה,,נקה 7 סבון 4 יח,גרמים,400.00,100 גרם,false,0,10.90,2.73,true,1,
7290011115272,false,סבון מוצק נקה7ירוק100*4ג,נקה,,סבון נקה 4X 7,גרמים,400.00,100 גרם,false,0,10.90,2.73,true,1,
7290011115289,false,סבון נקה 7 לילך 100X4גרם,נקה,IL,סבון נקה 4X 7,מיליליטרים,400.00,"100 מ""ל",false,0,10.90,2.73,true,1,
7290011126209,false,גן קסום תפוח+קינמון 25שק,ויסוצקי,IL,חליטת תפוח קנמון,גרמים,67.00,100 גרם,false,0,13.90,20.75,true,1,
7290011126346,false,ניחוח.גליל לימ/לואיזה25ש,ויסוצקי,IL,ניחוח.גליל לימ/לואיזה25ש,גרמים,55.00,100 גרם,false,0,13.90,25.27,true,1,
7290011126469,false,חל.קמומיל+דבש גן קסום25ש,ויסוצקי,IL,חליטת קמומיל+דבש,גרמים,37.00,100 גרם,false,0,13.90,37.57,true,1,
7290011126957,false,תה ירוק ארל גריי25שק1.5X,ויסוצקי,IL,תה ירוק ארל גריי,גרמים,37.00,100 גרם,false,0,21.90,59.19,true,1,
7290011131333,false,גרנולה אגוזים 500 גרם,וויטליה,IL,גרנולה אגוזים,גרמים,500.00,100 גרם,false,0,10.90,2.18,true,1,
7290011131357,false,מיזלי פירות 500 גרם,וויטליה,IL,מיזלי פירות,גרמים,500.00,100 גרם,false,0,10.90,2.18,true,1,
7290011131371,false,"מיזלי קראנץ שקדים 1 ק""ג",וויטליה,PL,מיזלי שקדים,קילוגרמים,1.00,"ק""ג",false,0,20.90,20.90,true,1,
7290011131395,false,מיזלי קראנץ 30%פירות 1 ק,וויטליה,PL,מיזלי קראנץ,קילוגרמים,1.00,"ק""ג",false,0,20.90,20.90,true,1,
7290011131814,false,"מיזלי מיקס חלווה 1 ק""ג",גרין,MK,מיזלי מיקס חלווה,קילוגרמים,1.00,"ק""ג",false,1,20.90,20.90,true,1,
7290011133207,false,סודה למון ליים 1.5 ליטר,טמפו,IL,סודה למון ליים,ליטרים,1.50,ליטר,false,1,4.90,3.27,true,1,
7290011133252,false,סודה למון ליים 1.5*4ליטר,טמפו,IL,סודה למון ליים 1.5*4ליטר,ליטרים,6.00,ליטר,false,1,11.80,1.97,true,1,
7290011148904,false,פלפל צ'ילי חריף יחידה,קטיף,IL,פלפל צילי אמיתי,יחידה,1.00,יחידה,false,0,5.50,5.50,true,1,
7290011194215,false,דניאלה בננה 100 גרם,שטראוס,IL,דניאלה בננה,גרמים,100.00,100 גרם,false,0,4.30,4.30,true,1,
7290011194246,false,קוטג' 5% שומן 250 גרם,שטראוס,IL,קוטג' 5% שומן,גרמים,250.00,100 גרם,false,0,5.90,2.36,true,1,
7290011194741,false,משקה אקטיביה לבן1.5% 250,שטראוס,IL,משקה אקטיביה לבן,מיליליטרים,250.00,"100 מ""ל",false,0,5.10,2.04,true,1,
7290011223229,false,"טואלט דאק ג'ל רענן 55מ""ל",DEOFLOR,GB,דאק ג'ל טל רענן,מיליליטרים,55.00,"100 מ""ל",false,0,14.00,25.45,true,1,
7290011223243,false,טואלט דאק ג'ל לבנדר 55מל,DEOFLOR,GB,דאק ג'ל נוזלי,מיליליטרים,55.00,"100 מ""ל",false,0,14.00,25.45,true,1,
7290011239213,false,חטיפים מתוקים -מחרום,ממתקי מחרום,IL,חטיפים מתוקים,יחידה,1.00,יחידה,false,0,5.90,5.90,true,1,
7290011239336,false,חלבה מחרום ללא סוכר400ג,מחרום,IL,חלבה מחרום,גרמים,400.00,100 גרם,false,1,21.90,5.48,true,1,
7290011239404,false,חטיפים שונים ארוזים330ג,ממתקי מחרום,IL,חטיפים ארוזים,גרמים,330.00,100 גרם,false,0,13.80,4.18,true,1,
7290011308780,false,בייגלה טבעות שומשום300גר,יוניליוור,IL,בייגלה טבעות,גרמים,300.00,100 גרם,false,0,7.90,2.63,true,1,
7290011308858,false,נישנושים ביס שמנת בצל60ג,יוניליוור,IL,נישנושים ביס,גרמים,60.00,100 גרם,false,0,4.60,7.67,true,1,
7290011308872,false,נישנושים ביס בצל 60 גרם,יוניליוור,IL,נישנושים ביס,גרמים,60.00,100 גרם,false,0,4.60,7.67,true,1,
7290011348267,false,קציצות עדשים כתומות 500,טבעול,IL,קציצות עדשים,יחידה,1.00,יחידה,false,0,34.70,34.70,true,1,
7290011348434,false,טבעול קבב מתובל 500 גרם,טבעול,IL,קבב מתובל טבעול,גרמים,500.00,100 גרם,false,0,29.00,5.80,true,1,
7290011378028,false,"חלבה ללת""ס שומ.מלא350",רושדי תעשיות מזון,IL,"חלבה ללת""ס",גרמים,350.00,100 גרם,false,0,17.70,5.06,true,1,
7290011378233,false,"חטיפי חלבה וניל ללת""ס126",רושדי תעשיות מזון,IL,"חט.חלבה ללת""ס",גרמים,126.00,100 גרם,false,0,13.40,10.63,true,1,
7290011378776,false,חטיפי חלבה פיסטוק 18*7 ג,רושדי תעשיות מזון,IL,חטיפי חלבה 7 יח,גרמים,126.00,100 גרם,false,0,13.40,10.63,true,1,
7290011379018,false,פטריות מארז משפחתי יח',מרינה,IL,פטריות מארז משפחתי יח',יחידה,1.00,יחידה,false,0,15.90,15.90,true,1,
7290011435226,false,דבש לחיץ מפרחי בר 650גרם,יד מרדכי,IL,דבש לחיץ,גרמים,650.00,100 גרם,false,0,39.30,6.05,true,1,
7290011438142,false,"משקה חלב בטעם קפה 350מ""ל",יטבתה,IL,משקה חלב קפה,מיליליטרים,350.00,"100 מ""ל",false,0,6.30,1.80,true,1,
7290011438487,false,מילקשייק וניל יטבתה350מל,יטבתה,IL,מילקשייק וניל,מיליליטרים,350.00,"100 מ""ל",false,0,6.80,1.94,true,1,
7290011438517,false,שוקו יטבתה בקבוק150*8גרם,יטבתה,IL,שוקו יטבתה 8 יח',קילוגרמים,1.20,"ק""ג",false,0,19.90,16.58,true,1,
7290011447250,false,מטרנה חלבי שלב 1 400ג,נסטלה,IL,מטרנה חלבי,גרמים,400.00,100 גרם,false,0,38.90,9.73,true,1,
7290011447267,false,מטרנה חלבי שלב 1 700ג,נסטלה,IL,מטרנה חלבי,גרמים,700.00,100 גרם,false,0,55.90,7.99,true,1,
7290011447281,false,מטרנה חלבי שלב 2 700ג,נסטלה,IL,מטרנה חלבי שלב 2,גרמים,700.00,100 גרם,false,0,55.90,7.99,true,1,
7290011447304,false,מטרנה חלבי שלב 3 700ג,נסטלה,IL,מטרנה חלבי שלב 3,גרמים,700.00,100 גרם,false,0,55.90,7.99,true,1,
7290011447359,false,מטרנה מהדרין שלב 1 700גר,נסטלה,IL,מטרנה מהדרין,גרמים,700.00,100 גרם,false,0,54.90,7.84,true,1,
7290011468002,false,טחינה גולמית הנסיך500גרם,הנסיך,IL,טחינה גולמית הנסיך500גרם,גרמים,500.00,100 גרם,false,0,12.90,2.58,true,1,
7290011468026,false,טחינה נסיך שומשום מלא500,הנסיך,IL,טחינה הנסיך,גרמים,500.00,100 גרם,false,0,12.90,2.58,true,1,
7290011499051,false,פטה כבשים 20% 250ג,מחלבות גד,IL,פטה כבשים,גרמים,250.00,100 גרם,false,0,25.80,10.32,true,1,
7290011499105,false,גבינה בולגרית 5% 250 גרם,מחלבות גד,IL,גבינה בולגרית 5%,גרמים,250.00,100 גרם,false,0,22.50,9.00,true,1,
7290011499129,false,קוב.בולג.מעודנת 5% 200ג,מחלבות גד,IL,קוביות בולגרית,גרמים,200.00,100 גרם,false,0,21.70,10.85,true,1,
7290011499273,false,גב.ריקוטה מלוחה 5% 250ג,מחלבות גד,IL,ריקוטה מלוחה5%,גרמים,250.00,100 גרם,false,0,15.00,6.00,true,1,
7290011499303,false,בולגרית מעודנ.עזים5% 250,מחלבות גד,,בולגרית מעודנת,גרמים,250.00,100 גרם,false,0,27.70,11.08,true,1,
7290011499327,false,גב.בולגרית מעודנת5% 250ג,מחלבות גד,,בולגרית מעודנת5%,גרמים,250.00,100 גרם,false,0,17.90,7.16,true,1,
7290011499341,false,גבינת קשקאבל26% 250 גרם,מחלבות גד,IL,גבינת קשקאבל,גרמים,250.00,100 גרם,false,0,34.60,13.84,true,1,
7290011499365,false,חלומי גד גב.קשה 24% 200ג,מחלבות גד,IL,חלומי גד 24%,גרמים,200.00,100 גרם,false,0,21.40,10.70,true,1,
7290011499419,false,גב.שמנת ט.טבעי5% 200גרם,מחלבות גד,IL,גבינת שמנת גד5%,גרמים,200.00,100 גרם,false,0,10.00,5.00,true,1,
7290011499433,false,גבינת שמנת זיתים5% 200גר,מחלבות גד,IL,גבינת שמנת גד 5%,גרמים,200.00,100 גרם,false,0,10.00,5.00,true,1,
7290011499440,false,גבינת שמנת ירקות 5% 200ג,מחלבות גד,,גבינת שמנת גד 5%,גרמים,200.00,100 גרם,false,0,10.00,5.00,true,1,
7290011499525,false,לאבנה דרוזית 9% 500 גרם,מחלבות גד,IL,לאבנה דרוזית 9%,גרמים,500.00,100 גרם,false,0,19.80,3.96,true,1,
7290011499853,false,גבינת שמנת,,,גבינת שמנת,גרמים,200.00,100 גרם,false,0,13.40,6.70,true,1,
7290011501617,false,חמוציות דל סוכר 250גרם,שקדיה,IL,חמוציות דל סוכר,גרמים,250.00,100 גרם,false,0,20.70,8.28,true,1,
7290011515683,false,מאגדת אקסטרים וניל 6יח,נסטלה,IL,מאגדת אקסטרים וניל 6יח,גרמים,432.00,100 גרם,false,0,37.00,8.56,true,1,
7290011518561,false,"אקטימל תות 100*14 מ""ל",שטראוס,IL,אקטימל מארז14יח',ליטרים,1.40,ליטר,false,0,32.60,23.29,true,1,
7290011570132,false,"קמח נטול גלוטן 1 ק""ג",גלעם,IL,קמח נטול גלוטן,קילוגרמים,1.00,"ק""ג",false,0,5.50,5.50,true,1,
7290011575250,false,הפי לנעליים,,IL,הפי לנעליים,יחידה,1.00,יחידה,false,0,12.50,12.50,true,1,
7290011598211,false,סנו אנטי קאלק נ.כללי700מ,סנו,IL,סנו אנטי קאלק,מיליליטרים,700.00,"100 מ""ל",false,0,18.90,2.70,true,1,
7290011598372,false,מטלית רצפה פרופשיונל,סנו,IL,מטלית לרצפה,יחידה,1.00,יחידה,false,0,10.00,10.00,true,1,
7290011607180,false,א.כביסה קולון101 1.25 קג,רקיט בנקיזר,IL,אבקת כביסה קולון,קילוגרמים,1.25,"ק""ג",false,0,14.90,11.92,true,1,
7290011615062,false,לורפק ללא מלח,,DK,לורפק ללא מלח,גרמים,500.00,100 גרם,false,0,27.90,5.58,true,1,
7290011615277,false,עלי טורטייה,,TR,עלי טורטייה,גרמים,840.00,100 גרם,false,0,19.70,2.35,true,1,
7290011615314,false,תפוחונים 6 יח,,IL,תפוחונים 6 יח,גרמים,132.00,100 גרם,false,0,21.70,16.44,true,1,
7290011618025,false,בייבי ביס טעם טבעי 50 גר,want-want,CN,בייבי ביס,גרמים,50.00,100 גרם,false,0,12.60,25.20,true,1,
7290011618162,false,ביסקו.שוק.שמנת זביונה180,TAGO,PL,ביסקוויט שוקולד,גרמים,180.00,100 גרם,false,0,10.00,5.56,true,1,
7290011618483,false,רייד בליסטר 2מילוי+מכשיר,ג'ונסון,CN,רייד בליסטר 2מילוי+מכשיר,יחידה,1.00,יחידה,false,0,49.30,49.30,true,1,
7290011668143,false,"מסיכה משקמת פנינה 1 ק""ג",א.ל ארמן,IL,מסיכה לשיער,קילוגרמים,1.00,"ק""ג",false,0,25.90,25.90,true,1,
7290011668570,false,חגיגת גרנולה פ.יבשים500ג,אפקט טבעי,IL,חגיגת גרנולה,גרמים,500.00,100 גרם,false,0,24.90,4.98,true,1,
7290011668587,false,גרנולה עשירה 500 גרם,אפקט טבעי,IL,גרנולה עשירה,גרמים,500.00,100 גרם,false,0,24.90,4.98,true,1,
7290011688103,false,פילה סול פוטית לקג,שונות,XX,פילה סול,קילוגרמים,0.00,"ק""ג",true,0,25.70,25.70,true,1,
7290011743833,false,משחה סנסודיין פרונמל75מל,גלקסוסמיתקליין,GB,משחת שיניים,מיליליטרים,75.00,"100 מ""ל",false,0,17.90,23.87,true,1,
7290011758479,false,דגנים טויסטר,,,דגנים טויסטר,גרמים,750.00,100 גרם,false,0,15.80,2.11,true,1,
7290011765071,false,ג'ל גילוח קרמה רגיל 200מ,קוסמופארם,IL,ג'ל גילוח קרמה,מיליליטרים,200.00,"100 מ""ל",false,0,13.90,6.95,true,1,
7290011765088,false,ג'ל גילוח קרמה COOL 200מ,קוסמופארם,IL,ג'ל גילוח קרמה,מיליליטרים,200.00,"100 מ""ל",false,0,13.90,6.95,true,1,
7290011765095,false,ג'ל גילוח קרמה דליקט200מ,קוסמופארם,IL,ג'ל גילוח קרמה,מיליליטרים,200.00,"100 מ""ל",false,0,13.90,6.95,true,1,
7290011765118,false,קצף גילוח קרמה דליקט200מ,קוסמופארם,IL,קצף גילוח קרמה,מיליליטרים,200.00,"100 מ""ל",false,0,10.00,5.00,true,1,
7290011765446,false,משחה אורביטול ענבים 70 ג,קוסמופארם,IL,משחת שיניים,גרמים,70.00,100 גרם,false,0,7.90,11.29,true,1,
7290011778118,false,ביצים ארוזות L 12 יחידות,,,ביצים ארוזות L 12 יחידות,יחידה,1.00,יחידה,false,0,11.45,11.45,true,1,
7290011778125,false,ביצים M 12 יח',,,ביצים M 12 יח',יחידה,1.00,יחידה,false,0,10.55,10.55,true,1,
7290011800642,false,סלט מטבוחה רפי כהן 400גר,צבר,IL,סלט מטבוחה,גרמים,400.00,100 גרם,false,0,17.50,4.38,true,1,
7290011800703,false,פלפלים קלויים רפי כהן400,צבר,IL,סלט פלפלים,גרמים,400.00,100 גרם,false,0,17.50,4.38,true,1,
7290011800826,false,חציל בטחינה רפי כהן 400ג,צבר,IL,סלט חציל בטחינה,גרמים,400.00,100 גרם,false,0,17.50,4.38,true,1,
7290011800840,false,טחינה בלאדי רפי כהן 400ג,צבר,IL,סלט טחינה בלאדי,גרמים,400.00,100 גרם,false,0,17.50,4.38,true,1,
7290011800864,false,חציל בשמן זית רפי כהן400,צבר,IL,סלט חציל צבר,גרמים,400.00,100 גרם,false,0,17.50,4.38,true,1,
7290011830243,false,אטריות מאורז תאילנדי250ג,השדה מוצרים אורגניים,CN,אטריות אורז תאי,גרמים,250.00,100 גרם,false,0,13.00,5.20,true,1,
7290011830267,false,אטריות מאורז מלא 250 גר,השדה מוצרים אורגניים,CN,אטריות מאורז מלא,גרמים,250.00,100 גרם,false,0,13.00,5.20,true,1,
7290011830274,false,אטריות מאורז שחור 250 גר,השדה מוצרים אורגניים,CN,אטריות אורז שחור,גרמים,250.00,100 גרם,false,0,14.10,5.64,true,1,
7290011860721,false,"פלחים-פלחי תפו""א 700 גרם",תפוגן,IL,"פלחי תפו""א",גרמים,700.00,100 גרם,false,0,14.80,2.11,true,1,
7290011860912,false,שניצל דק ביתי 750 גרם,תפוגן,IL,שניצל דק ביתי 750 גרם,גרמים,750.00,100 גרם,false,0,22.90,3.05,true,1,
7290011870263,false,8 סוללות פוג'יקום AA,פוג'יקום,CN,סוללות פוג'יקום,יחידה,1.00,יחידה,false,0,10.00,10.00,true,1,
7290011877828,false,מגבוני כיף בוב ספוג72*4,קוסמופארם,IL,מגבונים לחים,יחידה,1.00,יחידה,false,0,20.00,20.00,true,1,
7290011889418,false,מאגדת לייט מיני וניל,שטראוס,IL,מיני לייט וניל,גרמים,210.00,100 גרם,false,0,27.90,13.29,true,1,
7290011931162,false,"סוכרלייט נוזלי 220 מ""ל","ביסקול בע""מ",IL,סוכרלייט נוזלי,מיליליטרים,220.00,"100 מ""ל",false,0,29.90,13.59,true,1,
7290011947262,false,זית ירוק בתיבול גלילי217,זיתא,,זית ירוק בתיבול,גרמים,217.00,100 גרם,false,0,10.90,5.02,true,1,
7290011996741,false,חומץ אורז ל,,,חומץ אורז ל,מיליליטרים,500.00,"100 מ""ל",false,0,14.10,2.82,true,1,
7290012001994,false,חרדל דיז'ון ריין 350 גרם,ריין דיג'ון,FR,חרדל דיז'ון ריין,גרמים,350.00,100 גרם,false,0,12.50,3.57,true,1,
7290012019258,false,"רסק תפו""ע 113X4 גרם",GROWERS CHERRY,US,"רסק תפו""ע",גרמים,454.00,100 גרם,false,0,11.00,2.42,true,1,
7290012019265,false,"רסק תפו""ע ללת""ס 113*4 גר",GROWERS CHERRY,US,"רסק תפו""ע ללת""ס",גרמים,454.00,100 גרם,false,0,11.00,2.42,true,1,
7290012022005,false,קריספיות טבעי,דילייט,IL,קריספיות טבעי,גרמים,60.00,100 גרם,false,0,11.90,19.83,true,1,
7290012022050,false,פריכיות חיטה מלאה 75 גרם,דילייט,IL,פריכיות חיטה מלאה 75 גרם,גרמים,75.00,100 גרם,false,0,13.90,18.53,true,1,
7290012022067,false,קריספיות קידס 30 גרם,דילייט,IL,קריספיות קידס 30 גרם,גרמים,30.00,100 גרם,false,0,10.90,36.33,true,1,
7290012086113,false,שרי אשכולות מובחר יחידה,קטיף,IL,שרי אשכולות,יחידה,1.00,יחידה,false,0,9.90,9.90,true,1,
7290012115035,false,מברשת אורביטול מס' 980,קוסמופארם,IL,מברשת אורביטול,יחידה,1.00,יחידה,false,0,15.80,15.80,true,1,
7290012116360,false,פוליויקס גרניט פורצלן2ל',סנו,IL,סנו פוליויקס,ליטרים,2.00,ליטר,false,0,25.70,12.85,true,1,
7290012116551,false,"סנו אנטי קאלק רב""ש 2ליטר",סנו,IL,סנו אנטי קאלק,ליטרים,2.00,ליטר,false,0,24.30,12.15,true,1,
7290012116735,false,נ.טואלט סופט 24גליל כפול,סנו,IL,נייר טואלט סופט,מטרים,900.00,100 מטר,false,0,39.90,4.43,true,1,
7290012117046,false,סושי60שקיות אשפה ירוקות,סנו,IL,שקיות סנו סושי,יחידה,1.00,יחידה,false,0,25.40,25.40,true,1,
7290012117275,false,סנוקליר שקית מילוי 750מל,סנו,IL,סנוקליר מילוי,מיליליטרים,750.00,"100 מ""ל",false,0,9.80,1.31,true,1,
7290012117350,false,סנו ריצפז פרש לילך 2ליטר,סנו,,סנו ריצפז,ליטרים,2.00,ליטר,false,0,19.70,9.85,true,1,
7290012117381,false,קרמה ג'ל אחר גילוח רג150,קוסמופארם,IL,קרמה ג'ל לגילוח,מיליליטרים,150.00,"100 מ""ל",false,0,32.60,21.73,true,1,
7290012117558,false,מרכ.מקסימה ס.מרוכז מסק1ל,סנו,IL,מקסימה ס.מרוכז,ליטרים,1.00,ליטר,false,0,15.90,15.90,true,1,
7290012193286,false,פרש וואנס קייר 72*4יח,על בד,IL,פרש וואנס,יחידה,1.00,יחידה,false,0,17.90,17.90,true,1,
7290012193316,false,אדג' ג'ל אולטימ.ירוק200מ,אנרג'ייזר,US,אדג' ג'ל גילוח,מיליליטרים,200.00,"100 מ""ל",false,0,17.90,8.95,true,1,
7290012226021,false,סלמי מעושן פראג 400 גרם,זוגלובק,IL,סלמי מעושן פראג,גרמים,400.00,100 גרם,false,0,22.90,5.73,true,1,
7290012226120,false,קבנוס 135 גרם,זוגלובק,IL,קבנוס,גרמים,135.00,100 גרם,false,0,12.50,9.26,true,1,
7290012226922,false,קבנוס בטעם שום 135 גרם,זוגלובק,IL,קבנוס בטעם שום,גרמים,135.00,100 גרם,false,0,12.50,9.26,true,1,
7290012226939,false,קבנוס בטעם צ'ילי 135 גרם,זוגלובק,IL,קבנוס בטעם צ'ילי,גרמים,135.00,100 גרם,false,0,12.50,9.26,true,1,
7290012226946,false,קבנוס בטעם בצל 135 גרם,זוגלובק,IL,קבנוס בטעם בצל,גרמים,135.00,100 גרם,false,0,12.50,9.26,true,1,
7290012226953,false,קבב 100% 360גרם,זוגלובק,IL,קבב 100%,גרמים,360.00,100 גרם,false,0,24.90,6.92,true,1,
7290012226960,false,מיני בורגר %100 בקר 360,זוגלובק,IL,מיני בורגר,גרמים,360.00,100 גרם,false,0,24.90,6.92,true,1,
7290012226977,false,המבורגר %100 בקר 360גרם,זוגלובק,IL,המבורגר,גרמים,360.00,100 גרם,false,0,24.90,6.92,true,1,
7290012227172,false,מארז כפרית חרמון 300*2גר,זוגלובק,IL,מארז כפרית חרמון,גרמים,600.00,100 גרם,false,0,35.50,5.92,true,1,
7290012227370,false,שניצל תירס דק פיצה 650גר,זוגלובק,IL,שניצל תירס פיצה,גרמים,650.00,100 גרם,false,0,30.80,4.74,true,1,
7290012227851,false,קריספי סטיקס פלאפל 500גר,זוגלובק,IL,קריספי סטיקס פלא,גרמים,500.00,100 גרם,false,12,19.90,3.98,true,1,
7290012244018,false,עוג.מוס ר.חלב+שוק.לבן1קג,גידרון,IL,עוגת מוס,יחידה,1.00,יחידה,false,0,64.40,64.40,true,1,
7290012244025,false,עוגת טירמיסו 900 גרם,גידרון,,עוגת טירמיסו,יחידה,1.00,יחידה,false,0,64.40,64.40,true,1,
7290012244032,false,עוגת היער השחור 850 גרם,גידרון,,עוגת יער שחור,יחידה,1.00,יחידה,false,0,64.40,64.40,true,1,
7290012244070,false,עוגת שכבות שוקולד 920גרם,גידרון,IL,עוגת שכבות,יחידה,1.00,יחידה,false,0,64.40,64.40,true,1,
7290012244124,false,פחזניות 500 גרם,גידרון,IL,פחזניות,יחידה,1.00,יחידה,false,0,31.70,31.70,true,1,
7290012244278,false,עוגת היער השחור-פרווה720,גידרון,IL,עוגת היער השחור,גרמים,720.00,100 גרם,false,0,64.40,8.94,true,1,
7290012244407,false,עוגת סופלה שוקולד 150X2ג,גידרון,IL,מארז עוגת סופלה,גרמים,300.00,100 גרם,false,0,16.90,5.63,true,1,
7290012244605,false,מוס ריבת חלב פרווה 850גר,גידרון,IL,עוגת מוס פרווה,גרמים,850.00,100 גרם,false,0,64.40,7.58,true,1,
7290012244834,false,מוס שוק.קלאסי פרווה 880ג,גידרון,IL,עוגת מוס שוקולד,גרמים,880.00,100 גרם,false,0,64.40,7.32,true,1,
7290012313653,false,בצל קצוץ מטוגן בשמן425ג,אירוסיבולס,ES,בצל קצוץ מטוגן,גרמים,425.00,100 גרם,false,1,14.80,3.48,true,1,
7290012317491,false,קובה ירושלמי 600 גרם,יסמין,IL,קובה ירושלמי,גרמים,600.00,100 גרם,false,0,33.90,5.65,true,1,
7290012351334,false,אומגה ת.לחות SPF15 50מל,קרליין,,אומגה תחליב לחות,מיליליטרים,50.00,"100 מ""ל",false,0,60.00,120.00,true,1,
7290012351341,false,אומגה ק.לילה פרו אקטיב50,קרליין,,אומגה קרם לילה,יחידה,1.00,יחידה,false,0,60.00,60.00,true,1,
7290012359392,false,סילאן טבעי,,IL,סילאן טבעי,גרמים,900.00,100 גרם,false,0,29.60,3.29,true,1,
7290012404146,false,שוופס מוגז תפוחים1.5ל',יפאורה שותפות מובגלת לשיווק,IL,שוופס תפוחים,ליטרים,1.50,ליטר,false,0,7.00,4.67,true,1,
7290012404160,false,שוופס מוגז אשכולית1.5ל,יפאורה שותפות מובגלת לשיווק,IL,שוופס אשכולית,ליטרים,1.50,ליטר,false,0,7.00,4.67,true,1,
7290012404238,false,שוופס ראש'ן 1.5 ליטר,יפאורה שותפות מובגלת לשיווק,IL,שוופס ראש'ן,ליטרים,1.50,ליטר,false,0,9.90,6.60,true,1,
7290012404283,false,תפוזינה מנגו עסיס 1.5 ל',יפאורה שותפות מובגלת לשיווק,IL,תפוזינה מנגו,ליטרים,1.50,ליטר,false,0,6.50,4.33,true,1,
7290012404320,false,ספרינג ענבים 1.5 ליטר,יפאורה שותפות מובגלת לשיווק,IL,ספרינג ענבים,ליטרים,1.50,ליטר,false,0,6.90,4.60,true,1,
7290012404627,false,נקטר ספרינג תפוח גזר 1ל',יפאורה שותפות מובגלת לשיווק,IL,ספרינג תפוח גזר,ליטרים,1.00,ליטר,false,0,5.50,5.50,true,1,
7290012404863,false,ספרינג תה מנגו אפרסק1.5ל,יפאורה שותפות מובגלת לשיווק,IL,ספרינג תה מנגו,ליטרים,1.50,ליטר,false,0,6.50,4.33,true,1,
7290012404955,false,ספרינג קולקש.חמוציות1.25,יפאורה שותפות מובגלת לשיווק,IL,ספרינג חמוציות,ליטרים,1.25,ליטר,false,0,10.90,8.72,true,1,
7290012413636,false,תה ירוק צ'אי מסאלה 25שק',ויסוצקי,,תה ירוק צ'אי,גרמים,38.00,100 גרם,false,0,21.90,57.63,true,1,
7290012413643,false,תה ירוק קמומיל 25שק1.5*ג,ויסוצקי,IL,תה ירוק קמומיל,גרמים,75.00,100 גרם,false,0,21.90,29.20,true,1,
7290012413704,false,חליטת דבש+לימון 25 שק',ויסוצקי,IL,חליטת גן קסום,גרמים,67.00,100 גרם,false,0,13.90,20.75,true,1,
7290012522581,false,שניצל תירס טבעול ל.גלוטן,טבעול,,שניצל תירס,גרמים,664.00,100 גרם,false,0,30.60,4.61,true,1,
7290012522789,false,שניצל ברוקולי מופחת שומן,טבעול,IL,שניצל ברוקולי מופחת שומן,גרמים,630.00,100 גרם,false,0,36.00,5.71,true,1,
7290012522987,false,שניצל תירס 2קג,טבעול,IL,שניצל תירס,קילוגרמים,2.00,"ק""ג",false,0,58.50,29.25,true,1,
7290012557675,false,טורטייה מהדרין,,ES,טורטייה מהדרין,גרמים,320.00,100 גרם,false,0,13.90,4.34,true,1,
7290012642678,false,אננס חתוך כוס פלסט113X4ג,FOODS HUIZIANG JIANGSU,CN,אננס חתוך 4 יח,גרמים,452.00,100 גרם,false,0,12.80,2.83,true,1,
7290012665059,false,קובה למרק 400גרם,חמים וטעים,IL,קובה למרק,גרמים,400.00,100 גרם,false,12,14.90,3.73,true,1,
7290012665066,false,רביולי במילוי גבינה 400,"אדריה בע""מ",IL,רביולי במילוי גב,גרמים,400.00,100 גרם,false,0,14.90,3.73,true,1,
7290012665073,false,רביולי במילוי בטטה 400 ג,"אדריה בע""מ",IL,רביולי במילוי בט,גרמים,400.00,100 גרם,false,0,14.90,3.73,true,1,
7290012696213,false,גביעי נייר,,,גביעי נייר,יחידה,1.00,יחידה,false,0,6.80,6.80,true,1,
7290012697081,false,סוכרזית סטיוויה 100 שק',"ביסקול בע""מ",IL,סוכרזית סטיוויה,גרמים,100.00,100 גרם,false,0,33.50,33.50,true,1,
7290012803055,false,סוכרלוז 100 שקיות,"קיפל טבליות וממתיקים בע""מ",IL,סוכרלוז 100 שקיות,גרמים,100.00,100 גרם,false,0,30.90,30.90,true,1,
7290012803123,false,מגבוני פ.ואנס פרש4*72,על בד,IL,רביעית פרש וואנס,יחידה,1.00,יחידה,false,0,17.90,17.90,true,1,
7290012803215,false,וופל בלגי בטעם שוקולד200,גילרו,IL,וופל בלגי,גרמים,200.00,100 גרם,false,0,10.50,5.25,true,1,
7290012803604,false,ביסקוויט שוקולד+טרימי180,TAGO,PL,ביסקוויט טרמיסו,גרמים,180.00,100 גרם,false,0,10.00,5.56,true,1,
7290012803765,false,שוקולד מריר ללא סוכר100ג,אלטינמארקה,IL,שוקולד מריר,גרמים,100.00,100 גרם,false,0,12.60,12.60,true,1,
7290012823558,false,10מטליות לחות לרצפה סושי,סנו,IL,מטליות רצפה לחות,יחידה,1.00,יחידה,false,0,7.90,7.90,true,1,
7290012823800,false,תח.רחצה כיף חלב קוקוס750,קוסמופארם,IL,תחליב רחצה כיף,מיליליטרים,750.00,"100 מ""ל",false,0,10.00,1.33,true,1,
7290012823817,false,תח.רחצה כיף חלב לבנדר750,קוסמופארם,IL,תחליב רחצה כיף,מיליליטרים,750.00,"100 מ""ל",false,0,10.00,1.33,true,1,
7290012851902,false,"מי פה ליסטרין 750ZEROמ""ל",ג'ונסון,IL,מי פה ליסטרין,מיליליטרים,750.00,"100 מ""ל",false,0,39.90,5.32,true,1,
7290012884986,false,"ציפס לתנור 1.5 ק""ג",תפוגן,IL,ציפס לתנור,קילוגרמים,1.50,"ק""ג",false,0,28.90,19.27,true,1,
7290012901355,false,ארוחת מקרוני עם גבינה206,הנדריקס פודס,US,ארוחת מקרוני,גרמים,206.00,100 גרם,false,1,12.90,6.26,true,1,
7290012938740,false,משחת סנסודיין פרש מינט75,סמית קליין,GB,משחת סנסודיין,מיליליטרים,75.00,"100 מ""ל",false,0,17.90,23.87,true,1,
7290012984228,false,מאגדת מנגו פסיפלורה 6יח,נסטלה,IL,מאגדת מנגו פסיפלורה 6יח,גרמים,468.00,100 גרם,false,0,28.10,6.00,true,1,
7290012984419,false,מאגדת אקסטרים שוקו וניל,נסטלה,IL,מאגדת אקסטרים שוקו וניל,גרמים,6.00,100 גרם,false,0,37.00,616.67,true,1,
7290013027016,false,לחם קמח מלא+100%דגנים750,מאפיית שלמה א. אנג'ל,IL,לחם קמח מלא+100%דגנים750,גרמים,750.00,100 גרם,false,0,10.90,1.45,true,1,
7290013027399,false,לחם מלא+100%שיפון-קל750ג,מאפיית שלמה א. אנג'ל,IL,לחם מלא+100%שיפון-קל750ג,גרמים,750.00,100 גרם,false,0,15.30,2.04,true,1,
7290013027535,false,לחם שיפון קל 750 גרם,מאפיית שלמה א. אנג'ל,IL,לחם שיפון קל 750 גרם,גרמים,750.00,100 גרם,false,0,13.80,1.84,true,1,
7290013027849,false,לחם אנג'ל100קל+שיפון500,מאפיית שלמה א. אנג'ל,IL,לחם אנג'ל100קל+שיפון500,גרמים,500.00,100 גרם,false,0,13.80,2.76,true,1,
7290013038234,false,מים אקווה נובה 2*6 ליטר,טמפו,IL,אקווה נובה 6 בקב,ליטרים,12.00,ליטר,false,0,11.30,0.94,true,1,
7290013068361,false,"שמן זית אליעד 750 מ""ל",אליעד בית בד בגולן,IL,שמן זית,מיליליטרים,750.00,"100 מ""ל",false,0,38.90,5.19,true,1,
7290013068378,false,שמן זית ישראלי כתית 2 ל',אליעד בית בד בגולן,IL,שמן זית ישראלי,ליטרים,2.00,ליטר,false,0,86.30,43.15,true,1,
7290013068477,false,סרדינים בשמן זית 120 גרם,סוסיאטה דמסה,MA,סרדינים בשמן זית,גרמים,120.00,100 גרם,false,0,6.90,5.75,true,1,
7290013068484,false,סרדינים בשמן צמחי חריף 1,סוסיאטה דמסה,MA,סרדינים בשמן,גרמים,120.00,100 גרם,false,0,6.90,5.75,true,1,
7290013068637,false,פטריות חתוכות 290*3ג,פרוצ'אמפ,NL,פטריות שמפיניון,גרמים,870.00,100 גרם,false,0,13.60,1.56,true,1,
7290013068705,false,שמן זית ישראלי כתית750מ,אליעד בית בד בגולן,IL,"שמן זית 750 מ""ל",מיליליטרים,750.00,"100 מ""ל",false,0,38.90,5.19,true,1,
7290013083678,false,מטרנה אקסטרה קר שלב2 700,נסטלה,IL,מטרנה אקסטרה קר,גרמים,700.00,100 גרם,false,0,64.90,9.27,true,1,
7290013083685,false,מטרנה אקסטרה קר שלב3 700,נסטלה,IL,מטרנה אקסטרה קר,גרמים,700.00,100 גרם,false,0,64.90,9.27,true,1,
7290013117229,false,"בורקס פילו תפו""א 600 גרם","מעדנות בע""מ",IL,"בורקס תפו""א",גרמים,600.00,100 גרם,false,0,23.70,3.95,true,1,
7290013117410,false,בצק פריך מתוק 450X2 900,"מעדנות בע""מ",IL,בצק פריך,גרמים,900.00,100 גרם,false,0,26.40,2.93,true,1,
7290013117427,false,בצק פריך מלוח 450X2גרם 0,"מעדנות בע""מ",IL,בצק פריך,גרמים,900.00,100 גרם,false,0,26.40,2.93,true,1,
7290013117526,false,בצק שמרים למאפים מתוקים,"מעדנות בע""מ",IL,בצק שמרים,גרמים,900.00,100 גרם,false,0,25.70,2.86,true,1,
7290013128003,false,"תמר מג'הול 1 ק""ג-דוד חי",קטיף,IL,"תמר מג'הול 1 ק""ג-דוד חי",קילוגרמים,1.00,"ק""ג",false,0,30.90,30.90,true,1,
7290013128386,false,תמר מגהול סופר עסיסי300ג,.,IL,תמר סופר עסיסי,גרמים,300.00,100 גרם,false,1,20.00,6.67,true,1,
7290013144980,false,תרסיס שמן קנולה 170 גרם,גאטא קוסמטיקה,TR,תרסיס שמן קנולה,גרמים,170.00,100 גרם,false,1,15.90,9.35,true,1,
7290013144997,false,תרסיס שמן זית 140 גרם,גאטא קוסמטיקה,IL,תרסיס שמן זית,גרמים,140.00,100 גרם,false,1,15.90,11.36,true,1,
7290013153395,false,פריגת סחוט רימונים 1ליטר,פריגת,IL,מיץ סחוט רימונים,ליטרים,1.00,ליטר,false,1,21.70,21.70,true,1,
7290013153401,false,מיץ סחוט תפוז אדום 2ליטר,פריגת,IL,סחוט תפוז אדום,ליטרים,2.00,ליטר,false,1,20.90,10.45,true,1,
7290013153418,false,מיץ סחוט לימון נענע 1 לי,פריגת,IL,מיץ לימון נענע,ליטרים,1.00,ליטר,false,1,16.00,16.00,true,1,
7290013156266,false,נשיקות מיני טעם תות100ג,.,IL,נשיקות מיני תות,גרמים,100.00,100 גרם,false,0,19.70,19.70,true,1,
7290013156273,false,נשיקות מיני טעם וניל100ג,.,IL,נשיקות מיני וניל,גרמים,100.00,100 גרם,false,0,19.70,19.70,true,1,
7290013261014,false,סן פולין 200 גרם,מאיטרס לאיטרס,FR,סן פולין,גרמים,200.00,100 גרם,false,1,21.90,10.95,true,1,
7290013261045,false,בושה מחלב עיזים 180 גרם,קואופרטיב לייטיארה,FR,בושה מחלב עיזים,גרמים,180.00,100 גרם,false,1,19.90,11.06,true,1,
7290013267085,false,מאגדת לייט שוקולד 6שלגונ,שטראוס,IL,מאגדת לייט,גרמים,204.00,100 גרם,false,0,27.90,13.68,true,1,
7290013267436,false,מאגדת לייט מיני אגוזים 6,שטראוס,IL,מאגדת לייט,גרמים,234.00,100 גרם,false,0,27.90,11.92,true,1,
7290013267566,false,גל.קרמיסימו בומבה 1.33לי,שטראוס,IL,גל.קרמיסימו בומבה 1.33לי,ליטרים,1.30,ליטר,false,0,20.90,16.08,true,1,
7290013267665,false,מאגדת מיני סולרו טרופי,שטראוס,IL,מאגדת מיני סולרו טרופי,גרמים,295.00,100 גרם,false,0,26.70,9.05,true,1,
7290013268020,false,מקסימה סופר מרוכז פרש 1ל,סנו,IL,מרכך כביסה,ליטרים,1.00,ליטר,false,0,15.90,15.90,true,1,
7290013268037,false,מקסימה ס.מרוכז לבנדר 1ל',סנו,IL,מרכך כביסה,ליטרים,1.00,ליטר,false,0,15.90,15.90,true,1,
7290013268624,false,"שמפו כיף גלואו 750 מ""ל",קוסמופארם,IL,שמפו כיף,מיליליטרים,750.00,"100 מ""ל",false,0,10.00,1.33,true,1,
7290013268884,false,סנו ריצפז פרש מאסק 2ליטר,סנו,IL,ריצפז פרש לרצפות,ליטרים,2.00,ליטר,false,0,19.70,9.85,true,1,
7290013268891,false,אוקסיג'ן ג'ל 3ליטר,סנו,,אוקסיג'ן ג'ל,ליטרים,3.00,ליטר,false,0,30.00,10.00,true,1,
7290013269003,false,מקסימה מרכך בייבי 1 ליטר,סנו,IL,מקסימה מרכך,ליטרים,1.00,ליטר,false,0,17.20,17.20,true,1,
7290013269263,false,מקסימה ג'ל,,IL,מקסימה ג'ל,ליטרים,3.00,ליטר,false,0,22.90,7.63,true,1,
7290013269287,false,ג'ל כביסה מרוכז,,IL,ג'ל כביסה מרוכז,ליטרים,3.00,ליטר,false,0,22.90,7.63,true,1,
7290013269553,false,תחליב רחצה קרמה מאסק500מ,קוסמופארם,IL,תחליב רחצה קרמה,מיליליטרים,500.00,"100 מ""ל",false,0,10.00,2.00,true,1,
7290013269560,false,קרמה תחליב רחצה מאסק750מ,קוסמופארם,,קרמה תחליב רחצה,מיליליטרים,750.00,"100 מ""ל",false,0,15.90,2.12,true,1,
7290013283177,false,סבון ידיים סנט מוריץ 1 ל,קומפלקס כימיקלים,IL,סבון ידיים נוזלי,ליטרים,1.00,ליטר,false,1,8.90,8.90,true,1,
7290013284105,false,טבעות זיתים,,,טבעות זיתים,גרמים,500.00,100 גרם,false,0,10.20,2.04,true,1,
7290013284136,false,מלפפונים במלח,,,מלפפונים במלח,גרמים,560.00,100 גרם,false,0,6.80,1.21,true,1,
7290013284143,false,מלפפונים במלח,,,מלפפונים במלח,גרמים,560.00,100 גרם,false,0,7.80,1.39,true,1,
7290013284150,false,מלפפונים במלח 13-17 560ג,,,מלפפונים במלח 13-17 560ג,גרמים,560.00,100 גרם,false,0,10.20,1.82,true,1,
7290013284167,false,מלפפונים במלח,,,מלפפונים במלח,גרמים,560.00,100 גרם,false,0,13.30,2.38,true,1,
7290013284181,false,מלפפונים בחומץ,,,מלפפונים בחומץ,גרמים,560.00,100 גרם,false,0,7.80,1.39,true,1,
7290013284310,false,רוטב פסטה,,IL,רוטב פסטה,גרמים,240.00,100 גרם,false,0,6.20,2.58,true,1,
7290013284785,false,רוטב פפרונטה 380 גרם,פרי ניר,IL,רוטב פפרונטה,גרמים,380.00,100 גרם,false,1,5.00,1.32,true,1,
7290013284808,false,זיתים ירוקים מבוקעים560ג,פרי ניר,IL,זיתים ירוקים,גרמים,560.00,100 גרם,false,1,9.80,1.75,true,1,
7290013284891,false,עגבניות מרוסקות 800 גרם,פרי ניר,IL,עגבניות מרוסקות,גרמים,800.00,100 גרם,false,1,7.80,0.98,true,1,
7290013358295,false,קראנצוס גריל 200 גרם,מנה,IL,קראנצוס 200 גרם,גרמים,200.00,100 גרם,false,0,5.90,2.95,true,1,
7290013358301,false,קראנצוס ברביקיו 200 גרם,מנה,IL,קראנצוס 200 גרם,גרמים,200.00,100 גרם,false,0,5.90,2.95,true,1,
7290013358363,false,פרורי לחם יפני מוזהב300ג,עינת,IL,פרורי לחם יפני,גרמים,300.00,100 גרם,false,0,10.80,3.60,true,1,
7290013358387,false,"קמח מקצועי מאסטר שף 1ק""ג",שטיבל,IL,קמח מאסטר שף,קילוגרמים,1.00,"ק""ג",false,0,5.90,5.90,true,1,
7290013358417,false,רוטב טריאקי אסייאתי300מ,קי.אר.אס. ספייסי פוד,TH,רוטב טריאקי,מיליליטרים,300.00,"100 מ""ל",false,1,13.80,4.60,true,1,
7290013358424,false,"רוטב סויה בהירה 500 מ""ל",קי.אר.אס. ספייסי פוד,TH,רוטב סויה,מיליליטרים,500.00,"100 מ""ל",false,1,18.70,3.74,true,1,
7290013358462,false,מיני קרוטונים למרק350גרם,עינת,IL,מיני קרוטונים,גרמים,350.00,100 גרם,false,0,20.70,5.91,true,1,
7290013358486,false,פירורי לחם ללא ביצה300ג,עינת,IL,פירורי לחם,גרמים,300.00,100 גרם,false,0,11.60,3.87,true,1,
7290013358684,false,קוסקוס דורום 350 גרם,"חטיפים מין הטבע בע""מ",IL,קוסקוס דורום,גרמים,350.00,100 גרם,false,1,8.80,2.51,true,1,
7290013358882,false,אייר פופס טורטייה טבעי40,דיאבטיקום,IL,חטיף אייר פופס,גרמים,40.00,100 גרם,false,0,5.50,13.75,true,1,
7290013358967,false,קראנצ'וס מיקס בוטנים40גר,מנה,IL,קראנצ'וס מיקס,גרמים,40.00,100 גרם,false,0,4.00,10.00,true,1,
7290013366634,false,חסה סלנובה -יחידה,קטיף,IL,חסה סלנובה,יחידה,1.00,יחידה,false,0,13.00,13.00,true,1,
7290013472199,false,ערמונים קלופים קלויים105,הבי ליקראן,CN,ערמונים 105גרם,גרמים,105.00,100 גרם,false,0,9.80,9.33,true,1,
7290013472328,false,מקרלים בשמן צמחי,,PT,מקרלים בשמן צמחי,גרמים,120.00,100 גרם,false,0,6.80,5.67,true,1,
7290013474063,false,בייגלה שמיניות 60 גרם,יוניליוור,IL,בייגלה שמיניות,גרמים,60.00,100 גרם,false,0,3.50,5.83,true,1,
7290013474377,false,בייגלה דקים מלח ים300גרם,יוניליוור,IL,בייגלה דקים,גרמים,300.00,100 גרם,false,0,7.90,2.63,true,1,
7290013474438,false,בייגלה דקים שומשום300גרם,יוניליוור,IL,בייגלה דקים,גרמים,300.00,100 גרם,false,0,7.90,2.63,true,1,
7290013531117,false,רוטב פסטה לילדים 260 גרם,זנלכל,IL,רוטב פסטה,גרמים,260.00,100 גרם,false,0,5.20,2.00,true,1,
7290013531797,false,אפונה קטנה 200*3 גרם,KFT KECSKEMET,HU,אפונה קטנה 3 יח,גרמים,600.00,100 גרם,false,1,11.90,1.98,true,1,
7290013540614,false,סרדינים בשמן זית 125 גרם,תעשיות פילטונה,MA,סרדינים בשמן זית,גרמים,125.00,100 גרם,false,0,7.80,6.24,true,1,
7290013584113,false,"ספרייט פחית סליק 330 מ""ל",החברה המרכזית לייצור משקאות,IL,ספרייט,מיליליטרים,330.00,"100 מ""ל",false,0,6.40,1.94,true,1,
7290013584144,false,"ספרייט 500 מ""ל",החברה המרכזית לייצור משקאות,IL,"ספרייט 500 מ""ל",מיליליטרים,500.00,"100 מ""ל",false,0,7.90,1.58,true,1,
7290013584182,false,ספרייט 1.5 ליטר,החברה המרכזית לייצור משקאות,IL,ספרייט בקבוק,ליטרים,1.50,ליטר,false,0,6.90,4.60,true,1,
7290013584816,false,"משק""ל פריגת לימונענע1.5ל",פריגת,IL,"משק""ל פריגת",ליטרים,1.50,ליטר,false,0,6.90,4.60,true,1,
7290013585233,false,"ספרייט זירו 330 מ""ל",החברה המרכזית לייצור משקאות,IL,ספרייט זירו,מיליליטרים,330.00,"100 מ""ל",false,1,6.40,1.94,true,1,
7290013585240,false,ספרייט זירו 1.5 ליטר,החברה המרכזית לייצור משקאות,IL,ספרייט זירו,ליטרים,1.50,ליטר,false,1,6.90,4.60,true,1,
7290013585257,false,"ספרייט זירו 500 מ""ל",החברה המרכזית לייצור משקאות,IL,ספרייט זירו,מיליליטרים,500.00,"100 מ""ל",false,1,7.90,1.58,true,1,
7290013585271,false,ספרייט זירו 1.5*6 ליטר,החברה המרכזית לייצור משקאות,IL,ספרייט זירו 6 יח,ליטרים,9.00,ליטר,false,1,37.90,4.21,true,1,
7290013585356,false,פיוז תה פירות יער 1.5ל',מבשלות בירה בינלאומיות,IL,פיוז תה,ליטרים,1.50,ליטר,false,1,6.00,4.00,true,1,
7290013585387,false,קולה זירו 1 ליטר,החברה המרכזית לייצור משקאות,IL,קולה זירו,ליטרים,1.00,ליטר,false,1,5.70,5.70,true,1,
7290013585394,false,קוקה קולה 1 ליטר,החברה המרכזית לייצור משקאות,IL,קוקה קולה,ליטרים,1.00,ליטר,false,1,5.70,5.70,true,1,
7290013585493,false,פריגת אננס פסיפלורה1.5ל,מבשלות בירה בינלאומיות,IL,"משק""ל פריגת",ליטרים,1.50,ליטר,false,1,6.90,4.60,true,1,
7290013585509,false,"משק""ל פריגת אפרסק 1.5 לי",מבשלות בירה בינלאומיות,IL,"משק""ל פריגת",ליטרים,1.50,ליטר,false,1,6.90,4.60,true,1,
7290013585851,false,"משק""ל תפוז מנדרינה 1.5ל",מבשלות בירה בינלאומיות,IL,"משק""ל תפוז",ליטרים,1.50,ליטר,false,1,6.90,4.60,true,1,
7290013585868,false,"משק""ל אשכולית פומלית1.5ל",מבשלות בירה בינלאומיות,IL,"משק""ל אשכולית",ליטרים,1.50,ליטר,false,1,6.90,4.60,true,1,
7290013608086,false,מיץ פירות הדר100%טבעי1ל,גניר,IL,מיץ פירות הדר,ליטרים,1.00,ליטר,false,0,16.30,16.30,true,1,
7290013608260,false,מיץ רימונים סחוט טרי 1ל',גניר,IL,מיץ רימונים,ליטרים,1.00,ליטר,false,0,24.70,24.70,true,1,
7290013608277,false,מיץ רימון תפוח 100% 1ל',גניר,IL,מיץ רימון תפוח,ליטרים,1.00,ליטר,false,0,24.70,24.70,true,1,
7290013652775,false,מסכה נטורל קר ש.רגיל450מ,פישר מעבדות פרמצבטיות,,מסכה נטורל קר ש.רגיל450מ,מיליליטרים,450.00,"100 מ""ל",false,0,35.10,7.80,true,1,
7290013652782,false,ק.לחות נטורל קר מתולת400,פישר מעבדות פרמצבטיות,,קרם לחות לשיער,מיליליטרים,400.00,"100 מ""ל",false,0,14.90,3.73,true,1,
7290013652799,false,ק.לחות נטורל קר רגיל400מ,פישר מעבדות פרמצבטיות,,קרם לחות לשיער,מיליליטרים,400.00,"100 מ""ל",false,0,14.90,3.73,true,1,
7290013675163,false,שניצל קריספי מ.עוף 500ג,תנובה,IL,שניצל קריספי מ.עוף 500ג,גרמים,500.00,100 גרם,false,1,33.90,6.78,true,1,
7290013675170,false,שניצל קריספי שומשום עוף,תנובה,IL,שניצל קריספי שומשום עוף,גרמים,500.00,100 גרם,false,1,33.90,6.78,true,1,
7290013675187,false,שניצל קריספי חריף 500גרם,תנובה,IL,שניצל קריספי חרי,גרמים,500.00,100 גרם,false,14,33.90,6.78,true,1,
7290013675194,false,שניצל אמיתי ביתי ל.גלוטן,מאמא עוף,IL,שניצל אמיתי,גרמים,700.00,100 גרם,false,1,44.50,6.36,true,1,
7290013675316,false,אצבעות שניצל ללא גלוטן,מאמא עוף,IL,אצבעות שניצל,גרמים,700.00,100 גרם,false,1,39.40,5.63,true,1,
7290013702005,false,מים טעם פירות יער 1.5 ל,יפאורה שותפות מובגלת לשיווק,IL,מים פירות יער,ליטרים,1.50,ליטר,false,0,6.80,4.53,true,1,
7290013702029,false,שוופס מים טעם אפרסק 1.5ל,יפאורה שותפות מובגלת לשיווק,IL,שוופס מים אפרסק,ליטרים,1.50,ליטר,false,0,6.80,4.53,true,1,
7290013702043,false,שוופס מים טעם ענבים 1.5ל,יפאורה שותפות מובגלת לשיווק,IL,מים בטעם ענבים,ליטרים,1.50,ליטר,false,0,6.80,4.53,true,1,
7290013702371,false,שוופס מים בטעם תפוח 1.5ל,יפאורה שותפות מובגלת לשיווק,IL,שוופס מים תפוח,ליטרים,1.50,ליטר,false,0,6.80,4.53,true,1,
7290013702388,false,"שוופס תפוח 500 מ""ל",יפאורה שותפות מובגלת לשיווק,IL,שוופס תפוח,מיליליטרים,500.00,"100 מ""ל",false,0,8.90,1.78,true,1,
7290013702463,false,שוופס מוגז למונייד 1.5 ל,יפאורה שותפות מובגלת לשיווק,IL,שוופס למונייד,ליטרים,1.50,ליטר,false,0,7.00,4.67,true,1,
7290013702470,false,שוופס מוגז לימונדה ורודה,יפאורה שותפות מובגלת לשיווק,IL,שוופס לימונדה,ליטרים,1.50,ליטר,false,0,7.00,4.67,true,1,
7290013702500,false,שוופס דיאט למון ליים1.5ל,יפאורה שותפות מובגלת לשיווק,IL,שוופס למון ליים,ליטרים,1.50,ליטר,false,0,6.90,4.60,true,1,
7290013702555,false,שוופס מוגז עדין אננס1.5ל,יפאורה שותפות מובגלת לשיווק,IL,שוופס מוגז עדין,ליטרים,15.00,ליטר,false,0,6.90,0.46,true,1,
7290013702852,false,"שוופס ראשן 330 מ""ל",יפאורה שותפות מובגלת לשיווק,IL,שוופס ראשן,מיליליטרים,330.00,"100 מ""ל",false,0,6.50,1.97,true,1,
7290013702951,false,שוופס למון ליים 1.5*6ל',יפאורה שותפות מובגלת לשיווק,IL,שוופס ליים 6 יח,ליטרים,9.00,ליטר,false,0,21.90,2.43,true,1,
7290013702968,false,שוופס למ.ליים דיאט1.5*6ל,יפאורה שותפות מובגלת לשיווק,IL,שוופס ליים 6 יח,ליטרים,9.00,ליטר,false,0,21.90,2.43,true,1,
7290013702999,false,שוופס מוגז גוארנה1.5ל,יפאורה שותפות מובגלת לשיווק,IL,שוופס גוארנה,ליטרים,1.50,ליטר,false,0,7.00,4.67,true,1,
7290013724946,false,שקדים בשוקולד מריר 160גר,שקדיה,IL,שקד בשוקולד מריר,גרמים,160.00,100 גרם,false,0,15.80,9.88,true,1,
7290013724953,false,חמוציות בשוקולד חלב 160ג,שקדיה,IL,חמוציות בשוקולד,גרמים,160.00,100 גרם,false,0,15.80,9.88,true,1,
7290013724960,false,שקדים בשוקולד חלב 160גרם,שקדיה,IL,שקדים בשוקולד,גרמים,160.00,100 גרם,false,0,15.80,9.88,true,1,
7290013724984,false,בוטנים בשוקולד מריר 160ג,שקדיה,IL,בוטנים בשוקולד,גרמים,160.00,100 גרם,false,0,15.80,9.88,true,1,
7290013724991,false,אגוז לוז בשוקולד חלב160ג,שקדיה,IL,א.לוז בשוקולד,גרמים,160.00,100 גרם,false,0,15.80,9.88,true,1,
7290013725844,false,שומשום בשוקולד מריר 160ג,שקדיה,IL,שומשום בשוקולד,גרמים,160.00,100 גרם,false,0,15.80,9.88,true,1,
7290013809391,false,אבקת ניקוי+הברקה,,IL,אבקת ניקוי+הברקה,גרמים,600.00,100 גרם,false,0,8.10,1.35,true,1,
7290013847119,false,טונה סטארקיסט קנולה160*4,סטארקיסט,IL,טונה בשמן 4 יח,גרמים,640.00,100 גרם,false,0,25.90,4.05,true,1,
7290013847157,false,טונה שמ.זית כ.מעולה110*4,סטארקיסט,IL,טונה בשמן זית4יח,גרמים,440.00,100 גרם,false,0,26.90,6.11,true,1,
7290013847607,false,סטארקיסט לסלט שמן שום160,סטארקיסט,IL,סטארקיסט לה סלט,גרמים,160.00,100 גרם,false,1,8.80,5.50,true,1,
7290013847614,false,סטארקיסט לסלט ויניגרט160,סטארקיסט,IL,סטארקיסט לה סלט,גרמים,160.00,100 גרם,false,1,8.80,5.50,true,1,
7290013847669,false,סטארקיסט לסנדביץ צ'ילי,סטארקיסט,IL,סטארקיסט לסנדביץ,גרמים,200.00,100 גרם,false,1,9.80,4.90,true,1,
7290013847676,false,סטארקיסט לסנדביץ+בצל200ג,סטארקיסט,IL,סטארקיסט לסנדביץ,גרמים,200.00,100 גרם,false,1,9.80,4.90,true,1,
7290013848581,false,נייר מגבת בגליל,,IL,נייר מגבת בגליל,מטרים,63.00,מטר,false,0,13.50,0.21,true,1,
7290013848680,false,קרמה אלפא מרכך רגיל 700מ,קוסמופארם,IL,מרכך שיער קרמה,מיליליטרים,700.00,"100 מ""ל",false,0,12.90,1.84,true,1,
7290013848710,false,קרמה אלפא מרכך מתולתל700,קוסמופארם,IL,מרכך שיער קרמה,מיליליטרים,700.00,"100 מ""ל",false,0,12.90,1.84,true,1,
7290013848895,false,דאו.קרמה רול און מאסק75מ,קוסמופארם,IL,דאודורנט קרמה,מיליליטרים,75.00,"100 מ""ל",false,0,13.90,18.53,true,1,
7290013848987,false,דאו.קרמה ספריי מאסק 150מ,קוסמופארם,IL,דאודורנט קרמה,מיליליטרים,150.00,"100 מ""ל",false,0,13.90,9.27,true,1,
7290013883445,false,אסטוניש קרם מטבח,,IL,אסטוניש קרם מטבח,מיליליטרים,550.00,"100 מ""ל",false,0,22.20,4.04,true,1,
7290013883469,false,אסטוניש קרם אמבט,,IL,אסטוניש קרם אמבט,מיליליטרים,550.00,"100 מ""ל",false,0,22.20,4.04,true,1,
7290013906052,false,נקניקיות פרגיות 300 גרם,טירת צבי,IL,נקניקיות פרגיות,גרמים,300.00,100 גרם,false,0,15.00,5.00,true,1,
7290013906205,false,פסטרמה שום וצ'ילי 400 גר,טירת צבי,IL,פסטרמה שום+צ'לי,גרמים,400.00,100 גרם,false,0,35.90,8.98,true,1,
7290013906441,false,קבנוס 120 גרם,טירת צבי,IL,קבנוס,גרמים,120.00,100 גרם,false,0,12.30,10.25,true,1,
7290013906489,false,חטיפי קבנוס 120 גרם,טירת צבי,IL,חטיפי קבנוס,גרמים,120.00,100 גרם,false,0,12.30,10.25,true,1,
7290013906496,false,פסטרמה עגל רומני 120 גרם,טירת צבי,IL,פסטרמה עגל רומני,גרמים,120.00,100 גרם,false,0,17.30,14.42,true,1,
7290013906687,false,צמד כפרי ברביקיו 600גרם,טירת צבי,IL,צמד כפרי ברביקיו,גרמים,600.00,100 גרם,false,8,31.90,5.32,true,1,
7290013927101,false,"עוגה ללא סוכר תפו""ע450ג","אחדות בע""מ א.ת. ברקן",IL,עוגת תפוח עץ,גרמים,450.00,100 גרם,false,0,14.90,3.31,true,1,
7290013927156,false,עוגה ללא סוכר פ.יער450ג,"אחדות בע""מ א.ת. ברקן",IL,עוגה ללא סוכר פ.יער450ג,גרמים,450.00,100 גרם,false,0,14.90,3.31,true,1,
7290013997210,false,שניצל תירס טבעול חר. 750,טבעול,IL,שניצל תירס טבעול,גרמים,750.00,100 גרם,false,0,29.60,3.95,true,1,
7290013997937,false,מיני המבורגר פטריות טבעו,טבעול,IL,מיני המבורגר פטר,גרמים,540.00,100 גרם,false,0,32.60,6.04,true,1,
7290014002074,false,ויסוצקידס פטל 20 שקיקים,ויסוצקי,IL,ויסוצקידס פטל,גרמים,54.00,100 גרם,false,0,13.90,25.74,true,1,
7290014002128,false,תה ירוק לימונית מנטה25שק,ויסוצקי,IL,תה ירוק לימונית,גרמים,37.00,100 גרם,false,0,21.90,59.19,true,1,
7290014002135,false,תה ירוק מיקס 25 שקיקים,ויסוצקי,IL,תה ירוק מיקס,גרמים,37.00,100 גרם,false,0,21.90,59.19,true,1,
7290014002173,false,תה ירוק תפוז 25ש1.5*גר,ויסוצקי,IL,תה ירוק תפוז,גרמים,75.00,100 גרם,false,0,21.90,29.20,true,1,
7290014002197,false,חליטת קמומיל ולימונית25ש,ויסוצקי,IL,חליטת קמומיל,גרמים,75.00,100 גרם,false,0,13.90,18.53,true,1,
7290014002203,false,חליטת לימונים לואיזה 25ש,ויסוצקי,IL,חליטת לימונים,גרמים,75.00,100 גרם,false,0,13.90,18.53,true,1,
7290014046436,false,נשנושי קבנוס 125 גרם,מעדני יחיעם,IL,נשנושי קבנוס,גרמים,125.00,100 גרם,false,0,15.00,12.00,true,1,
7290014046443,false,קבנוס 2 * 125 גרם,מעדני יחיעם,IL,קבנוס 2 יחידות,גרמים,250.00,100 גרם,false,0,22.70,9.08,true,1,
7290014046474,false,"נקניקיות עוף 1.5 ק""ג",מעדני יחיעם,IL,נקניקיות עוף,קילוגרמים,1.50,"ק""ג",false,0,34.20,22.80,true,1,
7290014066168,false,קפה לבוקר טחון מארז70*4ג,קפה לנדוור,IL,קפה לנדוור 4 יח,גרמים,280.00,100 גרם,false,1,22.30,7.96,true,1,
7290014083806,false,עוגיות טעם חמאה,,PT,עוגיות טעם חמאה,גרמים,350.00,100 גרם,false,0,13.80,3.94,true,1,
7290014083813,false,שפרוטים,,IL,שפרוטים,גרמים,190.00,100 גרם,false,0,12.70,6.68,true,1,
7290014094079,false,בוטן קלוף קלוי 200גרם,שקדיה,IL,בוטן קלוף קלוי,גרמים,200.00,100 גרם,false,0,10.80,5.40,true,1,
7290014094086,false,בוטן בקליפה קלוי 200גרם,שקדיה,IL,בוטן בקליפה קלוי,גרמים,200.00,100 גרם,false,0,9.80,4.90,true,1,
7290014094116,false,מנצ'ס 200גרם,שקדיה,IL,מנצ'ס,גרמים,200.00,100 גרם,false,0,10.80,5.40,true,1,
7290014094123,false,בוטן אמריקאי 200גרם,שקדיה,IL,בוטן אמריקאי,גרמים,200.00,100 גרם,false,0,8.80,4.40,true,1,
7290014095021,false,אגוז מלך קלוף טבעי 150ג,שקדיה,IL,אגוז מלך קלוף,גרמים,150.00,100 גרם,false,0,16.90,11.27,true,1,
7290014095861,false,שבולת שועל דקה 500 גרם,שקדיה,IL,שיבולת שועל,גרמים,500.00,100 גרם,false,0,7.80,1.56,true,1,
7290014095922,false,"דבש מפרחי הדר 1 ק""ג",שקדיה,IL,דבש מפרחי הדר,קילוגרמים,1.00,"ק""ג",false,0,41.90,41.90,true,1,
7290014095960,false,שבולת שועל עבה 500 גרם,שקדיה,IL,שיבולת שועל,גרמים,500.00,100 גרם,false,0,7.80,1.56,true,1,
7290014126428,false,טבליות סטיביה 150 יחידות,סוראל,CN,טבליות סטיביה,גרמים,9.00,100 גרם,false,0,30.60,340.00,true,1,
7290014126978,false,דאק דוחה כתמים750*2מ,ג'ונסון,IL,דאק פאוור זוג,מיליליטרים,1500.00,"100 מ""ל",false,0,17.90,1.19,true,1,
7290014217225,false,גריל עוף במיכל 120 גרם,תבליני טעם וריח,IL,גריל עוף,גרמים,120.00,100 גרם,false,0,11.80,9.83,true,1,
7290014218093,false,פיצה משפחתית קמח מלא 500,"מעדנות בע""מ",IL,פיצה משפחתית,גרמים,500.00,100 גרם,false,0,24.70,4.94,true,1,
7290014218154,false,פיצה דקה שום 410גרם,תנובה,IL,פיצה דקה שום,גרמים,410.00,100 גרם,false,10,17.90,4.37,true,1,
7290014241589,false,מיקס אגוזים 150גרם,פיצוחי הטיב,IL,מיקס אגוזים,גרמים,150.00,100 גרם,false,0,14.80,9.87,true,1,
7290014256897,false,"BUZZ קריניאנו 750 מ""ל",יקבי כרמל,IL,BUZZ קריניאנו,מיליליטרים,750.00,"100 מ""ל",false,1,27.90,3.72,true,1,
7290014256903,false,"מוסקטו סלקטד 750 מ""ל",יקבי כרמל,IL,מוסקטו סלקטד,מיליליטרים,750.00,"100 מ""ל",false,1,24.90,3.32,true,1,
7290014256910,false,"BUZZ מוסקט 750 מ""ל",יקבי כרמל,IL,BUZZ מוסקט,מיליליטרים,750.00,"100 מ""ל",false,1,27.90,3.72,true,1,
7290014256941,false,סוביניון בלאן סלקטד750מ,יקבי כרמל,IL,סוביניון בלאן,מיליליטרים,750.00,"100 מ""ל",false,1,24.90,3.32,true,1,
7290014256989,false,מיץ ענבים תירוש 1 ליטר,.,IL,מיץ ענבים תירוש,ליטרים,1.00,ליטר,false,1,17.90,17.90,true,1,
7290014258716,false,מטרנה צמחית 700 גרם,נסטלה,IL,מטרנה צמחי,גרמים,700.00,100 גרם,false,0,52.80,7.54,true,1,
7290014258730,false,מטרנה צמחית מגיל שנה700ג,נסטלה,IL,מטרנה צמחית,גרמים,700.00,100 גרם,false,0,69.20,9.89,true,1,
7290014338203,false,מנצ'ס פיקנטי 200גרם,קסין דיי ברייט,CN,מנצ'ס פיקנטי200ג,גרמים,200.00,100 גרם,false,0,8.90,4.45,true,1,
7290014397156,false,קרם גוף קרמה פרח וניל500,קוסמופארם,IL,קרם גוף קרמה פרח וניל500,מיליליטרים,500.00,"100 מ""ל",false,0,21.70,4.34,true,1,
7290014397279,false,שקיות מזון,,IL,שקיות מזון,יחידה,1.00,יחידה,false,0,10.90,10.90,true,1,
7290014397729,false,אקונומיקה פיסגה,,IL,אקונומיקה פיסגה,ליטרים,2.00,ליטר,false,0,10.00,5.00,true,1,
7290014397767,false,ריצפז פרש הום,,IL,ריצפז פרש הום,ליטרים,2.00,ליטר,false,0,16.90,8.45,true,1,
7290014435704,false,סלמון מעושן 100 גרם,סלטי שמיר,IL,סלמון מעושן,גרמים,100.00,100 גרם,false,0,16.80,16.80,true,1,
7290014435803,false,8מטיאס הולנדי עם בצל180ג,סלטי שמיר,IL,מטיאס הולנדי+בצל,גרמים,180.00,100 גרם,false,0,16.80,9.33,true,1,
7290014435834,false,מקרל מעושן פרוס בשמן180ג,סלטי שמיר,IL,מקרל מעושן פרוס,גרמים,180.00,100 גרם,false,0,20.70,11.50,true,1,
7290014455078,false,גבינת שמנת 5%,,IL,גבינת שמנת 5%,גרמים,200.00,100 גרם,false,0,10.00,5.00,true,1,
7290014455085,false,גבינת שמנת,,IL,גבינת שמנת,גרמים,200.00,100 גרם,false,0,13.40,6.70,true,1,
7290014455245,false,גרנה פדנו משולש 200 גרם,גרנה פדני איטליה,IT,גבינה גרנה פדנו,גרמים,200.00,100 גרם,false,1,23.90,11.95,true,1,
7290014455252,false,גרנה פדנו מגורדת 100 גרם,גרנה פדני איטליה,IT,גבינה גרנה פדנו,גרמים,200.00,100 גרם,false,1,11.50,5.75,true,1,
7290014455467,false,מעדן שיבולת שועל 150 גרם,מחלבות גד,IL,מעדן שיבולת שועל,גרמים,150.00,100 גרם,false,1,5.90,3.93,true,1,
7290014459007,false,"קוביות ת""א 700גרם",תפוגן,IL,"קוביות ת""א",גרמים,700.00,100 גרם,false,0,16.80,2.40,true,1,
7290014459052,false,"שניצל תירס תפוגן 1.800ק""",תפוגן,IL,שניצל תירס תפוגן,קילוגרמים,1.80,"ק""ג",false,0,44.50,24.72,true,1,
7290014459083,false,"ציפס כפרי 1.5 ק""ג",תפוגן,IL,ציפס כפרי,קילוגרמים,1.50,"ק""ג",false,0,28.90,19.27,true,1,
7290014459113,false,ביסבול איטלקי 700גרם,תפוגן,IL,ביסבול איטלקי,גרמים,700.00,100 גרם,false,0,18.60,2.66,true,1,
7290014459137,false,סטייק צ'יפס תפוגן 1.5קג,תפוגן,IL,סטייק ציפס1.5קג,קילוגרמים,1.50,"ק""ג",false,0,28.90,19.27,true,1,
7290014459151,false,שניצל תירס לייט תפוגן630,תפוגן,IL,שניצל תירס לייט,גרמים,630.00,100 גרם,false,0,25.10,3.98,true,1,
7290014459267,false,"תפוגן פרוסות סלייס 1.5ק""",תפוגן,IL,תפוגן פרוסות,קילוגרמים,1.50,"ק""ג",false,10,28.90,19.27,true,1,
7290014459366,false,נאגטס תירס ללא מרכיב מחי,תפוגן,IL,נאגטס תירס,גרמים,600.00,100 גרם,false,9,22.90,3.82,true,1,
7290014462403,false,קיווי מובחר ארוז,.,IL,קיווי מובחר ארוז,יחידה,1.00,יחידה,false,0,10.90,10.90,true,1,
7290014466128,false,"אינדיגו הר חרמון 750 מ""ל",יקבי רמת הגולן קצרין,IL,הר חרמון אינדיגו,מיליליטרים,750.00,"100 מ""ל",false,0,32.90,4.39,true,1,
7290014466265,false,"גמלא פינו נואר 750 מ""ל",יקבי רמת הגולן קצרין,IL,גמלא פינו נואר,מיליליטרים,750.00,"100 מ""ל",false,0,54.90,7.32,true,1,
7290014466463,false,"מוסקטו הר חרמון 750 מ""ל",יקבי רמת הגולן קצרין,IL,הר חרמון מוסקטו,מיליליטרים,750.00,"100 מ""ל",false,0,32.90,4.39,true,1,
7290014603004,false,מאגדת מיני סולרו תות 295,שטראוס,IL,מאגדת מיני סולרו תות 295,גרמים,295.00,100 גרם,false,0,26.70,9.05,true,1,
7290014603073,false,מאגדת מיני מגנום דאבל גר,שטראוס,IL,מאגדת מיני מגנום,גרמים,310.00,100 גרם,false,0,29.90,9.65,true,1,
7290014603110,false,קארט דור שוקולד פאדג520,שטראוס,IL,קארט דור שוקולד פאדג520,מיליליטרים,520.00,"100 מ""ל",false,15,19.70,3.79,true,1,
7290014603547,false,גל.קרמיסימו וניל+שוק1.3.,שטראוס,IL,גל.קרמיסימו וניל+שוק1.3.,מיליליטרים,665.00,"100 מ""ל",false,0,20.90,3.14,true,1,
7290014603554,false,קרמיסימו סנדיי וניל תות,שטראוס,IL,קרמיסימו סנדיי וניל תות,ליטרים,1.33,ליטר,false,0,20.90,15.71,true,1,
7290014603639,false,ברנפלקס ללא גלוטן 375 גר,יוניליוור,IL,ברנפלקס,גרמים,375.00,100 גרם,false,0,24.90,6.64,true,1,
7290014603646,false,שוגי ללא גלוטן 375 גרם,יוניליוור,IT,שוגי ללא גלוטן,יחידה,1.00,יחידה,false,0,27.70,27.70,true,1,
7290014603653,false,כריות נוגט ללא גלוטן375ג,יוניליוור,IL,כריות נוגט,גרמים,375.00,100 גרם,false,0,27.70,7.39,true,1,
7290014603660,false,מאגדת מיני מגנום בראוניז,שטראוס,IL,מאגדת מיני מגנום,גרמים,265.00,100 גרם,false,0,29.90,11.28,true,1,
7290014603813,false,קרמיסימו מסטיק וניל 1330,שטראוס,IL,גלידת קרמיסימו,ליטרים,1.33,ליטר,false,0,20.90,15.71,true,1,
7290014603820,false,קרמיסימו ונילה פקאן 1330,שטראוס,IL,גלידת קרמיסימו,ליטרים,1.33,ליטר,false,0,20.90,15.71,true,1,
7290014603974,false,"קארט דור אלפחורס 520 מ""ל",שטראוס,IL,"קארט דור אלפחורס 520 מ""ל",מיליליטרים,520.00,"100 מ""ל",false,15,19.70,3.79,true,1,
7290014603981,false,"קארט דור טירמיסו 520 מ""ל",שטראוס,IL,"קארט דור טירמיסו 520 מ""ל",מיליליטרים,520.00,"100 מ""ל",false,15,19.70,3.79,true,1,
7290014603998,false,"קארט דור בראוניז 520 מ""ל",שטראוס,IL,"קארט דור בראוניז 520 מ""ל",מיליליטרים,520.00,"100 מ""ל",false,15,19.70,3.79,true,1,
7290014683402,false,עוגת יום הולדת שוק.עגול,גידרון,IL,עוגת שוקולד,יחידה,1.00,יחידה,false,0,64.40,64.40,true,1,
7290014683419,false,עוגת יום הולדת שוקולד יח,גידרון,IL,עוגת שוקולד,יחידה,1.00,יחידה,false,0,64.40,64.40,true,1,
7290014683853,false,עוגת פאי שוקולד 630גרם,גידרון,IL,עוגת פאי שוקולד,גרמים,630.00,100 גרם,false,6,49.50,7.86,true,1,
7290014712003,false,חומוס להכנה ביתית400ג,צ.י.תעשיות מזון יבנה,IL,חומוס,גרמים,400.00,100 גרם,false,1,18.70,4.68,true,1,
7290014725294,false,סוכרזית סוכרלוז 100שקיות,"ביסקול בע""מ",IL,סוכרזית סוכרלוז,גרמים,100.00,100 גרם,false,0,21.70,21.70,true,1,
7290014725348,false,סוכרזית קלאסי 100 שקיות,"ביסקול בע""מ",IL,סוכרזית קלאסי,גרמים,130.00,100 גרם,false,0,15.80,12.15,true,1,
7290014745391,false,חטיפי שניצל רובין 700גרם,עוף טוב,IL,חטיפי שניצל,גרמים,700.00,100 גרם,false,0,24.80,3.54,true,1,
7290014745414,false,שניצל דק ענק רובין 700גר,עוף טוב,IL,שניצל דק ענק,גרמים,700.00,100 גרם,false,0,31.70,4.53,true,1,
7290014745551,false,שניצל מספרים ע.טוב 100%,עוף טוב,IL,שניצל מספרים,גרמים,700.00,100 גרם,false,0,37.70,5.39,true,1,
7290014745650,false,חטיפי קבנוס עוף טוב130ג,עוף טוב,IL,חטיפי קבנוס,גרמים,130.00,100 גרם,false,0,12.80,9.85,true,1,
7290014745698,false,נקניקיות איכותיות 400גרם,עוף טוב,IL,נקניקיות עוף טוב,גרמים,400.00,100 גרם,false,0,15.80,3.95,true,1,
7290014745742,false,נקניקיות אריזת ספר1.25קג,עוף טוב,IL,נקניקיות עוף טוב,קילוגרמים,1.25,"ק""ג",false,0,32.60,26.08,true,1,
7290014745919,false,ע. ט. שניצל עוף דק700גרם,עוף טוב,IL,עוף ט. שניצל עוף,גרמים,700.00,100 גרם,false,0,42.90,6.13,true,1,
7290014746466,false,שניצל דק מופחת מלח ע.ט.,אסם,IL,שניצל דק מופח מל,גרמים,700.00,100 גרם,false,1,42.50,6.07,true,1,
7290014746480,false,אצבעות שניצל שומשום מופח,אסם,IL,אצבעות שניצל שומ,גרמים,700.00,100 גרם,false,1,39.60,5.66,true,1,
7290014746565,false,שניצל מעודן מופח מלח ע.ט,אסם,IL,שניצל מעודן,גרמים,700.00,100 גרם,false,1,46.50,6.64,true,1,
7290014746589,false,קורנביף-רצועות בקר 140ג,עוף טוב,IL,קורנביף-רצועות,גרמים,140.00,100 גרם,false,8,19.70,14.07,true,1,
7290014747043,false,פסטרמה חזה עוף מעושן ע.ט,עוף טוב,IL,פסטרמה חזה עוף,גרמים,250.00,100 גרם,false,1,23.90,9.56,true,1,
7290014758100,false,יוגורט ביו 8 יח,,IL,יוגורט ביו 8 יח,קילוגרמים,1.20,"ק""ג",false,0,16.10,13.42,true,1,
7290014758117,false,יוגורט ביו 8 יח,,IL,יוגורט ביו 8 יח,קילוגרמים,1.20,"ק""ג",false,0,16.10,13.42,true,1,
7290014758162,false,חלב עיזים מלא 1ל,,IL,חלב עיזים מלא 1ל,ליטרים,1.00,ליטר,false,0,15.40,15.40,true,1,
7290014758308,false,יוגורט עיזים ביו,,IL,יוגורט עיזים ביו,גרמים,150.00,100 גרם,false,0,6.40,4.27,true,1,
7290014758346,false,מעדן סויה שוק2%. 125*2גר,,IL,מעדן סויה שוק2%. 125*2גר,גרמים,250.00,100 גרם,false,0,8.90,3.56,true,1,
7290014758353,false,מ.סויה1.8%מתיק.מעוד125*2,,IL,מ.סויה1.8%מתיק.מעוד125*2,גרמים,250.00,100 גרם,false,0,8.90,3.56,true,1,
7290014758360,false,מעדן סויה תות1.6% 125*2ג,,IL,מעדן סויה תות1.6% 125*2ג,גרמים,250.00,100 גרם,false,0,8.90,3.56,true,1,
7290014758377,false,מע.סויה אפרסק1.6% 125*2ג,,IL,מע.סויה אפרסק1.6% 125*2ג,גרמים,250.00,100 גרם,false,0,8.90,3.56,true,1,
7290014758681,false,קוטג 1% שומן,,IL,קוטג 1% שומן,גרמים,250.00,100 גרם,false,0,5.80,2.32,true,1,
7290014759084,false,גבינת נפוליאון,,IL,גבינת נפוליאון,גרמים,225.00,100 גרם,false,0,10.90,4.84,true,1,
7290014759534,false,בולגרית למריחה5%,,IL,בולגרית למריחה5%,גרמים,200.00,100 גרם,false,0,11.90,5.95,true,1,
7290014759541,false,בולגרית למריחה+5%פלפל200,תנובה,IL,בולגרית למריחה5%,גרמים,200.00,100 גרם,false,0,11.90,5.95,true,1,
7290014759909,false,פטה עיזים פיראוס,,IL,פטה עיזים פיראוס,גרמים,250.00,100 גרם,false,0,28.10,11.24,true,1,
7290014759978,false,קולאז' קצ'קבל,,IL,קולאז' קצ'קבל,גרמים,200.00,100 גרם,false,0,26.70,13.35,true,1,
7290014760141,false,משקה שקדים טרי 1 ליטר,סוי מג'יק,IL,משקה שקדים,ליטרים,1.00,ליטר,false,1,14.80,14.80,true,1,
7290014760837,false,יופלה 0% תות בתחתית 150ג,תנובה,IL,יופלה דיאט 0%,גרמים,150.00,100 גרם,false,1,5.20,3.47,true,1,
7290014760844,false,יופלה 0% אפרסק פסיפל150ג,תנובה,IL,יופלה דיאט 0%,גרמים,150.00,100 גרם,false,1,5.20,3.47,true,1,
7290014761056,false,יולו שוקולד חלב,,IL,יולו שוקולד חלב,גרמים,123.00,100 גרם,false,0,4.50,3.66,true,1,
7290014761063,false,יולו שוקולד מריר,,IL,יולו שוקולד מריר,גרמים,123.00,100 גרם,false,0,4.50,3.66,true,1,
7290014761070,false,יולו שוקולד לבן,,IL,יולו שוקולד לבן,גרמים,123.00,100 גרם,false,0,4.50,3.66,true,1,
7290014761230,false,גבינת נפוליאון,,IL,גבינת נפוליאון,גרמים,225.00,100 גרם,false,0,10.90,4.84,true,1,
7290014761575,false,סמי מעדנייה עמק28% 400גר,תנובה,IL,גבינת עמק 28%,גרמים,400.00,100 גרם,false,0,22.20,5.55,true,1,
7290014761605,false,ג'לי טעם קרטיב לימון125ג,תנובה,IL,ג'לי בטעם לימון,גרמים,125.00,100 גרם,false,1,2.70,2.16,true,1,
7290014761681,false,בולגרית למריחה ציזיקי200,תנובה,IL,בולגרית למריחה ציזיקי200,גרמים,200.00,100 גרם,false,0,11.90,5.95,true,1,
7290014761858,false,"שטוזים וניל מוקצף 125מ""ל",תנובה,IL,שטוזים מטקצף,מיליליטרים,125.00,"100 מ""ל",false,1,2.80,2.24,true,1,
7290014761865,false,"שטוזים תות מוקצף 125מ""ל",תנובה,IL,שטוזים מטקצף,מיליליטרים,125.00,"100 מ""ל",false,1,2.80,2.24,true,1,
7290014762220,false,ג'לי בטעם ענבים 125 גרם,תנובה,IL,ג'לי בטעם ענבים,גרמים,125.00,100 גרם,false,1,2.70,2.16,true,1,
7290014762459,false,יופלה סלט פירות 3% 150 ג,תנובה,IL,יופלה סלט פירות,גרמים,150.00,100 גרם,false,1,5.20,3.47,true,1,
7290014762527,false,יולו חלב בנגיעת קפה 150,תנובה,IL,יולו שוקולד חלב,גרמים,150.00,100 גרם,false,1,4.50,3.00,true,1,
7290014762534,false,יולו שוק.חלב+אגוז לוז123,תנובה,IL,יולו מעדן שוקולד,גרמים,123.00,100 גרם,false,1,4.50,3.66,true,1,
7290014762701,false,יופלה5% וניל+שבבי שוק160,תנובה,IL,יופלה 5% וניל,גרמים,160.00,100 גרם,false,1,5.20,3.25,true,1,
7290014762718,false,יופלה5% קפוצ'ינו+שוק160ג,תנובה,IL,יופלה5% קפוצ'ינו,גרמים,160.00,100 גרם,false,1,5.20,3.25,true,1,
7290014762725,false,יופלה5% פ.אדומים+שוק160ג,תנובה,IL,יופלה5% פ.אדומים,גרמים,160.00,100 גרם,false,1,5.20,3.25,true,1,
7290014762763,false,פרילי תות 125*8 גרם,תנובה,IL,פרילי תות 8 יח,קילוגרמים,1.00,"ק""ג",false,1,20.90,20.90,true,1,
7290014791077,false,ספרינג תה ענבים 1.5 ליטר,יפאורה שותפות מובגלת לשיווק,IL,ספרינג תה ענבים,ליטרים,1.50,ליטר,false,0,6.50,4.33,true,1,
7290014791091,false,"שוופס לימונייד 500 מ""ל",יפאורה שותפות מובגלת לשיווק,IL,שוופס לימונייד,מיליליטרים,500.00,"100 מ""ל",false,0,5.30,1.06,true,1,
7290014791213,false,שוופס מים 0קלור.תפוח1.5ל,יפאורה שותפות מובגלת לשיווק,IL,שוופס מים תפוח,ליטרים,1.50,ליטר,false,0,6.80,4.53,true,1,
7290014791237,false,שוופס מים 0קלור.אפרסק1.5,יפאורה שותפות מובגלת לשיווק,IL,שוופס מים אפרסק,ליטרים,1.50,ליטר,false,0,6.80,4.53,true,1,
7290014791541,false,שוופס גולד ראשן 1.5 ליטר,יפאורה שותפות מובגלת לשיווק,IL,שוופס גולד ראשן,ליטרים,1.50,ליטר,false,0,9.90,6.60,true,1,
7290014791558,false,שוופס סודה נענע לי1.5*4ל,יפאורה שותפות מובגלת לשיווק,IL,שוופס סודה נענע לי1.5*4ל,ליטרים,6.00,ליטר,false,0,11.90,1.98,true,1,
7290014791565,false,שוופס מוגז ענבים 1.5ליטר,יפאורה שותפות מובגלת לשיווק,IL,שוופס ענבים,ליטרים,1.50,ליטר,false,1,7.00,4.67,true,1,
7290014791770,false,פרוט ווטר ענבים 1.5 ליטר,יפאורה שותפות מובגלת לשיווק,IL,פרוט ווטר ענבים,ליטרים,1.50,ליטר,false,1,6.00,4.00,true,1,
7290014791794,false,פרוט ווטר תפוח 1.5 ליטר,יפאורה שותפות מובגלת לשיווק,IL,פרוט ווטר תפוח,ליטרים,1.50,ליטר,false,1,6.00,4.00,true,1,
7290014791800,false,פרוט ווטר אפרסק 1.5 ליטר,יפאורה שותפות מובגלת לשיווק,IL,פרוט ווטר אפרסק,ליטרים,1.50,ליטר,false,1,6.00,4.00,true,1,
7290014791817,false,פרוט ווטר אבטיח 1.5 ליטר,יפאורה שותפות מובגלת לשיווק,IL,פרוט ווטר אבטיח,ליטרים,1.50,ליטר,false,1,6.00,4.00,true,1,
7290014875074,false,שווארמה מן הצומח טיבעול,טבעול,IL,שווארמה מן הצומח,גרמים,400.00,100 גרם,false,0,27.70,6.93,true,1,
7290014875289,false,שניצל תרד לייט טבעול 630,אסם,IL,שניצל תרד לייט,גרמים,630.00,100 גרם,false,6,33.90,5.38,true,1,
7290014901247,false,"שמפו קרטין סטייל 750 מ""ל",א.ל ארמן,IL,שמפו קרטין,מיליליטרים,750.00,"100 מ""ל",false,0,19.90,2.65,true,1,
7290014901780,false,סנסודיין פרש מינט75*3 מל,גלקסוסמיתקליין,IL,משחת סנסודיין3יח,מיליליטרים,225.00,"100 מ""ל",false,1,39.90,17.73,true,1,
7290014901896,false,"סנסודיין מי פה 500 מ""ל",גלקסוסמיתקליין,DE,סנסודיין מי פה,מיליליטרים,500.00,"100 מ""ל",false,1,34.90,6.98,true,1,
7290014918009,false,דלי שטיפה+פיה,פלנרו,IL,דלי שטיפה+פיה,יחידה,1.00,יחידה,false,0,20.60,20.60,true,1,
7290014940086,false,הלחמניה להמבורגר 50*8ג,מאפיית שלמה א. אנג'ל,IL,הלחמניה להמבורגר 50*8ג,גרמים,400.00,100 גרם,false,0,12.20,3.05,true,1,
7290014940093,false,הלחמניה הקלה 54*6 גרם,מאפיית שלמה א. אנג'ל,IL,הלחמניה הקלה 54*6 גרם,גרמים,324.00,100 גרם,false,0,13.40,4.14,true,1,
7290014940901,false,לחם פשוט מלא 750 גרם,מאפיית שלמה א. אנג'ל,IL,לחם מלא,גרמים,750.00,100 גרם,false,1,10.90,1.45,true,1,
7290014962538,false,משחת טפטפים מנטה 50מל,כצט,IL,משחת שיניים,מיליליטרים,50.00,"100 מ""ל",false,0,7.90,15.80,true,1,
7290015025584,false,"רסק תפו""ע ללא סוכר100*4ג",אודנוולד,IL,"רסק תפו""ע ללא סוכר100*4ג",גרמים,400.00,100 גרם,false,0,13.80,3.45,true,1,
7290015025942,false,קרם ידיים פנג'ל עם שמן80,אינטרקוסמא,IL,קרם ידיים פנג'ל,מיליליטרים,80.00,"100 מ""ל",false,1,6.90,8.63,true,1,
7290015039130,false,חמאה ללא מלח,,BE,חמאה ללא מלח,גרמים,200.00,100 גרם,false,0,8.10,4.05,true,1,
7290015039475,false,חמאה ללא מלח,,BE,חמאה ללא מלח,גרמים,100.00,100 גרם,false,0,4.20,4.20,true,1,
7290015039635,false,גבינת פרמזן,,IT,גבינת פרמזן,גרמים,200.00,100 גרם,false,0,29.60,14.80,true,1,
7290015039949,false,ממרח חמאה רכה לייט 200 ג,"קורמן,רוט דה לה ג'ילפה",BE,ממרח חמאה לייט,גרמים,200.00,100 גרם,false,1,10.90,5.45,true,1,
7290015039956,false,חמאה רכה במליחות קלה200ג,"קורמן,רוט דה לה ג'ילפה",BE,חמאה רכה למריחה,גרמים,200.00,100 גרם,false,1,10.90,5.45,true,1,
7290015055017,false,עגבניות איתן במשקל,קטיף,IL,עגבניות איתן,קילוגרמים,0.00,"ק""ג",true,1,9.90,9.90,true,1,
7290015150071,false,עוג.סנדוויץ סופר או'ז165,סירו פודס,ES,עוגיות סנדוויץ,גרמים,165.00,100 גרם,false,1,8.80,5.33,true,1,
7290015150101,false,ויסוצקידס נענע 20 שקיקים,ויסוצקי,IL,ויסוצקידס נענע,גרמים,54.00,100 גרם,false,0,13.90,25.74,true,1,
7290015150361,false,תה ירוק נענע סטיבייה25שק,ויסוצקי,IL,תה ירוק נענע,גרמים,37.00,100 גרם,false,1,21.90,59.19,true,1,
7290015150590,false,תה ירוק ג'ינג'ר חריף25שק,ויסוצקי,IL,תה ירוק ויסוצקי,גרמים,37.00,100 גרם,false,1,21.90,59.19,true,1,
7290015150606,false,חליטת קמומיל ודבש נרגש20,ויסוצקי,IL,חליטת חורף,גרמים,54.00,100 גרם,false,1,13.90,25.74,true,1,
7290015193139,false,רוטב צ'ילי מתוק,,TH,רוטב צ'ילי מתוק,מיליליטרים,300.00,"100 מ""ל",false,0,11.80,3.93,true,1,
7290015257879,false,מפיות דו שכבתי צבעוני,.,IL,נפיות דו שכבתי,יחידה,1.00,יחידה,false,1,6.90,6.90,true,1,
7290015257909,false,מפיות תלת שכבתי מודפס,.,CN,מפיות תלת שכבתי,יחידה,1.00,יחידה,false,1,7.90,7.90,true,1,
7290015282000,false,איקרה אדומה 200 גרם,סלטי שמיר,IL,איקרה אדומה,גרמים,200.00,100 גרם,false,0,11.80,5.90,true,1,
7290015282024,false,איקרה לבנה 200 גרם,סלטי שמיר,IL,איקרה לבנה,גרמים,200.00,100 גרם,false,0,11.80,5.90,true,1,
7290015282628,false,חציל בטעם כבד 200 גרם,סלטי שמיר,IL,חציל בטעם כבד 200 גרם,גרמים,200.00,100 גרם,false,0,13.90,6.95,true,1,
7290015324007,false,פלפל שחור גרוס בשקית80ג,תבליני טעם וריח,IL,פלפל שחור גרוס,גרמים,80.00,100 גרם,false,0,15.20,19.00,true,1,
7290015324014,false,פלפל שחור טחון בשקית80ג,תבליני טעם וריח,IL,פלפל שחור טחון,גרמים,80.00,100 גרם,false,0,15.20,19.00,true,1,
7290015324038,false,פפריקה בשמן בשקית 80 גרם,תבליני טעם וריח,IL,פפריקה בשמן,גרמים,80.00,100 גרם,false,0,8.80,11.00,true,1,
7290015324069,false,גריל עוף בשקית 80 גרם,תבליני טעם וריח,IL,גריל עוף,גרמים,80.00,100 גרם,false,0,6.80,8.50,true,1,
7290015324076,false,זעתר בשקית 80 גרם,תבליני טעם וריח,IL,זעתר,גרמים,80.00,100 גרם,false,0,8.80,11.00,true,1,
7290015324083,false,מלח לימון בשקית 80 גרם,תבליני טעם וריח,IL,מלח לימון,גרמים,80.00,100 גרם,false,0,6.80,8.50,true,1,
7290015324090,false,כמון בשקית 80 גרם,תבליני טעם וריח,IL,כמון,גרמים,80.00,100 גרם,false,0,8.80,11.00,true,1,
7290015324120,false,שום גבישי בשקית 80 גרם,תבליני טעם וריח,IL,שום גבישי,גרמים,80.00,100 גרם,false,0,11.80,14.75,true,1,
7290015325066,false,מגבונים הלו קיטי,,IL,מגבונים הלו קיטי,יחידה,1.00,יחידה,false,0,19.70,19.70,true,1,
7290015355834,false,מתבל עגבניות חריף 855גרם,היינץ,US,מתבל עגבניות,גרמים,855.00,100 גרם,false,1,18.90,2.21,true,1,
7290015395014,false,תערובת פיצוחים קלויה170ג,שקדיה,IL,תערובת פיצוחים,גרמים,170.00,100 גרם,false,0,16.80,9.88,true,1,
7290015395045,false,קינואה 400 גרם,שקדיה,IL,קינואה,גרמים,400.00,100 גרם,false,0,10.00,2.50,true,1,
7290015470384,false,ק.ידיים פנג'ל שמן שקד100,אינטרקוסמא,IL,קרם ידיים פנג'ל,מיליליטרים,100.00,"100 מ""ל",false,1,8.90,8.90,true,1,
7290015470391,false,ק.ידיים פנג'ל שמן זית100,אינטרקוסמא,IL,קרם ידיים פנג'ל,מיליליטרים,100.00,"100 מ""ל",false,1,8.90,8.90,true,1,
7290015597012,false,מאגדת מיני מגנום ברולה 8,שטראוס,IL,מאגדת מיני מגנום,גרמים,285.00,100 גרם,false,0,29.90,10.49,true,1,
7290015597036,false,מאגדת מיני מגנום טירמיסו,שטראוס,IL,מאגדת מיני מגנום,גרמים,285.00,100 גרם,false,0,29.90,10.49,true,1,
7290015597203,false,מאגדת ננסים סמי הכבאי 18,שטראוס,IL,מאגדת ננסים סמי הכבאי 18,יחידה,1.00,יחידה,false,1,29.60,29.60,true,1,
7290015626224,false,אגוז מלך קלוף 150גרם,ששון,IL,אגוז מלך קלוף,גרמים,150.00,100 גרם,false,0,14.80,9.87,true,1,
7290015626392,false,אגוז קשיו קלוף 250גרם,ששון מלוינסקי,IL,אגוז קשיו קלוף,גרמים,250.00,100 גרם,false,1,26.90,10.76,true,1,
7290015626408,false,אגוז פקאן קלוף 200גרם,ששון מלוינסקי,IL,אגוז פקאן קלוף,גרמים,200.00,100 גרם,false,1,31.90,15.95,true,1,
7290015626415,false,אגוז ברזיל קלוף 200גרם,ששון מלוינסקי,IL,אגוז ברזיל קלוף,גרמים,200.00,100 גרם,false,1,21.90,10.95,true,1,
7290015626439,false,אגוז מלך קלוף 300גרם,ששון מלוינסקי,IL,אגוז מלך קלוף,גרמים,300.00,100 גרם,false,1,33.90,11.30,true,1,
7290015626446,false,פרוסות שקד מולבן 130גרם,ששון מלוינסקי,IL,פרוסות שקד מולבן,גרמים,130.00,100 גרם,false,1,19.90,15.31,true,1,
7290015626453,false,שבבי שקד מולבן 130גרם,ששון מלוינסקי,IL,שבבי שקד מולבן,גרמים,130.00,100 גרם,false,1,19.90,15.31,true,1,
7290015626460,false,שקד קלוף טבעי 250גרם,ששון מלוינסקי,IL,שקד קלוף טבעי,גרמים,250.00,100 גרם,false,1,31.90,12.76,true,1,
7290015626477,false,צנובר קלוף 130גרם,ששון מלוינסקי,IL,צנובר קלוף 130ג,גרמים,130.00,100 גרם,false,1,32.90,25.31,true,1,
7290015626484,false,חמוציות מיובשות חתוכות,ששון מלוינסקי,IL,חמוציות מיובשות,גרמים,400.00,100 גרם,false,1,18.90,4.73,true,1,
7290015626491,false,צימוק בהיר 500גרם,ששון מלוינסקי,IL,צימוקים בהירים,גרמים,500.00,100 גרם,false,1,26.90,5.38,true,1,
7290015626514,false,שזיף מגולען מיובש 500גרם,ששון מלוינסקי,IL,שזיף מגולען,גרמים,500.00,100 גרם,false,1,28.90,5.78,true,1,
7290015626538,false,דובדבן יבש טבעי 200גרם,ששון מלוינסקי,IL,דובדבן יבש טבעי,גרמים,200.00,100 גרם,false,1,15.00,7.50,true,1,
7290015626613,false,פקאן סיני 250גרם,ששון מלוינסקי,IL,פקאן סיני 250גרם,גרמים,250.00,100 גרם,false,1,29.90,11.96,true,1,
7290015626637,false,תמר מגהול 200גרם,ששון מלוינסקי,IL,תמר מגהול 200גרם,גרמים,200.00,100 גרם,false,1,12.00,6.00,true,1,
7290015626668,false,תאנים מיובשות 350גרם,ששון מלוינסקי,IL,תאנים מיובשות,גרמים,350.00,100 גרם,false,1,22.90,6.54,true,1,
7290015642316,false,פילה הרינג כבוש 400 גרם,מעדני מיקי,IL,פילה הרינג כבוש,גרמים,400.00,100 גרם,false,0,22.00,5.50,true,1,
7290015652070,false,קשיו קלוי 150גרם,דין שיווק,IL,קשיו קלוי 150גרם,גרמים,150.00,100 גרם,false,1,12.90,8.60,true,1,
7290015652087,false,תערובת פיצוחים קלויים150,דין שיווק,IL,תערובת פיצוחים,גרמים,150.00,100 גרם,false,1,12.90,8.60,true,1,
7290015652957,false,פאפיה בשוקולד חלב 160גרם,שקדיה,IL,פפיה בשוקולד חלב,גרמים,160.00,100 גרם,false,1,15.80,9.88,true,1,
7290015726085,false,לחם שיפון מקמח מלא יח,מאפ גדרון,IL,לחם שיפון,יחידה,1.00,יחידה,false,12,16.90,16.90,true,1,
7290015726108,false,לחם מקמח מלא עם תמרים יח,מאפ גדרון,IL,לחם מקמח מלא,יחידה,1.00,יחידה,false,11,16.90,16.90,true,1,
7290015726115,false,לחם מקמח מלאה יח,מאפ גדרון,IL,לחם קמח מלא,יחידה,1.00,יחידה,false,11,16.90,16.90,true,1,
7290016087000,false,זית ירוק נטולי גלעין560ג,פרי ניר,IL,זיתים ירוקים,גרמים,560.00,100 גרם,false,1,9.90,1.77,true,1,
7290016171518,false,דגיגים למרק 450 גרם,אסם,IL,דגיגים למרק,גרמים,450.00,100 גרם,false,1,7.50,1.67,true,1,
7290019297864,false,קשיו קלוי שקדיה 170גרם,שקדיה,IL,קשיו קלוי 170גרם,גרמים,170.00,100 גרם,false,0,16.80,9.88,true,1,
7290100240632,false,פתית 6 דגנים 250 גרם,יוניליוור,IL,פתית 6 דגנים,גרמים,250.00,100 גרם,false,0,18.70,7.48,true,1,
7290100243671,false,"בדין אקסטרה כחול 960 מ""ל",יוניליוור,TR,מרכך כביסה בדין,מיליליטרים,960.00,"100 מ""ל",false,0,19.90,2.07,true,1,
7290100243688,false,"בדין אקסטרה ורוד 960 מ""ל",יוניליוור,TR,מרכך כביסה בדין,מיליליטרים,960.00,"100 מ""ל",false,0,19.90,2.07,true,1,
7290100244586,false,רוטב אלף האיים לייט290מל,יוניליוור,IL,אלף האיים לייט,מיליליטרים,290.00,"100 מ""ל",false,0,10.00,3.45,true,1,
7290100244609,false,רוטב לסלט אלף האיים290מל,יוניליוור,IL,רוטב אלף האיים,מיליליטרים,290.00,"100 מ""ל",false,0,10.00,3.45,true,1,
7290100244616,false,רוטב לסלט חרדל ודבש290מל,יוניליוור,IL,רוטב חרדל ודבש,מיליליטרים,290.00,"100 מ""ל",false,0,10.00,3.45,true,1,
7290100245231,false,נמס בכוס ט.עוף ש.מרק50גר,יוניליוור,IL,נמס בכוס ט.עוף,גרמים,50.00,100 גרם,false,0,7.80,15.60,true,1,
7290100247051,false,תח.רחצה פינוק קלאסי 700מ,יוניליוור,IL,תחליב רחצה פינוק,מיליליטרים,700.00,"100 מ""ל",false,0,10.00,1.43,true,1,
7290100247761,false,מרק עגבניות עם אורז105גר,יוניליוור,IL,מרק עגבניות,גרמים,105.00,100 גרם,false,0,8.00,7.62,true,1,
7290100247778,false,מרק פטריות מוקרם 79 גרם,יוניליוור,IL,מרק פטריות,גרמים,79.00,100 גרם,false,0,8.00,10.13,true,1,
7290100247815,false,נמס בכוס עגבנ.אקסטרה39גר,יוניליוור,IL,נמס בכוס עגבניות,גרמים,39.00,100 גרם,false,0,4.90,12.56,true,1,
7290100247839,false,נמס בכוס ירקות אקסטרה35ג,יוניליוור,IL,נמס בכוס ירקות,גרמים,35.00,100 גרם,false,0,4.90,14.00,true,1,
7290100249352,false,מרק טעם עוף 400 גרם,יוניליוור,IL,מרק טעם עוף,גרמים,400.00,100 גרם,false,0,11.90,2.98,true,1,
7290100249383,false,מרק פטריות 400 גרם,יוניליוור,IL,מרק פטריות,גרמים,400.00,100 גרם,false,0,16.90,4.23,true,1,
7290100249390,false,מרק טעם עוף ר.טבעיים400ג,יוניליוור,IL,מרק טעם עוף,גרמים,400.00,100 גרם,false,0,19.70,4.93,true,1,
7290100249475,false,מרק נמס בכוס תירס22.5*2ג,יוניליוור,IL,נמס בכוס תירס,גרמים,45.00,100 גרם,false,0,7.80,17.33,true,1,
7290100249482,false,נמס בכוס אפונה 25*2 גרם,יוניליוור,IL,נמס בכוס אפונה,גרמים,50.00,100 גרם,false,0,7.80,15.60,true,1,
7290100249512,false,פירה בטעם ביתי 130X2 גרם,יוניליוור,IL,פירה בטעם ביתי,גרמים,260.00,100 גרם,false,0,12.70,4.88,true,1,
7290100249932,false,"דליפקאן בד""ץ 400 גרם",יוניליוור,IL,דליפקאן,גרמים,400.00,100 גרם,false,0,22.70,5.68,true,1,
7290100613603,false,גרעין אבטיח קלוי 200גרם,א.ע.ש. קליית ציון,IL,גרעין אבטיח קלוי,גרמים,200.00,100 גרם,false,0,19.70,9.85,true,1,
7290100613610,false,פיסטוק קלוי וממולח 200גר,א.ע.ש. קליית ציון,IL,פיסטוק קלוי,גרמים,200.00,100 גרם,false,0,25.70,12.85,true,1,
7290100613634,false,שקד קלוי וממולח 200גרם,א.ע.ש. קליית ציון,IL,שקד קלוי וממולח,גרמים,200.00,100 גרם,false,0,25.70,12.85,true,1,
7290100613658,false,גרעין חמניה קלוי וממולח,א.ע.ש. קליית ציון,IL,גרעין חמניה קלוי,גרמים,200.00,100 גרם,false,0,7.80,3.90,true,1,
7290100653586,false,ליידי ס.סטיק24/7ג'ל ורוד,קולגייט-פלמוליב,US,דאודורנט,גרמים,65.00,100 גרם,false,0,24.90,38.31,true,1,
7290100653616,false,ליידי ספיד סטיק24/7 ירוק,קולגייט-פלמוליב,US,דאודורנט סטיק,גרמים,45.00,100 גרם,false,0,19.90,44.22,true,1,
7290100659090,false,חטיף FREE תמר+קינמון 5יח,טבעית,IL,חטיף FREE תמרים,גרמים,100.00,100 גרם,false,0,19.70,19.70,true,1,
7290100680711,false,פירורית זהב 350 גרם,עינת,IL,פירורית זהב אסם,גרמים,350.00,100 גרם,false,0,9.50,2.71,true,1,
7290100680728,false,פירורית רגילה 350 גרם,אסם,IL,פירורית אסם,גרמים,350.00,100 גרם,false,0,8.10,2.31,true,1,
7290100680889,false,קרם קרקר חיטה מלאה 300גר,אסם,IL,קרקר חיטה מלאה,גרמים,300.00,100 גרם,false,0,11.60,3.87,true,1,
7290100681015,false,אינסטנ.פודינג ריבת חלב84,אסם,IL,אינסטנט פודינג,גרמים,84.00,100 גרם,false,0,5.70,6.79,true,1,
7290100681114,false,"רוטב סויה סיני אסם600מ""ל",אסם,IL,רוטב סויה אסם,מיליליטרים,600.00,"100 מ""ל",false,0,18.70,3.12,true,1,
7290100681138,false,אפרופו 50*3 גרם,אסם,IL,אפרופו 3יח במארז,גרמים,150.00,100 גרם,false,0,13.10,8.73,true,1,
7290100681503,false,סירופ לימונענע דיאט 1 ל',בית השיטה,IL,סירופ דיאט,ליטרים,1.00,ליטר,false,0,11.30,11.30,true,1,
7290100682791,false,פודינג וניל 80*3 גרם,אסם,IL,פודינג וניל 3 יח,גרמים,240.00,100 גרם,false,0,15.80,6.58,true,1,
7290100683217,false,"ויטמינצ'יק תפו""ע 2 ליטר",בית השיטה,IL,"ויטמינצ'יק תפו""ע",ליטרים,2.00,ליטר,false,0,24.70,12.35,true,1,
7290100683613,false,ויטמינצ'יק מנגו אפרסק 1ל,בית השיטה,IL,סירופ ויטמינצ'יק,ליטרים,1.00,ליטר,false,0,13.80,13.80,true,1,
7290100685136,false,"מרק טעם עוף פרווה 1 ק""ג",אסם,IL,"מרק טעם עוף פרווה 1 ק""ג",קילוגרמים,1.00,"ק""ג",false,0,17.30,17.30,true,1,
7290100685334,false,מרק עוף רכיבים טבעיים400,אסם,IL,מרק עוף רכיבים טבעיים400,גרמים,400.00,100 גרם,false,0,24.70,6.18,true,1,
7290100685341,false,מרק ט.עוף רכ' טבעיים400ג,אסם,IL,מרק ט.עוף רכ' טבעיים400ג,גרמים,400.00,100 גרם,false,0,18.70,4.68,true,1,
7290100686164,false,ביסלי ברביקיו 35*6 גרם,אסם,IL,ביסלי מארז 6 יח,גרמים,210.00,100 גרם,false,0,13.90,6.62,true,1,
7290100686171,false,ביסלי גריל 6 * 35 גרם,אסם,IL,ביסלי מארז 6 יח,גרמים,210.00,100 גרם,false,0,13.90,6.62,true,1,
7290100687109,false,במבה נוגט 60 גרם,אסם,IL,במבה נוגט,גרמים,60.00,100 גרם,false,0,5.50,9.17,true,1,
7290100689035,false,פייבר וואן 460 גרם,ג'נרל מילס,US,פייבר וואן,גרמים,460.00,100 גרם,false,0,27.50,5.98,true,1,
7290100689264,false,האני נאט צ'יריוס 615 גרם,ג'נרל מילס,US,הני נאט צ'יריוס,גרמים,615.00,100 גרם,false,0,18.90,3.07,true,1,
7290100700020,false,גריסי פנינה 500 גרם,סוגת,IL,גריסי פנינה,גרמים,500.00,100 גרם,false,0,6.80,1.36,true,1,
7290100700075,false,פירורי לחם מוזהבים200ג,סוגת,IL,פירורי לחם מוזהב,גרמים,200.00,100 גרם,false,0,4.60,2.30,true,1,
7290100700242,false,"אורז מלא עגול סוגת 1 ק""ג",סוגת,IL,אורז מלא עגול,קילוגרמים,1.00,"ק""ג",false,0,9.80,9.80,true,1,
7290100700273,false,קינואה סוגת 500 גרם,סוגת,IL,קינואה סוגת,גרמים,500.00,100 גרם,false,0,22.90,4.58,true,1,
7290100700372,false,"אורז בסמטי מלא 1 ק""ג",סוגת,IL,אורז בסמטי מלא,קילוגרמים,1.00,"ק""ג",false,0,18.70,18.70,true,1,
7290100700396,false,"אורז יסמין קלאסי 1 ק""ג",סוגת,IL,אורז יסמין סוגת,קילוגרמים,1.00,"ק""ג",false,0,8.90,8.90,true,1,
7290100700402,false,"חומוס ענק 1 ק""ג",סוגת,IL,חומוס ענק,קילוגרמים,1.00,"ק""ג",false,0,16.80,16.80,true,1,
7290100700563,false,"אורז מיקס קלאסי 1 ק""ג",סוגת,IL,אורז מיקס,קילוגרמים,1.00,"ק""ג",false,0,17.40,17.40,true,1,
7290100700587,false,בורגול 500 גרם,סוגת,IL,בורגול 500 גרם,גרמים,500.00,100 גרם,false,0,6.80,1.36,true,1,
7290100701157,false,"אורז להכנת סושי 1 ק""ג",סוגת,IL,אורז להכנת סושי,קילוגרמים,1.00,"ק""ג",false,0,14.80,14.80,true,1,
7290100701324,false,"סוכר דק דק 1 ק""ג",סוגת,IL,סוכר דק דק,קילוגרמים,1.00,"ק""ג",false,0,7.30,7.30,true,1,
7290100702260,false,קוסקוס דק 350 גרם,סוגת,IL,קוסקוס דק,גרמים,350.00,100 גרם,false,0,5.90,1.69,true,1,
7290100702383,false,"קמח תופח 1 ק""ג",שטיבל,IL,"קמח תופח 1 ק""ג",קילוגרמים,1.00,"ק""ג",false,0,8.10,8.10,true,1,
7290100702611,false,פתיתים אפויים אורז500גרם,אסיף תעשיות מזון,IL,פתיתים סוגת,גרמים,500.00,100 גרם,false,0,5.20,1.04,true,1,
7290100702628,false,פתיתים אפויים קוסקוס500ג,אסיף תעשיות מזון,IL,פתיתים סוגת,גרמים,500.00,100 גרם,false,0,5.20,1.04,true,1,
7290100702680,false,פתיתים קידס חיות 400 ג,אסיף תעשיות מזון,IL,פתיתים קידס חיות,גרמים,400.00,100 גרם,false,0,5.20,1.30,true,1,
7290100850008,false,שוקולד חלב+סוכ.קופצות85ג,עלית,IL,שוקולד וסוכריות,גרמים,85.00,100 גרם,false,0,6.60,7.76,true,1,
7290100850336,false,מיני פסק זמן 195 גרם,עלית,IL,מיני פסק זמן,גרמים,195.00,100 גרם,false,0,16.50,8.46,true,1,
7290100850343,false,מיני מקופלת 200 גרם,עלית,IL,מיני מקופלת,גרמים,200.00,100 גרם,false,0,16.50,8.25,true,1,
7290100850411,false,מיקס חטיפים 190 גרם,עלית,IL,מיקס חטיפים,גרמים,190.00,100 גרם,false,0,16.50,8.68,true,1,
7290100850459,false,מיקס חטיפים 390 גרם,עלית,IL,מיקס חטיפים,גרמים,390.00,100 גרם,false,0,24.70,6.33,true,1,
7290100850466,false,מיקס פסק זמן 390 גרם,עלית,IL,מיקס פסק זמן,גרמים,390.00,100 גרם,false,0,24.70,6.33,true,1,
7290100850909,false,דוריטוס נאצ'ו מקסיקני70ג,עלית,IL,דוריטוס נאצ'ו,גרמים,70.00,100 גרם,false,0,3.90,5.57,true,1,
7290100850916,false,דוריטוס חמוץ חריף 70 גרם,עלית,IL,דוריטוס חמוץ ח,גרמים,70.00,100 גרם,false,0,3.90,5.57,true,1,
7290100850923,false,דוריטוס גריל 70 גרם,עלית,IL,דוריטוס גריל,גרמים,70.00,100 גרם,false,0,3.90,5.57,true,1,
7290100850930,false,דוריטוס דיפ טבעי 70 גרם,עלית,IL,חטיף דוריטוס דיפ,גרמים,70.00,100 גרם,false,0,3.90,5.57,true,1,
7290100853689,false,בראוניס שוקולד עשירה380ג,עלית,IL,בראוניס שוקולד,גרמים,380.00,100 גרם,false,0,18.50,4.87,true,1,
7290100856253,false,ממרח שוק.ל.תוס.סוכר300ג,עלית,IL,ממרח שוקולד פרה,גרמים,300.00,100 גרם,false,0,18.30,6.10,true,1,
7290100857045,false,שוק.ספלנדיד מריר קפה100ג,עלית,IL,שוקולד ספלנדיד,גרמים,100.00,100 גרם,false,0,11.90,11.90,true,1,
7290100858219,false,טבלת פסק זמן טראפלס110גר,עלית,IL,טבלת פסק זמן,גרמים,110.00,100 גרם,false,0,8.90,8.09,true,1,
7290100858226,false,טבלת פסק זמן קלאסי110גרם,עלית,IL,טבלת פסק זמן,גרמים,110.00,100 גרם,false,0,8.90,8.09,true,1,
7290100858592,false,קקאו עלית 150 גרם,עלית,IL,קקאו עלית,גרמים,150.00,100 גרם,false,0,10.80,7.20,true,1,
7290100858653,false,מיקס חטיפים סגול 390 גרם,עלית,IL,מיקס חטיפים,גרמים,390.00,100 גרם,false,0,24.70,6.33,true,1,
7290100858875,false,מסטיק מאסט מנטה קלאסי28ג,עלית,IL,מסטיק מאסט,גרמים,28.00,100 גרם,false,0,4.60,16.43,true,1,
7290100859209,false,מסטיק מאסט עלמה אוכמני28,עלית,IL,מסטיק מאסט,גרמים,28.00,100 גרם,false,0,4.60,16.43,true,1,
7290100921173,false,שמפו הוואי שמני הזנה700מ,טרופיקל דגיל,IL,שמפו הוואי שמני הזנה700מ,מיליליטרים,700.00,"100 מ""ל",false,0,10.00,1.43,true,1,
7290100921180,false,מרכך הוואי שמני הזנה 700,טרופיקל דגיל,IL,מרכך הוואי,מיליליטרים,700.00,"100 מ""ל",false,0,10.00,1.43,true,1,
7290100921401,false,שמפו הוואי קרטין מחזק700,טרופיקל דגיל,IL,שמפו הוואי,מיליליטרים,700.00,"100 מ""ל",false,0,10.00,1.43,true,1,
7290100921517,false,"שמפו הוואי שיאה 700 מ""ל",טרופיקל דגיל,IL,"שמפו הוואי שיאה 700 מ""ל",מיליליטרים,700.00,"100 מ""ל",false,0,10.00,1.43,true,1,
7290100921524,false,"מרכך הוואי שיאה 700 מ""ל",טרופיקל דגיל,IL,"מרכך הוואי שיאה 700 מ""ל",מיליליטרים,700.00,"100 מ""ל",false,0,10.00,1.43,true,1,
7290100921593,false,כדוריות לאסלה לימון50ג,הנקל סוד,HU,סבון אסלה,גרמים,50.00,100 גרם,false,0,10.20,20.40,true,1,
7290100921623,false,כדוריות לאסלה אקונומיקה,הנקל סוד,IL,סבון אסלה,גרמים,50.00,100 גרם,false,0,10.20,20.40,true,1,
7290100921784,false,ג'ל רחצה הוואי אשכול750מ,טרופיקל דגיל,IL,ג'ל רחצה הוואי,מיליליטרים,750.00,"100 מ""ל",false,0,10.00,1.33,true,1,
7290100922385,false,שמפו הוואי נקטר מזין 700,טרופיקל דגיל,IL,שמפו הוואי נקטר מזין 700,מיליליטרים,700.00,"100 מ""ל",false,0,10.00,1.43,true,1,
7290100922514,false,תח.רחצה הוואי שקדים 750,טרופיקל דגיל,IL,תחליב רחצה הוואי,מיליליטרים,750.00,"100 מ""ל",false,0,10.00,1.33,true,1,
7290100923108,false,תח.הוואי יוגורט וניל750מ,טרופיקל דגיל,IL,תחליב רחצה הוואי,מיליליטרים,750.00,"100 מ""ל",false,0,10.00,1.33,true,1,
7290100923146,false,תחליב רחצה הוואי משי750מ,טרופיקל דגיל,IL,תחליב רחצה הוואי,מיליליטרים,750.00,"100 מ""ל",false,0,10.00,1.33,true,1,
7290100923153,false,תחליב רחצה הוואי קאקא750,טרופיקל דגיל,IL,תחליב רחצה הוואי קאקא750,מיליליטרים,750.00,"100 מ""ל",false,0,10.00,1.33,true,1,
7290100924570,false,ג'ל לאסלה הגנה מלכלוך700,הנקל סוד,SI,סוד ג'ל לאסלה,מיליליטרים,700.00,"100 מ""ל",false,1,11.90,1.70,true,1,
7290100924594,false,סוד מרכך מרוכז ורוד900מ,הנקל סוד,IL,סוד מרכך ורוד,מיליליטרים,900.00,"100 מ""ל",false,1,12.90,1.43,true,1,
7290100924600,false,סוד מרכך מרוכז כחול900מ,הנקל סוד,IL,סוד מרכך כחול,מיליליטרים,900.00,"100 מ""ל",false,1,12.90,1.43,true,1,
7290100924617,false,סוד מרכך מרוכז סגול900מ,הנקל סוד,IL,סוד מרכך סגול,מיליליטרים,900.00,"100 מ""ל",false,1,12.90,1.43,true,1,
7290100924631,false,סוד מרכך מרוכז בייבי900מ,הנקל סוד,IL,סוד מרכךבייבי,מיליליטרים,900.00,"100 מ""ל",false,1,12.90,1.43,true,1,
7290100924709,false,סבון לאסלה כחול אקליפטוס,הנקל סוד,HU,סבון לאסלה כחול אקליפטוס,גרמים,50.00,100 גרם,false,1,10.20,20.40,true,1,
7290100925126,false,מרכך SOFT&OIL זהב 750מל,הנקל סוד,DE,מרכך סוד זהב,מיליליטרים,750.00,"100 מ""ל",false,1,17.90,2.39,true,1,
7290100925485,false,ג'ל כביסה פרסיל בייבי3ל',הנקל סוד,IL,ג'ל כביסה פרסיל בייבי3ל',ליטרים,3.00,ליטר,false,0,43.90,14.63,true,1,
7290100925966,false,מרכך כב.סוד מרוכז כחול1ל,הנקל סוד,TR,מרכך כביסה סוד,ליטרים,1.00,ליטר,false,0,17.30,17.30,true,1,
7290100925973,false,מרכך כב.סוד מרוכז ורוד1ל,הנקל סוד,,מרכך כביסה סוד,ליטרים,1.00,ליטר,false,0,17.30,17.30,true,1,
7290100928639,false,נוזל לרצפות כחול 2ל,,IL,נוזל לרצפות כחול 2ל,ליטרים,2.00,ליטר,false,0,19.90,9.95,true,1,
7290100928820,false,שמפו הוואי לברק קורן 700,טרופיקל דגיל,IL,שמפו הוואי,מיליליטרים,700.00,"100 מ""ל",false,0,10.00,1.43,true,1,
7290100928837,false,מרכך הוואי לברק קורן 700,טרופיקל דגיל,IL,מרכך הוואי,מיליליטרים,700.00,"100 מ""ל",false,0,10.00,1.43,true,1,
7290100928851,false,תח.רחצה הוואי חוחובה 750,טרופיקל דגיל,IL,תחליב רחצה הוואי,מיליליטרים,750.00,"100 מ""ל",false,0,10.00,1.33,true,1,
7290100929698,false,ג'ל רח.הוואי גבר כחול750,טרופיקל דגיל,IL,ג'ל רחצה הוואי,מיליליטרים,750.00,"100 מ""ל",false,0,10.00,1.33,true,1,
7290100929728,false,מרכך מרוכז ארומה,,IL,מרכך מרוכז ארומה,מיליליטרים,900.00,"100 מ""ל",false,0,12.90,1.43,true,1,
7290100929735,false,מרכך מרוכז ארומה,,IL,מרכך מרוכז ארומה,מיליליטרים,900.00,"100 מ""ל",false,0,12.90,1.43,true,1,
7290100929742,false,מרכך מרוכז ארומה,,IL,מרכך מרוכז ארומה,מיליליטרים,900.00,"100 מ""ל",false,0,12.90,1.43,true,1,
7290100929766,false,סומט קפסולות,,DE,סומט קפסולות,יחידה,1.00,יחידה,false,0,24.90,24.90,true,1,
7290101110163,false,גל.וניל עוגיות 1.3 ליטר,גלידות פלדמן,IL,גל.פלדמן,ליטרים,1.30,ליטר,false,0,23.70,18.23,true,1,
7290101110279,false,"גל.שוקולד פקאן 1.3 כשל""פ",גלידות פלדמן,IL,גל.פלדמן,ליטרים,1.30,ליטר,false,0,23.70,18.23,true,1,
7290101110460,false,גל.וניל בטעם של פעם כשלפ,גלידות פלדמן,IL,גל.פלדמן,ליטרים,1.30,ליטר,false,0,23.70,18.23,true,1,
7290101110811,false,גלידל ו.פסיפלורה 8יח,גלידות פלדמן,IL,גלידל פסיפלורה,גרמים,600.00,100 גרם,false,0,35.30,5.88,true,1,
7290101110880,false,מאגדת איילנד 8+2,גלידות פלדמן,IL,מאגדת איילנד,גרמים,800.00,100 גרם,false,0,27.70,3.46,true,1,
7290101111085,false,"גל.שוקולד חלב מריר כשל""פ",גלידות פלדמן,IL,גל.פלדמן,ליטרים,1.30,ליטר,false,0,23.70,18.23,true,1,
7290101111429,false,גל.שוק.וניל דובדבן1.3כשל,גלידות פלדמן,IL,גל.פלדמן,ליטרים,1.30,ליטר,false,0,23.70,18.23,true,1,
7290101111573,false,"מאגדת יוגורט מנגו כשל""פ",גלידות פלדמן,IL,מאגדת יוגורט,גרמים,420.00,100 גרם,false,0,26.30,6.26,true,1,
7290101111597,false,מאגדת יוגורט פסיפלורה 6י,גלידות פלדמן,IL,מאגדת יוגורט,גרמים,420.00,100 גרם,false,0,26.30,6.26,true,1,
7290101112075,false,מאגדת שייק מנגו פסיפלורה,גלידות פלדמן,IL,מאגדת שייק פירות,גרמים,480.00,100 גרם,false,0,34.90,7.27,true,1,
7290101112082,false,מאגדת שייק תות בננה 6יח',גלידות פלדמן,IL,מאגדת שייק פירות,גרמים,480.00,100 גרם,false,0,34.90,7.27,true,1,
7290101112099,false,מאגדת שייק יוגורט פרי יע,גלידות פלדמן,IL,מאגדת שייק פירות,גרמים,320.00,100 גרם,false,0,28.60,8.94,true,1,
7290101112211,false,מאגדת שייק אננס,גלידות פלדמן,IL,מאגדת שייק אננס,גרמים,480.00,100 גרם,false,0,34.90,7.27,true,1,
7290101112228,false,מאגדת גלידל פרי אננס 8יח,גלידות פלדמן,IL,מאגדת גלידל פרי,יחידה,1.00,יחידה,false,48,27.30,27.30,true,1,
7290101112433,false,מאגדת מיקס חטיפים6יח',פלקו,IL,מאגדת מיקס,יחידה,1.00,יחידה,false,6,19.70,19.70,true,1,
7290101112518,false,מאגדת אייס קפה 6יח',גלידות פלדמן,IL,מאגדת אייס קפה,יחידה,1.00,יחידה,false,7,31.60,31.60,true,1,
7290101112525,false,מאגדת שלגוץ תות בננה 6יח,גלידות פלדמן,IL,מאגדת שלגוץ,יחידה,1.00,יחידה,false,7,27.70,27.70,true,1,
7290101486688,false,חטיף FREE עם שוקולד 5יח',טבעית,IL,חטיף FREE עם שוקולד 5יח',גרמים,100.00,100 גרם,false,0,19.70,19.70,true,1,
7290101487470,false,לייד ס.סטיק אלוורה כחול,קולגייט-פלמוליב,US,דאודורנט סטיק,גרמים,45.00,100 גרם,false,0,23.70,52.67,true,1,
7290101488323,false,ליידי ספיד סטיק סגול 65ג,קולגייט-פלמוליב,US,ליידי ספיד סטיק,גרמים,65.00,100 גרם,false,0,19.90,30.62,true,1,
7290101489306,false,משקה שיבולת שועל 1 ליטר,היין,IL,משקה שיבולת שועל,ליטרים,1.00,ליטר,false,0,16.90,16.90,true,1,
7290101489313,false,רייס דרים מועשר בסידן 1ל,היין,BE,משקה רייס דרים,ליטרים,1.00,ליטר,false,0,16.90,16.90,true,1,
7290101864127,false,וניש קליה ספריי 750מל,רקיט בנקיזר,PL,וניש קליה ספריי,מיליליטרים,750.00,"100 מ""ל",false,0,20.80,2.77,true,1,
7290101865261,false,"פיניש נוזל הברקה 800 מ""ל",רקיט בנקיזר,PL,פיניש נוזל הברקה,מיליליטרים,800.00,"100 מ""ל",false,0,20.00,2.50,true,1,
7290101866176,false,קולון101 ג'ל כביסה3ליטר,רקיט בנקיזר,,קולון ג'ל,ליטרים,3.00,ליטר,false,0,24.90,8.30,true,1,
7290101866633,false,קליה ג'ל מסיר כתמים 3ל,רקיט בנקיזר,,וניש קליה ג'ל,ליטרים,3.00,ליטר,false,0,24.90,8.30,true,1,
7290101868972,false,פיניש AIO הכל ב1 24 טבלי,רקיט בנקיזר,PL,פיניש טבליות,יחידה,1.00,יחידה,false,1,24.90,24.90,true,1,
7290101868989,false,פיניש AIO הכל ב1 48 טבלי,רקיט בנקיזר,PL,פיניש טבליות,יחידה,1.00,יחידה,false,1,39.90,39.90,true,1,
7290101869511,false,קולון ג'ל 101לבנדר 3ל,רקיט בנקיזר,IL,קולון ג'ל לבנדר,ליטרים,3.00,ליטר,false,0,24.90,8.30,true,1,
7290101869702,false,"פיניש ג'ל למדיח 600 מ""ל",רקיט בנקיזר,PL,פיניש ג'ל למדיח,מיליליטרים,600.00,"100 מ""ל",false,1,24.90,4.15,true,1,
7290101869771,false,איירוויק מילוי 250מל,רקיט בנקיזר,PL,אירוויק מילוי,מיליליטרים,250.00,"100 מ""ל",false,1,14.90,5.96,true,1,
7290101869795,false,איירוויק מילוי 250מל,רקיט בנקיזר,PL,אירוויק מילוי,מיליליטרים,250.00,"100 מ""ל",false,1,14.90,5.96,true,1,
7290102031276,false,"אקטימל תות בננה 100*8מ""ל",שטראוס,IL,אקטימל 8 יח,מיליליטרים,800.00,"100 מ""ל",false,0,22.70,2.84,true,1,
7290102035007,false,מסטיק מאסט בטעם בזוקה28ג,עלית,IL,מסטיק מאסט,גרמים,28.00,100 גרם,false,0,4.60,16.43,true,1,
7290102060955,false,משחה מרידול משפחתי 100מל,קולגייט-פלמוליב,DE,משחת שיניים,מיליליטרים,100.00,"100 מ""ל",false,0,21.70,21.70,true,1,
7290102064380,false,מי פה מרידול הליטוזיס400,גאבה,DE,מי פה מרידול הליטוזיס400,מיליליטרים,400.00,"100 מ""ל",false,0,32.00,8.00,true,1,
7290102064403,false,משחת מרידול הליטוזיס 75מ,קולגייט-פלמוליב,DE,משחת מרידול,מיליליטרים,75.00,"100 מ""ל",false,0,21.60,28.80,true,1,
7290102067602,false,מב.שיניים אלמקס לילד3-6,גאבה,IL,מברשות אלמקס,יחידה,1.00,יחידה,false,0,9.90,9.90,true,1,
7290102390427,false,"יוגורט תות מולר 150 מ""ל",טרה,IL,יוגורט מולר תות,מיליליטרים,150.00,"100 מ""ל",false,0,5.20,3.47,true,1,
7290102390465,false,יוג.קציפת אפרסק+פסיפל150,טרה,IL,יוגורט מולר,מיליליטרים,150.00,"100 מ""ל",false,0,5.20,3.47,true,1,
7290102390489,false,"יוגורט לימון מולר 150מ""ל",טרה,IL,יוגורט לימון,מיליליטרים,150.00,"100 מ""ל",false,0,5.20,3.47,true,1,
7290102392094,false,חלב עיזים קרטון4.1% 1ל',משק צוריאל תבור,IL,חלב עיזים קרטון,ליטרים,1.00,ליטר,false,0,16.60,16.60,true,1,
7290102392612,false,יוגורט עיזים בדלי 850 גר,משק צוריאל תבור,IL,יוגורט עיזים,גרמים,850.00,100 גרם,false,0,24.20,2.85,true,1,
7290102392711,false,יוגורט לבן ביו 1.7% 200ג,טרה,IL,יוגורט ביאנקו,גרמים,200.00,100 גרם,false,0,4.00,2.00,true,1,
7290102392728,false,יוגורט לבן ביו 2.8% 200ג,טרה,IL,יוגורט לבן ביו,גרמים,200.00,100 גרם,false,0,4.00,2.00,true,1,
7290102393039,false,יוג.מולר מיקס פצפוצים150,טרה,IL,יוגורט מולר מיקס,גרמים,150.00,100 גרם,false,0,5.90,3.93,true,1,
7290102393176,false,יוגורט+חתיכ.אפרסק3% 150ג,טרה,IL,יוגורט אפרסק,גרמים,150.00,100 גרם,false,0,4.90,3.27,true,1,
7290102393190,false,יוג.פירות יער+פרי3% 150ג,טרה,IL,יוגורט מולר,גרמים,150.00,100 גרם,false,0,4.90,3.27,true,1,
7290102393299,false,יוגורט עיזים לשתייה500גר,משק צוריאל תבור,IL,יוגורט עיזים,גרמים,500.00,100 גרם,false,0,9.90,1.98,true,1,
7290102393848,false,יוגורט עיזים עם תות 150ג,משק צוריאל תבור,IL,יוגורט עיזים,גרמים,150.00,100 גרם,false,0,6.00,4.00,true,1,
7290102394463,false,ג.צהובה נעם ואקום28% 500,טרה,IL,גבינה צהובה 28%,גרמים,500.00,100 גרם,false,0,27.30,5.46,true,1,
7290102394821,false,ג.צהובה נעם דק דק28% 200,טרה,IL,גבינה צהובה דק,גרמים,200.00,100 גרם,false,0,15.70,7.85,true,1,
7290102394845,false,גב.צהובה נעם דק דק9% 200,טרה,IL,גבינה צהובה דק9%,גרמים,200.00,100 גרם,false,0,16.40,8.20,true,1,
7290102395217,false,יוג.מולר2%מעודן150*8ג',טרה,IL,יוגורט מולר 8י,קילוגרמים,1.20,"ק""ג",false,0,19.20,16.00,true,1,
7290102395224,false,יוג.מולר נטורל1.7% 150*8,טרה,IL,יוגורט ביאנקו 8י,קילוגרמים,1.20,"ק""ג",false,0,18.50,15.42,true,1,
7290102395231,false,יוג.מולר נטורל2.8% 150*8,טרה,IL,יוגורט ביאנקו 8י,קילוגרמים,1.20,"ק""ג",false,0,18.50,15.42,true,1,
7290102395378,false,גבינה צהובה28%ואקום 360ג,טרה,IL,גבינה צהובה 28%,גרמים,360.00,100 גרם,false,0,19.90,5.53,true,1,
7290102395446,false,מו וניל וקצפת 123 גרם,טרה,IL,מו וניל וקצפת,גרמים,123.00,100 גרם,false,0,2.90,2.36,true,1,
7290102395460,false,מו שוקולד אגוזים+קצפת123,טרה,IL,מו שוקולד אגוזים,גרמים,123.00,100 גרם,false,0,2.90,2.36,true,1,
7290102395477,false,מו שוקולד וקצפת 123 גרם,טרה,IL,מו שוקולד וקצפת,גרמים,123.00,100 גרם,false,0,2.90,2.36,true,1,
7290102396047,false,יוג.סימפלי אננס1.5% 150ג,טרה,IL,יוגורט אננס 1.5%,גרמים,150.00,100 גרם,false,0,4.90,3.27,true,1,
7290102396245,false,יוגורט נטורל+פ.יער 150ג,טרה,IL,יוגורט נטורל,גרמים,150.00,100 גרם,false,1,4.20,2.80,true,1,
7290102396252,false,יוגורט נטורל3% אננס 150ג,טרה,IL,יוגורט נטורל,גרמים,150.00,100 גרם,false,1,4.20,2.80,true,1,
7290102396269,false,יוג.נטורל3% בננה תמר150ג,טרה,IL,יוגורט נטורל,גרמים,150.00,100 גרם,false,1,4.20,2.80,true,1,
7290102396399,false,מעדן שוקולד 100*8גר,טרה,IL,מעדן שוקולד 8 יח,גרמים,800.00,100 גרם,false,0,13.40,1.68,true,1,
7290102396436,false,מעדן שוקולד מוו1.5% 125ג,טרה,IL,מעדן שוקולד,גרמים,125.00,100 גרם,false,0,2.90,2.32,true,1,
7290102396443,false,מעדן וניל מוו1.5% 125גרם,טרה,IL,מעדן וניל,גרמים,125.00,100 גרם,false,0,2.90,2.32,true,1,
7290102396474,false,יוג.פרופ מלון בננ.תמר150,טרה,IL,יוגורט פרופ פרי,גרמים,150.00,100 גרם,false,0,5.20,3.47,true,1,
7290102396481,false,יוג.אפרסק/פסיפלו/אננס150,טרה,IL,יוגורט פרופ פרי,גרמים,150.00,100 גרם,false,0,5.20,3.47,true,1,
7290102396597,false,מעדן מו וניל+מוס שוק123ג,טרה,IL,מעדן מו וניל,גרמים,123.00,100 גרם,false,0,2.90,2.36,true,1,
7290102396719,false,יוגורט0% סימפלי תות 150ג,טרה,IL,יוגורט תות,גרמים,150.00,100 גרם,false,0,4.90,3.27,true,1,
7290102396726,false,יוגורט0%סימפלי אפרסק150ג,טרה,IL,יוגורט אפרסק,גרמים,150.00,100 גרם,false,0,4.90,3.27,true,1,
7290102396740,false,מולר סימפלי0%תות/אפ150*8,טרה,IL,מולר סימפלי 8 יח,קילוגרמים,1.20,"ק""ג",false,0,30.70,25.58,true,1,
7290102396757,false,שוקו מוו קרטון 1 ליטר,טרה,IL,שוקו מוו בקרטון,ליטרים,1.00,ליטר,false,0,12.20,12.20,true,1,
7290102396764,false,שוקו מוו קרטון 2 ליטר,טרה,IL,שוקו מוו 2 ליטר,ליטרים,2.00,ליטר,false,0,17.90,8.95,true,1,
7290102396948,false,חלב בקרטון 3% 1 ליטר,טרה,IL,חלב בקרטון 3% 1 ליטר,ליטרים,1.00,ליטר,false,1,5.75,5.75,true,1,
7290102396955,false,חלב 3% בקרטון 2 ליטר,טרה,IL,חלב 3% בקרטון 2 ליטר,ליטרים,2.00,ליטר,false,1,11.50,5.75,true,1,
7290102396962,false,חלב מפוסטר 3%שקית1ליטר,טרה,IL,חלב טרה בשקית,ליטרים,1.00,ליטר,false,1,5.00,5.00,true,1,
7290102397006,false,חלב במתיקות מעודנת3% 1ל',טרה,IL,חלב במתיקות 3%,ליטרים,1.00,ליטר,false,1,7.70,7.70,true,1,
7290102397167,false,משקה יוגsip. תות בננה250,טרה,IL,משקה יוגורט מולר,מיליליטרים,250.00,"100 מ""ל",false,1,5.40,2.16,true,1,
7290102397174,false,משקה יוגsip. תפוז גזר250,טרה,IL,משקה יוגורט מולר,מיליליטרים,250.00,"100 מ""ל",false,1,5.40,2.16,true,1,
7290102397204,false,גב.צהובה נעם דק 22% 200ג,טרה,IL,גבינה צהובה נעם,גרמים,200.00,100 גרם,false,1,15.70,7.85,true,1,
7290103126797,false,"קולגייט פרו ריליף 75 מ""ל",קולגייט-פלמוליב,BR,משחת קולגייט,מיליליטרים,75.00,"100 מ""ל",false,0,14.90,19.87,true,1,
7290103129408,false,ליידי ס.ס אינפיוזן בלו,קולגייט-פלמוליב,IL,ליידי ספיד סטיק,גרמים,65.00,100 גרם,false,0,19.90,30.62,true,1,
7290103401276,false,מעדן תאנים 100%פרי 250 ג,יד מרדכי,IL,מעדן תאנים,גרמים,250.00,100 גרם,false,0,14.90,5.96,true,1,
7290103401382,false,קפה נמס פרא אפריקאי200גר,עלית,IL,קפה פרא אפריקאי,גרמים,200.00,100 גרם,false,0,27.90,13.95,true,1,
7290103401429,false,קפה נמס קצב ברזילאי200גר,עלית,IL,קפה נמס ברזילאי,גרמים,200.00,100 גרם,false,0,27.90,13.95,true,1,
7290103402815,false,אצבעות שוקולד+קרם חלב96ג,עלית,IL,אצבעות שוקולד,גרמים,96.00,100 גרם,false,0,8.10,8.44,true,1,
7290103402839,false,אצבעות שוקולד+עדשים96גרם,עלית,IL,אצבעות שוקולד,גרמים,96.00,100 גרם,false,0,8.10,8.44,true,1,
7290103403874,false,טבלת פסק זמן לבן 110 גרם,עלית,IL,טבלת פסק זמן,גרמים,110.00,100 גרם,false,0,8.90,8.09,true,1,
7290103403997,false,אנרג'י שייפ אגוז+שוק25*6,עלית,IL,חטיפי אנרג'י 6יח,גרמים,156.00,100 גרם,false,0,18.50,11.86,true,1,
7290103404017,false,"אנרג'י שייפ פירות ללת""ס",שטראוס,IL,חטיפי אנרג'י 6יח,גרמים,120.00,100 גרם,false,0,18.50,15.42,true,1,
7290103404758,false,סלט כרוב אדום יום יום120,שטראוס,IL,כרוב אדום אחלה,גרמים,120.00,100 גרם,false,0,5.40,4.50,true,1,
7290103407223,false,אצבעות שוק+סוכ.קופצות96ג,עלית,IL,אצבעות שוקולד,גרמים,96.00,100 גרם,false,0,8.10,8.44,true,1,
7290103407421,false,"פסק זמן ללת""ס 45*3 גר",עלית,IL,פסק זמן שלישיה,גרמים,135.00,100 גרם,false,0,17.70,13.11,true,1,
7290104061219,false,רבע לשבע אגוזים 120 גרם,עלית,IL,רבע לשבע אגוז,גרמים,120.00,100 גרם,false,0,13.50,11.25,true,1,
7290104061448,false,חומוס עם חריף אחלה 400 ג,שטראוס,IL,חומוס חריף אחלה,גרמים,400.00,100 גרם,false,0,11.90,2.98,true,1,
7290104062599,false,גמדים תות בננה 100*8 גרם,שטראוס,IL,גמדים תות בננה,גרמים,800.00,100 גרם,false,0,18.90,2.36,true,1,
7290104062681,false,סוכריות מאסט פטל לימון80,עלית,PL,סוכריות מאסט,גרמים,80.00,100 גרם,false,0,8.50,10.63,true,1,
7290104064111,false,אנרג'י שייפ שוק.מריר 6יח,שטראוס,IL,חטיפי אנרג'י 6יח,גרמים,156.00,100 גרם,false,0,18.50,11.86,true,1,
7290104065187,false,קפה נמס מוקה 200 גרם,עלית,IL,קפה נמס מוקה 200 גרם,גרמים,200.00,100 גרם,false,0,29.50,14.75,true,1,
7290104066566,false,טחינה אחלה 500 גרם,שטראוס,IL,טחינה אחלה 500גר,גרמים,500.00,100 גרם,false,0,15.80,3.16,true,1,
7290104067198,false,ספלנדיד מריר 70%תפוז100ג,עלית,IL,שוקולד ספלנדיד,גרמים,100.00,100 גרם,false,0,11.90,11.90,true,1,
7290104068539,false,מאסט LL מלון ואבטיח 28גר,עלית,IL,מסטיק מאסט,גרמים,28.00,100 גרם,false,0,4.60,16.43,true,1,
7290104068546,false,מסטיק מאסט פליפ קולה28גר,עלית,IL,מסטיק מאסט,גרמים,28.00,100 גרם,false,0,4.60,16.43,true,1,
7290104068676,false,תפוצ'יפס קידס 45 גרם,עלית,IL,תפוצ'יפס קידס,גרמים,45.00,100 גרם,false,0,3.20,7.11,true,1,
7290104069116,false,סוכריות מאסט קפוצ'ינו80ג,עלית,PL,סוכריות מאסט,גרמים,80.00,100 גרם,false,0,8.50,10.63,true,1,
7290104502903,false,ביסקוויט ללא גלוטן 200גר,אסם,IL,ביסקוויט,גרמים,200.00,100 גרם,false,0,13.00,6.50,true,1,
7290104503184,false,בראוניז שוק.ריבת חלב380ג,אסם,IL,עוגת בראוניז,גרמים,380.00,100 גרם,false,0,18.30,4.82,true,1,
7290104504228,false,מיני דובונים 20*5 גרם,אסם,,מיני דובונים 5יח,גרמים,100.00,100 גרם,false,0,14.70,14.70,true,1,
7290104508417,false,במבה במבונים 60 גרם,אסם,IL,במבה במבונים,גרמים,60.00,100 גרם,false,0,4.30,7.17,true,1,
7290104508882,false,סלט חציל בלאדי במיונז400,צבר,IL,סלט חציל בלאדי,גרמים,400.00,100 גרם,false,0,17.50,4.38,true,1,
7290104508943,false,במבה חטיף בוטנים 200 גרם,אסם,IL,במבה חטיף בוטנים,גרמים,200.00,100 גרם,false,0,9.10,4.55,true,1,
7290104509155,false,חטיפי קריספי גריסיני200ג,אסם,IL,חטיפי קריספי,גרמים,200.00,100 גרם,false,0,12.40,6.20,true,1,
7290104509568,false,במבה ללא גלוטן 80 גרם,אסם,IL,במבה ללא גלוטן,גרמים,80.00,100 גרם,false,0,4.90,6.13,true,1,
7290104570162,false,תמר כבוש500גרם,ששון,IL,תמר כבוש500גרם,גרמים,500.00,100 גרם,false,0,17.90,3.58,true,1,
7290104720499,false,דני וניל 125*8 גרם,שטראוס,IL,דני וניל 8 יח',קילוגרמים,1.00,"ק""ג",false,0,16.30,16.30,true,1,
7290104721533,false,רצועות פלפלים קלויים400ג,שטראוס,IL,רצועות פלפלים,גרמים,400.00,100 גרם,false,0,16.50,4.13,true,1,
7290104723353,false,מארז קפה טורקי לדרך140גר,עלית,IL,מארז טורקי לדרך,גרמים,140.00,100 גרם,false,0,18.40,13.14,true,1,
7290104724190,false,גב.סימפוניה פימנטה5% 200,שטראוס,IL,גבינת סימפוניה,גרמים,200.00,100 גרם,false,1,10.90,5.45,true,1,
7290104725845,false,דנכול בטעם מעודן 100*6ג,שטראוס,IL,דנכול 6 יח,גרמים,600.00,100 גרם,false,0,22.90,3.82,true,1,
7290104725852,false,דנכול תות מארז 100*6 ג,שטראוס,IL,דנכול תות 6 יח,גרמים,600.00,100 גרם,false,0,22.90,3.82,true,1,
7290104726224,false,לימבו פטל 125 גרם,שטראוס,IL,לימבו פטל,גרמים,125.00,100 גרם,false,0,2.10,1.68,true,1,
7290104726262,false,דני לשתיה שוקולד 125*4ג,שטראוס,IL,דני לשתיה 4 יח,גרמים,500.00,100 גרם,false,0,11.50,2.30,true,1,
7290104726712,false,מארז מילקי ט.שוקולד170*8,שטראוס,IL,מארז מילקי 8 יח',ליטרים,1.36,ליטר,false,0,21.20,15.59,true,1,
7290104728242,false,צ'יקו תחליף קפה 130 גרם,עלית,IL,צ'יקו תחליף קפה 130 גרם,גרמים,130.00,100 גרם,false,0,26.20,20.15,true,1,
7290104728310,false,שמנת עמידה לקצפת38% 250מ,יטבתה,IL,שמנת עמידה לקצפת,גרמים,250.00,100 גרם,false,0,5.95,2.38,true,1,
7290104728747,false,החומוסיה של אבי חלק400ג,שטראוס,IL,החומוסיה של אבי,גרמים,400.00,100 גרם,false,0,15.90,3.98,true,1,
7290104850042,false,כפות מוכספות,,IL,כפות מוכספות,יחידה,1.00,יחידה,false,0,6.80,6.80,true,1,
7290104852268,false,שקיות מזון בקופסא 150 יח,,IL,שקיות מזון בקופסא 150 יח,יחידה,1.00,יחידה,false,0,10.90,10.90,true,1,
7290104960253,false,סבון נקה7 ארומה לבנדר750,אמיליה קוסמטיקס,IL,תחליב רחצה נרה 7,מיליליטרים,750.00,"100 מ""ל",false,0,10.00,1.33,true,1,
7290104960338,false,תחליב רח.נקה 7 אלוורה750,אמיליה קוסמטיקס,IL,תחליב רחצה נקה 7,מיליליטרים,750.00,"100 מ""ל",false,0,10.00,1.33,true,1,
7290104960352,false,תחליב רחצה נקה 7 שקד 750,אמיליה קוסמטיקס,IL,תחליב רחצה נקה 7,מיליליטרים,750.00,"100 מ""ל",false,0,10.00,1.33,true,1,
7290104961243,false,תח.רחצה נקה7 קוקוס 750מ,אמיליה קוסמטיקס,IL,תחליב רחצה,מיליליטרים,750.00,"100 מ""ל",false,0,10.00,1.33,true,1,
7290104961885,false,"מרכך קרטין נטורל 400 מ""ל",קוסמופארם,IL,מרכך קרטין,מיליליטרים,400.00,"100 מ""ל",false,0,30.00,7.50,true,1,
7290104962134,false,דאו. קרליין רול און נושם,קרליין,IL,רול און נושם,מיליליטרים,75.00,"100 מ""ל",false,0,12.90,17.20,true,1,
7290104962660,false,דאו.נושם ללא אלומיניו150,קרליין,IL,ספריי נושם,מיליליטרים,150.00,"100 מ""ל",false,0,12.90,8.60,true,1,
7290104962684,false,דאו.נושם ללא אלומיניום75,קרליין,IL,דאו.קרליין,מיליליטרים,75.00,"100 מ""ל",false,0,12.90,17.20,true,1,
7290104962844,false,"שמפו אמפולה נטורל 400מ""ל",קוסמופארם,IL,שמפו אמפולה,מיליליטרים,400.00,"100 מ""ל",false,1,30.00,7.50,true,1,
7290105360250,false,קפסולות מקיאטו 50גרם,עלית,IL,קפסולות מקיאטו,גרמים,50.00,100 גרם,false,0,19.10,38.20,true,1,
7290105360328,false,קפסולות אספרסו חזק 50 גר,עלית,IL,קפסולות אספרסו,גרמים,50.00,100 גרם,false,0,19.10,38.20,true,1,
7290105360335,false,קפסולות אספרסו מעודן50גר,עלית,IL,קפסולות אספרסו,גרמים,50.00,100 גרם,false,0,19.10,38.20,true,1,
7290105360755,false,"שמן זית 3 חזק 750 מ""ל",יד מרדכי,IL,"שמן זית 3 חזק 750 מ""ל",מיליליטרים,750.00,"100 מ""ל",false,0,39.90,5.32,true,1,
7290105360762,false,"שמן זית 1 עדין 750 מ""ל",יד מרדכי,IL,שמן זית 1 עדין,מיליליטרים,750.00,"100 מ""ל",false,0,39.90,5.32,true,1,
7290105362193,false,עוגות אישיות מגולגלות245,עלית,IL,עוגות אישיות,גרמים,245.00,100 גרם,false,0,15.80,6.45,true,1,
7290105362339,false,שמנת לבישול15%מהדרין250,יטבתה,IL,שמנת לבישול 15%,מיליליטרים,250.00,"100 מ""ל",false,0,9.00,3.60,true,1,
7290105364289,false,כיף כף מקלות פצפוצים40גר,עלית,IL,כיף כף מקלות,גרמים,40.00,100 גרם,false,0,5.00,12.50,true,1,
7290105364784,false,שוקולד ביסקוויט לבן 100ג,עלית,IL,שוקולד ביסקוויט,גרמים,100.00,100 גרם,false,0,6.40,6.40,true,1,
7290105366054,false,טחינה עם פטרוזיליה 400גר,שטראוס,IL,טחינה+פטרוזיליה,גרמים,400.00,100 גרם,false,0,16.50,4.13,true,1,
7290105366504,false,אצבעות שוקולד לבן 96 גרם,עלית,IL,אצבעות שוקולד,גרמים,96.00,100 גרם,false,0,8.10,8.44,true,1,
7290105366986,false,סימפ.חציל קלוי ושום 200ג,שטראוס,IL,סימפוניה חציל,גרמים,200.00,100 גרם,false,0,10.90,5.45,true,1,
7290105367020,false,סימפוניה טבעי 25% 210גרם,שטראוס,IL,גבינת סימפוניה,גרמים,210.00,100 גרם,false,0,10.90,5.19,true,1,
7290105367297,false,יוגורט מ.מעודנת2% 150גר,שטראוס,IL,יוגורט דנונה 2%,גרמים,150.00,100 גרם,false,0,3.10,2.07,true,1,
7290105367600,false,דנונה דיאט אכמניות תחתית,שטראוס,IL,דנונה פרי 3%,גרמים,150.00,100 גרם,false,0,4.90,3.27,true,1,
7290105368171,false,מילקישייק ט.שוק.וקצפת143,שטראוס,IL,מילקי שייק,גרמים,143.00,100 גרם,false,0,5.00,3.50,true,1,
7290105368225,false,חומוס עם פלפל שיפקה 400ג,שטראוס,IL,חומוס עם פלפל,גרמים,400.00,100 גרם,false,0,11.90,2.98,true,1,
7290105368331,false,"מילקי בטעם תות 170 מ""ל",שטראוס,IL,מילקי טעם תות,מיליליטרים,170.00,"100 מ""ל",false,0,2.80,1.65,true,1,
7290105368355,false,מילקי שוקולד עשיר 133גרם,שטראוס,IL,מילקי שוקולד,גרמים,133.00,100 גרם,false,1,4.00,3.01,true,1,
7290105368379,false,מילקי שוקולד ופצופצים133,שטראוס,IL,מילקי שוקולד,גרמים,133.00,100 גרם,false,1,4.00,3.01,true,1,
7290105368386,false,מילקי וניל ופצופצים133ג,שטראוס,IL,מילקי וניל,גרמים,133.00,100 גרם,false,1,4.00,3.01,true,1,
7290105368485,false,חומוס לניגוב+מטבוחה 400ג,שטראוס,IL,חומוס לניגוב,גרמים,400.00,100 גרם,false,0,11.90,2.98,true,1,
7290105368881,false,חלב יטבתה מועשר3% 1.75ל,יטבתה,IL,חלב יטבתה מועשר,ליטרים,1.75,ליטר,false,0,13.60,7.77,true,1,
7290105368904,false,"שמנת מתוקה 32% 250 מ""ל",יטבתה,IL,שמנת מתוקה32%,מיליליטרים,250.00,"100 מ""ל",false,0,8.20,3.28,true,1,
7290105368928,false,שמנת 9% יטבתה מהדרין200מ,יטבתה,IL,שמנת 9% יטבתה,מיליליטרים,200.00,"100 מ""ל",false,0,3.20,1.60,true,1,
7290105369147,false,שוק.ספלנדיד פירות יער100,שטראוס,IL,שוקולד ספלנדיד,גרמים,100.00,100 גרם,false,0,11.90,11.90,true,1,
7290105430502,false,דאו.ספיד ס.סטיינגארד50ג,קולגייט-פלמוליב,IL,דאו.ספיד סטיק,גרמים,50.00,100 גרם,false,0,19.90,39.80,true,1,
7290105474056,false,לה קט מעדן סלמון 155ג,PRODUCTS FOOD HIQ,IL,לה קט מעדן מוס,גרמים,155.00,100 גרם,false,0,6.80,4.39,true,1,
7290105500151,false,וודקה פינלנדיה,,IL,וודקה פינלנדיה,מיליליטרים,700.00,"100 מ""ל",false,0,69.90,9.99,true,1,
7290105690715,false,מרק נמס תירס 27*2גרם,אסם,IL,מרק נמס תירס,גרמים,54.00,100 גרם,false,0,7.30,13.52,true,1,
7290105690753,false,מרק נמס ט.עוף+שקדי 26*2ג,אסם,IL,מרק נמס טעם עוף,גרמים,52.00,100 גרם,false,0,7.30,14.04,true,1,
7290105691415,false,בייגלה שמיניות ללא גלוטן,אסם,IL,בייגלה שמיניות,גרמים,250.00,100 גרם,false,0,15.10,6.04,true,1,
7290105691934,false,"קמח שמרים 1 ק""ג",תחנת קמח המפרץ,IL,"קמח שמרים 1 ק""ג",קילוגרמים,1.00,"ק""ג",false,0,10.80,10.80,true,1,
7290105693341,false,במבה 25*10 גרם,אסם,,במבה 10 יח,גרמים,250.00,100 גרם,false,0,17.60,7.04,true,1,
7290105693457,false,עוגת דמקה שוקו וניל320גר,אסם,IL,עוגת הבית,גרמים,320.00,100 גרם,false,0,13.40,4.19,true,1,
7290105694775,false,טריקס פירות דגני תירס480,ג'נרל מילס,US,טריקס בטעם פירות,גרמים,480.00,100 גרם,false,0,18.90,3.94,true,1,
7290105694867,false,אריסה אדומה רפי כהן150ג,צבר,IL,אריסה אדומה,גרמים,150.00,100 גרם,false,0,11.50,7.67,true,1,
7290105694904,false,מרק פטריות רכיבים טבעיים,אסם,IL,מרק פטריות רכיבים טבעיים,גרמים,220.00,100 גרם,false,0,18.50,8.41,true,1,
7290105694928,false,מרק בצל רכיבים טבעיים220,אסם,IL,מרק בצל,גרמים,220.00,100 גרם,false,0,18.50,8.41,true,1,
7290105695024,false,פתיתים אורז ואטריות500ג,אסם,IL,פתיתים אפויים,גרמים,500.00,100 גרם,false,0,7.80,1.56,true,1,
7290105695321,false,עוגת בראוניס פאדג' 380 ג,אסם,IL,עוגת בראוניס,גרמים,380.00,100 גרם,false,0,18.30,4.82,true,1,
7290105695994,false,"רוטב סויה טבעי 290 מ""ל",אסם,IL,רוטב סויה טבעי,מיליליטרים,290.00,"100 מ""ל",false,0,16.80,5.79,true,1,
7290105961518,false,עוגת שוקו קרם טראפלס330ג,עלית,IL,עוגת שוקו,גרמים,330.00,100 גרם,false,0,17.30,5.24,true,1,
7290105961525,false,שוק.ספלנדיד מריר85% 100ג,שטראוס,IL,שוקולד ספלנדיד,גרמים,100.00,100 גרם,false,0,11.90,11.90,true,1,
7290105962331,false,סחוג חריף מאוד זהבי220ג,זהבי הכרם,IL,סחוג חריף זהבי,גרמים,220.00,100 גרם,false,0,11.70,5.32,true,1,
7290105964915,false,פופקורן טבעי 80 גרם,עלית,IL,פופקורן טבעי,גרמים,80.00,100 גרם,false,0,5.90,7.38,true,1,
7290105965493,false,ספלנדיד מריר+מוס שוק105ג,עלית,IL,ספלנדיד מריר,גרמים,105.00,100 גרם,false,1,11.90,11.33,true,1,
7290105965509,false,שוק.מריר62% +מוס גאנדויה,עלית,IL,שוקולד ספלנדיד,גרמים,105.00,100 גרם,false,1,11.90,11.33,true,1,
7290105965516,false,ספלנדיד חלב מוס אספרס105,עלית,IL,שוקולד ספלנדיד,גרמים,105.00,100 גרם,false,1,11.90,11.33,true,1,
7290105965530,false,בונבוניירה לב לבן קטן50ג,עלית,IL,בונבוניירה לב,גרמים,50.00,100 גרם,false,0,11.50,23.00,true,1,
7290105965592,false,מש.אקטיביה שזיף+חמצ150*6,שטראוס,IL,משקה אקטיביה 6יח,גרמים,900.00,100 גרם,false,0,21.00,2.33,true,1,
7290105965707,false,דנונה לשתיה תות בננה850ג,שטראוס,IL,דנונה לשתיה,גרמים,850.00,100 גרם,false,0,14.80,1.74,true,1,
7290105965738,false,דנונה לשתיה תות בננה267ג,שטראוס,IL,דנונה לשתיה,גרמים,267.00,100 גרם,false,0,5.30,1.99,true,1,
7290105966018,false,חלב יטבתה מועשר1% 1.75ל,יטבתה,IL,חלב מועשר 1.75ל,ליטרים,1.75,ליטר,false,0,13.60,7.77,true,1,
7290105966377,false,"משקה סחלב מהדרין 850 מ""ל",יטבתה,IL,משקה סחלב,מיליליטרים,850.00,"100 מ""ל",false,0,11.50,1.35,true,1,
7290105968630,false,"אנרגי אגוז מצופה ללת""ס",עלית,IL,חטיפי אנרג'י,גרמים,168.00,100 גרם,false,0,18.50,11.01,true,1,
7290105968654,false,רביולי בטטה פרווה 400 גר,שטראוס,IL,רביולי בטטה 400ג,גרמים,400.00,100 גרם,false,0,16.90,4.23,true,1,
7290106412675,false,סוכריות דבש,,IL,סוכריות דבש,גרמים,100.00,100 גרם,false,0,4.90,4.90,true,1,
7290106504776,false,פמפרס פרימיום מידה3 20*4,פרוקטר & גמבל,IL,רביעיית פמפרס,יחידה,1.00,יחידה,false,1,79.90,79.90,true,1,
7290106504783,false,פמפרס פרימיום מידה4 20*4,פרוקטר & גמבל,IL,רביעיית פמפרס,יחידה,1.00,יחידה,false,1,79.90,79.90,true,1,
7290106504790,false,פמפרס פרימיום מידה5 18*4,פרוקטר & גמבל,IL,רביעיית פמפרס,יחידה,1.00,יחידה,false,1,79.90,79.90,true,1,
7290106520066,false,רבע לשבע 160 גרם,עלית,IL,רבע לשבע 160 גרם,גרמים,160.00,100 גרם,false,0,13.50,8.44,true,1,
7290106520295,false,דנונה פרו לבן 2.9% 150גר,שטראוס,IL,דנונה פרו לבן,גרמים,150.00,100 גרם,false,1,4.90,3.27,true,1,
7290106520417,false,JOYבר שוקולד+ופל מצופ140,שטראוס,IL,JOY בר שוקולד,גרמים,140.00,100 גרם,false,1,4.50,3.21,true,1,
7290106520424,false,JOY בר שוקו.מריר+אגוז140,שטראוס,IL,JOY בר שוקולד,גרמים,140.00,100 גרם,false,1,4.50,3.21,true,1,
7290106520462,false,מילקי קייק 4 * 34 גרם,TSC,IT,מילקי קייק 4יח,גרמים,136.00,100 גרם,false,1,11.40,8.38,true,1,
7290106520905,false,סלט טורקי 400 גרם,שטראוס,IL,סלט טורקי,גרמים,400.00,100 גרם,false,0,16.50,4.13,true,1,
7290106520912,false,"שמנת לבישול 9% 250 מ""ל",יטבתה,IL,שמנת לבישול 9%,מיליליטרים,250.00,"100 מ""ל",false,0,9.00,3.60,true,1,
7290106521612,false,מאגדת טורטית 40*4 גרם,עלית,IL,טורטית 4 יחידות,גרמים,160.00,100 גרם,false,0,14.10,8.81,true,1,
7290106521650,false,מאגדת טעמי 40*4 גרם,עלית,IL,טעמי 4 יחידות,גרמים,160.00,100 גרם,false,0,14.10,8.81,true,1,
7290106522473,false,דנונה בר בנים 173*2ג,שטראוס,IL,זוג דנונה בר,גרמים,346.00,100 גרם,false,0,9.00,2.60,true,1,
7290106523142,false,יוג.יווני טבעי7% 130*4גר,שטראוס,IL,יוגורט יווני 4יח,גרמים,520.00,100 גרם,false,0,13.50,2.60,true,1,
7290106524415,false,שוש דמויות ילדים 80 גרם,עלית,IL,שוש דמויות ילדים,גרמים,80.00,100 גרם,false,1,4.00,5.00,true,1,
7290106524873,false,דנונה אננס קוקוס99 150גר,שטראוס,IL,דנונה 99 קלוריות,גרמים,150.00,100 גרם,false,0,4.90,3.27,true,1,
7290106524897,false,דנונה פירות יער 99 150גר,שטראוס,IL,דנונה 99 קלוריות,גרמים,150.00,100 גרם,false,0,4.90,3.27,true,1,
7290106525320,false,שוקולית לאפיה 500 גרם,עלית,IL,שוקולית לאפיה,גרמים,500.00,100 גרם,false,0,15.80,3.16,true,1,
7290106525450,false,ספלנדיד קרנץ מלח+קרמל100,עלית,IL,שוקולד ספלנדיד,גרמים,100.00,100 גרם,false,0,11.90,11.90,true,1,
7290106525689,false,ספלנדיד אגוז.לוז מריר110,שטראוס,IL,ספלנדיד אגוזי לו,גרמים,110.00,100 גרם,false,0,15.80,14.36,true,1,
7290106525702,false,ספלנדיד שקדים וחלב 110גר,שטראוס,IL,ספלנדיד שקדים,גרמים,110.00,100 גרם,false,0,15.80,14.36,true,1,
7290106525917,false,סוכריות ג'לית 25 גרם,שטראוס,IL,סוכריות ג'לית,גרמים,25.00,100 גרם,false,1,2.50,10.00,true,1,
7290106526327,false,"שמן זית כתית מעולה650מ""ל",יד מרדכי,IL,שמן זית,מיליליטרים,650.00,"100 מ""ל",false,0,32.90,5.06,true,1,
7290106526822,false,פריכיות תחתית חלב 80גרם,שטראוס,IL,פריכיות,גרמים,80.00,100 גרם,false,0,8.80,11.00,true,1,
7290106527423,false,אקטיביה שזיף 1.5% 150*4ג,שטראוס,IL,מארז אקטיביה 4יח,גרמים,600.00,100 גרם,false,0,20.40,3.40,true,1,
7290106527461,false,אקטיביה0%שזיף מיובש150*4,שטראוס,IL,מארז אקטיביה 4יח,גרמים,600.00,100 גרם,false,0,20.40,3.40,true,1,
7290106528864,false,מאסט פפרמינט ממולא25גרם,עלית,IL,מסטיק מאסט,גרמים,25.00,100 גרם,false,1,5.30,21.20,true,1,
7290106571273,false,מאגדת קראנצ שוקולד5יכשלפ,נסטלה,IL,מאגדת קראנצ שוקולד5יכשלפ,גרמים,360.00,100 גרם,false,0,37.00,10.28,true,1,
7290106571877,false,בייגלה שטוחים 60*6 גרם,אסם,IL,בייגלה שטוח 6 יח,גרמים,360.00,100 גרם,false,0,16.30,4.53,true,1,
7290106571907,false,עוגיות שוקולד צ'יפס180ג,אסם,IL,עוגיות פיטנס,גרמים,180.00,100 גרם,false,0,12.90,7.17,true,1,
7290106571921,false,עוגיות חמוציות פיטנס180ג,אסם,IL,עוגיות פיטנס,גרמים,180.00,100 גרם,false,0,12.90,7.17,true,1,
7290106571945,false,עוג.שוקולד מריר פיטנס180,אסם,IL,עוגיות פיטנס,גרמים,180.00,100 גרם,false,1,12.90,7.17,true,1,
7290106572027,false,לחמית חמישה דגנים 190גרם,אסם,IL,לחמית 5 דגנים,גרמים,190.00,100 גרם,false,0,9.90,5.21,true,1,
7290106572126,false,מיני פתיבר מצופה שוקו70ג,כרמית,IL,מיני פתיבר מצופה,גרמים,70.00,100 גרם,false,0,7.70,11.00,true,1,
7290106572614,false,דובונים פיצה 40 גרם,אסם,IL,דובונים פיצה,גרמים,40.00,100 גרם,false,0,4.90,12.25,true,1,
7290106572652,false,דובונים גן חיות 40 גרם,אסם,IL,דובונים גן חיות,גרמים,40.00,100 גרם,false,0,4.90,12.25,true,1,
7290106573086,false,קוסקוס 350*2 גרם,קוסקוס מזון,IL,קוסקוס 2 יח,גרמים,700.00,100 גרם,false,0,10.00,1.43,true,1,
7290106573277,false,חט.קריספי טאפאס זיתים150,אסם,IL,חטיפי קריספי,גרמים,150.00,100 גרם,false,0,13.40,8.93,true,1,
7290106573628,false,חומוס עם טחינה צבר 400גר,צבר,IL,חומוס עם טחינה,גרמים,400.00,100 גרם,false,0,11.90,2.98,true,1,
7290106573642,false,חומוס צנובר צבר 400 גרם,צבר,IL,חומוס צנובר,גרמים,400.00,100 גרם,false,0,12.80,3.20,true,1,
7290106574793,false,עוגת שוקו שוקוצ'יפס350ג,אסם,IL,עוגת הבית,גרמים,350.00,100 גרם,false,0,13.40,3.83,true,1,
7290106574953,false,בייגלה שטוחים שומשום300ג,אסם,IL,בייגלה שטוחים,גרמים,300.00,100 גרם,false,0,7.90,2.63,true,1,
7290106574977,false,בייגלה שטוחים מלח300גרם,אסם,IL,בייגלה שטוחים,גרמים,300.00,100 גרם,false,0,7.90,2.63,true,1,
7290106575479,false,מיני פתיבר מצו.שוק.לבן70,כרמית,IL,מיני פתיבר מצופה,גרמים,70.00,100 גרם,false,0,7.70,11.00,true,1,
7290106575738,false,מאגדת מיני ג'ויה בראוניז,נסטלה,IL,מאגדת ג'ויה בראו,יחידה,1.00,יחידה,false,0,31.60,31.60,true,1,
7290106576391,false,צ'יפסי בטעם שמנת בצל50גר,אסם,IL,חטיף צ'יפסי,גרמים,50.00,100 גרם,false,0,3.50,7.00,true,1,
7290106576414,false,צ'יפסי בטעם מקסיקני 50גר,אסם,IL,חטיף צ'יפסי,גרמים,50.00,100 גרם,false,0,3.50,7.00,true,1,
7290106576513,false,חומוס צבר 400 גרם,צבר,IL,חומוס צבר,גרמים,400.00,100 גרם,false,0,10.50,2.63,true,1,
7290106576537,false,חומוס מסעדה צבר 700גרם,צבר,IL,חומוס מסעדה צבר,גרמים,700.00,100 גרם,false,0,10.00,1.43,true,1,
7290106576773,false,"לה קרמריה שוקולד כשל""פ 1",נסטלה,IL,"לה קרמריה כשל""פ",ליטרים,1.40,ליטר,false,0,23.90,17.07,true,1,
7290106576810,false,"לה קרמריהצמחי ריבת כשל""פ",נסטלה,IL,"לה קרמריה צמחי,",ליטרים,1.40,ליטר,false,0,23.00,16.43,true,1,
7290106576834,false,לה קרמריה פונש בננה כשלפ,נסטלה,IL,"לה קרמריה כשל""פ",ליטרים,1.40,ליטר,false,0,23.00,16.43,true,1,
7290106576858,false,"לה קרמריה תותים כשל""פ .1",נסטלה,IL,"לה קרמריה כשל""פ",ליטרים,1.40,ליטר,false,0,23.00,16.43,true,1,
7290106576896,false,לה קרמריה וניל קוק. כשלפ,נסטלה,IL,"לה קרמריה כשל""פ",ליטרים,1.40,ליטר,false,0,23.90,17.07,true,1,
7290106576926,false,לה קרמריה שוקו וניל לייט,נסטלה,IL,לה קרמריה לייט,ליטרים,1.40,ליטר,false,0,23.90,17.07,true,1,
7290106576957,false,לה קרמריה שוקו וניל כשלפ,נסטלה,IL,"לה קרמריה כשל""פ",ליטרים,1.40,ליטר,false,0,23.00,16.43,true,1,
7290106577039,false,"לה קרמריה וניל+שוק כשל""פ",נסטלה,IL,"לא קרמריה כשל""פ",ליטרים,1.40,ליטר,false,0,23.00,16.43,true,1,
7290106577282,false,טחינה צבר מרובע 400 גרם,צבר,IL,טחינה צבר,גרמים,400.00,100 גרם,false,0,13.60,3.40,true,1,
7290106577305,false,טחינה לבנונית ירוקה400גר,צבר,IL,טחינה לבנונית,גרמים,400.00,100 גרם,false,0,14.20,3.55,true,1,
7290106577480,false,חציל על האש בטחינה400גר,צבר,IL,חציל על האש צבר,גרמים,400.00,100 גרם,false,0,15.40,3.85,true,1,
7290106577503,false,חציל במיונז מרובע 400גרם,צבר,IL,חציל במיונז צבר,גרמים,400.00,100 גרם,false,0,13.20,3.30,true,1,
7290106577541,false,כרוב אדום מרובע צבר400ג,צבר,IL,כרוב אדום צבר,גרמים,400.00,100 גרם,false,0,12.80,3.20,true,1,
7290106578333,false,חציל על האש מרובע צבר400,צבר,IL,חציל על האש צבר,גרמים,400.00,100 גרם,false,0,12.80,3.20,true,1,
7290106578692,false,ביסלי במבה מיקס 80 גרם,אסם,IL,במבה ביסלי מיקס,גרמים,80.00,100 גרם,false,0,4.90,6.13,true,1,
7290106578821,false,עוגת שמרים שוקולד 350גרם,אסם,IL,עוגת שמרים,גרמים,350.00,100 גרם,false,0,18.50,5.29,true,1,
7290106579156,false,פרפקטו פארפאלה 450 גרם,זארה,IT,פרפקטו פארפאלה,גרמים,450.00,100 גרם,false,0,8.80,1.96,true,1,
7290106579231,false,עוגיות תפוז פיטנס 180גרם,אסם,IL,עוגיות פיטנס,גרמים,180.00,100 גרם,false,0,12.90,7.17,true,1,
7290106579293,false,סלט סלק רפי כהן 400 גרם,צבר,IL,סלט סלק רפי כהן,גרמים,400.00,100 גרם,false,0,17.50,4.38,true,1,
7290106652484,false,בפלות שוקולד קרנאץ 300גר,עלית,IL,בפלות קראנץ,גרמים,300.00,100 גרם,false,0,6.90,2.30,true,1,
7290106652491,false,בפלות לימון קראנץ 300גר,עלית,IL,בפלות קראנץ,גרמים,300.00,100 גרם,false,0,6.90,2.30,true,1,
7290106652705,false,פסק זמן קלאסי 45*3 גרם,עלית,IL,פסק זמן 3 יחידות,גרמים,135.00,100 גרם,false,0,13.90,10.30,true,1,
7290106653191,false,פיתה קראנצ' טבעי300 גרם,עלית,IL,פיתה קראנצ',גרמים,300.00,100 גרם,false,0,10.00,3.33,true,1,
7290106653207,false,פיתה קראנצ' זעתר 300 גרם,עלית,IL,פיתה קראנצ',גרמים,300.00,100 גרם,false,0,10.00,3.33,true,1,
7290106653429,false,פיתה קראנצ מחיטה מלאה300,עלית,IL,פיתה קראנצ',גרמים,300.00,100 גרם,false,0,10.00,3.33,true,1,
7290106654921,false,תפוציפס אקסטרא טבעי50ג,שטראוס,IL,תפוצ'יפס אקסטרא,גרמים,50.00,100 גרם,false,0,4.40,8.80,true,1,
7290106654969,false,חומוס כפרי אחלה750גרם,שטראוס,IL,חומוס כפרי אחלה,גרמים,750.00,100 גרם,false,0,8.90,1.19,true,1,
7290106655973,false,זוג אנרגי אגוז/שוק.חלב,עלית,IL,חטיפי אנרג'י זוג,גרמים,312.00,100 גרם,false,0,26.90,8.62,true,1,
7290106656512,false,בפלות טורטית 360 גרם,עלית,IL,בפלות טורטית,גרמים,360.00,100 גרם,false,0,17.70,4.92,true,1,
7290106656727,false,חיוכים שוקולד 600 גרם,עלית,IL,חיוכים שוקולד,גרמים,600.00,100 גרם,false,0,14.90,2.48,true,1,
7290106656895,false,סימפוניה עגבנ.מיובשות200,שטראוס,IL,גבינת סימפוניה5%,גרמים,200.00,100 גרם,false,0,10.90,5.45,true,1,
7290106656901,false,סימפוניה25% זיתים 210ג,שטראוס,IL,גבינת סימפוניה,גרמים,210.00,100 גרם,false,0,10.90,5.19,true,1,
7290106657137,false,תפוציפס אקסטרא טבעי200ג,שטראוס,IL,תפוצ'יפס אקסטרא,גרמים,200.00,100 גרם,false,0,7.90,3.95,true,1,
7290106660410,false,רביולי תרד וגבינה 400גרם,שטראוס,IL,רביולי תרד גבינה,גרמים,400.00,100 גרם,false,0,16.90,4.23,true,1,
7290106660809,false,"מילקי ריפיל 170*8מ""ל",שטראוס,IL,מילקי ריפיל 8 יח,קילוגרמים,1.36,"ק""ג",false,0,21.20,15.59,true,1,
7290106661806,false,סמפוניה סמטאות שוק5% 200,שטראוס,IL,גבינת סימפוניה,גרמים,200.00,100 גרם,false,1,10.90,5.45,true,1,
7290106662582,false,JOYמעד.שוקו מריר3.9% 130,שטראוס,IL,JOY מעדן שוקולד,גרמים,130.00,100 גרם,false,1,3.40,2.62,true,1,
7290106662605,false,JOY מעדן שוקולד3.9% 130ג,שטראוס,IL,JOY מעדן שוקולד,גרמים,130.00,100 גרם,false,1,3.40,2.62,true,1,
7290106662612,false,JOY מעדן וניל 3.9% 130גר,שטראוס,IL,JOY מעדן וניל,גרמים,130.00,100 גרם,false,1,3.40,2.62,true,1,
7290106662629,false,JOYמעדן טעם וניל0% 130ג,שטראוס,IL,JOY מעדן וניל 0%,גרמים,130.00,100 גרם,false,1,3.40,2.62,true,1,
7290106662636,false,JOYשוקולד מריר 0% 130ג,שטראוס,IL,JOY מעדן שוקולד,גרמים,130.00,100 גרם,false,1,3.40,2.62,true,1,
7290106662643,false,JOYמעדן שוקולד 0% 130ג,שטראוס,IL,JOY מעדן שוקולד,גרמים,130.00,100 גרם,false,1,3.40,2.62,true,1,
7290106662650,false,טחינה לניגוב 400 גרם,שטראוס,IL,טחינה לניגוב,גרמים,400.00,100 גרם,false,1,15.90,3.98,true,1,
7290106662667,false,חומוס עם זיתים זעתר400ג,שטראוס,IL,חומוס עם זיתים,גרמים,400.00,100 גרם,false,1,11.90,2.98,true,1,
7290106662834,false,סוכריות דומי דובונים22גר,שטראוס,IL,סוכריות גומי,גרמים,22.00,100 גרם,false,1,2.50,11.36,true,1,
7290106662896,false,חטיפי שוקו.חלב+דגנים100ג,שטראוס,IL,חטיפי אנרג'י 4יח,גרמים,100.00,100 גרם,false,1,10.00,10.00,true,1,
7290106663053,false,סימפוניה ערב בפריז5% 200,שטראוס,IL,גבינת סימפוניה,גרמים,200.00,100 גרם,false,1,10.90,5.45,true,1,
7290106663091,false,לאבנה 9% 500 גרם,שטראוס,IL,לאבנה 9%,גרמים,500.00,100 גרם,false,1,18.90,3.78,true,1,
7290106663121,false,מילקי קייק 34 גרם,TSC,IT,מילקי קייק,גרמים,34.00,100 גרם,false,1,3.10,9.12,true,1,
7290106663244,false,חציל זעלוק 400 גרם,שטראוס,IL,חציל זעלוק 400גר,גרמים,400.00,100 גרם,false,1,16.50,4.13,true,1,
7290106663343,false,עדשים מיני מיני 17 גרם,שטראוס,IL,עדשים מיני מיני,גרמים,17.00,100 גרם,false,1,2.50,14.71,true,1,
7290106663411,false,מסטיקים בטעם פירות 25גרם,שטראוס,IL,מסטיקים,גרמים,25.00,100 גרם,false,1,2.50,10.00,true,1,
7290106663503,false,קונפיט.תות שדה לייט250ג,יד מרדכי,IL,קונפיטורה תות,גרמים,250.00,100 גרם,false,0,14.90,5.96,true,1,
7290106663510,false,קונפ.דומדמ.שזיף לייט250ג,יד מרדכי,IL,קונפיטורה לייט,גרמים,230.00,100 גרם,false,0,14.90,6.48,true,1,
7290106664012,false,תפוציפס אקסט+טבעות בצל50,עלית,IL,תפוצ'יפס אקסטרא,גרמים,50.00,100 גרם,false,1,4.40,8.80,true,1,
7290106664494,false,דוריטוס פיצה 70 גרם,עלית,IL,דוריטוס פיצה,גרמים,70.00,100 גרם,false,1,3.90,5.57,true,1,
7290106664524,false,דוריטוס ברביקיו באטמן70ג,עלית,IL,דוריטוס ברביקיו,גרמים,70.00,100 גרם,false,1,3.90,5.57,true,1,
7290106664548,false,רוטב שמנת4+גבינות9% 250מ,שטראוס,IL,רוטב שמנת גבינות,מיליליטרים,250.00,"100 מ""ל",false,1,11.00,4.40,true,1,
7290106664555,false,רוטב שמנת+עגבניות9% 250מ,שטראוס,IL,רוטב שמנת,מיליליטרים,250.00,"100 מ""ל",false,1,11.00,4.40,true,1,
7290106664562,false,רוטב שמנת+פטריות 9% 200מ,שטראוס,IL,רוטב שמנת פטריות,מיליליטרים,250.00,"100 מ""ל",false,1,11.00,4.40,true,1,
7290106664739,false,תפוציפס אקסטר+טבע.בצל200,עלית,IL,תפוצ'יפס אקסטרה,גרמים,200.00,100 גרם,false,1,7.90,3.95,true,1,
7290106665514,false,דוריטוס נפוליטנה 70 גרם,עלית,IL,דוריטוס נפוליטנה,גרמים,70.00,100 גרם,false,0,3.90,5.57,true,1,
7290106668010,false,בפלות מוקצף 800 גרם,שטראוס,IL,בפלות מוקצף,גרמים,800.00,100 גרם,false,1,21.90,2.74,true,1,
7290106668621,false,"קופי שוט שוק.מריר80*4מ""ל",יטבתה,IL,מארז קופי שוט,מיליליטרים,320.00,"100 מ""ל",false,1,19.70,6.16,true,1,
7290106668638,false,"קופי שוט שוק.חלב 80*4מ""ל",יטבתה,IL,מארז קופי שוט,מיליליטרים,320.00,"100 מ""ל",false,1,19.70,6.16,true,1,
7290106668720,false,דנונה לשתיה פירות יער850,שטראוס,IL,דנונה לשתיה,גרמים,850.00,100 גרם,false,1,14.80,1.74,true,1,
7290106669314,false,סימפוניה בנגקוק 5% 200ג,שטראוס,IL,גבינת סימפוניה,גרמים,200.00,100 גרם,false,1,10.90,5.45,true,1,
7290106720039,false,מאסט ספירמינט ממולא25גרם,עלית,IL,מסטיק מאסט,גרמים,25.00,100 גרם,false,1,5.30,21.20,true,1,
7290106720695,false,מיקס חטיפים צהוב 182גרם,עלית,IL,מיקס חטיפים צהוב,גרמים,182.00,100 גרם,false,0,11.80,6.48,true,1,
7290106721531,false,דוריטוס חמוץ מתוק 70 גרם,עלית,IL,דוריטוס חמוץ,גרמים,70.00,100 גרם,false,0,3.90,5.57,true,1,
7290106721906,false,מסטיק בזוקה צ'יקלט 66גרם,עלית,IL,מסטיק בזוקה,גרמים,66.00,100 גרם,false,1,10.80,16.36,true,1,
7290106721920,false,מסטיק ספירמינט צ'יקלט66ג,עלית,IL,מסטיק ספירמינט,גרמים,66.00,100 גרם,false,1,10.80,16.36,true,1,
7290106722057,false,באגט קראנצ זיתים עגבנ300,עלית,IL,באגט קראנצ זיתים,גרמים,300.00,100 גרם,false,1,10.00,3.33,true,1,
7290106722095,false,באגט קראנצ שום 300 גרם,עלית,IL,באגט קראנצ שום,גרמים,300.00,100 גרם,false,0,10.00,3.33,true,1,
7290106722118,false,באגט קראנצ' טעם בצל 300ג,עלית,IL,באגט קראנצ' בצל,גרמים,300.00,100 גרם,false,1,10.00,3.33,true,1,
7290106722200,false,שוק.מריר בטעם טירמיסו100,שטראוס,IL,שוקולד פרה,גרמים,100.00,100 גרם,false,1,7.10,7.10,true,1,
7290106722217,false,שוק.חלב פאי טופי קרמל100,שטראוס,IL,שוקולד פרה,גרמים,100.00,100 גרם,false,1,7.10,7.10,true,1,
7290106722224,false,שוקולד חלב בננה ספליט100,שטראוס,IL,שוקולד פרה,גרמים,100.00,100 גרם,false,1,7.10,7.10,true,1,
7290106723597,false,בפלות כדורי שוק.קוקוס350,עלית,IL,בפלות כדורי שוקו,גרמים,350.00,100 גרם,false,1,16.20,4.63,true,1,
7290106724433,false,מסטיק קוביות ספירמינט63ג,עלית,IL,מסטיק קוביות,גרמים,63.00,100 גרם,false,1,12.80,20.32,true,1,
7290106724617,false,סביח 400 גרם,שטראוס,IL,סביח אחלה,גרמים,400.00,100 גרם,false,1,16.50,4.13,true,1,
7290106724808,false,סוכריות נוסטלגיה מנטה80ג,עלית,IL,סוכריות מנטה,גרמים,80.00,100 גרם,false,1,6.40,8.00,true,1,
7290106725317,false,שייק הפוך קר 5+ מנות80ג,עלית,IL,שייק הפוך קר,גרמים,80.00,100 גרם,false,1,18.10,22.63,true,1,
7290106725430,false,מסטיק קוב.אננס הדרים63ג,עלית,IL,מסטיק קוביות,גרמים,63.00,100 גרם,false,1,12.80,20.32,true,1,
7290106726161,false,דנונה פרו אפרסק2.4% 150ג,שטראוס,IL,דנונה פרו אפרסק,גרמים,150.00,100 גרם,false,1,4.90,3.27,true,1,
7290106726178,false,דנונה פרו פירות יער150ג,שטראוס,IL,דנונה פרו פ.יער,גרמים,150.00,100 גרם,false,1,4.90,3.27,true,1,
7290106726307,false,רוטב ירוק ישראלי חריף220,שטראוס,IL,רוטב ירוק חריף,גרמים,220.00,100 גרם,false,1,13.50,6.14,true,1,
7290106726314,false,רוטב אדום ישראלי חריף220,שטראוס,IL,רוטב אדום חריף,גרמים,220.00,100 גרם,false,1,13.50,6.14,true,1,
7290106727045,false,דנונה פרו אננס2.4% 150ג,שטראוס,IL,דנונה פרו אננס,גרמים,150.00,100 גרם,false,1,4.90,3.27,true,1,
7290106728127,false,חלב טבעי בקבוק3.6% 1ליטר,יטבתה,IL,חלב טבעי בקבוק,ליטרים,1.00,ליטר,false,1,7.80,7.80,true,1,
7290106728509,false,קפה נמס200ג+פתי בר250ג,עלית,IL,קפה נמס מארז,יחידה,1.00,יחידה,false,1,20.90,20.90,true,1,
7290106729087,false,מילקי טופ פצפוצים 143גרם,שטראוס,IL,מילקי פיצפוצים,גרמים,143.00,100 גרם,false,1,5.00,3.50,true,1,
7290107280037,false,מגבונים לניקוי,,IL,מגבונים לניקוי,יחידה,1.00,יחידה,false,0,6.90,6.90,true,1,
7290107280099,false,מגבוני נייר לחים,,IL,מגבוני נייר לחים,יחידה,1.00,יחידה,false,0,18.90,18.90,true,1,
7290107280129,false,סושי 20שקיות אשפה XXL,סנו,IL,סושי 20שקיות אשפה XXL,יחידה,1.00,יחידה,false,1,29.60,29.60,true,1,
7290107280167,false,תחליב רחצה קרמה וניל750מ,קוסמופארם,IL,תחליב רחצה קרמה,מיליליטרים,750.00,"100 מ""ל",false,0,15.90,2.12,true,1,
7290107280396,false,מתז ג'ט למטבח,,IL,מתז ג'ט למטבח,מיליליטרים,750.00,"100 מ""ל",false,0,10.00,1.33,true,1,
7290107280471,false,ספארק טבליות למדיח 30 יח,סנו,IL,טבליות למדיח,יחידה,1.00,יחידה,false,0,20.00,20.00,true,1,
7290107280488,false,סנובון WAVE פרחים 45גר,סנו,IL,סנובון WAVE,גרמים,45.00,100 גרם,false,0,7.90,17.56,true,1,
7290107280501,false,סנובון WAVE אורנים 45גר,סנו,PL,סנובון WAVE,גרמים,45.00,100 גרם,false,0,7.90,17.56,true,1,
7290107280679,false,ספארק טבליות למדיח 70 יח,סנו,IL,טבליות למדיח,יחידה,1.00,יחידה,false,0,44.90,44.90,true,1,
7290107280709,false,ספארק נוזל הברקה 700מל,סנו,IL,נוזל הברקה למדיח,מיליליטרים,700.00,"100 מ""ל",false,1,16.90,2.41,true,1,
7290107280716,false,"ספארק מלח למדיח 2 ק""ג",סנו,IL,ספארק מלח למדיח,קילוגרמים,2.00,"ק""ג",false,1,14.80,7.40,true,1,
7290107280723,false,נוזל לכלים לימון 700מל,סנו,IL,נוזל לכלים לימון,מיליליטרים,700.00,"100 מ""ל",false,0,7.90,1.13,true,1,
7290107280761,false,ספארק לכלים לימון+משאבה,סנו,IL,נוזל כלים לימון,ליטרים,1.00,ליטר,false,0,10.00,10.00,true,1,
7290107469180,false,מטאטא שיער מעורב,פלנרו,IL,מטאטא,יחידה,1.00,יחידה,false,1,39.90,39.90,true,1,
7290107536042,false,מארז גיפט קארד מרובע ניי,.,IL,מארז גיפטקארד,יחידה,1.00,יחידה,false,1,4.00,4.00,true,1,
7290107536059,false,מארז גיפט קארד פח,.,IL,מארז גיפטקארד,יחידה,1.00,יחידה,false,1,4.00,4.00,true,1,
7290107640190,false,פינוק שמפו למגע משי700מל,יוניליוור,IL,שמפו פינוק,מיליליטרים,700.00,"100 מ""ל",false,0,10.00,1.43,true,1,
7290107640206,false,פינוק מרכך למגע משי700 מ,יוניליוור,IL,מרכך פינוק,מיליליטרים,700.00,"100 מ""ל",false,0,10.00,1.43,true,1,
7290107640213,false,פינוק ת.רחצה למגע משי700,יוניליוור,IL,תחליב רחצה פינוק,מיליליטרים,700.00,"100 מ""ל",false,0,10.00,1.43,true,1,
7290107640428,false,"פינוק ת.רחצה רגוע 700מ""ל",יוניליוור,IL,תחליב רחצה פינוק,מיליליטרים,700.00,"100 מ""ל",false,1,10.00,1.43,true,1,
7290107641012,false,נשנושי ברנפלקס שקדים375ג,יוניליוור,IL,נישנושי ברנפלקס,גרמים,375.00,100 גרם,false,1,17.90,4.77,true,1,
7290107641081,false,שמפו פינוק קשקש.מנטול700,יוניליוור,IL,שמפו פינוק,מיליליטרים,700.00,"100 מ""ל",false,1,10.00,1.43,true,1,
7290107641098,false,פינוק 2ב1 קשקשים 700 מל,יוניליוור,IL,שמפו פינוק,מיליליטרים,700.00,"100 מ""ל",false,1,10.00,1.43,true,1,
7290107641654,false,דליתות 400 גרם,יוניליוור,IL,דליתות,גרמים,400.00,100 גרם,false,1,22.70,5.68,true,1,
7290107641661,false,דליתפוח 400 גרם,יוניליוור,IL,דליתפוח,גרמים,400.00,100 גרם,false,1,22.70,5.68,true,1,
7290107641845,false,פניני נסיכות טעם דבש300ג,יוניליוור,IL,דגנים נסיכות,גרמים,300.00,100 גרם,false,1,16.90,5.63,true,1,
7290107870429,false,"רוטב בסיס לבישול 580 מ""ל",אסם,IL,רוטב בסיס לבישול,מיליליטרים,580.00,"100 מ""ל",false,0,18.70,3.22,true,1,
7290107870443,false,מאגדת לייט יוגורט מנ258,נגה גלידות,IL,מאגדת לייט יוגורט מנ258,גרמים,258.00,100 גרם,false,7,26.70,10.35,true,1,
7290107870740,false,מאגדת מיני ג'ויה מיקס 25,נסטלה,IL,מאגדת מיני ג'ויה,גרמים,250.00,100 גרם,false,0,31.60,12.64,true,1,
7290107871297,false,פריכונים מיני עש.תיבול25,"פרח תעשיות מזון בע""מ",IL,פריכונים מיני,גרמים,25.00,100 גרם,false,0,4.50,18.00,true,1,
7290107871532,false,מאגדת קרח מילון דובד750,נגה גלידות,IL,מאגדת קרח מילון דובד750,גרמים,750.00,100 גרם,false,7,19.70,2.63,true,1,
7290107871761,false,לחמית ירקות קלויים 160גר,אסם,IL,לחמית ירקות,גרמים,160.00,100 גרם,false,1,11.60,7.25,true,1,
7290107871990,false,פסטה צינורות 500 גרם,זארה,IT,פסטה צינורות,גרמים,500.00,100 גרם,false,0,6.20,1.24,true,1,
7290107873086,false,פתיתים אפויים פלוס עדשים,אסם,IL,פתיתים אפויים,גרמים,400.00,100 גרם,false,0,7.80,1.95,true,1,
7290107873161,false,סלט פריקסה צבר 320 גרם,צבר,IL,סלט פריקסה צבר,גרמים,320.00,100 גרם,false,0,14.40,4.50,true,1,
7290107873185,false,מלך החומוס+פלפל חריף400ג,צבר,IL,מלך החומוס צבר,גרמים,400.00,100 גרם,false,1,13.50,3.38,true,1,
7290107873208,false,חומוס עשיר בטחינה 400גרם,צבר,IL,מלך החומוס צבר,גרמים,400.00,100 גרם,false,1,13.50,3.38,true,1,
7290107873222,false,חומוס עם חריף 400 גרם,צבר,IL,חומוס עם חריף,גרמים,400.00,100 גרם,false,0,12.80,3.20,true,1,
7290107873239,false,פתי בר קרמל 500גרם,אסם,IL,פתיבר קרמל,גרמים,500.00,100 גרם,false,1,12.00,2.40,true,1,
7290107873437,false,סלט סביח צבר 300 גרם,צבר,IL,סלט סביח צבר,גרמים,300.00,100 גרם,false,0,14.40,4.80,true,1,
7290107874366,false,ביסלי נאצ'וס חמוץ חריף50,דוגוס,TR,ביסלי נאצ'וס,גרמים,50.00,100 גרם,false,1,3.50,7.00,true,1,
7290107874427,false,פריכונים מיני זעתר 25גרם,"פרח תעשיות מזון בע""מ",IL,פריכונים מיני,גרמים,25.00,100 גרם,false,0,4.50,18.00,true,1,
7290107874441,false,פריכונ.מיני בצל מקורמל25,"פרח תעשיות מזון בע""מ",IL,פריכונים מיני,גרמים,25.00,100 גרם,false,0,4.50,18.00,true,1,
7290107874687,false,ביסלי נאצ'וס צ'לי 50 גרם,דוגוס,TR,ביסלי נאצ'וס,גרמים,50.00,100 גרם,false,1,3.50,7.00,true,1,
7290107875295,false,"רוטב ויניגרט לייט 290מ""ל",אסם,IL,רוטב ויניגרט,מיליליטרים,290.00,"100 מ""ל",false,1,11.50,3.97,true,1,
7290107875912,false,מנה חמה פסטה עגבניות62ג,אסם,IL,מנה חמה,גרמים,62.00,100 גרם,false,1,7.50,12.10,true,1,
7290107875950,false,קינוחי כוסות עוגת גבינה,אסם,IL,קינוחי כוסות,גרמים,180.00,100 גרם,false,1,12.80,7.11,true,1,
7290107876032,false,שקדי מרק ואטריות 400 גרם,אסם,IL,שקדי מרק ואטריות,גרמים,400.00,100 גרם,false,1,13.90,3.48,true,1,
7290107876506,false,גל.לה קרמריה קוקוס1.4ל,נגה גלידות,IL,גל.לה קרמריה קוק,ליטרים,1.40,ליטר,false,6,23.00,16.43,true,1,
7290107876605,false,מרק נמס פטריות 17*5 גרם,אסם,IL,מרק נמס פטריות5*,גרמים,85.00,100 גרם,false,1,10.00,11.76,true,1,
7290107876803,false,זיתים חרוזית 560 גרם,בית השיטה,IL,זיתים חרוזית,גרמים,560.00,100 גרם,false,1,9.90,1.77,true,1,
7290107876827,false,טבעות זיתים 560 גרם,בית השיטה,IL,טבעות זיתים,גרמים,560.00,100 גרם,false,1,10.20,1.82,true,1,
7290107876841,false,זיתים ירוקים טעם שום560ג,בית השיטה,IL,זיתים טעם שום,גרמים,560.00,100 גרם,false,1,11.70,2.09,true,1,
7290107876919,false,"פריכוני תפו""א ע.תיבול23ג",אסם,IL,"פריכונים תפו""א",גרמים,23.00,100 גרם,false,1,4.50,19.57,true,1,
7290107877145,false,בייגלה שטוחים שוק.מריר50,אסם,IL,שטוחים מריר,גרמים,50.00,100 גרם,false,1,7.70,15.40,true,1,
7290107877169,false,חטיפי קרקר ללא גלוטן 150,אסם,IL,חטיפי קרקר,גרמים,150.00,100 גרם,false,1,9.90,6.60,true,1,
7290107877763,false,במבה במביני 60 גרם,אסם,IL,במבה במביני,גרמים,60.00,100 גרם,false,1,4.40,7.33,true,1,
7290107877992,false,פרפקטו ספירלי 600 גרם,פסטה זארה,IT,פרפקטו ספירלי,גרמים,600.00,100 גרם,false,1,8.50,1.42,true,1,
7290107878050,false,פייבר וואן צימוקים 489גר,ג'נרל מילס,US,דגנים פייבר וואן,גרמים,489.00,100 גרם,false,1,27.50,5.62,true,1,
7290107878074,false,פייבר וואן שקד+אגוז489גר,ג'נרל מילס,US,דגנים פייבר וואן,גרמים,489.00,100 גרם,false,1,27.50,5.62,true,1,
7290107878418,false,"ג'ויה חמאת בוטנים500מ""ל",נסטלה,IL,ג'ויה חמאת בוטני,מיליליטרים,500.00,"100 מ""ל",false,6,21.70,4.34,true,1,
7290107878548,false,פתיתים דינוזאורים 500גרם,אסם,IL,פתיתים,גרמים,500.00,100 גרם,false,1,7.80,1.56,true,1,
7290107878609,false,פסטה דינוזאורים 350 גרם,לנסי,IT,פסטה דינוזאורים,גרמים,350.00,100 גרם,false,1,6.20,1.77,true,1,
7290107878869,false,עוגת שוקולד דאבל ציפס340,אסם,IL,עוגת שוקולד הבית,גרמים,340.00,100 גרם,false,1,13.40,3.94,true,1,
7290107878920,false,קוקטייל זיתים 560 גרם,בית השיטה,IL,קוקטייל זיתים,גרמים,560.00,100 גרם,false,1,11.70,2.09,true,1,
7290107879477,false,"ג'ויה טופי בננה 500מ""ל",נסטלה,IL,ג'ויה טופי בננה,מיליליטרים,500.00,"100 מ""ל",false,6,21.70,4.34,true,1,
7290107930215,false,אנרגי שייפ מיקס פרי24*6ג,עלית,IL,חטיפי אנרגי 6 יח,גרמים,144.00,100 גרם,false,1,18.50,12.85,true,1,
7290107930963,false,שוק.פרה חלב אוריגמי 100ג,שטראוס,IL,שוקולד פרה,גרמים,100.00,100 גרם,false,1,6.00,6.00,true,1,
7290107931830,false,סלט משוויה 400 גרם,שטראוס,IL,סלט משוויה,גרמים,400.00,100 גרם,false,1,16.50,4.13,true,1,
7290107932080,false,חלב מועשר3% בקבוק 1ליטר,יטבתה,IL,חלב מועשר 3%,ליטרים,1.00,ליטר,false,1,7.80,7.80,true,1,
7290107932127,false,חלב מועשר2% בקבוק 1ליטר,יטבתה,IL,חלב מועשר 2%,ליטרים,1.00,ליטר,false,1,7.80,7.80,true,1,
7290107932134,false,חלב מועשר1% בקבוק 1ליטר,יטבתה,IL,חלב מועשר 1%,ליטרים,1.00,ליטר,false,1,7.80,7.80,true,1,
7290107932721,false,סוכ.מאסט מנטה צמחים80ג,טופגאם,IL,סוכריות מאסט,גרמים,80.00,100 גרם,false,1,8.50,10.63,true,1,
7290107933315,false,חלב דל לקטוז בקבוק2% 1ל,יטבתה,IL,חלבדל לקטוז 2%,ליטרים,1.00,ליטר,false,1,7.80,7.80,true,1,
7290107933728,false,תפוצ'יפס סטיקס קטשופ65גר,שטראוס,IL,תפוצ'יפס סטיקס,גרמים,65.00,100 גרם,false,1,4.10,6.31,true,1,
7290107934367,false,דנונה אקטיביה 0% 150*4מל,שטראוס,IL,אקטביה 0% 4 יח',מיליליטרים,600.00,"100 מ""ל",false,1,12.60,2.10,true,1,
7290107934473,false,דנונה אקטיביה1.5% 150*8מ,שטראוס,IL,אקטביה 1.5% 8 יח,ליטרים,1.20,ליטר,false,1,22.90,19.08,true,1,
7290107934480,false,דנונה אקטיביה 3% 150*8מ,שטראוס,IL,אקטביה 3% 8 יח,ליטרים,1.20,ליטר,false,1,22.90,19.08,true,1,
7290107934497,false,דנונה אקטיביה1.5% 150*4מ,שטראוס,IL,אקטביה1.5% 4 יח,מיליליטרים,600.00,"100 מ""ל",false,1,12.60,2.10,true,1,
7290107934503,false,דנונה אקטיביה 3% 150*4מל,שטראוס,IL,אקטביה 3% 4 יח,מיליליטרים,600.00,"100 מ""ל",false,1,12.60,2.10,true,1,
7290107970266,false,פירורי לחם גריסיני300גרם,אפיפית,IL,פירורי לחם גריסי,גרמים,300.00,100 גרם,false,1,8.40,2.80,true,1,
7290107970280,false,"תערובת ללחם איטלקי 1 ק""ג",פלאקטורפר מולה,DE,תערובת ללחם,קילוגרמים,1.00,"ק""ג",false,1,11.90,11.90,true,1,
7290107970297,false,תערובת עם גרעיני חמניות,פלאקטורפר מולה,DE,תערובת ללחם,קילוגרמים,1.00,"ק""ג",false,1,11.90,11.90,true,1,
7290107970310,false,"תערובת ללחם שיפון 1 ק""ג",פלאקטורפר מולה,DE,תערובת ללחם שיפו,קילוגרמים,1.00,"ק""ג",false,1,11.90,11.90,true,1,
7290108200188,false,גולד ג'ל מסיר כתמים 940,רקיט בנקיזר,IT,וניש גולד ג'ל,מיליליטרים,940.00,"100 מ""ל",false,1,14.90,1.59,true,1,
7290108200201,false,גולד להסרת כתמים 1.35קג,רקיט בנקיזר,IT,גולד אבקה,קילוגרמים,1.35,"ק""ג",false,1,29.90,22.15,true,1,
7290108200225,false,גולד אבקה להסרת כתמים470,רקיט בנקיזר,IT,וניש גולד אבקה,גרמים,470.00,100 גרם,false,1,21.70,4.62,true,1,
7290108200232,false,גולד אבקה לכב.לבנה 470 ג,רקיט בנקיזר,IT,וניש גולד אבקה,גרמים,470.00,100 גרם,false,1,21.70,4.62,true,1,
7290108350128,false,40שק.אשפה חזקות אקסטרה,סנו,IL,שקיות אשפה,יחידה,1.00,יחידה,false,1,29.60,29.60,true,1,
7290108350531,false,ספארק לכלים קלאסי+משאבה,סנו,IL,ספארק לכלים,ליטרים,1.00,ליטר,false,1,10.00,10.00,true,1,
7290108500592,false,פרופיטרולים קרם וניל 500,ויליפוד,IL,פרופיטרולים,גרמים,500.00,100 גרם,false,1,29.90,5.98,true,1,
7290108980233,false,מטליות מיקרופייבר 2 יח,מרקט וליום,CN,מטליות ניקוי 2יח,יחידה,1.00,יחידה,false,1,9.80,9.80,true,1,
7296058000526,false,פרכיות כוסמת,,IL,פרכיות כוסמת,גרמים,130.00,100 גרם,false,0,9.80,7.54,true,1,
7296073001928,false,"נקטר תפ""ע צלול שופרסל 1ל",שופרסל,IL,"נקטר תפו""ע צלול",ליטרים,1.00,ליטר,false,0,4.50,4.50,true,1,
7296073001942,false,נקטר תפוזים שופרסל 1ליטר,שופרסל,IL,נקטר תפוזים,ליטרים,1.00,ליטר,false,0,4.50,4.50,true,1,
7296073002543,false,שקיות אשפה,,TR,שקיות אשפה,יחידה,1.00,יחידה,false,0,19.90,19.90,true,1,
7296073002567,false,10שקיות אשפה+שרוך שופרסל,שופרסל,TR,שקיות אשפה,יחידה,1.00,יחידה,false,0,13.60,13.60,true,1,
7296073002574,false,50 שקיות אשפה ענק.שופרסל,שופרסל,HK,שקיות אשפה,יחידה,1.00,יחידה,false,0,14.80,14.80,true,1,
7296073002611,false,"100 שקיות להקפאה25X35ס""מ",שופרסל,HK,שקיות להקפאה,יחידה,1.00,יחידה,false,0,6.30,6.30,true,1,
7296073002635,false,נייר טואלט סופר דיל 48גל,שופרסל,IL,נייר טואלט,מטרים,883.00,100 מטר,false,0,41.90,4.75,true,1,
7296073005735,false,עוג.סנדוויץ שוק.שופרס150,שופרסל,IL,עוגיות סנדוויץ,גרמים,150.00,100 גרם,false,0,4.60,3.07,true,1,
7296073005742,false,עוג.סנדוויץ וניל שופרסל,שופרסל,IL,עוגיות סנדוויץ,גרמים,150.00,100 גרם,false,0,4.60,3.07,true,1,
7296073005858,false,בורגול שופרסל 500 גרם,מיה,IL,בורגול,גרמים,500.00,100 גרם,false,0,5.20,1.04,true,1,
7296073005865,false,גריסי פנינה שופרסל500גרם,מיה,IL,גריסי פנינה,גרמים,500.00,100 גרם,false,0,5.90,1.18,true,1,
7296073005872,false,חומוס גדול שופרסל 500גרם,מיה,IL,חומוס גדול,גרמים,500.00,100 גרם,false,0,6.40,1.28,true,1,
7296073005889,false,חומוס לבן ענק שופרסל500ג,מיה,IL,חומוס לבן ענק,גרמים,500.00,100 גרם,false,0,8.40,1.68,true,1,
7296073005896,false,חיטה שופרסל 500 גרם,מיה,IL,חיטה שופרסל,גרמים,500.00,100 גרם,false,0,5.90,1.18,true,1,
7296073005902,false,כוסמת שופרסל 500 גרם,מיה,IL,כוסמת שופרסל,גרמים,500.00,100 גרם,false,0,8.30,1.66,true,1,
7296073005919,false,עדשים ירוקות שופרסל500ג,מיה,IL,עדשים ירוקות,גרמים,500.00,100 גרם,false,0,5.50,1.10,true,1,
7296073005926,false,עדשים אדומות שופרסל500גר,מיה,IL,עדשים אדומות,גרמים,500.00,100 גרם,false,0,6.10,1.22,true,1,
7296073005957,false,שעועית לבנה שופרסל500גרם,מיה,IL,שעועית לבנה,גרמים,500.00,100 גרם,false,0,10.80,2.16,true,1,
7296073005971,false,שעועית אדומה שופרסל500גר,מיה,IL,שעועית אדומה,גרמים,500.00,100 גרם,false,0,10.20,2.04,true,1,
7296073005988,false,שעועית בובס שופרסל400גרם,מיה,IL,שעועית בובס,גרמים,400.00,100 גרם,false,0,14.80,3.70,true,1,
7296073006008,false,"שעועית לבנה שופרסל 1 ק""ג",מיה,IL,שעועית לבנה,קילוגרמים,1.00,"ק""ג",false,0,18.70,18.70,true,1,
7296073006015,false,"חומוס גדול שופרסל 1 ק""ג",מיה,IL,חומוס גדול,קילוגרמים,1.00,"ק""ג",false,0,10.80,10.80,true,1,
7296073006060,false,חומוס לבן ענק שופרסל 1קג,מיה,IL,חומוס לבן ענק,קילוגרמים,1.00,"ק""ג",false,0,13.40,13.40,true,1,
7296073006077,false,שעועית מעורבת שופרסל500ג,מיה,IL,שעועית מעורבת,גרמים,500.00,100 גרם,false,0,14.80,2.96,true,1,
7296073006107,false,"אפונה ירוקה שופרסל 1 ק""ג",מיה,IL,אפונה ירוקה,קילוגרמים,1.00,"ק""ג",false,0,8.80,8.80,true,1,
7296073006114,false,"עדשים ירוקות שופרסל 1ק""ג",מיה,IL,עדשים ירוקות,קילוגרמים,1.00,"ק""ג",false,0,10.80,10.80,true,1,
7296073006121,false,"עדשים אדומות שופרסל 1ק""ג",מיה,IL,עדשים אדומות,קילוגרמים,1.00,"ק""ג",false,0,12.10,12.10,true,1,
7296073006138,false,"חיטה שופרסל 1 ק""ג",מיה,IL,"חיטה 1 ק""ג",קילוגרמים,1.00,"ק""ג",false,0,8.80,8.80,true,1,
7296073006176,false,"סוכר שופרסל 1 ק""ג",סוגת,IL,סוכר לבן,קילוגרמים,1.00,"ק""ג",false,0,4.50,4.50,true,1,
7296073006404,false,מלפפון במלח7-9 שופר560.ג,שופרסל,IL,מלפפון במלח,גרמים,560.00,100 גרם,false,0,6.80,1.21,true,1,
7296073006411,false,מלפ.במלח 10-12שופרסל560ג,שופרסל,IL,מלפפון במלח12-,גרמים,560.00,100 גרם,false,0,7.10,1.27,true,1,
7296073006428,false,מלפ.במלח 13-17שופרסל560ג,שופרסל,IL,מלפפון במלח,גרמים,560.00,100 גרם,false,0,8.80,1.57,true,1,
7296073006435,false,מלפ.במלח 18-25שופרסל560ג,שופרסל,IL,מלפפון במלח,גרמים,560.00,100 גרם,false,0,10.80,1.93,true,1,
7296073006541,false,גריסים שופרסל 500 גרם,מיה,IL,גריסים שופרסל,גרמים,500.00,100 גרם,false,0,5.20,1.04,true,1,
7296073011101,false,קוסקוס עבה שופרסל 350גרם,אסיף תעשיות מזון,IL,קוסקוס עבה,גרמים,350.00,100 גרם,false,0,5.20,1.49,true,1,
7296073011118,false,קוסקוס דק שופרסל 350 גרם,אסיף תעשיות מזון,IL,קוסקוס דק,גרמים,350.00,100 גרם,false,0,5.20,1.49,true,1,
7296073011217,false,פסטה פנה ריגטה31שופר500ג,שופרסל,IT,פסטה פנה ריגטה,גרמים,500.00,100 גרם,false,0,4.90,0.98,true,1,
7296073011224,false,פסטה פוסילי36שופר 500גרם,שופרסל,IL,פסטה פוסילי,גרמים,500.00,100 גרם,false,0,4.90,0.98,true,1,
7296073011248,false,פסטה פרפלה מס57שופרסל500,שופרסל,IT,פסטה פרפלה,גרמים,500.00,100 גרם,false,0,4.90,0.98,true,1,
7296073012009,false,קוסקוס בינוני שופרסל350ג,אסיף תעשיות מזון,IL,קוסקוס בינוני,גרמים,350.00,100 גרם,false,0,5.20,1.49,true,1,
7296073016960,false,מפיות נשלפות,שופרסל,IL,מפיות נשלפות,יחידה,1.00,יחידה,false,0,3.90,3.90,true,1,
7296073020356,false,"כוסות ח""פ שופרסל 150 יח'",שופרסל,,"כוסות ח""פ",יחידה,1.00,יחידה,false,0,8.90,8.90,true,1,
7296073020370,false,צלחות גדולות שופרסל 100,שופרסל,IL,"צלחות ח""פ גדולות",יחידה,1.00,יחידה,false,0,19.90,19.90,true,1,
7296073020400,false,"קעריות ח""פ אובלית שופרסל",שופרסל,IL,"קעריות ח""פ",יחידה,1.00,יחידה,false,0,8.90,8.90,true,1,
7296073020431,false,מפיות חד שכבתי 100 יחידו,שופרסל,IL,מפיות חד שכבתי,יחידה,1.00,יחידה,false,0,7.90,7.90,true,1,
7296073020462,false,טחינה גולמית שופרסל 500ג,רושדי תעשיות מזון,IL,טחינה גולמית,גרמים,500.00,100 גרם,false,0,15.90,3.18,true,1,
7296073020936,false,פטריות חתוכות שופרסל400ג,פרוצ'אמפ,DE,פטריות חתוכות,גרמים,400.00,100 גרם,false,0,4.60,1.15,true,1,
7296073021568,false,"קמח לבן שופרסל 1 ק""ג",שופרסל,IL,קמח לבן,קילוגרמים,1.00,"ק""ג",false,0,3.80,3.80,true,1,
7296073021575,false,"קמח תופח שופרסל 1 ק""ג",שופרסל,IL,קמח תופח מאיליו,קילוגרמים,1.00,"ק""ג",false,0,6.70,6.70,true,1,
7296073021582,false,"סולת חיטה שופרסל 1 ק""ג",שופרסל,IL,סולת חיטה,קילוגרמים,1.00,"ק""ג",false,0,4.00,4.00,true,1,
7296073027713,false,מפיות חד שכבתי 180 יח,שופרסל,IL,מפיות חד שכבתי,יחידה,1.00,יחידה,false,0,9.90,9.90,true,1,
7296073030027,false,מפיות דו שכבתי,שופרסל,IL,מפיות דו שכבתי,יחידה,1.00,יחידה,false,0,7.90,7.90,true,1,
7296073033752,false,שמן קנולה שופרסל 1 ליטר,NV AOR,BE,שמן קנולה 1 ל',ליטרים,1.00,ליטר,false,0,7.80,7.80,true,1,
7296073036500,false,שמן קנולה שופרסל 3 ל',NV AOR,BE,שמן קנולה 3 ל',ליטרים,3.00,ליטר,false,0,22.90,7.63,true,1,
7296073048954,false,"אורז ריזוטו שופרסל 1 ק""ג",מיה,IL,אורז ריזוטו,קילוגרמים,1.00,"ק""ג",false,0,8.40,8.40,true,1,
7296073048978,false,קרוטונים לסלט שופרסל400ג,שופרסל,IL,קרוטונים לסלט,גרמים,400.00,100 גרם,false,0,16.80,4.20,true,1,
7296073048992,false,פסטרמה בדבש שופרסל 300גר,מעדני יחיעם,IL,פסטרמה בדבש,גרמים,300.00,100 גרם,false,0,21.70,7.23,true,1,
7296073049043,false,פסטרמה ברבקיו שופרסל300ג,שופרסל,IL,פסטרמה ברבקיו,גרמים,300.00,100 גרם,false,0,21.70,7.23,true,1,
7296073049050,false,פסטרמה רומנית שופרסל300ג,שופרסל,IL,פסטרמה רומנית,גרמים,300.00,100 גרם,false,0,24.90,8.30,true,1,
7296073053750,false,פסטה לומקה ריגטה 48 שופר,שופרסל,IT,פסטה לומקה,גרמים,500.00,100 גרם,false,0,4.90,0.98,true,1,
7296073053767,false,דפי לזניה שופרסל 500 גרם,שופרסל,IT,דפי לזניה,גרמים,500.00,100 גרם,false,0,13.90,2.78,true,1,
7296073057604,false,מפת שולחן דמוי בד זוג 2,שופרסל,IL,מפת שולחן זוג,יחידה,1.00,יחידה,false,0,13.70,13.70,true,1,
7296073058984,false,גרנולה קראנץ פירות+אג400,שופרסל,DE,גרנולה קראנץ,גרמים,400.00,100 גרם,false,0,15.90,3.98,true,1,
7296073058991,false,מוזלי שופרסל 500 גרם,שופרסל,IL,מוזלי שופרסל,גרמים,500.00,100 גרם,false,0,15.90,3.18,true,1,
7296073059059,false,ברנפלקס שופרסל 500 גרם,שופרסל,DE,ברנפלקס שופרסל,גרמים,500.00,100 גרם,false,0,17.70,3.54,true,1,
7296073059097,false,25 מגבונים להסרת איפור,שופרסל,IL,מגבונים לאיפור,יחידה,1.00,יחידה,false,0,9.90,9.90,true,1,
7296073059615,false,קרוטונים לסלט שופרסל250ג,שופרסל,IL,קרוטונים לסלט,גרמים,250.00,100 גרם,false,0,10.80,4.32,true,1,
7296073059691,false,"50 צלחות גדול ח""פ שופרסל",שופרסל,IL,"צלחות ח""פ גדולות",יחידה,1.00,יחידה,false,0,11.40,11.40,true,1,
7296073059707,false,"צלחות קטנות ח""פ שופרסל 5",שופרסל,IL,"צלחות קטנות ח""פ",יחידה,1.00,יחידה,false,0,9.10,9.10,true,1,
7296073059745,false,"לפתניות ח""פ שופרסל 50 יח",שופרסל,IL,"לפתניות ח""פ",יחידה,1.00,יחידה,false,0,8.90,8.90,true,1,
7296073059851,false,טחינה שומשום מלא שופ500ג,רושדי תעשיות מזון,IL,טחינה שומשום מלא,גרמים,500.00,100 גרם,false,0,16.80,3.36,true,1,
7296073059998,false,מפיות תלת שכבתי מודפס,שופרסל,IL,מפיות מודפסות,יחידה,1.00,יחידה,false,0,8.90,8.90,true,1,
7296073062974,false,"מים מינרל.שופרסל500*6מ""ל",שופרסל,IT,מים מינרלים 6יח',ליטרים,3.00,ליטר,false,0,12.70,4.23,true,1,
7296073074434,false,פתי בר גדול שופרסל500גרם,שופרסל,IL,פתי בר שופרסל,גרמים,500.00,100 גרם,false,0,9.50,1.90,true,1,
7296073074441,false,פתי בר שוקו גדול שופר500,שופרסל,IL,פתי בר שוקו,גרמים,500.00,100 גרם,false,0,9.50,1.90,true,1,
7296073074533,false,חומץ טבעי 5% שופרסל 1 ל,שופרסל,IL,חומץ טבעי,ליטרים,1.00,ליטר,false,0,6.40,6.40,true,1,
7296073078555,false,בצק עלים שופרסל 1קג,שופרסל,IL,בצק עלים 1קג,קילוגרמים,1.00,"ק""ג",false,0,15.80,15.80,true,1,
7296073078579,false,דבש טבעי שופרסל 350 גרם,שופרסל,IL,דבש טבעי,גרמים,350.00,100 גרם,false,0,18.50,5.29,true,1,
7296073078586,false,דבש טבעי שופרסל צנצ500גר,שופרסל,IL,דבש טבעי שופרסל,גרמים,500.00,100 גרם,false,0,25.80,5.16,true,1,
7296073078609,false,"דבש טבעי שופרסל 1 ק""ג",שופרסל,IL,דבש טבעי,קילוגרמים,1.00,"ק""ג",false,0,43.20,43.20,true,1,
7296073078791,false,ממחטות אף בקופסא 150*2יח,שופרסל,IL,מגבוני נייר,יחידה,1.00,יחידה,false,0,13.60,13.60,true,1,
7296073078821,false,4 כריות יפניות שופרסל,פלסטו פוליש,IL,כריות יפניות,יחידה,1.00,יחידה,false,0,8.90,8.90,true,1,
7296073078838,false,6 כריות יפניות שופרסל,פלסטו פוליש,IL,כריות יפניות,יחידה,1.00,יחידה,false,0,9.00,9.00,true,1,
7296073078883,false,9 מטליות ניקוי כללי שופר,שופרסל,IL,מטליות ניקוי 9יח,יחידה,1.00,יחידה,false,0,10.40,10.40,true,1,
7296073078975,false,פריכיות אורז מלא שופר100,שופרסל,IL,פריכיות אורז,גרמים,100.00,100 גרם,false,0,6.80,6.80,true,1,
7296073078999,false,פריכ.אורז שיבולת שופר100,שופרסל,IL,פריכיות אורז,גרמים,100.00,100 גרם,false,0,6.80,6.80,true,1,
7296073079002,false,פריכ.דקות אורז מלא ש100.,שופרסל,IL,פריכיות דקות,גרמים,100.00,100 גרם,false,0,7.40,7.40,true,1,
7296073079040,false,פריכיות זעתר שופרסל 50גר,שופרסל,IL,פריכיות אורז,גרמים,50.00,100 גרם,false,0,7.90,15.80,true,1,
7296073079057,false,פריכיות מעושן שופרסל50גר,שופרסל,IL,פריכיות שופרסל,גרמים,50.00,100 גרם,false,0,7.90,15.80,true,1,
7296073079354,false,72 מגבונים שופרסל רפיל,שופרסל,IL,מגבונים שופרסל,יחידה,1.00,יחידה,false,0,6.70,6.70,true,1,
7296073079361,false,מגבונים לחים שופר72*6יח,שופרסל,IL,מגבונים לחים 6יח,יחידה,1.00,יחידה,false,0,27.90,27.90,true,1,
7296073079859,false,קוביות עגבניות שופר800.ג,פריניר,IL,עגבניות קוביות,גרמים,800.00,100 גרם,false,0,6.80,0.85,true,1,
7296073079866,false,עגבניות מרוסקות שופר800ג,פריניר,IL,עגבניות מרוסקות,גרמים,800.00,100 גרם,false,0,6.80,0.85,true,1,
7296073079873,false,רכז עגבניות 28%שופר580ג,פריניר,IL,רכז עגבניות 28%,גרמים,580.00,100 גרם,false,0,6.30,1.09,true,1,
7296073079880,false,רסק עגבניות 22%שופר570ג,פריניר,IL,רסק עגבניות,גרמים,570.00,100 גרם,false,0,6.10,1.07,true,1,
7296073079903,false,רסק עגבניות 22%שופר100ג,פריניר,IL,רסק עגבניות,גרמים,100.00,100 גרם,false,0,1.90,1.90,true,1,
7296073080237,false,ופלים ט.שוקולד שופרסל1קג,שופרסל,IL,ופלים שוקולד,קילוגרמים,1.00,"ק""ג",false,0,15.80,15.80,true,1,
7296073080497,false,שעועית אפויה שופרסל 570ג,פרי גליל,IL,שעועית אפויה,גרמים,570.00,100 גרם,false,0,6.60,1.16,true,1,
7296073080503,false,אפונה גדולה שופרסל550גרם,פרי גליל,IL,אפונה גדולה,גרמים,550.00,100 גרם,false,0,6.30,1.15,true,1,
7296073080510,false,חומוס שלם שופרסל 560 גרם,פרי גליל,IL,חומוס שלם,גרמים,560.00,100 גרם,false,0,6.10,1.09,true,1,
7296073080534,false,תירס מתוק שופרסל 550 גרם,פרי גליל,IL,תירס גרעינים,גרמים,550.00,100 גרם,false,0,6.30,1.15,true,1,
7296073080541,false,אפונה וגזר שופרסל 550 גר,פרי גליל,IL,אפונה וגזר,גרמים,550.00,100 גרם,false,0,6.10,1.11,true,1,
7296073080558,false,תירס לייט שופרסל 550 גרם,פרי גליל,IL,תירס לייט,גרמים,550.00,100 גרם,false,0,7.50,1.36,true,1,
7296073080824,false,שקיות אוכל שופרסל150*2יח,שופרסל,IL,שקיות אוכל 2 יח,יחידה,1.00,יחידה,false,0,11.50,11.50,true,1,
7296073081241,false,בייגל.שמיניו.מלוח שופ400,שופרסל,IL,בייגלה שמיניות,גרמים,400.00,100 גרם,false,0,9.80,2.45,true,1,
7296073081548,false,צמר גפן רפואי שופרסל100ג,שופרסל,IL,צמר גפן רפואי,גרמים,100.00,100 גרם,false,0,6.10,6.10,true,1,
7296073081579,false,צמר גפן נתלש שופרסל100גר,שופרסל,IL,צמר גפן נתלש,גרמים,100.00,100 גרם,false,0,8.00,8.00,true,1,
7296073081661,false,מזון יבש לכלבים שופר3.קג,סנשיין מילס,US,מזון יבש לכלבים,קילוגרמים,3.00,"ק""ג",false,0,39.60,13.20,true,1,
7296073081685,false,מזון יבש לחתול שופר1.5.ק,Tuffy's,US,מזון לחתולים,קילוגרמים,1.50,"ק""ג",false,0,22.90,15.27,true,1,
7296073081692,false,מזון יבש לחתול שופרסל3קג,Tuffy's,US,מזון לחתולים,קילוגרמים,3.00,"ק""ג",false,0,48.50,16.17,true,1,
7296073083771,false,פירורי לחם מתובל.שופר200,שופרסל,IL,פירורי לחם,גרמים,200.00,100 גרם,false,0,5.90,2.95,true,1,
7296073087175,false,ריבת תות שופרסל 370 גרם,LTD 99 CIMA,BG,ריבת תות שדה,גרמים,370.00,100 גרם,false,0,10.40,2.81,true,1,
7296073087243,false,קונפ.דובדבנים שופרסל370ג,LTD 99 CIMA,BG,קונפ.דובדבנים,גרמים,370.00,100 גרם,false,0,10.00,2.70,true,1,
7296073087250,false,קונפ.אוכמניות שופרסל370ג,LTD 99 CIMA,BG,קונפ.אוכמניות,גרמים,370.00,100 גרם,false,0,10.00,2.70,true,1,
7296073087274,false,קונפ.שזיפים שופרסל 370גר,LTD 99 CIMA,BG,קונפיט.שזיפים,גרמים,370.00,100 גרם,false,0,10.00,2.70,true,1,
7296073087281,false,קונפ.תות שדה שופרסל 370ג,LTD 99 CIMA,BG,קונפיטורת תות,גרמים,370.00,100 גרם,false,0,10.00,2.70,true,1,
7296073087472,false,טונה בשמן שופרסל 160*4גר,תעשיות פילטונה,IL,טונה בשמן 4 יח,גרמים,640.00,100 גרם,false,0,19.90,3.11,true,1,
7296073090496,false,צמר פלדה שופרסל 100 גרם,פלסטו פוליש,IL,צמר פלדה,גרמים,100.00,100 גרם,false,0,6.70,6.70,true,1,
7296073090557,false,24מגבונים סמרט קלין,שופרסל,IL,מגבוני סמרט קלין,יחידה,1.00,יחידה,false,0,12.80,12.80,true,1,
7296073091134,false,שמן זית כתית מעולה750מ,שופרסל,IL,שמן זית כתית,מיליליטרים,750.00,"100 מ""ל",false,0,34.50,4.60,true,1,
7296073091172,false,פופקורן למיקרו ט.טבעי600,שופרסל,US,פופקורן למיקרו,גרמים,600.00,100 גרם,false,0,14.80,2.47,true,1,
7296073091189,false,פופקורן למיקרו ט.חמאה600,שופרסל,IL,פופקורן למיקרו,גרמים,600.00,100 גרם,false,0,14.80,2.47,true,1,
7296073091226,false,פופקורן גרעינים שופר1.קג,מיה,IL,פופקורן גרעינים,קילוגרמים,1.00,"ק""ג",false,0,9.80,9.80,true,1,
7296073091394,false,גרעין לבן קלוי400גשופרסל,ששון,IL,גרעין לבן קלוי,גרמים,400.00,100 גרם,false,0,21.90,5.48,true,1,
7296073091417,false,בוטן קלוי בקליפה400שופרס,ששון,IL,בוטן קלוי בקליפה,גרמים,400.00,100 גרם,false,0,16.80,4.20,true,1,
7296073091462,false,פיסטוק קלוי200ג שופרסל,ששון,IL,פיסטוק חלבי קלוי,גרמים,200.00,100 גרם,false,0,24.90,12.45,true,1,
7296073091479,false,שקד קלוף קלוי200ג שופרסל,ששון,IL,שקד קלוף קלוי,גרמים,200.00,100 גרם,false,0,23.70,11.85,true,1,
7296073091486,false,אגוז קשיו קלוי200גשופרסל,ששון,IL,אגוז קשיו קלוי,גרמים,200.00,100 גרם,false,0,20.90,10.45,true,1,
7296073091493,false,גרעין שחור קלוי200גשופרס,ששון,IL,גרעין שחור קלוי,גרמים,200.00,100 גרם,false,0,7.80,3.90,true,1,
7296073091530,false,שזיף מיובש400גרם שופרסל,ששון,IL,שזיף מיובש,גרמים,400.00,100 גרם,false,0,23.90,5.98,true,1,
7296073091547,false,צימוק בהיר400ג שופרסל,ששון,IL,צימוק בהיר,גרמים,400.00,100 גרם,false,0,21.90,5.48,true,1,
7296073091554,false,צימוק כהה 400 גרם,ששון,IL,צימוק כהה,גרמים,400.00,100 גרם,false,0,18.90,4.73,true,1,
7296073091585,false,שקד קלוף טבעי 200גשופרסל,ששון,IL,שקד קלוף טבעי,גרמים,200.00,100 גרם,false,0,23.90,11.95,true,1,
7296073091608,false,קשיו טבעי 200ג שופרסל,ששון,IL,אגוזי קשיו טבעי,גרמים,200.00,100 גרם,false,0,21.90,10.95,true,1,
7296073091622,false,אגוז ברזיל טבעי 200גשופר,ששון,IL,אגוז ברזיל טבעי,גרמים,200.00,100 גרם,false,0,21.70,10.85,true,1,
7296073091646,false,צנובר 100 גרם שופרסל,ששון,IL,צנובר 100גרם,גרמים,100.00,100 גרם,false,0,27.70,27.70,true,1,
7296073091653,false,בננה צ'יפס 250ג שופרסל,ששון,IL,בננה צ'יפס,גרמים,250.00,100 גרם,false,0,11.90,4.76,true,1,
7296073091677,false,חמוציות 250גרם שופרסל,ששון,IL,חמוציות 250גרם,גרמים,250.00,100 גרם,false,0,16.90,6.76,true,1,
7296073093169,false,פלפל חריף שיפקה שופר540ג,שופרסל,IL,פלפל שיפקה,גרמים,540.00,100 גרם,false,0,4.90,0.91,true,1,
7296073093213,false,אבקת שוקו שופרסל 500 גרם,שופרסל,IL,אבקת שוקו,גרמים,500.00,100 גרם,false,0,11.80,2.36,true,1,
7296073094753,false,חלווה וניל שופרסל 500 גר,"אחדות בע""מ א.ת. ברקן",IL,חלווה וניל,גרמים,500.00,100 גרם,false,0,13.40,2.68,true,1,
7296073094760,false,טונה במי מלח שופרסל160*4,תעשיות פילטונה,IL,טונה במי מלח 4יח,גרמים,640.00,100 גרם,false,0,19.90,3.11,true,1,
7296073095439,false,16 כוסות קפה+מכסה שופרסל,שופרסל,IL,כוסות קפה 16יח',יחידה,1.00,יחידה,false,0,12.90,12.90,true,1,
7296073095446,false,דפי שעווה שופרסל 50 יח',שופרסל,IL,דפי שעווה שופרסל,יחידה,1.00,יחידה,false,0,17.70,17.70,true,1,
7296073095552,false,מסיר לק כחול שופרסל150מל,שופרסל,IL,מסיר לק כחול,מיליליטרים,150.00,"100 מ""ל",false,0,8.90,5.93,true,1,
7296073095569,false,מסיר לק ורוד שופרסל150מל,שופרסל,IL,מסיר לק ורוד,מיליליטרים,150.00,"100 מ""ל",false,0,8.90,5.93,true,1,
7296073098263,false,גזר גמדי מוקפא שופרסל800,פרי גליל,IL,גזר גמדי 800גר,גרמים,800.00,100 גרם,false,0,15.90,1.99,true,1,
7296073098294,false,ברוקולי מוקפא שופרסל 800,פרי גליל,IL,ברוקולי 800 גר,גרמים,800.00,100 גרם,false,0,23.80,2.98,true,1,
7296073103844,false,תפוח אדמה למיקרו,קטיף,IL,תפוח אדמה למיקרו,יחידה,1.00,יחידה,false,0,6.00,6.00,true,1,
7296073107392,false,גרנולה צימוק שקד תפוח400,שופרסל,DE,גרנולה שופרסל,גרמים,400.00,100 גרם,false,0,15.90,3.98,true,1,
7296073107408,false,גרנולה שוקו.פקאן שופר400,שופרסל,IL,גרנולה שוקולד,גרמים,400.00,100 גרם,false,0,15.90,3.98,true,1,
7296073107828,false,שמן סויה שופרסל 1 ליטר,שופרסל,,שמן סויה,ליטרים,1.00,ליטר,false,0,7.90,7.90,true,1,
7296073107989,false,גרעיני תירס שופרסל 800 ג,פרי גליל,IL,גרעיני תירס,גרמים,800.00,100 גרם,false,0,15.80,1.98,true,1,
7296073107996,false,פול ירוק שופרסל 800 גרם,פרי גליל,IL,פול ירוק,גרמים,800.00,100 גרם,false,0,22.70,2.84,true,1,
7296073108061,false,קלחי תירס שופרסל 1 קג,פרי גליל,IL,קלחי תירס 1קג,קילוגרמים,1.00,"ק""ג",false,0,18.70,18.70,true,1,
7296073108085,false,שעועית צהובה חתוכה שופרס,פרי גליל,IL,שעועית צהובה,גרמים,800.00,100 גרם,false,0,18.20,2.28,true,1,
7296073108122,false,לקט סיני שופרסל 800 גרם,פרי גליל,IL,לקט סיני,גרמים,800.00,100 גרם,false,0,18.70,2.34,true,1,
7296073108245,false,עלי תרד שטופים לאכילה,פרסקו,IL,עלי תרד שטופים,גרמים,200.00,100 גרם,false,0,9.50,4.75,true,1,
7296073108252,false,עלי בייבי שטופים לאכילה,פרסקו,IL,עלי בייבי שטופים,גרמים,110.00,100 גרם,false,0,10.90,9.91,true,1,
7296073108269,false,חסה ערבית שטופה לאכילה,פרסקו,IL,חסה ערבית שטופה,גרמים,250.00,100 גרם,false,0,9.90,3.96,true,1,
7296073108306,false,סלט קלאסי שטוף לאכילה,פרסקו,IL,סלט קלאסי שטוף,גרמים,300.00,100 גרם,false,0,14.50,4.83,true,1,
7296073108313,false,סלט קולסלאו שטוף לאכילה,פרסקו,IL,סלט קולסלאו שטוף,גרמים,400.00,100 גרם,false,0,8.50,2.13,true,1,
7296073108320,false,שבבי גזר שטופים לאכילה,פרסקו,IL,שבבי גזר שטופים,גרמים,400.00,100 גרם,false,0,8.50,2.13,true,1,
7296073108344,false,לקט קלאסי שטוף לאכילה,פרסקו,IL,לקט קלאסי שטוף,גרמים,350.00,100 גרם,false,0,10.90,3.11,true,1,
7296073108351,false,חסה אייסברג שטופה לאכילה,פרסקו,IL,חסה אייסברג שטוף,גרמים,300.00,100 גרם,false,0,10.90,3.63,true,1,
7296073108368,false,לקט הגינה שטוף לאכילה,פרסקו,IL,לקט הגינה שטוף,גרמים,300.00,100 גרם,false,0,10.90,3.63,true,1,
7296073108375,false,כרוב לבן שטוף לאכילה,פרסקו,IL,כרוב לבן שטוף,גרמים,400.00,100 גרם,false,0,8.90,2.23,true,1,
7296073108443,false,"קמח מלא שופרסל 1 ק""ג",שופרסל,IL,קמח חיטה מלא,קילוגרמים,1.00,"ק""ג",false,0,6.90,6.90,true,1,
7296073108467,false,תבניות מאורכות שופרסל 5,שופרסל,IL,תבניות 5 יח',יחידה,1.00,יחידה,false,0,6.90,6.90,true,1,
7296073108474,false,תבניות עם מכסה שופרסל 4,שופרסל,IL,תבניות עם מכסה,יחידה,1.00,יחידה,false,0,9.90,9.90,true,1,
7296073108481,false,תבניות קטנות+מכסה שופרסל,שופרסל,IL,תבניות עם מכסה,יחידה,1.00,יחידה,false,0,9.10,9.10,true,1,
7296073108498,false,תבניות עגולות שופרסל 5 י,שופרסל,IL,תבניות עגולות,יחידה,1.00,יחידה,false,0,9.90,9.90,true,1,
7296073108504,false,תבניות גדולות שופרסל 5 י,שופרסל,IL,תבניות גדולות,יחידה,1.00,יחידה,false,0,9.90,9.90,true,1,
7296073108511,false,3 תבניות ענקיות שופרסל,שופרסל,IL,תבניות ענקיות,יחידה,1.00,יחידה,false,0,9.90,9.90,true,1,
7296073108573,false,קרם קרקר שופרסל 230 גרם,מגדנית הדר,IL,קרם קרקר,גרמים,230.00,100 גרם,false,0,8.70,3.78,true,1,
7296073108610,false,קרקר ח.מלאה+שומש.שופר240,מגדנית הדר,IL,קרקר חיטה מלאה,גרמים,240.00,100 גרם,false,0,8.70,3.63,true,1,
7296073109099,false,"תירוש ענבים טבעי 750מ""ל*",הכורמים,IL,תירוש ענבים,מיליליטרים,750.00,"100 מ""ל",false,0,15.00,2.00,true,1,
7296073109105,false,תירוש ענבים טבעי 1 ליטר*,הכורמים,IL,תירוש ענבים,ליטרים,1.00,ליטר,false,0,14.00,14.00,true,1,
7296073109822,false,תמר מג'הול 400ג שופרסל,הדיקלאים,IL,תמר מג'הול 400ג,גרמים,400.00,100 גרם,false,0,17.90,4.48,true,1,
7296073112396,false,100צמרונים פלסטיק שופרסל,שופרסל,IL,צמרונים פלסטיק,יחידה,1.00,יחידה,false,0,2.00,2.00,true,1,
7296073112402,false,300צמרונים קופ.פטנט שופר,שופרסל,IL,מקלוני צמר גפן,יחידה,1.00,יחידה,false,0,11.70,11.70,true,1,
7296073112419,false,65 צמרונים לתינוק שופרסל,שופרסל,IL,צמרונים לתינוק,יחידה,1.00,יחידה,false,0,6.80,6.80,true,1,
7296073112426,false,צמרונים שופרסל 200 יח',שופרסל,IL,צמרונים שופרסל 200 יח',יחידה,1.00,יחידה,false,0,6.80,6.80,true,1,
7296073112433,false,צמרונים שופרסל 400 יח',שופרסל,IL,מקלוני צמר גפן,יחידה,1.00,יחידה,false,0,11.70,11.70,true,1,
7296073112457,false,קוסקוס חיטה מלא.שופר350ג,אסיף תעשיות מזון,IL,קוסקוס,גרמים,350.00,100 גרם,false,0,6.80,1.94,true,1,
7296073112464,false,פוזילי חיטה מלא.שופר500ג,שופרסל,IT,פוזילי שופרסל,גרמים,500.00,100 גרם,false,0,8.70,1.74,true,1,
7296073112471,false,ספגטי חיטה מלאה שופר500ג,שופרסל,IT,ספגטי שופרסל,גרמים,500.00,100 גרם,false,0,8.70,1.74,true,1,
7296073112617,false,6 ספוג.לניקוי מופלא שופר,שופרסל,DE,6 ספוג.לניקוי מופלא שופר,יחידה,1.00,יחידה,false,0,9.80,9.80,true,1,
7296073113256,false,חרדל דיז'ון שופרסל 370גר,שופרסל,FR,חרדל דיז'ון,גרמים,370.00,100 גרם,false,0,5.90,1.59,true,1,
7296073115717,false,סודה לשתיה שופרסל 50 גרם,שופרסל,,סודה לשתיה,גרמים,50.00,100 גרם,false,0,2.30,4.60,true,1,
7296073115724,false,אבקת אפיה שופרסל 10X10גר,שופרסל,IL,אבקת אפיה 10יח,גרמים,100.00,100 גרם,false,0,3.10,3.10,true,1,
7296073115731,false,אבקת סוכר שופרסל 100 גרם,שופרסל,IL,אבקת סוכר,גרמים,100.00,100 גרם,false,0,2.20,2.20,true,1,
7296073115748,false,סוכר וניל שופרסל 10X10גר,שופרסל,IL,סוכר וניל 10יח,גרמים,100.00,100 גרם,false,0,3.10,3.10,true,1,
7296073115762,false,קורנפלור שופרסל 200 גרם,שופרסל,IL,קורנפלור,גרמים,200.00,100 גרם,false,0,4.00,2.00,true,1,
7296073116769,false,קוקוס טחון שופרסל 100גרם,מיה,IL,קוקוס טחון,גרמים,100.00,100 גרם,false,0,4.40,4.40,true,1,
7296073116783,false,שומשום שופרסל 100 גרם,מיה,IL,שומשום שופרסל,גרמים,100.00,100 גרם,false,0,4.40,4.40,true,1,
7296073116806,false,שמן סויה שופרסל 3 ליטר,שופרסל,,שמן סויה,ליטרים,3.00,ליטר,false,0,23.30,7.77,true,1,
7296073116820,false,"קמח תפו""א שופרסל 500 גרם",מיה,IL,"קמח תפו""א",גרמים,500.00,100 גרם,false,0,6.90,1.38,true,1,
7296073116837,false,קוואקר שופרסל 500 גרם,שופרסל,DE,קוואקר שופרסל,גרמים,500.00,100 גרם,false,0,10.80,2.16,true,1,
7296073117094,false,שוק.צ'יפס מריר שופרסל300,אופנהיימר,IL,שוקולד צ'יפס,גרמים,300.00,100 גרם,false,0,11.40,3.80,true,1,
7296073117605,false,30 כפפות לטקס שופרסל,שופרסל,IL,כפפות לטקס,יחידה,1.00,יחידה,false,0,13.60,13.60,true,1,
7296073117643,false,זוג כפפות גומי L שופרסל,שופרסל,CN,כפפות גומי,יחידה,1.00,יחידה,false,0,8.80,8.80,true,1,
7296073117865,false,טבעות זיתים מושחר 560 גר,שופרסל,IL,טבעות זיתים,גרמים,560.00,100 גרם,false,0,8.80,1.57,true,1,
7296073118770,false,עלי בייבי שטופים לאכילה,פרסקו,IL,עלי בייבי שטופים,גרמים,300.00,100 גרם,false,0,13.90,4.63,true,1,
7296073119302,false,60 שקיות מתכלות שופרסל,שופרסל,TR,שקיות אשפה,יחידה,1.00,יחידה,false,0,22.90,22.90,true,1,
7296073119456,false,תער'חסה+עלי בייבי שטופים,פרסקו,IL,תער' חסה+ע.בייבי,גרמים,350.00,100 גרם,false,0,10.50,3.00,true,1,
7296073120018,false,100 נרות חימום בלוק,שופרסל,IL,נרות חימום,יחידה,1.00,יחידה,false,0,20.40,20.40,true,1,
7296073121176,false,תמר חלאוי 400ג שופרסל,הדיקלאים,IL,תמר חלאוי400גרם,גרמים,400.00,100 גרם,false,0,13.90,3.48,true,1,
7296073121183,false,תמר דקל נור 400ג שופרסל,הדיקלאים,IL,תמר דקל נור 400ג,גרמים,400.00,100 גרם,false,0,13.90,3.48,true,1,
7296073121190,false,תמר אמרי 400גרם שופרסל,הדיקלאים,IL,תמר אמרי 400 גרם,גרמים,400.00,100 גרם,false,0,13.90,3.48,true,1,
7296073121589,false,בייגלה אצבעות שומשום330ג,שופרסל,IL,בייגלה אצבעות,גרמים,330.00,100 גרם,false,0,9.80,2.97,true,1,
7296073122258,false,תערובת אגוזים 200גשופרסל,ששון,IL,תערובת אגוזים,גרמים,200.00,100 גרם,false,0,22.70,11.35,true,1,
7296073122296,false,פסטרמה מסורתית שופר300.ג,שופרסל,IL,פסטרמה מסורתית,גרמים,300.00,100 גרם,false,0,22.70,7.57,true,1,
7296073122333,false,שקדי מרק בשקית שופר400.ג,שופרסל,IL,שקדי מרק בשקית,גרמים,400.00,100 גרם,false,0,6.90,1.73,true,1,
7296073123675,false,מיץ עגבניות בק.זכוכית 1ל,שופרסל,IL,מיץ עגבניות,ליטרים,1.00,ליטר,false,0,7.40,7.40,true,1,
7296073123712,false,"תמצית רום שופרסל 50 מ""ל",מיה,,תמצית רום,מיליליטרים,50.00,"100 מ""ל",false,0,4.40,8.80,true,1,
7296073123729,false,"תמצית וניל שופרסל 50 מ""ל",מיה,IL,תמצית וניל,מיליליטרים,50.00,"100 מ""ל",false,0,4.40,8.80,true,1,
7296073123965,false,ניוקי שופרסל 500 גרם,שופרסל,,ניוקי,גרמים,500.00,100 גרם,false,0,11.30,2.26,true,1,
7296073123972,false,ניוקי קטנים שופרסל500גרם,שופרסל,IT,ניוקי קטנים,גרמים,500.00,100 גרם,false,0,11.30,2.26,true,1,
7296073124016,false,עדשים שחורות שופרסל 500ג,מיה,IL,עדשים שחורות,גרמים,500.00,100 גרם,false,0,9.30,1.86,true,1,
7296073124177,false,שום כתוש צנצנת שופרסל200,שופרסל,IL,שום כתוש,גרמים,200.00,100 גרם,false,0,13.80,6.90,true,1,
7296073124375,false,פירורי לחם חיטה מלאה200ג,שופרסל,IL,פירורי לחם,גרמים,200.00,100 גרם,false,0,6.80,3.40,true,1,
7296073124382,false,ספגטיני מספר 3 שופרסל500,שופרסל,IT,ספגטיני מס' 3,גרמים,500.00,100 גרם,false,0,4.90,0.98,true,1,
7296073124399,false,ספגטי מספר 5 שופרסל 500ג,שופרסל,IT,ספגטי מס' 5,גרמים,500.00,100 גרם,false,0,4.90,0.98,true,1,
7296073125303,false,מלפפונים בחומץ 7-9 540גר,שופרסל,,מלפפונים בחומץ,גרמים,540.00,100 גרם,false,0,6.80,1.26,true,1,
7296073125334,false,מלפפונים בחומץ13-17 540ג,שופרסל,IL,מלפפונים בחומץ,גרמים,540.00,100 גרם,false,0,8.80,1.63,true,1,
7296073125358,false,מלפפ.במלח7-9שופר560ג%20+,שופרסל,IL,מלפפונים במלח,גרמים,650.00,100 גרם,false,0,6.80,1.05,true,1,
7296073125525,false,עוגות אישיות קרם שוקו350,שופרסל,IT,עוגות אישיות,גרמים,350.00,100 גרם,false,0,16.90,4.83,true,1,
7296073125532,false,עוגות אישיות ק.חלב350גרם,שופרסל,IT,עוגות אישיות,גרמים,350.00,100 גרם,false,0,16.90,4.83,true,1,
7296073125822,false,שמן חמניות שופרסל 1 ליטר,NV AOR,BE,שמן חמניות,ליטרים,1.00,ליטר,false,0,12.90,12.90,true,1,
7296073125907,false,מי פה ט.מנטה שופרסל500מל,שופרסל,ES,מי פה מנטה,מיליליטרים,500.00,"100 מ""ל",false,0,18.70,3.74,true,1,
7296073125914,false,מי פה ט.מרענן שופרסל500מ,שופרסל,ES,מי פה טעם מרענן,מיליליטרים,500.00,"100 מ""ל",false,0,18.70,3.74,true,1,
7296073125921,false,"5 סכיני גילוח ח""פ לנשים",שופרסל,US,סכיני גילוח,יחידה,1.00,יחידה,false,0,11.80,11.80,true,1,
7296073125952,false,"אורז יסמין שופרסל 1 ק""ג",ltd co produce Uthai,TH,אורז יסמין,קילוגרמים,1.00,"ק""ג",false,0,10.40,10.40,true,1,
7296073128236,false,מעדן מישמש שופרסל 284 גר,LTD 99 CIMA,BG,מעדן מישמש,גרמים,284.00,100 גרם,false,0,10.00,3.52,true,1,
7296073128243,false,מעדן דובדבנים שופרסל284ג,LTD 99 CIMA,BG,מעדן דובדבנים,גרמים,284.00,100 גרם,false,0,10.00,3.52,true,1,
7296073128250,false,מעדן אוכמניות כחולות284ג,LTD 99 CIMA,BG,מעדן אוכמניות,גרמים,284.00,100 גרם,false,0,10.00,3.52,true,1,
7296073129431,false,פתיתים קוסקוס שופרסל500ג,אסיף תעשיות מזון,IL,פתיתים קוסקוס,גרמים,500.00,100 גרם,false,0,5.50,1.10,true,1,
7296073129455,false,פתיתים אורז שופרסל 500גר,אסיף תעשיות מזון,IL,פתיתים אורז,גרמים,500.00,100 גרם,false,0,5.50,1.10,true,1,
7296073129479,false,פתיתים כוכבים שופרסל500ג,אסיף תעשיות מזון,IL,פתיתים כוכבים,גרמים,500.00,100 גרם,false,0,5.50,1.10,true,1,
7296073129516,false,נר נשמה 24 שעות שופרסל,שופרסל,IL,נר נשמה,יחידה,1.00,יחידה,false,0,2.40,2.40,true,1,
7296073129523,false,נר נשמה שבועי שופרסל,שופרסל,IL,נר נשמה שבועי,יחידה,1.00,יחידה,false,0,12.80,12.80,true,1,
7296073129530,false,נרות חימום בשקית 50 יח',שופרסל,IL,נרות חימום,יחידה,1.00,יחידה,false,0,10.30,10.30,true,1,
7296073129547,false,קנולה כבישה קרה שופרסל1ל,NV AOR,BE,שמן קנולה,ליטרים,1.00,ליטר,false,0,15.10,15.10,true,1,
7296073130499,false,"מיץ לימון שופרסל 200 מ""ל",סי פרווידר,IT,מיץ לימון שופרסל,מיליליטרים,200.00,"100 מ""ל",false,0,6.00,3.00,true,1,
7296073130635,false,נקטר אקזוטי שופרסל 1ליטר,שופרסל,IL,נקטר אקזוטי,ליטרים,1.00,ליטר,false,0,4.50,4.50,true,1,
7296073132165,false,ממרח קרם קקאו+אגוזים350ג,שופרסל,IT,ממרח קרם קקאו,גרמים,350.00,100 גרם,false,0,8.90,2.54,true,1,
7296073132400,false,"מיץ לימון שופרסל 500 מ""ל",סי פרווידר,IT,מיץ לימון,מיליליטרים,500.00,"100 מ""ל",false,0,9.00,1.80,true,1,
7296073132448,false,שמן תירס שופרסל 1 ליטר,NV AOR,BE,שמן תירס שופרסל,ליטרים,1.00,ליטר,false,0,14.80,14.80,true,1,
7296073132479,false,לבבות דקל שלמים שופר400ג,אינדוסטריה אגריקולה,EC,לבבות דקל שלמים,גרמים,400.00,100 גרם,false,0,9.80,2.45,true,1,
7296073132806,false,חרוזי זיתים שופרסל560גרם,קבוצת יבנה,IL,חרוזי זיתים,גרמים,560.00,100 גרם,false,0,9.40,1.68,true,1,
7296073132820,false,סלק בואקום 500 גרם,שופרסל,XX,סלק בואקום 500ג,גרמים,500.00,100 גרם,false,0,9.00,1.80,true,1,
7296073132936,false,עוגת מאפין שיש שופרסל400,גידרון,IL,עוגת מאפין,גרמים,400.00,100 גרם,false,0,8.90,2.23,true,1,
7296073132943,false,עוגת מאפין שוק.שופרסל400,גידרון,IL,עוגת מאפין,גרמים,400.00,100 גרם,false,0,8.90,2.23,true,1,
7296073132950,false,עוגת מאפין וניל שופר400ג,גידרון,IL,עוגת מאפין,גרמים,400.00,100 גרם,false,0,8.90,2.23,true,1,
7296073132974,false,צלחות גדולות לבן שופרסל,שופרסל,,צלחות גדולות,יחידה,1.00,יחידה,false,0,23.00,23.00,true,1,
7296073132981,false,25צלחות בינונ.לבן שופרסל,שופרסל,IL,צלחות בינוניות,יחידה,1.00,יחידה,false,0,14.90,14.90,true,1,
7296073133049,false,כוסות לבן שופרסל 25 יחיד,שופרסל,IL,כוסות לבן,יחידה,1.00,יחידה,false,0,9.10,9.10,true,1,
7296073133131,false,"מלח למדיח שופרסל 2 ק""ג",מלח הארץ אילת,IL,מלח למדיח שופרסל,קילוגרמים,2.00,"ק""ג",false,0,12.50,6.25,true,1,
7296073134534,false,קפה טורקי שופרסל 100 גרם,שופרסל,IL,קפה טורקי שופרסל,גרמים,100.00,100 גרם,false,0,5.60,5.60,true,1,
7296073134541,false,קפה טורקי שופרסל 100*3גר,שופרסל,IL,קפה טורקי 3 יח',גרמים,300.00,100 גרם,false,0,15.80,5.27,true,1,
7296073134879,false,"משק""ל תפוזים שופרסל 1.5ל",שופרסל,IL,משקה קל תפוזים,ליטרים,1.50,ליטר,false,0,5.90,3.93,true,1,
7296073134886,false,"משק""ל אשכוליות שופרסל1.5",שופרסל,IL,משקה קל אשכוליות,ליטרים,1.50,ליטר,false,0,5.90,3.93,true,1,
7296073134916,false,"משק""ל ענבים שופרסל 1.5 ל",שופרסל,IL,משקה קל ענבים,ליטרים,1.50,ליטר,false,0,5.90,3.93,true,1,
7296073134930,false,שעועית ארגנטינאית 500גרם,מיה,IL,שעועית ארגנטינאי,גרמים,500.00,100 גרם,false,0,11.30,2.26,true,1,
7296073136842,false,חמאת בוטנים שופרסל510גרם,שופרסל,US,חמאת בוטנים,גרמים,510.00,100 גרם,false,0,12.90,2.53,true,1,
7296073136859,false,חמאת בוטנים+שבבים שופ510,שופרסל,US,חמאת בוטנים,גרמים,510.00,100 גרם,false,0,12.90,2.53,true,1,
7296073137603,false,זוג חצי בגט כמעט אפוי,שופרסל,FR,זוג חצי בגט,גרמים,300.00,100 גרם,false,0,8.80,2.93,true,1,
7296073137627,false,לחמניות חצי אפוי שופר4יח,שופרסל,FR,לחמניות 4יח',גרמים,300.00,100 גרם,false,0,8.80,2.93,true,1,
7296073140184,false,עוגת מאפין תפוז שופר400ג,גידרון,IL,עוגת מאפין תפוז,גרמים,400.00,100 גרם,false,0,8.90,2.23,true,1,
7296073140672,false,ממרח קרם קקאו שופרסל750ג,שופרסל,,ממרח קרם קקאו,גרמים,750.00,100 גרם,false,0,21.60,2.88,true,1,
7296073140979,false,60מגן תחתון נורמל שופרסל,שופרסל,IL,מגן תחתון שופרסל,יחידה,1.00,יחידה,false,0,12.90,12.90,true,1,
7296073140986,false,52מגן תחתון לארג' שופרסל,שופרסל,IL,מגן תחתון שופרסל,יחידה,1.00,יחידה,false,0,12.90,12.90,true,1,
7296073140993,false,28 תחבושות נורמל+ שופרסל,שופרסל,DE,תחבושות שופרסל,יחידה,1.00,יחידה,false,0,12.80,12.80,true,1,
7296073141006,false,24 תחבושות סופר+ שופרסל,שופרסל,DE,תחבושות שופרסל,יחידה,1.00,יחידה,false,0,12.80,12.80,true,1,
7296073141082,false,נרות חימום בשקית,,IL,נרות חימום בשקית,יחידה,1.00,יחידה,false,0,19.90,19.90,true,1,
7296073141143,false,שוקולד חלב שופרסל100 גרם,שופרסל,CH,שוקולד חלב,גרמים,100.00,100 גרם,false,0,5.00,5.00,true,1,
7296073141150,false,שוקולד מריר שוויצרי100ג,שופרסל,CH,שוקולד מריר,גרמים,100.00,100 גרם,false,0,5.00,5.00,true,1,
7296073142041,false,גביעי גלידה שופרסל 24יח',גילרו,IL,גביעי גלידה,גרמים,120.00,100 גרם,false,0,11.20,9.33,true,1,
7296073143437,false,"ברנפלקס ללת""ס שופרסל 500",שופרסל,,"ברנפלקס ללת""ס",גרמים,500.00,100 גרם,false,0,18.10,3.62,true,1,
7296073143758,false,עוגת בראוניס שופרסל400גר,גידרון,IL,עוגת בראוניס,גרמים,400.00,100 גרם,false,0,14.80,3.70,true,1,
7296073146933,false,שוק.אוורירי מריר שופר100,שופרסל,CH,שוקולד אוורירי,גרמים,100.00,100 גרם,false,0,5.00,5.00,true,1,
7296073146940,false,שוק.אוורירי חלב שופר100ג,שופרסל,CH,שוקולד אוורירי,גרמים,100.00,100 גרם,false,0,5.00,5.00,true,1,
7296073146957,false,שוק.חלב שברי אגוז שופ100,שופרסל,CH,שוקולד חלב אגוז,גרמים,100.00,100 גרם,false,0,5.80,5.80,true,1,
7296073150435,false,תערובת לעוגה,,,תערובת לעוגה,גרמים,560.00,100 גרם,false,0,16.00,2.86,true,1,
7296073150527,false,קורנפלקס שופרסל 750 גרם,שופרסל,,קורנפלקס שופרסל,גרמים,750.00,100 גרם,false,0,12.40,1.65,true,1,
7296073150756,false,שוקולד אגוזים3יח,,CH,שוקולד אגוזים3יח,גרמים,300.00,100 גרם,false,0,15.90,5.30,true,1,
7296073151487,false,פריכיות מיני תפוח 50 גרם,שופרסל,IL,פריכיות תפוח,גרמים,50.00,100 גרם,false,0,7.90,15.80,true,1,
7296073151524,false,צנימים שופרסל 320 גרם,שופרסל,IT,צנימים שופרסל,גרמים,320.00,100 גרם,false,0,9.60,3.00,true,1,
7296073151548,false,"מלח בישול שופרסל 1 ק""ג",מלח הארץ אילת,IL,מלח בישול שופרסל,קילוגרמים,1.00,"ק""ג",false,0,2.07,2.07,true,1,
7296073151555,false,"מלח שולחן שופרסל 1 ק""ג",מלח הארץ אילת,IL,מלח שולחן שופרסל,קילוגרמים,1.00,"ק""ג",false,0,2.07,2.07,true,1,
7296073153290,false,מזון לחתול מיקס שופרסל3ק,Tuffy's,IL,מזון לחתולים,קילוגרמים,3.00,"ק""ג",false,0,40.00,13.33,true,1,
7296073153849,false,זוג רדידי אלומינ7.5*0.3מ,שופרסל,IL,זוג רדידי אלומינ,מטרים,15.00,מטר,false,0,11.30,0.75,true,1,
7296073153870,false,זוג רדיד.אלומינ7.5*0.45מ,שופרסל,IL,זוג רדידי אלומינ,מטרים,15.00,מטר,false,0,17.20,1.15,true,1,
7296073153894,false,ניילון נצמד שופרסל 30*2מ,שופרסל,IL,זוג ניילון נצמד,מטרים,60.00,מטר,false,0,9.80,0.16,true,1,
7296073156246,false,עוגת בראוניס ש.צ'יפס400ג,גידרון,IL,עוגת בראוניס,גרמים,400.00,100 גרם,false,0,14.80,3.70,true,1,
7296073156604,false,שוק.חלב עם אגוזי לוז100ג,שופרסל,CH,שוקולד+אגוזי לוז,גרמים,100.00,100 גרם,false,0,7.90,7.90,true,1,
7296073156611,false,שוקולד מריר 60% קקאו100ג,שופרסל,,שוקולד מריר 60%,גרמים,100.00,100 גרם,false,0,7.40,7.40,true,1,
7296073156628,false,שוק.מריר+אגוזי לוז 100גר,שופרסל,,שוקולד+אגוזי לוז,גרמים,100.00,100 גרם,false,0,7.90,7.90,true,1,
7296073160663,false,פסטה פוזילי 3 דקות 500 ג,שופרסל,,פסטה פוזילי,גרמים,500.00,100 גרם,false,0,6.70,1.34,true,1,
7296073160670,false,פסטה גנצ'טי 3 דקות 500 ג,שופרסל,,פסטה גנצ'ט'י,גרמים,500.00,100 גרם,false,0,6.70,1.34,true,1,
7296073161417,false,סודה ממים מינרליים 1.5ל',שופרסל,IT,משקה סודה,ליטרים,1.50,ליטר,false,0,3.00,2.00,true,1,
7296073161479,false,פריכ.תירס+זרעי פשתן 100ג,שופרסל,IL,פריכיות תירס,גרמים,100.00,100 גרם,false,0,7.40,7.40,true,1,
7296073161493,false,שוק.מריר60%שופרסל 100*2ג,שופרסל,,שוקולד מריר זוג,גרמים,200.00,100 גרם,false,0,13.60,6.80,true,1,
7296073161509,false,שוק.חלב אגוזי לוז100*3גר,שופרסל,CH,שוקולד אגוז 3 יח,גרמים,300.00,100 גרם,false,0,20.10,6.70,true,1,
7296073161516,false,שוק.מריר+אגוזים שלמ100*3,שופרסל,,שוקולד אגוז 3 יח,גרמים,300.00,100 גרם,false,0,20.10,6.70,true,1,
7296073161721,false,נייר אפיה שופרסל 50 דפים,שופרסל,NO,נייר אפיה שופרסל,יחידה,1.00,יחידה,false,0,14.40,14.40,true,1,
7296073161851,false,מגבונים לחים שופרסל72X3י,שופרסל,IL,מגבונים לחים 3יח,יחידה,1.00,יחידה,false,0,12.80,12.80,true,1,
7296073161981,false,עוג.מילוי קרם שוק.שופ150,שופרסל,,עוגיות קרם שוקו,גרמים,150.00,100 גרם,false,0,8.70,5.80,true,1,
7296073161998,false,עוג.מילוי קרם קפה שופ150,שופרסל,,עוגיות קרם קפה,גרמים,150.00,100 גרם,false,0,8.70,5.80,true,1,
7296073162001,false,עוג.קרם אגוז לוז שופר150,שופרסל,,עוגיות קרם אגוז,גרמים,150.00,100 גרם,false,0,8.70,5.80,true,1,
7296073162520,false,ברזלית בצלינדר שופרסל6יח,פלסטו פוליש,IL,ברזלית בצלינדר,יחידה,1.00,יחידה,false,0,15.20,15.20,true,1,
7296073163084,false,נקניקיות וינר שופרסל400ג,מעדני יחיעם,IL,נקניקיות וינר,גרמים,400.00,100 גרם,false,0,13.60,3.40,true,1,
7296073163190,false,גרנולה אגוזים שופרסל400ג,שופרסל,,גרנולה אגוזים,גרמים,400.00,100 גרם,false,0,19.70,4.93,true,1,
7296073169246,false,רוטב עגבניות לפסטה260גרם,שופרסל,,רוטב לפסטה,גרמים,260.00,100 גרם,false,0,4.50,1.73,true,1,
7296073169550,false,3 מטליות מיקרופייבר שופר,שופרסל,,מטליות מיקרופיבר,יחידה,1.00,יחידה,false,0,14.80,14.80,true,1,
7296073169796,false,שוקולד מריר נוגט+שקד100ג,שופרסל,,שוקולד מריר נוגט,גרמים,100.00,100 גרם,false,0,9.00,9.00,true,1,
7296073169802,false,שוק.חלב נוגט+שקד+שופר100,שופרסל,,שוקולד חלב נוגט,גרמים,100.00,100 גרם,false,0,9.00,9.00,true,1,
7296073169833,false,שוק.מריר 72%ל.סוכר100גר,שופרסל,,שוקולד ללא סוכר,גרמים,100.00,100 גרם,false,0,10.20,10.20,true,1,
7296073169840,false,שוק.חלב ל.סוכר שופרסל100,שופרסל,,שוקולד ללא סוכר,גרמים,100.00,100 גרם,false,0,10.20,10.20,true,1,
7296073169857,false,שוק.חלב+אגוז ללא סוכר100,שופרסל,,שוקולד ללא סוכר,גרמים,100.00,100 גרם,false,0,10.20,10.20,true,1,
7296073170143,false,מטליות לניקוי כללי 50יח,שופרסל,,מטליות לחות,יחידה,1.00,יחידה,false,0,11.40,11.40,true,1,
7296073170167,false,וופל בלגי מצופה שופרס400,גילרו,IL,ופל בלגי מצופה,גרמים,400.00,100 גרם,false,0,9.90,2.48,true,1,
7296073170464,false,סודה ממים מינרלים 1.5*4ל,שופרסל,,סודה שופרסל 4 יח,ליטרים,6.00,ליטר,false,0,10.10,1.68,true,1,
7296073170839,false,שוקולד לבן שוויצרי 100גר,שופרסל,,שוקולד לבן,גרמים,100.00,100 גרם,false,0,5.00,5.00,true,1,
7296073170860,false,צ'יפס קלאסי שופרסל 1.5קג,תפוגן,IL,צ'יפס קלאסי,קילוגרמים,1.50,"ק""ג",false,0,26.40,17.60,true,1,
7296073170877,false,צ'יפס אמריקאי שופרסל 1.5,תפוגן,IL,צ'יפס אמריקאי,קילוגרמים,1.50,"ק""ג",false,0,26.40,17.60,true,1,
7296073170884,false,סטייק צ'יפס שופרסל 1.5קג,תפוגן,IL,סטייק צ'יפס,קילוגרמים,1.50,"ק""ג",false,0,26.40,17.60,true,1,
7296073170891,false,צ'יפס זיגזג שופרסל 1.5קג,תפוגן,IL,צ'יפס זיגזג,קילוגרמים,1.50,"ק""ג",false,0,26.40,17.60,true,1,
7296073170938,false,44 מגני תחתון לונג +,שופרסל,IL,מגני תחתון,יחידה,1.00,יחידה,false,0,12.90,12.90,true,1,
7296073171126,false,שוק.לבן שוויצרי 100*3 גר,שופרסל,,שוקולד לבן 3 יח',גרמים,300.00,100 גרם,false,0,15.90,5.30,true,1,
7296073171362,false,כדורי צמר גפן,,,כדורי צמר גפן,יחידה,1.00,יחידה,false,0,7.90,7.90,true,1,
7296073173045,false,דבש טבעי לחיץ שופרסל500ג,שופרסל,,דבש לחיץ שופרסל,גרמים,500.00,100 גרם,false,0,30.20,6.04,true,1,
7296073173199,false,אפונה ירוקה עדינה שופרסל,שופרסל,IL,אפונה עדינה,גרמים,600.00,100 גרם,false,0,17.30,2.88,true,1,
7296073173205,false,שעועית ירוקה עדינה שופרס,ARDO,BE,שעועית ירוקה,גרמים,600.00,100 גרם,false,0,20.70,3.45,true,1,
7296073173212,false,שעועית ירוקה שלמה שופרסל,ARDO,BE,שעועית ירוקה,גרמים,800.00,100 גרם,false,0,17.70,2.21,true,1,
7296073173229,false,שעועית ירוקה חתוכה שופרס,ARDO,BE,שעועית ירוקה,גרמים,800.00,100 גרם,false,0,17.10,2.14,true,1,
7296073174233,false,תבניות קרטון,,,תבניות קרטון,יחידה,1.00,יחידה,false,0,10.30,10.30,true,1,
7296073174721,false,אטבי כביסה שופרסל 48 יח',שופרסל,,אטבי כביסה,יחידה,1.00,יחידה,false,0,21.80,21.80,true,1,
7296073178972,false,"חומץ בלסמי שופרסל 500מ""ל",שופרסל,,חומץ בלסמי,מיליליטרים,500.00,"100 מ""ל",false,0,20.70,4.14,true,1,
7296073179689,false,עינוגי פקאן שופרסל 400גר,שופרסל,DE,עינוגי פקאן,גרמים,400.00,100 גרם,false,0,18.70,4.68,true,1,
7296073180111,false,מעדן דגים וטונה לחתול85ג,שופרסל,,מעדן לחתול,גרמים,85.00,100 גרם,false,0,5.60,6.59,true,1,
7296073180203,false,עלי רוקט שטופים 150גרם,פרסקו,IL,עלי רוקט150ג',גרמים,150.00,100 גרם,false,0,10.50,7.00,true,1,
7296073180265,false,מגבונים נשטפ.לילדים40*3,שופרסל,,מגבונים נשטפים3*,יחידה,1.00,יחידה,false,0,11.30,11.30,true,1,
7296073180425,false,רוטב לפסטה,,,רוטב לפסטה,גרמים,350.00,100 גרם,false,0,11.80,3.37,true,1,
7296073180449,false,רוטב לפסטה,,,רוטב לפסטה,גרמים,350.00,100 גרם,false,0,11.80,3.37,true,1,
7296073180463,false,פולי סויה קלופים שופרסל,LTD NEWLAND,CN,פולי סויה,גרמים,450.00,100 גרם,false,0,14.80,3.29,true,1,
7296073180548,false,א.מלך טבעי קלוף150גשופרס,ששון,IL,א.מלך טבעי קלוף,גרמים,150.00,100 גרם,false,0,15.90,10.60,true,1,
7296073180630,false,מטליות לחות לרצפה 10יח,טרופיקל דגיל,IL,מטליות לחות,יחידה,1.00,יחידה,false,0,11.30,11.30,true,1,
7296073180784,false,צפיות חד שכבתי,,,צפיות חד שכבתי,יחידה,1.00,יחידה,false,0,4.40,4.40,true,1,
7296073180852,false,חטיפי דגנים 5 יח,,,חטיפי דגנים 5 יח,גרמים,210.00,100 גרם,false,0,13.80,6.57,true,1,
7296073180869,false,חטיפי דגנים 5 יח,,,חטיפי דגנים 5 יח,גרמים,210.00,100 גרם,false,0,13.80,6.57,true,1,
7296073180876,false,טלק ריחני שופרסל,,IL,טלק ריחני שופרסל,גרמים,200.00,100 גרם,false,0,14.00,7.00,true,1,
7296073180944,false,מטלית רצפה,,CN,מטלית רצפה,יחידה,1.00,יחידה,false,0,9.90,9.90,true,1,
7296073187363,false,פחם דרום אמריקאי,,PY,פחם דרום אמריקאי,קילוגרמים,2.00,"ק""ג",false,0,14.90,7.45,true,1,
7296073188520,false,נייר סנדביץ,,PL,נייר סנדביץ,יחידה,1.00,יחידה,false,0,13.50,13.50,true,1,
7296073188674,false,חטיפי קרקר,,,חטיפי קרקר,גרמים,350.00,100 גרם,false,0,10.30,2.94,true,1,
7296073188711,false,חטיפי קרקר,,,חטיפי קרקר,גרמים,350.00,100 גרם,false,0,10.30,2.94,true,1,
7296073189282,false,פולי סויה בקליפה 450גרם,LTD NEWLAND,CN,פולי סויה,גרמים,450.00,100 גרם,false,0,13.70,3.04,true,1,
7296073189572,false,פקאן סיני 200גרם שופרסל,שקרצי,IL,פקאן סיני 200גרם,גרמים,200.00,100 גרם,false,0,23.70,11.85,true,1,
7296073189589,false,פקאן טבעי 200גרם שופרסל,שקרצי,IL,פקאן טבעי 200גרם,גרמים,200.00,100 גרם,false,0,25.70,12.85,true,1,
7296073189602,false,בוטן מטוגן 400גרם שופרסל,שקרצי,IL,בוטן מטוגן,גרמים,400.00,100 גרם,false,0,15.90,3.98,true,1,
7296073189671,false,ג.דלעת קלוף 150גרם שופרס,ששון,IL,גרעין דלעת 150ג,גרמים,150.00,100 גרם,false,0,14.80,9.87,true,1,
7296073189688,false,ג.חמניה קלוף150ג שופרסל,ששון,IL,גרעין חמניה 150ג,גרמים,150.00,100 גרם,false,0,6.80,4.53,true,1,
7296073190783,false,מדליק פחמים,,DE,מדליק פחמים,יחידה,1.00,יחידה,false,0,7.90,7.90,true,1,
7296073191162,false,יין אדום מתוק קדרון650מל,הכורמים,IL,יין אדום מתוק קדרון650מל,מיליליטרים,650.00,"100 מ""ל",false,0,15.50,2.38,true,1,
7296073191230,false,מפת שולחן פלסטיק,,IL,מפת שולחן פלסטיק,יחידה,1.00,יחידה,false,0,6.10,6.10,true,1,
7296073191261,false,תחתיות ארטישוק שופר390גר,Raal El Conservas,ES,תחתיות ארטישוק,גרמים,390.00,100 גרם,false,0,9.80,2.51,true,1,
7296073192633,false,שעועית לבנה שופרסל 800גר,פרי גליל,GB,שעועית לבנה,גרמים,800.00,100 גרם,false,0,18.10,2.26,true,1,
7296073192893,false,סבון כחול שופרסל 500*3,אמיליה קוסמטיקס,IL,סבון שופרסל,ליטרים,1.50,ליטר,false,0,14.80,9.87,true,1,
7296073192947,false,סבון ירוק שופרסל 500*3,אמיליה קוסמטיקס,IL,סבון שופרסל,ליטרים,1.50,ליטר,false,0,14.80,9.87,true,1,
7296073195191,false,טחינה שומשום מלא גרין500,"אחדות בע""מ א.ת. ברקן",IL,טחינה שומשום מלא,גרמים,500.00,100 גרם,false,0,16.90,3.38,true,1,
7296073195207,false,טחינה אורגנית גרין 500גר,"אחדות בע""מ א.ת. ברקן",IL,טחינה אורגנית,גרמים,500.00,100 גרם,false,0,16.90,3.38,true,1,
7296073195245,false,חלווה אורגנית גרין 300גר,"אחדות בע""מ א.ת. ברקן",IL,חלווה אורגנית,גרמים,300.00,100 גרם,false,0,14.80,4.93,true,1,
7296073195252,false,פריכיות אורז מלא,,IL,פריכיות אורז מלא,גרמים,100.00,100 גרם,false,0,7.00,7.00,true,1,
7296073195269,false,פריכיות קינואה,,IL,פריכיות קינואה,גרמים,100.00,100 גרם,false,0,7.00,7.00,true,1,
7296073195894,false,אטריות דקיקות שופרסל400ג,שיבולים בני דרום,IL,אטריות דקיקות,גרמים,400.00,100 גרם,false,0,5.70,1.43,true,1,
7296073195900,false,אטריות דקות שופרסל 400ג,שיבולים בני דרום,IL,אטריות דקות,גרמים,400.00,100 גרם,false,0,5.70,1.43,true,1,
7296073195924,false,אטריות רחבות שופרסל400ג,שיבולים בני דרום,IL,אטריות דקות,גרמים,400.00,100 גרם,false,0,5.70,1.43,true,1,
7296073197461,false,שוקולד חלב 3 יח,,CH,שוקולד חלב 3 יח,גרמים,300.00,100 גרם,false,0,14.90,4.97,true,1,
7296073197478,false,שוקולד מריר 3 יח,,CH,שוקולד מריר 3 יח,גרמים,300.00,100 גרם,false,0,14.90,4.97,true,1,
7296073197560,false,מסטיק אבטיח,,CH,מסטיק אבטיח,גרמים,44.00,100 גרם,false,0,5.00,11.36,true,1,
7296073197577,false,מסטיק תותי פרוטי,,CH,מסטיק תותי פרוטי,גרמים,44.00,100 גרם,false,0,5.00,11.36,true,1,
7296073199014,false,נודלס דק להקפצה 400 גרם,INDUSTRY ANLIDA LONGHAI FUJIAN,CN,נודלס דק להקפצה,גרמים,400.00,100 גרם,false,0,11.50,2.88,true,1,
7296073199274,false,קמח חיטה מלאה,,IL,קמח חיטה מלאה,קילוגרמים,1.00,"ק""ג",false,0,9.80,9.80,true,1,
7296073199380,false,רוטב צ'ילי מתוק שופר810ג,תאי פרידה אינדסטרי,TH,רוטב צ'ילי מתוק,גרמים,810.00,100 גרם,false,0,13.80,1.70,true,1,
7296073200987,false,פטריות חתוכות 3 * 400 גר,פרוצ'אמפ,DE,פטריות חתוכות3יח,קילוגרמים,1.20,"ק""ג",false,0,10.00,8.33,true,1,
7296073201410,false,נודלס רחב להקפצה 400ג,פרוצ'אמפ,CN,נודלס רחב להקפצה,גרמים,400.00,100 גרם,false,0,11.50,2.88,true,1,
7296073201427,false,סילאן 350 גרם,,IL,סילאן 350 גרם,גרמים,350.00,100 גרם,false,0,10.20,2.91,true,1,
7296073201434,false,סילאן שופרסל,,IL,סילאן שופרסל,גרמים,900.00,100 גרם,false,0,15.80,1.76,true,1,
7296073202479,false,שוקולד מריר 6 יח,,CH,שוקולד מריר 6 יח,גרמים,600.00,100 גרם,false,0,25.20,4.20,true,1,
7296073202493,false,שוקולד חלב 6 יח,,CH,שוקולד חלב 6 יח,גרמים,600.00,100 גרם,false,0,25.20,4.20,true,1,
7296073202813,false,קרם ידיים לעור רגיל 100,אמיליה קוסמטיקס,IL,קרם ידיים שופרסל,מיליליטרים,100.00,"100 מ""ל",false,0,11.50,11.50,true,1,
7296073203391,false,"מיקס מזון לכלבים 3 ק""ג",EFFEFFE,IT,מיקס מזון לכלבים,קילוגרמים,3.00,"ק""ג",false,0,34.90,11.63,true,1,
7296073204640,false,בוטן אמריקאי200ג שופרסל,ששון,IL,בוטנים אמריקאים,גרמים,200.00,100 גרם,false,0,7.80,3.90,true,1,
7296073204879,false,שניצל תירס שופרסל 750גרם,תפוגן,IL,שניצל תירס,גרמים,750.00,100 גרם,false,0,21.70,2.89,true,1,
7296073204886,false,חטיפי תירס שופרסל 600גרם,תפוגן,IL,חטיפי תירס,גרמים,600.00,100 גרם,false,0,21.70,3.62,true,1,
7296073205081,false,מיונז,,IL,מיונז,גרמים,500.00,100 גרם,false,0,6.90,1.38,true,1,
7296073205111,false,"ניוקי תפו""א",,IT,"ניוקי תפו""א",גרמים,500.00,100 גרם,false,0,13.90,2.78,true,1,
7296073205401,false,קטשופ אורגני גרין 750 גר,פרי גליל,IL,קטשופ אורגני,גרמים,750.00,100 גרם,false,0,17.70,2.36,true,1,
7296073205418,false,פוסילי מלא,,IT,פוסילי מלא,גרמים,500.00,100 גרם,false,0,8.80,1.76,true,1,
7296073205456,false,פנה מלא אורגני,,IT,פנה מלא אורגני,גרמים,500.00,100 גרם,false,0,8.80,1.76,true,1,
7296073205692,false,רוטב פסטה שום אורגני 350,אלת'אה אס.פי.איי,IT,רוטב פסטה שום,גרמים,350.00,100 גרם,false,0,14.90,4.26,true,1,
7296073205708,false,רוט.פסט.בזיליקום אורג350,אלת'אה אס.פי.איי,IT,רוטב פסטה,גרמים,350.00,100 גרם,false,0,14.90,4.26,true,1,
7296073205975,false,מסיר לק,,IL,מסיר לק,מיליליטרים,100.00,"100 מ""ל",false,0,11.10,11.10,true,1,
7296073206101,false,סירופ אגבה,,MX,סירופ אגבה,גרמים,660.00,100 גרם,false,0,29.60,4.48,true,1,
7296073206347,false,דבש אקליפטוס,,IL,דבש אקליפטוס,גרמים,500.00,100 גרם,false,0,25.70,5.14,true,1,
7296073206354,false,דבש הדרים,,IL,דבש הדרים,גרמים,500.00,100 גרם,false,0,25.70,5.14,true,1,
7296073206682,false,טונה בשמן קנולה 160*4ג,תעשיות פילטונה,IL,טונה בשמן 4 יח,גרמים,640.00,100 גרם,false,0,19.90,3.11,true,1,
7296073207078,false,בוטן קלוף קלוי300 שופרסל,ששון,IL,בוטן קלוף קלוי,גרמים,300.00,100 גרם,false,0,12.80,4.27,true,1,
7296073207115,false,מגבונים נשטפים,,IL,מגבונים נשטפים,יחידה,1.00,יחידה,false,0,6.70,6.70,true,1,
7296073207122,false,3 מגבונים נשטפים,,IL,3 מגבונים נשטפים,יחידה,1.00,יחידה,false,0,11.50,11.50,true,1,
7296073208044,false,קפה טורקי שופרסל,,IL,קפה טורקי שופרסל,גרמים,100.00,100 גרם,false,0,5.60,5.60,true,1,
7296073208136,false,סרדינים פיקנטיים,,TH,סרדינים פיקנטיים,גרמים,110.00,100 גרם,false,0,6.00,5.45,true,1,
7296073209225,false,"3ספוגיות קירצוף 9*72 ס""מ",פלסטו פוליש,IL,ספוגיות קירצוף,יחידה,1.00,יחידה,false,0,9.10,9.10,true,1,
7296073209928,false,בייגלה שטוח,,IL,בייגלה שטוח,גרמים,300.00,100 גרם,false,0,8.50,2.83,true,1,
7296073209935,false,בייגלה שטוח,,IL,בייגלה שטוח,גרמים,300.00,100 גרם,false,0,8.50,2.83,true,1,
7296073211624,false,"פילה אמנון ק""ג",שופרסל,CN,פילה אמנון,קילוגרמים,0.00,"ק""ג",true,0,44.90,44.90,true,1,
7296073211686,false,לחמניות המבורגר,,IL,לחמניות המבורגר,יחידה,1.00,יחידה,false,0,12.80,12.80,true,1,
7296073211693,false,לחם ללא גלוטן,,IL,לחם ללא גלוטן,יחידה,1.00,יחידה,false,0,14.80,14.80,true,1,
7296073211709,false,שליש באגט ללא גלוטן גרין,,IL,שליש באגט ללא גלוטן גרין,יחידה,1.00,יחידה,false,0,14.80,14.80,true,1,
7296073211952,false,סירופ מייפל,,CA,סירופ מייפל,מיליליטרים,250.00,"100 מ""ל",false,0,34.90,13.96,true,1,
7296073211969,false,וופל בלגי שופרסל 200 גרם,גילרו,IL,וופל בלגי,גרמים,200.00,100 גרם,false,0,4.60,2.30,true,1,
7296073212096,false,מרק עוף שופרסל 400 גרם,פרי גליל,IL,מרק עוף,גרמים,400.00,100 גרם,false,0,14.80,3.70,true,1,
7296073212126,false,מרק בצל שופרסל 400 גרם,פרי גליל,IL,מרק בצל,גרמים,400.00,100 גרם,false,0,17.70,4.43,true,1,
7296073213949,false,ג'ל כביסה מרוכז,,IL,ג'ל כביסה מרוכז,ליטרים,3.00,ליטר,false,0,24.70,8.23,true,1,
7296073214113,false,חצאי משמש בסירופ,,CN,חצאי משמש בסירופ,גרמים,820.00,100 גרם,false,0,9.80,1.20,true,1,
7296073214120,false,חתיכות אננס,,TH,חתיכות אננס,גרמים,850.00,100 גרם,false,0,7.20,0.85,true,1,
7296073214144,false,פלחי אפרסקים,,IL,פלחי אפרסקים,גרמים,312.00,100 גרם,false,0,5.90,1.89,true,1,
7296073215820,false,כורכום טחון,,IL,כורכום טחון,גרמים,100.00,100 גרם,false,0,8.90,8.90,true,1,
7296073215844,false,כורכום טחון,,IL,כורכום טחון,גרמים,40.00,100 גרם,false,0,7.80,19.50,true,1,
7296073215851,false,כורכום במיכל,,IL,כורכום במיכל,גרמים,100.00,100 גרם,false,0,11.30,11.30,true,1,
7296073215875,false,כמון טחון,,IL,כמון טחון,גרמים,100.00,100 גרם,false,0,8.90,8.90,true,1,
7296073215912,false,קנמון טחון,,IL,קנמון טחון,גרמים,100.00,100 גרם,false,0,7.30,7.30,true,1,
7296073215929,false,קנמון טחון,,IL,קנמון טחון,גרמים,40.00,100 גרם,false,0,7.80,19.50,true,1,
7296073215943,false,אורגנו בשקית,,IL,אורגנו בשקית,גרמים,20.00,100 גרם,false,0,6.00,30.00,true,1,
7296073215967,false,שוםגבישי,,IL,שוםגבישי,גרמים,100.00,100 גרם,false,0,11.00,11.00,true,1,
7296073215981,false,אבקת שום,,IL,אבקת שום,גרמים,90.00,100 גרם,false,0,8.80,9.78,true,1,
7296073216018,false,תערובת תיבול,,IL,תערובת תיבול,גרמים,100.00,100 גרם,false,0,8.90,8.90,true,1,
7296073216025,false,תערובת תיבול,,IL,תערובת תיבול,גרמים,100.00,100 גרם,false,0,11.30,11.30,true,1,
7296073216032,false,תערובת גריל עוף,,IL,תערובת גריל עוף,גרמים,150.00,100 גרם,false,0,12.00,8.00,true,1,
7296073216049,false,תערוב תיבול,,IL,תערוב תיבול,גרמים,100.00,100 גרם,false,0,7.30,7.30,true,1,
7296073216056,false,תיבול לשווארמה,,IL,תיבול לשווארמה,גרמים,100.00,100 גרם,false,0,8.90,8.90,true,1,
7296073216070,false,פטרוזיליה תבלין,,IL,פטרוזיליה תבלין,גרמים,20.00,100 גרם,false,0,7.40,37.00,true,1,
7296073216087,false,עלי דפנה,,IL,עלי דפנה,גרמים,20.00,100 גרם,false,0,6.90,34.50,true,1,
7296073216094,false,בהרט,,IL,בהרט,גרמים,100.00,100 גרם,false,0,7.80,7.80,true,1,
7296073216100,false,צ'ילי כתוש,,IL,צ'ילי כתוש,גרמים,25.00,100 גרם,false,0,6.90,27.60,true,1,
7296073216117,false,אבקת קרי,,IL,אבקת קרי,גרמים,100.00,100 גרם,false,0,6.40,6.40,true,1,
7296073216124,false,בזיליקום תבלין,,IL,בזיליקום תבלין,גרמים,30.00,100 גרם,false,0,5.40,18.00,true,1,
7296073216155,false,פלפל שחור,,IL,פלפל שחור,גרמים,40.00,100 גרם,false,0,12.20,30.50,true,1,
7296073216162,false,פלפל שחור,,IL,פלפל שחור,גרמים,100.00,100 גרם,false,0,15.20,15.20,true,1,
7296073216186,false,פלפל שחור,,IL,פלפל שחור,גרמים,40.00,100 גרם,false,0,11.70,29.25,true,1,
7296073216193,false,פלפל שחור,,IL,פלפל שחור,גרמים,90.00,100 גרם,false,0,17.60,19.56,true,1,
7296073216209,false,פלפל שחור,,IL,פלפל שחור,גרמים,35.00,100 גרם,false,0,10.90,31.14,true,1,
7296073216223,false,פפריקה מתוקה,,IL,פפריקה מתוקה,גרמים,80.00,100 גרם,false,0,7.10,8.88,true,1,
7296073216247,false,פפריקה מתוקה,,IL,פפריקה מתוקה,גרמים,100.00,100 גרם,false,0,12.00,12.00,true,1,
7296073216261,false,פפריקה מתוקה,,IL,פפריקה מתוקה,גרמים,80.00,100 גרם,false,0,7.10,8.88,true,1,
7296073216278,false,פפריקה מרוקאית,,IL,פפריקה מרוקאית,גרמים,90.00,100 גרם,false,0,9.10,10.11,true,1,
7296073216285,false,פפריקה מתוקה,,IL,פפריקה מתוקה,גרמים,400.00,100 גרם,false,0,25.10,6.28,true,1,
7296073216292,false,פפריקה חריפה,,IL,פפריקה חריפה,גרמים,80.00,100 גרם,false,0,7.10,8.88,true,1,
7296073216308,false,פפריקה חריפה,,IL,פפריקה חריפה,גרמים,100.00,100 גרם,false,0,12.00,12.00,true,1,
7296073216315,false,מלח לימון,,IL,מלח לימון,גרמים,100.00,100 גרם,false,0,7.60,7.60,true,1,
7296073216322,false,מלח לימון,,IL,מלח לימון,גרמים,170.00,100 גרם,false,0,11.30,6.65,true,1,
7296073216339,false,מלח לימון,,IL,מלח לימון,גרמים,700.00,100 גרם,false,0,24.30,3.47,true,1,
7296073217602,false,נייר טואלט,,IL,נייר טואלט,מטרים,662.00,מטר,false,0,36.90,0.06,true,1,
7296073218159,false,תיבול לקציצות,,IL,תיבול לקציצות,גרמים,100.00,100 גרם,false,0,6.40,6.40,true,1,
7296073218173,false,תיבול גריל דג,,IL,תיבול גריל דג,גרמים,100.00,100 גרם,false,0,6.40,6.40,true,1,
7296073218234,false,סוכר חום אורגני,,IL,סוכר חום אורגני,קילוגרמים,1.00,"ק""ג",false,0,12.80,12.80,true,1,
7296073218333,false,פופקורן מופחת,,US,פופקורן מופחת,גרמים,510.00,100 גרם,false,0,14.80,2.90,true,1,
7296073218661,false,מטליות לרצפה 3יח,,CN,מטליות לרצפה 3יח,יחידה,1.00,יחידה,false,0,22.80,22.80,true,1,
7296073218753,false,פתי בר,,NL,פתי בר,גרמים,500.00,100 גרם,false,0,9.90,1.98,true,1,
7296073218807,false,בישקוטים,,IT,בישקוטים,גרמים,200.00,100 גרם,false,0,7.80,3.90,true,1,
7296073218838,false,עגבניה אורגנית,,IL,עגבניה אורגנית,גרמים,500.00,100 גרם,false,0,7.90,1.58,true,1,
7296073218920,false,לחם אחיד פרוס שופרסל 750,מאפיית שלמה א. אנג'ל,IL,לחם אחיד פרוס,גרמים,750.00,100 גרם,false,0,6.90,0.92,true,1,
7296073219118,false,אבקת כביסה,,IL,אבקת כביסה,קילוגרמים,2.50,"ק""ג",false,0,16.90,6.76,true,1,
7296073219149,false,פירורי לחם מוזהב,,IL,פירורי לחם מוזהב,גרמים,350.00,100 גרם,false,0,7.90,2.26,true,1,
7296073219156,false,פירורי לחם לבן,,IL,פירורי לחם לבן,גרמים,350.00,100 גרם,false,0,6.70,1.91,true,1,
7296073219255,false,קפה נמס,,IL,קפה נמס,גרמים,200.00,100 גרם,false,0,13.80,6.90,true,1,
7296073219262,false,קפה טורקי עם הל,,IL,קפה טורקי עם הל,גרמים,100.00,100 גרם,false,0,6.70,6.70,true,1,
7296073219330,false,לחם אחיד פרוס,,IL,לחם אחיד פרוס,גרמים,750.00,100 גרם,false,0,6.90,0.92,true,1,
7296073219347,false,לחם אחיד פרוס750ג שופרסל,מאפית ברמן,IL,לחם אחיד פרוס,גרמים,750.00,100 גרם,false,0,6.90,0.92,true,1,
7296073219576,false,שקיות אשפה,,IL,שקיות אשפה,יחידה,1.00,יחידה,false,0,22.90,22.90,true,1,
7296073219606,false,כדורי דגנים,,IL,כדורי דגנים,גרמים,500.00,100 גרם,false,0,12.90,2.58,true,1,
7296073219668,false,עלי גפן ממולאים 400 גרם,LTD ESME,TR,עלי גפן ממולאים,גרמים,400.00,100 גרם,false,0,6.90,1.73,true,1,
7296073219880,false,פודינג שוקולד,,IL,פודינג שוקולד,גרמים,95.00,100 גרם,false,0,5.20,5.47,true,1,
7296073219897,false,פודינג וניל,,IL,פודינג וניל,גרמים,80.00,100 גרם,false,0,5.20,6.50,true,1,
7296073219903,false,ג'לי פטל,,IL,ג'לי פטל,גרמים,85.00,100 גרם,false,0,5.80,6.82,true,1,
7296073219910,false,ג'לי משמש,,IL,ג'לי משמש,גרמים,85.00,100 גרם,false,0,5.80,6.82,true,1,
7296073219927,false,ג'לי תות,,IL,ג'לי תות,גרמים,85.00,100 גרם,false,0,5.80,6.82,true,1,
7296073219941,false,חטיף דגנים שוקו+שוק23*6ג,back and Snack,AT,חטיף דגנים,גרמים,138.00,100 גרם,false,0,10.90,7.90,true,1,
7296073219958,false,חט.דגנים שוקו+מריר23*6ג,back and Snack,AT,חטיף דגנים,גרמים,138.00,100 גרם,false,0,10.90,7.90,true,1,
7296073219965,false,חט.דגנים שוק.חלב+בוט23*6,back and Snack,AT,חטיף בוטנים,גרמים,138.00,100 גרם,false,0,10.90,7.90,true,1,
7296073220022,false,אבקת קקאו,,IL,אבקת קקאו,גרמים,150.00,100 גרם,false,0,9.80,6.53,true,1,
7296073220077,false,שוקולד חלב,,CH,שוקולד חלב,גרמים,100.00,100 גרם,false,0,5.90,5.90,true,1,
7296073220084,false,שוקולד חלב במילו,,CH,שוקולד חלב במילו,גרמים,100.00,100 גרם,false,0,5.90,5.90,true,1,
7296073220107,false,תירס גמדי,,IL,תירס גמדי,גרמים,410.00,100 גרם,false,0,5.90,1.44,true,1,
7296073220176,false,מרשמלו ורוד לבן,,IL,מרשמלו ורוד לבן,גרמים,180.00,100 גרם,false,0,5.90,3.28,true,1,
7296073220183,false,עוגיות שוקוצ'יפס,,DE,עוגיות שוקוצ'יפס,גרמים,225.00,100 גרם,false,0,8.90,3.96,true,1,
7296073220275,false,וופל ט.שוקולד שופרסל500ג,מנעמים,IL,וופל טעם שוקולד,גרמים,500.00,100 גרם,false,0,9.90,1.98,true,1,
7296073220282,false,וופלים ט.לימון שופרסל500,מנעמים,IL,וופל טעם לימון,גרמים,500.00,100 גרם,false,0,9.90,1.98,true,1,
7296073220398,false,חטיפי קרח,,IL,חטיפי קרח,מיליליטרים,800.00,"100 מ""ל",false,0,7.90,0.99,true,1,
7296073220404,false,פטל אדום קפוא שופרסל 300,d.o.o Lukowa,YU,פטל אדום,גרמים,300.00,100 גרם,false,0,16.90,5.63,true,1,
7296073220411,false,אוכמניות קפוא שופרסל 300,d.o.o Lukowa,YU,אוכמניות,גרמים,300.00,100 גרם,false,0,16.90,5.63,true,1,
7296073220428,false,חמוציות קפוא שופרסל 300,d.o.o Lukowa,IL,חמוציות,גרמים,300.00,100 גרם,false,0,16.90,5.63,true,1,
7296073220435,false,מיקס פירות יער קפוא 300,d.o.o Lukowa,YU,מיקס פירות יער,גרמים,300.00,100 גרם,false,0,16.90,5.63,true,1,
7296073220442,false,דובדבן קפוא שופרסל 300גר,d.o.o Lukowa,YU,דובדבן,גרמים,300.00,100 גרם,false,0,16.90,5.63,true,1,
7296073220480,false,מרשמלו מסולסל,,IL,מרשמלו מסולסל,גרמים,180.00,100 גרם,false,0,5.90,3.28,true,1,
7296073221319,false,"כף קרם ח""פ 100 יח'",.,IL,"כף קרם ח""פ",יחידה,1.00,יחידה,false,0,8.90,8.90,true,1,
7296073221326,false,"כפית קרם ח""פ 100 יח'",.,IL,"כפית קרם ח""פ",יחידה,1.00,יחידה,false,0,6.90,6.90,true,1,
7296073221333,false,"מזלג קרם ח""פ 100 יח'",.,IL,"מזלג קרם ח""פ",יחידה,1.00,יחידה,false,0,8.90,8.90,true,1,
7296073221340,false,"סכין קרם ח""פ 100 יח'",.,IL,"סכין קרם ח""פ",יחידה,1.00,יחידה,false,0,8.90,8.90,true,1,
7296073221791,false,וופל בטעם אגוזים 400 גרם,מנעמים,IL,וופל אגוזים,גרמים,400.00,100 גרם,false,0,9.90,2.48,true,1,
7296073222217,false,צמד חמד שופרסל 600 גרם,מעדני יחיעם,IL,צמד חמד נקניק,גרמים,600.00,100 גרם,false,0,22.90,3.82,true,1,
7296073222224,false,פסטרמה ברביקיו דק דק140ג,מעדני יחיעם,IL,פסטרמה ברביקיו,גרמים,140.00,100 גרם,false,0,10.90,7.79,true,1,
7296073222231,false,פסטרמה בדבש דק דק 140 גר,מעדני יחיעם,IL,פסטרמה בדבש,גרמים,140.00,100 גרם,false,0,10.90,7.79,true,1,
7296073222255,false,סלמי מעושן שופרסל 400 גר,מעדני יחיעם,IL,סלמי מעושן,גרמים,400.00,100 גרם,false,0,22.90,5.73,true,1,
7296073222262,false,קבנוס שופרסל 100 גרם,מעדני יחיעם,IL,קבנוס,גרמים,100.00,100 גרם,false,0,7.80,7.80,true,1,
7296073222279,false,נקניקיות וינר שופרסל 1קג,מעדני יחיעם,IL,נקניקיות וינר,קילוגרמים,1.00,"ק""ג",false,0,24.20,24.20,true,1,
7296073222309,false,ג'חנון קפוא שופרסל 650 ג,אופרה,IL,ג'חנון קפוא שופר,גרמים,650.00,100 גרם,false,0,12.80,1.97,true,1,
7296073222316,false,ג'חנון אפוי שופרסל 650ג,אופרה,IL,ג'חנון אפוי שופר,גרמים,650.00,100 גרם,false,0,15.80,2.43,true,1,
7296073222323,false,מלווח קפוא שופרסל700ג,אופרה,IL,מלווח קפוא שופרס,גרמים,700.00,100 גרם,false,0,12.80,1.83,true,1,
7296073222774,false,"כוסות קפה ח""פ",,IL,"כוסות קפה ח""פ",יחידה,1.00,יחידה,false,0,6.90,6.90,true,1,
7296073222811,false,סילאן טבעי,,IL,סילאן טבעי,גרמים,340.00,100 גרם,false,0,17.70,5.21,true,1,
7296073223009,false,שמן זית,,IT,שמן זית,מיליליטרים,750.00,"100 מ""ל",false,0,34.50,4.60,true,1,
7296073223061,false,תה ירוק,,LK,תה ירוק,גרמים,37.00,100 גרם,false,0,12.90,34.86,true,1,
7296073223078,false,תה ירוק,,LK,תה ירוק,גרמים,37.00,100 גרם,false,0,12.90,34.86,true,1,
7296073223085,false,תה ירוק,,LK,תה ירוק,גרמים,37.00,100 גרם,false,0,12.90,34.86,true,1,
7296073223108,false,תה ארל גריי 25שק,,LK,תה ארל גריי 25שק,גרמים,37.00,100 גרם,false,0,10.80,29.19,true,1,
7296073223115,false,תה קלאסי,,LK,תה קלאסי,גרמים,150.00,100 גרם,false,0,7.90,5.27,true,1,
7296073223993,false,מזון חתולים,,IL,מזון חתולים,גרמים,400.00,100 גרם,false,0,8.00,2.00,true,1,
7296073224006,false,מזון חתולים,,FR,מזון חתולים,גרמים,400.00,100 גרם,false,0,8.00,2.00,true,1,
7296073224013,false,מזון חתולים,,FR,מזון חתולים,גרמים,400.00,100 גרם,false,0,8.00,2.00,true,1,
7296073224020,false,מזון חתולים,,FR,מזון חתולים,גרמים,400.00,100 גרם,false,0,8.00,2.00,true,1,
7296073224037,false,מזון כלבים,,FR,מזון כלבים,גרמים,400.00,100 גרם,false,0,7.90,1.98,true,1,
7296073224044,false,מזון לכלב,,FR,מזון לכלב,גרמים,400.00,100 גרם,false,0,7.90,1.98,true,1,
7296073224051,false,מזון כלבים,,FR,מזון כלבים,גרמים,400.00,100 גרם,false,0,7.90,1.98,true,1,
7296073224365,false,קמח שמרים,,IL,קמח שמרים,קילוגרמים,1.00,"ק""ג",false,0,9.80,9.80,true,1,
7296073224389,false,אורז חום,,IL,אורז חום,גרמים,500.00,100 גרם,false,0,11.80,2.36,true,1,
7296073224549,false,זרעי פשתן,,IL,זרעי פשתן,גרמים,500.00,100 גרם,false,0,10.80,2.16,true,1,
7296073224556,false,שיבולת שועל,,IL,שיבולת שועל,גרמים,500.00,100 גרם,false,0,11.80,2.36,true,1,
7296073224563,false,סלט טחינה שופרסל 400 גרם,סלטי שמיר,IL,סלט טחינה,גרמים,400.00,100 גרם,false,0,8.90,2.23,true,1,
7296073224570,false,חומוס אסלי שופרסל 400גרם,סלטי שמיר,IL,חומוס אסלי,גרמים,400.00,100 גרם,false,0,8.90,2.23,true,1,
7296073224587,false,כרוב אדום שופרסל 400 גרם,סלטי שמיר,IL,סלט כרוב אדום,גרמים,400.00,100 גרם,false,0,8.90,2.23,true,1,
7296073224594,false,סלט חציל במיונז שופר400ג,סלטי שמיר,IL,סלט חצילים מיונז,גרמים,400.00,100 גרם,false,0,8.90,2.23,true,1,
7296073224600,false,"חומוס שופרסל 1 ק""ג",סלטי שמיר,IL,סלט חומוס,קילוגרמים,1.00,"ק""ג",false,0,10.90,10.90,true,1,
7296073224631,false,"אורז פרסי שופרסל 1 ק""ג",ltd co produce Uthai,TH,אורז פרסי,קילוגרמים,1.00,"ק""ג",false,0,6.80,6.80,true,1,
7296073224754,false,חליטת פירות יער שופרסל25,רפאלס,DE,חליטת פירות יער,גרמים,50.00,100 גרם,false,0,11.80,23.60,true,1,
7296073224761,false,חליטת נענע שופרסל 25שק,רפאלס,DE,חליטת נענע,גרמים,50.00,100 גרם,false,0,11.80,23.60,true,1,
7296073224778,false,חליטת ורד הבר שופרסל25שק,רפאלס,DE,חליטת ורד הבר,גרמים,62.00,100 גרם,false,0,11.80,19.03,true,1,
7296073224785,false,חליטת קמומיל שופרסל 25שק,רפאלס,DE,חליטת קמומיל,גרמים,37.00,100 גרם,false,0,11.80,31.89,true,1,
7296073224815,false,מרכך מרוכז כחול,,IL,מרכך מרוכז כחול,ליטרים,1.00,ליטר,false,0,11.90,11.90,true,1,
7296073224822,false,מרכך מרוכז ורוד,,IL,מרכך מרוכז ורוד,ליטרים,1.00,ליטר,false,0,11.90,11.90,true,1,
7296073224839,false,מרכך מרוכז לבן,,IL,מרכך מרוכז לבן,ליטרים,1.00,ליטר,false,0,11.90,11.90,true,1,
7296073224884,false,לקט ירקות שופרסל 800גרם,ARDO,BE,לקט ירקות,גרמים,800.00,100 גרם,false,0,18.70,2.34,true,1,
7296073224891,false,אפונה ירוקה קפואה שופרסל,ARDO,BE,אפונה ירוקה,גרמים,800.00,100 גרם,false,0,13.90,1.74,true,1,
7296073224907,false,אפונה וגזר שופרסל 800גרם,ARDO,BE,אפונה וגזר,גרמים,800.00,100 גרם,false,0,14.80,1.85,true,1,
7296073224921,false,פלסטרים שקופים,,IL,פלסטרים שקופים,יחידה,1.00,יחידה,false,0,7.80,7.80,true,1,
7296073224976,false,חצאי אפרסקים,,GR,חצאי אפרסקים,גרמים,820.00,100 גרם,false,0,7.50,0.91,true,1,
7296073225010,false,ריבועי דגנים+קינמון500גר,פודס,LT,ריבועי דגנים,גרמים,500.00,100 גרם,false,0,12.90,2.58,true,1,
7296073225072,false,לחמניות שופרסל 6יח75*גר,מאפיית שלמה א. אנג'ל,IL,לחמניות 6יחידות,גרמים,450.00,100 גרם,false,0,9.90,2.20,true,1,
7296073225195,false,שמ.זית אורג.כתית גרין750,OLIVENSA,ES,שמן זית אורגני,ליטרים,0.75,ליטר,false,1,46.90,62.53,true,1,
7296073225218,false,משמש מיובש 200גרם שופרסל,SA AKCA OSMAN,IL,משמש מארז 200גרם,גרמים,200.00,100 גרם,false,0,19.70,9.85,true,1,
7296073225249,false,ג.חמניה ללא מלח200ג שופר,ששון,IL,גרעין חמנייה,גרמים,200.00,100 גרם,false,0,7.80,3.90,true,1,
7296073225256,false,ג.חמניה ק.עפולה 200ג שופ,ששון,IL,גרעין חמנייה,גרמים,200.00,100 גרם,false,0,7.80,3.90,true,1,
7296073225270,false,עוגיות בציפוי,,IT,עוגיות בציפוי,גרמים,300.00,100 גרם,false,0,8.90,2.97,true,1,
7296073225287,false,עוגיות חיטה מלאה,,IT,עוגיות חיטה מלאה,גרמים,300.00,100 גרם,false,0,8.90,2.97,true,1,
7296073225454,false,פטל שחור קפוא שופרסל 300,d.o.o Lukowa,YU,פטל שחור קפוא,גרמים,300.00,100 גרם,false,0,16.90,5.63,true,1,
7296073225461,false,פיצה מרגריטה 350גרם,SOCICO CON S.R.L AR,IT,פיצה מרגריטה,גרמים,350.00,100 גרם,false,0,15.90,4.54,true,1,
7296073225478,false,פיצה מרגריטה עם זיתים 35,SOCICO CON S.R.L AR,IT,פיצה עם זיתים,יחידה,1.00,יחידה,false,0,16.80,16.80,true,1,
7296073225492,false,רסק עגבניות 22% 260 גרם,פריניר,IL,רסק עגבניות,גרמים,260.00,100 גרם,false,0,3.60,1.38,true,1,
7296073225515,false,"מכסים לכוסות קפה ח""פ 50",.,CN,מכסים לכוסות קפה,יחידה,1.00,יחידה,false,0,8.90,8.90,true,1,
7296073225522,false,כוסות אספרסו חד פעמי 50,.,CN,"כוסות אספרסו ח""פ",יחידה,1.00,יחידה,false,0,6.90,6.90,true,1,
7296073225553,false,תירס בוואקום,,TH,תירס בוואקום,גרמים,340.00,100 גרם,false,0,5.90,1.74,true,1,
7296073225560,false,"וופל שוקולד ללת""ס200גרם",מנעמים,IL,וופל שוקולד ללתס,גרמים,200.00,100 גרם,false,0,7.80,3.90,true,1,
7296073225577,false,"וופל בלגי שוקו.ללת""ס200ג",גילרו,IL,וופל בלגי שוקולד,גרמים,200.00,100 גרם,false,0,8.80,4.40,true,1,
7296073225591,false,אורז בסמטי,,IN,אורז בסמטי,קילוגרמים,1.00,"ק""ג",false,0,14.80,14.80,true,1,
7296073225607,false,חטיפי קרקר,,IT,חטיפי קרקר,גרמים,150.00,100 גרם,false,0,8.80,5.87,true,1,
7296073225621,false,חטיפי קרקר,,IT,חטיפי קרקר,גרמים,150.00,100 גרם,false,0,8.80,5.87,true,1,
7296073225638,false,חטיפי קרקר,,IT,חטיפי קרקר,גרמים,150.00,100 גרם,false,0,8.80,5.87,true,1,
7296073225744,false,חצילים על האש שופרסל400ג,סלטי שמיר,IL,סלט חצילים,גרמים,400.00,100 גרם,false,0,8.90,2.23,true,1,
7296073225751,false,חציל בטחינה 400 גרם,סלטי שמיר,IL,סלט חציל בטיחנה,גרמים,400.00,100 גרם,false,0,8.90,2.23,true,1,
7296073225768,false,סלט מטבוחה שופרסל 400גרם,סלטי שמיר,IL,סלט מטבוחה,גרמים,400.00,100 גרם,false,0,8.90,2.23,true,1,
7296073225775,false,רצועות סלק שופרסל 400גרם,סלטי שמיר,IL,סלט סלק שופרסל,גרמים,400.00,100 גרם,false,0,8.90,2.23,true,1,
7296073225782,false,פוקט טישיו 6 יח,,IT,פוקט טישיו 6 יח,יחידה,1.00,יחידה,false,0,5.00,5.00,true,1,
7296073226154,false,ביסקוויט שוקולד מריר125,.,DE,ביסקוויט מצופה,גרמים,125.00,100 גרם,false,0,8.80,7.04,true,1,
7296073226161,false,ביסקוויט שוקולד חלב125גר,.,DE,ביסקוויט מצופה,גרמים,125.00,100 גרם,false,0,8.80,7.04,true,1,
7296073226291,false,חיתולים שופרסל,,IL,חיתולים שופרסל,יחידה,1.00,יחידה,false,0,33.60,33.60,true,1,
7296073226307,false,חיתולים שופרסל,,IL,חיתולים שופרסל,יחידה,1.00,יחידה,false,0,33.60,33.60,true,1,
7296073226314,false,חיתולים שופרסל,,IL,חיתולים שופרסל,יחידה,1.00,יחידה,false,0,33.60,33.60,true,1,
7296073226321,false,חיתולים שופרסל,,IL,חיתולים שופרסל,יחידה,1.00,יחידה,false,0,33.60,33.60,true,1,
7296073226338,false,חיתולים שופרסל,,IL,חיתולים שופרסל,יחידה,1.00,יחידה,false,0,33.60,33.60,true,1,
7296073226529,false,וופל קוביות שוקולד 250גר,בלקוני,IT,וופל קוביות,גרמים,250.00,100 גרם,false,0,11.80,4.72,true,1,
7296073226543,false,אורגנו תבלין,,IL,אורגנו תבלין,גרמים,40.00,100 גרם,false,0,9.80,24.50,true,1,
7296073226550,false,דובדבנים חמוצים מגולענים,Kft Gloster,HU,דובדבנים חמוצים,גרמים,720.00,100 גרם,false,0,11.80,1.64,true,1,
7296073226680,false,חט.דגנים שוק.חלב+ביסקויט,back and Snack,IL,חטיף דגנים,גרמים,138.00,100 גרם,false,0,10.90,7.90,true,1,
7296073226703,false,לפתן ליצ'י,,CN,לפתן ליצ'י,גרמים,567.00,100 גרם,false,0,5.00,0.88,true,1,
7296073226987,false,סלט חומוס+מסבחה שופר400ג,סלטי שמיר,IL,חומוס עם מסבחה,גרמים,400.00,100 גרם,false,0,8.90,2.23,true,1,
7296073226994,false,סלט חומוס עם חריף 400גרם,סלטי שמיר,IL,חומוס עם חריף,גרמים,400.00,100 גרם,false,0,8.90,2.23,true,1,
7296073227069,false,מים בטעם ענבים,,IL,מים בטעם ענבים,ליטרים,1.50,ליטר,false,0,5.90,3.93,true,1,
7296073227083,false,מים בטעם תפוח,,IL,מים בטעם תפוח,ליטרים,1.50,ליטר,false,0,5.90,3.93,true,1,
7296073228851,false,מגבונ.ללא בישום 64*5יח,שופרסל,IL,מגבונים,יחידה,1.00,יחידה,false,0,26.50,26.50,true,1,
7296073229391,false,אטריות אורז אדום רחב226,LTD FOOD ETHICAL,IL,אטריות אורז אדום,גרמים,226.00,100 גרם,false,0,9.80,4.34,true,1,
7296073229650,false,סירופ טעם שוקולד,,IL,סירופ טעם שוקולד,גרמים,600.00,100 גרם,false,0,11.80,1.97,true,1,
7296073229667,false,סירופ טעם מייפל,,IL,סירופ טעם מייפל,גרמים,600.00,100 גרם,false,0,11.80,1.97,true,1,
7296073229674,false,פטוצ'יני 500 גרם,.,IT,פטוצ'יני,גרמים,500.00,100 גרם,false,1,4.90,0.98,true,1,
7296073229704,false,ג'ל רחצה פפאיה שופרסל750,"טרופיקל דגיל תעשיות קוסמטיקה בע""מ",IL,ג'ל רחצה,מיליליטרים,750.00,"100 מ""ל",false,0,8.80,1.17,true,1,
7296073229711,false,ג'ל רח.פסיפלורה שופרס750,"טרופיקל דגיל תעשיות קוסמטיקה בע""מ",IL,ג'ל רחצה,מיליליטרים,750.00,"100 מ""ל",false,0,8.80,1.17,true,1,
7296073229728,false,ג'ל רח. אלוורה שופרסל750,"טרופיקל דגיל תעשיות קוסמטיקה בע""מ",IL,ג'ל רחצה,מיליליטרים,750.00,"100 מ""ל",false,0,8.80,1.17,true,1,
7296073229742,false,תחליב רח.מאסק שופרסל750,"טרופיקל דגיל תעשיות קוסמטיקה בע""מ",IL,תחליב רחצה,מיליליטרים,750.00,"100 מ""ל",false,0,8.80,1.17,true,1,
7296073229759,false,תחליב רח.ונילה שופרסל750,"טרופיקל דגיל תעשיות קוסמטיקה בע""מ",IL,תחליב רחצה,מיליליטרים,750.00,"100 מ""ל",false,0,8.80,1.17,true,1,
7296073229872,false,קטשופ שופרסל 750 גרם,סוגל,PT,קטשופ,גרמים,750.00,100 גרם,false,0,9.80,1.31,true,1,
7296073229889,false,"קטשופ שופרסל 1 ק""ג",סוגל,PT,קטשופ,קילוגרמים,1.00,"ק""ג",false,0,10.90,10.90,true,1,
7296073229940,false,"אורז בסמטי בצנצנת 1 ק""ג",.,IN,אורז בסמטי,קילוגרמים,1.00,"ק""ג",false,0,14.90,14.90,true,1,
7296073229957,false,פיצוצי נוגט,,IL,פיצוצי נוגט,גרמים,750.00,100 גרם,false,0,15.80,2.11,true,1,
7296073229964,false,פיצוצי שוקו,,IL,פיצוצי שוקו,גרמים,750.00,100 גרם,false,0,15.80,2.11,true,1,
7296073230021,false,מנקה רצפות כחול 2 ליטר,קליר כימיקלים,IL,מנקה רצפות כחול,ליטרים,2.00,ליטר,false,0,15.10,7.55,true,1,
7296073230038,false,מנקה רצפות ורוד 2 ליטר,קליר כימיקלים,IL,מנקה רצפות,ליטרים,2.00,ליטר,false,0,15.10,7.55,true,1,
7296073230045,false,מנקה רצפות סגול 2 ליטר,קליר כימיקלים,IL,מנקה רצפות,ליטרים,2.00,ליטר,false,0,15.10,7.55,true,1,
7296073230076,false,מנקה רצפות שיש וקרמיקה2ל,קליר כימיקלים,IL,מנקה רצפות,ליטרים,2.00,ליטר,false,0,19.50,9.75,true,1,
7296073230090,false,חומוס 9% שומן שופרסל400ג,סלטי שמיר,IL,חומוס 9% שומן,גרמים,400.00,100 גרם,false,0,8.90,2.23,true,1,
7296073230106,false,"סלט תפו""א שופרסל 400 גרם",סלטי שמיר,IL,"סלט תפו""א",גרמים,400.00,100 גרם,false,0,8.90,2.23,true,1,
7296073230113,false,לפתן פירות בסירופ קל225ג,.,CN,לפתן פירות,גרמים,225.00,100 גרם,false,0,5.20,2.31,true,1,
7296073230120,false,חתיכות אננס בסירופ קל825,PINEAPPL GIANT P.T.GREAT,ID,חתיכות אננס,גרמים,825.00,100 גרם,false,1,7.20,0.87,true,1,
7296073230410,false,"כוסות קפה ח""פ",,IL,"כוסות קפה ח""פ",יחידה,1.00,יחידה,false,0,7.90,7.90,true,1,
7296073230571,false,אורז יסמין אורג.גרין500ג,יותאי פרודוס קומפני,TH,אורז יסמין אורג.גרין500ג,גרמים,500.00,100 גרם,false,1,13.80,2.76,true,1,
7296073230601,false,"אורז ארוך מלא 1 ק""ג",ltd co produce Uthai,TH,אורז ארוך מלא,קילוגרמים,1.00,"ק""ג",false,0,9.10,9.10,true,1,
7296073230618,false,"אורז תאילנדי 1 ק""ג",ltd co produce Uthai,TH,אורז תאילנדי,קילוגרמים,1.00,"ק""ג",false,0,4.90,4.90,true,1,
7296073230632,false,דגני טבעות דבש 500 גרם,UAB FOODS CERERA,LT,טבעות דבש,גרמים,500.00,100 גרם,false,0,12.90,2.58,true,1,
7296073230649,false,קפה שחור שופרסל 120*2גרם,רוני רג'ואן ושות,IL,קפה שחור 2 יח,גרמים,240.00,100 גרם,false,0,10.90,4.54,true,1,
7296073230656,false,מגבות נייר שופרסל 6 גל.,שניב תעשיות נייר,IL,מגבות נייר,מטרים,63.00,מטר,false,0,10.80,0.17,true,1,
7296073230663,false,מגבות נייר שופרסל 8 גל.,שניב תעשיות נייר,IL,מגבות נייר,מטרים,84.00,מטר,false,0,11.90,0.14,true,1,
7296073230700,false,אקונומיקה מבושמת 4 ליטר,קליר כימיקלים,IL,אקונומיקה מבושמת,ליטרים,4.00,ליטר,false,0,10.90,2.73,true,1,
7296073230724,false,אקונומיקה 4 ליטר,קליר כימיקלים,IL,אקונומיקה 4 ליטר,ליטרים,4.00,ליטר,false,0,9.80,2.45,true,1,
7296073230731,false,נוזל כלים 24% תפוח 750מל,קליר כימיקלים,IL,נוזל לכלים תפוח,מיליליטרים,750.00,"100 מ""ל",false,0,7.90,1.05,true,1,
7296073230755,false,מיץ ענבים תירוש 1 ליטר,יקבי ירושלים,IL,מיץ ענבים תירוש,ליטרים,1.00,ליטר,false,0,13.90,13.90,true,1,
7296073230816,false,נוזל לכלים 24% לימון750מ,קליר כימיקלים,IL,נוזל לכלים לימון,מיליליטרים,750.00,"100 מ""ל",false,0,7.90,1.05,true,1,
7296073230823,false,"מסיר לק שופרסל 150 מ""ל",ש.שוורץ,IL,מסיר לק,מיליליטרים,150.00,"100 מ""ל",false,0,10.80,7.20,true,1,
7296073230854,false,קינואה שופרסל 500 גרם,granos dr procesadora,PE,קינואה,גרמים,500.00,100 גרם,false,0,13.90,2.78,true,1,
7296073230885,false,גלילי וופל קרם אגוזים100,מנעמים,IL,גלילי וופל,גרמים,100.00,100 גרם,false,1,5.90,5.90,true,1,
7296073230939,false,מים מינרלים שופרסל1.5*6ל,LTD TRADE NOVA,BG,מים מינרלים 6 יח,ליטרים,9.00,ליטר,false,0,9.90,1.10,true,1,
7296073231240,false,חט.פריכיות שוקו חלב18*5ג,בנליין פודס,YU,חטיף פריכיות,גרמים,90.00,100 גרם,false,1,8.90,9.89,true,1,
7296073231264,false,חט.פריכיות שוקו תות18*5,בנליין פודס,YU,חטיף פריכיות,גרמים,90.00,100 גרם,false,1,8.90,9.89,true,1,
7296073231271,false,מרכ.כביסה ורוד שופרסל 4ל,גליל כימיקלים,IL,מרכך כביסה,ליטרים,4.00,ליטר,false,1,15.90,3.98,true,1,
7296073231295,false,מרכ.כביסה כחול שופרסל 4ל,גליל כימיקלים,IL,מרכך כביסה,ליטרים,4.00,ליטר,false,1,15.90,3.98,true,1,
7296073231547,false,חלב 1% בקרטון שופרסל 1ל,מחלבות רמת הגולן,IL,חלב 1% קרטון 1ל',ליטרים,1.00,ליטר,false,1,5.20,5.20,true,1,
7296073231554,false,חלב 3% בקרטון שופרסל 1ל,מחלבות רמת הגולן,IL,חלב 3% קרטון 1ל',ליטרים,1.00,ליטר,false,1,5.40,5.40,true,1,
7296073231561,false,שמנת עמידה לקצפת38% 250ג,מחלבות רמת הגולן,IL,שמנת עמידה 38%,מיליליטרים,250.00,"100 מ""ל",false,1,5.80,2.32,true,1,
7296073231578,false,שוקו בקרטון שופרסל 1 ל',מחלבות רמת הגולן,IL,שוקו קרטון 1ליטר,ליטרים,1.00,ליטר,false,1,9.90,9.90,true,1,
7296073231691,false,חט.פריכיות שוקו תפוז18*5,בנליין פודס,YU,חטיף פריכיות,גרמים,90.00,100 גרם,false,1,8.90,9.89,true,1,
7296073232124,false,גב.פרמז'ן קשה27%שופר200ג,.,IT,משולש פרמז'ן,גרמים,200.00,100 גרם,false,1,21.90,10.95,true,1,
7296073232377,false,חלב1% נטול לקטוז גרין1ל,מחלבת רמת-הגולן,IL,חלב נטול לקטוז,ליטרים,1.00,ליטר,false,1,8.90,8.90,true,1,
7296073232384,false,שוקו נטול לקטוז1%גרין1ל,מחלבת רמת-הגולן,IL,שוקו נטול לקטוז,ליטרים,1.00,ליטר,false,1,8.90,8.90,true,1,
7296073232391,false,"סוכר לבן שופרסל 1 ק""ג","אגרנה צוקר בע""מ",AT,סוכר לבן,קילוגרמים,1.00,"ק""ג",false,1,4.50,4.50,true,1,
7296073232438,false,משקה חלב מועשר 1% 1ליטר,מחלבות רמת הגולן,IL,משקה חלב מועשר1%,ליטרים,1.00,ליטר,false,1,7.90,7.90,true,1,
7296073232445,false,משקה חלב מועשר 3% 1 ליטר,מחלבות רמת הגולן,IL,משקה חלב מועשר3%,ליטרים,1.00,ליטר,false,1,7.90,7.90,true,1,
7296073232629,false,מרגרינה ללא מלח 200 גרם,בסלר גידה וה קימייה סאן,TR,מרגרינה ללא מלח,גרמים,200.00,100 גרם,false,1,4.00,2.00,true,1,
7296073232636,false,מרגרינה בטעם חמאה 200 גר,בסלר גידה וה קימייה סאן,TR,מרגרינה ט.חמאה,גרמים,200.00,100 גרם,false,1,4.00,2.00,true,1,
7296073232643,false,חטיפי וופל קרם אגוזים150,חברת איבר קקאו,ES,חטיפי וופל,גרמים,150.00,100 גרם,false,1,5.00,3.33,true,1,
7296073234111,false,עוגיות מרוקאיות מקלות600,גידרון,IL,עוגיות מרוקאיות,גרמים,600.00,100 גרם,false,1,17.70,2.95,true,1,
7296073234128,false,עוגיות מיני פרפריות 600,גידרון,IL,עוגיות פרפריות,גרמים,600.00,100 גרם,false,1,17.70,2.95,true,1,
7296073234692,false,חטיף חיטה בטעם גריל 70ג,מנה,IL,חטיף חיטה גריל,גרמים,70.00,100 גרם,false,1,3.70,5.29,true,1,
7296073234708,false,חטיף בטעם גריל 200 גרם,מנה,IL,חטיף בטעם גריל 200 גרם,גרמים,200.00,100 גרם,false,1,6.30,3.15,true,1,
7296073234715,false,חטיף חיטה בטעם בצל 70גרם,מנה,IL,חטיף חיטה בצל,גרמים,70.00,100 גרם,false,1,3.70,5.29,true,1,
7296073234722,false,חטיף בטעם בצל 200 גרם,מנה,IL,חטיף בטעם בצל 200 גרם,גרמים,200.00,100 גרם,false,1,6.30,3.15,true,1,
7296073234739,false,חטיף חיטה טעם ברביקיו70ג,מנה,IL,חטיף חיטה ברבקיו,גרמים,70.00,100 גרם,false,1,3.70,5.29,true,1,
7296073234746,false,חטיף בטעם ברביקיו 200גרם,מנה,IL,חטיף בטעם ברביקיו 200גרם,גרמים,200.00,100 גרם,false,1,6.30,3.15,true,1,
7296073234753,false,חטיף תירס קלאסי 50 גרם,מנה,IL,חטיף תירס קלאסי 50 גרם,גרמים,50.00,100 גרם,false,1,4.70,9.40,true,1,
7296073234777,false,חטיף תפוחי אדמה 40 גרם,מנה,IL,חטיף תפוחי אדמה,גרמים,40.00,100 גרם,false,1,4.00,10.00,true,1,
7296073235613,false,ממרח תמרים 450 גרם,חצר כנרת מוצרי תמר,IL,ממרח תמרים,גרמים,450.00,100 גרם,false,1,5.90,1.31,true,1,
7296073235767,false,ג'ל ניקוי אסלות 750מל,קליר כימיקלים,IL,ג'ל לאסלות,מיליליטרים,750.00,"100 מ""ל",false,1,9.80,1.31,true,1,
7296073235774,false,נוזל לניקוי אסלות 1ליטר,קליר כימיקלים,IL,נוזל לאסלות,ליטרים,1.00,ליטר,false,1,5.00,5.00,true,1,
7296073236122,false,"צלחת ח""פ9"" עבה במיוחד66",.,CN,צלחת חד פעמית,יחידה,1.00,יחידה,false,1,22.90,22.90,true,1,
7296073236221,false,גרעיני תירס ואקום 340ג,"צ'אנג 1959 בע""מ",TH,גרעיני תירס,גרמים,340.00,100 גרם,false,1,5.90,1.74,true,1,
7296073236238,false,"סכין שקוף עבה ח""פ 100 יח",.,TR,סכין שקוף עבה,יחידה,1.00,יחידה,false,1,12.90,12.90,true,1,
7296073236245,false,"מזלג שקוף עבה ח""פ 100 יח",.,TR,מזלג שקוף עבה,יחידה,1.00,יחידה,false,1,12.90,12.90,true,1,
7296073236252,false,"כפית שקוף עבה ח""פ 100 יח",.,TR,כפית שקוף עבה,יחידה,1.00,יחידה,false,1,12.90,12.90,true,1,
7296073236269,false,"כף שקוף עבה ח""פ 100 יח",.,TR,כף שקוף עבה,יחידה,1.00,יחידה,false,1,12.90,12.90,true,1,
7296073236290,false,חט.קראנצ+'שוקולד מריר5יח,ויטליה ניקול,MK,חטיפי קראנצ' 5יח,גרמים,210.00,100 גרם,false,1,13.80,6.57,true,1,
7296073236306,false,אקונומיקה סופר מבושמת4ל,קליר כימיקלים,IL,אקונומיקה מבושמת,ליטרים,4.00,ליטר,false,1,9.90,2.48,true,1,
7296073236313,false,ג'ל אקונומיקה שופרסל 4ל,קליר כימיקלים,IL,ג'ל אקונומיקה,ליטרים,4.00,ליטר,false,1,12.80,3.20,true,1,
7296073236368,false,גבינה צהובה 28% 200 גרם,ויליפוד,IL,גבינה צהובה 28%,גרמים,200.00,100 גרם,false,1,11.80,5.90,true,1,
7296073236603,false,"שמנת לבישול 15% 250 מ""ל",מחלבת רמת-הגולן,IL,שמנת לבישול 15%,מיליליטרים,250.00,"100 מ""ל",false,1,6.70,2.68,true,1,
7296073236641,false,לקט למרק שופרסל 800גרם,שופרסל,,לקט למרק,גרמים,800.00,100 גרם,false,12,17.90,2.24,true,1,
7296073236764,false,סירופ בטעם פטל 1 ליטר,"פרי נטו משקאות בע""מ",IL,סירופ פטל,ליטרים,1.00,ליטר,false,1,11.80,11.80,true,1,
7296073236771,false,סירופ בטעם תפוחים 1 ליטר,"פרי נטו משקאות בע""מ",IL,סירופ תפוחים,ליטרים,1.00,ליטר,false,1,11.80,11.80,true,1,
7296073236818,false,גרנולה פירות יבשים 90גרם,ויטליה,MK,גרנולה פירות יבש,גרמים,90.00,100 גרם,false,1,6.80,7.56,true,1,
7296073236825,false,גרנולה אגוזים+צימוקים90ג,ויטליה,MK,גרנולה אגוזים,גרמים,90.00,100 גרם,false,1,6.80,7.56,true,1,
7296073236887,false,סלט גזר מרוקאי 400 גרם,סלטי שמיר,IL,סלט גזר מרוקאי,גרמים,400.00,100 גרם,false,1,8.90,2.23,true,1,
7296073236894,false,סלט קולסלאו 400 גרם,סלטי שמיר,IL,סלט קולסלאו,גרמים,400.00,100 גרם,false,1,8.90,2.23,true,1,
7296073236900,false,סלט חומוס עם טחינה 400גר,סלטי שמיר,IL,סלט חומס+טחינה,גרמים,400.00,100 גרם,false,1,8.90,2.23,true,1,
7296073236931,false,קליונז מופחת קלוריות500ג,מיטב,IL,קליונז,גרמים,500.00,100 גרם,false,1,9.80,1.96,true,1,
7296073237112,false,חט.שוקס כדורי דגנ.שוקו70,שקדיה,IL,חטיף שוקס,גרמים,70.00,100 גרם,false,1,4.90,7.00,true,1,
7296073237129,false,חטיף שוקס וופל חלב70גרם,שקדיה,IL,חטיף שוקס,גרמים,70.00,100 גרם,false,1,4.90,7.00,true,1,
7296073237136,false,חט.שוקס ביסקויט שוק.חלב,שקדיה,IL,חטיף שוקולד שוקס,גרמים,70.00,100 גרם,false,1,4.90,7.00,true,1,
7296073237143,false,חט.שוקס ביסקוויט מיקס70ג,שקדיה,IL,חטיף שוקס,גרמים,70.00,100 גרם,false,1,4.90,7.00,true,1,
7296073237167,false,חט.שוקס קורנפלקס חלב70ג,שקדיה,IL,חטיף שוקס,גרמים,70.00,100 גרם,false,1,4.90,7.00,true,1,
7296073237631,false,שוק.מריר 81% 100 גרם,פריי )שוקולד(,CH,שוקולד מריר 81%,גרמים,100.00,100 גרם,false,1,10.00,10.00,true,1,
7296073237655,false,שוק.מריר 72% קקאו 100 גר,פריי )שוקולד(,CH,שוקולד מריר 72%,גרמים,100.00,100 גרם,false,1,10.00,10.00,true,1,
7296073237662,false,שוק72%. מריר תפוז 100גרם,פריי )שוקולד(,CH,שוקולד מריר תפוז,גרמים,100.00,100 גרם,false,1,10.00,10.00,true,1,
7296073237686,false,שוקולד חלב+אגוזי לוז100ג,פריי )שוקולד(,CH,שוקולד אגוזי לוז,גרמים,100.00,100 גרם,false,1,10.00,10.00,true,1,
7296073237747,false,חמאה הולנדית 200 גרם,SPRL MATHOT,BE,חמאה הולדית,גרמים,200.00,100 גרם,false,1,6.80,3.40,true,1,
7296073237754,false,חמאה הולנדית 100 גרם,SPRL MATHOT,BE,חמאה הולנדית,גרמים,100.00,100 גרם,false,1,3.40,3.40,true,1,
7296073237853,false,קפסולות קפה שופרסל סגול,רוני רג'ואן ושות,IL,קפסולות קפה,גרמים,50.00,100 גרם,false,1,15.90,31.80,true,1,
7296073237860,false,קפסולות קפה שופרסל חום,רוני רג'ואן ושות,IL,קפסולות קפה,גרמים,50.00,100 גרם,false,1,15.90,31.80,true,1,
7296073237877,false,קפסולות קפה שופרסל זהב,רוני רג'ואן ושות,IL,קפסולות קפה,גרמים,50.00,100 גרם,false,1,15.90,31.80,true,1,
7296073237884,false,קפסולות קפה שופרסל שחור,רוני רג'ואן ושות,IL,קפסולות קפה,גרמים,50.00,100 גרם,false,1,15.90,31.80,true,1,
7296073237891,false,קפסולות קפה שופרסל אדום,רוני רג'ואן ושות,IL,קפסולות קפה,גרמים,50.00,100 גרם,false,1,15.90,31.80,true,1,
7296073238096,false,עוג.מדליון קפוצ'ינו100גר,מידור,CH,עוגיות קפוצ'ינו,גרמים,100.00,100 גרם,false,1,12.90,12.90,true,1,
7296073238133,false,עוגיות מרנג קרם קקאו100ג,מידור,CH,עוגיות מרנג,גרמים,100.00,100 גרם,false,1,12.90,12.90,true,1,
7296073239239,false,"כוסות קפה ח""פ שופרסל 50",.,IL,"כוסות קפה ח""פ",יחידה,1.00,יחידה,false,1,6.90,6.90,true,1,
7296073239376,false,פרלינים בלגים שופרסל250ג,דוקדו,BE,פרלינים בלגים,גרמים,250.00,100 גרם,false,1,24.90,9.96,true,1,
7296073239949,false,שוק.חלב קרמל+מלח ים 100ג,פריי )שוקולד(,CH,שוקולד חלב קרמל,גרמים,100.00,100 גרם,false,1,10.00,10.00,true,1,
7296073239956,false,כוסות אספרסו חד פעמי 50,.,CN,"כוסות אספרסו ח""פ",יחידה,1.00,יחידה,false,1,6.90,6.90,true,1,
7296073240211,false,נייר טואלט דו שכבתי 32 ג,שניב תעשיות נייר,IL,נייר טואלט,מטרים,573.00,מטר,false,1,26.90,0.05,true,1,
7296073240853,false,"וופלים שופרסל 1 ק""ג",מנעמים,IL,וופלים,קילוגרמים,1.00,"ק""ג",false,1,15.80,15.80,true,1,
7296073241522,false,ממחטות אף 100*5 יח,שניב תעשיות נייר,IL,ממחטות אף 5 יח,יחידה,1.00,יחידה,false,1,9.90,9.90,true,1,
7296073241553,false,"שוקו בשקית 225*6 מ""ל",מחלבות רמת הגולן,IL,שוקו בשקית 6 יח,ליטרים,1.35,ליטר,false,1,12.90,9.56,true,1,
7296073241935,false,נייר טואלט סופר דיל 48גל,שניב,IL,נ.טואלט סופר דיל,מטרים,860.00,מטר,false,1,41.90,0.05,true,1,
7296073242062,false,64מגבונים מבושמים שופרסל,דינמיק,IL,מגבונים מבושמים,יחידה,1.00,יחידה,false,1,7.80,7.80,true,1,
7296073243403,false,ביצים L שופרסל 12 יחידות,.,IL,ביצים 12יחידות L,יחידה,1.00,יחידה,false,1,11.45,11.45,true,1,
7501013132052,false,נקטר אפרסק,,MX,נקטר אפרסק,ליטרים,1.00,ליטר,false,0,10.00,10.00,true,1,
7501013132106,false,מיץ אננס טבעי,,IL,מיץ אננס טבעי,מיליליטרים,1000.00,"100 מ""ל",false,0,10.00,1.00,true,1,
7501064191466,false,בירה קורונה 6 יח,,,בירה קורונה 6 יח,ליטרים,2.13,ליטר,false,0,49.90,23.43,true,1,
7610400068505,false,בונבונ.לינדור מילק 200גר,לינדט ושפרונגלי קילשברג,CH,בונבונירה לינדור,גרמים,200.00,100 גרם,false,0,22.90,11.45,true,1,
7613032045753,false,דגנ.בוקר פיטנס שוקולד375,נסטלה,FR,פיטנס שוקולד,גרמים,375.00,100 גרם,false,0,23.90,6.37,true,1,
7613032416157,false,דגני פיטנס שקדים ודבש355,נסטלה,FR,דגני פיטנס שקדים,גרמים,355.00,100 גרם,false,0,23.90,6.73,true,1,
7613033539107,false,מחית תפוח בננה שלב2 130ג,נסטלה,PL,מחית שלב 2 מטרנה,גרמים,130.00,100 גרם,false,0,5.90,4.54,true,1,
7613033539121,false,מחית סלט פירות שלב2 130ג,נסטלה,PL,מחית שלב 2 מטרנה,גרמים,130.00,100 גרם,false,0,5.90,4.54,true,1,
7613033539800,false,מחית פירות טרופ.שלב3 190,נסטלה,PL,מחית שלב 3 מטרנה,גרמים,190.00,100 גרם,false,0,6.40,3.37,true,1,
7613033548192,false,פיטנס שוקולד מריר 375גרם,נסטלה,FR,פיטנס שוקולד,גרמים,375.00,100 גרם,false,0,23.90,6.37,true,1,
7613033592867,false,"דוגלי בשר וכבד 3 ק""ג",נסטלה פורינה,HU,דוגלי בשר וכבד,קילוגרמים,3.00,"ק""ג",false,0,48.20,16.07,true,1,
7613033692383,false,"מחית תפו""ע+דגנ.שלב2 130ג",נסטלה,PL,מחית שלב 2 מטרנה,גרמים,130.00,100 גרם,false,0,5.90,4.54,true,1,
7613033975554,false,ביסקוויט מטרנה ט.טבעי180,נסטלה,IL,ביסקוויט מטרנה,גרמים,180.00,100 גרם,false,0,16.20,9.00,true,1,
7613034792785,false,מולטי צ'יריוס 565 גרם,סי.פי אנגליה,GB,מולטי צ'יריוס,גרמים,565.00,100 גרם,false,0,18.90,3.35,true,1,
7616500553460,false,שוקולד מריר,,CH,שוקולד מריר,גרמים,100.00,100 גרם,false,0,11.40,11.40,true,1,
7617014149293,false,קפסולות קפה,,,קפסולות קפה,גרמים,96.00,100 גרם,false,0,25.00,26.04,true,1,
7617014149316,false,קפסולות קפה,,,קפסולות קפה,גרמים,96.00,100 גרם,false,0,25.00,26.04,true,1,
7617014149330,false,קפסולות קפה,,,קפסולות קפה,גרמים,96.00,100 גרם,false,0,25.00,26.04,true,1,
7617014149408,false,קפסולות קפה,,,קפסולות קפה,גרמים,96.00,100 גרם,false,0,25.00,26.04,true,1,
7617014153634,false,קפסולות קפה,,CH,קפסולות קפה,גרמים,96.00,100 גרם,false,0,25.00,26.04,true,1,
7617014154105,false,קפסולות קפה וניל,,CH,קפסולות קפה וניל,גרמים,96.00,100 גרם,false,0,25.00,26.04,true,1,
7622201050757,false,שוקולד מילקה קרמל 100גרם,מונדלייז,DE,שוקולד מילקה,גרמים,100.00,100 גרם,false,0,5.90,5.90,true,1,
7622300001568,false,קפה ג'קובס קרוננג 200 גר,מונדלייז,DE,קפה נמס ג'קובס,גרמים,200.00,100 גרם,false,0,29.90,14.95,true,1,
7622300005870,false,קפה ג'קובס נט.קפאין200גר,מונדלייז,DE,קפה ג'יקובס נטול,גרמים,200.00,100 גרם,false,0,50.90,25.45,true,1,
7622300270506,false,עוגיות ש.שועל שוקולד168ג,מונדלייז,PL,עוגיות מילקה,גרמים,168.00,100 גרם,false,0,10.00,5.95,true,1,
7622300503079,false,ביסקוויט מצופה שוקו200גר,מונדלייז,PL,ביסקוויט מצופה,גרמים,200.00,100 גרם,false,0,10.00,5.00,true,1,
7622300617820,false,שוקולד מילקה אוראו 100 ג,מונדלייז,DE,שוקולד מילקה,גרמים,100.00,100 גרם,false,0,5.90,5.90,true,1,
7622400006753,false,שוק.קוטדור 70% קקאו100גר,מונדלייז,BE,שוקולד קוטדור,גרמים,100.00,100 גרם,false,0,17.10,17.10,true,1,
7702018069316,false,סכין גילוח סימפלי ונוס 2,פרוקטר & גמבל,PL,סכין גילוח ונוס2,יחידה,1.00,יחידה,false,0,17.40,17.40,true,1,
7702018310449,false,מכשיר כסף פיוז'ן ידני,פרוקטר & גמבל,IL,מכשיר כסף פיוז'ן ידני,יחידה,1.00,יחידה,false,0,59.70,59.70,true,1,
7702018851263,false,מכשיר גילוח פיוז'ן ידני,פרוקטר & גמבל,PL,מכשיר גילוח,יחידה,1.00,יחידה,false,0,53.40,53.40,true,1,
7702018978106,false,"דאו.קליר ג'ל A.L 70 מ""ל",פרוקטר & גמבל,CZ,דאו.קליר ג'ל,מיליליטרים,70.00,"100 מ""ל",false,0,24.90,35.57,true,1,
7702018997022,false,12סכינ.גילוח פיוז'ן ידני,פרוקטר & גמבל,DE,סכיני גילוח,יחידה,1.00,יחידה,false,0,169.90,169.90,true,1,
7702174068826,false,ללקן יוגטה טעם פירות216ג,אלדור,CO,לקקן יוגטה פירות,גרמים,216.00,100 גרם,false,0,7.90,3.66,true,1,
7702174068833,false,יוגטה אייס קרים בשקית216,אלדור,CO,לקקן יוגטה,גרמים,216.00,100 גרם,false,0,7.90,3.66,true,1,
7702174070201,false,לקקן יוגטה מגיק 216גרם,אלדור,CO,לקקן יוגטה מג'יק,גרמים,216.00,100 גרם,false,0,7.90,3.66,true,1,
7804414000860,false,"דון חוליו קברנה 750 מ""ל",צ'ילה לואיס פיליפה אדוארדס,CL,דון חוליו קברנה,מיליליטרים,750.00,"100 מ""ל",false,0,34.90,4.65,true,1,
7804414000877,false,"דון חוליו מרלו 750 מ""ל",צ'ילה לואיס פיליפה אדוארדס,CL,דון חוליו מרלו,מיליליטרים,750.00,"100 מ""ל",false,0,34.90,4.65,true,1,
7804414001614,false,"דון חוליו שיראז 750 מ""ל",צ'ילה לואיס פיליפה אדוארדס,CL,יין שיראז,מיליליטרים,750.00,"100 מ""ל",false,0,34.90,4.65,true,1,
7891024030974,false,משחת קולגייט טריפל אקש75,קולגייט-פלמוליב,PL,משחת שיניים,מיליליטרים,75.00,"100 מ""ל",false,1,7.90,10.53,true,1,
7891024124826,false,קולגייט אופטיק וייט 75מל,קולגייט-פלמוליב,IL,משחת קולגייט,מיליליטרים,75.00,"100 מ""ל",false,0,19.90,26.53,true,1,
8000070032835,false,קפה לוואצה מאטינו 250גרם,לווצה,IT,קפה לוואצה,גרמים,250.00,100 גרם,false,0,33.00,13.20,true,1,
8000380001958,false,ממרח אגוזים לואקר 320גרם,לואקר,IT,ממרח אגוזים,גרמים,320.00,100 גרם,false,0,20.80,6.50,true,1,
8000380004676,false,ופלים לואקר וניל 200 גרם,לואקר,IT,ופלים לואקר,גרמים,200.00,100 גרם,false,0,13.60,6.80,true,1,
8000380004966,false,ופלים קואדרטיני קקאו250ג,לואקר,IT,ופל קואדרטיני,גרמים,250.00,100 גרם,false,0,11.90,4.76,true,1,
8000380005598,false,וופל טורטינה מריר 125גרם,לואקר,IT,וופל טורטינה,גרמים,125.00,100 גרם,false,0,13.90,11.12,true,1,
8000380007219,false,ופלים לואקר ט.אגוזים175ג,לואקר,IT,ופלים לואקר,גרמים,175.00,100 גרם,false,0,12.70,7.26,true,1,
8000380007257,false,ופלים גרדנה 200 גרם,לואקר,IT,ופלים גרדנה,גרמים,200.00,100 גרם,false,0,11.90,5.95,true,1,
8000380148325,false,וופל לואקר שוק.אגוז26X4ג,לואקר,IT,חטיפי לואקר 4 יח,גרמים,104.00,100 גרם,false,0,13.80,13.27,true,1,
8000380153534,false,טורטינה שוקולד לבן 125גר,לואקר,IT,טורטינה לבן,גרמים,125.00,100 גרם,false,0,13.90,11.12,true,1,
8000380156825,false,שוקולד לואקר חלב 87 גרם,לואקר,IT,שוקולד לואקר,גרמים,87.00,100 גרם,false,0,9.80,11.26,true,1,
8000380156832,false,שוקולד לואקר קרם קקאו87ג,לואקר,IT,שוקולד לואקר,גרמים,87.00,100 גרם,false,0,9.80,11.26,true,1,
8000380156849,false,שוקולד לואקר מריר 87 גרם,לואקר,IT,שוקולד לואקר,גרמים,87.00,100 גרם,false,0,9.80,11.26,true,1,
8000380156856,false,שוקולד לואקר לבן 87 גרם,לואקר,IT,שוקולד לואקר,גרמים,87.00,100 גרם,false,0,9.80,11.26,true,1,
8000500023624,false,חטיף קינדר הפי היפו 5יח',פררו - אלבה,IT,קינדר הפי היפו,גרמים,102.00,100 גרם,false,0,12.90,12.65,true,1,
8000500029350,false,קינדר בואנו 43*3 גרם,פררו - אלבה,IT,קינדר בואנו,גרמים,129.00,100 גרם,false,0,12.90,10.00,true,1,
8000500037874,false,בונ.פררו רושה 200 גרם,פררו - אלבה,IT,בונבונירה רושר,גרמים,200.00,100 גרם,false,0,26.40,13.20,true,1,
8000500071083,false,שוקולד קינדר 200 גרם,פררו - אלבה,IT,שוקולד חלב קינדר,גרמים,200.00,100 גרם,false,0,13.80,6.90,true,1,
8000500121436,false,קינדר בואנו לבן 39*3 גרם,פררו - אלבה,PL,קינדר בואנו לבן,גרמים,117.00,100 גרם,false,0,12.90,11.03,true,1,
8000500126325,false,ביצי קינדר ג'וי ורוד20*3,פררו - אלבה,PL,קינדר ג'וי ורוד,גרמים,60.00,100 גרם,false,0,13.80,23.00,true,1,
8000500148433,false,טיק טק דובד+פסיפלור16*4ג,פררו - אלבה,EC,4 סוכריות טיק טק,גרמים,64.00,100 גרם,false,0,12.00,18.75,true,1,
8000500193389,false,"נוטלה ממרח שוקולד 1 ק""ג",פררו אס.פי.אי,IT,ממרח נוטלה,קילוגרמים,1.00,"ק""ג",false,1,32.90,32.90,true,1,
8000700000050,false,סבון דאב מוצק לבן100X4גר,יוניליוור,DE,סבון דאב רביעייה,גרמים,400.00,100 גרם,false,0,17.80,4.45,true,1,
8002450201008,false,"רספברי ספרקלטיני 750 מ""ל",בוסקה,IT,רספברי ספרקלטיני,מיליליטרים,750.00,"100 מ""ל",false,0,24.90,3.32,true,1,
8002450204009,false,"ורדי אפרסק 750 מ""ל",בוסקה,IT,ורדי אפרסק,מיליליטרים,750.00,"100 מ""ל",false,0,24.90,3.32,true,1,
8002450206508,false,קזה די לואיג'י קברנה750מ,צ'ילה לואיס פיליפה אדוארדס,CL,קברנה סוביניון,מיליליטרים,750.00,"100 מ""ל",false,0,24.90,3.32,true,1,
8003440982594,false,מסטיק סטיקס מנטה עדינה4י,פרפטי ואן מלה,TR,מנטוס סטיקס,גרמים,76.00,100 גרם,false,1,11.40,15.00,true,1,
8003440982600,false,מנטוס סטיקס מנטה19*4גרם,פרפטי ואן מלה,TR,מנטוס סטיקס,גרמים,76.00,100 גרם,false,1,11.40,15.00,true,1,
8003440982617,false,מסטיק סטיקס מלון+לימונ4י,פרפטי ואן מלה,TR,מנטוס סטיקס,גרמים,76.00,100 גרם,false,1,11.40,15.00,true,1,
8003440982624,false,מסטיק סטיקס פטל תפוז19*4,פרפטי ואן מלה,TR,מנטוס סטיקס,גרמים,76.00,100 גרם,false,1,11.40,15.00,true,1,
8003753900438,false,קפה אילי לאספרסו 250 גרם,,IT,קפה אילי לאספרסו 250 גרם,גרמים,250.00,100 גרם,false,0,52.50,21.00,true,1,
8004030026018,false,סלט מקסיקני עם טונה 160ג,בולטון,IT,סלט עם טונה,גרמים,160.00,100 גרם,false,1,14.90,9.31,true,1,
8004030344938,false,טונה בשמן זית 80*3גרם,בולטון,IT,טונה ריו מרה 3יח,גרמים,240.00,100 גרם,false,0,28.70,11.96,true,1,
8005110170300,false,עגבניות חתוכות דק 400*3ג,,,עגבניות חתוכות דק 400*3ג,קילוגרמים,1.20,"ק""ג",false,0,18.90,15.75,true,1,
8005200036561,false,נסטי מוגז בטעם אפרסק1.5ל,סן-פלגרינו,IT,נסטי מוגז אפרסק,ליטרים,1.50,ליטר,false,1,7.90,5.27,true,1,
8005200486526,false,"נסטי בטעם אפרסק 500 מ""ל",סן-פלגרינו,IT,נסטי בטעם אפרסק,מיליליטרים,500.00,"100 מ""ל",false,0,7.70,1.54,true,1,
8005200496525,false,נסטי בטעם אפרסק 1.5 ליטר,סן-פלגרינו,IT,נסטי בטעם אפרסק,ליטרים,1.50,ליטר,false,0,8.30,5.53,true,1,
8005200536528,false,נסטי מנגו אננס 1.5 ליטר,סן-פלגרינו,IT,נסטי מנגו אננס,ליטרים,1.50,ליטר,false,0,8.30,5.53,true,1,
8005200556526,false,נסטי בטעם לימון 1.5 ליטר,סן-פלגרינו,IT,נסטי בטעם לימון,ליטרים,1.50,ליטר,false,0,8.30,5.53,true,1,
8005200786527,false,נסטי בטעם תפוח 1.5 ליטר,סן-פלגרינו,IT,נסטי בטעם תפוח,ליטרים,1.50,ליטר,false,0,8.30,5.53,true,1,
8005200826537,false,נסטי מוגז בטעם לימון1.5ל,סן-פלגרינו,IT,נסטי מוגז לימון,ליטרים,1.50,ליטר,false,1,7.90,5.27,true,1,
8010445003308,false,שמן זית כתית מעולה 750 מ,CLEMENTE OLEARIA,IT,שמן זית,גרמים,750.00,100 גרם,false,0,38.60,5.15,true,1,
8014515330059,false,עגבניות שלמות מקולפות400,שופרסל-ייבוא,IT,עגבניות שלמות,גרמים,400.00,100 גרם,false,0,6.70,1.68,true,1,
8014515330196,false,עגבניות מרוסקות 400 גרם,שופרסל-ייבוא,IT,עגבניות מרוסקות,גרמים,400.00,100 גרם,false,1,6.70,1.68,true,1,
8014515330738,false,קוביות עגבניות פומו400גר,שופרסל-ייבוא,,קוביות עגבניות,גרמים,400.00,100 גרם,false,0,6.70,1.68,true,1,
8032880800243,false,פיקניק הפתעה 50 גרם,הוסטה,IT,פיקניק הפתעה,גרמים,50.00,100 גרם,false,0,8.30,16.60,true,1,
8076800195019,false,ספגטי מס' 1 קפליני500גרם,ברילה,IT,ספגטי ברילה,גרמים,500.00,100 גרם,false,0,8.50,1.70,true,1,
8076800195057,false,ספגטיני מס' 5 ברילה500גר,ברילה,IT,ספגטי מס 5 ברילה,גרמים,500.00,100 גרם,false,0,8.50,1.70,true,1,
8076800315479,false,פסטה דיטלוני ריגוטוני500,ברילה,IL,פסטה מיסטה,גרמים,500.00,100 גרם,false,0,8.50,1.70,true,1,
8076802085738,false,פנה ריגטה מס73' 500 גרם,ברילה,IL,פנה ריגטה ברילה,גרמים,500.00,100 גרם,false,0,8.50,1.70,true,1,
8076802085936,false,קונצ'יליה ריגטי 500 גרם,ברילה,IT,קונצ'יליה,גרמים,500.00,100 גרם,false,0,8.50,1.70,true,1,
8076802085981,false,פסטה פוזילי מס98' 500גרם,ברילה,IT,פוזילי ברילה,גרמים,500.00,100 גרם,false,0,8.50,1.70,true,1,
8076808060654,false,פסטה פרפלה מס65' 500 גרם,ברילה,IL,פסטה פרפלה ברילה,גרמים,500.00,100 גרם,false,0,8.50,1.70,true,1,
8076808070882,false,קנלוני ברילה 250 גרם,ברילה,IT,קנלוני ברילה 250 גרם,גרמים,250.00,100 גרם,false,0,15.80,6.32,true,1,
8076808150072,false,ספגטי מס' 7 500 גרם,ברילה,IT,ספגטי ברילה,גרמים,500.00,100 גרם,false,0,8.50,1.70,true,1,
8076809512268,false,פסטה גירנדולה מס34' 500ג,ברילה,IT,פסטה גירנדולה,גרמים,500.00,100 גרם,false,0,8.50,1.70,true,1,
8076809513388,false,רוטב לפסטה ארביאטה400גרם,ברילה,IT,רוטב לפסטה,גרמים,400.00,100 גרם,false,0,15.90,3.98,true,1,
8076809513395,false,רוטב פומודורו ברילה 400ג,ברילה,IT,רוטב פומודורו ברילה 400ג,גרמים,400.00,100 גרם,false,0,15.90,3.98,true,1,
8076809513654,false,בסיס לרוטב בולונז 400 גר,ברילה,IT,בסיס לרוטב,גרמים,400.00,100 גרם,false,0,15.90,3.98,true,1,
8076809513692,false,רוטב לפסטה נפוליטנה400גר,ברילה,IT,רוטב לפסטה,גרמים,400.00,100 גרם,false,0,15.90,3.98,true,1,
8076809523561,false,רוטב עגבניות טוסקנה400ג,ברילה,IT,רוטב עגבניות,גרמים,400.00,100 גרם,false,0,15.90,3.98,true,1,
8076809523738,false,לזניה ברילה 500 גרם,ברילה,IT,לזניה ברילה,גרמים,500.00,100 גרם,false,0,25.70,5.14,true,1,
8076809529419,false,ספגטי מחיטה מלאה 500 גרם,ברילה,IT,ספגטי חיטה מלא,גרמים,500.00,100 גרם,false,0,14.90,2.98,true,1,
8076809529433,false,פנטה רגטה מחיטה מלאה500ג,ברילה,IT,פנטה רגטה,גרמים,500.00,100 גרם,false,0,14.90,2.98,true,1,
8076809537100,false,פתיתים סלנטני ברילה500ג,ברילה,IT,פתיתים סלנטיני,גרמים,500.00,100 גרם,false,0,8.50,1.70,true,1,
8076809545440,false,אטריות ל.גלוטן ברילה400ג,ברילה,IT,אטריות ללא גלוטן,גרמים,400.00,100 גרם,false,1,11.90,2.98,true,1,
8076809545457,false,צינורות ל.גלוטן ברילה400,ברילה,IT,ברילה צינורות,גרמים,400.00,100 גרם,false,1,11.90,2.98,true,1,
8076809545464,false,ספירלי ל.גלוטן ברילה400ג,ברילה,IT,ספירלי ברילה,גרמים,400.00,100 גרם,false,1,11.90,2.98,true,1,
8410076600622,false,קראנץ שבבי שוקולד 210ג,ג'נרל מילס,GB,נייצר וואלי שוקו,גרמים,210.00,100 גרם,false,0,21.90,10.43,true,1,
8410076610270,false,נייטשר ואלי פופקורן שקד5,ג'נרל מילס,ES,חטיף נייטשר ואלי,גרמים,100.00,100 גרם,false,1,21.70,21.70,true,1,
8410104039134,false,"פיניש לניקוי מדיח 250מ""ל",רקיט בנקיזר,PL,פיניש ניקוי מדיח,מיליליטרים,250.00,"100 מ""ל",false,0,20.90,8.36,true,1,
8410104044916,false,"פיניש אבקה למדיח 2.7 ק""ג",רקיט בנקיזר,IL,"פיניש אבקה למדיח 2.7 ק""ג",קילוגרמים,2.70,"ק""ג",false,0,53.40,19.78,true,1,
8410104045111,false,"פיניש מלח למדיח 2 ק""ג",רקיט בנקיזר,IL,מלח למדיח,קילוגרמים,2.00,"ק""ג",false,0,16.80,8.40,true,1,
8410104133092,false,"קלגון 1 ק""ג",רקיט בנקיזר,PL,"קלגון אבקה 1 ק""ג",קילוגרמים,1.00,"ק""ג",false,0,37.60,37.60,true,1,
8410179007519,false,פסטה פוזילי בורחס 500גרם,דה מטיאס אגרו,IT,פסטה פוזילי,גרמים,500.00,100 גרם,false,0,8.80,1.76,true,1,
8410179100043,false,שמן זית בורחס מעולה750מל,PONTU BORGES ACEITES,ES,שמן זית בורחס,מיליליטרים,750.00,"100 מ""ל",false,0,39.90,5.32,true,1,
8410376037845,false,"ביסקויט ללת""ס תפוז 24*6ג",גולון,ES,"ביסקויט ללת""ס",גרמים,144.00,100 גרם,false,0,12.80,8.89,true,1,
8410510015012,false,שוקולד ממולא,,ES,שוקולד ממולא,גרמים,100.00,100 גרם,false,0,5.50,5.50,true,1,
8410644120118,false,קאווה חצי יבש,,IL,קאווה חצי יבש,מיליליטרים,750.00,"100 מ""ל",false,0,23.90,3.19,true,1,
8410644611203,false,קאווה אימבריקה,,ES,קאווה אימבריקה,מיליליטרים,750.00,"100 מ""ל",false,0,26.90,3.59,true,1,
8411640001036,false,"וודקה תפוז ספיריט 275מ""ל",דסטילריאס מ.ג,ES,וודקה תפוז,מיליליטרים,275.00,"100 מ""ל",false,0,14.80,5.38,true,1,
8411640001043,false,"וודקה ליים ספיריט 275מ""ל",דסטילריאס מ.ג,ES,וודקה ליים,מיליליטרים,275.00,"100 מ""ל",false,0,14.80,5.38,true,1,
8411640001098,false,"וודקה אננס ספיריט 275מ""ל",דסטילריאס מ.ג,ES,וודקה אננס,מיליליטרים,275.00,"100 מ""ל",false,0,14.80,5.38,true,1,
8411640001364,false,וודקה אשכוליות ספיריט275,דסטילריאס מ.ג,ES,וודקה אשכוליות,מיליליטרים,275.00,"100 מ""ל",false,0,14.80,5.38,true,1,
8420241129582,false,חטיפי מיני נוגט בוטני200,נטרה,ES,חטיפי מיני נוגט,גרמים,200.00,100 גרם,false,0,7.90,3.95,true,1,
8423207208260,false,ס.דליס שוק.חלב ל.ג13*6גר,ביסצ'ורי,ES,חטיף דגנים,גרמים,78.00,100 גרם,false,1,16.90,21.67,true,1,
8425206000081,false,ריבת חלב,,IL,ריבת חלב,גרמים,450.00,100 גרם,false,0,21.70,4.82,true,1,
8427030005010,false,סימילאק ספיט אפ שופר375ג,אבוט,IL,סימילאק ספיט אפ,גרמים,375.00,100 גרם,false,0,48.40,12.91,true,1,
8590160891652,false,קפה נמס ג'קובס גולד200ג,מונדלייז,DE,קפה גיקובס גולד,גרמים,200.00,100 גרם,false,0,27.90,13.95,true,1,
8690327511727,false,"בירה קייזר 500 מ""ל","פורמן ס.א. בע""מ",PL,בירה קייזר,מיליליטרים,500.00,"100 מ""ל",false,1,6.80,1.36,true,1,
8690521016882,false,שמפו דאב לשיער רגיל 400מ,יוניליוור,TR,שמפו דאב,מיליליטרים,400.00,"100 מ""ל",false,0,19.30,4.83,true,1,
8690521017124,false,מרכך דאב לשיער רגיל 400מ,יוניליוור,IL,מרכך שיער דאב,מיליליטרים,400.00,"100 מ""ל",false,0,19.30,4.83,true,1,
8690572775707,false,"שמפו גליס לשיקום650 מ""ל",הובי קוסמטיקס,TR,שמפו גליס,מיליליטרים,650.00,"100 מ""ל",false,1,19.90,3.06,true,1,
8690572775714,false,שמפו גליס אולטימייט650מ,הובי קוסמטיקס,TR,שמפו גליס,מיליליטרים,650.00,"100 מ""ל",false,1,19.90,3.06,true,1,
8690637041143,false,מרכך דאב לשיער פגום 400מ,יוניליוור,TR,מרכך דאב,מיליליטרים,400.00,"100 מ""ל",false,0,19.30,4.83,true,1,
8690637073373,false,תה ליפטון ארל גריי 25שק',יוניליוור,TR,תה ארל גריי 25שק,גרמים,50.00,100 גרם,false,0,9.80,19.60,true,1,
8690637073496,false,חליטת ליפטון קמומיל20שק',יוניליוור,TR,חליטת ליפטון,גרמים,30.00,100 גרם,false,0,12.50,41.67,true,1,
8690637538858,false,"דאו.אקס שוקולד 150 מ""ל",יוניליוור,TR,דאודורנט אקס,מיליליטרים,150.00,"100 מ""ל",false,0,14.90,9.93,true,1,
8690637543494,false,דאו.אקס ספריי 150AFRICAמ,יוניליוור,TR,דאודורנט אקס,מיליליטרים,150.00,"100 מ""ל",false,0,14.90,9.93,true,1,
8690637555084,false,בדין אקסטרא פריחת התפוז,יוניליוור,TR,מרכך בדין אקסטרא,מיליליטרים,960.00,"100 מ""ל",false,0,19.90,2.07,true,1,
8690637611698,false,דאו.אקס לגבר אנרכי 150 מ,יוניליוור,TR,דאודורנט אקס,מיליליטרים,150.00,"100 מ""ל",false,0,14.90,9.93,true,1,
8690637631009,false,אקס בודי ספריי אפולו 150,יוניליוור,IL,אקס בודי ספריי,מיליליטרים,150.00,"100 מ""ל",false,0,14.90,9.93,true,1,
8690637682551,false,בדין אקסטרה שחור960מל,יוניליוור,IL,בדין אקסטרה,מיליליטרים,960.00,"100 מ""ל",false,0,19.90,2.07,true,1,
8690637704291,false,"דאב שמפו משקם 600 מ""ל",יוניליוור,TR,דאב שמפו משקם,מיליליטרים,600.00,"100 מ""ל",false,0,15.90,2.65,true,1,
8690637704413,false,"דאב מרכך משקם 600 מ""ל",יוניליוור,TR,דאב מרכך משקם,מיליליטרים,600.00,"100 מ""ל",false,0,15.90,2.65,true,1,
8690777206051,false,חציל קלוי,,TR,חציל קלוי,גרמים,650.00,100 גרם,false,0,15.40,2.37,true,1,
8690784211802,false,גלייד אירוסול לבנדר 300מ,vaill aerosol coster,TR,גלייד מטהר אוויר,מיליליטרים,300.00,"100 מ""ל",false,0,10.80,3.60,true,1,
8690784511223,false,דאק לאסלה 5ב1ניחוח הדרים,דאופלור S.P.I,IT,דאק לאסלה 5ב1,יחידה,1.00,יחידה,false,1,9.90,9.90,true,1,
8690784511339,false,דאק לאסלה 5ב1ניחוח ים,דאופלור S.P.I,IT,דאק לאסלה 5ב1,יחידה,1.00,יחידה,false,1,9.90,9.90,true,1,
8690784511445,false,דאק לאסלה 5ב1ניחוח לבנדר,דאופלור S.P.I,IT,דאק לאסלה 5ב1,יחידה,1.00,יחידה,false,1,9.90,9.90,true,1,
8693323001902,false,סוכ.ג'לי פטל אוכמניות250,סאאדת,TR,סוכריות ג'לי,גרמים,250.00,100 גרם,false,0,7.90,3.16,true,1,
8693323003906,false,ג'לי בצורת דובנים 250,סאאדת,IL,ג'לי דובונים,גרמים,250.00,100 גרם,false,0,7.90,3.16,true,1,
8693323031909,false,מרשמלו ממולא גלי 90 גרם,סאאדת,IL,מרשמלו ממולא גלי 90 גרם,גרמים,90.00,100 גרם,false,0,4.60,5.11,true,1,
8693495037853,false,קולגייט 2מברשת סלים סופט,קולגייט-פלמוליב,CN,2 מברשות קולגייט,יחידה,1.00,יחידה,false,0,29.90,29.90,true,1,
8693495041461,false,2מברשות סלים סופט פחם,קולגייט-פלמוליב,CN,זוג מברשות,יחידה,1.00,יחידה,false,0,30.90,30.90,true,1,
8697530910743,false,פאל מאל כחול חפיסה,bat,TR,פאל מאל חפ.,יחידה,1.00,יחידה,false,0,28.00,28.00,false,1,
8697530910750,false,פאל מאל כחול ארוך חפ.,bat,TR,פאל מאל חפ.,יחידה,1.00,יחידה,false,0,28.00,28.00,false,1,
8697530910781,false,פאל מאל אדום חפיסה,bat,TR,פאל מאל,יחידה,1.00,יחידה,false,0,28.00,28.00,false,1,
8697530910989,false,פאל מאל אדום 10 יח',bat,TR,פאל מאל חב.,יחידה,1.00,יחידה,false,0,259.90,259.90,false,1,
8698720485515,false,תרסיס שמן זית 142 גרם,גאטה,TR,תרסיס שמן זית,גרמים,142.00,100 גרם,false,1,16.80,11.83,true,1,
8710428005762,false,סימילאק איזומיל NGטף400,אבוט,IL,סימילאק איזומיל,גרמים,400.00,100 גרם,false,0,46.70,11.68,true,1,
8710502064814,false,עוג.שוקוציפס מרקם רך175ג,מרבה,NL,עוגיות מרבה,גרמים,175.00,100 גרם,false,1,12.00,6.86,true,1,
8710502139017,false,עוג.טריפל שוקוצ'יפס180גר,מרבה,NL,עוגיות שוקוצ'יפס,גרמים,180.00,100 גרם,false,0,12.00,6.67,true,1,
8710502260032,false,עוגיות שוקולד צ'יפס 150,מרבה,NL,עוגיות שוקולד,גרמים,150.00,100 גרם,false,0,5.00,3.33,true,1,
8710502405204,false,עוג.מרבה ממולאות שוקו175,מרבה,NL,עוגיות מרבה,גרמים,175.00,100 גרם,false,0,12.00,6.86,true,1,
8710502470028,false,עוג.שוקוצ'יפס נוגטלי160ג,מרבה,NL,עוגיות שוקוצ'יפס,גרמים,160.00,100 גרם,false,0,12.00,7.50,true,1,
8711600439931,false,דאב תח.רחצה מלפפון תה750,יוניליוור,DE,תחליב רחצה דאב,מיליליטרים,750.00,"100 מ""ל",false,0,15.90,2.12,true,1,
8711879680584,false,גלגלת בגדים,,IL,גלגלת בגדים,יחידה,1.00,יחידה,false,0,11.70,11.70,true,1,
8712100637391,false,סאטיספי מי בו אל 457גרם,בן & ג'ריס,IL,סאטיספי מי בו אל,גרמים,457.00,100 גרם,false,6,29.90,6.54,true,1,
8712400717984,false,נוטרילון קומפורט 400 גרם,נוטרישיה קאלק,IL,נוטרילון 400 גרם,גרמים,400.00,100 גרם,false,0,47.50,11.88,true,1,
8712400802512,false,נוטרילון שלב2- 800 גרם,נוטרישיה קאלק,NL,נוטרילון שלב2-,גרמים,800.00,100 גרם,false,0,64.90,8.11,true,1,
8712400802536,false,נוטרילון שלב3- 800 גרם,נוטרישיה קאלק,NL,נוטרילון שלב3-,גרמים,800.00,100 גרם,false,0,64.90,8.11,true,1,
8712561218108,false,אקס ספריי גוף אפולו 150מ,יוניליוור,GB,אקס ספריי גוף,מיליליטרים,150.00,"100 מ""ל",false,1,22.70,15.13,true,1,
8712561594240,false,תח.רחצה דאב הזנה עמוק500,יוניליוור,DE,תחליב רחצה דאב,מיליליטרים,500.00,"100 מ""ל",false,1,19.60,3.92,true,1,
8712561594608,false,תח.רחצה להזנה עמוקה 750מ,יוניליוור,DE,תחליב רחצה דאב,מיליליטרים,750.00,"100 מ""ל",false,1,15.90,2.12,true,1,
8712561611183,false,תח. רחצה דאב תה ירוק 500,יוניליוור,DE,תחליב רחצה דאב,מיליליטרים,500.00,"100 מ""ל",false,1,19.60,3.92,true,1,
8712561611411,false,תח.רחצה דאב תה ירוק 750מ,יוניליוור,DE,תחליב רחצה דאב,מיליליטרים,750.00,"100 מ""ל",false,1,15.90,2.12,true,1,
8712561646116,false,תחליב רחצה דאב פיסטוק750,יוניליוור,DE,תחליב רחצה דאב,מיליליטרים,750.00,"100 מ""ל",false,1,15.90,2.12,true,1,
8712561794756,false,"דאב מן ג'ל רחצה 400 מ""ל",יוניליוור,DE,דאב מן ג'ל רחצה,מיליליטרים,400.00,"100 מ""ל",false,1,10.00,2.50,true,1,
8712566127931,false,תה ירוק לימון מליסה20שק',יוניליוור,RU,תה ירוק,גרמים,32.00,100 גרם,false,0,12.90,40.31,true,1,
8714789303925,false,2 מברשות קולגייט סנסטיב,קולגייט-פלמוליב,CH,2 מברשות קולגייט סנסטיב,יחידה,1.00,יחידה,false,0,40.10,40.10,true,1,
8714789402932,false,אג'קס חגיגת פרחי.ורוד1.5,קולגייט-פלמוליב,GR,אג'קס לניקוי,ליטרים,1.50,ליטר,false,0,23.10,15.40,true,1,
8714789462912,false,פלמוליב לכלים מנטה 1 ל',קולגייט-פלמוליב,GR,פלמוליב לכלים,ליטרים,1.00,ליטר,false,0,14.60,14.60,true,1,
8714789473970,false,קולגייט טוטל אדוונס 100מ,קולגייט-פלמוליב,PL,קולגייט טוטל אדוונס 100מ,מיליליטרים,100.00,"100 מ""ל",false,0,12.90,12.90,true,1,
8714789582764,false,מרסס לניקוי חלונות 750 מ,קולגייט-פלמוליב,IL,מרסס לניקוי חלונות 750 מ,מיליליטרים,750.00,"100 מ""ל",false,0,17.60,2.35,true,1,
8714789722610,false,משחת קולגייט סנסטיב 75מל,קולגייט-פלמוליב,PL,משחת קולגייט,מיליליטרים,75.00,"100 מ""ל",false,0,12.90,17.20,true,1,
8714789740058,false,זוג מברשת שיניים קולגייט,קולגייט-פלמוליב,IL,זוג מברשת שיניים,יחידה,1.00,יחידה,false,0,22.00,22.00,true,1,
8714789831275,false,2מברשות קולגייט 360 וייט,קולגייט-פלמוליב,IL,מברשות קולגייט,יחידה,1.00,יחידה,false,0,40.10,40.10,true,1,
8714789855929,false,משחת קולגייט טוטל גאם75מ,קולגייט-פלמוליב,IL,משחת קולגייט,מיליליטרים,75.00,"100 מ""ל",false,0,24.80,33.07,true,1,
8714789861852,false,קולגייט מקס פרש קלין100מ,קולגייט-פלמוליב,PL,משחת קולגייט,מיליליטרים,100.00,"100 מ""ל",false,1,22.40,22.40,true,1,
8714800004114,false,בירה בווריה,,NL,בירה בווריה,מיליליטרים,500.00,"100 מ""ל",false,0,8.90,1.78,true,1,
8715700419718,false,מתבל עגבניות 700ג+ 30%,היינץ,NL,מתבל עגבניות,גרמים,910.00,100 גרם,false,1,13.90,1.53,true,1,
8715700419732,false,מתבל עגבניות היינץ700גרם,היינץ,NL,מתבל עגבניות,גרמים,700.00,100 גרם,false,0,10.00,1.43,true,1,
8717644256152,false,אקס ספריי גוף שוקולד150מ,יוניליוור,GB,אקס ספריי גוף,מיליליטרים,150.00,"100 מ""ל",false,1,22.70,15.13,true,1,
8717644390566,false,סבון דאב מלפפונים 100X4ג,יוניליוור,DE,סבון דאב רביעי,גרמים,400.00,100 גרם,false,0,17.80,4.45,true,1,
8718951051560,false,אג'קס ניקוי פרקטים 2ל,קולגייט-פלמוליב,GR,אג'קס ניקוי פרקט,ליטרים,2.00,ליטר,false,1,21.90,10.95,true,1,
8722700001225,false,תה פרמידה מנגו אפרסק20שק,יוניליוור,BE,תה פרמידה,גרמים,36.00,100 גרם,false,0,16.00,44.44,true,1,
8801055706440,false,טסטרס צ'ויס טו גו 36 גרם,נסטלה,KR,קפה טסטרס צ'וייס,גרמים,36.00,100 גרם,false,0,11.60,32.22,true,1,
8801055706952,false,נסקפה קפוצ'ינו קרמל170גר,נסטלה,KR,קפוצ'ינו קרמל,גרמים,170.00,100 גרם,false,0,21.10,12.41,true,1,
8801055706976,false,נסקפה קפוצ'ינו וניל185ג,נסטלה,KR,קפוצ'ינו וניל,גרמים,185.00,100 גרם,false,0,21.10,11.41,true,1,
8801055707010,false,נסקפה קפוצינו קלאסיק125ג,נסטלה,KR,נס קפה קפוצ'ינו,גרמים,125.00,100 גרם,false,0,21.10,16.88,true,1,
8801055707188,false,נסקפה קפוצ'ינו אגוזים180,נסטלה,KR,נס קפה קפוצ'ינו,גרמים,180.00,100 גרם,false,0,21.10,11.72,true,1,
8801055707423,false,נסקפה קפוצינו שוק.לבן180,נסטלה,KR,נסקפה קפוצ'ינו,גרמים,180.00,100 גרם,false,0,21.10,11.72,true,1,
8850206011025,false,"רוטב סויה בהירה 700 מ""ל",יאן ואל יון,IL,רוטב סויה בהירה,מיליליטרים,700.00,"100 מ""ל",false,0,15.80,2.26,true,1,
8850206220021,false,רוטב הויסטר הלטי בוי700מ,יאן ואל יון,TH,רוטב הויסטר,מיליליטרים,700.00,"100 מ""ל",false,0,15.80,2.26,true,1,
8850389105825,false,סאפה אלוורה ענבים 1 ליטר,FOOD GENERAL SAPANAN,TH,סאפה ענבים,ליטרים,1.00,ליטר,false,0,11.00,11.00,true,1,
8850389105832,false,סאפה אלוורה תפוחים 1ליטר,FOOD GENERAL SAPANAN,TH,סאפה תפוחים,ליטרים,1.00,ליטר,false,0,11.00,11.00,true,1,
8850389105849,false,סאפה אלוורה אפרסק 1 ליטר,FOOD GENERAL SAPANAN,TH,סאפה אפרסק,ליטרים,1.00,ליטר,false,0,11.00,11.00,true,1,
8850632604259,false,יוגטה חמוץ מקלות תות 50ג,סאאדת,TH,יוגטה ממתק חמוץ,גרמים,50.00,100 גרם,false,0,5.90,11.80,true,1,
8850632604266,false,יוגטה חמוץ מקלות קולה50ג,סאאדת,TH,יוגטה ממתק חמוץ,גרמים,50.00,100 גרם,false,0,5.90,11.80,true,1,
8850632604402,false,יוגטה חמוץ שטיח מעורב50ג,סאאדת,TH,יוגטה ממתק חמוץ,גרמים,50.00,100 גרם,false,0,5.90,11.80,true,1,
8857101301008,false,רוטב צ'ילי,,TH,רוטב צ'ילי,מיליליטרים,700.00,"100 מ""ל",false,0,10.20,1.46,true,1,
8888021200126,false,סוללות AA אנרג'ייזר 4 יח,אנרג'ייזר,SG,סוללות AA רביעיה,יחידה,1.00,יחידה,false,0,15.90,15.90,true,1,
8888021200164,false,סוללות אנרג'ייזר AAA 4יח,אנרג'ייזר,SG,סוללות AAA 4 יח',יחידה,1.00,יחידה,false,0,15.90,15.90,true,1,
8888021200256,false,שמינית סוללות AA,אנרג'ייזר,US,שמינית סוללות,יחידה,1.00,יחידה,false,0,29.70,29.70,true,1,
8888021200720,false,שמינית סוללות AAA,אנרג'ייזר,US,8 סוללות AAA,יחידה,1.00,יחידה,false,0,29.70,29.70,true,1,
8888111030053,false,מיץ אננס 100%טבעי 240*4מ,פילפאק,PH,מיץ אננס 4 יח,מיליליטרים,960.00,"100 מ""ל",false,1,13.50,1.41,true,1,
8888111030107,false,מיץ תפוחים100%טבעי240*4מ,"פילד פרש פודס בע""מ",IN,מיץ תפוחים 4 יח,מיליליטרים,960.00,"100 מ""ל",false,1,13.50,1.41,true,1,
8901537024014,false,אורז בסמטי,,IN,אורז בסמטי,קילוגרמים,1.00,"ק""ג",false,0,12.90,12.90,true,1,
8992760221028,false,עוגיות אוראו 137 גרם,מונדלייז,ID,עוגיות אוראו,גרמים,137.00,100 גרם,false,1,7.90,5.77,true,1,
9000133236926,false,מיני קרים 120 גרם,שרייבר&רופ,AT,מיני קרים,גרמים,120.00,100 גרם,false,1,12.90,10.75,true,1,
9044400841000,false,בובת פז 3+יח מילוי,פז,AT,סוכריות פז,יחידה,1.00,יחידה,false,0,12.50,12.50,true,1,
9310072000282,false,טים טם ביסקויט שו.חלב200,ארנולטס,AU,ביסקויט טים טאם,גרמים,200.00,100 גרם,false,0,21.70,10.85,true,1,
9310072013855,false,טים טם ביסקויט דאבל 200ג,ארנולטס,AU,ביסקויט טים טם,גרמים,200.00,100 גרם,false,0,21.70,10.85,true,1,
9310088007671,false,14 תחבושות דיפנד סופר,חוגלה קימברלי,VN,תחבושות דיפנד,יחידה,1.00,יחידה,false,0,19.90,19.90,true,1,
9322969000015,false,פריכיות תירס 150 גרם,אלגם גיל,AU,פריכיות תירס 150 גרם,גרמים,150.00,100 גרם,false,0,13.40,8.93,true,1,
9322969000022,false,פריכיות תירס עם סויה150ג,אלגם גיל,AU,פריכיות תירס עם סויה150ג,גרמים,150.00,100 גרם,false,0,13.40,8.93,true,1,
9720188050109,false,ממרח טופו בטעם טבעי 225ג,משק צוריאל תבור,US,ממרח טופו בטעם טבעי 225ג,גרמים,225.00,100 גרם,false,0,22.70,10.09,true,1,
9720188060108,false,ממרח טופו בטעם טבעי340גר,משק צוריאל תבור,US,ממרח טופו בטעם טבעי340גר,גרמים,340.00,100 גרם,false,0,22.70,6.68,true,1,
