code,internal_code,name,manufacturer_name,manufacture_country,manufacturer_item_description,unit_qty,quantity,unit_of_measure,weighted,qty_in_package,price,unit_of_measure_price,allow_discount,status,item_id
910,true,עגבניות טעם,חקלאי,IL,עגבניות טעם,קילוגרמים,1.00,"ק""ג",true,,10.90,10.9000,true,1,174870
911,true,שרי באשכול,חקלאי,IL,שרי באשכול,קילוגרמים,1.00,"ק""ג",true,,17.90,17.9000,true,1,174869
913,true,עגבניה שרי תמר ליחיד,חקלאי,IL,עגבניה שרי תמר ליחידה,קילוגרמים,0.00,"ק""ג",false,1,9.90,0.0000,true,1,174775
915,true,שרי לבבות יחידה,חקלאי,IL,שרי לבבות יחידה,Unknown,0.00,Unknown,false,1,10.90,0.0000,true,1,202711
917,true,עגבניה,חקלאי,IL,עגבניה,קילוגרמים,1.00,"ק""ג",true,,7.90,7.9000,true,1,174871
918,true,עגבניה תמר,חקלאי,IL,עגבניה תמר,קילוגרמים,1.00,"ק""ג",true,,8.90,8.9000,true,1,197455
920,true,מלפפון,חקלאי,IL,מלפפון,קילוגרמים,1.00,"ק""ג",true,,8.90,8.9000,true,1,174873
921,true,עגבניה שרי צהוב,חקלאי,IL,עגבניה שרי צהוב,קילוגרמים,1.00,"ק""ג",true,,9.90,9.9000,true,1,203574
936,true,חסה צבעונית מסולסלת,חקלאי,IL,חסה צבעונית מסולסלת,לא מנהל יחידת מידה,0.00,לא מנהל יחידת מידה,false,1,8.90,0.0000,true,1,223704
941,true,סלק,חקלאי,IL,סלק,קילוגרמים,1.00,"ק""ג",true,,6.90,6.9000,true,1,223725
942,true,ענבים לבנים,חקלאי,IL,ענבים לבנים,קילוגרמים,1.00,"ק""ג",true,,29.90,29.9000,true,1,174815
943,true,ענב שחור,חקלאי,IL,ענב שחור,קילוגרמים,1.00,"ק""ג",true,,24.90,24.9000,true,1,223734
945,true,כרוב לבן,חקלאי,IL,כרוב לבן,קילוגרמים,1.00,"ק""ג",true,,6.90,6.9000,true,1,174875
961,true,כרובית ארוזה יחידה,חקלאי,IL,כרובית ארוזה יחידה,לא מנהל יחידת מידה,0.00,לא מנהל יחידת מידה,false,1,10.90,0.0000,true,1,203584
974,true,מיקס ירקות בייבי,חקלאי,IL,מיקס ירקות בייבי,Unknown,0.00,Unknown,false,1,9.90,0.0000,true,1,174790
990,true,בצל יבש,חקלאי,IL,בצל יבש,קילוגרמים,1.00,"ק""ג",true,,5.90,5.9000,true,1,174881
995,true,בצל ירוק ארוז,חקלאי,IL,בצל ירוק ארוז,לא מנהל יחידת מידה,0.00,לא מנהל יחידת מידה,false,1,5.90,0.0000,true,1,174806
997,true,בצל  אדום,חקלאי,IL,בצל  אדום,קילוגרמים,1.00,"ק""ג",true,,8.90,8.9000,true,1,223698
998,true,עירית,חקלאי,IL,עירית,לא מנהל יחידת מידה,0.00,לא מנהל יחידת מידה,false,1,5.90,0.0000,true,1,223706
3054,true,כדורי שוקולד בודד,איתנס,,כדורי שוקולד בודד,יחידה,1.00,יחידה,false,1,4.90,4.9000,true,1,207557
5485,true,מאפה במשקל גדרון,גדרון,IL,מאפה במשקל גדרון,קילוגרמים,1.00,"ק""ג",true,,37.90,37.9000,true,1,203299
6609,true,5 פיתות,יושלם,,5 פיתות,לא מנהל יחידת מידה,0.00,לא מנהל יחידת מידה,false,1,5.90,0.0000,true,1,142441
6611,true,זעתר,יושלם,,זעתר,לא מנהל יחידת מידה,0.00,לא מנהל יחידת מידה,false,1,2.80,0.0000,true,1,142443
6638,true,חבילת מצה 500 גרם,,,חבילת מצה 500 גרם,קילוגרמים,2.50,"ק""ג",false,1,6.90,2.7600,true,1,147370
9099,true,בזיליקום,חקלאי,IL,בזיליקום,לא מנהל יחידת מידה,0.00,לא מנהל יחידת מידה,false,1,5.90,0.0000,true,1,174798
9110,true,בטטה,חקלאי,IL,בטטה,קילוגרמים,1.00,"ק""ג",true,,7.90,7.9000,true,1,175023
9113,true,כוסברה ארוזה,חקלאי,IL,כוסברה ארוזה,Unknown,0.00,Unknown,false,1,4.90,0.0000,true,1,174802
9114,true,נענע ארוזה,חקלאי,IL,נענע ארוזה,Unknown,0.00,Unknown,false,1,4.90,0.0000,true,1,174803
9131,true,דלעת ארוזה,חקלאי,IL,דלעת ארוזה,קילוגרמים,1.00,"ק""ג",true,,14.90,14.9000,true,1,223728
9135,true,דלורית,חקלאי,IL,דלורית,קילוגרמים,1.00,"ק""ג",true,,8.90,8.9000,true,1,174879
9140,true,חצילים,חקלאי,IL,חצילים,קילוגרמים,1.00,"ק""ג",true,,8.90,8.9000,true,1,223727
9147,true,אפרסמון,חקלאי,IL,אפרסמון,קילוגרמים,1.00,"ק""ג",true,,18.90,18.9000,true,1,223716
9150,true,פלפל בהיר,חקלאי,IL,פלפל בהיר,קילוגרמים,1.00,"ק""ג",true,,10.90,10.9000,true,1,174978
9152,true,פלפל צילי חריף,חקלאי,IL,פלפל צילי חריף,קילוגרמים,1.00,"ק""ג",false,1,7.90,7.9000,true,1,177025
9155,true,פלפל כהה,חקלאי,IL,פלפל כהה,קילוגרמים,1.00,"ק""ג",true,,9.90,9.9000,true,1,174867
9158,true,פלפל חריף ירוק,חקלאי,IL,פלפל חריף ירוק,קילוגרמים,1.00,"ק""ג",true,,10.90,10.9000,true,1,223723
9160,true,פלפל אדום,חקלאי,IL,פלפל אדום,קילוגרמים,1.00,"ק""ג",true,,9.90,9.9000,true,1,174868
9163,true,פלפל צהוב,חקלאי,IL,פלפל צהוב,קילוגרמים,1.00,"ק""ג",true,,9.90,9.9000,true,1,174865
9165,true,לפת,חקלאי,IL,לפת,קילוגרמים,1.00,"ק""ג",true,,8.90,8.9000,true,1,174977
9170,true,קולורבי,חקלאי,IL,קולורבי,קילוגרמים,1.00,"ק""ג",true,,10.90,10.9000,true,1,223722
9172,true,פלפל ננסי טינקרבל,חקלאי,IL,פלפל ננסי טינקרבל,לא מנהל יחידת מידה,0.00,לא מנהל יחידת מידה,false,1,9.90,0.0000,true,1,174772
9180,true,קשואים,חקלאי,IL,קשואים,קילוגרמים,1.00,"ק""ג",true,,10.90,10.9000,true,1,174858
9185,true,אפרסק לבן 55,חקלאי,IL,אפרסק לבן 55,קילוגרמים,1.00,"ק""ג",true,,16.90,16.9000,true,1,175025
9187,true,קישוא זוקיני ארוז,חקלאי,IL,קישוא זוקיני ארוז,קילוגרמים,1.00,"ק""ג",true,,11.90,11.9000,true,1,174860
9210,true,תרד שטוף,חקלאי,IL,תרד שטוף,לא מנהל יחידת מידה,0.00,לא מנהל יחידת מידה,false,1,11.90,0.0000,true,1,223705
9220,true,נבטוטים,חקלאי,IL,נבטוטים,יחידה,1.00,יחידה,false,1,8.90,8.9000,true,1,223747
9229,true,נבטי חמניה,חקלאי,IL,נבטי חמניה,Unknown,0.00,Unknown,false,1,9.90,0.0000,true,1,174780
9237,true,עלי חסה שטופים,חקלאי,IL,עלי חסה שטופים,לא מנהל יחידת מידה,0.00,לא מנהל יחידת מידה,false,1,10.90,0.0000,true,1,223703
9245,true,מנגולד,חקלאי,IL,מנגולד,יחידה,1.00,יחידה,false,1,6.90,6.9000,true,1,174791
9250,true,חסה עגולה ארוזה,חקלאי,IL,חסה עגולה ארוזה,לא מנהל יחידת מידה,0.00,לא מנהל יחידת מידה,false,1,8.90,0.0000,true,1,174788
9260,true,חסה ערבית ארוזה,חקלאי,IL,חסה ערבית ארוזה,יחידה,1.00,יחידה,false,1,6.90,6.9000,true,1,223702
9270,true,לוף,חקלאי,IL,לוף,קילוגרמים,1.00,"ק""ג",true,,17.90,17.9000,true,1,223726
9286,true,"שום ירוק טרי לק""ג",חקלאי,IL,"שום ירוק טרי לק""ג",קילוגרמים,1.00,"ק""ג",true,,29.90,29.9000,true,1,223963
9290,true,תפוח אדמה אדום,חקלאי,IL,תפוח אדמה אדום,קילוגרמים,1.00,"ק""ג",true,,6.90,6.9000,true,1,174853
9291,true,"תפו""א למיקרו יח",חקלאי,IL,תפוא למיקרו יח,לא מנהל יחידת מידה,0.00,לא מנהל יחידת מידה,false,1,8.90,0.0000,true,1,177780
9294,true,"תפו""א אפייה זעיר ק""ג",חקלאי,IL,תפוא אפייה זעיר קג,קילוגרמים,1.00,"ק""ג",true,,5.90,5.9000,true,1,174854
9295,true,תפוח אדמה לבן,חקלאי,IL,תפוח אדמה לבן,קילוגרמים,1.00,"ק""ג",true,,5.90,5.9000,true,1,174852
9296,true,שורש ארוז,חקלאי,IL,שורש ארוז,לא מנהל יחידת מידה,0.00,לא מנהל יחידת מידה,false,1,5.90,0.0000,true,1,174796
9297,true,פטרוזליה ארוזה,חקלאי,IL,פטרוזליה ארוזה,לא מנהל יחידת מידה,0.00,לא מנהל יחידת מידה,false,1,4.90,0.0000,true,1,174805
9299,true,סלרי ראש ארוז,חקלאי,IL,סלרי ראש ארוז,Unknown,0.00,Unknown,false,1,5.90,0.0000,true,1,174795
9305,true,חזרת,חקלאי,IL,חזרת,קילוגרמים,1.00,"ק""ג",true,,34.00,34.0000,true,1,181356
9306,true,סלרי עלים,חקלאי,IL,סלרי עלים,לא מנהל יחידת מידה,0.00,לא מנהל יחידת מידה,false,1,6.90,0.0000,true,1,174797
9307,true,גינגר ארוז,חקלאי,IL,גינגר ארוז,יחידה,0.00,יחידה,false,1,15.90,0.0000,true,1,174771
9308,true,נבטים סיניים גדול,חקלאי,IL,נבטים סיניים גדול,Unknown,0.00,Unknown,false,1,6.90,0.0000,true,1,174782
9311,true,גזר ארוז,חקלאי,IL,גזר ארוז,קילוגרמים,1.00,"ק""ג",true,,5.90,5.9000,true,1,174880
9312,true,מלון גליה,חקלאי,IL,מלון גליה,קילוגרמים,1.00,"ק""ג",true,,6.90,6.9000,true,1,223717
9320,true,אבטיח דולב,חקלאי,IL,אבטיח דולב,קילוגרמים,1.00,"ק""ג",true,,7.90,7.9000,true,1,223757
9323,true,פטריות פורטובלו,חקלאי,IL,פטריות פורטובלו,יחידה,1.00,יחידה,false,1,10.90,10.9000,true,1,174778
9324,true,פטריות שמפניון,חקלאי,IL,פטריות שמפניון,לא מנהל יחידת מידה,0.00,לא מנהל יחידת מידה,false,1,10.90,0.0000,true,1,174779
9333,true,פטריות מארז זוגות,חקלאי,IL,פטריות מארז זוגות,גרמים,0.00,100 גרם,false,1,18.90,0.0000,true,1,182789
9348,true,שום בתפזורת,חקלאי,IL,שום בתפזורת,קילוגרמים,1.00,"ק""ג",true,,19.90,19.9000,true,1,223720
9349,true,שום יח,חקלאי,IL,שום יח,לא מנהל יחידת מידה,0.00,לא מנהל יחידת מידה,false,1,9.90,0.0000,true,1,174986
9370,true,שומר,חקלאי,IL,שומר,קילוגרמים,1.00,"ק""ג",true,,9.90,9.9000,true,1,174855
9441,true,סלק אדום בואקום,חקלאי,IL,סלק אדום בואקום,לא מנהל יחידת מידה,0.00,לא מנהל יחידת מידה,false,1,7.90,0.0000,true,1,174776
9447,true,אגס נאשי,חקלאי,IL,אגס נאשי,קילוגרמים,1.00,"ק""ג",true,,19.90,19.9000,true,1,205569
9486,true,לימון,חקלאי,IL,לימון,קילוגרמים,1.00,"ק""ג",true,,10.90,10.9000,true,1,174829
9500,true,תפוז מובחר,חקלאי,IL,תפוז מובחר,קילוגרמים,1.00,"ק""ג",true,,7.90,7.9000,true,1,223709
9504,true,תפוז ברשת,חקלאי,IL,תפוז ברשת,קילוגרמים,1.00,"ק""ג",true,,6.90,6.9000,true,1,223710
9510,true,מנדרינה,חקלאי,IL,מנדרינה,קילוגרמים,1.00,"ק""ג",true,,8.90,8.9000,true,1,223711
9522,true,אשכולית לבנה / אדומה,חקלאי,IL,אשכולית לבנה / אדומה,קילוגרמים,1.00,"ק""ג",true,,9.90,9.9000,true,1,174831
9525,true,פומלה,חקלאי,IL,פומלה,קילוגרמים,1.00,"ק""ג",true,,7.90,7.9000,true,1,174828
9555,true,בננות,חקלאי,IL,בננות,קילוגרמים,1.00,"ק""ג",true,,8.90,8.9000,true,1,174845
9558,true,סברס,חקלאי,IL,סברס,קילוגרמים,1.00,"ק""ג",true,,29.90,29.9000,true,1,223715
9560,true,אבוקדו,חקלאי,IL,אבוקדו,קילוגרמים,1.00,"ק""ג",true,,18.90,18.9000,true,1,174849
9568,true,רימון,חקלאי,IL,רימון,קילוגרמים,1.00,"ק""ג",true,,15.90,15.9000,true,1,223712
9578,true,נקטרינה,חקלאי,IL,נקטרינה,קילוגרמים,1.00,"ק""ג",true,,14.90,14.9000,true,1,174816
9604,true,אגס ספדונה,חקלאי,IL,אגס ספדונה,קילוגרמים,1.00,"ק""ג",true,,13.90,13.9000,true,1,174848
9613,true,גויאבה,חקלאי,IL,גויאבה,קילוגרמים,1.00,"ק""ג",true,,15.90,15.9000,true,1,174840
9626,true,מנגו,חקלאי,IL,מנגו,קילוגרמים,1.00,"ק""ג",true,,19.90,19.9000,true,1,174811
9632,true,אנונה,חקלאי,IL,אנונה,קילוגרמים,1.00,"ק""ג",true,,29.90,29.9000,true,1,178264
9634,true,אננס יח,חקלאי,IL,אננס יח,קילוגרמים,1.20,"ק""ג",false,1,39.90,33.2500,true,1,223714
9637,true,קיווי מובחר,חקלאי,IL,קיווי מובחר,קילוגרמים,1.00,"ק""ג",true,,19.90,19.9000,true,1,174839
9658,true,תפוח עץ סמיט,חקלאי,IL,תפוח עץ סמיט,קילוגרמים,1.00,"ק""ג",true,,11.90,11.9000,true,1,174835
9684,true,תפוח עץ זהוב,חקלאי,IL,תפוח עץ זהוב,קילוגרמים,1.00,"ק""ג",true,,11.90,11.9000,true,1,174837
9697,true,תפוח עץ סטארקינג,חקלאי,IL,תפוח עץ סטארקינג,קילוגרמים,1.00,"ק""ג",true,,11.90,11.9000,true,1,174836
9756,true,שזיף אדום,חקלאי,IL,שזיף אדום,קילוגרמים,1.00,"ק""ג",true,,19.90,19.9000,true,1,174812
9772,true,משמש,חקלאי,IL,משמש,קילוגרמים,1.00,"ק""ג",true,,24.90,24.9000,true,1,223707
9808,true,תמר מגהול,חקלאי,IL,תמר מגהול,קילוגרמים,1.00,"ק""ג",true,,27.90,27.9000,true,1,205708
9840,true,עגבניות מיובשות,חקלאי,IL,עגבניות מיובשות,לא מנהל יחידת מידה,0.00,לא מנהל יחידת מידה,false,1,11.90,0.0000,true,1,177026
9891,true,ברוקולי ארוז,חקלאי,IL,ברוקולי ארוז,מיליליטרים,1.00,"100 מ""ל",false,1,10.90,1090.0000,true,1,174883
9910,true,שסק יח,חקלאי,IL,שסק יח,לא מנהל יחידת מידה,0.00,לא מנהל יחידת מידה,false,1,19.90,0.0000,true,1,181362
9928,true,שמיר,חקלאי,IL,שמיר,לא מנהל יחידת מידה,0.00,לא מנהל יחידת מידה,false,1,4.90,0.0000,true,1,192576
9931,true,דובדבנים אדומים,חקלאי,IL,דובדבנים אדומים,קילוגרמים,1.00,"ק""ג",true,,49.90,49.9000,true,1,223708
9942,true,ענב לכיש קריספי,חקלאי,IL,ענב לכיש קריספי,קילוגרמים,1.00,"ק""ג",true,,24.90,24.9000,true,1,223909
9950,true,כרוב אדום,חקלאי,IL,כרוב אדום,קילוגרמים,1.00,"ק""ג",true,,7.90,7.9000,true,1,174876
9954,true,רוקט,חקלאי,IL,רוקט,יחידה,1.00,יחידה,false,1,5.90,5.9000,true,1,174793
9965,true,תפוח עץ פינק,חקלאי,IL,תפוח עץ פינק,קילוגרמים,1.00,"ק""ג",true,,19.90,19.9000,true,1,174834
9981,true,ליצי במשקל,חקלאי,IL,ליצי במשקל,קילוגרמים,1.00,"ק""ג",true,,49.90,49.9000,true,1,225407
9990,true,אספרגוס,חקלאי,IL,אספרגוס,לא מנהל יחידת מידה,0.00,לא מנהל יחידת מידה,false,1,29.90,0.0000,true,1,177991
9992,true,פטאיה,חקלאי,IL,פטאיה,קילוגרמים,1.00,"ק""ג",true,,21.90,21.9000,true,1,177994
41926,true,קוקיס שוקו,"גידרון תעשיות בע""מ",,קוקיס שוקו,קילוגרמים,1.00,"ק""ג",true,,49.90,49.9000,true,1,111649
90030,true,"באגט נפוליאון 1 ק""ג","גידרון תעשיות בע""מ",,"באגט נפוליאון 1 ק""ג גידרון",קילוגרמים,1.00,"ק""ג",true,,32.90,32.9000,true,1,109694
92218,true,מאפה ביס תפוע,"גידרון תעשיות בע""מ",,מאפה ביס תפוע       מחיר לקג-גידרון,קילוגרמים,1.00,"ק""ג",true,,39.90,39.9000,true,1,109697
92614,true,בורקס טורקי פיטריות,"גידרון תעשיות בע""מ",,בורקס טורקי פיטריות מחיר לקג-גדרון,קילוגרמים,1.00,"ק""ג",true,,39.90,39.9000,true,1,109699
96018,true,שנייק קינמון מחיר לק,"גידרון תעשיות בע""מ",,שנייק קינמון מחיר לקג-גדרון,קילוגרמים,1.00,"ק""ג",true,,39.90,39.9000,true,1,109702
96032,true,חצי בגט,"גידרון תעשיות בע""מ",,חצי בגט,גרמים,165.00,100 גרם,false,1,2.50,1.5152,true,1,111699
96445,true,אזני המן שוקולד,"גידרון תעשיות בע""מ",,אזני המן שוקולד,קילוגרמים,1.00,"ק""ג",true,,39.90,39.9000,true,1,115786
96476,true,אוזני המן פרג,"גידרון תעשיות בע""מ",,אוזני המן פרג,קילוגרמים,1.00,"ק""ג",true,,39.90,39.9000,true,1,115788
96513,true,אוזני המן תמרים,"גידרון תעשיות בע""מ",,אוזני המן תמרים,קילוגרמים,1.00,"ק""ג",true,,39.90,39.9000,true,1,113091
97657,true,לחמנית חלה 125גר קפו,"גידרון תעשיות בע""מ",,לחמנית חלה 125גר קפוא-ג.דגון,גרמים,150.00,100 גרם,false,1,3.90,2.6000,true,1,109706
99248,true,בורקס גבינה,"גידרון תעשיות בע""מ",,בורקס גבינה            מחיר לקג גידרון,קילוגרמים,1.00,"ק""ג",true,,39.90,39.9000,true,1,109708
99255,true,בורקס תפוא,"גידרון תעשיות בע""מ",,בורקס תפוא              מחיר לקג -גידרון,קילוגרמים,1.00,"ק""ג",true,,39.90,39.9000,true,1,109709
99385,true,גביניות,"גידרון תעשיות בע""מ",,גביניות               מחיר לקג-גידרון,קילוגרמים,1.00,"ק""ג",true,,39.90,39.9000,true,1,109711
99415,true,רוגלך,"גידרון תעשיות בע""מ",,רוגלך                    מחיר לקג-גידרון,קילוגרמים,1.00,"ק""ג",true,,39.90,39.9000,true,1,109713
99439,true,"קוראסון קטן מחיר לק""","גידרון תעשיות בע""מ",,קוראסון קטן מחיר לקג-גידרון,קילוגרמים,1.00,"ק""ג",true,,39.90,39.9000,true,1,109714
99477,true,ק.ביס שוקולד,"גידרון תעשיות בע""מ",,ק.ביס שוקולד             מחיר לקג-גידרון,קילוגרמים,1.00,"ק""ג",true,,39.90,39.9000,true,1,109715
99491,true,"מאפה תפו""ע","גידרון תעשיות בע""מ",,מאפה תפוע,קילוגרמים,1.00,"ק""ג",true,,39.90,39.9000,true,1,111628
99514,true,מאפה צימוקים,"גידרון תעשיות בע""מ",,מאפה צימוקים,קילוגרמים,1.00,"ק""ג",true,,39.90,39.9000,true,1,109716
99927,true,בורקס בולגרי,"גידרון תעשיות בע""מ",,בורקס בולגרי            מחיר לקג-גידרון,קילוגרמים,1.00,"ק""ג",true,,39.90,39.9000,true,1,109717
192581,true,מגבת ניקול 6=12,קימברלי-קלארק,IL,מגבת ניקול כפול 6=12,Unknown,0.00,Unknown,false,1,19.90,0.0000,true,1,216323
201818,true,טיטולים פרימיום שלב2,,,"טיטולים פרימיום שלב 64  2 יח           """,Unknown,0.00,Unknown,false,1,38.50,0.0000,true,1,223771
201849,true,טיטולים פרימיום שלב4,,,"טיטולים פרימיום שלב 42  4 יח           """,Unknown,0.00,Unknown,false,1,38.50,0.0000,true,1,196363
453781,true,שמרים יבשים 125 גרם,"אינסטנטה בע""מ",PT,שמרית שמרים יבשים 125 גרם,גרמים,125.00,100 גרם,false,1,6.90,5.5200,true,1,212967
498003,true,לחם קמח מלא E-FREE,יוליניבר,IL,לחם קמח מלא E-FREE,Unknown,0.00,Unknown,false,1,16.90,0.0000,true,1,222756
498010,true,לחם שיפון E-FREE,יוליניבר,IL,לחם שיפון E-FREE,Unknown,0.00,Unknown,false,1,16.90,0.0000,true,1,222757
662213,true,נתח פילה סלמון קפוא,תנובה,IL,נתח פילה סלמון קפוא בוואקום לקג,קילוגרמים,1.00,"ק""ג",true,,114.00,114.0000,true,1,212857
1246979,true,אקופרנד-נוזל כלים 1,פ.פ.ח. שאביט,IL,אקופרינד נוזל לניקוי כלים אקולוגי 1 ליטר,ליטרים,1.00,ליטר,false,1,15.90,15.9000,true,1,226353
1407127,true,חלבה בארכה פרוסות חל,HIQ FOOD PRODUCTS,IL,בארכה פרוסות חלבה וניל כלפ.8*400גרם,גרמים,400.00,100 גרם,false,1,15.90,3.9750,true,1,224912
1865460,true,פמילי משאבה ליים,המאפיה של הרמן,TR,פמלי 1 ליטר אל סבון מפנק בניחוח קוקוס,ליטרים,1.00,ליטר,false,1,14.90,14.9000,true,1,114576
2128311,true,נר נשמה מנורה בכוס ש,מנורה,IL,נר נשמה מנורה בכוס שבועי,יחידה,1.00,יחידה,false,1,13.90,13.9000,true,1,218859
2128410,true,נרות שבת אורה מספר 6,מנורה,IL,נרות שבת אורה מספר 6,יחידה,1.00,יחידה,false,1,3.90,3.9000,true,1,234326
2128946,true,נר נשמה מנורה  בכוס,מנורה,IL,נר נשמה מנורה  בכוס 84 שעות,יחידה,1.00,יחידה,false,1,5.90,5.9000,true,1,234327
2317166,true,מלפפון בחומץ 10-12 A,מוטולה,IL,מלפפון בחומץ 10-12 A2 מוטולה 320גרם,גרמים,320.00,100 גרם,false,1,9.90,3.0938,true,1,234300
2317326,true,זיתים מנזולינו 12-15,מוטולה,IL,זיתים מנזולינו 12-15 +20% A2 מוטולה  408,גרמים,408.00,100 גרם,false,1,8.90,2.1814,true,1,234303
2317616,true,זיתים מרינט 17-19 A2,מוטולה,IL,זיתים מרינט 17-19 A2  מוטולה 340גרם,גרמים,340.00,100 גרם,false,1,10.90,3.2059,true,1,234299
2317678,true,זיתים נטולי גלעין מו,מוטולה,IL,זיתים נטולי גלעין מוטולה 265גרם  צנצנת,גרמים,265.00,100 גרם,false,1,9.90,3.7358,true,1,234302
2317753,true,זיתים טבעות ירוק  מו,מוטולה,IL,זיתים טבעות ירוק  מוטולה 300 גרם צנצנת,גרמים,300.00,100 גרם,false,1,9.90,3.3000,true,1,234301
2814412,true,סנט מוריץ נוזל כלים,ארבה כימיקלים,TR,סנט מוריץ נוזל כלים לימון ליים 1.6 ליטר,ליטרים,1.60,ליטר,false,1,11.90,7.4375,true,1,233080
2814436,true,סנט מוריץ נוזל כלים,ארבה כימיקלים,TR,סנט מוריץ נוזל כלים לימון 1.6 ליטר 18%,ליטרים,1.60,ליטר,false,1,11.90,7.4375,true,1,233079
2814597,true,טורנדו נוזל לפתיחת ס,קומפלקס כימיקלים,IL,טורנדו נוזל לפתיחת סתימות 1 ליטר,ליטרים,1.00,ליטר,false,1,18.90,18.9000,true,1,209779
2814603,true,מסיר שומנים מבושם 75,קומפלקס כימיקלים,IL,מסיר שומנים מבושם 750 מל,מיליליטרים,750.00,"100 מ""ל",false,1,13.90,1.8533,true,1,233085
2830245,true,פילה לברק יפני 7-9,,CN,פילה לברק יפני 7-9,קילוגרמים,1.00,"ק""ג",true,,54.90,54.9000,true,1,220935
3140237,true,סילאן לחיץ,קליית גת,IL,סילאן לחיץ 360 קלית גת,גרמים,360.00,100 גרם,false,1,13.90,3.8611,true,1,211928
3976041,true,מרכך כביסה מרוכז 1 ל,אקופרנד,IL,מרכך כביסה מרוכז 1 ליטר  פ. העמק אקופרנד,ליטרים,1.00,ליטר,false,1,20.90,20.9000,true,1,227930
3976096,true,אקופרנד-גל כביסה מרו,אקופרנד,IL,אקופרנד-גל כביסה מרוכז,ליטרים,1.00,ליטר,false,1,20.90,20.9000,true,1,226354
4199074,true,פלסטרים 50 יח,הדקלאים אגודת שיתופי,CN,סאני פלסטר 50 פלסטרים בגדלים שונים סטריליים,Unknown,0.00,Unknown,false,1,5.90,0.0000,true,1,224945
4343354,true,מספריים גרמניה לעור,,,מספריים אל חלד לעור,יחידה,1.00,יחידה,false,1,39.90,39.9000,true,1,229336
6256775,true,יין גאטו נגרו מלבק 7,פינקל פודס,AR,יין גאטו נגרו מלבק 750 מל,מיליליטרים,750.00,"100 מ""ל",false,1,36.90,4.9200,true,1,123839
8403238,true,ברי איסיני לקגג,,,ברי איסיני לקגג,קילוגרמים,1.00,"ק""ג",true,1,149.00,149.0000,true,1,209557
10163069,false,צנובר  100 גר,"דין שיווק וקליה בע""מ",,צנובר  100 גר,גרמים,150.00,100 גרם,false,1,24.90,16.6000,false,1,229819
40084077,false,קינדר מקסי,קדבורי,DE,קינדר מקסי,יחידה,1.00,יחידה,false,1,3.50,3.5000,true,1,201820
40084107,false,ביצת הפתעה קינדר בוד,קדבורי,IT,ביצת הפתעה - עשיר בחלב,גרמים,20.00,100 גרם,false,1,6.00,30.0000,true,1,110621
40099583,false,מסטיק סטיקס        .,ריגלי צרפת,FR,מסטיק אורביט ילדים קלאסי סטיקס בודד,Unknown,0.00,Unknown,false,1,2.30,0.0000,true,1,110575
40099606,false,מסטיק אורביט סטיקס ס,ריגלי צרפת,FR,מסטיק אורביט ספרמינט סטיקס בודד,לא מנהל יחידת מידה,0.00,לא מנהל יחידת מידה,false,1,2.30,0.0000,true,1,70557
40099705,false,מסטיק אורביט סטיקס פ,ריגלי צרפת,FR,מסטיק אורביט פפרמינט סטיקס בודד,לא מנהל יחידת מידה,0.00,לא מנהל יחידת מידה,false,1,2.30,0.0000,true,1,70558
40111216,false,חטיף שוקולד באונטי 5,"נארז ע""י : א.ג. גילר",NL,חטיף שוקולד באונטי 57 גרם,גרמים,57.00,100 גרם,false,1,4.70,8.2456,true,1,8333
42138105,false,סיגריות וינסטון סלימ,גיי טי אינטרנשיונל,,סיגריות וינסטון סלימס כחול חפיסה בודד,לא מנהל יחידת מידה,0.00,לא מנהל יחידת מידה,false,1,34.30,0.0000,false,1,151448
42154662,false,מסטיק אורביט באריזת,ריגלי,,מסטיק אורביט באריזת מעטפה ספירמינט,לא מנהל יחידת מידה,0.00,לא מנהל יחידת מידה,false,1,6.90,0.0000,true,1,138707
42174479,false,מסטיק אורביט באריזת,ריגלי,,מסטיק אורביט באריזת מעטפה תות,גרמים,27.00,100 גרם,false,1,6.90,25.5556,true,1,200666
42182115,false,מסטיק פייב ספירמינט,מרס נדרלנד,,מסטיק פייב ספירמינט סטיקס,Unknown,0.00,Unknown,false,1,6.90,0.0000,true,1,158137
42188889,false,מסטיק פייב אבטיח סטי,מרס נדרלנד,,מסטיק פייב אבטיח סטיקס,גרמים,31.00,100 גרם,false,1,6.90,22.2581,true,1,165492
42212119,false,מסטיק אורביט באריזת,ריגלי,,מסטיק אורביט באריזת מעטפה פפרמינט,לא מנהל יחידת מידה,0.00,לא מנהל יחידת מידה,false,1,6.90,0.0000,true,1,202020
59081630,false,דאב דאודורנט רול און,יוניליוור,GB,DOVE דאו רול-און 50 ML,מיליליטרים,50.00,"100 מ""ל",false,1,19.90,39.8000,true,1,225920
59455240,false,סיגריות ווג ליידי לי,BAT,,סיגריות ווג ליידי לילך חפיסה בודד,Unknown,0.00,Unknown,false,1,40.00,0.0000,false,1,170906
72917589,false,מקופלת 25 גרם,"שטראוס גרופ בע""מ",IL,מקופלת 25 גר מגדים,גרמים,25.00,100 גרם,false,1,4.50,18.0000,true,1,54053
72918388,false,טוויסט 28 גרם,"שטראוס גרופ בע""מ",IL,טוויסט 28 גר וועסטהיים,גרמים,28.00,100 גרם,false,1,4.50,16.0714,true,1,86428
72940761,false,מילקי שוקולד 133 גרם,מיוצר עי קונדיטוריית,IL,מילקי בטעם שוקולד,גרמים,133.00,100 גרם,false,1,3.00,2.2556,true,1,63782
72940952,false,מילקי פי 2 קצפת 107,"שטראוס גרופ בע""מ",IL,מילקי אקסטרה קצפת,גרמים,107.00,100 גרם,false,1,3.90,3.6449,true,1,54112
72945308,false,שמרים טריים לאפייה ש,קדבורי,IL,שמרית שמרים טריים לאפייה 50 גרם,גרמים,50.00,100 גרם,false,1,4.50,9.0000,true,1,54178
72961520,false,פרילי אננס בגביע 125,מיוצר עי קונדיטוריית,IL,פרילי אננס בגביע 125 גרם,מיליליטרים,125.00,"100 מ""ל",false,1,3.50,2.8000,true,1,86941
72963753,false,שמנת של פעם 27% תנוב,כצט,IL,תנובה שמנת של פעם אורגינל 27% שומן,מיליליטרים,200.00,"100 מ""ל",false,1,4.20,2.1000,true,1,65377
72982389,false,מור פה תרסיס לרענון,שולמית קוסמטיקה,,מור פה תרסיס לרענון ריח פה מנטה,לא מנהל יחידת מידה,0.00,לא מנהל יחידת מידה,false,1,19.90,0.0000,true,1,203416
72986370,false,"גלידה וניל 500 מ""ל",המאפיה של הרמן,IL,פיינט וניל FT,מיליליטרים,500.00,"100 מ""ל",false,1,23.90,4.7800,true,1,67070
72986424,false,גלידה קרם עוגיות 500,המאפיה של הרמן,IL,"פיינט קרם עוגיות בד""ץ",מיליליטרים,500.00,"100 מ""ל",false,1,23.90,4.7800,true,1,59761
72986448,false,גלידה טופי קראנץ 500,המאפיה של הרמן,IL,גלידת  וניל עם חתיכות טופי  מצופות שוקולד,מיליליטרים,500.00,"100 מ""ל",false,1,23.90,4.7800,true,1,67072
72986455,false,גלידה ניו יורק סופר,המאפיה של הרמן,IL,פיינט ניו-יורק סופר FT,מיליליטרים,500.00,"100 מ""ל",false,1,23.90,4.7800,true,1,88728
72986479,false,גלידה צינקי מונקי 50,המאפיה של הרמן,IL,פיינט צאנקי מנקי FT,מיליליטרים,500.00,"100 מ""ל",false,1,23.90,4.7800,true,1,88729
72989395,false,טילון קרם עוגיות 100,מוצרי איכות אמריקאיי,IL,טילון קרם עוגיות,גרמים,100.00,100 גרם,false,1,8.90,8.9000,true,1,59762
72989425,false,גלידה שוקולד בראוניס,המאפיה של הרמן,IL,פיינט שוקולד בראוניס FT,מיליליטרים,500.00,"100 מ""ל",false,1,23.90,4.7800,true,1,59763
72991497,false,סיגריות נובלס פילטר,דובק,,סיגריות נובלס פילטר חפיסה בודד,יחידה,0.00,יחידה,false,1,30.60,0.0000,false,1,88739
72991886,false,גלידה דולצה דה לצה 5,המאפיה של הרמן,IL,פיינט דולצ'ה דה לצ'ה,מיליליטרים,500.00,"100 מ""ל",false,1,23.90,4.7800,true,1,59772
72993637,false,דני שוקולד מהדרין,"ב.א מזון בע""מ",IL,דני שוקולד,גרמים,125.00,100 גרם,false,1,2.90,2.3200,true,1,140432
76136184,false,סיגריות פאל מל סלימס,BAT,,סיגריות פאל מל סלימס כחול חפיסה בודד,לא מנהל יחידת מידה,0.00,לא מנהל יחידת מידה,false,1,31.40,0.0000,false,1,134573
78009226,false,סטיק אורגינל לאשה,ג'נרל מילס סאן אדריא,,דאודורנט אנטי-פרספירנט סטיק לאשה אורגינל,מיליליטרים,50.00,"100 מ""ל",false,1,24.90,49.8000,true,1,198086
80001027,false,חטיף טורטינה חלב,"כד בני דרום בע""מ",IT,וופל בציפוי שוקולד חלב וממלוא בקרם אגוזים,גרמים,21.00,100 גרם,false,1,4.60,21.9048,true,1,60520
80001287,false,חטיף גרדנה אגוז,לואקר,AT,חטיף גרדנה אגוז 38 גרם,גרמים,38.00,100 גרם,false,1,4.50,11.8421,true,1,107624
80001461,false,חטיף גרדנה שוקולד,"אינסטנטה בע""מ",AT,חטיף גרדנה שוקולד 38 גרם,גרמים,38.00,100 גרם,false,1,4.50,11.8421,true,1,135486
80001799,false,חטיף טורטינה לבן 21,"כד בני דרום בע""מ",IT,וופל בציפוי שוקולד חלב וממלוא בקרם אגוזים,גרמים,21.00,100 גרם,false,1,4.50,21.4286,true,1,198164
80050025,false,סוכריות טיק טק תפוז,קדבורי,ZA,דחוסות בטעם תפוז,גרמים,16.00,100 גרם,false,1,4.50,28.1250,true,1,67731
80050124,false,סוכריות טיק טק מנטה,קדבורי,ZA,טיק טק מנטה,גרמים,16.00,100 גרם,false,1,4.50,28.1250,true,1,63287
80050278,false,פררו רושה שלישייה,קדבורי,IT,פררו רושה שלישייה,גרמים,38.00,100 גרם,false,1,6.50,17.1053,true,1,112462
80052487,false,רפאלו  30 גרי שלישיי,פררו,PL,רפאלו  30 גרי שלישייה,גרמים,30.00,100 גרם,false,1,4.50,15.0000,true,1,165145
80052760,false,חטיף וופל קינדר בואנ,קדבורי,PL,קינדר בואנו,גרמים,43.00,100 גרם,false,1,5.00,11.6279,true,1,107687
80176732,false,קינדר הפי היפו,קדבורי,DE,"הפי היפו קקאו, וופל במילוי קרם חלבי וקרם קקאו",גרמים,21.00,100 גרם,false,1,3.50,16.6667,true,1,139772
80177173,false,ממרח שוקולד נוטלה,פררו,IT,ממרח שוקולד נוטלה אגוזים 350 גרם,גרמים,350.00,100 גרם,false,1,15.90,4.5429,true,1,107703
80177180,false,שוקולד קינדר קאנטרי,קדבורי,IT,שוקולד קינדר קאנטרי 23.5 גרם,גרמים,24.00,100 גרם,false,1,3.50,14.5833,true,1,166361
80177609,false,שוקולד קינדר אצבעות,קדבורי,IT,שוקולד חלב עם תכולת חלב גבוהה במילוי קרם חלבי,גרמים,50.00,100 גרם,false,1,5.90,11.8000,true,1,89541
80177616,false,שוקולד חלב ממולא קינ,פררו,IT,שוקולד חלב עם תכולת חלב גבוהה במילוי קרם חלבי,גרמים,100.00,100 גרם,false,1,9.50,9.5000,true,1,107704
80273561,false,פלפל שחור במטחנה 45,DROGHERIA E ALIMENTA,,פלפל שחור במטחנה 45 גרם,גרמים,45.00,100 גרם,false,1,12.90,28.6667,true,1,107735
80273592,false,פלפל 4 העונות במטחנה,DROGHERIA E ALIMENTA,,פלפל 4 העונות במטחנה 35 גרם,גרמים,35.00,100 גרם,false,1,12.90,36.8571,true,1,107737
80273639,false,מלח ים במטחנה 90 גרם,DROGHERIA E ALIMENTA,,מלח ים במטחנה 90 גרם,גרמים,90.00,100 גרם,false,1,12.90,14.3333,true,1,63733
80273677,false,"צ""ילי במטחנה 20 גרם",DROGHERIA E ALIMENTA,,"צ""ילי במטחנה 20 גרם",גרמים,20.00,100 גרם,false,1,12.90,64.5000,true,1,107742
80310549,false,הפי היפו אגוזים בודד,קדבורי,DE,"הפי היפו קקאו, וופל במילוי קרם חלבי וקרם אגוזי לוז",לא מנהל יחידת מידה,0.00,לא מנהל יחידת מידה,false,1,3.00,0.0000,true,1,213218
80310891,false,"ביצת קינדר ג""וי",פררו,ZA,"ביצת קינדר ג""וי 20 גרם",גרמים,20.00,100 גרם,false,1,6.00,30.0000,true,1,234240
80650874,false,תיבול גורמה שום,דרוגריה ואלימנטרי אס,,תיבול גורמה שום ופטרוזיליה,מיליליטרים,80.00,"100 מ""ל",false,1,12.90,16.1250,true,1,107774
80650881,false,תיבול גורמה בזיליקום,דרוגריה ואלימנטרי אס,,תיבול גורמה בזיליקום ים תיכוני,מיליליטרים,80.00,"100 מ""ל",false,1,12.90,16.1250,true,1,107775
80651000,false,"שום וצ""ילי במטחנה 30",DROGHERIA E ALIMENTA,,"שום וצ""ילי במטחנה 30 גרם",גרמים,30.00,100 גרם,false,1,12.90,43.0000,true,1,63753
80761761,false,חטיף וופל קינדר בואנ,קדבורי,PL,חטיף וופל קינדר בואנו שוקולד לבן 39 גרם,גרמים,39.00,100 גרם,false,1,5.00,12.8205,true,1,167635
80768258,false,ביצת קינדר גוי ורוד,פררו,ZA,קינדר ג'וי ורוד,גרמים,20.00,100 גרם,false,1,6.00,30.0000,true,1,190149
80773429,false,מסטיק מנטוס פיור פרש,"פרפטי ואן מלה ג'ידה,",TR,מנטוס גומי לעיסה ללא סוכר בטעם תות שדה,גרמים,60.00,100 גרם,false,1,9.90,16.5000,true,1,208394
80773443,false,מסטיק מנטוס מנטה פיר,פרפטי ואן מלה ברדה,TR,מנטוס גומי לעיסה ללא סוכר בטעם מנטה,גרמים,60.00,100 גרם,false,1,9.90,16.5000,true,1,206663
80790990,false,מסטיק מנטוס מנטה עדי,פרפטי ואן מלה ברדה,TR,מסטיק מנטוס מנטה עדינה בקבוק מעוגל 60 גר,גרמים,60.00,100 גרם,false,1,9.90,16.5000,true,1,206662
80809265,false,חטיף טורטינה חמאת בו,לואקר,IT,חטיף טורטינה חמאת בוטנים 21 גרם,גרמים,21.00,100 גרם,false,1,4.50,21.4286,true,1,232783
80820956,false,לואקר חטיף פטיסרי אג,לואקר,IT,לואקר חטיף פטיסרי אגוז 21 גרם,גרמים,21.00,100 גרם,false,1,4.50,21.4286,true,1,229377
80843184,false,מסטיק בקבוקון פיור ע,פרפטי ואן מלה,TR,מסטיק בקבוקון פיור ענבים 60 גרם,גרמים,60.00,100 גרם,false,1,9.90,16.5000,true,1,229759
80864059,false,גרדנה חמאת בוטנים 38,לואקר,IT,גרדנה חמאת בוטנים 38 גרם,גרמים,38.00,100 גרם,false,1,4.50,11.8421,true,1,232784
80864295,false,מסטיק בקבקון מ.עדינה,פרפטי ואן מלה,TR,מסטיק בקבקון מ.עדינה pure white 60 גרם,גרמים,60.00,100 גרם,false,1,9.90,16.5000,true,1,230126
80874652,false,קינדר קארדס 25.6 גרם,פררו,IT,קינדר קארדס 25.6 גרם,גרמים,26.00,100 גרם,false,1,4.90,18.8462,true,1,233942
80896081,false,מסטיק מנטוס פיור פרש,פרפטי ואן מלה ברדה,TR,מנטוס גומי לעיסה ללא סוכר בטעם אבטיח,גרמים,60.00,100 גרם,false,1,9.90,16.5000,true,1,208395
80913467,false,מסטיק מנטוס מנטה בקב,"אינסטנטה בע""מ",TR,mentos - pure fresh,גרמים,60.00,100 גרם,false,1,9.90,16.5000,true,1,206664
80936473,false,סוכריות מנטה chewy&f,הדקלאים אגודת שיתופי,NL,מנטוס סוכריות לעיסה בטעם מנטה 99 גרם,גרמים,99.00,100 גרם,false,1,12.90,13.0303,true,1,216730
80936848,false,סוכריות טיק טק תות 1,קדבורי,ZA,טיק טק תות,גרמים,16.00,100 גרם,false,1,4.50,28.1250,true,1,189427
80945468,false,מסטיק בקבקון מ.מתוקה,פרפטי ואן מלה,TR,מסטיק בקבקון מ.מתוקה pure white 60 גרם,גרמים,60.00,100 גרם,false,1,9.90,16.5000,true,1,230127
80974482,false,ביצת קינדר גוי כחול,פררו,ZA,קינדר ג'וי כחול,גרמים,20.00,100 גרם,false,1,6.00,30.0000,true,1,190150
80979128,false,מסטיק בקבוקון פיור ד,פרפטי ואן מלה,TR,מסטיק בקבוקון פיור דובדובן 60 גרם,גרמים,60.00,100 גרם,false,1,9.90,16.5000,true,1,229760
80982470,false,מסטיק מנטוס פיור מנט,פרפטי ואן מלה ברדה,TR,מסטיק מנטוס פיור מנטה חזקה 60 ג,גרמים,60.00,100 גרם,false,1,9.90,16.5000,true,1,222726
80986348,false,מסטיק בקבקון מנטה pu,פרפטי ואן מלה,TR,מסטיק בקבקון מנטה pure white 60 גרם,גרמים,60.00,100 גרם,false,1,9.90,16.5000,true,1,230128
85939868,false,נייר קצר ללא פילטר,,,נייר קצר ללא פילטר,יחידה,0.00,יחידה,false,1,3.00,0.0000,true,1,185532
85942677,false,נייר קצר כולל פילטר,,,נייר קצר כולל פילטר,Unknown,0.00,Unknown,false,1,6.00,0.0000,false,1,178043
85942707,false,נייר קצר עבה,,,נייר קצר עבה,Unknown,0.00,Unknown,false,1,3.00,0.0000,false,1,194931
85951730,false,120 פילטרים SLIM PAR,,,120 פילטרים SLIM PARTY,Unknown,0.00,Unknown,false,1,6.50,0.0000,false,1,172004
85966611,false,נייר גלגול גדול כולל,,,נייר גלגול גדול כולל פילטר PIH,יחידה,1.00,יחידה,false,1,7.50,7.5000,false,1,218622
85967069,false,נייר גלגול גדול כולל,,,נייר גלגול גדול כולל פילטר חום,יחידה,1.00,יחידה,false,1,8.00,8.0000,false,1,216695
85967076,false,נייר בינוני כולל פיל,,,נייר בינוני כולל פיל,יחידה,1.00,יחידה,false,1,7.00,7.0000,true,1,218621
87108538,false,סוכריות מנטוס תות גל,הדקלאים אגודת שיתופי,NL,מנטוס תות 40 גלילים,גרמים,38.00,100 גרם,false,1,3.90,10.2632,true,1,134218
87311396,false,סוכריות מנטוס ריינבא,קדבורי,NL,מנטוס  ריינבאוו סוכריות לעיסה בטעמי פירות 37.5 גרם,גרמים,38.00,100 גרם,false,1,3.90,10.2632,true,1,178486
90162602,false,משקה אנרגיה רד בול,רד בול ג'י.אם.בי. אץ,AT,"משקה אנרגיה רד בול 250 מ""ל",מיליליטרים,250.00,"100 מ""ל",false,1,8.00,3.2000,true,1,134502
90448867,false,רד בול ללא פחמימות פ,רד בול,AT,רד בול ללא פחמימות פחית 250 מל,מיליליטרים,250.00,"100 מ""ל",false,1,8.00,3.2000,true,1,232131
9073102314,false,גלידה סורבט שרונס קו,ק.ש.מ טופ סחר,,"גלידה סורבט שרונס קוקוס 500 מ""ל",מיליליטרים,500.00,"100 מ""ל",false,1,23.90,4.7800,true,1,118665
9800800056,false,נוטלה גו בייגלה מלוח,פררו,DE,נוטלה גו בייגלה מלוח,גרמים,52.00,100 גרם,false,1,6.90,13.2692,true,1,203454
11182700923,false,קינג קול שעועית אדומ,קינג קול,,קינג קול שעועית אדומה,יחידה,1.00,יחידה,false,1,10.90,10.9000,true,1,178301
11182700930,false,שעועית אדומה בהירה ק,קינג קול,,שעועית אדומה בהירה קינג קול 436 גרם,גרמים,436.00,100 גרם,false,1,10.90,2.5000,true,1,172318
11182700954,false,שעועית שחורה קינג קו,קינג קול,,שעועית שחורה קינג קול 436 גרם,גרמים,436.00,100 גרם,false,1,10.90,2.5000,true,1,168374
11210000094,false,"רוטב טבסקו 60 מ""ל",מקאילהייני אייבורי,,"רוטב טבסקו 60 מ""ל",מיליליטרים,60.00,"100 מ""ל",false,1,11.90,19.8333,true,1,148
11210007253,false,רוטב טבסקו שום ופלפל,מקאילהייני אייבורי,,"רוטב טבסקו שום ופלפל 60 מ""ל",מיליליטרים,60.00,"100 מ""ל",false,1,11.90,19.8333,true,1,151
11210009387,false,רוטב טבסקו פלפל ירוק,מקאילהייני אייבורי,,"רוטב טבסקו פלפל ירוק 60 מ""ל",מיליליטרים,60.00,"100 מ""ל",false,1,11.90,19.8333,true,1,152
14100074120,false,עוגיות מילאנו פפרידג,פפרדג פארם,,עוגיות מילאנו פפרידג 198 גרם,גרמים,198.00,100 גרם,false,1,22.90,11.5657,true,1,410
14100078609,false,עוגיות דאבל שוקולד פ,פפרדג פארם,,עוגיות דאבל שוקולד פפרידג 220 גרם,גרמים,220.00,100 גרם,false,1,19.90,9.0455,true,1,133859
14100082033,false,עוגיות קאפטיבה רכות,פפרדג פארם,,עוגיות קאפטיבה רכות פפרידג 244 גרם,גרמים,244.00,100 גרם,false,1,22.90,9.3852,true,1,139225
16000142220,false,נייטצר ואלי פרוטאין,ג'נרל מילס,US,נייטצר ואלי פרוטאין XL בוטנים קרמל מלוח,גרמים,60.00,100 גרם,false,1,11.90,19.8333,true,1,231071
16000423534,false,חטיפי גרנולה קראנצי,ג'נרל מילס סאן אדריא,ES,חטיפי גרנולה קראנצי שיבולת שועל מריר 210,גרמים,210.00,100 גרם,false,1,14.90,7.0952,true,1,168306
16000548404,false,חטיפי גרנולה קראנצי,ג'נרל מילס סאן אדריא,ES,"נייטשר וואלי, קראנצ'י שיבולת שועל עם דבש",גרמים,210.00,100 גרם,false,1,14.90,7.0952,true,1,368
16000548503,false,חטיפי גרנולה קראנצי,ג'נרל מילס סאן אדריא,ES,חטיפי גרנולה קראנצי מייפל וסוכר חום 210,גרמים,210.00,100 גרם,false,1,14.90,7.0952,true,1,289
16000548909,false,חטיפי גרנולה קראנצי,ג'נרל מילס סאן אדריא,ES,חטיפי גרנולה קראנצי מגוון טעמים 210 גרם,גרמים,210.00,100 גרם,false,1,14.90,7.0952,true,1,369
18000766413,false,תערובת לעוגת בראוניס,הדקלאים אגודת שיתופי,IL,תערובת לעוגת בראוניס פלסברי 550 גרם,גרמים,550.00,100 גרם,false,1,17.90,3.2545,true,1,895
22200956932,false,"ג""ל כחול ספיד סטיק 2",הנסיך- מפעל לייצור ט,US,דאודורנט 24/7 ג'ל כחול ספיד סטיק,מיליליטרים,85.00,"100 מ""ל",false,1,21.90,25.7647,true,1,934
22224500722,false,סוויט כאוס פופקורן ע,קניז קודי קומפוני,US,סוויט כאוס פופקורן עם בצק עוגה 156 גרם,גרמים,156.00,100 גרם,false,1,24.90,15.9615,true,1,229243
25675120020,true,מקלות פטל 100 גרם,,,מקלות פטל 100 גרם,גרמים,100.00,100 גרם,false,1,9.90,9.9000,true,1,233926
25675120037,false,מקלות תות 100 גרם,,,מקלות תות 100 גרם,גרמים,100.00,100 גרם,false,1,9.90,9.9000,true,1,1356
25675120044,true,מקלות תפוח עץ 100 גר,,,מקלות תפוח עץ 100 גרם,גרמים,100.00,100 גרם,false,1,9.90,9.9000,true,1,233924
25675120068,false,מקלות קולה 100 גרם,,,מקלות קולה 100 גרם,גרמים,100.00,100 גרם,false,1,9.90,9.9000,true,1,1357
30100487197,false,קיבלר קרקר גבינת צדר,"מאכלי עולם ר.ז. בע""מ",,קיבלר קרקר גבינת צדר לבן 39 גרם,גרמים,39.00,100 גרם,false,1,4.00,10.2564,true,1,192773
30100545101,false,קיבלר קרקר קלאב צדר,"מאכלי עולם ר.ז. בע""מ",,קיבלר קרקר קלאב צדר כתום 39 גרם,גרמים,39.00,100 גרם,false,1,4.00,10.2564,true,1,190309
33200147701,false,דפי מייבש פרש אנד סו,מולינו ניקולי s.p.a,US,דפי מייבש פרש אנד סופט 100 יח ורוד,לא מנהל יחידת מידה,0.00,לא מנהל יחידת מידה,false,1,24.90,0.0000,true,1,139390
33617340610,false,פת פריכה ואזה שיפון,כלורוקס אוקלנד,SE,ווזה פת פריכה מקמח שיפון 275 גרם,גרמים,250.00,100 גרם,false,1,13.90,5.5600,true,1,172209
34000271184,false,הרשיז דרופס,הרשי,US,הרשיז דרופס,גרמים,59.00,100 גרם,false,1,6.50,11.0169,true,1,209475
34000470228,false,שוקולד חלב מיני ריזס,הרשי,,שוקולד חלב מיני ריזס 70 גרם,גרמים,70.00,100 גרם,false,1,6.90,9.8571,true,1,187324
36000183399,false,חיתולי האגיס שחיה מי,KC Czech,,חיתולי האגיס שחיה מידה S/M,לא מנהל יחידת מידה,0.00,לא מנהל יחידת מידה,false,1,40.90,0.0000,true,1,6208
36000516876,false,קלינקס לושן 75 - 3 ש,קימברלי,GB,קלינקס לושן 75 - 3 שכבות,יחידה,27.00,יחידה,false,1,11.90,0.4407,true,1,218547
37600207188,false,חמאת בוטנים סקיפי קל,פלזנסקי,US,חמאת בוטנים סקיפי קלאסיק 462 גרם,גרמים,462.00,100 גרם,false,1,20.90,4.5238,true,1,192307
37600207256,false,חמאת בוטנים סקיפי בו,פלזנסקי,US,חמאת בוטנים סקיפי עם שברי בוטנים 462 גרם,גרמים,462.00,100 גרם,false,1,24.90,5.3896,true,1,192431
37600207287,false,חמאת בוטנים עם דבש ס,כלורוקס אוקלנד,US,חמאת בוטנים סקיפי עם דבש 462 גרם,גרמים,462.00,100 גרם,false,1,25.60,5.5411,true,1,192432
37600297967,false,CHI-CHIS מטבל סלסה ב,,US,CHI-CHIS מטבל סלסה בחריפות עדינה 439 גרם,גרמים,439.00,100 גרם,false,1,16.90,3.8497,true,1,234135
38000138720,false,פרינגלס ראנץ 158 גרם,פרינגלס מניופקצ'ורינ,US,פרינגלס ראנץ 158 גרם,גרמים,158.00,100 גרם,false,1,9.90,6.2658,true,1,212538
38000138874,false,פרינגלס חלפיניו 158,לני אנד לארי,US,פרינגלס  פלפל חריף חלפיניו 158 גרם,גרמים,158.00,100 גרם,false,1,9.90,6.2658,true,1,204189
38000183690,true,פרינגלס ברביקיו מידי,פרינגלס מניופקצ'ורינ,US,פרינגלס ברביקיו מידי חלבי 74 גרם,גרמים,74.00,100 גרם,false,1,5.90,7.9730,true,1,213461
38000202278,false,פרינגלס גלי  אורגינל,פרינגלס מניופקצ'ורינ,US,פרינגלס גלי  אורגינל 130 גרם,גרמים,130.00,100 גרם,false,1,9.90,7.6154,true,1,220903
38000232152,false,פרינגלס ברביקיו 158ג,פרינגלס מניופקצ'ורינ,US,פרינגלס ברביקיו 158גרם,גרמים,158.00,100 גרם,false,1,9.90,6.2658,true,1,218896
38000232169,false,פרינגלס מידי אורגינל,פרינגלס מניופקצ'ורינ,US,פרינגלס מידי אורגינל 67גרם,גרמים,67.00,100 גרם,false,1,5.90,8.8060,true,1,218897
38000232176,false,פרינגלס שמנת בצל 158,פרינגלס מניופקצ'ורינ,US,פרינגלס שמנת בצל 158גרם,גרמים,158.00,100 גרם,false,1,9.90,6.2658,true,1,218895
38000232183,false,פרינגלס אורגינל 149,פרינגלס מניופקצ'ורינ,US,פרינגלס אורגינל 149 גרם,גרמים,149.00,100 גרם,false,1,9.90,6.6443,true,1,218894
38000845253,false,פרינגלס מידי שמנת בצ,פרינגלס מנופקצורינג,US,פרינגלס מידי שמנת בצל 71 גרם,גרמים,71.00,100 גרם,false,1,5.90,8.3099,true,1,213459
38527591053,false,דגני קוואקר מרובעים,BEVERAGES FOODS & SE,,דגני קוואקר מרובעים קינמון 411 גרם,גרמים,411.00,100 גרם,false,1,21.90,5.3285,true,1,173757
38527591060,false,דגני קוואקר מרובעים,BEVERAGES FOODS & SE,,דגני קוואקר מרובעים סוכר חום 411 גרם,גרמים,411.00,100 גרם,false,1,21.90,5.3285,true,1,174353
39000008006,false,אורטגה טאקו מקסיקני,בי אנד גי,US,אורטגה טאקו מקסיקני 12 יחידות 164 גרם,גרמים,164.00,100 גרם,false,1,22.90,13.9634,true,1,154505
39000008051,false,אורטגה קיט ארוחת טאק,בי אנד גי,US,אורטגה קיט ארוחת טאקו 283 גרם,גרמים,283.00,100 גרם,false,1,29.90,10.5654,true,1,158880
39000008907,false,אורטגה רוטב טאקו מיי,בי אנד גי,US,אורטגה רוטב טאקו מיילד 226 גרם,גרמים,226.00,100 גרם,false,1,16.90,7.4779,true,1,216244
39000008914,false,אורטגה רוטב טאקו חרי,בי אנד גי,US,אורטגה רוטב טאקו חריף 226 גרם,גרמים,226.00,100 גרם,false,1,16.90,7.4779,true,1,216245
40000123415,false,כרזה    1X,ארסלן,,כרזה    1X,Unknown,0.00,Unknown,false,1,6.90,0.0000,true,1,69069
40000514480,false,סוכריות M&M בטעם שוק,מרס נדרלנד,,סוכריות M&M בטעם שוקולד 48 גרם,גרמים,48.00,100 גרם,false,1,5.80,12.0833,true,1,203319
40000514510,false,סוכריות שוקולד M&M,מרס נדרלנד,,סוכריות שוקולד M&M  בוטנים 49 גרם,גרמים,49.00,100 גרם,false,1,5.80,11.8367,true,1,203017
41224468108,false,עגבניות מיובשות בשמן,סיגס גיטה,,עגבניות מיובשות בשמן זית 283 גרם,גרמים,283.00,100 גרם,false,1,22.90,8.0919,true,1,149464
41390000058,false,רוטב טריאקי קיקומן 2,קדבורי,US,"רוטב טריאקי קיקומן 296 מ""ל",מיליליטרים,296.00,"100 מ""ל",false,1,23.90,8.0743,true,1,69104
41421177452,false,רייטס רוטב היקורי מע,בי אנד גי,US,רייטס רוטב היקורי מעושן מרוכז 103 מל,מיליליטרים,103.00,"100 מ""ל",false,1,13.90,13.4951,true,1,69106
41500013107,false,רוטב וורצסטר פרנצס29,רקיט בנקיזר,US,"רוטב וורצסטר פרנצס296 מ""ל",גרמים,295.00,100 גרם,false,1,19.90,6.7458,true,1,221577
44600320717,false,פחם קינגספורד אורגינ,כלורוקס אוקלנד,US,"פחם קינגספורד אורגינל 3.6 ק""ג",קילוגרמים,3.60,"ק""ג",false,1,49.90,13.8611,true,1,231794
46214731552,false,עוגיות שוקולד ציפס מ,קריניציה ויטמינה אס,NL,מרבה עוגיות עם 37% שוקולד צ'יפס 225 גרם,גרמים,225.00,100 גרם,false,1,9.90,4.4000,true,1,183
47495013054,false,חטיף תאנים ופטל פיג,בלה פור בייקרי,,חטיף תאנים ופטל פיג בר 57 גרם,גרמים,57.00,100 גרם,false,1,6.90,12.1053,true,1,210416
47800175477,false,רייטס רוטב מסקיט מעו,בי אנד גי,US,רייטס רוטב מסקיט מעושן מרוכז 103 מל,מיליליטרים,103.00,"100 מ""ל",false,1,13.90,13.4951,true,1,187033
47997130204,false,תערובת תיבול לסלמון,מגיק סיזנינג בלנד,US,תערובת תיבול לסלמון 198 גר,גרמים,198.00,100 גרם,false,1,22.90,11.5657,true,1,201921
48256222203,false,לניקוי כללי אסטוניש,אסטוניש,,לניקוי כללי אסטוניש משחה500גר          .,גרמים,500.00,100 גרם,false,1,17.90,3.5800,true,1,190
50000015474,false,פריסקיז דגים 1.42 קג,פורינה,US,פריסקיז דגים 1.42 קג,קילוגרמים,1.42,"ק""ג",false,1,35.90,25.2817,true,1,193
50000040803,true,פנסי פיסט גריל עוף,פורינה,US,פנסי פיסט גריל עוף,גרמים,85.00,100 גרם,false,1,5.90,6.9412,true,1,233667
50000100347,false,פריסקיז מעדני החתול,פורינה,US,פריסקיז מעדני החתול מועשר בחלב 1.4קג,קילוגרמים,1.40,"ק""ג",false,1,35.90,25.6429,true,1,122282
50000168583,false,פריסקיז אקסטרא קראנץ,פורינה,US,פריסקיז אקסטרא קראנץ 1.47 קג,קילוגרמים,1.47,"ק""ג",false,1,35.90,24.4218,true,1,222736
50000292592,true,פנסי פיסט סלמון ברוט,פורינה,US,פנסי פיסט סלמון ברוטב עשיר,גרמים,85.00,100 גרם,false,1,5.90,6.9412,true,1,220097
50000293339,false,פריסקיז גרייבי 156 ג,פורינה,US,פריסקיז גרייבי 156 ג,גרמים,156.00,100 גרם,false,1,6.90,4.4231,true,1,233293
50000397587,false,נסטלה אבקת שוקו חלב,נסטלה,US,נסטלה אבקת שוקו חלב 121 גרם,גרמים,121.00,100 גרם,false,1,20.90,17.2727,true,1,214159
50000426942,true,פנסי פיסט צאנקי בשר,פורינה,US,פנסי פיסט צאנקי בשר ועוף,גרמים,85.00,100 גרם,false,1,5.90,6.9412,true,1,233631
50000429943,false,פנסי פיסט גורמה עוף,פורינה,US,פנסי פיסט גורמה עוף 85 גרם,גרמים,85.00,100 גרם,false,1,5.90,6.9412,true,1,233668
50000571987,false,מזון חתולים נתחי עוף,פורינה,US,מזון חתולים נתחי עוף ברוטב פריסקיז 156 ג,גרמים,156.00,100 גרם,false,1,6.50,4.1667,true,1,177409
51500017043,false,חמאת בוטנים סמרקס טב,ג'י.אס.קיי קונסיומר,US,חמאת בוטנים סמרקס טבעית 340גרם,גרמים,340.00,100 גרם,false,1,17.90,5.2647,true,1,229722
51500255162,false,JIF חמאת בוטנים 454,ג'י.אס.קיי קונסיומר,US,JIF חמאת בוטנים 454 גרם,גרמים,454.00,100 גרם,false,1,17.90,3.9427,true,1,229723
52600751219,true,ממרח מרשמלו בטעם וני,,,ממרח מרשמלו בטעם וניל213 גרם,גרמים,213.00,100 גרם,false,1,16.90,7.9343,true,1,217192
54100977601,false,רוטב אופן פיט T אנד,פיניקל פודס גרופ,US,רוטב אופן פיט T אנד T אורגניל 510 גרם,גרמים,510.00,100 גרם,false,1,12.90,2.5294,true,1,216609
55369901673,false,מחית אפרסק ללא סוכר,ליייהי אורצ'רדס,,מחית אפרסק ללא סוכר אפלסנקס רביעייה,גרמים,113.00,100 גרם,false,1,14.90,13.1858,true,1,69237
55369901703,false,מחית תות שדה ללא סוכ,ליייהי אורצ'רדס,,מחית תות שדה ללא סוכר אפלסנקס רביעייה,גרמים,113.00,100 גרם,false,1,14.90,13.1858,true,1,2049
55369902564,false,מחית תפוחי עץ ללא סו,ליייהי אורצ'רדס,,מחית תפוחי עץ ללא סוכר אפלסנקס רביעייה,גרמים,113.00,100 גרם,false,1,14.90,13.1858,true,1,152472
55500012046,false,לניקוי כללי כלורקס,כלורוקס אוקלנד,US,"קלין אפ מרסס 946 מ""ל",מיליליטרים,946.00,"100 מ""ל",false,1,19.90,2.1036,true,1,69239
63517877145,false,פרנקיז חטיף אורגני ג,,CA,פרנקיז חטיף אורגני גבינת צדר עם אורז מלא,גרמים,113.00,100 גרם,false,1,19.90,17.6106,true,1,231077
63517877152,false,פרנקיז חטיף אורגני ח,,CA,פרנקיז חטיף אורגני חלפניו עם אורז מלא וק,גרמים,113.00,100 גרם,false,1,19.90,17.6106,true,1,231078
63517877169,false,פרנקיז חטיף אורגני ב,,CA,פרנקיז חטיף אורגני ברביקיו עם אורז מלא ו,גרמים,113.00,100 גרם,false,1,19.90,17.6106,true,1,231079
64144090051,false,PAM תרסיס שמן קנולה,קונאגרה פודס,,"PAM תרסיס שמן קנולה 148 מ""ל",מיליליטרים,148.00,"100 מ""ל",false,1,18.90,12.7703,true,1,195514
70177077693,false,תה אינגליש טוונינג 5,אר. טווינינגס אנד קו,PL,1X12X50G אינגליש ברקפסט,גרמים,50.00,100 גרם,false,1,18.90,37.8000,true,1,203609
71570001841,false,גלי בלי סוכריות גליב,ג'לי בלי קינדי,TH,גלי בלי סוכריות גליבטעם חמוצים 70 גרם,גרמים,70.00,100 גרם,false,1,11.90,17.0000,true,1,225249
71570001858,false,גלי בלי סוכריות גליב,ג'לי בלי קינדי,TH,גלי בלי סוכריות גליבטעם פירות 70 גרם,גרמים,70.00,100 גרם,false,1,11.90,17.0000,true,1,225248
72600062306,false,חטיף גבינה הר 198 גר,הר פודס,,חטיף גבינה הר 198 גרם,גרמים,198.00,100 גרם,false,1,26.90,13.5859,true,1,195805
74570004003,false,גלידת שמנת משובחת ונ,האגן דאז,,"גלידת שמנת משובחת וניל 473 מ""ל",מיליליטרים,473.00,"100 מ""ל",false,1,22.90,4.8414,true,1,69366
74570274000,false,גלידת שמנת עוגיות 47,האגן דאז,,"גלידת שמנת עוגיות 473 מ""ל",מיליליטרים,473.00,"100 מ""ל",false,1,22.90,4.8414,true,1,69369
74570703890,false,גלידת שמנת פרלינים 4,האגן דאז,,"גלידת שמנת פרלינים 473 מ""ל",מיליליטרים,473.00,"100 מ""ל",false,1,22.90,4.8414,true,1,69371
75810021255,false,רוטב תמרי ללא גלוטן,סאן גיי אינטרנשיונל,,"רוטב תמרי ללא גלוטן סאן גיי 296 מ""ל",מיליליטרים,296.00,"100 מ""ל",false,1,29.90,10.1014,true,1,214832
76840001767,false,גלידה בן&גרי wake &,מוצרי איכות אמריקאים,IL,"גלידה בן&גרי wake & no bake core 500 מ""ל",גרמים,500.00,100 גרם,false,1,23.90,4.7800,true,1,219373
76840001774,false,בצק עוגות שוקולד ציפ,מוצרי איכות אמריקאים,IL,"גלידה בן&גרי שוקולד צפס קור 500מ""ל",גרמים,500.00,100 גרם,false,1,23.90,4.7800,true,1,219372
76840002351,false,"פיינט בן &גרי 500 מ""",בן & ג'ריס,IL,"פיינט בן &גרי 500 מ""לGimme smore",מיליליטרים,500.00,"100 מ""ל",false,1,23.90,4.7800,true,1,223266
76840002542,false,פיינט נטפליקס וצילד,מוצרי איכות אמריקאים,IL,פיינט נטפליקס וצילד,גרמים,500.00,100 גרם,false,1,23.90,4.7800,true,1,219915
76840002566,false,גלידה בן&גרי נטפליקס,בן & ג'ריס,US,"גלידה בן&גרי נטפליקס ללא חלב 500 מ""ל",מיליליטרים,500.00,"100 מ""ל",false,1,29.90,5.9800,true,1,219914
76840100583,false,גלידה בצק עוגיות 473,מוצרי איכות אמריקאיי,,"גלידה בצק עוגיות 473 מ""ל",מיליליטרים,473.00,"100 מ""ל",false,1,23.90,5.0529,true,1,160904
76840100811,false,גלידה חמאת בוטנים 47,מוצרי איכות אמריקאיי,,"גלידה חמאת בוטנים 473 מ""ל",מיליליטרים,473.00,"100 מ""ל",false,1,23.90,5.0529,true,1,181762
76840400027,false,"גלידה שוקולד 500 מ""ל",מוצרי איכות אמריקאיי,,"גלידה שוקולד 500 מ""ל",מיליליטרים,500.00,"100 מ""ל",false,1,23.90,4.7800,true,1,2396
76840400218,false,גלידה עוגת גבינה ותו,מוצרי איכות אמריקאיי,,"גלידה עוגת גבינה ותות שדה 473 מ""ל",מיליליטרים,473.00,"100 מ""ל",false,1,23.90,5.0529,true,1,188309
76840620036,false,גלידה שוקולד ציפס וב,מוצרי איכות אמריקאים,,גלידה שוקולד ציפס ובראוניס עם בצק 500 מל,גרמים,500.00,100 גרם,false,1,23.90,4.7800,true,1,206895
76840657841,false,גלידה בן&גרי סלייס ב,מוצרי איכות אמריקאים,IL,גלידה בן&גרי סלייס בצק עוגיות 82 גרם,גרמים,82.00,100 גרם,false,1,8.90,10.8537,true,1,218717
77245110610,false,סוכריות מאסט מנטה לל,MIESZKO S.A - MS. JO,,סוכריות מאסט מנטה ללא סוכר 80 גרם,גרמים,80.00,100 גרם,false,1,8.90,11.1250,true,1,69417
77343002213,false,מיני מנגל חד פעמי,טיי פרידה,CN,מיני מנגל חד פעמי,יחידה,1.00,יחידה,false,1,13.90,13.9000,true,1,220015
77975036976,false,מטבל עגבניות בחריפות,סניידרס,,מטבל עגבניות בחריפות מעודנת 439 גרם,גרמים,439.00,100 גרם,false,1,16.90,3.8497,true,1,204797
77975036983,false,מטבל עגבניות חריף 43,סניידרס,,מטבל עגבניות חריף 439 גרם,גרמים,439.00,100 גרם,false,1,16.90,3.8497,true,1,210976
77975094624,false,שברי בייגלה סניידרס,סניידרס,US,שברי בייגלה סניידרס חמאת בוטנים 283 גרם,גרמים,284.00,100 גרם,false,1,17.90,6.3028,true,1,220676
77975094631,false,בייגלה סניידרס סנדבי,סיינדרס,,"בייגלה סניידרס סנדביץ גבינה צ""דר 226 גרם",גרמים,226.00,100 גרם,false,1,17.90,7.9204,true,1,220675
77975094761,false,סניידרס בטעם צדר 340,סניידרס,US,סניידרס בטעם צדר 340 גרם,גרמים,340.00,100 גרם,false,1,17.90,5.2647,true,1,222652
77975094778,false,סניידרס דבש חרדל ובצ,סניידרס,US,סניידרס דבש חרדל ובצל 340 גרם,גרמים,340.00,100 גרם,false,1,17.90,5.2647,true,1,222976
77975095133,false,סניידרס שברי בייגלה,סניידרס,US,סניידרס שברי בייגלה בטעם פיקנטי 319 גרם,גרמים,319.00,100 גרם,false,1,17.90,5.6113,true,1,234264
77975095157,false,בייגלה סניידרס חלפינ,סניידרס,,בייגלה סניידרס חלפיניו 318גרם,גרמים,318.00,100 גרם,false,1,17.90,5.6289,true,1,232072
77975095164,false,סניידרס שברי בייגלה,סניידרס,US,סניידרס שברי בייגלה בטעם פרמזן שום 318,גרמים,318.00,100 גרם,false,1,19.90,6.2579,true,1,234263
78300098393,false,פלייטקס סופר פלוס סמ,אנרג'ייזר,,פלייטקס סופר פלוס סמפלי גנטל גלייד18,יחידה,1.00,יחידה,false,1,26.90,26.9000,true,1,215371
80518532743,false,שקית בלון 50 בלונים,NORTHERN,,שקית בלון 50 בלונים,מיליליטרים,0.00,"100 מ""ל",false,1,15.90,0.0000,true,1,69504
80518532897,false,10 בלונים נקניק,יושלם,,בלוני דיסני                        10 X,Unknown,0.00,Unknown,false,1,5.90,0.0000,true,1,6690
84213017420,false,מיסלי אורגני אגוזים,מסטמכר,DE,מיסלי אורגני אגוזים וצימוקים 500 גרם,גרמים,500.00,100 גרם,false,1,19.90,3.9800,true,1,6703
84213017475,false,מיסלי אורגני עם פירו,מסטמכר,,מיסלי אורגני עם פירות יבשים 500 גרם,גרמים,500.00,100 גרם,false,1,20.90,4.1800,true,1,69524
93133675030,true,רוטב בוטנים בסגנון ת,,,רוטב בוטנים בסגנון תאילנדי 566 גרם,גרמים,566.00,100 גרם,false,1,39.90,7.0495,true,1,217136
93133737325,false,מייקי רוטב טריאקי שו,קיוטה קיצ'ן,US,מייקי רוטב טריאקי שומשום 566 גרם,מיליליטרים,566.00,"100 מ""ל",false,1,37.90,6.6961,true,1,168070
305213079004,true,וזלין תחליב גוף צהוב,"יוניליוור, ג'פרסון ס",US,וזלין תחליב גוף להזנה עמוקה 600 מל,מיליליטרים,600.00,"100 מ""ל",false,1,29.90,4.9833,true,1,212570
412244568220,false,פלפלים אדומים קלויים,,,פלפלים אדומים קלויים בחומץ 490 גרם,גרמים,490.00,100 גרם,false,1,16.10,3.2857,true,1,182465
413900010558,false,רוטב סויה קיקומן ליי,קיקומן פודז אינק,,"רוטב סויה קיקומן לייט 296 מ""ל",מיליליטרים,296.00,"100 מ""ל",false,1,22.90,7.7365,true,1,4531
613008742348,false,אריזונה גנסנג ודבש ב,"נטורלה גטרנק בע""מ",DE,אריזונה גנסנג ודבש בקבוק 1 ליטר,ליטרים,1.00,ליטר,false,1,12.90,12.9000,true,1,220101
613008753320,false,אריזונה גינסנג ודבש,לני אנד לארי,BG,אריזונה גינסנג ודבש 450 מל,מיליליטרים,450.00,"100 מ""ל",false,1,8.50,1.8889,true,1,215323
628154383659,false,POST דגני פרוטי פבלס,PO קוד יצרן,PL,POST דגני פרוטי פבלס  בטעם פירות 311 גרם,גרמים,311.00,100 גרם,false,1,23.90,7.6849,true,1,232789
644209405930,false,דנקן היינס ציפוי מוק,רוזקםבייקינג קומפני,US,דנקן היינס ציפוי מוקצף שוקולד 397 גרם,גרמים,397.00,100 גרם,false,1,19.90,5.0126,true,1,214161
645692555935,false,פפושדו מצה עשירה מדל,TLV צ'יף,IL,מצה עשירה עוגיות יין לפסח 380 גרם,גרמים,400.00,100 גרם,false,1,10.90,2.7250,true,1,124034
649660432020,false,שזיפים מיובשים מגולע,"היל ויו בע""מ",,שזיפים מיובשים מגולענים 567 גרם,גרמים,567.00,100 גרם,false,1,31.90,5.6261,true,1,202630
653694000117,false,רוטב AH חזרת 454 גרם,GALLO,US,רוטב AH חזרת 454 גרם,גרמים,454.00,100 גרם,false,1,21.90,4.8238,true,1,227505
693493010818,false,נאצוס בטעם טבעי 200,או. קיי סניקס,DK,נאצוס בטעם טבעי 200 גרם,גרמים,200.00,100 גרם,false,1,13.90,6.9500,true,1,233101
728229123590,false,טרה ירקות בטעם טבעי,הונדורס צ'יפס יצור א,HN,טרה חטיף על בסיס ירקות שורש בטעם טבעי 110 גרם,גרמים,110.00,100 גרם,false,1,14.90,13.5455,true,1,129133
728229123811,false,טרה ירקות ים תיכוני,הונדורס צ'יפס יצור א,HN,טרה ירקות ים תיכוני 110 גרם,גרמים,110.00,100 גרם,false,1,14.90,13.5455,true,1,129135
728229124771,false,טרה בטטה טעם ברביקיו,היין פיוצ'ור נטורל פ,IN,טרה חטיף על בסיס בטטה בטעם ברביקיו 110 גרם,גרמים,110.00,100 גרם,false,1,14.90,13.5455,true,1,202743
753182231761,false,משקה אנרגיה BLU ללא,אקו - ביט,PL,בלו משקה אנרגיה מוגז 250 מל,מיליליטרים,250.00,"100 מ""ל",false,1,5.00,2.0000,true,1,161143
768404001640,false,"גלידה קפה 500 מ""ל",מוצרי איכות אמריקאיי,,"פיינט בטעם קפה בן אנד גרי 500 מ""ל",מיליליטרים,500.00,"100 מ""ל",false,1,23.90,4.7800,true,1,149567
769904000997,false,שקדי מרק ללא גלוטן 2,פתח תקווה,IL,שקדי מרק,גרמים,200.00,100 גרם,false,1,15.90,7.9500,true,1,166335
798164800019,false,אוכמניות בריאות 125,חקלאי,IL,אוכמניות בריאות 125 גר,גרמים,125.00,100 גרם,false,1,16.90,13.5200,true,1,206419
818570007066,false,תמצית וניל טהור וטקי,"ג'יי אר ווטקינס בע""מ",US,סידס תמצית מוניל טהור עם פולי וניל ממדגסקר 29 מל,מיליליטרים,29.00,"100 מ""ל",false,1,30.90,106.5517,true,1,205755
833949000264,false,סירופ מייפל אורגני 3,כפרי בריא,CA,סירופ מייפל אורגני 330 גרם,גרמים,330.00,100 גרם,false,1,34.90,10.5758,true,1,175991
835811005421,false,שיפודים עבים 25 סמ,שוורצקוף& הנקל דיסלד,IL,הנמל שיפודי במבוק עבים 25 סמ 75 יח',Unknown,0.00,Unknown,false,1,4.50,0.0000,true,1,169575
835811005933,false,תבנית אלומיניום ענק,ווינפאק,,תבנית אלומיניום ענק 5 יחידות,לא מנהל יחידת מידה,0.00,לא מנהל יחידת מידה,false,1,12.90,0.0000,true,1,181641
835811005957,false,מגש הכסף תבנית אלומ`,כלורוקס אוקלנד,IL,"הנמל תבנית אלומניום מלבנית, 8 יחידות",לא מנהל יחידת מידה,0.00,לא מנהל יחידת מידה,false,1,11.90,0.0000,true,1,180050
835811006060,false,כוסות נייר אספרסו 50,אכיף,,כוסות נייר אספרסו 50 יח,Unknown,0.00,Unknown,false,1,7.90,0.0000,true,1,178889
835811006770,false,תבנית עגול 5 יחידות,,,"תבנית אלומיניום עגול 5 יח              """,Unknown,0.00,Unknown,false,1,12.90,0.0000,true,1,182857
835811007166,false,כוסות לקפה לדרך+מכסה,,,כוסות לקפה לדרך+מכסה 16 יחידות,Unknown,0.00,Unknown,false,1,17.90,0.0000,true,1,124183
835811007562,false,תבנית קרטון אינגליש,"תעשיות רישתון בע""מ",,תבנית קרטון אינגליש קייק 6 יחידות,לא מנהל יחידת מידה,0.00,לא מנהל יחידת מידה,false,1,10.90,0.0000,true,1,63964
835811009023,false,כוסות קרטון,אכיף,,כוסות קרטון,יחידה,0.50,יחידה,false,1,12.90,25.8000,true,1,155308
839762000658,false,נקטר איילנד גויאבה 1,The Egyptian Co. for,EG,איילנד גויאבה המשקה של חופי סיני 1 ליטר,ליטרים,1.00,ליטר,false,1,11.50,11.5000,true,1,115922
842387000736,false,מטען רכב לגלקסי פרמי,,,מטען רכב לגלקסי פרמיום 2A,יחידה,1.00,יחידה,false,1,39.90,39.9000,true,1,218031
856591000062,false,עוגיות מזרחיות עבאדי,מאפיית יוסף ושמחה עב,IL,מזרח. מלח 400ג 856591000062,גרמים,400.00,100 גרם,false,1,19.90,4.9750,true,1,64216
856591000109,false,עוגיות מזרחיות עבאדי,מאפיית יוסף ושמחה עב,IL,עבאדי עוגיות מזרחיות פריך במיוחד 400 גרם,גרמים,400.00,100 גרם,false,1,19.90,4.9750,true,1,159011
856591000574,false,מיני נשנוש בטעם טבעי,מאפיית יוסף ושמחה עב,IL,מיני נשנוש בטעם טבעי 40 גרם,גרמים,40.00,100 גרם,false,1,2.90,7.2500,true,1,233718
857532000271,false,וודקה טראמפ סופר פרי,,,"וודקה טראמפ סופר פרימיום 700מ""ל",מיליליטרים,700.00,"100 מ""ל",false,1,89.90,12.8429,true,1,164315
884912002372,false,דגני פוסט סלקט קרנבר,post consumer brands,US,דגני פוסט סלקט קרנברי 396 גרם,גרמים,396.00,100 גרם,false,1,27.90,7.0455,true,1,194646
884912102102,false,דגני גרייט גריינס או,הנסיך- מפעל לייצור ט,US,דגני בוקר עם שקדים ואוכמניות,גרמים,382.00,100 גרם,false,1,27.90,7.3037,true,1,223957
884912116505,false,דגני פוסט גרייט גריי,post consumer brands,US,דגני פוסט גרייט גריינס בננה נאט 439 גרם,גרמים,439.00,100 גרם,false,1,27.90,6.3554,true,1,202997
884912117625,false,דגני פוסט גולדן קריס,הנסיך- מפעל לייצור ט,US,חטיף חיטה ממותק,גרמים,418.00,100 גרם,false,1,22.90,5.4785,true,1,227348
884912126115,false,דגני פוסט גרייט גריי,הנסיך- מפעל לייצור ט,US,דגני פוסט גרייט גריינס צימוקים 453 גרם,גרמים,453.00,100 גרם,false,1,27.90,6.1589,true,1,163324
884912359155,false,האני באנצ רוסטד,post consumer brands,US,POST האני באנצ רוסטד 340 גרם,גרמים,411.00,100 גרם,false,1,22.90,5.5718,true,1,232210
884912359162,false,האני באנצ אלמונד,post consumer brands,US,POST האני באנצ אלמונד 340 גרם,גרמים,411.00,100 גרם,false,1,22.90,5.5718,true,1,232209
884912359421,false,דגני פוסט האני באנצ,post consumer brands,US,דגני פוסט האני באנצ פקאן 411 גרם,גרמים,411.00,100 גרם,false,1,22.90,5.5718,true,1,232211
884912365200,false,דגני בוקר אוראו 311ג,פוסט,US,דגני בוקר אוראו 311גרם,גרמים,311.00,100 גרם,false,1,22.90,7.3633,true,1,234147
1230000068116,false,המבורגר ביונד מיט  ז,תאי פרזידנט פוד פאבל,US,המבורגר ביונד מיט  זוג  226גרם,גרמים,226.00,100 גרם,false,1,34.90,15.4425,true,1,229654
3013201300029,false,מחממי אוזניים שחור,IMPOFIX,,מחממי אוזניים שחור,יחידה,1.00,יחידה,false,1,8.90,8.9000,true,1,184798
3046920027281,false,שוקולד לינדט אקסלנס,לינדט ושפרונגלי,FR,שוקולד לינדט אקסלנס קרמלסולט 100 גרם,גרמים,100.00,100 גרם,false,1,14.90,14.9000,true,1,220589
3046920028004,false,שוקולד לינדט אקסלנס,לינדט ושפרונגלי,FR,לינדט אקסלנס 70% שוקולד מריר 100 גר,גרמים,100.00,100 גרם,false,1,14.90,14.9000,true,1,3123
3046920028363,false,שוקולד לינדט אקסלנס,לינדט ושפרונגלי,FR,שוקולד לינדט אקסלנס 85%  100 גרם,גרמים,100.00,100 גרם,false,1,14.90,14.9000,true,1,3124
3046920028721,false,שוקולד לינדט אקסלנס,לינדט ושפרונגלי,FR,שוקולד לינדט אקסלנס 99%  50 גרם,גרמים,50.00,100 גרם,false,1,14.90,29.8000,true,1,204528
3046920028752,false,שוקולד לינדט אקסלנס,לינדט ושפרונגלי,FR,לינדט אקסלנס שוקולד מריר שוויצרי עם מלח ים 100 גרם,גרמים,100.00,100 גרם,false,1,14.90,14.9000,true,1,138632
3046920029759,false,שוקולד לינדט אקסלנס,לינדט ושפרונגלי ג'י.,DE,שוקולד לינדט אקסלנס 90% 100 גרם,גרמים,100.00,100 גרם,false,1,14.90,14.9000,true,1,220588
3073781162790,false,גבינת בייבי בל אדום,מחלבות בל,FR,גבינת בייבי בל אדום 120 גרם,גרמים,120.00,100 גרם,false,1,22.90,19.0833,true,1,231791
3073781177220,false,בייבי בל ספיירול 85ג,בל,FR,בייבי בל ספיירול 85גרם,גרמים,85.00,100 גרם,false,1,22.90,26.9412,true,1,233247
3161911229199,false,חמאה רכה אלוויר 250,אלל אה וויר,FR,חמאה רכה אלוויר 250 גרם,גרמים,250.00,100 גרם,false,1,22.90,9.1600,true,1,3039
3161911366429,false,חמאה רכה מלוחה אלווי,ארזינא,FR,חמאה רכה מלוחה אלוויר 250 גרם,גרמים,250.00,100 גרם,false,1,22.90,9.1600,true,1,69821
3161911393210,false,חמאת אלוויר עם מלח,אלוויר,FR,חמאת אלוויר עם מלח   200גרם,גרמים,200.00,100 גרם,false,1,17.90,8.9500,true,1,231856
3175460000017,false,גבינה בורסאן שום,השחר,FR,גבינה בורסאן שום 150 גרם,גרמים,150.00,100 גרם,false,1,22.90,15.2667,true,1,138899
3175460000062,false,גבינה בורסאן פלפל,השחר,FR,גבינה בורסאן פלפל 150 גרם,גרמים,150.00,100 גרם,false,1,22.90,15.2667,true,1,124663
3175460000864,false,גבינה בורסאן טבעי,"בל,",FR,גבינה בורסאן טבעי 150 גרם,גרמים,150.00,100 גרם,false,1,22.90,15.2667,true,1,211221
3175460030083,false,גבינה בורסאן בצל עיר,השחר,FR,גבינה בורסאן בצל עירית 150 גרם,גרמים,150.00,100 גרם,false,1,22.90,15.2667,true,1,116662
3178530402353,false,מיני מדלן 175גרם,סאן מישל,FR,מיני מדלן 175גרם,גרמים,175.00,100 גרם,false,1,10.90,6.2286,true,1,232252
3178530407938,false,מיני מדלן עם פצפוצי,סאן מישל,FR,מיני מדלן עם פצפוצי שוקולד 175גרם,גרמים,175.00,100 גרם,false,1,10.90,6.2286,true,1,232254
3254550033279,false,קממבר איסני 250 גרם,איזיני סנט מר,FR,קממבר איסני 250 גרם,גרמים,250.00,100 גרם,false,1,36.90,14.7600,true,1,215492
3272770003148,false,שברו טבעי 150 גרם,מיוצר עי קונדיטוריית,FR,שברו טבעי 150 גרם,גרמים,150.00,100 גרם,false,1,25.90,17.2667,true,1,69894
3331300097221,false,סטרימר תרסיס להקלה ל,סופיבל,FR,"סטרימר תרסיס להקלה לאף 50 מ""ל",מיליליטרים,50.00,"100 מ""ל",false,1,49.90,99.8000,true,1,218003
3387390525960,false,דגני קראנץ נסטלה 500,הנסיך- מפעל לייצור ט,FR,דגני קראנץ נסטלה 500 גרם,גרמים,500.00,100 גרם,false,1,26.90,5.3800,true,1,145421
3387390730852,false,דגני פיטנס 375 גרם,האחים פלם הגפן,FR,דגני פיטנס 375 גרם,גרמים,375.00,100 גרם,false,1,21.90,5.8400,true,1,120317
3415581114126,false,גלידת שמנת קרמל מתוק,השחר,FR,"גלידת שמנת קרמל מתוק מלוח 500 מ""ל",מיליליטרים,500.00,"100 מ""ל",false,1,22.90,4.5800,true,1,187990
3469300220360,false,הפי מרענן למדיח מתלה,יושלם,,הפי מרענן למדיח לימון מתלה,Unknown,0.00,Unknown,false,1,13.90,0.0000,true,1,4229
3523230025652,true,בושה עיזים שום 125 ג,השחר,FR,בושה עיזים שום 125 גרם נני,גרמים,125.00,100 גרם,false,1,24.90,19.9200,true,1,215471
3523230026826,false,גבינת עיזים פרימדה ס,השחר,FR,גבינת עיזים פרימדה סואניון 140 גרם,גרמים,140.00,100 גרם,false,1,26.90,19.2143,true,1,215496
3523230038959,false,בושה מפוחם של נני 12,השחר,FR,בושה מפוחם של נני 125 גרם,גרמים,125.00,100 גרם,false,1,25.90,20.7200,true,1,219276
3523230045827,false,סנט מור 160 גרם,השחר,FR,סנט מור 160 גרם,גרמים,160.00,100 גרם,false,1,27.90,17.4375,true,1,215494
3574660239829,false,ניטרוגינה קרם ידיים,CILAG GMBH INTERNATI,,"ניטרוגינה קרם ידיים 75 מ""ל",מיליליטרים,75.00,"100 מ""ל",false,1,25.90,34.5333,true,1,153614
3574660333466,false,טמפוני O.B קומפורט מ,הנסיך- מפעל לייצור ט,DE,אובה מיני טמפונים ללא מוליך 32 יחידות,ליטרים,0.00,ליטר,false,1,24.90,0.0000,true,1,176814
3574660464368,false,מגן תחתון אלוורה 76,,GR,קרפרי מגן תחתון אוורירי אלוורה 76 יח חדש,Unknown,0.00,Unknown,false,1,19.90,0.0000,true,1,179691
3574660649895,false,ליסטרין מי פה זירו מ,גונסון אנד גונסון,,"ליסטרין מי פה זירו מעודן 500 מ""ל",מיליליטרים,500.00,"100 מ""ל",false,1,17.90,3.5800,true,1,203282
3574661141022,true,וניה מקסי לילה 12 יח,,,וניה מקסי לילה 12 יח,Unknown,0.00,Unknown,false,1,24.90,0.0000,true,1,224007
3574661248318,false,מי פה ליסטרין וויט 5,ג'ונסון אנד ג'ונסון,IT,מי פה ליסטרין וויט 500 מל,מיליליטרים,500.00,"100 מ""ל",false,1,17.90,3.5800,true,1,214545
3574661324173,false,קרפרי אולטרה דק אלוו,ג'ונסון אנד ג'ונסון,IT,קרפרי מגן תחתון דק במיוחד אלוורה 60 יחידות,גרמים,108.00,100 גרם,false,1,19.90,18.4259,true,1,205178
3574661324241,false,קרפרי אולטרה דק כותנ,ג'ונסון אנד ג'ונסון,IT,קרפרי מגן תחתון דק במיוחד כותנה 60 יחידות,גרמים,108.00,100 גרם,false,1,19.90,18.4259,true,1,205176
3574661419435,false,וניה מקסי לילה 12 יח,גונסון,BE,וניה מקסי לילה 12 יחידות,יחידה,12.00,יחידה,false,1,24.90,2.0750,true,1,233889
3574661487328,false,קרפרי מגן תחתון רגיל,הדקלאים אגודת שיתופי,GR,קארפריי מגיני תחתון אורג'ינל עם שכבה מגינה 58 יח',יחידה,1.00,יחידה,false,1,19.90,19.9000,true,1,217877
3574661487625,false,קרפרי מגן תחתון מקסי,הדקלאים אגודת שיתופי,GR,קרפרי פלוס מגן תחתון לארג' 48 יחידות,יחידה,1.00,יחידה,false,1,19.90,19.9000,true,1,217878
3574661500355,false,קרפרי מקסי לונג רגיל,פ.פ.ח. שאביט,GR,קרפרי פלוס מגן תחתון ארוך 40 יחידות,יחידה,1.00,יחידה,false,1,19.90,19.9000,true,1,226134
3574661552804,false,קרפרי מגן תחתון אלוו,הדקלאים אגודת שיתופי,GR,קרפרי מגן תחתון אלוורה קרפרי 58 יחידות,יחידה,1.00,יחידה,false,1,19.90,19.9000,true,1,220609
3574661552811,false,קרפרי כותון אוורירי,הדקלאים אגודת שיתופי,GR,קארפריי מגן תחתון כותנה 58 יח',יחידה,1.00,יחידה,false,1,19.90,19.9000,true,1,219811
3574661554877,false,קרפרי כותון מבושם 56,הנסיך- מפעל לייצור ט,GR,קרפרי מגן תחתון אוורירי מבושם 58 יח,יחידה,1.00,יחידה,false,1,19.90,19.9000,true,1,219428
3574669907767,true,גונסונס בייבי שמפו ק,גונסון,IT,גונסונס בייבי שמפו קמומיל 750 מל חדש,Unknown,0.00,Unknown,false,1,19.90,0.0000,true,1,215737
3574669908481,true,גונסונס בייבי אל סבו,גונסון,IT,גונסונס בייבי אל סבון אמבט 750 מל חדש,Unknown,0.00,Unknown,false,1,19.90,0.0000,true,1,215739
3574669908665,false,גונסון בייבי אל סבון,גונסון,IT,גונסון בייבי אל סבון לפני שינה 750 חדש,מיליליטרים,750.00,"100 מ""ל",false,1,19.90,2.6533,true,1,215731
3574669909822,true,גונסונס ספריי קשרים,CILAG GMBH INTERNATI,IT,גונסונס ספריי קשרים טיפות של ברק 200 חדש,Unknown,0.00,Unknown,false,1,16.90,0.0000,true,1,215742
4000417019004,false,שוקולד ריטר ספורט חל,מולינו ניקולי s.p.a,DE,ריטר ספורט שוקולד חלב עם אגוזי לוז שלמים,גרמים,100.00,100 גרם,false,1,11.20,11.2000,true,1,167463
4000417022004,false,שוקולד ריטר ספורט חל,מולינו ניקולי s.p.a,DE,שוקולד ריטר ספורט חלב צימוק אגוזים 100 ג,גרמים,100.00,100 גרם,false,1,11.20,11.2000,true,1,167464
4000417025005,false,שוקולד ריטר ספורט מר,מולינו ניקולי s.p.a,DE,שוקולד מריר ממולא מרציפן,גרמים,100.00,100 גרם,false,1,11.20,11.2000,true,1,167466
4000417026002,false,שוקולד ריטר ספורט נו,מולינו ניקולי s.p.a,DE,שוקולד ריטר ספורט נוגט פרלין 100 גרם,גרמים,100.00,100 גרם,false,1,11.20,11.2000,true,1,167467
4000417101211,false,אמיצלי גלילי וופל 15,קימס,AT,אמיצלי גלילי וופל 150 גרם,גרמים,150.00,100 גרם,false,1,17.90,11.9333,true,1,231129
4000417211002,false,שוקולד ריטר ספורט מו,מולינו ניקולי s.p.a,DE,שוקולד ריטר ספורט מוס קרמל ושברי שקדים,גרמים,100.00,100 גרם,false,1,11.20,11.2000,true,1,203280
4000417222008,false,שוקולד ריטר שברי אגו,מולינו ניקולי s.p.a,DE,שוקולד ריטר שברי אגוזים  100 גרם,גרמים,100.00,100 גרם,false,1,11.20,11.2000,true,1,204264
4002575016253,false,מרציפן מצופה שוקולד,הדקלאים אגודת שיתופי,DE,מרציפן מצופה שוקולד 100 גר             .,גרמים,100.00,100 גרם,false,1,9.90,9.9000,true,1,3881
4002590000022,false,סוכ.קלפני בפחית פירו,קדבורי,DE,קלפני פירות יער 150 גר',גרמים,150.00,100 גרם,false,1,12.00,8.0000,true,1,7711
4002590000046,false,סוכריות מרעננות,קדבורי,DE,קלפני מנטה מרענן 150 גר',גרמים,150.00,100 גרם,false,1,12.00,8.0000,true,1,70378
4002590703541,false,קלפני תות,קדבורי,DE,קלפני בטעם תות 150 גר',גרמים,150.00,100 גרם,false,1,12.00,8.0000,true,1,198163
4004666107819,false,מלרוד מרסס לניקוי וט,פרח,DE,מלרוד ניקוי וטיהור מזגן 500 מל,מיליליטרים,500.00,"100 מ""ל",false,1,27.90,5.5800,true,1,216719
4004715020755,false,קישוטי עוגה פרינס,היינץ צפון אמריקה מק,DE,3 סוגי קישוט צבעוני לעוגה 75 גרם,גרמים,75.00,100 גרם,false,1,16.90,22.5333,true,1,153049
4005808262168,false,ניוואה ספריי הגנה,BEIERSDORF HELLAS,DE,"תרסיס מקדם הגנה מרענן, SPF20 עמיד במים",מיליליטרים,200.00,"100 מ""ל",false,1,64.90,32.4500,true,1,188778
4008033091428,false,פותחן פקלמן,YIWO,,פותחן טקרטור פקלמן,יחידה,1.00,יחידה,false,1,33.90,33.9000,true,1,208127
4008239313409,false,מעדן ויטקראפט  בשר ו,,,מעדן ויטקראפט  בשר וחמוציות 85 גרם,גרמים,85.00,100 גרם,false,1,5.90,6.9412,true,1,234169
4009300525011,false,"תה ירוק תפוז וג""ינגר","איטיליאן פוד, אס.פי.",DE,פומפדור תה ירוק ג'ינג'ר תפוז 30 גרם,גרמים,30.00,100 גרם,false,1,19.50,65.0000,true,1,172346
4009300527909,true,פומפדור גינגר כורכום,,DE,פומפדור גינגר כורכום,Unknown,0.00,Unknown,false,1,16.90,0.0000,true,1,225088
4009300529613,false,פומפדור חליטה אורגני,"איטיליאן פוד, אס.פי.",DE,פומפדור חליטת צמחים אורגנית,לא מנהל יחידת מידה,0.00,לא מנהל יחידת מידה,false,1,17.90,0.0000,true,1,227563
4009309740422,true,רסק תפוחים אורגני,תות תעשיות מזון (201,DE,נטור פוד רסק תפוחים אורגני 700 גרם,גרמים,700.00,100 גרם,false,1,18.90,2.7000,true,1,208940
4009309742426,true,רסק תפוח מנגו אורגני,תות תעשיות מזון (201,DE,נטור פוד רסק תפוחים אורגני 700 גרם,גרמים,700.00,100 גרם,false,1,18.90,2.7000,true,1,208941
4009900379564,false,הובה בובה טייפ פירות,ריגלי,,הובה בובה טייפ פירות,לא מנהל יחידת מידה,0.00,לא מנהל יחידת מידה,false,1,6.90,0.0000,true,1,127548
4009900402965,false,מסטיק אורביט וויט פי,ריגלי,,מסטיק אורביט וויט פירות בקבוקון,Unknown,0.00,Unknown,false,1,9.90,0.0000,true,1,180174
4009900403023,false,מסטיק אורביט וויט מנ,"ב.א מזון בע""מ",PL,מסטיק אורביט וויט קלאסי בקבוקון,גרמים,64.00,100 גרם,false,1,9.90,15.4688,true,1,180175
4009900406918,false,הובה בובה טייפ טריפל,ריגלי,,הובה בובה טייפ טריפל מיקס,Unknown,0.00,Unknown,false,1,6.90,0.0000,true,1,134636
4009900420129,false,אורביט פרופשיונל פפר,מרס נדרלנד,PL,אורביט פרופשיונל פפרמינט בקבוקון,לא מנהל יחידת מידה,0.00,לא מנהל יחידת מידה,false,1,9.90,0.0000,true,1,213926
4009900426039,false,מסטיק איירווייבס מנט,ריגלי,,מסטיק איירווייבס מנטה אקליפטוס בקבוקון,גרמים,64.00,100 גרם,false,1,9.90,15.4688,true,1,203518
4009900426121,false,מסטיק איירווייבס אוכ,ריגלי פולין,PL,מסטיק איירווייבס אוכמניות בקבוקון,גרמים,64.00,100 גרם,false,1,9.90,15.4688,true,1,203519
4009900479998,false,מסטיק אורביט אוכמניו,ריגלי,,מסטיק אורביט אוכמניות בקבוקון,Unknown,0.00,Unknown,false,1,9.90,0.0000,true,1,193101
4009900482417,false,מסטיק אורביט בבאבל מ,ריגלי,,מסטיק אורביט בבאבל מינט בקבוקון,Unknown,0.00,Unknown,false,1,9.90,0.0000,true,1,185032
4009900512329,false,מסטיק פייב פפרמינט ב,ריגלי בעמ רוסיה,RU,מסטיק פייב פפרמינט בוקס,גרמים,69.00,100 גרם,false,1,9.90,14.3478,true,1,203145
4009900525138,false,מסטיק אורביט  וויט ת,ריגלי,,מסטיק אורביט  וויט תות בקבוקון,יחידה,1.00,יחידה,false,1,9.90,9.9000,true,1,218284
4009900531122,false,אורביט פרופשיונל ספי,מרס נדרלנד,PL,אורביט פרופשיונל ספירמינט בקבוקון,לא מנהל יחידת מידה,0.00,לא מנהל יחידת מידה,false,1,9.90,0.0000,true,1,213927
4009900534611,false,מסטיק בקבוקון איירוו,ריגלי,IL,מסטיק בקבוקון איירוויז מלון מנטה 64גרם,גרמים,64.00,100 גרם,false,1,9.90,15.4688,true,1,219375
4009900536257,false,מסטיק אורביט רפרשרס,מרס ריגלי קונפקשונרי,PL,מסטיק אורביט רפרשרס ספירמנט 67 ג,גרמים,67.00,100 גרם,false,1,10.90,16.2687,true,1,222727
4009900536288,false,מסטיק אורביט רפרשרס,מרס ריגלי קונפקשונרי,PL,מסטיק אורביט רפרשרס פפרמ 67 ג,גרמים,67.00,100 גרם,false,1,10.90,16.2687,true,1,222728
4009900536486,false,מסטיק אורביט רפרשרס,מרס ריגלי קונפקשונרי,PL,מסטיק אורביט רפרשרס באבלמ 67 ג,גרמים,67.00,100 גרם,false,1,10.90,16.2687,true,1,222729
4009900539685,false,מסטיק פייב מנטה בקבו,מרס נדרלנד,PL,מסטיק פייב מנטה בקבוקון 61.8גרם,גרמים,62.00,100 גרם,false,1,11.90,19.1935,true,1,231519
4009900539746,false,מסטיק פייב אבטיח בקב,מרס נדרלנד,PL,מסטיק פייב אבטיח בקבוקון 61.8גרם,גרמים,62.00,100 גרם,false,1,11.90,19.1935,true,1,231520
4009900540551,false,אורביט ריפרשרס טרופי,מרס פולין,PL,אורביט ריפרשרס טרופיקל,גרמים,67.00,100 גרם,false,1,10.90,16.2687,true,1,231514
4012839597466,false,כבד דג שיבוט 115 גרם,רוג'ין פיש,,כבד דג שיבוט 115 גרם,גרמים,115.00,100 גרם,false,1,13.90,12.0870,true,1,204621
4013044100052,false,מייצב לקציפות אורגני,תות תעשיות מזון (201,DE,מייצב לקציפות אורגני,גרמים,32.00,100 גרם,false,1,7.20,22.5000,true,1,224046
4014400900217,false,בונבוניירה מרסי 400,קריניציה ויטמינה אס,DE,בונבונריית מרסי מבחר ממתקי שוקולד 400 גרם,גרמים,400.00,100 גרם,false,1,49.90,12.4750,true,1,5435
4014400901191,false,בונבוניירה מרסי 250,אוגוסט שטורק,DE,בונבוניירה מרסי 250 גרם,גרמים,250.00,100 גרם,false,1,29.90,11.9600,true,1,8358
4014400901405,false,בונבוניירה מרסי חלב,קריניציה ויטמינה אס,DE,מרסי חלב 250 גרם,גרמים,250.00,100 גרם,false,1,29.90,11.9600,true,1,128475
4014400901412,false,בונבוניירה מרסי מריר,תות ממתקי איכות,,בונבוניירה מרסי מריר 250 גרם,גרמים,250.00,100 גרם,false,1,29.90,11.9600,true,1,170520
4014400904277,false,סוכריות אייס פרש,תות ממתקי איכות,DE,אייספרש 425 גרם (15 בקרטון),גרמים,425.00,100 גרם,false,1,19.90,4.6824,true,1,8361
4014400904376,false,סוכריות שוקולדן,קריניציה ויטמינה אס,DE,סוכ.שטורק שוקולדן 325 גר,גרמים,326.00,100 גרם,false,1,19.90,6.1043,true,1,8364
4014400907902,false,סוכריות ללא סוכר,תות ממתקי איכות,DE,ורטרס אורגינל 42 גרם,גרמים,42.00,100 גרם,false,1,6.90,16.4286,true,1,161068
4014400910063,false,סוכריות חמאה וורטר1,אוגוסט שטורק,DE,וורטרס אורגינל סוכריות חמאה 135 גרם,גרמים,135.00,100 גרם,false,1,10.90,8.0741,true,1,161870
4014400914696,false,סוכריות חמאה וורטר ל,אוגוסט שטורק,DE,סוכריות חמאה וורטר ללא סוכר 80 גרם,גרמים,80.00,100 גרם,false,1,10.90,13.6250,true,1,165041
4014400923711,false,בונבוניירה טופיפי שו,אוגוסט שטורק,DE,בונבוניירה טופיפי שוקולד 125 גרם,גרמים,125.00,100 גרם,false,1,13.90,11.1200,true,1,203830
4015000031394,false,מסיר כתמים ספטיל משח,הנקל,HU,ספטיל משחה להסרת כתמים,מיליליטרים,200.00,"100 מ""ל",false,1,16.90,8.4500,true,1,70605
4015400363002,false,טמפקס סופר 20 יח,פרוקטר & גמבל,DE,טמפקס סופר 20 יח,יחידה,20.00,יחידה,false,1,25.90,1.2950,true,1,232863
4015400363033,false,טמפקס רגולר 20 יח,פרוקטר & גמבל,DE,טמפקס רגולר 20 יח,יחידה,20.00,יחידה,false,1,25.90,1.2950,true,1,232864
4015400363064,false,טמפקס סופר פלוס 20 י,פרוקטר & גמבל,DE,טמפקס סופר פלוס 20 יח,יחידה,20.00,יחידה,false,1,25.90,1.2950,true,1,232865
4015400498124,false,תחבושות אולוויז אולט,פרוקטל אנד גמבל,DE,תחבושות אולוויז אולטרה לילה 18 יח,יחידה,18.00,יחידה,false,1,18.90,1.0500,true,1,234347
4015400564324,false,אולדייז מגן תחתון לא,פרוקטר אנד גמבל,DE,אולדייז מגן תחתון לארג 60 יחידות,יחידה,1.00,יחידה,false,1,23.90,23.9000,true,1,198578
4015400649687,false,פמפרס אקטיב בייבי 3,פרוקטר אנד גמבל,,פמפרס אקטיב בייבי שלב 54 3 יח,יחידה,1.00,יחידה,false,1,51.40,51.4000,true,1,189558
4015400649724,false,פמפרס אקטיב בייבי 4,פרוקטר אנד גמבל,,פמפרס אקטיב בייבי שלב 46 4 יח,לא מנהל יחידת מידה,0.00,לא מנהל יחידת מידה,false,1,51.40,0.0000,true,1,189559
4015400681670,false,תחבושות אולוויז לילה,פרוקטר אנד גמבל,UA,תחבושות אולוויז לילה בטוח 18 יחידות,לא מנהל יחידת מידה,0.00,לא מנהל יחידת מידה,false,1,18.90,0.0000,true,1,201160
4015400731719,false,תחבושות אולווייז ולי,פרוקטר אנד גמבל,UA,אולוויז תחבושות  וליו פק לילה 20 יח',לא מנהל יחידת מידה,0.00,לא מנהל יחידת מידה,false,1,18.90,0.0000,true,1,202993
4015400755241,false,תחבושות אולוויז הגיי,פרוקטר אנד גמבל,UA,תחבושות אולוויז הגיינה נורמל 28 יחידות,לא מנהל יחידת מידה,0.00,לא מנהל יחידת מידה,false,1,18.90,0.0000,true,1,202994
4015400759171,false,תחבושות אולווייז אול,פרוקטר & גמבל,DE,תחבושות אולווייז אולטרה נורמל 20 יחידות,יחידה,20.00,יחידה,false,1,15.90,0.7950,true,1,232929
4015400824701,false,טמפונים טמפקס פלאש ר,פרוקטר אנד גמבל,HU,טמפונים טמפקס פלאש רגולר מוליך 30 יח,גרמים,0.00,100 גרם,false,1,28.90,0.0000,true,1,70662
4015400824725,false,טמפונים טמפקס פלאש ס,פרוקטר אנד גמבל,,טמפונים טמפקס פלאש סופר מוליך 30 יח,לא מנהל יחידת מידה,0.00,לא מנהל יחידת מידה,false,1,28.90,0.0000,true,1,4446
4015600762742,false,שמפו הד אנד שולדרס ק,קדבורי,RO,"הד אנד שולדרס שמפו קלאסי  500 מ""ל",מיליליטרים,500.00,"100 מ""ל",false,1,23.90,4.7800,true,1,204674
4015600762780,false,שמפו הד אנד שולדרס 2,קדבורי,RO,"הד אנד שולדרס 2 ב 1 קלאסי 500  מ""ל",מיליליטרים,500.00,"100 מ""ל",false,1,23.90,4.7800,true,1,204678
4015600762902,false,שמפו הד אנד שולדרס מ,קדבורי,RO,"הד אנד שולדרס שמפו מנטול  500 מ""ל",מיליליטרים,500.00,"100 מ""ל",false,1,23.90,4.7800,true,1,204679
4015600762940,false,שמפו הד אנד שולדרס ת,קדבורי,RO,"הד אנד שולדרס שמפו תפוח 500 מ""ל",מיליליטרים,500.00,"100 מ""ל",false,1,23.90,4.7800,true,1,204690
4015600763022,false,שמפו הד אנד שולדרס ל,קדבורי,RO,"שמפו הד אנד שולדרס למניעת קשקשים 500 מ""ל",מיליליטרים,500.00,"100 מ""ל",false,1,23.90,4.7800,true,1,200900
4015600766900,false,שמפו הד אנד שולדרס 2,קדבורי,RO,"הד אנד שולדרס שמפו 2 ב1 מנטול 500 מ""ל",מיליליטרים,500.00,"100 מ""ל",false,1,23.90,4.7800,true,1,204677
4015600810849,false,Gillette Clear Gel A,פרוקטר אנד גמבל,PL,Gillette Clear Gel AP Deo Stick Power Ru,מיליליטרים,70.00,"100 מ""ל",false,1,16.90,24.1429,true,1,192523
4017100198151,false,בלזן היט וניל 220גרם,הדקלאים אגודת שיתופי,PL,בלזן היט וניל 220 גרם,גרמים,220.00,100 גרם,false,1,8.90,4.0455,true,1,200405
4017100290008,false,ביסקוויט בלזן מצופה,הדקלאים אגודת שיתופי,DE,ביסקוויט בלזן מצופה שוקולד חלב 125 גרם,גרמים,125.00,100 גרם,false,1,13.90,11.1200,true,1,5659
4017100291005,false,ביסקוויטבלזן מצופה ש,הדקלאים אגודת שיתופי,DE,בלזן לייבניז בסקויט חמאה מצופה שוקולד מריר,גרמים,125.00,100 גרם,false,1,13.90,11.1200,true,1,204979
4017100364112,false,עוגיות היט קקאו 220,הדקלאים אגודת שיתופי,PL,בלזן היט קקאו 220 גרם,גרמים,220.00,100 גרם,false,1,8.90,4.0455,true,1,197846
4022025001752,true,יין בלו נאן מבעבע כש,,,"יין בלו נאן מבעבע כשר 750 מ""ל",מיליליטרים,750.00,"100 מ""ל",false,1,54.90,7.3200,true,1,217097
4025700001962,false,שוקולד מילקה לבן,פי אר ג'יי אס סי מונ,UA,שוקולד מילקה לבן 100 גרם,גרמים,100.00,100 גרם,false,1,6.90,6.9000,true,1,156514
4032900104508,false,סיגריות אל די סופרסל,,,סיגריות אל די סופרסל,לא מנהל יחידת מידה,0.00,לא מנהל יחידת מידה,false,1,28.40,0.0000,false,1,214770
4032900111292,false,סיגריות ווינסטון קומ,JTI,UA,סיגריות ווינסטון קומפקט כחול בודד,לא מנהל יחידת מידה,0.00,לא מנהל יחידת מידה,false,1,29.80,0.0000,false,1,215414
4032900111308,false,סיגריות ווינסטון קומ,JTI,UA,סיגריות ווינסטון קומפקט סילבר בודד,לא מנהל יחידת מידה,0.00,לא מנהל יחידת מידה,false,1,29.80,0.0000,false,1,215416
4032900124254,false,וינסטון  קומפקט ברי,,,וינסטון  קומפקט ברי PP בודד,יחידה,1.00,יחידה,false,1,29.80,29.8000,false,1,220145
4033100014499,false,סיגריות אל די כחול ח,JTI,,סיגריות אל די כחול חפיסה בודד,Unknown,0.00,Unknown,false,1,30.20,0.0000,false,1,160033
4033100014529,false,סיגריות אל די סלים ח,JTI,,סיגריות אל די סלים חפיסה בודד,יחידה,1.00,יחידה,false,1,29.00,29.0000,false,1,160036
4033100024146,false,סיגריות וינסטון קוד,JTI,,סיגריות וינסטון קוד חפיסה בודד,לא מנהל יחידת מידה,0.00,לא מנהל יחידת מידה,false,1,32.00,0.0000,false,1,179280
4033100024252,false,סיגריות וינסטון אקוו,JTI,,סיגריות וינסטון אקווה חפיסה בודד,יחידה,0.00,יחידה,false,1,32.00,0.0000,false,1,179282
4033100038914,false,טבק לגלגול קאמל צהוב,JTI,,טבק לגלגול קאמל צהוב חפיסה30 גרם,גרמים,30.00,100 גרם,false,1,81.20,270.6667,false,1,187662
4033100064036,false,טבק לגלגול וינסטון כ,JTI,,טבק לגלגול וינסטון כחול חפיסה30 גרם,גרמים,30.00,100 גרם,false,1,81.20,270.6667,false,1,199604
4043058008778,false,טבק לגלגול אמריקן ספ,jti,,טבק לגלגול אמריקן ספיריט כחול חבילה30גר,גרמים,30.00,100 גרם,false,1,88.20,294.0000,false,1,197359
4043058010412,false,טבק לגלגול אמריקן ספ,jti,,טבק לגלגול אמריקן ספיריט צהוב חבילה30גר,גרמים,30.00,100 גרם,false,1,88.20,294.0000,false,1,198776
4056800943739,false,וולוקסון         6%,אונדל,FR,קרם חמצן וולוקסון  6%,Unknown,0.00,Unknown,false,1,4.90,0.0000,true,1,162193
4056800943791,false,וולוקסון         9%,אונדל,FR,קרם חמצן וולקסון 9%,Unknown,0.00,Unknown,false,1,4.90,0.0000,true,1,162194
4084500065536,false,קרם לחות פנטן,קדבורי,FR,קרם לחות פנטן,לא מנהל יחידת מידה,0.00,לא מנהל יחידת מידה,false,1,19.90,0.0000,true,1,217661
4100470106700,true,חומץ תפוחים טבעי ואו,ברוקהרט,DE,נטורפוד חומץ תפוחים טבעי ואורגני,מיליליטרים,750.00,"100 מ""ל",false,1,25.90,3.4533,true,1,208943
4210201262183,false,אורל בי מברשת חשמלית,בראון,DE,אורל בי מברשת חשמלית נטענת D100,לא מנהל יחידת מידה,0.00,לא מנהל יחידת מידה,false,1,99.90,0.0000,true,1,231691
4210201360742,false,אורל בי ראש חשמלי לנ,בראון,IE,אורל בי ראש חשמלי לניקוי יסודי 4 יח',לא מנהל יחידת מידה,0.00,לא מנהל יחידת מידה,false,1,99.90,0.0000,true,1,231692
4607109409619,false,פיניש טבליות 25 יח A,השחר,PL,טבליות למדיח כלים פיניש אול אין וואן 25 טבליות,גרמים,530.00,100 גרם,false,1,29.90,5.6415,true,1,203662
4640018993350,false,פיניש קוואנטום 30 יח,רקיט בנקיזר,PL,פיניש קוואנטום 30 יח קפסולות גיל לימון,גרמים,375.00,100 גרם,false,1,34.90,9.3067,true,1,223191
4710068001692,false,מאסטר קפה לאטה 240 מ,תאיט מרקטינג אנד דיס,,מאסטר קפה לאטה פחית,מיליליטרים,240.00,"100 מ""ל",false,1,7.50,3.1250,true,1,191003
4710068001715,false,מאסטר קפה טירמיסו 24,"איי, בי, אינבוו",,מאסטר קפה טרמיסו פחית 240 מל,מיליליטרים,240.00,"100 מ""ל",false,1,7.50,3.1250,true,1,191064
4710068001739,false,מאסטר קפה קולומביאני,"איי, בי, אינבוו",,מאסטר קפה משקה קפה קר קלאסיקו 240 מל,מיליליטרים,240.00,"100 מ""ל",false,1,7.50,3.1250,true,1,191004
4710068002798,false,מאסטר קפה וונילה פחי,מאיטה פוד אינדוסטריא,,מאסטר קפה לאטה פחית,מיליליטרים,240.00,"100 מ""ל",false,1,7.50,3.1250,true,1,216484
4711476002813,false,קפה קר מוקצינו 240 מ,,CN,קפה קר מוקצינו 240 מל,מיליליטרים,240.00,"100 מ""ל",false,1,9.60,4.0000,true,1,234234
4750021005725,false,"וודקה סטולי כשל""פ לל",פארייפאבה אגרואינדוס,LV,"וודקה סטולי כשל""פ לל""ג 40% בקבוק 700 מ""ל",מיליליטרים,700.00,"100 מ""ל",false,1,79.90,11.4143,true,1,207487
4792032060454,true,מי קוקוס אורגני גרין,בן טרה ג'וינט סטוק,DE,GREEN COCO מי קוקוס אורגני 330 מל,מיליליטרים,330.00,"100 מ""ל",false,1,9.40,2.8485,true,1,208996
4793000637005,false,מקלות קינמון ציילון,אף.סי תבליני בגליל ב,DE,קינמון ציילוני אמיתי טחון אורגני,גרמים,50.00,100 גרם,false,1,19.90,39.8000,true,1,219866
4793000637012,false,קינמון ציילון אורגני,אף.סי תבליני בגליל ב,DE,קינמון ציילון אורגני טחון 70 גרם נטורפוד,גרמים,70.00,100 גרם,false,1,16.90,24.1429,true,1,219867
4796019790013,false,שמן קוקוס אורגני גרי,כפרי בריא,,שמן קוקוס אורגני,מיליליטרים,300.00,"100 מ""ל",false,1,23.90,7.9667,true,1,205067
4796019790037,false,שמן קוקוס אורגני גרי,כפרי בריא,,שמן קוקוס אורגני,ליטרים,1.00,ליטר,false,1,49.90,49.9000,true,1,205112
4820229031311,false,וודקה חורטיצה פלטינו,Global Gourmet Produ,UA,וודקה חורטיצה פלטינום 700 מל,מיליליטרים,700.00,"100 מ""ל",false,1,69.90,9.9857,true,1,232771
4820229032219,false,וודקה חורטיצה אייס 7,Global Gourmet Produ,UA,וודקה חורטיצה אייס 700 מל,מיליליטרים,700.00,"100 מ""ל",false,1,74.90,10.7000,true,1,232772
4891228308032,false,שיק אינטואיישן ידית+,ארץ ייצור סכינים: אר,US,schick - Hydro 5 - sense,יחידה,1.00,יחידה,false,1,69.90,69.9000,true,1,226972
4891228308049,false,שיק היידרו 5 ידית+7,ארץ ייצור סכינים: אר,US,schick - Hydro 5 - sense,יחידה,1.00,יחידה,false,1,69.90,69.9000,true,1,226971
4891228430085,false,סכיני גילוח שייק אקס,השחר,CN,סכיני גילוח שייק אקסטרים 3 כחול רביעייה,לא מנהל יחידת מידה,0.00,לא מנהל יחידת מידה,false,1,19.90,0.0000,true,1,123653
4891228430092,false,סכיני גילוח שייק אקס,השחר,CN,שיק אקסטרים 3 סכיני גילוח לאישה לעור רגיש,לא מנהל יחידת מידה,0.00,לא מנהל יחידת מידה,false,1,19.90,0.0000,true,1,134184
4891228460211,false,מכשיר גילוח קווטרו+ס,יושלם,,מכשיר גילוח קווטרו+סכין,לא מנהל יחידת מידה,0.00,לא מנהל יחידת מידה,false,1,45.30,0.0000,true,1,134593
4891228460242,false,סכין שיק קואטרו נשים,השחר,CN,שיק קוואטרו סכיני גילוח חד פעמיים לאישה 3 יחידות,לא מנהל יחידת מידה,0.00,לא מנהל יחידת מידה,false,1,31.60,0.0000,true,1,151463
4895149079934,true,נורת לד GP וינטג W75,,,נורת לד GP וינטג W75,לא מנהל יחידת מידה,0.00,לא מנהל יחידת מידה,false,1,24.90,0.0000,true,1,213447
4902430751483,false,מכשיר גילוח גילט מאך,פרוקטר אנד גמבל,PL,מכשיר גילוח גילט מאך 3 סכין,יחידה,1.00,יחידה,false,1,19.90,19.9000,true,1,216655
5000054351900,false,פריסקיז דגי אוקיינוס,פורינה,US,פריסקיז דגי אוקיינוס וטונה,גרמים,156.00,100 גרם,false,1,5.90,3.7821,true,1,234656
5000054359500,false,פריסקיז פטה כבד ועוף,פורינה,US,פריסקיז פטה כבד ועוף 156גרם,גרמים,156.00,100 גרם,false,1,6.90,4.4231,true,1,233296
5000111001007,false,"רוטב HP255 מ""ל",HP,,"רוטב HP255 מ""ל",גרמים,250.00,100 גרם,false,1,23.90,9.5600,true,1,181637
5000111041065,false,רוטב וויטרשייר 150 מ,תאי פרזידנט פוד פאבל,,היינץ ווורסטרשייר 150 מל,מיליליטרים,150.00,"100 מ""ל",false,1,12.90,8.6000,true,1,226122
5000111047371,true,HP ברביקיו קלאסי,כלורוקס אוקלנד,NL,465 גרםHP  ברביקיו קלאסי,גרמים,465.00,100 גרם,false,1,16.90,3.6344,true,1,224085
5000157143365,true,מתבל בטעם מיונז וקטש,תאי פרזידנט פוד פאבל,PL,מתבל בטעם מיונז וקטשופ היינץ 425 מל,מיליליטרים,425.00,"100 מ""ל",false,1,15.90,3.7412,true,1,219148
5000159376655,false,סוכריות סקיטלס פירות,ריגלי ממתקים,,סוכריות סקיטלס פירות 38 גרם,גרמים,38.00,100 גרם,false,1,3.80,10.0000,true,1,181520
5000159376792,false,סוכריות סקיטלס חמוץ,ריגלי ממתקים,,סוכריות סקיטלס חמוץ 38 גרם,גרמים,38.00,100 גרם,false,1,3.80,10.0000,true,1,181521
5000159407236,false,חטיף מרס,מרס נדרלנד,,חטיף מרס 51 גרם,גרמים,51.00,100 גרם,false,1,4.70,9.2157,true,1,142126
5000159452977,false,חטיפי שוקולד מיקס מי,מרס הולנד בי.וי.,NL,חטיפי שוקולד מיקס מיני 400 גרם,גרמים,400.00,100 גרם,false,1,25.90,6.4750,true,1,188615
5000159459228,false,חטיף טויקס שוקולד,"נארז ע""י : א.ג. גילר",NL,חטיף טויקס 50 גרם,גרמים,50.00,100 גרם,false,1,4.70,9.4000,true,1,183234
5000159461122,false,חטיף סניקרס שוקולד,"נארז ע""י : א.ג. גילר",NL,חטיף סניקרס שוקולד 50 גרם,גרמים,50.00,100 גרם,false,1,4.70,9.4000,true,1,183235
5000159528320,false,בי קיינד אגוזים קלוי,שטראוס,,בי קיינד אגוזים קלויים 40 גרם,גרמים,40.00,100 גרם,false,1,7.90,19.7500,true,1,221718
5000159541152,false,טוייקס לבן 46 גרם,מרס.גי אם. בי אייץ,DE,טוייקס לבן 46 גרם,גרמים,46.00,100 גרם,false,1,4.70,10.2174,true,1,229360
5000204657913,false,משחת נעליים קווי שחו,המאפיה של הרמן,ID,קיווי משחת נעליים בקופסא שחור 35 גרם,יחידה,1.00,יחידה,false,1,6.80,6.8000,true,1,180882
5000207004172,false,גונסון בייבי פדים לה,גונסון,IT,גונסון בייבי פדים להנקה 30 יח,Unknown,0.00,Unknown,false,1,23.90,0.0000,true,1,8317
5000267014234,false,ויסקי גוני ווקר אדום,ג'ון ווקר ובניו,,"גוני ווקר אדום 700 מ""ל",מיליליטרים,700.00,"100 מ""ל",false,1,99.90,14.2714,true,1,71286
5000267015200,false,ויסקי גוני ווקר אדום,DIAGEO,,"ויסקי גוני ווקר אדום בקבוק 200 מ""ל",מיליליטרים,200.00,"100 מ""ל",false,1,32.90,16.4500,true,1,71288
5000267024233,false,"ויסקי ג""וני ווקר שחו",ג'וני ווקר ובניו,,"גוני ווקר שחור 700 מ""ל",מיליליטרים,700.00,"100 מ""ל",false,1,139.90,19.9857,true,1,71289
5000267171654,false,גוני ווקר שחור 200 מ,ג'ון ווקר ובניו,GB,"ג'וני שחור 200 מ""ל פוקט 40% כהל",מיליליטרים,200.00,"100 מ""ל",false,1,59.90,29.9500,true,1,220115
5000289925440,false,גין גורדון בקבוק 700,אלכסנדר גורדון ושות',,"ג'ין גורדון לונדון דריי ג'ין, 700 מל",מיליליטרים,700.00,"100 מ""ל",false,1,109.90,15.7000,true,1,200046
5000396037531,true,מקוויטיס ביסקויט מצו,קריניציה ויטמינה אס,,מקוויטיס ביסקויט מצו,Unknown,0.00,Unknown,false,1,10.90,0.0000,true,1,217988
5000396037548,true,מקוויטיס ביסקויט מצו,קריניציה ויטמינה אס,,מקוויטיס ביסקויט מצו,Unknown,0.00,Unknown,false,1,14.90,0.0000,true,1,224086
5000396037944,true,מקוויטיס ביסקויט קלא,קריניציה ויטמינה אס,,"מקויטיס,  ביסקוויט מקמח חיטה קלאסי 250 גרם",Unknown,0.00,Unknown,false,1,9.90,0.0000,true,1,217989
5010029000252,true,וויטביקס מקורי 430 ג,ויטהביקס לימיטד,,וויטביקס מקורי 430 גרם,גרמים,430.00,100 גרם,false,1,22.90,5.3256,true,1,229886
5010103800051,false,ויסקי J&B בקבוק 200,DIAGEO,,"ויסקי J&B בקבוק 200 מ""ל",מיליליטרים,200.00,"100 מ""ל",false,1,32.90,16.4500,true,1,5570
5010123703585,false,ליסטרין מי פה קול מי,גונסון אנד גונסון,,"ליסטרין מי פה קול מינט 500 מ""ל",מיליליטרים,500.00,"100 מ""ל",false,1,17.90,3.5800,true,1,207295
5010182996805,false,רייד מונע עש זוג,כצט,IT,רייד נגד עש בניחוח עץ לבנדר,Unknown,0.00,Unknown,false,1,13.80,0.0000,true,1,8487
5010182997680,false,תרסיס רייד קוטל נמלי,אס.סי.ג'ונסון מידרכט,NL,"תרסיס רייד קוטל נמלים אדום 300 מ""ל",מיליליטרים,300.00,"100 מ""ל",false,1,19.90,6.6333,true,1,5577
5010265002836,true,רויטה פת פריכה שיפון,דה ג'ורנדסאנד ריוויט,AO,פת פריכה קמח שיפון מלא 250 גרם,גרמים,250.00,100 גרם,false,1,12.90,5.1600,true,1,208945
5010394984577,false,פדיגרי דנטה סמול 110,מארס,US,פדיגרי דנטה סמול 110 גר,גרמים,110.00,100 גרם,false,1,11.90,10.8182,true,1,100010
5010677552387,false,בקרדי בריזר אננס בקב,בקרדי בעמ,BE,"בריזר - משקה כוהלי מוגז בטעם אננס 275 מ""ל",מיליליטרים,275.00,"100 מ""ל",false,1,14.90,5.4182,true,1,71412
5010677554398,false,בקרדי בריזר אבטיח בק,בקרדי בעמ,BE,"בריזר - משקה כוהלי מוגז בטעם אבטיח 275 מ""ל",מיליליטרים,275.00,"100 מ""ל",false,1,14.90,5.4182,true,1,5625
5013201300508,false,חם צוואר פרוותי 2 שכ,אודס,,חם צוואר פרוותי 2 שכבות,Unknown,0.00,Unknown,false,1,13.90,0.0000,true,1,184794
5014271310428,false,מעדן דובדבנים שחורים,המאפיה של הרמן,FR,מעדן דובדבנים שחורים סן דלפור 284 גרם,גרמים,284.00,100 גרם,false,1,21.90,7.7113,true,1,71461
5014271350424,false,מעדן ארבע פירות סן ד,המאפיה של הרמן,FR,מעדן ארבע פירות סן דלפור 284 גרם,גרמים,284.00,100 גרם,false,1,21.90,7.7113,true,1,5771
5014271400426,false,מעדן תות שדה סן דלפו,המאפיה של הרמן,FR,מעדן תות שדה סן דלפור 284 גרם,גרמים,284.00,100 גרם,false,1,21.90,7.7113,true,1,8657
5026489483955,false,חטיף חומוס סיסולט 45,קופרש סנק פודס,GB,חטיף חומוס סיסולט 45 גרם,גרמים,45.00,100 גרם,false,1,7.90,17.5556,true,1,210083
5026489484785,false,חטיף קינואה ס קרים 3,קופרש סנק פודס,GB,חטיף קינואה ס קרים 30 גרם,גרמים,30.00,100 גרם,false,1,7.90,26.3333,true,1,228945
5029053002408,false,נייר טואלט קלינקס לב,קימברלי קלארק ישראל,IL,"קלינקס נייר טואלט דו שכבתי לבן, 9 גלילים",מטרים,27500.00,מטר,false,1,34.90,0.0013,true,1,5820
5029053032658,false,ממחטות קלינקס א.ס  1,KC Italy,,ממחטות קלינקס א.ס  10 יחידות,לא מנהל יחידת מידה,0.00,לא מנהל יחידת מידה,false,1,9.90,0.0000,true,1,206859
5029053510811,false,קוטקס תחבושות נורמל+,קימברלי קלארק,,קוטקס תחבושות עם כנפיים נורמל פלוס 30 יחידות,Unknown,0.00,Unknown,false,1,15.90,0.0000,true,1,10911
5029053523446,false,קוטקס תחבושות נייט 2,קימברלי קלארק,,קוטקס תחבושות עם כנפיים נייט 20 יחידות,לא מנהל יחידת מידה,0.00,לא מנהל יחידת מידה,false,1,15.90,0.0000,true,1,10922
5029053531267,false,"תחתוני גמילה פול אפ""",KC Czech,,"תחתוני גמילה פול אפס 14 יח             """,Unknown,0.00,Unknown,false,1,34.90,0.0000,true,1,141424
5029053538426,false,חיתולי האגיס שחיה L,KC Czech,,ח.האגיס שחיה 11 L יח,לא מנהל יחידת מידה,0.00,לא מנהל יחידת מידה,false,1,40.90,0.0000,true,1,189459
5029053578309,false,קלינקס אולטרה סופט ק,קימברלי,IL,קלינקס אולטרה סופט קוביה 48 דף,יחידה,1.00,יחידה,false,1,9.90,9.9000,true,1,230293
5035766044673,false,סיידר תפוחים 5% אלכו,האי נאם סי או אל.טי.,BE,סיידר תפוחים 5% אלכוהול סטרונגבאו 330 מל,מיליליטרים,330.00,"100 מ""ל",false,1,9.00,2.7273,true,1,195387
5038483207949,false,קונדומים דורקס אינימ,תאילנד,TH,קונדומים דורקס אינימט פיל סיכה 12 יחידות,לא מנהל יחידת מידה,0.00,לא מנהל יחידת מידה,false,1,47.90,0.0000,true,1,133890
5038483574386,false,קונדומים דורקס פדרלי,רקיט בנקיזר הלת'קר,,קונדומים דורקס פדרלייט 3 * 12 יח,לא מנהל יחידת מידה,0.00,לא מנהל יחידת מידה,false,1,19.90,0.0000,true,1,151278
5038483574416,false,קונדומים דורקס אקסטר,רקיט בנקיזר הלת'קר,,קונדומים דורקס אקסטרא 3 יחידות,לא מנהל יחידת מידה,0.00,לא מנהל יחידת מידה,false,1,19.90,0.0000,true,1,179509
5038483578780,false,קונדומים דורקס עלית,רקיט בנקיזר הלת'קר,,קונדומים דורקס עלית  3 יחידות,לא מנהל יחידת מידה,0.00,לא מנהל יחידת מידה,false,1,19.90,0.0000,true,1,151652
5056357901441,false,חטיף חלבון בוטנים 15,מארס,GB,חטיף חלבון בוטנים 15 חלבון 51 גרם m&m,גרמים,51.00,100 גרם,false,1,16.90,33.1373,true,1,230334
5060319120078,true,תה הייר ליבינג סוויט,אף.סי תבליני בגליל ב,GB,תה הייר ליבינג סוויט דרימס 15 שקיקים,גרמים,40.00,100 גרם,false,1,18.90,47.2500,true,1,208948
5060319120092,false,תה הייר ליבינג אינגל,,GB,תה אינגליש ברקפסט אורגני,גרמים,45.00,100 גרם,false,1,18.90,42.0000,true,1,209008
5060319129293,false,תה הייר ליבינג תה יר,,GB,תה ירוק קוקוס אורגני,גרמים,40.00,100 גרם,false,1,18.90,47.2500,true,1,209009
5060402908248,false,סניקרס פרוטאין 55 גר,מרס נדרלנד,US,סניקרס פרוטאין 55 גרם,גרמים,59.00,100 גרם,false,1,16.90,28.6441,true,1,221790
5060402908286,false,מארס פרוטאין 59 גרם,מרס נדרלנד,US,מארס פרוטאין 59 גרם,גרמים,59.00,100 גרם,false,1,16.90,28.6441,true,1,221787
5060402909542,false,מארס קרמל מלוח 59 גר,מרס נדרלנד,US,מארס קרמל מלוח 59 גרם,גרמים,59.00,100 גרם,false,1,16.90,28.6441,true,1,221788
5060517886486,false,משקה אנרגיה מונסטר פ,Monster energy סרביה,RU,"מונסטר אנרג'י פח 500 מ""ל",מיליליטרים,500.00,"100 מ""ל",false,1,8.90,1.7800,true,1,218543
5200133120476,false,גליליות וופלים 400 ג,יוניליוור גרמניה  Gm,GR,גליליות וופלים 400 גרם אגוזים וקקאו,גרמים,400.00,100 גרם,false,1,18.90,4.7250,true,1,220175
5200133120483,false,גליליות וופלים 400 ג,יוניליוור גרמניה  Gm,GR,"גליליות וופלים ממולאות קרם בטעם וניל, 400 גרם",גרמים,400.00,100 גרם,false,1,18.90,4.7250,true,1,217621
5201004020338,false,קפריס רולס קלאסיק 40,פפדופולוס,GR,קפריס רולס קלאסיק 400 גרם,גרמים,400.00,100 גרם,false,1,19.90,4.9750,true,1,217370
5201184011775,false,זר י.ה. לראש פרחים,H.PARTY,,זר יומהולדת פרחים,Unknown,0.00,Unknown,false,1,10.90,0.0000,true,1,71580
5201184055656,false,משרוקית קטנה     6X,פרוקוס,,משרוקית קטנה  6X,Unknown,0.00,Unknown,false,1,9.00,0.0000,true,1,11074
5201940010011,false,זיתים שחורים טבעיים,קרלו,GR,ויליפוד זיתים שחורים מזן קלמטה במי מלח בפח 454 גרם,גרמים,454.00,100 גרם,false,1,14.90,3.2819,true,1,129999
5202302020020,true,ממרח זיתי קלמטה לילי,לילייה פודס,GR,ממרח זיתי קלמטה ליליה 200 גרם,גרמים,200.00,100 גרם,false,1,16.90,8.4500,true,1,208955
5202390014192,false,צהובה טבעונית עם זית,פרוטרופיק סיה.,GR,צהובה טבעונית עם זיתים200 גרם ויולייף,גרמים,200.00,100 גרם,false,1,23.90,11.9500,true,1,208267
5202390014222,false,צהובה עגבניות בזיל ט,פרוטרופיק סיה.,GR,צהובה עגבניות בזיל טבעוני 200 גרם ויוליף,גרמים,200.00,100 גרם,false,1,23.90,11.9500,true,1,208233
5202390015618,false,צהובה אורגינל טבעוני,פרוטרופיק סיה.,GR,צהובה אורגינל טבעוני 200 גרם ויולייף,גרמים,200.00,100 גרם,false,1,23.90,11.9500,true,1,190487
5202390021121,false,קרמי אורגינל טבעוני,וויטרוס אס.אי.,GR,ויולייף קרמית טבעונית בסגנון אורגינלי 150 גרם,גרמים,150.00,100 גרם,false,1,20.90,13.9333,true,1,213647
5208049004781,false,סיגריות פאל מאל ברי,,,סיגריות,יחידה,1.00,יחידה,false,1,27.30,27.3000,false,1,221193
5391523057936,false,סימילאק גולד 700 גר,אבוט לבורטיז,IE,סימילאק גולד 700 גר שלב 2,גרמים,700.00,100 גרם,false,1,74.90,10.7000,true,1,212630
5391523058063,false,סימילאק אדבנס פלוס 7,טרופיקל דגיל תעשיות,IE,סימילאק אדבנס פלוס 700 שלב1,גרמים,700.00,100 גרם,false,1,69.90,9.9857,true,1,212599
5391523058087,false,סימילאק אדבנס פלוס 7,טרופיקל דגיל תעשיות,IE,סימילאק אדבנס פלוס 700 שלב2,גרמים,700.00,100 גרם,false,1,69.90,9.9857,true,1,212627
5410126006087,false,ביסקוויט לוטוס,כלורוקס אוקלנד,BE,עוגיות לוטוס 700 גרם,גרמים,700.00,100 גרם,false,1,29.90,4.2714,true,1,189442
5410126006377,false,לוטוס עוגיות סנדוויץ,מונדלייז,BE,לוטוס עוגיות סנדוויץ במילוי וניל 150 גרם,גרמים,150.00,100 גרם,false,1,9.90,6.6000,true,1,230340
5410126106022,false,מארז חגים לוטוס 2 25,לוטוס בייקרי,BE,מארז חגים לוטוס 2 250 גרם,גרמים,250.00,100 גרם,false,1,23.90,9.5600,true,1,233712
5410126106183,false,ביסקוויט קרמל לוטוס,כלורוקס אוקלנד,BE,"ביסקויט קרמל 312 גרם בד""צ 50 יח ארוז בנפ",גרמים,312.00,100 גרם,false,1,19.90,6.3782,true,1,11128
5410126116953,false,ממרח לוטוס עוגיות קר,כלורוקס אוקלנד,BE,ממרח עוגיות לוטוס קרמל,גרמים,400.00,100 גרם,false,1,22.90,5.7250,true,1,180828
5410126126020,false,מארז שבועות עוגיות ל,,,מארז שבועות עוגיות לוטוס250גרם,גרמים,250.00,100 גרם,false,1,23.90,9.5600,true,1,228568
5410126716016,false,ביסקוויט לוטוס טעם ק,לוטוס ביקרי בלגיה,BE,"ביסקויט בטעם קרמל לוטוס 250 גרם בד""צ",גרמים,250.00,100 גרם,false,1,12.90,5.1600,true,1,9012
5410228142089,false,בירה לף בלונד בקבוק,אינבב,,"בירה לף בלונד בקבוק 330 מ""ל",מיליליטרים,330.00,"100 מ""ל",false,1,9.90,3.0000,true,1,232550
5410228217732,false,סטלה ארטואה - פחית 4,מנדלז סי.אר. פרודקשן,BE,בירה סטלה ארטואה בפחית 440 מל,מיליליטרים,440.00,"100 מ""ל",false,1,12.90,2.9318,true,1,221701
5410316994019,false,וודקה סמירנוף אדום ב,תאי פרזידנט פוד פאבל,US,סמירנוף וודקה 700 מל,מיליליטרים,700.00,"100 מ""ל",false,1,84.90,12.1286,true,1,193185
5411188096108,false,שמנת לבישול אלפרו 25,אלפרו C.V.A,BE,"שמנת לבישול אלפרו 250 מ""ל",מיליליטרים,250.00,"100 מ""ל",false,1,9.90,3.9600,true,1,158002
5411188110835,false,משקה אלפרו חלב שקדים,הנסיך- מפעל לייצור ט,BE,אלפרו משקה שקדים 1ל,ליטרים,1.00,ליטר,false,1,14.90,14.9000,true,1,183209
5411188134985,false,3.5%שומן  NOT MILK א,הנסיך- מפעל לייצור ט,BE,3.5%שומן  NOT MILK אלפרו שבולת שועל 1 לי,ליטרים,1.00,ליטר,false,1,13.90,13.9000,true,1,223641
5411188135005,false,1.8%שומן  NOT MILK א,הנסיך- מפעל לייצור ט,BE,1.8%שומן  NOT MILK אלפרו שבולת שועל 1 לי,ליטרים,1.00,ליטר,false,1,13.90,13.9000,true,1,223640
5411616002190,false,בירה מרטנס סטרונג 8.,שוורצקוף& הנקל דיסלד,BE,"בירה Strong מרטנס 500 מ""ל 8.5%",מיליליטרים,500.00,"100 מ""ל",false,1,6.90,1.3800,true,1,207735
5411616148546,false,בירה מרטנס גולד פחית,מיוצר בסין.יבוא ושיו,BE,בירה מרטנס גולד  500מל 6.5%,מיליליטרים,500.00,"100 מ""ל",false,1,6.90,1.3800,true,1,6863
5413548040479,false,רפאלו T24,קדבורי,PL,כדור וופל בציפוי קוקוס פריך במילוי קרם ושקד שלם,גרמים,240.00,100 גרם,false,1,25.90,10.7917,true,1,170522
5600213501018,true,תבואות מלח אטלנטי עב,,,תבואות מלח אטלנטי עב,Unknown,0.00,Unknown,false,1,16.90,0.0000,true,1,212409
5600213501261,true,תבואות מלח אטלנטי דק,,,תבואות מלח אטלנטי דק,לא מנהל יחידת מידה,0.00,לא מנהל יחידת מידה,false,1,16.90,0.0000,true,1,212402
5601010111035,false,סרדינים בשמן זית 125,רמירז קונסרב,PT,שימורי סרדינים בשמן זית,גרמים,125.00,100 גרם,false,1,12.80,10.2400,true,1,169865
5601010211070,false,סרדינים במים 125 גרם,רמירז קונסרב,PT,שימורי סרדינים במי מלח 100 גרם,גרמים,125.00,100 גרם,false,1,11.20,8.9600,true,1,168581
5701932026971,false,פופקורן עם חמאה הוטפ,"פופז בע""מ",US,הוט חמאה 600 ג') ב(12,גרמים,600.00,100 גרם,false,1,15.90,2.6500,true,1,9212
5706516110039,false,הוטפופ טבעי מופחת שו,פופז,US,הוטפופ טבעי מופחת שומן ונתרן 540 גרם,גרמים,540.00,100 גרם,false,1,15.90,2.9444,true,1,220341
5710840209437,false,באלי נטוראל 40 גר,,,באלי נטוראל 40 גר,גרמים,40.00,100 גרם,false,1,100.00,250.0000,true,1,218209
5710840210013,false,באלי לבן 40 גר,,,באלי לבן 40 גר,גרמים,40.00,100 גרם,false,1,100.00,250.0000,true,1,218208
5710840210167,false,באלי צהוב 40 גר,S.T.G,,באלי צהוב 40 גר,גרמים,40.00,100 גרם,false,1,100.00,250.0000,true,1,218467
5711953106583,false,ארלה גבינת שמנת טבעי,ארזינא,DK,ארלה גבינת שמנת טבעי,גרמים,200.00,100 גרם,false,1,16.90,8.4500,true,1,217732
5711953106606,false,ארלה גבינת שמנת עשבי,ארזינא,DK,ארלה גבינת שמנת עשבי תיבול,גרמים,200.00,100 גרם,false,1,16.90,8.4500,true,1,217734
5740900403215,true,ממרח לורפק עם מלח 25,ארזינא,DK,ממרח לורפק עם מלח 250,גרמים,250.00,100 גרם,false,1,18.90,7.5600,true,1,212968
5740900403239,true,ממרח לורפק ללא מלח 2,ארזינא,DK,ממרח לורפק בלי מלח 250,גרמים,250.00,100 גרם,false,1,19.90,7.9600,true,1,212970
5740900403253,true,ממרח לורפק עם מלח 50,ארזינא,DK,ממרח לורפק עם מלח 500גר,גרמים,500.00,100 גרם,false,1,29.80,5.9600,true,1,212972
5740900403864,false,לורפק חמאה עם מלח 20,ארזינא,DK,לורפק חמאה עם מלח 200 גרם,גרמים,200.00,100 גרם,false,1,11.90,5.9500,true,1,223637
5900020026552,false,דגני האני נאט ציריוס,הנסיך- מפעל לייצור ט,FR,דגני האני נאט ציריוס  625 גרם,גרמים,625.00,100 גרם,false,1,26.90,4.3040,true,1,202704
5900951283963,false,dro סניקרס קרימי ח.ב,סנו מפעלי ברונוס.,PL,dro סניקרס קרימי ח.בוטנים 36.5,גרמים,37.00,100 גרם,false,1,4.70,12.7027,true,1,231069
5901414200411,false,עוגיות היט מיני קקאו,בלזן,PL,עוגיות היט מיני קקאו 130 גרם,גרמים,130.00,100 גרם,false,1,6.90,5.3077,true,1,9339
5902198160403,false,משקה אנרגיה XL TEN,"טמפו משקאות בע""מ",IL,"משקה אנרגיה XL TEN  פחית 250 מ""ל",מיליליטרים,250.00,"100 מ""ל",false,1,4.50,1.8000,true,1,205211
5904941751302,false,משקה אנרגיה BLU  פחי,אקו - ביט,PL,בלו משקה אנרגיה מוגז 250 מל,מיליליטרים,250.00,"100 מ""ל",false,1,5.00,2.0000,true,1,142388
5904941751920,false,משקה אנרגיה BLU דיי,אקו - ביט,PL,בלו משקה אנרגיה מוגז 250 מל,מיליליטרים,250.00,"100 מ""ל",false,1,5.00,2.0000,true,1,177010
5906485301012,false,משקה אנרגיה XL פחית,"טמפו משקאות בע""מ",IL,אקס אל אנרג'י דרינק משקה אנרגיה מוגז,מיליליטרים,250.00,"100 מ""ל",false,1,4.50,1.8000,true,1,9372
6001023641601,false,מילוי גז למצתים 250,,,"מילוי גז למצתים 250 מ""ל",מיליליטרים,250.00,"100 מ""ל",false,1,11.90,4.7600,true,1,214021
6001067001485,false,מברשת שיניים קולגייט,קולגייט פלמוליב,CN,מברשת שיניים קולגייט 360,יחידה,1.00,יחידה,false,1,9.90,9.9000,true,1,232412
6001067017523,false,מברשת שיניים ילדים,יבואן ומשווק: ש. שסט,CN,קולגייט מברשת שיניים ספידרמן-ברבי גילאי 5+,Unknown,0.00,Unknown,false,1,13.90,0.0000,true,1,182900
6001067017530,false,מברשת שיניים גוניור,יבואן ומשווק: ש. שסט,CN,מברשת שיניים קולגייט גוניור,יחידה,1.00,יחידה,false,1,13.90,13.9000,true,1,182901
6001067022558,false,מברשת שיניים קולגייט,קולגייט פלמוליב,CN,מברשת שיניים קולגייט אקסטרה קלין,יחידה,1.00,יחידה,false,1,3.90,3.9000,true,1,232398
6253017300012,false,טחינה קראוון המקורית,אחדות ביחר לטחינה  ח,IL,טחינה קראוון המקורית 500 גרם,גרמים,500.00,100 גרם,false,1,15.90,3.1800,true,1,178515
6253341100029,false,טחינה עאייש 100% שומ,עומר עאייש שכם,PS,טחינה עאייש 100% שומשום 450 גרם,גרמים,450.00,100 גרם,false,1,15.90,3.5333,true,1,217440
6908235694404,false,אוזניות מיקרופון אונ,,,אוזניות מיקרופון אוניברסליות,יחידה,1.00,יחידה,false,1,29.90,29.9000,true,1,218006
6926572510386,false,סוכריית לקקן גלי ממו,אחים מזרחי,,סוכריית לקקן גלי ממותג,לא מנהל יחידת מידה,0.00,לא מנהל יחידת מידה,false,1,4.50,0.0000,true,1,14146
7271730901261,false,פסטה עם גבינה 156 גר,נטו מלינדה-בשר,US,ארוחת אטריות עם רוטב גבינה,גרמים,156.00,100 גרם,false,1,11.90,7.6282,true,1,182017
7290000003079,false,פיתה כשלפ בודד,איתנס,IL,פיתה כשלפ בודד,יחידה,1.00,יחידה,false,1,7.90,7.9000,true,1,218800
7290000004596,false,לחמניה  לסנדויץ,מאפית דוידוביץ ובניו,IL,לחמניה  לסנדויץ,גרמים,75.00,100 גרם,false,1,1.60,2.1333,true,1,232603
7290000008384,false,דונאטס במגוון טעמים,פילסברי,IL,דונאטס במגוון טעמים,יחידה,1.00,יחידה,false,1,6.90,6.9000,true,1,220404
7290000023007,false,ברנדי שטוק 84  750 מ,"יקבי ברקן בע""ם",IL,"ברנדי שטוק 84  750 מ""ל",מיליליטרים,750.00,"100 מ""ל",false,1,79.90,10.6533,true,1,101704
7290000023083,false,ערק אשקלון 40% בקבוק,"איי, בי, אינבוו",IL,"ערק אשקלון 700 מ""ל",מיליליטרים,700.00,"100 מ""ל",false,1,69.90,9.9857,true,1,193180
7290000023809,false,יין ברקן קלאסיק קברנ,"איי, בי, אינבוו",IL,ברקן קלאסיק קברנה סוביניון יין אדום יבש 2015,מיליליטרים,750.00,"100 מ""ל",false,1,32.90,4.3867,true,1,101879
7290000023816,false,יין ברקן קלאסיק אמרל,"איי, בי, אינבוו",IL,ברקן קלאסיק אמרלד ריזלינג יין לבן חצי יבש 2016,מיליליטרים,750.00,"100 מ""ל",false,1,32.90,4.3867,true,1,101880
7290000023847,false,יין ברקן קלאסיק שרדו,יקבי ברקן שיווק והפצ,IL,"יין ברקן קלאסיק שרדונה 750 מ""ל",מיליליטרים,750.00,"100 מ""ל",false,1,32.90,4.3867,true,1,101885
7290000023977,false,יין ברקן קלאסיק מרלו,"איי, בי, אינבוו",IL,ברקן קלאסיק מרלו יין אדום יבש 2015 750 מל,מיליליטרים,750.00,"100 מ""ל",false,1,32.90,4.3867,true,1,101890
7290000024523,false,מיץ ענבים תירוש סגל,כרמי צבי - האחים סגל,IL,מיץ ענבים תירוש סגל 1 ליטר,ליטרים,1.00,ליטר,false,1,14.90,14.9000,true,1,194751
7290000024530,false,"יין מתוק סגל 750 מ""ל",יקב סגל,,"יין מתוק סגל 750 מ""ל",מיליליטרים,750.00,"100 מ""ל",false,1,16.30,2.1733,true,1,160854
7290000040042,false,יוגורט יופלה תות 3%,תנובה בעמ,IL,יופלה יוגורט תות %3 גביע 150 גרם,גרמים,150.00,100 גרם,false,1,4.90,3.2667,true,1,103775
7290000040301,false,גבינה קולאז קממבר 12,תנובה,IL,קממבר 24%,גרמים,125.00,100 גרם,false,1,20.50,16.4000,true,1,103799
7290000040318,false,גבינת ברי קולאז 125,כצט,IL,גבינה רכה בשלה מחלב בקר,גרמים,125.00,100 גרם,false,1,20.50,16.4000,true,1,103801
7290000040974,false,חלב דל לקטוז 2% בקרט,"תנובה, מחלבת רחובות",IL,חלב תנובה דל לקטוז 2% שומן 1 ליטר,ליטרים,1.00,ליטר,false,1,7.20,7.2000,true,1,167153
7290000041445,false,קוטג 5% תנובה 250 גר,מיוצר עי קונדיטוריית,IL,קוטג תנובה גביע 250 גרם 5% בדצ,גרמים,250.00,100 גרם,false,1,5.70,2.2800,true,1,103954
7290000041858,false,שמנת יטבתה מעושרת 20,,IL,שמנת חמוצה 15% מועשרת מהדרין,מיליליטרים,200.00,"100 מ""ל",false,1,2.40,1.2000,true,1,103999
7290000042015,false,"חלב 3% שקית בד""ץ פיק",תנובה,IL,"חלב 3% שקית בד""ץ פיקוח 1 ליטר",ליטרים,1.00,ליטר,false,1,5.43,5.4300,true,1,104022
7290000042435,false,חלב 1% קרטון פיקוח 1,כצט,IL,תנובה חלב טרי 1% שומן,ליטרים,1.00,ליטר,false,1,5.86,5.8600,true,1,104054
7290000042442,false,חלב 3% קרטון+פקק פיק,תנובה,IL,תנובה חלב טרי 3% שומן,ליטרים,1.00,ליטר,false,1,6.23,6.2300,true,1,104055
7290000042640,false,"חלב עמיד 250 מ""ל",כצט,IL,תנובה חלב עמיד 3% שומן 250 מל,מיליליטרים,250.00,"100 מ""ל",false,1,2.90,1.1600,true,1,109657
7290000042855,false,שוקו יטבתה בשקית 225,שטראוס גרופ,,"שוקו יטבתה בשקית 225 מ""ל",מיליליטרים,225.00,"100 מ""ל",false,1,2.60,1.1556,true,1,104081
7290000043814,false,שמנת מתוקה עמידה 38%,כצט,IL,השף הלבן שמנת להקצפה 38% שומן 250 מל,מיליליטרים,250.00,"100 מ""ל",false,1,6.47,2.5880,true,1,104234
7290000043890,false,רויון בקרטון 1 ליטר,כצט,IL,תנובה רויון לבן מחלב מפסוטר 1.5% 1 ליטר,ליטרים,1.00,ליטר,false,1,10.90,10.9000,true,1,104257
7290000043944,false,יוגורט 4.5% בכד תנוב,מיוצר עי קונדיטוריית,IL,יוגורט 4.5% בכד תנובה 1.5 ליטר,ליטרים,1.50,ליטר,false,1,16.80,11.2000,true,1,104270
7290000044248,false,"רויון בקרטון 500 מ""ל",כצט,IL,תנובה רויון לבן מחלב מפוסטר 1.5% 500 מל,מיליליטרים,500.00,"100 מ""ל",false,1,6.50,1.3000,true,1,223671
7290000044712,false,"פרילי תות 500 מ""ל",מיוצר עי קונדיטוריית,IL,"פרילי תות 500 מ""ל",מיליליטרים,500.00,"100 מ""ל",false,1,10.90,2.1800,true,1,104291
7290000044880,false,"באדי תות 3%  500 מ""ל",מיוצר עי קונדיטוריית,IL,"באדי תות 3%  500 מ""ל",מיליליטרים,500.00,"100 מ""ל",false,1,9.40,1.8800,true,1,104292
7290000045573,false,גבינה מותכת נעמה 200,תנובה,IL,נעמה גבינה מותכת משולשים 25% שומן,גרמים,200.00,100 גרם,false,1,14.90,7.4500,true,1,104346
7290000045580,false,גבינה מותכת חורש 240,כצט,IL,נעמה גבינה מותכת משולשים 25% שומן,גרמים,240.00,100 גרם,false,1,19.90,8.2917,true,1,104347
7290000047546,false,גבינה כנען 5% שומן,תנובה,IL,גבינה כנען500 גרם 5% שומן,גרמים,500.00,100 גרם,false,1,24.90,4.9800,true,1,104506
7290000048185,false,גבינה למריחה 5% תנוב,מיוצר עי קונדיטוריית,IL,גבינה למריחה 5% תנובה פיקוח 250 גרם,גרמים,250.00,100 גרם,false,1,4.98,1.9920,true,1,104542
7290000048437,false,גבינה צפתית 5% פיראו,פארייפאבה אגרואינדוס,IL,גבינה צפתית 5% שומן,גרמים,200.00,100 גרם,false,1,15.50,7.7500,true,1,104572
7290000049458,false,גבינת פטה עזים 16% פ,כצט,IL,פיראוס פטה עיזים 16% שומן,גרמים,250.00,100 גרם,false,1,27.90,11.1600,true,1,104684
7290000051710,false,גבינת לאבנה שמן זית,"תנובה, מחלבת אלון תב",IL,פיראוס לאבנה אסלית עם שמן זית וזעתר על בסיס יוגורט,גרמים,263.00,100 גרם,false,1,14.20,5.3992,true,1,154353
7290000052311,false,גבינה עמק 15% פרוס 2,תנובה,IL,עמק פרוסות גבינה צהובה חצי קשה 15% מופחתת שומן,גרמים,200.00,100 גרם,false,1,15.90,7.9500,true,1,161274
7290000053219,false,טל העמק 31%,תנובה מרכז שיתופי לש,,טל העמק 31%,קילוגרמים,1.00,"ק""ג",true,,65.00,65.0000,true,1,203439
7290000055893,false,חמאה תנובה 200 גרם,תנובה,IL,חמאה תנובה 200 גרם,גרמים,200.00,100 גרם,false,1,7.90,3.9500,true,1,184594
7290000056845,false,חלב 3% קרטון פיקוח 1,פארייפאבה אגרואינדוס,IL,תנובה חלב טרי 3% שומן אריזת נוחות,ליטרים,1.50,ליטר,false,1,9.34,6.2267,true,1,174322
7290000056968,false,שמנ מתוקה הקצפה  38%,כצט,IL,השף הלבן שמנת להקפצה 38% שומן,מיליליטרים,500.00,"100 מ""ל",false,1,12.94,2.5880,true,1,175630
7290000057118,false,גבינה צהובה עמק קלאס,כצט,IL,גבינת עמק קלאסית חצי קשה פרוסות 28% שומן,גרמים,400.00,100 גרם,false,1,22.90,5.7250,true,1,174168
7290000057132,false,יוגורט ביו 1.5% תנוב,מחלבת אלון תבור,IL,יוגורט ביו 1.5% תנובה 200 גרם,גרמים,200.00,100 גרם,false,1,3.20,1.6000,true,1,174058
7290000057149,false,יוגורט ביו  3% תנובה,מיוצר עי קונדיטוריית,IL,יוגורט ביו  3% תנובה 200 גרם,גרמים,200.00,100 גרם,false,1,3.20,1.6000,true,1,174059
7290000058047,false,שמנת מתוקה,כצט,IL,שמנת מתוקה להקצפה 500 38% גרם,מיליליטרים,500.00,"100 מ""ל",false,1,12.94,2.5880,true,1,178178
7290000058580,false,קוקילידה 80 גרם,תות תעשיות מזון (201,IL,נסטלה קוקילידה 28*80גרם,גרמים,80.00,100 גרם,false,1,10.50,13.1250,true,1,110501
7290000060071,false,חטיפי פריכונים טבעי,"מיוצר ע""י PT, משווק",IL,אסם חטיפי פריכונים טבעי 12*80גרם,גרמים,80.00,100 גרם,false,1,7.90,9.8750,true,1,105947
7290000060163,false,אטריות דקות 400 גרם,"אסם השקעות בע""מ",IL,אסם אטריות דקות 12*400גרם,גרמים,400.00,100 גרם,false,1,7.90,1.9750,true,1,105961
7290000060200,false,פתיתים אפויים קוסקוס,"אסם השקעות בע""מ",IL,פתיתים אפויים קוסקוס 500 גרם,גרמים,500.00,100 גרם,false,1,6.90,1.3800,true,1,105964
7290000060316,false,ספגטי פרפקטו 500 גרם,פסטה זארה,IT,פרפקטו פסטה ספגטי אטלקי 24*500גרם,גרמים,500.00,100 גרם,false,1,7.90,1.5800,true,1,105973
7290000060330,false,פסטה פרפקטו ספירלי 5,פסטה זארה,IT,פרפקטו ספירלי 12*500גרם-חדש,גרמים,500.00,100 גרם,false,1,7.90,1.5800,true,1,105975
7290000060415,false,לזניה פרפקטו 500 גרם,פסטה לנסי,IT,פרפקטו לזניה 12*500גרם 2016,גרמים,500.00,100 גרם,false,1,14.90,2.9800,true,1,105979
7290000060781,false,פסטה מסולסלים אסם 50,פסטה זארה,IT,אסם פסטה מסולסלים לאחר הפסח 12*500גרם,גרמים,500.00,100 גרם,false,1,6.90,1.3800,true,1,105998
7290000060811,false,טילון אקסטרים ענק מט,תות תעשיות מזון (201,IL,אקסטרים ענק מטבע שוקולד 18*120גרם,גרמים,141.00,100 גרם,false,1,10.50,7.4468,true,1,180953
7290000060828,false,פסטה קרניים בינוניות,פסטה זארה,IT,אסם פסטה קרניים בינוניות 12*500גרם,גרמים,500.00,100 גרם,false,1,6.90,1.3800,true,1,106000
7290000060842,false,פסטה צדפים גדולים,פסטה זארה,IT,אסם פסטה צדפים גדולים 12*500גרם,גרמים,500.00,100 גרם,false,1,6.90,1.3800,true,1,106003
7290000060859,false,פסטה צדפים קטנים,פסטה זארה,IT,אסם פסטה צדפים קטנים 24 20*500גרם,גרמים,500.00,100 גרם,false,1,6.90,1.3800,true,1,106004
7290000060880,false,ספגטי אסם 500 גרם,פסטה זארה,IT,ספגטי אסם 500 גרם,גרמים,500.00,100 גרם,false,1,6.90,1.3800,true,1,106006
7290000060903,false,פתיתים אפויים אורז 5,"אסם השקעות בע""מ",IL,אסם פתיתים אפויים אורז 12*500גרם,גרמים,500.00,100 גרם,false,1,6.90,1.3800,true,1,106007
7290000060958,false,אטריות בינוניות 400,"אסם השקעות בע""מ",IL,אסם אטריות בינוניות 12*400גרם,גרמים,400.00,100 גרם,false,1,7.90,1.9750,true,1,106011
7290000060965,false,אטריות רחבות 400 גרם,"אסם השקעות בע""מ",IL,אסם אטריות רחבות 12*400גרם,גרמים,400.00,100 גרם,false,1,7.90,1.9750,true,1,106012
7290000061061,false,קרקר בצל 250 גרם,"אסם השקעות בע""מ",IL,אסם קרקר בצל 12*250גרם,גרמים,250.00,100 גרם,false,1,10.90,4.3600,true,1,106016
7290000061214,false,פתיתים קוסקוס עם בצל,"אסם השקעות בע""מ",IL,אסם פתיתים קוסקוס עם בצל 12*500גרם,גרמים,500.00,100 גרם,false,1,6.90,1.3800,true,1,148845
7290000061764,false,קפה נמס רד מאג 200 ג,נסטלה ספרד,ES,נסקפה רד מאג טעם חדש 6*200גרם2017,גרמים,200.00,100 גרם,false,1,24.90,12.4500,true,1,106102
7290000062952,false,קרוטונים מיני למרק ו,עינת תעשיות,IL,אסם מיני קרוטונים למרק וסלט 12*250גרם,גרמים,250.00,100 גרם,false,1,16.90,6.7600,true,1,142082
7290000063102,false,קמח תופח אסם 350 גרם,"אסם השקעות בע""מ",IL,קמח תופח אסם 350 גרם,גרמים,350.00,100 גרם,false,1,5.50,1.5714,true,1,106290
7290000063140,false,שקדי מרק אסם בשקית 4,"אסם השקעות בע""מ",IL,אסם שקדי מרק רכיבים טבעיים 12*400גרם,גרמים,400.00,100 גרם,false,1,12.90,3.2250,true,1,106298
7290000063157,false,"קמח תופח מאליו 1 ק""ג","אסם השקעות בע""מ",IL,"קמח תופח מאליו 1 ק""ג אסם",קילוגרמים,1.00,"ק""ג",false,1,9.70,9.7000,true,1,106300
7290000064758,false,קוסקוס אמיתי אסם 350,"מיוצר ע""י קוד יצרן K",IL,אסם קוסקוס אמיתי 12*350גרם,גרמים,350.00,100 גרם,false,1,7.90,2.2571,true,1,112391
7290000065540,false,מנה חמה פסטה מוקרמת,"אסם השקעות בע""מ",IL,מנה חמה פסטה מוקרמת בדץ 12*55גרם,גרמים,55.00,100 גרם,false,1,6.90,12.5455,true,1,106467
7290000065557,false,מנה חמה קוסקוס עם יר,"אסם תעשיות מזון בע""מ",IL,מנה חמה קוסקוס וירקות בדצ 12*84גרם,גרמים,84.00,100 גרם,false,1,6.90,8.2143,true,1,106468
7290000065977,false,אסם חטיפי פריכונים ת,"מיוצר ע""י פרח, משווק",IL,אסם חטיפי פריכונים תירס 12*80גרם,גרמים,80.00,100 גרם,false,1,7.90,9.8750,true,1,159895
7290000066196,false,ביסלי גריל 200 גרם,מיוצר עי קונדיטוריית,IL,ביסלי גריל 25*200גרם,גרמים,200.00,100 גרם,false,1,7.90,3.9500,true,1,106570
7290000066226,false,ביסלי פיצה 200 גרם,מיוצר עי קונדיטוריית,IL,ביסלי פיצה 25*200גרם,גרמים,200.00,100 גרם,false,1,7.90,3.9500,true,1,106573
7290000066318,false,במבה 80 גרם,"אסם השקעות בע""מ",IL,במבה קלאסי 40*80גרם,גרמים,80.00,100 גרם,false,1,5.90,7.3750,true,1,106619
7290000066332,false,אפרופו 50 גרם,מיוצר עי קונדיטוריית,IL,אפרופו 36*50גרם,גרמים,50.00,100 גרם,false,1,5.20,10.4000,true,1,106620
7290000066349,false,אפרופו 100 גרם,מיוצר עי קונדיטוריית,IL,אפרופו 20*100גרם,גרמים,100.00,100 גרם,false,1,8.90,8.9000,true,1,106621
7290000067599,false,מנה חמה ספגטי בולונז,"אסם השקעות בע""מ",IL,מנה חמה ספגטי בולונז 12*65גרם,גרמים,65.00,100 גרם,false,1,6.90,10.6154,true,1,106765
7290000068138,false,פודינג אינסטנט וניל,מיוצר עי קונדיטוריית,IL,אסם פודינג אינסטנט וניל 12*80גרם,גרמים,80.00,100 גרם,false,1,5.90,7.3750,true,1,106852
7290000068152,false,"רוטב צלי לבשר כשל""פ",אסם,,"רוטב צלי לבשר כשל""פ 22 גרם",גרמים,22.00,100 גרם,false,1,3.90,17.7273,true,1,146112
7290000068190,false,"ג""לי בזק טעם תות שדה",מיוצר עי קונדיטוריית,IL,אסם ג'לי תות שדה צבעים טבעיים 12*90גרם,גרמים,90.00,100 גרם,false,1,6.90,7.6667,true,1,106859
7290000068282,false,"מנה חמה תפו""א עם ירק","אסם השקעות בע""מ",IL,מנה חמה פירה.וירקות כלפ.12*47גרם,גרמים,76.00,100 גרם,false,1,6.90,9.0789,true,1,146010
7290000068299,false,"מנה חמה תפו""א עם פטר","אסם השקעות בע""מ",IL,מנה חמה פירה תפוא.ופטריות כלפ.12*47גרם,גרמים,76.00,100 גרם,false,1,6.90,9.0789,true,1,146011
7290000068343,false,אסם פריכונים מאורז מ,"מיוצר ע""י PT, משווק",IL,אסם פריכונים מאורז מלא 12*140גרם,גרמים,140.00,100 גרם,false,1,8.90,6.3571,true,1,106884
7290000068701,false,שקדי מרק אסם במיכל 4,"אסם השקעות בע""מ",IL,אסם שקדי מרק רכיבים טבע.מיכל 10*400גרם,גרמים,400.00,100 גרם,false,1,18.30,4.5750,true,1,106903
7290000069364,false,"פריכונים 140 גר ""דל","מיוצר ע""י PT, משווק",IL,אסם פריכונים עגול אורז דל נת.12*140ג,גרמים,140.00,100 גרם,false,1,8.90,6.3571,true,1,113141
7290000069739,false,חטיפי קרקר שומשום,מיוצר עי קונדיטוריית,IL,אסם חטיפי קרקר שומשום 12*300גרם,גרמים,300.00,100 גרם,false,1,13.30,4.4333,true,1,148811
7290000070308,false,מרק עוף אמיתי 400 גר,"אסם השקעות בע""מ",IL,אסם מרק עוף אמיתי חתם סופר כלפ.6*400גרם,גרמים,400.00,100 גרם,false,1,21.90,5.4750,true,1,107086
7290000070353,false,"מרק בצל כשל""פ 400 גר","אסם השקעות בע""מ",IL,"מרק בצל כשל""פ 400 גרם",גרמים,400.00,100 גרם,false,1,28.90,7.2250,true,1,107088
7290000071008,false,בייגלה שטוחים עם מלח,"אסם השקעות בע""מ",IL,אסם בייגלה שטוחים מלח 24*60גרם,גרמים,60.00,100 גרם,false,1,3.70,6.1667,true,1,164657
7290000072241,false,אסם רוטב לפיצה בקבוק,"אסם השקעות בע""מ",IL,אסם רוטב פיצה 9*290מל,מיליליטרים,290.00,"100 מ""ל",false,1,12.90,4.4483,true,1,107118
7290000072623,false,קטשופ לחיץ רגיל,"אסם השקעות בע""מ",IL,אסם קטשופ בקבוק לחיץ 9*750גרם-חדש,גרמים,750.00,100 גרם,false,1,11.90,1.5867,true,1,107129
7290000072753,false,קפה טסטרצויס 200 גרם,לוטה נסטלה קוריאה,,טייסטרס צ'וייס 12*200גרם,גרמים,200.00,100 גרם,false,1,31.90,15.9500,true,1,107133
7290000072777,false,קפה טסטרצויס נטול קפ,לוטה נסטלה קוריאה,,טייסטרס צוייס נטול קופאין 12*200גרם,גרמים,200.00,100 גרם,false,1,39.90,19.9500,true,1,107135
7290000072968,false,דגני סיני מיניס קינמ,סי. פי. פולין,PL,דגני סיני מיניס קינמון 500 גרם,גרמים,500.00,100 גרם,false,1,26.90,5.3800,true,1,107299
7290000074184,false,ביסקוויט פתיבר 500 ג,"אסם השקעות בע""מ",IL,ביסקוויט פתיבר 500 גרם,גרמים,500.00,100 גרם,false,1,9.90,1.9800,true,1,107528
7290000074245,false,קרם קרקר 250 גרם,"אסם השקעות בע""מ",IL,אסם קרם קרקר 12*250גרם,גרמים,250.00,100 גרם,false,1,10.90,4.3600,true,1,107530
7290000074252,false,קרקר שומשום 250 גרם,"אסם השקעות בע""מ",IL,אסם קרקר שומשום 12*250גרם,גרמים,250.00,100 גרם,false,1,10.90,4.3600,true,1,107531
7290000074276,false,קרקר פיקנטי 250 גרם,"אסם השקעות בע""מ",IL,אסם קרקר פיקנטי 12*250גרם,גרמים,250.00,100 גרם,false,1,10.90,4.3600,true,1,107532
7290000074375,false,קרקר זהב,"אסם השקעות בע""מ",IL,אסם קרקר זהב 12*150גרם,גרמים,150.00,100 גרם,false,1,6.90,4.6000,true,1,107536
7290000074481,false,לחמית אגוזים,"אסם השקעות בע""מ",IL,לחמית אגוזים 12*160גרם,גרמים,160.00,100 גרם,false,1,10.90,6.8125,true,1,172747
7290000074696,false,קרם קרקר,"אסם השקעות בע""מ",IL,אסם קרם קרקר 4*1קג חדש,קילוגרמים,1.00,"ק""ג",false,1,29.50,29.5000,true,1,107538
7290000075204,false,לחמית קרקר חיטה מלאה,"אסם השקעות בע""מ",IL,לחמית חיטה מלאה 10*250גרם חדש,גרמים,250.00,100 גרם,false,1,10.90,4.3600,true,1,107547
7290000076133,false,בייגלה שמיניות קטנות,"אסם השקעות בע""מ",IL,אסם בייגלה שמיניות קטנות 12*400גרם,גרמים,400.00,100 גרם,false,1,11.90,2.9750,true,1,107554
7290000077017,false,עוגיות משהו קרמוגית,מיוצר עי קונדיטוריית,IL,אסם קרמוגית במילוי שוקולד 12*200גרם,גרמים,200.00,100 גרם,false,1,11.90,5.9500,true,1,107569
7290000077253,false,לחמית כפרית,"אסם השקעות בע""מ",IL,לחמית כפרית 12*190גרם,גרמים,190.00,100 גרם,false,1,10.90,5.7368,true,1,160561
7290000078762,false,אסם חטיפי פריכונים א,סנורייס בלגיום אן. ו,,אסם חטיפי פריכונים אורז ודבש 14*80גרם,גרמים,80.00,100 גרם,false,1,7.90,9.8750,true,1,107611
7290000080758,false,פת טוסטעים קלויה 100,ון דר מולן האלום,NL,אסם טוסטעים 14*100גרם,גרמים,100.00,100 גרם,false,1,11.30,11.3000,true,1,107781
7290000085180,false,ביסקוויט פתיבר וניל,"אחים גטניו בע""מ",,ביסקוויט פתיבר וניל גטניו 470 גרם,גרמים,470.00,100 גרם,false,1,9.90,2.1064,true,1,126652
7290000100128,false,פירות קפואים תות,לחמנו,IL,פירות קפואים תות,גרמים,300.00,100 גרם,false,1,19.90,6.6333,true,1,211195
7290000100135,false,פירות קפואים דובדבן,לחמנו,IL,פירות קפואים דובדבן,גרמים,300.00,100 גרם,false,1,19.90,6.6333,true,1,211196
7290000101927,false,אוכמניות כחולות מוקפ,"איי, בי, אינבוו",IL,אוכמניות כחולות מוקפאות 300 גרם,גרמים,300.00,100 גרם,false,1,19.90,6.6333,true,1,205279
7290000101934,false,תערובת פירות יער  30,"איי, בי, אינבוו",IL,תערובת פירות יער  300 גרם,גרמים,300.00,100 גרם,false,1,19.90,6.6333,true,1,205280
7290000101941,false,אננס מוקפא 300 גרם,"איי, בי, אינבוו",IL,אננס מוקפא 300 גרם,גרמים,300.00,100 גרם,false,1,19.90,6.6333,true,1,205343
7290000101958,false,מנגו מוקפא 300 גרם,"איי, בי, אינבוו",IL,מנגו מוקפא 300 גרם,גרמים,300.00,100 גרם,false,1,19.90,6.6333,true,1,205336
7290000103860,false,מרק עדשים 570 גרם,"איי, בי, אינבוו",IL,מרק עדשים סנפרוסט 570 גרם,גרמים,570.00,100 גרם,false,1,19.90,3.4912,true,1,223694
7290000104072,false,עדשים ירוקות מבושלות,"איי, בי, אינבוו",IL,עדשים ירוקות מבושלות 800 גרם,גרמים,800.00,100 גרם,false,1,22.50,2.8125,true,1,164771
7290000104201,false,אפונה עדינה סנפרוסט,"איי, בי, אינבוו",IL,אפונה עדינה סנפרוסט 600 גרם,גרמים,600.00,100 גרם,false,1,19.90,3.3167,true,1,100031
7290000104676,false,אפונת גינה 800 גרם ס,"איי, בי, אינבוו",IL,אפונת גינה 800 גרם סנפרוסט,גרמים,800.00,100 גרם,false,1,19.90,2.4875,true,1,100050
7290000104683,false,שעועית ירוקה שלמה סנ,"סנפרוסט בע""מ",IL,שעועית ירוקה שלמה סנפרוסט 800גרם,גרמים,800.00,100 גרם,false,1,21.90,2.7375,true,1,100051
7290000104690,false,תירס גרעינים סנפרוסט,"איי, בי, אינבוו",IL,תירס גרעינים סנפרוסט 800גרם,גרמים,800.00,100 גרם,false,1,19.90,2.4875,true,1,100052
7290000104706,false,גזר גמדי 800 גרם,"סנפרוסט בע""מ",IL,גזר גמדי 800 גרם,גרמים,800.00,100 גרם,false,1,19.90,2.4875,true,1,100053
7290000104713,false,פול ירוק 800 גרם,"איי, בי, אינבוו",IL,פול ירוק 800 גרם,גרמים,800.00,100 גרם,false,1,26.90,3.3625,true,1,100054
7290000104751,false,כרוב ניצנים 800-גר,"איי, בי, אינבוו",IL,כרוב ניצנים 800-גר                     .,גרמים,800.00,100 גרם,false,1,26.90,3.3625,true,1,100058
7290000104775,false,מדליוני תרד 800 גרם,"איי, בי, אינבוו",IL,מדליוני תרד 800 גרם,גרמים,800.00,100 גרם,false,1,27.90,3.4875,true,1,100060
7290000104799,false,שעועית לבנה מבושלת ק,"איי, בי, אינבוו",IL,שעועית לבנה מבושלת קפואה 800 גרם,גרמים,800.00,100 גרם,false,1,21.90,2.7375,true,1,100061
7290000104805,false,גרגרי חומוס מבושלים,"איי, בי, אינבוו",IL,גרגרי חומוס מבושלים קפואים 800 גרם,גרמים,800.00,100 גרם,false,1,21.90,2.7375,true,1,100062
7290000104836,false,שעועית עדינה שלמה,"סנפרוסט בע""מ",IL,שעועית עדינה שלמה 600 גרם סנפרוסט,גרמים,600.00,100 גרם,false,1,24.90,4.1500,true,1,116073
7290000106526,false,ירקות להקפצה חגיגה,"איי, בי, אינבוו",IL,ירקות להקפצה חגיגה ירוקה  800גרם,גרמים,800.00,100 גרם,false,1,26.90,3.3625,true,1,216236
7290000107165,false,חטיף פולי סויה אדממה,"איי, בי, אינבוו",IL,חטיף פולי סויה אדממה 400 גרם סנפרוסט,גרמים,400.00,100 גרם,false,1,13.90,3.4750,true,1,125202
7290000107189,false,תחתיות ארטישוק 400 ג,"איי, בי, אינבוו",IL,תחתיות ארטישוק 400 גרם סנפרוסט,גרמים,400.00,100 גרם,false,1,24.90,6.2250,true,1,100075
7290000107295,false,ברוקולי מוקפא 800 גר,"איי, בי, אינבוו",IL,ברוקולי מוקפא 800 גרם סנפרוסט,גרמים,800.00,100 גרם,false,1,27.90,3.4875,true,1,100078
7290000107615,false,ירקות מנה אסייתית צב,"איי, בי, אינבוו",IL,לקט מנה אסייתית צבעונית ועשירה 800גרם,גרמים,800.00,100 גרם,false,1,26.90,3.3625,true,1,216238
7290000111063,false,מיונז אמיתי תלמה 250,יוניליוור ישראל מזון,IL,תלמה  מיונז אמיתי 250 גרם,גרמים,250.00,100 גרם,false,1,7.80,3.1200,true,1,100094
7290000111117,false,מרכך כביסה בדין לבן,יוניליור ישראל טיפוח,IL,מרכך כביסה בדין לבן,ליטרים,4.00,ליטר,false,1,24.90,6.2250,true,1,100095
7290000111186,false,מיונז אמיתי תלמה 500,יוניליוור ישראל מזון,IL,תלמה  מיונז אמיתי 500 גרם,גרמים,500.00,100 גרם,false,1,10.90,2.1800,true,1,100097
7290000111353,false,מיונז אמיתי תלמה 1 ק,יוניליוור ישראל מזון,IL,תלמה  מיונז  1 קג,קילוגרמים,1.00,"ק""ג",false,1,19.90,19.9000,true,1,100101
7290000112220,false,טחינה קלאסית בארכה 5,רושדי תעשיות מזון בע,IL,בארכה טחינה 100% שומשום 12*500גרם,גרמים,500.00,100 גרם,false,1,14.90,2.9800,true,1,100140
7290000112619,false,מרק עוף אמיתי לתיבול,יוניליוור ישראל מזון,IL,קנור מרק עוף אמיתי 400 גרם,גרמים,400.00,100 גרם,false,1,22.90,5.7250,true,1,100173
7290000116204,false,"מרק דגש שקית 1 ק""ג",יוניליוור ישראל מזון,IL,קנור מרק דגש זך בטעם עוף 1 קג,קילוגרמים,1.00,"ק""ג",false,1,19.70,19.7000,true,1,100281
7290000116921,false,רוטב צילי מתוק קנור,יוניליוור ישראל מזון,IL,רוטב צ'ילי מתוק קנור,מיליליטרים,300.00,"100 מ""ל",false,1,12.90,4.3000,true,1,111172
7290000117171,false,מרק נמס בכוס דל קלור,יוניליוור ישראל מזון,IL,קנור מרק נמס בכוס בטעם עוף 48 גרם,גרמים,48.00,100 גרם,false,1,8.60,17.9167,true,1,100285
7290000117720,false,מרק נמס בכוס פטריות,יוניליוור ישראל מזון,IL,קנור נמס בכוס פטריות 43 גרם,גרמים,43.00,100 גרם,false,1,7.50,17.4419,true,1,100290
7290000118277,false,קניידלך קנור 130 גרם,יוניליוור ישראל מזון,IL,קנור  קניידל  130 גרם,גרמים,130.00,100 גרם,false,1,12.90,9.9231,true,1,100298
7290000118352,false,"לביבות לטקס כשל""פ 17",יוניליוור ישראל מזון,IL,KNORR 170 GR,גרמים,170.00,100 גרם,false,1,14.90,8.7647,true,1,100300
7290000120836,false,מיונז הלמנס 394 גרם,קונפקו אינק' די.בי.א,CA,hellmanns real  מיונז אמיתי הלמנס,גרמים,394.00,100 גרם,false,1,12.90,3.2741,true,1,100324
7290000120874,false,מיונז הלמנס לייט 424,"שד' קילבורן 2816, שי",US,hellmanns light ממרח מופחת קלוריות,גרמים,424.00,100 גרם,false,1,12.90,3.0425,true,1,100325
7290000121093,false,גבינה מותכת מון בלאן,האי נאם סי או אל.טי.,IL,גבינה מותכת מון בלאן 7% לייט 120 גרם,גרמים,120.00,100 גרם,false,1,11.90,9.9167,true,1,100329
7290000125251,false,שמפו בדין לכביסה ביד,"זוהר דליה, קיבוץ דלי",IL,בדין  שמפו לכביסה עדינה 2 ליטר,ליטרים,2.00,ליטר,false,1,28.60,14.3000,true,1,117076
7290000134147,false,מוסקט טחון 40 גרם,תות ממתקי איכות,IL,"תבליני טעם וריח, מוסקט טחון 100%, 40 גרם",גרמים,40.00,100 גרם,false,1,14.90,37.2500,true,1,113660
7290000134307,false,קינמון טחון שקית 50,תות ממתקי איכות,IL,"תבליני טעם וריח, 100% קינמון טחון, 50 גרם",גרמים,50.00,100 גרם,false,1,5.90,11.8000,true,1,116484
7290000134314,false,תיבול לפיצה,תות ממתקי איכות,IL,תבליני טעם וריח תערובת תיבול לפיצה 120 גרם,גרמים,120.00,100 גרם,false,1,9.90,8.2500,true,1,116528
7290000134338,false,תב.אבקת שום 90 גר מי,תבליני טעם וריח,IL,תבליני טעם וריח אבקת שום 90 גרם,גרמים,90.00,100 גרם,false,1,9.90,11.0000,true,1,113165
7290000134352,false,תבלין קינמון טחון,תות ממתקי איכות,IL,"תבליני טעם וריח, 100% קינמון טחון, 90 גרם",גרמים,80.00,100 גרם,false,1,9.90,12.3750,true,1,112984
7290000134376,false,תב.פפריקה מתוקה בשמן,תות ממתקי איכות,IL,תבלין פפריקה מתוקה בשמן 90 מיכ,גרמים,90.00,100 גרם,false,1,9.90,11.0000,true,1,114088
7290000134550,false,עלי דפנה בשקית 20 גר,תות ממתקי איכות,IL,"תבליני טעם וריח, 100% עלי דפנה, 20 גרם",גרמים,20.00,100 גרם,false,1,5.90,29.5000,true,1,112985
7290000134666,false,רוזמרין 15 גרם,תות ממתקי איכות,IL,"תבליני טעם וריח, 100% רוזמרין, 15 גרם",גרמים,15.00,100 גרם,false,1,6.90,46.0000,true,1,134456
7290000134680,false,קימל שלם 40 מיכל קטן,תות ממתקי איכות,IL,"תבליני טעם וריח, 100% מקלות קינמון, 15 גרם",גרמים,40.00,100 גרם,false,1,6.90,17.2500,true,1,134458
7290000134826,false,תבלין זעתר 100 גרם,תות ממתקי איכות,IL,"תבליני טעם וריח, תערובת תיבול זעתר , 100 גרם",גרמים,100.00,100 גרם,false,1,9.90,9.9000,true,1,113106
7290000134833,false,תבלין כמון 100  גר,תות ממתקי איכות,IL,"תבליני טעם וריח, 100% כמון מזרחי",גרמים,100.00,100 גרם,false,1,9.90,9.9000,true,1,113107
7290000134840,false,תבלין כורכום   מיכל,תות ממתקי איכות,IL,"תבליני טעם וריח, 100% כורכום, 100 גרם",גרמים,100.00,100 גרם,false,1,9.90,9.9000,true,1,113231
7290000134857,false,תבלין פפריקה מתוקה 1,תות ממתקי איכות,IL,"תבליני טעם וריח, פפריקה מתוקה 100%, 100 גרם",גרמים,100.00,100 גרם,false,1,9.90,9.9000,true,1,113232
7290000134864,false,תבלין פפריקה חריפה,יוליניבר,IL,תבליני טעם וריח פפריקה חריפה 100% 100 גרם,גרמים,100.00,100 גרם,false,1,9.90,9.9000,true,1,113108
7290000134871,false,פלפל שחור טחון 100 ג,תות ממתקי איכות,IL,"תבליני טעם וריח, 100% פלפל שחור טחון, 100 גרם",גרמים,100.00,100 גרם,false,1,12.90,12.9000,true,1,113263
7290000134970,false,תבלין חאוויגי מיכל,תות ממתקי איכות,IL,"תבליני טעם וריח, חוויאג' למרק, 100 גרם",גרמים,100.00,100 גרם,false,1,9.90,9.9000,true,1,113211
7290000134987,false,פלפל שחור גרוס מיכל,תבליני טעם וריח,,"פלפל שחור גרוס 90 גר  ""מכיל",גרמים,90.00,100 גרם,false,1,12.90,14.3333,true,1,112986
7290000136264,false,מי טוניק בקבוק 1.5 ל,טמפו,IL,מי טוניק בקבוק 1.5 ליטר,ליטרים,1.50,ליטר,false,1,11.00,7.3333,true,1,230489
7290000136646,false,בירה נשר מאלט בקבוק,טמפו,IL,בירה נשר מאלט בקבוק 1.5 ליטר,ליטרים,1.50,ליטר,false,1,8.90,5.9333,true,1,230498
7290000136660,false,מי סודה 1.5 ליטר,טמפו,IL,מי סודה 1.5 ליטר,ליטרים,1.50,ליטר,false,1,3.80,2.5333,true,1,230782
7290000136790,false,מי סודה שישייה בקבוק,טמפו,IL,מי סודה שישייה בקבוק 1.5 ליטר,ליטרים,9.00,ליטר,false,6,17.90,1.9889,true,1,230504
7290000139104,false,חיטה תפוחה מתוקה,"אשב""ל בע""מ",,.חיטה תפוחה מתוקה 250 גרם,גרמים,250.00,100 גרם,false,1,9.90,3.9600,true,1,145722
7290000143286,false,מרכך הוואי לשיער רגי,שוורצקוף& הנקל דיסלד,IL,הוואי מרכך לשיער רגיל,מיליליטרים,700.00,"100 מ""ל",false,1,12.90,1.8429,true,1,100573
7290000144474,false,שמן קנולה מועשר בנוג,סקנולה,EE,שמן קנולה מועשר בנוגדי חמצון 1 ליטר,ליטרים,1.00,ליטר,false,1,15.90,15.9000,true,1,100586
7290000148380,false,פיסטוקים קלויים קליי,קרלו,IL,קליית גת פיסטוק קלויים 200 גרם,גרמים,200.00,100 גרם,false,1,21.90,10.9500,true,1,109718
7290000148748,false,גרעיני חמנייה קליית,קרלו,IL,"קליית גת חמנייה קלויים, 200 גרם",גרמים,200.00,100 גרם,false,1,6.90,3.4500,true,1,109644
7290000148939,false,שקדים קלויים קליית ג,קרלו,IL,שקד קלוי 200 גר' שקית,גרמים,200.00,100 גרם,false,1,21.90,10.9500,true,1,109720
7290000149905,false,שמפו נוזלי לכביסה טק,מיוצר עי קונדיטוריית,IL,טקסטיל שמפו 1 ליטר,ליטרים,1.00,ליטר,false,1,14.90,14.9000,true,1,100692
7290000169798,false,דגני עוגי מופחת 20%,יוניליוור שפע ישראל,IL,תלמה דגני בוקר עוגי  500 גרם,גרמים,500.00,100 גרם,false,1,24.90,4.9800,true,1,186088
7290000174723,false,שוקולית עלית 500 גרם,הנסיך- מפעל לייצור ט,IL,שוקולית קופסא 500  / 12 קופ'/ 500ג',גרמים,500.00,100 גרם,false,1,13.90,2.7800,true,1,100830
7290000176062,false,קפה טורקי בצלופן 100,שטראוס קפה בי.וי.,IL,עלית טורקי שקית 100ג/1שק'/100גר',גרמים,100.00,100 גרם,false,1,8.90,8.9000,true,1,100841
7290000176116,false,קפה טורקי וואקום,הנסיך- מפעל לייצור ט,IL,"עלית טורקי ואקום  1 ק""ג",קילוגרמים,1.00,"ק""ג",false,1,88.00,88.0000,true,1,110275
7290000176413,false,קפה נמס עלית 50 גרם,פרח,IL,קפה נמס 50 גרם חדש,גרמים,50.00,100 גרם,false,1,10.80,21.6000,true,1,100847
7290000176420,false,קפה נמס עלית פחית 20,שטראוס קפה בי.וי,IL,קפה נמס עלית פחית 200 גרם,גרמים,200.00,100 גרם,false,1,19.90,9.9500,true,1,100848
7290000176468,false,קפה נמס האג עלית 50,"איי, בי, אינבוו",,האג נמס אבקתי פחית 50 גר חדש,גרמים,50.00,100 גרם,false,1,13.10,26.2000,true,1,100849
7290000178707,false,תפוציפס מלוח 50 גרם,"שטראוס פריטו ליי בע""",IL,תפו טבעי 50 גר 48 יח - שמיטה,גרמים,50.00,100 גרם,false,1,3.90,7.8000,true,1,100887
7290000178721,false,תפוציפס מלוח 200 גרם,"שטראוס פריטו ליי בע""",IL,תפו טבעי 200 גר 12 יח,גרמים,200.00,100 גרם,false,1,9.90,4.9500,true,1,100889
7290000187860,false,מגבוני טואלט לח לילי,עלבד משואות יצחק בעמ,IL,מגבוני טואלט לח לילי,לא מנהל יחידת מידה,0.00,לא מנהל יחידת מידה,false,1,7.90,0.0000,true,1,100969
7290000187938,false,נייר טואלט לילי פסטל,חוגלה קימברלי,,נייר טואלט לילי פסטל 32 גלילים,מטרים,58880.00,מטר,false,1,38.90,0.0007,true,1,141595
7290000187952,false,נייר טואלט לילי טריו,חוגלה קימברלי,,נייר טואלט לילי טריו 32 גלילים,מטרים,53470.00,מטר,false,1,44.90,0.0008,true,1,141597
7290000189079,false,תבניות אינגליש ניקול,סין,CN,תבניות אינגליש ניקול 6 יחידות,לא מנהל יחידת מידה,0.00,לא מנהל יחידת מידה,false,1,10.90,0.0000,true,1,194831
7290000189277,false,תבניות מלבניות עמוקו,בראבו,,תבניות מלבניות עמוקות וחזקות 3 יחידות,לא מנהל יחידת מידה,0.00,לא מנהל יחידת מידה,false,1,12.90,0.0000,true,1,194835
7290000189482,false,תבנית אפייה מלבן4 יח,"דוקארט בעמ, קיבוץ כפ",IL,תבנית אפייה קרטון מלבן 4 יח,לא מנהל יחידת מידה,0.00,לא מנהל יחידת מידה,false,1,11.90,0.0000,true,1,157061
7290000189505,false,תבנית אפייה קרטון אי,"דוקארט בעמ, קיבוץ כפ",IL,תבנית אפייה מקרטון אינגלי,לא מנהל יחידת מידה,0.00,לא מנהל יחידת מידה,false,1,11.90,0.0000,true,1,157062
7290000189550,false,שקיות אשפה זוג 20 יח,אשפלסט,IL,שקיות אשפה זוג 20 יחידות,לא מנהל יחידת מידה,0.00,לא מנהל יחידת מידה,false,1,23.90,0.0000,true,1,122025
7290000189598,false,מטליות לחות לניקוי כ,עלבד משואות יצחק בעמ,IL,מטליות לחות לניקוי כללי 50 יח ניקול,Unknown,0.00,Unknown,false,1,11.90,0.0000,true,1,147125
7290000189659,false,מטליות לחות לרצפה,עלבד משואות יצחק בעמ,IL,ניקול מטליות לחות לניקוי הרצפה 10 יחידות,Unknown,0.00,Unknown,false,1,11.80,0.0000,true,1,155020
7290000189666,false,נייר אפייה טפלון,יושלם,,נייר אפייה טפלון ניקול           40*33,Unknown,0.00,Unknown,false,1,19.00,0.0000,true,1,157063
7290000189734,false,מטליות לחות לניקוי פ,עלבד משואות יצחק בעמ,IL,ניקול מטליות לחות לניקוי פרקט 10 יחידות,גרמים,0.00,100 גרם,false,1,14.90,0.0000,true,1,168687
7290000190068,false,מפיות נייר ניקול 100,חוגלה קימברלי,IL,"מפיות ניקול חלקות לאירוח חד שכבתי, 100 יחידות",Unknown,0.00,Unknown,false,1,6.90,0.0000,true,1,147791
7290000190150,false,מפיות אירוח ניקול,PALOMA,SI,ניקול מפיות מעוצבות תלת שכבתי 20 יחידות,לא מנהל יחידת מידה,0.00,לא מנהל יחידת מידה,false,1,7.90,0.0000,true,1,100991
7290000190198,false,מטליות לניקוי וחיטוי,עלבד משואות יצחק בעמ,IL,מטליות לחות לניקוי חיטוי ניקול,יחידה,1.00,יחידה,false,1,11.90,11.9000,true,1,187714
7290000191546,false,ממחטות טישיו לילי צב,חוגלה קימברלי,,ממחטות טישיו לילי צבעוני בניילון שלישייה,Unknown,0.00,Unknown,false,1,11.90,0.0000,true,1,101003
7290000191652,false,ממחטות טישיו קלינקס,חוגלה קימברלי,,ממחטות טישיו קלינקס ניילון מארז שלישייה,לא מנהל יחידת מידה,0.00,לא מנהל יחידת מידה,false,1,11.90,0.0000,true,1,138630
7290000193083,false,תחבושות נובה לי בודד,Ontex,,תחבושות נובה לי בודד 28 יח,לא מנהל יחידת מידה,0.00,לא מנהל יחידת מידה,false,1,10.80,0.0000,true,1,138678
7290000193649,false,תח.לילי נטורל נורמל,Ontex,,תחב.לילי נטורל נורמל פלוס           24,Unknown,0.00,Unknown,false,1,16.90,0.0000,true,1,101046
7290000195537,false,מגבונים לחים האגיס ל,ווטנפס בעמ,IL,האגיס מגבונים לחים לתינוק ללא בישום מארז רביעייה,יחידה,1.00,יחידה,false,1,18.90,18.9000,true,1,112393
7290000196763,false,שקיות אשפה השקית החז,אשפלסט,IL,שקיות אשפה השקית החזקה ניקול 40 יח,Unknown,0.00,Unknown,false,1,22.90,0.0000,true,1,171927
7290000197012,false,שקיות ריצרץ 19*18 ני,סין,CN,שקיות ריצרץ 19*18 ניקול בקופסא 15 שקיות,לא מנהל יחידת מידה,0.00,לא מנהל יחידת מידה,false,1,14.90,0.0000,true,1,127312
7290000197029,false,שקיות ריצרץ 26*28 בק,קילת,,שקיות ריצרץ 26*28 בקופסא 12 שקיות,לא מנהל יחידת מידה,0.00,לא מנהל יחידת מידה,false,1,16.90,0.0000,true,1,127313
7290000197326,false,רדיד אלומיניום זוג ק,אופל,IL,זוג רדיד אלומיניום קצר עובי משופר 15 מיקרון,מטרים,1500.00,מטר,false,1,11.90,0.0079,true,1,101075
7290000197425,false,חיתולים פרידום דריי,קימברלי קלארק ישראל,IL,חיתולים פרידום דריי שלב 3,יחידה,1.00,יחידה,false,1,42.90,42.9000,true,1,194464
7290000197463,false,חיתולי פרידום דריי ש,קימברלי קלארק ישראל,IL,חיתולי פרידום דריי שלב  +4,יחידה,1.00,יחידה,false,1,42.90,42.9000,true,1,194719
7290000197548,false,חיתולי האגיס פרידום,קימברלי קלארק ישראל,IL,חיתולי האגיס פרידום דריי שלב 5,לא מנהל יחידת מידה,0.00,לא מנהל יחידת מידה,false,1,42.90,0.0000,true,1,194466
7290000197678,false,חיתולים פרידום דריי,קימברלי קלארק ישראל,IL,חיתולים פרידום דריי שלב 6,יחידה,1.00,יחידה,false,1,42.90,42.9000,true,1,194467
7290000197876,false,תבנית אלומיניום קטן,סין,CN,ניקול תבניות אלומניום עם מכסה 4 יחידות+ 4 מכסים,לא מנהל יחידת מידה,0.00,לא מנהל יחידת מידה,false,1,9.90,0.0000,true,1,113331
7290000197883,false,תבנית אלומיניום גדול,ארץ ייצור: סין,CN,תבנית אלומיניום גדול 4 יחידות,לא מנהל יחידת מידה,0.00,לא מנהל יחידת מידה,false,1,9.90,0.0000,true,1,113212
7290000197951,false,תבנית אלומיניום ענק,פאלאס,,תבנית אלומיניום ענק 2 יחידות,לא מנהל יחידת מידה,0.00,לא מנהל יחידת מידה,false,1,9.90,0.0000,true,1,113112
7290000197999,false,רדיד אלומיניום עבה 3,אופל,IL,רדיד אלומיניום עבה 30*7.50 זוג,מטרים,1500.00,מטר,false,1,18.90,0.0126,true,1,101092
7290000199313,false,קוטקס תחבושות לנערות,KC Turkey,,קוטקס תחבושות לנערות 28 יח,Unknown,0.00,Unknown,false,1,15.90,0.0000,true,1,223682
7290000201856,false,טיטולים פרימיום שלב,,,טיטולים פרימיום שלב 40  +4 יח,Unknown,0.00,Unknown,false,1,38.50,0.0000,true,1,196371
7290000204086,false,כרית קירצוף ניקול,UFO INC,US,"ניקול, כריות קרצוף גדולות וחזקות במיוחד, 3 יחידות",יחידה,0.00,יחידה,false,1,11.90,0.0000,true,1,110282
7290000204147,false,כריות יפניות דו צדדי,פלסטופוליש,IL,כריות יפניות דו צדדיות ניקול רביעייה,גרמים,280.00,100 גרם,false,1,11.90,4.2500,true,1,128494
7290000204215,false,כרית יפנית שישייה,פלסטופוליש,IL,"ניקול,כריות יפניות ,6 יחידות",גרמים,0.00,100 גרם,false,1,11.90,0.0000,true,1,101264
7290000204239,false,מטליות רצפה ניקול 4,עופרטקס,,מטליות רצפה ניקול 4 יח,לא מנהל יחידת מידה,0.00,לא מנהל יחידת מידה,false,1,12.90,0.0000,true,1,117726
7290000204253,false,מטליות ניקוי רב שימו,נועם אורים-קיבוץ אור,IL,"ניקול, מטליות ניקוי רב שימושיות, 9 יחידות",לא מנהל יחידת מידה,0.00,לא מנהל יחידת מידה,false,1,9.90,0.0000,true,1,101267
7290000204611,false,ספוגית הקסם ניקול 6,UFO INC,US,ספוגית הקסם ניקול 6 יחידות,לא מנהל יחידת מידה,0.00,לא מנהל יחידת מידה,false,1,11.90,0.0000,true,1,112469
7290000207162,false,רסק עגבניות 22% 100,"זנלכל בע""מ",IL,יכין רוטב עגבניות מרוכז 100 גרם,גרמים,100.00,100 גרם,false,1,2.50,2.5000,true,1,101341
7290000208022,false,עגבניות מרוסקות יכין,"זנלכל בע""מ",IL,עגבניות מרוסקות יכין 800 גרם,גרמים,800.00,100 גרם,false,1,8.90,1.1125,true,1,133152
7290000208077,false,אפונה גדולה 550 גר .,"זנלכל בע""מ",IL,אפונה גדולה 550 גר .יכין,גרמים,550.00,100 גרם,false,1,7.90,1.4364,true,1,112991
7290000208114,false,אפונה וגזר,"זנלכל בע""מ",IL,יכין אפונת גינה וגזר 550 גרם,גרמים,550.00,100 גרם,false,1,7.90,1.4364,true,1,101381
7290000208213,false,שעועית לבנה ברוטב עג,היינץ צפון אמריקה מק,IL,יכין שעועית לבנה ברוטב עגבניות 580 גרם,גרמים,580.00,100 גרם,false,1,5.90,1.0172,true,1,196331
7290000208329,false,תירס גרעינים מתוק יכ,"זנלכל בע""מ",IL,תירס גרעינים מתוק יכין 560 גרם,גרמים,560.00,100 גרם,false,1,5.90,1.0536,true,1,109648
7290000208336,false,רסק עגבניות 240 גרם,"זנלכל בע""מ",IL,יכין רוטב עגבניות מרוכז 240 גרם,גרמים,240.00,100 גרם,false,1,4.50,1.8750,true,1,130095
7290000208428,false,חומוס שלם יכין 560 ג,היינץ צפון אמריקה מק,IL,יכין חומוס שלם 550 גרם,גרמים,560.00,100 גרם,false,1,5.90,1.0536,true,1,145349
7290000209043,false,מיץ לימון,היינץ צפון אמריקה מק,IL,יכין רוטב לימון משומר לתיבול 1 ליטר,ליטרים,1.00,ליטר,false,1,6.50,6.5000,true,1,113171
7290000209722,false,תרכיז עגבניות פריכוז,"זנלכל בע""מ",IL,רסק עגבניות פריכוז 580 יכין,גרמים,580.00,100 גרם,false,1,9.90,1.7069,true,1,109649
7290000209944,false,רוטב עגבניות לשקשוקה,"זנלכל בע""מ",IL,רוטב עגבניות לשקשוקה יכין 240גרם,גרמים,240.00,100 גרם,false,1,4.80,2.0000,true,1,203247
7290000209951,false,רוטב פיצה,"זנלכל בע""מ",IL,רוטב פיצה 240גרם יכין,גרמים,240.00,100 גרם,false,1,4.80,2.0000,true,1,140442
7290000211169,false,"אורז תאילנדי 1 ק""ג",האי נאם סי או אל.טי.,IL,"אורז תאילנדי 1 ק""ג",קילוגרמים,1.00,"ק""ג",false,1,7.90,7.9000,true,1,145382
7290000211312,false,אורז מלא אחד אחד סוג,האי נאם סי או אל.טי.,IL,"אורז מלא ארוך 1 ק""ג",קילוגרמים,1.00,"ק""ג",false,1,10.90,10.9000,true,1,101423
7290000211442,false,אורז פרסי אחד אחד סו,האי נאם סי או אל.טי.,IL,"אורז פרסי 1 ק""ג",קילוגרמים,1.00,"ק""ג",false,1,12.90,12.9000,true,1,101428
7290000211503,false,סוכר לבן ארוז בשקית,"סוגת תעשיות בע""מ",IL,"סוכר לבן ארוז בשקית סוגת 1 ק""ג",קילוגרמים,1.00,"ק""ג",false,1,5.30,5.3000,true,1,101429
7290000211985,false,אורז ריזוטו עגול סוג,"סוגת תעשיות בע""מ",IL,"אורז עגול 1 ק""ג",קילוגרמים,1.00,"ק""ג",false,1,11.90,11.9000,true,1,101438
7290000238029,false,"בצק עלים 1 ק""ג",מיוצר עי קונדיטוריית,IL,"בצק עלים 1 ק""ג",קילוגרמים,1.00,"ק""ג",false,1,25.90,25.9000,true,1,101877
7290000238036,false,מלווח 700 גרם,מיוצר עי קונדיטוריית,IL,מלווח 700 גרם מעדנות,גרמים,700.00,100 גרם,false,1,19.90,2.8429,true,1,101878
7290000238173,false,בורקס גבינה מעדנות 8,מיוצר עי קונדיטוריית,IL,בורקס גבינה מעדנות 800 גרם,גרמים,800.00,100 גרם,false,1,24.90,3.1125,true,1,101881
7290000238180,false,"בורקס תפו""א מעדנות 8",מיוצר עי קונדיטוריית,IL,"בורקס תפו""א מעדנות 800 גרם",גרמים,800.00,100 גרם,false,1,23.90,2.9875,true,1,101882
7290000243566,false,שמן קנולה מועשר בנוג,סקנולה,EE,"עץ הזית שמן קנולה בריאות 750 מ""ל",מיליליטרים,750.00,"100 מ""ל",false,1,11.90,1.5867,true,1,181049
7290000244143,false,קרם לאחר גילוח הוואי,תאי פרזידנט פוד פאבל,IL,הוואי קרם לאחר גילוח,מיליליטרים,120.00,"100 מ""ל",false,1,23.80,19.8333,true,1,101946
7290000245287,false,אבקת כביסה פרסיל קול,"הנקל סוד בע""מ",IL,"פרסיל אבקה לכביסה צבעונית 1.25 ק""ג",קילוגרמים,1.25,"ק""ג",false,1,14.90,11.9200,true,1,101967
7290000245478,false,אבק.כביסה סוד בייבי,"הנקל סוד בע""מ",IL,סוד אבקת כביסה לתינוקות/ בעלי עור רגיש,קילוגרמים,1.25,"ק""ג",false,1,14.90,11.9200,true,1,101972
7290000245508,false,א.כביסה סוד פרפקט,"הנקל סוד בע""מ",IL,"סוד טוטאל אבקת כביסה 1.25 ק""ג",קילוגרמים,1.25,"ק""ג",false,1,14.90,11.9200,true,1,101973
7290000245539,false,א.כביסה סוד קולור,"הנקל סוד בע""מ",IL,"סוד אבקת כביסה לבגדים צבעוניים  1.25 ק""ג",קילוגרמים,1.25,"ק""ג",false,1,14.90,11.9200,true,1,101975
7290000245799,false,מרכך כביסה סוד סופט,"הנקל סוד בע""מ",IL,סוד מרכך כביסה כחול 4 ליטר,ליטרים,4.00,ליטר,false,1,21.90,5.4750,true,1,101986
7290000253220,false,שוקולד ציפס חום אופנ,אופנהיימר,IL,שוקולד ציפס חום אופנהיימר 260גרם,גרמים,260.00,100 גרם,false,1,12.90,4.9615,true,1,102039
7290000253251,false,שוקולד ציפס אופנהיימ,אופנהיימר,IL,שוקולד ציפס אופנהיימר לבן260גר,גרמים,260.00,100 גרם,false,1,12.90,4.9615,true,1,102040
7290000253374,false,שוקולד ציפס 66%מוצקי,אופנהיימר,IL,שוקולד ציפס 66%מוצקי קקאו 250גרם,גרמים,250.00,100 גרם,false,1,14.90,5.9600,true,1,222919
7290000253459,false,שוקולד ציפס קרמל 250,אופנהיימר,IL,שוקולד ציפס קרמל 250גרם אופנהיימר,גרמים,250.00,100 גרם,false,1,12.90,5.1600,true,1,220156
7290000262031,false,נייר טואלט מולט לב 3,חוגלה קימברלי,,נייר טואלט מולט לבבות 32 גלילים,מטרים,58880.00,מטר,false,1,32.90,0.0006,true,1,145816
7290000267012,false,שקד טבעי מולבן שלם 1,,IL,שקד טבעי מולבן שלם 100 גרם שקדיה,גרמים,100.00,100 גרם,false,1,10.90,10.9000,false,1,102136
7290000267029,false,שקד טבעי מולבן חצוי,,IL,שקד טבעי מולבן חצוי 100 גרם שקדיה,גרמים,100.00,100 גרם,false,1,10.90,10.9000,true,1,229932
7290000267036,false,שקד טבעי מולבן משובב,,IL,שקד טבעי מולבן משובב 100 גרם שקדיה,גרמים,100.00,100 גרם,false,1,10.90,10.9000,true,1,229933
7290000267043,false,שקד טבעי מולבן פרוס,,IL,שקד טבעי מולבן פרוס 100 גרם שקדיה,גרמים,100.00,100 גרם,false,1,10.90,10.9000,false,1,229934
7290000267050,false,שקדים טחונים 100 גרם,,IL,שקדים טחונים 100 גרם שקדיה,גרמים,100.00,100 גרם,false,1,10.90,10.9000,false,1,102140
7290000267548,false,אגוז גרוס 100 גרם,,IL,אגוז גרוס 100 גרם שקדיה,גרמים,100.00,100 גרם,false,1,10.70,10.7000,true,1,229823
7290000272696,false,מיץ לימון משומר 1 לי,בית-השיטה עסיס תעשיו,IL,עסיס מיץ לימון משומר 12*1ליטר,ליטרים,1.00,ליטר,false,1,12.90,12.9000,true,1,102193
7290000286228,false,כרית יפנית סנו סושי,סנו מפעלי ברונו בעמ,IL,כרית יפנית סנו סושי                 1/6,גרמים,70.00,100 גרם,false,1,10.90,15.5714,true,1,102312
7290000286297,false,מסיר אבן מקומקום/פרק,סנו מפעלי ברונוס בעמ,IL,אנטי קלאק מסיר אבנית מקומקום 700 מל,מיליליטרים,700.00,"100 מ""ל",false,1,13.90,1.9857,true,1,102315
7290000286471,false,סנו מדיק אלכו גל דמו,nantong health & bey,CN,סנו מדיק אלכו גל דמות סיליקון לתליה 30,מיליליטרים,30.00,"100 מ""ל",false,1,9.90,33.0000,true,1,217487
7290000286549,false,מטליות לניקוי כללי ס,טרופיקל דגיל תעשיות,IL,"סנו סושי מטליות לניקוי כללי, 9 יחידות",לא מנהל יחידת מידה,0.00,לא מנהל יחידת מידה,false,1,9.90,0.0000,true,1,102321
7290000286594,false,חול לניקוי סנו X לימ,סנו מפעלי ברונוס בעמ,IL,חול לניקוי סנו X לימון קופסא 600 גרם,גרמים,600.00,100 גרם,false,1,9.90,1.6500,true,1,102322
7290000286631,false,חול לניקוי סנו Xלימו,סנו,IL,חול לניקוי סנו Xלימון מילוי,גרמים,600.00,100 גרם,false,1,6.90,1.1500,true,1,102323
7290000286761,false,ניילון נצמד סנו זוג,מיוצר עי קונדיטוריית,CN,סנו סושי - צמד ניילון נצמד+,מטרים,3000.00,מטר,false,1,11.90,0.0040,true,1,102324
7290000287102,false,סנו ספריי לשטיחים 60,מיוצר עי קונדיטוריית,IL,"סנו ספריי לשטיחים 600 מ""ל",מיליליטרים,600.00,"100 מ""ל",false,1,22.40,3.7333,true,1,102338
7290000287430,false,סנובון לימון,סנו מפעלי ברונו בעמ,IL,סנובון סבון אסלה בניחוח לימון 3 יחידות,גרמים,165.00,100 גרם,false,1,12.90,7.8182,true,1,117727
7290000287492,false,סנובון נוזלי לימון 7,"איי, בי, אינבוו",IL,"סנובון נוזלי לימון 750 מ""ל",מיליליטרים,750.00,"100 מ""ל",false,1,11.90,1.5867,true,1,102350
7290000287966,false,סופג ריחות למקרר,סנו,,סופג ריחות למקרר,Unknown,0.00,Unknown,false,1,17.90,0.0000,true,1,102356
7290000288017,false,אקונומיקה סנו JAVEL,"סנו מפעלי ברונוס בע""",IL,אקונומיקה סנו JAVEL לימון 1 ליטר,ליטרים,1.00,ליטר,false,1,8.90,8.9000,true,1,102358
7290000288024,false,אקונומיקה סנו JAVEL,"איי, בי, אינבוו",IL,אקונומיקה סנו JAVEL לימון 4 ליטר,ליטרים,4.00,ליטר,false,1,16.90,4.2250,true,1,102359
7290000288031,false,אקונומיקה כחולה 4 לי,"סנו מפעלי ברונוס בע""",IL,אקונומיקה כחולה 4 ליטר,ליטרים,4.00,ליטר,false,1,12.80,3.2000,true,1,121919
7290000288079,false,אקונומיקה JAVEL לימו,"איי, בי, אינבוו",IL,אקונומיקה JAVEL לימון 2 ליטר,ליטרים,2.00,ליטר,false,1,12.80,6.4000,true,1,113179
7290000288109,false,אבקת כביסה קומפקט מק,סנו,,"אבקת כביסה קומפקט מקסימה 1.25 ק""ג",קילוגרמים,1.25,"ק""ג",false,1,14.90,11.9200,true,1,102362
7290000288253,false,משמיד מעופפים K400 ס,מיוצר עי קונדיטוריית,IL,"משמיד מעופפים K400 סמ""ק             630",מיליליטרים,630.00,"100 מ""ל",false,1,23.90,3.7937,true,1,102363
7290000288291,false,סנומט טבליות 30 מילו,טרופיקל דגיל תעשיות,IT,סנומט לוחיות אידוי למכשיר חשמלי דוחה יתושים,Unknown,0.00,Unknown,false,1,13.90,0.0000,true,1,102364
7290000288352,false,משמיד חרקים K300 סנו,"איי, בי, אינבוו",IL,K-300,מיליליטרים,630.00,"100 מ""ל",false,1,23.90,3.7937,true,1,102367
7290000288383,false,משמיד זוחלים K500  ס,מיוצר עי קונדיטוריית,IL,"משמיד זוחלים K500  סנו 400 מ""ל",מיליליטרים,400.00,"100 מ""ל",false,1,23.90,5.9750,true,1,102368
7290000288390,false,משמיד זבובים יתושים,"איי, בי, אינבוו",IL,"משמיד זבובים יתושים K600 יבש 500 מ""ל",מיליליטרים,500.00,"100 מ""ל",false,1,21.90,4.3800,true,1,102369
7290000288413,false,סנו די דוחה יתושים כ,גוד פוד פרודקטס S.p,IL,"סנו די דוחה יתושים כדורי 50 מ""ל",מיליליטרים,50.00,"100 מ""ל",false,1,19.90,39.8000,true,1,102370
7290000288420,false,סנו די דוחה יתושיםספ,טרופיקל דגיל תעשיות,IL,סנו די דוחה יתושיםספריי 125 גרם,גרמים,125.00,100 גרם,false,1,19.90,15.9200,true,1,102371
7290000288642,false,מרכך כביסה מקסימה,טרופיקל דגיל תעשיות,IL,מרכך 4 ליטר,ליטרים,4.00,ליטר,false,1,22.90,5.7250,true,1,102374
7290000288659,false,סנו די גונגל,טרופיקל דגיל תעשיות,IL,סנו די! ג'ונגל - דוחה יתושים,לא מנהל יחידת מידה,0.00,לא מנהל יחידת מידה,false,1,19.90,0.0000,true,1,210233
7290000288727,false,אבק.כביסה מקסימהMUS,סנו,,אבק.כביסה מקסימה MUSK קג            1.25,קילוגרמים,1.25,"ק""ג",false,1,14.90,11.9200,true,1,102378
7290000288840,false,מים מזוקקים 2 ליטר,סנו,IL,מים מזוקקים 2 ליטר,ליטרים,2.00,ליטר,false,1,16.60,8.3000,true,1,102382
7290000289069,false,קצף ניקוי JAVEL מרסס,"איי, בי, אינבוו",IL,קצף ניקוי JAVEL מרסס בריח לימון סנו 1 ל,ליטרים,1.00,ליטר,false,1,16.90,16.9000,true,1,102384
7290000289236,false,סנו K3 פתיון נמלים ג,"איי, בי, אינבוו",IL,סנו K3 קוטל נמלים פיתיון ג'ל 12 גרם,יחידה,1.00,יחידה,false,1,49.90,49.9000,true,1,219415
7290000289472,false,שקיות אשפה 76*90 סנו,מיוצר עי קונדיטוריית,IL,סושי 50 ש.אשפה גדולות במיוחד,לא מנהל יחידת מידה,0.00,לא מנהל יחידת מידה,false,1,22.70,0.0000,true,1,110296
7290000289595,false,אורביטול מש.שינ.קיד,טרופיקל דגיל תעשיות,IL,אורביטול משחת שיניים לילדים בטעם תות שדה,גרמים,145.00,100 גרם,false,1,9.90,6.8276,true,1,113414
7290000289748,false,מסיר שומנים פורטה פל,"איי, בי, אינבוו",IL,סנו פורטה פלוס 750 מ''ל,מיליליטרים,750.00,"100 מ""ל",false,1,15.90,2.1200,true,1,102389
7290000291932,false,סנובון נוזלי לבנדר,"איי, בי, אינבוו",IL,"סנובון נוזלי לבנדר 750 מ""ל",מיליליטרים,750.00,"100 מ""ל",false,1,11.90,1.5867,true,1,102405
7290000291963,false,אקונומיקה סנו JAVEL,סנו,,אקונומיקה סנו JAVEL סמיכה 1 ליטר,ליטרים,1.00,ליטר,false,1,8.90,8.9000,true,1,102407
7290000292007,false,פיתיון גל קוטל תיקני,מיוצר עי קונדיטוריית,IL,סנו K3 פיתיון ג'ל קוטל תיקנים,גרמים,0.00,100 גרם,false,1,49.90,0.0000,true,1,215427
7290000292137,false,סנו לניקוי מוצרי עור,מיוצר עי קונדיטוריית,IL,תחליב לניקוי ולטיפול במוצרי עור,מיליליטרים,500.00,"100 מ""ל",false,1,31.90,6.3800,true,1,102415
7290000292564,false,משמיד חרקים K2000 לל,מיוצר עי קונדיטוריית,IL,תכשיר מיקרוקפסורי,מיליליטרים,750.00,"100 מ""ל",false,1,34.60,4.6133,true,1,102424
7290000292687,false,סנובון לאסלה כחול של,מיוצר עי קונדיטוריית,IL,סנובון כחול סבון מוצק לאסלה בניחוח קלאסי 3 יחידות,גרמים,165.00,100 גרם,false,1,19.90,12.0606,true,1,102426
7290000292915,false,רסס ונגב לניקוי כללי,"איי, בי, אינבוו",IL,סנו רסס ונגב - מנקה כל משטח ללא צורך בשטיפה 750 מל,מיליליטרים,750.00,"100 מ""ל",false,1,13.90,1.8533,true,1,102427
7290000293073,false,מרכך כביסה מקסימה בי,"איי, בי, אינבוו",IL,מקסימה מרכך כביסה ביו 4 ליטר,ליטרים,4.00,ליטר,false,1,22.90,5.7250,true,1,102429
7290000293561,false,סנו מסיר עובש,"איי, בי, אינבוו",IL,סנו מסיר עובש,מיליליטרים,750.00,"100 מ""ל",false,1,19.90,2.6533,true,1,102433
7290000293943,false,מסיר אבנית אנטיקאלק,מיוצר עי קונדיטוריית,IL,אנטי קאלק מסיר אבנית וחלודה לשימוש כללי 1 ליטר,ליטרים,1.00,ליטר,false,1,17.90,17.9000,true,1,102435
7290000294780,false,אקונומיקה סנו JAVEL,"איי, בי, אינבוו",IL,סנו Javel אקונומיקה סמיכה מבושמת בריח לימון 4 ליטר,ליטרים,4.00,ליטר,false,1,16.90,4.2250,true,1,102445
7290000295299,false,כרית הפלא סנו סושי 4,סנו מפעלי ברונו בעמ,IL,כרית הפלא סנו סושי 4 יחידות,יחידה,1.00,יחידה,false,1,11.80,11.8000,true,1,102447
7290000295336,false,אבק.כביסה מקסימה,סנו,,אבק.כביסה מקסימה סנסטיב1.25 קג,קילוגרמים,1.25,"ק""ג",false,1,14.90,11.9200,true,1,102448
7290000295343,false,אבק.כביסה קומ MAXIMA,סנו,,אבק.כביסה קומ MAXIMA ביו1.25קג,קילוגרמים,1.25,"ק""ג",false,1,14.90,11.9200,true,1,102449
7290000295367,false,אבקת כביסה מקסימה זא,הורביץ סחר,IL,"אבקת כביסה, אפקט JAVEL",קילוגרמים,2.50,"ק""ג",false,1,28.90,11.5600,true,1,102450
7290000295404,false,שקיות אשפה 54*65 סנו,מיוצר עי קונדיטוריית,IL,סושי 60 ש.אשפה חזקות עם שרוך,לא מנהל יחידת מידה,0.00,לא מנהל יחידת מידה,false,1,23.70,0.0000,true,1,102451
7290000295503,false,שקיות אוכל 19*25 סנו,הורביץ סחר,CN,סנו סושי -  שקיות אוכל 2*150,לא מנהל יחידת מידה,0.00,לא מנהל יחידת מידה,false,1,14.90,0.0000,true,1,102453
7290000295558,false,רדיד אלומיניום זוג 1,מולינו ניקולי s.p.a,CN,"רדיד אלומיניום זוג 15 מ רוחב 30 ס""מ",מטרים,1500.00,מטר,false,1,12.90,0.0086,true,1,113071
7290000295589,false,בייבי כיף טלק,מייצר :אשבל בע''מ .,IL,טלק בייבי כיף לתנוק,גרמים,200.00,100 גרם,false,1,13.90,6.9500,true,1,125331
7290000295749,false,ספוג סאקי מסאז כיף,גוד פוד פרודקטס S.p,IL,כיף ספוג מסאג' לרענון ולהמרצת זרם הדם,לא מנהל יחידת מידה,0.00,לא מנהל יחידת מידה,false,1,8.90,0.0000,true,1,102457
7290000295794,false,ספוגיות מתכת,,,ספוגיות מתכת,יחידה,1.00,יחידה,false,1,11.90,11.9000,true,1,207035
7290000295824,false,רדיד אלומיניום,מולינו ניקולי s.p.a,TR,רדיד אלומיניום 100 מטר רוחב30ס,מטרים,10000.00,מטר,false,1,59.90,0.0060,true,1,110300
7290000300900,false,שניצל תירס טבעול 750,כצט,IL,שניצל תירס טבעול 750 גרם,גרמים,750.00,100 גרם,false,1,29.90,3.9867,true,1,102529
7290000305882,false,דגים ברוטב עגבניות פ,לחמנו,TR,קוליאס 120 גרם בדצ עדה חרדית,גרמים,120.00,100 גרם,false,1,5.90,4.9167,true,1,102649
7290000311128,false,עוגיות בטעם חמאה,תות ממתקי איכות,IL,עוגיות מובחרות בטעם חמאה,גרמים,300.00,100 גרם,false,1,8.50,2.8333,true,1,152767
7290000311203,false,ופלים מן בטעם שוקולד,תות ממתקי איכות,IL,ופלים מן בטעם שוקולד 200 גרם,גרמים,200.00,100 גרם,false,1,5.50,2.7500,true,1,102675
7290000311708,false,עוג.מובחרות חיטה מלא,תות ממתקי איכות,IL,"מן, עוגיות חיטה מלאה עם סיבים תזונתיים 300 גרם",גרמים,300.00,100 גרם,false,1,8.50,2.8333,true,1,102677
7290000311715,false,עוג.מובחרות שוקולד,תות ממתקי איכות,IL,"מן, עוגיות כוכבים בטעם שוקולד 300 גרם",גרמים,300.00,100 גרם,false,1,8.50,2.8333,true,1,102678
7290000311869,false,ופל מן ללא סוכר 180,תות ממתקי איכות,IL,ופל מן ללא סוכר 180 גרם,גרמים,180.00,100 גרם,false,1,9.90,5.5000,true,1,182062
7290000313184,false,עוגיות גן חיות,הגביע מוצרי וופלים ב,IL,אסם עוגיות גן חיות וניל 12*250גרם חדש,גרמים,250.00,100 גרם,false,1,10.90,4.3600,true,1,113251
7290000315133,false,ציר בקר קנור 300 גרם,יוניליוור ישראל מזון,IL,קנור ציר בקר 300 גרם,גרמים,300.00,100 גרם,false,1,30.60,10.2000,true,1,125834
7290000318127,false,נקניקיות ביס 380 גרם,פ.פ.ח. שאביט,IL,יחיעם נקניקיות ביס 380 גרם,גרמים,380.00,100 גרם,false,1,12.90,3.3947,true,1,102743
7290000318479,false,פרושוטו עגל   100 גר,תאי פרזידנט פוד פאבל,IL,"יחיעם, פרושוטו , 100 גרם",גרמים,100.00,100 גרם,false,1,25.90,25.9000,true,1,117850
7290000318677,false,סלמי סרוולט 150 גרם,פ.פ.ח. שאביט,IL,סלמי סרוולט,גרמים,150.00,100 גרם,false,1,25.90,17.2667,true,1,135542
7290000318943,false,פסטרמה של פעם,תאי פרזידנט פוד פאבל,IL,"יחיעם, פסטרמה של פעם, 200 גרם",גרמים,200.00,100 גרם,false,1,24.90,12.4500,true,1,135544
7290000319063,false,כתף בקר מעושן בציפוי,פ.פ.ח. שאביט,IL,כתף בקר מפולפל 150 גרם,גרמים,150.00,100 גרם,false,1,25.90,17.2667,true,1,209033
7290000319124,false,סלמי סרוולד יחיעם 25,פ.פ.ח. שאביט,IL,סלמי סרוולד יחיעם 250 גרם,גרמים,250.00,100 גרם,false,1,33.90,13.5600,true,1,191429
7290000319131,false,נקניקיות עוף,פ.פ.ח. שאביט,IL,נקניקיות עוף 400 גר יחיעם,גרמים,400.00,100 גרם,false,1,11.90,2.9750,true,1,102798
7290000319520,false,סלמי צרפתי,פ.פ.ח. שאביט,IL,סלמי צרפתי 100 גרם יחיעם,גרמים,100.00,100 גרם,false,1,22.90,22.9000,true,1,117851
7290000319803,false,קבנוס קלאסי 125 גרם,תאי פרזידנט פוד פאבל,IL,"יחיעם, קבנוס קלאסי 125 גרם",גרמים,125.00,100 גרם,false,1,12.90,10.3200,true,1,199313
7290000319834,false,קבנוס פפרוני קלאסי 1,תאי פרזידנט פוד פאבל,IL,"יחיעם, קבנוס פפרוני , 125 גרם",גרמים,125.00,100 גרם,false,1,12.90,10.3200,true,1,198967
7290000327020,false,פפסי פחית צרה 330 שי,פפסיקו ניורק,IL,פפסי פחית צרה 330 שישייה,ליטרים,1.98,ליטר,false,6,22.90,11.5657,true,1,232077
7290000336053,false,סיידר הגליל תרכיז טב,"טמפו משקאות בע""מ",IL,סיידר תרכיז 330 בקבוק,מיליליטרים,330.00,"100 מ""ל",false,1,13.60,4.1212,true,1,102974
7290000336282,false,סיידר הגליל תפוח צלו,טמפו משקאות בעמ,IL,סיידר תפוח צלול 330 בקבוק,מיליליטרים,330.00,"100 מ""ל",false,1,8.50,2.5758,true,1,110611
7290000339566,false,מרכך כביסה בדין ורוד,יוניליור ישראל טיפוח,IL,מרכך כביסה בדין ורוד,ליטרים,4.00,ליטר,false,1,24.90,6.2250,true,1,103004
7290000341071,false,מרכך כביסה בייבי בדי,יוניליוור ישראל טיפו,IL,בדין  מרכך כביסה בייבי 2 ליטר,ליטרים,2.00,ליטר,false,1,20.70,10.3500,true,1,103023
7290000342856,false,מרכך כביסה בדין כחול,יוניליור ישראל טיפוח,IL,מרכך כביסה בדין כחול,ליטרים,4.00,ליטר,false,1,24.90,6.2250,true,1,103039
7290000345260,false,תה קלאסיק 1.5 גרם,מולינו ניקולי s.p.a,IL,תה קלאסיק 1.5 גרם 25 שקיקים,גרמים,37.00,100 גרם,false,1,8.10,21.8919,true,1,103080
7290000345284,false,תה קלאסיק  100שקיקים,מולינו ניקולי s.p.a,IL,100/1.5במעטפה,יחידה,1.00,יחידה,false,1,17.90,17.9000,true,1,103082
7290000345291,false,תה ארל גריי 1.5 גרם,ויסוצקי,IL,ארל גריי TEAR TAPE - 25,גרמים,38.00,100 גרם,false,1,17.70,46.5789,true,1,103083
7290000345536,false,תה נענע ויסוצקי  25,מולינו ניקולי s.p.a,IL,תה נענע,גרמים,37.00,100 גרם,false,1,18.90,51.0811,true,1,103087
7290000346021,false,הגן הקסום חליטת קמומ,בית ויסוצקי,IL,הגן הקסום חליטת קמומיל בבונג 50  75 גר,גרמים,75.00,100 גרם,false,1,33.90,45.2000,true,1,114788
7290000346120,false,חליטת תה צמחים קינמו,HIQ FOOD PRODUCTS,IL,קסם הקינמון-הגן הקסום,גרמים,62.00,100 גרם,false,1,19.90,32.0968,true,1,103106
7290000346168,false,חליטת שומר גן הקסום,HIQ FOOD PRODUCTS,IL,חליטת שומר - הגן הקסום,גרמים,37.00,100 גרם,false,1,19.90,53.7838,true,1,117962
7290000346199,false,חליטת תה צמחים פירות,HIQ FOOD PRODUCTS,IL,"פירות היער-""הגן הקסום """,גרמים,67.00,100 גרם,false,1,19.90,29.7015,true,1,103110
7290000346205,false,חליטת תה צמחים קמומי,HIQ FOOD PRODUCTS,IL,"קמומיל-""הגן הקסוםC24 ?",גרמים,37.00,100 גרם,false,1,19.90,53.7838,true,1,103111
7290000346236,false,חליטת צמחים לואיזה,ויסוצקי,IL,"לואיזה (ורבנה)""גן-קסום """,גרמים,50.00,100 גרם,false,1,19.90,39.8000,true,1,139663
7290000347738,false,תה ירוק נענע 25 שקיק,HIQ FOOD PRODUCTS,IL,תה ירוק עם נענע T.T,גרמים,37.00,100 גרם,false,1,25.90,70.0000,true,1,103138
7290000347752,false,תה ירוק לימונית ולוא,HIQ FOOD PRODUCTS,IL,תה ירוק עם לימונית/לואיזה T.T,גרמים,37.00,100 גרם,false,1,25.90,70.0000,true,1,103140
7290000363363,false,קבנוס מיוחד 160 גרם,הנסיך- מפעל לייצור ט,IL,טירת צבי קבנוס נקניק מעושן יבש 160 גרם,גרמים,160.00,100 גרם,false,1,15.90,9.9375,true,1,103257
7290000364230,false,פסטרמה כפרית 100 גרם,הנסיך- מפעל לייצור ט,IL,טירת צבי כפרית 100 גרם,גרמים,100.00,100 גרם,false,1,11.80,11.8000,true,1,145947
7290000364278,false,דקניקים סלסולי סלמי,הנסיך- מפעל לייצור ט,IL,דקניקים סלסולי סלמי איטלקי משובח 120 גרם,גרמים,120.00,100 גרם,false,1,15.90,13.2500,true,1,159930
7290000364285,false,דקניקים סלסולי פסטרמ,הנסיך- מפעל לייצור ט,IL,דקניקים סלסולי פסטרמה הודו 120 גרם,גרמים,120.00,100 גרם,false,1,15.90,13.2500,true,1,159931
7290000364292,false,דקניקים סלסולי פסטרמ,הנסיך- מפעל לייצור ט,IL,דקניקים סלסולי פסטרמה גחלים 120 גרם,גרמים,120.00,100 גרם,false,1,15.90,13.2500,true,1,164867
7290000364759,false,נקניקיות קרנץ הודו,הנסיך- מפעל לייצור ט,IL,נקניקיות וינר 500 גרם,גרמים,500.00,100 גרם,false,1,19.50,3.9000,true,1,103289
7290000364810,false,נקניקיות עגל    500,הנסיך- מפעל לייצור ט,IL,נקניקיות עגל 500 גרם,גרמים,500.00,100 גרם,false,1,31.60,6.3200,true,1,113650
7290000364858,false,נקניקיות עוף       .,הנסיך- מפעל לייצור ט,IL,"טירת צבי - נקניקיות עוף 1 ק""ג",קילוגרמים,1.00,"ק""ג",false,1,28.90,28.9000,true,1,103312
7290000364872,false,נקניקיות עוף 400 גרם,טיב טירת צבי 2000,IL,נקניקיות עוף 400 גרם,גרמים,400.00,100 גרם,false,1,13.90,3.4750,true,1,103314
7290000367590,false,צמד כפרי פסטרמה סלמי,טיב טירת צבי 2000,IL,צמד כפרי פסטרמה סלמי טירת צבי 800 גרם,גרמים,800.00,100 גרם,false,1,30.90,3.8625,true,1,103339
7290000377209,false,בוטנים מטוגנים קליית,"ג'י אנד ג'י  בע""מ",IL,בוטנים מטוגנים קליית גת 200 גרם,גרמים,200.00,100 גרם,false,1,7.90,3.9500,true,1,112296
7290000377612,false,מיץ תפוזים סחוט פריג,מיוצר עי קונדיטוריית,IL,פריגת סחוט תפוזים קלאסי,מיליליטרים,400.00,"100 מ""ל",false,1,9.50,2.3750,true,1,103381
7290000408316,false,יוגורט דנונה 3% 200,מיוצר עי קונדיטוריית,IL,דנונה ביו  3% 200 גרם,גרמים,200.00,100 גרם,false,1,3.70,1.8500,true,1,103831
7290000408354,false,דנונה בר דגנים שוקול,"שטראוס בריאות בע""מ",IL,בר דנונה פצפוצים,גרמים,175.00,100 גרם,false,1,4.80,2.7429,true,1,103832
7290000412481,false,מנקה אסלות 00 סנו 1,מיוצר עי קונדיטוריית,IL,מנקה אסלות 00 סנו 1 ליטר,ליטרים,1.00,ליטר,false,1,8.90,8.9000,true,1,103885
7290000416021,false,ממרח שוקולד השחר 500,השחר העולה,IL,ממרח השחר העולה חלבי 500 גרם,גרמים,500.00,100 גרם,false,1,13.90,2.7800,true,1,103981
7290000416045,false,ממרח שוקולד השחר דלי,השחר העולה,IL,ממרח שוקולד השחר דלי1 קג,קילוגרמים,1.00,"ק""ג",false,1,25.90,25.9000,true,1,198353
7290000416618,false,ממרח שוקולד השחר 400,השחר העולה בעמ,IL,ממרח שוקולד השחר 400 גרם,גרמים,400.00,100 גרם,false,1,13.50,3.3750,true,1,103987
7290000419893,false,קפה לנדוור טחון לבוק,מולינו ניקולי s.p.a,IL,לנדוור לבוקר טחון טורקי 100גרם,גרמים,100.00,100 גרם,false,1,8.90,8.9000,true,1,141684
7290000430102,false,קוביות קרח בשקית,אייס קיוב,,קוביות קרח בשקית,יחידה,1.00,יחידה,false,1,14.90,14.9000,true,1,112325
7290000449128,false,פנטסטיק לניקוי כללי,יוניליוור ישראל טיפו,IL,פנטסטיק תרכיז ניקוי רב תכליתי בניחוח לימון 4 ליטר,ליטרים,4.00,ליטר,false,1,27.60,6.9000,true,1,104294
7290000450209,false,טונה בשמן פוסידון 10,"מיוצר עי וליגר בעמ,",IL,פוסידון נתחי טונה בהירה בשמן 108 גרם,גרמים,108.00,100 גרם,false,1,5.90,5.4630,true,1,104314
7290000453019,false,שמרים טריים לאפייה ש,קדבורי,IL,שמרית שמרים טריים לאפייה 50 גרם,גרמים,50.00,100 גרם,false,1,4.90,9.8000,true,1,104325
7290000453309,false,בצק פיצה תמי ללג 280,תמי,IL,בצק פיצה תמי ללג 230גרם,גרמים,230.00,100 גרם,false,1,21.90,9.5217,true,1,229671
7290000453316,false,בצק עלים תמי ללג 280,תמי,IL,בצק עלים תמי ללג 280גרם,גרמים,280.00,100 גרם,false,1,21.90,7.8214,true,1,229670
7290000453408,false,בצק פיצה דק מצונן ומ,"פאקא תעשיות בע""מ",GR,בצק פיצה דק מצונן ומוכן לאפייה - שמרית,גרמים,150.00,100 גרם,false,1,17.90,11.9333,true,1,217702
7290000453422,false,בצק פילו מוכן לאפייה,"פאקא תעשיות בע""מ",GR,בצק פילו מוכן לאפייה - שמרית,גרמים,150.00,100 גרם,false,1,17.90,11.9333,true,1,217701
7290000453798,false,שמרים אקטביים 500 גר,"גי' בי' רכיבים בע""מ",,שמרים אקטביים 500 גרם,גרמים,500.00,100 גרם,false,1,15.90,3.1800,true,1,202356
7290000453866,false,נטורינה קוקוס,גרונבאנג- גרונדנסק א,DK,נטורינה קוקוס לאפייה ובישול 200 גרם,גרמים,200.00,100 גרם,false,1,8.90,4.4500,true,1,214120
7290000462103,false,סחוג אדום בצנצנת 150,קריניסה ויטמין אס אי,IL,"זהבי הכרם זחוק תמני חריף עדיף, 150 גרם",גרמים,150.00,100 גרם,false,1,9.90,6.6000,true,1,104389
7290000462141,false,סחוג אדום חריף,קריניסה ויטמין אס אי,IL,"זהבי הכרם זחוק תמני חריף, 150 גרם",גרמים,150.00,100 גרם,false,1,9.90,6.6000,true,1,147958
7290000462172,false,סחוג ירוק בצנצנת 150,קריניסה ויטמין אס אי,IL,זחוק זהבי ירוק חריף 150 גרם,גרמים,150.00,100 גרם,false,1,9.90,6.6000,true,1,104391
7290000467511,false,ביסלי ברביקיו,אסם,,ביסלי ברביקיו 55 גרם,גרמים,55.00,100 גרם,false,1,4.00,7.2727,true,1,191684
7290000468747,false,ביסלי גריל,אסם,,ביסלי גריל 55 גרם,גרמים,55.00,100 גרם,false,1,4.00,7.2727,true,1,191686
7290000468877,false,ביסלי בצל,אסם,,ביסלי בצל 55 גרם,גרמים,55.00,100 גרם,false,1,4.00,7.2727,true,1,191687
7290000474540,false,גבינה טוב טעם 3% 250,טרה,IL,"טרה, טוב טעם, גבינה לבנה  3% ,  250 גרם",גרמים,250.00,100 גרם,false,1,11.90,4.7600,true,1,104495
7290000480107,false,שיבולת שועל קוואקר פ,וולקרס סנקס לימיטד,,שיבולת שועל קוואקר פחית 500 גרם,גרמים,500.00,100 גרם,false,1,15.00,3.0000,true,1,104522
7290000480442,false,שיבולת שועל קוואקר ש,שטראוס גרופ,IL,שיבולת שועל קוואקר שקית 500 גרם,גרמים,500.00,100 גרם,false,1,12.90,2.5800,true,1,104529
7290000482033,false,שקיות קוקי ענק,"ש. שסטוביץ בע""מ",IL,קוקי שקיות לצליה מהירה ענק 5 יחידות,Unknown,0.00,Unknown,false,1,12.90,0.0000,true,1,104548
7290000483139,false,מרציפן לבן 100 גרם,"המרשלג פרלינס בע""מ",IL,המרשלג מרציפן  100 גרם טבעוני,גרמים,100.00,100 גרם,false,1,9.90,9.9000,true,1,104555
7290000484747,false,עלית הארק 40% בקבוק,יקבי הגליל יוסף,,"עלית הארק 40% בקבוק 700 מ""ל",מיליליטרים,700.00,"100 מ""ל",false,1,59.90,8.5571,true,1,202784
7290000493176,false,רוטב צלי בשר 22 גרם,"אסם השקעות בע""מ",IL,רוטב צלי בשר 22 גרם,גרמים,22.00,100 גרם,false,1,4.50,20.4545,true,1,104671
7290000493183,false,רוטב פטריות לבשר 30,"אסם השקעות בע""מ",IL,אסם אבקת רוטב פטריות 3 12*30גרם,גרמים,30.00,100 גרם,false,1,4.90,16.3333,true,1,104672
7290000497112,false,לחם אחיד פרוס,יוליניבר,IL,"ברמן לחם אחיד מקמח כהה פרוס, 750 גרם",גרמים,750.00,100 גרם,false,1,7.91,1.0547,true,1,104700
7290000497204,false,פיתה 1/5 בדצ       .,יוליניבר,IL,פיתות,גרמים,500.00,100 גרם,false,1,7.90,1.5800,true,1,111572
7290000497228,false,לחמניות רגילות  1/6,יוליניבר,IL,ברמן 6 לחמניות 450 גרם,גרמים,450.00,100 גרם,false,1,10.90,2.4222,true,1,104704
7290000497303,false,לחמניות מקמח מלא,יוליניבר,IL,מאפיית ברמן שש לחמניות מקמח חיטה מלא 450 גרם,גרמים,450.00,100 גרם,false,1,13.90,3.0889,true,1,125542
7290000497358,false,חלומית ארוזה ברמן 50,מאפיות ברמן,IL,חלומית ארוזה ברמן 500גרם,גרמים,500.00,100 גרם,false,1,14.90,2.9800,true,1,104707
7290000497570,false,לחם דגנים קל,יוליניבר,IL,ברמן דגני קלות 500 גרם,גרמים,500.00,100 גרם,false,1,14.90,2.9800,true,1,104715
7290000498034,false,לחם מקמח כוסמין 750ג,מאפיות ברמן,IL,לחם מקמח כוסמין 750גרם,גרמים,750.00,100 גרם,false,1,16.90,2.2533,true,1,222760
7290000498393,false,חלה מרובעת ברמן  500,מאפיות ברמן,,חלה מרובעת ברמן  500גרם,גרמים,500.00,100 גרם,false,1,5.17,1.0340,true,1,104742
7290000498430,false,חלה 500 גרם,מאפית דוידוביץ,,חלה 500 גרם,גרמים,500.00,100 גרם,false,1,6.26,1.2520,true,1,221400
7290000504025,false,ממתיק סוכרזית פיטריה,אף.סי תבליני בגליל ב,IL,סוכרזית קלאסי 300,גרמים,25.00,100 גרם,false,1,9.80,39.2000,true,1,104790
7290000504278,false,ממתיק סוכרזית פטנט 7,אף.סי תבליני בגליל ב,IL,ממתיק סוכרזית פטנט 700 טבליות,גרמים,57.00,100 גרם,false,1,17.90,31.4035,true,1,104794
7290000521008,false,יין של סגל אדום יבש,פארייפאבה אגרואינדוס,IL,יין אדום יבש של סגל 750 מל,מיליליטרים,750.00,"100 מ""ל",false,1,21.90,2.9200,true,1,104914
7290000521015,false,יין של סגל לבן יבש 7,פארייפאבה אגרואינדוס,IL,סגל יין לבן יבש 2016  750 מל,מיליליטרים,750.00,"100 מ""ל",false,1,21.90,2.9200,true,1,104915
7290000521022,false,יין של סגל לבן חצי י,פארייפאבה אגרואינדוס,IL,סגל לבן חצי יבש 2015 750 מל,מיליליטרים,750.00,"100 מ""ל",false,1,21.90,2.9200,true,1,104916
7290000523125,false,מלח ים יבש 250 גרם,מולינו ניקולי s.p.a,IL,מלח ים אדום דק 250 גרם,גרמים,250.00,100 גרם,false,1,5.90,2.3600,true,1,104988
7290000523224,false,מלח ים יבש 500 גרם,מולינו ניקולי s.p.a,IL,מלח ים אדום דק 500 גרם,גרמים,500.00,100 גרם,false,1,7.90,1.5800,true,1,104993
7290000523521,false,מלח ים הארץ מועשר בי,חברת מלח הארץ אילת ב,IL,מלח מועשר ביוד מלחיה 250 גרם,גרמים,250.00,100 גרם,false,1,5.90,2.3600,true,1,104997
7290000523804,false,מלח הים האדום דק בצנ,חברת מלח הארץ אילת ב,IL,מלח הים האדום עדין צנצנת 1 קג,קילוגרמים,1.00,"ק""ג",false,1,7.20,7.2000,true,1,141756
7290000525969,false,מיץ תפוזים סחוט פרימ,השחר,IL,פרימור מיץ תפוזים 1 ליטר,ליטרים,1.00,ליטר,false,1,16.00,16.0000,true,1,105010
7290000530413,false,המבורגר זהב זוגלובק,כצט,IL,זוגלובק המבורגר זהב 400 גרם,גרמים,400.00,100 גרם,false,1,21.90,5.4750,true,1,105043
7290000530598,false,נקניקיות וינר זוגלוב,כצט,IL,נקניקיות וינר 500 גרם זוגלובק,גרמים,500.00,100 גרם,false,1,17.90,3.5800,true,1,105049
7290000530703,false,נקניק תה מעושן +פסטר,כצט,IL,זוגלובק זוג חרמון הודו ועוף 400+סלמי תה 400 גרם,גרמים,800.00,100 גרם,false,1,31.40,3.9250,true,1,105050
7290000531601,false,סטייק בורגר,כצט,IL,זוגלובק סטייק בורגר זהב 400 גרם,גרמים,400.00,100 גרם,false,1,21.90,5.4750,true,1,105069
7290000537566,false,נקניקיות עוף זגלובק,כצט,IL,זוגלובק נקניקיות עוף 400 גרם,גרמים,400.00,100 גרם,false,1,15.90,3.9750,true,1,105135
7290000538709,false,תה מעושן,כצט,IL,זוגלובק סלמי תה מעושן 200 גרם,Unknown,0.00,Unknown,false,1,11.50,0.0000,true,1,145699
7290000552927,false,טחון עוף,קרלו,IL,טיבון ויל בשר עוף טחון 500 גרם,גרמים,500.00,100 גרם,false,1,14.90,2.9800,true,1,105372
7290000552934,false,טחון הודו 500 גרם,קרלו,IL,טחון הודו 500 גרם,גרמים,500.00,100 גרם,false,1,15.90,3.1800,true,1,105373
7290000554006,false,גבינה קשקבלו משולשים,מחלבות גד,,גבינה קשקבלו משולשים 26% במשקל גד,קילוגרמים,1.00,"ק""ג",true,,129.00,129.0000,true,1,105377
7290000554471,false,גבינת מוצרלה 22% צמה,"מחלבות גד בע""מ",IL,גבינת מוצרלה 22% צמה 180 גרם,גרמים,180.00,100 גרם,false,1,18.90,10.5000,true,1,105426
7290000554822,false,גבינה ריקוטה גד 250,מחלבות גד בעמ,IL,גבינה ריקוטה גד 250 גרם,גרמים,250.00,100 גרם,false,1,15.90,6.3600,true,1,105436
7290000554839,false,גבינה מוקצפת מסקרפונ,יוליניבר,IL,גבינה מוקצפת מסקרפונה 250 גרם גד,גרמים,250.00,100 גרם,false,1,22.90,9.1600,true,1,105437
7290000560540,false,"ג""ל גילוח אדג לעור ר",המאפיה של הרמן,US,אדג ג'ל גילוח לעור רגיש עם אלוורה 200 מל,מיליליטרים,200.00,"100 מ""ל",false,1,17.90,8.9500,true,1,105492
7290000571386,false,יוגורט יוגורמה מחלב,קריניציה ויטמינה אס,IL,יוגורט יוגורמה מחלב כבשים 850גרם המחלבה,גרמים,850.00,100 גרם,false,1,28.90,3.4000,true,1,105545
7290000571393,false,יוגורט יוגורמה מחלב,גבינות משק אחים מאיר,IL,המחלבה יוגורמה יוגורט מחלב כבשים 5% 140 גרם,גרמים,140.00,100 גרם,false,1,6.90,4.9286,true,1,105546
7290000572208,false,חלבה אחוה 100 גרם,שוורצקוף& הנקל דיסלד,IL,אחוה חלוה בטעם וניל 100 גרם,גרמים,100.00,100 גרם,false,1,2.90,2.9000,true,1,105548
7290000572222,false,חלבה בלוק,שוורצקוף& הנקל דיסלד,IL,אחווה חלוה בטעם וניל 500 גרם,גרמים,500.00,100 גרם,false,1,12.90,2.5800,true,1,105549
7290000591926,false,מצה מועשרת בסיבים רא,מצות ראשון,,מצה מועשרת בסיבים ראשון 400 גרם,גרמים,400.00,100 גרם,false,1,16.90,4.2250,true,1,105834
7290000644783,false,נתחי פילה סלמון בואק,X MAK,,"נתחי פילה סלמון בואקום לק""ג",קילוגרמים,1.00,"ק""ג",true,,105.00,105.0000,true,1,162656
7290000652542,false,פילה אמנון קפוא 5-7,,CN,פילה אמנון קפוא 5-7  100% דג לקג,קילוגרמים,1.00,"ק""ג",true,,38.00,38.0000,true,1,218944
7290000652894,false,סטייק טונה קפוא  לקג,,,סטייק טונה קפוא  לקג,קילוגרמים,1.00,"ק""ג",true,1,54.00,54.0000,true,1,218946
7290000655376,false,פילה דניס קפוא 100%,,TR,פילה דניס קפוא 100% דג,קילוגרמים,1.00,"ק""ג",true,,89.00,89.0000,true,1,204468
7290000658926,false,פילה מרלוזה קפוא 100,תנובה,,"פילה מרלוזה קפוא 100% דג לק""ג",קילוגרמים,1.00,"ק""ג",true,,38.00,38.0000,true,1,206347
7290000688084,false,מי עדן בקבוק ספורט 5,מופק ממקור בזלתי עדן,IL,"מי עדן בקבוק ספורט 500 מ""ל",מיליליטרים,500.00,"100 מ""ל",false,1,3.90,0.7800,true,1,106910
7290000688466,false,מי עדן GYM בקבוק ספו,מופק ממקור בזלתי עדן,IL,"מי עדן GYM בקבוק ספורט 750 מ""ל",מיליליטרים,750.00,"100 מ""ל",false,1,5.20,0.6933,true,1,106915
7290000692210,false,נוזל לניקוי כללי ורצ,קולגייט פלמוליב,GR,אג'קס נוזל לניקוי כללי ורצפות בניחוח לבנדר 2 ליטר,ליטרים,2.00,ליטר,false,1,22.90,11.4500,true,1,106997
7290000692227,false,סבון כלים פלמוליב 1,יבואן ומשווק: ש. שסט,GR,פלמוליב נוזל לניקוי כלים קלאסי 1 ליטר,ליטרים,1.00,ליטר,false,1,13.90,13.9000,true,1,106998
7290000803067,false,אלמקס מש.שינ.לילדים,קולגייט פלמוליב,PL,אלמקס משחת שיניים ילדים 113 מל,מיליליטרים,113.00,"100 מ""ל",false,1,15.90,14.0708,true,1,107748
7290000849478,false,סרקל מרכך שיער לילדי,הדקלאים אגודת שיתופי,IL,דר פישר סרקל מרכך לילדים ללא דמעות 500 מל,מיליליטרים,500.00,"100 מ""ל",false,1,15.90,3.1800,true,1,108081
7290000849492,false,סרקל שמפו לילדים 500,הדקלאים אגודת שיתופי,IL,דר פישר סרקל שמפו לילדים ללא דמעות 500 מל,מיליליטרים,500.00,"100 מ""ל",false,1,15.90,3.1800,true,1,108082
7290000920764,false,מקלות סלרי,חקלאי,IL,מקלות סלרי,Unknown,0.00,Unknown,false,1,4.90,0.0000,true,1,225129
7290000964652,false,קיווי צהוב ייבוא ארו,חקלאי,IL,קיווי צהוב ייבוא ארוז  470 גרם,גרמים,470.00,100 גרם,false,1,19.90,4.2340,true,1,214895
7290000986708,false,ענב אדום ייבוא 470 ג,חקלאי,IL,ענב אדום ייבוא 470 גרם,גרמים,470.00,100 גרם,false,1,21.90,4.6596,true,1,207042
7290000993461,false,שרי צהוב,חקלאי,IL,שרי צהוב,גרמים,450.00,100 גרם,false,1,10.90,2.4222,true,1,224202
7290000993560,false,עגבניות שרי שוקו לב,רון שרי,IL,עגבניות שרי שוקו לב 500 גרם,גרמים,500.00,100 גרם,false,1,14.90,2.9800,true,1,210495
7290000995410,false,נבטים סינים,חקלאי,IL,נבטים סינים,גרמים,370.00,100 גרם,false,1,7.90,2.1351,true,1,146288
7290001045688,false,מיץ תפוזים סחוט פרימ,השחר,IL,פרימור מיץ תפוזים סחוט 400 מל,מיליליטרים,400.00,"100 מ""ל",false,1,8.50,2.1250,true,1,110620
7290001121238,false,קורנדביף,יחיעם,IL,יחיעם קורנד ביף 180 גרם,גרמים,180.00,100 גרם,false,1,25.90,14.3889,true,1,156269
7290001136287,false,שמפו נקה 7לשיער רגיל,"קוסמופארם בעמ, ח.פ 5",IL,נקה 7 שמפו לשיער רגיל ירוק,מיליליטרים,750.00,"100 מ""ל",false,1,11.90,1.5867,true,1,100221
7290001136294,false,שמפו נקה 7 יבש/צבוע,גוד פוד פרודקטס S.p,IL,נקה 7-שמפו לשיער יבש,מיליליטרים,750.00,"100 מ""ל",false,1,11.90,1.5867,true,1,100222
7290001136683,false,מרכך לשיער נקה    7,מולינו ניקולי s.p.a,IL,"נקה 7 מרכך שיער רגיל ירוק 750 מ""ל",מיליליטרים,750.00,"100 מ""ל",false,1,11.90,1.5867,true,1,100231
7290001136799,false,סבון נוזלי ארומה,מיוצר בסין.יבוא ושיו,IL,נקה תחליב 1ל' ורוד ורד יסמין,ליטרים,1.00,ליטר,false,1,14.90,14.9000,true,1,100235
7290001136973,false,סבון נוזלי נקה 7 ארו,טרופיקל דגיל תעשיות,IL,נקה תחליב 1ל' לבן קמומיל,ליטרים,1.00,ליטר,false,1,14.90,14.9000,true,1,100242
7290001201589,false,ביצים ארוזות      L,,,ביצים ארוזות12 יח                     L,לא מנהל יחידת מידה,0.00,לא מנהל יחידת מידה,false,1,12.05,0.0000,true,1,222786
7290001201596,false,ביצים ארוזות12 יח M,,,ביצים ארוזות12 יח                     M,לא מנהל יחידת מידה,0.00,לא מנהל יחידת מידה,false,1,11.15,0.0000,true,1,222787
7290001201862,false,חופש 12/L ביצים,,,חופש 12/L ביצים,לא מנהל יחידת מידה,0.00,לא מנהל יחידת מידה,false,1,19.90,0.0000,true,1,222791
7290001208113,false,אגוז פקאן טבעי חצאים,יושלם,,אגוז פקאן חצאים מגה 200 גרם,גרמים,200.00,100 גרם,false,1,25.60,12.8000,true,1,115657
7290001216040,false,טחינת אל ארז 500 גרם,דולפין ספא,IL,טחינת אל ארז 500 גרם,גרמים,500.00,100 גרם,false,1,16.90,3.3800,true,1,156977
7290001216057,false,"טחינת אל ארז 1 ק""ג",דולפין ספא,IL,טחינת אל ארז 1 קג,קילוגרמים,1.00,"ק""ג",false,1,32.90,32.9000,true,1,164342
7290001230331,false,סיגריות כאמל בוקס חפ,JTI,,סיגריות כאמל בוקס חפיסה בודד,יחידה,0.00,יחידה,false,1,32.00,0.0000,false,1,111680
7290001230739,false,סיגריות קאמל כחול,JTI,,סיגריות כאמל כחול חפיסה בודד,יחידה,0.00,יחידה,false,1,32.00,0.0000,false,1,115766
7290001231932,false,סיגריות וינסטון כחול,JTI,,סיגריות וינסטון כחול בוקס חפיסה בודד,לא מנהל יחידת מידה,0.00,לא מנהל יחידת מידה,false,1,34.30,0.0000,false,1,111669
7290001246993,true,גל לכביסה אקופרנד 4,פ.פ.ח. שאביט,IL,אקופרינד נוזל רצפות אקולוגי 4 ליטר,ליטרים,4.00,ליטר,false,1,45.90,11.4750,true,1,209287
7290001302279,false,במבה קלאסי,מיוצר עי קונדיטוריית,IL,במבה קלאסי 48*60גרם,גרמים,60.00,100 גרם,false,1,4.90,8.1667,true,1,191682
7290001305188,false,סבון כלים פלמוליב לי,יבואן ומשווק: ש. שסט,GR,פלמוליב נוזל לניקוי כלים בריח לימון (כתום) 750 מל,מיליליטרים,750.00,"100 מ""ל",false,1,11.90,1.5867,true,1,100457
7290001327180,false,גלידה קרמיסימו וניל,"גלידת שטראוס בע""מ",IL,גלידה קרמיסימו וניל צ'יפ 1.33 ל',ליטרים,1.33,ליטר,false,1,26.90,20.2256,true,1,100472
7290001327791,false,קרמיסימו עוגיות,,IL,גלידה קרמיסימו וניל עוגיות 1.33 ל',ליטרים,1.33,ליטר,false,1,26.90,20.2256,true,1,100476
7290001407547,false,טחינה משומשום מלא פי,רושדי תעשיות מזון בע,IL,בארכה טחינה שומשום מלא פי 6 סידן 12*500ג,גרמים,500.00,100 גרם,false,1,17.90,3.5800,true,1,150180
7290001407769,false,טחינה משומשום מלא בא,רושדי תעשיות מזון בע,IL,בארכה טחינה עם שומשום מלא 12*500גרם,גרמים,500.00,100 גרם,false,1,17.90,3.5800,true,1,130518
7290001407813,false,בארכה חלבה שאמית פיס,HIQ FOOD PRODUCTS,IL,בארכה חלבה שאמית וניל עם פסטק.כלפ8*350ג,גרמים,350.00,100 גרם,false,1,15.90,4.5429,true,1,130605
7290001407844,false,חלבה קלאסית וניל,HIQ FOOD PRODUCTS,IL,בארכה חלבה קלאסית וניל 350 גרם,גרמים,350.00,100 גרם,false,1,15.90,4.5429,true,1,130608
7290001407936,false,טחינה מעודנת בארכה,רושדי תעשיות מזון בע,IL,בארכה טחינה מעודנת 12*310גרם,גרמים,310.00,100 גרם,false,1,13.90,4.4839,true,1,202612
7290001419618,false,ופלים בלגי שוקולד על,גילרו,,ופלים בלגי שוקולד עלמה 200 גרם,גרמים,200.00,100 גרם,false,1,3.90,1.9500,true,1,159956
7290001419779,false,ופלים שוקולד עלמה 20,"גילרו בע""מ",,ופלים שוקולד עלמה 200 גרם,גרמים,200.00,100 גרם,false,1,3.90,1.9500,true,1,129211
7290001419793,false,גביעי גלידה מגולגלים,"גילרו בע""מ",,גביעי גלידה מגולגלים 12 יח,גרמים,132.00,100 גרם,false,1,11.90,9.0152,true,1,140606
7290001419892,false,ופלים לימון עלמה 200,"גילרו בע""מ",,ופלים לימון עלמה 200 גרם,גרמים,200.00,100 גרם,false,1,3.90,1.9500,true,1,141884
7290001476208,false,גבינה ברי משולש כבשי,יושלם,,"גבינה ברי משולש כבשים פקאן 1 ק""ג גד",קילוגרמים,1.00,"ק""ג",true,,150.00,150.0000,true,1,100628
7290001482186,false,אננס חתוך567 גר    .,הנסיך- מפעל לייצור ט,TH,ויליפוד חתיכות אננס בסירופ קל 565 גרם,גרמים,567.00,100 גרם,false,1,5.90,1.0406,true,1,200649
7290001491010,false,תה ירוק יסמין 25 שקי,HIQ FOOD PRODUCTS,IL,תה ירוק עם יסמין T.T,גרמים,37.00,100 גרם,false,1,25.90,70.0000,true,1,100668
7290001509340,false,כרעיים מקוצב פרימיום,מילועוף,,"כרעיים מקוצב פרימיום קפוא ארוז לק""ג",קילוגרמים,1.00,"ק""ג",true,,34.90,34.9000,true,1,219229
7290001516065,false,חזה עוף פרוס דק טרי,מילועוף,IL,חזה עוף פרוס דק טרי ארוז,קילוגרמים,1.00,"ק""ג",true,,44.90,44.9000,true,1,212106
7290001567760,false,פסטרמה של פעם ללא חו,פ.פ.ח. שאביט,IL,יחיעם פסטרמה של פעם 300 גרם,גרמים,300.00,100 גרם,false,1,25.90,8.6333,true,1,202714
7290001567791,false,פסטרמה בסגנון רומני,פ.פ.ח. שאביט,IL,פסט' בסגנון רומני 250ג',גרמים,250.00,100 גרם,false,1,25.90,10.3600,true,1,206911
7290001567814,false,סלמי מעושן איטלקי 30,פ.פ.ח. שאביט,IL,יחיעם סלמי מעושן בסגנון איטלקי 300 גרם,גרמים,300.00,100 גרם,false,1,22.90,7.6333,true,1,202717
7290001589342,false,דוחה יתושים אלתוש,סאסא קוסמטיקס,IL,ספירה אלתוש דוחה יתושים כדורי,מיליליטרים,70.00,"100 מ""ל",false,1,12.90,18.4286,true,1,114533
7290001594155,false,קוקה קולה בקבוק 500,"אינסטנטה בע""מ",IL,"קוקה קולה 500 מ""ל",מיליליטרים,500.00,"100 מ""ל",false,1,7.50,1.5000,true,1,100755
7290001594179,false,פאנטה אורנג בקבוק 50,"אינסטנטה בע""מ",IL,"פאנטה אורנג' 500 מ""ל",מיליליטרים,500.00,"100 מ""ל",false,1,7.50,1.5000,true,1,100757
7290001594230,false,"סודה קינלי 250 מ""ל",החברה המרכזית לייצור,IL,"קינלי סודה 250 מ""ל",מיליליטרים,250.00,"100 מ""ל",false,1,5.90,2.3600,true,1,100760
7290001594377,false,משקל פריגת תפוזים 50,מולינו ניקולי s.p.a,IL,פריגת משקה קל תפוזים 500 מל,מיליליטרים,500.00,"100 מ""ל",false,1,7.90,1.5800,true,1,100761
7290001594384,false,משקל פריגת אשכוליות,מולינו ניקולי s.p.a,IL,"פריגת משק""ל אשכוליות 0.5 ליטר",מיליליטרים,500.00,"100 מ""ל",false,1,7.90,1.5800,true,1,100762
7290001594391,false,משקל פריגת ענבים 500,מבשלות בירה בינלאומי,IL,"משקל פריגת ענבים 500 מ""ל",מיליליטרים,500.00,"100 מ""ל",false,1,7.90,1.5800,true,1,100763
7290001594575,false,בירה טובורג פחית 500,מולינו ניקולי s.p.a,IL,"טובורג רד פחית 500 מ""ל",מיליליטרים,500.00,"100 מ""ל",false,1,9.90,1.9800,true,1,100767
7290001670057,false,כפיות חד פעמי 100 יח,"איטיליאן פוד, אס.פי.",IL,הנמל כפיות לבן  100 יחידות,Unknown,0.00,Unknown,false,1,12.90,0.0000,true,1,114040
7290001670071,false,כפות חד פעמי 100 יחי,"איטיליאן פוד, אס.פי.",IL,הנמל כפות לבן 100 יחידות,Unknown,0.00,Unknown,false,1,15.90,0.0000,true,1,110270
7290001670873,false,צלחות עבות במיוחד 66,"איטיליאן פוד, אס.פי.",IL,צלחות עבות במיוחד 66 יחידות,קילוגרמים,1.00,"ק""ג",false,1,54.90,54.9000,true,1,110271
7290001710548,false,כנפיים עוף קפוא לקג,לאטי עזרא,,כנפיים עוף קפוא לקג,קילוגרמים,1.00,"ק""ג",true,,12.90,12.9000,true,1,174641
7290001710623,false,צלי כתף עגל חצוי,מעדני הטלה והעגל,,צלי כתף עגל חצוי קג,קילוגרמים,1.00,"ק""ג",true,,65.90,65.9000,true,1,162625
7290001710661,false,חזה עוף קפוא,מעדני הטלה והעגל,,חזה עוף קפוא קג,קילוגרמים,1.00,"ק""ג",true,,34.90,34.9000,true,1,174642
7290001710814,false,טחון בקר 500 גר,מעדני הטלה,,"טחון בקר 500 גר                        """,גרמים,500.00,100 גרם,false,1,26.90,5.3800,true,1,170512
7290001710869,false,"שניצל עוף קפוא לק""ג",לאטי עזרא,,"שניצל עוף קפוא לק""ג",קילוגרמים,1.00,"ק""ג",true,,47.00,47.0000,true,1,176978
7290001713020,false,עלמה שקיות אשפה 25 י,אסיר פלסט,TR,עלמה שקיות אשפה 25 יחידות 75 85,יחידה,25.00,יחידה,false,1,7.90,0.3160,true,1,233011
7290001713150,false,אקונומיקה קצף לניקוי,קומפלקס כימיקלים,IL,אקונומיקה קצף לניקוי לימון סנט מוריץ 1 ל,ליטרים,1.00,ליטר,false,1,12.90,12.9000,true,1,233013
7290001713167,false,קצף לניקוי 1 ליטר,קומפלקס כימיקלים,IL,קצף לניקוי 1 ליטר,ליטרים,1.00,ליטר,false,1,12.90,12.9000,true,1,233014
7290001713242,false,עלמה שקיות אשפה 25 י,אסיר פלסט,TR,עלמה שקיות אשפה 25 יחידות 75 90 עם ידית,יחידה,25.00,יחידה,false,1,12.90,0.5160,true,1,233018
7290001713464,false,עלמה שקיות אשפה 100,קומפלקס כימיקלים,IL,עלמה שקיות אשפה 100 יחידות 52 65 עם שרוך,יחידה,100.00,יחידה,false,1,21.90,0.2190,true,1,233709
7290001713501,false,עלמה רדיד אלומיניום,קומפלקס כימיקלים,IL,עלמה רדיד אלומיניום עלמה עבה 45 סמ 50 מ,יחידה,1.00,יחידה,false,1,38.90,38.9000,true,1,233229
7290001713662,false,מרכך כביסה מרוכז בני,טרסאן,TR,מרכך כביסה מרוכז בניחוח בית מלון רויאל 1,ליטרים,1.00,ליטר,false,1,11.90,11.9000,true,1,233022
7290001713785,false,מרכך כביסה פיור בייב,טרסאן,TR,מרכך כביסה פיור בייבי כחול  1 ליטר,ליטרים,1.00,ליטר,false,1,11.90,11.9000,true,1,233023
7290001713815,false,מרכך כביסה מרוכז בני,טרסאן,TR,מרכך כביסה מרוכז בניחוח בית מלון מפנק 1,ליטרים,1.00,ליטר,false,1,11.90,11.9000,true,1,233024
7290001713860,false,מרכך כביסה מרוכז בני,טרסאן,TR,מרכך כביסה מרוכז בניחוח בית מלון ספא 1 ל,ליטרים,1.00,ליטר,false,1,11.90,11.9000,true,1,233025
7290001713891,false,עלמה מיקרופייבר לניק,קומפלקס כימיקלים,CN,עלמה מיקרופייבר לניקוי שיש חמישייה,יחידה,5.00,יחידה,false,1,9.90,1.9800,true,1,233027
7290001713921,false,אקונומיקה מבושמת סנט,קומפלקס כימיקלים,IL,אקונומיקה מבושמת סנט מוריץ 4 ליטר,ליטרים,4.00,ליטר,false,1,11.90,2.9750,true,1,233029
7290001713938,false,עלמה ניילון נצמד 150,קומפלקס כימיקלים,IL,עלמה ניילון נצמד 150 מטר,מטרים,150.00,מטר,false,1,18.90,0.1260,true,1,233230
7290001723357,false,מוצץ סילי אורטודנטי,הדקלאים אגודת שיתופי,DE,טוליפס 2 מוצצי סיליקון אורטודנטי בינוני עם ידיות,Unknown,0.00,Unknown,false,1,25.90,0.0000,true,1,212366
7290001723364,false,מוצץ סילי אורטודנטי,,,מוצץ סילי אורטודנטי ידית קצר,Unknown,0.00,Unknown,false,1,26.90,0.0000,true,1,113290
7290001739419,false,כד חלב פלסטיק,מרקט ואליו,,כד חלב פלסטיק,Unknown,0.00,Unknown,false,1,7.90,0.0000,true,1,134939
7290001780800,false,שלגון קראנץ ליבת נוג,נגה גלידות,,שלגון קראנץ ליבת נוגט,Unknown,0.00,Unknown,false,1,10.50,0.0000,true,1,116891
7290001791349,false,אקונומיקה ריחנית פיס,"איי, בי, אינבוו",IL,אקונומיקה ריחנית פיסגה 4 ליטר,ליטרים,4.00,ליטר,false,1,10.90,2.7250,true,1,134461
7290001817728,false,חטיף ציטוס כאפה,"שטראוס פריטו ליי בע""",IL,"חטיף צ""יטוס כאפה 55 גר",גרמים,55.00,100 גרם,false,1,3.50,6.3636,true,1,100922
7290001865453,false,פמילי אלסבון נוזלי ל,מיוצר עי קונדיטוריית,TR,פמילי אל סבון נוזלי לבנדר ארומטי 1 ליטר,ליטרים,1.00,ליטר,false,1,14.90,14.9000,true,1,100962
7290001873441,false,בלאק אנגוס בורגר,מולינו ניקולי s.p.a,IL,המבורגר BLACK ANGUS 320 גרם,גרמים,320.00,100 גרם,false,1,29.90,9.3437,true,1,219422
7290001902776,false,לחמנית בריאות,"גידרון תעשיות בע""מ",,לחמנית בריאות,גרמים,150.00,100 גרם,false,1,3.90,2.6000,true,1,111700
7290001990094,false,סוכר חום בצנצנת סוגת,האי נאם סי או אל.טי.,IL,"סוכר חום בצנצנת סוגת 1 ק""ג",קילוגרמים,1.00,"ק""ג",false,1,15.90,15.9000,true,1,113235
7290001990117,false,שומשום סוגת 100 גרם,האי נאם סי או אל.טי.,IL,שומשום 100 גר',גרמים,100.00,100 גרם,false,1,4.20,4.2000,true,1,134214
7290001990148,false,סוכר גולדן קלאסי סוג,האי נאם סי או אל.טי.,IL,סוכר גולדן קלאסי צנצנת 1 קג,קילוגרמים,1.00,"ק""ג",false,1,11.50,11.5000,true,1,113332
7290001990278,false,שעועית לבנה 1 קג,סוגת,,שעועית לבנה 1 קג,קילוגרמים,1.00,"ק""ג",false,1,18.90,18.9000,true,1,229711
7290002000266,false,שעווה למיקרו התפוח,המאפיה של הרמן,IL,מגע המשי התפוח- שעווה לחימום במיקרוגל 500 גרם,גרמים,500.00,100 גרם,false,1,21.70,4.3400,true,1,101110
7290002002611,false,שעווה קרה מגע המשי,"ש. שוורץ (ב""ש) בע""מ",IL,שעווה קרה מגע משי הדבש,גרמים,500.00,100 גרם,false,1,19.90,3.9800,true,1,101124
7290002002857,false,נייר להסרת שיער50 יח,"איטיליאן פוד, אס.פי.",IL,נייר מגע המשי להסרת שיער 50 יח,יחידה,1.00,יחידה,false,1,21.90,21.9000,true,1,101128
7290002007234,false,אבקת סוכר הנמל 100 ג,"מיוצר וארוז ע""י: ר.ס",IL,הנמל אבקת סוכר 100 גרם,גרמים,100.00,100 גרם,false,1,2.20,2.2000,true,1,101136
7290002007241,false,אבקת סודה לשתיה 50 ג,"מיוצר וארוז ע""י: BAS",IL,סודה לשתייה 50גרם הנמל,גרמים,50.00,100 גרם,false,1,2.00,4.0000,true,1,101137
7290002007500,false,קסמים חבית 500 יחידו,"איטיליאן פוד, אס.פי.",IL,קסמים חבית 500 יחידות,לא מנהל יחידת מידה,0.00,לא מנהל יחידת מידה,false,1,4.90,0.0000,true,1,101144
7290002007821,false,"צבע מאכל אדום 55 מ""ל",ממתקי עלה ייצור שיוו,IL,"צבע מאכל אדום 55 מ""ל",מיליליטרים,55.00,"100 מ""ל",false,1,3.90,7.0909,true,1,113168
7290002007852,false,תמצית אפיה וניל 55 מ,ממתקי עלה יצור ושיוו,IL,הנמל תמצית בטעם וניל 55 מל,מיליליטרים,55.00,"100 מ""ל",false,1,3.50,6.3636,true,1,101146
7290002007890,false,כוסות חד פעמי 100 יח,,IL,כוס שתיה קרה 100 יח,יחידה,100.00,יחידה,false,1,11.90,0.1190,true,1,101148
7290002007982,false,מזלגות חד פעמי 100 י,"איטיליאן פוד, אס.פי.",IL,"הנמל מזלגות, 100 יחידות",Unknown,0.00,Unknown,false,1,15.90,0.0000,true,1,110279
7290002008019,false,סוכריות לעוגה גמבו ש,ממתקי עלה יצור ושיוו,IL,הנמל סוכריות לקישוט שוקולד 200 גרם,גרמים,200.00,100 גרם,false,1,9.50,4.7500,true,1,120264
7290002008040,false,"שיפודי עץ 30 ס""מ",הנמל אריזות ושיווק ב,IL,הנמל שיפודי במבוק 100 יחידות,Unknown,0.00,Unknown,false,1,4.50,0.0000,true,1,101150
7290002008057,false,"תמצית אפיה רום 55 מ""",ממתקי עלה יצור שיווק,IL,הנמל תמצית אפייה בטעם רום 55 מל,מיליליטרים,55.00,"100 מ""ל",false,1,3.90,7.0909,true,1,101151
7290002008071,false,גביעי נייר מס 1.5 הנ,הנמל אריזות ושיווק ב,IL,הנמל עטרות נייר אפייה מספר 2 130 יחידות,לא מנהל יחידת מידה,0.00,לא מנהל יחידת מידה,false,1,4.90,0.0000,true,1,101152
7290002008149,false,מדליק פחם מוצק,"איטיליאן פוד, אס.פי.",,"הנמל מדליק פחם מוצק, 40 יחידות",Unknown,0.00,Unknown,false,1,7.90,0.0000,true,1,101154
7290002008187,false,קשים מתקפלים לשתיה 4,"איטיליאן פוד, אס.פי.",CN,קשים מתקפלים לשתיה 40 יח,לא מנהל יחידת מידה,0.00,לא מנהל יחידת מידה,false,1,1.90,0.0000,true,1,101155
7290002008224,false,סוכריות לקישוט צבעונ,ממתקי עלה בעמ,IL,סוכריות לקישוט צבעוני 100 גרם,גרמים,100.00,100 גרם,false,1,5.50,5.5000,true,1,101157
7290002008309,false,גביעי נייר מס 4 הנמל,"איטיליאן פוד, אס.פי.",IL,"הנמל עטרות נייר אפייה מספר 4 , 130 יח'",לא מנהל יחידת מידה,0.00,לא מנהל יחידת מידה,false,1,5.90,0.0000,true,1,101159
7290002008507,false,נייר אפיה הנמל 50 יח,"איטיליאן פוד, אס.פי.",IL,הנמל נייר אפייה 50 יח',לא מנהל יחידת מידה,0.00,לא מנהל יחידת מידה,false,1,10.90,0.0000,true,1,113334
7290002008743,false,סוכר וניל הנמל 1/10,"מיוצר וארוז ע""י: ר.ס",IL,הנמל סוכר וניל 10 יחידות,גרמים,100.00,100 גרם,false,1,3.00,3.0000,true,1,101165
7290002008750,false,אבקת אפיה הנמל  1/10,"מיוצר ע""י:ר.ס. חברה",IL,הנמל אבקת אפיה 10 יחידות,גרמים,100.00,100 גרם,false,1,2.90,2.9000,true,1,101166
7290002008774,false,שומשום הנמל 200 גרם,הנמל אריזות ושיווק ב,IL,הנמל שומשום 200 גרם,גרמים,200.00,100 גרם,false,1,6.50,3.2500,true,1,166190
7290002020189,false,מיני סופגניה עם מילו,"גידרון תעשיות בע""מ",,מיני סופגניה עם מילוי ריבה 40 גרם,גרמים,40.00,100 גרם,false,1,2.90,7.2500,true,1,142137
7290002020493,false,שבלול פילו תרד,"גידרון תעשיות בע""מ",,שבלול פילו תרד,קילוגרמים,1.00,"ק""ג",true,,49.90,49.9000,true,1,154084
7290002022152,false,מרשמלו כרמית 100 גרם,מנדלז סי.אר. פרודקשן,IL,מרשמלו ורוד לבן וסטהיים 100ג36X שקיות בקרטון,גרמים,100.00,100 גרם,false,1,4.90,4.9000,true,1,215201
7290002022923,false,סוכריות לקקנים תות,דורקן סקרלמה סאן. וי,TR,סוכריות על מקל בטעם תות,גרמים,450.00,100 גרם,false,1,17.90,3.9778,true,1,213500
7290002026303,false,גלידה שורטי דולצה דה,מוצרי איכות אמריקאיי,IL,"דולצ'ה דה לצ'ה 150 מ""ל - שורטי",מיליליטרים,150.00,"100 מ""ל",false,1,10.90,7.2667,true,1,101210
7290002026372,false,טילון בצק עוגיות בן,המאפיה של הרמן,IL,טילון בצק עוגיות בן & גריס 100 גרם,גרמים,100.00,100 גרם,false,1,11.90,11.9000,true,1,208917
7290002037309,false,לחמניות המבורגר 1/6,יוליניבר,IL,8 לחמניות המבורגר,גרמים,300.00,100 גרם,false,1,13.90,4.6333,true,1,101229
7290002037637,false,לחמניות הבית    1/4,סטאר סנקס,IL,לחמניות הבית של ודש 4 בשקית,גרמים,350.00,100 גרם,false,1,13.90,3.9714,true,1,101238
7290002057017,false,זיתים נובו ענק 540ג,קדבורי,IL,"קבוצת יבנה, זיתים ירוקים נובו ענק",גרמים,540.00,100 גרם,false,1,10.90,2.0185,true,1,211632
7290002057048,false,זית סורי מבוקע - A2י,קדבורי,IL,זית סורי מבוקע - A2יבנה ח,גרמים,540.00,100 גרם,false,1,11.50,2.1296,true,1,101287
7290002057123,false,זיתים ירוקים מנזנילו,קדבורי,IL,זיתים ירוקים מנזנילו ללא גלעין 540 יבנה,גרמים,540.00,100 גרם,false,1,9.50,1.7593,true,1,101291
7290002057185,false,טבעות זיתים ירוקים 5,קדבורי,IL,טבעות זיתים ירוקים 540 גרם יבנה,גרמים,540.00,100 גרם,false,1,9.90,1.8333,true,1,101294
7290002057352,false,מלפפונים במלח גדול 7,אף.סי תבליני בגליל ב,IL,קבוצת יבנה מלפפונים גדולים במלח 560 גרם,גרמים,540.00,100 גרם,false,1,6.80,1.2593,true,1,101298
7290002057369,false,מלפפונים במלח יבנה10,קדבורי,IL,מלפפונים במלח יבנה10-12 540 גרם,גרמים,540.00,100 גרם,false,1,8.50,1.5741,true,1,101299
7290002057376,false,מלפפונים במלח קטן 13,קדבורי,IL,13-17 מלפפונים במלח קטן,גרמים,540.00,100 גרם,false,1,10.90,2.0185,true,1,101300
7290002057383,false,מלפפונים במלח קטן 18,קדבורי,IL,מלפפונים במלח קטן 18-25 540 גרם,גרמים,540.00,100 גרם,false,1,12.30,2.2778,true,1,101301
7290002057437,false,2Aשיפקונית יבנה 540ג,קבוצת יבנה,IL,2Aשיפקונית יבנה 540גרם,גרמים,540.00,100 גרם,false,1,10.90,2.0185,true,1,229726
7290002057451,false,מלפפונים בחומץ גדול,אף.סי תבליני בגליל ב,IL,קבוצת יבנה מלפפונים גדולים בחומץ 7-9 גדול 560 גרם,גרמים,540.00,100 גרם,false,1,6.80,1.2593,true,1,101303
7290002057468,false,מלפפונים בחומץ יבנה1,קדבורי,IL,מלפפונים בחומץ יבנה10-12 540 גרם,גרמים,540.00,100 גרם,false,1,8.50,1.5741,true,1,112378
7290002057475,false,מלפפון קטן בחומץ 13-,קדבורי,IL,מלפפון קטן בחומץ 13-17 540גרם יבנה,גרמים,540.00,100 גרם,false,1,10.90,2.0185,true,1,112389
7290002057482,false,מלפפון בחומץA2 18-2,קדבורי,IL,מלפפון קטן בחומץ 18-25 יבנה 540גרם,גרמים,540.00,100 גרם,false,1,11.90,2.2037,true,1,112528
7290002079033,false,לחם דגנים לייט,הנסיך- מפעל לייצור ט,IL,לחם דגנים לייט,גרמים,500.00,100 גרם,false,1,13.90,2.7800,true,1,101376
7290002079156,false,פיתה            1/5,מאפיית דוידוביץ,,פיתה                                1/5,יחידה,1.00,יחידה,false,1,5.00,5.0000,true,1,112329
7290002079316,false,חלה מעודנת פרוסה,מאפית דוידוביץ ובניו,IL,דוידוביץ חלה מעודנת פרוסה 500 גרם,גרמים,500.00,100 גרם,false,1,9.80,1.9600,true,1,112331
7290002079477,false,לחם אחיד פרוס*,מאפיית דוידוביץ ובני,IL,דוידוביץ לחם אחיד פרוס 750 גרם,גרמים,750.00,100 גרם,false,1,7.11,0.9480,true,1,112333
7290002079590,false,חלה רגילה**,מאפיית דוידוביץ,,חלה רגילה**,גרמים,0.00,100 גרם,false,1,5.17,0.0000,true,1,112337
7290002079613,false,חלה קלועה פרג,,,חלה קלועה פרג 500 גר                   .,גרמים,500.00,100 גרם,false,1,12.50,2.5000,true,1,112338
7290002079682,false,לחמניה שמניה/בייגלה,מאפיית דוידוביץ,,לחמניה שמניה/בייגלה 120 גר,גרמים,120.00,100 גרם,false,1,3.50,2.9167,true,1,112340
7290002079927,false,לחם דגנים מלא,מאפיית דוידוביץ,IL,מאפיית דוידוביץ לחם דגנים מלא 750 גרם,גרמים,750.00,100 גרם,false,1,13.90,1.8533,true,1,161065
7290002079996,false,לחם אחיד קל פרוס,הנסיך- מפעל לייצור ט,IL,מאפית דוידוביץ לחם אחיד קל 750 גרם,גרמים,750.00,100 גרם,false,1,12.90,1.7200,true,1,101380
7290002118299,false,צמרונים לתינוק,עוזי אקספורט,,צמרונים לתינוק,יחידה,1.00,יחידה,false,1,10.99,10.9900,true,1,159535
7290002128083,false,נרות חנוכה בקופסא 44,,,נרות חנוכה בקופסא 44 יחידות,יחידה,1.00,יחידה,false,1,5.90,5.9000,true,1,209149
7290002128205,false,נרות חנוכה לוקס,,,נרות חנוכה לוקס,יחידה,1.00,יחידה,false,1,11.90,11.9000,true,1,116175
7290002128335,false,כוסות שתייה חמה50 יח,טיי פרידה,CN,כוסות שתייה חמה50 יח OZ8,יחידה,1.00,יחידה,false,1,13.90,13.9000,true,1,220013
7290002128403,false,נרות שבת אורה מספר 4,מנורה,IL,נרות שבת אורה מספר 4,יחידה,1.00,יחידה,false,1,3.90,3.9000,true,1,202753
7290002128434,false,נרות שבת אורה מספר 1,מנורה,IL,נרות שבת אורה מספר 10,יחידה,1.00,יחידה,false,1,3.90,3.9000,true,1,160213
7290002128854,false,כוסות לשתיה חמה (12,טיי פרידה,IL,"כוסות לשתיה חמה (12 יח) 340 מ""ל",יחידה,1.00,יחידה,false,1,21.90,21.9000,true,1,220684
7290002130567,false,דבש דבורים טהור יד מ,תות תעשיות מזון (201,IL,דבש טהור 350 גרם,גרמים,350.00,100 גרם,false,1,19.90,5.6857,true,1,101467
7290002130574,false,דבש דבורים טהור 500,תות תעשיות מזון (201,IL,דבש טהור 500 גרם,גרמים,500.00,100 גרם,false,1,26.60,5.3200,true,1,101468
7290002132011,false,עוגיות מזרחיות עבאדי,קריניציה ויטמינה אס,IL,"עבאדי עוגיות מזרחיות שומשום, 400 גרם",גרמים,400.00,100 גרם,false,1,19.90,4.9750,true,1,101471
7290002157830,false,קוביות גולש  100% בש,טיבון ויל - נטו,IL,קוביות גולש  100% בשר 800 גרם,גרמים,800.00,100 גרם,false,1,39.90,4.9875,true,1,207025
7290002253006,false,שום כתוש דורות בצנצנ,,IL,דורות שום כתוש טרי2 12*200גרם,גרמים,200.00,100 גרם,false,1,19.90,9.9500,true,1,101639
7290002253105,false,שום כתוש מגשית 80 גר,דורות,IL,שום כתוש מגשית 80 גרם,גרמים,80.00,100 גרם,false,1,12.90,16.1250,true,1,101640
7290002259640,false,"דיימונד 084- 7.50 מ""",ריינולדס מוצרי צריכה,CN,"רדיד אלומיניום עבה במיוחד לבישול,אפייה והקפאה.",מטרים,760.00,מטר,false,1,9.90,0.0130,true,1,114026
7290002281382,false,נתח פילה סלמון קפוא,דלידג,,נתח פילה סלמון קפוא 100% דג,קילוגרמים,1.00,"ק""ג",true,,89.90,89.9000,true,1,213254
7290002281498,false,ריץ מגורדת 500 ג בסי,האי נאם סי או אל.טי.,PL,"ריץ', צהובה מגורדת, לפיצה, אפייה ובישול ועוד",גרמים,500.00,100 גרם,false,1,24.90,4.9800,true,1,214692
7290002317081,false,זיתים ירוקים נטולי ג,מוטולה,IL,זיתים ירוקים נטולי גלעין +20% A2 מוטולה,גרמים,330.00,100 גרם,false,1,9.90,3.0000,true,1,156137
7290002317128,false,מלפפון במלח 10-12 A2,מוטולה,IL,מלפפון במלח 10-12 A2  מוטולה 320 גרם,גרמים,320.00,100 גרם,false,1,9.90,3.0938,true,1,234295
7290002317135,false,מלפפון במלח 13-17 A2,מוטולה,IL,מלפפון במלח 13-17 A2 מוטולה  320  גרם,גרמים,320.00,100 גרם,false,1,9.90,3.0938,true,1,234294
7290002317265,false,מלפפון במלח +20%מוטו,מוטולה,IL,מלפפון במלח +20%מוטולה 7-9  380A2גרם,גרמים,380.00,100 גרם,false,1,7.90,2.0789,true,1,156025
7290002317289,false,חצילים כבושים  מוטול,מוטולה,IL,חצילים כבושים  מוטולה  320גרם,גרמים,320.00,100 גרם,false,1,8.90,2.7813,true,1,234298
7290002317579,false,זיתים טבעות ירוק A2,מוטולה,IL,זיתים טבעות ירוק A2 מוטולה 560גרם,גרמים,560.00,100 גרם,false,1,9.90,1.7679,true,1,234292
7290002317609,false,כרוב כבוש A2 מוטולה,מוטולה,IL,כרוב כבוש A2 מוטולה  560 גרם,גרמים,560.00,100 גרם,false,1,8.90,1.5893,true,1,234291
7290002331025,false,מים נביעות ספורט בקב,נביעות טבע הגליל בעמ,IL,נביעות 500 TO GO פקדון,מיליליטרים,500.00,"100 מ""ל",false,1,3.90,0.7800,true,1,101778
7290002331094,false,מים נביעות TO-GO בקב,נביעות טבע הגליל בעמ,IL,"מים נביעות TO-GO בקבוק 755 מ""ל",מיליליטרים,755.00,"100 מ""ל",false,1,4.90,0.6490,true,1,101779
7290002331124,false,מי נביעות +בטעם תפוח,תות תעשיות מזון (201,IL,נביעות+ בטעם תפוח 500 מל,מיליליטרים,500.00,"100 מ""ל",false,1,8.90,1.7800,true,1,125790
7290002331155,false,מי נביעות + בטעם אפר,תות תעשיות מזון (201,IL,"נביעות + בטעם אפרסק 500 מ""ל",מיליליטרים,500.00,"100 מ""ל",false,1,8.90,1.7800,true,1,125791
7290002331483,false,מים נביעות בייבי שיש,תות תעשיות מזון (201,IL,נביעות בייבי מים מינרליים טבעיים 1.92 ליטר,ליטרים,1.92,ליטר,false,1,13.90,7.2396,true,1,187015
7290002331490,false,מים נביעות בקבוק 1 ל,תות תעשיות מזון (201,IL,נביעות 1 ליטר,ליטרים,1.00,ליטר,false,1,4.90,4.9000,true,1,189273
7290002331711,false,מי נביעות +בטעם ענבי,תות תעשיות מזון (201,IL,"נביעות + בטעם ענבים 500 מ""ל",מיליליטרים,500.00,"100 מ""ל",false,1,8.90,1.7800,true,1,135492
7290002345015,false,סינטה דק דק,קרלו,IL,סינטה דק דק אלגאוצו,גרמים,250.00,100 גרם,false,1,26.90,10.7600,true,1,206939
7290002345022,false,אנטריקוט דקדק,קרלו,IL,אל גאוצ'ו מינוט סטייק אנטריקוטדקדק 250 גרם,גרמים,250.00,100 גרם,false,1,26.90,10.7600,true,1,206940
7290002345121,false,אסאדו דקדק אל גאוצו,טיבון ויל - נטו,IL,אסאדו דקדק אל גאוצו 250גרם,גרמים,250.00,100 גרם,false,1,27.90,11.1600,true,1,228166
7290002345282,false,נתחי פילה סלמון נורו,דלידג,,נתחי פילה סלמון נורווגי קפוא 100% דג,קילוגרמים,1.00,"ק""ג",true,,89.90,89.9000,true,1,207253
7290002353836,false,סרדין רוברט בשמן זית,כצט,PT,סרדינים בשמן זית רוברט 115 גרם,גרמים,115.00,100 גרם,false,1,8.90,7.7391,true,1,101822
7290002360124,false,חליטה ורד הבר,"איטיליאן פוד, אס.פי.",DE,פומפדור חליטת צמחים ורד הבר והיביסקוס 20 יחידות,גרמים,70.00,100 גרם,false,1,16.90,24.1429,true,1,116136
7290002360155,false,תה פומפדור חליטה שומ,"איטיליאן פוד, אס.פי.",DE,פומפדור חליטת צמחים שומר 20 יחידות,גרמים,40.00,100 גרם,false,1,16.90,42.2500,true,1,114297
7290002360285,false,תה פומפדור צמחים קמו,"איטיליאן פוד, אס.פי.",DE,פומפדור חליטת צמחים קמומיל 20 יחידות,גרמים,30.00,100 גרם,false,1,16.90,56.3333,true,1,101860
7290002371533,false,סלסולי פסטרמה דבש 12,הנסיך- מפעל לייצור ט,IL,סלסולי פסטרמה דבש 120 גרם,גרמים,120.00,100 גרם,false,1,15.90,13.2500,true,1,186932
7290002371540,false,קורנדביף 120 גרם,הנסיך- מפעל לייצור ט,IL,טירת צבי דקניקים קורנדביף 120 גרם,גרמים,120.00,100 גרם,false,1,15.90,13.2500,true,1,186855
7290002371854,false,נקניקיות חריפות,הנסיך- מפעל לייצור ט,IL,נקנקיות עוף חריפות1ק''ג,קילוגרמים,1.00,"ק""ג",false,1,33.90,33.9000,true,1,140904
7290002385738,false,משולשי מנצגו,יושלם,,"גבינה משולשי מנצגו לק""ג גד",קילוגרמים,1.00,"ק""ג",true,,165.00,165.0000,true,1,182220
7290002385745,false,משולשי פיקורינו,יושלם,,"גבינה משולשי פיקורינו לק""ג גד",קילוגרמים,1.00,"ק""ג",true,,165.00,165.0000,true,1,175817
7290002390046,false,לחם אחיד פרוס,מאפ מרחבית,,לחם אחיד פרוס 750 גר                   .,גרמים,750.00,100 גרם,false,1,7.11,0.9480,true,1,111520
7290002390077,false,חלה רגילה,מאפ מרחבית,,חלה רגילה 500 גר                       .,Unknown,0.00,Unknown,false,1,5.17,0.0000,true,1,111521
7290002390220,false,לחמניה 75 גר,לחמנו,,לחמניה 75 גר,גרמים,75.00,100 גרם,false,1,1.20,1.6000,true,1,111523
7290002410072,false,בצק עלים חמסי,מעדני הטלה,,בצק עלים חמסי,לא מנהל יחידת מידה,0.00,לא מנהל יחידת מידה,false,1,16.90,0.0000,true,1,198908
7290002461180,false,כרעיים עוף ארוז,מעדני הטלה והעגל,,כרעיים עוף ארוז קג,קילוגרמים,1.00,"ק""ג",true,,32.90,32.9000,true,1,174643
7290002472094,false,עוגת קרם שניט,"גידרון תעשיות בע""מ",,עוגת קרם שניט,גרמים,600.00,100 גרם,false,1,39.90,6.6500,true,1,111984
7290002472148,false,עוגת בלק פורסט,"גידרון תעשיות בע""מ",,עוגת בלק פורסט,גרמים,600.00,100 גרם,false,1,39.90,6.6500,true,1,111986
7290002472186,false,מאפין שוקו ציפס 550ג,"גידרון תעשיות בע""מ",,מאפין שוקו ציפס 550גר-גדרון,גרמים,560.00,100 גרם,false,1,24.90,4.4464,true,1,110447
7290002472223,false,עוגת מאפין תפוז,"גידרון תעשיות בע""מ",,עוגת מאפין תפוז,גרמים,560.00,100 גרם,false,1,14.90,2.6607,true,1,111989
7290002472254,false,מאפין אגוזים 550גר-ג,"גידרון תעשיות בע""מ",,מאפין אגוזים 550גר-גדרון,גרמים,560.00,100 גרם,false,1,14.90,2.6607,true,1,110452
7290002472261,false,"מאפין תפו""ע 550גר-גד","גידרון תעשיות בע""מ",,מאפין תפוע 550גר-גדרון,גרמים,560.00,100 גרם,false,1,14.90,2.6607,true,1,110450
7290002472629,false,עוגת שמרים ושוקולד,"גידרון תעשיות בע""מ",,עוגת שמרים ושוקולד,גרמים,540.00,100 גרם,false,1,14.90,2.7593,true,1,111707
7290002472636,false,עוגת שמרים תפוח עץ,"גידרון תעשיות בע""מ",,עוגת שמרים תפוח עץ,גרמים,520.00,100 גרם,false,1,21.90,4.2115,true,1,111701
7290002472667,false,עוגת שמרים גבינה,"גידרון תעשיות בע""מ",,עוגת שמרים גבינה,גרמים,520.00,100 גרם,false,1,21.90,4.2115,true,1,111706
7290002485025,false,חומוס מסעדות 500 גרם,"סלטי שמיר 2006 בע""מ",,חומוס מסעדות 500 גרם,גרמים,500.00,100 גרם,false,1,16.90,3.3800,true,1,132291
7290002485049,false,חומוס מסבחה 500 גרם,"סלטי שמיר 2006 בע""מ",,חומוס מסבחה 500 גרם,גרמים,500.00,100 גרם,false,1,16.90,3.3800,true,1,130773
7290002485063,false,חומוס אבו גוש 500 גר,"סלטי שמיר 2006 בע""מ",,חומוס אבו גוש 500 גרם,גרמים,500.00,100 גרם,false,1,16.90,3.3800,true,1,130732
7290002507284,false,שניצל דג מצופה 700 ג,האי נאם סי או אל.טי.,IL,"דלידג - שניצל דג מצופה, מפילה מרלוזה וקרפיון",גרמים,700.00,100 גרם,false,1,27.90,3.9857,true,1,207244
7290002507604,false,פיצת השף שגב 320גרם,האי נאם סי או אל.טי.,IT,פיצת השף שגב 320גרם,יחידה,1.00,יחידה,false,1,16.90,16.9000,true,1,209821
7290002517108,false,אורגנו 10 גרם,תות ממתקי איכות,IL,תבליני טעם וריח מיכל קטן אורגנו 10 גרם,גרמים,10.00,100 גרם,false,1,6.90,69.0000,true,1,134204
7290002517269,false,פלפל שחור שלם 35 גרם,תות ממתקי איכות,IL,תבליני טעם וריח פלפל שחור שלם 35 גרם,גרמים,35.00,100 גרם,false,1,9.90,28.2857,true,1,134467
7290002517276,false,פלפל אנגלי שלם 25 גר,תות ממתקי איכות,IL,תבליני טעם וריח מיכל קטן פלפל אנגלי שלם 25 גרם,גרמים,25.00,100 גרם,false,1,6.90,27.6000,true,1,134135
7290002517337,false,תבלין אורגנו בשקית 2,תות ממתקי איכות,IL,תבליני טעם וריח 100% אורגנו 20 גרם,גרמים,20.00,100 גרם,false,1,5.90,29.5000,true,1,132572
7290002517566,false,תערובת תיבול לדג,תות ממתקי איכות,IL,תבליני טעם וריח דג תערובת תיבול 80 גרם,גרמים,80.00,100 גרם,false,1,9.90,12.3750,true,1,134479
7290002517603,false,בזיליקום ריחן 10 גרם,תות ממתקי איכות,IL,"תבליני טעם וריח בזיליקום (ריחן), 10 גרם",גרמים,10.00,100 גרם,false,1,6.90,69.0000,true,1,133155
7290002517634,false,כוסברה 30 גר,תות ממתקי איכות,IL,תבליני טעם וריח כוסברה 30 גרם,גרמים,30.00,100 גרם,false,1,6.90,23.0000,true,1,133158
7290002517689,false,אבקת קרי 40 גרם,תות ממתקי איכות,IL,תבליני טעם וריח אבקת קרי 40 גרם,גרמים,40.00,100 גרם,false,1,6.90,17.2500,true,1,133163
7290002517726,false,מקלות קינמון 15 גרם,תות ממתקי איכות,IL,תבליני טעם וריח מקלות קינמון 100%,גרמים,15.00,100 גרם,false,1,6.90,46.0000,true,1,133167
7290002517733,false,קצח,תות ממתקי איכות,IL,"תבליני טעם וריח, 100% קצח, 40 גרם",גרמים,40.00,100 גרם,false,1,6.90,17.2500,true,1,133168
7290002517801,false,"צ""ילי כתוש חריף 30 ג",תות ממתקי איכות,IL,"תבליני טעם וריח, 100% צ'ילי כתוש חריף, 30 גרם",גרמים,30.00,100 גרם,false,1,6.90,23.0000,true,1,133175
7290002517825,false,פלפל לבן טחון 40 גרם,תות ממתקי איכות,IL,"תבליני טעם וריח, 100% פלפל לבן טחון, 40 גרם",גרמים,40.00,100 גרם,false,1,9.90,24.7500,true,1,133177
7290002517863,false,ציפורן טחון 40 גרם,תות ממתקי איכות,IL,"תבליני טעם וריח, ציפורן טחון 100%, 40 גרם",גרמים,40.00,100 גרם,false,1,9.90,24.7500,true,1,133181
7290002542506,false,בירה קורונה בקבוק 35,קריניציה ויטמינה אס,MX,בירה קורונה אקסטרה 355 מל,מיליליטרים,355.00,"100 מ""ל",false,1,10.90,3.0704,true,1,160987
7290002542773,false,סטלה ארטואה - בק 330,סטלה,BE,סטלה ארטואה בק 330 מל,מיליליטרים,330.00,"100 מ""ל",false,1,9.90,3.0000,true,1,221702
7290002542780,false,סטלה ארטואה - שישיה,סטלה,BE,סטלה ארטואה שישיה  6 בק*330 מל,ליטרים,1.32,ליטר,false,1,39.90,30.2273,true,1,221703
7290002543046,false,דגני קלוגס פרוסטיס 7,כלורוקס אוקלנד,ES,קלוגס פרוסטיס פתיתי תירס בציפוי סוכר 750 גרם,גרמים,750.00,100 גרם,false,1,23.90,3.1867,true,1,102057
7290002543237,false,קורנפלקס קלוגס 750 ג,כלורוקס אוקלנד,,קלוגס קורנפלקס 750 גרם,גרמים,750.00,100 גרם,false,1,19.90,2.6533,true,1,102065
7290002551003,false,טונה בשמן סטארקיסט,סטארקיסט,,טונה בשמן סטארקיסט  160 גרם,גרמים,160.00,100 גרם,false,1,8.50,5.3125,true,1,102073
7290002551010,false,טונה במים סטארקיסט 1,"איטיליאן פוד, אס.פי.",TR,ס.ק  טונה במים 160גרם-בי,גרמים,160.00,100 גרם,false,1,8.50,5.3125,true,1,102074
7290002596523,false,סטייק אנטריקוט,לאטי עזרא גלם ודגים,,"סטייק אנטריקוט בואקום לק""ג",קילוגרמים,1.00,"ק""ג",true,,99.90,99.9000,true,1,160001
7290002603498,false,פיצת השף שגב אנטיפסט,האי נאם סי או אל.טי.,IT,שגב פיצת השף אנטיפסטי 220 גרם,גרמים,220.00,100 גרם,false,1,14.90,6.7727,true,1,208466
7290002618263,false,טבעות בצל  שף הטבע,משק ויילר,IL,טבעות בצל  שף הטבע  600גרם,גרמים,600.00,100 גרם,false,1,24.90,4.1500,true,1,233706
7290002627210,false,גפילטע פיש  דלידג  ב,האי נאם סי או אל.טי.,IL,גפילטע פיש  דלידג  בצנצנת 560 גרם,גרמים,560.00,100 גרם,false,1,14.90,2.6607,true,1,217459
7290002657866,false,פילה אמנון דלידג,גואנדונג יוג'יה סיפו,,פילה אמנון דלידג,קילוגרמים,1.00,"ק""ג",true,,34.90,34.9000,true,1,185865
7290002674221,false,א.פרש מנטה משאבה,DE MICLEN,,א.פרש מנטה משאבה 100 מל,מיליליטרים,100.00,"100 מ""ל",false,1,13.90,13.9000,true,1,102144
7290002692478,false,שמן זית כתית מעולה מ,"מרקאולאו, ספרד.אבסה,",IT,"שמן זית כתית מעולה מעודן עץ הזית 750 מ""ל",מיליליטרים,750.00,"100 מ""ל",false,1,36.90,4.9200,true,1,124709
7290002692782,false,תרסיס שמן זית 148 מל,"נארז ע""י : א.ג. גילר",IT,תרסיס שמן זית כ.מעולה,מיליליטרים,148.00,"100 מ""ל",false,1,15.90,10.7432,true,1,159960
7290002730262,false,סבון כלים פלמוליב קל,יבואן ומשווק: ש. שסט,GR,פלמוליב נוזל לניקוי כלים קלאסי 750 מל,מיליליטרים,750.00,"100 מ""ל",false,1,11.90,1.5867,true,1,102200
7290002730521,false,צמרוני אוזניים200 יח,ספטונה,GR,צמרוני אוזניים בלונס,גרמים,66.00,100 גרם,false,1,6.90,10.4545,true,1,102202
7290002730668,false,משחת שיניים קולגייט,הנסיך- מפעל לייצור ט,BE,קולגייט טוטאל משחת שיניים קלין מינט  100 מל,מיליליטרים,100.00,"100 מ""ל",false,1,12.90,12.9000,true,1,102204
7290002730675,false,משחת שיניים קולגייט,קולגייט פלמוליב,PL,"משחת שיניים קולגייט אדומה 100 מ""ל",מיליליטרים,100.00,"100 מ""ל",false,1,9.90,9.9000,true,1,102205
7290002730811,false,משחת שניים קולגיט גל,הנסיך- מפעל לייצור ט,PL,משחת שניים קולגיט גל משפחתי,מיליליטרים,100.00,"100 מ""ל",false,1,11.90,11.9000,true,1,102207
7290002730958,false,סבון מוצק פלמוליב זי,הנסיך- מפעל לייצור ט,TR,סבון מוצק בניחוח זיתים ואלוורה פלמוליב 4 יחידות,גרמים,400.00,100 גרם,false,1,12.90,3.2250,true,1,102211
7290002735274,false,גחנון אפוי ינון 600ג,ג'נרל מילס סאן אדריא,IL,גחנון אפוי ינון 600גרם,גרמים,750.00,100 גרם,false,1,16.90,2.2533,true,1,153335
7290002748250,false,חזה עוף קפוא,לאטי עזרא,IL,חזה עוף קפוא לקג,קילוגרמים,1.00,"ק""ג",true,,34.90,34.9000,true,1,220065
7290002752332,false,סוכריות מנטוס פירות,הדקלאים אגודת שיתופי,NL,מנטוס סוכריות לעיסה בטעם פירות 37.5 גרם,גרמים,38.00,100 גרם,false,1,3.90,10.2632,true,1,102216
7290002752349,false,סוכריות מנטוס מנטה ג,קדבורי,NL,גליל מנטוס סוכריות לעיסה בטעם מנטה,גרמים,38.00,100 גרם,false,1,3.90,10.2632,true,1,109650
7290002753995,false,סוכריות דרזה צבעוני,היינץ צפון אמריקה מק,DE,6 סוגי דרז'ה צבעוני לקישוט 150 גרם,גרמים,150.00,100 גרם,false,1,19.90,13.2667,true,1,102219
7290002766056,false,עגבניות שרי תמר לב 5,רון שרי,IL,עגבניות שרי תמר לב 500 גרם,גרמים,500.00,100 גרם,false,1,7.90,1.5800,true,1,210494
7290002768074,false,דרמפון סבון נוזלי1 ל,טרופיקל דגיל תעשיות,IL,דרמפון סבון ללא סבון 1 ליטר,ליטרים,1.00,ליטר,false,1,19.70,19.7000,true,1,102224
7290002768159,false,קצף אמבט בתאורן,פארק תעשיות עמק חפרמ,IL,בת אורן סבון אמבט נוזלי בניחוח אורנים 500מל,מיליליטרים,500.00,"100 מ""ל",false,1,20.70,4.1400,true,1,102225
7290002771104,false,קפה נחלה הל 500 גרם,מולינו ניקולי s.p.a,IL,אל נחל'ה קפה קלוי וטחון עם הל 500 גרם,גרמים,500.00,100 גרם,false,1,34.90,6.9800,true,1,112399
7290002771111,false,קפה נחלה הל 250 גרם,מולינו ניקולי s.p.a,IL,אל נחל'ה קפה קלוי וטחון עם הל 250 גרם,גרמים,250.00,100 גרם,false,1,17.90,7.1600,true,1,102226
7290002771128,false,קפה תורכי נחלה 250 ג,מולינו ניקולי s.p.a,IL,קפה תורכי נחלה 250 גרם,גרמים,250.00,100 גרם,false,1,17.90,7.1600,true,1,112400
7290002793311,false,שרות החלפה גז    60,סודה סטרים,,שרות החלפה מילוי גז                  60,יחידה,0.00,יחידה,false,1,59.00,0.0000,true,1,161496
7290002805151,false,שמפו רצפות,יוניליוור ישראל טיפו,IL,cif  פנטסטיק שמפו רצפות בניחוח סחלבים,ליטרים,4.00,ליטר,false,1,21.90,5.4750,true,1,102259
7290002814016,false,מסיר שומנים 750 מל,קומפלקס כימיקלים,IL,מסיר שומנים 750 מל,מיליליטרים,750.00,"100 מ""ל",false,1,16.90,2.2533,true,1,102266
7290002814054,false,אנטרטיק ספריי מסיר א,קומפלקס כימיקלים,IL,אנטרטיק ספריי מסיר אבנית סנט מוריץ 1 ליט,ליטרים,1.00,ליטר,false,1,12.90,12.9000,true,1,233030
7290002814078,false,אנטרטיק תכשיר ניקוי,קומפלקס כימיקלים,IL,אנטרטיק תכשיר ניקוי 1 ליטר,ליטרים,1.00,ליטר,false,1,8.90,8.9000,true,1,102267
7290002814290,false,בלאנקו קצף אקונומיקה,קומפלקס כימיקלים,IL,בלאנקו קצף אקונומיקה מרוכז 7% חומר פעיל,ליטרים,1.00,ליטר,false,1,12.90,12.9000,true,1,233035
7290002814481,false,עלמה שקיות מזון 150,קומפלקס כימיקלים,IL,עלמה שקיות מזון 150 3,יחידה,1.00,יחידה,false,1,11.90,11.9000,true,1,233037
7290002814498,false,וזל לניקוי כללי בתוס,ארבה כימיקלים,TR,וזל לניקוי כללי בתוספת מתז חומץ 750 מל,מיליליטרים,750.00,"100 מ""ל",false,1,11.90,1.5867,true,1,233038
7290002814504,false,סנט מוריץ מגבונים לר,קומפלקס כימיקלים,IL,סנט מוריץ מגבונים לרצפה 10 יחידות  מלון,יחידה,1.00,יחידה,false,1,10.90,10.9000,true,1,233231
7290002814528,false,נוזל לניקוי אסלות 1,קומפלקס כימיקלים,IL,נוזל לניקוי אסלות 1 ליטר,ליטרים,1.00,ליטר,false,1,6.90,6.9000,true,1,102268
7290002814542,false,עלמה שקיות אשפה 25 י,אסיר פלסט,TR,עלמה שקיות אשפה 25 יחידות 75 90,יחידה,25.00,יחידה,false,1,10.90,0.4360,true,1,233039
7290002814641,false,עלמה כפפות לטקס ללא,קומפלקס כימיקלים,CN,עלמה כפפות לטקס ללא אבקה מידה M,יחידה,1.00,יחידה,false,1,23.90,23.9000,true,1,233042
7290002814719,false,נוזל רצפות מאסק סנט,קומפלקס כימיקלים,IL,נוזל רצפות מאסק סנט מוריץ לאסלות 4 ליטר,ליטרים,4.00,ליטר,false,1,15.90,3.9750,true,1,233046
7290002814825,false,כדוריות אסלה אוקיינו,גורקה,TR,כדוריות אסלה אוקיינוס 1 3 יחידות,יחידה,3.00,יחידה,false,1,11.90,3.9667,true,1,233048
7290002814887,false,סנט מוריץ מגבונים לח,,IL,סנט מוריץ מגבונים לחים לרצפה 10 יחידות,יחידה,10.00,יחידה,false,1,10.90,1.0900,true,1,233050
7290002814900,false,סבון אסלה כדוריות לי,גורקה,TR,סבון אסלה כדוריות לימון שלישיה,יחידה,3.00,יחידה,false,1,11.90,3.9667,true,1,233052
7290002814917,false,תכשיר מרוכז לניקוי ר,קומפלקס כימיקלים,IL,תכשיר מרוכז לניקוי רצפות לבנדר 4 ליטר,ליטרים,4.00,ליטר,false,1,15.90,3.9750,true,1,191650
7290002814986,false,סנט מוריץ מגבונים לנ,קומפלקס כימיקלים,IL,סנט מוריץ מגבונים לניקוי כללי בדלי 400 י,יחידה,400.00,יחידה,false,1,21.90,0.0547,true,1,233233
7290002824183,false,גבינה סקי 5%  פיקוח,מיוצר עי קונדיטוריית,IL,סקי משפחתי 5%,גרמים,500.00,100 גרם,false,1,9.96,1.9920,true,1,102271
7290002824640,false,גבינה סקי 5% פיקוח 2,מיוצר עי קונדיטוריית,IL,סקי 5% 250 גרם,גרמים,250.00,100 גרם,false,1,4.98,1.9920,true,1,102274
7290002830184,false,דג פילה לברק נטו,יושלם,,דג פילה לברק נטו,קילוגרמים,1.00,"ק""ג",true,,54.90,54.9000,true,1,186370
7290002830948,false,גבינה מון בלאן עיזים,האי נאם סי או אל.טי.,IL,מון בלאן גבינת עיזים מותכת 120 גרם,גרמים,120.00,100 גרם,false,1,11.90,9.9167,true,1,162894
7290002871248,false,בירה טובורג בקבוק חו,מולינו ניקולי s.p.a,IL,"טובורג מלא חוזר חדש 500 מ""ל",מיליליטרים,500.00,"100 מ""ל",false,1,9.50,1.9000,true,1,102339
7290002871361,false,בירה קרלסברג בקבוק ח,מבשלות בירה בינלאומי,IL,קלסברג בירה 500 מל,מיליליטרים,500.00,"100 מ""ל",false,1,9.50,1.9000,true,1,102340
7290002879299,false,מלפפונים גדולים בחומ,דדוש דניאל,,מלפפונים גדולים בחומץ 860 גרם,גרמים,860.00,100 גרם,false,1,19.90,2.3140,true,1,149751
7290002879305,false,מלפפונים קטנים בחומץ,דדוש דניאל,,מלפפונים קטנים בחומץ 860 גרם,גרמים,860.00,100 גרם,false,1,20.70,2.4070,true,1,149476
7290002879435,false,כרוב כבוש 900 גרם,פולן,,כרוב כבוש 900 גרם,גרמים,900.00,100 גרם,false,1,18.70,2.0778,true,1,149608
7290002879886,false,מלפפונים רצועות בחומ,פולן,,מלפפונים רצועות בחומץ  680 גרם,גרמים,680.00,100 גרם,false,1,20.90,3.0735,true,1,151458
7290002882929,false,PPמרלבורו רד סופט חפ,פיליפ מוריס,,PPמרלבורו רד סופט חפיסה,יחידה,1.00,יחידה,false,1,34.50,34.5000,false,1,111673
7290002900207,false,המבורגר אמיתי 100% ב,הנסיך- מפעל לייצור ט,IL,המבורגר אמיתי 100% בקר 400 גרם,גרמים,400.00,100 גרם,false,1,22.90,5.7250,true,1,102394
7290002921240,false,שמפוזר לרפוד עם מברש,יוליניבר,MX,יעקבי קרבונה מסיר כתמים מריפוד ושטיחים 650 מל,מיליליטרים,650.00,"100 מ""ל",false,1,27.90,4.2923,true,1,102412
7290002929642,false,טונה ויליגר בשמן140,יבואן ומשווק: ש. שסט,TH,טונה ויליגר בשמן 140 גרם 1\4,גרמים,560.00,100 גרם,false,1,21.90,3.9107,true,1,190880
7290002973218,false,פטה יווני 400 גרם,סולי מאזו,HU,פטה יווני 400 גרם,גרמים,400.00,100 גרם,false,1,22.90,5.7250,true,1,179296
7290003009312,false,בוטנים קלויים קליית,הדקלאים אגודת שיתופי,IL,בוטן קלוי 200 גר' שק',גרמים,200.00,100 גרם,false,1,7.90,3.9500,true,1,109733
7290003009329,false,בוטנים אמריקאיים קלי,הדקלאים אגודת שיתופי,IL,בוטן אמריק'200 גר'שק (ב(24,גרמים,200.00,100 גרם,false,1,6.90,3.4500,true,1,109652
7290003009336,false,קבוקים מצופים קליית,הדקלאים אגודת שיתופי,IL,קבוקים 200 גר'שק'ב24,גרמים,200.00,100 גרם,false,1,6.90,3.4500,true,1,111109
7290003009640,false,מיץ תפוזים סחוט פריג,גת,IL,סחוט תפוזים קלאסי 1 ליטר,ליטרים,1.00,ליטר,false,1,16.50,16.5000,true,1,102538
7290003015467,false,בייבי כיף תחליב רחצה,טרופיקל דגיל תעשיות,IL,בייבי כיף תחליב רחצה מכיל קרם לחות 1 ליטר,ליטרים,1.00,ליטר,false,1,19.90,19.9000,true,1,125210
7290003026234,false,קמיל בלו תחליב לתינו,הדקלאים אגודת שיתופי,IL,קמיל בלו סנסיטיב תחליב לתינוק 500 גרם,מיליליטרים,500.00,"100 מ""ל",false,1,24.90,4.9800,true,1,114748
7290003029181,false,שוקו יטבתה בקבוק 1 ל,מחלבת יטבתה,IL,שוקו 1 ליטר,ליטרים,1.00,ליטר,false,1,12.90,12.9000,true,1,102596
7290003029433,false,שוקו יטבתה פקק ספורט,,IL,"שוקו פקק 250 מ""ל",מיליליטרים,250.00,"100 מ""ל",false,1,5.50,2.2000,true,1,102603
7290003029907,false,קפה יטבתה בקבוק 1 לי,מחלבת יטבתה,IL,אייס קפה 1 ליטר,ליטרים,1.00,ליטר,false,1,12.90,12.9000,true,1,125928
7290003047642,false,תה ליפטון אנגלי 100,"יונילוור רוסייה בע""מ",RU,תה שחור יילו לייבל,גרמים,150.00,100 גרם,false,1,18.90,12.6000,true,1,102622
7290003054183,false,לחם שיפון מסטמכר 500,מסטמכר,DE,לחם שיפון מסטמכר 500 גרם,גרמים,500.00,100 גרם,false,1,14.90,2.9800,true,1,102634
7290003054206,false,לחם שיפון+חמניות מסט,מסטמכר,DE,לחם שיפון+חמניות מסטמכר 500 גרם,גרמים,500.00,100 גרם,false,1,14.90,2.9800,true,1,102636
7290003054220,false,לחם שיפון פומפרניקל,מסטמאכר ג'.אמ.בי.הי,DE,מסטמכר לחם שיפון פומפרניקל בנוסח ווסטפליה 500 גרם,גרמים,500.00,100 גרם,false,1,14.90,2.9800,true,1,102638
7290003054657,false,"חרדל דיז""ון אקסטרא פ",כלורוקס אוקלנד,FR,חרדל דיז'ון אקסטרא פורטה 370 גרם,גרמים,370.00,100 גרם,false,1,12.90,3.4865,true,1,102641
7290003060009,false,"קמח חיטה לבן 1 ק""ג ס",טחנות ישראל,,"קמח חיטה לבן 1 ק""ג סוגת",קילוגרמים,1.00,"ק""ג",false,1,5.90,5.9000,true,1,102651
7290003060023,false,"סולת חיטה 1 ק""ג טחנו",טחנות ישראל,,"סולת חיטה 1 ק""ג טחנות ישראליות",קילוגרמים,1.00,"ק""ג",false,1,5.70,5.7000,true,1,102652
7290003102068,false,צימרוני אוזניים מעץ,יושלם,,צימרוני אוזניים מעץ 100 יח,יחידה,1.00,יחידה,false,1,1.90,1.9000,true,1,170917
7290003102136,false,צמר גפן COTTON SOFT,הדקלאים אגודת שיתופי,TR,צמר גפן מכותנה טבעית 100 גרם,גרמים,100.00,100 גרם,false,1,4.90,4.9000,true,1,172393
7290003102976,false,צימרוני אוזניים פלסט,הדקלאים אגודת שיתופי,CN,צימרוני פלסטיק צבעוניים 200 יחידות,יחידה,1.00,יחידה,false,1,4.90,4.9000,true,1,174410
7290003120475,false,בירה טובורג מאלט בקב,מבשלות בירה בינלאומי,IL,"מאלטי מלא חוזר 500 מ""ל",מיליליטרים,500.00,"100 מ""ל",false,1,5.80,1.1600,true,1,102690
7290003126712,false,יוגורט עיזים 3.9%  1,משק צוריאל,IL,יוגורט עיזים 3.9%  150 גרם צוריאל,גרמים,150.00,100 גרם,false,1,6.90,4.6000,true,1,127291
7290003137596,false,סטייק פרגית טרי ארוז,מילועוף,IL,סטייק פרגית טרי ארוז,קילוגרמים,1.00,"ק""ג",true,,53.90,53.9000,true,1,212105
7290003142477,false,ערמונים,הדקלאים אגודת שיתופי,IL,ערמונים קלויים 100 גרם,גרמים,100.00,100 גרם,false,1,7.90,7.9000,true,1,195167
7290003143139,false,סילאן קליית גת  900,"טעמי הגליל בע""מ",IL,סילאן קליית גת 900 גר,גרמים,900.00,100 גרם,false,1,14.90,1.6556,true,1,198800
7290003143146,false,ממרח תמרים 450 קלית,הדקלאים אגודת שיתופי,IL,ממרח תמרים 450 קלית גת,גרמים,450.00,100 גרם,false,1,6.50,1.4444,true,1,185105
7290003143276,false,יוגטה מרשמלו מגולגל,מוטקה החולב,TR,יוגטה מרשמלו ממתק מוקצף בטעם שדה 180 גרם,גרמים,180.00,100 גרם,false,1,8.90,4.9444,true,1,186686
7290003144310,false,תערובת אגוזים וחמוצי,קרלו,IL,תע'אגוזים וחמוציות 150 גר,גרמים,150.00,100 גרם,false,1,19.90,13.2667,true,1,207319
7290003145751,false,אגוזי קשיו קלויים קל,הדקלאים אגודת שיתופי,IL,"קליית גת אגוזי קלויים, 200 גרם",גרמים,200.00,100 גרם,false,1,19.90,9.9500,true,1,145312
7290003145959,false,פקאן,קוד יצרן JG,IL,פקאן טבעי 150 גרם,יחידה,150.00,יחידה,false,1,23.90,0.1593,true,1,153108
7290003158164,false,בורקס ריקוטה,"גידרון תעשיות בע""מ",,בורקס ריקוטה,קילוגרמים,1.00,"ק""ג",true,,49.90,49.9000,true,1,172474
7290003187843,false,טחון עגל 500 גרם,מולינו ניקולי s.p.a,IL,טיבון ויל 100% עגל טחון 500 גרם,גרמים,500.00,100 גרם,false,1,27.90,5.5800,true,1,102779
7290003210114,false,טרופית בוסתן 200 מל,בוסתן,IL,טרופית בוסתן 200 מל,מיליליטרים,200.00,"100 מ""ל",false,1,2.90,1.4500,true,1,216701
7290003220380,false,מעדני מלך סנדוויץ שו,אחים פפושדו,IL,מעדני מלך סנדוויץ שוקו 150ג,גרמים,150.00,100 גרם,false,1,4.50,3.0000,true,1,229747
7290003220397,false,מעדני מלך סנדוויץ ונ,אחים פפושדו,IL,מעדני מלך סנדוויץ וניל 150ג,גרמים,150.00,100 גרם,false,1,4.50,3.0000,true,1,229748
7290003220502,false,"מי קוקוס 400 מ""ל",ASIATIC AGRO INDUSTR,,"מי קוקוס 400 מ""ל",מיליליטרים,400.00,"100 מ""ל",false,1,6.90,1.7250,true,1,164079
7290003220526,false,רוטב WOK  צילי חריף,THAI PREEDA TRADING,,"רוטב WOK  צילי חריף 700 מ""ל",מיליליטרים,700.00,"100 מ""ל",false,1,13.90,1.9857,true,1,171653
7290003220533,false,רוטב WOK צילי מתוק 7,THAI COCONUT CO,,"רוטב WOK צילי מתוק 700 מ""ל",מיליליטרים,700.00,"100 מ""ל",false,1,13.90,1.9857,true,1,162512
7290003220588,false,רוטב צילי  מתוקWOK,תאי פרידה אינדסטרי ב,,"רוטב צילי  מתוק דיאט 700 מ""ל          W",מיליליטרים,700.00,"100 מ""ל",false,1,15.90,2.2714,true,1,169400
7290003220595,false,אורז לסושי WOK  שקית,"מיה תעשיות מזון בע""מ",,"אורז לסושי WOK  שקית 1 ק""ג",קילוגרמים,1.00,"ק""ג",false,1,13.90,13.9000,true,1,171915
7290003220717,false,אצות נורי סילוור 10,JAEWON GLOBAL NET,,אצות נורי סילוור 10 דפים 25 גרם,גרמים,25.00,100 גרם,false,1,11.90,47.6000,true,1,171477
7290003220748,false,רוטב סויה בהירה 640,LINGHANG INDUSTRIA,,"רוטב סויה בהירה 640 מ""ל",מיליליטרים,640.00,"100 מ""ל",false,1,14.90,2.3281,true,1,175565
7290003220755,false,רוטב סויה כהה,ליאנג סאנג האנד הואד,,"רוטב סויה כהה 640 מ""ל",מיליליטרים,640.00,"100 מ""ל",false,1,14.90,2.3281,true,1,175566
7290003220786,false,מקלות אורז מס 5 400,ASIAN SUPERIOR FOODS,,מקלות אורז מס 5 400 גרם,גרמים,400.00,100 גרם,false,1,9.90,2.4750,true,1,190013
7290003220946,false,"דפי אורז קוטר 22 ס""מ",אסיאן סופירה פודס חב,,"דפי אורז קוטר 22 ס""מ 300 גרם WOK",גרמים,300.00,100 גרם,false,1,12.90,4.3000,true,1,202898
7290003220977,false,עוגיות מצופות מעדני,אפיפית,,עוגיות מצופות מעדני המלך 175 גר,גרמים,175.00,100 גרם,false,1,7.90,4.5143,true,1,222773
7290003229116,false,פסטרמה בדבש 400 גרם,הנסיך- מפעל לייצור ט,IL,פסטרמה בדבש טירת צבי 400 גרם,גרמים,400.00,100 גרם,false,1,30.90,7.7250,true,1,102839
7290003229123,false,פסטרמה על גחלים 400,הנסיך- מפעל לייצור ט,IL,פסטרמה על גחלים טירת צבי 400 גרם,גרמים,400.00,100 גרם,false,1,30.90,7.7250,true,1,102840
7290003229147,false,נקניק סלמי איטלקי 30,הנסיך- מפעל לייצור ט,IL,נקניק סלמי איטלקי טירת צבי 300 גרם,גרמים,300.00,100 גרם,false,1,31.90,10.6333,true,1,102841
7290003229154,false,נקניק סלמי קוניאק מו,הנסיך- מפעל לייצור ט,IL,נקניק סלמי קוניאק מובחר טירת צבי 300 גרם,גרמים,300.00,100 גרם,false,1,31.90,10.6333,true,1,102842
7290003260102,false,נייר טואלט משי,שניר תעשיות,,נייר טואלט משי קומפקט 12 יח,מטרים,70700.00,מטר,false,1,37.90,0.0005,true,1,142176
7290003321155,false,דנונה בר דגנים פקאן,"שטראוס בריאות בע""מ",IL,דנונה בר פקאן,גרמים,175.00,100 גרם,false,1,4.80,2.7429,true,1,102937
7290003400500,false,שוקולד ריזס קרמל עם,הרשי,,שוקולד ריזס קרמל עם בוטנים 47 גרם,גרמים,47.00,100 גרם,false,1,4.90,10.4255,true,1,187325
7290003402809,false,שוקולד ריזס לבן 39 ג,,,שוקולד ריזס לבן 39 ג,גרמים,39.00,100 גרם,false,1,4.90,12.5641,true,1,220824
7290003411313,false,מפת שולחן רב פעמית 1,שיווק: הנמל אריזות ו,IL,הנמל מפת שולחן אל בד 180X120 סמ,Unknown,0.00,Unknown,false,1,5.90,0.0000,true,1,114786
7290003411689,false,ליפתניות חד פעמי  25,"איטיליאן פוד, אס.פי.",IL,הנמל ליפתניות  25 יחידות,יחידה,1.00,יחידה,false,1,4.90,4.9000,true,1,110306
7290003411696,false,מרקיות חד פעמי הנמל,,IL,הנמל מרקיות לבן 25 יחידות,יחידה,0.00,יחידה,false,1,10.90,0.0000,true,1,110307
7290003411726,false,קסמים מלחיה 300 יחיד,"איטיליאן פוד, אס.פי.",IL,קסמים מלחיה 300 יחידות,לא מנהל יחידת מידה,0.00,לא מנהל יחידת מידה,false,1,4.90,0.0000,true,1,113462
7290003423909,false,שוקולד הרשיז קוקיז א,הרשי,,שוקולד הרשיז קוקיז אנד קרים 43 גרם,גרמים,43.00,100 גרם,false,1,4.90,11.3953,true,1,203448
7290003427154,false,שמן זית זיתא כתית מע,סטאר סנקס,IL,"זיתא שמן זית כתית מעולה, טעם מעודן 750 מל",מיליליטרים,750.00,"100 מ""ל",false,1,34.90,4.6533,true,1,113157
7290003434657,false,אגוזי לוז חמוציות וא,הום מייד,IL,אגוזי לוז חמוציות ואורז מלא שוקולד מריר,גרמים,150.00,100 גרם,false,1,13.90,9.2667,true,1,228671
7290003438006,false,ממרח פסטו וצנובר אול,מיוצר עי קונדיטוריית,IL,ממרח פסטו וצנובר אוליביה 180 גרם,גרמים,180.00,100 גרם,false,1,13.90,7.7222,true,1,103044
7290003438020,false,ממרח עגבניות מיובשות,מיוצר עי קונדיטוריית,IL,ממרח עגבניות מיובשות אוליביה 190 גרם,גרמים,190.00,100 גרם,false,1,13.90,7.3158,true,1,103046
7290003438709,false,ממרח זיתים שחורים או,גוד פוד פרודקטס S.p,IL,ממרח זיתים שחורים אוליביה190 גרם,גרמים,190.00,100 גרם,false,1,13.90,7.3158,true,1,103051
7290003438990,false,אוליביה עיט.עגבניות,אוליביה גורמה בעמ,IL,אוליביה עיטורי עגבניות מיובשות,גרמים,220.00,100 גרם,false,1,17.90,8.1364,true,1,103056
7290003444009,false,שוקולד ריזס חלב 42 ג,הרשי,,שוקולד ריזס חלב 42 גרם,גרמים,42.00,100 גרם,false,1,4.90,11.6667,true,1,203449
7290003457861,false,שלגון סולרו טרופי,שטראוס גלידות,,שלגון סולרו פירות טרופיים,גרמים,85.00,100 גרם,false,1,10.90,12.8235,true,1,103102
7290003495030,false,מאפה שקדים פרווה,"גידרון תעשיות בע""מ",,מאפה שקדים פרווה,קילוגרמים,1.00,"ק""ג",true,,44.90,44.9000,true,1,174916
7290003521197,false,סרקל מתיר קשרים 340מ,הדקלאים אגודת שיתופי,IL,סרקל מתיר קשרים 340 מל,מיליליטרים,340.00,"100 מ""ל",false,1,24.90,7.3235,true,1,103155
7290003578061,false,לבבות דקל שלמים 400,אלימנטוס אי קונסרבס,EC,לבבות דקל שלמים ויליפוד 400 גרם,גרמים,400.00,100 גרם,false,1,12.90,3.2250,true,1,147571
7290003578078,false,לפתן קוקטייל טרופי,יוליניבר,CN,לפתן קוקטייל טרופי 820 גר,גרמים,820.00,100 גרם,false,1,10.90,1.3293,true,1,103205
7290003578153,false,טונה בשמן צמחי וילי,גולדן פרייז קאנינג א,TH,וילי פוד נתחי טונה בשמן צמחי 160 גרם,גרמים,160.00,100 גרם,false,1,5.90,3.6875,true,1,103206
7290003578177,false,תירס גמדי שלם,מגסטיק פוד אידסטרי ק,TH,תירס גמדי 410 גרם,גרמים,410.00,100 גרם,false,1,6.50,1.5854,true,1,103208
7290003578313,false,לפתן דודדבן ללא חרצן,דל מונטה היילס אס.אי,HU,דובדבנים חמוצים מגולענים בסירופ 680 ג,גרמים,680.00,100 גרם,false,1,10.90,1.6029,true,1,103212
7290003643004,false,אורז בסמטי קלאסי סוג,האי נאם סי או אל.טי.,IL,"אורז בסמטי קלאסי 1 ק""ג",קילוגרמים,1.00,"ק""ג",false,1,14.90,14.9000,true,1,103278
7290003643127,false,אבקת אפיה סוגת 1/10,גוד פוד פרודקטס S.p,IL,אבקת אפיה סוגת 10 גרם,Unknown,0.00,Unknown,false,1,3.00,0.0000,true,1,198356
7290003643134,false,סוכר וניל סוגת 10*10,גוד פוד פרודקטס S.p,IL,סוכר וניל סוגת 10 גרם,גרמים,100.00,100 גרם,false,1,3.70,3.7000,true,1,134201
7290003643158,false,קורנפלור סוגת,המאפיה של הרמן,IL,סוגת קורנפלור 200 גרם,גרמים,200.00,100 גרם,false,1,4.50,2.2500,true,1,103279
7290003643172,false,אבקת סוכר סוגת 100 ג,TLV צ'יף,IL,אבקת סוכר 100 גרם,גרמים,100.00,100 גרם,false,1,2.50,2.5000,true,1,198358
7290003643387,false,סוכר לבן בצנצנת פלסט,האי נאם סי או אל.טי.,IL,"סוכר 1 ק""ג בצנצנת",קילוגרמים,1.00,"ק""ג",false,1,9.90,9.9000,true,1,103282
7290003643646,false,סוכר דמררה צנצנת סוג,האי נאם סי או אל.טי.,IL,"סוכר דמררה צנצנת סוגת 1 ק""ג",קילוגרמים,1.00,"ק""ג",false,1,12.90,12.9000,true,1,103283
7290003643684,false,אפונה סוגת 500 גרם,האי נאם סי או אל.טי.,IL,אפונה 500 גרם,גרמים,500.00,100 גרם,false,1,7.50,1.5000,true,1,128748
7290003643714,false,חומוס סוגת 500 גרם,האי נאם סי או אל.טי.,IL,חומוס 500 גרם,גרמים,500.00,100 גרם,false,1,8.90,1.7800,true,1,134211
7290003643738,false,חיטה סוגת 500 גרם,האי נאם סי או אל.טי.,IL,חיטה 500 גרם,גרמים,500.00,100 גרם,false,1,5.90,1.1800,true,1,134212
7290003643752,false,עדשים ירוקות סוגת 50,האי נאם סי או אל.טי.,IL,עדשים ירוקות 500 גר',גרמים,500.00,100 גרם,false,1,8.50,1.7000,true,1,134453
7290003643769,false,עדשים אדומות סוגת 50,"סוגת תעשיות בע""מ",IL,עדשים אדומות סוגת 500 גרם,גרמים,500.00,100 גרם,false,1,7.90,1.5800,true,1,116192
7290003643776,false,פופקורן סוגת 500 גרם,האי נאם סי או אל.טי.,IL,פופקורן 500 גרם,גרמים,500.00,100 גרם,false,1,6.50,1.3000,true,1,134210
7290003643783,false,קוקוס סוגת 100 גרם,האי נאם סי או אל.טי.,IL,קוקוס 100 גרם,גרמים,100.00,100 גרם,false,1,4.20,4.2000,true,1,121986
7290003643806,false,שעועית לבנה סוגת 500,האי נאם סי או אל.טי.,IL,שעועית לבנה 500 גרם,גרמים,500.00,100 גרם,false,1,12.90,2.5800,true,1,131071
7290003726615,false,טופו ויילר 300 גרם,הדקלאים אגודת שיתופי,IL,טופו ויילר 300 גרם,גרמים,300.00,100 גרם,false,1,12.90,4.3000,true,1,216404
7290003726684,false,טופו חומוס בטעם טבעי,הנסיך- מפעל לייצור ט,IL,טופו חומוס בטעם טבעי ויילר   300 גרם,גרמים,300.00,100 גרם,false,1,13.90,4.6333,true,1,219131
7290003726752,false,קציצות טופו ברוקולי,משק ויילר,IL,קציצות טופו ברוקולי זוקיני ואפונה  ויילר,גרמים,400.00,100 גרם,false,1,25.90,6.4750,true,1,231074
7290003726868,false,טופו חומוס בתוספת עג,משק וואיילר,IL,טופו חומוס בתוספת עגבניות מיובשות ויילר 300גרם,גרמים,300.00,100 גרם,false,1,13.90,4.6333,true,1,231028
7290003804252,false,תיבולית קנור הודי,יוניליוור ישראל מזון,IL,קנור תיבוליות בסגנון הודי 72 גרם,גרמים,72.00,100 גרם,false,1,10.30,14.3056,true,1,103437
7290003804320,false,תיבולית קנור שום ופט,יוניליוור ישראל מזון,IL,קנור תיבוליות שום ופטרוזיליה 72 גרם,גרמים,72.00,100 גרם,false,1,10.30,14.3056,true,1,103438
7290003805501,false,פתית שוודי 300 גרם,יוניליוור ישראל מזון,IL,פתית שוודי קרקר דגנים פריך בסגנון שוודי,גרמים,300.00,100 גרם,false,1,18.20,6.0667,true,1,158404
7290003807482,false,רוטב טריאקי,יוניליוור ישראל מזון,IL,קנור  רוטב טריאקי 370 גרם,מיליליטרים,300.00,"100 מ""ל",false,1,12.90,4.3000,true,1,134282
7290003821754,false,סלמון מעושן,האי נאם סי או אל.טי.,IL,סלמון נורבגי בעישון טבעי 100 גרם,גרמים,100.00,100 גרם,false,1,15.90,15.9000,true,1,103479
7290003864478,false,סרדינים בשמן צמחי 11,גולדן פרייז קאנינג א,TH,סרדין בשמן צמחי 110גרם פתח-קל,גרמים,110.00,100 גרם,false,1,4.90,4.4545,true,1,103559
7290003864485,false,סרדין ברוטב עגבניות,גולדן פרייז קאנינג א,TH,סרדין ברוטב עגבניות 110גרם פתח קל,גרמים,110.00,100 גרם,false,1,4.90,4.4545,true,1,103560
7290003864492,false,סרדין בשמן צמחי חריף,גולדן פרייז קאנינג א,TH,סרדין בשמן צמחי חריף 110גרם,גרמים,110.00,100 גרם,false,1,4.90,4.4545,true,1,103561
7290003882922,false,עלי גפן ממולאים באור,הזה פלאקספו פוד קו ב,CN,ויליפוד עלי גפן ממולאים באורז 400 גרם,גרמים,400.00,100 גרם,false,1,9.90,2.4750,true,1,147572
7290003976034,false,מרכך כביסה 4 ליטר  ח,אקופרנד,IL,מרכך כביסה 4 ליטר  חבצלות אקופרנד,ליטרים,4.00,ליטר,false,1,34.90,8.7250,true,1,226964
7290003976089,true,גל לכביסה אקופרנד 4,תות תעשיות מזון (201,IL,אקופרנד ג'ל כביסה אקולוגי 4 ליטר,ליטרים,4.00,ליטר,false,1,45.90,11.4750,true,1,218380
7290003989539,false,רביולי גבינה 400 EAT,מיוצר עי קונדיטוריית,IL,רביולי גבינה 400 EAT GOOD,גרמים,400.00,100 גרם,false,1,19.90,4.9750,true,1,103757
7290003989553,false,פסטה שטראוס טורטלוני,מיוצר עי קונדיטוריית,IL,טרטוליני פטריות 400 פרווה EAT GOOD,גרמים,400.00,100 גרם,false,1,19.90,4.9750,true,1,103758
7290004011284,false,בסיס להכנת קצפת,האי נאם סי או אל.טי.,US,בסיס להכנת קצפת על בסיס צמחי ללא כולסטרול,מיליליטרים,212.00,"100 מ""ל",false,1,9.20,4.3396,true,1,156187
7290004011338,false,קצפת ריץ חלבי במיכל,האי נאם סי או אל.טי.,IT,קצפת ריץ חלבי במיכל 250 גרם,גרמים,250.00,100 גרם,false,1,14.90,5.9600,true,1,158938
7290004011796,false,"קבבונים אל גאוצ""ו",קרלו,IL,אל גאוצו קבבונים  400 גרם,גרמים,400.00,100 גרם,false,1,23.90,5.9750,true,1,161618
7290004011819,false,המבורגר ריב אנטריקוט,האי נאם סי או אל.טי.,IL,אל גאוצו המבורגר ריב אנטריקוט 360 גרם,גרמים,360.00,100 גרם,false,1,23.90,6.6389,true,1,174904
7290004011826,false,מיני המבורגר ריב אנט,מולינו ניקולי s.p.a,IL,אל גאוצ'ו מיני המבורגר ריב אנטריקוט 320 גרם,גרמים,320.00,100 גרם,false,1,23.90,7.4687,true,1,174050
7290004014407,false,סוכריות שוקולדM&M חמ,מרס נדרלנד,,סוכריות שוקולדM&M חמאת בוטנים 46 גרם,גרמים,46.00,100 גרם,false,1,5.80,12.6087,true,1,201390
7290004020309,false,לחם רוסי פרוס 500 גר,מאפיית עלית,,לחם רוסי פרוס 500 גר                   .,גרמים,500.00,100 גרם,false,1,18.90,3.7800,true,1,188986
7290004020422,false,לחם אגוזים 500 גרם,מאפיית עלית,,לחם אגוזים 500 גרם,Unknown,0.00,Unknown,false,1,22.90,0.0000,true,1,142529
7290004020439,false,לחם דגנים קל,מאפיית עלית,,לחם דגנים קל,Unknown,0.00,Unknown,false,1,22.90,0.0000,true,1,142528
7290004020477,false,פיתות דל קלוריות 10,מאפיית עלית,,פיתות דל קלוריות 10 יחידות,Unknown,0.00,Unknown,false,1,14.80,0.0000,true,1,142532
7290004020484,false,לחם אחיד פרוס 750 גר,מאפיית עלית,,לחם אחיד פרוס 750 גרם,Unknown,0.00,Unknown,false,1,16.70,0.0000,true,1,142531
7290004020491,false,לחם חיטה נבוטה,יושלם,,לחם חיטה נבוטה,Unknown,0.00,Unknown,false,1,22.90,0.0000,true,1,142530
7290004020620,false,לחם כוסמין 600גרם,מאפיית עלית,,131לחם כוסמין 600גרם,גרמים,600.00,100 גרם,false,1,29.90,4.9833,true,1,202707
7290004033811,false,לחם לבן מיוחד ללג 32,אשבל,IL,לחם לבן מיוחד ללג 320גרם,גרמים,320.00,100 גרם,false,1,19.90,6.2187,true,1,229241
7290004063016,false,מלח שולחן מעולה דק 1,האי נאם סי או אל.טי.,IL,מלח שולחן,קילוגרמים,1.00,"ק""ג",false,1,2.07,2.0700,true,1,103815
7290004063115,false,"מלח בישול 1 ק""ג פיקו",האי נאם סי או אל.טי.,IL,מלח מטבח,קילוגרמים,1.00,"ק""ג",false,1,2.07,2.0700,true,1,103816
7290004064082,false,מטחנה מלח ים טבעי  2,חברת מלח הארץ אילת ב,IL,מטחנת מלח ים 250 גרם,גרמים,250.00,100 גרם,false,1,13.90,5.5600,true,1,202591
7290004064099,false,מטחנה מלח מהרי ההימל,מולינו ניקולי s.p.a,IL,מטחנת מלח הימלאיה 300 גרם,גרמים,250.00,100 גרם,false,1,15.90,6.3600,true,1,202589
7290004068172,false,יוגורט עיזים 5%  600,קוד יצרן MKN,IL,גד יוגורט חלב עיזים 2.8% 600 גרם,גרמים,600.00,100 גרם,false,1,18.90,3.1500,true,1,181864
7290004078270,false,פלמוליב לכלים לימון,יבואן ומשווק: ש. שסט,GR,פלמוליב נוזל לניקוי כלים בריח לימון 1 ליטר,ליטרים,1.00,ליטר,false,1,13.90,13.9000,true,1,103823
7290004078690,false,"ג""ל לניקוי אסלה אג""ק",קולגייט פלמוליב,FR,אג'קס נוזל לניקוי אסלות ג'ל עם אקונומיקה  750 מל,מיליליטרים,750.00,"100 מ""ל",false,1,15.90,2.1200,true,1,103826
7290004091248,false,וזלין טהור 106 גרם,יבואן ומשווק: ש. שסט,US,וזלין  ג'ל פטרוליום 100% טהור 106 גרם,גרמים,106.00,100 גרם,false,1,15.90,15.0000,true,1,103839
7290004119133,false,יוגורט 7% בכד   1.5,מיוצר עי קונדיטוריית,IL,יוגורט 7% בכד1.5 ליטר,ליטרים,1.50,ליטר,false,1,17.80,11.8667,true,1,113005
7290004119225,false,יוגורט יופלה אננס 3%,תנובה בעמ,IL,יופלה יוגורט אננס 3% גביע 150 גרם,גרמים,150.00,100 גרם,false,1,4.90,3.2667,true,1,103844
7290004120634,false,גבינה בולגרית פיראוס,כצט,IL,פיראוס גבינה בולגרית 5% שומן,גרמים,250.00,100 גרם,false,1,23.90,9.5600,true,1,103854
7290004121754,false,יוגורט יופלה 3% עוגת,תנובה בעמ,IL,יופלה יוגורט עוגת גבינה ותות %3 150 גרם,גרמים,150.00,100 גרם,false,1,4.90,3.2667,true,1,103864
7290004121839,false,פטה פיראוס      20%,תנובה,IL,פיראוס פטה כבשים 20% שומן,גרמים,250.00,100 גרם,false,1,27.90,11.1600,true,1,103865
7290004121853,false,גבינה בולגרית קוביות,תנובה,IL,פירוס בולגרית קוביות 5% 200 גרם,גרמים,200.00,100 גרם,false,1,21.90,10.9500,true,1,103866
7290004122119,false,השף הלבן פתיתי גבע פ,כצט,IL,תנובה השף הלבן פתיתי גבע פרמזן 23% שומן,גרמים,100.00,100 גרם,false,1,12.90,12.9000,true,1,113007
7290004122195,false,גבינה קשה גוש חלב פר,תנובה,IL,גוש חלב פרוסות גבינה צהובה חצי קשה 28% שומן מהדרין,גרמים,200.00,100 גרם,false,1,14.50,7.2500,true,1,112627
7290004122270,false,גבינה עמק פרוס פתיחה,כצט,IL,עמק קלאסית פרוסות גבינה חצי קשה 28% 200 גרם,גרמים,200.00,100 גרם,false,1,15.90,7.9500,true,1,103867
7290004124847,false,קצפת צמחית 500 מל,תות תעשיות מזון (201,IL,"קצפת צמחית השף הלבן 500מ""ל",מיליליטרים,500.00,"100 מ""ל",false,1,16.70,3.3400,true,1,125171
7290004125370,false,שמנת 9%  תנובה 200 מ,כצט,IL,תנובה שמנת חמוצה מופחתת שומן,מיליליטרים,200.00,"100 מ""ל",false,1,3.70,1.8500,true,1,103888
7290004125400,false,"שלי אשל פיקוח 200 מ""",פארייפאבה אגרואינדוס,IL,תנובה אשל לבן 4.5% שומן,מיליליטרים,200.00,"100 מ""ל",false,1,1.69,0.8450,true,1,103889
7290004125417,false,"שלי גיל פיקוח 200 מ""",כצט,IL,תנובה גיל לבן 3% 206 גרם,מיליליטרים,200.00,"100 מ""ל",false,1,1.51,0.7550,true,1,103890
7290004125455,false,שמנת 15% תנובה פיקוח,כצט,IL,שמנת אורגינל 15% שומן 200 מל,מיליליטרים,200.00,"100 מ""ל",false,1,2.40,1.2000,true,1,103891
7290004125509,false,שמנת תנובה 15% חצי מ,תנובה,IL,תנובה שמנת 15% חצי מנה 100 מל,מיליליטרים,100.00,"100 מ""ל",false,1,1.70,1.7000,true,1,103892
7290004125578,false,משקה סויה מועשר בסיד,סוי מג'יק,IL,משקה סויה מועשר בסידן 1 ליטר,ליטרים,1.00,ליטר,false,1,11.50,11.5000,true,1,103893
7290004125585,false,משקה סויה על הבוקר ו,תות תעשיות מזון (201,IL,משקה סויה על הבוקר וניל 1 ליטר,ליטרים,1.00,ליטר,false,1,10.90,10.9000,true,1,103894
7290004125721,false,שמנת לבישול 15%  250,כצט,IL,"השף הלבן שמנת לבישול ,שמנת עמידה לבישול 15% 250 מל",מיליליטרים,250.00,"100 מ""ל",false,1,8.30,3.3200,true,1,103896
7290004125738,false,שמנת להקצפה 32%  250,כצט,IL,"שמנת להקצפה 32%  250 מ""ל",מיליליטרים,250.00,"100 מ""ל",false,1,6.90,2.7600,true,1,103897
7290004125776,false,גבינה קשה עמק 28% פר,כצט,IL,עמק פרוס 28% 400 גרם בקופסא,גרמים,400.00,100 גרם,false,1,29.90,7.4750,true,1,125172
7290004126872,false,שוקו תנובה בקבוק 250,תנובה,IL,"שוקו תנובה בקבוק 250 מ""ל",מיליליטרים,250.00,"100 מ""ל",false,1,5.90,2.3600,true,1,126991
7290004127329,false,קוטג 5% תנובה 250 גר,מיוצר עי קונדיטוריית,IL,קוטג 5% תנובה 250 גרם,גרמים,250.00,100 גרם,false,1,5.70,2.2800,true,1,103909
7290004127336,false,קוטג 9% תנובה 250 גר,מיוצר עי קונדיטוריית,IL,קוטג 9% תנובה 250 גרם,גרמים,250.00,100 גרם,false,1,5.70,2.2800,true,1,103910
7290004127800,false,גבינה למריחה 5% פיקו,מיוצר עי קונדיטוריית,IL,גבינה למריחה 5% פיקוח 500 גרם,גרמים,500.00,100 גרם,false,1,9.96,1.9920,true,1,103919
7290004127817,false,גבינה למריחה     9%,מיוצר עי קונדיטוריית,IL,גבינה למריחה 500 9% גרם,גרמים,500.00,100 גרם,false,1,9.50,1.9000,true,1,103920
7290004128333,false,גבינת לאבנה,כצט,IL,פיראוס גבינת לאבנה אסלית 9% שומן,גרמים,500.00,100 גרם,false,1,19.90,3.9800,true,1,111692
7290004128432,false,פתיתים מיוחדים לפיצה,כצט,IL,פתיתים מיוחדים לפיצה על בסיס גבינה,גרמים,500.00,100 גרם,false,1,22.20,4.4400,true,1,141003
7290004129101,false,גבינת שמנת נפוליאון,מחלבת אלון תבור,IL,גבינת שמנת נפוליאון טבעי 225 גרם,גרמים,225.00,100 גרם,false,1,13.90,6.1778,true,1,103934
7290004129118,false,גבינת שמנת נפוליאון,מחלבת אלון תבור,IL,גבינת שמנת נפוליאון זיתים 225 גרם,גרמים,225.00,100 גרם,false,1,13.90,6.1778,true,1,103935
7290004129156,false,גבינת שמנת נפוליאון,מחלבת אלון תבור,IL,גבינת שמנת נפוליאון שום שמיר 225 גרם,גרמים,225.00,100 גרם,false,1,13.90,6.1778,true,1,103937
7290004129736,false,יוגורט יופלה לבן 1.5,כצט,IL,יוגורט,גרמים,200.00,100 גרם,false,1,4.30,2.1500,true,1,116078
7290004130794,false,משקה סויה מועשר מופח,סוי מג'יק,IL,משקה סויה מועשר מופחת מתיקות 1 ליטר,ליטרים,1.00,ליטר,false,1,11.50,11.5000,true,1,111357
7290004131074,false,חלב 3% קרטון מהדרין,כצט,IL,חלב 3% קרטון מהדרין פיקוח 1 ליטר,ליטרים,1.00,ליטר,false,1,6.23,6.2300,true,1,103950
7290004132552,false,משקה סויה דיאט 1 ליט,תות תעשיות מזון (201,IL,משקה סויה דיאט 1 ליטר,ליטרים,1.00,ליטר,false,1,10.90,10.9000,true,1,118443
7290004133511,false,מאג.יופלה לבן מעוד,מיוצר עי קונדיטוריית,IL,יופלה שמיניה לבן מעודן 1.5%,קילוגרמים,1.20,"ק""ג",false,1,20.50,17.0833,true,1,117277
7290004133900,false,קצפת צמחית השף הלבן,סוי מג'יק,IL,"קצפת צמחית השף הלבן 250 מ""ל",מיליליטרים,250.00,"100 מ""ל",false,1,9.40,3.7600,true,1,125173
7290004135324,false,גבינה בולגרית מעודנת,תנובה מרכז שיתופי לש,,"בולגרית מעודנת 1 5% ק""ג",קילוגרמים,1.00,"ק""ג",true,,49.00,49.0000,true,1,129996
7290004136154,false,משקה אייס קפה תנובה,גוד פוד פרודקטס S.p,IL,"משקה אייס קפה תנובה בקבוק 340 מ""ל",מיליליטרים,340.00,"100 מ""ל",false,1,6.90,2.0294,true,1,140036
7290004136857,false,גלי בטעם פטל 125 גרם,תות תעשיות מזון (201,IL,גלי בטעם פטל 125 גרם,גרמים,125.00,100 גרם,false,1,2.30,1.8400,true,1,136707
7290004137311,false,גבינה עמק 9% לייט 40,תנובה,IL,עמק גבינה צהובה חצי קשה 9% שומן,גרמים,400.00,100 גרם,false,1,30.50,7.6250,true,1,140260
7290004137809,false,גבינת לאבנה פיראוס 5,"תנובה, מחלבת אלון תב",IL,פיראוס לאבנה אסלית 5% שומן 250 גרם,גרמים,250.00,100 גרם,false,1,13.20,5.2800,true,1,140849
7290004170462,false,ריבועי פיצה עם זיתים,גדרון,IL,ריבועי פיצה עם זיתים,קילוגרמים,1.00,"ק""ג",true,,49.90,49.9000,true,1,228993
7290004200930,false,"זיקוק זוג 15 ס""מ בשק",F.T.I,,זיקוק זוג 15 סמ בשקית,יחידה,1.00,יחידה,false,1,6.80,6.8000,true,1,183874
7290004225285,false,דאנאבול דנית 100 ג,האי נאם סי או אל.טי.,DK,רכיבי חלב ושומן צמחי בסגנון דנאבלו 100 גרם,גרמים,100.00,100 גרם,false,1,12.40,12.4000,true,1,179830
7290004255428,false,נר נשמה מנורה בפחית,מנורה,IL,נר נשמה מנורה בפחית  24 שעות,יחידה,1.00,יחידה,false,1,2.50,2.5000,true,1,219395
7290004256371,false,גבינת ריץ פרוסה 400,כלורוקס אוקלנד,PL,גבינה צהובה פרוסה על בסיס חלב,גרמים,400.00,100 גרם,false,1,18.90,4.7250,true,1,216226
7290004339425,false,שווארמה מהצומח סייטן,טבע דלי בעמ,IL,טבע דלי סייטן שווארמה 350 גרם,גרמים,350.00,100 גרם,false,1,25.90,7.4000,true,1,153144
7290004339784,false,בורגר על האש טבע דלי,טבע דלי,IL,בורגר על האש טבע דלי 400 גרם,גרמים,400.00,100 גרם,false,1,25.90,6.4750,true,1,188798
7290004339807,false,המבורגר כוסמת 400 גר,טבע דלי בעמ,IL,המבורגר כוסמת מש מונבט אורז מלא וציה 400,גרמים,400.00,100 גרם,false,1,25.90,6.4750,true,1,176874
7290004339999,false,סייטן אמרנט שניצלוני,טבע דלי,IL,סייטן אמרנט שניצלונים טבע דלי 400 גרם,גרמים,400.00,100 גרם,false,1,30.90,7.7250,true,1,199418
7290004344603,false,צבת אל חלד לציפורניי,,,צבת אל חלד לצפורניים סולינגן,יחידה,1.00,יחידה,false,1,59.90,59.9000,true,1,155526
7290004344627,false,קשת פשוטה זוג טאצ,,,קשת פשוטה זוג טאצ,יחידה,1.00,יחידה,false,1,12.90,12.9000,true,1,229318
7290004480332,false,גאודה בקר משולש גד ל,מחלבת גד,IL,"גאודה בקר משולש גד לק""ג",קילוגרמים,1.00,"ק""ג",true,,115.00,115.0000,true,1,231229
7290004480349,false,גאודה עיזים משולש גד,מחלבת גד,IL,"גאודה עיזים משולש גד לק""ג",קילוגרמים,1.00,"ק""ג",true,,140.00,140.0000,true,1,231230
7290004554330,false,שלגון אסקימו דובדבן,שטראוס גלידות,,שלגון אסקימו דובדבן,גרמים,84.00,100 גרם,false,1,3.90,4.6429,true,1,110495
7290004554781,false,שלגון אסקימו לימון,שטראוס גלידות,,שלגון אסקימו לימון,גרמים,84.00,100 גרם,false,1,2.90,3.4524,true,1,104344
7290004554798,false,שלגון מטרה,"מיוצר ע"" גלידת שטראו",IL,שטראוס מטרה שלגון בטעמי פטל ולימון 80 גרם,גרמים,90.00,100 גרם,false,1,6.90,7.6667,true,1,110496
7290004554903,false,פנטזיה פרווה שוקו ונ,,IL,גלידה פנטזיה פרווה 1 ל                 .,ליטרים,1.00,ליטר,false,1,23.90,23.9000,true,1,104345
7290004584351,false,גבינה במרקם שמנת סימ,"שטראוס בריאות בע""מ",IL,סימפוניה החמישית,גרמים,200.00,100 גרם,false,1,11.90,5.9500,true,1,104356
7290004584528,false,יוגורט דנונה ביו 1.7,מיוצר עי קונדיטוריית,IL,דנונה ביו  1.7% 200 גרם,גרמים,200.00,100 גרם,false,1,3.70,1.8500,true,1,104357
7290004585907,false,מעדן דני וניל 125 גר,מיוצר עי קונדיטוריית,IL,דני וניל,גרמים,125.00,100 גרם,false,1,2.90,2.3200,true,1,104362
7290004685041,false,לחם חיטה מלאה לחם הא,יוליניבר,IL,לחם פרוס מקמח חיטה מלאה,גרמים,750.00,100 גרם,false,1,14.90,1.9867,true,1,104451
7290004685201,false,לחם אגוזים לחם הארץ,יוליניבר,IL,הארץ שיפון אגוזים,גרמים,500.00,100 גרם,false,1,15.90,3.1800,true,1,104459
7290004685430,false,לחם כוסמין 500 גרם,יוליניבר,IL,לחם כוסמין 500 גרם,גרמים,500.00,100 גרם,false,1,15.90,3.1800,true,1,206004
7290004731076,false,אלסבון כיף אלוורה 1,טרופיקל דגיל תעשיות,IL,כיף 1 ליטר אלוורה,ליטרים,1.00,ליטר,false,1,15.90,15.9000,true,1,117634
7290004731083,false,אלסבון כיף גנסנג,טרופיקל דגיל תעשיות,IL,כיף 1 ליטר ג'נסינג,ליטרים,1.00,ליטר,false,1,15.90,15.9000,true,1,117635
7290004731472,false,מארז אלסבון כיף צבעו,טרופיקל דגיל תעשיות,IL,כיף שלישיה צבעוני,ליטרים,1.50,ליטר,false,1,18.90,12.6000,true,1,117637
7290004731670,false,מטהר אוויר דואופרש פ,"סנו מפעלי ברונוס בע""",IL,מבשם אוויר דואופרש לבנדר ופצ'ולי 300 מל,מיליליטרים,300.00,"100 מ""ל",false,1,11.90,3.9667,true,1,126708
7290004737443,false,קוקטייל פירות 820 גר,ג'יאנגסו יואהו פוד ק,CN,קוקטייל פירות 820 גרם,גרמים,820.00,100 גרם,false,1,9.90,1.2073,true,1,147597
7290004737900,false,חלב מרוכז הולנדי ויל,יו.איי.בי מאריג'אמפו,LT,חלב מרוכז הולנדי ויליפוד 397 גרם,גרמים,397.00,100 גרם,false,1,10.90,2.7456,true,1,104478
7290004859664,false,פי 4 טרי ארוז,,,עוף שלם טרי ארוז,קילוגרמים,1.00,"ק""ג",true,,23.90,23.9000,true,1,229385
7290004859688,false,פטם כרעיים טרי ארוז,,,"כרעיים עוף טרי ארוז לק""ג",קילוגרמים,1.00,"ק""ג",true,,29.90,29.9000,true,1,229386
7290004859701,false,שוקיים פטם טרי ארוז,מילועוף,,"שוקיים פטם טרי ארוז לק""ג",קילוגרמים,1.00,"ק""ג",true,,29.90,29.9000,true,1,229387
7290004859718,false,כנף טרי ארוז,מילועוף,IL,כנף טרי ארוז,קילוגרמים,1.00,"ק""ג",true,,10.90,10.9000,true,1,104604
7290004859725,false,כבד עוף טרי ארוז,מילועוף,,"כבד עוף טרי ארוז לק""ג",קילוגרמים,1.00,"ק""ג",true,,22.90,22.9000,true,1,229914
7290004872021,false,קרחון רמזור,המאפיה של הרמן,IL,נסטלה קרחון רמזור בדצ 48*80גרם,Unknown,0.00,Unknown,false,1,2.90,0.0000,true,1,110506
7290004872069,false,קרחון לימון,המאפיה של הרמן,IL,שלגון קרח לימון,Unknown,0.00,Unknown,false,1,2.90,0.0000,true,1,109749
7290004872229,false,שלגון שוקו מצופה,תות תעשיות מזון (201,IL,נסטלה שלגון שוקולד כלפ. 48*67גרם,Unknown,0.00,Unknown,false,1,5.90,0.0000,true,1,110512
7290004872250,false,שלגון אבטיח קיץ,תות תעשיות מזון (201,IL,שלגון אבטיח קיץ,Unknown,0.00,Unknown,false,1,6.90,0.0000,true,1,109669
7290004872359,false,קרחון דובדבן,המאפיה של הרמן,IL,שלגון קרח דובדבן,Unknown,0.00,Unknown,false,1,2.90,0.0000,true,1,109670
7290004872731,false,טילון אקסטרים וניל,נגה גלידות,,טילון אקסטרים וניל,Unknown,0.00,Unknown,false,1,9.50,0.0000,true,1,110515
7290004943301,false,ברוקולי מילוטל  800,משק ויילר,IL,ברוקולי מילוטל  800גרם,גרמים,800.00,100 גרם,false,1,12.90,1.6125,true,1,233704
7290004943806,false,כרובית מילוטל  800ג,משק ויילר,IL,כרובית מילוטל  800גרם,גרמים,800.00,100 גרם,false,1,12.90,1.6125,true,1,233688
7290005008184,false,סבון פלמוליב נוזלי ש,הנסיך- מפעל לייצור ט,TR,פלמוליב סבון נוזלי חלב שקדים 500 מל,מיליליטרים,500.00,"100 מ""ל",false,1,19.90,3.9800,true,1,104763
7290005084355,false,סנסודין דואלקר משחה,DE MICLEN,,סנסודיין משחת שיניים הגנה כפולה 75 מל,מיליליטרים,75.00,"100 מ""ל",false,1,21.90,29.2000,true,1,104814
7290005158407,false,עוגיות טחינה ואגוזים,פרוטרופיק סיה.,IL,עוגיות טחינה ואגוזים מכוסמין 300 גרם,גרמים,300.00,100 גרם,false,1,33.90,11.3000,true,1,223249
7290005174551,false,סלט חומוס יום יום 12,מיוצר עי קונדיטוריית,IL,חומוס יום-יום 125 גרם,גרמים,125.00,100 גרם,false,1,5.50,4.4000,true,1,104846
7290005174568,false,סלט חציל במיונז יום,מיוצר עי קונדיטוריית,IL,חציל במיונז 125 גרם,גרמים,125.00,100 גרם,false,1,5.50,4.4000,true,1,104847
7290005174575,false,סלט טחינה יום יום 12,מיוצר עי קונדיטוריית,IL,טחינה 125 משובחת,גרמים,125.00,100 גרם,false,1,4.90,3.9200,true,1,104848
7290005174841,false,סלט חציל בטעם כבד יו,מיוצר עי קונדיטוריית,IL,חציל בטעם כבד  125 גר',גרמים,125.00,100 גרם,false,1,5.50,4.4000,true,1,104850
7290005200786,false,תפוציפס טעם שמנת ובצ,"שטראוס פריטו ליי בע""",IL,תפו שמנת בצל 50 גר 48 יח - שמיטה,גרמים,50.00,100 גרם,false,1,3.90,7.8000,true,1,104886
7290005201882,false,קפה טורקי 200 גרם,הנסיך- מפעל לייצור ט,IL,עלית טורקי שקית 200ג/1שק'/200גר',גרמים,200.00,100 גרם,false,1,15.90,7.9500,true,1,104906
7290005326585,false,פסטו בזיליקום  אוליב,גוד פוד פרודקטס S.p,IL,פסטו בזיליקום  אוליביה180גרם,גרמים,180.00,100 גרם,false,1,12.90,7.1667,true,1,211186
7290005384851,false,"מיץ לימון 200 מ""ל",יורופוד,IT,"מיץ לימון 200 מ""ל",מיליליטרים,200.00,"100 מ""ל",false,1,5.90,2.9500,true,1,116005
7290005423055,false,מתז פורטה פלוס 1 ליט,"איי, בי, אינבוו",IL,סנו פורטה פלוס נוזל מרוכז XL ניחוח לימון 1 ליטר,לא מנהל יחידת מידה,0.00,לא מנהל יחידת מידה,false,1,17.90,0.0000,true,1,214674
7290005423253,false,מרסס למייבש כביסה מק,"איי, בי, אינבוו",IL,"מרסס למייבש כביסה מקסימה כחול 750 מ""ל",מיליליטרים,750.00,"100 מ""ל",false,1,18.90,2.5200,true,1,105221
7290005423369,false,סנו די קידס תחליב דו,טרופיקל דגיל תעשיות,IL,סנו די תחליב דוחה יתושים 100 מל,מיליליטרים,100.00,"100 מ""ל",false,1,19.90,19.9000,true,1,219163
7290005423420,false,משמיד עש מבושם 2 יח,טרופיקל דגיל תעשיות,BG,"סנו משמיד עש מבושם, 2 יחידות",Unknown,0.00,Unknown,false,1,21.90,0.0000,true,1,105225
7290005423482,false,קרם לניקוי כיריים,מיוצר עי קונדיטוריית,IL,"קרם לניקוי כיריים, 300 מל",מיליליטרים,300.00,"100 מ""ל",false,1,13.90,4.6333,true,1,116949
7290005423543,false,אורביטול משחה מלבינה,טרופיקל דגיל  תעשיות,IL,אורביטול משחת שיניים להלבנה 145 גרם,גרמים,145.00,100 גרם,false,1,11.80,8.1379,true,1,105228
7290005423567,false,מטליות לניקוי כללי ב,מולינו ניקולי s.p.a,IL,סנו סושי - 40 מטליות לניקוי כללי בגליל,לא מנהל יחידת מידה,0.00,לא מנהל יחידת מידה,false,1,23.90,0.0000,true,1,105229
7290005423635,false,ריצפז דוחה תיקנים 2,מיוצר עי קונדיטוריית,IL,סנו ריצפז פלוס,ליטרים,2.00,ליטר,false,1,21.90,10.9500,true,1,105231
7290005424113,false,מטלית רצפה,עופרטקס,,"מטלית רצפה סנו סושי 4 יח               """,Unknown,0.00,Unknown,false,1,13.10,0.0000,true,1,105237
7290005424311,false,משמיד חרקים סנו Kרב,מיוצר עי קונדיטוריית,IL,משמיד חרקים סנו Kרב קוטל500 מל,מיליליטרים,500.00,"100 מ""ל",false,1,23.90,4.7800,true,1,105240
7290005424755,false,ריצפז פלוס מטליות לח,טרופיקל דגיל תעשיות,IL,סנו ריצפז פלוס דוחה תיקנים ניחוח לימון,לא מנהל יחידת מידה,0.00,לא מנהל יחידת מידה,false,1,16.90,0.0000,true,1,210238
7290005424847,false,מפיות נייר סנו סושי,מיוצר עי קונדיטוריית,TR,"סנו סושי מפיות אירוח חד שכבתיות, 150 יחידות",Unknown,0.00,Unknown,false,1,9.90,0.0000,true,1,105249
7290005425127,false,מרסס שומנים 99% משמי,"איי, בי, אינבוו",IL,סנו מחטא ומשמיד חיידקים עוצמתי 750 מל,לא מנהל יחידת מידה,0.00,לא מנהל יחידת מידה,false,1,16.90,0.0000,true,1,214676
7290005425196,false,אבקת כביסה מקסימה סנ,מיוצר עי קונדיטוריית,IL,אבקת כביסה מרוכזת SENSITIVE,קילוגרמים,2.50,"ק""ג",false,1,28.90,11.5600,true,1,105255
7290005425202,false,אבק.כביסה מקסימה ביו,"איי, בי, אינבוו",IL,2.5 מקסימה ביו,קילוגרמים,2.50,"ק""ג",false,1,28.90,11.5600,true,1,110338
7290005425646,false,סנוקליר חלונות 1 ליט,"איי, בי, אינבוו",IL,סנוקליר לניקוי והברקה 1 ליטר,ליטרים,1.00,ליטר,false,1,11.90,11.9000,true,1,105258
7290005425714,false,לשטיחים סנופלוס ספרי,"איי, בי, אינבוו",IL,"סנו שמפו שטיחים פלוס, דוחה קרדית אבק הבית 500 גרם",מיליליטרים,600.00,"100 מ""ל",false,1,26.60,4.4333,true,1,105260
7290005426230,false,מטלית הפלא לרצפה,N.S.,,מטלית הפלא לרצפה סנו סושי,Unknown,0.00,Unknown,false,1,11.90,0.0000,true,1,105267
7290005427107,false,מגבת נייר סנו סושי 6,מיוצר עי קונדיטוריית,IL,"סנו סושי 6 מגבות הפלא, 700 גרם",מטרים,6350.00,מטר,false,1,12.90,0.0020,true,1,113640
7290005427732,false,אל סבון כיף קמומיל,,IL,כיף 2 ליטר קמומיל,ליטרים,2.00,ליטר,false,1,21.90,10.9500,true,1,113422
7290005427763,false,אל סבון כיף ג ינסינג,,IL,כיף 2 ליטר ג'ינסינג,ליטרים,2.00,ליטר,false,1,21.90,10.9500,true,1,113425
7290005427978,false,קרמה תרחיץ פנים 180,גוד פוד פרודקטס S.p,IL,קרמה תחליב רחצה לפנים 180 מל,מיליליטרים,180.00,"100 מ""ל",false,1,15.90,8.8333,true,1,120288
7290005427985,false,קרמה תרחיץ פנים,גוד פוד פרודקטס S.p,IL,תחליב פנים פילינג קרמה,גרמים,180.00,100 גרם,false,1,15.90,8.8333,true,1,120289
7290005428845,false,סנו סופט מפיות 100 י,,,סנו סופט מפיות 100 יח צבעוני,מיליליטרים,750.00,"100 מ""ל",false,1,9.90,1.3200,true,1,200213
7290005428852,false,מגבוני טישו צבעוני 5,ישרפייפר,IL,מגבוני טישו צבעוני סנו סופט          1/5,יחידה,1.00,יחידה,false,1,15.90,15.9000,true,1,113043
7290005430602,false,"מסיר כתמים אוקסיג""ן",הורביץ סחר,IL,"מסיר כתמים אוקסיג""ן מרסס 750 מ""ל",מיליליטרים,750.00,"100 מ""ל",false,1,18.90,2.5200,true,1,105303
7290005430961,false,בד גרד נוזל כביסה,יושלם,,בד-גרד נוזל לכביסה ביד 1 ליטר,ליטרים,1.00,ליטר,false,1,16.90,16.9000,true,1,105309
7290005431883,false,מלבי חלבי 165 גרם,לחמנו,IL,עדן מלבי 165 גרם,גרמים,165.00,100 גרם,false,1,6.90,4.1818,true,1,218355
7290005431913,false,עוגת גבינה פירורים 9,לחמנו,IL,עדן עוגת גבינה פירורים 92 גרם,גרמים,92.00,100 גרם,false,1,6.90,7.5000,true,1,218356
7290005431920,false,עוגת גבינה פירורים ל,לחמנו,IL,עדן עוגת גבינה פירורים לייט 78 גרם,גרמים,78.00,100 גרם,false,1,6.90,8.8462,true,1,218357
7290005509445,false,עוג.מיני קוקיס חמאה,HIQ FOOD PRODUCTS,IL,עוג.מיני קוקיס חמאה 600 גרם,גרמים,600.00,100 גרם,false,1,23.90,3.9833,true,1,205486
7290005540462,false,תאורת חרום   KN713,,,תאורת חירום                      KN713,Unknown,0.00,Unknown,false,1,99.00,0.0000,true,1,105390
7290005559709,false,בורקס פיצה,מיוצר עי קונדיטוריית,IL,בורקס פיצה מעדנות 700 גרם,גרמים,700.00,100 גרם,false,1,25.90,3.7000,true,1,105460
7290005559907,false,פיצה משפחתית גבינה מ,מיוצר עי קונדיטוריית,IL,פיצה משפחתית גבינה מעדנות 500גרם,גרמים,500.00,100 גרם,false,1,24.90,4.9800,true,1,105463
7290005559914,false,פיצה משפחתית זיתים,מיוצר עי קונדיטוריית,IL,פיצה משפחתית זיתים 550 גרם,גרמים,550.00,100 גרם,false,1,24.90,4.5273,true,1,105464
7290005559990,false,בצק פילאס תורכי 600,מיוצר עי קונדיטוריית,IL,בצק פילאס תורכי 600 גרם,גרמים,600.00,100 גרם,false,1,22.90,3.8167,true,1,105468
7290005583353,false,לחמנינ ארוכה שישיה,מאפיה מרחבית,,לחמניה ארוכה שישיה,Unknown,0.00,Unknown,false,1,8.70,0.0000,true,1,145099
7290005591761,false,דבש פרחי בר בקבוק לח,תות תעשיות מזון (201,IL,דבש טהור לחיץ 400 גרם,גרמים,400.00,100 גרם,false,1,24.90,6.2250,true,1,105482
7290005610509,false,צנונית בייבי ארוז,חקלאי,IL,צנונית בייבי ארוז,לא מנהל יחידת מידה,0.00,לא מנהל יחידת מידה,false,1,6.90,0.0000,true,1,208104
7290005686405,false,בננה ציפס מסוכרת 200,"דין שיווק וקליה בע""מ",,בננה ציפס מסוכרת 200 גרם,גרמים,200.00,100 גרם,false,1,7.90,3.9500,true,1,193785
7290005686436,false,תפוח עץ מיובש 200 גר,"דין שיווק וקליה בע""מ",,תפוח עץ מיובש 200 גרם,גרמים,200.00,100 גרם,false,1,11.90,5.9500,false,1,229647
7290005719998,false,תערובת להכנת מאפינס,פילסברי,IL,תערובת להכנת מאפינס פלסברי 335גרם,גרמים,335.00,100 גרם,false,1,17.90,5.3433,true,1,229719
7290005803628,false,קרחון מלון - צבע מאכ,המאפיה של הרמן,IL,נסטלה קרחון מלון בדצ 48*80גרם,Unknown,0.00,Unknown,false,1,2.90,0.0000,true,1,109751
7290005838002,false,מעדן דניאלה גבינה ונ,"שטראוס בריאות בע""מ",IL,דניאלה וניל,גרמים,88.00,100 גרם,false,1,4.40,5.0000,true,1,105751
7290005838613,false,סקי וניל 125 גרם,"שטראוס בריאות בע""מ",IL,סקי וניל 125 גרם,גרמים,125.00,100 גרם,false,1,3.90,3.1200,true,1,105753
7290005839078,false,מארז דנונה ביו 1.200,מיוצר עי קונדיטוריית,IL,מארז 8 חסכון - ביו 3% 150 גרם,קילוגרמים,1.20,"ק""ג",false,1,17.60,14.6667,true,1,105759
7290005839108,false,גבינה במרקם שמנת סימ,"שטראוס בריאות בע""מ",IL,סימפוניה 5% עם זתים,גרמים,200.00,100 גרם,false,1,11.90,5.9500,true,1,105761
7290005839313,false,מילקי טופ מגולגלת 14,מיוצר עי קונדיטוריית,IL,מילקי טופ מגולגלת,גרמים,140.00,100 גרם,false,1,4.90,3.5000,true,1,105763
7290005896439,false,בירה מכבי בקבוק חוזר,"איי, בי, אינבוו",IL,"בירה מכבי, בקבוק חוזר 500 מ''ל",מיליליטרים,500.00,"100 מ""ל",false,1,6.90,1.3800,true,1,177473
7290005938245,false,פסטו קלאסי 220 גרם,כלורוקס אוקלנד,IL,פרסקו פסטו קלאסי ממרח בזיליקום וצנובר 220 גרם,גרמים,220.00,100 גרם,false,1,19.90,9.0455,true,1,118517
7290005951022,false,דלעת ארוזה,חקלאי,IL,דלעת ארוזה,לא מנהל יחידת מידה,0.00,לא מנהל יחידת מידה,false,1,17.90,0.0000,true,1,222062
7290005966033,false,יין הר חרמון לבן,דולפין ספא,IL,"הר חרמון יין לבן יבש 2020 750 מ""ל",מיליליטרים,750.00,"100 מ""ל",false,1,33.90,4.5200,true,1,105856
7290005966903,false,יין שיאון אדום גולן,"כד בני דרום בע""מ",IL,רמת הגולן שיאון 2017 יין אדום יבש 750 מל,מיליליטרים,750.00,"100 מ""ל",false,1,25.20,3.3600,true,1,105883
7290005992018,false,"יוגורט עיזים 500 מ""ל","מיוצר ע""י קוד יצרן M",IL,"יוגורט עיזים 500 מ""ל גד",מיליליטרים,500.00,"100 מ""ל",false,1,13.90,2.7800,true,1,105914
7290005996078,false,סלמי סרוולט הונגרי 1,פ.פ.ח. שאביט,IL,סלמי סרוולט הונגרי 125 ג',גרמים,125.00,100 גרם,false,1,29.90,23.9200,true,1,219181
7290005996153,false,נקניקיות צרפתיות  28,פ.פ.ח. שאביט,IL,נק' בסגנון צרפתי 280 גרם,גרמים,280.00,100 גרם,false,1,23.90,8.5357,true,1,218735
7290005996160,false,נקניקיות צוריסוס  יח,יחיעם,IL,נק' צ'וריסו 280 גרם,גרמים,280.00,100 גרם,false,1,23.90,8.5357,true,1,218736
7290005996221,false,פסטרמה של פעם דק דק,פ.פ.ח. שאביט,IL,פסט' של פעם דק דק 120 גרם,גרמים,120.00,100 גרם,false,1,10.90,9.0833,true,1,219603
7290005996238,false,פסטרמה בדבש דק דק 12,פ.פ.ח. שאביט,IL,פסט' בדבש דק דק 120 גרם,גרמים,120.00,100 גרם,false,1,10.90,9.0833,true,1,219602
7290005996276,false,פסטרמה ברביקיו דק דק,פ.פ.ח. שאביט,IL,פסט' ברבקיו דק דק 140גר',גרמים,120.00,100 גרם,false,1,10.90,9.0833,true,1,219604
7290005996825,false,נקניקיות בקר אמריקאי,מעדני יחיעם,IL,נקניקיות בקר אמריקאיות יחיעם 280גרם,גרמים,280.00,100 גרם,false,1,23.90,8.5357,true,1,222994
7290006241191,false,אגוזי מלך קליית גת 1,הדקלאים אגודת שיתופי,US,אגוז מלך שקית 150 גרם,גרמים,150.00,100 גרם,false,1,19.90,13.2667,true,1,153423
7290006241214,false,שקד טבעי 200 גרם,הדקלאים אגודת שיתופי,IL,שקד טבעי שקית 200 גרם,גרמים,200.00,100 גרם,false,1,21.90,10.9500,true,1,112299
7290006241504,false,פריגת תפוזים קפוא 34,גת,IL,"פריגת תפוזים קפוא 340 מ""ל",מיליליטרים,340.00,"100 מ""ל",false,1,14.90,4.3824,true,1,106210
7290006241511,false,פריגת לימונענע קפוא,היינץ צפון אמריקה מק,IL,פריגת לימונענע קפוא 340 מל             .,מיליליטרים,340.00,"100 מ""ל",false,1,14.90,4.3824,true,1,106211
7290006241535,false,פריגת מנגו קפוא 340,היינץ צפון אמריקה מק,IL,קפוא מנגו,מיליליטרים,340.00,"100 מ""ל",false,1,14.90,4.3824,true,1,106213
7290006251107,false,"תה מסאלה צ""אי 25 שקי",מולינו ניקולי s.p.a,IL,מסאלה צ'אי,גרמים,50.00,100 גרם,false,1,19.90,39.8000,true,1,106232
7290006251275,false,תה ירוק סיני קלאסי 2,HIQ FOOD PRODUCTS,IL,תה ירוק סיני T.T,גרמים,37.00,100 גרם,false,1,25.90,70.0000,true,1,106234
7290006251374,false,תה ירוק לימונית וגינ,HIQ FOOD PRODUCTS,IL,תה ירוק לימונית וג'ינג'ר T.T,גרמים,37.00,100 גרם,false,1,25.90,70.0000,true,1,111402
7290006256089,false,יין גאטו נגרו קברנה,יושלם,,יין גאטו נגרו קברנה סוביניון750מל,מיליליטרים,750.00,"100 מ""ל",false,1,36.90,4.9200,true,1,106246
7290006256102,false,יין גאטו נגרו מרלו 7,יושלם,,יין גאטו נגרו מרלו 750 מל              .,מיליליטרים,750.00,"100 מ""ל",false,1,36.90,4.9200,true,1,106247
7290006265500,false,פטריות שמפיניון  יחי,מרינה,IL,פטריות שמפיניון  יחידה,גרמים,250.00,100 גרם,false,1,10.90,4.3600,true,1,209215
7290006271174,false,גחנון לאפיה מעדנות 7,מיוצר עי קונדיטוריית,IL,גחנון לאפיה מעדנות 700 גרם,גרמים,700.00,100 גרם,false,1,19.90,2.8429,true,1,106256
7290006271181,false,גחנון אפוי 750 גרם,מיוצר עי קונדיטוריית,IL,"ג""חנון אפוי 750 גרם מעדנות",גרמים,750.00,100 גרם,false,1,26.90,3.5867,true,1,106257
7290006271655,false,מיני בורקס גבינה,מיוצר עי קונדיטוריית,IL,מיני בורקס גבינה מעדנות 800גרם,גרמים,800.00,100 גרם,false,1,27.90,3.4875,true,1,146455
7290006272430,false,בצק עלים חמאה 600 גר,מיוצר עי קונדיטוריית,IL,בצק עלים חמאה 600 גרם,גרמים,600.00,100 גרם,false,1,27.90,4.6500,true,1,142397
7290006306296,false,רביולי גבינה לילדים,קרלו,IL,רביולי במילוי גבינה במיוחד לילדים,גרמים,400.00,100 גרם,false,1,29.90,7.4750,true,1,167696
7290006306326,false,רביולי פטריות ופרמזן,קרלו,IL,רביולי במילוי פטריות וגבינת פרמזן,גרמים,400.00,100 גרם,false,1,29.90,7.4750,true,1,123074
7290006322104,false,לחם ריחיים,הנסיך- מפעל לייצור ט,IL,לחם מקמח חיטה מלא ושיפון 500 גרם,גרמים,500.00,100 גרם,false,1,9.90,1.9800,true,1,106305
7290006322166,false,לחמניות 450 1/6 גר,הנסיך- מפעל לייצור ט,IL,מאפיית דוידוביץ 6 לחמניות רגילות לסנדוויץ 450 גרם,גרמים,450.00,100 גרם,false,1,10.90,2.4222,true,1,112345
7290006322470,false,לחם 9 דגנים קל,מאפיית דוידוביץ ובני,IL,"לחם 9 דגנים קל קמח מלא ושיפון מלא, 500 גרם",גרמים,500.00,100 גרם,false,1,10.90,2.1800,true,1,128966
7290006322838,false,לחם 100% מלא,הנסיך- מפעל לייצור ט,IL,דוידוביץ לחם מלא 100%,גרמים,750.00,100 גרם,false,1,10.90,1.4533,true,1,181419
7290006342072,false,גרעין שחור קלוי 150ג,דין שיווק,IL,גרעין לבן 200גרם,גרמים,200.00,100 גרם,false,1,10.90,5.4500,true,1,229632
7290006342553,false,קבוקים200 גר,יושלם,,קבוקים200 גר,גרמים,200.00,100 גרם,false,1,5.90,2.9500,true,1,229629
7290006342560,false,בוטן אמריקאי 200גרם,דין שיווק,IL,בוטן אמריקאי 200גרם,גרמים,200.00,100 גרם,false,1,5.90,2.9500,true,1,229607
7290006374738,false,קונפיטורה תות 340 גר,אף.סי תבליני בגליל ב,IL,קונפיטורת תות  340 גרם,גרמים,340.00,100 גרם,false,1,14.90,4.3824,true,1,112363
7290006451170,false,שנייק פיצה מחיר לקג-,"גידרון תעשיות בע""מ",IL,שנייק פיצה מחיר לקג-גידרון,קילוגרמים,1.00,"ק""ג",true,,39.90,39.9000,true,1,229674
7290006451187,false,שנייק פיצה תרד,"גידרון תעשיות בע""מ",IL,שנייק פיצה תרד,קילוגרמים,1.00,"ק""ג",true,,39.90,39.9000,true,1,229675
7290006492432,false,גבינה מוצרלה בייבי,מחלבות גד בעמ,IL,גבינה מוצרלה בייבי 150 גרם,גרמים,150.00,100 גרם,false,1,15.90,10.6000,true,1,106414
7290006492685,false,גבינת לאבנה עיזים 5%,מחלבות גד בעמ,IL,גבינת לאבנה עיזים 5% 250 גרם גד,גרמים,250.00,100 גרם,false,1,18.90,7.5600,true,1,123438
7290006492852,false,גבינה לבנה עיזים 5%,מחלבות גד,IL,גבינה לבנה עיזים 5% 250 גרם גד,גרמים,250.00,100 גרם,false,1,18.90,7.5600,true,1,126948
7290006511157,false,פטריות שמפניון שלמות,אוקצ'מפס אס.איי אויי,PL,ויליפוד פטריות שמפניון שלמות 400 גרם,גרמים,400.00,100 גרם,false,1,8.50,2.1250,true,1,113378
7290006567048,false,פתיתי קוסקוס 350 גרם,"מיוצר ע""י קוד יצרן K",IL,אסם פתיתי קוסקוס ישראלי 12*350גרם,גרמים,350.00,100 גרם,false,1,7.90,2.2571,true,1,115987
7290006578464,false,"רוקפור פאפיון לק""ג",,FR,"רוקפור פאפיון לק""ג",קילוגרמים,1.00,"ק""ג",true,,229.00,229.0000,true,1,231443
7290006618078,false,אסטוניש לניקוי כללי,פרח,,יעקבי אסטוניש ספריי ניקוי למטבח 750 מל,מיליליטרים,750.00,"100 מ""ל",false,1,15.90,2.1200,true,1,114198
7290006618085,false,אסטוניש לניקוי אמבטי,פרח,,יעקבי אסטוניש ספריי ניקוי לחדר האמבטיה 750 מל,מיליליטרים,750.00,"100 מ""ל",false,1,15.90,2.1200,true,1,114199
7290006618146,false,הפי נוזל להדלקת פחמי,תות תעשיות מזון (201,NL,יעקבי הפי מדליק פחמים נוזלי 500 מל,מיליליטרים,500.00,"100 מ""ל",false,1,18.90,3.7800,true,1,116990
7290006653765,false,פסטה פרפקטו פטוציני,פסטה זארה,IT,פרפקטו פסטה פטוציני איטלקי 24*500גרם,גרמים,500.00,100 גרם,false,1,7.90,1.5800,true,1,110008
7290006653819,false,קוסקוס דק בשקית 350,"מיוצר ע""י קוד יצרן K",IL,אסם קוסקוס דק 12*350גרם,גרמים,350.00,100 גרם,false,1,7.90,2.2571,true,1,113024
7290006660596,false,קמח עדשים אדומות דגש,אף.סי תבליני בגליל ב,IL,דוכן גן שמואל קמח אורז מלא 500 גרם,גרמים,500.00,100 גרם,false,1,20.90,4.1800,true,1,213626
7290006660602,false,מי קוקוס אורגני גרין,תות תעשיות מזון (201,PH,מי קוקוס אורגני גרין קוקו 1 ליטר,ליטרים,1.00,ליטר,false,1,19.90,19.9000,true,1,213636
7290006664051,false,אקטימל14  יח,מיוצר עי קונדיטוריית,IL,אקטימל לבן 14,ליטרים,1.40,ליטר,false,1,32.60,23.2857,true,1,115847
7290006664655,false,משקה יוגורט אקטימל מ,מיוצר עי קונדיטוריית,IL,אקטימל לבן שמינייה,מיליליטרים,864.00,"100 מ""ל",false,1,20.90,2.4190,true,1,115850
7290006664990,false,מארז דנונה ביו 1.7%,מיוצר עי קונדיטוריית,IL,מארז דנונה ביו 1.7% שמינייה,קילוגרמים,1.20,"ק""ג",false,1,17.60,14.6667,true,1,116584
7290006681003,false,גלידה סורבה תות לימו,,IL,גלידה קרמיסימו סורבה שרבט תות לימון 1.33 ל',ליטרים,1.33,ליטר,false,1,26.90,20.2256,true,1,106693
7290006681065,false,שלגון טעמקור  XL,שטראוס גלידות,,שלגון טעמקור  XL,גרמים,75.00,100 גרם,false,1,9.90,13.2000,true,1,112368
7290006681553,false,קרמבו וניל מארז 8 יח,"גלידת שטראוס בע""מ",IL,"שטראוס קרמבו 80 מ""ל",גרמים,200.00,100 גרם,false,1,15.90,7.9500,true,1,115979
7290006703323,false,שוקיים עוף קפוא,מעדני הטלה,,שוקיים עוף קפוא,קילוגרמים,1.00,"ק""ג",true,,34.90,34.9000,true,1,174658
7290006703576,false,כבד עוף קפוא,מעדני הטלה והעגל,,כבד עוף קפוא500  גר,גרמים,500.00,100 גרם,false,1,11.90,2.3800,true,1,180479
7290006714381,false,טחון עוף 500 גר,מעדני הטלה והעגל,,"טחון עוף 500 גר                        """,גרמים,500.00,100 גרם,false,1,14.90,2.9800,true,1,153595
7290006739414,false,סלמי קוניאק,כצט,IL,זוגלובק סלמי קוניאק 300 גרם א.מ.,גרמים,300.00,100 גרם,false,1,26.90,8.9667,true,1,145694
7290006739421,false,סלמי מעושן איטלקי 30,כצט,IL,זוגלובק סלמי מעושן איטלקי 300 גרם א.מ.,גרמים,300.00,100 גרם,false,1,28.90,9.6333,true,1,115793
7290006739445,false,שניצל תירס קלאסי 750,כצט,IL,זוגלובק שניצל תירס קלאסי 750 גר בדצ - ללא מגשית,גרמים,750.00,100 גרם,false,1,28.90,3.8533,true,1,147869
7290006739544,false,כתף בקר 300 גרם זוגל,כצט,IL,זוגלובק כתף בקר 300 גרם א.מ.,גרמים,300.00,100 גרם,false,1,31.90,10.6333,true,1,153922
7290006742162,false,המבורגר מזרחי זוגלוב,כצט,IL,המבורגר מזרחי זוגלובק  400 גרם,גרמים,400.00,100 גרם,false,1,21.90,5.4750,true,1,135551
7290006764065,false,בירה נשר מאלט בקבוק,"איי, בי, אינבוו",IL,בירה מאלט ללא אלכוהול 500 מל,מיליליטרים,500.00,"100 מ""ל",false,1,5.80,1.1600,true,1,106769
7290006764072,false,בירה גולדסטאר בקבוק,"טמפו משקאות בע""מ",IL,"בירה גולדסטאר בקבוק חוזר 500 מ""ל",מיליליטרים,500.00,"100 מ""ל",false,1,7.90,1.5800,true,1,106770
7290006765765,false,פפאיה מסוכרת,"דין שיווק וקליה בע""מ",,פפאיה מסוכרת 200 גרם,גרמים,200.00,100 גרם,false,1,12.90,6.4500,false,1,106783
7290006765895,false,בוטן קליפה קלוי 200,דין שיווק,IL,בוטן קליפה קלוי 200,גרמים,200.00,100 גרם,false,1,6.90,3.4500,true,1,229648
7290006775016,false,עוגת תפוז 450גרם,אחדות ביחר לטחינה חל,IL,אחוה עוגה בטעם תפוז 450 גרם,גרמים,450.00,100 גרם,false,1,10.90,2.4222,true,1,201583
7290006775023,false,עוגה אנגלית 450גרם,אחדות בעמ,IL,אחוה עוגה אנגלית 450 גרם,גרמים,450.00,100 גרם,false,1,10.90,2.4222,true,1,201584
7290006775030,false,עוגת שוקולד ציפס 450,אחדות בעמ,IL,אחווה עוגת שוקולד צ'יפס 450 גרם,גרמים,450.00,100 גרם,false,1,10.90,2.4222,true,1,158433
7290006775047,false,עוגת שוקולד 450גרם,"אחדות ביח""ר לטחינה",IL,אחווה עוגה בטעם שוקולד 450 גרם,גרמים,450.00,100 גרם,false,1,10.90,2.4222,true,1,158434
7290006775054,false,עוגת שיש 450גרם,אחווה,IL,עוגת שיש 450גרם,גרמים,450.00,100 גרם,false,1,10.90,2.4222,true,1,201585
7290006775078,false,עוגת דבש אחוה 400 גר,אחווה,,עוגת דבש אחוה 400 גרם,גרמים,400.00,100 גרם,false,1,8.90,2.2250,true,1,199939
7290006775085,false,עוגת שמרים שוקולד 40,אחדות בעמ,IL,אחוה עוגת שמרים בטעם שוקולד 400 גרם,גרמים,400.00,100 גרם,false,1,10.90,2.7250,true,1,158432
7290006775337,false,עוגת שמרים פרג 400גר,אחדות בעמ,IL,אחוה עוגת שמרים במילוי פרג 400 גרם,גרמים,400.00,100 גרם,false,1,10.90,2.7250,true,1,153949
7290006775344,false,עוגת שמרים קינמון 40,אחדות בעמ,IL,עוגת שמרים קינמון 400 גרם,גרמים,400.00,100 גרם,false,1,10.90,2.7250,true,1,153404
7290006775764,false,עוגת שוקולד ציפס,אחדות ביחר לטחינה חל,IL,עוגת שוקולד ציפס ללא סוכר          400,גרמים,400.00,100 גרם,false,1,13.90,3.4750,true,1,153405
7290006784025,false,עלמה ספוג הפלא להסרת,קומפלקס כימיקלים,IL,עלמה ספוג הפלא להסרת כתמים קשים,יחידה,1.00,יחידה,false,1,6.90,6.9000,true,1,233055
7290006784032,false,עלמה כרית יפנית  ללא,קומפלקס כימיקלים,IL,עלמה כרית יפנית  ללא שריטות 6 יחידות,יחידה,6.00,יחידה,false,1,7.90,1.3167,true,1,233056
7290006784070,false,עלמה כריות קרצוף 2+1,קומפלקס כימיקלים,IL,עלמה כריות קרצוף 2+1  יחידות,יחידה,3.00,יחידה,false,1,8.90,2.9667,true,1,233058
7290006784186,false,עלמה כפפות ניטריל שח,קומפלקס כימיקלים,CN,עלמה כפפות ניטריל שחור ללא אבקה L,יחידה,1.00,יחידה,false,1,21.90,21.9000,true,1,233059
7290006784193,false,עלמה כפפות ניטריל שח,קומפלקס כימיקלים,CN,עלמה כפפות ניטריל שחור ללא אבקה M,יחידה,1.00,יחידה,false,1,21.90,21.9000,true,1,233060
7290006784230,false,עלמה כפפות ניטריל שח,קומפלקס כימיקלים,CN,עלמה כפפות ניטריל שחור ללא אבקה S,יחידה,1.00,יחידה,false,1,21.90,21.9000,true,1,233061
7290006784339,false,תרסיס לניקוי רהיטים,קומפלקס כימיקלים,IL,תרסיס לניקוי רהיטים 300 מל,מיליליטרים,300.00,"100 מ""ל",false,1,11.90,3.9667,true,1,233083
7290006784360,false,חלונית נוזל רב תכלתי,קומפלקס כימיקלים,IL,חלונית נוזל רב תכלתי 1 ליטר,ליטרים,1.00,ליטר,false,1,6.90,6.9000,true,1,205553
7290006784407,false,מבשם כביסה בניחוח בי,טרסאן,TR,מבשם כביסה בניחוח בית מלון בוטיק 500 מל,מיליליטרים,500.00,"100 מ""ל",false,1,13.90,2.7800,true,1,233063
7290006784421,false,עלמה כפפות ניטריל שח,קומפלקס כימיקלים,CN,עלמה כפפות ניטריל שחור ללא אבקה XL,יחידה,1.00,יחידה,false,1,21.90,21.9000,true,1,233065
7290006784438,false,מרכך כביסה פיור מרוכ,טרסאן,TR,מרכך כביסה פיור מרוכז לבן 1 ליטר,ליטרים,1.00,ליטר,false,1,11.90,11.9000,true,1,233066
7290006784452,false,פיור מבשם כביסה בניח,טרסאן,TR,פיור מבשם כביסה בניחוח בית מלון רויאל 50,מיליליטרים,500.00,"100 מ""ל",false,1,13.90,2.7800,true,1,233068
7290006784599,false,fashion yoyo boss מי,סורה קוסמטיקס,TR,fashion yoyo boss מילוי מכשיר אוויר 250,מיליליטרים,250.00,"100 מ""ל",false,1,13.90,5.5600,true,1,233072
7290006784636,false,fashion meduza ספריי,סורה קוסמטיקס,TR,fashion meduza ספריי אוויר 250 מל,מיליליטרים,250.00,"100 מ""ל",false,1,13.90,5.5600,true,1,233074
7290006784643,false,fashion rose gold מי,סורה קוסמטיקס,TR,fashion rose gold מילוי מכשיר אוויר 250,מיליליטרים,250.00,"100 מ""ל",false,1,13.90,5.5600,true,1,233075
7290006784865,false,מטבחים ספריי לניקוי,קומפלקס כימיקלים,IL,מטבחים ספריי לניקוי של כל משטחי המטבח 1,ליטרים,1.00,ליטר,false,1,12.90,12.9000,true,1,233078
7290006785657,false,בלונים 20 פסטל רחבה,גמר,,בלונים 20 פסטל רחבה,יחידה,1.00,יחידה,false,1,6.90,6.9000,true,1,229915
7290006788429,false,דאו.רול און כתום מס4,מולינו ניקולי s.p.a,IL,"קרליין, דיאורדורנט נושם רול און כתום  SUNRISE75 מל",גרמים,119.00,100 גרם,false,1,13.90,11.6807,true,1,113259
7290006788436,false,דאו.רול און ורוד מס5,משווק: קוסמופארם בעמ,IL,קרליין דיאודורנט נושם+ רול און וורוד PURE 75 מל,גרמים,119.00,100 גרם,false,1,13.90,11.6807,true,1,113619
7290006788498,false,דאו.תרסיס ורוד מס .5,מיוצר עי : אמיליה קו,IL,"קרליין דיאורדורנט נושם  ספריי  וורוד PURE200 מ""ל",מיליליטרים,200.00,"100 מ""ל",false,1,13.90,6.9500,true,1,112524
7290006805850,false,תערובת להכנת פנקייקס,הדקלאים אגודת שיתופי,IL,תערובת קלת הכנה לפנקייק ביתי וטעים 450 גרם,גרמים,500.00,100 גרם,false,1,17.90,3.5800,true,1,117283
7290006822192,false,נקטר אושן ספריי דיאט,מולינו ניקולי s.p.a,IL,פריגת דיאט אושן ספריי חמוציות 1 ליטר,ליטרים,1.00,ליטר,false,1,15.00,15.0000,true,1,110167
7290006983152,false,קרוטונים מתובלים,עינת תעשיות,IL,אסם קרוטונים מתובלים 12*400גרם,גרמים,400.00,100 גרם,false,1,19.90,4.9750,true,1,115743
7290006983527,false,עוגת תפוחי עץ פירורי,מיוצר עי קונדיטוריית,IL,הבית עוגת תפוחי עץ עם פירורים 8*400גרם,גרמים,400.00,100 גרם,false,1,19.90,4.9750,true,1,107036
7290006983787,false,עוגת הבית שוקוציפס 4,מיוצר עי קונדיטוריית,IL,הבית עוגת שוקולד צ'יפס 8*400גרם,גרמים,400.00,100 גרם,false,1,15.90,3.9750,true,1,110035
7290006983794,false,עוגת הבית תפוז 400 ג,מיוצר עי קונדיטוריית,IL,הבית עוגת תפוז 8*400גרם,גרמים,400.00,100 גרם,false,1,15.90,3.9750,true,1,110036
7290008000796,false,משחת שיניים סופרמן,כצט נוביס,,משחת שיניים לילדים-סופרמן50 גר,מיליליטרים,50.00,"100 מ""ל",false,1,10.90,21.8000,true,1,115669
7290008000826,false,משחת שיניים ברבי,כצט נוביס,,משחת שיניים ברבי50 מל                  .,מיליליטרים,50.00,"100 מ""ל",false,1,10.90,21.8000,true,1,115363
7290008104050,false,לקטופיל פמינה לשטיפה,כצט נוביס סעמ,IL,פמינה תחליב רחצה אינטימי קלאסיק 220 מל,מיליליטרים,220.00,"100 מ""ל",false,1,21.90,9.9545,true,1,107796
7290008116541,false,מי פה ליסטרין קול מי,ג'ונסון אנד ג'ונסון,IT,ליסטרין שטיפת פה מנטה קריר 500 מל,מיליליטרים,500.00,"100 מ""ל",false,1,17.90,3.5800,true,1,172273
7290008175814,false,פטריות חתוכות שמפניו,"אוקצ'מפ אס, איי אויי",PL,פטריות חתוך 400גרם- בד'צ,גרמים,400.00,100 גרם,false,1,5.50,1.3750,true,1,146224
7290008190909,false,מיני קוקיס שוקולד צי,כרמית,IL,מיני קוקיס שוקולד ציפס 600 גר,גרמים,600.00,100 גרם,false,1,23.90,3.9833,true,1,117372
7290008213493,false,משחת שיניים קולגייט,הנסיך- מפעל לייצור ט,PL,קולגייט טוטאל 12 משחת שיניים להלבנה מתקדמת 100 מל,מיליליטרים,100.00,"100 מ""ל",false,1,19.90,19.9000,true,1,107841
7290008268455,false,קיווי ישראלי  ארוז 4,חקלאי,IL,קיווי ישראלי  ארוז 400 גרם,גרמים,400.00,100 גרם,false,1,14.90,3.7250,true,1,221302
7290008330398,false,דפי מייבש בדין כחול,קלין טסט פרודקטס,US,בדין דפי מרכך ריחניים למייבש הכביסה,לא מנהל יחידת מידה,0.00,לא מנהל יחידת מידה,false,1,18.90,0.0000,true,1,135522
7290008333115,false,גלטין טהור 28 גרם,יוליניבר,,ויליגר אבקת ג'לטין טהור 28 גרם,גרמים,28.00,100 גרם,false,1,10.90,38.9286,true,1,107920
7290008335584,false,"סיגרים במילוי תפו""א",האי נאם סי או אל.טי.,IL,"סיגרים במילוי תפו""א 600 גרם",גרמים,600.00,100 גרם,false,1,15.90,2.6500,true,1,107937
7290008340618,false,סלמון מעושן מצונן 10,ויליגר תעשיות בעמ,IL,פרלינג סלומון מעושן 100 גרם,גרמים,100.00,100 גרם,false,1,21.90,21.9000,true,1,111418
7290008409049,false,מיני שניצלונים ציפוי,תנובה גליל שותפות מו,IL,מיני שניצלונים ציפוי שומשום 500 גרם מאמא,גרמים,500.00,100 גרם,false,1,29.90,5.9800,true,1,179732
7290008409100,false,אצבעות שניצל ציפוי ש,תנובה גליל שותפות מו,IL,אצבעות שניצל ציפוי שומשום מאמא ע 700 גרם,גרמים,700.00,100 גרם,false,1,38.90,5.5571,true,1,118152
7290008409124,false,שניצל גונגל מאמא עוף,תנובה גליל שותפות מו,IL,שניצל גונגל מאמא עוף 700 גרם,גרמים,700.00,100 גרם,false,1,38.90,5.5571,true,1,118546
7290008409216,false,שניצל דק דק פריך,תנובה גליל,IL,מאמא עוף שניצל דק פריך 700 גרם,גרמים,700.00,100 גרם,false,1,44.90,6.4143,true,1,148493
7290008409407,false,"שניצל דק בציפוי צ""יפ",תנובה גליל שותפות מו,IL,"שניצל דק בציפוי צ""יפס 700 גרם",גרמים,700.00,100 גרם,false,1,44.90,6.4143,true,1,163632
7290008409582,false,שניצל אמיתי ביתי מאמ,תנובה גליל שותפות מו,IL,שניצל אמיתי ביתי מאמא עוף  700 גרם,גרמים,700.00,100 גרם,false,1,44.90,6.4143,true,1,107984
7290008443616,false,נקה 7 מרכך שיער יבש,מולינו ניקולי s.p.a,IL,נקה 7-מרכך לשיער יבש,מיליליטרים,750.00,"100 מ""ל",false,1,11.90,1.5867,true,1,108020
7290008461221,false,סרדינים בשמן חמניות,יוליניבר,PT,סרדינים בשמן חמניות 115 גרם,גרמים,115.00,100 גרם,false,1,6.90,6.0000,true,1,108033
7290008461283,false,גבינה טריפל צדר נני,יוליניבר,,גבינה טריפל צדר נני  200 גרם,גרמים,200.00,100 גרם,false,1,24.90,12.4500,true,1,208777
7290008462204,false,חרדל דיזון מיילי מקו,יוליניבר,FR,חרדל דיזון מיילי מקורי 380 גרם,גרמים,380.00,100 גרם,false,1,15.90,4.1842,true,1,113229
7290008462259,false,חרדל דיזון חריף מייל,כצט,FR,חרדל דיזון חריף מיילי גרגירים 380 גר,גרמים,380.00,100 גרם,false,1,16.90,4.4474,true,1,164419
7290008464130,false,בירה גולדסטאר ל.מסונ,טמפו,,בירה גולדסטאר ל.מסונן שישייה בקבוק 330 מ,ליטרים,1.98,ליטר,false,1,39.90,20.1515,true,1,181903
7290008464338,false,בירה מכבי בקבוק 330,בירה מכבי,IL,בירה מכבי בקבוק 330 מל לאגר בהירה,מיליליטרים,330.00,"100 מ""ל",false,1,7.90,2.3939,true,1,108054
7290008464345,false,בירה גולדסטאר בקבוק,פארייפאבה אגרואינדוס,IL,"בירה גולדסטאר, בקבוק 330 מ''ל",מיליליטרים,330.00,"100 מ""ל",false,1,7.90,2.3939,true,1,108055
7290008464468,false,בירה גולדסטאר פחית 5,פארייפאבה אגרואינדוס,IL,"בירה גולדסטאר, פחית 500 מ""ל",מיליליטרים,500.00,"100 מ""ל",false,1,8.90,1.7800,true,1,108058
7290008464475,false,בירה מכבי פחית 500 מ,"איי, בי, אינבוו",IL,"בירה מכבי, פחית 500 מ""ל",מיליליטרים,500.00,"100 מ""ל",false,1,8.90,1.7800,true,1,108059
7290008464611,false,"מי סודה טמפו 275 מ""ל","איי, בי, אינבוו",IL,"הסודה של טמפו, מי סודה בגיזוז חזק, 275 מל",מיליליטרים,275.00,"100 מ""ל",false,1,3.90,1.4182,true,1,212095
7290008493413,false,פירורי גריסיני 200 ג,מאיר בייגל,IL,מאיר בייגל פירורי גריסיני 200 גרם,גרמים,200.00,100 גרם,false,1,6.90,3.4500,true,1,132974
7290008500005,false,תערובת להכנת בראוניז,פילסברי,IL,תערובת להכנת בראוניז פלסברי ללג 415גרם,גרמים,415.00,100 גרם,false,1,20.90,5.0361,true,1,229721
7290008500036,false,תערובת להכנת עוגיות,פילסברי,IL,תערובת להכנת עוגיות שוקו ציפס פלסברי200,גרמים,200.00,100 גרם,false,1,16.90,8.4500,true,1,229720
7290008590129,false,שעועית ירוקה שלמה שף,משק ויילר,BE,שעועית ירוקה שלמה שף הטבע 800גרם,גרמים,800.00,100 גרם,false,1,11.90,1.4875,true,1,233699
7290008590150,false,אפונת גינה קטנה שף,משק ויילר,BE,אפונת גינה קטנה שף הטבע   800גרם,גרמים,800.00,100 גרם,false,1,11.90,1.4875,true,1,233701
7290008590167,false,אפונה וגזר שף הטבע,משק ויילר,BE,אפונה וגזר שף הטבע   800 גרם,גרמים,800.00,100 גרם,false,1,11.90,1.4875,true,1,233702
7290008590198,false,שעועית ירוקה חתוכה ש,משק ויילר,BE,שעועית ירוקה חתוכה שף הטבע   800גרם,גרמים,800.00,100 גרם,false,1,11.90,1.4875,true,1,233703
7290008612074,false,"אגד מתמתח 5 ס""מ",פארמה פלסט,EG,"אגד מתמתח 5 ס""מ",לא מנהל יחידת מידה,0.00,לא מנהל יחידת מידה,false,1,7.90,0.0000,true,1,230372
7290008634045,false,פלסטר לילדים סאני 30,,,פלסטר לילדים סאני 30 יחידות,יחידה,1.00,יחידה,false,1,6.90,6.9000,true,1,184099
7290008644112,false,סלט מטבוחה יום יום 1,"שטראוס גרופ בע""מ",IL,סלט מטבוחה יום יום 125 גרם,גרמים,125.00,100 גרם,false,1,5.50,4.4000,true,1,108127
7290008644945,false,סלט המושבה שטופים שט,תות תעשיות מזון (201,IL,סלט המושבה 450 גרם שטראוס טעם הטבע,גרמים,450.00,100 גרם,false,1,13.90,3.0889,true,1,108146
7290008645935,false,חומוס אחלה 750 גרם,"שטראוס גרופ בע""מ",IL,חומוס 750 אחלה,גרמים,750.00,100 גרם,false,1,10.90,1.4533,true,1,117819
7290008670012,false,יין רקנאטי קברנה סוב,תות ממתקי איכות,IL,רקנטי - קברנה סוביניון 2017 750 מל,מיליליטרים,750.00,"100 מ""ל",false,1,52.90,7.0533,true,1,108155
7290008690713,false,נקטר אושן ספריי חמוצ,מולינו ניקולי s.p.a,IL,פריגת אושן ספריי חמוציות 1 ליטר,ליטרים,1.00,ליטר,false,1,15.50,15.5000,true,1,108182
7290008693134,false,מעדן דניאלה גבינה תו,"שטראוס בריאות בע""מ",IL,דניאלה תות,גרמים,88.00,100 גרם,false,1,4.40,5.0000,true,1,108195
7290008745239,false,תפוציפס קראנץ,"שטראוס פריטו ליי בע""",IL,תפו קראנצ טבעי 50 גר 48 יח - שמיטה,גרמים,50.00,100 גרם,false,1,3.90,7.8000,true,1,108245
7290008747547,false,תפוציפס קראנץ טבעי 2,"שטראוס פריטו ליי בע""",IL,תפו קראנצ טבעי 200 גר 12 יח - שמיטה,גרמים,200.00,100 גרם,false,1,9.90,4.9500,true,1,108256
7290008752244,false,תפוציפס קראנץ גריל,"שטראוס פריטו ליי בע""",IL,תפו קראנצ גריל 50 גר 48 יח - שמיטה,גרמים,50.00,100 גרם,false,1,3.90,7.8000,true,1,108300
7290008753111,false,תפוציפס קראנץ מקסיקנ,"שטראוס פריטו ליי בע""",IL,תפו קראנצ מקסיקני 50 גר 48 יח- שמיטה,גרמים,50.00,100 גרם,false,1,3.90,7.8000,true,1,108313
7290008775823,false,ערגליות תות 300 גרם,מיוצר עי קונדיטוריית,IL,ערגליות תות שדה 6*300גרם,גרמים,300.00,100 גרם,false,1,10.90,3.6333,true,1,108363
7290008792264,false,מפיות אירוח טאצ 100,"שניב תעשיות נייר בע""",,מפיות אירוח טאצ 100 יחידות,יחידה,0.00,יחידה,false,1,5.90,0.0000,true,1,127466
7290008806305,false,שלגון פצפצים,"מיוצר ע"" גלידת שטראו",IL,שלגון פצפצים תות בננה עם סוכרי,גרמים,97.00,100 גרם,false,1,6.90,7.1134,true,1,108430
7290008806961,false,גלידה קרמיסימו שוקול,"גלידת שטראוס בע""מ",IL,גלידה קרמיסימו שוקולד צ'יפ פרה 1.33 ל',ליטרים,1.33,ליטר,false,1,26.90,20.2256,true,1,108436
7290008849470,false,רוטב פלפל צומה,אוליביה גורמה בעמ,IL,רוטב פלפל צומה-פלפל ושום185 גר,גרמים,185.00,100 גרם,false,1,12.90,6.9730,true,1,108470
7290008849661,false,ממרח עגבניות מיובשות,טרופיקל דגיל תעשיות,IL,ממרח עגבניות מיובשות פקנטי אוליביה,גרמים,180.00,100 גרם,false,1,12.90,7.1667,true,1,211184
7290008880112,false,מצת קליפר,Flamagas SA Barcelon,,מצת קליפר,לא מנהל יחידת מידה,0.00,לא מנהל יחידת מידה,false,1,6.00,0.0000,false,1,197714
7290008909761,false,בירה קרלסברג בקבוק,מולינו ניקולי s.p.a,IL,"קרלסברג בק 330 מ""ל פקדון",מיליליטרים,330.00,"100 מ""ל",false,1,9.50,2.8788,true,1,139376
7290008909853,false,קוקה קולה זירו,פארייפאבה אגרואינדוס,IL,"קולה ZERO בקבוק 500 מ""ל",מיליליטרים,500.00,"100 מ""ל",false,1,7.50,1.5000,true,1,139848
7290008909884,false,קוקה קולה ZERO קלאסי,החברה המרכזית לייצור,IL,"קוקה קולה זירו קלאסי 330 מ""ל",מיליליטרים,330.00,"100 מ""ל",false,1,7.00,2.1212,true,1,169677
7290009397642,false,מאפיין שוקולד - חמיש,"גידרון תעשיות בע""מ",,מאפיין שוקולד - חמישיה,גרמים,250.00,100 גרם,false,1,9.90,3.9600,true,1,115820
7290009398113,false,חלה מתוקה,"גידרון תעשיות בע""מ",,חלה מתוקה                            ח א,גרמים,560.00,100 גרם,false,1,11.90,2.1250,true,1,118473
7290009399288,false,פס גבינה אפוי,"גידרון תעשיות בע""מ",,פס גבינה אפוי,יחידה,1.00,יחידה,false,1,34.90,34.9000,true,1,148502
7290010023141,false,חליטת תה צמחים לימונ,HIQ FOOD PRODUCTS,IL,לימונענע - הגן הקסום,גרמים,55.00,100 גרם,false,1,19.90,36.1818,true,1,35504
7290010023943,false,תה רויבוש קינמון,מולינו ניקולי s.p.a,IL,רוייבוש קינמון וניל T.T,גרמים,50.00,100 גרם,false,1,28.50,57.0000,true,1,122455
7290010051045,false,בייבי מיקס נספק,חקלאי,IL,בייבי מיקס נספק,גרמים,160.00,100 גרם,false,1,7.90,4.9375,true,1,198472
7290010112777,false,בסט ספוג חבלים בידית,ציינה בייס,,בסט ספוג חבלים בידית אחיזה,Unknown,0.00,Unknown,false,1,14.70,0.0000,true,1,56331
7290010112784,false,בסט רצועת חבלים עם ל,ציינה בייס,,בסט רצועת חבלים עם לולאות,Unknown,0.00,Unknown,false,1,12.90,0.0000,true,1,47651
7290010116980,false,שוקולית שקית,הנסיך- מפעל לייצור ט,IL,שוקולית 850 גרם 6 יח,גרמים,850.00,100 גרם,false,1,19.70,2.3176,true,1,48229
7290010117864,false,דוריטוס חריף אש 70 ג,שטראוס פריטו ליי  בע,IL,דוריטוס חריף אש 70 גרם,גרמים,70.00,100 גרם,false,1,3.90,5.5714,true,1,187411
7290010117970,false,בוטנים אמריקאים סבבה,"שטראוס פריטו ליי בע""",IL,בוטנים אמריקאים סבבה 50 גרם,גרמים,50.00,100 גרם,false,1,2.90,5.8000,true,1,36153
7290010129430,false,עוגיות בוטנים מצופה,קריניציה ויטמינה אס,IL,"דולצ'ה ויטה, עוגיות בוטנים במתכון אותנטי, 450 גרם",גרמים,500.00,100 גרם,false,1,17.90,3.5800,true,1,56784
7290010154012,false,לימון כבוש בלאדי 250,המאפיה של הרמן,IL,לימון כבוש בלאדי 250 גרם,גרמים,250.00,100 גרם,false,1,16.00,6.4000,true,1,83291
7290010154241,false,חזרת 250 גרם,המאפיה של הרמן,IL,ביטון יוחאי המקורי סלט חזרת 250 גרם,גרמים,250.00,100 גרם,false,1,15.00,6.0000,true,1,36291
7290010154265,false,"פלפל צ""ומה 250 גרם",המאפיה של הרמן,IL,"פלפל צ""ומה 250 גרם",גרמים,250.00,100 גרם,false,1,14.90,5.9600,true,1,127513
7290010154678,false,אריסה מרוקאית 250 גר,המאפיה של הרמן,IL,אריסה מרוקאית 250 גרם,גרמים,250.00,100 גרם,false,1,14.90,5.9600,true,1,210068
7290010163069,false,צנובר 100 גרם,אף.סי תבליני בגליל ב,IL,צנובר 100 גרם,גרמים,100.00,100 גרם,false,1,24.90,24.9000,true,1,56822
7290010173044,false,יין הרי גליל מרלו 75,"כד בני דרום בע""מ",IL,"הרי גליל מרלו יין אדום יבש, 750 מל",מיליליטרים,750.00,"100 מ""ל",false,1,33.90,4.5200,true,1,83317
7290010192816,false,תמר מגהול ללא גלעין,תימורת הערבה,IL,תמר מגהול ללא גלעין 45 גרם,גרמים,45.00,100 גרם,false,1,4.90,10.8889,true,1,231222
7290010199891,false,סטייל אלסבון תה אדום,דולפין ספא,TR,"תה אדום, סבון ארומטי",מיליליטרים,500.00,"100 מ""ל",false,1,7.90,1.5800,true,1,161252
7290010199907,false,סטייל אלסבון תה ירוק,דולפין ספא,TR,סטייל אל סבון ארומטי תה ירוק 500 מל,מיליליטרים,500.00,"100 מ""ל",false,1,7.90,1.5800,true,1,161253
7290010237685,false,בירה הייניקן בקבוק,טמפו משקאות בע''מ,IL,"בירה היינקן, בקבוק 330 מ''ל",מיליליטרים,330.00,"100 מ""ל",false,1,9.90,3.0000,true,1,83443
7290010237777,false,שנדי למון ליים בודד,פארייפאבה אגרואינדוס,IL,"בירה שנדי, בירה בטעם לימון ליים, בקבוק 330 מ""ל",מיליליטרים,330.00,"100 מ""ל",false,1,6.50,1.9697,true,1,83444
7290010237890,false,בירה הייניקן בקבוק ח,טמפו משקאות בע''מ,IL,"בירה היינקן, בקבוק חוזר 500 מ""ל",מיליליטרים,500.00,"100 מ""ל",false,1,8.90,1.7800,true,1,48894
7290010259830,false,נודלס בסגנון סיני פי,נמצ'או(תאילנד) בעמ,TH,ויליפוד מנת השף נודלס בטעם סיני-פיקנטי 70 גרם,גרמים,70.00,100 גרם,false,1,5.50,7.8571,true,1,121991
7290010259847,false,נודלס בטעם תירס מנת,יוליניבר,TH,ויליפוד מנת השף נודלס בטעם תירס 70 גרם,גרמים,70.00,100 גרם,false,1,5.50,7.8571,true,1,121992
7290010259854,false,נודלס מנת השף בטעם פ,נמצ'או(תאילנד) בעמ,TH,ויליפוד מנת השף נודלס בטעם פטריות 70 גרם,גרמים,70.00,100 גרם,false,1,5.50,7.8571,true,1,138433
7290010328093,false,ממרח חלבה  אחווה,אחדות בית חרושת לטחי,IL,אחוה ממרח חלוה  400 גרם,גרמים,400.00,100 גרם,false,1,12.90,3.2250,true,1,131326
7290010328246,false,טחינה שומשום מלא אחו,,IL,טחינה שומשום מלא אחווה 500 גרם,גרמים,500.00,100 גרם,false,1,14.90,2.9800,true,1,168167
7290010328253,false,טחינה גולמית אחווה,"אחדות ביח""ר בעמ",IL,אחוה טחינה גולמית 500 גרם בפלסטיק,גרמים,500.00,100 גרם,false,1,14.90,2.9800,true,1,165774
7290010328505,false,חלבה אחוה מיני ללא ס,אחווה,,חלבה אחוה מיני ללא סוכר 150 גרם,גרמים,150.00,100 גרם,false,1,10.90,7.2667,true,1,190362
7290010429684,false,מארז זוג דבש 350 גרם,שטראוס גרופ,,מארז זוג דבש 350 גרם,גרמים,700.00,100 גרם,false,1,36.90,5.2714,true,1,126979
7290010546152,false,גרנולה מנדל קלויה עם,יוליניבר,IL,גרנולה מנדל קלויה עם תמרים 400 גרם,גרמים,400.00,100 גרם,false,1,18.90,4.7250,true,1,149248
7290010546169,false,גרנולה מנדל דבש ואגו,יוליניבר,IL,גרנולה מנדל דבש ואגוזים 400 גרם,גרמים,400.00,100 גרם,false,1,18.90,4.7250,true,1,149250
7290010561117,false,ממרח ברילי כמו גבינה,אשבל,IL,ממרח ברילי כמו גבינה לבנה 5% 220 גרם,גרמים,220.00,100 גרם,false,1,17.90,8.1364,true,1,230478
7290010561124,false,ממרח ברילי כמו גבינת,אשבל,IL,ממרח ברילי כמו גבינת שמנת 20% 220 גרם,גרמים,220.00,100 גרם,false,1,17.90,8.1364,true,1,230473
7290010561131,false,ממרח ברילי כמו גבינת,אשבל,IL,ממרח ברילי כמו גבינת שמנת 20% 220 גרם,גרמים,220.00,100 גרם,false,1,17.90,8.1364,true,1,230472
7290010561407,false,לחם פרוס EXTRA ויטמי,קרלו,IL,לחם פרוס EXTRA ויטמינים,גרמים,500.00,100 גרם,false,1,21.90,4.3800,true,1,226820
7290010561421,false,לחם כפרי מקמח טף,קרלו,IL,לחם כפרי ברילי אקסטרה מקמח טף500גרם,גרמים,500.00,100 גרם,false,1,21.90,4.3800,true,1,226714
7290010561445,false,ברילי פיתות 420גרם,קרלו,IL,ברילי פיתות 420גרם,גרמים,420.00,100 גרם,false,1,21.90,5.2143,true,1,187610
7290010563456,false,מפזר חום עומד 2000W,NINGBO TIANHMA,,מפזר חום עומד 2000W,Unknown,0.00,Unknown,false,1,69.90,0.0000,true,1,200544
7290010627004,false,טחינה ירושלים 500 גר,"בראשית ירושלים בע""מ",IL,טחינה ירושלים 500 גרם,גרמים,500.00,100 גרם,false,1,15.90,3.1800,true,1,206399
7290010627844,false,טחינה ירושלים 500 גר,"בראשית ירושלים בע""מ",IL,טחינה ירושלים 500 גרם שומשום מלא,גרמים,500.00,100 גרם,false,1,15.90,3.1800,true,1,218226
7290010632404,false,נובי מיכל לאבקת חלב,מולינו ניקולי s.p.a,CN,מיכל לאבקת תחליף חלב נובי,לא מנהל יחידת מידה,0.00,לא מנהל יחידת מידה,false,1,17.90,0.0000,true,1,212125
7290010632466,true,סט טיפוח לציפורניים,F.H.P CO LT,CN,סט טיפוח לציפורניים,לא מנהל יחידת מידה,0.00,לא מנהל יחידת מידה,false,1,28.90,0.0000,true,1,212127
7290010632541,true,נובי סט קערות+מכסה,מולינו ניקולי s.p.a,CN,נובי קערות האכלת לתינוק 6 יח',לא מנהל יחידת מידה,0.00,לא מנהל יחידת מידה,false,1,34.90,0.0000,true,1,212135
7290010650026,false,גינגר טרי יח,יוליניבר,IL,גינגר טרי יח,לא מנהל יחידת מידה,0.01,לא מנהל יחידת מידה,false,1,9.90,990.0000,true,1,150332
7290010650033,false,בצלצלי שאלוט ארוז לי,תות ממתקי איכות,IL,בצלצלי שאלוט ארוז ליח,יחידה,0.00,יחידה,false,1,14.90,0.0000,true,1,57904
7290010657254,false,סרדינים בשמן צמחי 12,יוניון דה פחריס,,סרדינים בשמן צמחי 125 גרם,גרמים,125.00,100 גרם,false,1,5.50,4.4000,true,1,155283
7290010657292,false,צלפים בחומץ צנצנת 35,לוקסאפרס,,צלפים בחומץ צנצנת 350 גרם,גרמים,350.00,100 גרם,false,1,15.90,4.5429,true,1,172193
7290010657490,false,סרדינים בשמן חריף 12,יוניון דה פחריס,,סרדינים בשמן חריף 125 גרם,גרמים,125.00,100 גרם,false,1,6.50,5.2000,true,1,178984
7290010791545,false,מזון חתולים דליקטס פ,"הייקיו, תאילנד",TH,לה קט דליקטס פטה כבד עוף 85גרם,גרמים,85.00,100 גרם,false,1,5.90,6.9412,true,1,131277
7290010791576,false,מזון חתולים דליקטס מ,"הייקיו, תאילנד",TH,לה קט דליקטס אוצרות הים 85 גרם,גרמים,85.00,100 גרם,false,1,5.90,6.9412,true,1,131279
7290010814244,false,שוקולד מריר,"כד בני דרום בע""מ",IL,שלשות שוקולד מריר 44% 85 גר*3*18 בקרטון,גרמים,300.00,100 גרם,false,1,13.90,4.6333,true,1,183236
7290010814251,false,שוקולד חלב,"כד בני דרום בע""מ",IL,שלשות שוקולד חלב 85 גר*3 בלמינט * 18 בקרט בדצ,גרמים,225.00,100 גרם,false,1,13.90,6.1778,true,1,183237
7290010814695,false,"שוקולד מריר לל""ס 85",כרמית תעשיות ממתקים,IL,שוקולד מריר ללא תוספת סוכר אגו 85 גרם,גרמים,85.00,100 גרם,false,1,6.90,8.1176,true,1,163275
7290010814701,false,שוקולד חלב,כרמית תעשיות ממתקים,IL,"שוקולד חלב לל""ס 85ג*12בדיס*2בקרט",גרמים,85.00,100 גרם,false,1,6.90,8.1176,true,1,163276
7290010839865,false,רוטב רימונים,יושלם,TR,רוטב רימונים 320 גרם,מיליליטרים,320.00,"100 מ""ל",false,1,12.90,4.0313,true,1,155493
7290010883356,false,כפפות אלוורה,Z.H.RUBBER,CN,L-סושי כפפות אלוורה,לא מנהל יחידת מידה,0.00,לא מנהל יחידת מידה,false,1,10.80,0.0000,true,1,132230
7290010883370,false,כפפות אלוורה בינוני,האי נאם סי או אל.טי.,CN,סושי כפפות אלוורה  רב שימושיות - M,Unknown,0.00,Unknown,false,1,10.80,0.0000,true,1,132265
7290010903931,false,כוכבי תירס שף הטבע 1,משק ויילר,IL,כוכבי תירס שף הטבע 1 קג,קילוגרמים,1.00,"ק""ג",false,1,21.90,21.9000,true,1,233691
7290010931330,false,סלט מטבוחה 500 גרם,מיוצר עי קונדיטוריית,IL,מטבוחה 500,גרמים,500.00,100 גרם,false,1,15.90,3.1800,true,1,125626
7290011017866,false,קוקה קולה פחית סליק,תות תעשיות מזון (201,IL,"סליק קוקה קולה 330 מ""ל מבצע",מיליליטרים,330.00,"100 מ""ל",false,1,5.90,1.7879,true,1,177442
7290011017873,false,קוקה קולה זירו פחית,תות תעשיות מזון (201,IL,"סליק קולה ZERO 330 מ""ל מבצע",מיליליטרים,330.00,"100 מ""ל",false,1,5.90,1.7879,true,1,177443
7290011018184,false,תה קר FUZE TEA אפרסק,מולינו ניקולי s.p.a,IL,FUZE tea אפרסק 0.5 ליטר,מיליליטרים,500.00,"100 מ""ל",false,1,8.50,1.7000,true,1,177095
7290011018214,false,תה קר FUZE TEA מנגו,פארייפאבה אגרואינדוס,IL,פיוזטי מנגו אננס 0.5 ליטר,מיליליטרים,500.00,"100 מ""ל",false,1,8.50,1.7000,true,1,177098
7290011018474,false,סיידר סומרסבי,"קרלסברג קרואטיה , יב",HR,"סומרסבי סיידר בקבוק 330 מ""ל",מיליליטרים,330.00,"100 מ""ל",false,1,9.90,3.0000,true,1,192797
7290011018917,false,קוקה קולה זירו מארז,תות תעשיות מזון (201,IL,"מארז ק""ק ZERO 6 פח FRIDGE-PACK מבצע",ליטרים,1.98,ליטר,false,1,24.90,12.5758,true,1,182954
7290011026530,false,קמיל בלו סנסיטיב אל,הדקלאים אגודת שיתופי,IL,קמיל בלו סנסיטיב אל סבון לפני השינה 500,מיליליטרים,500.00,"100 מ""ל",false,1,17.90,3.5800,true,1,193620
7290011051297,false,סודה שוופס לימון 1.5,"כד בני דרום בע""מ",IL,שוופס סודה לימון 1.5 ל',ליטרים,1.50,ליטר,false,1,3.90,2.6000,true,1,130997
7290011081492,false,גלידה קרמיסימו שלושה,"גלידת שטראוס בע""מ",IL,מעדן קפוא קרמיסימו 3 שוקולדים 1.33 ל',ליטרים,1.33,ליטר,false,1,26.90,20.2256,true,1,134036
7290011126209,false,תפוח וקינמון-סיידר,HIQ FOOD PRODUCTS,IL,תפוח וקינמון- סיידר - הגן הקסום,גרמים,67.00,100 גרם,false,1,19.90,29.7015,true,1,130175
7290011128043,false,שורש ארוז,חקלאי,IL,שורש ארוז,יחידה,1.00,יחידה,false,1,5.90,5.9000,true,1,228141
7290011132019,false,גולדסטאר בלאק רוסט ב,טמפו,IL,"גולדסטאר בלאק רוסט בקבוק 330 מ""ל",מיליליטרים,330.00,"100 מ""ל",false,1,7.90,2.3939,true,1,232349
7290011133504,false,מכבי שנדי אפרסק,פארייפאבה אגרואינדוס,IL,"בירה שנדי, בירה בטעם אפרסק, בקבוק 330 מ""ל",מיליליטרים,330.00,"100 מ""ל",false,1,6.50,1.9697,true,1,155792
7290011148591,false,כרובית ארוזה ליח  50,עטרה,IL,כרובית ארוזה ליח  500 גרם,גרמים,500.00,100 גרם,false,1,14.90,2.9800,true,1,231388
7290011148898,false,ברוקולי ארוז במגשית,חקלאי,IL,ברוקולי ארוז במגשית,לא מנהל יחידת מידה,0.00,לא מנהל יחידת מידה,false,1,9.90,0.0000,true,1,221995
7290011148911,false,פלפל טינקרבל יחידה,חקלאי,IL,פלפל טינקרבל יחידה,גרמים,500.00,100 גרם,false,1,9.90,1.9800,true,1,197139
7290011153885,false,נייר אכיל ממותג,גילרוי,,נייר אכיל ממותג                       .,Unknown,0.00,Unknown,false,1,22.60,0.0000,true,1,130345
7290011194246,false,קוטג 5% סקי 250 גרם,מיוצר עי קונדיטוריית,IL,קוטג' 5% 250 גרם,גרמים,250.00,100 גרם,false,1,5.90,2.3600,true,1,124038
7290011223038,false,עלים לקרמשניט בונומי,דולפין ספא,IT,עלים לקרמשניט בונומי 300 גרם,גרמים,300.00,100 גרם,false,1,16.90,5.6333,true,1,165733
7290011223045,false,בישקוטים בונומי 200,דולפין ספא,IT,בונמי בישקוטים 200 גרם,גרמים,200.00,100 גרם,false,1,7.90,3.9500,true,1,163649
7290011223205,false,ריבת חלב ארגנטינאית,אשבל מזון פונקציונלי,IL,ריבת חלב ארגנטינאית דולקור 454 גרם,גרמים,454.00,100 גרם,false,1,17.90,3.9427,true,1,163598
7290011235055,false,בזיליקום,חקלאי,IL,בזיליקום,לא מנהל יחידת מידה,0.00,לא מנהל יחידת מידה,false,1,5.90,0.0000,true,1,149089
7290011249748,false,ופל גלילית שוקולד גי,גילרו,,ופל גלילית שוקולד גילרו 100 גרם,גרמים,100.00,100 גרם,false,1,3.90,3.9000,true,1,190996
7290011249755,false,ופלים גלילית אגוזים,"גילרו בע""מ",,ופלים גלילית אגוזים 100 גרם,גרמים,100.00,100 גרם,false,1,3.90,3.9000,true,1,190995
7290011378028,false,חלבה ללא סוכר משומשו,HIQ FOOD PRODUCTS,IL,בארכה חלבה וניל ללא סוכר כלפ.8*350גרם,גרמים,350.00,100 גרם,false,1,17.90,5.1143,true,1,138871
7290011378233,false,מאגדת חטיף חלבה וניל,רושדי תעשיות מזון בע,IL,בארכה בקטנה מגדת.ונל.לא סוכר כלפ12 7*18ג,גרמים,120.00,100 גרם,false,1,13.90,11.5833,true,1,185235
7290011378769,false,מאגדת חלבה בארכה וני,HIQ FOOD PRODUCTS,IL,בארכה בקטנה מאגדת וניל כלפ.12 7*18גרם,גרמים,120.00,100 גרם,false,1,13.90,11.5833,true,1,178610
7290011378776,false,מאגדת חלבה בארכה פיס,HIQ FOOD PRODUCTS,IL,בארכה בקטנה מאגדת פיסטוק כלפ.12 7*18גרם,גרמים,120.00,100 גרם,false,1,13.90,11.5833,true,1,178611
7290011435226,false,דבש מפרחי בר לחיץ 65,תות תעשיות מזון (201,IL,דבש לחיץ 650 גרם,גרמים,650.00,100 גרם,false,1,38.90,5.9846,true,1,151823
7290011473006,false,קינואה אורגנית תבואו,תבואות,BO,תבואות קינואה רויא אורגנית 500 גרם,גרמים,500.00,100 גרם,false,1,18.90,3.7800,true,1,163776
7290011473020,false,קמח תירס אורגני500 פ,תבואות,AR,תבואות קמח תירס אורגני 500 גרם,מיליליטרים,500.00,"100 מ""ל",false,1,9.90,1.9800,true,1,212386
7290011473112,true,אורז אדום אורגני 500,תבואות,IT,תבואות אורז אדום מלא אורגני 500 גרם,Unknown,0.00,Unknown,false,1,14.90,0.0000,true,1,165622
7290011473136,true,גרעיני דלעת קלוף אור,תבואות,CN,תבואות גרעיני דלעת קלופים אורגניים 300 גרם,Unknown,0.00,Unknown,false,1,17.90,0.0000,true,1,212412
7290011473181,false,עדש שחור 500 ג תבואו,תבואות,CA,תבואות עדשים שחורות אורגניות 500 גרם,גרמים,500.00,100 גרם,false,1,15.90,3.1800,true,1,180826
7290011473204,false,עדשים ירוקים,תבואות,TR,תבואות עדשים ירוקות אורגניות 500 גרם,גרמים,500.00,100 גרם,false,1,15.00,3.0000,true,1,195401
7290011473211,false,עדש אדום,תבואות,TR,תבואות - עדש אדום אורגני,לא מנהל יחידת מידה,0.01,לא מנהל יחידת מידה,false,1,13.50,1350.0000,true,1,191550
7290011473242,false,פשתן אורגני תבואות,תבואות,CN,תבואות פשתן זרעים אורגני 500 גרם,גרמים,500.00,100 גרם,false,1,10.90,2.1800,true,1,187884
7290011473259,false,פשתן טחון אורגני 350,תבואות,CN,תבואות פשתן טחון אורגני 350 גרם,גרמים,350.00,100 גרם,false,1,10.90,3.1143,true,1,184897
7290011473273,false,בורגול,תבואות,TR,תבואות בורגול מלא אורגני 500 גרם,לא מנהל יחידת מידה,0.01,לא מנהל יחידת מידה,false,1,8.90,890.0000,true,1,186593
7290011473297,true,גריסי פנינה אורגני,תבואות,IT,תבואות גריסי פנינה אורגניים 500 גרם,Unknown,0.00,Unknown,false,1,9.90,0.0000,true,1,212416
7290011473310,false,אזוקי אורגני,תבואות,CN,תבואות - אזוקי אורגני,Unknown,0.00,Unknown,false,1,12.90,0.0000,true,1,179483
7290011473327,false,שעועית מש אורגני 500,תבואות,CN,תבואות שעועית מש אורגני,גרמים,500.00,100 גרם,false,1,13.90,2.7800,true,1,198943
7290011473334,true,שעועית לבנה אורגני,תבואות,CN,תבואות שעועית לבנה אורגנית 500 גרם,גרמים,500.00,100 גרם,false,1,11.90,2.3800,true,1,212417
7290011473372,true,אבקת חרובים אורגנית,תבואות,ES,אורגנית,Unknown,0.00,Unknown,false,1,14.90,0.0000,true,1,212419
7290011473389,false,קמח כוסמין לבן אורגנ,תבואות מוצרי מזון או,IT,תבואות - קמח כוסמין לבן אורגני,גרמים,500.00,100 גרם,false,1,13.90,2.7800,true,1,166100
7290011473433,false,כוסמת,תבואות,CN,תבואות כוסמת ירוקה אורגנית 500 גרם,גרמים,500.00,100 גרם,false,1,9.90,1.9800,true,1,195402
7290011473594,true,תבואות טחינה אורגנית,,IL,תבואות - טחינה אורגנית,לא מנהל יחידת מידה,0.00,לא מנהל יחידת מידה,false,1,28.90,0.0000,true,1,212399
7290011473617,false,זרעי ציה טיב הטבע תב,תבואות,MX,תבואות טיב הטבע זרעי צ'ייה 300 גרם,גרמים,300.00,100 גרם,false,1,16.90,5.6333,true,1,212369
7290011473655,false,סוכר קנים 1 קג,תבואות,BR,סוכר קנים אורגני,קילוגרמים,1.00,"ק""ג",false,1,9.90,9.9000,true,1,151034
7290011473921,false,סובין שיבולת שועל תב,תבואות,,סובין שיבולת שועל טבעי,גרמים,500.00,100 גרם,false,1,13.90,2.7800,true,1,165164
7290011473952,false,שבולת שועל דקה מהיר,תבואות,,"שבולת שועל דקה-מהיר הכנה, 400 גרם",גרמים,400.00,100 גרם,false,1,6.90,1.7250,true,1,151043
7290011473969,false,קינואה טריו תבואות,תבואות,BO,קינואה טריו אורגנית,גרמים,500.00,100 גרם,false,1,20.90,4.1800,true,1,163777
7290011474003,false,שמן קוקוס אורגני 300,אדמג'י לוקמנג'י,,שמן קוקוס כתית אורגני,מיליליטרים,300.00,"100 מ""ל",false,1,22.90,7.6333,true,1,212370
7290011474225,false,מלח הימליה קריסטל 1,תבואות,,מלח הימליה קריסטל 1 קילו,קילוגרמים,1.00,"ק""ג",false,1,28.90,28.9000,true,1,212373
7290011474232,false,מלח הימליה קריסטל 50,תבואות,,תבואות מלח הימליה קריסטל 500 גרם,Unknown,0.00,Unknown,false,1,19.90,0.0000,true,1,212374
7290011474249,false,ממרח שקד טבעי 300 גר,גי' אנד גי' בעמ,IL,ממרח שקד טבעי 300 גרם תבואות,גרמים,300.00,100 גרם,false,1,29.90,9.9667,true,1,212375
7290011474256,false,הימליה גס שקית 1 קג,תבואות,,מלח הימליה גס שקית,Unknown,0.00,Unknown,false,1,19.90,0.0000,true,1,212376
7290011474324,true,חמוציות אורגניות,תבואות,CA,תבואות חמוציות אורגני 170 גרם,לא מנהל יחידת מידה,0.00,לא מנהל יחידת מידה,false,1,23.90,0.0000,true,1,177922
7290011474362,false,קמח עדשים אורגניות 5,תבואות,TR,"תבואות קמח עדשים אורגני, 500 גרם",גרמים,500.00,100 גרם,false,1,15.90,3.1800,true,1,190451
7290011474386,false,קווארק דק אורגני,תבואות,,קוואקר דק אורגני,גרמים,500.00,100 גרם,false,1,10.90,2.1800,true,1,184965
7290011474447,false,קוואקר עבה 400 גר תב,תבואות,,תבואות קוואקר עבה טבעי 400 גרם,גרמים,400.00,100 גרם,false,1,6.90,1.7250,true,1,171879
7290011474454,false,מיקס שעועית אורגני 5,תבואות,IL,תבואות מיקס שעועית אורגני 500 גרם,גרמים,500.00,100 גרם,false,1,14.90,2.9800,true,1,181453
7290011474478,false,"גרעיני צי""ה אורגני",תבואות,MX,גרעיני ציה אורגני 300 גרם,גרמים,350.00,100 גרם,false,1,21.90,6.2571,true,1,172565
7290011474683,true,מגדרה קינואה אורגנית,תבואות,BO,תבואות - מג'דרה קינואה אורגנית,לא מנהל יחידת מידה,0.00,לא מנהל יחידת מידה,false,1,20.90,0.0000,true,1,212382
7290011474768,true,קמח כוסמין לבן אורגנ,תבואות מוצרי מזון או,IT,תבואות - קמח כוסמין לבן אורגני,לא מנהל יחידת מידה,0.00,לא מנהל יחידת מידה,false,1,15.90,0.0000,true,1,212401
7290011474898,false,סוכר קוקוס אורגני 50,תבואות,,תבואות סוכר קוקוס אורגני 300 גרם,גרמים,500.00,100 גרם,false,1,18.90,3.7800,true,1,192768
7290011499105,false,גבינה בולגרית 5%  25,ג'נרל מילס סאן אדריא,IL,גבינה בולגרית 5%  250 גרם,גרמים,250.00,100 גרם,false,1,26.90,10.7600,true,1,132208
7290011499112,false,גבינה בולגרית 16% בש,"מיוצר ע""י dsh",IL,בולגריות מיוצרת בשיטה מסורתית 16% 250 גרם,גרמים,250.00,100 גרם,false,1,26.90,10.7600,true,1,132209
7290011499129,false,גבינה בולגרית קוביות,קוד יצרן DSH,IL,קוביות בולגרית מעודנת,גרמים,200.00,100 גרם,false,1,23.90,11.9500,true,1,132826
7290011499327,false,גבינה בולגרית 5% מעו,מיוצר על ידי DSH עבו,IL,גד גבינת בולגרית מעודנת מחלב בקר במי מלח 5% שומן,גרמים,250.00,100 גרם,false,1,26.90,10.7600,true,1,141020
7290011499358,false,גבינה פטה עיזים 200,ג'נרל מילס סאן אדריא,IL,מחלבות גד גבינת פטה עיזים 20% שומן,גרמים,200.00,100 גרם,false,1,28.90,14.4500,true,1,141523
7290011499365,false,גבינה חלומי נענע גד,"מחלבות גד בע""מ",IL,גד גבינת חלומי קשה מחלב בקר 24% שומן 200 גרם,גרמים,200.00,100 גרם,false,1,22.90,11.4500,true,1,141524
7290011499419,false,גבינת ניו יורק במקרם,מחלבות גד,IL,גד מרקם שמנת ניו יורק 5% 200 גרם,גרמים,200.00,100 גרם,false,1,12.90,6.4500,true,1,147180
7290011499624,false,גבינת שמנת ניו יורק,מחלבות גד,IL,"גד, גבינת שמנת בטעם טבעי 30% , 200 גרם",גרמים,200.00,100 גרם,false,1,13.90,6.9500,true,1,161705
7290011501617,false,חמוציות ברכז תפוחים,אף.סי תבליני בגליל ב,IL,חמוציות ברכז תפוחים ללא סוכר 250 גרם,גרמים,250.00,100 גרם,false,1,16.90,6.7600,true,1,230396
7290011502874,false,גרנולה פירות יבשים 5,"דין שיווק וקליה בע""מ",,גרנולה פירות יבשים 500 גרם שקדיה,גרמים,500.00,100 גרם,false,1,14.90,2.9800,true,1,140086
7290011505400,false,כוסות יין הוסטס 50 י,,,כוסות יין הוסטס 50 יח,Unknown,0.00,Unknown,false,1,2.90,0.0000,true,1,157396
7290011505516,false,סכינים מהודר עבה במי,F.T.I,,סכינים מהודר עבה במיוחד 50 יחידות,לא מנהל יחידת מידה,0.00,לא מנהל יחידת מידה,false,1,11.90,0.0000,true,1,211092
7290011593087,false,שמן זית כתית מעולה ס,סאן אויל עיבוד ושיוו,IL,"שמן זית כתית מעולה סבא חביב 750 מ""ל",מיליליטרים,750.00,"100 מ""ל",false,1,29.90,3.9867,true,1,169476
7290011598211,false,מנקה כללי אנטיקאלק,מיוצר עי קונדיטוריית,IL,אנטי קאלק מרסס כללי רב שימושי  4 ב 1 700 מל,מיליליטרים,700.00,"100 מ""ל",false,1,19.90,2.8429,true,1,138423
7290011598372,false,מטלית רצפה מיקרופייב,סנו מפעלי ברונוס.,CN,סנו סושי מטלית מקצועית לניקוי ריצפה עם חור למגב,Unknown,0.00,Unknown,false,1,12.90,0.0000,true,1,134499
7290011607180,false,אבקת כביסה קולון 101,ריקט בנקיזר ( ניר אי,IL,"אבקת כביסה קולון 1.25 ק""ג",קילוגרמים,1.25,"ק""ג",false,1,12.90,10.3200,true,1,131332
7290011622428,false,חטיף בריאות לתינוק .,מיוצר עבור גולדן האר,IL,"כתמטמינים, חטיף אצבעות בוטנים ותירס, 45 גרם",גרמים,45.00,100 גרם,false,1,5.90,13.1111,true,1,174027
7290011622664,false,כתמטמינים טחינה 45 ג,אלס נוטרישן,IL,כתמטמינים טחינה 45 גרם,גרמים,45.00,100 גרם,false,1,5.90,13.1111,true,1,212182
7290011723200,false,טחינת הר ברכה 500גרם,הר ברכה תעשיות,,טחינת הר ברכה 500גרם,גרמים,500.00,100 גרם,false,1,18.90,3.7800,true,1,186538
7290011743833,false,סנסודיין פרונאמל,DE MICLEN,,סנסודיין משחת שיניים עם פלואוריד מנטה 75 מל,מיליליטרים,75.00,"100 מ""ל",false,1,21.90,29.2000,true,1,139145
7290011765071,false,קרמה גל גילוח רגיל,טרופיקל דגיל תעשיות,TR,קרמה מן ג'ל גילוח לעור רגיל כתום,מיליליטרים,200.00,"100 מ""ל",false,1,11.90,5.9500,true,1,140160
7290011765088,false,קרמה גל גילוח קול,טרופיקל דגיל תעשיות,TR,קרמה מן ג'ל גילוח לעור רגיל מנטול 200 מל,מיליליטרים,200.00,"100 מ""ל",false,1,11.90,5.9500,true,1,139517
7290011765095,false,קרמה גל גילוח דליקט,טרופיקל דגיל תעשיות,TR,קרמה מן ג'ל גילוח ירוק אלוורה,מיליליטרים,200.00,"100 מ""ל",false,1,11.90,5.9500,true,1,139518
7290011765446,false,משחת שיניים אורביטול,טרופיקל דגיל תעשיות,IL,משחת שיניים אורביטול בוב ספוג 70 גרם,גרמים,70.00,100 גרם,false,1,9.90,14.1429,true,1,135064
7290011776589,false,שרי אשכולות באריזה ל,חקלאי,IL,שרי אשכולות באריזה ליח,יחידה,1.00,יחידה,false,1,9.90,9.9000,true,1,214366
7290011776763,false,מארז  פלפל ירוק חריף,עטרה,,מארז  פלפל ירוק חריף באיכות מעולה,גרמים,300.00,100 גרם,false,1,10.90,3.6333,true,1,203010
7290011870225,false,סוללות פוזיקום  4AAA,פוג'יקום,,סוללות פוזיקום  4AAA,יחידה,1.00,יחידה,false,1,9.90,9.9000,true,1,205166
7290011870249,false,סוללות פוזיקום 12AAA,פוג'יקום,,סוללות פוזיקום 12AAA,לא מנהל יחידת מידה,0.00,לא מנהל יחידת מידה,false,1,19.90,0.0000,true,1,205179
7290011870256,false,מארז 4 פוגיקום AA,פוג'יקום,,מארז 4 פוגיקום AA,יחידה,1.00,יחידה,false,1,9.90,9.9000,true,1,205165
7290011870720,false,סוללות פוזיקום  D,פוג'יקום,,סוללות פוזיקום  D,יחידה,1.00,יחידה,false,1,23.90,23.9000,true,1,160669
7290011870737,false,סוללות פוזיקום  C,פוג'יקום,,סוללות פוזיקום  C,יחידה,1.00,יחידה,false,1,21.90,21.9000,true,1,205175
7290011870744,false,סוללות פוזיקום 9V,פוג'יקום,,סוללות פוזיקום 9V,יחידה,1.00,יחידה,false,1,19.90,19.9000,true,1,160670
7290011877101,false,מטהר אוויר סנו מוד מ,מיוצר עי קונדיטוריית,IL,MUSK סנומוד,מיליליטרים,150.00,"100 מ""ל",false,1,12.90,8.6000,true,1,165013
7290011877446,false,בייבי כיף קרם,קוסמופארם בע''מ,IL,בייבי כיף קרם נגד גירויים,מיליליטרים,100.00,"100 מ""ל",false,1,11.90,11.9000,true,1,141954
7290011877859,false,פותח סתימות,מיוצר עי קונדיטוריית,IL,"פותח סתימות אינסטלטור 200 גר           """,גרמים,200.00,100 גרם,false,1,14.90,7.4500,true,1,141620
7290011877866,false,אבקת כביסה מקסימה,"איי, בי, אינבוו",IL,"אבק.כביסה מקסימה מאסק 6 ק""ג",קילוגרמים,6.00,"ק""ג",false,1,49.90,8.3167,true,1,141407
7290011923266,false,סלק אדום אורגני  225,ליב,LT,סלק אדום אורגני מקולף ומבושל,גרמים,225.00,100 גרם,false,1,10.90,4.8444,true,1,219583
7290011923273,false,טופו אורגני ליב 300,א.י.ן תעשיות מזון בע,IL,ליב טופו אורגני 300 גרם,גרמים,300.00,100 גרם,false,1,13.50,4.5000,true,1,160613
7290011923303,false,טופו טבעי ליב 300 גר,א.י.ן תעשיות מזון בע,IL,ליב טופו בטעם טבעי 300 גרם,גרמים,300.00,100 גרם,false,1,13.90,4.6333,true,1,198173
7290011947309,false,זית ירוק עם לימון כב,זיתא – י.ט.ב תעשיות,IL,זית סורי מבוקע,גרמים,230.00,100 גרם,false,1,13.90,6.0435,true,1,186949
7290011947316,false,זיתי קלמטה זיתא 217,סטאר סנקס,IL,זית קלמטה בשמן זית כתית מעולה,גרמים,217.00,100 גרם,false,1,13.90,6.4055,true,1,190731
7290011947781,false,זית ירוק קלמטה ללא ג,זיתא,IL,זית ירוק קלמטה ללא גלעין מיקס זיתא190גרם,גרמים,190.00,100 גרם,false,1,13.90,7.3158,true,1,221096
7290011947903,false,זיתים מיקס יווני זית,זיתא,IL,זיתים מיקס יווני זיתא 215 גרם,גרמים,215.00,100 גרם,false,1,13.90,6.4651,true,1,222685
7290011947972,false,זית ירוק ללא גלעין ט,זיתא,IL,זית ירוק ללא גלעין טימין ורוזמרין  זיתא 215גרם,גרמים,215.00,100 גרם,false,1,13.90,6.4651,true,1,231011
7290011947989,false,זית ירוק ללא גלעין ש,זיתא,IL,זית ירוק ללא גלעין שום ושמן זית זיתא 215,גרמים,215.00,100 גרם,false,1,13.90,6.4651,true,1,231010
7290011959692,false,ביסקולידה ביג,תות תעשיות מזון (201,IL,נסטלה ביסקולידה ביג בדצ 36*72גרם,לא מנהל יחידת מידה,0.00,לא מנהל יחידת מידה,false,1,9.50,0.0000,true,1,154498
7290011964658,false,מלח לימון,תות ממתקי איכות,IL,תבליני טעם וריח מלח לימון 100% 170 גרם,גרמים,170.00,100 גרם,false,1,9.90,5.8235,true,1,151616
7290011996017,false,אטריות תרד 454 גרם,קסימאן,,אטריות תרד 454 גרם,גרמים,454.00,100 גרם,false,1,7.50,1.6520,true,1,148534
7290011996031,false,אטריות ביצים 454 גרם,מזרח מערב,,אטריות ביצים 454 גרם,גרמים,454.00,100 גרם,false,1,7.50,1.6520,true,1,148573
7290011996062,false,"אורז לסושי 1 ק""ג",דדוש דניאל,,"אורז לסושי 1 ק""ג",קילוגרמים,1.00,"ק""ג",false,1,13.90,13.9000,true,1,148509
7290011996123,false,דפי אצות ים נורי 10,דדוש דניאל,,דפי אצות ים נורי 10 יח,גרמים,25.00,100 גרם,false,1,10.90,43.6000,true,1,148541
7290011996185,false,"חומץ אורז 250 מ""ל",דדוש דניאל,,"חומץ אורז 250 מ""ל",מיליליטרים,250.00,"100 מ""ל",false,1,7.90,3.1600,true,1,148582
7290011996222,false,חלב קוקוס אסיה 400 מ,פוקולוקו,,"חלב קוקוס אסיה 400 מ""ל",מיליליטרים,400.00,"100 מ""ל",false,1,5.90,1.4750,true,1,148665
7290011996277,false,מחצלת לסושי אסיה,פוקולוקו,,מחצלת לסושי אסיה,יחידה,1.00,יחידה,false,1,3.90,3.9000,true,1,148668
7290011996499,false,מקלוני אורז דקים 400,אסיה,,מקלוני אורז דקים 400 גרם,גרמים,400.00,100 גרם,false,1,7.90,1.9750,true,1,148511
7290011996604,false,רוטב פאד תאי 300 מל,דדוש,,רוטב פאד תאי 300 מל,מיליליטרים,300.00,"100 מ""ל",false,1,15.90,5.3000,true,1,147322
7290011996642,false,שומשום שחור קלוי,אסיה,,שומשום שחור קלוי 100 גרם,גרמים,100.00,100 גרם,false,1,12.90,12.9000,true,1,148537
7290011996703,false,אצות וואקאמה מיובשות,פוקולוקו,,אצות וואקאמה מיובשות 100 גרם,גרמים,100.00,100 גרם,false,1,14.90,14.9000,true,1,156968
7290011996789,false,פירורי לחם יפניים פנ,שנחאי אנגאנה פוד,,פירורי לחם יפניים פנקו 200 גרם,גרמים,200.00,100 גרם,false,1,7.90,3.9500,true,1,151260
7290011996802,false,אבקת ווסאבי 70 גרם,פוקולוקו,,אבקת ווסאבי 70 גרם,גרמים,70.00,100 גרם,false,1,13.90,19.8571,true,1,148014
7290011996819,false,אטריות סיניות מקלוני,מזרח מערב,,אטריות סיניות מקלוני שעועית 250 גרם,גרמים,250.00,100 גרם,false,1,5.90,2.3600,true,1,147917
7290012019258,false,מחית תפוחי עץ רביעיי,Cherry growers inc,,מחית תפוחי עץ רביעייה 452 גרם,גרמים,452.00,100 גרם,false,1,12.90,2.8540,true,1,177450
7290012019265,false,מחית תפוחי עץ דיאט ר,Cherry growers inc,,מחית תפוחי עץ דיאט רביעייה 452 גרם,גרמים,452.00,100 גרם,false,1,12.90,2.8540,true,1,177451
7290012040535,false,יחידות טבק לחימום אמ,פיליפ מוריס,,יחידות טבק לחימום אמבר PP חפיסה,יחידה,1.00,יחידה,false,1,31.30,31.3000,false,1,218060
7290012052194,false,גרנולה רפאל - פירות,פוקה,IL,ג. רפאל 350 ג' פירות יער וקשיו רפאל'ס,גרמים,350.00,100 גרם,false,1,15.90,4.5429,true,1,167845
7290012052309,false,גרנולה תענוג - בננה,פוקה,IL,"תענוג בננה צימוק שקד 1 ק""ג רפאל'ס",קילוגרמים,1.00,"ק""ג",false,1,28.90,28.9000,true,1,191416
7290012052316,false,גרנולה תענוג - שפע פ,פוקה,IL,"תענוג שפע פירות 1 ק""ג רפאל'ס",קילוגרמים,1.00,"ק""ג",false,1,28.90,28.9000,true,1,213781
7290012052323,false,מוזלי תענוג מיקס לא,פוקה,IL,"תענוג מוזלי 1 ק""ג רפאל'ס",קילוגרמים,1.00,"ק""ג",false,1,28.90,28.9000,true,1,175122
7290012052330,false,גרנולה תענוג - חלבה,פוקה,IL,"תענוג חלבה 1 ק""ג רפאל'ס",קילוגרמים,1.00,"ק""ג",false,1,28.90,28.9000,true,1,175090
7290012052347,false,גרנולה תענוג - ללס צ,פוקה,IL,"תענוג ללא סוכר צימוק שקד 1 ק""ג רפאל'ס",קילוגרמים,1.00,"ק""ג",false,1,28.90,28.9000,true,1,176578
7290012052361,false,גרנולה רפאל - מוזלי,פוקה,IL,ג. רפאל 350 ג' מוזלי שקדים פ. יער רפאל'ס,גרמים,350.00,100 גרם,false,1,15.90,4.5429,true,1,176870
7290012052880,true,חטיפי דגנים עם חלבה,פוקה,IL,חטיפי דגנים עם חלבה  רפאלס  140גרם,גרמים,140.00,100 גרם,false,1,12.90,9.2143,true,1,213784
7290012052897,true,חטיפי דגנים עם חלבה,פוקה,IL,חטיפי דגנים עם חלבה ושוקולד  רפאלס  140ג,גרמים,140.00,100 גרם,false,1,12.90,9.2143,true,1,213785
7290012052903,true,חטיפי דגנים עם חלבה,פוקה,IL,חטיפי דגנים עם חלבה ופירות  רפאלס  140גר,גרמים,140.00,100 גרם,false,1,12.90,9.2143,true,1,213786
7290012116063,false,אלסבון פיות קמומיל,טרופיקל דגיל תעשיות,IL,"כיף אלסבון פיות קמומיל 750 מ""ל",מיליליטרים,750.00,"100 מ""ל",false,1,12.90,1.7200,true,1,162727
7290012116360,false,פוליוויקס גרניט,סנו מפעלי ברונוס.,IL,פוליוקס לטיפול ברצפות גרניט פורצלן 2 ליטר,ליטרים,2.00,ליטר,false,1,22.90,11.4500,true,1,141409
7290012116537,false,אבקת כביסה מאסק,טרופיקל דגיל תעשיות,IL,"סנו מקסימה בניחוח מאסק, 2.5 קג",קילוגרמים,2.50,"ק""ג",false,1,28.90,11.5600,true,1,155030
7290012116551,false,מנקה כללי אנטיקאלק,מיוצר עי קונדיטוריית,IL,אנטי קאלק לניקוי כללי 4 ב - 1 2 ליטר,ליטרים,2.00,ליטר,false,1,21.90,10.9500,true,1,154549
7290012116612,false,מברשות שיניים,ג'נרל מילס סאן אדריא,CN,אורביטול מברשת שיניים               1/4,לא מנהל יחידת מידה,0.00,לא מנהל יחידת מידה,false,1,12.90,0.0000,true,1,178411
7290012116735,false,נ ט סופט גליל גמבו 2,סנו מפעלי ברונוס בעמ,IL,נ ט סופט גליל גמבו 24 יחידות,מטרים,90000.00,מטר,false,1,42.90,0.0005,true,1,170371
7290012117275,false,סנוקליר חלונות,טרופיקל דגיל תעשיות,IL,"סנוקליר חלונות 750 מ""ל מילוי",מיליליטרים,750.00,"100 מ""ל",false,1,8.90,1.1867,true,1,154551
7290012117558,false,מרכך כביסה מקסימה מר,"איי, בי, אינבוו",IL,מקסימה מרכך כביסה מרוכז מאסק 1 ליטר,ליטרים,1.00,ליטר,false,1,18.90,18.9000,true,1,160988
7290012117916,false,אינסטלטור נוזלי,"איי, בי, אינבוו",IL,סנו אינסטלטור נוזלי 1 ליטר,ליטרים,1.00,ליטר,false,1,28.90,28.9000,true,1,178887
7290012139598,false,חול קיטי 10 קג,בנטס,TR,חול קיטי 10 קג,קילוגרמים,10.00,"ק""ג",false,1,54.90,5.4900,true,1,233401
7290012191886,false,גפרורים ענקיים,,IN,גפרורים ענקיים,Unknown,0.00,Unknown,false,1,6.90,0.0000,true,1,220714
7290012193163,false,פמילי לקשרי אלסבון,אף.סי תבליני בגליל ב,TR,פמילי אל סבון נוזלי פרחי בר רעננים 1 ליטר,ליטרים,1.00,ליטר,false,1,14.90,14.9000,true,1,177820
7290012226021,false,סלמי מעושן פראג זוגל,זוגלובק,IL,זוגלובק סלמי מעושן פראג 400 גרם א.מ.,גרמים,400.00,100 גרם,false,1,22.90,5.7250,true,1,157458
7290012226076,false,פסטרמה חרמון 200 גרם,כצט,IL,זוגלובק חרמון הודו ועוף 200 גרם,גרמים,200.00,100 גרם,false,1,14.90,7.4500,true,1,216540
7290012226120,false,קבנוס 135 גרם,כצט,IL,זוגלובק קבנוס 135 גרם,גרמים,135.00,100 גרם,false,1,12.50,9.2593,true,1,162728
7290012227172,false,מארז  כפריות פסטרמות,כצט,IL,כפריות פסטרמות הודו דבש+ברביקיו  זוגלובק,גרמים,600.00,100 גרם,false,1,33.90,5.6500,true,1,176891
7290012228971,false,סלמי תה פפרוני זוגלו,זוגלובק,IL,סלמי תה פפרוני זוגלובק  180 גרם,גרמים,180.00,100 גרם,false,1,14.90,8.2778,true,1,230377
7290012228988,false,חרמון הודו ועוף בדבש,זוגלובק,IL,חרמון הודו ועוף בדבש זוגלובק 200 גרם,גרמים,200.00,100 גרם,false,1,14.90,7.4500,true,1,230378
7290012245176,false,CHIPS  וופל ציפס קרי,אגריסטו,BE,CHIPS  וופל ציפס קריספי 700גרם,גרמים,700.00,100 גרם,false,1,12.90,1.8429,true,1,231613
7290012245183,false,CHIPS  ציפס  קריספי,אגריסטו,BE,CHIPS  ציפס  קריספי קלאסי700גרם,גרמים,700.00,100 גרם,false,1,10.90,1.5571,true,1,231614
7290012245275,false,CHIPS ציפס בטטה קריס,אגריסטו,BE,"CHIPS ציפס בטטה קריספי  1 ק""ג",קילוגרמים,1.00,"ק""ג",false,1,25.90,25.9000,true,1,231615
7290012245312,false,גולד ציפס אמריקאי 1.,יוליניבר,BE,ציפס אמריקאי 1.5 קג,קילוגרמים,1.50,"ק""ג",false,1,19.90,13.2667,true,1,207757
7290012309939,false,חלבה מסולסלת 500 גרם,אף.סי תבליני בגליל ב,IL,חלבה מסולסלת 500 גרם ששון הקולה,גרמים,500.00,100 גרם,false,1,14.90,2.9800,true,1,189366
7290012404955,false,נקטר ספרינג חמוציות,"כד בני דרום בע""מ",IL,ספרינג Collection נקטר חמוציות 1.25 ל',ליטרים,1.25,ליטר,false,1,14.00,11.2000,true,1,164046
7290012413636,false,תה ירוק צאי מסאלה25,HIQ FOOD PRODUCTS,IL,תה ירוק צ'אי T.T,גרמים,37.00,100 גרם,false,1,25.90,70.0000,true,1,173206
7290012475108,false,קפה שעורה,קרלו,EG,משקה שעורה נמס 75 גר,גרמים,75.00,100 גרם,false,1,14.90,19.8667,true,1,166710
7290012483233,false,אנשובי ארוך בשמן זית,נמצאו,ES,אנשובי ארוך בשמן זית 80 גרם,גרמים,80.00,100 גרם,false,1,14.90,18.6250,true,1,154655
7290012619144,false,מדליק פחם 150 גרם,גרין-ליין-גי-סי-איי,,מדליק פחם 150 גרם,גרמים,150.00,100 גרם,false,1,9.90,6.6000,true,1,211981
7290012637032,false,זעתר האזוב המקראי 10,,IL,זעתר האזוב המקראי 100 גרם,גרמים,100.00,100 גרם,false,1,15.90,15.9000,true,1,234235
7290012642586,false,ערמונים קלופים 100 ג,Tangshan huiyuan foo,,ערמונים קלופים 100 גר תומר,גרמים,100.00,100 גרם,false,1,4.90,4.9000,true,1,179412
7290012697081,false,סוכרזית סטיוויה 100,ביסקול בע''מ,IL,סוכרזית סטיוויה 100 שקיות,גרמים,100.00,100 גרם,false,1,29.90,29.9000,true,1,173496
7290012738586,false,מצות יהודה מקמח שיפו,מצות יהודה,IL,מצות יהודה מקמח שיפון אורגני,גרמים,300.00,100 גרם,false,1,24.90,8.3000,true,1,214586
7290012759017,false,חטיף אנרגיה מיקס ממה,ממה חטיפי אנרגיה,,חטיף אנרגיה מיקס ממה 50 גרם,גרמים,50.00,100 גרם,false,1,7.50,15.0000,true,1,149199
7290012759031,false,חטיף אנרגיה בננה ופק,ממה חטיפי אנרגיה,,חטיף אנרגיה בננה ופקאן ממה אישי 50 גרם,גרמים,50.00,100 גרם,false,1,7.50,15.0000,true,1,158840
7290012759635,false,כדורי  תמרים וקקאו 5,ממה חטיפי אנרגיה,IL,כדורי  תמרים וקקאו 50גרם,גרמים,50.00,100 גרם,false,1,8.90,17.8000,true,1,211937
7290012759710,false,חטיף בראוניז קוקוס ו,ממה חטיפי אנרגיה,IL,חטיף בראוניז קוקוס ואגוז מלך 50 גרם,גרמים,50.00,100 גרם,false,1,8.50,17.0000,true,1,216708
7290012759727,false,חטיף בראוניז פקאן ופ,ממה חטיפי אנרגיה,IL,חטיף בראוניז פקאן ופולי קקאו 50 גרם,גרמים,50.00,100 גרם,false,1,8.50,17.0000,true,1,216707
7290012779152,false,עלי חסה פאק צוי 200,חקלאי,IL,עלי חסה פאק צוי 200 גרם,גרמים,200.00,100 גרם,false,1,12.90,6.4500,true,1,206656
7290012803215,false,ופל בלגי בטעם שוקולד,בטר אנד דיפרנט,IL,ופל בלגי בטעם שוקולד 200 גרם,גרמים,200.00,100 גרם,false,1,10.80,5.4000,true,1,176024
7290012803352,false,תרסיס רייד קוטל חרקי,אס.סי.ג'ונסון מידרכט,NL,"תרסיס רייד קוטל חרקים מעופפים 300 מ""ל",מיליליטרים,300.00,"100 מ""ל",false,1,19.90,6.6333,true,1,161877
7290012803543,false,דוחה יתושים + מילוי,אף.סי תבליני בגליל ב,CN,רייד מכשיר + מילוי נוזל 45 ליל,Unknown,0.00,Unknown,false,1,29.90,0.0000,true,1,157997
7290012803550,false,דוחה יתושים + מילוי,יושלם,,רייד שומר יום ולילה  מכשיר + מ,Unknown,0.00,Unknown,false,1,40.30,0.0000,true,1,157998
7290012823381,false,מרכך כביסה סנסטיב,"איי, בי, אינבוו",IL,מרכך מרוכז סנסטיב 1 ליטר 40 כביסות,ליטרים,1.00,ליטר,false,1,18.90,18.9000,true,1,159305
7290012823602,false,נייר טואלט סופט 32 ג,טרופיקל דגיל תעשיות,IL,נייר טואלט סופט 32 גלילים,מטרים,58800.00,מטר,false,1,33.90,0.0006,true,1,165926
7290012864001,false,נבטי חמניה,חקלאי,IL,נבטי חמניה,לא מנהל יחידת מידה,0.00,לא מנהל יחידת מידה,false,1,9.90,0.0000,true,1,162627
7290012901355,false,אטריות מקרוני עם גבי,האי נאם סי או אל.טי.,US,ארוחת מקרוני עם רוטב על בסיס גבינה,גרמים,206.00,100 גרם,false,1,11.90,5.7767,true,1,195176
7290012901959,false,אטריות עם גבינה מסול,,US,אטריות עם גבינה מסולסלים Doodles גרם156,גרמים,156.00,100 גרם,false,1,11.90,7.6282,true,1,218766
7290012911170,false,"מיסו כהה אסיה 500 מ""",פוקולוקו,,"מיסו כהה אסיה 500 מ""ל",מיליליטרים,500.00,"100 מ""ל",false,1,11.90,2.3800,true,1,162597
7290012911187,false,מיסו בהיר אסיה 500 מ,אסיה,,"מיסו בהיר אסיה 500 מ""ל",מיליליטרים,500.00,"100 מ""ל",false,1,11.90,2.3800,true,1,163124
7290012911262,false,"מירין משובח  500 מ""ל",פוקולוקו,,"מירין משובח  500 מ""ל",מיליליטרים,500.00,"100 מ""ל",false,1,25.90,5.1800,true,1,171811
7290012911477,false,קרם קוקוס גולד 400 ג,אסיה,,קרם קוקוס גולד 400 גרם,גרמים,400.00,100 גרם,false,1,7.90,1.9750,true,1,169277
7290012911675,false,פטריות שיטאקה אסיה 8,מזרח מערב,IL,פטריות שיטאקה אסיה 85 גרם,גרמים,85.00,100 גרם,false,1,17.90,21.0588,true,1,179147
7290012911729,false,גינגר לסושי אסיה 250,פוקולוקו,,גינגר לסושי אסיה 250 גרם,גרמים,250.00,100 גרם,false,1,7.50,3.0000,true,1,178470
7290012911804,false,שמן שומשום אסיה 150,מזרח מערב,,"שמן שומשום אסיה 150 מ""ל",מיליליטרים,150.00,"100 מ""ל",false,1,11.90,7.9333,true,1,168509
7290012938580,false,סנסודיין משחת שיניים,גלקסוסמית'קליין קונס,,סנסודיין משחת שיניים הלבנה עדינה 75 מל,מיליליטרים,75.00,"100 מ""ל",false,1,21.90,29.2000,true,1,169450
7290012938740,false,סנסודיין מנטה,DE MICLEN,,סנסודיין משחת שיניים מנטה מרענן 75 מל,מיליליטרים,75.00,"100 מ""ל",false,1,21.90,29.2000,true,1,176922
7290012962608,false,צלחות פלסטיק עבות במ,F.T.I,,"צלחות פלסטיק עבות במיוחד 25 יחידות 22 ס""",לא מנהל יחידת מידה,0.00,לא מנהל יחידת מידה,false,1,13.90,0.0000,true,1,211088
7290012983153,false,סילאן טבעי לחיץ 400,מנדלז סי.אר. פרודקשן,IL,סילאן טבעי 400 לחיץ,גרמים,400.00,100 גרם,false,1,16.90,4.2250,true,1,187052
7290012983610,true,תמר כבוש,מנדלז סי.אר. פרודקשן,IL,תמר כבוש 500 גר',גרמים,500.00,100 גרם,false,1,15.90,3.1800,true,1,209792
7290012996610,false,טבליות אסלה 400 גרם,ג'נרל מילס סאן אדריא,DE,הפי טבליות לניקוי אסלה יעקבי 16 יחידות,גרמים,400.00,100 גרם,false,1,16.70,4.1750,true,1,165587
7290013056795,false,שמפו לסירוק קל,זוהר קוסמטיק ישראל,,שמפו לסירוק קל 750 מל מגה,מיליליטרים,750.00,"100 מ""ל",false,1,9.80,1.3067,true,1,171235
7290013056818,false,שמפו ילדים ניחוח שרי,יושלם,,שמפו ילדים ניחוח שרי 750 מגה,מיליליטרים,750.00,"100 מ""ל",false,1,8.80,1.1733,true,1,171237
7290013068361,false,שמן זית אליעד כתית מ,קרלו,IL,שמן זית אליעד כתית מעולה 750 מל,מיליליטרים,750.00,"100 מ""ל",false,1,36.90,4.9200,true,1,217316
7290013068699,false,שמן זית כתית מעולה ע,קרלו,IL,"שמן זית כתית מעולה עשיר אליעד 750מ""ל",מיליליטרים,750.00,"100 מ""ל",false,1,36.90,4.9200,true,1,219460
7290013068705,false,שמן זית כתית מעולה ק,קרלו,IL,שמן זית כתית מעולה קטיפתי אליעד750 מל,מיליליטרים,750.00,"100 מ""ל",false,1,36.90,4.9200,true,1,219459
7290013117212,false,בורקס פילו במילוי גב,מיוצר עי קונדיטוריית,IL,בורקס פילו במילוי גבינה 600 גרם,גרמים,600.00,100 גרם,false,1,22.50,3.7500,true,1,156301
7290013117410,false,מארז בצק פריך מתוק,מיוצר עי קונדיטוריית,IL,מארז בצק פריך מתוק 450 גר            2*,גרמים,900.00,100 גרם,false,1,25.40,2.8222,true,1,166844
7290013117427,false,מארז בצק פריך מלוח *,מיוצר עי קונדיטוריית,IL,מארז בצק פריך מלוח *2  450 גרם,גרמים,900.00,100 גרם,false,1,25.40,2.8222,true,1,166845
7290013144393,false,תמצית וניל,מיוצר עי קונדיטוריית,IL,מימונס תמצית אפיה בטעם וניל 50 מל,מיליליטרים,50.00,"100 מ""ל",false,1,4.90,9.8000,true,1,171381
7290013144409,false,תמצית רום,מיוצר עי קונדיטוריית,IL,מימונס תמצית אפיה בטעם רום 50 מל,גרמים,50.00,100 גרם,false,1,4.90,9.8000,true,1,171382
7290013144416,false,תמצית שקדים,מיוצר עי קונדיטוריית,IL,מימונס תמצית אפיה בטעם שקדים 50 מל,גרמים,50.00,100 גרם,false,1,4.90,9.8000,true,1,188542
7290013144508,false,תמצית בטעם ורדים 50,מיוצר עי קונדיטוריית,IL,מימונס תמצית אפיה בטעם ורדים 50 מל,גרמים,50.00,100 גרם,false,1,9.90,19.8000,true,1,159678
7290013145055,true,פרג שלם,א.ל ייצור ושיווק תבל,IL,פרג שלם,גרמים,100.00,100 גרם,false,1,6.90,6.9000,true,1,212079
7290013145123,true,שקד מולבן פרוס,מיוצר עי קונדיטוריית,IL,מימונס שקד מולבן פרוס 100 גרם,Unknown,0.00,Unknown,false,1,14.90,0.0000,true,1,166102
7290013145628,false,סוכריות אדומות לקישו,א.ל ייצור ושיווק תבל,IL,סוכריות אדומות לקישוט 200גרם,גרמים,200.00,100 גרם,false,1,9.90,4.9500,true,1,212048
7290013145710,false,דובדבנים מסוכרים,מיוצר עי קונדיטוריית,IL,דובדבנים מסוכרים לקישוט ואפייה,גרמים,100.00,100 גרם,false,1,8.90,8.9000,true,1,159686
7290013145949,false,אבקת סוכר אריזת פטנט,מיוצר עי קונדיטוריית,IL,מימונס אבקת סוכר 250 גרם,גרמים,250.00,100 גרם,false,1,16.50,6.6000,true,1,159386
7290013145963,true,שמרים בואקום 125 ג,המאפיה של הרמן,CN,מימונס שמרים יבשים בואקום 125 גרם,גרמים,125.00,100 גרם,false,1,6.90,5.5200,true,1,189780
7290013151209,false,קורנישון מלפפון בחומ,יוניקורן פיקלס,,קורנישון מלפפון בחומץ 690 גרם,גרמים,690.00,100 גרם,false,1,11.90,1.7246,true,1,182464
7290013153432,false,מיץ סחוט לימונענע 40,היינץ צפון אמריקה מק,IL,"סחוט לימונענע 400 מ""ל",מיליליטרים,400.00,"100 מ""ל",false,1,9.50,2.3750,true,1,201433
7290013268204,false,סנובון- מגבונים לניק,טרופיקל דגיל תעשיות,IL,"סנובון מגבונים לניקוי וחיטוי מושב האסלה, 20 יחידות",לא מנהל יחידת מידה,0.00,לא מנהל יחידת מידה,false,1,10.90,0.0000,true,1,210237
7290013268242,false,ריצפז פרש הום בניחוח,טרופיקל דגיל תעשיות,IL,נוזל רצפות פרש הום מלון מפנק,ליטרים,2.00,ליטר,false,1,21.90,10.9500,true,1,218253
7290013268822,false,מש.שיניים טריפל אקשן,גוד פוד פרודקטס S.p,IL,אורביטול BREATH CONTROL משחת שיניים 145 גרם,גרמים,145.00,100 גרם,false,1,12.90,8.8966,true,1,169728
7290013268884,false,סנופרש מאסק,מיוצר עי קונדיטוריית,IL,ריצפז פרש ניחוח מאסק 2 ליטר,ליטרים,2.00,ליטר,false,1,18.90,9.4500,true,1,163186
7290013268891,false,"סנו אוקסיג""ן ג""ל 3 ל",הורביץ סחר,IL,אוקסיג'ן גל,ליטרים,3.00,ליטר,false,1,34.60,11.5333,true,1,166917
7290013268907,false,"ג""ל כביסה מקסימה ביו","איי, בי, אינבוו",IL,סנו מקסימה ג'ל כביסה ביו 3 ליטר,ליטרים,3.00,ליטר,false,1,29.90,9.9667,true,1,166918
7290013268990,false,מרכך כביסה ביו מרוכז,"איי, בי, אינבוו",IL,מרכך מרוכז ביו 1ליטר 40 כביסות,ליטרים,1.00,ליטר,false,1,18.90,18.9000,true,1,166920
7290013269263,false,"ג""ל כביסה קריסטל",סנו מפעלי ברונוס בעמ,IL,"ג""ל כביסה מקסימה קריסטל נואר          3",ליטרים,3.00,ליטר,false,1,29.90,9.9667,true,1,169517
7290013269287,false,"ג""ל כביסה מקסימה בני","איי, בי, אינבוו",IL,מקסימה ג'ל כביסה מרוכז מאסק 3 ליטר,ליטרים,3.00,ליטר,false,1,29.90,9.9667,true,1,174176
7290013269621,false,ריצפז פרש הום מלון ב,מיוצר עי קונדיטוריית,IL,"סנו ריצפז, תרכיז ריחני לניקוי כל סוגי הרצפות",ליטרים,2.00,ליטר,false,1,21.90,10.9500,true,1,213928
7290013269645,false,ריצפז מטליות לחות לר,סנו מפעלי ברונוס בעמ,IL,מטליות רצפז מאסק,Unknown,0.00,Unknown,false,1,14.90,0.0000,true,1,184645
7290013269669,false,נוזל רצפות  פנטזיה,"סנו מפעלי ברונוס בע""",IL,ריצפז בניחוח פנטזיה לניקוי הריצפה 3 ליטר,ליטרים,3.00,ליטר,false,1,15.90,5.3000,true,1,179589
7290013269751,false,מטליות לחות לרצפה בנ,טרופיקל דגיל תעשיות,IL,"סנו רצפז, מטליות לחות לניקוי הרצפה.",לא מנהל יחידת מידה,7.50,לא מנהל יחידת מידה,false,1,14.90,1.9867,true,1,213584
7290013269911,false,ספריי סנו K333 קוטל,"איי, בי, אינבוו",IL,K-333,מיליליטרים,750.00,"100 מ""ל",false,1,27.60,3.6800,true,1,176435
7290013284310,false,רוטב פסטה לילדים,פריניר ( הדס 1987) ב,IL,פריניר רוטב פסטה טעים לילדים 240 גרם,גרמים,240.00,100 גרם,false,1,5.90,2.4583,true,1,181607
7290013284662,false,רוטב פיצה פיתה,פריניר ( הדס 1987) ב,IL,פריניר רוטב פיצה פיתה 240 גרם,גרמים,240.00,100 גרם,false,1,5.90,2.4583,true,1,193807
7290013310576,false,כוסות נייר 8 לשתייה,ACSP,CN,כוסות נייר 8 לשתייה חמה 50יח 240מל,יחידה,1.00,יחידה,false,1,10.90,10.9000,true,1,223269
7290013358356,false,פירורי לחם מוזהבים,מנה י.א בעמ,IL,פירורי לחם מוזהבים 350 גרם מאסטר שף,גרמים,300.00,100 גרם,false,1,7.90,2.6333,true,1,173209
7290013358363,false,פירורי לחם יפנים פנק,"מיוצר ע""י מנה י.א בע",IL,פירורי לחם יפנים פנקו 300 גרם,גרמים,300.00,100 גרם,false,1,9.90,3.3000,true,1,173163
7290013358417,false,רוטב טריאקי מאסטר שף,"מסאווג' רונרג' בע""מ",TH,מאסטר שף רוטב טריאקי אסייאתי 300 מל,מיליליטרים,300.00,"100 מ""ל",false,1,12.90,4.3000,true,1,200478
7290013358462,false,מיני קרוטונים למרק ב,"עינת תעשיות מזון, אג",IL,"מאסטר שף, מיני קרוטונים למרק, 350 גרם",גרמים,350.00,100 גרם,false,1,18.90,5.4000,true,1,186397
7290013358493,false,קרם קוקוס מאסטר שף פ,תאי קוקונט פבליק קומ,TH,מאסטר שף קרם קוקוס 400 מל,מיליליטרים,400.00,"100 מ""ל",false,1,9.90,2.4750,true,1,200344
7290013358509,false,מיקסלט 200 גרם,"אפקטבעי בע""מ",IL,מיקסלט 200 גרם,גרמים,200.00,100 גרם,false,1,14.80,7.4000,true,1,192701
7290013358516,false,מיקסלט עם חמוציות 20,"אםקטבעי בע""מ",IL,מיקסלט עם חמוציות 200 גרם,גרמים,200.00,100 גרם,false,1,14.80,7.4000,true,1,192702
7290013358530,false,רוטב צילי מתוק מאסטר,"מסוונג רונרוג' בע""מ",TH,מאסטר שף רוטב צ'ילי מתוק 700 מל,מיליליטרים,700.00,"100 מ""ל",false,1,13.90,1.9857,true,1,200278
7290013358547,false,רוטב צילי חריף מאסטר,מסוונג רונרוג בעמ,TH,מאסטר שף רוטב צ'ילי חריף 700 מל,מיליליטרים,700.00,"100 מ""ל",false,1,13.90,1.9857,true,1,200279
7290013358578,false,אטריות אורז רחבות מא,ליינג טונג רייס פלוו,TH,מאסטר שף אטריות אורז רחבות 400 גרם,גרמים,400.00,100 גרם,false,1,9.80,2.4500,true,1,198827
7290013358585,false,נודלס אטריות ביצים מ,"ש. שסטוביץ בע""מ",CN,מאסטר שף נודלס אטריות ביצים 400 גרם,גרמים,400.00,100 גרם,false,1,9.80,2.4500,true,1,200185
7290013366108,false,אספרגוס,חקלאי,IL,אספרגוס,לא מנהל יחידת מידה,0.00,לא מנהל יחידת מידה,false,1,29.90,0.0000,true,1,217937
7290013389114,false,"ניוקי  תפו""א 500 גרם",Ciemme alimentari sr,,"ניוקי  תפו""א 500 גרם",גרמים,500.00,100 גרם,false,1,7.90,1.5800,true,1,199905
7290013492005,false,"תפו""א זעיר למיקרו יח",מרינה,IL,תפוא זעיר למיקרו יח,יחידה,0.00,יחידה,false,1,7.90,0.0000,true,1,197172
7290013585257,false,ספרייט זירו בקבוק 50,"אינסטנטה בע""מ",IL,"ZERO ספרייט 500 מ""ל",מיליליטרים,500.00,"100 מ""ל",false,1,7.50,1.5000,true,1,197791
7290013585387,false,קוקה קולה זירו בקבוק,פארייפאבה אגרואינדוס,IL,ZERO תריסר 1 ליטר,ליטרים,1.00,ליטר,false,1,8.00,8.0000,true,1,196341
7290013585394,false,קוקה קולה 1 ליטר,פארייפאבה אגרואינדוס,IL,קוקה קולה 1 ליטר תריסר,ליטרים,1.00,ליטר,false,1,8.00,8.0000,true,1,196340
7290013608673,false,נקטר תפוח פרימור,סטאר סנקס,IL,נקטר תפוחי עץ ‏1‏ל,לא מנהל יחידת מידה,0.00,לא מנהל יחידת מידה,false,1,8.90,0.0000,true,1,216213
7290013608680,false,נקטר עגבניות פרימור,סטאר סנקס,IL,פרימור מיץ עגבניות 1 ליטר,לא מנהל יחידת מידה,0.00,לא מנהל יחידת מידה,false,1,8.90,0.0000,true,1,209687
7290013683595,false,עוגת פס שביל חלב,"גידרון תעשיות בע""מ",,עוגת פס שביל חלב,יחידה,1.00,יחידה,false,1,39.90,39.9000,true,1,174274
7290013746290,false,עוגיות קראנץ שקדים מ,"דגן מיני מזונות בע""מ",IL,עוגיות קראנץ אגוזים מכוסמין,גרמים,200.00,100 גרם,false,1,34.90,17.4500,true,1,215704
7290013746368,false,עוגיות כוסמין ושקדים,פרוטרופיק סיה.,IL,עוגיות כוסמין ושקדים,גרמים,300.00,100 גרם,false,1,33.90,11.3000,true,1,208807
7290013746504,false,מקלוני כוסמין עשבי ת,פרוטרופיק סיה.,IL,מקלוני כוסמין עשבי תיבול דגן,גרמים,200.00,100 גרם,false,1,29.90,14.9500,true,1,208799
7290013746689,false,עוגיות שיבולת שועל ו,פרוטרופיק סיה.,IL,"עוגיות שיבולת שועל ואוכמניות לל""ס 250 גר",גרמים,250.00,100 גרם,false,1,29.90,11.9600,true,1,208804
7290013847553,false,טונה במים דל נתרן סט,"איטיליאן פוד, אס.פי.",TH,טונה במים דל נתרן,גרמים,640.00,100 גרם,false,1,27.90,4.3594,true,1,206587
7290013848017,false,סנו נירוסטה - מתז 50,"איי, בי, אינבוו",IL,ניקוי והברקת נירוסטה 500 מל,לא מנהל יחידת מידה,0.00,לא מנהל יחידת מידה,false,1,19.90,0.0000,true,1,210240
7290013848345,false,מטליות לחות שלישייה,סנו מפעלי ברונוס בעמ,IL,מטליות לחות שלישייה לניקוי 99%,לא מנהל יחידת מידה,0.00,לא מנהל יחידת מידה,false,1,21.90,0.0000,true,1,214677
7290013848758,false,גל כביסה מרוכז3 ליטר,"איי, בי, אינבוו",IL,מקסימה ג'ל כביסה  מרוכז בייבי 3 ליטר,ליטרים,3.00,ליטר,false,1,35.90,11.9667,true,1,186963
7290013848789,false,אלסבון מוצק דבש,יבואן ומשווק: ש. שסט,IL,כיף רביעיית סבון מוצק דבש (4*100 גר),מיליליטרים,1.00,"100 מ""ל",false,1,11.90,1190.0000,true,1,177263
7290013883407,false,דזיטול מחטא ומשמיד ח,קרלו,ES,יעקבי דזיטול ספריי מחטא ומשמיד חיידקים 750 מל,מיליליטרים,500.00,"100 מ""ל",false,1,19.90,3.9800,true,1,176862
7290013883445,false,אסטוניש קרם לניקוי מ,פרח,,אסטוניש קרם לניקוי מטבחים           550,מיליליטרים,550.00,"100 מ""ל",false,1,15.90,2.8909,true,1,178894
7290013903327,false,טופו 500 גרם ליב טבע,אין תעשיות,IL,טופו 500 גרם ליב טבעי,גרמים,500.00,100 גרם,false,1,18.90,3.7800,true,1,215283
7290013903594,false,רסק תפוחים טבעי ליב,טעמי הגליל בעמ,IL,רסק תפוחים טבעי ליב,גרמים,670.00,100 גרם,false,1,11.90,1.7761,true,1,215806
7290013906052,false,נקניקיות פרגיות 300,הנסיך- מפעל לייצור ט,IL,נקניקיות פרגיות 300 גרם,גרמים,300.00,100 גרם,false,1,13.90,4.6333,true,1,175662
7290013906441,false,קבנוס 120 גרם,הנסיך- מפעל לייצור ט,IL,קבנוס נקניק מעושן יבש 120 גרם,גרמים,120.00,100 גרם,false,1,11.90,9.9167,true,1,185523
7290013906458,false,קבנוס בטעם פיקנטי 12,הנסיך- מפעל לייצור ט,IL,טירת צבי קבנוס פיקנטי נקניק מעושן יבש 120 גרם,גרמים,120.00,100 גרם,false,1,11.90,9.9167,true,1,189031
7290013906489,false,חטיפי מיני קבנוס 120,הנסיך- מפעל לייצור ט,IL,טירת צבי חטיפי מיני קבנוס 120 גרם,גרמים,120.00,100 גרם,false,1,11.90,9.9167,true,1,189032
7290013906519,false,פרושוטו בקר 100 גרם,הנסיך- מפעל לייצור ט,IL,פרושוטו בקר 100 גרם,גרמים,100.00,100 גרם,false,1,26.90,26.9000,true,1,193294
7290013927637,false,חלווה אחווה ללס 400ג,אחדות בעמ,IL,אחוה חלוה ללא תוספת סוכר 400 גרם,גרמים,400.00,100 גרם,false,1,14.90,3.7250,true,1,230445
7290013971203,false,מכונת תספורת BLIZZAR,פוג'יקום,,מכונת תספורת BLIZZARD,יחידה,1.00,יחידה,false,1,139.90,139.9000,true,1,188093
7290013971555,false,מארז פוגיקום 8+4,פוג'יקום,,מארז פוגיקום 8+4,לא מנהל יחידת מידה,0.00,לא מנהל יחידת מידה,false,1,19.90,0.0000,true,1,188091
7290014002135,false,תה ירוק מיקס 5 טעמים,HIQ FOOD PRODUCTS,IL,תה ירוק מיקס - חדש 2015,גרמים,37.00,100 גרם,false,1,25.90,70.0000,true,1,177827
7290014002203,false,חליטת צמחים לימונית,HIQ FOOD PRODUCTS,IL,חליטת לימונית לואיזה - הגן הקסום,גרמים,37.00,100 גרם,false,1,19.90,53.7838,true,1,179149
7290014002944,false,חליטת הגן הקסום,HIQ FOOD PRODUCTS,IL,"תה ויסוצקי,חליטת חמדת השקד - ""הגן הקסום""",גרמים,50.00,100 גרם,false,1,19.90,39.8000,true,1,191999
7290014046016,false,פסטרמה  של פעם 100%,פ.פ.ח. שאביט,IL,יחיעם פסטרמה של פעם 250 גרם,גרמים,250.00,100 גרם,false,1,25.90,10.3600,true,1,195502
7290014046023,false,מוס כבד עוף עם פטריו,פ.פ.ח. שאביט,IL,יחיעם מוס כבד עוף עם פטריות 140 גרם,גרמים,140.00,100 גרם,false,1,15.90,11.3571,true,1,201129
7290014046757,false,סלמי תה מעדני יחיעם,פ.פ.ח. שאביט,IL,סלמי תה מעדני יחיעם   300גרם,גרמים,300.00,100 גרם,false,1,22.90,7.6333,true,1,206913
7290014059085,false,סנסודיין משחה לשיקום,DE MICLEN,,סנסודיין משחת שיניים לשיקום והגנה 75 מל,מיליליטרים,75.00,"100 מ""ל",false,1,21.90,29.2000,true,1,175999
7290014059436,false,סנסודיין לשיקום והגנ,DE MICLEN,,סנסודיין משחת שיניים משקמת יומיומית 75 מל,מיליליטרים,75.00,"100 מ""ל",false,1,21.90,29.2000,true,1,185663
7290014079014,false,חסה לבבות קיסר,אליהו חדד,IL,חסה לבבות קיסר,גרמים,300.00,100 גרם,false,1,9.90,3.3000,true,1,186487
7290014083806,false,עוגיות פח 350 ג וילי,,PT,עוגיות פח 350 ג ויליפוד,גרמים,350.00,100 גרם,false,1,14.90,4.2571,true,1,179072
7290014083813,false,שפורטים 190 גרם,בריואוס וילניס,LV,שפורטים 190 גרם,גרמים,190.00,100 גרם,false,1,9.90,5.2105,true,1,179472
7290014094338,false,דלעת מקולפת 250 גרם,"דין שיווק וקליה בע""מ",,דלעת מקולפת 250 גרם,גרמים,250.00,100 גרם,false,1,14.90,5.9600,true,1,230224
7290014094345,false,חמניות קלופות 300 גר,"דין שיווק וקליה בע""מ",,חמניות קלופות 300 גרם,גרמים,300.00,100 גרם,false,1,11.90,3.9667,true,1,230225
7290014094376,false,שזיפים ללא גלעין בקו,"דין שיווק וקליה בע""מ",,שזיפים ללא גלעין בקופסא  250 גרם,גרמים,250.00,100 גרם,false,1,19.90,7.9600,true,1,230394
7290014094642,false,קשיו טבעי בקופסא  25,"דין שיווק וקליה בע""מ",,קשיו טבעי בקופסא  250 גרם,גרמים,250.00,100 גרם,false,1,23.90,9.5600,true,1,229651
7290014094796,false,משמש בשקית 300 גרם,"דין שיווק וקליה בע""מ",,משמש בשקית 300 גרם,גרמים,300.00,100 גרם,false,1,16.90,5.6333,true,1,229630
7290014094826,false,שזיף מגולען 300 גרם,"דין שיווק וקליה בע""מ",,שזיף מגולען 300 גרם,גרמים,300.00,100 גרם,false,1,16.90,5.6333,true,1,229631
7290014094833,false,צימוק לבן שקית  300,"דין שיווק וקליה בע""מ",,צימוק לבן שקית  300 גרם,גרמים,300.00,100 גרם,false,1,13.90,4.6333,true,1,194063
7290014094840,false,צימוק חום שקית  300,"דין שיווק וקליה בע""מ",,צימוק חום שקית  300 גרם,גרמים,300.00,100 גרם,false,1,13.90,4.6333,true,1,194064
7290014094857,false,פקאן סיני מסוכר 150,דין שיווק,IL,פקאן סיני מסוכר 150 גרם,גרמים,150.00,100 גרם,false,1,17.90,11.9333,true,1,229582
7290014094864,false,פיסטוק קלוי 170גרם,דין שיווק,IL,פיסטוק קלוי 170גרם,גרמים,170.00,100 גרם,false,1,18.90,11.1176,true,1,229608
7290014094895,true,אגוזים קלופים 150 גר,דין שיווק,IL,אגוזים קלופים 150 גרם,גרמים,150.00,100 גרם,false,1,11.90,7.9333,true,1,229593
7290014094901,false,פקאן טבעי 150גרם,דין שיווק,IL,פקאן טבעי 150גרם,גרמים,150.00,100 גרם,false,1,19.90,13.2667,true,1,229606
7290014095861,false,שיבולת שועל דקה,"דין שיווק וקליה בע""מ",,שיבולת שועל דקה 500 גרם שקדיה,גרמים,500.00,100 גרם,false,1,6.90,1.3800,true,1,192780
7290014095953,false,משוקלדים פקאן חלב 14,שקדיה גבע בתעשיות עמ,IL,שקדיה פקאן בציפוי שוקולד חלב 160 גרם,גרמים,140.00,100 גרם,false,1,10.90,7.7857,true,1,229750
7290014095960,false,שיבולת שועל עבה,"דין שיווק וקליה בע""מ",,שיבולת שועל עבה 500 גרם שקדיה,גרמים,500.00,100 גרם,false,1,6.90,1.3800,true,1,193112
7290014138988,true,כוסיות עם שמן ופתיל,,,כוסיות עם שמן ופתיל,יחידה,1.00,יחידה,false,1,64.90,64.9000,true,1,220979
7290014217003,false,פפריקה מעושנת מיכל,תות ממתקי איכות,IL,"תבליני טעם וריח, פפריקה בטעם מעושן,  90 גרם",גרמים,90.00,100 גרם,false,1,9.90,11.0000,true,1,178384
7290014217065,false,אורגנו 30 גרם,תות ממתקי איכות,IL,תבליני טעם וריח אורגנו 100% 30 גרם,Unknown,0.00,Unknown,false,1,9.90,0.0000,true,1,177842
7290014217119,false,ציפס מיכל 100 גר,תות ממתקי איכות,IL,"תבליני טעם וריח תערובת תיבול לצ'יפס, 100 גרם",Unknown,0.00,Unknown,false,1,9.90,0.0000,true,1,194516
7290014217157,false,טוסקנה 120 גר,תות ממתקי איכות,IL,תבליני טעם וריח תערובת תיבול טוסקנה 120 גרם,גרמים,120.00,100 גרם,false,1,9.90,8.2500,true,1,194520
7290014217201,false,תערובת תיבול סומק מי,תות ממתקי איכות,IL,תבליני טעם וריח מיכל קטן סומק 45 גרם,גרמים,45.00,100 גרם,false,1,6.90,15.3333,true,1,213034
7290014217263,false,תערובת תיבול לפרגיות,תות ממתקי איכות,IL,"תבליני טעם וריח תערובת תיבול לפרגיות, 100 גרם",גרמים,100.00,100 גרם,false,1,9.90,9.9000,true,1,202289
7290014217348,false,צילי כתוש במיכל,תות ממתקי איכות,IL,תבליני טעם וריח צ'ילי גרוס חריף 70 גרם,גרמים,0.00,100 גרם,false,1,9.90,0.0000,true,1,190936
7290014217355,false,אבקת קרי,תות ממתקי איכות,IL,"תבליני טעם וריח, אבקת קארי, 100 גרם",Unknown,0.00,Unknown,false,1,9.90,0.0000,true,1,190937
7290014217522,false,לחם שום תערובת מיכל,תות ממתקי איכות,IL,לחם שום תערובת מיכל 100 גרם,גרמים,100.00,100 גרם,false,1,11.90,11.9000,true,1,212163
7290014217539,false,תערובת סוכר וקינמון,תות ממתקי איכות,IL,תבליני טעם וריח תערובת תיבול סוכר קינמון 150 גרם,גרמים,150.00,100 גרם,false,1,11.90,7.9333,true,1,212164
7290014218932,false,חטיפי פיצה בתוספת זי,מיוצר עי קונדיטוריית,IL,חטיפי פיצה בתוספת זיתים בשקית 710 גרם,גרמים,710.00,100 גרם,false,1,34.90,4.9155,true,1,215404
7290014369252,false,שלגון MOJO מנגו בצ.ק,פיקסל,IL,שלגון MOJO מנגו בצ.קוקוס67 גרם,גרמים,67.00,100 גרם,false,1,9.90,14.7761,true,1,222866
7290014369269,false,שלגון MOJO קוקוס אננ,פיקסל,IL,שלגון MOJO קוקוס אננס  69 גרם,גרמים,69.00,100 גרם,false,1,9.90,14.3478,true,1,222867
7290014369306,false,שלגון MOJO תות שדה ט,איתלק,IL,שלגון MOJO תות שדה טבעי 70 גרם,גרמים,70.00,100 גרם,false,1,9.90,14.1429,true,1,215472
7290014369320,false,שלגון MOJO סורבה קוק,איתלק,IL,שלגון MOJO סורבה קוקוס טבעי 70 גרם,גרמים,70.00,100 גרם,false,1,9.90,14.1429,true,1,215474
7290014369337,false,שלגון MOJO מנגו טרופ,איתלק,IL,שלגון MOJO מנגו טרופי  טבעי 70 גרם,גרמים,70.00,100 גרם,false,1,9.90,14.1429,true,1,215475
7290014369351,false,מנגו אננס ופסיפלורה,איתלק,IL,מנגו אננס ופסיפלורה טבעיים 70 גרם,גרמים,70.00,100 גרם,false,1,9.90,14.1429,true,1,215477
7290014369382,false,שלגון MOJO פיסטוק מו,איתלק,IL,שלגון MOJO פיסטוק מובחר  טבעי 70 גרם,גרמים,70.00,100 גרם,false,1,9.90,14.1429,true,1,215479
7290014369412,false,שלגון MOJO שוקולד בל,איתלק,IL,שלגון MOJO שוקולד בלגי  70 גרם,גרמים,70.00,100 גרם,false,1,9.90,14.1429,true,1,215482
7290014369443,false,שלגון MOJO יוגורט דו,איתלק,IL,שלגון MOJO יוגורט דובדבן 70 גרם,גרמים,70.00,100 גרם,false,1,9.90,14.1429,true,1,215485
7290014369450,false,קוקוס ואננס טבעיים,,,קוקוס ואננס טבעיים,יחידה,1.00,יחידה,false,1,9.90,9.9000,true,1,217797
7290014369474,false,שלגון MOJO תות ובננה,איתלק,IL,שלגון MOJO תות ובננה טבעיים 70 גרם,גרמים,70.00,100 גרם,false,1,9.90,14.1429,true,1,219124
7290014369504,false,גלידה קוקוס בציפוי ש,פיקסל,,שלגון קוקוס בציפוי שוקולד מריר,גרמים,70.00,100 גרם,false,1,9.90,14.1429,true,1,219649
7290014369801,false,שלגון קרם קוקוס עם ח,גלידת אילו,IL,שלגון קרם קוקוס עם חתיכות אוכמניות 71 גרם,גרמים,71.00,100 גרם,false,1,9.90,13.9437,true,1,231974
7290014369818,false,שלגון מסקרפונה עם חת,גלידת אילו,IL,שלגון מסקרפונה עם חתיכות אפרסק 71גרם,גרמים,71.00,100 גרם,false,1,9.90,13.9437,true,1,231971
7290014369825,false,שלגון תות עם חתיכות,גלידת אילו,IL,שלגון תות עם חתיכות ליצי 71גרם,גרמים,71.00,100 גרם,false,1,9.90,13.9437,true,1,231975
7290014369832,false,שלגון מקיאטו 71גרם,גלידת אילו,IL,שלגון מקיאטו 71גרם,גרמים,71.00,100 גרם,false,1,9.90,13.9437,true,1,231972
7290014397170,false,סנו פרש מיכל מילוי ב,מיוצר עי קונדיטוריית,IL,סנו פרש מיכל מילוי בניחוח SOFT BALANCE,מיליליטרים,165.00,"100 מ""ל",false,1,17.90,10.8485,true,1,206976
7290014397514,false,מבשם אויר נטול גז כו,"סנו מפעלי ברונוס בע""",IL,פרש הום מבשם לבית כותנה מלטפת 350 מל,מיליליטרים,350.00,"100 מ""ל",false,1,15.90,4.5429,true,1,180343
7290014397538,false,מבשם אויר נטול גז בו,סנו מפעלי ברונוס בעמ,IL,פרש הום מבשם לבית סבון מפנק 350 מל,מיליליטרים,350.00,"100 מ""ל",false,1,15.90,4.5429,true,1,180345
7290014397989,false,FEFRESH מנטרל ריחות,סנו מפעלי ברונוס בעמ,IL,סנו רפרש מנט,מיליליטרים,750.00,"100 מ""ל",false,1,21.90,2.9200,true,1,202801
7290014426061,false,משחת שיניים תינוקות,כצט נוביס,,משחת שיניים תינוקות הלו קיטי,מיליליטרים,50.00,"100 מ""ל",false,1,10.90,21.8000,true,1,195292
7290014435704,false,סלמון מעושן 100 גרם,"סלטי שמיר 2006 בע""מ",,סלמון מעושן 100 גרם,גרמים,100.00,100 גרם,false,1,26.90,26.9000,true,1,188899
7290014435803,false,מטיאס הולנדי עם בצל,"סלטי שמיר 2006 בע""מ",,מטיאס הולנדי עם בצל בשמן 180 גרם,גרמים,180.00,100 גרם,false,1,20.90,11.6111,true,1,188341
7290014435810,false,הרינג כבוש עם בצל 18,"סלטי שמיר 2006 בע""מ",,הרינג כבוש עם בצל 180 גרם,גרמים,180.00,100 גרם,false,1,20.90,11.6111,true,1,188343
7290014455252,false,גבינת גרנה פדנו מגור,מחלבות גד,IT,גד גרנה פדנו גבינה קשה מגוררדת 29% שומן,גרמים,100.00,100 גרם,false,1,13.90,13.9000,true,1,201012
7290014466128,false,יין הר חרמון אינדיגו,קרלו,IL,"יין הר חרמון אינדיגו 750 מ""ל",מיליליטרים,750.00,"100 מ""ל",false,1,33.90,4.5200,true,1,179591
7290014466463,false,יין הר חרמון מוסקטו,"כד בני דרום בע""מ",IL,"הר חרמון מוסקטו 2020 750 מ""ל",מיליליטרים,750.00,"100 מ""ל",false,1,33.90,4.5200,true,1,185311
7290014472228,false,תאנים בקופסא  330 גר,"דין שיווק וקליה בע""מ",,תאנים בקופסא  330 גרם,גרמים,330.00,100 גרם,false,1,22.90,6.9394,true,1,229650
7290014472471,false,גרעין שחור ענק פרימי,דין שיווק,IL,גרעין שחור ענק פרימיום 200גרם,גרמים,200.00,100 גרם,false,1,6.90,3.4500,true,1,229621
7290014472495,false,קשיו קלוי ענק 250גרם,דין שיווק,IL,קשיו קלוי ענק 250גרם פרימיום,גרמים,250.00,100 גרם,false,1,23.90,9.5600,true,1,229623
7290014472501,false,פיסטוק קלוי ענק פרימ,דין שיווק,IL,פיסטוק קלוי ענק פרימיום 250גרם,גרמים,250.00,100 גרם,false,1,25.90,10.3600,true,1,229622
7290014472518,false,בוטן קלוי ענק פרימיו,דין שיווק,IL,בוטן קלוי ענק פרימיום 250גרם,גרמים,250.00,100 גרם,false,1,9.90,3.9600,true,1,229620
7290014472525,false,תערובת פיצוחים 250 ג,דין שיווק,IL,תערובת פיצוחים 250 גרם פרימיום,גרמים,250.00,100 גרם,false,1,22.90,9.1600,true,1,229625
7290014525665,false,עוגיות על חלל קקאו ע,"מרבה בע""מ",NL,מרבה עוגיות עם סוכריות שוקולד חלב צבעוניות 140 גרם,גרמים,140.00,100 גרם,false,1,9.90,7.0714,true,1,222366
7290014581036,false,פחמים,,,"פחם להבה 2 ק""ג",קילוגרמים,2.00,"ק""ג",false,1,14.90,7.4500,true,1,207679
7290014581500,true,מנגל נירוסטה ענק,,,מנגל נירוסטה ענק,יחידה,0.00,יחידה,false,1,49.90,0.0000,true,1,231401
7290014603028,false,שלגון סולרו וניל ציפ,"מיוצר ע""י גלידת שטרא",IL,סולרו שלגון סולרו תות 75 גרם,גרמים,76.00,100 גרם,false,1,10.90,14.3421,true,1,180805
7290014692336,false,שיני שום במלח,לינאי קטימה פודסטאפ,CN,ויליפוד שיני שום במי מלח 340 גרם,גרמים,340.00,100 גרם,false,1,14.90,4.3824,true,1,182239
7290014692565,false,גרעיני תירס מתוק ויל,אקו קונסרויפרי קי.אפ,HU,ויליפוד גרעיני תירס מתוק 320 גרם,גרמים,320.00,100 גרם,false,1,5.90,1.8438,true,1,200288
7290014725294,false,סוכרלוז מותר לשבת,ביסקול בע''מ,IL,סוכרזית סוכרלוז 100 שקיות,לא מנהל יחידת מידה,0.00,לא מנהל יחידת מידה,false,1,18.90,0.0000,true,1,193067
7290014725348,false,סוכרזית קלאסי,ביסקול בע''מ,IL,"סוכרזית קלאסי, ממתיק בטעם הקלאסי 100 שקיות",גרמים,100.00,100 גרם,false,1,16.70,16.7000,true,1,193279
7290014731844,false,מפיות מודפסות 20 יח,,PL,מפיות מודפסות 20 יח,Unknown,0.00,Unknown,false,1,5.90,0.0000,true,1,220715
7290014747333,false,שניצל דק ענק עוף טוב,עוף טוב,,שניצל דק ענק עוף טוב כשר לפסח 650 גרם,גרמים,650.00,100 גרם,false,1,39.90,6.1385,true,1,202037
7290014748958,false,דג טוב מיני אמנון צי,מולינו ניקולי s.p.a,IL,ד.ט.פופקורן מיני אמנון ציפס נ.שלם14*400ג,גרמים,400.00,100 גרם,false,1,34.90,8.7250,true,1,214652
7290014749245,false,עוף טוב צונגו רצועות,מולינו ניקולי s.p.a,IL,עוף טוב ספיישל רצועות שניצל שמשם.12*600ג,גרמים,600.00,100 גרם,false,1,36.90,6.1500,true,1,218740
7290014749764,false,עוף טוב שניצל עוף בי,מולינו ניקולי s.p.a,IL,עוף טוב שניצל עוף ביתי עדין כזה  700גרם,לא מנהל יחידת מידה,0.00,לא מנהל יחידת מידה,false,1,44.90,0.0000,true,1,219283
7290014758100,false,מאגדת יוגורט     3%,מיוצר עי קונדיטוריית,IL,מאגדת יוגורט ביו 3% תנובה 8*150 גרם,קילוגרמים,1.20,"ק""ג",false,1,16.90,14.0833,true,1,181136
7290014758162,false,חלב עיזים מלא  3.6%,הרדוף תוצרת מזון אור,IL,חלב עיזים קרטון 1 ליטר,ליטרים,1.00,ליטר,false,1,15.40,15.4000,true,1,184160
7290014759084,false,גבינת שמנת נפוליאון,הרדוף חלב,IL,גבינת שמנת נפוליאון בסגנון צרפתי 225 גרם,גרמים,225.00,100 גרם,false,1,13.90,6.1778,true,1,186362
7290014759534,false,גבינה בולגרית 5% למר,"תנובה, מחלבת תל יוסף",IL,גבינה בולגרית 5% למריחה 200 גרם,גרמים,200.00,100 גרם,false,1,14.50,7.2500,true,1,186967
7290014759978,false,קצקבל פלח 200 גר,כצט,IL,גלעד גבינת קצ'קבל מחלב כבשים 28% שומן,גרמים,200.00,100 גרם,false,1,27.40,13.7000,true,1,187357
7290014759985,false,פרמזן פלח 200 גר,תנובה,IL,פרמזן פלח 200 גרם קולקשיין,גרמים,200.00,100 גרם,false,1,26.40,13.2000,true,1,187358
7290014760134,false,מעדן סויה ביו בטעם ו,כצט,IL,מעדן סויה ביו בטעם וניל  125 גרם,גרמים,125.00,100 גרם,false,1,3.90,3.1200,true,1,208504
7290014760141,true,משקה שקדים טרי 1 ליט,תות תעשיות מזון (201,IL,משקה שקדים טרי 1 ליטר,ליטרים,1.00,ליטר,false,1,12.90,12.9000,true,1,199686
7290014761193,true,יוגורט פירות יער,מיוצר עי קונדיטוריית,IL,פרילי פירות יער,גרמים,125.00,100 גרם,false,1,3.50,2.8000,true,1,205337
7290014762800,false,מעדן סויה בטעם שוקול,תות תעשיות מזון (201,IL,תנובה מעדן סויה שוקולד 2% שומן 125 גרם,גרמים,125.00,100 גרם,false,1,3.90,3.1200,true,1,205914
7290014762831,false,גבינת נפוליאון 24% ח,הרדוף חלב,IL,גבינת נפוליאון 24% חלפיניו 225 גרם,גרמים,225.00,100 גרם,false,1,13.90,6.1778,true,1,205923
7290014762909,false,פתיתי מוצרלה 10% תוס,"תנובה, מחלבת תל יוסף",IL,פתיתי מוצרלה 10% תוספת  השף הלבן,גרמים,200.00,100 גרם,false,1,17.90,8.9500,true,1,202391
7290014763272,false,משקה סויה ביו עם תות,תות תעשיות מזון (201,IL,"משקה סויה ביו עם תות ובננה 250 מ""ל",מיליליטרים,250.00,"100 מ""ל",false,1,5.90,2.3600,true,1,202718
7290014791336,false,מים,יושלם,,מים מי עדן 1 ליטר,ליטרים,1.00,ליטר,false,1,4.90,4.9000,true,1,195958
7290014821064,false,כבל גלקסי 2 מטר,,,כבל גלקסי 2 מטר,יחידה,1.00,יחידה,false,1,29.90,29.9000,true,1,218048
7290014821095,false,מטען רכב אייפון מאוש,,,מטען רכב אייפון מאושר אפל 2.1,יחידה,1.00,יחידה,false,1,79.90,79.9000,true,1,218040
7290014821507,false,מטען קיר אייפון מאוש,,,מטען קיר אייפון מאושר אפל 2.1,יחידה,1.00,יחידה,false,1,79.90,79.9000,true,1,218041
7290014821569,false,כבל אייפון  2 מטר,,,כבל אייפון  2 מטר,יחידה,1.00,יחידה,false,1,39.90,39.9000,true,1,218033
7290014855434,false,מגבוני בייביסיטר רבי,די פי אל,,מגבוני בייביסיטר רביעייה מבושם,יחידה,0.00,יחידה,false,1,19.70,0.0000,true,1,199763
7290014855458,false,מגבונים בייביסיטר רב,די פי אל,,מגבונים בייביסיטר רביעייה לא בישום,לא מנהל יחידת מידה,0.00,לא מנהל יחידת מידה,false,1,19.70,0.0000,true,1,199762
7290014901247,false,סטייל שמפו קרטין,א.ל. ארמן ייצור תמרו,IL,שמפו קרטין 750 מל,מיליליטרים,750.00,"100 מ""ל",false,1,22.90,3.0533,true,1,189717
7290014905160,false,פטריה של פניני ריח,יוליניבר,IT,יעקבי פניני ריח לימון 130 גרם,יחידה,1.00,יחידה,false,1,11.90,11.9000,true,1,190185
7290014905689,false,נוזל כלים הפי תפוח 7,פרח,BE,יעקבי הפי נוזל מרוכז לניקוי כלים 750 מל,מיליליטרים,750.00,"100 מ""ל",false,1,8.90,1.1867,true,1,193021
7290014931190,false,פאק צוי שורשים,משק מורדכי גדי בעמ,IL,פאק צוי שורשים,גרמים,300.00,100 גרם,false,1,11.90,3.9667,true,1,223761
7290014949768,false,אוטן אפטר בייט גל,המאפיה של הרמן,IT,אוטן אפטר בייט-ג'ל להרגעת העור לאחר עקיצה,מיליליטרים,25.00,"100 מ""ל",false,1,25.90,103.6000,true,1,189240
7290014974593,false,גביע גלידריה ללא גלו,גילרו,IL,גביע גלידריה ללא גלוטן 12 יח עלמה,יחידה,1.00,יחידה,false,1,16.50,16.5000,true,1,209757
7290014974869,false,רולים ללא גלוטן בטעם,גילרו,IL,רולים ללא גלוטן בטעם שוקו 100 גרם,גרמים,100.00,100 גרם,false,1,7.50,7.5000,true,1,209811
7290014974876,true,רולים ללא גלוטן בטעם,גילרו,IL,רולים ללא גלוטן בטעם אגוז 40,גרמים,40.00,100 גרם,false,1,7.50,18.7500,true,1,209803
7290015009041,false,"חומץ תפוחים 500 מ""ל",מנדלז סי.אר. פרודקשן,ES,דניאל חומץ תפוחים 500 מל,מיליליטרים,500.00,"100 מ""ל",false,1,15.90,3.1800,true,1,191854
7290015009294,false,גבינת פרמיזאנו ראזאנ,אורגנה,,גבינת פרמיזאנו ראזאנו 170 גרם,גרמים,170.00,100 גרם,false,1,33.90,19.9412,true,1,205105
7290015009461,false,שעועית שחורה קונסרב,יורקום סרל,IT,שעועית שחורה קונסרב 400גרם,גרמים,400.00,100 גרם,false,1,7.90,1.9750,true,1,221593
7290015039055,false,רוטב צילי חריף 700 מ,הנסיך- מפעל לייצור ט,TH,וילי פוד רוטב צ'ילי חריף 700 מל,מיליליטרים,700.00,"100 מ""ל",false,1,11.90,1.7000,true,1,211954
7290015039246,true,נתחי טונה בשמן ויליפ,גולדן פרייז קאנינג א,TH,נתחי טונה בשמן ויליפוד רביעייה 640 גרם,גרמים,640.00,100 גרם,false,1,21.90,3.4219,true,1,200667
7290015039253,false,עלי גפן במי מלח,קוראהן פזלרמה וי דיס,TR,ויליפוד עלי גפן במי מלח 620 גרם,גרמים,620.00,100 גרם,false,1,12.90,2.0806,true,1,190188
7290015039338,true,נתחי טונה ויליפוד רב,גולדן פרייז קאנינג א,TH,נתחי טונה ויליפוד רביעייה 640 גרם,גרמים,640.00,100 גרם,false,1,21.90,3.4219,true,1,201886
7290015139250,false,אגו שוקולד מריר עם,כרמית תעשיות ממתקים,IL,"שוקולד מריר ופ.אורז לל""ס 85ג*12בדיס*2בקרט",גרמים,85.00,100 גרם,false,1,6.90,8.1176,true,1,198864
7290015139267,false,אגו שוקולד מריר עם ש,כרמית תעשיות ממתקים,IL,"שוקולד מריר ושקדים לל""ס 85ג*12בדיס*2בקרט",גרמים,85.00,100 גרם,false,1,6.90,8.1176,true,1,198865
7290015139526,false,ופל בציפוי שוקולד 12,כרמית,IL,ופל בציפוי שוקולד 125ג לאא גלוטן אגו,גרמים,125.00,100 גרם,false,1,11.90,9.5200,true,1,208587
7290015139533,false,"וופל לימון לל""ג 200",כרמית תעשיות ממתקים,IL,וופלים בטעם לימון ללא גלוטן 200 גרם,גרמים,200.00,100 גרם,false,1,11.90,5.9500,true,1,205824
7290015139557,false,ופל בציפוי שוקולד 20,"כד בני דרום בע""מ",IL,וופלים בטעם שוקולד ללא גלוטן 200 גרם,גרמים,200.00,100 גרם,false,1,11.90,5.9500,true,1,208585
7290015150118,false,עגבניות חתוכות דק בל,אמיליאנה קונסרב ס.פ.,IT,עגבניות חתוכות דק בלה איטליה *3 400 גר,קילוגרמים,1.20,"ק""ג",false,1,17.90,14.9167,true,1,196160
7290015150729,false,תה ירוק סקיני גריני,ויסוצקי,IL,תה ירוק סקיני גריני T.T,גרמים,37.00,100 גרם,false,1,25.90,70.0000,true,1,201877
7290015150903,false,תה ירוק קינמון ודבש,HIQ FOOD PRODUCTS,IL,תה ירוק קינמון ודבש T.T,גרמים,38.00,100 גרם,false,1,25.90,68.1579,true,1,202923
7290015161145,false,קוואקר כוסמין מלא עב,נוטרה זון,DK,קוואקר כוסמין מלא עבה 400גרם,גרמים,400.00,100 גרם,false,1,21.90,5.4750,true,1,228507
7290015161206,false,קמח קוקוס אורגני ללא,נוטרה זון,LK,קמח קוקוס אורגני ללא גלוטן נוטרה זן  500,גרמים,500.00,100 גרם,false,1,19.90,3.9800,true,1,216930
7290015161244,false,קרם קוקוס אורגני   נ,"אינסטנטה בע""מ",LK,"קרם קוקוס אורגני   נטרוזן 400 מ""ל",מיליליטרים,400.00,"100 מ""ל",false,1,9.90,2.4750,true,1,207973
7290015161336,false,רוטב סויה נןטרה זן,חברת גואנגזהו סיטי ר,CN,נוטרזן רוטב סויה תמרי אורגני ללא גלוטן 250 מל,מיליליטרים,250.00,"100 מ""ל",false,1,19.90,7.9600,true,1,226201
7290015161534,false,קוואקר עבה ללא גלוטן,"ב.א מזון בע""מ",DK,קוואקר עבה ללא גלוטן400 גרם,גרמים,400.00,100 גרם,false,1,21.90,5.4750,true,1,207996
7290015161558,false,קוואקר שיבולת שועל מ,"ב.א מזון בע""מ",DK,קוואקר שיבולת שועל מלאה ללא גלוטן500גרם,גרמים,500.00,100 גרם,false,1,21.90,4.3800,true,1,207995
7290015161589,false,פת פריכה אורגנית ללג,ביואיטליה,,נוטרה זן פת פריכה אורגנית עם ירקות גינה 100 גרם,גרמים,100.00,100 גרם,false,1,13.90,13.9000,true,1,207979
7290015161848,false,פת פריכה אורגנית ללג,ביואיטליה,,נוטרה זן פת פריכה אורגנית עם כוסמת וקינואה 100 גרם,גרמים,100.00,100 גרם,false,1,13.90,13.9000,true,1,207999
7290015161862,false,פת פריכה אורגנית ללג,ביואיטליה,,נוטרה זן פת פריכה אורגנית עם ערמונים 100 גרם,גרמים,100.00,100 גרם,false,1,13.90,13.9000,true,1,207998
7290015161923,false,קרם קוקוס אורגני 400,"אינסטנטה בע""מ",LK,"קרם קוקוס אורגני 400 מ""ל 22%",גרמים,400.00,100 גרם,false,1,12.90,3.2250,true,1,226863
7290015176392,false,מברשת שיניים חשמלית,פוג'יקום,,מברשת שיניים חשמלית ילדות פוגיקום,יחידה,1.00,יחידה,false,1,39.90,39.9000,true,1,204220
7290015193634,false,אובלטים קימל 300 גרם,אם החיטה,,אובלטים קימל 300 גרם,גרמים,300.00,100 גרם,false,1,12.90,4.3000,true,1,206547
7290015193665,false,קמח מצה מעדני המלך 5,אם החיטה,,קמח מצה מעדני המלך 500 גרם,גרמים,500.00,100 גרם,false,1,7.50,1.5000,true,1,207017
7290015193832,false,קרקר עם שומשום ארומה,פפושדו,IL,קרקר עם שומשום ארומה 300 גרם,גרמים,300.00,100 גרם,false,1,7.50,2.5000,true,1,215717
7290015193849,false,קרקר עם מלח ארומה 30,פפושדו,IL,קרקר עם מלח ארומה 300 גרם,גרמים,300.00,100 גרם,false,1,7.50,2.5000,true,1,215718
7290015282017,false,פרוסות טונה מעושנת 1,"סלטי שמיר 2006 בע""מ",,פרוסות טונה מעושנת 100 גרם,גרמים,100.00,100 גרם,false,1,26.90,26.9000,true,1,197375
7290015282390,false,סלט טורקי 200,"סלטי שמיר 2006 בע""מ",IL,סלט תורכי-גורמה,גרמים,200.00,100 גרם,false,1,13.90,6.9500,true,1,208560
7290015282581,false,חומוס עם חריף 200 גר,"סלטי שמיר 2006 בע""מ",IL,חומוס עם חריף 200 גרם,גרמים,200.00,100 גרם,false,1,12.90,6.4500,true,1,205490
7290015282598,false,חומוס מסעדות 200 גרם,"סלטי שמיר 2006 בע""מ",IL,חומוס מסעדות 200 גרם,גרמים,200.00,100 גרם,false,1,12.90,6.4500,true,1,208544
7290015282604,false,טחינה מיוחדת 200 גרם,"סלטי שמיר 2006 בע""מ",IL,טחינה מיוחדת 200 גרם,גרמים,200.00,100 גרם,false,1,12.90,6.4500,true,1,205492
7290015282628,false,חציל בטעם כבד 200 גר,"סלטי שמיר 2006 בע""מ",IL,חציל בטעם כבד 200 גרם,גרמים,200.00,100 גרם,false,1,13.90,6.9500,true,1,208550
7290015282635,false,חומוס מסבחה 200 גרם,"סלטי שמיר 2006 בע""מ",IL,חומוס מסבחה 200 גרם,גרמים,200.00,100 גרם,false,1,12.90,6.4500,true,1,208542
7290015282642,false,חומוס אבו גוש 200 גר,"סלטי שמיר 2006 בע""מ",IL,חומוס אבו גוש 200 גרם,גרמים,200.00,100 גרם,false,1,12.90,6.4500,true,1,208545
7290015282673,false,חציל במיונז ביתי 200,"סלטי שמיר 2006 בע""מ",IL,חציל במיונז ביתי 200 גרם,גרמים,200.00,100 גרם,false,1,12.90,6.4500,true,1,205491
7290015282710,false,קוביות סלק 200 גרם,"סלטי שמיר 2006 בע""מ",IL,קוביות סלק 200 גרם,גרמים,200.00,100 גרם,false,1,12.90,6.4500,true,1,208562
7290015282734,false,מטבוחה ביתית 200 גר,"סלטי שמיר 2006 בע""מ",IL,מטבוחה ביתית-גורמה,גרמים,200.00,100 גרם,false,1,13.90,6.9500,true,1,208561
7290015282741,false,חציל תאילנדי 200 גרם,"סלטי שמיר 2006 בע""מ",IL,חציל תאילנדי 200 גרם,גרמים,200.00,100 גרם,false,1,13.90,6.9500,true,1,208548
7290015282796,false,תפוחי אדמה 200 שמיר,"סלטי שמיר 2006 בע""מ",IL,תפוחי אדמה 200 שמיר,גרמים,200.00,100 גרם,false,1,13.90,6.9500,true,1,208549
7290015324007,false,פלפל שחור גרוס,תות ממתקי איכות,IL,"תבליני טעם וריח, 100% פלפל שחור גרוס, 80 גרם",גרמים,80.00,100 גרם,false,1,9.90,12.3750,true,1,189241
7290015324014,false,פלפל שחור טחון 80 גר,תות ממתקי איכות,IL,"תבליני טעם וריח, 100% פלפל שחור טחון, 80 גרם",גרמים,80.00,100 גרם,false,1,9.90,12.3750,true,1,189242
7290015324038,false,פפריקה בשמן 80 גרם,תות ממתקי איכות,IL,פפריקה בשמן 80 גרם,גרמים,80.00,100 גרם,false,1,5.90,7.3750,true,1,189243
7290015324045,false,פפריקה חריפה 80 גרם,תות ממתקי איכות,IL,"תבליני טעם וריח, 100% פפריקה חריפה, 80 גרם",גרמים,80.00,100 גרם,false,1,5.90,7.3750,true,1,189244
7290015324052,false,פפריקה מתוקה 80 גרם,תות ממתקי איכות,IL,"תבליני טעם וריח, 100% פפריקה מתוקה, 80 גרם",גרמים,80.00,100 גרם,false,1,5.90,7.3750,true,1,189245
7290015324069,false,גריל עוף טעם וריח 80,תות ממתקי איכות,IL,"תבליני טעם וריח, תערובת תיבול גריל עוף, 80 גרם",גרמים,80.00,100 גרם,false,1,5.90,7.3750,true,1,189246
7290015324076,false,זעתר 80 גרם,תות ממתקי איכות,IL,"תבליני טעם וריח, תערובת תיבול זעתר, 80 גרם",גרמים,80.00,100 גרם,false,1,5.90,7.3750,true,1,189271
7290015324083,false,מלח לימון טעם וריח 8,תות ממתקי איכות,IL,"תבליני טעם וריח, 100% מלח לימון, 80 גרם",גרמים,80.00,100 גרם,false,1,5.90,7.3750,true,1,189247
7290015324090,false,כמון 80 גרם,תות ממתקי איכות,IL,"תבליני טעם וריח, 100% כמון מזרחי, 80 גרם",גרמים,80.00,100 גרם,false,1,5.90,7.3750,true,1,189248
7290015324106,false,כורכום 80 גרם,תות ממתקי איכות,IL,"תבליני טעם וריח, 100% כורכום, 80 גרם",גרמים,80.00,100 גרם,false,1,5.90,7.3750,true,1,189249
7290015324113,false,בהרט,תות ממתקי איכות,IL,"תבליני טעם וריח, תערובת תיבול בהרט לבישול, 80 גרם",גרמים,80.00,100 גרם,false,1,5.90,7.3750,true,1,189250
7290015324120,false,שום גבישי,תות ממתקי איכות,IL,תבליני טעם וריח שום גבישי 80 גרם,גרמים,80.00,100 גרם,false,1,5.90,7.3750,true,1,189251
7290015324151,false,חוויאג למרק 80 גרם,תות ממתקי איכות,IL,חוויאג למרק 80 גרם,גרמים,80.00,100 גרם,false,1,5.90,7.3750,true,1,189252
7290015324168,false,תערובת תיבול על האש,תות ממתקי איכות,IL,"תבליני טעם וריח, תערובת תיבול על האש, 80 גרם",גרמים,80.00,100 גרם,false,1,5.90,7.3750,true,1,189253
7290015324281,false,בצל מטוגן בשקית 200,תות תעשיות מזון (201,NL,תבליני טעם וריח שבבי בצל מטוגן 200 גרם,גרמים,200.00,100 גרם,false,1,11.90,5.9500,true,1,203757
7290015324519,false,תערובת לפיצה שקית 80,יוליניבר,IL,תערובת תיבול לפיצה 80 גרם,גרמים,80.00,100 גרם,false,1,5.90,7.3750,true,1,217650
7290015324533,false,רוזמרין מיכל גדול 55,יוליניבר,IL,תבליני טעם וריח רוזמרין 55 גרם,גרמים,55.00,100 גרם,false,1,9.90,18.0000,true,1,217652
7290015324540,false,טימין  מיכל גדול 30,יוליניבר,IL,תבליני טעם וריח טימין (קורנית) 30 גרם,גרמים,30.00,100 גרם,false,1,9.90,33.0000,true,1,217654
7290015335607,false,מעדן BIO בטעם טבעי,טרופיקל דגיל תעשיות,IL,יוגונאט - מעדן BIO בטעם טבעי,גרמים,150.00,100 גרם,false,1,6.90,4.6000,true,1,226064
7290015335621,false,מעדן BIO עם פירות יע,טרופיקל דגיל תעשיות,IL,יוגונאט - מעדן BIO עם פירות יער,גרמים,150.00,100 גרם,false,1,6.90,4.6000,true,1,226067
7290015335638,false,מעדן BIO עם דובדבן,טרופיקל דגיל תעשיות,IL,יוגונאט - מעדן BIO עם דובדבן,גרמים,150.00,100 גרם,false,1,6.90,4.6000,true,1,226066
7290015366663,false,משחת שיניים מנטה עדי,DE MICLEN,SK,"משחת שיניים מנטה עדין אקווה פרש 100 מ""ל",מיליליטרים,100.00,"100 מ""ל",false,1,6.90,6.9000,true,1,202180
7290015366670,false,משחת שיניים אקווה פר,DE MICLEN,SK,אקווה פרש משחת שיניים מנטה מרענן  100 מל,מיליליטרים,100.00,"100 מ""ל",false,1,6.90,6.9000,true,1,202179
7290015395045,false,קינואה שקדיה 400 גרם,אף.סי תבליני בגליל ב,IL,קינואה,גרמים,400.00,100 גרם,false,1,15.90,3.9750,true,1,193711
7290015395939,false,חטיף יפני  150גרם,דין שיווק,IL,חטיף יפני  150גרם,גרמים,150.00,100 גרם,false,1,14.90,9.9333,true,1,229615
7290015446341,false,אול אין חטיף חלבון ב,,,אול אין חטיף חלבון בננה טופי,גרמים,60.00,100 גרם,false,1,13.90,23.1667,true,1,214595
7290015528955,true,קינוחי פודינג עם מכס,,,קינוחי פודינג עם מכס,Unknown,0.00,Unknown,false,1,9.90,0.0000,true,1,214805
7290015597326,false,מאגדת קרחוני שרבט אי,,IL,מאגדת קרחוני שרבט אייס לייט בטעמים 710 ג,גרמים,710.00,100 גרם,false,1,26.90,3.7887,true,1,201088
7290015597937,false,קורנטו קלאסיק,שטראוס גלידות,,קורנטו קלאסיק,גרמים,70.00,100 גרם,false,1,9.90,14.1429,true,1,207804
7290015652070,false,קשיו קלוי 150 גרם,דין שיווק,IL,קשיו קלוי 150 גרם,גרמים,150.00,100 גרם,false,1,13.90,9.2667,true,1,229583
7290015652087,false,תערובת פיצוחים 150 ג,דין שיווק,IL,תערובת פיצוחים 150 גרם,גרמים,150.00,100 גרם,false,1,14.90,9.9333,true,1,229584
7290015673181,false,בורגר על האש קליפורנ,טבע דלי,IL,בורגר על האש קליפורניה עם ברוקולי 400 גר,גרמים,400.00,100 גרם,false,1,25.90,6.4750,true,1,205633
7290015673198,false,המבורגר טקסס עם פטרי,טבע דלי בעמ,IL,טבע דלי טקסס בורגר עבה עם פטריות 400 גרם,גרמים,400.00,100 גרם,false,1,25.90,6.4750,true,1,207620
7290015673204,false,קבב בולגרי עם פטרוזי,טבע דלי בעמ,IL,קבב בולגרי עם פטרוזיליה 400 גרם,גרמים,400.00,100 גרם,false,1,25.90,6.4750,true,1,207027
7290015673587,false,קריספי נגיסי טופו רו,פרח,IL,קריספי נגיסי טופו רוטב אסייתי350 גרם,גרמים,350.00,100 גרם,false,1,27.90,7.9714,true,1,214143
7290015695800,false,נבטי ברוקולי 100 גרם,מושב אחיטוב,IL,נבטי ברוקולי 100 גרם,גרמים,100.00,100 גרם,false,1,9.90,9.9000,true,1,223866
7290015726481,false,פס מוס דואט חלבי,גדרון,IL,פס מוס דואט חלבי,יחידה,1.00,יחידה,false,1,59.90,59.9000,true,1,216483
7290015848909,false,אולטרסול תחליב קידס,הדקלאים אגודת שיתופי,IL,אולטרסול תחליב קידס 30/250,לא מנהל יחידת מידה,0.00,לא מנהל יחידת מידה,false,1,44.90,0.0000,true,1,214709
7290015848978,false,אולטרסול 35 קרם פנים,הדקלאים אגודת שיתופי,IL,"אולטרסול 35 קרם פנים מבוגרים 75 מ""ל",מיליליטרים,75.00,"100 מ""ל",false,1,39.90,53.2000,true,1,205619
7290015848992,false,אולטרסול פנים ילדים,הדקלאים אגודת שיתופי,IL,אולטרסול קרם פנים ילדים 75/50,לא מנהל יחידת מידה,0.00,לא מנהל יחידת מידה,false,1,32.90,0.0000,true,1,213186
7290015858700,false,אלקולגל 70% אלכוהול,"מדשא תעשיות מזון בע""",IL,"אלקולגל 70% אלכוהול חוף ים  100 מ""ל",מיליליטרים,100.00,"100 מ""ל",false,1,9.90,9.9000,true,1,220380
7290015865692,false,תענוג פרי תות שדה ע,ענבי ציון,IL,תענוג פרי תות שדה ענבי ציון  400 גרם,גרמים,400.00,100 גרם,false,1,17.90,4.4750,true,1,234276
7290015865708,false,תענוג פרי אוכמניות,ענבי ציון,IL,תענוג פרי אוכמניות ענבי ציון  400 גרם,גרמים,400.00,100 גרם,false,1,17.90,4.4750,true,1,234277
7290015865715,false,תענוג פרי פירות יער,ענבי ציון,IL,תענוג פרי פירות יער ענבי ציון  400 גרם,גרמים,400.00,100 גרם,false,1,17.90,4.4750,true,1,234278
7290015968089,false,צלחות פלסטיק עבות במ,F.T.I,,צלחות פלסטיק עבות במיוחד 25 יחידות 17 סמ,לא מנהל יחידת מידה,0.00,לא מנהל יחידת מידה,false,1,8.90,0.0000,true,1,211095
7290015968201,false,כוסות נייר 50 יח לשת,,,כוסות נייר 50 יח לשתיה חמה קרה 310 מל,יחידה,1.00,יחידה,false,1,17.90,17.9000,true,1,216559
7290015968218,false,כוסות נייר 50 יח לשת,,,כוסות נייר 50 יח לשתיה חמה קרה 370 מל,יחידה,1.00,יחידה,false,1,25.90,25.9000,true,1,216560
7290015968294,false,נובי כוס הפלא,מולינו ניקולי s.p.a,CN,נובי כוס הפלא עם מכסה וידיות,לא מנהל יחידת מידה,0.00,לא מנהל יחידת מידה,false,1,39.90,0.0000,true,1,212144
7290015968300,false,נובי כוס הפלא עם מכס,מולינו ניקולי s.p.a,CN,נובי כוס הפלא עם מכסה +12 חודשים,לא מנהל יחידת מידה,0.00,לא מנהל יחידת מידה,false,1,39.90,0.0000,true,1,212145
7290015968317,false,"סינרים ח""פ לתינוק",F.H.P CO LT,CN,"סינרים ח""פ לתינוק",לא מנהל יחידת מידה,0.00,לא מנהל יחידת מידה,false,1,23.90,0.0000,true,1,212120
7290015968508,false,"כוסות 180 מ""ל פלסטיק",,TR,"כוסות 180 מ""ל פלסטיק לשתיה קרה",יחידה,1.00,יחידה,false,1,8.90,8.9000,true,1,219065
7290015968676,false,כוס יין מהודרת עם רג,J.E&W.Inc,,כוס יין מהודרת עם רגל 6 יח,לא מנהל יחידת מידה,0.00,לא מנהל יחידת מידה,false,1,11.90,0.0000,true,1,205955
7290015968683,false,צלחת קריסטל פרח שקופ,J.E&W.Inc,,צלחת קריסטל פרח שקופה בינונית 10 יח,לא מנהל יחידת מידה,0.00,לא מנהל יחידת מידה,false,1,15.90,0.0000,true,1,205952
7290015968706,false,צלחת קריסטל פרח ענקי,LTD,CN,צלחת קריסטל פרח ענקית 10 יח,יחידה,1.00,יחידה,false,1,34.90,34.9000,true,1,217739
7290015968720,false,צלחת קריסטל מעוטרת ג,J.E&W.Inc,,צלחת קריסטל מעוטרת גדולה 10 יח,לא מנהל יחידת מידה,0.00,לא מנהל יחידת מידה,false,1,25.90,0.0000,true,1,205950
7290015968744,false,צלחת מרק קריסטל מעוט,J.E&W.Inc,,צלחת מרק קריסטל מעוטרת 10 יח,לא מנהל יחידת מידה,0.00,לא מנהל יחידת מידה,false,1,24.90,0.0000,true,1,205951
7290015968782,true,מארז פדים להסרת איפו,הדקלאים אגודת שיתופי,CN,מארז שלישיה פדים להסרת איפור 3*80,Unknown,0.00,Unknown,false,1,16.90,0.0000,true,1,221741
7290015968829,false,מפיות מודפסות 33*33,W.W.P.Co.Ltd,,"מפיות מודפסות 33*33 ס""מ 20 יח דגם W-19",לא מנהל יחידת מידה,0.00,לא מנהל יחידת מידה,false,1,5.90,0.0000,true,1,205960
7290015968881,false,מפיות מודפסות 33*33,W.W.P.Co.Ltd,,"מפיות מודפסות 33*33 ס""מ 20 יח דגם W-763",לא מנהל יחידת מידה,0.00,לא מנהל יחידת מידה,false,1,5.90,0.0000,true,1,205964
7290015968898,false,מפיות מודפסות 33*33,W.W.P.Co.Ltd,,"מפיות מודפסות 33*33 ס""מ 20 יח דגם W-772",לא מנהל יחידת מידה,0.00,לא מנהל יחידת מידה,false,1,5.90,0.0000,true,1,205965
7290015968942,false,מפיות מודפסות 33*33,W.W.P.Co.Ltd,,"מפיות מודפסות 33*33 ס""מ 20 יח דגם W-131",לא מנהל יחידת מידה,0.00,לא מנהל יחידת מידה,false,1,5.90,0.0000,true,1,205969
7290015979665,false,חסה עגולה,חקלאי,IL,חסה עגולה,יחידה,1.00,יחידה,false,1,7.90,7.9000,true,1,219964
7290016006322,false,מי עדן בקבוק 1 ליטר,מופק ממקור בזלתי עדן,IL,מי עדן בקבוק 1 ליטר,ליטרים,1.00,ליטר,false,1,5.90,5.9000,true,1,204132
7290016028423,true,קינוחי פנקוטה עם מכס,,,קינוחי פנקוטה עם מכס,Unknown,0.00,Unknown,false,1,9.90,0.0000,true,1,214809
7290016028447,true,נר נשמה,,,נר נשמה,לא מנהל יחידת מידה,0.00,לא מנהל יחידת מידה,false,1,2.00,0.0000,true,1,212632
7290016028560,true,נר 48 שעות,,,נר 48 שעות,Unknown,0.00,Unknown,false,1,3.90,0.0000,true,1,214810
7290016077766,false,שעועית לבנה אפויה בר,הייבורי קנקו,CA,היינץ שעועית אפויה 453 גרם,גרמים,410.00,100 גרם,false,1,10.90,2.6585,true,1,212811
7290016087147,true,פריניר מרגריטה 240 ג,פריניר ( הדס 1987) ב,IL,פריניר רוטב פיצה מרגריטה 240 ג,Unknown,0.00,Unknown,false,1,5.90,0.0000,true,1,212696
7290016087222,false,רוטב עגבניות מרוכז ל,פריניר ( הדס 1987) ב,IL,פריניר רוטב עגבניות מרוכז לשקשוקה 230 גרם,גרמים,230.00,100 גרם,false,1,5.90,2.5652,true,1,207829
7290016094817,false,אולטרסול ספריי שמן ג,הדקלאים אגודת שיתופי,IL,"ספריי שמן, שמן גזר",מיליליטרים,200.00,"100 מ""ל",false,1,39.90,19.9500,true,1,210571
7290016102611,false,קינוחית מגדל + מנכסה,,CN,קינוחית מגדל + מנכסה 12 יח,Unknown,0.00,Unknown,false,1,9.90,0.0000,true,1,220740
7290016144024,false,קמח נפלאות כוסמין 10,,,"קמח נפלאות כוסמין 100%  1 ק""ג",קילוגרמים,1.00,"ק""ג",false,1,14.90,14.9000,true,1,228723
7290016144031,false,קמח נפלאות חיטה לבן,,,"קמח נפלאות חיטה לבן 1 ק""ג",קילוגרמים,1.00,"ק""ג",false,1,6.90,6.9000,true,1,228722
7290016150391,false,סלק בואקום,חקלאי,IL,סלק בואקום,Unknown,0.00,Unknown,false,1,7.90,0.0000,true,1,217938
7290016188301,false,יין קונקורד קינג דיו,יקבי כרמל,,"יין קונקורד קינג דיויד 750 מ""ל",מיליליטרים,0.00,"100 מ""ל",false,1,32.00,0.0000,true,1,202393
7290016197488,false,מטלית קסם לשיש מארז,UFO INC,CN,מטליות מיקרופייבר משטחים,לא מנהל יחידת מידה,0.00,לא מנהל יחידת מידה,false,1,14.90,0.0000,true,1,202919
7290016197495,false,מטליות מיקרופייבר לר,UFO INC,CN,מטליות מיקרופייבר רצפה,לא מנהל יחידת מידה,0.00,לא מנהל יחידת מידה,false,1,21.90,0.0000,true,1,202920
7290016197617,false,תחבושת דיפנד לנשים א,kimberly clark,,תחבושת דיפנד לנשים אקסטרה,לא מנהל יחידת מידה,0.00,לא מנהל יחידת מידה,false,1,21.90,0.0000,true,1,204024
7290016217735,false,חציל אש 200,"סלטי שמיר 2006 בע""מ",IL,חציל אש 200,גרמים,200.00,100 גרם,false,1,12.90,6.4500,true,1,208557
7290016217742,false,חציל אש +טחינה 200,"סלטי שמיר 2006 בע""מ",IL,חציל אש +טחינה 200,גרמים,200.00,100 גרם,false,1,12.90,6.4500,true,1,208558
7290016230888,false,סוללה 3V 5 יחידות,,,סוללה 3V 5 יחידות,יחידה,1.00,יחידה,false,1,19.90,19.9000,true,1,209115
7290016245615,false,לחם שיפון 100% עם אג,מאפיית טעמי הכפר 201,,לחם שיפון 100% עם אגוזים מצופה גרעינים,גרמים,900.00,100 גרם,false,1,19.90,2.2111,true,1,187826
7290016246018,false,פינוקיות חלבה בארכה,רושדי תעשיות מזון בע,IL,פינוקיות חלבה בארכה מיקס 10*200גרם,גרמים,200.00,100 גרם,false,1,13.90,6.9500,true,1,223192
7290016246025,false,חלבה ללס  פנוקיות בא,HIQ FOOD PRODUCTS,IL,בארכה פנוקיות חלבה ללא סוכר כלפ.9 10*20ג,גרמים,200.00,100 גרם,false,1,13.90,6.9500,true,1,223193
7290016270570,false,מלפפון בייבי,חקלאי,IL,מלפפון בייבי,לא מנהל יחידת מידה,1.00,לא מנהל יחידת מידה,false,1,9.90,9.9000,true,1,222061
7290016270709,false,שרי קלמר ארוז יח,חקלאי,IL,שרי קלמר ארוז יח,גרמים,460.00,100 גרם,false,1,11.90,2.5870,true,1,210425
7290016270877,false,פלפל ביס טינקלברג,חקלאי,IL,פלפל ביס טינקלברג,Unknown,0.00,Unknown,false,1,9.90,0.0000,true,1,224445
7290016277647,false,בננה מסוכרת 250 גרם,דין שיווק,IL,בננה מסוכרת 250 גרם,גרמים,250.00,100 גרם,false,1,9.90,3.9600,true,1,230228
7290016304145,false,לחמניה שמיניה 120 גר,מאפיית דוידוביץ,,לחמניה שמיניה 120 גרם,גרמים,250.00,100 גרם,false,1,3.50,1.4000,true,1,200880
7290016304404,false,לחם קוביות 100% כוסמ,הנסיך- מפעל לייצור ט,IL,דוידוביץ לחם כוסמין 100% 600 גרם,גרמים,600.00,100 גרם,false,1,11.90,1.9833,true,1,220192
7290016304596,false,לחמניות לסנדויץ 10 י,מאפית דוידוביץ ובניו,IL,לחמניות לסנדויץ 10 יח במארז,גרמים,750.00,100 גרם,false,1,11.90,1.5867,true,1,219812
7290016329261,true,סרקל מתיר קשרים ספרי,הדקלאים אגודת שיתופי,IL,סרקל מתיר קשרים ספריי רציף 300 מל,מיליליטרים,300.00,"100 מ""ל",false,1,27.90,9.3000,true,1,213878
7290016372373,true,רסק עגבניות בלה איטל,שוורצקוף& הנקל דיסלד,IT,בלה איטליה רסק עגבניות 280 גרם,גרמים,280.00,100 גרם,false,1,7.90,2.8214,true,1,213033
7290016372397,false,תה ירוק תפוז גינגר ו,HIQ FOOD PRODUCTS,IL,תה ירוק תפוז גינגר וכורכום 25 שקיקים,גרמים,48.00,100 גרם,false,1,25.90,53.9583,true,1,206321
7290016408133,false,טרליני כעכים בטעם בצ,אפוליה,IL,"טרליני פניני, מיני כעכים בתוספת בצל וזיתים 225 גרם",גרמים,225.00,100 גרם,false,1,8.90,3.9556,true,1,204005
7290016408157,false,טרליני כעכים בטעם קמ,אפוליה,IL,"טרליני פניני, מיני כעכים עם קמח מלא 225 גרם",גרמים,225.00,100 גרם,false,1,8.90,3.9556,true,1,204001
7290016408294,false,מרשמלו ורוד לבן 150,מנדלז סי.אר. פרודקשן,IL,"מרשמלו ורוד לבן וסטהיים 150 ג', 26 בקרטון",גרמים,150.00,100 גרם,false,1,5.90,3.9333,true,1,204538
7290016408423,false,חטיף קרקר עם זיתים ש,תות תעשיות מזון (201,LT,קרקר דגנים עם זיתים שחורים ושום,גרמים,130.00,100 גרם,false,1,6.90,5.3077,true,1,204011
7290016408447,false,קרקר דגנים עם עגבניו,תות תעשיות מזון (201,LT,קרקר דגנים עם עגבניות,לא מנהל יחידת מידה,0.00,לא מנהל יחידת מידה,false,1,6.90,0.0000,true,1,205009
7290016408980,false,מטבעות שוקולד חלב 36,HIQ FOOD PRODUCTS,IL,מטבעות שוקולד חלב 36 גרם,גרמים,36.00,100 גרם,false,1,3.90,10.8333,true,1,206529
7290016509243,true,פרסיל קפסולות גל,"הנקל,קורוסלדאני",HU,פרסיל קפסולות ג'ל לכביסה 24 יח',לא מנהל יחידת מידה,0.00,לא מנהל יחידת מידה,false,1,31.90,0.0000,true,1,212174
7290016509809,true,פרסיל גל קולור 2.5 ל,"הנקל סוד בע""מ",IL,ג'ל מרוכז לכביסה במכונה - צבעונית,ליטרים,2.50,ליטר,false,1,34.90,13.9600,true,1,212176
7290016509823,true,פרסיל גל בלו 2.5 ליט,"הנקל סוד בע""מ",IL,ג'ל מרוכז לכביסה במכונה - לבנה וצבעונית,ליטרים,2.50,ליטר,false,1,34.90,13.9600,true,1,212177
7290016509830,true,פרסיל גל בייבי 2.5 ל,"הנקל סוד בע""מ",IL,פרסיל ג'ל כביסה לבגדי תינוקות ולבעלי עור רגיש,ליטרים,2.50,ליטר,false,1,34.90,13.9600,true,1,212178
7290016564006,true,מבריקל הפלא 3 יח,מבריקל,CN,מבריקל הפלא 3 יח,יחידה,3.00,יחידה,false,1,9.90,3.3000,true,1,234328
7290016564266,false,כיסוי הפלא 30 יח,מבריקל,CN,כיסוי הפלא 30 יח,יחידה,30.00,יחידה,false,1,9.90,0.3300,true,1,234332
7290016809381,false,שרי לובלו (בקבוקים),חקלאי,IL,שרי לובלו (בקבוקים) ארוז 400 גר ליח,גרמים,400.00,100 גרם,false,1,12.90,3.2250,false,1,217474
7290016829785,false,רביעיית קליפסים חום/,,,רביעיית קליפסים חום/,יחידה,1.00,יחידה,false,1,9.90,9.9000,true,1,229325
7290016866643,false,משחת פרודונטקס פרש 7,DE MICLEN,SK,"פרודונטקס משחת שיניים אקסטרה פרש 75 מ""ל",מיליליטרים,75.00,"100 מ""ל",false,1,29.90,39.8667,true,1,212216
7290016866650,false,משחת פרודונטקס אוריג,DE MICLEN,SK,"פרודונטקס משחת שיניים אוריג'ינל 75 מ""ל",מיליליטרים,75.00,"100 מ""ל",false,1,29.90,39.8667,true,1,212217
7290016866667,false,משחת פרודונטקס פלאור,DE MICLEN,SK,"פרודונטקס משחת שיניים ללא פלאוריד 75 מ""ל",מיליליטרים,75.00,"100 מ""ל",false,1,29.90,39.8667,true,1,212218
7290016866674,false,משחת פרודונטקס מלבינ,DE MICLEN,SK,"פרודונטקס משחת שיניים מלבינה 75 מ""ל",מיליליטרים,75.00,"100 מ""ל",false,1,29.90,39.8667,true,1,212219
7290016912494,true,אפקטיב קר תרחיץ פנים,הדקלאים אגודת שיתופי,IL,"ד""ר פישר תרחיץ פנים לכל סוגי העור, 180 מל",מיליליטרים,180.00,"100 מ""ל",false,1,14.90,8.2778,true,1,213870
7290016995138,false,כוסמת קלויה 500 גרם-,תבואות,CN,תבואות - כוסמת קלויה אורגני,גרמים,500.00,100 גרם,false,1,11.90,2.3800,true,1,223939
7290016995244,true,סילאן טבעי,פוליבה,IL,תבואות סילאן טבעי 900 גרם,Unknown,0.00,Unknown,false,1,19.90,0.0000,true,1,212407
7290016995282,true,מנגו מיובש אורגני,תבואות,MX,תבואות מנגו מיובש אורגני 150 גרם,גרמים,150.00,100 גרם,false,1,22.90,15.2667,true,1,212449
7290016995510,false,חמאת בוטנים אורגנית,ריזאו שנגקנג,CN,חמאת בוטנים אורגנית חלקה 510 גרם,גרמים,510.00,100 גרם,false,1,19.90,3.9020,true,1,223430
7290016995756,false,קמח כוסמין  מלא ללא,תבואות מוצרי מזון או,IL,קמח כוסמין  מלא מנופה 1קג,קילוגרמים,1.00,"ק""ג",false,1,17.90,17.9000,true,1,226176
7290016995787,false,קמח שיפון מלא מנופה,תבואות,IL,קמח שיפון מלא מנופה 1 קג תבואות,קילוגרמים,1.00,"ק""ג",false,1,12.90,12.9000,true,1,220435
7290016995848,false,שום כתוש אורגני 185,תבואות,CN,שום כתוש אורגני 185 תבואות 185 גרם,גרמים,185.00,100 גרם,false,1,15.90,8.5946,true,1,227393
7290016995855,false,גינגר כתוש אורגני תב,תבואות,CN,גינגר כתוש אורגני תבואות  185 גרם,גרמים,185.00,100 גרם,false,1,15.90,8.5946,true,1,227394
7290016995886,false,פלפל צילי כתוש אורגנ,תבואות,CN,פלפל צילי כתוש אורגני 185 תבואות  גרם,גרמים,185.00,100 גרם,false,1,15.90,8.5946,true,1,227395
7290016995992,false,סודה לשתיה ללא אלומי,תבואות,IL,סודה לשתיה ללא אלומיניום 700תבואות גר,גרמים,700.00,100 גרם,false,1,19.90,2.8429,true,1,227397
7290017031705,false,"סנסודיין 75 מ""ל בסיס",DE MICLEN,SK,"סנסודיין משחת שיניים ניקיון ורעננות, 75 מל",מיליליטרים,75.00,"100 מ""ל",false,1,21.90,29.2000,true,1,217750
7290017044064,false,דלי 400 קומפקט למטבח,,IL,דלי 400 קומפקט למטבח תפוח,יחידה,1.00,יחידה,false,1,13.90,13.9000,true,1,222647
7290017065168,false,גבינה כחולה גד 100 ג,St Clemens,DK,גבינה כחולה 30% שומן,גרמים,100.00,100 גרם,false,1,18.90,18.9000,true,1,208508
7290017065649,false,קרם פטיסייר מחלבות ג,קרלו,IL,קרם מסקרפונה 38%,גרמים,250.00,100 גרם,false,1,21.90,8.7600,true,1,219175
7290017088105,false,חיתולי בייביסיטר נוח,די.פי.אל תעשיות מוצר,IL,חיתול דק מידה 3,יחידה,38.00,יחידה,false,1,34.90,0.9184,true,1,208531
7290017088129,false,חיתולי בייביסיטר נוח,די.פי.אל תעשיות מוצר,IL,חיתול דק מידה 4+,יחידה,34.00,יחידה,false,1,34.90,1.0265,true,1,208533
7290017088136,false,חיתולי בייביסיטר נוח,די פי אל,,חיתולי בייביסיטר נוחות מידה 5  32 חדש,יחידה,32.00,יחידה,false,1,34.90,1.0906,true,1,208534
7290017088143,false,חיתולי בייביסיטר נוח,די.פי.אל תעשיות מוצר,IL,חיתול דק מידה 6,יחידה,30.00,יחידה,false,1,34.90,1.1633,true,1,208535
7290017088242,false,מגבונים בייבי בייסיק,,,מגבונים בייבי בייסיק,לא מנהל יחידת מידה,0.00,לא מנהל יחידת מידה,false,1,3.90,0.0000,true,1,216180
7290017088747,false,אלכו קר 70%אלכוהול 2,DPL קסריה,IL,אלכו קר 70%אלכוהול 20יח,לא מנהל יחידת מידה,0.00,לא מנהל יחידת מידה,false,1,11.90,0.0000,true,1,219643
7290017105895,false,גרגרי חומוס מסעדות י,זנלכל,IL,גרגרי חומוס להכנת חומוס משובח,גרמים,550.00,100 גרם,false,1,9.50,1.7273,true,1,220482
7290017129280,false,וופל שוקולד לא מצופה,"כד בני דרום בע""מ",IL,אפיפיות שוקולד לא מצופה כשלפ 200ג*12יח ב.יוסף,גרמים,200.00,100 גרם,false,1,7.90,3.9500,true,1,208603
7290017129761,false,שוקולד פרימיום 70%,אף.סי תבליני בגליל ב,IL,שוקולד מריר אגו 70% בטעם תפוז 100 גרם,גרמים,100.00,100 גרם,false,1,8.90,8.9000,true,1,213510
7290017129778,false,שוקולד פרימיום 70%,אף.סי תבליני בגליל ב,IL,שוקולד מריר אגו 70% בטעם קפה 100 גרם,גרמים,100.00,100 גרם,false,1,8.90,8.9000,true,1,213508
7290017129839,false,שוקולד פרימיום 70%,אף.סי תבליני בגליל ב,IL,שוקולד פרימיום 70% בטעם פטל 100גר,גרמים,100.00,100 גרם,false,1,8.90,8.9000,true,1,213509
7290017129846,false,מיני קוקיס טעם קרמל,כרמית,IL,מיני קוקיס טעם קרמל 600 גר,גרמים,600.00,100 גרם,false,1,23.90,3.9833,true,1,213513
7290017129983,false,שוקו ציפס לבן  לאפיה,"כד בני דרום בע""מ",IL,שוקוצ'יפס לבן 250ג'*16בקרט,גרמים,250.00,100 גרם,false,1,13.90,5.5600,true,1,214671
7290017142159,false,מארז שלישייה טונה בה,הנסיך- מפעל לייצור ט,TH,נתחי טונה בהירה בשמן זית 80*3 גרם,גרמים,240.00,100 גרם,false,1,22.90,9.5417,true,1,209015
7290017142401,false,ארוחה אישית קינואה ל,ג'נרל מילס סאן אדריא,TH,קינואה לבנה ואדומה עם טונה 160 גרם,גרמים,160.00,100 גרם,false,1,13.90,8.6875,true,1,228020
7290017142418,false,ארוחה אישית אורז עדש,יוניקורד ח.צ בעמ,TH,אורז ועדשים עם טונה בשמן זית,גרמים,160.00,100 גרם,false,1,13.90,8.6875,true,1,228021
7290017142500,false,תרסיס שמן זית בטעם ש,קומטמפ קומפניה פורטו,IT,"תרסיס שמן זית בטעם שום עץ הזית  150מ""ל",מיליליטרים,150.00,"100 מ""ל",false,1,19.90,13.2667,true,1,232907
7290017189192,false,אדממה פולי סויה  שף,משק ויילר,CN,אדממה פולי סויה  שף הטבע 1קג,קילוגרמים,1.00,"ק""ג",false,1,16.90,16.9000,true,1,233692
7290017217673,false,כפפות משק בית עם אלו,איזיטאצ,CN,כפפות משק בית עם אלוורה גודל S,יחידה,1.00,יחידה,false,1,4.90,4.9000,true,1,221670
7290017217680,false,כפפות משק בית עם אלו,איזיטאצ,CN,כפפות משק בית עם אלוורה גודלM,יחידה,1.00,יחידה,false,1,4.90,4.9000,true,1,221671
7290017217727,false,שיפודי במבוק יקיטורי,פוזימון,CN,"שיפודי במבוק יקיטורי 18 ס""מ 100 יחידות",יחידה,1.00,יחידה,false,1,10.90,10.9000,true,1,226156
7290017217741,false,צלחת מרק קריסטל פרח,LTD,CN,צלחת מרק קריסטל פרח 10 יח,יחידה,1.00,יחידה,false,1,25.90,25.9000,true,1,217738
7290017217765,false,כוסות שוט 2OZ,LTD,CN,כוסות שוט 2OZ,יחידה,1.00,יחידה,false,1,13.90,13.9000,true,1,217741
7290017217796,false,אטב כביסה מקושט 24 י,LTD,CN,אטב כביסה מקושט 24 יח,יחידה,1.00,יחידה,false,1,12.90,12.9000,true,1,217737
7290017266060,false,"וופלים קראנצ לל""ס בט",עלמה,,"וופלים קראנצ לל""ס בטעם שוקולד עלמה 175 ג",גרמים,175.00,100 גרם,false,1,6.90,3.9429,true,1,207684
7290017334448,false,שמן קנולה מזוכך OLEO,א.ד.מ . אנטוורפן,BE,שמן קנולה מזוכך OLEO 1   ליטר,ליטרים,1.00,ליטר,false,1,11.90,11.9000,true,1,221699
7290017334455,false,"אורז פרסי  זיפר 1ק""ג",,TH,"אורז פרסי  זיפר 1ק""ג",קילוגרמים,1.00,"ק""ג",false,1,9.90,9.9000,true,1,230443
7290017334462,false,אורז יסמין  זיפר  1,,TH,"אורז יסמין  זיפר  1 ק""ג",קילוגרמים,1.00,"ק""ג",false,1,11.90,11.9000,true,1,230444
7290017389011,false,שקדיה מנגו מיובש ללא,שקדיה,IL,שקדיה מנגו מיובש ללא סוכר 160 גר קופסא,גרמים,160.00,100 גרם,false,1,19.90,12.4375,true,1,230399
7290017406794,false,אורז בסמטי קינג קראו,פונט סלאם וולנסיה,IN,"אורז בסמטי קינג קראוון 1 ק""ג",קילוגרמים,1.00,"ק""ג",false,1,10.90,10.9000,true,1,231247
7290017457611,false,סוד גל כביסה ורוד 2.,הנקל סוד,IL,סוד גל כביסה ורוד 2.5 ליטר,ליטרים,2.50,ליטר,false,1,24.90,9.9600,true,1,233790
7290017457628,false,סוד גל כביסה כחול 2.,הנקל סוד,IL,סוד גל כביסה כחול 2.5 ליטר,ליטרים,2.50,ליטר,false,1,24.90,9.9600,true,1,233791
7290017457703,false,סוד מרכך כביסה מרוכז,הנקל סוד,IL,סוד מרכך מרוכז ארומתרפי זהב,מיליליטרים,900.00,"100 מ""ל",false,1,16.90,1.8778,true,1,216393
7290017457727,false,סוד מרכך כביסה מרוכז,הנקל סוד,IL,סוד מרכך מרוכז Fresh Sky,מיליליטרים,900.00,"100 מ""ל",false,1,11.90,1.3222,true,1,216391
7290017457734,false,סוד מרכך כביסה מרוכז,הנקל סוד,IL,סוד מרכך מרוכז Wild Rose,מיליליטרים,900.00,"100 מ""ל",false,1,11.90,1.3222,true,1,216392
7290017470177,false,קשים מתקפלים לשתייה,,CN,קשים מתקפלים לשתייה 200 יח,Unknown,0.00,Unknown,false,1,5.90,0.0000,true,1,220749
7290017470634,false,צלחות קטנות קלאסיק 1,,CN,צלחות קטנות קלאסיק 10 יח,Unknown,0.00,Unknown,false,1,11.90,0.0000,true,1,220754
7290017477596,false,תמר מגהול ענק פרמיום,דין שיווק,IL,תמר מגהול ענק פרמיום  400ג שקדיה,גרמים,400.00,100 גרם,false,1,19.90,4.9750,true,1,230005
7290017513393,false,תה ירוק סופר גרין,ויסוצקי,IL,תה ירוק בתוספת ספירולינה וצמחים ירוקים,יחידה,1.00,יחידה,false,1,25.90,25.9000,true,1,217627
7290017513775,false,פליפז בייגלה מצופה ש,שוורצקוף& הנקל דיסלד,TR,"Flipz, חטיף בייגלה אפוי בציפוי שוקולד חלב, 140 גרם",גרמים,140.00,100 גרם,false,1,8.90,6.3571,true,1,218724
7290017513782,false,פליפז  בייגלה מצופה,שוורצקוף& הנקל דיסלד,TR,פליפז בייגלה מצופה שוקולד מריר 140 ג,גרמים,140.00,100 גרם,false,1,8.90,6.3571,true,1,218723
7290017513850,false,תה ירוק נענע ויטמין,ויסוצקי,IL,ויסוצקי ירוק נענע עם ויטמינים,גרמים,38.00,100 גרם,false,1,25.90,68.1579,true,1,220614
7290017516424,false,פנגיאה שוקולד קוקוס,ש.ר רגע בטבע,IL,פנגיאה שוקולד קוקוס ואגוזי לוז 300גרם,גרמים,300.00,100 גרם,false,1,29.90,9.9667,true,1,228708
7290017516561,false,שלישיית חטיפי חלבון,ש.ר רגע בטבע,IL,שלישיית חטיפי חלבון פנגיאה אגוזי לוז,לא מנהל יחידת מידה,0.00,לא מנהל יחידת מידה,false,1,29.90,0.0000,true,1,228704
7290017516578,false,שלישיית חטיפי חלבון,ש.ר רגע בטבע,IL,שלישיית חטיפי חלבון פנגיאה שוקולד,לא מנהל יחידת מידה,0.00,לא מנהל יחידת מידה,false,1,29.90,0.0000,true,1,228705
7290017589633,false,קברנה סוביניון מהדור,,IL,"קברנה סוביניון מהדורת רזרב גולד 750 מ""ל",מיליליטרים,750.00,"100 מ""ל",false,1,52.90,7.0533,true,1,232239
7290017593036,false,תירס,חקלאי,IL,תירס,יחידה,1.00,יחידה,false,1,10.90,10.9000,true,1,222071
7290017617008,false,טונה  סטרקיסט בשמן 3,. יצרן: טונה ויאטנם,,טונה  סטרקיסט בשמן 3*140גרם,גרמים,420.00,100 גרם,false,1,18.90,4.5000,true,1,230003
7290017617091,false,סטארקיסט מיקס טוגו ט,דרדנל אוננטאס גידה,TR,סטארקיסט מיקס טוגו טונה עם פתיתים  185גר,גרמים,185.00,100 גרם,false,1,12.90,6.9730,true,1,222336
7290017617411,false,מיקס סלמון  עם אורז,גראאל אס איי,PL,מיקס סלמון  עם אורז מלא סטארקיסט 160גרם,גרמים,160.00,100 גרם,false,1,14.90,9.3125,true,1,233900
7290017617435,false,מיקס סלמון  עם עדשים,גראאל אס איי,PL,מיקס סלמון  עם עדשים וקינואה סטארקיסט 16,גרמים,160.00,100 גרם,false,1,14.90,9.3125,true,1,233901
7290017617459,false,רביעיית טונה סטארקיס,dalmore distilleries,TH,רביעיית טונה סטארקיסט בשמן צמחי 480גרם,גרמים,480.00,100 גרם,false,1,21.90,4.5625,true,1,232542
7290017617466,false,רביעיית טונה סטארקיס,dalmore distilleries,TH,רביעיית טונה סטארקיסט במים  480גרם,גרמים,480.00,100 גרם,false,1,21.90,4.5625,true,1,232543
7290017641089,false,פניני צנימים עם בטעם,תות תעשיות מזון (201,IT,פניני צנימים בטעם קלאסי 300ג' 12 בקרטון,גרמים,300.00,100 גרם,false,1,10.90,3.6333,true,1,219793
7290017641102,false,שוקולד אגו 70% קקאו,כרמית תעשיות ממתקים,IL,"שוקולד אגו 70% קקאו תפוז  לל""ס 100גרם",גרמים,100.00,100 גרם,false,1,9.90,9.9000,true,1,214655
7290017641119,false,שוקולד אגו 85% קקאו,אף.סי תבליני בגליל ב,IL,שוקולד אגו 85% קקאו   100גרם,גרמים,100.00,100 גרם,false,1,8.90,8.9000,true,1,222142
7290017641188,false,חטיף קרקר עם שיפון מ,תות תעשיות מזון (201,LT,קרקר דגנים עם שיפון מלא וסלק 130 גר',גרמים,130.00,100 גרם,false,1,6.90,5.3077,true,1,214967
7290017641720,false,טבלאות שוקולד אגו 70,"כד בני דרום בע""מ",IL,טבלאות שוקולד אגו 70% שברי שקד כשלפ 100,גרמים,100.00,100 גרם,false,1,8.90,8.9000,true,1,220186
7290017641737,false,טבלאות שוקולד70% אגו,"כד בני דרום בע""מ",IL,שוקולד פרימיום 70% אגוז 100ג*12בדיס*2בקרט,גרמים,100.00,100 גרם,false,1,8.90,8.9000,true,1,220187
7290017647470,false,יין הר חרמון מגנטה 7,יקבי רמת הגולן,IL,"יין הר חרמון מגנטה 750 מ""ל",מיליליטרים,750.00,"100 מ""ל",false,1,33.90,4.5200,true,1,220845
7290017677811,false,רוטב סויה קיקומן 296,קדבורי,NL,"רוטב קיקומן סויה ללא תוספת חומרים משמרים  296 מ""ל",מיליליטרים,296.00,"100 מ""ל",false,1,18.90,6.3851,true,1,216771
7290017724027,false,עוגיות אלפחורס 300 ג,אקלר,IL,עוגיות אלפחורס 300 גרם,גרמים,300.00,100 גרם,false,1,23.90,7.9667,true,1,229917
7290017724034,false,עוגיות סנדוויץ ריבה,אקלר,IL,עוגיות סנדוויץ ריבה 250 גרם,גרמים,250.00,100 גרם,false,1,23.90,9.5600,true,1,229918
7290017724058,false,עוגיות מעדן תמר אגוז,אקלר,IL,עוגיות מעדן תמר אגוז250 גרם,גרמים,250.00,100 גרם,false,1,23.90,9.5600,true,1,229919
7290017724119,false,עוגיות אוזניים200 גר,אקלר,IL,עוגיות אוזניים200 גרם,גרמים,200.00,100 גרם,false,1,23.90,11.9500,true,1,229921
7290017724157,false,עוגיות מעדן תפוע ללא,אקלר,IL,עוגיות מעדן תפוע ללא סוכר 200 גרם,גרמים,200.00,100 גרם,false,1,23.90,11.9500,true,1,229922
7290017724225,false,עוגיות בויוס 200 גרם,אקלר,IL,עוגיות בויוס 200 גרם,גרמים,200.00,100 גרם,false,1,23.90,11.9500,true,1,229924
7290017724355,false,עוגיות אצבעות שקדים,אקלר,IL,עוגיות אצבעות שקדים 250 גרם,גרמים,250.00,100 גרם,false,1,23.90,9.5600,true,1,229925
7290017724683,false,עוגיות חמאה שקדים 20,אקלר,IL,עוגיות חמאה שקדים 200 גרם,גרמים,200.00,100 גרם,false,1,23.90,11.9500,true,1,229927
7290017746708,false,רביעיית לחמניות שמינ,מאפית דוידוביץ,IL,רביעיית לחמניות שמינייה,יחידה,4.00,יחידה,false,4,11.90,2.9750,true,1,233990
7290017871387,false,פמילי יהלום שמן זית,המאפיה של הרמן,TR,תחליב רחצה לידיים מועשר בשמן זית,מיליליטרים,500.00,"100 מ""ל",false,1,10.90,2.1800,true,1,219437
7290017872070,false,פרש וואנס מגבונים נט,ווטנאפס,IL,פרש וואנס מגבונים נטורל קר שלישייה,יחידה,1.00,יחידה,false,1,9.90,9.9000,true,1,228863
7290017888729,false,שוופס סודה בקבוק 1 ל,"כד בני דרום בע""מ",IL,שוופס סודה 1 ל' גיזוז חזק,ליטרים,1.00,ליטר,false,1,4.90,4.9000,true,1,219556
7290017888972,false,מי עדן פקק ספורט 1 ל,מופק ממקור בזלתי עדן,IL,מי עדן פקק ספורט 1 ליטר,ליטרים,1.00,ליטר,false,1,5.50,5.5000,true,1,219837
7290017894058,false,דגש תערובת להכנת לחם,תות תעשיות מזון (201,IL,תערובת להכנת לחם ומאפים  ללא גלוטן,גרמים,500.00,100 גרם,false,1,17.90,3.5800,true,1,226127
7290017907208,false,קמח תמי רב תכליתי לל,מנדלז סי.אר. פרודקשן,IL,קמח תמי רב תכליתי ללג 500גרם,גרמים,500.00,100 גרם,false,1,18.90,3.7800,true,1,228500
7290017907222,false,קמח תמי תופח ללג 500,פוראטוס ישראל,IL,קמח תמי תופח ללג 500גרם,גרמים,500.00,100 גרם,false,1,18.90,3.7800,true,1,228501
7290017907253,false,תמי פתיתים ללג 300גר,פוראטוס ישראל,IL,תמי פתיתים ללג 300גרם,גרמים,300.00,100 גרם,false,1,15.90,5.3000,true,1,228505
7290017918143,false,חסה לבבות,ביכורי שדה דרום,IL,חסה לבבות,גרמים,300.00,100 גרם,false,1,12.90,4.3000,true,1,233724
7290017928210,true,בייגלה גדול שומשום 2,HIQ FOOD PRODUCTS,IL,בייגלה גדול שומשום 250 גרם מאיר בייגל,גרמים,250.00,100 גרם,false,1,11.90,4.7600,true,1,218525
7290017969831,false,גביעי יין 200 מל גדו,,CN,גביעי יין 200 מל גדול נצנץ שקוף 6 יח,Unknown,0.00,Unknown,false,1,34.90,0.0000,true,1,220769
7290018012093,false,תאורת חירום מודל xl,,,תאורת חירום מודל xl,לא מנהל יחידת מידה,0.00,לא מנהל יחידת מידה,false,1,119.00,0.0000,true,1,218514
7290018012116,false,תאורת חירום מודל L,,,תאורת חירום מודל L,יחידה,1.00,יחידה,false,1,79.00,79.0000,true,1,218515
7290018043301,false,חטיף חלבון בטעם וניל,הרת'סייד פוד סולושיי,NL,חטיף חלבון בטעם ונילה קראנץ- 60 גרם,גרמים,60.00,100 גרם,false,1,13.90,23.1667,true,1,230952
7290018043608,false,מי חלבון אול אין  פ.,שטיינרייזר גטראנקה,AT,מי חלבון אול אין  פ.יער 500 מל,מיליליטרים,500.00,"100 מ""ל",false,1,18.90,3.7800,true,1,230354
7290018045084,false,דגנים BON&BONבמילוי,,DE,דגנים BON&BONבמילוי קרם בטעם בראוניז 480,גרמים,480.00,100 גרם,false,1,21.90,4.5625,true,1,231082
7290018045695,false,דגנים BON&BONבמילוי,,DE,דגנים BON&BONבמילוי קרם קרמל מלוח 480גרם,גרמים,480.00,100 גרם,false,1,21.90,4.5625,true,1,231083
7290018045893,false,דגנים BON&BONבמילוי,,DE,דגנים BON&BONבמילוי קרם נוגט 480גרם,גרמים,480.00,100 גרם,false,1,21.90,4.5625,true,1,231084
7290018071137,false,צלחות מתכלות קנה סוכ,,CN,צלחות מתכלות קנה סוכר 17 סמ 25 יח,יחידה,1.00,יחידה,false,1,11.90,11.9000,true,1,222800
7290018071144,false,צלחות מתכלות קנה סוכ,,CN,צלחות מתכלות קנה סוכר 23 סמ 25 יח,יחידה,1.00,יחידה,false,1,21.90,21.9000,true,1,222801
7290018071151,false,צלחות מתכלות קנה סוכ,,CN,צלחות מתכלות קנה סוכר 26 סמ 25 יח,יחידה,1.00,יחידה,false,1,26.90,26.9000,true,1,222802
7290018071205,false,כפפות נטרו V ללא אבק,איזיטאצ,CN,כפפות נטרו V ללא אבקה S כחול 100 יח,יחידה,1.00,יחידה,false,1,29.90,29.9000,true,1,223009
7290018071212,false,כפפות נטרו V ללא אבק,איזיטאצ,CN,כפפות נטרו V ללא אבקה M כחול 100 יח,יחידה,1.00,יחידה,false,1,29.90,29.9000,true,1,223047
7290018071236,false,כפפות נטרו V ללא אבק,איזיטאצ,CN,כפפות נטרו V ללא אבקה XL כחול 100 יח,יחידה,1.00,יחידה,false,1,29.90,29.9000,true,1,223049
7290018071250,false,כפפות פלסטיק שחורות,Z.P.T.P.Co.Ltd,CN,כפפות פלסטיק שחורות M ללא אבקה 100 יח,יחידה,1.00,יחידה,false,1,14.90,14.9000,true,1,221972
7290018071267,false,כפפות פלסטיק שחורות,Z.P.T.P.Co.Ltd,CN,כפפות פלסטיק שחורות L ללא אבקה 100 יח,יחידה,1.00,יחידה,false,1,14.90,14.9000,true,1,221971
7290018077597,false,בייגל רומני אפוי קפו,גדרון,IL,בייגל רומני אפוי קפוא עם שומשום,יחידה,1.00,יחידה,false,1,5.90,5.9000,true,1,219007
7290018077603,false,בייגל רומני עם זעתר,גדרון,IL,בייגל רומני עם זעתר א.ק,יחידה,1.00,יחידה,false,1,5.90,5.9000,true,1,218930
7290018091081,false,מאפה פילו תרד וגבינו,"מעדנות בע""מ",IL,מאפה פילו תרד וגבינות 320 גרם מעדנות,גרמים,320.00,100 גרם,false,1,22.90,7.1562,true,1,231864
7290018091272,false,בצק עוגיות קקאו טר,מעדנות,IL,בצק עוגיות קקאו טריפל שוקולד ציפס300 ג,גרמים,300.00,100 גרם,false,1,19.90,6.6333,true,1,231865
7290018091647,false,בצק פריך עם שקדים מע,מיוצר עי קונדיטוריית,IL,בצק פריך עם שקדים מעדנות 500 גרם,גרמים,500.00,100 גרם,false,1,25.90,5.1800,true,1,222702
7290018131077,false,שלגון מילקה עם ריפל,פרונרי פולין,PL,שלגון מילקה עם ריפל שוקולד 71 גרם,גרמים,71.00,100 גרם,false,1,11.50,16.1972,true,1,222357
7290018131251,false,אקסטרים מטבע שוקולד,המאפיה של הרמן,IL,אקסטרים מ.שקלד.לבן וליבת ק.עוג. 18*115ג,גרמים,128.00,100 גרם,false,1,10.50,8.2031,true,1,218907
7290018131336,false,שלגון ליון קרמל 66גר,שוורצקוף& הנקל דיסלד,PL,שלגון ליון קרמל 66גרם,גרמים,66.00,100 גרם,false,1,11.50,17.4242,true,1,222358
7290018131572,false,גלידה מיני בייטס מיל,שוורצקוף& הנקל דיסלד,PL,גלידה מיני בייטס מילקה 85,גרמים,85.00,100 גרם,false,1,7.90,9.2941,true,1,218917
7290018131640,false,קראנץ שוקולד בלונדי,נגה גלידות,IL,קראנץ שוקולד בלונדי 100 גרם,גרמים,100.00,100 גרם,false,1,10.50,10.5000,true,1,222356
7290018131770,false,שלגון וניל מצופה תות,נסטלה,IL,שלגון וניל מצופה תות 55 גרם,גרמים,55.00,100 גרם,false,1,5.90,10.7273,true,1,221925
7290018131978,false,טילון אוראו 68.5גרם,פרונרי פולין,PL,טילון אוראו 68.5גרם,גרמים,69.00,100 גרם,false,1,5.90,8.5507,true,1,222359
7290018165027,false,גולד אדישיין רוזה750,יקבי ברקן שיווק והפצ,IL,גולד אדישיין רוזה750 מל,מיליליטרים,750.00,"100 מ""ל",false,1,52.90,7.0533,true,1,232242
7290018237397,false,פסטרמה מקורמלת נתח ש,מולינו ניקולי s.p.a,IL,פסטרמה מקורמלת נתח שלם פרוס עוף טוב 300ג,גרמים,300.00,100 גרם,false,1,26.90,8.9667,true,1,229730
7290018237410,false,פסטרמה במעשנה מנתח ש,מולינו ניקולי s.p.a,IL,פסטרמה במעשנה מנתח שלם פרוס עוף טוב 300ג,גרמים,300.00,100 גרם,false,1,26.90,8.9667,true,1,229729
7290018249444,false,סוויטאנגו אבקת שוקו,קרלו,EG,סוויטאנגו אבקת שוקו 400 גרם,גרמים,400.00,100 גרם,false,1,39.90,9.9750,true,1,229736
7290018249802,false,ממתיק סויטאנגו 280גר,מתבל,IL,ממתיק סויטאנגו 280גרם,גרמים,280.00,100 גרם,false,1,29.90,10.6786,true,1,227078
7290018249994,false,סוויטאנגו ממתיק בצנצ,מתבל תעשיות מזון,IL,סוויטאנגו ממתיק בצנצנת 700 גרם,גרמים,700.00,100 גרם,false,1,59.90,8.5571,true,1,227322
7290018265086,false,קטשופ אורגני ללס תבו,תבואות,NL,קטשופ אורגני ללס תבואות 325 מל,מיליליטרים,325.00,"100 מ""ל",false,1,16.90,5.2000,true,1,227399
7290018333686,false,גרנולה רפאלס פרו פקא,פוקה,IL,גרנולה רפאלס פרו 250 גרם פקאן חמוציות *10 בקר',גרמים,250.00,100 גרם,false,1,15.90,6.3600,true,1,228022
7290018333969,false,מאגדת  גרנולה רפאלס,פוקה,IL,מאגדת  גרנולה רפאלס שקדים וטחינה*5   150 גרם,גרמים,150.00,100 גרם,false,1,14.90,9.9333,true,1,229239
7290018338049,false,שמן אבוקדו תבואות 25,פולאן פולסקו,ES,שמן אבוקדו תבואות 250 מל,מיליליטרים,250.00,"100 מ""ל",false,1,23.90,9.5600,true,1,221952
7290018338551,false,פנה מקמח כוסמין לבן,פוד סרויס,IT,פנה מקמח כוסמין לבן אורגני 500 גרם,גרמים,500.00,100 גרם,false,1,14.90,2.9800,true,1,230383
7290018338803,false,קמח שקד קלוף תבואות,תבואות,US,קמח שקד קלוף תבואות  250 גר,גרמים,250.00,100 גרם,false,1,19.90,7.9600,true,1,221948
7290018344095,false,חטיף חלבון VEG PROTE,טבע ירוק,IL,חטיף חלבון VEG PROTEIN בוטנים מלח 50 גרם,גרמים,50.00,100 גרם,false,1,10.90,21.8000,true,1,234280
7290018400234,false,חומוס לחומוס  סנפרוס,סנפרוסט,IL,חומוס לחומוס  סנפרוסט 800 גרם,גרמים,800.00,100 גרם,false,1,22.90,2.8625,true,1,221922
7290018440070,false,תרכיז עגבניות בשפורפ,בלה איטליה,IT,תרכיז עגבניות בשפורפרת 28  BX 200 גר,גרמים,200.00,100 גרם,false,1,8.90,4.4500,true,1,221083
7290018440193,false,פליפז בייגלה מצופה ח,שוורצקוף& הנקל דיסלד,TR,פליפז בייגלה מצופה חמאת בוטנים 140 ג,גרמים,140.00,100 גרם,false,1,8.90,6.3571,true,1,221697
7290018440223,false,צאי מסאלה עוצמתי 25,ויסוצקי,IL,צאי מסאלה עוצמתי 25 גרם,לא מנהל יחידת מידה,0.00,לא מנהל יחידת מידה,false,1,19.90,0.0000,true,1,229878
7290018440230,false,צאי ורדים 25 גרם,ויסוצקי,IL,צאי ורדים 25 גרם,לא מנהל יחידת מידה,0.00,לא מנהל יחידת מידה,false,1,19.90,0.0000,true,1,229880
7290018440247,false,צאי שקדים 25 גרם,ויסוצקי,IL,צאי שקדים 25 גרם,לא מנהל יחידת מידה,0.00,לא מנהל יחידת מידה,false,1,19.90,0.0000,true,1,229879
7290018440254,false,צאי קרמל מלוח 25 גרם,ויסוצקי,IL,צאי קרמל מלוח 25 גרם,לא מנהל יחידת מידה,0.00,לא מנהל יחידת מידה,false,1,19.90,0.0000,true,1,229881
7290018440384,false,תה ירוק מאטה לימון נ,ויסוצקי,IL,תה ירוק מאטה בטעם לימון ונענע,גרמים,25.00,100 גרם,false,1,25.90,103.6000,true,1,229876
7290018440391,false,תה ירוק מאטה נענע גו,ויסוצקי,IL,"תה ירוק מאטה, נענע וגוארנה",גרמים,25.00,100 גרם,false,1,25.90,103.6000,true,1,229877
7290018440483,false,פליפז בייגלה מצופה ב,שוורצקוף& הנקל דיסלד,TR,פליפז בייגלה מצופה בקרמל מלוח ושוקולד 14,גרמים,140.00,100 גרם,false,1,8.90,6.3571,true,1,223657
7290018441626,false,פיינט בן&גריס מנטה ע,בן & ג'ריס,IL,פיינט בן&גריס מנטה עוגיות 430גרם,גרמים,430.00,100 גרם,false,1,23.90,5.5581,true,1,230947
7290018468326,false,נקניקיה צמחית בסגנון,טירת צבי,IL,נקניקיה צמחית בסגנון  ניו יורק טירת צבי  400 גרם,גרמים,400.00,100 גרם,false,1,39.90,9.9750,true,1,232886
7290018471180,false,פרוט & ווג אננס תפוח,מיוצר עי קונדיטוריית,IL,FRUIT&VEG אננס תפוח גזר 1 ליטר,ליטרים,1.00,ליטר,false,1,14.90,14.9000,true,1,223611
7290018471197,false,פרוט & ווג תפוח בננה,מיוצר עי קונדיטוריית,IL,FRUIT&VEG תפוח בננה מלון נענע 1 ליטר,ליטרים,1.00,ליטר,false,1,14.90,14.9000,true,1,228607
7290018471401,false,פרוט & ווג אננס בננה,מיוצר עי קונדיטוריית,IL,FRUIT&VEG אננס בננה כורכום 1 ליטר,ליטרים,1.00,ליטר,false,1,14.90,14.9000,true,1,228609
7290018471913,false,שוופס מוגז פירות תפו,"יפאורה תבורי בע""מ",IL,שוופס משקה תפוחים מוגז 1.5 ליטר,ליטרים,1.50,ליטר,false,1,10.50,7.0000,true,1,230516
7290018641439,false,ערק פלוס אשכוליות 33,,IL,ערק פלוס אשכוליות 330 מל,מיליליטרים,330.00,"100 מ""ל",false,1,12.90,3.9091,true,1,230118
7290018652015,false,סופרולר 75גרם,פרונרי פולין,PL,סופרולר 75גרם,גרמים,75.00,100 גרם,false,1,7.90,10.5333,true,1,222360
7290018652039,false,לה קרמריה קרמל מלוח,נגה גלידות,IL,לה קרמריה קרמל מלוח ונוגט 1.4 ליטר,ליטרים,1.40,ליטר,false,1,21.90,15.6429,true,1,223113
7290018652053,false,ביסקולידה קסטרה 95 ג,נגה גלידות,IL,ביסקולידה קסטרה 95 גרם,גרמים,95.00,100 גרם,false,1,5.90,6.2105,true,1,222355
7290018652190,false,קראנץ בר אימפלס 60גר,גלידות נסטלה,IT,קראנץ בר אימפלס 60גרם,גרמים,60.00,100 גרם,false,1,6.90,11.5000,true,1,231372
7290018652671,false,לה קרמריה שוקו וניל,נסטלה,IL,לה קרמריה שוקו וניל תות 700גרם,גרמים,700.00,100 גרם,false,1,21.90,3.1286,true,1,231382
7290018652688,false,לה קרמריה פירות טרופ,נסטלה,IL,לה קרמריה פירות טרופיים ויער 700גרם,גרמים,700.00,100 גרם,false,1,21.90,3.1286,true,1,231383
7290018652695,false,ביסקולידה שוקו בננה,גלידות נסטלה,IL,ביסקולידה שוקו בננה 90גרם,גרמים,90.00,100 גרם,false,1,5.90,6.5556,true,1,231371
7290018652756,false,שתותי פרוטי 55גרם,נסטלה,IL,שתותי פרוטי 55גרם,גרמים,55.00,100 גרם,false,1,5.90,10.7273,true,1,231376
7290018652770,false,טילון גולדה 115גרם,גלידות נסטלה,IL,טילון גולדה 115גרם,גרמים,115.00,100 גרם,false,1,10.50,9.1304,true,1,231373
7290018652947,false,שלגון קראנץ פיסטוק 1,גלידות נסטלה,IL,שלגון קראנץ פיסטוק 100 גרם,גרמים,100.00,100 גרם,false,1,10.50,10.5000,true,1,232039
7290018677070,false,קרם קוקוס 18%אורגני,ש.ר רגע בטבע,IL,קרם קוקוס 18%אורגני טטרה פק 330מל,מיליליטרים,330.00,"100 מ""ל",false,1,11.90,3.6061,true,1,228709
7290018677124,false,גרנולה קראנצי  חמוצי,נוטרה זון,CZ,גרנולה קראנצי  חמוציות ודובדבנים ללא גלוטן וללא תו,גרמים,300.00,100 גרם,false,1,22.90,7.6333,true,1,230475
7290018677131,false,גרנולה קראנצי  אגוזי,נוטרה זון,CZ,גרנולה קראנצי  אגוזים ושקדים ללג וללס נ,גרמים,300.00,100 גרם,false,1,22.90,7.6333,true,1,230474
7290018720004,false,מעדני מלך סנדוויץ תו,סנו מפעלי ברונוס.,IL,מעדני מלך סנדוויץ תות 150ג,גרמים,150.00,100 גרם,false,1,4.50,3.0000,true,1,229754
7290018720011,false,ביסקוויט קרנבל חיות,הגביע מוצרי וופלים,IL,ביסקוויט קרנבל חיות 250 גרם,גרמים,250.00,100 גרם,false,1,5.90,2.3600,true,1,223396
7290018720028,false,ביסקוויט קרנבל אותיו,הגביע מוצרי וופלים,IL,0,גרמים,250.00,100 גרם,false,1,5.90,2.3600,true,1,223405
7290018720226,false,פצפוצי אורז מעדני המ,אשבול,IL,פצפוצי אורז מעדני המלך  250גרם,גרמים,250.00,100 גרם,false,1,11.90,4.7600,true,1,233906
7290018724408,false,דגני בוקר נוגט ללג נ,"נטורלה גטרנק בע""מ",IL,דגני בוקר נוגט ללג נטורלה 375 גרם,גרמים,375.00,100 גרם,false,1,19.90,5.3067,true,1,234368
7290018724422,false,דגני בוקר קינמון ללג,"נטורלה גטרנק בע""מ",IL,"דגני בוקר קינמון ללג ""נטורלה"" 375 גרם",גרמים,375.00,100 גרם,false,1,19.90,5.3067,true,1,234370
7290018724613,false,מאפה טבעוני משה בתיב,הטבעונית של סבתא מזל,IL,מאפה טבעוני משה בתיבה נטורלה  400 גרם,גרמים,400.00,100 גרם,false,1,39.90,9.9750,true,1,233907
7290018724651,false,בורקיטס טבעוני  עם ג,הטבעונית של סבתא מזל,IL,בורקיטס טבעוני  עם גבינת זיתים נטורלה 40,גרמים,400.00,100 גרם,false,1,39.90,9.9750,true,1,233911
7290018724668,false,שווארמה טבעונית על ב,הטבעונית של סבתא מזל,IL,שווארמה טבעונית על בסיס סויה נטורלה 400,גרמים,400.00,100 גרם,false,1,26.90,6.7250,true,1,233912
7290018777268,false,חטיף חלבון VEG PROTE,טבע ירוק,IL,חטיף חלבון VEG PROTEIN בננה קקאו 50 גרם,גרמים,50.00,100 גרם,false,1,10.90,21.8000,true,1,234283
7290018777275,false,חטיף חלבון VEG PROTE,טבע ירוק,IL,חטיף חלבון VEG PROTEINעוגיות וניל 50 גרם,גרמים,50.00,100 גרם,false,1,10.90,21.8000,true,1,234284
7290018848005,false,יין רוזה בפחית 250 מ,דונלי ויני,IT,"יין רוזה בפחית 250 מ""ל",מיליליטרים,250.00,"100 מ""ל",false,1,14.90,5.9600,true,1,231133
7290018893814,false,טבלאת שוקולד צוקטה מ,הדקלאים אגודת שיתופי,ES,צוקטה - שוקולד מריר,גרמים,500.00,100 גרם,false,1,19.90,3.9800,true,1,229686
7290018894002,false,בלקוני וופל קוביות ק,בלקוני,IT,בלקוני וופל קוביות קקאו 250 ג,גרמים,250.00,100 גרם,false,1,12.90,5.1600,true,1,231768
7290018894040,false,שוקולד חלב צוקטה 5,נטרה,FR,שוקולד חלב צוקטה 5   100 גרם,גרמים,500.00,100 גרם,false,1,21.90,4.3800,true,1,233930
7290018894200,false,בלקוני וופל קוביות ו,בלקוני,IT,בלקוני וופל קוביות וניל 250 ג,גרמים,250.00,100 גרם,false,1,12.90,5.1600,true,1,231769
7290018894408,false,בלקוני וופל קוביות א,בלקוני,IT,בלקוני וופל קוביות אגוזי לוז 250 ג,גרמים,250.00,100 גרם,false,1,12.90,5.1600,true,1,231770
7290018894606,false,בלקוני וופל קקאו 175,בלקוני,IT,בלקוני וופל קקאו 175 ג,גרמים,175.00,100 גרם,false,1,8.90,5.0857,true,1,231771
7290018894804,false,בלקוני וופל אגוזי לו,בלקוני,IT,בלקוני וופל אגוזי לוז 175 ג,גרמים,175.00,100 גרם,false,1,8.90,5.0857,true,1,231772
7290018925065,false,מיץ תפוזים סחוט פרימ,השחר,IL,פרימור סחוט מיץ תפוזים 100% 2 ליטר,ליטרים,2.00,ליטר,false,1,28.50,14.2500,true,1,230739
7290018925126,false,משקה קל תפוע פרימור,השחר,IL,פרימור משקה קל תפוחי עץ ‏5‏.‏1‏ ליטר,ליטרים,1.50,ליטר,false,1,9.50,6.3333,true,1,230526
7290018949016,false,משקה קל מוגז גרופר ת,,IL,משקה קל מוגז גרופר תפוחחה 330 מל,מיליליטרים,330.00,"100 מ""ל",false,1,7.90,2.3939,true,1,230121
7290018958810,false,חסה ליטל גם 200גרם,חקלאי,IL,חסה ליטל גם 200גרם,גרמים,200.00,100 גרם,false,1,8.00,4.0000,true,1,229219
7290018958841,false,חסה סלנובה 200 גרם,חקלאי,IL,חסה סלנובה 200 גרם,גרמים,200.00,100 גרם,false,1,8.90,4.4500,true,1,223387
7290018958858,false,פטרוזיליה 70 גרם,חקלאי,IL,פטרוזיליה 70 גרם,גרמים,70.00,100 גרם,false,1,4.00,5.7143,true,1,229220
7290018958865,false,כוסברה 70 גרם,חקלאי,IL,כוסברה 70 גרם,גרמים,70.00,100 גרם,false,1,4.00,5.7143,true,1,229222
7290018958902,false,חרדל 70 גרם,חקלאי,IL,חרדל 70 גרם,גרמים,70.00,100 גרם,false,1,4.00,5.7143,true,1,229307
7290018958926,false,חסה לאליק 70 גרם,חקלאי,IL,חסה לאליק 200גרם,גרמים,200.00,100 גרם,false,1,8.90,4.4500,true,1,229310
7290018958933,false,טימין 70 גרם,חקלאי,IL,טימין 70 גרם,גרמים,70.00,100 גרם,false,1,4.00,5.7143,true,1,229308
7290018958964,false,מיקס עלים 220 גרם,חקלאי,IL,מיקס עלים 220 גרם,גרמים,220.00,100 גרם,false,1,11.90,5.4091,true,1,231038
7290018958971,false,חסה ערבית 300 גרם,חקלאי,IL,חסה ערבית 300 גרם,גרמים,300.00,100 גרם,false,1,7.90,2.6333,true,1,230730
7290018958988,false,תות הידרופוני 250 גר,חקלאי,IL,תות הידרופוני 250 גר,גרמים,250.00,100 גרם,false,1,11.90,4.7600,true,1,232028
7290019056065,false,שוופס מוגז עדין פירו,"יפאורה תבורי בע""מ",IL,שוופס מוגז עדין פירות יער 1.5 ל',ליטרים,1.50,ליטר,false,1,10.00,6.6667,true,1,230535
7290019056072,false,שוופס מוגז עדין אננס,מיוצר עי קונדיטוריית,IL,שוופס מוגז עדין אננס 1.5 ל',ליטרים,1.50,ליטר,false,1,10.50,7.0000,true,1,230536
7290019056126,false,סודה שוופס לימון 1.5,"כד בני דרום בע""מ",IL,שוופס סודה לימון 1.5 ל',ליטרים,1.50,ליטר,false,1,4.20,2.8000,true,1,230540
7290019056324,false,שוופס מי טוניק בקבוק,"כד בני דרום בע""מ",IL,שוופס טוניק 1.5 ל',ליטרים,1.50,ליטר,false,1,15.90,10.6000,true,1,230557
7290019056379,false,תפוזינה תפוזים 1.5 ל,"יפאורה תבורי בע""מ",IL,תפוזינה תפוזים 1.5 ל',ליטרים,1.50,ליטר,false,1,11.50,7.6667,true,1,230561
7290019056416,false,תפוזינה לימונדה ורוד,"יפאורה תבורי בע""מ",IL,תפוזינה לימונדה ורודה 1.5 ל',ליטרים,1.50,ליטר,false,1,11.50,7.6667,true,1,230565
7290019056584,false,ספרינג תפוזים 1.5 לי,"כד בני דרום בע""מ",IL,ספרינג תפוזים 1.5 ל',ליטרים,1.50,ליטר,false,1,11.50,7.6667,true,1,230581
7290019056607,false,ספרינג תפוחים 1.5 לי,"כד בני דרום בע""מ",IL,ספרינג תפוחים 1.5 ל',ליטרים,1.50,ליטר,false,1,11.50,7.6667,true,1,230583
7290019056621,false,ספרינג פירות קיץ טרו,"יפאורה תבורי בע""מ",IL,ספרינג פירות טרופיים 1.5 ל',ליטרים,1.50,ליטר,false,1,11.50,7.6667,true,1,230585
7290019056904,false,סודה שוופס נענע ליים,"כד בני דרום בע""מ",IL,סודה שוופס נענע ליים 1.5 ליטר,ליטרים,1.50,ליטר,false,1,4.20,2.8000,true,1,230778
7290019056959,false,מי עדן בקבוק 1.5 ליט,יפאורה,IL,מי עדן בקבוק 1.5 ליטר,ליטרים,1.50,ליטר,false,1,3.20,2.1333,true,1,230592
7290019056966,false,מי עדן בקבוק 1.5 ליט,יפאורה,IL,מי עדן בקבוק 1.5 ליטר,ליטרים,1.50,ליטר,false,1,3.20,2.1333,true,1,230781
7290019056973,false,מי עדן שישייה בקבוק,מופק ממקור בזלתי עדן,IL,מי עדן שישייה בקבוק 1.5 ליטר,ליטרים,9.00,ליטר,false,6,14.90,1.6556,true,1,230593
7290019137092,false,סירופ מייפל קנדי אור,NOVOFRUCHT SK S.R.O,CA,"סירופ מייפל קנדי אורגני תבואות 250 מ""ל",מיליליטרים,250.00,"100 מ""ל",false,1,22.90,9.1600,true,1,233882
7290019232803,false,הולגריין ביסקוויט עם,פלאדיס,TR,הולגריין ביסקוויט עם קרם חלב ושוקולד חלב,גרמים,300.00,100 גרם,false,1,12.90,4.3000,true,1,233091
7290019232827,false,הולגריין ביסקוויט במ,פלאדיס,TR,הולגריין ביסקוויט במילוי אגוזי לוז 300 גרם,גרמים,300.00,100 גרם,false,1,12.90,4.3000,true,1,233093
7290019232834,false,בייגלה מצופה קרם עוג,אולקר מקבוצת פלאדיס,TR,בייגלה מצופה קרם עוגיות ושוקולד 140 גרם,גרמים,140.00,100 גרם,false,1,8.90,6.3571,true,1,232204
7290019233015,false,שקשוקה ירוקה תבשיל י,זיתא,IT,שקשוקה ירוקה תבשיל ירקות 420 גרם,גרמים,420.00,100 גרם,false,1,12.90,3.0714,true,1,232910
7290019233039,false,שקשוקה קלאסית רוטב ע,זיתא,IT,שקשוקה קלאסית רוטב עגבניות עם קוביות פלפלים צלויים,גרמים,420.00,100 גרם,false,1,12.90,3.0714,true,1,232913
7290019297550,false,בוטנים מטוגנים  185,קריניציה ויטמינה אס,IL,בוטנים מטוגנים,גרמים,185.00,100 גרם,false,1,7.90,4.2703,true,1,194059
7290019297628,false,שקד טבעי  150 גרם,דין שיווק,IL,שקד טבעי  150 גרם,גרמים,150.00,100 גרם,false,1,15.90,10.6000,true,1,229585
7290019297642,false,גרעין שחור קלוי ללא,דין שיווק,IL,גרעין שחור קלוי ללא מלח 150 גר ששון,גרמים,150.00,100 גרם,false,1,5.90,3.9333,true,1,229643
7290019303657,false,פינוקיות שומשום -  מ,טבע ירוק,IL,פינוקיות שומשום -  מיקס בריאות 250 גרם,גרמים,250.00,100 גרם,false,1,17.90,7.1600,true,1,234285
7290019303701,false,פינוקיות שומשום - מי,טבע ירוק,IL,פינוקיות שומשום - מיקס ישראלי 250 גרם,גרמים,250.00,100 גרם,false,1,17.90,7.1600,true,1,234286
7290019303756,false,פינוקיות שומשום וגרע,טבע ירוק,IL,פינוקיות שומשום וגרעינים  250 גרם,גרמים,250.00,100 גרם,false,1,17.90,7.1600,true,1,234287
7290019303800,false,פינוקיות שומשום עם ש,טבע ירוק,IL,פינוקיות שומשום עם שקדים וחמוציות 250 גר,גרמים,250.00,100 גרם,false,1,17.90,7.1600,true,1,234288
7290055090702,false,איגלו שלוקים,מנדלז סי.אר. פרודקשן,IL,"איגלו שלוקים 29 מ""ל, 60 יחידות, 4 בקרטון",מיליליטרים,29.00,"100 מ""ל",false,1,12.90,44.4828,true,1,182988
7290067642005,false,בירה גולדסטאר SLOW B,טמפו,IL,גולדסטאר 10% בירה לאגר חזקה מאוד,מיליליטרים,330.00,"100 מ""ל",false,1,9.50,2.8788,true,1,204689
7290100240144,false,למייבש כביסה בדין,"זוהר דליה, קיבוץ דלי",IL,בדין  תרסיס ריחני למייבש כביסה ורוד 500 מל,מיליליטרים,500.00,"100 מ""ל",false,1,19.90,3.9800,true,1,172569
7290100245231,false,מרק נמס בכוס ועוד עו,יוניליוור ישראל מזון,IL,קנור נמס בכוס טעם עוף עם שקדי מרק ואטריות 50 גרם,גרמים,50.00,100 גרם,false,1,7.50,15.0000,true,1,153665
7290100378168,false,שעון שבת לתקע רגיל,,,שעון שבת לתקע רגיל              HYUNDAI,Unknown,0.00,Unknown,false,1,24.90,0.0000,true,1,193224
7290100412343,true,קוויק לניקוי כללי  -,האי נאם סי או אל.טי.,IL,מטליות לחות,לא מנהל יחידת מידה,0.00,לא מנהל יחידת מידה,false,1,8.90,0.0000,true,1,209668
7290100412701,false,דר עור קרם גוף קלאסי,אמיליה קוסמטיקס בעמ,IL,"DOCTOR OR, תחליב גוף קלאסי בניחוח מאסק, 400 מל",לא מנהל יחידת מידה,0.00,לא מנהל יחידת מידה,false,1,31.90,0.0000,true,1,214548
7290100653586,false,דאודורנט ליידי ספיד,קולגייט פלמוליב,US,דאודורנט ליידי ספיד סטיק 24/7 גל פרש פיוזן 65 גרם,גרמים,65.00,100 גרם,false,1,19.90,30.6154,true,1,118450
7290100653609,false,דאודורנט ליידי ספיד,הנסיך- מפעל לייצור ט,US,דאודורנט ליידי ספיד סטיק 24/7 פרש פיוזן 45 גרם,גרמים,45.00,100 גרם,false,1,25.90,57.5556,true,1,84174
7290100680650,false,מנה חמה נודלס תאילנד,THAI PRESIDENT FOODS,TH,מנה חמה נודל.+ירקות תאילנדי6 6*76גרם,גרמים,76.00,100 גרם,false,1,6.90,9.0789,true,1,50697
7290100680667,false,מנה חמה נודלס סצואן,THAI PRESIDENT FOODS,TH,מנה חמה נודלס+ירקות ט.סצ'ואן6 6*76גרם,גרמים,76.00,100 גרם,false,1,6.90,9.0789,true,1,38425
7290100680711,false,פירורית זהב 350 גר,לחמנו,IL,אסם פירורית זהב 12*350גרם,גרמים,350.00,100 גרם,false,1,8.90,2.5429,true,1,123006
7290100680728,false,פירורית רגילה,מיוצר עי קונדיטוריית,IL,אסם פירורית 20*350גרם,גרמים,350.00,100 גרם,false,1,7.60,2.1714,true,1,123007
7290100681015,false,פודינג ריבת חלב,מיוצר עי קונדיטוריית,IL,אסם פודינג אינסטנט ריבת חלב 12*84גרם,גרמים,84.00,100 גרם,false,1,5.90,7.0238,true,1,84197
7290100683880,false,תבשיל פירה 260 גרם,"אסם השקעות בע""מ",IL,אסם פירה 6*260גרם,גרמים,260.00,100 גרם,false,1,15.20,5.8462,true,1,124180
7290100684139,false,פסטה אסם מיני מקרוני,פסטה זארה,IT,אסם מיני מקרוני 12*500גרם,גרמים,500.00,100 גרם,false,1,6.90,1.3800,true,1,123053
7290100685341,false,אבקת מרק טעם עוף 400,"אסם השקעות בע""מ",IL,אסם מרק זך טעם עוף רכיבים טבעים 6*400ג,גרמים,400.00,100 גרם,false,1,19.90,4.9750,true,1,126930
7290100685938,false,עוגת הבית דבש ותפוח,"אסם השקעות בע""מ",IL,הבית עוגת דבש ותפוח עץ 8*400גרם,גרמים,400.00,100 גרם,false,1,19.90,4.9750,true,1,202947
7290100689301,false,מרק טעם עוף זך עדיף,"אסם השקעות בע""מ",IL,אסם עדיף זך טעם עוף 6*400גרם,גרמים,400.00,100 גרם,false,1,18.70,4.6750,true,1,139263
7290100700020,false,גריסי פנינה 500 גרם,האי נאם סי או אל.טי.,IL,גריסי פנינה 500 גרם,גרמים,500.00,100 גרם,false,1,5.90,1.1800,true,1,84213
7290100700075,false,פירורי לחם מוזהבים ס,"סוגת תעשיות בע""מ",IL,פירורי לחם מוזהבים סוגת 200 גרם,גרמים,200.00,100 גרם,false,1,4.20,2.1000,true,1,84214
7290100700242,false,"אורז עגול מלא 1 ק""ג","סוגת תעשיות בע""מ",IL,"אורז עגול מלא 1 ק""ג",קילוגרמים,1.00,"ק""ג",false,1,11.90,11.9000,true,1,176198
7290100700273,false,קינואה סוגת 500 גרם,האי נאם סי או אל.טי.,IL,קינואה 500 גרם,גרמים,500.00,100 גרם,false,1,15.90,3.1800,true,1,153668
7290100700334,false,קינואה לבנה  סוגת 1,סוגת,IL,"קינואה לבנה  סוגת 1 ק""ג",קילוגרמים,1.00,"ק""ג",false,1,25.90,25.9000,true,1,223649
7290100700396,false,"אורז יסמין סוגת 1 ק""",האי נאם סי או אל.טי.,IL,אורז יסמין קלאסי,קילוגרמים,1.00,"ק""ג",false,1,13.90,13.9000,true,1,176013
7290100700587,false,בורגול סוגת 500 גרם,האי נאם סי או אל.טי.,IL,בורגול 500 גרם,גרמים,500.00,100 גרם,false,1,5.90,1.1800,true,1,160949
7290100701331,false,"קמח רב תכליתי 1 ק""ג","שטיבל בע""מ - טחנות ק",IL,קמח רב תכליתי +1,קילוגרמים,1.00,"ק""ג",false,1,7.90,7.9000,true,1,173981
7290100701454,false,גרישה 500 גרם,"סוגת תעשיות בע""מ",IL,גרישה 500 גרם,גרמים,500.00,100 גרם,false,1,5.90,1.1800,true,1,166091
7290100702253,true,שמרים יבשים בפחית סו,אייבי מאורי,IT,סוגת שמרים יבשים 100 גרם,גרמים,100.00,100 גרם,false,1,9.90,9.9000,true,1,213893
7290100820063,false,בסט אלכוהול 70%,קרמן,,בסט אלכוהול 70%,Unknown,0.00,Unknown,false,1,9.70,0.0000,true,1,51045
7290100820070,false,"אציטון בסט 100 מ""ל",חווה חקלאות,,"אציטון בסט 100 מ""ל",מיליליטרים,100.00,"100 מ""ל",false,1,3.90,3.9000,true,1,157889
7290100822210,false,בסט שלישיית כדורי רח,ציינה בייס,,בסט שלישיית כדורי רחצה מקציפים 50 ג,לא מנהל יחידת מידה,0.00,לא מנהל יחידת מידה,false,1,12.90,0.0000,true,1,201626
7290100822470,false,בסט מראת כיס,פארמה קאר,,בסט מראת כיס,Unknown,0.00,Unknown,false,1,10.90,0.0000,true,1,201627
7290100825334,false,אקסטרא סחבת מיקרופיי,הושי,,אקסטרא סחבת מיקרופייבר,לא מנהל יחידת מידה,0.00,לא מנהל יחידת מידה,false,1,11.70,0.0000,true,1,201630
7290100825419,false,אקסטרא נוזל לניקוי ח,פרימו,,אקסטרא נוזל לניקוי חלונות 950 מל,מיליליטרים,950.00,"100 מ""ל",false,1,6.90,0.7263,true,1,198634
7290100825693,false,כפפות לטקס 100 יחידו,טופ גלוב,,כפפות לטקס 100 יחידות S,מיליליטרים,750.00,"100 מ""ל",false,1,19.90,2.6533,true,1,201638
7290100828151,false,נייר לסנדוויץ 100 יח,מלן,,נייר לסנדוויץ 100 יחידות,Unknown,0.00,Unknown,false,1,8.90,0.0000,true,1,201654
7290100829622,true,מסיר לק בריח תות 295,DELON,,"מסיר לק בריח תות 295 מ""ל",מיליליטרים,295.00,"100 מ""ל",false,1,11.70,3.9661,true,1,201656
7290100850916,false,דוריטוס חמוץ חריף 70,"שטראוס פריטו ליי בע""",IL,דוריטוס חמוץ חריף 70 גר 48 יח,גרמים,70.00,100 גרם,false,1,3.90,5.5714,true,1,51052
7290100850923,false,דוריטוס גריל 70 גרם,שטראוס פריטו ליי  בע,IL,דוריטוס גריל 70 גר 48 יח,גרמים,70.00,100 גרם,false,1,3.90,5.5714,true,1,58833
7290100850930,false,דוריטוס טבעי 70 גרם,שטראוס פריטו ליי  בע,IL,דוריטוס טבעי 70 גר 48 יח,גרמים,70.00,100 גרם,false,1,3.90,5.5714,true,1,84258
7290100858592,false,אבקת קקאו עלית 150 ג,הנסיך- מפעל לייצור ט,IL,שקית קקאו 150גרם/20שק/150גר,גרמים,150.00,100 גרם,false,1,11.80,7.8667,true,1,131291
7290100858608,false,אבקת קקאו,שטראוס גרופ,,אבקת קקאו 500 גרם,גרמים,500.00,100 גרם,false,1,26.90,5.3800,true,1,131292
7290100924549,true,בריליאנט נוזל רצפה,"הנקל סוד בע""מ",ES,סוד מנקה רצפות לניחוח לאורך זמן,ליטרים,2.00,ליטר,false,1,18.90,9.4500,true,1,200865
7290100926154,false,אבקת כביסה סוד,מולינו ניקולי s.p.a,IL,"סוד אבקת כביסה לבגדים צבעוניים 2.5 ק""ג",קילוגרמים,2.50,"ק""ג",false,1,27.90,11.1600,true,1,178282
7290100928646,false,נוזל רצפות סוד בניחו,"הנקל סוד בע""מ",IL,נוזל רצפות סוד 2 ליטר ורוד,ליטרים,2.00,ליטר,false,1,18.90,9.4500,true,1,175022
7290101410256,false,מנגל שחור+רשת נירוסט,מרקט ואליו,,"מנגל שחור+רשת נירוסטה 43/28 ס""מ",יחידה,1.00,יחידה,false,1,59.90,59.9000,true,1,125133
7290101410522,false,מלקחיים מנגל לונג עץ,מרקט ואליו,,מלקחיים מנגל לונג עץ,Unknown,0.00,Unknown,false,1,30.00,0.0000,true,1,125136
7290101453871,false,נר מספר   0,סודי,,נר מספר   0,Unknown,0.00,Unknown,false,1,4.50,0.0000,true,1,194874
7290101453888,false,נר מספר  1,סודי,,נר מספר  1,Unknown,0.00,Unknown,false,1,4.50,0.0000,true,1,194875
7290101453895,false,נר מספר  2,סודי,,נר מספר  2,Unknown,0.00,Unknown,false,1,4.50,0.0000,true,1,194876
7290101453901,false,נר מספר  3,סודי,,נר מספר  3,Unknown,0.00,Unknown,false,1,4.50,0.0000,true,1,194877
7290101453918,false,נר מספר  4,סודי,,נר מספר  4,Unknown,0.00,Unknown,false,1,4.50,0.0000,true,1,194878
7290101453925,false,נר מספר     5,סודי,,נר מספר     5,Unknown,0.00,Unknown,false,1,4.50,0.0000,true,1,194879
7290101453932,false,נר מספר 6,סודי,,נר מספר 6,Unknown,0.00,Unknown,false,1,4.50,0.0000,true,1,194880
7290101453949,false,נר מספר  7,סודי,,נר מספר  7,Unknown,0.00,Unknown,false,1,4.50,0.0000,true,1,194881
7290101453956,false,נר מספר  8,סודי,,נר מספר  8,Unknown,0.00,Unknown,false,1,4.50,0.0000,true,1,194882
7290101453963,false,נר מספר  9,סודי,,נר מספר  9,Unknown,0.00,Unknown,false,1,4.50,0.0000,true,1,194883
7290101488316,false,דאו ליידי ספיד סטיק,הנסיך- מפעל לייצור ט,US,דאודורנט ליידי ספיד סטיק ללא סימן שאוור פרש 65 גרם,מיליליטרים,65.00,"100 מ""ל",false,1,19.90,30.6154,true,1,145824
7290101488323,false,ליידי ספיד סטיק ללא,הנסיך- מפעל לייצור ט,US,דאודורנט ליידי ספיד סטיק ללא סימן פאודר פרש 65 גרם,גרמים,65.00,100 גרם,false,1,19.90,30.6154,true,1,145825
7290101500025,false,בייבי מיקס - 300 ג,חקלאי,IL,בייבי מיקס - 300 ג,גרמים,300.00,100 גרם,false,1,13.90,4.6333,true,1,150052
7290101500551,false,סלרי אמריקאי ארוז,חקלאי,IL,סלרי אמריקאי ארוז,לא מנהל יחידת מידה,0.00,לא מנהל יחידת מידה,false,1,5.90,0.0000,true,1,217616
7290101500568,false,סלרי ראש ארוז,חקלאי,IL,סלרי ראש ארוז,לא מנהל יחידת מידה,0.00,לא מנהל יחידת מידה,false,1,5.90,0.0000,true,1,217617
7290101500926,false,תרד ארוז,חקלאי,IL,תרד ארוז,Unknown,0.00,Unknown,false,1,12.90,0.0000,true,1,150315
7290101501138,false,כרובית ארוזה יח,חקלאי,IL,כרובית ארוזה יח,קילוגרמים,1.50,"ק""ג",false,1,13.90,9.2667,true,1,210603
7290101501305,false,מלפפון טעם,חקלאי,IL,מלפפון טעם,גרמים,230.00,100 גרם,false,1,9.90,4.3043,true,1,222009
7290101501589,false,גינגר יחידה 200 גרם,יוליניבר,IL,גינגר,גרמים,200.00,100 גרם,false,1,10.90,5.4500,true,1,231904
7290101551027,false,קפסולות קפה אספרסו 1,פרח,IL,קפסולות 14 למכונות NESPRESSO,גרמים,50.00,100 גרם,false,1,16.90,33.8000,true,1,214695
7290101551263,false,סילאן טבעי יד מרדכי,"פוליבה בע""מ",IL,סילאן טבעי יד מרדכי 700 גרם,גרמים,700.00,100 גרם,false,1,21.90,3.1286,true,1,214122
7290101551300,false,סילאן לחיץ יד מרדכי,פוזימון,IL,סילאן טבעי לחיץ 380 גרם,גרמים,380.00,100 גרם,false,1,16.90,4.4474,true,1,214121
7290101864127,false,קליה אוקסי ספריי,רקיט בנקיזר,IL,"ספריי מסיר כתמים וניש קליה 750 מ""ל",מיליליטרים,750.00,"100 מ""ל",false,1,16.90,2.2533,true,1,151843
7290101865261,false,נוזל הברקה למדיח,פיניש,,"פיניש נוזל הברקה למדיח 800 מ""ל",מיליליטרים,800.00,"100 מ""ל",false,1,22.90,2.8625,true,1,181128
7290101866633,false,"ג""ל להסרת כתמים קליה",קליה,,"ג""ל להסרת כתמים קליה וניש 3 ליטר",ליטרים,3.00,ליטר,false,1,26.90,8.9667,true,1,172151
7290101866787,false,קליה וניש לכביסה לבנ,קליה,,"קליה וניש לכביסה לבנה ג""ל 3 לי",ליטרים,3.00,ליטר,false,1,26.90,8.9667,true,1,172790
7290101869702,true,גל למדיח,,,"פיניש AIO ג""ל 600 מל",מיליליטרים,600.00,"100 מ""ל",false,1,29.90,4.9833,true,1,198742
7290101980919,false,ביצי שוקולד מארז שלי,זאיני,,ביצי שוקולד מארז שלישייה 60 גרם,גרמים,60.00,100 גרם,false,1,12.90,21.5000,true,1,139494
7290101984412,false,זיקוק מספר,F.T.I,,זיקוק מספר,Unknown,0.00,Unknown,false,1,4.90,0.0000,true,1,188860
7290101985433,false,הפתעות לימי הולדת,NOVELTY,,הפתעות לימי הולדת,Unknown,0.00,Unknown,false,1,6.70,0.0000,true,1,184904
7290101986799,false,שושנת שוקולד חלב,יושלם,,שושנת שוקולד חלב,לא מנהל יחידת מידה,0.00,לא מנהל יחידת מידה,false,1,12.80,0.0000,true,1,193778
7290101987598,false,חרב בועות סבון דורה,סודי,,חרב בועות סבון דורה,Unknown,0.00,Unknown,false,1,9.90,0.0000,true,1,182205
7290101989073,false,ממתק גלי,יושלם,,ממתק גלי,לא מנהל יחידת מידה,0.00,לא מנהל יחידת מידה,false,1,9.80,0.0000,true,1,189791
7290101999638,false,נרות מטה כוכבים הלו,סודי,,נרות מטה כוכבים הלו קיטי,Unknown,0.00,Unknown,false,1,6.90,0.0000,true,1,195660
7290101999652,false,נרות מטה כוכבים מיקי,סודי,,נרות מטה כוכבים מיקי,Unknown,0.00,Unknown,false,1,6.90,0.0000,true,1,195661
7290102003853,false,נרות מטה כוכבים מיני,סודי,,נרות מטה כוכבים מיני,Unknown,0.00,Unknown,false,1,6.90,0.0000,true,1,195663
7290102030330,false,תפוציפס קראנץ מקסיקנ,"שטראוס פריטו ליי בע""",IL,תפו קראנצ מקסיקני 200 גר 12 יח - שמיטה,גרמים,200.00,100 גרם,false,1,9.90,4.9500,true,1,134900
7290102060764,false,מרידול מברשת שיניים,Colgate (Euro)-Palmo,,מרידול זוג מברשות שיניים עדין 2 יחידות,Unknown,0.00,Unknown,false,1,33.90,0.0000,true,1,145189
7290102060979,false,אלמקס100 מל .משפחה,יבואן ומשווק: ש. שסט,PL,אלמקס משחת שיניים להגנה מפני עששת  100 מל,מיליליטרים,100.00,"100 מ""ל",false,1,18.90,18.9000,true,1,141958
7290102300815,false,צדר כתום פרוס 200גרם,שבינגטון,GB,צדר כתום פרוס 200גרם,גרמים,200.00,100 גרם,false,1,29.90,14.9500,true,1,230732
7290102300822,false,גבינת צדר אנגלית כתו,יוליניבר,,גבינת צדר אנגלית כתומה 200 גרם נני,גרמים,200.00,100 גרם,false,1,24.90,12.4500,true,1,179380
7290102300860,false,גבינת צדר אנגלית 200,יוליניבר,,גבינת צדר אנגלית 200 גרם נני,גרמים,200.00,100 גרם,false,1,24.90,12.4500,true,1,180640
7290102302246,false,גבינת גאודה 200 גרם,מיוצר עי קונדיטוריית,NL,גבינת גאודה נני 200 גרם,גרמים,200.00,100 גרם,false,1,27.90,13.9500,true,1,208778
7290102302260,false,גבינה גרנה פדנה 200,הנסיך- מפעל לייצור ט,IT,גבינת גראנה פדנו 200 גרם,גרמים,200.00,100 גרם,false,1,32.90,16.4500,true,1,208756
7290102302840,false,גבינת גאודה עיזים פר,מיוצר עי קונדיטוריית,NL,גבינת גאודה עיזים פרוסה  של נני 150 גרם,גרמים,150.00,100 גרם,false,1,31.90,21.2667,true,1,219287
7290102302864,false,גאודה פסטו ירוק 200,הנרי ויליך,NL,גאודה פסטו ירוק 200 גרם,גרמים,200.00,100 גרם,false,1,34.90,17.4500,true,1,222929
7290102302888,false,גאודה כמון 200 גרם,מיוצר עי קונדיטוריית,NL,גאודה כמון 200 גרם,גרמים,200.00,100 גרם,false,1,33.90,16.9500,true,1,226847
7290102302994,false,גאיה בסגנון פטה במי,ZIEGLER,GR,גאיה גבינה טבעונית בסגנון פטה 200 גרם,גרמים,200.00,100 גרם,false,1,29.90,14.9500,true,1,227852
7290102390427,false,יוגורט מולר פרופ תות,טרה,,יוגורט מולר פרופ תות 150 גרם,גרמים,150.00,100 גרם,false,1,5.50,3.6667,true,1,139717
7290102390465,false,יוגורט מולר פרופ אפר,טרה,,יוגורט מולר פרופ אפרסק פסיפלורה 150 גרם,גרמים,150.00,100 גרם,false,1,5.50,3.6667,true,1,139720
7290102391844,false,יוגורט מולר פרופ פיר,טרה,,יוגורט מולר פרופ פירות יער 150 גרם,גרמים,150.00,100 גרם,false,1,5.50,3.6667,true,1,142092
7290102393039,false,יוגורט מולר מיקס פצפ,טרה,IL,יוגורט מולר מיקס פצפוצי שוקולד 170 גרם,גרמים,170.00,100 גרם,false,1,6.50,3.8235,true,1,158369
7290102393060,false,יוגורט קרם אגוזים מו,טרה,IL,Muller mix גליליות קרם אגוזים,גרמים,170.00,100 גרם,false,1,6.50,3.8235,true,1,158370
7290102393299,false,יוגורט עיזים לשתיה 5,מיוצר עי קוד יצרן HG,IL,יוגורט עיזים לשתייה 3% שומן - 500 גרם,מיליליטרים,500.00,"100 מ""ל",false,1,13.90,2.7800,true,1,161438
7290102393848,false,יוגורט עיזים תות 150,טרה,IL,יוגורט עיזים עם תות,גרמים,150.00,100 גרם,false,1,6.90,4.6000,true,1,167705
7290102393855,false,יוגורט עיזים אפרסק 1,מחלבת משק צוריאל,,יוגורט עיזים אפרסק 150 גרם צוריאל,גרמים,150.00,100 גרם,false,1,6.90,4.6000,true,1,167706
7290102394081,false,יוגורט קורנפלקס מולר,מילקו תעשייה בעמ,IL,Muller mix קורנפלקס מצופה,גרמים,170.00,100 גרם,false,1,6.50,3.8235,true,1,168699
7290102394845,false,גבינה צהובה דק דק 9%,מילקו תעשיות בעמ,IL,גבנצ 9% דק דק 200 ג',גרמים,200.00,100 גרם,false,1,16.90,8.4500,true,1,174885
7290102395378,false,גבינה צהובה 28% נעם,טרה,IL,צהובה נעם 28% ואקום 360 פרוס,גרמים,360.00,100 גרם,false,1,22.50,6.2500,true,1,180352
7290102397204,false,גבינה צהובה דק דק 22,מילקו תעשיות בעמ,IL,גבנצ 22% דק דק 200 ג',גרמים,200.00,100 גרם,false,1,17.90,8.9500,true,1,200456
7290102397600,false,מולר מיקס שקדים ובוט,מילקו תעשייה בעמ,IL,Muller mix שקדים ובוטנים בקרמל,גרמים,168.00,100 גרם,false,1,6.50,3.8690,true,1,202848
7290102397730,false,גבינת אמנטל נעם פתיח,טרה,IL,טרה נועם אמנטל פרוסות גבינה חצי קשה 30% 200 גרם,גרמים,200.00,100 גרם,false,1,18.90,9.4500,true,1,205107
7290102397747,false,גבינה מוצרלה נעם רכי,טרה,IL,"מוצרלה נעם 22% שומן, 200 גרם",גרמים,200.00,100 גרם,false,1,20.90,10.4500,true,1,207086
7290102398065,false,חלב 2 3% ליטר קרטון,טרה,IL,טרה חלב בקרטון 2 ליטר 3% שומן,ליטרים,2.00,ליטר,false,1,12.46,6.2300,true,1,205732
7290102398072,false,חלב 3% קרטון מהדרין,טרה,IL,חלב בקרטון 1 ליטר 3% שומן,ליטרים,1.00,ליטר,false,1,6.23,6.2300,true,1,205731
7290102399048,false,קשקבל נעם פתיחה חוזר,טרה,IL,קשקבל נעם פתיחה חוזרת - 200 גרם,גרמים,200.00,100 גרם,false,1,26.90,13.4500,true,1,215470
7290102399635,false,מולר פרופ קוקוס ואננ,טרה,IL,מולר פרופ TROPICAL קוקוס ואננס 3.9% שומן,גרמים,150.00,100 גרם,false,1,5.50,3.6667,true,1,219454
7290102399796,false,מולר אקטיב יוגורט25,טרה,IL,Muller Active יוגורט BIO מועשר חלבון,גרמים,200.00,100 גרם,false,1,6.50,3.2500,true,1,219450
7290102399802,false,מולר אקטיב יוגורט25,טרה,IL,Muller Active יוגורט תות מועשר חלבון 20 גרם,גרמים,200.00,100 גרם,false,1,6.50,3.2500,true,1,219453
7290103121600,false,ספיד סטיק דאו.ספריי-,קולגייט פלמוליב,RU,ספיד סטיק 24/7 דואדורנט ספריי קול פיוז'ן,מיליליטרים,165.00,"100 מ""ל",false,1,19.90,12.0606,true,1,216502
7290103124601,false,פלמוליב סבון נוזלי ח,הנסיך- מפעל לייצור ט,TR,"פלמוליב סבון נוזלי חלב ודבש 750 מ""ל",מיליליטרים,750.00,"100 מ""ל",false,1,21.90,2.9200,true,1,188572
7290103126797,false,מש.שיניים פרו רליף,הנסיך- מפעל לייצור ט,BR,משחת שיניים סנסטיב פרו ריליף קולגייט 75 מל,מיליליטרים,75.00,"100 מ""ל",false,1,25.90,34.5333,true,1,165946
7290103128739,false,צמרונים קופסא בייבי,הנסיך- מפעל לייצור ט,GR,בייבי בלונס מקלוני כותנה לתינוק 50 יח',מיליליטרים,0.00,"100 מ""ל",false,1,6.80,0.0000,true,1,176068
7290103129378,false,ספיד סטיק דאו X5 גל,הנסיך- מפעל לייצור ט,US,דאודורנט גל ספיד סטיק X5 85 גרם,גרמים,0.00,100 גרם,false,1,21.90,0.0000,true,1,178944
7290103401429,false,קפה פלטינום קצב ברזי,פרח,IL,פלטינום ברזילאי 200 גרם,גרמים,200.00,100 גרם,false,1,27.90,13.9500,true,1,149610
7290103404758,false,סלט כרוב אדום יום יו,מיוצר עי קונדיטוריית,IL,כרוב 120,גרמים,120.00,100 גרם,false,1,5.50,4.5833,true,1,147228
7290103681173,false,"יין קברנה 750 מ""ל סד",מיוצר על ידי יקב תבו,IL,הר קברנה סוביניון יין אדום יבש 2016 מל,מיליליטרים,750.00,"100 מ""ל",false,1,46.90,6.2533,true,1,214360
7290103681180,false,"יין מרלו 750 מ""ל סדר",מיוצר על ידי יקב תבו,IL,הר מרלו 750 מל,מיליליטרים,750.00,"100 מ""ל",false,1,46.90,6.2533,true,1,214359
7290103681197,false,יין תבור סדרת הר שיר,מיוצר על ידי יקב תבו,IL,"יין שיראז  750 מ""ל סדרת הר",מיליליטרים,750.00,"100 מ""ל",false,1,46.90,6.2533,true,1,214358
7290103681210,false,"יין שרדונה 750 מ""ל ס",מיוצר על ידי יקב תבו,IL,תבור הר שרדונה 750 מל,מיליליטרים,750.00,"100 מ""ל",false,1,46.90,6.2533,true,1,214357
7290103681227,false,יין גוורצטרמינר חצי,מיוצר על ידי יקב תבו,IL,"יין גוורצטרמינר חצי מתוק 750 מ""ל סדרת הר",מיליליטרים,750.00,"100 מ""ל",false,1,46.90,6.2533,true,1,214361
7290103681241,false,"הר מוסקטו  750 מ""ל",תבור,IL,"תבור הר מוסקטו  750 מ""ל",מיליליטרים,750.00,"100 מ""ל",false,1,46.90,6.2533,true,1,216018
7290103681371,false,"יין מרלו 750 מ""ל סדר",מיוצר על ידי יקב תבו,IL,"יין מרלו 750 מ""ל סדרת תבור",מיליליטרים,750.00,"100 מ""ל",false,1,59.90,7.9867,true,1,214356
7290103702236,false,מפות שולחן עבות במיו,"שניב תעשיות נייר בע""",,מפות שולחן עבות במיוחד טאצ שישייה,לא מנהל יחידת מידה,0.00,לא מנהל יחידת מידה,false,1,10.90,0.0000,true,1,198564
7290104061431,false,סלט חומוס וצנובר,"שטראוס גרופ בע""מ",IL,סלט חומוס וצנובר 400 גרם,גרמים,400.00,100 גרם,false,1,12.20,3.0500,true,1,154363
7290104260940,false,שלישיית כובעי ניילון,,,שלישיית כובעי ניילון,יחידה,1.00,יחידה,false,1,14.90,14.9000,true,1,229326
7290104501661,false,פודינג אינסטנט וניל,מיוצר עי קונדיטוריית,IL,אסם פודינג בטעם וניל צרפתי 12*80גרם,גרמים,80.00,100 גרם,false,1,5.90,7.3750,true,1,163703
7290104504228,false,מיני דובונים מארז,"אסם השקעות בע""מ",IL,מארז מיני דובונים 20X5 גרם,גרמים,100.00,100 גרם,false,1,13.90,13.9000,true,1,170432
7290104508189,false,גביעי גלידה,בטר אנד דיפרנט,IL,אסם 24 גביעי גלידה ממותקים 12*95גרם,Unknown,0.00,Unknown,false,1,12.90,0.0000,true,1,170437
7290104508202,false,גביעי גלידה 24 יח 12,"גילרו בע""מ",IL,אסם 24 גביעי גלידה אמריקאים 12*120גרם,גרמים,120.00,100 גרם,false,1,13.90,11.5833,true,1,169614
7290104508943,false,במבה קלאסי 200 גרם,"אסם השקעות בע""מ",IL,במבה קלאסי 200 גרם,גרמים,200.00,100 גרם,false,1,9.90,4.9500,true,1,172704
7290104570513,false,"תמר מג""הול 1 ק""ג",חקלאי,IL,"תמר מג""הול 1 ק""ג",קילוגרמים,1.00,"ק""ג",false,1,14.90,14.9000,true,1,233006
7290104722530,false,תפוציפס שמנת בצל200,"שטראוס פריטו ליי בע""",IL,תפו שמנת בצל 200 גר 12 יח - שמיטה,גרמים,200.00,100 גרם,false,1,9.90,4.9500,true,1,162563
7290104728310,false,שמנת עמידה לקצפת 38%,מחלבת יטבתה,IL,שמנת להקצפה 38% מהדרין,מיליליטרים,250.00,"100 מ""ל",false,1,6.47,2.5880,true,1,168296
7290104729003,false,שמן זית כתית מעולה י,תות תעשיות מזון (201,IL,שמן זית כתית מעולה יד מרדכי,מיליליטרים,750.00,"100 מ""ל",false,1,34.90,4.6533,true,1,213284
7290104961205,false,תחליב רחצה מגע קטיפה,ג'נרל מילס סאן אדריא,IL,"נקה 7 תחליב רחצה מלפפון וליים 750 מ""ל",מיליליטרים,750.00,"100 מ""ל",false,1,11.90,1.5867,true,1,173296
7290104961243,false,תחליב רחצה מגע קטיפה,ג'נרל מילס סאן אדריא,IL,"נקה 7 תחליב רחצה קוקוס ויסמין 750 מ""ל",מיליליטרים,750.00,"100 מ""ל",false,1,11.90,1.5867,true,1,173298
7290104961250,false,תחליב רחצה מגע קטיפה,ג'נרל מילס סאן אדריא,IL,"נקה 7 תחליב רחצה וניל ומאסק 750 מ""ל",מיליליטרים,750.00,"100 מ""ל",false,1,11.90,1.5867,true,1,173299
7290104961403,false,קרם פנים ילדים SPF 5,אמיליה קוסמטיקס,,קרם פנים ילדים SPF 50 סקין גארד,מיליליטרים,60.00,"100 מ""ל",false,1,39.90,66.5000,true,1,175341
7290104961878,false,קרטין אינטנס שמפו,טרופיקל דגיל תעשיות,IL,קרטין אינטנס- שמפו לשיער,מיליליטרים,400.00,"100 מ""ל",false,1,29.90,7.4750,true,1,180006
7290104963001,true,סופטקר מגבונים עדין,מיוצר עי טרופיקל דגי,IL,"סופט קייר מגבונים לחים בניחוח עדין, 4 יחידות במארז",יחידה,1.00,יחידה,false,1,19.90,19.9000,true,1,202772
7290104963018,true,סופטקר מגבונים ללא ב,מיוצר עי טרופיקל דגי,IL,סופטקר מגבונים לחים ללא בישום,Unknown,0.00,Unknown,false,1,19.90,0.0000,true,1,202773
7290104964015,false,סקין גארד סטיק הגנה,מיוצר עי : אמיליה קו,US,סקין גארד סטיק הגנה לפנים 50 מל,מיליליטרים,50.00,"100 מ""ל",false,1,41.90,83.8000,true,1,204520
7290104964022,false,סקין גארד בוב ספוג 3,מיוצר עי : אמיליה קו,IL,סקין גארד בוב ספוג 300מל,מיליליטרים,300.00,"100 מ""ל",false,1,44.90,14.9667,true,1,203756
7290104964664,false,סקינגארד ניחוח קוקוס,מולינו ניקולי s.p.a,IL,סקינגארד ניחוח קוקוס  30SPF,מיליליטרים,200.00,"100 מ""ל",false,1,35.90,17.9500,true,1,215100
7290104964701,false,סקינגארד קרם פנים לג,מולינו ניקולי s.p.a,IL,סקין גארד קרם הגנה לגולשים SPF50,מיליליטרים,60.00,"100 מ""ל",false,1,39.90,66.5000,true,1,215098
7290105360328,false,קפסולות קפה אספרסו 1,הנסיך- מפעל לייצור ט,IL,קפסולות 10 למכונות NESPRESSO,גרמים,50.00,100 גרם,false,1,16.90,33.8000,true,1,181231
7290105362339,false,שמנת לבישול     15%,,IL,שמנת לבישול 15% מהדרין- ח,מיליליטרים,250.00,"100 מ""ל",false,1,8.60,3.4400,true,1,175352
7290105363602,false,מקלות כיף כף קלאסי,"איי, בי, אינבוו",TR,כיף כף מקלות קלאסי,גרמים,40.00,100 גרם,false,1,5.90,14.7500,true,1,179197
7290105364289,false,מקלות כיף כף פצפוצים,"איי, בי, אינבוו",TR,כיף כף מקלות פצפוצים,גרמים,40.00,100 גרם,false,1,5.90,14.7500,true,1,179198
7290105364302,false,מקלות כיף כף אגוזים,"איי, בי, אינבוו",TR,כיף כף מקלות אגוזים,גרמים,40.00,100 גרם,false,1,5.90,14.7500,true,1,179199
7290105366993,false,גבינת סימפוניה פלפל,"שטראוס בריאות בע""מ",IL,סימפוניה פילפל שיפקה חריף,גרמים,200.00,100 גרם,false,1,11.90,5.9500,true,1,186903
7290105368331,false,מילקי תות 133 גרם,"ב.א מזון בע""מ",IL,מילקי בטעם תות,גרמים,133.00,100 גרם,false,1,3.00,2.2556,true,1,175893
7290105430458,false,פלמוליב סבון נוזלי,הנסיך- מפעל לייצור ט,TR,"פלמוליב נטורלס תחליב רחצה חלב שקדים,  750 מל",מיליליטרים,750.00,"100 מ""ל",false,1,21.90,2.9200,true,1,181685
7290105431516,false,מאגדת חטיף תמרים,"כד בני דרום בע""מ",IL,"FREE חטיף תמרים ובוטנים, 5 חטיפים, 125 גרם",גרמים,125.00,100 גרם,false,1,16.90,13.5200,true,1,181687
7290105431868,false,פלמוליב ספא קוקוס 50,הנסיך- מפעל לייצור ט,TR,500 מל סבון נוזלי פלמוליב חלב קוקוס,מיליליטרים,500.00,"100 מ""ל",false,1,19.90,3.9800,true,1,186871
7290105439581,false,חרדל דיזיון צרפתי מא,סאם קווינור,FR,חרדל דיזיון צרפתי מאסטר שף 370 גרם,גרמים,370.00,100 גרם,false,1,11.90,3.2162,true,1,201974
7290105439598,false,חרדל דיזיון גרגרים מ,סאם קווינור,FR,חרדל דיזיון גרגרים מאסטר שף 370 גרם,גרמים,370.00,100 גרם,false,1,11.90,3.2162,true,1,201975
7290105691224,false,טורטייה שום בצל 60 ג,,IL,אסם חטיפי פריכונים טורטיה שום בצל 12*60ג,גרמים,60.00,100 גרם,false,1,7.90,13.1667,true,1,172805
7290105691248,false,טורטייה תירס 60 גרם,,IL,אסם חטיפי פריכונים טורטיה תירס 12*60גרם,גרמים,60.00,100 גרם,false,1,7.90,13.1667,true,1,172806
7290105691712,false,עוגיות הפסקת קפה,היינץ צפון אמריקה מק,IL,עוגיות הפסקת קפה דגנים מלאים          2,גרמים,230.00,100 גרם,false,1,11.90,5.1739,true,1,175576
7290105691934,false,"קמח שמרים 1 ק""ג",תאי פרזידנט פוד פאבל,IL,"קמח שמרים 1 ק""ג אסם",קילוגרמים,1.00,"ק""ג",false,1,10.80,10.8000,true,1,178726
7290105693341,false,מארז במבה 25*10 גרם,"אסם השקעות בע""מ",IL,מארז במבה 25*10 גרם,גרמים,250.00,100 גרם,false,1,15.90,6.3600,true,1,187126
7290105693457,false,עוגת הבית דמקה שוקו,מיוצר עי קונדיטוריית,IL,הבית עוגת דמקה שוקו וניל 8*320גרם,גרמים,320.00,100 גרם,false,1,15.90,4.9688,true,1,175361
7290105693952,false,פירורית זהב שומשום 2,מיוצר עי קונדיטוריית,IL,פירורית זהב שומשום 200 גרם,גרמים,200.00,100 גרם,false,1,6.90,3.4500,true,1,175362
7290105695895,false,עוגת הבית דמקה דבש 3,"אסם השקעות בע""מ",IL,הבית עוגת דמקה דבש 8*320גרם,גרמים,320.00,100 גרם,false,1,14.90,4.6563,true,1,176787
7290105962980,false,כרוב אדום 400 גרם,מיוצר עי קונדיטוריית,IL,כרוב אדום 400,גרמים,400.00,100 גרם,false,1,10.90,2.7250,true,1,200694
7290105962997,false,חציל במיונז 400 גרם,"שטראוס גרופ בע""מ",IL,חציל במיונז 400 גרם,גרמים,400.00,100 גרם,false,1,10.90,2.7250,true,1,200693
7290105963000,false,מטבוחה  400 גרם,מיוצר עי קונדיטוריית,IL,מטבוחה 400,גרמים,400.00,100 גרם,false,1,10.90,2.7250,true,1,200689
7290105963864,false,חזרת אחלה  220 גרם,"שטראוס גרופ בע""מ",IL,חזרת אחלה  220 גרם,גרמים,220.00,100 גרם,false,1,12.90,5.8636,true,1,177843
7290105964564,false,סלט חומוס אחלה 400 ג,מיוצר עי קונדיטוריית,IL,סלט חומוס אחלה 400 גרם,גרמים,400.00,100 גרם,false,1,8.90,2.2250,true,1,201842
7290105965738,false,משקה יוגורט דנונה תו,מיוצר עי קונדיטוריית,IL,דנונה לשתיה תות בננה 267גר',מיליליטרים,267.00,"100 מ""ל",false,1,5.30,1.9850,true,1,188767
7290105966469,false,חומץ בלסמי יד מרדכי,"אינסטנטה בע""מ",IT,חומץ בלסמי יד מרדכי,מיליליטרים,250.00,"100 מ""ל",false,1,15.90,6.3600,true,1,181532
7290105968654,false,רביולי בטטה פרווה 40,מיוצר עי קונדיטוריית,IL,רביולי בטטה פרווה 400 EAT GOOD,גרמים,400.00,100 גרם,false,1,19.90,4.9750,true,1,177901
7290106261983,false,טלק בשקית 100 גרם,שוורץ,,טלק בשקית 100 גרם,Unknown,0.00,Unknown,false,1,5.70,0.0000,true,1,201670
7290106262126,false,מברשת שיער צבעונית מ,נינגבו פיאנאי,,מברשת שיער צבעונית מלבן בינוני,לא מנהל יחידת מידה,0.00,לא מנהל יחידת מידה,false,1,12.90,0.0000,true,1,201672
7290106263185,false,אל סבון נוזלי לבנדר,פרימו,,אל סבון נוזלי לבנדר 1 ליטר,ליטרים,1.00,ליטר,false,1,12.90,12.9000,true,1,200928
7290106263215,false,אל סבון נוזלי תפוח 1,פרימו,,אל סבון נוזלי תפוח 1 ליטר,ליטרים,1.00,ליטר,false,1,12.90,12.9000,true,1,200929
7290106264137,false,מי פה פארמה קאר טוטל,בוני קאט,,"מי פה פארמה קאר טוטל 500 מ""ל",מיליליטרים,500.00,"100 מ""ל",false,1,15.90,3.1800,true,1,201642
7290106264595,false,מגבונים לחים קלאסיק,טרופיקל דגיל,,מגבונים לחים קלאסיק בודד  72 יח,יחידה,1.00,יחידה,false,1,3.80,3.8000,true,1,202708
7290106520066,false,רבע לשבע אגוזים  160,הגביע מוצרי וופלים ב,IL,רבע לשבע (ירוק) 160 גר',גרמים,160.00,100 גרם,false,1,12.90,8.0625,true,1,179590
7290106521049,false,קוביות סלק 400,מיוצר עי קונדיטוריית,IL,קוביות סלק 400,גרמים,400.00,100 גרם,false,1,15.90,3.9750,true,1,185822
7290106524439,false,תפוציפס פופס 60 גרם,"שטראוס פריטו ליי בע""",IL,תפו פופס 60 גר 40 יח,גרמים,60.00,100 גרם,false,1,3.90,6.5000,true,1,206935
7290106526822,false,פריכיות אנרגי תחתית,"שטראוס גרופ בע""מ",IL,פריכיות אנרגי תחתית שוקולד 80 גרם,גרמים,80.00,100 גרם,false,1,8.80,11.0000,true,1,187127
7290106527386,false,פריכיות מצופות שוקול,"שטראוס גרופ בע""מ",IL,פריכיות מצופות שוקולד חלב 70 גרם,גרמים,70.00,100 גרם,false,1,8.80,12.5714,true,1,187129
7290106528567,false,דוריטוס גריל 185 גרם,הנסיך- מפעל לייצור ט,IL,דוריטוס גריל 185 גר 12 יח,גרמים,185.00,100 גרם,false,1,8.00,4.3243,true,1,202340
7290106570023,false,בייגלה שטוחים שומשום,"אסם השקעות בע""מ",IL,בייגלה שטוחים שומשום ללא גלוטן 250 גרם,גרמים,250.00,100 גרם,false,1,14.90,5.9600,true,1,180809
7290106570177,false,בייגלה שטוחים מלח לל,"אסם השקעות בע""מ",IL,בייגלה שטוחים מלח ללא גלוטן 250 גרם,גרמים,250.00,100 גרם,false,1,15.90,6.3600,true,1,180810
7290106571921,false,עוגיות בטעם חמוציות,מיוצר עי קונדיטוריית,IL,פיטנס עוגיות חמוציות 12*180גרם,גרמים,180.00,100 גרם,false,1,12.80,7.1111,true,1,189731
7290106572027,false,לחמית חמישה דגנים,"אסם השקעות בע""מ",IL,לחמית חמישה דגנים 12*190גרם,גרמים,190.00,100 גרם,false,1,10.90,5.7368,true,1,179535
7290106572065,false,חטיפי טורטיה תירס,,IL,אסם חטיפי פרכ.טורטיה תר.חמוץ מתוק 12*60ג,גרמים,60.00,100 גרם,false,1,7.90,13.1667,true,1,179480
7290106572997,false,קמח שמרים לפיצה,,IL,"קמח שמרים לפיצה 1 ק""ג אסם",קילוגרמים,1.00,"ק""ג",false,1,9.90,9.9000,true,1,181623
7290106573277,false,קריספי טאפאס,מיוצר עי קונדיטוריית,IL,אסם קריספי טאפאס זיתים 8*150גרם,גרמים,150.00,100 גרם,false,1,12.90,8.6000,true,1,186264
7290106574120,false,שלגון גומיגם,המאפיה של הרמן,IL,גומיגם קרחון שרבט עם סוכריות בפנים42*90ג,גרמים,90.00,100 גרם,false,1,7.00,7.7778,true,1,187509
7290106574953,false,בייגלה שטוחים עם שומ,,IL,אסם בייגלה שטוחים שומשום 9*300גרם,גרמים,300.00,100 גרם,false,1,11.90,3.9667,true,1,184667
7290106574977,false,בייגלה שטוחים עם מלח,מיוצר עי קונדיטוריית,IL,אסם בייגלה שטוחים עם מלח 9*300גרם,גרמים,300.00,100 גרם,false,1,11.90,3.9667,true,1,184668
7290106575431,false,עוגת הבית סופלה,מיוצר עי קונדיטוריית,IL,הבית עוגת סופלה בטעם שוקו וניל 8*340גרם,גרמים,340.00,100 גרם,false,1,15.90,4.6765,true,1,185831
7290106576797,false,גלידה לה קרמריה וניל,תות תעשיות מזון (201,IL,לה קרמריה וניל איטלקי בדצ 6*1.4ליטר,ליטרים,1.40,ליטר,false,1,21.90,15.6429,true,1,187517
7290106576810,false,גלידה לה קרמריה ריבת,המאפיה של הרמן,IL,לה קרמריה ריבת חלב חתס.כלפ.6*1.4ל,ליטרים,1.40,ליטר,false,1,21.90,15.6429,true,1,187518
7290106576919,false,גלידה לה קרמריה סורב,המאפיה של הרמן,IL,גלידה לה קרמריה סורבה תות 1.4 ליטר,ליטרים,1.40,ליטר,false,1,21.90,15.6429,true,1,187528
7290106576957,false,גלידה לה קרמריה שוקו,תות תעשיות מזון (201,IL,לה קרמריה שוקו וניל פליק פרווה בדצ6*1.4ל,לא מנהל יחידת מידה,0.00,לא מנהל יחידת מידה,false,1,21.90,0.0000,true,1,187529
7290106576971,false,גלידה לה קרמריה שוקו,תות תעשיות מזון (201,IL,לה קרמריה גלידת שוקולד 6*1.4ל,ליטרים,1.40,ליטר,false,1,21.90,15.6429,true,1,187519
7290106576995,false,גלידה לה קרמריה תות,המאפיה של הרמן,IL,לה קרמריה סורבה לייט תות מנגו 6*1.4ליטר,ליטרים,1.40,ליטר,false,1,21.90,15.6429,true,1,187526
7290106577039,false,גלידה לה קרמריה שוקו,תות תעשיות מזון (201,IL,לה קרמריה שוקו וניל פליק חלבי בדצ 6*1.4ל,לא מנהל יחידת מידה,0.00,לא מנהל יחידת מידה,false,1,21.90,0.0000,true,1,187521
7290106577541,false,כרוב אדום צבר 400 גר,לחמנו,IL,צבר כרוב אדום מרובע 6*400גרם,גרמים,400.00,100 גרם,false,1,13.60,3.4000,true,1,186259
7290106578692,false,במבה ביסלי מיקס 80 ג,אסם,IL,במבה ביסלי מיקס 36*80גרם,גרמים,80.00,100 גרם,false,1,5.90,7.3750,true,1,189211
7290106653504,false,בוטנים אמריקאים סבבה,"שטראוס פריטו ליי בע""",IL,בוטנים אמריקאים סבבה בטעם ברביקיו 50 גרם,גרמים,50.00,100 גרם,false,1,2.90,5.8000,true,1,186738
7290106662025,false,תפוציפס מלח פלפל 50,"שטראוס פריטו ליי בע""",IL,תפו מלח פלפל 50 גר 48 יח - שמיטה,גרמים,50.00,100 גרם,false,1,3.90,7.8000,true,1,204458
7290106663091,false,גבינת לאבנה 9% 500 ג,הדקלאים אגודת שיתופי,IL,לאבנה 9% 500 גרם,גרמים,500.00,100 גרם,false,1,17.90,3.5800,true,1,201122
7290106663121,false,עוגת מילקי CAKE אישי,בובארד איטליה אס.פי.,IT,עוגת מילקי CAKE אישית 34 גרם,גרמים,34.00,100 גרם,false,1,3.90,11.4706,true,1,199291
7290106663503,false,קונפיטורה לייט תות ש,אף.סי תבליני בגליל ב,IL,קונפיטורת תות שדה לייט,גרמים,230.00,100 גרם,false,1,15.70,6.8261,true,1,193406
7290106664067,false,גבינת לאבנה 10% שמן,הדקלאים אגודת שיתופי,IL,לאבנה שמן זית וזעתר 10% שומן,גרמים,400.00,100 גרם,false,1,17.90,4.4750,true,1,201121
7290106667266,false,דוריטוס חמוץ חריף 18,הנסיך- מפעל לייצור ט,IL,דוריטוס חמוץ חריף 185 גרם,גרמים,185.00,100 גרם,false,1,8.00,4.3243,true,1,202338
7290106668577,false,מיץ לימון טבעי יד מר,האי נאם סי או אל.טי.,IT,"מיץ לימון טבעי 250 מ""ל",מיליליטרים,250.00,"100 מ""ל",false,1,8.90,3.5600,true,1,198824
7290106720626,false,חטיף ציטוס גבינה 80,"שטראוס פריטו ליי בע""",IL,ציטוס גבינה 80 גר 48 יח רבנות,גרמים,80.00,100 גרם,false,1,4.90,6.1250,true,1,204773
7290106721913,false,מסטיק מאסט ריח פה צי,"שטראוס גרופ בע""מ",IL,"צנצנת מאסט מנטה מרעננת לל""ס 66 גרם",גרמים,66.00,100 גרם,false,1,9.90,15.0000,true,1,198805
7290106724419,false,עוגיות חיוכים וניל0,תות תעשיות מזון (201,IL,חיוכים וניל 150 בדצ,גרמים,150.00,100 גרם,false,1,5.90,3.9333,true,1,196275
7290106727984,false,כיף כף פצפצים 135 גר,שולן צ'יקולטה גידה ס,TR,גביע פצפצים 135 ג' 2016,גרמים,135.00,100 גרם,false,1,13.90,10.2963,true,1,203259
7290107280020,false,שלישיה מטליות לחות ל,טרופיקל דגיל- תעשיות,IL,שלישיה מטליות לחות לניקוי כללי,לא מנהל יחידת מידה,0.00,לא מנהל יחידת מידה,false,1,25.60,0.0000,true,1,183921
7290107280099,false,מגבוני נייר טואלט,טרופיקל דגיל תעשיות,IL,"סנו סופט מגבוני טואלט לחים, מארז שלישייה",Unknown,0.00,Unknown,false,1,19.90,0.0000,true,1,190742
7290107280341,false,ריצפז מטליות לחות לר,טרופיקל דגיל תעשיות,IL,ריצפז מטליות לחות מלון מפנק,יחידה,1.00,יחידה,false,1,14.90,14.9000,true,1,218252
7290107280549,false,משמיד זבובים ויתושים,"איי, בי, אינבוו",IL,K400,מיליליטרים,300.00,"100 מ""ל",false,1,12.90,4.3000,true,1,196131
7290107280563,false,גל כביסה בייבי    3,"איי, בי, אינבוו",IL,אוקסיג'ן ביי,ליטרים,3.00,ליטר,false,1,34.60,11.5333,true,1,193034
7290107280570,false,גל כביסה מקסימה,מיוצר עי קונדיטוריית,IL,ג'ל כביסה 3 ל' MIX&WASH לכביסה צבעונית,ליטרים,3.00,ליטר,false,1,29.90,9.9667,true,1,193035
7290107280655,false,א.כביסה מקסימה בייבי,הורביץ סחר,IL,אבקת כביסה מרוכזת,קילוגרמים,3.25,"ק""ג",false,1,32.90,10.1231,true,1,194802
7290107280709,false,נוזל להברקה 700 מל,,IL,נוזל להברקה 700 מל                SPARK,מיליליטרים,900.00,"100 מ""ל",false,1,16.90,1.8778,true,1,195438
7290107280716,true,מלח למדיח,HIQ FOOD PRODUCTS,IL,סנו ספארק מלח למדיח 2 קג,קילוגרמים,2.00,"ק""ג",false,1,12.90,6.4500,true,1,198643
7290107280723,false,נוזל כלים ספארק לימו,לחמנו,IL,סנו ספארק נוזל לניקוי כלים בניחוח לימון רענן,מיליליטרים,700.00,"100 מ""ל",false,1,9.90,1.4143,true,1,194573
7290107280730,false,נ .כלים ספארק לבנדר,מיוצר עי קונדיטוריית,IL,סנו נוזל לניקוי כלים בניחוח לבנדר עדין 700 מל,מיליליטרים,700.00,"100 מ""ל",false,1,9.90,1.4143,true,1,194574
7290107280747,false,נ .כלים ספארק קלאסי,לחמנו,IL,סנו ספארק נוזל לניקוי כלים קלאסי,מיליליטרים,700.00,"100 מ""ל",false,1,9.90,1.4143,true,1,194575
7290107280754,false,נוזל כלים ספארק שקד,סנו,,נוזל כלים ספארק שקד 700 מל,מיליליטרים,700.00,"100 מ""ל",false,1,9.90,1.4143,true,1,194576
7290107280761,false,נוזל כלים לימון,מיוצר עי קונדיטוריית,IL,ספארק משאבה לימון 1ל,ליטרים,1.00,ליטר,false,1,11.90,11.9000,true,1,194786
7290107340588,false,מטען בית אייפון מאוש,,,מטען בית אייפון מאושר אפל 3.4A  שחור,מטרים,1.50,מטר,false,1,129.00,86.0000,true,1,213088
7290107600897,false,כובע  ריב לבנים,אודס,,כובע  ריב לבנים,Unknown,0.00,Unknown,false,1,16.90,0.0000,true,1,191954
7290107601382,false,צעיף פסים רחבים ילדי,אודס,,צעיף פסים רחבים ילדים,לא מנהל יחידת מידה,0.00,לא מנהל יחידת מידה,false,1,19.90,0.0000,true,1,192474
7290107602099,false,כובע סרוג צבעים,אודס,,כובע סרוג צבעים,יחידה,1.00,יחידה,false,1,24.90,24.9000,true,1,191948
7290107645591,false,מרק טעם עוף קנור רכי,יוניליוור ישראל מזון,IL,קנור מרק טעם עוף 100% רכיבים טבעיים 400 גרם,גרמים,400.00,100 גרם,false,1,16.90,4.2250,true,1,208496
7290107646062,false,מרק בצל קנור רכיבים,יוניליוור ישראל מזון,IL,מרק בצל,גרמים,400.00,100 גרם,false,1,21.90,5.4750,true,1,208495
7290107646147,false,חטיף שוגי קורנפלקס ש,יוניליוור ישראל מזון,IL,"שוגי חטיף פתיתי תירס קלויים, 156 גרם",גרמים,156.00,100 גרם,false,1,15.90,10.1923,true,1,208513
7290107646383,false,מטליות לחות לניקוי ר,עלבד משואות יצחק בעמ,IL,מטליות לחות לניקוי רצפה לימון סיף,גרמים,676.00,100 גרם,false,1,13.90,2.0562,true,1,205659
7290107646826,false,חטיף שוגי שוקו שישיי,יוניליוור ישראל מזון,IL,"שוגי חטיף פתיתי תירס קלויים בטעם שוקולד, 156 גרם",גרמים,156.00,100 גרם,false,1,15.90,10.1923,true,1,208515
7290107646833,false,חטיף שוגי שוקולד לבן,יוניליוור ישראל מזון,IL,חטיף שוגי שוקולד לבן וחלב שישייה 138 גרם,גרמים,138.00,100 גרם,false,1,15.90,11.5217,true,1,208516
7290107647342,false,סבון אסלה בניחוח ליי,יוניליוור פולין,PL,סבון אסלה בניחוח ליים דומסטוס,גרמים,0.00,100 גרם,false,1,9.90,0.0000,true,1,207602
7290107647632,false,קורנטו כשלפ וניל,יוניליוור,IL,קורנטו כשלפ וניל,לא מנהל יחידת מידה,0.00,לא מנהל יחידת מידה,false,1,9.90,0.0000,true,1,214726
7290107647649,false,שלגון סולרו קוקוס אנ,"גלידת שטראוס בע""מ",IL,שלגון סולרו קוקוס אננס 62 גרם,גרמים,62.00,100 גרם,false,1,7.90,12.7419,true,1,214231
7290107649681,false,קורנטו פסק זמן 64 גר,יוניליוור גרמניה  Gm,IL,קורנטו פסק זמן 64 גרם,גרמים,64.00,100 גרם,false,1,9.90,15.4688,true,1,215300
7290107649780,false,שוקובו שוקו 85 גרם,"מיוצר ע""י גלידת שטרא",IL,שוקובו שוקו 85 גרם,גרמים,85.00,100 גרם,false,1,10.90,12.8235,true,1,215303
7290107649858,false,טילון מגנום לבן גליד,"מיוצר ע""י גלידת שטרא",IL,מגנום  טילון שוקולד לבן 100 גרם,גרמים,100.00,100 גרם,false,1,10.90,10.9000,true,1,215915
7290107870047,false,טילון אקסטרים ענק בר,תות תעשיות מזון (201,IL,אקסטרים טילון בראוניז מטבע ענק 18*115גרם,גרמים,133.00,100 גרם,false,1,10.50,7.8947,true,1,194708
7290107871990,false,פסטה צינורות אסם 500,פסטה זארה,IT,אסם פסטה צינורות איטלקי 12*500גרם,גרמים,500.00,100 גרם,false,1,6.90,1.3800,true,1,195616
7290107874441,false,פריכונים מיני בצל מק,"מיוצר ע""י PT, משווק",IL,אסם פריכונים מיני בצל מקורמל 16*23גרם,גרמים,25.00,100 גרם,false,1,4.50,18.0000,true,1,194789
7290107875158,false,במבה קלאסי מארז 4 יח,מיוצר עי קונדיטוריית,IL,במבה קלאסי מארז 4 יח 60 גרם,גרמים,240.00,100 גרם,false,1,13.90,5.7917,true,1,199848
7290107875400,false,גלידה לה קרמריה מוקה,המאפיה של הרמן,IL,לה קרמריה פיסטוק מוקה פרווה בדצ6*1.4ליטר,ליטרים,1.40,ליטר,false,1,21.90,15.6429,true,1,194294
7290107875820,false,קרוטונים אפויים בתיב,עינת תעשיות,IL,אסם קרוטונים אפויים בתיבול ביתי 12*180ג,גרמים,180.00,100 גרם,false,1,12.90,7.1667,true,1,196220
7290107876889,false,במבה במילוי קרם נוגט,"אסם השקעות בע""מ",IL,במבה במילוי קרם נוגט 48*45גרם,גרמים,45.00,100 גרם,false,1,4.90,10.8889,true,1,201070
7290107879644,false,קרחון שרבט לה פרוטה,המאפיה של הרמן,IL,לה פרוטה בננה תמר פקאן 36*65גרם,גרמים,65.00,100 גרם,false,1,6.90,10.6154,true,1,201779
7290107879668,false,קרחון שרבט לה פרוטה,המאפיה של הרמן,IL,לה פרוטה תות 36*70גרם,גרמים,70.00,100 גרם,false,1,6.90,9.8571,true,1,201777
7290107879699,false,קרחון שרבט לה פרוטה,המאפיה של הרמן,IL,לה פרוטה מנגו 36*70גרם,גרמים,70.00,100 גרם,false,1,6.90,9.8571,true,1,201778
7290107879712,false,שרבט לה פרוטה פירות,נגה גלידות,IL,שרבט לה פרוטה פירות אדומים 70גרם,גרמים,70.00,100 גרם,false,1,6.90,9.8571,true,1,231387
7290107931397,false,חטיף כיף כף פצפצים 4,"איי, בי, אינבוו",TR,כיף כף פצפצים,גרמים,40.00,100 גרם,false,1,5.90,14.7500,true,1,202620
7290107931465,false,פריכיות אנרגי תחתית,"שטראוס גרופ בע""מ",IL,פריכיות אנרגי ת.ש. לבן 70ג ווסטהיים,גרמים,70.00,100 גרם,false,1,8.80,12.5714,true,1,201824
7290107932080,false,חלב בקבוק 3% מועשר 1,,IL,חלב בקבוק 3% מועשר 1 ליטר,ליטרים,1.00,ליטר,false,1,7.90,7.9000,true,1,201058
7290107932134,false,חלב בקבוק 1% מועשר 1,,IL,חלב בקבוק 1% מועשר 1 ליטר,ליטרים,1.00,ליטר,false,1,7.90,7.9000,true,1,201059
7290107933315,false,חלב דל לקטוז 2% בקבו,מחלבת יטבתה,IL,חלב בבקבוק דל לקטוז 2%- מהדרין,ליטרים,1.00,ליטר,false,1,7.90,7.9000,true,1,201061
7290107936309,false,יוגורט דנונה יווני ל,"שטראוס בריאות בע""מ",IL,דנונה יוגורט יווני לבן,גרמים,130.00,100 גרם,false,1,3.40,2.6154,true,1,203404
7290107937627,false,מסטיק מאסט קוביות ספ,רוג'ר אנד רוג'ר,DE,צנצנת קוביות מנטה עדינה 58 גרם,גרמים,58.00,100 גרם,false,1,9.90,17.0690,true,1,203388
7290107937634,false,מסטיק מאסט קוביות פפ,רוג'ר אנד רוג'ר,DE,צנצנת קוביות מנטה 58 גרם,גרמים,58.00,100 גרם,false,1,9.90,17.0690,true,1,203369
7290107937641,false,מסטיק מאסט קוביות בז,רוג'ר אנד רוג'ר,DE,צנצנת קוביות בזוקה 58 גרם,גרמים,58.00,100 גרם,false,1,9.90,17.0690,true,1,203390
7290107938396,false,משקה יוגורט אקטימל ת,מיוצר עי קונדיטוריית,IL,אקטימל שמיניה תות,מיליליטרים,864.00,"100 מ""ל",false,1,20.90,2.4190,true,1,202843
7290107943369,false,קוואקר שיבולת שועל ל,היידי שוקולד בירונטי,US,קוואקר שיבולת שועל ללא גלוטן 511 גרם,גרמים,511.00,100 גרם,false,1,19.90,3.8943,true,1,206340
7290107944472,false,גבינת סימפוניה שום ש,"שטראוס בריאות בע""מ",IL,סימפוניה שום שמיר 5%,גרמים,200.00,100 גרם,false,1,11.90,5.9500,true,1,203552
7290107945165,false,קונפיטורה משמש 340 ג,אף.סי תבליני בגליל ב,IL,קונפיטורת משמש 340 גרם,גרמים,340.00,100 גרם,false,1,14.90,4.3824,true,1,204211
7290107951104,false,בפלות שוקולד 200 גרם,"א.ג. גילרו בע""מ",IL,בפלות שוקולד 200 גרם,גרמים,200.00,100 גרם,false,1,5.10,2.5500,true,1,203597
7290107951111,false,בפלות לימון 200 גרם,דולפין ספא,IL,בפלות לימון 200 גרם,גרמים,200.00,100 גרם,false,1,5.10,2.5500,true,1,203604
7290107951715,false,מסטיק מאסט קוביות ענ,רוג'ר אנד רוג'ר,DE,צנצנת קוביות ענבים 58 גרם,גרמים,58.00,100 גרם,false,1,9.90,17.0690,true,1,204205
7290107953559,false,מארז טורקי לדרך 168,הנסיך- מפעל לייצור ט,IL,מארז טורקי לדרך 168 גר,גרמים,200.00,100 גרם,false,1,19.90,9.9500,true,1,208479
7290107954976,false,משקה יטבתה פרו קפה 3,,IL,משקה קפה עם חלבון חלב 350 מיל,מיליליטרים,350.00,"100 מ""ל",false,1,6.50,1.8571,true,1,205834
7290107956642,false,"תרסיס שמן זית 150 מ""",פארייפאבה אגרואינדוס,ES,"תרסיס שמן זית 150 מ""ל",מיליליטרים,150.00,"100 מ""ל",false,1,19.90,13.2667,true,1,207078
7290107956925,true,קפסולות קפה אספרסו 1,הנסיך- מפעל לייצור ט,IL,קפסולות 13 אוגנדה למכונות NESPRESSO,לא מנהל יחידת מידה,0.00,לא מנהל יחידת מידה,false,1,16.90,0.0000,true,1,212844
7290107957069,false,מסטיק עלמה בצנצנת בט,"שטראוס גרופ בע""מ",IL,"צנצנת עלמה בטעם אוכמניות לל""ס 66 גרם",גרמים,66.00,100 גרם,false,1,9.90,15.0000,true,1,206509
7290107957076,false,מסטיק עלמה בצנצנת בט,"שטראוס גרופ בע""מ",IL,מסטיק עלמה בצנצנת בטעם ספירמינט 66 גרם,גרמים,66.00,100 גרם,false,1,9.90,15.0000,true,1,206510
7290107970129,false,דאודורנט רול און פרש,הנסיך- מפעל לייצור ט,IT,"דאודורנט רול און פרש אסנס סחלב 50 מ""ל",מיליליטרים,50.00,"100 מ""ל",false,1,22.90,45.8000,true,1,200671
7290107973014,false,פלמוליב סבון ידיים ח,הנסיך- מפעל לייצור ט,TR,"פלמוליב סבון ידיים חלב ודבש 300 מ""ל",מיליליטרים,300.00,"100 מ""ל",false,1,9.90,3.3000,true,1,205655
7290107973038,false,פלמוליב סבון ידיים א,הנסיך- מפעל לייצור ט,IT,פלמוליב סבון ידיים אקווריום 300 מל,מיליליטרים,300.00,"100 מ""ל",false,1,9.90,3.3000,true,1,205654
7290107974080,false,עלי טורטיה קמח לבן 8,סינאק סנאקס ג'י.אמ.ב,DE,מאסטר שף עלי טורטייה קמח חיטה 756 גרם,גרמים,840.00,100 גרם,false,1,19.90,2.3690,true,1,202786
7290107974646,false,מי פה מרידול נשימה ר,קולגייט פלמוליב,PL,מרידול מי פה נשימה רעננה 400 מל,מיליליטרים,400.00,"100 מ""ל",false,1,36.90,9.2250,true,1,203221
7290107977456,false,פלמוליב סבון נוזלי ס,CP UK,TR,"פלמוליב סבון נוזלי ספורט לגבר 750 מ""ל",מיליליטרים,750.00,"100 מ""ל",false,1,21.90,2.9200,true,1,217897
7290107978323,false,איטריות דקיקות מאסטר,פי.פי.איג' ארטלקס ג',PL,"מאסטר שף, אטריות דקיקות, 400 גרם",גרמים,400.00,100 גרם,false,1,6.50,1.6250,true,1,205408
7290107979184,false,קוקי תבנית אלומיניום,HAI PLASTIC,CN,קוקי תבנית אלומיניום עם נייר אפייה גדול,יחידה,1.00,יחידה,false,1,13.90,13.9000,true,1,205984
7290108200225,true,וניש גולד אבקה ורוד,השחר,IT,מסיר כתמים אבקה וניש קליה 470 גרם,גרמים,470.00,100 גרם,false,1,17.90,3.8085,true,1,200503
7290108201017,false,קולון סטריפים 16 יח,רקיט בנקיזר,,קולון סטריפים 16 יח,לא מנהל יחידת מידה,0.00,לא מנהל יחידת מידה,false,1,13.90,0.0000,true,1,203224
7290108201819,true,גל וולייט כביסה גולד,,,גל וולייט כביסה גולד,יחידה,1.50,יחידה,false,1,20.90,13.9333,true,1,209172
7290108350036,false,10 מרקיות סושי סנו,סנו,,10 מרקיות סושי סנו,Unknown,0.00,Unknown,false,1,14.80,0.0000,true,1,199553
7290108350128,false,שקית אשפה חזקה סנו,מיוצר עי קונדיטוריית,IL,שקית אשפה חזקה סנו סושי 40 יח,Unknown,0.00,Unknown,false,1,25.90,0.0000,true,1,195439
7290108350210,false,סנו סושי 30 שקיות אש,מיוצר עי קונדיטוריית,IL,סנו סושי 30 שקיות אשפה XL חזקות במיוחד,לא מנהל יחידת מידה,0.00,לא מנהל יחידת מידה,false,1,26.90,0.0000,true,1,201431
7290108350531,false,נוזל כלים סנו ספארק,מיוצר עי קונדיטוריית,IL,ספארק משאבה קלאסי 1ל,ליטרים,1.00,ליטר,false,1,11.90,11.9000,true,1,200210
7290108350548,false,נוזל כלים סנו ספארק,מיוצר עי קונדיטוריית,IL,סנו נוזל לניקוי כלים בניחוח לבנדר עדין 1 ליטר,ליטרים,1.00,ליטר,false,1,11.90,11.9000,true,1,200211
7290108350555,false,נוזל כלים סנו ספארק,,,נוזל כלים סנו ספארק עור רגיש 1ליטר משאבה,ליטרים,1.00,ליטר,false,1,11.90,11.9000,true,1,200212
7290108350623,false,מרכך כביסה מקסימה So,"איי, בי, אינבוו",IL,מרכך מרוכז סופט סילק 1ליטר,ליטרים,1.00,ליטר,false,1,18.90,18.9000,true,1,202945
7290108350685,false,מנקה למדיח כלים סנו,סנו,IL,ספארק מנקה מדיח כלים 250 מל,מיליליטרים,250.00,"100 מ""ל",false,1,13.90,5.5600,true,1,207820
7290108351149,false,סנו גט לניקוי כללי ו,"איי, בי, אינבוו",IL,ג'ט פלוס סודה 1.5 ליטר,ליטרים,1.50,ליטר,false,1,15.90,10.6000,true,1,203754
7290108351156,false,סנו גט לניקוי כללי ו,"איי, בי, אינבוו",IL,ג'ט פלוס חומץ 1.5 ליטר,ליטרים,1.50,ליטר,false,1,15.90,10.6000,true,1,203753
7290108351507,false,מרכך כביסה מקסימה 4ל,הורביץ סחר,IL,מרכך כביסה מקסימה 4ליטר SOFT SILK,ליטרים,4.00,ליטר,false,1,22.90,5.7250,true,1,203637
7290108351538,false,סנו פרש הום יבש בלו,סנו מפעלי ברונוס בעמ,IL,מבשם לבית Blue Blossom בניחוח מרכך כביסה 200 מל,לא מנהל יחידת מידה,0.00,לא מנהל יחידת מידה,false,1,12.90,0.0000,true,1,210232
7290108351545,false,סנו פרש הום יבש סופט,מיוצר עי קונדיטוריית,IL,מבשם לבית - בניחוח מרכך כביסה soft silk,לא מנהל יחידת מידה,0.00,לא מנהל יחידת מידה,false,1,11.90,0.0000,true,1,210231
7290108351569,false,מבשם ומרכך כביסה למי,"איי, בי, אינבוו",IL,"מקסימה למייבש הכביסה בייבי 750 מ""ל",Unknown,0.00,Unknown,false,1,18.90,0.0000,true,1,205904
7290108351583,false,גט לניקוי אסלות,טרופיקל דגיל תעשיות,IL,גט לניקוי אסלות,לא מנהל יחידת מידה,0.00,לא מנהל יחידת מידה,false,1,11.90,0.0000,true,1,210235
7290108351590,false,מבשם לבית בניחוח מרכ,סנו,IL,פרש הום בלו,מיליליטרים,350.00,"100 מ""ל",false,1,15.90,4.5429,true,1,205909
7290108351613,false,ריצפז פרש הום,"איי, בי, אינבוו",IL,'רצפז פ.הום מלון חלומי  2 ליטר,ליטרים,0.00,ליטר,false,1,21.90,0.0000,true,1,205907
7290108351620,false,סנו פרש- NO.2 לוכד ר,"איי, בי, אינבוו",IL,"סנו פרש- NO.2 לוכד ריחות רעים 60 מ""ל",מיליליטרים,60.00,"100 מ""ל",false,1,15.90,26.5000,true,1,206434
7290108351699,false,מגבונים גט + חומץ מא,סנו מפעלי ברונוס על,IL,מגבונים גט + חומץ מא,לא מנהל יחידת מידה,0.00,לא מנהל יחידת מידה,false,1,22.90,0.0000,true,1,212349
7290108351804,false,מרכך כביסה מקסימה 1,מיוצר עי קונדיטוריית,IL,מרכך בבישום עוצמתי gentel breeze,ליטרים,1.00,ליטר,false,1,18.90,18.9000,true,1,217535
7290108351811,false,מרכך כביסה מקסימה 1,מיוצר עי קונדיטוריית,IL,מרכך כביסה בבישום עוצמתי floral touch,ליטרים,1.00,ליטר,false,1,18.90,18.9000,true,1,217531
7290108351835,false,מרכך כביסה מקסימה 4,מיוצר עי קונדיטוריית,IL,מרכך כביסה מקסימה 4 ליטר FLORAL TOUCH,ליטרים,4.00,ליטר,false,1,22.90,5.7250,true,1,217885
7290108351842,false,מקסימה בישום עוצמתי,"איי, בי, אינבוו",IL,מקסימה HORIZON בושם לכביסה  600 מל,לא מנהל יחידת מידה,0.00,לא מנהל יחידת מידה,false,1,22.90,0.0000,true,1,214174
7290108351910,false,טבליות למדיח 30 יחיד,הורביץ סחר,PL,טבליות למדיח 30 יחידות,לא מנהל יחידת מידה,0.00,לא מנהל יחידת מידה,false,1,25.90,0.0000,true,1,214183
7290108351934,false,אל סבון מוצק רינגס ב,DRAMERSSA SWARZEDZ,PL,סבון אסלה ריחני בניחוח לימון,לא מנהל יחידת מידה,0.00,לא מנהל יחידת מידה,false,1,14.90,0.0000,true,1,216687
7290108351958,false,אל סבון מוצק רינגס ב,סנו מפעלי ברונוס בעמ,PL,סבון אסלה ריחני בניחוח אוקיינוס,יחידה,3.00,יחידה,false,1,14.90,4.9667,true,1,216688
7290108352009,false,טבליות מדיח לניקוי כ,טרופיקל דגיל תעשיות,PL,סנו ספארק 50 קפסולות למדיח,לא מנהל יחידת מידה,0.00,לא מנהל יחידת מידה,false,1,39.90,0.0000,true,1,219165
7290108352085,false,אורביטול שטיפת פה שו,טרופיקל דגיל תעשיות,IL,"אורביטול שטיפת פה טעם מנטה 500 מ""ל",מיליליטרים,500.00,"100 מ""ל",false,1,21.90,4.3800,true,1,227362
7290108352153,false,סנובון נוזלי לוטוס ו,מיוצר עי קונדיטוריית,IL,99.9% סנו בון נוזל לניקוי אסלות 750 מל,מיליליטרים,750.00,"100 מ""ל",false,1,11.90,1.5867,true,1,219596
7290108352207,false,מקסימה 40קפסולות גל,טרופיקל דגיל תעשיות,IL,סנו מקסימה קפסולות לכביסה 40 יח,יחידה,1.00,יחידה,false,1,39.90,39.9000,true,1,227108
7290108352214,false,מקסימה 40קפסולות גל,טרופיקל דגיל תעשיות,IL,סנו מקסימה קפסולות לכביסה 40 יח,יחידה,1.00,יחידה,false,1,39.90,39.9000,true,1,227107
7290108352221,false,סנו פרש הום מלון מפנ,סנו מפעלי ברונוס בעמ,IL,מבשם לבית בניחוח מלון מפנק 350 מל,מיליליטרים,350.00,"100 מ""ל",false,1,15.90,4.5429,true,1,219855
7290108352252,false,נוזל כלים ספארק 1 לי,"איי, בי, אינבוו",IL,ספארק נוזל לכלים מתאים לפירות וירקות 1 ל',ליטרים,1.00,ליטר,false,1,11.90,11.9000,true,1,220159
7290108352276,false,סנו מטליות לניקוי וח,"סנו מפעלי ברונס בע""מ",IL,99.9% מטליות לחיטוי ולניקוי רצפות 10 יח,לא מנהל יחידת מידה,0.00,לא מנהל יחידת מידה,false,1,16.90,0.0000,true,1,219161
7290108352283,false,נוזל לניקוי וחיטוי ר,"איי, בי, אינבוו",IL,99.9% נוזל לחיטוי וניקוי רצפות 2 ליטר,ליטרים,2.00,ליטר,false,1,23.90,11.9500,true,1,219162
7290108352320,false,סנו פרש הום מלון בוט,מיוצר עי קונדיטוריית,IL,מבשם לבית בניחוח מלון בוטיק 350 מל,מיליליטרים,350.00,"100 מ""ל",false,1,15.90,4.5429,true,1,219856
7290108352337,false,סנו פרש אוטומטיק מלו,מיוצר עי קונדיטוריית,IL,מבשם לבית בניחוח מלון מפנק 250 מל,מיליליטרים,250.00,"100 מ""ל",false,1,17.90,7.1600,true,1,219858
7290108352344,false,סנו פרש אוטומטיק מלו,מיוצר עי קונדיטוריית,IL,מבשם לבית בניחוח מלון בוטיק 250 מל,מיליליטרים,250.00,"100 מ""ל",false,1,17.90,7.1600,true,1,219857
7290108352351,false,סנו תרסיס לחיטוי 99.,"איי, בי, אינבוו",IL,99.9% תרסיס לחיטוי 400 מל,מיליליטרים,400.00,"100 מ""ל",false,1,21.90,5.4750,true,1,219595
7290108352399,false,ריצפז פרש הום מרכך כ,סנו,IL,ריצפז פרש הום מרכך כביסה מקסימה פלורל 2,ליטרים,2.00,ליטר,false,1,21.90,10.9500,true,1,231739
7290108352498,false,סנו פרש מכשיר אוטומט,"יצרן מכשיר: זובלה,",CN,סנו פרש מכשיר אוטומטי + מילוי מלון בוטיק,לא מנהל יחידת מידה,0.00,לא מנהל יחידת מידה,false,1,44.90,0.0000,true,1,229226
7290108352528,false,מתז לחיטוי וניקוי חד,"איי, בי, אינבוו",IL,99.9% חיטוי וניקוי חדר אמבטיה 750 מל,מיליליטרים,750.00,"100 מ""ל",false,1,16.90,2.2533,true,1,223179
7290108352535,false,מקסימה דפי בישום לחי,סנו,IL,מקסימה דפי בישום לחים למייבש 20 יחידות,לא מנהל יחידת מידה,0.00,לא מנהל יחידת מידה,false,1,12.90,0.0000,true,1,231134
7290108352573,false,מקסימה מרכך כביסה 4,סנו,IL,מקסימה מרכך כביסה 4 ליטר CALM,ליטרים,4.00,ליטר,false,1,22.90,5.7250,true,1,231740
7290108352597,false,מגבונים לחים לניקוי,סנו,,מגבונים לחים לניקוי בדלי 400 יח,לא מנהל יחידת מידה,0.00,לא מנהל יחידת מידה,false,1,29.90,0.0000,true,1,203040
7290108352641,false,מארז שלישיית מטליות,סנו מפעלי ברונוס.,CN,"סנו סושי מטלית הפלא לניקוי כללי, 3 יחידות",לא מנהל יחידת מידה,0.00,לא מנהל יחידת מידה,false,1,14.90,0.0000,true,1,205902
7290108352672,false,מטלית הפלא לריצפה זו,סנו מפעלי ברונוס.,CN,"סנו סושי, צמד מטליות במארז, מטלית הפלא לרצפה",Unknown,0.00,Unknown,false,1,21.90,0.0000,true,1,205901
7290108352801,false,סנו סושי - שקיות אשפ,"איי, בי, אינבוו",IL,שקיות אשפה לפחים קטנים,לא מנהל יחידת מידה,0.00,לא מנהל יחידת מידה,false,1,21.90,0.0000,true,1,210243
7290108352818,false,מטלית לשיש במבוק,טרופיקל דגיל תעשיות,CN,סנו סושי מטלית במבוק לניקוי,לא מנהל יחידת מידה,0.00,לא מנהל יחידת מידה,false,1,7.90,0.0000,true,1,214176
7290108352825,false,ספוג הפלא נירוסטה,s.k.a.t ltdסנו מפעלי,CN,ספוג הפלא נירוסטה,גרמים,44.00,100 גרם,false,1,10.90,24.7727,true,1,212348
7290108352849,false,מטלית הפלא סנו סושי,טרופיקל דגיל תעשיות,CN,סנו סושי- מטלית הפלא  3 יח,יחידה,1.00,יחידה,false,1,14.90,14.9000,true,1,228012
7290108352887,false,זוג מפות שולחן לבנות,מיוצר עי קונדיטוריית,CN,סנו סושי זוג מפות שולחן עשויות מבד בלתי ארוג 2 יח',לא מנהל יחידת מידה,7.50,לא מנהל יחידת מידה,false,1,8.90,1.1867,true,1,213585
7290108352900,false,מגבות הפלא גליל כפול,סנו מפעלי ברונוס בעמ,IL,"מגבות הפלא גליל כפול- מגבות עבות, חזקות וסופגות",לא מנהל יחידת מידה,0.00,לא מנהל יחידת מידה,false,1,21.90,0.0000,true,1,216684
7290108353037,false,סנו סושי תבנית אפייה,מיוצר עי קונדיטוריית,CN,סנו סושי- תבניות אפייה מנייר,יחידה,1.00,יחידה,false,1,11.90,11.9000,true,1,225963
7290108353044,false,סנו סושי תבניות אפיה,מיוצר עי קונדיטוריית,CN,תבניות אפייה מנייר L,יחידה,1.00,יחידה,false,1,10.90,10.9000,true,1,220214
7290108353051,false,סנו סושי תבניות אפיה,מיוצר עי קונדיטוריית,CN,תבניות אפייה מנייר S,יחידה,1.00,יחידה,false,1,10.90,10.9000,true,1,220215
7290108353068,false,כרית קרצוף עם סיני נ,מיוצר עי קונדיטוריית,CN,כרית קרצוף עם סיבי נירוסטה,יחידה,1.00,יחידה,false,1,10.90,10.9000,true,1,218853
7290108353082,false,סנו סופט ממחטות אף ב,מיוצר עי קונדיטוריית,IL,סנו סופט 120 ממחטות אף דו שכבתיות,יחידה,1.00,יחידה,false,1,9.90,9.9000,true,1,217591
7290108353099,false,סנו סופט ממחטות אף 1,טרופיקל דגיל תעשיות,CN,סנו סופט - 500 ממחטות אף דו שכבתיות נשלפות אחת אחת,יחידה,1.00,יחידה,false,1,15.90,15.9000,true,1,217592
7290108353433,false,שטיפת מי פה אורביטול,"קוסמופארם בע""מ",IL,שטיפת מי פה אורביטול,מיליליטרים,500.00,"100 מ""ל",false,1,24.70,4.9400,true,1,213586
7290108353525,false,סנו סושי תבניות אלומ,קריניסה ויטמין אס אי,CN,סנו סושי - תבניות אלומיניום עם ידיות  אחיזה,יחידה,1.00,יחידה,false,1,11.90,11.9000,true,1,218399
7290108353563,false,סנו סושי קנה סוכר צל,הנסיך- מפעל לייצור ט,CN,סנו סושי- 25 צלחות מקנה סוכר XL,יחידה,1.00,יחידה,false,1,16.90,16.9000,true,1,219754
7290108353648,false,סנו סושי 70 שקיות או,סנו מפעלי ברונוס.,TR,סנו סושי -  שקיות אוכל מנייר 70 יחידות,יחידה,1.00,יחידה,false,1,11.90,11.9000,true,1,220419
7290108353686,false,סנו סושי מטלית חלומי,נינגבו סנבנג,CN,סנו סושי- מטלית חלומית לריצפה 1 יח,יחידה,1.00,יחידה,false,1,11.90,11.9000,true,1,228652
7290108353952,false,דאו ספריי קרמה קלאסי,סנו,TR,"קרמה  דאודורנט, ספרי קלאסי 150 מל",מיליליטרים,150.00,"100 מ""ל",false,1,17.90,11.9333,true,1,229233
7290108353983,false,קרם גוף קרמה קלאסי 5,טרופיקל דגיל תעשיות,IL,קרמה קרם גוף קלאסי 500 מל,מיליליטרים,500.00,"100 מ""ל",false,1,24.90,4.9800,true,1,221587
7290108353990,false,קרם גוף קרמה מאסק 50,טרופיקל דגיל תעשיות,IL,קרמה קרם גוף מאסק 500 מל,מיליליטרים,500.00,"100 מ""ל",false,1,24.90,4.9800,true,1,221586
7290108354034,false,סבון ידיים קרמה חמאת,טרופיקל דגיל תעשיות,IL,קרמה סבון ידיים שיאה וקוקוי  300 מל,Unknown,0.00,Unknown,false,1,10.00,0.0000,true,1,220510
7290108354065,false,קרמה מן גל רחצה פילי,סנו,IL,קרמה מן גל רחצה פילינג 700 מל,מיליליטרים,700.00,"100 מ""ל",false,1,18.90,2.7000,true,1,231741
7290108354164,false,שלישיית אלסבון כיף ש,טרופיקל דגיל תעשיות,IL,כיף שלישיית אל סבון קטיפתי מועשר בשמנים עם משאבה.,ליטרים,1.50,ליטר,false,1,18.90,12.6000,true,1,221677
7290108354270,false,מרכך כביסה מקסימה CA,מיוצר עי קונדיטוריית,IL,מקסימה מרכך בבישום עוצמתי 1 ליטר,ליטרים,1.00,ליטר,false,1,18.90,18.9000,true,1,230251
7290108354768,false,קרם גוף קרמה דבש 500,מיוצר בסין.יבוא ושיו,IL,"קרם גוף קרמה בניחוח דבש 500 מ""ל",מיליליטרים,500.00,"100 מ""ל",false,1,24.90,4.9800,true,1,230253
7290108354829,false,קרמה קרם ידיים 100 מ,קוסמופארם,IL,קרמה קרם ידיים 100 מל ורד ווניל,מיליליטרים,100.00,"100 מ""ל",false,1,9.90,9.9000,true,1,220511
7290108354836,false,קרם ידיים מרוכז קרמה,קוסמופארם,IL,קרם ידיים מרוכז קרמה בישום עדין 50 מל,מיליליטרים,50.00,"100 מ""ל",false,1,14.90,29.8000,true,1,220512
7290108354911,false,קרמה מן שמפו גל רחצה,טרופיקל דגיל תעשיות,IL,"קרמה מן שמפו, ג'ל רחצה וגילוח 700 מל",מיליליטרים,700.00,"100 מ""ל",false,1,18.90,2.7000,true,1,219487
7290108354973,false,סבון ידיים קרמה ורד,טרופיקל דגיל תעשיות,IL,קרמה סבון ידיים ורד ווניל 300 מל,Unknown,0.00,Unknown,false,1,10.00,0.0000,true,1,220513
7290108355178,false,קרמה קרם ידיים 100 מ,קוסמופארם,IL,קרמה קרם ידיים 100 מל חמאת שיאה,Unknown,0.00,Unknown,false,1,9.90,0.0000,true,1,220515
7290108355802,false,תחליב רחצה קרמה ורד,גוד פוד פרודקטס S.p,IL,קרמה  תחליב רחצה ורד ווניל 700 מל,מיליליטרים,700.00,"100 מ""ל",false,1,18.90,2.7000,true,1,220516
7290108356199,false,כיף אל סבון אפרסק ופ,טרופיקל דגיל תעשיות,IL,כיף אל סבון אפרסק ופלפל שחור 1 ליטר,ליטרים,1.00,ליטר,false,1,15.90,15.9000,true,1,220423
7290108356229,false,גל גילוח קרמה מן קרב,טרופיקל דגיל תעשיות,TR,קרמה מן ג'ל גילוח קרבון 200 מל,מיליליטרים,200.00,"100 מ""ל",false,1,11.90,5.9500,true,1,219486
7290108356489,false,כיף תחליב רחצה אפרסק,קוסמופארם,IL,כיף תחליב רחצה אפרסק 700 מל,מיליליטרים,700.00,"100 מ""ל",false,1,12.90,1.8429,true,1,231744
7290108356519,false,קרליין שמפו 10 לשיער,סנו,IL,קרליין שמפו 10 לשיער רגיל 700 מל,מיליליטרים,700.00,"100 מ""ל",false,1,13.90,1.9857,true,1,231745
7290108356564,false,קרליי מרכך 10 לשיער,סנו,IL,קרליי מרכך 10 לשיער רגיל 700 מל,מיליליטרים,700.00,"100 מ""ל",false,1,13.90,1.9857,true,1,231747
7290108356816,false,כיף סבון בוטני גרניו,סנו,IL,כיף סבון בוטני גרניום  1 ליטר,ליטרים,1.00,ליטר,false,1,15.90,15.9000,true,1,233960
7290108357028,false,תחליב רחצה כיף ורד ו,קוסמופארם בעמ,IL,"תחליב רחצה כיף ורד ושמן קוקוי 700 מ""ל",מיליליטרים,700.00,"100 מ""ל",false,1,12.90,1.8429,true,1,218256
7290108357042,false,קרליין דאודורנט רול,קוסמופארם,IL,קרליין דאודורנט רול און ביו סיטריס 75 מל,מיליליטרים,75.00,"100 מ""ל",false,1,13.90,18.5333,true,1,231749
7290108357059,false,קרליין דאודורנט רול,קוסמופארם,IL,קרליין דאודורנט רול און ביו גן קסום 75 מ,מיליליטרים,75.00,"100 מ""ל",false,1,13.90,18.5333,true,1,231750
7290108357202,false,סנוקליר בניחוח בלו 1,"איי, בי, אינבוו",IL,סנוקליר בניחוח בלו 1 ליטר,ליטרים,1.00,ליטר,false,1,11.90,11.9000,true,1,222686
7290108357233,false,מגבונים לחים לניקוי,סנו,IL,מגבונים לחים לניקוי חלונות סנו קליר 50 ד,יחידה,1.00,יחידה,false,1,11.90,11.9000,true,1,231753
7290108357240,false,סנו אוקסיגן אבקת להס,סנו,IL,סנו אוקסיגן אבקת להסרת כתמים 1.4 קג,קילוגרמים,1.40,"ק""ג",false,1,29.90,21.3571,true,1,231754
7290108357257,false,סנו פרש מכשיר + מילו,סנו,IL,סנו פרש מכשיר + מילוי בניחוח מרכך,יחידה,1.00,יחידה,false,1,44.90,44.9000,true,1,233961
7290108357271,false,סנובון נוזלי עם חמצן,סנו,IL,"סנובון נוזלי עם חמצן 750 מ""ל",מיליליטרים,750.00,"100 מ""ל",false,1,11.90,1.5867,true,1,231986
7290108357288,false,זאוול אקונומיקה בניח,סנו,IL,זאוול אקונומיקה בניחוח פריחה לבנה 4 ליטר,ליטרים,4.00,ליטר,false,1,15.90,3.9750,true,1,231755
7290108357295,false,סנו אוקסיגן פאואר 75,סנו,IL,"סנו אוקסיגן פאואר 750 מ""ל",מיליליטרים,750.00,"100 מ""ל",false,1,18.90,2.5200,true,1,232760
7290108357301,false,סנו K300 קוטל חרקים,סנו,IL,סנו K300 קוטל חרקים 300 מל,מיליליטרים,300.00,"100 מ""ל",false,1,12.90,4.3000,true,1,231756
7290108357431,false,קרם גוף קרמה בריזת י,טרופיקל דגיל תעשיות,IL,קרמה קרם גוף בריזת ים 500 מל,Unknown,0.00,Unknown,false,1,24.90,0.0000,true,1,227547
7290108357509,false,קרם גוף קרמה וניל ופ,טרופיקל דגיל תעשיות,IL,"קרם גוף קרמה וניל ופלפל ורוד 500 מ""ל",מיליליטרים,500.00,"100 מ""ל",false,1,24.90,4.9800,true,1,229229
7290108359077,false,סופט לושן ממחטות אף,Solo Soft,EG,סופט לושן ממחטות אף 120 יחידות,יחידה,1.00,יחידה,false,1,13.90,13.9000,true,1,231761
7290108359831,false,שמן גוף  בייבי כיף 5,טרופיקל דגיל תעשיות,IL,בייבי כיף שמן גוף עם לחות מועשרת 500 מל,מיליליטרים,500.00,"100 מ""ל",false,1,25.90,5.1800,true,1,213591
7290108359855,false,שמפו אל דמע בייבי כי,גוד פוד פרודקטס S.p,IL,"בייבי כיף שמפו אל דמע, 750 מל",מיליליטרים,750.00,"100 מ""ל",false,1,18.90,2.5200,true,1,213590
7290108359985,false,סנו JAVEL מרסס פריחה,סנו,IL,סנו JAVEL מרסס פריחה לבנה 1 ליטר,ליטרים,1.00,ליטר,false,1,16.90,16.9000,true,1,231762
7290108420401,false,תמר מהגול 1 קג,חקלאי,IL,תמר מהגול 1 קג,קילוגרמים,1.00,"ק""ג",false,1,24.90,24.9000,true,1,231726
7290108502329,true,נתחי טונה בשמן זית 6,ארזינא,TH,נתחי טונה בשמן זית 640 גרם ויליפוד 1/4,גרמים,640.00,100 גרם,false,1,30.90,4.8281,true,1,212997
7290108503159,false,גבינה כחולה עם עובש,קסוס אל פסטור,ES,גבינה כחולה עם עובש 100 גרם EURO,גרמים,100.00,100 גרם,false,1,15.90,15.9000,true,1,213423
7290108894998,false,בנדנה כותנה,אודס,,בנדנה כותנה,יחידה,1.00,יחידה,false,1,9.90,9.9000,true,1,202192
7290108895087,false,כובע מצחיה  שני צבעי,נשם,,כובע מצחיה  שני צבעים רקמת A,יחידה,0.00,יחידה,false,1,29.90,0.0000,true,1,202195
7290109207599,false,מטחנת תבלינים חשמלית,,,מטחנת תבלינים חשמלית 2ב1 +712C,יחידה,1.00,יחידה,false,1,69.90,69.9000,true,1,218268
7290109351209,false,קרחון שרבט לה פרוטה,תות תעשיות מזון (201,IL,קרחון שרבט לה פרוטה אננס תפוז 70 גרם,גרמים,70.00,100 גרם,false,1,6.90,9.8571,true,1,201782
7290109351957,false,פריכיות פיטנס גדולות,סנורייס בלגיום אן. ו,BE,פיטנס פריכיות גדולות שקלד.חלב 12*100גרם,גרמים,100.00,100 גרם,false,1,8.90,8.9000,true,1,203486
7290109354996,false,ביסקוויט פתיבר ללא ג,מיוצר עי קונדיטוריית,IL,אסם פתי בר ללא גלוטן שוקו 12*200גרם,גרמים,200.00,100 גרם,false,1,11.90,5.9500,true,1,203368
7290109355504,false,שלגון קראנץ וניל נוג,נטו מלינדה-בשר,IL,נסטלה קראנץ ונל.ליבת נגט.שקלד.לבן28*100ג,גרמים,100.00,100 גרם,false,1,10.50,10.5000,true,1,203630
7290109358482,false,קרמוגית אסם במילוי ח,היינץ צפון אמריקה מק,IL,אסם קרמוגית במילוי חלבה 12*200גרם,גרמים,200.00,100 גרם,false,1,11.90,5.9500,true,1,214215
7290109580104,false,רוסטביף זוגלובק פרי,זוגלובק,IL,רוסטביף זוגלובק פרימיום 150 גרם,גרמים,150.00,100 גרם,false,1,25.90,17.2667,true,1,228399
7290109580111,false,צלעות אסאדו מעושנות,זוגלובק,IL,צלעות אסאדו מעושנות פרימיום 120 גרם,גרמים,120.00,100 גרם,false,1,23.90,19.9167,true,1,231444
7290109580135,false,קורנדביף זוגלובק פר,זוגלובק,IL,קורנדביף זוגלובק פרימיום 180 גרם,גרמים,180.00,100 גרם,false,1,25.90,14.3889,true,1,228401
7290109580166,false,סרוולד קלאסי זוגלוב,זוגלובק,IL,סרוולד קלאסי זוגלובק פרימיום 150 גרם,גרמים,150.00,100 גרם,false,1,25.90,17.2667,true,1,228402
7290109920825,false,דורגול אספרסו ניקוי,פרח,CH,אספרסו מנקה ומסיר אבנית 500 מל,מיליליטרים,500.00,"100 מ""ל",false,1,31.90,6.3800,true,1,216714
7290109921372,false,אסטוניש משחה לתנור+ס,אסטוניש,GB,אסטוניש משחה לניקוי תנור וגריל +ספוג,גרמים,250.00,100 גרם,false,1,19.90,7.9600,true,1,215639
7290109921488,false,דורגול מנקה מכונות כ,דורינג,DE,"דורגול מנקה מכונות כביסה 500 מ""ל",מיליליטרים,500.00,"100 מ""ל",false,1,33.90,6.7800,true,1,226163
7290109921570,false,יעקבי לניקוי פרקט 1.,וונדפוט,BE,יעקבי לניקוי פרקט 1.25 ליטר,ליטרים,1.25,ליטר,false,1,17.90,14.3200,true,1,217902
7290110059712,false,רחפן משיכה עם סוכריו,,,רחפן משיכה עם סוכריות קשות מניונים  יחיד,לא מנהל יחידת מידה,0.00,לא מנהל יחידת מידה,false,1,5.90,0.0000,true,1,206258
7290110110352,false,קרלסברג 0.0 בק 330 מ,קרלסברג רומניהיבואן:,RO,"קרלסברג 0.0 בק 330 מ""ל ייבוא",מיליליטרים,330.00,"100 מ""ל",false,1,4.90,1.4848,true,1,218718
7290110110635,false,"ספרייט בקבוק 500 מ""ל",כלורוקס אוקלנד,IL,"ספרייט בקבוק 500 מ""ל",מיליליטרים,500.00,"100 מ""ל",false,1,7.50,1.5000,true,1,208392
7290110113421,false,בירה קרלסברד LUMA בק,מולינו ניקולי s.p.a,IL,קרלסברג LUMA בק 330 בודד,מיליליטרים,330.00,"100 מ""ל",false,1,9.90,3.0000,true,1,219835
7290110113476,false,שישיית קרלסברג 0.0 ב,קרלסברג רומניהיבואן:,RO,"6 קרלסברג 0.0 בק 330 מ""ל ייבוא",ליטרים,1.98,ליטר,false,1,29.90,15.1010,true,1,218872
7290110113490,false,תה קר פיוזתה אפרסק 1,מבשלות בירה בינלאומי,IL,Fuze tea אפרסק 19 קלוריות 0.5 ליטר,מיליליטרים,500.00,"100 מ""ל",false,1,8.50,1.7000,true,1,219832
7290110114787,false,מי נביעות +בטעם תפוח,תות תעשיות מזון (201,IL,נביעות+ בטעם תפוח 1.5 ליטר,ליטרים,1.50,ליטר,false,1,9.90,6.6000,true,1,230594
7290110114794,false,מי נביעות +בטעם אפרס,"איטיליאן פוד, אס.פי.",IL,מי נביעות +בטעם אפרסק 1.5 ליטר,ליטרים,1.50,ליטר,false,1,9.90,6.6000,true,1,230595
7290110114800,false,מי נביעות +בטעם ענבי,פארייפאבה אגרואינדוס,IL,נביעות + בטעם ענבים 1.5 ליטר,ליטרים,1.50,ליטר,false,1,9.90,6.6000,true,1,230596
7290110114831,false,נביעות+ רכיבי פרי אנ,פארייפאבה אגרואינדוס,IL,נביעות + פרי בטעם אננס 1.5 ליטר,ליטרים,1.50,ליטר,false,1,10.90,7.2667,true,1,230599
7290110114893,false,מיץ תפוזים סחוט פריג,היינץ צפון אמריקה מק,IL,סחוט תפוזים קלאסי 2 ליטר,ליטרים,2.00,ליטר,false,1,26.90,13.4500,true,1,230604
7290110114961,false,משקל פריגת תפוזים 1.,מולינו ניקולי s.p.a,IL,"פריגת תפוזים, 1.5 ליטר",ליטרים,1.50,ליטר,false,1,9.90,6.6000,true,1,230608
7290110114985,false,משקל פריגת אשכוליות,מולינו ניקולי s.p.a,IL,פריגת בטעם אשכוליות 1.5 ליטר,ליטרים,1.50,ליטר,false,1,9.90,6.6000,true,1,230610
7290110115005,false,משקל פריגת ענבים 1.5,מולינו ניקולי s.p.a,IL,משקה קל פירות ענבים תפוחים,ליטרים,1.50,ליטר,false,1,9.90,6.6000,true,1,230612
7290110115029,false,משקל פריגת תפוחים 1.,מולינו ניקולי s.p.a,IL,משקל פריגת תפוחים 1.5 ליטר,ליטרים,1.50,ליטר,false,1,9.90,6.6000,true,1,230614
7290110115036,false,משקל פריגת מנגו 1.5,מולינו ניקולי s.p.a,IL,משקל פריגת מנגו 1.5 ליטר,ליטרים,1.50,ליטר,false,1,9.90,6.6000,true,1,230615
7290110115043,false,משקל פריגת לימונענע,מולינו ניקולי s.p.a,IL,משקה קל פירות לימונענע,ליטרים,1.50,ליטר,false,1,9.90,6.6000,true,1,230616
7290110115050,false,משקל פריגת תות בננה,מולינו ניקולי s.p.a,IL,משקל פריגת תות בננה 1.5 ליטר,ליטרים,1.50,ליטר,false,1,9.90,6.6000,true,1,230617
7290110115296,false,פאנטה אורנג בקבוק 1.,תות תעשיות מזון (201,IL,פאנטה אורנג' 1.5 ליטר,ליטרים,1.50,ליטר,false,1,8.90,5.9333,true,1,230638
7290110115456,false,תה קר פיוזתה אפרסק 1,מולינו ניקולי s.p.a,IL,FUZE tea אפרסק 19 קל' 1.5 ליטר,ליטרים,1.50,ליטר,false,1,9.90,6.6000,true,1,230653
7290110115463,false,תה קר FUZE TEA אפרסק,מולינו ניקולי s.p.a,IL,פיוזטי אפרסק 1.5 ליטר,ליטרים,1.50,ליטר,false,1,9.90,6.6000,true,1,230654
7290110115586,false,פריגת משקל 40% פ.סוכ,מולינו ניקולי s.p.a,IL,"פריגת משק""ל תפוזים 40% פחות סוכר 1.5 ליטר",ליטרים,1.50,ליטר,false,1,9.90,6.6000,true,1,230661
7290110115654,false,ZERO פיוז טי גרין אנ,מולינו ניקולי s.p.a,IL,פיוזטי ZERO גרין אננס 0.5 ליטר,מיליליטרים,500.00,"100 מ""ל",false,1,8.50,1.7000,true,1,230727
7290110115661,false,ZERO פיוז טי אפרסק 5,מולינו ניקולי s.p.a,IL,פיוזטי ZERO אפרסק 0.5 ליטר,מיליליטרים,500.00,"100 מ""ל",false,1,8.50,1.7000,true,1,230726
7290110115777,false,מים נביעות בקבוק 1.5,נביעות,,מים נביעות בקבוק 1.5 ליטר,ליטרים,1.50,ליטר,false,1,4.20,2.8000,true,1,230749
7290110115821,false,ספרייט בקבוק 1.5 ליט,כלורוקס אוקלנד,IL,ספרייט בקבוק 1.5 ליטר,ליטרים,1.50,ליטר,false,1,8.90,5.9333,true,1,230635
7290110115838,false,ספרייט זירו בקבוק 1.,"אינסטנטה בע""מ",IL,ספרייט זירו בקבוק 1.5 ליטר,ליטרים,1.50,ליטר,false,1,8.90,5.9333,true,1,230636
7290110115845,false,קוקה קולה בקבוק  1.5,"אינסטנטה בע""מ",IL,קוקה קולה בקבוק  1.5 ליטר,ליטרים,1.50,ליטר,false,1,8.90,5.9333,true,1,230629
7290110115869,false,קוקה קולה זירו בקבוק,תות תעשיות מזון (201,IL,קוקה קולה זירו בקבוק 1.5 ליטר,ליטרים,1.50,ליטר,false,1,8.90,5.9333,true,1,230631
7290110116125,false,סירופ בטעם פטל 750 מ,פריגת,IL,סירופ בטעם פטל 750 מל,מיליליטרים,750.00,"100 מ""ל",false,1,24.90,3.3200,true,1,234253
7290110116385,false,קולה קולה  זירו סטאפ,החברה המרכזית למשקאו,IL,קולה קולה  זירו סטאפני 330 מל,מיליליטרים,330.00,"100 מ""ל",false,1,7.50,2.2727,true,1,232909
7290110116576,false,ספרייט זירו למון היט,החברה המרכזית לייצור,IL,"ספרייט זירו למון היט 500 מ""ל",מיליליטרים,500.00,"100 מ""ל",false,1,7.50,1.5000,true,1,234325
7290110320850,false,פתיתי עמק בשקית 200,מולינו ניקולי s.p.a,IL,עמק פתיתים 28% שומן 200 גרם,גרמים,200.00,100 גרם,false,1,15.50,7.7500,true,1,206525
7290110320867,false,פתיתי עמק למאפים 28%,מולינו ניקולי s.p.a,IL,עמק פתיתים 28% שומן 500 גרם,גרמים,500.00,100 גרם,false,1,34.90,6.9800,true,1,206379
7290110320935,false,פרוסות מוצרלה 150 גר,גוד פוד פרודקטס S.p,IL,תנובה פרוסות מוצרלה 20% שומן 150 גרם,גרמים,150.00,100 גרם,false,1,17.40,11.6000,true,1,206408
7290110321284,false,קוטג בקטנה 9% 100 גר,פארייפאבה אגרואינדוס,IL,תנובה קוטג' 9% בקטנה 100 גרם,גרמים,100.00,100 גרם,false,1,2.70,2.7000,true,1,207648
7290110321697,false,יוגורט יופלה GO אפרס,מיוצר עי קונדיטוריית,IL,יוגורט עם אפרסק בתוספת חלבוני חלב,גרמים,200.00,100 גרם,false,1,5.90,2.9500,true,1,208507
7290110321789,false,קרם מסקרפונה250גרם,תנובה,IL,קרם מסקרפונה250גרם,גרמים,250.00,100 גרם,false,1,21.50,8.6000,true,1,208747
7290110322014,false,טופו טבעי 300 גרם,שוורצקוף& הנקל דיסלד,IL,טופו טבעי 300 גרם,גרמים,300.00,100 גרם,false,1,12.50,4.1667,true,1,211189
7290110322021,false,טופו בזיליקום 300 גר,שוורצקוף& הנקל דיסלד,IL,טופו בטעם בזיליקום,גרמים,300.00,100 גרם,false,1,12.50,4.1667,true,1,211188
7290110323066,true,משקה יוגורט מועשר בח,מיוצר עי קונדיטוריית,IL,משקה יוגורט GO 20מועשר בחלבון בננה ואפר,מיליליטרים,236.00,"100 מ""ל",false,1,6.50,2.7542,true,1,213358
7290110323073,false,משקה יוגורט  יופלה G,מיוצר עי קונדיטוריית,IL,משקה יוגורט  יופלה GO 20 מועשר בחלבון תו,מיליליטרים,236.00,"100 מ""ל",false,1,6.50,2.7542,true,1,213359
7290110323585,true,יוגורט עם דובדבן מופ,מיוצר עי קונדיטוריית,IL,יוגורט עם דובדבן מופחת קולוריות GO200גרם,גרמים,200.00,100 גרם,false,1,5.90,2.9500,true,1,213702
7290110323592,true,יוגורט עם אפרסק מופח,מיוצר עי קונדיטוריית,IL,יוגורט עם אפרסק מופחת קולוריות GO200גרם,גרמים,200.00,100 גרם,false,1,5.90,2.9500,true,1,213703
7290110324711,false,ממרח סויה 9% בטעם טב,מיוצר עי קונדיטוריית,IL,ממרח סויה 9% בטעם טבעי,גרמים,250.00,100 גרם,false,1,9.50,3.8000,true,1,216273
7290110324728,false,ממרח סויה 9% עם שום,מיוצר עי קונדיטוריית,IL,ממרח סויה 9% עם שום שמיר,גרמים,250.00,100 גרם,false,1,9.50,3.8000,true,1,216274
7290110324841,false,מעדן שקדים עם שוקולד,מיוצר עי קונדיטוריית,IL,מעדן שקדים עם שוקולד מריר אלטרנטיב 125גר,גרמים,125.00,100 גרם,false,1,4.30,3.4400,true,1,218161
7290110324858,false,מעדן שקדים בטעם אגוז,מיוצר עי קונדיטוריית,IL,מעדן שקדים בטעם אגוזי לוז אלטרנטיב 125 ג,גרמים,125.00,100 גרם,false,1,4.30,3.4400,true,1,218162
7290110324926,false,משקה סויה ללא תוספת,"תנובה בע""מ",IL,משקה סויה ללא תוספת סוכר  1 ליטר,ליטרים,1.00,ליטר,false,1,11.50,11.5000,true,1,218171
7290110325121,false,משקה יוגורטGO  לייט,"תנובה בע""מ",IL,משקה יוגורטGO  לייט מנגו אננס 250מל,מיליליטרים,250.00,"100 מ""ל",false,1,6.50,2.6000,true,1,217390
7290110325305,false,מעדן סויהGO 20 גרם ח,מיוצר עי קונדיטוריית,IL,מעדן סויהGO 20 גרם חלבון במתיקות מעודנת 200גרם,גרמים,200.00,100 גרם,false,1,5.90,2.9500,true,1,218165
7290110325428,false,גבינה לבנה למריחה 5%,מיוצר עי קונדיטוריית,IL,גבינה לבנה למריחה 5%קרקרים 145גרם,גרמים,145.00,100 גרם,false,1,5.90,4.0690,true,1,221436
7290110325619,false,משקה שיבולת שועל  1ל,מיוצר עי קונדיטוריית,IL,משקה שיבולת שועל  1ליטר,ליטרים,1.00,ליטר,false,1,12.90,12.9000,true,1,218743
7290110326210,false,יופלה און טופ פצפוצי,מיוצר עי קונדיטוריית,IL,יופלה און טופ פצפוצים 157 גרם,גרמים,157.00,100 גרם,false,1,4.90,3.1210,true,1,219190
7290110326227,false,יופלה און טופ קורנפל,מיוצר עי קונדיטוריית,IL,יופלה און טופ קורנפלקס  157 גרם,גרמים,157.00,100 גרם,false,1,4.90,3.1210,true,1,219192
7290110326234,false,יופלה און טופ כוכבים,מיוצר עי קונדיטוריית,IL,יופלה און טופ כוכבים 157 גרם,גרמים,157.00,100 גרם,false,1,4.90,3.1210,true,1,219191
7290110327514,false,משקה שיבולת שועל  אל,תנובה,IL,משקה שיבולת שועל  אלטרנטיב אגוזי לוז 1 ל,ליטרים,1.00,ליטר,false,1,12.90,12.9000,true,1,230301
7290110327798,false,חטיף חלבון גו בטעם ש,"בלמונט קונפקציות בע""",US,GO חטיף חלבון  בטעם שוקולד 60 גרם,גרמים,60.00,100 גרם,false,1,12.90,21.5000,true,1,223093
7290110327811,false,חטיף חלבון גו קוקוס,"בלמונט קונפקציות בע""",US,GO חטיף חלבון עם קוקוס 60 גרם,גרמים,60.00,100 גרם,false,1,12.90,21.5000,true,1,223095
7290110327828,false,חטיף חלבון גו חמאת ב,"בלמונט קונפקציות בע""",US,GO חטיף חלבון עם חמאת בוטנים 60 גרם,גרמים,60.00,100 גרם,false,1,12.90,21.5000,true,1,223096
7290110328474,false,פלח פרמגיאנו רגיאנו,מנדלז סי.אר. פרודקשן,IT,פלח פרמגיאנו רגיאנו קולקשיין 150 גרם,גרמים,150.00,100 גרם,false,1,29.90,19.9333,true,1,222715
7290110328764,false,יוגורט GO סמיך 0% תו,מיוצר עי קונדיטוריית,IL,יוגורט GO סמיך 0% תות 200 גרם,גרמים,200.00,100 גרם,false,1,5.90,2.9500,true,1,223123
7290110328771,false,יוגורט GO סמיך 0% פ.,מיוצר עי קונדיטוריית,IL,יוגורט GO סמיך 0% פ. יער 200 גרם,גרמים,200.00,100 גרם,false,1,5.90,2.9500,true,1,223122
7290110328788,false,יוגורט GO סמיך 0% אפ,תנובה בעמ,IL,יוגורט GO סמיך 0% אפרסק 200 גרם,גרמים,200.00,100 גרם,false,1,5.90,2.9500,true,1,223121
7290110329273,false,יוגורט תנובה מחלב עי,תנובה,IL,יוגורט תנובה מחלב עיזים   750 גרם,גרמים,750.00,100 גרם,false,1,20.90,2.7867,true,1,229695
7290110329686,false,משקה חלב GO בטעם עוג,מיוצר עי קונדיטוריית,IL,משקה חלב GO בטעם עוגיות 340 מל,מיליליטרים,340.00,"100 מ""ל",false,1,8.50,2.5000,true,1,230308
7290110329792,false,סויה אלטרנטיב  ביו א,מיוצר עי קונדיטוריית,IL,סויה אלטרנטיב  ביו אפרסק150 גרם,גרמים,150.00,100 גרם,false,1,4.50,3.0000,true,1,230791
7290110329808,false,סויה אלטרנטיב  ביו ת,מיוצר עי קונדיטוריית,IL,סויה אלטרנטיב  ביו תות 150 גרם,גרמים,150.00,100 גרם,false,1,4.90,3.2667,true,1,230790
7290110329822,false,סויה אלטרנטיב  ביו פ,מיוצר עי קונדיטוריית,IL,סויה אלטרנטיב  ביו פירות יער   150 גרם,גרמים,150.00,100 גרם,false,1,4.90,3.2667,true,1,230902
7290110329846,false,סויה אלטרנטיב  ביו ט,מיוצר עי קונדיטוריית,IL,סויה אלטרנטיב  ביו טבעי150 גרם,גרמים,150.00,100 גרם,false,1,4.90,3.2667,true,1,230792
7290110420154,false,תיק גב מודפס 40x38,,,תיק גב מודפס 40x38,יחידה,1.00,יחידה,false,1,49.90,49.9000,true,1,208683
7290110420772,false,כובע סרוג קסקט נשים,IMPOFIX,,כובע סרוג קסקט נשים,לא מנהל יחידת מידה,0.00,לא מנהל יחידת מידה,false,1,34.90,0.0000,true,1,217808
7290110421106,false,נעלי בובה חלק גבר/אי,IMPOFIX,,נעלי בובה חלק גבר/אישה,לא מנהל יחידת מידה,0.00,לא מנהל יחידת מידה,false,1,22.90,0.0000,true,1,203135
7290110422752,false,חם צוואר פרווה דגם U,IMPOFIX,,חם צוואר פרווה דגם USA,לא מנהל יחידת מידה,0.00,לא מנהל יחידת מידה,false,1,18.90,0.0000,true,1,212772
7290110423216,false,כפפה נשים חצי ללא אצ,IMPOFIX,,כפפה נשים חצי ללא אצבעות,לא מנהל יחידת מידה,0.00,לא מנהל יחידת מידה,false,1,14.90,0.0000,true,1,217817
7290110424510,false,נעלי בובה נשים נקודו,IMPOFIX,,נעלי בובה נשים נקודות,יחידה,1.00,יחידה,false,1,19.90,19.9000,true,1,217820
7290110424619,false,צעיף נשים סגור,,,צעיף נשים סגור,יחידה,1.00,יחידה,false,1,29.90,29.9000,true,1,212750
7290110424879,false,פותחן יין איכותי צבע,,,פותחן יין איכותי צבעוני,יחידה,1.00,יחידה,false,1,17.90,17.9000,true,1,208140
7290110472016,false,כבל 2 מטר - TYPE C,,,כבל 2 מטר - TYPE C,יחידה,1.00,יחידה,false,1,39.90,39.9000,true,1,218185
7290110472467,false,מתאם למצת TYPE C,,,מתאם למצת TYPE C,יחידה,0.00,יחידה,false,1,44.90,0.0000,true,1,218024
7290110472474,false,מתאם קיר TYPE C,,,מתאם קיר TYPE C,יחידה,1.00,יחידה,false,1,54.90,54.9000,true,1,218025
7290110472856,false,מטען רכב Qualcomm Du,,,מטען רכב Qualcomm Duet,יחידה,1.00,יחידה,false,1,49.90,49.9000,true,1,218016
7290110474256,false,כבל aux iron man,,,כבל aux iron man,יחידה,1.00,יחידה,false,1,49.90,49.9000,true,1,218020
7290110474560,false,אוזניות מיקרופון NEW,,,אוזניות מיקרופון NEW AGE SOUND,יחידה,1.00,יחידה,false,1,49.90,49.9000,true,1,218028
7290110474577,false,אוזניות מיקרופון DOU,,,אוזניות מיקרופון DOUBLE OUT LOUD,יחידה,1.00,יחידה,false,1,79.90,79.9000,true,1,218027
7290110474706,false,מעמד מגנטי למזגן POW,,,מעמד מגנטי למזגן POWER VENT,יחידה,1.00,יחידה,false,1,49.90,49.9000,true,1,218029
7290110474911,false,סוללת גיבוי 20000MAH,,,סוללת גיבוי 20000MAH SOLID POWER,יחידה,1.00,יחידה,false,1,99.90,99.9000,true,1,218054
7290110475116,false,מטען קיר SPEEDY,,,מטען קיר SPEEDY,יחידה,1.00,יחידה,false,1,79.90,79.9000,true,1,218018
7290110476267,false,מטען קיר מאושר אפל 2,,,מטען קיר מאושר אפל 2,יחידה,1.00,יחידה,false,1,119.00,119.0000,true,1,221977
7290110552220,false,דנונה פרו 20 חלבון,"שטראוס בריאות בע""מ",IL,'דנונה פרו 20גר' ללא סוכר תות,גרמים,200.00,100 גרם,false,1,5.90,2.9500,true,1,230869
7290110553029,false,אנרגי פריכיות חלבון,שטראוס,IL,אנרגי פריכיות חלבון קייל חומוס ומלח 60,גרמים,60.00,100 גרם,false,1,10.90,18.1667,true,1,231135
7290110553173,false,אנרג`י פריכיות בטעם,שטראוס גרופ,IL,אנרג`י פריכיות בטעם קרמל 40 גרם,מיליליטרים,40.00,"100 מ""ל",false,1,7.90,19.7500,true,1,232930
7290110553180,false,אנרג`י פריכיות בטעם,שטראוס גרופ,IL,אנרג`י פריכיות בטעם תפוח קינמון 40 גרם,מיליליטרים,40.00,"100 מ""ל",false,1,7.90,19.7500,true,1,232931
7290110553210,false,סבבה בוטנים הוט באפל,שטראוס,IL,סבבה בוטנים הוט באפלו ווינגס 50 גרם,גרמים,50.00,100 גרם,false,1,2.90,5.8000,true,1,232758
7290110553623,false,ציטוס קראנץ צדר חלפי,שטראוס,IL,ציטוס קראנץ צדר חלפיניו 80 גרם,גרמים,80.00,100 גרם,false,1,4.90,6.1250,true,1,233088
7290110553906,false,סלט פלפלים דליקטס 25,שטראוס,IL,סלט פלפלים דליקטס 250 גרם,גרמים,250.00,100 גרם,false,1,11.90,4.7600,true,1,231032
7290110554118,false,נודלס מלזי חריף דל,"טרופיקל דגיל בע""מ אז",IL,נודלס מלזי חריף דלישס 350גרם,גרמים,350.00,100 גרם,false,1,26.90,7.6857,true,1,229937
7290110554699,false,קפסולות קפה אספרסו ע,שטראוס קפה בי.וי.,IL,קפסולות קפה אספרסו עולה 50 גרם,גרמים,50.00,100 גרם,false,1,16.90,33.8000,true,1,232915
7290110554705,false,קפסולות קפה אספרסו י,שטראוס קפה בי.וי.,IL,קפסולות קפה אספרסו יוניקו 50 גרם,גרמים,50.00,100 גרם,false,1,16.90,33.8000,true,1,232914
7290110556242,false,שוקולד פרה מריר 100,"שטראוס גרופ בע""מ.",IL,שוקולד פרה מריר 100 גרם,גרמים,100.00,100 גרם,false,1,5.90,5.9000,true,1,233789
7290110557133,false,מעדן הגולן וניל 125,מיוצר עי קונדיטוריית,IL,מעדן הגולן וניל,גרמים,125.00,100 גרם,false,1,3.20,2.5600,true,1,229905
7290110558314,false,דנונה פרו 20 גרםללא,שטראוס,IL,דנונה פרו 20 גרםללא סוכר בטעם פיסטוק,גרמים,200.00,100 גרם,false,1,5.90,2.9500,true,1,232546
7290110560300,false,פריכיות משולשות-פלפל,פרח,IL,פריכיות משולשות- פלפל שחור,גרמים,30.00,100 גרם,false,1,5.90,19.6667,true,1,213441
7290110560317,false,פריכיות משולשות- מלח,פרח,IL,פריכיות משולשות- מלח ים,גרמים,30.00,100 גרם,false,1,5.90,19.6667,true,1,213442
7290110560324,false,פריכיות משולשות אפונ,פרח,IL,פריכיות משולשות- אפונה ירוקה,גרמים,30.00,100 גרם,false,1,5.90,19.6667,true,1,213443
7290110561352,false,יוגורט דנונה דל לקטו,"שטראוס בריאות בע""מ",IL,דנונה דל לקטוז בתוספת סידן,גרמים,200.00,100 גרם,false,1,3.70,1.8500,true,1,209021
7290110563431,false,משקה קפה קר   קלאסי,האי נאם סי או אל.טי.,AT,משקה קפה קר בסגנון קלאסי 1.6%,מיליליטרים,230.00,"100 מ""ל",false,1,7.90,3.4348,true,1,214657
7290110563448,false,משקה קפה קר  מעודן 1,האי נאם סי או אל.טי.,AT,משקה קפה קר בסגנון מעודן 1.6%,מיליליטרים,230.00,"100 מ""ל",false,1,7.90,3.4348,true,1,214658
7290110563462,false,חלב בבקבוק נטול לקטו,מחלבת יטבתה,IL,חלב בבקבוק נטול לקטוז 2%,ליטרים,1.00,ליטר,false,1,8.20,8.2000,true,1,214956
7290110564360,false,חומוס עשיר ב40% טחינ,מיוצר עי קונדיטוריית,IL,חומוס עשיר ב40% טחינה הסדרה המובחרת400 d,גרמים,400.00,100 גרם,false,1,14.90,3.7250,true,1,207665
7290110565527,false,דנונה פרו 20 גרם חלב,"שטראוס בריאות בע""מ",IL,דנונה פרו 20 גר 1.5% שומן,גרמים,200.00,100 גרם,false,1,5.90,2.9500,true,1,207047
7290110566579,false,דבש לחיץ יד מרדכי  2,מכוורת יד מרדכי שטרא,IL,דבש בקבוק לחיץ 200 גרם,גרמים,200.00,100 גרם,false,1,12.90,6.4500,true,1,217273
7290110568276,false,משקה יטבתה פרו וניל,,IL,משקה וניל עם חלבון חלב 350 מיל,מיליליטרים,350.00,"100 מ""ל",false,1,6.50,1.8571,true,1,210051
7290110568511,false,קונפיטורת פירות יער,בייר,FR,קונפיטורת פירות יער במתיקות מעודנת 265 ג,גרמים,265.00,100 גרם,false,1,14.90,5.6226,true,1,215249
7290110570224,false,משקה קפה קר בטעם עוג,תנובה,IL,משקה קפה קר בטעם עוגיות 230מל,מיליליטרים,230.00,"100 מ""ל",false,1,7.90,3.4348,true,1,232536
7290110576318,false,מארז שלישיית שוקולד,שטראוס,IL,מארז שלישיית אגוז לבן 3*100 גרם,גרמים,300.00,100 גרם,false,3,27.90,9.3000,true,1,234017
7290110576363,false,ספלנדיד שוקולד מריר,קימ'ס גריפלנן,BE,ספלנדיד שוקולד מריר אוגנדה 80%,גרמים,100.00,100 גרם,false,1,8.90,8.9000,true,1,234140
7290110576370,false,מארז שלישיית שוקולד,שטראוס,IL,מארז שלישיית שוקולד  אגוז מריר 100 גרם,גרמים,300.00,100 גרם,false,3,27.90,9.3000,true,1,234018
7290110576387,false,מארז שלישיית שוקולד,שטראוס,IL,מארז שלישיית שוקולד אגוז חלב 100 גרם,גרמים,300.00,100 גרם,false,3,27.90,9.3000,true,1,234016
7290110576752,false,ספלנדיד מריר 70% 100,קימ'ס גריפלנן,BE,ספלנדיד מריר 70% 100 גרם,גרמים,100.00,100 גרם,false,1,9.90,9.9000,true,1,234380
7290110576776,false,ספלנדיד מריר 85% 100,קימ'ס גריפלנן,BE,ספלנדיד מריר 85% 100 גרם,גרמים,100.00,100 גרם,false,1,9.90,9.9000,true,1,234381
7290110576868,false,גמדים רביעיית סלט פי,שטראוס,IL,גמדים רביעיית סלט פירות 400גרם,גרמים,400.00,100 גרם,false,1,11.90,2.9750,true,1,234228
7290111090424,false,ICARE מגבונים להסרת,די פי אל,IL,ICARE מגבונים להסרת לק,לא מנהל יחידת מידה,0.00,לא מנהל יחידת מידה,false,1,8.90,0.0000,true,1,214558
7290111340178,true,מטליות לניקוי כללי ב,עלבד משואות יצחק בעמ,IL,מטליות לניקוי כללי ב,Unknown,0.00,Unknown,false,1,13.90,0.0000,true,1,219760
7290111341533,false,תחבושות קוטקס אקטיב,קימברלי,IL,תחבושות קוטקס אקטיב סופר דואו 18 יחידות,לא מנהל יחידת מידה,0.00,לא מנהל יחידת מידה,false,1,19.90,0.0000,true,1,216680
7290111341984,false,לילי לח רביעייה,קימברלי,GB,לילי לח רביעייה,יחידה,1.00,יחידה,false,1,22.90,22.9000,true,1,218105
7290111342059,false,ניקול מטליות מיקרופי,סנו,IL,מטליות לחות לניקוי וחיטוי משטחים אנטיבקטריאלי,לא מנהל יחידת מידה,0.00,לא מנהל יחידת מידה,false,1,13.90,0.0000,true,1,218985
7290111342547,false,מגן תחתון  קוטקס יאנ,קימברלי,CN,מגן תחתון  קוטקס יאנג - 76 יח,לא מנהל יחידת מידה,0.00,לא מנהל יחידת מידה,false,1,22.90,0.0000,true,1,218815
7290111343117,false,קלינקס לושן סופט זוג,קימברלי,IL,קלינקס טישו לושן סופט פק זוגות - 140 דף,לא מנהל יחידת מידה,0.00,לא מנהל יחידת מידה,false,1,13.90,0.0000,true,1,221241
7290111343445,false,ניקול מטליות חיטוי ו,חוגלה קימברלי,IL,ניקול מטליות חיטוי וניקוי 70% אלכוהול,יחידה,1.00,יחידה,false,1,26.90,26.9000,true,1,219269
7290111343797,false,ניקול מטליות לחות לנ,עלבד,IL,מטליות לחות לניקוי חלונות,יחידה,1.00,יחידה,false,1,11.90,11.9000,true,1,220974
7290111344206,false,האגיס מגבונים לחים מ,קימברלי,IL,מגבוני האגיס נטורל קייר מבושם 4*64,לא מנהל יחידת מידה,0.00,לא מנהל יחידת מידה,false,1,18.90,0.0000,true,1,230367
7290111344824,false,קוטקס מגן תחתון אנטי,,CN,קוטקס מגן תחתון אנטיבקטרי 52 יחידות,יחידה,1.00,יחידה,false,1,19.90,19.9000,true,1,230831
7290111344831,false,מגן תחתון קוטקס נורמ,,CN,מגן תחתון קוטקס נורמל 60 יחידות,יחידה,1.00,יחידה,false,1,19.90,19.9000,true,1,230832
7290111345814,false,נייר טואלט לילי נטור,קימברלי,IL,נייר טואלט לילי נטורל קר 30 גלילים,יחידה,1.00,יחידה,false,1,34.90,34.9000,true,1,230834
7290111346088,false,נייר טואלט מולט  30,,,נייר טואלט מולט  30 גלילים,יחידה,1.00,יחידה,false,1,27.90,27.9000,true,1,232847
7290111346293,false,מגבת נייר ניקול שישי,חוגלה,IL,מגבת נייר ניקול שישייה מהדורה,יחידה,6.00,יחידה,false,1,12.90,2.1500,true,1,232295
7290111350030,false,רסק תפוחי עץ טבעי 67,טעמי הגליל,IL,רסק תפוחי עץ טבעי 670 גרם,גרמים,670.00,100 גרם,false,1,13.30,1.9851,true,1,203866
7290111350665,false,דבש לחיץ 350 גרם,דולפין ספא,IL,קליית גת דבש לחיץ טהור מפרחי בר 350 גרם,גרמים,350.00,100 גרם,false,1,27.90,7.9714,true,1,213278
7290111350672,false,דבש קליית גת  700 גר,דולפין ספא,IL,קליית גת דבש טהור מפרחי בר 700 גרם,גרמים,700.00,100 גרם,false,1,36.90,5.2714,true,1,213279
7290111350719,false,נאצוס הוטפופ מסעדות,פופז,US,נאצוס הוטפופ מסעדות 332 גרם,גרמים,332.00,100 גרם,false,1,14.90,4.4880,true,1,215290
7290111350726,false,נאצוס הוטפופ מקסיקני,פופז,US,נאצוס הוטפופ מקסיקני 332 גרם,גרמים,332.00,100 גרם,false,1,14.90,4.4880,true,1,215289
7290111351280,false,תערובת אגוזים קלויים,קליית גת,IL,תערובת אגוזים קלויים ללא מלח 150 ג,גרמים,150.00,100 גרם,false,1,19.90,13.2667,true,1,214721
7290111351334,false,תמר מגהול 650 גרם,הדקלאים אגודת שיתופי,IL,קליית גת תמר מג'הול טבעי 650 גרם,גרמים,650.00,100 גרם,false,1,26.90,4.1385,true,1,217260
7290111352430,false,ממרח תמרים טבעי  קלי,"כד בני דרום בע""מ",IL,ממרח תמרים טבעי  קלייית גת  440 גרם,גרמים,440.00,100 גרם,false,1,14.90,3.3864,true,1,226745
7290111352973,false,קוביות חמוצות 220 גר,סאדאט,TR,קוביות חמוצות ממולאות בטעם פירות,גרמים,220.00,100 גרם,false,1,8.90,4.0455,true,1,227296
7290111354083,false,תערובת אגוזים מקורמל,קליית גת,IL,תערובת אגוזים מקורמלים וצימוקים 150 גרם,גרמים,150.00,100 גרם,false,1,19.90,13.2667,true,1,231049
7290111354090,false,תערובת אגוזים וחמוצי,קליית גת,IL,תערובת אגוזים וחמוציות 150 גרם,גרמים,150.00,100 גרם,false,1,19.90,13.2667,true,1,231048
7290111533419,false,עוגיות אנגל בוטנים מ,מאפית אנגל,IL,עוגיות אנגל בוטנים מצופה כשלפ 350 גרם,גרמים,350.00,100 גרם,false,1,17.90,5.1143,true,1,219022
7290111564277,false,פיטנס פריכיות 3 דגני,PT,IL,פיטנס פריכיות 3 דגנים דקות 12*120גרם,גרמים,120.00,100 גרם,false,1,10.90,9.0833,true,1,205665
7290111564291,false,פריכיות דקות עם קינו,PT,IL,פיטנס פריכיות דקות עם קינואה 12*120גרם,גרמים,120.00,100 גרם,false,1,10.90,9.0833,true,1,205666
7290111564956,false,ביסלי במבה מיקס 200,אסם,IL,ביסלי במבה מיקס 18*200גרם,גרמים,200.00,100 גרם,false,1,9.90,4.9500,true,1,206192
7290111565038,false,לה קרמריה וניל קוקיל,המאפיה של הרמן,IL,לה קרמריה וניל קוקילידה בדצ6*1.4ליטר חדש,ליטרים,1.40,ליטר,false,1,21.90,15.6429,true,1,209131
7290111565144,false,טילון אקסטרים מטבע ש,נסטלה,,טילון אקסטרים מטבע שוקולד לבן וניל 137 ג,גרמים,137.00,100 גרם,false,1,10.90,7.9562,true,1,207598
7290111565502,false,גלידה סנדויץ אוריאו,ג'נרל מילס סאן אדריא,IT,אוראו סנדביץ'אימפלס24*80ג12359343,גרמים,80.00,100 גרם,false,1,10.50,13.1250,true,1,207596
7290111566318,false,שניצל דק טבעול מן הצ,כצט,IL,טבעול שניצל דק מן הצומח 8*564גרם,גרמים,564.00,100 גרם,false,1,32.90,5.8333,true,1,208018
7290111566332,false,נקניקיות וינר טבעול,טבעול,IL,נקניקיות וינר טבעול צמחוניות 680 גרם,גרמים,680.00,100 גרם,false,1,32.90,4.8382,true,1,208009
7290111566561,false,שניצל ברוקולי טבעול,כצט,IL,טבעול שניצל ברוקולי 99 קלוריות 6*560ג,גרמים,560.00,100 גרם,false,1,31.90,5.6964,true,1,208016
7290111566660,false,טבעול קציצות עדשים,כצט,IL,טבעול קציצות עדשים כתומות 6*530גרם,גרמים,530.00,100 גרם,false,1,32.90,6.2075,true,1,208012
7290111566714,false,טבעול המבורגר צמחוני,טבעול,IL,טבעול המבורגר צמחוני 99,גרמים,600.00,100 גרם,false,1,32.90,5.4833,true,1,208003
7290111567759,false,עוגת הבית דבש קלאסי,"אסם השקעות בע""מ",IL,הבית עוגת דבש קלאסית 8*400גרם,גרמים,400.00,100 גרם,false,1,14.90,3.7250,true,1,212240
7290111568275,false,נודלס אטריות אורז רח,תאי פרזידנט,TH,אסם נודלס אטריות אורז רחבות 16*300גרם,גרמים,300.00,100 גרם,false,1,9.90,3.3000,true,1,210028
7290111568466,false,רוטב אסייתי למוקפץ,אסם השקעות,IL,אסם רוטב אסיאתי למוקפץ 9*290 מל,מיליליטרים,290.00,"100 מ""ל",false,1,13.90,4.7931,true,1,210032
7290111930102,false,קוקי דפי קוקי לתבנית,,IL,קוקי דפי קוקי לתבנית 25 יחידות,יחידה,1.00,יחידה,false,1,15.90,15.9000,true,1,205986
7290111930911,false,חטיף פוף לבבות קלאסי,מנה,IL,מנה חטיף פוף קלאסי לבבות 40 גרם,גרמים,40.00,100 גרם,false,1,3.50,8.7500,true,1,206578
7290111932502,false,משחת שיניים אופטיק ו,COLGATE ($) -PALMOLI,PL,"קולגייט אופטיק וויט אקספרט 75 מ""ל",מיליליטרים,75.00,"100 מ""ל",false,1,27.90,37.2000,true,1,212959
7290111933561,false,תערובת ציפוי נאגטס מ,טסט וסנט קו.לטד,TH,תערובת ציפוי נאגטס מסטרשף 250,גרמים,250.00,100 גרם,false,1,7.90,3.1600,true,1,229796
7290111937712,false,קוקי רדיד אלומיניום,קוקי,CN,קוקי רדיד אלומיניום עטוף בנייר אפייה 2 ב,יחידה,1.00,יחידה,false,1,11.90,11.9000,true,1,218808
7290111939143,false,קוקי נייר אפייה עגול,,IL,קוקי נייר אפייה עגול קוטר 28,יחידה,1.00,יחידה,false,1,7.90,7.9000,true,1,218807
7290112002099,false,קולון גל 2.5 ליטר רג,רקיט בנקיזר,IL,ג'ל כביסה קולון קלאסי 2.5 ליטר,ליטרים,2.50,ליטר,false,1,28.90,11.5600,true,1,218228
7290112002112,false,קולון גל 2.5 ליטר ור,רקיט בנקיזר,IL,ג'ל כביסה קולון בניחוח מאסק 2.5 ליטר,ליטרים,2.50,ליטר,false,1,28.90,11.5600,true,1,218227
7290112192882,false,משחת שיניים סנסודיין,יוליניבר,DE,משחת שיניים סנסודיין רגישות וחניכיים מלב,מיליליטרים,75.00,"100 מ""ל",false,1,29.90,39.8667,true,1,220959
7290112330352,false,דנונה פרו 20גרם וניל,"שטראוס בריאות בע""מ",IL,דנונה פרו 20 גר וניל 0% שומן,גרמים,200.00,100 גרם,false,1,5.90,2.9500,true,1,215697
7290112330390,false,דנונה פרו 20גרם פירו,"שטראוס בריאות בע""מ",IL,דנונה פרו 20 גר פירות יער 0% שומן,גרמים,200.00,100 גרם,false,1,5.90,2.9500,true,1,215698
7290112332585,false,פרכיות משולשות תפוא,פרח,IL,פריכיות משולשות-סלק,גרמים,30.00,100 גרם,false,1,5.90,19.6667,true,1,216277
7290112332691,false,עוגיית קרם פסק זמן א,תות תעשיות מזון (201,IL,פינוקיות קרם פסק זמן,גרמים,200.00,100 גרם,false,1,11.90,5.9500,true,1,216414
7290112332899,false,בזוקה פופים קלאסי 58,רוג'ר אנד רוג'ר,DE,בזוקה פופים קלאסי 58 ג,גרמים,58.00,100 גרם,false,1,9.90,17.0690,true,1,216416
7290112334749,false,קפה טורקי עלית 200גר,שטראוס קפה בי.וי,IL,עלית טורקי שקית 200 ג 10% תוספת,גרמים,200.00,100 גרם,false,1,15.90,7.9500,true,1,217448
7290112335043,false,מרשמלו בזוקה 150 גרם,תות תעשיות מזון (201,IL,מרשמלו בזוקה 150גר וועסטהיים,גרמים,150.00,100 גרם,false,1,7.90,5.2667,true,1,215918
7290112335050,false,מרשמלו וניל 150 גרם,סנו מפעלי ברונוס.,IL,מרשמלו וניל 150 גר וועסטהיים,גרמים,150.00,100 גרם,false,1,7.90,5.2667,true,1,215919
7290112336637,false,סוכריות ללס תות אוכמ,מיישקו,PL,סוכריות ללס יוגורט תות אוכמניות,גרמים,80.00,100 גרם,false,1,8.90,11.1250,true,1,218699
7290112336644,false,סוכריות ללס לימון 80,פלזנסקי,PL,סוכריות ללס לימון 80 ג חדש,גרמים,80.00,100 גרם,false,1,8.90,11.1250,true,1,218700
7290112336651,false,סוכריות ללס ריבת חלב,פלזנסקי,PL,סוכריות ללס ריבת חלב 80 ג חדש,גרמים,80.00,100 גרם,false,1,8.90,11.1250,true,1,218701
7290112337474,false,סוכריות ללס פטל לימו,פלזנסקי,PL,סוכריות ללס פטל לימון  80 גר,גרמים,80.00,100 גרם,false,1,8.90,11.1250,true,1,218702
7290112337481,false,סוכריות ללס קפוצינו,פלזנסקי,PL,סוכריות ללס קפוצ'ינו 80 גר' אריזה חדשה,גרמים,80.00,100 גרם,false,1,8.90,11.1250,true,1,218703
7290112339867,true,גמדים סקוויז  תות 10,שטראוס,IL,גמדים סקוויז  תות 100 גרם,גרמים,100.00,100 גרם,false,1,5.70,5.7000,true,1,220469
7290112339874,true,גמדים סקוויז תות בננ,שטראוס,IL,גמדים סקוויז תות בננה 100,גרמים,100.00,100 גרם,false,1,5.70,5.7000,true,1,220470
7290112340245,false,מסטיק מאסט צנצנת דוב,"שטראוס גרופ בע""מ",IL,צנצנת MUST דובדבן 66 גר,גרמים,66.00,100 גרם,false,1,9.90,15.0000,true,1,215314
7290112340276,false,עוגיית קרם קפה נמס,הגביע מוצרי ופלים בע,IL,פינוקיות קרם קפה נמס,גרמים,200.00,100 גרם,false,1,11.90,5.9500,true,1,216423
7290112340900,false,קפה טורקי האג 200 גר,פרח,IL,קפה טורקי האג 200 גרם,גרמים,200.00,100 גרם,false,1,29.90,14.9500,true,1,227518
7290112341006,false,מארז מילקי קצפת כפיו,"שטראוס גרופ בע""מ",IL,מארז מילקי קצפת + כפיות,גרמים,172.00,100 גרם,false,1,8.60,5.0000,true,1,215551
7290112341679,false,אקטיביה  3% 200גרם,מיוצר עי קונדיטוריית,IL,אקטיביה  3% 200ג',גרמים,200.00,100 גרם,false,1,4.20,2.1000,true,1,217726
7290112342195,false,תפוציפס  מקלות 200 ג,"שטראוס פריטו ליי בע""",IL,תפו מקלות טבעי 200 גר 15 יח,גרמים,200.00,100 גרם,false,1,9.90,4.9500,true,1,218542
7290112343420,false,יטבתה פרו ארוחת בוקר,,IL,"יטבתה פרו ארוחת בוקר 350 מל לל""ג",מיליליטרים,350.00,"100 מ""ל",false,1,7.40,2.1143,true,1,218246
7290112343499,false,ציטוס פאף 55 גרם,"שטראוס פריטו ליי בע""",IL,צ'יטוס PUFFS בטעם גבינה 55 ג 48 יח,גרמים,55.00,100 גרם,false,1,4.90,8.9091,true,1,229844
7290112344724,false,מילקי בטעם שוקולד בל,מיוצר עי קונדיטוריית,IL,מילקי בטעם שוקולד בלונדי,גרמים,170.00,100 גרם,false,1,3.50,2.0588,true,1,218241
7290112346360,false,בפלות אחת אחת בציפוי,"אינסטנטה בע""מ",GR,בפלות אחת אחת בציפוי שוקולד חלב,גרמים,180.00,100 גרם,false,1,15.90,8.8333,true,1,218707
7290112347008,false,גמדים ארוחת בוקר תות,מיוצר עי קונדיטוריית,IL,גמדים ארוחת בוקר תות סקוויז,גרמים,100.00,100 גרם,false,1,5.70,5.7000,true,1,218236
7290112349606,false,דניאלה תות בננה88גרם,"שטראוס בריאות בע""מ",IL,דניאלה תות בננה,גרמים,88.00,100 גרם,false,1,4.40,5.0000,true,1,230873
7290112349699,false,פסאטה מחית עגבניות ח,"אינסטנטה בע""מ",IT,פסאטה מחית עגבניות חלקה  יד מרדכי 350 גר,גרמים,350.00,100 גרם,false,1,12.90,3.6857,true,1,218888
7290112349705,false,רוטב עגבניות קלאסי פ,"אינסטנטה בע""מ",IT,כשלפ פומודורו-רוטב קלאסי לפסטה 350ג,גרמים,350.00,100 גרם,false,1,12.90,3.6857,true,1,218886
7290112349736,false,רוטב עגבניות לפסטה ב,"אינסטנטה בע""מ",IT,בזיליקום - רוטב עגבניות לפסטה 350 גרם,גרמים,350.00,100 גרם,false,1,12.90,3.6857,true,1,218887
7290112350312,false,קפסולות אספרסו 15 שט,פרח,IL,קפסולות 15 למכונות NESPRESSO,גרמים,50.00,100 גרם,false,1,16.90,33.8000,true,1,220416
7290112350589,false,ציקו 65 גרם,פרח,IL,צ'יקו 65 גר' 2020,גרמים,65.00,100 גרם,false,1,13.90,21.3846,true,1,220783
7290112353412,false,פריכיות משולשות-תפוא,פרח,IL,"פריכיות משולשות-תפוא,תירס,אפונה,סלק ומלח",גרמים,30.00,100 גרם,false,1,5.90,19.6667,true,1,220506
7290112353894,false,משקה קפה קר בטעם שוק,האי נאם סי או אל.טי.,AT,משקה קפה קר בטעם שוקולד,מיליליטרים,230.00,"100 מ""ל",false,1,7.90,3.4348,true,1,221685
7290112354174,false,פסטה רוזה דלישס 280ג,"טרופיקל דגיל בע""מ אז",IT,פסטה רוזה דלישס 280גרם,גרמים,280.00,100 גרם,false,1,24.90,8.8929,true,1,229938
7290112354204,false,ספגטי עגבניות  דלישס,"טרופיקל דגיל בע""מ אז",IT,ספגטי עגבניות  דלישס 280 גרם,גרמים,280.00,100 גרם,false,1,24.90,8.8929,true,1,229940
7290112354211,false,פיצה מרגריטה  דלישס,סקרלינפיצה אס. אר. א,IT,פיצה מרגריטה  דלישס 400 גרם,גרמים,400.00,100 גרם,false,1,26.90,6.7250,true,1,229941
7290112355102,false,גמדים פאוץ סלט פירות,"שטראוס בריאות בע""מ",IL,סקוויז גמדים לדרך סלט פירות 100 גרם,גרמים,100.00,100 גרם,false,1,5.70,5.7000,true,1,221774
7290112358004,false,פסק זמן קראנץ 32גרם,המאפיה של הרמן,TR,פסק זמן קראנץ' 32 גר,גרמים,32.00,100 גרם,false,1,5.90,18.4375,true,1,221393
7290112358219,false,רוטב צילי מתוק 300 ג,אף.סי תבליני בגליל ב,IL,רוטב צילי מתוק 300 גר יד מרדכי,גרמים,300.00,100 גרם,false,1,14.90,4.9667,true,1,220332
7290112358431,false,עד חצות דאבל 200 גרם,הדקלאים אגודת שיתופי,FR,עד חצות דאבל 200 גרם,גרמים,200.00,100 גרם,false,1,14.90,7.4500,true,1,222986
7290112490032,true,מרק נמס בכוס תירס 43,יוניליוור ישראל מזון,IL,קנור נמס בכוס מרק תירס 45 גרם,גרמים,43.00,100 גרם,false,1,7.50,17.4419,true,1,212789
7290112490230,true,נמס בכוס אפונה ר.טבע,יוניליוור ישראל מזון,IL,נמס בכוס מרק אפונה - 100% רכיבים טבעיים,גרמים,50.00,100 גרם,false,1,7.50,15.0000,true,1,212793
7290112490650,false,קונפיטורה תות שדה778,קונפיטורות לה-ארדניי,BE,778 קונפיטורת תות שדה 340 גרם,גרמים,340.00,100 גרם,false,1,13.90,4.0882,true,1,212620
7290112490674,false,קונפיטורה דובדבנים 7,,BE,778 קונפיטורת דובדבנים 340 גרם,גרמים,340.00,100 גרם,false,1,13.90,4.0882,true,1,212621
7290112490735,true,מרק עשיר עגבניות עם,יוניליוור ישראל מזון,IL,מרק עשיר עגבניות עם פסטה – 100% רכיבים ט,גרמים,105.00,100 גרם,false,1,12.90,12.2857,true,1,212795
7290112491497,false,קנור מרק פטריות  כשל,יונליוור ישראל מזון,IL,קנור מרק פטריות  כשלפ  400 גרם,גרמים,400.00,100 גרם,false,1,24.90,6.2250,true,1,218685
7290112492449,false,פינוק שמפו לשיער רגי,יוניליוור ישראל טיפו,IL,PINUK שמפו 2IN1 700 ML,מיליליטרים,700.00,"100 מ""ל",false,1,12.90,1.8429,true,1,219530
7290112492487,false,פינוק שמפו שמן מרוקא,יוניליוור ישראל טיפו,IL,PINUK שמפו 2IN1 700 ML,מיליליטרים,700.00,"100 מ""ל",false,1,12.90,1.8429,true,1,219533
7290112492500,false,פינוק שמפו שמן קוקוס,"יוניליור ישראל, טיפו",IL,PINUK שמפו 2IN1 700 ML,מיליליטרים,700.00,"100 מ""ל",false,1,12.90,1.8429,true,1,220373
7290112492531,true,פינוק מרכך שיער רגיל,יוניליוור ישראל טיפו,IL,PINUK מרכך 700 ML,מיליליטרים,700.00,"100 מ""ל",false,1,12.90,1.8429,true,1,218450
7290112492579,true,פינוק מרכך שמן קוקוס,יוניליוור ישראל טיפו,IL,PINUK מרכך שיער 700 ML,מיליליטרים,700.00,"100 מ""ל",false,1,12.90,1.8429,true,1,220374
7290112492593,true,פינוק תחליב רחצה בני,יוניליוור ישראל טיפו,IL,PINUK סבון נוזלי 700 ML,גרמים,700.00,100 גרם,false,1,12.90,1.8429,true,1,218453
7290112492609,true,פינוק תחליב רחצה לבנ,יוניליוור ישראל טיפו,IL,PINUK סבון נוזלי 700 ML,מיליליטרים,700.00,"100 מ""ל",false,1,12.90,1.8429,true,1,218454
7290112492630,true,פינוק שמפו 3 ב-1 לגב,יוניליוור ישראל טיפו,IL,PINUK סבון נוזלי 700 ML,מיליליטרים,700.00,"100 מ""ל",false,1,12.90,1.8429,true,1,218456
7290112492982,false,קנור מרק פטריות רכיב,יוניליוור ישראל מזון,IL,קנור מרק פטריות 100% רכיבים טבעיים 400 גרם,גרמים,400.00,100 גרם,false,1,21.90,5.4750,true,1,218426
7290112492999,false,קנור מרק טעם עוף 400,יוניליוור ישראל מזון,IL,קנור מרק טעם עוף 400 גרם,גרמים,400.00,100 גרם,false,1,17.50,4.3750,true,1,218425
7290112493293,true,קנור מרק נמס בכוס יר,יוניליוור ישראל מזון,IL,קנור מרק נמס בכוס ירקות 44גרם - 100% רכי,גרמים,44.00,100 גרם,false,1,7.50,17.0455,true,1,217413
7290112493927,false,גלידה קרמיסימו ריבת,,IL,גלידה קרמיסימו ריבת חלב 1.33 ליטר,ליטרים,1.33,ליטר,false,1,26.90,20.2256,true,1,218645
7290112493934,false,גלידה קרמיסימו וניל,,IL,גלידה קרמיסימו וניל צרפתי 1.33 ליטר,ליטרים,1.33,ליטר,false,1,26.90,20.2256,true,1,218644
7290112493965,false,גלידה קרמיסימו מסטיג,,IL,גלידה קרמיסימו מסטיגם 1.33 ליטר,ליטרים,1.33,ליטר,false,1,26.90,20.2256,true,1,218646
7290112494221,false,קליק שקית ביסקוויט 6,יוניליוור ישראל מזון,IL,קליק   ביסקוויט 65 גרם,גרמים,65.00,100 גרם,false,1,7.90,12.1538,true,1,217869
7290112494238,false,קליק שקית  כדורים חל,יוניליוור ישראל מזון,IL,קליק  קליק כדורים 65 גרם,גרמים,65.00,100 גרם,false,1,7.90,12.1538,true,1,217872
7290112494276,false,קליק שקית  כריות 65,יוניליוור ישראל מזון,IL,קליק  קליק כריות 65 גרם,גרמים,65.00,100 גרם,false,1,7.90,12.1538,true,1,217873
7290112494283,false,קליק שקית  מעורב חום,יוניליוור ישראל מזון,IL,קליק   חום לבן 65 גרם,גרמים,65.00,100 גרם,false,1,7.90,12.1538,true,1,217871
7290112494313,false,קליק שקית קורנפלקס 6,יוניליוור ישראל מזון,IL,קליק  קליק קורנפלקס 65 גרם,גרמים,65.00,100 גרם,false,1,7.90,12.1538,true,1,217876
7290112494344,false,קורנפלקס תלמה 850  ג,יוניליוור שפע ישראל,IL,תלמה קורנפלקס של אלופים דגני בוקר 850 גרם,גרמים,850.00,100 גרם,false,1,21.90,2.5765,true,1,219048
7290112494382,false,קנור פירה ביתי 260 ג,יוניליוור ישראל מזון,IL,פירה בטעם ביתי מוכן ברגע קנור,גרמים,260.00,100 גרם,false,1,14.90,5.7308,true,1,218283
7290112494610,false,קנור רוטב עגבניות פי,קונסורזיו קאסאלאסקו,IT,KNORR רטבים לפסטה 415 GR,גרמים,415.00,100 גרם,false,1,14.90,3.5904,true,1,218183
7290112494801,false,בדין גל לכביסה לבנה,זוהר דליה,IL,בדין גל לכביסה לבנה וצבעונית בניחוח בדי,ליטרים,2.50,ליטר,false,1,27.90,11.1600,true,1,217917
7290112495105,false,נשנושים חטיף אפוי בט,בייגל את בייגל מזון,IL,נשנושים חטיף אפוי בטעם שמנת בצל 260 גרם,גרמים,260.00,100 גרם,false,1,14.90,5.7308,true,1,217979
7290112495167,false,נשנושי קרקר משולשי ש,בייגל את בייגל מזון,IL,נשנושי קרקר משולשי שומשום 300 גרם,גרמים,300.00,100 גרם,false,1,15.50,5.1667,true,1,217975
7290112495174,false,נשנושי קרקר קוקטייל,בייגל את בייגל מזון,IL,נשנושי קרקר קוקטייל שומשום 300 גרם,גרמים,300.00,100 גרם,false,1,15.50,5.1667,true,1,217977
7290112495228,false,קורנפלקס בנגיעות דבש,יוניליוור שפע ישראל,IL,תלמה קורנפלקס דבש 448 גרם,גרמים,448.00,100 גרם,false,1,18.90,4.2187,true,1,217894
7290112495433,false,תלמה דליפקאן 400 גרם,יוניליור שפע ישראל ב,IL,TELMA דגני מבוגרים 400 GR,גרמים,400.00,100 גרם,false,1,25.90,6.4750,true,1,217385
7290112495471,false,פתיתי תירס קלויים לל,"מולינו ניקולי S.P.A,",IT,TELMA דגני משפחה 500 GR,גרמים,500.00,100 גרם,false,1,22.90,4.5800,true,1,218690
7290112495662,false,קרקר חיטה מלאה ופשתן,"מיוצר ע""י קוד יצרן A",IL,B&B חיטה מלאה עם פשתן 300 GR,גרמים,300.00,100 גרם,false,1,9.90,3.3000,true,1,226945
7290112495754,false,הלמנס אלף האיים  305,יוניליוור ישראל מזון,IL,הלמנ'ס רוטב אלף האיים 305 גרם,גרמים,305.00,100 גרם,false,1,12.90,4.2295,true,1,218659
7290112495761,false,הלמנס אלף האיים לייט,יוניליוור ישראל מזון,IL,הלמנ'ס רוטב אלף האיים לייט 305 גרם,גרמים,305.00,100 גרם,false,1,12.90,4.2295,true,1,218660
7290112495785,false,הלמנס רוטב שום 300 ג,יוניליוור ישראל מזון,IL,הלמנ'ס רוטב שום 300 גרם,גרמים,300.00,100 גרם,false,1,12.90,4.3000,true,1,218661
7290112495808,false,הלמנס רוטב חרדל ודבש,יוניליוור ישראל מזון,IL,הלמנ'ס רוטב חרדל ודבש 305 מל,גרמים,305.00,100 גרם,false,1,12.90,4.2295,true,1,219464
7290112495921,false,קנור מרק דגש בטעם עו,יוניליוור ישראל מזון,IL,קנור מרק דגש בטעם עוף כשר לפסח 1 קג,קילוגרמים,1.00,"ק""ג",false,1,19.70,19.7000,true,1,218688
7290112496027,false,אפיכל סירופ בטעם שוק,יוניליוור ישראל מזון,IL,EFICOL קינוחים שונים 580 GR,גרמים,580.00,100 גרם,false,1,15.50,2.6724,true,1,218687
7290112496034,false,אפיכל סירופ בטעם מיי,יוניליוור ישראל מזון,IL,EFICOL קינוחים שונים 580 GR,גרמים,580.00,100 גרם,false,1,15.50,2.6724,true,1,218686
7290112496430,false,נמס בכוס אקסטרה מרק,יוניליוור ישראל מזון,IL,נמס בכוס אקסטרה מרק עגבניות 37 גרם,גרמים,37.00,100 גרם,false,1,4.50,12.1622,true,1,230021
7290112496447,false,נמס בכוס טעם עוף אקס,יוניליוור ישראל מזון,IL,קנור נמס בכוס אקסטרה מרק טעם עוף עם אטריות 27 גרם,גרמים,27.00,100 גרם,false,1,4.50,16.6667,true,1,230022
7290112496461,false,נמס בכוס אקסטרה ירקו,יוניליוור ישראל מזון,IL,נמס בכוס מרק אקסטרה ירקות עם המון אטריות,גרמים,32.00,100 גרם,false,1,4.50,14.0625,true,1,230076
7290112496591,false,קליק כריות בלאק חלב,"דרך השוקולד 1, צפת 1",IL,קליק קליק כריות בלאק ושוקולד חלב 65 גרם,גרמים,65.00,100 גרם,false,1,6.90,10.6154,true,1,220104
7290112497000,false,סיף פנטסטיק ניקוי כל,"זוהר דליה, קיבוץ דלי",IL,סיף פנטסטיק ניקוי כללי בניחוח לימון 1 ליטר,ליטרים,1.00,ליטר,false,1,13.90,13.9000,true,1,219519
7290112498274,false,פינוק אל סבון לידיים,יוניליוור ישראל טיפו,IL,פינוק  אל סבון לידיים בניחוח לבנדר ווניל 950 מל,מיליליטרים,950.00,"100 מ""ל",false,1,12.90,1.3579,true,1,229840
7290112498748,false,מאגדת 1/5 מיני סולרו,יוניליוור,IL,סולרו סולרו מאגדת סולרו מיני תות 5 יחידות,גרמים,350.00,100 גרם,false,5,26.90,7.6857,true,1,221930
7290112498779,false,שלגון LOL ילדים 70 ג,"מיוצר ע""י גלידת שטרא",IL,מקס ארטיק LOL 70 גרם,גרמים,70.00,100 גרם,false,1,7.90,11.2857,true,1,221933
7290112498878,false,קורנטו פסק זמן 69 גר,"מיוצר ע""י גלידת שטרא",IL,קורנטו פסק זמן 69 גרם,גרמים,69.00,100 גרם,false,1,8.90,12.8986,true,1,222365
7290112498892,false,אסקימו דובדבן אבטיח,יוניליוור,IL,אסקימו אסקימו יחידתיות 80 ML,גרמים,84.00,100 גרם,false,1,2.90,3.4524,true,1,222363
7290112498922,false,מאגדת מגנום שוקולד ל,"מיוצר ע""י גלידת שטרא",IL,מגנום מאגדת מיני מגנום לבן 5 יחידות,גרמים,250.00,100 גרם,false,1,32.90,13.1600,true,1,223203
7290112498939,false,בומבה 84גרם,"מיוצר ע""י גלידת שטרא",IL,שטראוס שלגון בומבה בטעם וניל 80 גרם,גרמים,84.00,100 גרם,false,1,9.90,11.7857,true,1,222364
7290112498946,false,ארטיק ילדים קשת בענן,שטראוס גרופ גלידות,IL,ארטיק ילדים קשת בענן 47גרם,גרמים,47.00,100 גרם,false,1,6.90,14.6809,true,1,231142
7290112499097,false,מאגדת מיני מגנום מרי,"מיוצר ע""י גלידת שטרא",IL,מגנום  מאגדת מיני מגנום מריר 5 יחידות,גרמים,240.00,100 גרם,false,1,32.90,13.7083,true,1,231143
7290112499103,false,קורנטו קליק וניל עוג,שטראוס גרופ גלידות,IL,קורנטו קליק וניל עוגיות 72 גרם,גרמים,72.00,100 גרם,false,1,9.90,13.7500,true,1,231720
7290112499127,false,שלגון שמנת בטעם וניל,"מיוצר ע""י גלידת שטרא",IL,מגנום  שלגון גלידה שוקולד לבן ותות 77 גרם,גרמים,77.00,100 גרם,false,1,11.90,15.4545,true,1,231140
7290112499141,false,סולרו וניל ותפוח ירו,שטראוס גרופ גלידות,IL,סולרו וניל ותפוח ירוק 76 גרם,גרמים,74.00,100 גרם,false,1,10.90,14.7297,true,1,231719
7290112499196,false,קרמיסימו החלב של הקו,שטראוס גרופ גלידות,IL,קרמיסימו החלב של הקורנפלקס 1.33 ליטר,ליטרים,1.33,ליטר,false,1,23.90,17.9699,true,1,232576
7290112499219,false,גודיז פיסטוק ושוקולד,"גלידת שטראוס בע""מ, ר",IL,גודיז  מאגדת גלידה בטעמי פיסטוק ושוקולד 5 יחידות,גרמים,235.00,100 גרם,false,1,26.90,11.4468,true,1,231722
7290112499448,false,מרכך לשיער שמן מרוקא,יוניליוור ישראל טיפו,IL,פינוק מרכך בתוספת שמן מרוקאי 700 מל,מיליליטרים,700.00,"100 מ""ל",false,1,12.90,1.8429,true,1,229008
7290112499462,false,תחליב רחצה פינוק שמן,יוניליוור ישראל טיפו,IL,פינוק תחליב רחצה בתוספת שמן קוקוס 700 מל,מיליליטרים,700.00,"100 מ""ל",false,1,12.90,1.8429,true,1,229010
7290112499639,false,טילון סופר מגנום וני,"מיוצר ע""י גלידת שטרא",IL,קורנטו מגנום טילון וניל צ'יפ שוקולד 110 גרם,גרמים,110.00,100 גרם,false,1,10.90,9.9091,true,1,218656
7290112499646,false,קורנטו סופר פקאן 108,"מיוצר ע""י גלידת שטרא",IL,קורנטו טילון קורנטו סופר פקאן 108 גרם,גרמים,108.00,100 גרם,false,1,10.90,10.0926,true,1,219336
7290112499677,false,מגנום שוקולד לבן 85,"מיוצר ע""י גלידת שטרא",IL,מגנום  שלגון שוקולד לבן 85 גרם,גרמים,85.00,100 גרם,false,1,11.90,14.0000,true,1,218650
7290112499738,false,שלגון מלון 90 גרם,"מיוצר ע""י גלידת שטרא",IL,מקס  שלגון מלון  90 גרם,גרמים,90.00,100 גרם,false,1,6.90,7.6667,true,1,218710
7290112499820,false,שלגון פסק זמן לבן 74,"מיוצר ע""י גלדית שטרא",IL,Strauss יחידתיות 110 ML,גרמים,74.00,100 גרם,false,1,9.90,13.3784,true,1,219334
7290112499905,false,קורנטו קליק מרשמלו 7,"מיוצר ע""י גלידת שטרא",IL,קורנטו טילון קורנטו קליק בטעם מרשמלו 72 גרם,גרמים,72.00,100 גרם,false,1,9.90,13.7500,true,1,219896
7290112499929,false,מגנום שוקולד 85 גרם,"מיוצר ע""י גלידת שטרא",IL,מגנום  שלגון מגנום שוקולד 85 גרם,גרמים,85.00,100 גרם,false,1,11.90,14.0000,true,1,218652
7290112499936,false,מגנום שקדים 85 גרם,"מיוצר ע""י גלידת שטרא",IL,מגנום  שלגון מגנום שקדים 85 גרם,גרמים,85.00,100 גרם,false,1,11.90,14.0000,true,1,218653
7290112499943,false,מיני מגנום קלאסיק שו,"גלידות שטראוס בע""מ,",IL,מיני מגנום קלאסיק שוקולד  250 גרם,גרמים,250.00,100 גרם,false,1,32.90,13.1600,true,1,218648
7290112960856,false,טילון אקסטרים מטבע ש,שוורצקוף& הנקל דיסלד,IL,נסטל.אקסטרים ליבת ריבת חלב ומטבע 18*115ג,גרמים,128.00,100 גרם,false,1,10.50,8.2031,true,1,214738
7290112962096,false,פתיתים אסם לבבות 400,"אסם השקעות בע""מ",IL,אסם פתיתים לבבות מהדורה 12*400ג,גרמים,400.00,100 גרם,false,1,6.90,1.7250,true,1,213656
7290112962584,false,ביסלי שווארמה 60 גרם,"אסם השקעות בע""מ",IL,ביסלי שווארמה 60 גרם,גרמים,60.00,100 גרם,false,1,4.00,6.6667,true,1,219730
7290112962751,false,אוראו שלגון אימפלס 6,שוורצקוף& הנקל דיסלד,IL,אוראו שלגון אימפלס 20*65גרם,גרמים,65.00,100 גרם,false,1,11.50,17.6923,true,1,214743
7290112963321,false,גרטיפי בייגלה שטוח ה,מיוצר עי קונדיטוריית,IL,"גרטיפי בייגלה שטוח הכל לל""ג 300גרם",גרמים,300.00,100 גרם,false,1,15.90,5.3000,true,1,219780
7290112963918,false,פיטנס קרקר דק רוזמרי,אסם,IL,פיטנס קרקר דק רוזמרין 12*140גרם,גרמים,140.00,100 גרם,false,1,12.90,9.2143,true,1,216583
7290112964052,false,פרפקטו פסטה וזוביוטו,ניולט פוד ס.פ.א,IT,פרפקטו פסטה וזוביוטו 12*500גרם,גרמים,500.00,100 גרם,false,1,11.90,2.3800,true,1,215267
7290112964212,false,קונכיות פתיתים אסם 4,Kemal Oz Gida San Ve,TR,אסם קונכיות פתיתים 12*400גרם,גרמים,400.00,100 גרם,false,1,8.90,2.2250,true,1,217706
7290112964601,false,רוטב בנוסח סצואן אסם,"אסם השקעות בע""מ",IL,אסם רוטב בנוסח סצואן 9*290מל,מיליליטרים,290.00,"100 מ""ל",false,1,13.90,4.7931,true,1,215722
7290112965165,true,מרק נמס פטריות   34,אסם,IL,אסם זוג מרק נמס פטריות בדצ14*48גרם,גרמים,34.00,100 גרם,false,1,5.90,17.3529,true,1,217421
7290112965226,false,אסם אורז סיני עם נוד,,IL,אסם אורז סיני עם נודלס 6*130ג,גרמים,130.00,100 גרם,false,1,11.90,9.1538,true,1,218818
7290112965240,true,מרק נמס עגבניות   *,אסם,IL,אסם זוג מרק נמס עגבניות בדצ 12*60גרם,גרמים,88.00,100 גרם,false,1,5.90,6.7045,true,1,217424
7290112965264,true,מרק נמס אפונה   *30,אסם,IL,אסם זוג מרק נמס אפונה בדצ 14*30גרם,גרמים,60.00,100 גרם,false,1,5.90,9.8333,true,1,217425
7290112965288,true,מרק נמס ירקות    30,אסם,IL,אסם זוג מרק נמס ירקות בדצ14*30גרם,גרמים,60.00,100 גרם,false,1,5.90,9.8333,true,1,217426
7290112965301,true,מרק טעם עוף    38גר,אסם,IL,אסם זוג מרק נמס טעם עוף בדצ 10*52גרם,גרמים,38.00,100 גרם,false,1,5.90,15.5263,true,1,217427
7290112965660,false,פיטנס חטיף מולטיגריי,מיוצר עי קונדיטוריית,IL,פיטנס חטיף מולטיגריין מלח פלפל 25גרם,גרמים,25.00,100 גרם,false,1,5.50,22.0000,true,1,221407
7290112965684,false,פיטנס חטיף מולטיגריי,מיוצר עי קונדיטוריית,IL,פיטנס חטיף מולטיגריין עשבי תיבול  25גרם,גרמים,25.00,100 גרם,false,1,5.50,22.0000,true,1,221408
7290112966186,false,אפרופו שוקולד מריר 4,מולינו ניקולי s.p.a,IL,אפרופו שוקולד מריר 36*40גרם,גרמים,40.00,100 גרם,false,1,5.20,13.0000,true,1,217768
7290112967749,false,פסטה פרפקטו נוציאולה,ניולט פוד ס.פ.א,IT,פרפקטו פסטה נוציאולה 12*500גרם,גרמים,500.00,100 גרם,false,1,11.90,2.3800,true,1,219149
7290112968807,false,פיטנס קרקר דק סלק 14,מפעל אסם יקנעם,IL,פיטנס קרקר דק סלק 12*140גרם,גרמים,140.00,100 גרם,false,1,12.90,9.2143,true,1,220504
7290112968821,false,פיטנס קרקר דק בטטה 1,מפעל אסם יקנעם,IL,פיטנס קרקר דק בטטה 12*140גרם,גרמים,140.00,100 גרם,false,1,12.90,9.2143,true,1,220505
7290113154612,false,מסננת נירוסטה קטנה ע,,,מסננת נירוסטה קטנה ע,יחידה,1.00,יחידה,false,1,12.90,12.9000,true,1,226652
7290113192171,false,מיקס אגוזים שקדים וח,דין שיווק,IL,מיקס אגוזים שקדים וחמוציות 150 גרם,גרמים,150.00,100 גרם,false,1,14.90,9.9333,true,1,229587
7290113192300,true,חרוזית מושחר בית הש,בית השיטה,IL,חרוזית מושחר בית השיטה   275גר,יחידה,0.00,יחידה,false,1,10.90,0.0000,true,1,218484
7290113192317,true,טבעות זיתים מושחרים,בית השיטה,IL,טבעות זיתים מושחרים בית השיטה   280גר,גרמים,280.00,100 גרם,false,1,12.90,4.6071,true,1,218485
7290113192331,true,זית ירוק גדול בית ה,הנסיך- מפעל לייצור ט,IL,זית ירוק גדול בית השיטה 340גר,גרמים,0.00,100 גרם,false,1,11.90,0.0000,true,1,218487
7290113192348,true,זית ירוק ט.שום בית ה,הנסיך- מפעל לייצור ט,IL,זית ירוק ט.שום בית השיטה 340גר,Unknown,0.00,Unknown,false,1,10.90,0.0000,true,1,218488
7290113192355,true,חרוזית ירוק בית השיט,בית-השיטה עסיס תעשיו,IL,חרוזית ירוק בית השיטה   275גר,גרמים,275.00,100 גרם,false,1,11.90,4.3273,true,1,218489
7290113192362,true,טבעות זיתים ירק בית,הנסיך- מפעל לייצור ט,IL,טבעות זיתים ירק בית השיטה 280גר,גרמים,280.00,100 גרם,false,1,11.90,4.2500,true,1,218490
7290113192386,true,זית סורי מבוקע בית,הנסיך- מפעל לייצור ט,IL,זית סורי מבוקע בית השיטה  340גר,גרמים,340.00,100 גרם,false,1,11.90,3.5000,true,1,218492
7290113192393,true,קוקטייל זיתים בית ה,בית-השיטה עסיס תעשיו,IL,קוקטייל זיתים בית השיטה 336גר,גרמים,336.00,100 גרם,false,1,12.90,3.8393,true,1,218493
7290113192478,true,מלפפונים במלח 10-12,בית-השיטה עסיס תעשיו,IL,מלפפונים במלח 10-12 בית השיטה 320גר,גרמים,320.00,100 גרם,false,1,9.50,2.9688,true,1,218501
7290113192485,true,מלפפונים בחומץ 10-12,בית-השיטה עסיס תעשיו,IL,מלפפונים בחומץ 10-12בית השיטה  290גר,גרמים,290.00,100 גרם,false,1,9.50,3.2759,true,1,218502
7290113192492,true,מלפפונים בחומץ 17-13,הנסיך- מפעל לייצור ט,IL,מלפפונים בחומץ 17-13בית השיטה  290גר,גרמים,290.00,100 גרם,false,1,11.90,4.1034,true,1,218503
7290113192508,true,מלפפונים במלח 17-13ב,הנסיך- מפעל לייצור ט,IL,מלפפונים במלח 17-13בית השיטה  320גר,גרמים,320.00,100 גרם,false,1,11.90,3.7188,true,1,218504
7290113192515,true,מלפפונים במלח 18 -25,הנסיך- מפעל לייצור ט,IL,מלפפונים במלח 18 -25בית השיטה  320גר,גרמים,0.00,100 גרם,false,1,12.90,0.0000,true,1,218505
7290113192522,true,מלפפונים בחומץ בית ה,הנסיך- מפעל לייצור ט,IL,מלפפונים בחומץ בית השיטה 18-25 290גר,גרמים,290.00,100 גרם,false,1,12.90,4.4483,true,1,218506
7290113192539,true,מלפפונים במלח  7-9 ב,הנסיך- מפעל לייצור ט,IL,מלפפונים במלח  7-9 בית השיטה 320גר,לא מנהל יחידת מידה,0.00,לא מנהל יחידת מידה,false,1,6.90,0.0000,true,1,218507
7290113192560,true,פלפל שיפקה בית השיטה,הנסיך- מפעל לייצור ט,IL,פלפל שיפקה בית השיטה  230גר,גרמים,230.00,100 גרם,false,1,7.50,3.2609,true,1,218510
7290113192577,true,כרוב כבוש בית השיטה,שוורצקוף& הנקל דיסלד,IL,כרוב כבוש בית השיטה 430גר,גרמים,430.00,100 גרם,false,1,8.50,1.9767,true,1,218511
7290113196506,false,פריכיות כוסמת 150 גר,זן - בר,IL,פריכיות כוסמת 150 גרם ללא מלח,גרמים,150.00,100 גרם,false,1,11.90,7.9333,true,1,230413
7290113196513,false,פריכיות כוסמת שקדים,זן - בר,IL,פריכיות כוסמת שקדים 150 גרם במליחות עדינה,גרמים,150.00,100 גרם,false,1,11.90,7.9333,true,1,230416
7290113196520,false,פריכיות כוסמין 150 ג,זן - בר,IL,פריכיות כוסמין 150 גרם ללא מלח,גרמים,150.00,100 גרם,false,1,11.90,7.9333,true,1,230414
7290113198036,false,פקאן מצופה  בטעם קרמ,"דין שיווק וקליה בע""מ",IL,פקאן מצופה  בטעם קרמל 150 גרם,גרמים,150.00,100 גרם,false,1,14.90,9.9333,true,1,229646
7290113198043,false,פקאן מצופה שוקולד וע,דין שיווק,IL,פקאן מצופה שוקולד ועוגיות 150גרם,גרמים,150.00,100 גרם,false,1,14.90,9.9333,true,1,229618
7290113198562,false,סוכריות גומי בטעם תו,טופ גלוב,IL,סוכריות גומי בטעם תות שדה 200גרם,גרמים,200.00,100 גרם,false,1,9.90,4.9500,true,1,229797
7290113198579,false,סוכריות גומי דובונים,טופ גלוב,IL,סוכריות גומי דובונים 200 גרם,גרמים,200.00,100 גרם,false,1,9.90,4.9500,true,1,229798
7290113198586,false,סוכריות גומי מצופות,טופ גלוב,IL,סוכריות גומי מצופות סוכר בטעם אפרסק 200 גרם,גרמים,200.00,100 גרם,false,1,9.90,4.9500,true,1,229799
7290113198593,false,סוכריות גומי מצופות,טופ גלוב,IL,סוכריות גומי מצופות סוכר בטעם בננה 200 גרם,גרמים,200.00,100 גרם,false,1,9.90,4.9500,true,1,229800
7290113198609,false,סוכריות גומי נחשים 2,טופ גלוב,IL,סוכריות גומי נחשים 200 גרם,גרמים,200.00,100 גרם,false,1,9.90,4.9500,true,1,229801
7290113302372,false,חטיפי בנוזו סנדויץ ב,לנגי,CN,חטיפי בנוזו סנדויץ במילוי אווז 80 גר,גרמים,80.00,100 גרם,false,1,12.90,16.1250,true,1,233530
7290113452916,false,סוכריות גומי קולה קט,טופגם,IL,סוכריות גומי קולה קטן ארוז 200 גרם,גרמים,200.00,100 גרם,false,1,10.90,5.4500,true,1,230230
7290113452985,false,קטי תות ממולא 150 גר,טופגם,IL,קטי תות ממולא 150 גרם,גרמים,150.00,100 גרם,false,1,10.90,7.2667,true,1,232787
7290114151566,false,שמפו לכל סוגי השיער,אף.סי תבליני בגליל ב,IL,שמפו לכל סוגי השיער  500 מל,מיליליטרים,500.00,"100 מ""ל",false,1,23.90,4.7800,true,1,229115
7290114151603,false,מרכך לכל סוגי השיער,אף.סי תבליני בגליל ב,IL,מרכך לכל סוגי השיער 500 מל,מיליליטרים,500.00,"100 מ""ל",false,1,23.90,4.7800,true,1,229116
7290114151641,false,בוטני סבון גוף קוקוס,אף.סי תבליני בגליל ב,IL,"סבון גוף משפחתי 500 מ""ל",מיליליטרים,500.00,"100 מ""ל",false,1,23.90,4.7800,true,1,227569
7290114310567,false,לאבנה עיזים 5% צוריא,משק צוריאל,IL,לאבנה עיזים 5% צוריאל250 גרם,גרמים,200.00,100 גרם,false,1,16.90,8.4500,true,1,228936
7290114310963,false,יוגורט עיזים בדלי 3.,משק צוריאל,IL,יוגורט עיזים בדלי 3.7% 500 גרם,גרמים,500.00,100 גרם,false,1,16.90,3.3800,true,1,230389
7290114311076,false,חמאת מולר צהובה עם ש,טרה,IL,חמאת מולר צהובה עם שום 200 גרם,גרמים,200.00,100 גרם,false,1,12.50,6.2500,true,1,232376
7290114311090,false,מולר נטורל 1.7%  גרנ,טרה,IL,מולר נטורל + 1.7% שומן בתוספת גרנולה וסירופ דבש,גרמים,177.00,100 גרם,false,1,7.50,4.2373,true,1,230926
7290114311328,false,D חלב נטול לקטוז 2%ט,טרה,IL,D חלב נטול לקטוז 2%טרה מועשר בוויטמין,ליטרים,1.00,ליטר,false,1,8.50,8.5000,true,1,233977
7290114311458,false,Dחלב 3% מועשר וויטמי,טרה,IL,D,ליטרים,1.00,ליטר,false,1,7.90,7.9000,true,1,234021
7290114600750,false,חטיף אפוי עם פיקורינ,הדקלאים אגודת שיתופי,IT,חטיף אפוי עם פיקורינו קו קווים 150 גרם,גרמים,150.00,100 גרם,false,1,11.90,7.9333,true,1,220089
7290114600774,false,חטיף אפוי עם רוזמרין,הדקלאים אגודת שיתופי,IT,חטיף אפוי עם רוזמרין  קו קווים150גרם,גרמים,150.00,100 גרם,false,1,11.90,7.9333,true,1,220091
7290114603034,false,גרנולה פרי אגוזים צי,"אפקט טבעי בע""מ",IL,גרנולה פרי אגוזים צימוקים וחמוציות 300גר,גרמים,300.00,100 גרם,false,1,14.90,4.9667,true,1,221690
7290114603041,false,גרנולה פרי אגוזים בו,"אפקט טבעי בע""מ",IL,גרנולה פרי אגוזים בוטנים קוקוס חלבון300ג,גרמים,300.00,100 גרם,false,1,14.90,4.9667,true,1,221691
7290114603522,false,רוטב קארי ירוק מאסטר,תאי סופרים,TH,מאסטר שף רוטב קארי ירוק 340 גרם,גרמים,340.00,100 גרם,false,1,14.90,4.3824,true,1,227794
7290114604871,false,מאסטר שף קוסקוס בינו,דוידוביץ,IL,מאסטר שף קוסקוס בינוני 350 גרם,גרמים,350.00,100 גרם,false,1,6.90,1.9714,true,1,221737
7290114605571,false,קוקי  תבניות מתקפלות,כרמל,CN,קוקי  תבניות מתקפלות 5 יח,לא מנהל יחידת מידה,0.00,לא מנהל יחידת מידה,false,1,10.90,0.0000,true,1,223174
7290114606547,false,מאסטר שף מיונז פטריו,Remia,NL,מאסטר שף מיונז פטריות כמהין 242 גרם,גרמים,242.00,100 גרם,false,1,13.90,5.7438,true,1,228616
7290114606554,false,מאסטר שף מיונז לייט,Remia,NL,מאסטר שף מיונז לייט לחיץ 470 גרם,גרמים,470.00,100 גרם,false,1,13.90,2.9574,true,1,228618
7290114606592,false,מאסטר שף סויה מסורתי,קריניציה ויטמינה אס,TH,מאסטר שף רוטב סויה מסורתי 620 מל,מיליליטרים,620.00,"100 מ""ל",false,1,15.90,2.5645,true,1,229104
7290114720250,false,מטען סוללות USB אוני,,,מטען סוללות USB אוני,יחידה,1.00,יחידה,false,1,69.90,69.9000,true,1,219634
7290114720878,false,75w מארז זוג נורות ל,,,75w מארז זוג נורות לבן,יחידה,1.00,יחידה,false,1,29.90,29.9000,true,1,222809
7290114720885,false,75w מארז זוג נורות צ,,,75w מארז זוג נורות צהוב,יחידה,1.00,יחידה,false,1,29.90,29.9000,true,1,222811
7290115073676,false,מסכות מנתח שחורות 50,מ.פאנג,CN,מסכות מנתח שחורות 50 יח שמחה זה אנחנו,יחידה,1.00,יחידה,false,1,9.90,9.9000,true,1,220376
7290115077131,false,מסכת פנים חדפ ילדים,מ.פאנג,CN,מסכת פנים חדפ ילדים 40 יח צבעוני,יחידה,1.00,יחידה,false,1,8.90,8.9000,true,1,221582
7290115190014,false,סיגריות PPמרלבורו רד,פיליפ מוריס,,סיגריות PPמרלבורו רד חפיסה,יחידה,1.00,יחידה,false,1,36.70,36.7000,false,1,221079
7290115190090,false,סיגריות מרלבורו גולד,פיליפ מוריס,,סיגריות מרלבורו גולדPP חפיסה,יחידה,1.00,יחידה,false,1,36.70,36.7000,false,1,221051
7290115190137,false,סיגריות מרלבורו פיין,פיליפ מוריס,,סיגריות מרלבורו פיין טאץPP חפיסה,יחידה,1.00,יחידה,false,1,32.90,32.9000,false,1,221075
7290115190151,false,סיגריות מרלבורו טאץP,פיליפ מוריס,,סיגריות מרלבורו טאץPP חפיסה,יחידה,1.00,יחידה,false,1,32.90,32.9000,false,1,221067
7290115190236,false,סיגריות פרלמנט בלוPP,פיליפ מוריס,,סיגריות פרלמנט בלוPP חפיסה,יחידה,1.00,יחידה,false,1,41.70,41.7000,false,1,221053
7290115190250,false,סיגריות פרלמנט נייטP,פיליפ מוריס,,סיגריות פרלמנט נייטPP חפיסה בודד,יחידה,1.00,יחידה,false,1,41.70,41.7000,false,1,220842
7290115190359,false,סיגריות ל.מ בלוPP חפ,פיליפ מוריס,,סיגריות ל.מ בלוPP חפיסה בודד,יחידה,1.00,יחידה,false,1,32.20,32.2000,false,1,220838
7290115190373,false,סיגריות ל.מ. קפסולהP,פיליפ מוריס,,סיגריות ל.מ. קפסולהPP חפיסה,יחידה,1.00,יחידה,false,1,32.20,32.2000,false,1,221071
7290115190397,false,ל.מ רדPP חפיסה בודד,פיליפ מוריס,,ל.מ רדPP חפיסה בודד סיגריות,יחידה,1.00,יחידה,false,1,32.20,32.2000,false,1,220833
7290115190458,false,סיגריות נקסט אדג בוד,פיליפ מוריס,,סיגריות נקסט אדג בודד,יחידה,1.00,יחידה,false,1,25.00,25.0000,false,1,221398
7290115190472,false,סיגריות נקסט פיין אד,פיליפ מוריס,,סיגריות נקסט פיין אדגPP חפיסה,יחידה,1.00,יחידה,false,1,25.00,25.0000,false,1,221714
7290115190496,false,סיגריות נקסט פיין 10,פיליפ מוריס,IL,סיגריות נקסט פיין 100PP חפיסה,יחידה,1.00,יחידה,false,1,31.20,31.2000,false,1,222197
7290115190519,false,סיגריות נקסט פיין חפ,פיליפ מוריס,,סיגריות נקסט פיין חפיסה,יחידה,1.00,יחידה,false,1,31.20,31.2000,false,1,221061
7290115190571,false,סיגריות נקסט לילךPP,פיליפ מוריס,,סיגריות נקסט לילךPP חפיסה בודד,יחידה,1.00,יחידה,false,1,31.20,31.2000,false,1,220835
7290115190595,false,סיגריות נקסט אוריגינ,פיליפ מוריס,,סיגריות נקסט אוריגינלPP חפיסה,יחידה,1.00,יחידה,false,1,31.20,31.2000,false,1,221049
7290115190656,false,טבק נקסט פייןPP  חפי,פיליפ מוריס,,טבק נקסט פייןPP  חפיסה,יחידה,1.00,יחידה,false,1,87.30,87.3000,true,1,221564
7290115190694,false,טבק צסטרפילד פיין וי,פיליפ מוריס,,טבק צסטרפילד פיין וירגינה בודד,יחידה,1.00,יחידה,false,1,69.00,69.0000,true,1,221425
7290115190779,false,סיגריות מרלבורו גולד,פיליפ מוריס,,סיגריות מרלבורו גולד סיל בודד,יחידה,1.00,יחידה,false,1,36.70,36.7000,false,1,231158
7290115190960,false,מרלבורו טאץ אדום פאק,פיליפ מוריס,TR,מרלבורו טאץ אדום פאקט,יחידה,10.00,יחידה,false,10,290.00,29.0000,false,1,232791
7290115191035,false,מרלבורו סאמר ספלאש ח,פיליפ מוריס,RS,מרלבורו סאמר ספלאש חפיסה בודד,יחידה,1.00,יחידה,false,1,29.00,29.0000,false,1,232141
7290115200676,false,קרמוגית קרמל מלוח200,היינץ צפון אמריקה מק,IL,קרמוגית קרמל מלוח200 גרם,גרמים,200.00,100 גרם,false,1,11.90,5.9500,true,1,222148
7290115201703,false,בסלי ברביקיו 200גרם,מיוצר עי קונדיטוריית,IL,בסלי ברביקיו 200גרם,גרמים,200.00,100 גרם,false,1,7.90,3.9500,true,1,221355
7290115201864,false,במבה נוגט אינסייד אא,מיוצר עי קונדיטוריית,IL,במבה נוגט אינסייד אאוט 60 גרם,גרמים,60.00,100 גרם,false,1,4.90,8.1667,true,1,230677
7290115202236,false,טבעול טופו קרנצים 47,כצט,IL,טבעול טופו קרנצים 470גרם,גרמים,470.00,100 גרם,false,1,32.90,7.0000,true,1,228978
7290115202304,false,אסם נודלס אטריות אור,תאי פרזידנט פוד פאבל,TH,אסם נודלס אטריות אורז מרובעות כשלפ 230 ג,גרמים,230.00,100 גרם,false,1,10.90,4.7391,true,1,221942
7290115202953,false,מנה חמה רייס נודלס ק,מיוצר עי קונדיטוריית,TH,מנה חמה רייס נודלס קארי צהוב 55 גרם,גרמים,50.00,100 גרם,false,1,8.90,17.8000,true,1,230370
7290115202977,false,מנה חמה רייס נודלס ר,מיוצר עי קונדיטוריית,TH,מנה חמה רייס נודלס רוטב סויה סיני 55 גרם,גרמים,50.00,100 גרם,false,1,8.90,17.8000,true,1,230369
7290115203134,false,פופקו פופקורן במבה 8,"אסם השקעות בע""מ",IL,פופקו פופקורן במבה 80 גרם,גרמים,80.00,100 גרם,false,1,5.90,7.3750,true,1,223209
7290115203172,false,במבה פרו 80גרם,אסם,IL,במבה פרו 80גרם,גרמים,80.00,100 גרם,false,1,5.90,7.3750,true,1,233089
7290115204056,false,אסם קטשופ פחות 56% ס,אסם,IL,אסם קטשופ פחות 56% סוכר 690 גרם,גרמים,690.00,100 גרם,false,1,11.90,1.7246,true,1,222155
7290115204698,false,אסם בייגלה שטוחים שו,מיוצר עי קונדיטוריית,IL,אסם בייגלה שטוחים שומשום בטעם ביסלי 300,גרמים,300.00,100 גרם,false,1,11.90,3.9667,true,1,229395
7290115205176,false,פיטנס קרקר דק כפרי 1,אסם יקנעם,IL,פיטנס קרקר דק כפרי 150 גרם,גרמים,150.00,100 גרם,false,1,12.90,8.6000,true,1,230975
7290115205312,false,קרקר דק פיטנס זיתים,"אסם השקעות בע""מ",IL,קרקר דק פיטנס זיתים 140 גרם,גרמים,140.00,100 גרם,false,1,12.90,9.2143,true,1,231843
7290115206401,false,אסם רוטב בסגנון סויה,"אסם השקעות בע""מ",IL,אסם רוטב בסגנון סויה כשלם 330 מל,מיליליטרים,330.00,"100 מ""ל",false,1,13.90,4.2121,true,1,231624
7290115206449,false,אסם אינסטנט פודינג ת,אסם,IL,אסם אינסטנט פודינג תות כשלפ 80גרם,גרמים,80.00,100 גרם,false,1,5.60,7.0000,true,1,231257
7290115206852,false,ביסלי ציזי סטיקס חדש,אסם,IL,ביסלי ציזי סטיקס חדש 70גרם,גרמים,70.00,100 גרם,false,1,4.90,7.0000,true,1,232883
7290115206890,false,ביסלי המבורגר חדש 70,אסם,IL,ביסלי המבורגר חדש 70גרם,גרמים,70.00,100 גרם,false,1,4.90,7.0000,true,1,232884
7290115206937,false,מנה חמה רייס נודלס כ,תאי פרזידנט,TH,מנה חמה רייס נודלס כשלפ מוקפץ עוף 55 גרם,גרמים,55.00,100 גרם,false,1,8.90,16.1818,true,1,231625
7290115207361,false,אסם פתי בר פיסטוק 50,אסם,IL,אסם פתי בר פיסטוק 12*500גרם,גרמים,500.00,100 גרם,false,1,14.90,2.9800,true,1,231989
7290115208009,false,סירופ ויטמינציק ענבי,בית-השיטה עסיס תעשיו,IL,סירופ ויטמינציק ענבים 1 ליטר,ליטרים,1.00,ליטר,false,1,23.90,23.9000,true,1,231046
7290115208047,false,סירופ ויטמינציק פטל,בית-השיטה עסיס תעשיו,IL,סירופ ויטמינציק פטל 1 ליטר,ליטרים,1.00,ליטר,false,1,23.90,23.9000,true,1,231044
7290115208061,false,ויטמינציק תפוח 1 ליט,בית השיטה עסיס תעשיו,IL,ויטמינציק תפוח 1 ליטר,ליטרים,1.00,ליטר,false,1,23.90,23.9000,true,1,231047
7290115208566,false,אסם קרמוגית מיניס קר,אסם,IL,אסם קרמוגית מיניס קרם בייגלה 200 גרם,גרמים,200.00,100 גרם,false,1,11.90,5.9500,true,1,232882
7290115208597,false,אסם קרמוגית מיניס קר,אסם,IL,אסם קרמוגית מיניס קרמל מלוח 200 גרם,גרמים,200.00,100 גרם,false,1,11.90,5.9500,true,1,232881
7290115209174,false,במבה אורירית 60גרם,אסם,IL,במבה אורירית 60גרם,גרמים,60.00,100 גרם,false,1,4.90,8.1667,true,1,233090
7290115670660,false,ריל חטיף בוטנים אגוז,"נארז ע""י : א.ג. גילר",GR,ריל חטיף בוטנים אגוזים וצימוקים 35גרם,גרמים,35.00,100 גרם,false,1,6.90,19.7143,true,1,223221
7290115670752,false,מארז נמס 200 גרם וכו,פרח,IL,מארז נמס וכוס לדרך פסח 2022,גרמים,200.00,100 גרם,false,1,19.90,9.9500,true,1,222600
7290115671339,false,מיני פינוקיות בראוני,תות תעשיות מזון (201,IL,מיני פינוקיות בראוניז בייגל בוטן 180 ג',גרמים,180.00,100 גרם,false,1,11.90,6.6111,true,1,229370
7290115671346,false,מיני פינוקיות טופי ק,תות תעשיות מזון (201,IL,מיני פינוקיות טופי קרמל מלוח 180 ג',גרמים,180.00,100 גרם,false,1,11.90,6.6111,true,1,229371
7290115673203,false,ריל חטיף שקדים ושוקו,ואמואליס פודס אס.,GR,ריל חטיף שקדים ושוקולד מריר,גרמים,35.00,100 גרם,false,1,6.90,19.7143,true,1,223220
7290115673210,false,ריל חטיף בוטנים פיסט,ואמואליס פודס אס.,GR,ריל חטיף בוטנים פיסטוק וחמוציות,גרמים,35.00,100 גרם,false,1,6.90,19.7143,true,1,223222
7290115675580,false,חטיף קוואקר ובוטנים,"שטראוס פריטו ליי בע""",IL,חטיף קוואקר ובוטנים 50 ג 48 יח,גרמים,50.00,100 גרם,false,1,3.90,7.8000,true,1,230289
7290115675702,false,קוואקר פירות 375 גרם,שטראוס,IL,קוואקר פירות 375 גרם  Cruesli,גרמים,375.00,100 גרם,false,1,20.90,5.5733,true,1,229028
7290115676389,false,חרוסת  יד מרדכי 250,פוליבה,IL,חרוסת  יד מרדכי 250 גרם,גרמים,250.00,100 גרם,false,1,16.90,6.7600,true,1,222581
7290115676693,false,תפוציפס מלח חומץ 50,"שטראוס פריטו ליי בע""",IL,תפוציפס מלח חומץ 50 גרם,גרמים,50.00,100 גרם,false,1,3.90,7.8000,true,1,232461
7290115676990,false,תפוציפס מלח חומץ 50,"שטראוס פריטו ליי בע""",IL,תפו SALT & VINEGAR י50 גר 48 יח,גרמים,50.00,100 גרם,false,1,3.90,7.8000,true,1,222651
7290115677089,false,קונפיטורה יד מרדכי ת,"ב.א מזון בע""מ",IL,קונפיטורה יד מרדכי תפוח וקינמון 340 גר,גרמים,340.00,100 גרם,false,1,14.90,4.3824,true,1,229037
7290115678376,false,מעדן הגולן שוקולד  1,מיוצר עי קונדיטוריית,IL,מעדן הגולן שוקולד,גרמים,125.00,100 גרם,false,1,3.20,2.5600,true,1,223636
7290115679960,false,ציטוס פופקורן טבעי 6,"שטראוס פריטו ליי בע""",IL,צ'יטוס פופקורן בטעם טבעי 60 ג 24 יח,גרמים,60.00,100 גרם,false,1,3.90,6.5000,true,1,223659
7290116530888,false,בדין ג`ל לכביסה פינו,"זוהר דליה, קיבוץ דלי",IL,בדין  ג'ל כביסה בניחוח פינוק כחול 2.5 ליטר,קילוגרמים,2.50,"ק""ג",false,1,27.90,11.1600,true,1,228872
7290116530895,false,בדין תרסיס למייבש כב,"זוהר דליה, קיבוץ דלי",IL,"בדין תרסיס למייבש כביסה פינוק 500 מ""ל",מיליליטרים,500.00,"100 מ""ל",false,1,19.90,3.9800,true,1,228876
7290116531045,false,דליפקאן כשלפ 350 גרם,"מולינו ניקולי S.p.A,",IT,תלמה דגני בוקר דליפקאן ללא גלוטן 350 גרם,גרמים,350.00,100 גרם,false,1,21.90,6.2571,true,1,231159
7290116531083,false,ברנפלקס טעם דבש עם ש,יוניליוור שפע ישראל,IL,ברנפלקס טעם דבש עם שקדים 400גרם,גרמים,400.00,100 גרם,false,1,25.90,6.4750,true,1,230480
7290116531281,false,קליק מיקס 65 גרם,יוניליוור ישראל מזון,IL,קליק  קליק מיקס 65 גרם,גרמים,65.00,100 גרם,false,1,7.90,12.1538,true,1,230344
7290116531328,false,חטיף קליק בלאק&וויט,יוניליוור ישראל מזון,IL,קליק  חטיף קליק בלאק&וויט בציפוי שוקולד חלב 35 גרם,גרמים,35.00,100 גרם,false,1,5.90,16.8571,true,1,232255
7290116531519,false,קוקומן שוקו בננה 375,יוניליוור שפע ישראל,IL,קוקומן שוקו בננה 375גרם,גרמים,375.00,100 גרם,false,1,19.90,5.3067,true,1,230481
7290116531748,false,קליק קוקומן חום&לבן,"דרך השוקולד 1, צפת 1",IL,קליק  קליק שוקו מיקס חום לבן כשר לפסח 65 גרם,גרמים,65.00,100 גרם,false,1,7.90,12.1538,true,1,231147
7290116531779,false,בדין דפי מרכך למייבש,,US,בדין  דפי מרכך למייבש כביסה כחול 40 יחידות,יחידה,1.00,יחידה,false,1,18.90,18.9000,true,1,232123
7290116531885,false,ממרח טבעוני ויגן 500,יוניליוור ישראל מזון,IL,הלמנס  ממרח טבעוני ויגן  500 גרם,גרמים,500.00,100 גרם,false,1,14.90,2.9800,true,1,233210
7290116531915,false,דגדג בטעם פתי בר דג,"דרך השוקולד 1, צפת 1",IL,דגדג בטעם פתי בר דג דג 235 גרם,גרמים,235.00,100 גרם,false,1,10.90,4.6383,true,1,230844
7290116531939,false,גלידונית תות שדה 638,"גלידת שטראוס בע""מ, ר",IL,קרמיסימו גלידונית גלידה בטעם תות שדה 60 יחידות,גרמים,638.00,100 גרם,false,1,41.90,6.5674,true,1,231717
7290116532271,false,גודיז סנדוויץ 270 גר,שטראוס גרופ גלידות,IL,גודיז סנדוויץ 270 גרם,גרמים,270.00,100 גרם,false,1,32.90,12.1852,true,1,231724
7290116532462,false,פיינט קליק שוקולד בנ,"גלידת שטראוס בע""מ, ר",IL,פיינט קליק שוקולד בננה,מיליליטרים,520.00,"100 מ""ל",false,1,24.90,4.7885,true,1,232100
7290116532486,false,פיינט קליק וניל קרמל,"גלידת שטראוס בע""מ, ר",IL,פיינט קליק וניל קרמל מלוח,מיליליטרים,520.00,"100 מ""ל",false,1,24.90,4.7885,true,1,232101
7290116930015,false,GO  חטיף חלבון קרמל,תנובה,IL,GO  חטיף חלבון קרמל מלוח חמאת בוטנים 60ג,גרמים,60.00,100 גרם,false,1,12.90,21.5000,true,1,232180
7290116930022,false,GO חטיף חלבון בטעם ק,תנובה,IL,GO חטיף חלבון בטעם קרם עוגיות 60גרם,גרמים,60.00,100 גרם,false,1,12.90,21.5000,true,1,232181
7290116930282,false,ארוחה בקטנה לאבנה עם,תנובה,IL,ארוחה בקטנה לאבנה עם קרקרים 150 גרם,גרמים,150.00,100 גרם,false,1,7.50,5.0000,true,1,232900
7290116930435,false,יוגורט גו סמיך 0% דו,תנובה,IL,יוגורט גו סמיך 0% דובדבן,גרמים,150.00,100 גרם,false,1,5.90,3.9333,true,1,231900
7290116930442,false,SHAKE יופלה בננה מנג,תנובה בעמ,IL,SHAKE יופלה בננה מנגו תפוז גזר וציה 230,מיליליטרים,230.00,"100 מ""ל",false,1,8.90,3.8696,true,1,232525
7290116930466,false,SHAKE יופלה מנגו בננ,תנובה,IL,SHAKE יופלה מנגו בננה פסיפלורה והל 230 מ,מיליליטרים,230.00,"100 מ""ל",false,1,8.90,3.8696,true,1,232527
7290116930480,false,SHAKE יופלה בננה קיו,תנובה,IL,SHAKE יופלה בננה קיווי תפוח 230 מל,מיליליטרים,230.00,"100 מ""ל",false,1,8.90,3.8696,true,1,232526
7290116930626,false,ארוחה בקטנה ציזיקי ע,תנובה,IL,ארוחה בקטנה ציזיקי עם קרקרים 150 גרם,גרמים,150.00,100 גרם,false,1,7.50,5.0000,true,1,232901
7290116930640,false,יולו שוקולד חלב עם ש,תנובה,IL,יולו שוקולד חלב עם שברי בייגלה 120 גרם,גרמים,120.00,100 גרם,false,1,5.50,4.5833,true,1,232530
7290116931104,false,יופלה גו במרקם סמיך,תנובה,IL,יופלה גו במרקם סמיך עם אננס 0%  200גרם,גרמים,200.00,100 גרם,false,1,5.90,2.9500,true,1,233246
7290117260906,false,פופקורן בטעם פירות 9,אלאלסי,UA,פופקורן בטעם פירות 90גרם,גרמים,90.00,100 גרם,false,1,6.90,7.6667,true,1,231713
7290117262290,false,פרלינים אגוזים במילו,עלית,TR,פרלינים אגוזים במילוי פצפוצי דגנים מצופי,גרמים,50.00,100 גרם,false,1,6.90,13.8000,true,1,234384
7290117262313,false,פצפוצי דגנים פריכים,עלית,TR,פצפוצי דגנים פריכים מצופים שוקולד חלב 50,גרמים,50.00,100 גרם,false,1,6.90,13.8000,true,1,234386
7290117380864,false,סלים דליס  עוגות ברא,הלמה הלום,NL,סלים דליס  עוגות בראוניס אישיות שוקולד 1,גרמים,120.00,100 גרם,false,1,13.90,11.5833,true,1,232217
7290117380871,false,סלים דליס  עוגות ברא,הלמה הלום,NL,סלים דליס  עוגות בראוניס אישיות אוכמניות 120גרם,גרמים,120.00,100 גרם,false,1,13.90,11.5833,true,1,232218
7290117382325,false,חטיף  סלים דליס פרו,andros snc,IT,חטיף  סלים דליס פרו  מצופה שוקולד חלב  6,גרמים,60.00,100 גרם,false,1,12.90,21.5000,true,1,232903
7296021131394,false,"סכין מולטי 1.5 ס""מ",,,"סכין מולטי 1.5 ס""מ",יחידה,1.00,יחידה,false,1,19.90,19.9000,true,1,209234
7296021133602,false,"מועך תפו""א ידית שחור",KIS CHINA,CN,"מועך תפו""א ידית שחורה נעמן  בייסיק ידית",יחידה,1.00,יחידה,false,1,16.90,16.9000,true,1,209228
7296021133664,false,קולפן Y ידית שחורה נ,KIS CHINA,CN,קולפן Y ידית שחורה נעמן  בייסיק ידית שחו,יחידה,1.00,יחידה,false,1,10.90,10.9000,true,1,209242
7296021133695,false,מגרדת ידית שחורה נעמ,,,מגרדת ידית שחורה נעמן  בייסיק ידית שחורה,יחידה,1.00,יחידה,false,1,10.90,10.9000,true,1,223842
7296021133701,false,קישואן זוקיני ידית ש,KIS CHINA,CN,קישואן זוקיני ידית שחורה נעמן  בייסיק יד,יחידה,1.00,יחידה,false,1,10.90,10.9000,true,1,209249
7296021137150,false,סכין שף 20 סמ BASIC,,,"סכין שף/בשר 20 ס""מ BASIC נעמן",יחידה,1.00,יחידה,false,1,44.90,44.9000,true,1,220044
7296021137860,false,חותך רצועות כרוב,,,חותך רצועות כרוב קולפנים,יחידה,1.00,יחידה,false,1,18.90,18.9000,true,1,225254
7296021146442,false,תבנית CS לאפיה קפיץ,,,"תבנית קפיץ 28 ס""מ לאפיה",יחידה,1.00,יחידה,false,1,49.90,49.9000,true,1,209259
7296021152221,true,סוחט לימון ידני פלסט,,,סוחט לימון ידני פלסטיק,יחידה,1.00,יחידה,false,1,8.90,8.9000,true,1,217127
7296021156090,false,קראף 1 ל בקהוס זכוכי,,,קראף 1 ל בקהוס זכוכית,יחידה,1.00,יחידה,false,1,13.90,13.9000,true,1,209269
7296021159886,false,סט שישיית סכינים לחי,,,סט שישיית סכינים לחיתוך ירקות נעמן,יחידה,1.00,יחידה,false,1,14.90,14.9000,true,1,215798
7296021160875,false,מספריים למטבח עם מגנ,,,מספריים למטבח עם מגנט דיספליי 12  מספריים,יחידה,1.00,יחידה,false,1,21.90,21.9000,true,1,226138
7296021166273,false,"קערה אובלית 25*31 ס""",,,"קערה אובלית 25*31 ס""מ פלסטיק",יחידה,1.00,יחידה,false,1,18.90,18.9000,true,1,219913
7296021169359,false,משקל מטבח  אלקטרוני,,,משקל מטבח  אלקטרוני  לבן EKS-006 עד 5 קג  Patisser,יחידה,1.00,יחידה,false,1,59.90,59.9000,true,1,226137
7296021170676,false,פותחן שימורים  פרפר,KIS CHINA,CN,פותחן שימורים  פרפר ידית שחורה  אביזרי מטבח,יחידה,1.00,יחידה,false,1,31.90,31.9000,true,1,226145
7296021170775,false,- מגרדת שטוחה 12*30,,,- מגרדת שטוחה 12*30   STAINLESS STEEL  אביזרי מטבח,יחידה,1.00,יחידה,false,1,11.90,11.9000,true,1,226139
7296021273162,false,סט שישיית סכינים לחי,,,סט שישיית סכינים לחיתוך ירקות אדום,יחידה,1.00,יחידה,false,1,14.90,14.9000,true,1,230893
7296073345060,false,לחם  פרוס  ללא גלוטן,גדרון,IL,לחם  פרוס  ללא גלוטן  גידרון  500 גר,גרמים,500.00,100 גרם,false,1,17.90,3.5800,true,1,231503
7296073431879,true,מאפין שוקו צ יפס,גדרון,IL,מאפין שוקו צ יפס,גרמים,500.00,100 גרם,false,1,18.90,3.7800,true,1,228792
7296150000028,false,עלי גפן ממולאים באור,אקמר,,עלי גפן ממולאים באורז 425 גרם,גרמים,425.00,100 גרם,false,1,10.90,2.5647,true,1,86939
7296168001406,false,אסלוניות 20 יחידות,,,אסלוניות 20 יחידות,לא מנהל יחידת מידה,0.00,לא מנהל יחידת מידה,false,1,10.90,0.0000,true,1,44516
7297488036703,false,סיכות סבתא 12 שחור,אימפופיקס,,סיכות סבתא 12 שחור,יחידה,1.00,יחידה,false,1,4.90,4.9000,true,1,182581
7297488040403,false,כפפה עבה לגבר,אודס,,כפפה עבה לגבר,לא מנהל יחידת מידה,0.00,לא מנהל יחידת מידה,false,1,10.90,0.0000,true,1,185282
7297488098152,false,קמח חומוס דגש 500 גר,אף.סי תבליני בגליל ב,IL,דוכן גן שמואל קמח חומוס 500 גרם,גרמים,500.00,100 גרם,false,1,16.90,3.3800,true,1,171039
7297488098169,false,קמח תירס ללא גלוטן 5,תבליני העליון 2007 ב,IL,קמח תירס ללא גלוטן 500 גרם,גרמים,500.00,100 גרם,false,1,9.80,1.9600,true,1,168885
7297488098176,false,קמח סויה ללא גלוטן ד,אף.סי. תבליני הגליל,IL,דוכן גן שמואל קמח סויה 500 גרם,גרמים,500.00,100 גרם,false,1,10.50,2.1000,true,1,176087
7297488098190,false,קמח אורז מלא ללא גלו,אף.סי תבליני בגליל ב,IL,דוכן גן שמואל קמח אורז מלא 500 גרם,גרמים,500.00,100 גרם,false,1,14.90,2.9800,true,1,175800
7297488098220,false,קמח תפוח אדמה ללא גל,תות תעשיות מזון (201,IL,דוכן גן שמואל קמח תפוחי אדמה 500 גרם,גרמים,500.00,100 גרם,false,1,11.90,2.3800,true,1,175801
7297488098305,false,קמח שקדים דגש 250 גר,תות תעשיות מזון (201,IL,דוכן גן שמואל קמח שקדים 500 גרם,גרמים,250.00,100 גרם,false,1,27.90,11.1600,true,1,176191
7297488099753,false,עוגיות בטעם שוקולד ו,תות תעשיות מזון (201,IL,עוגיות בטעם שוקולד וקוקוס 250 גרם,גרמים,250.00,100 גרם,false,1,27.90,11.1600,true,1,207654
7297488099777,true,עוגיות בטעם קאשיו 25,תות תעשיות מזון (201,IL,בריאות וטבע עוגיות מובחרות עם קשיו 250 גרם,גרמים,250.00,100 גרם,false,1,27.90,11.1600,true,1,208959
7297488099821,false,גרנולה ללא תוספת סוכ,תות תעשיות מזון (201,IL,בריאות וטבע גרנולה 250 גרם,גרמים,250.00,100 גרם,false,1,16.90,6.7600,true,1,207656
7297488199682,false,קמח כוסמת דגש,תות תעשיות מזון (201,IL,דוכן גן שמואל קמח קינואה 500 גרם,גרמים,500.00,100 גרם,false,1,15.90,3.1800,true,1,208926
7297488199736,false,קוסקוס 140 גרם,נטורפוד,,קוסקוס 140 גרם,גרמים,140.00,100 גרם,false,1,18.90,13.5000,true,1,207653
7297522049072,false,מצחיה נשים רפיה,,,מצחיה נשים רפיה,יחידה,1.00,יחידה,false,1,29.90,29.9000,true,1,222176
7297603014388,false,מלקחיים סיליקון 22 ס,,,מלקחיים סיליקון 22 ס,יחידה,1.00,יחידה,false,1,19.90,19.9000,true,1,229436
7297603027500,false,מלחיה זכוכית  נירוסט,,,מלחיה זכוכית  נירוסט,יחידה,1.00,יחידה,false,1,11.90,11.9000,true,1,231557
7297603030456,false,מעמד לנייר סופג מוט,,,מעמד לנייר סופג מוט,יחידה,1.00,יחידה,false,1,39.90,39.9000,true,1,231573
7298074500615,false,ערכה לבדיקת הריון בו,SPD,,ערכה לבדיקת הריון בודד סנסו טסט,יחידה,1.00,יחידה,false,1,25.90,25.9000,true,1,217672
7312040017683,false,וודקה אבסולוט בקבוק,"איי, בי, אינבוו",SE,"אבסולוט וודקה, 700 מ''ל",מיליליטרים,700.00,"100 מ""ל",false,1,69.90,9.9857,true,1,182861
7394376615825,false,אוטלי משקה שבולת שוע,,SE,אוטלי משקה שבולת שועל מועשר 1 ליטר,ליטרים,1.00,ליטר,false,1,14.90,14.9000,true,1,220079
7394376620294,false,משקה שיבולת שועל וני,איי אם פי אס איי תעש,NL,משקה שיבולת שועל וניל אוטלי 1 ליטר,ליטרים,1.00,ליטר,false,1,15.90,15.9000,true,1,234030
7441000720599,false,לבבות דקל פח 400 גרם,אינקופלמיטו,EC,שימורי לבבות דקל שלמים(פחית),גרמים,400.00,100 גרם,false,1,14.90,3.7250,true,1,203913
7441000720605,false,לבבות דקל בצנצנת 410,אינקופלמיטו אס. אי,EC,לה קימה שימורי לבבות דקל שלמים 410 גרם,גרמים,410.00,100 גרם,false,1,18.90,4.6098,true,1,203914
7501013101348,false,גומקס מנגו בקבוק 473,חומקס קומר קומרסאליז,MX,"גומקס מנגו בקבוק 473 מ""ל",מיליליטרים,473.00,"100 מ""ל",false,1,8.50,1.7970,true,1,217600
7501013101355,false,גומקס אפרסק בקבוק 47,פארייפאבה אגרואינדוס,MX,"ג'ומקס אפרסק בקבוק 473 מ""ל תריסר",מיליליטרים,473.00,"100 מ""ל",false,1,8.50,1.7970,true,1,217599
7501013101362,false,גומקס קוקוס אננס בקב,פארייפאבה אגרואינדוס,MX,"ג'ומקס קוקוס אננס בקבוק 473 מ""ל תריסר",מיליליטרים,473.00,"100 מ""ל",false,1,8.50,1.7970,true,1,217601
7501013101393,false,גומקס אננס בקבוק 473,פארייפאבה אגרואינדוס,MX,"ג'ומקס אננס  בקבוק 473 מ""ל תריסר",מיליליטרים,473.00,"100 מ""ל",false,1,8.50,1.7970,true,1,217598
7501013101430,false,גומקס יוניקו פרסקו ח,חומקס קומר קומרסאליז,MX,יוניקו פרסקו חמוציות בק' 473 תריסר,מיליליטרים,473.00,"100 מ""ל",false,1,9.50,2.0085,true,1,217602
7501013122039,false,גומקס מיץ מנגו קרטונ,חומקס קומר קומרסאליז,MX,ג'ומקס מנגו קרטונית  ליטר תריסר,ליטרים,1.00,ליטר,false,1,9.90,9.9000,true,1,217595
7501013122053,false,גומקס מיץ אפרסק קרטו,חומקס קומר קומרסאליז,MX,ג'ומקס אפרסק קרטונית  ליטר תריסר,ליטרים,1.00,ליטר,false,1,9.90,9.9000,true,1,217594
7501013122114,false,גומקס מיץ אננס קרטונ,חומקס קומר קומרסאליז,MX,ג'ומקס אננס קרטונית  ליטר תריסר,ליטרים,1.00,ליטר,false,1,9.90,9.9000,true,1,217593
7501013122190,false,גומקס מיץ תפוחים קרט,חומקס קומר קומרסאליז,MX,ג'ומקס  תפוחים קרטונית ליטר  תריסר,ליטרים,1.00,ליטר,false,1,9.90,9.9000,true,1,217597
7501013122992,false,גומקס מיץ קוקוס אננס,חומקס קומר קומרסאליז,MX,ג'ומקס קוקוס אננס קרטונית  ליטר תריסר,ליטרים,1.00,ליטר,false,1,9.90,9.9000,true,1,217596
7501064191398,false,שישיית בירה קורונה ב,קריניציה ויטמינה אס,MX,בשישיית בירה קורונה אקסטרה 2.13 ל',ליטרים,2.13,ליטר,false,6,39.90,18.7324,true,1,215577
7501064196690,false,פחית בירה קורונה 355,סרבסריה מידלו,MX,"פחית בירה קורונה 355 מ""ל",מיליליטרים,355.00,"100 מ""ל",false,1,10.90,3.0704,true,1,218631
7509546666846,false,קולגייט טוטל משחת שי,CP UK,MX,קולגייט טוטל משחת שיניים פחם 75 מל,מיליליטרים,75.00,"100 מ""ל",false,1,19.90,26.5333,true,1,228655
7509546678702,false,קולגייט משחת שיניים,קולגייט-פלמוליב,BR,קולגייט משחת שיניים טוטאל אנטי טרטר 100,מיליליטרים,100.00,"100 מ""ל",false,1,17.90,17.9000,true,1,232932
7610113013250,false,פחית בקרדי מוחיטו 25,בקרדי מרטיני,BE,פחית בקרדי מוחיטו 250 מל,מיליליטרים,250.00,"100 מ""ל",false,1,14.90,5.9600,true,1,223376
7610400014649,false,שוקולד לינדור חלב 10,לינדט ושפרונגלי,,שוקולד לינדור חלב 100 גרם,גרמים,100.00,100 גרם,false,1,17.50,17.5000,true,1,57037
7610400068369,false,שוקולד לינדור אגוזים,לינדט ושפרונגלי,,לינדט לינדור שוקולד חלב שוויצרי ואגוזים 100 גר',גרמים,100.00,100 גרם,false,1,17.50,17.5000,true,1,149565
7610400068505,false,בונבוניירה לינדור מי,לינדט ושפרונגלי,,בונבוניירה לינדור מילק 200 גרם,גרמים,200.00,100 גרם,false,1,34.90,17.4500,true,1,152862
7610400074155,false,שוקולד לינדור מריר 6,"לינדט ושפרונגלי, CH-",,שוקולד לינדור מריר 60%  100 גרם,גרמים,100.00,100 גרם,false,1,17.50,17.5000,true,1,149566
7610400091060,false,שוקולד לינדט אקסלנס,לינדט ושפרונגלי,,שוקולד לינדט אקסלנס תפוז 100 גרם,גרמים,100.00,100 גרם,false,1,14.90,14.9000,true,1,219579
7613032045753,false,דגני פיטנס שוקולד 37,הנסיך- מפעל לייצור ט,FR,פיטנס שוקולד 16*375גרם 2017,גרמים,375.00,100 גרם,false,1,21.90,5.8400,true,1,141318
7613033548192,false,דגני בוקר פיטנס שוקו,הנסיך- מפעל לייצור ט,FR,פיטנס שוקולד מריר 16*375גרם 2017,גרמים,375.00,100 גרם,false,1,21.90,5.8400,true,1,171725
7613033635571,false,ONE חתול סטרילייז סל,פורינה,US,ONE חתול סטרילייז סלמון800גרם,גרמים,800.00,100 גרם,false,1,34.90,4.3625,true,1,217838
7613035619050,false,חמשושים מפלצות,שוורצקוף& הנקל דיסלד,ES,חמשושים מפלצות 18*75מל,גרמים,80.00,100 גרם,false,1,7.90,9.8750,true,1,202715
7613035807778,false,רוטב עגבניות לבולונז,נסטלה ספרד,ES,פרפקטו רוטב עגבניות לבולונז 6*400גרם,גרמים,400.00,100 גרם,false,1,10.90,2.7250,true,1,203289
7613035809109,false,רוטב עגבניות ובזיליק,נסטלה ספרד,ES,פרפקטו רוטב עגבניות ובזיליקום 6*400גרם,גרמים,400.00,100 גרם,false,1,10.90,2.7250,true,1,203292
7613035809123,false,רוטב עגבניות עם פלפל,נסטלה ספרד,ES,פרפקטו רוטב עגבניות עם פלפלים 6*400גרם,גרמים,400.00,100 גרם,false,1,10.90,2.7250,true,1,203291
7613035809857,false,רוטב עגבניות לפסטה פ,נסטלה ספרד,ES,פרפקטו רוטב עגבניות לפסטה ולבישול 6*400ג,גרמים,400.00,100 גרם,false,1,10.90,2.7250,true,1,203290
7613036520492,false,פרפקטו רוטב עגבניות,ביוטוני ספרד,ES,פרפקטו רוטב עגבניות לפיצה 6*400גרם,גרמים,400.00,100 גרם,false,1,10.90,2.7250,true,1,221572
7613036576734,false,חמישייה קרחוני שרבט,פרונרי איבריה ס.ל,ES,נסטלה חמשושים חדש 18*60גרם,גרמים,60.00,100 גרם,false,1,7.90,13.1667,true,1,212516
7613037012095,true,גרנולה פיטנס שוקולד,TASTY FOODS,LT,גרנולה פיטנס שוקולד קינואה שקד 300 גרם,גרמים,300.00,100 גרם,false,1,15.90,5.3000,true,1,217242
7613037686906,false,פיטנס שקדים ודבש 14*,הנסיך- מפעל לייצור ט,FR,פיטנס שקדים ודבש 14*355גרם,גרמים,355.00,100 גרם,false,1,21.90,6.1690,true,1,218885
7613037811629,false,גו פרי קורנפלקס 500ג,שוורצקוף& הנקל דיסלד,IL,גו פרי קורנפלקס 7*500גרם,גרמים,500.00,100 גרם,false,1,13.90,2.7800,true,1,221259
7613287182326,false,ויטמינציק פאוץ בננה,נסטלה,ES,ויטמינציק פאוץ בננה תפוח כשלפ 110 גרם,גרמים,110.00,100 גרם,false,1,5.90,5.3636,true,1,229388
7613287182456,false,ויטמינציק פאוץ אגס ת,נסטלה,ES,ויטמינציק פאוץ אגס תפוח ובננה כשלפ 110 ג,גרמים,110.00,100 גרם,false,1,5.90,5.3636,true,1,229390
7613287325808,false,רוטב איולי שום לחיץ,נסטלה פולין,PL,רוטב איולי שום לחיץ אסם 295 גרם,גרמים,295.00,100 גרם,false,1,14.90,5.0508,true,1,230028
7613287325822,false,רוטב מיקס לחיץ 295 ג,אסם,PL,רוטב מיקס לחיץ 295 גרם,גרמים,295.00,100 גרם,false,1,14.90,5.0508,true,1,230030
7613287325853,false,רוטב ספייסי איולי לח,נסטלה פולין,PL,רוטב ספייסי איולי לחיץ 295 גרם,גרמים,295.00,100 גרם,false,1,14.90,5.0508,true,1,230029
7613287325952,false,רוטב ברביקיו אסם לחי,דפטונה פולין,PL,רוטב ברביקיו אסם לחיץ 295 גרם,גרמים,295.00,100 גרם,false,1,14.90,5.0508,true,1,230033
7613287394323,false,דגני מולטי צירייס נ,CPU,GB,דגני מולטי צירייס נסטלה 600גרם,גרמים,600.00,100 גרם,false,1,26.90,4.4833,true,1,222720
7613287476494,false,מיונז אסם לחיץ 295 ג,נסטלה פולין,PL,מיונז אסם לחיץ 295 גרם,גרמים,295.00,100 גרם,false,1,14.90,5.0508,true,1,230031
7616500553484,false,פריי שוקולד מריר 78%,פריי,CH,פריי שוקולד מריר 78% 100 גרם,גרמים,100.00,100 גרם,false,1,9.90,9.9000,true,1,139208
7616500630161,false,פריי שוקולד מריר 85%,פריי,CH,פריי שוקולד מריר 85% 100 גרם,גרמים,100.00,100 גרם,false,1,9.90,9.9000,true,1,167737
7616500647251,false,פריי 180 ג אגוזים,פריי,CH,פריי שוקולד חלב אגוז 180 גרם,גרמים,180.00,100 גרם,false,1,14.90,8.2778,true,1,217279
7616500647268,false,פריי מריר אגוזים 180,פריי,CH,פריי שוקולד מריר אגוז 180 גרם,גרמים,180.00,100 גרם,false,1,14.90,8.2778,true,1,217278
7616500666092,false,פריי חלב פיסטוק 200,פריי,CH,פריי חלב פיסטוק 200 גרם,גרמים,200.00,100 גרם,false,1,14.90,7.4500,true,1,232257
7617300705660,false,הפי נוזל רצפות,מיפא,,"הפי נוזל רצפות 2 ל                     """,ליטרים,2.00,ליטר,false,1,19.90,9.9500,true,1,125384
7622010001858,false,עוגיות אוראו ממולאות,פי אר ג'יי אס אי מנד,UA,עוגיות אוראו ממולאות קרם וניל 176 גר',גרמים,176.00,100 גרם,false,1,9.90,5.6250,true,1,202172
7622201139278,false,פילדלפיה שמנה 27% שו,מונדלייז,ES,פילדלפיה גבינת שמנת 27% שומן 150 גרם,גרמים,150.00,100 גרם,false,1,15.90,10.6000,true,1,219174
7622201801809,false,שוקולד חלב אגוזים מי,מנדלז דויצ'לנד סנקס,DE,מילקה שוקוד חלב עם אגוזי לוז 100 גרם,גרמים,100.00,100 גרם,false,1,6.90,6.9000,true,1,229013
7622201802363,false,שוקולד חלב אגוז וצימ,מנדלז דויצ'לנד סנקס,DE,מילקה שוקולד חלב עם צימוקים ואגוזים 100 גר',גרמים,100.00,100 גרם,false,1,6.90,6.9000,true,1,229012
7622201802394,false,שוקולד חלב מילקה 100,מנדלז דויצ'לנד סנקס,DE,מילקה חלב מסרונים 100 גרם,גרמים,100.00,100 גרם,false,1,6.90,6.9000,true,1,229011
7622201813390,false,מילקה וואפל במילוי ק,מונדליז סי.אר. ביסקו,,מילקה וואפל במילוי קרם קקאו 150 גרם,גרמים,150.00,100 גרם,false,1,16.90,11.2667,true,1,222333
7622201819170,false,מילקה דארק שקדים 85,מונדלייז,DE,מילקה דארק שקדים 85 גרם חדש,גרמים,85.00,100 גרם,false,1,8.50,10.0000,true,1,230349
7622201819408,false,מילקה דארק קרמל 85 ג,מונדלייז,DE,מילקה דארק קרמל 85 גרם חדש,גרמים,85.00,100 גרם,false,1,8.50,10.0000,true,1,230350
7622201819552,false,מילקה דארק 85 גרם חד,מונדלייז,DE,מילקה דארק 85 גרם חדש,גרמים,85.00,100 גרם,false,1,8.50,10.0000,true,1,230351
7622210597915,false,מילקה לבבות פרלינים,"איטיליאן פוד, אס.פי.",BG,מילקה לבבות פרלינים 110 גרם,גרמים,110.00,100 גרם,false,1,11.90,10.8182,true,1,221235
7622210635105,false,אוראו תות 154 גרם,מונדלז אספנה גאלטס פ,ES,אוראו תות 154 גרם,גרמים,154.00,100 גרם,false,1,7.90,5.1299,true,1,218322
7622210638021,false,אוראו ביס קראנצי בצי,"איטיליאן פוד, אס.פי.",ES,אוראו קראנצ'י בייטס מצופים 110 גרם,גרמים,110.00,100 גרם,false,1,8.90,8.0909,true,1,221862
7622210693266,false,מילקה אגוזים שלמים 2,גוד פוד פרודקטס S.p,AT,שוקולד חלב מילקה  עם אגוזי לוז שלמים 270 גרם,גרמים,270.00,100 גרם,false,1,17.90,6.6296,true,1,225511
7622210835338,false,עוגיות אוראו בראוניז,"איטיליאן פוד, אס.פי.",ES,עוגיות אוראו בראוניז 176 גרם,גרמים,176.00,100 גרם,false,1,9.90,5.6250,true,1,214687
7622300200237,false,מילקה שוקולד חלב 250,תאי פרזידנט פוד פאבל,AT,מילקה שוקולד חלב 250 גר',גרמים,250.00,100 גרם,false,1,12.90,5.1600,true,1,174921
7622300315283,false,"אוראו וניל בד""צ 154","מונדלז CR פרודקשיין,",UA,"אוראו וניל בד""צ 154 גרם",גרמים,154.00,100 גרם,false,1,7.90,5.1299,true,1,228870
7622300340285,false,פילדלפיה 22% שומן 17,דולפין ספא,DE,גבינת שמנת 21% שומן,גרמים,175.00,100 גרם,false,1,14.90,8.5143,true,1,209169
7622300340292,false,פילדלפיה מופחת שומן,דולפין ספא,DE,גבינת שמנת מופחתת שומן 11% שומן,גרמים,175.00,100 גרם,false,1,14.90,8.5143,true,1,209170
7622300617820,false,שוקולד חלב אוראו מיל,מנדלז דויצ'לנד סנקס,DE,שוקולד חלב אוראו מילקה 100 גרם,גרמים,100.00,100 גרם,false,1,6.90,6.9000,true,1,180039
7630477891639,false,סטארבקס קפסולות ורונ,נסטלה נספרסו,CH,סטארבקס קפסולות ורונה 55 גרם,גרמים,55.00,100 גרם,false,1,21.90,39.8182,true,1,229019
7702018271788,false,Gillette Clear Gel A,פרוקטר אנד גמבל,PL,Gillette Clear Gel AP Deo Stick Triumph,ליטרים,70.00,ליטר,false,1,16.90,0.2414,true,1,181470
7702018366286,false,סכין סימפלי ונוס איש,פרוקטל אנד גמבל,MD,סכין סימפלי ונוס אישה,לא מנהל יחידת מידה,0.00,לא מנהל יחידת מידה,false,1,22.90,0.0000,true,1,217862
7702018462032,false,גילט מאך 3 רביעיות ס,פרוקטור אנד גמבל,DE,גילט מאך 3 רביעיות סטארט,יחידה,1.00,יחידה,false,1,29.90,29.9000,true,1,220229
7702018866984,false,סכיני גילוח גילט פיו,תות ממתקי איכות,DE,רביעית סכיני גילוח רב פעמיים,לא מנהל יחידת מידה,0.00,לא מנהל יחידת מידה,false,1,59.90,0.0000,true,1,185058
7702018978106,false,Gillette Clear Gel A,פרוקטר אנד גמבל,PL,Gillette Clear Gel AP Deo Stick Arctic I,ליטרים,70.00,ליטר,false,1,16.90,0.2414,true,1,148046
7702018978120,false,Gillette Clear Gel A,פרוקטר אנד גמבל,PL,Gillette Clear Gel AP Deo Stick Cool Wav,מיליליטרים,70.00,"100 מ""ל",false,1,16.90,24.1429,true,1,148047
7702174068826,false,לקקן יוגטה בטעם פירו,הדקלאים אגודת שיתופי,CO,"לקקן יוגטה בטעם פירות 12 יח            """,גרמים,216.00,100 גרם,false,1,10.90,5.0463,true,1,179902
7702174073783,false,לקקן פינפופ קולה 10,הדקלאים אגודת שיתופי,CO,לקקן פין פופ קולה 10 יח' 180  גר',גרמים,180.00,100 גרם,false,1,10.90,6.0556,true,1,209161
7750526001786,false,אינקה ציפס ירקות שור,יאנג שינג,US,אינקה ציפס ירקות שורש אוריגינל 142גרם,גרמים,142.00,100 גרם,false,1,19.90,14.0141,true,1,227915
7792860006218,false,סוכריות לקקן בייבי ד,לריטייר,AR,"סוכריות בייבי דול, 24 גרם",גרמים,20.00,100 גרם,false,1,2.60,13.0000,true,1,60207
7860001957337,false,כדורי קרח גדולים,,,כדורי קרח גדולים,יחידה,1.00,יחידה,false,1,8.90,8.9000,true,1,207856
7891024179482,false,שטיפת פה אופטיק וייט,יבואן ומשווק: ש. שסט,PL,קולגייט מי פה אופטיק וייט 500 מל,מיליליטרים,500.00,"100 מ""ל",false,1,31.90,6.3800,true,1,180366
8000040001106,false,"קמפרי 700 מ""ל",קמפרי,,"קמפרי 700 מ""ל",מיליליטרים,700.00,"100 מ""ל",false,1,109.90,15.7000,true,1,194230
8000070010680,false,קפסולות אספרסו ויגור,לאוג'י לוואצה אס.פי.,IT,קפסולות אספרסו ויגורוסו 55 גרם,גרמים,55.00,100 גרם,false,1,16.90,30.7273,true,1,232580
8000070081000,false,קפסולות קפה הרמוניקו,לאוג'י לוואצה אס.פי.,IT,קפסולות קפה הרמוניקו 50 גרם,גרמים,50.00,100 גרם,false,1,16.90,33.8000,true,1,232581
8000215204219,false,משקה אורז אורגני ויט,בטר אנד דיפרנט,IT,משקה אורז אורגני 1 ליטר,ליטרים,1.00,ליטר,false,1,13.90,13.9000,true,1,163008
8000215204240,false,משקה שקדים ואורז אור,בטר אנד דיפרנט,IT,משקה שקדים ואורז אורגני 1 ליטר,ליטרים,1.00,ליטר,false,1,13.90,13.9000,true,1,163009
8000215204271,false,משקה אורז ושקדים ויט,"נטורפוד בע""מ",IT,"משקה אורז ושקדים ויטריז 200 מ""ל",מיליליטרים,200.00,"100 מ""ל",false,1,4.90,2.4500,true,1,193661
8000215204370,false,תחליף שמנת צמחי לביש,ויטריז,IT,תחליף שמנת צמחי לבישול אורגני ויטריז 200,מיליליטרים,200.00,"100 מ""ל",false,1,6.90,3.4500,true,1,208999
8000215204561,false,משקה שקדים אורגני VI,בטר אנד דיפרנט,IT,ויטאסי משקה שקדים אורגני 1 ליטר,ליטרים,1.00,ליטר,false,1,16.90,16.9000,true,1,213632
8000215204653,false,ויטסי - משקה סויה או,בטר אנד דיפרנט,IT,ויטאסי משקה סויה אורגני,ליטרים,1.00,ליטר,false,1,11.90,11.9000,true,1,218222
8000215204677,false,ויטריז משקה שיבולת ש,ויטריז,IT,ויטריז משקה שיבולת שועל בריסטה אורגני 1ל,ליטרים,1.00,ליטר,false,1,13.90,13.9000,true,1,230938
8000215204714,false,משקה שיבולת שועל אור,בטר אנד דיפרנט,IT,פרימאבנה משקה שיבולת שועל אורגני 1 ליטר,ליטרים,1.00,ליטר,false,1,13.90,13.9000,true,1,191080
8000380003723,false,ופל גרנד פטיסרי אגוז,קריניציה ויטמינה אס,IT,ופל גרנד פטיסרי אגוזים 100 גרם,גרמים,100.00,100 גרם,false,1,12.90,12.9000,true,1,57661
8000380003761,false,ופל גרנד פטיסרי קוקו,קריניציה ויטמינה אס,IT,לואקר גרנד פטיסרי קוקוס 100 גרם,גרמים,100.00,100 גרם,false,1,12.90,12.9000,true,1,67479
8000380004676,false,ופל סנדויץ קרם וניל,"אינסטנטה בע""מ",AT,ופל סנדויץ קרם וניל לואקר 200 גרם,גרמים,200.00,100 גרם,false,1,14.90,7.4500,true,1,60531
8000380004911,false,ופל קואדרטיני אגוז 2,קריניציה ויטמינה אס,AT,קוארדטיני אגוז 250 גר',גרמים,250.00,100 גרם,false,1,14.90,5.9600,true,1,67480
8000380004966,false,ופל קואדרטיני קקאו 2,קריניציה ויטמינה אס,AT,קוארדטיני שוקולד 250 גר',גרמים,250.00,100 גרם,false,1,14.90,5.9600,true,1,60532
8000380007219,false,ופל אגוזים לואקר 175,א. לואקר,AT,לואקר קלאסיק אגוז 175 גרם,גרמים,175.00,100 גרם,false,1,10.90,6.2286,true,1,60534
8000380007257,false,ופל מצופה שוקולד גרד,קריניציה ויטמינה אס,IT,לואקר גרנדה אגוז 200 גר',גרמים,200.00,100 גרם,false,1,14.90,7.4500,true,1,60535
8000380007264,false,ופל קקאו לואקר 175 ג,קריניציה ויטמינה אס,AT,לואקר קלאסיק קקאו 175 גרם,גרמים,175.00,100 גרם,false,1,10.90,6.2286,true,1,89132
8000380144044,false,ופל שוקולד גרדנה 200,לואקר,IT,וופל במילוי קרם שוקולד מצופה שוקולד חלב,גרמים,200.00,100 גרם,false,1,14.90,7.4500,true,1,138712
8000380152704,false,לואקר אצבעות גרדנה ב,"אינסטנטה בע""מ",IT,לואקר אצבעות גרדנה בשקית-אגוז 125 גרם,גרמים,125.00,100 גרם,false,1,18.90,15.1200,true,1,176727
8000380152728,false,לואקר אצבעות גרדנה ב,"אינסטנטה בע""מ",IT,לואקר אצבעות גרדנה בשקית-שוקולד 125 גרם,גרמים,125.00,100 גרם,false,1,18.90,15.1200,true,1,176938
8000380153466,false,ופל שוקולד לואקר 90,קריניציה ויטמינה אס,IT,ופל שוקולד לואקר 90 גרם,גרמים,90.00,100 גרם,false,1,7.90,8.7778,true,1,181266
8000380154791,false,טורטינה אורגינל שליש,קריניציה ויטמינה אס,IT,טורטינה אורגינל 21גר,גרמים,63.00,100 גרם,false,1,12.90,20.4762,true,1,198618
8000380154814,false,טורטינה מריר שלישיה,קריניציה ויטמינה אס,IT,טורטינה 1/3 מריר,גרמים,63.00,100 גרם,false,1,12.90,20.4762,true,1,200187
8000380156573,false,ורד הדולומיטים מעורב,קריניציה ויטמינה אס,IT,דולומיטים חלב 100ג,גרמים,150.00,100 גרם,false,1,23.90,15.9333,true,1,200952
8000380180721,false,ופל לואקר קלאסיק שוק,קריניציה ויטמינה אס,AT,לואקר קלאסיק שוקו-חלב 175 גרם,גרמים,175.00,100 גרם,false,1,10.90,6.2286,true,1,203136
8000380180745,false,ופל קואדרטיני שושו ל,"אינסטנטה בע""מ",AT,ופל קואדרטיני שושו לבן 250 גרם,גרמים,250.00,100 גרם,false,1,14.90,5.9600,true,1,203059
8000380180837,false,גרנד פטיסרי במילוי ק,"אינסטנטה בע""מ",IT,גרנד פטיסרי במילוי קרם קוקוס ובציפוי שוק,גרמים,100.00,100 גרם,false,1,12.90,12.9000,true,1,203051
8000380181032,false,לואקר אצבעות גרדנה ב,"אינסטנטה בע""מ",IT,לואקר אצבעות גרדנה בשקית-אגוז לבן 125 גר,גרמים,125.00,100 גרם,false,1,18.90,15.1200,true,1,213265
8000380187119,false,עוגיות לואקר אגוזי ל,לואקר,AT,עוגיות לואקר אגוזי לוז,גרמים,100.00,100 גרם,false,1,15.90,15.9000,true,1,221123
8000380187300,false,עוגיות לואקר פתיתי ש,לואקר,AT,עוגיות לואקר פתיתי שלג 120גרם,גרמים,120.00,100 גרם,false,1,15.90,13.2500,true,1,221125
8000380205400,false,קוואדרטיני חמאת בוטנ,לואקר,IT,קוואדרטיני חמאת בוטנים 250 גרם,גרמים,250.00,100 גרם,false,1,14.90,5.9600,true,1,232574
8000380205523,false,לואקר חמאת בוטנים 17,לואקר,IT,לואקר חמאת בוטנים 175 גרם,גרמים,175.00,100 גרם,false,1,10.90,6.2286,true,1,232573
8000500009673,false,בונבוניירה רושר 300,קדבורי,IT,בונבוניירה רושר 300 גרם,גרמים,300.00,100 גרם,false,1,49.90,16.6333,true,1,60542
8000500018828,false,שוקולד קינדר חצי מטר,קדבורי,IT,שוקולד קינדר חצי מטר 300 גרם T(8X3)X12,גרמים,300.00,100 גרם,false,1,25.90,8.6333,true,1,220502
8000500023976,false,בונבוניירה רפאלו 150,פררו,PL,כדור וופל בציפוי קוקוס פריך במילוי קרם ושקד שלם,גרמים,150.00,100 גרם,false,1,19.90,13.2667,true,1,57670
8000500032237,false,פררו רושה  375 גרי,קדבורי,IT,פררו רושה  375 גרי,גרמים,375.00,100 גרם,false,1,46.90,12.5067,true,1,89135
8000500037874,false,בונבוניירה רושר אריז,פררו,IT,בונבוניירה רושר אריזה דקורטיבית 200 גרם,גרמים,200.00,100 גרם,false,1,29.90,14.9500,true,1,89137
8000500071083,false,שוקולד קינדר אריזה ד,קדבורי,IT,אצבעות שוקולד קינדר 200 גר,גרמים,200.00,100 גרם,false,1,12.90,6.4500,true,1,60612
8000500094976,false,בונב.רושה קונוס 212,פררו,IT,בונב.רושה קונוס 212 גרם,גרמים,212.00,100 גרם,false,1,39.90,18.8208,true,1,179074
8000500160466,false,פררו רושה מארז חג,גוד פוד פרודקטס S.p,IT,פררו רושה מארז חג,גרמים,75.00,100 גרם,false,1,15.90,21.2000,true,1,216099
8000500164242,false,רפאלו  70 גרם,קדבורי,PL,רפאלו  70 גרם,גרמים,70.00,100 גרם,false,1,12.90,18.4286,true,1,225231
8000500247167,false,פררו קולקשין269 גרם,פררו,DE,בונבוניירה פררו קולקשין 269  גרם,גרמים,269.00,100 גרם,false,1,49.90,18.5502,true,1,212619
8000500267035,true,קינדר דליס יחידה בוד,פררו,ZA,קינדר דליס יחידה בודדת,לא מנהל יחידת מידה,0.00,לא מנהל יחידת מידה,false,1,2.90,0.0000,true,1,213574
8000500267103,true,קינדר דליס עשיריה,קדבורי,IT,קינדר דליס עוגת ספוג קקאו במילוי חלבי 390 גרם,גרמים,390.00,100 גרם,false,1,20.90,5.3590,true,1,213453
8000500269169,false,קינדר קארדס חמישיה 1,פררו,IT,קינדר קארדס חמישיה 128 גרם,גרמים,128.00,100 גרם,false,1,13.90,10.8594,true,1,233933
8000700000050,false,סבון מוצק לבן  דאב ר,יוניליוור גרמניה (מנ,DE,סבון מוצק לבן  דאב רביעייה,גרמים,400.00,100 גרם,false,1,13.90,3.4750,true,1,89144
8000920704967,false,גלידה שורטי צאנקי מא,מוצרי איכות אמריקאיי,,"גלידה שורטי צאנקי מאנקי 150 מ""ל",מיליליטרים,150.00,"100 מ""ל",false,1,10.90,7.2667,true,1,60635
8000920704974,false,גלידה שורטי שוקולד ב,מוצרי איכות אמריקאיי,,"גלידה שורטי שוקולד בראוניס  150 מ""ל",מיליליטרים,150.00,"100 מ""ל",false,1,10.90,7.2667,true,1,67522
8000920704998,false,גלידה שורטי בצק עוגי,מוצרי איכות אמריקאיי,IL,בצק עוגיות 150 מ'ל - שורטי,מיליליטרים,150.00,"100 מ""ל",false,1,8.90,5.9333,true,1,67523
8001090016003,true,פיירי טב למדיח 84 יח,קדבורי,BE,פיירי אוריגינל קפסולות למדיח כלים 84 יחידות,Unknown,0.00,Unknown,false,1,54.90,0.0000,true,1,224621
8001090222725,true,הרבל אסנסס שמפו שמן,קדבורי,FR,"הרבל אסנסס שמפו שמן מורינגה 400 מ""ל",Unknown,0.00,Unknown,false,1,19.90,0.0000,true,1,225883
8001090222756,true,הרבל אסנסס מרכך שמן,קדבורי,FR,הרבל אסנסס מרכך שמן מורינגה,Unknown,0.00,Unknown,false,1,19.90,0.0000,true,1,225884
8001090222848,true,הרבל אסנסס שמפו שיקו,קדבורי,FR,"הרבל אסנסס שמפו שיקום שמן ארגן 400 מ""ל",Unknown,0.00,Unknown,false,1,19.90,0.0000,true,1,225885
8001090222879,true,הרבל אסנסס מרכך שיקו,קדבורי,FR,הרבל אסנסס מרכך שיקום שמן ארגן,Unknown,0.00,Unknown,false,1,19.90,0.0000,true,1,225886
8001090375186,true,פנטן מרכך 200 לצבע מ,קדבורי,FR,"פנטן מרכך הקסם 200 מ""ל לצבע מלא חיים",Unknown,0.00,Unknown,false,1,20.90,0.0000,true,1,224622
8001090375230,true,פנטן מרוכז 200 לחות,קדבורי,FR,"פנטן מרכך הקסם 200 מ""ל לחות מוגברת",Unknown,0.00,Unknown,false,1,20.90,0.0000,true,1,224623
8001090458353,true,פיירי אנטי בקטריאלי,פרוקטר אנד גמבל,DE,פיירי אנטי בקטריאלי 515 מל,מיליליטרים,515.00,"100 מ""ל",false,1,9.90,1.9223,true,1,225887
8001090477453,false,שולדרס שמפו קלאסי 25,פרוקטר & גמבל,RO,שולדרס שמפו קלאסי 250 מל,מיליליטרים,250.00,"100 מ""ל",false,1,10.00,4.0000,true,1,216637
8001090510419,false,נוזל כלים פיירי הדרי,פרוקטר,GB,נוזל כלים פיירי הדרים כתום 450 מל,מיליליטרים,450.00,"100 מ""ל",false,1,8.90,1.9778,true,1,234238
8001090721129,false,אריאל קפסולות לכביסה,פרוקטר אנד גמבל,FR,אריאל קפסולות לכביסה צבעונית,יחידה,1.00,יחידה,false,1,34.90,34.9000,true,1,216661
8001090745903,false,אבקת כביסה טייד אלפי,קדבורי,,"טייד אבקת כביסה אלפיין פרש 4 ק""ג",קילוגרמים,3.00,"ק""ג",false,1,29.90,9.9667,true,1,212060
8001090810120,false,פנטן קונדישנר מרוקאי,קדבורי,RO,"פנטן פרו-וי מרכך שמן מרוקאי משקם 500 מ""ל",מיליליטרים,500.00,"100 מ""ל",false,1,17.90,3.5800,true,1,212596
8001090810281,false,פנטן שמפו שמן מרוקאי,קדבורי,RO,"פנטן פרו-וי שמפו שמן מרוקאי משקם 500 מ""ל",מיליליטרים,500.00,"100 מ""ל",false,1,17.90,3.5800,true,1,212595
8001090810403,false,פנטן שמפו למגע רך כמ,קדבורי,RO,פנטן שמפו למגע רך כמשי 500 מל,מיליליטרים,500.00,"100 מ""ל",false,1,17.90,3.5800,true,1,212587
8001090833167,false,אריאל גל כביסה ניחוח,,FR,אריאל ג'ל כביסה ניחוח הרים 2.365 ליטר,ליטרים,2.37,ליטר,false,1,32.90,13.8819,true,1,213535
8001090899224,true,תחבושות אולוויז פלטי,פרוקטר אנד גמבל,DE,תחבושות אולוויז פלטינום לונג 20 יח'',יחידה,1.00,יחידה,false,1,18.90,18.9000,true,1,217851
8001090988362,false,פנטן שמפו לחות מוגבר,מנדלז סי.אר. פרודקשן,RO,"פנטן שמפו לחות מוגברת 500 מ""ל",מיליליטרים,500.00,"100 מ""ל",false,1,17.90,3.5800,true,1,212585
8001090988768,false,פנטן שמפו הזנת קרטין,פרוקטר אנד גמבל,,"פנטן שמפו הזנת קרטין 500 מ""ל",מיליליטרים,500.00,"100 מ""ל",false,1,17.90,3.5800,true,1,212597
8001090988843,false,פנטן קונדישנר לחות מ,פרוקטר אנד גמבל,,"פנטן קונדישנר לחות מוגברת 500 מ""ל",מיליליטרים,500.00,"100 מ""ל",false,1,17.90,3.5800,true,1,212586
8001090988881,false,פנטן קונדישנר למגע ר,פרוקטר אנד גמבל,,"פנטן קונדישנר למגע רך כמשי 500 מ""ל",מיליליטרים,500.00,"100 מ""ל",false,1,17.90,3.5800,true,1,212588
8001090989000,false,פנטן מרכך הזנת קרטין,פרוקטר אנד גמבל,,"פנטן מרכך הזנת קרטין 500 מ""ל",מיליליטרים,500.00,"100 מ""ל",false,1,17.90,3.5800,true,1,212598
8001505000313,false,ממרח אגוזי לוז אורגנ,ריג'וני דה אסינו,IT,ממרח אגוזי לוז אורגני 270 גרם ניקולטה,גרמים,270.00,100 גרם,false,1,22.90,8.4815,true,1,189610
8001505000320,false,מעדן תותים ותותי בר,אף.סי תבליני בגליל ב,IT,אורגניכ פארמינג מעדן תותים ותותי בר 250 גרם,גרמים,250.00,100 גרם,false,1,21.90,8.7600,true,1,189609
8001505001105,true,ממרח אגוזי לוז אורגנ,אף.סי תבליני בגליל ב,IT,ממרח אגוזי לוז אורגני לא חלבי 270 גרם ני,גרמים,270.00,100 גרם,false,1,22.90,8.4815,true,1,208922
8001505001785,false,נוציולטה ביאנקה ממרח,אף.סי תבליני בגליל ב,IT,ממרח 30% אגוזי לוז,גרמים,270.00,100 גרם,false,1,21.90,8.1111,true,1,219610
8001505002850,false,ממרח אגוזי לוז אורגנ,ריג'וני דה אסינו,IT,ממרח אגוזי לוז אורגני,גרמים,700.00,100 גרם,false,1,49.90,7.1286,true,1,217447
8001620015612,false,סן בנדטו גזר תפוז לי,"איי, בי, אינבוו",IT,"סן בנדטו גזר תפוז לימון 400 מ""ל",מיליליטרים,400.00,"100 מ""ל",false,1,8.50,2.1250,true,1,222730
8001620015636,false,סן בנדטו מיקס פירות,"איי, בי, אינבוו",IT,משקה פירות פרוטה בטעם מיקס פירות,מיליליטרים,400.00,"100 מ""ל",false,1,8.50,2.1250,true,1,222731
8001841137179,false,הד אנד שולדרס מרכך ק,קדבורי,RO,"ה&ש קונדישנר-הנוסחה הקלאסית 275  מ""ל",מיליליטרים,275.00,"100 מ""ל",false,1,16.90,6.1455,true,1,219016
8001841237657,false,מגן תחתון אולוויז פר,פרוקטר & גמבל,DE,מגן תחתון אולוויז פרש נורמל 72 יח,יחידה,72.00,יחידה,false,1,18.90,0.2625,true,1,233103
8001841669465,false,אריאל קפסולות 24 יח,קדבורי,FR,אריאל קפסולות 24 יח בניחוח לנור,יחידה,1.00,יחידה,false,1,34.90,34.9000,true,1,223413
8001841715957,false,שולדרס גל רחצה ושמפו,"נארז ע""י : א.ג. גילר",FR,שולדרס ג'ל רחצה ושמפו ניקוי אינטנסיבי 360,מיליליטרים,360.00,"100 מ""ל",false,1,19.90,5.5278,true,1,229247
8001841716435,false,שולדרס גל רחצה ושמפו,"נארז ע""י : א.ג. גילר",FR,"שולדרס ג'ל רחצה ושמפו לעור רגיש 360 מ""ל",מיליליטרים,360.00,"100 מ""ל",false,1,19.90,5.5278,true,1,229249
8001841722481,false,מגן תחתון אולוויז פר,פרוקטר & גמבל,DE,מגן תחתון אולוויז פרש נורמל 54 יח,יחידה,54.00,יחידה,false,1,14.90,0.2759,true,1,233104
8001841958460,false,פיירי טבליות למדיח 4,קדבורי,BE,פיירי אוריגינל קפסולות למדיח כלים 48 יחידות,לא מנהל יחידת מידה,0.00,לא מנהל יחידת מידה,false,1,39.90,0.0000,true,1,223654
8001943549122,true,מטבעות צוקטה חלב,ואל קור קורסניני אס,IT,מטבעות צוקטה חלב,לא מנהל יחידת מידה,0.00,לא מנהל יחידת מידה,false,1,4.90,0.0000,true,1,209804
8002270846472,false,סן פלגרינו פלאסטיק ב,"איי, בי, אינבוו",IT,"סן פלגרינו מוגז פלסטיק 500 מ""ל 24 יחידות",מיליליטרים,500.00,"100 מ""ל",false,1,6.20,1.2400,true,1,182019
8002503213682,false,חטיף גרנה פדנו 80גרם,,FR,חטיף גרנה פדנו 80גרם,גרמים,80.00,100 גרם,false,1,25.90,32.3750,true,1,231441
8002910004798,false,פיניש מפיג ריח למדיח,פיניש,,פיניש מפיג ריחות סטרופרש למדיח,Unknown,0.00,Unknown,false,1,15.90,0.0000,true,1,61001
8002920016903,false,LADORIA עגבניות מרוס,,IT,LADORIA עגבניות מרוסקות  שלישיה 400גרם,גרמים,400.00,100 גרם,false,3,15.90,3.9750,true,1,231716
8003340091280,false,בונבוניירה לינדור 60,לינדוט ושופרונגלי אי,IT,לינדט לינדור כדורי שוקולד מריר 200 ג',גרמים,200.00,100 גרם,false,1,34.90,17.4500,true,1,152863
8003385312906,false,אנטונלה רוטב שקשוקה,אנטונלה,IT,אנטונלה רוטב שקשוקה חריפה 680 גרם,גרמים,680.00,100 גרם,false,1,14.90,2.1912,true,1,230439
8003385312944,false,אנטונלה רוטב לפסטה 6,אנטונלה,IT,אנטונלה רוטב לפסטה 680 גרם,גרמים,680.00,100 גרם,false,1,14.90,2.1912,true,1,230440
8003753158556,false,קפסולות אספרסו קלאסי,ג'ייקובס דאו אגרבטס,FR,קפסולות אספרסו קלאסיקו  ILLY 10יח 57גרם,גרמים,57.00,100 גרם,false,1,19.90,34.9123,true,1,219038
8003753158587,false,קפסולות אספרסו פורטה,ג'ייקובס דאו אגרבטס,FR,קפסולות קפה פורטה,גרמים,57.00,100 גרם,false,1,19.90,34.9123,true,1,219040
8003753158648,false,קפסולות אספרסו אינטנ,ג'ייקובס דאו אגרבטס,FR,קפסולות קפה אינטנסו,גרמים,57.00,100 גרם,false,1,19.90,34.9123,true,1,219039
8004030026018,false,טונה אינסלטיסימי מקס,"איטיליאן פוד, אס.פי.",IT,ריו מרה ירקות בנוסח מקסיקני עם טונה 160 גרם,גרמים,160.00,100 גרם,false,1,18.50,11.5625,true,1,201401
8004030044005,false,טונה בשמן זית ריו מר,"איטיליאן פוד, אס.פי.",IT,ריו מר נתחי טונה בהירה בשמן זית 160 גרם,גרמים,160.00,100 גרם,false,1,18.50,11.5625,true,1,63255
8004735031645,false,מיני ביצי שוקולד-ספי,יושלם,,מיני ביצי שוקולד ספיידרמן,גרמים,122.00,100 גרם,false,1,13.50,11.0656,true,1,191923
8004800000064,false,לאגו גלילי ופל במילו,לאגו,IT,לאגו גלילי ופל במילוי קרם קקאו בציפוי שו,גרמים,100.00,100 גרם,false,1,12.90,12.9000,true,1,233934
8004800004802,false,לאגו גלילי ופל מילוי,לאגו,IT,לאגו גלילי ופל מילוי קרם דומדמניות ציפוי,גרמים,100.00,100 גרם,false,1,12.90,12.9000,true,1,233936
8004800004819,false,לאגו וופל מצופה שוקו,לאגו,IT,לאגו וופל מצופה שוקו חלב קרם פסיפלורה וא,גרמים,110.00,100 גרם,false,1,12.90,11.7273,true,1,233937
8004800004826,false,לאגו פלאסיר וופלים ב,לאגו,IT,לאגו פלאסיר וופלים במילוי קרם קוקוס בציפ,גרמים,98.00,100 גרם,false,1,12.90,13.1633,true,1,233938
8004800005519,false,לאגו מיני רול גלילי,לאגו,IT,לאגו מיני רול גלילי ופל במילוי קרם אגוזי,גרמים,125.00,100 גרם,false,1,11.90,9.5200,true,1,233940
8005469981602,false,פילה אנשובי איטלקי ש,,,פילה אנשובי איטלקי שמן חמניות 75 גרם,גרמים,75.00,100 גרם,false,1,15.90,21.2000,true,1,201178
8005803010371,false,גריסיני רוזמרין 125,"אינסטנטה בע""מ",IT,גריסיני רוזמרין 125 גרם,גרמים,125.00,100 גרם,false,1,8.90,7.1200,true,1,203504
8006227001372,false,סמנצאטו לחם מחמצת לב,רו. מאר ס.ר.ל,IT,סמנצאטו לחם מחמצת לבן משמן זית 400 גרם ל,גרמים,250.00,100 גרם,false,1,18.90,7.5600,true,1,230000
8006227001389,false,סמנצאטו לחם מחמצת קמ,רו. מאר ס.ר.ל,IT,סמנצאטו לחם מחמצת קמח לבן משמן זית 400 ג,גרמים,250.00,100 גרם,false,1,18.90,7.5600,true,1,230001
8006540019672,false,נוזל כלים פיירי פלטי,פרוקטר & גמבל,GB,נוזל כלים פיירי פלטינום 700 מל,מיליליטרים,700.00,"100 מ""ל",false,1,11.90,1.7000,true,1,233890
8006540221068,false,מגן תחתון אולוויז לו,פרוקטר,DE,מגן תחתון אולוויז וליופק לונג פלוס 40 יחידות,יחידה,40.00,יחידה,false,1,19.90,0.4975,true,1,233974
8006540221341,false,מגן תחתון אולוויז לא,,DE,מגן תחתון אולוויז לארג 48 יח,יחידה,1.00,יחידה,false,1,19.90,19.9000,true,1,231629
8006540425930,false,אריאל קפסולות לכביסה,פרוקטר & גמבל,FR,אריאל קפסולות לכביסה לכמים קשים 24 יחיד,לא מנהל יחידת מידה,0.00,לא מנהל יחידת מידה,false,1,34.90,0.0000,true,1,230667
8006540592434,true,תחבושות אולוויז נורמ,פרוקטר,DE,תחבושות אולוויז נורמל פלוס 28 יח,יחידה,28.00,יחידה,false,1,18.90,0.6750,true,1,232424
8006540592465,false,תחבושות אולוייז כפול,פרוקטר,DE,תחבושות אולוייז כפול לונג פלוס 24 יח,יחידה,24.00,יחידה,false,1,18.90,0.7875,true,1,232399
8006540592496,false,תחבושות אולוייז כפול,פרוקטר,DE,תחבושות אולוייז כפול לילה 20,יחידה,20.00,יחידה,false,1,18.90,0.9450,true,1,232400
8007178120310,false,"חומץ בלסמי ג""קובזי 5",פטורייה ג'יאקובאזי ס,IT,"חומץ בלסמי ממודנה 500 מ""ל",מיליליטרים,500.00,"100 מ""ל",false,1,21.90,4.3800,true,1,89411
8007178223547,false,קרם בלסמי מצומצם 250,פארייפאבה אגרואינדוס,IT,קרם בלסמי מצומצם  ממודנה 250 מל,מיליליטרים,250.00,"100 מ""ל",false,1,24.90,9.9600,true,1,197894
8008245004847,false,ממרח אגוזי לוז וקקאו,נאטקו,IT,מובנפיק ממרח שוקולד ואגוזי לוז 300 גרם,גרמים,300.00,100 גרם,false,1,15.90,5.3000,true,1,228467
8008245004861,false,ממרח אגוזי לוז עם חל,יבואן ומשווק: ש. שסט,IT,מובנפיק ממרח חלב עם אגוזי לוז 300 גרם,גרמים,300.00,100 גרם,false,1,15.90,5.3000,true,1,228468
8008698004630,false,עוגיות ממולאות קקאו,דר שר ס.ר.ל,DE,עוגיות ממולאות קקאו 250 גרםschar,גרמים,250.00,100 גרם,false,1,29.90,11.9600,true,1,192582
8008698005347,false,ביסקוטי שוקולד שר לל,ליב,IT,ביסקוטי שוקולד שר ללג 150גרם,גרמים,150.00,100 גרם,false,1,17.90,11.9333,true,1,219753
8008698013021,false,עוגיות שוקולד ציפס פ,דר שר,IT,עוגיות ללא גלוטן עם שבבי שוקולד מריר,גרמים,100.00,100 גרם,false,1,13.90,13.9000,true,1,205859
8008698014349,false,שוקוליסט 110 גרם,schar,IT,שוקוליסט 110schar  גרם,גרמים,110.00,100 גרם,false,1,26.90,24.4545,true,1,214148
8008698024140,false,פאן מולטי גראנו 250,schar,IT,פאן מולטי גראנו 250 גרם שר,גרמים,250.00,100 גרם,false,1,18.90,7.5600,true,1,214147
8010024006010,false,חמאת שקדים 100% השקד,תות תעשיות מזון (201,IT,חמאת שקדים,גרמים,350.00,100 גרם,false,1,39.90,11.4000,true,1,204938
8017938005122,false,חומץ תפוחים אורגני,מריה לוצ'יה מלצ'יורי,IT,חומץ תפוחים אורגני 750 מל,מיליליטרים,750.00,"100 מ""ל",false,1,19.90,2.6533,true,1,189617
8017938005764,false,מיץ תפוחים אורגני נט,יבואן ומשווק: ש. שסט,IT,מיץ תפוחים אורגני נטרופוד 1 ליטר,ליטרים,1.00,ליטר,false,1,22.20,22.2000,true,1,201019
8024985002783,true,מחית סמוזי גזר דלעת,נטורה נובה,IT,מחית סמוזי גזר דלעת 100 גרם,גרמים,100.00,100 גרם,false,1,5.90,5.9000,true,1,209011
8024985002912,false,סמוזי תפוח אגס בטטה,כפרי בריא,IT,סמוזי תפוח אגס בטטה אורגני נטורה 100 גרם,גרמים,100.00,100 גרם,false,1,5.90,5.9000,true,1,213635
8024985002943,false,נטורה נובה סמוזי תפו,כפרי בריא,IT,סמוצ'י תפוח אננס קוקוס אורגניים,גרמים,100.00,100 גרם,false,1,5.90,5.9000,true,1,216594
8024985002950,false,נטורה נובה סמוזי שזי,כפרי בריא,IT,סמוצ'י תפוח בננה תרד אורגניים,גרמים,100.00,100 גרם,false,1,5.90,5.9000,true,1,216593
8024985002967,false,נטורה נובה סמוזי בננ,כפרי בריא,IT,סמוצ'י תפוח בננה תרד אורגניים,גרמים,100.00,100 גרם,false,1,5.90,5.9000,true,1,216595
8024985003988,false,מחית סמוזי תפוח בננה,כפרי בריא,IT,סמוצ'י תפוח בננה אורגניים 100 גרם,גרמים,100.00,100 גרם,false,1,5.90,5.9000,true,1,205066
8024985005234,false,מחית סמוזי תפוח אפרס,כפרי בריא,IT,סמוצ'י תפוח אפרסק מנגו אורגניים 100 גרם,גרמים,100.00,100 גרם,false,1,5.90,5.9000,true,1,205071
8024985005296,true,מחית סמוזי אגס בננה,כפרי בריא,IT,סמוצ'י אגס בננה תפוח וקינואה 120 גרם,גרמים,120.00,100 גרם,false,1,6.90,5.7500,true,1,208975
8024985008037,false,מחית סמוזי תפוח נטור,כפרי בריא,IT,סמוצ'י תפוחים אורגניים 100 גרם,גרמים,100.00,100 גרם,false,1,6.20,6.2000,true,1,194042
8024985008051,false,מחית סמוזי פירות אדו,כפרי בריא,IT,סמוצ'י פירות אדומים אורגניים 100 גרם,גרמים,100.00,100 גרם,false,1,6.20,6.2000,true,1,194040
8024985011204,false,נטורה נובה  סמוזי תפ,B&D,IL,נטורה נובה - סמוזי תפוח תות בננה 100 גרם,גרמים,350.00,100 גרם,false,1,5.90,1.6857,true,1,231637
8027785131851,false,שחור -מכונת קפסולות,,,שחור -מכונת קפסולות אספרסו illy,יחידה,1.00,יחידה,false,1,299.00,299.0000,true,1,207699
8032685196787,false,עגבניות אורגניות חתו,פתח תקווה,IT,ביו סלוניה עגבניות אורגניות חתוכות 400 גרם,גרמים,400.00,100 גרם,false,1,6.90,1.7250,true,1,175844
8076800195019,false,ספגטי             1,ברילה גי.אי.אר פרטלי,IT,ברילה קפליני ספגטי מס' 1 500 גרם,גרמים,500.00,100 גרם,false,1,6.90,1.3800,true,1,63844
8076800195057,false,פסטה ברילה ספגטיני מ,"איטיליאן פוד, אס.פי.",IT,ברילה ספגטי מס' 5 500 גרם,גרמים,500.00,100 גרם,false,1,6.90,1.3800,true,1,67949
8076800195132,false,פסטה ברילה בבטה,"איטיליאן פוד, אס.פי.",IT,ברילה ספגטי בבטה מספר 13,גרמים,500.00,100 גרם,false,1,6.90,1.3800,true,1,89595
8076802085738,false,פסטה ברילה פנה רגטה,"איטיליאן פוד, אס.פי.",IT,ברילה פנה רגטה מס 73 500 גרם,גרמים,500.00,100 גרם,false,1,6.90,1.3800,true,1,61432
8076802085837,false,פסטה ברילה טורטיליונ,"ש. שסטוביץ בע""מ",IT,פסטה ברילה טורטיליוני מס 83 500 גרם,גרמים,500.00,100 גרם,false,1,6.90,1.3800,true,1,63849
8076802085981,false,פסטה ברילה פוזילי מס,"איטיליאן פוד, אס.פי.",IT,ברילה פסטה פתיתים פוזילי 500 גרם,גרמים,500.00,100 גרם,false,1,6.90,1.3800,true,1,89597
8076808050440,true,ברילה מקרוני 44,גי. אי. אר. פרטלי ס.,IT,פסטה מקרוני 500 גרם,Unknown,0.00,Unknown,false,1,6.90,0.0000,true,1,220591
8076808060654,false,פסטה ברילה פרפלה מס,"איטיליאן פוד, אס.פי.",IL,ברילה פסטה פתיתים פרפלה 500 גרם,גרמים,500.00,100 גרם,false,1,6.90,1.3800,true,1,61434
8076808070882,false,פסטה ברילה קנלוני מס,פאסטיפיקו ריגו אס.אר,IT,פסטה ברילה קנלוני מס 88 250 גרם,גרמים,250.00,100 גרם,false,1,14.90,5.9600,true,1,67952
8076808150072,false,ספגטי ברילה מס 7 500,"איטיליאן פוד, אס.פי.",IT,ברילה ספגטי מספר 7 500 גרם,גרמים,500.00,100 גרם,false,1,6.90,1.3800,true,1,67953
8076809512268,false,פסטה ברילה גירנדולה,"איטיליאן פוד, אס.פי.",IT,ברילה פסטה פתיתים- גירנדולה 500 גרם,גרמים,500.00,100 גרם,false,1,6.90,1.3800,true,1,89601
8076809513692,false,רוטב פסטה ברילה נפול,ברילה גי.אי.אר פרטלי,IT,ברילה רוטב עגבניות עם ירקות שורש לפסטה 400 גרם,גרמים,400.00,100 גרם,false,1,13.90,3.4750,true,1,61438
8076809513739,false,רוטב פסטה ברילה בזיל,ברילה גי.אי.אר פרטלי,IT,ברילה רוטב עגבניות עם בזיליקום לפסטה 400 גרם,גרמים,400.00,100 גרם,false,1,13.90,3.4750,true,1,127069
8076809514774,false,פסטה ברילה פרפנדלה,ברילה גי.אי.אר פרטלי,IT,"פסטה ברילה פרפנדלה 250 גר              """,גרמים,250.00,100 גרם,false,1,17.90,7.1600,true,1,63854
8076809523561,false,רוטב פסטה ברילה בטעם,"איטיליאן פוד, אס.פי.",IT,ברילה רוטב טוסקנה לפסטה 400 גרם,גרמים,400.00,100 גרם,false,1,13.90,3.4750,true,1,148261
8076809523738,false,לזניה ברילה,ברילה גי.אי.אר פרטלי,IT,לזניה ברילה 500 גרם,גרמים,500.00,100 גרם,false,1,23.90,4.7800,true,1,67963
8076809523769,false,ברילה פלייה פיאנו 50,ברילה גי.אי.אר פרטלי,IT,ברילה פלייה פיאנו 500 גרם,גרמים,500.00,100 גרם,false,1,13.90,2.7800,true,1,228591
8076809545440,false,אטריות ללא גלוטן ברי,"ש. שסטוביץ בע""מ",IT,"ברילה אטריות על בסיס קמח תירס ללא גלוטן, 400 גרם",גרמים,400.00,100 גרם,false,1,14.90,3.7250,true,1,200797
8076809545464,false,פסטה ספרילי ללא גלוט,מולינו אנדריאני אס.א,IT,ברילה פוזילי על בסיס קמח תירס ללא גלוטן 400 גרם,גרמים,400.00,100 גרם,false,1,14.90,3.7250,true,1,200799
8076809576352,false,ברילה לזניה ללא גלוט,ברילה גי.אי.אר פרטלי,IT,ברילה לזניה ללא גלוטן 250 גרם,גרמים,250.00,100 גרם,false,1,22.90,9.1600,true,1,228559
8231238060401,false,מיחם לשבת ללא טבילה,,,מיחם לשבת ללא טבילה BT-8060-40,יחידה,1.00,יחידה,false,1,189.00,189.0000,true,1,218270
8358110076302,false,כוסות לחיים,"איטיליאן פוד, אס.פי.",IL,הנמל כוס לחיים 40 יח' 1oz,גרמים,0.00,100 גרם,false,1,9.90,0.0000,true,1,89694
8410076601872,false,מארז חטיפי נייטצר וא,סאן אדריאן,ES,מארז חטיפי נייטצר ואלי שוקולד 420 גרם,גרמים,420.00,100 גרם,false,20,24.90,5.9286,true,1,232941
8410076801067,false,חטיף נייטצר ואלי דבש,סאן אדריאן,ES,חטיף נייטצר ואלי דבש 21 גרם,גרמים,21.00,100 גרם,false,1,2.90,13.8095,true,1,232942
8410076801074,false,חטיף נייטצר ואלי שוק,סאן אדריאן,ES,חטיף נייטצר ואלי שוקולד  21 גרם,גרמים,21.00,100 גרם,false,1,2.90,13.8095,true,1,232943
8410104044916,false,פיניש למדיח,פיניש,,"פיניש למדיח 2.7 ק""ג",קילוגרמים,2.70,"ק""ג",false,1,44.90,16.6296,true,1,64080
8410179100043,false,BORGES שמן זית כתית,פוד טים,ES,"BORGES שמן זית כתית מעולה 750  מ""ל",מיליליטרים,750.00,"100 מ""ל",false,1,36.90,4.9200,true,1,217313
8410182420114,false,בצלצלי פנינה בחומץ 3,דליסיאס,,בצלצלי פנינה בחומץ 370 גרם,גרמים,370.00,100 גרם,false,1,11.90,3.2162,true,1,160501
8411277205654,false,קאווה גום סרה זהב 75,ג'אום סרה,,"קאווה גום סרה זהב 750 מ""ל",מיליליטרים,750.00,"100 מ""ל",false,1,29.90,3.9867,true,1,213399
8411277350118,false,קאווה גום סרה חצי יב,ג'אום סרה,,"קאווה גום סרה חצי יבש 750 מ""ל",מיליליטרים,750.00,"100 מ""ל",false,1,29.90,3.9867,true,1,167716
8420639100018,false,בועות סבון,יושלם,,בועות סבון,לא מנהל יחידת מידה,0.00,לא מנהל יחידת מידה,false,1,2.90,0.0000,true,1,64185
8420708012822,false,קשקבל צאן בשלה 200 ג,מיוצר עי קונדיטוריית,ES,קשקבל צאן בשלה 200 גר נני,גרמים,200.00,100 גרם,false,1,27.90,13.9500,true,1,194462
8423207208680,false,חטיף דגנים סלים דליס,ביסנצ'ורי אס.אל.יו,ES,סלים דליס קידס חטיף דגנים מצופה שוקולד חלב 120 גר',גרמים,182.00,100 גרם,false,1,13.90,7.6374,true,1,201850
8423207209748,false,חטיף דגנים סלים דליס,ביסנצ'ורי אס.אל.יו,ES,חטיף דגנים סלים דליס שוקולד מריר ותפוז,גרמים,120.00,100 גרם,false,1,13.90,11.5833,true,1,206934
8423371000462,false,פיצוחים בפחית טו גו,SALTS OK,ES,סאליסול טו גו קוקטיל מיקס,גרמים,50.00,100 גרם,false,1,5.90,11.8000,true,1,217468
8423371000516,false,פיצוחים בפחית טו גו,,ES,פיצוחים בפחית טו גו בוטנים ושקדים מקורמל,גרמים,50.00,100 גרם,false,1,5.90,11.8000,true,1,219508
8423371000523,false,פיצוחים בפחית טו גו,,ES,סאליסול טו גו תירס בטעם ברביקיו,גרמים,30.00,100 גרם,false,1,5.90,19.6667,true,1,219509
8423371000530,false,פיצוחים בפחית טו גו,SALTS OK,ES,סאליסול טו גו בוטנים עם מלח,גרמים,60.00,100 גרם,false,1,5.90,9.8333,true,1,217469
8423371000653,false,פיצוחים בפחית טו גו,SALTS OK,ES,סאליסול טו גו בוטנים עם דבש ומלח,גרמים,50.00,100 גרם,false,1,5.90,11.8000,true,1,217471
8423371002312,false,סאליסול פיצוחים בפחי,סאליסול,ES,סאליסול פיצוחים בפחית בוטנים צילי 150 ג,גרמים,150.00,100 גרם,false,1,9.90,6.6000,true,1,230329
8423371002725,false,בוטנים  קוקטייל מיקס,,ES,סאליסול משפחתי קוקטיל מיקס,גרמים,100.00,100 גרם,false,1,9.90,9.9000,true,1,227079
8423371002749,false,פיצוחים בפחית בוטנים,סאליסול,ES,סאליסול משפחתי בוטנים ושקדים מקורמלים,גרמים,135.00,100 גרם,false,1,9.90,7.3333,true,1,227169
8423371005078,false,פיצוחים בפחית טו גו,SALTS OK,ES,סאליסול טו גו מיקס פיקנטי,גרמים,50.00,100 גרם,false,1,5.90,11.8000,true,1,217470
8423371005795,false,פיצוחים בפחית טו גו,SALTS OK,ES,סאליסול טו גו קאנטרי מיקס,גרמים,45.00,100 גרם,false,1,5.90,13.1111,true,1,217467
8423371007089,false,בוטנים מלוחים בדבש ס,,ES,סאליסול משפחתי בוטנים עם דבש ומלח,גרמים,150.00,100 גרם,false,1,9.90,6.6000,true,1,227081
8425206000272,false,סירופ ריבת חלב מרבה,קארו,ES,סירופ ריבת חלב מרבה,גרמים,550.00,100 גרם,false,1,18.90,3.4364,true,1,229724
8434165466333,false,מיני קרקרים עגולים ק,קאויקיולי,ES,מיני קרקרים עגולים קואטרה 350 גרם,גרמים,350.00,100 גרם,false,1,9.90,2.8286,true,1,233102
8435495805168,false,אבקת כביסה תינוקלין,מולינו ניקולי s.p.a,TR,תינוקלין אבקת כביסה 1.25 קג,ליטרים,1.25,ליטר,false,1,26.90,21.5200,true,1,218784
8595134503302,false,פילטר 6 ארוך,,,פילטר 6 ארוך,Unknown,0.00,Unknown,false,1,6.50,0.0000,false,1,213960
8595134503487,false,פילטר 5.3 ארוך,,,פילטר 5.3 ארוך,יחידה,1.00,יחידה,false,1,7.50,7.5000,true,1,216387
8595134503975,false,נייר בינוני כולל פיל,,,נייר בינוני כולל פילטר,לא מנהל יחידת מידה,0.00,לא מנהל יחידת מידה,false,1,6.00,0.0000,false,1,218623
8606018615827,false,פיינט אוראו 480גרם,נסטלה,IL,פיינט אוראו 480גרם,גרמים,480.00,100 גרם,false,1,22.90,4.7708,true,1,231384
8606018615841,false,פיינט מילקה וניל ליב,נסטלה,IL,פיינט מילקה וניל ליבת שוקולד 480גרם,גרמים,480.00,100 גרם,false,1,22.90,4.7708,true,1,231385
8606018615865,false,פיינט מילקה קרמל ליב,נסטלה,IL,פיינט מילקה קרמל ליבת שוקולד 480גרם,גרמים,480.00,100 גרם,false,1,22.90,4.7708,true,1,231386
8683130008355,false,מיונז הלמנס שום לחיץ,יוניליוור ישראל שיוו,TR,הלמנס מיונז עם שום 400 גרם,גרמים,400.00,100 גרם,false,1,15.90,3.9750,true,1,230114
8683130008935,false,הלמנס קטשיונז 425 גר,יוניליוור ישראל שיוו,TR,הלמנס  ממרח קטשיונז 425 גרם,גרמים,425.00,100 גרם,false,1,15.90,3.7412,true,1,230941
8683130012666,false,מגנום דאבל לבן עוגיו,שטראוס גרופ גלידות,IL,מגנום דאבל לבן עוגיות 74 גרם,גרמים,74.00,100 גרם,false,1,11.90,16.0811,true,1,231718
8690504081913,false,עוגיות טינס מצופה שו,שוורצקוף& הנקל דיסלד,TR,עוגיות טינס מצופה שוקולד חלב 150 גרם,גרמים,150.00,100 גרם,false,1,10.90,7.2667,true,1,208372
8690504081920,false,טינס מצופה שוקולד מר,שוורצקוף& הנקל דיסלד,TR,טינס מצופה שוקולד מריר 150 גרם,גרמים,150.00,100 גרם,false,1,10.90,7.2667,true,1,208371
8690504081937,false,טינס חלב וקפוצינו,שוורצקוף& הנקל דיסלד,TR,טינס חלב וקפוצינו,גרמים,150.00,100 גרם,false,1,10.90,7.2667,true,1,208373
8690506471774,false,סנינו משחת שיניים 10,אוויאפ,,"סנינו משחת שיניים 100 מ""ל מלבינה",מיליליטרים,100.00,"100 מ""ל",false,1,7.90,7.9000,true,1,203213
8690506471798,false,סנינו משחת שיניים 10,אוויאפ,,"סנינו משחת שיניים 100 מ""ל טוטאל קאר",מיליליטרים,100.00,"100 מ""ל",false,1,7.90,7.9000,true,1,203212
8690521017124,false,מרכך דאב לשיער רגיל,יונילוור,TR,דאב nutritive solutions מרכך לטיפוח יום יומי,מיליליטרים,400.00,"100 מ""ל",false,1,17.90,4.4750,true,1,89944
8690530036444,false,סלפאק נייר מגבת גליל,,TR,סלפאק נייר מגבת גליל ענק 1 6,יחידה,6.00,יחידה,false,1,9.90,1.6500,true,1,234013
8690530044753,false,סלפאק נייר טואלט  3,,TR,סלפאק נייר טואלט  3 שכבות כותנה 32 גלילי,יחידה,32.00,יחידה,false,1,44.90,1.4031,true,1,234012
8690530284463,false,סלפאק נייר טואלט 3 ש,,TR,סלפאק נייר טואלט 3 שכבות 32 יחידות,יחידה,32.00,יחידה,false,1,44.90,1.4031,true,1,234011
8690530324930,false,סלפאק נייר טואלט 32,איפק,,סלפאק נייר טואלט 32 יחידות,יחידה,32.00,יחידה,false,1,29.90,0.9344,true,1,234022
8690637007705,false,שלגון מסטיגם 80 גרם,"מיוצר ע""י יוניליוור",TR,שלגון מסטיגם 80 גרם,גרמים,80.00,100 גרם,false,1,6.90,8.6250,true,1,213712
8690637505614,false,בדין אקסטרא מרכך פינ,יוניליוור סנאיי וי ט,TR,"בדין אקסטרא מרכך פינוק קוקוס 960 מ""ל",מיליליטרים,960.00,"100 מ""ל",false,1,19.90,2.0729,true,1,228874
8690637555084,false,מרכך כביסה בדין אקסט,יוניליוור סנאיי וי ט,TR,בדין מרכך כביסה אקסטרה פריחת התפוז,מיליליטרים,960.00,"100 מ""ל",false,1,19.90,2.0729,true,1,156833
8690637704376,false,דאב שמפו יום יום,יוניליוור טורקיה. אז,TR,דאב  שמפו טיפוח יום יומי 600 מל,מיליליטרים,600.00,"100 מ""ל",false,1,21.90,3.6500,true,1,194093
8690637704390,false,דאב מרכך יום יום,יוניליוור טורקיה. אז,TR,דאב  מרכך שיער טיפוח יום יומי 600 מל,מיליליטרים,600.00,"100 מ""ל",false,1,21.90,3.6500,true,1,194094
8690637799594,false,תה ירוק נענע בסגנון,בסן בסין סנאיי וי טי,TR,תה ירוק בטעם מנטה בתוספת עלי נענע,גרמים,30.00,100 גרם,false,1,16.90,56.3333,true,1,202860
8690637842382,false,מגנום וניל פירות יער,שטראוס גרופ גלידות,,מגנום וניל פירות יער,גרמים,85.00,100 גרם,false,1,11.90,14.0000,true,1,207793
8690637858734,false,"אקונומיקה פנטסטיק ג""",יונילוור טורקיה,TR,"אקונומיקה פנטסטיק ג""ל 750 מ""ל",מיליליטרים,750.00,"100 מ""ל",false,1,10.90,1.4533,true,1,212810
8690637879395,false,מגנום דאבל פיסטוק 72,יוניליוור סנאי ןי טי,TR,מגנום דאבל פיסטוק 72 גרם,גרמים,72.00,100 גרם,false,1,10.90,15.1389,true,1,215298
8690637946318,false,מרכך כביסה בדין בייב,יוניליוור סנאיי וי ט,TR,Badin מרכך כביסה 960 ML,מיליליטרים,960.00,"100 מ""ל",false,1,19.90,2.0729,true,1,219528
8690637989629,false,מגנום דאבל דולצה גול,יוניליוור,TR,מגנום שלגון מגנום דאבל דולצ'ה גולד 63 גרם,גרמים,63.00,100 גרם,false,1,11.90,18.8889,true,1,222362
8690637997914,false,מגנום כוס אישי שמנת,יונילוור,TR,מגנום  גלידת שמנת וניל שקדים כוס אישית 57 גרם,גרמים,76.00,100 גרם,false,1,7.90,10.3947,true,1,229379
8690637997921,false,מגנום כוס אישי שמנת,יונילוור,TR,מגנום גלידת שמנת וניל קלאסיק כוס אישית 63 גרם,גרמים,81.00,100 גרם,false,1,7.90,9.7531,true,1,229380
8690766156367,false,טבלאת שוקולד גודאייב,"אולקר מקבוצת פלאדיס,",TR,טבלת שוקולד חלב מעולה,גרמים,90.00,100 גרם,false,1,14.90,16.5556,true,1,219182
8690766156374,false,טבלאת שוקולד מריר 72,"אולקר מקבוצת פלאדיס,",TR,טבלת שוקולד מריר מעולה 72% מוצקי קקאו,גרמים,90.00,100 גרם,false,1,14.90,16.5556,true,1,219185
8690766156381,false,טבלאת שוקולד גודאייב,"אולקר מקבוצת פלאדיס,",TR,טבלת שוקולד מריר מעולה 90% מוצקי קקאו,גרמים,90.00,100 גרם,false,1,14.90,16.5556,true,1,219183
8690766156404,false,שוקולד מריר מעולה בט,גודייבה,TR,שוקולד מריר מעולה בטעם תפוז אדום,גרמים,90.00,100 גרם,false,1,14.90,16.5556,true,1,220292
8690777202015,false,ירקות כבושים מעורב,,TR,ירקות כבושים מעורב 700 גר          SERA,גרמים,700.00,100 גרם,false,1,12.90,1.8429,true,1,164767
8690777206051,false,חציל קלוי על האש 650,קוראהן פזלרמה וי דיס,TR,סרה חציל קלוי על האש 650 גרם,גרמים,650.00,100 גרם,false,1,12.90,1.9846,true,1,142031
8690777221405,false,פלפלים אדומים קלויים,יוליניבר,TR,סרה פלפלים אדומים קלויים על האש 650 גרם,גרמים,650.00,100 גרם,false,1,12.90,1.9846,true,1,164770
8690784312448,false,גלייד מארז אוטומטי מ,המאפיה של הרמן,TR,גלייד מכשיר אוטומטי בניחוח מרכך כביסה 175 גרם,Unknown,0.00,Unknown,false,1,49.90,0.0000,true,1,201038
8691530924670,false,סירופ רימונים נטורסא,רמירז,,סירופ רימונים נטורסאן 345 גרם,גרמים,345.00,100 גרם,false,1,19.90,5.7681,true,1,176916
8693357179882,true,ז PS-VELA וג מאג,,,ז PS-VELA וג מאג,יחידה,2.00,יחידה,false,1,15.90,7.9500,true,1,217048
8693495037853,false,מברשת שיניים סלים,הנסיך- מפעל לייצור ט,CN,זוג מברשות שיניים קולגייט סלים סופט,Unknown,0.00,Unknown,false,1,27.90,0.0000,true,1,182533
8693495051255,false,זוג מברשות שיניים קו,קולגייט - פלמוליב,CN,קולגייט מברשת סלים סופט זהב זוג,יחידה,1.00,יחידה,false,1,34.90,34.9000,true,1,206365
8693495052931,false,קולגייט זוג מברשות 3,CP UK,CN,קולגייט זוג מברשות 360 אדוונס,מטרים,1.00,מטר,false,1,33.90,33.9000,true,1,225921
8697418280111,false,"עלי טורטייה 25 ס""מ 8",רמירז,,"עלי טורטייה 25 ס""מ 840 גרם",גרמים,840.00,100 גרם,false,1,27.60,3.2857,true,1,150039
8697418280128,false,"עלי טורטייה  20 ס""מ",רמירז,,"עלי טורטייה  20 ס""מ 540 גרם",גרמים,540.00,100 גרם,false,1,22.70,4.2037,true,1,150094
8697418280173,false,עלי טורטייה מחיטה מל,פרינסס גידה,TR,"עלי טורטייה מחיטה מלאה 25 ס""מ 840 גרם",גרמים,840.00,100 גרם,false,1,27.60,3.2857,true,1,150586
8697418280180,false,"עלי טורטייה 15 ס""מ 3",פרינסס,,"עלי טורטייה 15 ס""מ 360 גרם",גרמים,360.00,100 גרם,false,1,18.60,5.1667,true,1,171877
8697530910743,false,סיגריות פאל מל כחול,BAT,,סיגריות פאל מל כחול חפיסה בודד,יחידה,1.00,יחידה,false,1,31.40,31.4000,false,1,139311
8697659225186,false,מטהר אוויר משב הכותנ,כפרי בריא,TR,יעקבי פרש מור מטהר אוויר כותנה 250 מל,מיליליטרים,250.00,"100 מ""ל",false,1,15.90,6.3600,true,1,204758
8697659232733,false,מבשם אריגים פרש כותנ,ATAK,TR,"מבשם אריגים פרש כותנה 425 מ""ל",מיליליטרים,425.00,"100 מ""ל",false,1,14.90,3.5059,true,1,217899
8697659232795,false,מבשם אריגים מנטרל רי,ATAK,TR,"מבשם אריגים מנטרל ריחות עישון 425 מ""ל",מיליליטרים,425.00,"100 מ""ל",false,1,14.90,3.5059,true,1,217898
8710447224342,false,טרזמה שמפו עם קרטין,"יוניליוור פולין, רחו",PL,טרזמה שמפו עם קרטין בתוספת שמן מרולה 400 מל,מיליליטרים,500.00,"100 מ""ל",false,1,19.90,3.9800,true,1,214698
8710447320662,false,דאב דאודורנט ספריי א,"פרמול איטליה, קומון",IT,DOVE דאו ספריי 50 ML,מיליליטרים,150.00,"100 מ""ל",false,1,17.90,11.9333,true,1,219521
8710502060021,false,מרבה פטיסרי עוגיות מ,מרבה,NL,מרבה פטיסרי עוגיות מאפין רכות 200 גרם,גרמים,200.00,100 גרם,false,1,11.90,5.9500,true,1,233097
8710502064814,false,עוגיות שוקו ציפס רך,קרלו,NL,מרבה עוגיות שוקולד צ'יפס במרקם רך 175 גרם,גרמים,225.00,100 גרם,false,1,9.90,4.4000,true,1,198174
8710502100864,false,מרבה פטיסרי עוגיות ד,מרבה,NL,מרבה פטיסרי עוגיות דאבל שוקולד 200 גרם,גרמים,200.00,100 גרם,false,1,11.90,5.9500,true,1,233096
8710502139017,false,עוגיות שוקולד ציפס ט,קרלו,NL,מרבה עוגיות  טריפל שוקולד ציפס,גרמים,180.00,100 גרם,false,1,9.90,5.5000,true,1,164137
8710502194801,false,עוגיות שוקולד ציפס פ,קרלו,NL,מרבה עוגיות שוקולד צ'יפס במרקם רך עם פירות יער,גרמים,175.00,100 גרם,false,1,9.90,5.6571,true,1,202891
8710502231018,false,מיני עוגיות מרבה ש צ,"מרבה בע""מ",NL,מיני עוגיות מרבה ש ציפס 175 גרם,גרמים,175.00,100 גרם,false,1,9.90,5.6571,true,1,222346
8710502470028,false,עוגיות שוקולד ציפס נ,קריניציה ויטמינה אס,NL,עוגיות שוקולד ציפס נוגטלי מרבה 160 גרם,גרמים,160.00,100 גרם,false,1,9.90,6.1875,true,1,164139
8710502470035,false,מרבה פטיסרי עוגיות נ,מרבה,NL,מרבה פטיסרי עוגיות נוגטלי במילוי קרם אגו,גרמים,200.00,100 גרם,false,1,11.90,5.9500,true,1,233098
8710800027573,false,סוכריות מיני,קדבורי,NL,מיני מנטוס שקית,גרמים,178.00,100 גרם,false,1,16.90,9.4944,true,1,90127
8710847892110,true,בדין כדוריות הבושם כ,יוניליוור רומניה,RO,Badin 275 GR,מיליליטרים,275.00,"100 מ""ל",false,1,30.90,11.2364,true,1,215758
8710847892134,true,בדין כדוריות הבושם ו,יוניליוור רומניה,RO,Badin 75 GR,מיליליטרים,0.00,"100 מ""ל",false,1,30.90,0.0000,true,1,215759
8710908404184,false,דאב דאודורנט ספריי א,"פרמול איטליה, קומון",IT,DOVE דאו ספריי 150 ML,מיליליטרים,150.00,"100 מ""ל",false,1,17.90,11.9333,true,1,219520
8712000050146,false,בירה הייניקן בקבוק 3,טמפו,IL,"בירה הייניקן ללא אלכוהול בקבוק 330 מ""ל",מיליליטרים,330.00,"100 מ""ל",false,1,6.90,2.0909,true,1,215917
8712000051099,false,בירה הייניקן שישייה,פארייפאבה אגרואינדוס,NL,היינקן בירה לאגר ללא אלכוהול מארז שישייה,ליטרים,1.98,ליטר,false,1,34.90,17.6263,true,1,215916
8712100859939,false,גלידה WICH בצק עוגיו,אווגה,GR,קסטה WICH בצק עוגיות,גרמים,80.00,100 גרם,false,1,8.90,11.1250,true,1,202819
8712400802512,false,נוטרילון שלב      2,פרוטרופיק סיה.,NL,נוטרילון שלב 800 2 גרם,גרמים,800.00,100 גרם,false,1,62.90,7.8625,true,1,205187
8712561594240,false,תחליב רחצה דאב להזנה,"יוניליוור גרמניה, Gm",DE,דאב  תחליב רחצה להזנה עמוקה 500 מל,מיליליטרים,500.00,"100 מ""ל",false,1,17.90,3.5800,true,1,199287
8714599512159,false,גייקובס מגורען 190 ג,"אל.אל.סי ""גייקובס דא",RU,גייקובס מגורען 190 גרם,גרמים,190.00,100 גרם,false,1,28.90,15.2105,true,1,231037
8714599513835,true,גייקובס נטול קופאין,אל.אל.סי גייקובס דאו,DE,גייקובס נטול קופאין,לא מנהל יחידת מידה,0.00,לא מנהל יחידת מידה,false,1,28.90,0.0000,true,1,224734
8714789177229,false,מברשת שיניים אקסטרא,הנסיך- מפעל לייצור ט,CN,4 מברשות שיניים קולגייט אקסטרה קלין,יחידה,1.00,יחידה,false,1,14.90,14.9000,true,1,62360
8714789218465,false,מברשת שיניים קולגייט,הנסיך- מפעל לייצור ט,CN,זוג מברשות שיניים קולגייט 360 סופט,לא מנהל יחידת מידה,0.00,לא מנהל יחידת מידה,false,1,33.90,0.0000,true,1,125944
8714789402918,false,אגקס חגיגת הפרחים,הנסיך- מפעל לייצור ט,GR,"אג""קס חגיגת הפרחים אדום 1.5 ל          """,ליטרים,1.50,ליטר,false,1,19.90,13.2667,true,1,147121
8714789402932,false,אגקס חגיגת הפרחים,הנסיך- מפעל לייצור ט,GR,"אג""קס חגיגת הפרחים ורוד 1.5 ל          """,ליטרים,1.50,ליטר,false,1,19.90,13.2667,true,1,147122
8714789450315,false,פלמוליב כלים קלאסי,הנסיך- מפעל לייצור ט,GR,פלמוליב נוזל לניקוי כלים בניחוח לימון 1.5 ליטר,ליטרים,1.50,ליטר,false,1,17.70,11.8000,true,1,195415
8714789582764,false,אגקס לניקוי חלונות ט,"ש. שסטוביץ בע""מ",GR,"אגקס לניקוי חלונות טריגר 750 מ""ל",מיליליטרים,750.00,"100 מ""ל",false,1,15.90,2.1200,true,1,191784
8714789740058,false,מברשת שיניים קולגייט,הנסיך- מפעל לייצור ט,CN,קולגייט מברשת טוויסטר זוג סופט,יחידה,1.00,יחידה,false,1,16.90,16.9000,true,1,178883
8714789797786,false,פלמוליב כלים גריס בל,יבואן ומשווק: ש. שסט,GR,פלמוליב כלים גריס בלסטר 750 מל,מיליליטרים,750.00,"100 מ""ל",false,1,11.90,1.5867,true,1,178219
8714789855929,false,משחת שיניים טוטל גאם,הנסיך- מפעל לייצור ט,PL,קולגייט משחת שיניים טוטל פרו גאם קולגייט 75 מל,מיליליטרים,75.00,"100 מ""ל",false,1,22.80,30.4000,true,1,183153
8714789930848,false,משחת שיניים אופטיק,הנסיך- מפעל לייצור ט,PL,קולגייט משחת שיניים אופטיק הלבנה מיידית 75 מל,מיליליטרים,75.00,"100 מ""ל",false,1,23.90,31.8667,true,1,190151
8715700110141,false,מיונז אמיתי היינץ 43,ה.י.היינץ הולדינג בי,NL,SG היינץ מיונז צנצנת 460 גרם,גרמים,460.00,100 גרם,false,1,11.90,2.5870,true,1,206917
8715700110158,false,מיונז לייט היינץ 430,ה.י.היינץ הולדינג בי,NL,SG היינץ מיונז לייט צנצנת 490,גרמים,490.00,100 גרם,false,1,11.90,2.4286,true,1,206918
8715700117805,false,"מתבל עגבניות לל""ס  ו",ה.י היינץ הולדינג בי,NL,היינץ ללא תוספת סוכר ומלח 425 גרם,גרמים,425.00,100 גרם,false,1,12.90,3.0353,true,1,219938
8715700419732,false,מתבל עגבניות היינץ 7,ה.י. היינץ,NL,היינץ מתבל עגבניות 700 גרם,גרמים,700.00,100 גרם,false,1,9.90,1.4143,true,1,189848
8715700421322,true,רוטב ברביקיו צילי,ה.י היינץ הולדינג בי,NL,היינץ רוטב ברביקיו צ'ילי 490 גרם,יחידה,1.00,יחידה,false,1,17.90,17.9000,true,1,225454
8715700422473,false,מיונז היינץ ללא חומר,ה.י.היינץ,NL,היינץ ממרח לחיץ ללא חומרים משמרים,גרמים,395.00,100 גרם,false,1,15.90,4.0253,true,1,223881
8717163655825,true,רקסונה דאודורנט ספרי,"קוסטר אירוסול, גבזה",TR,אקס  דאודורנט ספריי כותנה 150 מל,ליטרים,150.00,ליטר,false,1,18.90,0.1260,true,1,218462
8717163842676,false,תחליב רחצה דאב חימר,יוניליוור גרמניה Gmb,DE,DOVE ג'ל רחצה 500 ML,מיליליטרים,500.00,"100 מ""ל",false,1,17.90,3.5800,true,1,218609
8717677336616,false,שוקולד מריר עם שקדים,אלפרד ריטר,NL,שוקולד מריר עם שקדים ומלח טוניס,גרמים,180.00,100 גרם,false,1,19.90,11.0556,true,1,230966
8717677336630,false,שוקולד חלב עם שקדים,אלפרד ריטר,NL,שוקולד חלב עם שקדים ודבש טוניס,גרמים,180.00,100 גרם,false,1,19.90,11.0556,true,1,230964
8717677336654,false,שוקולד חלב מעולה עם,,NL,שוקולד חלב מעולה עם שברי קרמל מלוח 180 ג,גרמים,180.00,100 גרם,false,1,19.90,11.0556,true,1,233943
8717677336661,false,שוקולד מריר 70% 180,אלפרד ריטר,NL,טוניס' שוקולונלי - שוקולד מריר מעולה 70%,גרמים,180.00,100 גרם,false,1,19.90,11.0556,true,1,230965
8717677338436,false,שוקולד חלב עם אגוזי,אלפרד ריטר,NL,שוקולד חלב עם אגוזי לוז קצוצים טוניס,גרמים,180.00,100 גרם,false,1,19.90,11.0556,true,1,230963
8718114724485,false,מיונז הלמנס לחיץ 750,יוניליוור,GB,מיונז הלמנס לחיץ 750 גרם,גרמים,750.00,100 גרם,false,1,23.90,3.1867,true,1,234526
8718692610828,false,שלישיית בקבוקים 1 ל,סודהסטרים,,שלישיית בקבוקים 1 ליטר,לא מנהל יחידת מידה,0.00,לא מנהל יחידת מידה,false,1,59.90,0.0000,true,1,187754
8718951001596,false,אגקס ספריי אמבטיה 60,קולגייט פלמוליב,GR,אג'קט מסיר אבנית וחלודה לאמבטיה 600 מל,מיליליטרים,600.00,"100 מ""ל",false,1,12.90,2.1500,true,1,198875
8718951166288,false,משחת שיניים קולגייט,הנסיך- מפעל לייצור ט,PL,קולגייט משחת שיניים מקס וייט 125 מל,מיליליטרים,100.00,"100 מ""ל",false,1,15.90,15.9000,true,1,212956
8718951166561,false,משחת שיניים קולגייט,הנסיך- מפעל לייצור ט,PL,קולגייט משחת שיניים מקס פרש COOL MINT 125 מל,מיליליטרים,125.00,"100 מ""ל",false,1,15.90,12.7200,true,1,212957
8718951167094,false,סבון כלים פלמוליב צי,יבואן ומשווק: ש. שסט,GR,פלמוליב נוזל לניקוי כלים תפוז ליים 1 ליטר,ליטרים,1.00,ליטר,false,1,13.90,13.9000,true,1,207599
8718951222779,false,מרידול פור משחת שיני,CP UK,PL,"מרידול פור משחת שיניים וחניכיים 75 מ""ל",יחידה,1.00,יחידה,false,1,24.90,24.9000,true,1,218101
8718951236790,false,משחת שיניים קולגייט,Colgate (Euro)-Palmo,PL,"משחת שיניים קולגייט טוטל משפחתי 100 מ""ל",מיליליטרים,100.00,"100 מ""ל",false,1,17.90,17.9000,true,1,215445
8718951236806,false,משחת שיניים קולגייט,Colgate (Euro)-Palmo,PL,משחת שיניים קולגייט,מיליליטרים,100.00,"100 מ""ל",false,1,17.90,17.9000,true,1,215444
8718951264618,false,קולגייט אופטיק וייט,קולגייט-פלמוליב,PL,"קולגייט אופטיק וייט פחם פעיל 75 מ""ל",מיליליטרים,75.00,"100 מ""ל",false,1,27.90,37.2000,true,1,226935
8718951289833,false,פלמוליב סבון מוצק לו,CP UK,TR,פלמוליב סבון מוצק לומינוס 4*90 גרם,יחידה,1.00,יחידה,false,1,12.90,12.9000,true,1,218446
8718951313927,false,פלמוליב סבון ידיים ח,CP UK,TR,"פלמוליב סבון ידיים חימר טונוס 300 מ""ל",מיליליטרים,300.00,"100 מ""ל",false,1,9.90,3.3000,true,1,227631
8718951319806,false,פלמוליב לגבר גל רחצה,CP UK,TR,פלמוליב לגבר גל רחצה ושמפו פיור ארקטיק,מיליליטרים,750.00,"100 מ""ל",false,1,21.90,2.9200,true,1,218812
8718951333048,false,פלמוליב סבון ידיים ל,הנסיך- מפעל לייצור ט,IT,פלמוליב סבון ידיים למנרטל ריחות למטבח 300 מל,מיליליטרים,300.00,"100 מ""ל",false,1,9.90,3.3000,true,1,228527
8718951334090,false,סופלין מרכך כביסה מר,CP UK,GR,"סופלין מרכך כביסה מרוכז כחול 650 מ""ל",מיליליטרים,650.00,"100 מ""ל",false,1,10.00,1.5385,true,1,219513
8718951370135,false,פלמוליב ארומה סנסייש,CP UK,TR,"פלמוליב ארומה סנסיישן גלואו 750 מ""ל",מיליליטרים,750.00,"100 מ""ל",false,1,21.90,2.9200,true,1,227368
8718951409798,false,קולגייט מברשת מקס וו,הנסיך- מפעל לייצור ט,CN,קולגייט מברשת מקס וויט פחם זוג,יחידה,1.00,יחידה,false,1,24.90,24.9000,true,1,228656
8718951415836,false,קולגייט מי פה פלאקס,קולגייט,PL,קולגייט מי פה פלאקס פחם 500 מל,מיליליטרים,500.00,"100 מ""ל",false,1,31.90,6.3800,true,1,228654
8719128110363,true,תרכיז אשכולית אדומה,,,תרכיז אשכולית אדומה,Unknown,0.00,Unknown,false,1,19.90,0.0000,true,1,223108
8719128117232,false,סירופ פפסי 440מל,סודה סטרים,IL,סירופ פפסי 440מל,מיליליטרים,440.00,"100 מ""ל",false,1,22.90,5.2045,true,1,222921
8719128117249,false,סירופ פפסי מקס 440מל,סודה סטרים,IL,סירופ פפסי מקס 440מל,מיליליטרים,440.00,"100 מ""ל",false,1,22.90,5.2045,true,1,222920
8719128117256,false,סירופ סבן אפ 440מל,סודה סטרים,IL,סירופ סבן אפ 440מל,מיליליטרים,440.00,"100 מ""ל",false,1,22.90,5.2045,true,1,222922
8719128117263,false,סירופ מירנדה 440מל,סודה סטרים,IL,סירופ מירנדה 440מל,מיליליטרים,440.00,"100 מ""ל",false,1,22.90,5.2045,true,1,222924
8719128117294,false,סירופ דיאט סבן אפ 44,סודה סטרים,IL,סירופ דיאט סבן אפ 440מל,מיליליטרים,440.00,"100 מ""ל",false,1,22.90,5.2045,true,1,222923
8719128117409,false,ערכת טעימות 42מל רבי,סודה סטרים,IL,ערכת טעימות 42מל רביעייה,מיליליטרים,440.00,"100 מ""ל",false,1,29.90,6.7955,true,1,222925
8719200998001,false,בלו בנד עם מלח 200 ג,מיוצר עי קונדיטוריית,IL,בלו בנד עם מלח 200 גרם,גרמים,200.00,100 גרם,false,1,4.70,2.3500,true,1,218639
8719200998018,false,מרגרינה בטעם חמאה מח,פארייפאבה אגרואינדוס,IL,מרגרינה בטעם חמאה מחמאה 200 גרם,גרמים,200.00,100 גרם,false,1,4.90,2.4500,true,1,100087
8720181114489,false,ספריי אקס שחור 150 מ,יוניליוור,GB,"ספריי אקס שחור 150 מ""ל",מיליליטרים,150.00,"100 מ""ל",false,1,13.90,9.2667,true,1,232547
8720182990396,false,תה ליפטון שחור קלאסי,ליפטון,GB,"תה ליפטון שחור קלאסיק, 180 גרם",גרמים,180.00,100 גרם,false,1,12.90,7.1667,true,1,234343
8801055708772,false,נסקפה טייסטרס צויס מ,לוטה נסטלה קוריאה,IL,טייסטרס צויס מארז 8*200ג'+50ג',גרמים,250.00,100 גרם,false,1,31.90,12.7600,true,1,226482
8802241132821,false,חטיף אצות 3 יח,"מאן גו'ן פוד בע""מ",,חטיף אצות 3 יח,גרמים,14.00,100 גרם,false,1,9.90,70.7143,true,1,208760
8815810002043,false,מחמם אוזניים ילדים,IMPOFIX,,מחמם אוזניים ילדים,לא מנהל יחידת מידה,0.00,לא מנהל יחידת מידה,false,1,19.90,0.0000,true,1,217814
8850389103128,false,משקה סאפה אלוורה תפו,פארייפאבה אגרואינדוס,TH,"סאפה תפוח בקבוק 300 מ""ל 24 יח",מיליליטרים,300.00,"100 מ""ל",false,1,8.50,2.8333,true,1,135711
8850389103159,false,משקה ליצי עם חתיכות,סאפה פובליק קומפני ל,TH,"משקה ליצי עם חתיכות גלי קוקוס 320 מ""ל",מיליליטרים,320.00,"100 מ""ל",false,1,8.50,2.6563,true,1,231130
8850389104637,false,משקה סאפה אלוורה אפר,פארייפאבה אגרואינדוס,TH,"סאפה אלוורה אפרסק בקבוק 300 מ""ל",מיליליטרים,300.00,"100 מ""ל",false,1,8.50,2.8333,true,1,154328
8850389105849,false,משקה סאפה אלוורה אפר,פארייפאבה אגרואינדוס,TH,סאפה אפרסק אלוורה בקבוק ליטר,ליטרים,1.00,ליטר,false,1,13.50,13.5000,true,1,162837
8850389111352,false,מוגו מוגו ליצי 320 מ,סאפה פובליק קומפני ל,TH,"מוגו מוגו ליצי 320 מ""ל",מיליליטרים,320.00,"100 מ""ל",false,1,8.50,2.6563,true,1,231131
8850632604259,false,ממתק תות שדה בצורת מ,ג'נרל קנדי בעמ,TH,ממתק תות שדה בצורת מקלות יוגטה 50 גרם,גרמים,50.00,100 גרם,false,1,4.90,9.8000,true,1,159570
8850632604266,false,ממתק קולה בצורת מקלו,ג'נרל קנדי בעמ,TH,"יוגטה, ממתק חמוץ בצורת מקלות בטעם קולה, 50 גרם",גרמים,50.00,100 גרם,false,1,4.90,9.8000,true,1,159571
8850632604372,false,ממתק תות שדה בצורת ש,ג'נרל קנדי בעמ,TH,ממתק תות שדה בצורת שטיח יוגטה 50 גרם,גרמים,50.00,100 גרם,false,1,4.90,9.8000,true,1,159572
8850632604402,false,ממתק תות ענבים בצורת,"ג'נרל קנדי בע""מ",TH,ממתק תות ענבים בצורת שטיח יוגטה 50 גרם,גרמים,50.00,100 גרם,false,1,4.90,9.8000,true,1,159573
8851613101378,false,חלב קוקוס 250 מל,כלורוקס אוקלנד,TH,"חלב קוקוס 250 מ""ל",מיליליטרים,250.00,"100 מ""ל",false,1,9.90,3.9600,true,1,182772
8901537024014,false,אורז בסמטי מובחר דוו,הנסיך- מפעל לייצור ט,IN,אורז בסמטי 1 DAAWAT קג,קילוגרמים,1.00,"ק""ג",false,1,13.90,13.9000,true,1,165000
8901571011018,false,מברשת שיניים סנסודיי,הנקל,DE,מברשת שיניים סנסודיין שלישייה,יחידה,3.00,יחידה,false,1,12.90,4.3000,true,1,232866
8994692541038,false,קונוס לגלגול 3 יחידו,,,קונוס לגלגול 3 יחידות,Unknown,0.00,Unknown,false,1,8.90,0.0000,false,1,169882
8997206332016,true,סוכר קוקוס אורגני 45,קוקו שוגאר,ID,סוכר קוקוס אורגני 454 גרם,גרמים,454.00,100 גרם,false,1,25.90,5.7048,true,1,208985
9000101372878,false,דיסקס קפסולות גל לכב,הנקל סוד,HU,פרסיל דיסקס לכביסה לבנה וצבעונית 22 יח',לא מנהל יחידת מידה,0.00,לא מנהל יחידת מידה,false,1,34.90,0.0000,true,1,229874
9000101511635,false,פרסיל דיסקס סנסטיב ת,הנקל סוד,HU,פרסיל דיסקס סנסטיב תינוק 22 יח,יחידה,22.00,יחידה,false,1,34.90,1.5864,true,1,233793
9002975393836,false,הריבו האפי קולה 70 ג,"האריבו , ג'י.אם.בי.א",AT,סוכריות גומי בטעם קולה 70 גרם,גרמים,70.00,100 גרם,false,1,6.90,9.8571,true,1,222987
9002975393843,false,הריבו גולדברס 70 גרם,"האריבו , ג'י.אם.בי.א",AT,סוכריות גומי בטעמי פירות דובונים 70 גרם,גרמים,70.00,100 גרם,false,1,6.90,9.8571,true,1,222988
9002975393850,false,הריבו וורמס 70 גרם,"האריבו , ג'י.אם.בי.א",AT,סוכריות גומי בטעמי פירות נחשים 70 גרם,גרמים,70.00,100 גרם,false,1,6.90,9.8571,true,1,222989
9005835312626,false,קלרו טבליות למדיח לל,קלרו,AT,קלרו טבליות למדיח ללא פוספטים 50 יח,מיליליטרים,1.00,"100 מ""ל",false,1,52.00,5200.0000,true,1,217904
9005835312718,false,קלרו פירדמיה מלח אקו,קלרו,AT,קלרו פירדמיה מלח אקולוגי למדיח,מיליליטרים,1.00,"100 מ""ל",false,1,15.90,1590.0000,true,1,217905
9005835312756,false,קלרו נוזל לניקוי יסו,קלרו,AT,קלרו נוזל לניקוי יסודי למדיח,מיליליטרים,1.00,"100 מ""ל",false,1,15.90,1590.0000,true,1,217907
9044400841000,false,סוכריות פז בליסטר,פז,HU,סוכריות פז בובה,גרמים,26.00,100 גרם,false,1,12.90,49.6154,true,1,62609
9044400851672,false,סוכריות פז בובה,פז,HU,סוכריות פז בובה,גרמים,26.00,100 גרם,false,1,12.90,49.6154,true,1,232094
9310072028743,false,טים טם מצופה שוקולד,"ארנוטס ביסקוויטס בע""",AU,טים טם אורגינל 200 גר,גרמים,200.00,100 גרם,false,1,19.90,9.9500,true,1,202240
9310072028750,false,טים טם מצופה שוקולד,"ארנוטס ביסקוויטס בע""",AU,טים טם דאבל 200 גר,גרמים,200.00,100 גרם,false,1,19.90,9.9500,true,1,201869
